{"id":"gen9vgc2026regi-2577697389","format":"[Gen 9] VGC 2026 Reg I","players":["N jordan","TheeChee"],"log":"|j|\u2606N jordan\n|j|\u2606TheeChee\n|t:|1775597187\n|gametype|doubles\n|player|p1|N jordan|n|1341\n|player|p2|TheeChee|102|1242\n|gen|9\n|tier|[Gen 9] VGC 2026 Reg I\n|rated|\n|rule|Species Clause: Limit one of each Pok\u00e9mon\n|rule|Item Clause: Limit 1 of each item\n|clearpoke\n|poke|p1|Koraidon, L50|\n|poke|p1|Grimmsnarl, L50, M|\n|poke|p1|Farigiraf, L50, F|\n|poke|p1|Volcarona, L50, M|\n|poke|p1|Terapagos, L50, M|\n|poke|p1|Rillaboom, L50, M|\n|poke|p2|Calyrex-Ice, L50|\n|poke|p2|Sableye, L50, F|\n|poke|p2|Kyogre, L50|\n|poke|p2|Moltres-Galar, L50|\n|poke|p2|Thundurus-Therian, L50, M|\n|poke|p2|Farigiraf, L50, M|\n|teampreview|4\n|inactive|Battle timer is ON: inactive players will automatically lose when time's up. (requested by TheeChee)\n|\n|t:|1775597208\n|teamsize|p1|4\n|teamsize|p2|4\n|start\n|switch|p1a: USA's tax money|Grimmsnarl, L50, M|100/100\n|switch|p1b: isarel's IDF|Volcarona, L50, M|100/100\n|switch|p2a: Farigiraf|Farigiraf, L50, M|100/100\n|switch|p2b: Sableye|Sableye, L50, F|100/100\n|turn|1\n|\n|t:|1775597217\n|move|p2b: Sableye|Fake Out|p1b: isarel's IDF\n|-damage|p1b: isarel's IDF|92/100\n|move|p1a: USA's tax money|Light Screen|p1a: USA's tax money\n|-sidestart|p1: N jordan|move: Light Screen\n|cant|p1b: isarel's IDF|flinch\n|move|p2a: Farigiraf|Trick Room|p2a: Farigiraf\n|-fieldstart|move: Trick Room|[of] p2a: Farigiraf\n|\n|upkeep\n|turn|2\n|\n|t:|1775597231\n|switch|p2b: Kyogre|Kyogre, L50|100/100\n|-weather|RainDance|[from] ability: Drizzle|[of] p2b: Kyogre\n|move|p1a: USA's tax money|Reflect|p1a: USA's tax money\n|-sidestart|p1: N jordan|Reflect\n|move|p2a: Farigiraf|Hyper Voice|p1a: USA's tax money|[spread] p1a,p1b\n|-damage|p1a: USA's tax money|83/100\n|-damage|p1b: isarel's IDF|78/100\n|-enditem|p2a: Farigiraf|Throat Spray\n|-boost|p2a: Farigiraf|spa|1|[from] item: Throat Spray\n|move|p1b: isarel's IDF|Struggle Bug|p2b: Kyogre|[spread] p2a,p2b\n|-supereffective|p2a: Farigiraf\n|-damage|p2a: Farigiraf|70/100\n|-damage|p2b: Kyogre|87/100\n|-unboost|p2a: Farigiraf|spa|1\n|-unboost|p2b: Kyogre|spa|1\n|\n|-weather|RainDance|[upkeep]\n|upkeep\n|turn|3\n|inactive|N jordan has 30 seconds left.\n|inactive|N jordan has 20 seconds left.\n|\n|t:|1775597267\n|switch|p1a: Koraidon|Koraidon, L50|100/100\n|-weather|SunnyDay|[from] ability: Orichalcum Pulse|[of] p1a: Koraidon\n|-activate|p1a: Koraidon|Orichalcum Pulse|[source]\n|move|p2a: Farigiraf|Hyper Voice|p1a: Koraidon|[spread] p1a,p1b\n|-damage|p1a: Koraidon|82/100\n|-damage|p1b: isarel's IDF|61/100\n|move|p2b: Kyogre|Water Spout|p1b: isarel's IDF|[spread] p1a,p1b\n|-resisted|p1a: Koraidon\n|-supereffective|p1b: isarel's IDF\n|-damage|p1a: Koraidon|75/100\n|-damage|p1b: isarel's IDF|36/100\n|-enditem|p1b: isarel's IDF|Sitrus Berry|[eat]\n|-heal|p1b: isarel's IDF|61/100|[from] item: Sitrus Berry\n|move|p1b: isarel's IDF|Struggle Bug|p2a: Farigiraf|[spread] p2a,p2b\n|-supereffective|p2a: Farigiraf\n|-damage|p2a: Farigiraf|36/100\n|-damage|p2b: Kyogre|73/100\n|-unboost|p2a: Farigiraf|spa|1\n|-unboost|p2b: Kyogre|spa|1\n|\n|-weather|SunnyDay|[upkeep]\n|upkeep\n|turn|4\n|\n|t:|1775597289\n|switch|p2b: Sableye|Sableye, L50, F|100/100\n|move|p2a: Farigiraf|Protect|p2a: Farigiraf\n|-singleturn|p2a: Farigiraf|Protect\n|move|p1b: isarel's IDF|Quiver Dance|p1b: isarel's IDF\n|-boost|p1b: isarel's IDF|spa|1\n|-boost|p1b: isarel's IDF|spd|1\n|-boost|p1b: isarel's IDF|spe|1\n|move|p1a: Koraidon|Collision Course|p2b: Sableye\n|-immune|p2b: Sableye\n|\n|-weather|SunnyDay|[upkeep]\n|upkeep\n|turn|5\n|\n|t:|1775597310\n|switch|p2b: Kyogre|Kyogre, L50|73/100\n|-weather|RainDance|[from] ability: Drizzle|[of] p2b: Kyogre\n|move|p1b: isarel's IDF|Struggle Bug|p2a: Farigiraf|[spread] p2a,p2b\n|-supereffective|p2a: Farigiraf\n|-damage|p2a: Farigiraf|0 fnt\n|-damage|p2b: Kyogre|53/100\n|-unboost|p2b: Kyogre|spa|1\n|faint|p2a: Farigiraf\n|move|p1a: Koraidon|Scale Shot|p2b: Kyogre|[miss]\n|-miss|p1a: Koraidon|p2b: Kyogre\n|\n|-weather|RainDance|[upkeep]\n|-fieldend|move: Trick Room\n|upkeep\n|\n|t:|1775597319\n|switch|p2a: Sableye|Sableye, L50, F|100/100\n|turn|6\n|-message|TheeChee forfeited.\n|\n|win|N jordan\n|raw|N jordan's rating: 1341 &rarr; <strong>1355</strong><br />(+14 for winning)\n|raw|TheeChee's rating: 1242 &rarr; <strong>1224</strong><br />(-18 for losing)\n|l|\u2606TheeChee\n|player|p2|\n|l|\u2606N jordan\n|player|p1|\n","uploadtime":1775597530,"views":8,"formatid":"gen9vgc2026regi","rating":1224,"private":0,"password":null}