{"id":"gen9vgc2026regi-2542630538","format":"[Gen 9] VGC 2026 Reg I","players":["jkm912","kojimuranishi"],"log":"|j|\u2606jkm912\n|j|\u2606kojimuranishi\n|t:|1771471213\n|gametype|doubles\n|player|p1|jkm912|erika|1429\n|player|p2|kojimuranishi|102|1480\n|gen|9\n|tier|[Gen 9] VGC 2026 Reg I\n|rated|\n|rule|Species Clause: Limit one of each Pok\u00e9mon\n|rule|Item Clause: Limit 1 of each item\n|clearpoke\n|poke|p1|Calyrex-Ice, L50|\n|poke|p1|Lunala, L50|\n|poke|p1|Indeedee-F, L50, F|\n|poke|p1|Excadrill, L50, F|\n|poke|p1|Tyranitar, L50, F|\n|poke|p1|Urshifu-*, L50, F|\n|poke|p2|Calyrex-Ice, L50|\n|poke|p2|Indeedee-F, L50, F|\n|poke|p2|Kyogre, L50|\n|poke|p2|Pincurchin, L50, F|\n|poke|p2|Iron Jugulis, L50|\n|poke|p2|Urshifu-*, L50, M|\n|teampreview|4\n|inactive|Battle timer is ON: inactive players will automatically lose when time's up. (requested by jkm912)\n|inactive|jkm912 has 60 seconds left.\n|inactive|kojimuranishi has 60 seconds left.\n|\n|t:|1771471252\n|teamsize|p1|4\n|teamsize|p2|4\n|start\n|switch|p1a: Calyrex|Calyrex-Ice, L50|100/100\n|switch|p1b: Lunala|Lunala, L50|100/100\n|switch|p2a: Urshifu|Urshifu-Rapid-Strike, L50, M|100/100\n|switch|p2b: Kyogre|Kyogre, L50|100/100\n|-ability|p1a: Calyrex|As One\n|-ability|p1a: Calyrex|Unnerve\n|-weather|RainDance|[from] ability: Drizzle|[of] p2b: Kyogre\n|turn|1\n|inactive|jkm912 has 30 seconds left.\n|inactive|kojimuranishi has 30 seconds left.\n|\n|t:|1771471284\n|-terastallize|p1a: Calyrex|Water\n|move|p1b: Lunala|Wide Guard|p1b: Lunala\n|-singleturn|p1b: Lunala|Wide Guard\n|move|p2a: Urshifu|U-turn|p1b: Lunala\n|-crit|p1b: Lunala\n|-damage|p1b: Lunala|85/100\n|\n|t:|1771471294\n|switch|p2a: Indeedee|Indeedee-F, L50, F|100/100|[from] U-turn\n|-fieldstart|move: Psychic Terrain|[from] ability: Psychic Surge|[of] p2a: Indeedee\n|move|p2b: Kyogre|Origin Pulse|p1a: Calyrex|[spread] \n|-activate|p1a: Calyrex|move: Wide Guard\n|-activate|p1b: Lunala|move: Wide Guard\n|move|p1a: Calyrex|Seed Bomb|p2b: Kyogre\n|-supereffective|p2b: Kyogre\n|-damage|p2b: Kyogre|30/100\n|\n|-weather|RainDance|[upkeep]\n|upkeep\n|turn|2\n|\n|t:|1771471317\n|move|p2b: Kyogre|Thunder|p1a: Calyrex\n|-supereffective|p1a: Calyrex\n|-damage|p1a: Calyrex|60/100\n|-status|p1a: Calyrex|par\n|move|p1b: Lunala|Expanding Force|p2a: Indeedee|[spread] p2a,p2b\n|-resisted|p2a: Indeedee\n|-crit|p2a: Indeedee\n|-damage|p2a: Indeedee|38/100\n|-damage|p2b: Kyogre|0 fnt\n|faint|p2b: Kyogre\n|move|p2a: Indeedee|Heal Pulse|p2: Kyogre|[notarget]\n|-fail|p2a: Indeedee\n|cant|p1a: Calyrex|par\n|\n|-weather|RainDance|[upkeep]\n|upkeep\n|\n|t:|1771471332\n|switch|p2b: Urshifu|Urshifu-Rapid-Strike, L50, M|100/100\n|turn|3\n|\n|t:|1771471346\n|switch|p2a: Calyrex|Calyrex-Ice, L50|100/100\n|-ability|p2a: Calyrex|As One\n|-ability|p2a: Calyrex|Unnerve\n|-terastallize|p2b: Urshifu|Water\n|move|p2b: Urshifu|Surging Strikes|p1b: Lunala\n|-crit|p1b: Lunala\n|-damage|p1b: Lunala|50/100\n|-crit|p1b: Lunala\n|-damage|p1b: Lunala|14/100\n|-crit|p1b: Lunala\n|-damage|p1b: Lunala|0 fnt\n|faint|p1b: Lunala\n|-hitcount|p1: Lunala|3\n|cant|p1a: Calyrex|par\n|\n|-weather|RainDance|[upkeep]\n|upkeep\n|\n|t:|1771471362\n|switch|p1b: Tyranitar|Tyranitar, L50, F|100/100\n|-weather|Sandstorm|[from] ability: Sand Stream|[of] p1b: Tyranitar\n|turn|4\n|inactive|jkm912 has 30 seconds left.\n|\n|t:|1771471391\n|move|p2b: Urshifu|Surging Strikes|p1b: Tyranitar\n|-supereffective|p1b: Tyranitar\n|-crit|p1b: Tyranitar\n|-damage|p1b: Tyranitar|54/100\n|-supereffective|p1b: Tyranitar\n|-crit|p1b: Tyranitar\n|-damage|p1b: Tyranitar|6/100\n|-supereffective|p1b: Tyranitar\n|-crit|p1b: Tyranitar\n|-damage|p1b: Tyranitar|0 fnt\n|faint|p1b: Tyranitar\n|-hitcount|p1: Tyranitar|3\n|move|p2a: Calyrex|Glacial Lance|p1a: Calyrex\n|-resisted|p1a: Calyrex\n|-crit|p1a: Calyrex\n|-damage|p1a: Calyrex|13/100 par\n|move|p1a: Calyrex|Seed Bomb|p2b: Urshifu\n|-supereffective|p2b: Urshifu\n|-damage|p2b: Urshifu|36/100\n|\n|-weather|Sandstorm|[upkeep]\n|-damage|p2b: Urshifu|29/100|[from] Sandstorm\n|-damage|p2a: Calyrex|95/100|[from] Sandstorm\n|-damage|p1a: Calyrex|7/100 par|[from] Sandstorm\n|upkeep\n|\n|t:|1771471394\n|switch|p1b: Excadrill|Excadrill, L50, F|100/100\n|turn|5\n|inactive|jkm912 has 30 seconds left.\n|inactive|kojimuranishi has 30 seconds left.\n|\n|t:|1771471420\n|move|p1b: Excadrill|Rock Slide|p2b: Urshifu|[spread] p2a,p2b\n|-supereffective|p2a: Calyrex\n|-damage|p2a: Calyrex|61/100\n|-damage|p2b: Urshifu|2/100\n|-damage|p1b: Excadrill|91/100|[from] item: Life Orb\n|cant|p2b: Urshifu|flinch\n|move|p1a: Calyrex|High Horsepower|p2a: Calyrex\n|-damage|p2a: Calyrex|36/100\n|move|p2a: Calyrex|Trick Room|p2a: Calyrex\n|-fieldstart|move: Trick Room|[of] p2a: Calyrex\n|\n|-weather|Sandstorm|[upkeep]\n|-damage|p1a: Calyrex|1/100 par|[from] Sandstorm\n|-damage|p2a: Calyrex|30/100|[from] Sandstorm\n|-damage|p2b: Urshifu|0 fnt|[from] Sandstorm\n|faint|p2b: Urshifu\n|-fieldend|move: Psychic Terrain\n|upkeep\n|\n|t:|1771471437\n|switch|p2b: Indeedee|Indeedee-F, L50, F|38/100\n|-fieldstart|move: Psychic Terrain|[from] ability: Psychic Surge|[of] p2b: Indeedee\n|turn|6\n|\n|t:|1771471453\n|move|p2a: Calyrex|Protect|p2a: Calyrex\n|-singleturn|p2a: Calyrex|Protect\n|move|p1a: Calyrex|Glacial Lance|p2b: Indeedee|[spread] p2b\n|-activate|p2a: Calyrex|move: Protect\n|-damage|p2b: Indeedee|0 fnt\n|faint|p2b: Indeedee\n|-ability|p1a: Calyrex|Chilling Neigh|boost\n|-boost|p1a: Calyrex|atk|1\n|move|p1b: Excadrill|High Horsepower|p2a: Calyrex\n|-activate|p2a: Calyrex|move: Protect\n|\n|-weather|Sandstorm|[upkeep]\n|-damage|p1a: Calyrex|0 fnt|[from] Sandstorm\n|-damage|p2a: Calyrex|24/100|[from] Sandstorm\n|faint|p1a: Calyrex\n|upkeep\n|turn|7\n|\n|t:|1771471470\n|move|p2a: Calyrex|Glacial Lance|p1b: Excadrill\n|-damage|p1b: Excadrill|0 fnt\n|faint|p1b: Excadrill\n|\n|win|kojimuranishi\n|raw|jkm912's rating: 1429 &rarr; <strong>1412</strong><br />(-17 for losing)\n|raw|kojimuranishi's rating: 1480 &rarr; <strong>1497</strong><br />(+17 for winning)\n|l|\u2606jkm912\n|player|p1|\n|l|\u2606kojimuranishi\n|player|p2|\n","uploadtime":1771471621,"views":21,"formatid":"gen9vgc2026regi","rating":1412,"private":0,"password":null}