{"id":"gen9vgc2026regi-2548167666","format":"[Gen 9] VGC 2026 Reg I","players":["meep1203","jalikilmak"],"log":"|j|\u2606meep1203\n|j|\u2606jalikilmak\n|t:|1772180508\n|gametype|doubles\n|player|p1|meep1203|medium|1109\n|player|p2|jalikilmak|101|1059\n|gen|9\n|tier|[Gen 9] VGC 2026 Reg I\n|rated|\n|rule|Species Clause: Limit one of each Pok\u00e9mon\n|rule|Item Clause: Limit 1 of each item\n|clearpoke\n|poke|p1|Miraidon, L50|\n|poke|p1|Kyogre, L50|\n|poke|p1|Inteleon, L50, M|\n|poke|p1|Lumineon, L50, F|\n|poke|p1|Raichu, L50, F|\n|poke|p1|Farigiraf, L50, F|\n|poke|p2|Miraidon, L50|\n|poke|p2|Lunala, L50|\n|poke|p2|Whimsicott, L50, F|\n|poke|p2|Urshifu-*, L50, M|\n|poke|p2|Incineroar, L50, M|\n|poke|p2|Ursaluna, L50, M|\n|teampreview|4\n|inactive|Battle timer is ON: inactive players will automatically lose when time's up. (requested by meep1203)\n|inactive|jalikilmak has 60 seconds left.\n|\n|t:|1772180548\n|teamsize|p1|4\n|teamsize|p2|4\n|start\n|switch|p1a: Kyogre|Kyogre, L50|100/100\n|switch|p1b: Lumineon|Lumineon, L50, F|100/100\n|switch|p2a: Miraidon|Miraidon, L50|100/100\n|switch|p2b: Lunala|Lunala, L50|100/100\n|-fieldstart|move: Electric Terrain|[from] ability: Hadron Engine|[of] p2a: Miraidon\n|-enditem|p2b: Lunala|Electric Seed\n|-boost|p2b: Lunala|def|1|[from] item: Electric Seed\n|-weather|RainDance|[from] ability: Drizzle|[of] p1a: Kyogre\n|turn|1\n|inactive|jalikilmak has 30 seconds left.\n|\n|t:|1772180578\n|-terastallize|p1b: Lumineon|Ground\n|move|p1b: Lumineon|Tailwind|p1b: Lumineon\n|-sidestart|p1: meep1203|move: Tailwind\n|move|p1a: Kyogre|Origin Pulse|p2a: Miraidon|[spread] p2a,p2b\n|-resisted|p2a: Miraidon\n|-damage|p2a: Miraidon|65/100\n|-damage|p2b: Lunala|74/100\n|move|p2a: Miraidon|Draco Meteor|p1a: Kyogre\n|-damage|p1a: Kyogre|14/100\n|-unboost|p2a: Miraidon|spa|2\n|-enditem|p1a: Kyogre|Eject Button\n|-damage|p2a: Miraidon|55/100|[from] item: Life Orb\n|\n|t:|1772180590\n|switch|p1a: Microwave|Miraidon, L50|100/100\n|-activate|p1a: Microwave|ability: Hadron Engine\n|move|p2b: Lunala|Moongeist Beam|p1b: Lumineon\n|-damage|p1b: Lumineon|37/100\n|\n|-weather|RainDance|[upkeep]\n|upkeep\n|turn|2\n|\n|t:|1772180610\n|move|p2a: Miraidon|Protect|p2a: Miraidon\n|-singleturn|p2a: Miraidon|Protect\n|move|p1b: Lumineon|Soak|p2b: Lunala\n|-start|p2b: Lunala|typechange|Water\n|move|p1a: Microwave|Discharge|p2a: Miraidon|[spread] p2b\n|-activate|p2a: Miraidon|move: Protect\n|-immune|p1b: Lumineon\n|-supereffective|p2b: Lunala\n|-damage|p2b: Lunala|0 fnt\n|faint|p2b: Lunala\n|\n|-weather|RainDance|[upkeep]\n|upkeep\n|inactive|jalikilmak has 30 seconds left.\n|\n|t:|1772180635\n|switch|p2b: Ursaluna|Ursaluna, L50, M|100/100\n|turn|3\n|\n|t:|1772180643\n|move|p1b: Lumineon|Soak|p2b: Ursaluna\n|-start|p2b: Ursaluna|typechange|Water\n|move|p1a: Microwave|Discharge|p2b: Ursaluna|[spread] p2a,p2b\n|-immune|p1b: Lumineon\n|-resisted|p2a: Miraidon\n|-supereffective|p2b: Ursaluna\n|-damage|p2a: Miraidon|36/100\n|-damage|p2b: Ursaluna|0 fnt\n|faint|p2b: Ursaluna\n|move|p2a: Miraidon|Draco Meteor|p1a: Microwave\n|-supereffective|p1a: Microwave\n|-damage|p1a: Microwave|0 fnt\n|-unboost|p2a: Miraidon|spa|2\n|faint|p1a: Microwave\n|-damage|p2a: Miraidon|27/100|[from] item: Life Orb\n|\n|-weather|RainDance|[upkeep]\n|upkeep\n|\n|t:|1772180661\n|switch|p1a: Kyogre|Kyogre, L50|14/100\n|switch|p2b: Urshifu|Urshifu-Rapid-Strike, L50, M|100/100\n|turn|4\n|\n|t:|1772180679\n|move|p1b: Lumineon|Icy Wind|p2a: Miraidon|[spread] p2a\n|-miss|p1b: Lumineon|p2b: Urshifu\n|-supereffective|p2a: Miraidon\n|-damage|p2a: Miraidon|14/100\n|-unboost|p2a: Miraidon|spe|1\n|move|p1a: Kyogre|Thunder|p2b: Urshifu\n|-supereffective|p2b: Urshifu\n|-damage|p2b: Urshifu|0 fnt\n|faint|p2b: Urshifu\n|move|p2a: Miraidon|Electro Drift|p1a: Kyogre\n|-supereffective|p1a: Kyogre\n|-damage|p1a: Kyogre|0 fnt\n|faint|p1a: Kyogre\n|-damage|p2a: Miraidon|5/100|[from] item: Life Orb\n|\n|-weather|RainDance|[upkeep]\n|-sideend|p1: meep1203|move: Tailwind\n|upkeep\n|\n|t:|1772180694\n|switch|p1a: Inteleon|Inteleon, L50, M, shiny|100/100\n|turn|5\n|-message|jalikilmak forfeited.\n|\n|win|meep1203\n|raw|meep1203's rating: 1109 &rarr; <strong>1130</strong><br />(+21 for winning)\n|raw|jalikilmak's rating: 1059 &rarr; <strong>1043</strong><br />(-16 for losing)\n|l|\u2606meep1203\n|player|p1|\n|l|\u2606jalikilmak\n|player|p2|\n","uploadtime":1772181023,"views":13,"formatid":"gen9vgc2026regi","rating":1043,"private":0,"password":null}