{"id":"gen9vgc2026regi-2557944055","format":"[Gen 9] VGC 2026 Reg I","players":["ArisHazard","fliglio"],"log":"|j|\u2606ArisHazard\n|j|\u2606fliglio\n|t:|1773377595\n|gametype|doubles\n|player|p1|ArisHazard|169|1373\n|player|p2|fliglio|102|1298\n|gen|9\n|tier|[Gen 9] VGC 2026 Reg I\n|rated|\n|rule|Species Clause: Limit one of each Pok\u00e9mon\n|rule|Item Clause: Limit 1 of each item\n|clearpoke\n|poke|p1|Calyrex-Ice, L50|\n|poke|p1|Hitmontop, L50, M|\n|poke|p1|Miraidon, L50|\n|poke|p1|Sableye, L50, F|\n|poke|p1|Ting-Lu, L50|\n|poke|p1|Iron Valiant, L50|\n|poke|p2|Miraidon, L50|\n|poke|p2|Calyrex-Ice, L50|\n|poke|p2|Pelipper, L50, F|\n|poke|p2|Amoonguss, L50, M|\n|poke|p2|Incineroar, L50, M|\n|poke|p2|Landorus, L50, M|\n|teampreview|4\n|inactive|Battle timer is ON: inactive players will automatically lose when time's up. (requested by fliglio)\n|\n|t:|1773377646\n|teamsize|p1|4\n|teamsize|p2|4\n|start\n|switch|p1a: Calyrex|Calyrex-Ice, L50|100/100\n|switch|p1b: Iron Valiant|Iron Valiant, L50|100/100\n|switch|p2a: Incineroar|Incineroar, L50, M|100/100\n|switch|p2b: Calyrex|Calyrex-Ice, L50|100/100\n|-ability|p2b: Calyrex|As One\n|-ability|p2b: Calyrex|Unnerve\n|-ability|p1a: Calyrex|As One\n|-ability|p1a: Calyrex|Unnerve\n|-ability|p2a: Incineroar|Intimidate|boost\n|-fail|p1a: Calyrex|unboost|[from] item: Clear Amulet|[of] p1a: Calyrex\n|-unboost|p1b: Iron Valiant|atk|1\n|-enditem|p1b: Iron Valiant|Booster Energy\n|-activate|p1b: Iron Valiant|ability: Quark Drive|[fromitem]\n|-start|p1b: Iron Valiant|quarkdrivespe\n|turn|1\n|inactive|fliglio has 30 seconds left.\n|\n|t:|1773377671\n|-terastallize|p2a: Incineroar|Bug\n|move|p1b: Iron Valiant|Protect|p1b: Iron Valiant\n|-singleturn|p1b: Iron Valiant|Protect\n|move|p1a: Calyrex|Protect|p1a: Calyrex\n|-singleturn|p1a: Calyrex|Protect\n|move|p2a: Incineroar|Will-O-Wisp|p1a: Calyrex\n|-activate|p1a: Calyrex|move: Protect\n|move|p2b: Calyrex|Leech Seed|p1a: Calyrex\n|-activate|p1a: Calyrex|move: Protect\n|\n|upkeep\n|turn|2\n|\n|t:|1773377692\n|-terastallize|p1a: Calyrex|Fire\n|move|p2b: Calyrex|Protect|p2b: Calyrex\n|-singleturn|p2b: Calyrex|Protect\n|move|p1b: Iron Valiant|Disable|p2b: Calyrex\n|-activate|p2b: Calyrex|move: Protect\n|move|p2a: Incineroar|Knock Off|p1a: Calyrex\n|-damage|p1a: Calyrex|76/100\n|-enditem|p1a: Calyrex|Clear Amulet|[from] move: Knock Off|[of] p2a: Incineroar\n|move|p1a: Calyrex|Glacial Lance|p2a: Incineroar|[spread] p2a\n|-activate|p2b: Calyrex|move: Protect\n|-damage|p2a: Incineroar|46/100\n|\n|upkeep\n|turn|3\n|\n|t:|1773377713\n|-end|p1b: Iron Valiant|Quark Drive|[silent]\n|switch|p1b: Hitmontop|Hitmontop, L50, M|100/100\n|-ability|p1b: Hitmontop|Intimidate|boost\n|-unboost|p2a: Incineroar|atk|1\n|-unboost|p2b: Calyrex|atk|1\n|move|p1a: Calyrex|Protect|p1a: Calyrex\n|-singleturn|p1a: Calyrex|Protect\n|move|p2a: Incineroar|Parting Shot|p1a: Calyrex\n|-activate|p1a: Calyrex|move: Protect\n|move|p2b: Calyrex|Leech Seed|p1a: Calyrex\n|-activate|p1a: Calyrex|move: Protect\n|\n|upkeep\n|turn|4\n|\n|t:|1773377730\n|move|p2b: Calyrex|Protect|p2b: Calyrex\n|-singleturn|p2b: Calyrex|Protect\n|move|p2a: Incineroar|Parting Shot|p1a: Calyrex\n|-unboost|p1a: Calyrex|atk|1\n|-unboost|p1a: Calyrex|spa|1\n|\n|t:|1773377739\n|switch|p2a: Amoonguss|Amoonguss, L50, M|100/100|[from] Parting Shot\n|move|p1b: Hitmontop|Coaching|p1a: Calyrex\n|-boost|p1a: Calyrex|atk|1\n|-boost|p1a: Calyrex|def|1\n|move|p1a: Calyrex|Glacial Lance|p2b: Calyrex|[spread] p2a\n|-activate|p2b: Calyrex|move: Protect\n|-supereffective|p2a: Amoonguss\n|-damage|p2a: Amoonguss|9/100\n|\n|upkeep\n|turn|5\n|\n|t:|1773377754\n|move|p2a: Amoonguss|Protect|p2a: Amoonguss\n|-singleturn|p2a: Amoonguss|Protect\n|move|p1b: Hitmontop|Coaching|p1a: Calyrex\n|-boost|p1a: Calyrex|atk|1\n|-boost|p1a: Calyrex|def|1\n|move|p2b: Calyrex|Leech Seed|p1a: Calyrex\n|-start|p1a: Calyrex|move: Leech Seed\n|move|p1a: Calyrex|Glacial Lance|p2a: Amoonguss|[spread] p2b\n|-activate|p2a: Amoonguss|move: Protect\n|-resisted|p2b: Calyrex\n|-damage|p2b: Calyrex|75/100\n|\n|-heal|p2b: Calyrex|81/100|[from] item: Leftovers\n|-damage|p1a: Calyrex|63/100|[from] Leech Seed|[of] p2b: Calyrex\n|-heal|p2b: Calyrex|92/100|[silent]\n|upkeep\n|turn|6\n|\n|t:|1773377773\n|switch|p2a: Incineroar|Incineroar, L50, M, tera:Bug|46/100\n|-ability|p2a: Incineroar|Intimidate|boost\n|-unboost|p1a: Calyrex|atk|1\n|-unboost|p1b: Hitmontop|atk|1\n|move|p1b: Hitmontop|Coaching|p1a: Calyrex\n|-boost|p1a: Calyrex|atk|1\n|-boost|p1a: Calyrex|def|1\n|move|p2b: Calyrex|Leech Seed|p1b: Hitmontop\n|-start|p1b: Hitmontop|move: Leech Seed\n|move|p1a: Calyrex|Glacial Lance|p2a: Incineroar|[spread] p2a,p2b\n|-resisted|p2b: Calyrex\n|-damage|p2a: Incineroar|0 fnt\n|-damage|p2b: Calyrex|66/100\n|faint|p2a: Incineroar\n|-ability|p1a: Calyrex|Chilling Neigh|boost\n|-boost|p1a: Calyrex|atk|1\n|\n|-heal|p2b: Calyrex|72/100|[from] item: Leftovers\n|-damage|p1b: Hitmontop|88/100|[from] Leech Seed|[of] p2b: Calyrex\n|-heal|p2b: Calyrex|81/100|[silent]\n|-damage|p1a: Calyrex|51/100|[from] Leech Seed|[of] p2b: Calyrex\n|-heal|p2b: Calyrex|92/100|[silent]\n|upkeep\n|\n|t:|1773377795\n|switch|p2a: Miraidon|Miraidon, L50|100/100\n|-fieldstart|move: Electric Terrain|[from] ability: Hadron Engine|[of] p2a: Miraidon\n|turn|7\n|\n|t:|1773377812\n|switch|p1b: Iron Valiant|Iron Valiant, L50|100/100\n|-activate|p1b: Iron Valiant|ability: Quark Drive\n|-start|p1b: Iron Valiant|quarkdrivespe\n|move|p1a: Calyrex|Protect|p1a: Calyrex\n|-singleturn|p1a: Calyrex|Protect\n|move|p2a: Miraidon|Volt Switch|p1a: Calyrex\n|-activate|p1a: Calyrex|move: Protect\n|move|p2b: Calyrex|Glacial Lance|p1a: Calyrex|[spread] p1b\n|-activate|p1a: Calyrex|move: Protect\n|-damage|p1b: Iron Valiant|62/100\n|\n|-heal|p2b: Calyrex|98/100|[from] item: Leftovers\n|-damage|p1a: Calyrex|38/100|[from] Leech Seed|[of] p2b: Calyrex\n|-heal|p2b: Calyrex|100/100|[silent]\n|upkeep\n|turn|8\n|\n|t:|1773377836\n|switch|p2a: Amoonguss|Amoonguss, L50, M|43/100\n|move|p1b: Iron Valiant|Disable||[still]\n|-fail|p1b: Iron Valiant\n|move|p2b: Calyrex|Glacial Lance|p1b: Iron Valiant|[spread] p1a,p1b\n|-resisted|p1a: Calyrex\n|-damage|p1a: Calyrex|34/100\n|-damage|p1b: Iron Valiant|22/100\n|move|p1a: Calyrex|Glacial Lance|p2b: Calyrex|[spread] p2a,p2b\n|-supereffective|p2a: Amoonguss\n|-resisted|p2b: Calyrex\n|-damage|p2a: Amoonguss|0 fnt\n|-damage|p2b: Calyrex|63/100\n|faint|p2a: Amoonguss\n|-ability|p1a: Calyrex|Chilling Neigh|boost\n|-boost|p1a: Calyrex|atk|1\n|\n|-heal|p2b: Calyrex|69/100|[from] item: Leftovers\n|-damage|p1a: Calyrex|22/100|[from] Leech Seed|[of] p2b: Calyrex\n|-heal|p2b: Calyrex|80/100|[silent]\n|upkeep\n|\n|t:|1773377856\n|switch|p2a: Miraidon|Miraidon, L50|100/100\n|-activate|p2a: Miraidon|ability: Hadron Engine\n|turn|9\n|\n|t:|1773377866\n|move|p1b: Iron Valiant|Protect|p1b: Iron Valiant\n|-singleturn|p1b: Iron Valiant|Protect\n|move|p1a: Calyrex|Protect|p1a: Calyrex\n|-singleturn|p1a: Calyrex|Protect\n|move|p2a: Miraidon|Electro Drift|p1a: Calyrex\n|-activate|p1a: Calyrex|move: Protect\n|move|p2b: Calyrex|Glacial Lance|p1b: Iron Valiant|[spread] \n|-activate|p1a: Calyrex|move: Protect\n|-activate|p1b: Iron Valiant|move: Protect\n|\n|-heal|p2b: Calyrex|86/100|[from] item: Leftovers\n|-damage|p1a: Calyrex|9/100|[from] Leech Seed|[of] p2b: Calyrex\n|-heal|p2b: Calyrex|98/100|[silent]\n|upkeep\n|turn|10\n|\n|t:|1773377888\n|move|p1b: Iron Valiant|Disable|p2a: Miraidon\n|-start|p2a: Miraidon|Disable|Electro Drift\n|cant|p2a: Miraidon|Disable|Electro Drift\n|move|p2b: Calyrex|Glacial Lance|p1a: Calyrex|[spread] p1a,p1b\n|-resisted|p1a: Calyrex\n|-damage|p1a: Calyrex|5/100\n|-damage|p1b: Iron Valiant|0 fnt\n|faint|p1b: Iron Valiant\n|-end|p1b: Iron Valiant|Quark Drive|[silent]\n|-ability|p2b: Calyrex|Chilling Neigh|boost\n|-boost|p2b: Calyrex|atk|1\n|move|p1a: Calyrex|Glacial Lance|p2a: Miraidon|[spread] p2a,p2b\n|-supereffective|p2a: Miraidon\n|-resisted|p2b: Calyrex\n|-damage|p2a: Miraidon|0 fnt\n|-damage|p2b: Calyrex|53/100\n|faint|p2a: Miraidon\n|-ability|p1a: Calyrex|Chilling Neigh|boost\n|-boost|p1a: Calyrex|atk|1\n|\n|-heal|p2b: Calyrex|58/100|[from] item: Leftovers\n|-damage|p1a: Calyrex|0 fnt|[from] Leech Seed|[of] p2b: Calyrex\n|-heal|p2b: Calyrex|63/100|[silent]\n|faint|p1a: Calyrex\n|upkeep\n|\n|t:|1773377910\n|switch|p1b: Miraidon|Miraidon, L50|100/100\n|switch|p1a: Hitmontop|Hitmontop, L50, M|88/100\n|-activate|p1b: Miraidon|ability: Hadron Engine\n|-ability|p1a: Hitmontop|Intimidate|boost\n|-unboost|p2b: Calyrex|atk|1\n|turn|11\n|\n|t:|1773377925\n|move|p2b: Calyrex|Protect|p2b: Calyrex\n|-singleturn|p2b: Calyrex|Protect\n|move|p1b: Miraidon|Electro Drift|p2b: Calyrex\n|-activate|p2b: Calyrex|move: Protect\n|move|p1a: Hitmontop|Coaching|p1b: Miraidon\n|-boost|p1b: Miraidon|atk|1\n|-boost|p1b: Miraidon|def|1\n|\n|-heal|p2b: Calyrex|69/100|[from] item: Leftovers\n|-fieldend|move: Electric Terrain\n|upkeep\n|turn|12\n|\n|t:|1773377939\n|move|p1a: Hitmontop|Wide Guard|p1a: Hitmontop\n|-singleturn|p1a: Hitmontop|Wide Guard\n|move|p1b: Miraidon|Electro Drift|p2b: Calyrex\n|-damage|p2b: Calyrex|32/100\n|move|p2b: Calyrex|Glacial Lance|p1b: Miraidon|[spread] \n|-activate|p1a: Hitmontop|move: Wide Guard\n|-activate|p1b: Miraidon|move: Wide Guard\n|\n|-heal|p2b: Calyrex|38/100|[from] item: Leftovers\n|upkeep\n|turn|13\n|\n|t:|1773377953\n|move|p2b: Calyrex|Protect|p2b: Calyrex\n|-singleturn|p2b: Calyrex|Protect\n|move|p1b: Miraidon|Electro Drift|p2b: Calyrex\n|-activate|p2b: Calyrex|move: Protect\n|move|p1a: Hitmontop|Close Combat|p2b: Calyrex\n|-activate|p2b: Calyrex|move: Protect\n|\n|-heal|p2b: Calyrex|44/100|[from] item: Leftovers\n|upkeep\n|turn|14\n|\n|t:|1773377966\n|move|p1b: Miraidon|Electro Drift|p2b: Calyrex\n|-damage|p2b: Calyrex|9/100\n|move|p1a: Hitmontop|Close Combat|p2b: Calyrex\n|-damage|p2b: Calyrex|0 fnt\n|-unboost|p1a: Hitmontop|def|1\n|-unboost|p1a: Hitmontop|spd|1\n|faint|p2b: Calyrex\n|\n|win|ArisHazard\n|raw|ArisHazard's rating: 1373 &rarr; <strong>1389</strong><br />(+16 for winning)\n|raw|fliglio's rating: 1298 &rarr; <strong>1278</strong><br />(-20 for losing)\n|l|\u2606fliglio\n|player|p2|\n","uploadtime":1773378124,"views":14,"formatid":"gen9vgc2026regi","rating":1278,"private":0,"password":null}