{"id":"gen9vgc2026regi-2566924280","format":"[Gen 9] VGC 2026 Reg I","players":["Schimmli","Most Cornbread"],"log":"|j|\u2606Schimmli\n|j|\u2606Most Cornbread\n|t:|1774430426\n|gametype|doubles\n|player|p1|Schimmli|170|1353\n|player|p2|Most Cornbread|janitor|1371\n|gen|9\n|tier|[Gen 9] VGC 2026 Reg I\n|rated|\n|rule|Species Clause: Limit one of each Pok\u00e9mon\n|rule|Item Clause: Limit 1 of each item\n|clearpoke\n|poke|p1|Terapagos, L50, M|\n|poke|p1|Calyrex-Shadow, L50|\n|poke|p1|Flutter Mane, L50|\n|poke|p1|Ogerpon-Cornerstone, L50, F|\n|poke|p1|Incineroar, L50, F|\n|poke|p1|Rillaboom, L50, F|\n|poke|p2|Zamazenta-*, L50|\n|poke|p2|Calyrex-Shadow, L50|\n|poke|p2|Ditto, L50|\n|poke|p2|Grimmsnarl, L50, M|\n|poke|p2|Raging Bolt, L50|\n|poke|p2|Ogerpon-Cornerstone, L50, F|\n|teampreview|4\nSchimmli has agreed to open team sheets.\n|inactive|Battle timer is ON: inactive players will automatically lose when time's up. (requested by Schimmli)\n|\n|t:|1774430482\n|teamsize|p1|4\n|teamsize|p2|4\n|start\n|switch|p1a: Terapagos|Terapagos, L50, M|100/100\n|switch|p1b: Calyrex|Calyrex-Shadow, L50|100/100\n|switch|p2a: Grimmsnarl|Grimmsnarl, L50, M, shiny|100/100\n|switch|p2b: Zamazenta|Zamazenta-Crowned, L50|100/100\n|-activate|p1a: Terapagos|ability: Tera Shift\n|detailschange|p1a: Terapagos|Terapagos-Terastal, L50, M\n|-heal|p1a: Terapagos|100/100|[silent]\n|-ability|p1b: Calyrex|As One\n|-ability|p1b: Calyrex|Unnerve\n|-ability|p2b: Zamazenta|Dauntless Shield|boost\n|-boost|p2b: Zamazenta|def|1\n|turn|1\n|inactive|Most Cornbread has 30 seconds left.\n|inactive|Most Cornbread has 20 seconds left.\n|\n|t:|1774430518\n|move|p1b: Calyrex|Will-O-Wisp|p2b: Zamazenta\n|-status|p2b: Zamazenta|brn\n|move|p2b: Zamazenta|Heavy Slam|p1b: Calyrex\n|-damage|p1b: Calyrex|70/100\n|move|p1a: Terapagos|Calm Mind|p1a: Terapagos\n|-boost|p1a: Terapagos|spa|1\n|-boost|p1a: Terapagos|spd|1\n|move|p2a: Grimmsnarl|Spirit Break|p1a: Terapagos\n|-activate|p1a: Terapagos|ability: Tera Shell\n|-resisted|p1a: Terapagos\n|-damage|p1a: Terapagos|91/100\n|-unboost|p1a: Terapagos|spa|1\n|\n|-heal|p1a: Terapagos|97/100|[from] item: Leftovers\n|-damage|p2b: Zamazenta|95/100 brn|[from] brn\n|upkeep\n|turn|2\n|\n|t:|1774430533\n|move|p1b: Calyrex|Disable|p2a: Grimmsnarl\n|-start|p2a: Grimmsnarl|Disable|Spirit Break\n|move|p2b: Zamazenta|Body Press|p1a: Terapagos\n|-supereffective|p1a: Terapagos\n|-damage|p1a: Terapagos|48/100\n|move|p1a: Terapagos|Calm Mind|p1a: Terapagos\n|-boost|p1a: Terapagos|spa|1\n|-boost|p1a: Terapagos|spd|1\n|cant|p2a: Grimmsnarl|Disable|Spirit Break\n|\n|-heal|p1a: Terapagos|55/100|[from] item: Leftovers\n|-damage|p2b: Zamazenta|89/100 brn|[from] brn\n|upkeep\n|turn|3\n|\n|t:|1774430552\n|move|p2a: Grimmsnarl|Sucker Punch||[still]\n|-fail|p2a: Grimmsnarl\n|move|p1b: Calyrex|Disable|p2b: Zamazenta\n|-start|p2b: Zamazenta|Disable|Body Press\n|cant|p2b: Zamazenta|Disable|Body Press\n|move|p1a: Terapagos|Earth Power|p2b: Zamazenta\n|-supereffective|p2b: Zamazenta\n|-damage|p2b: Zamazenta|35/100 brn\n|\n|-heal|p1a: Terapagos|61/100|[from] item: Leftovers\n|-damage|p2b: Zamazenta|29/100 brn|[from] brn\n|upkeep\n|turn|4\n|inactive|Most Cornbread has 30 seconds left.\n|inactive|Most Cornbread has 20 seconds left.\n|\n|t:|1774430591\n|switch|p1b: Incineroar|Incineroar, L50, F, shiny|100/100\n|-ability|p1b: Incineroar|Intimidate|boost\n|-unboost|p2a: Grimmsnarl|atk|1\n|-unboost|p2b: Zamazenta|atk|1\n|move|p2a: Grimmsnarl|Light Screen|p2a: Grimmsnarl\n|-sidestart|p2: Most Cornbread|move: Light Screen\n|move|p2b: Zamazenta|Heavy Slam|p1a: Terapagos\n|-damage|p1a: Terapagos|49/100\n|move|p1a: Terapagos|Calm Mind|p1a: Terapagos\n|-boost|p1a: Terapagos|spa|1\n|-boost|p1a: Terapagos|spd|1\n|\n|-heal|p1a: Terapagos|56/100|[from] item: Leftovers\n|-damage|p2b: Zamazenta|24/100 brn|[from] brn\n|upkeep\n|turn|5\n|inactive|Most Cornbread has 30 seconds left.\n|inactive|Schimmli has 30 seconds left.\n|inactive|Most Cornbread has 20 seconds left.\n|\n|t:|1774430635\n|switch|p2b: Ditto|Ditto, L50, shiny|100/100\n|-transform|p2b: Ditto|p1a: Terapagos|[from] ability: Imposter\n|move|p2a: Grimmsnarl|Reflect|p2a: Grimmsnarl\n|-sidestart|p2: Most Cornbread|Reflect\n|move|p1a: Terapagos|Calm Mind|p1a: Terapagos\n|-boost|p1a: Terapagos|spa|1\n|-boost|p1a: Terapagos|spd|1\n|move|p1b: Incineroar|Knock Off|p2a: Grimmsnarl\n|-resisted|p2a: Grimmsnarl\n|-damage|p2a: Grimmsnarl|94/100\n|-enditem|p2a: Grimmsnarl|Light Clay|[from] move: Knock Off|[of] p1b: Incineroar\n|\n|-heal|p1a: Terapagos|62/100|[from] item: Leftovers\n|-end|p2a: Grimmsnarl|Disable\n|upkeep\n|turn|6\n|inactive|Most Cornbread has 30 seconds left.\n|\n|t:|1774430665\n|move|p1a: Terapagos|Protect|p1a: Terapagos\n|-singleturn|p1a: Terapagos|Protect\n|move|p2b: Ditto|Calm Mind|p2b: Ditto\n|-boost|p2b: Ditto|spa|1\n|-boost|p2b: Ditto|spd|1\n|move|p1b: Incineroar|Parting Shot|p2b: Ditto\n|-unboost|p2b: Ditto|atk|1\n|-unboost|p2b: Ditto|spa|1\n|\n|t:|1774430674\n|switch|p1b: Rillaboom|Rillaboom, L50, F|100/100|[from] Parting Shot\n|-fieldstart|move: Grassy Terrain|[from] ability: Grassy Surge|[of] p1b: Rillaboom\n|move|p2a: Grimmsnarl|Spirit Break|p1a: Terapagos\n|-activate|p1a: Terapagos|move: Protect\n|\n|-heal|p1a: Terapagos|68/100|[from] Grassy Terrain\n|-heal|p1a: Terapagos|74/100|[from] item: Leftovers\n|-heal|p2a: Grimmsnarl|99/100|[from] Grassy Terrain\n|upkeep\n|turn|7\n|j| Ascitiesdrown\n|inactive|Most Cornbread has 30 seconds left.\n|\n|t:|1774430706\n|-terastallize|p1a: Terapagos|Stellar\n|detailschange|p1a: Terapagos|Terapagos-Stellar, L50, M, tera:Stellar\n|-heal|p1a: Terapagos|81/100|[silent]\n|-ability|p1a: Terapagos|Teraform Zero\n|-fieldend|move: Grassy Terrain\n|move|p1b: Rillaboom|Fake Out|p2a: Grimmsnarl\n|-damage|p2a: Grimmsnarl|91/100\n|move|p2b: Ditto|Tera Starstorm|p1b: Rillaboom\n|-damage|p1b: Rillaboom|41/100\n|move|p1a: Terapagos|Tera Starstorm|p2b: Ditto|[spread] p2a,p2b\n|-activate|p2b: Ditto|ability: Tera Shell\n|-resisted|p2b: Ditto\n|-damage|p2a: Grimmsnarl|43/100\n|-damage|p2b: Ditto|91/100\n|cant|p2a: Grimmsnarl|flinch\n|\n|-heal|p1a: Terapagos|87/100|[from] item: Leftovers\n|upkeep\n|turn|8\n|inactive|Most Cornbread has 30 seconds left.\n|inactive|Most Cornbread has 20 seconds left.\n|inactive|Most Cornbread has 15 seconds left.\n|\n|t:|1774430748\n|move|p2b: Ditto|Tera Starstorm|p1a: Terapagos\n|-damage|p1a: Terapagos|67/100\n|move|p1a: Terapagos|Tera Starstorm|p2a: Grimmsnarl|[spread] p2a,p2b\n|-damage|p2a: Grimmsnarl|0 fnt\n|-damage|p2b: Ditto|73/100\n|faint|p2a: Grimmsnarl\n|move|p1b: Rillaboom|Wood Hammer|p2b: Ditto\n|-damage|p2b: Ditto|41/100\n|-damage|p1b: Rillaboom|33/100|[from] Recoil\n|\n|-heal|p1a: Terapagos|73/100|[from] item: Leftovers\n|upkeep\n|\n|t:|1774430755\n|switch|p2a: Zamazenta|Zamazenta-Crowned, L50|24/100 brn\n|turn|9\n|\n|t:|1774430769\n|switch|p1b: Incineroar|Incineroar, L50, F, shiny|100/100\n|-ability|p1b: Incineroar|Intimidate|boost\n|-unboost|p2a: Zamazenta|atk|1\n|-unboost|p2b: Ditto|atk|1\n|move|p1a: Terapagos|Protect|p1a: Terapagos\n|-singleturn|p1a: Terapagos|Protect\n|move|p2a: Zamazenta|Body Press|p1a: Terapagos\n|-activate|p1a: Terapagos|move: Protect\n|move|p2b: Ditto|Tera Starstorm|p1b: Incineroar\n|-damage|p1b: Incineroar|20/100\n|\n|-heal|p1a: Terapagos|79/100|[from] item: Leftovers\n|-damage|p2a: Zamazenta|18/100 brn|[from] brn\n|upkeep\n|turn|10\n|\n|t:|1774430785\n|move|p2a: Zamazenta|Protect|p2a: Zamazenta\n|-singleturn|p2a: Zamazenta|Protect\n|move|p1b: Incineroar|Fake Out|p2b: Ditto\n|-damage|p2b: Ditto|35/100\n|cant|p2b: Ditto|flinch\n|move|p1a: Terapagos|Tera Starstorm|p2b: Ditto|[spread] p2b\n|-activate|p2a: Zamazenta|move: Protect\n|-damage|p2b: Ditto|14/100\n|\n|-heal|p1a: Terapagos|86/100|[from] item: Leftovers\n|-damage|p2a: Zamazenta|12/100 brn|[from] brn\n|upkeep\n|turn|11\n|inactive|Most Cornbread has 30 seconds left.\n|\n|t:|1774430811\n|move|p1a: Terapagos|Protect|p1a: Terapagos\n|-singleturn|p1a: Terapagos|Protect\n|move|p2a: Zamazenta|Heavy Slam|p1b: Incineroar\n|-resisted|p1b: Incineroar\n|-damage|p1b: Incineroar|13/100\n|-damage|p2a: Zamazenta|0 fnt|[from] item: Rocky Helmet|[of] p1b: Incineroar\n|faint|p2a: Zamazenta\n|move|p2b: Ditto|Earth Power|p1b: Incineroar\n|-supereffective|p1b: Incineroar\n|-damage|p1b: Incineroar|0 fnt\n|faint|p1b: Incineroar\n|\n|-heal|p1a: Terapagos|92/100|[from] item: Leftovers\n|-sideend|p2: Most Cornbread|move: Light Screen\n|upkeep\n|\n|t:|1774430824\n|switch|p2a: Ogerpon|Ogerpon-Cornerstone, L50, F|100/100\n|switch|p1b: Rillaboom|Rillaboom, L50, F|33/100\n|-fieldstart|move: Grassy Terrain|[from] ability: Grassy Surge|[of] p1b: Rillaboom\n|turn|12\n|\n|t:|1774430834\n|move|p2a: Ogerpon|Spiky Shield|p2a: Ogerpon\n|-singleturn|p2a: Ogerpon|move: Protect\n|move|p2b: Ditto|Protect|p2b: Ditto\n|-singleturn|p2b: Ditto|Protect\n|move|p1b: Rillaboom|Fake Out|p2a: Ogerpon\n|-activate|p2a: Ogerpon|move: Protect\n|-damage|p1b: Rillaboom|21/100|[from] Spiky Shield|[of] p2a: Ogerpon\n|move|p1a: Terapagos|Tera Starstorm|p2a: Ogerpon|[spread] \n|-activate|p2a: Ogerpon|move: Protect\n|-activate|p2b: Ditto|move: Protect\n|\n|-heal|p2b: Ditto|20/100|[from] Grassy Terrain\n|-heal|p1a: Terapagos|98/100|[from] Grassy Terrain\n|-heal|p1a: Terapagos|100/100|[from] item: Leftovers\n|-heal|p1b: Rillaboom|27/100|[from] Grassy Terrain\n|-sideend|p2: Most Cornbread|Reflect\n|upkeep\n|turn|13\n|inactive|Most Cornbread has 30 seconds left.\n|\n|t:|1774430864\n|-terastallize|p2a: Ogerpon|Rock\n|detailschange|p2a: Ogerpon|Ogerpon-Cornerstone-Tera, L50, F, tera:Rock\n|-ability|p2a: Ogerpon|Embody Aspect (Cornerstone)|boost\n|-boost|p2a: Ogerpon|def|1\n|move|p1b: Rillaboom|Grassy Glide|p2b: Ditto\n|-damage|p2b: Ditto|0 fnt\n|faint|p2b: Ditto\n|move|p2a: Ogerpon|Power Whip|p1a: Terapagos\n|-damage|p1a: Terapagos|57/100\n|move|p1a: Terapagos|Tera Starstorm|p2a: Ogerpon\n|-supereffective|p2a: Ogerpon\n|-damage|p2a: Ogerpon|0 fnt\n|faint|p2a: Ogerpon\n|detailschange|p2: Ogerpon|Ogerpon-Cornerstone, L50, F|[silent]\n|\n|win|Schimmli\n|raw|Schimmli's rating: 1353 &rarr; <strong>1375</strong><br />(+22 for winning)\n|raw|Most Cornbread's rating: 1392 &rarr; <strong>1370</strong><br />(-22 for losing)\n|l|\u2606Most Cornbread\n|player|p2|\n|l| Ascitiesdrown\n|l|\u2606Schimmli\n|player|p1|\n","uploadtime":1774431112,"views":14,"formatid":"gen9vgc2026regi","rating":1370,"private":0,"password":null}