{"id":"gen9vgc2026regi-2559452006","format":"[Gen 9] VGC 2026 Reg I","players":["benniOVY","TheManOfSausage"],"log":"|j|\u2606benniOVY\n|j|\u2606TheManOfSausage\n|t:|1773569976\n|gametype|doubles\n|player|p1|benniOVY|psychic-gen4|1418\n|player|p2|TheManOfSausage|miku-water|1389\n|gen|9\n|tier|[Gen 9] VGC 2026 Reg I\n|rated|\n|rule|Species Clause: Limit one of each Pok\u00e9mon\n|rule|Item Clause: Limit 1 of each item\n|clearpoke\n|poke|p1|Zamazenta-*, L50|\n|poke|p1|Calyrex-Shadow, L50|\n|poke|p1|Incineroar, L50, M|\n|poke|p1|Rillaboom, L50, F|\n|poke|p1|Chien-Pao, L50|\n|poke|p1|Urshifu-*, L50, F|\n|poke|p2|Calyrex-Ice, L50|\n|poke|p2|Koraidon, L50|\n|poke|p2|Brute Bonnet, L50|\n|poke|p2|Incineroar, L50, M|\n|poke|p2|Gholdengo, L50|\n|poke|p2|Flutter Mane, L50|\n|teampreview|4\nTheManOfSausage has agreed to open team sheets.\nbenniOVY has agreed to open team sheets.\n|showteam|p1|Zamazenta-Crowned||RustedShield|DauntlessShield|BodyPress,HeavySlam,WideGuard,Protect||||||50|,,,,,Dragon]Calyrex-Shadow||SpellTag|AsOneSpectrier|AstralBarrage,Psychic,NastyPlot,Protect||||||50|,,,,,Dark]Incineroar||SafetyGoggles|Intimidate|KnockOff,PartingShot,WillOWisp,FakeOut|||M|||50|,,,,,Bug]Rillaboom||AssaultVest|GrassySurge|WoodHammer,GrassyGlide,Uturn,FakeOut|||F|||50|,,,,,Fire]Chien-Pao||FocusSash|SwordofRuin|IceSpinner,IcyWind,SuckerPunch,Protect||||||50|,,,,,Ghost]Urshifu-Rapid-Strike||LifeOrb|UnseenFist|SurgingStrikes,AquaJet,CloseCombat,Detect|||F|||50|,,,,,Water\n|showteam|p2|Calyrex-Ice||ClearAmulet|AsOneGlastrier|GlacialLance,HighHorsepower,TrickRoom,Protect||||||50|,,,,,Fire]Koraidon||LifeOrb|OrichalcumPulse|CloseCombat,FlareBlitz,FlameCharge,Protect||||||50|,,,,,Fire]Brute Bonnet||CovertCloak|Protosynthesis|SeedBomb,SuckerPunch,Spore,RagePowder||||||50|,,,,,Water]Incineroar||RockyHelmet|Intimidate|FlareBlitz,KnockOff,FakeOut,PartingShot|||M|||50|,,,,,Grass]Gholdengo||MetalCoat|GoodasGold|MakeItRain,ShadowBall,NastyPlot,Protect||||||50|,,,,,Fairy]Flutter Mane||FocusSash|Protosynthesis|ShadowBall,Moonblast,IcyWind,Protect||||||50|,,,,,Stellar\n|c|\u2606benniOVY|bonnet scares me a lot honestly, i dont think i have enough answers for it\n|\n|t:|1773570031\n|teamsize|p1|4\n|teamsize|p2|4\n|start\n|switch|p1a: Calyrex|Calyrex-Shadow, L50|100/100\n|switch|p1b: Rillaboom|Rillaboom, L50, F|100/100\n|switch|p2a: Flutter Mane|Flutter Mane, L50|100/100\n|switch|p2b: Koraidon|Koraidon, L50|100/100\n|-ability|p1a: Calyrex|As One\n|-ability|p1a: Calyrex|Unnerve\n|-weather|SunnyDay|[from] ability: Orichalcum Pulse|[of] p2b: Koraidon\n|-activate|p2a: Flutter Mane|ability: Protosynthesis\n|-start|p2a: Flutter Mane|protosynthesisspe\n|-activate|p2b: Koraidon|Orichalcum Pulse|[source]\n|-fieldstart|move: Grassy Terrain|[from] ability: Grassy Surge|[of] p1b: Rillaboom\n|turn|1\n|c|\u2606TheManOfSausage|yeah im defense boost too\n|\n|t:|1773570056\n|-terastallize|p1b: Rillaboom|Fire\n|move|p1a: Calyrex|Protect|p1a: Calyrex\n|-singleturn|p1a: Calyrex|Protect\n|move|p2b: Koraidon|Protect|p2b: Koraidon\n|-singleturn|p2b: Koraidon|Protect\n|move|p1b: Rillaboom|Grassy Glide|p2a: Flutter Mane\n|-damage|p2a: Flutter Mane|27/100\n|move|p2a: Flutter Mane|Icy Wind|p1b: Rillaboom|[spread] p1b\n|-activate|p1a: Calyrex|move: Protect\n|-resisted|p1b: Rillaboom\n|-damage|p1b: Rillaboom|96/100\n|-unboost|p1b: Rillaboom|spe|1\n|\n|-weather|SunnyDay|[upkeep]\n|-heal|p2a: Flutter Mane|33/100|[from] Grassy Terrain\n|-heal|p1b: Rillaboom|100/100|[from] Grassy Terrain\n|upkeep\n|turn|2\n|c|\u2606benniOVY|all are lmao\n|c|\u2606TheManOfSausage|true lol\n|\n|t:|1773570068\n|-terastallize|p2b: Koraidon|Fire\n|move|p1b: Rillaboom|Grassy Glide|p2a: Flutter Mane\n|-damage|p2a: Flutter Mane|0 fnt\n|faint|p2a: Flutter Mane\n|-end|p2a: Flutter Mane|Protosynthesis|[silent]\n|move|p1a: Calyrex|Psychic|p2b: Koraidon\n|-damage|p2b: Koraidon|42/100\n|-unboost|p2b: Koraidon|spd|1\n|move|p2b: Koraidon|Flame Charge|p1a: Calyrex\n|-damage|p1a: Calyrex|0 fnt\n|-boost|p2b: Koraidon|spe|1\n|faint|p1a: Calyrex\n|-damage|p2b: Koraidon|32/100|[from] item: Life Orb\n|\n|-weather|SunnyDay|[upkeep]\n|-heal|p2b: Koraidon|39/100|[from] Grassy Terrain\n|upkeep\n|\n|t:|1773570073\n|switch|p1a: Incineroar|Incineroar, L50, M|100/100\n|switch|p2a: Brute Bonnet|Brute Bonnet, L50|100/100\n|-ability|p1a: Incineroar|Intimidate|boost\n|-unboost|p2a: Brute Bonnet|atk|1\n|-unboost|p2b: Koraidon|atk|1\n|-activate|p2a: Brute Bonnet|ability: Protosynthesis\n|-start|p2a: Brute Bonnet|protosynthesisdef\n|turn|3\n|\n|t:|1773570087\n|move|p1a: Incineroar|Fake Out|p2b: Koraidon\n|-damage|p2b: Koraidon|28/100\n|cant|p2b: Koraidon|flinch\n|move|p2a: Brute Bonnet|Spore|p1b: Rillaboom\n|-status|p1b: Rillaboom|slp|[from] move: Spore\n|cant|p1b: Rillaboom|slp\n|\n|-weather|SunnyDay|[upkeep]\n|-heal|p2b: Koraidon|35/100|[from] Grassy Terrain\n|upkeep\n|turn|4\n|c|\u2606benniOVY|oh yeh\n|c|\u2606benniOVY|im -1 speed lmao\n|c|\u2606TheManOfSausage|lol\n|\n|t:|1773570105\n|move|p2a: Brute Bonnet|Rage Powder|p2a: Brute Bonnet\n|-singleturn|p2a: Brute Bonnet|move: Rage Powder\n|move|p2b: Koraidon|Close Combat|p1a: Incineroar\n|-supereffective|p1a: Incineroar\n|-damage|p1a: Incineroar|0 fnt\n|-unboost|p2b: Koraidon|def|1\n|-unboost|p2b: Koraidon|spd|1\n|faint|p1a: Incineroar\n|-damage|p2b: Koraidon|25/100|[from] item: Life Orb\n|cant|p1b: Rillaboom|slp\n|\n|-weather|SunnyDay|[upkeep]\n|-heal|p2b: Koraidon|31/100|[from] Grassy Terrain\n|upkeep\n|\n|t:|1773570110\n|switch|p1a: Zamazenta|Zamazenta-Crowned, L50|100/100\n|-ability|p1a: Zamazenta|Dauntless Shield|boost\n|-boost|p1a: Zamazenta|def|1\n|turn|5\n|\n|t:|1773570125\n|move|p2b: Koraidon|Protect|p2b: Koraidon\n|-singleturn|p2b: Koraidon|Protect\n|move|p1a: Zamazenta|Protect|p1a: Zamazenta\n|-singleturn|p1a: Zamazenta|Protect\n|move|p2a: Brute Bonnet|Spore|p1a: Zamazenta\n|-activate|p1a: Zamazenta|move: Protect\n|-curestatus|p1b: Rillaboom|slp|[msg]\n|move|p1b: Rillaboom|U-turn|p2a: Brute Bonnet\n|-supereffective|p2a: Brute Bonnet\n|-crit|p2a: Brute Bonnet\n|-damage|p2a: Brute Bonnet|40/100\n|\n|-weather|none\n|-end|p2a: Brute Bonnet|Protosynthesis\n|-heal|p2b: Koraidon|37/100|[from] Grassy Terrain\n|-heal|p2a: Brute Bonnet|46/100|[from] Grassy Terrain\n|-fieldend|move: Grassy Terrain\n|upkeep\n|turn|6\n|\n|t:|1773570148\n|move|p2b: Koraidon|Flare Blitz|p1a: Zamazenta\n|-supereffective|p1a: Zamazenta\n|-damage|p1a: Zamazenta|59/100\n|-damage|p2b: Koraidon|23/100|[from] Recoil\n|-damage|p2b: Koraidon|13/100|[from] item: Life Orb\n|move|p1a: Zamazenta|Body Press|p2b: Koraidon\n|-damage|p2b: Koraidon|0 fnt\n|faint|p2b: Koraidon\n|move|p2a: Brute Bonnet|Spore|p1b: Rillaboom\n|-status|p1b: Rillaboom|slp|[from] move: Spore\n|cant|p1b: Rillaboom|slp\n|\n|upkeep\n|\n|t:|1773570151\n|switch|p2b: Ogurin|Calyrex-Ice, L50|100/100\n|-ability|p2b: Ogurin|As One\n|-ability|p2b: Ogurin|Unnerve\n|turn|7\n|\n|t:|1773570166\n|move|p1a: Zamazenta|Body Press|p2a: Brute Bonnet\n|-supereffective|p2a: Brute Bonnet\n|-damage|p2a: Brute Bonnet|0 fnt\n|faint|p2a: Brute Bonnet\n|-end|p2a: Brute Bonnet|Protosynthesis|[silent]\n|cant|p1b: Rillaboom|slp\n|move|p2b: Ogurin|High Horsepower|p1a: Zamazenta\n|-supereffective|p1a: Zamazenta\n|-damage|p1a: Zamazenta|29/100\n|\n|upkeep\n|turn|8\n|\n|t:|1773570186\n|move|p1a: Zamazenta|Body Press|p2b: Ogurin\n|-damage|p2b: Ogurin|60/100\n|-curestatus|p1b: Rillaboom|slp|[msg]\n|move|p1b: Rillaboom|Wood Hammer|p2b: Ogurin\n|-damage|p2b: Ogurin|28/100\n|-damage|p1b: Rillaboom|90/100|[from] Recoil\n|move|p2b: Ogurin|High Horsepower|p1b: Rillaboom\n|-supereffective|p1b: Rillaboom\n|-damage|p1b: Rillaboom|6/100\n|\n|upkeep\n|turn|9\n|c|\u2606TheManOfSausage|gg\n|-message|TheManOfSausage forfeited.\n|\n|win|benniOVY\n|raw|benniOVY's rating: 1418 &rarr; <strong>1436</strong><br />(+18 for winning)\n|raw|TheManOfSausage's rating: 1389 &rarr; <strong>1371</strong><br />(-18 for losing)\n|l|\u2606TheManOfSausage\n|player|p2|\n|c|\u2606benniOVY|ggs\n|l|\u2606benniOVY\n|player|p1|\n","uploadtime":1773570430,"views":13,"formatid":"gen9vgc2026regi","rating":1371,"private":0,"password":null}