{"id":"gen9vgc2026regi-2527936477","format":"[Gen 9] VGC 2026 Reg I","players":["i\u2764\u5a1c\u7984forever","ice spice rider"],"log":"|j|\u2606i\u2764\u5a1c\u7984forever\n|j|\u2606ice spice rider\n|t:|1769602641\n|gametype|doubles\n|player|p1|i\u2764\u5a1c\u7984forever|youngcouple-gen4dp|1347\n|player|p2|ice spice rider|102|1334\n|gen|9\n|tier|[Gen 9] VGC 2026 Reg I\n|rated|\n|rule|Species Clause: Limit one of each Pok\u00e9mon\n|rule|Item Clause: Limit 1 of each item\n|clearpoke\n|poke|p1|Groudon, L50|\n|poke|p1|Kyurem-White, L50|\n|poke|p1|Brute Bonnet, L50|\n|poke|p1|Heatran, L50, M|\n|poke|p1|Whimsicott, L50, F|\n|poke|p1|Roaring Moon, L50|\n|poke|p2|Calyrex-Shadow, L50|\n|poke|p2|Zamazenta-*, L50|\n|poke|p2|Ting-Lu, L50|\n|poke|p2|Dondozo, L50, M|\n|poke|p2|Chien-Pao, L50|\n|poke|p2|Ogerpon-Hearthflame, L50, F|\n|teampreview|4\n|\n|t:|1769602660\n|teamsize|p1|4\n|teamsize|p2|4\n|start\n|switch|p1a: Whimsicott|Whimsicott, L50, F|100/100\n|switch|p1b: Kyurem|Kyurem-White, L50|100/100\n|switch|p2a: Jordan 96/97|Ting-Lu, L50|100/100\n|switch|p2b: Ivan Karamazov|Dondozo, L50, M|100/100\n|-ability|p1b: Kyurem|Turboblaze\n|-ability|p2a: Jordan 96/97|Vessel of Ruin\n|turn|1\n|\n|t:|1769602676\n|-terastallize|p2a: Jordan 96/97|Fairy\n|move|p1a: Whimsicott|Energy Ball|p2b: Ivan Karamazov\n|-supereffective|p2b: Ivan Karamazov\n|-damage|p2b: Ivan Karamazov|65/100\n|move|p1b: Kyurem|Blizzard|p2b: Ivan Karamazov|[spread] p2a,p2b\n|-crit|p2a: Jordan 96/97\n|-resisted|p2b: Ivan Karamazov\n|-damage|p2a: Jordan 96/97|59/100\n|-damage|p2b: Ivan Karamazov|51/100\n|move|p2a: Jordan 96/97|Sand Tomb|p1b: Kyurem\n|-damage|p1b: Kyurem|90/100\n|-activate|p1b: Kyurem|move: Sand Tomb|[of] p2a: Jordan 96/97\n|move|p2b: Ivan Karamazov|Yawn|p1a: Whimsicott\n|-start|p1a: Whimsicott|move: Yawn|[of] p2b: Ivan Karamazov\n|\n|-heal|p2b: Ivan Karamazov|57/100|[from] item: Leftovers\n|-damage|p1b: Kyurem|77/100|[from] move: Sand Tomb|[partiallytrapped]\n|upkeep\n|turn|2\n|\n|t:|1769602703\n|switch|p1a: Brute Bonnet|Brute Bonnet, L50|100/100\n|move|p1b: Kyurem|Blizzard|p2b: Ivan Karamazov|[spread] p2a\n|-miss|p1b: Kyurem|p2b: Ivan Karamazov\n|-enditem|p1b: Kyurem|Blunder Policy\n|-boost|p1b: Kyurem|spe|2\n|-crit|p2a: Jordan 96/97\n|-damage|p2a: Jordan 96/97|14/100\n|move|p2a: Jordan 96/97|Sand Tomb|p1a: Brute Bonnet\n|-resisted|p1a: Brute Bonnet\n|-damage|p1a: Brute Bonnet|96/100\n|-activate|p1a: Brute Bonnet|move: Sand Tomb|[of] p2a: Jordan 96/97\n|move|p2b: Ivan Karamazov|Yawn|p1b: Kyurem\n|-start|p1b: Kyurem|move: Yawn|[of] p2b: Ivan Karamazov\n|\n|-heal|p2b: Ivan Karamazov|64/100|[from] item: Leftovers\n|-damage|p1b: Kyurem|65/100|[from] move: Sand Tomb|[partiallytrapped]\n|-damage|p1a: Brute Bonnet|84/100|[from] move: Sand Tomb|[partiallytrapped]\n|upkeep\n|turn|3\n|\n|t:|1769602723\n|move|p2a: Jordan 96/97|Protect|p2a: Jordan 96/97\n|-singleturn|p2a: Jordan 96/97|Protect\n|move|p2b: Ivan Karamazov|Protect|p2b: Ivan Karamazov\n|-singleturn|p2b: Ivan Karamazov|Protect\n|move|p1b: Kyurem|Blizzard|p2a: Jordan 96/97|[spread] \n|-activate|p2a: Jordan 96/97|move: Protect\n|-activate|p2b: Ivan Karamazov|move: Protect\n|move|p1a: Brute Bonnet|Spore|p2a: Jordan 96/97\n|-activate|p2a: Jordan 96/97|move: Protect\n|\n|-heal|p2b: Ivan Karamazov|70/100|[from] item: Leftovers\n|-damage|p1b: Kyurem|52/100|[from] move: Sand Tomb|[partiallytrapped]\n|-damage|p1a: Brute Bonnet|72/100|[from] move: Sand Tomb|[partiallytrapped]\n|-end|p1b: Kyurem|move: Yawn|[silent]\n|-status|p1b: Kyurem|slp\n|upkeep\n|turn|4\n|\n|t:|1769602754\n|cant|p1b: Kyurem|slp\n|move|p1a: Brute Bonnet|Spore|p2b: Ivan Karamazov\n|-status|p2b: Ivan Karamazov|slp|[from] move: Spore\n|move|p2a: Jordan 96/97|Ruination|p1a: Brute Bonnet\n|-damage|p1a: Brute Bonnet|36/100\n|-enditem|p1a: Brute Bonnet|Sitrus Berry|[eat]\n|-heal|p1a: Brute Bonnet|61/100|[from] item: Sitrus Berry\n|cant|p2b: Ivan Karamazov|slp\n|\n|-heal|p2b: Ivan Karamazov|76/100 slp|[from] item: Leftovers\n|-damage|p1b: Kyurem|40/100 slp|[from] move: Sand Tomb|[partiallytrapped]\n|-damage|p1a: Brute Bonnet|49/100|[from] move: Sand Tomb|[partiallytrapped]\n|upkeep\n|turn|5\n|\n|t:|1769602770\n|cant|p1b: Kyurem|slp\n|move|p1a: Brute Bonnet|Spore|p2a: Jordan 96/97\n|-status|p2a: Jordan 96/97|slp|[from] move: Spore\n|cant|p2a: Jordan 96/97|slp\n|cant|p2b: Ivan Karamazov|slp\n|\n|-heal|p2b: Ivan Karamazov|82/100 slp|[from] item: Leftovers\n|-end|p1b: Kyurem|Sand Tomb|[partiallytrapped]\n|-damage|p1a: Brute Bonnet|36/100|[from] move: Sand Tomb|[partiallytrapped]\n|upkeep\n|turn|6\n|\n|t:|1769602791\n|move|p1a: Brute Bonnet|Sucker Punch|p2a: Jordan 96/97\n|-resisted|p2a: Jordan 96/97\n|-damage|p2a: Jordan 96/97|5/100 slp\n|-damage|p1a: Brute Bonnet|20/100|[from] item: Rocky Helmet|[of] p2a: Jordan 96/97\n|cant|p1b: Kyurem|slp\n|-curestatus|p2a: Jordan 96/97|slp|[msg]\n|move|p2a: Jordan 96/97|Sand Tomb|p1b: Kyurem\n|-damage|p1b: Kyurem|28/100 slp\n|-activate|p1b: Kyurem|move: Sand Tomb|[of] p2a: Jordan 96/97\n|-curestatus|p2b: Ivan Karamazov|slp|[msg]\n|move|p2b: Ivan Karamazov|Yawn|p1a: Brute Bonnet\n|-start|p1a: Brute Bonnet|move: Yawn|[of] p2b: Ivan Karamazov\n|\n|-heal|p2b: Ivan Karamazov|88/100|[from] item: Leftovers\n|-damage|p1b: Kyurem|16/100 slp|[from] move: Sand Tomb|[partiallytrapped]\n|-damage|p1a: Brute Bonnet|7/100|[from] move: Sand Tomb|[partiallytrapped]\n|upkeep\n|turn|7\n|\n|t:|1769602806\n|move|p2b: Ivan Karamazov|Protect|p2b: Ivan Karamazov\n|-singleturn|p2b: Ivan Karamazov|Protect\n|-curestatus|p1b: Kyurem|slp|[msg]\n|move|p1b: Kyurem|Blizzard|p2b: Ivan Karamazov|[spread] p2a\n|-activate|p2b: Ivan Karamazov|move: Protect\n|-damage|p2a: Jordan 96/97|0 fnt\n|faint|p2a: Jordan 96/97\n|move|p1a: Brute Bonnet|Spore|p2b: Ivan Karamazov\n|-activate|p2b: Ivan Karamazov|move: Protect\n|\n|-heal|p2b: Ivan Karamazov|95/100|[from] item: Leftovers\n|-end|p1b: Kyurem|Sand Tomb|[partiallytrapped]|[silent]\n|-end|p1a: Brute Bonnet|Sand Tomb|[partiallytrapped]\n|-end|p1a: Brute Bonnet|move: Yawn|[silent]\n|-status|p1a: Brute Bonnet|slp\n|upkeep\n|\n|t:|1769602809\n|switch|p2a: 221 speed|Calyrex-Shadow, L50|100/100\n|-ability|p2a: 221 speed|As One\n|-ability|p2a: 221 speed|Unnerve\n|turn|8\n|\n|t:|1769602815\n|cant|p1a: Brute Bonnet|slp\n|move|p1b: Kyurem|Shadow Ball|p2a: 221 speed\n|-supereffective|p2a: 221 speed\n|-enditem|p2a: 221 speed|Focus Sash\n|-damage|p2a: 221 speed|1/100\n|move|p2a: 221 speed|Astral Barrage|p1b: Kyurem|[spread] p1a,p1b\n|-resisted|p1a: Brute Bonnet\n|-damage|p1a: Brute Bonnet|0 fnt\n|-damage|p1b: Kyurem|0 fnt\n|faint|p1a: Brute Bonnet\n|-end|p1a: Brute Bonnet|Protosynthesis|[silent]\n|faint|p1b: Kyurem\n|-ability|p2a: 221 speed|Grim Neigh|boost\n|-boost|p2a: 221 speed|spa|2\n|move|p2b: Ivan Karamazov|Substitute|p2b: Ivan Karamazov\n|-start|p2b: Ivan Karamazov|Substitute\n|-damage|p2b: Ivan Karamazov|70/100\n|\n|-heal|p2b: Ivan Karamazov|76/100|[from] item: Leftovers\n|upkeep\n|\n|t:|1769602824\n|switch|p1b: Groudon|Groudon, L50|100/100\n|switch|p1a: Whimsicott|Whimsicott, L50, F|100/100\n|-weather|SunnyDay|[from] ability: Drought|[of] p1b: Groudon\n|turn|9\n|\n|t:|1769602833\n|move|p1a: Whimsicott|Tailwind|p1a: Whimsicott\n|-sidestart|p1: i\u2764\u5a1c\u7984forever|move: Tailwind\n|move|p1b: Groudon|Precipice Blades|p2b: Ivan Karamazov|[spread] p2a\n|-miss|p1b: Groudon|p2b: Ivan Karamazov\n|-damage|p2a: 221 speed|0 fnt\n|faint|p2a: 221 speed\n|move|p2b: Ivan Karamazov|Yawn|p1b: Groudon\n|-start|p1b: Groudon|move: Yawn|[of] p2b: Ivan Karamazov\n|\n|-weather|SunnyDay|[upkeep]\n|-heal|p2b: Ivan Karamazov|82/100|[from] item: Leftovers\n|upkeep\n|\n|t:|1769602838\n|switch|p2a: Magnus Carlsen|Zamazenta-Crowned, L50|100/100\n|-ability|p2a: Magnus Carlsen|Dauntless Shield|boost\n|-boost|p2a: Magnus Carlsen|def|1\n|turn|10\n|\n|t:|1769602862\n|move|p2a: Magnus Carlsen|Protect|p2a: Magnus Carlsen\n|-singleturn|p2a: Magnus Carlsen|Protect\n|move|p1a: Whimsicott|Energy Ball|p2b: Ivan Karamazov\n|-supereffective|p2b: Ivan Karamazov\n|-end|p2b: Ivan Karamazov|Substitute\n|move|p1b: Groudon|Precipice Blades|p2b: Ivan Karamazov|[spread] p2b\n|-activate|p2a: Magnus Carlsen|move: Protect\n|-damage|p2b: Ivan Karamazov|51/100\n|move|p2b: Ivan Karamazov|Yawn|p1a: Whimsicott\n|-start|p1a: Whimsicott|move: Yawn|[of] p2b: Ivan Karamazov\n|\n|-weather|SunnyDay|[upkeep]\n|-heal|p2b: Ivan Karamazov|58/100|[from] item: Leftovers\n|-end|p1b: Groudon|move: Yawn|[silent]\n|-status|p1b: Groudon|slp\n|upkeep\n|turn|11\n|\n|t:|1769602883\n|move|p1a: Whimsicott|Endeavor|p2a: Magnus Carlsen\n|-damage|p2a: Magnus Carlsen|67/100\n|cant|p1b: Groudon|slp\n|move|p2a: Magnus Carlsen|Heavy Slam|p1a: Whimsicott\n|-supereffective|p1a: Whimsicott\n|-enditem|p1a: Whimsicott|Focus Sash\n|-damage|p1a: Whimsicott|1/100\n|move|p2b: Ivan Karamazov|Substitute|p2b: Ivan Karamazov\n|-start|p2b: Ivan Karamazov|Substitute\n|-damage|p2b: Ivan Karamazov|33/100\n|\n|-weather|SunnyDay|[upkeep]\n|-heal|p2b: Ivan Karamazov|39/100|[from] item: Leftovers\n|-end|p1a: Whimsicott|move: Yawn|[silent]\n|-status|p1a: Whimsicott|slp\n|upkeep\n|turn|12\n|\n|t:|1769602911\n|move|p2a: Magnus Carlsen|Protect|p2a: Magnus Carlsen\n|-singleturn|p2a: Magnus Carlsen|Protect\n|cant|p1a: Whimsicott|slp\n|-curestatus|p1b: Groudon|slp|[msg]\n|move|p1b: Groudon|Precipice Blades|p2a: Magnus Carlsen|[spread] p2b\n|-activate|p2a: Magnus Carlsen|move: Protect\n|-end|p2b: Ivan Karamazov|Substitute\n|move|p2b: Ivan Karamazov|Wave Crash|p1a: Whimsicott\n|-resisted|p1a: Whimsicott\n|-damage|p1a: Whimsicott|0 fnt\n|faint|p1a: Whimsicott\n|-damage|p2b: Ivan Karamazov|39/100|[from] Recoil\n|\n|-weather|SunnyDay|[upkeep]\n|-heal|p2b: Ivan Karamazov|45/100|[from] item: Leftovers\n|-sideend|p1: i\u2764\u5a1c\u7984forever|move: Tailwind\n|upkeep\n|turn|13\n|\n|t:|1769602945\n|move|p2a: Magnus Carlsen|Body Press|p1b: Groudon\n|-damage|p1b: Groudon|55/100\n|move|p1b: Groudon|Heat Crash|p2a: Magnus Carlsen\n|-supereffective|p2a: Magnus Carlsen\n|-damage|p2a: Magnus Carlsen|49/100\n|move|p2b: Ivan Karamazov|Yawn|p1b: Groudon\n|-start|p1b: Groudon|move: Yawn|[of] p2b: Ivan Karamazov\n|\n|-weather|none\n|-heal|p2b: Ivan Karamazov|51/100|[from] item: Leftovers\n|upkeep\n|turn|14\n|-message|i\u2764\u5a1c\u7984forever forfeited.\n|\n|win|ice spice rider\n|raw|i\u2764\u5a1c\u7984forever's rating: 1347 &rarr; <strong>1328</strong><br />(-19 for losing)\n|raw|ice spice rider's rating: 1356 &rarr; <strong>1375</strong><br />(+19 for winning)\n|l|\u2606i\u2764\u5a1c\u7984forever\n|player|p1|\n|l|\u2606ice spice rider\n|player|p2|\n","uploadtime":1769603144,"views":13,"formatid":"gen9vgc2026regi","rating":1328,"private":0,"password":null}