{"id":"gen9vgc2026regi-2558393094","format":"[Gen 9] VGC 2026 Reg I","players":["offmetauser4life","jd8erh"],"log":"|j|\u2606offmetauser4life\n|j|\u2606jd8erh\n|t:|1773430183\n|gametype|doubles\n|player|p1|offmetauser4life|101|1400\n|player|p2|jd8erh|169|1506\n|gen|9\n|tier|[Gen 9] VGC 2026 Reg I\n|rated|\n|rule|Species Clause: Limit one of each Pok\u00e9mon\n|rule|Item Clause: Limit 1 of each item\n|clearpoke\n|poke|p1|Eternatus, L50|\n|poke|p1|Glimmora, L50, F|\n|poke|p1|Ting-Lu, L50|\n|poke|p1|Lunala, L50|\n|poke|p1|Ogerpon-Wellspring, L50, F|\n|poke|p1|Amoonguss, L50, M|\n|poke|p2|Calyrex-Ice, L50|\n|poke|p2|Miraidon, L50|\n|poke|p2|Incineroar, L50, M|\n|poke|p2|Ogerpon-Hearthflame, L50, F|\n|poke|p2|Urshifu-*, L50, F|\n|poke|p2|Farigiraf, L50, F|\n|teampreview|4\n|inactive|Battle timer is ON: inactive players will automatically lose when time's up. (requested by jd8erh)\n|\n|t:|1773430207\n|teamsize|p1|4\n|teamsize|p2|4\n|start\n|switch|p1a: Eternatus|Eternatus, L50|100/100\n|switch|p1b: Ting-Lu|Ting-Lu, L50, shiny|100/100\n|switch|p2a: Ogerpon|Ogerpon-Hearthflame, L50, F|100/100\n|switch|p2b: Incineroar|Incineroar, L50, M|100/100\n|-ability|p1a: Eternatus|Pressure\n|-ability|p2a: Ogerpon|Mold Breaker\n|-ability|p2b: Incineroar|Intimidate|boost\n|-unboost|p1a: Eternatus|atk|1\n|-unboost|p1b: Ting-Lu|atk|1\n|-ability|p1b: Ting-Lu|Vessel of Ruin\n|turn|1\n|\n|t:|1773430214\n|move|p1a: Eternatus|Protect|p1a: Eternatus\n|-singleturn|p1a: Eternatus|Protect\n|move|p2b: Incineroar|Fake Out|p1a: Eternatus\n|-activate|p1a: Eternatus|move: Protect\n|move|p2a: Ogerpon|Wood Hammer|p1b: Ting-Lu\n|-supereffective|p1b: Ting-Lu\n|-damage|p1b: Ting-Lu|37/100\n|-damage|p2a: Ogerpon|70/100|[from] Recoil\n|move|p1b: Ting-Lu|Stomping Tantrum|p2a: Ogerpon\n|-damage|p2a: Ogerpon|47/100\n|\n|upkeep\n|turn|2\n|\n|t:|1773430229\n|switch|p1b: Amoonguss|Amoonguss, L50, M, shiny|100/100\n|move|p2a: Ogerpon|Spiky Shield|p2a: Ogerpon\n|-singleturn|p2a: Ogerpon|move: Protect\n|move|p1a: Eternatus|Cosmic Power|p1a: Eternatus\n|-boost|p1a: Eternatus|def|1\n|-boost|p1a: Eternatus|spd|1\n|move|p2b: Incineroar|Knock Off|p1a: Eternatus\n|-damage|p1a: Eternatus|82/100\n|-enditem|p1a: Eternatus|Binding Band|[from] move: Knock Off|[of] p2b: Incineroar\n|\n|upkeep\n|turn|3\n|\n|t:|1773430238\n|move|p1b: Amoonguss|Protect|p1b: Amoonguss\n|-singleturn|p1b: Amoonguss|Protect\n|move|p1a: Eternatus|Cosmic Power|p1a: Eternatus\n|-boost|p1a: Eternatus|def|1\n|-boost|p1a: Eternatus|spd|1\n|move|p2a: Ogerpon|Ivy Cudgel|p1b: Amoonguss|[anim] Ivy Cudgel Fire\n|-activate|p1b: Amoonguss|move: Protect\n|move|p2b: Incineroar|U-turn|p1b: Amoonguss\n|-activate|p1b: Amoonguss|move: Protect\n|\n|upkeep\n|turn|4\n|\n|t:|1773430253\n|switch|p1b: Ting-Lu|Ting-Lu, L50, shiny|37/100\n|-ability|p1b: Ting-Lu|Vessel of Ruin\n|move|p1a: Eternatus|Cosmic Power|p1a: Eternatus\n|-boost|p1a: Eternatus|def|1\n|-boost|p1a: Eternatus|spd|1\n|move|p2a: Ogerpon|Ivy Cudgel|p1b: Ting-Lu|[anim] Ivy Cudgel Fire\n|-damage|p1b: Ting-Lu|10/100\n|move|p2b: Incineroar|U-turn|p1b: Ting-Lu\n|-supereffective|p1b: Ting-Lu\n|-damage|p1b: Ting-Lu|0 fnt\n|faint|p1b: Ting-Lu\n|\n|t:|1773430257\n|switch|p2b: Calyrex|Calyrex-Ice, L50|100/100|[from] U-turn\n|-ability|p2b: Calyrex|As One\n|-ability|p2b: Calyrex|Unnerve\n|\n|upkeep\n|\n|t:|1773430267\n|switch|p1b: Lunala|Lunala, L50, shiny|100/100\n|turn|5\n|\n|t:|1773430276\n|switch|p2a: Incineroar|Incineroar, L50, M|100/100\n|-ability|p2a: Incineroar|Intimidate|boost\n|-unboost|p1a: Eternatus|atk|1\n|-unboost|p1b: Lunala|atk|1\n|-terastallize|p2b: Calyrex|Water\n|move|p1a: Eternatus|Cosmic Power|p1a: Eternatus\n|-boost|p1a: Eternatus|def|1\n|-boost|p1a: Eternatus|spd|1\n|move|p1b: Lunala|Will-O-Wisp|p2b: Calyrex\n|-status|p2b: Calyrex|brn\n|move|p2b: Calyrex|Leech Seed|p1a: Eternatus\n|-start|p1a: Eternatus|move: Leech Seed\n|\n|-damage|p1a: Eternatus|70/100|[from] Leech Seed|[of] p2b: Calyrex\n|-damage|p2b: Calyrex|95/100 brn|[from] brn\n|upkeep\n|turn|6\n|inactive|offmetauser4life has 30 seconds left.\n|\n|t:|1773430302\n|-terastallize|p1a: Eternatus|Fairy\n|move|p1a: Eternatus|Fire Spin|p2b: Calyrex\n|-resisted|p2b: Calyrex\n|-damage|p2b: Calyrex|91/100 brn\n|-activate|p2b: Calyrex|move: Fire Spin|[of] p1a: Eternatus\n|move|p1b: Lunala|Moongeist Beam|p2b: Calyrex\n|-crit|p2b: Calyrex\n|-damage|p2b: Calyrex|41/100 brn\n|move|p2a: Incineroar|Knock Off|p1b: Lunala\n|-supereffective|p1b: Lunala\n|-damage|p1b: Lunala|39/100\n|-enditem|p1b: Lunala|Leftovers|[from] move: Knock Off|[of] p2a: Incineroar\n|move|p2b: Calyrex|Glacial Lance|p1b: Lunala|[spread] p1a,p1b\n|-damage|p1a: Eternatus|63/100\n|-damage|p1b: Lunala|18/100\n|\n|-heal|p2b: Calyrex|46/100 brn|[from] item: Leftovers\n|-damage|p1a: Eternatus|51/100|[from] Leech Seed|[of] p2b: Calyrex\n|-heal|p2b: Calyrex|61/100 brn|[silent]\n|-damage|p2b: Calyrex|55/100 brn|[from] brn\n|-damage|p2b: Calyrex|43/100 brn|[from] move: Fire Spin|[partiallytrapped]\n|upkeep\n|turn|7\n|\n|t:|1773430322\n|move|p2b: Calyrex|Protect|p2b: Calyrex\n|-singleturn|p2b: Calyrex|Protect\n|move|p1b: Lunala|Wide Guard|p1b: Lunala\n|-singleturn|p1b: Lunala|Wide Guard\n|move|p1a: Eternatus|Recover|p1a: Eternatus\n|-heal|p1a: Eternatus|100/100\n|move|p2a: Incineroar|Knock Off|p1b: Lunala\n|-supereffective|p1b: Lunala\n|-damage|p1b: Lunala|0 fnt\n|faint|p1b: Lunala\n|\n|-heal|p2b: Calyrex|49/100 brn|[from] item: Leftovers\n|-damage|p1a: Eternatus|88/100|[from] Leech Seed|[of] p2b: Calyrex\n|-heal|p2b: Calyrex|63/100 brn|[silent]\n|-damage|p2b: Calyrex|58/100 brn|[from] brn\n|-damage|p2b: Calyrex|45/100 brn|[from] move: Fire Spin|[partiallytrapped]\n|upkeep\n|\n|t:|1773430325\n|switch|p1b: Amoonguss|Amoonguss, L50, M, shiny|100/100\n|turn|8\n|\n|t:|1773430344\n|move|p1b: Amoonguss|Protect|p1b: Amoonguss\n|-singleturn|p1b: Amoonguss|Protect\n|move|p1a: Eternatus|Cosmic Power|p1a: Eternatus\n|-boost|p1a: Eternatus|def|1\n|-boost|p1a: Eternatus|spd|1\n|move|p2a: Incineroar|Flare Blitz|p1b: Amoonguss\n|-activate|p1b: Amoonguss|move: Protect\n|move|p2b: Calyrex|Glacial Lance|p1b: Amoonguss|[spread] p1a\n|-activate|p1b: Amoonguss|move: Protect\n|-damage|p1a: Eternatus|83/100\n|\n|-heal|p2b: Calyrex|51/100 brn|[from] item: Leftovers\n|-damage|p1a: Eternatus|71/100|[from] Leech Seed|[of] p2b: Calyrex\n|-heal|p2b: Calyrex|66/100 brn|[silent]\n|-damage|p2b: Calyrex|60/100 brn|[from] brn\n|-damage|p2b: Calyrex|48/100 brn|[from] move: Fire Spin|[partiallytrapped]\n|upkeep\n|turn|9\n|\n|t:|1773430355\n|move|p1a: Eternatus|Recover|p1a: Eternatus\n|-heal|p1a: Eternatus|100/100\n|move|p2a: Incineroar|Flare Blitz|p1b: Amoonguss\n|-supereffective|p1b: Amoonguss\n|-damage|p1b: Amoonguss|31/100\n|-damage|p2a: Incineroar|84/100|[from] item: Rocky Helmet|[of] p1b: Amoonguss\n|-damage|p2a: Incineroar|59/100|[from] Recoil\n|move|p2b: Calyrex|Glacial Lance|p1b: Amoonguss|[spread] p1a,p1b\n|-supereffective|p1b: Amoonguss\n|-damage|p1a: Eternatus|95/100\n|-damage|p1b: Amoonguss|0 fnt\n|faint|p1b: Amoonguss\n|-ability|p2b: Calyrex|Chilling Neigh|boost\n|-boost|p2b: Calyrex|atk|1\n|\n|-heal|p2b: Calyrex|54/100 brn|[from] item: Leftovers\n|-damage|p1a: Eternatus|83/100|[from] Leech Seed|[of] p2b: Calyrex\n|-heal|p2b: Calyrex|68/100 brn|[silent]\n|-damage|p2b: Calyrex|62/100 brn|[from] brn\n|-damage|p2b: Calyrex|50/100 brn|[from] move: Fire Spin|[partiallytrapped]\n|upkeep\n|turn|10\n|\n|t:|1773430366\n|move|p1a: Eternatus|Fire Spin|p2b: Calyrex\n|-resisted|p2b: Calyrex\n|-damage|p2b: Calyrex|47/100 brn\n|move|p2a: Incineroar|U-turn|p1a: Eternatus\n|-resisted|p1a: Eternatus\n|-damage|p1a: Eternatus|81/100\n|\n|t:|1773430377\n|switch|p2a: Ogerpon|Ogerpon-Hearthflame, L50, F|47/100|[from] U-turn\n|-ability|p2a: Ogerpon|Mold Breaker\n|move|p2b: Calyrex|Glacial Lance|p1a: Eternatus\n|-damage|p1a: Eternatus|71/100\n|\n|-heal|p2b: Calyrex|53/100 brn|[from] item: Leftovers\n|-damage|p1a: Eternatus|58/100|[from] Leech Seed|[of] p2b: Calyrex\n|-heal|p2b: Calyrex|67/100 brn|[silent]\n|-damage|p2b: Calyrex|61/100 brn|[from] brn\n|-end|p2b: Calyrex|Fire Spin|[partiallytrapped]\n|upkeep\n|turn|11\n|l|\u2606offmetauser4life\n|inactive|offmetauser4life disconnected and has a minute to reconnect!\n|player|p1|\n|\n|t:|1773430400\n|move|p2a: Ogerpon|Spiky Shield|p2a: Ogerpon\n|-singleturn|p2a: Ogerpon|move: Protect\n|move|p1a: Eternatus|Recover|p1a: Eternatus\n|-heal|p1a: Eternatus|100/100\n|move|p2b: Calyrex|Trick Room|p2b: Calyrex\n|-fieldstart|move: Trick Room|[of] p2b: Calyrex\n|\n|-heal|p2b: Calyrex|67/100 brn|[from] item: Leftovers\n|-damage|p1a: Eternatus|88/100|[from] Leech Seed|[of] p2b: Calyrex\n|-heal|p2b: Calyrex|82/100 brn|[silent]\n|-damage|p2b: Calyrex|76/100 brn|[from] brn\n|upkeep\n|turn|12\n|inactive|offmetauser4life has 30 seconds left.\n|inactive|offmetauser4life has 20 seconds left.\n|inactive|offmetauser4life has 15 seconds left.\n|inactive|offmetauser4life has 10 seconds left.\n|inactive|offmetauser4life has 5 seconds left.\n|-message|offmetauser4life lost due to inactivity.\n|\n|win|jd8erh\n|raw|offmetauser4life's rating: 1400 &rarr; <strong>1386</strong><br />(-14 for losing)\n|raw|jd8erh's rating: 1506 &rarr; <strong>1520</strong><br />(+14 for winning)\n|l|\u2606jd8erh\n|player|p2|\n","uploadtime":1773430617,"views":13,"formatid":"gen9vgc2026regi","rating":1386,"private":0,"password":null}