{"id":"gen9vgc2026regi-2566692388","format":"[Gen 9] VGC 2026 Reg I","players":["yuri1910","Professor Hen"],"log":"|j|\u2606yuri1910\n|j|\u2606Professor Hen\n|t:|1774398815\n|gametype|doubles\n|player|p1|yuri1910|linebacker|1467\n|player|p2|Professor Hen|2|1458\n|gen|9\n|tier|[Gen 9] VGC 2026 Reg I\n|rated|\n|rule|Species Clause: Limit one of each Pok\u00e9mon\n|rule|Item Clause: Limit 1 of each item\n|clearpoke\n|poke|p1|Calyrex-Ice, L50|\n|poke|p1|Kyogre, L50|\n|poke|p1|Grimmsnarl, L50, M|\n|poke|p1|Rillaboom, L50, F|\n|poke|p1|Urshifu-*, L50, F|\n|poke|p1|Landorus, L50, M|\n|poke|p2|Ditto, L50|\n|poke|p2|Kyogre, L50|\n|poke|p2|Iron Bundle, L50|\n|poke|p2|Grimmsnarl, L50, M|\n|poke|p2|Archaludon, L50, F|\n|poke|p2|Miraidon, L50|\n|teampreview|4\nProfessor Hen has agreed to open team sheets.\n|\n|t:|1774398858\n|teamsize|p1|4\n|teamsize|p2|4\n|start\n|switch|p1a: Grimmsnarl|Grimmsnarl, L50, M|100/100\n|switch|p1b: Rillaboom|Rillaboom, L50, F|100/100\n|switch|p2a: Iron Bundle|Iron Bundle, L50|100/100\n|switch|p2b: Miraidon|Miraidon, L50|100/100\n|-fieldstart|move: Electric Terrain|[from] ability: Hadron Engine|[of] p2b: Miraidon\n|-activate|p2a: Iron Bundle|ability: Quark Drive\n|-start|p2a: Iron Bundle|quarkdrivespe\n|-fieldstart|move: Grassy Terrain|[from] ability: Grassy Surge|[of] p1b: Rillaboom\n|-end|p2a: Iron Bundle|Quark Drive\n|turn|1\n|\n|t:|1774398905\n|move|p1a: Grimmsnarl|Light Screen|p1a: Grimmsnarl\n|-sidestart|p1: yuri1910|move: Light Screen\n|move|p2a: Iron Bundle|Taunt|p1a: Grimmsnarl\n|-start|p1a: Grimmsnarl|move: Taunt\n|move|p2b: Miraidon|Volt Switch|p1a: Grimmsnarl\n|-damage|p1a: Grimmsnarl|63/100\n|\n|t:|1774398918\n|switch|p2b: Grimmsnarl|Grimmsnarl, L50, M|100/100|[from] Volt Switch\n|move|p1b: Rillaboom|U-turn|p2b: Grimmsnarl\n|-damage|p2b: Grimmsnarl|80/100\n|\n|t:|1774398925\n|switch|p1b: Calyrex|Calyrex-Ice, L50|100/100|[from] U-turn\n|-ability|p1b: Calyrex|As One\n|-ability|p1b: Calyrex|Unnerve\n|\n|-heal|p2b: Grimmsnarl|86/100|[from] Grassy Terrain\n|-heal|p1a: Grimmsnarl|69/100|[from] Grassy Terrain\n|upkeep\n|turn|2\n|j| Ascitiesdrown\n|\n|t:|1774398947\n|move|p2b: Grimmsnarl|Fake Out|p1b: Calyrex\n|-damage|p1b: Calyrex|93/100\n|move|p2a: Iron Bundle|Hydro Pump|p1b: Calyrex\n|-damage|p1b: Calyrex|71/100\n|move|p1a: Grimmsnarl|Spirit Break|p2a: Iron Bundle\n|-damage|p2a: Iron Bundle|63/100\n|-unboost|p2a: Iron Bundle|spa|1\n|cant|p1b: Calyrex|flinch\n|\n|-heal|p2a: Iron Bundle|69/100|[from] Grassy Terrain\n|-heal|p1a: Grimmsnarl|75/100|[from] Grassy Terrain\n|-heal|p2b: Grimmsnarl|92/100|[from] Grassy Terrain\n|-heal|p1b: Calyrex|77/100|[from] Grassy Terrain\n|-heal|p1b: Calyrex|83/100|[from] item: Leftovers\n|upkeep\n|turn|3\n|\n|t:|1774398980\n|-end|p2a: Iron Bundle|Quark Drive|[silent]\n|switch|p2a: Kyogre|Kyogre, L50|100/100\n|-weather|RainDance|[from] ability: Drizzle|[of] p2a: Kyogre\n|move|p2b: Grimmsnarl|Fake Tears|p1b: Calyrex\n|-unboost|p1b: Calyrex|spd|2\n|move|p1a: Grimmsnarl|Spirit Break|p2a: Kyogre\n|-damage|p2a: Kyogre|66/100\n|-unboost|p2a: Kyogre|spa|1\n|move|p1b: Calyrex|Glacial Lance|p2b: Grimmsnarl|[spread] p2a,p2b\n|-resisted|p2a: Kyogre\n|-damage|p2a: Kyogre|39/100\n|-damage|p2b: Grimmsnarl|43/100\n|\n|-weather|RainDance|[upkeep]\n|-heal|p2a: Kyogre|45/100|[from] Grassy Terrain\n|-heal|p2b: Grimmsnarl|49/100|[from] Grassy Terrain\n|-heal|p1a: Grimmsnarl|81/100|[from] Grassy Terrain\n|-heal|p1b: Calyrex|88/100|[from] Grassy Terrain\n|-heal|p1b: Calyrex|94/100|[from] item: Leftovers\n|upkeep\n|turn|4\n|\n|t:|1774399046\n|switch|p2b: Iron Bundle|Iron Bundle, L50|69/100\n|move|p2a: Kyogre|Protect|p2a: Kyogre\n|-singleturn|p2a: Kyogre|Protect\n|move|p1a: Grimmsnarl|Spirit Break|p2b: Iron Bundle\n|-damage|p2b: Iron Bundle|30/100\n|-unboost|p2b: Iron Bundle|spa|1\n|move|p1b: Calyrex|Glacial Lance|p2b: Iron Bundle|[spread] p2b\n|-activate|p2a: Kyogre|move: Protect\n|-resisted|p2b: Iron Bundle\n|-damage|p2b: Iron Bundle|13/100\n|\n|-weather|RainDance|[upkeep]\n|-heal|p2b: Iron Bundle|19/100|[from] Grassy Terrain\n|-heal|p2a: Kyogre|51/100|[from] Grassy Terrain\n|-heal|p1a: Grimmsnarl|87/100|[from] Grassy Terrain\n|-heal|p1b: Calyrex|99/100|[from] Grassy Terrain\n|-heal|p1b: Calyrex|100/100|[from] item: Leftovers\n|-end|p1a: Grimmsnarl|move: Taunt\n|upkeep\n|turn|5\n|\n|t:|1774399080\n|move|p1b: Calyrex|Protect|p1b: Calyrex\n|-singleturn|p1b: Calyrex|Protect\n|move|p2b: Iron Bundle|Hydro Pump|p1b: Calyrex\n|-activate|p1b: Calyrex|move: Protect\n|move|p2a: Kyogre|Origin Pulse|p1b: Calyrex|[spread] \n|-activate|p1b: Calyrex|move: Protect\n|-miss|p2a: Kyogre|p1a: Grimmsnarl\n|move|p1a: Grimmsnarl|Spirit Break|p2b: Iron Bundle\n|-damage|p2b: Iron Bundle|0 fnt\n|faint|p2b: Iron Bundle\n|-end|p2b: Iron Bundle|Quark Drive|[silent]\n|\n|-weather|RainDance|[upkeep]\n|-heal|p2a: Kyogre|57/100|[from] Grassy Terrain\n|-heal|p1a: Grimmsnarl|93/100|[from] Grassy Terrain\n|-fieldend|move: Grassy Terrain\n|upkeep\n|\n|t:|1774399083\n|switch|p2b: Grimmsnarl|Grimmsnarl, L50, M|49/100\n|turn|6\n|\n|t:|1774399123\n|move|p2b: Grimmsnarl|Fake Out|p1a: Grimmsnarl\n|-damage|p1a: Grimmsnarl|82/100\n|move|p2a: Kyogre|Origin Pulse|p1a: Grimmsnarl|[spread] p1a,p1b\n|-damage|p1a: Grimmsnarl|43/100\n|-damage|p1b: Calyrex|53/100\n|cant|p1a: Grimmsnarl|flinch\n|move|p1b: Calyrex|Glacial Lance|p2b: Grimmsnarl|[spread] p2a,p2b\n|-resisted|p2a: Kyogre\n|-damage|p2a: Kyogre|30/100\n|-damage|p2b: Grimmsnarl|3/100\n|\n|-weather|RainDance|[upkeep]\n|-heal|p1b: Calyrex|58/100|[from] item: Leftovers\n|upkeep\n|turn|7\n|\n|t:|1774399158\n|switch|p1b: Rillaboom|Rillaboom, L50, F|100/100\n|-fieldstart|move: Grassy Terrain|[from] ability: Grassy Surge|[of] p1b: Rillaboom\n|move|p2b: Grimmsnarl|Fake Tears|p1b: Rillaboom\n|-unboost|p1b: Rillaboom|spd|2\n|move|p2a: Kyogre|Origin Pulse|p1a: Grimmsnarl|[spread] p1a,p1b\n|-resisted|p1b: Rillaboom\n|-damage|p1a: Grimmsnarl|6/100\n|-damage|p1b: Rillaboom|69/100\n|move|p1a: Grimmsnarl|Spirit Break|p2a: Kyogre\n|-damage|p2a: Kyogre|0 fnt\n|faint|p2a: Kyogre\n|\n|-weather|none\n|-heal|p1b: Rillaboom|74/100|[from] Grassy Terrain\n|-heal|p2b: Grimmsnarl|9/100|[from] Grassy Terrain\n|-heal|p1a: Grimmsnarl|12/100|[from] Grassy Terrain\n|upkeep\n|\n|t:|1774399172\n|switch|p2a: Miraidon|Miraidon, L50|100/100\n|-fieldstart|move: Electric Terrain|[from] ability: Hadron Engine|[of] p2a: Miraidon\n|-enditem|p2b: Grimmsnarl|Electric Seed\n|-boost|p2b: Grimmsnarl|def|1|[from] item: Electric Seed\n|turn|8\n|\n|t:|1774399212\n|switch|p1a: Landorus|Landorus, L50, M|100/100\n|-terastallize|p2a: Miraidon|Fairy\n|move|p1b: Rillaboom|Fake Out|p2b: Grimmsnarl\n|-damage|p2b: Grimmsnarl|2/100\n|cant|p2b: Grimmsnarl|flinch\n|move|p2a: Miraidon|Dazzling Gleam|p1b: Rillaboom|[spread] p1a,p1b\n|-damage|p1a: Landorus|56/100\n|-damage|p1b: Rillaboom|3/100\n|\n|-sideend|p1: yuri1910|move: Light Screen\n|upkeep\n|turn|9\n|\n|t:|1774399263\n|move|p2b: Grimmsnarl|Fake Tears|p1a: Landorus\n|-unboost|p1a: Landorus|spd|2\n|move|p2a: Miraidon|Dazzling Gleam|p1b: Rillaboom|[spread] p1a,p1b\n|-damage|p1a: Landorus|0 fnt\n|-damage|p1b: Rillaboom|0 fnt\n|faint|p1a: Landorus\n|faint|p1b: Rillaboom\n|\n|upkeep\n|\n|t:|1774399266\n|switch|p1a: Grimmsnarl|Grimmsnarl, L50, M|12/100\n|switch|p1b: Calyrex|Calyrex-Ice, L50|58/100\n|-ability|p1b: Calyrex|As One\n|-ability|p1b: Calyrex|Unnerve\n|turn|10\n|\n|t:|1774399285\n|move|p1a: Grimmsnarl|Light Screen|p1a: Grimmsnarl\n|-sidestart|p1: yuri1910|move: Light Screen\n|move|p2b: Grimmsnarl|Fake Tears|p1b: Calyrex\n|-unboost|p1b: Calyrex|spd|2\n|move|p2a: Miraidon|Dazzling Gleam|p1b: Calyrex|[spread] p1a,p1b\n|-supereffective|p1a: Grimmsnarl\n|-damage|p1a: Grimmsnarl|0 fnt\n|-damage|p1b: Calyrex|5/100\n|faint|p1a: Grimmsnarl\n|move|p1b: Calyrex|Glacial Lance|p2a: Miraidon|[spread] p2a,p2b\n|-damage|p2a: Miraidon|47/100\n|-damage|p2b: Grimmsnarl|0 fnt\n|faint|p2b: Grimmsnarl\n|-ability|p1b: Calyrex|Chilling Neigh|boost\n|-boost|p1b: Calyrex|atk|1\n|\n|-heal|p1b: Calyrex|11/100|[from] item: Leftovers\n|upkeep\n|turn|11\n|\n|t:|1774399296\n|move|p1b: Calyrex|Protect|p1b: Calyrex\n|-singleturn|p1b: Calyrex|Protect\n|move|p2a: Miraidon|Dazzling Gleam|p1b: Calyrex\n|-activate|p1b: Calyrex|move: Protect\n|\n|-heal|p1b: Calyrex|16/100|[from] item: Leftovers\n|upkeep\n|turn|12\n|\n|t:|1774399311\n|move|p2a: Miraidon|Dazzling Gleam|p1b: Calyrex\n|-damage|p1b: Calyrex|0 fnt\n|faint|p1b: Calyrex\n|\n|win|Professor Hen\n|raw|yuri1910's rating: 1467 &rarr; <strong>1446</strong><br />(-21 for losing)\n|raw|Professor Hen's rating: 1458 &rarr; <strong>1479</strong><br />(+21 for winning)\n|l|\u2606yuri1910\n|player|p1|\n|l|\u2606Professor Hen\n|player|p2|\n","uploadtime":1774399561,"views":10,"formatid":"gen9vgc2026regi","rating":1446,"private":0,"password":null}