{"id":"gen9vgc2026regi-2586763414","format":"[Gen 9] VGC 2026 Reg I","players":["Z3krom991","KCLord"],"log":"|j|\u2606Z3krom991\n|j|\u2606KCLord\n|t:|1776457996\n|gametype|doubles\n|player|p1|Z3krom991|n|1328\n|player|p2|KCLord|266|1449\n|gen|9\n|tier|[Gen 9] VGC 2026 Reg I\n|rated|\n|rule|Species Clause: Limit one of each Pok\u00e9mon\n|rule|Item Clause: Limit 1 of each item\n|clearpoke\n|poke|p1|Calyrex-Shadow, L50|\n|poke|p1|Farigiraf, L50, F|\n|poke|p1|Tornadus, L50, M|\n|poke|p1|Zamazenta-*, L50|\n|poke|p1|Rillaboom, L50, M|\n|poke|p1|Urshifu-*, L50, F|\n|poke|p2|Calyrex-Shadow, L50|\n|poke|p2|Zamazenta-*, L50|\n|poke|p2|Chien-Pao, L50|\n|poke|p2|Dragonite, L50, F|\n|poke|p2|Raging Bolt, L50|\n|poke|p2|Ogerpon-Cornerstone, L50, F|\n|teampreview|4\n|inactive|Battle timer is ON: inactive players will automatically lose when time's up. (requested by Z3krom991)\n|\n|t:|1776458044\n|teamsize|p1|4\n|teamsize|p2|4\n|start\n|switch|p1a: Rillaboom|Rillaboom, L50, M|100/100\n|switch|p1b: Calyrex|Calyrex-Shadow, L50|100/100\n|switch|p2a: Arlie|Chien-Pao, L50|100/100\n|switch|p2b: Zamazenta|Zamazenta-Crowned, L50|100/100\n|-ability|p1b: Calyrex|As One\n|-ability|p1b: Calyrex|Unnerve\n|-ability|p2a: Arlie|Sword of Ruin\n|-ability|p2b: Zamazenta|Dauntless Shield|boost\n|-boost|p2b: Zamazenta|def|1\n|-fieldstart|move: Grassy Terrain|[from] ability: Grassy Surge|[of] p1a: Rillaboom\n|turn|1\n|\n|t:|1776458066\n|move|p1a: Rillaboom|Fake Out|p2a: Arlie\n|-damage|p2a: Arlie|84/100\n|move|p1b: Calyrex|Nasty Plot|p1b: Calyrex\n|-boost|p1b: Calyrex|spa|2\n|cant|p2a: Arlie|flinch\n|move|p2b: Zamazenta|Body Press|p1a: Rillaboom\n|-damage|p1a: Rillaboom|16/100\n|\n|-heal|p2a: Arlie|90/100|[from] Grassy Terrain\n|-heal|p1a: Rillaboom|22/100|[from] Grassy Terrain\n|upkeep\n|turn|2\n|inactive|Z3krom991 has 30 seconds left.\n|inactive|KCLord has 30 seconds left.\n|\n|t:|1776458100\n|-terastallize|p1b: Calyrex|Fairy\n|move|p2b: Zamazenta|Wide Guard|p2b: Zamazenta\n|-singleturn|p2b: Zamazenta|Wide Guard\n|move|p1b: Calyrex|Astral Barrage|p2a: Arlie|[spread] \n|-activate|p2a: Arlie|move: Wide Guard\n|-activate|p2b: Zamazenta|move: Wide Guard\n|move|p2a: Arlie|Icy Wind|p1b: Calyrex|[spread] p1a,p1b\n|-supereffective|p1a: Rillaboom\n|-damage|p1a: Rillaboom|8/100\n|-damage|p1b: Calyrex|88/100\n|-unboost|p1a: Rillaboom|spe|1\n|-unboost|p1b: Calyrex|spe|1\n|move|p1a: Rillaboom|U-turn|p2b: Zamazenta\n|-resisted|p2b: Zamazenta\n|-damage|p2b: Zamazenta|98/100\n|\n|t:|1776458115\n|switch|p1a: Tornadus|Tornadus, L50, M|100/100|[from] U-turn\n|\n|-heal|p2a: Arlie|96/100|[from] Grassy Terrain\n|-heal|p2b: Zamazenta|100/100|[from] Grassy Terrain\n|-heal|p1b: Calyrex|94/100|[from] Grassy Terrain\n|upkeep\n|turn|3\n|\n|t:|1776458127\n|move|p1a: Tornadus|Tailwind|p1a: Tornadus\n|-sidestart|p1: Z3krom991|move: Tailwind\n|move|p1b: Calyrex|Draining Kiss|p2a: Arlie\n|-supereffective|p2a: Arlie\n|-damage|p2a: Arlie|0 fnt\n|-heal|p1b: Calyrex|100/100|[from] drain|[of] p2a: Arlie\n|faint|p2a: Arlie\n|-ability|p1b: Calyrex|Grim Neigh|boost\n|-boost|p1b: Calyrex|spa|1\n|-damage|p1b: Calyrex|91/100|[from] item: Life Orb\n|move|p2b: Zamazenta|Behemoth Bash|p1b: Calyrex\n|-supereffective|p1b: Calyrex\n|-damage|p1b: Calyrex|0 fnt\n|faint|p1b: Calyrex\n|\n|upkeep\n|inactive|KCLord has 30 seconds left.\n|\n|t:|1776458158\n|switch|p1b: Zamazenta|Zamazenta-Crowned, L50, shiny|100/100\n|switch|p2a: Ogerpon|Ogerpon-Cornerstone, L50, F|100/100\n|-ability|p1b: Zamazenta|Dauntless Shield|boost\n|-boost|p1b: Zamazenta|def|1\n|turn|4\n|\n|t:|1776458170\n|switch|p1a: Rillaboom|Rillaboom, L50, M|8/100\n|move|p1b: Zamazenta|Protect|p1b: Zamazenta\n|-singleturn|p1b: Zamazenta|Protect\n|move|p2a: Ogerpon|Spiky Shield|p2a: Ogerpon\n|-singleturn|p2a: Ogerpon|move: Protect\n|move|p2b: Zamazenta|Protect||[still]\n|-fail|p2b: Zamazenta\n|\n|-heal|p1a: Rillaboom|14/100|[from] Grassy Terrain\n|upkeep\n|turn|5\n|\n|t:|1776458194\n|-terastallize|p2b: Zamazenta|Dragon\n|move|p1a: Rillaboom|Fake Out|p2a: Ogerpon\n|-resisted|p2a: Ogerpon\n|-damage|p2a: Ogerpon|92/100\n|move|p1b: Zamazenta|Iron Defense|p1b: Zamazenta\n|-boost|p1b: Zamazenta|def|2\n|cant|p2a: Ogerpon|flinch\n|move|p2b: Zamazenta|Body Press|p1b: Zamazenta\n|-supereffective|p1b: Zamazenta\n|-damage|p1b: Zamazenta|71/100\n|\n|-heal|p1b: Zamazenta|77/100|[from] Grassy Terrain\n|-heal|p1a: Rillaboom|19/100|[from] Grassy Terrain\n|-heal|p2a: Ogerpon|98/100|[from] Grassy Terrain\n|-fieldend|move: Grassy Terrain\n|upkeep\n|turn|6\n|inactive|KCLord has 30 seconds left.\n|\n|t:|1776458221\n|move|p1b: Zamazenta|Body Press|p2b: Zamazenta\n|-damage|p2b: Zamazenta|53/100\n|move|p1a: Rillaboom|Wood Hammer|p2a: Ogerpon\n|-damage|p2a: Ogerpon|32/100\n|-damage|p1a: Rillaboom|3/100|[from] Recoil\n|move|p2a: Ogerpon|Taunt|p1b: Zamazenta\n|-start|p1b: Zamazenta|move: Taunt\n|move|p2b: Zamazenta|Body Press|p1a: Rillaboom\n|-damage|p1a: Rillaboom|0 fnt\n|faint|p1a: Rillaboom\n|\n|-sideend|p1: Z3krom991|move: Tailwind\n|upkeep\n|\n|t:|1776458234\n|switch|p1a: Tornadus|Tornadus, L50, M|100/100\n|turn|7\n|\n|t:|1776458255\n|move|p1a: Tornadus|Tailwind|p1a: Tornadus\n|-sidestart|p1: Z3krom991|move: Tailwind\n|move|p1b: Zamazenta|Body Press|p2b: Zamazenta\n|-damage|p2b: Zamazenta|8/100\n|move|p2a: Ogerpon|Ivy Cudgel|p1a: Tornadus|[anim] Ivy Cudgel Rock\n|-supereffective|p1a: Tornadus\n|-damage|p1a: Tornadus|0 fnt\n|faint|p1a: Tornadus\n|move|p2b: Zamazenta|Body Press|p1b: Zamazenta\n|-supereffective|p1b: Zamazenta\n|-damage|p1b: Zamazenta|44/100\n|\n|upkeep\n|turn|8\n|\n|t:|1776458268\n|move|p2a: Ogerpon|Spiky Shield|p2a: Ogerpon\n|-singleturn|p2a: Ogerpon|move: Protect\n|move|p2b: Zamazenta|Protect|p2b: Zamazenta\n|-singleturn|p2b: Zamazenta|Protect\n|move|p1b: Zamazenta|Body Press|p2b: Zamazenta\n|-activate|p2b: Zamazenta|move: Protect\n|\n|upkeep\n|turn|9\n|\n|t:|1776458279\n|move|p2a: Ogerpon|Follow Me|p2a: Ogerpon\n|-singleturn|p2a: Ogerpon|move: Follow Me\n|move|p1b: Zamazenta|Body Press|p2a: Ogerpon\n|-supereffective|p2a: Ogerpon\n|-damage|p2a: Ogerpon|0 fnt\n|faint|p2a: Ogerpon\n|move|p2b: Zamazenta|Body Press|p1b: Zamazenta\n|-supereffective|p1b: Zamazenta\n|-damage|p1b: Zamazenta|11/100\n|\n|-end|p1b: Zamazenta|move: Taunt\n|upkeep\n|\n|t:|1776458287\n|switch|p2a: PinkPonyClub|Calyrex-Shadow, L50|100/100\n|-ability|p2a: PinkPonyClub|As One\n|-ability|p2a: PinkPonyClub|Unnerve\n|turn|10\n|\n|t:|1776458293\n|move|p2a: PinkPonyClub|Protect|p2a: PinkPonyClub\n|-singleturn|p2a: PinkPonyClub|Protect\n|move|p2b: Zamazenta|Protect|p2b: Zamazenta\n|-singleturn|p2b: Zamazenta|Protect\n|move|p1b: Zamazenta|Body Press|p2b: Zamazenta\n|-activate|p2b: Zamazenta|move: Protect\n|\n|-sideend|p1: Z3krom991|move: Tailwind\n|upkeep\n|turn|11\n|\n|t:|1776458306\n|move|p2a: PinkPonyClub|Psychic|p1b: Zamazenta\n|-damage|p1b: Zamazenta|0 fnt\n|faint|p1b: Zamazenta\n|\n|win|KCLord\n|raw|Z3krom991's rating: 1328 &rarr; <strong>1315</strong><br />(-13 for losing)\n|raw|KCLord's rating: 1449 &rarr; <strong>1462</strong><br />(+13 for winning)\n|l|\u2606KCLord\n|player|p2|\n|l|\u2606Z3krom991\n|player|p1|\n","uploadtime":1776458500,"views":17,"formatid":"gen9vgc2026regi","rating":1315,"private":0,"password":null}