{"id":"gen9vgc2026regi-2553303463","format":"[Gen 9] VGC 2026 Reg I","players":["partigiano jonny","ScribbleScribble"],"log":"|j|\u2606partigiano jonny\n|j|\u2606ScribbleScribble\n|t:|1772818687\n|gametype|doubles\n|player|p1|partigiano jonny|volkner|1583\n|player|p2|ScribbleScribble|mina-lgpe|1561\n|gen|9\n|tier|[Gen 9] VGC 2026 Reg I\n|rated|\n|rule|Species Clause: Limit one of each Pok\u00e9mon\n|rule|Item Clause: Limit 1 of each item\n|clearpoke\n|poke|p1|Terapagos, L50, M|\n|poke|p1|Miraidon, L50|\n|poke|p1|Incineroar, L50, M|\n|poke|p1|Iron Treads, L50|\n|poke|p1|Sinistcha, L50|\n|poke|p1|Urshifu-*, L50, F|\n|poke|p2|Calyrex-Ice, L50|\n|poke|p2|Kyogre, L50|\n|poke|p2|Tornadus, L50, M|\n|poke|p2|Indeedee-F, L50, F|\n|poke|p2|Urshifu-*, L50, M|\n|poke|p2|Landorus, L50, M|\n|teampreview|4\n|inactive|Battle timer is ON: inactive players will automatically lose when time's up. (requested by ScribbleScribble)\n|\n|t:|1772818711\n|teamsize|p1|4\n|teamsize|p2|4\n|start\n|switch|p1a: Terapagos|Terapagos, L50, M|100/100\n|switch|p1b: Incineroar|Incineroar, L50, M|100/100\n|switch|p2a: Tornadus|Tornadus, L50, M|100/100\n|switch|p2b: Landorus|Landorus, L50, M|100/100\n|-activate|p1a: Terapagos|ability: Tera Shift\n|detailschange|p1a: Terapagos|Terapagos-Terastal, L50, M\n|-heal|p1a: Terapagos|100/100|[silent]\n|-ability|p1b: Incineroar|Intimidate|boost\n|-unboost|p2a: Tornadus|atk|1\n|-unboost|p2b: Landorus|atk|1\n|turn|1\n|\n|t:|1772818733\n|move|p1b: Incineroar|Fake Out|p2b: Landorus\n|-damage|p2b: Landorus|90/100\n|move|p2a: Tornadus|Taunt|p1a: Terapagos\n|-start|p1a: Terapagos|move: Taunt\n|cant|p2b: Landorus|flinch\n|move|p1a: Terapagos|Tera Starstorm|p2a: Tornadus\n|-damage|p2a: Tornadus|27/100\n|\n|upkeep\n|turn|2\n|inactive|partigiano jonny has 30 seconds left.\n|inactive|partigiano jonny has 20 seconds left.\n|inactive|partigiano jonny has 15 seconds left.\n|\n|t:|1772818774\n|move|p2a: Tornadus|Tailwind|p2a: Tornadus\n|-sidestart|p2: ScribbleScribble|move: Tailwind\n|move|p2b: Landorus|Sandsear Storm|p1b: Incineroar|[spread] p1b\n|-miss|p2b: Landorus|p1a: Terapagos\n|-supereffective|p1b: Incineroar\n|-damage|p1b: Incineroar|0 fnt\n|faint|p1b: Incineroar\n|move|p1a: Terapagos|Tera Starstorm|p2b: Landorus\n|-damage|p2b: Landorus|26/100\n|\n|upkeep\n|\n|t:|1772818783\n|switch|p1b: Urshifu|Urshifu-Rapid-Strike, L50, F|100/100\n|turn|3\n|\n|t:|1772818794\n|switch|p2b: Indeedee|Indeedee-F, L50, F, shiny|100/100\n|-fieldstart|move: Psychic Terrain|[from] ability: Psychic Surge|[of] p2b: Indeedee\n|-enditem|p2b: Indeedee|Psychic Seed\n|-boost|p2b: Indeedee|spd|1|[from] item: Psychic Seed\n|move|p1b: Urshifu|Aqua Jet|p2b: Indeedee\n|-activate|p2b: Indeedee|move: Psychic Terrain\n|move|p2a: Tornadus|Bleakwind Storm|p1b: Urshifu|[spread] p1a,p1b\n|-activate|p1a: Terapagos|ability: Tera Shell\n|-resisted|p1a: Terapagos\n|-supereffective|p1b: Urshifu\n|-damage|p1a: Terapagos|83/100\n|-damage|p1b: Urshifu|7/100\n|-unboost|p1a: Terapagos|spe|1\n|move|p1a: Terapagos|Tera Starstorm|p2a: Tornadus\n|-crit|p2a: Tornadus\n|-damage|p2a: Tornadus|0 fnt\n|faint|p2a: Tornadus\n|\n|-end|p1a: Terapagos|move: Taunt\n|upkeep\n|\n|t:|1772818799\n|switch|p2a: Calyrex|Calyrex-Ice, L50|100/100\n|-ability|p2a: Calyrex|As One\n|-ability|p2a: Calyrex|Unnerve\n|turn|4\n|inactive|partigiano jonny has 30 seconds left.\n|\n|t:|1772818824\n|-terastallize|p1a: Terapagos|Stellar\n|detailschange|p1a: Terapagos|Terapagos-Stellar, L50, M, tera:Stellar\n|-heal|p1a: Terapagos|88/100|[silent]\n|-ability|p1a: Terapagos|Teraform Zero\n|-fieldend|move: Psychic Terrain\n|move|p2b: Indeedee|Helping Hand|p2a: Calyrex\n|-singleturn|p2a: Calyrex|Helping Hand|[of] p2b: Indeedee\n|move|p2a: Calyrex|Glacial Lance|p1a: Terapagos|[spread] p1a,p1b\n|-resisted|p1b: Urshifu\n|-damage|p1a: Terapagos|40/100\n|-damage|p1b: Urshifu|0 fnt\n|faint|p1b: Urshifu\n|-ability|p2a: Calyrex|Chilling Neigh|boost\n|-boost|p2a: Calyrex|atk|1\n|move|p1a: Terapagos|Tera Starstorm|p2b: Indeedee|[spread] p2a,p2b\n|-damage|p2a: Calyrex|68/100\n|-damage|p2b: Indeedee|77/100\n|\n|upkeep\n|\n|t:|1772818839\n|switch|p1b: Miraidon|Miraidon, L50|100/100\n|-fieldstart|move: Electric Terrain|[from] ability: Hadron Engine|[of] p1b: Miraidon\n|-enditem|p1a: Terapagos|Electric Seed\n|-boost|p1a: Terapagos|def|1|[from] item: Electric Seed\n|turn|5\n|\n|t:|1772818864\n|move|p2b: Indeedee|Follow Me|p2b: Indeedee\n|-singleturn|p2b: Indeedee|move: Follow Me\n|move|p2a: Calyrex|Glacial Lance|p1b: Miraidon|[spread] p1a,p1b\n|-supereffective|p1b: Miraidon\n|-damage|p1a: Terapagos|11/100\n|-damage|p1b: Miraidon|0 fnt\n|faint|p1b: Miraidon\n|-ability|p2a: Calyrex|Chilling Neigh|boost\n|-boost|p2a: Calyrex|atk|1\n|move|p1a: Terapagos|Tera Starstorm|p2b: Indeedee|[spread] p2a,p2b\n|-damage|p2a: Calyrex|40/100\n|-damage|p2b: Indeedee|53/100\n|\n|-sideend|p2: ScribbleScribble|move: Tailwind\n|upkeep\n|turn|6\n|-message|partigiano jonny forfeited.\n|\n|win|ScribbleScribble\n|raw|partigiano jonny's rating: 1583 &rarr; <strong>1562</strong><br />(-21 for losing)\n|raw|ScribbleScribble's rating: 1561 &rarr; <strong>1582</strong><br />(+21 for winning)\n","uploadtime":1772818872,"views":29,"formatid":"gen9vgc2026regi","rating":1562,"private":0,"password":null}