{"id":"gen9vgc2026regi-2577394099","format":"[Gen 9] VGC 2026 Reg I","players":["393piplup","Mirthinion"],"log":"|j|\u2606393piplup\n|j|\u2606Mirthinion\n|t:|1775573549\n|gametype|doubles\n|player|p1|393piplup|falkner|1483\n|player|p2|Mirthinion|janitor|1556\n|gen|9\n|tier|[Gen 9] VGC 2026 Reg I\n|rated|\n|rule|Species Clause: Limit one of each Pok\u00e9mon\n|rule|Item Clause: Limit 1 of each item\n|clearpoke\n|poke|p1|Lunala, L50|\n|poke|p1|Miraidon, L50|\n|poke|p1|Incineroar, L50, M|\n|poke|p1|Ursaluna, L50, M|\n|poke|p1|Murkrow, L50, M|\n|poke|p1|Urshifu-*, L50, M|\n|poke|p2|Calyrex-Shadow, L50|\n|poke|p2|Zamazenta-*, L50|\n|poke|p2|Urshifu-*, L50, M|\n|poke|p2|Incineroar, L50, M|\n|poke|p2|Rillaboom, L50, M|\n|poke|p2|Tornadus, L50, M|\n|teampreview|4\n|inactive|Battle timer is ON: inactive players will automatically lose when time's up. (requested by Mirthinion)\nMirthinion rejected open team sheets.\n|\n|t:|1775573579\n|teamsize|p1|4\n|teamsize|p2|4\n|start\n|switch|p1a: Lunala|Lunala, L50, shiny|100/100\n|switch|p1b: Incineroar|Incineroar, L50, M, shiny|100/100\n|switch|p2a: Hoplite|Rillaboom, L50, M|100/100\n|switch|p2b: Drambor|Zamazenta-Crowned, L50|100/100\n|-ability|p2b: Drambor|Dauntless Shield|boost\n|-boost|p2b: Drambor|def|1\n|-fieldstart|move: Grassy Terrain|[from] ability: Grassy Surge|[of] p2a: Hoplite\n|-ability|p1b: Incineroar|Intimidate|boost\n|-unboost|p2a: Hoplite|atk|1\n|-unboost|p2b: Drambor|atk|1\n|turn|1\n|inactive|393piplup has 30 seconds left.\n|\n|t:|1775573612\n|-terastallize|p1b: Incineroar|Bug\n|move|p2a: Hoplite|Fake Out|p1b: Incineroar\n|-damage|p1b: Incineroar|92/100\n|cant|p1b: Incineroar|flinch\n|move|p2b: Drambor|Body Press|p1b: Incineroar\n|-resisted|p1b: Incineroar\n|-damage|p1b: Incineroar|63/100\n|move|p1a: Lunala|Moongeist Beam|p2b: Drambor\n|-damage|p2b: Drambor|58/100\n|\n|-heal|p2b: Drambor|64/100|[from] Grassy Terrain\n|-heal|p1b: Incineroar|70/100|[from] Grassy Terrain\n|upkeep\n|turn|2\n|\n|t:|1775573628\n|switch|p2a: Wolfgang|Incineroar, L50, M|100/100\n|-ability|p2a: Wolfgang|Intimidate|boost\n|-unboost|p1a: Lunala|atk|1\n|-unboost|p1b: Incineroar|atk|1\n|move|p2b: Drambor|Protect|p2b: Drambor\n|-singleturn|p2b: Drambor|Protect\n|move|p1b: Incineroar|Flare Blitz|p2a: Wolfgang\n|-resisted|p2a: Wolfgang\n|-damage|p2a: Wolfgang|86/100\n|-damage|p1b: Incineroar|64/100|[from] Recoil\n|move|p1a: Lunala|Trick Room|p1a: Lunala\n|-fieldstart|move: Trick Room|[of] p1a: Lunala\n|\n|-heal|p1b: Incineroar|71/100|[from] Grassy Terrain\n|-heal|p2a: Wolfgang|92/100|[from] Grassy Terrain\n|-heal|p2b: Drambor|70/100|[from] Grassy Terrain\n|upkeep\n|turn|3\n|inactive|Mirthinion has 30 seconds left.\n|\n|t:|1775573654\n|move|p1b: Incineroar|U-turn|p2a: Wolfgang\n|-damage|p2a: Wolfgang|75/100\n|\n|t:|1775573658\n|switch|p1b: Ursaluna|Ursaluna, L50, M, shiny|100/100|[from] U-turn\n|move|p2a: Wolfgang|Knock Off|p1a: Lunala\n|-supereffective|p1a: Lunala\n|-damage|p1a: Lunala|32/100\n|-enditem|p1a: Lunala|Electric Seed|[from] move: Knock Off|[of] p2a: Wolfgang\n|move|p1a: Lunala|Moongeist Beam|p2b: Drambor\n|-damage|p2b: Drambor|24/100\n|move|p2b: Drambor|Body Press|p1b: Ursaluna\n|-supereffective|p1b: Ursaluna\n|-damage|p1b: Ursaluna|10/100\n|\n|-heal|p1b: Ursaluna|16/100|[from] Grassy Terrain\n|-heal|p2a: Wolfgang|81/100|[from] Grassy Terrain\n|-heal|p1a: Lunala|38/100|[from] Grassy Terrain\n|-heal|p2b: Drambor|30/100|[from] Grassy Terrain\n|-status|p1b: Ursaluna|brn|[from] item: Flame Orb\n|upkeep\n|turn|4\n|\n|t:|1775573681\n|switch|p2a: Hoplite|Rillaboom, L50, M|100/100\n|move|p2b: Drambor|Protect|p2b: Drambor\n|-singleturn|p2b: Drambor|Protect\n|move|p1a: Lunala|Wide Guard|p1a: Lunala\n|-singleturn|p1a: Lunala|Wide Guard\n|move|p1b: Ursaluna|Earthquake|p2a: Hoplite|[spread] p2a\n|-activate|p1a: Lunala|move: Wide Guard\n|-activate|p2b: Drambor|move: Protect\n|-resisted|p2a: Hoplite\n|-crit|p2a: Hoplite\n|-damage|p2a: Hoplite|78/100\n|\n|-heal|p1b: Ursaluna|22/100 brn|[from] Grassy Terrain\n|-heal|p1a: Lunala|43/100|[from] Grassy Terrain\n|-heal|p2a: Hoplite|84/100|[from] Grassy Terrain\n|-heal|p2b: Drambor|37/100|[from] Grassy Terrain\n|-damage|p1b: Ursaluna|16/100 brn|[from] brn\n|upkeep\n|turn|5\n|inactive|Mirthinion has 30 seconds left.\n|inactive|Mirthinion has 20 seconds left.\n|inactive|Mirthinion has 15 seconds left.\n|\n|t:|1775573721\n|switch|p2b: Wolfgang|Incineroar, L50, M|81/100\n|-ability|p2b: Wolfgang|Intimidate|boost\n|-unboost|p1a: Lunala|atk|1\n|-unboost|p1b: Ursaluna|atk|1\n|move|p1b: Ursaluna|Protect|p1b: Ursaluna\n|-singleturn|p1b: Ursaluna|Protect\n|move|p1a: Lunala|Moongeist Beam|p2a: Hoplite\n|-damage|p2a: Hoplite|45/100\n|move|p2a: Hoplite|U-turn|p1a: Lunala\n|-damage|p1a: Lunala|21/100\n|\n|t:|1775573737\n|switch|p2a: Drambor|Zamazenta-Crowned, L50|37/100|[from] U-turn\n|\n|-heal|p1b: Ursaluna|22/100 brn|[from] Grassy Terrain\n|-heal|p2b: Wolfgang|87/100|[from] Grassy Terrain\n|-heal|p1a: Lunala|27/100|[from] Grassy Terrain\n|-heal|p2a: Drambor|43/100|[from] Grassy Terrain\n|-damage|p1b: Ursaluna|16/100 brn|[from] brn\n|-fieldend|move: Grassy Terrain\n|upkeep\n|turn|6\n|\n|t:|1775573747\n|switch|p1b: Incineroar|Incineroar, L50, M, shiny, tera:Bug|71/100\n|-ability|p1b: Incineroar|Intimidate|boost\n|-unboost|p2a: Drambor|atk|1\n|-unboost|p2b: Wolfgang|atk|1\n|move|p2b: Wolfgang|Fake Out|p1b: Incineroar\n|-damage|p1b: Incineroar|65/100\n|move|p1a: Lunala|Moongeist Beam|p2a: Drambor\n|-damage|p2a: Drambor|0 fnt\n|faint|p2a: Drambor\n|\n|-fieldend|move: Trick Room\n|upkeep\n|\n|t:|1775573760\n|switch|p2a: Mithrandir|Calyrex-Shadow, L50|100/100\n|-ability|p2a: Mithrandir|As One\n|-ability|p2a: Mithrandir|Unnerve\n|turn|7\n|inactive|Mirthinion has 30 seconds left.\n|\n|t:|1775573792\n|move|p2a: Mithrandir|Pollen Puff|p1a: Lunala\n|-damage|p1a: Lunala|5/100\n|move|p2b: Wolfgang|Knock Off|p1b: Incineroar\n|-damage|p1b: Incineroar|45/100\n|-enditem|p1b: Incineroar|Assault Vest|[from] move: Knock Off|[of] p2b: Wolfgang\n|move|p1b: Incineroar|Knock Off|p2a: Mithrandir\n|-supereffective|p2a: Mithrandir\n|-enditem|p2a: Mithrandir|Focus Sash\n|-damage|p2a: Mithrandir|1/100\n|move|p1a: Lunala|Trick Room|p1a: Lunala\n|-fieldstart|move: Trick Room|[of] p1a: Lunala\n|\n|upkeep\n|turn|8\n|inactive|Mirthinion has 30 seconds left.\n|\n|t:|1775573821\n|move|p2a: Mithrandir|Protect|p2a: Mithrandir\n|-singleturn|p2a: Mithrandir|Protect\n|move|p2b: Wolfgang|Flare Blitz|p1b: Incineroar\n|-supereffective|p1b: Incineroar\n|-damage|p1b: Incineroar|0 fnt\n|faint|p1b: Incineroar\n|-damage|p2b: Wolfgang|72/100|[from] Recoil\n|move|p1a: Lunala|Moongeist Beam|p2a: Mithrandir\n|-activate|p2a: Mithrandir|move: Protect\n|\n|upkeep\n|\n|t:|1775573827\n|switch|p1b: Ursaluna|Ursaluna, L50, M, shiny|16/100 brn\n|turn|9\n|\n|t:|1775573844\n|switch|p2a: Hoplite|Rillaboom, L50, M|45/100\n|-fieldstart|move: Grassy Terrain|[from] ability: Grassy Surge|[of] p2a: Hoplite\n|-terastallize|p2b: Wolfgang|Bug\n|move|p1b: Ursaluna|Facade|p2b: Wolfgang\n|-damage|p2b: Wolfgang|0 fnt\n|faint|p2b: Wolfgang\n|move|p1a: Lunala|Moongeist Beam|p2a: Hoplite\n|-damage|p2a: Hoplite|8/100\n|\n|-heal|p1b: Ursaluna|22/100 brn|[from] Grassy Terrain\n|-heal|p1a: Lunala|11/100|[from] Grassy Terrain\n|-heal|p2a: Hoplite|14/100|[from] Grassy Terrain\n|-damage|p1b: Ursaluna|16/100 brn|[from] brn\n|upkeep\n|j| TheEnzo2\n|\n|t:|1775573858\n|switch|p2b: Mithrandir|Calyrex-Shadow, L50|1/100\n|-ability|p2b: Mithrandir|As One\n|-ability|p2b: Mithrandir|Unnerve\n|turn|10\n|inactive|393piplup has 30 seconds left.\n|\n|t:|1775573884\n|switch|p1a: Miraidon|Miraidon, L50|100/100\n|-fieldstart|move: Electric Terrain|[from] ability: Hadron Engine|[of] p1a: Miraidon\n|move|p1b: Ursaluna|Headlong Rush|p2b: Mithrandir\n|-damage|p2b: Mithrandir|0 fnt\n|-unboost|p1b: Ursaluna|def|1\n|-unboost|p1b: Ursaluna|spd|1\n|faint|p2b: Mithrandir\n|move|p2a: Hoplite|Grassy Glide|p1b: Ursaluna\n|-supereffective|p1b: Ursaluna\n|-damage|p1b: Ursaluna|0 fnt\n|faint|p1b: Ursaluna\n|\n|upkeep\n|\n|t:|1775573891\n|switch|p1b: Lunala|Lunala, L50, shiny|11/100\n|turn|11\n|\n|t:|1775573904\n|move|p1a: Miraidon|Protect|p1a: Miraidon\n|-singleturn|p1a: Miraidon|Protect\n|move|p1b: Lunala|Moongeist Beam|p2a: Hoplite\n|-damage|p2a: Hoplite|0 fnt\n|faint|p2a: Hoplite\n|\n|win|393piplup\n|raw|393piplup's rating: 1483 &rarr; <strong>1507</strong><br />(+24 for winning)\n|raw|Mirthinion's rating: 1556 &rarr; <strong>1532</strong><br />(-24 for losing)\n|c|\u2606Mirthinion|gg wp\n","uploadtime":1775573916,"views":30,"formatid":"gen9vgc2026regi","rating":1507,"private":0,"password":null}