{"id":"gen9vgc2026regi-2540483886","format":"[Gen 9] VGC 2026 Reg I","players":["alexit93","blackred123"],"log":"|j|\u2606alexit93\n|j|\u2606blackred123\n|t:|1771207729\n|gametype|doubles\n|player|p1|alexit93|lucas-gen4pt|1399\n|player|p2|blackred123|iono-masters|1330\n|gen|9\n|tier|[Gen 9] VGC 2026 Reg I\n|rated|\n|rule|Species Clause: Limit one of each Pok\u00e9mon\n|rule|Item Clause: Limit 1 of each item\n|clearpoke\n|poke|p1|Zamazenta-*, L50|\n|poke|p1|Riolu, L50, F|\n|poke|p1|Calyrex-Ice, L50|\n|poke|p1|Rillaboom, L50, F|\n|poke|p1|Incineroar, L50, M|\n|poke|p1|Urshifu-*, L50, F|\n|poke|p2|Lunala, L50|\n|poke|p2|Koraidon, L50|\n|poke|p2|Chi-Yu, L50|\n|poke|p2|Flutter Mane, L50|\n|poke|p2|Brute Bonnet, L50|\n|poke|p2|Ursaluna, L50, F|\n|teampreview|4\n|inactive|Battle timer is ON: inactive players will automatically lose when time's up. (requested by blackred123)\n|\n|t:|1771207752\n|teamsize|p1|4\n|teamsize|p2|4\n|start\n|switch|p1a: Calyrex|Calyrex-Ice, L50|100/100\n|switch|p1b: Incineroar|Incineroar, L50, M|100/100\n|switch|p2a: Lunala|Lunala, L50, shiny|100/100\n|switch|p2b: Chi-Yu|Chi-Yu, L50|100/100\n|-ability|p1a: Calyrex|As One\n|-ability|p1a: Calyrex|Unnerve\n|-ability|p2b: Chi-Yu|Beads of Ruin\n|-ability|p1b: Incineroar|Intimidate|boost\n|-unboost|p2a: Lunala|atk|1\n|-unboost|p2b: Chi-Yu|atk|1\n|turn|1\n|\n|t:|1771207770\n|-terastallize|p1a: Calyrex|Ground\n|move|p1b: Incineroar|Fake Out|p2b: Chi-Yu\n|-damage|p2b: Chi-Yu|82/100\n|cant|p2b: Chi-Yu|flinch\n|move|p2a: Lunala|Meteor Beam||[still]\n|-prepare|p2a: Lunala|Meteor Beam\n|-boost|p2a: Lunala|spa|1\n|-enditem|p2a: Lunala|Power Herb\n|-anim|p2a: Lunala|Meteor Beam|p1a: Calyrex\n|-resisted|p1a: Calyrex\n|-damage|p1a: Calyrex|65/100\n|move|p1a: Calyrex|Trick Room|p1a: Calyrex\n|-fieldstart|move: Trick Room|[of] p1a: Calyrex\n|\n|upkeep\n|turn|2\n|\n|t:|1771207788\n|switch|p2b: Brute Bonnet|Brute Bonnet, L50, shiny|100/100\n|-terastallize|p2a: Lunala|Water\n|move|p1a: Calyrex|High Horsepower|p2b: Brute Bonnet\n|-resisted|p2b: Brute Bonnet\n|-damage|p2b: Brute Bonnet|81/100\n|move|p1b: Incineroar|Knock Off|p2a: Lunala\n|-damage|p2a: Lunala|88/100\n|move|p2a: Lunala|Moongeist Beam|p1a: Calyrex\n|-damage|p1a: Calyrex|4/100\n|\n|upkeep\n|turn|3\n|\n|t:|1771207810\n|move|p1a: Calyrex|Protect|p1a: Calyrex\n|-singleturn|p1a: Calyrex|Protect\n|move|p2b: Brute Bonnet|Sucker Punch||[still]\n|-fail|p2b: Brute Bonnet\n|move|p1b: Incineroar|Will-O-Wisp|p2b: Brute Bonnet|[miss]\n|-miss|p1b: Incineroar|p2b: Brute Bonnet\n|move|p2a: Lunala|Meteor Beam||[still]\n|-prepare|p2a: Lunala|Meteor Beam\n|-boost|p2a: Lunala|spa|1\n|\n|upkeep\n|turn|4\n|\n|t:|1771207821\n|switch|p1a: Rillaboom|Rillaboom, L50, F|100/100\n|-fieldstart|move: Grassy Terrain|[from] ability: Grassy Surge|[of] p1a: Rillaboom\n|move|p2b: Brute Bonnet|Sucker Punch||[still]\n|-fail|p2b: Brute Bonnet\n|move|p1b: Incineroar|Parting Shot|p2a: Lunala\n|-unboost|p2a: Lunala|atk|1\n|-unboost|p2a: Lunala|spa|1\n|\n|t:|1771207829\n|switch|p1b: Riolu|Riolu, L50, F|100/100|[from] Parting Shot\n|move|p2a: Lunala|Meteor Beam|p1b: Riolu|[from] lockedmove\n|-resisted|p1b: Riolu\n|-damage|p1b: Riolu|58/100\n|\n|-heal|p2b: Brute Bonnet|87/100|[from] Grassy Terrain\n|-heal|p1b: Riolu|64/100|[from] Grassy Terrain\n|-heal|p2a: Lunala|94/100|[from] Grassy Terrain\n|upkeep\n|turn|5\n|\n|t:|1771207840\n|move|p1b: Riolu|Coaching|p1a: Rillaboom\n|-boost|p1a: Rillaboom|atk|1\n|-boost|p1a: Rillaboom|def|1\n|move|p2b: Brute Bonnet|Spore|p1b: Riolu\n|-status|p1b: Riolu|slp|[from] move: Spore\n|move|p1a: Rillaboom|Wood Hammer|p2a: Lunala\n|-supereffective|p2a: Lunala\n|-damage|p2a: Lunala|0 fnt\n|faint|p2a: Lunala\n|-damage|p1a: Rillaboom|59/100|[from] Recoil\n|\n|-heal|p2b: Brute Bonnet|93/100|[from] Grassy Terrain\n|-heal|p1b: Riolu|70/100 slp|[from] Grassy Terrain\n|-heal|p1a: Rillaboom|64/100|[from] Grassy Terrain\n|-fieldend|move: Trick Room\n|upkeep\n|\n|t:|1771207846\n|switch|p2a: Koraidon|Koraidon, L50|100/100\n|-weather|SunnyDay|[from] ability: Orichalcum Pulse|[of] p2a: Koraidon\n|-activate|p2b: Brute Bonnet|ability: Protosynthesis\n|-start|p2b: Brute Bonnet|protosynthesisdef\n|-activate|p2a: Koraidon|Orichalcum Pulse|[source]\n|turn|6\n|\n|t:|1771207852\n|switch|p1a: Incineroar|Incineroar, L50, M|100/100\n|-ability|p1a: Incineroar|Intimidate|boost\n|-unboost|p2a: Koraidon|atk|1\n|-unboost|p2b: Brute Bonnet|atk|1\n|-end|p2b: Brute Bonnet|Protosynthesis|[silent]\n|switch|p2b: Chi-Yu|Chi-Yu, L50|82/100\n|-ability|p2b: Chi-Yu|Beads of Ruin\n|cant|p1b: Riolu|slp\n|move|p2a: Koraidon|Flame Charge|p1a: Incineroar\n|-resisted|p1a: Incineroar\n|-damage|p1a: Incineroar|88/100\n|-boost|p2a: Koraidon|spe|1\n|-damage|p2a: Koraidon|84/100|[from] item: Rocky Helmet|[of] p1a: Incineroar\n|-damage|p2a: Koraidon|74/100|[from] item: Life Orb\n|\n|-weather|SunnyDay|[upkeep]\n|-heal|p2a: Koraidon|81/100|[from] Grassy Terrain\n|-heal|p2b: Chi-Yu|87/100|[from] Grassy Terrain\n|-heal|p1a: Incineroar|93/100|[from] Grassy Terrain\n|-heal|p1b: Riolu|76/100 slp|[from] Grassy Terrain\n|upkeep\n|turn|7\n|\n|t:|1771207867\n|move|p1a: Incineroar|Fake Out|p2a: Koraidon\n|-damage|p2a: Koraidon|70/100\n|-curestatus|p1b: Riolu|slp|[msg]\n|move|p1b: Riolu|Rain Dance|p1b: Riolu\n|-weather|RainDance\n|cant|p2a: Koraidon|flinch\n|move|p2b: Chi-Yu|Heat Wave|p1a: Incineroar|[spread] p1b\n|-miss|p2b: Chi-Yu|p1a: Incineroar\n|-damage|p1b: Riolu|45/100\n|\n|-weather|RainDance|[upkeep]\n|-heal|p2a: Koraidon|77/100|[from] Grassy Terrain\n|-heal|p2b: Chi-Yu|93/100|[from] Grassy Terrain\n|-heal|p1a: Incineroar|99/100|[from] Grassy Terrain\n|-heal|p1b: Riolu|51/100|[from] Grassy Terrain\n|upkeep\n|turn|8\n|\n|t:|1771207888\n|switch|p2b: Brute Bonnet|Brute Bonnet, L50, shiny|93/100\n|move|p1b: Riolu|Coaching|p1a: Incineroar\n|-boost|p1a: Incineroar|atk|1\n|-boost|p1a: Incineroar|def|1\n|move|p2a: Koraidon|Close Combat|p1a: Incineroar\n|-supereffective|p1a: Incineroar\n|-damage|p1a: Incineroar|31/100\n|-unboost|p2a: Koraidon|def|1\n|-unboost|p2a: Koraidon|spd|1\n|-damage|p2a: Koraidon|60/100|[from] item: Rocky Helmet|[of] p1a: Incineroar\n|-damage|p2a: Koraidon|50/100|[from] item: Life Orb\n|move|p1a: Incineroar|Parting Shot|p2a: Koraidon\n|-unboost|p2a: Koraidon|atk|1\n|-unboost|p2a: Koraidon|spa|1\n|\n|t:|1771207897\n|switch|p1a: Rillaboom|Rillaboom, L50, F|64/100|[from] Parting Shot\n|\n|-weather|RainDance|[upkeep]\n|-heal|p2a: Koraidon|57/100|[from] Grassy Terrain\n|-heal|p1a: Rillaboom|70/100|[from] Grassy Terrain\n|-heal|p1b: Riolu|57/100|[from] Grassy Terrain\n|-heal|p2b: Brute Bonnet|99/100|[from] Grassy Terrain\n|-fieldend|move: Grassy Terrain\n|upkeep\n|turn|9\n|\n|t:|1771207906\n|switch|p2a: Chi-Yu|Chi-Yu, L50|93/100\n|-ability|p2a: Chi-Yu|Beads of Ruin\n|move|p1a: Rillaboom|Fake Out|p2a: Chi-Yu\n|-damage|p2a: Chi-Yu|71/100\n|move|p1b: Riolu|Coaching|p1a: Rillaboom\n|-boost|p1a: Rillaboom|atk|1\n|-boost|p1a: Rillaboom|def|1\n|move|p2b: Brute Bonnet|Spore|p1b: Riolu\n|-status|p1b: Riolu|slp|[from] move: Spore\n|\n|-weather|RainDance|[upkeep]\n|upkeep\n|turn|10\n|\n|t:|1771207919\n|switch|p1a: Incineroar|Incineroar, L50, M|31/100\n|-ability|p1a: Incineroar|Intimidate|boost\n|-unboost|p2a: Chi-Yu|atk|1\n|-unboost|p2b: Brute Bonnet|atk|1\n|-end|p2b: Brute Bonnet|Protosynthesis|[silent]\n|switch|p2b: Koraidon|Koraidon, L50|57/100\n|-weather|SunnyDay|[from] ability: Orichalcum Pulse|[of] p2b: Koraidon\n|-activate|p2b: Koraidon|Orichalcum Pulse|[source]\n|cant|p1b: Riolu|slp\n|move|p2a: Chi-Yu|Heat Wave|p1a: Incineroar|[spread] p1a,p1b\n|-resisted|p1a: Incineroar\n|-damage|p1a: Incineroar|0 fnt\n|-damage|p1b: Riolu|0 fnt\n|faint|p1a: Incineroar\n|faint|p1b: Riolu\n|\n|-weather|SunnyDay|[upkeep]\n|upkeep\n|\n|t:|1771207923\n|switch|p1a: Rillaboom|Rillaboom, L50, F|70/100\n|switch|p1b: Calyrex|Calyrex-Ice, L50, tera:Ground|4/100\n|-ability|p1b: Calyrex|As One\n|-ability|p1b: Calyrex|Unnerve\n|-fieldstart|move: Grassy Terrain|[from] ability: Grassy Surge|[of] p1a: Rillaboom\n|turn|11\n|\n|t:|1771207937\n|move|p1a: Rillaboom|Fake Out|p2a: Chi-Yu\n|-damage|p2a: Chi-Yu|49/100\n|cant|p2a: Chi-Yu|flinch\n|move|p2b: Koraidon|Flare Blitz|p1a: Rillaboom\n|-supereffective|p1a: Rillaboom\n|-damage|p1a: Rillaboom|0 fnt\n|faint|p1a: Rillaboom\n|-damage|p2b: Koraidon|34/100|[from] Recoil\n|-damage|p2b: Koraidon|24/100|[from] item: Life Orb\n|move|p1b: Calyrex|Trick Room|p1b: Calyrex\n|-fieldstart|move: Trick Room|[of] p1b: Calyrex\n|\n|-weather|SunnyDay|[upkeep]\n|-heal|p1b: Calyrex|10/100|[from] Grassy Terrain\n|-heal|p2b: Koraidon|31/100|[from] Grassy Terrain\n|-heal|p2a: Chi-Yu|55/100|[from] Grassy Terrain\n|upkeep\n|turn|12\n|\n|t:|1771207961\n|move|p1b: Calyrex|Glacial Lance|p2a: Chi-Yu|[spread] p2a,p2b\n|-resisted|p2a: Chi-Yu\n|-supereffective|p2b: Koraidon\n|-damage|p2a: Chi-Yu|11/100\n|-damage|p2b: Koraidon|0 fnt\n|faint|p2b: Koraidon\n|-ability|p1b: Calyrex|Chilling Neigh|boost\n|-boost|p1b: Calyrex|atk|1\n|move|p2a: Chi-Yu|Heat Wave|p1b: Calyrex\n|-damage|p1b: Calyrex|0 fnt\n|faint|p1b: Calyrex\n|\n|win|blackred123\n|raw|alexit93's rating: 1399 &rarr; <strong>1375</strong><br />(-24 for losing)\n|raw|blackred123's rating: 1330 &rarr; <strong>1354</strong><br />(+24 for winning)\n|l|\u2606alexit93\n|player|p1|\n|l|\u2606blackred123\n|player|p2|\n","uploadtime":1771208210,"views":28,"formatid":"gen9vgc2026regi","rating":1354,"private":0,"password":null}