{"id":"gen9vgc2026regi-2574062694","format":"[Gen 9] VGC 2026 Reg I","players":["blackred123","Mr. Wumbus"],"log":"|j|\u2606blackred123\n|j|\u2606Mr. Wumbus\n|t:|1775195648\n|gametype|doubles\n|player|p1|blackred123|iono-masters|1446\n|player|p2|Mr. Wumbus|musician|1386\n|gen|9\n|tier|[Gen 9] VGC 2026 Reg I\n|rated|\n|rule|Species Clause: Limit one of each Pok\u00e9mon\n|rule|Item Clause: Limit 1 of each item\n|clearpoke\n|poke|p1|Kyogre, L50|\n|poke|p1|Zamazenta-*, L50|\n|poke|p1|Chien-Pao, L50|\n|poke|p1|Amoonguss, L50, F|\n|poke|p1|Dragonite, L50, F|\n|poke|p1|Rillaboom, L50, M|\n|poke|p2|Ursaluna-Bloodmoon, L50, M|\n|poke|p2|Calyrex-Shadow, L50|\n|poke|p2|Ditto, L50|\n|poke|p2|Miraidon, L50|\n|poke|p2|Tornadus, L50, M|\n|poke|p2|Incineroar, L50, F|\n|teampreview|4\n|inactive|Battle timer is ON: inactive players will automatically lose when time's up. (requested by Mr. Wumbus)\n|inactive|blackred123 also wants the timer to be on.\n|inactive|Mr. Wumbus has 60 seconds left.\n|\n|t:|1775195683\n|teamsize|p1|4\n|teamsize|p2|4\n|start\n|switch|p1a: Kyogre|Kyogre, L50|100/100\n|switch|p1b: Rillaboom|Rillaboom, L50, M|100/100\n|switch|p2a: Calyrex|Calyrex-Shadow, L50|100/100\n|switch|p2b: Incineroar|Incineroar, L50, F|100/100\n|-ability|p2a: Calyrex|As One\n|-ability|p2a: Calyrex|Unnerve\n|-weather|RainDance|[from] ability: Drizzle|[of] p1a: Kyogre\n|-fieldstart|move: Grassy Terrain|[from] ability: Grassy Surge|[of] p1b: Rillaboom\n|-ability|p2b: Incineroar|Intimidate|boost\n|-unboost|p1a: Kyogre|atk|1\n|-unboost|p1b: Rillaboom|atk|1\n|turn|1\n|inactive|blackred123 has 30 seconds left.\n|\n|t:|1775195709\n|move|p1a: Kyogre|Water Spout|p2b: Incineroar|[spread] p2a,p2b\n|-supereffective|p2b: Incineroar\n|-damage|p2a: Calyrex|20/100\n|-damage|p2b: Incineroar|0 fnt\n|faint|p2b: Incineroar\n|move|p2a: Calyrex|Astral Barrage|p1b: Rillaboom|[spread] p1a,p1b\n|-damage|p1a: Kyogre|54/100\n|-damage|p1b: Rillaboom|47/100\n|-damage|p2a: Calyrex|10/100|[from] item: Life Orb\n|move|p1b: Rillaboom|Wood Hammer|p2a: Calyrex\n|-damage|p2a: Calyrex|0 fnt\n|faint|p2a: Calyrex\n|-damage|p1b: Rillaboom|44/100|[from] Recoil\n|\n|-weather|RainDance|[upkeep]\n|-heal|p1a: Kyogre|60/100|[from] Grassy Terrain\n|-heal|p1b: Rillaboom|50/100|[from] Grassy Terrain\n|upkeep\n|\n|t:|1775195719\n|switch|p2a: Miraidon|Miraidon, L50|100/100\n|switch|p2b: Ditto|Ditto, L50|100/100\n|-fieldstart|move: Electric Terrain|[from] ability: Hadron Engine|[of] p2a: Miraidon\n|-transform|p2b: Ditto|p1a: Kyogre|[from] ability: Imposter\n|turn|2\n|\n|t:|1775195742\n|switch|p1a: Zamazenta|Zamazenta-Crowned, L50|100/100\n|-ability|p1a: Zamazenta|Dauntless Shield|boost\n|-boost|p1a: Zamazenta|def|1\n|switch|p1b: Dragonite|Dragonite, L50, F|100/100\n|-terastallize|p2a: Miraidon|Fairy\n|move|p2a: Miraidon|Dazzling Gleam|p1b: Dragonite|[spread] p1a,p1b\n|-supereffective|p1b: Dragonite\n|-damage|p1a: Zamazenta|53/100\n|-damage|p1b: Dragonite|0 fnt\n|faint|p1b: Dragonite\n|move|p2b: Ditto|Thunder|p1a: Zamazenta\n|-damage|p1a: Zamazenta|15/100\n|\n|-weather|RainDance|[upkeep]\n|upkeep\n|\n|t:|1775195758\n|switch|p1b: Rillaboom|Rillaboom, L50, M|50/100\n|-fieldstart|move: Grassy Terrain|[from] ability: Grassy Surge|[of] p1b: Rillaboom\n|turn|3\n|\n|t:|1775195767\n|move|p1b: Rillaboom|Fake Out|p2a: Miraidon\n|-damage|p2a: Miraidon|86/100\n|cant|p2a: Miraidon|flinch\n|move|p1a: Zamazenta|Body Press|p2b: Ditto\n|-damage|p2b: Ditto|10/100\n|move|p2b: Ditto|Thunder|p1a: Zamazenta\n|-damage|p1a: Zamazenta|0 fnt\n|faint|p1a: Zamazenta\n|\n|-weather|RainDance|[upkeep]\n|-heal|p2a: Miraidon|93/100|[from] Grassy Terrain\n|-heal|p2b: Ditto|15/100|[from] Grassy Terrain\n|-heal|p1b: Rillaboom|56/100|[from] Grassy Terrain\n|upkeep\n|\n|t:|1775195778\n|switch|p1a: Kyogre|Kyogre, L50|60/100\n|turn|4\n|\n|t:|1775195791\n|-terastallize|p1a: Kyogre|Ghost\n|move|p1b: Rillaboom|Grassy Glide|p2b: Ditto\n|-supereffective|p2b: Ditto\n|-damage|p2b: Ditto|0 fnt\n|faint|p2b: Ditto\n|move|p1a: Kyogre|Origin Pulse|p2a: Miraidon\n|-damage|p2a: Miraidon|4/100\n|move|p2a: Miraidon|Dazzling Gleam|p1a: Kyogre|[spread] p1a,p1b\n|-damage|p1a: Kyogre|19/100\n|-damage|p1b: Rillaboom|11/100\n|\n|-weather|RainDance|[upkeep]\n|-heal|p1a: Kyogre|25/100|[from] Grassy Terrain\n|-heal|p2a: Miraidon|10/100|[from] Grassy Terrain\n|-heal|p1b: Rillaboom|17/100|[from] Grassy Terrain\n|upkeep\n|turn|5\n|\n|t:|1775195803\n|move|p1b: Rillaboom|Grassy Glide|p2a: Miraidon\n|-damage|p2a: Miraidon|0 fnt\n|faint|p2a: Miraidon\n|\n|win|blackred123\n|raw|blackred123's rating: 1446 &rarr; <strong>1463</strong><br />(+17 for winning)\n|raw|Mr. Wumbus's rating: 1386 &rarr; <strong>1369</strong><br />(-17 for losing)\n","uploadtime":1775195951,"views":12,"formatid":"gen9vgc2026regi","rating":1369,"private":0,"password":null}