{"id":"gen9vgc2026regi-2590128414","format":"[Gen 9] VGC 2026 Reg I","players":["1kArrow","KCLord"],"log":"|j|\u26061kArrow\n|j|\u2606KCLord\n|t:|1776788720\n|gametype|doubles\n|player|p1|1kArrow|cynthia-masters|1498\n|player|p2|KCLord|2|1576\n|gen|9\n|tier|[Gen 9] VGC 2026 Reg I\n|rated|\n|rule|Species Clause: Limit one of each Pok\u00e9mon\n|rule|Item Clause: Limit 1 of each item\n|clearpoke\n|poke|p1|Calyrex-Shadow, L50|\n|poke|p1|Zamazenta-*, L50|\n|poke|p1|Chien-Pao, L50|\n|poke|p1|Dragonite, L50, M|\n|poke|p1|Raging Bolt, L50|\n|poke|p1|Ogerpon-Cornerstone, L50, F|\n|poke|p2|Zamazenta-*, L50|\n|poke|p2|Chien-Pao, L50|\n|poke|p2|Amoonguss, L50, M|\n|poke|p2|Calyrex-Shadow, L50|\n|poke|p2|Dragonite, L50, F|\n|poke|p2|Raging Bolt, L50|\n|teampreview|4\n|inactive|Battle timer is ON: inactive players will automatically lose when time's up. (requested by 1kArrow)\n1kArrow has agreed to open team sheets.\n|\n|t:|1776788734\n|teamsize|p1|4\n|teamsize|p2|4\n|start\n|switch|p1a: Zamazenta|Zamazenta-Crowned, L50|100/100\n|switch|p1b: Chien-Pao|Chien-Pao, L50|100/100\n|switch|p2a: Chien-Pao|Chien-Pao, L50|100/100\n|switch|p2b: Zamazenta|Zamazenta-Crowned, L50|100/100\n|-ability|p2a: Chien-Pao|Sword of Ruin\n|-ability|p1b: Chien-Pao|Sword of Ruin\n|-ability|p1a: Zamazenta|Dauntless Shield|boost\n|-boost|p1a: Zamazenta|def|1\n|-ability|p2b: Zamazenta|Dauntless Shield|boost\n|-boost|p2b: Zamazenta|def|1\n|turn|1\n|\n|t:|1776788752\n|-terastallize|p2a: Chien-Pao|Poison\n|-terastallize|p1b: Chien-Pao|Ghost\n|move|p1a: Zamazenta|Protect|p1a: Zamazenta\n|-singleturn|p1a: Zamazenta|Protect\n|move|p2b: Zamazenta|Protect|p2b: Zamazenta\n|-singleturn|p2b: Zamazenta|Protect\n|move|p2a: Chien-Pao|Icy Wind|p1b: Chien-Pao|[spread] p1b\n|-activate|p1a: Zamazenta|move: Protect\n|-damage|p1b: Chien-Pao|92/100\n|-unboost|p1b: Chien-Pao|spe|1\n|move|p1b: Chien-Pao|Ruination|p2b: Zamazenta\n|-activate|p2b: Zamazenta|move: Protect\n|\n|upkeep\n|turn|2\n|\n|t:|1776788773\n|move|p2a: Chien-Pao|Sucker Punch|p1b: Chien-Pao\n|-supereffective|p1b: Chien-Pao\n|-damage|p1b: Chien-Pao|21/100\n|move|p1a: Zamazenta|Behemoth Bash|p2a: Chien-Pao\n|-crit|p2a: Chien-Pao\n|-damage|p2a: Chien-Pao|26/100\n|move|p2b: Zamazenta|Body Press|p1a: Zamazenta\n|-supereffective|p1a: Zamazenta\n|-damage|p1a: Zamazenta|37/100\n|move|p1b: Chien-Pao|Ruination|p2b: Zamazenta\n|-damage|p2b: Zamazenta|50/100\n|\n|upkeep\n|turn|3\n|inactive|KCLord has 30 seconds left.\n|inactive|1kArrow has 30 seconds left.\n|inactive|KCLord has 20 seconds left.\n|inactive|KCLord has 15 seconds left.\n|inactive|KCLord has 10 seconds left.\n|\n|t:|1776788822\n|move|p1b: Chien-Pao|Ice Shard|p2a: Chien-Pao\n|-damage|p2a: Chien-Pao|6/100\n|move|p2a: Chien-Pao|Icy Wind|p1a: Zamazenta|[spread] p1a,p1b\n|-resisted|p1a: Zamazenta\n|-damage|p1a: Zamazenta|34/100\n|-damage|p1b: Chien-Pao|13/100\n|-unboost|p1a: Zamazenta|spe|1\n|-unboost|p1b: Chien-Pao|spe|1\n|move|p2b: Zamazenta|Body Press|p1a: Zamazenta\n|-supereffective|p1a: Zamazenta\n|-damage|p1a: Zamazenta|0 fnt\n|faint|p1a: Zamazenta\n|\n|upkeep\n|\n|t:|1776788826\n|switch|p1a: Calyrex|Calyrex-Shadow, L50|100/100\n|-ability|p1a: Calyrex|As One\n|-ability|p1a: Calyrex|Unnerve\n|turn|4\n|\n|t:|1776788852\n|move|p2a: Chien-Pao|Sucker Punch|p1b: Chien-Pao\n|-supereffective|p1b: Chien-Pao\n|-damage|p1b: Chien-Pao|0 fnt\n|faint|p1b: Chien-Pao\n|move|p1a: Calyrex|Encore|p2b: Zamazenta\n|-start|p2b: Zamazenta|Encore\n|move|p2b: Zamazenta|Body Press|p1a: Calyrex\n|-immune|p1a: Calyrex\n|\n|upkeep\n|\n|t:|1776788854\n|switch|p1b: Ogerpon|Ogerpon-Cornerstone, L50, F|100/100\n|turn|5\n|\n|t:|1776788871\n|switch|p2a: Dragonite|Dragonite, L50, F|100/100\n|move|p1b: Ogerpon|Follow Me|p1b: Ogerpon\n|-singleturn|p1b: Ogerpon|move: Follow Me\n|move|p1a: Calyrex|Astral Barrage|p2a: Dragonite|[spread] p2a,p2b\n|-damage|p2a: Dragonite|48/100\n|-damage|p2b: Zamazenta|18/100\n|move|p2b: Zamazenta|Body Press|p1b: Ogerpon\n|-supereffective|p1b: Ogerpon\n|-ability|p1b: Ogerpon|Sturdy\n|-damage|p1b: Ogerpon|1/100\n|\n|upkeep\n|turn|6\n|inactive|KCLord has 30 seconds left.\n|\n|t:|1776788902\n|move|p1b: Ogerpon|Spiky Shield|p1b: Ogerpon\n|-singleturn|p1b: Ogerpon|move: Protect\n|move|p2a: Dragonite|Aqua Jet|p1a: Calyrex\n|-damage|p1a: Calyrex|70/100\n|move|p1a: Calyrex|Astral Barrage|p2b: Zamazenta|[spread] p2a,p2b\n|-damage|p2a: Dragonite|0 fnt\n|-damage|p2b: Zamazenta|0 fnt\n|faint|p2a: Dragonite\n|faint|p2b: Zamazenta\n|-ability|p1a: Calyrex|Grim Neigh|boost\n|-boost|p1a: Calyrex|spa|2\n|\n|upkeep\n|\n|t:|1776788904\n|switch|p2b: Chien-Pao|Chien-Pao, L50, tera:Poison|6/100\n|switch|p2a: Calyrex|Calyrex-Shadow, L50|100/100\n|-ability|p2a: Calyrex|As One\n|-ability|p2a: Calyrex|Unnerve\n|-ability|p2b: Chien-Pao|Sword of Ruin\n|turn|7\n|\n|t:|1776788909\n|move|p1b: Ogerpon|Follow Me|p1b: Ogerpon\n|-singleturn|p1b: Ogerpon|move: Follow Me\n|move|p2b: Chien-Pao|Sucker Punch||[still]\n|-fail|p2b: Chien-Pao\n|move|p1a: Calyrex|Astral Barrage|p2a: Calyrex|[spread] p2a,p2b\n|-supereffective|p2a: Calyrex\n|-enditem|p2a: Calyrex|Focus Sash\n|-damage|p2a: Calyrex|1/100\n|-damage|p2b: Chien-Pao|0 fnt\n|faint|p2b: Chien-Pao\n|-ability|p1a: Calyrex|Grim Neigh|boost\n|-boost|p1a: Calyrex|spa|1\n|move|p2a: Calyrex|Astral Barrage|p1a: Calyrex|[spread] p1a,p1b\n|-supereffective|p1a: Calyrex\n|-damage|p1a: Calyrex|0 fnt\n|-damage|p1b: Ogerpon|0 fnt\n|faint|p1a: Calyrex\n|faint|p1b: Ogerpon\n|\n|win|KCLord\n|raw|1kArrow's rating: 1498 &rarr; <strong>1482</strong><br />(-16 for losing)\n|raw|KCLord's rating: 1576 &rarr; <strong>1592</strong><br />(+16 for winning)\n|l|\u2606KCLord\n|player|p2|\n","uploadtime":1776789171,"views":13,"formatid":"gen9vgc2026regi","rating":1482,"private":0,"password":null}