{"id":"gen9vgc2026regi-2552010966","format":"[Gen 9] VGC 2026 Reg I","players":["lalo's pollos","Pokemonst3r"],"log":"|j|\u2606lalo's pollos\n|j|\u2606Pokemonst3r\n|t:|1772665330\n|gametype|doubles\n|player|p1|lalo's pollos|266|1399\n|player|p2|Pokemonst3r|169|1576\n|gen|9\n|tier|[Gen 9] VGC 2026 Reg I\n|rated|\n|rule|Species Clause: Limit one of each Pok\u00e9mon\n|rule|Item Clause: Limit 1 of each item\n|clearpoke\n|poke|p1|Miraidon, L50|\n|poke|p1|Landorus, L50, M|\n|poke|p1|Incineroar, L50, M|\n|poke|p1|Iron Bundle, L50|\n|poke|p1|Farigiraf, L50, F|\n|poke|p1|Calyrex-Ice, L50|\n|poke|p2|Chien-Pao, L50|\n|poke|p2|Calyrex-Shadow, L50|\n|poke|p2|Dondozo, L50, M|\n|poke|p2|Zamazenta-*, L50|\n|poke|p2|Dragonite, L50, F|\n|poke|p2|Tatsugiri, L50, M|\n|teampreview|4\n|inactive|Battle timer is ON: inactive players will automatically lose when time's up. (requested by Pokemonst3r)\n|\n|t:|1772665354\n|teamsize|p1|4\n|teamsize|p2|4\n|start\n|switch|p1a: Co-Star|Miraidon, L50|100/100\n|switch|p1b: the Star|Iron Bundle, L50|100/100\n|switch|p2a: Chien-Pao|Chien-Pao, L50|100/100\n|switch|p2b: Zamazenta|Zamazenta-Crowned, L50|100/100\n|-fieldstart|move: Electric Terrain|[from] ability: Hadron Engine|[of] p1a: Co-Star\n|-activate|p1b: the Star|ability: Quark Drive\n|-start|p1b: the Star|quarkdrivespe\n|-ability|p2a: Chien-Pao|Sword of Ruin\n|-ability|p2b: Zamazenta|Dauntless Shield|boost\n|-boost|p2b: Zamazenta|def|1\n|turn|1\n|\n|t:|1772665370\n|move|p2b: Zamazenta|Wide Guard|p2b: Zamazenta\n|-singleturn|p2b: Zamazenta|Wide Guard\n|move|p1b: the Star|Freeze-Dry|p2a: Chien-Pao\n|-resisted|p2a: Chien-Pao\n|-damage|p2a: Chien-Pao|70/100\n|move|p2a: Chien-Pao|Ice Spinner|p1a: Co-Star\n|-supereffective|p1a: Co-Star\n|-crit|p1a: Co-Star\n|-damage|p1a: Co-Star|0 fnt\n|-fieldend|move: Electric Terrain\n|-end|p1b: the Star|Quark Drive\n|faint|p1a: Co-Star\n|\n|upkeep\n|\n|t:|1772665379\n|switch|p1a: Landorus|Landorus, L50, M|100/100\n|turn|2\n|\n|t:|1772665386\n|-terastallize|p1a: Landorus|Water\n|move|p1b: the Star|Encore|p2b: Zamazenta\n|-start|p2b: Zamazenta|Encore\n|move|p2a: Chien-Pao|Ice Spinner|p1a: Landorus\n|-resisted|p1a: Landorus\n|-damage|p1a: Landorus|70/100\n|move|p2b: Zamazenta|Wide Guard|p2b: Zamazenta\n|-singleturn|p2b: Zamazenta|Wide Guard\n|move|p1a: Landorus|Earth Power|p2a: Chien-Pao\n|-damage|p2a: Chien-Pao|0 fnt\n|faint|p2a: Chien-Pao\n|\n|upkeep\n|\n|t:|1772665397\n|switch|p2a: Calyrex|Calyrex-Shadow, L50|100/100\n|-ability|p2a: Calyrex|As One\n|-ability|p2a: Calyrex|Unnerve\n|turn|3\n|\n|t:|1772665404\n|switch|p2b: Dragonite|Dragonite, L50, F|100/100\n|switch|p1a: the Manager|Farigiraf, L50, F|100/100\n|move|p1b: the Star|Protect|p1b: the Star\n|-singleturn|p1b: the Star|Protect\n|move|p2a: Calyrex|Astral Barrage|p1b: the Star|[spread] \n|-activate|p1b: the Star|move: Protect\n|-immune|p1a: the Manager\n|\n|upkeep\n|turn|4\n|\n|t:|1772665418\n|move|p2a: Calyrex|Astral Barrage|p1b: the Star|[spread] p1b\n|-immune|p1a: the Manager\n|-enditem|p1b: the Star|Focus Sash\n|-damage|p1b: the Star|1/100\n|move|p1b: the Star|Freeze-Dry|p2b: Dragonite\n|-supereffective|p2b: Dragonite\n|-damage|p2b: Dragonite|0 fnt\n|faint|p2b: Dragonite\n|move|p1a: the Manager|Trick Room|p1a: the Manager\n|-fieldstart|move: Trick Room|[of] p1a: the Manager\n|\n|upkeep\n|\n|t:|1772665428\n|switch|p2b: Zamazenta|Zamazenta-Crowned, L50|100/100\n|turn|5\n|\n|t:|1772665434\n|move|p1a: the Manager|Foul Play|p2a: Calyrex\n|-supereffective|p2a: Calyrex\n|-damage|p2a: Calyrex|32/100\n|move|p2b: Zamazenta|Body Press|p1a: the Manager\n|-damage|p1a: the Manager|53/100\n|move|p1b: the Star|Freeze-Dry|p2a: Calyrex\n|-damage|p2a: Calyrex|0 fnt\n|faint|p2a: Calyrex\n|\n|upkeep\n|turn|6\n|\n|t:|1772665454\n|move|p1a: the Manager|Psychic|p2b: Zamazenta\n|-damage|p2b: Zamazenta|75/100\n|move|p2b: Zamazenta|Body Press|p1a: the Manager\n|-crit|p1a: the Manager\n|-damage|p1a: the Manager|0 fnt\n|faint|p1a: the Manager\n|move|p1b: the Star|Freeze-Dry|p2b: Zamazenta\n|-resisted|p2b: Zamazenta\n|-damage|p2b: Zamazenta|62/100\n|\n|upkeep\n|\n|t:|1772665462\n|switch|p1a: Landorus|Landorus, L50, M, tera:Water|70/100\n|turn|7\n|\n|t:|1772665472\n|-terastallize|p2b: Zamazenta|Dragon\n|move|p1a: Landorus|Earth Power|p2b: Zamazenta\n|-damage|p2b: Zamazenta|9/100\n|move|p2b: Zamazenta|Body Press|p1b: the Star\n|-supereffective|p1b: the Star\n|-damage|p1b: the Star|0 fnt\n|faint|p1b: the Star\n|-end|p1b: the Star|Quark Drive|[silent]\n|\n|upkeep\n|turn|8\n|\n|t:|1772665481\n|move|p2b: Zamazenta|Protect|p2b: Zamazenta\n|-singleturn|p2b: Zamazenta|Protect\n|move|p1a: Landorus|Earth Power|p2b: Zamazenta\n|-activate|p2b: Zamazenta|move: Protect\n|\n|-fieldend|move: Trick Room\n|upkeep\n|turn|9\n|\n|t:|1772665488\n|move|p2b: Zamazenta|Body Press|p1a: Landorus\n|-damage|p1a: Landorus|17/100\n|move|p1a: Landorus|Earth Power|p2b: Zamazenta\n|-damage|p2b: Zamazenta|0 fnt\n|faint|p2b: Zamazenta\n|\n|win|lalo's pollos\n|raw|lalo&apos;s pollos's rating: 1399 &rarr; <strong>1428</strong><br />(+29 for winning)\n|raw|Pokemonst3r's rating: 1576 &rarr; <strong>1547</strong><br />(-29 for losing)\n|l|\u2606Pokemonst3r\n|player|p2|\n","uploadtime":1772665750,"views":14,"formatid":"gen9vgc2026regi","rating":1428,"private":0,"password":null}