{"id":"gen9vgc2026regi-2531804656","format":"[Gen 9] VGC 2026 Reg I","players":["yamato-tak","mikoag"],"log":"|j|\u2606yamato-tak\n|j|\u2606mikoag\n|t:|1770101807\n|gametype|doubles\n|player|p1|yamato-tak|170|1525\n|player|p2|mikoag|102|1377\n|gen|9\n|tier|[Gen 9] VGC 2026 Reg I\n|rated|\n|rule|Species Clause: Limit one of each Pok\u00e9mon\n|rule|Item Clause: Limit 1 of each item\n|clearpoke\n|poke|p1|Miraidon, L50|\n|poke|p1|Calyrex-Ice, L50|\n|poke|p1|Volcarona, L50, F|\n|poke|p1|Araquanid, L50, F|\n|poke|p1|Grimmsnarl, L50, M|\n|poke|p1|Entei, L50|\n|poke|p2|Miraidon, L50|\n|poke|p2|Lunala, L50|\n|poke|p2|Incineroar, L50, M|\n|poke|p2|Urshifu-*, L50, M|\n|poke|p2|Ursaluna, L50, M|\n|poke|p2|Sinistcha-Masterpiece, L50|\n|teampreview|4\n|inactive|Battle timer is ON: inactive players will automatically lose when time's up. (requested by yamato-tak)\n|\n|t:|1770101833\n|teamsize|p1|4\n|teamsize|p2|4\n|start\n|switch|p1a: Grimmsnarl|Grimmsnarl, L50, M, shiny|100/100\n|switch|p1b: Miraidon|Miraidon, L50, shiny|100/100\n|switch|p2a: Miraidon|Miraidon, L50|100/100\n|switch|p2b: Urshifu|Urshifu-Rapid-Strike, L50, M|100/100\n|-fieldstart|move: Electric Terrain|[from] ability: Hadron Engine|[of] p2a: Miraidon\n|-activate|p1b: Miraidon|ability: Hadron Engine\n|turn|1\n|\n|t:|1770101853\n|-terastallize|p2a: Miraidon|Electric\n|move|p1a: Grimmsnarl|Fake Out|p2a: Miraidon\n|-damage|p2a: Miraidon|90/100\n|cant|p2a: Miraidon|flinch\n|move|p1b: Miraidon|Calm Mind|p1b: Miraidon\n|-boost|p1b: Miraidon|spa|1\n|-boost|p1b: Miraidon|spd|1\n|move|p2b: Urshifu|Surging Strikes|p1b: Miraidon\n|-resisted|p1b: Miraidon\n|-crit|p1b: Miraidon\n|-damage|p1b: Miraidon|92/100\n|-resisted|p1b: Miraidon\n|-crit|p1b: Miraidon\n|-damage|p1b: Miraidon|83/100\n|-resisted|p1b: Miraidon\n|-crit|p1b: Miraidon\n|-damage|p1b: Miraidon|75/100\n|-hitcount|p1b: Miraidon|3\n|\n|upkeep\n|turn|2\n|inactive|mikoag has 30 seconds left.\n|\n|t:|1770101880\n|-terastallize|p1b: Miraidon|Electric\n|move|p1a: Grimmsnarl|Light Screen|p1a: Grimmsnarl\n|-sidestart|p1: yamato-tak|move: Light Screen\n|move|p2a: Miraidon|Draco Meteor|p1b: Miraidon\n|-damage|p1b: Miraidon|27/100\n|-unboost|p2a: Miraidon|spa|2\n|move|p1b: Miraidon|Parabolic Charge|p2b: Urshifu|[spread] p1a,p2a,p2b\n|-resisted|p2a: Miraidon\n|-supereffective|p2b: Urshifu\n|-damage|p1a: Grimmsnarl|55/100\n|-heal|p1b: Miraidon|49/100|[from] drain|[of] p1a: Grimmsnarl\n|-damage|p2a: Miraidon|51/100\n|-heal|p1b: Miraidon|66/100|[from] drain|[of] p2a: Miraidon\n|-enditem|p2b: Urshifu|Focus Sash\n|-damage|p2b: Urshifu|1/100\n|-heal|p1b: Miraidon|100/100|[from] drain|[of] p2b: Urshifu\n|move|p2b: Urshifu|Surging Strikes|p1a: Grimmsnarl\n|-crit|p1a: Grimmsnarl\n|-damage|p1a: Grimmsnarl|34/100\n|-crit|p1a: Grimmsnarl\n|-damage|p1a: Grimmsnarl|12/100\n|-crit|p1a: Grimmsnarl\n|-damage|p1a: Grimmsnarl|0 fnt\n|faint|p1a: Grimmsnarl\n|-hitcount|p1: Grimmsnarl|3\n|\n|upkeep\n|\n|t:|1770101889\n|switch|p1a: Calyrex|Calyrex-Ice, L50|100/100\n|-ability|p1a: Calyrex|As One\n|-ability|p1a: Calyrex|Unnerve\n|turn|3\n|inactive|mikoag has 30 seconds left.\n|\n|t:|1770101924\n|move|p2a: Miraidon|Draco Meteor|p1b: Miraidon\n|-damage|p1b: Miraidon|75/100\n|-unboost|p2a: Miraidon|spa|2\n|move|p1b: Miraidon|Electro Drift|p2b: Urshifu\n|-supereffective|p2b: Urshifu\n|-damage|p2b: Urshifu|0 fnt\n|faint|p2b: Urshifu\n|move|p1a: Calyrex|Glacial Lance|p2a: Miraidon\n|-damage|p2a: Miraidon|0 fnt\n|faint|p2a: Miraidon\n|-ability|p1a: Calyrex|Chilling Neigh|boost\n|-boost|p1a: Calyrex|atk|1\n|\n|upkeep\n|\n|t:|1770101939\n|switch|p2a: Lunala|Lunala, L50|100/100\n|switch|p2b: Ursaluna|Ursaluna, L50, M|100/100\n|turn|4\n|\n|t:|1770101955\n|move|p2a: Lunala|Wide Guard|p2a: Lunala\n|-singleturn|p2a: Lunala|Wide Guard\n|move|p1b: Miraidon|Electro Drift|p2a: Lunala\n|-crit|p2a: Lunala\n|-damage|p2a: Lunala|12/100\n|move|p1a: Calyrex|Glacial Lance|p2a: Lunala|[spread] \n|-activate|p2a: Lunala|move: Wide Guard\n|-activate|p2b: Ursaluna|move: Wide Guard\n|move|p2b: Ursaluna|Earthquake|p1a: Calyrex|[spread] p1a,p1b\n|-activate|p2a: Lunala|move: Wide Guard\n|-supereffective|p1b: Miraidon\n|-damage|p1a: Calyrex|74/100\n|-damage|p1b: Miraidon|1/100\n|\n|-heal|p2a: Lunala|18/100|[from] item: Leftovers\n|-status|p2b: Ursaluna|brn|[from] item: Flame Orb\n|upkeep\n|turn|5\n|inactive|mikoag has 30 seconds left.\n|\n|t:|1770101990\n|move|p1b: Miraidon|Draco Meteor|p2b: Ursaluna\n|-damage|p2b: Ursaluna|5/100 brn\n|-unboost|p1b: Miraidon|spa|2\n|move|p2a: Lunala|Moongeist Beam|p1a: Calyrex\n|-supereffective|p1a: Calyrex\n|-damage|p1a: Calyrex|33/100\n|move|p1a: Calyrex|Leech Seed|p2a: Lunala|[miss]\n|-miss|p1a: Calyrex|p2a: Lunala\n|move|p2b: Ursaluna|Facade|p1a: Calyrex\n|-damage|p1a: Calyrex|0 fnt\n|faint|p1a: Calyrex\n|\n|-heal|p2a: Lunala|24/100|[from] item: Leftovers\n|-damage|p2b: Ursaluna|0 fnt|[from] brn\n|faint|p2b: Ursaluna\n|-fieldend|move: Electric Terrain\n|upkeep\n|\n|t:|1770101996\n|switch|p1a: Araquanid|Araquanid, L50, F, shiny|100/100\n|turn|6\n|-message|mikoag forfeited.\n|\n|win|yamato-tak\n|raw|yamato-tak's rating: 1525 &rarr; <strong>1537</strong><br />(+12 for winning)\n|raw|mikoag's rating: 1377 &rarr; <strong>1365</strong><br />(-12 for losing)\n|l|\u2606mikoag\n|player|p2|\n|l|\u2606yamato-tak\n|player|p1|\n","uploadtime":1770102204,"views":8,"formatid":"gen9vgc2026regi","rating":1365,"private":0,"password":null}