{"id":"gen9vgc2026regi-2572147398","format":"[Gen 9] VGC 2026 Reg I","players":["Bman311","KCLKCLVGC"],"log":"|j|\u2606Bman311\n|j|\u2606KCLKCLVGC\n|t:|1774992031\n|gametype|doubles\n|player|p1|Bman311|2|1413\n|player|p2|KCLKCLVGC|cynthia-gen4|1402\n|gen|9\n|tier|[Gen 9] VGC 2026 Reg I\n|rated|\n|rule|Species Clause: Limit one of each Pok\u00e9mon\n|rule|Item Clause: Limit 1 of each item\n|clearpoke\n|poke|p1|Koraidon, L50|\n|poke|p1|Calyrex-Ice, L50|\n|poke|p1|Incineroar, L50, M|\n|poke|p1|Brute Bonnet, L50|\n|poke|p1|Flutter Mane, L50|\n|poke|p1|Gouging Fire, L50|\n|poke|p2|Calyrex-Shadow, L50|\n|poke|p2|Zamazenta-*, L50|\n|poke|p2|Chien-Pao, L50|\n|poke|p2|Raging Bolt, L50|\n|poke|p2|Amoonguss, L50, F|\n|poke|p2|Rillaboom, L50, M|\n|teampreview|4\n|inactive|Battle timer is ON: inactive players will automatically lose when time's up. (requested by Bman311)\nBman311 has agreed to open team sheets.\n|inactive|Bman311 has 60 seconds left.\n|\n|t:|1774992079\n|teamsize|p1|4\n|teamsize|p2|4\n|start\n|switch|p1a: Koraidon|Koraidon, L50|100/100\n|switch|p1b: Gouging Fire|Gouging Fire, L50|100/100\n|switch|p2a: protec|Zamazenta-Crowned, L50|100/100\n|switch|p2b: Rillaboom|Rillaboom, L50, M|100/100\n|-weather|SunnyDay|[from] ability: Orichalcum Pulse|[of] p1a: Koraidon\n|-activate|p1b: Gouging Fire|ability: Protosynthesis\n|-start|p1b: Gouging Fire|protosynthesisspe\n|-activate|p1a: Koraidon|Orichalcum Pulse|[source]\n|-ability|p2a: protec|Dauntless Shield|boost\n|-boost|p2a: protec|def|1\n|-fieldstart|move: Grassy Terrain|[from] ability: Grassy Surge|[of] p2b: Rillaboom\n|turn|1\n|inactive|KCLKCLVGC has 30 seconds left.\n|inactive|KCLKCLVGC has 20 seconds left.\n|inactive|KCLKCLVGC has 15 seconds left.\n|inactive|KCLKCLVGC has 10 seconds left.\n|\n|t:|1774992127\n|-terastallize|p2b: Rillaboom|Fire\n|move|p1a: Koraidon|Protect|p1a: Koraidon\n|-singleturn|p1a: Koraidon|Protect\n|move|p2b: Rillaboom|Fake Out|p1b: Gouging Fire\n|-damage|p1b: Gouging Fire|92/100\n|cant|p1b: Gouging Fire|flinch\n|move|p2a: protec|Body Press|p1b: Gouging Fire\n|-damage|p1b: Gouging Fire|41/100\n|\n|-weather|SunnyDay|[upkeep]\n|-heal|p1b: Gouging Fire|47/100|[from] Grassy Terrain\n|upkeep\n|turn|2\n|\n|t:|1774992144\n|move|p1b: Gouging Fire|Howl|p1b: Gouging Fire|[spread] p1a,p1b\n|-boost|p1a: Koraidon|atk|1\n|-boost|p1b: Gouging Fire|atk|1\n|move|p1a: Koraidon|Close Combat|p2a: protec\n|-supereffective|p2a: protec\n|-damage|p2a: protec|0 fnt\n|-unboost|p1a: Koraidon|def|1\n|-unboost|p1a: Koraidon|spd|1\n|faint|p2a: protec\n|-damage|p1a: Koraidon|91/100|[from] item: Life Orb\n|move|p2b: Rillaboom|U-turn|p1b: Gouging Fire\n|-resisted|p1b: Gouging Fire\n|-damage|p1b: Gouging Fire|39/100\n|\n|t:|1774992165\n|switch|p2b: PinkPonyClub|Calyrex-Shadow, L50|100/100|[from] U-turn\n|-ability|p2b: PinkPonyClub|As One\n|-ability|p2b: PinkPonyClub|Unnerve\n|\n|-weather|SunnyDay|[upkeep]\n|-heal|p1b: Gouging Fire|45/100|[from] Grassy Terrain\n|-heal|p1a: Koraidon|97/100|[from] Grassy Terrain\n|upkeep\n|\n|t:|1774992167\n|switch|p2a: Rillaboom|Rillaboom, L50, M, tera:Fire|100/100\n|turn|3\n|\n|t:|1774992179\n|switch|p1a: Brute Bonnet|Brute Bonnet, L50|100/100\n|-activate|p1a: Brute Bonnet|ability: Protosynthesis\n|-start|p1a: Brute Bonnet|protosynthesisdef\n|move|p1b: Gouging Fire|Burning Bulwark|p1b: Gouging Fire\n|-singleturn|p1b: Gouging Fire|move: Protect\n|move|p2a: Rillaboom|Fake Out|p1b: Gouging Fire\n|-activate|p1b: Gouging Fire|move: Protect\n|move|p2b: PinkPonyClub|Astral Barrage|p1b: Gouging Fire|[spread] p1a\n|-activate|p1b: Gouging Fire|move: Protect\n|-resisted|p1a: Brute Bonnet\n|-damage|p1a: Brute Bonnet|78/100\n|\n|-weather|SunnyDay|[upkeep]\n|-heal|p1b: Gouging Fire|51/100|[from] Grassy Terrain\n|-heal|p1a: Brute Bonnet|84/100|[from] Grassy Terrain\n|upkeep\n|turn|4\n|inactive|KCLKCLVGC has 30 seconds left.\n|\n|t:|1774992204\n|move|p2b: PinkPonyClub|Protect|p2b: PinkPonyClub\n|-singleturn|p2b: PinkPonyClub|Protect\n|move|p1b: Gouging Fire|Heat Crash|p2b: PinkPonyClub\n|-activate|p2b: PinkPonyClub|move: Protect\n|move|p2a: Rillaboom|U-turn|p1a: Brute Bonnet\n|-supereffective|p1a: Brute Bonnet\n|-damage|p1a: Brute Bonnet|36/100\n|\n|t:|1774992212\n|switch|p2a: Arlie|Chien-Pao, L50|100/100|[from] U-turn\n|-ability|p2a: Arlie|Sword of Ruin\n|move|p1a: Brute Bonnet|Spore|p2a: Arlie\n|-status|p2a: Arlie|slp|[from] move: Spore\n|\n|-weather|SunnyDay|[upkeep]\n|-heal|p1b: Gouging Fire|57/100|[from] Grassy Terrain\n|-heal|p1a: Brute Bonnet|42/100|[from] Grassy Terrain\n|upkeep\n|turn|5\n|\n|t:|1774992230\n|move|p1a: Brute Bonnet|Sucker Punch|p2b: PinkPonyClub\n|-supereffective|p2b: PinkPonyClub\n|-enditem|p2b: PinkPonyClub|Focus Sash\n|-damage|p2b: PinkPonyClub|1/100\n|move|p1b: Gouging Fire|Heat Crash|p2b: PinkPonyClub\n|-damage|p2b: PinkPonyClub|0 fnt\n|faint|p2b: PinkPonyClub\n|cant|p2a: Arlie|slp\n|\n|-weather|none\n|-end|p1b: Gouging Fire|Protosynthesis\n|-end|p1a: Brute Bonnet|Protosynthesis\n|-heal|p1b: Gouging Fire|63/100|[from] Grassy Terrain\n|-heal|p1a: Brute Bonnet|48/100|[from] Grassy Terrain\n|-fieldend|move: Grassy Terrain\n|upkeep\n|-enditem|p1b: Gouging Fire|Booster Energy\n|-activate|p1b: Gouging Fire|ability: Protosynthesis|[fromitem]\n|-start|p1b: Gouging Fire|protosynthesisatk\n|-message|KCLKCLVGC forfeited.\n|\n|win|Bman311\n|raw|Bman311's rating: 1413 &rarr; <strong>1432</strong><br />(+19 for winning)\n|raw|KCLKCLVGC's rating: 1402 &rarr; <strong>1383</strong><br />(-19 for losing)\n|l|\u2606KCLKCLVGC\n|player|p2|\n","uploadtime":1774992239,"views":20,"formatid":"gen9vgc2026regi","rating":1383,"private":0,"password":null}