{"id":"gen9vgc2026regi-2538537678","format":"[Gen 9] VGC 2026 Reg I","players":["JRolls89","eye-zitt"],"log":"|j|\u2606JRolls89\n|j|\u2606eye-zitt\n|t:|1770937840\n|gametype|doubles\n|player|p1|JRolls89|1|1181\n|player|p2|eye-zitt|hilbert|1136\n|gen|9\n|tier|[Gen 9] VGC 2026 Reg I\n|rated|\n|rule|Species Clause: Limit one of each Pok\u00e9mon\n|rule|Item Clause: Limit 1 of each item\n|clearpoke\n|poke|p1|Koraidon, L50|\n|poke|p1|Zamazenta-*, L50|\n|poke|p1|Flutter Mane, L50|\n|poke|p1|Grimmsnarl, L50, M|\n|poke|p1|Ting-Lu, L50|\n|poke|p1|Garganacl, L50, F|\n|poke|p2|Terapagos, L50, M|\n|poke|p2|Calyrex-Shadow, L50|\n|poke|p2|Rillaboom, L50, M|\n|poke|p2|Incineroar, L50, M|\n|poke|p2|Amoonguss, L50, M|\n|poke|p2|Ogerpon-Cornerstone, L50, F|\n|teampreview|4\n|inactive|Battle timer is ON: inactive players will automatically lose when time's up. (requested by eye-zitt)\n|inactive|JRolls89 also wants the timer to be on.\n|inactive|JRolls89 has 60 seconds left.\n|\n|t:|1770937874\n|teamsize|p1|4\n|teamsize|p2|4\n|start\n|switch|p1a: Grimmsnarl|Grimmsnarl, L50, M|100/100\n|switch|p1b: Ting-Lu|Ting-Lu, L50|100/100\n|switch|p2a: Terapagos|Terapagos, L50, M|100/100\n|switch|p2b: Amoonguss|Amoonguss, L50, M|100/100\n|-activate|p2a: Terapagos|ability: Tera Shift\n|detailschange|p2a: Terapagos|Terapagos-Terastal, L50, M\n|-heal|p2a: Terapagos|100/100|[silent]\n|-ability|p1b: Ting-Lu|Vessel of Ruin\n|turn|1\n|\n|t:|1770937890\n|move|p2b: Amoonguss|Rage Powder|p2b: Amoonguss\n|-singleturn|p2b: Amoonguss|move: Rage Powder\n|move|p1a: Grimmsnarl|Misty Terrain|p1a: Grimmsnarl\n|-fieldstart|move: Misty Terrain\n|move|p2a: Terapagos|Calm Mind|p2a: Terapagos\n|-boost|p2a: Terapagos|spa|1\n|-boost|p2a: Terapagos|spd|1\n|move|p1b: Ting-Lu|Sand Tomb|p2b: Amoonguss\n|-damage|p2b: Amoonguss|90/100\n|-activate|p2b: Amoonguss|move: Sand Tomb|[of] p1b: Ting-Lu\n|\n|-damage|p2b: Amoonguss|78/100|[from] move: Sand Tomb|[partiallytrapped]\n|upkeep\n|turn|2\n|inactive|eye-zitt has 30 seconds left.\n|\n|t:|1770937916\n|move|p2b: Amoonguss|Rage Powder|p2b: Amoonguss\n|-singleturn|p2b: Amoonguss|move: Rage Powder\n|move|p1a: Grimmsnarl|Light Screen|p1a: Grimmsnarl\n|-sidestart|p1: JRolls89|move: Light Screen\n|move|p2a: Terapagos|Calm Mind|p2a: Terapagos\n|-boost|p2a: Terapagos|spa|1\n|-boost|p2a: Terapagos|spd|1\n|move|p1b: Ting-Lu|Snarl|p2b: Amoonguss|[spread] p2a,p2b\n|-activate|p2a: Terapagos|ability: Tera Shell\n|-resisted|p2a: Terapagos\n|-damage|p2a: Terapagos|99/100\n|-damage|p2b: Amoonguss|70/100\n|-unboost|p2a: Terapagos|spa|1\n|-unboost|p2b: Amoonguss|spa|1\n|\n|-heal|p2a: Terapagos|100/100|[from] item: Leftovers\n|-damage|p2b: Amoonguss|58/100|[from] move: Sand Tomb|[partiallytrapped]\n|upkeep\n|turn|3\n|\n|t:|1770937933\n|move|p2b: Amoonguss|Rage Powder|p2b: Amoonguss\n|-singleturn|p2b: Amoonguss|move: Rage Powder\n|move|p2a: Terapagos|Calm Mind|p2a: Terapagos\n|-boost|p2a: Terapagos|spa|1\n|-boost|p2a: Terapagos|spd|1\n|move|p1a: Grimmsnarl|Spirit Break|p2b: Amoonguss\n|-resisted|p2b: Amoonguss\n|-crit|p2b: Amoonguss\n|-damage|p2b: Amoonguss|39/100\n|-unboost|p2b: Amoonguss|spa|1\n|-damage|p1a: Grimmsnarl|84/100|[from] item: Rocky Helmet|[of] p2b: Amoonguss\n|move|p1b: Ting-Lu|Ruination|p2b: Amoonguss\n|-damage|p2b: Amoonguss|20/100\n|\n|-damage|p2b: Amoonguss|7/100|[from] move: Sand Tomb|[partiallytrapped]\n|upkeep\n|turn|4\n|\n|t:|1770937953\n|-terastallize|p2a: Terapagos|Stellar\n|detailschange|p2a: Terapagos|Terapagos-Stellar, L50, M, tera:Stellar\n|-heal|p2a: Terapagos|100/100|[silent]\n|-ability|p2a: Terapagos|Teraform Zero\n|-fieldend|Misty Terrain\n|move|p2a: Terapagos|Tera Starstorm|p1b: Ting-Lu|[spread] p1a,p1b\n|-damage|p1a: Grimmsnarl|43/100\n|-damage|p1b: Ting-Lu|81/100\n|move|p1a: Grimmsnarl|Spirit Break|p2a: Terapagos\n|-damage|p2a: Terapagos|83/100\n|-unboost|p2a: Terapagos|spa|1\n|move|p2b: Amoonguss|Spore|p1b: Ting-Lu\n|-status|p1b: Ting-Lu|slp|[from] move: Spore\n|cant|p1b: Ting-Lu|slp\n|\n|-heal|p2a: Terapagos|89/100|[from] item: Leftovers\n|-damage|p2b: Amoonguss|0 fnt|[from] move: Sand Tomb|[partiallytrapped]\n|faint|p2b: Amoonguss\n|upkeep\n|\n|t:|1770937966\n|switch|p2b: Rillaboom|Rillaboom, L50, M|100/100\n|-fieldstart|move: Grassy Terrain|[from] ability: Grassy Surge|[of] p2b: Rillaboom\n|turn|5\n|\n|t:|1770937982\n|move|p2b: Rillaboom|Grassy Glide|p1a: Grimmsnarl\n|-damage|p1a: Grimmsnarl|9/100\n|move|p1a: Grimmsnarl|Reflect|p1a: Grimmsnarl\n|-sidestart|p1: JRolls89|Reflect\n|move|p2a: Terapagos|Tera Starstorm|p1a: Grimmsnarl|[spread] p1a,p1b\n|-damage|p1a: Grimmsnarl|0 fnt\n|-damage|p1b: Ting-Lu|67/100 slp\n|faint|p1a: Grimmsnarl\n|-curestatus|p1b: Ting-Lu|slp|[msg]\n|move|p1b: Ting-Lu|Ruination|p2a: Terapagos\n|-damage|p2a: Terapagos|45/100\n|\n|-heal|p2a: Terapagos|51/100|[from] Grassy Terrain\n|-heal|p2a: Terapagos|57/100|[from] item: Leftovers\n|-heal|p1b: Ting-Lu|73/100|[from] Grassy Terrain\n|upkeep\n|\n|t:|1770937993\n|switch|p1a: Zamazenta|Zamazenta-Crowned, L50|100/100\n|-ability|p1a: Zamazenta|Dauntless Shield|boost\n|-boost|p1a: Zamazenta|def|1\n|turn|6\n|\n|t:|1770938005\n|switch|p1b: Koraidon|Koraidon, L50|100/100\n|-weather|SunnyDay|[from] ability: Orichalcum Pulse|[of] p1b: Koraidon\n|-activate|p1b: Koraidon|Orichalcum Pulse|[source]\n|move|p2a: Terapagos|Protect|p2a: Terapagos\n|-singleturn|p2a: Terapagos|Protect\n|move|p1a: Zamazenta|Body Press|p2a: Terapagos\n|-activate|p2a: Terapagos|move: Protect\n|move|p2b: Rillaboom|Wood Hammer|p1b: Koraidon\n|-resisted|p1b: Koraidon\n|-damage|p1b: Koraidon|77/100\n|-damage|p2b: Rillaboom|94/100|[from] Recoil\n|\n|-weather|SunnyDay|[upkeep]\n|-heal|p1b: Koraidon|83/100|[from] Grassy Terrain\n|-heal|p2a: Terapagos|64/100|[from] Grassy Terrain\n|-heal|p2a: Terapagos|70/100|[from] item: Leftovers\n|-heal|p2b: Rillaboom|99/100|[from] Grassy Terrain\n|upkeep\n|turn|7\n|\n|t:|1770938019\n|move|p1b: Koraidon|Bulk Up|p1b: Koraidon\n|-boost|p1b: Koraidon|atk|1\n|-boost|p1b: Koraidon|def|1\n|move|p1a: Zamazenta|Body Press|p2a: Terapagos\n|-supereffective|p2a: Terapagos\n|-damage|p2a: Terapagos|0 fnt\n|faint|p2a: Terapagos\n|detailschange|p2: Terapagos|Terapagos, L50, M|[silent]\n|move|p2b: Rillaboom|Wood Hammer|p1b: Koraidon\n|-resisted|p1b: Koraidon\n|-crit|p1b: Koraidon\n|-damage|p1b: Koraidon|36/100\n|-damage|p2b: Rillaboom|86/100|[from] Recoil\n|\n|-weather|SunnyDay|[upkeep]\n|-heal|p1b: Koraidon|43/100|[from] Grassy Terrain\n|-heal|p2b: Rillaboom|92/100|[from] Grassy Terrain\n|upkeep\n|\n|t:|1770938030\n|switch|p2a: Calyrex|Calyrex-Shadow, L50|100/100\n|-ability|p2a: Calyrex|As One\n|-ability|p2a: Calyrex|Unnerve\n|turn|8\n|\n|t:|1770938037\n|move|p2a: Calyrex|Protect|p2a: Calyrex\n|-singleturn|p2a: Calyrex|Protect\n|move|p1b: Koraidon|Protect|p1b: Koraidon\n|-singleturn|p1b: Koraidon|Protect\n|move|p1a: Zamazenta|Behemoth Bash|p2a: Calyrex\n|-activate|p2a: Calyrex|move: Protect\n|move|p2b: Rillaboom|Wood Hammer|p1a: Zamazenta\n|-resisted|p1a: Zamazenta\n|-damage|p1a: Zamazenta|91/100\n|-damage|p2b: Rillaboom|89/100|[from] Recoil\n|\n|-weather|SunnyDay|[upkeep]\n|-heal|p1b: Koraidon|49/100|[from] Grassy Terrain\n|-heal|p1a: Zamazenta|97/100|[from] Grassy Terrain\n|-heal|p2b: Rillaboom|95/100|[from] Grassy Terrain\n|upkeep\n|turn|9\n|inactive|eye-zitt has 30 seconds left.\n|inactive|eye-zitt has 20 seconds left.\n|\n|t:|1770938073\n|move|p1a: Zamazenta|Wide Guard|p1a: Zamazenta\n|-singleturn|p1a: Zamazenta|Wide Guard\n|move|p2a: Calyrex|Astral Barrage|p1b: Koraidon|[spread] \n|-activate|p1a: Zamazenta|move: Wide Guard\n|-activate|p1b: Koraidon|move: Wide Guard\n|move|p1b: Koraidon|Flare Blitz|p2b: Rillaboom\n|-supereffective|p2b: Rillaboom\n|-damage|p2b: Rillaboom|0 fnt\n|faint|p2b: Rillaboom\n|-damage|p1b: Koraidon|12/100|[from] Recoil\n|\n|-weather|SunnyDay|[upkeep]\n|-heal|p1b: Koraidon|19/100|[from] Grassy Terrain\n|-heal|p1a: Zamazenta|100/100|[from] Grassy Terrain\n|-sideend|p1: JRolls89|move: Light Screen\n|-fieldend|move: Grassy Terrain\n|upkeep\n|turn|10\n|\n|t:|1770938082\n|move|p1b: Koraidon|Protect|p1b: Koraidon\n|-singleturn|p1b: Koraidon|Protect\n|move|p2a: Calyrex|Disable|p1a: Zamazenta\n|-start|p1a: Zamazenta|Disable|Wide Guard\n|move|p1a: Zamazenta|Behemoth Bash|p2a: Calyrex\n|-damage|p2a: Calyrex|51/100\n|\n|-weather|none\n|upkeep\n|turn|11\n|\n|t:|1770938099\n|switch|p1b: Ting-Lu|Ting-Lu, L50|73/100\n|-ability|p1b: Ting-Lu|Vessel of Ruin\n|move|p2a: Calyrex|Astral Barrage|p1b: Ting-Lu|[spread] p1a,p1b\n|-resisted|p1b: Ting-Lu\n|-damage|p1a: Zamazenta|69/100\n|-damage|p1b: Ting-Lu|64/100\n|move|p1a: Zamazenta|Behemoth Bash|p2a: Calyrex\n|-damage|p2a: Calyrex|5/100\n|\n|upkeep\n|turn|12\n|\n|t:|1770938106\n|move|p2a: Calyrex|Astral Barrage|p1b: Ting-Lu|[spread] p1a,p1b\n|-resisted|p1b: Ting-Lu\n|-damage|p1a: Zamazenta|39/100\n|-damage|p1b: Ting-Lu|53/100\n|move|p1a: Zamazenta|Behemoth Bash|p2a: Calyrex\n|-damage|p2a: Calyrex|0 fnt\n|faint|p2a: Calyrex\n|\n|win|JRolls89\n|raw|JRolls89's rating: 1181 &rarr; <strong>1203</strong><br />(+22 for winning)\n|raw|eye-zitt's rating: 1136 &rarr; <strong>1114</strong><br />(-22 for losing)\n","uploadtime":1770938110,"views":21,"formatid":"gen9vgc2026regi","rating":1114,"private":0,"password":null}