{"id":"gen9vgc2026regi-2546138499","format":"[Gen 9] VGC 2026 Reg I","players":["xjazuu","fogdocker"],"log":"|j|\u2606xjazuu\n|j|\u2606fogdocker\n|t:|1771934714\n|gametype|doubles\n|player|p1|xjazuu|youngcouple|1323\n|player|p2|fogdocker|1|1460\n|gen|9\n|tier|[Gen 9] VGC 2026 Reg I\n|rated|\n|rule|Species Clause: Limit one of each Pok\u00e9mon\n|rule|Item Clause: Limit 1 of each item\n|clearpoke\n|poke|p1|Calyrex-Ice, L50|\n|poke|p1|Miraidon, L50|\n|poke|p1|Urshifu-*, L50, F|\n|poke|p1|Grimmsnarl, L50, M|\n|poke|p1|Pelipper, L50, F|\n|poke|p1|Farigiraf, L50, F|\n|poke|p2|Koraidon, L50|\n|poke|p2|Lunala, L50|\n|poke|p2|Incineroar, L50, F|\n|poke|p2|Amoonguss, L50, M|\n|poke|p2|Ursaluna, L50, M|\n|poke|p2|Flutter Mane, L50|\n|teampreview|4\n|inactive|Battle timer is ON: inactive players will automatically lose when time's up. (requested by xjazuu)\n|inactive|fogdocker has 60 seconds left.\n|\n|t:|1771934793\n|teamsize|p1|4\n|teamsize|p2|4\n|start\n|switch|p1a: Grimmsnarl|Grimmsnarl, L50, M|100/100\n|switch|p1b: Calyrex|Calyrex-Ice, L50|100/100\n|switch|p2a: Lunala|Lunala, L50|100/100\n|switch|p2b: Amoonguss|Amoonguss, L50, M|100/100\n|-ability|p1b: Calyrex|As One\n|-ability|p1b: Calyrex|Unnerve\n|turn|1\n|inactive|fogdocker has 30 seconds left.\n|inactive|fogdocker has 20 seconds left.\n|inactive|fogdocker has 15 seconds left.\n|inactive|fogdocker has 10 seconds left.\n|\n|t:|1771934842\n|switch|p2b: Koraidon|Koraidon, L50|100/100\n|-weather|SunnyDay|[from] ability: Orichalcum Pulse|[of] p2b: Koraidon\n|-activate|p2b: Koraidon|Orichalcum Pulse|[source]\n|-terastallize|p1b: Calyrex|Water\n|move|p2a: Lunala|Wide Guard|p2a: Lunala\n|-singleturn|p2a: Lunala|Wide Guard\n|move|p1a: Grimmsnarl|Fake Out|p2b: Koraidon\n|-damage|p2b: Koraidon|90/100\n|move|p1b: Calyrex|Glacial Lance|p2b: Koraidon|[spread] \n|-activate|p2a: Lunala|move: Wide Guard\n|-activate|p2b: Koraidon|move: Wide Guard\n|\n|-weather|SunnyDay|[upkeep]\n|upkeep\n|turn|2\n|l|\u2606xjazuu\n|inactive|xjazuu disconnected and has a minute to reconnect!\n|player|p1|\n|j|\u2606xjazuu\n|inactive|xjazuu reconnected and has 35 seconds left.\n|player|p1|xjazuu|youngcouple|\n|inactive|xjazuu has 30 seconds left.\n|\n|t:|1771934870\n|move|p2a: Lunala|Wide Guard|p2a: Lunala\n|-singleturn|p2a: Lunala|Wide Guard\n|move|p1a: Grimmsnarl|Reflect|p1a: Grimmsnarl\n|-sidestart|p1: xjazuu|Reflect\n|move|p2b: Koraidon|Close Combat|p1b: Calyrex\n|-damage|p1b: Calyrex|54/100\n|-unboost|p2b: Koraidon|def|1\n|-unboost|p2b: Koraidon|spd|1\n|-damage|p2b: Koraidon|80/100|[from] item: Life Orb\n|move|p1b: Calyrex|Leech Seed|p2a: Lunala\n|-start|p2a: Lunala|move: Leech Seed\n|\n|-weather|SunnyDay|[upkeep]\n|-heal|p1b: Calyrex|60/100|[from] item: Leftovers\n|-damage|p2a: Lunala|88/100|[from] Leech Seed|[of] p1b: Calyrex\n|-heal|p1b: Calyrex|74/100|[silent]\n|upkeep\n|turn|3\n|inactive|xjazuu has 30 seconds left.\n|\n|t:|1771934899\n|move|p2a: Lunala|Wide Guard|p2a: Lunala\n|-singleturn|p2a: Lunala|Wide Guard\n|move|p2b: Koraidon|Flare Blitz|p1a: Grimmsnarl\n|-damage|p1a: Grimmsnarl|29/100\n|-damage|p2b: Koraidon|53/100|[from] Recoil\n|-damage|p2b: Koraidon|43/100|[from] item: Life Orb\n|move|p1a: Grimmsnarl|Spirit Break|p2b: Koraidon\n|-supereffective|p2b: Koraidon\n|-damage|p2b: Koraidon|0 fnt\n|faint|p2b: Koraidon\n|move|p1b: Calyrex|Glacial Lance|p2a: Lunala\n|-activate|p2a: Lunala|move: Wide Guard\n|\n|-weather|SunnyDay|[upkeep]\n|-heal|p2a: Lunala|94/100|[from] item: Leftovers\n|-heal|p1b: Calyrex|80/100|[from] item: Leftovers\n|-damage|p2a: Lunala|82/100|[from] Leech Seed|[of] p1b: Calyrex\n|-heal|p1b: Calyrex|95/100|[silent]\n|upkeep\n|\n|t:|1771934916\n|switch|p2b: Ursaluna|Ursaluna, L50, M|100/100\n|turn|4\n|\n|t:|1771934928\n|move|p2b: Ursaluna|Protect|p2b: Ursaluna\n|-singleturn|p2b: Ursaluna|Protect\n|move|p1a: Grimmsnarl|Light Screen|p1a: Grimmsnarl\n|-sidestart|p1: xjazuu|move: Light Screen\n|move|p1b: Calyrex|Leech Seed|p2b: Ursaluna\n|-activate|p2b: Ursaluna|move: Protect\n|move|p2a: Lunala|Trick Room|p2a: Lunala\n|-fieldstart|move: Trick Room|[of] p2a: Lunala\n|\n|-weather|SunnyDay|[upkeep]\n|-heal|p1b: Calyrex|100/100|[from] item: Leftovers\n|-heal|p2a: Lunala|88/100|[from] item: Leftovers\n|-damage|p2a: Lunala|75/100|[from] Leech Seed|[of] p1b: Calyrex\n|-status|p2b: Ursaluna|brn|[from] item: Flame Orb\n|upkeep\n|turn|5\n|l|\u2606xjazuu\n|inactive|xjazuu disconnected and has a minute to reconnect!\n|player|p1|\n|inactive|xjazuu has 30 seconds left.\n|j|\u2606xjazuu\n|inactive|xjazuu reconnected and has 25 seconds left.\n|player|p1|xjazuu|youngcouple|\n|inactive|xjazuu has 20 seconds left.\n|inactive|xjazuu has 15 seconds left.\n|\n|t:|1771934972\n|move|p2a: Lunala|Wide Guard|p2a: Lunala\n|-singleturn|p2a: Lunala|Wide Guard\n|move|p1b: Calyrex|Leech Seed|p2b: Ursaluna\n|-start|p2b: Ursaluna|move: Leech Seed\n|move|p2b: Ursaluna|Earthquake|p1b: Calyrex|[spread] p1a,p1b\n|-activate|p2a: Lunala|move: Wide Guard\n|-damage|p1a: Grimmsnarl|0 fnt\n|-damage|p1b: Calyrex|75/100\n|faint|p1a: Grimmsnarl\n|\n|-weather|none\n|-heal|p1b: Calyrex|81/100|[from] item: Leftovers\n|-heal|p2a: Lunala|82/100|[from] item: Leftovers\n|-damage|p2b: Ursaluna|88/100 brn|[from] Leech Seed|[of] p1b: Calyrex\n|-heal|p1b: Calyrex|94/100|[silent]\n|-damage|p2a: Lunala|69/100|[from] Leech Seed|[of] p1b: Calyrex\n|-heal|p1b: Calyrex|100/100|[silent]\n|-damage|p2b: Ursaluna|83/100 brn|[from] brn\n|upkeep\n|\n|t:|1771934995\n|switch|p1a: Miraidon|Miraidon, L50|100/100\n|-fieldstart|move: Electric Terrain|[from] ability: Hadron Engine|[of] p1a: Miraidon\n|turn|6\n|\n|t:|1771935011\n|switch|p2a: Amoonguss|Amoonguss, L50, M|100/100\n|switch|p1a: Pelipper|Pelipper, L50, F|100/100\n|-weather|RainDance|[from] ability: Drizzle|[of] p1a: Pelipper\n|move|p1b: Calyrex|Glacial Lance|p2b: Ursaluna|[spread] p2a,p2b\n|-supereffective|p2a: Amoonguss\n|-supereffective|p2b: Ursaluna\n|-damage|p2a: Amoonguss|16/100\n|-damage|p2b: Ursaluna|2/100 brn\n|move|p2b: Ursaluna|Headlong Rush|p1a: Pelipper\n|-immune|p1a: Pelipper\n|\n|-weather|RainDance|[upkeep]\n|-damage|p2b: Ursaluna|0 fnt|[from] Leech Seed|[of] p1b: Calyrex\n|faint|p2b: Ursaluna\n|upkeep\n|-message|fogdocker forfeited.\n|\n|win|xjazuu\n|raw|xjazuu's rating: 1323 &rarr; <strong>1351</strong><br />(+28 for winning)\n|raw|fogdocker's rating: 1460 &rarr; <strong>1432</strong><br />(-28 for losing)\n|l|\u2606fogdocker\n|player|p2|\n|l|\u2606xjazuu\n|player|p1|\n","uploadtime":1771935275,"views":12,"formatid":"gen9vgc2026regi","rating":1351,"private":0,"password":null}