{"id":"gen9vgc2026regi-2563896722","format":"[Gen 9] VGC 2026 Reg I","players":["anidiotnon","BreakTheShadowWall"],"log":"|j|\u2606anidiotnon\n|j|\u2606BreakTheShadowWall\n|t:|1774080184\n|gametype|doubles\n|player|p1|anidiotnon|101|1407\n|player|p2|BreakTheShadowWall|266|1396\n|gen|9\n|tier|[Gen 9] VGC 2026 Reg I\n|rated|\n|rule|Species Clause: Limit one of each Pok\u00e9mon\n|rule|Item Clause: Limit 1 of each item\n|clearpoke\n|poke|p1|Calyrex-Shadow, L50|\n|poke|p1|Zacian-*, L50|\n|poke|p1|Whimsicott, L50, F|\n|poke|p1|Chi-Yu, L50|\n|poke|p1|Raging Bolt, L50|\n|poke|p1|Indeedee, L50, M|\n|poke|p2|Miraidon, L50|\n|poke|p2|Iron Bundle, L50|\n|poke|p2|Lunala, L50|\n|poke|p2|Incineroar, L50, M|\n|poke|p2|Urshifu-*, L50, M|\n|poke|p2|Ursaluna, L50, M|\n|teampreview|4\n|inactive|Battle timer is ON: inactive players will automatically lose when time's up. (requested by anidiotnon)\n|inactive|anidiotnon has 60 seconds left.\n|inactive|BreakTheShadowWall has 60 seconds left.\n|inactive|BreakTheShadowWall has 30 seconds left.\n|\n|t:|1774080255\n|teamsize|p1|4\n|teamsize|p2|4\n|start\n|switch|p1a: Whimsicott|Whimsicott, L50, F|100/100\n|switch|p1b: Calyrex|Calyrex-Shadow, L50|100/100\n|switch|p2a: Incineroar|Incineroar, L50, M|100/100\n|switch|p2b: Lunala|Lunala, L50, shiny|100/100\n|-ability|p1b: Calyrex|As One\n|-ability|p1b: Calyrex|Unnerve\n|-ability|p2a: Incineroar|Intimidate|boost\n|-unboost|p1a: Whimsicott|atk|1\n|-unboost|p1b: Calyrex|atk|1\n|turn|1\n|\n|t:|1774080271\n|-terastallize|p2b: Lunala|Fairy\n|move|p1b: Calyrex|Protect|p1b: Calyrex\n|-singleturn|p1b: Calyrex|Protect\n|move|p1a: Whimsicott|Taunt|p2b: Lunala\n|-start|p2b: Lunala|move: Taunt\n|move|p2b: Lunala|Moongeist Beam|p1b: Calyrex\n|-activate|p1b: Calyrex|move: Protect\n|move|p2a: Incineroar|Flare Blitz|p1a: Whimsicott\n|-supereffective|p1a: Whimsicott\n|-enditem|p1a: Whimsicott|Focus Sash\n|-damage|p1a: Whimsicott|1/100\n|-damage|p2a: Incineroar|78/100|[from] Recoil\n|\n|upkeep\n|turn|2\n|inactive|anidiotnon has 30 seconds left.\n|inactive|BreakTheShadowWall has 30 seconds left.\n|inactive|anidiotnon has 20 seconds left.\n|\n|t:|1774080311\n|switch|p2b: Ursaluna|Ursaluna, L50, M|100/100\n|-terastallize|p1b: Calyrex|Water\n|move|p1b: Calyrex|Astral Barrage|p2a: Incineroar|[spread] p2a\n|-immune|p2b: Ursaluna\n|-resisted|p2a: Incineroar\n|-damage|p2a: Incineroar|57/100\n|-damage|p1b: Calyrex|91/100|[from] item: Life Orb\n|move|p1a: Whimsicott|Moonblast|p2a: Incineroar\n|-damage|p2a: Incineroar|34/100\n|-unboost|p2a: Incineroar|spa|1\n|move|p2a: Incineroar|U-turn|p1a: Whimsicott\n|-damage|p1a: Whimsicott|0 fnt\n|faint|p1a: Whimsicott\n|\n|t:|1774080326\n|switch|p2a: Lunala|Lunala, L50, shiny, tera:Fairy|100/100|[from] U-turn\n|\n|-status|p2b: Ursaluna|brn|[from] item: Flame Orb\n|upkeep\n|\n|t:|1774080336\n|switch|p1a: Chi-Yu|Chi-Yu, L50|100/100\n|-ability|p1a: Chi-Yu|Beads of Ruin\n|turn|3\n|inactive|BreakTheShadowWall has 30 seconds left.\n|inactive|BreakTheShadowWall has 20 seconds left.\n|inactive|BreakTheShadowWall has 15 seconds left.\n|\n|t:|1774080380\n|move|p2a: Lunala|Wide Guard|p2a: Lunala\n|-singleturn|p2a: Lunala|Wide Guard\n|move|p1a: Chi-Yu|Heat Wave|p2a: Lunala|[spread] \n|-activate|p2a: Lunala|move: Wide Guard\n|-activate|p2b: Ursaluna|move: Wide Guard\n|move|p1b: Calyrex|Taunt|p2a: Lunala\n|-start|p2a: Lunala|move: Taunt\n|move|p2b: Ursaluna|Earthquake|p1a: Chi-Yu|[spread] p1a,p1b\n|-activate|p2a: Lunala|move: Wide Guard\n|-supereffective|p1a: Chi-Yu\n|-damage|p1a: Chi-Yu|0 fnt\n|-damage|p1b: Calyrex|11/100\n|faint|p1a: Chi-Yu\n|\n|-damage|p2b: Ursaluna|95/100 brn|[from] brn\n|upkeep\n|\n|t:|1774080393\n|switch|p1a: Indeedee|Indeedee, L50, M|100/100\n|-fieldstart|move: Psychic Terrain|[from] ability: Psychic Surge|[of] p1a: Indeedee\n|turn|4\n|inactive|BreakTheShadowWall has 30 seconds left.\n|\n|t:|1774080423\n|switch|p2a: Miraidon|Miraidon, L50|100/100\n|-fieldstart|move: Electric Terrain|[from] ability: Hadron Engine|[of] p2a: Miraidon\n|move|p1b: Calyrex|Astral Barrage|p2a: Miraidon|[spread] p2a\n|-immune|p2b: Ursaluna\n|-damage|p2a: Miraidon|40/100\n|-damage|p1b: Calyrex|2/100|[from] item: Life Orb\n|move|p1a: Indeedee|Expanding Force|p2b: Ursaluna\n|-damage|p2b: Ursaluna|46/100 brn\n|move|p2b: Ursaluna|Facade|p1b: Calyrex\n|-damage|p1b: Calyrex|0 fnt\n|faint|p1b: Calyrex\n|\n|-damage|p2b: Ursaluna|40/100 brn|[from] brn\n|upkeep\n|turn|5\n|-message|anidiotnon forfeited.\n|\n|win|BreakTheShadowWall\n|raw|anidiotnon's rating: 1407 &rarr; <strong>1386</strong><br />(-21 for losing)\n|raw|BreakTheShadowWall's rating: 1396 &rarr; <strong>1417</strong><br />(+21 for winning)\n|l|\u2606anidiotnon\n|player|p1|\n|l|\u2606BreakTheShadowWall\n|player|p2|\n","uploadtime":1774080695,"views":14,"formatid":"gen9vgc2026regi","rating":1386,"private":0,"password":null}