{"id":"gen9vgc2026regi-2523490048","format":"[Gen 9] VGC 2026 Reg I","players":["Bman311","infinitygroudon"],"log":"|j|\u2606Bman311\n|j|\u2606infinitygroudon\n|t:|1769030292\n|gametype|doubles\n|player|p1|Bman311|101|1402\n|player|p2|infinitygroudon|169|1385\n|gen|9\n|tier|[Gen 9] VGC 2026 Reg I\n|rated|\n|rule|Species Clause: Limit one of each Pok\u00e9mon\n|rule|Item Clause: Limit 1 of each item\n|clearpoke\n|poke|p1|Miraidon, L50|\n|poke|p1|Calyrex-Ice, L50|\n|poke|p1|Incineroar, L50, F|\n|poke|p1|Farigiraf, L50, F|\n|poke|p1|Whimsicott, L50, F|\n|poke|p1|Ursaluna, L50, F|\n|poke|p2|Kyogre, L50|\n|poke|p2|Palkia-Origin, L50|\n|poke|p2|Farigiraf, L50, M|\n|poke|p2|Archaludon, L50, M|\n|poke|p2|Iron Jugulis, L50|\n|poke|p2|Raging Bolt, L50|\n|teampreview|4\n|inactive|Battle timer is ON: inactive players will automatically lose when time's up. (requested by Bman311)\n|\n|t:|1769030313\n|teamsize|p1|4\n|teamsize|p2|4\n|start\n|switch|p1a: Calyrex|Calyrex-Ice, L50|100/100\n|switch|p1b: Whimsicott|Whimsicott, L50, F|100/100\n|switch|p2a: Archibald|Archaludon, L50, M, shiny|100/100\n|switch|p2b: Piratebeard|Kyogre, L50|100/100\n|-ability|p1a: Calyrex|As One\n|-ability|p1a: Calyrex|Unnerve\n|-weather|RainDance|[from] ability: Drizzle|[of] p2b: Piratebeard\n|turn|1\n|\n|t:|1769030331\n|move|p1a: Calyrex|Protect|p1a: Calyrex\n|-singleturn|p1a: Calyrex|Protect\n|move|p1b: Whimsicott|Light Screen|p1b: Whimsicott\n|-sidestart|p1: Bman311|move: Light Screen\n|move|p2b: Piratebeard|Water Spout|p1a: Calyrex|[spread] p1b\n|-activate|p1a: Calyrex|move: Protect\n|-resisted|p1b: Whimsicott\n|-damage|p1b: Whimsicott|68/100\n|move|p2a: Archibald|Electro Shot||[still]\n|-prepare|p2a: Archibald|Electro Shot\n|-boost|p2a: Archibald|spa|1\n|-anim|p2a: Archibald|Electro Shot|p1a: Calyrex\n|-activate|p1a: Calyrex|move: Protect\n|\n|-weather|RainDance|[upkeep]\n|upkeep\n|turn|2\n|\n|t:|1769030348\n|switch|p1a: Miraidon|Miraidon, L50|100/100\n|-fieldstart|move: Electric Terrain|[from] ability: Hadron Engine|[of] p1a: Miraidon\n|move|p1b: Whimsicott|Encore|p2a: Archibald\n|-start|p2a: Archibald|Encore\n|move|p2b: Piratebeard|Water Spout|p1b: Whimsicott|[spread] p1a,p1b\n|-resisted|p1a: Miraidon\n|-resisted|p1b: Whimsicott\n|-damage|p1a: Miraidon|74/100\n|-damage|p1b: Whimsicott|36/100\n|move|p2a: Archibald|Electro Shot||[still]\n|-prepare|p2a: Archibald|Electro Shot\n|-boost|p2a: Archibald|spa|1\n|-anim|p2a: Archibald|Electro Shot|p1a: Miraidon\n|-resisted|p1a: Miraidon\n|-damage|p1a: Miraidon|57/100\n|\n|-weather|RainDance|[upkeep]\n|upkeep\n|turn|3\n|inactive|Bman311 has 30 seconds left.\n|\n|t:|1769030379\n|switch|p2b: Arbie|Raging Bolt, L50|100/100\n|move|p1a: Miraidon|Draco Meteor|p2a: Archibald\n|-damage|p2a: Archibald|0 fnt\n|-unboost|p1a: Miraidon|spa|2\n|faint|p2a: Archibald\n|move|p1b: Whimsicott|Moonblast|p2b: Arbie\n|-supereffective|p2b: Arbie\n|-crit|p2b: Arbie\n|-damage|p2b: Arbie|27/100\n|\n|-weather|RainDance|[upkeep]\n|upkeep\n|\n|t:|1769030388\n|switch|p2a: Secretariat|Palkia-Origin, L50|100/100\n|-ability|p2a: Secretariat|Pressure\n|turn|4\n|\n|t:|1769030409\n|switch|p1a: Calyrex|Calyrex-Ice, L50|100/100\n|-ability|p1a: Calyrex|As One\n|-ability|p1a: Calyrex|Unnerve\n|-terastallize|p2a: Secretariat|Ground\n|move|p2b: Arbie|Protect|p2b: Arbie\n|-singleturn|p2b: Arbie|Protect\n|move|p2a: Secretariat|Icy Wind|p1b: Whimsicott|[spread] p1a,p1b\n|-resisted|p1a: Calyrex\n|-supereffective|p1b: Whimsicott\n|-damage|p1a: Calyrex|98/100\n|-damage|p1b: Whimsicott|15/100\n|move|p1b: Whimsicott|Moonblast|p2b: Arbie\n|-activate|p2b: Arbie|move: Protect\n|\n|-weather|RainDance|[upkeep]\n|upkeep\n|turn|5\n|\n|t:|1769030420\n|move|p1b: Whimsicott|Tailwind|p1b: Whimsicott\n|-sidestart|p1: Bman311|move: Tailwind\n|move|p2a: Secretariat|Icy Wind|p1b: Whimsicott|[spread] p1a,p1b\n|-resisted|p1a: Calyrex\n|-supereffective|p1b: Whimsicott\n|-damage|p1a: Calyrex|94/100\n|-damage|p1b: Whimsicott|0 fnt\n|faint|p1b: Whimsicott\n|move|p1a: Calyrex|Glacial Lance|p2a: Secretariat|[spread] p2a,p2b\n|-supereffective|p2a: Secretariat\n|-supereffective|p2b: Arbie\n|-damage|p2a: Secretariat|15/100\n|-damage|p2b: Arbie|0 fnt\n|faint|p2b: Arbie\n|-end|p2b: Arbie|Protosynthesis|[silent]\n|-ability|p1a: Calyrex|Chilling Neigh|boost\n|-boost|p1a: Calyrex|atk|1\n|\n|-weather|none\n|-sideend|p1: Bman311|move: Light Screen\n|upkeep\n|-message|infinitygroudon forfeited.\n|\n|win|Bman311\n|raw|Bman311's rating: 1402 &rarr; <strong>1421</strong><br />(+19 for winning)\n|raw|infinitygroudon's rating: 1385 &rarr; <strong>1366</strong><br />(-19 for losing)\n|l|\u2606infinitygroudon\n|player|p2|\n|l|\u2606Bman311\n|player|p1|\n","uploadtime":1769030587,"views":14,"formatid":"gen9vgc2026regi","rating":1366,"private":0,"password":null}