{"id":"gen9vgc2026regi-2581812819","format":"[Gen 9] VGC 2026 Reg I","players":["don juan dozo","N Jordan"],"log":"|j|\u2606don juan dozo\n|j|\u2606N Jordan\n|t:|1776030451\n|gametype|doubles\n|player|p1|don juan dozo|2|1502\n|player|p2|N Jordan|n|1609\n|gen|9\n|tier|[Gen 9] VGC 2026 Reg I\n|rated|\n|rule|Species Clause: Limit one of each Pok\u00e9mon\n|rule|Item Clause: Limit 1 of each item\n|clearpoke\n|poke|p1|Calyrex-Shadow, L50|\n|poke|p1|Zamazenta-*, L50|\n|poke|p1|Ting-Lu, L50|\n|poke|p1|Dondozo, L50, F|\n|poke|p1|Chien-Pao, L50|\n|poke|p1|Ogerpon-Hearthflame, L50, F|\n|poke|p2|Zacian-*, L50|\n|poke|p2|Kyogre, L50|\n|poke|p2|Grimmsnarl, L50, M|\n|poke|p2|Ursaluna-Bloodmoon, L50, M|\n|poke|p2|Iron Hands, L50|\n|poke|p2|Rillaboom, L50, M|\n|teampreview|4\n|\n|t:|1776030493\n|teamsize|p1|4\n|teamsize|p2|4\n|start\n|switch|p1a: Jordan 96/97|Ting-Lu, L50|100/100\n|switch|p1b: Ivan Karamazov|Dondozo, L50, F|100/100\n|switch|p2a: Grimmsnarl|Grimmsnarl, L50, M|100/100\n|switch|p2b: Zacian|Zacian-Crowned, L50|100/100\n|-ability|p2b: Zacian|Intrepid Sword|boost\n|-boost|p2b: Zacian|atk|1\n|-ability|p1a: Jordan 96/97|Vessel of Ruin\n|turn|1\n|\n|t:|1776030511\n|-terastallize|p1a: Jordan 96/97|Fairy\n|move|p2a: Grimmsnarl|Reflect|p2a: Grimmsnarl\n|-sidestart|p2: N Jordan|Reflect\n|move|p2b: Zacian|Play Rough|p1a: Jordan 96/97\n|-damage|p1a: Jordan 96/97|61/100\n|-damage|p2b: Zacian|84/100|[from] item: Rocky Helmet|[of] p1a: Jordan 96/97\n|move|p1a: Jordan 96/97|Sand Tomb|p2a: Grimmsnarl\n|-damage|p2a: Grimmsnarl|89/100\n|-activate|p2a: Grimmsnarl|move: Sand Tomb|[of] p1a: Jordan 96/97\n|move|p1b: Ivan Karamazov|Yawn|p2b: Zacian\n|-start|p2b: Zacian|move: Yawn|[of] p1b: Ivan Karamazov\n|\n|-damage|p2a: Grimmsnarl|77/100|[from] move: Sand Tomb|[partiallytrapped]\n|upkeep\n|turn|2\n|\n|t:|1776030531\n|switch|p2b: Kyogre|Kyogre, L50|100/100\n|-weather|RainDance|[from] ability: Drizzle|[of] p2b: Kyogre\n|move|p2a: Grimmsnarl|Spirit Break|p1a: Jordan 96/97\n|-damage|p1a: Jordan 96/97|40/100\n|-unboost|p1a: Jordan 96/97|spa|1\n|-damage|p2a: Grimmsnarl|60/100|[from] item: Rocky Helmet|[of] p1a: Jordan 96/97\n|move|p1a: Jordan 96/97|Sand Tomb|p2b: Kyogre\n|-damage|p2b: Kyogre|94/100\n|-activate|p2b: Kyogre|move: Sand Tomb|[of] p1a: Jordan 96/97\n|move|p1b: Ivan Karamazov|Yawn|p2a: Grimmsnarl\n|-start|p2a: Grimmsnarl|move: Yawn|[of] p1b: Ivan Karamazov\n|\n|-weather|RainDance|[upkeep]\n|-damage|p2b: Kyogre|82/100|[from] move: Sand Tomb|[partiallytrapped]\n|-damage|p2a: Grimmsnarl|48/100|[from] move: Sand Tomb|[partiallytrapped]\n|upkeep\n|turn|3\n|\n|t:|1776030558\n|move|p1a: Jordan 96/97|Protect|p1a: Jordan 96/97\n|-singleturn|p1a: Jordan 96/97|Protect\n|move|p2b: Kyogre|Origin Pulse|p1b: Ivan Karamazov|[spread] p1b\n|-activate|p1a: Jordan 96/97|move: Protect\n|-resisted|p1b: Ivan Karamazov\n|-damage|p1b: Ivan Karamazov|85/100\n|move|p2a: Grimmsnarl|Spirit Break|p1b: Ivan Karamazov\n|-damage|p1b: Ivan Karamazov|59/100\n|-unboost|p1b: Ivan Karamazov|spa|1\n|move|p1b: Ivan Karamazov|Yawn|p2b: Kyogre\n|-start|p2b: Kyogre|move: Yawn|[of] p1b: Ivan Karamazov\n|\n|-weather|RainDance|[upkeep]\n|-heal|p1b: Ivan Karamazov|65/100|[from] item: Leftovers\n|-damage|p2b: Kyogre|70/100|[from] move: Sand Tomb|[partiallytrapped]\n|-damage|p2a: Grimmsnarl|36/100|[from] move: Sand Tomb|[partiallytrapped]\n|-end|p2a: Grimmsnarl|move: Yawn|[silent]\n|-status|p2a: Grimmsnarl|slp\n|upkeep\n|turn|4\n|\n|t:|1776030577\n|move|p1b: Ivan Karamazov|Protect|p1b: Ivan Karamazov\n|-singleturn|p1b: Ivan Karamazov|Protect\n|move|p2b: Kyogre|Water Spout|p1a: Jordan 96/97|[spread] p1a\n|-activate|p1b: Ivan Karamazov|move: Protect\n|-damage|p1a: Jordan 96/97|12/100\n|cant|p2a: Grimmsnarl|slp\n|move|p1a: Jordan 96/97|Ruination|p2b: Kyogre\n|-damage|p2b: Kyogre|35/100\n|\n|-weather|RainDance|[upkeep]\n|-heal|p1b: Ivan Karamazov|71/100|[from] item: Leftovers\n|-damage|p2b: Kyogre|23/100|[from] move: Sand Tomb|[partiallytrapped]\n|-damage|p2a: Grimmsnarl|23/100 slp|[from] move: Sand Tomb|[partiallytrapped]\n|-end|p2b: Kyogre|move: Yawn|[silent]\n|-status|p2b: Kyogre|slp\n|upkeep\n|turn|5\n|\n|t:|1776030592\n|cant|p2b: Kyogre|slp\n|cant|p2a: Grimmsnarl|slp\n|move|p1a: Jordan 96/97|Stealth Rock|p2b: Kyogre\n|-sidestart|p2: N Jordan|move: Stealth Rock\n|move|p1b: Ivan Karamazov|Substitute|p1b: Ivan Karamazov\n|-start|p1b: Ivan Karamazov|Substitute\n|-damage|p1b: Ivan Karamazov|46/100\n|\n|-weather|RainDance|[upkeep]\n|-heal|p1b: Ivan Karamazov|53/100|[from] item: Leftovers\n|-damage|p2b: Kyogre|11/100 slp|[from] move: Sand Tomb|[partiallytrapped]\n|-end|p2a: Grimmsnarl|Sand Tomb|[partiallytrapped]\n|upkeep\n|turn|6\n|\n|t:|1776030605\n|cant|p2b: Kyogre|slp\n|-curestatus|p2a: Grimmsnarl|slp|[msg]\n|move|p2a: Grimmsnarl|Spirit Break|p1b: Ivan Karamazov\n|-activate|p1b: Ivan Karamazov|move: Substitute|[damage]\n|move|p1a: Jordan 96/97|Sand Tomb|p2a: Grimmsnarl\n|-damage|p2a: Grimmsnarl|11/100\n|-activate|p2a: Grimmsnarl|move: Sand Tomb|[of] p1a: Jordan 96/97\n|move|p1b: Ivan Karamazov|Wave Crash|p2b: Kyogre\n|-resisted|p2b: Kyogre\n|-damage|p2b: Kyogre|0 fnt\n|faint|p2b: Kyogre\n|-damage|p1b: Ivan Karamazov|50/100|[from] Recoil\n|\n|-weather|none\n|-heal|p1b: Ivan Karamazov|56/100|[from] item: Leftovers\n|-damage|p2a: Grimmsnarl|0 fnt|[from] move: Sand Tomb|[partiallytrapped]\n|faint|p2a: Grimmsnarl\n|upkeep\n|\n|t:|1776030613\n|switch|p2b: Zacian|Zacian-Crowned, L50|84/100\n|switch|p2a: Iron Hands|Iron Hands, L50|100/100\n|-damage|p2b: Zacian|78/100|[from] Stealth Rock\n|-damage|p2a: Iron Hands|94/100|[from] Stealth Rock\n|turn|7\n|\n|t:|1776030625\n|move|p2b: Zacian|Behemoth Blade|p1a: Jordan 96/97\n|-supereffective|p1a: Jordan 96/97\n|-damage|p1a: Jordan 96/97|0 fnt\n|-damage|p2b: Zacian|61/100|[from] item: Rocky Helmet|[of] p1a: Jordan 96/97\n|faint|p1a: Jordan 96/97\n|move|p2a: Iron Hands|Swords Dance|p2a: Iron Hands\n|-boost|p2a: Iron Hands|atk|2\n|move|p1b: Ivan Karamazov|Yawn|p2b: Zacian\n|-start|p2b: Zacian|move: Yawn|[of] p1b: Ivan Karamazov\n|\n|-heal|p1b: Ivan Karamazov|62/100|[from] item: Leftovers\n|upkeep\n|\n|t:|1776030670\n|switch|p1a: 221 speed|Calyrex-Shadow, L50|100/100\n|-ability|p1a: 221 speed|As One\n|-ability|p1a: 221 speed|Unnerve\n|turn|8\n|\n|t:|1776030726\n|-terastallize|p2a: Iron Hands|Fire\n|move|p1a: 221 speed|Encore|p2a: Iron Hands\n|-start|p2a: Iron Hands|Encore\n|move|p2b: Zacian|Behemoth Blade|p1a: 221 speed\n|-damage|p1a: 221 speed|22/100\n|move|p2a: Iron Hands|Swords Dance|p2a: Iron Hands\n|-boost|p2a: Iron Hands|atk|2\n|move|p1b: Ivan Karamazov|Wave Crash|p2b: Zacian\n|-damage|p2b: Zacian|38/100\n|-damage|p1b: Ivan Karamazov|56/100|[from] Recoil\n|\n|-heal|p1b: Ivan Karamazov|62/100|[from] item: Leftovers\n|-end|p2b: Zacian|move: Yawn|[silent]\n|-status|p2b: Zacian|slp\n|-sideend|p2: N Jordan|Reflect\n|upkeep\n|turn|9\n|\n|t:|1776030736\n|cant|p2b: Zacian|slp\n|move|p1a: 221 speed|Astral Barrage|p2a: Iron Hands|[spread] p2a,p2b\n|-crit|p2a: Iron Hands\n|-damage|p2a: Iron Hands|33/100\n|-damage|p2b: Zacian|0 fnt\n|faint|p2b: Zacian\n|-ability|p1a: 221 speed|Grim Neigh|boost\n|-boost|p1a: 221 speed|spa|1\n|move|p2a: Iron Hands|Swords Dance|p2a: Iron Hands\n|-boost|p2a: Iron Hands|atk|2\n|move|p1b: Ivan Karamazov|Yawn|p2a: Iron Hands\n|-start|p2a: Iron Hands|move: Yawn|[of] p1b: Ivan Karamazov\n|\n|-heal|p1b: Ivan Karamazov|69/100|[from] item: Leftovers\n|upkeep\n|turn|10\n|-message|N Jordan forfeited.\n|\n|win|don juan dozo\n|raw|don juan dozo's rating: 1517 &rarr; <strong>1542</strong><br />(+25 for winning)\n|raw|N Jordan's rating: 1609 &rarr; <strong>1584</strong><br />(-25 for losing)\n|l|\u2606N Jordan\n|player|p2|\n|l|\u2606don juan dozo\n|player|p1|\n","uploadtime":1776030917,"views":13,"formatid":"gen9vgc2026regi","rating":1542,"private":0,"password":null}