{"id":"gen9vgc2026regi-2578320343","format":"[Gen 9] VGC 2026 Reg I","players":["Zane1571","Zorse Mentality"],"log":"|j|\u2606Zane1571\n|j|\u2606Zorse Mentality\n|t:|1775668193\n|gametype|doubles\n|player|p1|Zane1571|red|1397\n|player|p2|Zorse Mentality|265|1614\n|gen|9\n|tier|[Gen 9] VGC 2026 Reg I\n|rated|\n|rule|Species Clause: Limit one of each Pok\u00e9mon\n|rule|Item Clause: Limit 1 of each item\n|clearpoke\n|poke|p1|Koraidon, L50|\n|poke|p1|Calyrex-Shadow, L50|\n|poke|p1|Incineroar, L50, F|\n|poke|p1|Gastrodon-East, L50, F|\n|poke|p1|Landorus-Therian, L50, M|\n|poke|p1|Iron Hands, L50|\n|poke|p2|Calyrex-Ice, L50|\n|poke|p2|Kyogre, L50|\n|poke|p2|Incineroar, L50, M|\n|poke|p2|Smeargle, L50, M|\n|poke|p2|Urshifu-*, L50, F|\n|poke|p2|Rillaboom, L50, F|\n|teampreview|4\n|inactive|Battle timer is ON: inactive players will automatically lose when time's up. (requested by Zane1571)\n|\n|t:|1775668215\n|teamsize|p1|4\n|teamsize|p2|4\n|start\n|switch|p1a: Gastrodon|Gastrodon-East, L50, F, shiny|100/100\n|switch|p1b: Iron Hands|Iron Hands, L50|100/100\n|switch|p2a: Calyrex|Calyrex-Ice, L50|100/100\n|switch|p2b: Incineroar|Incineroar, L50, M|100/100\n|-ability|p2a: Calyrex|As One\n|-ability|p2a: Calyrex|Unnerve\n|-ability|p2b: Incineroar|Intimidate|boost\n|-unboost|p1a: Gastrodon|atk|1\n|-unboost|p1b: Iron Hands|atk|1\n|turn|1\n|\n|t:|1775668233\n|move|p2b: Incineroar|Fake Out|p1a: Gastrodon\n|-damage|p1a: Gastrodon|92/100\n|move|p1b: Iron Hands|Fake Out|p2a: Calyrex\n|-damage|p2a: Calyrex|94/100\n|cant|p2a: Calyrex|flinch\n|cant|p1a: Gastrodon|flinch\n|\n|-heal|p2a: Calyrex|99/100|[from] item: Leftovers\n|-heal|p1a: Gastrodon|98/100|[from] item: Leftovers\n|upkeep\n|turn|2\n|\n|t:|1775668257\n|switch|p2b: Rillaboom|Rillaboom, L50, F|100/100\n|-fieldstart|move: Grassy Terrain|[from] ability: Grassy Surge|[of] p2b: Rillaboom\n|move|p2a: Calyrex|Leech Seed|p1b: Iron Hands\n|-start|p1b: Iron Hands|move: Leech Seed\n|move|p1b: Iron Hands|Drain Punch|p2b: Rillaboom\n|-damage|p2b: Rillaboom|77/100\n|move|p1a: Gastrodon|Yawn|p2a: Calyrex\n|-start|p2a: Calyrex|move: Yawn|[of] p1a: Gastrodon\n|\n|-heal|p2b: Rillaboom|83/100|[from] Grassy Terrain\n|-heal|p2a: Calyrex|100/100|[from] Grassy Terrain\n|-heal|p1a: Gastrodon|100/100|[from] Grassy Terrain\n|-damage|p1b: Iron Hands|88/100|[from] Leech Seed|[of] p2a: Calyrex\n|upkeep\n|turn|3\n|inactive|Zorse Mentality has 30 seconds left.\n|inactive|Zane1571 has 30 seconds left.\n|\n|t:|1775668292\n|switch|p2a: Incineroar|Incineroar, L50, M|100/100\n|-ability|p2a: Incineroar|Intimidate|boost\n|-unboost|p1a: Gastrodon|atk|1\n|-unboost|p1b: Iron Hands|atk|1\n|switch|p1a: Koraidon|Koraidon, L50, shiny|100/100\n|-weather|SunnyDay|[from] ability: Orichalcum Pulse|[of] p1a: Koraidon\n|-activate|p1a: Koraidon|Orichalcum Pulse|[source]\n|move|p2b: Rillaboom|Wood Hammer|p1a: Koraidon\n|-resisted|p1a: Koraidon\n|-damage|p1a: Koraidon|70/100\n|-damage|p2b: Rillaboom|74/100|[from] Recoil\n|move|p1b: Iron Hands|Drain Punch|p2b: Rillaboom\n|-damage|p2b: Rillaboom|55/100\n|-heal|p1b: Iron Hands|97/100|[from] drain|[of] p2b: Rillaboom\n|\n|-weather|SunnyDay|[upkeep]\n|-heal|p1a: Koraidon|76/100|[from] Grassy Terrain\n|-heal|p2b: Rillaboom|61/100|[from] Grassy Terrain\n|-heal|p1b: Iron Hands|100/100|[from] Grassy Terrain\n|-damage|p1b: Iron Hands|88/100|[from] Leech Seed|[of] p2a: Incineroar\n|upkeep\n|turn|4\n|inactive|Zorse Mentality has 30 seconds left.\n|inactive|Zorse Mentality has 20 seconds left.\n|inactive|Zorse Mentality has 15 seconds left.\n|inactive|Zorse Mentality has 10 seconds left.\n|\n|t:|1775668341\n|move|p2a: Incineroar|Fake Out|p1a: Koraidon\n|-damage|p1a: Koraidon|67/100\n|cant|p1a: Koraidon|flinch\n|move|p2b: Rillaboom|U-turn|p1b: Iron Hands\n|-resisted|p1b: Iron Hands\n|-damage|p1b: Iron Hands|80/100\n|\n|t:|1775668349\n|switch|p2b: Calyrex|Calyrex-Ice, L50|100/100|[from] U-turn\n|-ability|p2b: Calyrex|As One\n|-ability|p2b: Calyrex|Unnerve\n|move|p1b: Iron Hands|Drain Punch|p2a: Incineroar\n|-supereffective|p2a: Incineroar\n|-damage|p2a: Incineroar|65/100\n|-heal|p1b: Iron Hands|96/100|[from] drain|[of] p2a: Incineroar\n|\n|-weather|SunnyDay|[upkeep]\n|-heal|p1a: Koraidon|73/100|[from] Grassy Terrain\n|-heal|p2a: Incineroar|71/100|[from] Grassy Terrain\n|-heal|p1b: Iron Hands|100/100|[from] Grassy Terrain\n|-damage|p1b: Iron Hands|88/100|[from] Leech Seed|[of] p2a: Incineroar\n|-heal|p2a: Incineroar|85/100|[silent]\n|upkeep\n|turn|5\n|inactive|Zorse Mentality has 30 seconds left.\n|\n|t:|1775668378\n|-end|p1b: Iron Hands|Quark Drive|[silent]\n|switch|p1b: Gastrodon|Gastrodon-East, L50, F, shiny|100/100\n|-terastallize|p1a: Koraidon|Fire\n|-terastallize|p2b: Calyrex|Dragon\n|move|p1a: Koraidon|Close Combat|p2a: Incineroar\n|-supereffective|p2a: Incineroar\n|-damage|p2a: Incineroar|0 fnt\n|-unboost|p1a: Koraidon|def|1\n|-unboost|p1a: Koraidon|spd|1\n|faint|p2a: Incineroar\n|-damage|p1a: Koraidon|64/100|[from] item: Life Orb\n|move|p2b: Calyrex|Glacial Lance|p1a: Koraidon|[spread] p1a,p1b\n|-resisted|p1a: Koraidon\n|-damage|p1a: Koraidon|29/100\n|-damage|p1b: Gastrodon|54/100\n|\n|-weather|SunnyDay|[upkeep]\n|-heal|p1a: Koraidon|36/100|[from] Grassy Terrain\n|-heal|p1b: Gastrodon|60/100|[from] Grassy Terrain\n|-heal|p1b: Gastrodon|66/100|[from] item: Leftovers\n|upkeep\n|\n|t:|1775668403\n|switch|p2a: Kyogre|Kyogre, L50|100/100\n|-weather|RainDance|[from] ability: Drizzle|[of] p2a: Kyogre\n|turn|6\n|\n|t:|1775668415\n|switch|p1a: Iron Hands|Iron Hands, L50|88/100\n|move|p2a: Kyogre|Water Spout|p1a: Iron Hands|[spread] p1a\n|-ability|p1b: Gastrodon|Storm Drain|boost\n|-boost|p1b: Gastrodon|spa|1\n|-damage|p1a: Iron Hands|45/100\n|move|p2b: Calyrex|Glacial Lance|p1b: Gastrodon|[spread] p1a,p1b\n|-damage|p1a: Iron Hands|6/100\n|-damage|p1b: Gastrodon|20/100\n|move|p1b: Gastrodon|Recover|p1b: Gastrodon\n|-heal|p1b: Gastrodon|70/100\n|\n|-weather|RainDance|[upkeep]\n|-heal|p1a: Iron Hands|12/100|[from] Grassy Terrain\n|-heal|p1b: Gastrodon|76/100|[from] Grassy Terrain\n|-heal|p1b: Gastrodon|82/100|[from] item: Leftovers\n|-fieldend|move: Grassy Terrain\n|upkeep\n|turn|7\n|inactive|Zorse Mentality has 30 seconds left.\n|\n|t:|1775668442\n|switch|p2a: Rillaboom|Rillaboom, L50, F|61/100\n|-fieldstart|move: Grassy Terrain|[from] ability: Grassy Surge|[of] p2a: Rillaboom\n|move|p1a: Iron Hands|Fake Out|p2b: Calyrex\n|-damage|p2b: Calyrex|90/100\n|cant|p2b: Calyrex|flinch\n|move|p1b: Gastrodon|Yawn|p2a: Rillaboom\n|-start|p2a: Rillaboom|move: Yawn|[of] p1b: Gastrodon\n|\n|-weather|RainDance|[upkeep]\n|-heal|p2a: Rillaboom|67/100|[from] Grassy Terrain\n|-heal|p2b: Calyrex|96/100|[from] Grassy Terrain\n|-heal|p1a: Iron Hands|18/100|[from] Grassy Terrain\n|-heal|p2b: Calyrex|100/100|[from] item: Leftovers\n|-heal|p1b: Gastrodon|88/100|[from] Grassy Terrain\n|-heal|p1b: Gastrodon|94/100|[from] item: Leftovers\n|upkeep\n|turn|8\n|inactive|Zorse Mentality has 30 seconds left.\n|inactive|Zorse Mentality has 20 seconds left.\n|\n|t:|1775668478\n|move|p2a: Rillaboom|U-turn|p1b: Gastrodon\n|-damage|p1b: Gastrodon|77/100\n|\n|t:|1775668481\n|switch|p2a: Kyogre|Kyogre, L50|100/100|[from] U-turn\n|move|p2b: Calyrex|Glacial Lance|p1a: Iron Hands|[spread] p1a,p1b\n|-damage|p1a: Iron Hands|0 fnt\n|-damage|p1b: Gastrodon|28/100\n|faint|p1a: Iron Hands\n|-end|p1a: Iron Hands|Quark Drive|[silent]\n|-ability|p2b: Calyrex|Chilling Neigh|boost\n|-boost|p2b: Calyrex|atk|1\n|move|p1b: Gastrodon|Recover|p1b: Gastrodon\n|-heal|p1b: Gastrodon|78/100\n|\n|-weather|RainDance|[upkeep]\n|-heal|p1b: Gastrodon|84/100|[from] Grassy Terrain\n|-heal|p1b: Gastrodon|90/100|[from] item: Leftovers\n|upkeep\n|\n|t:|1775668488\n|switch|p1a: Koraidon|Koraidon, L50, shiny, tera:Fire|36/100\n|-weather|SunnyDay|[from] ability: Orichalcum Pulse|[of] p1a: Koraidon\n|-activate|p1a: Koraidon|Orichalcum Pulse|[source]\n|turn|9\n|\n|t:|1775668511\n|move|p2a: Kyogre|Water Spout|p1b: Gastrodon|[spread] p1a\n|-ability|p1b: Gastrodon|Storm Drain|boost\n|-boost|p1b: Gastrodon|spa|1\n|-supereffective|p1a: Koraidon\n|-damage|p1a: Koraidon|0 fnt\n|faint|p1a: Koraidon\n|move|p2b: Calyrex|Glacial Lance|p1b: Gastrodon\n|-damage|p1b: Gastrodon|0 fnt\n|faint|p1b: Gastrodon\n|-ability|p2b: Calyrex|Chilling Neigh|boost\n|-boost|p2b: Calyrex|atk|1\n|\n|-weather|SunnyDay|[upkeep]\n|upkeep\n|\n|t:|1775668521\n|switch|p1b: Calyrex|Calyrex-Shadow, L50|100/100\n|-ability|p1b: Calyrex|As One\n|-ability|p1b: Calyrex|Unnerve\n|turn|10\n|\n|t:|1775668531\n|switch|p2a: Rillaboom|Rillaboom, L50, F|67/100\n|move|p1b: Calyrex|Astral Barrage|p2b: Calyrex|[spread] p2a,p2b\n|-damage|p2a: Rillaboom|37/100\n|-damage|p2b: Calyrex|65/100\n|move|p2b: Calyrex|Leech Seed|p1b: Calyrex\n|-start|p1b: Calyrex|move: Leech Seed\n|\n|-weather|SunnyDay|[upkeep]\n|-heal|p2a: Rillaboom|43/100|[from] Grassy Terrain\n|-heal|p2b: Calyrex|71/100|[from] Grassy Terrain\n|-heal|p2b: Calyrex|77/100|[from] item: Leftovers\n|-damage|p1b: Calyrex|88/100|[from] Leech Seed|[of] p2b: Calyrex\n|-heal|p2b: Calyrex|88/100|[silent]\n|upkeep\n|turn|11\n|-message|Zane1571 forfeited.\n|\n|win|Zorse Mentality\n|raw|Zane1571's rating: 1397 &rarr; <strong>1388</strong><br />(-9 for losing)\n|raw|Zorse Mentality's rating: 1614 &rarr; <strong>1623</strong><br />(+9 for winning)\n|l|\u2606Zane1571\n|player|p1|\n|l|\u2606Zorse Mentality\n|player|p2|\n","uploadtime":1775668692,"views":8,"formatid":"gen9vgc2026regi","rating":1388,"private":0,"password":null}