{"id":"gen9vgc2026regi-2547732461","format":"[Gen 9] VGC 2026 Reg I","players":["jepeg","WestyLiam"],"log":"|j|\u2606jepeg\n|j|\u203dWestyLiam\n|t:|1772126798\n|gametype|doubles\n|player|p1|jepeg|beauty-gen4dp|1414\n|player|p2|WestyLiam|265|1371\n|gen|9\n|tier|[Gen 9] VGC 2026 Reg I\n|rated|\n|rule|Species Clause: Limit one of each Pok\u00e9mon\n|rule|Item Clause: Limit 1 of each item\n|clearpoke\n|poke|p1|Calyrex-Ice, L50|\n|poke|p1|Annihilape, L50, F|\n|poke|p1|Oranguru, L50, F|\n|poke|p1|Miraidon, L50|\n|poke|p1|Ogerpon-Hearthflame, L50, F|\n|poke|p1|Bruxish, L50, F|\n|poke|p2|Calyrex-Ice, L50|\n|poke|p2|Kyogre, L50|\n|poke|p2|Rillaboom, L50, F|\n|poke|p2|Amoonguss, L50, F|\n|poke|p2|Flutter Mane, L50|\n|poke|p2|Urshifu-*, L50, M|\n|teampreview|4\n|\n|t:|1772126812\n|teamsize|p1|4\n|teamsize|p2|4\n|start\n|switch|p1a: Annihilape|Annihilape, L50, F|100/100\n|switch|p1b: Oranguru|Oranguru, L50, F, shiny|100/100\n|switch|p2a: Kyogre|Kyogre, L50|100/100\n|switch|p2b: Rillaboom|Rillaboom, L50, F|100/100\n|-fieldstart|move: Grassy Terrain|[from] ability: Grassy Surge|[of] p2b: Rillaboom\n|-weather|RainDance|[from] ability: Drizzle|[of] p2a: Kyogre\n|turn|1\n|\n|t:|1772126837\n|move|p2a: Kyogre|Protect|p2a: Kyogre\n|-singleturn|p2a: Kyogre|Protect\n|move|p1a: Annihilape|Final Gambit|p2a: Kyogre\n|-activate|p2a: Kyogre|move: Protect\n|move|p2b: Rillaboom|U-turn|p1b: Oranguru\n|-supereffective|p1b: Oranguru\n|-damage|p1b: Oranguru|62/100\n|\n|t:|1772126840\n|switch|p2b: Calyrex|Calyrex-Ice, L50|100/100|[from] U-turn\n|-ability|p2b: Calyrex|As One\n|-ability|p2b: Calyrex|Unnerve\n|move|p1b: Oranguru|Trick Room|p1b: Oranguru\n|-fieldstart|move: Trick Room|[of] p1b: Oranguru\n|\n|-weather|RainDance|[upkeep]\n|-heal|p1b: Oranguru|68/100|[from] Grassy Terrain\n|upkeep\n|turn|2\n|inactive|Battle timer is ON: inactive players will automatically lose when time's up. (requested by WestyLiam)\n|\n|t:|1772126859\n|move|p2b: Calyrex|Glacial Lance|p1b: Oranguru|[spread] p1a,p1b\n|-damage|p1a: Annihilape|48/100\n|-damage|p1b: Oranguru|30/100\n|move|p1b: Oranguru|Instruct|p1a: Annihilape\n|-singleturn|p1a: Annihilape|move: Instruct|[of] p1b: Oranguru\n|move|p1a: Annihilape|Final Gambit|p2a: Kyogre\n|-damage|p2a: Kyogre|51/100\n|faint|p1a: Annihilape\n|move|p2a: Kyogre|Water Spout|p1b: Oranguru\n|-damage|p1b: Oranguru|0 fnt\n|faint|p1b: Oranguru\n|\n|-weather|RainDance|[upkeep]\n|-heal|p2a: Kyogre|57/100|[from] Grassy Terrain\n|upkeep\n|\n|t:|1772126870\n|switch|p1b: Calyrex|Calyrex-Ice, L50|100/100\n|switch|p1a: Miraidon|Miraidon, L50|100/100\n|-ability|p1b: Calyrex|As One\n|-ability|p1b: Calyrex|Unnerve\n|-fieldstart|move: Electric Terrain|[from] ability: Hadron Engine|[of] p1a: Miraidon\n|turn|3\n|\n|t:|1772126881\n|-terastallize|p1a: Miraidon|Fairy\n|move|p1b: Calyrex|Glacial Lance|p2b: Calyrex|[spread] p2a,p2b\n|-resisted|p2a: Kyogre\n|-resisted|p2b: Calyrex\n|-damage|p2a: Kyogre|31/100\n|-damage|p2b: Calyrex|82/100\n|move|p2b: Calyrex|Glacial Lance|p1a: Miraidon|[spread] p1a,p1b\n|-resisted|p1b: Calyrex\n|-damage|p1a: Miraidon|44/100\n|-damage|p1b: Calyrex|83/100\n|move|p2a: Kyogre|Origin Pulse|p1b: Calyrex|[spread] \n|-miss|p2a: Kyogre|p1a: Miraidon\n|-miss|p2a: Kyogre|p1b: Calyrex\n|move|p1a: Miraidon|Electro Drift|p2b: Calyrex\n|-damage|p2b: Calyrex|0 fnt\n|faint|p2b: Calyrex\n|\n|-weather|RainDance|[upkeep]\n|upkeep\n|\n|t:|1772126894\n|switch|p2b: Amoonguss|Amoonguss, L50, F|100/100\n|turn|4\n|\n|t:|1772126910\n|switch|p2a: Rillaboom|Rillaboom, L50, F|100/100\n|-fieldstart|move: Grassy Terrain|[from] ability: Grassy Surge|[of] p2a: Rillaboom\n|move|p2b: Amoonguss|Spore|p1b: Calyrex\n|-status|p1b: Calyrex|slp|[from] move: Spore\n|cant|p1b: Calyrex|slp\n|move|p1a: Miraidon|Electro Drift|p2b: Amoonguss\n|-resisted|p2b: Amoonguss\n|-damage|p2b: Amoonguss|64/100\n|-damage|p1a: Miraidon|27/100|[from] item: Rocky Helmet|[of] p2b: Amoonguss\n|\n|-weather|RainDance|[upkeep]\n|-heal|p2b: Amoonguss|69/100|[from] Grassy Terrain\n|-heal|p1b: Calyrex|89/100 slp|[from] Grassy Terrain\n|-heal|p1a: Miraidon|33/100|[from] Grassy Terrain\n|upkeep\n|turn|5\n|\n|t:|1772126930\n|-terastallize|p2a: Rillaboom|Water\n|move|p2b: Amoonguss|Pollen Puff|p1b: Calyrex\n|-supereffective|p1b: Calyrex\n|-damage|p1b: Calyrex|67/100 slp\n|cant|p1b: Calyrex|slp\n|move|p2a: Rillaboom|Wood Hammer|p1a: Miraidon\n|-damage|p1a: Miraidon|0 fnt\n|faint|p1a: Miraidon\n|-damage|p2a: Rillaboom|91/100|[from] Recoil\n|\n|-weather|none\n|-heal|p2b: Amoonguss|75/100|[from] Grassy Terrain\n|-heal|p1b: Calyrex|72/100 slp|[from] Grassy Terrain\n|-heal|p2a: Rillaboom|97/100|[from] Grassy Terrain\n|-fieldend|move: Trick Room\n|upkeep\n|turn|6\n|\n|t:|1772126944\n|move|p2a: Rillaboom|Wood Hammer|p1b: Calyrex\n|-damage|p1b: Calyrex|26/100 slp\n|-damage|p2a: Rillaboom|82/100|[from] Recoil\n|-curestatus|p1b: Calyrex|slp|[msg]\n|move|p1b: Calyrex|Glacial Lance|p2b: Amoonguss|[spread] p2a,p2b\n|-resisted|p2a: Rillaboom\n|-supereffective|p2b: Amoonguss\n|-damage|p2a: Rillaboom|57/100\n|-damage|p2b: Amoonguss|0 fnt\n|faint|p2b: Amoonguss\n|-ability|p1b: Calyrex|Chilling Neigh|boost\n|-boost|p1b: Calyrex|atk|1\n|\n|-heal|p2a: Rillaboom|62/100|[from] Grassy Terrain\n|-heal|p1b: Calyrex|31/100|[from] Grassy Terrain\n|upkeep\n|\n|t:|1772126946\n|switch|p2b: Kyogre|Kyogre, L50|31/100\n|-weather|RainDance|[from] ability: Drizzle|[of] p2b: Kyogre\n|turn|7\n|\n|t:|1772126955\n|move|p1b: Calyrex|Protect|p1b: Calyrex\n|-singleturn|p1b: Calyrex|Protect\n|move|p2a: Rillaboom|Wood Hammer|p1b: Calyrex\n|-activate|p1b: Calyrex|move: Protect\n|move|p2b: Kyogre|Water Spout|p1b: Calyrex\n|-activate|p1b: Calyrex|move: Protect\n|\n|-weather|RainDance|[upkeep]\n|-heal|p2a: Rillaboom|68/100|[from] Grassy Terrain\n|-heal|p2b: Kyogre|37/100|[from] Grassy Terrain\n|-heal|p1b: Calyrex|37/100|[from] Grassy Terrain\n|upkeep\n|turn|8\n|\n|t:|1772126967\n|move|p1b: Calyrex|Protect|p1b: Calyrex\n|-singleturn|p1b: Calyrex|Protect\n|move|p2a: Rillaboom|Wood Hammer|p1b: Calyrex\n|-activate|p1b: Calyrex|move: Protect\n|move|p2b: Kyogre|Water Spout|p1b: Calyrex\n|-activate|p1b: Calyrex|move: Protect\n|\n|-weather|RainDance|[upkeep]\n|-heal|p2a: Rillaboom|74/100|[from] Grassy Terrain\n|-heal|p2b: Kyogre|43/100|[from] Grassy Terrain\n|-heal|p1b: Calyrex|43/100|[from] Grassy Terrain\n|-fieldend|move: Grassy Terrain\n|upkeep\n|turn|9\n|\n|t:|1772126980\n|move|p2a: Rillaboom|U-turn|p1b: Calyrex\n|-supereffective|p1b: Calyrex\n|-damage|p1b: Calyrex|12/100\n|move|p2b: Kyogre|Origin Pulse|p1b: Calyrex\n|-damage|p1b: Calyrex|0 fnt\n|faint|p1b: Calyrex\n|\n|win|WestyLiam\n|raw|jepeg's rating: 1414 &rarr; <strong>1392</strong><br />(-22 for losing)\n|raw|WestyLiam's rating: 1371 &rarr; <strong>1393</strong><br />(+22 for winning)\n|l|\u2606jepeg\n|player|p1|\n|l|\u203dWestyLiam\n|player|p2|\n","uploadtime":1772127182,"views":21,"formatid":"gen9vgc2026regi","rating":1392,"private":0,"password":null}