{"id":"gen9vgc2026regi-2551367360","format":"[Gen 9] VGC 2026 Reg I","players":["lpve","mizugame"],"log":"|j|\u2606lpve\n|j|\u203dmizugame\n|t:|1772592236\n|gametype|doubles\n|player|p1|lpve|plasmagrunt|1202\n|player|p2|mizugame|psychicf|1318\n|gen|9\n|tier|[Gen 9] VGC 2026 Reg I\n|rated|\n|rule|Species Clause: Limit one of each Pok\u00e9mon\n|rule|Item Clause: Limit 1 of each item\n|clearpoke\n|poke|p1|Calyrex-Shadow, L50|\n|poke|p1|Kyogre, L50|\n|poke|p1|Rillaboom, L50, M|\n|poke|p1|Incineroar, L50, F|\n|poke|p1|Tornadus, L50, M|\n|poke|p1|Raging Bolt, L50|\n|poke|p2|Swampert, L50, M|\n|poke|p2|Sceptile, L50, F|\n|poke|p2|Skeledirge, L50, M|\n|poke|p2|Ditto, L50|\n|poke|p2|Kyogre, L50|\n|poke|p2|Calyrex-Shadow, L50|\n|teampreview|4\n|inactive|Battle timer is ON: inactive players will automatically lose when time's up. (requested by mizugame)\n|\n|t:|1772592252\n|teamsize|p1|4\n|teamsize|p2|4\n|start\n|switch|p1a: Tornadus|Tornadus, L50, M|100/100\n|switch|p1b: Calyrex|Calyrex-Shadow, L50|100/100\n|switch|p2a: Sceptile|Sceptile, L50, F|100/100\n|switch|p2b: Swampert|Swampert, L50, M|100/100\n|-ability|p1b: Calyrex|As One\n|-ability|p1b: Calyrex|Unnerve\n|turn|1\n|\n|t:|1772592265\n|-terastallize|p1b: Calyrex|Grass\n|move|p1a: Tornadus|Tailwind|p1a: Tornadus\n|-sidestart|p1: lpve|move: Tailwind\n|move|p1b: Calyrex|Astral Barrage|p2b: Swampert|[spread] p2a,p2b\n|-enditem|p2a: Sceptile|Focus Sash\n|-damage|p2a: Sceptile|1/100\n|-damage|p2b: Swampert|55/100\n|move|p2a: Sceptile|Grass Pledge|p1a: Tornadus\n|-waiting|p2a: Sceptile|p2b: Swampert\n|move|p2b: Swampert|Water Pledge|p1a: Tornadus|[from] move: Grass Pledge\n|-combine\n|-resisted|p1a: Tornadus\n|-damage|p1a: Tornadus|74/100\n|-sidestart|p1: lpve|Grass Pledge\n|\n|upkeep\n|turn|2\n|\n|t:|1772592289\n|switch|p1a: Raging Bolt|Raging Bolt, L50|100/100\n|move|p2a: Sceptile|Leaf Storm|p1b: Calyrex\n|-resisted|p1b: Calyrex\n|-damage|p1b: Calyrex|71/100\n|-unboost|p2a: Sceptile|spa|2\n|move|p1b: Calyrex|Astral Barrage|p2b: Swampert|[spread] p2a,p2b\n|-damage|p2a: Sceptile|0 fnt\n|-damage|p2b: Swampert|6/100\n|faint|p2a: Sceptile\n|-ability|p1b: Calyrex|Grim Neigh|boost\n|-boost|p1b: Calyrex|spa|1\n|move|p2b: Swampert|Flip Turn|p1a: Raging Bolt\n|-resisted|p1a: Raging Bolt\n|-damage|p1a: Raging Bolt|87/100\n|\n|t:|1772592298\n|switch|p2b: Kyogre|Kyogre, L50|100/100|[from] Flip Turn\n|-weather|RainDance|[from] ability: Drizzle|[of] p2b: Kyogre\n|\n|-weather|RainDance|[upkeep]\n|upkeep\n|\n|t:|1772592300\n|switch|p2a: Calyrex|Calyrex-Shadow, L50|100/100\n|-ability|p2a: Calyrex|As One\n|-ability|p2a: Calyrex|Unnerve\n|turn|3\n|\n|t:|1772592309\n|switch|p2b: Swampert|Swampert, L50, M|6/100\n|move|p2a: Calyrex|Astral Barrage|p1a: Raging Bolt|[spread] p1a,p1b\n|-damage|p1a: Raging Bolt|33/100\n|-damage|p1b: Calyrex|0 fnt\n|-enditem|p2b: Swampert|Sitrus Berry|[eat]\n|-heal|p2b: Swampert|31/100|[from] item: Sitrus Berry\n|faint|p1b: Calyrex\n|-ability|p2a: Calyrex|Grim Neigh|boost\n|-boost|p2a: Calyrex|spa|1\n|-damage|p2a: Calyrex|91/100|[from] item: Life Orb\n|move|p1a: Raging Bolt|Thunder|p2b: Swampert\n|-immune|p2b: Swampert\n|\n|-weather|RainDance|[upkeep]\n|upkeep\n|\n|t:|1772592322\n|switch|p1b: Kyogre|Kyogre, L50|100/100\n|turn|4\n|\n|t:|1772592330\n|move|p1b: Kyogre|Protect|p1b: Kyogre\n|-singleturn|p1b: Kyogre|Protect\n|move|p2b: Swampert|Wide Guard|p2b: Swampert\n|-singleturn|p2b: Swampert|Wide Guard\n|move|p1a: Raging Bolt|Thunderclap|p2a: Calyrex\n|-damage|p2a: Calyrex|43/100\n|-damage|p1a: Raging Bolt|23/100|[from] item: Life Orb\n|move|p2a: Calyrex|Astral Barrage|p1a: Raging Bolt|[spread] p1a\n|-activate|p1b: Kyogre|move: Protect\n|-damage|p1a: Raging Bolt|0 fnt\n|faint|p1a: Raging Bolt\n|-end|p1a: Raging Bolt|Protosynthesis|[silent]\n|-ability|p2a: Calyrex|Grim Neigh|boost\n|-boost|p2a: Calyrex|spa|1\n|-damage|p2a: Calyrex|34/100|[from] item: Life Orb\n|\n|-weather|RainDance|[upkeep]\n|-sideend|p1: lpve|move: Tailwind\n|-sideend|p1: lpve|Grass Pledge\n|upkeep\n|\n|t:|1772592333\n|switch|p1a: Tornadus|Tornadus, L50, M|74/100\n|turn|5\n|\n|t:|1772592348\n|move|p2b: Swampert|Wide Guard|p2b: Swampert\n|-singleturn|p2b: Swampert|Wide Guard\n|move|p1a: Tornadus|Tailwind|p1a: Tornadus\n|-sidestart|p1: lpve|move: Tailwind\n|move|p1b: Kyogre|Water Spout|p2b: Swampert|[spread] \n|-activate|p2a: Calyrex|move: Wide Guard\n|-activate|p2b: Swampert|move: Wide Guard\n|move|p2a: Calyrex|Astral Barrage|p1a: Tornadus|[spread] p1a,p1b\n|-damage|p1a: Tornadus|0 fnt\n|-damage|p1b: Kyogre|0 fnt\n|faint|p1a: Tornadus\n|faint|p1b: Kyogre\n|-damage|p2a: Calyrex|24/100|[from] item: Life Orb\n|\n|win|mizugame\n|raw|lpve's rating: 1202 &rarr; <strong>1185</strong><br />(-17 for losing)\n|raw|mizugame's rating: 1318 &rarr; <strong>1332</strong><br />(+14 for winning)\n|l|\u2606lpve\n|player|p1|\n|l|\u203dmizugame\n|player|p2|\n","uploadtime":1772592592,"views":9,"formatid":"gen9vgc2026regi","rating":1185,"private":0,"password":null}