{"id":"gen9vgc2026regi-2546278316","format":"[Gen 9] VGC 2026 Reg I","players":["Rangeroverbus","kojimuranishi"],"log":"|j|\u2606Rangeroverbus\n|j|\u2606kojimuranishi\n|t:|1771950031\n|gametype|doubles\n|player|p1|Rangeroverbus|102|1443\n|player|p2|kojimuranishi|266|1518\n|gen|9\n|tier|[Gen 9] VGC 2026 Reg I\n|rated|\n|rule|Species Clause: Limit one of each Pok\u00e9mon\n|rule|Item Clause: Limit 1 of each item\n|clearpoke\n|poke|p1|Zamazenta-*, L50|\n|poke|p1|Chien-Pao, L50|\n|poke|p1|Whimsicott, L50, M|\n|poke|p1|Miraidon, L50|\n|poke|p1|Iron Hands, L50|\n|poke|p1|Farigiraf, L50, M|\n|poke|p2|Raging Bolt, L50|\n|poke|p2|Calyrex-Ice, L50|\n|poke|p2|Kyogre, L50|\n|poke|p2|Indeedee-F, L50, F|\n|poke|p2|Ursaluna, L50, F|\n|poke|p2|Urshifu-*, L50, F|\n|teampreview|4\n|inactive|Battle timer is ON: inactive players will automatically lose when time's up. (requested by kojimuranishi)\n|\n|t:|1771950058\n|teamsize|p1|4\n|teamsize|p2|4\n|start\n|switch|p1a: Zamazenta|Zamazenta-Crowned, L50|100/100\n|switch|p1b: Chien-Pao|Chien-Pao, L50|100/100\n|switch|p2a: Indeedee|Indeedee-F, L50, F|100/100\n|switch|p2b: Calyrex|Calyrex-Ice, L50|100/100\n|-ability|p2b: Calyrex|As One\n|-ability|p2b: Calyrex|Unnerve\n|-ability|p1b: Chien-Pao|Sword of Ruin\n|-ability|p1a: Zamazenta|Dauntless Shield|boost\n|-boost|p1a: Zamazenta|def|1\n|-fieldstart|move: Psychic Terrain|[from] ability: Psychic Surge|[of] p2a: Indeedee\n|turn|1\n|inactive|kojimuranishi has 30 seconds left.\n|inactive|kojimuranishi has 20 seconds left.\n|\n|t:|1771950095\n|-terastallize|p2b: Calyrex|Fairy\n|move|p1b: Chien-Pao|Crunch|p2a: Indeedee\n|-supereffective|p2a: Indeedee\n|-damage|p2a: Indeedee|1/100\n|-damage|p1b: Chien-Pao|84/100|[from] item: Rocky Helmet|[of] p2a: Indeedee\n|move|p1a: Zamazenta|Body Press|p2a: Indeedee\n|-damage|p2a: Indeedee|0 fnt\n|-damage|p1a: Zamazenta|84/100|[from] item: Rocky Helmet|[of] p2a: Indeedee\n|faint|p2a: Indeedee\n|move|p2b: Calyrex|Leech Seed|p1a: Zamazenta\n|-start|p1a: Zamazenta|move: Leech Seed\n|\n|-damage|p1a: Zamazenta|71/100|[from] Leech Seed|[of] p2b: Calyrex\n|upkeep\n|\n|t:|1771950110\n|switch|p2a: Ursaluna|Ursaluna, L50, F|100/100\n|turn|2\n|inactive|kojimuranishi has 30 seconds left.\n|\n|t:|1771950138\n|move|p2a: Ursaluna|Protect|p2a: Ursaluna\n|-singleturn|p2a: Ursaluna|Protect\n|move|p1b: Chien-Pao|Icicle Crash|p2b: Calyrex\n|-damage|p2b: Calyrex|70/100\n|move|p1a: Zamazenta|Heavy Slam|p2b: Calyrex\n|-supereffective|p2b: Calyrex\n|-damage|p2b: Calyrex|43/100\n|cant|p2b: Calyrex|flinch\n|\n|-heal|p2b: Calyrex|48/100|[from] item: Leftovers\n|-damage|p1a: Zamazenta|59/100|[from] Leech Seed|[of] p2b: Calyrex\n|-heal|p2b: Calyrex|60/100|[silent]\n|-status|p2a: Ursaluna|brn|[from] item: Flame Orb\n|upkeep\n|turn|3\n|inactive|kojimuranishi has 30 seconds left.\n|\n|t:|1771950168\n|switch|p1a: Whimsicott|Whimsicott, L50, M|100/100\n|switch|p2a: Kyogre|Kyogre, L50|100/100\n|-weather|RainDance|[from] ability: Drizzle|[of] p2a: Kyogre\n|move|p1b: Chien-Pao|Icicle Crash|p2a: Kyogre\n|-resisted|p2a: Kyogre\n|-damage|p2a: Kyogre|69/100\n|move|p2b: Calyrex|Trick Room|p2b: Calyrex\n|-fieldstart|move: Trick Room|[of] p2b: Calyrex\n|\n|-weather|RainDance|[upkeep]\n|-heal|p2b: Calyrex|66/100|[from] item: Leftovers\n|upkeep\n|turn|4\n|inactive|kojimuranishi has 30 seconds left.\n|\n|t:|1771950202\n|switch|p2b: Ursaluna|Ursaluna, L50, F|100/100 brn\n|switch|p1b: Miraidon|Miraidon, L50|100/100\n|-fieldstart|move: Electric Terrain|[from] ability: Hadron Engine|[of] p1b: Miraidon\n|move|p1a: Whimsicott|Encore||[still]\n|-fail|p1a: Whimsicott\n|move|p2a: Kyogre|Origin Pulse|p1a: Whimsicott|[spread] p1a,p1b\n|-resisted|p1a: Whimsicott\n|-resisted|p1b: Miraidon\n|-damage|p1a: Whimsicott|50/100\n|-damage|p1b: Miraidon|74/100\n|\n|-weather|RainDance|[upkeep]\n|-damage|p2b: Ursaluna|95/100 brn|[from] brn\n|upkeep\n|turn|5\n|inactive|Rangeroverbus has 30 seconds left.\n|\n|t:|1771950228\n|switch|p2a: Calyrex|Calyrex-Ice, L50, tera:Fairy|66/100\n|-ability|p2a: Calyrex|As One\n|-ability|p2a: Calyrex|Unnerve\n|-terastallize|p1b: Miraidon|Fairy\n|move|p1a: Whimsicott|Light Screen|p1a: Whimsicott\n|-sidestart|p1: Rangeroverbus|move: Light Screen\n|move|p2b: Ursaluna|Facade|p1b: Miraidon\n|-damage|p1b: Miraidon|0 fnt\n|faint|p1b: Miraidon\n|\n|-weather|RainDance|[upkeep]\n|-heal|p2a: Calyrex|72/100|[from] item: Leftovers\n|-damage|p2b: Ursaluna|89/100 brn|[from] brn\n|upkeep\n|\n|t:|1771950241\n|switch|p1b: Chien-Pao|Chien-Pao, L50|84/100\n|-ability|p1b: Chien-Pao|Sword of Ruin\n|turn|6\n|\n|t:|1771950255\n|move|p1b: Chien-Pao|Protect|p1b: Chien-Pao\n|-singleturn|p1b: Chien-Pao|Protect\n|move|p1a: Whimsicott|Encore|p2b: Ursaluna\n|-start|p2b: Ursaluna|Encore\n|move|p2a: Calyrex|Glacial Lance|p1a: Whimsicott|[spread] p1a\n|-activate|p1b: Chien-Pao|move: Protect\n|-supereffective|p1a: Whimsicott\n|-damage|p1a: Whimsicott|0 fnt\n|faint|p1a: Whimsicott\n|-ability|p2a: Calyrex|Chilling Neigh|boost\n|-boost|p2a: Calyrex|atk|1\n|move|p2b: Ursaluna|Facade|p1b: Chien-Pao\n|-activate|p1b: Chien-Pao|move: Protect\n|\n|-weather|RainDance|[upkeep]\n|-heal|p2a: Calyrex|77/100|[from] item: Leftovers\n|-damage|p2b: Ursaluna|83/100 brn|[from] brn\n|upkeep\n|\n|t:|1771950262\n|switch|p1a: Zamazenta|Zamazenta-Crowned, L50|59/100\n|turn|7\n|\n|t:|1771950281\n|move|p1a: Zamazenta|Protect|p1a: Zamazenta\n|-singleturn|p1a: Zamazenta|Protect\n|move|p1b: Chien-Pao|Protect||[still]\n|-fail|p1b: Chien-Pao\n|move|p2b: Ursaluna|Facade|p1b: Chien-Pao\n|-damage|p1b: Chien-Pao|0 fnt\n|faint|p1b: Chien-Pao\n|move|p2a: Calyrex|Leech Seed|p1a: Zamazenta\n|-activate|p1a: Zamazenta|move: Protect\n|\n|-weather|none\n|-heal|p2a: Calyrex|83/100|[from] item: Leftovers\n|-damage|p2b: Ursaluna|77/100 brn|[from] brn\n|-fieldend|move: Trick Room\n|upkeep\n|turn|8\n|\n|t:|1771950298\n|move|p1a: Zamazenta|Body Press|p2b: Ursaluna\n|-supereffective|p2b: Ursaluna\n|-damage|p2b: Ursaluna|9/100 brn\n|move|p2b: Ursaluna|Facade|p1a: Zamazenta\n|-resisted|p1a: Zamazenta\n|-damage|p1a: Zamazenta|26/100\n|move|p2a: Calyrex|Leech Seed|p1a: Zamazenta\n|-start|p1a: Zamazenta|move: Leech Seed\n|\n|-heal|p2a: Calyrex|89/100|[from] item: Leftovers\n|-damage|p1a: Zamazenta|14/100|[from] Leech Seed|[of] p2a: Calyrex\n|-heal|p2a: Calyrex|100/100|[silent]\n|-damage|p2b: Ursaluna|3/100 brn|[from] brn\n|-end|p2b: Ursaluna|Encore\n|-fieldend|move: Electric Terrain\n|upkeep\n|turn|9\n|-message|Rangeroverbus forfeited.\n|\n|win|kojimuranishi\n|raw|Rangeroverbus's rating: 1443 &rarr; <strong>1427</strong><br />(-16 for losing)\n|raw|kojimuranishi's rating: 1518 &rarr; <strong>1534</strong><br />(+16 for winning)\n|l|\u2606Rangeroverbus\n|player|p1|\n|l|\u2606kojimuranishi\n|player|p2|\n","uploadtime":1771950496,"views":15,"formatid":"gen9vgc2026regi","rating":1427,"private":0,"password":null}