{"id":"gen9vgc2026regi-2550547731","format":"[Gen 9] VGC 2026 Reg I","players":["it'sjustken vgc","lexerthanatauros"],"log":"|j|\u2606it'sjustken vgc\n|j|\u2606lexerthanatauros\n|t:|1772499028\n|gametype|doubles\n|player|p1|it'sjustken vgc|2|\n|player|p2|lexerthanatauros|lucas|\n|gen|9\n|tier|[Gen 9] VGC 2026 Reg I\n|rated|Tournament battle\n|rule|Species Clause: Limit one of each Pok\u00e9mon\n|rule|Item Clause: Limit 1 of each item\n|clearpoke\n|poke|p1|Koraidon, L50|\n|poke|p1|Incineroar, L50, F|\n|poke|p1|Calyrex-Shadow, L50|\n|poke|p1|Amoonguss, L50, F|\n|poke|p1|Urshifu-*, L50, M|\n|poke|p1|Tornadus, L50, M|\n|poke|p2|Miraidon, L50|\n|poke|p2|Terapagos, L50, M|\n|poke|p2|Grimmsnarl, L50, M|\n|poke|p2|Ogerpon-Wellspring, L50, F|\n|poke|p2|Iron Treads, L50|\n|poke|p2|Chi-Yu, L50|\n|teampreview|4\n|inactive|Battle timer is ON: inactive players will automatically lose when time's up. (requested by it'sjustken vgc)\n|inactive|lexerthanatauros also wants the timer to be on.\n|j| MajorStar\n|inactive|it'sjustken vgc has 60 seconds left.\n|\n|t:|1772499085\n|teamsize|p1|4\n|teamsize|p2|4\n|start\n|switch|p1a: Calyrex|Calyrex-Shadow, L50|100/100\n|switch|p1b: Incineroar|Incineroar, L50, F|100/100\n|switch|p2a: I Go Brrr|Miraidon, L50|100/100\n|switch|p2b: Grimmsnarl|Grimmsnarl, L50, M|100/100\n|-ability|p1a: Calyrex|As One\n|-ability|p1a: Calyrex|Unnerve\n|-fieldstart|move: Electric Terrain|[from] ability: Hadron Engine|[of] p2a: I Go Brrr\n|-ability|p1b: Incineroar|Intimidate|boost\n|-unboost|p2a: I Go Brrr|atk|1\n|-unboost|p2b: Grimmsnarl|atk|1\n|turn|1\n|\n|t:|1772499098\n|-terastallize|p1a: Calyrex|Ghost\n|move|p1b: Incineroar|Fake Out|p2a: I Go Brrr\n|-damage|p2a: I Go Brrr|91/100\n|move|p2b: Grimmsnarl|Light Screen|p2b: Grimmsnarl\n|-sidestart|p2: lexerthanatauros|move: Light Screen\n|move|p1a: Calyrex|Astral Barrage|p2a: I Go Brrr|[spread] p2a,p2b\n|-resisted|p2b: Grimmsnarl\n|-damage|p2a: I Go Brrr|51/100\n|-damage|p2b: Grimmsnarl|67/100\n|-damage|p1a: Calyrex|91/100|[from] item: Life Orb\n|cant|p2a: I Go Brrr|flinch\n|\n|upkeep\n|turn|2\n|\n|t:|1772499110\n|move|p1a: Calyrex|Protect|p1a: Calyrex\n|-singleturn|p1a: Calyrex|Protect\n|move|p2b: Grimmsnarl|Thunder Wave|p1a: Calyrex\n|-activate|p1a: Calyrex|move: Protect\n|move|p2a: I Go Brrr|Snarl|p1a: Calyrex|[spread] p1b\n|-activate|p1a: Calyrex|move: Protect\n|-resisted|p1b: Incineroar\n|-damage|p1b: Incineroar|94/100\n|-unboost|p1b: Incineroar|spa|1\n|move|p1b: Incineroar|U-turn|p2a: I Go Brrr\n|-damage|p2a: I Go Brrr|32/100\n|\n|t:|1772499115\n|switch|p1b: Amoonguss|Amoonguss, L50, F|100/100|[from] U-turn\n|\n|upkeep\n|turn|3\n|\n|t:|1772499127\n|move|p1b: Amoonguss|Rage Powder|p1b: Amoonguss\n|-singleturn|p1b: Amoonguss|move: Rage Powder\n|move|p2b: Grimmsnarl|Thunder Wave|p1b: Amoonguss\n|-status|p1b: Amoonguss|par\n|move|p1a: Calyrex|Astral Barrage|p2a: I Go Brrr|[spread] p2a,p2b\n|-resisted|p2b: Grimmsnarl\n|-damage|p2a: I Go Brrr|0 fnt\n|-damage|p2b: Grimmsnarl|36/100\n|faint|p2a: I Go Brrr\n|-ability|p1a: Calyrex|Grim Neigh|boost\n|-boost|p1a: Calyrex|spa|1\n|-damage|p1a: Calyrex|81/100|[from] item: Life Orb\n|\n|upkeep\n|\n|t:|1772499143\n|switch|p2a: Iron Treads|Iron Treads, L50|100/100\n|-activate|p2a: Iron Treads|ability: Quark Drive\n|-start|p2a: Iron Treads|quarkdrivespe\n|turn|4\n|\n|t:|1772499168\n|switch|p1b: Incineroar|Incineroar, L50, F|94/100\n|-ability|p1b: Incineroar|Intimidate|boost\n|-unboost|p2a: Iron Treads|atk|1\n|-unboost|p2b: Grimmsnarl|atk|1\n|move|p1a: Calyrex|Protect|p1a: Calyrex\n|-singleturn|p1a: Calyrex|Protect\n|move|p2a: Iron Treads|Steel Roller|p1a: Calyrex\n|-activate|p1a: Calyrex|move: Protect\n|move|p2b: Grimmsnarl|Spirit Break|p1a: Calyrex\n|-activate|p1a: Calyrex|move: Protect\n|\n|upkeep\n|turn|5\n|\n|t:|1772499182\n|-terastallize|p2b: Grimmsnarl|Ghost\n|move|p2a: Iron Treads|Protect|p2a: Iron Treads\n|-singleturn|p2a: Iron Treads|Protect\n|move|p1b: Incineroar|Fake Out|p2b: Grimmsnarl\n|-immune|p2b: Grimmsnarl\n|move|p2b: Grimmsnarl|Thunder Wave|p1a: Calyrex\n|-status|p1a: Calyrex|par\n|move|p1a: Calyrex|Astral Barrage|p2a: Iron Treads|[spread] p2b\n|-activate|p2a: Iron Treads|move: Protect\n|-supereffective|p2b: Grimmsnarl\n|-damage|p2b: Grimmsnarl|0 fnt\n|faint|p2b: Grimmsnarl\n|-ability|p1a: Calyrex|Grim Neigh|boost\n|-boost|p1a: Calyrex|spa|1\n|-damage|p1a: Calyrex|72/100 par|[from] item: Life Orb\n|\n|-fieldend|move: Electric Terrain\n|-end|p2a: Iron Treads|Quark Drive\n|upkeep\n|\n|t:|1772499191\n|switch|p2b: Terapagos|Terapagos, L50, M|100/100\n|-activate|p2b: Terapagos|ability: Tera Shift\n|detailschange|p2b: Terapagos|Terapagos-Terastal, L50, M\n|-heal|p2b: Terapagos|100/100|[silent]\n|turn|6\n|\n|t:|1772499212\n|move|p1a: Calyrex|Protect|p1a: Calyrex\n|-singleturn|p1a: Calyrex|Protect\n|move|p2a: Iron Treads|Iron Head|p1a: Calyrex\n|-activate|p1a: Calyrex|move: Protect\n|move|p2b: Terapagos|Tera Starstorm|p1b: Incineroar\n|-damage|p1b: Incineroar|33/100\n|move|p1b: Incineroar|U-turn|p2b: Terapagos\n|-activate|p2b: Terapagos|ability: Tera Shell\n|-resisted|p2b: Terapagos\n|-damage|p2b: Terapagos|91/100\n|\n|t:|1772499216\n|switch|p1b: Koraidon|Koraidon, L50|100/100|[from] U-turn\n|-weather|SunnyDay|[from] ability: Orichalcum Pulse|[of] p1b: Koraidon\n|-activate|p1b: Koraidon|Orichalcum Pulse|[source]\n|\n|-weather|SunnyDay|[upkeep]\n|upkeep\n|turn|7\n|\n|t:|1772499234\n|move|p1b: Koraidon|Close Combat|p2b: Terapagos\n|-supereffective|p2b: Terapagos\n|-crit|p2b: Terapagos\n|-damage|p2b: Terapagos|0 fnt\n|-unboost|p1b: Koraidon|def|1\n|-unboost|p1b: Koraidon|spd|1\n|faint|p2b: Terapagos\n|move|p2a: Iron Treads|Iron Head|p1b: Koraidon\n|-damage|p1b: Koraidon|61/100\n|-damage|p2a: Iron Treads|91/100|[from] item: Life Orb\n|move|p1a: Calyrex|Astral Barrage|p2a: Iron Treads\n|-damage|p2a: Iron Treads|0 fnt\n|faint|p2a: Iron Treads\n|-end|p2a: Iron Treads|Quark Drive|[silent]\n|-damage|p1a: Calyrex|62/100 par|[from] item: Life Orb\n|\n|win|it'sjustken vgc\n|n|\u2606it'sjustken vgc|itsjustkenvgc\n|n|\u2606lexerthanatauros|lexerthanatauros\n|n| MajorStar|majorstar\n|l|\u2606lexerthanatauros\n|player|p2|\n|c|\u2606it'sjustken vgc|gg wp\n","uploadtime":1772499246,"views":15,"formatid":"gen9vgc2026regi","rating":null,"private":0,"password":null}