{"id":"gen9vgc2026regi-2531081444","format":"[Gen 9] VGC 2026 Reg I","players":["ky123456","lalo's pollos"],"log":"|j|\u2606ky123456\n|j|\u2606lalo's pollos\n|t:|1770009009\n|gametype|doubles\n|player|p1|ky123456|cynthia-gen4|1493\n|player|p2|lalo's pollos|169|1368\n|gen|9\n|tier|[Gen 9] VGC 2026 Reg I\n|rated|\n|rule|Species Clause: Limit one of each Pok\u00e9mon\n|rule|Item Clause: Limit 1 of each item\n|clearpoke\n|poke|p1|Koraidon, L50|\n|poke|p1|Calyrex-Ice, L50|\n|poke|p1|Incineroar, L50, M|\n|poke|p1|Smeargle, L50, F|\n|poke|p1|Rillaboom, L50, F|\n|poke|p1|Landorus, L50, M|\n|poke|p2|Miraidon, L50|\n|poke|p2|Landorus, L50, M|\n|poke|p2|Incineroar, L50, F|\n|poke|p2|Iron Bundle, L50|\n|poke|p2|Farigiraf, L50, F|\n|poke|p2|Calyrex-Ice, L50|\n|teampreview|4\n|\n|t:|1770009045\n|teamsize|p1|4\n|teamsize|p2|4\n|start\n|switch|p1a: Rillaboom|Rillaboom, L50, F|100/100\n|switch|p1b: Landorus|Landorus, L50, M|100/100\n|switch|p2a: Calyrex|Calyrex-Ice, L50|100/100\n|switch|p2b: Incineroar|Incineroar, L50, F|100/100\n|-ability|p2a: Calyrex|As One\n|-ability|p2a: Calyrex|Unnerve\n|-fieldstart|move: Grassy Terrain|[from] ability: Grassy Surge|[of] p1a: Rillaboom\n|-ability|p2b: Incineroar|Intimidate|boost\n|-unboost|p1a: Rillaboom|atk|1\n|-unboost|p1b: Landorus|atk|1\n|turn|1\n|\n|t:|1770009081\n|switch|p1a: Incineroar|Incineroar, L50, M|100/100\n|-ability|p1a: Incineroar|Intimidate|boost\n|-fail|p2a: Calyrex|unboost|[from] item: Clear Amulet|[of] p2a: Calyrex\n|-unboost|p2b: Incineroar|atk|1\n|switch|p2b: the Manager|Farigiraf, L50, F|100/100\n|move|p1b: Landorus|Protect|p1b: Landorus\n|-singleturn|p1b: Landorus|Protect\n|move|p2a: Calyrex|Glacial Lance|p1b: Landorus|[spread] p1a\n|-activate|p1b: Landorus|move: Protect\n|-resisted|p1a: Incineroar\n|-damage|p1a: Incineroar|79/100\n|\n|-heal|p1a: Incineroar|85/100|[from] Grassy Terrain\n|upkeep\n|turn|2\n|\n|t:|1770009108\n|move|p2a: Calyrex|Protect|p2a: Calyrex\n|-singleturn|p2a: Calyrex|Protect\n|move|p1b: Landorus|Earth Power|p2a: Calyrex\n|-activate|p2a: Calyrex|move: Protect\n|move|p1a: Incineroar|Knock Off|p2a: Calyrex\n|-activate|p2a: Calyrex|move: Protect\n|move|p2b: the Manager|Trick Room|p2b: the Manager\n|-fieldstart|move: Trick Room|[of] p2b: the Manager\n|\n|-heal|p1a: Incineroar|91/100|[from] Grassy Terrain\n|upkeep\n|turn|3\n|\n|t:|1770009119\n|-terastallize|p1b: Landorus|Water\n|move|p2b: the Manager|Helping Hand|p2a: Calyrex\n|-singleturn|p2a: Calyrex|Helping Hand|[of] p2b: the Manager\n|move|p2a: Calyrex|High Horsepower|p1a: Incineroar\n|-supereffective|p1a: Incineroar\n|-crit|p1a: Incineroar\n|-damage|p1a: Incineroar|0 fnt\n|faint|p1a: Incineroar\n|-ability|p2a: Calyrex|Chilling Neigh|boost\n|-boost|p2a: Calyrex|atk|1\n|move|p1b: Landorus|Earth Power|p2a: Calyrex\n|-damage|p2a: Calyrex|49/100\n|\n|-heal|p2a: Calyrex|55/100|[from] Grassy Terrain\n|upkeep\n|\n|t:|1770009132\n|switch|p1a: Calyrex|Calyrex-Ice, L50|100/100\n|-ability|p1a: Calyrex|As One\n|-ability|p1a: Calyrex|Unnerve\n|turn|4\n|\n|t:|1770009141\n|move|p2a: Calyrex|Protect|p2a: Calyrex\n|-singleturn|p2a: Calyrex|Protect\n|move|p1a: Calyrex|Glacial Lance|p2a: Calyrex|[spread] p2b\n|-activate|p2a: Calyrex|move: Protect\n|-damage|p2b: the Manager|41/100\n|move|p2b: the Manager|Foul Play|p1a: Calyrex\n|-supereffective|p1a: Calyrex\n|-damage|p1a: Calyrex|55/100\n|move|p1b: Landorus|Earth Power|p2a: Calyrex\n|-activate|p2a: Calyrex|move: Protect\n|\n|-heal|p2a: Calyrex|61/100|[from] Grassy Terrain\n|-heal|p1a: Calyrex|61/100|[from] Grassy Terrain\n|-heal|p1a: Calyrex|67/100|[from] item: Leftovers\n|-heal|p2b: the Manager|47/100|[from] Grassy Terrain\n|upkeep\n|turn|5\n|\n|t:|1770009159\n|move|p2b: the Manager|Helping Hand|p2a: Calyrex\n|-singleturn|p2a: Calyrex|Helping Hand|[of] p2b: the Manager\n|move|p2a: Calyrex|High Horsepower|p1b: Landorus\n|-damage|p1b: Landorus|5/100\n|move|p1a: Calyrex|Glacial Lance|p2a: Calyrex|[spread] p2a,p2b\n|-resisted|p2a: Calyrex\n|-damage|p2a: Calyrex|43/100\n|-damage|p2b: the Manager|0 fnt\n|faint|p2b: the Manager\n|-ability|p1a: Calyrex|Chilling Neigh|boost\n|-boost|p1a: Calyrex|atk|1\n|move|p1b: Landorus|Earth Power|p2a: Calyrex\n|-damage|p2a: Calyrex|0 fnt\n|faint|p2a: Calyrex\n|\n|-heal|p1a: Calyrex|72/100|[from] Grassy Terrain\n|-heal|p1a: Calyrex|78/100|[from] item: Leftovers\n|-heal|p1b: Landorus|11/100|[from] Grassy Terrain\n|-fieldend|move: Grassy Terrain\n|upkeep\n|\n|t:|1770009170\n|switch|p2a: Co-Star|Miraidon, L50|100/100\n|switch|p2b: Incineroar|Incineroar, L50, F|100/100\n|-ability|p2b: Incineroar|Intimidate|boost\n|-unboost|p1a: Calyrex|atk|1\n|-unboost|p1b: Landorus|atk|1\n|-fieldstart|move: Electric Terrain|[from] ability: Hadron Engine|[of] p2a: Co-Star\n|turn|6\n|\n|t:|1770009181\n|switch|p1a: Rillaboom|Rillaboom, L50, F|100/100\n|-fieldstart|move: Grassy Terrain|[from] ability: Grassy Surge|[of] p1a: Rillaboom\n|-terastallize|p2a: Co-Star|Fairy\n|move|p2b: Incineroar|Fake Out|p1a: Rillaboom\n|-damage|p1a: Rillaboom|90/100\n|move|p1b: Landorus|Earth Power|p2a: Co-Star\n|-damage|p2a: Co-Star|31/100\n|move|p2a: Co-Star|Dazzling Gleam|p1b: Landorus|[spread] p1a,p1b\n|-damage|p1a: Rillaboom|49/100\n|-damage|p1b: Landorus|0 fnt\n|faint|p1b: Landorus\n|\n|-heal|p1a: Rillaboom|55/100|[from] Grassy Terrain\n|-heal|p2a: Co-Star|37/100|[from] Grassy Terrain\n|-fieldend|move: Trick Room\n|upkeep\n|\n|t:|1770009194\n|switch|p1b: Calyrex|Calyrex-Ice, L50|78/100\n|-ability|p1b: Calyrex|As One\n|-ability|p1b: Calyrex|Unnerve\n|turn|7\n|\n|t:|1770009217\n|move|p1a: Rillaboom|Fake Out|p2b: Incineroar\n|-damage|p2b: Incineroar|91/100\n|move|p2a: Co-Star|Dazzling Gleam|p1a: Rillaboom|[spread] p1a,p1b\n|-damage|p1a: Rillaboom|20/100\n|-damage|p1b: Calyrex|49/100\n|cant|p2b: Incineroar|flinch\n|move|p1b: Calyrex|Glacial Lance|p2a: Co-Star|[spread] p2a,p2b\n|-resisted|p2b: Incineroar\n|-damage|p2a: Co-Star|0 fnt\n|-damage|p2b: Incineroar|73/100\n|faint|p2a: Co-Star\n|-ability|p1b: Calyrex|Chilling Neigh|boost\n|-boost|p1b: Calyrex|atk|1\n|\n|-heal|p1a: Rillaboom|26/100|[from] Grassy Terrain\n|-heal|p2b: Incineroar|79/100|[from] Grassy Terrain\n|-heal|p1b: Calyrex|55/100|[from] Grassy Terrain\n|-heal|p1b: Calyrex|60/100|[from] item: Leftovers\n|upkeep\n|turn|8\n|\n|t:|1770009232\n|move|p1a: Rillaboom|Wood Hammer|p2b: Incineroar\n|-resisted|p2b: Incineroar\n|-damage|p2b: Incineroar|56/100\n|-damage|p1a: Rillaboom|18/100|[from] Recoil\n|move|p2b: Incineroar|Flare Blitz|p1b: Calyrex\n|-supereffective|p1b: Calyrex\n|-damage|p1b: Calyrex|2/100\n|-damage|p2b: Incineroar|37/100|[from] Recoil\n|move|p1b: Calyrex|Leech Seed|p2b: Incineroar|[miss]\n|-miss|p1b: Calyrex|p2b: Incineroar\n|\n|-heal|p1a: Rillaboom|24/100|[from] Grassy Terrain\n|-heal|p2b: Incineroar|43/100|[from] Grassy Terrain\n|-heal|p1b: Calyrex|8/100|[from] Grassy Terrain\n|-heal|p1b: Calyrex|14/100|[from] item: Leftovers\n|upkeep\n|turn|9\n|\n|t:|1770009253\n|move|p1a: Rillaboom|Wood Hammer|p2b: Incineroar\n|-resisted|p2b: Incineroar\n|-damage|p2b: Incineroar|18/100\n|-damage|p1a: Rillaboom|16/100|[from] Recoil\n|move|p2b: Incineroar|Flare Blitz|p1a: Rillaboom\n|-supereffective|p1a: Rillaboom\n|-damage|p1a: Rillaboom|0 fnt\n|faint|p1a: Rillaboom\n|-damage|p2b: Incineroar|13/100|[from] Recoil\n|move|p1b: Calyrex|Glacial Lance|p2b: Incineroar\n|-resisted|p2b: Incineroar\n|-damage|p2b: Incineroar|0 fnt\n|faint|p2b: Incineroar\n|\n|win|ky123456\n|raw|ky123456's rating: 1493 &rarr; <strong>1506</strong><br />(+13 for winning)\n|raw|lalo&apos;s pollos's rating: 1368 &rarr; <strong>1355</strong><br />(-13 for losing)\n|l|\u2606ky123456\n|player|p1|\n|l|\u2606lalo's pollos\n|player|p2|\n","uploadtime":1770009506,"views":21,"formatid":"gen9vgc2026regi","rating":1355,"private":0,"password":null}