{"id":"gen9vgc2026regi-2567448136","format":"[Gen 9] VGC 2026 Reg I","players":["imnotagni","magoromon"],"log":"|j|\u2606imnotagni\n|j|\u2606magoromon\n|t:|1774476972\n|gametype|doubles\n|player|p1|imnotagni|youngster-gen1rb|1353\n|player|p2|magoromon|lance|1331\n|gen|9\n|tier|[Gen 9] VGC 2026 Reg I\n|rated|\n|rule|Species Clause: Limit one of each Pok\u00e9mon\n|rule|Item Clause: Limit 1 of each item\n|clearpoke\n|poke|p1|Gouging Fire, L50|\n|poke|p1|Groudon, L50|\n|poke|p1|Chien-Pao, L50|\n|poke|p1|Rayquaza, L50|\n|poke|p1|Farigiraf, L50, F|\n|poke|p1|Rillaboom, L50, F|\n|poke|p2|Kyogre, L50|\n|poke|p2|Calyrex-Ice, L50|\n|poke|p2|Rillaboom, L50, F|\n|poke|p2|Urshifu-*, L50, F|\n|poke|p2|Flutter Mane, L50|\n|poke|p2|Amoonguss, L50, F|\n|teampreview|4\n|inactive|Battle timer is ON: inactive players will automatically lose when time's up. (requested by imnotagni)\n|inactive|imnotagni has 60 seconds left.\n|inactive|magoromon has 60 seconds left.\n|inactive|magoromon has 30 seconds left.\n|\n|t:|1774477042\n|teamsize|p1|4\n|teamsize|p2|4\n|start\n|switch|p1a: Gouging Fire|Gouging Fire, L50|100/100\n|switch|p1b: Rillaboom|Rillaboom, L50, F|100/100\n|switch|p2a: Urshifu|Urshifu-Rapid-Strike, L50, F|100/100\n|switch|p2b: Flutter Mane|Flutter Mane, L50|100/100\n|-fieldstart|move: Grassy Terrain|[from] ability: Grassy Surge|[of] p1b: Rillaboom\n|-enditem|p1a: Gouging Fire|Booster Energy\n|-activate|p1a: Gouging Fire|ability: Protosynthesis|[fromitem]\n|-start|p1a: Gouging Fire|protosynthesisspe\n|turn|1\n|inactive|magoromon has 30 seconds left.\n|\n|t:|1774477075\n|move|p1b: Rillaboom|Fake Out|p2a: Urshifu\n|-damage|p2a: Urshifu|86/100\n|move|p1a: Gouging Fire|Howl|p1a: Gouging Fire|[spread] p1a,p1b\n|-boost|p1a: Gouging Fire|atk|1\n|-boost|p1b: Rillaboom|atk|1\n|cant|p2a: Urshifu|flinch\n|move|p2b: Flutter Mane|Moonblast|p1a: Gouging Fire\n|-damage|p1a: Gouging Fire|55/100\n|\n|-heal|p1a: Gouging Fire|61/100|[from] Grassy Terrain\n|-heal|p2a: Urshifu|92/100|[from] Grassy Terrain\n|upkeep\n|turn|2\n|inactive|imnotagni has 30 seconds left.\n|inactive|magoromon has 30 seconds left.\n|inactive|imnotagni has 20 seconds left.\n|inactive|imnotagni has 15 seconds left.\n|inactive|imnotagni has 10 seconds left.\n|inactive|imnotagni has 5 seconds left.\n|\n|t:|1774477127\n|-terastallize|p2b: Flutter Mane|Stellar\n|move|p1b: Rillaboom|Grassy Glide|p2b: Flutter Mane\n|-enditem|p2b: Flutter Mane|Focus Sash\n|-damage|p2b: Flutter Mane|1/100\n|move|p1a: Gouging Fire|Heat Crash|p2b: Flutter Mane\n|-crit|p2b: Flutter Mane\n|-damage|p2b: Flutter Mane|0 fnt\n|faint|p2b: Flutter Mane\n|-end|p2b: Flutter Mane|Protosynthesis|[silent]\n|move|p2a: Urshifu|U-turn|p1b: Rillaboom\n|-supereffective|p1b: Rillaboom\n|-damage|p1b: Rillaboom|52/100\n|\n|t:|1774477139\n|switch|p2a: Calyrex|Calyrex-Ice, L50|100/100|[from] U-turn\n|-ability|p2a: Calyrex|As One\n|-ability|p2a: Calyrex|Unnerve\n|\n|-heal|p1a: Gouging Fire|67/100|[from] Grassy Terrain\n|-heal|p1b: Rillaboom|58/100|[from] Grassy Terrain\n|upkeep\n|\n|t:|1774477156\n|switch|p2b: Urshifu|Urshifu-Rapid-Strike, L50, F|92/100\n|turn|3\n|\n|t:|1774477178\n|move|p1b: Rillaboom|Grassy Glide|p2b: Urshifu\n|-supereffective|p2b: Urshifu\n|-damage|p2b: Urshifu|0 fnt\n|faint|p2b: Urshifu\n|move|p1a: Gouging Fire|Heat Crash|p2a: Calyrex\n|-supereffective|p2a: Calyrex\n|-damage|p2a: Calyrex|74/100\n|move|p2a: Calyrex|Glacial Lance|p1a: Gouging Fire|[spread] p1a,p1b\n|-supereffective|p1b: Rillaboom\n|-damage|p1a: Gouging Fire|34/100\n|-damage|p1b: Rillaboom|0 fnt\n|faint|p1b: Rillaboom\n|-ability|p2a: Calyrex|Chilling Neigh|boost\n|-boost|p2a: Calyrex|atk|1\n|\n|-heal|p1a: Gouging Fire|39/100|[from] Grassy Terrain\n|-heal|p2a: Calyrex|80/100|[from] Grassy Terrain\n|-heal|p2a: Calyrex|86/100|[from] item: Leftovers\n|upkeep\n|\n|t:|1774477197\n|switch|p2b: Kyogre|Kyogre, L50|100/100\n|switch|p1b: Rayquaza|Rayquaza, L50|100/100\n|-weather|RainDance|[from] ability: Drizzle|[of] p2b: Kyogre\n|-ability|p1b: Rayquaza|Air Lock\n|turn|4\n|inactive|imnotagni has 30 seconds left.\n|inactive|imnotagni has 20 seconds left.\n|inactive|imnotagni has 15 seconds left.\n|inactive|imnotagni has 10 seconds left.\n|inactive|imnotagni has 5 seconds left.\n|\n|t:|1774477252\n|move|p2a: Calyrex|Protect|p2a: Calyrex\n|-singleturn|p2a: Calyrex|Protect\n|move|p1a: Gouging Fire|Breaking Swipe|p2b: Kyogre|[spread] p2b\n|-activate|p2a: Calyrex|move: Protect\n|-damage|p2b: Kyogre|74/100\n|-unboost|p2b: Kyogre|atk|1\n|move|p2b: Kyogre|Origin Pulse|p1b: Rayquaza|[spread] p1a,p1b\n|-resisted|p1b: Rayquaza\n|-damage|p1a: Gouging Fire|0 fnt\n|-damage|p1b: Rayquaza|73/100\n|faint|p1a: Gouging Fire\n|-end|p1a: Gouging Fire|Protosynthesis|[silent]\n|move|p1b: Rayquaza|Dragon Ascent|p2a: Calyrex\n|-activate|p2a: Calyrex|move: Protect\n|\n|-weather|RainDance|[upkeep]\n|-heal|p2b: Kyogre|80/100|[from] Grassy Terrain\n|-heal|p2a: Calyrex|92/100|[from] Grassy Terrain\n|-heal|p2a: Calyrex|98/100|[from] item: Leftovers\n|upkeep\n|\n|t:|1774477255\n|switch|p1a: Groudon|Groudon, L50|100/100\n|-weather|SunnyDay|[from] ability: Drought|[of] p1a: Groudon\n|turn|5\n|\n|t:|1774477278\n|-terastallize|p1a: Groudon|Fire\n|move|p2b: Kyogre|Origin Pulse|p1b: Rayquaza|[spread] p1a,p1b\n|-supereffective|p1a: Groudon\n|-resisted|p1b: Rayquaza\n|-damage|p1a: Groudon|3/100\n|-damage|p1b: Rayquaza|47/100\n|move|p1a: Groudon|Precipice Blades|p2a: Calyrex|[spread] p2a,p2b\n|-damage|p2a: Calyrex|72/100\n|-damage|p2b: Kyogre|26/100\n|move|p1b: Rayquaza|Dragon Ascent|p2b: Kyogre\n|-damage|p2b: Kyogre|0 fnt\n|-unboost|p1b: Rayquaza|def|1\n|-unboost|p1b: Rayquaza|spd|1\n|faint|p2b: Kyogre\n|-damage|p1b: Rayquaza|38/100|[from] item: Life Orb\n|move|p2a: Calyrex|Glacial Lance|p1b: Rayquaza|[spread] p1a,p1b\n|-resisted|p1a: Groudon\n|-supereffective|p1b: Rayquaza\n|-damage|p1a: Groudon|0 fnt\n|-damage|p1b: Rayquaza|0 fnt\n|faint|p1a: Groudon\n|faint|p1b: Rayquaza\n|\n|win|magoromon\n|raw|imnotagni's rating: 1353 &rarr; <strong>1332</strong><br />(-21 for losing)\n|raw|magoromon's rating: 1331 &rarr; <strong>1352</strong><br />(+21 for winning)\n|l|\u2606magoromon\n|player|p2|\n|l|\u2606imnotagni\n|player|p1|\n","uploadtime":1774477541,"views":12,"formatid":"gen9vgc2026regi","rating":1332,"private":0,"password":null}