{"id":"gen9vgc2026regi-2559526572","format":"[Gen 9] VGC 2026 Reg I","players":["Lacossg","BanKingambit69247"],"log":"|j|\u2606Lacossg\n|j|\u2606BanKingambit69247\n|t:|1773582122\n|gametype|doubles\n|player|p1|Lacossg|265|1508\n|player|p2|BanKingambit69247|102|1456\n|gen|9\n|tier|[Gen 9] VGC 2026 Reg I\n|rated|\n|rule|Species Clause: Limit one of each Pok\u00e9mon\n|rule|Item Clause: Limit 1 of each item\n|clearpoke\n|poke|p1|Zacian-*, L50|\n|poke|p1|Iron Valiant, L50|\n|poke|p1|Tyranitar, L50, M|\n|poke|p1|Zamazenta-*, L50|\n|poke|p1|Landorus, L50, M|\n|poke|p1|Tornadus, L50, M|\n|poke|p2|Calyrex-Shadow, L50|\n|poke|p2|Zamazenta-*, L50|\n|poke|p2|Chien-Pao, L50|\n|poke|p2|Smeargle, L50, M|\n|poke|p2|Dondozo, L50, M|\n|poke|p2|Tatsugiri, L50, F|\n|teampreview|4\n|inactive|Battle timer is ON: inactive players will automatically lose when time's up. (requested by BanKingambit69247)\n|\n|t:|1773582136\n|teamsize|p1|4\n|teamsize|p2|4\n|start\n|switch|p1a: Tyranitar|Tyranitar, L50, M|100/100\n|switch|p1b: Tornadus|Tornadus, L50, M|100/100\n|switch|p2a: \u6211\u5927\u54e5|Smeargle, L50, M|100/100\n|switch|p2b: \u8bf6\u4f60\u600e\u4e48\u6b7b\u4e86?\u267f\u267f\u267f|Calyrex-Shadow, L50|100/100\n|-ability|p2b: \u8bf6\u4f60\u600e\u4e48\u6b7b\u4e86?\u267f\u267f\u267f|As One\n|-ability|p2b: \u8bf6\u4f60\u600e\u4e48\u6b7b\u4e86?\u267f\u267f\u267f|Unnerve\n|-weather|Sandstorm|[from] ability: Sand Stream|[of] p1a: Tyranitar\n|turn|1\n|\n|t:|1773582144\n|-terastallize|p2b: \u8bf6\u4f60\u600e\u4e48\u6b7b\u4e86?\u267f\u267f\u267f|Ghost\n|-terastallize|p1b: Tornadus|Dark\n|move|p1a: Tyranitar|Protect|p1a: Tyranitar\n|-singleturn|p1a: Tyranitar|Protect\n|move|p2a: \u6211\u5927\u54e5|Fake Out|p1a: Tyranitar\n|-activate|p1a: Tyranitar|move: Protect\n|move|p2b: \u8bf6\u4f60\u600e\u4e48\u6b7b\u4e86?\u267f\u267f\u267f|Astral Barrage|p1b: Tornadus|[spread] p1b\n|-activate|p1a: Tyranitar|move: Protect\n|-resisted|p1b: Tornadus\n|-damage|p1b: Tornadus|25/100\n|move|p1b: Tornadus|Dark Pulse|p2b: \u8bf6\u4f60\u600e\u4e48\u6b7b\u4e86?\u267f\u267f\u267f\n|-supereffective|p2b: \u8bf6\u4f60\u600e\u4e48\u6b7b\u4e86?\u267f\u267f\u267f\n|-damage|p2b: \u8bf6\u4f60\u600e\u4e48\u6b7b\u4e86?\u267f\u267f\u267f|19/100\n|\n|-weather|Sandstorm|[upkeep]\n|-damage|p2b: \u8bf6\u4f60\u600e\u4e48\u6b7b\u4e86?\u267f\u267f\u267f|12/100|[from] Sandstorm\n|-damage|p1b: Tornadus|19/100|[from] Sandstorm\n|-damage|p2a: \u6211\u5927\u54e5|94/100|[from] Sandstorm\n|upkeep\n|turn|2\n|\n|t:|1773582170\n|switch|p2b: \u68d5\u8272\u5c0f\u6590\u6d4e\u5317\ud83d\ude0b|Tatsugiri, L50, F, shiny|100/100\n|switch|p2a: \u773c\u795e\u5446\u6ede\ud83e\udd2a|Dondozo, L50, M, shiny|100/100\n|-activate|p2b: \u68d5\u8272\u5c0f\u6590\u6d4e\u5317\ud83d\ude0b|ability: Commander|[of] p2a: \u773c\u795e\u5446\u6ede\ud83e\udd2a\n|-boost|p2a: \u773c\u795e\u5446\u6ede\ud83e\udd2a|atk|2\n|-boost|p2a: \u773c\u795e\u5446\u6ede\ud83e\udd2a|spa|2\n|-boost|p2a: \u773c\u795e\u5446\u6ede\ud83e\udd2a|spe|2\n|-boost|p2a: \u773c\u795e\u5446\u6ede\ud83e\udd2a|def|2\n|-boost|p2a: \u773c\u795e\u5446\u6ede\ud83e\udd2a|spd|2\n|move|p1b: Tornadus|Tailwind|p1b: Tornadus\n|-sidestart|p1: Lacossg|move: Tailwind\n|move|p1a: Tyranitar|Rock Slide|p2b: \u68d5\u8272\u5c0f\u6590\u6d4e\u5317\ud83d\ude0b|[spread] \n|-miss|p1a: Tyranitar|p2b: \u68d5\u8272\u5c0f\u6590\u6d4e\u5317\ud83d\ude0b\n|-miss|p1a: Tyranitar|p2a: \u773c\u795e\u5446\u6ede\ud83e\udd2a\n|\n|-weather|Sandstorm|[upkeep]\n|-damage|p1b: Tornadus|13/100|[from] Sandstorm\n|-damage|p2b: \u68d5\u8272\u5c0f\u6590\u6d4e\u5317\ud83d\ude0b|94/100|[from] Sandstorm\n|-damage|p2a: \u773c\u795e\u5446\u6ede\ud83e\udd2a|94/100|[from] Sandstorm\n|-heal|p2a: \u773c\u795e\u5446\u6ede\ud83e\udd2a|100/100|[from] item: Leftovers\n|upkeep\n|turn|3\n|\n|t:|1773582179\n|switch|p1b: Landorus|Landorus, L50, M|100/100\n|move|p1a: Tyranitar|Knock Off|p2a: \u773c\u795e\u5446\u6ede\ud83e\udd2a\n|-damage|p2a: \u773c\u795e\u5446\u6ede\ud83e\udd2a|83/100\n|-enditem|p2a: \u773c\u795e\u5446\u6ede\ud83e\udd2a|Leftovers|[from] move: Knock Off|[of] p1a: Tyranitar\n|move|p2a: \u773c\u795e\u5446\u6ede\ud83e\udd2a|Earthquake|p1b: Landorus|[spread] p1a\n|-miss|p2a: \u773c\u795e\u5446\u6ede\ud83e\udd2a|p2b: \u68d5\u8272\u5c0f\u6590\u6d4e\u5317\ud83d\ude0b\n|-immune|p1b: Landorus\n|-supereffective|p1a: Tyranitar\n|-damage|p1a: Tyranitar|38/100\n|\n|-weather|Sandstorm|[upkeep]\n|-damage|p2b: \u68d5\u8272\u5c0f\u6590\u6d4e\u5317\ud83d\ude0b|88/100|[from] Sandstorm\n|-damage|p2a: \u773c\u795e\u5446\u6ede\ud83e\udd2a|77/100|[from] Sandstorm\n|upkeep\n|turn|4\n|\n|t:|1773582192\n|move|p1b: Landorus|Earth Power|p2a: \u773c\u795e\u5446\u6ede\ud83e\udd2a\n|-damage|p2a: \u773c\u795e\u5446\u6ede\ud83e\udd2a|46/100\n|move|p1a: Tyranitar|Rock Slide|p2a: \u773c\u795e\u5446\u6ede\ud83e\udd2a|[spread] p2a\n|-miss|p1a: Tyranitar|p2b: \u68d5\u8272\u5c0f\u6590\u6d4e\u5317\ud83d\ude0b\n|-damage|p2a: \u773c\u795e\u5446\u6ede\ud83e\udd2a|36/100\n|cant|p2a: \u773c\u795e\u5446\u6ede\ud83e\udd2a|flinch\n|\n|-weather|Sandstorm|[upkeep]\n|-damage|p2b: \u68d5\u8272\u5c0f\u6590\u6d4e\u5317\ud83d\ude0b|82/100|[from] Sandstorm\n|-damage|p2a: \u773c\u795e\u5446\u6ede\ud83e\udd2a|30/100|[from] Sandstorm\n|upkeep\n|turn|5\n|\n|t:|1773582210\n|switch|p1a: Tornadus|Tornadus, L50, M, tera:Dark|13/100\n|move|p2a: \u773c\u795e\u5446\u6ede\ud83e\udd2a|Protect|p2a: \u773c\u795e\u5446\u6ede\ud83e\udd2a\n|-singleturn|p2a: \u773c\u795e\u5446\u6ede\ud83e\udd2a|Protect\n|move|p1b: Landorus|Earth Power|p2a: \u773c\u795e\u5446\u6ede\ud83e\udd2a\n|-activate|p2a: \u773c\u795e\u5446\u6ede\ud83e\udd2a|move: Protect\n|\n|-weather|none\n|-sideend|p1: Lacossg|move: Tailwind\n|upkeep\n|turn|6\n|\n|t:|1773582221\n|move|p1a: Tornadus|Tailwind|p1a: Tornadus\n|-sidestart|p1: Lacossg|move: Tailwind\n|move|p1b: Landorus|Earth Power|p2a: \u773c\u795e\u5446\u6ede\ud83e\udd2a\n|-damage|p2a: \u773c\u795e\u5446\u6ede\ud83e\udd2a|2/100\n|move|p2a: \u773c\u795e\u5446\u6ede\ud83e\udd2a|Order Up|p1b: Landorus\n|-damage|p1b: Landorus|54/100\n|-boost|p2a: \u773c\u795e\u5446\u6ede\ud83e\udd2a|atk|1\n|\n|upkeep\n|turn|7\n|\n|t:|1773582231\n|move|p2a: \u773c\u795e\u5446\u6ede\ud83e\udd2a|Protect|p2a: \u773c\u795e\u5446\u6ede\ud83e\udd2a\n|-singleturn|p2a: \u773c\u795e\u5446\u6ede\ud83e\udd2a|Protect\n|move|p1a: Tornadus|Dark Pulse|p2a: \u773c\u795e\u5446\u6ede\ud83e\udd2a\n|-activate|p2a: \u773c\u795e\u5446\u6ede\ud83e\udd2a|move: Protect\n|move|p1b: Landorus|Earth Power|p2a: \u773c\u795e\u5446\u6ede\ud83e\udd2a\n|-activate|p2a: \u773c\u795e\u5446\u6ede\ud83e\udd2a|move: Protect\n|\n|upkeep\n|turn|8\n|\n|t:|1773582236\n|move|p1a: Tornadus|Dark Pulse|p2a: \u773c\u795e\u5446\u6ede\ud83e\udd2a\n|-damage|p2a: \u773c\u795e\u5446\u6ede\ud83e\udd2a|0 fnt\n|faint|p2a: \u773c\u795e\u5446\u6ede\ud83e\udd2a\n|move|p1b: Landorus|Earth Power|p2b: \u68d5\u8272\u5c0f\u6590\u6d4e\u5317\ud83d\ude0b\n|-damage|p2b: \u68d5\u8272\u5c0f\u6590\u6d4e\u5317\ud83d\ude0b|0 fnt\n|faint|p2b: \u68d5\u8272\u5c0f\u6590\u6d4e\u5317\ud83d\ude0b\n|\n|upkeep\n|\n|t:|1773582239\n|switch|p2b: \u6211\u5927\u54e5|Smeargle, L50, M|94/100\n|switch|p2a: \u8bf6\u4f60\u600e\u4e48\u6b7b\u4e86?\u267f\u267f\u267f|Calyrex-Shadow, L50, tera:Ghost|12/100\n|-ability|p2a: \u8bf6\u4f60\u600e\u4e48\u6b7b\u4e86?\u267f\u267f\u267f|As One\n|-ability|p2a: \u8bf6\u4f60\u600e\u4e48\u6b7b\u4e86?\u267f\u267f\u267f|Unnerve\n|turn|9\n|\n|t:|1773582261\n|move|p2b: \u6211\u5927\u54e5|Follow Me|p2b: \u6211\u5927\u54e5\n|-singleturn|p2b: \u6211\u5927\u54e5|move: Follow Me\n|move|p1a: Tornadus|Bleakwind Storm|p2a: \u8bf6\u4f60\u600e\u4e48\u6b7b\u4e86?\u267f\u267f\u267f|[spread] p2a,p2b\n|-damage|p2a: \u8bf6\u4f60\u600e\u4e48\u6b7b\u4e86?\u267f\u267f\u267f|0 fnt\n|-damage|p2b: \u6211\u5927\u54e5|0 fnt\n|faint|p2a: \u8bf6\u4f60\u600e\u4e48\u6b7b\u4e86?\u267f\u267f\u267f\n|faint|p2b: \u6211\u5927\u54e5\n|\n|win|Lacossg\n|raw|Lacossg's rating: 1508 &rarr; <strong>1525</strong><br />(+17 for winning)\n|raw|BanKingambit69247's rating: 1456 &rarr; <strong>1439</strong><br />(-17 for losing)\n|l|\u2606BanKingambit69247\n|player|p2|\n|l|\u2606Lacossg\n|player|p1|\n","uploadtime":1773582496,"views":14,"formatid":"gen9vgc2026regi","rating":1439,"private":0,"password":null}