{"id":"gen9vgc2026regi-2544192762","format":"[Gen 9] VGC 2026 Reg I","players":["dukeker2","Bef6"],"log":"|j|\u203ddukeker2\n|j|\u2606Bef6\n|t:|1771675497\n|gametype|doubles\n|player|p1|dukeker2|psychicf-gen4|1402\n|player|p2|Bef6|265|1550\n|gen|9\n|tier|[Gen 9] VGC 2026 Reg I\n|rated|\n|rule|Species Clause: Limit one of each Pok\u00e9mon\n|rule|Item Clause: Limit 1 of each item\n|clearpoke\n|poke|p1|Muk-Alola, L50, F|\n|poke|p1|Smeargle, L50, F|\n|poke|p1|Calyrex-Shadow, L50|\n|poke|p1|Flamigo, L50, F|\n|poke|p1|Miraidon, L50|\n|poke|p1|Volcarona, L50, F|\n|poke|p2|Ho-Oh, L50|\n|poke|p2|Koraidon, L50|\n|poke|p2|Flutter Mane, L50|\n|poke|p2|Incineroar, L50, M|\n|poke|p2|Raging Bolt, L50|\n|poke|p2|Rhydon, L50, F|\n|teampreview|4\n|\n|t:|1771675517\n|teamsize|p1|4\n|teamsize|p2|4\n|start\n|switch|p1a: Smeargle|Smeargle, L50, F|100/100\n|switch|p1b: Muk|Muk-Alola, L50, F|100/100\n|switch|p2a: Flutter Mane|Flutter Mane, L50|100/100\n|switch|p2b: Incineroar|Incineroar, L50, M|100/100\n|-ability|p2b: Incineroar|Intimidate|boost\n|-unboost|p1a: Smeargle|atk|1\n|-unboost|p1b: Muk|atk|1\n|turn|1\n|\n|t:|1771675537\n|-terastallize|p1a: Smeargle|Ghost\n|move|p2b: Incineroar|Fake Out|p1b: Muk\n|-damage|p1b: Muk|92/100\n|move|p2a: Flutter Mane|Moonblast|p1a: Smeargle\n|-enditem|p1a: Smeargle|Focus Sash\n|-damage|p1a: Smeargle|1/100\n|-unboost|p1a: Smeargle|spa|1\n|move|p1a: Smeargle|Spore|p2a: Flutter Mane\n|-status|p2a: Flutter Mane|slp|[from] move: Spore\n|cant|p1b: Muk|flinch\n|\n|-heal|p1b: Muk|99/100|[from] item: Leftovers\n|-ability|p1a: Smeargle|Moody|boost\n|-boost|p1a: Smeargle|spa|2\n|-unboost|p1a: Smeargle|def|1\n|upkeep\n|turn|2\n|\n|t:|1771675551\n|cant|p2a: Flutter Mane|slp\n|move|p1a: Smeargle|Spore|p2b: Incineroar\n|-activate|p2b: Incineroar|item: Safety Goggles|Spore\n|move|p2b: Incineroar|Knock Off|p1b: Muk\n|-resisted|p1b: Muk\n|-damage|p1b: Muk|86/100\n|-enditem|p1b: Muk|Leftovers|[from] move: Knock Off|[of] p2b: Incineroar\n|move|p1b: Muk|Minimize|p1b: Muk\n|-boost|p1b: Muk|evasion|2\n|\n|-ability|p1a: Smeargle|Moody|boost\n|-boost|p1a: Smeargle|spd|2\n|-unboost|p1a: Smeargle|spa|1\n|upkeep\n|turn|3\n|\n|t:|1771675561\n|cant|p2a: Flutter Mane|slp\n|move|p1a: Smeargle|Salt Cure|p2b: Incineroar\n|-supereffective|p2b: Incineroar\n|-damage|p2b: Incineroar|97/100\n|-start|p2b: Incineroar|Salt Cure\n|move|p2b: Incineroar|Flare Blitz|p1b: Muk|[miss]\n|-miss|p2b: Incineroar|p1b: Muk\n|move|p1b: Muk|Minimize|p1b: Muk\n|-boost|p1b: Muk|evasion|2\n|\n|-damage|p2b: Incineroar|84/100|[from] Salt Cure\n|-ability|p1a: Smeargle|Moody|boost\n|-boost|p1a: Smeargle|spd|2\n|-unboost|p1a: Smeargle|atk|1\n|upkeep\n|turn|4\n|\n|t:|1771675575\n|cant|p2a: Flutter Mane|slp\n|move|p1a: Smeargle|Salt Cure|p2a: Flutter Mane\n|-damage|p2a: Flutter Mane|96/100 slp\n|-start|p2a: Flutter Mane|Salt Cure\n|move|p2b: Incineroar|Flare Blitz|p1b: Muk|[miss]\n|-miss|p2b: Incineroar|p1b: Muk\n|move|p1b: Muk|Minimize|p1b: Muk\n|-boost|p1b: Muk|evasion|2\n|\n|-damage|p2a: Flutter Mane|84/100 slp|[from] Salt Cure\n|-damage|p2b: Incineroar|72/100|[from] Salt Cure\n|-ability|p1a: Smeargle|Moody|boost\n|-boost|p1a: Smeargle|atk|2\n|-unboost|p1a: Smeargle|spa|1\n|upkeep\n|turn|5\n|\n|t:|1771675587\n|switch|p2b: Koraidon|Koraidon, L50|100/100\n|-weather|SunnyDay|[from] ability: Orichalcum Pulse|[of] p2b: Koraidon\n|-activate|p2a: Flutter Mane|ability: Protosynthesis\n|-start|p2a: Flutter Mane|protosynthesisspe\n|-activate|p2b: Koraidon|Orichalcum Pulse|[source]\n|move|p1a: Smeargle|Follow Me|p1a: Smeargle\n|-singleturn|p1a: Smeargle|move: Follow Me\n|-curestatus|p2a: Flutter Mane|slp|[msg]\n|move|p2a: Flutter Mane|Icy Wind|p1b: Muk|[spread] p1a\n|-miss|p2a: Flutter Mane|p1b: Muk\n|-damage|p1a: Smeargle|0 fnt\n|faint|p1a: Smeargle\n|-ability|p1b: Muk|Moody|Power of Alchemy|[from] ability: Power of Alchemy|[of] p1a: Smeargle\n|move|p1b: Muk|Poison Gas|p2a: Flutter Mane|[spread] p2a,p2b\n|-status|p2a: Flutter Mane|psn\n|-status|p2b: Koraidon|psn\n|\n|-weather|SunnyDay|[upkeep]\n|-damage|p2a: Flutter Mane|71/100 psn|[from] psn\n|-damage|p2b: Koraidon|88/100 psn|[from] psn\n|-damage|p2a: Flutter Mane|59/100 psn|[from] Salt Cure\n|-ability|p1b: Muk|Moody|boost\n|-boost|p1b: Muk|def|2\n|-unboost|p1b: Muk|spa|1\n|upkeep\n|\n|t:|1771675603\n|switch|p1a: Flamigo|Flamigo, L50, F|100/100\n|-copyboost|p1a: Flamigo|p1b: Muk|[from] ability: Costar\n|-enditem|p1a: Flamigo|White Herb\n|-clearnegativeboost|p1a: Flamigo|[silent]\n|turn|6\n|-message|Bef6 forfeited.\n|\n|win|dukeker2\n|raw|dukeker2's rating: 1402 &rarr; <strong>1430</strong><br />(+28 for winning)\n|raw|Bef6's rating: 1550 &rarr; <strong>1522</strong><br />(-28 for losing)\n|l|\u2606Bef6\n|player|p2|\n|l|\u203ddukeker2\n|player|p1|\n","uploadtime":1771675791,"views":17,"formatid":"gen9vgc2026regi","rating":1430,"private":0,"password":null}