{"id":"gen9vgc2026regi-2513859490","format":"[Gen 9] VGC 2026 Reg I","players":["sarahenright","dasabe\u76d6\u6b27\u5361\u4fa0"],"log":"|j|\u2606sarahenright\n|j|\u2606dasabe\u76d6\u6b27\u5361\u4fa0\n|t:|1767793494\n|gametype|doubles\n|player|p1|sarahenright|2|1322\n|player|p2|dasabe\u76d6\u6b27\u5361\u4fa0|may-masters4|1339\n|gen|9\n|tier|[Gen 9] VGC 2026 Reg I\n|rated|\n|rule|Species Clause: Limit one of each Pok\u00e9mon\n|rule|Item Clause: Limit 1 of each item\n|clearpoke\n|poke|p1|Thundurus, L50, M|\n|poke|p1|Rillaboom, L50, M|\n|poke|p1|Kyogre, L50|\n|poke|p1|Calyrex-Ice, L50|\n|poke|p1|Farigiraf, L50, F|\n|poke|p1|Amoonguss, L50, M|\n|poke|p2|Calyrex-Shadow, L50|\n|poke|p2|Koraidon, L50|\n|poke|p2|Chi-Yu, L50|\n|poke|p2|Tornadus, L50, M|\n|poke|p2|Indeedee-F, L50, F|\n|poke|p2|Smeargle, L50, F|\n|teampreview|4\n|inactive|Battle timer is ON: inactive players will automatically lose when time's up. (requested by sarahenright)\n|\n|t:|1767793508\n|teamsize|p1|4\n|teamsize|p2|4\n|start\n|switch|p1a: Calyrex|Calyrex-Ice, L50|100/100\n|switch|p1b: Farigiraf|Farigiraf, L50, F|100/100\n|switch|p2a: \u9a6c\u6b7b\u4e86|Calyrex-Shadow, L50|100/100\n|switch|p2b: \u5c0f\u7b14\u7ea2\u80bf|Smeargle, L50, F, shiny|100/100\n|-ability|p2a: \u9a6c\u6b7b\u4e86|As One\n|-ability|p2a: \u9a6c\u6b7b\u4e86|Unnerve\n|-ability|p1a: Calyrex|As One\n|-ability|p1a: Calyrex|Unnerve\n|turn|1\n|\n|t:|1767793518\n|switch|p1b: Kyogre|Kyogre, L50|100/100\n|-weather|RainDance|[from] ability: Drizzle|[of] p1b: Kyogre\n|-terastallize|p1a: Calyrex|Grass\n|move|p2a: \u9a6c\u6b7b\u4e86|Pollen Puff|p1b: Kyogre\n|-damage|p1b: Kyogre|72/100\n|move|p2b: \u5c0f\u7b14\u7ea2\u80bf|Spore|p1a: Calyrex\n|-immune|p1a: Calyrex\n|move|p1a: Calyrex|Trick Room|p1a: Calyrex\n|-fieldstart|move: Trick Room|[of] p1a: Calyrex\n|\n|-weather|RainDance|[upkeep]\n|-ability|p2b: \u5c0f\u7b14\u7ea2\u80bf|Moody|boost\n|-boost|p2b: \u5c0f\u7b14\u7ea2\u80bf|spe|2\n|-unboost|p2b: \u5c0f\u7b14\u7ea2\u80bf|atk|1\n|upkeep\n|turn|2\n|\n|t:|1767793538\n|move|p2b: \u5c0f\u7b14\u7ea2\u80bf|Wide Guard|p2b: \u5c0f\u7b14\u7ea2\u80bf\n|-singleturn|p2b: \u5c0f\u7b14\u7ea2\u80bf|Wide Guard\n|move|p1a: Calyrex|Leech Seed|p2b: \u5c0f\u7b14\u7ea2\u80bf\n|-start|p2b: \u5c0f\u7b14\u7ea2\u80bf|move: Leech Seed\n|move|p1b: Kyogre|Hydro Pump|p2a: \u9a6c\u6b7b\u4e86\n|-damage|p2a: \u9a6c\u6b7b\u4e86|3/100\n|move|p2a: \u9a6c\u6b7b\u4e86|Pollen Puff|p1a: Calyrex\n|-supereffective|p1a: Calyrex\n|-damage|p1a: Calyrex|42/100\n|\n|-weather|RainDance|[upkeep]\n|-heal|p1a: Calyrex|47/100|[from] item: Leftovers\n|-damage|p2b: \u5c0f\u7b14\u7ea2\u80bf|88/100|[from] Leech Seed|[of] p1a: Calyrex\n|-heal|p1a: Calyrex|57/100|[silent]\n|-ability|p2b: \u5c0f\u7b14\u7ea2\u80bf|Moody|boost\n|-boost|p2b: \u5c0f\u7b14\u7ea2\u80bf|def|2\n|-unboost|p2b: \u5c0f\u7b14\u7ea2\u80bf|spa|1\n|upkeep\n|turn|3\n|\n|t:|1767793556\n|switch|p1b: Farigiraf|Farigiraf, L50, F|100/100\n|move|p2b: \u5c0f\u7b14\u7ea2\u80bf|Wide Guard|p2b: \u5c0f\u7b14\u7ea2\u80bf\n|-singleturn|p2b: \u5c0f\u7b14\u7ea2\u80bf|Wide Guard\n|move|p1a: Calyrex|Leech Seed|p2a: \u9a6c\u6b7b\u4e86\n|-start|p2a: \u9a6c\u6b7b\u4e86|move: Leech Seed\n|move|p2a: \u9a6c\u6b7b\u4e86|Pollen Puff|p1a: Calyrex\n|-supereffective|p1a: Calyrex\n|-damage|p1a: Calyrex|0 fnt\n|faint|p1a: Calyrex\n|-ability|p2a: \u9a6c\u6b7b\u4e86|Grim Neigh|boost\n|-boost|p2a: \u9a6c\u6b7b\u4e86|spa|1\n|\n|-weather|RainDance|[upkeep]\n|-ability|p2b: \u5c0f\u7b14\u7ea2\u80bf|Moody|boost\n|-boost|p2b: \u5c0f\u7b14\u7ea2\u80bf|atk|2\n|-unboost|p2b: \u5c0f\u7b14\u7ea2\u80bf|spa|1\n|upkeep\n|\n|t:|1767793571\n|switch|p1a: Kyogre|Kyogre, L50|72/100\n|turn|4\n|\n|t:|1767793580\n|switch|p2a: \u4f60\u6731\u5417|Koraidon, L50, shiny|100/100\n|-weather|SunnyDay|[from] ability: Orichalcum Pulse|[of] p2a: \u4f60\u6731\u5417\n|-activate|p2a: \u4f60\u6731\u5417|Orichalcum Pulse|[source]\n|move|p1b: Farigiraf|Psychic|p2a: \u4f60\u6731\u5417\n|-supereffective|p2a: \u4f60\u6731\u5417\n|-damage|p2a: \u4f60\u6731\u5417|29/100\n|move|p1a: Kyogre|Hydro Pump|p2b: \u5c0f\u7b14\u7ea2\u80bf\n|-damage|p2b: \u5c0f\u7b14\u7ea2\u80bf|17/100\n|move|p2b: \u5c0f\u7b14\u7ea2\u80bf|Spore|p1b: Farigiraf\n|-status|p1b: Farigiraf|slp|[from] move: Spore\n|\n|-weather|SunnyDay|[upkeep]\n|-damage|p2b: \u5c0f\u7b14\u7ea2\u80bf|5/100|[from] Leech Seed|[of] p1a: Kyogre\n|-heal|p1a: Kyogre|82/100|[silent]\n|-ability|p2b: \u5c0f\u7b14\u7ea2\u80bf|Moody|boost\n|-boost|p2b: \u5c0f\u7b14\u7ea2\u80bf|def|2\n|-unboost|p2b: \u5c0f\u7b14\u7ea2\u80bf|spa|1\n|upkeep\n|turn|5\n|\n|t:|1767793588\n|switch|p1a: Rillaboom|Rillaboom, L50, M|100/100\n|-fieldstart|move: Grassy Terrain|[from] ability: Grassy Surge|[of] p1a: Rillaboom\n|move|p2b: \u5c0f\u7b14\u7ea2\u80bf|Follow Me|p2b: \u5c0f\u7b14\u7ea2\u80bf\n|-singleturn|p2b: \u5c0f\u7b14\u7ea2\u80bf|move: Follow Me\n|cant|p1b: Farigiraf|slp\n|move|p2a: \u4f60\u6731\u5417|Close Combat|p1a: Rillaboom\n|-damage|p1a: Rillaboom|0 fnt\n|-unboost|p2a: \u4f60\u6731\u5417|def|1\n|-unboost|p2a: \u4f60\u6731\u5417|spd|1\n|faint|p1a: Rillaboom\n|-damage|p2a: \u4f60\u6731\u5417|19/100|[from] item: Life Orb\n|\n|-weather|SunnyDay|[upkeep]\n|-heal|p2a: \u4f60\u6731\u5417|25/100|[from] Grassy Terrain\n|-heal|p2b: \u5c0f\u7b14\u7ea2\u80bf|11/100|[from] Grassy Terrain\n|-fieldend|move: Trick Room\n|-ability|p2b: \u5c0f\u7b14\u7ea2\u80bf|Moody|boost\n|-boost|p2b: \u5c0f\u7b14\u7ea2\u80bf|spd|2\n|-unboost|p2b: \u5c0f\u7b14\u7ea2\u80bf|def|1\n|upkeep\n|\n|t:|1767793597\n|switch|p1a: Kyogre|Kyogre, L50|82/100\n|-weather|RainDance|[from] ability: Drizzle|[of] p1a: Kyogre\n|turn|6\n|\n|t:|1767793606\n|move|p2b: \u5c0f\u7b14\u7ea2\u80bf|Spore|p1a: Kyogre\n|-status|p1a: Kyogre|slp|[from] move: Spore\n|move|p2a: \u4f60\u6731\u5417|Close Combat|p1a: Kyogre\n|-damage|p1a: Kyogre|17/100 slp\n|-unboost|p2a: \u4f60\u6731\u5417|def|1\n|-unboost|p2a: \u4f60\u6731\u5417|spd|1\n|-damage|p2a: \u4f60\u6731\u5417|16/100|[from] item: Life Orb\n|cant|p1a: Kyogre|slp\n|cant|p1b: Farigiraf|slp\n|\n|-weather|RainDance|[upkeep]\n|-heal|p2b: \u5c0f\u7b14\u7ea2\u80bf|17/100|[from] Grassy Terrain\n|-heal|p2a: \u4f60\u6731\u5417|22/100|[from] Grassy Terrain\n|-heal|p1a: Kyogre|23/100 slp|[from] Grassy Terrain\n|-damage|p2b: \u5c0f\u7b14\u7ea2\u80bf|5/100|[from] Leech Seed|[of] p1a: Kyogre\n|-heal|p1a: Kyogre|34/100 slp|[silent]\n|-ability|p2b: \u5c0f\u7b14\u7ea2\u80bf|Moody|boost\n|-boost|p2b: \u5c0f\u7b14\u7ea2\u80bf|atk|2\n|-unboost|p2b: \u5c0f\u7b14\u7ea2\u80bf|spd|1\n|upkeep\n|turn|7\n|\n|t:|1767793613\n|switch|p2b: \u9a6c\u6b7b\u4e86|Calyrex-Shadow, L50|3/100\n|-ability|p2b: \u9a6c\u6b7b\u4e86|As One\n|-ability|p2b: \u9a6c\u6b7b\u4e86|Unnerve\n|move|p2a: \u4f60\u6731\u5417|Close Combat|p1a: Kyogre\n|-damage|p1a: Kyogre|0 fnt\n|-unboost|p2a: \u4f60\u6731\u5417|def|1\n|-unboost|p2a: \u4f60\u6731\u5417|spd|1\n|faint|p1a: Kyogre\n|-damage|p2a: \u4f60\u6731\u5417|12/100|[from] item: Life Orb\n|-curestatus|p1b: Farigiraf|slp|[msg]\n|move|p1b: Farigiraf|Trick Room|p1b: Farigiraf\n|-fieldstart|move: Trick Room|[of] p1b: Farigiraf\n|\n|-weather|RainDance|[upkeep]\n|-heal|p2a: \u4f60\u6731\u5417|19/100|[from] Grassy Terrain\n|-heal|p2b: \u9a6c\u6b7b\u4e86|8/100|[from] Grassy Terrain\n|upkeep\n|turn|8\n|\n|t:|1767793620\n|switch|p2a: \u4f8d\u7684\u6211\u7231\u5bfc\u7ba1|Indeedee-F, L50, F, shiny|100/100\n|-fieldstart|move: Psychic Terrain|[from] ability: Psychic Surge|[of] p2a: \u4f8d\u7684\u6211\u7231\u5bfc\u7ba1\n|-enditem|p2a: \u4f8d\u7684\u6211\u7231\u5bfc\u7ba1|Psychic Seed\n|-boost|p2a: \u4f8d\u7684\u6211\u7231\u5bfc\u7ba1|spd|1|[from] item: Psychic Seed\n|move|p1b: Farigiraf|Psychic|p2b: \u9a6c\u6b7b\u4e86\n|-resisted|p2b: \u9a6c\u6b7b\u4e86\n|-damage|p2b: \u9a6c\u6b7b\u4e86|0 fnt\n|faint|p2b: \u9a6c\u6b7b\u4e86\n|\n|-weather|RainDance|[upkeep]\n|upkeep\n|\n|t:|1767793623\n|switch|p2b: \u5c0f\u7b14\u7ea2\u80bf|Smeargle, L50, F, shiny|5/100\n|turn|9\n|\n|t:|1767793626\n|move|p1b: Farigiraf|Psychic|p2b: \u5c0f\u7b14\u7ea2\u80bf\n|-damage|p2b: \u5c0f\u7b14\u7ea2\u80bf|0 fnt\n|faint|p2b: \u5c0f\u7b14\u7ea2\u80bf\n|move|p2a: \u4f8d\u7684\u6211\u7231\u5bfc\u7ba1|Trick Room|p2a: \u4f8d\u7684\u6211\u7231\u5bfc\u7ba1\n|-fieldend|move: Trick Room\n|\n|-weather|RainDance|[upkeep]\n|upkeep\n|\n|t:|1767793628\n|switch|p2b: \u4f60\u6731\u5417|Koraidon, L50, shiny|19/100\n|-weather|SunnyDay|[from] ability: Orichalcum Pulse|[of] p2b: \u4f60\u6731\u5417\n|-activate|p2b: \u4f60\u6731\u5417|Orichalcum Pulse|[source]\n|turn|10\n|\n|t:|1767793632\n|move|p2a: \u4f8d\u7684\u6211\u7231\u5bfc\u7ba1|Helping Hand|p2b: \u4f60\u6731\u5417\n|-singleturn|p2b: \u4f60\u6731\u5417|Helping Hand|[of] p2a: \u4f8d\u7684\u6211\u7231\u5bfc\u7ba1\n|move|p2b: \u4f60\u6731\u5417|Close Combat|p1b: Farigiraf\n|-damage|p1b: Farigiraf|0 fnt\n|-unboost|p2b: \u4f60\u6731\u5417|def|1\n|-unboost|p2b: \u4f60\u6731\u5417|spd|1\n|faint|p1b: Farigiraf\n|-damage|p2b: \u4f60\u6731\u5417|9/100|[from] item: Life Orb\n|\n|win|dasabe\u76d6\u6b27\u5361\u4fa0\n|raw|sarahenright's rating: 1322 &rarr; <strong>1303</strong><br />(-19 for losing)\n|raw|dasabe\u76d6\u6b27\u5361\u4fa0's rating: 1339 &rarr; <strong>1358</strong><br />(+19 for winning)\n|l|\u2606sarahenright\n|player|p1|\n|l|\u2606dasabe\u76d6\u6b27\u5361\u4fa0\n|player|p2|\n","uploadtime":1767793644,"views":14,"formatid":"gen9vgc2026regi","rating":1303,"private":0,"password":null}