{"id":"gen9vgc2026regi-2566944026","format":"[Gen 9] VGC 2026 Reg I","players":["Jonen","Azuael"],"log":"|j|\u2606Jonen\n|j|\u2606Azuael\n|t:|1774433126\n|gametype|doubles\n|player|p1|Jonen|medium|1559\n|player|p2|Azuael|101|1428\n|gen|9\n|tier|[Gen 9] VGC 2026 Reg I\n|rated|\n|rule|Species Clause: Limit one of each Pok\u00e9mon\n|rule|Item Clause: Limit 1 of each item\n|clearpoke\n|poke|p1|Groudon, L50|\n|poke|p1|Lunala, L50|\n|poke|p1|Sableye, L50, M|\n|poke|p1|Chi-Yu, L50|\n|poke|p1|Rillaboom, L50, F|\n|poke|p1|Jumpluff, L50, M|\n|poke|p2|Zacian-*, L50|\n|poke|p2|Kyogre, L50|\n|poke|p2|Pikachu, L50, M|\n|poke|p2|Moltres-Galar, L50|\n|poke|p2|Amoonguss, L50, M|\n|poke|p2|Grimmsnarl, L50, M|\n|teampreview|4\n|\n|t:|1774433158\n|teamsize|p1|4\n|teamsize|p2|4\n|start\n|switch|p1a: Groudon|Groudon, L50|100/100\n|switch|p1b: Sableye|Sableye, L50, M|100/100\n|switch|p2a: Moltres|Moltres-Galar, L50|100/100\n|switch|p2b: Grimmsnarl|Grimmsnarl, L50, M|100/100\n|-weather|SunnyDay|[from] ability: Drought|[of] p1a: Groudon\n|turn|1\n|\n|t:|1774433180\n|move|p2b: Grimmsnarl|Fake Out|p1a: Groudon\n|-damage|p1a: Groudon|93/100\n|move|p1b: Sableye|Gravity|p1b: Sableye\n|-fieldstart|move: Gravity\n|cant|p1a: Groudon|flinch\n|move|p2a: Moltres|Tailwind|p2a: Moltres\n|-sidestart|p2: Azuael|move: Tailwind\n|\n|-weather|SunnyDay|[upkeep]\n|upkeep\n|turn|2\n|\n|t:|1774433202\n|switch|p2b: Kyogre|Kyogre, L50|100/100\n|-weather|RainDance|[from] ability: Drizzle|[of] p2b: Kyogre\n|switch|p1b: Rillaboom|Rillaboom, L50, F|100/100\n|-fieldstart|move: Grassy Terrain|[from] ability: Grassy Surge|[of] p1b: Rillaboom\n|-terastallize|p1a: Groudon|Fire\n|move|p2a: Moltres|Hurricane|p1a: Groudon\n|-damage|p1a: Groudon|43/100\n|move|p1a: Groudon|Heat Crash|p2a: Moltres\n|-damage|p2a: Moltres|53/100\n|-damage|p1a: Groudon|33/100|[from] item: Life Orb\n|\n|-weather|RainDance|[upkeep]\n|-heal|p2a: Moltres|59/100|[from] Grassy Terrain\n|-heal|p1a: Groudon|39/100|[from] Grassy Terrain\n|upkeep\n|turn|3\n|\n|t:|1774433232\n|switch|p2b: Zacian|Zacian-Crowned, L50|100/100\n|-ability|p2b: Zacian|Intrepid Sword|boost\n|-boost|p2b: Zacian|atk|1\n|move|p1a: Groudon|Protect|p1a: Groudon\n|-singleturn|p1a: Groudon|Protect\n|move|p2a: Moltres|Hurricane|p1b: Rillaboom\n|-supereffective|p1b: Rillaboom\n|-damage|p1b: Rillaboom|43/100\n|move|p1b: Rillaboom|Wood Hammer|p2b: Zacian\n|-resisted|p2b: Zacian\n|-damage|p2b: Zacian|70/100\n|-damage|p1b: Rillaboom|34/100|[from] Recoil\n|\n|-weather|RainDance|[upkeep]\n|-heal|p2b: Zacian|75/100|[from] Grassy Terrain\n|-heal|p2a: Moltres|65/100|[from] Grassy Terrain\n|-heal|p1a: Groudon|45/100|[from] Grassy Terrain\n|-heal|p1b: Rillaboom|40/100|[from] Grassy Terrain\n|upkeep\n|turn|4\n|\n|t:|1774433258\n|switch|p1a: Lunala|Lunala, L50|100/100\n|switch|p1b: Sableye|Sableye, L50, M|100/100\n|move|p2b: Zacian|Behemoth Blade|p1a: Lunala\n|-damage|p1a: Lunala|59/100\n|move|p2a: Moltres|Hurricane|p1a: Lunala\n|-damage|p1a: Lunala|21/100\n|-start|p1a: Lunala|confusion\n|\n|-weather|RainDance|[upkeep]\n|-heal|p2b: Zacian|81/100|[from] Grassy Terrain\n|-heal|p2a: Moltres|71/100|[from] Grassy Terrain\n|-heal|p1a: Lunala|27/100|[from] Grassy Terrain\n|-sideend|p2: Azuael|move: Tailwind\n|upkeep\n|turn|5\n|\n|t:|1774433283\n|switch|p2b: Grimmsnarl|Grimmsnarl, L50, M|100/100\n|move|p1b: Sableye|Quash|p2b: Grimmsnarl\n|-hint|Since gen 7, Dark is immune to Prankster moves.\n|-immune|p2b: Grimmsnarl\n|-activate|p1a: Lunala|confusion\n|-damage|p1a: Lunala|20/100|[from] confusion\n|move|p2a: Moltres|Fiery Wrath|p1b: Sableye|[spread] p1a,p1b\n|-supereffective|p1a: Lunala\n|-damage|p1a: Lunala|0 fnt\n|-damage|p1b: Sableye|48/100\n|faint|p1a: Lunala\n|\n|-weather|RainDance|[upkeep]\n|-heal|p2a: Moltres|77/100|[from] Grassy Terrain\n|-heal|p1b: Sableye|54/100|[from] Grassy Terrain\n|-fieldend|move: Gravity\n|upkeep\n|\n|t:|1774433293\n|switch|p1a: Groudon|Groudon, L50, tera:Fire|45/100\n|-weather|SunnyDay|[from] ability: Drought|[of] p1a: Groudon\n|turn|6\n|\n|t:|1774433306\n|move|p2b: Grimmsnarl|Fake Out|p1a: Groudon\n|-damage|p1a: Groudon|38/100\n|move|p1b: Sableye|Gravity|p1b: Sableye\n|-fieldstart|move: Gravity\n|cant|p1a: Groudon|flinch\n|move|p2a: Moltres|Tailwind|p2a: Moltres\n|-sidestart|p2: Azuael|move: Tailwind\n|\n|-weather|SunnyDay|[upkeep]\n|-heal|p2a: Moltres|83/100|[from] Grassy Terrain\n|-heal|p1a: Groudon|44/100|[from] Grassy Terrain\n|-heal|p1b: Sableye|59/100|[from] Grassy Terrain\n|-fieldend|move: Grassy Terrain\n|upkeep\n|turn|7\n|\n|t:|1774433328\n|switch|p1b: Rillaboom|Rillaboom, L50, F|40/100\n|-fieldstart|move: Grassy Terrain|[from] ability: Grassy Surge|[of] p1b: Rillaboom\n|move|p2a: Moltres|Fiery Wrath|p1a: Groudon|[spread] p1a,p1b\n|-damage|p1a: Groudon|14/100\n|-damage|p1b: Rillaboom|20/100\n|move|p1a: Groudon|Precipice Blades|p2a: Moltres|[spread] p2a,p2b\n|-damage|p2a: Moltres|12/100\n|-damage|p2b: Grimmsnarl|25/100\n|-ability|p2a: Moltres|Berserk|boost\n|-boost|p2a: Moltres|spa|1\n|-damage|p1a: Groudon|4/100|[from] item: Life Orb\n|move|p2b: Grimmsnarl|Foul Play|p1a: Groudon\n|-damage|p1a: Groudon|0 fnt\n|faint|p1a: Groudon\n|\n|-weather|SunnyDay|[upkeep]\n|-heal|p2a: Moltres|18/100|[from] Grassy Terrain\n|-heal|p1b: Rillaboom|26/100|[from] Grassy Terrain\n|-heal|p2b: Grimmsnarl|31/100|[from] Grassy Terrain\n|upkeep\n|\n|t:|1774433340\n|switch|p1a: Sableye|Sableye, L50, M|59/100\n|turn|8\n|\n|t:|1774433363\n|move|p2a: Moltres|Protect|p2a: Moltres\n|-singleturn|p2a: Moltres|Protect\n|move|p1b: Rillaboom|Grassy Glide|p2a: Moltres\n|-activate|p2a: Moltres|move: Protect\n|move|p2b: Grimmsnarl|Foul Play|p1b: Rillaboom\n|-damage|p1b: Rillaboom|0 fnt\n|faint|p1b: Rillaboom\n|move|p1a: Sableye|Foul Play|p2b: Grimmsnarl\n|-resisted|p2b: Grimmsnarl\n|-damage|p2b: Grimmsnarl|24/100\n|\n|-weather|SunnyDay|[upkeep]\n|-heal|p2a: Moltres|24/100|[from] Grassy Terrain\n|-heal|p2b: Grimmsnarl|30/100|[from] Grassy Terrain\n|-heal|p1a: Sableye|65/100|[from] Grassy Terrain\n|upkeep\n|turn|9\n|-message|Jonen forfeited.\n|\n|win|Azuael\n|raw|Jonen's rating: 1559 &rarr; <strong>1532</strong><br />(-27 for losing)\n|raw|Azuael's rating: 1428 &rarr; <strong>1455</strong><br />(+27 for winning)\n|l|\u2606Jonen\n|player|p1|\n|c|\u2606Azuael|Gg\n|l|\u2606Azuael\n|player|p2|\n|j|\u2606Azuael\n|player|p2|Azuael|101|\n","uploadtime":1774433368,"views":26,"formatid":"gen9vgc2026regi","rating":1455,"private":0,"password":null}