{"id":"gen9vgc2026regi-2561952582","format":"[Gen 9] VGC 2026 Reg I","players":["ArisHazard","Realfrytki"],"log":"|j|\u2606ArisHazard\n|j|\u2606Realfrytki\n|t:|1773857623\n|gametype|doubles\n|player|p1|ArisHazard|1|1405\n|player|p2|Realfrytki|veteranf|1577\n|gen|9\n|tier|[Gen 9] VGC 2026 Reg I\n|rated|\n|rule|Species Clause: Limit one of each Pok\u00e9mon\n|rule|Item Clause: Limit 1 of each item\n|clearpoke\n|poke|p1|Calyrex-Ice, L50|\n|poke|p1|Hitmontop, L50, M|\n|poke|p1|Miraidon, L50|\n|poke|p1|Sableye, L50, F|\n|poke|p1|Ting-Lu, L50|\n|poke|p1|Iron Valiant, L50|\n|poke|p2|Terapagos, L50, M|\n|poke|p2|Grimmsnarl, L50, M|\n|poke|p2|Volcarona, L50, F|\n|poke|p2|Miraidon, L50|\n|poke|p2|Iron Hands, L50|\n|poke|p2|Amoonguss, L50, F|\n|teampreview|4\n|\n|t:|1773857638\n|teamsize|p1|4\n|teamsize|p2|4\n|start\n|switch|p1a: Calyrex|Calyrex-Ice, L50|100/100\n|switch|p1b: Hitmontop|Hitmontop, L50, M|100/100\n|switch|p2a: Miraidon|Miraidon, L50|100/100\n|switch|p2b: Iron Hands|Iron Hands, L50|100/100\n|-ability|p1a: Calyrex|As One\n|-ability|p1a: Calyrex|Unnerve\n|-fieldstart|move: Electric Terrain|[from] ability: Hadron Engine|[of] p2a: Miraidon\n|-activate|p2b: Iron Hands|ability: Quark Drive\n|-start|p2b: Iron Hands|quarkdriveatk\n|-ability|p1b: Hitmontop|Intimidate|boost\n|-unboost|p2a: Miraidon|atk|1\n|-unboost|p2b: Iron Hands|atk|1\n|turn|1\n|inactive|Battle timer is ON: inactive players will automatically lose when time's up. (requested by ArisHazard)\n|inactive|ArisHazard has 60 seconds left.\n|inactive|Realfrytki has 60 seconds left.\n|\n|t:|1773857699\n|move|p1b: Hitmontop|Fake Out|p2a: Miraidon\n|-damage|p2a: Miraidon|92/100\n|move|p2b: Iron Hands|Fake Out|p1a: Calyrex\n|-damage|p1a: Calyrex|92/100\n|cant|p2a: Miraidon|flinch\n|cant|p1a: Calyrex|flinch\n|\n|upkeep\n|turn|2\n|\n|t:|1773857711\n|move|p1a: Calyrex|Protect|p1a: Calyrex\n|-singleturn|p1a: Calyrex|Protect\n|move|p2a: Miraidon|Volt Switch|p1b: Hitmontop\n|-damage|p1b: Hitmontop|26/100\n|-damage|p2a: Miraidon|82/100|[from] item: Life Orb\n|\n|t:|1773857718\n|switch|p2a: Terapagos|Terapagos, L50, M|100/100|[from] Volt Switch\n|-activate|p2a: Terapagos|ability: Tera Shift\n|detailschange|p2a: Terapagos|Terapagos-Terastal, L50, M\n|-heal|p2a: Terapagos|100/100|[silent]\n|move|p1b: Hitmontop|Coaching|p1a: Calyrex\n|-boost|p1a: Calyrex|atk|1\n|-boost|p1a: Calyrex|def|1\n|move|p2b: Iron Hands|Low Kick|p1a: Calyrex\n|-activate|p1a: Calyrex|move: Protect\n|\n|upkeep\n|turn|3\n|\n|t:|1773857734\n|switch|p1b: Ting-Lu|Ting-Lu, L50|100/100\n|-ability|p1b: Ting-Lu|Vessel of Ruin\n|move|p2a: Terapagos|Tera Starstorm|p1a: Calyrex\n|-damage|p1a: Calyrex|47/100\n|move|p2b: Iron Hands|Low Kick|p1a: Calyrex\n|-damage|p1a: Calyrex|19/100\n|move|p1a: Calyrex|Glacial Lance|p2a: Terapagos|[spread] p2a,p2b\n|-activate|p2a: Terapagos|ability: Tera Shell\n|-resisted|p2a: Terapagos\n|-damage|p2a: Terapagos|57/100\n|-damage|p2b: Iron Hands|35/100\n|\n|upkeep\n|turn|4\n|\n|t:|1773857752\n|-terastallize|p2a: Terapagos|Stellar\n|detailschange|p2a: Terapagos|Terapagos-Stellar, L50, M, tera:Stellar\n|-heal|p2a: Terapagos|69/100|[silent]\n|-ability|p2a: Terapagos|Teraform Zero\n|-fieldend|move: Electric Terrain\n|-end|p2b: Iron Hands|Quark Drive\n|move|p1a: Calyrex|Protect|p1a: Calyrex\n|-singleturn|p1a: Calyrex|Protect\n|move|p2a: Terapagos|Tera Starstorm|p1a: Calyrex|[spread] p1b\n|-activate|p1a: Calyrex|move: Protect\n|-damage|p1b: Ting-Lu|70/100\n|move|p2b: Iron Hands|Low Kick|p1b: Ting-Lu\n|-supereffective|p1b: Ting-Lu\n|-crit|p1b: Ting-Lu\n|-damage|p1b: Ting-Lu|0 fnt\n|-damage|p2b: Iron Hands|18/100|[from] item: Rocky Helmet|[of] p1b: Ting-Lu\n|faint|p1b: Ting-Lu\n|\n|upkeep\n|inactive|ArisHazard has 30 seconds left.\n|\n|t:|1773857779\n|switch|p1b: Hitmontop|Hitmontop, L50, M|26/100\n|-ability|p1b: Hitmontop|Intimidate|boost\n|-unboost|p2a: Terapagos|atk|1\n|-unboost|p2b: Iron Hands|atk|1\n|turn|5\n|\n|t:|1773857797\n|switch|p2a: Grimmsnarl|Grimmsnarl, L50, M|100/100\n|move|p1b: Hitmontop|Fake Out|p2a: Grimmsnarl\n|-damage|p2a: Grimmsnarl|92/100\n|move|p2b: Iron Hands|Low Kick|p1a: Calyrex\n|-damage|p1a: Calyrex|2/100\n|move|p1a: Calyrex|Trick Room|p1a: Calyrex\n|-fieldstart|move: Trick Room|[of] p1a: Calyrex\n|\n|upkeep\n|turn|6\n|\n|t:|1773857814\n|move|p1a: Calyrex|Protect|p1a: Calyrex\n|-singleturn|p1a: Calyrex|Protect\n|move|p2a: Grimmsnarl|Fake Out|p1a: Calyrex\n|-activate|p1a: Calyrex|move: Protect\n|move|p2b: Iron Hands|Brick Break|p1b: Hitmontop\n|-damage|p1b: Hitmontop|4/100\n|move|p1b: Hitmontop|Coaching|p1a: Calyrex\n|-boost|p1a: Calyrex|atk|1\n|-boost|p1a: Calyrex|def|1\n|\n|upkeep\n|turn|7\n|inactive|Realfrytki has 30 seconds left.\n|\n|t:|1773857847\n|switch|p2a: Terapagos|Terapagos-Stellar, L50, M, tera:Stellar|69/100\n|move|p1a: Calyrex|Glacial Lance|p2a: Terapagos|[spread] p2a,p2b\n|-damage|p2a: Terapagos|0 fnt\n|-damage|p2b: Iron Hands|0 fnt\n|faint|p2a: Terapagos\n|detailschange|p2: Terapagos|Terapagos, L50, M|[silent]\n|faint|p2b: Iron Hands\n|-end|p2b: Iron Hands|Quark Drive|[silent]\n|-ability|p1a: Calyrex|Chilling Neigh|boost\n|-boost|p1a: Calyrex|atk|2\n|move|p1b: Hitmontop|Coaching|p1a: Calyrex\n|-boost|p1a: Calyrex|atk|1\n|-boost|p1a: Calyrex|def|1\n|\n|upkeep\n|inactive|Realfrytki has 30 seconds left.\n|\n|t:|1773857877\n|switch|p2b: Miraidon|Miraidon, L50|82/100\n|switch|p2a: Grimmsnarl|Grimmsnarl, L50, M|92/100\n|-fieldstart|move: Electric Terrain|[from] ability: Hadron Engine|[of] p2b: Miraidon\n|turn|8\n|\n|t:|1773857888\n|switch|p1b: Miraidon|Miraidon, L50|100/100\n|-activate|p1b: Miraidon|ability: Hadron Engine\n|move|p1a: Calyrex|Protect|p1a: Calyrex\n|-singleturn|p1a: Calyrex|Protect\n|move|p2a: Grimmsnarl|Fake Out|p1a: Calyrex\n|-activate|p1a: Calyrex|move: Protect\n|move|p2b: Miraidon|Electro Drift|p1b: Miraidon\n|-resisted|p1b: Miraidon\n|-crit|p1b: Miraidon\n|-damage|p1b: Miraidon|78/100\n|-damage|p2b: Miraidon|72/100|[from] item: Life Orb\n|\n|upkeep\n|turn|9\n|\n|t:|1773857905\n|move|p2b: Miraidon|Protect|p2b: Miraidon\n|-singleturn|p2b: Miraidon|Protect\n|move|p2a: Grimmsnarl|Thunder Wave|p1a: Calyrex\n|-status|p1a: Calyrex|par\n|cant|p1a: Calyrex|par\n|move|p1b: Miraidon|Snarl|p2b: Miraidon|[spread] p2a\n|-activate|p2b: Miraidon|move: Protect\n|-resisted|p2a: Grimmsnarl\n|-damage|p2a: Grimmsnarl|87/100\n|\n|-fieldend|move: Trick Room\n|upkeep\n|turn|10\n|inactive|Realfrytki has 30 seconds left.\n|inactive|Realfrytki has 20 seconds left.\n|\n|t:|1773857945\n|-terastallize|p1b: Miraidon|Electric\n|cant|p1a: Calyrex|par\n|move|p2b: Miraidon|Draco Meteor|p1b: Miraidon\n|-damage|p1b: Miraidon|14/100\n|-unboost|p2b: Miraidon|spa|2\n|-damage|p2b: Miraidon|62/100|[from] item: Life Orb\n|move|p1b: Miraidon|Draco Meteor|p2b: Miraidon\n|-supereffective|p2b: Miraidon\n|-damage|p2b: Miraidon|0 fnt\n|-unboost|p1b: Miraidon|spa|2\n|faint|p2b: Miraidon\n|move|p2a: Grimmsnarl|Foul Play|p1a: Calyrex\n|-supereffective|p1a: Calyrex\n|-damage|p1a: Calyrex|0 fnt\n|faint|p1a: Calyrex\n|\n|upkeep\n|\n|t:|1773857963\n|switch|p1a: Hitmontop|Hitmontop, L50, M|4/100\n|-ability|p1a: Hitmontop|Intimidate|boost\n|-unboost|p2a: Grimmsnarl|atk|1\n|turn|11\n|\n|t:|1773857980\n|move|p1b: Miraidon|Electro Drift|p2a: Grimmsnarl\n|-damage|p2a: Grimmsnarl|25/100\n|move|p1a: Hitmontop|Close Combat|p2a: Grimmsnarl\n|-damage|p2a: Grimmsnarl|0 fnt\n|-unboost|p1a: Hitmontop|def|1\n|-unboost|p1a: Hitmontop|spd|1\n|faint|p2a: Grimmsnarl\n|\n|win|ArisHazard\n|raw|ArisHazard's rating: 1405 &rarr; <strong>1434</strong><br />(+29 for winning)\n|raw|Realfrytki's rating: 1577 &rarr; <strong>1548</strong><br />(-29 for losing)\n|c|\u2606ArisHazard|Gg\n|l|\u2606Realfrytki\n|player|p2|\n","uploadtime":1773858154,"views":16,"formatid":"gen9vgc2026regi","rating":1434,"private":0,"password":null}