{"id":"gen9vgc2026regi-2577132067","format":"[Gen 9] VGC 2026 Reg I","players":["Sheevp","Kwiper"],"log":"|j|\u2606Sheevp\n|j|\u2606Kwiper\n|t:|1775542095\n|gametype|doubles\n|player|p1|Sheevp|169|1510\n|player|p2|Kwiper|sycamore|1636\n|gen|9\n|tier|[Gen 9] VGC 2026 Reg I\n|rated|\n|rule|Species Clause: Limit one of each Pok\u00e9mon\n|rule|Item Clause: Limit 1 of each item\n|clearpoke\n|poke|p1|Koraidon, L50|\n|poke|p1|Calyrex-Ice, L50|\n|poke|p1|Iron Treads, L50|\n|poke|p1|Volcarona, L50, M|\n|poke|p1|Brute Bonnet, L50|\n|poke|p1|Regieleki, L50|\n|poke|p2|Koraidon, L50|\n|poke|p2|Lunala, L50|\n|poke|p2|Indeedee-F, L50, F|\n|poke|p2|Flutter Mane, L50|\n|poke|p2|Volcarona, L50, M|\n|poke|p2|Ursaluna, L50, F|\n|teampreview|4\n|inactive|Battle timer is ON: inactive players will automatically lose when time's up. (requested by Kwiper)\n|inactive|Sheevp has 60 seconds left.\n|\n|t:|1775542142\n|teamsize|p1|4\n|teamsize|p2|4\n|start\n|switch|p1a: Brute Bonnet|Brute Bonnet, L50|100/100\n|switch|p1b: Koraidon|Koraidon, L50|100/100\n|switch|p2a: Lunala|Lunala, L50, shiny|100/100\n|switch|p2b: Indeedee|Indeedee-F, L50, F|100/100\n|-weather|SunnyDay|[from] ability: Orichalcum Pulse|[of] p1b: Koraidon\n|-activate|p1a: Brute Bonnet|ability: Protosynthesis\n|-start|p1a: Brute Bonnet|protosynthesisdef\n|-activate|p1b: Koraidon|Orichalcum Pulse|[source]\n|-fieldstart|move: Psychic Terrain|[from] ability: Psychic Surge|[of] p2b: Indeedee\n|turn|1\n|\n|t:|1775542153\n|-terastallize|p1b: Koraidon|Fire\n|-terastallize|p2a: Lunala|Water\n|move|p1b: Koraidon|Flare Blitz|p2b: Indeedee\n|-damage|p2b: Indeedee|0 fnt\n|faint|p2b: Indeedee\n|-damage|p1b: Koraidon|71/100|[from] Recoil\n|move|p2a: Lunala|Expanding Force|p1a: Brute Bonnet|[spread] p1b\n|-immune|p1a: Brute Bonnet\n|-damage|p1b: Koraidon|7/100\n|move|p1a: Brute Bonnet|Spore|p2a: Lunala\n|-status|p2a: Lunala|slp|[from] move: Spore\n|\n|-weather|SunnyDay|[upkeep]\n|upkeep\n|\n|t:|1775542157\n|switch|p2b: Flutter Mane|Flutter Mane, L50|100/100\n|-activate|p2b: Flutter Mane|ability: Protosynthesis\n|-start|p2b: Flutter Mane|protosynthesisspe\n|turn|2\n|\n|t:|1775542180\n|switch|p1b: Calyrex|Calyrex-Ice, L50|100/100\n|-ability|p1b: Calyrex|As One\n|-ability|p1b: Calyrex|Unnerve\n|move|p2b: Flutter Mane|Moonblast|p1a: Brute Bonnet\n|-supereffective|p1a: Brute Bonnet\n|-damage|p1a: Brute Bonnet|26/100\n|-enditem|p1a: Brute Bonnet|Sitrus Berry|[eat]\n|-heal|p1a: Brute Bonnet|51/100|[from] item: Sitrus Berry\n|cant|p2a: Lunala|slp\n|move|p1a: Brute Bonnet|Spore|p2b: Flutter Mane\n|-status|p2b: Flutter Mane|slp|[from] move: Spore\n|\n|-weather|SunnyDay|[upkeep]\n|upkeep\n|turn|3\n|\n|t:|1775542193\n|cant|p2b: Flutter Mane|slp\n|cant|p2a: Lunala|slp\n|move|p1a: Brute Bonnet|Seed Bomb|p2a: Lunala\n|-supereffective|p2a: Lunala\n|-damage|p2a: Lunala|71/100 slp\n|move|p1b: Calyrex|Leech Seed|p2a: Lunala\n|-start|p2a: Lunala|move: Leech Seed\n|\n|-weather|SunnyDay|[upkeep]\n|-damage|p2a: Lunala|59/100 slp|[from] Leech Seed|[of] p1b: Calyrex\n|upkeep\n|turn|4\n|\n|t:|1775542205\n|-curestatus|p2b: Flutter Mane|slp|[msg]\n|move|p2b: Flutter Mane|Moonblast|p1a: Brute Bonnet\n|-supereffective|p1a: Brute Bonnet\n|-damage|p1a: Brute Bonnet|0 fnt\n|faint|p1a: Brute Bonnet\n|-end|p1a: Brute Bonnet|Protosynthesis|[silent]\n|-curestatus|p2a: Lunala|slp|[msg]\n|move|p2a: Lunala|Meteor Beam||[still]\n|-prepare|p2a: Lunala|Meteor Beam\n|-boost|p2a: Lunala|spa|1\n|-enditem|p2a: Lunala|Power Herb\n|-anim|p2a: Lunala|Meteor Beam|p1b: Calyrex\n|-supereffective|p1b: Calyrex\n|-damage|p1b: Calyrex|23/100\n|move|p1b: Calyrex|Glacial Lance|p2a: Lunala|[spread] p2a,p2b\n|-resisted|p2a: Lunala\n|-crit|p2b: Flutter Mane\n|-damage|p2a: Lunala|36/100\n|-enditem|p2b: Flutter Mane|Focus Sash\n|-damage|p2b: Flutter Mane|1/100\n|\n|-weather|SunnyDay|[upkeep]\n|-heal|p1b: Calyrex|29/100|[from] item: Leftovers\n|-damage|p2a: Lunala|24/100|[from] Leech Seed|[of] p1b: Calyrex\n|-heal|p1b: Calyrex|43/100|[silent]\n|upkeep\n|\n|t:|1775542211\n|switch|p1a: Volcarona|Volcarona, L50, M|100/100\n|turn|5\n|\n|t:|1775542220\n|move|p1b: Calyrex|Protect|p1b: Calyrex\n|-singleturn|p1b: Calyrex|Protect\n|move|p2b: Flutter Mane|Icy Wind|p1b: Calyrex|[spread] p1a\n|-activate|p1b: Calyrex|move: Protect\n|-resisted|p1a: Volcarona\n|-damage|p1a: Volcarona|94/100\n|-unboost|p1a: Volcarona|spe|1\n|move|p2a: Lunala|Expanding Force|p1a: Volcarona|[spread] p1a\n|-activate|p1b: Calyrex|move: Protect\n|-damage|p1a: Volcarona|5/100\n|move|p1a: Volcarona|Bug Buzz|p2b: Flutter Mane\n|-resisted|p2b: Flutter Mane\n|-damage|p2b: Flutter Mane|0 fnt\n|faint|p2b: Flutter Mane\n|-end|p2b: Flutter Mane|Protosynthesis|[silent]\n|\n|-weather|none\n|-heal|p1b: Calyrex|49/100|[from] item: Leftovers\n|-damage|p2a: Lunala|12/100|[from] Leech Seed|[of] p1b: Calyrex\n|-heal|p1b: Calyrex|63/100|[silent]\n|-fieldend|move: Psychic Terrain\n|upkeep\n|\n|t:|1775542224\n|switch|p2b: Koraidon|Koraidon, L50, shiny|100/100\n|-weather|SunnyDay|[from] ability: Orichalcum Pulse|[of] p2b: Koraidon\n|-activate|p2b: Koraidon|Orichalcum Pulse|[source]\n|turn|6\n|inactive|Sheevp has 30 seconds left.\n|\n|t:|1775542253\n|move|p1a: Volcarona|Protect|p1a: Volcarona\n|-singleturn|p1a: Volcarona|Protect\n|move|p2b: Koraidon|Breaking Swipe|p1b: Calyrex|[spread] p1b\n|-activate|p1a: Volcarona|move: Protect\n|-damage|p1b: Calyrex|38/100\n|-unboost|p1b: Calyrex|atk|1\n|-damage|p2b: Koraidon|91/100|[from] item: Life Orb\n|move|p2a: Lunala|Moongeist Beam|p1b: Calyrex\n|-supereffective|p1b: Calyrex\n|-damage|p1b: Calyrex|0 fnt\n|faint|p1b: Calyrex\n|\n|-weather|SunnyDay|[upkeep]\n|upkeep\n|\n|t:|1775542265\n|switch|p1b: Koraidon|Koraidon, L50, tera:Fire|7/100\n|-activate|p1b: Koraidon|ability: Orichalcum Pulse\n|turn|7\n|\n|t:|1775542269\n|move|p1b: Koraidon|Protect|p1b: Koraidon\n|-singleturn|p1b: Koraidon|Protect\n|move|p1a: Volcarona|Protect|p1a: Volcarona\n|-singleturn|p1a: Volcarona|Protect\n|move|p2b: Koraidon|Breaking Swipe|p1a: Volcarona|[spread] \n|-activate|p1a: Volcarona|move: Protect\n|-activate|p1b: Koraidon|move: Protect\n|move|p2a: Lunala|Moongeist Beam|p1b: Koraidon\n|-activate|p1b: Koraidon|move: Protect\n|\n|-weather|SunnyDay|[upkeep]\n|-damage|p2a: Lunala|0 fnt|[from] Leech Seed|[of] p1b: Koraidon\n|-heal|p1b: Koraidon|20/100|[silent]\n|faint|p2a: Lunala\n|upkeep\n|turn|8\n|\n|t:|1775542287\n|move|p2b: Koraidon|Breaking Swipe|p1a: Volcarona|[spread] p1a,p1b\n|-damage|p1a: Volcarona|0 fnt\n|-damage|p1b: Koraidon|0 fnt\n|faint|p1a: Volcarona\n|faint|p1b: Koraidon\n|-damage|p2b: Koraidon|81/100|[from] item: Life Orb\n|\n|win|Kwiper\n|raw|Sheevp's rating: 1510 &rarr; <strong>1497</strong><br />(-13 for losing)\n|raw|Kwiper's rating: 1636 &rarr; <strong>1649</strong><br />(+13 for winning)\n","uploadtime":1775542288,"views":12,"formatid":"gen9vgc2026regi","rating":1497,"private":0,"password":null}