{"id":"gen9vgc2026regi-2518657002","format":"[Gen 9] VGC 2026 Reg I","players":["ScribbleScribble","Solarbloke"],"log":"|j|\u2606ScribbleScribble\n|j|\u2606Solarbloke\n|t:|1768413731\n|gametype|doubles\n|player|p1|ScribbleScribble|mina-lgpe|1369\n|player|p2|Solarbloke|colress|1376\n|gen|9\n|tier|[Gen 9] VGC 2026 Reg I\n|rated|\n|rule|Species Clause: Limit one of each Pok\u00e9mon\n|rule|Item Clause: Limit 1 of each item\n|clearpoke\n|poke|p1|Calyrex-Ice, L50|\n|poke|p1|Kyogre, L50|\n|poke|p1|Tornadus, L50, M|\n|poke|p1|Indeedee-F, L50, F|\n|poke|p1|Landorus, L50, M|\n|poke|p1|Urshifu-*, L50, F|\n|poke|p2|Calyrex-Ice, L50|\n|poke|p2|Kyogre, L50|\n|poke|p2|Basculegion, L50, M|\n|poke|p2|Smeargle, L50, F|\n|poke|p2|Maushold, L50|\n|poke|p2|Volcarona, L50, F|\n|teampreview|4\n|inactive|Battle timer is ON: inactive players will automatically lose when time's up. (requested by Solarbloke)\n|inactive|ScribbleScribble also wants the timer to be on.\n|inactive|Solarbloke has 60 seconds left.\n|\n|t:|1768413769\n|teamsize|p1|4\n|teamsize|p2|4\n|start\n|switch|p1a: Tornadus|Tornadus, L50, M|100/100\n|switch|p1b: Calyrex|Calyrex-Ice, L50|100/100\n|switch|p2a: Calyrex|Calyrex-Ice, L50|100/100\n|switch|p2b: Smeargle|Smeargle, L50, F|100/100\n|-ability|p1b: Calyrex|As One\n|-ability|p1b: Calyrex|Unnerve\n|-ability|p2a: Calyrex|As One\n|-ability|p2a: Calyrex|Unnerve\n|turn|1\n|\n|t:|1768413783\n|move|p2b: Smeargle|Fake Out|p1b: Calyrex\n|-damage|p1b: Calyrex|97/100\n|move|p1a: Tornadus|Taunt|p2b: Smeargle\n|-start|p2b: Smeargle|move: Taunt\n|cant|p1b: Calyrex|flinch\n|move|p2a: Calyrex|Glacial Lance|p1a: Tornadus|[spread] p1a,p1b\n|-supereffective|p1a: Tornadus\n|-resisted|p1b: Calyrex\n|-enditem|p1a: Tornadus|Focus Sash\n|-damage|p1a: Tornadus|1/100\n|-damage|p1b: Calyrex|78/100\n|\n|-ability|p2b: Smeargle|Moody|boost\n|-boost|p2b: Smeargle|spa|2\n|-unboost|p2b: Smeargle|atk|1\n|upkeep\n|turn|2\n|\n|t:|1768413801\n|switch|p2b: Maushold|Maushold, L50|100/100\n|-terastallize|p1b: Calyrex|Grass\n|move|p1a: Tornadus|Tailwind|p1a: Tornadus\n|-sidestart|p1: ScribbleScribble|move: Tailwind\n|move|p1b: Calyrex|Imprison|p1b: Calyrex\n|-start|p1b: Calyrex|move: Imprison\n|cant|p2a: Calyrex|move: Imprison|Glacial Lance\n|\n|upkeep\n|turn|3\n|inactive|Solarbloke has 30 seconds left.\n|\n|t:|1768413830\n|move|p1a: Tornadus|Bleakwind Storm|p2b: Maushold|[spread] p2a\n|-miss|p1a: Tornadus|p2b: Maushold\n|-damage|p2a: Calyrex|81/100\n|move|p1b: Calyrex|Glacial Lance|p2b: Maushold|[spread] p2a,p2b\n|-resisted|p2a: Calyrex\n|-damage|p2a: Calyrex|66/100\n|-damage|p2b: Maushold|20/100\n|move|p2b: Maushold|Population Bomb|p1b: Calyrex\n|-damage|p1b: Calyrex|69/100\n|-damage|p1b: Calyrex|61/100\n|-damage|p1b: Calyrex|53/100\n|-damage|p1b: Calyrex|46/100\n|-damage|p1b: Calyrex|38/100\n|-damage|p1b: Calyrex|30/100\n|-damage|p1b: Calyrex|22/100\n|-damage|p1b: Calyrex|14/100\n|-damage|p1b: Calyrex|6/100\n|-damage|p1b: Calyrex|0 fnt\n|faint|p1b: Calyrex\n|-hitcount|p1: Calyrex|10\n|move|p2a: Calyrex|Crunch|p1a: Tornadus\n|-damage|p1a: Tornadus|0 fnt\n|faint|p1a: Tornadus\n|-ability|p2a: Calyrex|Chilling Neigh|boost\n|-boost|p2a: Calyrex|atk|1\n|\n|upkeep\n|\n|t:|1768413844\n|switch|p1a: Urshifu|Urshifu-Rapid-Strike, L50, F|100/100\n|switch|p1b: Kyogre|Kyogre, L50|100/100\n|-weather|RainDance|[from] ability: Drizzle|[of] p1b: Kyogre\n|turn|4\n|\n|t:|1768413862\n|-terastallize|p2a: Calyrex|Grass\n|move|p2b: Maushold|Follow Me|p2b: Maushold\n|-singleturn|p2b: Maushold|move: Follow Me\n|move|p1b: Kyogre|Water Spout|p2b: Maushold|[spread] p2a,p2b\n|-resisted|p2a: Calyrex\n|-damage|p2a: Calyrex|40/100\n|-damage|p2b: Maushold|0 fnt\n|faint|p2b: Maushold\n|move|p1a: Urshifu|Surging Strikes|p2a: Calyrex\n|-resisted|p2a: Calyrex\n|-crit|p2a: Calyrex\n|-damage|p2a: Calyrex|24/100\n|-resisted|p2a: Calyrex\n|-crit|p2a: Calyrex\n|-damage|p2a: Calyrex|9/100\n|-resisted|p2a: Calyrex\n|-crit|p2a: Calyrex\n|-damage|p2a: Calyrex|0 fnt\n|faint|p2a: Calyrex\n|-hitcount|p2: Calyrex|3\n|\n|-weather|RainDance|[upkeep]\n|upkeep\n|\n|t:|1768413873\n|switch|p2b: Kyogre|Kyogre, L50|100/100\n|switch|p2a: Smeargle|Smeargle, L50, F|100/100\n|turn|5\n|\n|t:|1768413894\n|move|p2a: Smeargle|Fake Out|p1a: Urshifu\n|-damage|p1a: Urshifu|96/100\n|move|p1b: Kyogre|Thunder|p2b: Kyogre\n|-supereffective|p2b: Kyogre\n|-damage|p2b: Kyogre|39/100\n|cant|p1a: Urshifu|flinch\n|move|p2b: Kyogre|Thunder|p1a: Urshifu\n|-supereffective|p1a: Urshifu\n|-damage|p1a: Urshifu|0 fnt\n|faint|p1a: Urshifu\n|\n|-weather|RainDance|[upkeep]\n|-sideend|p1: ScribbleScribble|move: Tailwind\n|-ability|p2a: Smeargle|Moody|boost\n|-boost|p2a: Smeargle|spa|2\n|-unboost|p2a: Smeargle|spd|1\n|upkeep\n|turn|6\n|\n|t:|1768413910\n|move|p2a: Smeargle|Follow Me|p2a: Smeargle\n|-singleturn|p2a: Smeargle|move: Follow Me\n|move|p2b: Kyogre|Thunder|p1b: Kyogre\n|-supereffective|p1b: Kyogre\n|-damage|p1b: Kyogre|35/100\n|move|p1b: Kyogre|Water Spout|p2a: Smeargle|[spread] p2a,p2b\n|-resisted|p2b: Kyogre\n|-enditem|p2a: Smeargle|Focus Sash\n|-damage|p2a: Smeargle|1/100\n|-damage|p2b: Kyogre|24/100\n|\n|-weather|RainDance|[upkeep]\n|-ability|p2a: Smeargle|Moody|boost\n|-boost|p2a: Smeargle|spd|2\n|-unboost|p2a: Smeargle|atk|1\n|upkeep\n|turn|7\n|\n|t:|1768413929\n|move|p2a: Smeargle|Follow Me|p2a: Smeargle\n|-singleturn|p2a: Smeargle|move: Follow Me\n|move|p2b: Kyogre|Thunder|p1b: Kyogre\n|-supereffective|p1b: Kyogre\n|-damage|p1b: Kyogre|0 fnt\n|faint|p1b: Kyogre\n|\n|win|Solarbloke\n|raw|ScribbleScribble's rating: 1387 &rarr; <strong>1366</strong><br />(-21 for losing)\n|raw|Solarbloke's rating: 1376 &rarr; <strong>1397</strong><br />(+21 for winning)\n|c|\u2606Solarbloke|gg\n|l|\u2606Solarbloke\n|player|p2|\n|l|\u2606ScribbleScribble\n|player|p1|\n","uploadtime":1768414118,"views":16,"formatid":"gen9vgc2026regi","rating":1366,"private":0,"password":null}