{"id":"gen9vgc2026regi-2573399157","format":"[Gen 9] VGC 2026 Reg I","players":["ArisHazard","the gamblerler"],"log":"|j|\u2606ArisHazard\n|j|\u2606the gamblerler\n|t:|1775132675\n|gametype|doubles\n|player|p1|ArisHazard|265|1463\n|player|p2|the gamblerler|giovanni|1428\n|gen|9\n|tier|[Gen 9] VGC 2026 Reg I\n|rated|\n|rule|Species Clause: Limit one of each Pok\u00e9mon\n|rule|Item Clause: Limit 1 of each item\n|clearpoke\n|poke|p1|Calyrex-Ice, L50|\n|poke|p1|Hitmontop, L50, M|\n|poke|p1|Miraidon, L50|\n|poke|p1|Sableye, L50, M|\n|poke|p1|Ting-Lu, L50|\n|poke|p1|Volcarona, L50, F|\n|poke|p2|Calyrex-Shadow, L50|\n|poke|p2|Miraidon, L50|\n|poke|p2|Incineroar, L50, M|\n|poke|p2|Sneasler, L50, M|\n|poke|p2|Araquanid, L50, F|\n|poke|p2|Whimsicott, L50, M|\n|teampreview|4\n|inactive|Battle timer is ON: inactive players will automatically lose when time's up. (requested by the gamblerler)\n|\n|t:|1775132692\n|teamsize|p1|4\n|teamsize|p2|4\n|start\n|switch|p1a: Miraidon|Miraidon, L50|100/100\n|switch|p1b: Hitmontop|Hitmontop, L50, M|100/100\n|switch|p2a: Sneasler|Sneasler, L50, M|100/100\n|switch|p2b: Miraidon|Miraidon, L50|100/100\n|-fieldstart|move: Electric Terrain|[from] ability: Hadron Engine|[of] p2b: Miraidon\n|-enditem|p2a: Sneasler|Electric Seed\n|-boost|p2a: Sneasler|def|1|[from] item: Electric Seed\n|-activate|p1a: Miraidon|ability: Hadron Engine\n|-ability|p1b: Hitmontop|Intimidate|boost\n|-unboost|p2a: Sneasler|atk|1\n|-unboost|p2b: Miraidon|atk|1\n|turn|1\n|\n|t:|1775132708\n|move|p2a: Sneasler|Fake Out|p1b: Hitmontop\n|-crit|p1b: Hitmontop\n|-damage|p1b: Hitmontop|76/100\n|move|p1b: Hitmontop|Fake Out|p2b: Miraidon\n|-damage|p2b: Miraidon|92/100\n|cant|p2b: Miraidon|flinch\n|move|p1a: Miraidon|Volt Switch|p2a: Sneasler\n|-damage|p2a: Sneasler|14/100\n|\n|t:|1775132719\n|switch|p1a: Calyrex|Calyrex-Ice, L50|100/100|[from] Volt Switch\n|-ability|p1a: Calyrex|As One\n|-ability|p1a: Calyrex|Unnerve\n|\n|upkeep\n|turn|2\n|\n|t:|1775132741\n|move|p1a: Calyrex|Protect|p1a: Calyrex\n|-singleturn|p1a: Calyrex|Protect\n|move|p2a: Sneasler|Dire Claw|p1a: Calyrex\n|-activate|p1a: Calyrex|move: Protect\n|move|p2b: Miraidon|Volt Switch|p1b: Hitmontop\n|-damage|p1b: Hitmontop|13/100\n|\n|t:|1775132750\n|switch|p2b: Whimsicott|Whimsicott, L50, M|100/100|[from] Volt Switch\n|move|p1b: Hitmontop|Close Combat|p2a: Sneasler\n|-resisted|p2a: Sneasler\n|-damage|p2a: Sneasler|0 fnt\n|-unboost|p1b: Hitmontop|def|1\n|-unboost|p1b: Hitmontop|spd|1\n|faint|p2a: Sneasler\n|\n|upkeep\n|\n|t:|1775132756\n|switch|p2a: Miraidon|Miraidon, L50|92/100\n|-activate|p2a: Miraidon|ability: Hadron Engine\n|turn|3\n|\n|t:|1775132771\n|switch|p1a: Miraidon|Miraidon, L50|100/100\n|-activate|p1a: Miraidon|ability: Hadron Engine\n|move|p2b: Whimsicott|Encore||[still]\n|-fail|p2b: Whimsicott\n|move|p2a: Miraidon|Volt Switch|p1b: Hitmontop\n|-damage|p1b: Hitmontop|0 fnt\n|faint|p1b: Hitmontop\n|\n|t:|1775132774\n|switch|p2a: Calyrex|Calyrex-Shadow, L50|100/100|[from] Volt Switch\n|-ability|p2a: Calyrex|As One\n|-ability|p2a: Calyrex|Unnerve\n|\n|upkeep\n|\n|t:|1775132786\n|switch|p1b: Calyrex|Calyrex-Ice, L50|100/100\n|-ability|p1b: Calyrex|As One\n|-ability|p1b: Calyrex|Unnerve\n|turn|4\n|\n|t:|1775132793\n|-terastallize|p2a: Calyrex|Ghost\n|-terastallize|p1b: Calyrex|Fire\n|move|p2b: Whimsicott|Fake Tears|p1a: Miraidon\n|-unboost|p1a: Miraidon|spd|2\n|move|p2a: Calyrex|Astral Barrage|p1b: Calyrex|[spread] p1a,p1b\n|-damage|p1a: Miraidon|17/100\n|-damage|p1b: Calyrex|55/100\n|move|p1a: Miraidon|Snarl|p2b: Whimsicott|[spread] p2a,p2b\n|-supereffective|p2a: Calyrex\n|-resisted|p2b: Whimsicott\n|-damage|p2a: Calyrex|55/100\n|-damage|p2b: Whimsicott|88/100\n|-unboost|p2a: Calyrex|spa|1\n|move|p1b: Calyrex|Glacial Lance|p2b: Whimsicott|[spread] p2a,p2b\n|-supereffective|p2b: Whimsicott\n|-damage|p2a: Calyrex|0 fnt\n|-damage|p2b: Whimsicott|0 fnt\n|faint|p2a: Calyrex\n|faint|p2b: Whimsicott\n|-ability|p1b: Calyrex|Chilling Neigh|boost\n|-boost|p1b: Calyrex|atk|2\n|\n|upkeep\n|\n|t:|1775132807\n|switch|p2b: Miraidon|Miraidon, L50|92/100\n|-activate|p2b: Miraidon|ability: Hadron Engine\n|turn|5\n|\n|t:|1775132820\n|move|p1b: Calyrex|Protect|p1b: Calyrex\n|-singleturn|p1b: Calyrex|Protect\n|move|p2b: Miraidon|Electro Drift|p1b: Calyrex\n|-activate|p1b: Calyrex|move: Protect\n|move|p1a: Miraidon|Volt Switch|p2b: Miraidon\n|-resisted|p2b: Miraidon\n|-damage|p2b: Miraidon|79/100\n|-message|the gamblerler forfeited.\n|\n|win|ArisHazard\n|raw|ArisHazard's rating: 1463 &rarr; <strong>1481</strong><br />(+18 for winning)\n|raw|the gamblerler's rating: 1428 &rarr; <strong>1410</strong><br />(-18 for losing)\n|l|\u2606the gamblerler\n|player|p2|\n|l|\u2606ArisHazard\n|player|p1|\n","uploadtime":1775132972,"views":14,"formatid":"gen9vgc2026regi","rating":1410,"private":0,"password":null}