{"id":"gen9vgc2026regi-2540293876","format":"[Gen 9] VGC 2026 Reg I","players":["Schimmli","Tritonfrostbane"],"log":"|j|\u2606Schimmli\n|j|\u2606Tritonfrostbane\n|t:|1771185539\n|gametype|doubles\n|player|p1|Schimmli|266|1457\n|player|p2|Tritonfrostbane|101|1422\n|gen|9\n|tier|[Gen 9] VGC 2026 Reg I\n|rated|\n|rule|Species Clause: Limit one of each Pok\u00e9mon\n|rule|Item Clause: Limit 1 of each item\n|clearpoke\n|poke|p1|Terapagos, L50, M|\n|poke|p1|Calyrex-Shadow, L50|\n|poke|p1|Flutter Mane, L50|\n|poke|p1|Ogerpon-Cornerstone, L50, F|\n|poke|p1|Incineroar, L50, F|\n|poke|p1|Rillaboom, L50, F|\n|poke|p2|Calyrex-Ice, L50|\n|poke|p2|Indeedee-F, L50, F|\n|poke|p2|Lunala, L50|\n|poke|p2|Torkoal, L50, M|\n|poke|p2|Smeargle, L50, F|\n|poke|p2|Urshifu-*, L50, M|\n|teampreview|4\n|inactive|Battle timer is ON: inactive players will automatically lose when time's up. (requested by Tritonfrostbane)\n|\n|t:|1771185561\n|teamsize|p1|4\n|teamsize|p2|4\n|start\n|switch|p1a: Terapagos|Terapagos, L50, M|100/100\n|switch|p1b: Flutter Mane|Flutter Mane, L50|100/100\n|switch|p2a: Smeargle|Smeargle, L50, F|100/100\n|switch|p2b: Calyrex|Calyrex-Ice, L50|100/100\n|-activate|p1a: Terapagos|ability: Tera Shift\n|detailschange|p1a: Terapagos|Terapagos-Terastal, L50, M\n|-heal|p1a: Terapagos|100/100|[silent]\n|-ability|p2b: Calyrex|As One\n|-ability|p2b: Calyrex|Unnerve\n|-enditem|p1b: Flutter Mane|Booster Energy\n|-activate|p1b: Flutter Mane|ability: Protosynthesis|[fromitem]\n|-start|p1b: Flutter Mane|protosynthesisspe\n|turn|1\n|\n|t:|1771185580\n|move|p2b: Calyrex|Protect|p2b: Calyrex\n|-singleturn|p2b: Calyrex|Protect\n|move|p1b: Flutter Mane|Taunt|p2a: Smeargle\n|-start|p2a: Smeargle|move: Taunt\n|cant|p2a: Smeargle|move: Taunt|Decorate\n|move|p1a: Terapagos|Calm Mind|p1a: Terapagos\n|-boost|p1a: Terapagos|spa|1\n|-boost|p1a: Terapagos|spd|1\n|\n|upkeep\n|turn|2\n|\n|t:|1771185596\n|-end|p1b: Flutter Mane|Protosynthesis|[silent]\n|switch|p1b: Incineroar|Incineroar, L50, F, shiny|100/100\n|-ability|p1b: Incineroar|Intimidate|boost\n|-unboost|p2a: Smeargle|atk|1\n|-fail|p2b: Calyrex|unboost|[from] item: Clear Amulet|[of] p2b: Calyrex\n|switch|p2a: Urshifu|Urshifu, L50, M|100/100\n|move|p1a: Terapagos|Calm Mind|p1a: Terapagos\n|-boost|p1a: Terapagos|spa|1\n|-boost|p1a: Terapagos|spd|1\n|move|p2b: Calyrex|Glacial Lance|p1b: Incineroar|[spread] p1a,p1b\n|-activate|p1a: Terapagos|ability: Tera Shell\n|-resisted|p1a: Terapagos\n|-resisted|p1b: Incineroar\n|-damage|p1a: Terapagos|80/100\n|-damage|p1b: Incineroar|78/100\n|\n|-heal|p1a: Terapagos|86/100|[from] item: Leftovers\n|upkeep\n|turn|3\n|\n|t:|1771185619\n|move|p1b: Incineroar|Fake Out|p2a: Urshifu\n|-damage|p2a: Urshifu|91/100\n|cant|p2a: Urshifu|flinch\n|move|p1a: Terapagos|Tera Starstorm|p2a: Urshifu\n|-damage|p2a: Urshifu|0 fnt\n|faint|p2a: Urshifu\n|move|p2b: Calyrex|Trick Room|p2b: Calyrex\n|-fieldstart|move: Trick Room|[of] p2b: Calyrex\n|\n|-heal|p1a: Terapagos|93/100|[from] item: Leftovers\n|upkeep\n|\n|t:|1771185631\n|switch|p2a: Smeargle|Smeargle, L50, F|100/100\n|turn|4\n|\n|t:|1771185644\n|-terastallize|p1a: Terapagos|Stellar\n|detailschange|p1a: Terapagos|Terapagos-Stellar, L50, M, tera:Stellar\n|-heal|p1a: Terapagos|95/100|[silent]\n|move|p2b: Calyrex|Protect|p2b: Calyrex\n|-singleturn|p2b: Calyrex|Protect\n|move|p1b: Incineroar|Knock Off|p2a: Smeargle\n|-damage|p2a: Smeargle|12/100\n|-enditem|p2a: Smeargle|Focus Sash|[from] move: Knock Off|[of] p1b: Incineroar\n|move|p1a: Terapagos|Tera Starstorm|p2a: Smeargle|[spread] p2a\n|-activate|p2b: Calyrex|move: Protect\n|-damage|p2a: Smeargle|0 fnt\n|faint|p2a: Smeargle\n|\n|-heal|p1a: Terapagos|100/100|[from] item: Leftovers\n|upkeep\n|j| riyuezi\n|\n|t:|1771185661\n|switch|p2a: Torkoal|Torkoal, L50, M|100/100\n|-weather|SunnyDay|[from] ability: Drought|[of] p2a: Torkoal\n|turn|5\n|\n|t:|1771185676\n|-terastallize|p2a: Torkoal|Fire\n|move|p2a: Torkoal|Eruption|p1a: Terapagos|[spread] p1a,p1b\n|-crit|p1a: Terapagos\n|-resisted|p1b: Incineroar\n|-damage|p1a: Terapagos|0 fnt\n|-damage|p1b: Incineroar|12/100\n|faint|p1a: Terapagos\n|detailschange|p1: Terapagos|Terapagos, L50, M|[silent]\n|move|p2b: Calyrex|Glacial Lance|p1b: Incineroar\n|-resisted|p1b: Incineroar\n|-crit|p1b: Incineroar\n|-damage|p1b: Incineroar|0 fnt\n|faint|p1b: Incineroar\n|-ability|p2b: Calyrex|Chilling Neigh|boost\n|-boost|p2b: Calyrex|atk|1\n|\n|-weather|SunnyDay|[upkeep]\n|upkeep\n|-message|Schimmli forfeited.\n|\n|win|Tritonfrostbane\n|raw|Schimmli's rating: 1457 &rarr; <strong>1435</strong><br />(-22 for losing)\n|raw|Tritonfrostbane's rating: 1422 &rarr; <strong>1444</strong><br />(+22 for winning)\n|l|\u2606Schimmli\n|player|p1|\n|l|\u2606Tritonfrostbane\n|player|p2|\n|l| riyuezi\n","uploadtime":1771185861,"views":34,"formatid":"gen9vgc2026regi","rating":1435,"private":0,"password":null}