{"id":"gen9vgc2026regi-2588852450","format":"[Gen 9] VGC 2026 Reg I","players":["spernerslemma","inferno_on_top"],"log":"|j|\u2606spernerslemma\n|j|\u2606inferno_on_top\n|t:|1776678646\n|gametype|doubles\n|player|p1|spernerslemma|pokekid|1408\n|player|p2|inferno_on_top|gentleman-gen4|1342\n|gen|9\n|tier|[Gen 9] VGC 2026 Reg I\n|rated|\n|rule|Species Clause: Limit one of each Pok\u00e9mon\n|rule|Item Clause: Limit 1 of each item\n|clearpoke\n|poke|p1|Zamazenta-*, L50|\n|poke|p1|Kyogre, L50|\n|poke|p1|Chien-Pao, L50|\n|poke|p1|Amoonguss, L50, F|\n|poke|p1|Roaring Moon, L50|\n|poke|p1|Landorus, L50, M|\n|poke|p2|Miraidon, L50|\n|poke|p2|Chien-Pao, L50|\n|poke|p2|Koraidon, L50|\n|poke|p2|Iron Hands, L50|\n|poke|p2|Whimsicott, L50, M|\n|poke|p2|Frosmoth, L50, M|\n|teampreview|4\n|inactive|Battle timer is ON: inactive players will automatically lose when time's up. (requested by inferno_on_top)\n|inactive|spernerslemma has 60 seconds left.\n|\n|t:|1776678683\n|teamsize|p1|4\n|teamsize|p2|4\n|start\n|switch|p1a: Chien-Pao|Chien-Pao, L50|100/100\n|switch|p1b: Zamazenta|Zamazenta-Crowned, L50|100/100\n|switch|p2a: Whimsicott|Whimsicott, L50, M|100/100\n|switch|p2b: Zip-Zap|Miraidon, L50|100/100\n|-ability|p1a: Chien-Pao|Sword of Ruin\n|-fieldstart|move: Electric Terrain|[from] ability: Hadron Engine|[of] p2b: Zip-Zap\n|-ability|p1b: Zamazenta|Dauntless Shield|boost\n|-boost|p1b: Zamazenta|def|1\n|turn|1\n|inactive|spernerslemma has 30 seconds left.\n|\n|t:|1776678714\n|-terastallize|p1b: Zamazenta|Grass\n|move|p2a: Whimsicott|Tailwind|p2a: Whimsicott\n|-sidestart|p2: inferno_on_top|move: Tailwind\n|move|p2b: Zip-Zap|Volt Switch|p1a: Chien-Pao\n|-enditem|p1a: Chien-Pao|Focus Sash\n|-damage|p1a: Chien-Pao|1/100\n|\n|t:|1776678723\n|switch|p2b: Iron Hands|Iron Hands, L50|100/100|[from] Volt Switch\n|-activate|p2b: Iron Hands|ability: Quark Drive\n|-start|p2b: Iron Hands|quarkdriveatk\n|move|p1a: Chien-Pao|Ice Spinner|p2b: Iron Hands\n|-damage|p2b: Iron Hands|60/100\n|-fieldend|move: Electric Terrain\n|-end|p2b: Iron Hands|Quark Drive\n|-enditem|p2b: Iron Hands|Eject Button\n|\n|t:|1776678738\n|-end|p2b: Iron Hands|Quark Drive|[silent]\n|switch|p2b: Zip-Zap|Miraidon, L50|100/100\n|-fieldstart|move: Electric Terrain|[from] ability: Hadron Engine|[of] p2b: Zip-Zap\n|move|p1b: Zamazenta|Body Press|p2b: Zip-Zap\n|-damage|p2b: Zip-Zap|3/100\n|\n|upkeep\n|turn|2\n|\n|t:|1776678758\n|switch|p2b: Iron Hands|Iron Hands, L50|60/100\n|-activate|p2b: Iron Hands|ability: Quark Drive\n|-start|p2b: Iron Hands|quarkdriveatk\n|move|p1a: Chien-Pao|Sucker Punch||[still]\n|-fail|p1a: Chien-Pao\n|move|p2a: Whimsicott|Moonblast|p1a: Chien-Pao\n|-supereffective|p1a: Chien-Pao\n|-damage|p1a: Chien-Pao|0 fnt\n|faint|p1a: Chien-Pao\n|move|p1b: Zamazenta|Behemoth Bash|p2a: Whimsicott\n|-supereffective|p2a: Whimsicott\n|-crit|p2a: Whimsicott\n|-damage|p2a: Whimsicott|0 fnt\n|faint|p2a: Whimsicott\n|\n|upkeep\n|\n|t:|1776678781\n|switch|p1a: Landorus|Landorus, L50, M|100/100\n|switch|p2a: Koraidon|Koraidon, L50|100/100\n|-weather|SunnyDay|[from] ability: Orichalcum Pulse|[of] p2a: Koraidon\n|-activate|p2a: Koraidon|Orichalcum Pulse|[source]\n|turn|3\n|inactive|spernerslemma has 30 seconds left.\n|inactive|inferno_on_top has 30 seconds left.\n|inactive|inferno_on_top has 20 seconds left.\n|\n|t:|1776678820\n|switch|p1b: Kyogre|Kyogre, L50|100/100\n|-weather|RainDance|[from] ability: Drizzle|[of] p1b: Kyogre\n|move|p2b: Iron Hands|Fake Out|p1a: Landorus\n|-damage|p1a: Landorus|81/100\n|move|p2a: Koraidon|Flare Blitz|p1b: Kyogre\n|-resisted|p1b: Kyogre\n|-crit|p1b: Kyogre\n|-damage|p1b: Kyogre|86/100\n|-status|p1b: Kyogre|brn\n|-damage|p2a: Koraidon|95/100|[from] Recoil\n|cant|p1a: Landorus|flinch\n|\n|-weather|RainDance|[upkeep]\n|-damage|p1b: Kyogre|79/100 brn|[from] brn\n|upkeep\n|turn|4\n|inactive|spernerslemma has 30 seconds left.\n|inactive|inferno_on_top has 30 seconds left.\n|inactive|spernerslemma has 20 seconds left.\n|inactive|spernerslemma has 15 seconds left.\n|inactive|inferno_on_top has 20 seconds left.\n|inactive|inferno_on_top has 15 seconds left.\n|\n|t:|1776678875\n|-terastallize|p2b: Iron Hands|Grass\n|move|p2a: Koraidon|Protect|p2a: Koraidon\n|-singleturn|p2a: Koraidon|Protect\n|move|p1b: Kyogre|Protect|p1b: Kyogre\n|-singleturn|p1b: Kyogre|Protect\n|move|p1a: Landorus|Sandsear Storm|p2a: Koraidon|[spread] p2b\n|-activate|p2a: Koraidon|move: Protect\n|-resisted|p2b: Iron Hands\n|-damage|p2b: Iron Hands|34/100\n|move|p2b: Iron Hands|Wild Charge|p1b: Kyogre\n|-activate|p1b: Kyogre|move: Protect\n|\n|-weather|RainDance|[upkeep]\n|-damage|p1b: Kyogre|73/100 brn|[from] brn\n|-sideend|p2: inferno_on_top|move: Tailwind\n|upkeep\n|turn|5\n|-message|inferno_on_top forfeited.\n|\n|win|spernerslemma\n|raw|spernerslemma's rating: 1408 &rarr; <strong>1424</strong><br />(+16 for winning)\n|raw|inferno_on_top's rating: 1342 &rarr; <strong>1326</strong><br />(-16 for losing)\n|l|\u2606inferno_on_top\n|player|p2|\n|l|\u2606spernerslemma\n|player|p1|\n","uploadtime":1776679136,"views":14,"formatid":"gen9vgc2026regi","rating":1326,"private":0,"password":null}