{"id":"gen9vgc2026regi-2587013341","format":"[Gen 9] VGC 2026 Reg I","players":["wasaad5","Dvk42"],"log":"|j|\u2606wasaad5\n|j|\u2606Dvk42\n|t:|1776481234\n|gametype|doubles\n|player|p1|wasaad5|blue|1314\n|player|p2|Dvk42|101|1326\n|gen|9\n|tier|[Gen 9] VGC 2026 Reg I\n|rated|\n|rule|Species Clause: Limit one of each Pok\u00e9mon\n|rule|Item Clause: Limit 1 of each item\n|clearpoke\n|poke|p1|Kyurem-White, L50|\n|poke|p1|Zacian-*, L50|\n|poke|p1|Sableye, L50, F|\n|poke|p1|Urshifu-*, L50, F|\n|poke|p1|Amoonguss, L50, M|\n|poke|p1|Incineroar, L50, F|\n|poke|p2|Primarina, L50, M|\n|poke|p2|Heatran, L50, F|\n|poke|p2|Hitmontop, L50, M|\n|poke|p2|Amoonguss, L50, F|\n|poke|p2|Calyrex-Ice, L50|\n|poke|p2|Necrozma-Dawn-Wings, L50|\n|teampreview|4\n|inactive|Battle timer is ON: inactive players will automatically lose when time's up. (requested by Dvk42)\nDvk42 has agreed to open team sheets.\nwasaad5 has agreed to open team sheets.\n|showteam|p1|Kyurem-White||LifeOrb|Turboblaze|Protect,FusionFlare,EarthPower,FreezeDry||||||50|,,,,,Fire]Zacian-Crowned||RustedSword|IntrepidSword|Protect,behemothblade,TeraBlast,PlayRough||||||50|,,,,,Ground]Sableye||FocusSash|Prankster|Quash,RainDance,Disable,Encore|||F|||50|,,,,,Normal]Urshifu-Rapid-Strike||ChoiceScarf|UnseenFist|SurgingStrikes,AquaJet,Uturn,CloseCombat|||F|||50|,,,,,Water]Amoonguss||SitrusBerry|Regenerator|SludgeBomb,Spore,Protect,RagePowder|||M|||50|,,,,,Water]Incineroar||AssaultVest|Intimidate|KnockOff,FakeOut,Uturn,FlareBlitz|||F|||50|,,,,,Bug\n|showteam|p2|Primarina||ChoiceSpecs|LiquidVoice|DazzlingGleam,ChillingWater,HyperVoice,IceBeam|||M|||50|,,,,,Steel]Heatran||LifeOrb|FlashFire|Protect,TeraBlast,EarthPower,HeatWave|||F|||50|,,,,,Grass]Hitmontop||AssaultVest|Intimidate|FakeOut,SuckerPunch,CloseCombat,TripleAxel|||M|||50|,,,,,Steel]Amoonguss||CovertCloak|Regenerator|Spore,RagePowder,SludgeBomb,PollenPuff|||F|||50|,,,,,Dark]Calyrex-Ice||ClearAmulet|AsOneGlastrier|GlacialLance,Protect,HighHorsepower,TrickRoom||||||50|,,,,,Ground]Necrozma-Dawn-Wings||AguavBerry|PrismArmor|DarkPulse,EarthPower,PhotonGeyser,TrickRoom||||||50|,,,,,Dark\n|inactive|Dvk42 has 60 seconds left.\n|\n|t:|1776481322\n|teamsize|p1|4\n|teamsize|p2|4\n|start\n|switch|p1a: Kyurem|Kyurem-White, L50, shiny|100/100\n|switch|p1b: Amoonguss|Amoonguss, L50, M|100/100\n|switch|p2a: Necrozma|Necrozma-Dawn-Wings, L50, shiny|100/100\n|switch|p2b: Primarina|Primarina, L50, M, shiny|100/100\n|-ability|p1a: Kyurem|Turboblaze\n|turn|1\n|inactive|Dvk42 has 30 seconds left.\n|inactive|Dvk42 has 20 seconds left.\n|inactive|Dvk42 has 15 seconds left.\n|\n|t:|1776481366\n|switch|p2b: Heatran|Heatran, L50, F, shiny|100/100\n|-terastallize|p1b: Amoonguss|Water\n|move|p1a: Kyurem|Freeze-Dry|p2b: Heatran\n|-resisted|p2b: Heatran\n|-crit|p2b: Heatran\n|-damage|p2b: Heatran|82/100\n|-damage|p1a: Kyurem|91/100|[from] item: Life Orb\n|move|p2a: Necrozma|Photon Geyser|p1b: Amoonguss\n|-damage|p1b: Amoonguss|62/100\n|move|p1b: Amoonguss|Spore|p2a: Necrozma\n|-status|p2a: Necrozma|slp|[from] move: Spore\n|\n|upkeep\n|turn|2\n|\n|t:|1776481395\n|switch|p2a: Calyrex|Calyrex-Ice, L50|100/100\n|-ability|p2a: Calyrex|As One\n|-ability|p2a: Calyrex|Unnerve\n|switch|p1b: Incineroar|Incineroar, L50, F|100/100\n|-ability|p1b: Incineroar|Intimidate|boost\n|-fail|p2a: Calyrex|unboost|[from] item: Clear Amulet|[of] p2a: Calyrex\n|-unboost|p2b: Heatran|atk|1\n|-terastallize|p2b: Heatran|Grass\n|move|p1a: Kyurem|Earth Power|p2b: Heatran\n|-resisted|p2b: Heatran\n|-damage|p2b: Heatran|64/100\n|-unboost|p2b: Heatran|spd|1\n|-damage|p1a: Kyurem|81/100|[from] item: Life Orb\n|move|p2b: Heatran|Tera Blast|p1b: Incineroar|[anim] Tera Blast Grass\n|-resisted|p1b: Incineroar\n|-damage|p1b: Incineroar|86/100\n|-damage|p2b: Heatran|55/100|[from] item: Life Orb\n|\n|upkeep\n|turn|3\n|\n|t:|1776481411\n|move|p2b: Heatran|Protect|p2b: Heatran\n|-singleturn|p2b: Heatran|Protect\n|move|p2a: Calyrex|Protect|p2a: Calyrex\n|-singleturn|p2a: Calyrex|Protect\n|move|p1b: Incineroar|Fake Out|p2a: Calyrex\n|-activate|p2a: Calyrex|move: Protect\n|move|p1a: Kyurem|Freeze-Dry|p2b: Heatran\n|-activate|p2b: Heatran|move: Protect\n|\n|upkeep\n|turn|4\n|\n|t:|1776481424\n|switch|p2b: Primarina|Primarina, L50, M, shiny|100/100\n|move|p1a: Kyurem|Fusion Flare|p2a: Calyrex\n|-supereffective|p2a: Calyrex\n|-damage|p2a: Calyrex|31/100\n|-damage|p1a: Kyurem|71/100|[from] item: Life Orb\n|move|p1b: Incineroar|Knock Off|p2a: Calyrex\n|-supereffective|p2a: Calyrex\n|-damage|p2a: Calyrex|0 fnt\n|-enditem|p2a: Calyrex|Clear Amulet|[from] move: Knock Off|[of] p1b: Incineroar\n|faint|p2a: Calyrex\n|\n|upkeep\n|\n|t:|1776481434\n|switch|p2a: Necrozma|Necrozma-Dawn-Wings, L50, shiny|100/100 slp\n|turn|5\n|\n|t:|1776481451\n|switch|p1b: Amoonguss|Amoonguss, L50, M, tera:Water|95/100\n|move|p1a: Kyurem|Freeze-Dry|p2b: Primarina\n|-supereffective|p2b: Primarina\n|-damage|p2b: Primarina|0 fnt\n|faint|p2b: Primarina\n|-damage|p1a: Kyurem|61/100|[from] item: Life Orb\n|cant|p2a: Necrozma|slp\n|\n|upkeep\n|\n|t:|1776481455\n|switch|p2b: Heatran|Heatran, L50, F, shiny, tera:Grass|55/100\n|turn|6\n|\n|t:|1776481463\n|switch|p1b: Incineroar|Incineroar, L50, F|86/100\n|-ability|p1b: Incineroar|Intimidate|boost\n|-unboost|p2a: Necrozma|atk|1\n|-unboost|p2b: Heatran|atk|1\n|move|p2b: Heatran|Protect|p2b: Heatran\n|-singleturn|p2b: Heatran|Protect\n|move|p1a: Kyurem|Freeze-Dry|p2b: Heatran\n|-activate|p2b: Heatran|move: Protect\n|cant|p2a: Necrozma|slp\n|\n|upkeep\n|turn|7\n|\n|t:|1776481480\n|move|p1a: Kyurem|Freeze-Dry|p2b: Heatran\n|-supereffective|p2b: Heatran\n|-damage|p2b: Heatran|0 fnt\n|faint|p2b: Heatran\n|-damage|p1a: Kyurem|51/100|[from] item: Life Orb\n|move|p1b: Incineroar|Knock Off|p2a: Necrozma\n|-supereffective|p2a: Necrozma\n|-damage|p2a: Necrozma|6/100 slp\n|-enditem|p2a: Necrozma|Aguav Berry|[from] move: Knock Off|[of] p1b: Incineroar\n|cant|p2a: Necrozma|slp\n|\n|upkeep\n|turn|8\n|-message|Dvk42 forfeited.\n|\n|win|wasaad5\n|raw|wasaad5's rating: 1314 &rarr; <strong>1335</strong><br />(+21 for winning)\n|raw|Dvk42's rating: 1326 &rarr; <strong>1305</strong><br />(-21 for losing)\n|l|\u2606Dvk42\n|player|p2|\n|l|\u2606wasaad5\n|player|p1|\n","uploadtime":1776481701,"views":8,"formatid":"gen9vgc2026regi","rating":1305,"private":0,"password":null}