{"id":"gen9vgc2026regi-2562433830","format":"[Gen 9] VGC 2026 Reg I","players":["Jonen","boundman101"],"log":"|j|\u2606Jonen\n|j|\u2606boundman101\n|t:|1773916440\n|gametype|doubles\n|player|p1|Jonen|medium|1350\n|player|p2|boundman101|swimmerf-gen4dp|1243\n|gen|9\n|tier|[Gen 9] VGC 2026 Reg I\n|rated|\n|rule|Species Clause: Limit one of each Pok\u00e9mon\n|rule|Item Clause: Limit 1 of each item\n|clearpoke\n|poke|p1|Sableye, L50, M|\n|poke|p1|Lunala, L50|\n|poke|p1|Groudon, L50|\n|poke|p1|Jumpluff, L50, F|\n|poke|p1|Chi-Yu, L50|\n|poke|p1|Raging Bolt, L50|\n|poke|p2|Smeargle, L50, M|\n|poke|p2|Muk-Alola, L50, M|\n|poke|p2|Flamigo, L50, F|\n|poke|p2|Ho-Oh, L50|\n|poke|p2|Ditto, L50|\n|poke|p2|Calyrex-Ice, L50|\n|teampreview|4\n|inactive|Battle timer is ON: inactive players will automatically lose when time's up. (requested by Jonen)\n|\n|t:|1773916469\n|teamsize|p1|4\n|teamsize|p2|4\n|start\n|switch|p1a: Sableye|Sableye, L50, M|100/100\n|switch|p1b: Lunala|Lunala, L50|100/100\n|switch|p2a: Smeargle|Smeargle, L50, M, shiny|100/100\n|switch|p2b: Muk|Muk-Alola, L50, M|100/100\n|turn|1\n|inactive|boundman101 has 30 seconds left.\n|\n|t:|1773916496\n|move|p2b: Muk|Protect|p2b: Muk\n|-singleturn|p2b: Muk|Protect\n|move|p1a: Sableye|Gravity|p1a: Sableye\n|-fieldstart|move: Gravity\n|move|p1b: Lunala|Hypnosis|p2b: Muk\n|-activate|p2b: Muk|move: Protect\n|move|p2a: Smeargle|Spore|p1b: Lunala\n|-status|p1b: Lunala|slp|[from] move: Spore\n|\n|-ability|p2a: Smeargle|Moody|boost\n|-boost|p2a: Smeargle|def|2\n|-unboost|p2a: Smeargle|atk|1\n|upkeep\n|turn|2\n|\n|t:|1773916511\n|switch|p1a: Groudon|Groudon, L50|100/100\n|-weather|SunnyDay|[from] ability: Drought|[of] p1a: Groudon\n|cant|p1b: Lunala|slp\n|move|p2a: Smeargle|Spore|p1a: Groudon\n|-status|p1a: Groudon|slp|[from] move: Spore\n|move|p2b: Muk|Minimize|p2b: Muk\n|-boost|p2b: Muk|evasion|2\n|\n|-weather|SunnyDay|[upkeep]\n|-ability|p2a: Smeargle|Moody|boost\n|-boost|p2a: Smeargle|spd|2\n|-unboost|p2a: Smeargle|def|1\n|upkeep\n|turn|3\n|\n|t:|1773916530\n|move|p2a: Smeargle|Follow Me|p2a: Smeargle\n|-singleturn|p2a: Smeargle|move: Follow Me\n|-curestatus|p1b: Lunala|slp|[msg]\n|move|p1b: Lunala|Hypnosis|p2a: Smeargle\n|-status|p2a: Smeargle|slp|[from] move: Hypnosis\n|cant|p1a: Groudon|slp\n|move|p2b: Muk|Minimize|p2b: Muk\n|-boost|p2b: Muk|evasion|2\n|\n|-weather|SunnyDay|[upkeep]\n|-ability|p2a: Smeargle|Moody|boost\n|-boost|p2a: Smeargle|spd|2\n|-unboost|p2a: Smeargle|def|1\n|upkeep\n|turn|4\n|\n|t:|1773916550\n|cant|p2a: Smeargle|slp\n|move|p1b: Lunala|Meteor Beam||[still]\n|-prepare|p1b: Lunala|Meteor Beam\n|-boost|p1b: Lunala|spa|1\n|-enditem|p1b: Lunala|Power Herb\n|-anim|p1b: Lunala|Meteor Beam|p2b: Muk|[miss]\n|-miss|p1b: Lunala|p2b: Muk\n|cant|p1a: Groudon|slp\n|move|p2b: Muk|Minimize|p2b: Muk\n|-boost|p2b: Muk|evasion|2\n|\n|-weather|SunnyDay|[upkeep]\n|-ability|p2a: Smeargle|Moody|boost\n|-boost|p2a: Smeargle|def|2\n|-unboost|p2a: Smeargle|spa|1\n|upkeep\n|turn|5\n|\n|t:|1773916573\n|move|p1b: Lunala|Hypnosis|p2a: Smeargle\n|-fail|p2a: Smeargle|slp\n|-curestatus|p2a: Smeargle|slp|[msg]\n|move|p2a: Smeargle|Spore|p1b: Lunala\n|-status|p1b: Lunala|slp|[from] move: Spore\n|cant|p1a: Groudon|slp\n|move|p2b: Muk|Knock Off|p1b: Lunala\n|-supereffective|p1b: Lunala\n|-damage|p1b: Lunala|57/100 slp\n|\n|-weather|SunnyDay|[upkeep]\n|-fieldend|move: Gravity\n|-ability|p2a: Smeargle|Moody|boost\n|-boost|p2a: Smeargle|spe|2\n|-unboost|p2a: Smeargle|atk|1\n|upkeep\n|turn|6\n|\n|t:|1773916598\n|move|p2a: Smeargle|Follow Me|p2a: Smeargle\n|-singleturn|p2a: Smeargle|move: Follow Me\n|cant|p1b: Lunala|slp\n|-curestatus|p1a: Groudon|slp|[msg]\n|move|p1a: Groudon|Heat Crash|p2a: Smeargle\n|-crit|p2a: Smeargle\n|-enditem|p2a: Smeargle|Focus Sash\n|-damage|p2a: Smeargle|1/100\n|-damage|p1a: Groudon|91/100|[from] item: Life Orb\n|move|p2b: Muk|Knock Off|p1a: Groudon\n|-damage|p1a: Groudon|67/100\n|-enditem|p1a: Groudon|Life Orb|[from] move: Knock Off|[of] p2b: Muk\n|\n|-weather|none\n|-ability|p2a: Smeargle|Moody|boost\n|-boost|p2a: Smeargle|spa|2\n|-unboost|p2a: Smeargle|atk|1\n|upkeep\n|turn|7\n|\n|t:|1773916619\n|switch|p1b: Sableye|Sableye, L50, M|100/100\n|move|p2a: Smeargle|Spore|p1a: Groudon\n|-status|p1a: Groudon|slp|[from] move: Spore\n|cant|p1a: Groudon|slp\n|move|p2b: Muk|Poison Gas||[still]|[spread] p1a,p1b\n|-fail|p2b: Muk\n|-status|p1b: Sableye|psn\n|\n|-damage|p1b: Sableye|88/100 psn|[from] psn\n|-ability|p2a: Smeargle|Moody|boost\n|-boost|p2a: Smeargle|def|2\n|-unboost|p2a: Smeargle|atk|1\n|upkeep\n|turn|8\n|\n|t:|1773916639\n|move|p2a: Smeargle|Follow Me|p2a: Smeargle\n|-singleturn|p2a: Smeargle|move: Follow Me\n|move|p1b: Sableye|Encore|p2a: Smeargle\n|-start|p2a: Smeargle|Encore\n|cant|p1a: Groudon|slp\n|move|p2b: Muk|Knock Off|p1b: Sableye\n|-damage|p1b: Sableye|50/100 psn\n|-enditem|p1b: Sableye|Focus Sash|[from] move: Knock Off|[of] p2b: Muk\n|\n|-damage|p1b: Sableye|38/100 psn|[from] psn\n|-ability|p2a: Smeargle|Moody|boost\n|-boost|p2a: Smeargle|spd|2\n|-unboost|p2a: Smeargle|spe|1\n|upkeep\n|turn|9\n|inactive|Jonen has 30 seconds left.\n|\n|t:|1773916668\n|move|p2a: Smeargle|Follow Me|p2a: Smeargle\n|-singleturn|p2a: Smeargle|move: Follow Me\n|-curestatus|p1a: Groudon|slp|[msg]\n|move|p1a: Groudon|Substitute|p1a: Groudon\n|-start|p1a: Groudon|Substitute\n|-damage|p1a: Groudon|42/100\n|move|p2b: Muk|Knock Off|p1b: Sableye\n|-damage|p1b: Sableye|15/100 psn\n|move|p1b: Sableye|Foul Play|p2a: Smeargle\n|-crit|p2a: Smeargle\n|-damage|p2a: Smeargle|0 fnt\n|faint|p2a: Smeargle\n|-ability|p2b: Muk|Moody|Power of Alchemy|[from] ability: Power of Alchemy|[of] p2a: Smeargle\n|\n|-damage|p1b: Sableye|3/100 psn|[from] psn\n|-ability|p2b: Muk|Moody|boost\n|-boost|p2b: Muk|spa|2\n|-unboost|p2b: Muk|spd|1\n|upkeep\n|inactive|boundman101 has 30 seconds left.\n|inactive|boundman101 has 20 seconds left.\n|\n|t:|1773916705\n|switch|p2a: Flamigo|Flamigo, L50, F|100/100\n|-copyboost|p2a: Flamigo|p2b: Muk|[from] ability: Costar\n|-enditem|p2a: Flamigo|White Herb\n|-clearnegativeboost|p2a: Flamigo|[silent]\n|turn|10\n|inactive|Jonen has 30 seconds left.\n|\n|t:|1773916733\n|switch|p1b: Lunala|Lunala, L50|57/100 slp\n|-terastallize|p1a: Groudon|Fire\n|move|p2a: Flamigo|Acrobatics|p1b: Lunala\n|-damage|p1b: Lunala|11/100 slp\n|move|p1a: Groudon|Heat Crash|p2b: Muk\n|-damage|p2b: Muk|0 fnt\n|faint|p2b: Muk\n|\n|upkeep\n|\n|t:|1773916746\n|switch|p2b: Ho-Oh|Ho-Oh, L50|100/100\n|turn|11\n|\n|t:|1773916763\n|cant|p1b: Lunala|slp\n|move|p2a: Flamigo|Acrobatics|p1a: Groudon\n|-end|p1a: Groudon|Substitute\n|move|p2b: Ho-Oh|Psych Up|p2a: Flamigo\n|-copyboost|p2b: Ho-Oh|p2a: Flamigo|[from] move: Psych Up\n|move|p1a: Groudon|Heat Crash|p2a: Flamigo|[miss]\n|-miss|p1a: Groudon|p2a: Flamigo\n|\n|upkeep\n|turn|12\n|\n|t:|1773916783\n|move|p1a: Groudon|Protect|p1a: Groudon\n|-singleturn|p1a: Groudon|Protect\n|cant|p1b: Lunala|slp\n|move|p2a: Flamigo|Acrobatics|p1a: Groudon\n|-activate|p1a: Groudon|move: Protect\n|move|p2b: Ho-Oh|Sacred Fire|p1b: Lunala\n|-damage|p1b: Lunala|0 fnt\n|faint|p1b: Lunala\n|\n|upkeep\n|\n|t:|1773916798\n|switch|p1b: Sableye|Sableye, L50, M|3/100 psn\n|turn|13\n|\n|t:|1773916814\n|move|p1b: Sableye|Gravity|p1b: Sableye\n|-fieldstart|move: Gravity\n|move|p2a: Flamigo|Acrobatics|p1a: Groudon\n|-damage|p1a: Groudon|9/100\n|move|p2b: Ho-Oh|Brave Bird|p1a: Groudon\n|-damage|p1a: Groudon|0 fnt\n|faint|p1a: Groudon\n|-damage|p2b: Ho-Oh|98/100|[from] Recoil\n|\n|-damage|p1b: Sableye|0 fnt|[from] psn\n|faint|p1b: Sableye\n|upkeep\n|\n|t:|1773916820\n|switch|p1b: Raging Bolt|Raging Bolt, L50|100/100\n|turn|14\n|\n|t:|1773916836\n|-terastallize|p2b: Ho-Oh|Ground\n|move|p2a: Flamigo|Substitute|p2a: Flamigo\n|-start|p2a: Flamigo|Substitute\n|-damage|p2a: Flamigo|76/100\n|move|p2b: Ho-Oh|Sacred Fire|p1b: Raging Bolt\n|-resisted|p1b: Raging Bolt\n|-damage|p1b: Raging Bolt|84/100\n|-status|p1b: Raging Bolt|brn\n|move|p1b: Raging Bolt|Thunder|p2a: Flamigo|[miss]\n|-miss|p1b: Raging Bolt|p2a: Flamigo\n|\n|-damage|p1b: Raging Bolt|78/100 brn|[from] brn\n|upkeep\n|turn|15\n|c|\u2606Jonen|gg\n|\n|t:|1773916851\n|move|p2a: Flamigo|Close Combat|p1b: Raging Bolt\n|-damage|p1b: Raging Bolt|31/100 brn\n|-unboost|p2a: Flamigo|def|1\n|-unboost|p2a: Flamigo|spd|1\n|move|p2b: Ho-Oh|Sacred Fire|p1b: Raging Bolt\n|-resisted|p1b: Raging Bolt\n|-damage|p1b: Raging Bolt|14/100 brn\n|move|p1b: Raging Bolt|Dragon Pulse|p2a: Flamigo|[miss]\n|-miss|p1b: Raging Bolt|p2a: Flamigo\n|\n|-damage|p1b: Raging Bolt|8/100 brn|[from] brn\n|upkeep\n|turn|16\n|\n|t:|1773916859\n|move|p2a: Flamigo|Acrobatics|p1b: Raging Bolt\n|-resisted|p1b: Raging Bolt\n|-damage|p1b: Raging Bolt|0 fnt\n|faint|p1b: Raging Bolt\n|-end|p1b: Raging Bolt|Protosynthesis|[silent]\n|\n|win|boundman101\n|raw|Jonen's rating: 1350 &rarr; <strong>1324</strong><br />(-26 for losing)\n|raw|boundman101's rating: 1243 &rarr; <strong>1275</strong><br />(+32 for winning)\n","uploadtime":1773916860,"views":10,"formatid":"gen9vgc2026regi","rating":1275,"private":0,"password":null}