{"id":"gen9vgc2026regi-2570848893","format":"[Gen 9] VGC 2026 Reg I","players":["maxnia","swordsdanceurshifu"],"log":"|j|\u2606maxnia\n|j|\u2606swordsdanceurshifu\n|t:|1774858850\n|gametype|doubles\n|player|p1|maxnia|2|1436\n|player|p2|swordsdanceurshifu|169|1448\n|gen|9\n|tier|[Gen 9] VGC 2026 Reg I\n|rated|\n|rule|Species Clause: Limit one of each Pok\u00e9mon\n|rule|Item Clause: Limit 1 of each item\n|clearpoke\n|poke|p1|Calyrex-Ice, L50|\n|poke|p1|Rillaboom, L50, M|\n|poke|p1|Miraidon, L50|\n|poke|p1|Incineroar, L50, F|\n|poke|p1|Pelipper, L50, F|\n|poke|p1|Volcarona, L50, M|\n|poke|p2|Koraidon, L50|\n|poke|p2|Miraidon, L50|\n|poke|p2|Incineroar, L50, M|\n|poke|p2|Iron Bundle, L50|\n|poke|p2|Toxapex, L50, M|\n|poke|p2|Landorus, L50, M|\n|teampreview|4\n|inactive|Battle timer is ON: inactive players will automatically lose when time's up. (requested by swordsdanceurshifu)\n|inactive|swordsdanceurshifu has 60 seconds left.\n|\n|t:|1774858889\n|teamsize|p1|4\n|teamsize|p2|4\n|start\n|switch|p1a: Calyrex|Calyrex-Ice, L50|100/100\n|switch|p1b: Miraidon|Miraidon, L50|100/100\n|switch|p2a: Miraidon|Miraidon, L50|100/100\n|switch|p2b: Iron Bundle|Iron Bundle, L50|100/100\n|-ability|p1a: Calyrex|As One\n|-ability|p1a: Calyrex|Unnerve\n|-fieldstart|move: Electric Terrain|[from] ability: Hadron Engine|[of] p1b: Miraidon\n|-activate|p2b: Iron Bundle|ability: Quark Drive\n|-start|p2b: Iron Bundle|quarkdrivespe\n|-activate|p2a: Miraidon|ability: Hadron Engine\n|turn|1\n|inactive|maxnia has 30 seconds left.\n|inactive|swordsdanceurshifu has 30 seconds left.\n|\n|t:|1774858921\n|-terastallize|p1a: Calyrex|Grass\n|move|p2b: Iron Bundle|Icy Wind|p1a: Calyrex|[spread] p1a,p1b\n|-supereffective|p1a: Calyrex\n|-supereffective|p1b: Miraidon\n|-damage|p1a: Calyrex|73/100\n|-damage|p1b: Miraidon|66/100\n|-unboost|p1b: Miraidon|spe|1\n|move|p2a: Miraidon|Volt Switch|p1b: Miraidon\n|-resisted|p1b: Miraidon\n|-damage|p1b: Miraidon|50/100\n|-damage|p2a: Miraidon|91/100|[from] item: Life Orb\n|\n|t:|1774858931\n|switch|p2a: Incineroar|Incineroar, L50, M|100/100|[from] Volt Switch\n|-ability|p2a: Incineroar|Intimidate|boost\n|-fail|p1a: Calyrex|unboost|[from] item: Clear Amulet|[of] p1a: Calyrex\n|-unboost|p1b: Miraidon|atk|1\n|move|p1b: Miraidon|Volt Switch|p2b: Iron Bundle\n|-supereffective|p2b: Iron Bundle\n|-enditem|p2b: Iron Bundle|Focus Sash\n|-damage|p2b: Iron Bundle|1/100\n|\n|t:|1774858943\n|switch|p1b: Incineroar|Incineroar, L50, F, shiny|100/100|[from] Volt Switch\n|-ability|p1b: Incineroar|Intimidate|boost\n|-unboost|p2a: Incineroar|atk|1\n|-unboost|p2b: Iron Bundle|atk|1\n|move|p1a: Calyrex|Trick Room|p1a: Calyrex\n|-fieldstart|move: Trick Room|[of] p1a: Calyrex\n|\n|upkeep\n|turn|2\n|\n|t:|1774858958\n|move|p2b: Iron Bundle|Protect|p2b: Iron Bundle\n|-singleturn|p2b: Iron Bundle|Protect\n|move|p1b: Incineroar|Fake Out|p2a: Incineroar\n|-damage|p2a: Incineroar|92/100\n|cant|p2a: Incineroar|flinch\n|move|p1a: Calyrex|Glacial Lance|p2b: Iron Bundle|[spread] p2a\n|-activate|p2b: Iron Bundle|move: Protect\n|-resisted|p2a: Incineroar\n|-damage|p2a: Incineroar|71/100\n|\n|upkeep\n|turn|3\n|\n|t:|1774858975\n|move|p2a: Incineroar|Flare Blitz|p1a: Calyrex\n|-supereffective|p1a: Calyrex\n|-damage|p1a: Calyrex|35/100\n|-damage|p2a: Incineroar|58/100|[from] Recoil\n|move|p1a: Calyrex|Glacial Lance|p2b: Iron Bundle|[spread] p2a,p2b\n|-resisted|p2a: Incineroar\n|-resisted|p2b: Iron Bundle\n|-damage|p2a: Incineroar|38/100\n|-damage|p2b: Iron Bundle|0 fnt\n|faint|p2b: Iron Bundle\n|-end|p2b: Iron Bundle|Quark Drive|[silent]\n|-ability|p1a: Calyrex|Chilling Neigh|boost\n|-boost|p1a: Calyrex|atk|1\n|move|p1b: Incineroar|Parting Shot|p2a: Incineroar\n|-unboost|p2a: Incineroar|atk|1\n|-unboost|p2a: Incineroar|spa|1\n|\n|t:|1774858989\n|switch|p1b: Miraidon|Miraidon, L50|50/100|[from] Parting Shot\n|-activate|p1b: Miraidon|ability: Hadron Engine\n|\n|upkeep\n|\n|t:|1774858993\n|switch|p2b: Koraidon|Koraidon, L50|100/100\n|-weather|SunnyDay|[from] ability: Orichalcum Pulse|[of] p2b: Koraidon\n|-activate|p2b: Koraidon|Orichalcum Pulse|[source]\n|-enditem|p2b: Koraidon|Electric Seed\n|-boost|p2b: Koraidon|def|1|[from] item: Electric Seed\n|turn|4\n|\n|t:|1774859003\n|switch|p1b: Pelipper|Pelipper, L50, F, shiny|100/100\n|-weather|RainDance|[from] ability: Drizzle|[of] p1b: Pelipper\n|-terastallize|p2b: Koraidon|Fire\n|move|p2a: Incineroar|Flare Blitz|p1a: Calyrex\n|-supereffective|p1a: Calyrex\n|-damage|p1a: Calyrex|20/100\n|-damage|p2a: Incineroar|33/100|[from] Recoil\n|move|p1a: Calyrex|Glacial Lance|p2a: Incineroar|[spread] p2a,p2b\n|-resisted|p2a: Incineroar\n|-resisted|p2b: Koraidon\n|-damage|p2a: Incineroar|0 fnt\n|-damage|p2b: Koraidon|83/100\n|faint|p2a: Incineroar\n|-ability|p1a: Calyrex|Chilling Neigh|boost\n|-boost|p1a: Calyrex|atk|1\n|move|p2b: Koraidon|Body Press|p1b: Pelipper\n|-resisted|p1b: Pelipper\n|-damage|p1b: Pelipper|77/100\n|\n|-weather|RainDance|[upkeep]\n|upkeep\n|\n|t:|1774859008\n|switch|p2a: Miraidon|Miraidon, L50|91/100\n|-activate|p2a: Miraidon|ability: Hadron Engine\n|turn|5\n|\n|t:|1774859030\n|switch|p1b: Incineroar|Incineroar, L50, F, shiny|100/100\n|-ability|p1b: Incineroar|Intimidate|boost\n|-unboost|p2a: Miraidon|atk|1\n|-unboost|p2b: Koraidon|atk|1\n|move|p2b: Koraidon|Protect|p2b: Koraidon\n|-singleturn|p2b: Koraidon|Protect\n|move|p2a: Miraidon|Protect|p2a: Miraidon\n|-singleturn|p2a: Miraidon|Protect\n|move|p1a: Calyrex|Glacial Lance|p2a: Miraidon|[spread] \n|-activate|p2a: Miraidon|move: Protect\n|-activate|p2b: Koraidon|move: Protect\n|\n|-weather|RainDance|[upkeep]\n|-fieldend|move: Trick Room\n|-fieldend|move: Electric Terrain\n|upkeep\n|turn|6\n|\n|t:|1774859050\n|move|p1b: Incineroar|Fake Out|p2a: Miraidon\n|-damage|p2a: Miraidon|80/100\n|cant|p2a: Miraidon|flinch\n|move|p2b: Koraidon|Body Press|p1a: Calyrex\n|-damage|p1a: Calyrex|0 fnt\n|faint|p1a: Calyrex\n|\n|-weather|RainDance|[upkeep]\n|upkeep\n|\n|t:|1774859061\n|switch|p1a: Miraidon|Miraidon, L50|50/100\n|-fieldstart|move: Electric Terrain|[from] ability: Hadron Engine|[of] p1a: Miraidon\n|turn|7\n|\n|t:|1774859077\n|move|p1a: Miraidon|Draco Meteor|p2b: Koraidon\n|-damage|p2b: Koraidon|6/100\n|-unboost|p1a: Miraidon|spa|2\n|move|p2a: Miraidon|Draco Meteor|p1a: Miraidon|[miss]\n|-miss|p2a: Miraidon|p1a: Miraidon\n|move|p2b: Koraidon|Body Press|p1b: Incineroar\n|-supereffective|p1b: Incineroar\n|-damage|p1b: Incineroar|16/100\n|-damage|p2b: Koraidon|0 fnt|[from] item: Rocky Helmet|[of] p1b: Incineroar\n|faint|p2b: Koraidon\n|move|p1b: Incineroar|Knock Off|p2a: Miraidon\n|-damage|p2a: Miraidon|42/100\n|-enditem|p2a: Miraidon|Life Orb|[from] move: Knock Off|[of] p1b: Incineroar\n|\n|-weather|RainDance|[upkeep]\n|upkeep\n|turn|8\n|\n|t:|1774859096\n|switch|p1b: Pelipper|Pelipper, L50, F, shiny|77/100\n|move|p1a: Miraidon|Draco Meteor|p2a: Miraidon\n|-supereffective|p2a: Miraidon\n|-damage|p2a: Miraidon|0 fnt\n|-unboost|p1a: Miraidon|spa|2\n|faint|p2a: Miraidon\n|\n|win|maxnia\n|raw|maxnia's rating: 1436 &rarr; <strong>1457</strong><br />(+21 for winning)\n|raw|swordsdanceurshifu's rating: 1448 &rarr; <strong>1427</strong><br />(-21 for losing)\n|l|\u2606swordsdanceurshifu\n|player|p2|\n|l|\u2606maxnia\n|player|p1|\n","uploadtime":1774859269,"views":12,"formatid":"gen9vgc2026regi","rating":1427,"private":0,"password":null}