{"id":"gen9vgc2026regi-2550683934","format":"[Gen 9] VGC 2026 Reg I","players":["rito buff zed","lalo's pollos"],"log":"|j|\u2606rito buff zed\n|j|\u2606lalo's pollos\n|t:|1772516441\n|gametype|doubles\n|player|p1|rito buff zed|cynthia|1552\n|player|p2|lalo's pollos|2|1477\n|gen|9\n|tier|[Gen 9] VGC 2026 Reg I\n|rated|\n|rule|Species Clause: Limit one of each Pok\u00e9mon\n|rule|Item Clause: Limit 1 of each item\n|clearpoke\n|poke|p1|Calyrex-Shadow, L50|\n|poke|p1|Zamazenta-*, L50|\n|poke|p1|Incineroar, L50, F|\n|poke|p1|Rillaboom, L50, F|\n|poke|p1|Amoonguss, L50, M|\n|poke|p1|Urshifu-*, L50, F|\n|poke|p2|Miraidon, L50|\n|poke|p2|Landorus, L50, M|\n|poke|p2|Incineroar, L50, M|\n|poke|p2|Iron Bundle, L50|\n|poke|p2|Farigiraf, L50, M|\n|poke|p2|Calyrex-Ice, L50|\n|teampreview|4\n|inactive|Battle timer is ON: inactive players will automatically lose when time's up. (requested by rito buff zed)\n|inactive|rito buff zed has 60 seconds left.\n|\n|t:|1772516493\n|teamsize|p1|4\n|teamsize|p2|4\n|start\n|switch|p1a: Zamazenta|Zamazenta-Crowned, L50|100/100\n|switch|p1b: Rillaboom|Rillaboom, L50, F|100/100\n|switch|p2a: Landorus|Landorus, L50, M|100/100\n|switch|p2b: the Manager|Farigiraf, L50, M|100/100\n|-ability|p1a: Zamazenta|Dauntless Shield|boost\n|-boost|p1a: Zamazenta|def|1\n|-fieldstart|move: Grassy Terrain|[from] ability: Grassy Surge|[of] p1b: Rillaboom\n|turn|1\n|inactive|rito buff zed has 30 seconds left.\n|inactive|rito buff zed has 20 seconds left.\n|inactive|rito buff zed has 15 seconds left.\n|\n|t:|1772516538\n|move|p2b: the Manager|Helping Hand|p2a: Landorus\n|-singleturn|p2a: Landorus|Helping Hand|[of] p2b: the Manager\n|move|p1a: Zamazenta|Protect|p1a: Zamazenta\n|-singleturn|p1a: Zamazenta|Protect\n|move|p2a: Landorus|Sludge Bomb|p1b: Rillaboom\n|-supereffective|p1b: Rillaboom\n|-damage|p1b: Rillaboom|14/100\n|move|p1b: Rillaboom|U-turn|p2b: the Manager\n|-supereffective|p2b: the Manager\n|-damage|p2b: the Manager|56/100\n|\n|t:|1772516547\n|switch|p1b: Amoonguss|Amoonguss, L50, M|100/100|[from] U-turn\n|\n|-heal|p2b: the Manager|63/100|[from] Grassy Terrain\n|upkeep\n|turn|2\n|inactive|rito buff zed has 30 seconds left.\n|\n|t:|1772516576\n|move|p1b: Amoonguss|Rage Powder|p1b: Amoonguss\n|-singleturn|p1b: Amoonguss|move: Rage Powder\n|move|p1a: Zamazenta|Heavy Slam|p2a: Landorus\n|-damage|p2a: Landorus|38/100\n|move|p2a: Landorus|Earth Power|p1b: Amoonguss\n|-damage|p1b: Amoonguss|42/100\n|move|p2b: the Manager|Psychic|p1b: Amoonguss\n|-supereffective|p1b: Amoonguss\n|-damage|p1b: Amoonguss|0 fnt\n|faint|p1b: Amoonguss\n|\n|-heal|p2b: the Manager|69/100|[from] Grassy Terrain\n|upkeep\n|\n|t:|1772516591\n|switch|p1b: Calyrex|Calyrex-Shadow, L50|100/100\n|-ability|p1b: Calyrex|As One\n|-ability|p1b: Calyrex|Unnerve\n|turn|3\n|inactive|rito buff zed has 30 seconds left.\n|\n|t:|1772516625\n|move|p2a: Landorus|Protect|p2a: Landorus\n|-singleturn|p2a: Landorus|Protect\n|move|p1b: Calyrex|Astral Barrage|p2b: the Manager|[spread] \n|-activate|p2a: Landorus|move: Protect\n|-immune|p2b: the Manager\n|move|p1a: Zamazenta|Body Press|p2b: the Manager\n|-damage|p2b: the Manager|1/100\n|move|p2b: the Manager|Trick Room|p2b: the Manager\n|-fieldstart|move: Trick Room|[of] p2b: the Manager\n|\n|-heal|p2b: the Manager|7/100|[from] Grassy Terrain\n|upkeep\n|turn|4\n|inactive|rito buff zed has 30 seconds left.\n|inactive|rito buff zed has 20 seconds left.\n|inactive|rito buff zed has 15 seconds left.\n|inactive|rito buff zed has 10 seconds left.\n|\n|t:|1772516670\n|-terastallize|p1a: Zamazenta|Dragon\n|move|p1b: Calyrex|Protect|p1b: Calyrex\n|-singleturn|p1b: Calyrex|Protect\n|move|p2b: the Manager|Foul Play|p1b: Calyrex\n|-activate|p1b: Calyrex|move: Protect\n|move|p2a: Landorus|Earth Power|p1a: Zamazenta\n|-damage|p1a: Zamazenta|48/100\n|move|p1a: Zamazenta|Heavy Slam|p2a: Landorus\n|-damage|p2a: Landorus|0 fnt\n|faint|p2a: Landorus\n|\n|-heal|p2b: the Manager|13/100|[from] Grassy Terrain\n|-heal|p1a: Zamazenta|54/100|[from] Grassy Terrain\n|upkeep\n|\n|t:|1772516682\n|switch|p2a: Calyrex|Calyrex-Ice, L50|100/100\n|-ability|p2a: Calyrex|As One\n|-ability|p2a: Calyrex|Unnerve\n|turn|5\n|inactive|rito buff zed has 30 seconds left.\n|inactive|rito buff zed has 20 seconds left.\n|inactive|rito buff zed has 15 seconds left.\n|inactive|rito buff zed has 10 seconds left.\n|\n|t:|1772516727\n|switch|p1b: Rillaboom|Rillaboom, L50, F|14/100\n|-terastallize|p2a: Calyrex|Water\n|move|p2a: Calyrex|High Horsepower|p1b: Rillaboom\n|-resisted|p1b: Rillaboom\n|-damage|p1b: Rillaboom|0 fnt\n|faint|p1b: Rillaboom\n|-ability|p2a: Calyrex|Chilling Neigh|boost\n|-boost|p2a: Calyrex|atk|1\n|move|p2b: the Manager|Foul Play|p1a: Zamazenta\n|-damage|p1a: Zamazenta|44/100\n|move|p1a: Zamazenta|Body Press|p2b: the Manager\n|-damage|p2b: the Manager|0 fnt\n|faint|p2b: the Manager\n|\n|-heal|p1a: Zamazenta|50/100|[from] Grassy Terrain\n|-fieldend|move: Grassy Terrain\n|upkeep\n|\n|t:|1772516743\n|switch|p2b: Co-Star|Miraidon, L50|100/100\n|switch|p1b: Calyrex|Calyrex-Shadow, L50|100/100\n|-ability|p1b: Calyrex|As One\n|-ability|p1b: Calyrex|Unnerve\n|-fieldstart|move: Electric Terrain|[from] ability: Hadron Engine|[of] p2b: Co-Star\n|turn|6\n|inactive|rito buff zed has 30 seconds left.\n|inactive|rito buff zed has 20 seconds left.\n|\n|t:|1772516780\n|move|p1a: Zamazenta|Wide Guard|p1a: Zamazenta\n|-singleturn|p1a: Zamazenta|Wide Guard\n|move|p2a: Calyrex|Glacial Lance|p1b: Calyrex|[spread] \n|-activate|p1a: Zamazenta|move: Wide Guard\n|-activate|p1b: Calyrex|move: Wide Guard\n|move|p2b: Co-Star|Electro Drift|p1b: Calyrex\n|-enditem|p1b: Calyrex|Focus Sash\n|-damage|p1b: Calyrex|1/100\n|move|p1b: Calyrex|Astral Barrage|p2b: Co-Star|[spread] p2a,p2b\n|-damage|p2a: Calyrex|66/100\n|-damage|p2b: Co-Star|52/100\n|\n|upkeep\n|turn|7\n|inactive|rito buff zed has 30 seconds left.\n|\n|t:|1772516810\n|move|p1a: Zamazenta|Protect||[still]\n|-fail|p1a: Zamazenta\n|move|p1b: Calyrex|Protect|p1b: Calyrex\n|-singleturn|p1b: Calyrex|Protect\n|move|p2a: Calyrex|High Horsepower|p1a: Zamazenta\n|-damage|p1a: Zamazenta|27/100\n|move|p2b: Co-Star|Electro Drift|p1a: Zamazenta\n|-resisted|p1a: Zamazenta\n|-damage|p1a: Zamazenta|0 fnt\n|faint|p1a: Zamazenta\n|\n|-fieldend|move: Trick Room\n|upkeep\n|turn|8\n|\n|t:|1772516825\n|move|p1b: Calyrex|Astral Barrage|p2b: Co-Star|[spread] p2a,p2b\n|-damage|p2a: Calyrex|31/100\n|-damage|p2b: Co-Star|4/100\n|move|p2b: Co-Star|Electro Drift|p1b: Calyrex\n|-damage|p1b: Calyrex|0 fnt\n|faint|p1b: Calyrex\n|\n|win|lalo's pollos\n|raw|rito buff zed's rating: 1552 &rarr; <strong>1528</strong><br />(-24 for losing)\n|raw|lalo&apos;s pollos's rating: 1477 &rarr; <strong>1501</strong><br />(+24 for winning)\n|l|\u2606rito buff zed\n|player|p1|\n","uploadtime":1772517051,"views":21,"formatid":"gen9vgc2026regi","rating":1501,"private":0,"password":null}