{"id":"gen9vgc2026regi-2519994233","format":"[Gen 9] VGC 2026 Reg I","players":["Voth","Pacek_Panama"],"log":"|j|\u2606Voth\n|j|\u2606Pacek_Panama\n|t:|1768578231\n|gametype|doubles\n|player|p1|Voth|dawn|1251\n|player|p2|Pacek_Panama|102|1354\n|gen|9\n|tier|[Gen 9] VGC 2026 Reg I\n|rated|\n|rule|Species Clause: Limit one of each Pok\u00e9mon\n|rule|Item Clause: Limit 1 of each item\n|clearpoke\n|poke|p1|Urshifu-*, L50, M|\n|poke|p1|Calyrex-Ice, L50|\n|poke|p1|Tornadus, L50, M|\n|poke|p1|Landorus, L50, M|\n|poke|p1|Rillaboom, L50, F|\n|poke|p1|Kyogre, L50|\n|poke|p2|Calyrex-Ice, L50|\n|poke|p2|Rillaboom, L50, F|\n|poke|p2|Incineroar, L50, M|\n|poke|p2|Amoonguss, L50, M|\n|poke|p2|Palkia, L50|\n|poke|p2|Flutter Mane, L50|\n|teampreview|4\n|\n|t:|1768578255\n|teamsize|p1|4\n|teamsize|p2|4\n|start\n|switch|p1a: Korra|Calyrex-Ice, L50|100/100\n|switch|p1b: Nuke|Kyogre, L50|100/100\n|switch|p2a: Palkia|Palkia, L50|100/100\n|switch|p2b: Amoonguss|Amoonguss, L50, M|100/100\n|-ability|p1a: Korra|As One\n|-ability|p1a: Korra|Unnerve\n|-ability|p2a: Palkia|Pressure\n|-weather|RainDance|[from] ability: Drizzle|[of] p1b: Nuke\n|turn|1\n|\n|t:|1768578276\n|switch|p1b: Harambe|Rillaboom, L50, F|100/100\n|-fieldstart|move: Grassy Terrain|[from] ability: Grassy Surge|[of] p1b: Harambe\n|move|p2b: Amoonguss|Protect|p2b: Amoonguss\n|-singleturn|p2b: Amoonguss|Protect\n|move|p2a: Palkia|Spacial Rend|p1b: Harambe\n|-damage|p1b: Harambe|54/100\n|move|p1a: Korra|Glacial Lance|p2b: Amoonguss|[spread] p2a\n|-activate|p2b: Amoonguss|move: Protect\n|-damage|p2a: Palkia|56/100\n|\n|-weather|RainDance|[upkeep]\n|-heal|p2a: Palkia|62/100|[from] Grassy Terrain\n|-heal|p1b: Harambe|60/100|[from] Grassy Terrain\n|upkeep\n|turn|2\n|inactive|Battle timer is ON: inactive players will automatically lose when time's up. (requested by Voth)\n|\n|t:|1768578304\n|switch|p2b: Incineroar|Incineroar, L50, M|100/100\n|-ability|p2b: Incineroar|Intimidate|boost\n|-unboost|p1a: Korra|atk|1\n|-unboost|p1b: Harambe|atk|1\n|move|p2a: Palkia|Protect|p2a: Palkia\n|-singleturn|p2a: Palkia|Protect\n|move|p1b: Harambe|Fake Out|p2b: Incineroar\n|-damage|p2b: Incineroar|93/100\n|move|p1a: Korra|Glacial Lance|p2b: Incineroar|[spread] p2b\n|-activate|p2a: Palkia|move: Protect\n|-resisted|p2b: Incineroar\n|-damage|p2b: Incineroar|76/100\n|\n|-weather|RainDance|[upkeep]\n|-heal|p2a: Palkia|69/100|[from] Grassy Terrain\n|-heal|p1b: Harambe|66/100|[from] Grassy Terrain\n|-heal|p2b: Incineroar|82/100|[from] Grassy Terrain\n|upkeep\n|turn|3\n|\n|t:|1768578326\n|switch|p2a: Calyrex|Calyrex-Ice, L50|100/100\n|-ability|p2a: Calyrex|As One\n|-ability|p2a: Calyrex|Unnerve\n|switch|p1a: Kaul Hilo|Landorus, L50, M|100/100\n|move|p2b: Incineroar|Fake Out|p1a: Kaul Hilo\n|-damage|p1a: Kaul Hilo|88/100\n|move|p1b: Harambe|Wood Hammer|p2a: Calyrex\n|-damage|p2a: Calyrex|68/100\n|-damage|p1b: Harambe|55/100|[from] Recoil\n|\n|-weather|RainDance|[upkeep]\n|-heal|p1b: Harambe|61/100|[from] Grassy Terrain\n|-heal|p2b: Incineroar|88/100|[from] Grassy Terrain\n|-heal|p2a: Calyrex|74/100|[from] Grassy Terrain\n|upkeep\n|turn|4\n|inactive|Voth has 30 seconds left.\n|inactive|Pacek_Panama has 30 seconds left.\n|\n|t:|1768578352\n|switch|p2b: Amoonguss|Amoonguss, L50, M|100/100\n|-terastallize|p1a: Kaul Hilo|Poison\n|move|p1a: Kaul Hilo|Sandsear Storm|p2a: Calyrex|[spread] p2a,p2b\n|-damage|p2a: Calyrex|36/100\n|-damage|p2b: Amoonguss|51/100\n|move|p1b: Harambe|U-turn|p2a: Calyrex\n|-supereffective|p2a: Calyrex\n|-damage|p2a: Calyrex|18/100\n|\n|t:|1768578363\n|switch|p1b: Korra|Calyrex-Ice, L50|100/100|[from] U-turn\n|-ability|p1b: Korra|As One\n|-ability|p1b: Korra|Unnerve\n|move|p2a: Calyrex|Trick Room|p2a: Calyrex\n|-fieldstart|move: Trick Room|[of] p2a: Calyrex\n|\n|-weather|RainDance|[upkeep]\n|-heal|p2b: Amoonguss|57/100|[from] Grassy Terrain\n|-heal|p2a: Calyrex|24/100|[from] Grassy Terrain\n|-heal|p1a: Kaul Hilo|94/100|[from] Grassy Terrain\n|upkeep\n|turn|5\n|inactive|Voth has 30 seconds left.\n|\n|t:|1768578392\n|-terastallize|p2b: Amoonguss|Water\n|move|p2a: Calyrex|Protect|p2a: Calyrex\n|-singleturn|p2a: Calyrex|Protect\n|move|p2b: Amoonguss|Spore|p1a: Kaul Hilo\n|-status|p1a: Kaul Hilo|slp|[from] move: Spore\n|move|p1b: Korra|Leech Seed|p2a: Calyrex\n|-activate|p2a: Calyrex|move: Protect\n|cant|p1a: Kaul Hilo|slp\n|\n|-weather|none\n|-heal|p2b: Amoonguss|63/100|[from] Grassy Terrain\n|-heal|p2a: Calyrex|30/100|[from] Grassy Terrain\n|-heal|p1a: Kaul Hilo|100/100 slp|[from] Grassy Terrain\n|-fieldend|move: Grassy Terrain\n|upkeep\n|turn|6\n|inactive|Voth has 30 seconds left.\n|inactive|Voth has 20 seconds left.\n|inactive|Voth has 15 seconds left.\n|\n|t:|1768578436\n|switch|p1a: Nuke|Kyogre, L50|100/100\n|-weather|RainDance|[from] ability: Drizzle|[of] p1a: Nuke\n|move|p1b: Korra|Protect|p1b: Korra\n|-singleturn|p1b: Korra|Protect\n|move|p2b: Amoonguss|Spore|p1b: Korra\n|-activate|p1b: Korra|move: Protect\n|move|p2a: Calyrex|Glacial Lance|p1a: Nuke|[spread] p1a\n|-activate|p1b: Korra|move: Protect\n|-resisted|p1a: Nuke\n|-damage|p1a: Nuke|72/100\n|\n|-weather|RainDance|[upkeep]\n|upkeep\n|turn|7\n|\n|t:|1768578452\n|move|p2b: Amoonguss|Spore|p1b: Korra\n|-status|p1b: Korra|slp|[from] move: Spore\n|move|p2a: Calyrex|Glacial Lance|p1a: Nuke|[spread] p1a,p1b\n|-resisted|p1a: Nuke\n|-resisted|p1b: Korra\n|-damage|p1a: Nuke|43/100\n|-damage|p1b: Korra|83/100 slp\n|cant|p1b: Korra|slp\n|move|p1a: Nuke|Thunder|p2b: Amoonguss\n|-supereffective|p2b: Amoonguss\n|-damage|p2b: Amoonguss|0 fnt\n|faint|p2b: Amoonguss\n|\n|-weather|RainDance|[upkeep]\n|-heal|p1b: Korra|89/100 slp|[from] item: Leftovers\n|upkeep\n|\n|t:|1768578466\n|switch|p2b: Palkia|Palkia, L50|69/100\n|-ability|p2b: Palkia|Pressure\n|turn|8\n|\n|t:|1768578478\n|move|p1a: Nuke|Protect|p1a: Nuke\n|-singleturn|p1a: Nuke|Protect\n|move|p2a: Calyrex|Glacial Lance|p1b: Korra|[spread] p1b\n|-activate|p1a: Nuke|move: Protect\n|-resisted|p1b: Korra\n|-damage|p1b: Korra|70/100 slp\n|-curestatus|p1b: Korra|slp|[msg]\n|move|p1b: Korra|Leech Seed|p2a: Calyrex\n|-start|p2a: Calyrex|move: Leech Seed\n|move|p2b: Palkia|Spacial Rend|p1a: Nuke\n|-activate|p1a: Nuke|move: Protect\n|\n|-weather|RainDance|[upkeep]\n|-heal|p1b: Korra|76/100|[from] item: Leftovers\n|-damage|p2a: Calyrex|18/100|[from] Leech Seed|[of] p1b: Korra\n|-heal|p1b: Korra|88/100|[silent]\n|-fieldend|move: Trick Room\n|upkeep\n|turn|9\n|inactive|Voth has 30 seconds left.\n|\n|t:|1768578508\n|switch|p2a: Incineroar|Incineroar, L50, M|88/100\n|-ability|p2a: Incineroar|Intimidate|boost\n|-unboost|p1a: Nuke|atk|1\n|-unboost|p1b: Korra|atk|1\n|move|p2b: Palkia|Spacial Rend|p1a: Nuke\n|-damage|p1a: Nuke|2/100\n|move|p1a: Nuke|Origin Pulse|p2a: Incineroar|[spread] p2b\n|-miss|p1a: Nuke|p2a: Incineroar\n|-resisted|p2b: Palkia\n|-damage|p2b: Palkia|53/100\n|move|p1b: Korra|Glacial Lance|p2b: Palkia|[spread] p2a,p2b\n|-resisted|p2a: Incineroar\n|-damage|p2a: Incineroar|73/100\n|-damage|p2b: Palkia|25/100\n|\n|-weather|RainDance|[upkeep]\n|-heal|p1b: Korra|94/100|[from] item: Leftovers\n|upkeep\n|turn|10\n|inactive|Voth has 30 seconds left.\n|\n|t:|1768578540\n|switch|p1a: Harambe|Rillaboom, L50, F|61/100\n|-fieldstart|move: Grassy Terrain|[from] ability: Grassy Surge|[of] p1a: Harambe\n|switch|p1b: Kaul Hilo|Landorus, L50, M, tera:Poison|100/100 slp\n|move|p2b: Palkia|Spacial Rend|p1b: Kaul Hilo\n|-damage|p1b: Kaul Hilo|14/100 slp\n|move|p2a: Incineroar|Knock Off|p1b: Kaul Hilo\n|-damage|p1b: Kaul Hilo|0 fnt\n|-enditem|p1b: Kaul Hilo|Life Orb|[from] move: Knock Off|[of] p2a: Incineroar\n|faint|p1b: Kaul Hilo\n|\n|-weather|none\n|-heal|p2b: Palkia|31/100|[from] Grassy Terrain\n|-heal|p1a: Harambe|67/100|[from] Grassy Terrain\n|-heal|p2a: Incineroar|79/100|[from] Grassy Terrain\n|upkeep\n|\n|t:|1768578555\n|switch|p1b: Nuke|Kyogre, L50|2/100\n|-weather|RainDance|[from] ability: Drizzle|[of] p1b: Nuke\n|turn|11\n|\n|t:|1768578571\n|move|p1a: Harambe|Fake Out|p2b: Palkia\n|-damage|p2b: Palkia|21/100\n|cant|p2b: Palkia|flinch\n|move|p1b: Nuke|Origin Pulse|p2b: Palkia|[spread] p2b\n|-miss|p1b: Nuke|p2a: Incineroar\n|-resisted|p2b: Palkia\n|-damage|p2b: Palkia|5/100\n|move|p2a: Incineroar|Knock Off|p1b: Nuke\n|-damage|p1b: Nuke|0 fnt\n|-enditem|p1b: Nuke|Mystic Water|[from] move: Knock Off|[of] p2a: Incineroar\n|faint|p1b: Nuke\n|\n|-weather|RainDance|[upkeep]\n|-heal|p2b: Palkia|11/100|[from] Grassy Terrain\n|-heal|p1a: Harambe|72/100|[from] Grassy Terrain\n|-heal|p2a: Incineroar|85/100|[from] Grassy Terrain\n|upkeep\n|\n|t:|1768578583\n|switch|p1b: Korra|Calyrex-Ice, L50|94/100\n|-ability|p1b: Korra|As One\n|-ability|p1b: Korra|Unnerve\n|turn|12\n|inactive|Pacek_Panama has 30 seconds left.\n|\n|t:|1768578609\n|move|p2b: Palkia|Protect|p2b: Palkia\n|-singleturn|p2b: Palkia|Protect\n|move|p1a: Harambe|Grassy Glide|p2b: Palkia\n|-activate|p2b: Palkia|move: Protect\n|move|p2a: Incineroar|Knock Off|p1a: Harambe\n|-damage|p1a: Harambe|42/100\n|-enditem|p1a: Harambe|Assault Vest|[from] move: Knock Off|[of] p2a: Incineroar\n|move|p1b: Korra|Leech Seed|p2a: Incineroar\n|-start|p2a: Incineroar|move: Leech Seed\n|\n|-weather|RainDance|[upkeep]\n|-heal|p2b: Palkia|17/100|[from] Grassy Terrain\n|-heal|p1a: Harambe|48/100|[from] Grassy Terrain\n|-heal|p2a: Incineroar|91/100|[from] Grassy Terrain\n|-heal|p1b: Korra|99/100|[from] Grassy Terrain\n|-heal|p1b: Korra|100/100|[from] item: Leftovers\n|-damage|p2a: Incineroar|79/100|[from] Leech Seed|[of] p1b: Korra\n|upkeep\n|turn|13\n|inactive|Pacek_Panama has 30 seconds left.\n|inactive|Pacek_Panama has 20 seconds left.\n|inactive|Pacek_Panama has 15 seconds left.\n|inactive|Pacek_Panama has 10 seconds left.\n|inactive|Pacek_Panama has 5 seconds left.\n|\n|t:|1768578660\n|switch|p2b: Calyrex|Calyrex-Ice, L50|18/100\n|-ability|p2b: Calyrex|As One\n|-ability|p2b: Calyrex|Unnerve\n|move|p1a: Harambe|Grassy Glide|p2b: Calyrex\n|-damage|p2b: Calyrex|0 fnt\n|faint|p2b: Calyrex\n|move|p2a: Incineroar|Knock Off|p1b: Korra\n|-supereffective|p1b: Korra\n|-damage|p1b: Korra|54/100\n|-enditem|p1b: Korra|Leftovers|[from] move: Knock Off|[of] p2a: Incineroar\n|move|p1b: Korra|Glacial Lance|p2a: Incineroar\n|-resisted|p2a: Incineroar\n|-damage|p2a: Incineroar|48/100\n|\n|-weather|RainDance|[upkeep]\n|-heal|p1a: Harambe|54/100|[from] Grassy Terrain\n|-heal|p2a: Incineroar|53/100|[from] Grassy Terrain\n|-heal|p1b: Korra|60/100|[from] Grassy Terrain\n|-damage|p2a: Incineroar|41/100|[from] Leech Seed|[of] p1b: Korra\n|-heal|p1b: Korra|72/100|[silent]\n|upkeep\n|\n|t:|1768578678\n|switch|p2b: Palkia|Palkia, L50|17/100\n|-ability|p2b: Palkia|Pressure\n|turn|14\n|\n|t:|1768578694\n|move|p2b: Palkia|Protect|p2b: Palkia\n|-singleturn|p2b: Palkia|Protect\n|move|p1a: Harambe|Wood Hammer|p2a: Incineroar\n|-resisted|p2a: Incineroar\n|-damage|p2a: Incineroar|6/100\n|-damage|p1a: Harambe|43/100|[from] Recoil\n|move|p2a: Incineroar|Knock Off|p1b: Korra\n|-supereffective|p1b: Korra\n|-damage|p1b: Korra|39/100\n|move|p1b: Korra|Glacial Lance|p2b: Palkia|[spread] p2a\n|-activate|p2b: Palkia|move: Protect\n|-resisted|p2a: Incineroar\n|-damage|p2a: Incineroar|0 fnt\n|faint|p2a: Incineroar\n|-ability|p1b: Korra|Chilling Neigh|boost\n|-boost|p1b: Korra|atk|1\n|\n|-weather|RainDance|[upkeep]\n|-heal|p2b: Palkia|23/100|[from] Grassy Terrain\n|-heal|p1a: Harambe|48/100|[from] Grassy Terrain\n|-heal|p1b: Korra|45/100|[from] Grassy Terrain\n|-fieldend|move: Grassy Terrain\n|upkeep\n|turn|15\n|inactive|Voth has 30 seconds left.\n|inactive|Voth has 20 seconds left.\n|\n|t:|1768578730\n|move|p2b: Palkia|Spacial Rend|p1b: Korra\n|-damage|p1b: Korra|6/100\n|move|p1a: Harambe|Wood Hammer|p2b: Palkia\n|-damage|p2b: Palkia|0 fnt\n|faint|p2b: Palkia\n|-damage|p1a: Harambe|41/100|[from] Recoil\n|\n|win|Voth\n|raw|Voth's rating: 1251 &rarr; <strong>1283</strong><br />(+32 for winning)\n|raw|Pacek_Panama's rating: 1354 &rarr; <strong>1328</strong><br />(-26 for losing)\n|l|\u2606Pacek_Panama\n|player|p2|\n|l|\u2606Voth\n|player|p1|\n","uploadtime":1768578897,"views":13,"formatid":"gen9vgc2026regi","rating":1283,"private":0,"password":null}