{"id":"gen9vgc2026regi-2551078072","format":"[Gen 9] VGC 2026 Reg I","players":["xbudgie_","Zorse Mentality"],"log":"|j|\u2606xbudgie_\n|j|\u2606Zorse Mentality\n|t:|1772562928\n|gametype|doubles\n|player|p1|xbudgie_|n|1157\n|player|p2|Zorse Mentality|266|1318\n|gen|9\n|tier|[Gen 9] VGC 2026 Reg I\n|rated|\n|rule|Species Clause: Limit one of each Pok\u00e9mon\n|rule|Item Clause: Limit 1 of each item\n|clearpoke\n|poke|p1|Zoroark-Hisui, L50, F|\n|poke|p1|Quaquaval, L50, M|\n|poke|p1|Urshifu-*, L50, M|\n|poke|p1|Iron Boulder, L50|\n|poke|p1|Ogerpon-Cornerstone, L50, F|\n|poke|p1|Kommo-o, L50, M|\n|poke|p2|Miraidon, L50|\n|poke|p2|Lunala, L50|\n|poke|p2|Dondozo, L50, M|\n|poke|p2|Tatsugiri, L50, M|\n|poke|p2|Raichu-Alola, L50, M|\n|poke|p2|Ursaluna, L50, M|\n|teampreview|4\n|inactive|Battle timer is ON: inactive players will automatically lose when time's up. (requested by Zorse Mentality)\n|\n|t:|1772562959\n|teamsize|p1|4\n|teamsize|p2|4\n|start\n|switch|p1a: Urshifu|Urshifu, L50, M|100/100\n|switch|p1b: Iron Boulder|Iron Boulder, L50|100/100\n|switch|p2a: Raichu|Raichu-Alola, L50, M|100/100\n|switch|p2b: Miraidon|Miraidon, L50|100/100\n|-fieldstart|move: Electric Terrain|[from] ability: Hadron Engine|[of] p2b: Miraidon\n|-activate|p1b: Iron Boulder|ability: Quark Drive\n|-start|p1b: Iron Boulder|quarkdriveatk\n|turn|1\n|inactive|xbudgie_ has 30 seconds left.\n|inactive|Zorse Mentality has 30 seconds left.\n|inactive|xbudgie_ has 20 seconds left.\n|inactive|Zorse Mentality has 20 seconds left.\n|inactive|xbudgie_ has 15 seconds left.\n|inactive|Zorse Mentality has 15 seconds left.\n|inactive|xbudgie_ has 10 seconds left.\n|inactive|Zorse Mentality has 10 seconds left.\n|inactive|Zorse Mentality has 5 seconds left.\n|\n|t:|1772563009\n|move|p1b: Iron Boulder|Protect|p1b: Iron Boulder\n|-singleturn|p1b: Iron Boulder|Protect\n|move|p1a: Urshifu|Detect|p1a: Urshifu\n|-singleturn|p1a: Urshifu|Protect\n|move|p2a: Raichu|Fling|p1a: Urshifu\n|-activate|p1a: Urshifu|move: Protect\n|-enditem|p2a: Raichu|King's Rock|[from] move: Fling\n|move|p2b: Miraidon|Snarl|p1a: Urshifu|[spread] \n|-activate|p1a: Urshifu|move: Protect\n|-activate|p1b: Iron Boulder|move: Protect\n|\n|upkeep\n|turn|2\n|inactive|Zorse Mentality has 30 seconds left.\n|inactive|Zorse Mentality has 20 seconds left.\n|\n|t:|1772563047\n|switch|p2b: Dondozo|Dondozo, L50, M|100/100\n|move|p1a: Urshifu|Sucker Punch|p2a: Raichu\n|-supereffective|p2a: Raichu\n|-damage|p2a: Raichu|0 fnt\n|faint|p2a: Raichu\n|move|p1b: Iron Boulder|Swords Dance|p1b: Iron Boulder\n|-boost|p1b: Iron Boulder|atk|2\n|\n|upkeep\n|\n|t:|1772563056\n|switch|p2a: Tatsugiri|Tatsugiri, L50, M|100/100\n|-activate|p2a: Tatsugiri|ability: Commander|[of] p2b: Dondozo\n|-boost|p2b: Dondozo|atk|2\n|-boost|p2b: Dondozo|spa|2\n|-boost|p2b: Dondozo|spe|2\n|-boost|p2b: Dondozo|def|2\n|-boost|p2b: Dondozo|spd|2\n|turn|3\n|\n|t:|1772563069\n|move|p1b: Iron Boulder|Sacred Sword|p2b: Dondozo\n|-damage|p2b: Dondozo|76/100\n|-damage|p1b: Iron Boulder|84/100|[from] item: Rocky Helmet|[of] p2b: Dondozo\n|move|p1a: Urshifu|Wicked Blow|p2b: Dondozo\n|-crit|p2b: Dondozo\n|-damage|p2b: Dondozo|32/100\n|-damage|p1a: Urshifu|84/100|[from] item: Rocky Helmet|[of] p2b: Dondozo\n|move|p2b: Dondozo|Earthquake|p1a: Urshifu|[spread] p1a,p1b\n|-miss|p2b: Dondozo|p2a: Tatsugiri\n|-supereffective|p1b: Iron Boulder\n|-damage|p1a: Urshifu|48/100\n|-damage|p1b: Iron Boulder|0 fnt\n|faint|p1b: Iron Boulder\n|-end|p1b: Iron Boulder|Quark Drive|[silent]\n|\n|upkeep\n|\n|t:|1772563085\n|switch|p1b: Kommo-o|Kommo-o, L50, M|100/100\n|turn|4\n|\n|t:|1772563109\n|move|p1a: Urshifu|Wicked Blow|p2b: Dondozo\n|-crit|p2b: Dondozo\n|-damage|p2b: Dondozo|0 fnt\n|-damage|p1a: Urshifu|31/100|[from] item: Rocky Helmet|[of] p2b: Dondozo\n|faint|p2b: Dondozo\n|move|p1b: Kommo-o|Dragon Claw|p2a: Tatsugiri\n|-supereffective|p2a: Tatsugiri\n|-enditem|p2a: Tatsugiri|Focus Sash\n|-damage|p2a: Tatsugiri|1/100\n|\n|upkeep\n|\n|t:|1772563118\n|switch|p2b: Miraidon|Miraidon, L50|100/100\n|-activate|p2b: Miraidon|ability: Hadron Engine\n|turn|5\n|inactive|Zorse Mentality has 30 seconds left.\n|\n|t:|1772563146\n|-terastallize|p2b: Miraidon|Electric\n|-terastallize|p1b: Kommo-o|Steel\n|move|p2a: Tatsugiri|Protect|p2a: Tatsugiri\n|-singleturn|p2a: Tatsugiri|Protect\n|move|p1a: Urshifu|Sucker Punch|p2b: Miraidon\n|-crit|p2b: Miraidon\n|-damage|p2b: Miraidon|47/100\n|move|p2b: Miraidon|Electro Drift|p1b: Kommo-o\n|-damage|p1b: Kommo-o|0 fnt\n|faint|p1b: Kommo-o\n|\n|-fieldend|move: Electric Terrain\n|upkeep\n|\n|t:|1772563159\n|switch|p1b: Ogerpon|Ogerpon-Cornerstone, L50, F|100/100\n|turn|6\n|inactive|Zorse Mentality has 30 seconds left.\n|inactive|Zorse Mentality has 20 seconds left.\n|inactive|Zorse Mentality has 15 seconds left.\n|inactive|Zorse Mentality has 10 seconds left.\n|\n|t:|1772563207\n|move|p1b: Ogerpon|Spiky Shield|p1b: Ogerpon\n|-singleturn|p1b: Ogerpon|move: Protect\n|move|p2b: Miraidon|Electro Drift|p1a: Urshifu\n|-damage|p1a: Urshifu|0 fnt\n|faint|p1a: Urshifu\n|move|p2a: Tatsugiri|Icy Wind|p1b: Ogerpon\n|-activate|p1b: Ogerpon|move: Protect\n|\n|upkeep\n|turn|7\n|\n|t:|1772563223\n|move|p2b: Miraidon|Electro Drift|p1b: Ogerpon\n|-resisted|p1b: Ogerpon\n|-damage|p1b: Ogerpon|52/100\n|move|p1b: Ogerpon|Horn Leech|p2b: Miraidon\n|-damage|p2b: Miraidon|10/100\n|-heal|p1b: Ogerpon|77/100|[from] drain|[of] p2b: Miraidon\n|move|p2a: Tatsugiri|Icy Wind|p1b: Ogerpon\n|-supereffective|p1b: Ogerpon\n|-damage|p1b: Ogerpon|33/100\n|-unboost|p1b: Ogerpon|spe|1\n|\n|upkeep\n|turn|8\n|inactive|Zorse Mentality has 30 seconds left.\n|inactive|Zorse Mentality has 20 seconds left.\n|\n|t:|1772563261\n|move|p1b: Ogerpon|Spiky Shield|p1b: Ogerpon\n|-singleturn|p1b: Ogerpon|move: Protect\n|move|p2b: Miraidon|Electro Drift|p2a: Tatsugiri\n|-damage|p2a: Tatsugiri|0 fnt\n|faint|p2a: Tatsugiri\n|\n|upkeep\n|turn|9\n|inactive|xbudgie_ has 30 seconds left.\n|inactive|xbudgie_ has 20 seconds left.\n|inactive|xbudgie_ has 15 seconds left.\n|inactive|xbudgie_ has 10 seconds left.\n|inactive|xbudgie_ has 5 seconds left.\n|\n|t:|1772563317\n|move|p2b: Miraidon|Electro Drift|p1b: Ogerpon\n|-resisted|p1b: Ogerpon\n|-damage|p1b: Ogerpon|0 fnt\n|faint|p1b: Ogerpon\n|\n|win|Zorse Mentality\n|raw|xbudgie_'s rating: 1157 &rarr; <strong>1143</strong><br />(-14 for losing)\n|raw|Zorse Mentality's rating: 1318 &rarr; <strong>1329</strong><br />(+11 for winning)\n|l|\u2606xbudgie_\n|player|p1|\n|l|\u2606Zorse Mentality\n|player|p2|\n","uploadtime":1772563569,"views":17,"formatid":"gen9vgc2026regi","rating":1143,"private":0,"password":null}