{"id":"gen9vgc2026regi-2537835067","format":"[Gen 9] VGC 2026 Reg I","players":["pzyxhic","Walkertiw"],"log":"|j|\u2606pzyxhic\n|j|\u2606Walkertiw\n|t:|1770853298\n|gametype|doubles\n|player|p1|pzyxhic|102|1296\n|player|p2|Walkertiw|169|1265\n|gen|9\n|tier|[Gen 9] VGC 2026 Reg I\n|rated|\n|rule|Species Clause: Limit one of each Pok\u00e9mon\n|rule|Item Clause: Limit 1 of each item\n|clearpoke\n|poke|p1|Giratina-Origin, L50|\n|poke|p1|Zamazenta-*, L50|\n|poke|p1|Incineroar, L50, F|\n|poke|p1|Amoonguss, L50, F|\n|poke|p1|Urshifu-*, L50, F|\n|poke|p1|Grimmsnarl, L50, M|\n|poke|p2|Lunala, L50|\n|poke|p2|Koraidon, L50|\n|poke|p2|Ursaluna, L50, M|\n|poke|p2|Flutter Mane, L50|\n|poke|p2|Incineroar, L50, F|\n|poke|p2|Amoonguss, L50, F|\n|teampreview|4\n|inactive|Battle timer is ON: inactive players will automatically lose when time's up. (requested by Walkertiw)\n|\n|t:|1770853348\n|teamsize|p1|4\n|teamsize|p2|4\n|start\n|switch|p1a: Grimmsnarl|Grimmsnarl, L50, M|100/100\n|switch|p1b: Zamazenta|Zamazenta-Crowned, L50|100/100\n|switch|p2a: Incineroar|Incineroar, L50, F, shiny|100/100\n|switch|p2b: Agatha|Flutter Mane, L50, shiny|100/100\n|-ability|p1b: Zamazenta|Dauntless Shield|boost\n|-boost|p1b: Zamazenta|def|1\n|-ability|p2a: Incineroar|Intimidate|boost\n|-unboost|p1a: Grimmsnarl|atk|1\n|-unboost|p1b: Zamazenta|atk|1\n|turn|1\n|inactive|Walkertiw has 30 seconds left.\n|\n|t:|1770853374\n|move|p2a: Incineroar|Fake Out|p1a: Grimmsnarl\n|-damage|p1a: Grimmsnarl|87/100\n|move|p1a: Grimmsnarl|Light Screen|p1a: Grimmsnarl\n|-sidestart|p1: pzyxhic|move: Light Screen\n|move|p2b: Agatha|Moonblast|p1a: Grimmsnarl\n|-supereffective|p1a: Grimmsnarl\n|-damage|p1a: Grimmsnarl|34/100\n|move|p1b: Zamazenta|Heavy Slam|p2b: Agatha\n|-supereffective|p2b: Agatha\n|-enditem|p2b: Agatha|Focus Sash\n|-damage|p2b: Agatha|1/100\n|\n|upkeep\n|turn|2\n|\n|t:|1770853395\n|-end|p2b: Agatha|Protosynthesis|[silent]\n|switch|p2b: R\u00e1pido|Koraidon, L50, shiny|100/100\n|-weather|SunnyDay|[from] ability: Orichalcum Pulse|[of] p2b: R\u00e1pido\n|-activate|p2b: R\u00e1pido|Orichalcum Pulse|[source]\n|move|p1a: Grimmsnarl|Thunder Wave|p2b: R\u00e1pido\n|-status|p2b: R\u00e1pido|par\n|move|p1b: Zamazenta|Body Press|p2a: Incineroar\n|-supereffective|p2a: Incineroar\n|-damage|p2a: Incineroar|0 fnt\n|faint|p2a: Incineroar\n|\n|-weather|SunnyDay|[upkeep]\n|upkeep\n|\n|t:|1770853406\n|switch|p2a: G G|Lunala, L50, shiny|100/100\n|turn|3\n|\n|t:|1770853425\n|-terastallize|p2b: R\u00e1pido|Fire\n|move|p1a: Grimmsnarl|Thunder Wave|p2a: G G|[miss]\n|-miss|p1a: Grimmsnarl|p2a: G G\n|move|p1b: Zamazenta|Heavy Slam|p2a: G G\n|-damage|p2a: G G|88/100\n|move|p2a: G G|Moonblast|p1a: Grimmsnarl\n|-supereffective|p1a: Grimmsnarl\n|-damage|p1a: Grimmsnarl|0 fnt\n|faint|p1a: Grimmsnarl\n|move|p2b: R\u00e1pido|Flare Blitz|p1b: Zamazenta\n|-supereffective|p1b: Zamazenta\n|-damage|p1b: Zamazenta|0 fnt\n|faint|p1b: Zamazenta\n|-damage|p2b: R\u00e1pido|63/100 par|[from] Recoil\n|-damage|p2b: R\u00e1pido|53/100 par|[from] item: Life Orb\n|\n|-weather|SunnyDay|[upkeep]\n|-heal|p2a: G G|94/100|[from] item: Leftovers\n|upkeep\n|\n|t:|1770853446\n|switch|p1b: Incineroar|Incineroar, L50, F|100/100\n|switch|p1a: Giratina|Giratina-Origin, L50|100/100\n|-ability|p1b: Incineroar|Intimidate|boost\n|-unboost|p2a: G G|atk|1\n|-unboost|p2b: R\u00e1pido|atk|1\n|turn|4\n|inactive|pzyxhic has 30 seconds left.\n|inactive|pzyxhic has 20 seconds left.\n|\n|t:|1770853484\n|switch|p2b: Agatha|Flutter Mane, L50, shiny|1/100\n|-activate|p2b: Agatha|ability: Protosynthesis\n|-start|p2b: Agatha|protosynthesisspe\n|move|p1b: Incineroar|Fake Out|p2b: Agatha\n|-immune|p2b: Agatha\n|move|p2a: G G|Moongeist Beam|p1a: Giratina\n|-supereffective|p1a: Giratina\n|-damage|p1a: Giratina|49/100\n|move|p1a: Giratina|Poltergeist|p2a: G G\n|-activate|p2a: G G|move: Poltergeist|Leftovers\n|-supereffective|p2a: G G\n|-damage|p2a: G G|0 fnt\n|faint|p2a: G G\n|\n|-weather|SunnyDay|[upkeep]\n|upkeep\n|\n|t:|1770853495\n|switch|p2a: R\u00e1pido|Koraidon, L50, shiny, tera:Fire|53/100 par\n|-activate|p2a: R\u00e1pido|ability: Orichalcum Pulse\n|turn|5\n|\n|t:|1770853523\n|-terastallize|p1b: Incineroar|Water\n|move|p1a: Giratina|Shadow Sneak|p2b: Agatha\n|-supereffective|p2b: Agatha\n|-damage|p2b: Agatha|0 fnt\n|faint|p2b: Agatha\n|-end|p2b: Agatha|Protosynthesis|[silent]\n|move|p2a: R\u00e1pido|Close Combat|p1b: Incineroar\n|-damage|p1b: Incineroar|2/100\n|-unboost|p2a: R\u00e1pido|def|1\n|-unboost|p2a: R\u00e1pido|spd|1\n|-damage|p2a: R\u00e1pido|44/100 par|[from] item: Life Orb\n|move|p1b: Incineroar|Knock Off|p2a: R\u00e1pido\n|-damage|p2a: R\u00e1pido|0 fnt\n|-enditem|p2a: R\u00e1pido|Life Orb|[from] move: Knock Off|[of] p1b: Incineroar\n|faint|p2a: R\u00e1pido\n|\n|win|pzyxhic\n|raw|pzyxhic's rating: 1296 &rarr; <strong>1319</strong><br />(+23 for winning)\n|raw|Walkertiw's rating: 1265 &rarr; <strong>1242</strong><br />(-23 for losing)\n|l|\u2606Walkertiw\n|player|p2|\n|l|\u2606pzyxhic\n|player|p1|\n","uploadtime":1770853693,"views":10,"formatid":"gen9vgc2026regi","rating":1242,"private":0,"password":null}