{"id":"gen9vgc2026regi-2536048152","format":"[Gen 9] VGC 2026 Reg I","players":["pzyxhic","Air947"],"log":"|j|\u2606pzyxhic\n|j|\u2606Air947\n|t:|1770649274\n|gametype|doubles\n|player|p1|pzyxhic|266|1329\n|player|p2|Air947|2|1317\n|gen|9\n|tier|[Gen 9] VGC 2026 Reg I\n|rated|\n|rule|Species Clause: Limit one of each Pok\u00e9mon\n|rule|Item Clause: Limit 1 of each item\n|clearpoke\n|poke|p1|Giratina-Origin, L50|\n|poke|p1|Zamazenta-*, L50|\n|poke|p1|Incineroar, L50, F|\n|poke|p1|Amoonguss, L50, F|\n|poke|p1|Urshifu-*, L50, F|\n|poke|p1|Grimmsnarl, L50, M|\n|poke|p2|Calyrex-Shadow, L50|\n|poke|p2|Miraidon, L50|\n|poke|p2|Whimsicott, L50, M|\n|poke|p2|Incineroar, L50, F|\n|poke|p2|Ogerpon-Wellspring, L50, F|\n|poke|p2|Annihilape, L50, F|\n|teampreview|4\n|j| here's where king!\n|\n|t:|1770649318\n|teamsize|p1|4\n|teamsize|p2|4\n|start\n|switch|p1a: Zamazenta|Zamazenta-Crowned, L50|100/100\n|switch|p1b: Urshifu|Urshifu-Rapid-Strike, L50, F|100/100\n|switch|p2a: Calyrex|Calyrex-Shadow, L50|100/100\n|switch|p2b: Whimsicott|Whimsicott, L50, M|100/100\n|-ability|p2a: Calyrex|As One\n|-ability|p2a: Calyrex|Unnerve\n|-ability|p1a: Zamazenta|Dauntless Shield|boost\n|-boost|p1a: Zamazenta|def|1\n|turn|1\n|\n|t:|1770649358\n|switch|p1b: Grimmsnarl|Grimmsnarl, L50, M|100/100\n|-terastallize|p2a: Calyrex|Fighting\n|move|p2b: Whimsicott|Fake Tears|p1a: Zamazenta\n|-unboost|p1a: Zamazenta|spd|2\n|move|p2a: Calyrex|Tera Blast|p1a: Zamazenta|[anim] Tera Blast Fighting\n|-supereffective|p1a: Zamazenta\n|-damage|p1a: Zamazenta|0 fnt\n|faint|p1a: Zamazenta\n|-ability|p2a: Calyrex|Grim Neigh|boost\n|-boost|p2a: Calyrex|spa|1\n|\n|upkeep\n|\n|t:|1770649372\n|switch|p1a: Urshifu|Urshifu-Rapid-Strike, L50, F|100/100\n|turn|2\n|\n|t:|1770649387\n|-terastallize|p1a: Urshifu|Water\n|move|p1b: Grimmsnarl|Thunder Wave|p2a: Calyrex\n|-status|p2a: Calyrex|par\n|move|p1a: Urshifu|Surging Strikes|p2a: Calyrex\n|-crit|p2a: Calyrex\n|-damage|p2a: Calyrex|66/100 par\n|-crit|p2a: Calyrex\n|-damage|p2a: Calyrex|29/100 par\n|-crit|p2a: Calyrex\n|-damage|p2a: Calyrex|0 fnt\n|faint|p2a: Calyrex\n|-hitcount|p2: Calyrex|3\n|move|p2b: Whimsicott|Moonblast|p1a: Urshifu\n|-damage|p1a: Urshifu|63/100\n|\n|upkeep\n|j| riyuezi\n|\n|t:|1770649403\n|switch|p2a: Miraidon|Miraidon, L50|100/100\n|-fieldstart|move: Electric Terrain|[from] ability: Hadron Engine|[of] p2a: Miraidon\n|turn|3\n|\n|t:|1770649423\n|move|p2b: Whimsicott|Tailwind|p2b: Whimsicott\n|-sidestart|p2: Air947|move: Tailwind\n|move|p2a: Miraidon|Volt Switch|p1b: Grimmsnarl\n|-damage|p1b: Grimmsnarl|7/100\n|\n|t:|1770649428\n|switch|p2a: Ogerpon|Ogerpon-Wellspring, L50, F|100/100|[from] Volt Switch\n|move|p1a: Urshifu|Surging Strikes|p2a: Ogerpon\n|-immune|p2a: Ogerpon|[from] ability: Water Absorb\n|move|p1b: Grimmsnarl|Spirit Break|p2a: Ogerpon\n|-damage|p2a: Ogerpon|64/100\n|-unboost|p2a: Ogerpon|spa|1\n|\n|upkeep\n|turn|4\n|l| riyuezi\n|\n|t:|1770649451\n|switch|p1a: Giratina|Giratina-Origin, L50|100/100\n|move|p1b: Grimmsnarl|Thunder Wave|p2a: Ogerpon\n|-status|p2a: Ogerpon|par\n|move|p2b: Whimsicott|Moonblast|p1b: Grimmsnarl\n|-supereffective|p1b: Grimmsnarl\n|-damage|p1b: Grimmsnarl|0 fnt\n|faint|p1b: Grimmsnarl\n|cant|p2a: Ogerpon|par\n|\n|upkeep\n|\n|t:|1770649463\n|switch|p1b: Urshifu|Urshifu-Rapid-Strike, L50, F, tera:Water|63/100\n|turn|5\n|\n|t:|1770649489\n|move|p2b: Whimsicott|Moonblast|p1a: Giratina\n|-supereffective|p1a: Giratina\n|-damage|p1a: Giratina|65/100\n|move|p1b: Urshifu|Close Combat|p2a: Ogerpon\n|-damage|p2a: Ogerpon|0 fnt\n|-unboost|p1b: Urshifu|def|1\n|-unboost|p1b: Urshifu|spd|1\n|faint|p2a: Ogerpon\n|move|p1a: Giratina|Poltergeist|p2b: Whimsicott\n|-activate|p2b: Whimsicott|move: Poltergeist|Covert Cloak\n|-damage|p2b: Whimsicott|6/100\n|\n|upkeep\n|l| here's where king!\n|\n|t:|1770649495\n|switch|p2a: Miraidon|Miraidon, L50|100/100\n|-activate|p2a: Miraidon|ability: Hadron Engine\n|turn|6\n|\n|t:|1770649508\n|move|p2b: Whimsicott|Fake Tears|p1a: Giratina\n|-unboost|p1a: Giratina|spd|2\n|move|p1a: Giratina|Shadow Sneak|p2b: Whimsicott\n|-damage|p2b: Whimsicott|0 fnt\n|faint|p2b: Whimsicott\n|move|p2a: Miraidon|Dazzling Gleam|p1a: Giratina|[spread] p1a,p1b\n|-supereffective|p1a: Giratina\n|-damage|p1a: Giratina|0 fnt\n|-damage|p1b: Urshifu|0 fnt\n|faint|p1a: Giratina\n|faint|p1b: Urshifu\n|\n|win|Air947\n|raw|pzyxhic's rating: 1329 &rarr; <strong>1308</strong><br />(-21 for losing)\n|raw|Air947's rating: 1317 &rarr; <strong>1338</strong><br />(+21 for winning)\n|l|\u2606pzyxhic\n|player|p1|\n|l|\u2606Air947\n|player|p2|\n","uploadtime":1770649687,"views":14,"formatid":"gen9vgc2026regi","rating":1308,"private":0,"password":null}