{"id":"gen9vgc2026regi-2539678257","format":"[Gen 9] VGC 2026 Reg I","players":["Azuael","SEITA"],"log":"|j|\u2606Azuael\n|j|\u2606SEITA\n|t:|1771095560\n|gametype|doubles\n|player|p1|Azuael|169|1234\n|player|p2|SEITA|lucas-gen4pt|1269\n|gen|9\n|tier|[Gen 9] VGC 2026 Reg I\n|rated|\n|rule|Species Clause: Limit one of each Pok\u00e9mon\n|rule|Item Clause: Limit 1 of each item\n|clearpoke\n|poke|p1|Zacian-*, L50|\n|poke|p1|Kyogre, L50|\n|poke|p1|Pikachu, L50, M|\n|poke|p1|Moltres-Galar, L50|\n|poke|p1|Amoonguss, L50, M|\n|poke|p1|Grimmsnarl, L50, M|\n|poke|p2|Zamazenta-*, L50|\n|poke|p2|Kyogre, L50|\n|poke|p2|Wo-Chien, L50|\n|poke|p2|Grimmsnarl, L50, M|\n|poke|p2|Landorus, L50, M|\n|poke|p2|Ditto, L50|\n|teampreview|4\n|\n|t:|1771095591\n|teamsize|p1|4\n|teamsize|p2|4\n|start\n|switch|p1a: Pikachu|Pikachu, L50, M|100/100\n|switch|p1b: Moltres|Moltres-Galar, L50|100/100\n|switch|p2a: Grimmsnarl|Grimmsnarl, L50, M|100/100\n|switch|p2b: Zamazenta|Zamazenta-Crowned, L50|100/100\n|-ability|p2b: Zamazenta|Dauntless Shield|boost\n|-boost|p2b: Zamazenta|def|1\n|turn|1\n|\n|t:|1771095605\n|move|p1a: Pikachu|Fake Out|p2b: Zamazenta\n|-resisted|p2b: Zamazenta\n|-damage|p2b: Zamazenta|98/100\n|move|p2a: Grimmsnarl|Light Screen|p2a: Grimmsnarl\n|-sidestart|p2: SEITA|move: Light Screen\n|cant|p2b: Zamazenta|flinch\n|move|p1b: Moltres|Tailwind|p1b: Moltres\n|-sidestart|p1: Azuael|move: Tailwind\n|\n|upkeep\n|turn|2\n|\n|t:|1771095632\n|move|p1a: Pikachu|Nuzzle|p2b: Zamazenta\n|-damage|p2b: Zamazenta|95/100\n|-status|p2b: Zamazenta|par\n|move|p1b: Moltres|Fiery Wrath|p2b: Zamazenta|[spread] p2a,p2b\n|-resisted|p2a: Grimmsnarl\n|-resisted|p2b: Zamazenta\n|-damage|p2a: Grimmsnarl|96/100\n|-damage|p2b: Zamazenta|89/100 par\n|move|p2b: Zamazenta|Body Press|p1a: Pikachu\n|-enditem|p1a: Pikachu|Focus Sash\n|-damage|p1a: Pikachu|2/100\n|move|p2a: Grimmsnarl|Spirit Break|p1a: Pikachu\n|-damage|p1a: Pikachu|0 fnt\n|faint|p1a: Pikachu\n|\n|upkeep\n|\n|t:|1771095650\n|switch|p1a: Kyogre|Kyogre, L50|100/100\n|-weather|RainDance|[from] ability: Drizzle|[of] p1a: Kyogre\n|turn|3\n|\n|t:|1771095664\n|-terastallize|p2b: Zamazenta|Grass\n|move|p2a: Grimmsnarl|Parting Shot|p1a: Kyogre\n|-unboost|p1a: Kyogre|atk|1\n|-unboost|p1a: Kyogre|spa|1\n|\n|t:|1771095670\n|switch|p2a: Kyogre|Kyogre, L50|100/100|[from] Parting Shot\n|move|p1a: Kyogre|Thunder|p2b: Zamazenta\n|-resisted|p2b: Zamazenta\n|-damage|p2b: Zamazenta|83/100 par\n|move|p1b: Moltres|Hurricane|p2b: Zamazenta\n|-supereffective|p2b: Zamazenta\n|-damage|p2b: Zamazenta|36/100 par\n|cant|p2b: Zamazenta|par\n|\n|-weather|RainDance|[upkeep]\n|upkeep\n|turn|4\n|\n|t:|1771095696\n|switch|p2b: Grimmsnarl|Grimmsnarl, L50, M|96/100\n|move|p1a: Kyogre|Thunder|p2a: Kyogre\n|-supereffective|p2a: Kyogre\n|-damage|p2a: Kyogre|78/100\n|-status|p2a: Kyogre|par\n|move|p1b: Moltres|Hurricane|p2b: Grimmsnarl\n|-damage|p2b: Grimmsnarl|60/100\n|move|p2a: Kyogre|Thunder|p1b: Moltres\n|-supereffective|p1b: Moltres\n|-damage|p1b: Moltres|33/100\n|-ability|p1b: Moltres|Berserk|boost\n|-boost|p1b: Moltres|spa|1\n|\n|-weather|RainDance|[upkeep]\n|-heal|p2a: Kyogre|84/100 par|[from] item: Leftovers\n|-sideend|p1: Azuael|move: Tailwind\n|upkeep\n|turn|5\n|\n|t:|1771095730\n|switch|p1a: Zacian|Zacian-Crowned, L50|100/100\n|-ability|p1a: Zacian|Intrepid Sword|boost\n|-boost|p1a: Zacian|atk|1\n|move|p2b: Grimmsnarl|Parting Shot|p1a: Zacian\n|-unboost|p1a: Zacian|atk|1\n|-unboost|p1a: Zacian|spa|1\n|\n|t:|1771095740\n|switch|p2b: Ditto|Ditto, L50|100/100|[from] Parting Shot\n|-transform|p2b: Ditto|p1a: Zacian|[from] ability: Imposter\n|-ability|p2b: Ditto|Intrepid Sword|boost\n|-boost|p2b: Ditto|atk|1\n|move|p1b: Moltres|Hurricane|p2a: Kyogre\n|-damage|p2a: Kyogre|55/100 par\n|cant|p2a: Kyogre|par\n|\n|-weather|RainDance|[upkeep]\n|-heal|p2a: Kyogre|60/100 par|[from] item: Leftovers\n|upkeep\n|turn|6\n|\n|t:|1771095767\n|switch|p1a: Kyogre|Kyogre, L50|100/100\n|move|p2b: Ditto|Behemoth Blade|p1a: Kyogre\n|-resisted|p1a: Kyogre\n|-damage|p1a: Kyogre|58/100\n|move|p1b: Moltres|Tailwind|p1b: Moltres\n|-sidestart|p1: Azuael|move: Tailwind\n|move|p2a: Kyogre|Origin Pulse|p1a: Kyogre|[spread] p1a,p1b\n|-resisted|p1a: Kyogre\n|-damage|p1a: Kyogre|42/100\n|-damage|p1b: Moltres|0 fnt\n|faint|p1b: Moltres\n|\n|-weather|RainDance|[upkeep]\n|-heal|p2a: Kyogre|66/100 par|[from] item: Leftovers\n|upkeep\n|\n|t:|1771095783\n|switch|p1b: Zacian|Zacian-Crowned, L50|100/100\n|turn|7\n|\n|t:|1771095806\n|-terastallize|p1a: Kyogre|Water\n|move|p2b: Ditto|Protect|p2b: Ditto\n|-singleturn|p2b: Ditto|Protect\n|move|p1b: Zacian|Play Rough|p2a: Kyogre\n|-damage|p2a: Kyogre|24/100 par\n|move|p1a: Kyogre|Origin Pulse|p2a: Kyogre|[spread] p2a\n|-activate|p2b: Ditto|move: Protect\n|-resisted|p2a: Kyogre\n|-damage|p2a: Kyogre|5/100 par\n|move|p2a: Kyogre|Thunder|p1a: Kyogre\n|-supereffective|p1a: Kyogre\n|-damage|p1a: Kyogre|3/100\n|\n|-weather|none\n|-heal|p2a: Kyogre|11/100 par|[from] item: Leftovers\n|upkeep\n|turn|8\n|\n|t:|1771095850\n|move|p1b: Zacian|Behemoth Blade|p2b: Ditto\n|-damage|p2b: Ditto|44/100\n|move|p1a: Kyogre|Origin Pulse|p2a: Kyogre|[spread] p2a,p2b\n|-resisted|p2a: Kyogre\n|-damage|p2a: Kyogre|0 fnt\n|-damage|p2b: Ditto|1/100\n|faint|p2a: Kyogre\n|move|p2b: Ditto|Behemoth Blade|p1b: Zacian\n|-damage|p1b: Zacian|16/100\n|\n|-sideend|p2: SEITA|move: Light Screen\n|upkeep\n|\n|t:|1771095868\n|switch|p2a: Grimmsnarl|Grimmsnarl, L50, M|60/100\n|turn|9\n|\n|t:|1771095880\n|move|p2b: Ditto|Protect|p2b: Ditto\n|-singleturn|p2b: Ditto|Protect\n|move|p2a: Grimmsnarl|Reflect|p2a: Grimmsnarl\n|-sidestart|p2: SEITA|Reflect\n|move|p1b: Zacian|Behemoth Blade|p2a: Grimmsnarl\n|-supereffective|p2a: Grimmsnarl\n|-damage|p2a: Grimmsnarl|0 fnt\n|faint|p2a: Grimmsnarl\n|move|p1a: Kyogre|Water Spout|p2b: Ditto\n|-activate|p2b: Ditto|move: Protect\n|\n|-sideend|p1: Azuael|move: Tailwind\n|upkeep\n|\n|t:|1771095893\n|switch|p2a: Zamazenta|Zamazenta-Crowned, L50, tera:Grass|36/100 par\n|turn|10\n|\n|t:|1771095913\n|move|p1b: Zacian|Behemoth Blade|p2b: Ditto\n|-damage|p2b: Ditto|0 fnt\n|faint|p2b: Ditto\n|move|p1a: Kyogre|Ice Beam|p2a: Zamazenta\n|-supereffective|p2a: Zamazenta\n|-damage|p2a: Zamazenta|0 fnt\n|faint|p2a: Zamazenta\n|\n|win|Azuael\n|raw|Azuael's rating: 1234 &rarr; <strong>1262</strong><br />(+28 for winning)\n|raw|SEITA's rating: 1269 &rarr; <strong>1241</strong><br />(-28 for losing)\n|l|\u2606SEITA\n|player|p2|\n|l|\u2606Azuael\n|player|p1|\n","uploadtime":1771096116,"views":26,"formatid":"gen9vgc2026regi","rating":1241,"private":0,"password":null}