{"id":"gen9vgc2026regi-2567690887","format":"[Gen 9] VGC 2026 Reg I","players":["qingyunyunyun","TheManOfSausage"],"log":"|j|\u2606qingyunyunyun\n|j|\u2606TheManOfSausage\n|t:|1774504605\n|gametype|doubles\n|player|p1|qingyunyunyun|1|1559\n|player|p2|TheManOfSausage|170|1464\n|gen|9\n|tier|[Gen 9] VGC 2026 Reg I\n|rated|\n|rule|Species Clause: Limit one of each Pok\u00e9mon\n|rule|Item Clause: Limit 1 of each item\n|clearpoke\n|poke|p1|Kyogre, L50|\n|poke|p1|Whimsicott, L50, F|\n|poke|p1|Tornadus, L50, M|\n|poke|p1|Urshifu-*, L50, F|\n|poke|p1|Zacian-*, L50|\n|poke|p1|Farigiraf, L50, M|\n|poke|p2|Calyrex-Shadow, L50|\n|poke|p2|Koraidon, L50|\n|poke|p2|Weezing-Galar, L50, M|\n|poke|p2|Brute Bonnet, L50|\n|poke|p2|Chi-Yu, L50|\n|poke|p2|Raging Bolt, L50|\n|teampreview|4\n|inactive|Battle timer is ON: inactive players will automatically lose when time's up. (requested by qingyunyunyun)\n|inactive|qingyunyunyun has 60 seconds left.\n|inactive|qingyunyunyun has 30 seconds left.\n|inactive|qingyunyunyun has 20 seconds left.\n|\n|t:|1774504680\n|teamsize|p1|4\n|teamsize|p2|4\n|start\n|switch|p1a: Zacian|Zacian-Crowned, L50|100/100\n|switch|p1b: Whimsicott|Whimsicott, L50, F|100/100\n|switch|p2a: Koraidon|Koraidon, L50|100/100\n|switch|p2b: Weezing|Weezing-Galar, L50, M|100/100\n|-ability|p2b: Weezing|Neutralizing Gas\n|-block|p2a: Koraidon|item: Ability Shield\n|-weather|SunnyDay|[from] ability: Orichalcum Pulse|[of] p2a: Koraidon\n|-activate|p2a: Koraidon|Orichalcum Pulse|[source]\n|turn|1\n|\n|t:|1774504703\n|-terastallize|p2a: Koraidon|Fire\n|move|p1a: Zacian|Protect|p1a: Zacian\n|-singleturn|p1a: Zacian|Protect\n|move|p2b: Weezing|Protect|p2b: Weezing\n|-singleturn|p2b: Weezing|Protect\n|move|p1b: Whimsicott|Tailwind|p1b: Whimsicott\n|-sidestart|p1: qingyunyunyun|move: Tailwind\n|move|p2a: Koraidon|Flame Charge|p1b: Whimsicott\n|-supereffective|p1b: Whimsicott\n|-enditem|p1b: Whimsicott|Focus Sash\n|-damage|p1b: Whimsicott|1/100\n|-boost|p2a: Koraidon|spe|1\n|\n|-weather|SunnyDay|[upkeep]\n|upkeep\n|turn|2\n|\n|t:|1774504724\n|-end|p2b: Weezing|ability: Neutralizing Gas\n|-ability|p1a: Zacian|Intrepid Sword|boost\n|-boost|p1a: Zacian|atk|1\n|switch|p2b: Brute Bonnet|Brute Bonnet, L50|100/100\n|-activate|p2b: Brute Bonnet|ability: Protosynthesis\n|-start|p2b: Brute Bonnet|protosynthesisdef\n|-terastallize|p1a: Zacian|Ground\n|move|p1b: Whimsicott|Encore|p2a: Koraidon\n|-start|p2a: Koraidon|Encore\n|move|p1a: Zacian|Tera Blast|p2a: Koraidon|[anim] Tera Blast Ground\n|-supereffective|p2a: Koraidon\n|-damage|p2a: Koraidon|0 fnt\n|faint|p2a: Koraidon\n|\n|-weather|SunnyDay|[upkeep]\n|upkeep\n|\n|t:|1774504731\n|switch|p2a: Rice Shower|Calyrex-Shadow, L50|100/100\n|-ability|p2a: Rice Shower|As One\n|-ability|p2a: Rice Shower|Unnerve\n|turn|3\n|\n|t:|1774504753\n|move|p2b: Brute Bonnet|Rage Powder|p2b: Brute Bonnet\n|-singleturn|p2b: Brute Bonnet|move: Rage Powder\n|move|p1b: Whimsicott|Misty Terrain|p1b: Whimsicott\n|-fieldstart|move: Misty Terrain\n|move|p1a: Zacian|Play Rough|p2b: Brute Bonnet\n|-supereffective|p2b: Brute Bonnet\n|-damage|p2b: Brute Bonnet|26/100\n|move|p2a: Rice Shower|Astral Barrage|p1a: Zacian|[spread] p1a,p1b\n|-damage|p1a: Zacian|52/100\n|-damage|p1b: Whimsicott|0 fnt\n|faint|p1b: Whimsicott\n|-ability|p2a: Rice Shower|Grim Neigh|boost\n|-boost|p2a: Rice Shower|spa|1\n|\n|-weather|SunnyDay|[upkeep]\n|upkeep\n|\n|t:|1774504764\n|switch|p1b: Kyogre|Kyogre, L50, shiny|100/100\n|-weather|RainDance|[from] ability: Drizzle|[of] p1b: Kyogre\n|-end|p2b: Brute Bonnet|Protosynthesis\n|turn|4\n|\n|t:|1774504782\n|switch|p1b: Urshifu|Urshifu-Rapid-Strike, L50, F|100/100\n|move|p2a: Rice Shower|Protect|p2a: Rice Shower\n|-singleturn|p2a: Rice Shower|Protect\n|move|p2b: Brute Bonnet|Sucker Punch||[still]\n|-fail|p2b: Brute Bonnet\n|move|p1a: Zacian|Behemoth Blade|p2b: Brute Bonnet\n|-damage|p2b: Brute Bonnet|0 fnt\n|faint|p2b: Brute Bonnet\n|-end|p2b: Brute Bonnet|Protosynthesis|[silent]\n|\n|-weather|RainDance|[upkeep]\n|-sideend|p1: qingyunyunyun|move: Tailwind\n|upkeep\n|\n|t:|1774504785\n|switch|p2b: Weezing|Weezing-Galar, L50, M|100/100\n|-ability|p2b: Weezing|Neutralizing Gas\n|turn|5\n|\n|t:|1774504800\n|move|p1b: Urshifu|Aqua Jet|p2a: Rice Shower\n|-damage|p2a: Rice Shower|32/100\n|move|p2a: Rice Shower|Astral Barrage|p1a: Zacian|[spread] p1a,p1b\n|-crit|p1b: Urshifu\n|-damage|p1a: Zacian|0 fnt\n|-damage|p1b: Urshifu|0 fnt\n|faint|p1a: Zacian\n|faint|p1b: Urshifu\n|-ability|p2a: Rice Shower|Grim Neigh|boost\n|-boost|p2a: Rice Shower|spa|2\n|move|p2b: Weezing|Sludge Bomb|p1: Zacian|[notarget]\n|-fail|p2b: Weezing\n|\n|-weather|RainDance|[upkeep]\n|upkeep\n|-message|qingyunyunyun forfeited.\n|\n|win|TheManOfSausage\n|raw|qingyunyunyun's rating: 1559 &rarr; <strong>1534</strong><br />(-25 for losing)\n|raw|TheManOfSausage's rating: 1464 &rarr; <strong>1489</strong><br />(+25 for winning)\n|l|\u2606qingyunyunyun\n|player|p1|\n|l|\u2606TheManOfSausage\n|player|p2|\n","uploadtime":1774505037,"views":12,"formatid":"gen9vgc2026regi","rating":1489,"private":0,"password":null}