{"id":"gen9vgc2026regi-2578884314","format":"[Gen 9] VGC 2026 Reg I","players":["TheNamesBetty","qinuo123"],"log":"|j|\u2606TheNamesBetty\n|j|\u2606qinuo123\n|t:|1775732117\n|gametype|doubles\n|player|p1|TheNamesBetty|koga|1400\n|player|p2|qinuo123|266|1452\n|gen|9\n|tier|[Gen 9] VGC 2026 Reg I\n|rated|\n|rule|Species Clause: Limit one of each Pok\u00e9mon\n|rule|Item Clause: Limit 1 of each item\n|clearpoke\n|poke|p1|Koraidon, L50|\n|poke|p1|Calyrex-Shadow, L50|\n|poke|p1|Tornadus, L50, M|\n|poke|p1|Urshifu-*, L50, F|\n|poke|p1|Dewgong, L50, M|\n|poke|p1|Electabuzz, L50, M|\n|poke|p2|Miraidon, L50|\n|poke|p2|Calyrex-Ice, L50|\n|poke|p2|Whimsicott, L50, F|\n|poke|p2|Incineroar, L50, M|\n|poke|p2|Urshifu-*, L50, F|\n|poke|p2|Brute Bonnet, L50|\n|teampreview|4\n|\n|t:|1775732152\n|teamsize|p1|4\n|teamsize|p2|4\n|start\n|switch|p1a: Kedluben|Calyrex-Shadow, L50|100/100\n|switch|p1b: Bleblebl\u00e1k|Electabuzz, L50, M|100/100\n|switch|p2a: Brute Bonnet|Brute Bonnet, L50, shiny|100/100\n|switch|p2b: Calyrex|Calyrex-Ice, L50|100/100\n|-ability|p1a: Kedluben|As One\n|-ability|p1a: Kedluben|Unnerve\n|-ability|p2b: Calyrex|As One\n|-ability|p2b: Calyrex|Unnerve\n|turn|1\n|\n|t:|1775732167\n|-terastallize|p1a: Kedluben|Dark\n|move|p2a: Brute Bonnet|Protect|p2a: Brute Bonnet\n|-singleturn|p2a: Brute Bonnet|Protect\n|move|p2b: Calyrex|Protect|p2b: Calyrex\n|-singleturn|p2b: Calyrex|Protect\n|move|p1a: Kedluben|Astral Barrage|p2a: Brute Bonnet|[spread] \n|-activate|p2a: Brute Bonnet|move: Protect\n|-activate|p2b: Calyrex|move: Protect\n|move|p1b: Bleblebl\u00e1k|Taunt|p2b: Calyrex\n|-activate|p2b: Calyrex|move: Protect\n|\n|upkeep\n|turn|2\n|\n|t:|1775732187\n|switch|p2b: Incineroar|Incineroar, L50, M|100/100\n|-ability|p2b: Incineroar|Intimidate|boost\n|-unboost|p1a: Kedluben|atk|1\n|-unboost|p1b: Bleblebl\u00e1k|atk|1\n|move|p1a: Kedluben|Astral Barrage|p2b: Incineroar|[spread] p2a,p2b\n|-resisted|p2a: Brute Bonnet\n|-resisted|p2b: Incineroar\n|-damage|p2a: Brute Bonnet|74/100\n|-damage|p2b: Incineroar|77/100\n|-damage|p1a: Kedluben|91/100|[from] item: Life Orb\n|move|p1b: Bleblebl\u00e1k|Taunt|p2b: Incineroar\n|-start|p2b: Incineroar|move: Taunt\n|move|p2a: Brute Bonnet|Spore|p1a: Kedluben\n|-status|p1a: Kedluben|slp|[from] move: Spore\n|\n|upkeep\n|turn|3\n|\n|t:|1775732216\n|cant|p1a: Kedluben|slp\n|move|p1b: Bleblebl\u00e1k|Electroweb|p2b: Incineroar|[spread] p2a,p2b\n|-resisted|p2a: Brute Bonnet\n|-crit|p2a: Brute Bonnet\n|-damage|p2a: Brute Bonnet|67/100\n|-damage|p2b: Incineroar|70/100\n|-unboost|p2a: Brute Bonnet|spe|1\n|-unboost|p2b: Incineroar|spe|1\n|move|p2a: Brute Bonnet|Spore|p1b: Bleblebl\u00e1k\n|-immune|p1b: Bleblebl\u00e1k|[from] ability: Vital Spirit\n|move|p2b: Incineroar|Knock Off|p1a: Kedluben\n|-resisted|p1a: Kedluben\n|-damage|p1a: Kedluben|63/100 slp\n|-enditem|p1a: Kedluben|Life Orb|[from] move: Knock Off|[of] p2b: Incineroar\n|\n|upkeep\n|turn|4\n|\n|t:|1775732248\n|move|p1b: Bleblebl\u00e1k|Follow Me|p1b: Bleblebl\u00e1k\n|-singleturn|p1b: Bleblebl\u00e1k|move: Follow Me\n|move|p2a: Brute Bonnet|Sucker Punch||[still]\n|-fail|p2a: Brute Bonnet\n|cant|p1a: Kedluben|slp\n|move|p2b: Incineroar|Snarl|p1b: Bleblebl\u00e1k|[spread] p1a,p1b\n|-resisted|p1a: Kedluben\n|-damage|p1a: Kedluben|56/100 slp\n|-damage|p1b: Bleblebl\u00e1k|95/100\n|-unboost|p1a: Kedluben|spa|1\n|-unboost|p1b: Bleblebl\u00e1k|spa|1\n|\n|-end|p2b: Incineroar|move: Taunt\n|upkeep\n|turn|5\n|\n|t:|1775732266\n|switch|p1a: Jan\u017di\u017ekaZTrocnova|Koraidon, L50|100/100\n|-weather|SunnyDay|[from] ability: Orichalcum Pulse|[of] p1a: Jan\u017di\u017ekaZTrocnova\n|-activate|p2a: Brute Bonnet|ability: Protosynthesis\n|-start|p2a: Brute Bonnet|protosynthesisdef\n|-activate|p1a: Jan\u017di\u017ekaZTrocnova|Orichalcum Pulse|[source]\n|switch|p2b: Calyrex|Calyrex-Ice, L50|100/100\n|-ability|p2b: Calyrex|As One\n|-ability|p2b: Calyrex|Unnerve\n|move|p2a: Brute Bonnet|Protect|p2a: Brute Bonnet\n|-singleturn|p2a: Brute Bonnet|Protect\n|move|p1b: Bleblebl\u00e1k|Taunt|p2a: Brute Bonnet\n|-activate|p2a: Brute Bonnet|move: Protect\n|\n|-weather|SunnyDay|[upkeep]\n|upkeep\n|turn|6\n|\n|t:|1775732308\n|-end|p2a: Brute Bonnet|Protosynthesis|[silent]\n|switch|p2a: Incineroar|Incineroar, L50, M|70/100\n|-ability|p2a: Incineroar|Intimidate|boost\n|-fail|p1a: Jan\u017di\u017ekaZTrocnova|unboost|[from] item: Clear Amulet|[of] p1a: Jan\u017di\u017ekaZTrocnova\n|-unboost|p1b: Bleblebl\u00e1k|atk|1\n|-terastallize|p2b: Calyrex|Ground\n|move|p1a: Jan\u017di\u017ekaZTrocnova|Flare Blitz|p2b: Calyrex\n|-damage|p2b: Calyrex|50/100\n|-damage|p1a: Jan\u017di\u017ekaZTrocnova|84/100|[from] Recoil\n|move|p1b: Bleblebl\u00e1k|Taunt|p2a: Incineroar\n|-start|p2a: Incineroar|move: Taunt\n|move|p2b: Calyrex|Trick Room|p2b: Calyrex\n|-fieldstart|move: Trick Room|[of] p2b: Calyrex\n|\n|-weather|SunnyDay|[upkeep]\n|-heal|p2b: Calyrex|56/100|[from] item: Leftovers\n|upkeep\n|turn|7\n|c|\u2606TheNamesBetty|Poor Incin taunted for second time loo\n|inactive|Battle timer is ON: inactive players will automatically lose when time's up. (requested by qinuo123)\n|j| Rck20x\n|\n|t:|1775732373\n|switch|p1a: DDDMaxVerstappen|Dewgong, L50, M|100/100\n|move|p2a: Incineroar|Fake Out|p1a: DDDMaxVerstappen\n|-damage|p1a: DDDMaxVerstappen|87/100\n|move|p2b: Calyrex|Leech Seed|p1b: Bleblebl\u00e1k|[miss]\n|-miss|p2b: Calyrex|p1b: Bleblebl\u00e1k\n|move|p1b: Bleblebl\u00e1k|Electroweb|p2b: Calyrex|[spread] p2a\n|-immune|p2b: Calyrex\n|-crit|p2a: Incineroar\n|-damage|p2a: Incineroar|60/100\n|-unboost|p2a: Incineroar|spe|1\n|\n|-weather|SunnyDay|[upkeep]\n|-heal|p2b: Calyrex|62/100|[from] item: Leftovers\n|upkeep\n|turn|8\n|inactive|qinuo123 has 30 seconds left.\n|inactive|TheNamesBetty has 30 seconds left.\n|inactive|TheNamesBetty has 20 seconds left.\n|\n|t:|1775732420\n|switch|p2a: Brute Bonnet|Brute Bonnet, L50, shiny|67/100\n|-activate|p2a: Brute Bonnet|ability: Protosynthesis\n|-start|p2a: Brute Bonnet|protosynthesisdef\n|switch|p1b: Jan\u017di\u017ekaZTrocnova|Koraidon, L50|84/100\n|-activate|p1b: Jan\u017di\u017ekaZTrocnova|ability: Orichalcum Pulse\n|move|p2b: Calyrex|Protect|p2b: Calyrex\n|-singleturn|p2b: Calyrex|Protect\n|move|p1a: DDDMaxVerstappen|Fake Out|p2b: Calyrex\n|-activate|p2b: Calyrex|move: Protect\n|\n|-weather|SunnyDay|[upkeep]\n|-heal|p2b: Calyrex|68/100|[from] item: Leftovers\n|upkeep\n|turn|9\n|\n|t:|1775732441\n|switch|p1a: Bleblebl\u00e1k|Electabuzz, L50, M|95/100\n|switch|p2b: Incineroar|Incineroar, L50, M|60/100\n|-ability|p2b: Incineroar|Intimidate|boost\n|-unboost|p1a: Bleblebl\u00e1k|atk|1\n|-fail|p1b: Jan\u017di\u017ekaZTrocnova|unboost|[from] item: Clear Amulet|[of] p1b: Jan\u017di\u017ekaZTrocnova\n|move|p2a: Brute Bonnet|Protect|p2a: Brute Bonnet\n|-singleturn|p2a: Brute Bonnet|Protect\n|move|p1b: Jan\u017di\u017ekaZTrocnova|Protect||[still]\n|-fail|p1b: Jan\u017di\u017ekaZTrocnova\n|\n|-weather|none\n|-end|p2a: Brute Bonnet|Protosynthesis\n|upkeep\n|turn|10\n|inactive|qinuo123 has 30 seconds left.\n|\n|t:|1775732475\n|move|p1b: Jan\u017di\u017ekaZTrocnova|Protect|p1b: Jan\u017di\u017ekaZTrocnova\n|-singleturn|p1b: Jan\u017di\u017ekaZTrocnova|Protect\n|move|p2b: Incineroar|Knock Off|p1a: Bleblebl\u00e1k\n|-damage|p1a: Bleblebl\u00e1k|50/100\n|-enditem|p1a: Bleblebl\u00e1k|Eviolite|[from] move: Knock Off|[of] p2b: Incineroar\n|move|p2a: Brute Bonnet|Spore|p1b: Jan\u017di\u017ekaZTrocnova\n|-activate|p1b: Jan\u017di\u017ekaZTrocnova|move: Protect\n|move|p1a: Bleblebl\u00e1k|Taunt|p2a: Brute Bonnet\n|-start|p2a: Brute Bonnet|move: Taunt\n|\n|-fieldend|move: Trick Room\n|upkeep\n|turn|11\n|inactive|TheNamesBetty has 30 seconds left.\n|inactive|qinuo123 has 30 seconds left.\n|inactive|qinuo123 has 20 seconds left.\n|\n|t:|1775732514\n|-end|p2a: Brute Bonnet|Protosynthesis|[silent]\n|switch|p2a: Miraidon|Miraidon, L50, shiny|100/100\n|-fieldstart|move: Electric Terrain|[from] ability: Hadron Engine|[of] p2a: Miraidon\n|move|p1a: Bleblebl\u00e1k|Follow Me|p1a: Bleblebl\u00e1k\n|-singleturn|p1a: Bleblebl\u00e1k|move: Follow Me\n|move|p1b: Jan\u017di\u017ekaZTrocnova|Flame Charge|p2b: Incineroar\n|-resisted|p2b: Incineroar\n|-damage|p2b: Incineroar|52/100\n|-boost|p1b: Jan\u017di\u017ekaZTrocnova|spe|1\n|move|p2b: Incineroar|Knock Off|p1a: Bleblebl\u00e1k\n|-damage|p1a: Bleblebl\u00e1k|6/100\n|\n|upkeep\n|turn|12\n|inactive|qinuo123 has 30 seconds left.\n|\n|t:|1775732542\n|move|p1a: Bleblebl\u00e1k|Feint|p2a: Miraidon\n|-damage|p2a: Miraidon|97/100\n|move|p1b: Jan\u017di\u017ekaZTrocnova|Collision Course|p2a: Miraidon\n|-damage|p2a: Miraidon|48/100\n|move|p2a: Miraidon|Volt Switch|p1a: Bleblebl\u00e1k\n|-resisted|p1a: Bleblebl\u00e1k\n|-damage|p1a: Bleblebl\u00e1k|0 fnt\n|faint|p1a: Bleblebl\u00e1k\n|\n|t:|1775732559\n|switch|p2a: Calyrex|Calyrex-Ice, L50, tera:Ground|68/100|[from] Volt Switch\n|-ability|p2a: Calyrex|As One\n|-ability|p2a: Calyrex|Unnerve\n|move|p2b: Incineroar|Knock Off|p1b: Jan\u017di\u017ekaZTrocnova\n|-resisted|p1b: Jan\u017di\u017ekaZTrocnova\n|-damage|p1b: Jan\u017di\u017ekaZTrocnova|68/100\n|-enditem|p1b: Jan\u017di\u017ekaZTrocnova|Clear Amulet|[from] move: Knock Off|[of] p2b: Incineroar\n|\n|-heal|p2a: Calyrex|73/100|[from] item: Leftovers\n|upkeep\n|\n|t:|1775732571\n|switch|p1a: Kedluben|Calyrex-Shadow, L50, tera:Dark|56/100 slp\n|-ability|p1a: Kedluben|As One\n|-ability|p1a: Kedluben|Unnerve\n|turn|13\n|\n|t:|1775732582\n|move|p1b: Jan\u017di\u017ekaZTrocnova|Collision Course|p2a: Calyrex\n|-damage|p2a: Calyrex|40/100\n|-curestatus|p1a: Kedluben|slp|[msg]\n|move|p1a: Kedluben|Astral Barrage|p2b: Incineroar|[spread] p2a,p2b\n|-resisted|p2b: Incineroar\n|-damage|p2a: Calyrex|3/100\n|-damage|p2b: Incineroar|35/100\n|move|p2b: Incineroar|Snarl|p1b: Jan\u017di\u017ekaZTrocnova|[spread] p1a,p1b\n|-resisted|p1a: Kedluben\n|-resisted|p1b: Jan\u017di\u017ekaZTrocnova\n|-damage|p1a: Kedluben|51/100\n|-damage|p1b: Jan\u017di\u017ekaZTrocnova|64/100\n|-unboost|p1a: Kedluben|spa|1\n|-unboost|p1b: Jan\u017di\u017ekaZTrocnova|spa|1\n|move|p2a: Calyrex|Trick Room|p2a: Calyrex\n|-fieldstart|move: Trick Room|[of] p2a: Calyrex\n|\n|-heal|p2a: Calyrex|9/100|[from] item: Leftovers\n|upkeep\n|turn|14\n|inactive|qinuo123 has 30 seconds left.\n|\n|t:|1775732611\n|switch|p1b: DDDMaxVerstappen|Dewgong, L50, M|87/100\n|move|p2a: Calyrex|Glacial Lance|p1a: Kedluben|[spread] p1a,p1b\n|-resisted|p1b: DDDMaxVerstappen\n|-damage|p1a: Kedluben|0 fnt\n|-damage|p1b: DDDMaxVerstappen|80/100\n|faint|p1a: Kedluben\n|-ability|p2a: Calyrex|Chilling Neigh|boost\n|-boost|p2a: Calyrex|atk|1\n|move|p2b: Incineroar|Flare Blitz|p1b: DDDMaxVerstappen\n|-damage|p1b: DDDMaxVerstappen|48/100\n|-damage|p2b: Incineroar|25/100|[from] Recoil\n|\n|-heal|p2a: Calyrex|15/100|[from] item: Leftovers\n|upkeep\n|\n|t:|1775732617\n|switch|p1a: Jan\u017di\u017ekaZTrocnova|Koraidon, L50|64/100\n|-weather|SunnyDay|[from] ability: Orichalcum Pulse|[of] p1a: Jan\u017di\u017ekaZTrocnova\n|-activate|p1a: Jan\u017di\u017ekaZTrocnova|Orichalcum Pulse|[source]\n|turn|15\n|\n|t:|1775732635\n|move|p1b: DDDMaxVerstappen|Fake Out|p2b: Incineroar\n|-damage|p2b: Incineroar|18/100\n|move|p2a: Calyrex|Glacial Lance|p1a: Jan\u017di\u017ekaZTrocnova|[spread] p1a,p1b\n|-supereffective|p1a: Jan\u017di\u017ekaZTrocnova\n|-resisted|p1b: DDDMaxVerstappen\n|-damage|p1a: Jan\u017di\u017ekaZTrocnova|0 fnt\n|-damage|p1b: DDDMaxVerstappen|36/100\n|faint|p1a: Jan\u017di\u017ekaZTrocnova\n|-ability|p2a: Calyrex|Chilling Neigh|boost\n|-boost|p2a: Calyrex|atk|1\n|cant|p2b: Incineroar|flinch\n|\n|-weather|SunnyDay|[upkeep]\n|-heal|p2a: Calyrex|20/100|[from] item: Leftovers\n|-fieldend|move: Electric Terrain\n|upkeep\n|turn|16\n|c|\u2606TheNamesBetty|Gg\n|\n|t:|1775732654\n|move|p1b: DDDMaxVerstappen|Aqua Jet|p2a: Calyrex\n|-supereffective|p2a: Calyrex\n|-damage|p2a: Calyrex|15/100\n|move|p2a: Calyrex|Glacial Lance|p1b: DDDMaxVerstappen\n|-resisted|p1b: DDDMaxVerstappen\n|-damage|p1b: DDDMaxVerstappen|17/100\n|move|p2b: Incineroar|Flare Blitz|p1b: DDDMaxVerstappen\n|-damage|p1b: DDDMaxVerstappen|0 fnt\n|faint|p1b: DDDMaxVerstappen\n|-damage|p2b: Incineroar|13/100|[from] Recoil\n|\n|win|qinuo123\n|raw|TheNamesBetty's rating: 1400 &rarr; <strong>1383</strong><br />(-17 for losing)\n|raw|qinuo123's rating: 1452 &rarr; <strong>1469</strong><br />(+17 for winning)\n|l|\u2606qinuo123\n|player|p2|\n|l| Rck20x\n","uploadtime":1775732859,"views":6,"formatid":"gen9vgc2026regi","rating":1383,"private":0,"password":null}