{"id":"gen9vgc2026regi-2572342122","format":"[Gen 9] VGC 2026 Reg I","players":["KaiMVGC","Kwiper"],"log":"|j|\u2606KaiMVGC\n|j|\u2606Kwiper\n|t:|1775011406\n|gametype|doubles\n|player|p1|KaiMVGC|boarder|1535\n|player|p2|Kwiper|sycamore|1611\n|gen|9\n|tier|[Gen 9] VGC 2026 Reg I\n|rated|\n|rule|Species Clause: Limit one of each Pok\u00e9mon\n|rule|Item Clause: Limit 1 of each item\n|clearpoke\n|poke|p1|Calyrex-Shadow, L50|\n|poke|p1|Zamazenta-*, L50|\n|poke|p1|Rillaboom, L50, M|\n|poke|p1|Raging Bolt, L50|\n|poke|p1|Smeargle, L50, F|\n|poke|p1|Tornadus, L50, M|\n|poke|p2|Koraidon, L50|\n|poke|p2|Lunala, L50|\n|poke|p2|Indeedee-F, L50, F|\n|poke|p2|Flutter Mane, L50|\n|poke|p2|Volcarona, L50, M|\n|poke|p2|Ursaluna, L50, M|\n|teampreview|4\n|inactive|Battle timer is ON: inactive players will automatically lose when time's up. (requested by Kwiper)\n|inactive|Kwiper has 60 seconds left.\n|\n|t:|1775011443\n|teamsize|p1|4\n|teamsize|p2|4\n|start\n|switch|p1a: T-Wind|Tornadus, L50, M|100/100\n|switch|p1b: Dark Void X|Smeargle, L50, F|100/100\n|switch|p2a: Lunala|Lunala, L50, shiny|100/100\n|switch|p2b: Indeedee|Indeedee-F, L50, F|100/100\n|-fieldstart|move: Psychic Terrain|[from] ability: Psychic Surge|[of] p2b: Indeedee\n|turn|1\n|inactive|Kwiper has 30 seconds left.\n|\n|t:|1775011477\n|move|p2b: Indeedee|Follow Me|p2b: Indeedee\n|-singleturn|p2b: Indeedee|move: Follow Me\n|move|p1a: T-Wind|Bleakwind Storm|p2b: Indeedee|[spread] p2a,p2b\n|-damage|p2a: Lunala|85/100\n|-damage|p2b: Indeedee|59/100\n|-unboost|p2a: Lunala|spe|1\n|-unboost|p2b: Indeedee|spe|1\n|move|p1b: Dark Void X|Spore|p2b: Indeedee\n|-activate|p2b: Indeedee|item: Safety Goggles|Spore\n|move|p2a: Lunala|Expanding Force|p1b: Dark Void X|[spread] p1a,p1b\n|-damage|p1a: T-Wind|20/100\n|-enditem|p1b: Dark Void X|Focus Sash\n|-damage|p1b: Dark Void X|1/100\n|\n|-ability|p1b: Dark Void X|Moody|boost\n|-boost|p1b: Dark Void X|spd|2\n|-unboost|p1b: Dark Void X|atk|1\n|upkeep\n|turn|2\n|\n|t:|1775011491\n|move|p1b: Dark Void X|Wide Guard|p1b: Dark Void X\n|-singleturn|p1b: Dark Void X|Wide Guard\n|move|p1a: T-Wind|Bleakwind Storm|p2b: Indeedee|[spread] p2a,p2b\n|-damage|p2a: Lunala|54/100\n|-damage|p2b: Indeedee|19/100\n|-unboost|p2a: Lunala|spe|1\n|-unboost|p2b: Indeedee|spe|1\n|move|p2a: Lunala|Expanding Force|p1b: Dark Void X|[spread] \n|-activate|p1a: T-Wind|move: Wide Guard\n|-activate|p1b: Dark Void X|move: Wide Guard\n|move|p2b: Indeedee|Trick Room|p2b: Indeedee\n|-fieldstart|move: Trick Room|[of] p2b: Indeedee\n|\n|-ability|p1b: Dark Void X|Moody|boost\n|-boost|p1b: Dark Void X|spa|2\n|-unboost|p1b: Dark Void X|atk|1\n|upkeep\n|turn|3\n|\n|t:|1775011502\n|move|p1b: Dark Void X|Wide Guard|p1b: Dark Void X\n|-singleturn|p1b: Dark Void X|Wide Guard\n|move|p2b: Indeedee|Alluring Voice|p1b: Dark Void X\n|-damage|p1b: Dark Void X|0 fnt\n|faint|p1b: Dark Void X\n|move|p2a: Lunala|Meteor Beam||[still]\n|-prepare|p2a: Lunala|Meteor Beam\n|-boost|p2a: Lunala|spa|1\n|-enditem|p2a: Lunala|Power Herb\n|-anim|p2a: Lunala|Meteor Beam|p1a: T-Wind\n|-supereffective|p1a: T-Wind\n|-damage|p1a: T-Wind|0 fnt\n|faint|p1a: T-Wind\n|\n|upkeep\n|\n|t:|1775011507\n|switch|p1b: 50 Zent|Zamazenta-Crowned, L50|100/100\n|switch|p1a: Notorious CSR|Calyrex-Shadow, L50|100/100\n|-ability|p1a: Notorious CSR|As One\n|-ability|p1a: Notorious CSR|Unnerve\n|-ability|p1b: 50 Zent|Dauntless Shield|boost\n|-boost|p1b: 50 Zent|def|1\n|turn|4\n|\n|t:|1775011518\n|-terastallize|p1a: Notorious CSR|Dark\n|move|p2b: Indeedee|Helping Hand|p2a: Lunala\n|-singleturn|p2a: Lunala|Helping Hand|[of] p2b: Indeedee\n|move|p2a: Lunala|Moongeist Beam|p1b: 50 Zent\n|-damage|p1b: 50 Zent|18/100\n|move|p1b: 50 Zent|Body Press|p2b: Indeedee\n|-damage|p2b: Indeedee|0 fnt\n|faint|p2b: Indeedee\n|move|p1a: Notorious CSR|Astral Barrage|p2a: Lunala\n|-supereffective|p2a: Lunala\n|-damage|p2a: Lunala|0 fnt\n|faint|p2a: Lunala\n|-ability|p1a: Notorious CSR|Grim Neigh|boost\n|-boost|p1a: Notorious CSR|spa|1\n|-damage|p1a: Notorious CSR|91/100|[from] item: Life Orb\n|\n|upkeep\n|\n|t:|1775011521\n|switch|p2b: Koraidon|Koraidon, L50, shiny|100/100\n|switch|p2a: Volcarona|Volcarona, L50, M|100/100\n|-weather|SunnyDay|[from] ability: Orichalcum Pulse|[of] p2b: Koraidon\n|-activate|p2b: Koraidon|Orichalcum Pulse|[source]\n|turn|5\n|\n|t:|1775011531\n|move|p1a: Notorious CSR|Protect|p1a: Notorious CSR\n|-singleturn|p1a: Notorious CSR|Protect\n|move|p2a: Volcarona|Rage Powder|p2a: Volcarona\n|-singleturn|p2a: Volcarona|move: Rage Powder\n|move|p1b: 50 Zent|Body Press|p2a: Volcarona\n|-resisted|p2a: Volcarona\n|-damage|p2a: Volcarona|69/100\n|-damage|p1b: 50 Zent|2/100|[from] item: Rocky Helmet|[of] p2a: Volcarona\n|move|p2b: Koraidon|Close Combat|p1a: Notorious CSR\n|-activate|p1a: Notorious CSR|move: Protect\n|\n|-weather|SunnyDay|[upkeep]\n|-fieldend|move: Psychic Terrain\n|upkeep\n|turn|6\n|\n|t:|1775011542\n|move|p1a: Notorious CSR|Protect||[still]\n|-fail|p1a: Notorious CSR\n|move|p2b: Koraidon|Protect|p2b: Koraidon\n|-singleturn|p2b: Koraidon|Protect\n|move|p2a: Volcarona|Tailwind|p2a: Volcarona\n|-sidestart|p2: Kwiper|move: Tailwind\n|move|p1b: 50 Zent|Body Press|p2a: Volcarona\n|-resisted|p2a: Volcarona\n|-damage|p2a: Volcarona|34/100\n|-damage|p1b: 50 Zent|0 fnt|[from] item: Rocky Helmet|[of] p2a: Volcarona\n|faint|p1b: 50 Zent\n|\n|-weather|SunnyDay|[upkeep]\n|-fieldend|move: Trick Room\n|upkeep\n|turn|7\n|j| mrydtgbsdgvsdfs\n|\n|t:|1775011546\n|move|p2b: Koraidon|Close Combat|p1a: Notorious CSR\n|-supereffective|p1a: Notorious CSR\n|-damage|p1a: Notorious CSR|0 fnt\n|-unboost|p2b: Koraidon|def|1\n|-unboost|p2b: Koraidon|spd|1\n|faint|p1a: Notorious CSR\n|-damage|p2b: Koraidon|91/100|[from] item: Life Orb\n|\n|win|Kwiper\n|raw|KaiMVGC's rating: 1535 &rarr; <strong>1519</strong><br />(-16 for losing)\n|raw|Kwiper's rating: 1611 &rarr; <strong>1627</strong><br />(+16 for winning)\n","uploadtime":1775011547,"views":17,"formatid":"gen9vgc2026regi","rating":1519,"private":0,"password":null}