{"id":"gen9vgc2026regi-2568819834","format":"[Gen 9] VGC 2026 Reg I","players":["Sakuraa2004","bullgod4ever"],"log":"|j|\u2606Sakuraa2004\n|j|\u2606bullgod4ever\n|t:|1774625523\n|gametype|doubles\n|player|p1|Sakuraa2004|norman|1480\n|player|p2|bullgod4ever|101|1497\n|gen|9\n|tier|[Gen 9] VGC 2026 Reg I\n|rated|\n|rule|Species Clause: Limit one of each Pok\u00e9mon\n|rule|Item Clause: Limit 1 of each item\n|clearpoke\n|poke|p1|Necrozma-Dawn-Wings, L50|\n|poke|p1|Calyrex-Ice, L50|\n|poke|p1|Indeedee-F, L50, F|\n|poke|p1|Torkoal, L50, M|\n|poke|p1|Smeargle, L50, M|\n|poke|p1|Urshifu-*, L50, F|\n|poke|p2|Calyrex-Ice, L50|\n|poke|p2|Miraidon, L50|\n|poke|p2|Urshifu-*, L50, M|\n|poke|p2|Incineroar, L50, F|\n|poke|p2|Landorus, L50, M|\n|poke|p2|Whimsicott, L50, M|\n|teampreview|4\n|j| Machinationz\n|inactive|Battle timer is ON: inactive players will automatically lose when time's up. (requested by Sakuraa2004)\n|inactive|bullgod4ever has 60 seconds left.\n|inactive|bullgod4ever has 30 seconds left.\n|\n|t:|1774625610\n|teamsize|p1|4\n|teamsize|p2|4\n|start\n|switch|p1a: Necrozma|Necrozma-Dawn-Wings, L50|100/100\n|switch|p1b: Indeedee|Indeedee-F, L50, F|100/100\n|switch|p2a: Whimsicott|Whimsicott, L50, M|100/100\n|switch|p2b: Miraidon|Miraidon, L50|100/100\n|-fieldstart|move: Electric Terrain|[from] ability: Hadron Engine|[of] p2b: Miraidon\n|-fieldstart|move: Psychic Terrain|[from] ability: Psychic Surge|[of] p1b: Indeedee\n|-enditem|p1b: Indeedee|Psychic Seed\n|-boost|p1b: Indeedee|spd|1|[from] item: Psychic Seed\n|turn|1\n|inactive|bullgod4ever has 30 seconds left.\n|\n|t:|1774625644\n|move|p1b: Indeedee|Follow Me|p1b: Indeedee\n|-singleturn|p1b: Indeedee|move: Follow Me\n|move|p2a: Whimsicott|Moonblast|p1b: Indeedee\n|-damage|p1b: Indeedee|77/100\n|-unboost|p1b: Indeedee|spa|1\n|move|p2b: Miraidon|Volt Switch|p1b: Indeedee\n|-damage|p1b: Indeedee|41/100\n|\n|t:|1774625653\n|switch|p2b: Incineroar|Incineroar, L50, F|100/100|[from] Volt Switch\n|-ability|p2b: Incineroar|Intimidate|boost\n|-unboost|p1a: Necrozma|atk|1\n|-unboost|p1b: Indeedee|atk|1\n|move|p1a: Necrozma|Trick Room|p1a: Necrozma\n|-fieldstart|move: Trick Room|[of] p1a: Necrozma\n|\n|upkeep\n|turn|2\n|\n|t:|1774625666\n|switch|p2b: Miraidon|Miraidon, L50|100/100\n|-fieldstart|move: Electric Terrain|[from] ability: Hadron Engine|[of] p2b: Miraidon\n|move|p1b: Indeedee|Follow Me|p1b: Indeedee\n|-singleturn|p1b: Indeedee|move: Follow Me\n|move|p2a: Whimsicott|Encore|p1b: Indeedee\n|-start|p1b: Indeedee|Encore\n|move|p1a: Necrozma|Meteor Beam||[still]\n|-prepare|p1a: Necrozma|Meteor Beam\n|-boost|p1a: Necrozma|spa|1\n|-enditem|p1a: Necrozma|Power Herb\n|-anim|p1a: Necrozma|Meteor Beam|p2b: Miraidon\n|-crit|p2b: Miraidon\n|-damage|p2b: Miraidon|24/100\n|\n|upkeep\n|turn|3\n|inactive|bullgod4ever has 30 seconds left.\n|inactive|bullgod4ever has 20 seconds left.\n|\n|t:|1774625703\n|switch|p2b: Incineroar|Incineroar, L50, F|100/100\n|-ability|p2b: Incineroar|Intimidate|boost\n|-unboost|p1a: Necrozma|atk|1\n|-unboost|p1b: Indeedee|atk|1\n|move|p1b: Indeedee|Follow Me|p1b: Indeedee\n|-singleturn|p1b: Indeedee|move: Follow Me\n|move|p1a: Necrozma|Moongeist Beam|p2a: Whimsicott\n|-enditem|p2a: Whimsicott|Focus Sash\n|-damage|p2a: Whimsicott|1/100\n|move|p2a: Whimsicott|Moonblast|p1b: Indeedee\n|-damage|p1b: Indeedee|20/100\n|\n|upkeep\n|turn|4\n|inactive|bullgod4ever has 30 seconds left.\n|inactive|bullgod4ever has 20 seconds left.\n|inactive|bullgod4ever has 15 seconds left.\n|\n|t:|1774625746\n|move|p1b: Indeedee|Follow Me|p1b: Indeedee\n|-singleturn|p1b: Indeedee|move: Follow Me\n|move|p1a: Necrozma|Moongeist Beam|p2a: Whimsicott\n|-damage|p2a: Whimsicott|0 fnt\n|faint|p2a: Whimsicott\n|move|p2b: Incineroar|U-turn|p1b: Indeedee\n|-supereffective|p1b: Indeedee\n|-damage|p1b: Indeedee|0 fnt\n|faint|p1b: Indeedee\n|\n|t:|1774625757\n|switch|p2b: Calyrex|Calyrex-Ice, L50|100/100|[from] U-turn\n|-ability|p2b: Calyrex|As One\n|-ability|p2b: Calyrex|Unnerve\n|\n|upkeep\n|\n|t:|1774625764\n|switch|p1b: Torkoal|Torkoal, L50, M|100/100\n|switch|p2a: Incineroar|Incineroar, L50, F|100/100\n|-weather|SunnyDay|[from] ability: Drought|[of] p1b: Torkoal\n|-ability|p2a: Incineroar|Intimidate|boost\n|-unboost|p1a: Necrozma|atk|1\n|-unboost|p1b: Torkoal|atk|1\n|turn|5\n|inactive|Sakuraa2004 has 30 seconds left.\n|inactive|bullgod4ever has 30 seconds left.\n|inactive|bullgod4ever has 20 seconds left.\n|\n|t:|1774625800\n|-terastallize|p2b: Calyrex|Water\n|move|p2a: Incineroar|Fake Out|p1b: Torkoal\n|-damage|p1b: Torkoal|92/100\n|cant|p1b: Torkoal|flinch\n|move|p2b: Calyrex|Leech Seed|p1a: Necrozma\n|-start|p1a: Necrozma|move: Leech Seed\n|move|p1a: Necrozma|Moongeist Beam|p2a: Incineroar\n|-resisted|p2a: Incineroar\n|-damage|p2a: Incineroar|69/100\n|\n|-weather|SunnyDay|[upkeep]\n|-damage|p1a: Necrozma|88/100|[from] Leech Seed|[of] p2b: Calyrex\n|-fieldend|move: Trick Room\n|upkeep\n|turn|6\n|\n|t:|1774625822\n|move|p2a: Incineroar|Knock Off|p1b: Torkoal\n|-damage|p1b: Torkoal|63/100\n|-enditem|p1b: Torkoal|Flame Plate|[from] move: Knock Off|[of] p2a: Incineroar\n|move|p2b: Calyrex|Glacial Lance|p1a: Necrozma|[spread] p1a,p1b\n|-resisted|p1b: Torkoal\n|-damage|p1a: Necrozma|43/100\n|-damage|p1b: Torkoal|45/100\n|move|p1a: Necrozma|Moongeist Beam|p2a: Incineroar\n|-resisted|p2a: Incineroar\n|-damage|p2a: Incineroar|38/100\n|move|p1b: Torkoal|Weather Ball|p2a: Incineroar\n|-resisted|p2a: Incineroar\n|-damage|p2a: Incineroar|16/100\n|\n|-weather|SunnyDay|[upkeep]\n|-damage|p1a: Necrozma|30/100|[from] Leech Seed|[of] p2b: Calyrex\n|-fieldend|move: Electric Terrain\n|upkeep\n|turn|7\n|\n|t:|1774625846\n|move|p1b: Torkoal|Protect|p1b: Torkoal\n|-singleturn|p1b: Torkoal|Protect\n|move|p2a: Incineroar|Flare Blitz|p1b: Torkoal\n|-activate|p1b: Torkoal|move: Protect\n|move|p2b: Calyrex|Glacial Lance|p1a: Necrozma|[spread] p1a\n|-activate|p1b: Torkoal|move: Protect\n|-damage|p1a: Necrozma|0 fnt\n|faint|p1a: Necrozma\n|-ability|p2b: Calyrex|Chilling Neigh|boost\n|-boost|p2b: Calyrex|atk|1\n|\n|-weather|SunnyDay|[upkeep]\n|upkeep\n|\n|t:|1774625849\n|switch|p1a: Calyrex|Calyrex-Ice, L50|100/100\n|-ability|p1a: Calyrex|As One\n|-ability|p1a: Calyrex|Unnerve\n|turn|8\n|\n|t:|1774625871\n|move|p1a: Calyrex|Protect|p1a: Calyrex\n|-singleturn|p1a: Calyrex|Protect\n|move|p2a: Incineroar|Flare Blitz|p1a: Calyrex\n|-activate|p1a: Calyrex|move: Protect\n|move|p2b: Calyrex|Glacial Lance|p1a: Calyrex|[spread] p1b\n|-activate|p1a: Calyrex|move: Protect\n|-resisted|p1b: Torkoal\n|-damage|p1b: Torkoal|12/100\n|move|p1b: Torkoal|Heat Wave|p2a: Incineroar|[spread] p2a,p2b\n|-resisted|p2a: Incineroar\n|-resisted|p2b: Calyrex\n|-damage|p2a: Incineroar|1/100\n|-damage|p2b: Calyrex|86/100\n|\n|-weather|SunnyDay|[upkeep]\n|-heal|p2b: Calyrex|92/100|[from] item: Leftovers\n|upkeep\n|turn|9\n|\n|t:|1774625889\n|-terastallize|p1a: Calyrex|Fire\n|move|p1b: Torkoal|Protect|p1b: Torkoal\n|-singleturn|p1b: Torkoal|Protect\n|move|p2a: Incineroar|Flare Blitz|p1a: Calyrex\n|-resisted|p1a: Calyrex\n|-damage|p1a: Calyrex|77/100\n|-damage|p2a: Incineroar|0 fnt|[from] Recoil\n|faint|p2a: Incineroar\n|move|p2b: Calyrex|Glacial Lance|p1a: Calyrex|[spread] p1a\n|-activate|p1b: Torkoal|move: Protect\n|-resisted|p1a: Calyrex\n|-damage|p1a: Calyrex|51/100\n|move|p1a: Calyrex|Trick Room|p1a: Calyrex\n|-fieldstart|move: Trick Room|[of] p1a: Calyrex\n|\n|-weather|none\n|-heal|p2b: Calyrex|98/100|[from] item: Leftovers\n|upkeep\n|\n|t:|1774625907\n|switch|p2a: Miraidon|Miraidon, L50|24/100\n|-fieldstart|move: Electric Terrain|[from] ability: Hadron Engine|[of] p2a: Miraidon\n|turn|10\n|\n|t:|1774625917\n|move|p1b: Torkoal|Heat Wave|p2b: Calyrex|[spread] p2b\n|-miss|p1b: Torkoal|p2a: Miraidon\n|-resisted|p2b: Calyrex\n|-damage|p2b: Calyrex|89/100\n|move|p1a: Calyrex|Glacial Lance|p2a: Miraidon|[spread] p2a,p2b\n|-supereffective|p2a: Miraidon\n|-resisted|p2b: Calyrex\n|-damage|p2a: Miraidon|0 fnt\n|-damage|p2b: Calyrex|71/100\n|faint|p2a: Miraidon\n|-ability|p1a: Calyrex|Chilling Neigh|boost\n|-boost|p1a: Calyrex|atk|1\n|move|p2b: Calyrex|Leech Seed|p1a: Calyrex\n|-start|p1a: Calyrex|move: Leech Seed\n|\n|-heal|p2b: Calyrex|76/100|[from] item: Leftovers\n|-damage|p1a: Calyrex|39/100|[from] Leech Seed|[of] p2b: Calyrex\n|-heal|p2b: Calyrex|88/100|[silent]\n|upkeep\n|turn|11\n|j| Hao_poke\n|\n|t:|1774625937\n|move|p2b: Calyrex|Protect|p2b: Calyrex\n|-singleturn|p2b: Calyrex|Protect\n|move|p1b: Torkoal|Weather Ball|p2b: Calyrex\n|-activate|p2b: Calyrex|move: Protect\n|move|p1a: Calyrex|Glacial Lance|p2b: Calyrex\n|-activate|p2b: Calyrex|move: Protect\n|\n|-heal|p2b: Calyrex|94/100|[from] item: Leftovers\n|-damage|p1a: Calyrex|27/100|[from] Leech Seed|[of] p2b: Calyrex\n|-heal|p2b: Calyrex|100/100|[silent]\n|upkeep\n|turn|12\n|l| Machinationz\n|\n|t:|1774625950\n|move|p1b: Torkoal|Heat Wave|p2b: Calyrex\n|-resisted|p2b: Calyrex\n|-damage|p2b: Calyrex|88/100\n|move|p1a: Calyrex|Glacial Lance|p2b: Calyrex\n|-resisted|p2b: Calyrex\n|-damage|p2b: Calyrex|51/100\n|move|p2b: Calyrex|Glacial Lance|p1b: Torkoal|[spread] p1a,p1b\n|-resisted|p1a: Calyrex\n|-resisted|p1b: Torkoal\n|-damage|p1a: Calyrex|1/100\n|-damage|p1b: Torkoal|0 fnt\n|faint|p1b: Torkoal\n|-ability|p2b: Calyrex|Chilling Neigh|boost\n|-boost|p2b: Calyrex|atk|1\n|\n|-heal|p2b: Calyrex|57/100|[from] item: Leftovers\n|-damage|p1a: Calyrex|0 fnt|[from] Leech Seed|[of] p2b: Calyrex\n|-heal|p2b: Calyrex|58/100|[silent]\n|faint|p1a: Calyrex\n|\n|win|bullgod4ever\n|raw|Sakuraa2004's rating: 1480 &rarr; <strong>1461</strong><br />(-19 for losing)\n|raw|bullgod4ever's rating: 1497 &rarr; <strong>1516</strong><br />(+19 for winning)\n|c|\u2606Sakuraa2004|GG\n|l|\u2606Sakuraa2004\n|player|p1|\n|c|\u2606bullgod4ever|Gg\n|l|\u2606bullgod4ever\n|player|p2|\n","uploadtime":1774626113,"views":16,"formatid":"gen9vgc2026regi","rating":1461,"private":0,"password":null}