{"id":"gen9vgc2026regi-2589253332","format":"[Gen 9] VGC 2026 Reg I","players":["Reaper OLykos","Himmafridge"],"log":"|j|\u2606Reaper OLykos\n|j|\u2606Himmafridge\n|t:|1776709568\n|gametype|doubles\n|player|p1|Reaper OLykos|dawn|1482\n|player|p2|Himmafridge|hiker-gen4|1590\n|gen|9\n|tier|[Gen 9] VGC 2026 Reg I\n|rated|\n|rule|Species Clause: Limit one of each Pok\u00e9mon\n|rule|Item Clause: Limit 1 of each item\n|clearpoke\n|poke|p1|Urshifu-*, L50, M|\n|poke|p1|Calyrex-Ice, L50|\n|poke|p1|Tornadus, L50, M|\n|poke|p1|Landorus, L50, M|\n|poke|p1|Rillaboom, L50, F|\n|poke|p1|Kyogre, L50|\n|poke|p2|Zacian-*, L50|\n|poke|p2|Regidrago, L50|\n|poke|p2|Smeargle, L50, M|\n|poke|p2|Tornadus, L50, M|\n|poke|p2|Groudon, L50|\n|poke|p2|Ditto, L50|\n|teampreview|4\n|\n|t:|1776709597\n|teamsize|p1|4\n|teamsize|p2|4\n|start\n|switch|p1a: Mustang|Calyrex-Ice, L50|100/100\n|switch|p1b: Sevro|Urshifu-Rapid-Strike, L50, M|100/100\n|switch|p2a: Regidrago|Regidrago, L50|100/100\n|switch|p2b: Smeargle|Smeargle, L50, M|100/100\n|-ability|p1a: Mustang|As One\n|-ability|p1a: Mustang|Unnerve\n|turn|1\n|\n|t:|1776709619\n|switch|p1b: Darrow|Rillaboom, L50, F|100/100\n|-fieldstart|move: Grassy Terrain|[from] ability: Grassy Surge|[of] p1b: Darrow\n|move|p1a: Mustang|Protect|p1a: Mustang\n|-singleturn|p1a: Mustang|Protect\n|move|p2b: Smeargle|Fake Out|p1b: Darrow\n|-damage|p1b: Darrow|96/100\n|move|p2a: Regidrago|Dragon Energy|p1a: Mustang|[spread] p1b\n|-activate|p1a: Mustang|move: Protect\n|-damage|p1b: Darrow|38/100\n|\n|-heal|p1b: Darrow|43/100|[from] Grassy Terrain\n|-ability|p2b: Smeargle|Moody|boost\n|-boost|p2b: Smeargle|def|2\n|-unboost|p2b: Smeargle|spa|1\n|upkeep\n|turn|2\n|inactive|Battle timer is ON: inactive players will automatically lose when time's up. (requested by Reaper OLykos)\n|\n|t:|1776709642\n|move|p1b: Darrow|Fake Out|p2b: Smeargle\n|-damage|p2b: Smeargle|89/100\n|cant|p2b: Smeargle|flinch\n|move|p2a: Regidrago|Dragon Energy|p1a: Mustang|[spread] p1a,p1b\n|-damage|p1a: Mustang|46/100\n|-damage|p1b: Darrow|0 fnt\n|faint|p1b: Darrow\n|move|p1a: Mustang|Trick Room|p1a: Mustang\n|-fieldstart|move: Trick Room|[of] p1a: Mustang\n|\n|-heal|p1a: Mustang|52/100|[from] Grassy Terrain\n|-heal|p1a: Mustang|58/100|[from] item: Leftovers\n|-heal|p2b: Smeargle|95/100|[from] Grassy Terrain\n|-ability|p2b: Smeargle|Moody|boost\n|-boost|p2b: Smeargle|spe|2\n|-unboost|p2b: Smeargle|atk|1\n|upkeep\n|\n|t:|1776709655\n|switch|p1b: Sevro|Urshifu-Rapid-Strike, L50, M|100/100\n|turn|3\n|\n|t:|1776709675\n|move|p1a: Mustang|Glacial Lance|p2a: Regidrago|[spread] p2a,p2b\n|-supereffective|p2a: Regidrago\n|-damage|p2a: Regidrago|0 fnt\n|-damage|p2b: Smeargle|42/100\n|faint|p2a: Regidrago\n|-ability|p1a: Mustang|Chilling Neigh|boost\n|-boost|p1a: Mustang|atk|1\n|move|p1b: Sevro|Close Combat|p2b: Smeargle\n|-supereffective|p2b: Smeargle\n|-damage|p2b: Smeargle|0 fnt\n|-unboost|p1b: Sevro|def|1\n|-unboost|p1b: Sevro|spd|1\n|faint|p2b: Smeargle\n|\n|-heal|p1a: Mustang|64/100|[from] Grassy Terrain\n|-heal|p1a: Mustang|70/100|[from] item: Leftovers\n|upkeep\n|\n|t:|1776709680\n|switch|p2a: Groudon|Groudon, L50|100/100\n|switch|p2b: Zacian|Zacian-Crowned, L50|100/100\n|-weather|SunnyDay|[from] ability: Drought|[of] p2a: Groudon\n|-ability|p2b: Zacian|Intrepid Sword|boost\n|-boost|p2b: Zacian|atk|1\n|turn|4\n|\n|t:|1776709702\n|switch|p1b: Victra|Kyogre, L50|100/100\n|-weather|RainDance|[from] ability: Drizzle|[of] p1b: Victra\n|-terastallize|p1a: Mustang|Water\n|-terastallize|p2a: Groudon|Fire\n|move|p1a: Mustang|Glacial Lance|p2a: Groudon|[spread] p2a,p2b\n|-resisted|p2a: Groudon\n|-resisted|p2b: Zacian\n|-damage|p2a: Groudon|77/100\n|-damage|p2b: Zacian|64/100\n|move|p2a: Groudon|Fire Punch|p1a: Mustang\n|-resisted|p1a: Mustang\n|-damage|p1a: Mustang|63/100\n|move|p2b: Zacian|Play Rough|p1b: Victra\n|-damage|p1b: Victra|25/100\n|\n|-weather|RainDance|[upkeep]\n|-heal|p1a: Mustang|69/100|[from] Grassy Terrain\n|-heal|p1a: Mustang|74/100|[from] item: Leftovers\n|-heal|p2a: Groudon|83/100|[from] Grassy Terrain\n|-heal|p1b: Victra|31/100|[from] Grassy Terrain\n|-heal|p2b: Zacian|71/100|[from] Grassy Terrain\n|upkeep\n|turn|5\n|inactive|Himmafridge has 30 seconds left.\n|\n|t:|1776709729\n|move|p1a: Mustang|Glacial Lance|p2b: Zacian|[spread] p2a,p2b\n|-resisted|p2a: Groudon\n|-resisted|p2b: Zacian\n|-damage|p2a: Groudon|56/100\n|-damage|p2b: Zacian|33/100\n|move|p2a: Groudon|Precipice Blades|p1a: Mustang|[spread] p1a,p1b\n|-crit|p1a: Mustang\n|-damage|p1a: Mustang|25/100\n|-damage|p1b: Victra|0 fnt\n|faint|p1b: Victra\n|move|p2b: Zacian|Play Rough|p1a: Mustang\n|-damage|p1a: Mustang|0 fnt\n|faint|p1a: Mustang\n|\n|-weather|RainDance|[upkeep]\n|-heal|p2a: Groudon|62/100|[from] Grassy Terrain\n|-heal|p2b: Zacian|39/100|[from] Grassy Terrain\n|-fieldend|move: Grassy Terrain\n|upkeep\n|\n|t:|1776709745\n|switch|p1b: Sevro|Urshifu-Rapid-Strike, L50, M|100/100\n|turn|6\n|inactive|Himmafridge has 30 seconds left.\n|inactive|Himmafridge has 20 seconds left.\n|inactive|Himmafridge has 15 seconds left.\n|inactive|Himmafridge has 10 seconds left.\n|inactive|Himmafridge has 5 seconds left.\n|\n|t:|1776709800\n|move|p1b: Sevro|Aqua Jet|p2a: Groudon\n|-supereffective|p2a: Groudon\n|-damage|p2a: Groudon|0 fnt\n|faint|p2a: Groudon\n|move|p2b: Zacian|Play Rough|p1b: Sevro\n|-supereffective|p1b: Sevro\n|-damage|p1b: Sevro|0 fnt\n|faint|p1b: Sevro\n|\n|win|Himmafridge\n|raw|Reaper OLykos's rating: 1482 &rarr; <strong>1468</strong><br />(-14 for losing)\n|raw|Himmafridge's rating: 1590 &rarr; <strong>1604</strong><br />(+14 for winning)\n|l|\u2606Reaper OLykos\n|player|p1|\n|l|\u2606Himmafridge\n|player|p2|\n","uploadtime":1776710005,"views":9,"formatid":"gen9vgc2026regi","rating":1468,"private":0,"password":null}