{"id":"gen9vgc2026regi-2590507504","format":"[Gen 9] VGC 2026 Reg I","players":["jj11j1","Rogersayyouare2486"],"log":"|j|\u2606jj11j1\n|j|\u2606Rogersayyouare2486\n|t:|1776816153\n|gametype|doubles\n|player|p1|jj11j1|169|1410\n|player|p2|Rogersayyouare2486|101|1487\n|gen|9\n|tier|[Gen 9] VGC 2026 Reg I\n|rated|\n|rule|Species Clause: Limit one of each Pok\u00e9mon\n|rule|Item Clause: Limit 1 of each item\n|clearpoke\n|poke|p1|Ho-Oh, L50|\n|poke|p1|Calyrex-Ice, L50|\n|poke|p1|Overqwil, L50, M|\n|poke|p1|Ting-Lu, L50|\n|poke|p1|Rillaboom, L50, M|\n|poke|p1|Ogerpon-Wellspring, L50, F|\n|poke|p2|Calyrex-Ice, L50|\n|poke|p2|Kyogre, L50|\n|poke|p2|Hatterene, L50, F|\n|poke|p2|Urshifu-*, L50, M|\n|poke|p2|Amoonguss, L50, M|\n|poke|p2|Indeedee-F, L50, F|\n|teampreview|4\n|inactive|Battle timer is ON: inactive players will automatically lose when time's up. (requested by Rogersayyouare2486)\n|inactive|Rogersayyouare2486 has 60 seconds left.\n|\n|t:|1776816199\n|teamsize|p1|4\n|teamsize|p2|4\n|start\n|switch|p1a: Ogerpon|Ogerpon-Wellspring, L50, F|100/100\n|switch|p1b: Calyrex|Calyrex-Ice, L50|100/100\n|switch|p2a: Calyrex|Calyrex-Ice, L50|100/100\n|switch|p2b: Amoonguss|Amoonguss, L50, M|100/100\n|-ability|p1b: Calyrex|As One\n|-ability|p1b: Calyrex|Unnerve\n|-ability|p2a: Calyrex|As One\n|-ability|p2a: Calyrex|Unnerve\n|turn|1\n|inactive|Rogersayyouare2486 has 30 seconds left.\n|\n|t:|1776816224\n|move|p2a: Calyrex|Protect|p2a: Calyrex\n|-singleturn|p2a: Calyrex|Protect\n|move|p2b: Amoonguss|Rage Powder|p2b: Amoonguss\n|-singleturn|p2b: Amoonguss|move: Rage Powder\n|move|p1a: Ogerpon|Ivy Cudgel|p2a: Calyrex|[anim] Ivy Cudgel Water\n|-activate|p2a: Calyrex|move: Protect\n|move|p1b: Calyrex|Leech Seed|p2b: Amoonguss\n|-immune|p2b: Amoonguss\n|\n|upkeep\n|turn|2\n|inactive|Rogersayyouare2486 has 30 seconds left.\n|inactive|Rogersayyouare2486 has 20 seconds left.\n|inactive|Rogersayyouare2486 has 15 seconds left.\n|inactive|Rogersayyouare2486 has 10 seconds left.\n|\n|t:|1776816270\n|move|p1a: Ogerpon|Follow Me|p1a: Ogerpon\n|-singleturn|p1a: Ogerpon|move: Follow Me\n|move|p2a: Calyrex|Glacial Lance|p1a: Ogerpon|[spread] p1a,p1b\n|-resisted|p1b: Calyrex\n|-damage|p1a: Ogerpon|49/100\n|-damage|p1b: Calyrex|85/100\n|move|p1b: Calyrex|Leech Seed|p2a: Calyrex\n|-start|p2a: Calyrex|move: Leech Seed\n|move|p2b: Amoonguss|Pollen Puff|p1a: Ogerpon\n|-supereffective|p1a: Ogerpon\n|-damage|p1a: Ogerpon|17/100\n|\n|-heal|p1b: Calyrex|90/100|[from] item: Leftovers\n|-damage|p2a: Calyrex|88/100|[from] Leech Seed|[of] p1b: Calyrex\n|-heal|p1b: Calyrex|100/100|[silent]\n|upkeep\n|turn|3\n|\n|t:|1776816294\n|move|p1a: Ogerpon|Ivy Cudgel|p2a: Calyrex|[anim] Ivy Cudgel Water\n|-damage|p2a: Calyrex|56/100\n|move|p1b: Calyrex|Glacial Lance|p2a: Calyrex|[spread] p2a,p2b\n|-resisted|p2a: Calyrex\n|-supereffective|p2b: Amoonguss\n|-damage|p2a: Calyrex|43/100\n|-damage|p2b: Amoonguss|24/100\n|move|p2a: Calyrex|Glacial Lance|p1b: Calyrex|[spread] p1a,p1b\n|-resisted|p1b: Calyrex\n|-damage|p1a: Ogerpon|0 fnt\n|-damage|p1b: Calyrex|86/100\n|faint|p1a: Ogerpon\n|-ability|p2a: Calyrex|Chilling Neigh|boost\n|-boost|p2a: Calyrex|atk|1\n|move|p2b: Amoonguss|Spore|p1b: Calyrex\n|-status|p1b: Calyrex|slp|[from] move: Spore\n|\n|-heal|p1b: Calyrex|92/100 slp|[from] item: Leftovers\n|-damage|p2a: Calyrex|30/100|[from] Leech Seed|[of] p1b: Calyrex\n|-heal|p1b: Calyrex|100/100 slp|[silent]\n|upkeep\n|\n|t:|1776816314\n|switch|p1a: Ho-Oh|Ho-Oh, L50|100/100\n|turn|4\n|\n|t:|1776816333\n|switch|p2b: Kyogre|Kyogre, L50|100/100\n|-weather|RainDance|[from] ability: Drizzle|[of] p2b: Kyogre\n|-terastallize|p2a: Calyrex|Grass\n|move|p1a: Ho-Oh|Sacred Fire|p2b: Kyogre\n|-resisted|p2b: Kyogre\n|-damage|p2b: Kyogre|91/100\n|cant|p1b: Calyrex|slp\n|move|p2a: Calyrex|Trick Room|p2a: Calyrex\n|-fieldstart|move: Trick Room|[of] p2a: Calyrex\n|\n|-weather|RainDance|[upkeep]\n|-damage|p2a: Calyrex|18/100|[from] Leech Seed|[of] p1b: Calyrex\n|upkeep\n|turn|5\n|inactive|jj11j1 has 30 seconds left.\n|\n|t:|1776816362\n|-terastallize|p1b: Calyrex|Water\n|move|p1a: Ho-Oh|Protect|p1a: Ho-Oh\n|-singleturn|p1a: Ho-Oh|Protect\n|move|p2b: Kyogre|Water Spout|p1a: Ho-Oh|[spread] p1b\n|-activate|p1a: Ho-Oh|move: Protect\n|-resisted|p1b: Calyrex\n|-damage|p1b: Calyrex|70/100 slp\n|-curestatus|p1b: Calyrex|slp|[msg]\n|move|p1b: Calyrex|Glacial Lance|p2a: Calyrex|[spread] p2a,p2b\n|-supereffective|p2a: Calyrex\n|-resisted|p2b: Kyogre\n|-damage|p2a: Calyrex|0 fnt\n|-damage|p2b: Kyogre|69/100\n|faint|p2a: Calyrex\n|-ability|p1b: Calyrex|Chilling Neigh|boost\n|-boost|p1b: Calyrex|atk|1\n|\n|-weather|RainDance|[upkeep]\n|-heal|p1b: Calyrex|76/100|[from] item: Leftovers\n|upkeep\n|\n|t:|1776816368\n|switch|p2a: Hatterene|Hatterene, L50, F|100/100\n|turn|6\n|\n|t:|1776816392\n|switch|p1a: Rillaboom|Rillaboom, L50, M|100/100\n|-fieldstart|move: Grassy Terrain|[from] ability: Grassy Surge|[of] p1a: Rillaboom\n|move|p2a: Hatterene|Dazzling Gleam|p1b: Calyrex|[spread] p1a,p1b\n|-damage|p1a: Rillaboom|71/100\n|-damage|p1b: Calyrex|49/100\n|-damage|p2a: Hatterene|91/100|[from] item: Life Orb\n|move|p2b: Kyogre|Thunder|p1b: Calyrex\n|-supereffective|p1b: Calyrex\n|-damage|p1b: Calyrex|0 fnt\n|faint|p1b: Calyrex\n|\n|-weather|RainDance|[upkeep]\n|-heal|p2a: Hatterene|97/100|[from] Grassy Terrain\n|-heal|p2b: Kyogre|75/100|[from] Grassy Terrain\n|-heal|p1a: Rillaboom|76/100|[from] Grassy Terrain\n|upkeep\n|\n|t:|1776816409\n|switch|p1b: Ho-Oh|Ho-Oh, L50|100/100\n|turn|7\n|j| ChilledLotusA\n|\n|t:|1776816430\n|move|p2b: Kyogre|Protect|p2b: Kyogre\n|-singleturn|p2b: Kyogre|Protect\n|move|p1a: Rillaboom|Fake Out|p2b: Kyogre\n|-activate|p2b: Kyogre|move: Protect\n|move|p2a: Hatterene|Expanding Force|p1a: Rillaboom\n|-damage|p1a: Rillaboom|34/100\n|-damage|p2a: Hatterene|87/100|[from] item: Life Orb\n|move|p1b: Ho-Oh|Sacred Fire|p2a: Hatterene|[miss]\n|-miss|p1b: Ho-Oh|p2a: Hatterene\n|\n|-weather|RainDance|[upkeep]\n|-heal|p2a: Hatterene|93/100|[from] Grassy Terrain\n|-heal|p2b: Kyogre|81/100|[from] Grassy Terrain\n|-heal|p1a: Rillaboom|40/100|[from] Grassy Terrain\n|upkeep\n|turn|8\n|inactive|jj11j1 has 30 seconds left.\n|\n|t:|1776816462\n|switch|p2b: Amoonguss|Amoonguss, L50, M|57/100\n|move|p1b: Ho-Oh|Protect|p1b: Ho-Oh\n|-singleturn|p1b: Ho-Oh|Protect\n|move|p2a: Hatterene|Expanding Force|p1a: Rillaboom\n|-damage|p1a: Rillaboom|0 fnt\n|faint|p1a: Rillaboom\n|-damage|p2a: Hatterene|83/100|[from] item: Life Orb\n|\n|-weather|none\n|-heal|p2a: Hatterene|90/100|[from] Grassy Terrain\n|-heal|p2b: Amoonguss|62/100|[from] Grassy Terrain\n|-fieldend|move: Trick Room\n|upkeep\n|turn|9\n|\n|t:|1776816478\n|switch|p2b: Kyogre|Kyogre, L50|81/100\n|-weather|RainDance|[from] ability: Drizzle|[of] p2b: Kyogre\n|move|p1b: Ho-Oh|Sacred Fire|p2b: Kyogre\n|-resisted|p2b: Kyogre\n|-damage|p2b: Kyogre|71/100\n|move|p2a: Hatterene|Trick Room|p2a: Hatterene\n|-fieldstart|move: Trick Room|[of] p2a: Hatterene\n|\n|-weather|RainDance|[upkeep]\n|-heal|p2a: Hatterene|96/100|[from] Grassy Terrain\n|-heal|p2b: Kyogre|77/100|[from] Grassy Terrain\n|upkeep\n|turn|10\n|-message|jj11j1 forfeited.\n|\n|win|Rogersayyouare2486\n|raw|jj11j1's rating: 1410 &rarr; <strong>1394</strong><br />(-16 for losing)\n|raw|Rogersayyouare2486's rating: 1487 &rarr; <strong>1503</strong><br />(+16 for winning)\n|l|\u2606jj11j1\n|player|p1|\n|l|\u2606Rogersayyouare2486\n|player|p2|\n","uploadtime":1776816701,"views":10,"formatid":"gen9vgc2026regi","rating":1394,"private":0,"password":null}