{"id":"gen9vgc2026regi-2532724852","format":"[Gen 9] VGC 2026 Reg I","players":["JV78967","lalo's pollos"],"log":"|j|\u2606JV78967\n|j|\u2606lalo's pollos\n|t:|1770218661\n|gametype|doubles\n|player|p1|JV78967|169|1333\n|player|p2|lalo's pollos|101|1383\n|gen|9\n|tier|[Gen 9] VGC 2026 Reg I\n|rated|\n|rule|Species Clause: Limit one of each Pok\u00e9mon\n|rule|Item Clause: Limit 1 of each item\n|clearpoke\n|poke|p1|Lunala, L50|\n|poke|p1|Indeedee-F, L50, F|\n|poke|p1|Ogerpon-Hearthflame, L50, F|\n|poke|p1|Koraidon, L50|\n|poke|p1|Landorus, L50, M|\n|poke|p1|Araquanid, L50, M|\n|poke|p2|Zamazenta-*, L50|\n|poke|p2|Lunala, L50|\n|poke|p2|Rillaboom, L50, F|\n|poke|p2|Incineroar, L50, F|\n|poke|p2|Urshifu-*, L50, F|\n|poke|p2|Tornadus, L50, M|\n|teampreview|4\n|\n|t:|1770218705\n|teamsize|p1|4\n|teamsize|p2|4\n|start\n|switch|p1a: Ogerpon|Ogerpon-Hearthflame, L50, F|100/100\n|switch|p1b: Landorus|Landorus, L50, M|100/100\n|switch|p2a: Tornadus|Tornadus, L50, M|100/100\n|switch|p2b: Zamazenta|Zamazenta-Crowned, L50|100/100\n|-ability|p1a: Ogerpon|Mold Breaker\n|-ability|p2b: Zamazenta|Dauntless Shield|boost\n|-boost|p2b: Zamazenta|def|1\n|turn|1\n|\n|t:|1770218739\n|move|p1a: Ogerpon|Spiky Shield|p1a: Ogerpon\n|-singleturn|p1a: Ogerpon|move: Protect\n|move|p2b: Zamazenta|Protect|p2b: Zamazenta\n|-singleturn|p2b: Zamazenta|Protect\n|move|p1b: Landorus|Earth Power|p2b: Zamazenta\n|-activate|p2b: Zamazenta|move: Protect\n|move|p2a: Tornadus|Bleakwind Storm|p1a: Ogerpon|[spread] p1b\n|-activate|p1a: Ogerpon|move: Protect\n|-damage|p1b: Landorus|53/100\n|\n|upkeep\n|turn|2\n|c|\u2606lalo's pollos|nice scarg\n|c|\u2606lalo's pollos|scarf\n|\n|t:|1770218776\n|-terastallize|p1a: Ogerpon|Fire\n|detailschange|p1a: Ogerpon|Ogerpon-Hearthflame-Tera, L50, F, tera:Fire\n|-ability|p1a: Ogerpon|Embody Aspect (Hearthflame)|boost\n|-boost|p1a: Ogerpon|atk|1\n|-terastallize|p2b: Zamazenta|Water\n|move|p2a: Tornadus|Tailwind|p2a: Tornadus\n|-sidestart|p2: lalo's pollos|move: Tailwind\n|move|p2b: Zamazenta|Body Press|p1b: Landorus\n|-resisted|p1b: Landorus\n|-damage|p1b: Landorus|6/100\n|move|p1b: Landorus|Earth Power|p2b: Zamazenta\n|-crit|p2b: Zamazenta\n|-damage|p2b: Zamazenta|31/100\n|move|p1a: Ogerpon|Ivy Cudgel|p2a: Tornadus|[anim] Ivy Cudgel Fire\n|-enditem|p2a: Tornadus|Focus Sash\n|-damage|p2a: Tornadus|1/100\n|\n|upkeep\n|turn|3\n|\n|t:|1770218823\n|switch|p1b: Lunala|Lunala, L50|100/100\n|move|p2a: Tornadus|Bleakwind Storm|p1a: Ogerpon|[spread] p1b\n|-miss|p2a: Tornadus|p1a: Ogerpon\n|-damage|p1b: Lunala|88/100\n|move|p2b: Zamazenta|Body Press|p1a: Ogerpon\n|-damage|p1a: Ogerpon|19/100\n|move|p1a: Ogerpon|Ivy Cudgel|p2a: Tornadus|[anim] Ivy Cudgel Fire\n|-damage|p2a: Tornadus|0 fnt\n|faint|p2a: Tornadus\n|\n|upkeep\n|\n|t:|1770218834\n|switch|p2a: Lunala|Lunala, L50|100/100\n|turn|4\n|\n|t:|1770218846\n|switch|p1b: Landorus|Landorus, L50, M|6/100\n|move|p1a: Ogerpon|Spiky Shield|p1a: Ogerpon\n|-singleturn|p1a: Ogerpon|move: Protect\n|move|p2b: Zamazenta|Body Press|p1a: Ogerpon\n|-activate|p1a: Ogerpon|move: Protect\n|-damage|p2b: Zamazenta|19/100|[from] Spiky Shield|[of] p1a: Ogerpon\n|move|p2a: Lunala|Moongeist Beam|p1b: Landorus\n|-damage|p1b: Landorus|0 fnt\n|faint|p1b: Landorus\n|\n|upkeep\n|\n|t:|1770218850\n|switch|p1b: Koraidon|Koraidon, L50|100/100\n|-weather|SunnyDay|[from] ability: Orichalcum Pulse|[of] p1b: Koraidon\n|-activate|p1b: Koraidon|Orichalcum Pulse|[source]\n|turn|5\n|\n|t:|1770218857\n|move|p1b: Koraidon|Protect|p1b: Koraidon\n|-singleturn|p1b: Koraidon|Protect\n|move|p1a: Ogerpon|Spiky Shield||[still]\n|-fail|p1a: Ogerpon\n|move|p2b: Zamazenta|Body Press|p1a: Ogerpon\n|-damage|p1a: Ogerpon|0 fnt\n|faint|p1a: Ogerpon\n|detailschange|p1: Ogerpon|Ogerpon-Hearthflame, L50, F|[silent]\n|move|p2a: Lunala|Moonblast|p1b: Koraidon\n|-activate|p1b: Koraidon|move: Protect\n|\n|-weather|SunnyDay|[upkeep]\n|-sideend|p2: lalo's pollos|move: Tailwind\n|upkeep\n|\n|t:|1770218860\n|switch|p1a: Lunala|Lunala, L50|88/100\n|turn|6\n|\n|t:|1770218873\n|move|p1b: Koraidon|Collision Course|p2b: Zamazenta\n|-damage|p2b: Zamazenta|0 fnt\n|faint|p2b: Zamazenta\n|move|p2a: Lunala|Moongeist Beam|p1a: Lunala\n|-supereffective|p1a: Lunala\n|-damage|p1a: Lunala|0 fnt\n|faint|p1a: Lunala\n|\n|-weather|SunnyDay|[upkeep]\n|upkeep\n|\n|t:|1770218882\n|switch|p2b: Incineroar|Incineroar, L50, F|100/100\n|-ability|p2b: Incineroar|Intimidate|boost\n|-unboost|p1b: Koraidon|atk|1\n|turn|7\n|-message|JV78967 forfeited.\n|\n|win|lalo's pollos\n|raw|JV78967's rating: 1333 &rarr; <strong>1316</strong><br />(-17 for losing)\n|raw|lalo&apos;s pollos's rating: 1383 &rarr; <strong>1400</strong><br />(+17 for winning)\n|l|\u2606JV78967\n|player|p1|\n","uploadtime":1770219161,"views":11,"formatid":"gen9vgc2026regi","rating":1316,"private":0,"password":null}