{"id":"gen9vgc2026regi-2564293409","format":"[Gen 9] VGC 2026 Reg I","players":["BreakTheShadowWall","Mooose"],"log":"|j|\u2606BreakTheShadowWall\n|j|\u2606Mooose\n|t:|1774129380\n|gametype|doubles\n|player|p1|BreakTheShadowWall|169|1374\n|player|p2|Mooose|ethan|1324\n|gen|9\n|tier|[Gen 9] VGC 2026 Reg I\n|rated|\n|rule|Species Clause: Limit one of each Pok\u00e9mon\n|rule|Item Clause: Limit 1 of each item\n|clearpoke\n|poke|p1|Miraidon, L50|\n|poke|p1|Iron Bundle, L50|\n|poke|p1|Lunala, L50|\n|poke|p1|Incineroar, L50, F|\n|poke|p1|Urshifu-*, L50, M|\n|poke|p1|Ursaluna, L50, M|\n|poke|p2|Zacian-*, L50|\n|poke|p2|Terapagos, L50, M|\n|poke|p2|Talonflame, L50, F|\n|poke|p2|Munkidori, L50, M|\n|poke|p2|Tyranitar, L50, M|\n|poke|p2|Dragapult, L50, M|\n|teampreview|4\n|inactive|Battle timer is ON: inactive players will automatically lose when time's up. (requested by Mooose)\n|inactive|BreakTheShadowWall has 60 seconds left.\n|inactive|Mooose has 60 seconds left.\n|\n|t:|1774129434\n|teamsize|p1|4\n|teamsize|p2|4\n|start\n|switch|p1a: Incineroar|Incineroar, L50, F|100/100\n|switch|p1b: Iron Bundle|Iron Bundle, L50|100/100\n|switch|p2a: Zacian|Zacian-Crowned, L50|100/100\n|switch|p2b: Munkidori|Munkidori, L50, M|100/100\n|-ability|p2a: Zacian|Intrepid Sword|boost\n|-boost|p2a: Zacian|atk|1\n|-ability|p1a: Incineroar|Intimidate|boost\n|-unboost|p2a: Zacian|atk|1\n|-unboost|p2b: Munkidori|atk|1\n|turn|1\n|\n|t:|1774129456\n|move|p2b: Munkidori|Fake Out|p1a: Incineroar\n|-damage|p1a: Incineroar|97/100\n|cant|p1a: Incineroar|flinch\n|move|p1b: Iron Bundle|Icy Wind|p2a: Zacian|[spread] p2a,p2b\n|-resisted|p2a: Zacian\n|-damage|p2a: Zacian|91/100\n|-damage|p2b: Munkidori|86/100\n|-unboost|p2a: Zacian|spe|1\n|-unboost|p2b: Munkidori|spe|1\n|move|p2a: Zacian|Swords Dance|p2a: Zacian\n|-boost|p2a: Zacian|atk|2\n|\n|upkeep\n|turn|2\n|\n|t:|1774129474\n|move|p2a: Zacian|Protect|p2a: Zacian\n|-singleturn|p2a: Zacian|Protect\n|move|p1b: Iron Bundle|Encore|p2a: Zacian\n|-activate|p2a: Zacian|move: Protect\n|move|p2b: Munkidori|Sludge Bomb|p1b: Iron Bundle\n|-damage|p1b: Iron Bundle|14/100\n|move|p1a: Incineroar|U-turn|p2b: Munkidori\n|-damage|p2b: Munkidori|68/100\n|\n|t:|1774129492\n|switch|p1a: Lunala|Lunala, L50, shiny|100/100|[from] U-turn\n|\n|upkeep\n|turn|3\n|\n|t:|1774129506\n|-end|p1b: Iron Bundle|Quark Drive|[silent]\n|switch|p1b: Incineroar|Incineroar, L50, F|97/100\n|-ability|p1b: Incineroar|Intimidate|boost\n|-unboost|p2a: Zacian|atk|1\n|-unboost|p2b: Munkidori|atk|1\n|switch|p2a: Tyranitar|Tyranitar, L50, M|100/100\n|-weather|Sandstorm|[from] ability: Sand Stream|[of] p2a: Tyranitar\n|move|p1a: Lunala|Moongeist Beam|p2b: Munkidori\n|-supereffective|p2b: Munkidori\n|-crit|p2b: Munkidori\n|-damage|p2b: Munkidori|0 fnt\n|faint|p2b: Munkidori\n|\n|-weather|Sandstorm|[upkeep]\n|-damage|p1a: Lunala|95/100|[from] Sandstorm\n|-damage|p1b: Incineroar|91/100|[from] Sandstorm\n|upkeep\n|\n|t:|1774129515\n|switch|p2b: Terapagos|Terapagos, L50, M|100/100\n|-activate|p2b: Terapagos|ability: Tera Shift\n|detailschange|p2b: Terapagos|Terapagos-Terastal, L50, M\n|-heal|p2b: Terapagos|100/100|[silent]\n|turn|4\n|\n|t:|1774129539\n|-terastallize|p1a: Lunala|Fairy\n|move|p1a: Lunala|Moonblast|p2a: Tyranitar\n|-supereffective|p2a: Tyranitar\n|-damage|p2a: Tyranitar|48/100\n|move|p2b: Terapagos|Calm Mind|p2b: Terapagos\n|-boost|p2b: Terapagos|spa|1\n|-boost|p2b: Terapagos|spd|1\n|move|p2a: Tyranitar|Knock Off|p1a: Lunala\n|-resisted|p1a: Lunala\n|-damage|p1a: Lunala|76/100\n|-enditem|p1a: Lunala|Electric Seed|[from] move: Knock Off|[of] p2a: Tyranitar\n|move|p1b: Incineroar|U-turn|p2b: Terapagos\n|-activate|p2b: Terapagos|ability: Tera Shell\n|-resisted|p2b: Terapagos\n|-damage|p2b: Terapagos|93/100\n|\n|t:|1774129556\n|switch|p1b: Urshifu|Urshifu-Rapid-Strike, L50, M|100/100|[from] U-turn\n|\n|-weather|Sandstorm|[upkeep]\n|-damage|p1b: Urshifu|95/100|[from] Sandstorm\n|-damage|p1a: Lunala|70/100|[from] Sandstorm\n|-damage|p2b: Terapagos|87/100|[from] Sandstorm\n|-heal|p2b: Terapagos|93/100|[from] item: Leftovers\n|upkeep\n|turn|5\n|inactive|Mooose has 30 seconds left.\n|\n|t:|1774129584\n|move|p1b: Urshifu|Close Combat|p2b: Terapagos\n|-supereffective|p2b: Terapagos\n|-damage|p2b: Terapagos|0 fnt\n|-unboost|p1b: Urshifu|def|1\n|-unboost|p1b: Urshifu|spd|1\n|faint|p2b: Terapagos\n|move|p1a: Lunala|Moonblast|p2a: Tyranitar\n|-supereffective|p2a: Tyranitar\n|-crit|p2a: Tyranitar\n|-damage|p2a: Tyranitar|0 fnt\n|faint|p2a: Tyranitar\n|\n|-weather|Sandstorm|[upkeep]\n|-damage|p1b: Urshifu|89/100|[from] Sandstorm\n|-damage|p1a: Lunala|64/100|[from] Sandstorm\n|upkeep\n|\n|t:|1774129593\n|switch|p2b: Zacian|Zacian-Crowned, L50|91/100\n|turn|6\n|c|\u2606BreakTheShadowWall|using terapgos with sand is insane\n|inactive|BreakTheShadowWall has 30 seconds left.\n|\n|t:|1774129625\n|move|p2b: Zacian|Play Rough|p1b: Urshifu\n|-supereffective|p1b: Urshifu\n|-damage|p1b: Urshifu|0 fnt\n|faint|p1b: Urshifu\n|move|p1a: Lunala|Moongeist Beam|p2b: Zacian\n|-damage|p2b: Zacian|46/100\n|\n|-weather|Sandstorm|[upkeep]\n|-damage|p1a: Lunala|58/100|[from] Sandstorm\n|upkeep\n|\n|t:|1774129635\n|switch|p1b: Incineroar|Incineroar, L50, F|91/100\n|-ability|p1b: Incineroar|Intimidate|boost\n|-unboost|p2b: Zacian|atk|1\n|turn|7\n|\n|t:|1774129641\n|switch|p1a: Iron Bundle|Iron Bundle, L50|14/100\n|move|p2b: Zacian|Protect|p2b: Zacian\n|-singleturn|p2b: Zacian|Protect\n|move|p1b: Incineroar|Fake Out|p2b: Zacian\n|-activate|p2b: Zacian|move: Protect\n|\n|-weather|none\n|upkeep\n|turn|8\n|\n|t:|1774129648\n|move|p1a: Iron Bundle|Encore|p2b: Zacian\n|-start|p2b: Zacian|Encore\n|move|p2b: Zacian|Protect|p2b: Zacian\n|-singleturn|p2b: Zacian|Protect\n|move|p1b: Incineroar|Flare Blitz|p2b: Zacian\n|-activate|p2b: Zacian|move: Protect\n|\n|upkeep\n|turn|9\n|-message|Mooose forfeited.\n|\n|win|BreakTheShadowWall\n|raw|BreakTheShadowWall's rating: 1374 &rarr; <strong>1391</strong><br />(+17 for winning)\n|raw|Mooose's rating: 1324 &rarr; <strong>1307</strong><br />(-17 for losing)\n|l|\u2606Mooose\n|player|p2|\n|l|\u2606BreakTheShadowWall\n|player|p1|\n","uploadtime":1774129790,"views":11,"formatid":"gen9vgc2026regi","rating":1307,"private":0,"password":null}