{"id":"gen9vgc2026regi-2561485191","format":"[Gen 9] VGC 2026 Reg I","players":["wartortcorp","GAPDHD"],"log":"|j|\u2606wartortcorp\n|j|\u2606GAPDHD\n|t:|1773801624\n|gametype|doubles\n|player|p1|wartortcorp|170|1473\n|player|p2|GAPDHD|ruinmaniac|1439\n|gen|9\n|tier|[Gen 9] VGC 2026 Reg I\n|rated|\n|rule|Species Clause: Limit one of each Pok\u00e9mon\n|rule|Item Clause: Limit 1 of each item\n|clearpoke\n|poke|p1|Calyrex-Shadow, L50|\n|poke|p1|Talonflame, L50, M|\n|poke|p1|Dondozo, L50, M|\n|poke|p1|Tatsugiri-Stretchy, L50, F|\n|poke|p1|Pawmot, L50, F|\n|poke|p1|Weezing-Galar, L50, M|\n|poke|p2|Lunala, L50|\n|poke|p2|Groudon, L50|\n|poke|p2|Indeedee-F, L50, F|\n|poke|p2|Walking Wake, L50|\n|poke|p2|Incineroar, L50, M|\n|poke|p2|Brute Bonnet, L50|\n|teampreview|4\nGAPDHD has agreed to open team sheets.\nwartortcorp rejected open team sheets.\n|\n|t:|1773801658\n|teamsize|p1|4\n|teamsize|p2|4\n|start\n|switch|p1a: Calyrex|Calyrex-Shadow, L50|100/100\n|switch|p1b: Weezing|Weezing-Galar, L50, M|100/100\n|switch|p2a: Lunala|Lunala, L50|100/100\n|switch|p2b: Incineroar|Incineroar, L50, M|100/100\n|-ability|p1b: Weezing|Neutralizing Gas\n|-ability|p1a: Calyrex|As One\n|-ability|p1a: Calyrex|Unnerve\n|turn|1\n|\n|t:|1773801678\n|-terastallize|p1a: Calyrex|Ghost\n|-terastallize|p2a: Lunala|Dark\n|move|p1a: Calyrex|Astral Barrage|p2b: Incineroar|[spread] p2a,p2b\n|-resisted|p2a: Lunala\n|-resisted|p2b: Incineroar\n|-damage|p2a: Lunala|60/100\n|-damage|p2b: Incineroar|52/100\n|move|p2b: Incineroar|Taunt|p1b: Weezing\n|-start|p1b: Weezing|move: Taunt\n|-enditem|p1b: Weezing|Mental Herb\n|-end|p1b: Weezing|move: Taunt\n|move|p1b: Weezing|Toxic Spikes|p2b: Incineroar\n|-sidestart|p2: GAPDHD|move: Toxic Spikes\n|move|p2a: Lunala|Trick Room|p2a: Lunala\n|-fieldstart|move: Trick Room|[of] p2a: Lunala\n|\n|upkeep\n|turn|2\n|\n|t:|1773801706\n|-end|p1b: Weezing|ability: Neutralizing Gas\n|-ability|p2b: Incineroar|Intimidate|boost\n|-unboost|p1a: Calyrex|atk|1\n|-unboost|p1b: Weezing|atk|1\n|switch|p1b: Dondozo|Dondozo, L50, M|100/100\n|switch|p1a: Tatsugiri|Tatsugiri-Stretchy, L50, F|100/100\n|-activate|p1a: Tatsugiri|ability: Commander|[of] p1b: Dondozo\n|-boost|p1b: Dondozo|atk|2\n|-boost|p1b: Dondozo|spa|2\n|-boost|p1b: Dondozo|spe|2\n|-boost|p1b: Dondozo|def|2\n|-boost|p1b: Dondozo|spd|2\n|move|p2b: Incineroar|Knock Off|p1a: Tatsugiri|[miss]\n|-miss|p2b: Incineroar|p1a: Tatsugiri\n|move|p2a: Lunala|Meteor Beam||[still]\n|-prepare|p2a: Lunala|Meteor Beam\n|-boost|p2a: Lunala|spa|1\n|-enditem|p2a: Lunala|Power Herb\n|-anim|p2a: Lunala|Meteor Beam|p1b: Dondozo\n|-damage|p1b: Dondozo|76/100\n|\n|upkeep\n|turn|3\n|\n|t:|1773801720\n|move|p1b: Dondozo|Protect|p1b: Dondozo\n|-singleturn|p1b: Dondozo|Protect\n|move|p2b: Incineroar|Knock Off|p1b: Dondozo\n|-activate|p1b: Dondozo|move: Protect\n|move|p2a: Lunala|Moongeist Beam|p1b: Dondozo\n|-activate|p1b: Dondozo|move: Protect\n|\n|upkeep\n|turn|4\n|\n|t:|1773801727\n|move|p2b: Incineroar|Knock Off|p1b: Dondozo\n|-damage|p1b: Dondozo|60/100\n|-enditem|p1b: Dondozo|Clear Amulet|[from] move: Knock Off|[of] p2b: Incineroar\n|move|p2a: Lunala|Moongeist Beam|p1b: Dondozo\n|-damage|p1b: Dondozo|13/100\n|move|p1b: Dondozo|Liquidation|p2b: Incineroar\n|-supereffective|p2b: Incineroar\n|-damage|p2b: Incineroar|0 fnt\n|faint|p2b: Incineroar\n|\n|upkeep\n|\n|t:|1773801737\n|switch|p2b: Brute Bonnet|Brute Bonnet, L50|100/100\n|-status|p2b: Brute Bonnet|psn\n|-enditem|p2b: Brute Bonnet|Booster Energy\n|-activate|p2b: Brute Bonnet|ability: Protosynthesis|[fromitem]\n|-start|p2b: Brute Bonnet|protosynthesisdef\n|turn|5\n|\n|t:|1773801745\n|move|p1b: Dondozo|Protect|p1b: Dondozo\n|-singleturn|p1b: Dondozo|Protect\n|move|p2b: Brute Bonnet|Spore|p1b: Dondozo\n|-activate|p1b: Dondozo|move: Protect\n|move|p2a: Lunala|Moongeist Beam|p1b: Dondozo\n|-activate|p1b: Dondozo|move: Protect\n|\n|-damage|p2b: Brute Bonnet|88/100 psn|[from] psn\n|-fieldend|move: Trick Room\n|upkeep\n|turn|6\n|\n|t:|1773801765\n|move|p2b: Brute Bonnet|Rage Powder|p2b: Brute Bonnet\n|-singleturn|p2b: Brute Bonnet|move: Rage Powder\n|move|p1b: Dondozo|Rock Slide|p2a: Lunala|[spread] p2a,p2b\n|-damage|p2a: Lunala|28/100\n|-damage|p2b: Brute Bonnet|70/100 psn\n|cant|p2a: Lunala|flinch\n|\n|-damage|p2b: Brute Bonnet|58/100 psn|[from] psn\n|upkeep\n|turn|7\n|\n|t:|1773801775\n|move|p2b: Brute Bonnet|Sucker Punch|p1b: Dondozo\n|-damage|p1b: Dondozo|1/100\n|move|p1b: Dondozo|Rock Slide|p2a: Lunala|[spread] p2a,p2b\n|-damage|p2a: Lunala|0 fnt\n|-damage|p2b: Brute Bonnet|40/100 psn\n|faint|p2a: Lunala\n|\n|-damage|p2b: Brute Bonnet|27/100 psn|[from] psn\n|upkeep\n|\n|t:|1773801781\n|switch|p2a: Groudon|Groudon, L50|100/100\n|-status|p2a: Groudon|psn\n|-weather|SunnyDay|[from] ability: Drought|[of] p2a: Groudon\n|turn|8\n|\n|t:|1773801787\n|move|p1b: Dondozo|Protect|p1b: Dondozo\n|-singleturn|p1b: Dondozo|Protect\n|move|p2b: Brute Bonnet|Sucker Punch||[still]\n|-fail|p2b: Brute Bonnet\n|move|p2a: Groudon|Precipice Blades|p1a: Tatsugiri|[spread] \n|-miss|p2a: Groudon|p1a: Tatsugiri\n|-activate|p1b: Dondozo|move: Protect\n|\n|-weather|SunnyDay|[upkeep]\n|-damage|p2a: Groudon|88/100 psn|[from] psn\n|-damage|p2b: Brute Bonnet|15/100 psn|[from] psn\n|upkeep\n|turn|9\n|\n|t:|1773801792\n|move|p1b: Dondozo|Protect||[still]\n|-fail|p1b: Dondozo\n|move|p2b: Brute Bonnet|Sucker Punch||[still]\n|-fail|p2b: Brute Bonnet\n|move|p2a: Groudon|Precipice Blades|p1b: Dondozo|[spread] p1b\n|-miss|p2a: Groudon|p1a: Tatsugiri\n|-damage|p1b: Dondozo|0 fnt\n|faint|p1b: Dondozo\n|\n|-weather|SunnyDay|[upkeep]\n|-damage|p2a: Groudon|76/100 psn|[from] psn\n|-damage|p2b: Brute Bonnet|2/100 psn|[from] psn\n|upkeep\n|\n|t:|1773801797\n|switch|p1b: Weezing|Weezing-Galar, L50, M|100/100\n|-ability|p1b: Weezing|Neutralizing Gas\n|turn|10\n|-message|GAPDHD forfeited.\n|\n|win|wartortcorp\n|raw|wartortcorp's rating: 1473 &rarr; <strong>1491</strong><br />(+18 for winning)\n|raw|GAPDHD's rating: 1439 &rarr; <strong>1421</strong><br />(-18 for losing)\n|l|\u2606GAPDHD\n|player|p2|\n","uploadtime":1773802027,"views":13,"formatid":"gen9vgc2026regi","rating":1421,"private":0,"password":null}