{"id":"gen9vgc2026regi-2538185186","format":"[Gen 9] VGC 2026 Reg I","players":["Panchoman10","yamato-tak"],"log":"|j|\u2606Panchoman10\n|j|\u2606yamato-tak\n|t:|1770903999\n|gametype|doubles\n|player|p1|Panchoman10|caitlin-gen4|1293\n|player|p2|yamato-tak|169|1390\n|gen|9\n|tier|[Gen 9] VGC 2026 Reg I\n|rated|\n|rule|Species Clause: Limit one of each Pok\u00e9mon\n|rule|Item Clause: Limit 1 of each item\n|clearpoke\n|poke|p1|Indeedee-F, L50, F|\n|poke|p1|Calyrex-Ice, L50|\n|poke|p1|Lunala, L50|\n|poke|p1|Ursaluna, L50, F|\n|poke|p1|Amoonguss, L50, M|\n|poke|p1|Urshifu-*, L50, F|\n|poke|p2|Miraidon, L50|\n|poke|p2|Calyrex-Ice, L50|\n|poke|p2|Volcarona, L50, F|\n|poke|p2|Araquanid, L50, F|\n|poke|p2|Grimmsnarl, L50, M|\n|poke|p2|Rillaboom, L50, M|\n|teampreview|4\n|inactive|Battle timer is ON: inactive players will automatically lose when time's up. (requested by yamato-tak)\n|\n|t:|1770904015\n|teamsize|p1|4\n|teamsize|p2|4\n|start\n|switch|p1a: Alice|Calyrex-Ice, L50|100/100\n|switch|p1b: Edith|Indeedee-F, L50, F|100/100\n|switch|p2a: Calyrex|Calyrex-Ice, L50|100/100\n|switch|p2b: Grimmsnarl|Grimmsnarl, L50, M, shiny|100/100\n|-ability|p2a: Calyrex|As One\n|-ability|p2a: Calyrex|Unnerve\n|-ability|p1a: Alice|As One\n|-ability|p1a: Alice|Unnerve\n|-fieldstart|move: Psychic Terrain|[from] ability: Psychic Surge|[of] p1b: Edith\n|turn|1\n|\n|t:|1770904031\n|move|p1b: Edith|Follow Me|p1b: Edith\n|-singleturn|p1b: Edith|move: Follow Me\n|move|p2b: Grimmsnarl|Reflect|p2b: Grimmsnarl\n|-sidestart|p2: yamato-tak|Reflect\n|move|p2a: Calyrex|Leech Seed|p1b: Edith\n|-start|p1b: Edith|move: Leech Seed\n|move|p1a: Alice|Trick Room|p1a: Alice\n|-fieldstart|move: Trick Room|[of] p1a: Alice\n|\n|-damage|p1b: Edith|88/100|[from] Leech Seed|[of] p2a: Calyrex\n|upkeep\n|turn|2\n|\n|t:|1770904044\n|move|p2b: Grimmsnarl|Light Screen|p2b: Grimmsnarl\n|-sidestart|p2: yamato-tak|move: Light Screen\n|move|p1a: Alice|Glacial Lance|p2b: Grimmsnarl|[spread] p2a,p2b\n|-resisted|p2a: Calyrex\n|-damage|p2a: Calyrex|87/100\n|-damage|p2b: Grimmsnarl|62/100\n|move|p2a: Calyrex|Glacial Lance|p1b: Edith|[spread] p1a,p1b\n|-resisted|p1a: Alice\n|-damage|p1a: Alice|85/100\n|-damage|p1b: Edith|27/100\n|-enditem|p1b: Edith|Eject Button\n|\n|t:|1770904052\n|switch|p1b: Lorina|Lunala, L50, shiny|100/100\n|\n|upkeep\n|turn|3\n|\n|t:|1770904064\n|switch|p2b: Araquanid|Araquanid, L50, F, shiny|100/100\n|move|p1a: Alice|Glacial Lance|p2b: Araquanid|[spread] p2a,p2b\n|-resisted|p2a: Calyrex\n|-resisted|p2b: Araquanid\n|-damage|p2a: Calyrex|74/100\n|-damage|p2b: Araquanid|80/100\n|move|p2a: Calyrex|Leech Seed|p1a: Alice|[miss]\n|-miss|p2a: Calyrex|p1a: Alice\n|move|p1b: Lorina|Meteor Beam||[still]\n|-prepare|p1b: Lorina|Meteor Beam\n|-boost|p1b: Lorina|spa|1\n|-enditem|p1b: Lorina|Power Herb\n|-anim|p1b: Lorina|Meteor Beam|p2a: Calyrex\n|-supereffective|p2a: Calyrex\n|-damage|p2a: Calyrex|15/100\n|\n|upkeep\n|turn|4\n|inactive|Panchoman10 has 30 seconds left.\n|inactive|Panchoman10 has 20 seconds left.\n|inactive|Panchoman10 has 15 seconds left.\n|\n|t:|1770904105\n|move|p2a: Calyrex|Protect|p2a: Calyrex\n|-singleturn|p2a: Calyrex|Protect\n|move|p2b: Araquanid|Leech Life|p1a: Alice\n|-supereffective|p1a: Alice\n|-damage|p1a: Alice|46/100\n|-heal|p2b: Araquanid|100/100|[from] drain|[of] p1a: Alice\n|move|p1a: Alice|Glacial Lance|p2a: Calyrex|[spread] p2b\n|-activate|p2a: Calyrex|move: Protect\n|-resisted|p2b: Araquanid\n|-damage|p2b: Araquanid|79/100\n|move|p1b: Lorina|Expanding Force|p2a: Calyrex|[spread] p2b\n|-activate|p2a: Calyrex|move: Protect\n|-damage|p2b: Araquanid|20/100\n|\n|upkeep\n|turn|5\n|\n|t:|1770904125\n|switch|p2a: Grimmsnarl|Grimmsnarl, L50, M, shiny|62/100\n|-terastallize|p1a: Alice|Normal\n|move|p2b: Araquanid|Leech Life|p1a: Alice\n|-damage|p1a: Alice|28/100\n|-heal|p2b: Araquanid|32/100|[from] drain|[of] p1a: Alice\n|move|p1a: Alice|Glacial Lance|p2b: Araquanid|[spread] p2a,p2b\n|-resisted|p2b: Araquanid\n|-damage|p2a: Grimmsnarl|23/100\n|-damage|p2b: Araquanid|11/100\n|move|p1b: Lorina|Expanding Force|p2a: Grimmsnarl|[spread] p2b\n|-immune|p2a: Grimmsnarl\n|-damage|p2b: Araquanid|0 fnt\n|faint|p2b: Araquanid\n|\n|-fieldend|move: Trick Room\n|-fieldend|move: Psychic Terrain\n|upkeep\n|\n|t:|1770904133\n|switch|p2b: Miraidon|Miraidon, L50, shiny|100/100\n|-fieldstart|move: Electric Terrain|[from] ability: Hadron Engine|[of] p2b: Miraidon\n|turn|6\n|inactive|Panchoman10 has 30 seconds left.\n|\n|t:|1770904159\n|move|p1a: Alice|Protect|p1a: Alice\n|-singleturn|p1a: Alice|Protect\n|move|p2a: Grimmsnarl|Parting Shot|p1b: Lorina\n|-unboost|p1b: Lorina|atk|1\n|-unboost|p1b: Lorina|spa|1\n|\n|t:|1770904166\n|switch|p2a: Calyrex|Calyrex-Ice, L50|15/100|[from] Parting Shot\n|-ability|p2a: Calyrex|As One\n|-ability|p2a: Calyrex|Unnerve\n|move|p2b: Miraidon|Electro Drift|p1a: Alice\n|-activate|p1a: Alice|move: Protect\n|move|p1b: Lorina|Trick Room|p1b: Lorina\n|-fieldstart|move: Trick Room|[of] p1b: Lorina\n|\n|upkeep\n|turn|7\n|\n|t:|1770904182\n|switch|p2b: Grimmsnarl|Grimmsnarl, L50, M, shiny|23/100\n|move|p1a: Alice|Glacial Lance|p2b: Grimmsnarl|[spread] p2a,p2b\n|-resisted|p2a: Calyrex\n|-crit|p2b: Grimmsnarl\n|-damage|p2a: Calyrex|2/100\n|-damage|p2b: Grimmsnarl|0 fnt\n|faint|p2b: Grimmsnarl\n|-ability|p1a: Alice|Chilling Neigh|boost\n|-boost|p1a: Alice|atk|1\n|move|p2a: Calyrex|Glacial Lance|p1a: Alice|[spread] p1a,p1b\n|-damage|p1a: Alice|0 fnt\n|-damage|p1b: Lorina|80/100\n|faint|p1a: Alice\n|-ability|p2a: Calyrex|Chilling Neigh|boost\n|-boost|p2a: Calyrex|atk|1\n|move|p1b: Lorina|Dazzling Gleam|p2a: Calyrex\n|-damage|p2a: Calyrex|0 fnt\n|faint|p2a: Calyrex\n|\n|upkeep\n|\n|t:|1770904196\n|switch|p1a: Sheshire|Ursaluna, L50, F, shiny|100/100\n|switch|p2b: Miraidon|Miraidon, L50, shiny|100/100\n|-activate|p2b: Miraidon|ability: Hadron Engine\n|turn|8\n|-message|yamato-tak forfeited.\n|\n|win|Panchoman10\n|raw|Panchoman10's rating: 1293 &rarr; <strong>1325</strong><br />(+32 for winning)\n|raw|yamato-tak's rating: 1390 &rarr; <strong>1365</strong><br />(-25 for losing)\n|l|\u2606yamato-tak\n|player|p2|\n|l|\u2606Panchoman10\n|player|p1|\n","uploadtime":1770904376,"views":11,"formatid":"gen9vgc2026regi","rating":1325,"private":0,"password":null}