{"id":"gen9vgc2026regi-2580401927","format":"[Gen 9] VGC 2026 Reg I","players":["Rose Gold Joint","TheManOfSausage"],"log":"|j|\u2606Rose Gold Joint\n|j|\u2606TheManOfSausage\n|t:|1775891034\n|gametype|doubles\n|player|p1|Rose Gold Joint|170|1579\n|player|p2|TheManOfSausage|miku-water|1695\n|gen|9\n|tier|[Gen 9] VGC 2026 Reg I\n|rated|\n|rule|Species Clause: Limit one of each Pok\u00e9mon\n|rule|Item Clause: Limit 1 of each item\n|clearpoke\n|poke|p1|Zacian-*, L50|\n|poke|p1|Garganacl, L50, M|\n|poke|p1|Rillaboom, L50, M|\n|poke|p1|Terapagos, L50, M|\n|poke|p1|Landorus, L50, M|\n|poke|p1|Raging Bolt, L50|\n|poke|p2|Calyrex-Ice, L50|\n|poke|p2|Miraidon, L50|\n|poke|p2|Farigiraf, L50, F|\n|poke|p2|Volcarona, L50, M|\n|poke|p2|Urshifu-*, L50, M|\n|poke|p2|Iron Hands, L50|\n|teampreview|4\nTheManOfSausage has agreed to open team sheets.\n|\n|t:|1775891092\n|teamsize|p1|4\n|teamsize|p2|4\n|start\n|switch|p1a: Terapagos|Terapagos, L50, M|100/100\n|switch|p1b: Rillaboom|Rillaboom, L50, M|100/100\n|switch|p2a: Ogurin|Calyrex-Ice, L50|100/100\n|switch|p2b: Magical Mirai|Miraidon, L50|100/100\n|-activate|p1a: Terapagos|ability: Tera Shift\n|detailschange|p1a: Terapagos|Terapagos-Terastal, L50, M\n|-heal|p1a: Terapagos|100/100|[silent]\n|-ability|p2a: Ogurin|As One\n|-ability|p2a: Ogurin|Unnerve\n|-fieldstart|move: Electric Terrain|[from] ability: Hadron Engine|[of] p2b: Magical Mirai\n|-fieldstart|move: Grassy Terrain|[from] ability: Grassy Surge|[of] p1b: Rillaboom\n|turn|1\n|\n|t:|1775891103\n|move|p1b: Rillaboom|Fake Out|p2a: Ogurin\n|-damage|p2a: Ogurin|92/100\n|move|p2b: Magical Mirai|Volt Switch|p1a: Terapagos\n|-activate|p1a: Terapagos|ability: Tera Shell\n|-resisted|p1a: Terapagos\n|-damage|p1a: Terapagos|83/100\n|\n|t:|1775891112\n|switch|p2b: Volcarona|Volcarona, L50, M, shiny|100/100|[from] Volt Switch\n|move|p1a: Terapagos|Calm Mind|p1a: Terapagos\n|-boost|p1a: Terapagos|spa|1\n|-boost|p1a: Terapagos|spd|1\n|cant|p2a: Ogurin|flinch\n|\n|-heal|p1a: Terapagos|89/100|[from] Grassy Terrain\n|-heal|p1a: Terapagos|95/100|[from] item: Leftovers\n|-heal|p2a: Ogurin|98/100|[from] Grassy Terrain\n|upkeep\n|turn|2\n|\n|t:|1775891150\n|move|p1a: Terapagos|Protect|p1a: Terapagos\n|-singleturn|p1a: Terapagos|Protect\n|move|p2b: Volcarona|Fiery Dance|p1b: Rillaboom\n|-supereffective|p1b: Rillaboom\n|-damage|p1b: Rillaboom|39/100\n|-boost|p2b: Volcarona|spa|1\n|move|p1b: Rillaboom|U-turn|p2a: Ogurin\n|-supereffective|p2a: Ogurin\n|-damage|p2a: Ogurin|69/100\n|\n|t:|1775891159\n|switch|p1b: Garganacl|Garganacl, L50, M, shiny|100/100|[from] U-turn\n|move|p2a: Ogurin|Trick Room|p2a: Ogurin\n|-fieldstart|move: Trick Room|[of] p2a: Ogurin\n|\n|-heal|p2a: Ogurin|75/100|[from] Grassy Terrain\n|-heal|p1a: Terapagos|100/100|[from] Grassy Terrain\n|upkeep\n|turn|3\n|\n|t:|1775891172\n|switch|p2b: Brian|Iron Hands, L50, shiny|100/100\n|move|p2a: Ogurin|Protect|p2a: Ogurin\n|-singleturn|p2a: Ogurin|Protect\n|move|p1b: Garganacl|Salt Cure|p2b: Brian\n|-resisted|p2b: Brian\n|-damage|p2b: Brian|97/100\n|-start|p2b: Brian|Salt Cure\n|move|p1a: Terapagos|Calm Mind|p1a: Terapagos\n|-boost|p1a: Terapagos|spa|1\n|-boost|p1a: Terapagos|spd|1\n|\n|-heal|p2b: Brian|100/100|[from] Grassy Terrain\n|-heal|p2a: Ogurin|81/100|[from] Grassy Terrain\n|-damage|p2b: Brian|88/100|[from] Salt Cure\n|upkeep\n|turn|4\n|\n|t:|1775891196\n|move|p1b: Garganacl|Salt Cure|p2a: Ogurin\n|-supereffective|p2a: Ogurin\n|-damage|p2a: Ogurin|63/100\n|-start|p2a: Ogurin|Salt Cure\n|move|p2a: Ogurin|Glacial Lance|p1a: Terapagos|[spread] p1a,p1b\n|-activate|p1a: Terapagos|ability: Tera Shell\n|-resisted|p1a: Terapagos\n|-damage|p1a: Terapagos|75/100\n|-damage|p1b: Garganacl|60/100\n|move|p2b: Brian|Low Kick|p1b: Garganacl\n|-supereffective|p1b: Garganacl\n|-damage|p1b: Garganacl|0 fnt\n|-damage|p2b: Brian|72/100|[from] item: Rocky Helmet|[of] p1b: Garganacl\n|faint|p1b: Garganacl\n|move|p1a: Terapagos|Tera Starstorm|p2a: Ogurin\n|-damage|p2a: Ogurin|0 fnt\n|faint|p2a: Ogurin\n|\n|-heal|p2b: Brian|78/100|[from] Grassy Terrain\n|-heal|p1a: Terapagos|81/100|[from] Grassy Terrain\n|-heal|p1a: Terapagos|87/100|[from] item: Leftovers\n|-damage|p2b: Brian|66/100|[from] Salt Cure\n|upkeep\n|\n|t:|1775891213\n|switch|p1b: Zacian|Zacian-Crowned, L50|100/100\n|switch|p2a: Volcarona|Volcarona, L50, M, shiny|100/100\n|-ability|p1b: Zacian|Intrepid Sword|boost\n|-boost|p1b: Zacian|atk|1\n|turn|5\n|\n|t:|1775891234\n|switch|p1b: Rillaboom|Rillaboom, L50, M|39/100\n|move|p1a: Terapagos|Protect|p1a: Terapagos\n|-singleturn|p1a: Terapagos|Protect\n|move|p2b: Brian|Drain Punch|p1a: Terapagos\n|-activate|p1a: Terapagos|move: Protect\n|move|p2a: Volcarona|Fiery Dance|p1b: Rillaboom\n|-supereffective|p1b: Rillaboom\n|-crit|p1b: Rillaboom\n|-damage|p1b: Rillaboom|0 fnt\n|faint|p1b: Rillaboom\n|\n|-heal|p2b: Brian|71/100|[from] Grassy Terrain\n|-heal|p1a: Terapagos|93/100|[from] Grassy Terrain\n|-heal|p1a: Terapagos|99/100|[from] item: Leftovers\n|-damage|p2b: Brian|59/100|[from] Salt Cure\n|-fieldend|move: Grassy Terrain\n|upkeep\n|\n|t:|1775891245\n|switch|p1b: Zacian|Zacian-Crowned, L50|100/100\n|turn|6\n|\n|t:|1775891265\n|move|p2a: Volcarona|Protect|p2a: Volcarona\n|-singleturn|p2a: Volcarona|Protect\n|move|p1b: Zacian|Protect|p1b: Zacian\n|-singleturn|p1b: Zacian|Protect\n|move|p2b: Brian|Drain Punch|p1a: Terapagos\n|-supereffective|p1a: Terapagos\n|-damage|p1a: Terapagos|23/100\n|-heal|p2b: Brian|89/100|[from] drain|[of] p1a: Terapagos\n|move|p1a: Terapagos|Earth Power|p2b: Brian\n|-supereffective|p2b: Brian\n|-damage|p2b: Brian|21/100\n|\n|-heal|p1a: Terapagos|29/100|[from] item: Leftovers\n|-damage|p2b: Brian|9/100|[from] Salt Cure\n|-fieldend|move: Trick Room\n|upkeep\n|turn|7\n|\n|t:|1775891284\n|-end|p2b: Brian|Quark Drive|[silent]\n|switch|p2b: Magical Mirai|Miraidon, L50|100/100\n|-fieldstart|move: Electric Terrain|[from] ability: Hadron Engine|[of] p2b: Magical Mirai\n|move|p1a: Terapagos|Protect|p1a: Terapagos\n|-singleturn|p1a: Terapagos|Protect\n|move|p2a: Volcarona|Rage Powder|p2a: Volcarona\n|-singleturn|p2a: Volcarona|move: Rage Powder\n|move|p1b: Zacian|Substitute|p1b: Zacian\n|-start|p1b: Zacian|Substitute\n|-damage|p1b: Zacian|75/100\n|\n|-heal|p1a: Terapagos|35/100|[from] item: Leftovers\n|upkeep\n|turn|8\n|\n|t:|1775891316\n|-terastallize|p2b: Magical Mirai|Electric\n|-terastallize|p1a: Terapagos|Stellar\n|detailschange|p1a: Terapagos|Terapagos-Stellar, L50, M, tera:Stellar\n|-heal|p1a: Terapagos|51/100|[silent]\n|-ability|p1a: Terapagos|Teraform Zero\n|-fieldend|move: Electric Terrain\n|move|p1b: Zacian|Protect|p1b: Zacian\n|-singleturn|p1b: Zacian|Protect\n|move|p2b: Magical Mirai|Electro Drift|p1a: Terapagos\n|-damage|p1a: Terapagos|29/100\n|move|p2a: Volcarona|Fiery Dance|p1b: Zacian\n|-activate|p1b: Zacian|move: Protect\n|move|p1a: Terapagos|Tera Starstorm|p2a: Volcarona|[spread] p2a,p2b\n|-supereffective|p2b: Magical Mirai\n|-damage|p2a: Volcarona|24/100\n|-damage|p2b: Magical Mirai|0 fnt\n|faint|p2b: Magical Mirai\n|\n|-heal|p1a: Terapagos|35/100|[from] item: Leftovers\n|upkeep\n|\n|t:|1775891320\n|switch|p2b: Brian|Iron Hands, L50, shiny|9/100\n|turn|9\n|c|\u2606TheManOfSausage|gg\n|-message|TheManOfSausage forfeited.\n|\n|win|Rose Gold Joint\n|raw|Rose Gold Joint's rating: 1579 &rarr; <strong>1605</strong><br />(+26 for winning)\n|raw|TheManOfSausage's rating: 1695 &rarr; <strong>1669</strong><br />(-26 for losing)\n|l|\u2606TheManOfSausage\n|player|p2|\n|l|\u2606Rose Gold Joint\n|player|p1|\n","uploadtime":1775891545,"views":24,"formatid":"gen9vgc2026regi","rating":1605,"private":0,"password":null}