{"id":"gen9vgc2026regi-2518691071","format":"[Gen 9] VGC 2026 Reg I","players":["Solarbloke","Cello L."],"log":"|j|\u2606Solarbloke\n|j|\u2606Cello L.\n|t:|1768416774\n|gametype|doubles\n|player|p1|Solarbloke|colress|1416\n|player|p2|Cello L.|cynthia-gen4|1408\n|gen|9\n|tier|[Gen 9] VGC 2026 Reg I\n|rated|\n|rule|Species Clause: Limit one of each Pok\u00e9mon\n|rule|Item Clause: Limit 1 of each item\n|clearpoke\n|poke|p1|Calyrex-Ice, L50|\n|poke|p1|Kyogre, L50|\n|poke|p1|Basculegion, L50, M|\n|poke|p1|Smeargle, L50, F|\n|poke|p1|Maushold, L50|\n|poke|p1|Volcarona, L50, F|\n|poke|p2|Miraidon, L50|\n|poke|p2|Lunala, L50|\n|poke|p2|Ursaluna, L50, F|\n|poke|p2|Urshifu-*, L50, M|\n|poke|p2|Whimsicott, L50, M|\n|poke|p2|Incineroar, L50, M|\n|teampreview|4\n|inactive|Battle timer is ON: inactive players will automatically lose when time's up. (requested by Solarbloke)\n|\n|t:|1768416803\n|teamsize|p1|4\n|teamsize|p2|4\n|start\n|switch|p1a: Calyrex|Calyrex-Ice, L50|100/100\n|switch|p1b: Smeargle|Smeargle, L50, F|100/100\n|switch|p2a: Miraidon|Miraidon, L50|100/100\n|switch|p2b: Lunala|Lunala, L50|100/100\n|-ability|p1a: Calyrex|As One\n|-ability|p1a: Calyrex|Unnerve\n|-fieldstart|move: Electric Terrain|[from] ability: Hadron Engine|[of] p2a: Miraidon\n|-enditem|p2b: Lunala|Electric Seed\n|-boost|p2b: Lunala|def|1|[from] item: Electric Seed\n|turn|1\n|\n|t:|1768416825\n|-terastallize|p1a: Calyrex|Grass\n|move|p1b: Smeargle|Fake Out|p2a: Miraidon\n|-damage|p2a: Miraidon|96/100\n|move|p2b: Lunala|Wide Guard|p2b: Lunala\n|-singleturn|p2b: Lunala|Wide Guard\n|cant|p2a: Miraidon|flinch\n|move|p1a: Calyrex|Glacial Lance|p2b: Lunala|[spread] \n|-activate|p2a: Miraidon|move: Wide Guard\n|-activate|p2b: Lunala|move: Wide Guard\n|\n|-ability|p1b: Smeargle|Moody|boost\n|-boost|p1b: Smeargle|spe|2\n|-unboost|p1b: Smeargle|atk|1\n|upkeep\n|turn|2\n|inactive|Solarbloke has 30 seconds left.\n|inactive|Cello L. has 30 seconds left.\n|\n|t:|1768416857\n|move|p1b: Smeargle|Follow Me|p1b: Smeargle\n|-singleturn|p1b: Smeargle|move: Follow Me\n|move|p2a: Miraidon|Draco Meteor|p1b: Smeargle\n|-enditem|p1b: Smeargle|Focus Sash\n|-damage|p1b: Smeargle|1/100\n|-unboost|p2a: Miraidon|spa|2\n|move|p2b: Lunala|Moongeist Beam|p1b: Smeargle\n|-immune|p1b: Smeargle\n|move|p1a: Calyrex|Crunch|p2b: Lunala\n|-supereffective|p2b: Lunala\n|-damage|p2b: Lunala|67/100\n|-unboost|p2b: Lunala|def|1\n|\n|-ability|p1b: Smeargle|Moody|boost\n|-boost|p1b: Smeargle|def|2\n|-unboost|p1b: Smeargle|spe|1\n|upkeep\n|turn|3\n|inactive|Cello L. has 30 seconds left.\n|\n|t:|1768416888\n|switch|p2a: Incineroar|Incineroar, L50, M|100/100\n|-ability|p2a: Incineroar|Intimidate|boost\n|-unboost|p1a: Calyrex|atk|1\n|-unboost|p1b: Smeargle|atk|1\n|-terastallize|p2b: Lunala|Fairy\n|move|p1b: Smeargle|Decorate|p1a: Calyrex\n|-boost|p1a: Calyrex|atk|2\n|-boost|p1a: Calyrex|spa|2\n|move|p2b: Lunala|Moonblast|p1b: Smeargle\n|-damage|p1b: Smeargle|0 fnt\n|faint|p1b: Smeargle\n|move|p1a: Calyrex|Glacial Lance|p2b: Lunala|[spread] p2a,p2b\n|-resisted|p2a: Incineroar\n|-crit|p2a: Incineroar\n|-damage|p2a: Incineroar|43/100\n|-damage|p2b: Lunala|8/100\n|\n|upkeep\n|\n|t:|1768416899\n|switch|p1b: Kyogre|Kyogre, L50|100/100\n|-weather|RainDance|[from] ability: Drizzle|[of] p1b: Kyogre\n|turn|4\n|\n|t:|1768416923\n|switch|p1b: Maushold|Maushold, L50|100/100\n|move|p2b: Lunala|Wide Guard|p2b: Lunala\n|-singleturn|p2b: Lunala|Wide Guard\n|move|p2a: Incineroar|U-turn|p1a: Calyrex\n|-supereffective|p1a: Calyrex\n|-damage|p1a: Calyrex|73/100\n|\n|t:|1768416933\n|switch|p2a: Urshifu|Urshifu-Rapid-Strike, L50, M|100/100|[from] U-turn\n|move|p1a: Calyrex|Glacial Lance|p2a: Urshifu|[spread] \n|-activate|p2a: Urshifu|move: Wide Guard\n|-activate|p2b: Lunala|move: Wide Guard\n|\n|-weather|RainDance|[upkeep]\n|upkeep\n|turn|5\n|\n|t:|1768416962\n|switch|p2b: Incineroar|Incineroar, L50, M|43/100\n|-ability|p2b: Incineroar|Intimidate|boost\n|-unboost|p1a: Calyrex|atk|1\n|-unboost|p1b: Maushold|atk|1\n|move|p1b: Maushold|Follow Me|p1b: Maushold\n|-singleturn|p1b: Maushold|move: Follow Me\n|move|p2a: Urshifu|Surging Strikes|p1b: Maushold\n|-crit|p1b: Maushold\n|-damage|p1b: Maushold|26/100\n|-crit|p1b: Maushold\n|-damage|p1b: Maushold|0 fnt\n|faint|p1b: Maushold\n|-hitcount|p1: Maushold|2\n|move|p1a: Calyrex|Glacial Lance|p2b: Incineroar|[spread] p2a,p2b\n|-resisted|p2a: Urshifu\n|-resisted|p2b: Incineroar\n|-damage|p2a: Urshifu|76/100\n|-damage|p2b: Incineroar|17/100\n|\n|-weather|RainDance|[upkeep]\n|-fieldend|move: Electric Terrain\n|upkeep\n|\n|t:|1768416971\n|switch|p1b: Kyogre|Kyogre, L50|100/100\n|turn|6\n|\n|t:|1768416992\n|move|p2b: Incineroar|Fake Out|p1b: Kyogre\n|-damage|p1b: Kyogre|87/100\n|cant|p1b: Kyogre|flinch\n|move|p2a: Urshifu|Surging Strikes|p1a: Calyrex\n|-resisted|p1a: Calyrex\n|-crit|p1a: Calyrex\n|-damage|p1a: Calyrex|59/100\n|-resisted|p1a: Calyrex\n|-crit|p1a: Calyrex\n|-damage|p1a: Calyrex|43/100\n|-resisted|p1a: Calyrex\n|-crit|p1a: Calyrex\n|-damage|p1a: Calyrex|28/100\n|-hitcount|p1a: Calyrex|3\n|move|p1a: Calyrex|Seed Bomb|p2a: Urshifu\n|-supereffective|p2a: Urshifu\n|-damage|p2a: Urshifu|0 fnt\n|faint|p2a: Urshifu\n|-ability|p1a: Calyrex|Chilling Neigh|boost\n|-boost|p1a: Calyrex|atk|1\n|\n|-weather|RainDance|[upkeep]\n|upkeep\n|\n|t:|1768417009\n|switch|p2a: Miraidon|Miraidon, L50|96/100\n|-fieldstart|move: Electric Terrain|[from] ability: Hadron Engine|[of] p2a: Miraidon\n|turn|7\n|\n|t:|1768417018\n|move|p1b: Kyogre|Ice Beam|p2a: Miraidon\n|-supereffective|p2a: Miraidon\n|-damage|p2a: Miraidon|33/100\n|move|p2a: Miraidon|Electro Drift|p1b: Kyogre\n|-supereffective|p1b: Kyogre\n|-damage|p1b: Kyogre|0 fnt\n|faint|p1b: Kyogre\n|move|p2b: Incineroar|Flare Blitz|p1a: Calyrex\n|-supereffective|p1a: Calyrex\n|-damage|p1a: Calyrex|0 fnt\n|faint|p1a: Calyrex\n|-damage|p2b: Incineroar|8/100|[from] Recoil\n|\n|win|Cello L.\n|raw|Solarbloke's rating: 1416 &rarr; <strong>1396</strong><br />(-20 for losing)\n|raw|Cello L.'s rating: 1408 &rarr; <strong>1428</strong><br />(+20 for winning)\n|c|\u2606Cello L.|gg\n|l|\u2606Solarbloke\n|player|p1|\n|l|\u2606Cello L.\n|player|p2|\n","uploadtime":1768417268,"views":15,"formatid":"gen9vgc2026regi","rating":1396,"private":0,"password":null}