{"id":"gen9vgc2026regi-2560146723","format":"[Gen 9] VGC 2026 Reg I","players":["Lavanda.17","TheManOfSausage"],"log":"|j|\u2606Lavanda.17\n|j|\u2606TheManOfSausage\n|t:|1773658823\n|gametype|doubles\n|player|p1|Lavanda.17|kimonogirl|1349\n|player|p2|TheManOfSausage|miku-water|1373\n|gen|9\n|tier|[Gen 9] VGC 2026 Reg I\n|rated|\n|rule|Species Clause: Limit one of each Pok\u00e9mon\n|rule|Item Clause: Limit 1 of each item\n|clearpoke\n|poke|p1|Miraidon, L50|\n|poke|p1|Ho-Oh, L50|\n|poke|p1|Iron Hands, L50|\n|poke|p1|Farigiraf, L50, M|\n|poke|p1|Iron Treads, L50|\n|poke|p1|Iron Valiant, L50|\n|poke|p2|Calyrex-Shadow, L50|\n|poke|p2|Miraidon, L50|\n|poke|p2|Clefairy, L50, M|\n|poke|p2|Rillaboom, L50, M|\n|poke|p2|Incineroar, L50, M|\n|poke|p2|Iron Bundle, L50|\n|teampreview|4\nTheManOfSausage has agreed to open team sheets.\nLavanda.17 has agreed to open team sheets.\n|showteam|p1|Miraidon||ChoiceSpecs|HadronEngine|ElectroDrift,VoltSwitch,DracoMeteor,DazzlingGleam||||||50|,,,,,Fairy]Ho-Oh||ClearAmulet|Regenerator|SacredFire,BraveBird,Tailwind,Protect||||||50|,,,,,Grass]Iron Hands||AssaultVest|QuarkDrive|FakeOut,DrainPunch,LowKick,WildCharge||||||50|,,,,,Water]Farigiraf||ElectricSeed|ArmorTail|TrickRoom,Psychic,FoulPlay,HelpingHand|||M|||50|,,,,,Water]Iron Treads||LifeOrb|QuarkDrive|SteelRoller,Earthquake,HighHorsepower,Protect||||||50|,,,,,Ghost]Iron Valiant||BoosterEnergy|QuarkDrive|Coaching,WideGuard,SpiritBreak,IcyWind||||||50|,,,,,Ghost\n|showteam|p2|Calyrex-Shadow||CovertCloak|AsOneSpectrier|AstralBarrage,DrainingKiss,NastyPlot,Protect||||||50|,,,,,Fairy]Miraidon||ChoiceScarf|HadronEngine|ElectroDrift,VoltSwitch,DracoMeteor,Snarl||||||50|,,,,,Electric]Clefairy||Eviolite|FriendGuard|HelpingHand,FollowMe,AfterYou,Protect|||M|||50|,,,,,Grass]Rillaboom||AssaultVest|GrassySurge|WoodHammer,GrassyGlide,Uturn,FakeOut|||M|||50|,,,,,Fire]Incineroar||RockyHelmet|Intimidate|FlareBlitz,KnockOff,FakeOut,PartingShot|||M|||50|,,,,,Grass]Iron Bundle||FocusSash|QuarkDrive|FreezeDry,IcyWind,Encore,Protect||||||50|,,,,,Ghost\n|\n|t:|1773658904\n|teamsize|p1|4\n|teamsize|p2|4\n|start\n|switch|p1a: Ho-Oh|Ho-Oh, L50|100/100\n|switch|p1b: Iron Hands|Iron Hands, L50|100/100\n|switch|p2a: Magical Mirai|Miraidon, L50|100/100\n|switch|p2b: Rice Shower|Calyrex-Shadow, L50|100/100\n|-ability|p2b: Rice Shower|As One\n|-ability|p2b: Rice Shower|Unnerve\n|-fieldstart|move: Electric Terrain|[from] ability: Hadron Engine|[of] p2a: Magical Mirai\n|-activate|p1b: Iron Hands|ability: Quark Drive\n|-start|p1b: Iron Hands|quarkdriveatk\n|turn|1\n|\n|t:|1773658984\n|-terastallize|p1a: Ho-Oh|Grass\n|move|p2a: Magical Mirai|Volt Switch|p1a: Ho-Oh\n|-resisted|p1a: Ho-Oh\n|-damage|p1a: Ho-Oh|79/100\n|\n|t:|1773658987\n|switch|p2a: Rillaboom|Rillaboom, L50, M|100/100|[from] Volt Switch\n|-fieldstart|move: Grassy Terrain|[from] ability: Grassy Surge|[of] p2a: Rillaboom\n|-end|p1b: Iron Hands|Quark Drive\n|move|p2b: Rice Shower|Nasty Plot|p2b: Rice Shower\n|-boost|p2b: Rice Shower|spa|2\n|move|p1a: Ho-Oh|Sacred Fire|p2a: Rillaboom\n|-supereffective|p2a: Rillaboom\n|-damage|p2a: Rillaboom|0 fnt\n|faint|p2a: Rillaboom\n|move|p1b: Iron Hands|Low Kick|p2b: Rice Shower\n|-immune|p2b: Rice Shower\n|\n|-heal|p1a: Ho-Oh|85/100|[from] Grassy Terrain\n|upkeep\n|\n|t:|1773658995\n|switch|p2a: Clefairy|Clefairy, L50, M|100/100\n|turn|2\n|\n|t:|1773659012\n|move|p2a: Clefairy|Follow Me|p2a: Clefairy\n|-singleturn|p2a: Clefairy|move: Follow Me\n|move|p2b: Rice Shower|Nasty Plot|p2b: Rice Shower\n|-boost|p2b: Rice Shower|spa|2\n|move|p1a: Ho-Oh|Tailwind|p1a: Ho-Oh\n|-sidestart|p1: Lavanda.17|move: Tailwind\n|move|p1b: Iron Hands|Wild Charge|p2a: Clefairy\n|-damage|p2a: Clefairy|53/100\n|-damage|p1b: Iron Hands|94/100|[from] Recoil\n|\n|-heal|p1a: Ho-Oh|91/100|[from] Grassy Terrain\n|-heal|p1b: Iron Hands|99/100|[from] Grassy Terrain\n|-heal|p2a: Clefairy|59/100|[from] Grassy Terrain\n|upkeep\n|turn|3\n|\n|t:|1773659023\n|move|p2b: Rice Shower|Protect|p2b: Rice Shower\n|-singleturn|p2b: Rice Shower|Protect\n|move|p2a: Clefairy|Protect|p2a: Clefairy\n|-singleturn|p2a: Clefairy|Protect\n|move|p1a: Ho-Oh|Brave Bird|p2b: Rice Shower\n|-activate|p2b: Rice Shower|move: Protect\n|move|p1b: Iron Hands|Wild Charge|p2b: Rice Shower\n|-activate|p2b: Rice Shower|move: Protect\n|\n|-heal|p1a: Ho-Oh|97/100|[from] Grassy Terrain\n|-heal|p1b: Iron Hands|100/100|[from] Grassy Terrain\n|-heal|p2a: Clefairy|66/100|[from] Grassy Terrain\n|upkeep\n|turn|4\n|\n|t:|1773659033\n|move|p2a: Clefairy|Helping Hand|p2b: Rice Shower\n|-singleturn|p2b: Rice Shower|Helping Hand|[of] p2a: Clefairy\n|move|p1a: Ho-Oh|Brave Bird|p2b: Rice Shower\n|-damage|p2b: Rice Shower|41/100\n|-damage|p1a: Ho-Oh|80/100|[from] Recoil\n|move|p2b: Rice Shower|Astral Barrage|p1a: Ho-Oh|[spread] p1a,p1b\n|-damage|p1a: Ho-Oh|0 fnt\n|-damage|p1b: Iron Hands|0 fnt\n|faint|p1a: Ho-Oh\n|faint|p1b: Iron Hands\n|-end|p1b: Iron Hands|Quark Drive|[silent]\n|-ability|p2b: Rice Shower|Grim Neigh|boost\n|-boost|p2b: Rice Shower|spa|2\n|\n|-heal|p2b: Rice Shower|47/100|[from] Grassy Terrain\n|-heal|p2a: Clefairy|72/100|[from] Grassy Terrain\n|upkeep\n|\n|t:|1773659043\n|switch|p1a: Farigiraf|Farigiraf, L50, M|100/100\n|switch|p1b: Iron Treads|Iron Treads, L50|100/100\n|turn|5\n|\n|t:|1773659085\n|move|p2a: Clefairy|Follow Me|p2a: Clefairy\n|-singleturn|p2a: Clefairy|move: Follow Me\n|move|p1b: Iron Treads|Steel Roller|p2a: Clefairy\n|-supereffective|p2a: Clefairy\n|-damage|p2a: Clefairy|0 fnt\n|-fieldend|move: Grassy Terrain\n|faint|p2a: Clefairy\n|-damage|p1b: Iron Treads|91/100|[from] item: Life Orb\n|move|p2b: Rice Shower|Draining Kiss|p1a: Farigiraf\n|-damage|p1a: Farigiraf|24/100\n|-heal|p2b: Rice Shower|100/100|[from] drain|[of] p1a: Farigiraf\n|move|p1a: Farigiraf|Foul Play|p2b: Rice Shower\n|-supereffective|p2b: Rice Shower\n|-damage|p2b: Rice Shower|29/100\n|\n|-sideend|p1: Lavanda.17|move: Tailwind\n|upkeep\n|\n|t:|1773659090\n|switch|p2a: Magical Mirai|Miraidon, L50|100/100\n|-fieldstart|move: Electric Terrain|[from] ability: Hadron Engine|[of] p2a: Magical Mirai\n|-activate|p1b: Iron Treads|ability: Quark Drive\n|-start|p1b: Iron Treads|quarkdrivespe\n|-enditem|p1a: Farigiraf|Electric Seed\n|-boost|p1a: Farigiraf|def|1|[from] item: Electric Seed\n|turn|6\n|\n|t:|1773659112\n|move|p1a: Farigiraf|Helping Hand|p1b: Iron Treads\n|-singleturn|p1b: Iron Treads|Helping Hand|[of] p1a: Farigiraf\n|move|p2b: Rice Shower|Protect|p2b: Rice Shower\n|-singleturn|p2b: Rice Shower|Protect\n|move|p2a: Magical Mirai|Draco Meteor|p1a: Farigiraf\n|-damage|p1a: Farigiraf|0 fnt\n|-unboost|p2a: Magical Mirai|spa|2\n|faint|p1a: Farigiraf\n|move|p1b: Iron Treads|Earthquake|p2a: Magical Mirai|[spread] p2a\n|-activate|p2b: Rice Shower|move: Protect\n|-supereffective|p2a: Magical Mirai\n|-damage|p2a: Magical Mirai|0 fnt\n|faint|p2a: Magical Mirai\n|-damage|p1b: Iron Treads|81/100|[from] item: Life Orb\n|\n|upkeep\n|turn|7\n|c|\u2606TheManOfSausage|damn i threw\n|c|\u2606TheManOfSausage|ggwp\n|c|\u2606Lavanda.17|ggs\n|\n|t:|1773659130\n|move|p1b: Iron Treads|Earthquake|p2b: Rice Shower\n|-damage|p2b: Rice Shower|0 fnt\n|faint|p2b: Rice Shower\n|-damage|p1b: Iron Treads|71/100|[from] item: Life Orb\n|\n|win|Lavanda.17\n|raw|Lavanda.17's rating: 1349 &rarr; <strong>1370</strong><br />(+21 for winning)\n|raw|TheManOfSausage's rating: 1373 &rarr; <strong>1352</strong><br />(-21 for losing)\n|l|\u2606TheManOfSausage\n|player|p2|\n|l|\u2606Lavanda.17\n|player|p1|\n","uploadtime":1773659284,"views":5,"formatid":"gen9vgc2026regi","rating":1352,"private":0,"password":null}