{"id":"gen9vgc2026regi-2568444945","format":"[Gen 9] VGC 2026 Reg I","players":["slimeslatt252","Elbow baggins"],"log":"|j|\u2606slimeslatt252\n|j|\u2606Elbow baggins\n|t:|1774579213\n|gametype|doubles\n|player|p1|slimeslatt252|1|1439\n|player|p2|Elbow baggins|170|1382\n|gen|9\n|tier|[Gen 9] VGC 2026 Reg I\n|rated|\n|rule|Species Clause: Limit one of each Pok\u00e9mon\n|rule|Item Clause: Limit 1 of each item\n|clearpoke\n|poke|p1|Calyrex-Shadow, L50|\n|poke|p1|Koraidon, L50|\n|poke|p1|Incineroar, L50, M|\n|poke|p1|Raging Bolt, L50|\n|poke|p1|Brute Bonnet, L50|\n|poke|p1|Landorus, L50, M|\n|poke|p2|Miraidon, L50|\n|poke|p2|Calyrex-Ice, L50|\n|poke|p2|Chesnaught, L50, F|\n|poke|p2|Incineroar, L50, M|\n|poke|p2|Ogerpon-Cornerstone, L50, F|\n|poke|p2|Landorus, L50, M|\n|teampreview|4\n|inactive|Battle timer is ON: inactive players will automatically lose when time's up. (requested by slimeslatt252)\n|inactive|Elbow baggins has 60 seconds left.\n|inactive|Elbow baggins has 30 seconds left.\n|inactive|Elbow baggins has 20 seconds left.\n|inactive|Elbow baggins has 15 seconds left.\nslimeslatt252 has agreed to open team sheets.\n|inactive|Elbow baggins has 10 seconds left.\n|\n|t:|1774579297\n|teamsize|p1|4\n|teamsize|p2|4\n|start\n|switch|p1a: Incineroar|Incineroar, L50, M|100/100\n|switch|p1b: raging dingus|Raging Bolt, L50|100/100\n|switch|p2a: Miraidon|Miraidon, L50|100/100\n|switch|p2b: Incineroar|Incineroar, L50, M|100/100\n|-fieldstart|move: Electric Terrain|[from] ability: Hadron Engine|[of] p2a: Miraidon\n|-ability|p1a: Incineroar|Intimidate|boost\n|-unboost|p2a: Miraidon|atk|1\n|-unboost|p2b: Incineroar|atk|1\n|-ability|p2b: Incineroar|Intimidate|boost\n|-unboost|p1a: Incineroar|atk|1\n|-unboost|p1b: raging dingus|atk|1\n|turn|1\n|inactive|slimeslatt252 has 30 seconds left.\n|inactive|Elbow baggins has 30 seconds left.\n|\n|t:|1774579328\n|-terastallize|p1b: raging dingus|Electric\n|move|p1a: Incineroar|Fake Out|p2b: Incineroar\n|-damage|p2b: Incineroar|96/100\n|-damage|p1a: Incineroar|84/100|[from] item: Rocky Helmet|[of] p2b: Incineroar\n|cant|p2b: Incineroar|flinch\n|move|p2a: Miraidon|Volt Switch|p1a: Incineroar\n|-damage|p1a: Incineroar|0 fnt\n|faint|p1a: Incineroar\n|\n|t:|1774579341\n|switch|p2a: Chesnaught|Chesnaught, L50, F|100/100|[from] Volt Switch\n|-enditem|p2a: Chesnaught|Electric Seed\n|-boost|p2a: Chesnaught|def|1|[from] item: Electric Seed\n|move|p1b: raging dingus|Dragon Pulse|p2a: Chesnaught\n|-damage|p2a: Chesnaught|54/100\n|\n|upkeep\n|j| Therazer456\n|\n|t:|1774579348\n|switch|p1a: Calyrex|Calyrex-Shadow, L50|100/100\n|-ability|p1a: Calyrex|As One\n|-ability|p1a: Calyrex|Unnerve\n|turn|2\n|\n|t:|1774579372\n|move|p1a: Calyrex|Protect|p1a: Calyrex\n|-singleturn|p1a: Calyrex|Protect\n|move|p1b: raging dingus|Volt Switch|p2b: Incineroar\n|-damage|p2b: Incineroar|25/100\n|\n|t:|1774579378\n|-end|p1b: raging dingus|Protosynthesis|[silent]\n|switch|p1b: Koraidon|Koraidon, L50|100/100|[from] Volt Switch\n|-weather|SunnyDay|[from] ability: Orichalcum Pulse|[of] p1b: Koraidon\n|-activate|p1b: Koraidon|Orichalcum Pulse|[source]\n|move|p2a: Chesnaught|Body Press|p1b: Koraidon\n|-damage|p1b: Koraidon|55/100\n|move|p2b: Incineroar|Knock Off|p1a: Calyrex\n|-activate|p1a: Calyrex|move: Protect\n|\n|-weather|SunnyDay|[upkeep]\n|upkeep\n|turn|3\n|inactive|Elbow baggins has 30 seconds left.\n|inactive|Elbow baggins has 20 seconds left.\n|\n|t:|1774579417\n|switch|p2b: Calyrex|Calyrex-Ice, L50|100/100\n|-ability|p2b: Calyrex|As One\n|-ability|p2b: Calyrex|Unnerve\n|move|p2a: Chesnaught|Wide Guard|p2a: Chesnaught\n|-singleturn|p2a: Chesnaught|Wide Guard\n|move|p1a: Calyrex|Astral Barrage|p2a: Chesnaught|[spread] \n|-activate|p2a: Chesnaught|move: Wide Guard\n|-activate|p2b: Calyrex|move: Wide Guard\n|move|p1b: Koraidon|Flame Charge|p2a: Chesnaught\n|-supereffective|p2a: Chesnaught\n|-damage|p2a: Chesnaught|23/100\n|-boost|p1b: Koraidon|spe|1\n|\n|-weather|SunnyDay|[upkeep]\n|upkeep\n|turn|4\n|inactive|Elbow baggins has 30 seconds left.\n|\n|t:|1774579444\n|-terastallize|p2b: Calyrex|Dragon\n|move|p2a: Chesnaught|Wide Guard|p2a: Chesnaught\n|-singleturn|p2a: Chesnaught|Wide Guard\n|move|p1b: Koraidon|Flare Blitz|p2b: Calyrex\n|-resisted|p2b: Calyrex\n|-damage|p2b: Calyrex|75/100\n|-damage|p1b: Koraidon|47/100|[from] Recoil\n|move|p1a: Calyrex|Psychic|p2a: Chesnaught\n|-supereffective|p2a: Chesnaught\n|-damage|p2a: Chesnaught|0 fnt\n|faint|p2a: Chesnaught\n|-ability|p1a: Calyrex|Grim Neigh|boost\n|-boost|p1a: Calyrex|spa|1\n|move|p2b: Calyrex|Trick Room|p2b: Calyrex\n|-fieldstart|move: Trick Room|[of] p2b: Calyrex\n|\n|-weather|SunnyDay|[upkeep]\n|-heal|p2b: Calyrex|81/100|[from] item: Leftovers\n|upkeep\n|inactive|Elbow baggins has 30 seconds left.\n|\n|t:|1774579471\n|switch|p2a: Incineroar|Incineroar, L50, M|25/100\n|-ability|p2a: Incineroar|Intimidate|boost\n|-unboost|p1a: Calyrex|atk|1\n|-fail|p1b: Koraidon|unboost|[from] item: Clear Amulet|[of] p1b: Koraidon\n|turn|5\n|\n|t:|1774579484\n|move|p1a: Calyrex|Protect|p1a: Calyrex\n|-singleturn|p1a: Calyrex|Protect\n|move|p2b: Calyrex|Glacial Lance|p1a: Calyrex|[spread] p1b\n|-activate|p1a: Calyrex|move: Protect\n|-supereffective|p1b: Koraidon\n|-damage|p1b: Koraidon|0 fnt\n|faint|p1b: Koraidon\n|-ability|p2b: Calyrex|Chilling Neigh|boost\n|-boost|p2b: Calyrex|atk|1\n|move|p2a: Incineroar|Knock Off|p1a: Calyrex\n|-activate|p1a: Calyrex|move: Protect\n|\n|-weather|SunnyDay|[upkeep]\n|-heal|p2b: Calyrex|87/100|[from] item: Leftovers\n|-fieldend|move: Electric Terrain\n|upkeep\n|\n|t:|1774579489\n|switch|p1b: raging dingus|Raging Bolt, L50, tera:Electric|100/100\n|-activate|p1b: raging dingus|ability: Protosynthesis\n|-start|p1b: raging dingus|protosynthesisspa\n|turn|6\n|inactive|Elbow baggins has 30 seconds left.\n|\n|t:|1774579516\n|move|p1b: raging dingus|Thunderclap||[still]\n|-fail|p1b: raging dingus\n|move|p2b: Calyrex|Glacial Lance|p1b: raging dingus|[spread] p1a,p1b\n|-damage|p1a: Calyrex|10/100\n|-damage|p1b: raging dingus|40/100\n|move|p2a: Incineroar|Parting Shot|p1b: raging dingus\n|-unboost|p1b: raging dingus|atk|1\n|-unboost|p1b: raging dingus|spa|1\n|\n|t:|1774579524\n|switch|p2a: Miraidon|Miraidon, L50|100/100|[from] Parting Shot\n|-fieldstart|move: Electric Terrain|[from] ability: Hadron Engine|[of] p2a: Miraidon\n|move|p1a: Calyrex|Astral Barrage|p2b: Calyrex|[spread] p2a,p2b\n|-damage|p2a: Miraidon|40/100\n|-damage|p2b: Calyrex|39/100\n|\n|-weather|none\n|-end|p1b: raging dingus|Protosynthesis\n|-heal|p2b: Calyrex|45/100|[from] item: Leftovers\n|upkeep\n|turn|7\n|inactive|Elbow baggins has 30 seconds left.\n|\n|t:|1774579559\n|move|p1a: Calyrex|Protect|p1a: Calyrex\n|-singleturn|p1a: Calyrex|Protect\n|move|p1b: raging dingus|Thunderclap|p2b: Calyrex\n|-resisted|p2b: Calyrex\n|-damage|p2b: Calyrex|31/100\n|move|p2b: Calyrex|Glacial Lance|p1b: raging dingus|[spread] p1b\n|-activate|p1a: Calyrex|move: Protect\n|-crit|p1b: raging dingus\n|-damage|p1b: raging dingus|0 fnt\n|faint|p1b: raging dingus\n|-end|p1b: raging dingus|Protosynthesis|[silent]\n|-ability|p2b: Calyrex|Chilling Neigh|boost\n|-boost|p2b: Calyrex|atk|1\n|move|p2a: Miraidon|Volt Switch|p1a: Calyrex\n|-activate|p1a: Calyrex|move: Protect\n|\n|-heal|p2b: Calyrex|37/100|[from] item: Leftovers\n|upkeep\n|turn|8\n|\n|t:|1774579574\n|move|p1a: Calyrex|Protect||[still]\n|-fail|p1a: Calyrex\n|move|p2b: Calyrex|Leech Seed|p2a: Miraidon\n|-start|p2a: Miraidon|move: Leech Seed\n|move|p2a: Miraidon|Volt Switch|p1a: Calyrex\n|-damage|p1a: Calyrex|0 fnt\n|faint|p1a: Calyrex\n|\n|win|Elbow baggins\n|raw|slimeslatt252's rating: 1439 &rarr; <strong>1416</strong><br />(-23 for losing)\n|raw|Elbow baggins's rating: 1382 &rarr; <strong>1405</strong><br />(+23 for winning)\n|l|\u2606slimeslatt252\n|player|p1|\n|l|\u2606Elbow baggins\n|player|p2|\n","uploadtime":1774579582,"views":13,"formatid":"gen9vgc2026regi","rating":1405,"private":0,"password":null}