{"id":"gen9vgc2026regi-2591146748","format":"[Gen 9] VGC 2026 Reg I","players":["Fujin_20260416","gigahammerSS662"],"log":"|j|\u2606Fujin_20260416\n|j|\u2606gigahammerSS662\n|t:|1776877407\n|gametype|doubles\n|player|p1|Fujin_20260416|169|1496\n|player|p2|gigahammerSS662|hilbert|1373\n|gen|9\n|tier|[Gen 9] VGC 2026 Reg I\n|rated|\n|rule|Species Clause: Limit one of each Pok\u00e9mon\n|rule|Item Clause: Limit 1 of each item\n|clearpoke\n|poke|p1|Miraidon, L50|\n|poke|p1|Calyrex-Ice, L50|\n|poke|p1|Urshifu-*, L50, M|\n|poke|p1|Sneasler, L50, M|\n|poke|p1|Incineroar, L50, M|\n|poke|p1|Ditto, L50|\n|poke|p2|Necrozma-Dusk-Mane, L50|\n|poke|p2|Incineroar, L50, M|\n|poke|p2|Urshifu-*, L50, F|\n|poke|p2|Ogerpon-Wellspring, L50, F|\n|poke|p2|Calyrex-Ice, L50|\n|poke|p2|Farigiraf, L50, M|\n|teampreview|4\n|inactive|Battle timer is ON: inactive players will automatically lose when time's up. (requested by gigahammerSS662)\n|inactive|gigahammerSS662 has 60 seconds left.\n|\n|t:|1776877454\n|teamsize|p1|4\n|teamsize|p2|4\n|start\n|switch|p1a: Miraidon|Miraidon, L50|100/100\n|switch|p1b: Incineroar|Incineroar, L50, M|100/100\n|switch|p2a: Zenith|Necrozma-Dusk-Mane, L50, shiny|100/100\n|switch|p2b: Forma|Incineroar, L50, M, shiny|100/100\n|-fieldstart|move: Electric Terrain|[from] ability: Hadron Engine|[of] p1a: Miraidon\n|-ability|p1b: Incineroar|Intimidate|boost\n|-unboost|p2a: Zenith|atk|1\n|-unboost|p2b: Forma|atk|1\n|-ability|p2b: Forma|Intimidate|boost\n|-unboost|p1a: Miraidon|atk|1\n|-unboost|p1b: Incineroar|atk|1\n|turn|1\n|inactive|Fujin_20260416 has 30 seconds left.\n|inactive|Fujin_20260416 has 20 seconds left.\n|\n|t:|1776877494\n|move|p1b: Incineroar|Fake Out|p2b: Forma\n|-damage|p2b: Forma|94/100\n|cant|p2b: Forma|flinch\n|move|p1a: Miraidon|Volt Switch|p2b: Forma\n|-damage|p2b: Forma|18/100\n|-damage|p1a: Miraidon|91/100|[from] item: Life Orb\n|\n|t:|1776877501\n|switch|p1a: Urshifu|Urshifu-Rapid-Strike, L50, M|100/100|[from] Volt Switch\n|move|p2a: Zenith|Dragon Dance|p2a: Zenith\n|-boost|p2a: Zenith|atk|1\n|-boost|p2a: Zenith|spe|1\n|\n|upkeep\n|turn|2\n|inactive|Fujin_20260416 has 30 seconds left.\n|inactive|gigahammerSS662 has 30 seconds left.\n|inactive|gigahammerSS662 has 20 seconds left.\n|inactive|gigahammerSS662 has 15 seconds left.\n|\n|t:|1776877545\n|move|p2a: Zenith|Photon Geyser|p1a: Urshifu\n|-supereffective|p1a: Urshifu\n|-enditem|p1a: Urshifu|Focus Sash\n|-damage|p1a: Urshifu|1/100\n|-damage|p2a: Zenith|91/100|[from] item: Life Orb\n|move|p1a: Urshifu|Surging Strikes|p2a: Zenith\n|-crit|p2a: Zenith\n|-damage|p2a: Zenith|73/100\n|-crit|p2a: Zenith\n|-damage|p2a: Zenith|56/100\n|-crit|p2a: Zenith\n|-damage|p2a: Zenith|38/100\n|-hitcount|p2a: Zenith|3\n|move|p1b: Incineroar|U-turn|p2b: Forma\n|-damage|p2b: Forma|6/100\n|\n|t:|1776877565\n|switch|p1b: Calyrex|Calyrex-Ice, L50|100/100|[from] U-turn\n|-ability|p1b: Calyrex|As One\n|-ability|p1b: Calyrex|Unnerve\n|move|p2b: Forma|Parting Shot|p1b: Calyrex\n|-fail|p1b: Calyrex|unboost|[from] item: Clear Amulet|[of] p1b: Calyrex\n|\n|upkeep\n|turn|3\n|inactive|gigahammerSS662 has 30 seconds left.\n|inactive|gigahammerSS662 has 20 seconds left.\n|\n|t:|1776877601\n|-terastallize|p1b: Calyrex|Water\n|move|p1a: Urshifu|Aqua Jet|p2b: Forma\n|-supereffective|p2b: Forma\n|-damage|p2b: Forma|0 fnt\n|faint|p2b: Forma\n|move|p2a: Zenith|Sunsteel Strike|p1b: Calyrex\n|-resisted|p1b: Calyrex\n|-damage|p1b: Calyrex|76/100\n|-damage|p2a: Zenith|28/100|[from] item: Life Orb\n|move|p1b: Calyrex|High Horsepower|p2a: Zenith\n|-supereffective|p2a: Zenith\n|-damage|p2a: Zenith|0 fnt\n|faint|p2a: Zenith\n|-ability|p1b: Calyrex|Chilling Neigh|boost\n|-boost|p1b: Calyrex|atk|1\n|\n|upkeep\n|\n|t:|1776877624\n|switch|p2a: Boreas|Calyrex-Ice, L50|100/100\n|switch|p2b: Ogerpon|Ogerpon-Wellspring, L50, F|100/100\n|-ability|p2a: Boreas|As One\n|-ability|p2a: Boreas|Unnerve\n|turn|4\n|inactive|Fujin_20260416 has 30 seconds left.\n|\n|t:|1776877651\n|switch|p1a: Incineroar|Incineroar, L50, M|100/100\n|-ability|p1a: Incineroar|Intimidate|boost\n|-fail|p2a: Boreas|unboost|[from] item: Clear Amulet|[of] p2a: Boreas\n|-unboost|p2b: Ogerpon|atk|1\n|move|p1b: Calyrex|Protect|p1b: Calyrex\n|-singleturn|p1b: Calyrex|Protect\n|move|p2b: Ogerpon|Horn Leech|p1b: Calyrex\n|-activate|p1b: Calyrex|move: Protect\n|move|p2a: Boreas|Glacial Lance|p1a: Incineroar|[spread] p1a\n|-activate|p1b: Calyrex|move: Protect\n|-resisted|p1a: Incineroar\n|-damage|p1a: Incineroar|77/100\n|\n|upkeep\n|turn|5\n|inactive|gigahammerSS662 has 30 seconds left.\n|inactive|gigahammerSS662 has 20 seconds left.\n|inactive|gigahammerSS662 has 15 seconds left.\n|inactive|gigahammerSS662 has 10 seconds left.\n|inactive|gigahammerSS662 has 5 seconds left.\n|\n|t:|1776877701\n|move|p2b: Ogerpon|Follow Me|p2b: Ogerpon\n|-singleturn|p2b: Ogerpon|move: Follow Me\n|move|p1a: Incineroar|Knock Off|p2b: Ogerpon\n|-damage|p2b: Ogerpon|68/100\n|move|p1b: Calyrex|Glacial Lance|p2a: Boreas|[spread] p2a,p2b\n|-resisted|p2a: Boreas\n|-damage|p2a: Boreas|76/100\n|-damage|p2b: Ogerpon|0 fnt\n|faint|p2b: Ogerpon\n|-ability|p1b: Calyrex|Chilling Neigh|boost\n|-boost|p1b: Calyrex|atk|1\n|move|p2a: Boreas|High Horsepower|p1a: Incineroar|[miss]\n|-miss|p2a: Boreas|p1a: Incineroar\n|\n|-fieldend|move: Electric Terrain\n|upkeep\n|turn|6\n|-message|gigahammerSS662 forfeited.\n|\n|win|Fujin_20260416\n|raw|Fujin_20260416's rating: 1496 &rarr; <strong>1509</strong><br />(+13 for winning)\n|raw|gigahammerSS662's rating: 1373 &rarr; <strong>1360</strong><br />(-13 for losing)\n|l|\u2606gigahammerSS662\n|player|p2|\n","uploadtime":1776877973,"views":11,"formatid":"gen9vgc2026regi","rating":1360,"private":0,"password":null}