{"id":"gen9vgc2026regi-2589613849","format":"[Gen 9] VGC 2026 Reg I","players":["VJ2511","elcareverga"],"log":"|j|\u2606VJ2511\n|j|\u2606elcareverga\n|t:|1776739291\n|gametype|doubles\n|player|p1|VJ2511|169|1618\n|player|p2|elcareverga|2|1541\n|gen|9\n|tier|[Gen 9] VGC 2026 Reg I\n|rated|\n|rule|Species Clause: Limit one of each Pok\u00e9mon\n|rule|Item Clause: Limit 1 of each item\n|clearpoke\n|poke|p1|Calyrex-Shadow, L50|\n|poke|p1|Zamazenta-*, L50|\n|poke|p1|Chien-Pao, L50|\n|poke|p1|Dragonite, L50, M|\n|poke|p1|Raging Bolt, L50|\n|poke|p1|Amoonguss, L50, M|\n|poke|p2|Kyogre, L50|\n|poke|p2|Calyrex-Shadow, L50|\n|poke|p2|Urshifu-*, L50, F|\n|poke|p2|Roaring Moon, L50|\n|poke|p2|Rillaboom, L50, M|\n|poke|p2|Incineroar, L50, F|\n|teampreview|4\n|inactive|Battle timer is ON: inactive players will automatically lose when time's up. (requested by VJ2511)\n|\n|t:|1776739324\n|teamsize|p1|4\n|teamsize|p2|4\n|start\n|switch|p1a: Zamazenta|Zamazenta-Crowned, L50|100/100\n|switch|p1b: Raging Bolt|Raging Bolt, L50|100/100\n|switch|p2a: Kyogre|Kyogre, L50|100/100\n|switch|p2b: Calyrex|Calyrex-Shadow, L50|100/100\n|-ability|p2b: Calyrex|As One\n|-ability|p2b: Calyrex|Unnerve\n|-ability|p1a: Zamazenta|Dauntless Shield|boost\n|-boost|p1a: Zamazenta|def|1\n|-weather|RainDance|[from] ability: Drizzle|[of] p2a: Kyogre\n|-enditem|p1b: Raging Bolt|Booster Energy\n|-activate|p1b: Raging Bolt|ability: Protosynthesis|[fromitem]\n|-start|p1b: Raging Bolt|protosynthesisspa\n|turn|1\n|inactive|elcareverga has 30 seconds left.\n|\n|t:|1776739352\n|-terastallize|p1a: Zamazenta|Dragon\n|-terastallize|p2a: Kyogre|Grass\n|move|p2b: Calyrex|Protect|p2b: Calyrex\n|-singleturn|p2b: Calyrex|Protect\n|move|p1a: Zamazenta|Body Press|p2a: Kyogre\n|-damage|p2a: Kyogre|28/100\n|move|p2a: Kyogre|Hydro Pump|p1a: Zamazenta\n|-resisted|p1a: Zamazenta\n|-damage|p1a: Zamazenta|64/100\n|move|p1b: Raging Bolt|Thunderbolt|p2b: Calyrex\n|-activate|p2b: Calyrex|move: Protect\n|\n|-weather|RainDance|[upkeep]\n|upkeep\n|turn|2\n|\n|t:|1776739374\n|move|p1a: Zamazenta|Protect|p1a: Zamazenta\n|-singleturn|p1a: Zamazenta|Protect\n|move|p2b: Calyrex|Astral Barrage|p1b: Raging Bolt|[spread] p1b\n|-activate|p1a: Zamazenta|move: Protect\n|-damage|p1b: Raging Bolt|48/100\n|move|p2a: Kyogre|Ice Beam|p1b: Raging Bolt\n|-supereffective|p1b: Raging Bolt\n|-damage|p1b: Raging Bolt|0 fnt\n|faint|p1b: Raging Bolt\n|-end|p1b: Raging Bolt|Protosynthesis|[silent]\n|\n|-weather|RainDance|[upkeep]\n|upkeep\n|\n|t:|1776739383\n|switch|p1b: Calyrex|Calyrex-Shadow, L50|100/100\n|-ability|p1b: Calyrex|As One\n|-ability|p1b: Calyrex|Unnerve\n|turn|3\n|\n|t:|1776739402\n|move|p2b: Calyrex|Protect|p2b: Calyrex\n|-singleturn|p2b: Calyrex|Protect\n|move|p1b: Calyrex|Astral Barrage|p2a: Kyogre|[spread] p2a\n|-activate|p2b: Calyrex|move: Protect\n|-damage|p2a: Kyogre|0 fnt\n|faint|p2a: Kyogre\n|-ability|p1b: Calyrex|Grim Neigh|boost\n|-boost|p1b: Calyrex|spa|1\n|move|p1a: Zamazenta|Heavy Slam|p2b: Calyrex\n|-activate|p2b: Calyrex|move: Protect\n|\n|-weather|RainDance|[upkeep]\n|upkeep\n|\n|t:|1776739414\n|switch|p2a: Urshifu|Urshifu-Rapid-Strike, L50, F|100/100\n|turn|4\n|\n|t:|1776739420\n|switch|p1b: Dragonite|Dragonite, L50, M, shiny|100/100\n|move|p2a: Urshifu|Surging Strikes|p1b: Dragonite\n|-resisted|p1b: Dragonite\n|-crit|p1b: Dragonite\n|-damage|p1b: Dragonite|85/100\n|-resisted|p1b: Dragonite\n|-crit|p1b: Dragonite\n|-damage|p1b: Dragonite|70/100\n|-resisted|p1b: Dragonite\n|-crit|p1b: Dragonite\n|-damage|p1b: Dragonite|55/100\n|-hitcount|p1b: Dragonite|3\n|move|p2b: Calyrex|Astral Barrage|p1a: Zamazenta|[spread] p1a,p1b\n|-damage|p1a: Zamazenta|27/100\n|-damage|p1b: Dragonite|3/100\n|move|p1a: Zamazenta|Heavy Slam|p2b: Calyrex\n|-damage|p2b: Calyrex|42/100\n|\n|-weather|RainDance|[upkeep]\n|upkeep\n|turn|5\n|inactive|elcareverga has 30 seconds left.\n|\n|t:|1776739449\n|move|p1a: Zamazenta|Wide Guard|p1a: Zamazenta\n|-singleturn|p1a: Zamazenta|Wide Guard\n|move|p1b: Dragonite|Extreme Speed|p2a: Urshifu\n|-damage|p2a: Urshifu|51/100\n|move|p2a: Urshifu|Surging Strikes|p1a: Zamazenta\n|-resisted|p1a: Zamazenta\n|-crit|p1a: Zamazenta\n|-damage|p1a: Zamazenta|18/100\n|-resisted|p1a: Zamazenta\n|-crit|p1a: Zamazenta\n|-damage|p1a: Zamazenta|8/100\n|-resisted|p1a: Zamazenta\n|-crit|p1a: Zamazenta\n|-damage|p1a: Zamazenta|0 fnt\n|faint|p1a: Zamazenta\n|-hitcount|p1: Zamazenta|3\n|move|p2b: Calyrex|Astral Barrage|p1b: Dragonite\n|-activate|p1b: Dragonite|move: Wide Guard\n|\n|-weather|none\n|upkeep\n|\n|t:|1776739456\n|switch|p1a: Calyrex|Calyrex-Shadow, L50|100/100\n|-ability|p1a: Calyrex|As One\n|-ability|p1a: Calyrex|Unnerve\n|turn|6\n|\n|t:|1776739469\n|move|p1b: Dragonite|Extreme Speed|p2a: Urshifu\n|-damage|p2a: Urshifu|6/100\n|move|p2a: Urshifu|Surging Strikes|p1a: Calyrex\n|-crit|p1a: Calyrex\n|-damage|p1a: Calyrex|73/100\n|-crit|p1a: Calyrex\n|-damage|p1a: Calyrex|47/100\n|-crit|p1a: Calyrex\n|-damage|p1a: Calyrex|22/100\n|-hitcount|p1a: Calyrex|3\n|move|p2b: Calyrex|Astral Barrage|p1b: Dragonite|[spread] p1a,p1b\n|-supereffective|p1a: Calyrex\n|-damage|p1a: Calyrex|0 fnt\n|-damage|p1b: Dragonite|0 fnt\n|faint|p1a: Calyrex\n|faint|p1b: Dragonite\n|\n|win|elcareverga\n|raw|VJ2511's rating: 1618 &rarr; <strong>1594</strong><br />(-24 for losing)\n|raw|elcareverga's rating: 1541 &rarr; <strong>1565</strong><br />(+24 for winning)\n|l|\u2606VJ2511\n|player|p1|\n|l|\u2606elcareverga\n|player|p2|\n","uploadtime":1776739640,"views":12,"formatid":"gen9vgc2026regi","rating":1565,"private":0,"password":null}