{"id":"gen9vgc2026regi-2565532961","format":"[Gen 9] VGC 2026 Reg I","players":["Sheevp","xjazuu"],"log":"|j|\u2606Sheevp\n|j|\u2606xjazuu\n|t:|1774283150\n|gametype|doubles\n|player|p1|Sheevp|170|1448\n|player|p2|xjazuu|youngcouple|1505\n|gen|9\n|tier|[Gen 9] VGC 2026 Reg I\n|rated|\n|rule|Species Clause: Limit one of each Pok\u00e9mon\n|rule|Item Clause: Limit 1 of each item\n|clearpoke\n|poke|p1|Koraidon, L50|\n|poke|p1|Calyrex-Ice, L50|\n|poke|p1|Regieleki, L50|\n|poke|p1|Chi-Yu, L50|\n|poke|p2|Calyrex-Ice, L50|\n|poke|p2|Miraidon, L50|\n|poke|p2|Urshifu-*, L50, M|\n|poke|p2|Grimmsnarl, L50, M|\n|poke|p2|Pelipper, L50, M|\n|poke|p2|Farigiraf, L50, F|\n|teampreview|4\n|l|\u2606Sheevp\n|player|p1|\n|\n|t:|1774283187\n|teamsize|p1|4\n|teamsize|p2|4\n|start\n|switch|p1a: Chi-Yu|Chi-Yu, L50|100/100\n|switch|p1b: Regieleki|Regieleki, L50|100/100\n|switch|p2a: Grimmsnarl|Grimmsnarl, L50, M|100/100\n|switch|p2b: Miraidon|Miraidon, L50|100/100\n|-ability|p1a: Chi-Yu|Beads of Ruin\n|-fieldstart|move: Electric Terrain|[from] ability: Hadron Engine|[of] p2b: Miraidon\n|turn|1\n|j|\u2606Sheevp\n|player|p1|Sheevp|170|\n|\n|t:|1774283212\n|move|p2a: Grimmsnarl|Light Screen|p2a: Grimmsnarl\n|-sidestart|p2: xjazuu|move: Light Screen\n|move|p1b: Regieleki|Thunderbolt|p2a: Grimmsnarl\n|-damage|p2a: Grimmsnarl|48/100\n|move|p1a: Chi-Yu|Heat Wave|p2a: Grimmsnarl|[spread] p2a,p2b\n|-resisted|p2b: Miraidon\n|-damage|p2a: Grimmsnarl|14/100\n|-damage|p2b: Miraidon|91/100\n|move|p2b: Miraidon|Electro Drift|p1a: Chi-Yu\n|-damage|p1a: Chi-Yu|0 fnt\n|faint|p1a: Chi-Yu\n|\n|upkeep\n|\n|t:|1774283229\n|switch|p1a: Calyrex|Calyrex-Ice, L50|100/100\n|-ability|p1a: Calyrex|As One\n|-ability|p1a: Calyrex|Unnerve\n|turn|2\n|\n|t:|1774283242\n|move|p1b: Regieleki|Protect|p1b: Regieleki\n|-singleturn|p1b: Regieleki|Protect\n|move|p2a: Grimmsnarl|Reflect|p2a: Grimmsnarl\n|-sidestart|p2: xjazuu|Reflect\n|move|p2b: Miraidon|Volt Switch|p1a: Calyrex\n|-damage|p1a: Calyrex|60/100\n|\n|t:|1774283249\n|switch|p2b: Calyrex|Calyrex-Ice, L50|100/100|[from] Volt Switch\n|-ability|p2b: Calyrex|As One\n|-ability|p2b: Calyrex|Unnerve\n|move|p1a: Calyrex|Glacial Lance|p2b: Calyrex|[spread] p2a,p2b\n|-resisted|p2b: Calyrex\n|-damage|p2a: Grimmsnarl|0 fnt\n|-damage|p2b: Calyrex|89/100\n|faint|p2a: Grimmsnarl\n|-ability|p1a: Calyrex|Chilling Neigh|boost\n|-boost|p1a: Calyrex|atk|1\n|\n|-heal|p1a: Calyrex|66/100|[from] item: Leftovers\n|-heal|p2b: Calyrex|95/100|[from] item: Leftovers\n|upkeep\n|j| LeozinVGC\n|\n|t:|1774283264\n|switch|p2a: Miraidon|Miraidon, L50|91/100\n|-activate|p2a: Miraidon|ability: Hadron Engine\n|turn|3\n|\n|t:|1774283272\n|-terastallize|p2a: Miraidon|Electric\n|move|p1b: Regieleki|Thunderbolt|p2b: Calyrex\n|-damage|p2b: Calyrex|66/100\n|-status|p2b: Calyrex|par\n|move|p2a: Miraidon|Electro Drift|p1a: Calyrex\n|-damage|p1a: Calyrex|0 fnt\n|faint|p1a: Calyrex\n|cant|p2b: Calyrex|par\n|\n|-heal|p2b: Calyrex|72/100 par|[from] item: Leftovers\n|upkeep\n|l| LeozinVGC\n|\n|t:|1774283283\n|switch|p1a: Koraidon|Koraidon, L50|100/100\n|-weather|SunnyDay|[from] ability: Orichalcum Pulse|[of] p1a: Koraidon\n|-activate|p1a: Koraidon|Orichalcum Pulse|[source]\n|turn|4\n|\n|t:|1774283295\n|switch|p2b: Pelipper|Pelipper, L50, M|100/100\n|-weather|RainDance|[from] ability: Drizzle|[of] p2b: Pelipper\n|-terastallize|p1a: Koraidon|Fire\n|move|p1b: Regieleki|Electroweb|p2a: Miraidon|[spread] p2a,p2b\n|-resisted|p2a: Miraidon\n|-supereffective|p2b: Pelipper\n|-damage|p2a: Miraidon|86/100\n|-damage|p2b: Pelipper|19/100\n|-unboost|p2a: Miraidon|spe|1\n|-unboost|p2b: Pelipper|spe|1\n|move|p1a: Koraidon|Close Combat|p2a: Miraidon\n|-damage|p2a: Miraidon|43/100\n|-unboost|p1a: Koraidon|def|1\n|-unboost|p1a: Koraidon|spd|1\n|-damage|p1a: Koraidon|91/100|[from] item: Life Orb\n|move|p2a: Miraidon|Dazzling Gleam|p1b: Regieleki|[spread] p1a,p1b\n|-resisted|p1a: Koraidon\n|-damage|p1a: Koraidon|70/100\n|-damage|p1b: Regieleki|49/100\n|\n|-weather|RainDance|[upkeep]\n|upkeep\n|turn|5\n|\n|t:|1774283317\n|move|p2b: Pelipper|Protect|p2b: Pelipper\n|-singleturn|p2b: Pelipper|Protect\n|move|p1b: Regieleki|Thunderbolt|p2b: Pelipper\n|-activate|p2b: Pelipper|move: Protect\n|move|p1a: Koraidon|Close Combat|p2a: Miraidon\n|-damage|p2a: Miraidon|0 fnt\n|-unboost|p1a: Koraidon|def|1\n|-unboost|p1a: Koraidon|spd|1\n|faint|p2a: Miraidon\n|-damage|p1a: Koraidon|61/100|[from] item: Life Orb\n|\n|-weather|RainDance|[upkeep]\n|-fieldend|move: Electric Terrain\n|upkeep\n|\n|t:|1774283321\n|switch|p2a: Calyrex|Calyrex-Ice, L50|72/100 par\n|-ability|p2a: Calyrex|As One\n|-ability|p2a: Calyrex|Unnerve\n|turn|6\n|\n|t:|1774283352\n|move|p2b: Pelipper|Wide Guard|p2b: Pelipper\n|-singleturn|p2b: Pelipper|Wide Guard\n|move|p1b: Regieleki|Thunderbolt|p2a: Calyrex\n|-damage|p2a: Calyrex|49/100 par\n|move|p1a: Koraidon|Close Combat|p2a: Calyrex\n|-damage|p2a: Calyrex|12/100 par\n|-unboost|p1a: Koraidon|def|1\n|-unboost|p1a: Koraidon|spd|1\n|-damage|p1a: Koraidon|51/100|[from] item: Life Orb\n|move|p2a: Calyrex|Trick Room|p2a: Calyrex\n|-fieldstart|move: Trick Room|[of] p2a: Calyrex\n|\n|-weather|RainDance|[upkeep]\n|-heal|p2a: Calyrex|18/100 par|[from] item: Leftovers\n|upkeep\n|turn|7\n|-message|Sheevp forfeited.\n|\n|win|xjazuu\n|raw|Sheevp's rating: 1448 &rarr; <strong>1431</strong><br />(-17 for losing)\n|raw|xjazuu's rating: 1505 &rarr; <strong>1522</strong><br />(+17 for winning)\n|l|\u2606Sheevp\n|player|p1|\n|l|\u2606xjazuu\n|player|p2|\n","uploadtime":1774283535,"views":11,"formatid":"gen9vgc2026regi","rating":1431,"private":0,"password":null}