{"id":"gen9vgc2026regi-2513870504","format":"[Gen 9] VGC 2026 Reg I","players":["blackred123\u6c38\u96cf\u5854\u83f2\u4fa0","3rgutti"],"log":"|j|\u2606blackred123\u6c38\u96cf\u5854\u83f2\u4fa0\n|j|\u26063rgutti\n|t:|1767794833\n|gametype|doubles\n|player|p1|blackred123\u6c38\u96cf\u5854\u83f2\u4fa0|iono-masters|1181\n|player|p2|3rgutti|1|1102\n|gen|9\n|tier|[Gen 9] VGC 2026 Reg I\n|rated|\n|rule|Species Clause: Limit one of each Pok\u00e9mon\n|rule|Item Clause: Limit 1 of each item\n|clearpoke\n|poke|p1|Calyrex-Shadow, L50|\n|poke|p1|Zamazenta-*, L50|\n|poke|p1|Chien-Pao, L50|\n|poke|p1|Dragonite, L50, F|\n|poke|p1|Amoonguss, L50, M|\n|poke|p1|Ogerpon-Cornerstone, L50, F|\n|poke|p2|Rillaboom, L50, F|\n|poke|p2|Tornadus, L50, M|\n|poke|p2|Gholdengo, L50|\n|poke|p2|Regidrago, L50|\n|poke|p2|Urshifu-*, L50, M|\n|poke|p2|Mimikyu, L50, F|\n|teampreview|4\n|inactive|Battle timer is ON: inactive players will automatically lose when time's up. (requested by blackred123\u6c38\u96cf\u5854\u83f2\u4fa0)\n|inactive|3rgutti has 60 seconds left.\n|\n|t:|1767794885\n|teamsize|p1|4\n|teamsize|p2|4\n|start\n|switch|p1a: Calyrex|Calyrex-Shadow, L50|100/100\n|switch|p1b: Chien-Pao|Chien-Pao, L50|100/100\n|switch|p2a: Tornadus|Tornadus, L50, M|100/100\n|switch|p2b: Urshifu|Urshifu-Rapid-Strike, L50, M|100/100\n|-ability|p1a: Calyrex|As One\n|-ability|p1a: Calyrex|Unnerve\n|-ability|p1b: Chien-Pao|Sword of Ruin\n|turn|1\n|inactive|3rgutti has 30 seconds left.\n|inactive|3rgutti has 20 seconds left.\n|inactive|3rgutti has 15 seconds left.\n|inactive|3rgutti has 10 seconds left.\n|inactive|3rgutti has 5 seconds left.\n|\n|t:|1767794941\n|switch|p1a: Dragonite|Dragonite, L50, F|100/100\n|move|p1b: Chien-Pao|Ice Shard|p2a: Tornadus\n|-supereffective|p2a: Tornadus\n|-damage|p2a: Tornadus|37/100\n|move|p2a: Tornadus|Bleakwind Storm|p1a: Dragonite|[spread] p1a,p1b\n|-damage|p1a: Dragonite|67/100\n|-damage|p1b: Chien-Pao|69/100\n|-unboost|p1a: Dragonite|spe|1\n|move|p2b: Urshifu|Close Combat|p1b: Chien-Pao\n|-supereffective|p1b: Chien-Pao\n|-damage|p1b: Chien-Pao|0 fnt\n|-unboost|p2b: Urshifu|def|1\n|-unboost|p2b: Urshifu|spd|1\n|faint|p1b: Chien-Pao\n|\n|upkeep\n|\n|t:|1767794960\n|switch|p1b: Zamazenta|Zamazenta-Crowned, L50|100/100\n|-ability|p1b: Zamazenta|Dauntless Shield|boost\n|-boost|p1b: Zamazenta|def|1\n|turn|2\n|\n|t:|1767794980\n|-terastallize|p1b: Zamazenta|Dragon\n|-terastallize|p2b: Urshifu|Water\n|move|p1a: Dragonite|Extreme Speed|p2b: Urshifu\n|-damage|p2b: Urshifu|38/100\n|move|p2a: Tornadus|Tailwind|p2a: Tornadus\n|-sidestart|p2: 3rgutti|move: Tailwind\n|move|p2b: Urshifu|Surging Strikes|p1b: Zamazenta\n|-resisted|p1b: Zamazenta\n|-crit|p1b: Zamazenta\n|-damage|p1b: Zamazenta|93/100\n|-resisted|p1b: Zamazenta\n|-crit|p1b: Zamazenta\n|-damage|p1b: Zamazenta|84/100\n|-resisted|p1b: Zamazenta\n|-crit|p1b: Zamazenta\n|-damage|p1b: Zamazenta|75/100\n|-hitcount|p1b: Zamazenta|3\n|move|p1b: Zamazenta|Body Press|p2b: Urshifu\n|-crit|p2b: Urshifu\n|-damage|p2b: Urshifu|0 fnt\n|faint|p2b: Urshifu\n|\n|upkeep\n|\n|t:|1767794996\n|switch|p2b: Regidrago|Regidrago, L50|100/100\n|turn|3\n|\n|t:|1767795005\n|move|p1b: Zamazenta|Wide Guard|p1b: Zamazenta\n|-singleturn|p1b: Zamazenta|Wide Guard\n|move|p1a: Dragonite|Extreme Speed|p2a: Tornadus\n|-damage|p2a: Tornadus|0 fnt\n|faint|p2a: Tornadus\n|move|p2b: Regidrago|Dragon Energy|p1b: Zamazenta|[spread] \n|-activate|p1a: Dragonite|move: Wide Guard\n|-activate|p1b: Zamazenta|move: Wide Guard\n|\n|upkeep\n|\n|t:|1767795010\n|switch|p2a: Rillaboom|Rillaboom, L50, F|100/100\n|-fieldstart|move: Grassy Terrain|[from] ability: Grassy Surge|[of] p2a: Rillaboom\n|turn|4\n|\n|t:|1767795021\n|move|p2a: Rillaboom|Fake Out|p1a: Dragonite\n|-damage|p1a: Dragonite|52/100\n|move|p1b: Zamazenta|Wide Guard|p1b: Zamazenta\n|-singleturn|p1b: Zamazenta|Wide Guard\n|move|p1a: Dragonite|Extreme Speed|p2b: Regidrago\n|-damage|p2b: Regidrago|60/100\n|move|p2b: Regidrago|Dragon Pulse|p1b: Zamazenta\n|-supereffective|p1b: Zamazenta\n|-damage|p1b: Zamazenta|0 fnt\n|faint|p1b: Zamazenta\n|\n|-heal|p2b: Regidrago|66/100|[from] Grassy Terrain\n|upkeep\n|\n|t:|1767795036\n|switch|p1b: Calyrex|Calyrex-Shadow, L50|100/100\n|-ability|p1b: Calyrex|As One\n|-ability|p1b: Calyrex|Unnerve\n|turn|5\n|\n|t:|1767795053\n|move|p1b: Calyrex|Protect|p1b: Calyrex\n|-singleturn|p1b: Calyrex|Protect\n|move|p1a: Dragonite|Extreme Speed|p2a: Rillaboom\n|-damage|p2a: Rillaboom|58/100\n|move|p2b: Regidrago|Dragon Pulse|p1a: Dragonite\n|-supereffective|p1a: Dragonite\n|-damage|p1a: Dragonite|0 fnt\n|faint|p1a: Dragonite\n|move|p2a: Rillaboom|Wood Hammer|p1b: Calyrex\n|-activate|p1b: Calyrex|move: Protect\n|\n|-heal|p2b: Regidrago|72/100|[from] Grassy Terrain\n|-heal|p2a: Rillaboom|63/100|[from] Grassy Terrain\n|-sideend|p2: 3rgutti|move: Tailwind\n|upkeep\n|turn|6\n|\n|t:|1767795064\n|move|p2b: Regidrago|Protect|p2b: Regidrago\n|-singleturn|p2b: Regidrago|Protect\n|move|p2a: Rillaboom|Grassy Glide|p1b: Calyrex\n|-damage|p1b: Calyrex|54/100\n|move|p1b: Calyrex|Astral Barrage|p2b: Regidrago|[spread] p2a\n|-activate|p2b: Regidrago|move: Protect\n|-damage|p2a: Rillaboom|21/100\n|\n|-heal|p1b: Calyrex|60/100|[from] Grassy Terrain\n|-heal|p2b: Regidrago|78/100|[from] Grassy Terrain\n|-heal|p2a: Rillaboom|27/100|[from] Grassy Terrain\n|upkeep\n|turn|7\n|\n|t:|1767795082\n|move|p2a: Rillaboom|Grassy Glide|p1b: Calyrex\n|-damage|p1b: Calyrex|17/100\n|move|p1b: Calyrex|Encore|p2b: Regidrago\n|-start|p2b: Regidrago|Encore\n|move|p2b: Regidrago|Protect||[still]\n|-fail|p2b: Regidrago\n|\n|-heal|p1b: Calyrex|23/100|[from] Grassy Terrain\n|-heal|p2b: Regidrago|84/100|[from] Grassy Terrain\n|-heal|p2a: Rillaboom|33/100|[from] Grassy Terrain\n|upkeep\n|turn|8\n|\n|t:|1767795095\n|move|p1b: Calyrex|Protect|p1b: Calyrex\n|-singleturn|p1b: Calyrex|Protect\n|move|p2b: Regidrago|Protect|p2b: Regidrago\n|-singleturn|p2b: Regidrago|Protect\n|move|p2a: Rillaboom|Grassy Glide|p1b: Calyrex\n|-activate|p1b: Calyrex|move: Protect\n|\n|-heal|p1b: Calyrex|29/100|[from] Grassy Terrain\n|-heal|p2b: Regidrago|90/100|[from] Grassy Terrain\n|-heal|p2a: Rillaboom|39/100|[from] Grassy Terrain\n|-fieldend|move: Grassy Terrain\n|upkeep\n|turn|9\n|\n|t:|1767795107\n|move|p2b: Regidrago|Protect||[still]\n|-fail|p2b: Regidrago\n|move|p1b: Calyrex|Astral Barrage|p2a: Rillaboom|[spread] p2a,p2b\n|-damage|p2a: Rillaboom|2/100\n|-damage|p2b: Regidrago|34/100\n|move|p2a: Rillaboom|Grassy Glide|p1b: Calyrex\n|-damage|p1b: Calyrex|0 fnt\n|faint|p1b: Calyrex\n|\n|win|3rgutti\n|raw|blackred123\u6c38\u96cf\u5854\u83f2\u4fa0's rating: 1181 &rarr; <strong>1150</strong><br />(-31 for losing)\n|raw|3rgutti's rating: 1102 &rarr; <strong>1133</strong><br />(+31 for winning)\n|l|\u26063rgutti\n|player|p2|\n","uploadtime":1767795416,"views":14,"formatid":"gen9vgc2026regi","rating":1133,"private":0,"password":null}