{"id":"gen9vgc2026regi-2570396102","format":"[Gen 9] VGC 2026 Reg I","players":["Darknight678","benniovyalt"],"log":"|j|\u2606Darknight678\n|j|\u2606benniovyalt\n|t:|1774807840\n|gametype|doubles\n|player|p1|Darknight678|will|1250\n|player|p2|benniovyalt|169|1365\n|gen|9\n|tier|[Gen 9] VGC 2026 Reg I\n|rated|\n|rule|Species Clause: Limit one of each Pok\u00e9mon\n|rule|Item Clause: Limit 1 of each item\n|clearpoke\n|poke|p1|Lunala, L50|\n|poke|p1|Ursaluna, L50, F|\n|poke|p1|Urshifu-*, L50, M|\n|poke|p1|Miraidon, L50|\n|poke|p1|Grimmsnarl, L50, M|\n|poke|p1|Incineroar, L50, F|\n|poke|p2|Zamazenta-*, L50|\n|poke|p2|Calyrex-Shadow, L50|\n|poke|p2|Rillaboom, L50, F|\n|poke|p2|Smeargle, L50, M|\n|poke|p2|Raging Bolt, L50|\n|poke|p2|Tornadus, L50, M|\n|teampreview|4\nbenniovyalt has agreed to open team sheets.\n|c|\u2606benniovyalt|glhf\n|\n|t:|1774807901\n|teamsize|p1|4\n|teamsize|p2|4\n|start\n|switch|p1a: Miraidon|Miraidon, L50|100/100\n|switch|p1b: Grimmsnarl|Grimmsnarl, L50, M, shiny|100/100\n|switch|p2a: Zamazenta|Zamazenta-Crowned, L50|100/100\n|switch|p2b: Rillaboom|Rillaboom, L50, F|100/100\n|-ability|p2a: Zamazenta|Dauntless Shield|boost\n|-boost|p2a: Zamazenta|def|1\n|-fieldstart|move: Electric Terrain|[from] ability: Hadron Engine|[of] p1a: Miraidon\n|-fieldstart|move: Grassy Terrain|[from] ability: Grassy Surge|[of] p2b: Rillaboom\n|turn|1\n|\n|t:|1774807931\n|move|p2b: Rillaboom|Fake Out|p1b: Grimmsnarl\n|-damage|p1b: Grimmsnarl|88/100\n|cant|p1b: Grimmsnarl|flinch\n|move|p2a: Zamazenta|Behemoth Bash|p1b: Grimmsnarl\n|-supereffective|p1b: Grimmsnarl\n|-damage|p1b: Grimmsnarl|0 fnt\n|faint|p1b: Grimmsnarl\n|move|p1a: Miraidon|Volt Switch|p2a: Zamazenta\n|-damage|p2a: Zamazenta|72/100\n|\n|t:|1774807939\n|switch|p1a: Lunala|Lunala, L50|100/100|[from] Volt Switch\n|\n|-heal|p2a: Zamazenta|78/100|[from] Grassy Terrain\n|upkeep\n|\n|t:|1774807940\n|switch|p1b: Miraidon|Miraidon, L50|100/100\n|-fieldstart|move: Electric Terrain|[from] ability: Hadron Engine|[of] p1b: Miraidon\n|-enditem|p1a: Lunala|Electric Seed\n|-boost|p1a: Lunala|def|1|[from] item: Electric Seed\n|turn|2\n|c|\u2606benniovyalt|thats one slow miraidon\n|\n|t:|1774807950\n|move|p2a: Zamazenta|Body Press|p1b: Miraidon\n|-damage|p1b: Miraidon|40/100\n|move|p1b: Miraidon|Electro Drift|p2a: Zamazenta\n|-damage|p2a: Zamazenta|5/100\n|move|p2b: Rillaboom|U-turn|p1b: Miraidon\n|-damage|p1b: Miraidon|20/100\n|\n|t:|1774807964\n|switch|p2b: Raging Bolt|Raging Bolt, L50|100/100|[from] U-turn\n|-enditem|p2b: Raging Bolt|Booster Energy\n|-activate|p2b: Raging Bolt|ability: Protosynthesis|[fromitem]\n|-start|p2b: Raging Bolt|protosynthesisspa\n|move|p1a: Lunala|Trick Room|p1a: Lunala\n|-fieldstart|move: Trick Room|[of] p1a: Lunala\n|\n|upkeep\n|turn|3\n|\n|t:|1774807987\n|switch|p2a: Rillaboom|Rillaboom, L50, F|100/100\n|-fieldstart|move: Grassy Terrain|[from] ability: Grassy Surge|[of] p2a: Rillaboom\n|-terastallize|p2b: Raging Bolt|Electric\n|-terastallize|p1a: Lunala|Fairy\n|move|p2b: Raging Bolt|Thunderbolt|p1a: Lunala\n|-damage|p1a: Lunala|68/100\n|move|p1a: Lunala|Moonblast|p2b: Raging Bolt\n|-damage|p2b: Raging Bolt|57/100\n|move|p1b: Miraidon|Volt Switch|p2a: Rillaboom\n|-resisted|p2a: Rillaboom\n|-damage|p2a: Rillaboom|88/100\n|\n|t:|1774807993\n|switch|p1b: Urshifu|Urshifu-Rapid-Strike, L50, M|100/100|[from] Volt Switch\n|\n|-heal|p2b: Raging Bolt|64/100|[from] Grassy Terrain\n|-heal|p2a: Rillaboom|94/100|[from] Grassy Terrain\n|-heal|p1a: Lunala|74/100|[from] Grassy Terrain\n|upkeep\n|turn|4\n|\n|t:|1774808020\n|switch|p1b: Miraidon|Miraidon, L50|20/100\n|-fieldstart|move: Electric Terrain|[from] ability: Hadron Engine|[of] p1b: Miraidon\n|move|p2a: Rillaboom|Fake Out|p1a: Lunala\n|-damage|p1a: Lunala|68/100\n|move|p2b: Raging Bolt|Thunderclap||[still]\n|-fail|p2b: Raging Bolt\n|cant|p1a: Lunala|flinch\n|\n|upkeep\n|turn|5\n|\n|t:|1774808035\n|move|p2b: Raging Bolt|Thunderbolt|p1a: Lunala\n|-damage|p1a: Lunala|0 fnt\n|faint|p1a: Lunala\n|move|p2a: Rillaboom|Wood Hammer|p1b: Miraidon\n|-resisted|p1b: Miraidon\n|-damage|p1b: Miraidon|0 fnt\n|faint|p1b: Miraidon\n|-damage|p2a: Rillaboom|87/100|[from] Recoil\n|\n|upkeep\n|-message|Darknight678 forfeited.\n|\n|win|benniovyalt\n|raw|Darknight678's rating: 1250 &rarr; <strong>1233</strong><br />(-17 for losing)\n|raw|benniovyalt's rating: 1365 &rarr; <strong>1379</strong><br />(+14 for winning)\n|l|\u2606Darknight678\n|player|p1|\n|c|\u2606benniovyalt|ggs\n","uploadtime":1774808046,"views":11,"formatid":"gen9vgc2026regi","rating":1233,"private":0,"password":null}