{"id":"gen9vgc2026regi-2590071775","format":"[Gen 9] VGC 2026 Reg I","players":["Sunny_zong1","Harry Koekenpan"],"log":"|j|\u2606Sunny_zong1\n|j|\u2606Harry Koekenpan\n|t:|1776785142\n|gametype|doubles\n|player|p1|Sunny_zong1|bugsy|1510\n|player|p2|Harry Koekenpan|2|1461\n|gen|9\n|tier|[Gen 9] VGC 2026 Reg I\n|rated|\n|rule|Species Clause: Limit one of each Pok\u00e9mon\n|rule|Item Clause: Limit 1 of each item\n|clearpoke\n|poke|p1|Annihilape, L50, M|\n|poke|p1|Miraidon, L50|\n|poke|p1|Calyrex-Shadow, L50|\n|poke|p1|Wo-Chien, L50|\n|poke|p1|Ting-Lu, L50|\n|poke|p1|Grimmsnarl, L50, M|\n|poke|p2|Weezing-Galar, L50, F|\n|poke|p2|Calyrex-Shadow, L50|\n|poke|p2|Regigigas, L50|\n|poke|p2|Koraidon, L50|\n|poke|p2|Chi-Yu, L50|\n|poke|p2|Brute Bonnet, L50|\n|teampreview|4\n|inactive|Battle timer is ON: inactive players will automatically lose when time's up. (requested by Sunny_zong1)\n|\n|t:|1776785172\n|teamsize|p1|4\n|teamsize|p2|4\n|start\n|switch|p1a: Calyrex|Calyrex-Shadow, L50|100/100\n|switch|p1b: Annihilape|Annihilape, L50, M|100/100\n|switch|p2a: Weezing|Weezing-Galar, L50, F|100/100\n|switch|p2b: Brute Bonnet|Brute Bonnet, L50|100/100\n|-ability|p2a: Weezing|Neutralizing Gas\n|-ability|p1a: Calyrex|As One\n|-ability|p1a: Calyrex|Unnerve\n|turn|1\n|\n|t:|1776785187\n|-terastallize|p2a: Weezing|Dark\n|move|p2b: Brute Bonnet|Sucker Punch|p1b: Annihilape\n|-damage|p1b: Annihilape|71/100\n|move|p1b: Annihilape|Final Gambit|p2a: Weezing\n|-damage|p2a: Weezing|12/100\n|faint|p1b: Annihilape\n|move|p1a: Calyrex|Pollen Puff|p2b: Brute Bonnet\n|-supereffective|p2b: Brute Bonnet\n|-damage|p2b: Brute Bonnet|0 fnt\n|faint|p2b: Brute Bonnet\n|-end|p2b: Brute Bonnet|Protosynthesis|[silent]\n|-ability|p1a: Calyrex|Grim Neigh|boost\n|-boost|p1a: Calyrex|spa|1\n|move|p2a: Weezing|Poison Gas|p1a: Calyrex\n|-status|p1a: Calyrex|psn\n|\n|-damage|p1a: Calyrex|88/100 psn|[from] psn\n|upkeep\n|\n|t:|1776785207\n|switch|p1b: Miraidon|Miraidon, L50|100/100\n|switch|p2b: Chi-Yu|Chi-Yu, L50|100/100\n|turn|2\n|\n|t:|1776785218\n|switch|p1a: Grimmsnarl|Grimmsnarl, L50, M|100/100\n|-enditem|p2a: Weezing|Sitrus Berry|[eat]\n|-heal|p2a: Weezing|37/100|[from] item: Sitrus Berry\n|move|p1b: Miraidon|Protect|p1b: Miraidon\n|-singleturn|p1b: Miraidon|Protect\n|move|p2a: Weezing|Protect|p2a: Weezing\n|-singleturn|p2a: Weezing|Protect\n|move|p2b: Chi-Yu|Heat Wave|p1b: Miraidon|[spread] p1a\n|-activate|p1b: Miraidon|move: Protect\n|-crit|p1a: Grimmsnarl\n|-damage|p1a: Grimmsnarl|50/100\n|-status|p1a: Grimmsnarl|brn\n|\n|-damage|p1a: Grimmsnarl|44/100 brn|[from] brn\n|upkeep\n|turn|3\n|\n|t:|1776785241\n|move|p1b: Miraidon|Dazzling Gleam|p2b: Chi-Yu|[spread] p2a,p2b\n|-supereffective|p2a: Weezing\n|-damage|p2a: Weezing|0 fnt\n|-damage|p2b: Chi-Yu|67/100\n|faint|p2a: Weezing\n|-end|p2a: Weezing|ability: Neutralizing Gas\n|-fieldstart|move: Electric Terrain|[from] ability: Hadron Engine|[of] p1b: Miraidon\n|-ability|p2b: Chi-Yu|Beads of Ruin\n|-damage|p1b: Miraidon|91/100|[from] item: Life Orb\n|move|p1a: Grimmsnarl|Light Screen|p1a: Grimmsnarl\n|-sidestart|p1: Sunny_zong1|move: Light Screen\n|move|p2b: Chi-Yu|Snarl|p1a: Grimmsnarl|[spread] p1a,p1b\n|-resisted|p1a: Grimmsnarl\n|-damage|p1a: Grimmsnarl|40/100 brn\n|-damage|p1b: Miraidon|70/100\n|-unboost|p1a: Grimmsnarl|spa|1\n|-unboost|p1b: Miraidon|spa|1\n|\n|-damage|p1a: Grimmsnarl|34/100 brn|[from] brn\n|upkeep\n|\n|t:|1776785256\n|switch|p2a: Koraidon|Koraidon, L50|100/100\n|-weather|SunnyDay|[from] ability: Orichalcum Pulse|[of] p2a: Koraidon\n|-activate|p2a: Koraidon|Orichalcum Pulse|[source]\n|turn|4\n|\n|t:|1776785267\n|move|p1b: Miraidon|Protect|p1b: Miraidon\n|-singleturn|p1b: Miraidon|Protect\n|move|p2a: Koraidon|Protect|p2a: Koraidon\n|-singleturn|p2a: Koraidon|Protect\n|move|p1a: Grimmsnarl|Thunder Wave|p2a: Koraidon\n|-activate|p2a: Koraidon|move: Protect\n|move|p2b: Chi-Yu|Snarl|p1a: Grimmsnarl|[spread] p1a\n|-activate|p1b: Miraidon|move: Protect\n|-resisted|p1a: Grimmsnarl\n|-damage|p1a: Grimmsnarl|30/100 brn\n|-unboost|p1a: Grimmsnarl|spa|1\n|\n|-weather|SunnyDay|[upkeep]\n|-damage|p1a: Grimmsnarl|24/100 brn|[from] brn\n|upkeep\n|turn|5\n|\n|t:|1776785286\n|move|p1a: Grimmsnarl|Thunder Wave|p2a: Koraidon\n|-status|p2a: Koraidon|par\n|move|p1b: Miraidon|Electro Drift|p2b: Chi-Yu\n|-damage|p2b: Chi-Yu|0 fnt\n|faint|p2b: Chi-Yu\n|-damage|p1b: Miraidon|60/100|[from] item: Life Orb\n|move|p2a: Koraidon|Flame Charge|p1b: Miraidon\n|-resisted|p1b: Miraidon\n|-damage|p1b: Miraidon|41/100\n|-boost|p2a: Koraidon|spe|1\n|\n|-weather|SunnyDay|[upkeep]\n|-damage|p1a: Grimmsnarl|18/100 brn|[from] brn\n|upkeep\n|turn|6\n|\n|t:|1776785305\n|move|p2a: Koraidon|Protect|p2a: Koraidon\n|-singleturn|p2a: Koraidon|Protect\n|move|p1a: Grimmsnarl|Reflect|p1a: Grimmsnarl\n|-sidestart|p1: Sunny_zong1|Reflect\n|move|p1b: Miraidon|Dazzling Gleam|p2a: Koraidon\n|-activate|p2a: Koraidon|move: Protect\n|\n|-weather|SunnyDay|[upkeep]\n|-damage|p1a: Grimmsnarl|12/100 brn|[from] brn\n|upkeep\n|turn|7\n|\n|t:|1776785312\n|-terastallize|p1b: Miraidon|Fairy\n|move|p1b: Miraidon|Dazzling Gleam|p2a: Koraidon\n|-supereffective|p2a: Koraidon\n|-damage|p2a: Koraidon|0 fnt\n|faint|p2a: Koraidon\n|-damage|p1b: Miraidon|31/100|[from] item: Life Orb\n|\n|win|Sunny_zong1\n|raw|Sunny_zong1's rating: 1486 &rarr; <strong>1505</strong><br />(+19 for winning)\n|raw|Harry Koekenpan's rating: 1461 &rarr; <strong>1442</strong><br />(-19 for losing)\n|l|\u2606Harry Koekenpan\n|player|p2|\n|l|\u2606Sunny_zong1\n|player|p1|\n","uploadtime":1776785563,"views":7,"formatid":"gen9vgc2026regi","rating":1442,"private":0,"password":null}