{"id":"gen9vgc2026regi-2524159004","format":"[Gen 9] VGC 2026 Reg I","players":["Schwann_Song","j0l0k0"],"log":"|j|\u2606Schwann_Song\n|j|\u2606j0l0k0\n|t:|1769113331\n|gametype|doubles\n|player|p1|Schwann_Song|2|1154\n|player|p2|j0l0k0|brycen|1377\n|gen|9\n|tier|[Gen 9] VGC 2026 Reg I\n|rated|\n|rule|Species Clause: Limit one of each Pok\u00e9mon\n|rule|Item Clause: Limit 1 of each item\n|clearpoke\n|poke|p1|Kyogre, L50|\n|poke|p1|Palkia, L50|\n|poke|p1|Gastrodon, L50, F|\n|poke|p1|Gyarados, L50, M|\n|poke|p1|Ludicolo, L50, M|\n|poke|p1|Suicune, L50|\n|poke|p2|Calyrex-Ice, L50|\n|poke|p2|Kyogre, L50|\n|poke|p2|Indeedee-F, L50, F|\n|poke|p2|Urshifu-*, L50, F|\n|poke|p2|Amoonguss, L50, F|\n|poke|p2|Landorus, L50, M|\n|teampreview|4\n|inactive|Battle timer is ON: inactive players will automatically lose when time's up. (requested by j0l0k0)\n|inactive|Schwann_Song has 60 seconds left.\n|inactive|j0l0k0 has 60 seconds left.\n|\n|t:|1769113378\n|teamsize|p1|4\n|teamsize|p2|4\n|start\n|switch|p1a: Mega Wailmer|Kyogre, L50|100/100\n|switch|p1b: Slugward|Gastrodon, L50, F|100/100\n|switch|p2a: Kyogre|Kyogre, L50, shiny|100/100\n|switch|p2b: Indeedee|Indeedee-F, L50, F, shiny|100/100\n|-weather|RainDance|[from] ability: Drizzle|[of] p1a: Mega Wailmer\n|-fieldstart|move: Psychic Terrain|[from] ability: Psychic Surge|[of] p2b: Indeedee\n|turn|1\n|inactive|Schwann_Song has 30 seconds left.\n|inactive|Schwann_Song has 20 seconds left.\n|inactive|Schwann_Song has 15 seconds left.\n|\n|t:|1769113419\n|switch|p1a: Erster|Palkia, L50|100/100\n|move|p2b: Indeedee|Helping Hand|p2a: Kyogre\n|-singleturn|p2a: Kyogre|Helping Hand|[of] p2b: Indeedee\n|move|p2a: Kyogre|Thunder|p1a: Erster\n|-damage|p1a: Erster|46/100\n|-status|p1a: Erster|par\n|move|p1b: Slugward|Yawn|p2b: Indeedee\n|-start|p2b: Indeedee|move: Yawn|[of] p1b: Slugward\n|\n|-weather|RainDance|[upkeep]\n|upkeep\n|turn|2\n|\n|t:|1769113439\n|move|p1a: Erster|Protect|p1a: Erster\n|-singleturn|p1a: Erster|Protect\n|move|p2a: Kyogre|Thunder|p1a: Erster\n|-activate|p1a: Erster|move: Protect\n|move|p1b: Slugward|Yawn|p2a: Kyogre\n|-start|p2a: Kyogre|move: Yawn|[of] p1b: Slugward\n|move|p2b: Indeedee|Trick Room|p2b: Indeedee\n|-fieldstart|move: Trick Room|[of] p2b: Indeedee\n|\n|-weather|RainDance|[upkeep]\n|-end|p2b: Indeedee|move: Yawn|[silent]\n|-status|p2b: Indeedee|slp\n|upkeep\n|turn|3\n|inactive|Schwann_Song has 30 seconds left.\n|inactive|Schwann_Song has 20 seconds left.\n|\n|t:|1769113477\n|cant|p2b: Indeedee|slp\n|move|p1b: Slugward|Earth Power|p2a: Kyogre\n|-damage|p2a: Kyogre|87/100\n|cant|p1a: Erster|par\n|move|p2a: Kyogre|Thunder|p1a: Erster\n|-damage|p1a: Erster|8/100 par\n|\n|-weather|RainDance|[upkeep]\n|-end|p2a: Kyogre|move: Yawn|[silent]\n|-status|p2a: Kyogre|slp\n|upkeep\n|turn|4\n|\n|t:|1769113502\n|move|p1b: Slugward|Sludge Bomb|p2a: Kyogre\n|-damage|p2a: Kyogre|79/100 slp\n|move|p1a: Erster|Spacial Rend|p2a: Kyogre\n|-damage|p2a: Kyogre|44/100 slp\n|cant|p2a: Kyogre|slp\n|cant|p2b: Indeedee|slp\n|\n|-weather|RainDance|[upkeep]\n|upkeep\n|turn|5\n|\n|t:|1769113522\n|move|p1b: Slugward|Earth Power|p2a: Kyogre\n|-damage|p2a: Kyogre|32/100 slp\n|move|p1a: Erster|Spacial Rend|p2a: Kyogre\n|-damage|p2a: Kyogre|0 fnt\n|faint|p2a: Kyogre\n|-curestatus|p2b: Indeedee|slp|[msg]\n|move|p2b: Indeedee|Psychic|p1a: Erster\n|-damage|p1a: Erster|0 fnt\n|faint|p1a: Erster\n|\n|-weather|none\n|-fieldend|move: Psychic Terrain\n|upkeep\n|\n|t:|1769113538\n|switch|p2a: Calyrex|Calyrex-Ice, L50|100/100\n|switch|p1a: Noodle|Gyarados, L50, M|100/100\n|-ability|p2a: Calyrex|As One\n|-ability|p2a: Calyrex|Unnerve\n|-ability|p1a: Noodle|Intimidate|boost\n|-fail|p2a: Calyrex|unboost|[from] item: Clear Amulet|[of] p2a: Calyrex\n|-unboost|p2b: Indeedee|atk|1\n|turn|6\n|inactive|j0l0k0 has 30 seconds left.\n|inactive|j0l0k0 has 20 seconds left.\n|inactive|j0l0k0 has 15 seconds left.\n|inactive|j0l0k0 has 10 seconds left.\n|\n|t:|1769113585\n|-terastallize|p1b: Slugward|Fire\n|move|p1a: Noodle|Protect|p1a: Noodle\n|-singleturn|p1a: Noodle|Protect\n|move|p1b: Slugward|Yawn|p2a: Calyrex\n|-start|p2a: Calyrex|move: Yawn|[of] p1b: Slugward\n|move|p2a: Calyrex|Trick Room|p2a: Calyrex\n|-fieldend|move: Trick Room\n|move|p2b: Indeedee|Trick Room|p2b: Indeedee\n|-fieldstart|move: Trick Room|[of] p2b: Indeedee\n|\n|upkeep\n|turn|7\n|inactive|Schwann_Song has 30 seconds left.\n|inactive|Schwann_Song has 20 seconds left.\n|\n|t:|1769113621\n|move|p2b: Indeedee|Helping Hand|p2a: Calyrex\n|-singleturn|p2a: Calyrex|Helping Hand|[of] p2b: Indeedee\n|move|p1b: Slugward|Earth Power|p2a: Calyrex\n|-damage|p2a: Calyrex|82/100\n|move|p2a: Calyrex|Glacial Lance|p1a: Noodle|[spread] p1a,p1b\n|-resisted|p1b: Slugward\n|-damage|p1a: Noodle|21/100\n|-damage|p1b: Slugward|53/100\n|move|p1a: Noodle|Taunt|p2b: Indeedee\n|-start|p2b: Indeedee|move: Taunt\n|\n|-heal|p1b: Slugward|59/100|[from] item: Leftovers\n|-end|p2a: Calyrex|move: Yawn|[silent]\n|-status|p2a: Calyrex|slp\n|upkeep\n|turn|8\n|\n|t:|1769113641\n|switch|p1a: Mega Wailmer|Kyogre, L50|100/100\n|-weather|RainDance|[from] ability: Drizzle|[of] p1a: Mega Wailmer\n|move|p1b: Slugward|Weather Ball|p2a: Calyrex\n|-crit|p2a: Calyrex\n|-damage|p2a: Calyrex|31/100 slp\n|cant|p2a: Calyrex|slp\n|move|p2b: Indeedee|Psychic|p1a: Mega Wailmer\n|-damage|p1a: Mega Wailmer|77/100\n|\n|-weather|RainDance|[upkeep]\n|-heal|p1b: Slugward|65/100|[from] item: Leftovers\n|upkeep\n|turn|9\n|\n|t:|1769113661\n|move|p1b: Slugward|Weather Ball|p2a: Calyrex\n|-damage|p2a: Calyrex|0 fnt\n|faint|p2a: Calyrex\n|move|p2b: Indeedee|Psychic|p1a: Mega Wailmer\n|-damage|p1a: Mega Wailmer|57/100\n|move|p1a: Mega Wailmer|Surf|p2b: Indeedee|[spread] p2b\n|-ability|p1b: Slugward|Storm Drain|boost\n|-boost|p1b: Slugward|spa|1\n|-damage|p2b: Indeedee|54/100\n|\n|-weather|RainDance|[upkeep]\n|-heal|p1b: Slugward|71/100|[from] item: Leftovers\n|upkeep\n|\n|t:|1769113672\n|switch|p2a: Amoonguss|Amoonguss, L50, F, shiny|100/100\n|turn|10\n|\n|t:|1769113697\n|move|p2a: Amoonguss|Energy Ball|p1a: Mega Wailmer\n|-supereffective|p1a: Mega Wailmer\n|-crit|p1a: Mega Wailmer\n|-damage|p1a: Mega Wailmer|0 fnt\n|faint|p1a: Mega Wailmer\n|move|p1b: Slugward|Sludge Bomb|p2a: Amoonguss\n|-crit|p2a: Amoonguss\n|-damage|p2a: Amoonguss|58/100\n|move|p2b: Indeedee|Psychic|p1b: Slugward\n|-damage|p1b: Slugward|51/100\n|-unboost|p1b: Slugward|spd|1\n|\n|-weather|RainDance|[upkeep]\n|-heal|p1b: Slugward|57/100|[from] item: Leftovers\n|-end|p2b: Indeedee|move: Taunt\n|-fieldend|move: Trick Room\n|upkeep\n|\n|t:|1769113712\n|switch|p1a: Noodle|Gyarados, L50, M|21/100\n|-ability|p1a: Noodle|Intimidate|boost\n|-unboost|p2a: Amoonguss|atk|1\n|-unboost|p2b: Indeedee|atk|1\n|turn|11\n|\n|t:|1769113728\n|-terastallize|p2a: Amoonguss|Water\n|move|p2b: Indeedee|Psychic|p1a: Noodle\n|-damage|p1a: Noodle|0 fnt\n|faint|p1a: Noodle\n|move|p1b: Slugward|Sludge Bomb|p2a: Amoonguss\n|-damage|p2a: Amoonguss|32/100\n|move|p2a: Amoonguss|Spore|p1b: Slugward\n|-status|p1b: Slugward|slp|[from] move: Spore\n|\n|-weather|RainDance|[upkeep]\n|-heal|p1b: Slugward|63/100 slp|[from] item: Leftovers\n|upkeep\n|turn|12\n|\n|t:|1769113747\n|move|p2b: Indeedee|Psychic|p1b: Slugward\n|-damage|p1b: Slugward|34/100 slp\n|cant|p1b: Slugward|slp\n|move|p2a: Amoonguss|Clear Smog|p1b: Slugward\n|-damage|p1b: Slugward|16/100 slp\n|-clearboost|p1b: Slugward\n|\n|-weather|none\n|-heal|p1b: Slugward|22/100 slp|[from] item: Leftovers\n|upkeep\n|turn|13\n|\n|t:|1769113760\n|move|p2b: Indeedee|Psychic|p1b: Slugward\n|-crit|p1b: Slugward\n|-damage|p1b: Slugward|0 fnt\n|faint|p1b: Slugward\n|\n|win|j0l0k0\n|raw|Schwann_Song's rating: 1154 &rarr; <strong>1143</strong><br />(-11 for losing)\n|raw|j0l0k0's rating: 1377 &rarr; <strong>1386</strong><br />(+9 for winning)\n|c|\u2606j0l0k0|ggwp\n|l|\u2606Schwann_Song\n|player|p1|\n|l|\u2606j0l0k0\n|player|p2|\n","uploadtime":1769113954,"views":12,"formatid":"gen9vgc2026regi","rating":1143,"private":0,"password":null}