{"id":"gen9vgc2026regi-2576770498","format":"[Gen 9] VGC 2026 Reg I","players":["WrestlingDemon","Mirthinion"],"log":"|j|\u2606WrestlingDemon\n|j|\u2606Mirthinion\n|t:|1775504304\n|gametype|doubles\n|player|p1|WrestlingDemon|hiker-gen4|1445\n|player|p2|Mirthinion|janitor|1516\n|gen|9\n|tier|[Gen 9] VGC 2026 Reg I\n|rated|\n|rule|Species Clause: Limit one of each Pok\u00e9mon\n|rule|Item Clause: Limit 1 of each item\n|clearpoke\n|poke|p1|Dialga-Origin, L50|\n|poke|p1|Lunala, L50|\n|poke|p1|Ursaluna, L50, F|\n|poke|p1|Incineroar, L50, M|\n|poke|p1|Amoonguss, L50, F|\n|poke|p1|Indeedee-F, L50, F|\n|poke|p2|Calyrex-Shadow, L50|\n|poke|p2|Zamazenta-*, L50|\n|poke|p2|Urshifu-*, L50, M|\n|poke|p2|Incineroar, L50, M|\n|poke|p2|Rillaboom, L50, M|\n|poke|p2|Tornadus, L50, M|\n|teampreview|4\n|inactive|Battle timer is ON: inactive players will automatically lose when time's up. (requested by Mirthinion)\n|inactive|WrestlingDemon has 60 seconds left.\n|inactive|Mirthinion has 60 seconds left.\n|inactive|WrestlingDemon has 30 seconds left.\n|\n|t:|1775504365\n|teamsize|p1|4\n|teamsize|p2|4\n|start\n|switch|p1a: Indeedee|Indeedee-F, L50, F|100/100\n|switch|p1b: Lunala|Lunala, L50|100/100\n|switch|p2a: Mithrandir|Calyrex-Shadow, L50|100/100\n|switch|p2b: Wolfgang|Incineroar, L50, M|100/100\n|-ability|p2a: Mithrandir|As One\n|-ability|p2a: Mithrandir|Unnerve\n|-fieldstart|move: Psychic Terrain|[from] ability: Psychic Surge|[of] p1a: Indeedee\n|-enditem|p1a: Indeedee|Psychic Seed\n|-boost|p1a: Indeedee|spd|1|[from] item: Psychic Seed\n|-ability|p2b: Wolfgang|Intimidate|boost\n|-unboost|p1a: Indeedee|atk|1\n|-unboost|p1b: Lunala|atk|1\n|turn|1\n|inactive|Mirthinion has 30 seconds left.\n|inactive|Mirthinion has 20 seconds left.\n|\n|t:|1775504403\n|-terastallize|p2a: Mithrandir|Bug\n|-terastallize|p1b: Lunala|Grass\n|move|p2a: Mithrandir|Pollen Puff|p1a: Indeedee\n|-supereffective|p1a: Indeedee\n|-damage|p1a: Indeedee|42/100\n|move|p1b: Lunala|Meteor Beam||[still]\n|-prepare|p1b: Lunala|Meteor Beam\n|-boost|p1b: Lunala|spa|1\n|-enditem|p1b: Lunala|Power Herb\n|-anim|p1b: Lunala|Meteor Beam|p2b: Wolfgang|[miss]\n|-miss|p1b: Lunala|p2b: Wolfgang\n|move|p2b: Wolfgang|Parting Shot|p1b: Lunala\n|-unboost|p1b: Lunala|atk|1\n|-unboost|p1b: Lunala|spa|1\n|\n|t:|1775504418\n|switch|p2b: Drambor|Zamazenta-Crowned, L50|100/100|[from] Parting Shot\n|-ability|p2b: Drambor|Dauntless Shield|boost\n|-boost|p2b: Drambor|def|1\n|move|p1a: Indeedee|Trick Room|p1a: Indeedee\n|-fieldstart|move: Trick Room|[of] p1a: Indeedee\n|\n|upkeep\n|turn|2\n|\n|t:|1775504428\n|move|p1a: Indeedee|Helping Hand|p1b: Lunala\n|-singleturn|p1b: Lunala|Helping Hand|[of] p1a: Indeedee\n|move|p2b: Drambor|Protect|p2b: Drambor\n|-singleturn|p2b: Drambor|Protect\n|move|p2a: Mithrandir|Protect|p2a: Mithrandir\n|-singleturn|p2a: Mithrandir|Protect\n|move|p1b: Lunala|Expanding Force|p2a: Mithrandir|[spread] \n|-activate|p2a: Mithrandir|move: Protect\n|-activate|p2b: Drambor|move: Protect\n|\n|upkeep\n|turn|3\n|inactive|WrestlingDemon has 30 seconds left.\n|inactive|Mirthinion has 30 seconds left.\n|\n|t:|1775504460\n|switch|p1b: Ursaluna|Ursaluna, L50, F|100/100\n|switch|p2a: Wolfgang|Incineroar, L50, M|100/100\n|-ability|p2a: Wolfgang|Intimidate|boost\n|-unboost|p1a: Indeedee|atk|1\n|-unboost|p1b: Ursaluna|atk|1\n|move|p1a: Indeedee|Follow Me|p1a: Indeedee\n|-singleturn|p1a: Indeedee|move: Follow Me\n|move|p2b: Drambor|Body Press|p1a: Indeedee\n|-damage|p1a: Indeedee|0 fnt\n|faint|p1a: Indeedee\n|\n|-status|p1b: Ursaluna|brn|[from] item: Flame Orb\n|upkeep\n|\n|t:|1775504469\n|switch|p1a: Dialga|Dialga-Origin, L50|100/100\n|turn|4\n|\n|t:|1775504489\n|move|p2b: Drambor|Protect|p2b: Drambor\n|-singleturn|p2b: Drambor|Protect\n|move|p1b: Ursaluna|Earthquake|p2b: Drambor|[spread] p2a\n|-activate|p2b: Drambor|move: Protect\n|-activate|p1a: Dialga|ability: Telepathy\n|-supereffective|p2a: Wolfgang\n|-damage|p2a: Wolfgang|17/100\n|move|p2a: Wolfgang|Parting Shot|p1b: Ursaluna\n|-unboost|p1b: Ursaluna|atk|1\n|-unboost|p1b: Ursaluna|spa|1\n|\n|t:|1775504500\n|switch|p2a: Beowulf|Urshifu-Rapid-Strike, L50, M|100/100|[from] Parting Shot\n|move|p1a: Dialga|Dragon Pulse|p2a: Beowulf\n|-damage|p2a: Beowulf|5/100\n|\n|-damage|p1b: Ursaluna|94/100 brn|[from] brn\n|upkeep\n|turn|5\n|\n|t:|1775504522\n|switch|p2a: Wolfgang|Incineroar, L50, M|17/100\n|-ability|p2a: Wolfgang|Intimidate|boost\n|-unboost|p1a: Dialga|atk|1\n|-unboost|p1b: Ursaluna|atk|1\n|move|p1a: Dialga|Protect|p1a: Dialga\n|-singleturn|p1a: Dialga|Protect\n|move|p1b: Ursaluna|Earthquake|p2b: Drambor|[spread] p2a,p2b\n|-activate|p1a: Dialga|move: Protect\n|-supereffective|p2a: Wolfgang\n|-supereffective|p2b: Drambor\n|-damage|p2a: Wolfgang|0 fnt\n|-damage|p2b: Drambor|79/100\n|faint|p2a: Wolfgang\n|move|p2b: Drambor|Body Press|p1a: Dialga\n|-activate|p1a: Dialga|move: Protect\n|\n|-damage|p1b: Ursaluna|88/100 brn|[from] brn\n|-fieldend|move: Trick Room\n|-fieldend|move: Psychic Terrain\n|upkeep\n|inactive|Mirthinion has 30 seconds left.\n|\n|t:|1775504554\n|switch|p2a: Beowulf|Urshifu-Rapid-Strike, L50, M|5/100\n|turn|6\n|\n|t:|1775504565\n|switch|p1b: Lunala|Lunala, L50, tera:Grass|100/100\n|move|p2b: Drambor|Body Press|p1a: Dialga\n|-supereffective|p1a: Dialga\n|-damage|p1a: Dialga|1/100\n|move|p2a: Beowulf|Close Combat|p1a: Dialga\n|-supereffective|p1a: Dialga\n|-damage|p1a: Dialga|0 fnt\n|-unboost|p2a: Beowulf|def|1\n|-unboost|p2a: Beowulf|spd|1\n|faint|p1a: Dialga\n|\n|upkeep\n|\n|t:|1775504567\n|switch|p1a: Ursaluna|Ursaluna, L50, F|88/100 brn\n|turn|7\n|\n|t:|1775504580\n|move|p2b: Drambor|Body Press|p1b: Lunala\n|-damage|p1b: Lunala|77/100\n|move|p2a: Beowulf|Close Combat|p1a: Ursaluna\n|-supereffective|p1a: Ursaluna\n|-damage|p1a: Ursaluna|0 fnt\n|-unboost|p2a: Beowulf|def|1\n|-unboost|p2a: Beowulf|spd|1\n|faint|p1a: Ursaluna\n|move|p1b: Lunala|Moongeist Beam|p2a: Beowulf\n|-damage|p2a: Beowulf|0 fnt\n|faint|p2a: Beowulf\n|\n|upkeep\n|-message|WrestlingDemon forfeited.\n|\n|win|Mirthinion\n|raw|WrestlingDemon's rating: 1445 &rarr; <strong>1429</strong><br />(-16 for losing)\n|raw|Mirthinion's rating: 1516 &rarr; <strong>1532</strong><br />(+16 for winning)\n|l|\u2606WrestlingDemon\n|player|p1|\n","uploadtime":1775504596,"views":30,"formatid":"gen9vgc2026regi","rating":1429,"private":0,"password":null}