{"id":"gen9vgc2026regi-2534106987","format":"[Gen 9] VGC 2026 Reg I","players":["fogdocker","yamato-tak"],"log":"|j|\u2606fogdocker\n|j|\u2606yamato-tak\n|t:|1770388307\n|gametype|doubles\n|player|p1|fogdocker|102|1447\n|player|p2|yamato-tak|101|1535\n|gen|9\n|tier|[Gen 9] VGC 2026 Reg I\n|rated|\n|rule|Species Clause: Limit one of each Pok\u00e9mon\n|rule|Item Clause: Limit 1 of each item\n|clearpoke\n|poke|p1|Koraidon, L50|\n|poke|p1|Flutter Mane, L50|\n|poke|p1|Calyrex-Ice, L50|\n|poke|p1|Incineroar, L50, F|\n|poke|p1|Rillaboom, L50, M|\n|poke|p1|Amoonguss, L50, F|\n|poke|p2|Miraidon, L50|\n|poke|p2|Calyrex-Ice, L50|\n|poke|p2|Volcarona, L50, M|\n|poke|p2|Araquanid, L50, F|\n|poke|p2|Grimmsnarl, L50, M|\n|poke|p2|Rillaboom, L50, M|\n|teampreview|4\n|inactive|Battle timer is ON: inactive players will automatically lose when time's up. (requested by yamato-tak)\n|\n|t:|1770388337\n|teamsize|p1|4\n|teamsize|p2|4\n|start\n|switch|p1a: Rillaboom|Rillaboom, L50, M|100/100\n|switch|p1b: Calyrex|Calyrex-Ice, L50|100/100\n|switch|p2a: Grimmsnarl|Grimmsnarl, L50, M, shiny|100/100\n|switch|p2b: Calyrex|Calyrex-Ice, L50|100/100\n|-ability|p2b: Calyrex|As One\n|-ability|p2b: Calyrex|Unnerve\n|-ability|p1b: Calyrex|As One\n|-ability|p1b: Calyrex|Unnerve\n|-fieldstart|move: Grassy Terrain|[from] ability: Grassy Surge|[of] p1a: Rillaboom\n|turn|1\n|inactive|yamato-tak has 30 seconds left.\n|inactive|yamato-tak has 20 seconds left.\n|\n|t:|1770388373\n|switch|p1a: Incineroar|Incineroar, L50, F|100/100\n|-ability|p1a: Incineroar|Intimidate|boost\n|-unboost|p2a: Grimmsnarl|atk|1\n|-fail|p2b: Calyrex|unboost|[from] item: Clear Amulet|[of] p2b: Calyrex\n|move|p2a: Grimmsnarl|Fake Out|p1b: Calyrex\n|-damage|p1b: Calyrex|96/100\n|move|p2b: Calyrex|Glacial Lance|p1a: Incineroar|[spread] p1a,p1b\n|-resisted|p1a: Incineroar\n|-resisted|p1b: Calyrex\n|-damage|p1a: Incineroar|81/100\n|-damage|p1b: Calyrex|81/100\n|cant|p1b: Calyrex|flinch\n|\n|-heal|p1a: Incineroar|87/100|[from] Grassy Terrain\n|-heal|p1b: Calyrex|87/100|[from] Grassy Terrain\n|-heal|p1b: Calyrex|93/100|[from] item: Leftovers\n|upkeep\n|turn|2\n|\n|t:|1770388386\n|switch|p2b: Araquanid|Araquanid, L50, F, shiny|100/100\n|move|p1a: Incineroar|Fake Out|p2b: Araquanid\n|-damage|p2b: Araquanid|88/100\n|-damage|p1a: Incineroar|71/100|[from] item: Rocky Helmet|[of] p2b: Araquanid\n|move|p2a: Grimmsnarl|Reflect|p2a: Grimmsnarl\n|-sidestart|p2: yamato-tak|Reflect\n|move|p1b: Calyrex|Leech Seed|p2a: Grimmsnarl\n|-start|p2a: Grimmsnarl|move: Leech Seed\n|\n|-heal|p1a: Incineroar|77/100|[from] Grassy Terrain\n|-heal|p1b: Calyrex|99/100|[from] Grassy Terrain\n|-heal|p1b: Calyrex|100/100|[from] item: Leftovers\n|-heal|p2b: Araquanid|94/100|[from] Grassy Terrain\n|-damage|p2a: Grimmsnarl|88/100|[from] Leech Seed|[of] p1b: Calyrex\n|upkeep\n|turn|3\n|\n|t:|1770388407\n|move|p2a: Grimmsnarl|Reflect||[still]\n|-fail|p2a: Grimmsnarl\n|move|p1a: Incineroar|Parting Shot|p2b: Araquanid\n|-unboost|p2b: Araquanid|atk|1\n|-unboost|p2b: Araquanid|spa|1\n|\n|t:|1770388413\n|switch|p1a: Rillaboom|Rillaboom, L50, M|100/100|[from] Parting Shot\n|move|p1b: Calyrex|Leech Seed|p2b: Araquanid|[miss]\n|-miss|p1b: Calyrex|p2b: Araquanid\n|move|p2b: Araquanid|Leech Life|p1b: Calyrex\n|-supereffective|p1b: Calyrex\n|-damage|p1b: Calyrex|74/100\n|-heal|p2b: Araquanid|100/100|[from] drain|[of] p1b: Calyrex\n|\n|-heal|p2a: Grimmsnarl|94/100|[from] Grassy Terrain\n|-heal|p1b: Calyrex|80/100|[from] Grassy Terrain\n|-heal|p1b: Calyrex|86/100|[from] item: Leftovers\n|-damage|p2a: Grimmsnarl|82/100|[from] Leech Seed|[of] p1b: Calyrex\n|-heal|p1b: Calyrex|98/100|[silent]\n|upkeep\n|turn|4\n|\n|t:|1770388437\n|switch|p2b: Calyrex|Calyrex-Ice, L50|100/100\n|-ability|p2b: Calyrex|As One\n|-ability|p2b: Calyrex|Unnerve\n|move|p1a: Rillaboom|Fake Out|p2b: Calyrex\n|-damage|p2b: Calyrex|95/100\n|move|p2a: Grimmsnarl|Parting Shot|p1b: Calyrex\n|-unboost|p1b: Calyrex|atk|1\n|-unboost|p1b: Calyrex|spa|1\n|\n|t:|1770388440\n|switch|p2a: Araquanid|Araquanid, L50, F, shiny|100/100|[from] Parting Shot\n|move|p1b: Calyrex|Glacial Lance|p2b: Calyrex|[spread] p2a,p2b\n|-resisted|p2a: Araquanid\n|-resisted|p2b: Calyrex\n|-damage|p2a: Araquanid|88/100\n|-damage|p2b: Calyrex|88/100\n|\n|-heal|p2b: Calyrex|94/100|[from] Grassy Terrain\n|-heal|p1b: Calyrex|100/100|[from] Grassy Terrain\n|-heal|p2a: Araquanid|94/100|[from] Grassy Terrain\n|upkeep\n|turn|5\n|\n|t:|1770388459\n|move|p1a: Rillaboom|U-turn|p2b: Calyrex\n|-supereffective|p2b: Calyrex\n|-damage|p2b: Calyrex|74/100\n|\n|t:|1770388463\n|switch|p1a: Incineroar|Incineroar, L50, F|77/100|[from] U-turn\n|-ability|p1a: Incineroar|Intimidate|boost\n|-unboost|p2a: Araquanid|atk|1\n|-fail|p2b: Calyrex|unboost|[from] item: Clear Amulet|[of] p2b: Calyrex\n|move|p2b: Calyrex|Leech Seed|p1b: Calyrex\n|-start|p1b: Calyrex|move: Leech Seed\n|move|p1b: Calyrex|Leech Seed|p2a: Araquanid\n|-start|p2a: Araquanid|move: Leech Seed\n|move|p2a: Araquanid|Liquidation|p1a: Incineroar\n|-supereffective|p1a: Incineroar\n|-damage|p1a: Incineroar|7/100\n|\n|-heal|p1a: Incineroar|13/100|[from] Grassy Terrain\n|-heal|p2b: Calyrex|80/100|[from] Grassy Terrain\n|-heal|p2a: Araquanid|99/100|[from] Grassy Terrain\n|-damage|p1b: Calyrex|88/100|[from] Leech Seed|[of] p2b: Calyrex\n|-heal|p2b: Calyrex|92/100|[silent]\n|-damage|p2a: Araquanid|88/100|[from] Leech Seed|[of] p1b: Calyrex\n|-heal|p1b: Calyrex|99/100|[silent]\n|-fieldend|move: Grassy Terrain\n|upkeep\n|turn|6\n|\n|t:|1770388486\n|switch|p1b: Rillaboom|Rillaboom, L50, M|100/100\n|-fieldstart|move: Grassy Terrain|[from] ability: Grassy Surge|[of] p1b: Rillaboom\n|switch|p2a: Grimmsnarl|Grimmsnarl, L50, M, shiny|82/100\n|move|p1a: Incineroar|Fake Out|p2b: Calyrex\n|-damage|p2b: Calyrex|87/100\n|cant|p2b: Calyrex|flinch\n|\n|-heal|p2a: Grimmsnarl|88/100|[from] Grassy Terrain\n|-heal|p1a: Incineroar|19/100|[from] Grassy Terrain\n|-heal|p2b: Calyrex|93/100|[from] Grassy Terrain\n|upkeep\n|turn|7\n|\n|t:|1770388503\n|switch|p1a: Calyrex|Calyrex-Ice, L50|99/100\n|-ability|p1a: Calyrex|As One\n|-ability|p1a: Calyrex|Unnerve\n|move|p1b: Rillaboom|Fake Out|p2b: Calyrex\n|-damage|p2b: Calyrex|88/100\n|move|p2a: Grimmsnarl|Fake Out|p1a: Calyrex\n|-damage|p1a: Calyrex|92/100\n|cant|p2b: Calyrex|flinch\n|\n|-heal|p2a: Grimmsnarl|94/100|[from] Grassy Terrain\n|-heal|p2b: Calyrex|94/100|[from] Grassy Terrain\n|-heal|p1a: Calyrex|98/100|[from] Grassy Terrain\n|-heal|p1a: Calyrex|100/100|[from] item: Leftovers\n|upkeep\n|turn|8\n|\n|t:|1770388519\n|move|p2a: Grimmsnarl|Parting Shot|p1a: Calyrex\n|-unboost|p1a: Calyrex|atk|1\n|-unboost|p1a: Calyrex|spa|1\n|\n|t:|1770388521\n|switch|p2a: Araquanid|Araquanid, L50, F, shiny|88/100|[from] Parting Shot\n|move|p1b: Rillaboom|U-turn|p2b: Calyrex\n|-supereffective|p2b: Calyrex\n|-damage|p2b: Calyrex|76/100\n|\n|t:|1770388527\n|switch|p1b: Incineroar|Incineroar, L50, F|19/100|[from] U-turn\n|-ability|p1b: Incineroar|Intimidate|boost\n|-unboost|p2a: Araquanid|atk|1\n|-fail|p2b: Calyrex|unboost|[from] item: Clear Amulet|[of] p2b: Calyrex\n|move|p2b: Calyrex|Glacial Lance|p1a: Calyrex|[spread] p1a,p1b\n|-resisted|p1a: Calyrex\n|-resisted|p1b: Incineroar\n|-damage|p1a: Calyrex|85/100\n|-damage|p1b: Incineroar|0 fnt\n|faint|p1b: Incineroar\n|-ability|p2b: Calyrex|Chilling Neigh|boost\n|-boost|p2b: Calyrex|atk|1\n|move|p1a: Calyrex|Leech Seed|p2b: Calyrex\n|-start|p2b: Calyrex|move: Leech Seed\n|\n|-heal|p2b: Calyrex|82/100|[from] Grassy Terrain\n|-heal|p1a: Calyrex|90/100|[from] Grassy Terrain\n|-heal|p1a: Calyrex|96/100|[from] item: Leftovers\n|-heal|p2a: Araquanid|94/100|[from] Grassy Terrain\n|-damage|p2b: Calyrex|70/100|[from] Leech Seed|[of] p1a: Calyrex\n|-heal|p1a: Calyrex|100/100|[silent]\n|upkeep\n|\n|t:|1770388530\n|switch|p1b: Koraidon|Koraidon, L50|100/100\n|-weather|SunnyDay|[from] ability: Orichalcum Pulse|[of] p1b: Koraidon\n|-activate|p1b: Koraidon|Orichalcum Pulse|[source]\n|turn|9\n|inactive|yamato-tak has 30 seconds left.\n|inactive|yamato-tak has 20 seconds left.\n|inactive|yamato-tak has 15 seconds left.\n|\n|t:|1770388570\n|switch|p2b: Grimmsnarl|Grimmsnarl, L50, M, shiny|94/100\n|move|p1b: Koraidon|Protect|p1b: Koraidon\n|-singleturn|p1b: Koraidon|Protect\n|move|p1a: Calyrex|Leech Seed|p2a: Araquanid\n|-start|p2a: Araquanid|move: Leech Seed\n|move|p2a: Araquanid|Leech Life|p1a: Calyrex\n|-supereffective|p1a: Calyrex\n|-damage|p1a: Calyrex|74/100\n|-heal|p2a: Araquanid|100/100|[from] drain|[of] p1a: Calyrex\n|\n|-weather|SunnyDay|[upkeep]\n|-heal|p2b: Grimmsnarl|99/100|[from] Grassy Terrain\n|-heal|p1a: Calyrex|80/100|[from] Grassy Terrain\n|-heal|p1a: Calyrex|86/100|[from] item: Leftovers\n|-damage|p2a: Araquanid|88/100|[from] Leech Seed|[of] p1a: Calyrex\n|-heal|p1a: Calyrex|96/100|[silent]\n|-sideend|p2: yamato-tak|Reflect\n|upkeep\n|turn|10\n|\n|t:|1770388584\n|switch|p1b: Rillaboom|Rillaboom, L50, M|100/100\n|move|p2b: Grimmsnarl|Reflect|p2b: Grimmsnarl\n|-sidestart|p2: yamato-tak|Reflect\n|move|p1a: Calyrex|Leech Seed|p2b: Grimmsnarl\n|-start|p2b: Grimmsnarl|move: Leech Seed\n|move|p2a: Araquanid|Leech Life|p1a: Calyrex\n|-supereffective|p1a: Calyrex\n|-damage|p1a: Calyrex|73/100\n|-heal|p2a: Araquanid|100/100|[from] drain|[of] p1a: Calyrex\n|\n|-weather|SunnyDay|[upkeep]\n|-heal|p2b: Grimmsnarl|100/100|[from] Grassy Terrain\n|-heal|p1a: Calyrex|79/100|[from] Grassy Terrain\n|-heal|p1a: Calyrex|85/100|[from] item: Leftovers\n|-damage|p2b: Grimmsnarl|88/100|[from] Leech Seed|[of] p1a: Calyrex\n|-heal|p1a: Calyrex|97/100|[silent]\n|-damage|p2a: Araquanid|88/100|[from] Leech Seed|[of] p1a: Calyrex\n|-heal|p1a: Calyrex|100/100|[silent]\n|-fieldend|move: Grassy Terrain\n|upkeep\n|turn|11\n|\n|t:|1770388603\n|switch|p2b: Miraidon|Miraidon, L50, shiny|100/100\n|-fieldstart|move: Electric Terrain|[from] ability: Hadron Engine|[of] p2b: Miraidon\n|switch|p2a: Calyrex|Calyrex-Ice, L50|70/100\n|-ability|p2a: Calyrex|As One\n|-ability|p2a: Calyrex|Unnerve\n|move|p1b: Rillaboom|Fake Out|p2a: Calyrex\n|-damage|p2a: Calyrex|65/100\n|move|p1a: Calyrex|Glacial Lance|p2a: Calyrex|[spread] p2a,p2b\n|-resisted|p2a: Calyrex\n|-supereffective|p2b: Miraidon\n|-damage|p2a: Calyrex|58/100\n|-damage|p2b: Miraidon|61/100\n|\n|-weather|SunnyDay|[upkeep]\n|upkeep\n|turn|12\n|inactive|fogdocker has 30 seconds left.\n|inactive|fogdocker has 20 seconds left.\n|inactive|fogdocker has 15 seconds left.\n|inactive|fogdocker has 10 seconds left.\n|\n|t:|1770388652\n|switch|p2b: Araquanid|Araquanid, L50, F, shiny|88/100\n|move|p1b: Rillaboom|U-turn|p2a: Calyrex\n|-supereffective|p2a: Calyrex\n|-damage|p2a: Calyrex|39/100\n|\n|t:|1770388657\n|switch|p1b: Koraidon|Koraidon, L50|100/100|[from] U-turn\n|-activate|p1b: Koraidon|ability: Orichalcum Pulse\n|move|p2a: Calyrex|Glacial Lance|p1a: Calyrex|[spread] p1a,p1b\n|-resisted|p1a: Calyrex\n|-supereffective|p1b: Koraidon\n|-damage|p1a: Calyrex|84/100\n|-damage|p1b: Koraidon|1/100\n|move|p1a: Calyrex|Glacial Lance|p2a: Calyrex|[spread] p2a,p2b\n|-resisted|p2a: Calyrex\n|-resisted|p2b: Araquanid\n|-damage|p2a: Calyrex|32/100\n|-damage|p2b: Araquanid|75/100\n|\n|-weather|SunnyDay|[upkeep]\n|-heal|p1a: Calyrex|90/100|[from] item: Leftovers\n|upkeep\n|turn|13\n|\n|t:|1770388669\n|move|p2a: Calyrex|Protect|p2a: Calyrex\n|-singleturn|p2a: Calyrex|Protect\n|move|p1b: Koraidon|Flare Blitz|p2b: Araquanid\n|-damage|p2b: Araquanid|36/100\n|-damage|p1b: Koraidon|0 fnt|[from] item: Rocky Helmet|[of] p2b: Araquanid\n|faint|p1b: Koraidon\n|move|p1a: Calyrex|Glacial Lance|p2a: Calyrex|[spread] p2b\n|-activate|p2a: Calyrex|move: Protect\n|-resisted|p2b: Araquanid\n|-damage|p2b: Araquanid|23/100\n|move|p2b: Araquanid|Leech Life|p1a: Calyrex\n|-supereffective|p1a: Calyrex\n|-damage|p1a: Calyrex|51/100\n|-heal|p2b: Araquanid|46/100|[from] drain|[of] p1a: Calyrex\n|\n|-weather|none\n|-heal|p1a: Calyrex|57/100|[from] item: Leftovers\n|upkeep\n|\n|t:|1770388675\n|switch|p1b: Rillaboom|Rillaboom, L50, M|100/100\n|-fieldstart|move: Grassy Terrain|[from] ability: Grassy Surge|[of] p1b: Rillaboom\n|turn|14\n|\n|t:|1770388694\n|switch|p2a: Grimmsnarl|Grimmsnarl, L50, M, shiny|88/100\n|move|p1b: Rillaboom|Fake Out|p2a: Grimmsnarl\n|-damage|p2a: Grimmsnarl|79/100\n|move|p1a: Calyrex|Glacial Lance|p2b: Araquanid|[spread] p2a,p2b\n|-resisted|p2b: Araquanid\n|-damage|p2a: Grimmsnarl|57/100\n|-damage|p2b: Araquanid|33/100\n|move|p2b: Araquanid|Leech Life|p1a: Calyrex\n|-supereffective|p1a: Calyrex\n|-damage|p1a: Calyrex|18/100\n|-heal|p2b: Araquanid|56/100|[from] drain|[of] p1a: Calyrex\n|\n|-heal|p2a: Grimmsnarl|63/100|[from] Grassy Terrain\n|-heal|p1a: Calyrex|24/100|[from] Grassy Terrain\n|-heal|p1a: Calyrex|30/100|[from] item: Leftovers\n|-heal|p2b: Araquanid|62/100|[from] Grassy Terrain\n|upkeep\n|turn|15\n|\n|t:|1770388710\n|move|p1a: Calyrex|Protect|p1a: Calyrex\n|-singleturn|p1a: Calyrex|Protect\n|move|p2a: Grimmsnarl|Fake Out|p1b: Rillaboom\n|-damage|p1b: Rillaboom|90/100\n|cant|p1b: Rillaboom|flinch\n|move|p2b: Araquanid|Leech Life|p1b: Rillaboom\n|-supereffective|p1b: Rillaboom\n|-crit|p1b: Rillaboom\n|-damage|p1b: Rillaboom|14/100\n|-heal|p2b: Araquanid|100/100|[from] drain|[of] p1b: Rillaboom\n|\n|-heal|p1b: Rillaboom|20/100|[from] Grassy Terrain\n|-heal|p2a: Grimmsnarl|69/100|[from] Grassy Terrain\n|-heal|p1a: Calyrex|36/100|[from] Grassy Terrain\n|-heal|p1a: Calyrex|42/100|[from] item: Leftovers\n|upkeep\n|turn|16\n|\n|t:|1770388734\n|-terastallize|p1a: Calyrex|Water\n|move|p1b: Rillaboom|Grassy Glide|p2a: Grimmsnarl\n|-crit|p2a: Grimmsnarl\n|-damage|p2a: Grimmsnarl|18/100\n|move|p2a: Grimmsnarl|Parting Shot|p1b: Rillaboom\n|-unboost|p1b: Rillaboom|atk|1\n|-unboost|p1b: Rillaboom|spa|1\n|\n|t:|1770388739\n|switch|p2a: Calyrex|Calyrex-Ice, L50|32/100|[from] Parting Shot\n|-ability|p2a: Calyrex|As One\n|-ability|p2a: Calyrex|Unnerve\n|move|p1a: Calyrex|Leech Seed|p2b: Araquanid\n|-start|p2b: Araquanid|move: Leech Seed\n|move|p2b: Araquanid|Leech Life|p1a: Calyrex\n|-damage|p1a: Calyrex|24/100\n|\n|-heal|p1b: Rillaboom|26/100|[from] Grassy Terrain\n|-heal|p2a: Calyrex|38/100|[from] Grassy Terrain\n|-heal|p1a: Calyrex|30/100|[from] Grassy Terrain\n|-heal|p1a: Calyrex|36/100|[from] item: Leftovers\n|-damage|p2b: Araquanid|88/100|[from] Leech Seed|[of] p1a: Calyrex\n|-heal|p1a: Calyrex|46/100|[silent]\n|upkeep\n|turn|17\n|\n|t:|1770388756\n|move|p1b: Rillaboom|Wood Hammer|p2a: Calyrex\n|-damage|p2a: Calyrex|18/100\n|-damage|p1b: Rillaboom|19/100|[from] Recoil\n|move|p2a: Calyrex|Leech Seed|p1a: Calyrex\n|-start|p1a: Calyrex|move: Leech Seed\n|move|p2b: Araquanid|Leech Life|p1b: Rillaboom\n|-supereffective|p1b: Rillaboom\n|-damage|p1b: Rillaboom|0 fnt\n|-heal|p2b: Araquanid|99/100|[from] drain|[of] p1b: Rillaboom\n|faint|p1b: Rillaboom\n|move|p1a: Calyrex|Trick Room|p1a: Calyrex\n|-fieldstart|move: Trick Room|[of] p1a: Calyrex\n|\n|-heal|p2b: Araquanid|100/100|[from] Grassy Terrain\n|-heal|p1a: Calyrex|52/100|[from] Grassy Terrain\n|-heal|p1a: Calyrex|58/100|[from] item: Leftovers\n|-heal|p2a: Calyrex|24/100|[from] Grassy Terrain\n|-damage|p2b: Araquanid|88/100|[from] Leech Seed|[of] p1a: Calyrex\n|-heal|p1a: Calyrex|68/100|[silent]\n|-damage|p1a: Calyrex|56/100|[from] Leech Seed|[of] p2a: Calyrex\n|-heal|p2a: Calyrex|36/100|[silent]\n|-sideend|p2: yamato-tak|Reflect\n|upkeep\n|turn|18\n|\n|t:|1770388773\n|switch|p2b: Grimmsnarl|Grimmsnarl, L50, M, shiny|18/100\n|move|p2a: Calyrex|Protect|p2a: Calyrex\n|-singleturn|p2a: Calyrex|Protect\n|move|p1a: Calyrex|Leech Seed|p2a: Calyrex\n|-activate|p2a: Calyrex|move: Protect\n|\n|-heal|p1a: Calyrex|61/100|[from] Grassy Terrain\n|-heal|p1a: Calyrex|67/100|[from] item: Leftovers\n|-heal|p2a: Calyrex|42/100|[from] Grassy Terrain\n|-heal|p2b: Grimmsnarl|24/100|[from] Grassy Terrain\n|-damage|p1a: Calyrex|55/100|[from] Leech Seed|[of] p2a: Calyrex\n|-heal|p2a: Calyrex|54/100|[silent]\n|-fieldend|move: Grassy Terrain\n|upkeep\n|turn|19\n|-message|fogdocker forfeited.\n|\n|win|yamato-tak\n|raw|fogdocker's rating: 1447 &rarr; <strong>1432</strong><br />(-15 for losing)\n|raw|yamato-tak's rating: 1535 &rarr; <strong>1550</strong><br />(+15 for winning)\n|l|\u2606fogdocker\n|player|p1|\n|l|\u2606yamato-tak\n|player|p2|\n","uploadtime":1770388997,"views":25,"formatid":"gen9vgc2026regi","rating":1432,"private":0,"password":null}