{"id":"gen9vgc2026regi-2552024798","format":"[Gen 9] VGC 2026 Reg I","players":["DarthShuckle","Capitan taquito"],"log":"|j|\u2606DarthShuckle\n|j|\u2606Capitan taquito\n|t:|1772666792\n|gametype|doubles\n|player|p1|DarthShuckle|1|1296\n|player|p2|Capitan taquito|169|1502\n|gen|9\n|tier|[Gen 9] VGC 2026 Reg I\n|rated|\n|rule|Species Clause: Limit one of each Pok\u00e9mon\n|rule|Item Clause: Limit 1 of each item\n|clearpoke\n|poke|p1|Calyrex-Ice, L50|\n|poke|p1|Ursaluna-Bloodmoon, L50, M|\n|poke|p1|Amoonguss, L50, M|\n|poke|p1|Indeedee-F, L50, F|\n|poke|p1|Hatterene, L50, F|\n|poke|p1|Palkia, L50|\n|poke|p2|Amoonguss, L50, M|\n|poke|p2|Chien-Pao, L50|\n|poke|p2|Zamazenta-*, L50|\n|poke|p2|Calyrex-Shadow, L50|\n|poke|p2|Dragonite, L50, M|\n|poke|p2|Ogerpon-Cornerstone, L50, F|\n|teampreview|4\n|inactive|Battle timer is ON: inactive players will automatically lose when time's up. (requested by Capitan taquito)\n|\n|t:|1772666817\n|teamsize|p1|4\n|teamsize|p2|4\n|start\n|switch|p1a: Calyrex|Calyrex-Ice, L50|100/100\n|switch|p1b: Indeedee|Indeedee-F, L50, F, shiny|100/100\n|switch|p2a: Calyrex|Calyrex-Shadow, L50|100/100\n|switch|p2b: Chien-Pao|Chien-Pao, L50|100/100\n|-ability|p2a: Calyrex|As One\n|-ability|p2a: Calyrex|Unnerve\n|-ability|p1a: Calyrex|As One\n|-ability|p1a: Calyrex|Unnerve\n|-ability|p2b: Chien-Pao|Sword of Ruin\n|-fieldstart|move: Psychic Terrain|[from] ability: Psychic Surge|[of] p1b: Indeedee\n|-enditem|p1b: Indeedee|Psychic Seed\n|-boost|p1b: Indeedee|spd|1|[from] item: Psychic Seed\n|turn|1\n|inactive|DarthShuckle has 30 seconds left.\n|\n|t:|1772666847\n|-terastallize|p1b: Indeedee|Fairy\n|move|p1a: Calyrex|Protect|p1a: Calyrex\n|-singleturn|p1a: Calyrex|Protect\n|move|p2a: Calyrex|Astral Barrage|p1b: Indeedee|[spread] p1b\n|-activate|p1a: Calyrex|move: Protect\n|-damage|p1b: Indeedee|63/100\n|move|p2b: Chien-Pao|Ice Spinner|p1b: Indeedee\n|-damage|p1b: Indeedee|19/100\n|-fieldend|move: Psychic Terrain\n|move|p1b: Indeedee|Trick Room|p1b: Indeedee\n|-fieldstart|move: Trick Room|[of] p1b: Indeedee\n|\n|upkeep\n|turn|2\n|inactive|Capitan taquito has 30 seconds left.\n|\n|t:|1772666872\n|switch|p2b: Zamazenta|Zamazenta-Crowned, L50|100/100\n|-ability|p2b: Zamazenta|Dauntless Shield|boost\n|-boost|p2b: Zamazenta|def|1\n|move|p2a: Calyrex|Protect|p2a: Calyrex\n|-singleturn|p2a: Calyrex|Protect\n|move|p1a: Calyrex|Glacial Lance|p2a: Calyrex|[spread] p2b\n|-activate|p2a: Calyrex|move: Protect\n|-resisted|p2b: Zamazenta\n|-damage|p2b: Zamazenta|88/100\n|move|p1b: Indeedee|Psychic|p2a: Calyrex\n|-activate|p2a: Calyrex|move: Protect\n|\n|upkeep\n|turn|3\n|\n|t:|1772666890\n|switch|p2a: Chien-Pao|Chien-Pao, L50|100/100\n|-ability|p2a: Chien-Pao|Sword of Ruin\n|move|p1a: Calyrex|Glacial Lance|p2b: Zamazenta|[spread] p2a,p2b\n|-resisted|p2a: Chien-Pao\n|-resisted|p2b: Zamazenta\n|-damage|p2a: Chien-Pao|66/100\n|-damage|p2b: Zamazenta|72/100\n|move|p1b: Indeedee|Psychic|p2a: Chien-Pao\n|-immune|p2a: Chien-Pao\n|move|p2b: Zamazenta|Body Press|p1a: Calyrex\n|-damage|p1a: Calyrex|40/100\n|\n|upkeep\n|turn|4\n|\n|t:|1772666914\n|move|p1b: Indeedee|Helping Hand|p1a: Calyrex\n|-singleturn|p1a: Calyrex|Helping Hand|[of] p1b: Indeedee\n|move|p2a: Chien-Pao|Ice Shard|p1b: Indeedee\n|-damage|p1b: Indeedee|0 fnt\n|faint|p1b: Indeedee\n|move|p1a: Calyrex|High Horsepower|p2b: Zamazenta\n|-supereffective|p2b: Zamazenta\n|-damage|p2b: Zamazenta|9/100\n|move|p2b: Zamazenta|Body Press|p1a: Calyrex\n|-damage|p1a: Calyrex|0 fnt\n|faint|p1a: Calyrex\n|\n|upkeep\n|\n|t:|1772666925\n|switch|p1a: Hatterene|Hatterene, L50, F|100/100\n|switch|p1b: Palkia|Palkia, L50, shiny|100/100\n|-ability|p1b: Palkia|Pressure\n|turn|5\n|\n|t:|1772666942\n|switch|p2a: Amoonguss|Amoonguss, L50, M|100/100\n|move|p2b: Zamazenta|Protect|p2b: Zamazenta\n|-singleturn|p2b: Zamazenta|Protect\n|move|p1a: Hatterene|Dazzling Gleam|p2a: Amoonguss|[spread] p2a\n|-activate|p2b: Zamazenta|move: Protect\n|-resisted|p2a: Amoonguss\n|-damage|p2a: Amoonguss|86/100\n|move|p1b: Palkia|Flamethrower|p2a: Amoonguss\n|-supereffective|p2a: Amoonguss\n|-damage|p2a: Amoonguss|23/100\n|\n|-fieldend|move: Trick Room\n|upkeep\n|turn|6\n|\n|t:|1772666963\n|move|p2b: Zamazenta|Heavy Slam|p1a: Hatterene\n|-supereffective|p1a: Hatterene\n|-enditem|p1a: Hatterene|Focus Sash\n|-damage|p1a: Hatterene|1/100\n|move|p1b: Palkia|Flamethrower|p2a: Amoonguss\n|-supereffective|p2a: Amoonguss\n|-damage|p2a: Amoonguss|0 fnt\n|faint|p2a: Amoonguss\n|move|p1a: Hatterene|Trick Room|p1a: Hatterene\n|-fieldstart|move: Trick Room|[of] p1a: Hatterene\n|\n|upkeep\n|\n|t:|1772666967\n|switch|p2a: Chien-Pao|Chien-Pao, L50|66/100\n|-ability|p2a: Chien-Pao|Sword of Ruin\n|turn|7\n|inactive|DarthShuckle has 30 seconds left.\n|\n|t:|1772666996\n|move|p2b: Zamazenta|Protect|p2b: Zamazenta\n|-singleturn|p2b: Zamazenta|Protect\n|move|p2a: Chien-Pao|Ice Shard|p1a: Hatterene\n|-damage|p1a: Hatterene|0 fnt\n|faint|p1a: Hatterene\n|move|p1b: Palkia|Flamethrower|p2a: Chien-Pao\n|-supereffective|p2a: Chien-Pao\n|-damage|p2a: Chien-Pao|5/100\n|\n|upkeep\n|turn|8\n|\n|t:|1772667012\n|move|p1b: Palkia|Flamethrower|p2b: Zamazenta\n|-supereffective|p2b: Zamazenta\n|-damage|p2b: Zamazenta|0 fnt\n|faint|p2b: Zamazenta\n|move|p2a: Chien-Pao|Ice Spinner|p1b: Palkia\n|-crit|p1b: Palkia\n|-damage|p1b: Palkia|45/100\n|\n|upkeep\n|\n|t:|1772667014\n|switch|p2b: Calyrex|Calyrex-Shadow, L50|100/100\n|-ability|p2b: Calyrex|As One\n|-ability|p2b: Calyrex|Unnerve\n|turn|9\n|\n|t:|1772667025\n|-terastallize|p2b: Calyrex|Ghost\n|move|p2a: Chien-Pao|Sucker Punch|p1b: Palkia\n|-damage|p1b: Palkia|14/100\n|move|p1b: Palkia|Spacial Rend|p2b: Calyrex\n|-crit|p2b: Calyrex\n|-enditem|p2b: Calyrex|Focus Sash\n|-damage|p2b: Calyrex|1/100\n|move|p2b: Calyrex|Astral Barrage|p1b: Palkia\n|-damage|p1b: Palkia|0 fnt\n|faint|p1b: Palkia\n|\n|win|Capitan taquito\n|raw|DarthShuckle's rating: 1296 &rarr; <strong>1284</strong><br />(-12 for losing)\n|raw|Capitan taquito's rating: 1502 &rarr; <strong>1511</strong><br />(+9 for winning)\n|l|\u2606DarthShuckle\n|player|p1|\n|l|\u2606Capitan taquito\n|player|p2|\n","uploadtime":1772667241,"views":14,"formatid":"gen9vgc2026regi","rating":1284,"private":0,"password":null}