{"id":"gen9vgc2026regi-2560473541","format":"[Gen 9] VGC 2026 Reg I","players":["delybird","itastelikeiron"],"log":"|j|\u2606delybird\n|j|\u2606itastelikeiron\n|t:|1773690506\n|gametype|doubles\n|player|p1|delybird|blue-masters|1223\n|player|p2|itastelikeiron|1|1253\n|gen|9\n|tier|[Gen 9] VGC 2026 Reg I\n|rated|\n|rule|Species Clause: Limit one of each Pok\u00e9mon\n|rule|Item Clause: Limit 1 of each item\n|clearpoke\n|poke|p1|Brute Bonnet, L50|\n|poke|p1|Lunala, L50|\n|poke|p1|Ursaluna, L50, M|\n|poke|p1|Chi-Yu, L50|\n|poke|p1|Koraidon, L50|\n|poke|p1|Flutter Mane, L50|\n|poke|p2|Tsareena, L50, F|\n|poke|p2|Kyogre, L50|\n|poke|p2|Grimmsnarl, L50, M|\n|poke|p2|Tornadus, L50, M|\n|poke|p2|Incineroar, L50, F|\n|poke|p2|Zacian-*, L50|\n|teampreview|4\n|\n|t:|1773690536\n|teamsize|p1|4\n|teamsize|p2|4\n|start\n|switch|p1a: Lunala|Lunala, L50|100/100\n|switch|p1b: Brute Bonnet|Brute Bonnet, L50|100/100\n|switch|p2a: Zacian|Zacian-Crowned, L50|100/100\n|switch|p2b: Incineroar|Incineroar, L50, F|100/100\n|-ability|p2a: Zacian|Intrepid Sword|boost\n|-boost|p2a: Zacian|atk|1\n|-ability|p2b: Incineroar|Intimidate|boost\n|-unboost|p1a: Lunala|atk|1\n|-unboost|p1b: Brute Bonnet|atk|1\n|turn|1\n|\n|t:|1773690548\n|-terastallize|p1a: Lunala|Water\n|move|p2a: Zacian|Behemoth Blade|p1a: Lunala\n|-resisted|p1a: Lunala\n|-damage|p1a: Lunala|86/100\n|move|p2b: Incineroar|Knock Off|p1a: Lunala\n|-damage|p1a: Lunala|57/100\n|-enditem|p1a: Lunala|Power Herb|[from] move: Knock Off|[of] p2b: Incineroar\n|move|p1b: Brute Bonnet|Spore|p2a: Zacian\n|-status|p2a: Zacian|slp|[from] move: Spore\n|move|p1a: Lunala|Trick Room|p1a: Lunala\n|-fieldstart|move: Trick Room|[of] p1a: Lunala\n|\n|upkeep\n|turn|2\n|\n|t:|1773690569\n|move|p1b: Brute Bonnet|Spore|p2b: Incineroar\n|-status|p2b: Incineroar|slp|[from] move: Spore\n|cant|p2b: Incineroar|slp\n|move|p1a: Lunala|Moongeist Beam|p2a: Zacian\n|-damage|p2a: Zacian|50/100 slp\n|cant|p2a: Zacian|slp\n|\n|upkeep\n|turn|3\n|\n|t:|1773690579\n|-end|p1b: Brute Bonnet|Protosynthesis|[silent]\n|switch|p1b: Ursaluna|Ursaluna, L50, M|100/100\n|switch|p2a: Grimmsnarl|Grimmsnarl, L50, M|100/100\n|cant|p2b: Incineroar|slp\n|move|p1a: Lunala|Moongeist Beam|p2a: Grimmsnarl\n|-resisted|p2a: Grimmsnarl\n|-damage|p2a: Grimmsnarl|78/100\n|\n|-status|p1b: Ursaluna|brn|[from] item: Flame Orb\n|upkeep\n|turn|4\n|\n|t:|1773690590\n|move|p1a: Lunala|Wide Guard|p1a: Lunala\n|-singleturn|p1a: Lunala|Wide Guard\n|move|p2a: Grimmsnarl|Reflect|p2a: Grimmsnarl\n|-sidestart|p2: itastelikeiron|Reflect\n|move|p1b: Ursaluna|Earthquake|p2b: Incineroar|[spread] p2a,p2b\n|-activate|p1a: Lunala|move: Wide Guard\n|-supereffective|p2b: Incineroar\n|-damage|p2a: Grimmsnarl|30/100\n|-damage|p2b: Incineroar|18/100 slp\n|-curestatus|p2b: Incineroar|slp|[msg]\n|move|p2b: Incineroar|Knock Off|p1b: Ursaluna\n|-damage|p1b: Ursaluna|72/100 brn\n|-enditem|p1b: Ursaluna|Flame Orb|[from] move: Knock Off|[of] p2b: Incineroar\n|\n|-damage|p1b: Ursaluna|66/100 brn|[from] brn\n|upkeep\n|turn|5\n|\n|t:|1773690606\n|move|p1a: Lunala|Wide Guard|p1a: Lunala\n|-singleturn|p1a: Lunala|Wide Guard\n|move|p2a: Grimmsnarl|Thunder Wave|p1a: Lunala\n|-status|p1a: Lunala|par\n|move|p1b: Ursaluna|Earthquake|p2a: Grimmsnarl|[spread] p2a,p2b\n|-activate|p1a: Lunala|move: Wide Guard\n|-supereffective|p2b: Incineroar\n|-damage|p2a: Grimmsnarl|0 fnt\n|-damage|p2b: Incineroar|0 fnt\n|faint|p2a: Grimmsnarl\n|faint|p2b: Incineroar\n|\n|-damage|p1b: Ursaluna|60/100 brn|[from] brn\n|-fieldend|move: Trick Room\n|upkeep\n|\n|t:|1773690612\n|switch|p2b: Zacian|Zacian-Crowned, L50|50/100 slp\n|switch|p2a: Kyogre|Kyogre, L50|100/100\n|-weather|RainDance|[from] ability: Drizzle|[of] p2a: Kyogre\n|turn|6\n|\n|t:|1773690621\n|switch|p1b: Koraidon|Koraidon, L50|100/100\n|-weather|SunnyDay|[from] ability: Orichalcum Pulse|[of] p1b: Koraidon\n|-activate|p1b: Koraidon|Orichalcum Pulse|[source]\n|-terastallize|p2a: Kyogre|Water\n|move|p2a: Kyogre|Tera Blast|p1b: Koraidon|[anim] Tera Blast Water\n|-resisted|p1b: Koraidon\n|-damage|p1b: Koraidon|86/100\n|-curestatus|p2b: Zacian|slp|[msg]\n|move|p2b: Zacian|Play Rough|p1a: Lunala\n|-damage|p1a: Lunala|19/100 par\n|move|p1a: Lunala|Moongeist Beam|p2b: Zacian\n|-damage|p2b: Zacian|0 fnt\n|faint|p2b: Zacian\n|\n|-weather|SunnyDay|[upkeep]\n|upkeep\n|turn|7\n|-message|itastelikeiron forfeited.\n|\n|win|delybird\n|raw|delybird's rating: 1223 &rarr; <strong>1250</strong><br />(+27 for winning)\n|raw|itastelikeiron's rating: 1253 &rarr; <strong>1226</strong><br />(-27 for losing)\n|l|\u2606itastelikeiron\n|player|p2|\n","uploadtime":1773690636,"views":42,"formatid":"gen9vgc2026regi","rating":1226,"private":0,"password":null}