{"id":"gen9vgc2026regi-2536767005","format":"[Gen 9] VGC 2026 Reg I","players":["togahasakikotoga","kojimuranishi"],"log":"|j|\u2606togahasakikotoga\n|j|\u2606kojimuranishi\n|t:|1770734924\n|gametype|doubles\n|player|p1|togahasakikotoga|caitlin|1373\n|player|p2|kojimuranishi|101|1536\n|gen|9\n|tier|[Gen 9] VGC 2026 Reg I\n|rated|\n|rule|Species Clause: Limit one of each Pok\u00e9mon\n|rule|Item Clause: Limit 1 of each item\n|clearpoke\n|poke|p1|Calyrex-Shadow, L50|\n|poke|p1|Flamigo, L50, F|\n|poke|p1|Smeargle, L50, F|\n|poke|p1|Muk-Alola, L50, F|\n|poke|p1|Miraidon, L50|\n|poke|p1|Volcarona, L50, F|\n|poke|p2|Whimsicott, L50, M|\n|poke|p2|Chi-Yu, L50|\n|poke|p2|Calyrex-Ice, L50|\n|poke|p2|Miraidon, L50|\n|poke|p2|Ursaluna, L50, M|\n|poke|p2|Torkoal, L50, M|\n|teampreview|4\n|inactive|Battle timer is ON: inactive players will automatically lose when time's up. (requested by togahasakikotoga)\n|inactive|kojimuranishi has 60 seconds left.\n|\n|t:|1770734958\n|teamsize|p1|4\n|teamsize|p2|4\n|start\n|switch|p1a: Smeargle|Smeargle, L50, F, shiny|100/100\n|switch|p1b: Muk|Muk-Alola, L50, F, shiny|100/100\n|switch|p2a: Miraidon|Miraidon, L50|100/100\n|switch|p2b: Chi-Yu|Chi-Yu, L50|100/100\n|-fieldstart|move: Electric Terrain|[from] ability: Hadron Engine|[of] p2a: Miraidon\n|-ability|p2b: Chi-Yu|Beads of Ruin\n|turn|1\n|inactive|togahasakikotoga has 30 seconds left.\n|inactive|kojimuranishi has 30 seconds left.\n|inactive|kojimuranishi has 20 seconds left.\n|inactive|kojimuranishi has 15 seconds left.\n|inactive|togahasakikotoga has 20 seconds left.\n|inactive|kojimuranishi has 10 seconds left.\n|inactive|togahasakikotoga has 15 seconds left.\n|\n|t:|1770735009\n|-terastallize|p1b: Muk|Water\n|move|p1a: Smeargle|Fake Out|p2a: Miraidon\n|-damage|p2a: Miraidon|95/100\n|cant|p2a: Miraidon|flinch\n|move|p2b: Chi-Yu|Heat Wave|p1b: Muk|[spread] p1a,p1b\n|-resisted|p1b: Muk\n|-enditem|p1a: Smeargle|Focus Sash\n|-damage|p1a: Smeargle|1/100\n|-damage|p1b: Muk|67/100\n|-status|p1b: Muk|brn\n|move|p1b: Muk|Minimize|p1b: Muk\n|-boost|p1b: Muk|evasion|2\n|\n|-heal|p1b: Muk|74/100 brn|[from] item: Leftovers\n|-damage|p1b: Muk|67/100 brn|[from] brn\n|-ability|p1a: Smeargle|Moody|boost\n|-boost|p1a: Smeargle|spa|2\n|-unboost|p1a: Smeargle|def|1\n|upkeep\n|turn|2\n|inactive|kojimuranishi has 30 seconds left.\n|inactive|kojimuranishi has 20 seconds left.\n|\n|t:|1770735047\n|switch|p2b: Whimsicott|Whimsicott, L50, M|100/100\n|move|p1a: Smeargle|Follow Me|p1a: Smeargle\n|-singleturn|p1a: Smeargle|move: Follow Me\n|move|p2a: Miraidon|Electro Drift|p1a: Smeargle\n|-damage|p1a: Smeargle|0 fnt\n|faint|p1a: Smeargle\n|-ability|p1b: Muk|Moody|Power of Alchemy|[from] ability: Power of Alchemy|[of] p1a: Smeargle\n|move|p1b: Muk|Minimize|p1b: Muk\n|-boost|p1b: Muk|evasion|2\n|\n|-heal|p1b: Muk|74/100 brn|[from] item: Leftovers\n|-damage|p1b: Muk|67/100 brn|[from] brn\n|-ability|p1b: Muk|Moody|boost\n|-boost|p1b: Muk|spe|2\n|-unboost|p1b: Muk|def|1\n|upkeep\n|\n|t:|1770735063\n|switch|p1a: Flamigo|Flamigo, L50, F, shiny|100/100\n|-copyboost|p1a: Flamigo|p1b: Muk|[from] ability: Costar\n|-enditem|p1a: Flamigo|White Herb\n|-clearnegativeboost|p1a: Flamigo|[silent]\n|turn|3\n|\n|t:|1770735074\n|move|p1b: Muk|Protect|p1b: Muk\n|-singleturn|p1b: Muk|Protect\n|move|p2b: Whimsicott|Encore|p1b: Muk\n|-activate|p1b: Muk|move: Protect\n|move|p2a: Miraidon|Electro Drift|p1a: Flamigo|[miss]\n|-miss|p2a: Miraidon|p1a: Flamigo\n|move|p1a: Flamigo|Acrobatics|p2b: Whimsicott\n|-supereffective|p2b: Whimsicott\n|-enditem|p2b: Whimsicott|Focus Sash\n|-damage|p2b: Whimsicott|1/100\n|\n|-heal|p1b: Muk|74/100 brn|[from] item: Leftovers\n|-damage|p1b: Muk|67/100 brn|[from] brn\n|-ability|p1b: Muk|Moody|boost\n|-boost|p1b: Muk|atk|2\n|-unboost|p1b: Muk|spd|1\n|upkeep\n|turn|4\n|\n|t:|1770735096\n|move|p2b: Whimsicott|Encore|p1b: Muk|[miss]\n|-miss|p2b: Whimsicott|p1b: Muk\n|move|p2a: Miraidon|Electro Drift|p1a: Flamigo|[miss]\n|-miss|p2a: Miraidon|p1a: Flamigo\n|move|p1a: Flamigo|Substitute|p1a: Flamigo\n|-start|p1a: Flamigo|Substitute\n|-damage|p1a: Flamigo|76/100\n|move|p1b: Muk|Minimize|p1b: Muk\n|-boost|p1b: Muk|evasion|2\n|\n|-heal|p1b: Muk|74/100 brn|[from] item: Leftovers\n|-damage|p1b: Muk|67/100 brn|[from] brn\n|-ability|p1b: Muk|Moody|boost\n|-boost|p1b: Muk|spa|2\n|-unboost|p1b: Muk|spe|1\n|upkeep\n|turn|5\n|inactive|kojimuranishi has 30 seconds left.\n|inactive|togahasakikotoga has 30 seconds left.\n|\n|t:|1770735134\n|move|p1b: Muk|Protect|p1b: Muk\n|-singleturn|p1b: Muk|Protect\n|move|p2b: Whimsicott|Tailwind|p2b: Whimsicott\n|-sidestart|p2: kojimuranishi|move: Tailwind\n|move|p2a: Miraidon|Electro Drift|p1b: Muk\n|-activate|p1b: Muk|move: Protect\n|move|p1a: Flamigo|Acrobatics|p2b: Whimsicott\n|-supereffective|p2b: Whimsicott\n|-damage|p2b: Whimsicott|0 fnt\n|faint|p2b: Whimsicott\n|\n|-heal|p1b: Muk|74/100 brn|[from] item: Leftovers\n|-damage|p1b: Muk|67/100 brn|[from] brn\n|-fieldend|move: Electric Terrain\n|-ability|p1b: Muk|Moody|boost\n|-boost|p1b: Muk|def|2\n|-unboost|p1b: Muk|spa|1\n|upkeep\n|\n|t:|1770735153\n|switch|p2b: Calyrex|Calyrex-Ice, L50|100/100\n|-ability|p2b: Calyrex|As One\n|-ability|p2b: Calyrex|Unnerve\n|turn|6\n|\n|t:|1770735168\n|move|p2a: Miraidon|Electro Drift|p1a: Flamigo\n|-supereffective|p1a: Flamigo\n|-end|p1a: Flamigo|Substitute\n|move|p1a: Flamigo|Close Combat|p2a: Miraidon\n|-damage|p2a: Miraidon|40/100\n|-unboost|p1a: Flamigo|def|1\n|-unboost|p1a: Flamigo|spd|1\n|move|p2b: Calyrex|Glacial Lance|p1b: Muk|[spread] \n|-miss|p2b: Calyrex|p1a: Flamigo\n|-miss|p2b: Calyrex|p1b: Muk\n|move|p1b: Muk|Poison Gas|p2a: Miraidon|[spread] p2a,p2b\n|-status|p2a: Miraidon|psn\n|-status|p2b: Calyrex|psn\n|\n|-heal|p1b: Muk|74/100 brn|[from] item: Leftovers\n|-damage|p2a: Miraidon|28/100 psn|[from] psn\n|-damage|p2b: Calyrex|88/100 psn|[from] psn\n|-damage|p1b: Muk|67/100 brn|[from] brn\n|-ability|p1b: Muk|Moody|boost\n|-boost|p1b: Muk|spe|2\n|-unboost|p1b: Muk|spd|1\n|upkeep\n|turn|7\n|j| ydtisursjv\n|inactive|togahasakikotoga has 30 seconds left.\n|\n|t:|1770735194\n|move|p1a: Flamigo|Wide Guard|p1a: Flamigo\n|-singleturn|p1a: Flamigo|Wide Guard\n|move|p2a: Miraidon|Electro Drift|p1a: Flamigo|[miss]\n|-miss|p2a: Miraidon|p1a: Flamigo\n|move|p2b: Calyrex|Glacial Lance|p1a: Flamigo|[spread] \n|-activate|p1a: Flamigo|move: Wide Guard\n|-activate|p1b: Muk|move: Wide Guard\n|move|p1b: Muk|Knock Off|p2b: Calyrex\n|-supereffective|p2b: Calyrex\n|-damage|p2b: Calyrex|39/100 psn\n|-enditem|p2b: Calyrex|Choice Band|[from] move: Knock Off|[of] p1b: Muk\n|\n|-heal|p1b: Muk|74/100 brn|[from] item: Leftovers\n|-damage|p2a: Miraidon|15/100 psn|[from] psn\n|-damage|p2b: Calyrex|26/100 psn|[from] psn\n|-damage|p1b: Muk|67/100 brn|[from] brn\n|-ability|p1b: Muk|Moody|boost\n|-boost|p1b: Muk|spd|2\n|-unboost|p1b: Muk|spe|1\n|upkeep\n|turn|8\n|-message|kojimuranishi forfeited.\n|\n|win|togahasakikotoga\n|raw|togahasakikotoga's rating: 1373 &rarr; <strong>1402</strong><br />(+29 for winning)\n|raw|kojimuranishi's rating: 1536 &rarr; <strong>1507</strong><br />(-29 for losing)\n|l|\u2606kojimuranishi\n|player|p2|\n|l|\u2606togahasakikotoga\n|player|p1|\n","uploadtime":1770735466,"views":14,"formatid":"gen9vgc2026regi","rating":1402,"private":0,"password":null}