{"id":"gen9vgc2026regi-2560001898","format":"[Gen 9] VGC 2026 Reg I","players":["TopVelocity","wasaad5"],"log":"|j|\u2606TopVelocity\n|j|\u2606wasaad5\n|t:|1773634220\n|gametype|doubles\n|player|p1|TopVelocity|candice|1292\n|player|p2|wasaad5|blue|1229\n|gen|9\n|tier|[Gen 9] VGC 2026 Reg I\n|rated|\n|rule|Species Clause: Limit one of each Pok\u00e9mon\n|rule|Item Clause: Limit 1 of each item\n|clearpoke\n|poke|p1|Calyrex-Ice, L50|\n|poke|p1|Miraidon, L50|\n|poke|p1|Grimmsnarl, L50, M|\n|poke|p1|Urshifu-*, L50, F|\n|poke|p1|Incineroar, L50, M|\n|poke|p1|Landorus, L50, M|\n|poke|p2|Kyurem-White, L50|\n|poke|p2|Zacian-*, L50|\n|poke|p2|Sableye, L50, M|\n|poke|p2|Urshifu-*, L50, M|\n|poke|p2|Amoonguss, L50, M|\n|poke|p2|Incineroar, L50, M|\n|teampreview|4\n|inactive|Battle timer is ON: inactive players will automatically lose when time's up. (requested by TopVelocity)\n|inactive|TopVelocity has 60 seconds left.\n|inactive|wasaad5 has 60 seconds left.\n|\n|t:|1773634263\n|teamsize|p1|4\n|teamsize|p2|4\n|start\n|switch|p1a: Urshifu|Urshifu-Rapid-Strike, L50, F|100/100\n|switch|p1b: Grimmsnarl|Grimmsnarl, L50, M|100/100\n|switch|p2a: Zacian|Zacian-Crowned, L50|100/100\n|switch|p2b: Kyurem|Kyurem-White, L50, shiny|100/100\n|-ability|p2a: Zacian|Intrepid Sword|boost\n|-boost|p2a: Zacian|atk|1\n|-ability|p2b: Kyurem|Turboblaze\n|turn|1\n|inactive|TopVelocity has 30 seconds left.\n|\n|t:|1773634289\n|switch|p2a: Urshifu|Urshifu-Rapid-Strike, L50, M|100/100\n|move|p1b: Grimmsnarl|Thunder Wave|p2a: Urshifu\n|-status|p2a: Urshifu|par\n|move|p2b: Kyurem|Freeze-Dry|p1a: Urshifu\n|-supereffective|p1a: Urshifu\n|-damage|p1a: Urshifu|7/100\n|move|p1a: Urshifu|Surging Strikes|p2a: Urshifu\n|-resisted|p2a: Urshifu\n|-crit|p2a: Urshifu\n|-damage|p2a: Urshifu|83/100 par\n|-resisted|p2a: Urshifu\n|-crit|p2a: Urshifu\n|-damage|p2a: Urshifu|67/100 par\n|-resisted|p2a: Urshifu\n|-crit|p2a: Urshifu\n|-damage|p2a: Urshifu|52/100 par\n|-hitcount|p2a: Urshifu|3\n|\n|upkeep\n|turn|2\n|inactive|TopVelocity has 30 seconds left.\n|inactive|wasaad5 has 30 seconds left.\n|\n|t:|1773634316\n|switch|p1a: Calyrex|Calyrex-Ice, L50|100/100\n|-ability|p1a: Calyrex|As One\n|-ability|p1a: Calyrex|Unnerve\n|move|p2a: Urshifu|Aqua Jet|p1a: Calyrex\n|-damage|p1a: Calyrex|86/100\n|move|p1b: Grimmsnarl|Reflect|p1b: Grimmsnarl\n|-sidestart|p1: TopVelocity|Reflect\n|move|p2b: Kyurem|Fusion Flare|p1a: Calyrex\n|-supereffective|p1a: Calyrex\n|-damage|p1a: Calyrex|35/100\n|\n|-heal|p1a: Calyrex|41/100|[from] item: Leftovers\n|upkeep\n|turn|3\n|\n|t:|1773634336\n|move|p1a: Calyrex|Protect|p1a: Calyrex\n|-singleturn|p1a: Calyrex|Protect\n|move|p2a: Urshifu|Aqua Jet|p1a: Calyrex\n|-damage|p1a: Calyrex|31/100\n|move|p1b: Grimmsnarl|Light Screen|p1b: Grimmsnarl\n|-sidestart|p1: TopVelocity|move: Light Screen\n|move|p2b: Kyurem|Fusion Flare|p1a: Calyrex\n|-activate|p1a: Calyrex|move: Protect\n|\n|-heal|p1a: Calyrex|37/100|[from] item: Leftovers\n|upkeep\n|turn|4\n|\n|t:|1773634356\n|switch|p2a: Incineroar|Incineroar, L50, M|100/100\n|-ability|p2a: Incineroar|Intimidate|boost\n|-unboost|p1a: Calyrex|atk|1\n|-unboost|p1b: Grimmsnarl|atk|1\n|-terastallize|p1a: Calyrex|Water\n|move|p1b: Grimmsnarl|Thunder Wave|p2b: Kyurem\n|-status|p2b: Kyurem|par\n|move|p2b: Kyurem|Freeze-Dry|p1a: Calyrex\n|-supereffective|p1a: Calyrex\n|-damage|p1a: Calyrex|0 fnt\n|faint|p1a: Calyrex\n|\n|upkeep\n|\n|t:|1773634372\n|switch|p1a: Miraidon|Miraidon, L50|100/100\n|-fieldstart|move: Electric Terrain|[from] ability: Hadron Engine|[of] p1a: Miraidon\n|turn|5\n|\n|t:|1773634385\n|move|p2a: Incineroar|Fake Out|p1a: Miraidon\n|-damage|p1a: Miraidon|94/100\n|cant|p1a: Miraidon|flinch\n|move|p1b: Grimmsnarl|Spirit Break|p2b: Kyurem\n|-supereffective|p2b: Kyurem\n|-damage|p2b: Kyurem|67/100 par\n|-unboost|p2b: Kyurem|spa|1\n|move|p2b: Kyurem|Blizzard|p1b: Grimmsnarl|[spread] p1a,p1b\n|-supereffective|p1a: Miraidon\n|-damage|p1a: Miraidon|64/100\n|-damage|p1b: Grimmsnarl|81/100\n|\n|upkeep\n|turn|6\n|\n|t:|1773634407\n|move|p1a: Miraidon|Electro Drift|p2a: Incineroar\n|-damage|p2a: Incineroar|0 fnt\n|faint|p2a: Incineroar\n|move|p1b: Grimmsnarl|Spirit Break|p2b: Kyurem\n|-supereffective|p2b: Kyurem\n|-damage|p2b: Kyurem|33/100 par\n|-unboost|p2b: Kyurem|spa|1\n|move|p2b: Kyurem|Earth Power|p1a: Miraidon\n|-supereffective|p1a: Miraidon\n|-damage|p1a: Miraidon|45/100\n|\n|upkeep\n|\n|t:|1773634412\n|switch|p2a: Zacian|Zacian-Crowned, L50|100/100\n|turn|7\n|\n|t:|1773634422\n|-terastallize|p2a: Zacian|Ground\n|move|p1b: Grimmsnarl|Thunder Wave|p2a: Zacian\n|-immune|p2a: Zacian\n|move|p2a: Zacian|Tera Blast|p1a: Miraidon|[anim] Tera Blast Ground\n|-supereffective|p1a: Miraidon\n|-damage|p1a: Miraidon|0 fnt\n|faint|p1a: Miraidon\n|move|p2b: Kyurem|Freeze-Dry|p1b: Grimmsnarl\n|-crit|p1b: Grimmsnarl\n|-damage|p1b: Grimmsnarl|25/100\n|\n|upkeep\n|\n|t:|1773634433\n|switch|p1a: Urshifu|Urshifu-Rapid-Strike, L50, F|7/100\n|turn|8\n|\n|t:|1773634448\n|move|p2a: Zacian|Behemoth Blade|p1a: Urshifu\n|-resisted|p1a: Urshifu\n|-damage|p1a: Urshifu|0 fnt\n|faint|p1a: Urshifu\n|move|p1b: Grimmsnarl|Spirit Break|p2b: Kyurem\n|-supereffective|p2b: Kyurem\n|-damage|p2b: Kyurem|1/100 par\n|-unboost|p2b: Kyurem|spa|1\n|move|p2b: Kyurem|Freeze-Dry|p1b: Grimmsnarl\n|-damage|p1b: Grimmsnarl|14/100\n|\n|upkeep\n|turn|9\n|-message|TopVelocity forfeited.\n|\n|win|wasaad5\n|raw|TopVelocity's rating: 1292 &rarr; <strong>1263</strong><br />(-29 for losing)\n|raw|wasaad5's rating: 1229 &rarr; <strong>1258</strong><br />(+29 for winning)\n|l|\u2606TopVelocity\n|player|p1|\n|l|\u2606wasaad5\n|player|p2|\n","uploadtime":1773634710,"views":10,"formatid":"gen9vgc2026regi","rating":1258,"private":0,"password":null}