{"id":"gen9vgc2026regi-2579673246","format":"[Gen 9] VGC 2026 Reg I","players":["don juan dozo","dpsicieu"],"log":"|j|\u2606don juan dozo\n|j|\u2606dpsicieu\n|t:|1775814651\n|gametype|doubles\n|player|p1|don juan dozo|170|1621\n|player|p2|dpsicieu|1|1627\n|gen|9\n|tier|[Gen 9] VGC 2026 Reg I\n|rated|\n|rule|Species Clause: Limit one of each Pok\u00e9mon\n|rule|Item Clause: Limit 1 of each item\n|clearpoke\n|poke|p1|Calyrex-Shadow, L50|\n|poke|p1|Zamazenta-*, L50|\n|poke|p1|Ting-Lu, L50|\n|poke|p1|Dondozo, L50, F|\n|poke|p1|Chien-Pao, L50|\n|poke|p1|Ogerpon-Hearthflame, L50, F|\n|poke|p2|Calyrex-Ice, L50|\n|poke|p2|Miraidon, L50|\n|poke|p2|Iron Hands, L50|\n|poke|p2|Farigiraf, L50, F|\n|poke|p2|Torkoal, L50, F|\n|poke|p2|Smeargle, L50, M|\n|teampreview|4\n|inactive|Battle timer is ON: inactive players will automatically lose when time's up. (requested by dpsicieu)\n|\n|t:|1775814676\n|teamsize|p1|4\n|teamsize|p2|4\n|start\n|switch|p1a: 221 speed|Calyrex-Shadow, L50|100/100\n|switch|p1b: Chromakopia|Ogerpon-Hearthflame, L50, F|100/100\n|switch|p2a: Calyrex|Calyrex-Ice, L50|100/100\n|switch|p2b: Smeargle|Smeargle, L50, M|100/100\n|-ability|p1a: 221 speed|As One\n|-ability|p1a: 221 speed|Unnerve\n|-ability|p2a: Calyrex|As One\n|-ability|p2a: Calyrex|Unnerve\n|-ability|p1b: Chromakopia|Mold Breaker\n|turn|1\n|\n|t:|1775814691\n|-terastallize|p2a: Calyrex|Ground\n|move|p1a: 221 speed|Psychic|p2b: Smeargle\n|-crit|p2b: Smeargle\n|-enditem|p2b: Smeargle|Focus Sash\n|-damage|p2b: Smeargle|1/100\n|move|p1b: Chromakopia|Ivy Cudgel|p2b: Smeargle|[anim] Ivy Cudgel Fire\n|-damage|p2b: Smeargle|0 fnt\n|faint|p2b: Smeargle\n|move|p2a: Calyrex|Trick Room|p2a: Calyrex\n|-fieldstart|move: Trick Room|[of] p2a: Calyrex\n|\n|upkeep\n|\n|t:|1775814700\n|switch|p2b: Iron Hands|Iron Hands, L50|100/100\n|turn|2\n|\n|t:|1775814716\n|switch|p1a: Magnus Carlsen|Zamazenta-Crowned, L50|100/100\n|-ability|p1a: Magnus Carlsen|Dauntless Shield|boost\n|-boost|p1a: Magnus Carlsen|def|1\n|move|p1b: Chromakopia|Spiky Shield|p1b: Chromakopia\n|-singleturn|p1b: Chromakopia|move: Protect\n|move|p2b: Iron Hands|Drain Punch|p1b: Chromakopia\n|-activate|p1b: Chromakopia|move: Protect\n|-damage|p2b: Iron Hands|88/100|[from] Spiky Shield|[of] p1b: Chromakopia\n|move|p2a: Calyrex|Glacial Lance|p1a: Magnus Carlsen|[spread] p1a\n|-activate|p1b: Chromakopia|move: Protect\n|-resisted|p1a: Magnus Carlsen\n|-damage|p1a: Magnus Carlsen|89/100\n|\n|upkeep\n|turn|3\n|\n|t:|1775814727\n|switch|p1b: Jordan 96/97|Ting-Lu, L50|100/100\n|-ability|p1b: Jordan 96/97|Vessel of Ruin\n|move|p1a: Magnus Carlsen|Wide Guard|p1a: Magnus Carlsen\n|-singleturn|p1a: Magnus Carlsen|Wide Guard\n|move|p2b: Iron Hands|Drain Punch|p1b: Jordan 96/97\n|-supereffective|p1b: Jordan 96/97\n|-damage|p1b: Jordan 96/97|52/100\n|-heal|p2b: Iron Hands|100/100|[from] drain|[of] p1b: Jordan 96/97\n|-damage|p2b: Iron Hands|84/100|[from] item: Rocky Helmet|[of] p1b: Jordan 96/97\n|move|p2a: Calyrex|High Horsepower|p1b: Jordan 96/97\n|-damage|p1b: Jordan 96/97|19/100\n|-damage|p2a: Calyrex|84/100|[from] item: Rocky Helmet|[of] p1b: Jordan 96/97\n|\n|upkeep\n|turn|4\n|\n|t:|1775814750\n|move|p1a: Magnus Carlsen|Wide Guard|p1a: Magnus Carlsen\n|-singleturn|p1a: Magnus Carlsen|Wide Guard\n|move|p1b: Jordan 96/97|Ruination|p2b: Iron Hands\n|-damage|p2b: Iron Hands|42/100\n|move|p2a: Calyrex|High Horsepower|p1b: Jordan 96/97\n|-damage|p1b: Jordan 96/97|0 fnt\n|-damage|p2a: Calyrex|68/100|[from] item: Rocky Helmet|[of] p1b: Jordan 96/97\n|faint|p1b: Jordan 96/97\n|-ability|p2a: Calyrex|Chilling Neigh|boost\n|-boost|p2a: Calyrex|atk|1\n|move|p2b: Iron Hands|Low Kick|p1a: Magnus Carlsen\n|-supereffective|p1a: Magnus Carlsen\n|-damage|p1a: Magnus Carlsen|32/100\n|\n|upkeep\n|\n|t:|1775814755\n|switch|p1b: Chromakopia|Ogerpon-Hearthflame, L50, F|100/100\n|-ability|p1b: Chromakopia|Mold Breaker\n|turn|5\n|\n|t:|1775814758\n|-end|p2b: Iron Hands|Quark Drive|[silent]\n|switch|p2b: Miraidon|Miraidon, L50|100/100\n|-fieldstart|move: Electric Terrain|[from] ability: Hadron Engine|[of] p2b: Miraidon\n|move|p2a: Calyrex|Protect|p2a: Calyrex\n|-singleturn|p2a: Calyrex|Protect\n|move|p1b: Chromakopia|Spiky Shield|p1b: Chromakopia\n|-singleturn|p1b: Chromakopia|move: Protect\n|move|p1a: Magnus Carlsen|Protect||[still]\n|-fail|p1a: Magnus Carlsen\n|\n|-fieldend|move: Trick Room\n|upkeep\n|turn|6\n|\n|t:|1775814773\n|move|p2b: Miraidon|Draco Meteor|p1b: Chromakopia\n|-damage|p1b: Chromakopia|0 fnt\n|-unboost|p2b: Miraidon|spa|2\n|faint|p1b: Chromakopia\n|move|p1a: Magnus Carlsen|Body Press|p2b: Miraidon\n|-damage|p2b: Miraidon|36/100\n|move|p2a: Calyrex|High Horsepower|p1a: Magnus Carlsen\n|-supereffective|p1a: Magnus Carlsen\n|-damage|p1a: Magnus Carlsen|0 fnt\n|faint|p1a: Magnus Carlsen\n|-ability|p2a: Calyrex|Chilling Neigh|boost\n|-boost|p2a: Calyrex|atk|1\n|\n|upkeep\n|\n|t:|1775814795\n|switch|p1b: 221 speed|Calyrex-Shadow, L50|100/100\n|-ability|p1b: 221 speed|As One\n|-ability|p1b: 221 speed|Unnerve\n|turn|7\n|\n|t:|1775814799\n|switch|p2b: Iron Hands|Iron Hands, L50|42/100\n|-activate|p2b: Iron Hands|ability: Quark Drive\n|-start|p2b: Iron Hands|quarkdriveatk\n|-terastallize|p1b: 221 speed|Ghost\n|move|p1b: 221 speed|Astral Barrage|p2b: Iron Hands|[spread] p2a,p2b\n|-damage|p2a: Calyrex|18/100\n|-damage|p2b: Iron Hands|3/100\n|move|p2a: Calyrex|Glacial Lance|p1b: 221 speed\n|-enditem|p1b: 221 speed|Focus Sash\n|-damage|p1b: 221 speed|1/100\n|\n|upkeep\n|turn|8\n|\n|t:|1775814807\n|move|p2b: Iron Hands|Fake Out|p1b: 221 speed\n|-immune|p1b: 221 speed\n|move|p1b: 221 speed|Astral Barrage|p2b: Iron Hands|[spread] p2a,p2b\n|-damage|p2a: Calyrex|0 fnt\n|-damage|p2b: Iron Hands|0 fnt\n|faint|p2a: Calyrex\n|faint|p2b: Iron Hands\n|-end|p2b: Iron Hands|Quark Drive|[silent]\n|-ability|p1b: 221 speed|Grim Neigh|boost\n|-boost|p1b: 221 speed|spa|2\n|\n|upkeep\n|\n|t:|1775814810\n|switch|p2a: Miraidon|Miraidon, L50|36/100\n|-activate|p2a: Miraidon|ability: Hadron Engine\n|turn|9\n|\n|t:|1775814812\n|move|p2a: Miraidon|Electro Drift|p1b: 221 speed\n|-damage|p1b: 221 speed|0 fnt\n|faint|p1b: 221 speed\n|\n|win|dpsicieu\n|raw|don juan dozo's rating: 1621 &rarr; <strong>1601</strong><br />(-20 for losing)\n|raw|dpsicieu's rating: 1627 &rarr; <strong>1647</strong><br />(+20 for winning)\n|l|\u2606dpsicieu\n|player|p2|\n|l|\u2606don juan dozo\n|player|p1|\n","uploadtime":1775815010,"views":32,"formatid":"gen9vgc2026regi","rating":1601,"private":0,"password":null}