{"id":"gen9vgc2026regi-2547280735","format":"[Gen 9] VGC 2026 Reg I","players":["tktkkenzoku","SnarkyShane"],"log":"|j|\u2606tktkkenzoku\n|j|\u2606SnarkyShane\n|t:|1772065794\n|gametype|doubles\n|player|p1|tktkkenzoku|cynthia|1354\n|player|p2|SnarkyShane|gambler|1468\n|gen|9\n|tier|[Gen 9] VGC 2026 Reg I\n|rated|\n|rule|Species Clause: Limit one of each Pok\u00e9mon\n|rule|Item Clause: Limit 1 of each item\n|clearpoke\n|poke|p1|Calyrex-Shadow, L50|\n|poke|p1|Koraidon, L50|\n|poke|p1|Flutter Mane, L50|\n|poke|p1|Chi-Yu, L50|\n|poke|p1|Farigiraf, L50, M|\n|poke|p1|Grimmsnarl, L50, M|\n|poke|p2|Rayquaza, L50|\n|poke|p2|Calyrex-Shadow, L50|\n|poke|p2|Chien-Pao, L50|\n|poke|p2|Ting-Lu, L50|\n|poke|p2|Amoonguss, L50, F|\n|poke|p2|Avalugg-Hisui, L50, F|\n|teampreview|4\n|inactive|Battle timer is ON: inactive players will automatically lose when time's up. (requested by SnarkyShane)\n|inactive|SnarkyShane has 60 seconds left.\n|\n|t:|1772065836\n|teamsize|p1|4\n|teamsize|p2|4\n|start\n|switch|p1a: Flutter Mane|Flutter Mane, L50|100/100\n|switch|p1b: Calyrex|Calyrex-Shadow, L50|100/100\n|switch|p2a: Noodle Del Muerte|Rayquaza, L50|100/100\n|switch|p2b: Big Gulp|Ting-Lu, L50|100/100\n|-ability|p1b: Calyrex|As One\n|-ability|p1b: Calyrex|Unnerve\n|-ability|p2a: Noodle Del Muerte|Air Lock\n|-ability|p2b: Big Gulp|Vessel of Ruin\n|-enditem|p1a: Flutter Mane|Booster Energy\n|-activate|p1a: Flutter Mane|ability: Protosynthesis|[fromitem]\n|-start|p1a: Flutter Mane|protosynthesisspe\n|turn|1\n|inactive|tktkkenzoku has 30 seconds left.\n|\n|t:|1772065862\n|move|p2a: Noodle Del Muerte|Protect|p2a: Noodle Del Muerte\n|-singleturn|p2a: Noodle Del Muerte|Protect\n|move|p1a: Flutter Mane|Icy Wind|p2b: Big Gulp|[spread] p2b\n|-activate|p2a: Noodle Del Muerte|move: Protect\n|-supereffective|p2b: Big Gulp\n|-damage|p2b: Big Gulp|90/100\n|-unboost|p2b: Big Gulp|spe|1\n|move|p1b: Calyrex|Psyshock|p2a: Noodle Del Muerte\n|-activate|p2a: Noodle Del Muerte|move: Protect\n|move|p2b: Big Gulp|Heavy Slam|p1a: Flutter Mane\n|-supereffective|p1a: Flutter Mane\n|-damage|p1a: Flutter Mane|0 fnt\n|faint|p1a: Flutter Mane\n|-end|p1a: Flutter Mane|Protosynthesis|[silent]\n|\n|upkeep\n|\n|t:|1772065876\n|switch|p1a: Koraidon|Koraidon, L50|100/100\n|-weather|SunnyDay|[from] ability: Orichalcum Pulse|[of] p1a: Koraidon\n|-activate|p1a: Koraidon|Orichalcum Pulse|[source]\n|turn|2\n|\n|t:|1772065885\n|switch|p1a: Farigiraf|Farigiraf, L50, M|100/100\n|switch|p2b: FesterinEquestrian|Calyrex-Shadow, L50|100/100\n|-ability|p2b: FesterinEquestrian|As One\n|-ability|p2b: FesterinEquestrian|Unnerve\n|-terastallize|p1b: Calyrex|Ghost\n|move|p1b: Calyrex|Astral Barrage|p2a: Noodle Del Muerte|[spread] p2a,p2b\n|-supereffective|p2b: FesterinEquestrian\n|-damage|p2a: Noodle Del Muerte|35/100\n|-enditem|p2b: FesterinEquestrian|Focus Sash\n|-damage|p2b: FesterinEquestrian|1/100\n|move|p2a: Noodle Del Muerte|Swords Dance|p2a: Noodle Del Muerte\n|-boost|p2a: Noodle Del Muerte|atk|2\n|\n|-weather|SunnyDay|[upkeep]\n|upkeep\n|turn|3\n|inactive|tktkkenzoku has 30 seconds left.\n|inactive|SnarkyShane has 30 seconds left.\n|\n|t:|1772065917\n|-terastallize|p2a: Noodle Del Muerte|Normal\n|move|p1b: Calyrex|Protect|p1b: Calyrex\n|-singleturn|p1b: Calyrex|Protect\n|move|p2b: FesterinEquestrian|Astral Barrage|p1a: Farigiraf|[spread] \n|-activate|p1b: Calyrex|move: Protect\n|-immune|p1a: Farigiraf\n|move|p2a: Noodle Del Muerte|Dragon Ascent|p1a: Farigiraf\n|-damage|p1a: Farigiraf|0 fnt\n|-unboost|p2a: Noodle Del Muerte|def|1\n|-unboost|p2a: Noodle Del Muerte|spd|1\n|-damage|p2a: Noodle Del Muerte|19/100|[from] item: Rocky Helmet|[of] p1a: Farigiraf\n|faint|p1a: Farigiraf\n|\n|-weather|SunnyDay|[upkeep]\n|upkeep\n|\n|t:|1772065932\n|switch|p1a: Koraidon|Koraidon, L50|100/100\n|turn|4\n|\n|t:|1772065950\n|move|p1a: Koraidon|Protect|p1a: Koraidon\n|-singleturn|p1a: Koraidon|Protect\n|move|p2a: Noodle Del Muerte|Extreme Speed|p1a: Koraidon\n|-activate|p1a: Koraidon|move: Protect\n|move|p2b: FesterinEquestrian|Astral Barrage|p1b: Calyrex|[spread] p1b\n|-activate|p1a: Koraidon|move: Protect\n|-supereffective|p1b: Calyrex\n|-damage|p1b: Calyrex|0 fnt\n|faint|p1b: Calyrex\n|-ability|p2b: FesterinEquestrian|Grim Neigh|boost\n|-boost|p2b: FesterinEquestrian|spa|1\n|\n|-weather|SunnyDay|[upkeep]\n|upkeep\n|turn|5\n|-message|tktkkenzoku forfeited.\n|\n|win|SnarkyShane\n|raw|tktkkenzoku's rating: 1354 &rarr; <strong>1340</strong><br />(-14 for losing)\n|raw|SnarkyShane's rating: 1468 &rarr; <strong>1482</strong><br />(+14 for winning)\n|l|\u2606tktkkenzoku\n|player|p1|\n|l|\u2606SnarkyShane\n|player|p2|\n","uploadtime":1772066158,"views":11,"formatid":"gen9vgc2026regi","rating":1340,"private":0,"password":null}