{"id":"gen9vgc2026regi-2558312044","format":"[Gen 9] VGC 2026 Reg I","players":["VJ2511","zimu12122"],"log":"|j|\u2606VJ2511\n|j|\u2606zimu12122\n|t:|1773422904\n|gametype|doubles\n|player|p1|VJ2511|169|1441\n|player|p2|zimu12122|caitlin|1404\n|gen|9\n|tier|[Gen 9] VGC 2026 Reg I\n|rated|\n|rule|Species Clause: Limit one of each Pok\u00e9mon\n|rule|Item Clause: Limit 1 of each item\n|clearpoke\n|poke|p1|Calyrex-Shadow, L50|\n|poke|p1|Zamazenta-*, L50|\n|poke|p1|Smeargle, L50, F|\n|poke|p1|Incineroar, L50, M|\n|poke|p1|Rillaboom, L50, F|\n|poke|p1|Raging Bolt, L50|\n|poke|p2|Calyrex-Shadow, L50|\n|poke|p2|Kyogre, L50|\n|poke|p2|Incineroar, L50, F|\n|poke|p2|Tornadus, L50, M|\n|poke|p2|Weezing-Galar, L50, M|\n|poke|p2|Urshifu-*, L50, M|\n|teampreview|4\n|inactive|Battle timer is ON: inactive players will automatically lose when time's up. (requested by zimu12122)\n|inactive|VJ2511 has 60 seconds left.\n|\n|t:|1773422936\n|teamsize|p1|4\n|teamsize|p2|4\n|start\n|switch|p1a: Zamazenta|Zamazenta-Crowned, L50|100/100\n|switch|p1b: Raging Bolt|Raging Bolt, L50|100/100\n|switch|p2a: Incineroar|Incineroar, L50, F|100/100\n|switch|p2b: \u522b\u5e7f\u9632\u6c42\u4f60\u4e86|Kyogre, L50|100/100\n|-ability|p1a: Zamazenta|Dauntless Shield|boost\n|-boost|p1a: Zamazenta|def|1\n|-weather|RainDance|[from] ability: Drizzle|[of] p2b: \u522b\u5e7f\u9632\u6c42\u4f60\u4e86\n|-ability|p2a: Incineroar|Intimidate|boost\n|-unboost|p1a: Zamazenta|atk|1\n|-unboost|p1b: Raging Bolt|atk|1\n|-enditem|p1b: Raging Bolt|Booster Energy\n|-activate|p1b: Raging Bolt|ability: Protosynthesis|[fromitem]\n|-start|p1b: Raging Bolt|protosynthesisspa\n|turn|1\n|\n|t:|1773422953\n|move|p1a: Zamazenta|Protect|p1a: Zamazenta\n|-singleturn|p1a: Zamazenta|Protect\n|move|p1b: Raging Bolt|Protect|p1b: Raging Bolt\n|-singleturn|p1b: Raging Bolt|Protect\n|move|p2a: Incineroar|Fake Out|p1b: Raging Bolt\n|-activate|p1b: Raging Bolt|move: Protect\n|move|p2b: \u522b\u5e7f\u9632\u6c42\u4f60\u4e86|Ice Beam|p1b: Raging Bolt\n|-activate|p1b: Raging Bolt|move: Protect\n|\n|-weather|RainDance|[upkeep]\n|upkeep\n|turn|2\n|\n|t:|1773422973\n|switch|p2b: Calyrex|Calyrex-Shadow, L50|100/100\n|-ability|p2b: Calyrex|As One\n|-ability|p2b: Calyrex|Unnerve\n|move|p1a: Zamazenta|Body Press|p2a: Incineroar\n|-supereffective|p2a: Incineroar\n|-damage|p2a: Incineroar|0 fnt\n|-damage|p1a: Zamazenta|84/100|[from] item: Rocky Helmet|[of] p2a: Incineroar\n|faint|p2a: Incineroar\n|move|p1b: Raging Bolt|Thunderbolt|p2b: Calyrex\n|-damage|p2b: Calyrex|37/100\n|\n|-weather|RainDance|[upkeep]\n|upkeep\n|\n|t:|1773422985\n|switch|p2a: Urshifu|Urshifu-Rapid-Strike, L50, M|100/100\n|turn|3\n|\n|t:|1773422997\n|move|p2b: Calyrex|Protect|p2b: Calyrex\n|-singleturn|p2b: Calyrex|Protect\n|move|p1b: Raging Bolt|Thunderclap|p2a: Urshifu\n|-supereffective|p2a: Urshifu\n|-damage|p2a: Urshifu|0 fnt\n|faint|p2a: Urshifu\n|move|p1a: Zamazenta|Body Press|p2b: Calyrex\n|-activate|p2b: Calyrex|move: Protect\n|\n|-weather|RainDance|[upkeep]\n|upkeep\n|\n|t:|1773423002\n|switch|p2a: \u522b\u5e7f\u9632\u6c42\u4f60\u4e86|Kyogre, L50|100/100\n|turn|4\n|\n|t:|1773423009\n|-terastallize|p2a: \u522b\u5e7f\u9632\u6c42\u4f60\u4e86|Water\n|move|p1b: Raging Bolt|Thunderclap|p2b: Calyrex\n|-damage|p2b: Calyrex|0 fnt\n|faint|p2b: Calyrex\n|move|p1a: Zamazenta|Body Press|p2a: \u522b\u5e7f\u9632\u6c42\u4f60\u4e86\n|-damage|p2a: \u522b\u5e7f\u9632\u6c42\u4f60\u4e86|29/100\n|move|p2a: \u522b\u5e7f\u9632\u6c42\u4f60\u4e86|Water Spout|p1b: Raging Bolt|[spread] p1a,p1b\n|-resisted|p1b: Raging Bolt\n|-damage|p1a: Zamazenta|41/100\n|-damage|p1b: Raging Bolt|75/100\n|\n|-weather|RainDance|[upkeep]\n|upkeep\n|turn|5\n|-message|zimu12122 forfeited.\n|\n|win|VJ2511\n|raw|VJ2511's rating: 1441 &rarr; <strong>1459</strong><br />(+18 for winning)\n|raw|zimu12122's rating: 1404 &rarr; <strong>1386</strong><br />(-18 for losing)\n|l|\u2606zimu12122\n|player|p2|\n|l|\u2606VJ2511\n|player|p1|\n|j|\u2606VJ2511\n|player|p1|VJ2511|169|\n|n|\u2606VJ2511|vj2511\n","uploadtime":1773423057,"views":35,"formatid":"gen9vgc2026regi","rating":1386,"private":0,"password":null}