{"id":"gen9vgc2026regi-2572252507","format":"[Gen 9] VGC 2026 Reg I","players":["the gamblerler","kaseypocius"],"log":"|j|\u2606the gamblerler\n|j|\u2606kaseypocius\n|t:|1775002136\n|gametype|doubles\n|player|p1|the gamblerler|giovanni|1381\n|player|p2|kaseypocius|ariana|1416\n|gen|9\n|tier|[Gen 9] VGC 2026 Reg I\n|rated|\n|rule|Species Clause: Limit one of each Pok\u00e9mon\n|rule|Item Clause: Limit 1 of each item\n|clearpoke\n|poke|p1|Calyrex-Shadow, L50|\n|poke|p1|Miraidon, L50|\n|poke|p1|Incineroar, L50, F|\n|poke|p1|Sneasler, L50, F|\n|poke|p1|Araquanid, L50, F|\n|poke|p1|Whimsicott, L50, F|\n|poke|p2|Incineroar, L50, M|\n|poke|p2|Rillaboom, L50, F|\n|poke|p2|Ursaluna-Bloodmoon, L50, M|\n|poke|p2|Calyrex-Ice, L50|\n|poke|p2|Lunala, L50|\n|poke|p2|Indeedee-F, L50, F|\n|teampreview|4\n|inactive|Battle timer is ON: inactive players will automatically lose when time's up. (requested by the gamblerler)\n|inactive|kaseypocius has 60 seconds left.\n|\n|t:|1775002169\n|teamsize|p1|4\n|teamsize|p2|4\n|start\n|switch|p1a: Calyrex|Calyrex-Shadow, L50|100/100\n|switch|p1b: Incineroar|Incineroar, L50, F|100/100\n|switch|p2a: Incineroar|Incineroar, L50, M|100/100\n|switch|p2b: Lunala|Lunala, L50|100/100\n|-ability|p1a: Calyrex|As One\n|-ability|p1a: Calyrex|Unnerve\n|-ability|p1b: Incineroar|Intimidate|boost\n|-unboost|p2a: Incineroar|atk|1\n|-unboost|p2b: Lunala|atk|1\n|-ability|p2a: Incineroar|Intimidate|boost\n|-unboost|p1a: Calyrex|atk|1\n|-unboost|p1b: Incineroar|atk|1\n|turn|1\n|\n|t:|1775002182\n|switch|p1a: Miraidon|Miraidon, L50|100/100\n|-fieldstart|move: Electric Terrain|[from] ability: Hadron Engine|[of] p1a: Miraidon\n|move|p1b: Incineroar|Fake Out|p2b: Lunala\n|-immune|p2b: Lunala\n|move|p2a: Incineroar|Knock Off|p1a: Miraidon\n|-damage|p1a: Miraidon|76/100\n|-enditem|p1a: Miraidon|Choice Scarf|[from] move: Knock Off|[of] p2a: Incineroar\n|move|p2b: Lunala|Trick Room|p2b: Lunala\n|-fieldstart|move: Trick Room|[of] p2b: Lunala\n|\n|upkeep\n|turn|2\n|\n|t:|1775002199\n|move|p2a: Incineroar|Parting Shot|p1a: Miraidon\n|-unboost|p1a: Miraidon|atk|1\n|-unboost|p1a: Miraidon|spa|1\n|\n|t:|1775002202\n|switch|p2a: Ursaluna|Ursaluna-Bloodmoon, L50, M|100/100|[from] Parting Shot\n|move|p2b: Lunala|Meteor Beam||[still]\n|-prepare|p2b: Lunala|Meteor Beam\n|-boost|p2b: Lunala|spa|1\n|-enditem|p2b: Lunala|Power Herb\n|-anim|p2b: Lunala|Meteor Beam|p1b: Incineroar\n|-supereffective|p1b: Incineroar\n|-damage|p1b: Incineroar|9/100\n|move|p1b: Incineroar|Knock Off|p2b: Lunala\n|-supereffective|p2b: Lunala\n|-damage|p2b: Lunala|75/100\n|move|p1a: Miraidon|Volt Switch|p2b: Lunala\n|-damage|p2b: Lunala|45/100\n|\n|t:|1775002210\n|switch|p1a: Araquanid|Araquanid, L50, F|100/100|[from] Volt Switch\n|\n|upkeep\n|turn|3\n|\n|t:|1775002227\n|-terastallize|p1a: Araquanid|Water\n|move|p1a: Araquanid|Liquidation|p2b: Lunala\n|-damage|p2b: Lunala|0 fnt\n|faint|p2b: Lunala\n|move|p2a: Ursaluna|Hyper Voice|p1a: Araquanid|[spread] p1a,p1b\n|-damage|p1a: Araquanid|64/100\n|-damage|p1b: Incineroar|0 fnt\n|faint|p1b: Incineroar\n|-damage|p2a: Ursaluna|90/100|[from] item: Life Orb\n|\n|upkeep\n|\n|t:|1775002241\n|switch|p2b: Calyrex|Calyrex-Ice, L50|100/100\n|switch|p1b: Calyrex|Calyrex-Shadow, L50|100/100\n|-ability|p2b: Calyrex|As One\n|-ability|p2b: Calyrex|Unnerve\n|-ability|p1b: Calyrex|As One\n|-ability|p1b: Calyrex|Unnerve\n|turn|4\n|\n|t:|1775002264\n|move|p1a: Araquanid|Liquidation|p2a: Ursaluna\n|-supereffective|p2a: Ursaluna\n|-damage|p2a: Ursaluna|0 fnt\n|faint|p2a: Ursaluna\n|move|p2b: Calyrex|Glacial Lance|p1a: Araquanid|[spread] p1a,p1b\n|-resisted|p1a: Araquanid\n|-damage|p1a: Araquanid|39/100\n|-damage|p1b: Calyrex|34/100\n|move|p1b: Calyrex|Astral Barrage|p2b: Calyrex\n|-supereffective|p2b: Calyrex\n|-damage|p2b: Calyrex|5/100\n|\n|-heal|p2b: Calyrex|11/100|[from] item: Leftovers\n|upkeep\n|\n|t:|1775002268\n|switch|p2a: Incineroar|Incineroar, L50, M|100/100\n|-ability|p2a: Incineroar|Intimidate|boost\n|-unboost|p1a: Araquanid|atk|1\n|-unboost|p1b: Calyrex|atk|1\n|turn|5\n|\n|t:|1775002284\n|move|p1b: Calyrex|Protect|p1b: Calyrex\n|-singleturn|p1b: Calyrex|Protect\n|move|p2a: Incineroar|Fake Out|p1a: Araquanid\n|-damage|p1a: Araquanid|27/100\n|cant|p1a: Araquanid|flinch\n|move|p2b: Calyrex|Glacial Lance|p1b: Calyrex|[spread] p1a\n|-activate|p1b: Calyrex|move: Protect\n|-resisted|p1a: Araquanid\n|-damage|p1a: Araquanid|1/100\n|\n|-heal|p2b: Calyrex|16/100|[from] item: Leftovers\n|-fieldend|move: Trick Room\n|-fieldend|move: Electric Terrain\n|upkeep\n|turn|6\n|\n|t:|1775002302\n|move|p2b: Calyrex|Protect|p2b: Calyrex\n|-singleturn|p2b: Calyrex|Protect\n|move|p1b: Calyrex|Astral Barrage|p2b: Calyrex|[spread] p2a\n|-activate|p2b: Calyrex|move: Protect\n|-resisted|p2a: Incineroar\n|-damage|p2a: Incineroar|77/100\n|move|p2a: Incineroar|Knock Off|p1b: Calyrex\n|-supereffective|p1b: Calyrex\n|-damage|p1b: Calyrex|0 fnt\n|-enditem|p1b: Calyrex|Focus Sash|[from] move: Knock Off|[of] p2a: Incineroar\n|faint|p1b: Calyrex\n|move|p1a: Araquanid|Liquidation|p2a: Incineroar\n|-supereffective|p2a: Incineroar\n|-damage|p2a: Incineroar|0 fnt\n|faint|p2a: Incineroar\n|\n|-heal|p2b: Calyrex|22/100|[from] item: Leftovers\n|upkeep\n|\n|t:|1775002305\n|switch|p1b: Miraidon|Miraidon, L50|76/100\n|-fieldstart|move: Electric Terrain|[from] ability: Hadron Engine|[of] p1b: Miraidon\n|turn|7\n|\n|t:|1775002320\n|-terastallize|p2b: Calyrex|Water\n|move|p1a: Araquanid|Wide Guard|p1a: Araquanid\n|-singleturn|p1a: Araquanid|Wide Guard\n|move|p1b: Miraidon|Electro Drift|p2b: Calyrex\n|-supereffective|p2b: Calyrex\n|-damage|p2b: Calyrex|0 fnt\n|faint|p2b: Calyrex\n|\n|win|the gamblerler\n|raw|the gamblerler's rating: 1381 &rarr; <strong>1403</strong><br />(+22 for winning)\n|raw|kaseypocius's rating: 1416 &rarr; <strong>1394</strong><br />(-22 for losing)\n|c|\u2606kaseypocius|gg\n|c|\u2606kaseypocius|yay araquanid\n","uploadtime":1775002352,"views":12,"formatid":"gen9vgc2026regi","rating":1394,"private":0,"password":null}