{"id":"gen9vgc2026regi-2558151641","format":"[Gen 9] VGC 2026 Reg I","players":["Guts is Zamacenta","ArisHazard"],"log":"|j|\u2606Guts is Zamacenta\n|j|\u2606ArisHazard\n|t:|1773408609\n|gametype|doubles\n|player|p1|Guts is Zamacenta|lucas|1453\n|player|p2|ArisHazard|1|1385\n|gen|9\n|tier|[Gen 9] VGC 2026 Reg I\n|rated|\n|rule|Species Clause: Limit one of each Pok\u00e9mon\n|rule|Item Clause: Limit 1 of each item\n|clearpoke\n|poke|p1|Gholdengo, L50|\n|poke|p1|Ogerpon-Cornerstone, L50, F|\n|poke|p1|Chien-Pao, L50|\n|poke|p1|Zamazenta-*, L50|\n|poke|p1|Miraidon, L50|\n|poke|p1|Whimsicott, L50, F|\n|poke|p2|Calyrex-Ice, L50|\n|poke|p2|Hitmontop, L50, M|\n|poke|p2|Miraidon, L50|\n|poke|p2|Sableye, L50, F|\n|poke|p2|Ting-Lu, L50|\n|poke|p2|Iron Valiant, L50|\n|teampreview|4\n|\n|t:|1773408644\n|teamsize|p1|4\n|teamsize|p2|4\n|start\n|switch|p1a: Chien-Pao|Chien-Pao, L50|100/100\n|switch|p1b: Gholdengo|Gholdengo, L50|100/100\n|switch|p2a: Calyrex|Calyrex-Ice, L50|100/100\n|switch|p2b: Hitmontop|Hitmontop, L50, M|100/100\n|-ability|p2a: Calyrex|As One\n|-ability|p2a: Calyrex|Unnerve\n|-ability|p1a: Chien-Pao|Sword of Ruin\n|-ability|p2b: Hitmontop|Intimidate|boost\n|-unboost|p1a: Chien-Pao|atk|1\n|-unboost|p1b: Gholdengo|atk|1\n|turn|1\n|inactive|Battle timer is ON: inactive players will automatically lose when time's up. (requested by ArisHazard)\n|\n|t:|1773408668\n|switch|p1a: Zamazenta|Zamazenta-Crowned, L50|100/100\n|-ability|p1a: Zamazenta|Dauntless Shield|boost\n|-boost|p1a: Zamazenta|def|1\n|-terastallize|p2a: Calyrex|Fire\n|move|p1b: Gholdengo|Nasty Plot|p1b: Gholdengo\n|-boost|p1b: Gholdengo|spa|2\n|move|p2b: Hitmontop|Coaching|p2a: Calyrex\n|-boost|p2a: Calyrex|atk|1\n|-boost|p2a: Calyrex|def|1\n|move|p2a: Calyrex|Trick Room|p2a: Calyrex\n|-fieldstart|move: Trick Room|[of] p2a: Calyrex\n|\n|upkeep\n|turn|2\n|\n|t:|1773408689\n|move|p2a: Calyrex|Stomping Tantrum|p1b: Gholdengo\n|-supereffective|p1b: Gholdengo\n|-damage|p1b: Gholdengo|18/100\n|-damage|p2a: Calyrex|84/100|[from] item: Rocky Helmet|[of] p1b: Gholdengo\n|move|p2b: Hitmontop|Coaching|p2a: Calyrex\n|-boost|p2a: Calyrex|atk|1\n|-boost|p2a: Calyrex|def|1\n|move|p1b: Gholdengo|Shadow Ball|p2a: Calyrex\n|-damage|p2a: Calyrex|26/100\n|move|p1a: Zamazenta|Body Press|p2a: Calyrex\n|-damage|p2a: Calyrex|4/100\n|\n|upkeep\n|turn|3\n|\n|t:|1773408712\n|move|p1a: Zamazenta|Wide Guard|p1a: Zamazenta\n|-singleturn|p1a: Zamazenta|Wide Guard\n|move|p2a: Calyrex|Stomping Tantrum|p1a: Zamazenta\n|-supereffective|p1a: Zamazenta\n|-damage|p1a: Zamazenta|51/100\n|move|p2b: Hitmontop|Close Combat|p1a: Zamazenta\n|-supereffective|p1a: Zamazenta\n|-damage|p1a: Zamazenta|16/100\n|-unboost|p2b: Hitmontop|def|1\n|-unboost|p2b: Hitmontop|spd|1\n|move|p1b: Gholdengo|Make It Rain|p2b: Hitmontop|[spread] p2a,p2b\n|-resisted|p2a: Calyrex\n|-damage|p2a: Calyrex|0 fnt\n|-damage|p2b: Hitmontop|0 fnt\n|-unboost|p1b: Gholdengo|spa|1\n|faint|p2a: Calyrex\n|faint|p2b: Hitmontop\n|\n|upkeep\n|\n|t:|1773408731\n|switch|p2a: Miraidon|Miraidon, L50|100/100\n|switch|p2b: Ting-Lu|Ting-Lu, L50|100/100\n|-ability|p2b: Ting-Lu|Vessel of Ruin\n|-fieldstart|move: Electric Terrain|[from] ability: Hadron Engine|[of] p2a: Miraidon\n|turn|4\n|\n|t:|1773408741\n|move|p1b: Gholdengo|Protect|p1b: Gholdengo\n|-singleturn|p1b: Gholdengo|Protect\n|move|p1a: Zamazenta|Protect||[still]\n|-fail|p1a: Zamazenta\n|move|p2b: Ting-Lu|Stomping Tantrum|p1a: Zamazenta\n|-supereffective|p1a: Zamazenta\n|-damage|p1a: Zamazenta|0 fnt\n|faint|p1a: Zamazenta\n|move|p2a: Miraidon|Snarl|p1b: Gholdengo\n|-activate|p1b: Gholdengo|move: Protect\n|\n|upkeep\n|\n|t:|1773408757\n|switch|p1a: Ogerpon|Ogerpon-Cornerstone, L50, F|100/100\n|turn|5\n|\n|t:|1773408778\n|move|p2b: Ting-Lu|Stomping Tantrum|p1a: Ogerpon\n|-damage|p1a: Ogerpon|59/100\n|move|p1b: Gholdengo|Shadow Ball|p2a: Miraidon\n|-damage|p2a: Miraidon|73/100\n|move|p2a: Miraidon|Electro Drift|p1b: Gholdengo\n|-damage|p1b: Gholdengo|0 fnt\n|-damage|p2a: Miraidon|57/100|[from] item: Rocky Helmet|[of] p1b: Gholdengo\n|faint|p1b: Gholdengo\n|move|p1a: Ogerpon|Ivy Cudgel|p2a: Miraidon|[anim] Ivy Cudgel Rock\n|-damage|p2a: Miraidon|4/100\n|\n|-fieldend|move: Trick Room\n|upkeep\n|\n|t:|1773408793\n|switch|p1b: Chien-Pao|Chien-Pao, L50|100/100\n|-ability|p1b: Chien-Pao|Sword of Ruin\n|turn|6\n|\n|t:|1773408806\n|move|p1b: Chien-Pao|Ice Spinner|p2a: Miraidon\n|-supereffective|p2a: Miraidon\n|-damage|p2a: Miraidon|0 fnt\n|-fieldend|move: Electric Terrain\n|faint|p2a: Miraidon\n|move|p1a: Ogerpon|Power Whip|p2b: Ting-Lu\n|-supereffective|p2b: Ting-Lu\n|-damage|p2b: Ting-Lu|2/100\n|-damage|p1a: Ogerpon|43/100|[from] item: Rocky Helmet|[of] p2b: Ting-Lu\n|move|p2b: Ting-Lu|Sand Tomb|p1b: Chien-Pao|[miss]\n|-miss|p2b: Ting-Lu|p1b: Chien-Pao\n|\n|upkeep\n|turn|7\n|-message|ArisHazard forfeited.\n|\n|win|Guts is Zamacenta\n|raw|Guts is Zamacenta's rating: 1453 &rarr; <strong>1469</strong><br />(+16 for winning)\n|raw|ArisHazard's rating: 1385 &rarr; <strong>1369</strong><br />(-16 for losing)\n|l|\u2606ArisHazard\n|player|p2|\n|l|\u2606Guts is Zamacenta\n|player|p1|\n","uploadtime":1773409054,"views":14,"formatid":"gen9vgc2026regi","rating":1369,"private":0,"password":null}