{"id":"gen9vgc2026regi-2581263841","format":"[Gen 9] VGC 2026 Reg I","players":["kuronekosoutou","ItsLeviosaStpItRon"],"log":"|j|\u2606kuronekosoutou\n|j|\u2606ItsLeviosaStpItRon\n|t:|1775978223\n|gametype|doubles\n|player|p1|kuronekosoutou|jasmine|1338\n|player|p2|ItsLeviosaStpItRon|psychic-gen4|1468\n|gen|9\n|tier|[Gen 9] VGC 2026 Reg I\n|rated|\n|rule|Species Clause: Limit one of each Pok\u00e9mon\n|rule|Item Clause: Limit 1 of each item\n|clearpoke\n|poke|p1|Calyrex-Shadow, L50|\n|poke|p1|Koraidon, L50|\n|poke|p1|Incineroar, L50, F|\n|poke|p1|Chi-Yu, L50|\n|poke|p1|Raging Bolt, L50|\n|poke|p1|Indeedee-F, L50, F|\n|poke|p2|Koraidon, L50|\n|poke|p2|Lunala, L50|\n|poke|p2|Brute Bonnet, L50|\n|poke|p2|Ursaluna, L50, F|\n|poke|p2|Chi-Yu, L50|\n|poke|p2|Flutter Mane, L50|\n|teampreview|4\n|\n|t:|1775978253\n|teamsize|p1|4\n|teamsize|p2|4\n|start\n|switch|p1a: Indeedee|Indeedee-F, L50, F|100/100\n|switch|p1b: Calyrex|Calyrex-Shadow, L50|100/100\n|switch|p2a: Leviooosa|Chi-Yu, L50|100/100\n|switch|p2b: Wingardium|Flutter Mane, L50|100/100\n|-ability|p1b: Calyrex|As One\n|-ability|p1b: Calyrex|Unnerve\n|-ability|p2a: Leviooosa|Beads of Ruin\n|-fieldstart|move: Psychic Terrain|[from] ability: Psychic Surge|[of] p1a: Indeedee\n|turn|1\n|inactive|Battle timer is ON: inactive players will automatically lose when time's up. (requested by kuronekosoutou)\n|\n|t:|1775978274\n|-terastallize|p1b: Calyrex|Normal\n|move|p1a: Indeedee|Helping Hand|p1b: Calyrex\n|-singleturn|p1b: Calyrex|Helping Hand|[of] p1a: Indeedee\n|move|p2a: Leviooosa|Snarl|p1a: Indeedee|[spread] p1a,p1b\n|-supereffective|p1a: Indeedee\n|-damage|p1a: Indeedee|45/100\n|-damage|p1b: Calyrex|66/100\n|-unboost|p1a: Indeedee|spa|1\n|-unboost|p1b: Calyrex|spa|1\n|move|p2b: Wingardium|Icy Wind|p1b: Calyrex|[spread] p1a,p1b\n|-damage|p1a: Indeedee|27/100\n|-damage|p1b: Calyrex|47/100\n|-unboost|p1a: Indeedee|spe|1\n|-unboost|p1b: Calyrex|spe|1\n|move|p1b: Calyrex|Astral Barrage|p2b: Wingardium|[spread] p2a,p2b\n|-resisted|p2a: Leviooosa\n|-supereffective|p2b: Wingardium\n|-damage|p2a: Leviooosa|68/100\n|-enditem|p2b: Wingardium|Focus Sash\n|-damage|p2b: Wingardium|1/100\n|\n|upkeep\n|turn|2\n|inactive|kuronekosoutou has 30 seconds left.\n|\n|t:|1775978300\n|move|p1a: Indeedee|Follow Me|p1a: Indeedee\n|-singleturn|p1a: Indeedee|move: Follow Me\n|move|p2a: Leviooosa|Snarl|p1a: Indeedee|[spread] p1a,p1b\n|-supereffective|p1a: Indeedee\n|-damage|p1a: Indeedee|0 fnt\n|-damage|p1b: Calyrex|17/100\n|-unboost|p1b: Calyrex|spa|1\n|faint|p1a: Indeedee\n|move|p2b: Wingardium|Moonblast|p1b: Calyrex\n|-damage|p1b: Calyrex|0 fnt\n|faint|p1b: Calyrex\n|\n|upkeep\n|\n|t:|1775978311\n|switch|p1b: Chi-Yu|Chi-Yu, L50|100/100\n|switch|p1a: Koraidon|Koraidon, L50|100/100\n|-ability|p1b: Chi-Yu|Beads of Ruin\n|-weather|SunnyDay|[from] ability: Orichalcum Pulse|[of] p1a: Koraidon\n|-activate|p2b: Wingardium|ability: Protosynthesis\n|-start|p2b: Wingardium|protosynthesisspe\n|-activate|p1a: Koraidon|Orichalcum Pulse|[source]\n|turn|3\n|\n|t:|1775978325\n|move|p2b: Wingardium|Protect|p2b: Wingardium\n|-singleturn|p2b: Wingardium|Protect\n|move|p1a: Koraidon|Protect|p1a: Koraidon\n|-singleturn|p1a: Koraidon|Protect\n|move|p1b: Chi-Yu|Heat Wave|p2b: Wingardium|[spread] p2a\n|-activate|p2b: Wingardium|move: Protect\n|-resisted|p2a: Leviooosa\n|-damage|p2a: Leviooosa|38/100\n|move|p2a: Leviooosa|Snarl|p1a: Koraidon|[spread] p1b\n|-activate|p1a: Koraidon|move: Protect\n|-resisted|p1b: Chi-Yu\n|-damage|p1b: Chi-Yu|86/100\n|-unboost|p1b: Chi-Yu|spa|1\n|\n|-weather|SunnyDay|[upkeep]\n|upkeep\n|turn|4\n|\n|t:|1775978350\n|move|p2b: Wingardium|Moonblast|p1a: Koraidon\n|-supereffective|p1a: Koraidon\n|-damage|p1a: Koraidon|0 fnt\n|faint|p1a: Koraidon\n|move|p1b: Chi-Yu|Heat Wave|p2b: Wingardium|[spread] p2a,p2b\n|-resisted|p2a: Leviooosa\n|-crit|p2a: Leviooosa\n|-damage|p2a: Leviooosa|0 fnt\n|-damage|p2b: Wingardium|0 fnt\n|faint|p2a: Leviooosa\n|faint|p2b: Wingardium\n|-end|p2b: Wingardium|Protosynthesis|[silent]\n|\n|-weather|SunnyDay|[upkeep]\n|upkeep\n|\n|t:|1775978357\n|switch|p2b: Not Leviosaaaa|Lunala, L50|100/100\n|switch|p2a: It's|Koraidon, L50|100/100\n|-activate|p2a: It's|ability: Orichalcum Pulse\n|turn|5\n|\n|t:|1775978365\n|-terastallize|p2b: Not Leviosaaaa|Water\n|move|p1b: Chi-Yu|Heat Wave|p2b: Not Leviosaaaa|[spread] p2a,p2b\n|-resisted|p2a: It's\n|-resisted|p2b: Not Leviosaaaa\n|-damage|p2a: It's|73/100\n|-damage|p2b: Not Leviosaaaa|92/100\n|move|p2a: It's|Close Combat|p1b: Chi-Yu\n|-supereffective|p1b: Chi-Yu\n|-damage|p1b: Chi-Yu|0 fnt\n|-unboost|p2a: It's|def|1\n|-unboost|p2a: It's|spd|1\n|faint|p1b: Chi-Yu\n|-damage|p2a: It's|64/100|[from] item: Life Orb\n|\n|win|ItsLeviosaStpItRon\n|raw|kuronekosoutou's rating: 1338 &rarr; <strong>1325</strong><br />(-13 for losing)\n|raw|ItsLeviosaStpItRon's rating: 1468 &rarr; <strong>1481</strong><br />(+13 for winning)\n|l|\u2606kuronekosoutou\n|player|p1|\n","uploadtime":1775978373,"views":12,"formatid":"gen9vgc2026regi","rating":1325,"private":0,"password":null}