{"id":"gen9vgc2026regi-2571875342","format":"[Gen 9] VGC 2026 Reg I","players":["Ry4nB01","Harry Koekenpan"],"log":"|j|\u2606Ry4nB01\n|j|\u2606Harry Koekenpan\n|t:|1774970917\n|gametype|doubles\n|player|p1|Ry4nB01|266|1258\n|player|p2|Harry Koekenpan|266|1299\n|gen|9\n|tier|[Gen 9] VGC 2026 Reg I\n|rated|\n|rule|Species Clause: Limit one of each Pok\u00e9mon\n|rule|Item Clause: Limit 1 of each item\n|clearpoke\n|poke|p1|Koraidon, L50|\n|poke|p1|Calyrex-Shadow, L50|\n|poke|p1|Flutter Mane, L50|\n|poke|p1|Brute Bonnet, L50|\n|poke|p1|Incineroar, L50, M|\n|poke|p1|Raging Bolt, L50|\n|poke|p2|Dondozo, L50, M|\n|poke|p2|Tatsugiri-Droopy, L50, M|\n|poke|p2|Weezing-Galar, L50, M|\n|poke|p2|Calyrex-Shadow, L50|\n|poke|p2|Brute Bonnet, L50|\n|poke|p2|Koraidon, L50|\n|teampreview|4\n|inactive|Battle timer is ON: inactive players will automatically lose when time's up. (requested by Harry Koekenpan)\n|\n|t:|1774970949\n|teamsize|p1|4\n|teamsize|p2|4\n|start\n|switch|p1a: Brute Bonnet|Brute Bonnet, L50|100/100\n|switch|p1b: Calyrex|Calyrex-Shadow, L50|100/100\n|switch|p2a: Weezing|Weezing-Galar, L50, M|100/100\n|switch|p2b: Koraidon|Koraidon, L50|100/100\n|-ability|p2a: Weezing|Neutralizing Gas\n|-block|p2b: Koraidon|item: Ability Shield\n|-ability|p1b: Calyrex|As One\n|-ability|p1b: Calyrex|Unnerve\n|-weather|SunnyDay|[from] ability: Orichalcum Pulse|[of] p2b: Koraidon\n|-activate|p2b: Koraidon|Orichalcum Pulse|[source]\n|turn|1\n|\n|t:|1774970973\n|-terastallize|p2b: Koraidon|Fire\n|-terastallize|p1a: Brute Bonnet|Water\n|move|p1b: Calyrex|Protect|p1b: Calyrex\n|-singleturn|p1b: Calyrex|Protect\n|move|p2b: Koraidon|Flare Blitz|p1b: Calyrex\n|-activate|p1b: Calyrex|move: Protect\n|move|p2a: Weezing|Toxic Spikes|p1a: Brute Bonnet\n|-sidestart|p1: Ry4nB01|move: Toxic Spikes\n|move|p1a: Brute Bonnet|Spore|p2b: Koraidon\n|-status|p2b: Koraidon|slp|[from] move: Spore\n|\n|-weather|SunnyDay|[upkeep]\n|upkeep\n|turn|2\n|\n|t:|1774970995\n|-end|p2a: Weezing|ability: Neutralizing Gas\n|-activate|p1a: Brute Bonnet|ability: Protosynthesis\n|-start|p1a: Brute Bonnet|protosynthesisdef\n|switch|p2a: Brute Bonnet|Brute Bonnet, L50|100/100\n|-activate|p2a: Brute Bonnet|ability: Protosynthesis\n|-start|p2a: Brute Bonnet|protosynthesisdef\n|cant|p2b: Koraidon|slp\n|move|p1b: Calyrex|Nasty Plot|p1b: Calyrex\n|-boost|p1b: Calyrex|spa|2\n|move|p1a: Brute Bonnet|Spore|p2a: Brute Bonnet\n|-immune|p2a: Brute Bonnet\n|\n|-weather|SunnyDay|[upkeep]\n|upkeep\n|turn|3\n|inactive|Harry Koekenpan has 30 seconds left.\n|inactive|Harry Koekenpan has 20 seconds left.\n|\n|t:|1774971033\n|-end|p1a: Brute Bonnet|Protosynthesis|[silent]\n|switch|p1a: Koraidon|Koraidon, L50|100/100\n|-status|p1a: Koraidon|psn\n|-activate|p1a: Koraidon|ability: Orichalcum Pulse\n|move|p1b: Calyrex|Protect|p1b: Calyrex\n|-singleturn|p1b: Calyrex|Protect\n|cant|p2b: Koraidon|slp\n|move|p2a: Brute Bonnet|Spore|p1b: Calyrex\n|-activate|p1b: Calyrex|move: Protect\n|\n|-weather|SunnyDay|[upkeep]\n|-damage|p1a: Koraidon|88/100 psn|[from] psn\n|upkeep\n|turn|4\n|\n|t:|1774971058\n|move|p2a: Brute Bonnet|Sucker Punch||[still]\n|-fail|p2a: Brute Bonnet\n|move|p1b: Calyrex|Nasty Plot|p1b: Calyrex\n|-boost|p1b: Calyrex|spa|2\n|move|p1a: Koraidon|Collision Course|p2a: Brute Bonnet\n|-supereffective|p2a: Brute Bonnet\n|-damage|p2a: Brute Bonnet|11/100\n|-curestatus|p2b: Koraidon|slp|[msg]\n|move|p2b: Koraidon|Flame Charge|p1b: Calyrex\n|-damage|p1b: Calyrex|19/100\n|-boost|p2b: Koraidon|spe|1\n|\n|-weather|SunnyDay|[upkeep]\n|-damage|p1a: Koraidon|76/100 psn|[from] psn\n|upkeep\n|turn|5\n|inactive|Harry Koekenpan has 30 seconds left.\n|inactive|Harry Koekenpan has 20 seconds left.\n|\n|t:|1774971096\n|move|p1b: Calyrex|Protect|p1b: Calyrex\n|-singleturn|p1b: Calyrex|Protect\n|move|p2a: Brute Bonnet|Sucker Punch||[still]\n|-fail|p2a: Brute Bonnet\n|move|p2b: Koraidon|Flare Blitz|p1a: Koraidon\n|-resisted|p1a: Koraidon\n|-damage|p1a: Koraidon|15/100 psn\n|-damage|p2b: Koraidon|80/100|[from] Recoil\n|move|p1a: Koraidon|Flame Charge|p2a: Brute Bonnet\n|-supereffective|p2a: Brute Bonnet\n|-damage|p2a: Brute Bonnet|0 fnt\n|-boost|p1a: Koraidon|spe|1\n|faint|p2a: Brute Bonnet\n|-end|p2a: Brute Bonnet|Protosynthesis|[silent]\n|\n|-weather|none\n|-damage|p1a: Koraidon|3/100 psn|[from] psn\n|upkeep\n|\n|t:|1774971117\n|switch|p2a: Calyrex|Calyrex-Shadow, L50|100/100\n|-ability|p2a: Calyrex|As One\n|-ability|p2a: Calyrex|Unnerve\n|turn|6\n|\n|t:|1774971130\n|move|p1b: Calyrex|Protect||[still]\n|-fail|p1b: Calyrex\n|move|p1a: Koraidon|Flare Blitz|p2a: Calyrex\n|-damage|p2a: Calyrex|50/100\n|-damage|p1a: Koraidon|0 fnt|[from] Recoil\n|faint|p1a: Koraidon\n|move|p2b: Koraidon|Flare Blitz|p1b: Calyrex\n|-damage|p1b: Calyrex|0 fnt\n|faint|p1b: Calyrex\n|-damage|p2b: Koraidon|74/100|[from] Recoil\n|move|p2a: Calyrex|Astral Barrage|p1: Koraidon|[notarget]\n|-fail|p2a: Calyrex\n|\n|upkeep\n|\n|t:|1774971136\n|switch|p1b: Brute Bonnet|Brute Bonnet, L50, tera:Water|100/100\n|switch|p1a: Flutter Mane|Flutter Mane, L50|100/100\n|-status|p1a: Flutter Mane|psn\n|-status|p1b: Brute Bonnet|psn\n|turn|7\n|\n|t:|1774971150\n|move|p2b: Koraidon|Flare Blitz|p1a: Flutter Mane\n|-enditem|p1a: Flutter Mane|Focus Sash\n|-damage|p1a: Flutter Mane|1/100 psn\n|-damage|p2b: Koraidon|49/100|[from] Recoil\n|move|p2a: Calyrex|Astral Barrage|p1a: Flutter Mane|[spread] p1a,p1b\n|-supereffective|p1a: Flutter Mane\n|-damage|p1a: Flutter Mane|0 fnt\n|-damage|p1b: Brute Bonnet|50/100 psn\n|faint|p1a: Flutter Mane\n|-end|p1a: Flutter Mane|Protosynthesis|[silent]\n|-ability|p2a: Calyrex|Grim Neigh|boost\n|-boost|p2a: Calyrex|spa|1\n|-damage|p2a: Calyrex|41/100|[from] item: Life Orb\n|move|p1b: Brute Bonnet|Spore|p2a: Calyrex\n|-status|p2a: Calyrex|slp|[from] move: Spore\n|\n|-damage|p1b: Brute Bonnet|38/100 psn|[from] psn\n|upkeep\n|turn|8\n|-message|Ry4nB01 forfeited.\n|\n|win|Harry Koekenpan\n|raw|Ry4nB01's rating: 1258 &rarr; <strong>1236</strong><br />(-22 for losing)\n|raw|Harry Koekenpan's rating: 1299 &rarr; <strong>1321</strong><br />(+22 for winning)\n|l|\u2606Ry4nB01\n|player|p1|\n","uploadtime":1774971173,"views":17,"formatid":"gen9vgc2026regi","rating":1236,"private":0,"password":null}