{"id":"gen9vgc2026regi-2573309915","format":"[Gen 9] VGC 2026 Reg I","players":["W3s05","Highkage2"],"log":"|j|\u2606W3s05\n|j|\u203dHighkage2\n|t:|1775119723\n|gametype|doubles\n|player|p1|W3s05|2|1400\n|player|p2|Highkage2|doubleteam|1527\n|gen|9\n|tier|[Gen 9] VGC 2026 Reg I\n|rated|\n|rule|Species Clause: Limit one of each Pok\u00e9mon\n|rule|Item Clause: Limit 1 of each item\n|clearpoke\n|poke|p1|Lunala, L50|\n|poke|p1|Miraidon, L50|\n|poke|p1|Iron Crown, L50|\n|poke|p1|Iron Valiant, L50|\n|poke|p1|Ursaluna, L50, M|\n|poke|p1|Chien-Pao, L50|\n|poke|p2|Incineroar, L50, F|\n|poke|p2|Miraidon, L50|\n|poke|p2|Lunala, L50|\n|poke|p2|Ursaluna, L50, F|\n|poke|p2|Whimsicott, L50, F|\n|poke|p2|Urshifu-*, L50, M|\n|teampreview|4\n|inactive|Battle timer is ON: inactive players will automatically lose when time's up. (requested by Highkage2)\n|inactive|Highkage2 has 60 seconds left.\n|inactive|Highkage2 has 30 seconds left.\n|\n|t:|1775119804\n|teamsize|p1|4\n|teamsize|p2|4\n|start\n|switch|p1a: Miraidon|Miraidon, L50|100/100\n|switch|p1b: Iron Valiant|Iron Valiant, L50|100/100\n|switch|p2a: Whimsicott|Whimsicott, L50, F|100/100\n|switch|p2b: Miraidon|Miraidon, L50|100/100\n|-fieldstart|move: Electric Terrain|[from] ability: Hadron Engine|[of] p1a: Miraidon\n|-activate|p1b: Iron Valiant|ability: Quark Drive\n|-start|p1b: Iron Valiant|quarkdrivespe\n|-activate|p2b: Miraidon|ability: Hadron Engine\n|turn|1\n|\n|t:|1775119821\n|move|p1a: Miraidon|Protect|p1a: Miraidon\n|-singleturn|p1a: Miraidon|Protect\n|move|p2b: Miraidon|Protect|p2b: Miraidon\n|-singleturn|p2b: Miraidon|Protect\n|move|p2a: Whimsicott|Tailwind|p2a: Whimsicott\n|-sidestart|p2: Highkage2|move: Tailwind\n|move|p1b: Iron Valiant|Icy Wind|p2b: Miraidon|[spread] p2a\n|-activate|p2b: Miraidon|move: Protect\n|-supereffective|p2a: Whimsicott\n|-damage|p2a: Whimsicott|75/100\n|\n|upkeep\n|turn|2\n|\n|t:|1775119838\n|switch|p1a: Lunala|Lunala, L50|100/100\n|-enditem|p1a: Lunala|Electric Seed\n|-boost|p1a: Lunala|def|1|[from] item: Electric Seed\n|move|p2a: Whimsicott|Encore||[still]\n|-fail|p2a: Whimsicott\n|move|p2b: Miraidon|Volt Switch|p1b: Iron Valiant\n|-enditem|p1b: Iron Valiant|Focus Sash\n|-damage|p1b: Iron Valiant|1/100\n|-damage|p2b: Miraidon|91/100|[from] item: Life Orb\n|\n|t:|1775119848\n|switch|p2b: Lunala|Lunala, L50|100/100|[from] Volt Switch\n|-enditem|p2b: Lunala|Electric Seed\n|-boost|p2b: Lunala|def|1|[from] item: Electric Seed\n|move|p1b: Iron Valiant|Spirit Break|p2b: Lunala\n|-damage|p2b: Lunala|91/100\n|-unboost|p2b: Lunala|spa|1\n|\n|upkeep\n|turn|3\n|\n|t:|1775119863\n|-terastallize|p2b: Lunala|Fairy\n|move|p2a: Whimsicott|Light Screen|p2a: Whimsicott\n|-sidestart|p2: Highkage2|move: Light Screen\n|move|p1b: Iron Valiant|Spirit Break|p2a: Whimsicott\n|-damage|p2a: Whimsicott|39/100\n|move|p2b: Lunala|Moonblast|p1a: Lunala\n|-damage|p1a: Lunala|91/100\n|-unboost|p1a: Lunala|spa|1\n|move|p1a: Lunala|Trick Room|p1a: Lunala\n|-fieldstart|move: Trick Room|[of] p1a: Lunala\n|\n|upkeep\n|turn|4\n|\n|t:|1775119886\n|switch|p1a: Ursaluna|Ursaluna, L50, M|100/100\n|move|p2b: Lunala|Moonblast|p1a: Ursaluna\n|-damage|p1a: Ursaluna|71/100\n|move|p1b: Iron Valiant|Spirit Break|p2a: Whimsicott\n|-damage|p2a: Whimsicott|0 fnt\n|faint|p2a: Whimsicott\n|\n|-sideend|p2: Highkage2|move: Tailwind\n|-status|p1a: Ursaluna|brn|[from] item: Flame Orb\n|upkeep\n|inactive|Highkage2 has 30 seconds left.\n|inactive|Highkage2 has 20 seconds left.\n|\n|t:|1775119922\n|switch|p2a: Miraidon|Miraidon, L50|91/100\n|-activate|p2a: Miraidon|ability: Hadron Engine\n|turn|5\n|\n|t:|1775119945\n|move|p1a: Ursaluna|Facade|p2b: Lunala\n|-damage|p2b: Lunala|33/100\n|move|p2b: Lunala|Moonblast|p1b: Iron Valiant\n|-supereffective|p1b: Iron Valiant\n|-damage|p1b: Iron Valiant|0 fnt\n|faint|p1b: Iron Valiant\n|-end|p1b: Iron Valiant|Quark Drive|[silent]\n|move|p2a: Miraidon|Draco Meteor|p1a: Ursaluna\n|-damage|p1a: Ursaluna|0 fnt\n|-unboost|p2a: Miraidon|spa|2\n|faint|p1a: Ursaluna\n|-damage|p2a: Miraidon|81/100|[from] item: Life Orb\n|\n|-fieldend|move: Electric Terrain\n|upkeep\n|\n|t:|1775119958\n|switch|p1a: Miraidon|Miraidon, L50|100/100\n|switch|p1b: Lunala|Lunala, L50|91/100\n|-fieldstart|move: Electric Terrain|[from] ability: Hadron Engine|[of] p1a: Miraidon\n|turn|6\n|inactive|Highkage2 has 30 seconds left.\n|\n|t:|1775119985\n|move|p1a: Miraidon|Protect|p1a: Miraidon\n|-singleturn|p1a: Miraidon|Protect\n|move|p1b: Lunala|Moongeist Beam|p2b: Lunala\n|-damage|p2b: Lunala|9/100\n|move|p2b: Lunala|Moongeist Beam|p1b: Lunala\n|-supereffective|p1b: Lunala\n|-damage|p1b: Lunala|1/100\n|move|p2a: Miraidon|Electro Drift|p1b: Lunala\n|-damage|p1b: Lunala|0 fnt\n|faint|p1b: Lunala\n|-damage|p2a: Miraidon|72/100|[from] item: Life Orb\n|\n|upkeep\n|turn|7\n|inactive|Highkage2 has 30 seconds left.\n|\n|t:|1775120016\n|switch|p2a: Urshifu|Urshifu-Rapid-Strike, L50, M|100/100\n|-terastallize|p1a: Miraidon|Electric\n|move|p2b: Lunala|Moonblast|p1a: Miraidon\n|-damage|p1a: Miraidon|67/100\n|move|p1a: Miraidon|Electro Drift|p2b: Lunala\n|-crit|p2b: Lunala\n|-damage|p2b: Lunala|0 fnt\n|faint|p2b: Lunala\n|-damage|p1a: Miraidon|58/100|[from] item: Life Orb\n|\n|-sideend|p2: Highkage2|move: Light Screen\n|-fieldend|move: Trick Room\n|upkeep\n|\n|t:|1775120026\n|switch|p2b: Miraidon|Miraidon, L50|72/100\n|-activate|p2b: Miraidon|ability: Hadron Engine\n|turn|8\n|\n|t:|1775120033\n|move|p1a: Miraidon|Electro Drift|p2a: Urshifu\n|-supereffective|p2a: Urshifu\n|-damage|p2a: Urshifu|0 fnt\n|faint|p2a: Urshifu\n|-damage|p1a: Miraidon|48/100|[from] item: Life Orb\n|move|p2b: Miraidon|Draco Meteor|p1a: Miraidon|[miss]\n|-miss|p2b: Miraidon|p1a: Miraidon\n|\n|upkeep\n|turn|9\n|j| HildaVGC's\n|\n|t:|1775120044\n|move|p1a: Miraidon|Draco Meteor|p2b: Miraidon\n|-supereffective|p2b: Miraidon\n|-damage|p2b: Miraidon|0 fnt\n|-unboost|p1a: Miraidon|spa|2\n|faint|p2b: Miraidon\n|-damage|p1a: Miraidon|38/100|[from] item: Life Orb\n|\n|win|W3s05\n|raw|W3s05's rating: 1400 &rarr; <strong>1427</strong><br />(+27 for winning)\n|raw|Highkage2's rating: 1527 &rarr; <strong>1500</strong><br />(-27 for losing)\n|l|\u2606W3s05\n|player|p1|\n|l| HildaVGC's\n","uploadtime":1775120208,"views":19,"formatid":"gen9vgc2026regi","rating":1427,"private":0,"password":null}