{"id":"gen9vgc2026regi-2526618230","format":"[Gen 9] VGC 2026 Reg I","players":["ultrakfc","i\u2764\u5a1c\u7984forever"],"log":"|j|\u2606ultrakfc\n|j|\u2606i\u2764\u5a1c\u7984forever\n|t:|1769441278\n|gametype|doubles\n|player|p1|ultrakfc|iris-gen5bw2|1399\n|player|p2|i\u2764\u5a1c\u7984forever|youngcouple-gen4dp|1350\n|gen|9\n|tier|[Gen 9] VGC 2026 Reg I\n|rated|\n|rule|Species Clause: Limit one of each Pok\u00e9mon\n|rule|Item Clause: Limit 1 of each item\n|clearpoke\n|poke|p1|Calyrex-Shadow, L50|\n|poke|p1|Zamazenta-*, L50|\n|poke|p1|Chien-Pao, L50|\n|poke|p1|Raging Bolt, L50|\n|poke|p1|Ting-Lu, L50|\n|poke|p1|Amoonguss, L50, F|\n|poke|p2|Groudon, L50|\n|poke|p2|Kyurem-White, L50|\n|poke|p2|Sableye, L50, F|\n|poke|p2|Brute Bonnet, L50|\n|poke|p2|Heatran, L50, M|\n|poke|p2|Whimsicott, L50, F|\n|teampreview|4\n|\n|t:|1769441329\n|teamsize|p1|4\n|teamsize|p2|4\n|start\n|switch|p1a: Zamazenta|Zamazenta-Crowned, L50|100/100\n|switch|p1b: Chien-Pao|Chien-Pao, L50|100/100\n|switch|p2a: Kyurem|Kyurem-White, L50|100/100\n|switch|p2b: Whimsicott|Whimsicott, L50, F|100/100\n|-ability|p1b: Chien-Pao|Sword of Ruin\n|-ability|p1a: Zamazenta|Dauntless Shield|boost\n|-boost|p1a: Zamazenta|def|1\n|-ability|p2a: Kyurem|Turboblaze\n|turn|1\n|inactive|Battle timer is ON: inactive players will automatically lose when time's up. (requested by ultrakfc)\n|\n|t:|1769441348\n|move|p1b: Chien-Pao|Sucker Punch|p2a: Kyurem\n|-damage|p2a: Kyurem|48/100\n|-damage|p1b: Chien-Pao|91/100|[from] item: Life Orb\n|move|p2b: Whimsicott|Endeavor|p1a: Zamazenta\n|-damage|p1a: Zamazenta|63/100\n|move|p1a: Zamazenta|Heavy Slam|p2b: Whimsicott\n|-supereffective|p2b: Whimsicott\n|-enditem|p2b: Whimsicott|Focus Sash\n|-damage|p2b: Whimsicott|1/100\n|move|p2a: Kyurem|Fusion Flare|p1a: Zamazenta\n|-supereffective|p1a: Zamazenta\n|-damage|p1a: Zamazenta|0 fnt\n|faint|p1a: Zamazenta\n|\n|upkeep\n|\n|t:|1769441369\n|switch|p1a: Calyrex|Calyrex-Shadow, L50|100/100\n|-ability|p1a: Calyrex|As One\n|-ability|p1a: Calyrex|Unnerve\n|turn|2\n|\n|t:|1769441390\n|switch|p2a: Brute Bonnet|Brute Bonnet, L50|100/100\n|move|p1b: Chien-Pao|Protect|p1b: Chien-Pao\n|-singleturn|p1b: Chien-Pao|Protect\n|move|p2b: Whimsicott|Tailwind|p2b: Whimsicott\n|-sidestart|p2: i\u2764\u5a1c\u7984forever|move: Tailwind\n|move|p1a: Calyrex|Astral Barrage|p2a: Brute Bonnet|[spread] p2a,p2b\n|-resisted|p2a: Brute Bonnet\n|-damage|p2a: Brute Bonnet|81/100\n|-damage|p2b: Whimsicott|0 fnt\n|faint|p2b: Whimsicott\n|-ability|p1a: Calyrex|Grim Neigh|boost\n|-boost|p1a: Calyrex|spa|1\n|\n|upkeep\n|\n|t:|1769441400\n|switch|p2b: Groudon|Groudon, L50|100/100\n|-weather|SunnyDay|[from] ability: Drought|[of] p2b: Groudon\n|-activate|p2a: Brute Bonnet|ability: Protosynthesis\n|-start|p2a: Brute Bonnet|protosynthesisspd\n|turn|3\n|\n|t:|1769441416\n|move|p1a: Calyrex|Protect|p1a: Calyrex\n|-singleturn|p1a: Calyrex|Protect\n|move|p2a: Brute Bonnet|Sucker Punch||[still]\n|-fail|p2a: Brute Bonnet\n|move|p2b: Groudon|Precipice Blades|p1a: Calyrex|[spread] p1b\n|-activate|p1a: Calyrex|move: Protect\n|-damage|p1b: Chien-Pao|15/100\n|move|p1b: Chien-Pao|Taunt|p2a: Brute Bonnet\n|-start|p2a: Brute Bonnet|move: Taunt\n|\n|-weather|SunnyDay|[upkeep]\n|upkeep\n|turn|4\n|inactive|ultrakfc has 30 seconds left.\n|inactive|ultrakfc has 20 seconds left.\n|inactive|ultrakfc has 15 seconds left.\n|\n|t:|1769441457\n|-terastallize|p1b: Chien-Pao|Stellar\n|move|p1b: Chien-Pao|Sucker Punch|p2b: Groudon\n|-damage|p2b: Groudon|49/100\n|-damage|p1b: Chien-Pao|6/100|[from] item: Life Orb\n|move|p2a: Brute Bonnet|Sucker Punch||[still]\n|-fail|p2a: Brute Bonnet\n|move|p2b: Groudon|Precipice Blades|p1a: Calyrex|[spread] p1a,p1b\n|-damage|p1a: Calyrex|8/100\n|-damage|p1b: Chien-Pao|0 fnt\n|faint|p1b: Chien-Pao\n|move|p1a: Calyrex|Encore|p2a: Brute Bonnet\n|-start|p2a: Brute Bonnet|Encore\n|\n|-weather|SunnyDay|[upkeep]\n|upkeep\n|\n|t:|1769441467\n|switch|p1b: Raging Bolt|Raging Bolt, L50|100/100\n|-activate|p1b: Raging Bolt|ability: Protosynthesis\n|-start|p1b: Raging Bolt|protosynthesisspa\n|turn|5\n|\n|t:|1769441482\n|move|p1a: Calyrex|Protect|p1a: Calyrex\n|-singleturn|p1a: Calyrex|Protect\n|move|p1b: Raging Bolt|Protect|p1b: Raging Bolt\n|-singleturn|p1b: Raging Bolt|Protect\n|move|p2a: Brute Bonnet|Sucker Punch||[still]\n|-fail|p2a: Brute Bonnet\n|move|p2b: Groudon|Precipice Blades|p1b: Raging Bolt|[spread] \n|-activate|p1a: Calyrex|move: Protect\n|-activate|p1b: Raging Bolt|move: Protect\n|\n|-weather|SunnyDay|[upkeep]\n|-sideend|p2: i\u2764\u5a1c\u7984forever|move: Tailwind\n|upkeep\n|turn|6\n|\n|t:|1769441500\n|move|p1a: Calyrex|Protect||[still]\n|-fail|p1a: Calyrex\n|move|p2a: Brute Bonnet|Sucker Punch||[still]\n|-fail|p2a: Brute Bonnet\n|move|p2b: Groudon|Precipice Blades|p1b: Raging Bolt|[spread] p1a,p1b\n|-supereffective|p1b: Raging Bolt\n|-damage|p1a: Calyrex|0 fnt\n|-damage|p1b: Raging Bolt|15/100\n|faint|p1a: Calyrex\n|move|p1b: Raging Bolt|Draco Meteor|p2b: Groudon\n|-damage|p2b: Groudon|0 fnt\n|-unboost|p1b: Raging Bolt|spa|2\n|faint|p2b: Groudon\n|\n|-weather|SunnyDay|[upkeep]\n|-end|p2a: Brute Bonnet|move: Taunt\n|upkeep\n|\n|t:|1769441510\n|switch|p2b: Kyurem|Kyurem-White, L50|48/100\n|-ability|p2b: Kyurem|Turboblaze\n|turn|7\n|-message|ultrakfc forfeited.\n|\n|win|i\u2764\u5a1c\u7984forever\n|raw|ultrakfc's rating: 1399 &rarr; <strong>1376</strong><br />(-23 for losing)\n|raw|i\u2764\u5a1c\u7984forever's rating: 1350 &rarr; <strong>1373</strong><br />(+23 for winning)\n|l|\u2606ultrakfc\n|player|p1|\n|l|\u2606i\u2764\u5a1c\u7984forever\n|player|p2|\n","uploadtime":1769441753,"views":9,"formatid":"gen9vgc2026regi","rating":1373,"private":0,"password":null}