{"id":"gen9vgc2026regi-2548505994","format":"[Gen 9] VGC 2026 Reg I","players":["partigiano jonny","Tepig_nNz_498"],"log":"|j|\u2606partigiano jonny\n|j|\u2606Tepig_nNz_498\n|t:|1772221547\n|gametype|doubles\n|player|p1|partigiano jonny|volkner|1438\n|player|p2|Tepig_nNz_498|169|1429\n|gen|9\n|tier|[Gen 9] VGC 2026 Reg I\n|rated|\n|rule|Species Clause: Limit one of each Pok\u00e9mon\n|rule|Item Clause: Limit 1 of each item\n|clearpoke\n|poke|p1|Terapagos, L50, M|\n|poke|p1|Miraidon, L50|\n|poke|p1|Incineroar, L50, F|\n|poke|p1|Iron Treads, L50|\n|poke|p1|Sinistcha, L50|\n|poke|p1|Urshifu-*, L50, M|\n|poke|p2|Ludicolo, L50, M|\n|poke|p2|Kyogre, L50|\n|poke|p2|Amoonguss, L50, M|\n|poke|p2|Tornadus, L50, M|\n|poke|p2|Zacian-*, L50|\n|poke|p2|Urshifu-*, L50, M|\n|teampreview|4\n|inactive|Battle timer is ON: inactive players will automatically lose when time's up. (requested by partigiano jonny)\n|\n|t:|1772221575\n|teamsize|p1|4\n|teamsize|p2|4\n|start\n|switch|p1a: Miraidon|Miraidon, L50|100/100\n|switch|p1b: Urshifu|Urshifu-Rapid-Strike, L50, M|100/100\n|switch|p2a: Ludicolo|Ludicolo, L50, M|100/100\n|switch|p2b: Tornadus|Tornadus, L50, M|100/100\n|-fieldstart|move: Electric Terrain|[from] ability: Hadron Engine|[of] p1a: Miraidon\n|turn|1\n|inactive|partigiano jonny has 30 seconds left.\n|inactive|partigiano jonny has 20 seconds left.\n|\n|t:|1772221614\n|move|p1b: Urshifu|Protect|p1b: Urshifu\n|-singleturn|p1b: Urshifu|Protect\n|move|p2b: Tornadus|Tailwind|p2b: Tornadus\n|-sidestart|p2: Tepig_nNz_498|move: Tailwind\n|move|p2a: Ludicolo|Energy Ball|p1b: Urshifu\n|-activate|p1b: Urshifu|move: Protect\n|move|p1a: Miraidon|Volt Switch|p2a: Ludicolo\n|-damage|p2a: Ludicolo|50/100\n|\n|t:|1772221623\n|switch|p1a: Terapagos|Terapagos, L50, M|100/100|[from] Volt Switch\n|-activate|p1a: Terapagos|ability: Tera Shift\n|detailschange|p1a: Terapagos|Terapagos-Terastal, L50, M\n|-heal|p1a: Terapagos|100/100|[silent]\n|-enditem|p1a: Terapagos|Electric Seed\n|-boost|p1a: Terapagos|def|1|[from] item: Electric Seed\n|\n|upkeep\n|turn|2\n|\n|t:|1772221632\n|switch|p1b: Miraidon|Miraidon, L50|100/100\n|-activate|p1b: Miraidon|ability: Hadron Engine\n|move|p2b: Tornadus|Taunt|p1a: Terapagos\n|-start|p1a: Terapagos|move: Taunt\n|move|p2a: Ludicolo|Energy Ball|p1b: Miraidon\n|-resisted|p1b: Miraidon\n|-damage|p1b: Miraidon|91/100\n|cant|p1a: Terapagos|move: Taunt|Calm Mind\n|\n|upkeep\n|turn|3\n|\n|t:|1772221648\n|move|p2b: Tornadus|Bleakwind Storm|p1a: Terapagos|[spread] \n|-miss|p2b: Tornadus|p1a: Terapagos\n|-miss|p2b: Tornadus|p1b: Miraidon\n|move|p2a: Ludicolo|Icy Wind|p1a: Terapagos|[spread] p1a,p1b\n|-activate|p1a: Terapagos|ability: Tera Shell\n|-resisted|p1a: Terapagos\n|-supereffective|p1b: Miraidon\n|-damage|p1a: Terapagos|95/100\n|-damage|p1b: Miraidon|77/100\n|-unboost|p1a: Terapagos|spe|1\n|-unboost|p1b: Miraidon|spe|1\n|move|p1b: Miraidon|Volt Switch|p2b: Tornadus\n|-supereffective|p2b: Tornadus\n|-enditem|p2b: Tornadus|Focus Sash\n|-damage|p2b: Tornadus|1/100\n|\n|t:|1772221666\n|switch|p1b: Sinistcha|Sinistcha, L50|100/100|[from] Volt Switch\n|-heal|p1a: Terapagos|100/100|[from] ability: Hospitality|[of] p1b: Sinistcha\n|move|p1a: Terapagos|Tera Starstorm|p2b: Tornadus\n|-damage|p2b: Tornadus|0 fnt\n|faint|p2b: Tornadus\n|\n|upkeep\n|\n|t:|1772221674\n|switch|p2b: Zacian|Zacian-Crowned, L50, shiny|100/100\n|-ability|p2b: Zacian|Intrepid Sword|boost\n|-boost|p2b: Zacian|atk|1\n|turn|4\n|\n|t:|1772221684\n|-terastallize|p1a: Terapagos|Stellar\n|detailschange|p1a: Terapagos|Terapagos-Stellar, L50, M, tera:Stellar\n|-heal|p1a: Terapagos|100/100|[silent]\n|-ability|p1a: Terapagos|Teraform Zero\n|-fieldend|move: Electric Terrain\n|move|p2b: Zacian|Behemoth Blade|p1b: Sinistcha\n|-damage|p1b: Sinistcha|30/100\n|move|p2a: Ludicolo|Energy Ball|p1a: Terapagos\n|-damage|p1a: Terapagos|77/100\n|move|p1a: Terapagos|Earth Power|p2b: Zacian\n|-supereffective|p2b: Zacian\n|-damage|p2b: Zacian|35/100\n|move|p1b: Sinistcha|Trick Room|p1b: Sinistcha\n|-fieldstart|move: Trick Room|[of] p1b: Sinistcha\n|\n|-end|p1a: Terapagos|move: Taunt\n|-sideend|p2: Tepig_nNz_498|move: Tailwind\n|upkeep\n|turn|5\n|\n|t:|1772221701\n|move|p1a: Terapagos|Tera Starstorm|p2b: Zacian|[spread] p2a,p2b\n|-damage|p2a: Ludicolo|23/100\n|-damage|p2b: Zacian|0 fnt\n|faint|p2b: Zacian\n|move|p1b: Sinistcha|Shadow Ball|p2a: Ludicolo\n|-damage|p2a: Ludicolo|0 fnt\n|faint|p2a: Ludicolo\n|\n|upkeep\n|-message|Tepig_nNz_498 forfeited.\n|\n|win|partigiano jonny\n|raw|partigiano jonny's rating: 1438 &rarr; <strong>1457</strong><br />(+19 for winning)\n|raw|Tepig_nNz_498's rating: 1429 &rarr; <strong>1410</strong><br />(-19 for losing)\n|l|\u2606Tepig_nNz_498\n|player|p2|\n|l|\u2606partigiano jonny\n|player|p1|\n","uploadtime":1772221708,"views":16,"formatid":"gen9vgc2026regi","rating":1410,"private":0,"password":null}