{"id":"gen9vgc2026regi-2585591030","format":"[Gen 9] VGC 2026 Reg I","players":["BleachyBoi_426","offmetauser4life"],"log":"|j|\u2606BleachyBoi_426\n|j|\u2606offmetauser4life\n|t:|1776357512\n|gametype|doubles\n|player|p1|BleachyBoi_426|n|1520\n|player|p2|offmetauser4life|102|1420\n|gen|9\n|tier|[Gen 9] VGC 2026 Reg I\n|rated|\n|rule|Species Clause: Limit one of each Pok\u00e9mon\n|rule|Item Clause: Limit 1 of each item\n|clearpoke\n|poke|p1|Tornadus, L50, M|\n|poke|p1|Kyogre, L50|\n|poke|p1|Zacian-*, L50|\n|poke|p1|Grimmsnarl, L50, M|\n|poke|p1|Urshifu-*, L50, F|\n|poke|p1|Brute Bonnet, L50|\n|poke|p2|Eternatus, L50|\n|poke|p2|Zacian-*, L50|\n|poke|p2|Rillaboom, L50, F|\n|poke|p2|Chi-Yu, L50|\n|poke|p2|Tornadus, L50, M|\n|poke|p2|Landorus, L50, M|\n|teampreview|4\n|l|\u2606offmetauser4life\n|player|p2|\n|inactive|Battle timer is ON: inactive players will automatically lose when time's up. (requested by BleachyBoi_426)\n|j|\u2606offmetauser4life\n|inactive|offmetauser4life reconnected and has 90 seconds left.\n|player|p2|offmetauser4life|102|\n|c|\u2606BleachyBoi_426|offmeta stuff is always fun\n|c|\u2606offmetauser4life|My fav\n|inactive|BleachyBoi_426 has 60 seconds left.\n|c|\u2606offmetauser4life|My other team is more fun though picked the wrong team\n|j| bytedance\n|inactive|BleachyBoi_426 has 30 seconds left.\n|c|\u2606BleachyBoi_426|kyurem white?\n|inactive|BleachyBoi_426 has 20 seconds left.\n|\n|t:|1776357593\n|teamsize|p1|4\n|teamsize|p2|4\n|start\n|switch|p1a: Sawyer|Zacian-Crowned, L50|100/100\n|switch|p1b: Karamari|Grimmsnarl, L50, M|100/100\n|switch|p2a: Tornadus|Tornadus, L50, M|100/100\n|switch|p2b: Rillaboom|Rillaboom, L50, F|100/100\n|-ability|p1a: Sawyer|Intrepid Sword|boost\n|-boost|p1a: Sawyer|atk|1\n|-fieldstart|move: Grassy Terrain|[from] ability: Grassy Surge|[of] p2b: Rillaboom\n|turn|1\n|\n|t:|1776357610\n|move|p2b: Rillaboom|Fake Out|p1b: Karamari\n|-damage|p1b: Karamari|88/100\n|move|p2a: Tornadus|Tailwind|p2a: Tornadus\n|-sidestart|p2: offmetauser4life|move: Tailwind\n|cant|p1b: Karamari|flinch\n|move|p1a: Sawyer|Behemoth Blade|p2b: Rillaboom\n|-damage|p2b: Rillaboom|14/100\n|\n|-heal|p2b: Rillaboom|20/100|[from] Grassy Terrain\n|-heal|p1b: Karamari|94/100|[from] Grassy Terrain\n|upkeep\n|turn|2\n|\n|t:|1776357625\n|move|p1b: Karamari|Reflect|p1b: Karamari\n|-sidestart|p1: BleachyBoi_426|Reflect\n|move|p2a: Tornadus|Bleakwind Storm|p1a: Sawyer|[spread] p1a,p1b\n|-resisted|p1a: Sawyer\n|-damage|p1a: Sawyer|87/100\n|-damage|p1b: Karamari|60/100\n|-unboost|p1a: Sawyer|spe|1\n|-unboost|p1b: Karamari|spe|1\n|move|p2b: Rillaboom|U-turn|p1a: Sawyer\n|-resisted|p1a: Sawyer\n|-damage|p1a: Sawyer|83/100\n|\n|t:|1776357637\n|switch|p2b: Eternatus|Eternatus, L50|100/100|[from] U-turn\n|-ability|p2b: Eternatus|Pressure\n|move|p1a: Sawyer|Behemoth Blade|p2b: Eternatus\n|-damage|p2b: Eternatus|25/100\n|\n|-heal|p2b: Eternatus|31/100|[from] Grassy Terrain\n|-heal|p1a: Sawyer|90/100|[from] Grassy Terrain\n|-heal|p1b: Karamari|66/100|[from] Grassy Terrain\n|upkeep\n|turn|3\n|\n|t:|1776357646\n|move|p1b: Karamari|Light Screen|p1b: Karamari\n|-sidestart|p1: BleachyBoi_426|move: Light Screen\n|move|p2b: Eternatus|Flamethrower|p1a: Sawyer\n|-supereffective|p1a: Sawyer\n|-damage|p1a: Sawyer|29/100\n|move|p2a: Tornadus|Bleakwind Storm|p1a: Sawyer|[spread] p1b\n|-miss|p2a: Tornadus|p1a: Sawyer\n|-damage|p1b: Karamari|45/100\n|move|p1a: Sawyer|Behemoth Blade|p2b: Eternatus\n|-damage|p2b: Eternatus|0 fnt\n|faint|p2b: Eternatus\n|\n|-heal|p1a: Sawyer|35/100|[from] Grassy Terrain\n|-heal|p1b: Karamari|50/100|[from] Grassy Terrain\n|upkeep\n|\n|t:|1776357654\n|switch|p2b: Zacian|Zacian-Crowned, L50|100/100\n|-ability|p2b: Zacian|Intrepid Sword|boost\n|-boost|p2b: Zacian|atk|1\n|turn|4\n|\n|t:|1776357666\n|move|p2b: Zacian|Play Rough|p1a: Sawyer\n|-resisted|p1a: Sawyer\n|-damage|p1a: Sawyer|13/100\n|move|p2a: Tornadus|Bleakwind Storm|p1b: Karamari|[spread] p1a,p1b\n|-resisted|p1a: Sawyer\n|-damage|p1a: Sawyer|3/100\n|-damage|p1b: Karamari|29/100\n|move|p1a: Sawyer|Behemoth Blade|p2b: Zacian\n|-damage|p2b: Zacian|27/100\n|move|p1b: Karamari|Foul Play|p2b: Zacian\n|-resisted|p2b: Zacian\n|-damage|p2b: Zacian|0 fnt\n|faint|p2b: Zacian\n|\n|-heal|p1a: Sawyer|10/100|[from] Grassy Terrain\n|-heal|p1b: Karamari|35/100|[from] Grassy Terrain\n|-sideend|p2: offmetauser4life|move: Tailwind\n|upkeep\n|\n|t:|1776357674\n|switch|p2b: Rillaboom|Rillaboom, L50, F|20/100\n|turn|5\n|l|\u2606offmetauser4life\n|inactive|offmetauser4life disconnected and has a minute to reconnect!\n|player|p2|\n|inactive|offmetauser4life has 30 seconds left.\n|inactive|offmetauser4life has 20 seconds left.\n|inactive|offmetauser4life has 15 seconds left.\n|inactive|offmetauser4life has 10 seconds left.\n|inactive|offmetauser4life has 5 seconds left.\n|-message|offmetauser4life lost due to inactivity.\n|\n|win|BleachyBoi_426\n|raw|BleachyBoi_426's rating: 1520 &rarr; <strong>1534</strong><br />(+14 for winning)\n|raw|offmetauser4life's rating: 1420 &rarr; <strong>1406</strong><br />(-14 for losing)\n|c|\u2606BleachyBoi_426|oof\n|c|\u2606BleachyBoi_426|I hope hes alright\n","uploadtime":1776357743,"views":10,"formatid":"gen9vgc2026regi","rating":1406,"private":0,"password":null}