{"id":"gen9vgc2026regi-2521194834","format":"[Gen 9] VGC 2026 Reg I","players":["sujisuji","j0l0k0"],"log":"|j|\u2606sujisuji\n|j|\u2606j0l0k0\n|t:|1768745485\n|gametype|doubles\n|player|p1|sujisuji|eusine|1221\n|player|p2|j0l0k0|brycen|1210\n|gen|9\n|tier|[Gen 9] VGC 2026 Reg I\n|rated|\n|rule|Species Clause: Limit one of each Pok\u00e9mon\n|rule|Item Clause: Limit 1 of each item\n|clearpoke\n|poke|p1|Giratina, L50|\n|poke|p1|Primarina, L50, M|\n|poke|p1|Empoleon, L50, M|\n|poke|p1|Snorlax, L50, F|\n|poke|p1|Dialga, L50|\n|poke|p1|Landorus-Therian, L50, M|\n|poke|p2|Calyrex-Ice, L50|\n|poke|p2|Kyogre, L50|\n|poke|p2|Indeedee-F, L50, F|\n|poke|p2|Urshifu-*, L50, F|\n|poke|p2|Amoonguss, L50, F|\n|poke|p2|Landorus, L50, M|\n|teampreview|4\n|inactive|Battle timer is ON: inactive players will automatically lose when time's up. (requested by j0l0k0)\n|inactive|sujisuji also wants the timer to be on.\n|inactive|sujisuji has 60 seconds left.\n|inactive|j0l0k0 has 60 seconds left.\n|\n|t:|1768745538\n|teamsize|p1|4\n|teamsize|p2|4\n|start\n|switch|p1a: Empoleon|Empoleon, L50, M|100/100\n|switch|p1b: Primarina|Primarina, L50, M|100/100\n|switch|p2a: Indeedee|Indeedee-F, L50, F, shiny|100/100\n|switch|p2b: Calyrex|Calyrex-Ice, L50|100/100\n|-ability|p2b: Calyrex|As One\n|-ability|p2b: Calyrex|Unnerve\n|-fieldstart|move: Psychic Terrain|[from] ability: Psychic Surge|[of] p2a: Indeedee\n|turn|1\n|\n|t:|1768745560\n|move|p2a: Indeedee|Follow Me|p2a: Indeedee\n|-singleturn|p2a: Indeedee|move: Follow Me\n|move|p1b: Primarina|Hyper Voice|p2b: Calyrex|[spread] p2a,p2b\n|-damage|p2a: Indeedee|75/100\n|-damage|p2b: Calyrex|81/100\n|move|p1a: Empoleon|Flash Cannon|p2a: Indeedee\n|-damage|p2a: Indeedee|46/100\n|move|p2b: Calyrex|Trick Room|p2b: Calyrex\n|-fieldstart|move: Trick Room|[of] p2b: Calyrex\n|\n|upkeep\n|turn|2\n|\n|t:|1768745582\n|move|p2a: Indeedee|Follow Me|p2a: Indeedee\n|-singleturn|p2a: Indeedee|move: Follow Me\n|move|p2b: Calyrex|Close Combat|p1a: Empoleon\n|-supereffective|p1a: Empoleon\n|-damage|p1a: Empoleon|16/100\n|-unboost|p2b: Calyrex|def|1\n|-unboost|p2b: Calyrex|spd|1\n|move|p1b: Primarina|Draining Kiss|p2a: Indeedee\n|-damage|p2a: Indeedee|27/100\n|move|p1a: Empoleon|Flash Cannon|p2a: Indeedee\n|-damage|p2a: Indeedee|0 fnt\n|faint|p2a: Indeedee\n|\n|upkeep\n|\n|t:|1768745593\n|switch|p2a: Kyogre|Kyogre, L50, shiny|100/100\n|-weather|RainDance|[from] ability: Drizzle|[of] p2a: Kyogre\n|turn|3\n|\n|t:|1768745605\n|switch|p1a: Dialga|Dialga, L50|100/100\n|move|p2b: Calyrex|Glacial Lance|p1a: Dialga|[spread] p1a,p1b\n|-resisted|p1b: Primarina\n|-damage|p1a: Dialga|55/100\n|-damage|p1b: Primarina|77/100\n|move|p1b: Primarina|Hyper Voice|p2b: Calyrex|[spread] p2a,p2b\n|-resisted|p2a: Kyogre\n|-damage|p2a: Kyogre|92/100\n|-damage|p2b: Calyrex|37/100\n|move|p2a: Kyogre|Thunder|p1b: Primarina\n|-supereffective|p1b: Primarina\n|-damage|p1b: Primarina|0 fnt\n|faint|p1b: Primarina\n|\n|-weather|RainDance|[upkeep]\n|upkeep\n|\n|t:|1768745627\n|switch|p1b: Giratina|Giratina, L50|100/100\n|turn|4\n|inactive|sujisuji has 30 seconds left.\n|\n|t:|1768745659\n|-terastallize|p1b: Giratina|Dark\n|move|p2b: Calyrex|Glacial Lance|p1b: Giratina|[spread] p1a,p1b\n|-damage|p1a: Dialga|12/100\n|-damage|p1b: Giratina|72/100\n|move|p2a: Kyogre|Water Spout|p1b: Giratina|[spread] p1a,p1b\n|-resisted|p1a: Dialga\n|-damage|p1a: Dialga|0 fnt\n|-damage|p1b: Giratina|15/100\n|faint|p1a: Dialga\n|move|p1b: Giratina|Shadow Ball|p2b: Calyrex\n|-supereffective|p2b: Calyrex\n|-damage|p2b: Calyrex|0 fnt\n|-enditem|p1b: Giratina|Iapapa Berry|[eat]\n|-heal|p1b: Giratina|48/100|[from] item: Iapapa Berry\n|faint|p2b: Calyrex\n|\n|-weather|RainDance|[upkeep]\n|upkeep\n|\n|t:|1768745674\n|switch|p2b: Landorus|Landorus, L50, M, shiny|100/100\n|switch|p1a: Empoleon|Empoleon, L50, M|16/100\n|-enditem|p1a: Empoleon|Aguav Berry|[eat]\n|-heal|p1a: Empoleon|49/100|[from] item: Aguav Berry\n|turn|5\n|\n|t:|1768745691\n|-terastallize|p2b: Landorus|Steel\n|move|p1a: Empoleon|Surf|p2b: Landorus|[spread] p2a,p2b\n|-activate|p1b: Giratina|ability: Telepathy\n|-resisted|p2a: Kyogre\n|-damage|p2a: Kyogre|82/100\n|-damage|p2b: Landorus|53/100\n|move|p2b: Landorus|Sandsear Storm|p1b: Giratina|[spread] p1a,p1b\n|-supereffective|p1a: Empoleon\n|-damage|p1a: Empoleon|0 fnt\n|-damage|p1b: Giratina|9/100\n|faint|p1a: Empoleon\n|move|p2a: Kyogre|Water Spout|p1b: Giratina\n|-damage|p1b: Giratina|0 fnt\n|faint|p1b: Giratina\n|\n|win|j0l0k0\n|raw|sujisuji's rating: 1221 &rarr; <strong>1195</strong><br />(-26 for losing)\n|raw|j0l0k0's rating: 1210 &rarr; <strong>1236</strong><br />(+26 for winning)\n|c|\u2606sujisuji|g\n|l|\u2606sujisuji\n|player|p1|\n|c|\u2606j0l0k0|ggwp\n|l|\u2606j0l0k0\n|player|p2|\n","uploadtime":1768745878,"views":11,"formatid":"gen9vgc2026regi","rating":1195,"private":0,"password":null}