{"id":"gen9vgc2026regi-2577801758","format":"[Gen 9] VGC 2026 Reg I","players":["adamscountysheriff","navinsachump"],"log":"|j|\u2606adamscountysheriff\n|j|\u2606navinsachump\n|t:|1775607385\n|gametype|doubles\n|player|p1|adamscountysheriff|policeman-gen4|1416\n|player|p2|navinsachump|265|1499\n|gen|9\n|tier|[Gen 9] VGC 2026 Reg I\n|rated|\n|rule|Species Clause: Limit one of each Pok\u00e9mon\n|rule|Item Clause: Limit 1 of each item\n|clearpoke\n|poke|p1|Ho-Oh, L50|\n|poke|p1|Overqwil, L50, F|\n|poke|p1|Ting-Lu, L50|\n|poke|p1|Calyrex-Ice, L50|\n|poke|p1|Rillaboom, L50, M|\n|poke|p1|Ogerpon-Wellspring, L50, F|\n|poke|p2|Calyrex-Shadow, L50|\n|poke|p2|Koraidon, L50|\n|poke|p2|Raging Bolt, L50|\n|poke|p2|Brute Bonnet, L50|\n|poke|p2|Landorus, L50, M|\n|poke|p2|Incineroar, L50, M|\n|teampreview|4\n|inactive|Battle timer is ON: inactive players will automatically lose when time's up. (requested by navinsachump)\n|\n|t:|1775607421\n|teamsize|p1|4\n|teamsize|p2|4\n|start\n|switch|p1a: Ho-Oh|Ho-Oh, L50|100/100\n|switch|p1b: Overqwil|Overqwil, L50, F|100/100\n|switch|p2a: Calyrex|Calyrex-Shadow, L50|100/100\n|switch|p2b: Koraidon|Koraidon, L50|100/100\n|-ability|p2a: Calyrex|As One\n|-ability|p2a: Calyrex|Unnerve\n|-weather|SunnyDay|[from] ability: Orichalcum Pulse|[of] p2b: Koraidon\n|-activate|p2b: Koraidon|Orichalcum Pulse|[source]\n|-ability|p1b: Overqwil|Intimidate|boost\n|-unboost|p2a: Calyrex|atk|1\n|-fail|p2b: Koraidon|unboost|[from] item: Clear Amulet|[of] p2b: Koraidon\n|turn|1\n|\n|t:|1775607441\n|-terastallize|p2b: Koraidon|Fire\n|move|p2a: Calyrex|Protect|p2a: Calyrex\n|-singleturn|p2a: Calyrex|Protect\n|move|p2b: Koraidon|Flare Blitz|p1b: Overqwil\n|-damage|p1b: Overqwil|0 fnt\n|faint|p1b: Overqwil\n|-damage|p2b: Koraidon|68/100|[from] Recoil\n|move|p1a: Ho-Oh|Sacred Fire|p2a: Calyrex\n|-activate|p2a: Calyrex|move: Protect\n|\n|-weather|SunnyDay|[upkeep]\n|upkeep\n|\n|t:|1775607449\n|switch|p1b: Calyrex|Calyrex-Ice, L50|100/100\n|-ability|p1b: Calyrex|As One\n|-ability|p1b: Calyrex|Unnerve\n|turn|2\n|\n|t:|1775607462\n|-terastallize|p1b: Calyrex|Water\n|move|p2a: Calyrex|Astral Barrage|p1b: Calyrex|[spread] p1a,p1b\n|-damage|p1a: Ho-Oh|69/100\n|-damage|p1b: Calyrex|67/100\n|move|p2b: Koraidon|Flare Blitz|p1b: Calyrex\n|-resisted|p1b: Calyrex\n|-damage|p1b: Calyrex|34/100\n|-damage|p2b: Koraidon|56/100|[from] Recoil\n|move|p1a: Ho-Oh|Sacred Fire|p2a: Calyrex\n|-damage|p2a: Calyrex|19/100\n|move|p1b: Calyrex|Trick Room|p1b: Calyrex\n|-fieldstart|move: Trick Room|[of] p1b: Calyrex\n|\n|-weather|SunnyDay|[upkeep]\n|-heal|p1b: Calyrex|40/100|[from] item: Leftovers\n|upkeep\n|turn|3\n|inactive|navinsachump has 30 seconds left.\n|\n|t:|1775607487\n|switch|p2a: Incineroar|Incineroar, L50, M|100/100\n|-ability|p2a: Incineroar|Intimidate|boost\n|-unboost|p1a: Ho-Oh|atk|1\n|-unboost|p1b: Calyrex|atk|1\n|move|p2b: Koraidon|Protect|p2b: Koraidon\n|-singleturn|p2b: Koraidon|Protect\n|move|p1b: Calyrex|Glacial Lance|p2a: Incineroar|[spread] p2a\n|-activate|p2b: Koraidon|move: Protect\n|-resisted|p2a: Incineroar\n|-damage|p2a: Incineroar|89/100\n|move|p1a: Ho-Oh|Life Dew|p1a: Ho-Oh|[spread] p1a,p1b\n|-heal|p1a: Ho-Oh|94/100\n|-heal|p1b: Calyrex|65/100\n|\n|-weather|SunnyDay|[upkeep]\n|-heal|p1b: Calyrex|71/100|[from] item: Leftovers\n|upkeep\n|turn|4\n|\n|t:|1775607505\n|move|p2a: Incineroar|Fake Out|p1a: Ho-Oh\n|-damage|p1a: Ho-Oh|86/100\n|-damage|p2a: Incineroar|72/100|[from] item: Rocky Helmet|[of] p1a: Ho-Oh\n|move|p1b: Calyrex|Leech Seed|p2b: Koraidon\n|-start|p2b: Koraidon|move: Leech Seed\n|cant|p1a: Ho-Oh|flinch\n|move|p2b: Koraidon|Collision Course|p1b: Calyrex\n|-damage|p1b: Calyrex|35/100\n|\n|-weather|SunnyDay|[upkeep]\n|-heal|p1b: Calyrex|41/100|[from] item: Leftovers\n|-damage|p2b: Koraidon|44/100|[from] Leech Seed|[of] p1b: Calyrex\n|-heal|p1b: Calyrex|52/100|[silent]\n|upkeep\n|turn|5\n|\n|t:|1775607520\n|switch|p2b: Raging Bolt|Raging Bolt, L50|100/100\n|-activate|p2b: Raging Bolt|ability: Protosynthesis\n|-start|p2b: Raging Bolt|protosynthesisspa\n|move|p1b: Calyrex|Leech Seed|p2a: Incineroar\n|-start|p2a: Incineroar|move: Leech Seed\n|move|p2a: Incineroar|Knock Off|p1b: Calyrex\n|-damage|p1b: Calyrex|31/100\n|-enditem|p1b: Calyrex|Leftovers|[from] move: Knock Off|[of] p2a: Incineroar\n|move|p1a: Ho-Oh|Life Dew|p1a: Ho-Oh|[spread] p1a,p1b\n|-heal|p1a: Ho-Oh|100/100\n|-heal|p1b: Calyrex|57/100\n|\n|-weather|none\n|-end|p2b: Raging Bolt|Protosynthesis\n|-damage|p2a: Incineroar|60/100|[from] Leech Seed|[of] p1b: Calyrex\n|-heal|p1b: Calyrex|69/100|[silent]\n|upkeep\n|turn|6\n|inactive|navinsachump has 30 seconds left.\n|\n|t:|1775607545\n|move|p1b: Calyrex|Glacial Lance|p2b: Raging Bolt|[spread] p2a,p2b\n|-resisted|p2a: Incineroar\n|-supereffective|p2b: Raging Bolt\n|-damage|p2a: Incineroar|47/100\n|-damage|p2b: Raging Bolt|47/100\n|move|p2a: Incineroar|Parting Shot|p1b: Calyrex\n|-unboost|p1b: Calyrex|atk|1\n|-unboost|p1b: Calyrex|spa|1\n|\n|t:|1775607553\n|switch|p2a: Koraidon|Koraidon, L50, tera:Fire|44/100|[from] Parting Shot\n|-weather|SunnyDay|[from] ability: Orichalcum Pulse|[of] p2a: Koraidon\n|-activate|p2b: Raging Bolt|ability: Protosynthesis\n|-start|p2b: Raging Bolt|protosynthesisspa\n|-activate|p2a: Koraidon|Orichalcum Pulse|[source]\n|move|p2b: Raging Bolt|Thunderbolt|p1b: Calyrex\n|-supereffective|p1b: Calyrex\n|-damage|p1b: Calyrex|0 fnt\n|faint|p1b: Calyrex\n|move|p1a: Ho-Oh|Life Dew||[still]\n|-fail|p1a: Ho-Oh|heal\n|\n|-weather|SunnyDay|[upkeep]\n|-fieldend|move: Trick Room\n|upkeep\n|\n|t:|1775607555\n|switch|p1b: Ogerpon|Ogerpon-Wellspring, L50, F|100/100\n|turn|7\n|-message|adamscountysheriff forfeited.\n|\n|win|navinsachump\n|raw|adamscountysheriff's rating: 1416 &rarr; <strong>1401</strong><br />(-15 for losing)\n|raw|navinsachump's rating: 1499 &rarr; <strong>1514</strong><br />(+15 for winning)\n|l|\u2606adamscountysheriff\n|player|p1|\n|l|\u2606navinsachump\n|player|p2|\n","uploadtime":1775607782,"views":7,"formatid":"gen9vgc2026regi","rating":1401,"private":0,"password":null}