{"id":"gen9vgc2026regi-2560280588","format":"[Gen 9] VGC 2026 Reg I","players":["jonen","Minimanuel_art"],"log":"|j|\u2606jonen\n|j|\u2606Minimanuel_art\n|t:|1773673467\n|gametype|doubles\n|player|p1|jonen|medium|1111\n|player|p2|Minimanuel_art|scientistf|1000\n|gen|9\n|tier|[Gen 9] VGC 2026 Reg I\n|rated|\n|rule|Species Clause: Limit one of each Pok\u00e9mon\n|rule|Item Clause: Limit 1 of each item\n|clearpoke\n|poke|p1|Groudon, L50|\n|poke|p1|Lunala, L50|\n|poke|p1|Sableye, L50, M|\n|poke|p1|Chi-Yu, L50|\n|poke|p1|Rillaboom, L50, F|\n|poke|p1|Jumpluff, L50, M|\n|poke|p2|Araquanid, L50, M|\n|poke|p2|Politoed, L50, M|\n|poke|p2|Scizor, L50, M|\n|poke|p2|Sinistcha, L50|\n|poke|p2|Arcanine-Hisui, L50, M|\n|poke|p2|Pelipper, L50, F|\n|teampreview|4\n|inactive|Battle timer is ON: inactive players will automatically lose when time's up. (requested by Minimanuel_art)\n|\n|t:|1773673493\n|teamsize|p1|4\n|teamsize|p2|4\n|start\n|switch|p1a: Lunala|Lunala, L50|100/100\n|switch|p1b: Sableye|Sableye, L50, M|100/100\n|switch|p2a: Arcanine|Arcanine-Hisui, L50, M, shiny|100/100\n|switch|p2b: Araquanid|Araquanid, L50, M, shiny|100/100\n|-ability|p2a: Arcanine|Intimidate|boost\n|-unboost|p1a: Lunala|atk|1\n|-unboost|p1b: Sableye|atk|1\n|turn|1\n|\n|t:|1773673509\n|move|p1b: Sableye|Gravity|p1b: Sableye\n|-fieldstart|move: Gravity\n|move|p1a: Lunala|Hypnosis|p2b: Araquanid\n|-status|p2b: Araquanid|slp|[from] move: Hypnosis\n|move|p2a: Arcanine|Head Smash|p1a: Lunala\n|-damage|p1a: Lunala|69/100\n|-damage|p2a: Arcanine|81/100|[from] Recoil\n|cant|p2b: Araquanid|slp\n|\n|upkeep\n|turn|2\n|\n|t:|1773673531\n|switch|p2a: Pelipper|Pelipper, L50, F, shiny|100/100\n|-weather|RainDance|[from] ability: Drizzle|[of] p2a: Pelipper\n|switch|p1b: Groudon|Groudon, L50|100/100\n|-weather|SunnyDay|[from] ability: Drought|[of] p1b: Groudon\n|move|p1a: Lunala|Hypnosis|p2a: Pelipper\n|-status|p2a: Pelipper|slp|[from] move: Hypnosis\n|cant|p2b: Araquanid|slp\n|\n|-weather|SunnyDay|[upkeep]\n|upkeep\n|turn|3\n|\n|t:|1773673554\n|switch|p2a: Arcanine|Arcanine-Hisui, L50, M, shiny|81/100\n|-ability|p2a: Arcanine|Intimidate|boost\n|-unboost|p1a: Lunala|atk|1\n|-unboost|p1b: Groudon|atk|1\n|cant|p2b: Araquanid|slp\n|move|p1a: Lunala|Moongeist Beam|p2b: Araquanid\n|-damage|p2b: Araquanid|69/100 slp\n|move|p1b: Groudon|Rock Slide|p2a: Arcanine|[spread] p2a,p2b\n|-supereffective|p2a: Arcanine\n|-supereffective|p2b: Araquanid\n|-damage|p2a: Arcanine|19/100\n|-damage|p2b: Araquanid|19/100 slp\n|\n|-weather|SunnyDay|[upkeep]\n|-heal|p2b: Araquanid|25/100 slp|[from] item: Leftovers\n|upkeep\n|turn|4\n|\n|t:|1773673572\n|switch|p1b: Rillaboom|Rillaboom, L50, F|100/100\n|-fieldstart|move: Grassy Terrain|[from] ability: Grassy Surge|[of] p1b: Rillaboom\n|-curestatus|p2b: Araquanid|slp|[msg]\n|move|p2b: Araquanid|Wide Guard|p2b: Araquanid\n|-singleturn|p2b: Araquanid|Wide Guard\n|move|p1a: Lunala|Moongeist Beam|p2b: Araquanid\n|-damage|p2b: Araquanid|0 fnt\n|faint|p2b: Araquanid\n|move|p2a: Arcanine|Will-O-Wisp|p1b: Rillaboom\n|-status|p1b: Rillaboom|brn\n|\n|-weather|SunnyDay|[upkeep]\n|-heal|p1a: Lunala|75/100|[from] Grassy Terrain\n|-heal|p2a: Arcanine|25/100|[from] Grassy Terrain\n|-damage|p1b: Rillaboom|95/100 brn|[from] brn\n|upkeep\n|\n|t:|1773673585\n|switch|p2b: Scizor|Scizor, L50, M, shiny|100/100\n|turn|5\n|\n|t:|1773673597\n|move|p1a: Lunala|Hypnosis|p2a: Arcanine\n|-status|p2a: Arcanine|slp|[from] move: Hypnosis\n|cant|p2a: Arcanine|slp\n|move|p1b: Rillaboom|U-turn|p2b: Scizor\n|-resisted|p2b: Scizor\n|-damage|p2b: Scizor|95/100\n|\n|t:|1773673603\n|switch|p1b: Groudon|Groudon, L50|100/100|[from] U-turn\n|move|p2b: Scizor|Bug Bite|p1a: Lunala\n|-damage|p1a: Lunala|25/100\n|\n|-weather|SunnyDay|[upkeep]\n|-heal|p1a: Lunala|32/100|[from] Grassy Terrain\n|-heal|p2a: Arcanine|30/100 slp|[from] Grassy Terrain\n|-heal|p2b: Scizor|100/100|[from] Grassy Terrain\n|-fieldend|move: Gravity\n|upkeep\n|turn|6\n|\n|t:|1773673621\n|switch|p1a: Sableye|Sableye, L50, M|100/100\n|-terastallize|p1b: Groudon|Fire\n|-terastallize|p2b: Scizor|Water\n|cant|p2a: Arcanine|slp\n|move|p1b: Groudon|Precipice Blades|p2a: Arcanine|[spread] p2b\n|-miss|p1b: Groudon|p2a: Arcanine\n|-damage|p2b: Scizor|12/100\n|move|p2b: Scizor|Bug Bite|p1a: Sableye\n|-damage|p1a: Sableye|48/100\n|\n|-weather|none\n|-heal|p2a: Arcanine|36/100 slp|[from] Grassy Terrain\n|-heal|p2b: Scizor|18/100|[from] Grassy Terrain\n|-heal|p1a: Sableye|54/100|[from] Grassy Terrain\n|upkeep\n|turn|7\n|inactive|Minimanuel_art has 30 seconds left.\n|\n|t:|1773673649\n|move|p1a: Sableye|Gravity|p1a: Sableye\n|-fieldstart|move: Gravity\n|-curestatus|p2a: Arcanine|slp|[msg]\n|move|p2a: Arcanine|Head Smash|p1b: Groudon\n|-supereffective|p1b: Groudon\n|-damage|p1b: Groudon|0 fnt\n|faint|p1b: Groudon\n|-damage|p2a: Arcanine|0 fnt|[from] Recoil\n|faint|p2a: Arcanine\n|move|p2b: Scizor|Bug Bite|p1a: Sableye\n|-damage|p1a: Sableye|3/100\n|\n|-heal|p2b: Scizor|24/100|[from] Grassy Terrain\n|-heal|p1a: Sableye|9/100|[from] Grassy Terrain\n|upkeep\n|\n|t:|1773673659\n|switch|p2a: Pelipper|Pelipper, L50, F, shiny|100/100 slp\n|switch|p1b: Rillaboom|Rillaboom, L50, F|95/100 brn\n|-weather|RainDance|[from] ability: Drizzle|[of] p2a: Pelipper\n|turn|8\n|\n|t:|1773673670\n|move|p1b: Rillaboom|Grassy Glide|p2b: Scizor\n|-supereffective|p2b: Scizor\n|-damage|p2b: Scizor|0 fnt\n|faint|p2b: Scizor\n|cant|p2a: Pelipper|slp\n|move|p1a: Sableye|Foul Play|p2a: Pelipper\n|-damage|p2a: Pelipper|84/100 slp\n|-damage|p1a: Sableye|0 fnt|[from] item: Rocky Helmet|[of] p2a: Pelipper\n|faint|p1a: Sableye\n|\n|-weather|RainDance|[upkeep]\n|-heal|p1b: Rillaboom|100/100 brn|[from] Grassy Terrain\n|-heal|p2a: Pelipper|90/100 slp|[from] Grassy Terrain\n|-damage|p1b: Rillaboom|95/100 brn|[from] brn\n|-fieldend|move: Grassy Terrain\n|upkeep\n|\n|t:|1773673673\n|switch|p1a: Lunala|Lunala, L50|32/100\n|turn|9\n|\n|t:|1773673687\n|move|p1a: Lunala|Moongeist Beam|p2a: Pelipper\n|-damage|p2a: Pelipper|7/100 slp\n|move|p1b: Rillaboom|Wood Hammer|p2a: Pelipper\n|-damage|p2a: Pelipper|0 fnt\n|-damage|p1b: Rillaboom|78/100 brn|[from] item: Rocky Helmet|[of] p2a: Pelipper\n|faint|p2a: Pelipper\n|-damage|p1b: Rillaboom|77/100 brn|[from] Recoil\n|\n|win|jonen\n|raw|jonen's rating: 1111 &rarr; <strong>1128</strong><br />(+17 for winning)\n|raw|Minimanuel_art's rating: 1000 &rarr; <strong>1000</strong><br />(+0 for losing)\n","uploadtime":1773673687,"views":10,"formatid":"gen9vgc2026regi","rating":1000,"private":0,"password":null}