{"id":"gen9vgc2026regi-2539321995","format":"[Gen 9] VGC 2026 Reg I","players":["strings3","blackred123"],"log":"|j|\u2606strings3\n|j|\u2606blackred123\n|t:|1771038170\n|gametype|doubles\n|player|p1|strings3|pokemaniac|1278\n|player|p2|blackred123|iono-masters|1325\n|gen|9\n|tier|[Gen 9] VGC 2026 Reg I\n|rated|\n|rule|Species Clause: Limit one of each Pok\u00e9mon\n|rule|Item Clause: Limit 1 of each item\n|clearpoke\n|poke|p1|Sentret, L50, M|\n|poke|p1|Calyrex-Ice, L50|\n|poke|p1|Torterra, L50, M|\n|poke|p1|Iron Hands, L50|\n|poke|p1|Urshifu-*, L50, F|\n|poke|p1|Indeedee, L50, M|\n|poke|p2|Zamazenta-*, L50|\n|poke|p2|Calyrex-Shadow, L50|\n|poke|p2|Rillaboom, L50, F|\n|poke|p2|Raging Bolt, L50|\n|poke|p2|Ogerpon-Cornerstone, L50, F|\n|poke|p2|Tornadus, L50, M|\n|teampreview|4\n|inactive|Battle timer is ON: inactive players will automatically lose when time's up. (requested by blackred123)\n|\n|t:|1771038192\n|teamsize|p1|4\n|teamsize|p2|4\n|start\n|switch|p1a: Sentret|Sentret, L50, M|100/100\n|switch|p1b: Calyrex|Calyrex-Ice, L50|100/100\n|switch|p2a: \u5170\u534e|Zamazenta-Crowned, L50, shiny|100/100\n|switch|p2b: \u963f\u77b3|Ogerpon-Cornerstone, L50, F|100/100\n|-ability|p1b: Calyrex|As One\n|-ability|p1b: Calyrex|Unnerve\n|-ability|p2a: \u5170\u534e|Dauntless Shield|boost\n|-boost|p2a: \u5170\u534e|def|1\n|-item|p2a: \u5170\u534e|Rusted Shield|[from] ability: Frisk|[of] p1a: Sentret\n|-item|p2b: \u963f\u77b3|Cornerstone Mask|[from] ability: Frisk|[of] p1a: Sentret\n|turn|1\n|\n|t:|1771038203\n|-terastallize|p1b: Calyrex|Dragon\n|move|p2b: \u963f\u77b3|Ivy Cudgel|p1b: Calyrex|[anim] Ivy Cudgel Rock\n|-damage|p1b: Calyrex|62/100\n|move|p2a: \u5170\u534e|Body Press|p1b: Calyrex\n|-damage|p1b: Calyrex|20/100\n|move|p1a: Sentret|Endeavor|p2a: \u5170\u534e\n|-damage|p2a: \u5170\u534e|52/100\n|move|p1b: Calyrex|Trick Room|p1b: Calyrex\n|-fieldstart|move: Trick Room|[of] p1b: Calyrex\n|\n|upkeep\n|turn|2\n|\n|t:|1771038220\n|move|p1a: Sentret|Follow Me|p1a: Sentret\n|-singleturn|p1a: Sentret|move: Follow Me\n|move|p1b: Calyrex|Glacial Lance|p2b: \u963f\u77b3|[spread] p2a,p2b\n|-resisted|p2a: \u5170\u534e\n|-supereffective|p2b: \u963f\u77b3\n|-damage|p2a: \u5170\u534e|41/100\n|-ability|p2b: \u963f\u77b3|Sturdy\n|-damage|p2b: \u963f\u77b3|1/100\n|move|p2a: \u5170\u534e|Body Press|p1a: Sentret\n|-supereffective|p1a: Sentret\n|-enditem|p1a: Sentret|Focus Sash\n|-damage|p1a: Sentret|1/100\n|move|p2b: \u963f\u77b3|Ivy Cudgel|p1a: Sentret|[anim] Ivy Cudgel Rock\n|-damage|p1a: Sentret|0 fnt\n|faint|p1a: Sentret\n|\n|upkeep\n|\n|t:|1771038231\n|switch|p1a: Torterra|Torterra, L50, M|100/100\n|turn|3\n|\n|t:|1771038247\n|move|p2b: \u963f\u77b3|Spiky Shield|p2b: \u963f\u77b3\n|-singleturn|p2b: \u963f\u77b3|move: Protect\n|move|p1a: Torterra|Bullet Seed|p2b: \u963f\u77b3\n|-activate|p2b: \u963f\u77b3|move: Protect\n|move|p1b: Calyrex|High Horsepower|p2a: \u5170\u534e\n|-supereffective|p2a: \u5170\u534e\n|-damage|p2a: \u5170\u534e|13/100\n|move|p2a: \u5170\u534e|Body Press|p1b: Calyrex\n|-damage|p1b: Calyrex|0 fnt\n|faint|p1b: Calyrex\n|\n|upkeep\n|\n|t:|1771038254\n|switch|p1b: Iron Hands|Iron Hands, L50|100/100\n|turn|4\n|\n|t:|1771038263\n|move|p2a: \u5170\u534e|Protect|p2a: \u5170\u534e\n|-singleturn|p2a: \u5170\u534e|Protect\n|move|p2b: \u963f\u77b3|Spiky Shield|p2b: \u963f\u77b3\n|-singleturn|p2b: \u963f\u77b3|move: Protect\n|move|p1b: Iron Hands|Fake Out|p2b: \u963f\u77b3\n|-activate|p2b: \u963f\u77b3|move: Protect\n|-damage|p1b: Iron Hands|88/100|[from] Spiky Shield|[of] p2b: \u963f\u77b3\n|move|p1a: Torterra|Bullet Seed|p2a: \u5170\u534e\n|-activate|p2a: \u5170\u534e|move: Protect\n|\n|upkeep\n|turn|5\n|-message|strings3 forfeited.\n|\n|win|blackred123\n|raw|strings3's rating: 1278 &rarr; <strong>1256</strong><br />(-22 for losing)\n|raw|blackred123's rating: 1325 &rarr; <strong>1342</strong><br />(+17 for winning)\n|l|\u2606strings3\n|player|p1|\n|l|\u2606blackred123\n|player|p2|\n","uploadtime":1771038500,"views":28,"formatid":"gen9vgc2026regi","rating":1256,"private":0,"password":null}