{"id":"gen9vgc2026regi-2530492453","format":"[Gen 9] VGC 2026 Reg I","players":["TIATNPKMSDA","blackred123"],"log":"|j|\u2606TIATNPKMSDA\n|j|\u2606blackred123\n|t:|1769925542\n|gametype|doubles\n|player|p1|TIATNPKMSDA|jogger|1367\n|player|p2|blackred123|iono-masters|1374\n|gen|9\n|tier|[Gen 9] VGC 2026 Reg I\n|rated|\n|rule|Species Clause: Limit one of each Pok\u00e9mon\n|rule|Item Clause: Limit 1 of each item\n|clearpoke\n|poke|p1|Whimsicott, L50, M|\n|poke|p1|Kyogre, L50|\n|poke|p1|Calyrex-Shadow, L50|\n|poke|p1|Tinkaton, L50, F|\n|poke|p1|Farigiraf, L50, M|\n|poke|p1|Urshifu-*, L50, F|\n|poke|p2|Lunala, L50|\n|poke|p2|Koraidon, L50|\n|poke|p2|Chi-Yu, L50|\n|poke|p2|Flutter Mane, L50|\n|poke|p2|Brute Bonnet, L50|\n|poke|p2|Ursaluna, L50, F|\n|teampreview|4\n|inactive|Battle timer is ON: inactive players will automatically lose when time's up. (requested by blackred123)\n|inactive|TIATNPKMSDA has 60 seconds left.\n|\n|t:|1769925594\n|teamsize|p1|4\n|teamsize|p2|4\n|start\n|switch|p1a: Calyrex|Calyrex-Shadow, L50|100/100\n|switch|p1b: Urshifu|Urshifu-Rapid-Strike, L50, F|100/100\n|switch|p2a: Lunala|Lunala, L50, shiny|100/100\n|switch|p2b: Brute Bonnet|Brute Bonnet, L50, shiny|100/100\n|-ability|p1a: Calyrex|As One\n|-ability|p1a: Calyrex|Unnerve\n|turn|1\n|\n|t:|1769925606\n|-end|p2b: Brute Bonnet|Protosynthesis|[silent]\n|switch|p2b: Ursaluna|Ursaluna, L50, F, shiny|100/100\n|-terastallize|p2a: Lunala|Water\n|move|p1a: Calyrex|Astral Barrage|p2a: Lunala|[spread] p2a\n|-immune|p2b: Ursaluna\n|-damage|p2a: Lunala|77/100\n|-damage|p1a: Calyrex|91/100|[from] item: Life Orb\n|move|p1b: Urshifu|U-turn|p2b: Ursaluna\n|-damage|p2b: Ursaluna|70/100\n|\n|t:|1769925617\n|switch|p1b: Farigiraf|Farigiraf, L50, M|100/100|[from] U-turn\n|move|p2a: Lunala|Trick Room|p2a: Lunala\n|-fieldstart|move: Trick Room|[of] p2a: Lunala\n|\n|-status|p2b: Ursaluna|brn|[from] item: Flame Orb\n|upkeep\n|turn|2\n|\n|t:|1769925638\n|move|p2b: Ursaluna|Facade|p1b: Farigiraf\n|-damage|p1b: Farigiraf|2/100\n|move|p2a: Lunala|Meteor Beam||[still]\n|-prepare|p2a: Lunala|Meteor Beam\n|-boost|p2a: Lunala|spa|1\n|-enditem|p2a: Lunala|Power Herb\n|-anim|p2a: Lunala|Meteor Beam|p1a: Calyrex\n|-damage|p1a: Calyrex|18/100\n|move|p1a: Calyrex|Psychic|p2a: Lunala\n|-damage|p2a: Lunala|27/100\n|-damage|p1a: Calyrex|8/100|[from] item: Life Orb\n|move|p1b: Farigiraf|Trick Room|p1b: Farigiraf\n|-fieldend|move: Trick Room\n|\n|-damage|p2b: Ursaluna|64/100 brn|[from] brn\n|upkeep\n|turn|3\n|inactive|TIATNPKMSDA has 30 seconds left.\n|\n|t:|1769925665\n|move|p1b: Farigiraf|Helping Hand|p1a: Calyrex\n|-singleturn|p1a: Calyrex|Helping Hand|[of] p1b: Farigiraf\n|move|p2a: Lunala|Wide Guard|p2a: Lunala\n|-singleturn|p2a: Lunala|Wide Guard\n|move|p1a: Calyrex|Psychic|p2b: Ursaluna\n|-damage|p2b: Ursaluna|0 fnt\n|faint|p2b: Ursaluna\n|-ability|p1a: Calyrex|Grim Neigh|boost\n|-boost|p1a: Calyrex|spa|1\n|-damage|p1a: Calyrex|0 fnt|[from] item: Life Orb\n|faint|p1a: Calyrex\n|\n|upkeep\n|\n|t:|1769925675\n|switch|p1a: Urshifu|Urshifu-Rapid-Strike, L50, F|100/100\n|switch|p2b: Brute Bonnet|Brute Bonnet, L50, shiny|100/100\n|turn|4\n|\n|t:|1769925689\n|switch|p2a: Koraidon|Koraidon, L50|100/100\n|-weather|SunnyDay|[from] ability: Orichalcum Pulse|[of] p2a: Koraidon\n|-activate|p2b: Brute Bonnet|ability: Protosynthesis\n|-start|p2b: Brute Bonnet|protosynthesisdef\n|-activate|p2a: Koraidon|Orichalcum Pulse|[source]\n|move|p1a: Urshifu|U-turn|p2b: Brute Bonnet\n|-supereffective|p2b: Brute Bonnet\n|-damage|p2b: Brute Bonnet|23/100\n|-enditem|p2b: Brute Bonnet|Sitrus Berry|[eat]\n|-heal|p2b: Brute Bonnet|48/100|[from] item: Sitrus Berry\n|\n|t:|1769925698\n|switch|p1a: Kyogre|Kyogre, L50|100/100|[from] U-turn\n|-weather|RainDance|[from] ability: Drizzle|[of] p1a: Kyogre\n|-end|p2b: Brute Bonnet|Protosynthesis\n|move|p1b: Farigiraf|Psychic|p2a: Koraidon\n|-supereffective|p2a: Koraidon\n|-damage|p2a: Koraidon|31/100\n|move|p2b: Brute Bonnet|Seed Bomb|p1b: Farigiraf\n|-damage|p1b: Farigiraf|0 fnt\n|faint|p1b: Farigiraf\n|\n|-weather|RainDance|[upkeep]\n|upkeep\n|\n|t:|1769925700\n|switch|p1b: Urshifu|Urshifu-Rapid-Strike, L50, F|100/100\n|turn|5\n|\n|t:|1769925718\n|switch|p2a: Lunala|Lunala, L50, shiny, tera:Water|27/100\n|move|p1a: Kyogre|Water Spout|p2a: Lunala|[spread] p2a,p2b\n|-resisted|p2a: Lunala\n|-resisted|p2b: Brute Bonnet\n|-damage|p2a: Lunala|0 fnt\n|-damage|p2b: Brute Bonnet|10/100\n|faint|p2a: Lunala\n|move|p1b: Urshifu|Surging Strikes|p2b: Brute Bonnet\n|-resisted|p2b: Brute Bonnet\n|-crit|p2b: Brute Bonnet\n|-damage|p2b: Brute Bonnet|0 fnt\n|faint|p2b: Brute Bonnet\n|-end|p2b: Brute Bonnet|Protosynthesis|[silent]\n|-hitcount|p2: Brute Bonnet|1\n|\n|-weather|RainDance|[upkeep]\n|upkeep\n|\n|t:|1769925725\n|switch|p2b: Koraidon|Koraidon, L50|31/100\n|-weather|SunnyDay|[from] ability: Orichalcum Pulse|[of] p2b: Koraidon\n|-activate|p2b: Koraidon|Orichalcum Pulse|[source]\n|turn|6\n|\n|t:|1769925729\n|-terastallize|p1a: Kyogre|Water\n|move|p1a: Kyogre|Water Spout|p2b: Koraidon\n|-resisted|p2b: Koraidon\n|-damage|p2b: Koraidon|2/100\n|move|p2b: Koraidon|Close Combat|p1a: Kyogre\n|-damage|p1a: Kyogre|0 fnt\n|-unboost|p2b: Koraidon|def|1\n|-unboost|p2b: Koraidon|spd|1\n|faint|p1a: Kyogre\n|-damage|p2b: Koraidon|0 fnt|[from] item: Life Orb\n|faint|p2b: Koraidon\n|\n|win|TIATNPKMSDA\n|raw|TIATNPKMSDA's rating: 1367 &rarr; <strong>1387</strong><br />(+20 for winning)\n|raw|blackred123's rating: 1374 &rarr; <strong>1354</strong><br />(-20 for losing)\n|c|\u2606TIATNPKMSDA|ggwp\n|l|\u2606blackred123\n|player|p2|\n|l|\u2606TIATNPKMSDA\n|player|p1|\n","uploadtime":1769925867,"views":13,"formatid":"gen9vgc2026regi","rating":1354,"private":0,"password":null}