{"id":"gen9vgc2026regi-2531215290","format":"[Gen 9] VGC 2026 Reg I","players":["Like a Fish","blackred123"],"log":"|j|\u2606Like a Fish\n|j|\u2606blackred123\n|t:|1770032957\n|gametype|doubles\n|player|p1|Like a Fish|n|1425\n|player|p2|blackred123|iono-masters|1436\n|gen|9\n|tier|[Gen 9] VGC 2026 Reg I\n|rated|\n|rule|Species Clause: Limit one of each Pok\u00e9mon\n|rule|Item Clause: Limit 1 of each item\n|clearpoke\n|poke|p1|Lunala, L50|\n|poke|p1|Miraidon, L50|\n|poke|p1|Whimsicott, L50, F|\n|poke|p1|Urshifu-*, L50, F|\n|poke|p1|Incineroar, L50, F|\n|poke|p1|Ursaluna, L50, M|\n|poke|p2|Calyrex-Shadow, L50|\n|poke|p2|Zamazenta-*, L50|\n|poke|p2|Chien-Pao, L50|\n|poke|p2|Dragonite, L50, F|\n|poke|p2|Amoonguss, L50, F|\n|poke|p2|Ogerpon-Cornerstone, L50, F|\n|teampreview|4\n|inactive|Battle timer is ON: inactive players will automatically lose when time's up. (requested by Like a Fish)\n|inactive|blackred123 also wants the timer to be on.\n|\n|t:|1770032983\n|teamsize|p1|4\n|teamsize|p2|4\n|start\n|switch|p1a: Whimsicott|Whimsicott, L50, F, shiny|100/100\n|switch|p1b: Miraidon|Miraidon, L50|100/100\n|switch|p2a: Zamazenta|Zamazenta-Crowned, L50|100/100\n|switch|p2b: Chien-Pao|Chien-Pao, L50|100/100\n|-ability|p2b: Chien-Pao|Sword of Ruin\n|-fieldstart|move: Electric Terrain|[from] ability: Hadron Engine|[of] p1b: Miraidon\n|-ability|p2a: Zamazenta|Dauntless Shield|boost\n|-boost|p2a: Zamazenta|def|1\n|turn|1\n|l|\u2606Like a Fish\n|inactive|Like a Fish disconnected and has a minute to reconnect!\n|player|p1|\n|j|\u2606Like a Fish\n|inactive|Like a Fish reconnected and has 35 seconds left.\n|player|p1|Like a Fish|n|\n|inactive|Like a Fish has 30 seconds left.\n|inactive|blackred123 has 30 seconds left.\n|\n|t:|1770033015\n|-terastallize|p2a: Zamazenta|Dragon\n|move|p1a: Whimsicott|Tailwind|p1a: Whimsicott\n|-sidestart|p1: Like a Fish|move: Tailwind\n|move|p1b: Miraidon|Volt Switch|p2b: Chien-Pao\n|-damage|p2b: Chien-Pao|33/100\n|-damage|p1b: Miraidon|91/100|[from] item: Life Orb\n|\n|t:|1770033024\n|switch|p1b: Incineroar|Incineroar, L50, F, shiny|100/100|[from] Volt Switch\n|-ability|p1b: Incineroar|Intimidate|boost\n|-unboost|p2a: Zamazenta|atk|1\n|-unboost|p2b: Chien-Pao|atk|1\n|move|p2b: Chien-Pao|Icy Wind|p1b: Incineroar|[spread] p1a,p1b\n|-supereffective|p1a: Whimsicott\n|-resisted|p1b: Incineroar\n|-damage|p1a: Whimsicott|75/100\n|-damage|p1b: Incineroar|97/100\n|-unboost|p1b: Incineroar|spe|1\n|move|p2a: Zamazenta|Behemoth Bash|p1a: Whimsicott\n|-supereffective|p1a: Whimsicott\n|-damage|p1a: Whimsicott|0 fnt\n|faint|p1a: Whimsicott\n|\n|upkeep\n|\n|t:|1770033043\n|switch|p1a: Urshifu|Urshifu-Rapid-Strike, L50, F|100/100\n|turn|2\n|\n|t:|1770033066\n|switch|p2b: Dragonite|Dragonite, L50, F|100/100\n|move|p1b: Incineroar|Fake Out|p2a: Zamazenta\n|-damage|p2a: Zamazenta|96/100\n|move|p1a: Urshifu|U-turn|p2b: Dragonite\n|-resisted|p2b: Dragonite\n|-damage|p2b: Dragonite|83/100\n|\n|t:|1770033074\n|switch|p1a: Miraidon|Miraidon, L50|91/100|[from] U-turn\n|-activate|p1a: Miraidon|ability: Hadron Engine\n|cant|p2a: Zamazenta|flinch\n|\n|upkeep\n|turn|3\n|\n|t:|1770033094\n|-terastallize|p1a: Miraidon|Electric\n|move|p2a: Zamazenta|Protect|p2a: Zamazenta\n|-singleturn|p2a: Zamazenta|Protect\n|move|p1a: Miraidon|Draco Meteor|p2a: Zamazenta\n|-activate|p2a: Zamazenta|move: Protect\n|move|p1b: Incineroar|Knock Off|p2b: Dragonite\n|-damage|p2b: Dragonite|38/100\n|-enditem|p2b: Dragonite|Choice Band|[from] move: Knock Off|[of] p1b: Incineroar\n|move|p2b: Dragonite|Outrage|p1a: Miraidon\n|-damage|p1a: Miraidon|29/100\n|\n|upkeep\n|turn|4\n|inactive|Like a Fish has 30 seconds left.\n|inactive|blackred123 has 30 seconds left.\n|inactive|Like a Fish has 20 seconds left.\n|inactive|blackred123 has 20 seconds left.\n|inactive|Like a Fish has 15 seconds left.\n|\n|t:|1770033135\n|move|p2a: Zamazenta|Protect||[still]\n|-fail|p2a: Zamazenta\n|move|p1a: Miraidon|Draco Meteor|p2a: Zamazenta\n|-supereffective|p2a: Zamazenta\n|-damage|p2a: Zamazenta|0 fnt\n|-unboost|p1a: Miraidon|spa|2\n|faint|p2a: Zamazenta\n|-damage|p1a: Miraidon|19/100|[from] item: Life Orb\n|move|p1b: Incineroar|Knock Off|p2b: Dragonite\n|-damage|p2b: Dragonite|8/100\n|move|p2b: Dragonite|Outrage|p1b: Incineroar|[from] lockedmove\n|-damage|p1b: Incineroar|32/100\n|-start|p2b: Dragonite|confusion|[fatigue]\n|\n|-sideend|p1: Like a Fish|move: Tailwind\n|upkeep\n|\n|t:|1770033148\n|switch|p2a: Calyrex|Calyrex-Shadow, L50|100/100\n|-ability|p2a: Calyrex|As One\n|-ability|p2a: Calyrex|Unnerve\n|turn|5\n|\n|t:|1770033160\n|switch|p1a: Urshifu|Urshifu-Rapid-Strike, L50, F|100/100\n|-activate|p2b: Dragonite|confusion\n|move|p2b: Dragonite|Extreme Speed|p1b: Incineroar\n|-damage|p1b: Incineroar|4/100\n|move|p2a: Calyrex|Astral Barrage|p1b: Incineroar|[spread] p1a,p1b\n|-resisted|p1b: Incineroar\n|-damage|p1a: Urshifu|22/100\n|-damage|p1b: Incineroar|0 fnt\n|faint|p1b: Incineroar\n|-ability|p2a: Calyrex|Grim Neigh|boost\n|-boost|p2a: Calyrex|spa|1\n|\n|-fieldend|move: Electric Terrain\n|upkeep\n|\n|t:|1770033168\n|switch|p1b: Miraidon|Miraidon, L50, tera:Electric|19/100\n|-fieldstart|move: Electric Terrain|[from] ability: Hadron Engine|[of] p1b: Miraidon\n|turn|6\n|\n|t:|1770033177\n|-activate|p2b: Dragonite|confusion\n|move|p2b: Dragonite|Extreme Speed|p1a: Urshifu\n|-damage|p1a: Urshifu|0 fnt\n|faint|p1a: Urshifu\n|move|p2a: Calyrex|Astral Barrage|p1b: Miraidon\n|-damage|p1b: Miraidon|0 fnt\n|faint|p1b: Miraidon\n|\n|win|blackred123\n|raw|Like a Fish's rating: 1425 &rarr; <strong>1406</strong><br />(-19 for losing)\n|raw|blackred123's rating: 1436 &rarr; <strong>1455</strong><br />(+19 for winning)\n|l|\u2606Like a Fish\n|player|p1|\n","uploadtime":1770033396,"views":16,"formatid":"gen9vgc2026regi","rating":1406,"private":0,"password":null}