{"id":"gen9vgc2026regi-2541670196","format":"[Gen 9] VGC 2026 Reg I","players":["paradox franco","kojimuranishi"],"log":"|j|\u2606paradox franco\n|j|\u2606kojimuranishi\n|t:|1771357563\n|gametype|doubles\n|player|p1|paradox franco|elesa|1404\n|player|p2|kojimuranishi|2|1580\n|gen|9\n|tier|[Gen 9] VGC 2026 Reg I\n|rated|\n|rule|Species Clause: Limit one of each Pok\u00e9mon\n|rule|Item Clause: Limit 1 of each item\n|clearpoke\n|poke|p1|Calyrex-Shadow, L50|\n|poke|p1|Zamazenta-*, L50|\n|poke|p1|Raging Bolt, L50|\n|poke|p1|Urshifu-*, L50, M|\n|poke|p1|Dragonite, L50, F|\n|poke|p1|Weezing-Galar, L50, M|\n|poke|p2|Calyrex-Ice, L50|\n|poke|p2|Indeedee-F, L50, F|\n|poke|p2|Kyogre, L50|\n|poke|p2|Pincurchin, L50, F|\n|poke|p2|Iron Jugulis, L50|\n|poke|p2|Urshifu-*, L50, M|\n|teampreview|4\n|inactive|Battle timer is ON: inactive players will automatically lose when time's up. (requested by kojimuranishi)\n|\n|t:|1771357588\n|teamsize|p1|4\n|teamsize|p2|4\n|start\n|switch|p1a: Weezing|Weezing-Galar, L50, M|100/100\n|switch|p1b: Zamazenta|Zamazenta-Crowned, L50|100/100\n|switch|p2a: Calyrex|Calyrex-Ice, L50|100/100\n|switch|p2b: Urshifu|Urshifu-Rapid-Strike, L50, M|100/100\n|-ability|p1a: Weezing|Neutralizing Gas\n|-ability|p2a: Calyrex|As One\n|-ability|p2a: Calyrex|Unnerve\n|turn|1\n|inactive|kojimuranishi has 30 seconds left.\n|\n|t:|1771357617\n|move|p2a: Calyrex|Protect|p2a: Calyrex\n|-singleturn|p2a: Calyrex|Protect\n|move|p2b: Urshifu|Coaching|p2a: Calyrex\n|-boost|p2a: Calyrex|atk|1\n|-boost|p2a: Calyrex|def|1\n|move|p1b: Zamazenta|Body Press|p2b: Urshifu\n|-damage|p2b: Urshifu|59/100\n|move|p1a: Weezing|Will-O-Wisp|p2a: Calyrex\n|-activate|p2a: Calyrex|move: Protect\n|\n|upkeep\n|turn|2\n|\n|t:|1771357635\n|move|p2b: Urshifu|Coaching|p2a: Calyrex\n|-boost|p2a: Calyrex|atk|1\n|-boost|p2a: Calyrex|def|1\n|move|p1b: Zamazenta|Body Press|p2a: Calyrex\n|-damage|p2a: Calyrex|87/100\n|move|p1a: Weezing|Poison Gas|p2b: Urshifu|[spread] p2a,p2b\n|-status|p2a: Calyrex|psn\n|-status|p2b: Urshifu|psn\n|move|p2a: Calyrex|Glacial Lance|p1b: Zamazenta|[spread] p1a,p1b\n|-resisted|p1b: Zamazenta\n|-damage|p1a: Weezing|0 fnt\n|-damage|p1b: Zamazenta|54/100\n|faint|p1a: Weezing\n|-end|p1a: Weezing|ability: Neutralizing Gas\n|-ability|p1b: Zamazenta|Dauntless Shield|boost\n|-boost|p1b: Zamazenta|def|1\n|-ability|p2a: Calyrex|Chilling Neigh|boost\n|-boost|p2a: Calyrex|atk|1\n|\n|-damage|p2b: Urshifu|47/100 psn|[from] psn\n|-damage|p2a: Calyrex|75/100 psn|[from] psn\n|upkeep\n|\n|t:|1771357643\n|switch|p1a: Calyrex|Calyrex-Shadow, L50|100/100\n|-ability|p1a: Calyrex|As One\n|-ability|p1a: Calyrex|Unnerve\n|turn|3\n|\n|t:|1771357665\n|switch|p2b: Indeedee|Indeedee-F, L50, F|100/100\n|-fieldstart|move: Psychic Terrain|[from] ability: Psychic Surge|[of] p2b: Indeedee\n|-terastallize|p2a: Calyrex|Grass\n|move|p1a: Calyrex|Astral Barrage|p2a: Calyrex|[spread] p2a\n|-immune|p2b: Indeedee\n|-damage|p2a: Calyrex|34/100 psn\n|move|p1b: Zamazenta|Imprison|p1b: Zamazenta\n|-start|p1b: Zamazenta|move: Imprison\n|move|p2a: Calyrex|Trick Room|p2a: Calyrex\n|-fieldstart|move: Trick Room|[of] p2a: Calyrex\n|\n|-damage|p2a: Calyrex|21/100 psn|[from] psn\n|upkeep\n|turn|4\n|inactive|kojimuranishi has 30 seconds left.\n|\n|t:|1771357697\n|move|p1b: Zamazenta|Protect|p1b: Zamazenta\n|-singleturn|p1b: Zamazenta|Protect\n|move|p2a: Calyrex|Glacial Lance|p1a: Calyrex|[spread] p1a\n|-activate|p1b: Zamazenta|move: Protect\n|-enditem|p1a: Calyrex|Focus Sash\n|-damage|p1a: Calyrex|1/100\n|move|p2b: Indeedee|Psychic|p1b: Zamazenta\n|-activate|p1b: Zamazenta|move: Protect\n|move|p1a: Calyrex|Astral Barrage|p2a: Calyrex|[spread] p2a\n|-immune|p2b: Indeedee\n|-damage|p2a: Calyrex|0 fnt\n|faint|p2a: Calyrex\n|-ability|p1a: Calyrex|Grim Neigh|boost\n|-boost|p1a: Calyrex|spa|1\n|\n|upkeep\n|\n|t:|1771357716\n|switch|p2a: Kyogre|Kyogre, L50|100/100\n|-weather|RainDance|[from] ability: Drizzle|[of] p2a: Kyogre\n|turn|5\n|\n|t:|1771357728\n|move|p1b: Zamazenta|Wide Guard|p1b: Zamazenta\n|-singleturn|p1b: Zamazenta|Wide Guard\n|move|p2b: Indeedee|Psychic|p1a: Calyrex\n|-resisted|p1a: Calyrex\n|-damage|p1a: Calyrex|0 fnt\n|faint|p1a: Calyrex\n|move|p2a: Kyogre|Water Spout|p1b: Zamazenta\n|-activate|p1b: Zamazenta|move: Wide Guard\n|\n|-weather|RainDance|[upkeep]\n|upkeep\n|\n|t:|1771357733\n|switch|p1a: Dragonite|Dragonite, L50, F|100/100\n|turn|6\n|inactive|kojimuranishi has 30 seconds left.\n|\n|t:|1771357762\n|move|p1b: Zamazenta|Wide Guard|p1b: Zamazenta\n|-singleturn|p1b: Zamazenta|Wide Guard\n|move|p1a: Dragonite|Outrage|p2a: Kyogre\n|-damage|p2a: Kyogre|0 fnt\n|faint|p2a: Kyogre\n|move|p2b: Indeedee|Psychic|p1b: Zamazenta\n|-damage|p1b: Zamazenta|23/100\n|\n|-weather|RainDance|[upkeep]\n|upkeep\n|\n|t:|1771357772\n|switch|p2a: Urshifu|Urshifu-Rapid-Strike, L50, M|47/100 psn\n|turn|7\n|\n|t:|1771357779\n|move|p1b: Zamazenta|Protect||[still]\n|-fail|p1b: Zamazenta\n|move|p2b: Indeedee|Follow Me|p2b: Indeedee\n|-singleturn|p2b: Indeedee|move: Follow Me\n|move|p1a: Dragonite|Outrage|p2b: Indeedee|[from] lockedmove\n|-damage|p2b: Indeedee|0 fnt\n|faint|p2b: Indeedee\n|-start|p1a: Dragonite|confusion|[fatigue]\n|move|p2a: Urshifu|Surging Strikes|p1b: Zamazenta\n|-crit|p1b: Zamazenta\n|-damage|p1b: Zamazenta|0 fnt\n|faint|p1b: Zamazenta\n|-hitcount|p1: Zamazenta|1\n|\n|-weather|RainDance|[upkeep]\n|-damage|p2a: Urshifu|34/100 psn|[from] psn\n|-fieldend|move: Trick Room\n|-fieldend|move: Psychic Terrain\n|upkeep\n|turn|8\n|\n|t:|1771357798\n|move|p2a: Urshifu|Surging Strikes|p1a: Dragonite\n|-resisted|p1a: Dragonite\n|-crit|p1a: Dragonite\n|-damage|p1a: Dragonite|85/100\n|-resisted|p1a: Dragonite\n|-crit|p1a: Dragonite\n|-damage|p1a: Dragonite|69/100\n|-resisted|p1a: Dragonite\n|-crit|p1a: Dragonite\n|-damage|p1a: Dragonite|54/100\n|-hitcount|p1a: Dragonite|3\n|-activate|p1a: Dragonite|confusion\n|move|p1a: Dragonite|Outrage|p2a: Urshifu\n|-damage|p2a: Urshifu|0 fnt\n|faint|p2a: Urshifu\n|\n|win|paradox franco\n|raw|paradox franco's rating: 1404 &rarr; <strong>1433</strong><br />(+29 for winning)\n|raw|kojimuranishi's rating: 1580 &rarr; <strong>1551</strong><br />(-29 for losing)\n|l|\u2606paradox franco\n|player|p1|\n|l|\u2606kojimuranishi\n|player|p2|\n","uploadtime":1771358062,"views":23,"formatid":"gen9vgc2026regi","rating":1433,"private":0,"password":null}