{"id":"gen9vgc2026regi-2537368775","format":"[Gen 9] VGC 2026 Reg I","players":["TheManOfSausage","moyuanjie"],"log":"|j|\u2606TheManOfSausage\n|j|\u2606moyuanjie\n|t:|1770805360\n|gametype|doubles\n|player|p1|TheManOfSausage|miku-water|1329\n|player|p2|moyuanjie|1|1452\n|gen|9\n|tier|[Gen 9] VGC 2026 Reg I\n|rated|\n|rule|Species Clause: Limit one of each Pok\u00e9mon\n|rule|Item Clause: Limit 1 of each item\n|clearpoke\n|poke|p1|Calyrex-Ice, L50|\n|poke|p1|Miraidon, L50|\n|poke|p1|Amoonguss, L50, F|\n|poke|p1|Incineroar, L50, M|\n|poke|p1|Urshifu-*, L50, M|\n|poke|p1|Farigiraf, L50, F|\n|poke|p2|Ogerpon, L50, F|\n|poke|p2|Chien-Pao, L50|\n|poke|p2|Zamazenta-*, L50|\n|poke|p2|Calyrex-Shadow, L50|\n|poke|p2|Tornadus, L50, M|\n|poke|p2|Raging Bolt, L50|\n|teampreview|4\n|\n|t:|1770805446\n|teamsize|p1|4\n|teamsize|p2|4\n|start\n|switch|p1a: Ogurin|Calyrex-Ice, L50|100/100\n|switch|p1b: Amoonguss|Amoonguss, L50, F|100/100\n|switch|p2a: Ogerpon|Ogerpon, L50, F|100/100\n|switch|p2b: Zamazenta|Zamazenta-Crowned, L50|100/100\n|-ability|p1a: Ogurin|As One\n|-ability|p1a: Ogurin|Unnerve\n|-ability|p2b: Zamazenta|Dauntless Shield|boost\n|-boost|p2b: Zamazenta|def|1\n|turn|1\n|\n|t:|1770805475\n|-terastallize|p2a: Ogerpon|Grass\n|detailschange|p2a: Ogerpon|Ogerpon-Teal-Tera, L50, F, tera:Grass\n|-ability|p2a: Ogerpon|Embody Aspect (Teal)|boost\n|-boost|p2a: Ogerpon|spe|1\n|move|p2b: Zamazenta|Protect|p2b: Zamazenta\n|-singleturn|p2b: Zamazenta|Protect\n|move|p2a: Ogerpon|Bullet Seed|p1a: Ogurin\n|-damage|p1a: Ogurin|89/100\n|-damage|p1a: Ogurin|77/100\n|-damage|p1a: Ogurin|66/100\n|-damage|p1a: Ogurin|54/100\n|-hitcount|p1a: Ogurin|4\n|move|p1b: Amoonguss|Spore|p2b: Zamazenta\n|-activate|p2b: Zamazenta|move: Protect\n|move|p1a: Ogurin|Trick Room|p1a: Ogurin\n|-fieldstart|move: Trick Room|[of] p1a: Ogurin\n|\n|upkeep\n|turn|2\n|\n|t:|1770805498\n|move|p2b: Zamazenta|Wide Guard|p2b: Zamazenta\n|-singleturn|p2b: Zamazenta|Wide Guard\n|move|p1b: Amoonguss|Spore|p2b: Zamazenta\n|-status|p2b: Zamazenta|slp|[from] move: Spore\n|move|p1a: Ogurin|Glacial Lance|p2b: Zamazenta|[spread] \n|-activate|p2a: Ogerpon|move: Wide Guard\n|-activate|p2b: Zamazenta|move: Wide Guard\n|move|p2a: Ogerpon|Bullet Seed|p1a: Ogurin\n|-damage|p1a: Ogurin|43/100\n|-damage|p1a: Ogurin|31/100\n|-damage|p1a: Ogurin|20/100\n|-damage|p1a: Ogurin|8/100\n|-hitcount|p1a: Ogurin|4\n|\n|upkeep\n|turn|3\n|\n|t:|1770805520\n|switch|p1b: Urshifu|Urshifu-Rapid-Strike, L50, M|100/100\n|move|p2a: Ogerpon|Spiky Shield|p2a: Ogerpon\n|-singleturn|p2a: Ogerpon|move: Protect\n|move|p1a: Ogurin|Glacial Lance|p2a: Ogerpon|[spread] p2b\n|-activate|p2a: Ogerpon|move: Protect\n|-resisted|p2b: Zamazenta\n|-damage|p2b: Zamazenta|89/100 slp\n|cant|p2b: Zamazenta|slp\n|\n|upkeep\n|turn|4\n|\n|t:|1770805544\n|switch|p2a: Raging Bolt|Raging Bolt, L50|100/100\n|-terastallize|p1b: Urshifu|Water\n|move|p1a: Ogurin|Glacial Lance|p2a: Raging Bolt|[spread] p2a,p2b\n|-supereffective|p2a: Raging Bolt\n|-resisted|p2b: Zamazenta\n|-damage|p2a: Raging Bolt|0 fnt\n|-damage|p2b: Zamazenta|75/100 slp\n|faint|p2a: Raging Bolt\n|-end|p2a: Raging Bolt|Protosynthesis|[silent]\n|-ability|p1a: Ogurin|Chilling Neigh|boost\n|-boost|p1a: Ogurin|atk|1\n|move|p1b: Urshifu|Surging Strikes|p2b: Zamazenta\n|-crit|p2b: Zamazenta\n|-damage|p2b: Zamazenta|56/100 slp\n|-crit|p2b: Zamazenta\n|-damage|p2b: Zamazenta|36/100 slp\n|-crit|p2b: Zamazenta\n|-damage|p2b: Zamazenta|15/100 slp\n|-hitcount|p2b: Zamazenta|3\n|cant|p2b: Zamazenta|slp\n|\n|upkeep\n|\n|t:|1770805565\n|switch|p2a: Ogerpon|Ogerpon-Teal-Tera, L50, F, tera:Grass|100/100\n|-ability|p2a: Ogerpon|Embody Aspect (Teal)|boost\n|-boost|p2a: Ogerpon|spe|1\n|turn|5\n|\n|t:|1770805574\n|-curestatus|p2b: Zamazenta|slp|[msg]\n|move|p2b: Zamazenta|Wide Guard|p2b: Zamazenta\n|-singleturn|p2b: Zamazenta|Wide Guard\n|move|p1a: Ogurin|Glacial Lance|p2b: Zamazenta|[spread] \n|-activate|p2a: Ogerpon|move: Wide Guard\n|-activate|p2b: Zamazenta|move: Wide Guard\n|move|p1b: Urshifu|Surging Strikes|p2b: Zamazenta\n|-crit|p2b: Zamazenta\n|-damage|p2b: Zamazenta|0 fnt\n|faint|p2b: Zamazenta\n|-hitcount|p2: Zamazenta|1\n|move|p2a: Ogerpon|Bullet Seed|p1b: Urshifu\n|-supereffective|p1b: Urshifu\n|-damage|p1b: Urshifu|60/100\n|-supereffective|p1b: Urshifu\n|-damage|p1b: Urshifu|19/100\n|-supereffective|p1b: Urshifu\n|-damage|p1b: Urshifu|0 fnt\n|faint|p1b: Urshifu\n|-hitcount|p1: Urshifu|3\n|\n|-fieldend|move: Trick Room\n|upkeep\n|\n|t:|1770805597\n|switch|p2b: Calyrex|Calyrex-Shadow, L50|100/100\n|switch|p1b: Tama|Miraidon, L50|100/100\n|-ability|p2b: Calyrex|As One\n|-ability|p2b: Calyrex|Unnerve\n|-fieldstart|move: Electric Terrain|[from] ability: Hadron Engine|[of] p1b: Tama\n|turn|6\n|\n|t:|1770805610\n|move|p2a: Ogerpon|Follow Me|p2a: Ogerpon\n|-singleturn|p2a: Ogerpon|move: Follow Me\n|move|p2b: Calyrex|Astral Barrage|p1a: Ogurin|[spread] p1a,p1b\n|-supereffective|p1a: Ogurin\n|-damage|p1a: Ogurin|0 fnt\n|-damage|p1b: Tama|50/100\n|faint|p1a: Ogurin\n|-ability|p2b: Calyrex|Grim Neigh|boost\n|-boost|p2b: Calyrex|spa|1\n|move|p1b: Tama|Dragon Pulse|p2a: Ogerpon\n|-damage|p2a: Ogerpon|0 fnt\n|faint|p2a: Ogerpon\n|detailschange|p2: Ogerpon|Ogerpon, L50, F|[silent]\n|\n|upkeep\n|\n|t:|1770805613\n|switch|p1a: Amoonguss|Amoonguss, L50, F|100/100\n|turn|7\n|\n|t:|1770805627\n|move|p2b: Calyrex|Astral Barrage|p1b: Tama|[spread] p1a,p1b\n|-damage|p1a: Amoonguss|44/100\n|-damage|p1b: Tama|0 fnt\n|faint|p1b: Tama\n|-ability|p2b: Calyrex|Grim Neigh|boost\n|-boost|p2b: Calyrex|spa|1\n|move|p1a: Amoonguss|Spore|p2b: Calyrex\n|-activate|p2b: Calyrex|move: Electric Terrain\n|\n|upkeep\n|turn|8\n|-message|TheManOfSausage forfeited.\n|\n|win|moyuanjie\n|raw|TheManOfSausage's rating: 1329 &rarr; <strong>1316</strong><br />(-13 for losing)\n|raw|moyuanjie's rating: 1452 &rarr; <strong>1465</strong><br />(+13 for winning)\n|l|\u2606TheManOfSausage\n|player|p1|\n|l|\u2606moyuanjie\n|player|p2|\n","uploadtime":1770805886,"views":23,"formatid":"gen9vgc2026regi","rating":1316,"private":0,"password":null}