{"id":"gen9vgc2026regi-2558712704","format":"[Gen 9] VGC 2026 Reg I","players":["lilcardscammer","yubanmeiqin"],"log":"|j|\u2606lilcardscammer\n|j|\u2606yubanmeiqin\n|t:|1773467841\n|gametype|doubles\n|player|p1|lilcardscammer|waitress-gen4|1366\n|player|p2|yubanmeiqin|iono-masters|1396\n|gen|9\n|tier|[Gen 9] VGC 2026 Reg I\n|rated|\n|rule|Species Clause: Limit one of each Pok\u00e9mon\n|rule|Item Clause: Limit 1 of each item\n|clearpoke\n|poke|p1|Calyrex-Ice, L50|\n|poke|p1|Miraidon, L50|\n|poke|p1|Grimmsnarl, L50, M|\n|poke|p1|Urshifu-*, L50, M|\n|poke|p1|Incineroar, L50, F|\n|poke|p1|Landorus, L50, M|\n|poke|p2|Miraidon, L50|\n|poke|p2|Ho-Oh, L50|\n|poke|p2|Incineroar, L50, M|\n|poke|p2|Walking Wake, L50|\n|poke|p2|Landorus, L50, M|\n|poke|p2|Toxapex, L50, M|\n|teampreview|4\n|inactive|Battle timer is ON: inactive players will automatically lose when time's up. (requested by lilcardscammer)\n|\n|t:|1773467867\n|teamsize|p1|4\n|teamsize|p2|4\n|start\n|switch|p1a: Calyrex|Calyrex-Ice, L50|100/100\n|switch|p1b: Incineroar|Incineroar, L50, F|100/100\n|switch|p2a: Toxapex|Toxapex, L50, M|100/100\n|switch|p2b: Incineroar|Incineroar, L50, M|100/100\n|-ability|p1a: Calyrex|As One\n|-ability|p1a: Calyrex|Unnerve\n|-ability|p1b: Incineroar|Intimidate|boost\n|-unboost|p2a: Toxapex|atk|1\n|-unboost|p2b: Incineroar|atk|1\n|-ability|p2b: Incineroar|Intimidate|boost\n|-fail|p1a: Calyrex|unboost|[from] item: Clear Amulet|[of] p1a: Calyrex\n|-unboost|p1b: Incineroar|atk|1\n|turn|1\n|\n|t:|1773467885\n|move|p1b: Incineroar|Fake Out|p2b: Incineroar\n|-damage|p2b: Incineroar|95/100\n|cant|p2b: Incineroar|flinch\n|move|p2a: Toxapex|Infestation|p1a: Calyrex\n|-supereffective|p1a: Calyrex\n|-damage|p1a: Calyrex|97/100\n|-activate|p1a: Calyrex|move: Infestation|[of] p2a: Toxapex\n|move|p1a: Calyrex|Trick Room|p1a: Calyrex\n|-fieldstart|move: Trick Room|[of] p1a: Calyrex\n|\n|-damage|p1a: Calyrex|85/100|[from] move: Infestation|[partiallytrapped]\n|upkeep\n|turn|2\n|\n|t:|1773467908\n|-terastallize|p1a: Calyrex|Fire\n|move|p2a: Toxapex|Toxic Spikes|p1a: Calyrex\n|-sidestart|p1: lilcardscammer|move: Toxic Spikes\n|move|p1a: Calyrex|Leech Seed|p2a: Toxapex\n|-start|p2a: Toxapex|move: Leech Seed\n|move|p2b: Incineroar|Knock Off|p1a: Calyrex\n|-damage|p1a: Calyrex|68/100\n|-enditem|p1a: Calyrex|Clear Amulet|[from] move: Knock Off|[of] p2b: Incineroar\n|move|p1b: Incineroar|U-turn|p2b: Incineroar\n|-damage|p2b: Incineroar|86/100\n|\n|t:|1773467916\n|switch|p1b: Urshifu|Urshifu-Rapid-Strike, L50, M|100/100|[from] U-turn\n|-status|p1b: Urshifu|psn\n|\n|-damage|p2a: Toxapex|88/100|[from] Leech Seed|[of] p1a: Calyrex\n|-heal|p1a: Calyrex|77/100|[silent]\n|-damage|p1b: Urshifu|88/100 psn|[from] psn\n|-damage|p1a: Calyrex|65/100|[from] move: Infestation|[partiallytrapped]\n|upkeep\n|turn|3\n|\n|t:|1773467935\n|move|p2a: Toxapex|Wide Guard|p2a: Toxapex\n|-singleturn|p2a: Toxapex|Wide Guard\n|move|p1a: Calyrex|Glacial Lance|p2a: Toxapex|[spread] \n|-activate|p2a: Toxapex|move: Wide Guard\n|-activate|p2b: Incineroar|move: Wide Guard\n|move|p2b: Incineroar|U-turn|p1b: Urshifu\n|-resisted|p1b: Urshifu\n|-damage|p1b: Urshifu|83/100 psn\n|\n|t:|1773467944\n|switch|p2b: Miraidon|Miraidon, L50|100/100|[from] U-turn\n|-fieldstart|move: Electric Terrain|[from] ability: Hadron Engine|[of] p2b: Miraidon\n|move|p1b: Urshifu|Surging Strikes|p2b: Miraidon\n|-resisted|p2b: Miraidon\n|-crit|p2b: Miraidon\n|-damage|p2b: Miraidon|85/100\n|-resisted|p2b: Miraidon\n|-crit|p2b: Miraidon\n|-damage|p2b: Miraidon|70/100\n|-resisted|p2b: Miraidon\n|-crit|p2b: Miraidon\n|-damage|p2b: Miraidon|56/100\n|-hitcount|p2b: Miraidon|3\n|\n|-damage|p2a: Toxapex|76/100|[from] Leech Seed|[of] p1a: Calyrex\n|-heal|p1a: Calyrex|74/100|[silent]\n|-damage|p1b: Urshifu|71/100 psn|[from] psn\n|-damage|p1a: Calyrex|62/100|[from] move: Infestation|[partiallytrapped]\n|upkeep\n|turn|4\n|\n|t:|1773467956\n|move|p2a: Toxapex|Wide Guard|p2a: Toxapex\n|-singleturn|p2a: Toxapex|Wide Guard\n|move|p1a: Calyrex|Glacial Lance|p2a: Toxapex|[spread] \n|-activate|p2a: Toxapex|move: Wide Guard\n|-activate|p2b: Miraidon|move: Wide Guard\n|move|p1b: Urshifu|Surging Strikes|p2b: Miraidon\n|-resisted|p2b: Miraidon\n|-crit|p2b: Miraidon\n|-damage|p2b: Miraidon|42/100\n|-resisted|p2b: Miraidon\n|-crit|p2b: Miraidon\n|-damage|p2b: Miraidon|26/100\n|-resisted|p2b: Miraidon\n|-crit|p2b: Miraidon\n|-damage|p2b: Miraidon|12/100\n|-hitcount|p2b: Miraidon|3\n|move|p2b: Miraidon|Volt Switch|p1b: Urshifu\n|-supereffective|p1b: Urshifu\n|-damage|p1b: Urshifu|0 fnt\n|faint|p1b: Urshifu\n|\n|t:|1773467962\n|switch|p2b: Incineroar|Incineroar, L50, M|86/100|[from] Volt Switch\n|-ability|p2b: Incineroar|Intimidate|boost\n|-unboost|p1a: Calyrex|atk|1\n|\n|-damage|p2a: Toxapex|64/100|[from] Leech Seed|[of] p1a: Calyrex\n|-heal|p1a: Calyrex|72/100|[silent]\n|-damage|p1a: Calyrex|59/100|[from] move: Infestation|[partiallytrapped]\n|upkeep\n|\n|t:|1773467967\n|switch|p1b: Incineroar|Incineroar, L50, F|100/100\n|-status|p1b: Incineroar|psn\n|-ability|p1b: Incineroar|Intimidate|boost\n|-unboost|p2a: Toxapex|atk|1\n|-unboost|p2b: Incineroar|atk|1\n|turn|5\n|\n|t:|1773467979\n|switch|p1b: Miraidon|Miraidon, L50|100/100\n|-status|p1b: Miraidon|psn\n|-activate|p1b: Miraidon|ability: Hadron Engine\n|move|p1a: Calyrex|Protect|p1a: Calyrex\n|-singleturn|p1a: Calyrex|Protect\n|move|p2b: Incineroar|Fake Out|p1b: Miraidon\n|-damage|p1b: Miraidon|94/100 psn\n|move|p2a: Toxapex|Toxic Spikes|p1b: Miraidon\n|-sidestart|p1: lilcardscammer|move: Toxic Spikes\n|\n|-damage|p2a: Toxapex|52/100|[from] Leech Seed|[of] p1a: Calyrex\n|-heal|p1a: Calyrex|69/100|[silent]\n|-damage|p1b: Miraidon|82/100 psn|[from] psn\n|-damage|p1a: Calyrex|57/100|[from] move: Infestation|[partiallytrapped]\n|-fieldend|move: Trick Room\n|upkeep\n|turn|6\n|\n|t:|1773468000\n|move|p2a: Toxapex|Baneful Bunker|p2a: Toxapex\n|-singleturn|p2a: Toxapex|move: Protect\n|move|p1b: Miraidon|Electro Drift|p2b: Incineroar\n|-damage|p2b: Incineroar|11/100\n|move|p2b: Incineroar|Knock Off|p1b: Miraidon\n|-crit|p1b: Miraidon\n|-damage|p1b: Miraidon|30/100 psn\n|-enditem|p1b: Miraidon|Choice Specs|[from] move: Knock Off|[of] p2b: Incineroar\n|move|p1a: Calyrex|Glacial Lance|p2b: Incineroar|[spread] p2b\n|-activate|p2a: Toxapex|move: Protect\n|-resisted|p2b: Incineroar\n|-damage|p2b: Incineroar|0 fnt\n|faint|p2b: Incineroar\n|-ability|p1a: Calyrex|Chilling Neigh|boost\n|-boost|p1a: Calyrex|atk|1\n|\n|-damage|p2a: Toxapex|40/100|[from] Leech Seed|[of] p1a: Calyrex\n|-heal|p1a: Calyrex|66/100|[silent]\n|-damage|p1b: Miraidon|18/100 psn|[from] psn\n|-end|p1a: Calyrex|Infestation|[partiallytrapped]\n|upkeep\n|\n|t:|1773468022\n|switch|p2b: Ho-Oh|Ho-Oh, L50|100/100\n|turn|7\n|\n|t:|1773468047\n|-terastallize|p2b: Ho-Oh|Grass\n|move|p2a: Toxapex|Wide Guard|p2a: Toxapex\n|-singleturn|p2a: Toxapex|Wide Guard\n|move|p1b: Miraidon|Volt Switch|p2a: Toxapex\n|-supereffective|p2a: Toxapex\n|-damage|p2a: Toxapex|0 fnt\n|faint|p2a: Toxapex\n|\n|t:|1773468050\n|switch|p1b: Incineroar|Incineroar, L50, F|100/100 psn|[from] Volt Switch\n|-ability|p1b: Incineroar|Intimidate|boost\n|-unboost|p2b: Ho-Oh|atk|1\n|move|p1a: Calyrex|Glacial Lance|p2b: Ho-Oh\n|-activate|p2b: Ho-Oh|move: Wide Guard\n|move|p2b: Ho-Oh|Whirlwind|p1a: Calyrex\n|drag|p1a: Miraidon|Miraidon, L50|18/100 psn\n|-activate|p1a: Miraidon|ability: Hadron Engine\n|\n|-damage|p1a: Miraidon|6/100 psn|[from] psn\n|-damage|p1b: Incineroar|88/100 psn|[from] psn\n|-fieldend|move: Electric Terrain\n|upkeep\n|\n|t:|1773468067\n|switch|p2a: Miraidon|Miraidon, L50|12/100\n|-fieldstart|move: Electric Terrain|[from] ability: Hadron Engine|[of] p2a: Miraidon\n|turn|8\n|\n|t:|1773468086\n|move|p1b: Incineroar|Fake Out|p2a: Miraidon\n|-damage|p2a: Miraidon|3/100\n|cant|p2a: Miraidon|flinch\n|move|p1a: Miraidon|Dazzling Gleam|p2b: Ho-Oh|[spread] p2a,p2b\n|-supereffective|p2a: Miraidon\n|-damage|p2a: Miraidon|0 fnt\n|-damage|p2b: Ho-Oh|86/100\n|faint|p2a: Miraidon\n|move|p2b: Ho-Oh|Sacred Fire|p1b: Incineroar\n|-resisted|p1b: Incineroar\n|-damage|p1b: Incineroar|75/100 psn\n|\n|-damage|p1a: Miraidon|0 fnt|[from] psn\n|faint|p1a: Miraidon\n|-damage|p1b: Incineroar|62/100 psn|[from] psn\n|upkeep\n|\n|t:|1773468089\n|switch|p1a: Calyrex|Calyrex-Ice, L50, tera:Fire|66/100\n|-ability|p1a: Calyrex|As One\n|-ability|p1a: Calyrex|Unnerve\n|-status|p1a: Calyrex|tox\n|turn|9\n|\n|t:|1773468099\n|move|p2b: Ho-Oh|Protect|p2b: Ho-Oh\n|-singleturn|p2b: Ho-Oh|Protect\n|move|p1b: Incineroar|Flare Blitz|p2b: Ho-Oh\n|-activate|p2b: Ho-Oh|move: Protect\n|move|p1a: Calyrex|Glacial Lance|p2b: Ho-Oh\n|-activate|p2b: Ho-Oh|move: Protect\n|\n|-damage|p1b: Incineroar|50/100 psn|[from] psn\n|-damage|p1a: Calyrex|60/100 tox|[from] psn\n|upkeep\n|turn|10\n|-message|yubanmeiqin forfeited.\n|\n|win|lilcardscammer\n|raw|lilcardscammer's rating: 1366 &rarr; <strong>1388</strong><br />(+22 for winning)\n|raw|yubanmeiqin's rating: 1396 &rarr; <strong>1374</strong><br />(-22 for losing)\n|l|\u2606yubanmeiqin\n|player|p2|\n","uploadtime":1773468380,"views":14,"formatid":"gen9vgc2026regi","rating":1374,"private":0,"password":null}