{"id":"gen9vgc2026regi-2515232742","format":"[Gen 9] VGC 2026 Reg I","players":["aimrll","dasabe\u76d6\u6b27\u5361\u4fa0"],"log":"|j|\u2606aimrll\n|j|\u2606dasabe\u76d6\u6b27\u5361\u4fa0\n|t:|1767970861\n|gametype|doubles\n|player|p1|aimrll|blaine|1314\n|player|p2|dasabe\u76d6\u6b27\u5361\u4fa0|may-masters4|1406\n|gen|9\n|tier|[Gen 9] VGC 2026 Reg I\n|rated|\n|rule|Species Clause: Limit one of each Pok\u00e9mon\n|rule|Item Clause: Limit 1 of each item\n|clearpoke\n|poke|p1|Kyurem-White, L50|\n|poke|p1|Zacian-*, L50|\n|poke|p1|Tornadus, L50, M|\n|poke|p1|Ninetales-Alola, L50, M|\n|poke|p1|Urshifu-*, L50, F|\n|poke|p1|Gouging Fire, L50|\n|poke|p2|Kyogre, L50|\n|poke|p2|Miraidon, L50|\n|poke|p2|Whimsicott, L50, F|\n|poke|p2|Iron Hands, L50|\n|poke|p2|Farigiraf, L50, F|\n|poke|p2|Urshifu-*, L50, M|\n|teampreview|4\n|inactive|Battle timer is ON: inactive players will automatically lose when time's up. (requested by aimrll)\n|\n|t:|1767970878\n|teamsize|p1|4\n|teamsize|p2|4\n|start\n|switch|p1a: Tornadus|Tornadus, L50, M|100/100\n|switch|p1b: Zacian|Zacian-Crowned, L50|100/100\n|switch|p2a: \u624b\u94f6|Iron Hands, L50, shiny|100/100\n|switch|p2b: \u5c0f\u5934\u63a7\u5927\u5934|Farigiraf, L50, F, shiny|100/100\n|-ability|p1b: Zacian|Intrepid Sword|boost\n|-boost|p1b: Zacian|atk|1\n|turn|1\n|\n|t:|1767970888\n|switch|p1a: Ninetales|Ninetales-Alola, L50, M|100/100\n|-weather|Snowscape|[from] ability: Snow Warning|[of] p1a: Ninetales\n|move|p1b: Zacian|Protect|p1b: Zacian\n|-singleturn|p1b: Zacian|Protect\n|move|p2a: \u624b\u94f6|Fake Out|p1b: Zacian\n|-activate|p1b: Zacian|move: Protect\n|move|p2b: \u5c0f\u5934\u63a7\u5927\u5934|Trick Room|p2b: \u5c0f\u5934\u63a7\u5927\u5934\n|-fieldstart|move: Trick Room|[of] p2b: \u5c0f\u5934\u63a7\u5927\u5934\n|\n|-weather|Snowscape|[upkeep]\n|upkeep\n|turn|2\n|\n|t:|1767970895\n|-terastallize|p2a: \u624b\u94f6|Water\n|move|p2b: \u5c0f\u5934\u63a7\u5927\u5934|Helping Hand|p2a: \u624b\u94f6\n|-singleturn|p2a: \u624b\u94f6|Helping Hand|[of] p2b: \u5c0f\u5934\u63a7\u5927\u5934\n|move|p2a: \u624b\u94f6|Low Kick|p1b: Zacian\n|-damage|p1b: Zacian|11/100\n|move|p1a: Ninetales|Aurora Veil|p1a: Ninetales\n|-sidestart|p1: aimrll|move: Aurora Veil\n|move|p1b: Zacian|Play Rough|p2a: \u624b\u94f6|[miss]\n|-miss|p1b: Zacian|p2a: \u624b\u94f6\n|\n|-weather|Snowscape|[upkeep]\n|upkeep\n|turn|3\n|\n|t:|1767970907\n|switch|p2b: \u6210\u90fd\u8001\u76d6|Kyogre, L50, shiny|100/100\n|-weather|RainDance|[from] ability: Drizzle|[of] p2b: \u6210\u90fd\u8001\u76d6\n|move|p1b: Zacian|Protect|p1b: Zacian\n|-singleturn|p1b: Zacian|Protect\n|move|p2a: \u624b\u94f6|Drain Punch|p1b: Zacian\n|-activate|p1b: Zacian|move: Protect\n|move|p1a: Ninetales|Moonblast|p2b: \u6210\u90fd\u8001\u76d6\n|-damage|p2b: \u6210\u90fd\u8001\u76d6|78/100\n|\n|-weather|RainDance|[upkeep]\n|upkeep\n|turn|4\n|\n|t:|1767970916\n|move|p2a: \u624b\u94f6|Drain Punch|p1a: Ninetales\n|-damage|p1a: Ninetales|62/100\n|move|p2b: \u6210\u90fd\u8001\u76d6|Water Spout|p1b: Zacian|[spread] p1a,p1b\n|-crit|p1a: Ninetales\n|-damage|p1a: Ninetales|0 fnt\n|-damage|p1b: Zacian|0 fnt\n|faint|p1a: Ninetales\n|faint|p1b: Zacian\n|\n|-weather|RainDance|[upkeep]\n|upkeep\n|\n|t:|1767970919\n|switch|p1a: Tornadus|Tornadus, L50, M|100/100\n|switch|p1b: Kyurem|Kyurem-White, L50|100/100\n|-ability|p1b: Kyurem|Turboblaze\n|turn|5\n|\n|t:|1767970923\n|move|p1b: Kyurem|Protect|p1b: Kyurem\n|-singleturn|p1b: Kyurem|Protect\n|move|p1a: Tornadus|Snowscape|p1a: Tornadus\n|-weather|Snowscape\n|move|p2a: \u624b\u94f6|Wild Charge|p1a: Tornadus\n|-supereffective|p1a: Tornadus\n|-damage|p1a: Tornadus|40/100\n|-damage|p2a: \u624b\u94f6|89/100|[from] Recoil\n|move|p2b: \u6210\u90fd\u8001\u76d6|Water Spout|p1a: Tornadus|[spread] p1a\n|-activate|p1b: Kyurem|move: Protect\n|-damage|p1a: Tornadus|0 fnt\n|faint|p1a: Tornadus\n|\n|-weather|Snowscape|[upkeep]\n|-fieldend|move: Trick Room\n|upkeep\n|turn|6\n|\n|t:|1767970929\n|switch|p2b: \u5c0f\u5934\u63a7\u5927\u5934|Farigiraf, L50, F, shiny|100/100\n|move|p1b: Kyurem|Blizzard|p2a: \u624b\u94f6|[spread] p2a,p2b\n|-resisted|p2a: \u624b\u94f6\n|-damage|p2a: \u624b\u94f6|70/100\n|-damage|p2b: \u5c0f\u5934\u63a7\u5927\u5934|35/100\n|-damage|p1b: Kyurem|91/100|[from] item: Life Orb\n|move|p2a: \u624b\u94f6|Low Kick|p1b: Kyurem\n|-supereffective|p1b: Kyurem\n|-damage|p1b: Kyurem|34/100\n|\n|-weather|Snowscape|[upkeep]\n|-sideend|p1: aimrll|move: Aurora Veil\n|upkeep\n|turn|7\n|\n|t:|1767970935\n|switch|p2b: \u6210\u90fd\u8001\u76d6|Kyogre, L50, shiny|78/100\n|-weather|RainDance|[from] ability: Drizzle|[of] p2b: \u6210\u90fd\u8001\u76d6\n|-terastallize|p1b: Kyurem|Fairy\n|move|p1b: Kyurem|Blizzard|p2a: \u624b\u94f6|[spread] \n|-miss|p1b: Kyurem|p2a: \u624b\u94f6\n|-miss|p1b: Kyurem|p2b: \u6210\u90fd\u8001\u76d6\n|move|p2a: \u624b\u94f6|Drain Punch|p1b: Kyurem\n|-resisted|p1b: Kyurem\n|-damage|p1b: Kyurem|16/100\n|-heal|p2a: \u624b\u94f6|78/100|[from] drain|[of] p1b: Kyurem\n|\n|-weather|RainDance|[upkeep]\n|upkeep\n|turn|8\n|-message|aimrll forfeited.\n|\n|win|dasabe\u76d6\u6b27\u5361\u4fa0\n|raw|aimrll's rating: 1314 &rarr; <strong>1299</strong><br />(-15 for losing)\n|raw|dasabe\u76d6\u6b27\u5361\u4fa0's rating: 1406 &rarr; <strong>1421</strong><br />(+15 for winning)\n|l|\u2606aimrll\n|player|p1|\n|l|\u2606dasabe\u76d6\u6b27\u5361\u4fa0\n|player|p2|\n","uploadtime":1767971155,"views":12,"formatid":"gen9vgc2026regi","rating":1299,"private":0,"password":null}