{"id":"gen9vgc2026regi-2560187423","format":"[Gen 9] VGC 2026 Reg I","players":["Nd103","jonen"],"log":"|j|\u2606Nd103\n|j|\u2606jonen\n|t:|1773663998\n|gametype|doubles\n|player|p1|Nd103|102|1195\n|player|p2|jonen|medium|1170\n|gen|9\n|tier|[Gen 9] VGC 2026 Reg I\n|rated|\n|rule|Species Clause: Limit one of each Pok\u00e9mon\n|rule|Item Clause: Limit 1 of each item\n|clearpoke\n|poke|p1|Calyrex-Ice, L50|\n|poke|p1|Kyogre, L50|\n|poke|p1|Farigiraf, L50, M|\n|poke|p1|Rillaboom, L50, F|\n|poke|p1|Urshifu-*, L50, F|\n|poke|p1|Incineroar, L50, M|\n|poke|p2|Calyrex-Ice, L50|\n|poke|p2|Scraggy, L50, M|\n|poke|p2|Miraidon, L50|\n|poke|p2|Farigiraf, L50, M|\n|poke|p2|Iron Treads, L50|\n|poke|p2|Iron Hands, L50|\n|teampreview|4\n|\n|t:|1773664022\n|teamsize|p1|4\n|teamsize|p2|4\n|start\n|switch|p1a: Rillaboom|Rillaboom, L50, F|100/100\n|switch|p1b: Calyrex|Calyrex-Ice, L50|100/100\n|switch|p2a: Calyrex|Calyrex-Ice, L50|100/100\n|switch|p2b: Scraggy|Scraggy, L50, M|100/100\n|-ability|p1b: Calyrex|As One\n|-ability|p1b: Calyrex|Unnerve\n|-ability|p2a: Calyrex|As One\n|-ability|p2a: Calyrex|Unnerve\n|-fieldstart|move: Grassy Terrain|[from] ability: Grassy Surge|[of] p1a: Rillaboom\n|-ability|p2b: Scraggy|Intimidate|boost\n|-fail|p1a: Rillaboom|unboost|[from] item: Clear Amulet|[of] p1a: Rillaboom\n|-unboost|p1b: Calyrex|atk|1\n|turn|1\n|inactive|Battle timer is ON: inactive players will automatically lose when time's up. (requested by Nd103)\n|\n|t:|1773664035\n|switch|p1b: Incineroar|Incineroar, L50, M|100/100\n|-ability|p1b: Incineroar|Intimidate|boost\n|-fail|p2a: Calyrex|unboost|[from] item: Clear Amulet|[of] p2a: Calyrex\n|-unboost|p2b: Scraggy|atk|1\n|move|p2a: Calyrex|Protect|p2a: Calyrex\n|-singleturn|p2a: Calyrex|Protect\n|move|p1a: Rillaboom|U-turn|p2b: Scraggy\n|-damage|p2b: Scraggy|77/100\n|\n|t:|1773664054\n|switch|p1a: Kyogre|Kyogre, L50|100/100|[from] U-turn\n|-weather|RainDance|[from] ability: Drizzle|[of] p1a: Kyogre\n|move|p2b: Scraggy|Coaching|p2a: Calyrex\n|-boost|p2a: Calyrex|atk|1\n|-boost|p2a: Calyrex|def|1\n|\n|-weather|RainDance|[upkeep]\n|-heal|p2b: Scraggy|83/100|[from] Grassy Terrain\n|upkeep\n|turn|2\n|\n|t:|1773664073\n|move|p1a: Kyogre|Water Spout|p2b: Scraggy|[spread] p2a,p2b\n|-damage|p2a: Calyrex|17/100\n|-damage|p2b: Scraggy|0 fnt\n|faint|p2b: Scraggy\n|move|p1b: Incineroar|Knock Off|p2a: Calyrex\n|-supereffective|p2a: Calyrex\n|-damage|p2a: Calyrex|0 fnt\n|-enditem|p2a: Calyrex|Clear Amulet|[from] move: Knock Off|[of] p1b: Incineroar\n|faint|p2a: Calyrex\n|\n|-weather|RainDance|[upkeep]\n|upkeep\n|\n|t:|1773664079\n|switch|p2a: Miraidon|Miraidon, L50|100/100\n|switch|p2b: Iron Hands|Iron Hands, L50|100/100\n|-fieldstart|move: Electric Terrain|[from] ability: Hadron Engine|[of] p2a: Miraidon\n|-activate|p2b: Iron Hands|ability: Quark Drive\n|-start|p2b: Iron Hands|quarkdriveatk\n|turn|3\n|\n|t:|1773664096\n|switch|p1a: Rillaboom|Rillaboom, L50, F|100/100\n|-fieldstart|move: Grassy Terrain|[from] ability: Grassy Surge|[of] p1a: Rillaboom\n|-end|p2b: Iron Hands|Quark Drive\n|move|p2a: Miraidon|Draco Meteor|p1b: Incineroar\n|-damage|p1b: Incineroar|4/100\n|-unboost|p2a: Miraidon|spa|2\n|move|p1b: Incineroar|Parting Shot|p2a: Miraidon\n|-unboost|p2a: Miraidon|atk|1\n|-unboost|p2a: Miraidon|spa|1\n|\n|t:|1773664106\n|switch|p1b: Calyrex|Calyrex-Ice, L50|100/100|[from] Parting Shot\n|-ability|p1b: Calyrex|As One\n|-ability|p1b: Calyrex|Unnerve\n|move|p2b: Iron Hands|Low Kick|p1a: Rillaboom\n|-crit|p1a: Rillaboom\n|-damage|p1a: Rillaboom|22/100\n|\n|-weather|RainDance|[upkeep]\n|-heal|p1a: Rillaboom|27/100|[from] Grassy Terrain\n|upkeep\n|turn|4\n|\n|t:|1773664119\n|-terastallize|p2b: Iron Hands|Water\n|move|p1a: Rillaboom|Fake Out|p2b: Iron Hands\n|-damage|p2b: Iron Hands|92/100\n|move|p2a: Miraidon|Draco Meteor|p1a: Rillaboom\n|-damage|p1a: Rillaboom|0 fnt\n|-unboost|p2a: Miraidon|spa|2\n|faint|p1a: Rillaboom\n|move|p1b: Calyrex|Glacial Lance|p2b: Iron Hands|[spread] p2a,p2b\n|-supereffective|p2a: Miraidon\n|-resisted|p2b: Iron Hands\n|-damage|p2a: Miraidon|0 fnt\n|-damage|p2b: Iron Hands|72/100\n|faint|p2a: Miraidon\n|-ability|p1b: Calyrex|Chilling Neigh|boost\n|-boost|p1b: Calyrex|atk|1\n|cant|p2b: Iron Hands|flinch\n|\n|-weather|RainDance|[upkeep]\n|-heal|p2b: Iron Hands|78/100|[from] Grassy Terrain\n|upkeep\n|\n|t:|1773664127\n|switch|p1a: Incineroar|Incineroar, L50, M|4/100\n|-ability|p1a: Incineroar|Intimidate|boost\n|-unboost|p2b: Iron Hands|atk|1\n|turn|5\n|\n|t:|1773664131\n|move|p1a: Incineroar|Fake Out|p2b: Iron Hands\n|-damage|p2b: Iron Hands|70/100\n|move|p1b: Calyrex|Leech Seed|p2b: Iron Hands\n|-start|p2b: Iron Hands|move: Leech Seed\n|cant|p2b: Iron Hands|flinch\n|\n|-weather|none\n|-heal|p1a: Incineroar|10/100|[from] Grassy Terrain\n|-heal|p2b: Iron Hands|76/100|[from] Grassy Terrain\n|-damage|p2b: Iron Hands|64/100|[from] Leech Seed|[of] p1b: Calyrex\n|upkeep\n|turn|6\n|c|\u2606jonen|gg\n|\n|t:|1773664150\n|move|p1a: Incineroar|Parting Shot|p2b: Iron Hands\n|-unboost|p2b: Iron Hands|atk|1\n|-unboost|p2b: Iron Hands|spa|1\n|\n|t:|1773664153\n|switch|p1a: Kyogre|Kyogre, L50|100/100|[from] Parting Shot\n|-weather|RainDance|[from] ability: Drizzle|[of] p1a: Kyogre\n|move|p1b: Calyrex|Glacial Lance|p2b: Iron Hands\n|-resisted|p2b: Iron Hands\n|-damage|p2b: Iron Hands|26/100\n|move|p2b: Iron Hands|Drain Punch|p1b: Calyrex\n|-damage|p1b: Calyrex|88/100\n|-heal|p2b: Iron Hands|32/100|[from] drain|[of] p1b: Calyrex\n|\n|-weather|RainDance|[upkeep]\n|-heal|p1b: Calyrex|94/100|[from] Grassy Terrain\n|-heal|p1b: Calyrex|99/100|[from] item: Leftovers\n|-heal|p2b: Iron Hands|38/100|[from] Grassy Terrain\n|-damage|p2b: Iron Hands|26/100|[from] Leech Seed|[of] p1b: Calyrex\n|-heal|p1b: Calyrex|100/100|[silent]\n|upkeep\n|turn|7\n|-message|jonen forfeited.\n|\n|win|Nd103\n|raw|Nd103's rating: 1195 &rarr; <strong>1218</strong><br />(+23 for winning)\n|raw|jonen's rating: 1170 &rarr; <strong>1147</strong><br />(-23 for losing)\n","uploadtime":1773664156,"views":10,"formatid":"gen9vgc2026regi","rating":1147,"private":0,"password":null}