{"id":"gen9vgc2026regi-2546757811","format":"[Gen 9] VGC 2026 Reg I","players":["zst666","marcxhenry"],"log":"|j|\u2606zst666\n|j|\u2606marcxhenry\n|t:|1772006461\n|gametype|doubles\n|player|p1|zst666|ghetsis|1581\n|player|p2|marcxhenry|hilbert-wonderlauncher|1603\n|gen|9\n|tier|[Gen 9] VGC 2026 Reg I\n|rated|\n|rule|Species Clause: Limit one of each Pok\u00e9mon\n|rule|Item Clause: Limit 1 of each item\n|clearpoke\n|poke|p1|Lunala, L50|\n|poke|p1|Miraidon, L50|\n|poke|p1|Rillaboom, L50, F|\n|poke|p1|Incineroar, L50, F|\n|poke|p1|Scream Tail, L50|\n|poke|p1|Urshifu-*, L50, M|\n|poke|p2|Calyrex-Shadow, L50|\n|poke|p2|Urshifu-*, L50, M|\n|poke|p2|Roaring Moon, L50|\n|poke|p2|Kyogre, L50|\n|poke|p2|Tsareena, L50, F|\n|poke|p2|Kingambit, L50, M|\n|teampreview|4\n|\n|t:|1772006488\n|teamsize|p1|4\n|teamsize|p2|4\n|start\n|switch|p1a: Miraidon|Miraidon, L50, shiny|100/100\n|switch|p1b: Lunala|Lunala, L50, shiny|100/100\n|switch|p2a: Tripitz|Kyogre, L50, shiny|100/100\n|switch|p2b: Hitmonshe|Tsareena, L50, F, shiny|100/100\n|-fieldstart|move: Electric Terrain|[from] ability: Hadron Engine|[of] p1a: Miraidon\n|-weather|RainDance|[from] ability: Drizzle|[of] p2a: Tripitz\n|turn|1\n|\n|t:|1772006510\n|-terastallize|p2a: Tripitz|Ground\n|move|p1a: Miraidon|Draco Meteor|p2b: Hitmonshe\n|-damage|p2b: Hitmonshe|0 fnt\n|-unboost|p1a: Miraidon|spa|2\n|faint|p2b: Hitmonshe\n|move|p1b: Lunala|Calm Mind|p1b: Lunala\n|-boost|p1b: Lunala|spa|1\n|-boost|p1b: Lunala|spd|1\n|move|p2a: Tripitz|Water Spout|p1a: Miraidon|[spread] p1a,p1b\n|-resisted|p1a: Miraidon\n|-damage|p1a: Miraidon|45/100\n|-damage|p1b: Lunala|71/100\n|\n|-weather|RainDance|[upkeep]\n|-heal|p1b: Lunala|77/100|[from] item: Leftovers\n|upkeep\n|\n|t:|1772006525\n|switch|p2b: Hermann|Kingambit, L50, M, shiny|100/100\n|turn|2\n|\n|t:|1772006550\n|switch|p1a: Rillaboom|Rillaboom, L50, F, shiny|100/100\n|-fieldstart|move: Grassy Terrain|[from] ability: Grassy Surge|[of] p1a: Rillaboom\n|-terastallize|p1b: Lunala|Fairy\n|move|p2a: Tripitz|Protect|p2a: Tripitz\n|-singleturn|p2a: Tripitz|Protect\n|move|p1b: Lunala|Moonblast|p2a: Tripitz\n|-activate|p2a: Tripitz|move: Protect\n|move|p2b: Hermann|Iron Head|p1b: Lunala\n|-supereffective|p1b: Lunala\n|-damage|p1b: Lunala|0 fnt\n|faint|p1b: Lunala\n|\n|-weather|RainDance|[upkeep]\n|upkeep\n|\n|t:|1772006568\n|switch|p1b: Miraidon|Miraidon, L50, shiny|45/100\n|-fieldstart|move: Electric Terrain|[from] ability: Hadron Engine|[of] p1b: Miraidon\n|turn|3\n|\n|t:|1772006580\n|move|p1b: Miraidon|Electro Drift|p2b: Hermann\n|-damage|p2b: Hermann|41/100\n|move|p2a: Tripitz|Origin Pulse|p1a: Rillaboom|[spread] p1a,p1b\n|-resisted|p1a: Rillaboom\n|-resisted|p1b: Miraidon\n|-damage|p1a: Rillaboom|68/100\n|-damage|p1b: Miraidon|3/100\n|move|p1a: Rillaboom|Wood Hammer|p2a: Tripitz\n|-supereffective|p2a: Tripitz\n|-damage|p2a: Tripitz|0 fnt\n|faint|p2a: Tripitz\n|-damage|p1a: Rillaboom|40/100|[from] Recoil\n|move|p2b: Hermann|Kowtow Cleave|p1b: Miraidon\n|-damage|p1b: Miraidon|0 fnt\n|faint|p1b: Miraidon\n|\n|-weather|RainDance|[upkeep]\n|upkeep\n|\n|t:|1772006599\n|switch|p1b: Incineroar|Incineroar, L50, F, shiny|100/100\n|switch|p2a: Ludwig|Calyrex-Shadow, L50|100/100\n|-ability|p2a: Ludwig|As One\n|-ability|p2a: Ludwig|Unnerve\n|-ability|p1b: Incineroar|Intimidate|boost\n|-unboost|p2a: Ludwig|atk|1\n|-unboost|p2b: Hermann|atk|1\n|-ability|p2b: Hermann|Defiant|boost\n|-boost|p2b: Hermann|atk|2\n|turn|4\n|\n|t:|1772006616\n|move|p2a: Ludwig|Psychic|p1a: Rillaboom\n|-damage|p1a: Rillaboom|3/100\n|move|p1a: Rillaboom|Wood Hammer|p2a: Ludwig\n|-damage|p2a: Ludwig|33/100\n|-damage|p1a: Rillaboom|0 fnt|[from] Recoil\n|faint|p1a: Rillaboom\n|move|p1b: Incineroar|Flare Blitz|p2b: Hermann\n|-supereffective|p2b: Hermann\n|-damage|p2b: Hermann|7/100\n|-damage|p1b: Incineroar|90/100|[from] Recoil\n|move|p2b: Hermann|Brick Break|p1b: Incineroar\n|-supereffective|p1b: Incineroar\n|-damage|p1b: Incineroar|21/100\n|-damage|p2b: Hermann|0 fnt|[from] item: Rocky Helmet|[of] p1b: Incineroar\n|faint|p2b: Hermann\n|\n|-weather|RainDance|[upkeep]\n|upkeep\n|turn|5\n|\n|t:|1772006636\n|move|p2a: Ludwig|Astral Barrage|p1b: Incineroar\n|-resisted|p1b: Incineroar\n|-damage|p1b: Incineroar|0 fnt\n|faint|p1b: Incineroar\n|\n|win|marcxhenry\n|raw|zst666's rating: 1581 &rarr; <strong>1562</strong><br />(-19 for losing)\n|raw|marcxhenry's rating: 1603 &rarr; <strong>1622</strong><br />(+19 for winning)\n|l|\u2606zst666\n|player|p1|\n|l|\u2606marcxhenry\n|player|p2|\n","uploadtime":1772006868,"views":36,"formatid":"gen9vgc2026regi","rating":1562,"private":0,"password":null}