{"id":"gen9vgc2026regi-2543507503","format":"[Gen 9] VGC 2026 Reg I","players":["kilothegreat","marcxhenry"],"log":"|j|\u2606kilothegreat\n|j|\u2606marcxhenry\n|t:|1771585642\n|gametype|doubles\n|player|p1|kilothegreat|265|1357\n|player|p2|marcxhenry|hilbert-wonderlauncher|1394\n|gen|9\n|tier|[Gen 9] VGC 2026 Reg I\n|rated|\n|rule|Species Clause: Limit one of each Pok\u00e9mon\n|rule|Item Clause: Limit 1 of each item\n|clearpoke\n|poke|p1|Koraidon, L50|\n|poke|p1|Flutter Mane, L50|\n|poke|p1|Incineroar, L50, M|\n|poke|p1|Amoonguss, L50, F|\n|poke|p1|Lunala, L50|\n|poke|p1|Ursaluna, L50, F|\n|poke|p2|Calyrex-Shadow, L50|\n|poke|p2|Urshifu-*, L50, M|\n|poke|p2|Roaring Moon, L50|\n|poke|p2|Kyogre, L50|\n|poke|p2|Tsareena, L50, F|\n|poke|p2|Kingambit, L50, M|\n|teampreview|4\n|\n|t:|1771585667\n|teamsize|p1|4\n|teamsize|p2|4\n|start\n|switch|p1a: Koraidon|Koraidon, L50|100/100\n|switch|p1b: Lunala|Lunala, L50|100/100\n|switch|p2a: Ludwig|Calyrex-Shadow, L50|100/100\n|switch|p2b: Tripitz|Kyogre, L50, shiny|100/100\n|-ability|p2a: Ludwig|As One\n|-ability|p2a: Ludwig|Unnerve\n|-weather|SunnyDay|[from] ability: Orichalcum Pulse|[of] p1a: Koraidon\n|-activate|p1a: Koraidon|Orichalcum Pulse|[source]\n|-weather|RainDance|[from] ability: Drizzle|[of] p2b: Tripitz\n|turn|1\n|\n|t:|1771585688\n|-terastallize|p2a: Ludwig|Normal\n|-terastallize|p1a: Koraidon|Fire\n|move|p2a: Ludwig|Psychic|p1a: Koraidon\n|-damage|p1a: Koraidon|44/100\n|move|p1a: Koraidon|Close Combat|p2b: Tripitz\n|-damage|p2b: Tripitz|9/100\n|-unboost|p1a: Koraidon|def|1\n|-unboost|p1a: Koraidon|spd|1\n|-damage|p1a: Koraidon|34/100|[from] item: Life Orb\n|move|p2b: Tripitz|Hydro Pump|p1a: Koraidon\n|-supereffective|p1a: Koraidon\n|-damage|p1a: Koraidon|0 fnt\n|faint|p1a: Koraidon\n|move|p1b: Lunala|Moongeist Beam|p2a: Ludwig\n|-immune|p2a: Ludwig\n|\n|-weather|RainDance|[upkeep]\n|upkeep\n|inactive|Battle timer is ON: inactive players will automatically lose when time's up. (requested by kilothegreat)\n|\n|t:|1771585700\n|switch|p1a: Incineroar|Incineroar, L50, M|100/100\n|-ability|p1a: Incineroar|Intimidate|boost\n|-unboost|p2a: Ludwig|atk|1\n|-unboost|p2b: Tripitz|atk|1\n|turn|2\n|\n|t:|1771585710\n|switch|p2a: Hitmonshe|Tsareena, L50, F, shiny|100/100\n|move|p1a: Incineroar|Fake Out||[still]\n|cant|p2a: Hitmonshe|ability: Queenly Majesty|Fake Out|[of] p1a: Incineroar\n|move|p2b: Tripitz|Origin Pulse|p1b: Lunala|[spread] p1a,p1b\n|-supereffective|p1a: Incineroar\n|-damage|p1a: Incineroar|0 fnt\n|-damage|p1b: Lunala|70/100\n|faint|p1a: Incineroar\n|move|p1b: Lunala|Trick Room|p1b: Lunala\n|-fieldstart|move: Trick Room|[of] p1b: Lunala\n|\n|-weather|RainDance|[upkeep]\n|upkeep\n|\n|t:|1771585714\n|switch|p1a: Ursaluna|Ursaluna, L50, F|100/100\n|turn|3\n|\n|t:|1771585736\n|switch|p2b: Hermann|Kingambit, L50, M, shiny|100/100\n|move|p1a: Ursaluna|Protect|p1a: Ursaluna\n|-singleturn|p1a: Ursaluna|Protect\n|move|p2a: Hitmonshe|Taunt|p1b: Lunala\n|-start|p1b: Lunala|move: Taunt\n|move|p1b: Lunala|Moonblast|p2a: Hitmonshe\n|-damage|p2a: Hitmonshe|58/100\n|\n|-weather|RainDance|[upkeep]\n|-status|p1a: Ursaluna|brn|[from] item: Flame Orb\n|upkeep\n|turn|4\n|\n|t:|1771585755\n|move|p2b: Hermann|Sucker Punch|p1a: Ursaluna\n|-damage|p1a: Ursaluna|65/100 brn\n|move|p1a: Ursaluna|Headlong Rush|p2b: Hermann\n|-supereffective|p2b: Hermann\n|-damage|p2b: Hermann|0 fnt\n|-unboost|p1a: Ursaluna|def|1\n|-unboost|p1a: Ursaluna|spd|1\n|faint|p2b: Hermann\n|move|p2a: Hitmonshe|Power Whip|p1a: Ursaluna\n|-supereffective|p1a: Ursaluna\n|-damage|p1a: Ursaluna|0 fnt\n|faint|p1a: Ursaluna\n|move|p1b: Lunala|Moongeist Beam|p2a: Hitmonshe\n|-crit|p2a: Hitmonshe\n|-damage|p2a: Hitmonshe|0 fnt\n|faint|p2a: Hitmonshe\n|\n|-weather|RainDance|[upkeep]\n|upkeep\n|\n|t:|1771585771\n|switch|p2b: Tripitz|Kyogre, L50, shiny|9/100\n|switch|p2a: Ludwig|Calyrex-Shadow, L50, tera:Normal|100/100\n|-ability|p2a: Ludwig|As One\n|-ability|p2a: Ludwig|Unnerve\n|turn|5\n|\n|t:|1771585779\n|move|p2b: Tripitz|Protect|p2b: Tripitz\n|-singleturn|p2b: Tripitz|Protect\n|move|p1b: Lunala|Moonblast|p2a: Ludwig\n|-damage|p2a: Ludwig|64/100\n|move|p2a: Ludwig|Astral Barrage|p1b: Lunala\n|-supereffective|p1b: Lunala\n|-damage|p1b: Lunala|0 fnt\n|faint|p1b: Lunala\n|\n|win|marcxhenry\n|raw|kilothegreat's rating: 1357 &rarr; <strong>1339</strong><br />(-18 for losing)\n|raw|marcxhenry's rating: 1394 &rarr; <strong>1412</strong><br />(+18 for winning)\n|l|\u2606kilothegreat\n|player|p1|\n|l|\u2606marcxhenry\n|player|p2|\n","uploadtime":1771586005,"views":12,"formatid":"gen9vgc2026regi","rating":1339,"private":0,"password":null}