{"id":"gen9vgc2026regi-2516353593","format":"[Gen 9] VGC 2026 Reg I","players":["blackred123\u6c38\u96cf\u5854\u83f2\u4fa0","fogdocker"],"log":"|j|\u2606blackred123\u6c38\u96cf\u5854\u83f2\u4fa0\n|j|\u2606fogdocker\n|t:|1768126902\n|gametype|doubles\n|player|p1|blackred123\u6c38\u96cf\u5854\u83f2\u4fa0|iono-masters|1215\n|player|p2|fogdocker|102|1262\n|gen|9\n|tier|[Gen 9] VGC 2026 Reg I\n|rated|\n|rule|Species Clause: Limit one of each Pok\u00e9mon\n|rule|Item Clause: Limit 1 of each item\n|clearpoke\n|poke|p1|Calyrex-Shadow, L50|\n|poke|p1|Zamazenta-*, L50|\n|poke|p1|Incineroar, L50, M|\n|poke|p1|Rillaboom, L50, F|\n|poke|p1|Ogerpon-Cornerstone, L50, F|\n|poke|p1|Tornadus, L50, M|\n|poke|p2|Koraidon, L50|\n|poke|p2|Flutter Mane, L50|\n|poke|p2|Calyrex-Ice, L50|\n|poke|p2|Incineroar, L50, F|\n|poke|p2|Rillaboom, L50, F|\n|poke|p2|Amoonguss, L50, M|\n|teampreview|4\n|inactive|Battle timer is ON: inactive players will automatically lose when time's up. (requested by blackred123\u6c38\u96cf\u5854\u83f2\u4fa0)\n|inactive|blackred123\u6c38\u96cf\u5854\u83f2\u4fa0 has 60 seconds left.\n|inactive|fogdocker has 60 seconds left.\n|\n|t:|1768126936\n|teamsize|p1|4\n|teamsize|p2|4\n|start\n|switch|p1a: \u54c7\u8884\uff08\u72d7\u53eb\u58f0\uff09|Zamazenta-Crowned, L50|100/100\n|switch|p1b: \u68cd\u7236|Tornadus, L50, M|100/100\n|switch|p2a: Koraidon|Koraidon, L50|100/100\n|switch|p2b: Incineroar|Incineroar, L50, F|100/100\n|-weather|SunnyDay|[from] ability: Orichalcum Pulse|[of] p2a: Koraidon\n|-activate|p2a: Koraidon|Orichalcum Pulse|[source]\n|-ability|p1a: \u54c7\u8884\uff08\u72d7\u53eb\u58f0\uff09|Dauntless Shield|boost\n|-boost|p1a: \u54c7\u8884\uff08\u72d7\u53eb\u58f0\uff09|def|1\n|-ability|p2b: Incineroar|Intimidate|boost\n|-unboost|p1a: \u54c7\u8884\uff08\u72d7\u53eb\u58f0\uff09|atk|1\n|-unboost|p1b: \u68cd\u7236|atk|1\n|turn|1\n|inactive|fogdocker has 30 seconds left.\n|\n|t:|1768126961\n|move|p1b: \u68cd\u7236|Protect|p1b: \u68cd\u7236\n|-singleturn|p1b: \u68cd\u7236|Protect\n|move|p1a: \u54c7\u8884\uff08\u72d7\u53eb\u58f0\uff09|Protect|p1a: \u54c7\u8884\uff08\u72d7\u53eb\u58f0\uff09\n|-singleturn|p1a: \u54c7\u8884\uff08\u72d7\u53eb\u58f0\uff09|Protect\n|move|p2a: Koraidon|Flare Blitz|p1a: \u54c7\u8884\uff08\u72d7\u53eb\u58f0\uff09\n|-activate|p1a: \u54c7\u8884\uff08\u72d7\u53eb\u58f0\uff09|move: Protect\n|move|p2b: Incineroar|Parting Shot|p1b: \u68cd\u7236\n|-activate|p1b: \u68cd\u7236|move: Protect\n|\n|-weather|SunnyDay|[upkeep]\n|upkeep\n|turn|2\n|inactive|blackred123\u6c38\u96cf\u5854\u83f2\u4fa0 has 30 seconds left.\n|\n|t:|1768126990\n|switch|p2b: Flutter Mane|Flutter Mane, L50|100/100\n|-activate|p2b: Flutter Mane|ability: Protosynthesis\n|-start|p2b: Flutter Mane|protosynthesisspe\n|-terastallize|p1a: \u54c7\u8884\uff08\u72d7\u53eb\u58f0\uff09|Dragon\n|move|p1b: \u68cd\u7236|Tailwind|p1b: \u68cd\u7236\n|-sidestart|p1: blackred123\u6c38\u96cf\u5854\u83f2\u4fa0|move: Tailwind\n|move|p1a: \u54c7\u8884\uff08\u72d7\u53eb\u58f0\uff09|Body Press|p2a: Koraidon\n|-damage|p2a: Koraidon|36/100\n|move|p2a: Koraidon|Flame Charge|p1b: \u68cd\u7236\n|-damage|p1b: \u68cd\u7236|55/100\n|-boost|p2a: Koraidon|spe|1\n|-damage|p2a: Koraidon|27/100|[from] item: Life Orb\n|\n|-weather|SunnyDay|[upkeep]\n|upkeep\n|turn|3\n|inactive|fogdocker has 30 seconds left.\n|\n|t:|1768127016\n|switch|p2a: Calyrex|Calyrex-Ice, L50|100/100\n|-ability|p2a: Calyrex|As One\n|-ability|p2a: Calyrex|Unnerve\n|move|p1b: \u68cd\u7236|Bleakwind Storm|p2b: Flutter Mane|[spread] p2a,p2b\n|-damage|p2a: Calyrex|81/100\n|-damage|p2b: Flutter Mane|66/100\n|-unboost|p2a: Calyrex|spe|1\n|-unboost|p2b: Flutter Mane|spe|1\n|move|p1a: \u54c7\u8884\uff08\u72d7\u53eb\u58f0\uff09|Heavy Slam|p2b: Flutter Mane\n|-supereffective|p2b: Flutter Mane\n|-damage|p2b: Flutter Mane|0 fnt\n|faint|p2b: Flutter Mane\n|-end|p2b: Flutter Mane|Protosynthesis|[silent]\n|\n|-weather|SunnyDay|[upkeep]\n|-heal|p2a: Calyrex|87/100|[from] item: Leftovers\n|upkeep\n|j| dasabe\u76d6\u6b27\u5361\u4fa0\n|\n|t:|1768127028\n|switch|p2b: Incineroar|Incineroar, L50, F|100/100\n|-ability|p2b: Incineroar|Intimidate|boost\n|-unboost|p1a: \u54c7\u8884\uff08\u72d7\u53eb\u58f0\uff09|atk|1\n|-unboost|p1b: \u68cd\u7236|atk|1\n|turn|4\n|\n|t:|1768127034\n|move|p1a: \u54c7\u8884\uff08\u72d7\u53eb\u58f0\uff09|Protect|p1a: \u54c7\u8884\uff08\u72d7\u53eb\u58f0\uff09\n|-singleturn|p1a: \u54c7\u8884\uff08\u72d7\u53eb\u58f0\uff09|Protect\n|move|p2b: Incineroar|Fake Out|p1b: \u68cd\u7236\n|-damage|p1b: \u68cd\u7236|44/100\n|cant|p1b: \u68cd\u7236|flinch\n|move|p2a: Calyrex|Trick Room|p2a: Calyrex\n|-fieldstart|move: Trick Room|[of] p2a: Calyrex\n|\n|-weather|SunnyDay|[upkeep]\n|-heal|p2a: Calyrex|93/100|[from] item: Leftovers\n|upkeep\n|turn|5\n|\n|t:|1768127049\n|switch|p1b: \u5e05otto\u5e05|Incineroar, L50, M|100/100\n|-ability|p1b: \u5e05otto\u5e05|Intimidate|boost\n|-unboost|p2a: Calyrex|atk|1\n|-unboost|p2b: Incineroar|atk|1\n|move|p1a: \u54c7\u8884\uff08\u72d7\u53eb\u58f0\uff09|Wide Guard|p1a: \u54c7\u8884\uff08\u72d7\u53eb\u58f0\uff09\n|-singleturn|p1a: \u54c7\u8884\uff08\u72d7\u53eb\u58f0\uff09|Wide Guard\n|move|p2a: Calyrex|Glacial Lance|p1a: \u54c7\u8884\uff08\u72d7\u53eb\u58f0\uff09|[spread] \n|-activate|p1a: \u54c7\u8884\uff08\u72d7\u53eb\u58f0\uff09|move: Wide Guard\n|-activate|p1b: \u5e05otto\u5e05|move: Wide Guard\n|move|p2b: Incineroar|Flare Blitz|p1b: \u5e05otto\u5e05\n|-resisted|p1b: \u5e05otto\u5e05\n|-damage|p1b: \u5e05otto\u5e05|83/100\n|-damage|p2b: Incineroar|84/100|[from] item: Rocky Helmet|[of] p1b: \u5e05otto\u5e05\n|-damage|p2b: Incineroar|78/100|[from] Recoil\n|\n|-weather|none\n|-heal|p2a: Calyrex|99/100|[from] item: Leftovers\n|-sideend|p1: blackred123\u6c38\u96cf\u5854\u83f2\u4fa0|move: Tailwind\n|upkeep\n|turn|6\n|l| dasabe\u76d6\u6b27\u5361\u4fa0\n|\n|t:|1768127072\n|move|p1b: \u5e05otto\u5e05|Fake Out|p2a: Calyrex\n|-damage|p2a: Calyrex|93/100\n|cant|p2a: Calyrex|flinch\n|move|p2b: Incineroar|Knock Off|p1b: \u5e05otto\u5e05\n|-resisted|p1b: \u5e05otto\u5e05\n|-damage|p1b: \u5e05otto\u5e05|73/100\n|-damage|p2b: Incineroar|62/100|[from] item: Rocky Helmet|[of] p1b: \u5e05otto\u5e05\n|-enditem|p1b: \u5e05otto\u5e05|Rocky Helmet|[from] move: Knock Off|[of] p2b: Incineroar\n|move|p1a: \u54c7\u8884\uff08\u72d7\u53eb\u58f0\uff09|Body Press|p2b: Incineroar\n|-supereffective|p2b: Incineroar\n|-damage|p2b: Incineroar|0 fnt\n|faint|p2b: Incineroar\n|\n|-heal|p2a: Calyrex|99/100|[from] item: Leftovers\n|upkeep\n|\n|t:|1768127075\n|switch|p2b: Koraidon|Koraidon, L50|27/100\n|-weather|SunnyDay|[from] ability: Orichalcum Pulse|[of] p2b: Koraidon\n|-activate|p2b: Koraidon|Orichalcum Pulse|[source]\n|turn|7\n|\n|t:|1768127092\n|-terastallize|p2a: Calyrex|Water\n|move|p1a: \u54c7\u8884\uff08\u72d7\u53eb\u58f0\uff09|Protect|p1a: \u54c7\u8884\uff08\u72d7\u53eb\u58f0\uff09\n|-singleturn|p1a: \u54c7\u8884\uff08\u72d7\u53eb\u58f0\uff09|Protect\n|move|p2a: Calyrex|Leech Seed|p1a: \u54c7\u8884\uff08\u72d7\u53eb\u58f0\uff09\n|-activate|p1a: \u54c7\u8884\uff08\u72d7\u53eb\u58f0\uff09|move: Protect\n|move|p1b: \u5e05otto\u5e05|Parting Shot|p2a: Calyrex\n|-unboost|p2a: Calyrex|atk|1\n|-unboost|p2a: Calyrex|spa|1\n|\n|t:|1768127103\n|switch|p1b: \u68cd\u7236|Tornadus, L50, M|44/100|[from] Parting Shot\n|move|p2b: Koraidon|Close Combat|p1b: \u68cd\u7236\n|-resisted|p1b: \u68cd\u7236\n|-damage|p1b: \u68cd\u7236|0 fnt\n|-unboost|p2b: Koraidon|def|1\n|-unboost|p2b: Koraidon|spd|1\n|faint|p1b: \u68cd\u7236\n|-damage|p2b: Koraidon|17/100|[from] item: Life Orb\n|\n|-weather|SunnyDay|[upkeep]\n|-heal|p2a: Calyrex|100/100|[from] item: Leftovers\n|upkeep\n|\n|t:|1768127109\n|switch|p1b: \u5e05otto\u5e05|Incineroar, L50, M|73/100\n|-ability|p1b: \u5e05otto\u5e05|Intimidate|boost\n|-unboost|p2a: Calyrex|atk|1\n|-unboost|p2b: Koraidon|atk|1\n|turn|8\n|\n|t:|1768127120\n|move|p2b: Koraidon|Protect|p2b: Koraidon\n|-singleturn|p2b: Koraidon|Protect\n|move|p2a: Calyrex|Leech Seed|p1a: \u54c7\u8884\uff08\u72d7\u53eb\u58f0\uff09\n|-start|p1a: \u54c7\u8884\uff08\u72d7\u53eb\u58f0\uff09|move: Leech Seed\n|move|p1b: \u5e05otto\u5e05|Parting Shot|p2a: Calyrex\n|-unboost|p2a: Calyrex|atk|1\n|-unboost|p2a: Calyrex|spa|1\n|\n|t:|1768127128\n|switch|p1b: \u5636\u9a6c\u51a0\u54e5|Calyrex-Shadow, L50|100/100|[from] Parting Shot\n|-ability|p1b: \u5636\u9a6c\u51a0\u54e5|As One\n|-ability|p1b: \u5636\u9a6c\u51a0\u54e5|Unnerve\n|move|p1a: \u54c7\u8884\uff08\u72d7\u53eb\u58f0\uff09|Body Press|p2b: Koraidon\n|-activate|p2b: Koraidon|move: Protect\n|\n|-weather|SunnyDay|[upkeep]\n|-damage|p1a: \u54c7\u8884\uff08\u72d7\u53eb\u58f0\uff09|88/100|[from] Leech Seed|[of] p2a: Calyrex\n|-fieldend|move: Trick Room\n|upkeep\n|turn|9\n|\n|t:|1768127139\n|move|p2b: Koraidon|Protect||[still]\n|-fail|p2b: Koraidon\n|move|p1b: \u5636\u9a6c\u51a0\u54e5|Astral Barrage|p2b: Koraidon|[spread] p2a,p2b\n|-damage|p2a: Calyrex|62/100\n|-damage|p2b: Koraidon|0 fnt\n|faint|p2b: Koraidon\n|-ability|p1b: \u5636\u9a6c\u51a0\u54e5|Grim Neigh|boost\n|-boost|p1b: \u5636\u9a6c\u51a0\u54e5|spa|1\n|move|p1a: \u54c7\u8884\uff08\u72d7\u53eb\u58f0\uff09|Body Press|p2a: Calyrex\n|-damage|p2a: Calyrex|21/100\n|move|p2a: Calyrex|Trick Room|p2a: Calyrex\n|-fieldstart|move: Trick Room|[of] p2a: Calyrex\n|\n|-weather|SunnyDay|[upkeep]\n|-heal|p2a: Calyrex|27/100|[from] item: Leftovers\n|-damage|p1a: \u54c7\u8884\uff08\u72d7\u53eb\u58f0\uff09|76/100|[from] Leech Seed|[of] p2a: Calyrex\n|-heal|p2a: Calyrex|39/100|[silent]\n|upkeep\n|turn|10\n|\n|t:|1768127156\n|move|p2a: Calyrex|Leech Seed|p1b: \u5636\u9a6c\u51a0\u54e5\n|-start|p1b: \u5636\u9a6c\u51a0\u54e5|move: Leech Seed\n|move|p1a: \u54c7\u8884\uff08\u72d7\u53eb\u58f0\uff09|Body Press|p2a: Calyrex\n|-damage|p2a: Calyrex|0 fnt\n|faint|p2a: Calyrex\n|\n|win|blackred123\u6c38\u96cf\u5854\u83f2\u4fa0\n|raw|blackred123\u6c38\u96cf\u5854\u83f2\u4fa0's rating: 1215 &rarr; <strong>1243</strong><br />(+28 for winning)\n|raw|fogdocker's rating: 1262 &rarr; <strong>1234</strong><br />(-28 for losing)\n|l|\u2606fogdocker\n|player|p2|\n","uploadtime":1768127161,"views":16,"formatid":"gen9vgc2026regi","rating":1234,"private":0,"password":null}