{"id":"gen9vgc2026regi-2558818992","format":"[Gen 9] VGC 2026 Reg I","players":["soulo333","blackred123"],"log":"|j|\u2606soulo333\n|j|\u2606blackred123\n|t:|1773488351\n|gametype|doubles\n|player|p1|soulo333|170|1354\n|player|p2|blackred123|iono-masters|1362\n|gen|9\n|tier|[Gen 9] VGC 2026 Reg I\n|rated|\n|rule|Species Clause: Limit one of each Pok\u00e9mon\n|rule|Item Clause: Limit 1 of each item\n|clearpoke\n|poke|p1|Miraidon, L50|\n|poke|p1|Grimmsnarl, L50, M|\n|poke|p1|Chien-Pao, L50|\n|poke|p1|Volcarona, L50, F|\n|poke|p1|Iron Hands, L50|\n|poke|p1|Zamazenta-*, L50|\n|poke|p2|Groudon, L50|\n|poke|p2|Scovillain, L50, F|\n|poke|p2|Lunala, L50|\n|poke|p2|Whimsicott, L50, M|\n|poke|p2|Ogerpon-Cornerstone, L50, F|\n|poke|p2|Rillaboom, L50, M|\n|teampreview|4\n|inactive|Battle timer is ON: inactive players will automatically lose when time's up. (requested by blackred123)\n|\n|t:|1773488373\n|teamsize|p1|4\n|teamsize|p2|4\n|start\n|switch|p1a: Volcarona|Volcarona, L50, F|100/100\n|switch|p1b: Grimmsnarl|Grimmsnarl, L50, M|100/100\n|switch|p2a: Groudon|Groudon, L50|100/100\n|switch|p2b: Scovillain|Scovillain, L50, F|100/100\n|-weather|SunnyDay|[from] ability: Drought|[of] p2a: Groudon\n|turn|1\n|\n|t:|1773488384\n|move|p1b: Grimmsnarl|Thunder Wave|p2b: Scovillain|[miss]\n|-miss|p1b: Grimmsnarl|p2b: Scovillain\n|move|p2b: Scovillain|Spicy Extract|p2a: Groudon\n|-fail|p2a: Groudon|unboost|[from] item: Clear Amulet|[of] p2a: Groudon\n|-boost|p2a: Groudon|atk|2\n|move|p1a: Volcarona|Quiver Dance|p1a: Volcarona\n|-boost|p1a: Volcarona|spa|1\n|-boost|p1a: Volcarona|spd|1\n|-boost|p1a: Volcarona|spe|1\n|move|p2a: Groudon|Precipice Blades|p1b: Grimmsnarl|[spread] p1b\n|-miss|p2a: Groudon|p1a: Volcarona\n|-damage|p1b: Grimmsnarl|0 fnt\n|faint|p1b: Grimmsnarl\n|\n|-weather|SunnyDay|[upkeep]\n|upkeep\n|\n|t:|1773488399\n|switch|p1b: Chien-Pao|Chien-Pao, L50|100/100\n|-ability|p1b: Chien-Pao|Sword of Ruin\n|turn|2\n|\n|t:|1773488421\n|move|p2b: Scovillain|Will-O-Wisp|p1b: Chien-Pao\n|-status|p1b: Chien-Pao|brn\n|move|p1a: Volcarona|Fiery Dance|p2b: Scovillain\n|-enditem|p2b: Scovillain|Focus Sash\n|-damage|p2b: Scovillain|1/100\n|move|p1b: Chien-Pao|Icicle Crash|p2a: Groudon\n|-supereffective|p2a: Groudon\n|-damage|p2a: Groudon|58/100\n|cant|p2a: Groudon|flinch\n|\n|-weather|SunnyDay|[upkeep]\n|-damage|p1b: Chien-Pao|95/100 brn|[from] brn\n|upkeep\n|turn|3\n|\n|t:|1773488439\n|-terastallize|p1a: Volcarona|Grass\n|move|p2b: Scovillain|Rage Powder|p2b: Scovillain\n|-singleturn|p2b: Scovillain|move: Rage Powder\n|move|p1b: Chien-Pao|Sucker Punch||[still]\n|-fail|p1b: Chien-Pao\n|move|p1a: Volcarona|Quiver Dance|p1a: Volcarona\n|-boost|p1a: Volcarona|spa|1\n|-boost|p1a: Volcarona|spd|1\n|-boost|p1a: Volcarona|spe|1\n|move|p2a: Groudon|Precipice Blades|p1a: Volcarona|[spread] p1a,p1b\n|-resisted|p1a: Volcarona\n|-damage|p1a: Volcarona|11/100\n|-damage|p1b: Chien-Pao|0 fnt\n|faint|p1b: Chien-Pao\n|\n|-weather|SunnyDay|[upkeep]\n|-heal|p1a: Volcarona|17/100|[from] item: Leftovers\n|upkeep\n|\n|t:|1773488443\n|switch|p1b: Miraidon|Miraidon, L50|100/100\n|-fieldstart|move: Electric Terrain|[from] ability: Hadron Engine|[of] p1b: Miraidon\n|turn|4\n|\n|t:|1773488466\n|move|p2a: Groudon|Protect|p2a: Groudon\n|-singleturn|p2a: Groudon|Protect\n|move|p1a: Volcarona|Struggle Bug|p2b: Scovillain|[spread] p2b\n|-activate|p2a: Groudon|move: Protect\n|-damage|p2b: Scovillain|0 fnt\n|faint|p2b: Scovillain\n|move|p1b: Miraidon|Draco Meteor|p2a: Groudon\n|-activate|p2a: Groudon|move: Protect\n|\n|-weather|SunnyDay|[upkeep]\n|-heal|p1a: Volcarona|23/100|[from] item: Leftovers\n|upkeep\n|\n|t:|1773488472\n|switch|p2b: Whimsicott|Whimsicott, L50, M|100/100\n|turn|5\n|\n|t:|1773488482\n|move|p2b: Whimsicott|Tailwind|p2b: Whimsicott\n|-sidestart|p2: blackred123|move: Tailwind\n|move|p1a: Volcarona|Fiery Dance|p2b: Whimsicott\n|-supereffective|p2b: Whimsicott\n|-damage|p2b: Whimsicott|0 fnt\n|-boost|p1a: Volcarona|spa|1\n|faint|p2b: Whimsicott\n|move|p2a: Groudon|Precipice Blades|p1b: Miraidon|[spread] \n|-miss|p2a: Groudon|p1a: Volcarona\n|-miss|p2a: Groudon|p1b: Miraidon\n|move|p1b: Miraidon|Draco Meteor|p2a: Groudon\n|-damage|p2a: Groudon|0 fnt\n|-unboost|p1b: Miraidon|spa|2\n|faint|p2a: Groudon\n|\n|-weather|none\n|-heal|p1a: Volcarona|30/100|[from] item: Leftovers\n|upkeep\n|\n|t:|1773488494\n|switch|p2b: Lunala|Lunala, L50|100/100\n|turn|6\n|\n|t:|1773488506\n|move|p1a: Volcarona|Struggle Bug|p2b: Lunala\n|-damage|p2b: Lunala|83/100\n|-unboost|p2b: Lunala|spa|1\n|move|p2b: Lunala|Heat Wave|p1b: Miraidon|[spread] p1a,p1b\n|-supereffective|p1a: Volcarona\n|-resisted|p1b: Miraidon\n|-damage|p1a: Volcarona|14/100\n|-damage|p1b: Miraidon|92/100\n|move|p1b: Miraidon|Draco Meteor|p2b: Lunala\n|-damage|p2b: Lunala|39/100\n|-unboost|p1b: Miraidon|spa|2\n|\n|-heal|p1a: Volcarona|20/100|[from] item: Leftovers\n|upkeep\n|turn|7\n|\n|t:|1773488520\n|-terastallize|p2b: Lunala|Fairy\n|move|p1a: Volcarona|Protect|p1a: Volcarona\n|-singleturn|p1a: Volcarona|Protect\n|move|p2b: Lunala|Meteor Beam||[still]\n|-prepare|p2b: Lunala|Meteor Beam\n|-boost|p2b: Lunala|spa|1\n|-enditem|p2b: Lunala|Power Herb\n|-anim|p2b: Lunala|Meteor Beam|p1a: Volcarona\n|-activate|p1a: Volcarona|move: Protect\n|move|p1b: Miraidon|Draco Meteor|p2b: Lunala\n|-immune|p2b: Lunala\n|\n|-heal|p1a: Volcarona|27/100|[from] item: Leftovers\n|upkeep\n|turn|8\n|\n|t:|1773488529\n|move|p1a: Volcarona|Fiery Dance|p2b: Lunala\n|-damage|p2b: Lunala|0 fnt\n|-boost|p1a: Volcarona|spa|1\n|faint|p2b: Lunala\n|\n|win|soulo333\n|raw|soulo333's rating: 1354 &rarr; <strong>1374</strong><br />(+20 for winning)\n|raw|blackred123's rating: 1362 &rarr; <strong>1342</strong><br />(-20 for losing)\n","uploadtime":1773488530,"views":18,"formatid":"gen9vgc2026regi","rating":1342,"private":0,"password":null}