{"id":"gen9vgc2026regi-2548336966","format":"[Gen 9] VGC 2026 Reg I","players":["alexit93","Schimmli"],"log":"|j|\u2606alexit93\n|j|\u2606Schimmli\n|t:|1772204889\n|gametype|doubles\n|player|p1|alexit93|lucas-gen4pt|1396\n|player|p2|Schimmli|265|1479\n|gen|9\n|tier|[Gen 9] VGC 2026 Reg I\n|rated|\n|rule|Species Clause: Limit one of each Pok\u00e9mon\n|rule|Item Clause: Limit 1 of each item\n|clearpoke\n|poke|p1|Zamazenta-*, L50|\n|poke|p1|Chien-Pao, L50|\n|poke|p1|Miraidon, L50|\n|poke|p1|Iron Jugulis, L50|\n|poke|p1|Farigiraf, L50, F|\n|poke|p1|Landorus, L50, M|\n|poke|p2|Terapagos, L50, M|\n|poke|p2|Calyrex-Shadow, L50|\n|poke|p2|Flutter Mane, L50|\n|poke|p2|Ogerpon-Cornerstone, L50, F|\n|poke|p2|Incineroar, L50, M|\n|poke|p2|Rillaboom, L50, F|\n|teampreview|4\n|\n|t:|1772204940\n|teamsize|p1|4\n|teamsize|p2|4\n|start\n|switch|p1a: Miraidon|Miraidon, L50, shiny|100/100\n|switch|p1b: Iron Jugulis|Iron Jugulis, L50|100/100\n|switch|p2a: Terapagos|Terapagos, L50, M|100/100\n|switch|p2b: Calyrex|Calyrex-Shadow, L50|100/100\n|-activate|p2a: Terapagos|ability: Tera Shift\n|detailschange|p2a: Terapagos|Terapagos-Terastal, L50, M\n|-heal|p2a: Terapagos|100/100|[silent]\n|-ability|p2b: Calyrex|As One\n|-ability|p2b: Calyrex|Unnerve\n|-fieldstart|move: Electric Terrain|[from] ability: Hadron Engine|[of] p1a: Miraidon\n|-activate|p1b: Iron Jugulis|ability: Quark Drive\n|-start|p1b: Iron Jugulis|quarkdrivespe\n|turn|1\n|\n|t:|1772204952\n|switch|p2b: Rillaboom|Rillaboom, L50, F|100/100\n|-fieldstart|move: Grassy Terrain|[from] ability: Grassy Surge|[of] p2b: Rillaboom\n|-end|p1b: Iron Jugulis|Quark Drive\n|move|p2a: Terapagos|Protect|p2a: Terapagos\n|-singleturn|p2a: Terapagos|Protect\n|move|p1a: Miraidon|Volt Switch|p2b: Rillaboom\n|-resisted|p2b: Rillaboom\n|-damage|p2b: Rillaboom|83/100\n|\n|t:|1772204959\n|switch|p1a: Zamazenta|Zamazenta-Crowned, L50, shiny|100/100|[from] Volt Switch\n|-ability|p1a: Zamazenta|Dauntless Shield|boost\n|-boost|p1a: Zamazenta|def|1\n|move|p1b: Iron Jugulis|Tailwind|p1b: Iron Jugulis\n|-sidestart|p1: alexit93|move: Tailwind\n|\n|-heal|p2b: Rillaboom|89/100|[from] Grassy Terrain\n|upkeep\n|turn|2\n|\n|t:|1772204972\n|move|p2b: Rillaboom|Fake Out|p1b: Iron Jugulis\n|-damage|p1b: Iron Jugulis|87/100\n|move|p1a: Zamazenta|Body Press|p2b: Rillaboom\n|-damage|p2b: Rillaboom|22/100\n|move|p1b: Iron Jugulis|Taunt|p2a: Terapagos\n|-start|p2a: Terapagos|move: Taunt\n|cant|p2a: Terapagos|move: Taunt|Calm Mind\n|\n|-heal|p2b: Rillaboom|28/100|[from] Grassy Terrain\n|upkeep\n|turn|3\n|\n|t:|1772205011\n|move|p1a: Zamazenta|Body Press|p2a: Terapagos\n|-activate|p2a: Terapagos|ability: Tera Shell\n|-resisted|p2a: Terapagos\n|-damage|p2a: Terapagos|75/100\n|move|p1b: Iron Jugulis|Hurricane|p2b: Rillaboom\n|-supereffective|p2b: Rillaboom\n|-damage|p2b: Rillaboom|0 fnt\n|faint|p2b: Rillaboom\n|move|p2a: Terapagos|Tera Starstorm|p1b: Iron Jugulis\n|-crit|p1b: Iron Jugulis\n|-damage|p1b: Iron Jugulis|15/100\n|\n|-heal|p2a: Terapagos|81/100|[from] Grassy Terrain\n|-heal|p2a: Terapagos|87/100|[from] item: Leftovers\n|upkeep\n|\n|t:|1772205025\n|switch|p2b: Incineroar|Incineroar, L50, M, shiny|100/100\n|-ability|p2b: Incineroar|Intimidate|boost\n|-unboost|p1a: Zamazenta|atk|1\n|-unboost|p1b: Iron Jugulis|atk|1\n|turn|4\n|\n|t:|1772205035\n|move|p1b: Iron Jugulis|Protect|p1b: Iron Jugulis\n|-singleturn|p1b: Iron Jugulis|Protect\n|move|p2b: Incineroar|Fake Out|p1a: Zamazenta\n|-resisted|p1a: Zamazenta\n|-damage|p1a: Zamazenta|98/100\n|cant|p1a: Zamazenta|flinch\n|move|p2a: Terapagos|Tera Starstorm|p1b: Iron Jugulis\n|-activate|p1b: Iron Jugulis|move: Protect\n|\n|-heal|p1a: Zamazenta|100/100|[from] Grassy Terrain\n|-heal|p2a: Terapagos|94/100|[from] Grassy Terrain\n|-heal|p2a: Terapagos|99/100|[from] item: Leftovers\n|-end|p2a: Terapagos|move: Taunt\n|-sideend|p1: alexit93|move: Tailwind\n|upkeep\n|turn|5\n|\n|t:|1772205055\n|move|p1a: Zamazenta|Body Press|p2b: Incineroar\n|-supereffective|p2b: Incineroar\n|-damage|p2b: Incineroar|2/100\n|-damage|p1a: Zamazenta|84/100|[from] item: Rocky Helmet|[of] p2b: Incineroar\n|move|p1b: Iron Jugulis|Tailwind|p1b: Iron Jugulis\n|-sidestart|p1: alexit93|move: Tailwind\n|move|p2a: Terapagos|Calm Mind|p2a: Terapagos\n|-boost|p2a: Terapagos|spa|1\n|-boost|p2a: Terapagos|spd|1\n|move|p2b: Incineroar|Will-O-Wisp|p1a: Zamazenta\n|-status|p1a: Zamazenta|brn\n|\n|-heal|p1a: Zamazenta|90/100 brn|[from] Grassy Terrain\n|-heal|p2a: Terapagos|100/100|[from] Grassy Terrain\n|-heal|p2b: Incineroar|8/100|[from] Grassy Terrain\n|-damage|p1a: Zamazenta|84/100 brn|[from] brn\n|-fieldend|move: Grassy Terrain\n|upkeep\n|turn|6\n|\n|t:|1772205072\n|move|p2a: Terapagos|Protect|p2a: Terapagos\n|-singleturn|p2a: Terapagos|Protect\n|move|p1a: Zamazenta|Body Press|p2a: Terapagos\n|-activate|p2a: Terapagos|move: Protect\n|move|p1b: Iron Jugulis|Hurricane|p2b: Incineroar\n|-damage|p2b: Incineroar|0 fnt\n|faint|p2b: Incineroar\n|\n|-damage|p1a: Zamazenta|78/100 brn|[from] brn\n|upkeep\n|\n|t:|1772205079\n|switch|p2b: Calyrex|Calyrex-Shadow, L50|100/100\n|-ability|p2b: Calyrex|As One\n|-ability|p2b: Calyrex|Unnerve\n|turn|7\n|\n|t:|1772205101\n|-end|p1b: Iron Jugulis|Quark Drive|[silent]\n|switch|p1b: Landorus|Landorus, L50, M|100/100\n|move|p1a: Zamazenta|Body Press|p2a: Terapagos\n|-activate|p2a: Terapagos|ability: Tera Shell\n|-resisted|p2a: Terapagos\n|-damage|p2a: Terapagos|89/100\n|move|p2b: Calyrex|Astral Barrage|p1b: Landorus|[spread] p1a,p1b\n|-damage|p1a: Zamazenta|35/100 brn\n|-damage|p1b: Landorus|34/100\n|move|p2a: Terapagos|Tera Starstorm|p1b: Landorus\n|-damage|p1b: Landorus|0 fnt\n|faint|p1b: Landorus\n|\n|-heal|p2a: Terapagos|95/100|[from] item: Leftovers\n|-damage|p1a: Zamazenta|29/100 brn|[from] brn\n|upkeep\n|\n|t:|1772205106\n|switch|p1b: Miraidon|Miraidon, L50, shiny|100/100\n|-fieldstart|move: Electric Terrain|[from] ability: Hadron Engine|[of] p1b: Miraidon\n|turn|8\n|\n|t:|1772205134\n|-terastallize|p2a: Terapagos|Stellar\n|detailschange|p2a: Terapagos|Terapagos-Stellar, L50, M, tera:Stellar\n|-heal|p2a: Terapagos|97/100|[silent]\n|-ability|p2a: Terapagos|Teraform Zero\n|-fieldend|move: Electric Terrain\n|move|p2b: Calyrex|Protect|p2b: Calyrex\n|-singleturn|p2b: Calyrex|Protect\n|move|p1b: Miraidon|Electro Drift|p2b: Calyrex\n|-activate|p2b: Calyrex|move: Protect\n|move|p1a: Zamazenta|Behemoth Bash|p2b: Calyrex\n|-activate|p2b: Calyrex|move: Protect\n|move|p2a: Terapagos|Earth Power|p1a: Zamazenta\n|-supereffective|p1a: Zamazenta\n|-crit|p1a: Zamazenta\n|-damage|p1a: Zamazenta|0 fnt\n|faint|p1a: Zamazenta\n|\n|-heal|p2a: Terapagos|100/100|[from] item: Leftovers\n|-sideend|p1: alexit93|move: Tailwind\n|upkeep\n|\n|t:|1772205139\n|switch|p1a: Iron Jugulis|Iron Jugulis, L50|15/100\n|turn|9\n|c|\u2606alexit93|trash\n|\n|t:|1772205158\n|move|p2b: Calyrex|Astral Barrage|p1b: Miraidon|[spread] p1a,p1b\n|-resisted|p1a: Iron Jugulis\n|-damage|p1a: Iron Jugulis|0 fnt\n|-damage|p1b: Miraidon|49/100\n|faint|p1a: Iron Jugulis\n|-end|p1a: Iron Jugulis|Quark Drive|[silent]\n|-ability|p2b: Calyrex|Grim Neigh|boost\n|-boost|p2b: Calyrex|spa|1\n|move|p1b: Miraidon|Electro Drift|p2a: Terapagos\n|-damage|p2a: Terapagos|68/100\n|move|p2a: Terapagos|Earth Power|p1b: Miraidon\n|-supereffective|p1b: Miraidon\n|-damage|p1b: Miraidon|0 fnt\n|faint|p1b: Miraidon\n|\n|win|Schimmli\n|raw|alexit93's rating: 1396 &rarr; <strong>1381</strong><br />(-15 for losing)\n|raw|Schimmli's rating: 1479 &rarr; <strong>1494</strong><br />(+15 for winning)\n|l|\u2606alexit93\n|player|p1|\n|c|\u2606Schimmli|?\n|c|\u2606Schimmli|gg\n","uploadtime":1772205307,"views":12,"formatid":"gen9vgc2026regi","rating":1381,"private":0,"password":null}