{"id":"gen9vgc2026regi-2575610769","format":"[Gen 9] VGC 2026 Reg I","players":["TheManOfSausage","goldiebird"],"log":"|j|\u2606TheManOfSausage\n|j|\u2606goldiebird\n|t:|1775375250\n|gametype|doubles\n|player|p1|TheManOfSausage|miku-water|1391\n|player|p2|goldiebird|1|1464\n|gen|9\n|tier|[Gen 9] VGC 2026 Reg I\n|rated|\n|rule|Species Clause: Limit one of each Pok\u00e9mon\n|rule|Item Clause: Limit 1 of each item\n|clearpoke\n|poke|p1|Terapagos, L50, M|\n|poke|p1|Miraidon, L50|\n|poke|p1|Sinistcha, L50|\n|poke|p1|Incineroar, L50, M|\n|poke|p1|Urshifu-*, L50, M|\n|poke|p1|Roaring Moon, L50|\n|poke|p2|Calyrex-Shadow, L50|\n|poke|p2|Zacian-*, L50|\n|poke|p2|Chi-Yu, L50|\n|poke|p2|Whimsicott, L50, M|\n|poke|p2|Rillaboom, L50, M|\n|poke|p2|Ogerpon-Hearthflame, L50, F|\n|teampreview|4\nTheManOfSausage has agreed to open team sheets.\n|\n|t:|1775375275\n|teamsize|p1|4\n|teamsize|p2|4\n|start\n|switch|p1a: Magical Mirai|Miraidon, L50|100/100\n|switch|p1b: Terapagos|Terapagos, L50, M|100/100\n|switch|p2a: Zacian|Zacian-Crowned, L50|100/100\n|switch|p2b: Chi-Yu|Chi-Yu, L50|100/100\n|-activate|p1b: Terapagos|ability: Tera Shift\n|detailschange|p1b: Terapagos|Terapagos-Terastal, L50, M\n|-heal|p1b: Terapagos|100/100|[silent]\n|-ability|p2b: Chi-Yu|Beads of Ruin\n|-ability|p2a: Zacian|Intrepid Sword|boost\n|-boost|p2a: Zacian|atk|1\n|-fieldstart|move: Electric Terrain|[from] ability: Hadron Engine|[of] p1a: Magical Mirai\n|-enditem|p1b: Terapagos|Electric Seed\n|-boost|p1b: Terapagos|def|1|[from] item: Electric Seed\n|turn|1\n|j| Spea1\n|\n|t:|1775375330\n|switch|p1a: Incineroar|Incineroar, L50, M, shiny|100/100\n|-ability|p1a: Incineroar|Intimidate|boost\n|-unboost|p2a: Zacian|atk|1\n|-unboost|p2b: Chi-Yu|atk|1\n|-terastallize|p2a: Zacian|Stellar\n|move|p2b: Chi-Yu|Snarl|p1b: Terapagos|[spread] p1a,p1b\n|-resisted|p1a: Incineroar\n|-activate|p1b: Terapagos|ability: Tera Shell\n|-resisted|p1b: Terapagos\n|-damage|p1a: Incineroar|86/100\n|-damage|p1b: Terapagos|85/100\n|-unboost|p1a: Incineroar|spa|1\n|-unboost|p1b: Terapagos|spa|1\n|move|p2a: Zacian|Play Rough|p1a: Incineroar\n|-damage|p1a: Incineroar|33/100\n|-damage|p2a: Zacian|84/100|[from] item: Rocky Helmet|[of] p1a: Incineroar\n|move|p1b: Terapagos|Calm Mind|p1b: Terapagos\n|-boost|p1b: Terapagos|spa|1\n|-boost|p1b: Terapagos|spd|1\n|\n|upkeep\n|turn|2\n|\n|t:|1775375355\n|move|p2b: Chi-Yu|Snarl|p1a: Incineroar|[spread] p1b\n|-miss|p2b: Chi-Yu|p1a: Incineroar\n|-damage|p1b: Terapagos|68/100\n|-unboost|p1b: Terapagos|spa|1\n|move|p2a: Zacian|Sacred Sword|p1b: Terapagos\n|-supereffective|p1b: Terapagos\n|-damage|p1b: Terapagos|0 fnt\n|faint|p1b: Terapagos\n|move|p1a: Incineroar|Parting Shot|p2b: Chi-Yu\n|-unboost|p2b: Chi-Yu|atk|1\n|-unboost|p2b: Chi-Yu|spa|1\n|\n|t:|1775375363\n|switch|p1a: Roaring Moon|Roaring Moon, L50|100/100|[from] Parting Shot\n|-enditem|p1a: Roaring Moon|Booster Energy\n|-activate|p1a: Roaring Moon|ability: Protosynthesis|[fromitem]\n|-start|p1a: Roaring Moon|protosynthesisspe\n|\n|upkeep\n|\n|t:|1775375364\n|switch|p1b: Magical Mirai|Miraidon, L50|100/100\n|-activate|p1b: Magical Mirai|ability: Hadron Engine\n|turn|3\n|\n|t:|1775375380\n|switch|p2a: Rillaboom|Rillaboom, L50, M|100/100\n|-fieldstart|move: Grassy Terrain|[from] ability: Grassy Surge|[of] p2a: Rillaboom\n|-terastallize|p1b: Magical Mirai|Electric\n|move|p1a: Roaring Moon|Tailwind|p1a: Roaring Moon\n|-sidestart|p1: TheManOfSausage|move: Tailwind\n|move|p1b: Magical Mirai|Volt Switch|p2b: Chi-Yu\n|-crit|p2b: Chi-Yu\n|-damage|p2b: Chi-Yu|9/100\n|\n|t:|1775375383\n|switch|p1b: Incineroar|Incineroar, L50, M, shiny|33/100|[from] Volt Switch\n|-ability|p1b: Incineroar|Intimidate|boost\n|-unboost|p2a: Rillaboom|atk|1\n|-unboost|p2b: Chi-Yu|atk|1\n|move|p2b: Chi-Yu|Snarl|p1b: Incineroar|[spread] p1a,p1b\n|-resisted|p1a: Roaring Moon\n|-resisted|p1b: Incineroar\n|-damage|p1a: Roaring Moon|91/100\n|-damage|p1b: Incineroar|23/100\n|-unboost|p1a: Roaring Moon|spa|1\n|-unboost|p1b: Incineroar|spa|1\n|\n|-heal|p1a: Roaring Moon|97/100|[from] Grassy Terrain\n|-heal|p2b: Chi-Yu|15/100|[from] Grassy Terrain\n|-heal|p1b: Incineroar|30/100|[from] Grassy Terrain\n|upkeep\n|turn|4\n|c| Spea1|OOOOOOO\n|\n|t:|1775375425\n|move|p1a: Roaring Moon|Breaking Swipe|p2a: Rillaboom|[spread] p2a,p2b\n|-damage|p2a: Rillaboom|77/100\n|-damage|p2b: Chi-Yu|0 fnt\n|-unboost|p2a: Rillaboom|atk|1\n|faint|p2b: Chi-Yu\n|move|p1b: Incineroar|Parting Shot|p2a: Rillaboom\n|-unboost|p2a: Rillaboom|atk|1\n|-unboost|p2a: Rillaboom|spa|1\n|\n|t:|1775375429\n|switch|p1b: Magical Mirai|Miraidon, L50, tera:Electric|100/100|[from] Parting Shot\n|-fieldstart|move: Electric Terrain|[from] ability: Hadron Engine|[of] p1b: Magical Mirai\n|move|p2a: Rillaboom|U-turn|p1a: Roaring Moon\n|-supereffective|p1a: Roaring Moon\n|-damage|p1a: Roaring Moon|75/100\n|\n|t:|1775375442\n|switch|p2a: Whimsicott|Whimsicott, L50, M|100/100|[from] U-turn\n|\n|upkeep\n|\n|t:|1775375450\n|switch|p2b: Rillaboom|Rillaboom, L50, M|77/100\n|-fieldstart|move: Grassy Terrain|[from] ability: Grassy Surge|[of] p2b: Rillaboom\n|turn|5\n|\n|t:|1775375462\n|move|p2b: Rillaboom|Fake Out|p1b: Magical Mirai\n|-damage|p1b: Magical Mirai|88/100\n|move|p1a: Roaring Moon|Knock Off|p2a: Whimsicott\n|-resisted|p2a: Whimsicott\n|-damage|p2a: Whimsicott|69/100\n|-enditem|p2a: Whimsicott|Covert Cloak|[from] move: Knock Off|[of] p1a: Roaring Moon\n|cant|p1b: Magical Mirai|flinch\n|move|p2a: Whimsicott|Moonblast|p1a: Roaring Moon\n|-supereffective|p1a: Roaring Moon\n|-damage|p1a: Roaring Moon|0 fnt\n|faint|p1a: Roaring Moon\n|-end|p1a: Roaring Moon|Protosynthesis|[silent]\n|\n|-heal|p1b: Magical Mirai|94/100|[from] Grassy Terrain\n|-heal|p2a: Whimsicott|75/100|[from] Grassy Terrain\n|-heal|p2b: Rillaboom|83/100|[from] Grassy Terrain\n|upkeep\n|\n|t:|1775375464\n|switch|p1a: Incineroar|Incineroar, L50, M, shiny|30/100\n|-ability|p1a: Incineroar|Intimidate|boost\n|-unboost|p2a: Whimsicott|atk|1\n|-unboost|p2b: Rillaboom|atk|1\n|turn|6\n|-message|TheManOfSausage forfeited.\n|\n|win|goldiebird\n|raw|TheManOfSausage's rating: 1391 &rarr; <strong>1375</strong><br />(-16 for losing)\n|raw|goldiebird's rating: 1464 &rarr; <strong>1480</strong><br />(+16 for winning)\n|l|\u2606TheManOfSausage\n|player|p1|\n|c| Spea1|wowwww\n|c|\u2606goldiebird|What ?\n|c| Spea1|gg, not what i thought was gonna happen\n|c|\u2606goldiebird|Ohh\n|c| Spea1|just fun battle to watch\n|c|\u2606goldiebird|I thought you were my opp\n|c| Spea1|really good positioning\n|c| Spea1|LMAO\n|c|\u2606goldiebird|Thnx man\n|c|\u2606goldiebird|Caly was so bad into his team\n|c| Spea1|was rooting for sausage lowkey but u did soo good\n|c|\u2606goldiebird|Just had to drop it\n|c|\u2606goldiebird|Yeah man\n|c|\u2606goldiebird|I am really happy\n|c| Spea1|truee, im like just popping into see some reg i stuff\n|c| Spea1|gl goat in ur future games!\n|c|\u2606goldiebird|Cuz i was 1300 just 2 days ago\n|c| Spea1|DAMNNNNN, didnt even see u were 1480\n|c| Spea1|fucking goat\n|c|\u2606goldiebird|Thnx bro don't make me shy no more\n|c|\u2606goldiebird|Haha\n|c| Spea1|LOLLL\n|c|\u2606goldiebird|Whats ur rating ?\n|c| Spea1|havent played, just a spectator :3\n|c|\u2606goldiebird|Ohh\n|c|\u2606goldiebird|Reallg existed for champions\n|c| Spea1|still like learning the basics ong\n|c| Spea1|TRUEEE\n|c|\u2606goldiebird|Well can you add frienda in showdown\n|c| Spea1|dont know how lmao\n|c|\u2606goldiebird|I really liked u bro\n|c|\u2606goldiebird|Remember my name\n|c|\u2606goldiebird|I see what i can do\n|c| Spea1|ofc goat\n","uploadtime":1775375556,"views":23,"formatid":"gen9vgc2026regi","rating":1375,"private":0,"password":null}