{"id":"gen9vgc2026regi-2530055231","format":"[Gen 9] VGC 2026 Reg I","players":["Schimmli","yudeshuang"],"log":"|j|\u2606Schimmli\n|j|\u2606yudeshuang\n|t:|1769870174\n|gametype|doubles\n|player|p1|Schimmli|101|1388\n|player|p2|yudeshuang|265|1461\n|gen|9\n|tier|[Gen 9] VGC 2026 Reg I\n|rated|\n|rule|Species Clause: Limit one of each Pok\u00e9mon\n|rule|Item Clause: Limit 1 of each item\n|clearpoke\n|poke|p1|Kyogre, L50|\n|poke|p1|Tornadus, L50, M|\n|poke|p1|Urshifu-*, L50, M|\n|poke|p1|Landorus, L50, M|\n|poke|p1|Flutter Mane, L50|\n|poke|p1|Zamazenta-*, L50|\n|poke|p2|Koraidon, L50|\n|poke|p2|Lunala, L50|\n|poke|p2|Flutter Mane, L50|\n|poke|p2|Brute Bonnet, L50|\n|poke|p2|Iron Valiant, L50|\n|poke|p2|Ursaluna, L50, F|\n|teampreview|4\n|\n|t:|1769870210\n|teamsize|p1|4\n|teamsize|p2|4\n|start\n|switch|p1a: Flutter Mane|Flutter Mane, L50|100/100\n|switch|p1b: Zamazenta|Zamazenta-Crowned, L50|100/100\n|switch|p2a: Brute Bonnet|Brute Bonnet, L50|100/100\n|switch|p2b: Lunala|Lunala, L50|100/100\n|-ability|p1b: Zamazenta|Dauntless Shield|boost\n|-boost|p1b: Zamazenta|def|1\n|-enditem|p1a: Flutter Mane|Booster Energy\n|-activate|p1a: Flutter Mane|ability: Protosynthesis|[fromitem]\n|-start|p1a: Flutter Mane|protosynthesisspe\n|turn|1\n|\n|t:|1769870255\n|-terastallize|p2b: Lunala|Fire\n|move|p1a: Flutter Mane|Protect|p1a: Flutter Mane\n|-singleturn|p1a: Flutter Mane|Protect\n|move|p1b: Zamazenta|Body Press|p2a: Brute Bonnet\n|-supereffective|p2a: Brute Bonnet\n|-damage|p2a: Brute Bonnet|12/100\n|move|p2a: Brute Bonnet|Spore|p1a: Flutter Mane\n|-activate|p1a: Flutter Mane|move: Protect\n|move|p2b: Lunala|Trick Room|p2b: Lunala\n|-fieldstart|move: Trick Room|[of] p2b: Lunala\n|\n|upkeep\n|turn|2\n|\n|t:|1769870299\n|switch|p2b: Ursaluna|Ursaluna, L50, F|100/100\n|-end|p1a: Flutter Mane|Protosynthesis|[silent]\n|switch|p1a: Tornadus|Tornadus, L50, M|100/100\n|move|p2a: Brute Bonnet|Spore|p1b: Zamazenta\n|-status|p1b: Zamazenta|slp|[from] move: Spore\n|cant|p1b: Zamazenta|slp\n|\n|-status|p2b: Ursaluna|brn|[from] item: Flame Orb\n|upkeep\n|turn|3\n|\n|t:|1769870321\n|-terastallize|p1b: Zamazenta|Dragon\n|move|p2b: Ursaluna|Headlong Rush|p1b: Zamazenta\n|-damage|p1b: Zamazenta|59/100 slp\n|-unboost|p2b: Ursaluna|def|1\n|-unboost|p2b: Ursaluna|spd|1\n|move|p2a: Brute Bonnet|Spore|p1a: Tornadus\n|-status|p1a: Tornadus|slp|[from] move: Spore\n|cant|p1a: Tornadus|slp\n|cant|p1b: Zamazenta|slp\n|\n|-damage|p2b: Ursaluna|95/100 brn|[from] brn\n|upkeep\n|turn|4\n|\n|t:|1769870347\n|move|p2b: Ursaluna|Facade|p1b: Zamazenta\n|-damage|p1b: Zamazenta|11/100 slp\n|move|p2a: Brute Bonnet|Body Press|p1b: Zamazenta\n|-damage|p1b: Zamazenta|1/100 slp\n|cant|p1a: Tornadus|slp\n|cant|p1b: Zamazenta|slp\n|\n|-damage|p2b: Ursaluna|89/100 brn|[from] brn\n|upkeep\n|turn|5\n|\n|t:|1769870363\n|cant|p1a: Tornadus|slp\n|-curestatus|p1b: Zamazenta|slp|[msg]\n|move|p1b: Zamazenta|Protect|p1b: Zamazenta\n|-singleturn|p1b: Zamazenta|Protect\n|move|p2b: Ursaluna|Facade|p1a: Tornadus\n|-damage|p1a: Tornadus|0 fnt\n|faint|p1a: Tornadus\n|move|p2a: Brute Bonnet|Body Press|p1b: Zamazenta\n|-activate|p1b: Zamazenta|move: Protect\n|\n|-damage|p2b: Ursaluna|83/100 brn|[from] brn\n|-fieldend|move: Trick Room\n|upkeep\n|\n|t:|1769870378\n|switch|p1a: Kyogre|Kyogre, L50|100/100\n|-weather|RainDance|[from] ability: Drizzle|[of] p1a: Kyogre\n|turn|6\n|\n|t:|1769870412\n|-end|p2a: Brute Bonnet|Protosynthesis|[silent]\n|switch|p2a: Koraidon|Koraidon, L50|100/100\n|-weather|SunnyDay|[from] ability: Orichalcum Pulse|[of] p2a: Koraidon\n|-activate|p2a: Koraidon|Orichalcum Pulse|[source]\n|switch|p2b: Lunala|Lunala, L50, tera:Fire|100/100\n|move|p1b: Zamazenta|Body Press|p2b: Lunala\n|-damage|p2b: Lunala|70/100\n|move|p1a: Kyogre|Water Spout|p2b: Lunala|[spread] p2a,p2b\n|-resisted|p2a: Koraidon\n|-supereffective|p2b: Lunala\n|-damage|p2a: Koraidon|78/100\n|-damage|p2b: Lunala|1/100\n|\n|-weather|SunnyDay|[upkeep]\n|upkeep\n|turn|7\n|\n|t:|1769870451\n|move|p1b: Zamazenta|Body Press|p2b: Lunala\n|-damage|p2b: Lunala|0 fnt\n|faint|p2b: Lunala\n|move|p2a: Koraidon|Scale Shot|p1b: Zamazenta\n|-supereffective|p1b: Zamazenta\n|-damage|p1b: Zamazenta|0 fnt\n|faint|p1b: Zamazenta\n|-hitcount|p1: Zamazenta|1\n|-unboost|p2a: Koraidon|def|1\n|-boost|p2a: Koraidon|spe|1\n|move|p1a: Kyogre|Water Spout|p2a: Koraidon\n|-resisted|p2a: Koraidon\n|-damage|p2a: Koraidon|46/100\n|\n|-weather|SunnyDay|[upkeep]\n|upkeep\n|\n|t:|1769870472\n|switch|p1b: Flutter Mane|Flutter Mane, L50|100/100\n|switch|p2b: Brute Bonnet|Brute Bonnet, L50|12/100\n|-activate|p1b: Flutter Mane|ability: Protosynthesis\n|-start|p1b: Flutter Mane|protosynthesisspe\n|-activate|p2b: Brute Bonnet|ability: Protosynthesis\n|-start|p2b: Brute Bonnet|protosynthesisdef\n|turn|8\n|\n|t:|1769870521\n|move|p2b: Brute Bonnet|Rage Powder|p2b: Brute Bonnet\n|-singleturn|p2b: Brute Bonnet|move: Rage Powder\n|move|p1b: Flutter Mane|Icy Wind|p2a: Koraidon|[spread] p2a,p2b\n|-supereffective|p2a: Koraidon\n|-supereffective|p2b: Brute Bonnet\n|-damage|p2a: Koraidon|26/100\n|-damage|p2b: Brute Bonnet|0 fnt\n|-unboost|p2a: Koraidon|spe|1\n|faint|p2b: Brute Bonnet\n|-end|p2b: Brute Bonnet|Protosynthesis|[silent]\n|move|p2a: Koraidon|Scale Shot|p1a: Kyogre\n|-damage|p1a: Kyogre|79/100\n|-damage|p1a: Kyogre|59/100\n|-damage|p1a: Kyogre|38/100\n|-crit|p1a: Kyogre\n|-damage|p1a: Kyogre|6/100\n|-hitcount|p1a: Kyogre|4\n|-unboost|p2a: Koraidon|def|1\n|-boost|p2a: Koraidon|spe|1\n|move|p1a: Kyogre|Water Spout|p2a: Koraidon\n|-resisted|p2a: Koraidon\n|-damage|p2a: Koraidon|24/100\n|\n|-weather|SunnyDay|[upkeep]\n|upkeep\n|\n|t:|1769870544\n|switch|p2b: Ursaluna|Ursaluna, L50, F|83/100 brn\n|turn|9\n|\n|t:|1769870571\n|move|p2a: Koraidon|Protect|p2a: Koraidon\n|-singleturn|p2a: Koraidon|Protect\n|move|p1b: Flutter Mane|Moonblast|p2b: Ursaluna\n|-damage|p2b: Ursaluna|52/100 brn\n|move|p1a: Kyogre|Water Spout|p2a: Koraidon|[spread] p2b\n|-activate|p2a: Koraidon|move: Protect\n|-supereffective|p2b: Ursaluna\n|-damage|p2b: Ursaluna|49/100 brn\n|move|p2b: Ursaluna|Earthquake|p1b: Flutter Mane|[spread] p1a,p1b\n|-activate|p2a: Koraidon|move: Protect\n|-damage|p1a: Kyogre|0 fnt\n|-damage|p1b: Flutter Mane|0 fnt\n|faint|p1a: Kyogre\n|faint|p1b: Flutter Mane\n|-end|p1b: Flutter Mane|Protosynthesis|[silent]\n|\n|win|yudeshuang\n|raw|Schimmli's rating: 1388 &rarr; <strong>1372</strong><br />(-16 for losing)\n|raw|yudeshuang's rating: 1461 &rarr; <strong>1477</strong><br />(+16 for winning)\n|l|\u2606Schimmli\n|player|p1|\n","uploadtime":1769870732,"views":14,"formatid":"gen9vgc2026regi","rating":1372,"private":0,"password":null}