{"id":"gen9vgc2026regi-2524612273","format":"[Gen 9] VGC 2026 Reg I","players":["1zha","Chaisuke"],"log":"|j|\u26061zha\n|j|\u2606Chaisuke\n|t:|1769175941\n|gametype|doubles\n|player|p1|1zha|1|1359\n|player|p2|Chaisuke|101|1308\n|gen|9\n|tier|[Gen 9] VGC 2026 Reg I\n|rated|\n|rule|Species Clause: Limit one of each Pok\u00e9mon\n|rule|Item Clause: Limit 1 of each item\n|clearpoke\n|poke|p1|Miraidon, L50|\n|poke|p1|Incineroar, L50, F|\n|poke|p1|Thundurus, L50, M|\n|poke|p1|Ogerpon-Cornerstone, L50, F|\n|poke|p1|Oranguru, L50, F|\n|poke|p1|Calyrex-Shadow, L50|\n|poke|p2|Zamazenta-*, L50|\n|poke|p2|Clefairy, L50, M|\n|poke|p2|Calyrex-Shadow, L50|\n|poke|p2|Rillaboom, L50, F|\n|poke|p2|Landorus, L50, M|\n|poke|p2|Incineroar, L50, F|\n|teampreview|4\n|inactive|Battle timer is ON: inactive players will automatically lose when time's up. (requested by 1zha)\n|\n|t:|1769175976\n|teamsize|p1|4\n|teamsize|p2|4\n|start\n|switch|p1a: Miraidon|Miraidon, L50|100/100\n|switch|p1b: Oranguru|Oranguru, L50, F|100/100\n|switch|p2a: Zamazenta|Zamazenta-Crowned, L50|100/100\n|switch|p2b: Rillaboom|Rillaboom, L50, F|100/100\n|-ability|p2a: Zamazenta|Dauntless Shield|boost\n|-boost|p2a: Zamazenta|def|1\n|-fieldstart|move: Electric Terrain|[from] ability: Hadron Engine|[of] p1a: Miraidon\n|-enditem|p1a: Miraidon|Electric Seed\n|-boost|p1a: Miraidon|def|1|[from] item: Electric Seed\n|-activate|p1b: Oranguru|ability: Symbiosis|Covert Cloak|[of] p1a: Miraidon\n|-fieldstart|move: Grassy Terrain|[from] ability: Grassy Surge|[of] p2b: Rillaboom\n|turn|1\n|inactive|1zha has 30 seconds left.\n|inactive|Chaisuke has 30 seconds left.\n|\n|t:|1769176009\n|-terastallize|p2a: Zamazenta|Dark\n|move|p2a: Zamazenta|Crunch|p1b: Oranguru\n|-supereffective|p1b: Oranguru\n|-damage|p1b: Oranguru|31/100\n|move|p1a: Miraidon|Calm Mind|p1a: Miraidon\n|-boost|p1a: Miraidon|spa|1\n|-boost|p1a: Miraidon|spd|1\n|move|p1b: Oranguru|Instruct|p1a: Miraidon\n|-singleturn|p1a: Miraidon|move: Instruct|[of] p1b: Oranguru\n|move|p1a: Miraidon|Calm Mind|p1a: Miraidon\n|-boost|p1a: Miraidon|spa|1\n|-boost|p1a: Miraidon|spd|1\n|move|p2b: Rillaboom|Wood Hammer|p1b: Oranguru\n|-damage|p1b: Oranguru|0 fnt\n|faint|p1b: Oranguru\n|-damage|p2b: Rillaboom|91/100|[from] Recoil\n|\n|-heal|p2b: Rillaboom|97/100|[from] Grassy Terrain\n|upkeep\n|\n|t:|1769176022\n|switch|p1b: Thundurus|Thundurus, L50, M|100/100\n|turn|2\n|\n|t:|1769176038\n|move|p1b: Thundurus|Electric Terrain|p1b: Thundurus\n|-fieldstart|move: Electric Terrain\n|move|p2a: Zamazenta|Iron Defense|p2a: Zamazenta\n|-boost|p2a: Zamazenta|def|2\n|move|p1a: Miraidon|Parabolic Charge|p2b: Rillaboom|[spread] p1b,p2a,p2b\n|-resisted|p2b: Rillaboom\n|-damage|p1b: Thundurus|16/100\n|-damage|p2a: Zamazenta|45/100\n|-damage|p2b: Rillaboom|68/100\n|move|p2b: Rillaboom|Wood Hammer|p1a: Miraidon\n|-resisted|p1a: Miraidon\n|-damage|p1a: Miraidon|83/100\n|-damage|p2b: Rillaboom|62/100|[from] Recoil\n|\n|upkeep\n|turn|3\n|\n|t:|1769176054\n|switch|p2b: Landorus|Landorus, L50, M|100/100\n|move|p2a: Zamazenta|Protect|p2a: Zamazenta\n|-singleturn|p2a: Zamazenta|Protect\n|move|p1a: Miraidon|Parabolic Charge|p2b: Landorus|[spread] p1b\n|-activate|p2a: Zamazenta|move: Protect\n|-immune|p2b: Landorus\n|-damage|p1b: Thundurus|0 fnt\n|-heal|p1a: Miraidon|90/100|[from] drain|[of] p1b: Thundurus\n|faint|p1b: Thundurus\n|\n|upkeep\n|\n|t:|1769176058\n|switch|p1b: Calyrex|Calyrex-Shadow, L50|100/100\n|-ability|p1b: Calyrex|As One\n|-ability|p1b: Calyrex|Unnerve\n|turn|4\n|inactive|1zha has 30 seconds left.\n|\n|t:|1769176089\n|-terastallize|p1a: Miraidon|Fairy\n|move|p2b: Landorus|Sandsear Storm|p1a: Miraidon|[spread] p1a\n|-miss|p2b: Landorus|p1b: Calyrex\n|-damage|p1a: Miraidon|73/100\n|move|p1b: Calyrex|Astral Barrage|p2a: Zamazenta|[spread] p2a,p2b\n|-resisted|p2a: Zamazenta\n|-damage|p2a: Zamazenta|23/100\n|-damage|p2b: Landorus|30/100\n|move|p2a: Zamazenta|Crunch|p1b: Calyrex\n|-supereffective|p1b: Calyrex\n|-enditem|p1b: Calyrex|Focus Sash\n|-damage|p1b: Calyrex|1/100\n|move|p1a: Miraidon|Dragon Pulse|p2a: Zamazenta\n|-damage|p2a: Zamazenta|0 fnt\n|faint|p2a: Zamazenta\n|\n|upkeep\n|\n|t:|1769176111\n|switch|p2a: Calyrex|Calyrex-Shadow, L50|100/100\n|-ability|p2a: Calyrex|As One\n|-ability|p2a: Calyrex|Unnerve\n|turn|5\n|\n|t:|1769176121\n|switch|p2b: Rillaboom|Rillaboom, L50, F|62/100\n|-fieldstart|move: Grassy Terrain|[from] ability: Grassy Surge|[of] p2b: Rillaboom\n|move|p1b: Calyrex|Protect|p1b: Calyrex\n|-singleturn|p1b: Calyrex|Protect\n|move|p2a: Calyrex|Astral Barrage|p1b: Calyrex|[spread] p1a\n|-activate|p1b: Calyrex|move: Protect\n|-damage|p1a: Miraidon|51/100\n|move|p1a: Miraidon|Parabolic Charge|p2b: Rillaboom|[spread] p2a,p2b\n|-activate|p1b: Calyrex|move: Protect\n|-resisted|p2b: Rillaboom\n|-damage|p2a: Calyrex|49/100\n|-heal|p1a: Miraidon|72/100|[from] drain|[of] p2a: Calyrex\n|-damage|p2b: Rillaboom|45/100\n|-heal|p1a: Miraidon|81/100|[from] drain|[of] p2b: Rillaboom\n|\n|-heal|p2a: Calyrex|55/100|[from] Grassy Terrain\n|-heal|p1b: Calyrex|7/100|[from] Grassy Terrain\n|-heal|p1a: Miraidon|87/100|[from] Grassy Terrain\n|-heal|p2b: Rillaboom|51/100|[from] Grassy Terrain\n|upkeep\n|turn|6\n|inactive|Chaisuke has 30 seconds left.\n|inactive|Chaisuke has 20 seconds left.\n|\n|t:|1769176159\n|move|p1a: Miraidon|Protect|p1a: Miraidon\n|-singleturn|p1a: Miraidon|Protect\n|move|p2b: Rillaboom|Fake Out|p1a: Miraidon\n|-activate|p1a: Miraidon|move: Protect\n|move|p2a: Calyrex|Astral Barrage|p1a: Miraidon|[spread] p1b\n|-activate|p1a: Miraidon|move: Protect\n|-supereffective|p1b: Calyrex\n|-damage|p1b: Calyrex|0 fnt\n|faint|p1b: Calyrex\n|-ability|p2a: Calyrex|Grim Neigh|boost\n|-boost|p2a: Calyrex|spa|1\n|\n|-heal|p2a: Calyrex|60/100|[from] Grassy Terrain\n|-heal|p1a: Miraidon|93/100|[from] Grassy Terrain\n|-heal|p2b: Rillaboom|57/100|[from] Grassy Terrain\n|upkeep\n|turn|7\n|\n|t:|1769176177\n|move|p2a: Calyrex|Encore|p1a: Miraidon\n|-start|p1a: Miraidon|Encore\n|move|p1a: Miraidon|Protect|p1a: Miraidon\n|-singleturn|p1a: Miraidon|Protect\n|move|p2b: Rillaboom|U-turn|p1a: Miraidon\n|-activate|p1a: Miraidon|move: Protect\n|\n|-heal|p2a: Calyrex|66/100|[from] Grassy Terrain\n|-heal|p1a: Miraidon|99/100|[from] Grassy Terrain\n|-heal|p2b: Rillaboom|62/100|[from] Grassy Terrain\n|upkeep\n|turn|8\n|\n|t:|1769176192\n|move|p1a: Miraidon|Protect||[still]\n|-fail|p1a: Miraidon\n|move|p2a: Calyrex|Astral Barrage|p1a: Miraidon\n|-damage|p1a: Miraidon|52/100\n|move|p2b: Rillaboom|U-turn|p1a: Miraidon\n|-resisted|p1a: Miraidon\n|-damage|p1a: Miraidon|46/100\n|-message|1zha forfeited.\n|\n|win|Chaisuke\n|raw|1zha's rating: 1359 &rarr; <strong>1336</strong><br />(-23 for losing)\n|raw|Chaisuke's rating: 1308 &rarr; <strong>1331</strong><br />(+23 for winning)\n|l|\u26061zha\n|player|p1|\n|l|\u2606Chaisuke\n|player|p2|\n","uploadtime":1769176329,"views":12,"formatid":"gen9vgc2026regi","rating":1331,"private":0,"password":null}