{"id":"gen9vgc2026regi-2568895501","format":"[Gen 9] VGC 2026 Reg I","players":["ArisHazard","yuri1910"],"log":"|j|\u2606ArisHazard\n|j|\u2606yuri1910\n|t:|1774631417\n|gametype|doubles\n|player|p1|ArisHazard|170|1484\n|player|p2|yuri1910|169|1560\n|gen|9\n|tier|[Gen 9] VGC 2026 Reg I\n|rated|\n|rule|Species Clause: Limit one of each Pok\u00e9mon\n|rule|Item Clause: Limit 1 of each item\n|clearpoke\n|poke|p1|Calyrex-Ice, L50|\n|poke|p1|Hitmontop, L50, M|\n|poke|p1|Miraidon, L50|\n|poke|p1|Sableye, L50, F|\n|poke|p1|Ting-Lu, L50|\n|poke|p1|Volcarona, L50, M|\n|poke|p2|Calyrex-Ice, L50|\n|poke|p2|Kyogre, L50|\n|poke|p2|Grimmsnarl, L50, M|\n|poke|p2|Rillaboom, L50, F|\n|poke|p2|Urshifu-*, L50, F|\n|poke|p2|Landorus, L50, M|\n|teampreview|4\n|j| SilksongIsReallll\n|inactive|Battle timer is ON: inactive players will automatically lose when time's up. (requested by ArisHazard)\n|inactive|yuri1910 has 60 seconds left.\n|\n|t:|1774631472\n|teamsize|p1|4\n|teamsize|p2|4\n|start\n|switch|p1a: Miraidon|Miraidon, L50|100/100\n|switch|p1b: Hitmontop|Hitmontop, L50, M|100/100\n|switch|p2a: Grimmsnarl|Grimmsnarl, L50, M|100/100\n|switch|p2b: Kyogre|Kyogre, L50|100/100\n|-fieldstart|move: Electric Terrain|[from] ability: Hadron Engine|[of] p1a: Miraidon\n|-weather|RainDance|[from] ability: Drizzle|[of] p2b: Kyogre\n|-ability|p1b: Hitmontop|Intimidate|boost\n|-unboost|p2a: Grimmsnarl|atk|1\n|-unboost|p2b: Kyogre|atk|1\n|turn|1\n|\n|t:|1774631488\n|switch|p2b: Rillaboom|Rillaboom, L50, F|100/100\n|-fieldstart|move: Grassy Terrain|[from] ability: Grassy Surge|[of] p2b: Rillaboom\n|move|p1b: Hitmontop|Fake Out|p2b: Rillaboom\n|-damage|p2b: Rillaboom|91/100\n|move|p2a: Grimmsnarl|Light Screen|p2a: Grimmsnarl\n|-sidestart|p2: yuri1910|move: Light Screen\n|move|p1a: Miraidon|Volt Switch|p2a: Grimmsnarl\n|-damage|p2a: Grimmsnarl|77/100\n|\n|t:|1774631499\n|switch|p1a: Calyrex|Calyrex-Ice, L50|100/100|[from] Volt Switch\n|-ability|p1a: Calyrex|As One\n|-ability|p1a: Calyrex|Unnerve\n|\n|-weather|RainDance|[upkeep]\n|-heal|p2b: Rillaboom|97/100|[from] Grassy Terrain\n|-heal|p2a: Grimmsnarl|83/100|[from] Grassy Terrain\n|upkeep\n|turn|2\n|\n|t:|1774631518\n|move|p1a: Calyrex|Protect|p1a: Calyrex\n|-singleturn|p1a: Calyrex|Protect\n|move|p2b: Rillaboom|Fake Out|p1a: Calyrex\n|-activate|p1a: Calyrex|move: Protect\n|move|p2a: Grimmsnarl|Reflect|p2a: Grimmsnarl\n|-sidestart|p2: yuri1910|Reflect\n|move|p1b: Hitmontop|Coaching|p1a: Calyrex\n|-boost|p1a: Calyrex|atk|1\n|-boost|p1a: Calyrex|def|1\n|\n|-weather|RainDance|[upkeep]\n|-heal|p2b: Rillaboom|100/100|[from] Grassy Terrain\n|-heal|p2a: Grimmsnarl|89/100|[from] Grassy Terrain\n|upkeep\n|turn|3\n|\n|t:|1774631536\n|move|p2a: Grimmsnarl|Thunder Wave|p1a: Calyrex\n|-status|p1a: Calyrex|par\n|move|p2b: Rillaboom|U-turn|p1a: Calyrex\n|-supereffective|p1a: Calyrex\n|-damage|p1a: Calyrex|82/100 par\n|\n|t:|1774631544\n|switch|p2b: Urshifu|Urshifu-Rapid-Strike, L50, F|100/100|[from] U-turn\n|move|p1b: Hitmontop|Coaching|p1a: Calyrex\n|-boost|p1a: Calyrex|atk|1\n|-boost|p1a: Calyrex|def|1\n|move|p1a: Calyrex|Glacial Lance|p2a: Grimmsnarl|[spread] p2a,p2b\n|-resisted|p2b: Urshifu\n|-damage|p2a: Grimmsnarl|10/100\n|-damage|p2b: Urshifu|64/100\n|\n|-weather|RainDance|[upkeep]\n|-heal|p2b: Urshifu|70/100|[from] Grassy Terrain\n|-heal|p2a: Grimmsnarl|16/100|[from] Grassy Terrain\n|-heal|p1a: Calyrex|88/100 par|[from] Grassy Terrain\n|upkeep\n|turn|4\n|\n|t:|1774631565\n|switch|p1b: Miraidon|Miraidon, L50|100/100\n|-fieldstart|move: Electric Terrain|[from] ability: Hadron Engine|[of] p1b: Miraidon\n|move|p2a: Grimmsnarl|Thunder Wave|p1b: Miraidon\n|-immune|p1b: Miraidon\n|move|p2b: Urshifu|Surging Strikes|p1a: Calyrex\n|-crit|p1a: Calyrex\n|-damage|p1a: Calyrex|67/100 par\n|-crit|p1a: Calyrex\n|-damage|p1a: Calyrex|47/100 par\n|-crit|p1a: Calyrex\n|-damage|p1a: Calyrex|26/100 par\n|-hitcount|p1a: Calyrex|3\n|move|p1a: Calyrex|Glacial Lance|p2b: Urshifu|[spread] p2a,p2b\n|-resisted|p2b: Urshifu\n|-crit|p2b: Urshifu\n|-damage|p2a: Grimmsnarl|0 fnt\n|-damage|p2b: Urshifu|0 fnt\n|faint|p2a: Grimmsnarl\n|faint|p2b: Urshifu\n|-ability|p1a: Calyrex|Chilling Neigh|boost\n|-boost|p1a: Calyrex|atk|2\n|\n|-weather|RainDance|[upkeep]\n|upkeep\n|\n|t:|1774631580\n|switch|p2b: Rillaboom|Rillaboom, L50, F|100/100\n|switch|p2a: Kyogre|Kyogre, L50|100/100\n|-fieldstart|move: Grassy Terrain|[from] ability: Grassy Surge|[of] p2b: Rillaboom\n|turn|5\n|\n|t:|1774631595\n|move|p1a: Calyrex|Protect|p1a: Calyrex\n|-singleturn|p1a: Calyrex|Protect\n|move|p2b: Rillaboom|Fake Out|p1b: Miraidon\n|-damage|p1b: Miraidon|89/100\n|cant|p1b: Miraidon|flinch\n|move|p2a: Kyogre|Water Spout|p1b: Miraidon|[spread] p1b\n|-activate|p1a: Calyrex|move: Protect\n|-resisted|p1b: Miraidon\n|-damage|p1b: Miraidon|62/100\n|\n|-weather|none\n|-heal|p1b: Miraidon|68/100|[from] Grassy Terrain\n|-heal|p1a: Calyrex|33/100 par|[from] Grassy Terrain\n|upkeep\n|turn|6\n|\n|t:|1774631610\n|-terastallize|p2a: Kyogre|Grass\n|move|p1b: Miraidon|Snarl|p2a: Kyogre|[spread] p2a,p2b\n|-damage|p2a: Kyogre|96/100\n|-damage|p2b: Rillaboom|91/100\n|-unboost|p2a: Kyogre|spa|1\n|-unboost|p2b: Rillaboom|spa|1\n|move|p2a: Kyogre|Water Spout|p1a: Calyrex|[spread] p1a,p1b\n|-resisted|p1b: Miraidon\n|-damage|p1a: Calyrex|3/100 par\n|-damage|p1b: Miraidon|57/100\n|move|p2b: Rillaboom|Wood Hammer|p1b: Miraidon\n|-resisted|p1b: Miraidon\n|-damage|p1b: Miraidon|22/100\n|-damage|p2b: Rillaboom|80/100|[from] Recoil\n|cant|p1a: Calyrex|par\n|\n|-heal|p1b: Miraidon|28/100|[from] Grassy Terrain\n|-heal|p2a: Kyogre|100/100|[from] Grassy Terrain\n|-heal|p2b: Rillaboom|86/100|[from] Grassy Terrain\n|-heal|p1a: Calyrex|9/100 par|[from] Grassy Terrain\n|upkeep\n|turn|7\n|\n|t:|1774631631\n|move|p1a: Calyrex|Protect|p1a: Calyrex\n|-singleturn|p1a: Calyrex|Protect\n|move|p1b: Miraidon|Volt Switch|p2a: Kyogre\n|-resisted|p2a: Kyogre\n|-damage|p2a: Kyogre|95/100\n|\n|t:|1774631638\n|switch|p1b: Hitmontop|Hitmontop, L50, M|100/100|[from] Volt Switch\n|-ability|p1b: Hitmontop|Intimidate|boost\n|-unboost|p2a: Kyogre|atk|1\n|-unboost|p2b: Rillaboom|atk|1\n|move|p2a: Kyogre|Water Spout|p1b: Hitmontop|[spread] p1b\n|-activate|p1a: Calyrex|move: Protect\n|-damage|p1b: Hitmontop|62/100\n|move|p2b: Rillaboom|Wood Hammer|p1b: Hitmontop\n|-damage|p1b: Hitmontop|4/100\n|-damage|p2b: Rillaboom|72/100|[from] Recoil\n|\n|-heal|p2a: Kyogre|100/100|[from] Grassy Terrain\n|-heal|p2b: Rillaboom|77/100|[from] Grassy Terrain\n|-heal|p1b: Hitmontop|10/100|[from] Grassy Terrain\n|-heal|p1a: Calyrex|15/100 par|[from] Grassy Terrain\n|upkeep\n|turn|8\n|\n|t:|1774631660\n|-terastallize|p1a: Calyrex|Fire\n|move|p1b: Hitmontop|Fake Out|p2a: Kyogre\n|-damage|p2a: Kyogre|94/100\n|cant|p2a: Kyogre|flinch\n|move|p2b: Rillaboom|Wood Hammer|p1a: Calyrex\n|-resisted|p1a: Calyrex\n|-damage|p1a: Calyrex|5/100 par\n|-damage|p2b: Rillaboom|74/100|[from] Recoil\n|move|p1a: Calyrex|Glacial Lance|p2b: Rillaboom|[spread] p2a,p2b\n|-supereffective|p2a: Kyogre\n|-supereffective|p2b: Rillaboom\n|-damage|p2a: Kyogre|0 fnt\n|-damage|p2b: Rillaboom|0 fnt\n|faint|p2a: Kyogre\n|faint|p2b: Rillaboom\n|\n|win|ArisHazard\n|raw|ArisHazard's rating: 1484 &rarr; <strong>1508</strong><br />(+24 for winning)\n|raw|yuri1910's rating: 1560 &rarr; <strong>1536</strong><br />(-24 for losing)\n|l| SilksongIsReallll\n|l|\u2606yuri1910\n|player|p2|\n|l|\u2606ArisHazard\n|player|p1|\n","uploadtime":1774631884,"views":13,"formatid":"gen9vgc2026regi","rating":1508,"private":0,"password":null}