{"id":"gen9vgc2026regi-2530321045","format":"[Gen 9] VGC 2026 Reg I","players":["alexit93","feeltheice05"],"log":"|j|\u2606alexit93\n|j|\u2606feeltheice05\n|t:|1769901867\n|gametype|doubles\n|player|p1|alexit93|lucas-gen4pt|1260\n|player|p2|feeltheice05|101|1360\n|gen|9\n|tier|[Gen 9] VGC 2026 Reg I\n|rated|\n|rule|Species Clause: Limit one of each Pok\u00e9mon\n|rule|Item Clause: Limit 1 of each item\n|clearpoke\n|poke|p1|Zamazenta-*, L50|\n|poke|p1|Riolu, L50, F|\n|poke|p1|Calyrex-Ice, L50|\n|poke|p1|Rillaboom, L50, F|\n|poke|p1|Incineroar, L50, M|\n|poke|p1|Urshifu-*, L50, F|\n|poke|p2|Dondozo, L50, M|\n|poke|p2|Tatsugiri-Droopy, L50, M|\n|poke|p2|Koraidon, L50|\n|poke|p2|Flutter Mane, L50|\n|poke|p2|Zacian-*, L50|\n|poke|p2|Tornadus, L50, M|\n|teampreview|4\n|\n|t:|1769901895\n|teamsize|p1|4\n|teamsize|p2|4\n|start\n|switch|p1a: Calyrex|Calyrex-Ice, L50|100/100\n|switch|p1b: Riolu|Riolu, L50, F|100/100\n|switch|p2a: Flutter Mane|Flutter Mane, L50, shiny|100/100\n|switch|p2b: Dondozo|Dondozo, L50, M, shiny|100/100\n|-ability|p1a: Calyrex|As One\n|-ability|p1a: Calyrex|Unnerve\n|turn|1\n|inactive|Battle timer is ON: inactive players will automatically lose when time's up. (requested by feeltheice05)\n|\n|t:|1769901937\n|-terastallize|p1a: Calyrex|Ground\n|move|p2b: Dondozo|Protect|p2b: Dondozo\n|-singleturn|p2b: Dondozo|Protect\n|move|p1b: Riolu|Coaching|p1a: Calyrex\n|-boost|p1a: Calyrex|atk|1\n|-boost|p1a: Calyrex|def|1\n|move|p2a: Flutter Mane|Dazzling Gleam|p1a: Calyrex|[spread] p1a,p1b\n|-supereffective|p1b: Riolu\n|-damage|p1a: Calyrex|61/100\n|-damage|p1b: Riolu|0 fnt\n|faint|p1b: Riolu\n|move|p1a: Calyrex|Trick Room|p1a: Calyrex\n|-fieldstart|move: Trick Room|[of] p1a: Calyrex\n|\n|upkeep\n|\n|t:|1769901945\n|switch|p1b: Incineroar|Incineroar, L50, M|100/100\n|-ability|p1b: Incineroar|Intimidate|boost\n|-unboost|p2a: Flutter Mane|atk|1\n|-unboost|p2b: Dondozo|atk|1\n|turn|2\n|\n|t:|1769901962\n|-end|p2a: Flutter Mane|Protosynthesis|[silent]\n|switch|p2a: Tatsugiri|Tatsugiri-Droopy, L50, M, shiny|100/100\n|-activate|p2a: Tatsugiri|ability: Commander|[of] p2b: Dondozo\n|-boost|p2b: Dondozo|atk|2\n|-boost|p2b: Dondozo|spa|2\n|-boost|p2b: Dondozo|spe|2\n|-boost|p2b: Dondozo|def|2\n|-boost|p2b: Dondozo|spd|2\n|move|p1a: Calyrex|Glacial Lance|p2b: Dondozo|[spread] p2b\n|-miss|p1a: Calyrex|p2a: Tatsugiri\n|-resisted|p2b: Dondozo\n|-damage|p2b: Dondozo|91/100\n|move|p1b: Incineroar|Knock Off|p2b: Dondozo\n|-damage|p2b: Dondozo|79/100\n|-enditem|p2b: Dondozo|Leftovers|[from] move: Knock Off|[of] p1b: Incineroar\n|move|p2b: Dondozo|Order Up|p1b: Incineroar\n|-damage|p1b: Incineroar|76/100\n|-boost|p2b: Dondozo|def|1\n|\n|upkeep\n|turn|3\n|\n|t:|1769901982\n|move|p1a: Calyrex|High Horsepower|p2b: Dondozo|[miss]\n|-miss|p1a: Calyrex|p2b: Dondozo\n|move|p1b: Incineroar|Parting Shot|p2b: Dondozo\n|-unboost|p2b: Dondozo|atk|1\n|-unboost|p2b: Dondozo|spa|1\n|\n|t:|1769901984\n|switch|p1b: Rillaboom|Rillaboom, L50, F|100/100|[from] Parting Shot\n|-fieldstart|move: Grassy Terrain|[from] ability: Grassy Surge|[of] p1b: Rillaboom\n|move|p2b: Dondozo|Body Press|p1b: Rillaboom\n|-damage|p1b: Rillaboom|35/100\n|\n|-heal|p1a: Calyrex|67/100|[from] Grassy Terrain\n|-heal|p2b: Dondozo|85/100|[from] Grassy Terrain\n|-heal|p1b: Rillaboom|41/100|[from] Grassy Terrain\n|upkeep\n|turn|4\n|\n|t:|1769901989\n|move|p2b: Dondozo|Protect|p2b: Dondozo\n|-singleturn|p2b: Dondozo|Protect\n|move|p1a: Calyrex|Glacial Lance|p2a: Tatsugiri|[spread] \n|-miss|p1a: Calyrex|p2a: Tatsugiri\n|-activate|p2b: Dondozo|move: Protect\n|move|p1b: Rillaboom|Wood Hammer|p2b: Dondozo\n|-activate|p2b: Dondozo|move: Protect\n|\n|-heal|p1a: Calyrex|73/100|[from] Grassy Terrain\n|-heal|p2b: Dondozo|92/100|[from] Grassy Terrain\n|-heal|p1b: Rillaboom|47/100|[from] Grassy Terrain\n|upkeep\n|turn|5\n|\n|t:|1769902000\n|-terastallize|p2b: Dondozo|Dark\n|move|p1a: Calyrex|High Horsepower|p2b: Dondozo\n|-damage|p2b: Dondozo|76/100\n|move|p2b: Dondozo|Body Press|p1b: Rillaboom\n|-damage|p1b: Rillaboom|0 fnt\n|faint|p1b: Rillaboom\n|\n|-heal|p1a: Calyrex|79/100|[from] Grassy Terrain\n|-heal|p2b: Dondozo|82/100|[from] Grassy Terrain\n|-fieldend|move: Trick Room\n|upkeep\n|\n|t:|1769902005\n|switch|p1b: Incineroar|Incineroar, L50, M|76/100\n|-ability|p1b: Incineroar|Intimidate|boost\n|-unboost|p2a: Tatsugiri|atk|1\n|-unboost|p2b: Dondozo|atk|1\n|turn|6\n|\n|t:|1769902014\n|move|p2b: Dondozo|Protect|p2b: Dondozo\n|-singleturn|p2b: Dondozo|Protect\n|move|p1b: Incineroar|Fake Out|p2b: Dondozo\n|-activate|p2b: Dondozo|move: Protect\n|move|p1a: Calyrex|Glacial Lance|p2b: Dondozo|[spread] \n|-miss|p1a: Calyrex|p2a: Tatsugiri\n|-activate|p2b: Dondozo|move: Protect\n|\n|-heal|p2b: Dondozo|88/100|[from] Grassy Terrain\n|-heal|p1b: Incineroar|82/100|[from] Grassy Terrain\n|-heal|p1a: Calyrex|85/100|[from] Grassy Terrain\n|upkeep\n|turn|7\n|\n|t:|1769902024\n|move|p2b: Dondozo|Body Press|p1b: Incineroar\n|-supereffective|p1b: Incineroar\n|-damage|p1b: Incineroar|0 fnt\n|-damage|p2b: Dondozo|72/100|[from] item: Rocky Helmet|[of] p1b: Incineroar\n|faint|p1b: Incineroar\n|move|p1a: Calyrex|Trick Room|p1a: Calyrex\n|-fieldstart|move: Trick Room|[of] p1a: Calyrex\n|\n|-heal|p1a: Calyrex|91/100|[from] Grassy Terrain\n|-heal|p2b: Dondozo|78/100|[from] Grassy Terrain\n|-fieldend|move: Grassy Terrain\n|upkeep\n|turn|8\n|-message|alexit93 forfeited.\n|\n|win|feeltheice05\n|raw|alexit93's rating: 1260 &rarr; <strong>1242</strong><br />(-18 for losing)\n|raw|feeltheice05's rating: 1360 &rarr; <strong>1374</strong><br />(+14 for winning)\n|l|\u2606alexit93\n|player|p1|\n|l|\u2606feeltheice05\n|player|p2|\n","uploadtime":1769902270,"views":12,"formatid":"gen9vgc2026regi","rating":1242,"private":0,"password":null}