{"id":"gen9vgc2026regi-2560010076","format":"[Gen 9] VGC 2026 Reg I","players":["It'sJustKen VGC","patrickthisisnt"],"log":"|j|\u2606It'sJustKen VGC\n|j|\u2606patrickthisisnt\n|t:|1773635463\n|gametype|doubles\n|player|p1|It'sJustKen VGC|102|1331\n|player|p2|patrickthisisnt|biker-gen4|1320\n|gen|9\n|tier|[Gen 9] VGC 2026 Reg I\n|rated|\n|rule|Species Clause: Limit one of each Pok\u00e9mon\n|rule|Item Clause: Limit 1 of each item\n|clearpoke\n|poke|p1|Landorus, L50, M|\n|poke|p1|Amoonguss, L50, F|\n|poke|p1|Calyrex-Ice, L50|\n|poke|p1|Incineroar, L50, M|\n|poke|p1|Urshifu-*, L50, M|\n|poke|p1|Miraidon, L50|\n|poke|p2|Terapagos, L50, M|\n|poke|p2|Urshifu-*, L50, F|\n|poke|p2|Incineroar, L50, F|\n|poke|p2|Calyrex-Shadow, L50|\n|poke|p2|Clefairy, L50, F|\n|poke|p2|Gallade, L50, M|\n|teampreview|4\n|inactive|Battle timer is ON: inactive players will automatically lose when time's up. (requested by patrickthisisnt)\n|inactive|It'sJustKen VGC also wants the timer to be on.\n|inactive|It'sJustKen VGC has 60 seconds left.\n|inactive|patrickthisisnt has 60 seconds left.\n|\n|t:|1773635517\n|teamsize|p1|4\n|teamsize|p2|4\n|start\n|switch|p1a: Antonelli|Miraidon, L50|100/100\n|switch|p1b: Russel|Calyrex-Ice, L50|100/100\n|switch|p2a: Calyrex|Calyrex-Shadow, L50|100/100\n|switch|p2b: Terapagos|Terapagos, L50, M|100/100\n|-activate|p2b: Terapagos|ability: Tera Shift\n|detailschange|p2b: Terapagos|Terapagos-Terastal, L50, M\n|-heal|p2b: Terapagos|100/100|[silent]\n|-ability|p2a: Calyrex|As One\n|-ability|p2a: Calyrex|Unnerve\n|-ability|p1b: Russel|As One\n|-ability|p1b: Russel|Unnerve\n|-fieldstart|move: Electric Terrain|[from] ability: Hadron Engine|[of] p1a: Antonelli\n|turn|1\n|inactive|It'sJustKen VGC has 30 seconds left.\n|inactive|It'sJustKen VGC has 20 seconds left.\n|\n|t:|1773635554\n|-terastallize|p1b: Russel|Fire\n|move|p1a: Antonelli|Snarl|p2b: Terapagos|[spread] p2a,p2b\n|-supereffective|p2a: Calyrex\n|-activate|p2b: Terapagos|ability: Tera Shell\n|-resisted|p2b: Terapagos\n|-damage|p2a: Calyrex|10/100\n|-damage|p2b: Terapagos|91/100\n|-unboost|p2a: Calyrex|spa|1\n|-unboost|p2b: Terapagos|spa|1\n|move|p2a: Calyrex|Astral Barrage|p1a: Antonelli|[spread] p1a,p1b\n|-damage|p1a: Antonelli|74/100\n|-damage|p1b: Russel|73/100\n|move|p2b: Terapagos|Substitute|p2b: Terapagos\n|-start|p2b: Terapagos|Substitute\n|-damage|p2b: Terapagos|66/100\n|move|p1b: Russel|Glacial Lance|p2b: Terapagos|[spread] p2a,p2b\n|-end|p2b: Terapagos|Substitute\n|-damage|p2a: Calyrex|0 fnt\n|faint|p2a: Calyrex\n|-ability|p1b: Russel|Chilling Neigh|boost\n|-boost|p1b: Russel|atk|1\n|\n|-heal|p2b: Terapagos|72/100|[from] item: Leftovers\n|upkeep\n|\n|t:|1773635571\n|switch|p2a: Urshifu|Urshifu-Rapid-Strike, L50, F|100/100\n|turn|2\n|\n|t:|1773635596\n|switch|p1b: Verstappen|Urshifu-Rapid-Strike, L50, M|100/100\n|move|p2a: Urshifu|Surging Strikes|p1b: Verstappen\n|-resisted|p1b: Verstappen\n|-crit|p1b: Verstappen\n|-damage|p1b: Verstappen|90/100\n|-resisted|p1b: Verstappen\n|-crit|p1b: Verstappen\n|-damage|p1b: Verstappen|79/100\n|-resisted|p1b: Verstappen\n|-crit|p1b: Verstappen\n|-damage|p1b: Verstappen|69/100\n|-hitcount|p1b: Verstappen|3\n|move|p1a: Antonelli|Snarl|p2a: Urshifu|[spread] p2a,p2b\n|-resisted|p2a: Urshifu\n|-damage|p2a: Urshifu|85/100\n|-damage|p2b: Terapagos|54/100\n|-unboost|p2a: Urshifu|spa|1\n|-unboost|p2b: Terapagos|spa|1\n|move|p2b: Terapagos|Calm Mind|p2b: Terapagos\n|-boost|p2b: Terapagos|spa|1\n|-boost|p2b: Terapagos|spd|1\n|\n|-heal|p2b: Terapagos|60/100|[from] item: Leftovers\n|upkeep\n|turn|3\n|inactive|It'sJustKen VGC has 30 seconds left.\n|\n|t:|1773635629\n|switch|p1a: Piastri|Amoonguss, L50, F|100/100\n|switch|p2b: Clefairy|Clefairy, L50, F|100/100\n|move|p2a: Urshifu|Surging Strikes|p1b: Verstappen\n|-resisted|p1b: Verstappen\n|-crit|p1b: Verstappen\n|-damage|p1b: Verstappen|59/100\n|-resisted|p1b: Verstappen\n|-crit|p1b: Verstappen\n|-damage|p1b: Verstappen|49/100\n|-resisted|p1b: Verstappen\n|-crit|p1b: Verstappen\n|-damage|p1b: Verstappen|39/100\n|-hitcount|p1b: Verstappen|3\n|move|p1b: Verstappen|Close Combat|p2b: Clefairy\n|-resisted|p2b: Clefairy\n|-damage|p2b: Clefairy|62/100\n|-unboost|p1b: Verstappen|def|1\n|-unboost|p1b: Verstappen|spd|1\n|\n|upkeep\n|turn|4\n|\n|t:|1773635651\n|switch|p1b: Antonelli|Miraidon, L50|74/100\n|-activate|p1b: Antonelli|ability: Hadron Engine\n|move|p2b: Clefairy|Follow Me|p2b: Clefairy\n|-singleturn|p2b: Clefairy|move: Follow Me\n|move|p2a: Urshifu|Surging Strikes|p1b: Antonelli\n|-resisted|p1b: Antonelli\n|-crit|p1b: Antonelli\n|-damage|p1b: Antonelli|65/100\n|-resisted|p1b: Antonelli\n|-crit|p1b: Antonelli\n|-damage|p1b: Antonelli|56/100\n|-resisted|p1b: Antonelli\n|-crit|p1b: Antonelli\n|-damage|p1b: Antonelli|47/100\n|-hitcount|p1b: Antonelli|3\n|move|p1a: Piastri|Pollen Puff|p2b: Clefairy\n|-resisted|p2b: Clefairy\n|-damage|p2b: Clefairy|56/100\n|\n|upkeep\n|turn|5\n|\n|t:|1773635670\n|switch|p2a: Terapagos|Terapagos-Terastal, L50, M|60/100\n|move|p1b: Antonelli|Electro Drift|p2b: Clefairy\n|-damage|p2b: Clefairy|0 fnt\n|faint|p2b: Clefairy\n|move|p1a: Piastri|Pollen Puff|p1b: Antonelli\n|-heal|p1b: Antonelli|97/100\n|\n|-heal|p2a: Terapagos|66/100|[from] item: Leftovers\n|-fieldend|move: Electric Terrain\n|upkeep\n|\n|t:|1773635677\n|switch|p2b: Urshifu|Urshifu-Rapid-Strike, L50, F|85/100\n|turn|6\n|\n|t:|1773635684\n|-terastallize|p2a: Terapagos|Stellar\n|detailschange|p2a: Terapagos|Terapagos-Stellar, L50, M, tera:Stellar\n|-heal|p2a: Terapagos|75/100|[silent]\n|move|p2b: Urshifu|Close Combat|p1b: Antonelli\n|-damage|p1b: Antonelli|41/100\n|-unboost|p2b: Urshifu|def|1\n|-unboost|p2b: Urshifu|spd|1\n|move|p1b: Antonelli|Electro Drift|p2b: Urshifu\n|-supereffective|p2b: Urshifu\n|-damage|p2b: Urshifu|0 fnt\n|faint|p2b: Urshifu\n|move|p2a: Terapagos|Tera Starstorm|p1a: Piastri|[spread] p1a,p1b\n|-damage|p1a: Piastri|71/100\n|-damage|p1b: Antonelli|16/100\n|move|p1a: Piastri|Spore|p2a: Terapagos\n|-status|p2a: Terapagos|slp|[from] move: Spore\n|\n|-heal|p2a: Terapagos|81/100 slp|[from] item: Leftovers\n|upkeep\n|turn|7\n|inactive|It'sJustKen VGC has 30 seconds left.\n|\n|t:|1773635715\n|switch|p1a: Verstappen|Urshifu-Rapid-Strike, L50, M|39/100\n|move|p1b: Antonelli|Electro Drift|p2a: Terapagos\n|-damage|p2a: Terapagos|42/100 slp\n|cant|p2a: Terapagos|slp\n|\n|-heal|p2a: Terapagos|48/100 slp|[from] item: Leftovers\n|upkeep\n|turn|8\n|\n|t:|1773635720\n|move|p1b: Antonelli|Electro Drift|p2a: Terapagos\n|-damage|p2a: Terapagos|12/100 slp\n|move|p1a: Verstappen|Close Combat|p2a: Terapagos\n|-supereffective|p2a: Terapagos\n|-damage|p2a: Terapagos|0 fnt\n|-unboost|p1a: Verstappen|def|1\n|-unboost|p1a: Verstappen|spd|1\n|faint|p2a: Terapagos\n|detailschange|p2: Terapagos|Terapagos, L50, M|[silent]\n|\n|win|It'sJustKen VGC\n|raw|It&apos;sJustKen VGC's rating: 1346 &rarr; <strong>1365</strong><br />(+19 for winning)\n|raw|patrickthisisnt's rating: 1320 &rarr; <strong>1301</strong><br />(-19 for losing)\n|l|\u2606patrickthisisnt\n|player|p2|\n|l|\u2606It'sJustKen VGC\n|player|p1|\n","uploadtime":1773635724,"views":13,"formatid":"gen9vgc2026regi","rating":1301,"private":0,"password":null}