{"id":"gen9vgc2026regi-2580880528","format":"[Gen 9] VGC 2026 Reg I","players":["Carajo666","jpto5"],"log":"|j|\u2606Carajo666\n|j|\u2606jpto5\n|t:|1775940085\n|gametype|doubles\n|player|p1|Carajo666|169|1383\n|player|p2|jpto5|266|1355\n|gen|9\n|tier|[Gen 9] VGC 2026 Reg I\n|rated|\n|rule|Species Clause: Limit one of each Pok\u00e9mon\n|rule|Item Clause: Limit 1 of each item\n|clearpoke\n|poke|p1|Terapagos, L50, M|\n|poke|p1|Urshifu-*, L50, F|\n|poke|p1|Ho-Oh, L50|\n|poke|p1|Toxapex, L50, F|\n|poke|p1|Flutter Mane, L50|\n|poke|p1|Rillaboom, L50, F|\n|poke|p2|Tornadus, L50, M|\n|poke|p2|Kyogre, L50|\n|poke|p2|Zacian-*, L50|\n|poke|p2|Basculegion, L50, M|\n|poke|p2|Incineroar, L50, M|\n|poke|p2|Archaludon, L50, F|\n|teampreview|4\n|inactive|Battle timer is ON: inactive players will automatically lose when time's up. (requested by jpto5)\n|inactive|Carajo666 also wants the timer to be on.\n|\n|t:|1775940113\n|teamsize|p1|4\n|teamsize|p2|4\n|start\n|switch|p1a: Ho-Oh|Ho-Oh, L50|100/100\n|switch|p1b: Toxapex|Toxapex, L50, F|100/100\n|switch|p2a: Tornadus|Tornadus, L50, M|100/100\n|switch|p2b: Zacian|Zacian-Crowned, L50|100/100\n|-ability|p2b: Zacian|Intrepid Sword|boost\n|-boost|p2b: Zacian|atk|1\n|turn|1\n|\n|t:|1775940136\n|move|p2a: Tornadus|Rain Dance|p2a: Tornadus\n|-weather|RainDance\n|move|p2b: Zacian|Behemoth Blade|p1b: Toxapex\n|-resisted|p1b: Toxapex\n|-damage|p1b: Toxapex|72/100\n|move|p1a: Ho-Oh|Tailwind|p1a: Ho-Oh\n|-sidestart|p1: Carajo666|move: Tailwind\n|move|p1b: Toxapex|Infestation|p2b: Zacian\n|-resisted|p2b: Zacian\n|-damage|p2b: Zacian|99/100\n|-activate|p2b: Zacian|move: Infestation|[of] p1b: Toxapex\n|\n|-weather|RainDance|[upkeep]\n|-damage|p2b: Zacian|88/100|[from] move: Infestation|[partiallytrapped]\n|upkeep\n|turn|2\n|inactive|jpto5 has 30 seconds left.\n|inactive|jpto5 has 20 seconds left.\n|inactive|jpto5 has 15 seconds left.\n|\n|t:|1775940177\n|move|p1a: Ho-Oh|Sacred Fire|p2b: Zacian\n|-supereffective|p2b: Zacian\n|-crit|p2b: Zacian\n|-damage|p2b: Zacian|15/100\n|-status|p2b: Zacian|brn\n|move|p2b: Zacian|Behemoth Blade|p1b: Toxapex\n|-resisted|p1b: Toxapex\n|-damage|p1b: Toxapex|57/100\n|move|p2a: Tornadus|Bleakwind Storm|p1a: Ho-Oh|[spread] p1a,p1b\n|-damage|p1a: Ho-Oh|79/100\n|-damage|p1b: Toxapex|24/100\n|move|p1b: Toxapex|Toxic Spikes|p2b: Zacian\n|-sidestart|p2: jpto5|move: Toxic Spikes\n|\n|-weather|RainDance|[upkeep]\n|-damage|p2b: Zacian|9/100 brn|[from] brn\n|-damage|p2b: Zacian|0 fnt|[from] move: Infestation|[partiallytrapped]\n|faint|p2b: Zacian\n|upkeep\n|\n|t:|1775940196\n|switch|p2b: Basculegion|Basculegion, L50, M|100/100\n|-status|p2b: Basculegion|psn\n|turn|3\n|\n|t:|1775940209\n|switch|p1b: Rillaboom|Rillaboom, L50, F|100/100\n|-fieldstart|move: Grassy Terrain|[from] ability: Grassy Surge|[of] p1b: Rillaboom\n|-terastallize|p1a: Ho-Oh|Grass\n|move|p2a: Tornadus|Tailwind|p2a: Tornadus\n|-sidestart|p2: jpto5|move: Tailwind\n|move|p2b: Basculegion|Wave Crash|p1a: Ho-Oh\n|-resisted|p1a: Ho-Oh\n|-damage|p1a: Ho-Oh|33/100\n|-enditem|p1a: Ho-Oh|Sitrus Berry|[eat]\n|-heal|p1a: Ho-Oh|58/100|[from] item: Sitrus Berry\n|-damage|p2b: Basculegion|84/100 psn|[from] Recoil\n|-damage|p2b: Basculegion|74/100 psn|[from] item: Life Orb\n|move|p1a: Ho-Oh|Sacred Fire|p2b: Basculegion\n|-resisted|p2b: Basculegion\n|-damage|p2b: Basculegion|60/100 psn\n|\n|-weather|RainDance|[upkeep]\n|-heal|p2b: Basculegion|66/100 psn|[from] Grassy Terrain\n|-heal|p1a: Ho-Oh|64/100|[from] Grassy Terrain\n|-damage|p2b: Basculegion|54/100 psn|[from] psn\n|upkeep\n|turn|4\n|inactive|Carajo666 has 30 seconds left.\n|inactive|jpto5 has 30 seconds left.\n|inactive|Carajo666 has 20 seconds left.\n|inactive|Carajo666 has 15 seconds left.\n|\n|t:|1775940253\n|move|p1a: Ho-Oh|Protect|p1a: Ho-Oh\n|-singleturn|p1a: Ho-Oh|Protect\n|move|p1b: Rillaboom|Grassy Glide|p2b: Basculegion\n|-supereffective|p2b: Basculegion\n|-damage|p2b: Basculegion|0 fnt\n|faint|p2b: Basculegion\n|move|p2a: Tornadus|Bleakwind Storm|p1b: Rillaboom|[spread] p1b\n|-activate|p1a: Ho-Oh|move: Protect\n|-supereffective|p1b: Rillaboom\n|-damage|p1b: Rillaboom|47/100\n|\n|-weather|RainDance|[upkeep]\n|-heal|p1b: Rillaboom|53/100|[from] Grassy Terrain\n|-heal|p1a: Ho-Oh|70/100|[from] Grassy Terrain\n|-sideend|p1: Carajo666|move: Tailwind\n|upkeep\n|\n|t:|1775940256\n|switch|p2b: Kyogre|Kyogre, L50|100/100\n|-status|p2b: Kyogre|psn\n|turn|5\n|\n|t:|1775940274\n|switch|p1a: Toxapex|Toxapex, L50, F|57/100\n|move|p1b: Rillaboom|Grassy Glide|p2b: Kyogre\n|-supereffective|p2b: Kyogre\n|-damage|p2b: Kyogre|17/100 psn\n|move|p2a: Tornadus|Bleakwind Storm|p1a: Toxapex|[spread] p1a,p1b\n|-supereffective|p1b: Rillaboom\n|-damage|p1a: Toxapex|27/100\n|-damage|p1b: Rillaboom|6/100\n|move|p2b: Kyogre|Water Spout|p1a: Toxapex|[spread] p1a,p1b\n|-resisted|p1a: Toxapex\n|-resisted|p1b: Rillaboom\n|-damage|p1a: Toxapex|20/100\n|-damage|p1b: Rillaboom|0 fnt\n|faint|p1b: Rillaboom\n|\n|-weather|none\n|-heal|p2b: Kyogre|23/100 psn|[from] Grassy Terrain\n|-heal|p1a: Toxapex|25/100|[from] Grassy Terrain\n|-damage|p2b: Kyogre|11/100 psn|[from] psn\n|upkeep\n|\n|t:|1775940295\n|switch|p1b: Terapagos|Terapagos, L50, M|100/100\n|-activate|p1b: Terapagos|ability: Tera Shift\n|detailschange|p1b: Terapagos|Terapagos-Terastal, L50, M\n|-heal|p1b: Terapagos|100/100|[silent]\n|turn|6\n|\n|t:|1775940318\n|move|p1a: Toxapex|Wide Guard|p1a: Toxapex\n|-singleturn|p1a: Toxapex|Wide Guard\n|move|p2a: Tornadus|Taunt|p1b: Terapagos\n|-start|p1b: Terapagos|move: Taunt\n|move|p2b: Kyogre|Tera Blast|p1a: Toxapex\n|-damage|p1a: Toxapex|0 fnt\n|faint|p1a: Toxapex\n|move|p1b: Terapagos|Tera Starstorm|p2a: Tornadus\n|-damage|p2a: Tornadus|20/100\n|\n|-heal|p2b: Kyogre|16/100 psn|[from] Grassy Terrain\n|-damage|p2b: Kyogre|4/100 psn|[from] psn\n|-sideend|p2: jpto5|move: Tailwind\n|upkeep\n|\n|t:|1775940337\n|switch|p1a: Ho-Oh|Ho-Oh, L50, tera:Grass|100/100\n|turn|7\n|\n|t:|1775940350\n|move|p2a: Tornadus|Bleakwind Storm|p1a: Ho-Oh|[spread] p1a,p1b\n|-supereffective|p1a: Ho-Oh\n|-activate|p1b: Terapagos|ability: Tera Shell\n|-resisted|p1b: Terapagos\n|-damage|p1a: Ho-Oh|54/100\n|-damage|p1b: Terapagos|85/100\n|-unboost|p1b: Terapagos|spe|1\n|move|p2b: Kyogre|Ice Beam|p1a: Ho-Oh\n|-supereffective|p1a: Ho-Oh\n|-damage|p1a: Ho-Oh|9/100\n|move|p1a: Ho-Oh|Brave Bird|p2b: Kyogre\n|-damage|p2b: Kyogre|0 fnt\n|faint|p2b: Kyogre\n|-damage|p1a: Ho-Oh|8/100|[from] Recoil\n|move|p1b: Terapagos|Tera Starstorm|p2a: Tornadus\n|-damage|p2a: Tornadus|0 fnt\n|faint|p2a: Tornadus\n|\n|win|Carajo666\n|raw|Carajo666's rating: 1383 &rarr; <strong>1401</strong><br />(+18 for winning)\n|raw|jpto5's rating: 1355 &rarr; <strong>1337</strong><br />(-18 for losing)\n|l|\u2606jpto5\n|player|p2|\n|l|\u2606Carajo666\n|player|p1|\n","uploadtime":1775940497,"views":15,"formatid":"gen9vgc2026regi","rating":1337,"private":0,"password":null}