{"id":"gen9vgc2026regi-2556910783","format":"[Gen 9] VGC 2026 Reg I","players":["champvdp29","ArisHazard"],"log":"|j|\u203dchampvdp29\n|j|\u2606ArisHazard\n|t:|1773259521\n|gametype|doubles\n|player|p1|champvdp29|red|1414\n|player|p2|ArisHazard|101|1411\n|gen|9\n|tier|[Gen 9] VGC 2026 Reg I\n|rated|\n|rule|Species Clause: Limit one of each Pok\u00e9mon\n|rule|Item Clause: Limit 1 of each item\n|clearpoke\n|poke|p1|Calyrex-Ice, L50|\n|poke|p1|Miraidon, L50|\n|poke|p1|Grimmsnarl, L50, M|\n|poke|p1|Urshifu-*, L50, F|\n|poke|p1|Incineroar, L50, M|\n|poke|p1|Landorus, L50, M|\n|poke|p2|Calyrex-Ice, L50|\n|poke|p2|Hitmontop, L50, M|\n|poke|p2|Miraidon, L50|\n|poke|p2|Tornadus, L50, M|\n|poke|p2|Sableye, L50, F|\n|poke|p2|Ting-Lu, L50|\n|teampreview|4\n|inactive|Battle timer is ON: inactive players will automatically lose when time's up. (requested by champvdp29)\n|\n|t:|1773259533\n|teamsize|p1|4\n|teamsize|p2|4\n|start\n|switch|p1a: Miraidon|Miraidon, L50|100/100\n|switch|p1b: Grimmsnarl|Grimmsnarl, L50, M|100/100\n|switch|p2a: Calyrex|Calyrex-Ice, L50|100/100\n|switch|p2b: Hitmontop|Hitmontop, L50, M|100/100\n|-ability|p2a: Calyrex|As One\n|-ability|p2a: Calyrex|Unnerve\n|-fieldstart|move: Electric Terrain|[from] ability: Hadron Engine|[of] p1a: Miraidon\n|-ability|p2b: Hitmontop|Intimidate|boost\n|-unboost|p1a: Miraidon|atk|1\n|-unboost|p1b: Grimmsnarl|atk|1\n|turn|1\n|\n|t:|1773259549\n|move|p2b: Hitmontop|Fake Out|p1a: Miraidon\n|-damage|p1a: Miraidon|93/100\n|move|p1b: Grimmsnarl|Reflect|p1b: Grimmsnarl\n|-sidestart|p1: champvdp29|Reflect\n|cant|p1a: Miraidon|flinch\n|move|p2a: Calyrex|Trick Room|p2a: Calyrex\n|-fieldstart|move: Trick Room|[of] p2a: Calyrex\n|\n|upkeep\n|turn|2\n|inactive|champvdp29 has 30 seconds left.\n|\n|t:|1773259578\n|switch|p1a: Calyrex|Calyrex-Ice, L50|100/100\n|-ability|p1a: Calyrex|As One\n|-ability|p1a: Calyrex|Unnerve\n|move|p2a: Calyrex|Glacial Lance|p1b: Grimmsnarl|[spread] p1a,p1b\n|-resisted|p1a: Calyrex\n|-crit|p1a: Calyrex\n|-damage|p1a: Calyrex|75/100\n|-damage|p1b: Grimmsnarl|62/100\n|move|p1b: Grimmsnarl|Spirit Break|p2b: Hitmontop\n|-supereffective|p2b: Hitmontop\n|-damage|p2b: Hitmontop|52/100\n|move|p2b: Hitmontop|Coaching|p2a: Calyrex\n|-boost|p2a: Calyrex|atk|1\n|-boost|p2a: Calyrex|def|1\n|\n|-heal|p1a: Calyrex|81/100|[from] item: Leftovers\n|upkeep\n|turn|3\n|\n|t:|1773259602\n|move|p2b: Hitmontop|Sucker Punch||[still]\n|-fail|p2b: Hitmontop\n|move|p2a: Calyrex|Glacial Lance|p1b: Grimmsnarl|[spread] p1a,p1b\n|-resisted|p1a: Calyrex\n|-damage|p1a: Calyrex|64/100\n|-damage|p1b: Grimmsnarl|0 fnt\n|faint|p1b: Grimmsnarl\n|-ability|p2a: Calyrex|Chilling Neigh|boost\n|-boost|p2a: Calyrex|atk|1\n|move|p1a: Calyrex|Leech Seed|p2a: Calyrex\n|-start|p2a: Calyrex|move: Leech Seed\n|\n|-heal|p1a: Calyrex|70/100|[from] item: Leftovers\n|-damage|p2a: Calyrex|88/100|[from] Leech Seed|[of] p1a: Calyrex\n|-heal|p1a: Calyrex|81/100|[silent]\n|upkeep\n|\n|t:|1773259618\n|switch|p1b: Urshifu|Urshifu-Rapid-Strike, L50, F|100/100\n|turn|4\n|\n|t:|1773259630\n|-terastallize|p1a: Calyrex|Water\n|move|p2a: Calyrex|Glacial Lance|p1b: Urshifu|[spread] p1a,p1b\n|-resisted|p1a: Calyrex\n|-resisted|p1b: Urshifu\n|-damage|p1a: Calyrex|58/100\n|-damage|p1b: Urshifu|66/100\n|move|p1a: Calyrex|Glacial Lance|p2b: Hitmontop|[spread] p2a,p2b\n|-resisted|p2a: Calyrex\n|-damage|p2a: Calyrex|77/100\n|-damage|p2b: Hitmontop|0 fnt\n|faint|p2b: Hitmontop\n|-ability|p1a: Calyrex|Chilling Neigh|boost\n|-boost|p1a: Calyrex|atk|1\n|move|p1b: Urshifu|Surging Strikes|p2a: Calyrex\n|-crit|p2a: Calyrex\n|-damage|p2a: Calyrex|55/100\n|-crit|p2a: Calyrex\n|-damage|p2a: Calyrex|33/100\n|-crit|p2a: Calyrex\n|-damage|p2a: Calyrex|13/100\n|-hitcount|p2a: Calyrex|3\n|\n|-heal|p1a: Calyrex|64/100|[from] item: Leftovers\n|-damage|p2a: Calyrex|0 fnt|[from] Leech Seed|[of] p1a: Calyrex\n|-heal|p1a: Calyrex|76/100|[silent]\n|faint|p2a: Calyrex\n|upkeep\n|\n|t:|1773259653\n|switch|p2a: Miraidon|Miraidon, L50|100/100\n|switch|p2b: Sableye|Sableye, L50, F|100/100\n|-activate|p2a: Miraidon|ability: Hadron Engine\n|turn|5\n|\n|t:|1773259662\n|move|p2b: Sableye|Disable|p1a: Calyrex\n|-start|p1a: Calyrex|Disable|Glacial Lance\n|cant|p1a: Calyrex|Disable|Glacial Lance\n|move|p1b: Urshifu|Surging Strikes|p2b: Sableye\n|-crit|p2b: Sableye\n|-damage|p2b: Sableye|66/100\n|-crit|p2b: Sableye\n|-damage|p2b: Sableye|26/100\n|-crit|p2b: Sableye\n|-damage|p2b: Sableye|0 fnt\n|faint|p2b: Sableye\n|-hitcount|p2: Sableye|3\n|move|p2a: Miraidon|Electro Drift|p1b: Urshifu\n|-supereffective|p1b: Urshifu\n|-damage|p1b: Urshifu|0 fnt\n|faint|p1b: Urshifu\n|\n|-heal|p1a: Calyrex|82/100|[from] item: Leftovers\n|-fieldend|move: Trick Room\n|-fieldend|move: Electric Terrain\n|upkeep\n|\n|t:|1773259679\n|switch|p1b: Miraidon|Miraidon, L50|93/100\n|-fieldstart|move: Electric Terrain|[from] ability: Hadron Engine|[of] p1b: Miraidon\n|turn|6\n|-message|ArisHazard forfeited.\n|\n|win|champvdp29\n|raw|champvdp29's rating: 1414 &rarr; <strong>1434</strong><br />(+20 for winning)\n|raw|ArisHazard's rating: 1411 &rarr; <strong>1391</strong><br />(-20 for losing)\n|l|\u2606ArisHazard\n|player|p2|\n|l|\u203dchampvdp29\n|player|p1|\n","uploadtime":1773259906,"views":13,"formatid":"gen9vgc2026regi","rating":1391,"private":0,"password":null}