{"id":"gen9vgc2026regi-2518648775","format":"[Gen 9] VGC 2026 Reg I","players":["ScribbleScribble","JOJOJEJEJA"],"log":"|j|\u2606ScribbleScribble\n|j|\u2606JOJOJEJEJA\n|t:|1768412994\n|gametype|doubles\n|player|p1|ScribbleScribble|mina-lgpe|1387\n|player|p2|JOJOJEJEJA|265|1327\n|gen|9\n|tier|[Gen 9] VGC 2026 Reg I\n|rated|\n|rule|Species Clause: Limit one of each Pok\u00e9mon\n|rule|Item Clause: Limit 1 of each item\n|clearpoke\n|poke|p1|Calyrex-Ice, L50|\n|poke|p1|Kyogre, L50|\n|poke|p1|Tornadus, L50, M|\n|poke|p1|Indeedee-F, L50, F|\n|poke|p1|Landorus, L50, M|\n|poke|p1|Urshifu-*, L50, F|\n|poke|p2|Dondozo, L50, F|\n|poke|p2|Tatsugiri, L50, M|\n|poke|p2|Calyrex-Shadow, L50|\n|poke|p2|Kyogre, L50|\n|poke|p2|Rillaboom, L50, M|\n|poke|p2|Raichu, L50, M|\n|teampreview|4\n|inactive|Battle timer is ON: inactive players will automatically lose when time's up. (requested by ScribbleScribble)\n|inactive|ScribbleScribble has 60 seconds left.\n|inactive|JOJOJEJEJA has 60 seconds left.\n|\n|t:|1768413042\n|teamsize|p1|4\n|teamsize|p2|4\n|start\n|switch|p1a: Tornadus|Tornadus, L50, M|100/100\n|switch|p1b: Calyrex|Calyrex-Ice, L50|100/100\n|switch|p2a: Dondozo|Dondozo, L50, F|100/100\n|switch|p2b: Kyogre|Kyogre, L50|100/100\n|-ability|p1b: Calyrex|As One\n|-ability|p1b: Calyrex|Unnerve\n|-weather|RainDance|[from] ability: Drizzle|[of] p2b: Kyogre\n|turn|1\n|\n|t:|1768413057\n|-terastallize|p2b: Kyogre|Water\n|-terastallize|p1b: Calyrex|Grass\n|move|p1a: Tornadus|Tailwind|p1a: Tornadus\n|-sidestart|p1: ScribbleScribble|move: Tailwind\n|move|p1b: Calyrex|Seed Bomb|p2b: Kyogre\n|-supereffective|p2b: Kyogre\n|-damage|p2b: Kyogre|0 fnt\n|faint|p2b: Kyogre\n|-ability|p1b: Calyrex|Chilling Neigh|boost\n|-boost|p1b: Calyrex|atk|1\n|move|p2a: Dondozo|Substitute|p2a: Dondozo\n|-start|p2a: Dondozo|Substitute\n|-damage|p2a: Dondozo|76/100\n|\n|-weather|RainDance|[upkeep]\n|-heal|p2a: Dondozo|82/100|[from] item: Leftovers\n|upkeep\n|\n|t:|1768413071\n|switch|p2b: Raichu|Raichu, L50, M|100/100\n|-item|p2b: Raichu|Air Balloon\n|turn|2\n|\n|t:|1768413080\n|move|p2b: Raichu|Fake Out|p1b: Calyrex\n|-damage|p1b: Calyrex|95/100\n|move|p1a: Tornadus|Bleakwind Storm|p2a: Dondozo|[spread] p2a,p2b\n|-end|p2a: Dondozo|Substitute\n|-resisted|p2b: Raichu\n|-damage|p2b: Raichu|78/100\n|-unboost|p2b: Raichu|spe|1\n|-enditem|p2b: Raichu|Air Balloon\n|cant|p1b: Calyrex|flinch\n|move|p2a: Dondozo|Yawn|p1b: Calyrex\n|-start|p1b: Calyrex|move: Yawn|[of] p2a: Dondozo\n|\n|-weather|RainDance|[upkeep]\n|-heal|p2a: Dondozo|88/100|[from] item: Leftovers\n|upkeep\n|turn|3\n|\n|t:|1768413095\n|switch|p1b: Kyogre|Kyogre, L50|100/100\n|switch|p2b: Tatsugiri|Tatsugiri, L50, M|100/100\n|-activate|p2b: Tatsugiri|ability: Commander|[of] p2a: Dondozo\n|-boost|p2a: Dondozo|atk|2\n|-boost|p2a: Dondozo|spa|2\n|-boost|p2a: Dondozo|spe|2\n|-boost|p2a: Dondozo|def|2\n|-boost|p2a: Dondozo|spd|2\n|move|p1a: Tornadus|Bleakwind Storm|p2b: Tatsugiri|[spread] p2a\n|-miss|p1a: Tornadus|p2b: Tatsugiri\n|-damage|p2a: Dondozo|71/100\n|move|p2a: Dondozo|Surf|p1a: Tornadus|[spread] p1a,p1b\n|-miss|p2a: Dondozo|p2b: Tatsugiri\n|-resisted|p1b: Kyogre\n|-enditem|p1a: Tornadus|Focus Sash\n|-damage|p1a: Tornadus|1/100\n|-damage|p1b: Kyogre|74/100\n|\n|-weather|RainDance|[upkeep]\n|-heal|p2a: Dondozo|78/100|[from] item: Leftovers\n|upkeep\n|turn|4\n|inactive|JOJOJEJEJA has 30 seconds left.\n|inactive|JOJOJEJEJA has 20 seconds left.\n|inactive|JOJOJEJEJA has 15 seconds left.\n|inactive|JOJOJEJEJA has 10 seconds left.\n|\n|t:|1768413144\n|switch|p1a: Calyrex|Calyrex-Ice, L50, tera:Grass|95/100\n|-ability|p1a: Calyrex|As One\n|-ability|p1a: Calyrex|Unnerve\n|move|p1b: Kyogre|Thunder|p2a: Dondozo\n|-supereffective|p2a: Dondozo\n|-damage|p2a: Dondozo|32/100\n|move|p2a: Dondozo|Surf|p1b: Kyogre|[spread] p1a,p1b\n|-miss|p2a: Dondozo|p2b: Tatsugiri\n|-resisted|p1a: Calyrex\n|-resisted|p1b: Kyogre\n|-damage|p1a: Calyrex|65/100\n|-damage|p1b: Kyogre|47/100\n|\n|-weather|RainDance|[upkeep]\n|-heal|p2a: Dondozo|39/100|[from] item: Leftovers\n|-sideend|p1: ScribbleScribble|move: Tailwind\n|upkeep\n|turn|5\n|\n|t:|1768413161\n|move|p1b: Kyogre|Thunder|p2a: Dondozo\n|-supereffective|p2a: Dondozo\n|-damage|p2a: Dondozo|0 fnt\n|faint|p2a: Dondozo\n|move|p1a: Calyrex|Seed Bomb|p2b: Tatsugiri\n|-damage|p2b: Tatsugiri|12/100\n|\n|-weather|none\n|upkeep\n|-message|JOJOJEJEJA forfeited.\n|\n|win|ScribbleScribble\n|raw|ScribbleScribble's rating: 1387 &rarr; <strong>1404</strong><br />(+17 for winning)\n|raw|JOJOJEJEJA's rating: 1327 &rarr; <strong>1310</strong><br />(-17 for losing)\n|l|\u2606JOJOJEJEJA\n|player|p2|\n|l|\u2606ScribbleScribble\n|player|p1|\n","uploadtime":1768413433,"views":13,"formatid":"gen9vgc2026regi","rating":1310,"private":0,"password":null}