{"id":"gen9vgc2026regi-2546804110","format":"[Gen 9] VGC 2026 Reg I","players":["kojimuranishi","EllenJoe2026"],"log":"|j|\u2606kojimuranishi\n|j|\u2606EllenJoe2026\n|t:|1772014233\n|gametype|doubles\n|player|p1|kojimuranishi|102|1485\n|player|p2|EllenJoe2026|iono|1487\n|gen|9\n|tier|[Gen 9] VGC 2026 Reg I\n|rated|\n|rule|Species Clause: Limit one of each Pok\u00e9mon\n|rule|Item Clause: Limit 1 of each item\n|clearpoke\n|poke|p1|Raging Bolt, L50|\n|poke|p1|Calyrex-Ice, L50|\n|poke|p1|Kyogre, L50|\n|poke|p1|Indeedee-F, L50, F|\n|poke|p1|Ursaluna, L50, M|\n|poke|p1|Urshifu-*, L50, F|\n|poke|p2|Calyrex-Shadow, L50|\n|poke|p2|Zamazenta-*, L50|\n|poke|p2|Incineroar, L50, F|\n|poke|p2|Rillaboom, L50, F|\n|poke|p2|Ogerpon-Cornerstone, L50, F|\n|poke|p2|Tornadus, L50, M|\n|teampreview|4\n|inactive|Battle timer is ON: inactive players will automatically lose when time's up. (requested by EllenJoe2026)\n|\n|t:|1772014263\n|teamsize|p1|4\n|teamsize|p2|4\n|start\n|switch|p1a: Indeedee|Indeedee-F, L50, F|100/100\n|switch|p1b: Kyogre|Kyogre, L50|100/100\n|switch|p2a: Zamazenta|Zamazenta-Crowned, L50, shiny|100/100\n|switch|p2b: Incineroar|Incineroar, L50, F, shiny|100/100\n|-weather|RainDance|[from] ability: Drizzle|[of] p1b: Kyogre\n|-ability|p2a: Zamazenta|Dauntless Shield|boost\n|-boost|p2a: Zamazenta|def|1\n|-fieldstart|move: Psychic Terrain|[from] ability: Psychic Surge|[of] p1a: Indeedee\n|-ability|p2b: Incineroar|Intimidate|boost\n|-unboost|p1a: Indeedee|atk|1\n|-unboost|p1b: Kyogre|atk|1\n|turn|1\n|\n|t:|1772014284\n|move|p2a: Zamazenta|Wide Guard|p2a: Zamazenta\n|-singleturn|p2a: Zamazenta|Wide Guard\n|move|p1b: Kyogre|Hydro Pump|p2b: Incineroar|[miss]\n|-miss|p1b: Kyogre|p2b: Incineroar\n|move|p2b: Incineroar|Taunt|p1a: Indeedee\n|-start|p1a: Indeedee|move: Taunt\n|cant|p1a: Indeedee|move: Taunt|Trick Room\n|\n|-weather|RainDance|[upkeep]\n|upkeep\n|turn|2\n|\n|t:|1772014307\n|switch|p1a: Calyrex|Calyrex-Ice, L50|100/100\n|-ability|p1a: Calyrex|As One\n|-ability|p1a: Calyrex|Unnerve\n|-terastallize|p2b: Incineroar|Grass\n|move|p1b: Kyogre|Hydro Pump|p2a: Zamazenta|[miss]\n|-miss|p1b: Kyogre|p2a: Zamazenta\n|move|p2a: Zamazenta|Body Press|p1b: Kyogre\n|-damage|p1b: Kyogre|19/100\n|move|p2b: Incineroar|Taunt|p1a: Calyrex\n|-start|p1a: Calyrex|move: Taunt\n|\n|-weather|RainDance|[upkeep]\n|upkeep\n|turn|3\n|inactive|EllenJoe2026 has 30 seconds left.\n|\n|t:|1772014337\n|-terastallize|p1a: Calyrex|Fairy\n|move|p2a: Zamazenta|Wide Guard|p2a: Zamazenta\n|-singleturn|p2a: Zamazenta|Wide Guard\n|move|p1b: Kyogre|Hydro Pump|p2a: Zamazenta\n|-damage|p2a: Zamazenta|35/100\n|move|p2b: Incineroar|Knock Off|p1a: Calyrex\n|-resisted|p1a: Calyrex\n|-damage|p1a: Calyrex|90/100\n|-enditem|p1a: Calyrex|Leftovers|[from] move: Knock Off|[of] p2b: Incineroar\n|move|p1a: Calyrex|Glacial Lance|p2b: Incineroar|[spread] \n|-activate|p2a: Zamazenta|move: Wide Guard\n|-activate|p2b: Incineroar|move: Wide Guard\n|\n|-weather|RainDance|[upkeep]\n|upkeep\n|turn|4\n|inactive|kojimuranishi has 30 seconds left.\n|\n|t:|1772014366\n|move|p2a: Zamazenta|Protect||[still]\n|-fail|p2a: Zamazenta\n|move|p1b: Kyogre|Hydro Pump|p2a: Zamazenta\n|-damage|p2a: Zamazenta|0 fnt\n|faint|p2a: Zamazenta\n|move|p2b: Incineroar|Parting Shot|p1b: Kyogre\n|-unboost|p1b: Kyogre|atk|1\n|-unboost|p1b: Kyogre|spa|1\n|\n|t:|1772014372\n|switch|p2b: Rillaboom|Rillaboom, L50, F, shiny|100/100|[from] Parting Shot\n|-fieldstart|move: Grassy Terrain|[from] ability: Grassy Surge|[of] p2b: Rillaboom\n|move|p1a: Calyrex|Glacial Lance|p2b: Rillaboom\n|-supereffective|p2b: Rillaboom\n|-damage|p2b: Rillaboom|0 fnt\n|faint|p2b: Rillaboom\n|-ability|p1a: Calyrex|Chilling Neigh|boost\n|-boost|p1a: Calyrex|atk|1\n|\n|-weather|RainDance|[upkeep]\n|-heal|p1b: Kyogre|25/100|[from] Grassy Terrain\n|-heal|p1a: Calyrex|96/100|[from] Grassy Terrain\n|-end|p1a: Calyrex|move: Taunt\n|upkeep\n|\n|t:|1772014376\n|switch|p2a: Incineroar|Incineroar, L50, F, shiny, tera:Grass|100/100\n|switch|p2b: Calyrex|Calyrex-Shadow, L50|100/100\n|-ability|p2b: Calyrex|As One\n|-ability|p2b: Calyrex|Unnerve\n|-ability|p2a: Incineroar|Intimidate|boost\n|-unboost|p1a: Calyrex|atk|1\n|-unboost|p1b: Kyogre|atk|1\n|turn|5\n|inactive|EllenJoe2026 has 30 seconds left.\n|\n|t:|1772014407\n|switch|p1b: Indeedee|Indeedee-F, L50, F|100/100\n|-fieldstart|move: Psychic Terrain|[from] ability: Psychic Surge|[of] p1b: Indeedee\n|move|p2b: Calyrex|Nasty Plot|p2b: Calyrex\n|-boost|p2b: Calyrex|spa|2\n|move|p2a: Incineroar|Taunt|p1a: Calyrex\n|-start|p1a: Calyrex|move: Taunt\n|move|p1a: Calyrex|Glacial Lance|p2b: Calyrex|[spread] p2a,p2b\n|-supereffective|p2a: Incineroar\n|-damage|p2a: Incineroar|32/100\n|-damage|p2b: Calyrex|44/100\n|\n|-weather|none\n|upkeep\n|turn|6\n|inactive|kojimuranishi has 30 seconds left.\n|\n|t:|1772014437\n|move|p1b: Indeedee|Follow Me|p1b: Indeedee\n|-singleturn|p1b: Indeedee|move: Follow Me\n|move|p2b: Calyrex|Astral Barrage|p1b: Indeedee|[spread] p1a\n|-immune|p1b: Indeedee\n|-damage|p1a: Calyrex|19/100\n|move|p2a: Incineroar|Knock Off|p1b: Indeedee\n|-supereffective|p1b: Indeedee\n|-damage|p1b: Indeedee|23/100\n|-damage|p2a: Incineroar|16/100|[from] item: Rocky Helmet|[of] p1b: Indeedee\n|-enditem|p1b: Indeedee|Rocky Helmet|[from] move: Knock Off|[of] p2a: Incineroar\n|move|p1a: Calyrex|Glacial Lance|p2b: Calyrex|[spread] p2a,p2b\n|-supereffective|p2a: Incineroar\n|-damage|p2a: Incineroar|0 fnt\n|-damage|p2b: Calyrex|0 fnt\n|faint|p2a: Incineroar\n|faint|p2b: Calyrex\n|\n|win|kojimuranishi\n|raw|kojimuranishi's rating: 1485 &rarr; <strong>1505</strong><br />(+20 for winning)\n|raw|EllenJoe2026's rating: 1487 &rarr; <strong>1467</strong><br />(-20 for losing)\n|l|\u2606EllenJoe2026\n|player|p2|\n|l|\u2606kojimuranishi\n|player|p1|\n","uploadtime":1772014619,"views":18,"formatid":"gen9vgc2026regi","rating":1467,"private":0,"password":null}