{"id":"gen9vgc2026regi-2561211493","format":"[Gen 9] VGC 2026 Reg I","players":["caarlos.g_7","CHR1SPHX"],"log":"|j|\u2606caarlos.g_7\n|j|\u2606CHR1SPHX\n|t:|1773773914\n|gametype|doubles\n|player|p1|caarlos.g_7|grimsley|1367\n|player|p2|CHR1SPHX|hilbert|1427\n|gen|9\n|tier|[Gen 9] VGC 2026 Reg I\n|rated|\n|rule|Species Clause: Limit one of each Pok\u00e9mon\n|rule|Item Clause: Limit 1 of each item\n|clearpoke\n|poke|p1|Flutter Mane, L50|\n|poke|p1|Amoonguss, L50, M|\n|poke|p1|Kyogre, L50|\n|poke|p1|Calyrex-Ice, L50|\n|poke|p1|Smeargle, L50, F|\n|poke|p1|Incineroar, L50, M|\n|poke|p2|Flutter Mane, L50|\n|poke|p2|Incineroar, L50, M|\n|poke|p2|Ursaluna-Bloodmoon, L50, M|\n|poke|p2|Amoonguss, L50, M|\n|poke|p2|Koraidon, L50|\n|poke|p2|Lunala, L50|\n|teampreview|4\n|inactive|Battle timer is ON: inactive players will automatically lose when time's up. (requested by CHR1SPHX)\n|inactive|caarlos.g_7 also wants the timer to be on.\nCHR1SPHX rejected open team sheets.\n|\n|t:|1773773940\n|teamsize|p1|4\n|teamsize|p2|4\n|start\n|switch|p1a: Calyrex|Calyrex-Ice, L50|100/100\n|switch|p1b: Incineroar|Incineroar, L50, M|100/100\n|switch|p2a: Incineroar|Incineroar, L50, M|100/100\n|switch|p2b: Lunala|Lunala, L50, shiny|100/100\n|-ability|p1a: Calyrex|As One\n|-ability|p1a: Calyrex|Unnerve\n|-ability|p1b: Incineroar|Intimidate|boost\n|-unboost|p2a: Incineroar|atk|1\n|-unboost|p2b: Lunala|atk|1\n|-ability|p2a: Incineroar|Intimidate|boost\n|-unboost|p1a: Calyrex|atk|1\n|-unboost|p1b: Incineroar|atk|1\n|turn|1\n|inactive|caarlos.g_7 has 30 seconds left.\n|inactive|CHR1SPHX has 30 seconds left.\n|\n|t:|1773773971\n|-terastallize|p1a: Calyrex|Fairy\n|move|p2b: Lunala|Wide Guard|p2b: Lunala\n|-singleturn|p2b: Lunala|Wide Guard\n|move|p1b: Incineroar|Fake Out|p2a: Incineroar\n|-damage|p2a: Incineroar|93/100\n|move|p1a: Calyrex|Leech Seed|p2b: Lunala\n|-start|p2b: Lunala|move: Leech Seed\n|cant|p2a: Incineroar|flinch\n|\n|-damage|p2b: Lunala|88/100|[from] Leech Seed|[of] p1a: Calyrex\n|upkeep\n|turn|2\n|inactive|caarlos.g_7 has 30 seconds left.\n|inactive|CHR1SPHX has 30 seconds left.\n|\n|t:|1773774001\n|switch|p1a: Smeargle|Smeargle, L50, F|100/100\n|move|p2b: Lunala|Moongeist Beam|p1a: Smeargle\n|-immune|p1a: Smeargle\n|move|p1b: Incineroar|U-turn|p2a: Incineroar\n|-damage|p2a: Incineroar|81/100\n|\n|t:|1773774010\n|switch|p1b: Calyrex|Calyrex-Ice, L50, tera:Fairy|100/100|[from] U-turn\n|-ability|p1b: Calyrex|As One\n|-ability|p1b: Calyrex|Unnerve\n|move|p2a: Incineroar|Parting Shot|p1a: Smeargle\n|-unboost|p1a: Smeargle|atk|1\n|-unboost|p1a: Smeargle|spa|1\n|\n|t:|1773774016\n|switch|p2a: Koraidon|Koraidon, L50|100/100|[from] Parting Shot\n|-weather|SunnyDay|[from] ability: Orichalcum Pulse|[of] p2a: Koraidon\n|-activate|p2a: Koraidon|Orichalcum Pulse|[source]\n|\n|-weather|SunnyDay|[upkeep]\n|-damage|p2b: Lunala|75/100|[from] Leech Seed|[of] p1a: Smeargle\n|-ability|p1a: Smeargle|Moody|boost\n|-boost|p1a: Smeargle|def|2\n|-unboost|p1a: Smeargle|spd|1\n|upkeep\n|turn|3\n|inactive|caarlos.g_7 has 30 seconds left.\n|\n|t:|1773774042\n|switch|p2b: Incineroar|Incineroar, L50, M|81/100\n|-ability|p2b: Incineroar|Intimidate|boost\n|-unboost|p1a: Smeargle|atk|1\n|-unboost|p1b: Calyrex|atk|1\n|move|p2a: Koraidon|Protect|p2a: Koraidon\n|-singleturn|p2a: Koraidon|Protect\n|move|p1a: Smeargle|Follow Me|p1a: Smeargle\n|-singleturn|p1a: Smeargle|move: Follow Me\n|move|p1b: Calyrex|Trick Room|p1b: Calyrex\n|-fieldstart|move: Trick Room|[of] p1b: Calyrex\n|\n|-weather|SunnyDay|[upkeep]\n|-ability|p1a: Smeargle|Moody|boost\n|-boost|p1a: Smeargle|spa|2\n|-unboost|p1a: Smeargle|spe|1\n|upkeep\n|turn|4\n|\n|t:|1773774065\n|-terastallize|p2a: Koraidon|Fire\n|move|p2b: Incineroar|Fake Out|p1b: Calyrex\n|-damage|p1b: Calyrex|94/100\n|move|p1a: Smeargle|Spore|p2a: Koraidon\n|-status|p2a: Koraidon|slp|[from] move: Spore\n|cant|p1b: Calyrex|flinch\n|cant|p2a: Koraidon|slp\n|\n|-weather|SunnyDay|[upkeep]\n|-heal|p1b: Calyrex|99/100|[from] item: Leftovers\n|-ability|p1a: Smeargle|Moody|boost\n|-boost|p1a: Smeargle|atk|2\n|-unboost|p1a: Smeargle|spa|1\n|upkeep\n|turn|5\n|\n|t:|1773774080\n|move|p1a: Smeargle|Decorate|p1b: Calyrex\n|-boost|p1b: Calyrex|atk|2\n|-boost|p1b: Calyrex|spa|2\n|move|p2b: Incineroar|Parting Shot|p1b: Calyrex\n|-unboost|p1b: Calyrex|atk|1\n|-unboost|p1b: Calyrex|spa|1\n|\n|t:|1773774086\n|switch|p2b: Lunala|Lunala, L50, shiny|75/100|[from] Parting Shot\n|move|p1b: Calyrex|Leech Seed|p2a: Koraidon\n|-start|p2a: Koraidon|move: Leech Seed\n|-curestatus|p2a: Koraidon|slp|[msg]\n|move|p2a: Koraidon|Flare Blitz|p1b: Calyrex\n|-damage|p1b: Calyrex|25/100\n|-damage|p2a: Koraidon|75/100|[from] Recoil\n|\n|-weather|SunnyDay|[upkeep]\n|-heal|p1b: Calyrex|31/100|[from] item: Leftovers\n|-damage|p2a: Koraidon|63/100|[from] Leech Seed|[of] p1b: Calyrex\n|-heal|p1b: Calyrex|43/100|[silent]\n|-ability|p1a: Smeargle|Moody|boost\n|-boost|p1a: Smeargle|def|2\n|-unboost|p1a: Smeargle|spd|1\n|upkeep\n|turn|6\n|inactive|caarlos.g_7 has 30 seconds left.\n|\n|t:|1773774117\n|switch|p2b: Incineroar|Incineroar, L50, M|81/100\n|-ability|p2b: Incineroar|Intimidate|boost\n|-unboost|p1a: Smeargle|atk|1\n|-unboost|p1b: Calyrex|atk|1\n|move|p1b: Calyrex|Protect|p1b: Calyrex\n|-singleturn|p1b: Calyrex|Protect\n|move|p2a: Koraidon|Protect|p2a: Koraidon\n|-singleturn|p2a: Koraidon|Protect\n|move|p1a: Smeargle|Spore|p2a: Koraidon\n|-activate|p2a: Koraidon|move: Protect\n|\n|-weather|none\n|-heal|p1b: Calyrex|49/100|[from] item: Leftovers\n|-damage|p2a: Koraidon|51/100|[from] Leech Seed|[of] p1b: Calyrex\n|-heal|p1b: Calyrex|61/100|[silent]\n|-ability|p1a: Smeargle|Moody|boost\n|-boost|p1a: Smeargle|spd|2\n|-unboost|p1a: Smeargle|spa|1\n|upkeep\n|turn|7\n|\n|t:|1773774140\n|switch|p1b: Incineroar|Incineroar, L50, M|100/100\n|-ability|p1b: Incineroar|Intimidate|boost\n|-fail|p2a: Koraidon|unboost|[from] item: Clear Amulet|[of] p2a: Koraidon\n|-unboost|p2b: Incineroar|atk|1\n|move|p2b: Incineroar|Fake Out|p1a: Smeargle\n|-damage|p1a: Smeargle|96/100\n|cant|p1a: Smeargle|flinch\n|move|p2a: Koraidon|Flare Blitz|p1b: Incineroar\n|-resisted|p1b: Incineroar\n|-damage|p1b: Incineroar|71/100\n|-damage|p2a: Koraidon|41/100|[from] Recoil\n|\n|-damage|p2a: Koraidon|29/100|[from] Leech Seed|[of] p1b: Incineroar\n|-heal|p1b: Incineroar|83/100|[silent]\n|-fieldend|move: Trick Room\n|-ability|p1a: Smeargle|Moody|boost\n|-boost|p1a: Smeargle|spe|2\n|-unboost|p1a: Smeargle|def|1\n|upkeep\n|turn|8\n|inactive|caarlos.g_7 has 30 seconds left.\n|inactive|caarlos.g_7 has 20 seconds left.\n|inactive|caarlos.g_7 has 15 seconds left.\n|\n|t:|1773774182\n|switch|p2a: Lunala|Lunala, L50, shiny|75/100\n|move|p1b: Incineroar|Fake Out|p2b: Incineroar\n|-damage|p2b: Incineroar|69/100\n|move|p1a: Smeargle|Spore|p2a: Lunala\n|-status|p2a: Lunala|slp|[from] move: Spore\n|cant|p2b: Incineroar|flinch\n|\n|-ability|p1a: Smeargle|Moody|boost\n|-boost|p1a: Smeargle|def|2\n|-unboost|p1a: Smeargle|spe|1\n|upkeep\n|turn|9\n|inactive|caarlos.g_7 has 30 seconds left.\n|inactive|CHR1SPHX has 30 seconds left.\n|\n|t:|1773774211\n|switch|p2a: Ursaluna|Ursaluna-Bloodmoon, L50, M|100/100\n|switch|p1a: Calyrex|Calyrex-Ice, L50, tera:Fairy|61/100\n|-ability|p1a: Calyrex|As One\n|-ability|p1a: Calyrex|Unnerve\n|move|p1b: Incineroar|Knock Off|p2a: Ursaluna\n|-damage|p2a: Ursaluna|66/100\n|-enditem|p2a: Ursaluna|Life Orb|[from] move: Knock Off|[of] p1b: Incineroar\n|move|p2b: Incineroar|Taunt|p1a: Calyrex\n|-start|p1a: Calyrex|move: Taunt\n|\n|-heal|p1a: Calyrex|67/100|[from] item: Leftovers\n|upkeep\n|turn|10\n|inactive|caarlos.g_7 has 30 seconds left.\n|\n|t:|1773774243\n|switch|p1a: Smeargle|Smeargle, L50, F|96/100\n|move|p2a: Ursaluna|Protect|p2a: Ursaluna\n|-singleturn|p2a: Ursaluna|Protect\n|move|p1b: Incineroar|U-turn|p2a: Ursaluna\n|-activate|p2a: Ursaluna|move: Protect\n|move|p2b: Incineroar|Parting Shot|p1a: Smeargle\n|-unboost|p1a: Smeargle|atk|1\n|-unboost|p1a: Smeargle|spa|1\n|\n|t:|1773774253\n|switch|p2b: Koraidon|Koraidon, L50, tera:Fire|29/100|[from] Parting Shot\n|-weather|SunnyDay|[from] ability: Orichalcum Pulse|[of] p2b: Koraidon\n|-activate|p2b: Koraidon|Orichalcum Pulse|[source]\n|\n|-weather|SunnyDay|[upkeep]\n|-ability|p1a: Smeargle|Moody|boost\n|-boost|p1a: Smeargle|spd|2\n|-unboost|p1a: Smeargle|spa|1\n|upkeep\n|turn|11\n|\n|t:|1773774267\n|switch|p2a: Incineroar|Incineroar, L50, M|69/100\n|-ability|p2a: Incineroar|Intimidate|boost\n|-unboost|p1a: Smeargle|atk|1\n|-unboost|p1b: Incineroar|atk|1\n|move|p2b: Koraidon|Protect|p2b: Koraidon\n|-singleturn|p2b: Koraidon|Protect\n|move|p1a: Smeargle|Fake Out|p2a: Incineroar\n|-damage|p2a: Incineroar|67/100\n|move|p1b: Incineroar|Knock Off|p2b: Koraidon\n|-activate|p2b: Koraidon|move: Protect\n|\n|-weather|SunnyDay|[upkeep]\n|-ability|p1a: Smeargle|Moody|boost\n|-boost|p1a: Smeargle|def|2\n|-unboost|p1a: Smeargle|spd|1\n|upkeep\n|turn|12\n|\n|t:|1773774282\n|switch|p1a: Kyogre|Kyogre, L50|100/100\n|-weather|RainDance|[from] ability: Drizzle|[of] p1a: Kyogre\n|move|p2a: Incineroar|Fake Out|p1a: Kyogre\n|-damage|p1a: Kyogre|91/100\n|move|p2b: Koraidon|Collision Course|p1b: Incineroar\n|-supereffective|p1b: Incineroar\n|-damage|p1b: Incineroar|0 fnt\n|faint|p1b: Incineroar\n|\n|-weather|RainDance|[upkeep]\n|upkeep\n|\n|t:|1773774296\n|switch|p1b: Calyrex|Calyrex-Ice, L50, tera:Fairy|67/100\n|-ability|p1b: Calyrex|As One\n|-ability|p1b: Calyrex|Unnerve\n|turn|13\n|inactive|caarlos.g_7 has 30 seconds left.\n|inactive|CHR1SPHX has 30 seconds left.\n|\n|t:|1773774329\n|switch|p1b: Smeargle|Smeargle, L50, F|96/100\n|switch|p2a: Ursaluna|Ursaluna-Bloodmoon, L50, M|66/100\n|move|p2b: Koraidon|Protect|p2b: Koraidon\n|-singleturn|p2b: Koraidon|Protect\n|move|p1a: Kyogre|Water Spout|p2a: Ursaluna|[spread] p2a\n|-activate|p2b: Koraidon|move: Protect\n|-supereffective|p2a: Ursaluna\n|-damage|p2a: Ursaluna|0 fnt\n|faint|p2a: Ursaluna\n|\n|-weather|RainDance|[upkeep]\n|-ability|p1b: Smeargle|Moody|boost\n|-boost|p1b: Smeargle|spe|2\n|-unboost|p1b: Smeargle|atk|1\n|upkeep\n|\n|t:|1773774335\n|switch|p2a: Incineroar|Incineroar, L50, M|67/100\n|-ability|p2a: Incineroar|Intimidate|boost\n|-unboost|p1a: Kyogre|atk|1\n|-unboost|p1b: Smeargle|atk|1\n|turn|14\n|\n|t:|1773774346\n|switch|p2b: Lunala|Lunala, L50, shiny|75/100 slp\n|move|p1b: Smeargle|Fake Out|p2b: Lunala\n|-immune|p2b: Lunala\n|move|p2a: Incineroar|Fake Out|p1a: Kyogre\n|-damage|p1a: Kyogre|81/100\n|cant|p1a: Kyogre|flinch\n|\n|-weather|RainDance|[upkeep]\n|-ability|p1b: Smeargle|Moody|boost\n|-boost|p1b: Smeargle|def|2\n|-unboost|p1b: Smeargle|spd|1\n|upkeep\n|turn|15\n|\n|t:|1773774362\n|switch|p2a: Koraidon|Koraidon, L50, tera:Fire|29/100\n|-weather|SunnyDay|[from] ability: Orichalcum Pulse|[of] p2a: Koraidon\n|-activate|p2a: Koraidon|Orichalcum Pulse|[source]\n|cant|p2b: Lunala|slp\n|move|p1b: Smeargle|Decorate|p1a: Kyogre\n|-boost|p1a: Kyogre|atk|2\n|-boost|p1a: Kyogre|spa|2\n|move|p1a: Kyogre|Water Spout|p2b: Lunala|[spread] p2a,p2b\n|-supereffective|p2a: Koraidon\n|-damage|p2a: Koraidon|0 fnt\n|-damage|p2b: Lunala|29/100 slp\n|faint|p2a: Koraidon\n|\n|-weather|SunnyDay|[upkeep]\n|-ability|p1b: Smeargle|Moody|boost\n|-boost|p1b: Smeargle|spe|2\n|-unboost|p1b: Smeargle|spa|1\n|upkeep\n|\n|t:|1773774371\n|switch|p2a: Incineroar|Incineroar, L50, M|67/100\n|-ability|p2a: Incineroar|Intimidate|boost\n|-unboost|p1a: Kyogre|atk|1\n|-unboost|p1b: Smeargle|atk|1\n|turn|16\n|\n|t:|1773774393\n|move|p1a: Kyogre|Protect|p1a: Kyogre\n|-singleturn|p1a: Kyogre|Protect\n|move|p2a: Incineroar|Fake Out|p1a: Kyogre\n|-activate|p1a: Kyogre|move: Protect\n|move|p1b: Smeargle|Decorate|p1a: Kyogre\n|-boost|p1a: Kyogre|atk|2\n|-boost|p1a: Kyogre|spa|2\n|cant|p2b: Lunala|slp\n|\n|-weather|SunnyDay|[upkeep]\n|-ability|p1b: Smeargle|Moody|boost\n|-boost|p1b: Smeargle|def|2\n|-unboost|p1b: Smeargle|spd|1\n|upkeep\n|turn|17\n|\n|t:|1773774408\n|cant|p2b: Lunala|slp\n|move|p1b: Smeargle|Follow Me|p1b: Smeargle\n|-singleturn|p1b: Smeargle|move: Follow Me\n|move|p1a: Kyogre|Water Spout|p2a: Incineroar|[spread] p2a,p2b\n|-supereffective|p2a: Incineroar\n|-damage|p2a: Incineroar|0 fnt\n|-damage|p2b: Lunala|0 fnt\n|faint|p2a: Incineroar\n|faint|p2b: Lunala\n|\n|win|caarlos.g_7\n|raw|caarlos.g_7's rating: 1367 &rarr; <strong>1389</strong><br />(+22 for winning)\n|raw|CHR1SPHX's rating: 1401 &rarr; <strong>1379</strong><br />(-22 for losing)\n|l|\u2606CHR1SPHX\n|player|p2|\n|l|\u2606caarlos.g_7\n|player|p1|\n","uploadtime":1773774681,"views":11,"formatid":"gen9vgc2026regi","rating":1379,"private":0,"password":null}