{"id":"gen9vgc2026regi-2522435827","format":"[Gen 9] VGC 2026 Reg I","players":["xiaoliyunVGC","Cuongf"],"log":"|j|\u2606xiaoliyunVGC\n|j|\u2606Cuongf\n|t:|1768907452\n|gametype|doubles\n|player|p1|xiaoliyunVGC|liko|1206\n|player|p2|Cuongf|cynthia-masters|1197\n|gen|9\n|tier|[Gen 9] VGC 2026 Reg I\n|rated|\n|rule|Species Clause: Limit one of each Pok\u00e9mon\n|rule|Item Clause: Limit 1 of each item\n|clearpoke\n|poke|p1|Zamazenta-*, L50|\n|poke|p1|Kyogre, L50|\n|poke|p1|Raichu, L50, F|\n|poke|p1|Flutter Mane, L50|\n|poke|p1|Tornadus, L50, M|\n|poke|p1|Kingambit, L50, M|\n|poke|p2|Miraidon, L50|\n|poke|p2|Landorus-Therian, L50, M|\n|poke|p2|Rillaboom, L50, F|\n|poke|p2|Heatran, L50, M|\n|poke|p2|Amoonguss, L50, F|\n|poke|p2|Flutter Mane, L50|\n|teampreview|4\n|inactive|Battle timer is ON: inactive players will automatically lose when time's up. (requested by xiaoliyunVGC)\n|\n|t:|1768907482\n|teamsize|p1|4\n|teamsize|p2|4\n|start\n|switch|p1a: Kyogre|Kyogre, L50|100/100\n|switch|p1b: Raichu|Raichu, L50, F|100/100\n|switch|p2a: Miraidon|Miraidon, L50|100/100\n|switch|p2b: Amoonguss|Amoonguss, L50, F|100/100\n|-weather|RainDance|[from] ability: Drizzle|[of] p1a: Kyogre\n|-fieldstart|move: Electric Terrain|[from] ability: Hadron Engine|[of] p2a: Miraidon\n|turn|1\n|\n|t:|1768907500\n|move|p1b: Raichu|Fake Out|p2a: Miraidon\n|-damage|p2a: Miraidon|91/100\n|move|p2b: Amoonguss|Rage Powder|p2b: Amoonguss\n|-singleturn|p2b: Amoonguss|move: Rage Powder\n|move|p1a: Kyogre|Ice Beam|p2b: Amoonguss\n|-supereffective|p2b: Amoonguss\n|-damage|p2b: Amoonguss|37/100\n|cant|p2a: Miraidon|flinch\n|\n|-weather|RainDance|[upkeep]\n|upkeep\n|turn|2\n|\n|t:|1768907525\n|move|p1b: Raichu|Feint|p2b: Amoonguss\n|-damage|p2b: Amoonguss|32/100\n|move|p1a: Kyogre|Ice Beam|p2b: Amoonguss\n|-supereffective|p2b: Amoonguss\n|-damage|p2b: Amoonguss|0 fnt\n|faint|p2b: Amoonguss\n|move|p2a: Miraidon|Draco Meteor|p1a: Kyogre\n|-damage|p1a: Kyogre|0 fnt\n|-unboost|p2a: Miraidon|spa|2\n|faint|p1a: Kyogre\n|\n|-weather|RainDance|[upkeep]\n|upkeep\n|\n|t:|1768907540\n|switch|p1a: Zamazenta|Zamazenta-Crowned, L50, shiny|100/100\n|switch|p2b: Rillaboom|Rillaboom, L50, F|100/100\n|-ability|p1a: Zamazenta|Dauntless Shield|boost\n|-boost|p1a: Zamazenta|def|1\n|-fieldstart|move: Grassy Terrain|[from] ability: Grassy Surge|[of] p2b: Rillaboom\n|turn|3\n|\n|t:|1768907550\n|switch|p2a: Heatran|Heatran, L50, M|100/100\n|switch|p1b: Kingambit|Kingambit, L50, M|100/100\n|move|p2b: Rillaboom|Fake Out|p1a: Zamazenta\n|-resisted|p1a: Zamazenta\n|-damage|p1a: Zamazenta|98/100\n|cant|p1a: Zamazenta|flinch\n|\n|-weather|RainDance|[upkeep]\n|-heal|p1a: Zamazenta|100/100|[from] Grassy Terrain\n|upkeep\n|turn|4\n|\n|t:|1768907566\n|-terastallize|p1a: Zamazenta|Fighting\n|move|p1a: Zamazenta|Body Press|p2a: Heatran\n|-supereffective|p2a: Heatran\n|-damage|p2a: Heatran|0 fnt\n|faint|p2a: Heatran\n|move|p2b: Rillaboom|U-turn|p1b: Kingambit\n|-damage|p1b: Kingambit|83/100\n|\n|t:|1768907569\n|switch|p2b: Miraidon|Miraidon, L50|91/100|[from] U-turn\n|-fieldstart|move: Electric Terrain|[from] ability: Hadron Engine|[of] p2b: Miraidon\n|move|p1b: Kingambit|Iron Head|p2b: Miraidon\n|-resisted|p2b: Miraidon\n|-damage|p2b: Miraidon|57/100\n|\n|-weather|RainDance|[upkeep]\n|upkeep\n|\n|t:|1768907571\n|switch|p2a: Rillaboom|Rillaboom, L50, F|100/100\n|-fieldstart|move: Grassy Terrain|[from] ability: Grassy Surge|[of] p2a: Rillaboom\n|turn|5\n|\n|t:|1768907590\n|-terastallize|p2b: Miraidon|Electric\n|move|p1a: Zamazenta|Protect|p1a: Zamazenta\n|-singleturn|p1a: Zamazenta|Protect\n|move|p2b: Miraidon|Electro Drift|p1a: Zamazenta\n|-activate|p1a: Zamazenta|move: Protect\n|move|p2a: Rillaboom|Wood Hammer|p1b: Kingambit\n|-resisted|p1b: Kingambit\n|-damage|p1b: Kingambit|51/100\n|-damage|p2a: Rillaboom|90/100|[from] Recoil\n|move|p1b: Kingambit|Iron Head|p2a: Rillaboom\n|-damage|p2a: Rillaboom|24/100\n|\n|-weather|none\n|-heal|p2b: Miraidon|63/100|[from] Grassy Terrain\n|-heal|p2a: Rillaboom|30/100|[from] Grassy Terrain\n|-heal|p1b: Kingambit|57/100|[from] Grassy Terrain\n|upkeep\n|turn|6\n|\n|t:|1768907607\n|switch|p1b: Raichu|Raichu, L50, F|100/100\n|move|p2b: Miraidon|Electro Drift|p1b: Raichu\n|-activate|p1b: Raichu|ability: Lightning Rod\n|-ability|p1b: Raichu|Lightning Rod|boost\n|-boost|p1b: Raichu|spa|1\n|move|p1a: Zamazenta|Body Press|p2a: Rillaboom\n|-damage|p2a: Rillaboom|0 fnt\n|faint|p2a: Rillaboom\n|\n|-heal|p2b: Miraidon|68/100|[from] Grassy Terrain\n|upkeep\n|turn|7\n|-message|Cuongf forfeited.\n|\n|win|xiaoliyunVGC\n|raw|xiaoliyunVGC's rating: 1206 &rarr; <strong>1230</strong><br />(+24 for winning)\n|raw|Cuongf's rating: 1197 &rarr; <strong>1173</strong><br />(-24 for losing)\n|l|\u2606Cuongf\n|player|p2|\n|l|\u2606xiaoliyunVGC\n|player|p1|\n","uploadtime":1768907838,"views":14,"formatid":"gen9vgc2026regi","rating":1173,"private":0,"password":null}