{"id":"gen9vgc2026regi-2545993316","format":"[Gen 9] VGC 2026 Reg I","players":["no89","EllenJoe2026"],"log":"|j|\u2606no89\n|j|\u2606EllenJoe2026\n|t:|1771910603\n|gametype|doubles\n|player|p1|no89|pokemonbreeder-gen4|1422\n|player|p2|EllenJoe2026|iono|1501\n|gen|9\n|tier|[Gen 9] VGC 2026 Reg I\n|rated|\n|rule|Species Clause: Limit one of each Pok\u00e9mon\n|rule|Item Clause: Limit 1 of each item\n|clearpoke\n|poke|p1|Ho-Oh, L50|\n|poke|p1|Zamazenta-*, L50|\n|poke|p1|Rillaboom, L50, F|\n|poke|p1|Ogerpon-Cornerstone, L50, F|\n|poke|p1|Flutter Mane, L50|\n|poke|p1|Chi-Yu, L50|\n|poke|p2|Calyrex-Shadow, L50|\n|poke|p2|Zamazenta-*, L50|\n|poke|p2|Incineroar, L50, F|\n|poke|p2|Rillaboom, L50, F|\n|poke|p2|Ogerpon-Cornerstone, L50, F|\n|poke|p2|Tornadus, L50, M|\n|teampreview|4\n|inactive|Battle timer is ON: inactive players will automatically lose when time's up. (requested by EllenJoe2026)\n|inactive|EllenJoe2026 has 60 seconds left.\n|\n|t:|1771910635\n|teamsize|p1|4\n|teamsize|p2|4\n|start\n|switch|p1a: Chi-Yu|Chi-Yu, L50|100/100\n|switch|p1b: Ogerpon|Ogerpon-Cornerstone, L50, F|100/100\n|switch|p2a: Zamazenta|Zamazenta-Crowned, L50, shiny|100/100\n|switch|p2b: Ogerpon|Ogerpon-Cornerstone, L50, F|100/100\n|-ability|p1a: Chi-Yu|Beads of Ruin\n|-ability|p2a: Zamazenta|Dauntless Shield|boost\n|-boost|p2a: Zamazenta|def|1\n|turn|1\n|\n|t:|1771910644\n|move|p1b: Ogerpon|Spiky Shield|p1b: Ogerpon\n|-singleturn|p1b: Ogerpon|move: Protect\n|move|p2b: Ogerpon|Spiky Shield|p2b: Ogerpon\n|-singleturn|p2b: Ogerpon|move: Protect\n|move|p1a: Chi-Yu|Protect|p1a: Chi-Yu\n|-singleturn|p1a: Chi-Yu|Protect\n|move|p2a: Zamazenta|Protect||[still]\n|-fail|p2a: Zamazenta\n|\n|upkeep\n|turn|2\n|\n|t:|1771910668\n|-terastallize|p2a: Zamazenta|Dragon\n|move|p1b: Ogerpon|Follow Me|p1b: Ogerpon\n|-singleturn|p1b: Ogerpon|move: Follow Me\n|move|p2b: Ogerpon|Ivy Cudgel|p1b: Ogerpon|[anim] Ivy Cudgel Rock\n|-damage|p1b: Ogerpon|19/100\n|move|p1a: Chi-Yu|Heat Wave|p2a: Zamazenta|[spread] p2a,p2b\n|-resisted|p2a: Zamazenta\n|-damage|p2a: Zamazenta|82/100\n|-damage|p2b: Ogerpon|35/100\n|move|p2a: Zamazenta|Body Press|p1b: Ogerpon\n|-supereffective|p1b: Ogerpon\n|-damage|p1b: Ogerpon|0 fnt\n|faint|p1b: Ogerpon\n|\n|upkeep\n|\n|t:|1771910685\n|switch|p1b: Flutter Mane|Flutter Mane, L50|100/100\n|-enditem|p1b: Flutter Mane|Booster Energy\n|-activate|p1b: Flutter Mane|ability: Protosynthesis|[fromitem]\n|-start|p1b: Flutter Mane|protosynthesisspe\n|turn|3\n|\n|t:|1771910706\n|move|p2b: Ogerpon|Follow Me|p2b: Ogerpon\n|-singleturn|p2b: Ogerpon|move: Follow Me\n|move|p1b: Flutter Mane|Icy Wind|p2a: Zamazenta|[spread] p2a,p2b\n|-supereffective|p2a: Zamazenta\n|-supereffective|p2b: Ogerpon\n|-damage|p2a: Zamazenta|57/100\n|-damage|p2b: Ogerpon|0 fnt\n|-unboost|p2a: Zamazenta|spe|1\n|faint|p2b: Ogerpon\n|move|p1a: Chi-Yu|Snarl|p2a: Zamazenta\n|-damage|p2a: Zamazenta|28/100\n|-unboost|p2a: Zamazenta|spa|1\n|move|p2a: Zamazenta|Heavy Slam|p1b: Flutter Mane\n|-supereffective|p1b: Flutter Mane\n|-damage|p1b: Flutter Mane|0 fnt\n|faint|p1b: Flutter Mane\n|-end|p1b: Flutter Mane|Protosynthesis|[silent]\n|\n|upkeep\n|\n|t:|1771910720\n|switch|p1b: Ho-Oh|Ho-Oh, L50|100/100\n|switch|p2b: Incineroar|Incineroar, L50, F, shiny|100/100\n|-ability|p2b: Incineroar|Intimidate|boost\n|-unboost|p1a: Chi-Yu|atk|1\n|-fail|p1b: Ho-Oh|unboost|[from] item: Clear Amulet|[of] p1b: Ho-Oh\n|turn|4\n|inactive|no89 has 30 seconds left.\n|\n|t:|1771910746\n|move|p1a: Chi-Yu|Protect|p1a: Chi-Yu\n|-singleturn|p1a: Chi-Yu|Protect\n|move|p2a: Zamazenta|Protect|p2a: Zamazenta\n|-singleturn|p2a: Zamazenta|Protect\n|move|p1b: Ho-Oh|Tailwind|p1b: Ho-Oh\n|-sidestart|p1: no89|move: Tailwind\n|move|p2b: Incineroar|Knock Off|p1b: Ho-Oh\n|-damage|p1b: Ho-Oh|72/100\n|-enditem|p1b: Ho-Oh|Clear Amulet|[from] move: Knock Off|[of] p2b: Incineroar\n|\n|upkeep\n|turn|5\n|\n|t:|1771910765\n|move|p2a: Zamazenta|Wide Guard|p2a: Zamazenta\n|-singleturn|p2a: Zamazenta|Wide Guard\n|move|p1a: Chi-Yu|Snarl|p2a: Zamazenta|[spread] \n|-activate|p2a: Zamazenta|move: Wide Guard\n|-activate|p2b: Incineroar|move: Wide Guard\n|move|p1b: Ho-Oh|Brave Bird|p2a: Zamazenta\n|-damage|p2a: Zamazenta|8/100\n|-damage|p1b: Ho-Oh|65/100|[from] Recoil\n|move|p2b: Incineroar|Parting Shot|p1a: Chi-Yu\n|-unboost|p1a: Chi-Yu|atk|1\n|-unboost|p1a: Chi-Yu|spa|1\n|\n|t:|1771910778\n|switch|p2b: Calyrex|Calyrex-Shadow, L50|100/100|[from] Parting Shot\n|-ability|p2b: Calyrex|As One\n|-ability|p2b: Calyrex|Unnerve\n|\n|upkeep\n|turn|6\n|\n|t:|1771910790\n|switch|p2a: Incineroar|Incineroar, L50, F, shiny|100/100\n|-ability|p2a: Incineroar|Intimidate|boost\n|-unboost|p1a: Chi-Yu|atk|1\n|-unboost|p1b: Ho-Oh|atk|1\n|move|p2b: Calyrex|Protect|p2b: Calyrex\n|-singleturn|p2b: Calyrex|Protect\n|move|p1a: Chi-Yu|Snarl|p2a: Incineroar|[spread] p2a\n|-activate|p2b: Calyrex|move: Protect\n|-resisted|p2a: Incineroar\n|-damage|p2a: Incineroar|92/100\n|-unboost|p2a: Incineroar|spa|1\n|move|p1b: Ho-Oh|Brave Bird|p2a: Incineroar\n|-damage|p2a: Incineroar|61/100\n|-damage|p1b: Ho-Oh|55/100|[from] Recoil\n|\n|upkeep\n|turn|7\n|\n|t:|1771910807\n|move|p2a: Incineroar|Fake Out|p1a: Chi-Yu\n|-damage|p1a: Chi-Yu|83/100\n|move|p1a: Chi-Yu|Snarl|p2b: Calyrex|[spread] p2a,p2b\n|-resisted|p2a: Incineroar\n|-supereffective|p2b: Calyrex\n|-damage|p2a: Incineroar|52/100\n|-damage|p2b: Calyrex|23/100\n|-unboost|p2a: Incineroar|spa|1\n|-unboost|p2b: Calyrex|spa|1\n|move|p1b: Ho-Oh|Brave Bird|p2b: Calyrex\n|-damage|p2b: Calyrex|0 fnt\n|faint|p2b: Calyrex\n|-damage|p1b: Ho-Oh|49/100|[from] Recoil\n|\n|-sideend|p1: no89|move: Tailwind\n|upkeep\n|\n|t:|1771910816\n|switch|p2b: Zamazenta|Zamazenta-Crowned, L50, shiny, tera:Dragon|8/100\n|turn|8\n|\n|t:|1771910833\n|move|p1a: Chi-Yu|Protect|p1a: Chi-Yu\n|-singleturn|p1a: Chi-Yu|Protect\n|move|p2b: Zamazenta|Body Press|p1a: Chi-Yu\n|-activate|p1a: Chi-Yu|move: Protect\n|move|p1b: Ho-Oh|Tailwind|p1b: Ho-Oh\n|-sidestart|p1: no89|move: Tailwind\n|move|p2a: Incineroar|Knock Off|p1b: Ho-Oh\n|-damage|p1b: Ho-Oh|29/100\n|\n|upkeep\n|turn|9\n|\n|t:|1771910847\n|move|p2b: Zamazenta|Protect|p2b: Zamazenta\n|-singleturn|p2b: Zamazenta|Protect\n|move|p1a: Chi-Yu|Snarl|p2b: Zamazenta|[spread] p2a\n|-activate|p2b: Zamazenta|move: Protect\n|-resisted|p2a: Incineroar\n|-damage|p2a: Incineroar|43/100\n|-unboost|p2a: Incineroar|spa|1\n|move|p1b: Ho-Oh|Brave Bird|p2b: Zamazenta\n|-activate|p2b: Zamazenta|move: Protect\n|move|p2a: Incineroar|Knock Off|p1a: Chi-Yu\n|-resisted|p1a: Chi-Yu\n|-damage|p1a: Chi-Yu|50/100\n|-enditem|p1a: Chi-Yu|Covert Cloak|[from] move: Knock Off|[of] p2a: Incineroar\n|\n|upkeep\n|turn|10\n|\n|t:|1771910870\n|move|p2b: Zamazenta|Wide Guard|p2b: Zamazenta\n|-singleturn|p2b: Zamazenta|Wide Guard\n|move|p1a: Chi-Yu|Overheat|p2a: Incineroar\n|-resisted|p2a: Incineroar\n|-damage|p2a: Incineroar|14/100\n|-unboost|p1a: Chi-Yu|spa|2\n|move|p1b: Ho-Oh|Brave Bird|p2b: Zamazenta\n|-damage|p2b: Zamazenta|0 fnt\n|faint|p2b: Zamazenta\n|-damage|p1b: Ho-Oh|26/100|[from] Recoil\n|move|p2a: Incineroar|Knock Off|p1b: Ho-Oh\n|-damage|p1b: Ho-Oh|5/100\n|\n|upkeep\n|turn|11\n|-message|EllenJoe2026 forfeited.\n|\n|win|no89\n|raw|no89's rating: 1422 &rarr; <strong>1446</strong><br />(+24 for winning)\n|raw|EllenJoe2026's rating: 1501 &rarr; <strong>1477</strong><br />(-24 for losing)\n|l|\u2606EllenJoe2026\n|player|p2|\n|l|\u2606no89\n|player|p1|\n","uploadtime":1771911129,"views":13,"formatid":"gen9vgc2026regi","rating":1446,"private":0,"password":null}