{"id":"gen9vgc2026regi-2573793610","format":"[Gen 9] VGC 2026 Reg I","players":["Snowsquall brute","Mirthinion"],"log":"|j|\u2606Snowsquall brute\n|j|\u2606Mirthinion\n|t:|1775165514\n|gametype|doubles\n|player|p1|Snowsquall brute|veteran|1464\n|player|p2|Mirthinion|janitor|1536\n|gen|9\n|tier|[Gen 9] VGC 2026 Reg I\n|rated|\n|rule|Species Clause: Limit one of each Pok\u00e9mon\n|rule|Item Clause: Limit 1 of each item\n|clearpoke\n|poke|p1|Miraidon, L50|\n|poke|p1|Landorus-Therian, L50, M|\n|poke|p1|Kyogre, L50|\n|poke|p1|Iron Crown, L50|\n|poke|p2|Calyrex-Shadow, L50|\n|poke|p2|Zamazenta-*, L50|\n|poke|p2|Urshifu-*, L50, M|\n|poke|p2|Incineroar, L50, M|\n|poke|p2|Rillaboom, L50, M|\n|poke|p2|Tornadus, L50, M|\n|teampreview|4\n|inactive|Battle timer is ON: inactive players will automatically lose when time's up. (requested by Mirthinion)\n|j| darkmaikshark\nMirthinion rejected open team sheets.\n|inactive|Snowsquall brute has 60 seconds left.\n|inactive|Mirthinion has 60 seconds left.\n|inactive|Snowsquall brute has 30 seconds left.\n|\n|t:|1775165584\n|teamsize|p1|4\n|teamsize|p2|4\n|start\n|switch|p1a: Miraidon|Miraidon, L50|100/100\n|switch|p1b: Iron Crown|Iron Crown, L50|100/100\n|switch|p2a: Wolfgang|Incineroar, L50, M|100/100\n|switch|p2b: Drambor|Zamazenta-Crowned, L50|100/100\n|-ability|p2b: Drambor|Dauntless Shield|boost\n|-boost|p2b: Drambor|def|1\n|-fieldstart|move: Electric Terrain|[from] ability: Hadron Engine|[of] p1a: Miraidon\n|-enditem|p1a: Miraidon|Electric Seed\n|-boost|p1a: Miraidon|def|1|[from] item: Electric Seed\n|-activate|p1b: Iron Crown|ability: Quark Drive\n|-start|p1b: Iron Crown|quarkdrivespd\n|-ability|p2a: Wolfgang|Intimidate|boost\n|-unboost|p1a: Miraidon|atk|1\n|-unboost|p1b: Iron Crown|atk|1\n|turn|1\n|inactive|Mirthinion has 30 seconds left.\n|\n|t:|1775165611\n|-end|p1b: Iron Crown|Quark Drive|[silent]\n|switch|p1b: Landorus|Landorus-Therian, L50, M|100/100\n|-ability|p1b: Landorus|Intimidate|boost\n|-unboost|p2a: Wolfgang|atk|1\n|-unboost|p2b: Drambor|atk|1\n|switch|p2a: Hoplite|Rillaboom, L50, M|100/100\n|-fieldstart|move: Grassy Terrain|[from] ability: Grassy Surge|[of] p2a: Hoplite\n|-terastallize|p2b: Drambor|Grass\n|move|p1a: Miraidon|Protect|p1a: Miraidon\n|-singleturn|p1a: Miraidon|Protect\n|move|p2b: Drambor|Body Press|p1a: Miraidon\n|-activate|p1a: Miraidon|move: Protect\n|\n|upkeep\n|turn|2\n|\n|t:|1775165631\n|move|p2a: Hoplite|Fake Out|p1b: Landorus\n|-damage|p1b: Landorus|87/100\n|move|p2b: Drambor|Body Press|p1a: Miraidon\n|-damage|p1a: Miraidon|65/100\n|move|p1a: Miraidon|Calm Mind|p1a: Miraidon\n|-boost|p1a: Miraidon|spa|1\n|-boost|p1a: Miraidon|spd|1\n|cant|p1b: Landorus|flinch\n|\n|-heal|p1a: Miraidon|71/100|[from] Grassy Terrain\n|upkeep\n|turn|3\n|inactive|Snowsquall brute has 30 seconds left.\n|\n|t:|1775165657\n|switch|p2a: Wolfgang|Incineroar, L50, M|100/100\n|-ability|p2a: Wolfgang|Intimidate|boost\n|-unboost|p1a: Miraidon|atk|1\n|-unboost|p1b: Landorus|atk|1\n|move|p1a: Miraidon|Protect|p1a: Miraidon\n|-singleturn|p1a: Miraidon|Protect\n|move|p2b: Drambor|Body Press|p1a: Miraidon\n|-activate|p1a: Miraidon|move: Protect\n|move|p1b: Landorus|Rock Tomb|p2b: Drambor\n|-damage|p2b: Drambor|94/100\n|-unboost|p2b: Drambor|spe|1\n|\n|-heal|p1a: Miraidon|77/100|[from] Grassy Terrain\n|-heal|p2b: Drambor|99/100|[from] Grassy Terrain\n|upkeep\n|turn|4\n|\n|t:|1775165674\n|move|p2a: Wolfgang|Fake Out|p1a: Miraidon\n|-damage|p1a: Miraidon|70/100\n|cant|p1a: Miraidon|flinch\n|move|p2b: Drambor|Body Press|p1a: Miraidon\n|-damage|p1a: Miraidon|35/100\n|move|p1b: Landorus|U-turn|p2b: Drambor\n|-supereffective|p2b: Drambor\n|-damage|p2b: Drambor|83/100\n|inactive|Snowsquall brute has 30 seconds left.\n|\n|t:|1775165705\n|switch|p1b: Iron Crown|Iron Crown, L50|100/100|[from] U-turn\n|\n|-heal|p1a: Miraidon|41/100|[from] Grassy Terrain\n|-heal|p2b: Drambor|89/100|[from] Grassy Terrain\n|upkeep\n|turn|5\n|\n|t:|1775165719\n|-terastallize|p1a: Miraidon|Electric\n|move|p2b: Drambor|Protect|p2b: Drambor\n|-singleturn|p2b: Drambor|Protect\n|move|p1a: Miraidon|Parabolic Charge|p2b: Drambor|[spread] p1b,p2a\n|-activate|p2b: Drambor|move: Protect\n|-damage|p1b: Iron Crown|69/100\n|-heal|p1a: Miraidon|56/100|[from] drain|[of] p1b: Iron Crown\n|-damage|p2a: Wolfgang|72/100\n|-heal|p1a: Miraidon|70/100|[from] drain|[of] p2a: Wolfgang\n|move|p1b: Iron Crown|Future Sight|p2b: Drambor\n|-start|p1b: Iron Crown|move: Future Sight\n|move|p2a: Wolfgang|Parting Shot|p1b: Iron Crown\n|-unboost|p1b: Iron Crown|atk|1\n|-unboost|p1b: Iron Crown|spa|1\n|\n|t:|1775165734\n|switch|p2a: Mithrandir|Calyrex-Shadow, L50|100/100|[from] Parting Shot\n|-ability|p2a: Mithrandir|As One\n|-ability|p2a: Mithrandir|Unnerve\n|\n|-heal|p1a: Miraidon|76/100|[from] Grassy Terrain\n|-heal|p2b: Drambor|95/100|[from] Grassy Terrain\n|-heal|p1b: Iron Crown|75/100|[from] Grassy Terrain\n|-fieldend|move: Grassy Terrain\n|upkeep\n|turn|6\n|\n|t:|1775165748\n|-end|p1b: Iron Crown|Quark Drive|[silent]\n|switch|p1b: Landorus|Landorus-Therian, L50, M|87/100\n|-ability|p1b: Landorus|Intimidate|boost\n|-unboost|p2a: Mithrandir|atk|1\n|-unboost|p2b: Drambor|atk|1\n|move|p2b: Drambor|Wide Guard|p2b: Drambor\n|-singleturn|p2b: Drambor|Wide Guard\n|move|p2a: Mithrandir|Nasty Plot|p2a: Mithrandir\n|-boost|p2a: Mithrandir|spa|2\n|move|p1a: Miraidon|Parabolic Charge|p2b: Drambor|[spread] \n|-activate|p2a: Mithrandir|move: Wide Guard\n|-activate|p2b: Drambor|move: Wide Guard\n|-immune|p1b: Landorus\n|\n|upkeep\n|turn|7\n|-message|Snowsquall brute forfeited.\n|\n|win|Mirthinion\n|raw|Snowsquall brute's rating: 1442 &rarr; <strong>1427</strong><br />(-15 for losing)\n|raw|Mirthinion's rating: 1536 &rarr; <strong>1551</strong><br />(+15 for winning)\n|l|\u2606Snowsquall brute\n|player|p1|\n","uploadtime":1775165763,"views":44,"formatid":"gen9vgc2026regi","rating":1427,"private":0,"password":null}