{"id":"gen9vgc2026regi-2582554881","format":"[Gen 9] VGC 2026 Reg I","players":["WilMorfer","Sunny_zong3"],"log":"|j|\u2606WilMorfer\n|j|\u2606Sunny_zong3\n|t:|1776099065\n|gametype|doubles\n|player|p1|WilMorfer|crasherwake|1395\n|player|p2|Sunny_zong3|bugsy|1406\n|gen|9\n|tier|[Gen 9] VGC 2026 Reg I\n|rated|\n|rule|Species Clause: Limit one of each Pok\u00e9mon\n|rule|Item Clause: Limit 1 of each item\n|clearpoke\n|poke|p1|Calyrex-Ice, L50|\n|poke|p1|Scraggy, L50, F|\n|poke|p1|Miraidon, L50|\n|poke|p1|Farigiraf, L50, F|\n|poke|p1|Iron Treads, L50|\n|poke|p1|Iron Hands, L50|\n|poke|p2|Muk-Alola, L50, M|\n|poke|p2|Flamigo, L50, M|\n|poke|p2|Miraidon, L50|\n|poke|p2|Calyrex-Shadow, L50|\n|poke|p2|Indeedee, L50, M|\n|poke|p2|Smeargle, L50, M|\n|teampreview|4\n|inactive|Battle timer is ON: inactive players will automatically lose when time's up. (requested by Sunny_zong3)\n|\n|t:|1776099087\n|teamsize|p1|4\n|teamsize|p2|4\n|start\n|switch|p1a: Calyrex|Calyrex-Ice, L50|100/100\n|switch|p1b: Scraggy|Scraggy, L50, F|100/100\n|switch|p2a: Smeargle|Smeargle, L50, M|100/100\n|switch|p2b: Calyrex|Calyrex-Shadow, L50|100/100\n|-ability|p2b: Calyrex|As One\n|-ability|p2b: Calyrex|Unnerve\n|-ability|p1a: Calyrex|As One\n|-ability|p1a: Calyrex|Unnerve\n|-ability|p1b: Scraggy|Intimidate|boost\n|-unboost|p2a: Smeargle|atk|1\n|-unboost|p2b: Calyrex|atk|1\n|turn|1\n|\n|t:|1776099106\n|move|p1a: Calyrex|Protect|p1a: Calyrex\n|-singleturn|p1a: Calyrex|Protect\n|move|p2b: Calyrex|Astral Barrage|p1a: Calyrex|[spread] p1b\n|-activate|p1a: Calyrex|move: Protect\n|-resisted|p1b: Scraggy\n|-damage|p1b: Scraggy|77/100\n|move|p2a: Smeargle|Minimize|p2a: Smeargle\n|-boost|p2a: Smeargle|evasion|2\n|move|p1b: Scraggy|Foul Play|p2b: Calyrex\n|-supereffective|p2b: Calyrex\n|-damage|p2b: Calyrex|32/100\n|\n|-ability|p2a: Smeargle|Moody|boost\n|-boost|p2a: Smeargle|def|2\n|-unboost|p2a: Smeargle|spa|1\n|upkeep\n|turn|2\n|\n|t:|1776099126\n|switch|p1b: Miraidon|Miraidon, L50|100/100\n|-fieldstart|move: Electric Terrain|[from] ability: Hadron Engine|[of] p1b: Miraidon\n|-terastallize|p1a: Calyrex|Fire\n|move|p2b: Calyrex|Encore|p1a: Calyrex\n|-start|p1a: Calyrex|Encore\n|move|p2a: Smeargle|Spore|p1b: Miraidon\n|-activate|p1b: Miraidon|move: Electric Terrain\n|move|p1a: Calyrex|Protect||[still]\n|-fail|p1a: Calyrex\n|\n|-ability|p2a: Smeargle|Moody|boost\n|-boost|p2a: Smeargle|spe|2\n|-unboost|p2a: Smeargle|atk|1\n|upkeep\n|turn|3\n|\n|t:|1776099144\n|switch|p1a: Iron Hands|Iron Hands, L50|100/100\n|-activate|p1a: Iron Hands|ability: Quark Drive\n|-start|p1a: Iron Hands|quarkdriveatk\n|move|p2a: Smeargle|Minimize|p2a: Smeargle\n|-boost|p2a: Smeargle|evasion|2\n|move|p2b: Calyrex|Astral Barrage|p1a: Iron Hands|[spread] p1a,p1b\n|-crit|p1b: Miraidon\n|-damage|p1a: Iron Hands|73/100\n|-damage|p1b: Miraidon|38/100\n|move|p1b: Miraidon|Dazzling Gleam|p2b: Calyrex|[spread] p2a,p2b\n|-damage|p2a: Smeargle|3/100\n|-damage|p2b: Calyrex|0 fnt\n|faint|p2b: Calyrex\n|\n|-ability|p2a: Smeargle|Moody|boost\n|-boost|p2a: Smeargle|spe|2\n|-unboost|p2a: Smeargle|def|1\n|upkeep\n|\n|t:|1776099161\n|switch|p2b: Muk|Muk-Alola, L50, M|100/100\n|turn|4\n|\n|t:|1776099175\n|move|p1a: Iron Hands|Fake Out|p2b: Muk\n|-damage|p2b: Muk|84/100\n|move|p2a: Smeargle|Follow Me|p2a: Smeargle\n|-singleturn|p2a: Smeargle|move: Follow Me\n|move|p1b: Miraidon|Dazzling Gleam|p2b: Muk|[spread] p2b\n|-miss|p1b: Miraidon|p2a: Smeargle\n|-damage|p2b: Muk|50/100\n|cant|p2b: Muk|flinch\n|\n|-heal|p2b: Muk|57/100|[from] item: Leftovers\n|-ability|p2a: Smeargle|Moody|boost\n|-boost|p2a: Smeargle|spd|2\n|-unboost|p2a: Smeargle|def|1\n|upkeep\n|turn|5\n|\n|t:|1776099194\n|move|p2b: Muk|Protect|p2b: Muk\n|-singleturn|p2b: Muk|Protect\n|move|p2a: Smeargle|Wide Guard|p2a: Smeargle\n|-singleturn|p2a: Smeargle|Wide Guard\n|move|p1b: Miraidon|Dazzling Gleam|p2b: Muk|[spread] \n|-activate|p2a: Smeargle|move: Wide Guard\n|-activate|p2b: Muk|move: Wide Guard\n|move|p1a: Iron Hands|Drain Punch|p2b: Muk\n|-activate|p2b: Muk|move: Protect\n|\n|-heal|p2b: Muk|63/100|[from] item: Leftovers\n|-ability|p2a: Smeargle|Moody|boost\n|-boost|p2a: Smeargle|spa|2\n|-unboost|p2a: Smeargle|atk|1\n|upkeep\n|turn|6\n|\n|t:|1776099214\n|switch|p1b: Calyrex|Calyrex-Ice, L50, tera:Fire|100/100\n|-ability|p1b: Calyrex|As One\n|-ability|p1b: Calyrex|Unnerve\n|move|p2a: Smeargle|Wide Guard|p2a: Smeargle\n|-singleturn|p2a: Smeargle|Wide Guard\n|move|p2b: Muk|Minimize|p2b: Muk\n|-boost|p2b: Muk|evasion|2\n|move|p1a: Iron Hands|Drain Punch|p2b: Muk\n|-damage|p2b: Muk|19/100\n|-heal|p1a: Iron Hands|93/100|[from] drain|[of] p2b: Muk\n|\n|-heal|p2b: Muk|25/100|[from] item: Leftovers\n|-fieldend|move: Electric Terrain\n|-end|p1a: Iron Hands|Quark Drive\n|-ability|p2a: Smeargle|Moody|boost\n|-boost|p2a: Smeargle|atk|2\n|-unboost|p2a: Smeargle|spa|1\n|upkeep\n|turn|7\n|\n|t:|1776099239\n|switch|p1b: Miraidon|Miraidon, L50|38/100\n|-fieldstart|move: Electric Terrain|[from] ability: Hadron Engine|[of] p1b: Miraidon\n|-activate|p1a: Iron Hands|ability: Quark Drive\n|-start|p1a: Iron Hands|quarkdriveatk\n|move|p2a: Smeargle|Minimize|p2a: Smeargle\n|-boost|p2a: Smeargle|evasion|2\n|move|p2b: Muk|Minimize|p2b: Muk\n|-boost|p2b: Muk|evasion|2\n|move|p1a: Iron Hands|Drain Punch|p2b: Muk|[miss]\n|-miss|p1a: Iron Hands|p2b: Muk\n|\n|-heal|p2b: Muk|31/100|[from] item: Leftovers\n|-ability|p2a: Smeargle|Moody|boost\n|-boost|p2a: Smeargle|def|2\n|-unboost|p2a: Smeargle|atk|1\n|upkeep\n|turn|8\n|inactive|Sunny_zong3 has 30 seconds left.\n|\n|t:|1776099272\n|switch|p2b: Flamigo|Flamigo, L50, M|100/100\n|-copyboost|p2b: Flamigo|p2a: Smeargle|[from] ability: Costar\n|-enditem|p2b: Flamigo|White Herb\n|-clearnegativeboost|p2b: Flamigo|[silent]\n|move|p2a: Smeargle|Follow Me|p2a: Smeargle\n|-singleturn|p2a: Smeargle|move: Follow Me\n|move|p1b: Miraidon|Volt Switch|p2a: Smeargle|[miss]\n|-miss|p1b: Miraidon|p2a: Smeargle\n|move|p1a: Iron Hands|Low Kick|p2a: Smeargle|[miss]\n|-miss|p1a: Iron Hands|p2a: Smeargle\n|\n|-ability|p2a: Smeargle|Moody|boost\n|-boost|p2a: Smeargle|spd|2\n|-unboost|p2a: Smeargle|spa|1\n|upkeep\n|turn|9\n|inactive|WilMorfer has 30 seconds left.\n|\n|t:|1776099298\n|-end|p1a: Iron Hands|Quark Drive|[silent]\n|switch|p1a: Scraggy|Scraggy, L50, F|77/100\n|-ability|p1a: Scraggy|Intimidate|boost\n|-unboost|p2a: Smeargle|atk|1\n|-unboost|p2b: Flamigo|atk|1\n|move|p2a: Smeargle|Follow Me|p2a: Smeargle\n|-singleturn|p2a: Smeargle|move: Follow Me\n|move|p2b: Flamigo|Substitute|p2b: Flamigo\n|-start|p2b: Flamigo|Substitute\n|-damage|p2b: Flamigo|76/100\n|move|p1b: Miraidon|Volt Switch|p2a: Smeargle\n|-damage|p2a: Smeargle|0 fnt\n|faint|p2a: Smeargle\n|\n|t:|1776099312\n|switch|p1b: Calyrex|Calyrex-Ice, L50, tera:Fire|100/100|[from] Volt Switch\n|-ability|p1b: Calyrex|As One\n|-ability|p1b: Calyrex|Unnerve\n|\n|upkeep\n|\n|t:|1776099314\n|switch|p2a: Muk|Muk-Alola, L50, M|31/100\n|turn|10\n|inactive|Sunny_zong3 has 30 seconds left.\n|inactive|Sunny_zong3 has 20 seconds left.\n|inactive|Sunny_zong3 has 15 seconds left.\n|\n|t:|1776099357\n|move|p2a: Muk|Protect|p2a: Muk\n|-singleturn|p2a: Muk|Protect\n|move|p1a: Scraggy|Fake Out|p2a: Muk\n|-activate|p2a: Muk|move: Protect\n|move|p2b: Flamigo|Brave Bird|p1b: Calyrex\n|-crit|p1b: Calyrex\n|-damage|p1b: Calyrex|52/100\n|-damage|p2b: Flamigo|55/100|[from] Recoil\n|move|p1b: Calyrex|Trick Room|p1b: Calyrex\n|-fieldstart|move: Trick Room|[of] p1b: Calyrex\n|\n|-heal|p2a: Muk|37/100|[from] item: Leftovers\n|upkeep\n|turn|11\n|\n|t:|1776099376\n|-terastallize|p2a: Muk|Water\n|move|p1a: Scraggy|Coaching|p1b: Calyrex\n|-boost|p1b: Calyrex|atk|1\n|-boost|p1b: Calyrex|def|1\n|move|p1b: Calyrex|Glacial Lance|p2a: Muk|[spread] p2a\n|-miss|p1b: Calyrex|p2b: Flamigo\n|-resisted|p2a: Muk\n|-damage|p2a: Muk|0 fnt\n|faint|p2a: Muk\n|-ability|p1b: Calyrex|Chilling Neigh|boost\n|-boost|p1b: Calyrex|atk|1\n|move|p2b: Flamigo|Roost|p2b: Flamigo\n|-heal|p2b: Flamigo|100/100\n|-singleturn|p2b: Flamigo|move: Roost\n|\n|-fieldend|move: Electric Terrain\n|upkeep\n|turn|12\n|inactive|WilMorfer has 30 seconds left.\n|\n|t:|1776099404\n|move|p1a: Scraggy|Coaching|p1b: Calyrex\n|-boost|p1b: Calyrex|atk|1\n|-boost|p1b: Calyrex|def|1\n|move|p1b: Calyrex|Glacial Lance|p2b: Flamigo|[miss]\n|-miss|p1b: Calyrex|p2b: Flamigo\n|move|p2b: Flamigo|Brave Bird|p1a: Scraggy\n|-supereffective|p1a: Scraggy\n|-damage|p1a: Scraggy|0 fnt\n|faint|p1a: Scraggy\n|-damage|p2b: Flamigo|80/100|[from] Recoil\n|\n|upkeep\n|inactive|WilMorfer has 30 seconds left.\n|\n|t:|1776099431\n|switch|p1a: Miraidon|Miraidon, L50|38/100\n|-fieldstart|move: Electric Terrain|[from] ability: Hadron Engine|[of] p1a: Miraidon\n|turn|13\n|\n|t:|1776099451\n|move|p1b: Calyrex|Glacial Lance|p2b: Flamigo|[miss]\n|-miss|p1b: Calyrex|p2b: Flamigo\n|move|p1a: Miraidon|Electro Drift|p2b: Flamigo|[miss]\n|-miss|p1a: Miraidon|p2b: Flamigo\n|move|p2b: Flamigo|Substitute|p2b: Flamigo\n|-fail|p2b: Flamigo|move: Substitute\n|\n|upkeep\n|turn|14\n|inactive|WilMorfer has 30 seconds left.\n|inactive|WilMorfer has 20 seconds left.\n|\n|t:|1776099489\n|move|p1b: Calyrex|Glacial Lance|p2b: Flamigo\n|-supereffective|p2b: Flamigo\n|-end|p2b: Flamigo|Substitute\n|move|p1a: Miraidon|Electro Drift|p2b: Flamigo|[miss]\n|-miss|p1a: Miraidon|p2b: Flamigo\n|move|p2b: Flamigo|Substitute|p2b: Flamigo\n|-start|p2b: Flamigo|Substitute\n|-damage|p2b: Flamigo|55/100\n|\n|-fieldend|move: Trick Room\n|upkeep\n|turn|15\n|\n|t:|1776099506\n|move|p2b: Flamigo|Close Combat|p1a: Miraidon\n|-damage|p1a: Miraidon|1/100\n|-unboost|p2b: Flamigo|def|1\n|-unboost|p2b: Flamigo|spd|1\n|move|p1a: Miraidon|Electro Drift|p2b: Flamigo|[miss]\n|-miss|p1a: Miraidon|p2b: Flamigo\n|move|p1b: Calyrex|Glacial Lance|p2b: Flamigo\n|-supereffective|p2b: Flamigo\n|-end|p2b: Flamigo|Substitute\n|\n|upkeep\n|turn|16\n|\n|t:|1776099522\n|move|p2b: Flamigo|Substitute|p2b: Flamigo\n|-start|p2b: Flamigo|Substitute\n|-damage|p2b: Flamigo|30/100\n|move|p1a: Miraidon|Electro Drift|p2b: Flamigo|[miss]\n|-miss|p1a: Miraidon|p2b: Flamigo\n|move|p1b: Calyrex|Trick Room|p1b: Calyrex\n|-fieldstart|move: Trick Room|[of] p1b: Calyrex\n|\n|upkeep\n|turn|17\n|\n|t:|1776099536\n|move|p1b: Calyrex|Glacial Lance|p2b: Flamigo|[miss]\n|-miss|p1b: Calyrex|p2b: Flamigo\n|move|p1a: Miraidon|Electro Drift|p2b: Flamigo\n|-supereffective|p2b: Flamigo\n|-end|p2b: Flamigo|Substitute\n|move|p2b: Flamigo|Roost|p2b: Flamigo\n|-heal|p2b: Flamigo|81/100\n|-singleturn|p2b: Flamigo|move: Roost\n|\n|-fieldend|move: Electric Terrain\n|upkeep\n|turn|18\n|\n|t:|1776099552\n|move|p1b: Calyrex|Protect|p1b: Calyrex\n|-singleturn|p1b: Calyrex|Protect\n|move|p1a: Miraidon|Electro Drift|p2b: Flamigo|[miss]\n|-miss|p1a: Miraidon|p2b: Flamigo\n|move|p2b: Flamigo|Substitute|p2b: Flamigo\n|-start|p2b: Flamigo|Substitute\n|-damage|p2b: Flamigo|56/100\n|\n|upkeep\n|turn|19\n|\n|t:|1776099567\n|move|p1b: Calyrex|Glacial Lance|p2b: Flamigo|[miss]\n|-miss|p1b: Calyrex|p2b: Flamigo\n|move|p1a: Miraidon|Electro Drift|p2b: Flamigo|[miss]\n|-miss|p1a: Miraidon|p2b: Flamigo\n|move|p2b: Flamigo|Substitute|p2b: Flamigo\n|-fail|p2b: Flamigo|move: Substitute\n|\n|upkeep\n|turn|20\n|\n|t:|1776099580\n|move|p1b: Calyrex|Glacial Lance|p2b: Flamigo\n|-supereffective|p2b: Flamigo\n|-end|p2b: Flamigo|Substitute\n|move|p1a: Miraidon|Electro Drift|p2b: Flamigo|[miss]\n|-miss|p1a: Miraidon|p2b: Flamigo\n|move|p2b: Flamigo|Substitute|p2b: Flamigo\n|-start|p2b: Flamigo|Substitute\n|-damage|p2b: Flamigo|31/100\n|\n|-fieldend|move: Trick Room\n|upkeep\n|turn|21\n|\n|t:|1776099595\n|move|p1b: Calyrex|Protect|p1b: Calyrex\n|-singleturn|p1b: Calyrex|Protect\n|move|p2b: Flamigo|Brave Bird|p1a: Miraidon\n|-resisted|p1a: Miraidon\n|-damage|p1a: Miraidon|0 fnt\n|faint|p1a: Miraidon\n|-damage|p2b: Flamigo|30/100|[from] Recoil\n|\n|upkeep\n|\n|t:|1776099606\n|switch|p1a: Iron Hands|Iron Hands, L50|93/100\n|turn|22\n|\n|t:|1776099611\n|move|p1b: Calyrex|Protect||[still]\n|-fail|p1b: Calyrex\n|move|p1a: Iron Hands|Fake Out|p2b: Flamigo\n|-activate|p2b: Flamigo|move: Substitute|[damage]\n|move|p2b: Flamigo|Roost|p2b: Flamigo\n|-heal|p2b: Flamigo|81/100\n|-singleturn|p2b: Flamigo|move: Roost\n|\n|upkeep\n|turn|23\n|inactive|WilMorfer has 30 seconds left.\n|inactive|WilMorfer has 20 seconds left.\n|\n|t:|1776099627\n|move|p2b: Flamigo|Brave Bird|p1a: Iron Hands\n|-damage|p1a: Iron Hands|66/100\n|-damage|p2b: Flamigo|67/100|[from] Recoil\n|move|p1b: Calyrex|High Horsepower|p2b: Flamigo\n|-immune|p2b: Flamigo\n|move|p1a: Iron Hands|Wild Charge|p2b: Flamigo\n|-supereffective|p2b: Flamigo\n|-end|p2b: Flamigo|Substitute\n|-damage|p1a: Iron Hands|65/100|[from] Recoil|[of] p2b: Flamigo\n|\n|upkeep\n|turn|24\n|inactive|WilMorfer has 20 seconds left this turn.\n|inactive|WilMorfer has 15 seconds left.\n|inactive|WilMorfer has 10 seconds left.\n|inactive|WilMorfer has 5 seconds left.\n|-message|WilMorfer lost due to inactivity.\n|\n|win|Sunny_zong3\n|raw|WilMorfer's rating: 1395 &rarr; <strong>1376</strong><br />(-19 for losing)\n|raw|Sunny_zong3's rating: 1406 &rarr; <strong>1425</strong><br />(+19 for winning)\n|l|\u2606Sunny_zong3\n|player|p2|\n|l|\u2606WilMorfer\n|player|p1|\n","uploadtime":1776099810,"views":14,"formatid":"gen9vgc2026regi","rating":1376,"private":0,"password":null}