{"id":"gen9vgc2026regi-2540346434","format":"[Gen 9] VGC 2026 Reg I","players":["Luca8","wtacrv"],"log":"|j|\u2606Luca8\n|j|\u2606wtacrv\n|t:|1771191251\n|gametype|doubles\n|player|p1|Luca8|flint|1424\n|player|p2|wtacrv|biker-gen4|1387\n|gen|9\n|tier|[Gen 9] VGC 2026 Reg I\n|rated|\n|rule|Species Clause: Limit one of each Pok\u00e9mon\n|rule|Item Clause: Limit 1 of each item\n|clearpoke\n|poke|p1|Whimsicott, L50, F|\n|poke|p1|Kyogre, L50|\n|poke|p1|Landorus, L50, M|\n|poke|p1|Lunala, L50|\n|poke|p1|Farigiraf, L50, F|\n|poke|p1|Amoonguss, L50, F|\n|poke|p2|Calyrex-Ice, L50|\n|poke|p2|Tyranitar, L50, F|\n|poke|p2|Primarina, L50, M|\n|poke|p2|Lunala, L50|\n|poke|p2|Amoonguss, L50, M|\n|poke|p2|Excadrill, L50, M|\n|teampreview|4\n|inactive|Battle timer is ON: inactive players will automatically lose when time's up. (requested by wtacrv)\n|inactive|Luca8 has 60 seconds left.\n|inactive|wtacrv has 60 seconds left.\n|inactive|Luca8 has 30 seconds left.\n|inactive|Luca8 has 20 seconds left.\n|inactive|Luca8 has 15 seconds left.\n|inactive|Luca8 has 10 seconds left.\n|inactive|Luca8 has 5 seconds left.\n|\n|t:|1771191338\n|teamsize|p1|4\n|teamsize|p2|4\n|start\n|switch|p1a: Farigiraf|Farigiraf, L50, F|100/100\n|switch|p1b: Lunala|Lunala, L50|100/100\n|switch|p2a: Tyranitar|Tyranitar, L50, F|100/100\n|switch|p2b: Excadrill|Excadrill, L50, M|100/100\n|-weather|Sandstorm|[from] ability: Sand Stream|[of] p2a: Tyranitar\n|turn|1\n|inactive|Luca8 has 30 seconds left.\n|inactive|Luca8 has 20 seconds left.\n|\n|t:|1771191377\n|switch|p1a: Kyogre|Kyogre, L50|100/100\n|-weather|RainDance|[from] ability: Drizzle|[of] p1a: Kyogre\n|-terastallize|p1b: Lunala|Normal\n|move|p2b: Excadrill|Iron Head|p1a: Kyogre\n|-resisted|p1a: Kyogre\n|-damage|p1a: Kyogre|74/100\n|move|p1b: Lunala|Will-O-Wisp|p2a: Tyranitar\n|-status|p2a: Tyranitar|brn\n|move|p2a: Tyranitar|Knock Off|p1b: Lunala\n|-damage|p1b: Lunala|90/100\n|-enditem|p1b: Lunala|Power Herb|[from] move: Knock Off|[of] p2a: Tyranitar\n|\n|-weather|RainDance|[upkeep]\n|-damage|p2a: Tyranitar|95/100 brn|[from] brn\n|upkeep\n|turn|2\n|inactive|wtacrv has 30 seconds left.\n|\n|t:|1771191412\n|switch|p2a: Lunala|Lunala, L50|100/100\n|move|p2b: Excadrill|Protect|p2b: Excadrill\n|-singleturn|p2b: Excadrill|Protect\n|move|p1a: Kyogre|Water Spout|p2b: Excadrill|[spread] p2a\n|-activate|p2b: Excadrill|move: Protect\n|-damage|p2a: Lunala|75/100\n|move|p1b: Lunala|Will-O-Wisp|p2b: Excadrill\n|-activate|p2b: Excadrill|move: Protect\n|\n|-weather|RainDance|[upkeep]\n|-heal|p2a: Lunala|81/100|[from] item: Leftovers\n|upkeep\n|turn|3\n|\n|t:|1771191436\n|switch|p1a: Landorus|Landorus, L50, M|100/100\n|switch|p2a: Tyranitar|Tyranitar, L50, F|95/100 brn\n|-weather|Sandstorm|[from] ability: Sand Stream|[of] p2a: Tyranitar\n|move|p2b: Excadrill|Earthquake|p1a: Landorus|[spread] p2a,p1b\n|-immune|p1a: Landorus\n|-supereffective|p2a: Tyranitar\n|-damage|p2a: Tyranitar|27/100 brn\n|-damage|p1b: Lunala|54/100\n|move|p1b: Lunala|Will-O-Wisp|p2b: Excadrill|[miss]\n|-miss|p1b: Lunala|p2b: Excadrill\n|\n|-weather|Sandstorm|[upkeep]\n|-damage|p1b: Lunala|48/100|[from] Sandstorm\n|-damage|p2a: Tyranitar|21/100 brn|[from] brn\n|upkeep\n|turn|4\n|inactive|wtacrv has 30 seconds left.\n|inactive|wtacrv has 20 seconds left.\n|inactive|wtacrv has 15 seconds left.\n|inactive|wtacrv has 10 seconds left.\n|\n|t:|1771191485\n|switch|p1b: Kyogre|Kyogre, L50|74/100\n|-weather|RainDance|[from] ability: Drizzle|[of] p1b: Kyogre\n|switch|p2a: Lunala|Lunala, L50|81/100\n|move|p1a: Landorus|Sandsear Storm|p2a: Lunala|[spread] p2a,p2b\n|-supereffective|p2b: Excadrill\n|-damage|p2a: Lunala|41/100\n|-enditem|p2b: Excadrill|Focus Sash\n|-damage|p2b: Excadrill|1/100\n|move|p2b: Excadrill|Iron Head|p1a: Landorus\n|-damage|p1a: Landorus|44/100\n|\n|-weather|RainDance|[upkeep]\n|-heal|p2a: Lunala|47/100|[from] item: Leftovers\n|upkeep\n|turn|5\n|inactive|wtacrv has 30 seconds left.\n|\n|t:|1771191517\n|switch|p1b: Farigiraf|Farigiraf, L50, F|100/100\n|switch|p2a: Tyranitar|Tyranitar, L50, F|21/100 brn\n|-weather|Sandstorm|[from] ability: Sand Stream|[of] p2a: Tyranitar\n|move|p2b: Excadrill|Iron Head|p1a: Landorus\n|-damage|p1a: Landorus|0 fnt\n|faint|p1a: Landorus\n|\n|-weather|Sandstorm|[upkeep]\n|-damage|p1b: Farigiraf|94/100|[from] Sandstorm\n|-damage|p2a: Tyranitar|15/100 brn|[from] brn\n|upkeep\n|\n|t:|1771191531\n|switch|p1a: Kyogre|Kyogre, L50|74/100\n|-weather|RainDance|[from] ability: Drizzle|[of] p1a: Kyogre\n|turn|6\n|\n|t:|1771191541\n|move|p2b: Excadrill|Protect|p2b: Excadrill\n|-singleturn|p2b: Excadrill|Protect\n|move|p1a: Kyogre|Water Spout|p2b: Excadrill|[spread] p2a\n|-activate|p2b: Excadrill|move: Protect\n|-supereffective|p2a: Tyranitar\n|-damage|p2a: Tyranitar|0 fnt\n|faint|p2a: Tyranitar\n|move|p1b: Farigiraf|Foul Play|p2b: Excadrill\n|-activate|p2b: Excadrill|move: Protect\n|\n|-weather|RainDance|[upkeep]\n|upkeep\n|\n|t:|1771191553\n|switch|p2a: Lunala|Lunala, L50|47/100\n|turn|7\n|\n|t:|1771191562\n|move|p2a: Lunala|Wide Guard|p2a: Lunala\n|-singleturn|p2a: Lunala|Wide Guard\n|move|p1a: Kyogre|Water Spout|p2a: Lunala|[spread] \n|-activate|p2a: Lunala|move: Wide Guard\n|-activate|p2b: Excadrill|move: Wide Guard\n|move|p2b: Excadrill|Earthquake|p1a: Kyogre|[spread] p1a,p1b\n|-activate|p2a: Lunala|move: Wide Guard\n|-damage|p1a: Kyogre|22/100\n|-damage|p1b: Farigiraf|56/100\n|move|p1b: Farigiraf|Foul Play|p2b: Excadrill\n|-damage|p2b: Excadrill|0 fnt\n|faint|p2b: Excadrill\n|\n|-weather|RainDance|[upkeep]\n|-heal|p2a: Lunala|53/100|[from] item: Leftovers\n|upkeep\n|\n|t:|1771191578\n|switch|p2b: Calyrex|Calyrex-Ice, L50|100/100\n|-ability|p2b: Calyrex|As One\n|-ability|p2b: Calyrex|Unnerve\n|turn|8\n|\n|t:|1771191593\n|move|p2b: Calyrex|Protect|p2b: Calyrex\n|-singleturn|p2b: Calyrex|Protect\n|move|p1a: Kyogre|Water Spout|p2a: Lunala|[spread] p2a\n|-activate|p2b: Calyrex|move: Protect\n|-damage|p2a: Lunala|41/100\n|move|p1b: Farigiraf|Foul Play|p2a: Lunala\n|-supereffective|p2a: Lunala\n|-damage|p2a: Lunala|0 fnt\n|faint|p2a: Lunala\n|\n|-weather|RainDance|[upkeep]\n|upkeep\n|turn|9\n|-message|wtacrv forfeited.\n|\n|win|Luca8\n|raw|Luca8's rating: 1424 &rarr; <strong>1442</strong><br />(+18 for winning)\n|raw|wtacrv's rating: 1387 &rarr; <strong>1369</strong><br />(-18 for losing)\n|l|\u2606wtacrv\n|player|p2|\n|l|\u2606Luca8\n|player|p1|\n","uploadtime":1771191837,"views":39,"formatid":"gen9vgc2026regi","rating":1369,"private":0,"password":null}