{"id":"gen9vgc2026regi-2563210842","format":"[Gen 9] VGC 2026 Reg I","players":["tomcheung22","ido1234567890"],"log":"|j|\u2606tomcheung22\n|j|\u2606ido1234567890\n|html|<table width=\"100%\"><tr><td align=\"left\">tomcheung22</td><td align=\"right\">ido1234567890</tr><tr><td align=\"left\"><i class=\"fa fa-circle\"></i> <i class=\"fa fa-circle-o\"></i> </td><td align=\"right\"><i class=\"fa fa-circle-o\"></i> <i class=\"fa fa-circle\"></i> </tr></table>\n|uhtml|bestof|<h2><strong>Game 3</strong> of <a href=\"/game-bestof3-gen9vgc2026regi-2563206850\">a best-of-3</a></h2>\n|t:|1774003760\n|gametype|doubles\n|player|p1|tomcheung22|lady|\n|player|p2|ido1234567890|calem|\n|gen|9\n|tier|[Gen 9] VGC 2026 Reg I\n|rated|Tournament battle\n|rule|Species Clause: Limit one of each Pok\u00e9mon\n|rule|Item Clause: Limit 1 of each item\n|raw|<div class=\"infobox\"><details class=\"readmore\" open><summary><strong>4 custom rules:</strong></summary> Open Team Sheets, Force Open Team Sheets, !Open Team Sheets, Best of = 3</details></div>\n|clearpoke\n|poke|p1|Koraidon, L50|\n|poke|p1|Miraidon, L50|\n|poke|p1|Flutter Mane, L50|\n|poke|p1|Incineroar, L50, M|\n|poke|p1|Gothitelle, L50, M|\n|poke|p1|Scream Tail, L50|\n|poke|p2|Rhydon, L50, F|\n|poke|p2|Chien-Pao, L50|\n|poke|p2|Kyogre, L50|\n|poke|p2|Urshifu-*, L50, M|\n|poke|p2|Zacian-*, L50|\n|poke|p2|Tornadus, L50, M|\n|teampreview|4\n|showteam|p1|Koraidon||LifeOrb|OrichalcumPulse|FlareBlitz,CloseCombat,FlameCharge,Protect||||||50|,,,,,Fire]Miraidon||ChoiceScarf|HadronEngine|ElectroDrift,DracoMeteor,Snarl,VoltSwitch||||||50|,,,,,Electric]Flutter Mane||FocusSash|Protosynthesis|Moonblast,ShadowBall,IcyWind,Protect||||||50|,,,,,Normal]Incineroar||SafetyGoggles|Intimidate|KnockOff,PartingShot,FakeOut,Protect|||M|||50|,,,,,Bug]Gothitelle||Leftovers|ShadowTag|Psychic,FakeOut,HelpingHand,Protect|||M|||50|,,,,,Water]Scream Tail||BoosterEnergy|Protosynthesis|PerishSong,Encore,Disable,Protect||||||50|,,,,,Dark\n|showteam|p2|Rhydon||Eviolite|LightningRod|HighHorsepower,Protect,RockSlide,SwordsDance|||F|||50|,,,,,Fairy]Chien-Pao||FocusSash|SwordofRuin|Protect,SuckerPunch,ThroatChop,IcicleCrash||||||50|,,,,,Stellar]Kyogre||MysticWater|Drizzle|WaterSpout,OriginPulse,Protect,Thunder||||||50|,,,,,Grass]Urshifu-Rapid-Strike||ChoiceScarf|UnseenFist|SurgingStrikes,AquaJet,CloseCombat,Uturn|||M|||50|,,,,,Water]Zacian-Crowned||RustedSword|IntrepidSword|behemothblade,Protect,PlayRough,SacredSword||||||50|,,,,,Fairy]Tornadus||CovertCloak|Prankster|Tailwind,BleakwindStorm,Taunt,RainDance|||M|||50|,,,,,Dark\n|j| jzdr2\n|j| UnholySheep\n|j| porygon-epilepz\n|l| jzdr2\n|j| itotio\n|j| jsjdjejdjklf\n|l| jsjdjejdjklf\n|j| jsjdjejdjklf\n|\n|t:|1774003814\n|teamsize|p1|4\n|teamsize|p2|4\n|start\n|switch|p1a: Miraidon|Miraidon, L50|100/100\n|switch|p1b: Scream Tail|Scream Tail, L50|100/100\n|switch|p2a: Tornadus|Tornadus, L50, M|100/100\n|switch|p2b: Kyogre|Kyogre, L50|100/100\n|-fieldstart|move: Electric Terrain|[from] ability: Hadron Engine|[of] p1a: Miraidon\n|-weather|RainDance|[from] ability: Drizzle|[of] p2b: Kyogre\n|-enditem|p1b: Scream Tail|Booster Energy\n|-activate|p1b: Scream Tail|ability: Protosynthesis|[fromitem]\n|-start|p1b: Scream Tail|protosynthesisspe\n|turn|1\n|\n|t:|1774003852\n|switch|p2a: Rhydon|Rhydon, L50, F|100/100\n|move|p1b: Scream Tail|Perish Song|p1b: Scream Tail\n|-start|p1a: Miraidon|perish3|[silent]\n|-start|p1b: Scream Tail|perish3|[silent]\n|-start|p2a: Rhydon|perish3|[silent]\n|-start|p2b: Kyogre|perish3|[silent]\n|-fieldactivate|move: Perish Song\n|move|p1a: Miraidon|Draco Meteor|p2a: Rhydon\n|-crit|p2a: Rhydon\n|-damage|p2a: Rhydon|0 fnt\n|-unboost|p1a: Miraidon|spa|2\n|faint|p2a: Rhydon\n|move|p2b: Kyogre|Water Spout|p1a: Miraidon|[spread] p1a,p1b\n|-resisted|p1a: Miraidon\n|-damage|p1a: Miraidon|46/100\n|-damage|p1b: Scream Tail|8/100\n|\n|-weather|RainDance|[upkeep]\n|-start|p1b: Scream Tail|perish3\n|-start|p1a: Miraidon|perish3\n|-start|p2b: Kyogre|perish3\n|upkeep\n|l| jsjdjejdjklf\n|\n|t:|1774003860\n|switch|p2a: Tornadus|Tornadus, L50, M|100/100\n|turn|2\n|\n|t:|1774003886\n|switch|p2b: Zacian|Zacian-Crowned, L50|100/100\n|-ability|p2b: Zacian|Intrepid Sword|boost\n|-boost|p2b: Zacian|atk|1\n|move|p1b: Scream Tail|Protect|p1b: Scream Tail\n|-singleturn|p1b: Scream Tail|Protect\n|move|p2a: Tornadus|Tailwind|p2a: Tornadus\n|-sidestart|p2: ido1234567890|move: Tailwind\n|move|p1a: Miraidon|Draco Meteor|p2b: Zacian\n|-immune|p2b: Zacian\n|\n|-weather|RainDance|[upkeep]\n|-start|p1b: Scream Tail|perish2\n|-start|p1a: Miraidon|perish2\n|upkeep\n|turn|3\n|\n|t:|1774003905\n|-end|p1b: Scream Tail|Protosynthesis|[silent]\n|switch|p1b: Gothitelle|Gothitelle, L50, M|100/100\n|switch|p1a: Incineroar|Incineroar, L50, M|100/100\n|-ability|p1a: Incineroar|Intimidate|boost\n|-unboost|p2a: Tornadus|atk|1\n|-unboost|p2b: Zacian|atk|1\n|-terastallize|p2b: Zacian|Fairy\n|move|p2b: Zacian|Play Rough|p1b: Gothitelle\n|-damage|p1b: Gothitelle|35/100\n|move|p2a: Tornadus|Bleakwind Storm|p1b: Gothitelle|[spread] p1a,p1b\n|-damage|p1a: Incineroar|75/100\n|-damage|p1b: Gothitelle|13/100\n|-unboost|p1b: Gothitelle|spe|1\n|\n|-weather|RainDance|[upkeep]\n|-heal|p1b: Gothitelle|19/100|[from] item: Leftovers\n|upkeep\n|turn|4\n|\n|t:|1774003954\n|switch|p1b: Scream Tail|Scream Tail, L50|8/100\n|move|p2b: Zacian|Sacred Sword|p1a: Incineroar\n|-supereffective|p1a: Incineroar\n|-damage|p1a: Incineroar|12/100\n|move|p2a: Tornadus|Bleakwind Storm|p1a: Incineroar|[spread] p1a,p1b\n|-damage|p1a: Incineroar|0 fnt\n|-damage|p1b: Scream Tail|0 fnt\n|faint|p1a: Incineroar\n|faint|p1b: Scream Tail\n|-end|p1b: Scream Tail|Protosynthesis|[silent]\n|\n|-weather|RainDance|[upkeep]\n|upkeep\n|\n|t:|1774003962\n|switch|p1b: Miraidon|Miraidon, L50|46/100\n|switch|p1a: Gothitelle|Gothitelle, L50, M|19/100\n|-activate|p1b: Miraidon|ability: Hadron Engine\n|turn|5\n|\n|t:|1774003993\n|-terastallize|p1b: Miraidon|Electric\n|move|p1a: Gothitelle|Fake Out|p2b: Zacian\n|-damage|p2b: Zacian|96/100\n|cant|p2b: Zacian|flinch\n|move|p2a: Tornadus|Bleakwind Storm|p1b: Miraidon|[spread] p1a,p1b\n|-resisted|p1b: Miraidon\n|-damage|p1a: Gothitelle|0 fnt\n|-damage|p1b: Miraidon|33/100\n|-unboost|p1b: Miraidon|spe|1\n|faint|p1a: Gothitelle\n|move|p1b: Miraidon|Electro Drift|p2b: Zacian\n|-damage|p2b: Zacian|0 fnt\n|faint|p2b: Zacian\n|\n|-weather|none\n|-sideend|p2: ido1234567890|move: Tailwind\n|-fieldend|move: Electric Terrain\n|upkeep\n|j| jzdr2\n|\n|t:|1774003997\n|switch|p2b: Kyogre|Kyogre, L50|100/100\n|-weather|RainDance|[from] ability: Drizzle|[of] p2b: Kyogre\n|turn|6\n|\n|t:|1774004009\n|move|p2a: Tornadus|Tailwind|p2a: Tornadus\n|-sidestart|p2: ido1234567890|move: Tailwind\n|move|p2b: Kyogre|Water Spout|p1b: Miraidon\n|-damage|p1b: Miraidon|0 fnt\n|faint|p1b: Miraidon\n|\n|win|ido1234567890\n|c|\u2606tomcheung22|ggs\n|l| porygon-epilepz\n|c|\u2606ido1234567890|gg\n|l| UnholySheep\n|l|\u2606ido1234567890\n|player|p2|\n|l| itotio\n|l| jzdr2\n|l|\u2606tomcheung22\n|player|p1|\n|j|\u2606tomcheung22\n|player|p1|tomcheung22|lady|\n","uploadtime":1774004119,"views":15,"formatid":"gen9vgc2026regi","rating":null,"private":0,"password":null}