{"id":"gen9vgc2026regi-2587030719","format":"[Gen 9] VGC 2026 Reg I","players":["TheManOfSausage","pengwin694"],"log":"|j|\u2606TheManOfSausage\n|j|\u2606pengwin694\n|t:|1776483104\n|gametype|doubles\n|player|p1|TheManOfSausage|miku-water|1562\n|player|p2|pengwin694|2|1537\n|gen|9\n|tier|[Gen 9] VGC 2026 Reg I\n|rated|\n|rule|Species Clause: Limit one of each Pok\u00e9mon\n|rule|Item Clause: Limit 1 of each item\n|clearpoke\n|poke|p1|Calyrex-Ice, L50|\n|poke|p1|Miraidon, L50|\n|poke|p1|Farigiraf, L50, F|\n|poke|p1|Volcarona, L50, M|\n|poke|p1|Urshifu-*, L50, M|\n|poke|p1|Iron Hands, L50|\n|poke|p2|Miraidon, L50|\n|poke|p2|Calyrex-Ice, L50|\n|poke|p2|Amoonguss, L50, M|\n|poke|p2|Incineroar, L50, M|\n|poke|p2|Urshifu-*, L50, M|\n|poke|p2|Landorus, L50, M|\n|teampreview|4\nTheManOfSausage has agreed to open team sheets.\npengwin694 has agreed to open team sheets.\n|showteam|p1|Calyrex-Ice||ClearAmulet|AsOneGlastrier|GlacialLance,HighHorsepower,TrickRoom,Protect||||||50|,,,,,Water]Miraidon||ChoiceScarf|HadronEngine|ElectroDrift,VoltSwitch,DracoMeteor,Snarl||||||50|,,,,,Electric]Farigiraf||ElectricSeed|ArmorTail|Psychic,FoulPlay,TrickRoom,HelpingHand|||F|||50|,,,,,Water]Volcarona||RockyHelmet|FlameBody|FieryDance,StruggleBug,RagePowder,Protect|||M|||50|,,,,,Dragon]Urshifu-Rapid-Strike||FocusSash|UnseenFist|CloseCombat,SurgingStrikes,AquaJet,Detect|||M|||50|,,,,,Stellar]Iron Hands||AssaultVest|QuarkDrive|DrainPunch,WildCharge,LowKick,FakeOut||||||50|,,,,,Water\n|showteam|p2|Miraidon||ChoiceScarf|HadronEngine|ElectroDrift,DracoMeteor,VoltSwitch,Snarl||||||50|,,,,,Electric]Calyrex-Ice||ClearAmulet|AsOneGlastrier|GlacialLance,HighHorsepower,TrickRoom,Protect||||||50|,,,,,Fire]Amoonguss||RockyHelmet|Regenerator|Spore,RagePowder,PollenPuff,Protect|||M|||50|,,,,,Water]Incineroar||AssaultVest|Intimidate|FakeOut,FlareBlitz,KnockOff,Uturn|||M|||50|,,,,,Bug]Urshifu-Rapid-Strike||FocusSash|UnseenFist|SurgingStrikes,CloseCombat,AquaJet,Detect|||M|||50|,,,,,Stellar]Landorus||LifeOrb|SheerForce|EarthPower,SludgeBomb,SandsearStorm,Protect|||M|||50|,,,,,Poison\n|\n|t:|1776483167\n|teamsize|p1|4\n|teamsize|p2|4\n|start\n|switch|p1a: Magical Mirai|Miraidon, L50|100/100\n|switch|p1b: Ogurin|Calyrex-Ice, L50|100/100\n|switch|p2a: Calyrex|Calyrex-Ice, L50|100/100\n|switch|p2b: Landorus|Landorus, L50, M|100/100\n|-ability|p2a: Calyrex|As One\n|-ability|p2a: Calyrex|Unnerve\n|-ability|p1b: Ogurin|As One\n|-ability|p1b: Ogurin|Unnerve\n|-fieldstart|move: Electric Terrain|[from] ability: Hadron Engine|[of] p1a: Magical Mirai\n|turn|1\n|\n|t:|1776483186\n|-terastallize|p1a: Magical Mirai|Electric\n|-terastallize|p2b: Landorus|Poison\n|move|p1a: Magical Mirai|Draco Meteor|p2b: Landorus|[miss]\n|-miss|p1a: Magical Mirai|p2b: Landorus\n|move|p2b: Landorus|Sandsear Storm|p1a: Magical Mirai|[spread] p1a,p1b\n|-supereffective|p1a: Magical Mirai\n|-damage|p1a: Magical Mirai|0 fnt\n|-damage|p1b: Ogurin|58/100\n|faint|p1a: Magical Mirai\n|move|p2a: Calyrex|Glacial Lance|p1b: Ogurin\n|-resisted|p1b: Ogurin\n|-damage|p1b: Ogurin|36/100\n|move|p1b: Ogurin|Trick Room|p1b: Ogurin\n|-fieldstart|move: Trick Room|[of] p1b: Ogurin\n|\n|upkeep\n|\n|t:|1776483203\n|switch|p1a: Brian|Iron Hands, L50, shiny|100/100\n|-activate|p1a: Brian|ability: Quark Drive\n|-start|p1a: Brian|quarkdriveatk\n|turn|2\n|\n|t:|1776483224\n|switch|p2b: Incineroar|Incineroar, L50, M|100/100\n|-ability|p2b: Incineroar|Intimidate|boost\n|-unboost|p1a: Brian|atk|1\n|-fail|p1b: Ogurin|unboost|[from] item: Clear Amulet|[of] p1b: Ogurin\n|move|p2a: Calyrex|Protect|p2a: Calyrex\n|-singleturn|p2a: Calyrex|Protect\n|move|p1a: Brian|Low Kick|p2a: Calyrex\n|-activate|p2a: Calyrex|move: Protect\n|move|p1b: Ogurin|Glacial Lance|p2a: Calyrex|[spread] p2b\n|-activate|p2a: Calyrex|move: Protect\n|-resisted|p2b: Incineroar\n|-damage|p2b: Incineroar|68/100\n|\n|upkeep\n|turn|3\n|\n|t:|1776483255\n|move|p1a: Brian|Low Kick|p2a: Calyrex\n|-damage|p2a: Calyrex|64/100\n|move|p1b: Ogurin|High Horsepower|p2b: Incineroar\n|-supereffective|p2b: Incineroar\n|-damage|p2b: Incineroar|0 fnt\n|faint|p2b: Incineroar\n|-ability|p1b: Ogurin|Chilling Neigh|boost\n|-boost|p1b: Ogurin|atk|1\n|move|p2a: Calyrex|Glacial Lance|p1b: Ogurin|[spread] p1a,p1b\n|-resisted|p1b: Ogurin\n|-damage|p1a: Brian|66/100\n|-damage|p1b: Ogurin|18/100\n|\n|upkeep\n|\n|t:|1776483264\n|switch|p2b: Landorus|Landorus, L50, M, tera:Poison|100/100\n|turn|4\n|\n|t:|1776483274\n|move|p1a: Brian|Low Kick|p2a: Calyrex\n|-damage|p2a: Calyrex|22/100\n|move|p1b: Ogurin|Glacial Lance|p2b: Landorus|[spread] p2a,p2b\n|-resisted|p2a: Calyrex\n|-damage|p2a: Calyrex|0 fnt\n|-damage|p2b: Landorus|22/100\n|faint|p2a: Calyrex\n|-ability|p1b: Ogurin|Chilling Neigh|boost\n|-boost|p1b: Ogurin|atk|1\n|move|p2b: Landorus|Earth Power|p1a: Brian\n|-supereffective|p1a: Brian\n|-damage|p1a: Brian|0 fnt\n|faint|p1a: Brian\n|-end|p1a: Brian|Quark Drive|[silent]\n|\n|upkeep\n|\n|t:|1776483280\n|switch|p1a: Urshifu|Urshifu-Rapid-Strike, L50, M|100/100\n|switch|p2a: Miraidon|Miraidon, L50|100/100\n|-activate|p2a: Miraidon|ability: Hadron Engine\n|turn|5\n|-message|pengwin694 forfeited.\n|\n|win|TheManOfSausage\n|raw|TheManOfSausage's rating: 1562 &rarr; <strong>1581</strong><br />(+19 for winning)\n|raw|pengwin694's rating: 1537 &rarr; <strong>1518</strong><br />(-19 for losing)\n|l|\u2606pengwin694\n|player|p2|\n|l|\u2606TheManOfSausage\n|player|p1|\n","uploadtime":1776483493,"views":19,"formatid":"gen9vgc2026regi","rating":1518,"private":0,"password":null}