{"id":"gen9vgc2026regi-2578066835","format":"[Gen 9] VGC 2026 Reg I","players":["TheManOfSausage","he0"],"log":"|j|\u2606TheManOfSausage\n|j|\u2606he0\n|t:|1775643568\n|gametype|doubles\n|player|p1|TheManOfSausage|miku-water|1655\n|player|p2|he0|169|1504\n|gen|9\n|tier|[Gen 9] VGC 2026 Reg I\n|rated|\n|rule|Species Clause: Limit one of each Pok\u00e9mon\n|rule|Item Clause: Limit 1 of each item\n|clearpoke\n|poke|p1|Calyrex-Ice, L50|\n|poke|p1|Miraidon, L50|\n|poke|p1|Farigiraf, L50, F|\n|poke|p1|Urshifu-*, L50, M|\n|poke|p1|Volcarona, L50, M|\n|poke|p1|Iron Hands, L50|\n|poke|p2|Miraidon, L50|\n|poke|p2|Calyrex-Ice, L50|\n|poke|p2|Incineroar, L50, M|\n|poke|p2|Urshifu-*, L50, F|\n|poke|p2|Chien-Pao, L50|\n|poke|p2|Grimmsnarl, L50, M|\n|teampreview|4\nTheManOfSausage has agreed to open team sheets.\n|\n|t:|1775643589\n|teamsize|p1|4\n|teamsize|p2|4\n|start\n|switch|p1a: Magical Mirai|Miraidon, L50|100/100\n|switch|p1b: Ogurin|Calyrex-Ice, L50|100/100\n|switch|p2a: Chien-Pao|Chien-Pao, L50|100/100\n|switch|p2b: Miraidon|Miraidon, L50|100/100\n|-ability|p1b: Ogurin|As One\n|-ability|p1b: Ogurin|Unnerve\n|-fieldstart|move: Electric Terrain|[from] ability: Hadron Engine|[of] p1a: Magical Mirai\n|-activate|p2b: Miraidon|ability: Hadron Engine\n|-ability|p2a: Chien-Pao|Sword of Ruin\n|turn|1\n|\n|t:|1775643604\n|-terastallize|p2b: Miraidon|Fairy\n|move|p1b: Ogurin|Protect|p1b: Ogurin\n|-singleturn|p1b: Ogurin|Protect\n|move|p1a: Magical Mirai|Volt Switch|p2a: Chien-Pao\n|-damage|p2a: Chien-Pao|39/100\n|\n|t:|1775643608\n|switch|p1a: Volcarona|Volcarona, L50, M, shiny|100/100|[from] Volt Switch\n|move|p2b: Miraidon|Dazzling Gleam|p1a: Volcarona|[spread] p1a\n|-activate|p1b: Ogurin|move: Protect\n|-resisted|p1a: Volcarona\n|-damage|p1a: Volcarona|68/100\n|move|p2a: Chien-Pao|Lash Out|p1b: Ogurin\n|-activate|p1b: Ogurin|move: Protect\n|\n|upkeep\n|turn|2\n|\n|t:|1775643626\n|-terastallize|p1b: Ogurin|Water\n|move|p2b: Miraidon|Dazzling Gleam|p1b: Ogurin|[spread] p1a,p1b\n|-resisted|p1a: Volcarona\n|-damage|p1a: Volcarona|39/100\n|-damage|p1b: Ogurin|50/100\n|move|p2a: Chien-Pao|Lash Out|p1b: Ogurin\n|-crit|p1b: Ogurin\n|-damage|p1b: Ogurin|0 fnt\n|faint|p1b: Ogurin\n|move|p1a: Volcarona|Fiery Dance|p2b: Miraidon\n|-damage|p2b: Miraidon|61/100\n|-boost|p1a: Volcarona|spa|1\n|\n|upkeep\n|\n|t:|1775643635\n|switch|p1b: Magical Mirai|Miraidon, L50|100/100\n|-activate|p1b: Magical Mirai|ability: Hadron Engine\n|turn|3\n|\n|t:|1775643646\n|move|p2a: Chien-Pao|Sucker Punch|p1b: Magical Mirai\n|-damage|p1b: Magical Mirai|54/100\n|move|p1b: Magical Mirai|Volt Switch|p2b: Miraidon\n|-damage|p2b: Miraidon|4/100\n|\n|t:|1775643651\n|switch|p1b: Brian|Iron Hands, L50, shiny|100/100|[from] Volt Switch\n|-activate|p1b: Brian|ability: Quark Drive\n|-start|p1b: Brian|quarkdriveatk\n|move|p2b: Miraidon|Dazzling Gleam|p1a: Volcarona|[spread] p1a,p1b\n|-resisted|p1a: Volcarona\n|-supereffective|p1b: Brian\n|-damage|p1a: Volcarona|9/100\n|-damage|p1b: Brian|20/100\n|move|p1a: Volcarona|Fiery Dance|p2b: Miraidon\n|-damage|p2b: Miraidon|0 fnt\n|-boost|p1a: Volcarona|spa|1\n|faint|p2b: Miraidon\n|\n|upkeep\n|\n|t:|1775643662\n|switch|p2b: Grimmsnarl|Grimmsnarl, L50, M|100/100\n|turn|4\n|\n|t:|1775643672\n|move|p1b: Brian|Fake Out|p2a: Chien-Pao\n|-damage|p2a: Chien-Pao|9/100\n|cant|p2a: Chien-Pao|flinch\n|move|p2b: Grimmsnarl|Light Screen|p2b: Grimmsnarl\n|-sidestart|p2: he0|move: Light Screen\n|move|p1a: Volcarona|Fiery Dance|p2b: Grimmsnarl\n|-damage|p2b: Grimmsnarl|52/100\n|\n|upkeep\n|turn|5\n|\n|t:|1775643691\n|move|p1a: Volcarona|Protect|p1a: Volcarona\n|-singleturn|p1a: Volcarona|Protect\n|move|p2a: Chien-Pao|Lash Out|p1a: Volcarona\n|-activate|p1a: Volcarona|move: Protect\n|move|p2b: Grimmsnarl|Spirit Break|p1b: Brian\n|-supereffective|p1b: Brian\n|-damage|p1b: Brian|0 fnt\n|faint|p1b: Brian\n|-end|p1b: Brian|Quark Drive|[silent]\n|\n|-fieldend|move: Electric Terrain\n|upkeep\n|\n|t:|1775643693\n|switch|p1b: Magical Mirai|Miraidon, L50|54/100\n|-fieldstart|move: Electric Terrain|[from] ability: Hadron Engine|[of] p1b: Magical Mirai\n|turn|6\n|\n|t:|1775643709\n|move|p1a: Volcarona|Rage Powder|p1a: Volcarona\n|-singleturn|p1a: Volcarona|move: Rage Powder\n|move|p2a: Chien-Pao|Sucker Punch||[still]\n|-fail|p2a: Chien-Pao\n|move|p1b: Magical Mirai|Electro Drift|p2a: Chien-Pao\n|-damage|p2a: Chien-Pao|0 fnt\n|faint|p2a: Chien-Pao\n|move|p2b: Grimmsnarl|Spirit Break|p1a: Volcarona\n|-resisted|p1a: Volcarona\n|-damage|p1a: Volcarona|0 fnt\n|-damage|p2b: Grimmsnarl|36/100|[from] item: Rocky Helmet|[of] p1a: Volcarona\n|faint|p1a: Volcarona\n|\n|upkeep\n|c|\u2606TheManOfSausage|gg\n|\n|t:|1775643715\n|switch|p2a: Calyrex|Calyrex-Ice, L50|100/100\n|-ability|p2a: Calyrex|As One\n|-ability|p2a: Calyrex|Unnerve\n|turn|7\n|-message|TheManOfSausage forfeited.\n|\n|win|he0\n|raw|TheManOfSausage's rating: 1655 &rarr; <strong>1627</strong><br />(-28 for losing)\n|raw|he0's rating: 1504 &rarr; <strong>1532</strong><br />(+28 for winning)\n|l|\u2606TheManOfSausage\n|player|p1|\n","uploadtime":1775643727,"views":13,"formatid":"gen9vgc2026regi","rating":1532,"private":0,"password":null}