{"id":"gen9vgc2026regi-2570844665","format":"[Gen 9] VGC 2026 Reg I","players":["snively3","Ceraida"],"log":"|j|\u2606snively3\n|j|\u2606Ceraida\n|t:|1774858158\n|gametype|doubles\n|player|p1|snively3|veteran|1277\n|player|p2|Ceraida|veteran|1341\n|gen|9\n|tier|[Gen 9] VGC 2026 Reg I\n|rated|\n|rule|Species Clause: Limit one of each Pok\u00e9mon\n|rule|Item Clause: Limit 1 of each item\n|clearpoke\n|poke|p1|Lunala, L50|\n|poke|p1|Ursaluna, L50, M|\n|poke|p1|Urshifu-*, L50, M|\n|poke|p1|Miraidon, L50|\n|poke|p1|Grimmsnarl, L50, M|\n|poke|p1|Incineroar, L50, M|\n|poke|p2|Calyrex-Shadow, L50|\n|poke|p2|Zamazenta-*, L50|\n|poke|p2|Indeedee-F, L50, F|\n|poke|p2|Volcarona, L50, F|\n|poke|p2|Brute Bonnet, L50|\n|poke|p2|Rillaboom, L50, M|\n|teampreview|4\n|inactive|Battle timer is ON: inactive players will automatically lose when time's up. (requested by snively3)\nsnively3 has agreed to open team sheets.\n|c|\u2606snively3|glhd\n|inactive|snively3 has 60 seconds left.\n|\n|t:|1774858208\n|teamsize|p1|4\n|teamsize|p2|4\n|start\n|switch|p1a: Lunala|Lunala, L50, shiny|100/100\n|switch|p1b: Incineroar|Incineroar, L50, M|100/100\n|switch|p2a: Calyrex|Calyrex-Shadow, L50|100/100\n|switch|p2b: Indeedee|Indeedee-F, L50, F|100/100\n|-ability|p2a: Calyrex|As One\n|-ability|p2a: Calyrex|Unnerve\n|-fieldstart|move: Psychic Terrain|[from] ability: Psychic Surge|[of] p2b: Indeedee\n|-ability|p1b: Incineroar|Intimidate|boost\n|-unboost|p2a: Calyrex|atk|1\n|-unboost|p2b: Indeedee|atk|1\n|turn|1\n|inactive|snively3 has 30 seconds left.\n|\n|t:|1774858240\n|-terastallize|p2a: Calyrex|Ground\n|-terastallize|p1a: Lunala|Fairy\n|move|p2b: Indeedee|Helping Hand|p2a: Calyrex\n|-singleturn|p2a: Calyrex|Helping Hand|[of] p2b: Indeedee\n|move|p2a: Calyrex|Tera Blast|p1b: Incineroar|[anim] Tera Blast Ground\n|-supereffective|p1b: Incineroar\n|-damage|p1b: Incineroar|0 fnt\n|faint|p1b: Incineroar\n|-ability|p2a: Calyrex|Grim Neigh|boost\n|-boost|p2a: Calyrex|spa|1\n|-damage|p2a: Calyrex|91/100|[from] item: Life Orb\n|move|p1a: Lunala|Trick Room|p1a: Lunala\n|-fieldstart|move: Trick Room|[of] p1a: Lunala\n|\n|upkeep\n|\n|t:|1774858250\n|switch|p1b: Ursaluna|Ursaluna, L50, M|100/100\n|turn|2\n|\n|t:|1774858259\n|switch|p2b: Rillaboom|Rillaboom, L50, M|100/100\n|-fieldstart|move: Grassy Terrain|[from] ability: Grassy Surge|[of] p2b: Rillaboom\n|move|p1a: Lunala|Wide Guard|p1a: Lunala\n|-singleturn|p1a: Lunala|Wide Guard\n|move|p1b: Ursaluna|Earthquake|p2a: Calyrex|[spread] p2a,p2b\n|-activate|p1a: Lunala|move: Wide Guard\n|-resisted|p2b: Rillaboom\n|-damage|p2a: Calyrex|65/100\n|-damage|p2b: Rillaboom|90/100\n|move|p2a: Calyrex|Expanding Force|p1b: Ursaluna\n|-damage|p1b: Ursaluna|15/100\n|-damage|p2a: Calyrex|56/100|[from] item: Life Orb\n|\n|-heal|p1b: Ursaluna|21/100|[from] Grassy Terrain\n|-heal|p2b: Rillaboom|96/100|[from] Grassy Terrain\n|-heal|p2a: Calyrex|62/100|[from] Grassy Terrain\n|-status|p1b: Ursaluna|brn|[from] item: Flame Orb\n|upkeep\n|turn|3\n|\n|t:|1774858280\n|move|p2b: Rillaboom|Fake Out|p1b: Ursaluna\n|-crit|p1b: Ursaluna\n|-damage|p1b: Ursaluna|5/100 brn\n|cant|p1b: Ursaluna|flinch\n|move|p1a: Lunala|Moongeist Beam|p2a: Calyrex\n|-damage|p2a: Calyrex|19/100\n|move|p2a: Calyrex|Astral Barrage|p1b: Ursaluna|[spread] p1a\n|-immune|p1b: Ursaluna\n|-damage|p1a: Lunala|69/100\n|-damage|p2a: Calyrex|9/100|[from] item: Life Orb\n|\n|-heal|p1b: Ursaluna|10/100 brn|[from] Grassy Terrain\n|-heal|p2b: Rillaboom|100/100|[from] Grassy Terrain\n|-heal|p1a: Lunala|75/100|[from] Grassy Terrain\n|-heal|p2a: Calyrex|15/100|[from] Grassy Terrain\n|-damage|p1b: Ursaluna|5/100 brn|[from] brn\n|upkeep\n|turn|4\n|inactive|Ceraida has 30 seconds left.\n|\n|t:|1774858306\n|move|p1b: Ursaluna|Protect|p1b: Ursaluna\n|-singleturn|p1b: Ursaluna|Protect\n|move|p2a: Calyrex|Protect|p2a: Calyrex\n|-singleturn|p2a: Calyrex|Protect\n|move|p2b: Rillaboom|Grassy Glide|p1b: Ursaluna\n|-activate|p1b: Ursaluna|move: Protect\n|move|p1a: Lunala|Moonblast|p2a: Calyrex\n|-activate|p2a: Calyrex|move: Protect\n|\n|-heal|p1b: Ursaluna|10/100 brn|[from] Grassy Terrain\n|-heal|p1a: Lunala|81/100|[from] Grassy Terrain\n|-heal|p2a: Calyrex|22/100|[from] Grassy Terrain\n|-damage|p1b: Ursaluna|5/100 brn|[from] brn\n|upkeep\n|turn|5\n|\n|t:|1774858323\n|switch|p2a: Zamazenta|Zamazenta-Crowned, L50|100/100\n|-ability|p2a: Zamazenta|Dauntless Shield|boost\n|-boost|p2a: Zamazenta|def|1\n|move|p2b: Rillaboom|Grassy Glide|p1b: Ursaluna\n|-supereffective|p1b: Ursaluna\n|-damage|p1b: Ursaluna|0 fnt\n|faint|p1b: Ursaluna\n|move|p1a: Lunala|Moonblast|p2a: Zamazenta\n|-damage|p2a: Zamazenta|71/100\n|\n|-heal|p1a: Lunala|87/100|[from] Grassy Terrain\n|-heal|p2a: Zamazenta|77/100|[from] Grassy Terrain\n|-fieldend|move: Trick Room\n|upkeep\n|\n|t:|1774858325\n|switch|p1b: Grimmsnarl|Grimmsnarl, L50, M|100/100\n|turn|6\n|\n|t:|1774858337\n|move|p1b: Grimmsnarl|Reflect|p1b: Grimmsnarl\n|-sidestart|p1: snively3|Reflect\n|move|p2a: Zamazenta|Heavy Slam|p1a: Lunala\n|-supereffective|p1a: Lunala\n|-damage|p1a: Lunala|45/100\n|move|p1a: Lunala|Moongeist Beam|p2a: Zamazenta\n|-damage|p2a: Zamazenta|45/100\n|move|p2b: Rillaboom|Wood Hammer|p1a: Lunala\n|-damage|p1a: Lunala|9/100\n|-damage|p2b: Rillaboom|87/100|[from] Recoil\n|\n|-heal|p2a: Zamazenta|51/100|[from] Grassy Terrain\n|-heal|p1a: Lunala|15/100|[from] Grassy Terrain\n|-heal|p2b: Rillaboom|93/100|[from] Grassy Terrain\n|-fieldend|move: Grassy Terrain\n|upkeep\n|turn|7\n|c|\u2606snively3|gg\n|-message|snively3 forfeited.\n|\n|win|Ceraida\n|raw|snively3's rating: 1277 &rarr; <strong>1257</strong><br />(-20 for losing)\n|raw|Ceraida's rating: 1341 &rarr; <strong>1357</strong><br />(+16 for winning)\n|l|\u2606snively3\n|player|p1|\n|l|\u2606Ceraida\n|player|p2|\n","uploadtime":1774858577,"views":10,"formatid":"gen9vgc2026regi","rating":1257,"private":0,"password":null}