{"id":"gen9vgc2026regi-2553374425","format":"[Gen 9] VGC 2026 Reg I","players":["Jiggidy","Pokemonst3r"],"log":"|j|\u2606Jiggidy\n|j|\u2606Pokemonst3r\n|t:|1772824998\n|gametype|doubles\n|player|p1|Jiggidy|170|1437\n|player|p2|Pokemonst3r|101|1550\n|gen|9\n|tier|[Gen 9] VGC 2026 Reg I\n|rated|\n|rule|Species Clause: Limit one of each Pok\u00e9mon\n|rule|Item Clause: Limit 1 of each item\n|clearpoke\n|poke|p1|Ho-Oh, L50|\n|poke|p1|Urshifu-*, L50, F|\n|poke|p1|Toxapex, L50, M|\n|poke|p1|Miraidon, L50|\n|poke|p1|Raichu, L50, F|\n|poke|p1|Iron Treads, L50|\n|poke|p2|Chien-Pao, L50|\n|poke|p2|Calyrex-Shadow, L50|\n|poke|p2|Dondozo, L50, F|\n|poke|p2|Zamazenta-*, L50|\n|poke|p2|Dragonite, L50, M|\n|poke|p2|Tatsugiri, L50, F|\n|teampreview|4\n|inactive|Battle timer is ON: inactive players will automatically lose when time's up. (requested by Pokemonst3r)\n|\n|t:|1772825012\n|teamsize|p1|4\n|teamsize|p2|4\n|start\n|switch|p1a: Toxapex|Toxapex, L50, M, shiny|100/100\n|switch|p1b: Urshifu|Urshifu, L50, F|100/100\n|switch|p2a: Calyrex|Calyrex-Shadow, L50|100/100\n|switch|p2b: Dragonite|Dragonite, L50, M|100/100\n|-ability|p2a: Calyrex|As One\n|-ability|p2a: Calyrex|Unnerve\n|turn|1\n|\n|t:|1772825027\n|-terastallize|p2b: Dragonite|Normal\n|move|p1b: Urshifu|Detect|p1b: Urshifu\n|-singleturn|p1b: Urshifu|Protect\n|move|p1a: Toxapex|Baneful Bunker|p1a: Toxapex\n|-singleturn|p1a: Toxapex|move: Protect\n|move|p2b: Dragonite|Extreme Speed|p1b: Urshifu\n|-activate|p1b: Urshifu|move: Protect\n|move|p2a: Calyrex|Astral Barrage|p1a: Toxapex|[spread] \n|-activate|p1a: Toxapex|move: Protect\n|-activate|p1b: Urshifu|move: Protect\n|\n|upkeep\n|turn|2\n|\n|t:|1772825046\n|switch|p2a: Zamazenta|Zamazenta-Crowned, L50|100/100\n|-ability|p2a: Zamazenta|Dauntless Shield|boost\n|-boost|p2a: Zamazenta|def|1\n|-terastallize|p1b: Urshifu|Ghost\n|move|p1a: Toxapex|Wide Guard|p1a: Toxapex\n|-singleturn|p1a: Toxapex|Wide Guard\n|move|p2b: Dragonite|Extreme Speed|p1b: Urshifu\n|-immune|p1b: Urshifu\n|move|p1b: Urshifu|Wicked Blow|p2a: Zamazenta\n|-resisted|p2a: Zamazenta\n|-crit|p2a: Zamazenta\n|-damage|p2a: Zamazenta|80/100\n|\n|upkeep\n|turn|3\n|\n|t:|1772825069\n|move|p2b: Dragonite|Extreme Speed|p1a: Toxapex\n|-damage|p1a: Toxapex|60/100\n|move|p2a: Zamazenta|Behemoth Bash|p1b: Urshifu\n|-damage|p1b: Urshifu|59/100\n|move|p1b: Urshifu|Close Combat|p2b: Dragonite\n|-supereffective|p2b: Dragonite\n|-damage|p2b: Dragonite|0 fnt\n|-unboost|p1b: Urshifu|def|1\n|-unboost|p1b: Urshifu|spd|1\n|faint|p2b: Dragonite\n|move|p1a: Toxapex|Toxic Spikes|p2a: Zamazenta\n|-sidestart|p2: Pokemonst3r|move: Toxic Spikes\n|\n|-heal|p1a: Toxapex|65/100|[from] item: Leftovers\n|upkeep\n|\n|t:|1772825086\n|switch|p2b: Chien-Pao|Chien-Pao, L50|100/100\n|-status|p2b: Chien-Pao|psn\n|-ability|p2b: Chien-Pao|Sword of Ruin\n|turn|4\n|\n|t:|1772825109\n|switch|p1b: Ho-Oh|Ho-Oh, L50|100/100\n|move|p2b: Chien-Pao|Taunt|p1a: Toxapex\n|-start|p1a: Toxapex|move: Taunt\n|move|p2a: Zamazenta|Behemoth Bash|p1b: Ho-Oh\n|-resisted|p1b: Ho-Oh\n|-damage|p1b: Ho-Oh|81/100\n|move|p1a: Toxapex|Infestation|p2a: Zamazenta\n|-resisted|p2a: Zamazenta\n|-damage|p2a: Zamazenta|80/100\n|-activate|p2a: Zamazenta|move: Infestation|[of] p1a: Toxapex\n|\n|-heal|p1a: Toxapex|71/100|[from] item: Leftovers\n|-damage|p2b: Chien-Pao|88/100 psn|[from] psn\n|-damage|p2a: Zamazenta|67/100|[from] move: Infestation|[partiallytrapped]\n|upkeep\n|turn|5\n|\n|t:|1772825134\n|move|p2b: Chien-Pao|Ruination|p1b: Ho-Oh\n|-damage|p1b: Ho-Oh|41/100\n|-enditem|p1b: Ho-Oh|Sitrus Berry|[eat]\n|-heal|p1b: Ho-Oh|66/100|[from] item: Sitrus Berry\n|move|p2a: Zamazenta|Body Press|p1b: Ho-Oh\n|-resisted|p1b: Ho-Oh\n|-damage|p1b: Ho-Oh|31/100\n|move|p1b: Ho-Oh|Sacred Fire|p2a: Zamazenta\n|-supereffective|p2a: Zamazenta\n|-damage|p2a: Zamazenta|19/100\n|move|p1a: Toxapex|Infestation|p2b: Chien-Pao\n|-supereffective|p2b: Chien-Pao\n|-damage|p2b: Chien-Pao|78/100 psn\n|-activate|p2b: Chien-Pao|move: Infestation|[of] p1a: Toxapex\n|\n|-heal|p1a: Toxapex|77/100|[from] item: Leftovers\n|-damage|p2b: Chien-Pao|66/100 psn|[from] psn\n|-damage|p2b: Chien-Pao|53/100 psn|[from] move: Infestation|[partiallytrapped]\n|-damage|p2a: Zamazenta|7/100|[from] move: Infestation|[partiallytrapped]\n|upkeep\n|turn|6\n|inactive|Pokemonst3r has 30 seconds left.\n|\n|t:|1772825167\n|move|p2b: Chien-Pao|Ruination|p1a: Toxapex\n|-damage|p1a: Toxapex|39/100\n|move|p2a: Zamazenta|Body Press|p1a: Toxapex\n|-resisted|p1a: Toxapex\n|-damage|p1a: Toxapex|10/100\n|move|p1b: Ho-Oh|Sacred Fire|p2a: Zamazenta\n|-supereffective|p2a: Zamazenta\n|-damage|p2a: Zamazenta|0 fnt\n|faint|p2a: Zamazenta\n|move|p1a: Toxapex|Infestation|p2b: Chien-Pao\n|-supereffective|p2b: Chien-Pao\n|-damage|p2b: Chien-Pao|42/100 psn\n|\n|-heal|p1a: Toxapex|16/100|[from] item: Leftovers\n|-damage|p2b: Chien-Pao|30/100 psn|[from] psn\n|-damage|p2b: Chien-Pao|17/100 psn|[from] move: Infestation|[partiallytrapped]\n|-end|p1a: Toxapex|move: Taunt\n|upkeep\n|\n|t:|1772825183\n|switch|p2a: Calyrex|Calyrex-Shadow, L50|100/100\n|-ability|p2a: Calyrex|As One\n|-ability|p2a: Calyrex|Unnerve\n|-status|p2a: Calyrex|psn\n|turn|7\n|\n|t:|1772825196\n|move|p1b: Ho-Oh|Protect|p1b: Ho-Oh\n|-singleturn|p1b: Ho-Oh|Protect\n|move|p1a: Toxapex|Baneful Bunker|p1a: Toxapex\n|-singleturn|p1a: Toxapex|move: Protect\n|move|p2a: Calyrex|Psychic|p1b: Ho-Oh\n|-activate|p1b: Ho-Oh|move: Protect\n|move|p2b: Chien-Pao|Ice Spinner|p1a: Toxapex\n|-activate|p1a: Toxapex|move: Protect\n|\n|-heal|p1a: Toxapex|22/100|[from] item: Leftovers\n|-damage|p2a: Calyrex|88/100 psn|[from] psn\n|-damage|p2b: Chien-Pao|5/100 psn|[from] psn\n|-damage|p2b: Chien-Pao|0 fnt|[from] move: Infestation|[partiallytrapped]\n|faint|p2b: Chien-Pao\n|upkeep\n|turn|8\n|\n|t:|1772825221\n|switch|p1b: Urshifu|Urshifu, L50, F, tera:Ghost|59/100\n|move|p1a: Toxapex|Wide Guard|p1a: Toxapex\n|-singleturn|p1a: Toxapex|Wide Guard\n|move|p2a: Calyrex|Psychic|p1b: Urshifu\n|-damage|p1b: Urshifu|0 fnt\n|faint|p1b: Urshifu\n|-ability|p2a: Calyrex|Grim Neigh|boost\n|-boost|p2a: Calyrex|spa|1\n|\n|-heal|p1a: Toxapex|27/100|[from] item: Leftovers\n|-damage|p2a: Calyrex|76/100 psn|[from] psn\n|upkeep\n|\n|t:|1772825228\n|switch|p1b: Miraidon|Miraidon, L50, shiny|100/100\n|-fieldstart|move: Electric Terrain|[from] ability: Hadron Engine|[of] p1b: Miraidon\n|turn|9\n|\n|t:|1772825235\n|move|p1a: Toxapex|Wide Guard|p1a: Toxapex\n|-singleturn|p1a: Toxapex|Wide Guard\n|move|p2a: Calyrex|Psychic|p1b: Miraidon\n|-damage|p1b: Miraidon|25/100\n|move|p1b: Miraidon|Electro Drift|p2a: Calyrex\n|-damage|p2a: Calyrex|0 fnt\n|faint|p2a: Calyrex\n|\n|win|Jiggidy\n|raw|Jiggidy's rating: 1437 &rarr; <strong>1463</strong><br />(+26 for winning)\n|raw|Pokemonst3r's rating: 1550 &rarr; <strong>1524</strong><br />(-26 for losing)\n|l|\u2606Pokemonst3r\n|player|p2|\n|l|\u2606Jiggidy\n|player|p1|\n","uploadtime":1772825484,"views":19,"formatid":"gen9vgc2026regi","rating":1463,"private":0,"password":null}