{"id":"gen9vgc2026regi-2555262947","format":"[Gen 9] VGC 2026 Reg I","players":["Realphoenixking","ArisHazard"],"log":"|j|\u2606Realphoenixking\n|j|\u2606ArisHazard\n|t:|1773073756\n|gametype|doubles\n|player|p1|Realphoenixking|265|1226\n|player|p2|ArisHazard|170|1365\n|gen|9\n|tier|[Gen 9] VGC 2026 Reg I\n|rated|\n|rule|Species Clause: Limit one of each Pok\u00e9mon\n|rule|Item Clause: Limit 1 of each item\n|clearpoke\n|poke|p1|Miraidon, L50|\n|poke|p1|Lunala, L50|\n|poke|p1|Ursaluna, L50, F|\n|poke|p1|Moltres-Galar, L50|\n|poke|p1|Incineroar, L50, M|\n|poke|p1|Comfey, L50, M|\n|poke|p2|Calyrex-Ice, L50|\n|poke|p2|Urshifu-*, L50, M|\n|poke|p2|Miraidon, L50|\n|poke|p2|Ogerpon-Wellspring, L50, F|\n|poke|p2|Tornadus, L50, M|\n|poke|p2|Sableye, L50, F|\n|teampreview|4\n|\n|t:|1773073777\n|teamsize|p1|4\n|teamsize|p2|4\n|start\n|switch|p1a: Moltres|Moltres-Galar, L50, shiny|100/100\n|switch|p1b: Comfey|Comfey, L50, M|100/100\n|switch|p2a: Miraidon|Miraidon, L50|100/100\n|switch|p2b: Tornadus|Tornadus, L50, M|100/100\n|-fieldstart|move: Electric Terrain|[from] ability: Hadron Engine|[of] p2a: Miraidon\n|turn|1\n|inactive|Battle timer is ON: inactive players will automatically lose when time's up. (requested by ArisHazard)\n|\n|t:|1773073792\n|switch|p1a: Ursaluna|Ursaluna, L50, F|100/100\n|move|p2b: Tornadus|Taunt|p1b: Comfey\n|-start|p1b: Comfey|move: Taunt\n|-enditem|p1b: Comfey|Mental Herb\n|-end|p1b: Comfey|move: Taunt\n|move|p2a: Miraidon|Snarl|p1a: Ursaluna|[spread] p1a,p1b\n|-resisted|p1b: Comfey\n|-damage|p1a: Ursaluna|84/100\n|-damage|p1b: Comfey|92/100\n|-unboost|p1a: Ursaluna|spa|1\n|-unboost|p1b: Comfey|spa|1\n|move|p1b: Comfey|Trick Room|p1b: Comfey\n|-fieldstart|move: Trick Room|[of] p1b: Comfey\n|\n|-status|p1a: Ursaluna|brn|[from] item: Flame Orb\n|upkeep\n|turn|2\n|\n|t:|1773073816\n|switch|p2a: Sableye|Sableye, L50, F|100/100\n|move|p1b: Comfey|Floral Healing|p1a: Ursaluna\n|-heal|p1a: Ursaluna|100/100 brn\n|move|p1a: Ursaluna|Facade|p2b: Tornadus\n|-damage|p2b: Tornadus|0 fnt\n|faint|p2b: Tornadus\n|\n|-damage|p1a: Ursaluna|95/100 brn|[from] brn\n|upkeep\n|\n|t:|1773073828\n|switch|p2b: Calyrex|Calyrex-Ice, L50|100/100\n|-ability|p2b: Calyrex|As One\n|-ability|p2b: Calyrex|Unnerve\n|turn|3\n|inactive|Realphoenixking has 30 seconds left.\n|\n|t:|1773073857\n|move|p1a: Ursaluna|Protect|p1a: Ursaluna\n|-singleturn|p1a: Ursaluna|Protect\n|move|p2b: Calyrex|Protect|p2b: Calyrex\n|-singleturn|p2b: Calyrex|Protect\n|move|p2a: Sableye|Encore|p1a: Ursaluna\n|-activate|p1a: Ursaluna|move: Protect\n|move|p1b: Comfey|Trick Room|p1b: Comfey\n|-fieldend|move: Trick Room\n|\n|-damage|p1a: Ursaluna|89/100 brn|[from] brn\n|upkeep\n|turn|4\n|inactive|Realphoenixking has 30 seconds left.\n|inactive|Realphoenixking has 20 seconds left.\n|inactive|Realphoenixking has 15 seconds left.\n|\n|t:|1773073899\n|switch|p1a: Miraidon|Miraidon, L50|100/100\n|-activate|p1a: Miraidon|ability: Hadron Engine\n|move|p1b: Comfey|Floral Healing|p1a: Miraidon\n|-fail|p1a: Miraidon|heal\n|move|p2a: Sableye|Encore||[still]\n|-fail|p2a: Sableye\n|move|p2b: Calyrex|Glacial Lance|p1b: Comfey|[spread] p1a,p1b\n|-supereffective|p1a: Miraidon\n|-damage|p1a: Miraidon|0 fnt\n|-damage|p1b: Comfey|20/100\n|faint|p1a: Miraidon\n|-ability|p2b: Calyrex|Chilling Neigh|boost\n|-boost|p2b: Calyrex|atk|1\n|\n|upkeep\n|\n|t:|1773073903\n|switch|p1a: Ursaluna|Ursaluna, L50, F|89/100 brn\n|turn|5\n|\n|t:|1773073922\n|move|p2b: Calyrex|Protect|p2b: Calyrex\n|-singleturn|p2b: Calyrex|Protect\n|move|p1b: Comfey|Draining Kiss|p2a: Sableye\n|-supereffective|p2a: Sableye\n|-damage|p2a: Sableye|74/100\n|-heal|p1b: Comfey|40/100|[from] drain|[of] p2a: Sableye\n|move|p2a: Sableye|Disable|p1b: Comfey\n|-start|p1b: Comfey|Disable|Draining Kiss\n|move|p1a: Ursaluna|Facade|p2b: Calyrex\n|-activate|p2b: Calyrex|move: Protect\n|\n|-damage|p1a: Ursaluna|83/100 brn|[from] brn\n|-fieldend|move: Electric Terrain\n|upkeep\n|turn|6\n|\n|t:|1773073938\n|move|p2a: Sableye|Disable|p1a: Ursaluna\n|-start|p1a: Ursaluna|Disable|Facade\n|move|p1b: Comfey|Tailwind|p1b: Comfey\n|-sidestart|p1: Realphoenixking|move: Tailwind\n|cant|p1a: Ursaluna|Disable|Facade\n|move|p2b: Calyrex|Glacial Lance|p1b: Comfey|[spread] p1a,p1b\n|-supereffective|p1a: Ursaluna\n|-damage|p1a: Ursaluna|0 fnt\n|-damage|p1b: Comfey|0 fnt\n|faint|p1a: Ursaluna\n|faint|p1b: Comfey\n|-ability|p2b: Calyrex|Chilling Neigh|boost\n|-boost|p2b: Calyrex|atk|2\n|\n|upkeep\n|-message|Realphoenixking forfeited.\n|\n|win|ArisHazard\n|raw|Realphoenixking's rating: 1226 &rarr; <strong>1211</strong><br />(-15 for losing)\n|raw|ArisHazard's rating: 1365 &rarr; <strong>1377</strong><br />(+12 for winning)\n|l|\u2606Realphoenixking\n|player|p1|\n|l|\u2606ArisHazard\n|player|p2|\n","uploadtime":1773074218,"views":18,"formatid":"gen9vgc2026regi","rating":1211,"private":0,"password":null}