{"id":"gen9vgc2026regi-2520046204","format":"[Gen 9] VGC 2026 Reg I","players":["Galact7adi","Esty1012"],"log":"|j|\u2606Galact7adi\n|j|\u2606Esty1012\n|t:|1768583121\n|gametype|doubles\n|player|p1|Galact7adi|265|1259\n|player|p2|Esty1012|unknown|1232\n|gen|9\n|tier|[Gen 9] VGC 2026 Reg I\n|rated|\n|rule|Species Clause: Limit one of each Pok\u00e9mon\n|rule|Item Clause: Limit 1 of each item\n|clearpoke\n|poke|p1|Koraidon, L50|\n|poke|p1|Scream Tail, L50|\n|poke|p1|Gothitelle, L50, M|\n|poke|p1|Incineroar, L50, F|\n|poke|p1|Flutter Mane, L50|\n|poke|p1|Eternatus, L50|\n|poke|p2|Calyrex-Ice, L50|\n|poke|p2|Miraidon, L50|\n|poke|p2|Grimmsnarl, L50, M|\n|poke|p2|Urshifu-*, L50, M|\n|poke|p2|Incineroar, L50, F|\n|poke|p2|Landorus, L50, M|\n|teampreview|4\n|inactive|Battle timer is ON: inactive players will automatically lose when time's up. (requested by Galact7adi)\n|inactive|Galact7adi has 60 seconds left.\n|inactive|Esty1012 has 60 seconds left.\n|\n|t:|1768583155\n|teamsize|p1|4\n|teamsize|p2|4\n|start\n|switch|p1a: Scream Tail|Scream Tail, L50|100/100\n|switch|p1b: Gothitelle|Gothitelle, L50, M|100/100\n|switch|p2a: Calyrex|Calyrex-Ice, L50|100/100\n|switch|p2b: Grimmsnarl|Grimmsnarl, L50, M|100/100\n|-ability|p2a: Calyrex|As One\n|-ability|p2a: Calyrex|Unnerve\n|-enditem|p1a: Scream Tail|Booster Energy\n|-activate|p1a: Scream Tail|ability: Protosynthesis|[fromitem]\n|-start|p1a: Scream Tail|protosynthesisspe\n|turn|1\n|inactive|Esty1012 has 30 seconds left.\n|inactive|Esty1012 has 20 seconds left.\n|inactive|Esty1012 has 15 seconds left.\n|\n|t:|1768583196\n|-terastallize|p1b: Gothitelle|Water\n|move|p2b: Grimmsnarl|Light Screen|p2b: Grimmsnarl\n|-sidestart|p2: Esty1012|move: Light Screen\n|move|p1a: Scream Tail|Perish Song|p1a: Scream Tail\n|-start|p1a: Scream Tail|perish3|[silent]\n|-start|p1b: Gothitelle|perish3|[silent]\n|-start|p2a: Calyrex|perish3|[silent]\n|-start|p2b: Grimmsnarl|perish3|[silent]\n|-fieldactivate|move: Perish Song\n|move|p1b: Gothitelle|Taunt|p2a: Calyrex\n|-start|p2a: Calyrex|move: Taunt\n|move|p2a: Calyrex|Glacial Lance|p1a: Scream Tail|[spread] p1a,p1b\n|-resisted|p1b: Gothitelle\n|-damage|p1a: Scream Tail|60/100\n|-damage|p1b: Gothitelle|80/100\n|\n|-start|p1a: Scream Tail|perish3\n|-start|p1b: Gothitelle|perish3\n|-start|p2b: Grimmsnarl|perish3\n|-start|p2a: Calyrex|perish3\n|upkeep\n|turn|2\n|\n|t:|1768583217\n|move|p1a: Scream Tail|Disable|p2a: Calyrex\n|-start|p2a: Calyrex|Disable|Glacial Lance\n|move|p1b: Gothitelle|Taunt|p2b: Grimmsnarl\n|-start|p2b: Grimmsnarl|move: Taunt\n|move|p2b: Grimmsnarl|Spirit Break|p1b: Gothitelle\n|-damage|p1b: Gothitelle|58/100\n|-unboost|p1b: Gothitelle|spa|1\n|cant|p2a: Calyrex|Disable|Glacial Lance\n|\n|-start|p1a: Scream Tail|perish2\n|-start|p1b: Gothitelle|perish2\n|-start|p2b: Grimmsnarl|perish2\n|-start|p2a: Calyrex|perish2\n|upkeep\n|turn|3\n|inactive|Esty1012 has 30 seconds left.\n|inactive|Esty1012 has 20 seconds left.\n|\n|t:|1768583254\n|move|p1b: Gothitelle|Protect|p1b: Gothitelle\n|-singleturn|p1b: Gothitelle|Protect\n|move|p1a: Scream Tail|Encore|p2a: Calyrex\n|-start|p2a: Calyrex|Encore\n|move|p2b: Grimmsnarl|Spirit Break|p1b: Gothitelle\n|-activate|p1b: Gothitelle|move: Protect\n|-activate|p2a: Calyrex|move: Struggle\n|move|p2a: Calyrex|Struggle|p1a: Scream Tail\n|-crit|p1a: Scream Tail\n|-damage|p1a: Scream Tail|37/100\n|-damage|p2a: Calyrex|75/100|[from] recoil\n|\n|-heal|p2a: Calyrex|81/100|[from] item: Leftovers\n|-end|p2a: Calyrex|move: Taunt\n|-start|p1a: Scream Tail|perish1\n|-start|p1b: Gothitelle|perish1\n|-start|p2b: Grimmsnarl|perish1\n|-start|p2a: Calyrex|perish1\n|upkeep\n|turn|4\n|inactive|Galact7adi has 30 seconds left.\n|inactive|Esty1012 has 30 seconds left.\n|\n|t:|1768583284\n|-end|p1a: Scream Tail|Protosynthesis|[silent]\n|switch|p1a: Incineroar|Incineroar, L50, F|100/100\n|-ability|p1a: Incineroar|Intimidate|boost\n|-unboost|p2a: Calyrex|atk|1\n|-unboost|p2b: Grimmsnarl|atk|1\n|move|p1b: Gothitelle|Psychic|p2b: Grimmsnarl\n|-immune|p2b: Grimmsnarl\n|move|p2b: Grimmsnarl|Spirit Break|p1b: Gothitelle\n|-damage|p1b: Gothitelle|42/100\n|-unboost|p1b: Gothitelle|spa|1\n|-activate|p2a: Calyrex|move: Struggle\n|move|p2a: Calyrex|Struggle|p1a: Incineroar\n|-damage|p1a: Incineroar|89/100\n|-damage|p2a: Calyrex|56/100|[from] recoil\n|\n|-heal|p2a: Calyrex|62/100|[from] item: Leftovers\n|-end|p2b: Grimmsnarl|move: Taunt\n|-start|p1b: Gothitelle|perish0\n|-start|p2b: Grimmsnarl|perish0\n|-start|p2a: Calyrex|perish0\n|faint|p1b: Gothitelle\n|faint|p2b: Grimmsnarl\n|faint|p2a: Calyrex\n|upkeep\n|\n|t:|1768583289\n|switch|p1b: Scream Tail|Scream Tail, L50|37/100\n|switch|p2b: Landorus|Landorus, L50, M|100/100\n|switch|p2a: Miraidon|Miraidon, L50|100/100\n|-fieldstart|move: Electric Terrain|[from] ability: Hadron Engine|[of] p2a: Miraidon\n|turn|5\n|\n|t:|1768583308\n|switch|p1a: Koraidon|Koraidon, L50|100/100\n|-weather|SunnyDay|[from] ability: Orichalcum Pulse|[of] p1a: Koraidon\n|-activate|p1b: Scream Tail|ability: Protosynthesis\n|-start|p1b: Scream Tail|protosynthesisspe\n|-activate|p1a: Koraidon|Orichalcum Pulse|[source]\n|move|p1b: Scream Tail|Perish Song|p1b: Scream Tail\n|-start|p1a: Koraidon|perish3|[silent]\n|-start|p1b: Scream Tail|perish3|[silent]\n|-start|p2a: Miraidon|perish3|[silent]\n|-start|p2b: Landorus|perish3|[silent]\n|-fieldactivate|move: Perish Song\n|move|p2a: Miraidon|Electro Drift|p1b: Scream Tail\n|-damage|p1b: Scream Tail|0 fnt\n|faint|p1b: Scream Tail\n|-end|p1b: Scream Tail|Protosynthesis|[silent]\n|move|p2b: Landorus|Earth Power|p1a: Koraidon\n|-crit|p1a: Koraidon\n|-damage|p1a: Koraidon|0 fnt\n|faint|p1a: Koraidon\n|\n|-weather|SunnyDay|[upkeep]\n|-start|p2a: Miraidon|perish3\n|-start|p2b: Landorus|perish3\n|upkeep\n|\n|t:|1768583312\n|switch|p1b: Incineroar|Incineroar, L50, F|89/100\n|-ability|p1b: Incineroar|Intimidate|boost\n|-unboost|p2a: Miraidon|atk|1\n|-unboost|p2b: Landorus|atk|1\n|turn|6\n|-message|Galact7adi forfeited.\n|\n|win|Esty1012\n|raw|Galact7adi's rating: 1259 &rarr; <strong>1232</strong><br />(-27 for losing)\n|raw|Esty1012's rating: 1232 &rarr; <strong>1259</strong><br />(+27 for winning)\n|l|\u2606Galact7adi\n|player|p1|\n|l|\u2606Esty1012\n|player|p2|\n","uploadtime":1768583499,"views":15,"formatid":"gen9vgc2026regi","rating":1232,"private":0,"password":null}