{"id":"gen9vgc2026regi-2590733230","format":"[Gen 9] VGC 2026 Reg I","players":["sakurashinmachi","TheManOfSausage"],"log":"|j|\u2606sakurashinmachi\n|j|\u2606TheManOfSausage\n|t:|1776840763\n|gametype|doubles\n|player|p1|sakurashinmachi|lucas|1479\n|player|p2|TheManOfSausage|miku-water|1651\n|gen|9\n|tier|[Gen 9] VGC 2026 Reg I\n|rated|\n|rule|Species Clause: Limit one of each Pok\u00e9mon\n|rule|Item Clause: Limit 1 of each item\n|clearpoke\n|poke|p1|Miraidon, L50|\n|poke|p1|Lunala, L50|\n|poke|p1|Whimsicott, L50, M|\n|poke|p1|Urshifu-*, L50, M|\n|poke|p1|Incineroar, L50, M|\n|poke|p1|Ursaluna, L50, M|\n|poke|p2|Calyrex-Shadow, L50|\n|poke|p2|Miraidon, L50|\n|poke|p2|Clefairy, L50, M|\n|poke|p2|Rillaboom, L50, M|\n|poke|p2|Incineroar, L50, M|\n|poke|p2|Volcarona, L50, M|\n|teampreview|4\nTheManOfSausage has agreed to open team sheets.\nsakurashinmachi has agreed to open team sheets.\n|showteam|p1|Miraidon||LifeOrb|HadronEngine|ElectroDrift,DracoMeteor,VoltSwitch,Protect||||||50|,,,,,Electric]Lunala||ElectricSeed|ShadowShield|MoongeistBeam,Moonblast,WideGuard,TrickRoom||||||50|,,,,,Fairy]Whimsicott||CovertCloak|Prankster|Moonblast,Encore,LightScreen,Tailwind|||M|||50|,,,,,Water]Urshifu-Rapid-Strike||ChoiceBand|UnseenFist|SurgingStrikes,CloseCombat,AquaJet,Uturn|||M|||50|,,,,,Ghost]Incineroar||AssaultVest|Intimidate|FlareBlitz,KnockOff,Uturn,FakeOut|||M|||50|,,,,,Bug]Ursaluna||FlameOrb|Guts|Facade,HeadlongRush,Earthquake,Protect|||M|||50|,,,,,Ghost\n|showteam|p2|Calyrex-Shadow||CovertCloak|AsOneSpectrier|AstralBarrage,DrainingKiss,NastyPlot,Protect||||||50|,,,,,Fairy]Miraidon||ChoiceScarf|HadronEngine|ElectroDrift,VoltSwitch,DracoMeteor,Snarl||||||50|,,,,,Electric]Clefairy||Eviolite|FriendGuard|HelpingHand,FollowMe,LifeDew,Protect|||M|||50|,,,,,Grass]Rillaboom||AssaultVest|GrassySurge|WoodHammer,GrassyGlide,Uturn,FakeOut|||M|||50|,,,,,Fire]Incineroar||RockyHelmet|Intimidate|Roar,KnockOff,FakeOut,PartingShot|||M|||50|,,,,,Grass]Volcarona||ElectricSeed|FlameBody|FieryDance,GigaDrain,QuiverDance,Protect|||M|||50|,,,,,Grass\n|j| Logitacs\n|\n|t:|1776840831\n|teamsize|p1|4\n|teamsize|p2|4\n|start\n|switch|p1a: Lunala|Lunala, L50|100/100\n|switch|p1b: Incineroar|Incineroar, L50, M|100/100\n|switch|p2a: Rillaboom|Rillaboom, L50, M|100/100\n|switch|p2b: Rice Shower|Calyrex-Shadow, L50|100/100\n|-ability|p2b: Rice Shower|As One\n|-ability|p2b: Rice Shower|Unnerve\n|-fieldstart|move: Grassy Terrain|[from] ability: Grassy Surge|[of] p2a: Rillaboom\n|-ability|p1b: Incineroar|Intimidate|boost\n|-unboost|p2a: Rillaboom|atk|1\n|-unboost|p2b: Rice Shower|atk|1\n|turn|1\n|\n|t:|1776840884\n|switch|p1b: Ursaluna|Ursaluna, L50, M|100/100\n|-terastallize|p2b: Rice Shower|Fairy\n|-terastallize|p1a: Lunala|Fairy\n|move|p2a: Rillaboom|Fake Out|p1b: Ursaluna\n|-damage|p1b: Ursaluna|94/100\n|move|p2b: Rice Shower|Nasty Plot|p2b: Rice Shower\n|-boost|p2b: Rice Shower|spa|2\n|move|p1a: Lunala|Trick Room|p1a: Lunala\n|-fieldstart|move: Trick Room|[of] p1a: Lunala\n|\n|-heal|p1b: Ursaluna|100/100|[from] Grassy Terrain\n|-status|p1b: Ursaluna|brn|[from] item: Flame Orb\n|upkeep\n|turn|2\n|\n|t:|1776840925\n|move|p1b: Ursaluna|Facade|p2a: Rillaboom\n|-damage|p2a: Rillaboom|0 fnt\n|faint|p2a: Rillaboom\n|move|p1a: Lunala|Moongeist Beam|p2b: Rice Shower\n|-damage|p2b: Rice Shower|43/100\n|move|p2b: Rice Shower|Astral Barrage|p1b: Ursaluna|[spread] p1a\n|-immune|p1b: Ursaluna\n|-damage|p1a: Lunala|63/100\n|\n|-heal|p1a: Lunala|69/100|[from] Grassy Terrain\n|-heal|p2b: Rice Shower|49/100|[from] Grassy Terrain\n|-damage|p1b: Ursaluna|94/100 brn|[from] brn\n|upkeep\n|\n|t:|1776840929\n|switch|p2a: pipi|Clefairy, L50, M|100/100\n|turn|3\n|\n|t:|1776840970\n|move|p2a: pipi|Protect|p2a: pipi\n|-singleturn|p2a: pipi|Protect\n|move|p2b: Rice Shower|Protect|p2b: Rice Shower\n|-singleturn|p2b: Rice Shower|Protect\n|move|p1b: Ursaluna|Facade|p2a: pipi\n|-activate|p2a: pipi|move: Protect\n|move|p1a: Lunala|Moongeist Beam|p2b: Rice Shower\n|-activate|p2b: Rice Shower|move: Protect\n|\n|-heal|p1b: Ursaluna|100/100 brn|[from] Grassy Terrain\n|-heal|p1a: Lunala|75/100|[from] Grassy Terrain\n|-heal|p2b: Rice Shower|55/100|[from] Grassy Terrain\n|-damage|p1b: Ursaluna|94/100 brn|[from] brn\n|upkeep\n|turn|4\n|\n|t:|1776841003\n|move|p2a: pipi|Follow Me|p2a: pipi\n|-singleturn|p2a: pipi|move: Follow Me\n|move|p1b: Ursaluna|Facade|p2a: pipi\n|-damage|p2a: pipi|0 fnt\n|faint|p2a: pipi\n|move|p1a: Lunala|Moongeist Beam|p2b: Rice Shower\n|-damage|p2b: Rice Shower|4/100\n|move|p2b: Rice Shower|Draining Kiss|p1a: Lunala\n|-damage|p1a: Lunala|30/100\n|-heal|p2b: Rice Shower|48/100|[from] drain|[of] p1a: Lunala\n|\n|-heal|p1b: Ursaluna|100/100 brn|[from] Grassy Terrain\n|-heal|p1a: Lunala|37/100|[from] Grassy Terrain\n|-heal|p2b: Rice Shower|54/100|[from] Grassy Terrain\n|-damage|p1b: Ursaluna|94/100 brn|[from] brn\n|upkeep\n|\n|t:|1776841005\n|switch|p2a: Magical Mirai|Miraidon, L50|100/100\n|-fieldstart|move: Electric Terrain|[from] ability: Hadron Engine|[of] p2a: Magical Mirai\n|-enditem|p1a: Lunala|Electric Seed\n|-boost|p1a: Lunala|def|1|[from] item: Electric Seed\n|turn|5\n|\n|t:|1776841066\n|switch|p1b: Incineroar|Incineroar, L50, M|100/100\n|-ability|p1b: Incineroar|Intimidate|boost\n|-unboost|p2a: Magical Mirai|atk|1\n|-unboost|p2b: Rice Shower|atk|1\n|move|p1a: Lunala|Moonblast|p2a: Magical Mirai\n|-supereffective|p2a: Magical Mirai\n|-damage|p2a: Magical Mirai|8/100\n|move|p2b: Rice Shower|Draining Kiss|p1b: Incineroar\n|-damage|p1b: Incineroar|61/100\n|-heal|p2b: Rice Shower|86/100|[from] drain|[of] p1b: Incineroar\n|move|p2a: Magical Mirai|Draco Meteor|p1b: Incineroar\n|-damage|p1b: Incineroar|0 fnt\n|-unboost|p2a: Magical Mirai|spa|2\n|faint|p1b: Incineroar\n|\n|-fieldend|move: Trick Room\n|upkeep\n|\n|t:|1776841100\n|switch|p1b: Miraidon|Miraidon, L50|100/100\n|-activate|p1b: Miraidon|ability: Hadron Engine\n|turn|6\n|\n|t:|1776841130\n|move|p2a: Magical Mirai|Draco Meteor|p1b: Miraidon\n|-supereffective|p1b: Miraidon\n|-damage|p1b: Miraidon|9/100\n|-unboost|p2a: Magical Mirai|spa|2\n|move|p2b: Rice Shower|Astral Barrage|p1a: Lunala|[spread] p1a,p1b\n|-damage|p1a: Lunala|0 fnt\n|-damage|p1b: Miraidon|0 fnt\n|faint|p1a: Lunala\n|faint|p1b: Miraidon\n|-ability|p2b: Rice Shower|Grim Neigh|boost\n|-boost|p2b: Rice Shower|spa|2\n|\n|upkeep\n|\n|t:|1776841142\n|switch|p1b: Ursaluna|Ursaluna, L50, M|94/100 brn\n|turn|7\n|\n|t:|1776841147\n|move|p2b: Rice Shower|Protect|p2b: Rice Shower\n|-singleturn|p2b: Rice Shower|Protect\n|move|p2a: Magical Mirai|Draco Meteor|p1b: Ursaluna\n|-damage|p1b: Ursaluna|62/100 brn\n|-unboost|p2a: Magical Mirai|spa|2\n|move|p1b: Ursaluna|Facade|p2b: Rice Shower\n|-activate|p2b: Rice Shower|move: Protect\n|\n|-damage|p1b: Ursaluna|56/100 brn|[from] brn\n|upkeep\n|turn|8\n|\n|t:|1776841152\n|move|p2a: Magical Mirai|Draco Meteor|p1b: Ursaluna\n|-damage|p1b: Ursaluna|34/100 brn\n|move|p2b: Rice Shower|Draining Kiss|p1b: Ursaluna\n|-damage|p1b: Ursaluna|0 fnt\n|-heal|p2b: Rice Shower|100/100|[from] drain|[of] p1b: Ursaluna\n|faint|p1b: Ursaluna\n|\n|win|TheManOfSausage\n|raw|sakurashinmachi's rating: 1479 &rarr; <strong>1468</strong><br />(-11 for losing)\n|raw|TheManOfSausage's rating: 1651 &rarr; <strong>1662</strong><br />(+11 for winning)\n|c|\u2606TheManOfSausage|gg\n|c|\u2606sakurashinmachi|gg\n|l|\u2606sakurashinmachi\n|player|p1|\n","uploadtime":1776841388,"views":13,"formatid":"gen9vgc2026regi","rating":1468,"private":0,"password":null}