{"id":"gen9vgc2026regi-2541300717","format":"[Gen 9] VGC 2026 Reg I","players":["Tritonfrostbane","EllenJoe2026"],"log":"|j|\u2606Tritonfrostbane\n|j|\u2606EllenJoe2026\n|t:|1771313112\n|gametype|doubles\n|player|p1|Tritonfrostbane|102|1352\n|player|p2|EllenJoe2026|iono|1397\n|gen|9\n|tier|[Gen 9] VGC 2026 Reg I\n|rated|\n|rule|Species Clause: Limit one of each Pok\u00e9mon\n|rule|Item Clause: Limit 1 of each item\n|clearpoke\n|poke|p1|Calyrex-Ice, L50|\n|poke|p1|Indeedee-F, L50, F|\n|poke|p1|Lunala, L50|\n|poke|p1|Torkoal, L50, M|\n|poke|p1|Smeargle, L50, M|\n|poke|p1|Urshifu-*, L50, F|\n|poke|p2|Calyrex-Ice, L50|\n|poke|p2|Miraidon, L50|\n|poke|p2|Tornadus, L50, M|\n|poke|p2|Urshifu-*, L50, F|\n|poke|p2|Grimmsnarl, L50, M|\n|poke|p2|Iron Hands, L50|\n|teampreview|4\n|inactive|Battle timer is ON: inactive players will automatically lose when time's up. (requested by EllenJoe2026)\n|inactive|Tritonfrostbane has 60 seconds left.\n|inactive|EllenJoe2026 has 60 seconds left.\n|\n|t:|1771313154\n|teamsize|p1|4\n|teamsize|p2|4\n|start\n|switch|p1a: Smeargle|Smeargle, L50, M|100/100\n|switch|p1b: Torkoal|Torkoal, L50, M|100/100\n|switch|p2a: Miraidon|Miraidon, L50, shiny|100/100\n|switch|p2b: Calyrex|Calyrex-Ice, L50|100/100\n|-ability|p2b: Calyrex|As One\n|-ability|p2b: Calyrex|Unnerve\n|-fieldstart|move: Electric Terrain|[from] ability: Hadron Engine|[of] p2a: Miraidon\n|-weather|SunnyDay|[from] ability: Drought|[of] p1b: Torkoal\n|turn|1\n|\n|t:|1771313173\n|switch|p2b: Urshifu|Urshifu-Rapid-Strike, L50, F|100/100\n|-terastallize|p1b: Torkoal|Fire\n|move|p1a: Smeargle|Follow Me|p1a: Smeargle\n|-singleturn|p1a: Smeargle|move: Follow Me\n|move|p2a: Miraidon|Snarl|p1a: Smeargle|[spread] p1a,p1b\n|-damage|p1a: Smeargle|48/100\n|-damage|p1b: Torkoal|64/100\n|-unboost|p1a: Smeargle|spa|1\n|-unboost|p1b: Torkoal|spa|1\n|move|p1b: Torkoal|Eruption|p2a: Miraidon|[spread] p2a,p2b\n|-resisted|p2a: Miraidon\n|-resisted|p2b: Urshifu\n|-damage|p2a: Miraidon|74/100\n|-damage|p2b: Urshifu|52/100\n|\n|-weather|SunnyDay|[upkeep]\n|upkeep\n|turn|2\n|\n|t:|1771313194\n|move|p1a: Smeargle|Follow Me|p1a: Smeargle\n|-singleturn|p1a: Smeargle|move: Follow Me\n|move|p2a: Miraidon|Snarl|p1b: Torkoal|[spread] p1a,p1b\n|-damage|p1a: Smeargle|0 fnt\n|-damage|p1b: Torkoal|27/100\n|-unboost|p1b: Torkoal|spa|1\n|faint|p1a: Smeargle\n|move|p2b: Urshifu|U-turn|p1b: Torkoal\n|-resisted|p1b: Torkoal\n|-damage|p1b: Torkoal|14/100\n|\n|t:|1771313205\n|switch|p2b: Tornadus|Tornadus, L50, M, shiny|100/100|[from] U-turn\n|move|p1b: Torkoal|Eruption|p2b: Tornadus|[spread] p2a,p2b\n|-resisted|p2a: Miraidon\n|-damage|p2a: Miraidon|69/100\n|-damage|p2b: Tornadus|91/100\n|\n|-weather|SunnyDay|[upkeep]\n|upkeep\n|\n|t:|1771313217\n|switch|p1a: Lunala|Lunala, L50, shiny|100/100\n|turn|3\n|\n|t:|1771313228\n|move|p2b: Tornadus|Rain Dance|p2b: Tornadus\n|-weather|RainDance\n|move|p2a: Miraidon|Snarl|p1b: Torkoal|[spread] p1a,p1b\n|-supereffective|p1a: Lunala\n|-damage|p1a: Lunala|62/100\n|-damage|p1b: Torkoal|0 fnt\n|-unboost|p1a: Lunala|spa|1\n|faint|p1b: Torkoal\n|move|p1a: Lunala|Meteor Beam||[still]\n|-prepare|p1a: Lunala|Meteor Beam\n|-boost|p1a: Lunala|spa|1\n|-enditem|p1a: Lunala|Power Herb\n|-anim|p1a: Lunala|Meteor Beam|p2a: Miraidon\n|-damage|p2a: Miraidon|34/100\n|\n|-weather|RainDance|[upkeep]\n|upkeep\n|\n|t:|1771313241\n|switch|p1b: Indeedee|Indeedee-F, L50, F|100/100\n|-fieldstart|move: Psychic Terrain|[from] ability: Psychic Surge|[of] p1b: Indeedee\n|turn|4\n|\n|t:|1771313252\n|move|p2a: Miraidon|Snarl|p1a: Lunala|[spread] p1a,p1b\n|-supereffective|p1a: Lunala\n|-supereffective|p1b: Indeedee\n|-damage|p1a: Lunala|7/100\n|-damage|p1b: Indeedee|61/100\n|-unboost|p1a: Lunala|spa|1\n|-unboost|p1b: Indeedee|spa|1\n|move|p2b: Tornadus|Icy Wind|p1a: Lunala|[spread] p1a,p1b\n|-damage|p1a: Lunala|0 fnt\n|-damage|p1b: Indeedee|49/100\n|-unboost|p1b: Indeedee|spe|1\n|faint|p1a: Lunala\n|move|p1b: Indeedee|Trick Room|p1b: Indeedee\n|-fieldstart|move: Trick Room|[of] p1b: Indeedee\n|\n|-weather|RainDance|[upkeep]\n|upkeep\n|turn|5\n|-message|Tritonfrostbane forfeited.\n|\n|win|EllenJoe2026\n|raw|Tritonfrostbane's rating: 1352 &rarr; <strong>1335</strong><br />(-17 for losing)\n|raw|EllenJoe2026's rating: 1397 &rarr; <strong>1414</strong><br />(+17 for winning)\n|l|\u2606EllenJoe2026\n|player|p2|\n","uploadtime":1771313510,"views":14,"formatid":"gen9vgc2026regi","rating":1335,"private":0,"password":null}