{"id":"gen9vgc2026regi-2566976059","format":"[Gen 9] VGC 2026 Reg I","players":["suc vat vk","dasabe\u76d6\u6b27\u5361\u4fa0"],"log":"|j|\u2606suc vat vk\n|j|\u2606dasabe\u76d6\u6b27\u5361\u4fa0\n|t:|1774437277\n|gametype|doubles\n|player|p1|suc vat vk|kimonogirl|1454\n|player|p2|dasabe\u76d6\u6b27\u5361\u4fa0|may-masters4|1617\n|gen|9\n|tier|[Gen 9] VGC 2026 Reg I\n|rated|\n|rule|Species Clause: Limit one of each Pok\u00e9mon\n|rule|Item Clause: Limit 1 of each item\n|clearpoke\n|poke|p1|Kyogre, L50|\n|poke|p1|Iron Jugulis, L50|\n|poke|p1|Amoonguss, L50, M|\n|poke|p1|Calyrex-Ice, L50|\n|poke|p1|Indeedee-F, L50, F|\n|poke|p1|Urshifu-*, L50, F|\n|poke|p2|Miraidon, L50|\n|poke|p2|Groudon, L50|\n|poke|p2|Walking Wake, L50|\n|poke|p2|Grimmsnarl, L50, M|\n|poke|p2|Incineroar, L50, M|\n|poke|p2|Ditto, L50|\n|teampreview|4\n|\n|t:|1774437304\n|teamsize|p1|4\n|teamsize|p2|4\n|start\n|switch|p1a: Indeedee|Indeedee-F, L50, F|100/100\n|switch|p1b: Iron Jugulis|Iron Jugulis, L50|100/100\n|switch|p2a: \u94f6\u91d1\u5996\u86c7|Miraidon, L50, shiny|100/100\n|switch|p2b: \u94f6\u6bdb\u6ee1\u8eab|Grimmsnarl, L50, M, shiny|100/100\n|-fieldstart|move: Electric Terrain|[from] ability: Hadron Engine|[of] p2a: \u94f6\u91d1\u5996\u86c7\n|-activate|p1b: Iron Jugulis|ability: Quark Drive\n|-start|p1b: Iron Jugulis|quarkdrivespe\n|-fieldstart|move: Psychic Terrain|[from] ability: Psychic Surge|[of] p1a: Indeedee\n|-end|p1b: Iron Jugulis|Quark Drive\n|-enditem|p1b: Iron Jugulis|Booster Energy\n|-activate|p1b: Iron Jugulis|ability: Quark Drive|[fromitem]\n|-start|p1b: Iron Jugulis|quarkdrivespe\n|turn|1\n|\n|t:|1774437311\n|move|p1a: Indeedee|Follow Me|p1a: Indeedee\n|-singleturn|p1a: Indeedee|move: Follow Me\n|move|p2b: \u94f6\u6bdb\u6ee1\u8eab|Light Screen|p2b: \u94f6\u6bdb\u6ee1\u8eab\n|-sidestart|p2: dasabe\u76d6\u6b27\u5361\u4fa0|move: Light Screen\n|move|p1b: Iron Jugulis|Snarl|p2b: \u94f6\u6bdb\u6ee1\u8eab|[spread] p2b\n|-miss|p1b: Iron Jugulis|p2a: \u94f6\u91d1\u5996\u86c7\n|-resisted|p2b: \u94f6\u6bdb\u6ee1\u8eab\n|-damage|p2b: \u94f6\u6bdb\u6ee1\u8eab|97/100\n|-unboost|p2b: \u94f6\u6bdb\u6ee1\u8eab|spa|1\n|move|p2a: \u94f6\u91d1\u5996\u86c7|Calm Mind|p2a: \u94f6\u91d1\u5996\u86c7\n|-boost|p2a: \u94f6\u91d1\u5996\u86c7|spa|1\n|-boost|p2a: \u94f6\u91d1\u5996\u86c7|spd|1\n|\n|upkeep\n|turn|2\n|\n|t:|1774437321\n|move|p1b: Iron Jugulis|Snarl|p2a: \u94f6\u91d1\u5996\u86c7|[spread] p2a,p2b\n|-resisted|p2b: \u94f6\u6bdb\u6ee1\u8eab\n|-damage|p2a: \u94f6\u91d1\u5996\u86c7|93/100\n|-damage|p2b: \u94f6\u6bdb\u6ee1\u8eab|95/100\n|-unboost|p2b: \u94f6\u6bdb\u6ee1\u8eab|spa|1\n|move|p2a: \u94f6\u91d1\u5996\u86c7|Calm Mind|p2a: \u94f6\u91d1\u5996\u86c7\n|-boost|p2a: \u94f6\u91d1\u5996\u86c7|spa|1\n|-boost|p2a: \u94f6\u91d1\u5996\u86c7|spd|1\n|move|p2b: \u94f6\u6bdb\u6ee1\u8eab|Spirit Break|p1b: Iron Jugulis\n|-supereffective|p1b: Iron Jugulis\n|-damage|p1b: Iron Jugulis|32/100\n|-unboost|p1b: Iron Jugulis|spa|1\n|move|p1a: Indeedee|Trick Room|p1a: Indeedee\n|-fieldstart|move: Trick Room|[of] p1a: Indeedee\n|\n|upkeep\n|turn|3\n|\n|t:|1774437329\n|move|p1a: Indeedee|Follow Me|p1a: Indeedee\n|-singleturn|p1a: Indeedee|move: Follow Me\n|move|p2b: \u94f6\u6bdb\u6ee1\u8eab|Spirit Break|p1a: Indeedee\n|-damage|p1a: Indeedee|66/100\n|-unboost|p1a: Indeedee|spa|1\n|-enditem|p1a: Indeedee|Eject Button\n|inactive|Battle timer is ON: inactive players will automatically lose when time's up. (requested by dasabe\u76d6\u6b27\u5361\u4fa0)\n|\n|t:|1774437353\n|switch|p1a: Calyrex|Calyrex-Ice, L50|100/100\n|-ability|p1a: Calyrex|As One\n|-ability|p1a: Calyrex|Unnerve\n|move|p2a: \u94f6\u91d1\u5996\u86c7|Calm Mind|p2a: \u94f6\u91d1\u5996\u86c7\n|-boost|p2a: \u94f6\u91d1\u5996\u86c7|spa|1\n|-boost|p2a: \u94f6\u91d1\u5996\u86c7|spd|1\n|move|p1b: Iron Jugulis|Taunt|p2a: \u94f6\u91d1\u5996\u86c7\n|-start|p2a: \u94f6\u91d1\u5996\u86c7|move: Taunt\n|\n|upkeep\n|turn|4\n|\n|t:|1774437360\n|-terastallize|p1a: Calyrex|Grass\n|-terastallize|p2a: \u94f6\u91d1\u5996\u86c7|Fairy\n|move|p2b: \u94f6\u6bdb\u6ee1\u8eab|Reflect|p2b: \u94f6\u6bdb\u6ee1\u8eab\n|-sidestart|p2: dasabe\u76d6\u6b27\u5361\u4fa0|Reflect\n|move|p1a: Calyrex|Swords Dance|p1a: Calyrex\n|-boost|p1a: Calyrex|atk|2\n|move|p2a: \u94f6\u91d1\u5996\u86c7|Dazzling Gleam|p1a: Calyrex|[spread] p1a,p1b\n|-supereffective|p1b: Iron Jugulis\n|-damage|p1a: Calyrex|51/100\n|-damage|p1b: Iron Jugulis|0 fnt\n|faint|p1b: Iron Jugulis\n|-end|p1b: Iron Jugulis|Quark Drive|[silent]\n|\n|upkeep\n|\n|t:|1774437367\n|switch|p1b: Indeedee|Indeedee-F, L50, F|66/100\n|turn|5\n|\n|t:|1774437373\n|switch|p2b: \u629b\u5f00\u864e\u54e5\u54ee\u7a74|Incineroar, L50, M|100/100\n|-ability|p2b: \u629b\u5f00\u864e\u54e5\u54ee\u7a74|Intimidate|boost\n|-unboost|p1a: Calyrex|atk|1\n|-unboost|p1b: Indeedee|atk|1\n|move|p1b: Indeedee|Helping Hand|p1a: Calyrex\n|-singleturn|p1a: Calyrex|Helping Hand|[of] p1b: Indeedee\n|move|p1a: Calyrex|Glacial Lance|p2b: \u629b\u5f00\u864e\u54e5\u54ee\u7a74|[spread] p2a,p2b\n|-resisted|p2b: \u629b\u5f00\u864e\u54e5\u54ee\u7a74\n|-damage|p2a: \u94f6\u91d1\u5996\u86c7|12/100\n|-damage|p2b: \u629b\u5f00\u864e\u54e5\u54ee\u7a74|65/100\n|move|p2a: \u94f6\u91d1\u5996\u86c7|Dazzling Gleam|p1b: Indeedee|[spread] p1a,p1b\n|-damage|p1a: Calyrex|2/100\n|-damage|p1b: Indeedee|0 fnt\n|faint|p1b: Indeedee\n|\n|-fieldend|move: Psychic Terrain\n|upkeep\n|\n|t:|1774437382\n|switch|p1b: Kyogre|Kyogre, L50, shiny|100/100\n|-weather|RainDance|[from] ability: Drizzle|[of] p1b: Kyogre\n|turn|6\n|\n|t:|1774437387\n|switch|p2a: P\u56fa\u771f\u5927|Groudon, L50, shiny|100/100\n|-weather|SunnyDay|[from] ability: Drought|[of] p2a: P\u56fa\u771f\u5927\n|move|p2b: \u629b\u5f00\u864e\u54e5\u54ee\u7a74|Fake Out|p1a: Calyrex\n|-damage|p1a: Calyrex|0 fnt\n|faint|p1a: Calyrex\n|move|p1b: Kyogre|Origin Pulse|p2a: P\u56fa\u771f\u5927|[spread] p2a,p2b\n|-supereffective|p2a: P\u56fa\u771f\u5927\n|-supereffective|p2b: \u629b\u5f00\u864e\u54e5\u54ee\u7a74\n|-damage|p2a: P\u56fa\u771f\u5927|49/100\n|-damage|p2b: \u629b\u5f00\u864e\u54e5\u54ee\u7a74|36/100\n|\n|-weather|SunnyDay|[upkeep]\n|-fieldend|move: Trick Room\n|upkeep\n|turn|7\n|\n|t:|1774437393\n|move|p2a: P\u56fa\u771f\u5927|Protect|p2a: P\u56fa\u771f\u5927\n|-singleturn|p2a: P\u56fa\u771f\u5927|Protect\n|move|p1b: Kyogre|Origin Pulse|p2b: \u629b\u5f00\u864e\u54e5\u54ee\u7a74|[spread] p2b\n|-activate|p2a: P\u56fa\u771f\u5927|move: Protect\n|-supereffective|p2b: \u629b\u5f00\u864e\u54e5\u54ee\u7a74\n|-damage|p2b: \u629b\u5f00\u864e\u54e5\u54ee\u7a74|4/100\n|move|p2b: \u629b\u5f00\u864e\u54e5\u54ee\u7a74|U-turn|p1b: Kyogre\n|-damage|p1b: Kyogre|80/100\n|\n|t:|1774437395\n|switch|p2b: \u94f6\u91d1\u5996\u86c7|Miraidon, L50, shiny, tera:Fairy|12/100|[from] U-turn\n|-fieldstart|move: Electric Terrain|[from] ability: Hadron Engine|[of] p2b: \u94f6\u91d1\u5996\u86c7\n|\n|-weather|SunnyDay|[upkeep]\n|upkeep\n|turn|8\n|\n|t:|1774437398\n|move|p2b: \u94f6\u91d1\u5996\u86c7|Electro Drift|p1b: Kyogre\n|-supereffective|p1b: Kyogre\n|-damage|p1b: Kyogre|0 fnt\n|faint|p1b: Kyogre\n|\n|win|dasabe\u76d6\u6b27\u5361\u4fa0\n|raw|suc vat vk's rating: 1454 &rarr; <strong>1443</strong><br />(-11 for losing)\n|raw|dasabe\u76d6\u6b27\u5361\u4fa0's rating: 1617 &rarr; <strong>1628</strong><br />(+11 for winning)\n|l|\u2606suc vat vk\n|player|p1|\n|l|\u2606dasabe\u76d6\u6b27\u5361\u4fa0\n|player|p2|\n","uploadtime":1774437571,"views":13,"formatid":"gen9vgc2026regi","rating":1443,"private":0,"password":null}