{"id":"gen9vgc2026regi-2525216274","format":"[Gen 9] VGC 2026 Reg I","players":["ronjansje","blackred123"],"log":"|j|\u2606ronjansje\n|j|\u2606blackred123\n|t:|1769250870\n|gametype|doubles\n|player|p1|ronjansje|dawn-gen4pt|1281\n|player|p2|blackred123|iono-masters|1371\n|gen|9\n|tier|[Gen 9] VGC 2026 Reg I\n|rated|\n|rule|Species Clause: Limit one of each Pok\u00e9mon\n|rule|Item Clause: Limit 1 of each item\n|clearpoke\n|poke|p1|Groudon, L50|\n|poke|p1|Ho-Oh, L50|\n|poke|p1|Flutter Mane, L50|\n|poke|p1|Iron Hands, L50|\n|poke|p1|Sableye, L50, F|\n|poke|p1|Infernape, L50, F|\n|poke|p2|Kyogre, L50|\n|poke|p2|Calyrex-Ice, L50|\n|poke|p2|Iron Jugulis, L50|\n|poke|p2|Amoonguss, L50, F|\n|poke|p2|Indeedee-F, L50, F|\n|poke|p2|Urshifu-*, L50, F|\n|teampreview|4\n|inactive|Battle timer is ON: inactive players will automatically lose when time's up. (requested by blackred123)\n|inactive|ronjansje has 60 seconds left.\n|inactive|ronjansje has 30 seconds left.\n|\n|t:|1769250937\n|teamsize|p1|4\n|teamsize|p2|4\n|start\n|switch|p1a: Sableye|Sableye, L50, F, shiny|100/100\n|switch|p1b: Flutter Mane|Flutter Mane, L50|100/100\n|switch|p2a: Calyrex|Calyrex-Ice, L50|100/100\n|switch|p2b: Iron Jugulis|Iron Jugulis, L50|100/100\n|-ability|p2a: Calyrex|As One\n|-ability|p2a: Calyrex|Unnerve\n|-enditem|p2b: Iron Jugulis|Booster Energy\n|-activate|p2b: Iron Jugulis|ability: Quark Drive|[fromitem]\n|-start|p2b: Iron Jugulis|quarkdrivespe\n|turn|1\n|\n|t:|1769250957\n|-terastallize|p2a: Calyrex|Grass\n|move|p1a: Sableye|Will-O-Wisp|p2a: Calyrex\n|-status|p2a: Calyrex|brn\n|move|p2b: Iron Jugulis|Snarl|p1a: Sableye|[spread] p1a,p1b\n|-damage|p1a: Sableye|81/100\n|-damage|p1b: Flutter Mane|82/100\n|-unboost|p1a: Sableye|spa|1\n|-unboost|p1b: Flutter Mane|spa|1\n|-enditem|p1a: Sableye|Red Card|[of] p2b: Iron Jugulis\n|-end|p2b: Iron Jugulis|Quark Drive|[silent]\n|drag|p2b: Kyogre|Kyogre, L50|100/100\n|-weather|RainDance|[from] ability: Drizzle|[of] p2b: Kyogre\n|move|p1b: Flutter Mane|Moonblast|p2b: Kyogre\n|-damage|p2b: Kyogre|62/100\n|-unboost|p2b: Kyogre|spa|1\n|move|p2a: Calyrex|Glacial Lance|p1a: Sableye|[spread] p1a,p1b\n|-damage|p1a: Sableye|43/100\n|-damage|p1b: Flutter Mane|18/100\n|\n|-weather|RainDance|[upkeep]\n|-damage|p2a: Calyrex|95/100 brn|[from] brn\n|upkeep\n|turn|2\n|inactive|ronjansje has 30 seconds left.\n|inactive|blackred123 has 30 seconds left.\n|inactive|blackred123 has 20 seconds left.\n|\n|t:|1769250992\n|-end|p1b: Flutter Mane|Protosynthesis|[silent]\n|switch|p1b: Ho-Oh|Ho-Oh, L50, shiny|100/100\n|switch|p2b: Iron Jugulis|Iron Jugulis, L50|100/100\n|move|p1a: Sableye|Sunny Day|p1a: Sableye\n|-weather|SunnyDay\n|move|p2a: Calyrex|Glacial Lance|p1a: Sableye|[spread] p1a,p1b\n|-damage|p1a: Sableye|0 fnt\n|-damage|p1b: Ho-Oh|74/100\n|faint|p1a: Sableye\n|-ability|p2a: Calyrex|Chilling Neigh|boost\n|-boost|p2a: Calyrex|atk|1\n|\n|-weather|SunnyDay|[upkeep]\n|-damage|p2a: Calyrex|89/100 brn|[from] brn\n|upkeep\n|inactive|ronjansje has 30 seconds left.\n|\n|t:|1769251018\n|switch|p1a: Flutter Mane|Flutter Mane, L50|18/100\n|-activate|p1a: Flutter Mane|ability: Protosynthesis\n|-start|p1a: Flutter Mane|protosynthesisspe\n|turn|3\n|\n|t:|1769251040\n|-end|p2b: Iron Jugulis|Quark Drive|[silent]\n|switch|p2b: Kyogre|Kyogre, L50|62/100\n|-weather|RainDance|[from] ability: Drizzle|[of] p2b: Kyogre\n|-end|p1a: Flutter Mane|Protosynthesis\n|move|p1a: Flutter Mane|Moonblast|p2a: Calyrex\n|-damage|p2a: Calyrex|38/100 brn\n|move|p1b: Ho-Oh|Brave Bird|p2a: Calyrex\n|-supereffective|p2a: Calyrex\n|-damage|p2a: Calyrex|0 fnt\n|faint|p2a: Calyrex\n|-damage|p1b: Ho-Oh|62/100|[from] Recoil\n|\n|-weather|RainDance|[upkeep]\n|upkeep\n|\n|t:|1769251052\n|switch|p2a: Urshifu|Urshifu-Rapid-Strike, L50, F|100/100\n|turn|4\n|\n|t:|1769251073\n|-end|p1a: Flutter Mane|Protosynthesis|[silent]\n|switch|p1a: Groudon|Groudon, L50, shiny|100/100\n|-weather|SunnyDay|[from] ability: Drought|[of] p1a: Groudon\n|-terastallize|p1b: Ho-Oh|Grass\n|move|p2a: Urshifu|Aqua Jet|p1a: Groudon\n|-supereffective|p1a: Groudon\n|-damage|p1a: Groudon|86/100\n|move|p1b: Ho-Oh|Brave Bird|p2a: Urshifu\n|-supereffective|p2a: Urshifu\n|-damage|p2a: Urshifu|0 fnt\n|faint|p2a: Urshifu\n|-damage|p1b: Ho-Oh|30/100|[from] Recoil\n|move|p2b: Kyogre|Origin Pulse|p1b: Ho-Oh|[spread] p1a,p1b\n|-supereffective|p1a: Groudon\n|-resisted|p1b: Ho-Oh\n|-damage|p1a: Groudon|0 fnt\n|-damage|p1b: Ho-Oh|20/100\n|faint|p1a: Groudon\n|\n|-weather|SunnyDay|[upkeep]\n|upkeep\n|\n|t:|1769251087\n|switch|p1a: Flutter Mane|Flutter Mane, L50|18/100\n|switch|p2a: Iron Jugulis|Iron Jugulis, L50|100/100\n|-activate|p1a: Flutter Mane|ability: Protosynthesis\n|-start|p1a: Flutter Mane|protosynthesisspe\n|turn|5\n|\n|t:|1769251104\n|move|p1a: Flutter Mane|Moonblast|p2a: Iron Jugulis\n|-supereffective|p2a: Iron Jugulis\n|-damage|p2a: Iron Jugulis|0 fnt\n|faint|p2a: Iron Jugulis\n|-end|p2a: Iron Jugulis|Quark Drive|[silent]\n|move|p1b: Ho-Oh|Brave Bird|p2b: Kyogre\n|-damage|p2b: Kyogre|1/100\n|-damage|p1b: Ho-Oh|0 fnt|[from] Recoil\n|faint|p1b: Ho-Oh\n|move|p2b: Kyogre|Origin Pulse|p1a: Flutter Mane\n|-damage|p1a: Flutter Mane|0 fnt\n|faint|p1a: Flutter Mane\n|-end|p1a: Flutter Mane|Protosynthesis|[silent]\n|\n|win|blackred123\n|raw|ronjansje's rating: 1281 &rarr; <strong>1262</strong><br />(-19 for losing)\n|raw|blackred123's rating: 1371 &rarr; <strong>1386</strong><br />(+15 for winning)\n|l|\u2606ronjansje\n|player|p1|\n|j| ahacjy\u7535\u9986\u4e3b\n|l| ahacjy\u7535\u9986\u4e3b\n|j| Forever1507\n|l| Forever1507\n","uploadtime":1769251135,"views":13,"formatid":"gen9vgc2026regi","rating":1262,"private":0,"password":null}