{"id":"gen9vgc2026regi-2543517971","format":"[Gen 9] VGC 2026 Reg I","players":["blackred123","kilothegreat"],"log":"|j|\u2606blackred123\n|j|\u2606kilothegreat\n|t:|1771587266\n|gametype|doubles\n|player|p1|blackred123|iono-masters|1363\n|player|p2|kilothegreat|265|1349\n|gen|9\n|tier|[Gen 9] VGC 2026 Reg I\n|rated|\n|rule|Species Clause: Limit one of each Pok\u00e9mon\n|rule|Item Clause: Limit 1 of each item\n|clearpoke\n|poke|p1|Miraidon, L50|\n|poke|p1|Calyrex-Ice, L50|\n|poke|p1|Incineroar, L50, F|\n|poke|p1|Grimmsnarl, L50, M|\n|poke|p1|Urshifu-*, L50, M|\n|poke|p1|Ursaluna-Bloodmoon, L50, M|\n|poke|p2|Koraidon, L50|\n|poke|p2|Flutter Mane, L50|\n|poke|p2|Incineroar, L50, F|\n|poke|p2|Amoonguss, L50, M|\n|poke|p2|Lunala, L50|\n|poke|p2|Ursaluna, L50, M|\n|teampreview|4\n|inactive|Battle timer is ON: inactive players will automatically lose when time's up. (requested by blackred123)\n|\n|t:|1771587294\n|teamsize|p1|4\n|teamsize|p2|4\n|start\n|switch|p1a: \u94f6\u91d1\u7535\u86c7|Miraidon, L50, shiny|100/100\n|switch|p1b: \u5de8\u6839\u7537\u6a21|Grimmsnarl, L50, M|100/100\n|switch|p2a: Koraidon|Koraidon, L50|100/100\n|switch|p2b: Flutter Mane|Flutter Mane, L50, shiny|100/100\n|-weather|SunnyDay|[from] ability: Orichalcum Pulse|[of] p2a: Koraidon\n|-activate|p2b: Flutter Mane|ability: Protosynthesis\n|-start|p2b: Flutter Mane|protosynthesisspe\n|-activate|p2a: Koraidon|Orichalcum Pulse|[source]\n|-fieldstart|move: Electric Terrain|[from] ability: Hadron Engine|[of] p1a: \u94f6\u91d1\u7535\u86c7\n|turn|1\n|\n|t:|1771587319\n|-terastallize|p2a: Koraidon|Fire\n|move|p1b: \u5de8\u6839\u7537\u6a21|Reflect|p1b: \u5de8\u6839\u7537\u6a21\n|-sidestart|p1: blackred123|Reflect\n|move|p2b: Flutter Mane|Moonblast|p1a: \u94f6\u91d1\u7535\u86c7\n|-supereffective|p1a: \u94f6\u91d1\u7535\u86c7\n|-damage|p1a: \u94f6\u91d1\u7535\u86c7|16/100\n|move|p2a: Koraidon|Flare Blitz|p1b: \u5de8\u6839\u7537\u6a21\n|-damage|p1b: \u5de8\u6839\u7537\u6a21|0 fnt\n|faint|p1b: \u5de8\u6839\u7537\u6a21\n|-damage|p2a: Koraidon|62/100|[from] Recoil\n|-damage|p2a: Koraidon|53/100|[from] item: Life Orb\n|move|p1a: \u94f6\u91d1\u7535\u86c7|Volt Switch|p2b: Flutter Mane\n|-damage|p2b: Flutter Mane|13/100\n|\n|t:|1771587334\n|switch|p1a: \u629b\u4e0b\u864e\u54e5\u5578\u7a74|Incineroar, L50, F|100/100|[from] Volt Switch\n|-ability|p1a: \u629b\u4e0b\u864e\u54e5\u5578\u7a74|Intimidate|boost\n|-unboost|p2a: Koraidon|atk|1\n|-unboost|p2b: Flutter Mane|atk|1\n|\n|-weather|SunnyDay|[upkeep]\n|upkeep\n|\n|t:|1771587337\n|switch|p1b: \u5996\u64b8\u51a0\u4e86|Calyrex-Ice, L50|100/100\n|-ability|p1b: \u5996\u64b8\u51a0\u4e86|As One\n|-ability|p1b: \u5996\u64b8\u51a0\u4e86|Unnerve\n|turn|2\n|\n|t:|1771587353\n|switch|p2a: Incineroar|Incineroar, L50, F|100/100\n|-ability|p2a: Incineroar|Intimidate|boost\n|-unboost|p1a: \u629b\u4e0b\u864e\u54e5\u5578\u7a74|atk|1\n|-unboost|p1b: \u5996\u64b8\u51a0\u4e86|atk|1\n|-terastallize|p1b: \u5996\u64b8\u51a0\u4e86|Fairy\n|move|p2b: Flutter Mane|Protect|p2b: Flutter Mane\n|-singleturn|p2b: Flutter Mane|Protect\n|move|p1a: \u629b\u4e0b\u864e\u54e5\u5578\u7a74|Parting Shot|p2b: Flutter Mane\n|-activate|p2b: Flutter Mane|move: Protect\n|move|p1b: \u5996\u64b8\u51a0\u4e86|Glacial Lance|p2b: Flutter Mane|[spread] p2a\n|-activate|p2b: Flutter Mane|move: Protect\n|-resisted|p2a: Incineroar\n|-damage|p2a: Incineroar|86/100\n|\n|-weather|SunnyDay|[upkeep]\n|upkeep\n|turn|3\n|\n|t:|1771587377\n|-end|p2b: Flutter Mane|Protosynthesis|[silent]\n|switch|p2b: Koraidon|Koraidon, L50, tera:Fire|53/100\n|-activate|p2b: Koraidon|ability: Orichalcum Pulse\n|move|p2a: Incineroar|Fake Out|p1a: \u629b\u4e0b\u864e\u54e5\u5578\u7a74\n|-damage|p1a: \u629b\u4e0b\u864e\u54e5\u5578\u7a74|94/100\n|move|p1a: \u629b\u4e0b\u864e\u54e5\u5578\u7a74|Knock Off|p2b: Koraidon\n|-damage|p2b: Koraidon|30/100\n|-enditem|p2b: Koraidon|Life Orb|[from] move: Knock Off|[of] p1a: \u629b\u4e0b\u864e\u54e5\u5578\u7a74\n|move|p1b: \u5996\u64b8\u51a0\u4e86|Leech Seed|p2a: Incineroar\n|-start|p2a: Incineroar|move: Leech Seed\n|\n|-weather|SunnyDay|[upkeep]\n|-damage|p2a: Incineroar|73/100|[from] Leech Seed|[of] p1b: \u5996\u64b8\u51a0\u4e86\n|upkeep\n|turn|4\n|inactive|blackred123 has 30 seconds left.\n|\n|t:|1771587402\n|move|p2b: Koraidon|Flare Blitz|p1b: \u5996\u64b8\u51a0\u4e86\n|-damage|p1b: \u5996\u64b8\u51a0\u4e86|53/100\n|-damage|p2b: Koraidon|12/100|[from] Recoil\n|move|p1a: \u629b\u4e0b\u864e\u54e5\u5578\u7a74|Knock Off|p2a: Incineroar\n|-resisted|p2a: Incineroar\n|-damage|p2a: Incineroar|61/100\n|-enditem|p2a: Incineroar|Safety Goggles|[from] move: Knock Off|[of] p1a: \u629b\u4e0b\u864e\u54e5\u5578\u7a74\n|move|p2a: Incineroar|Parting Shot|p1a: \u629b\u4e0b\u864e\u54e5\u5578\u7a74\n|-unboost|p1a: \u629b\u4e0b\u864e\u54e5\u5578\u7a74|atk|1\n|-unboost|p1a: \u629b\u4e0b\u864e\u54e5\u5578\u7a74|spa|1\n|\n|t:|1771587407\n|switch|p2a: Lunala|Lunala, L50|100/100|[from] Parting Shot\n|move|p1b: \u5996\u64b8\u51a0\u4e86|Glacial Lance|p2a: Lunala|[spread] p2a,p2b\n|-resisted|p2b: Koraidon\n|-damage|p2a: Lunala|85/100\n|-damage|p2b: Koraidon|0 fnt\n|faint|p2b: Koraidon\n|-ability|p1b: \u5996\u64b8\u51a0\u4e86|Chilling Neigh|boost\n|-boost|p1b: \u5996\u64b8\u51a0\u4e86|atk|1\n|\n|-weather|SunnyDay|[upkeep]\n|-heal|p1b: \u5996\u64b8\u51a0\u4e86|59/100|[from] item: Leftovers\n|upkeep\n|\n|t:|1771587413\n|switch|p2b: Incineroar|Incineroar, L50, F|61/100\n|-ability|p2b: Incineroar|Intimidate|boost\n|-unboost|p1a: \u629b\u4e0b\u864e\u54e5\u5578\u7a74|atk|1\n|-unboost|p1b: \u5996\u64b8\u51a0\u4e86|atk|1\n|turn|5\n|\n|t:|1771587428\n|move|p2b: Incineroar|Fake Out|p1a: \u629b\u4e0b\u864e\u54e5\u5578\u7a74\n|-damage|p1a: \u629b\u4e0b\u864e\u54e5\u5578\u7a74|88/100\n|move|p2a: Lunala|Moonblast|p1a: \u629b\u4e0b\u864e\u54e5\u5578\u7a74\n|-damage|p1a: \u629b\u4e0b\u864e\u54e5\u5578\u7a74|63/100\n|move|p1a: \u629b\u4e0b\u864e\u54e5\u5578\u7a74|Knock Off|p2a: Lunala\n|-supereffective|p2a: Lunala\n|-damage|p2a: Lunala|38/100\n|-enditem|p2a: Lunala|Covert Cloak|[from] move: Knock Off|[of] p1a: \u629b\u4e0b\u864e\u54e5\u5578\u7a74\n|move|p1b: \u5996\u64b8\u51a0\u4e86|Leech Seed|p2a: Lunala|[miss]\n|-miss|p1b: \u5996\u64b8\u51a0\u4e86|p2a: Lunala\n|\n|-weather|none\n|-heal|p1b: \u5996\u64b8\u51a0\u4e86|65/100|[from] item: Leftovers\n|-fieldend|move: Electric Terrain\n|upkeep\n|turn|6\n|\n|t:|1771587446\n|move|p2a: Lunala|Moongeist Beam|p1b: \u5996\u64b8\u51a0\u4e86\n|-damage|p1b: \u5996\u64b8\u51a0\u4e86|29/100\n|move|p1a: \u629b\u4e0b\u864e\u54e5\u5578\u7a74|Knock Off|p2a: Lunala\n|-supereffective|p2a: Lunala\n|-damage|p2a: Lunala|1/100\n|move|p2b: Incineroar|Will-O-Wisp|p1b: \u5996\u64b8\u51a0\u4e86|[miss]\n|-miss|p2b: Incineroar|p1b: \u5996\u64b8\u51a0\u4e86\n|move|p1b: \u5996\u64b8\u51a0\u4e86|Leech Seed|p2b: Incineroar\n|-start|p2b: Incineroar|move: Leech Seed\n|\n|-heal|p1b: \u5996\u64b8\u51a0\u4e86|34/100|[from] item: Leftovers\n|-damage|p2b: Incineroar|49/100|[from] Leech Seed|[of] p1b: \u5996\u64b8\u51a0\u4e86\n|-heal|p1b: \u5996\u64b8\u51a0\u4e86|46/100|[silent]\n|upkeep\n|turn|7\n|\n|t:|1771587469\n|move|p1b: \u5996\u64b8\u51a0\u4e86|Protect|p1b: \u5996\u64b8\u51a0\u4e86\n|-singleturn|p1b: \u5996\u64b8\u51a0\u4e86|Protect\n|move|p2a: Lunala|Moongeist Beam|p1b: \u5996\u64b8\u51a0\u4e86\n|-activate|p1b: \u5996\u64b8\u51a0\u4e86|move: Protect\n|move|p1a: \u629b\u4e0b\u864e\u54e5\u5578\u7a74|Knock Off|p2a: Lunala\n|-supereffective|p2a: Lunala\n|-damage|p2a: Lunala|0 fnt\n|faint|p2a: Lunala\n|move|p2b: Incineroar|Will-O-Wisp|p1b: \u5996\u64b8\u51a0\u4e86\n|-activate|p1b: \u5996\u64b8\u51a0\u4e86|move: Protect\n|\n|-heal|p1b: \u5996\u64b8\u51a0\u4e86|52/100|[from] item: Leftovers\n|-damage|p2b: Incineroar|37/100|[from] Leech Seed|[of] p1b: \u5996\u64b8\u51a0\u4e86\n|-heal|p1b: \u5996\u64b8\u51a0\u4e86|64/100|[silent]\n|upkeep\n|-message|kilothegreat forfeited.\n|\n|win|blackred123\n|raw|blackred123's rating: 1363 &rarr; <strong>1382</strong><br />(+19 for winning)\n|raw|kilothegreat's rating: 1349 &rarr; <strong>1330</strong><br />(-19 for losing)\n|l|\u2606kilothegreat\n|player|p2|\n|j| pppkjj\n|j| drunk fly\n|l| drunk fly\n|l|\u2606blackred123\n|player|p1|\n|j| happyorunhappy\u6625\u548c\u666f\u660e\n|l| pppkjj\n|l| happyorunhappy\u6625\u548c\u666f\u660e\n|j| QUQeee\n|l| QUQeee\n|j| yueyuexiong\n|l| yueyuexiong\n|j| www132\n|l| www132\n|j| eggyhvevo\n","uploadtime":1771587491,"views":13,"formatid":"gen9vgc2026regi","rating":1330,"private":0,"password":null}