{"id":"gen9vgc2026regi-2554937244","format":"[Gen 9] VGC 2026 Reg I","players":["ZJESKIN","jj11j1"],"log":"|j|\u2606ZJESKIN\n|j|\u2606jj11j1\n|t:|1773030342\n|gametype|doubles\n|player|p1|ZJESKIN|102|1259\n|player|p2|jj11j1|265|1249\n|gen|9\n|tier|[Gen 9] VGC 2026 Reg I\n|rated|\n|rule|Species Clause: Limit one of each Pok\u00e9mon\n|rule|Item Clause: Limit 1 of each item\n|clearpoke\n|poke|p1|Raichu, L50, M|\n|poke|p1|Kyogre, L50|\n|poke|p1|Rillaboom, L50, M|\n|poke|p1|Flutter Mane, L50|\n|poke|p1|Zamazenta-*, L50|\n|poke|p1|Ogerpon-Wellspring, L50, F|\n|poke|p2|Kyogre, L50|\n|poke|p2|Calyrex-Ice, L50|\n|poke|p2|Landorus, L50, M|\n|poke|p2|Urshifu-*, L50, F|\n|poke|p2|Smeargle, L50, M|\n|poke|p2|Flutter Mane, L50|\n|teampreview|4\n|inactive|Battle timer is ON: inactive players will automatically lose when time's up. (requested by ZJESKIN)\n|\n|t:|1773030363\n|teamsize|p1|4\n|teamsize|p2|4\n|start\n|switch|p1a: Kyogre|Kyogre, L50, shiny|100/100\n|switch|p1b: Zamazenta|Zamazenta-Crowned, L50, shiny|100/100\n|switch|p2a: Landorus|Landorus, L50, M|100/100\n|switch|p2b: Flutter Mane|Flutter Mane, L50|100/100\n|-weather|RainDance|[from] ability: Drizzle|[of] p1a: Kyogre\n|-ability|p1b: Zamazenta|Dauntless Shield|boost\n|-boost|p1b: Zamazenta|def|1\n|turn|1\n|\n|t:|1773030381\n|move|p1b: Zamazenta|Wide Guard|p1b: Zamazenta\n|-singleturn|p1b: Zamazenta|Wide Guard\n|move|p1a: Kyogre|Water Spout|p2a: Landorus|[spread] p2a,p2b\n|-supereffective|p2a: Landorus\n|-damage|p2a: Landorus|0 fnt\n|-damage|p2b: Flutter Mane|4/100\n|faint|p2a: Landorus\n|move|p2b: Flutter Mane|Trick Room|p2b: Flutter Mane\n|-fieldstart|move: Trick Room|[of] p2b: Flutter Mane\n|\n|-weather|RainDance|[upkeep]\n|upkeep\n|\n|t:|1773030395\n|switch|p2a: Kyogre|Kyogre, L50|100/100\n|turn|2\n|\n|t:|1773030418\n|switch|p1a: Rillaboom|Rillaboom, L50, M, shiny|100/100\n|-fieldstart|move: Grassy Terrain|[from] ability: Grassy Surge|[of] p1a: Rillaboom\n|move|p1b: Zamazenta|Wide Guard|p1b: Zamazenta\n|-singleturn|p1b: Zamazenta|Wide Guard\n|move|p2a: Kyogre|Thunder|p1a: Rillaboom\n|-resisted|p1a: Rillaboom\n|-damage|p1a: Rillaboom|80/100\n|-status|p1a: Rillaboom|par\n|move|p2b: Flutter Mane|Moonblast|p1b: Zamazenta\n|-damage|p1b: Zamazenta|67/100\n|-unboost|p1b: Zamazenta|spa|1\n|\n|-weather|RainDance|[upkeep]\n|-heal|p1a: Rillaboom|86/100 par|[from] Grassy Terrain\n|-heal|p1b: Zamazenta|73/100|[from] Grassy Terrain\n|-heal|p2b: Flutter Mane|10/100|[from] Grassy Terrain\n|upkeep\n|turn|3\n|inactive|jj11j1 has 30 seconds left.\n|\n|t:|1773030449\n|-end|p2b: Flutter Mane|Protosynthesis|[silent]\n|switch|p2b: Calyrex|Calyrex-Ice, L50|100/100\n|-ability|p2b: Calyrex|As One\n|-ability|p2b: Calyrex|Unnerve\n|move|p2a: Kyogre|Protect|p2a: Kyogre\n|-singleturn|p2a: Kyogre|Protect\n|move|p1b: Zamazenta|Wide Guard|p1b: Zamazenta\n|-singleturn|p1b: Zamazenta|Wide Guard\n|cant|p1a: Rillaboom|par\n|\n|-weather|RainDance|[upkeep]\n|-heal|p1a: Rillaboom|91/100 par|[from] Grassy Terrain\n|-heal|p1b: Zamazenta|79/100|[from] Grassy Terrain\n|upkeep\n|turn|4\n|\n|t:|1773030471\n|-terastallize|p2b: Calyrex|Grass\n|move|p1b: Zamazenta|Wide Guard|p1b: Zamazenta\n|-singleturn|p1b: Zamazenta|Wide Guard\n|move|p2a: Kyogre|Hydro Pump|p1b: Zamazenta\n|-damage|p1b: Zamazenta|11/100\n|move|p2b: Calyrex|Glacial Lance|p1a: Rillaboom|[spread] \n|-activate|p1a: Rillaboom|move: Wide Guard\n|-activate|p1b: Zamazenta|move: Wide Guard\n|move|p1a: Rillaboom|Wood Hammer|p2a: Kyogre\n|-supereffective|p2a: Kyogre\n|-damage|p2a: Kyogre|0 fnt\n|faint|p2a: Kyogre\n|-damage|p1a: Rillaboom|55/100 par|[from] Recoil\n|\n|-weather|RainDance|[upkeep]\n|-heal|p1a: Rillaboom|61/100 par|[from] Grassy Terrain\n|-heal|p1b: Zamazenta|17/100|[from] Grassy Terrain\n|upkeep\n|\n|t:|1773030492\n|switch|p2a: Flutter Mane|Flutter Mane, L50|10/100\n|turn|5\n|\n|t:|1773030500\n|move|p1a: Rillaboom|Grassy Glide|p2a: Flutter Mane\n|-damage|p2a: Flutter Mane|0 fnt\n|faint|p2a: Flutter Mane\n|-end|p2a: Flutter Mane|Protosynthesis|[silent]\n|move|p1b: Zamazenta|Heavy Slam|p2b: Calyrex\n|-crit|p2b: Calyrex\n|-damage|p2b: Calyrex|86/100\n|move|p2b: Calyrex|Trick Room|p2b: Calyrex\n|-fieldend|move: Trick Room\n|\n|-weather|none\n|-heal|p1b: Zamazenta|23/100|[from] Grassy Terrain\n|-heal|p1a: Rillaboom|67/100 par|[from] Grassy Terrain\n|-heal|p2b: Calyrex|91/100|[from] Grassy Terrain\n|upkeep\n|turn|6\n|\n|t:|1773030516\n|move|p1b: Zamazenta|Body Press|p2b: Calyrex\n|-damage|p2b: Calyrex|58/100\n|move|p1a: Rillaboom|U-turn|p2b: Calyrex\n|-supereffective|p2b: Calyrex\n|-damage|p2b: Calyrex|27/100\n|\n|t:|1773030521\n|switch|p1a: Ogerpon|Ogerpon-Wellspring, L50, F|100/100|[from] U-turn\n|move|p2b: Calyrex|Trick Room|p2b: Calyrex\n|-fieldstart|move: Trick Room|[of] p2b: Calyrex\n|\n|-heal|p2b: Calyrex|33/100|[from] Grassy Terrain\n|-heal|p1b: Zamazenta|29/100|[from] Grassy Terrain\n|-fieldend|move: Grassy Terrain\n|upkeep\n|turn|7\n|\n|t:|1773030534\n|-terastallize|p1a: Ogerpon|Water\n|detailschange|p1a: Ogerpon|Ogerpon-Wellspring-Tera, L50, F, tera:Water\n|-ability|p1a: Ogerpon|Embody Aspect (Wellspring)|boost\n|-boost|p1a: Ogerpon|spd|1\n|move|p1b: Zamazenta|Wide Guard|p1b: Zamazenta\n|-singleturn|p1b: Zamazenta|Wide Guard\n|move|p2b: Calyrex|Seed Bomb|p1a: Ogerpon\n|-supereffective|p1a: Ogerpon\n|-damage|p1a: Ogerpon|0 fnt\n|faint|p1a: Ogerpon\n|detailschange|p1: Ogerpon|Ogerpon-Wellspring, L50, F|[silent]\n|-ability|p2b: Calyrex|Chilling Neigh|boost\n|-boost|p2b: Calyrex|atk|1\n|\n|upkeep\n|\n|t:|1773030547\n|switch|p1a: Rillaboom|Rillaboom, L50, M, shiny|67/100 par\n|-fieldstart|move: Grassy Terrain|[from] ability: Grassy Surge|[of] p1a: Rillaboom\n|turn|8\n|\n|t:|1773030554\n|move|p1a: Rillaboom|Fake Out|p2b: Calyrex\n|-damage|p2b: Calyrex|24/100\n|cant|p2b: Calyrex|flinch\n|move|p1b: Zamazenta|Body Press|p2b: Calyrex\n|-damage|p2b: Calyrex|0 fnt\n|faint|p2b: Calyrex\n|\n|win|ZJESKIN\n|raw|ZJESKIN's rating: 1259 &rarr; <strong>1283</strong><br />(+24 for winning)\n|raw|jj11j1's rating: 1249 &rarr; <strong>1225</strong><br />(-24 for losing)\n|l|\u2606jj11j1\n|player|p2|\n|l|\u2606ZJESKIN\n|player|p1|\n","uploadtime":1773030717,"views":14,"formatid":"gen9vgc2026regi","rating":1225,"private":0,"password":null}