{"id":"gen9vgc2026regi-2530136500","format":"[Gen 9] VGC 2026 Reg I","players":["CHR1SPHX","blackzixi"],"log":"|j|\u2606CHR1SPHX\n|j|\u2606blackzixi\n|t:|1769880234\n|gametype|doubles\n|player|p1|CHR1SPHX|hilbert-wonderlauncher|1225\n|player|p2|blackzixi|unknown|1088\n|gen|9\n|tier|[Gen 9] VGC 2026 Reg I\n|rated|\n|rule|Species Clause: Limit one of each Pok\u00e9mon\n|rule|Item Clause: Limit 1 of each item\n|clearpoke\n|poke|p1|Incineroar, L50, M|\n|poke|p1|Koraidon, L50|\n|poke|p1|Flutter Mane, L50|\n|poke|p1|Brute Bonnet, L50|\n|poke|p1|Indeedee-F, L50, F|\n|poke|p1|Calyrex-Ice, L50|\n|poke|p2|Lunala, L50|\n|poke|p2|Zamazenta-*, L50|\n|poke|p2|Whimsicott, L50, M|\n|poke|p2|Grimmsnarl, L50, M|\n|poke|p2|Malamar, L50, F|\n|poke|p2|Comfey, L50, M|\n|teampreview|4\n|inactive|Battle timer is ON: inactive players will automatically lose when time's up. (requested by CHR1SPHX)\n|\n|t:|1769880260\n|teamsize|p1|4\n|teamsize|p2|4\n|start\n|switch|p1a: Indeedee|Indeedee-F, L50, F|100/100\n|switch|p1b: Flutter Mane|Flutter Mane, L50|100/100\n|switch|p2a: Malamar|Malamar, L50, F|100/100\n|switch|p2b: Zamazenta|Zamazenta-Crowned, L50|100/100\n|-ability|p2b: Zamazenta|Dauntless Shield|boost\n|-boost|p2b: Zamazenta|def|1\n|-fieldstart|move: Psychic Terrain|[from] ability: Psychic Surge|[of] p1a: Indeedee\n|turn|1\n|\n|t:|1769880274\n|move|p1a: Indeedee|Helping Hand|p1b: Flutter Mane\n|-singleturn|p1b: Flutter Mane|Helping Hand|[of] p1a: Indeedee\n|move|p2b: Zamazenta|Protect|p2b: Zamazenta\n|-singleturn|p2b: Zamazenta|Protect\n|move|p1b: Flutter Mane|Dazzling Gleam|p2a: Malamar|[spread] p2a\n|-activate|p2b: Zamazenta|move: Protect\n|-supereffective|p2a: Malamar\n|-damage|p2a: Malamar|0 fnt\n|faint|p2a: Malamar\n|\n|upkeep\n|\n|t:|1769880294\n|switch|p2a: Comfey|Comfey, L50, M|100/100\n|turn|2\n|\n|t:|1769880309\n|move|p1a: Indeedee|Helping Hand|p1b: Flutter Mane\n|-singleturn|p1b: Flutter Mane|Helping Hand|[of] p1a: Indeedee\n|move|p2a: Comfey|Protect|p2a: Comfey\n|-singleturn|p2a: Comfey|Protect\n|move|p1b: Flutter Mane|Dazzling Gleam|p2b: Zamazenta|[spread] p2b\n|-activate|p2a: Comfey|move: Protect\n|-damage|p2b: Zamazenta|66/100\n|move|p2b: Zamazenta|Body Press|p1a: Indeedee\n|-damage|p1a: Indeedee|28/100\n|\n|upkeep\n|turn|3\n|\n|t:|1769880331\n|move|p1a: Indeedee|Helping Hand|p1b: Flutter Mane\n|-singleturn|p1b: Flutter Mane|Helping Hand|[of] p1a: Indeedee\n|move|p2b: Zamazenta|Protect|p2b: Zamazenta\n|-singleturn|p2b: Zamazenta|Protect\n|move|p1b: Flutter Mane|Dazzling Gleam|p2a: Comfey|[spread] p2a\n|-activate|p2b: Zamazenta|move: Protect\n|-damage|p2a: Comfey|61/100\n|move|p2a: Comfey|Trick Room|p2a: Comfey\n|-fieldstart|move: Trick Room|[of] p2a: Comfey\n|\n|upkeep\n|turn|4\n|\n|t:|1769880351\n|-end|p1b: Flutter Mane|Protosynthesis|[silent]\n|switch|p1b: Calyrex|Calyrex-Ice, L50|100/100\n|-ability|p1b: Calyrex|As One\n|-ability|p1b: Calyrex|Unnerve\n|move|p2a: Comfey|Floral Healing|p2b: Zamazenta\n|-heal|p2b: Zamazenta|100/100\n|move|p1a: Indeedee|Follow Me|p1a: Indeedee\n|-singleturn|p1a: Indeedee|move: Follow Me\n|move|p2b: Zamazenta|Body Press|p1a: Indeedee\n|-damage|p1a: Indeedee|0 fnt\n|faint|p1a: Indeedee\n|\n|upkeep\n|\n|t:|1769880363\n|switch|p1a: Koraidon|Koraidon, L50|100/100\n|-weather|SunnyDay|[from] ability: Orichalcum Pulse|[of] p1a: Koraidon\n|-activate|p1a: Koraidon|Orichalcum Pulse|[source]\n|turn|5\n|\n|t:|1769880388\n|-terastallize|p2b: Zamazenta|Dragon\n|-terastallize|p1a: Koraidon|Fire\n|move|p2a: Comfey|Draining Kiss|p1a: Koraidon\n|-activate|p1a: Koraidon|move: Psychic Terrain\n|move|p1b: Calyrex|High Horsepower|p2b: Zamazenta\n|-damage|p2b: Zamazenta|85/100\n|move|p2b: Zamazenta|Body Press|p1a: Koraidon\n|-damage|p1a: Koraidon|46/100\n|move|p1a: Koraidon|Flare Blitz|p2b: Zamazenta\n|-resisted|p2b: Zamazenta\n|-damage|p2b: Zamazenta|63/100\n|-damage|p1a: Koraidon|39/100|[from] Recoil\n|\n|-weather|SunnyDay|[upkeep]\n|-fieldend|move: Psychic Terrain\n|upkeep\n|turn|6\n|\n|t:|1769880414\n|move|p2a: Comfey|Floral Healing|p2b: Zamazenta\n|-heal|p2b: Zamazenta|100/100\n|move|p1b: Calyrex|Glacial Lance|p2b: Zamazenta|[spread] p2a,p2b\n|-supereffective|p2b: Zamazenta\n|-damage|p2a: Comfey|0 fnt\n|-damage|p2b: Zamazenta|58/100\n|faint|p2a: Comfey\n|-ability|p1b: Calyrex|Chilling Neigh|boost\n|-boost|p1b: Calyrex|atk|1\n|move|p2b: Zamazenta|Body Press|p1a: Koraidon\n|-damage|p1a: Koraidon|0 fnt\n|faint|p1a: Koraidon\n|\n|-weather|SunnyDay|[upkeep]\n|upkeep\n|\n|t:|1769880424\n|switch|p2a: Lunala|Lunala, L50|100/100\n|switch|p1a: Flutter Mane|Flutter Mane, L50|100/100\n|-activate|p1a: Flutter Mane|ability: Protosynthesis\n|-start|p1a: Flutter Mane|protosynthesisspe\n|turn|7\n|inactive|CHR1SPHX has 30 seconds left.\n|\n|t:|1769880452\n|move|p1a: Flutter Mane|Protect|p1a: Flutter Mane\n|-singleturn|p1a: Flutter Mane|Protect\n|move|p1b: Calyrex|High Horsepower|p2b: Zamazenta\n|-damage|p2b: Zamazenta|37/100\n|move|p2a: Lunala|Meteor Beam||[still]\n|-prepare|p2a: Lunala|Meteor Beam\n|-boost|p2a: Lunala|spa|1\n|-enditem|p2a: Lunala|Power Herb\n|-anim|p2a: Lunala|Meteor Beam|p1b: Calyrex\n|-supereffective|p1b: Calyrex\n|-damage|p1b: Calyrex|11/100\n|move|p2b: Zamazenta|Heavy Slam|p1a: Flutter Mane\n|-activate|p1a: Flutter Mane|move: Protect\n|\n|-weather|SunnyDay|[upkeep]\n|-fieldend|move: Trick Room\n|upkeep\n|turn|8\n|\n|t:|1769880476\n|move|p1a: Flutter Mane|Dazzling Gleam|p2b: Zamazenta|[spread] p2a,p2b\n|-crit|p2a: Lunala\n|-supereffective|p2b: Zamazenta\n|-damage|p2a: Lunala|83/100\n|-damage|p2b: Zamazenta|0 fnt\n|faint|p2b: Zamazenta\n|move|p2a: Lunala|Moongeist Beam|p1a: Flutter Mane\n|-supereffective|p1a: Flutter Mane\n|-enditem|p1a: Flutter Mane|Focus Sash\n|-damage|p1a: Flutter Mane|1/100\n|move|p1b: Calyrex|Glacial Lance|p2a: Lunala\n|-damage|p2a: Lunala|0 fnt\n|faint|p2a: Lunala\n|\n|win|CHR1SPHX\n|raw|CHR1SPHX's rating: 1225 &rarr; <strong>1241</strong><br />(+16 for winning)\n|raw|blackzixi's rating: 1088 &rarr; <strong>1074</strong><br />(-14 for losing)\n|l|\u2606blackzixi\n|player|p2|\n|l|\u2606CHR1SPHX\n|player|p1|\n","uploadtime":1769880762,"views":12,"formatid":"gen9vgc2026regi","rating":1074,"private":0,"password":null}