{"id":"gen9vgc2026regi-2588000070","format":"[Gen 9] VGC 2026 Reg I","players":["ercabesinha","snively3"],"log":"|j|\u2606ercabesinha\n|j|\u2606snively3\n|t:|1776591023\n|gametype|doubles\n|player|p1|ercabesinha|hilbert|1392\n|player|p2|snively3|veteran|1337\n|gen|9\n|tier|[Gen 9] VGC 2026 Reg I\n|rated|\n|rule|Species Clause: Limit one of each Pok\u00e9mon\n|rule|Item Clause: Limit 1 of each item\n|clearpoke\n|poke|p1|Ursaluna, L50, M|\n|poke|p1|Cresselia, L50, F|\n|poke|p1|Calyrex-Ice, L50|\n|poke|p1|Lunala, L50|\n|poke|p1|Incineroar, L50, M|\n|poke|p1|Torkoal, L50, F|\n|poke|p2|Miraidon, L50|\n|poke|p2|Koraidon, L50|\n|poke|p2|Flutter Mane, L50|\n|poke|p2|Chi-Yu, L50|\n|poke|p2|Araquanid, L50, F|\n|poke|p2|Farigiraf, L50, F|\n|teampreview|4\n|inactive|Battle timer is ON: inactive players will automatically lose when time's up. (requested by ercabesinha)\n|inactive|snively3 also wants the timer to be on.\n|inactive|snively3 has 60 seconds left.\n|c|\u2606snively3|glhf\nsnively3 has agreed to open team sheets.\nercabesinha has agreed to open team sheets.\n|showteam|p1|Ursaluna||FlameOrb|Guts|Earthquake,Facade,SwordsDance,Protect|||M|||50|,,,,,Ground]Cresselia||MentalHerb|Levitate|TrickRoom,LunarBlessing,AllySwitch,HelpingHand|||F|||50|,,,,,Psychic]Calyrex-Ice||ClearAmulet|AsOneGlastrier|GlacialLance,TrickRoom,Protect,GigaDrain||||||50|,,,,,Ice]Lunala||PowerHerb|ShadowShield|MoongeistBeam,WideGuard,MeteorBeam,TrickRoom||||||50|,,,,,Fairy]Incineroar||SafetyGoggles|Intimidate|PartingShot,SunnyDay,FakeOut,FlareBlitz|||M|||50|,,,,,Fairy]Torkoal||FocusSash|Drought|Eruption,SolarBeam,Protect,WeatherBall|||F|||50|,,,,,Grass\n|showteam|p2|Miraidon||AssaultVest|HadronEngine|ElectroDrift,VoltSwitch,DracoMeteor,Overheat||||||50|,,,,,Electric]Koraidon||LifeOrb|OrichalcumPulse|Protect,CloseCombat,FlareBlitz,FlameCharge||||||50|,,,,,Fire]Flutter Mane||FocusSash|Protosynthesis|Protect,Moonblast,ShadowBall,IcyWind||||||50|,,,,,Stellar]Chi-Yu||ChoiceScarf|BeadsofRuin|HeatWave,DarkPulse,Snarl,Overheat||||||50|,,,,,Ghost]Araquanid||Leftovers|WaterBubble|WideGuard,Infestation,StickyWeb,Liquidation|||F|||50|,,,,,Grass]Farigiraf||ElectricSeed|ArmorTail|Imprison,TrickRoom,FoulPlay,HelpingHand|||F|||50|,,,,,Water\n|inactive|snively3 has 30 seconds left.\n|\n|t:|1776591092\n|teamsize|p1|4\n|teamsize|p2|4\n|start\n|switch|p1a: Calyrex|Calyrex-Ice, L50|100/100\n|switch|p1b: Lunala|Lunala, L50, shiny|100/100\n|switch|p2a: Farigiraf|Farigiraf, L50, F|100/100\n|switch|p2b: Miraidon|Miraidon, L50, shiny|100/100\n|-ability|p1a: Calyrex|As One\n|-ability|p1a: Calyrex|Unnerve\n|-fieldstart|move: Electric Terrain|[from] ability: Hadron Engine|[of] p2b: Miraidon\n|-enditem|p2a: Farigiraf|Electric Seed\n|-boost|p2a: Farigiraf|def|1|[from] item: Electric Seed\n|turn|1\n|inactive|ercabesinha has 30 seconds left.\n|\n|t:|1776591119\n|switch|p2a: Koraidon|Koraidon, L50, shiny|100/100\n|-weather|SunnyDay|[from] ability: Orichalcum Pulse|[of] p2a: Koraidon\n|-activate|p2a: Koraidon|Orichalcum Pulse|[source]\n|-terastallize|p1a: Calyrex|Ice\n|move|p2b: Miraidon|Overheat|p1a: Calyrex\n|-supereffective|p1a: Calyrex\n|-damage|p1a: Calyrex|0 fnt\n|-unboost|p2b: Miraidon|spa|2\n|faint|p1a: Calyrex\n|move|p1b: Lunala|Meteor Beam||[still]\n|-prepare|p1b: Lunala|Meteor Beam\n|-boost|p1b: Lunala|spa|1\n|-enditem|p1b: Lunala|Power Herb\n|-anim|p1b: Lunala|Meteor Beam|p2a: Koraidon\n|-resisted|p2a: Koraidon\n|-damage|p2a: Koraidon|66/100\n|\n|-weather|SunnyDay|[upkeep]\n|upkeep\n|\n|t:|1776591140\n|switch|p1a: Cresselia|Cresselia, L50, F, shiny|100/100\n|turn|2\n|\n|t:|1776591151\n|-terastallize|p2a: Koraidon|Fire\n|move|p1a: Cresselia|Ally Switch|p1a: Cresselia\n|swap|p1a: Cresselia|1|[from] move: Ally Switch\n|move|p2a: Koraidon|Flare Blitz|p1a: Lunala\n|-damage|p1a: Lunala|32/100\n|-damage|p2a: Koraidon|35/100|[from] Recoil\n|-damage|p2a: Koraidon|25/100|[from] item: Life Orb\n|move|p2b: Miraidon|Volt Switch|p1a: Lunala\n|-damage|p1a: Lunala|8/100\n|\n|t:|1776591158\n|switch|p2b: Farigiraf|Farigiraf, L50, F|100/100|[from] Volt Switch\n|move|p1a: Lunala|Trick Room|p1a: Lunala\n|-fieldstart|move: Trick Room|[of] p1a: Lunala\n|\n|-weather|SunnyDay|[upkeep]\n|upkeep\n|turn|3\n|\n|t:|1776591180\n|switch|p1b: Ursaluna|Ursaluna, L50, M, shiny|100/100\n|move|p2a: Koraidon|Protect|p2a: Koraidon\n|-singleturn|p2a: Koraidon|Protect\n|move|p1a: Lunala|Moongeist Beam|p2a: Koraidon\n|-activate|p2a: Koraidon|move: Protect\n|move|p2b: Farigiraf|Trick Room|p2b: Farigiraf\n|-fieldend|move: Trick Room\n|\n|-weather|SunnyDay|[upkeep]\n|-status|p1b: Ursaluna|brn|[from] item: Flame Orb\n|upkeep\n|turn|4\n|inactive|ercabesinha has 30 seconds left.\n|\n|t:|1776591211\n|move|p1b: Ursaluna|Protect|p1b: Ursaluna\n|-singleturn|p1b: Ursaluna|Protect\n|move|p2a: Koraidon|Close Combat|p1b: Ursaluna\n|-activate|p1b: Ursaluna|move: Protect\n|move|p1a: Lunala|Moongeist Beam|p2a: Koraidon\n|-damage|p2a: Koraidon|0 fnt\n|faint|p2a: Koraidon\n|move|p2b: Farigiraf|Foul Play|p1a: Lunala\n|-supereffective|p1a: Lunala\n|-damage|p1a: Lunala|0 fnt\n|faint|p1a: Lunala\n|\n|-weather|SunnyDay|[upkeep]\n|-damage|p1b: Ursaluna|95/100 brn|[from] brn\n|upkeep\n|\n|t:|1776591225\n|switch|p2a: Miraidon|Miraidon, L50, shiny|100/100\n|switch|p1a: Cresselia|Cresselia, L50, F, shiny|100/100\n|-activate|p2a: Miraidon|ability: Hadron Engine\n|turn|5\n|\n|t:|1776591246\n|move|p2b: Farigiraf|Helping Hand|p2a: Miraidon\n|-singleturn|p2a: Miraidon|Helping Hand|[of] p2b: Farigiraf\n|move|p1a: Cresselia|Ally Switch|p1a: Cresselia\n|swap|p1a: Cresselia|1|[from] move: Ally Switch\n|move|p2a: Miraidon|Draco Meteor|p1b: Cresselia\n|-damage|p1b: Cresselia|23/100\n|-unboost|p2a: Miraidon|spa|2\n|move|p1a: Ursaluna|Earthquake|p2a: Miraidon|[spread] p2a,p2b\n|-immune|p1b: Cresselia|[from] ability: Levitate\n|-supereffective|p2a: Miraidon\n|-damage|p2a: Miraidon|0 fnt\n|-damage|p2b: Farigiraf|26/100\n|faint|p2a: Miraidon\n|\n|-weather|none\n|-damage|p1a: Ursaluna|89/100 brn|[from] brn\n|-fieldend|move: Electric Terrain\n|upkeep\n|\n|t:|1776591254\n|switch|p2a: Araquanid|Araquanid, L50, F|100/100\n|turn|6\n|\n|t:|1776591265\n|move|p1a: Ursaluna|Protect|p1a: Ursaluna\n|-singleturn|p1a: Ursaluna|Protect\n|move|p2a: Araquanid|Wide Guard|p2a: Araquanid\n|-singleturn|p2a: Araquanid|Wide Guard\n|move|p2b: Farigiraf|Foul Play|p1b: Cresselia\n|-supereffective|p1b: Cresselia\n|-damage|p1b: Cresselia|7/100\n|move|p1b: Cresselia|Trick Room|p1b: Cresselia\n|-fieldstart|move: Trick Room|[of] p1b: Cresselia\n|\n|-damage|p1a: Ursaluna|83/100 brn|[from] brn\n|upkeep\n|turn|7\n|\n|t:|1776591278\n|move|p2b: Farigiraf|Helping Hand|p2a: Araquanid\n|-singleturn|p2a: Araquanid|Helping Hand|[of] p2b: Farigiraf\n|move|p2a: Araquanid|Liquidation|p1a: Ursaluna\n|-supereffective|p1a: Ursaluna\n|-damage|p1a: Ursaluna|0 fnt\n|faint|p1a: Ursaluna\n|move|p1b: Cresselia|Lunar Blessing|p1b: Cresselia\n|-heal|p1b: Cresselia|32/100\n|\n|upkeep\n|turn|8\n|-message|ercabesinha forfeited.\n|\n|win|snively3\n|raw|ercabesinha's rating: 1392 &rarr; <strong>1369</strong><br />(-23 for losing)\n|raw|snively3's rating: 1337 &rarr; <strong>1360</strong><br />(+23 for winning)\n|l|\u2606ercabesinha\n|player|p1|\n|l|\u2606snively3\n|player|p2|\n","uploadtime":1776591516,"views":6,"formatid":"gen9vgc2026regi","rating":1360,"private":0,"password":null}