{"id":"gen9vgc2026regi-2564874906","format":"[Gen 9] VGC 2026 Reg I","players":["TopVelocity","ppyyy"],"log":"|j|\u2606TopVelocity\n|j|\u2606ppyyy\n|t:|1774206215\n|gametype|doubles\n|player|p1|TopVelocity|candice|\n|player|p2|ppyyy|elesa-gen5bw2|\n|gen|9\n|tier|[Gen 9] VGC 2026 Reg I\n|rated|Tournament battle\n|rule|Species Clause: Limit one of each Pok\u00e9mon\n|rule|Item Clause: Limit 1 of each item\n|raw|<div class=\"infobox\"><details class=\"readmore\" open><summary><strong>3 custom rules:</strong></summary> Open Team Sheets, Force Open Team Sheets, !Open Team Sheets</details></div>\n|clearpoke\n|poke|p1|Calyrex-Ice, L50|\n|poke|p1|Miraidon, L50|\n|poke|p1|Grimmsnarl, L50, M|\n|poke|p1|Urshifu-*, L50, F|\n|poke|p1|Incineroar, L50, M|\n|poke|p1|Landorus, L50, M|\n|poke|p2|Whimsicott, L50, F|\n|poke|p2|Calyrex-Shadow, L50|\n|poke|p2|Incineroar, L50, F|\n|poke|p2|Miraidon, L50|\n|poke|p2|Clefairy, L50, F|\n|poke|p2|Sneasler, L50, F|\n|teampreview|4\n|showteam|p1|Calyrex-Ice||Leftovers|AsOneGlastrier|GlacialLance,LeechSeed,TrickRoom,Protect||||||50|,,,,,Water]Miraidon||ChoiceSpecs|HadronEngine|ElectroDrift,VoltSwitch,DracoMeteor,DazzlingGleam||||||50|,,,,,Fairy]Grimmsnarl||LightClay|Prankster|SpiritBreak,ThunderWave,Reflect,LightScreen|||M|||50|,,,,,Ghost]Urshifu-Rapid-Strike||ChoiceBand|UnseenFist|SurgingStrikes,CloseCombat,Uturn,AquaJet|||F|||50|,,,,,Ghost]Incineroar||AssaultVest|Intimidate|FlareBlitz,KnockOff,Uturn,FakeOut|||M|||50|,,,,,Grass]Landorus||LifeOrb|SheerForce|EarthPower,SludgeBomb,Taunt,Protect|||M|||50|,,,,,Poison\n|showteam|p2|Whimsicott||CovertCloak|Prankster|Moonblast,Tailwind,FakeTears,Encore|||F|||50|,,,,,Water]Calyrex-Shadow||FocusSash|AsOneSpectrier|AstralBarrage,Psychic,Disable,Protect||||||50|,,,,,Ghost]Incineroar||AssaultVest|Intimidate|KnockOff,Uturn,FlareBlitz,FakeOut|||F|||50|,,,,,Fairy]Miraidon||ChoiceSpecs|HadronEngine|ElectroDrift,DracoMeteor,DazzlingGleam,VoltSwitch||||||50|,,,,,Fairy]Clefairy||Eviolite|FriendGuard|AfterYou,HelpingHand,FollowMe,Protect|||F|||50|,,,,,Grass]Sneasler||ElectricSeed|Unburden|GunkShot,CloseCombat,FakeOut,ThroatChop|||F|||50|,,,,,Dark\n|j|@Bright Size\n|l|@Bright Size\n|inactive|Battle timer is ON: inactive players will automatically lose when time's up. (requested by TopVelocity)\n|\n|t:|1774206244\n|teamsize|p1|4\n|teamsize|p2|4\n|start\n|switch|p1a: Grimmsnarl|Grimmsnarl, L50, M|100/100\n|switch|p1b: Incineroar|Incineroar, L50, M|100/100\n|switch|p2a: Miraidon|Miraidon, L50|100/100\n|switch|p2b: Whimsicott|Whimsicott, L50, F|100/100\n|-fieldstart|move: Electric Terrain|[from] ability: Hadron Engine|[of] p2a: Miraidon\n|-ability|p1b: Incineroar|Intimidate|boost\n|-unboost|p2a: Miraidon|atk|1\n|-unboost|p2b: Whimsicott|atk|1\n|turn|1\n|inactive|ppyyy has 30 seconds left.\n|inactive|ppyyy has 20 seconds left.\n|inactive|ppyyy has 15 seconds left.\n|inactive|ppyyy has 10 seconds left.\n|\n|t:|1774206291\n|move|p1b: Incineroar|Fake Out|p2a: Miraidon\n|-crit|p2a: Miraidon\n|-damage|p2a: Miraidon|87/100\n|move|p1a: Grimmsnarl|Light Screen|p1a: Grimmsnarl\n|-sidestart|p1: TopVelocity|move: Light Screen\n|cant|p2a: Miraidon|flinch\n|move|p2b: Whimsicott|Moonblast|p1a: Grimmsnarl\n|-supereffective|p1a: Grimmsnarl\n|-damage|p1a: Grimmsnarl|66/100\n|\n|upkeep\n|turn|2\n|inactive|TopVelocity has 30 seconds left.\n|\n|t:|1774206319\n|move|p2a: Miraidon|Draco Meteor|p1b: Incineroar\n|-damage|p1b: Incineroar|46/100\n|-unboost|p2a: Miraidon|spa|2\n|move|p2b: Whimsicott|Moonblast|p1a: Grimmsnarl\n|-supereffective|p1a: Grimmsnarl\n|-damage|p1a: Grimmsnarl|28/100\n|-unboost|p1a: Grimmsnarl|spa|1\n|move|p1b: Incineroar|U-turn|p2a: Miraidon\n|-damage|p2a: Miraidon|71/100\n|\n|t:|1774206332\n|switch|p1b: Calyrex|Calyrex-Ice, L50|100/100|[from] U-turn\n|-ability|p1b: Calyrex|As One\n|-ability|p1b: Calyrex|Unnerve\n|move|p1a: Grimmsnarl|Spirit Break|p2a: Miraidon\n|-supereffective|p2a: Miraidon\n|-damage|p2a: Miraidon|17/100\n|-unboost|p2a: Miraidon|spa|1\n|\n|upkeep\n|turn|3\n|inactive|ppyyy has 30 seconds left.\n|\n|t:|1774206361\n|switch|p2a: Bondsmith|Clefairy, L50, F|100/100\n|-terastallize|p2b: Whimsicott|Water\n|move|p2b: Whimsicott|Moonblast|p1a: Grimmsnarl\n|-supereffective|p1a: Grimmsnarl\n|-damage|p1a: Grimmsnarl|0 fnt\n|faint|p1a: Grimmsnarl\n|move|p1b: Calyrex|Glacial Lance|p2a: Bondsmith|[spread] p2a,p2b\n|-resisted|p2b: Whimsicott\n|-damage|p2a: Bondsmith|51/100\n|-damage|p2b: Whimsicott|75/100\n|\n|upkeep\n|\n|t:|1774206374\n|switch|p1a: Miraidon|Miraidon, L50|100/100\n|-activate|p1a: Miraidon|ability: Hadron Engine\n|turn|4\n|inactive|ppyyy has 30 seconds left.\n|\n|t:|1774206401\n|move|p2a: Bondsmith|Follow Me|p2a: Bondsmith\n|-singleturn|p2a: Bondsmith|move: Follow Me\n|move|p2b: Whimsicott|Encore|p1b: Calyrex\n|-start|p1b: Calyrex|Encore\n|move|p1a: Miraidon|Volt Switch|p2a: Bondsmith\n|-damage|p2a: Bondsmith|0 fnt\n|faint|p2a: Bondsmith\n|\n|t:|1774206411\n|switch|p1a: Incineroar|Incineroar, L50, M|46/100|[from] Volt Switch\n|-ability|p1a: Incineroar|Intimidate|boost\n|-unboost|p2b: Whimsicott|atk|1\n|move|p1b: Calyrex|Glacial Lance|p2b: Whimsicott\n|-resisted|p2b: Whimsicott\n|-damage|p2b: Whimsicott|26/100\n|\n|upkeep\n|\n|t:|1774206414\n|switch|p2a: Hinder Me|Calyrex-Shadow, L50|100/100\n|-ability|p2a: Hinder Me|As One\n|-ability|p2a: Hinder Me|Unnerve\n|turn|5\n|\n|t:|1774206430\n|-terastallize|p1b: Calyrex|Water\n|move|p1a: Incineroar|Fake Out|p2b: Whimsicott\n|-damage|p2b: Whimsicott|12/100\n|move|p2a: Hinder Me|Disable|p1b: Calyrex\n|-start|p1b: Calyrex|Disable|Glacial Lance\n|move|p2b: Whimsicott|Moonblast|p1a: Incineroar\n|-damage|p1a: Incineroar|33/100\n|cant|p1b: Calyrex|Disable|Glacial Lance\n|\n|-fieldend|move: Electric Terrain\n|upkeep\n|turn|6\n|\n|t:|1774206447\n|switch|p1b: Miraidon|Miraidon, L50|100/100\n|-fieldstart|move: Electric Terrain|[from] ability: Hadron Engine|[of] p1b: Miraidon\n|move|p2a: Hinder Me|Astral Barrage|p1a: Incineroar|[spread] p1a,p1b\n|-resisted|p1a: Incineroar\n|-damage|p1a: Incineroar|21/100\n|-damage|p1b: Miraidon|75/100\n|move|p2b: Whimsicott|Moonblast|p1a: Incineroar\n|-damage|p1a: Incineroar|7/100\n|move|p1a: Incineroar|Knock Off|p2a: Hinder Me\n|-supereffective|p2a: Hinder Me\n|-enditem|p2a: Hinder Me|Focus Sash\n|-damage|p2a: Hinder Me|1/100\n|\n|upkeep\n|turn|7\n|\n|t:|1774206472\n|switch|p1a: Calyrex|Calyrex-Ice, L50, tera:Water|100/100\n|-ability|p1a: Calyrex|As One\n|-ability|p1a: Calyrex|Unnerve\n|move|p2a: Hinder Me|Protect|p2a: Hinder Me\n|-singleturn|p2a: Hinder Me|Protect\n|move|p2b: Whimsicott|Fake Tears|p1b: Miraidon\n|-unboost|p1b: Miraidon|spd|2\n|move|p1b: Miraidon|Dazzling Gleam|p2b: Whimsicott|[spread] p2b\n|-activate|p2a: Hinder Me|move: Protect\n|-damage|p2b: Whimsicott|0 fnt\n|faint|p2b: Whimsicott\n|\n|upkeep\n|\n|t:|1774206474\n|switch|p2b: Miraidon|Miraidon, L50|17/100\n|-activate|p2b: Miraidon|ability: Hadron Engine\n|turn|8\n|inactive|TopVelocity has 30 seconds left.\n|j| ray_on_1248_\n|inactive|TopVelocity has 20 seconds left.\n|\n|t:|1774206510\n|move|p2a: Hinder Me|Disable|p1b: Miraidon\n|-start|p1b: Miraidon|Disable|Dazzling Gleam\n|move|p2b: Miraidon|Electro Drift|p1a: Calyrex\n|-supereffective|p1a: Calyrex\n|-damage|p1a: Calyrex|0 fnt\n|faint|p1a: Calyrex\n|cant|p1b: Miraidon|Disable|Dazzling Gleam\n|\n|-sideend|p1: TopVelocity|move: Light Screen\n|upkeep\n|\n|t:|1774206525\n|switch|p1a: Incineroar|Incineroar, L50, M|7/100\n|-ability|p1a: Incineroar|Intimidate|boost\n|-unboost|p2a: Hinder Me|atk|1\n|-unboost|p2b: Miraidon|atk|1\n|turn|9\n|\n|t:|1774206532\n|move|p1a: Incineroar|Fake Out|p2b: Miraidon\n|-damage|p2b: Miraidon|8/100\n|move|p2a: Hinder Me|Astral Barrage|p1a: Incineroar|[spread] p1a,p1b\n|-resisted|p1a: Incineroar\n|-damage|p1a: Incineroar|0 fnt\n|-damage|p1b: Miraidon|0 fnt\n|faint|p1a: Incineroar\n|faint|p1b: Miraidon\n|\n|win|ppyyy\n|n|\u2606TopVelocity|topvelocity\n|n|\u2606ppyyy|ppyyy\n|n| ray_on_1248_|rayon1248\n|l|\u2606TopVelocity\n|player|p1|\n|l| ray_on_1248_\n","uploadtime":1774206563,"views":9,"formatid":"gen9vgc2026regi","rating":null,"private":0,"password":null}