{"id":"gen9vgc2026regi-2587199052","format":"[Gen 9] VGC 2026 Reg I","players":["Zonavideovigilada","Pigduckeater"],"log":"|j|\u2606Zonavideovigilada\n|j|\u2606Pigduckeater\n|t:|1776507826\n|gametype|doubles\n|player|p1|Zonavideovigilada|265|1543\n|player|p2|Pigduckeater|1|1568\n|gen|9\n|tier|[Gen 9] VGC 2026 Reg I\n|rated|\n|rule|Species Clause: Limit one of each Pok\u00e9mon\n|rule|Item Clause: Limit 1 of each item\n|clearpoke\n|poke|p1|Miraidon, L50|\n|poke|p1|Calyrex-Ice, L50|\n|poke|p1|Urshifu-*, L50, M|\n|poke|p1|Ogerpon-Wellspring, L50, F|\n|poke|p1|Talonflame, L50, F|\n|poke|p1|Iron Crown, L50|\n|poke|p2|Incineroar, L50, M|\n|poke|p2|Miraidon, L50|\n|poke|p2|Farigiraf, L50, F|\n|poke|p2|Calyrex-Shadow, L50|\n|poke|p2|Glimmora, L50, M|\n|poke|p2|Urshifu-*, L50, M|\n|teampreview|4\n|\n|t:|1776507862\n|teamsize|p1|4\n|teamsize|p2|4\n|start\n|switch|p1a: Miraidon|Miraidon, L50|100/100\n|switch|p1b: Talonflame|Talonflame, L50, F|100/100\n|switch|p2a: Glimmora|Glimmora, L50, M|100/100\n|switch|p2b: Miraidon|Miraidon, L50|100/100\n|-fieldstart|move: Electric Terrain|[from] ability: Hadron Engine|[of] p1a: Miraidon\n|-activate|p2b: Miraidon|ability: Hadron Engine\n|turn|1\n|inactive|Battle timer is ON: inactive players will automatically lose when time's up. (requested by Zonavideovigilada)\n|\n|t:|1776507900\n|move|p1b: Talonflame|Tailwind|p1b: Talonflame\n|-sidestart|p1: Zonavideovigilada|move: Tailwind\n|move|p1a: Miraidon|Snarl|p2b: Miraidon|[spread] p2a,p2b\n|-damage|p2a: Glimmora|85/100\n|-damage|p2b: Miraidon|82/100\n|-unboost|p2a: Glimmora|spa|1\n|-unboost|p2b: Miraidon|spa|1\n|move|p2b: Miraidon|Draco Meteor|p1a: Miraidon\n|-supereffective|p1a: Miraidon\n|-damage|p1a: Miraidon|0 fnt\n|-unboost|p2b: Miraidon|spa|2\n|faint|p1a: Miraidon\n|move|p2a: Glimmora|Mortal Spin|p1b: Talonflame\n|-damage|p1b: Talonflame|91/100\n|\n|upkeep\n|\n|t:|1776507916\n|switch|p1a: Iron Crown|Iron Crown, L50|100/100\n|-activate|p1a: Iron Crown|ability: Quark Drive\n|-start|p1a: Iron Crown|quarkdrivespa\n|turn|2\n|\n|t:|1776507937\n|move|p1b: Talonflame|Flare Blitz|p2b: Miraidon\n|-resisted|p2b: Miraidon\n|-damage|p2b: Miraidon|60/100\n|-status|p2b: Miraidon|brn\n|-damage|p1b: Talonflame|82/100|[from] Recoil\n|move|p1a: Iron Crown|Tachyon Cutter|p2a: Glimmora\n|-supereffective|p2a: Glimmora\n|-damage|p2a: Glimmora|22/100\n|-supereffective|p2a: Glimmora\n|-damage|p2a: Glimmora|0 fnt\n|faint|p2a: Glimmora\n|-hitcount|p2: Glimmora|2\n|-damage|p1a: Iron Crown|91/100|[from] item: Life Orb\n|move|p2b: Miraidon|Snarl|p1b: Talonflame|[spread] p1b\n|-miss|p2b: Miraidon|p1a: Iron Crown\n|-damage|p1b: Talonflame|69/100\n|\n|-damage|p2b: Miraidon|54/100 brn|[from] brn\n|upkeep\n|\n|t:|1776507949\n|switch|p2a: Farigiraf|Farigiraf, L50, F|100/100\n|-enditem|p2a: Farigiraf|Electric Seed\n|-boost|p2a: Farigiraf|def|1|[from] item: Electric Seed\n|turn|3\n|inactive|Zonavideovigilada has 30 seconds left.\n|\n|t:|1776507975\n|move|p1b: Talonflame|Flare Blitz|p2b: Miraidon\n|-resisted|p2b: Miraidon\n|-damage|p2b: Miraidon|32/100 brn\n|-damage|p1b: Talonflame|61/100|[from] Recoil\n|move|p1a: Iron Crown|Psychic Noise|p2b: Miraidon\n|-damage|p2b: Miraidon|0 fnt\n|faint|p2b: Miraidon\n|-damage|p1a: Iron Crown|81/100|[from] item: Life Orb\n|move|p2a: Farigiraf|Trick Room|p2a: Farigiraf\n|-fieldstart|move: Trick Room|[of] p2a: Farigiraf\n|\n|upkeep\n|\n|t:|1776507984\n|switch|p2b: Calyrex|Calyrex-Shadow, L50|100/100\n|-ability|p2b: Calyrex|As One\n|-ability|p2b: Calyrex|Unnerve\n|turn|4\n|\n|t:|1776507999\n|move|p2a: Farigiraf|Helping Hand|p2b: Calyrex\n|-singleturn|p2b: Calyrex|Helping Hand|[of] p2a: Farigiraf\n|move|p1a: Iron Crown|Protect|p1a: Iron Crown\n|-singleturn|p1a: Iron Crown|Protect\n|move|p2b: Calyrex|Astral Barrage|p1b: Talonflame|[spread] p1b\n|-activate|p1a: Iron Crown|move: Protect\n|-damage|p1b: Talonflame|0 fnt\n|faint|p1b: Talonflame\n|-ability|p2b: Calyrex|Grim Neigh|boost\n|-boost|p2b: Calyrex|spa|1\n|-damage|p2b: Calyrex|91/100|[from] item: Life Orb\n|\n|-sideend|p1: Zonavideovigilada|move: Tailwind\n|upkeep\n|\n|t:|1776508001\n|switch|p1b: Calyrex|Calyrex-Ice, L50|100/100\n|-ability|p1b: Calyrex|As One\n|-ability|p1b: Calyrex|Unnerve\n|turn|5\n|\n|t:|1776508020\n|-terastallize|p1b: Calyrex|Fire\n|-terastallize|p2a: Farigiraf|Fire\n|move|p2b: Calyrex|Protect|p2b: Calyrex\n|-singleturn|p2b: Calyrex|Protect\n|move|p1b: Calyrex|Glacial Lance|p2b: Calyrex|[spread] p2a\n|-activate|p2b: Calyrex|move: Protect\n|-resisted|p2a: Farigiraf\n|-crit|p2a: Farigiraf\n|-damage|p2a: Farigiraf|62/100\n|move|p1a: Iron Crown|Tachyon Cutter|p2a: Farigiraf\n|-resisted|p2a: Farigiraf\n|-damage|p2a: Farigiraf|44/100\n|-resisted|p2a: Farigiraf\n|-crit|p2a: Farigiraf\n|-damage|p2a: Farigiraf|17/100\n|-hitcount|p2a: Farigiraf|2\n|-damage|p1a: Iron Crown|72/100|[from] item: Life Orb\n|move|p2a: Farigiraf|Trick Room|p2a: Farigiraf\n|-fieldend|move: Trick Room\n|\n|-fieldend|move: Electric Terrain\n|-end|p1a: Iron Crown|Quark Drive\n|upkeep\n|turn|6\n|\n|t:|1776508037\n|move|p2a: Farigiraf|Helping Hand|p2b: Calyrex\n|-singleturn|p2b: Calyrex|Helping Hand|[of] p2a: Farigiraf\n|move|p1a: Iron Crown|Protect|p1a: Iron Crown\n|-singleturn|p1a: Iron Crown|Protect\n|move|p2b: Calyrex|Astral Barrage|p1a: Iron Crown|[spread] p1b\n|-activate|p1a: Iron Crown|move: Protect\n|-damage|p1b: Calyrex|2/100\n|-damage|p2b: Calyrex|81/100|[from] item: Life Orb\n|move|p1b: Calyrex|Trick Room|p1b: Calyrex\n|-fieldstart|move: Trick Room|[of] p1b: Calyrex\n|\n|upkeep\n|turn|7\n|inactive|Zonavideovigilada has 30 seconds left.\n|\n|t:|1776508071\n|move|p1b: Calyrex|Glacial Lance|p2a: Farigiraf|[spread] p2a,p2b\n|-resisted|p2a: Farigiraf\n|-damage|p2a: Farigiraf|0 fnt\n|-damage|p2b: Calyrex|23/100\n|faint|p2a: Farigiraf\n|-ability|p1b: Calyrex|Chilling Neigh|boost\n|-boost|p1b: Calyrex|atk|1\n|move|p1a: Iron Crown|Tachyon Cutter|p2b: Calyrex\n|-damage|p2b: Calyrex|0 fnt\n|faint|p2b: Calyrex\n|-hitcount|p2: Calyrex|1\n|-damage|p1a: Iron Crown|62/100|[from] item: Life Orb\n|\n|win|Zonavideovigilada\n|raw|Zonavideovigilada's rating: 1543 &rarr; <strong>1564</strong><br />(+21 for winning)\n|raw|Pigduckeater's rating: 1568 &rarr; <strong>1547</strong><br />(-21 for losing)\n|l|\u2606Pigduckeater\n|player|p2|\n|c|\u2606Zonavideovigilada|Gg\n|l|\u2606Zonavideovigilada\n|player|p1|\n","uploadtime":1776508273,"views":11,"formatid":"gen9vgc2026regi","rating":1547,"private":0,"password":null}