{"id":"gen9vgc2026regi-2564781230","format":"[Gen 9] VGC 2026 Reg I","players":["BanKingambit69247","sheeshshane925"],"log":"|j|\u2606BanKingambit69247\n|j|\u2606sheeshshane925\n|t:|1774196997\n|gametype|doubles\n|player|p1|BanKingambit69247|lucas|1504\n|player|p2|sheeshshane925|chuck|1558\n|gen|9\n|tier|[Gen 9] VGC 2026 Reg I\n|rated|\n|rule|Species Clause: Limit one of each Pok\u00e9mon\n|rule|Item Clause: Limit 1 of each item\n|clearpoke\n|poke|p1|Calyrex-Shadow, L50|\n|poke|p1|Zamazenta-*, L50|\n|poke|p1|Chien-Pao, L50|\n|poke|p1|Smeargle, L50, F|\n|poke|p1|Dondozo, L50, F|\n|poke|p1|Tatsugiri, L50, F|\n|poke|p2|Calyrex-Ice, L50|\n|poke|p2|Miraidon, L50|\n|poke|p2|Farigiraf, L50, M|\n|poke|p2|Iron Hands, L50|\n|poke|p2|Scraggy, L50, M|\n|poke|p2|Iron Bundle, L50|\n|teampreview|4\n|inactive|Battle timer is ON: inactive players will automatically lose when time's up. (requested by BanKingambit69247)\n|\n|t:|1774197013\n|teamsize|p1|4\n|teamsize|p2|4\n|start\n|switch|p1a: \u6211\u5927\u54e5|Smeargle, L50, F|100/100\n|switch|p1b: \u8bf6\u4f60\u600e\u4e48\u6b7b\u4e86?\u267f\u267f\u267f|Calyrex-Shadow, L50|100/100\n|switch|p2a: Farigiraf|Farigiraf, L50, M, shiny|100/100\n|switch|p2b: Miraidon|Miraidon, L50, shiny|100/100\n|-ability|p1b: \u8bf6\u4f60\u600e\u4e48\u6b7b\u4e86?\u267f\u267f\u267f|As One\n|-ability|p1b: \u8bf6\u4f60\u600e\u4e48\u6b7b\u4e86?\u267f\u267f\u267f|Unnerve\n|-fieldstart|move: Electric Terrain|[from] ability: Hadron Engine|[of] p2b: Miraidon\n|-enditem|p2a: Farigiraf|Electric Seed\n|-boost|p2a: Farigiraf|def|1|[from] item: Electric Seed\n|turn|1\n|\n|t:|1774197036\n|-terastallize|p1b: \u8bf6\u4f60\u600e\u4e48\u6b7b\u4e86?\u267f\u267f\u267f|Ghost\n|move|p1a: \u6211\u5927\u54e5|Follow Me|p1a: \u6211\u5927\u54e5\n|-singleturn|p1a: \u6211\u5927\u54e5|move: Follow Me\n|move|p1b: \u8bf6\u4f60\u600e\u4e48\u6b7b\u4e86?\u267f\u267f\u267f|Astral Barrage|p2a: Farigiraf|[spread] p2b\n|-immune|p2a: Farigiraf\n|-crit|p2b: Miraidon\n|-damage|p2b: Miraidon|0 fnt\n|faint|p2b: Miraidon\n|-ability|p1b: \u8bf6\u4f60\u600e\u4e48\u6b7b\u4e86?\u267f\u267f\u267f|Grim Neigh|boost\n|-boost|p1b: \u8bf6\u4f60\u600e\u4e48\u6b7b\u4e86?\u267f\u267f\u267f|spa|1\n|move|p2a: Farigiraf|Foul Play|p1a: \u6211\u5927\u54e5\n|-damage|p1a: \u6211\u5927\u54e5|59/100\n|\n|upkeep\n|\n|t:|1774197044\n|switch|p2b: Calyrex|Calyrex-Ice, L50|100/100\n|-ability|p2b: Calyrex|As One\n|-ability|p2b: Calyrex|Unnerve\n|turn|2\n|\n|t:|1774197061\n|switch|p1b: \u68d5\u8272\u5c0f\u6590\u6d4e\u5317\ud83d\ude0b|Tatsugiri, L50, F, shiny|100/100\n|switch|p1a: \u773c\u795e\u5446\u6ede\ud83e\udd2a|Dondozo, L50, F, shiny|100/100\n|-activate|p1b: \u68d5\u8272\u5c0f\u6590\u6d4e\u5317\ud83d\ude0b|ability: Commander|[of] p1a: \u773c\u795e\u5446\u6ede\ud83e\udd2a\n|-boost|p1a: \u773c\u795e\u5446\u6ede\ud83e\udd2a|atk|2\n|-boost|p1a: \u773c\u795e\u5446\u6ede\ud83e\udd2a|spa|2\n|-boost|p1a: \u773c\u795e\u5446\u6ede\ud83e\udd2a|spe|2\n|-boost|p1a: \u773c\u795e\u5446\u6ede\ud83e\udd2a|def|2\n|-boost|p1a: \u773c\u795e\u5446\u6ede\ud83e\udd2a|spd|2\n|move|p2b: Calyrex|Protect|p2b: Calyrex\n|-singleturn|p2b: Calyrex|Protect\n|move|p2a: Farigiraf|Trick Room|p2a: Farigiraf\n|-fieldstart|move: Trick Room|[of] p2a: Farigiraf\n|\n|upkeep\n|turn|3\n|\n|t:|1774197080\n|switch|p2a: Scraggy|Scraggy, L50, M|100/100\n|-ability|p2a: Scraggy|Intimidate|boost\n|-unboost|p1a: \u773c\u795e\u5446\u6ede\ud83e\udd2a|atk|1\n|-unboost|p1b: \u68d5\u8272\u5c0f\u6590\u6d4e\u5317\ud83d\ude0b|atk|1\n|move|p2b: Calyrex|High Horsepower|p1a: \u773c\u795e\u5446\u6ede\ud83e\udd2a\n|-damage|p1a: \u773c\u795e\u5446\u6ede\ud83e\udd2a|87/100\n|move|p1a: \u773c\u795e\u5446\u6ede\ud83e\udd2a|Order Up|p2a: Scraggy\n|-damage|p2a: Scraggy|77/100\n|-boost|p1a: \u773c\u795e\u5446\u6ede\ud83e\udd2a|atk|1\n|\n|-heal|p1a: \u773c\u795e\u5446\u6ede\ud83e\udd2a|93/100|[from] item: Leftovers\n|upkeep\n|turn|4\n|\n|t:|1774197088\n|move|p1a: \u773c\u795e\u5446\u6ede\ud83e\udd2a|Protect|p1a: \u773c\u795e\u5446\u6ede\ud83e\udd2a\n|-singleturn|p1a: \u773c\u795e\u5446\u6ede\ud83e\udd2a|Protect\n|move|p2a: Scraggy|Endeavor|p1a: \u773c\u795e\u5446\u6ede\ud83e\udd2a\n|-activate|p1a: \u773c\u795e\u5446\u6ede\ud83e\udd2a|move: Protect\n|move|p2b: Calyrex|High Horsepower|p1a: \u773c\u795e\u5446\u6ede\ud83e\udd2a\n|-activate|p1a: \u773c\u795e\u5446\u6ede\ud83e\udd2a|move: Protect\n|\n|-heal|p1a: \u773c\u795e\u5446\u6ede\ud83e\udd2a|99/100|[from] item: Leftovers\n|upkeep\n|turn|5\n|\n|t:|1774197096\n|move|p2a: Scraggy|Endeavor|p1a: \u773c\u795e\u5446\u6ede\ud83e\udd2a\n|-damage|p1a: \u773c\u795e\u5446\u6ede\ud83e\udd2a|38/100\n|move|p2b: Calyrex|High Horsepower|p1a: \u773c\u795e\u5446\u6ede\ud83e\udd2a\n|-damage|p1a: \u773c\u795e\u5446\u6ede\ud83e\udd2a|25/100\n|move|p1a: \u773c\u795e\u5446\u6ede\ud83e\udd2a|Order Up|p2b: Calyrex\n|-crit|p2b: Calyrex\n|-damage|p2b: Calyrex|64/100\n|-boost|p1a: \u773c\u795e\u5446\u6ede\ud83e\udd2a|atk|1\n|\n|-heal|p1a: \u773c\u795e\u5446\u6ede\ud83e\udd2a|31/100|[from] item: Leftovers\n|-fieldend|move: Electric Terrain\n|upkeep\n|turn|6\n|inactive|sheeshshane925 has 30 seconds left.\n|\n|t:|1774197122\n|switch|p2a: Farigiraf|Farigiraf, L50, M, shiny|100/100\n|move|p2b: Calyrex|Protect|p2b: Calyrex\n|-singleturn|p2b: Calyrex|Protect\n|move|p1a: \u773c\u795e\u5446\u6ede\ud83e\udd2a|Protect||[still]\n|-fail|p1a: \u773c\u795e\u5446\u6ede\ud83e\udd2a\n|\n|-heal|p1a: \u773c\u795e\u5446\u6ede\ud83e\udd2a|37/100|[from] item: Leftovers\n|-fieldend|move: Trick Room\n|upkeep\n|turn|7\n|\n|t:|1774197130\n|switch|p2b: Scraggy|Scraggy, L50, M|77/100\n|-ability|p2b: Scraggy|Intimidate|boost\n|-unboost|p1a: \u773c\u795e\u5446\u6ede\ud83e\udd2a|atk|1\n|-unboost|p1b: \u68d5\u8272\u5c0f\u6590\u6d4e\u5317\ud83d\ude0b|atk|1\n|move|p1a: \u773c\u795e\u5446\u6ede\ud83e\udd2a|Order Up|p2b: Scraggy\n|-damage|p2b: Scraggy|41/100\n|-boost|p1a: \u773c\u795e\u5446\u6ede\ud83e\udd2a|atk|1\n|move|p2a: Farigiraf|Trick Room|p2a: Farigiraf\n|-fieldstart|move: Trick Room|[of] p2a: Farigiraf\n|\n|-heal|p1a: \u773c\u795e\u5446\u6ede\ud83e\udd2a|43/100|[from] item: Leftovers\n|upkeep\n|turn|8\n|\n|t:|1774197138\n|move|p2b: Scraggy|Endeavor|p1a: \u773c\u795e\u5446\u6ede\ud83e\udd2a\n|-damage|p1a: \u773c\u795e\u5446\u6ede\ud83e\udd2a|20/100\n|move|p2a: Farigiraf|Foul Play|p1a: \u773c\u795e\u5446\u6ede\ud83e\udd2a\n|-damage|p1a: \u773c\u795e\u5446\u6ede\ud83e\udd2a|14/100\n|move|p1a: \u773c\u795e\u5446\u6ede\ud83e\udd2a|Wave Crash|p2b: Scraggy\n|-damage|p2b: Scraggy|0 fnt\n|faint|p2b: Scraggy\n|-damage|p1a: \u773c\u795e\u5446\u6ede\ud83e\udd2a|7/100|[from] Recoil\n|\n|-heal|p1a: \u773c\u795e\u5446\u6ede\ud83e\udd2a|13/100|[from] item: Leftovers\n|upkeep\n|\n|t:|1774197144\n|switch|p2b: Calyrex|Calyrex-Ice, L50|64/100\n|-ability|p2b: Calyrex|As One\n|-ability|p2b: Calyrex|Unnerve\n|turn|9\n|\n|t:|1774197151\n|move|p2a: Farigiraf|Helping Hand|p2b: Calyrex\n|-singleturn|p2b: Calyrex|Helping Hand|[of] p2a: Farigiraf\n|move|p1a: \u773c\u795e\u5446\u6ede\ud83e\udd2a|Protect|p1a: \u773c\u795e\u5446\u6ede\ud83e\udd2a\n|-singleturn|p1a: \u773c\u795e\u5446\u6ede\ud83e\udd2a|Protect\n|move|p2b: Calyrex|High Horsepower|p1a: \u773c\u795e\u5446\u6ede\ud83e\udd2a\n|-activate|p1a: \u773c\u795e\u5446\u6ede\ud83e\udd2a|move: Protect\n|\n|-heal|p1a: \u773c\u795e\u5446\u6ede\ud83e\udd2a|20/100|[from] item: Leftovers\n|upkeep\n|turn|10\n|\n|t:|1774197157\n|move|p2a: Farigiraf|Helping Hand|p2b: Calyrex\n|-singleturn|p2b: Calyrex|Helping Hand|[of] p2a: Farigiraf\n|move|p2b: Calyrex|High Horsepower|p1a: \u773c\u795e\u5446\u6ede\ud83e\udd2a\n|-damage|p1a: \u773c\u795e\u5446\u6ede\ud83e\udd2a|2/100\n|move|p1a: \u773c\u795e\u5446\u6ede\ud83e\udd2a|Earthquake|p2a: Farigiraf|[spread] p2a,p2b\n|-miss|p1a: \u773c\u795e\u5446\u6ede\ud83e\udd2a|p1b: \u68d5\u8272\u5c0f\u6590\u6d4e\u5317\ud83d\ude0b\n|-damage|p2a: Farigiraf|69/100\n|-damage|p2b: Calyrex|37/100\n|\n|-heal|p1a: \u773c\u795e\u5446\u6ede\ud83e\udd2a|8/100|[from] item: Leftovers\n|upkeep\n|turn|11\n|\n|t:|1774197164\n|move|p1a: \u773c\u795e\u5446\u6ede\ud83e\udd2a|Protect|p1a: \u773c\u795e\u5446\u6ede\ud83e\udd2a\n|-singleturn|p1a: \u773c\u795e\u5446\u6ede\ud83e\udd2a|Protect\n|move|p2b: Calyrex|Trick Room|p2b: Calyrex\n|-fieldend|move: Trick Room\n|move|p2a: Farigiraf|Trick Room|p2a: Farigiraf\n|-fieldstart|move: Trick Room|[of] p2a: Farigiraf\n|\n|-heal|p1a: \u773c\u795e\u5446\u6ede\ud83e\udd2a|14/100|[from] item: Leftovers\n|upkeep\n|turn|12\n|\n|t:|1774197171\n|move|p2a: Farigiraf|Helping Hand|p2b: Calyrex\n|-singleturn|p2b: Calyrex|Helping Hand|[of] p2a: Farigiraf\n|move|p2b: Calyrex|High Horsepower|p1a: \u773c\u795e\u5446\u6ede\ud83e\udd2a\n|-damage|p1a: \u773c\u795e\u5446\u6ede\ud83e\udd2a|0 fnt\n|faint|p1a: \u773c\u795e\u5446\u6ede\ud83e\udd2a\n|-ability|p2b: Calyrex|Chilling Neigh|boost\n|-boost|p2b: Calyrex|atk|1\n|\n|upkeep\n|\n|t:|1774197174\n|switch|p1a: \u6211\u5927\u54e5|Smeargle, L50, F|59/100\n|turn|13\n|\n|t:|1774197184\n|move|p1a: \u6211\u5927\u54e5|Wide Guard|p1a: \u6211\u5927\u54e5\n|-singleturn|p1a: \u6211\u5927\u54e5|Wide Guard\n|move|p2b: Calyrex|Glacial Lance|p1b: \u68d5\u8272\u5c0f\u6590\u6d4e\u5317\ud83d\ude0b|[spread] \n|-activate|p1a: \u6211\u5927\u54e5|move: Wide Guard\n|-activate|p1b: \u68d5\u8272\u5c0f\u6590\u6d4e\u5317\ud83d\ude0b|move: Wide Guard\n|move|p2a: Farigiraf|Psychic|p1b: \u68d5\u8272\u5c0f\u6590\u6d4e\u5317\ud83d\ude0b\n|-damage|p1b: \u68d5\u8272\u5c0f\u6590\u6d4e\u5317\ud83d\ude0b|57/100\n|move|p1b: \u68d5\u8272\u5c0f\u6590\u6d4e\u5317\ud83d\ude0b|Draco Meteor|p2b: Calyrex\n|-damage|p2b: Calyrex|0 fnt\n|-unboost|p1b: \u68d5\u8272\u5c0f\u6590\u6d4e\u5317\ud83d\ude0b|spa|2\n|faint|p2b: Calyrex\n|\n|upkeep\n|turn|14\n|-message|sheeshshane925 forfeited.\n|\n|win|BanKingambit69247\n|raw|BanKingambit69247's rating: 1504 &rarr; <strong>1527</strong><br />(+23 for winning)\n|raw|sheeshshane925's rating: 1558 &rarr; <strong>1535</strong><br />(-23 for losing)\n|l|\u2606sheeshshane925\n|player|p2|\n|l|\u2606BanKingambit69247\n|player|p1|\n","uploadtime":1774197194,"views":19,"formatid":"gen9vgc2026regi","rating":1527,"private":0,"password":null}