{"id":"gen9vgc2026regi-2579682319","format":"[Gen 9] VGC 2026 Reg I","players":["princess 68","Harry Koekenpan"],"log":"|j|\u2606princess 68\n|j|\u2606Harry Koekenpan\n|t:|1775815940\n|gametype|doubles\n|player|p1|princess 68|elesa|1186\n|player|p2|Harry Koekenpan|2|1301\n|gen|9\n|tier|[Gen 9] VGC 2026 Reg I\n|rated|\n|rule|Species Clause: Limit one of each Pok\u00e9mon\n|rule|Item Clause: Limit 1 of each item\n|clearpoke\n|poke|p1|Incineroar, L50, M|\n|poke|p1|Koraidon, L50|\n|poke|p1|Rillaboom, L50, M|\n|poke|p1|Swampert, L50, F|\n|poke|p1|Amoonguss, L50, F|\n|poke|p1|Calyrex-Shadow, L50|\n|poke|p2|Weezing-Galar, L50, F|\n|poke|p2|Calyrex-Shadow, L50|\n|poke|p2|Regigigas, L50|\n|poke|p2|Koraidon, L50|\n|poke|p2|Chi-Yu, L50|\n|poke|p2|Brute Bonnet, L50|\n|teampreview|4\n|inactive|Battle timer is ON: inactive players will automatically lose when time's up. (requested by Harry Koekenpan)\n|\n|t:|1775815997\n|teamsize|p1|4\n|teamsize|p2|4\n|start\n|switch|p1a: Swampert|Swampert, L50, F|100/100\n|switch|p1b: Incineroar|Incineroar, L50, M|100/100\n|switch|p2a: Weezing|Weezing-Galar, L50, F|100/100\n|switch|p2b: Regigigas|Regigigas, L50|100/100\n|-ability|p2a: Weezing|Neutralizing Gas\n|turn|1\n|inactive|princess 68 has 30 seconds left.\n|\n|t:|1775816029\n|move|p1a: Swampert|Protect|p1a: Swampert\n|-singleturn|p1a: Swampert|Protect\n|move|p2b: Regigigas|Knock Off|p1a: Swampert\n|-activate|p1a: Swampert|move: Protect\n|move|p2a: Weezing|Poison Gas|p1b: Incineroar|[spread] p1b\n|-activate|p1a: Swampert|move: Protect\n|-status|p1b: Incineroar|psn\n|move|p1b: Incineroar|Drain Punch|p2b: Regigigas\n|-supereffective|p2b: Regigigas\n|-damage|p2b: Regigigas|52/100\n|\n|-damage|p1b: Incineroar|88/100 psn|[from] psn\n|upkeep\n|turn|2\n|inactive|princess 68 has 30 seconds left.\n|inactive|princess 68 has 20 seconds left.\n|inactive|princess 68 has 15 seconds left.\n|\n|t:|1775816070\n|move|p2b: Regigigas|Knock Off|p1a: Swampert\n|-damage|p1a: Swampert|58/100\n|-enditem|p1a: Swampert|Life Orb|[from] move: Knock Off|[of] p2b: Regigigas\n|move|p2a: Weezing|Toxic Spikes|p1b: Incineroar\n|-sidestart|p1: princess 68|move: Toxic Spikes\n|move|p1b: Incineroar|Drain Punch|p2b: Regigigas\n|-supereffective|p2b: Regigigas\n|-damage|p2b: Regigigas|2/100\n|-heal|p1b: Incineroar|100/100 psn|[from] drain|[of] p2b: Regigigas\n|move|p1a: Swampert|Earthquake|p2a: Weezing|[spread] p1b,p2a,p2b\n|-supereffective|p1b: Incineroar\n|-supereffective|p2a: Weezing\n|-damage|p1b: Incineroar|29/100 psn\n|-damage|p2a: Weezing|30/100\n|-damage|p2b: Regigigas|0 fnt\n|-enditem|p2a: Weezing|Sitrus Berry|[eat]\n|-heal|p2a: Weezing|55/100|[from] item: Sitrus Berry\n|faint|p2b: Regigigas\n|-end|p2b: Regigigas|Slow Start|[silent]\n|\n|-damage|p1b: Incineroar|16/100 psn|[from] psn\n|upkeep\n|\n|t:|1775816090\n|switch|p2b: Calyrex|Calyrex-Shadow, L50|100/100\n|-ability|p2b: Calyrex|As One\n|-ability|p2b: Calyrex|Unnerve\n|turn|3\n|\n|t:|1775816101\n|switch|p1b: Calyrex|Calyrex-Shadow, L50|100/100\n|-ability|p1b: Calyrex|As One\n|-ability|p1b: Calyrex|Unnerve\n|-status|p1b: Calyrex|psn\n|move|p1a: Swampert|Wide Guard|p1a: Swampert\n|-singleturn|p1a: Swampert|Wide Guard\n|move|p2b: Calyrex|Astral Barrage|p1b: Calyrex|[spread] \n|-activate|p1a: Swampert|move: Wide Guard\n|-activate|p1b: Calyrex|move: Wide Guard\n|move|p2a: Weezing|Sludge Bomb|p1b: Calyrex\n|-resisted|p1b: Calyrex\n|-damage|p1b: Calyrex|87/100 psn\n|\n|-damage|p1b: Calyrex|75/100 psn|[from] psn\n|upkeep\n|turn|4\n|inactive|princess 68 has 30 seconds left.\n|inactive|Harry Koekenpan has 30 seconds left.\n|\n|t:|1775816128\n|-terastallize|p2b: Calyrex|Dark\n|move|p2a: Weezing|Protect|p2a: Weezing\n|-singleturn|p2a: Weezing|Protect\n|move|p1a: Swampert|Wide Guard|p1a: Swampert\n|-singleturn|p1a: Swampert|Wide Guard\n|move|p1b: Calyrex|Astral Barrage|p2b: Calyrex|[spread] p2b\n|-activate|p2a: Weezing|move: Protect\n|-resisted|p2b: Calyrex\n|-damage|p2b: Calyrex|73/100\n|move|p2b: Calyrex|Pollen Puff|p1b: Calyrex\n|-damage|p1b: Calyrex|24/100 psn\n|-damage|p2b: Calyrex|64/100|[from] item: Life Orb\n|\n|-damage|p1b: Calyrex|12/100 psn|[from] psn\n|upkeep\n|turn|5\n|inactive|princess 68 has 30 seconds left.\n|inactive|Harry Koekenpan has 30 seconds left.\n|inactive|princess 68 has 20 seconds left.\n|inactive|princess 68 has 15 seconds left.\n|\n|t:|1775816172\n|move|p2b: Calyrex|Astral Barrage|p1b: Calyrex|[spread] p1a,p1b\n|-supereffective|p1b: Calyrex\n|-damage|p1a: Swampert|0 fnt\n|-damage|p1b: Calyrex|0 fnt\n|faint|p1a: Swampert\n|faint|p1b: Calyrex\n|-ability|p2b: Calyrex|Grim Neigh|boost\n|-boost|p2b: Calyrex|spa|2\n|-damage|p2b: Calyrex|54/100|[from] item: Life Orb\n|move|p2a: Weezing|Sludge Bomb|p1: Swampert|[notarget]\n|-fail|p2a: Weezing\n|\n|upkeep\n|\n|t:|1775816186\n|switch|p1b: Incineroar|Incineroar, L50, M|16/100 psn\n|switch|p1a: Amoonguss|Amoonguss, L50, F|100/100\n|-sideend|p1: princess 68|move: Toxic Spikes|[of] p1a: Amoonguss\n|turn|6\n|\n|t:|1775816207\n|move|p2b: Calyrex|Protect|p2b: Calyrex\n|-singleturn|p2b: Calyrex|Protect\n|move|p2a: Weezing|Protect|p2a: Weezing\n|-singleturn|p2a: Weezing|Protect\n|move|p1b: Incineroar|Drain Punch|p2b: Calyrex\n|-activate|p2b: Calyrex|move: Protect\n|move|p1a: Amoonguss|Spore|p2b: Calyrex\n|-activate|p2b: Calyrex|move: Protect\n|\n|-damage|p1b: Incineroar|4/100 psn|[from] psn\n|upkeep\n|turn|7\n|\n|t:|1775816226\n|move|p2b: Calyrex|Astral Barrage|p1a: Amoonguss|[spread] p1a,p1b\n|-resisted|p1b: Incineroar\n|-damage|p1a: Amoonguss|0 fnt\n|-damage|p1b: Incineroar|0 fnt\n|faint|p1a: Amoonguss\n|faint|p1b: Incineroar\n|-damage|p2b: Calyrex|44/100|[from] item: Life Orb\n|\n|win|Harry Koekenpan\n|raw|princess 68's rating: 1159 &rarr; <strong>1144</strong><br />(-15 for losing)\n|raw|Harry Koekenpan's rating: 1301 &rarr; <strong>1313</strong><br />(+12 for winning)\n|l|\u2606Harry Koekenpan\n|player|p2|\n","uploadtime":1775816381,"views":11,"formatid":"gen9vgc2026regi","rating":1144,"private":0,"password":null}