{"id":"gen9vgc2026regi-2544702929","format":"[Gen 9] VGC 2026 Reg I","players":["EllenJoe2026","Zen077"],"log":"|j|\u203dEllenJoe2026\n|j|\u2606Zen077\n|t:|1771742384\n|gametype|doubles\n|player|p1|EllenJoe2026|iono|1472\n|player|p2|Zen077|169|1372\n|gen|9\n|tier|[Gen 9] VGC 2026 Reg I\n|rated|\n|rule|Species Clause: Limit one of each Pok\u00e9mon\n|rule|Item Clause: Limit 1 of each item\n|clearpoke\n|poke|p1|Calyrex-Shadow, L50|\n|poke|p1|Zamazenta-*, L50|\n|poke|p1|Chien-Pao, L50|\n|poke|p1|Dragonite, L50, F|\n|poke|p1|Tornadus, L50, M|\n|poke|p1|Urshifu-*, L50, F|\n|poke|p2|Incineroar, L50, F|\n|poke|p2|Grimmsnarl, L50, M|\n|poke|p2|Urshifu-*, L50, M|\n|poke|p2|Ursaluna, L50, F|\n|poke|p2|Miraidon, L50|\n|poke|p2|Lunala, L50|\n|teampreview|4\n|inactive|Battle timer is ON: inactive players will automatically lose when time's up. (requested by EllenJoe2026)\n|\n|t:|1771742398\n|teamsize|p1|4\n|teamsize|p2|4\n|start\n|switch|p1a: Chien-Pao|Chien-Pao, L50|100/100\n|switch|p1b: Dragonite|Dragonite, L50, F|100/100\n|switch|p2a: Grimmsnarl|Grimmsnarl, L50, M|100/100\n|switch|p2b: Miraidon|Miraidon, L50|100/100\n|-ability|p1a: Chien-Pao|Sword of Ruin\n|-fieldstart|move: Electric Terrain|[from] ability: Hadron Engine|[of] p2b: Miraidon\n|turn|1\n|\n|t:|1771742418\n|-terastallize|p2b: Miraidon|Electric\n|-terastallize|p1b: Dragonite|Normal\n|move|p1a: Chien-Pao|Protect|p1a: Chien-Pao\n|-singleturn|p1a: Chien-Pao|Protect\n|move|p1b: Dragonite|Extreme Speed|p2a: Grimmsnarl\n|-damage|p2a: Grimmsnarl|4/100\n|move|p2a: Grimmsnarl|Reflect|p2a: Grimmsnarl\n|-sidestart|p2: Zen077|Reflect\n|move|p2b: Miraidon|Snarl|p1b: Dragonite|[spread] p1b\n|-activate|p1a: Chien-Pao|move: Protect\n|-damage|p1b: Dragonite|80/100\n|-unboost|p1b: Dragonite|spa|1\n|\n|upkeep\n|turn|2\n|inactive|Zen077 has 30 seconds left.\n|\n|t:|1771742450\n|move|p1b: Dragonite|Extreme Speed|p2b: Miraidon\n|-damage|p2b: Miraidon|52/100\n|move|p1a: Chien-Pao|Sucker Punch|p2b: Miraidon\n|-damage|p2b: Miraidon|17/100\n|-damage|p1a: Chien-Pao|91/100|[from] item: Life Orb\n|move|p2a: Grimmsnarl|Thunder Wave|p1b: Dragonite\n|-status|p1b: Dragonite|par\n|move|p2b: Miraidon|Electro Drift|p1b: Dragonite\n|-damage|p1b: Dragonite|0 fnt\n|faint|p1b: Dragonite\n|\n|upkeep\n|\n|t:|1771742461\n|switch|p1b: Calyrex|Calyrex-Shadow, L50|100/100\n|-ability|p1b: Calyrex|As One\n|-ability|p1b: Calyrex|Unnerve\n|turn|3\n|inactive|Zen077 has 30 seconds left.\n|\n|t:|1771742486\n|switch|p2b: Ursaluna|Ursaluna, L50, F|100/100\n|move|p1a: Chien-Pao|Sucker Punch||[still]\n|-fail|p1a: Chien-Pao\n|move|p2a: Grimmsnarl|Light Screen|p2a: Grimmsnarl\n|-sidestart|p2: Zen077|move: Light Screen\n|move|p1b: Calyrex|Astral Barrage|p2b: Ursaluna|[spread] p2a\n|-immune|p2b: Ursaluna\n|-resisted|p2a: Grimmsnarl\n|-damage|p2a: Grimmsnarl|0 fnt\n|faint|p2a: Grimmsnarl\n|-ability|p1b: Calyrex|Grim Neigh|boost\n|-boost|p1b: Calyrex|spa|1\n|\n|-status|p2b: Ursaluna|brn|[from] item: Flame Orb\n|upkeep\n|\n|t:|1771742507\n|switch|p2a: Lunala|Lunala, L50|100/100\n|-enditem|p2a: Lunala|Electric Seed\n|-boost|p2a: Lunala|def|1|[from] item: Electric Seed\n|turn|4\n|\n|t:|1771742520\n|move|p2a: Lunala|Wide Guard|p2a: Lunala\n|-singleturn|p2a: Lunala|Wide Guard\n|move|p1b: Calyrex|Psychic|p2a: Lunala\n|-resisted|p2a: Lunala\n|-damage|p2a: Lunala|90/100\n|move|p1a: Chien-Pao|Crunch|p2a: Lunala\n|-supereffective|p2a: Lunala\n|-damage|p2a: Lunala|0 fnt\n|faint|p2a: Lunala\n|-damage|p1a: Chien-Pao|81/100|[from] item: Life Orb\n|move|p2b: Ursaluna|Earthquake|p1a: Chien-Pao|[spread] p1a,p1b\n|-damage|p1a: Chien-Pao|0 fnt\n|-enditem|p1b: Calyrex|Focus Sash\n|-damage|p1b: Calyrex|1/100\n|faint|p1a: Chien-Pao\n|\n|-damage|p2b: Ursaluna|95/100 brn|[from] brn\n|upkeep\n|\n|t:|1771742524\n|switch|p1a: Zamazenta|Zamazenta-Crowned, L50|100/100\n|switch|p2a: Miraidon|Miraidon, L50, tera:Electric|17/100\n|-ability|p1a: Zamazenta|Dauntless Shield|boost\n|-boost|p1a: Zamazenta|def|1\n|-activate|p2a: Miraidon|ability: Hadron Engine\n|turn|5\n|\n|t:|1771742536\n|move|p1b: Calyrex|Astral Barrage|p2b: Ursaluna|[spread] p2a\n|-immune|p2b: Ursaluna\n|-damage|p2a: Miraidon|0 fnt\n|faint|p2a: Miraidon\n|-ability|p1b: Calyrex|Grim Neigh|boost\n|-boost|p1b: Calyrex|spa|1\n|move|p1a: Zamazenta|Body Press|p2b: Ursaluna\n|-supereffective|p2b: Ursaluna\n|-damage|p2b: Ursaluna|28/100 brn\n|move|p2b: Ursaluna|Earthquake|p1b: Calyrex|[spread] p1a,p1b\n|-supereffective|p1a: Zamazenta\n|-damage|p1a: Zamazenta|48/100\n|-damage|p1b: Calyrex|0 fnt\n|faint|p1b: Calyrex\n|\n|-damage|p2b: Ursaluna|22/100 brn|[from] brn\n|-fieldend|move: Electric Terrain\n|upkeep\n|turn|6\n|\n|t:|1771742554\n|move|p1a: Zamazenta|Body Press|p2b: Ursaluna\n|-supereffective|p2b: Ursaluna\n|-damage|p2b: Ursaluna|0 fnt\n|faint|p2b: Ursaluna\n|\n|win|EllenJoe2026\n|raw|EllenJoe2026's rating: 1472 &rarr; <strong>1486</strong><br />(+14 for winning)\n|raw|Zen077's rating: 1372 &rarr; <strong>1358</strong><br />(-14 for losing)\n|l|\u203dEllenJoe2026\n|player|p1|\n|l|\u2606Zen077\n|player|p2|\n","uploadtime":1771742721,"views":13,"formatid":"gen9vgc2026regi","rating":1358,"private":0,"password":null}