{"id":"gen9vgc2026regi-2560264437","format":"[Gen 9] VGC 2026 Reg I","players":["svenkh","sleemo2"],"log":"|j|\u2606svenkh\n|j|\u2606sleemo2\n|t:|1773671975\n|gametype|doubles\n|player|p1|svenkh|101|1368\n|player|p2|sleemo2|acetrainerf|1471\n|gen|9\n|tier|[Gen 9] VGC 2026 Reg I\n|rated|\n|rule|Species Clause: Limit one of each Pok\u00e9mon\n|rule|Item Clause: Limit 1 of each item\n|clearpoke\n|poke|p1|Miraidon, L50|\n|poke|p1|Zamazenta-*, L50|\n|poke|p1|Cresselia, L50, F|\n|poke|p1|Chien-Pao, L50|\n|poke|p1|Kricketune, L50, F|\n|poke|p1|Ditto, L50|\n|poke|p2|Calyrex-Shadow, L50|\n|poke|p2|Zamazenta-*, L50|\n|poke|p2|Whimsicott, L50, M|\n|poke|p2|Amoonguss, L50, F|\n|poke|p2|Chi-Yu, L50|\n|poke|p2|Regieleki, L50|\n|teampreview|4\n|\n|t:|1773672010\n|teamsize|p1|4\n|teamsize|p2|4\n|start\n|switch|p1a: Miraidon|Miraidon, L50|100/100\n|switch|p1b: Zamazenta|Zamazenta-Crowned, L50|100/100\n|switch|p2a: Calyrex|Calyrex-Shadow, L50|100/100\n|switch|p2b: Regieleki|Regieleki, L50|100/100\n|-ability|p2a: Calyrex|As One\n|-ability|p2a: Calyrex|Unnerve\n|-fieldstart|move: Electric Terrain|[from] ability: Hadron Engine|[of] p1a: Miraidon\n|-ability|p1b: Zamazenta|Dauntless Shield|boost\n|-boost|p1b: Zamazenta|def|1\n|turn|1\n|\n|t:|1773672035\n|move|p2a: Calyrex|Protect|p2a: Calyrex\n|-singleturn|p2a: Calyrex|Protect\n|move|p1b: Zamazenta|Wide Guard|p1b: Zamazenta\n|-singleturn|p1b: Zamazenta|Wide Guard\n|move|p2b: Regieleki|Volt Switch|p1a: Miraidon\n|-resisted|p1a: Miraidon\n|-damage|p1a: Miraidon|90/100\n|\n|t:|1773672042\n|switch|p2b: Chi-Yu|Chi-Yu, L50|100/100|[from] Volt Switch\n|-ability|p2b: Chi-Yu|Beads of Ruin\n|move|p1a: Miraidon|Snarl|p2b: Chi-Yu|[spread] p2b\n|-activate|p2a: Calyrex|move: Protect\n|-resisted|p2b: Chi-Yu\n|-damage|p2b: Chi-Yu|89/100\n|-unboost|p2b: Chi-Yu|spa|1\n|\n|upkeep\n|turn|2\n|\n|t:|1773672086\n|switch|p2a: Zamazenta|Zamazenta-Crowned, L50|100/100\n|-ability|p2a: Zamazenta|Dauntless Shield|boost\n|-boost|p2a: Zamazenta|def|1\n|-terastallize|p1b: Zamazenta|Water\n|move|p2b: Chi-Yu|Overheat|p1b: Zamazenta\n|-resisted|p1b: Zamazenta\n|-damage|p1b: Zamazenta|77/100\n|-unboost|p2b: Chi-Yu|spa|2\n|move|p1a: Miraidon|Volt Switch|p2a: Zamazenta\n|-crit|p2a: Zamazenta\n|-damage|p2a: Zamazenta|18/100\n|\n|t:|1773672106\n|switch|p1a: Cresselia|Cresselia, L50, F|100/100|[from] Volt Switch\n|-enditem|p1a: Cresselia|Electric Seed\n|-boost|p1a: Cresselia|def|1|[from] item: Electric Seed\n|move|p1b: Zamazenta|Body Press|p2a: Zamazenta\n|-supereffective|p2a: Zamazenta\n|-damage|p2a: Zamazenta|0 fnt\n|faint|p2a: Zamazenta\n|\n|upkeep\n|\n|t:|1773672111\n|switch|p2a: Regieleki|Regieleki, L50|100/100\n|turn|3\n|\n|t:|1773672124\n|-terastallize|p2a: Regieleki|Electric\n|move|p1b: Zamazenta|Protect|p1b: Zamazenta\n|-singleturn|p1b: Zamazenta|Protect\n|move|p2b: Chi-Yu|Overheat|p1a: Cresselia\n|-damage|p1a: Cresselia|74/100\n|-unboost|p2b: Chi-Yu|spa|2\n|move|p2a: Regieleki|Thunderbolt|p1a: Cresselia\n|-damage|p1a: Cresselia|0 fnt\n|faint|p1a: Cresselia\n|\n|upkeep\n|\n|t:|1773672139\n|switch|p1a: Miraidon|Miraidon, L50|90/100\n|-activate|p1a: Miraidon|ability: Hadron Engine\n|turn|4\n|\n|t:|1773672159\n|move|p1b: Zamazenta|Protect||[still]\n|-fail|p1b: Zamazenta\n|move|p2b: Chi-Yu|Overheat|p1a: Miraidon\n|-resisted|p1a: Miraidon\n|-damage|p1a: Miraidon|83/100\n|-unboost|p2b: Chi-Yu|spa|1\n|move|p2a: Regieleki|Thunderbolt|p1b: Zamazenta\n|-supereffective|p1b: Zamazenta\n|-damage|p1b: Zamazenta|0 fnt\n|faint|p1b: Zamazenta\n|move|p1a: Miraidon|Snarl|p2b: Chi-Yu|[spread] p2a,p2b\n|-resisted|p2b: Chi-Yu\n|-damage|p2a: Regieleki|61/100\n|-damage|p2b: Chi-Yu|79/100\n|-unboost|p2a: Regieleki|spa|1\n|\n|upkeep\n|\n|t:|1773672175\n|switch|p1b: Chien-Pao|Chien-Pao, L50|100/100\n|-ability|p1b: Chien-Pao|Sword of Ruin\n|turn|5\n|\n|t:|1773672192\n|switch|p2b: Calyrex|Calyrex-Shadow, L50|100/100\n|-ability|p2b: Calyrex|As One\n|-ability|p2b: Calyrex|Unnerve\n|move|p1b: Chien-Pao|Sucker Punch|p2a: Regieleki\n|-damage|p2a: Regieleki|0 fnt\n|faint|p2a: Regieleki\n|move|p1a: Miraidon|Electro Drift|p2b: Calyrex\n|-damage|p2b: Calyrex|8/100\n|\n|-fieldend|move: Electric Terrain\n|upkeep\n|\n|t:|1773672199\n|switch|p2a: Chi-Yu|Chi-Yu, L50|79/100\n|-ability|p2a: Chi-Yu|Beads of Ruin\n|turn|6\n|\n|t:|1773672226\n|move|p1b: Chien-Pao|Sucker Punch|p2b: Calyrex\n|-supereffective|p2b: Calyrex\n|-damage|p2b: Calyrex|0 fnt\n|faint|p2b: Calyrex\n|move|p2a: Chi-Yu|Heat Wave|p1a: Miraidon|[spread] p1a,p1b\n|-resisted|p1a: Miraidon\n|-supereffective|p1b: Chien-Pao\n|-damage|p1a: Miraidon|70/100\n|-enditem|p1b: Chien-Pao|Focus Sash\n|-damage|p1b: Chien-Pao|1/100\n|-status|p1b: Chien-Pao|brn\n|move|p1a: Miraidon|Electro Drift|p2a: Chi-Yu\n|-damage|p2a: Chi-Yu|24/100\n|\n|-damage|p1b: Chien-Pao|0 fnt|[from] brn\n|faint|p1b: Chien-Pao\n|upkeep\n|turn|7\n|\n|t:|1773672244\n|move|p2a: Chi-Yu|Heat Wave|p1a: Miraidon|[miss]\n|-miss|p2a: Chi-Yu|p1a: Miraidon\n|move|p1a: Miraidon|Electro Drift|p2a: Chi-Yu\n|-damage|p2a: Chi-Yu|0 fnt\n|faint|p2a: Chi-Yu\n|\n|win|svenkh\n|raw|svenkh's rating: 1368 &rarr; <strong>1394</strong><br />(+26 for winning)\n|raw|sleemo2's rating: 1471 &rarr; <strong>1445</strong><br />(-26 for losing)\n|l|\u2606sleemo2\n|player|p2|\n|l|\u2606svenkh\n|player|p1|\n","uploadtime":1773672512,"views":11,"formatid":"gen9vgc2026regi","rating":1394,"private":0,"password":null}