{"id":"gen9vgc2026regi-2565652017","format":"[Gen 9] VGC 2026 Reg I","players":["Mirthinion","stundamba"],"log":"|j|\u2606Mirthinion\n|j|\u2606stundamba\n|t:|1774292535\n|gametype|doubles\n|player|p1|Mirthinion|janitor|1392\n|player|p2|stundamba|hiker-gen4|1310\n|gen|9\n|tier|[Gen 9] VGC 2026 Reg I\n|rated|\n|rule|Species Clause: Limit one of each Pok\u00e9mon\n|rule|Item Clause: Limit 1 of each item\n|clearpoke\n|poke|p1|Calyrex-Shadow, L50|\n|poke|p1|Zamazenta-*, L50|\n|poke|p1|Urshifu-*, L50, M|\n|poke|p1|Incineroar, L50, M|\n|poke|p1|Rillaboom, L50, M|\n|poke|p1|Tornadus, L50, M|\n|poke|p2|Calyrex-Shadow, L50|\n|poke|p2|Zamazenta-*, L50|\n|poke|p2|Chien-Pao, L50|\n|poke|p2|Raging Bolt, L50|\n|poke|p2|Ogerpon-Cornerstone, L50, F|\n|poke|p2|Amoonguss, L50, F|\n|teampreview|4\n|inactive|Battle timer is ON: inactive players will automatically lose when time's up. (requested by Mirthinion)\nMirthinion rejected open team sheets.\n|inactive|Mirthinion has 60 seconds left.\n|inactive|stundamba has 60 seconds left.\n|\n|t:|1774292587\n|teamsize|p1|4\n|teamsize|p2|4\n|start\n|switch|p1a: Vangwe|Tornadus, L50, M|100/100\n|switch|p1b: Mithrandir|Calyrex-Shadow, L50|100/100\n|switch|p2a: Zamazenta|Zamazenta-Crowned, L50|100/100\n|switch|p2b: Chien-Pao|Chien-Pao, L50|100/100\n|-ability|p1b: Mithrandir|As One\n|-ability|p1b: Mithrandir|Unnerve\n|-ability|p2b: Chien-Pao|Sword of Ruin\n|-ability|p2a: Zamazenta|Dauntless Shield|boost\n|-boost|p2a: Zamazenta|def|1\n|turn|1\n|inactive|Mirthinion has 30 seconds left.\n|inactive|stundamba has 30 seconds left.\n|inactive|Mirthinion has 20 seconds left.\n|inactive|Mirthinion has 15 seconds left.\n|\n|t:|1774292631\n|-terastallize|p1a: Vangwe|Steel\n|move|p1b: Mithrandir|Pollen Puff|p2b: Chien-Pao\n|-supereffective|p2b: Chien-Pao\n|-damage|p2b: Chien-Pao|40/100\n|move|p2b: Chien-Pao|Ice Spinner|p1a: Vangwe\n|-resisted|p1a: Vangwe\n|-damage|p1a: Vangwe|74/100\n|move|p2a: Zamazenta|Behemoth Bash|p1a: Vangwe\n|-resisted|p1a: Vangwe\n|-damage|p1a: Vangwe|39/100\n|move|p1a: Vangwe|Bleakwind Storm|p2a: Zamazenta|[spread] p2a,p2b\n|-damage|p2a: Zamazenta|78/100\n|-damage|p2b: Chien-Pao|9/100\n|\n|upkeep\n|turn|2\n|inactive|Mirthinion has 30 seconds left.\n|\n|t:|1774292663\n|move|p2b: Chien-Pao|Sucker Punch||[still]\n|-fail|p2b: Chien-Pao\n|move|p1a: Vangwe|Taunt|p2a: Zamazenta\n|-start|p2a: Zamazenta|move: Taunt\n|move|p1b: Mithrandir|Nasty Plot|p1b: Mithrandir\n|-boost|p1b: Mithrandir|spa|2\n|move|p2a: Zamazenta|Body Press|p1a: Vangwe\n|-supereffective|p1a: Vangwe\n|-damage|p1a: Vangwe|0 fnt\n|faint|p1a: Vangwe\n|\n|upkeep\n|\n|t:|1774292675\n|switch|p1a: Drambor|Zamazenta-Crowned, L50|100/100\n|-ability|p1a: Drambor|Dauntless Shield|boost\n|-boost|p1a: Drambor|def|1\n|turn|3\n|\n|t:|1774292690\n|switch|p2b: Raging Bolt|Raging Bolt, L50|100/100\n|-enditem|p2b: Raging Bolt|Booster Energy\n|-activate|p2b: Raging Bolt|ability: Protosynthesis|[fromitem]\n|-start|p2b: Raging Bolt|protosynthesisspa\n|move|p1b: Mithrandir|Astral Barrage|p2a: Zamazenta|[spread] p2a,p2b\n|-damage|p2a: Zamazenta|14/100\n|-damage|p2b: Raging Bolt|10/100\n|move|p1a: Drambor|Behemoth Bash|p2a: Zamazenta\n|-resisted|p2a: Zamazenta\n|-damage|p2a: Zamazenta|6/100\n|move|p2a: Zamazenta|Body Press|p1a: Drambor\n|-supereffective|p1a: Drambor\n|-damage|p1a: Drambor|43/100\n|\n|upkeep\n|turn|4\n|inactive|Mirthinion has 30 seconds left.\n|\n|t:|1774292720\n|move|p1b: Mithrandir|Protect|p1b: Mithrandir\n|-singleturn|p1b: Mithrandir|Protect\n|move|p2b: Raging Bolt|Thunderclap||[still]\n|-fail|p2b: Raging Bolt\n|move|p1a: Drambor|Body Press|p2b: Raging Bolt\n|-damage|p2b: Raging Bolt|0 fnt\n|faint|p2b: Raging Bolt\n|-end|p2b: Raging Bolt|Protosynthesis|[silent]\n|move|p2a: Zamazenta|Body Press|p1a: Drambor\n|-supereffective|p1a: Drambor\n|-damage|p1a: Drambor|0 fnt\n|faint|p1a: Drambor\n|\n|-end|p2a: Zamazenta|move: Taunt\n|upkeep\n|\n|t:|1774292735\n|switch|p1a: Beowulf|Urshifu-Rapid-Strike, L50, M|100/100\n|switch|p2b: Calyrex|Calyrex-Shadow, L50|100/100\n|-ability|p2b: Calyrex|As One\n|-ability|p2b: Calyrex|Unnerve\n|turn|5\n|\n|t:|1774292758\n|-terastallize|p2b: Calyrex|Ghost\n|move|p2a: Zamazenta|Wide Guard|p2a: Zamazenta\n|-singleturn|p2a: Zamazenta|Wide Guard\n|move|p1a: Beowulf|Aqua Jet|p2b: Calyrex\n|-damage|p2b: Calyrex|63/100\n|move|p2b: Calyrex|Astral Barrage|p1b: Mithrandir|[spread] p1a,p1b\n|-supereffective|p1b: Mithrandir\n|-damage|p1a: Beowulf|0 fnt\n|-enditem|p1b: Mithrandir|Focus Sash\n|-damage|p1b: Mithrandir|1/100\n|faint|p1a: Beowulf\n|-ability|p2b: Calyrex|Grim Neigh|boost\n|-boost|p2b: Calyrex|spa|1\n|move|p1b: Mithrandir|Pollen Puff|p2b: Calyrex\n|-resisted|p2b: Calyrex\n|-damage|p2b: Calyrex|28/100\n|\n|upkeep\n|turn|6\n|\n|t:|1774292777\n|move|p2a: Zamazenta|Wide Guard|p2a: Zamazenta\n|-singleturn|p2a: Zamazenta|Wide Guard\n|move|p1b: Mithrandir|Astral Barrage|p2a: Zamazenta|[spread] \n|-activate|p2a: Zamazenta|move: Wide Guard\n|-activate|p2b: Calyrex|move: Wide Guard\n|move|p2b: Calyrex|Astral Barrage|p1b: Mithrandir\n|-supereffective|p1b: Mithrandir\n|-damage|p1b: Mithrandir|0 fnt\n|faint|p1b: Mithrandir\n|\n|win|stundamba\n|raw|Mirthinion's rating: 1392 &rarr; <strong>1367</strong><br />(-25 for losing)\n|raw|stundamba's rating: 1310 &rarr; <strong>1335</strong><br />(+25 for winning)\n|c|\u2606Mirthinion|gg\n","uploadtime":1774292789,"views":63,"formatid":"gen9vgc2026regi","rating":1335,"private":0,"password":null}