{"id":"gen9vgc2026regi-2546098339","format":"[Gen 9] VGC 2026 Reg I","players":["marcxhenry","Erseo05"],"log":"|j|\u2606marcxhenry\n|j|\u2606Erseo05\n|t:|1771928631\n|gametype|doubles\n|player|p1|marcxhenry|hilbert-wonderlauncher|1543\n|player|p2|Erseo05|lucas|1404\n|gen|9\n|tier|[Gen 9] VGC 2026 Reg I\n|rated|\n|rule|Species Clause: Limit one of each Pok\u00e9mon\n|rule|Item Clause: Limit 1 of each item\n|clearpoke\n|poke|p1|Calyrex-Shadow, L50|\n|poke|p1|Urshifu-*, L50, M|\n|poke|p1|Roaring Moon, L50|\n|poke|p1|Kyogre, L50|\n|poke|p1|Tsareena, L50, F|\n|poke|p1|Kingambit, L50, M|\n|poke|p2|Necrozma-Dawn-Wings, L50|\n|poke|p2|Lilligant-Hisui, L50, F|\n|poke|p2|Calyrex-Ice, L50|\n|poke|p2|Torkoal, L50, M|\n|poke|p2|Indeedee-F, L50, F|\n|poke|p2|Brute Bonnet, L50|\n|teampreview|4\n|inactive|Battle timer is ON: inactive players will automatically lose when time's up. (requested by Erseo05)\n|\n|t:|1771928671\n|teamsize|p1|4\n|teamsize|p2|4\n|start\n|switch|p1a: Hitmonshe|Tsareena, L50, F, shiny|100/100\n|switch|p1b: Tripitz|Kyogre, L50, shiny|100/100\n|switch|p2a: Calyrex|Calyrex-Ice, L50|100/100\n|switch|p2b: Indeedee|Indeedee-F, L50, F|100/100\n|-ability|p2a: Calyrex|As One\n|-ability|p2a: Calyrex|Unnerve\n|-weather|RainDance|[from] ability: Drizzle|[of] p1b: Tripitz\n|-fieldstart|move: Psychic Terrain|[from] ability: Psychic Surge|[of] p2b: Indeedee\n|-enditem|p2b: Indeedee|Psychic Seed\n|-boost|p2b: Indeedee|spd|1|[from] item: Psychic Seed\n|turn|1\n|\n|t:|1771928689\n|-terastallize|p1a: Hitmonshe|Water\n|-terastallize|p2a: Calyrex|Water\n|move|p2b: Indeedee|Follow Me|p2b: Indeedee\n|-singleturn|p2b: Indeedee|move: Follow Me\n|move|p1b: Tripitz|Water Spout|p2a: Calyrex|[spread] p2a,p2b\n|-resisted|p2a: Calyrex\n|-crit|p2a: Calyrex\n|-damage|p2a: Calyrex|30/100\n|-damage|p2b: Indeedee|17/100\n|move|p1a: Hitmonshe|Taunt|p2b: Indeedee\n|-start|p2b: Indeedee|move: Taunt\n|move|p2a: Calyrex|Trick Room|p2a: Calyrex\n|-fieldstart|move: Trick Room|[of] p2a: Calyrex\n|\n|-weather|RainDance|[upkeep]\n|upkeep\n|turn|2\n|\n|t:|1771928709\n|switch|p2b: Torkoal|Torkoal, L50, M|100/100\n|-weather|SunnyDay|[from] ability: Drought|[of] p2b: Torkoal\n|switch|p1b: Hermann|Kingambit, L50, M, shiny|100/100\n|move|p2a: Calyrex|Close Combat|p1b: Hermann\n|-supereffective|p1b: Hermann\n|-damage|p1b: Hermann|0 fnt\n|-unboost|p2a: Calyrex|def|1\n|-unboost|p2a: Calyrex|spd|1\n|faint|p1b: Hermann\n|-ability|p2a: Calyrex|Chilling Neigh|boost\n|-boost|p2a: Calyrex|atk|1\n|move|p1a: Hitmonshe|Power Whip|p2a: Calyrex\n|-supereffective|p2a: Calyrex\n|-damage|p2a: Calyrex|0 fnt\n|faint|p2a: Calyrex\n|\n|-weather|SunnyDay|[upkeep]\n|upkeep\n|\n|t:|1771928727\n|switch|p2a: Necrozma|Necrozma-Dawn-Wings, L50|100/100\n|switch|p1b: Tripitz|Kyogre, L50, shiny|100/100\n|-weather|RainDance|[from] ability: Drizzle|[of] p1b: Tripitz\n|turn|3\n|\n|t:|1771928741\n|switch|p2b: Indeedee|Indeedee-F, L50, F|17/100\n|move|p1b: Tripitz|Protect|p1b: Tripitz\n|-singleturn|p1b: Tripitz|Protect\n|move|p2a: Necrozma|Expanding Force|p1a: Hitmonshe|[spread] p1a\n|-activate|p1b: Tripitz|move: Protect\n|-damage|p1a: Hitmonshe|0 fnt\n|faint|p1a: Hitmonshe\n|-damage|p2a: Necrozma|91/100|[from] item: Life Orb\n|\n|-weather|RainDance|[upkeep]\n|upkeep\n|\n|t:|1771928752\n|switch|p1a: Ludwig|Calyrex-Shadow, L50|100/100\n|-ability|p1a: Ludwig|As One\n|-ability|p1a: Ludwig|Unnerve\n|turn|4\n|\n|t:|1771928762\n|move|p1b: Tripitz|Protect||[still]\n|-fail|p1b: Tripitz\n|move|p2b: Indeedee|Follow Me|p2b: Indeedee\n|-singleturn|p2b: Indeedee|move: Follow Me\n|move|p2a: Necrozma|Expanding Force|p1a: Ludwig|[spread] p1a,p1b\n|-resisted|p1a: Ludwig\n|-damage|p1a: Ludwig|47/100\n|-damage|p1b: Tripitz|25/100\n|-damage|p2a: Necrozma|81/100|[from] item: Life Orb\n|move|p1a: Ludwig|Trick Room|p1a: Ludwig\n|-fieldend|move: Trick Room\n|\n|-weather|RainDance|[upkeep]\n|upkeep\n|turn|5\n|\n|t:|1771928783\n|switch|p2a: Torkoal|Torkoal, L50, M|100/100\n|-weather|SunnyDay|[from] ability: Drought|[of] p2a: Torkoal\n|move|p1a: Ludwig|Astral Barrage|p2a: Torkoal|[spread] p2a\n|-immune|p2b: Indeedee\n|-damage|p2a: Torkoal|27/100\n|move|p1b: Tripitz|Origin Pulse|p2b: Indeedee|[spread] p2a,p2b\n|-supereffective|p2a: Torkoal\n|-damage|p2a: Torkoal|0 fnt\n|-damage|p2b: Indeedee|0 fnt\n|faint|p2a: Torkoal\n|faint|p2b: Indeedee\n|\n|-weather|SunnyDay|[upkeep]\n|-fieldend|move: Psychic Terrain\n|upkeep\n|\n|t:|1771928799\n|switch|p2b: Necrozma|Necrozma-Dawn-Wings, L50|81/100\n|turn|6\n|\n|t:|1771928803\n|move|p1a: Ludwig|Astral Barrage|p2b: Necrozma\n|-supereffective|p2b: Necrozma\n|-damage|p2b: Necrozma|0 fnt\n|faint|p2b: Necrozma\n|\n|win|marcxhenry\n|raw|marcxhenry's rating: 1543 &rarr; <strong>1555</strong><br />(+12 for winning)\n|raw|Erseo05's rating: 1404 &rarr; <strong>1392</strong><br />(-12 for losing)\n|l|\u2606Erseo05\n|player|p2|\n|l|\u2606marcxhenry\n|player|p1|\n","uploadtime":1771928960,"views":14,"formatid":"gen9vgc2026regi","rating":1392,"private":0,"password":null}