{"id":"gen9vgc2026regi-2569428882","format":"[Gen 9] VGC 2026 Reg I","players":["blackred123","novikuh"],"log":"|j|\u2606blackred123\n|j|\u2606novikuh\n|t:|1774693593\n|gametype|doubles\n|player|p1|blackred123|iono-masters|1435\n|player|p2|novikuh|266|1395\n|gen|9\n|tier|[Gen 9] VGC 2026 Reg I\n|rated|\n|rule|Species Clause: Limit one of each Pok\u00e9mon\n|rule|Item Clause: Limit 1 of each item\n|clearpoke\n|poke|p1|Kyogre, L50|\n|poke|p1|Zamazenta-*, L50|\n|poke|p1|Chien-Pao, L50|\n|poke|p1|Amoonguss, L50, F|\n|poke|p1|Dragonite, L50, F|\n|poke|p1|Rillaboom, L50, M|\n|poke|p2|Kyogre, L50|\n|poke|p2|Calyrex-Ice, L50|\n|poke|p2|Annihilape, L50, F|\n|poke|p2|Amoonguss, L50, F|\n|poke|p2|Ursaluna, L50, M|\n|poke|p2|Rillaboom, L50, M|\n|teampreview|4\n|inactive|Battle timer is ON: inactive players will automatically lose when time's up. (requested by blackred123)\n|\n|t:|1774693617\n|teamsize|p1|4\n|teamsize|p2|4\n|start\n|switch|p1a: Kyogre|Kyogre, L50|100/100\n|switch|p1b: Amoonguss|Amoonguss, L50, F|100/100\n|switch|p2a: Annihilape|Annihilape, L50, F|100/100\n|switch|p2b: Calyrex|Calyrex-Ice, L50|100/100\n|-ability|p2b: Calyrex|As One\n|-ability|p2b: Calyrex|Unnerve\n|-weather|RainDance|[from] ability: Drizzle|[of] p1a: Kyogre\n|turn|1\n|inactive|novikuh has 30 seconds left.\n|inactive|novikuh has 20 seconds left.\n|inactive|novikuh has 15 seconds left.\n|\n|t:|1774693661\n|-terastallize|p2b: Calyrex|Grass\n|move|p1b: Amoonguss|Rage Powder|p1b: Amoonguss\n|-singleturn|p1b: Amoonguss|move: Rage Powder\n|move|p1a: Kyogre|Water Spout|p2b: Calyrex|[spread] p2a,p2b\n|-resisted|p2b: Calyrex\n|-damage|p2a: Annihilape|19/100\n|-damage|p2b: Calyrex|68/100\n|move|p2a: Annihilape|Final Gambit|p1b: Amoonguss\n|-damage|p1b: Amoonguss|82/100\n|faint|p2a: Annihilape\n|move|p2b: Calyrex|Trick Room|p2b: Calyrex\n|-fieldstart|move: Trick Room|[of] p2b: Calyrex\n|\n|-weather|RainDance|[upkeep]\n|upkeep\n|\n|t:|1774693670\n|switch|p2a: Ursaluna|Ursaluna, L50, M|100/100\n|turn|2\n|\n|t:|1774693688\n|switch|p1a: Zamazenta|Zamazenta-Crowned, L50|100/100\n|-ability|p1a: Zamazenta|Dauntless Shield|boost\n|-boost|p1a: Zamazenta|def|1\n|move|p1b: Amoonguss|Protect|p1b: Amoonguss\n|-singleturn|p1b: Amoonguss|Protect\n|move|p2a: Ursaluna|Protect|p2a: Ursaluna\n|-singleturn|p2a: Ursaluna|Protect\n|move|p2b: Calyrex|Protect||[still]\n|-fail|p2b: Calyrex\n|\n|-weather|RainDance|[upkeep]\n|-status|p2a: Ursaluna|brn|[from] item: Flame Orb\n|upkeep\n|turn|3\n|j| Crvstal_K!tty\n|inactive|blackred123 has 30 seconds left.\n|inactive|novikuh has 30 seconds left.\n|inactive|blackred123 has 20 seconds left.\n|inactive|novikuh has 20 seconds left.\n|\n|t:|1774693725\n|move|p1b: Amoonguss|Rage Powder|p1b: Amoonguss\n|-singleturn|p1b: Amoonguss|move: Rage Powder\n|move|p2b: Calyrex|Glacial Lance|p1a: Zamazenta|[spread] p1a,p1b\n|-resisted|p1a: Zamazenta\n|-supereffective|p1b: Amoonguss\n|-damage|p1a: Zamazenta|90/100\n|-damage|p1b: Amoonguss|0 fnt\n|faint|p1b: Amoonguss\n|-ability|p2b: Calyrex|Chilling Neigh|boost\n|-boost|p2b: Calyrex|atk|1\n|move|p1a: Zamazenta|Body Press|p2a: Ursaluna\n|-supereffective|p2a: Ursaluna\n|-damage|p2a: Ursaluna|3/100 brn\n|move|p2a: Ursaluna|Roar|p1a: Zamazenta\n|drag|p1a: Dragonite|Dragonite, L50, F|100/100\n|\n|-weather|RainDance|[upkeep]\n|-damage|p2a: Ursaluna|0 fnt|[from] brn\n|faint|p2a: Ursaluna\n|upkeep\n|\n|t:|1774693737\n|switch|p1b: Zamazenta|Zamazenta-Crowned, L50|90/100\n|switch|p2a: Kyogre|Kyogre, L50|100/100\n|turn|4\n|\n|t:|1774693759\n|-terastallize|p1a: Dragonite|Normal\n|move|p1b: Zamazenta|Wide Guard|p1b: Zamazenta\n|-singleturn|p1b: Zamazenta|Wide Guard\n|move|p1a: Dragonite|Extreme Speed|p2a: Kyogre\n|-damage|p2a: Kyogre|34/100\n|-enditem|p2a: Kyogre|Sitrus Berry|[eat]\n|-heal|p2a: Kyogre|58/100|[from] item: Sitrus Berry\n|move|p2b: Calyrex|Seed Bomb|p1a: Dragonite\n|-damage|p1a: Dragonite|14/100\n|move|p2a: Kyogre|Hydro Pump|p1b: Zamazenta|[miss]\n|-miss|p2a: Kyogre|p1b: Zamazenta\n|\n|-weather|RainDance|[upkeep]\n|upkeep\n|turn|5\n|inactive|blackred123 has 30 seconds left.\n|inactive|novikuh has 30 seconds left.\n|inactive|novikuh has 20 seconds left.\n|\n|t:|1774693798\n|move|p2a: Kyogre|Protect|p2a: Kyogre\n|-singleturn|p2a: Kyogre|Protect\n|move|p1a: Dragonite|Extreme Speed|p2b: Calyrex\n|-damage|p2b: Calyrex|29/100\n|move|p2b: Calyrex|Seed Bomb|p1b: Zamazenta\n|-resisted|p1b: Zamazenta\n|-damage|p1b: Zamazenta|65/100\n|move|p1b: Zamazenta|Body Press|p2b: Calyrex\n|-damage|p2b: Calyrex|0 fnt\n|faint|p2b: Calyrex\n|\n|-weather|none\n|-fieldend|move: Trick Room\n|upkeep\n|turn|6\n|-message|novikuh forfeited.\n|\n|win|blackred123\n|raw|blackred123's rating: 1435 &rarr; <strong>1453</strong><br />(+18 for winning)\n|raw|novikuh's rating: 1395 &rarr; <strong>1377</strong><br />(-18 for losing)\n|l|\u2606novikuh\n|player|p2|\n|l| Crvstal_K!tty\n","uploadtime":1774693819,"views":11,"formatid":"gen9vgc2026regi","rating":1377,"private":0,"password":null}