{"id":"gen9vgc2026regi-2562432728","format":"[Gen 9] VGC 2026 Reg I","players":["SycrasisEU","carp1"],"log":"|j|\u2606SycrasisEU\n|j|\u2606carp1\n|t:|1773916277\n|gametype|doubles\n|player|p1|SycrasisEU|pryce|1253\n|player|p2|carp1|hilbert-wonderlauncher|1328\n|gen|9\n|tier|[Gen 9] VGC 2026 Reg I\n|rated|\n|rule|Species Clause: Limit one of each Pok\u00e9mon\n|rule|Item Clause: Limit 1 of each item\n|clearpoke\n|poke|p1|Koraidon, L50|\n|poke|p1|Incineroar, L50, F|\n|poke|p1|Miraidon, L50|\n|poke|p1|Sneasler, L50, F|\n|poke|p1|Slither Wing, L50|\n|poke|p1|Whimsicott, L50, F|\n|poke|p2|Landorus, L50, M|\n|poke|p2|Tornadus, L50, M|\n|poke|p2|Zacian-*, L50|\n|poke|p2|Kyogre, L50|\n|poke|p2|Raging Bolt, L50|\n|poke|p2|Incineroar, L50, F|\n|teampreview|4\n|inactive|Battle timer is ON: inactive players will automatically lose when time's up. (requested by carp1)\n|inactive|SycrasisEU has 60 seconds left.\nSycrasisEU has agreed to open team sheets.\n|\n|t:|1773916357\n|teamsize|p1|4\n|teamsize|p2|4\n|start\n|switch|p1a: Miraidon|Miraidon, L50|100/100\n|switch|p1b: Sneasler|Sneasler, L50, F|100/100\n|switch|p2a: \u4e91\u4ece\u9f99|Tornadus, L50, M, shiny|100/100\n|switch|p2b: \u7d2b\u8d85\u68a6|Kyogre, L50, shiny|100/100\n|-fieldstart|move: Electric Terrain|[from] ability: Hadron Engine|[of] p1a: Miraidon\n|-enditem|p1b: Sneasler|Electric Seed\n|-boost|p1b: Sneasler|def|1|[from] item: Electric Seed\n|-weather|RainDance|[from] ability: Drizzle|[of] p2b: \u7d2b\u8d85\u68a6\n|turn|1\n|\n|t:|1773916373\n|-terastallize|p2b: \u7d2b\u8d85\u68a6|Grass\n|move|p2a: \u4e91\u4ece\u9f99|Tailwind|p2a: \u4e91\u4ece\u9f99\n|-sidestart|p2: carp1|move: Tailwind\n|move|p1b: Sneasler|Dire Claw|p2b: \u7d2b\u8d85\u68a6\n|-supereffective|p2b: \u7d2b\u8d85\u68a6\n|-damage|p2b: \u7d2b\u8d85\u68a6|2/100\n|move|p2b: \u7d2b\u8d85\u68a6|Water Spout|p1a: Miraidon|[spread] p1a,p1b\n|-resisted|p1a: Miraidon\n|-damage|p1a: Miraidon|99/100\n|-damage|p1b: Sneasler|99/100\n|move|p1a: Miraidon|Volt Switch|p2a: \u4e91\u4ece\u9f99\n|-supereffective|p2a: \u4e91\u4ece\u9f99\n|-damage|p2a: \u4e91\u4ece\u9f99|0 fnt\n|faint|p2a: \u4e91\u4ece\u9f99\n|\n|t:|1773916386\n|switch|p1a: Koraidon|Koraidon, L50|100/100|[from] Volt Switch\n|-weather|SunnyDay|[from] ability: Orichalcum Pulse|[of] p1a: Koraidon\n|-activate|p1a: Koraidon|Orichalcum Pulse|[source]\n|\n|-weather|SunnyDay|[upkeep]\n|upkeep\n|\n|t:|1773916394\n|switch|p2a: \u98ce\u4ece\u864e|Landorus, L50, M, shiny|100/100\n|turn|2\n|\n|t:|1773916407\n|move|p2a: \u98ce\u4ece\u864e|Sandsear Storm|p1a: Koraidon|[spread] p1a,p1b\n|-supereffective|p1b: Sneasler\n|-damage|p1a: Koraidon|52/100\n|-damage|p1b: Sneasler|0 fnt\n|faint|p1b: Sneasler\n|move|p2b: \u7d2b\u8d85\u68a6|Ice Beam|p1a: Koraidon\n|-supereffective|p1a: Koraidon\n|-damage|p1a: Koraidon|0 fnt\n|faint|p1a: Koraidon\n|\n|-weather|SunnyDay|[upkeep]\n|upkeep\n|\n|t:|1773916414\n|switch|p1a: Miraidon|Miraidon, L50|99/100\n|switch|p1b: Slither Wing|Slither Wing, L50|100/100\n|-activate|p1a: Miraidon|ability: Hadron Engine\n|-activate|p1b: Slither Wing|ability: Protosynthesis\n|-start|p1b: Slither Wing|protosynthesisatk\n|turn|3\n|\n|t:|1773916424\n|switch|p2b: \u5251\u4e4b\u738b\u8d85\u68a6|Zacian-Crowned, L50, shiny|100/100\n|-ability|p2b: \u5251\u4e4b\u738b\u8d85\u68a6|Intrepid Sword|boost\n|-boost|p2b: \u5251\u4e4b\u738b\u8d85\u68a6|atk|1\n|-terastallize|p1a: Miraidon|Fairy\n|move|p1b: Slither Wing|First Impression|p2b: \u5251\u4e4b\u738b\u8d85\u68a6\n|-resisted|p2b: \u5251\u4e4b\u738b\u8d85\u68a6\n|-damage|p2b: \u5251\u4e4b\u738b\u8d85\u68a6|86/100\n|move|p2a: \u98ce\u4ece\u864e|Sandsear Storm|p1b: Slither Wing|[spread] p1a,p1b\n|-resisted|p1b: Slither Wing\n|-damage|p1a: Miraidon|52/100\n|-damage|p1b: Slither Wing|85/100\n|move|p1a: Miraidon|Draco Meteor|p2a: \u98ce\u4ece\u864e\n|-damage|p2a: \u98ce\u4ece\u864e|0 fnt\n|-unboost|p1a: Miraidon|spa|2\n|faint|p2a: \u98ce\u4ece\u864e\n|\n|-weather|SunnyDay|[upkeep]\n|upkeep\n|\n|t:|1773916439\n|switch|p2a: \u7d2b\u8d85\u68a6|Kyogre, L50, shiny, tera:Grass|2/100\n|-weather|RainDance|[from] ability: Drizzle|[of] p2a: \u7d2b\u8d85\u68a6\n|-end|p1b: Slither Wing|Protosynthesis\n|turn|4\n|\n|t:|1773916457\n|move|p2b: \u5251\u4e4b\u738b\u8d85\u68a6|Play Rough|p1b: Slither Wing|[miss]\n|-miss|p2b: \u5251\u4e4b\u738b\u8d85\u68a6|p1b: Slither Wing\n|move|p2a: \u7d2b\u8d85\u68a6|Origin Pulse|p1a: Miraidon|[spread] p1a,p1b\n|-damage|p1a: Miraidon|0 fnt\n|-damage|p1b: Slither Wing|40/100\n|faint|p1a: Miraidon\n|move|p1b: Slither Wing|Close Combat|p2b: \u5251\u4e4b\u738b\u8d85\u68a6\n|-damage|p2b: \u5251\u4e4b\u738b\u8d85\u68a6|26/100\n|-unboost|p1b: Slither Wing|def|1\n|-unboost|p1b: Slither Wing|spd|1\n|\n|-weather|RainDance|[upkeep]\n|-sideend|p2: carp1|move: Tailwind\n|upkeep\n|turn|5\n|-message|SycrasisEU forfeited.\n|\n|win|carp1\n|raw|SycrasisEU's rating: 1253 &rarr; <strong>1233</strong><br />(-20 for losing)\n|raw|carp1's rating: 1328 &rarr; <strong>1344</strong><br />(+16 for winning)\n|l|\u2606SycrasisEU\n|player|p1|\n|l|\u2606carp1\n|player|p2|\n","uploadtime":1773916477,"views":10,"formatid":"gen9vgc2026regi","rating":1233,"private":0,"password":null}