{"id":"gen9vgc2026regi-2582329522","format":"[Gen 9] VGC 2026 Reg I","players":["cxy090506","Luxerna"],"log":"|j|\u2606cxy090506\n|j|\u2606Luxerna\n|t:|1776083849\n|gametype|doubles\n|player|p1|cxy090506|fairytalegirl|1487\n|player|p2|Luxerna|dawn-gen4pt|1598\n|gen|9\n|tier|[Gen 9] VGC 2026 Reg I\n|rated|\n|rule|Species Clause: Limit one of each Pok\u00e9mon\n|rule|Item Clause: Limit 1 of each item\n|clearpoke\n|poke|p1|Calyrex-Shadow, L50|\n|poke|p1|Zamazenta-*, L50|\n|poke|p1|Incineroar, L50, F|\n|poke|p1|Rillaboom, L50, F|\n|poke|p1|Ogerpon-Cornerstone, L50, F|\n|poke|p1|Tornadus, L50, M|\n|poke|p2|Zamazenta-*, L50|\n|poke|p2|Calyrex-Shadow, L50|\n|poke|p2|Chien-Pao, L50|\n|poke|p2|Dragonite, L50, M|\n|poke|p2|Ogerpon-Cornerstone, L50, F|\n|poke|p2|Raging Bolt, L50|\n|teampreview|4\n|\n|t:|1776083875\n|teamsize|p1|4\n|teamsize|p2|4\n|start\n|switch|p1a: \u5636\u9a6c\u51a0\u54e5|Calyrex-Shadow, L50|100/100\n|switch|p1b: \u5e05otto\u5e05|Incineroar, L50, F|100/100\n|switch|p2a: Zamazenta|Zamazenta-Crowned, L50|100/100\n|switch|p2b: Chien-Pao|Chien-Pao, L50|100/100\n|-ability|p1a: \u5636\u9a6c\u51a0\u54e5|As One\n|-ability|p1a: \u5636\u9a6c\u51a0\u54e5|Unnerve\n|-ability|p2b: Chien-Pao|Sword of Ruin\n|-ability|p2a: Zamazenta|Dauntless Shield|boost\n|-boost|p2a: Zamazenta|def|1\n|-ability|p1b: \u5e05otto\u5e05|Intimidate|boost\n|-unboost|p2a: Zamazenta|atk|1\n|-unboost|p2b: Chien-Pao|atk|1\n|turn|1\n|\n|t:|1776083893\n|-terastallize|p1a: \u5636\u9a6c\u51a0\u54e5|Dark\n|-terastallize|p2b: Chien-Pao|Ghost\n|move|p1b: \u5e05otto\u5e05|Fake Out|p2b: Chien-Pao\n|-immune|p2b: Chien-Pao\n|move|p1a: \u5636\u9a6c\u51a0\u54e5|Astral Barrage|p2b: Chien-Pao|[spread] p2a,p2b\n|-supereffective|p2b: Chien-Pao\n|-damage|p2a: Zamazenta|60/100\n|-enditem|p2b: Chien-Pao|Focus Sash\n|-damage|p2b: Chien-Pao|1/100\n|move|p2b: Chien-Pao|Ruination|p1a: \u5636\u9a6c\u51a0\u54e5\n|-damage|p1a: \u5636\u9a6c\u51a0\u54e5|51/100\n|move|p2a: Zamazenta|Behemoth Bash|p1a: \u5636\u9a6c\u51a0\u54e5\n|-damage|p1a: \u5636\u9a6c\u51a0\u54e5|11/100\n|\n|upkeep\n|turn|2\n|\n|t:|1776083926\n|move|p1a: \u5636\u9a6c\u51a0\u54e5|Protect|p1a: \u5636\u9a6c\u51a0\u54e5\n|-singleturn|p1a: \u5636\u9a6c\u51a0\u54e5|Protect\n|move|p2b: Chien-Pao|Sucker Punch||[still]\n|-fail|p2b: Chien-Pao\n|move|p2a: Zamazenta|Body Press|p1b: \u5e05otto\u5e05\n|-supereffective|p1b: \u5e05otto\u5e05\n|-damage|p1b: \u5e05otto\u5e05|0 fnt\n|-damage|p2a: Zamazenta|43/100|[from] item: Rocky Helmet|[of] p1b: \u5e05otto\u5e05\n|faint|p1b: \u5e05otto\u5e05\n|\n|upkeep\n|\n|t:|1776083933\n|switch|p1b: \u54c7\u8884\uff08\u72d7\u53eb\u58f0\uff09|Zamazenta-Crowned, L50|100/100\n|-ability|p1b: \u54c7\u8884\uff08\u72d7\u53eb\u58f0\uff09|Dauntless Shield|boost\n|-boost|p1b: \u54c7\u8884\uff08\u72d7\u53eb\u58f0\uff09|def|1\n|turn|3\n|\n|t:|1776083939\n|move|p1a: \u5636\u9a6c\u51a0\u54e5|Encore|p2b: Chien-Pao\n|-start|p2b: Chien-Pao|Encore\n|move|p2b: Chien-Pao|Sucker Punch||[still]\n|-fail|p2b: Chien-Pao\n|move|p1b: \u54c7\u8884\uff08\u72d7\u53eb\u58f0\uff09|Imprison|p1b: \u54c7\u8884\uff08\u72d7\u53eb\u58f0\uff09\n|-start|p1b: \u54c7\u8884\uff08\u72d7\u53eb\u58f0\uff09|move: Imprison\n|cant|p2a: Zamazenta|move: Imprison|Body Press\n|\n|upkeep\n|turn|4\n|\n|t:|1776083962\n|switch|p1a: \u6211\u559c\u6b22\u4f60|Ogerpon-Cornerstone, L50, F|100/100\n|switch|p2a: Calyrex|Calyrex-Shadow, L50|100/100\n|-ability|p2a: Calyrex|As One\n|-ability|p2a: Calyrex|Unnerve\n|move|p2b: Chien-Pao|Sucker Punch||[still]\n|-fail|p2b: Chien-Pao\n|move|p1b: \u54c7\u8884\uff08\u72d7\u53eb\u58f0\uff09|Heavy Slam|p2b: Chien-Pao\n|-damage|p2b: Chien-Pao|0 fnt\n|faint|p2b: Chien-Pao\n|\n|upkeep\n|\n|t:|1776083979\n|switch|p2b: Raging Bolt|Raging Bolt, L50|100/100\n|-enditem|p2b: Raging Bolt|Booster Energy\n|-activate|p2b: Raging Bolt|ability: Protosynthesis|[fromitem]\n|-start|p2b: Raging Bolt|protosynthesisspa\n|turn|5\n|\n|t:|1776083988\n|move|p1a: \u6211\u559c\u6b22\u4f60|Follow Me|p1a: \u6211\u559c\u6b22\u4f60\n|-singleturn|p1a: \u6211\u559c\u6b22\u4f60|move: Follow Me\n|move|p2a: Calyrex|Psychic|p1a: \u6211\u559c\u6b22\u4f60\n|-damage|p1a: \u6211\u559c\u6b22\u4f60|20/100\n|-damage|p2a: Calyrex|91/100|[from] item: Life Orb\n|move|p1b: \u54c7\u8884\uff08\u72d7\u53eb\u58f0\uff09|Heavy Slam|p2a: Calyrex\n|-damage|p2a: Calyrex|27/100\n|move|p2b: Raging Bolt|Dragon Pulse|p1a: \u6211\u559c\u6b22\u4f60\n|-damage|p1a: \u6211\u559c\u6b22\u4f60|0 fnt\n|faint|p1a: \u6211\u559c\u6b22\u4f60\n|\n|upkeep\n|\n|t:|1776083999\n|switch|p1a: \u5636\u9a6c\u51a0\u54e5|Calyrex-Shadow, L50, tera:Dark|11/100\n|-ability|p1a: \u5636\u9a6c\u51a0\u54e5|As One\n|-ability|p1a: \u5636\u9a6c\u51a0\u54e5|Unnerve\n|turn|6\n|\n|t:|1776084018\n|move|p2a: Calyrex|Protect|p2a: Calyrex\n|-singleturn|p2a: Calyrex|Protect\n|move|p1a: \u5636\u9a6c\u51a0\u54e5|Protect|p1a: \u5636\u9a6c\u51a0\u54e5\n|-singleturn|p1a: \u5636\u9a6c\u51a0\u54e5|Protect\n|move|p1b: \u54c7\u8884\uff08\u72d7\u53eb\u58f0\uff09|Heavy Slam|p2a: Calyrex\n|-activate|p2a: Calyrex|move: Protect\n|move|p2b: Raging Bolt|Thunderbolt|p1b: \u54c7\u8884\uff08\u72d7\u53eb\u58f0\uff09\n|-damage|p1b: \u54c7\u8884\uff08\u72d7\u53eb\u58f0\uff09|54/100\n|\n|upkeep\n|turn|7\n|\n|t:|1776084031\n|move|p2b: Raging Bolt|Thunderclap|p1a: \u5636\u9a6c\u51a0\u54e5\n|-damage|p1a: \u5636\u9a6c\u51a0\u54e5|0 fnt\n|faint|p1a: \u5636\u9a6c\u51a0\u54e5\n|move|p2a: Calyrex|Psychic|p1b: \u54c7\u8884\uff08\u72d7\u53eb\u58f0\uff09\n|-crit|p1b: \u54c7\u8884\uff08\u72d7\u53eb\u58f0\uff09\n|-damage|p1b: \u54c7\u8884\uff08\u72d7\u53eb\u58f0\uff09|0 fnt\n|faint|p1b: \u54c7\u8884\uff08\u72d7\u53eb\u58f0\uff09\n|-damage|p2a: Calyrex|18/100|[from] item: Life Orb\n|\n|win|Luxerna\n|raw|cxy090506's rating: 1487 &rarr; <strong>1473</strong><br />(-14 for losing)\n|raw|Luxerna's rating: 1598 &rarr; <strong>1612</strong><br />(+14 for winning)\n|l|\u2606Luxerna\n|player|p2|\n","uploadtime":1776084221,"views":14,"formatid":"gen9vgc2026regi","rating":1473,"private":0,"password":null}