{"id":"gen9vgc2026regi-2526060636","format":"[Gen 9] VGC 2026 Reg I","players":["Schimmli","ice spice rider"],"log":"|j|\u2606Schimmli\n|j|\u2606ice spice rider\n|t:|1769367660\n|gametype|doubles\n|player|p1|Schimmli|1|1476\n|player|p2|ice spice rider|169|1420\n|gen|9\n|tier|[Gen 9] VGC 2026 Reg I\n|rated|\n|rule|Species Clause: Limit one of each Pok\u00e9mon\n|rule|Item Clause: Limit 1 of each item\n|clearpoke\n|poke|p1|Kyogre, L50|\n|poke|p1|Tornadus, L50, M|\n|poke|p1|Urshifu-*, L50, F|\n|poke|p1|Landorus, L50, M|\n|poke|p1|Flutter Mane, L50|\n|poke|p1|Zamazenta-*, L50|\n|poke|p2|Calyrex-Shadow, L50|\n|poke|p2|Zamazenta-*, L50|\n|poke|p2|Ting-Lu, L50|\n|poke|p2|Dondozo, L50, M|\n|poke|p2|Chien-Pao, L50|\n|poke|p2|Ogerpon-Hearthflame, L50, F|\n|teampreview|4\n|\n|t:|1769367690\n|teamsize|p1|4\n|teamsize|p2|4\n|start\n|switch|p1a: Kyogre|Kyogre, L50|100/100\n|switch|p1b: Tornadus|Tornadus, L50, M|100/100\n|switch|p2a: Emergency Button|Chien-Pao, L50|100/100\n|switch|p2b: Magnus Carlsen|Zamazenta-Crowned, L50|100/100\n|-ability|p2a: Emergency Button|Sword of Ruin\n|-ability|p2b: Magnus Carlsen|Dauntless Shield|boost\n|-boost|p2b: Magnus Carlsen|def|1\n|-weather|RainDance|[from] ability: Drizzle|[of] p1a: Kyogre\n|turn|1\n|\n|t:|1769367726\n|-terastallize|p2a: Emergency Button|Stellar\n|move|p2a: Emergency Button|Ice Shard|p1b: Tornadus\n|-supereffective|p1b: Tornadus\n|-damage|p1b: Tornadus|0 fnt\n|faint|p1b: Tornadus\n|-damage|p2a: Emergency Button|91/100|[from] item: Life Orb\n|move|p2b: Magnus Carlsen|Body Press|p1a: Kyogre\n|-damage|p1a: Kyogre|9/100\n|move|p1a: Kyogre|Hydro Pump|p2b: Magnus Carlsen\n|-damage|p2b: Magnus Carlsen|0 fnt\n|faint|p2b: Magnus Carlsen\n|\n|-weather|RainDance|[upkeep]\n|upkeep\n|\n|t:|1769367740\n|switch|p2b: 221 speed|Calyrex-Shadow, L50|100/100\n|switch|p1b: Flutter Mane|Flutter Mane, L50|100/100\n|-ability|p2b: 221 speed|As One\n|-ability|p2b: 221 speed|Unnerve\n|-enditem|p1b: Flutter Mane|Booster Energy\n|-activate|p1b: Flutter Mane|ability: Protosynthesis|[fromitem]\n|-start|p1b: Flutter Mane|protosynthesisspe\n|turn|2\n|\n|t:|1769367764\n|switch|p1a: Zamazenta|Zamazenta-Crowned, L50|100/100\n|-ability|p1a: Zamazenta|Dauntless Shield|boost\n|-boost|p1a: Zamazenta|def|1\n|-terastallize|p1b: Flutter Mane|Fairy\n|move|p2a: Emergency Button|Ice Shard|p1a: Zamazenta\n|-resisted|p1a: Zamazenta\n|-damage|p1a: Zamazenta|93/100\n|-damage|p2a: Emergency Button|81/100|[from] item: Life Orb\n|move|p1b: Flutter Mane|Icy Wind|p2a: Emergency Button|[spread] p2a,p2b\n|-resisted|p2a: Emergency Button\n|-damage|p2a: Emergency Button|70/100\n|-damage|p2b: 221 speed|87/100\n|-unboost|p2a: Emergency Button|spe|1\n|-unboost|p2b: 221 speed|spe|1\n|move|p2b: 221 speed|Astral Barrage|p1b: Flutter Mane|[spread] p1a,p1b\n|-crit|p1b: Flutter Mane\n|-damage|p1a: Zamazenta|54/100\n|-damage|p1b: Flutter Mane|27/100\n|\n|-weather|RainDance|[upkeep]\n|upkeep\n|turn|3\n|\n|t:|1769367787\n|switch|p2b: Chromakopia|Ogerpon-Hearthflame, L50, F|100/100\n|-ability|p2b: Chromakopia|Mold Breaker\n|move|p1b: Flutter Mane|Protect|p1b: Flutter Mane\n|-singleturn|p1b: Flutter Mane|Protect\n|move|p2a: Emergency Button|Ice Shard|p1b: Flutter Mane\n|-activate|p1b: Flutter Mane|move: Protect\n|move|p1a: Zamazenta|Body Press|p2a: Emergency Button\n|-supereffective|p2a: Emergency Button\n|-damage|p2a: Emergency Button|0 fnt\n|faint|p2a: Emergency Button\n|\n|-weather|RainDance|[upkeep]\n|upkeep\n|inactive|Battle timer is ON: inactive players will automatically lose when time's up. (requested by Schimmli)\n|\n|t:|1769367815\n|switch|p2a: 221 speed|Calyrex-Shadow, L50|87/100\n|-ability|p2a: 221 speed|As One\n|-ability|p2a: 221 speed|Unnerve\n|turn|4\n|\n|t:|1769367829\n|move|p1a: Zamazenta|Wide Guard|p1a: Zamazenta\n|-singleturn|p1a: Zamazenta|Wide Guard\n|move|p2b: Chromakopia|Follow Me|p2b: Chromakopia\n|-singleturn|p2b: Chromakopia|move: Follow Me\n|move|p1b: Flutter Mane|Icy Wind|p2b: Chromakopia|[spread] p2a,p2b\n|-damage|p2a: 221 speed|75/100\n|-damage|p2b: Chromakopia|85/100\n|-unboost|p2a: 221 speed|spe|1\n|-unboost|p2b: Chromakopia|spe|1\n|move|p2a: 221 speed|Psychic|p1b: Flutter Mane\n|-damage|p1b: Flutter Mane|0 fnt\n|faint|p1b: Flutter Mane\n|-end|p1b: Flutter Mane|Protosynthesis|[silent]\n|-ability|p2a: 221 speed|Grim Neigh|boost\n|-boost|p2a: 221 speed|spa|1\n|\n|-weather|RainDance|[upkeep]\n|upkeep\n|\n|t:|1769367840\n|switch|p1b: Kyogre|Kyogre, L50|9/100\n|turn|5\n|\n|t:|1769367859\n|move|p2b: Chromakopia|Follow Me|p2b: Chromakopia\n|-singleturn|p2b: Chromakopia|move: Follow Me\n|move|p1a: Zamazenta|Body Press|p2b: Chromakopia\n|-damage|p2b: Chromakopia|0 fnt\n|faint|p2b: Chromakopia\n|move|p2a: 221 speed|Psychic|p1b: Kyogre\n|-damage|p1b: Kyogre|0 fnt\n|faint|p1b: Kyogre\n|-ability|p2a: 221 speed|Grim Neigh|boost\n|-boost|p2a: 221 speed|spa|1\n|\n|-weather|none\n|upkeep\n|turn|6\n|\n|t:|1769367868\n|move|p1a: Zamazenta|Heavy Slam|p2a: 221 speed\n|-damage|p2a: 221 speed|20/100\n|move|p2a: 221 speed|Psychic|p1a: Zamazenta\n|-damage|p1a: Zamazenta|0 fnt\n|faint|p1a: Zamazenta\n|\n|win|ice spice rider\n|raw|Schimmli's rating: 1476 &rarr; <strong>1453</strong><br />(-23 for losing)\n|raw|ice spice rider's rating: 1420 &rarr; <strong>1443</strong><br />(+23 for winning)\n|l|\u2606Schimmli\n|player|p1|\n|l|\u2606ice spice rider\n|player|p2|\n","uploadtime":1769368105,"views":15,"formatid":"gen9vgc2026regi","rating":1443,"private":0,"password":null}