{"id":"gen9vgc2026regi-2580384619","format":"[Gen 9] VGC 2026 Reg I","players":["navinsachump","Wildgoobys"],"log":"|j|\u2606navinsachump\n|j|\u2606Wildgoobys\n|t:|1775888533\n|gametype|doubles\n|player|p1|navinsachump|smasher|1533\n|player|p2|Wildgoobys|ethan|1452\n|gen|9\n|tier|[Gen 9] VGC 2026 Reg I\n|rated|\n|rule|Species Clause: Limit one of each Pok\u00e9mon\n|rule|Item Clause: Limit 1 of each item\n|clearpoke\n|poke|p1|Miraidon, L50|\n|poke|p1|Incineroar, L50, M|\n|poke|p1|Whimsicott, L50, M|\n|poke|p1|Urshifu-*, L50, M|\n|poke|p1|Lunala, L50|\n|poke|p1|Ursaluna, L50, M|\n|poke|p2|Incineroar, L50, M|\n|poke|p2|Koraidon, L50|\n|poke|p2|Whimsicott, L50, M|\n|poke|p2|Latios, L50, M|\n|poke|p2|Eternatus, L50|\n|poke|p2|Amoonguss, L50, M|\n|teampreview|4\n|inactive|Battle timer is ON: inactive players will automatically lose when time's up. (requested by navinsachump)\n|\n|t:|1775888565\n|teamsize|p1|4\n|teamsize|p2|4\n|start\n|switch|p1a: Lunala|Lunala, L50|100/100\n|switch|p1b: Incineroar|Incineroar, L50, M|100/100\n|switch|p2a: Eternatus|Eternatus, L50|100/100\n|switch|p2b: Incineroar|Incineroar, L50, M|100/100\n|-ability|p2a: Eternatus|Pressure\n|-ability|p1b: Incineroar|Intimidate|boost\n|-unboost|p2a: Eternatus|atk|1\n|-unboost|p2b: Incineroar|atk|1\n|-ability|p2b: Incineroar|Intimidate|boost\n|-unboost|p1a: Lunala|atk|1\n|-unboost|p1b: Incineroar|atk|1\n|turn|1\n|inactive|navinsachump has 30 seconds left.\n|\n|t:|1775888591\n|move|p1b: Incineroar|Fake Out|p2b: Incineroar\n|-damage|p2b: Incineroar|92/100\n|move|p2a: Eternatus|Cosmic Power|p2a: Eternatus\n|-boost|p2a: Eternatus|def|1\n|-boost|p2a: Eternatus|spd|1\n|cant|p2b: Incineroar|flinch\n|move|p1a: Lunala|Trick Room|p1a: Lunala\n|-fieldstart|move: Trick Room|[of] p1a: Lunala\n|\n|upkeep\n|turn|2\n|\n|t:|1775888610\n|switch|p2b: Amoonguss|Amoonguss, L50, M|100/100\n|-terastallize|p1a: Lunala|Fairy\n|move|p2a: Eternatus|Protect|p2a: Eternatus\n|-singleturn|p2a: Eternatus|Protect\n|move|p1b: Incineroar|U-turn|p2b: Amoonguss\n|-damage|p2b: Amoonguss|84/100\n|-damage|p1b: Incineroar|84/100|[from] item: Rocky Helmet|[of] p2b: Amoonguss\n|\n|t:|1775888617\n|switch|p1b: Ursaluna|Ursaluna, L50, M|100/100|[from] U-turn\n|move|p1a: Lunala|Moonblast|p2a: Eternatus\n|-activate|p2a: Eternatus|move: Protect\n|\n|-status|p1b: Ursaluna|brn|[from] item: Flame Orb\n|upkeep\n|turn|3\n|\n|t:|1775888635\n|switch|p2b: Incineroar|Incineroar, L50, M|92/100\n|-ability|p2b: Incineroar|Intimidate|boost\n|-unboost|p1a: Lunala|atk|1\n|-unboost|p1b: Ursaluna|atk|1\n|switch|p1a: Miraidon|Miraidon, L50|100/100\n|-fieldstart|move: Electric Terrain|[from] ability: Hadron Engine|[of] p1a: Miraidon\n|-terastallize|p2a: Eternatus|Fairy\n|move|p1b: Ursaluna|Headlong Rush|p2a: Eternatus\n|-damage|p2a: Eternatus|66/100\n|-unboost|p1b: Ursaluna|def|1\n|-unboost|p1b: Ursaluna|spd|1\n|move|p2a: Eternatus|Cosmic Power|p2a: Eternatus\n|-boost|p2a: Eternatus|def|1\n|-boost|p2a: Eternatus|spd|1\n|\n|-heal|p2a: Eternatus|72/100|[from] item: Leftovers\n|-damage|p1b: Ursaluna|95/100 brn|[from] brn\n|upkeep\n|turn|4\n|inactive|navinsachump has 30 seconds left.\n|\n|t:|1775888662\n|move|p2b: Incineroar|Fake Out|p1b: Ursaluna\n|-damage|p1b: Ursaluna|79/100 brn\n|cant|p1b: Ursaluna|flinch\n|move|p2a: Eternatus|Cosmic Power|p2a: Eternatus\n|-boost|p2a: Eternatus|def|1\n|-boost|p2a: Eternatus|spd|1\n|move|p1a: Miraidon|Volt Switch|p2b: Incineroar\n|-damage|p2b: Incineroar|0 fnt\n|faint|p2b: Incineroar\n|\n|t:|1775888677\n|switch|p1a: Incineroar|Incineroar, L50, M|84/100|[from] Volt Switch\n|-ability|p1a: Incineroar|Intimidate|boost\n|-unboost|p2a: Eternatus|atk|1\n|\n|-heal|p2a: Eternatus|78/100|[from] item: Leftovers\n|-damage|p1b: Ursaluna|73/100 brn|[from] brn\n|upkeep\n|\n|t:|1775888695\n|switch|p2b: Koraidon|Koraidon, L50|100/100\n|-weather|SunnyDay|[from] ability: Orichalcum Pulse|[of] p2b: Koraidon\n|-activate|p2b: Koraidon|Orichalcum Pulse|[source]\n|turn|5\n|inactive|navinsachump has 30 seconds left.\n|\n|t:|1775888724\n|switch|p1b: Miraidon|Miraidon, L50|100/100\n|-activate|p1b: Miraidon|ability: Hadron Engine\n|switch|p1a: Lunala|Lunala, L50, tera:Fairy|100/100\n|-enditem|p1a: Lunala|Electric Seed\n|-boost|p1a: Lunala|def|1|[from] item: Electric Seed\n|move|p2a: Eternatus|Protect|p2a: Eternatus\n|-singleturn|p2a: Eternatus|Protect\n|move|p2b: Koraidon|Protect||[still]\n|-fail|p2b: Koraidon\n|\n|-weather|SunnyDay|[upkeep]\n|-heal|p2a: Eternatus|84/100|[from] item: Leftovers\n|-fieldend|move: Trick Room\n|upkeep\n|turn|6\n|inactive|Wildgoobys has 30 seconds left.\n|inactive|Wildgoobys has 20 seconds left.\n|inactive|Wildgoobys has 15 seconds left.\n|inactive|Wildgoobys has 10 seconds left.\n|inactive|Wildgoobys has 5 seconds left.\n|\n|t:|1775888775\n|move|p2b: Koraidon|Flare Blitz|p1a: Lunala\n|-crit|p1a: Lunala\n|-damage|p1a: Lunala|36/100\n|-status|p1a: Lunala|brn\n|-damage|p2b: Koraidon|72/100|[from] Recoil\n|-damage|p2b: Koraidon|62/100|[from] item: Life Orb\n|move|p1b: Miraidon|Volt Switch|p2a: Eternatus\n|-damage|p2a: Eternatus|61/100\n|\n|t:|1775888783\n|switch|p1b: Ursaluna|Ursaluna, L50, M|73/100 brn|[from] Volt Switch\n|move|p2a: Eternatus|Cosmic Power|p2a: Eternatus\n|-boost|p2a: Eternatus|def|1\n|-boost|p2a: Eternatus|spd|1\n|move|p1a: Lunala|Trick Room|p1a: Lunala\n|-fieldstart|move: Trick Room|[of] p1a: Lunala\n|\n|-weather|SunnyDay|[upkeep]\n|-heal|p2a: Eternatus|67/100|[from] item: Leftovers\n|-damage|p1b: Ursaluna|67/100 brn|[from] brn\n|-damage|p1a: Lunala|30/100 brn|[from] brn\n|upkeep\n|turn|7\n|\n|t:|1775888792\n|move|p2a: Eternatus|Protect|p2a: Eternatus\n|-singleturn|p2a: Eternatus|Protect\n|move|p2b: Koraidon|Protect|p2b: Koraidon\n|-singleturn|p2b: Koraidon|Protect\n|move|p1a: Lunala|Wide Guard|p1a: Lunala\n|-singleturn|p1a: Lunala|Wide Guard\n|move|p1b: Ursaluna|Earthquake|p2b: Koraidon|[spread] \n|-activate|p1a: Lunala|move: Wide Guard\n|-activate|p2a: Eternatus|move: Protect\n|-activate|p2b: Koraidon|move: Protect\n|\n|-weather|SunnyDay|[upkeep]\n|-heal|p2a: Eternatus|73/100|[from] item: Leftovers\n|-damage|p1b: Ursaluna|61/100 brn|[from] brn\n|-damage|p1a: Lunala|23/100 brn|[from] brn\n|-fieldend|move: Electric Terrain\n|upkeep\n|turn|8\n|\n|t:|1775888809\n|switch|p2b: Amoonguss|Amoonguss, L50, M|100/100\n|move|p1a: Lunala|Wide Guard|p1a: Lunala\n|-singleturn|p1a: Lunala|Wide Guard\n|move|p1b: Ursaluna|Earthquake|p2b: Amoonguss|[spread] p2a,p2b\n|-activate|p1a: Lunala|move: Wide Guard\n|-damage|p2a: Eternatus|58/100\n|-damage|p2b: Amoonguss|24/100\n|move|p2a: Eternatus|Recover|p2a: Eternatus\n|-heal|p2a: Eternatus|100/100\n|\n|-weather|SunnyDay|[upkeep]\n|-damage|p1b: Ursaluna|56/100 brn|[from] brn\n|-damage|p1a: Lunala|17/100 brn|[from] brn\n|upkeep\n|turn|9\n|inactive|Wildgoobys has 30 seconds left.\n|\n|t:|1775888837\n|move|p2b: Amoonguss|Protect|p2b: Amoonguss\n|-singleturn|p2b: Amoonguss|Protect\n|move|p1a: Lunala|Wide Guard|p1a: Lunala\n|-singleturn|p1a: Lunala|Wide Guard\n|move|p1b: Ursaluna|Earthquake|p2a: Eternatus|[spread] p2a\n|-activate|p1a: Lunala|move: Wide Guard\n|-activate|p2b: Amoonguss|move: Protect\n|-damage|p2a: Eternatus|85/100\n|move|p2a: Eternatus|Cosmic Power|p2a: Eternatus\n|-boost|p2a: Eternatus|def|1\n|-boost|p2a: Eternatus|spd|1\n|\n|-weather|none\n|-heal|p2a: Eternatus|91/100|[from] item: Leftovers\n|-damage|p1b: Ursaluna|50/100 brn|[from] brn\n|-damage|p1a: Lunala|11/100 brn|[from] brn\n|upkeep\n|turn|10\n|inactive|navinsachump has 30 seconds left.\n|inactive|Wildgoobys has 30 seconds left.\n|inactive|navinsachump has 20 seconds left.\n|inactive|Wildgoobys has 20 seconds left.\n|inactive|Wildgoobys has 15 seconds left.\n|\n|t:|1775888877\n|move|p1a: Lunala|Wide Guard|p1a: Lunala\n|-singleturn|p1a: Lunala|Wide Guard\n|move|p2b: Amoonguss|Clear Smog|p1a: Lunala\n|-supereffective|p1a: Lunala\n|-damage|p1a: Lunala|0 fnt\n|-clearboost|p1a: Lunala\n|faint|p1a: Lunala\n|move|p1b: Ursaluna|Earthquake|p2b: Amoonguss|[spread] p2a,p2b\n|-damage|p2a: Eternatus|76/100\n|-damage|p2b: Amoonguss|0 fnt\n|faint|p2b: Amoonguss\n|move|p2a: Eternatus|Cosmic Power|p2a: Eternatus\n|-boost|p2a: Eternatus|def|1\n|-boost|p2a: Eternatus|spd|1\n|\n|-heal|p2a: Eternatus|82/100|[from] item: Leftovers\n|-damage|p1b: Ursaluna|44/100 brn|[from] brn\n|-fieldend|move: Trick Room\n|upkeep\n|\n|t:|1775888895\n|switch|p1a: Miraidon|Miraidon, L50|100/100\n|switch|p2b: Koraidon|Koraidon, L50|62/100\n|-weather|SunnyDay|[from] ability: Orichalcum Pulse|[of] p2b: Koraidon\n|-activate|p2b: Koraidon|Orichalcum Pulse|[source]\n|-fieldstart|move: Electric Terrain|[from] ability: Hadron Engine|[of] p1a: Miraidon\n|turn|11\n|\n|t:|1775888910\n|move|p2b: Koraidon|Close Combat|p1a: Miraidon\n|-damage|p1a: Miraidon|0 fnt\n|-unboost|p2b: Koraidon|def|1\n|-unboost|p2b: Koraidon|spd|1\n|faint|p1a: Miraidon\n|-damage|p2b: Koraidon|52/100|[from] item: Life Orb\n|move|p2a: Eternatus|Sludge Bomb|p1b: Ursaluna\n|-resisted|p1b: Ursaluna\n|-damage|p1b: Ursaluna|27/100 brn\n|move|p1b: Ursaluna|Facade|p2a: Eternatus\n|-damage|p2a: Eternatus|59/100\n|\n|-weather|SunnyDay|[upkeep]\n|-heal|p2a: Eternatus|65/100|[from] item: Leftovers\n|-damage|p1b: Ursaluna|21/100 brn|[from] brn\n|upkeep\n|\n|t:|1775888921\n|switch|p1a: Incineroar|Incineroar, L50, M|84/100\n|-ability|p1a: Incineroar|Intimidate|boost\n|-unboost|p2a: Eternatus|atk|1\n|-unboost|p2b: Koraidon|atk|1\n|turn|12\n|\n|t:|1775888936\n|move|p2b: Koraidon|Protect|p2b: Koraidon\n|-singleturn|p2b: Koraidon|Protect\n|move|p2a: Eternatus|Protect|p2a: Eternatus\n|-singleturn|p2a: Eternatus|Protect\n|move|p1a: Incineroar|Fake Out|p2b: Koraidon\n|-activate|p2b: Koraidon|move: Protect\n|move|p1b: Ursaluna|Facade|p2b: Koraidon\n|-activate|p2b: Koraidon|move: Protect\n|\n|-weather|SunnyDay|[upkeep]\n|-heal|p2a: Eternatus|71/100|[from] item: Leftovers\n|-damage|p1b: Ursaluna|15/100 brn|[from] brn\n|upkeep\n|turn|13\n|\n|t:|1775888949\n|move|p2b: Koraidon|Close Combat|p1a: Incineroar\n|-supereffective|p1a: Incineroar\n|-damage|p1a: Incineroar|0 fnt\n|-unboost|p2b: Koraidon|def|1\n|-unboost|p2b: Koraidon|spd|1\n|faint|p1a: Incineroar\n|-damage|p2b: Koraidon|43/100|[from] item: Life Orb\n|move|p2a: Eternatus|Sludge Bomb|p1b: Ursaluna\n|-resisted|p1b: Ursaluna\n|-crit|p1b: Ursaluna\n|-damage|p1b: Ursaluna|0 fnt\n|faint|p1b: Ursaluna\n|\n|win|Wildgoobys\n|raw|navinsachump's rating: 1533 &rarr; <strong>1508</strong><br />(-25 for losing)\n|raw|Wildgoobys's rating: 1452 &rarr; <strong>1477</strong><br />(+25 for winning)\n|c|\u2606navinsachump|do u enjoy plkaying this strat\n|l|\u2606Wildgoobys\n|player|p2|\n|l|\u2606navinsachump\n|player|p1|\n","uploadtime":1775889204,"views":14,"formatid":"gen9vgc2026regi","rating":1477,"private":0,"password":null}