{"id":"gen9vgc2026regi-2589857943","format":"[Gen 9] VGC 2026 Reg I","players":["yourlackofskill","perruquer"],"log":"|j|\u2606yourlackofskill\n|j|\u2606perruquer\n|t:|1776767878\n|gametype|doubles\n|player|p1|yourlackofskill|170|1253\n|player|p2|perruquer|265|1279\n|gen|9\n|tier|[Gen 9] VGC 2026 Reg I\n|rated|\n|rule|Species Clause: Limit one of each Pok\u00e9mon\n|rule|Item Clause: Limit 1 of each item\n|clearpoke\n|poke|p1|Archaludon, L50, M|\n|poke|p1|Ogerpon-Wellspring, L50, F|\n|poke|p1|Miraidon, L50|\n|poke|p1|Lapras, L50, F|\n|poke|p1|Kyogre, L50|\n|poke|p1|Iron Hands, L50|\n|poke|p2|Calyrex-Ice, L50|\n|poke|p2|Kyogre, L50|\n|poke|p2|Incineroar, L50, M|\n|poke|p2|Flutter Mane, L50|\n|poke|p2|Amoonguss, L50, M|\n|poke|p2|Smeargle, L50, F|\n|teampreview|4\n|\n|t:|1776767902\n|teamsize|p1|4\n|teamsize|p2|4\n|start\n|switch|p1a: Iron Hands|Iron Hands, L50|100/100\n|switch|p1b: Miraidon|Miraidon, L50|100/100\n|switch|p2a: Smeargle|Smeargle, L50, F|100/100\n|switch|p2b: Calyrex|Calyrex-Ice, L50|100/100\n|-ability|p2b: Calyrex|As One\n|-ability|p2b: Calyrex|Unnerve\n|-fieldstart|move: Electric Terrain|[from] ability: Hadron Engine|[of] p1b: Miraidon\n|-activate|p1a: Iron Hands|ability: Quark Drive\n|-start|p1a: Iron Hands|quarkdriveatk\n|turn|1\n|\n|t:|1776767923\n|move|p2b: Calyrex|Protect|p2b: Calyrex\n|-singleturn|p2b: Calyrex|Protect\n|move|p1a: Iron Hands|Fake Out|p2b: Calyrex\n|-activate|p2b: Calyrex|move: Protect\n|move|p1b: Miraidon|Volt Switch|p2a: Smeargle\n|-enditem|p2a: Smeargle|Focus Sash\n|-damage|p2a: Smeargle|1/100\n|\n|t:|1776767932\n|switch|p1b: Kyogre|Kyogre, L50|100/100|[from] Volt Switch\n|-weather|RainDance|[from] ability: Drizzle|[of] p1b: Kyogre\n|move|p2a: Smeargle|Decorate|p2b: Calyrex\n|-boost|p2b: Calyrex|atk|2\n|-boost|p2b: Calyrex|spa|2\n|\n|-weather|RainDance|[upkeep]\n|-ability|p2a: Smeargle|Moody|boost\n|-boost|p2a: Smeargle|def|2\n|-unboost|p2a: Smeargle|spe|1\n|upkeep\n|turn|2\n|\n|t:|1776767951\n|-terastallize|p2b: Calyrex|Fairy\n|move|p1b: Kyogre|Protect|p1b: Kyogre\n|-singleturn|p1b: Kyogre|Protect\n|move|p2a: Smeargle|Follow Me|p2a: Smeargle\n|-singleturn|p2a: Smeargle|move: Follow Me\n|move|p1a: Iron Hands|Thunder Punch|p2a: Smeargle\n|-damage|p2a: Smeargle|0 fnt\n|faint|p2a: Smeargle\n|move|p2b: Calyrex|Trick Room|p2b: Calyrex\n|-fieldstart|move: Trick Room|[of] p2b: Calyrex\n|\n|-weather|RainDance|[upkeep]\n|upkeep\n|\n|t:|1776767964\n|switch|p2a: Amoonguss|Amoonguss, L50, M|100/100\n|turn|3\n|\n|t:|1776767973\n|switch|p1b: Lapras|Lapras, L50, F|100/100\n|move|p2a: Amoonguss|Rage Powder|p2a: Amoonguss\n|-singleturn|p2a: Amoonguss|move: Rage Powder\n|move|p1a: Iron Hands|Thunder Punch|p2a: Amoonguss\n|-resisted|p2a: Amoonguss\n|-damage|p2a: Amoonguss|67/100\n|-damage|p1a: Iron Hands|84/100|[from] item: Rocky Helmet|[of] p2a: Amoonguss\n|move|p2b: Calyrex|Glacial Lance|p1a: Iron Hands|[spread] p1a,p1b\n|-resisted|p1b: Lapras\n|-damage|p1a: Iron Hands|4/100\n|-damage|p1b: Lapras|77/100\n|\n|-weather|RainDance|[upkeep]\n|-heal|p1b: Lapras|83/100|[from] item: Leftovers\n|upkeep\n|turn|4\n|\n|t:|1776768000\n|move|p1a: Iron Hands|Detect|p1a: Iron Hands\n|-singleturn|p1a: Iron Hands|Protect\n|move|p2a: Amoonguss|Rage Powder|p2a: Amoonguss\n|-singleturn|p2a: Amoonguss|move: Rage Powder\n|move|p2b: Calyrex|Glacial Lance|p1b: Lapras|[spread] p1b\n|-activate|p1a: Iron Hands|move: Protect\n|-resisted|p1b: Lapras\n|-damage|p1b: Lapras|58/100\n|move|p1b: Lapras|Freeze-Dry|p2a: Amoonguss\n|-supereffective|p2a: Amoonguss\n|-damage|p2a: Amoonguss|18/100\n|\n|-weather|RainDance|[upkeep]\n|-heal|p1b: Lapras|64/100|[from] item: Leftovers\n|upkeep\n|turn|5\n|\n|t:|1776768019\n|switch|p2a: Kyogre|Kyogre, L50|100/100\n|-end|p1a: Iron Hands|Quark Drive|[silent]\n|switch|p1a: Kyogre|Kyogre, L50|100/100\n|move|p2b: Calyrex|Glacial Lance|p1b: Lapras|[spread] p1a,p1b\n|-resisted|p1a: Kyogre\n|-resisted|p1b: Lapras\n|-damage|p1a: Kyogre|56/100\n|-damage|p1b: Lapras|41/100\n|move|p1b: Lapras|Freeze-Dry|p2a: Kyogre\n|-supereffective|p2a: Kyogre\n|-damage|p2a: Kyogre|56/100\n|\n|-weather|none\n|-heal|p1b: Lapras|47/100|[from] item: Leftovers\n|-fieldend|move: Electric Terrain\n|upkeep\n|turn|6\n|\n|t:|1776768037\n|switch|p2a: Amoonguss|Amoonguss, L50, M|51/100\n|move|p1b: Lapras|Protect|p1b: Lapras\n|-singleturn|p1b: Lapras|Protect\n|move|p1a: Kyogre|Protect|p1a: Kyogre\n|-singleturn|p1a: Kyogre|Protect\n|move|p2b: Calyrex|Glacial Lance|p1a: Kyogre|[spread] \n|-activate|p1a: Kyogre|move: Protect\n|-activate|p1b: Lapras|move: Protect\n|\n|-heal|p1b: Lapras|53/100|[from] item: Leftovers\n|-fieldend|move: Trick Room\n|upkeep\n|turn|7\n|\n|t:|1776768054\n|move|p2a: Amoonguss|Protect|p2a: Amoonguss\n|-singleturn|p2a: Amoonguss|Protect\n|move|p1a: Kyogre|Ice Beam|p2a: Amoonguss\n|-activate|p2a: Amoonguss|move: Protect\n|move|p1b: Lapras|Life Dew|p1b: Lapras|[spread] p1a,p1b\n|-heal|p1a: Kyogre|81/100\n|-heal|p1b: Lapras|78/100\n|move|p2b: Calyrex|Trick Room|p2b: Calyrex\n|-fieldstart|move: Trick Room|[of] p2b: Calyrex\n|\n|-heal|p1b: Lapras|84/100|[from] item: Leftovers\n|upkeep\n|turn|8\n|\n|t:|1776768071\n|move|p2a: Amoonguss|Spore|p1a: Kyogre\n|-status|p1a: Kyogre|slp|[from] move: Spore\n|move|p2b: Calyrex|Leech Seed|p1a: Kyogre|[miss]\n|-miss|p2b: Calyrex|p1a: Kyogre\n|move|p1b: Lapras|Freeze-Dry|p2a: Amoonguss\n|-supereffective|p2a: Amoonguss\n|-damage|p2a: Amoonguss|5/100\n|cant|p1a: Kyogre|slp\n|\n|-heal|p1b: Lapras|90/100|[from] item: Leftovers\n|upkeep\n|turn|9\n|\n|t:|1776768094\n|switch|p2a: Kyogre|Kyogre, L50|56/100\n|-weather|RainDance|[from] ability: Drizzle|[of] p2a: Kyogre\n|move|p2b: Calyrex|Leech Seed|p1b: Lapras\n|-start|p1b: Lapras|move: Leech Seed\n|move|p1b: Lapras|Life Dew|p1b: Lapras|[spread] p1a,p1b\n|-heal|p1a: Kyogre|100/100 slp\n|-heal|p1b: Lapras|100/100\n|cant|p1a: Kyogre|slp\n|\n|-weather|RainDance|[upkeep]\n|-damage|p1b: Lapras|88/100|[from] Leech Seed|[of] p2b: Calyrex\n|upkeep\n|turn|10\n|\n|t:|1776768116\n|-curestatus|p1a: Kyogre|slp|[msg]\n|move|p1a: Kyogre|Protect|p1a: Kyogre\n|-singleturn|p1a: Kyogre|Protect\n|move|p2b: Calyrex|Leech Seed|p1a: Kyogre\n|-activate|p1a: Kyogre|move: Protect\n|move|p1b: Lapras|Life Dew||[still]|[spread] p1a,p1b\n|-fail|p1a: Kyogre|heal\n|-heal|p1b: Lapras|100/100\n|move|p2a: Kyogre|Thunder|p1b: Lapras\n|-supereffective|p1b: Lapras\n|-damage|p1b: Lapras|20/100\n|\n|-weather|RainDance|[upkeep]\n|-heal|p1b: Lapras|26/100|[from] item: Leftovers\n|-damage|p1b: Lapras|13/100|[from] Leech Seed|[of] p2b: Calyrex\n|upkeep\n|turn|11\n|\n|t:|1776768136\n|switch|p2a: Amoonguss|Amoonguss, L50, M|38/100\n|move|p1b: Lapras|Protect|p1b: Lapras\n|-singleturn|p1b: Lapras|Protect\n|move|p2b: Calyrex|Glacial Lance|p1b: Lapras|[spread] p1a\n|-activate|p1b: Lapras|move: Protect\n|-resisted|p1a: Kyogre\n|-damage|p1a: Kyogre|57/100\n|move|p1a: Kyogre|Thunder|p2a: Amoonguss\n|-resisted|p2a: Amoonguss\n|-damage|p2a: Amoonguss|17/100\n|\n|-weather|RainDance|[upkeep]\n|-heal|p1b: Lapras|19/100|[from] item: Leftovers\n|-damage|p1b: Lapras|7/100|[from] Leech Seed|[of] p2b: Calyrex\n|-fieldend|move: Trick Room\n|upkeep\n|turn|12\n|\n|t:|1776768154\n|move|p1b: Lapras|Helping Hand|p1a: Kyogre\n|-singleturn|p1a: Kyogre|Helping Hand|[of] p1b: Lapras\n|move|p2a: Amoonguss|Protect|p2a: Amoonguss\n|-singleturn|p2a: Amoonguss|Protect\n|move|p1a: Kyogre|Origin Pulse|p2b: Calyrex|[spread] \n|-activate|p2a: Amoonguss|move: Protect\n|-miss|p1a: Kyogre|p2b: Calyrex\n|move|p2b: Calyrex|Trick Room|p2b: Calyrex\n|-fieldstart|move: Trick Room|[of] p2b: Calyrex\n|\n|-weather|RainDance|[upkeep]\n|-heal|p1b: Lapras|13/100|[from] item: Leftovers\n|-damage|p1b: Lapras|0 fnt|[from] Leech Seed|[of] p2b: Calyrex\n|faint|p1b: Lapras\n|upkeep\n|\n|t:|1776768167\n|switch|p1b: Iron Hands|Iron Hands, L50|4/100\n|-enditem|p1b: Iron Hands|Booster Energy\n|-activate|p1b: Iron Hands|ability: Quark Drive|[fromitem]\n|-start|p1b: Iron Hands|quarkdriveatk\n|turn|13\n|\n|t:|1776768179\n|move|p1b: Iron Hands|Fake Out|p2a: Amoonguss\n|-damage|p2a: Amoonguss|0 fnt\n|-damage|p1b: Iron Hands|0 fnt|[from] item: Rocky Helmet|[of] p2a: Amoonguss\n|faint|p2a: Amoonguss\n|faint|p1b: Iron Hands\n|-end|p1b: Iron Hands|Quark Drive|[silent]\n|move|p2b: Calyrex|Glacial Lance|p1a: Kyogre\n|-resisted|p1a: Kyogre\n|-damage|p1a: Kyogre|0 fnt\n|faint|p1a: Kyogre\n|-ability|p2b: Calyrex|Chilling Neigh|boost\n|-boost|p2b: Calyrex|atk|1\n|\n|-weather|none\n|upkeep\n|\n|t:|1776768192\n|switch|p2a: Kyogre|Kyogre, L50|56/100\n|switch|p1a: Miraidon|Miraidon, L50|100/100\n|-weather|RainDance|[from] ability: Drizzle|[of] p2a: Kyogre\n|-fieldstart|move: Electric Terrain|[from] ability: Hadron Engine|[of] p1a: Miraidon\n|turn|14\n|\n|t:|1776768208\n|move|p2b: Calyrex|Glacial Lance|p1a: Miraidon\n|-supereffective|p1a: Miraidon\n|-damage|p1a: Miraidon|0 fnt\n|faint|p1a: Miraidon\n|\n|win|perruquer\n|raw|yourlackofskill's rating: 1253 &rarr; <strong>1230</strong><br />(-23 for losing)\n|raw|perruquer's rating: 1279 &rarr; <strong>1302</strong><br />(+23 for winning)\n|l|\u2606yourlackofskill\n|player|p1|\n|l|\u2606perruquer\n|player|p2|\n","uploadtime":1776768449,"views":7,"formatid":"gen9vgc2026regi","rating":1230,"private":0,"password":null}