{"id":"gen9vgc2026regi-2568756046","format":"[Gen 9] VGC 2026 Reg I","players":["pzyxhic","Nekosan123"],"log":"|j|\u2606pzyxhic\n|j|\u2606Nekosan123\n|t:|1774620410\n|gametype|doubles\n|player|p1|pzyxhic|169|1264\n|player|p2|Nekosan123|battlegirl|1287\n|gen|9\n|tier|[Gen 9] VGC 2026 Reg I\n|rated|\n|rule|Species Clause: Limit one of each Pok\u00e9mon\n|rule|Item Clause: Limit 1 of each item\n|clearpoke\n|poke|p1|Calyrex-Ice, L50|\n|poke|p1|Miraidon, L50|\n|poke|p1|Sinistcha-Masterpiece, L50|\n|poke|p1|Incineroar, L50, F|\n|poke|p1|Urshifu-*, L50, F|\n|poke|p1|Grimmsnarl, L50, M|\n|poke|p2|Kyogre, L50|\n|poke|p2|Calyrex-Ice, L50|\n|poke|p2|Incineroar, L50, F|\n|poke|p2|Basculegion, L50, M|\n|poke|p2|Rillaboom, L50, F|\n|poke|p2|Amoonguss, L50, F|\n|teampreview|4\n|\n|t:|1774620490\n|teamsize|p1|4\n|teamsize|p2|4\n|start\n|switch|p1a: Calyrex|Calyrex-Ice, L50|100/100\n|switch|p1b: Urshifu|Urshifu-Rapid-Strike, L50, F|100/100\n|switch|p2a: Incineroar|Incineroar, L50, F|100/100\n|switch|p2b: Kyogre|Kyogre, L50|100/100\n|-ability|p1a: Calyrex|As One\n|-ability|p1a: Calyrex|Unnerve\n|-weather|RainDance|[from] ability: Drizzle|[of] p2b: Kyogre\n|-ability|p2a: Incineroar|Intimidate|boost\n|-fail|p1a: Calyrex|unboost|[from] item: Clear Amulet|[of] p1a: Calyrex\n|-unboost|p1b: Urshifu|atk|1\n|turn|1\n|\n|t:|1774620513\n|switch|p1a: Miraidon|Miraidon, L50|100/100\n|-fieldstart|move: Electric Terrain|[from] ability: Hadron Engine|[of] p1a: Miraidon\n|move|p2a: Incineroar|Fake Out|p1b: Urshifu\n|-damage|p1b: Urshifu|90/100\n|move|p2b: Kyogre|Water Spout|p1a: Miraidon|[spread] p1a,p1b\n|-resisted|p1a: Miraidon\n|-resisted|p1b: Urshifu\n|-damage|p1a: Miraidon|76/100\n|-damage|p1b: Urshifu|22/100\n|cant|p1b: Urshifu|flinch\n|\n|-weather|RainDance|[upkeep]\n|upkeep\n|turn|2\n|\n|t:|1774620545\n|switch|p2b: Rillaboom|Rillaboom, L50, F|100/100\n|-fieldstart|move: Grassy Terrain|[from] ability: Grassy Surge|[of] p2b: Rillaboom\n|-terastallize|p2a: Incineroar|Water\n|move|p1b: Urshifu|Surging Strikes|p2b: Rillaboom\n|-resisted|p2b: Rillaboom\n|-crit|p2b: Rillaboom\n|-damage|p2b: Rillaboom|86/100\n|-resisted|p2b: Rillaboom\n|-crit|p2b: Rillaboom\n|-damage|p2b: Rillaboom|72/100\n|-resisted|p2b: Rillaboom\n|-crit|p2b: Rillaboom\n|-damage|p2b: Rillaboom|57/100\n|-hitcount|p2b: Rillaboom|3\n|move|p1a: Miraidon|Volt Switch|p2b: Rillaboom\n|-resisted|p2b: Rillaboom\n|-damage|p2b: Rillaboom|40/100\n|\n|t:|1774620561\n|switch|p1a: Sinistcha|Sinistcha-Masterpiece, L50|100/100|[from] Volt Switch\n|-heal|p1b: Urshifu|47/100|[from] ability: Hospitality|[of] p1a: Sinistcha\n|move|p2a: Incineroar|Knock Off|p1a: Sinistcha\n|-supereffective|p1a: Sinistcha\n|-damage|p1a: Sinistcha|49/100\n|-damage|p2a: Incineroar|84/100|[from] item: Rocky Helmet|[of] p1a: Sinistcha\n|-enditem|p1a: Sinistcha|Rocky Helmet|[from] move: Knock Off|[of] p2a: Incineroar\n|\n|-weather|RainDance|[upkeep]\n|-heal|p1b: Urshifu|53/100|[from] Grassy Terrain\n|-heal|p2b: Rillaboom|45/100|[from] Grassy Terrain\n|-heal|p1a: Sinistcha|55/100|[from] Grassy Terrain\n|-heal|p2a: Incineroar|90/100|[from] Grassy Terrain\n|upkeep\n|turn|3\n|inactive|Battle timer is ON: inactive players will automatically lose when time's up. (requested by pzyxhic)\n|\n|t:|1774620635\n|switch|p1b: Miraidon|Miraidon, L50|76/100\n|-fieldstart|move: Electric Terrain|[from] ability: Hadron Engine|[of] p1b: Miraidon\n|move|p2b: Rillaboom|Grassy Glide|p1b: Miraidon\n|-resisted|p1b: Miraidon\n|-damage|p1b: Miraidon|61/100\n|move|p1a: Sinistcha|Matcha Gotcha|p2a: Incineroar|[spread] p2a,p2b\n|-supereffective|p2a: Incineroar\n|-resisted|p2b: Rillaboom\n|-damage|p2a: Incineroar|51/100\n|-heal|p1a: Sinistcha|77/100|[from] drain|[of] p2a: Incineroar\n|-damage|p2b: Rillaboom|35/100\n|-heal|p1a: Sinistcha|83/100|[from] drain|[of] p2b: Rillaboom\n|move|p2a: Incineroar|Parting Shot|p1a: Sinistcha\n|-unboost|p1a: Sinistcha|atk|1\n|-unboost|p1a: Sinistcha|spa|1\n|inactive|Nekosan123 has 30 seconds left.\n|\n|t:|1774620662\n|switch|p2a: Basculegion|Basculegion, L50, M|100/100|[from] Parting Shot\n|\n|-weather|RainDance|[upkeep]\n|upkeep\n|turn|4\n|inactive|Nekosan123 has 30 seconds left.\n|\n|t:|1774620690\n|move|p2a: Basculegion|Phantom Force||[still]\n|-prepare|p2a: Basculegion|Phantom Force\n|-enditem|p2a: Basculegion|Power Herb\n|-anim|p2a: Basculegion|Phantom Force|p1a: Sinistcha\n|-supereffective|p1a: Sinistcha\n|-damage|p1a: Sinistcha|19/100\n|move|p1b: Miraidon|Electro Drift|p2b: Rillaboom\n|-resisted|p2b: Rillaboom\n|-damage|p2b: Rillaboom|0 fnt\n|faint|p2b: Rillaboom\n|move|p1a: Sinistcha|Life Dew|p1a: Sinistcha|[spread] p1a,p1b\n|-heal|p1a: Sinistcha|44/100\n|-heal|p1b: Miraidon|86/100\n|\n|-weather|RainDance|[upkeep]\n|upkeep\n|\n|t:|1774620707\n|switch|p2b: Kyogre|Kyogre, L50|100/100\n|turn|5\n|\n|t:|1774620729\n|switch|p1a: Urshifu|Urshifu-Rapid-Strike, L50, F|53/100\n|move|p2a: Basculegion|Last Respects|p1b: Miraidon\n|-damage|p1b: Miraidon|40/100\n|move|p2b: Kyogre|Water Spout|p1a: Urshifu|[spread] p1a,p1b\n|-resisted|p1a: Urshifu\n|-resisted|p1b: Miraidon\n|-damage|p1a: Urshifu|0 fnt\n|-damage|p1b: Miraidon|15/100\n|faint|p1a: Urshifu\n|move|p1b: Miraidon|Volt Switch|p2b: Kyogre\n|-supereffective|p2b: Kyogre\n|-damage|p2b: Kyogre|0 fnt\n|faint|p2b: Kyogre\n|\n|t:|1774620745\n|switch|p1b: Calyrex|Calyrex-Ice, L50|100/100|[from] Volt Switch\n|-ability|p1b: Calyrex|As One\n|-ability|p1b: Calyrex|Unnerve\n|\n|-weather|none\n|upkeep\n|\n|t:|1774620754\n|switch|p2b: Incineroar|Incineroar, L50, F, tera:Water|51/100\n|switch|p1a: Miraidon|Miraidon, L50|15/100\n|-activate|p1a: Miraidon|ability: Hadron Engine\n|-ability|p2b: Incineroar|Intimidate|boost\n|-unboost|p1a: Miraidon|atk|1\n|-fail|p1b: Calyrex|unboost|[from] item: Clear Amulet|[of] p1b: Calyrex\n|turn|6\n|inactive|pzyxhic has 30 seconds left.\n|inactive|Nekosan123 has 30 seconds left.\n|\n|t:|1774620788\n|-terastallize|p1b: Calyrex|Water\n|move|p2b: Incineroar|Fake Out|p1b: Calyrex\n|-damage|p1b: Calyrex|94/100\n|move|p1a: Miraidon|Volt Switch|p2a: Basculegion\n|-supereffective|p2a: Basculegion\n|-damage|p2a: Basculegion|0 fnt\n|faint|p2a: Basculegion\n|\n|t:|1774620796\n|switch|p1a: Sinistcha|Sinistcha-Masterpiece, L50|44/100|[from] Volt Switch\n|-heal|p1b: Calyrex|100/100|[from] ability: Hospitality|[of] p1a: Sinistcha\n|cant|p1b: Calyrex|flinch\n|\n|upkeep\n|turn|7\n|-message|Nekosan123 forfeited.\n|\n|win|pzyxhic\n|raw|pzyxhic's rating: 1264 &rarr; <strong>1291</strong><br />(+27 for winning)\n|raw|Nekosan123's rating: 1287 &rarr; <strong>1260</strong><br />(-27 for losing)\n|l|\u2606Nekosan123\n|player|p2|\n|l|\u2606pzyxhic\n|player|p1|\n","uploadtime":1774620983,"views":12,"formatid":"gen9vgc2026regi","rating":1260,"private":0,"password":null}