{"id":"gen9vgc2026regi-2534314949","format":"[Gen 9] VGC 2026 Reg I","players":["Goatweebe69","j0l0k0"],"log":"|j|\u2606Goatweebe69\n|j|\u2606j0l0k0\n|t:|1770407878\n|gametype|doubles\n|player|p1|Goatweebe69|cynthia-gen4|1313\n|player|p2|j0l0k0|brycen|1556\n|gen|9\n|tier|[Gen 9] VGC 2026 Reg I\n|rated|\n|rule|Species Clause: Limit one of each Pok\u00e9mon\n|rule|Item Clause: Limit 1 of each item\n|clearpoke\n|poke|p1|Giratina-Origin, L50|\n|poke|p1|Kyogre, L50|\n|poke|p1|Indeedee-F, L50, F|\n|poke|p1|Wo-Chien, L50|\n|poke|p1|Urshifu-*, L50, F|\n|poke|p1|Tornadus, L50, M|\n|poke|p2|Calyrex-Ice, L50|\n|poke|p2|Kyogre, L50|\n|poke|p2|Indeedee-F, L50, F|\n|poke|p2|Urshifu-*, L50, F|\n|poke|p2|Amoonguss, L50, F|\n|poke|p2|Landorus, L50, M|\n|teampreview|4\n|inactive|Battle timer is ON: inactive players will automatically lose when time's up. (requested by j0l0k0)\n|inactive|Goatweebe69 has 60 seconds left.\n|\n|t:|1770407924\n|teamsize|p1|4\n|teamsize|p2|4\n|start\n|switch|p1a: Kyogre|Kyogre, L50|100/100\n|switch|p1b: Urshifu|Urshifu-Rapid-Strike, L50, F|100/100\n|switch|p2a: Kyogre|Kyogre, L50, shiny|100/100\n|switch|p2b: Indeedee|Indeedee-F, L50, F, shiny|100/100\n|-weather|RainDance|[from] ability: Drizzle|[of] p1a: Kyogre\n|-fieldstart|move: Psychic Terrain|[from] ability: Psychic Surge|[of] p2b: Indeedee\n|turn|1\n|\n|t:|1770407937\n|-terastallize|p1a: Kyogre|Grass\n|move|p2b: Indeedee|Helping Hand|p2a: Kyogre\n|-singleturn|p2a: Kyogre|Helping Hand|[of] p2b: Indeedee\n|move|p1b: Urshifu|Surging Strikes|p2b: Indeedee\n|-crit|p2b: Indeedee\n|-damage|p2b: Indeedee|65/100\n|-crit|p2b: Indeedee\n|-damage|p2b: Indeedee|28/100\n|-crit|p2b: Indeedee\n|-damage|p2b: Indeedee|0 fnt\n|faint|p2b: Indeedee\n|-hitcount|p2: Indeedee|3\n|move|p1a: Kyogre|Thunder|p2a: Kyogre\n|-supereffective|p2a: Kyogre\n|-damage|p2a: Kyogre|65/100\n|-status|p2a: Kyogre|par\n|move|p2a: Kyogre|Thunder|p1a: Kyogre\n|-resisted|p1a: Kyogre\n|-damage|p1a: Kyogre|85/100\n|\n|-weather|RainDance|[upkeep]\n|upkeep\n|\n|t:|1770407955\n|switch|p2b: Calyrex|Calyrex-Ice, L50|100/100\n|-ability|p2b: Calyrex|As One\n|-ability|p2b: Calyrex|Unnerve\n|turn|2\n|\n|t:|1770407969\n|-terastallize|p2a: Kyogre|Grass\n|move|p1b: Urshifu|Surging Strikes|p2b: Calyrex\n|-crit|p2b: Calyrex\n|-damage|p2b: Calyrex|80/100\n|-crit|p2b: Calyrex\n|-damage|p2b: Calyrex|60/100\n|-crit|p2b: Calyrex\n|-damage|p2b: Calyrex|41/100\n|-hitcount|p2b: Calyrex|3\n|move|p1a: Kyogre|Water Spout|p2b: Calyrex|[spread] p2a,p2b\n|-resisted|p2a: Kyogre\n|-damage|p2a: Kyogre|48/100 par\n|-damage|p2b: Calyrex|0 fnt\n|faint|p2b: Calyrex\n|move|p2a: Kyogre|Thunder|p1b: Urshifu\n|-supereffective|p1b: Urshifu\n|-crit|p1b: Urshifu\n|-damage|p1b: Urshifu|0 fnt\n|faint|p1b: Urshifu\n|\n|-weather|RainDance|[upkeep]\n|upkeep\n|\n|t:|1770407986\n|switch|p1b: Wo-Chien|Wo-Chien, L50|100/100\n|switch|p2b: Urshifu|Urshifu, L50, F|100/100\n|-ability|p1b: Wo-Chien|Tablets of Ruin\n|turn|3\n|\n|t:|1770407994\n|move|p2b: Urshifu|Poison Jab|p1a: Kyogre\n|-supereffective|p1a: Kyogre\n|-crit|p1a: Kyogre\n|-damage|p1a: Kyogre|25/100\n|move|p1b: Wo-Chien|Pollen Puff|p1a: Kyogre\n|-heal|p1a: Kyogre|75/100\n|move|p1a: Kyogre|Water Spout|p2a: Kyogre|[spread] p2a,p2b\n|-resisted|p2a: Kyogre\n|-damage|p2a: Kyogre|34/100 par\n|-enditem|p2b: Urshifu|Focus Sash\n|-damage|p2b: Urshifu|1/100\n|move|p2a: Kyogre|Ice Beam|p1a: Kyogre\n|-supereffective|p1a: Kyogre\n|-damage|p1a: Kyogre|44/100\n|\n|-weather|RainDance|[upkeep]\n|upkeep\n|turn|4\n|\n|t:|1770408013\n|switch|p1a: Giratina|Giratina-Origin, L50|100/100\n|move|p2b: Urshifu|Poison Jab|p1a: Giratina\n|-resisted|p1a: Giratina\n|-damage|p1a: Giratina|92/100\n|move|p1b: Wo-Chien|Pollen Puff|p2b: Urshifu\n|-crit|p2b: Urshifu\n|-damage|p2b: Urshifu|0 fnt\n|faint|p2b: Urshifu\n|cant|p2a: Kyogre|par\n|\n|-weather|RainDance|[upkeep]\n|upkeep\n|turn|5\n|c|\u2606j0l0k0|ggwp\n|\n|t:|1770408033\n|move|p1b: Wo-Chien|Ruination|p2a: Kyogre\n|-damage|p2a: Kyogre|17/100 par\n|move|p1a: Giratina|Poltergeist|p2a: Kyogre\n|-activate|p2a: Kyogre|move: Poltergeist|Assault Vest\n|-damage|p2a: Kyogre|0 fnt\n|faint|p2a: Kyogre\n|\n|win|Goatweebe69\n|raw|Goatweebe69's rating: 1313 &rarr; <strong>1345</strong><br />(+32 for winning)\n|raw|j0l0k0's rating: 1556 &rarr; <strong>1524</strong><br />(-32 for losing)\n|l|\u2606Goatweebe69\n|player|p1|\n|l|\u2606j0l0k0\n|player|p2|\n","uploadtime":1770408210,"views":12,"formatid":"gen9vgc2026regi","rating":1345,"private":0,"password":null}