{"id":"gen9vgc2026regi-2541831496","format":"[Gen 9] VGC 2026 Reg I","players":["wtacrv","kojimuranishi"],"log":"|j|\u2606wtacrv\n|j|\u2606kojimuranishi\n|t:|1771374307\n|gametype|doubles\n|player|p1|wtacrv|biker-gen4|1397\n|player|p2|kojimuranishi|265|1452\n|gen|9\n|tier|[Gen 9] VGC 2026 Reg I\n|rated|\n|rule|Species Clause: Limit one of each Pok\u00e9mon\n|rule|Item Clause: Limit 1 of each item\n|clearpoke\n|poke|p1|Calyrex-Ice, L50|\n|poke|p1|Moltres-Galar, L50|\n|poke|p1|Groudon, L50|\n|poke|p1|Ogerpon-Wellspring, L50, F|\n|poke|p1|Sinistcha, L50|\n|poke|p1|Rillaboom, L50, F|\n|poke|p2|Calyrex-Ice, L50|\n|poke|p2|Indeedee-F, L50, F|\n|poke|p2|Kyogre, L50|\n|poke|p2|Pincurchin, L50, F|\n|poke|p2|Iron Jugulis, L50|\n|poke|p2|Urshifu-*, L50, F|\n|teampreview|4\n|inactive|Battle timer is ON: inactive players will automatically lose when time's up. (requested by wtacrv)\n|inactive|wtacrv has 60 seconds left.\n|inactive|kojimuranishi has 60 seconds left.\n|\n|t:|1771374351\n|teamsize|p1|4\n|teamsize|p2|4\n|start\n|switch|p1a: Moltres|Moltres-Galar, L50, shiny|100/100\n|switch|p1b: Calyrex|Calyrex-Ice, L50|100/100\n|switch|p2a: Calyrex|Calyrex-Ice, L50|100/100\n|switch|p2b: Kyogre|Kyogre, L50|100/100\n|-ability|p2a: Calyrex|As One\n|-ability|p2a: Calyrex|Unnerve\n|-ability|p1b: Calyrex|As One\n|-ability|p1b: Calyrex|Unnerve\n|-weather|RainDance|[from] ability: Drizzle|[of] p2b: Kyogre\n|turn|1\n|inactive|kojimuranishi has 30 seconds left.\n|inactive|wtacrv has 30 seconds left.\n|inactive|kojimuranishi has 20 seconds left.\n|inactive|kojimuranishi has 15 seconds left.\n|inactive|kojimuranishi has 10 seconds left.\n|\n|t:|1771374400\n|-terastallize|p1a: Moltres|Steel\n|move|p1b: Calyrex|Protect|p1b: Calyrex\n|-singleturn|p1b: Calyrex|Protect\n|move|p2b: Kyogre|Origin Pulse|p1a: Moltres|[spread] p1a\n|-activate|p1b: Calyrex|move: Protect\n|-damage|p1a: Moltres|52/100\n|move|p1a: Moltres|Fiery Wrath|p2a: Calyrex|[spread] p2a,p2b\n|-supereffective|p2a: Calyrex\n|-damage|p2a: Calyrex|57/100\n|-damage|p2b: Kyogre|78/100\n|move|p2a: Calyrex|Glacial Lance|p1b: Calyrex|[spread] p1a\n|-activate|p1b: Calyrex|move: Protect\n|-resisted|p1a: Moltres\n|-damage|p1a: Moltres|15/100\n|-ability|p1a: Moltres|Berserk|boost\n|-boost|p1a: Moltres|spa|1\n|\n|-weather|RainDance|[upkeep]\n|upkeep\n|turn|2\n|inactive|kojimuranishi has 30 seconds left.\n|\n|t:|1771374432\n|switch|p2a: Urshifu|Urshifu-Rapid-Strike, L50, F|100/100\n|move|p1a: Moltres|Sucker Punch||[still]\n|-fail|p1a: Moltres\n|move|p2b: Kyogre|Origin Pulse|p1a: Moltres|[spread] p1a,p1b\n|-damage|p1a: Moltres|0 fnt\n|-damage|p1b: Calyrex|42/100\n|faint|p1a: Moltres\n|move|p1b: Calyrex|Glacial Lance|p2b: Kyogre|[spread] p2a,p2b\n|-resisted|p2a: Urshifu\n|-resisted|p2b: Kyogre\n|-damage|p2a: Urshifu|68/100\n|-damage|p2b: Kyogre|51/100\n|\n|-weather|RainDance|[upkeep]\n|upkeep\n|\n|t:|1771374445\n|switch|p1a: Groudon|Groudon, L50|100/100\n|-weather|SunnyDay|[from] ability: Drought|[of] p1a: Groudon\n|turn|3\n|inactive|kojimuranishi has 30 seconds left.\n|\n|t:|1771374476\n|move|p2a: Urshifu|U-turn|p1b: Calyrex\n|-supereffective|p1b: Calyrex\n|-damage|p1b: Calyrex|0 fnt\n|faint|p1b: Calyrex\n|\n|t:|1771374485\n|switch|p2a: Calyrex|Calyrex-Ice, L50|57/100|[from] U-turn\n|-ability|p2a: Calyrex|As One\n|-ability|p2a: Calyrex|Unnerve\n|move|p2b: Kyogre|Origin Pulse|p1a: Groudon\n|-supereffective|p1a: Groudon\n|-damage|p1a: Groudon|25/100\n|move|p1a: Groudon|Precipice Blades|p2a: Calyrex|[spread] p2a,p2b\n|-damage|p2a: Calyrex|9/100\n|-damage|p2b: Kyogre|0 fnt\n|faint|p2b: Kyogre\n|-damage|p1a: Groudon|15/100|[from] item: Life Orb\n|\n|-weather|SunnyDay|[upkeep]\n|upkeep\n|inactive|kojimuranishi has 30 seconds left.\n|\n|t:|1771374511\n|switch|p2b: Indeedee|Indeedee-F, L50, F|100/100\n|switch|p1b: Ogerpon|Ogerpon-Wellspring, L50, F|100/100\n|-fieldstart|move: Psychic Terrain|[from] ability: Psychic Surge|[of] p2b: Indeedee\n|turn|4\n|\n|t:|1771374534\n|move|p2a: Calyrex|Protect|p2a: Calyrex\n|-singleturn|p2a: Calyrex|Protect\n|move|p1b: Ogerpon|Wood Hammer|p2a: Calyrex\n|-activate|p2a: Calyrex|move: Protect\n|move|p1a: Groudon|Precipice Blades|p2a: Calyrex|[spread] p2b\n|-activate|p2a: Calyrex|move: Protect\n|-damage|p2b: Indeedee|24/100\n|-damage|p1a: Groudon|6/100|[from] item: Life Orb\n|move|p2b: Indeedee|Trick Room|p2b: Indeedee\n|-fieldstart|move: Trick Room|[of] p2b: Indeedee\n|\n|-weather|SunnyDay|[upkeep]\n|upkeep\n|turn|5\n|\n|t:|1771374552\n|-terastallize|p2a: Calyrex|Grass\n|move|p1a: Groudon|Protect|p1a: Groudon\n|-singleturn|p1a: Groudon|Protect\n|move|p2a: Calyrex|Glacial Lance|p1b: Ogerpon|[spread] p1b\n|-activate|p1a: Groudon|move: Protect\n|-damage|p1b: Ogerpon|49/100\n|move|p2b: Indeedee|Heal Pulse|p2a: Calyrex\n|-heal|p2a: Calyrex|60/100\n|move|p1b: Ogerpon|Ivy Cudgel|p2a: Calyrex|[anim] Ivy Cudgel Water\n|-resisted|p2a: Calyrex\n|-damage|p2a: Calyrex|52/100\n|\n|-weather|SunnyDay|[upkeep]\n|upkeep\n|turn|6\n|\n|t:|1771374571\n|move|p2a: Calyrex|Glacial Lance|p1b: Ogerpon|[spread] p1a,p1b\n|-supereffective|p1a: Groudon\n|-damage|p1a: Groudon|0 fnt\n|-damage|p1b: Ogerpon|0 fnt\n|faint|p1a: Groudon\n|faint|p1b: Ogerpon\n|\n|win|kojimuranishi\n|raw|wtacrv's rating: 1397 &rarr; <strong>1380</strong><br />(-17 for losing)\n|raw|kojimuranishi's rating: 1452 &rarr; <strong>1469</strong><br />(+17 for winning)\n|l|\u2606kojimuranishi\n|player|p2|\n|l|\u2606wtacrv\n|player|p1|\n","uploadtime":1771374758,"views":24,"formatid":"gen9vgc2026regi","rating":1380,"private":0,"password":null}