{"id":"gen9vgc2026regi-2574046998","format":"[Gen 9] VGC 2026 Reg I","players":["WheresWallis","vestige666"],"log":"|j|\u2606WheresWallis\n|j|\u2606vestige666\n|t:|1775193279\n|gametype|doubles\n|player|p1|WheresWallis|palmer|1354\n|player|p2|vestige666|2|1384\n|gen|9\n|tier|[Gen 9] VGC 2026 Reg I\n|rated|\n|rule|Species Clause: Limit one of each Pok\u00e9mon\n|rule|Item Clause: Limit 1 of each item\n|clearpoke\n|poke|p1|Volcarona, L50, M|\n|poke|p1|Grimmsnarl, L50, M|\n|poke|p1|Miraidon, L50|\n|poke|p1|Urshifu-*, L50, M|\n|poke|p1|Calyrex-Ice, L50|\n|poke|p1|Iron Hands, L50|\n|poke|p2|Rayquaza, L50|\n|poke|p2|Calyrex-Shadow, L50|\n|poke|p2|Tornadus, L50, M|\n|poke|p2|Smeargle, L50, F|\n|poke|p2|Urshifu-*, L50, F|\n|poke|p2|Clefairy, L50, F|\n|teampreview|4\n|\n|t:|1775193311\n|teamsize|p1|4\n|teamsize|p2|4\n|start\n|switch|p1a: Grimmsnarl|Grimmsnarl, L50, M|100/100\n|switch|p1b: Miraidon|Miraidon, L50|100/100\n|switch|p2a: Kronii|Urshifu-Rapid-Strike, L50, F|100/100\n|switch|p2b: Nerissa|Calyrex-Shadow, L50|100/100\n|-ability|p2b: Nerissa|As One\n|-ability|p2b: Nerissa|Unnerve\n|-fieldstart|move: Electric Terrain|[from] ability: Hadron Engine|[of] p1b: Miraidon\n|turn|1\n|\n|t:|1775193338\n|move|p1a: Grimmsnarl|Light Screen|p1a: Grimmsnarl\n|-sidestart|p1: WheresWallis|move: Light Screen\n|move|p2a: Kronii|Close Combat|p1b: Miraidon\n|-damage|p1b: Miraidon|24/100\n|-unboost|p2a: Kronii|def|1\n|-unboost|p2a: Kronii|spd|1\n|move|p2b: Nerissa|Astral Barrage|p1b: Miraidon|[spread] p1a,p1b\n|-resisted|p1a: Grimmsnarl\n|-damage|p1a: Grimmsnarl|80/100\n|-damage|p1b: Miraidon|0 fnt\n|faint|p1b: Miraidon\n|-ability|p2b: Nerissa|Grim Neigh|boost\n|-boost|p2b: Nerissa|spa|1\n|-damage|p2b: Nerissa|91/100|[from] item: Life Orb\n|\n|upkeep\n|\n|t:|1775193360\n|switch|p1b: Iron Hands|Iron Hands, L50|100/100\n|-activate|p1b: Iron Hands|ability: Quark Drive\n|-start|p1b: Iron Hands|quarkdriveatk\n|turn|2\n|\n|t:|1775193381\n|-terastallize|p2b: Nerissa|Dark\n|move|p1a: Grimmsnarl|Thunder Wave|p2a: Kronii\n|-status|p2a: Kronii|par\n|move|p2b: Nerissa|Psychic|p1b: Iron Hands\n|-supereffective|p1b: Iron Hands\n|-damage|p1b: Iron Hands|37/100\n|-damage|p2b: Nerissa|81/100|[from] item: Life Orb\n|cant|p2a: Kronii|par\n|move|p1b: Iron Hands|Wild Charge|p2b: Nerissa\n|-crit|p2b: Nerissa\n|-damage|p2b: Nerissa|0 fnt\n|faint|p2b: Nerissa\n|-damage|p1b: Iron Hands|22/100|[from] Recoil\n|\n|upkeep\n|\n|t:|1775193403\n|switch|p2b: Kanade|Rayquaza, L50|100/100\n|-ability|p2b: Kanade|Air Lock\n|turn|3\n|\n|t:|1775193429\n|switch|p2a: Biboo|Clefairy, L50, F|100/100\n|move|p2b: Kanade|Extreme Speed|p1b: Iron Hands\n|-damage|p1b: Iron Hands|3/100\n|move|p1a: Grimmsnarl|Spirit Break|p2b: Kanade\n|-supereffective|p2b: Kanade\n|-damage|p2b: Kanade|57/100\n|move|p1b: Iron Hands|Wild Charge|p2a: Biboo\n|-damage|p2a: Biboo|48/100\n|-damage|p1b: Iron Hands|0 fnt|[from] Recoil\n|faint|p1b: Iron Hands\n|-end|p1b: Iron Hands|Quark Drive|[silent]\n|\n|upkeep\n|\n|t:|1775193443\n|switch|p1b: Calyrex|Calyrex-Ice, L50|100/100\n|-ability|p1b: Calyrex|As One\n|-ability|p1b: Calyrex|Unnerve\n|turn|4\n|\n|t:|1775193469\n|move|p2a: Biboo|Protect|p2a: Biboo\n|-singleturn|p2a: Biboo|Protect\n|move|p1a: Grimmsnarl|Reflect|p1a: Grimmsnarl\n|-sidestart|p1: WheresWallis|Reflect\n|move|p2b: Kanade|Dragon Ascent|p1a: Grimmsnarl\n|-damage|p1a: Grimmsnarl|19/100\n|-unboost|p2b: Kanade|def|1\n|-unboost|p2b: Kanade|spd|1\n|move|p1b: Calyrex|Glacial Lance|p2a: Biboo|[spread] p2b\n|-activate|p2a: Biboo|move: Protect\n|-supereffective|p2b: Kanade\n|-damage|p2b: Kanade|0 fnt\n|faint|p2b: Kanade\n|-ability|p1b: Calyrex|Chilling Neigh|boost\n|-boost|p1b: Calyrex|atk|1\n|\n|upkeep\n|\n|t:|1775193483\n|switch|p2b: Kronii|Urshifu-Rapid-Strike, L50, F|100/100 par\n|turn|5\n|\n|t:|1775193497\n|move|p2a: Biboo|Helping Hand|p2b: Kronii\n|-singleturn|p2b: Kronii|Helping Hand|[of] p2a: Biboo\n|cant|p2b: Kronii|par\n|move|p1a: Grimmsnarl|Spirit Break|p2b: Kronii\n|-supereffective|p2b: Kronii\n|-damage|p2b: Kronii|52/100 par\n|-unboost|p2b: Kronii|spa|1\n|move|p1b: Calyrex|Glacial Lance|p2b: Kronii|[spread] p2a,p2b\n|-resisted|p2b: Kronii\n|-damage|p2a: Biboo|0 fnt\n|-damage|p2b: Kronii|23/100 par\n|faint|p2a: Biboo\n|-ability|p1b: Calyrex|Chilling Neigh|boost\n|-boost|p1b: Calyrex|atk|1\n|\n|-fieldend|move: Electric Terrain\n|upkeep\n|turn|6\n|c|\u2606vestige666|sad\n|inactive|Battle timer is ON: inactive players will automatically lose when time's up. (requested by WheresWallis)\n|inactive|vestige666 has 60 seconds left.\n|\n|t:|1775193581\n|-terastallize|p1b: Calyrex|Water\n|move|p2b: Kronii|Surging Strikes|p1a: Grimmsnarl\n|-crit|p1a: Grimmsnarl\n|-damage|p1a: Grimmsnarl|0 fnt\n|faint|p1a: Grimmsnarl\n|-hitcount|p1: Grimmsnarl|1\n|move|p1b: Calyrex|Glacial Lance|p2b: Kronii\n|-resisted|p2b: Kronii\n|-damage|p2b: Kronii|0 fnt\n|faint|p2b: Kronii\n|\n|win|WheresWallis\n|raw|WheresWallis's rating: 1354 &rarr; <strong>1376</strong><br />(+22 for winning)\n|raw|vestige666's rating: 1384 &rarr; <strong>1362</strong><br />(-22 for losing)\n|l|\u2606vestige666\n|player|p2|\n|l|\u2606WheresWallis\n|player|p1|\n","uploadtime":1775193755,"views":9,"formatid":"gen9vgc2026regi","rating":1362,"private":0,"password":null}