{"id":"gen9vgc2026regi-2580228899","format":"[Gen 9] VGC 2026 Reg I","players":["datbishgames","Porygon 32"],"log":"|j|\u2606datbishgames\n|j|\u2606Porygon 32\n|t:|1775867899\n|gametype|doubles\n|player|p1|datbishgames|mira|1431\n|player|p2|Porygon 32|gambler|1399\n|gen|9\n|tier|[Gen 9] VGC 2026 Reg I\n|rated|\n|rule|Species Clause: Limit one of each Pok\u00e9mon\n|rule|Item Clause: Limit 1 of each item\n|clearpoke\n|poke|p1|Dialga-Origin, L50|\n|poke|p1|Ho-Oh, L50|\n|poke|p1|Rotom-Wash, L50|\n|poke|p1|Amoonguss, L50, F|\n|poke|p1|Ursaluna, L50, M|\n|poke|p1|Zoroark-Hisui, L50, F|\n|poke|p2|Kyogre, L50|\n|poke|p2|Calyrex-Ice, L50|\n|poke|p2|Indeedee-F, L50, F|\n|poke|p2|Braviary-Hisui, L50, M|\n|poke|p2|Amoonguss, L50, M|\n|poke|p2|Regidrago, L50|\n|teampreview|4\n|inactive|Battle timer is ON: inactive players will automatically lose when time's up. (requested by datbishgames)\n|\n|t:|1775867921\n|teamsize|p1|4\n|teamsize|p2|4\n|start\n|switch|p1a: Dialga|Dialga-Origin, L50|100/100\n|switch|p1b: Rotom|Rotom-Wash, L50|100/100\n|switch|p2a: Calyrex|Calyrex-Ice, L50|100/100\n|switch|p2b: Kyogre|Kyogre, L50|100/100\n|-ability|p2a: Calyrex|As One\n|-ability|p2a: Calyrex|Unnerve\n|-weather|RainDance|[from] ability: Drizzle|[of] p2b: Kyogre\n|turn|1\n|\n|t:|1775867933\n|move|p2b: Kyogre|Protect|p2b: Kyogre\n|-singleturn|p2b: Kyogre|Protect\n|move|p1b: Rotom|Electroweb|p2b: Kyogre|[spread] p2a\n|-activate|p2b: Kyogre|move: Protect\n|-damage|p2a: Calyrex|93/100\n|-unboost|p2a: Calyrex|spe|1\n|move|p1a: Dialga|Will-O-Wisp|p2a: Calyrex\n|-status|p2a: Calyrex|brn\n|move|p2a: Calyrex|Glacial Lance|p1a: Dialga|[spread] p1a,p1b\n|-resisted|p1b: Rotom\n|-crit|p1b: Rotom\n|-damage|p1a: Dialga|52/100\n|-damage|p1b: Rotom|80/100\n|replace|p1a: Zoroark|Zoroark-Hisui, L50, F\n|-end|p1a: Zoroark|Illusion\n|\n|-weather|RainDance|[upkeep]\n|-damage|p2a: Calyrex|87/100 brn|[from] brn\n|upkeep\n|turn|2\n|\n|t:|1775867950\n|move|p1b: Rotom|Electroweb|p2a: Calyrex|[spread] p2a,p2b\n|-supereffective|p2b: Kyogre\n|-damage|p2a: Calyrex|79/100 brn\n|-damage|p2b: Kyogre|80/100\n|-unboost|p2a: Calyrex|spe|1\n|-unboost|p2b: Kyogre|spe|1\n|move|p1a: Zoroark|Bitter Malice|p2a: Calyrex\n|-supereffective|p2a: Calyrex\n|-damage|p2a: Calyrex|35/100 brn\n|-unboost|p2a: Calyrex|atk|1\n|move|p2b: Kyogre|Water Spout|p1b: Rotom|[spread] p1a,p1b\n|-resisted|p1b: Rotom\n|-damage|p1a: Zoroark|0 fnt\n|-damage|p1b: Rotom|29/100\n|faint|p1a: Zoroark\n|move|p2a: Calyrex|Trick Room|p2a: Calyrex\n|-fieldstart|move: Trick Room|[of] p2a: Calyrex\n|\n|-weather|RainDance|[upkeep]\n|-damage|p2a: Calyrex|29/100 brn|[from] brn\n|upkeep\n|\n|t:|1775867970\n|switch|p1a: Dialga|Dialga-Origin, L50|100/100\n|turn|3\n|\n|t:|1775867975\n|move|p2a: Calyrex|Pollen Puff|p2b: Kyogre\n|-heal|p2b: Kyogre|100/100\n|move|p2b: Kyogre|Water Spout|p1b: Rotom|[spread] p1a,p1b\n|-resisted|p1a: Dialga\n|-crit|p1a: Dialga\n|-resisted|p1b: Rotom\n|-damage|p1a: Dialga|29/100\n|-damage|p1b: Rotom|0 fnt\n|faint|p1b: Rotom\n|move|p1a: Dialga|Trick Room|p1a: Dialga\n|-fieldend|move: Trick Room\n|\n|-weather|RainDance|[upkeep]\n|-damage|p2a: Calyrex|23/100 brn|[from] brn\n|upkeep\n|\n|t:|1775867983\n|switch|p1b: Ursaluna|Ursaluna, L50, M|100/100\n|turn|4\n|\n|t:|1775867999\n|-terastallize|p1b: Ursaluna|Ghost\n|move|p1b: Ursaluna|Earthquake|p2b: Kyogre|[spread] p2a,p2b\n|-activate|p1a: Dialga|ability: Telepathy\n|-damage|p2a: Calyrex|3/100 brn\n|-damage|p2b: Kyogre|70/100\n|move|p1a: Dialga|Draco Meteor|p2b: Kyogre\n|-damage|p2b: Kyogre|7/100\n|-unboost|p1a: Dialga|spa|2\n|move|p2b: Kyogre|Water Spout|p1b: Ursaluna|[spread] p1a,p1b\n|-resisted|p1a: Dialga\n|-damage|p1a: Dialga|26/100\n|-damage|p1b: Ursaluna|92/100\n|move|p2a: Calyrex|Glacial Lance|p1b: Ursaluna|[spread] p1a,p1b\n|-damage|p1a: Dialga|14/100\n|-damage|p1b: Ursaluna|79/100\n|\n|-weather|RainDance|[upkeep]\n|-damage|p2a: Calyrex|0 fnt|[from] brn\n|faint|p2a: Calyrex\n|-status|p1b: Ursaluna|brn|[from] item: Flame Orb\n|upkeep\n|\n|t:|1775868013\n|switch|p2a: Indeedee|Indeedee-F, L50, F|100/100\n|-fieldstart|move: Psychic Terrain|[from] ability: Psychic Surge|[of] p2a: Indeedee\n|-enditem|p2a: Indeedee|Psychic Seed\n|-boost|p2a: Indeedee|spd|1|[from] item: Psychic Seed\n|turn|5\n|\n|t:|1775868022\n|move|p1b: Ursaluna|Earthquake|p2b: Kyogre|[spread] p2a,p2b\n|-activate|p1a: Dialga|ability: Telepathy\n|-damage|p2a: Indeedee|28/100\n|-damage|p2b: Kyogre|0 fnt\n|faint|p2b: Kyogre\n|move|p1a: Dialga|Draco Meteor|p2a: Indeedee\n|-damage|p2a: Indeedee|6/100\n|-unboost|p1a: Dialga|spa|2\n|move|p2a: Indeedee|Trick Room|p2a: Indeedee\n|-fieldstart|move: Trick Room|[of] p2a: Indeedee\n|\n|-weather|none\n|-damage|p1b: Ursaluna|73/100 brn|[from] brn\n|upkeep\n|\n|t:|1775868026\n|switch|p2b: Braviary|Braviary-Hisui, L50, M|100/100\n|turn|6\n|\n|t:|1775868038\n|-terastallize|p2b: Braviary|Psychic\n|move|p2a: Indeedee|Helping Hand|p2b: Braviary\n|-singleturn|p2b: Braviary|Helping Hand|[of] p2a: Indeedee\n|move|p2b: Braviary|Expanding Force|p1b: Ursaluna|[spread] p1a,p1b\n|-resisted|p1a: Dialga\n|-damage|p1a: Dialga|0 fnt\n|-damage|p1b: Ursaluna|0 fnt\n|faint|p1a: Dialga\n|faint|p1b: Ursaluna\n|\n|win|Porygon 32\n|raw|datbishgames's rating: 1431 &rarr; <strong>1409</strong><br />(-22 for losing)\n|raw|Porygon 32's rating: 1399 &rarr; <strong>1421</strong><br />(+22 for winning)\n|l|\u2606datbishgames\n|player|p1|\n|l|\u2606Porygon 32\n|player|p2|\n|j| hfhskj5\n","uploadtime":1775868295,"views":10,"formatid":"gen9vgc2026regi","rating":1409,"private":0,"password":null}