{"id":"gen9vgc2026regi-2574044208","format":"[Gen 9] VGC 2026 Reg I","players":["thorres24","vestige666"],"log":"|j|\u2606thorres24\n|j|\u2606vestige666\n|t:|1775192867\n|gametype|doubles\n|player|p1|thorres24|101|1309\n|player|p2|vestige666|2|1352\n|gen|9\n|tier|[Gen 9] VGC 2026 Reg I\n|rated|\n|rule|Species Clause: Limit one of each Pok\u00e9mon\n|rule|Item Clause: Limit 1 of each item\n|clearpoke\n|poke|p1|Calyrex-Shadow, L50|\n|poke|p1|Koraidon, L50|\n|poke|p1|Whimsicott, L50, F|\n|poke|p1|Incineroar, L50, M|\n|poke|p1|Amoonguss, L50, M|\n|poke|p1|Raging Bolt, L50|\n|poke|p2|Rayquaza, L50|\n|poke|p2|Calyrex-Shadow, L50|\n|poke|p2|Tornadus, L50, M|\n|poke|p2|Smeargle, L50, F|\n|poke|p2|Urshifu-*, L50, M|\n|poke|p2|Clefairy, L50, M|\n|teampreview|4\n|inactive|Battle timer is ON: inactive players will automatically lose when time's up. (requested by thorres24)\n|\n|t:|1775192889\n|teamsize|p1|4\n|teamsize|p2|4\n|start\n|switch|p1a: Ass broker|Koraidon, L50|100/100\n|switch|p1b: Kotex|Whimsicott, L50, F, shiny|100/100\n|switch|p2a: Kanade|Rayquaza, L50|100/100\n|switch|p2b: Gigi|Smeargle, L50, F|100/100\n|-weather|SunnyDay|[from] ability: Orichalcum Pulse|[of] p1a: Ass broker\n|-activate|p1a: Ass broker|Orichalcum Pulse|[source]\n|-ability|p2a: Kanade|Air Lock\n|turn|1\n|\n|t:|1775192910\n|move|p2b: Gigi|Fake Out|p1a: Ass broker\n|-damage|p1a: Ass broker|95/100\n|cant|p1a: Ass broker|flinch\n|move|p1b: Kotex|Moonblast|p2b: Gigi\n|-damage|p2b: Gigi|38/100\n|-unboost|p2b: Gigi|spa|1\n|move|p2a: Kanade|Swords Dance|p2a: Kanade\n|-boost|p2a: Kanade|atk|2\n|\n|-weather|SunnyDay|[upkeep]\n|-ability|p2b: Gigi|Moody|boost\n|-boost|p2b: Gigi|def|2\n|-unboost|p2b: Gigi|spa|1\n|upkeep\n|turn|2\n|inactive|vestige666 has 30 seconds left.\n|\n|t:|1775192938\n|move|p1a: Ass broker|Protect|p1a: Ass broker\n|-singleturn|p1a: Ass broker|Protect\n|move|p2b: Gigi|Follow Me|p2b: Gigi\n|-singleturn|p2b: Gigi|move: Follow Me\n|move|p2a: Kanade|Extreme Speed|p1a: Ass broker\n|-activate|p1a: Ass broker|move: Protect\n|move|p1b: Kotex|Moonblast|p2b: Gigi\n|-damage|p2b: Gigi|0 fnt\n|faint|p2b: Gigi\n|\n|-weather|SunnyDay|[upkeep]\n|upkeep\n|\n|t:|1775192949\n|switch|p2b: Biboo|Clefairy, L50, M|100/100\n|turn|3\n|\n|t:|1775192963\n|switch|p1a: Chente|Calyrex-Shadow, L50|100/100\n|-ability|p1a: Chente|As One\n|-ability|p1a: Chente|Unnerve\n|move|p2b: Biboo|Follow Me|p2b: Biboo\n|-singleturn|p2b: Biboo|move: Follow Me\n|move|p1b: Kotex|Moonblast|p2b: Biboo\n|-damage|p2b: Biboo|75/100\n|move|p2a: Kanade|Dragon Ascent|p1b: Kotex\n|-supereffective|p1b: Kotex\n|-damage|p1b: Kotex|0 fnt\n|-unboost|p2a: Kanade|def|1\n|-unboost|p2a: Kanade|spd|1\n|faint|p1b: Kotex\n|\n|-weather|SunnyDay|[upkeep]\n|upkeep\n|\n|t:|1775192982\n|switch|p1b: Mandragora|Amoonguss, L50, M, shiny|100/100\n|turn|4\n|inactive|vestige666 has 30 seconds left.\n|\n|t:|1775193017\n|-terastallize|p2a: Kanade|Normal\n|move|p2b: Biboo|Protect|p2b: Biboo\n|-singleturn|p2b: Biboo|Protect\n|move|p1b: Mandragora|Rage Powder|p1b: Mandragora\n|-singleturn|p1b: Mandragora|move: Rage Powder\n|move|p1a: Chente|Astral Barrage|p2b: Biboo|[spread] \n|-activate|p2b: Biboo|move: Protect\n|-immune|p2a: Kanade\n|move|p2a: Kanade|Dragon Ascent|p1b: Mandragora\n|-supereffective|p1b: Mandragora\n|-damage|p1b: Mandragora|0 fnt\n|-unboost|p2a: Kanade|def|1\n|-unboost|p2a: Kanade|spd|1\n|-damage|p2a: Kanade|84/100|[from] item: Rocky Helmet|[of] p1b: Mandragora\n|faint|p1b: Mandragora\n|\n|-weather|SunnyDay|[upkeep]\n|upkeep\n|\n|t:|1775193030\n|switch|p1b: Ass broker|Koraidon, L50|95/100\n|turn|5\n|\n|t:|1775193052\n|move|p2b: Biboo|Follow Me|p2b: Biboo\n|-singleturn|p2b: Biboo|move: Follow Me\n|move|p1a: Chente|Nasty Plot|p1a: Chente\n|-boost|p1a: Chente|spa|2\n|move|p1b: Ass broker|Flare Blitz|p2b: Biboo\n|-damage|p2b: Biboo|41/100\n|-damage|p1b: Ass broker|84/100|[from] Recoil\n|move|p2a: Kanade|Dragon Ascent|p1a: Chente\n|-damage|p1a: Chente|0 fnt\n|-unboost|p2a: Kanade|def|1\n|-unboost|p2a: Kanade|spd|1\n|faint|p1a: Chente\n|\n|-weather|none\n|upkeep\n|turn|6\n|-message|thorres24 forfeited.\n|\n|win|vestige666\n|raw|thorres24's rating: 1309 &rarr; <strong>1291</strong><br />(-18 for losing)\n|raw|vestige666's rating: 1352 &rarr; <strong>1370</strong><br />(+18 for winning)\n|l|\u2606thorres24\n|player|p1|\n|l|\u2606vestige666\n|player|p2|\n","uploadtime":1775193206,"views":9,"formatid":"gen9vgc2026regi","rating":1291,"private":0,"password":null}