{"id":"gen9vgc2026regi-2516978549","format":"[Gen 9] VGC 2026 Reg I","players":["It'sJustKen VGC","singgab"],"log":"|j|\u2606It'sJustKen VGC\n|j|\u2606singgab\n|t:|1768211381\n|gametype|doubles\n|player|p1|It'sJustKen VGC|170|1060\n|player|p2|singgab|169|1058\n|gen|9\n|tier|[Gen 9] VGC 2026 Reg I\n|rated|\n|rule|Species Clause: Limit one of each Pok\u00e9mon\n|rule|Item Clause: Limit 1 of each item\n|clearpoke\n|poke|p1|Urshifu-*, L50, F|\n|poke|p1|Incineroar, L50, F|\n|poke|p1|Calyrex-Shadow, L50|\n|poke|p1|Amoonguss, L50, M|\n|poke|p1|Tornadus, L50, M|\n|poke|p1|Chien-Pao, L50|\n|poke|p2|Chien-Pao, L50|\n|poke|p2|Calyrex-Shadow, L50|\n|poke|p2|Zamazenta-*, L50|\n|poke|p2|Amoonguss, L50, M|\n|poke|p2|Chi-Yu, L50|\n|poke|p2|Ogerpon-Cornerstone, L50, F|\n|teampreview|4\n|inactive|Battle timer is ON: inactive players will automatically lose when time's up. (requested by singgab)\n|inactive|singgab has 60 seconds left.\n|\n|t:|1768211431\n|teamsize|p1|4\n|teamsize|p2|4\n|start\n|switch|p1a: Tornadus|Tornadus, L50, M|100/100\n|switch|p1b: Urshifu|Urshifu-Rapid-Strike, L50, F|100/100\n|switch|p2a: Chien-Pao|Chien-Pao, L50|100/100\n|switch|p2b: Zamazenta|Zamazenta-Crowned, L50|100/100\n|-ability|p2a: Chien-Pao|Sword of Ruin\n|-ability|p2b: Zamazenta|Dauntless Shield|boost\n|-boost|p2b: Zamazenta|def|1\n|turn|1\n|inactive|singgab has 30 seconds left.\n|inactive|singgab has 20 seconds left.\n|inactive|singgab has 15 seconds left.\n|\n|t:|1768211473\n|-terastallize|p1b: Urshifu|Water\n|move|p1a: Tornadus|Taunt|p2b: Zamazenta\n|-start|p2b: Zamazenta|move: Taunt\n|move|p1b: Urshifu|Surging Strikes|p2a: Chien-Pao\n|-crit|p2a: Chien-Pao\n|-damage|p2a: Chien-Pao|66/100\n|-crit|p2a: Chien-Pao\n|-damage|p2a: Chien-Pao|36/100\n|-crit|p2a: Chien-Pao\n|-damage|p2a: Chien-Pao|4/100\n|-hitcount|p2a: Chien-Pao|3\n|move|p2a: Chien-Pao|Ruination|p1b: Urshifu\n|-damage|p1b: Urshifu|50/100\n|move|p2b: Zamazenta|Body Press|p1b: Urshifu\n|-damage|p1b: Urshifu|0 fnt\n|faint|p1b: Urshifu\n|\n|upkeep\n|\n|t:|1768211485\n|switch|p1b: Amoonguss|Amoonguss, L50, M|100/100\n|turn|2\n|inactive|singgab has 30 seconds left.\n|inactive|singgab has 20 seconds left.\n|inactive|singgab has 15 seconds left.\n|\n|t:|1768211526\n|move|p1b: Amoonguss|Protect|p1b: Amoonguss\n|-singleturn|p1b: Amoonguss|Protect\n|move|p1a: Tornadus|Tailwind|p1a: Tornadus\n|-sidestart|p1: It'sJustKen VGC|move: Tailwind\n|move|p2a: Chien-Pao|Ruination|p1b: Amoonguss\n|-activate|p1b: Amoonguss|move: Protect\n|move|p2b: Zamazenta|Heavy Slam|p1b: Amoonguss\n|-activate|p1b: Amoonguss|move: Protect\n|\n|upkeep\n|turn|3\n|inactive|singgab has 30 seconds left.\n|inactive|singgab has 20 seconds left.\n|\n|t:|1768211563\n|move|p2a: Chien-Pao|Ice Shard|p1a: Tornadus\n|-supereffective|p1a: Tornadus\n|-damage|p1a: Tornadus|27/100\n|move|p1a: Tornadus|Bleakwind Storm|p2a: Chien-Pao|[spread] p2a\n|-miss|p1a: Tornadus|p2b: Zamazenta\n|-damage|p2a: Chien-Pao|0 fnt\n|faint|p2a: Chien-Pao\n|move|p2b: Zamazenta|Heavy Slam|p1a: Tornadus\n|-crit|p1a: Tornadus\n|-damage|p1a: Tornadus|0 fnt\n|faint|p1a: Tornadus\n|move|p1b: Amoonguss|Spore|p2b: Zamazenta\n|-status|p2b: Zamazenta|slp|[from] move: Spore\n|\n|-end|p2b: Zamazenta|move: Taunt\n|upkeep\n|inactive|singgab has 30 seconds left.\n|\n|t:|1768211588\n|switch|p2a: Chi-Yu|Chi-Yu, L50|100/100\n|switch|p1a: Calyrex|Calyrex-Shadow, L50|100/100\n|-ability|p1a: Calyrex|As One\n|-ability|p1a: Calyrex|Unnerve\n|-ability|p2a: Chi-Yu|Beads of Ruin\n|turn|4\n|inactive|singgab has 30 seconds left.\n|\n|t:|1768211618\n|move|p1a: Calyrex|Protect|p1a: Calyrex\n|-singleturn|p1a: Calyrex|Protect\n|move|p2a: Chi-Yu|Dark Pulse|p1a: Calyrex\n|-activate|p1a: Calyrex|move: Protect\n|cant|p2b: Zamazenta|slp\n|move|p1b: Amoonguss|Spore|p2a: Chi-Yu\n|-status|p2a: Chi-Yu|slp|[from] move: Spore\n|\n|upkeep\n|turn|5\n|\n|t:|1768211632\n|move|p1a: Calyrex|Astral Barrage|p2a: Chi-Yu|[spread] p2a,p2b\n|-resisted|p2a: Chi-Yu\n|-damage|p2a: Chi-Yu|53/100 slp\n|-damage|p2b: Zamazenta|30/100 slp\n|-damage|p1a: Calyrex|91/100|[from] item: Life Orb\n|cant|p2a: Chi-Yu|slp\n|cant|p2b: Zamazenta|slp\n|move|p1b: Amoonguss|Sludge Bomb|p2a: Chi-Yu\n|-damage|p2a: Chi-Yu|18/100 slp\n|\n|-sideend|p1: It'sJustKen VGC|move: Tailwind\n|upkeep\n|turn|6\n|inactive|It'sJustKen VGC has 30 seconds left.\n|inactive|It'sJustKen VGC has 20 seconds left.\n|inactive|It'sJustKen VGC has 15 seconds left.\n|inactive|It'sJustKen VGC has 10 seconds left.\n|\n|t:|1768211680\n|move|p1b: Amoonguss|Rage Powder|p1b: Amoonguss\n|-singleturn|p1b: Amoonguss|move: Rage Powder\n|-curestatus|p2a: Chi-Yu|slp|[msg]\n|move|p2a: Chi-Yu|Dark Pulse|p1b: Amoonguss\n|-damage|p1b: Amoonguss|48/100\n|-enditem|p1b: Amoonguss|Sitrus Berry|[eat]\n|-heal|p1b: Amoonguss|73/100|[from] item: Sitrus Berry\n|move|p1a: Calyrex|Astral Barrage|p2b: Zamazenta|[spread] p2a,p2b\n|-resisted|p2a: Chi-Yu\n|-damage|p2a: Chi-Yu|0 fnt\n|-damage|p2b: Zamazenta|0 fnt\n|faint|p2a: Chi-Yu\n|faint|p2b: Zamazenta\n|-ability|p1a: Calyrex|Grim Neigh|boost\n|-boost|p1a: Calyrex|spa|2\n|-damage|p1a: Calyrex|81/100|[from] item: Life Orb\n|\n|upkeep\n|\n|t:|1768211698\n|switch|p2b: Calyrex|Calyrex-Shadow, L50|100/100\n|-ability|p2b: Calyrex|As One\n|-ability|p2b: Calyrex|Unnerve\n|turn|7\n|\n|t:|1768211723\n|-terastallize|p2b: Calyrex|Ghost\n|move|p1a: Calyrex|Protect|p1a: Calyrex\n|-singleturn|p1a: Calyrex|Protect\n|move|p2b: Calyrex|Astral Barrage|p1a: Calyrex|[spread] p1b\n|-activate|p1a: Calyrex|move: Protect\n|-damage|p1b: Amoonguss|5/100\n|move|p1b: Amoonguss|Spore|p2b: Calyrex\n|-status|p2b: Calyrex|slp|[from] move: Spore\n|\n|upkeep\n|turn|8\n|\n|t:|1768211736\n|cant|p2b: Calyrex|slp\n|move|p1a: Calyrex|Astral Barrage|p2b: Calyrex\n|-supereffective|p2b: Calyrex\n|-enditem|p2b: Calyrex|Focus Sash\n|-damage|p2b: Calyrex|1/100 slp\n|-damage|p1a: Calyrex|72/100|[from] item: Life Orb\n|move|p1b: Amoonguss|Sludge Bomb|p2b: Calyrex\n|-resisted|p2b: Calyrex\n|-damage|p2b: Calyrex|0 fnt\n|faint|p2b: Calyrex\n|\n|win|It'sJustKen VGC\n|raw|It&apos;sJustKen VGC's rating: 1097 &rarr; <strong>1120</strong><br />(+23 for winning)\n|raw|singgab's rating: 1058 &rarr; <strong>1041</strong><br />(-17 for losing)\n","uploadtime":1768211742,"views":13,"formatid":"gen9vgc2026regi","rating":1041,"private":0,"password":null}