{"id":"gen9vgc2026regi-2588851096","format":"[Gen 9] VGC 2026 Reg I","players":["avarussurava","jj11j1"],"log":"|j|\u2606avarussurava\n|j|\u2606jj11j1\n|t:|1776678493\n|gametype|doubles\n|player|p1|avarussurava|170|1435\n|player|p2|jj11j1|170|1553\n|gen|9\n|tier|[Gen 9] VGC 2026 Reg I\n|rated|\n|rule|Species Clause: Limit one of each Pok\u00e9mon\n|rule|Item Clause: Limit 1 of each item\n|clearpoke\n|poke|p1|Tyranitar, L50, F|\n|poke|p1|Kyogre, L50|\n|poke|p1|Zamazenta-*, L50|\n|poke|p1|Gastrodon, L50, M|\n|poke|p1|Sinistcha, L50|\n|poke|p1|Ceruledge, L50, F|\n|poke|p2|Ho-Oh, L50|\n|poke|p2|Calyrex-Ice, L50|\n|poke|p2|Overqwil, L50, M|\n|poke|p2|Ting-Lu, L50|\n|poke|p2|Rillaboom, L50, F|\n|poke|p2|Ogerpon-Wellspring, L50, F|\n|teampreview|4\n|\n|t:|1776678522\n|teamsize|p1|4\n|teamsize|p2|4\n|start\n|switch|p1a: Zamazenta|Zamazenta-Crowned, L50|100/100\n|switch|p1b: Ceruledge|Ceruledge, L50, F|100/100\n|switch|p2a: Ogerpon|Ogerpon-Wellspring, L50, F|100/100\n|switch|p2b: Calyrex|Calyrex-Ice, L50|100/100\n|-ability|p2b: Calyrex|As One\n|-ability|p2b: Calyrex|Unnerve\n|-ability|p1a: Zamazenta|Dauntless Shield|boost\n|-boost|p1a: Zamazenta|def|1\n|turn|1\n|\n|t:|1776678547\n|-terastallize|p2b: Calyrex|Water\n|move|p1a: Zamazenta|Iron Defense|p1a: Zamazenta\n|-boost|p1a: Zamazenta|def|2\n|move|p2a: Ogerpon|Ivy Cudgel|p1b: Ceruledge|[anim] Ivy Cudgel Water\n|-supereffective|p1b: Ceruledge\n|-damage|p1b: Ceruledge|0 fnt\n|faint|p1b: Ceruledge\n|move|p2b: Calyrex|Trick Room|p2b: Calyrex\n|-fieldstart|move: Trick Room|[of] p2b: Calyrex\n|\n|upkeep\n|\n|t:|1776678560\n|switch|p1b: Tyranitar|Tyranitar, L50, F|100/100\n|-weather|Sandstorm|[from] ability: Sand Stream|[of] p1b: Tyranitar\n|turn|2\n|\n|t:|1776678573\n|move|p2a: Ogerpon|Spiky Shield|p2a: Ogerpon\n|-singleturn|p2a: Ogerpon|move: Protect\n|move|p2b: Calyrex|Leech Seed|p1a: Zamazenta|[miss]\n|-miss|p2b: Calyrex|p1a: Zamazenta\n|move|p1b: Tyranitar|Knock Off|p2b: Calyrex\n|-damage|p2b: Calyrex|69/100\n|-enditem|p2b: Calyrex|Leftovers|[from] move: Knock Off|[of] p1b: Tyranitar\n|move|p1a: Zamazenta|Body Press|p2b: Calyrex\n|-damage|p2b: Calyrex|3/100\n|\n|-weather|Sandstorm|[upkeep]\n|-damage|p2b: Calyrex|0 fnt|[from] Sandstorm\n|-damage|p2a: Ogerpon|95/100|[from] Sandstorm\n|faint|p2b: Calyrex\n|upkeep\n|\n|t:|1776678590\n|switch|p2b: Overqwil|Overqwil, L50, M|100/100\n|-ability|p2b: Overqwil|Intimidate|boost\n|-unboost|p1a: Zamazenta|atk|1\n|-unboost|p1b: Tyranitar|atk|1\n|turn|3\n|\n|t:|1776678614\n|switch|p1b: Sinistcha|Sinistcha, L50|100/100\n|move|p2b: Overqwil|Toxic Spikes|p1b: Sinistcha\n|-sidestart|p1: avarussurava|move: Toxic Spikes\n|move|p2a: Ogerpon|Ivy Cudgel|p1b: Sinistcha|[anim] Ivy Cudgel Water\n|-resisted|p1b: Sinistcha\n|-damage|p1b: Sinistcha|74/100\n|move|p1a: Zamazenta|Body Press|p2a: Ogerpon\n|-damage|p2a: Ogerpon|0 fnt\n|faint|p2a: Ogerpon\n|\n|-weather|Sandstorm|[upkeep]\n|-damage|p1b: Sinistcha|68/100|[from] Sandstorm\n|-damage|p2b: Overqwil|94/100|[from] Sandstorm\n|-heal|p2b: Overqwil|100/100|[from] item: Black Sludge\n|upkeep\n|\n|t:|1776678631\n|switch|p2a: Ho-Oh|Ho-Oh, L50|100/100\n|turn|4\n|\n|t:|1776678644\n|switch|p1b: Tyranitar|Tyranitar, L50, F|100/100\n|-status|p1b: Tyranitar|psn\n|-terastallize|p1a: Zamazenta|Ground\n|move|p2b: Overqwil|Protect|p2b: Overqwil\n|-singleturn|p2b: Overqwil|Protect\n|move|p2a: Ho-Oh|Sacred Fire|p1a: Zamazenta\n|-damage|p1a: Zamazenta|90/100\n|-status|p1a: Zamazenta|brn\n|move|p1a: Zamazenta|Body Press|p2b: Overqwil\n|-activate|p2b: Overqwil|move: Protect\n|\n|-weather|Sandstorm|[upkeep]\n|-damage|p2b: Overqwil|94/100|[from] Sandstorm\n|-damage|p2a: Ho-Oh|94/100|[from] Sandstorm\n|-heal|p2b: Overqwil|100/100|[from] item: Black Sludge\n|-damage|p1b: Tyranitar|88/100 psn|[from] psn\n|-damage|p1a: Zamazenta|84/100 brn|[from] brn\n|upkeep\n|turn|5\n|\n|t:|1776678677\n|move|p2a: Ho-Oh|Protect|p2a: Ho-Oh\n|-singleturn|p2a: Ho-Oh|Protect\n|move|p1b: Tyranitar|Knock Off|p2a: Ho-Oh\n|-activate|p2a: Ho-Oh|move: Protect\n|move|p2b: Overqwil|Throat Chop|p1b: Tyranitar\n|-resisted|p1b: Tyranitar\n|-damage|p1b: Tyranitar|76/100 psn\n|-start|p1b: Tyranitar|Throat Chop|[silent]\n|move|p1a: Zamazenta|Body Press|p2b: Overqwil\n|-damage|p2b: Overqwil|41/100\n|\n|-weather|Sandstorm|[upkeep]\n|-damage|p2b: Overqwil|35/100|[from] Sandstorm\n|-damage|p2a: Ho-Oh|88/100|[from] Sandstorm\n|-heal|p2b: Overqwil|41/100|[from] item: Black Sludge\n|-damage|p1b: Tyranitar|64/100 psn|[from] psn\n|-damage|p1a: Zamazenta|78/100 brn|[from] brn\n|-fieldend|move: Trick Room\n|upkeep\n|turn|6\n|\n|t:|1776678698\n|move|p2b: Overqwil|Protect|p2b: Overqwil\n|-singleturn|p2b: Overqwil|Protect\n|move|p1a: Zamazenta|Body Press|p2b: Overqwil\n|-activate|p2b: Overqwil|move: Protect\n|move|p1b: Tyranitar|Rock Blast|p2a: Ho-Oh\n|-supereffective|p2a: Ho-Oh\n|-damage|p2a: Ho-Oh|49/100\n|-supereffective|p2a: Ho-Oh\n|-damage|p2a: Ho-Oh|8/100\n|-supereffective|p2a: Ho-Oh\n|-damage|p2a: Ho-Oh|0 fnt\n|faint|p2a: Ho-Oh\n|-hitcount|p2: Ho-Oh|3\n|\n|-weather|none\n|-heal|p2b: Overqwil|47/100|[from] item: Black Sludge\n|-damage|p1b: Tyranitar|52/100 psn|[from] psn\n|-damage|p1a: Zamazenta|72/100 brn|[from] brn\n|-end|p1b: Tyranitar|Throat Chop|[silent]\n|upkeep\n|turn|7\n|-message|jj11j1 forfeited.\n|\n|win|avarussurava\n|raw|avarussurava's rating: 1435 &rarr; <strong>1462</strong><br />(+27 for winning)\n|raw|jj11j1's rating: 1553 &rarr; <strong>1526</strong><br />(-27 for losing)\n|l|\u2606jj11j1\n|player|p2|\n","uploadtime":1776678719,"views":7,"formatid":"gen9vgc2026regi","rating":1462,"private":0,"password":null}