{"id":"gen9vgc2026regi-2581832023","format":"[Gen 9] VGC 2026 Reg I","players":["FRESHmustard","yvjnivu"],"log":"|j|\u2606FRESHmustard\n|j|\u2606yvjnivu\n|t:|1776032044\n|gametype|doubles\n|player|p1|FRESHmustard|2|1365\n|player|p2|yvjnivu|170|1221\n|gen|9\n|tier|[Gen 9] VGC 2026 Reg I\n|rated|\n|rule|Species Clause: Limit one of each Pok\u00e9mon\n|rule|Item Clause: Limit 1 of each item\n|clearpoke\n|poke|p1|Lunala, L50|\n|poke|p1|Ursaluna, L50, F|\n|poke|p1|Urshifu-*, L50, M|\n|poke|p1|Miraidon, L50|\n|poke|p1|Grimmsnarl, L50, M|\n|poke|p1|Incineroar, L50, M|\n|poke|p2|Sylveon, L50, F|\n|poke|p2|Whimsicott, L50, F|\n|poke|p2|Chi-Yu, L50|\n|poke|p2|Talonflame, L50, F|\n|poke|p2|Flutter Mane, L50|\n|poke|p2|Comfey, L50, M|\n|teampreview|4\n|\n|t:|1776032076\n|teamsize|p1|4\n|teamsize|p2|4\n|start\n|switch|p1a: Incineroar|Incineroar, L50, M|100/100\n|switch|p1b: Lunala|Lunala, L50|100/100\n|switch|p2a: Chi-Yu|Chi-Yu, L50, shiny|100/100\n|switch|p2b: Whimsicott|Whimsicott, L50, F, shiny|100/100\n|-ability|p2a: Chi-Yu|Beads of Ruin\n|-ability|p1a: Incineroar|Intimidate|boost\n|-unboost|p2a: Chi-Yu|atk|1\n|-unboost|p2b: Whimsicott|atk|1\n|turn|1\n|\n|t:|1776032096\n|move|p2b: Whimsicott|Protect|p2b: Whimsicott\n|-singleturn|p2b: Whimsicott|Protect\n|move|p2a: Chi-Yu|Protect|p2a: Chi-Yu\n|-singleturn|p2a: Chi-Yu|Protect\n|move|p1a: Incineroar|Fake Out|p2a: Chi-Yu\n|-activate|p2a: Chi-Yu|move: Protect\n|move|p1b: Lunala|Trick Room|p1b: Lunala\n|-fieldstart|move: Trick Room|[of] p1b: Lunala\n|\n|upkeep\n|turn|2\n|\n|t:|1776032126\n|switch|p2a: Talonflame|Talonflame, L50, F, shiny|100/100\n|-terastallize|p1b: Lunala|Fairy\n|move|p1a: Incineroar|Parting Shot|p2a: Talonflame\n|-unboost|p2a: Talonflame|atk|1\n|-unboost|p2a: Talonflame|spa|1\n|\n|t:|1776032134\n|switch|p1a: Ursaluna|Ursaluna, L50, F|100/100|[from] Parting Shot\n|move|p1b: Lunala|Moongeist Beam|p2b: Whimsicott\n|-damage|p2b: Whimsicott|7/100\n|move|p2b: Whimsicott|Moonblast|p1a: Ursaluna\n|-damage|p1a: Ursaluna|68/100\n|\n|-status|p1a: Ursaluna|brn|[from] item: Flame Orb\n|upkeep\n|turn|3\n|\n|t:|1776032180\n|switch|p2b: Sylveon|Sylveon, L50, F, shiny|100/100\n|move|p2a: Talonflame|Brave Bird|p1b: Lunala\n|-damage|p1b: Lunala|87/100\n|-damage|p2a: Talonflame|94/100|[from] Recoil\n|move|p1a: Ursaluna|Facade|p2a: Talonflame\n|-damage|p2a: Talonflame|0 fnt\n|faint|p2a: Talonflame\n|move|p1b: Lunala|Moonblast|p2b: Sylveon\n|-damage|p2b: Sylveon|53/100\n|\n|-damage|p1a: Ursaluna|62/100 brn|[from] brn\n|upkeep\n|\n|t:|1776032197\n|switch|p2a: Whimsicott|Whimsicott, L50, F, shiny|7/100\n|turn|4\n|\n|t:|1776032204\n|move|p2b: Sylveon|Protect|p2b: Sylveon\n|-singleturn|p2b: Sylveon|Protect\n|move|p1b: Lunala|Wide Guard|p1b: Lunala\n|-singleturn|p1b: Lunala|Wide Guard\n|move|p2a: Whimsicott|Tailwind|p2a: Whimsicott\n|-sidestart|p2: yvjnivu|move: Tailwind\n|move|p1a: Ursaluna|Earthquake|p2a: Whimsicott|[spread] p2a\n|-activate|p1b: Lunala|move: Wide Guard\n|-activate|p2b: Sylveon|move: Protect\n|-resisted|p2a: Whimsicott\n|-damage|p2a: Whimsicott|0 fnt\n|faint|p2a: Whimsicott\n|\n|-damage|p1a: Ursaluna|56/100 brn|[from] brn\n|upkeep\n|\n|t:|1776032223\n|switch|p2a: Chi-Yu|Chi-Yu, L50, shiny|100/100\n|-ability|p2a: Chi-Yu|Beads of Ruin\n|turn|5\n|\n|t:|1776032231\n|-terastallize|p2a: Chi-Yu|Fire\n|move|p1b: Lunala|Wide Guard|p1b: Lunala\n|-singleturn|p1b: Lunala|Wide Guard\n|move|p1a: Ursaluna|Earthquake|p2a: Chi-Yu|[spread] p2a,p2b\n|-activate|p1b: Lunala|move: Wide Guard\n|-supereffective|p2a: Chi-Yu\n|-crit|p2a: Chi-Yu\n|-damage|p2a: Chi-Yu|0 fnt\n|-damage|p2b: Sylveon|0 fnt\n|faint|p2a: Chi-Yu\n|faint|p2b: Sylveon\n|\n|win|FRESHmustard\n|raw|FRESHmustard's rating: 1365 &rarr; <strong>1377</strong><br />(+12 for winning)\n|raw|yvjnivu's rating: 1221 &rarr; <strong>1206</strong><br />(-15 for losing)\n|l|\u2606yvjnivu\n|player|p2|\n|l|\u2606FRESHmustard\n|player|p1|\n","uploadtime":1776032469,"views":8,"formatid":"gen9vgc2026regi","rating":1206,"private":0,"password":null}