{"id":"gen9vgc2026regi-2562637637","format":"[Gen 9] VGC 2026 Reg I","players":["iifwm","Highkage2"],"log":"|j|\u2606iifwm\n|j|\u203dHighkage2\n|t:|1773936830\n|gametype|doubles\n|player|p1|iifwm|candice|1495\n|player|p2|Highkage2|doubleteam|1516\n|gen|9\n|tier|[Gen 9] VGC 2026 Reg I\n|rated|\n|rule|Species Clause: Limit one of each Pok\u00e9mon\n|rule|Item Clause: Limit 1 of each item\n|clearpoke\n|poke|p1|Amoonguss, L50, F|\n|poke|p1|Calyrex-Ice, L50|\n|poke|p1|Kyogre, L50|\n|poke|p1|Urshifu-*, L50, F|\n|poke|p1|Rillaboom, L50, F|\n|poke|p1|Flutter Mane, L50|\n|poke|p2|Incineroar, L50, M|\n|poke|p2|Calyrex-Ice, L50|\n|poke|p2|Miraidon, L50|\n|poke|p2|Farigiraf, L50, M|\n|poke|p2|Pelipper, L50, M|\n|poke|p2|Iron Treads, L50|\n|teampreview|4\n|inactive|Battle timer is ON: inactive players will automatically lose when time's up. (requested by Highkage2)\n|inactive|Highkage2 has 60 seconds left.\n|\n|t:|1773936901\n|teamsize|p1|4\n|teamsize|p2|4\n|start\n|switch|p1a: Calyrex|Calyrex-Ice, L50|100/100\n|switch|p1b: Rillaboom|Rillaboom, L50, F|100/100\n|switch|p2a: Incineroar|Incineroar, L50, M|100/100\n|switch|p2b: Calyrex|Calyrex-Ice, L50|100/100\n|-ability|p2b: Calyrex|As One\n|-ability|p2b: Calyrex|Unnerve\n|-ability|p1a: Calyrex|As One\n|-ability|p1a: Calyrex|Unnerve\n|-fieldstart|move: Grassy Terrain|[from] ability: Grassy Surge|[of] p1b: Rillaboom\n|-ability|p2a: Incineroar|Intimidate|boost\n|-unboost|p1a: Calyrex|atk|1\n|-unboost|p1b: Rillaboom|atk|1\n|turn|1\n|\n|t:|1773936922\n|switch|p1b: Kyogre|Kyogre, L50|100/100\n|-weather|RainDance|[from] ability: Drizzle|[of] p1b: Kyogre\n|move|p2a: Incineroar|Knock Off|p1b: Kyogre\n|-damage|p1b: Kyogre|59/100\n|-enditem|p1b: Kyogre|Mystic Water|[from] move: Knock Off|[of] p2a: Incineroar\n|move|p2b: Calyrex|Leech Seed|p1a: Calyrex\n|-start|p1a: Calyrex|move: Leech Seed\n|move|p1a: Calyrex|Leech Seed|p2b: Calyrex\n|-start|p2b: Calyrex|move: Leech Seed\n|\n|-weather|RainDance|[upkeep]\n|-heal|p1b: Kyogre|65/100|[from] Grassy Terrain\n|-damage|p2b: Calyrex|88/100|[from] Leech Seed|[of] p1a: Calyrex\n|-damage|p1a: Calyrex|88/100|[from] Leech Seed|[of] p2b: Calyrex\n|-heal|p2b: Calyrex|100/100|[silent]\n|upkeep\n|turn|2\n|inactive|iifwm has 30 seconds left.\n|inactive|Highkage2 has 30 seconds left.\n|\n|t:|1773936953\n|switch|p1a: Flutter Mane|Flutter Mane, L50|100/100\n|move|p1b: Kyogre|Water Spout|p2a: Incineroar|[spread] p2a,p2b\n|-supereffective|p2a: Incineroar\n|-damage|p2a: Incineroar|20/100\n|-damage|p2b: Calyrex|63/100\n|move|p2a: Incineroar|U-turn|p1b: Kyogre\n|-damage|p1b: Kyogre|45/100\n|\n|t:|1773936962\n|switch|p2a: Miraidon|Miraidon, L50|100/100|[from] U-turn\n|-fieldstart|move: Electric Terrain|[from] ability: Hadron Engine|[of] p2a: Miraidon\n|move|p2b: Calyrex|Leech Seed|p1b: Kyogre\n|-start|p1b: Kyogre|move: Leech Seed\n|\n|-weather|RainDance|[upkeep]\n|-heal|p2b: Calyrex|69/100|[from] item: Leftovers\n|-damage|p1b: Kyogre|33/100|[from] Leech Seed|[of] p2b: Calyrex\n|-heal|p2b: Calyrex|80/100|[silent]\n|-damage|p2b: Calyrex|68/100|[from] Leech Seed|[of] p1a: Flutter Mane\n|upkeep\n|turn|3\n|inactive|iifwm has 30 seconds left.\n|inactive|Highkage2 has 30 seconds left.\n|\n|t:|1773936992\n|-terastallize|p2a: Miraidon|Fairy\n|move|p1a: Flutter Mane|Icy Wind|p2b: Calyrex|[spread] p2a,p2b\n|-resisted|p2b: Calyrex\n|-damage|p2a: Miraidon|87/100\n|-damage|p2b: Calyrex|63/100\n|-unboost|p2a: Miraidon|spe|1\n|-unboost|p2b: Calyrex|spe|1\n|move|p1b: Kyogre|Origin Pulse|p2a: Miraidon|[spread] p2a,p2b\n|-damage|p2a: Miraidon|32/100\n|-damage|p2b: Calyrex|22/100\n|move|p2a: Miraidon|Dazzling Gleam|p1a: Flutter Mane|[spread] p1a,p1b\n|-damage|p1a: Flutter Mane|32/100\n|-damage|p1b: Kyogre|0 fnt\n|faint|p1b: Kyogre\n|move|p2b: Calyrex|Glacial Lance|p1a: Flutter Mane\n|-damage|p1a: Flutter Mane|0 fnt\n|faint|p1a: Flutter Mane\n|-end|p1a: Flutter Mane|Protosynthesis|[silent]\n|-ability|p2b: Calyrex|Chilling Neigh|boost\n|-boost|p2b: Calyrex|atk|1\n|\n|-weather|RainDance|[upkeep]\n|-heal|p2b: Calyrex|28/100|[from] item: Leftovers\n|upkeep\n|\n|t:|1773937006\n|switch|p1a: Rillaboom|Rillaboom, L50, F|100/100\n|switch|p1b: Calyrex|Calyrex-Ice, L50|88/100\n|-ability|p1b: Calyrex|As One\n|-ability|p1b: Calyrex|Unnerve\n|-fieldstart|move: Grassy Terrain|[from] ability: Grassy Surge|[of] p1a: Rillaboom\n|turn|4\n|\n|t:|1773937030\n|switch|p2a: Incineroar|Incineroar, L50, M|20/100\n|-ability|p2a: Incineroar|Intimidate|boost\n|-unboost|p1a: Rillaboom|atk|1\n|-unboost|p1b: Calyrex|atk|1\n|switch|p2b: Pelipper|Pelipper, L50, M|100/100\n|move|p1a: Rillaboom|Wood Hammer|p2b: Pelipper\n|-damage|p2b: Pelipper|38/100\n|-damage|p1a: Rillaboom|86/100|[from] Recoil\n|move|p1b: Calyrex|Trick Room|p1b: Calyrex\n|-fieldstart|move: Trick Room|[of] p1b: Calyrex\n|\n|-weather|RainDance|[upkeep]\n|-heal|p1b: Calyrex|94/100|[from] Grassy Terrain\n|-heal|p1b: Calyrex|99/100|[from] item: Leftovers\n|-heal|p2a: Incineroar|26/100|[from] Grassy Terrain\n|-heal|p1a: Rillaboom|92/100|[from] Grassy Terrain\n|upkeep\n|turn|5\n|inactive|Highkage2 has 30 seconds left.\n|\n|t:|1773937057\n|-terastallize|p1a: Rillaboom|Water\n|move|p2b: Pelipper|Protect|p2b: Pelipper\n|-singleturn|p2b: Pelipper|Protect\n|move|p1b: Calyrex|Glacial Lance|p2a: Incineroar|[spread] p2a\n|-activate|p2b: Pelipper|move: Protect\n|-resisted|p2a: Incineroar\n|-damage|p2a: Incineroar|13/100\n|move|p2a: Incineroar|U-turn|p1a: Rillaboom\n|-damage|p1a: Rillaboom|73/100\n|\n|t:|1773937068\n|switch|p2a: Calyrex|Calyrex-Ice, L50|28/100|[from] U-turn\n|-ability|p2a: Calyrex|As One\n|-ability|p2a: Calyrex|Unnerve\n|move|p1a: Rillaboom|Wood Hammer|p2b: Pelipper\n|-activate|p2b: Pelipper|move: Protect\n|\n|-weather|none\n|-heal|p1b: Calyrex|100/100|[from] Grassy Terrain\n|-heal|p2a: Calyrex|34/100|[from] Grassy Terrain\n|-heal|p2a: Calyrex|40/100|[from] item: Leftovers\n|-heal|p1a: Rillaboom|79/100|[from] Grassy Terrain\n|upkeep\n|turn|6\n|\n|t:|1773937092\n|switch|p2b: Incineroar|Incineroar, L50, M|13/100\n|-ability|p2b: Incineroar|Intimidate|boost\n|-unboost|p1a: Rillaboom|atk|1\n|-unboost|p1b: Calyrex|atk|1\n|move|p2a: Calyrex|Protect|p2a: Calyrex\n|-singleturn|p2a: Calyrex|Protect\n|move|p1b: Calyrex|Glacial Lance|p2b: Incineroar|[spread] p2b\n|-activate|p2a: Calyrex|move: Protect\n|-resisted|p2b: Incineroar\n|-damage|p2b: Incineroar|4/100\n|move|p1a: Rillaboom|Wood Hammer|p2a: Calyrex\n|-activate|p2a: Calyrex|move: Protect\n|\n|-heal|p2a: Calyrex|45/100|[from] Grassy Terrain\n|-heal|p2a: Calyrex|51/100|[from] item: Leftovers\n|-heal|p2b: Incineroar|10/100|[from] Grassy Terrain\n|-heal|p1a: Rillaboom|85/100|[from] Grassy Terrain\n|upkeep\n|turn|7\n|inactive|Highkage2 has 30 seconds left.\n|inactive|Highkage2 has 20 seconds left.\n|\n|t:|1773937241\n|move|p2b: Incineroar|Fake Out|p1a: Rillaboom\n|-crit|p1a: Rillaboom\n|-damage|p1a: Rillaboom|71/100\n|move|p1b: Calyrex|Leech Seed|p2a: Calyrex\n|-start|p2a: Calyrex|move: Leech Seed\n|move|p2a: Calyrex|Leech Seed|p1b: Calyrex\n|-start|p1b: Calyrex|move: Leech Seed\n|cant|p1a: Rillaboom|flinch\n|\n|-heal|p2a: Calyrex|57/100|[from] Grassy Terrain\n|-heal|p2a: Calyrex|63/100|[from] item: Leftovers\n|-heal|p2b: Incineroar|16/100|[from] Grassy Terrain\n|-heal|p1a: Rillaboom|77/100|[from] Grassy Terrain\n|-damage|p1b: Calyrex|88/100|[from] Leech Seed|[of] p2a: Calyrex\n|-heal|p2a: Calyrex|75/100|[silent]\n|-damage|p2a: Calyrex|63/100|[from] Leech Seed|[of] p1b: Calyrex\n|-heal|p1b: Calyrex|100/100|[silent]\n|upkeep\n|turn|8\n|l|\u203dHighkage2\n|inactive|Highkage2 disconnected and has a minute to reconnect!\n|player|p2|\n|inactive|Highkage2 has 30 seconds left.\n|inactive|Highkage2 has 20 seconds left.\n|inactive|Highkage2 has 15 seconds left.\n|inactive|Highkage2 has 10 seconds left.\n|inactive|Highkage2 has 5 seconds left.\n|-message|Highkage2 lost due to inactivity.\n|\n|win|iifwm\n|raw|iifwm's rating: 1495 &rarr; <strong>1516</strong><br />(+21 for winning)\n|raw|Highkage2's rating: 1516 &rarr; <strong>1495</strong><br />(-21 for losing)\n|l|\u2606iifwm\n|player|p1|\n","uploadtime":1773937533,"views":13,"formatid":"gen9vgc2026regi","rating":1495,"private":0,"password":null}