{"id":"gen9vgc2026regi-2544722704","format":"[Gen 9] VGC 2026 Reg I","players":["wasaad5","MarzipanTheFirst"],"log":"|j|\u2606wasaad5\n|j|\u2606MarzipanTheFirst\n|t:|1771746273\n|gametype|doubles\n|player|p1|wasaad5|blue|1092\n|player|p2|MarzipanTheFirst|guitarist|1082\n|gen|9\n|tier|[Gen 9] VGC 2026 Reg I\n|rated|\n|rule|Species Clause: Limit one of each Pok\u00e9mon\n|rule|Item Clause: Limit 1 of each item\n|clearpoke\n|poke|p1|Kyurem-White, L50|\n|poke|p1|Zacian-*, L50|\n|poke|p1|Sableye, L50, F|\n|poke|p1|Urshifu-*, L50, M|\n|poke|p1|Amoonguss, L50, F|\n|poke|p1|Incineroar, L50, F|\n|poke|p2|Skeledirge, L50, F|\n|poke|p2|Sneasler, L50, M|\n|poke|p2|Ursaluna-Bloodmoon, L50, M|\n|poke|p2|Rillaboom, L50, F|\n|poke|p2|Whimsicott, L50, F|\n|poke|p2|Annihilape, L50, M|\n|teampreview|4\n|inactive|Battle timer is ON: inactive players will automatically lose when time's up. (requested by MarzipanTheFirst)\n|\n|t:|1771746307\n|teamsize|p1|4\n|teamsize|p2|4\n|start\n|switch|p1a: Sableye|Sableye, L50, F|100/100\n|switch|p1b: Zacian|Zacian-Crowned, L50|100/100\n|switch|p2a: Whimsicott|Whimsicott, L50, F|100/100\n|switch|p2b: Annihilape|Annihilape, L50, M|100/100\n|-ability|p1b: Zacian|Intrepid Sword|boost\n|-boost|p1b: Zacian|atk|1\n|turn|1\n|\n|t:|1771746322\n|move|p1b: Zacian|Protect|p1b: Zacian\n|-singleturn|p1b: Zacian|Protect\n|move|p1a: Sableye|Encore||[still]\n|-fail|p1a: Sableye\n|move|p2a: Whimsicott|Moonblast|p1a: Sableye\n|-supereffective|p1a: Sableye\n|-damage|p1a: Sableye|4/100\n|move|p2b: Annihilape|Close Combat|p1b: Zacian\n|-activate|p1b: Zacian|move: Protect\n|\n|upkeep\n|turn|2\n|\n|t:|1771746340\n|move|p2a: Whimsicott|Tailwind|p2a: Whimsicott\n|-sidestart|p2: MarzipanTheFirst|move: Tailwind\n|move|p1a: Sableye|Disable|p2a: Whimsicott\n|-start|p2a: Whimsicott|Disable|Tailwind\n|move|p2b: Annihilape|Close Combat|p1b: Zacian\n|-damage|p1b: Zacian|45/100\n|-unboost|p2b: Annihilape|def|1\n|-unboost|p2b: Annihilape|spd|1\n|move|p1b: Zacian|Play Rough|p2b: Annihilape\n|-supereffective|p2b: Annihilape\n|-damage|p2b: Annihilape|0 fnt\n|faint|p2b: Annihilape\n|\n|upkeep\n|inactive|MarzipanTheFirst has 30 seconds left.\n|\n|t:|1771746367\n|switch|p2b: Ursaluna|Ursaluna-Bloodmoon, L50, M|100/100\n|turn|3\n|\n|t:|1771746387\n|-terastallize|p2b: Ursaluna|Normal\n|move|p1a: Sableye|Encore|p2a: Whimsicott\n|-start|p2a: Whimsicott|Encore\n|cant|p2a: Whimsicott|Disable|Tailwind\n|move|p1b: Zacian|Play Rough|p2b: Ursaluna\n|-damage|p2b: Ursaluna|46/100\n|move|p2b: Ursaluna|Earth Power|p1b: Zacian\n|-supereffective|p1b: Zacian\n|-damage|p1b: Zacian|0 fnt\n|faint|p1b: Zacian\n|-damage|p2b: Ursaluna|36/100|[from] item: Life Orb\n|\n|upkeep\n|\n|t:|1771746399\n|switch|p1b: Kyurem|Kyurem-White, L50, shiny|100/100\n|-ability|p1b: Kyurem|Turboblaze\n|turn|4\n|\n|t:|1771746420\n|switch|p1a: Amoonguss|Amoonguss, L50, F|100/100\n|-activate|p2a: Whimsicott|move: Struggle\n|move|p2a: Whimsicott|Struggle|p1b: Kyurem\n|-damage|p1b: Kyurem|96/100\n|-damage|p2a: Whimsicott|75/100|[from] recoil\n|move|p2b: Ursaluna|Blood Moon|p1b: Kyurem\n|-damage|p1b: Kyurem|27/100\n|-damage|p2b: Ursaluna|27/100|[from] item: Life Orb\n|move|p1b: Kyurem|Blizzard|p2a: Whimsicott|[spread] p2a\n|-miss|p1b: Kyurem|p2b: Ursaluna\n|-supereffective|p2a: Whimsicott\n|-damage|p2a: Whimsicott|0 fnt\n|faint|p2a: Whimsicott\n|\n|upkeep\n|\n|t:|1771746434\n|switch|p2a: Rillaboom|Rillaboom, L50, F|100/100\n|-fieldstart|move: Grassy Terrain|[from] ability: Grassy Surge|[of] p2a: Rillaboom\n|turn|5\n|\n|t:|1771746445\n|switch|p1b: Sableye|Sableye, L50, F|4/100\n|move|p1a: Amoonguss|Protect|p1a: Amoonguss\n|-singleturn|p1a: Amoonguss|Protect\n|move|p2a: Rillaboom|Fake Out|p1b: Sableye\n|-immune|p1b: Sableye\n|move|p2b: Ursaluna|Hyper Voice|p1a: Amoonguss|[spread] p1b\n|-activate|p1a: Amoonguss|move: Protect\n|-damage|p1b: Sableye|0 fnt\n|faint|p1b: Sableye\n|-damage|p2b: Ursaluna|17/100|[from] item: Life Orb\n|\n|-heal|p2b: Ursaluna|23/100|[from] Grassy Terrain\n|-sideend|p2: MarzipanTheFirst|move: Tailwind\n|upkeep\n|\n|t:|1771746454\n|switch|p1b: Kyurem|Kyurem-White, L50, shiny|27/100\n|-ability|p1b: Kyurem|Turboblaze\n|turn|6\n|\n|t:|1771746465\n|move|p2b: Ursaluna|Protect|p2b: Ursaluna\n|-singleturn|p2b: Ursaluna|Protect\n|move|p1b: Kyurem|Blizzard|p2a: Rillaboom|[spread] \n|-activate|p2b: Ursaluna|move: Protect\n|-miss|p1b: Kyurem|p2a: Rillaboom\n|move|p2a: Rillaboom|High Horsepower|p1a: Amoonguss\n|-damage|p1a: Amoonguss|69/100\n|move|p1a: Amoonguss|Sludge Bomb|p2a: Rillaboom\n|-supereffective|p2a: Rillaboom\n|-damage|p2a: Rillaboom|42/100\n|-status|p2a: Rillaboom|psn\n|-enditem|p2a: Rillaboom|Sitrus Berry|[eat]\n|-heal|p2a: Rillaboom|67/100 psn|[from] item: Sitrus Berry\n|\n|-heal|p1b: Kyurem|33/100|[from] Grassy Terrain\n|-heal|p2a: Rillaboom|73/100 psn|[from] Grassy Terrain\n|-heal|p2b: Ursaluna|29/100|[from] Grassy Terrain\n|-heal|p1a: Amoonguss|75/100|[from] Grassy Terrain\n|-damage|p2a: Rillaboom|61/100 psn|[from] psn\n|upkeep\n|turn|7\n|\n|t:|1771746485\n|move|p1a: Amoonguss|Rage Powder|p1a: Amoonguss\n|-singleturn|p1a: Amoonguss|move: Rage Powder\n|move|p2a: Rillaboom|Grassy Glide|p1b: Kyurem\n|-resisted|p1b: Kyurem\n|-damage|p1b: Kyurem|20/100\n|move|p1b: Kyurem|Blizzard|p2b: Ursaluna|[spread] p2a,p2b\n|-supereffective|p2a: Rillaboom\n|-damage|p2a: Rillaboom|0 fnt\n|-damage|p2b: Ursaluna|0 fnt\n|faint|p2a: Rillaboom\n|faint|p2b: Ursaluna\n|\n|win|wasaad5\n|raw|wasaad5's rating: 1092 &rarr; <strong>1117</strong><br />(+25 for winning)\n|raw|MarzipanTheFirst's rating: 1082 &rarr; <strong>1060</strong><br />(-22 for losing)\n|l|\u2606wasaad5\n|player|p1|\n|l|\u2606MarzipanTheFirst\n|player|p2|\n|j|\u2606MarzipanTheFirst\n|player|p2|MarzipanTheFirst|guitarist|\n|l|\u2606MarzipanTheFirst\n|player|p2|\n","uploadtime":1771746496,"views":11,"formatid":"gen9vgc2026regi","rating":1060,"private":0,"password":null}