{"id":"gen9vgc2026regi-2567345513","format":"[Gen 9] VGC 2026 Reg I","players":["Strikermohamud","Mirthinion"],"log":"|j|\u2606Strikermohamud\n|j|\u2606Mirthinion\n|t:|1774468300\n|gametype|doubles\n|player|p1|Strikermohamud|2|1399\n|player|p2|Mirthinion|janitor|1426\n|gen|9\n|tier|[Gen 9] VGC 2026 Reg I\n|rated|\n|rule|Species Clause: Limit one of each Pok\u00e9mon\n|rule|Item Clause: Limit 1 of each item\n|clearpoke\n|poke|p1|Calyrex-Shadow, L50|\n|poke|p1|Zamazenta-*, L50|\n|poke|p1|Chien-Pao, L50|\n|poke|p1|Dragonite, L50, M|\n|poke|p1|Amoonguss, L50, M|\n|poke|p1|Ogerpon-Cornerstone, L50, F|\n|poke|p2|Calyrex-Shadow, L50|\n|poke|p2|Zamazenta-*, L50|\n|poke|p2|Urshifu-*, L50, M|\n|poke|p2|Incineroar, L50, M|\n|poke|p2|Rillaboom, L50, M|\n|poke|p2|Tornadus, L50, M|\n|teampreview|4\n|inactive|Battle timer is ON: inactive players will automatically lose when time's up. (requested by Mirthinion)\nMirthinion rejected open team sheets.\n|inactive|Strikermohamud has 60 seconds left.\n|inactive|Strikermohamud has 30 seconds left.\n|inactive|Strikermohamud has 20 seconds left.\n|inactive|Strikermohamud has 15 seconds left.\n|inactive|Strikermohamud has 10 seconds left.\n|inactive|Strikermohamud has 5 seconds left.\n|\n|t:|1774468390\n|teamsize|p1|4\n|teamsize|p2|4\n|start\n|switch|p1a: Calyrex|Calyrex-Shadow, L50|100/100\n|switch|p1b: Zamazenta|Zamazenta-Crowned, L50|100/100\n|switch|p2a: Vangwe|Tornadus, L50, M|100/100\n|switch|p2b: Beowulf|Urshifu-Rapid-Strike, L50, M|100/100\n|-ability|p1a: Calyrex|As One\n|-ability|p1a: Calyrex|Unnerve\n|-ability|p1b: Zamazenta|Dauntless Shield|boost\n|-boost|p1b: Zamazenta|def|1\n|turn|1\n|c|\u2606Strikermohamud|i calced to live a tera water surging strikes\n|\n|t:|1774468414\n|switch|p1a: Dragonite|Dragonite, L50, M|100/100\n|-terastallize|p2b: Beowulf|Ghost\n|move|p1b: Zamazenta|Wide Guard|p1b: Zamazenta\n|-singleturn|p1b: Zamazenta|Wide Guard\n|move|p2a: Vangwe|Tailwind|p2a: Vangwe\n|-sidestart|p2: Mirthinion|move: Tailwind\n|move|p2b: Beowulf|Surging Strikes|p1a: Dragonite\n|-resisted|p1a: Dragonite\n|-crit|p1a: Dragonite\n|-damage|p1a: Dragonite|87/100\n|-resisted|p1a: Dragonite\n|-crit|p1a: Dragonite\n|-damage|p1a: Dragonite|74/100\n|-resisted|p1a: Dragonite\n|-crit|p1a: Dragonite\n|-damage|p1a: Dragonite|59/100\n|-hitcount|p1a: Dragonite|3\n|\n|upkeep\n|turn|2\n|\n|t:|1774468436\n|move|p1b: Zamazenta|Wide Guard|p1b: Zamazenta\n|-singleturn|p1b: Zamazenta|Wide Guard\n|move|p2a: Vangwe|Rain Dance|p2a: Vangwe\n|-weather|RainDance\n|move|p2b: Beowulf|Surging Strikes|p1b: Zamazenta\n|-crit|p1b: Zamazenta\n|-damage|p1b: Zamazenta|74/100\n|-crit|p1b: Zamazenta\n|-damage|p1b: Zamazenta|48/100\n|-crit|p1b: Zamazenta\n|-damage|p1b: Zamazenta|23/100\n|-hitcount|p1b: Zamazenta|3\n|move|p1a: Dragonite|Outrage|p2a: Vangwe\n|-crit|p2a: Vangwe\n|-damage|p2a: Vangwe|0 fnt\n|faint|p2a: Vangwe\n|\n|-weather|RainDance|[upkeep]\n|upkeep\n|\n|t:|1774468451\n|switch|p2a: Drambor|Zamazenta-Crowned, L50|100/100\n|-ability|p2a: Drambor|Dauntless Shield|boost\n|-boost|p2a: Drambor|def|1\n|turn|3\n|\n|t:|1774468467\n|-terastallize|p1b: Zamazenta|Dragon\n|move|p2a: Drambor|Behemoth Bash|p1a: Dragonite\n|-damage|p1a: Dragonite|22/100\n|move|p2b: Beowulf|Surging Strikes|p1a: Dragonite\n|-resisted|p1a: Dragonite\n|-crit|p1a: Dragonite\n|-damage|p1a: Dragonite|0 fnt\n|faint|p1a: Dragonite\n|-hitcount|p1: Dragonite|1\n|move|p1b: Zamazenta|Body Press|p2a: Drambor\n|-supereffective|p2a: Drambor\n|-damage|p2a: Drambor|46/100\n|\n|-weather|RainDance|[upkeep]\n|upkeep\n|\n|t:|1774468479\n|switch|p1a: Chien-Pao|Chien-Pao, L50|100/100\n|-ability|p1a: Chien-Pao|Sword of Ruin\n|turn|4\n|\n|t:|1774468501\n|move|p1a: Chien-Pao|Sucker Punch|p2b: Beowulf\n|-supereffective|p2b: Beowulf\n|-crit|p2b: Beowulf\n|-damage|p2b: Beowulf|0 fnt\n|faint|p2b: Beowulf\n|move|p2a: Drambor|Behemoth Bash|p1a: Chien-Pao\n|-supereffective|p1a: Chien-Pao\n|-damage|p1a: Chien-Pao|6/100\n|move|p1b: Zamazenta|Body Press|p2a: Drambor\n|-supereffective|p2a: Drambor\n|-crit|p2a: Drambor\n|-damage|p2a: Drambor|0 fnt\n|faint|p2a: Drambor\n|\n|-weather|RainDance|[upkeep]\n|-sideend|p2: Mirthinion|move: Tailwind\n|upkeep\n|\n|t:|1774468514\n|switch|p2b: Mithrandir|Calyrex-Shadow, L50|100/100\n|-ability|p2b: Mithrandir|As One\n|-ability|p2b: Mithrandir|Unnerve\n|turn|5\n|\n|t:|1774468520\n|move|p1b: Zamazenta|Wide Guard|p1b: Zamazenta\n|-singleturn|p1b: Zamazenta|Wide Guard\n|move|p1a: Chien-Pao|Sucker Punch|p2b: Mithrandir\n|-supereffective|p2b: Mithrandir\n|-enditem|p2b: Mithrandir|Focus Sash\n|-damage|p2b: Mithrandir|1/100\n|move|p2b: Mithrandir|Pollen Puff|p1a: Chien-Pao\n|-supereffective|p1a: Chien-Pao\n|-damage|p1a: Chien-Pao|0 fnt\n|faint|p1a: Chien-Pao\n|-ability|p2b: Mithrandir|Grim Neigh|boost\n|-boost|p2b: Mithrandir|spa|1\n|\n|-weather|RainDance|[upkeep]\n|upkeep\n|\n|t:|1774468525\n|switch|p1a: Calyrex|Calyrex-Shadow, L50|100/100\n|-ability|p1a: Calyrex|As One\n|-ability|p1a: Calyrex|Unnerve\n|turn|6\n|\n|t:|1774468538\n|move|p1a: Calyrex|Astral Barrage|p2b: Mithrandir\n|-supereffective|p2b: Mithrandir\n|-damage|p2b: Mithrandir|0 fnt\n|faint|p2b: Mithrandir\n|\n|win|Strikermohamud\n|raw|Strikermohamud's rating: 1399 &rarr; <strong>1421</strong><br />(+22 for winning)\n|raw|Mirthinion's rating: 1426 &rarr; <strong>1404</strong><br />(-22 for losing)\n|c|\u2606Mirthinion|gg\n|c|\u2606Strikermohamud|ggwp\n","uploadtime":1774468303,"views":63,"formatid":"gen9vgc2026regi","rating":1404,"private":0,"password":null}