{"id":"gen9vgc2026regi-2551779878","format":"[Gen 9] VGC 2026 Reg I","players":["Pokemonst3r","bullgod4ever"],"log":"|j|\u2606Pokemonst3r\n|j|\u2606bullgod4ever\n|t:|1772644586\n|gametype|doubles\n|player|p1|Pokemonst3r|266|1532\n|player|p2|bullgod4ever|1|1539\n|gen|9\n|tier|[Gen 9] VGC 2026 Reg I\n|rated|\n|rule|Species Clause: Limit one of each Pok\u00e9mon\n|rule|Item Clause: Limit 1 of each item\n|clearpoke\n|poke|p1|Chien-Pao, L50|\n|poke|p1|Calyrex-Shadow, L50|\n|poke|p1|Dondozo, L50, M|\n|poke|p1|Zamazenta-*, L50|\n|poke|p1|Dragonite, L50, M|\n|poke|p1|Tatsugiri, L50, F|\n|poke|p2|Calyrex-Shadow, L50|\n|poke|p2|Zamazenta-*, L50|\n|poke|p2|Chien-Pao, L50|\n|poke|p2|Dragonite, L50, M|\n|poke|p2|Amoonguss, L50, F|\n|poke|p2|Ogerpon-Cornerstone, L50, F|\n|teampreview|4\n|inactive|Battle timer is ON: inactive players will automatically lose when time's up. (requested by Pokemonst3r)\n|inactive|bullgod4ever has 60 seconds left.\n|\n|t:|1772644620\n|teamsize|p1|4\n|teamsize|p2|4\n|start\n|switch|p1a: Dondozo|Dondozo, L50, M|100/100\n|switch|p1b: Calyrex|Calyrex-Shadow, L50|100/100\n|switch|p2a: Zamazenta|Zamazenta-Crowned, L50|100/100\n|switch|p2b: Chien-Pao|Chien-Pao, L50|100/100\n|-ability|p1b: Calyrex|As One\n|-ability|p1b: Calyrex|Unnerve\n|-ability|p2b: Chien-Pao|Sword of Ruin\n|-ability|p2a: Zamazenta|Dauntless Shield|boost\n|-boost|p2a: Zamazenta|def|1\n|turn|1\n|\n|t:|1772644643\n|switch|p1b: Tatsugiri|Tatsugiri, L50, F|100/100\n|-activate|p1b: Tatsugiri|ability: Commander|[of] p1a: Dondozo\n|-boost|p1a: Dondozo|atk|2\n|-boost|p1a: Dondozo|spa|2\n|-boost|p1a: Dondozo|spe|2\n|-boost|p1a: Dondozo|def|2\n|-boost|p1a: Dondozo|spd|2\n|move|p2b: Chien-Pao|Ruination|p1a: Dondozo\n|-damage|p1a: Dondozo|50/100\n|move|p2a: Zamazenta|Body Press|p1a: Dondozo\n|-damage|p1a: Dondozo|33/100\n|move|p1a: Dondozo|Earthquake|p2b: Chien-Pao|[spread] p2a,p2b\n|-miss|p1a: Dondozo|p1b: Tatsugiri\n|-supereffective|p2a: Zamazenta\n|-damage|p2a: Zamazenta|44/100\n|-damage|p2b: Chien-Pao|57/100\n|\n|-heal|p1a: Dondozo|39/100|[from] item: Leftovers\n|upkeep\n|turn|2\n|inactive|bullgod4ever has 30 seconds left.\n|\n|t:|1772644675\n|move|p1a: Dondozo|Protect|p1a: Dondozo\n|-singleturn|p1a: Dondozo|Protect\n|move|p2b: Chien-Pao|Ruination|p1a: Dondozo\n|-activate|p1a: Dondozo|move: Protect\n|move|p2a: Zamazenta|Body Press|p1a: Dondozo\n|-activate|p1a: Dondozo|move: Protect\n|\n|-heal|p1a: Dondozo|45/100|[from] item: Leftovers\n|upkeep\n|turn|3\n|\n|t:|1772644690\n|move|p2b: Chien-Pao|Ruination|p1a: Dondozo\n|-damage|p1a: Dondozo|23/100\n|move|p2a: Zamazenta|Body Press|p1a: Dondozo\n|-damage|p1a: Dondozo|6/100\n|move|p1a: Dondozo|Earthquake|p2b: Chien-Pao|[spread] p2a,p2b\n|-miss|p1a: Dondozo|p1b: Tatsugiri\n|-supereffective|p2a: Zamazenta\n|-damage|p2a: Zamazenta|0 fnt\n|-damage|p2b: Chien-Pao|13/100\n|faint|p2a: Zamazenta\n|\n|-heal|p1a: Dondozo|12/100|[from] item: Leftovers\n|upkeep\n|\n|t:|1772644705\n|switch|p2a: Calyrex|Calyrex-Shadow, L50|100/100\n|-ability|p2a: Calyrex|As One\n|-ability|p2a: Calyrex|Unnerve\n|turn|4\n|\n|t:|1772644715\n|-terastallize|p2a: Calyrex|Ghost\n|move|p2a: Calyrex|Astral Barrage|p1a: Dondozo|[spread] p1a\n|-miss|p2a: Calyrex|p1b: Tatsugiri\n|-damage|p1a: Dondozo|0 fnt\n|faint|p1a: Dondozo\n|-ability|p2a: Calyrex|Grim Neigh|boost\n|-boost|p2a: Calyrex|spa|1\n|move|p2b: Chien-Pao|Ice Spinner|p1b: Tatsugiri\n|-damage|p1b: Tatsugiri|24/100\n|\n|upkeep\n|\n|t:|1772644726\n|switch|p1a: Calyrex|Calyrex-Shadow, L50|100/100\n|-ability|p1a: Calyrex|As One\n|-ability|p1a: Calyrex|Unnerve\n|turn|5\n|\n|t:|1772644742\n|-terastallize|p1a: Calyrex|Ghost\n|move|p2b: Chien-Pao|Ice Shard|p1a: Calyrex\n|-damage|p1a: Calyrex|73/100\n|move|p1a: Calyrex|Astral Barrage|p2a: Calyrex|[spread] p2a,p2b\n|-supereffective|p2a: Calyrex\n|-resisted|p2b: Chien-Pao\n|-enditem|p2a: Calyrex|Focus Sash\n|-damage|p2a: Calyrex|1/100\n|-damage|p2b: Chien-Pao|0 fnt\n|faint|p2b: Chien-Pao\n|-ability|p1a: Calyrex|Grim Neigh|boost\n|-boost|p1a: Calyrex|spa|1\n|move|p2a: Calyrex|Astral Barrage|p1a: Calyrex|[spread] p1a,p1b\n|-supereffective|p1a: Calyrex\n|-damage|p1a: Calyrex|0 fnt\n|-damage|p1b: Tatsugiri|0 fnt\n|faint|p1a: Calyrex\n|faint|p1b: Tatsugiri\n|-ability|p2a: Calyrex|Grim Neigh|boost\n|-boost|p2a: Calyrex|spa|2\n|\n|upkeep\n|-message|Pokemonst3r forfeited.\n|\n|win|bullgod4ever\n|raw|Pokemonst3r's rating: 1532 &rarr; <strong>1512</strong><br />(-20 for losing)\n|raw|bullgod4ever's rating: 1539 &rarr; <strong>1559</strong><br />(+20 for winning)\n|l|\u2606Pokemonst3r\n|player|p1|\n","uploadtime":1772644989,"views":20,"formatid":"gen9vgc2026regi","rating":1512,"private":0,"password":null}