{"id":"gen9vgc2026regi-2574052262","format":"[Gen 9] VGC 2026 Reg I","players":["the1trueshrederr","bishmii"],"log":"|j|\u2606the1trueshrederr\n|j|\u2606bishmii\n|t:|1775194055\n|gametype|doubles\n|player|p1|the1trueshrederr|linebacker|1301\n|player|p2|bishmii|169|1384\n|gen|9\n|tier|[Gen 9] VGC 2026 Reg I\n|rated|\n|rule|Species Clause: Limit one of each Pok\u00e9mon\n|rule|Item Clause: Limit 1 of each item\n|clearpoke\n|poke|p1|Eternatus, L50|\n|poke|p1|Annihilape, L50, F|\n|poke|p1|Whimsicott, L50, M|\n|poke|p1|Chi-Yu, L50|\n|poke|p1|Farigiraf, L50, F|\n|poke|p1|Zacian-*, L50|\n|poke|p2|Whimsicott, L50, M|\n|poke|p2|Calyrex-Shadow, L50|\n|poke|p2|Miraidon, L50|\n|poke|p2|Iron Hands, L50|\n|poke|p2|Chi-Yu, L50|\n|poke|p2|Farigiraf, L50, M|\n|teampreview|4\n|inactive|Battle timer is ON: inactive players will automatically lose when time's up. (requested by bishmii)\nthe1trueshrederr rejected open team sheets.\n|inactive|bishmii has 60 seconds left.\n|\n|t:|1775194103\n|teamsize|p1|4\n|teamsize|p2|4\n|start\n|switch|p1a: Farigiraf|Farigiraf, L50, F|100/100\n|switch|p1b: Eternatus|Eternatus, L50|100/100\n|switch|p2a: Whimsicott|Whimsicott, L50, M|100/100\n|switch|p2b: Miraidon|Miraidon, L50|100/100\n|-fieldstart|move: Electric Terrain|[from] ability: Hadron Engine|[of] p2b: Miraidon\n|-ability|p1b: Eternatus|Pressure\n|turn|1\n|j| zacattack110\n|inactive|the1trueshrederr has 30 seconds left.\n|\n|t:|1775194129\n|move|p2b: Miraidon|Volt Switch|p1a: Farigiraf\n|-damage|p1a: Farigiraf|19/100\n|\n|t:|1775194134\n|switch|p2b: Farigiraf|Farigiraf, L50, M|100/100|[from] Volt Switch\n|-enditem|p2b: Farigiraf|Electric Seed\n|-boost|p2b: Farigiraf|def|1|[from] item: Electric Seed\n|move|p2a: Whimsicott|Moonblast|p1a: Farigiraf\n|-damage|p1a: Farigiraf|0 fnt\n|faint|p1a: Farigiraf\n|move|p1b: Eternatus|Sludge Wave|p2a: Whimsicott|[spread] p2a,p2b\n|-supereffective|p2a: Whimsicott\n|-damage|p2a: Whimsicott|0 fnt\n|-damage|p2b: Farigiraf|61/100\n|faint|p2a: Whimsicott\n|\n|upkeep\n|\n|t:|1775194150\n|switch|p2a: Calyrex|Calyrex-Shadow, L50|100/100\n|switch|p1a: Chi-Yu|Chi-Yu, L50|100/100\n|-ability|p2a: Calyrex|As One\n|-ability|p2a: Calyrex|Unnerve\n|-ability|p1a: Chi-Yu|Beads of Ruin\n|turn|2\n|inactive|the1trueshrederr has 30 seconds left.\n|inactive|bishmii has 30 seconds left.\n|inactive|bishmii has 20 seconds left.\n|\n|t:|1775194197\n|-terastallize|p1b: Eternatus|Fairy\n|-terastallize|p2b: Farigiraf|Dark\n|move|p2a: Calyrex|Protect|p2a: Calyrex\n|-singleturn|p2a: Calyrex|Protect\n|move|p1b: Eternatus|Meteor Beam||[still]\n|-prepare|p1b: Eternatus|Meteor Beam\n|-boost|p1b: Eternatus|spa|1\n|-enditem|p1b: Eternatus|Power Herb\n|-anim|p1b: Eternatus|Meteor Beam|p2a: Calyrex\n|-activate|p2a: Calyrex|move: Protect\n|move|p1a: Chi-Yu|Snarl|p2b: Farigiraf|[spread] p2b\n|-activate|p2a: Calyrex|move: Protect\n|-resisted|p2b: Farigiraf\n|-damage|p2b: Farigiraf|46/100\n|-unboost|p2b: Farigiraf|spa|1\n|move|p2b: Farigiraf|Trick Room|p2b: Farigiraf\n|-fieldstart|move: Trick Room|[of] p2b: Farigiraf\n|\n|upkeep\n|turn|3\n|inactive|the1trueshrederr has 30 seconds left.\n|inactive|bishmii has 30 seconds left.\n|\n|t:|1775194228\n|switch|p2a: Miraidon|Miraidon, L50|100/100\n|-activate|p2a: Miraidon|ability: Hadron Engine\n|move|p1a: Chi-Yu|Snarl|p2a: Miraidon|[spread] p2a,p2b\n|-resisted|p2b: Farigiraf\n|-damage|p2a: Miraidon|74/100\n|-damage|p2b: Farigiraf|33/100\n|-unboost|p2a: Miraidon|spa|1\n|-unboost|p2b: Farigiraf|spa|1\n|move|p1b: Eternatus|Dynamax Cannon|p2b: Farigiraf\n|-damage|p2b: Farigiraf|0 fnt\n|faint|p2b: Farigiraf\n|\n|upkeep\n|\n|t:|1775194235\n|switch|p2b: Calyrex|Calyrex-Shadow, L50|100/100\n|-ability|p2b: Calyrex|As One\n|-ability|p2b: Calyrex|Unnerve\n|turn|4\n|\n|t:|1775194253\n|move|p1b: Eternatus|Protect|p1b: Eternatus\n|-singleturn|p1b: Eternatus|Protect\n|move|p1a: Chi-Yu|Snarl|p2b: Calyrex|[spread] p2a\n|-miss|p1a: Chi-Yu|p2b: Calyrex\n|-damage|p2a: Miraidon|47/100\n|-unboost|p2a: Miraidon|spa|1\n|move|p2a: Miraidon|Electro Drift|p1a: Chi-Yu\n|-damage|p1a: Chi-Yu|28/100\n|move|p2b: Calyrex|Astral Barrage|p1b: Eternatus|[spread] p1a\n|-activate|p1b: Eternatus|move: Protect\n|-resisted|p1a: Chi-Yu\n|-damage|p1a: Chi-Yu|1/100\n|\n|upkeep\n|turn|5\n|inactive|bishmii has 30 seconds left.\n|\n|t:|1775194281\n|move|p1a: Chi-Yu|Snarl|p2b: Calyrex|[spread] p2a,p2b\n|-supereffective|p2b: Calyrex\n|-crit|p2b: Calyrex\n|-damage|p2a: Miraidon|20/100\n|-enditem|p2b: Calyrex|Focus Sash\n|-damage|p2b: Calyrex|1/100\n|-unboost|p2a: Miraidon|spa|1\n|-unboost|p2b: Calyrex|spa|1\n|move|p1b: Eternatus|Dynamax Cannon|p2a: Miraidon\n|-supereffective|p2a: Miraidon\n|-damage|p2a: Miraidon|0 fnt\n|faint|p2a: Miraidon\n|move|p2b: Calyrex|Encore||[still]\n|-fail|p2b: Calyrex\n|\n|-fieldend|move: Electric Terrain\n|upkeep\n|turn|6\n|-message|bishmii forfeited.\n|\n|win|the1trueshrederr\n|raw|the1trueshrederr's rating: 1301 &rarr; <strong>1326</strong><br />(+25 for winning)\n|raw|bishmii's rating: 1384 &rarr; <strong>1359</strong><br />(-25 for losing)\n|l|\u2606bishmii\n|player|p2|\n|l| zacattack110\n","uploadtime":1775194441,"views":10,"formatid":"gen9vgc2026regi","rating":1326,"private":0,"password":null}