{"id":"gen9vgc2026regi-2535725367","format":"[Gen 9] VGC 2026 Reg I","players":["bbqsus","cdogp3"],"log":"|j|\u2606bbqsus\n|j|\u2606cdogp3\n|t:|1770600675\n|gametype|doubles\n|player|p1|bbqsus|brycenman|1416\n|player|p2|cdogp3|hoopster|1559\n|gen|9\n|tier|[Gen 9] VGC 2026 Reg I\n|rated|\n|rule|Species Clause: Limit one of each Pok\u00e9mon\n|rule|Item Clause: Limit 1 of each item\n|clearpoke\n|poke|p1|Calyrex-Shadow, L50|\n|poke|p1|Smeargle, L50, M|\n|poke|p1|Torkoal, L50, M|\n|poke|p1|Flamigo, L50, M|\n|poke|p1|Eternatus, L50|\n|poke|p1|Muk-Alola, L50, M|\n|poke|p2|Koraidon, L50|\n|poke|p2|Calyrex-Shadow, L50|\n|poke|p2|Flutter Mane, L50|\n|poke|p2|Incineroar, L50, F|\n|poke|p2|Clefairy, L50, F|\n|poke|p2|Rillaboom, L50, F|\n|teampreview|4\n|inactive|Battle timer is ON: inactive players will automatically lose when time's up. (requested by cdogp3)\n|\n|t:|1770600689\n|teamsize|p1|4\n|teamsize|p2|4\n|start\n|switch|p1a: Smeargle|Smeargle, L50, M, shiny|100/100\n|switch|p1b: Muk|Muk-Alola, L50, M, shiny|100/100\n|switch|p2a: Flutter Mane|Flutter Mane, L50|100/100\n|switch|p2b: Koraidon|Koraidon, L50|100/100\n|-weather|SunnyDay|[from] ability: Orichalcum Pulse|[of] p2b: Koraidon\n|-activate|p2a: Flutter Mane|ability: Protosynthesis\n|-start|p2a: Flutter Mane|protosynthesisspe\n|-activate|p2b: Koraidon|Orichalcum Pulse|[source]\n|turn|1\n|\n|t:|1770600709\n|move|p1a: Smeargle|Fake Out|p2b: Koraidon\n|-damage|p2b: Koraidon|96/100\n|move|p2a: Flutter Mane|Icy Wind|p1a: Smeargle|[spread] p1a,p1b\n|-damage|p1a: Smeargle|68/100\n|-damage|p1b: Muk|91/100\n|-unboost|p1b: Muk|spe|1\n|cant|p2b: Koraidon|flinch\n|move|p1b: Muk|Minimize|p1b: Muk\n|-boost|p1b: Muk|evasion|2\n|\n|-weather|SunnyDay|[upkeep]\n|-heal|p1b: Muk|97/100|[from] item: Leftovers\n|-ability|p1a: Smeargle|Moody|boost\n|-boost|p1a: Smeargle|atk|2\n|-unboost|p1a: Smeargle|spe|1\n|upkeep\n|turn|2\n|\n|t:|1770600721\n|-terastallize|p2b: Koraidon|Fire\n|move|p1a: Smeargle|Follow Me|p1a: Smeargle\n|-singleturn|p1a: Smeargle|move: Follow Me\n|move|p2a: Flutter Mane|Moonblast|p1a: Smeargle\n|-damage|p1a: Smeargle|0 fnt\n|faint|p1a: Smeargle\n|-ability|p1b: Muk|Moody|Power of Alchemy|[from] ability: Power of Alchemy|[of] p1a: Smeargle\n|move|p2b: Koraidon|Flare Blitz|p1b: Muk\n|-damage|p1b: Muk|0 fnt\n|faint|p1b: Muk\n|-damage|p2b: Koraidon|62/100|[from] Recoil\n|\n|-weather|SunnyDay|[upkeep]\n|upkeep\n|\n|t:|1770600728\n|switch|p1a: Calyrex|Calyrex-Shadow, L50|100/100\n|switch|p1b: Flamigo|Flamigo, L50, M, shiny|100/100\n|-ability|p1a: Calyrex|As One\n|-ability|p1a: Calyrex|Unnerve\n|-copyboost|p1b: Flamigo|p1a: Calyrex|[from] ability: Costar\n|turn|3\n|\n|t:|1770600742\n|switch|p2b: Incineroar|Incineroar, L50, F|100/100\n|-ability|p2b: Incineroar|Intimidate|boost\n|-unboost|p1a: Calyrex|atk|1\n|-unboost|p1b: Flamigo|atk|1\n|-enditem|p1b: Flamigo|White Herb\n|-clearnegativeboost|p1b: Flamigo|[silent]\n|move|p1a: Calyrex|Protect|p1a: Calyrex\n|-singleturn|p1a: Calyrex|Protect\n|move|p2a: Flutter Mane|Shadow Ball|p1a: Calyrex\n|-activate|p1a: Calyrex|move: Protect\n|move|p1b: Flamigo|Tailwind|p1b: Flamigo\n|-sidestart|p1: bbqsus|move: Tailwind\n|\n|-weather|SunnyDay|[upkeep]\n|upkeep\n|turn|4\n|\n|t:|1770600760\n|move|p2b: Incineroar|Fake Out|p1b: Flamigo\n|-damage|p1b: Flamigo|84/100\n|move|p1a: Calyrex|Astral Barrage|p2b: Incineroar|[spread] p2a,p2b\n|-supereffective|p2a: Flutter Mane\n|-resisted|p2b: Incineroar\n|-enditem|p2a: Flutter Mane|Focus Sash\n|-damage|p2a: Flutter Mane|1/100\n|-damage|p2b: Incineroar|80/100\n|cant|p1b: Flamigo|flinch\n|move|p2a: Flutter Mane|Icy Wind|p1b: Flamigo|[spread] p1a,p1b\n|-supereffective|p1b: Flamigo\n|-damage|p1a: Calyrex|86/100\n|-damage|p1b: Flamigo|39/100\n|-unboost|p1a: Calyrex|spe|1\n|-unboost|p1b: Flamigo|spe|1\n|\n|-weather|SunnyDay|[upkeep]\n|upkeep\n|turn|5\n|\n|t:|1770600785\n|switch|p2b: Calyrex|Calyrex-Shadow, L50|100/100\n|-ability|p2b: Calyrex|As One\n|-ability|p2b: Calyrex|Unnerve\n|-terastallize|p1a: Calyrex|Fairy\n|move|p2a: Flutter Mane|Protect|p2a: Flutter Mane\n|-singleturn|p2a: Flutter Mane|Protect\n|move|p1a: Calyrex|Draining Kiss|p2b: Calyrex\n|-damage|p2b: Calyrex|64/100\n|-heal|p1a: Calyrex|100/100|[from] drain|[of] p2b: Calyrex\n|move|p1b: Flamigo|Brave Bird|p2a: Flutter Mane\n|-activate|p2a: Flutter Mane|move: Protect\n|\n|-weather|none\n|-end|p2a: Flutter Mane|Protosynthesis\n|upkeep\n|turn|6\n|\n|t:|1770600807\n|-end|p2a: Flutter Mane|Protosynthesis|[silent]\n|switch|p2a: Incineroar|Incineroar, L50, F|80/100\n|-ability|p2a: Incineroar|Intimidate|boost\n|-unboost|p1a: Calyrex|atk|1\n|-unboost|p1b: Flamigo|atk|1\n|move|p2b: Calyrex|Protect|p2b: Calyrex\n|-singleturn|p2b: Calyrex|Protect\n|move|p1a: Calyrex|Astral Barrage|p2b: Calyrex|[spread] p2a\n|-activate|p2b: Calyrex|move: Protect\n|-resisted|p2a: Incineroar\n|-damage|p2a: Incineroar|59/100\n|move|p1b: Flamigo|Brave Bird|p2b: Calyrex\n|-activate|p2b: Calyrex|move: Protect\n|\n|-sideend|p1: bbqsus|move: Tailwind\n|upkeep\n|turn|7\n|\n|t:|1770600827\n|move|p1b: Flamigo|Wide Guard|p1b: Flamigo\n|-singleturn|p1b: Flamigo|Wide Guard\n|move|p2a: Incineroar|Fake Out|p1a: Calyrex\n|-damage|p1a: Calyrex|87/100\n|move|p2b: Calyrex|Psychic|p1b: Flamigo\n|-supereffective|p1b: Flamigo\n|-damage|p1b: Flamigo|0 fnt\n|faint|p1b: Flamigo\n|-ability|p2b: Calyrex|Grim Neigh|boost\n|-boost|p2b: Calyrex|spa|1\n|-damage|p2b: Calyrex|54/100|[from] item: Life Orb\n|cant|p1a: Calyrex|flinch\n|\n|upkeep\n|turn|8\n|-message|bbqsus forfeited.\n|\n|win|cdogp3\n|raw|bbqsus's rating: 1416 &rarr; <strong>1404</strong><br />(-12 for losing)\n|raw|cdogp3's rating: 1559 &rarr; <strong>1571</strong><br />(+12 for winning)\n|l|\u2606bbqsus\n|player|p1|\n|l|\u2606cdogp3\n|player|p2|\n","uploadtime":1770601026,"views":14,"formatid":"gen9vgc2026regi","rating":1404,"private":0,"password":null}