{"id":"gen9vgc2026regi-2578629211","format":"[Gen 9] VGC 2026 Reg I","players":["Luca8","qnnt"],"log":"|j|\u2606Luca8\n|j|\u2606qnnt\n|t:|1775697235\n|gametype|doubles\n|player|p1|Luca8|flint|1430\n|player|p2|qnnt|dawn|1415\n|gen|9\n|tier|[Gen 9] VGC 2026 Reg I\n|rated|\n|rule|Species Clause: Limit one of each Pok\u00e9mon\n|rule|Item Clause: Limit 1 of each item\n|clearpoke\n|poke|p1|Zamazenta-*, L50|\n|poke|p1|Calyrex-Shadow, L50|\n|poke|p1|Indeedee-F, L50, F|\n|poke|p1|Torkoal, L50, M|\n|poke|p1|Fezandipiti, L50, M|\n|poke|p1|Pelipper, L50, F|\n|poke|p2|Kyogre, L50|\n|poke|p2|Araquanid, L50, F|\n|poke|p2|Gholdengo, L50|\n|poke|p2|Chien-Pao, L50|\n|poke|p2|Zamazenta-*, L50|\n|poke|p2|Tornadus, L50, M|\n|teampreview|4\n|inactive|Battle timer is ON: inactive players will automatically lose when time's up. (requested by qnnt)\n|inactive|qnnt has 60 seconds left.\n|\n|t:|1775697281\n|teamsize|p1|4\n|teamsize|p2|4\n|start\n|switch|p1a: Fezandipiti|Fezandipiti, L50, M|100/100\n|switch|p1b: Zamazenta|Zamazenta-Crowned, L50|100/100\n|switch|p2a: Kyogre|Kyogre, L50|100/100\n|switch|p2b: Tornadus|Tornadus, L50, M|100/100\n|-ability|p1b: Zamazenta|Dauntless Shield|boost\n|-boost|p1b: Zamazenta|def|1\n|-weather|RainDance|[from] ability: Drizzle|[of] p2a: Kyogre\n|turn|1\n|inactive|Luca8 has 30 seconds left.\n|inactive|Luca8 has 20 seconds left.\n|inactive|Luca8 has 15 seconds left.\n|\n|t:|1775697324\n|switch|p1b: Torkoal|Torkoal, L50, M|100/100\n|-weather|SunnyDay|[from] ability: Drought|[of] p1b: Torkoal\n|move|p2a: Kyogre|Protect|p2a: Kyogre\n|-singleturn|p2a: Kyogre|Protect\n|move|p2b: Tornadus|Tailwind|p2b: Tornadus\n|-sidestart|p2: qnnt|move: Tailwind\n|move|p1a: Fezandipiti|Tailwind|p1a: Fezandipiti\n|-sidestart|p1: Luca8|move: Tailwind\n|\n|-weather|SunnyDay|[upkeep]\n|upkeep\n|turn|2\n|\n|t:|1775697348\n|switch|p1b: Zamazenta|Zamazenta-Crowned, L50|100/100\n|move|p2b: Tornadus|Rain Dance|p2b: Tornadus\n|-weather|RainDance\n|move|p1a: Fezandipiti|Icy Wind|p2a: Kyogre|[spread] p2b\n|-miss|p1a: Fezandipiti|p2a: Kyogre\n|-supereffective|p2b: Tornadus\n|-damage|p2b: Tornadus|79/100\n|move|p2a: Kyogre|Water Spout|p1b: Zamazenta|[spread] p1a,p1b\n|-damage|p1a: Fezandipiti|32/100\n|-damage|p1b: Zamazenta|47/100\n|\n|-weather|RainDance|[upkeep]\n|upkeep\n|turn|3\n|\n|t:|1775697371\n|move|p2a: Kyogre|Protect|p2a: Kyogre\n|-singleturn|p2a: Kyogre|Protect\n|move|p2b: Tornadus|Bleakwind Storm|p1b: Zamazenta|[spread] p1a,p1b\n|-damage|p1a: Fezandipiti|5/100\n|-damage|p1b: Zamazenta|26/100\n|move|p1b: Zamazenta|Body Press|p2a: Kyogre\n|-activate|p2a: Kyogre|move: Protect\n|move|p1a: Fezandipiti|Icy Wind|p2a: Kyogre|[spread] p2b\n|-activate|p2a: Kyogre|move: Protect\n|-supereffective|p2b: Tornadus\n|-damage|p2b: Tornadus|59/100\n|\n|-weather|RainDance|[upkeep]\n|upkeep\n|turn|4\n|\n|t:|1775697391\n|switch|p2a: Gholdengo|Gholdengo, L50|100/100\n|move|p2b: Tornadus|Bleakwind Storm|p1a: Fezandipiti|[spread] p1a,p1b\n|-damage|p1a: Fezandipiti|0 fnt\n|-damage|p1b: Zamazenta|4/100\n|faint|p1a: Fezandipiti\n|move|p1b: Zamazenta|Body Press|p2a: Gholdengo\n|-immune|p2a: Gholdengo\n|\n|-weather|RainDance|[upkeep]\n|-sideend|p1: Luca8|move: Tailwind\n|-sideend|p2: qnnt|move: Tailwind\n|upkeep\n|inactive|Luca8 has 30 seconds left.\n|\n|t:|1775697417\n|switch|p1a: Calyrex|Calyrex-Shadow, L50|100/100\n|-ability|p1a: Calyrex|As One\n|-ability|p1a: Calyrex|Unnerve\n|turn|5\n|\n|t:|1775697427\n|move|p2a: Gholdengo|Protect|p2a: Gholdengo\n|-singleturn|p2a: Gholdengo|Protect\n|move|p1a: Calyrex|Astral Barrage|p2a: Gholdengo|[spread] p2b\n|-activate|p2a: Gholdengo|move: Protect\n|-damage|p2b: Tornadus|0 fnt\n|faint|p2b: Tornadus\n|-ability|p1a: Calyrex|Grim Neigh|boost\n|-boost|p1a: Calyrex|spa|1\n|move|p1b: Zamazenta|Body Press|p2a: Gholdengo\n|-activate|p2a: Gholdengo|move: Protect\n|\n|-weather|RainDance|[upkeep]\n|upkeep\n|\n|t:|1775697442\n|switch|p2b: Araquanid|Araquanid, L50, F|100/100\n|turn|6\n|\n|t:|1775697451\n|move|p2b: Araquanid|Wide Guard|p2b: Araquanid\n|-singleturn|p2b: Araquanid|Wide Guard\n|move|p1a: Calyrex|Encore|p2a: Gholdengo\n|-immune|p2a: Gholdengo|[from] ability: Good as Gold\n|move|p1b: Zamazenta|Iron Defense|p1b: Zamazenta\n|-boost|p1b: Zamazenta|def|2\n|move|p2a: Gholdengo|Shadow Ball|p1a: Calyrex\n|-supereffective|p1a: Calyrex\n|-damage|p1a: Calyrex|0 fnt\n|faint|p1a: Calyrex\n|\n|-weather|none\n|upkeep\n|-message|Luca8 forfeited.\n|\n|win|qnnt\n|raw|Luca8's rating: 1430 &rarr; <strong>1409</strong><br />(-21 for losing)\n|raw|qnnt's rating: 1415 &rarr; <strong>1436</strong><br />(+21 for winning)\n|l|\u2606Luca8\n|player|p1|\n|l|\u2606qnnt\n|player|p2|\n","uploadtime":1775697627,"views":8,"formatid":"gen9vgc2026regi","rating":1409,"private":0,"password":null}