{"id":"gen9vgc2026regi-2589336447","format":"[Gen 9] VGC 2026 Reg I","players":["substtar","Shagrathisbeast"],"log":"|j|\u2606substtar\n|j|\u2606Shagrathisbeast\n|t:|1776715182\n|gametype|doubles\n|player|p1|substtar|169|1383\n|player|p2|Shagrathisbeast|266|1424\n|gen|9\n|tier|[Gen 9] VGC 2026 Reg I\n|rated|\n|rule|Species Clause: Limit one of each Pok\u00e9mon\n|rule|Item Clause: Limit 1 of each item\n|clearpoke\n|poke|p1|Miraidon, L50|\n|poke|p1|Iron Treads, L50|\n|poke|p1|Giratina-Origin, L50|\n|poke|p1|Iron Moth, L50|\n|poke|p1|Frosmoth, L50, M|\n|poke|p1|Farigiraf, L50, M|\n|poke|p2|Calyrex-Shadow, L50|\n|poke|p2|Clefairy, L50, M|\n|poke|p2|Urshifu-*, L50, M|\n|poke|p2|Tornadus, L50, M|\n|poke|p2|Rayquaza, L50|\n|poke|p2|Smeargle, L50, F|\n|teampreview|4\n|inactive|Battle timer is ON: inactive players will automatically lose when time's up. (requested by substtar)\n|inactive|Shagrathisbeast has 60 seconds left.\n|inactive|Shagrathisbeast has 30 seconds left.\n|inactive|Shagrathisbeast has 20 seconds left.\n|inactive|Shagrathisbeast has 15 seconds left.\n|\n|t:|1776715283\n|teamsize|p1|4\n|teamsize|p2|4\n|start\n|switch|p1a: Iron Moth|Iron Moth, L50|100/100\n|switch|p1b: Farigiraf|Farigiraf, L50, M|100/100\n|switch|p2a: Tornadus|Tornadus, L50, M, shiny|100/100\n|switch|p2b: Calyrex|Calyrex-Shadow, L50|100/100\n|-ability|p2b: Calyrex|As One\n|-ability|p2b: Calyrex|Unnerve\n|turn|1\n|\n|t:|1776715308\n|switch|p2b: Clefairy|Clefairy, L50, M|100/100\n|switch|p1b: Miraidon|Miraidon, L50|100/100\n|-fieldstart|move: Electric Terrain|[from] ability: Hadron Engine|[of] p1b: Miraidon\n|-activate|p1a: Iron Moth|ability: Quark Drive\n|-start|p1a: Iron Moth|quarkdrivespe\n|move|p1a: Iron Moth|Struggle Bug|p2a: Tornadus|[spread] p2a,p2b\n|-resisted|p2a: Tornadus\n|-resisted|p2b: Clefairy\n|-damage|p2a: Tornadus|96/100\n|-damage|p2b: Clefairy|95/100\n|-unboost|p2a: Tornadus|spa|1\n|-unboost|p2b: Clefairy|spa|1\n|move|p2a: Tornadus|Bleakwind Storm|p1a: Iron Moth|[spread] p1a,p1b\n|-resisted|p1b: Miraidon\n|-crit|p1b: Miraidon\n|-damage|p1a: Iron Moth|74/100\n|-damage|p1b: Miraidon|76/100\n|-unboost|p1a: Iron Moth|spe|1\n|\n|upkeep\n|turn|2\n|inactive|substtar has 30 seconds left.\n|inactive|Shagrathisbeast has 30 seconds left.\n|inactive|Shagrathisbeast has 20 seconds left.\n|\n|t:|1776715344\n|move|p2b: Clefairy|Follow Me|p2b: Clefairy\n|-singleturn|p2b: Clefairy|move: Follow Me\n|move|p1b: Miraidon|Volt Switch|p2b: Clefairy\n|-damage|p2b: Clefairy|8/100\n|-damage|p1b: Miraidon|66/100|[from] item: Life Orb\n|\n|t:|1776715349\n|switch|p1b: Farigiraf|Farigiraf, L50, M|100/100|[from] Volt Switch\n|-enditem|p1b: Farigiraf|Electric Seed\n|-boost|p1b: Farigiraf|def|1|[from] item: Electric Seed\n|move|p1a: Iron Moth|Meteor Beam||[still]\n|-prepare|p1a: Iron Moth|Meteor Beam\n|-boost|p1a: Iron Moth|spa|1\n|-enditem|p1a: Iron Moth|Power Herb\n|-anim|p1a: Iron Moth|Meteor Beam|p2b: Clefairy\n|-damage|p2b: Clefairy|0 fnt\n|faint|p2b: Clefairy\n|move|p2a: Tornadus|Bleakwind Storm|p1a: Iron Moth|[spread] p1b\n|-miss|p2a: Tornadus|p1a: Iron Moth\n|-damage|p1b: Farigiraf|76/100\n|\n|upkeep\n|\n|t:|1776715363\n|switch|p2b: Urshifu|Urshifu-Rapid-Strike, L50, M|100/100\n|turn|3\n|inactive|substtar has 30 seconds left.\n|inactive|substtar has 20 seconds left.\n|inactive|substtar has 15 seconds left.\n|\n|t:|1776715403\n|-end|p1a: Iron Moth|Quark Drive|[silent]\n|switch|p1a: Miraidon|Miraidon, L50|66/100\n|-activate|p1a: Miraidon|ability: Hadron Engine\n|-terastallize|p2b: Urshifu|Water\n|move|p2a: Tornadus|Rain Dance|p2a: Tornadus\n|-weather|RainDance\n|move|p2b: Urshifu|Surging Strikes|p1b: Farigiraf\n|-crit|p1b: Farigiraf\n|-damage|p1b: Farigiraf|39/100\n|-crit|p1b: Farigiraf\n|-damage|p1b: Farigiraf|0 fnt\n|faint|p1b: Farigiraf\n|-hitcount|p1: Farigiraf|2\n|\n|-weather|RainDance|[upkeep]\n|upkeep\n|\n|t:|1776715416\n|switch|p1b: Frosmoth|Frosmoth, L50, M|100/100\n|turn|4\n|inactive|substtar has 30 seconds left.\n|\n|t:|1776715444\n|-terastallize|p1b: Frosmoth|Dragon\n|move|p2a: Tornadus|Tailwind|p2a: Tornadus\n|-sidestart|p2: Shagrathisbeast|move: Tailwind\n|move|p2b: Urshifu|Surging Strikes|p1b: Frosmoth\n|-resisted|p1b: Frosmoth\n|-crit|p1b: Frosmoth\n|-damage|p1b: Frosmoth|71/100\n|-resisted|p1b: Frosmoth\n|-crit|p1b: Frosmoth\n|-damage|p1b: Frosmoth|41/100\n|-resisted|p1b: Frosmoth\n|-crit|p1b: Frosmoth\n|-damage|p1b: Frosmoth|10/100\n|-hitcount|p1b: Frosmoth|3\n|move|p1a: Miraidon|Volt Switch|p2b: Urshifu\n|-supereffective|p2b: Urshifu\n|-damage|p2b: Urshifu|0 fnt\n|faint|p2b: Urshifu\n|-damage|p1a: Miraidon|56/100|[from] item: Life Orb\n|\n|t:|1776715451\n|switch|p1a: Iron Moth|Iron Moth, L50|74/100|[from] Volt Switch\n|-activate|p1a: Iron Moth|ability: Quark Drive\n|-start|p1a: Iron Moth|quarkdrivespe\n|move|p1b: Frosmoth|Ice Beam|p2a: Tornadus\n|-supereffective|p2a: Tornadus\n|-crit|p2a: Tornadus\n|-damage|p2a: Tornadus|0 fnt\n|faint|p2a: Tornadus\n|\n|-weather|RainDance|[upkeep]\n|upkeep\n|\n|t:|1776715454\n|switch|p2b: Calyrex|Calyrex-Shadow, L50|100/100\n|-ability|p2b: Calyrex|As One\n|-ability|p2b: Calyrex|Unnerve\n|turn|5\n|\n|t:|1776715466\n|move|p1b: Frosmoth|Wide Guard|p1b: Frosmoth\n|-singleturn|p1b: Frosmoth|Wide Guard\n|move|p2b: Calyrex|Psychic|p1a: Iron Moth\n|-supereffective|p1a: Iron Moth\n|-damage|p1a: Iron Moth|0 fnt\n|faint|p1a: Iron Moth\n|-end|p1a: Iron Moth|Quark Drive|[silent]\n|-ability|p2b: Calyrex|Grim Neigh|boost\n|-boost|p2b: Calyrex|spa|1\n|-damage|p2b: Calyrex|91/100|[from] item: Life Orb\n|\n|-weather|RainDance|[upkeep]\n|-fieldend|move: Electric Terrain\n|upkeep\n|\n|t:|1776715470\n|switch|p1a: Miraidon|Miraidon, L50|56/100\n|-fieldstart|move: Electric Terrain|[from] ability: Hadron Engine|[of] p1a: Miraidon\n|turn|6\n|\n|t:|1776715476\n|move|p1a: Miraidon|Protect|p1a: Miraidon\n|-singleturn|p1a: Miraidon|Protect\n|move|p2b: Calyrex|Psychic|p1a: Miraidon\n|-activate|p1a: Miraidon|move: Protect\n|move|p1b: Frosmoth|Ice Beam|p2b: Calyrex\n|-damage|p2b: Calyrex|46/100\n|\n|-weather|RainDance|[upkeep]\n|upkeep\n|turn|7\n|\n|t:|1776715501\n|move|p2b: Calyrex|Psychic|p1a: Miraidon\n|-damage|p1a: Miraidon|0 fnt\n|faint|p1a: Miraidon\n|-ability|p2b: Calyrex|Grim Neigh|boost\n|-boost|p2b: Calyrex|spa|1\n|-damage|p2b: Calyrex|36/100|[from] item: Life Orb\n|move|p1b: Frosmoth|Ice Beam|p2b: Calyrex\n|-damage|p2b: Calyrex|0 fnt\n|faint|p2b: Calyrex\n|\n|win|substtar\n|raw|substtar's rating: 1383 &rarr; <strong>1405</strong><br />(+22 for winning)\n|raw|Shagrathisbeast's rating: 1424 &rarr; <strong>1402</strong><br />(-22 for losing)\n","uploadtime":1776715511,"views":9,"formatid":"gen9vgc2026regi","rating":1402,"private":0,"password":null}