{"id":"gen9vgc2026regi-2560918780","format":"[Gen 9] VGC 2026 Reg I","players":["benniovy","PATRIOTS_VG"],"log":"|j|\u203dbenniovy\n|j|\u2606PATRIOTS_VG\n|t:|1773747346\n|gametype|doubles\n|player|p1|benniovy|psychic-gen4|1482\n|player|p2|PATRIOTS_VG|drayden|1521\n|gen|9\n|tier|[Gen 9] VGC 2026 Reg I\n|rated|\n|rule|Species Clause: Limit one of each Pok\u00e9mon\n|rule|Item Clause: Limit 1 of each item\n|clearpoke\n|poke|p1|Calyrex-Shadow, L50|\n|poke|p1|Koraidon, L50|\n|poke|p1|Incineroar, L50, M|\n|poke|p1|Landorus, L50, M|\n|poke|p1|Brute Bonnet, L50|\n|poke|p1|Raging Bolt, L50|\n|poke|p2|Incineroar, L50, F|\n|poke|p2|Sinistcha-Masterpiece, L50|\n|poke|p2|Miraidon, L50|\n|poke|p2|Terapagos, L50, M|\n|poke|p2|Iron Treads, L50|\n|poke|p2|Urshifu-*, L50, F|\n|teampreview|4\n|\n|t:|1773747381\n|teamsize|p1|4\n|teamsize|p2|4\n|start\n|switch|p1a: Incineroar|Incineroar, L50, M|100/100\n|switch|p1b: Raging Bolt|Raging Bolt, L50|100/100\n|switch|p2a: Miraidon|Miraidon, L50|100/100\n|switch|p2b: Terapagos|Terapagos, L50, M|100/100\n|-activate|p2b: Terapagos|ability: Tera Shift\n|detailschange|p2b: Terapagos|Terapagos-Terastal, L50, M\n|-heal|p2b: Terapagos|100/100|[silent]\n|-fieldstart|move: Electric Terrain|[from] ability: Hadron Engine|[of] p2a: Miraidon\n|-enditem|p2b: Terapagos|Electric Seed\n|-boost|p2b: Terapagos|def|1|[from] item: Electric Seed\n|-ability|p1a: Incineroar|Intimidate|boost\n|-unboost|p2a: Miraidon|atk|1\n|-unboost|p2b: Terapagos|atk|1\n|turn|1\n|\n|t:|1773747408\n|switch|p2a: Incineroar|Incineroar, L50, F|100/100\n|-ability|p2a: Incineroar|Intimidate|boost\n|-unboost|p1a: Incineroar|atk|1\n|-unboost|p1b: Raging Bolt|atk|1\n|move|p2b: Terapagos|Protect|p2b: Terapagos\n|-singleturn|p2b: Terapagos|Protect\n|move|p1a: Incineroar|Fake Out|p2b: Terapagos\n|-activate|p2b: Terapagos|move: Protect\n|move|p1b: Raging Bolt|Volt Switch|p2a: Incineroar\n|-damage|p2a: Incineroar|66/100\n|\n|t:|1773747416\n|-end|p1b: Raging Bolt|Protosynthesis|[silent]\n|switch|p1b: Calyrex|Calyrex-Shadow, L50|100/100|[from] Volt Switch\n|-ability|p1b: Calyrex|As One\n|-ability|p1b: Calyrex|Unnerve\n|\n|upkeep\n|turn|2\n|\n|t:|1773747424\n|move|p2a: Incineroar|Fake Out|p1a: Incineroar\n|-damage|p1a: Incineroar|92/100\n|-damage|p2a: Incineroar|50/100|[from] item: Rocky Helmet|[of] p1a: Incineroar\n|move|p1b: Calyrex|Encore|p2b: Terapagos\n|-start|p2b: Terapagos|Encore\n|move|p2b: Terapagos|Protect||[still]\n|-fail|p2b: Terapagos\n|cant|p1a: Incineroar|flinch\n|\n|upkeep\n|turn|3\n|\n|t:|1773747436\n|switch|p1b: Koraidon|Koraidon, L50|100/100\n|-weather|SunnyDay|[from] ability: Orichalcum Pulse|[of] p1b: Koraidon\n|-activate|p1b: Koraidon|Orichalcum Pulse|[source]\n|switch|p2b: Sinistcha|Sinistcha-Masterpiece, L50|100/100\n|-heal|p2a: Incineroar|74/100|[from] ability: Hospitality|[of] p2b: Sinistcha\n|switch|p2a: Miraidon|Miraidon, L50|100/100\n|-activate|p2a: Miraidon|ability: Hadron Engine\n|move|p1a: Incineroar|Knock Off|p2b: Sinistcha\n|-supereffective|p2b: Sinistcha\n|-damage|p2b: Sinistcha|60/100\n|-enditem|p2b: Sinistcha|Focus Sash|[from] move: Knock Off|[of] p1a: Incineroar\n|\n|-weather|SunnyDay|[upkeep]\n|upkeep\n|turn|4\n|\n|t:|1773747468\n|move|p1b: Koraidon|Protect|p1b: Koraidon\n|-singleturn|p1b: Koraidon|Protect\n|move|p2b: Sinistcha|Rage Powder|p2b: Sinistcha\n|-singleturn|p2b: Sinistcha|move: Rage Powder\n|move|p2a: Miraidon|Draco Meteor|p1b: Koraidon\n|-activate|p1b: Koraidon|move: Protect\n|move|p1a: Incineroar|Parting Shot|p2b: Sinistcha\n|-unboost|p2b: Sinistcha|atk|1\n|-unboost|p2b: Sinistcha|spa|1\n|\n|t:|1773747475\n|switch|p1a: Calyrex|Calyrex-Shadow, L50|100/100|[from] Parting Shot\n|-ability|p1a: Calyrex|As One\n|-ability|p1a: Calyrex|Unnerve\n|\n|-weather|SunnyDay|[upkeep]\n|upkeep\n|turn|5\n|\n|t:|1773747482\n|switch|p1b: Incineroar|Incineroar, L50, M|92/100\n|-ability|p1b: Incineroar|Intimidate|boost\n|-unboost|p2a: Miraidon|atk|1\n|-unboost|p2b: Sinistcha|atk|1\n|switch|p2b: Incineroar|Incineroar, L50, F|74/100\n|-ability|p2b: Incineroar|Intimidate|boost\n|-unboost|p1a: Calyrex|atk|1\n|-unboost|p1b: Incineroar|atk|1\n|move|p2a: Miraidon|Draco Meteor|p1b: Incineroar\n|-damage|p1b: Incineroar|14/100\n|-unboost|p2a: Miraidon|spa|2\n|move|p1a: Calyrex|Astral Barrage|p2b: Incineroar|[spread] p2a,p2b\n|-resisted|p2b: Incineroar\n|-damage|p2a: Miraidon|57/100\n|-damage|p2b: Incineroar|55/100\n|\n|-weather|SunnyDay|[upkeep]\n|-fieldend|move: Electric Terrain\n|upkeep\n|turn|6\n|\n|t:|1773747509\n|-terastallize|p1a: Calyrex|Ghost\n|move|p1b: Incineroar|Helping Hand|p1a: Calyrex\n|-singleturn|p1a: Calyrex|Helping Hand|[of] p1b: Incineroar\n|move|p2b: Incineroar|Fake Out|p1b: Incineroar\n|-damage|p1b: Incineroar|5/100\n|-damage|p2b: Incineroar|39/100|[from] item: Rocky Helmet|[of] p1b: Incineroar\n|move|p2a: Miraidon|Draco Meteor|p1a: Calyrex\n|-damage|p1a: Calyrex|63/100\n|-unboost|p2a: Miraidon|spa|2\n|move|p1a: Calyrex|Astral Barrage|p2b: Incineroar|[spread] p2a,p2b\n|-resisted|p2b: Incineroar\n|-damage|p2a: Miraidon|0 fnt\n|-damage|p2b: Incineroar|6/100\n|faint|p2a: Miraidon\n|-ability|p1a: Calyrex|Grim Neigh|boost\n|-boost|p1a: Calyrex|spa|1\n|\n|-weather|SunnyDay|[upkeep]\n|upkeep\n|\n|t:|1773747522\n|switch|p2a: Terapagos|Terapagos-Terastal, L50, M|100/100\n|turn|7\n|-message|PATRIOTS_VG forfeited.\n|\n|win|benniovy\n|raw|benniovy's rating: 1482 &rarr; <strong>1504</strong><br />(+22 for winning)\n|raw|PATRIOTS_VG's rating: 1521 &rarr; <strong>1499</strong><br />(-22 for losing)\n|l|\u2606PATRIOTS_VG\n|player|p2|\n|l|\u203dbenniovy\n|player|p1|\n","uploadtime":1773747722,"views":21,"formatid":"gen9vgc2026regi","rating":1499,"private":0,"password":null}