{"id":"gen9vgc2026regi-2586955682","format":"[Gen 9] VGC 2026 Reg I","players":["clessvgc","bakuhatsu"],"log":"|j|\u2606clessvgc\n|j|\u2606bakuhatsu\n|t:|1776475373\n|gametype|doubles\n|player|p1|clessvgc|proton|1346\n|player|p2|bakuhatsu|102|1387\n|gen|9\n|tier|[Gen 9] VGC 2026 Reg I\n|rated|\n|rule|Species Clause: Limit one of each Pok\u00e9mon\n|rule|Item Clause: Limit 1 of each item\n|clearpoke\n|poke|p1|Grimmsnarl, L50, M|\n|poke|p1|Landorus-Therian, L50, M|\n|poke|p1|Weezing-Galar, L50, M|\n|poke|p1|Calyrex-Shadow, L50|\n|poke|p1|Rayquaza, L50|\n|poke|p1|Typhlosion-Hisui, L50, F|\n|poke|p2|Miraidon, L50|\n|poke|p2|Calyrex-Ice, L50|\n|poke|p2|Urshifu-*, L50, F|\n|poke|p2|Ursaluna, L50, F|\n|poke|p2|Incineroar, L50, F|\n|poke|p2|Farigiraf, L50, M|\n|teampreview|4\n|inactive|Battle timer is ON: inactive players will automatically lose when time's up. (requested by clessvgc)\n|inactive|clessvgc has 60 seconds left.\n|\n|t:|1776475422\n|teamsize|p1|4\n|teamsize|p2|4\n|start\n|switch|p1a: Weezing|Weezing-Galar, L50, M|100/100\n|switch|p1b: Landorus|Landorus-Therian, L50, M|100/100\n|switch|p2a: Miraidon|Miraidon, L50|100/100\n|switch|p2b: Incineroar|Incineroar, L50, F|100/100\n|-ability|p1a: Weezing|Neutralizing Gas\n|-block|p1b: Landorus|item: Ability Shield\n|-ability|p1b: Landorus|Intimidate|boost\n|-unboost|p2a: Miraidon|atk|1\n|-unboost|p2b: Incineroar|atk|1\n|turn|1\n|\n|t:|1776475433\n|switch|p1b: Calyrex|Calyrex-Shadow, L50|100/100\n|-ability|p1b: Calyrex|As One\n|-ability|p1b: Calyrex|Unnerve\n|move|p1a: Weezing|Protect|p1a: Weezing\n|-singleturn|p1a: Weezing|Protect\n|move|p2b: Incineroar|Fake Out|p1b: Calyrex\n|-immune|p1b: Calyrex\n|move|p2a: Miraidon|Electro Drift|p1a: Weezing\n|-activate|p1a: Weezing|move: Protect\n|\n|upkeep\n|turn|2\n|\n|t:|1776475447\n|-end|p1a: Weezing|ability: Neutralizing Gas\n|-fieldstart|move: Electric Terrain|[from] ability: Hadron Engine|[of] p2a: Miraidon\n|-ability|p2b: Incineroar|Intimidate|boost\n|-unboost|p1a: Weezing|atk|1\n|-unboost|p1b: Calyrex|atk|1\n|switch|p1a: Landorus|Landorus-Therian, L50, M|100/100\n|-ability|p1a: Landorus|Intimidate|boost\n|-unboost|p2a: Miraidon|atk|1\n|-unboost|p2b: Incineroar|atk|1\n|move|p1b: Calyrex|Encore|p2b: Incineroar\n|-start|p2b: Incineroar|Encore\n|move|p2a: Miraidon|Snarl|p1a: Landorus|[spread] p1a,p1b\n|-supereffective|p1b: Calyrex\n|-damage|p1a: Landorus|70/100\n|-damage|p1b: Calyrex|16/100\n|-unboost|p1a: Landorus|spa|1\n|-unboost|p1b: Calyrex|spa|1\n|move|p2b: Incineroar|Fake Out||[still]\n|-hint|Fake Out only works on your first turn out.\n|-fail|p2b: Incineroar\n|\n|upkeep\n|turn|3\n|\n|t:|1776475467\n|switch|p2b: Farigiraf|Farigiraf, L50, M|100/100\n|-terastallize|p2a: Miraidon|Fairy\n|move|p1b: Calyrex|Encore|p2a: Miraidon\n|-start|p2a: Miraidon|Encore\n|move|p1a: Landorus|Stomping Tantrum|p2a: Miraidon\n|-damage|p2a: Miraidon|66/100\n|move|p2a: Miraidon|Snarl|p1a: Landorus|[spread] p1a,p1b\n|-supereffective|p1b: Calyrex\n|-damage|p1a: Landorus|40/100\n|-damage|p1b: Calyrex|0 fnt\n|-unboost|p1a: Landorus|spa|1\n|faint|p1b: Calyrex\n|\n|upkeep\n|\n|t:|1776475471\n|switch|p1b: Weezing|Weezing-Galar, L50, M|100/100\n|-ability|p1b: Weezing|Neutralizing Gas\n|-block|p1a: Landorus|item: Ability Shield\n|turn|4\n|\n|t:|1776475489\n|switch|p2a: Incineroar|Incineroar, L50, F|100/100\n|move|p1a: Landorus|U-turn|p2b: Farigiraf\n|-supereffective|p2b: Farigiraf\n|-damage|p2b: Farigiraf|48/100\n|\n|t:|1776475492\n|switch|p1a: Rayquaza|Rayquaza, L50|100/100|[from] U-turn\n|move|p1b: Weezing|Sludge Bomb|p2a: Incineroar\n|-damage|p2a: Incineroar|81/100\n|move|p2b: Farigiraf|Hyper Voice|p1a: Rayquaza|[spread] p1a,p1b\n|-damage|p1a: Rayquaza|75/100\n|-damage|p1b: Weezing|74/100\n|-enditem|p2b: Farigiraf|Throat Spray\n|-boost|p2b: Farigiraf|spa|1|[from] item: Throat Spray\n|\n|upkeep\n|turn|5\n|\n|t:|1776475513\n|move|p1a: Rayquaza|Swords Dance|p1a: Rayquaza\n|-boost|p1a: Rayquaza|atk|2\n|move|p1b: Weezing|Taunt|p2b: Farigiraf\n|-start|p2b: Farigiraf|move: Taunt\n|move|p2a: Incineroar|Knock Off|p1a: Rayquaza\n|-damage|p1a: Rayquaza|41/100\n|-enditem|p1a: Rayquaza|Covert Cloak|[from] move: Knock Off|[of] p2a: Incineroar\n|move|p2b: Farigiraf|Psychic|p1b: Weezing\n|-supereffective|p1b: Weezing\n|-damage|p1b: Weezing|0 fnt\n|faint|p1b: Weezing\n|-end|p1b: Weezing|ability: Neutralizing Gas\n|-ability|p2a: Incineroar|Intimidate|boost\n|-unboost|p1a: Rayquaza|atk|1\n|\n|upkeep\n|\n|t:|1776475517\n|switch|p1b: Landorus|Landorus-Therian, L50, M|40/100\n|-ability|p1b: Landorus|Intimidate|boost\n|-unboost|p2a: Incineroar|atk|1\n|-unboost|p2b: Farigiraf|atk|1\n|turn|6\n|\n|t:|1776475532\n|switch|p2a: Miraidon|Miraidon, L50, tera:Fairy|66/100\n|-activate|p2a: Miraidon|ability: Hadron Engine\n|move|p1b: Landorus|Stomping Tantrum|p2a: Miraidon\n|-damage|p2a: Miraidon|32/100\n|move|p1a: Rayquaza|Dragon Ascent|p2b: Farigiraf\n|-damage|p2b: Farigiraf|0 fnt\n|-unboost|p1a: Rayquaza|def|1\n|-unboost|p1a: Rayquaza|spd|1\n|faint|p2b: Farigiraf\n|\n|-fieldend|move: Electric Terrain\n|upkeep\n|\n|t:|1776475542\n|switch|p2b: Incineroar|Incineroar, L50, F|81/100\n|-ability|p2b: Incineroar|Intimidate|boost\n|-unboost|p1a: Rayquaza|atk|1\n|-unboost|p1b: Landorus|atk|1\n|turn|7\n|inactive|clessvgc has 30 seconds left.\n|\n|t:|1776475568\n|-terastallize|p1a: Rayquaza|Normal\n|move|p2b: Incineroar|Fake Out|p1b: Landorus\n|-damage|p1b: Landorus|28/100\n|move|p1a: Rayquaza|Extreme Speed|p2a: Miraidon\n|-damage|p2a: Miraidon|0 fnt\n|faint|p2a: Miraidon\n|cant|p1b: Landorus|flinch\n|\n|upkeep\n|\n|t:|1776475574\n|switch|p2a: Calyrex|Calyrex-Ice, L50|100/100\n|-ability|p2a: Calyrex|As One\n|-ability|p2a: Calyrex|Unnerve\n|turn|8\n|\n|t:|1776475585\n|move|p1b: Landorus|Rock Slide|p2b: Incineroar|[spread] p2a,p2b\n|-supereffective|p2a: Calyrex\n|-supereffective|p2b: Incineroar\n|-damage|p2a: Calyrex|86/100\n|-damage|p2b: Incineroar|55/100\n|move|p1a: Rayquaza|Swords Dance|p1a: Rayquaza\n|-boost|p1a: Rayquaza|atk|2\n|cant|p2b: Incineroar|flinch\n|cant|p2a: Calyrex|flinch\n|\n|-heal|p2a: Calyrex|92/100|[from] item: Leftovers\n|upkeep\n|turn|9\n|\n|t:|1776475602\n|move|p1b: Landorus|Rock Slide|p2a: Calyrex|[spread] p2a,p2b\n|-supereffective|p2a: Calyrex\n|-supereffective|p2b: Incineroar\n|-damage|p2a: Calyrex|76/100\n|-damage|p2b: Incineroar|26/100\n|move|p1a: Rayquaza|Dragon Ascent|p2b: Incineroar\n|-damage|p2b: Incineroar|0 fnt\n|-unboost|p1a: Rayquaza|def|1\n|-unboost|p1a: Rayquaza|spd|1\n|-damage|p1a: Rayquaza|25/100|[from] item: Rocky Helmet|[of] p2b: Incineroar\n|faint|p2b: Incineroar\n|move|p2a: Calyrex|Glacial Lance|p1a: Rayquaza|[spread] p1a,p1b\n|-supereffective|p1b: Landorus\n|-damage|p1a: Rayquaza|0 fnt\n|-damage|p1b: Landorus|0 fnt\n|faint|p1a: Rayquaza\n|faint|p1b: Landorus\n|\n|win|bakuhatsu\n|raw|clessvgc's rating: 1346 &rarr; <strong>1328</strong><br />(-18 for losing)\n|raw|bakuhatsu's rating: 1387 &rarr; <strong>1405</strong><br />(+18 for winning)\n|l|\u2606clessvgc\n|player|p1|\n|l|\u2606bakuhatsu\n|player|p2|\n","uploadtime":1776475780,"views":10,"formatid":"gen9vgc2026regi","rating":1328,"private":0,"password":null}