{"id":"gen9vgc2026regi-2552790800","format":"[Gen 9] VGC 2026 Reg I","players":["Simon0123","handsomebabyboy"],"log":"|j|\u2606Simon0123\n|j|\u2606handsomebabyboy\n|t:|1772753929\n|gametype|doubles\n|player|p1|Simon0123|benga|1308\n|player|p2|handsomebabyboy|266|1349\n|gen|9\n|tier|[Gen 9] VGC 2026 Reg I\n|rated|\n|rule|Species Clause: Limit one of each Pok\u00e9mon\n|rule|Item Clause: Limit 1 of each item\n|clearpoke\n|poke|p1|Miraidon, L50|\n|poke|p1|Iron Bundle, L50|\n|poke|p1|Iron Hands, L50|\n|poke|p1|Chi-Yu, L50|\n|poke|p1|Tornadus, L50, M|\n|poke|p1|Ogerpon-Wellspring, L50, F|\n|poke|p2|Rayquaza, L50|\n|poke|p2|Zacian-*, L50|\n|poke|p2|Hitmontop, L50, M|\n|poke|p2|Amoonguss, L50, M|\n|poke|p2|Chien-Pao, L50|\n|poke|p2|Iron Bundle, L50|\n|teampreview|4\n|inactive|Battle timer is ON: inactive players will automatically lose when time's up. (requested by handsomebabyboy)\n|inactive|Simon0123 also wants the timer to be on.\n|inactive|Simon0123 has 60 seconds left.\n|inactive|handsomebabyboy has 60 seconds left.\n|inactive|handsomebabyboy has 30 seconds left.\n|inactive|handsomebabyboy has 20 seconds left.\n|\n|t:|1772754001\n|teamsize|p1|4\n|teamsize|p2|4\n|start\n|switch|p1a: Iron Bundle|Iron Bundle, L50|100/100\n|switch|p1b: Iron Hands|Iron Hands, L50|100/100\n|switch|p2a: Hitmontop|Hitmontop, L50, M|100/100\n|switch|p2b: Zacian|Zacian-Crowned, L50|100/100\n|-ability|p2b: Zacian|Intrepid Sword|boost\n|-boost|p2b: Zacian|atk|1\n|-ability|p2a: Hitmontop|Intimidate|boost\n|-unboost|p1a: Iron Bundle|atk|1\n|-unboost|p1b: Iron Hands|atk|1\n|-enditem|p1a: Iron Bundle|Booster Energy\n|-activate|p1a: Iron Bundle|ability: Quark Drive|[fromitem]\n|-start|p1a: Iron Bundle|quarkdrivespe\n|turn|1\n|\n|t:|1772754016\n|move|p2a: Hitmontop|Fake Out|p1b: Iron Hands\n|-damage|p1b: Iron Hands|94/100\n|cant|p1b: Iron Hands|flinch\n|move|p1a: Iron Bundle|Icy Wind|p2b: Zacian|[spread] p2a,p2b\n|-resisted|p2b: Zacian\n|-damage|p2a: Hitmontop|79/100\n|-damage|p2b: Zacian|90/100\n|-unboost|p2a: Hitmontop|spe|1\n|-unboost|p2b: Zacian|spe|1\n|move|p2b: Zacian|Behemoth Blade|p1a: Iron Bundle\n|-crit|p1a: Iron Bundle\n|-damage|p1a: Iron Bundle|0 fnt\n|faint|p1a: Iron Bundle\n|-end|p1a: Iron Bundle|Quark Drive|[silent]\n|\n|upkeep\n|inactive|Simon0123 has 30 seconds left.\n|\n|t:|1772754044\n|switch|p1a: Chi-Yu|Chi-Yu, L50|100/100\n|-ability|p1a: Chi-Yu|Beads of Ruin\n|turn|2\n|inactive|handsomebabyboy has 30 seconds left.\n|\n|t:|1772754078\n|-end|p1b: Iron Hands|Quark Drive|[silent]\n|switch|p1b: Miraidon|Miraidon, L50|100/100\n|-fieldstart|move: Electric Terrain|[from] ability: Hadron Engine|[of] p1b: Miraidon\n|move|p2a: Hitmontop|Wide Guard|p2a: Hitmontop\n|-singleturn|p2a: Hitmontop|Wide Guard\n|move|p1a: Chi-Yu|Heat Wave|p2a: Hitmontop|[spread] \n|-activate|p2a: Hitmontop|move: Wide Guard\n|-activate|p2b: Zacian|move: Wide Guard\n|move|p2b: Zacian|Sacred Sword|p1a: Chi-Yu\n|-supereffective|p1a: Chi-Yu\n|-enditem|p1a: Chi-Yu|Focus Sash\n|-damage|p1a: Chi-Yu|1/100\n|\n|upkeep\n|turn|3\n|inactive|Simon0123 has 30 seconds left.\n|\n|t:|1772754109\n|-terastallize|p1b: Miraidon|Electric\n|move|p2b: Zacian|Protect|p2b: Zacian\n|-singleturn|p2b: Zacian|Protect\n|move|p1b: Miraidon|Electro Drift|p2b: Zacian\n|-activate|p2b: Zacian|move: Protect\n|move|p1a: Chi-Yu|Heat Wave|p2b: Zacian|[spread] p2a\n|-activate|p2b: Zacian|move: Protect\n|-damage|p2a: Hitmontop|27/100\n|-status|p2a: Hitmontop|brn\n|move|p2a: Hitmontop|Ice Spinner|p1a: Chi-Yu\n|-resisted|p1a: Chi-Yu\n|-damage|p1a: Chi-Yu|0 fnt\n|-fieldend|move: Electric Terrain\n|faint|p1a: Chi-Yu\n|\n|-damage|p2a: Hitmontop|22/100 brn|[from] brn\n|upkeep\n|\n|t:|1772754118\n|switch|p1a: Iron Hands|Iron Hands, L50|94/100\n|turn|4\n|\n|t:|1772754138\n|switch|p2b: Rayquaza|Rayquaza, L50, shiny|100/100\n|-ability|p2b: Rayquaza|Air Lock\n|move|p1a: Iron Hands|Fake Out|p2b: Rayquaza\n|-damage|p2b: Rayquaza|88/100\n|move|p1b: Miraidon|Electro Drift|p2b: Rayquaza\n|-damage|p2b: Rayquaza|0 fnt\n|faint|p2b: Rayquaza\n|move|p2a: Hitmontop|Close Combat|p1b: Miraidon\n|-damage|p1b: Miraidon|81/100\n|-unboost|p2a: Hitmontop|def|1\n|-unboost|p2a: Hitmontop|spd|1\n|\n|-damage|p2a: Hitmontop|16/100 brn|[from] brn\n|upkeep\n|\n|t:|1772754159\n|switch|p2b: Zacian|Zacian-Crowned, L50|90/100\n|turn|5\n|\n|t:|1772754174\n|move|p2b: Zacian|Protect|p2b: Zacian\n|-singleturn|p2b: Zacian|Protect\n|move|p1b: Miraidon|Electro Drift|p2b: Zacian\n|-activate|p2b: Zacian|move: Protect\n|move|p1a: Iron Hands|Drain Punch|p2b: Zacian\n|-activate|p2b: Zacian|move: Protect\n|move|p2a: Hitmontop|Close Combat|p1b: Miraidon\n|-damage|p1b: Miraidon|61/100\n|-unboost|p2a: Hitmontop|def|1\n|-unboost|p2a: Hitmontop|spd|1\n|\n|-damage|p2a: Hitmontop|10/100 brn|[from] brn\n|upkeep\n|turn|6\n|inactive|handsomebabyboy has 30 seconds left.\n|\n|t:|1772754205\n|switch|p2a: Chien-Pao|Chien-Pao, L50|100/100\n|-ability|p2a: Chien-Pao|Sword of Ruin\n|move|p2b: Zacian|Behemoth Blade|p1b: Miraidon\n|-resisted|p1b: Miraidon\n|-damage|p1b: Miraidon|23/100\n|move|p1b: Miraidon|Electro Drift|p2b: Zacian\n|-damage|p2b: Zacian|0 fnt\n|faint|p2b: Zacian\n|move|p1a: Iron Hands|Drain Punch|p2a: Chien-Pao\n|-supereffective|p2a: Chien-Pao\n|-enditem|p2a: Chien-Pao|Focus Sash\n|-damage|p2a: Chien-Pao|1/100\n|-heal|p1a: Iron Hands|100/100|[from] drain|[of] p2a: Chien-Pao\n|\n|upkeep\n|\n|t:|1772754212\n|switch|p2b: Hitmontop|Hitmontop, L50, M|10/100 brn\n|-ability|p2b: Hitmontop|Intimidate|boost\n|-unboost|p1a: Iron Hands|atk|1\n|-unboost|p1b: Miraidon|atk|1\n|turn|7\n|-message|handsomebabyboy forfeited.\n|\n|win|Simon0123\n|raw|Simon0123's rating: 1308 &rarr; <strong>1330</strong><br />(+22 for winning)\n|raw|handsomebabyboy's rating: 1349 &rarr; <strong>1327</strong><br />(-22 for losing)\n|l|\u2606handsomebabyboy\n|player|p2|\n|l|\u2606Simon0123\n|player|p1|\n","uploadtime":1772754390,"views":14,"formatid":"gen9vgc2026regi","rating":1327,"private":0,"password":null}