{"id":"gen9vgc2026regi-2534702243","format":"[Gen 9] VGC 2026 Reg I","players":["yamato-tak","Pacek_Panamav2"],"log":"|j|\u2606yamato-tak\n|j|\u2606Pacek_Panamav2\n|t:|1770464346\n|gametype|doubles\n|player|p1|yamato-tak|1|1467\n|player|p2|Pacek_Panamav2|hiker-gen4|1394\n|gen|9\n|tier|[Gen 9] VGC 2026 Reg I\n|rated|\n|rule|Species Clause: Limit one of each Pok\u00e9mon\n|rule|Item Clause: Limit 1 of each item\n|clearpoke\n|poke|p1|Miraidon, L50|\n|poke|p1|Calyrex-Ice, L50|\n|poke|p1|Volcarona, L50, F|\n|poke|p1|Araquanid, L50, F|\n|poke|p1|Grimmsnarl, L50, M|\n|poke|p1|Rillaboom, L50, M|\n|poke|p2|Dialga-Origin, L50|\n|poke|p2|Lunala, L50|\n|poke|p2|Whimsicott, L50, F|\n|poke|p2|Indeedee-F, L50, F|\n|poke|p2|Ursaluna, L50, M|\n|poke|p2|Incineroar, L50, M|\n|teampreview|4\n|inactive|Battle timer is ON: inactive players will automatically lose when time's up. (requested by yamato-tak)\n|inactive|yamato-tak has 60 seconds left.\n|\n|t:|1770464378\n|teamsize|p1|4\n|teamsize|p2|4\n|start\n|switch|p1a: Grimmsnarl|Grimmsnarl, L50, M, shiny|100/100\n|switch|p1b: Calyrex|Calyrex-Ice, L50|100/100\n|switch|p2a: Lunala|Lunala, L50|100/100\n|switch|p2b: Whimsicott|Whimsicott, L50, F|100/100\n|-ability|p1b: Calyrex|As One\n|-ability|p1b: Calyrex|Unnerve\n|turn|1\n|\n|t:|1770464403\n|switch|p2b: Incineroar|Incineroar, L50, M|100/100\n|-ability|p2b: Incineroar|Intimidate|boost\n|-unboost|p1a: Grimmsnarl|atk|1\n|-fail|p1b: Calyrex|unboost|[from] item: Clear Amulet|[of] p1b: Calyrex\n|-terastallize|p1b: Calyrex|Fairy\n|move|p1a: Grimmsnarl|Fake Out|p2b: Incineroar\n|-damage|p2b: Incineroar|95/100\n|move|p2a: Lunala|Meteor Beam||[still]\n|-prepare|p2a: Lunala|Meteor Beam\n|-boost|p2a: Lunala|spa|1\n|-enditem|p2a: Lunala|Power Herb\n|-anim|p2a: Lunala|Meteor Beam|p1b: Calyrex\n|-damage|p1b: Calyrex|59/100\n|move|p1b: Calyrex|Glacial Lance|p2b: Incineroar|[spread] p2a,p2b\n|-resisted|p2b: Incineroar\n|-damage|p2a: Lunala|81/100\n|-damage|p2b: Incineroar|72/100\n|\n|upkeep\n|turn|2\n|inactive|Pacek_Panamav2 has 30 seconds left.\n|inactive|yamato-tak has 30 seconds left.\n|inactive|Pacek_Panamav2 has 20 seconds left.\n|\n|t:|1770464442\n|-terastallize|p2a: Lunala|Water\n|move|p1a: Grimmsnarl|Light Screen|p1a: Grimmsnarl\n|-sidestart|p1: yamato-tak|move: Light Screen\n|move|p2a: Lunala|Moongeist Beam|p1a: Grimmsnarl\n|-resisted|p1a: Grimmsnarl\n|-damage|p1a: Grimmsnarl|75/100\n|move|p2b: Incineroar|U-turn|p1a: Grimmsnarl\n|-crit|p1a: Grimmsnarl\n|-damage|p1a: Grimmsnarl|46/100\n|\n|t:|1770464450\n|switch|p2b: Dialga|Dialga-Origin, L50|100/100|[from] U-turn\n|move|p1b: Calyrex|Leech Seed|p2a: Lunala\n|-start|p2a: Lunala|move: Leech Seed\n|\n|-damage|p2a: Lunala|69/100|[from] Leech Seed|[of] p1b: Calyrex\n|-heal|p1b: Calyrex|73/100|[silent]\n|upkeep\n|turn|3\n|\n|t:|1770464469\n|switch|p2a: Incineroar|Incineroar, L50, M|72/100\n|-ability|p2a: Incineroar|Intimidate|boost\n|-unboost|p1a: Grimmsnarl|atk|1\n|-fail|p1b: Calyrex|unboost|[from] item: Clear Amulet|[of] p1b: Calyrex\n|switch|p1b: Miraidon|Miraidon, L50, shiny|100/100\n|-fieldstart|move: Electric Terrain|[from] ability: Hadron Engine|[of] p1b: Miraidon\n|move|p1a: Grimmsnarl|Parting Shot|p2b: Dialga\n|-unboost|p2b: Dialga|atk|1\n|-unboost|p2b: Dialga|spa|1\n|\n|t:|1770464482\n|switch|p1a: Araquanid|Araquanid, L50, F, shiny|100/100|[from] Parting Shot\n|move|p2b: Dialga|Flash Cannon|p1a: Araquanid\n|-resisted|p1a: Araquanid\n|-damage|p1a: Araquanid|90/100\n|\n|upkeep\n|turn|4\n|inactive|Pacek_Panamav2 has 30 seconds left.\n|\n|t:|1770464515\n|switch|p2a: Whimsicott|Whimsicott, L50, F|100/100\n|move|p1b: Miraidon|Calm Mind|p1b: Miraidon\n|-boost|p1b: Miraidon|spa|1\n|-boost|p1b: Miraidon|spd|1\n|move|p2b: Dialga|Flash Cannon|p1b: Miraidon\n|-resisted|p1b: Miraidon\n|-damage|p1b: Miraidon|94/100\n|move|p1a: Araquanid|Liquidation|p2a: Whimsicott\n|-resisted|p2a: Whimsicott\n|-damage|p2a: Whimsicott|50/100\n|\n|upkeep\n|turn|5\n|\n|t:|1770464538\n|switch|p1b: Grimmsnarl|Grimmsnarl, L50, M, shiny|46/100\n|switch|p2b: Lunala|Lunala, L50, tera:Water|69/100\n|move|p2a: Whimsicott|Encore|p1b: Grimmsnarl\n|-hint|Since gen 7, Dark is immune to Prankster moves.\n|-immune|p1b: Grimmsnarl\n|move|p1a: Araquanid|Liquidation|p2b: Lunala\n|-resisted|p2b: Lunala\n|-damage|p2b: Lunala|44/100\n|\n|upkeep\n|turn|6\n|inactive|yamato-tak has 30 seconds left.\n|\n|t:|1770464565\n|move|p1b: Grimmsnarl|Parting Shot|p2b: Lunala\n|-unboost|p2b: Lunala|atk|1\n|-unboost|p2b: Lunala|spa|1\n|\n|t:|1770464567\n|switch|p1b: Calyrex|Calyrex-Ice, L50, tera:Fairy|73/100|[from] Parting Shot\n|-ability|p1b: Calyrex|As One\n|-ability|p1b: Calyrex|Unnerve\n|move|p2a: Whimsicott|Endeavor|p1a: Araquanid\n|-damage|p1a: Araquanid|39/100\n|-damage|p2a: Whimsicott|34/100|[from] item: Rocky Helmet|[of] p1a: Araquanid\n|move|p2b: Lunala|Moongeist Beam|p1a: Araquanid\n|-damage|p1a: Araquanid|18/100\n|move|p1a: Araquanid|Leech Life|p2a: Whimsicott\n|-damage|p2a: Whimsicott|0 fnt\n|-heal|p1a: Araquanid|31/100|[from] drain|[of] p2a: Whimsicott\n|faint|p2a: Whimsicott\n|\n|upkeep\n|\n|t:|1770464585\n|switch|p2a: Dialga|Dialga-Origin, L50|100/100\n|turn|7\n|\n|t:|1770464599\n|switch|p2b: Incineroar|Incineroar, L50, M|72/100\n|-ability|p2b: Incineroar|Intimidate|boost\n|-unboost|p1a: Araquanid|atk|1\n|-fail|p1b: Calyrex|unboost|[from] item: Clear Amulet|[of] p1b: Calyrex\n|switch|p1a: Grimmsnarl|Grimmsnarl, L50, M, shiny|46/100\n|move|p2a: Dialga|Flash Cannon|p1b: Calyrex\n|-supereffective|p1b: Calyrex\n|-damage|p1b: Calyrex|29/100\n|move|p1b: Calyrex|Leech Seed|p2b: Incineroar\n|-start|p2b: Incineroar|move: Leech Seed\n|\n|-damage|p2b: Incineroar|60/100|[from] Leech Seed|[of] p1b: Calyrex\n|-heal|p1b: Calyrex|41/100|[silent]\n|-fieldend|move: Electric Terrain\n|upkeep\n|turn|8\n|\n|t:|1770464615\n|switch|p2b: Lunala|Lunala, L50, tera:Water|44/100\n|move|p1b: Calyrex|Protect|p1b: Calyrex\n|-singleturn|p1b: Calyrex|Protect\n|move|p1a: Grimmsnarl|Fake Out|p2a: Dialga\n|-resisted|p2a: Dialga\n|-damage|p2a: Dialga|97/100\n|cant|p2a: Dialga|flinch\n|\n|upkeep\n|turn|9\n|\n|t:|1770464632\n|switch|p1b: Miraidon|Miraidon, L50, shiny|94/100\n|-fieldstart|move: Electric Terrain|[from] ability: Hadron Engine|[of] p1b: Miraidon\n|move|p1a: Grimmsnarl|Parting Shot|p2a: Dialga\n|-unboost|p2a: Dialga|atk|1\n|-unboost|p2a: Dialga|spa|1\n|\n|t:|1770464642\n|switch|p1a: Calyrex|Calyrex-Ice, L50, tera:Fairy|41/100|[from] Parting Shot\n|-ability|p1a: Calyrex|As One\n|-ability|p1a: Calyrex|Unnerve\n|move|p2b: Lunala|Moongeist Beam|p1b: Miraidon\n|-damage|p1b: Miraidon|67/100\n|move|p2a: Dialga|Flash Cannon|p1a: Calyrex\n|-supereffective|p1a: Calyrex\n|-damage|p1a: Calyrex|10/100\n|\n|-sideend|p1: yamato-tak|move: Light Screen\n|upkeep\n|turn|10\n|\n|t:|1770464661\n|switch|p2b: Incineroar|Incineroar, L50, M|60/100\n|-ability|p2b: Incineroar|Intimidate|boost\n|-fail|p1a: Calyrex|unboost|[from] item: Clear Amulet|[of] p1a: Calyrex\n|-unboost|p1b: Miraidon|atk|1\n|move|p1b: Miraidon|Parabolic Charge|p2b: Incineroar|[spread] p1a,p2a,p2b\n|-resisted|p2a: Dialga\n|-crit|p2a: Dialga\n|-damage|p1a: Calyrex|0 fnt\n|-heal|p1b: Miraidon|71/100|[from] drain|[of] p1a: Calyrex\n|-damage|p2a: Dialga|77/100\n|-heal|p1b: Miraidon|81/100|[from] drain|[of] p2a: Dialga\n|-damage|p2b: Incineroar|38/100\n|-heal|p1b: Miraidon|92/100|[from] drain|[of] p2b: Incineroar\n|faint|p1a: Calyrex\n|move|p2a: Dialga|Flash Cannon|p1b: Miraidon\n|-resisted|p1b: Miraidon\n|-damage|p1b: Miraidon|78/100\n|\n|upkeep\n|\n|t:|1770464668\n|switch|p1a: Grimmsnarl|Grimmsnarl, L50, M, shiny|46/100\n|turn|11\n|\n|t:|1770464686\n|move|p1a: Grimmsnarl|Fake Out|p2b: Incineroar\n|-damage|p2b: Incineroar|29/100\n|cant|p2b: Incineroar|flinch\n|move|p1b: Miraidon|Calm Mind|p1b: Miraidon\n|-boost|p1b: Miraidon|spa|1\n|-boost|p1b: Miraidon|spd|1\n|move|p2a: Dialga|Dragon Pulse|p1b: Miraidon\n|-supereffective|p1b: Miraidon\n|-damage|p1b: Miraidon|31/100\n|\n|upkeep\n|turn|12\n|\n|t:|1770464701\n|move|p1a: Grimmsnarl|Light Screen|p1a: Grimmsnarl\n|-sidestart|p1: yamato-tak|move: Light Screen\n|move|p1b: Miraidon|Parabolic Charge|p2a: Dialga|[spread] p1a,p2a,p2b\n|-resisted|p2a: Dialga\n|-damage|p1a: Grimmsnarl|11/100\n|-heal|p1b: Miraidon|48/100|[from] drain|[of] p1a: Grimmsnarl\n|-damage|p2a: Dialga|55/100\n|-heal|p1b: Miraidon|59/100|[from] drain|[of] p2a: Dialga\n|-damage|p2b: Incineroar|0 fnt\n|-heal|p1b: Miraidon|73/100|[from] drain|[of] p2b: Incineroar\n|faint|p2b: Incineroar\n|move|p2a: Dialga|Flash Cannon|p1a: Grimmsnarl\n|-supereffective|p1a: Grimmsnarl\n|-damage|p1a: Grimmsnarl|0 fnt\n|faint|p1a: Grimmsnarl\n|\n|upkeep\n|\n|t:|1770464714\n|switch|p1a: Araquanid|Araquanid, L50, F, shiny|31/100\n|switch|p2b: Lunala|Lunala, L50, tera:Water|44/100\n|turn|13\n|\n|t:|1770464731\n|move|p2b: Lunala|Wide Guard|p2b: Lunala\n|-singleturn|p2b: Lunala|Wide Guard\n|move|p1b: Miraidon|Electro Drift|p2b: Lunala\n|-supereffective|p2b: Lunala\n|-damage|p2b: Lunala|0 fnt\n|faint|p2b: Lunala\n|move|p2a: Dialga|Dragon Pulse|p1a: Araquanid\n|-damage|p1a: Araquanid|7/100\n|move|p1a: Araquanid|Liquidation|p2a: Dialga\n|-resisted|p2a: Dialga\n|-damage|p2a: Dialga|31/100\n|\n|-fieldend|move: Electric Terrain\n|upkeep\n|turn|14\n|-message|Pacek_Panamav2 forfeited.\n|\n|win|yamato-tak\n|raw|yamato-tak's rating: 1467 &rarr; <strong>1483</strong><br />(+16 for winning)\n|raw|Pacek_Panamav2's rating: 1394 &rarr; <strong>1378</strong><br />(-16 for losing)\n|l|\u2606Pacek_Panamav2\n|player|p2|\n|l|\u2606yamato-tak\n|player|p1|\n","uploadtime":1770464958,"views":16,"formatid":"gen9vgc2026regi","rating":1378,"private":0,"password":null}