{"id":"gen9vgc2026regi-2576335600","format":"[Gen 9] VGC 2026 Reg I","players":["TheManOfSausage","photon sheister"],"log":"|j|\u2606TheManOfSausage\n|j|\u2606photon sheister\n|t:|1775457475\n|gametype|doubles\n|player|p1|TheManOfSausage|miku-water|1625\n|player|p2|photon sheister|barry|1631\n|gen|9\n|tier|[Gen 9] VGC 2026 Reg I\n|rated|\n|rule|Species Clause: Limit one of each Pok\u00e9mon\n|rule|Item Clause: Limit 1 of each item\n|clearpoke\n|poke|p1|Groudon, L50|\n|poke|p1|Miraidon, L50|\n|poke|p1|Whimsicott, L50, M|\n|poke|p1|Chi-Yu, L50|\n|poke|p1|Walking Wake, L50|\n|poke|p1|Farigiraf, L50, F|\n|poke|p2|Miraidon, L50|\n|poke|p2|Lunala, L50|\n|poke|p2|Sylveon, L50, F|\n|poke|p2|Incineroar, L50, F|\n|poke|p2|Whimsicott, L50, M|\n|poke|p2|Urshifu-*, L50, F|\n|teampreview|4\nTheManOfSausage has agreed to open team sheets.\n|\n|t:|1775457519\n|teamsize|p1|4\n|teamsize|p2|4\n|start\n|switch|p1a: Magical Mirai|Miraidon, L50|100/100\n|switch|p1b: Chi-Yu|Chi-Yu, L50|100/100\n|switch|p2a: Miraidon|Miraidon, L50, shiny|100/100\n|switch|p2b: Lunala|Lunala, L50|100/100\n|-ability|p1b: Chi-Yu|Beads of Ruin\n|-fieldstart|move: Electric Terrain|[from] ability: Hadron Engine|[of] p2a: Miraidon\n|-enditem|p2b: Lunala|Electric Seed\n|-boost|p2b: Lunala|def|1|[from] item: Electric Seed\n|-activate|p1a: Magical Mirai|ability: Hadron Engine\n|turn|1\n|\n|t:|1775457539\n|-terastallize|p2a: Miraidon|Fairy\n|-terastallize|p1a: Magical Mirai|Fairy\n|move|p2b: Lunala|Wide Guard|p2b: Lunala\n|-singleturn|p2b: Lunala|Wide Guard\n|move|p1b: Chi-Yu|Snarl|p2b: Lunala|[spread] \n|-activate|p2a: Miraidon|move: Wide Guard\n|-activate|p2b: Lunala|move: Wide Guard\n|move|p2a: Miraidon|Dazzling Gleam|p1b: Chi-Yu|[spread] p1a,p1b\n|-damage|p1a: Magical Mirai|25/100\n|-damage|p1b: Chi-Yu|24/100\n|move|p1a: Magical Mirai|Electro Drift|p2b: Lunala\n|-damage|p2b: Lunala|22/100\n|\n|upkeep\n|turn|2\n|\n|t:|1775457549\n|switch|p1a: Groudon|Groudon, L50|100/100\n|-weather|SunnyDay|[from] ability: Drought|[of] p1a: Groudon\n|move|p2b: Lunala|Wide Guard|p2b: Lunala\n|-singleturn|p2b: Lunala|Wide Guard\n|move|p1b: Chi-Yu|Snarl|p2a: Miraidon|[spread] \n|-activate|p2a: Miraidon|move: Wide Guard\n|-activate|p2b: Lunala|move: Wide Guard\n|move|p2a: Miraidon|Dazzling Gleam|p1a: Groudon|[spread] p1a,p1b\n|-damage|p1a: Groudon|12/100\n|-damage|p1b: Chi-Yu|0 fnt\n|faint|p1b: Chi-Yu\n|\n|-weather|SunnyDay|[upkeep]\n|upkeep\n|\n|t:|1775457555\n|switch|p1b: Walking Wake|Walking Wake, L50|100/100\n|-activate|p1b: Walking Wake|ability: Protosynthesis\n|-start|p1b: Walking Wake|protosynthesisspe\n|turn|3\n|\n|t:|1775457561\n|move|p1a: Groudon|Protect|p1a: Groudon\n|-singleturn|p1a: Groudon|Protect\n|move|p1b: Walking Wake|Hydro Steam|p2a: Miraidon\n|-damage|p2a: Miraidon|31/100\n|-damage|p1b: Walking Wake|91/100|[from] item: Life Orb\n|move|p2a: Miraidon|Dazzling Gleam|p1a: Groudon|[spread] p1b\n|-activate|p1a: Groudon|move: Protect\n|-supereffective|p1b: Walking Wake\n|-damage|p1b: Walking Wake|0 fnt\n|faint|p1b: Walking Wake\n|-end|p1b: Walking Wake|Protosynthesis|[silent]\n|move|p2b: Lunala|Trick Room|p2b: Lunala\n|-fieldstart|move: Trick Room|[of] p2b: Lunala\n|\n|-weather|SunnyDay|[upkeep]\n|upkeep\n|\n|t:|1775457563\n|switch|p1b: Magical Mirai|Miraidon, L50, tera:Fairy|25/100\n|-activate|p1b: Magical Mirai|ability: Hadron Engine\n|turn|4\n|\n|t:|1775457573\n|move|p2b: Lunala|Wide Guard|p2b: Lunala\n|-singleturn|p2b: Lunala|Wide Guard\n|move|p1a: Groudon|Precipice Blades|p2b: Lunala|[spread] \n|-activate|p2a: Miraidon|move: Wide Guard\n|-activate|p2b: Lunala|move: Wide Guard\n|move|p1b: Magical Mirai|Electro Drift|p2a: Miraidon\n|-damage|p2a: Miraidon|0 fnt\n|faint|p2a: Miraidon\n|\n|-weather|SunnyDay|[upkeep]\n|upkeep\n|\n|t:|1775457574\n|switch|p2a: Sylveon|Sylveon, L50, F, shiny|100/100\n|turn|5\n|\n|t:|1775457580\n|move|p2b: Lunala|Wide Guard|p2b: Lunala\n|-singleturn|p2b: Lunala|Wide Guard\n|move|p2a: Sylveon|Hyper Voice|p1b: Magical Mirai|[spread] p1a,p1b\n|-damage|p1a: Groudon|0 fnt\n|-damage|p1b: Magical Mirai|0 fnt\n|faint|p1a: Groudon\n|faint|p1b: Magical Mirai\n|\n|win|photon sheister\n|raw|TheManOfSausage's rating: 1625 &rarr; <strong>1605</strong><br />(-20 for losing)\n|raw|photon sheister's rating: 1631 &rarr; <strong>1651</strong><br />(+20 for winning)\n|c|\u2606TheManOfSausage|gg\n|c|\u2606photon sheister|ggwp\n","uploadtime":1775457588,"views":17,"formatid":"gen9vgc2026regi","rating":1605,"private":0,"password":null}