{"id":"gen9vgc2026regi-2577746625","format":"[Gen 9] VGC 2026 Reg I","players":["BreakTheShadowWall","Moosewii7"],"log":"|j|\u2606BreakTheShadowWall\n|j|\u2606Moosewii7\n|t:|1775601780\n|gametype|doubles\n|player|p1|BreakTheShadowWall|265|1570\n|player|p2|Moosewii7|101|1490\n|gen|9\n|tier|[Gen 9] VGC 2026 Reg I\n|rated|\n|rule|Species Clause: Limit one of each Pok\u00e9mon\n|rule|Item Clause: Limit 1 of each item\n|clearpoke\n|poke|p1|Miraidon, L50|\n|poke|p1|Iron Bundle, L50|\n|poke|p1|Lunala, L50|\n|poke|p1|Incineroar, L50, M|\n|poke|p1|Urshifu-*, L50, F|\n|poke|p1|Ursaluna, L50, M|\n|poke|p2|Calyrex-Shadow, L50|\n|poke|p2|Indeedee-F, L50, F|\n|poke|p2|Kyogre, L50|\n|poke|p2|Amoonguss, L50, M|\n|poke|p2|Rillaboom, L50, F|\n|poke|p2|Clefairy, L50, M|\n|teampreview|4\n|inactive|Battle timer is ON: inactive players will automatically lose when time's up. (requested by Moosewii7)\nMoosewii7 rejected open team sheets.\n|inactive|BreakTheShadowWall has 60 seconds left.\n|inactive|BreakTheShadowWall has 30 seconds left.\n|inactive|BreakTheShadowWall has 20 seconds left.\n|\n|t:|1775601859\n|teamsize|p1|4\n|teamsize|p2|4\n|start\n|switch|p1a: Incineroar|Incineroar, L50, M|100/100\n|switch|p1b: Lunala|Lunala, L50, shiny|100/100\n|switch|p2a: Indeedee|Indeedee-F, L50, F|100/100\n|switch|p2b: Kyogre|Kyogre, L50|100/100\n|-weather|RainDance|[from] ability: Drizzle|[of] p2b: Kyogre\n|-ability|p1a: Incineroar|Intimidate|boost\n|-unboost|p2a: Indeedee|atk|1\n|-unboost|p2b: Kyogre|atk|1\n|-fieldstart|move: Psychic Terrain|[from] ability: Psychic Surge|[of] p2a: Indeedee\n|turn|1\n|\n|t:|1775601876\n|move|p2b: Kyogre|Protect|p2b: Kyogre\n|-singleturn|p2b: Kyogre|Protect\n|move|p2a: Indeedee|Psychic|p1b: Lunala\n|-resisted|p1b: Lunala\n|-damage|p1b: Lunala|94/100\n|-unboost|p1b: Lunala|spd|1\n|move|p1a: Incineroar|U-turn|p2a: Indeedee\n|-supereffective|p2a: Indeedee\n|-crit|p2a: Indeedee\n|-damage|p2a: Indeedee|38/100\n|-damage|p1a: Incineroar|84/100|[from] item: Rocky Helmet|[of] p2a: Indeedee\n|\n|t:|1775601885\n|switch|p1a: Ursaluna|Ursaluna, L50, M|100/100|[from] U-turn\n|move|p1b: Lunala|Trick Room|p1b: Lunala\n|-fieldstart|move: Trick Room|[of] p1b: Lunala\n|\n|-weather|RainDance|[upkeep]\n|-status|p1a: Ursaluna|brn|[from] item: Flame Orb\n|upkeep\n|turn|2\n|\n|t:|1775601899\n|-terastallize|p2b: Kyogre|Water\n|move|p1b: Lunala|Wide Guard|p1b: Lunala\n|-singleturn|p1b: Lunala|Wide Guard\n|move|p2a: Indeedee|Follow Me|p2a: Indeedee\n|-singleturn|p2a: Indeedee|move: Follow Me\n|move|p1a: Ursaluna|Earthquake|p2b: Kyogre|[spread] p2a,p2b\n|-activate|p1b: Lunala|move: Wide Guard\n|-crit|p2a: Indeedee\n|-damage|p2a: Indeedee|0 fnt\n|-damage|p2b: Kyogre|38/100\n|faint|p2a: Indeedee\n|move|p2b: Kyogre|Tera Blast|p1a: Ursaluna|[anim] Tera Blast Water\n|-supereffective|p1a: Ursaluna\n|-damage|p1a: Ursaluna|0 fnt\n|faint|p1a: Ursaluna\n|\n|-weather|RainDance|[upkeep]\n|upkeep\n|\n|t:|1775601918\n|switch|p1a: Incineroar|Incineroar, L50, M|84/100\n|switch|p2a: Rillaboom|Rillaboom, L50, F|100/100\n|-fieldstart|move: Grassy Terrain|[from] ability: Grassy Surge|[of] p2a: Rillaboom\n|-ability|p1a: Incineroar|Intimidate|boost\n|-unboost|p2a: Rillaboom|atk|1\n|-unboost|p2b: Kyogre|atk|1\n|turn|3\n|inactive|BreakTheShadowWall has 30 seconds left.\n|inactive|BreakTheShadowWall has 20 seconds left.\n|inactive|BreakTheShadowWall has 15 seconds left.\n|\n|t:|1775601960\n|move|p1a: Incineroar|Fake Out|p2b: Kyogre\n|-damage|p2b: Kyogre|28/100\n|move|p2a: Rillaboom|U-turn|p1b: Lunala\n|-damage|p1b: Lunala|81/100\n|\n|t:|1775601965\n|switch|p2a: Calyrex|Calyrex-Shadow, L50|100/100|[from] U-turn\n|-ability|p2a: Calyrex|As One\n|-ability|p2a: Calyrex|Unnerve\n|move|p2b: Kyogre|Tera Blast|p1b: Lunala|[anim] Tera Blast Water\n|-damage|p1b: Lunala|0 fnt\n|faint|p1b: Lunala\n|\n|-weather|RainDance|[upkeep]\n|-heal|p1a: Incineroar|90/100|[from] Grassy Terrain\n|-heal|p2b: Kyogre|34/100|[from] Grassy Terrain\n|upkeep\n|\n|t:|1775601977\n|switch|p1b: Miraidon|Miraidon, L50|100/100\n|-fieldstart|move: Electric Terrain|[from] ability: Hadron Engine|[of] p1b: Miraidon\n|turn|4\n|inactive|BreakTheShadowWall has 30 seconds left.\n|\n|t:|1775602012\n|switch|p2a: Rillaboom|Rillaboom, L50, F|100/100\n|-fieldstart|move: Grassy Terrain|[from] ability: Grassy Surge|[of] p2a: Rillaboom\n|move|p1a: Incineroar|Knock Off|p2b: Kyogre\n|-crit|p2b: Kyogre\n|-damage|p2b: Kyogre|0 fnt\n|-enditem|p2b: Kyogre|Covert Cloak|[from] move: Knock Off|[of] p1a: Incineroar\n|faint|p2b: Kyogre\n|move|p1b: Miraidon|Electro Drift|p2a: Rillaboom\n|-resisted|p2a: Rillaboom\n|-damage|p2a: Rillaboom|72/100\n|\n|-weather|RainDance|[upkeep]\n|-heal|p2a: Rillaboom|77/100|[from] Grassy Terrain\n|-heal|p1a: Incineroar|96/100|[from] Grassy Terrain\n|upkeep\n|\n|t:|1775602027\n|switch|p2b: Calyrex|Calyrex-Shadow, L50|100/100\n|-ability|p2b: Calyrex|As One\n|-ability|p2b: Calyrex|Unnerve\n|turn|5\n|\n|t:|1775602042\n|move|p2a: Rillaboom|Fake Out|p1b: Miraidon\n|-damage|p1b: Miraidon|87/100\n|move|p1a: Incineroar|Knock Off|p2b: Calyrex\n|-supereffective|p2b: Calyrex\n|-enditem|p2b: Calyrex|Focus Sash\n|-damage|p2b: Calyrex|1/100\n|cant|p1b: Miraidon|flinch\n|move|p2b: Calyrex|Nasty Plot|p2b: Calyrex\n|-boost|p2b: Calyrex|spa|2\n|\n|-weather|none\n|-heal|p2a: Rillaboom|83/100|[from] Grassy Terrain\n|-heal|p1a: Incineroar|100/100|[from] Grassy Terrain\n|-heal|p1b: Miraidon|93/100|[from] Grassy Terrain\n|-heal|p2b: Calyrex|7/100|[from] Grassy Terrain\n|-fieldend|move: Trick Room\n|upkeep\n|turn|6\n|inactive|BreakTheShadowWall has 30 seconds left.\n|\n|t:|1775602076\n|move|p2b: Calyrex|Protect|p2b: Calyrex\n|-singleturn|p2b: Calyrex|Protect\n|move|p1b: Miraidon|Electro Drift|p2a: Rillaboom\n|-resisted|p2a: Rillaboom\n|-damage|p2a: Rillaboom|53/100\n|move|p1a: Incineroar|Knock Off|p2b: Calyrex\n|-activate|p2b: Calyrex|move: Protect\n|move|p2a: Rillaboom|Drum Beating|p1b: Miraidon\n|-resisted|p1b: Miraidon\n|-damage|p1b: Miraidon|68/100\n|-unboost|p1b: Miraidon|spe|1\n|\n|-heal|p2b: Calyrex|14/100|[from] Grassy Terrain\n|-heal|p1b: Miraidon|74/100|[from] Grassy Terrain\n|-heal|p2a: Rillaboom|58/100|[from] Grassy Terrain\n|upkeep\n|turn|7\n|\n|t:|1775602094\n|move|p2b: Calyrex|Astral Barrage|p1a: Incineroar|[spread] p1a,p1b\n|-resisted|p1a: Incineroar\n|-crit|p1a: Incineroar\n|-damage|p1a: Incineroar|51/100\n|-damage|p1b: Miraidon|0 fnt\n|faint|p1b: Miraidon\n|-ability|p2b: Calyrex|Grim Neigh|boost\n|-boost|p2b: Calyrex|spa|1\n|move|p1a: Incineroar|Knock Off|p2b: Calyrex\n|-supereffective|p2b: Calyrex\n|-damage|p2b: Calyrex|0 fnt\n|faint|p2b: Calyrex\n|move|p2a: Rillaboom|Drum Beating|p1a: Incineroar\n|-resisted|p1a: Incineroar\n|-damage|p1a: Incineroar|31/100\n|-unboost|p1a: Incineroar|spe|1\n|\n|-heal|p2a: Rillaboom|64/100|[from] Grassy Terrain\n|-heal|p1a: Incineroar|37/100|[from] Grassy Terrain\n|upkeep\n|turn|8\n|inactive|Moosewii7 has 30 seconds left.\n|\n|t:|1775602123\n|move|p2a: Rillaboom|Drum Beating|p1a: Incineroar\n|-resisted|p1a: Incineroar\n|-damage|p1a: Incineroar|15/100\n|-unboost|p1a: Incineroar|spe|1\n|move|p1a: Incineroar|Flare Blitz|p2a: Rillaboom\n|-supereffective|p2a: Rillaboom\n|-damage|p2a: Rillaboom|0 fnt\n|faint|p2a: Rillaboom\n|-damage|p1a: Incineroar|0 fnt|[from] Recoil\n|faint|p1a: Incineroar\n|\n|win|BreakTheShadowWall\n|raw|BreakTheShadowWall's rating: 1570 &rarr; <strong>1585</strong><br />(+15 for winning)\n|raw|Moosewii7's rating: 1490 &rarr; <strong>1475</strong><br />(-15 for losing)\n|c|\u2606BreakTheShadowWall|gg\n|c|\u2606Moosewii7|Gg\n|l|\u2606BreakTheShadowWall\n|player|p1|\n|l|\u2606Moosewii7\n|player|p2|\n","uploadtime":1775602361,"views":8,"formatid":"gen9vgc2026regi","rating":1475,"private":0,"password":null}