{"id":"gen9vgc2026regi-2534326174","format":"[Gen 9] VGC 2026 Reg I","players":["j0l0k0","loiradotchan16"],"log":"|j|\u2606j0l0k0\n|j|\u2606loiradotchan16\n|t:|1770408992\n|gametype|doubles\n|player|p1|j0l0k0|brycen|1479\n|player|p2|loiradotchan16|cynthia|1332\n|gen|9\n|tier|[Gen 9] VGC 2026 Reg I\n|rated|\n|rule|Species Clause: Limit one of each Pok\u00e9mon\n|rule|Item Clause: Limit 1 of each item\n|clearpoke\n|poke|p1|Calyrex-Ice, L50|\n|poke|p1|Kyogre, L50|\n|poke|p1|Indeedee-F, L50, F|\n|poke|p1|Urshifu-*, L50, F|\n|poke|p1|Amoonguss, L50, F|\n|poke|p1|Landorus, L50, M|\n|poke|p2|Calyrex-Ice, L50|\n|poke|p2|Miraidon, L50|\n|poke|p2|Indeedee-F, L50, F|\n|poke|p2|Ogerpon-Wellspring, L50, F|\n|poke|p2|Torkoal, L50, F|\n|poke|p2|Iron Hands, L50|\n|teampreview|4\n|inactive|Battle timer is ON: inactive players will automatically lose when time's up. (requested by j0l0k0)\n|inactive|loiradotchan16 has 60 seconds left.\n|\n|t:|1770409023\n|teamsize|p1|4\n|teamsize|p2|4\n|start\n|switch|p1a: Kyogre|Kyogre, L50, shiny|100/100\n|switch|p1b: Landorus|Landorus, L50, M, shiny|100/100\n|switch|p2a: Calyrex|Calyrex-Ice, L50|100/100\n|switch|p2b: Ogerpon|Ogerpon-Wellspring, L50, F|100/100\n|-ability|p2a: Calyrex|As One\n|-ability|p2a: Calyrex|Unnerve\n|-weather|RainDance|[from] ability: Drizzle|[of] p1a: Kyogre\n|turn|1\n|\n|t:|1770409039\n|-terastallize|p1b: Landorus|Steel\n|-terastallize|p2a: Calyrex|Grass\n|move|p2b: Ogerpon|Horn Leech|p1a: Kyogre\n|-supereffective|p1a: Kyogre\n|-damage|p1a: Kyogre|4/100\n|move|p1b: Landorus|Sandsear Storm|p2b: Ogerpon|[spread] p2a,p2b\n|-resisted|p2a: Calyrex\n|-resisted|p2b: Ogerpon\n|-damage|p2a: Calyrex|77/100\n|-damage|p2b: Ogerpon|70/100\n|move|p1a: Kyogre|Hydro Pump|p2a: Calyrex\n|-resisted|p2a: Calyrex\n|-damage|p2a: Calyrex|39/100\n|move|p2a: Calyrex|Glacial Lance|p1b: Landorus|[spread] p1a,p1b\n|-resisted|p1a: Kyogre\n|-resisted|p1b: Landorus\n|-damage|p1a: Kyogre|0 fnt\n|-damage|p1b: Landorus|71/100\n|faint|p1a: Kyogre\n|-ability|p2a: Calyrex|Chilling Neigh|boost\n|-boost|p2a: Calyrex|atk|1\n|\n|-weather|RainDance|[upkeep]\n|upkeep\n|\n|t:|1770409058\n|switch|p1a: Calyrex|Calyrex-Ice, L50|100/100\n|-ability|p1a: Calyrex|As One\n|-ability|p1a: Calyrex|Unnerve\n|turn|2\n|inactive|loiradotchan16 has 30 seconds left.\n|inactive|loiradotchan16 has 20 seconds left.\n|inactive|loiradotchan16 has 15 seconds left.\n|\n|t:|1770409098\n|move|p2b: Ogerpon|Spiky Shield|p2b: Ogerpon\n|-singleturn|p2b: Ogerpon|move: Protect\n|move|p1b: Landorus|Sludge Bomb|p2a: Calyrex\n|-supereffective|p2a: Calyrex\n|-damage|p2a: Calyrex|0 fnt\n|faint|p2a: Calyrex\n|move|p1a: Calyrex|Trick Room|p1a: Calyrex\n|-fieldstart|move: Trick Room|[of] p1a: Calyrex\n|\n|-weather|RainDance|[upkeep]\n|upkeep\n|\n|t:|1770409107\n|switch|p2a: Torkoal|Torkoal, L50, F|100/100\n|-weather|SunnyDay|[from] ability: Drought|[of] p2a: Torkoal\n|turn|3\n|\n|t:|1770409128\n|move|p2a: Torkoal|Eruption|p1b: Landorus|[spread] p1a,p1b\n|-supereffective|p1a: Calyrex\n|-supereffective|p1b: Landorus\n|-damage|p1a: Calyrex|10/100\n|-damage|p1b: Landorus|0 fnt\n|faint|p1b: Landorus\n|move|p2b: Ogerpon|Ivy Cudgel|p1a: Calyrex|[anim] Ivy Cudgel Water\n|-damage|p1a: Calyrex|0 fnt\n|faint|p1a: Calyrex\n|\n|-weather|SunnyDay|[upkeep]\n|upkeep\n|\n|t:|1770409138\n|switch|p1b: Urshifu|Urshifu, L50, F|100/100\n|turn|4\n|c|\u2606j0l0k0|ggwp\n|c|\u2606loiradotchan16|ggmn\n|\n|t:|1770409154\n|move|p2a: Torkoal|Will-O-Wisp|p1b: Urshifu\n|-status|p1b: Urshifu|brn\n|move|p2b: Ogerpon|Horn Leech|p1b: Urshifu\n|-damage|p1b: Urshifu|50/100 brn\n|-heal|p2b: Ogerpon|94/100|[from] drain|[of] p1b: Urshifu\n|move|p1b: Urshifu|Close Combat|p2a: Torkoal\n|-damage|p2a: Torkoal|73/100\n|-unboost|p1b: Urshifu|def|1\n|-unboost|p1b: Urshifu|spd|1\n|\n|-weather|SunnyDay|[upkeep]\n|-damage|p1b: Urshifu|44/100 brn|[from] brn\n|upkeep\n|turn|5\n|inactive|j0l0k0 has 30 seconds left.\n|\n|t:|1770409179\n|move|p2a: Torkoal|Flamethrower|p1b: Urshifu\n|-damage|p1b: Urshifu|0 fnt\n|faint|p1b: Urshifu\n|\n|win|loiradotchan16\n|raw|j0l0k0's rating: 1479 &rarr; <strong>1451</strong><br />(-28 for losing)\n|raw|loiradotchan16's rating: 1332 &rarr; <strong>1360</strong><br />(+28 for winning)\n|l|\u2606j0l0k0\n|player|p1|\n|l|\u2606loiradotchan16\n|player|p2|\n","uploadtime":1770409432,"views":13,"formatid":"gen9vgc2026regi","rating":1360,"private":0,"password":null}