{"id":"gen9vgc2026regi-2573571421","format":"[Gen 9] VGC 2026 Reg I","players":["buzbee2000","Harry Koekenpan"],"log":"|j|\u2606buzbee2000\n|j|\u2606Harry Koekenpan\n|t:|1775147670\n|gametype|doubles\n|player|p1|buzbee2000|rood|1402\n|player|p2|Harry Koekenpan|266|1383\n|gen|9\n|tier|[Gen 9] VGC 2026 Reg I\n|rated|\n|rule|Species Clause: Limit one of each Pok\u00e9mon\n|rule|Item Clause: Limit 1 of each item\n|clearpoke\n|poke|p1|Lunala, L50|\n|poke|p1|Miraidon, L50|\n|poke|p1|Incineroar, L50, M|\n|poke|p1|Ursaluna, L50, M|\n|poke|p1|Grimmsnarl, L50, M|\n|poke|p1|Urshifu-*, L50, M|\n|poke|p2|Weezing-Galar, L50, M|\n|poke|p2|Calyrex-Shadow, L50|\n|poke|p2|Brute Bonnet, L50|\n|poke|p2|Koraidon, L50|\n|poke|p2|Chien-Pao, L50|\n|poke|p2|Regigigas, L50|\n|teampreview|4\n|inactive|Battle timer is ON: inactive players will automatically lose when time's up. (requested by Harry Koekenpan)\n|inactive|buzbee2000 has 60 seconds left.\n|inactive|buzbee2000 has 30 seconds left.\n|inactive|buzbee2000 has 20 seconds left.\n|\n|t:|1775147747\n|teamsize|p1|4\n|teamsize|p2|4\n|start\n|switch|p1a: Incineroar|Incineroar, L50, M|100/100\n|switch|p1b: Lunala|Lunala, L50|100/100\n|switch|p2a: Weezing|Weezing-Galar, L50, M|100/100\n|switch|p2b: Regigigas|Regigigas, L50|100/100\n|-ability|p2a: Weezing|Neutralizing Gas\n|turn|1\n|\n|t:|1775147769\n|move|p1a: Incineroar|Fake Out|p2b: Regigigas\n|-damage|p2b: Regigigas|90/100\n|cant|p2b: Regigigas|flinch\n|move|p2a: Weezing|Poison Gas|p1b: Lunala|[spread] p1a,p1b\n|-status|p1a: Incineroar|psn\n|-status|p1b: Lunala|psn\n|move|p1b: Lunala|Trick Room|p1b: Lunala\n|-fieldstart|move: Trick Room|[of] p1b: Lunala\n|\n|-damage|p1a: Incineroar|88/100 psn|[from] psn\n|-damage|p1b: Lunala|88/100 psn|[from] psn\n|upkeep\n|turn|2\n|\n|t:|1775147790\n|move|p2a: Weezing|Toxic Spikes|p1b: Lunala\n|-sidestart|p1: buzbee2000|move: Toxic Spikes\n|move|p1a: Incineroar|Parting Shot|p2b: Regigigas\n|-unboost|p2b: Regigigas|atk|1\n|-unboost|p2b: Regigigas|spa|1\n|\n|t:|1775147796\n|switch|p1a: Ursaluna|Ursaluna, L50, M|100/100|[from] Parting Shot\n|-status|p1a: Ursaluna|psn\n|move|p1b: Lunala|Moongeist Beam|p2a: Weezing\n|-damage|p2a: Weezing|48/100\n|-enditem|p2a: Weezing|Sitrus Berry|[eat]\n|-heal|p2a: Weezing|73/100|[from] item: Sitrus Berry\n|move|p2b: Regigigas|Knock Off|p1b: Lunala\n|-supereffective|p1b: Lunala\n|-damage|p1b: Lunala|0 fnt\n|-enditem|p1b: Lunala|Electric Seed|[from] move: Knock Off|[of] p2b: Regigigas\n|faint|p1b: Lunala\n|\n|-damage|p1a: Ursaluna|88/100 psn|[from] psn\n|upkeep\n|\n|t:|1775147809\n|switch|p1b: Incineroar|Incineroar, L50, M|88/100 psn\n|turn|3\n|\n|t:|1775147822\n|move|p2a: Weezing|Protect|p2a: Weezing\n|-singleturn|p2a: Weezing|Protect\n|move|p1b: Incineroar|Fake Out|p2a: Weezing\n|-activate|p2a: Weezing|move: Protect\n|move|p1a: Ursaluna|Facade|p2b: Regigigas\n|-damage|p2b: Regigigas|13/100\n|move|p2b: Regigigas|Knock Off|p1a: Ursaluna\n|-damage|p1a: Ursaluna|67/100 psn\n|-enditem|p1a: Ursaluna|Flame Orb|[from] move: Knock Off|[of] p2b: Regigigas\n|\n|-damage|p1a: Ursaluna|55/100 psn|[from] psn\n|-damage|p1b: Incineroar|76/100 psn|[from] psn\n|upkeep\n|turn|4\n|inactive|Harry Koekenpan has 30 seconds left.\n|\n|t:|1775147857\n|move|p1a: Ursaluna|Headlong Rush|p2a: Weezing\n|-supereffective|p2a: Weezing\n|-damage|p2a: Weezing|0 fnt\n|-unboost|p1a: Ursaluna|def|1\n|-unboost|p1a: Ursaluna|spd|1\n|faint|p2a: Weezing\n|-end|p2a: Weezing|ability: Neutralizing Gas\n|-ability|p1b: Incineroar|Intimidate|boost\n|-unboost|p2b: Regigigas|atk|1\n|-start|p2b: Regigigas|ability: Slow Start\n|move|p1b: Incineroar|Knock Off|p2b: Regigigas\n|-damage|p2b: Regigigas|0 fnt\n|-enditem|p2b: Regigigas|Choice Scarf|[from] move: Knock Off|[of] p1b: Incineroar\n|faint|p2b: Regigigas\n|-end|p2b: Regigigas|Slow Start|[silent]\n|\n|-damage|p1a: Ursaluna|43/100 psn|[from] psn\n|-damage|p1b: Incineroar|63/100 psn|[from] psn\n|upkeep\n|\n|t:|1775147864\n|switch|p2a: Koraidon|Koraidon, L50|100/100\n|switch|p2b: Calyrex|Calyrex-Shadow, L50|100/100\n|-ability|p2b: Calyrex|As One\n|-ability|p2b: Calyrex|Unnerve\n|-weather|SunnyDay|[from] ability: Orichalcum Pulse|[of] p2a: Koraidon\n|-activate|p2a: Koraidon|Orichalcum Pulse|[source]\n|turn|5\n|inactive|buzbee2000 has 30 seconds left.\n|\n|t:|1775147891\n|move|p2a: Koraidon|Protect|p2a: Koraidon\n|-singleturn|p2a: Koraidon|Protect\n|move|p2b: Calyrex|Protect|p2b: Calyrex\n|-singleturn|p2b: Calyrex|Protect\n|move|p1a: Ursaluna|Earthquake|p2b: Calyrex|[spread] p1b\n|-activate|p2a: Koraidon|move: Protect\n|-activate|p2b: Calyrex|move: Protect\n|-supereffective|p1b: Incineroar\n|-damage|p1b: Incineroar|0 fnt\n|faint|p1b: Incineroar\n|\n|-weather|SunnyDay|[upkeep]\n|-damage|p1a: Ursaluna|31/100 psn|[from] psn\n|-fieldend|move: Trick Room\n|upkeep\n|\n|t:|1775147896\n|switch|p1b: Miraidon|Miraidon, L50|100/100\n|-status|p1b: Miraidon|psn\n|-fieldstart|move: Electric Terrain|[from] ability: Hadron Engine|[of] p1b: Miraidon\n|turn|6\n|inactive|Harry Koekenpan has 30 seconds left.\n|\n|t:|1775147923\n|-terastallize|p2a: Koraidon|Fire\n|-terastallize|p1b: Miraidon|Electric\n|move|p2b: Calyrex|Astral Barrage|p1b: Miraidon|[spread] p1b\n|-immune|p1a: Ursaluna\n|-damage|p1b: Miraidon|64/100 psn\n|-damage|p2b: Calyrex|91/100|[from] item: Life Orb\n|move|p2a: Koraidon|Flare Blitz|p1a: Ursaluna\n|-damage|p1a: Ursaluna|0 fnt\n|faint|p1a: Ursaluna\n|-damage|p2a: Koraidon|88/100|[from] Recoil\n|move|p1b: Miraidon|Snarl|p2b: Calyrex|[spread] p2b\n|-miss|p1b: Miraidon|p2a: Koraidon\n|-supereffective|p2b: Calyrex\n|-damage|p2b: Calyrex|0 fnt\n|faint|p2b: Calyrex\n|\n|-weather|SunnyDay|[upkeep]\n|-damage|p1b: Miraidon|52/100 psn|[from] psn\n|upkeep\n|turn|7\n|\n|t:|1775147944\n|move|p2a: Koraidon|Protect|p2a: Koraidon\n|-singleturn|p2a: Koraidon|Protect\n|move|p1b: Miraidon|Electro Drift|p2a: Koraidon\n|-activate|p2a: Koraidon|move: Protect\n|\n|-weather|SunnyDay|[upkeep]\n|-damage|p1b: Miraidon|40/100 psn|[from] psn\n|upkeep\n|turn|8\n|c|\u2606buzbee2000|gg\n|\n|t:|1775147951\n|move|p2a: Koraidon|Flare Blitz|p1b: Miraidon\n|-damage|p1b: Miraidon|0 fnt\n|faint|p1b: Miraidon\n|-damage|p2a: Koraidon|73/100|[from] Recoil\n|\n|win|Harry Koekenpan\n|raw|buzbee2000's rating: 1402 &rarr; <strong>1381</strong><br />(-21 for losing)\n|raw|Harry Koekenpan's rating: 1383 &rarr; <strong>1404</strong><br />(+21 for winning)\n|l|\u2606buzbee2000\n|player|p1|\n|l|\u2606Harry Koekenpan\n|player|p2|\n","uploadtime":1775147954,"views":19,"formatid":"gen9vgc2026regi","rating":1381,"private":0,"password":null}