{"id":"gen9vgc2026regi-2542675985","format":"[Gen 9] VGC 2026 Reg I","players":["xmen2104","kojimuranishi"],"log":"|j|\u2606xmen2104\n|j|\u2606kojimuranishi\n|t:|1771477554\n|gametype|doubles\n|player|p1|xmen2104|lucas-gen4pt|1490\n|player|p2|kojimuranishi|102|1473\n|gen|9\n|tier|[Gen 9] VGC 2026 Reg I\n|rated|\n|rule|Species Clause: Limit one of each Pok\u00e9mon\n|rule|Item Clause: Limit 1 of each item\n|clearpoke\n|poke|p1|Terapagos, L50, M|\n|poke|p1|Koraidon, L50|\n|poke|p1|Incineroar, L50, M|\n|poke|p1|Rillaboom, L50, F|\n|poke|p1|Amoonguss, L50, F|\n|poke|p1|Flutter Mane, L50|\n|poke|p2|Flutter Mane, L50|\n|poke|p2|Koraidon, L50|\n|poke|p2|Chi-Yu, L50|\n|poke|p2|Lunala, L50|\n|poke|p2|Ursaluna, L50, M|\n|poke|p2|Brute Bonnet, L50|\n|teampreview|4\n|inactive|Battle timer is ON: inactive players will automatically lose when time's up. (requested by xmen2104)\n|\n|t:|1771477577\n|teamsize|p1|4\n|teamsize|p2|4\n|start\n|switch|p1a: Terapagos|Terapagos, L50, M|100/100\n|switch|p1b: Incineroar|Incineroar, L50, M|100/100\n|switch|p2a: Flutter Mane|Flutter Mane, L50|100/100\n|switch|p2b: Chi-Yu|Chi-Yu, L50|100/100\n|-activate|p1a: Terapagos|ability: Tera Shift\n|detailschange|p1a: Terapagos|Terapagos-Terastal, L50, M\n|-heal|p1a: Terapagos|100/100|[silent]\n|-ability|p2b: Chi-Yu|Beads of Ruin\n|-ability|p1b: Incineroar|Intimidate|boost\n|-unboost|p2a: Flutter Mane|atk|1\n|-unboost|p2b: Chi-Yu|atk|1\n|turn|1\n|\n|t:|1771477594\n|move|p1b: Incineroar|Fake Out|p2b: Chi-Yu\n|-damage|p2b: Chi-Yu|84/100\n|cant|p2b: Chi-Yu|flinch\n|move|p2a: Flutter Mane|Moonblast|p1b: Incineroar\n|-damage|p1b: Incineroar|47/100\n|-unboost|p1b: Incineroar|spa|1\n|move|p1a: Terapagos|Calm Mind|p1a: Terapagos\n|-boost|p1a: Terapagos|spa|1\n|-boost|p1a: Terapagos|spd|1\n|\n|upkeep\n|turn|2\n|\n|t:|1771477610\n|move|p1a: Terapagos|Protect|p1a: Terapagos\n|-singleturn|p1a: Terapagos|Protect\n|move|p2b: Chi-Yu|Snarl|p1b: Incineroar|[spread] p1b\n|-activate|p1a: Terapagos|move: Protect\n|-resisted|p1b: Incineroar\n|-damage|p1b: Incineroar|34/100\n|-unboost|p1b: Incineroar|spa|1\n|move|p2a: Flutter Mane|Moonblast|p1b: Incineroar\n|-damage|p1b: Incineroar|0 fnt\n|faint|p1b: Incineroar\n|\n|upkeep\n|\n|t:|1771477616\n|switch|p1b: Flutter Mane|Flutter Mane, L50|100/100\n|turn|3\n|\n|t:|1771477631\n|-terastallize|p1a: Terapagos|Stellar\n|detailschange|p1a: Terapagos|Terapagos-Stellar, L50, M, tera:Stellar\n|-heal|p1a: Terapagos|100/100|[silent]\n|move|p2b: Chi-Yu|Snarl|p1b: Flutter Mane|[spread] p1a\n|-miss|p2b: Chi-Yu|p1b: Flutter Mane\n|-damage|p1a: Terapagos|88/100\n|-unboost|p1a: Terapagos|spa|1\n|move|p2a: Flutter Mane|Shadow Ball|p1b: Flutter Mane\n|-supereffective|p1b: Flutter Mane\n|-enditem|p1b: Flutter Mane|Focus Sash\n|-damage|p1b: Flutter Mane|1/100\n|move|p1b: Flutter Mane|Shadow Ball|p2a: Flutter Mane\n|-supereffective|p2a: Flutter Mane\n|-enditem|p2a: Flutter Mane|Focus Sash\n|-damage|p2a: Flutter Mane|1/100\n|move|p1a: Terapagos|Tera Starstorm|p2b: Chi-Yu|[spread] p2a,p2b\n|-damage|p2a: Flutter Mane|0 fnt\n|-damage|p2b: Chi-Yu|39/100\n|faint|p2a: Flutter Mane\n|-end|p2a: Flutter Mane|Protosynthesis|[silent]\n|\n|-heal|p1a: Terapagos|94/100|[from] item: Leftovers\n|upkeep\n|inactive|kojimuranishi has 30 seconds left.\n|\n|t:|1771477662\n|switch|p2a: Brute Bonnet|Brute Bonnet, L50|100/100\n|turn|4\n|\n|t:|1771477672\n|-end|p1b: Flutter Mane|Protosynthesis|[silent]\n|switch|p1b: Koraidon|Koraidon, L50|100/100\n|-weather|SunnyDay|[from] ability: Orichalcum Pulse|[of] p1b: Koraidon\n|-activate|p2a: Brute Bonnet|ability: Protosynthesis\n|-start|p2a: Brute Bonnet|protosynthesisspd\n|-activate|p1b: Koraidon|Orichalcum Pulse|[source]\n|move|p1a: Terapagos|Protect|p1a: Terapagos\n|-singleturn|p1a: Terapagos|Protect\n|move|p2b: Chi-Yu|Snarl|p1a: Terapagos|[spread] p1b\n|-activate|p1a: Terapagos|move: Protect\n|-resisted|p1b: Koraidon\n|-damage|p1b: Koraidon|84/100\n|-unboost|p1b: Koraidon|spa|1\n|move|p2a: Brute Bonnet|Spore|p1a: Terapagos\n|-activate|p1a: Terapagos|move: Protect\n|\n|-weather|SunnyDay|[upkeep]\n|-heal|p1a: Terapagos|99/100|[from] item: Leftovers\n|upkeep\n|turn|5\n|inactive|kojimuranishi has 30 seconds left.\n|\n|t:|1771477701\n|-terastallize|p2a: Brute Bonnet|Water\n|move|p2b: Chi-Yu|Snarl|p1b: Koraidon|[spread] p1b\n|-miss|p2b: Chi-Yu|p1a: Terapagos\n|-resisted|p1b: Koraidon\n|-damage|p1b: Koraidon|66/100\n|-unboost|p1b: Koraidon|spa|1\n|move|p1b: Koraidon|Close Combat|p2a: Brute Bonnet\n|-crit|p2a: Brute Bonnet\n|-damage|p2a: Brute Bonnet|0 fnt\n|-unboost|p1b: Koraidon|def|1\n|-unboost|p1b: Koraidon|spd|1\n|faint|p2a: Brute Bonnet\n|-end|p2a: Brute Bonnet|Protosynthesis|[silent]\n|-damage|p1b: Koraidon|57/100|[from] item: Life Orb\n|move|p1a: Terapagos|Tera Starstorm|p2b: Chi-Yu\n|-damage|p2b: Chi-Yu|0 fnt\n|faint|p2b: Chi-Yu\n|\n|-weather|SunnyDay|[upkeep]\n|-heal|p1a: Terapagos|100/100|[from] item: Leftovers\n|upkeep\n|\n|t:|1771477722\n|switch|p2a: Koraidon|Koraidon, L50|100/100\n|-activate|p2a: Koraidon|ability: Orichalcum Pulse\n|turn|6\n|\n|t:|1771477730\n|move|p2a: Koraidon|Close Combat|p1a: Terapagos\n|-supereffective|p1a: Terapagos\n|-damage|p1a: Terapagos|0 fnt\n|-unboost|p2a: Koraidon|def|1\n|-unboost|p2a: Koraidon|spd|1\n|faint|p1a: Terapagos\n|detailschange|p1: Terapagos|Terapagos, L50, M|[silent]\n|-damage|p2a: Koraidon|91/100|[from] item: Life Orb\n|move|p1b: Koraidon|Close Combat|p2a: Koraidon\n|-damage|p2a: Koraidon|0 fnt\n|-unboost|p1b: Koraidon|def|1\n|-unboost|p1b: Koraidon|spd|1\n|faint|p2a: Koraidon\n|-damage|p1b: Koraidon|47/100|[from] item: Life Orb\n|\n|win|xmen2104\n|raw|xmen2104's rating: 1490 &rarr; <strong>1509</strong><br />(+19 for winning)\n|raw|kojimuranishi's rating: 1473 &rarr; <strong>1454</strong><br />(-19 for losing)\n|l|\u2606kojimuranishi\n|player|p2|\n|l|\u2606xmen2104\n|player|p1|\n","uploadtime":1771477904,"views":20,"formatid":"gen9vgc2026regi","rating":1454,"private":0,"password":null}