{"id":"gen9vgc2026regi-2579483684","format":"[Gen 9] VGC 2026 Reg I","players":["snively3","Crookedseahawk"],"log":"|j|\u2606snively3\n|j|\u2606Crookedseahawk\n|html|<table width=\"100%\"><tr><td align=\"left\">snively3</td><td align=\"right\">Crookedseahawk</tr><tr><td align=\"left\"><i class=\"fa fa-circle-o\"></i> <i class=\"fa fa-circle-o\"></i> </td><td align=\"right\"><i class=\"fa fa-circle-o\"></i> <i class=\"fa fa-circle\"></i> </tr></table>\n|uhtml|bestof|<h2><strong>Game 2</strong> of <a href=\"/game-bestof3-gen9vgc2026regi-2579481505\">a best-of-3</a></h2>\n|t:|1775787677\n|gametype|doubles\n|player|p1|snively3|veteran|\n|player|p2|Crookedseahawk|265|\n|gen|9\n|tier|[Gen 9] VGC 2026 Reg I\n|rated|Tournament battle\n|rule|Species Clause: Limit one of each Pok\u00e9mon\n|rule|Item Clause: Limit 1 of each item\n|raw|<div class=\"infobox\"><details class=\"readmore\" open><summary><strong>4 custom rules:</strong></summary> Open Team Sheets, Force Open Team Sheets, !Open Team Sheets, Best of = 3</details></div>\n|clearpoke\n|poke|p1|Miraidon, L50|\n|poke|p1|Koraidon, L50|\n|poke|p1|Flutter Mane, L50|\n|poke|p1|Chi-Yu, L50|\n|poke|p1|Araquanid, L50, F|\n|poke|p1|Ogerpon-Cornerstone, L50, F|\n|poke|p2|Lunala, L50|\n|poke|p2|Ursaluna, L50, M|\n|poke|p2|Urshifu-*, L50, F|\n|poke|p2|Miraidon, L50|\n|poke|p2|Grimmsnarl, L50, M|\n|poke|p2|Incineroar, L50, M|\n|teampreview|4\n|showteam|p1|Miraidon||AssaultVest|HadronEngine|ElectroDrift,VoltSwitch,DracoMeteor,Overheat||||||50|,,,,,Electric]Koraidon||ClearAmulet|OrichalcumPulse|Protect,CollisionCourse,FlareBlitz,FlameCharge||||||50|,,,,,Fire]Flutter Mane||FocusSash|Protosynthesis|Protect,Moonblast,ShadowBall,IcyWind||||||50|,,,,,Stellar]Chi-Yu||ChoiceScarf|BeadsofRuin|HeatWave,DarkPulse,Snarl,Overheat||||||50|,,,,,Ghost]Araquanid||Leftovers|WaterBubble|WideGuard,Infestation,Protect,Liquidation|||F|||50|,,,,,Grass]Ogerpon-Cornerstone||CornerstoneMask|Sturdy|SpikyShield,IvyCudgel,FollowMe,PowerWhip|||F|||50|,,,,,Rock\n|showteam|p2|Lunala||ElectricSeed|ShadowShield|MoongeistBeam,Moonblast,TrickRoom,WideGuard||||||50|,,,,,Fairy]Ursaluna||FlameOrb|Guts|HeadlongRush,Facade,Earthquake,Protect|||M|||50|,,,,,Ghost]Urshifu-Rapid-Strike||ChoiceBand|UnseenFist|SurgingStrikes,Uturn,AquaJet,CloseCombat|||F|||50|,,,,,Ghost]Miraidon||AssaultVest|HadronEngine|ElectroDrift,VoltSwitch,DracoMeteor,Snarl||||||50|,,,,,Electric]Grimmsnarl||LightClay|Prankster|Reflect,SpiritBreak,LightScreen,ThunderWave|||M|||50|,,,,,Ghost]Incineroar||RockyHelmet|Intimidate|FakeOut,PartingShot,WillOWisp,KnockOff|||M|||50|,,,,,Bug\n|inactive|Battle timer is ON: inactive players will automatically lose when time's up. (requested by Crookedseahawk)\n|inactive|snively3 also wants the timer to be on.\n|\n|t:|1775787704\n|teamsize|p1|4\n|teamsize|p2|4\n|start\n|switch|p1a: Ms. Dreavus|Flutter Mane, L50|100/100\n|switch|p1b: Yo-chi|Chi-Yu, L50|100/100\n|switch|p2a: Grimmsnarl|Grimmsnarl, L50, M|100/100\n|switch|p2b: Lunala|Lunala, L50|100/100\n|-ability|p1b: Yo-chi|Beads of Ruin\n|turn|1\n|j| roa slam test v2\n|\n|t:|1775787726\n|-terastallize|p2b: Lunala|Fairy\n|move|p2a: Grimmsnarl|Light Screen|p2a: Grimmsnarl\n|-sidestart|p2: Crookedseahawk|move: Light Screen\n|move|p1b: Yo-chi|Snarl|p2a: Grimmsnarl|[spread] p2a,p2b\n|-resisted|p2a: Grimmsnarl\n|-resisted|p2b: Lunala\n|-damage|p2a: Grimmsnarl|96/100\n|-damage|p2b: Lunala|97/100\n|-unboost|p2a: Grimmsnarl|spa|1\n|-unboost|p2b: Lunala|spa|1\n|move|p1a: Ms. Dreavus|Shadow Ball|p2b: Lunala\n|-damage|p2b: Lunala|68/100\n|move|p2b: Lunala|Moongeist Beam|p1a: Ms. Dreavus\n|-supereffective|p1a: Ms. Dreavus\n|-enditem|p1a: Ms. Dreavus|Focus Sash\n|-damage|p1a: Ms. Dreavus|1/100\n|\n|upkeep\n|turn|2\n|l| roa slam test v2\n|\n|t:|1775787745\n|move|p1b: Yo-chi|Snarl|p2b: Lunala|[spread] p2a,p2b\n|-resisted|p2a: Grimmsnarl\n|-resisted|p2b: Lunala\n|-damage|p2a: Grimmsnarl|91/100\n|-damage|p2b: Lunala|60/100\n|-unboost|p2a: Grimmsnarl|spa|1\n|-unboost|p2b: Lunala|spa|1\n|move|p1a: Ms. Dreavus|Moonblast|p2a: Grimmsnarl\n|-supereffective|p2a: Grimmsnarl\n|-damage|p2a: Grimmsnarl|17/100\n|move|p2a: Grimmsnarl|Spirit Break|p1a: Ms. Dreavus\n|-damage|p1a: Ms. Dreavus|0 fnt\n|faint|p1a: Ms. Dreavus\n|-end|p1a: Ms. Dreavus|Protosynthesis|[silent]\n|move|p2b: Lunala|Trick Room|p2b: Lunala\n|-fieldstart|move: Trick Room|[of] p2b: Lunala\n|\n|upkeep\n|\n|t:|1775787749\n|switch|p1a: Araquanid|Araquanid, L50, F|100/100\n|turn|3\n|\n|t:|1775787772\n|move|p1a: Araquanid|Protect|p1a: Araquanid\n|-singleturn|p1a: Araquanid|Protect\n|move|p2a: Grimmsnarl|Reflect|p2a: Grimmsnarl\n|-sidestart|p2: Crookedseahawk|Reflect\n|move|p2b: Lunala|Moongeist Beam|p1a: Araquanid\n|-activate|p1a: Araquanid|move: Protect\n|move|p1b: Yo-chi|Snarl|p2a: Grimmsnarl|[spread] p2a,p2b\n|-resisted|p2a: Grimmsnarl\n|-resisted|p2b: Lunala\n|-damage|p2a: Grimmsnarl|12/100\n|-damage|p2b: Lunala|52/100\n|-unboost|p2a: Grimmsnarl|spa|1\n|-unboost|p2b: Lunala|spa|1\n|\n|upkeep\n|turn|4\n|inactive|Crookedseahawk has 30 seconds left.\n|\n|t:|1775787802\n|switch|p2a: Urshifu|Urshifu-Rapid-Strike, L50, F|100/100\n|switch|p2b: Miraidon|Miraidon, L50|100/100\n|-fieldstart|move: Electric Terrain|[from] ability: Hadron Engine|[of] p2b: Miraidon\n|move|p1a: Araquanid|Infestation|p2b: Miraidon\n|-damage|p2b: Miraidon|99/100\n|-activate|p2b: Miraidon|move: Infestation|[of] p1a: Araquanid\n|move|p1b: Yo-chi|Snarl|p2b: Miraidon|[spread] p2a\n|-miss|p1b: Yo-chi|p2b: Miraidon\n|-resisted|p2a: Urshifu\n|-damage|p2a: Urshifu|84/100\n|-unboost|p2a: Urshifu|spa|1\n|\n|-damage|p2b: Miraidon|86/100|[from] move: Infestation|[partiallytrapped]\n|upkeep\n|turn|5\n|inactive|snively3 has 30 seconds left.\n|\n|t:|1775787830\n|switch|p1b: Miraidon|Miraidon, L50, shiny|100/100\n|-activate|p1b: Miraidon|ability: Hadron Engine\n|move|p1a: Araquanid|Infestation|p2a: Urshifu\n|-resisted|p2a: Urshifu\n|-damage|p2a: Urshifu|83/100\n|-activate|p2a: Urshifu|move: Infestation|[of] p1a: Araquanid\n|move|p2a: Urshifu|Surging Strikes|p1b: Miraidon\n|-resisted|p1b: Miraidon\n|-crit|p1b: Miraidon\n|-damage|p1b: Miraidon|86/100\n|-resisted|p1b: Miraidon\n|-crit|p1b: Miraidon\n|-damage|p1b: Miraidon|72/100\n|-resisted|p1b: Miraidon\n|-crit|p1b: Miraidon\n|-damage|p1b: Miraidon|58/100\n|-hitcount|p1b: Miraidon|3\n|move|p2b: Miraidon|Electro Drift|p1a: Araquanid\n|-supereffective|p1a: Araquanid\n|-damage|p1a: Araquanid|0 fnt\n|faint|p1a: Araquanid\n|\n|-end|p2a: Urshifu|Infestation|[partiallytrapped]|[silent]\n|-end|p2b: Miraidon|Infestation|[partiallytrapped]|[silent]\n|upkeep\n|\n|t:|1775787838\n|switch|p1a: Yo-chi|Chi-Yu, L50|100/100\n|-ability|p1a: Yo-chi|Beads of Ruin\n|turn|6\n|c|\u2606snively3|gg\n|inactive|snively3 has 30 seconds left.\n|j| Varanspire\n|\n|t:|1775787866\n|-terastallize|p1b: Miraidon|Electric\n|move|p2a: Urshifu|Surging Strikes|p1a: Yo-chi\n|-supereffective|p1a: Yo-chi\n|-crit|p1a: Yo-chi\n|-damage|p1a: Yo-chi|0 fnt\n|faint|p1a: Yo-chi\n|-hitcount|p1: Yo-chi|1\n|move|p1b: Miraidon|Electro Drift|p2a: Urshifu\n|-supereffective|p2a: Urshifu\n|-damage|p2a: Urshifu|0 fnt\n|faint|p2a: Urshifu\n|move|p2b: Miraidon|Draco Meteor|p1b: Miraidon\n|-damage|p1b: Miraidon|9/100\n|-unboost|p2b: Miraidon|spa|2\n|\n|-fieldend|move: Trick Room\n|upkeep\n|c|\u2606Crookedseahawk|gg\n|j| aurora ltd\n|l| aurora ltd\n|\n|t:|1775787888\n|switch|p2a: Lunala|Lunala, L50, tera:Fairy|52/100\n|-enditem|p2a: Lunala|Electric Seed\n|-boost|p2a: Lunala|def|1|[from] item: Electric Seed\n|turn|7\n|\n|t:|1775787903\n|move|p1b: Miraidon|Electro Drift|p2a: Lunala\n|-damage|p2a: Lunala|0 fnt\n|faint|p2a: Lunala\n|move|p2b: Miraidon|Volt Switch|p1b: Miraidon\n|-resisted|p1b: Miraidon\n|-damage|p1b: Miraidon|0 fnt\n|faint|p1b: Miraidon\n|\n|win|Crookedseahawk\n|j| aurora ltd\n|l| aurora ltd\n|l|\u2606Crookedseahawk\n|player|p2|\n|j| aurora ltd\n|l| Varanspire\n","uploadtime":1775787926,"views":8,"formatid":"gen9vgc2026regi","rating":null,"private":0,"password":null}