{"id":"gen9vgc2026regi-2526754893","format":"[Gen 9] VGC 2026 Reg I","players":["quagzacian","zonavideovigilada"],"log":"|j|\u2606quagzacian\n|j|\u2606zonavideovigilada\n|t:|1769454517\n|gametype|doubles\n|player|p1|quagzacian|265|1408\n|player|p2|zonavideovigilada|169|1541\n|gen|9\n|tier|[Gen 9] VGC 2026 Reg I\n|rated|\n|rule|Species Clause: Limit one of each Pok\u00e9mon\n|rule|Item Clause: Limit 1 of each item\n|clearpoke\n|poke|p1|Eternatus, L50|\n|poke|p1|Ho-Oh, L50|\n|poke|p1|Rillaboom, L50, F|\n|poke|p1|Incineroar, L50, M|\n|poke|p1|Ting-Lu, L50|\n|poke|p1|Vaporeon, L50, M|\n|poke|p2|Calyrex-Shadow, L50|\n|poke|p2|Zamazenta-*, L50|\n|poke|p2|Amoonguss, L50, M|\n|poke|p2|Chi-Yu, L50|\n|poke|p2|Rillaboom, L50, F|\n|poke|p2|Chien-Pao, L50|\n|teampreview|4\n|\n|t:|1769454539\n|teamsize|p1|4\n|teamsize|p2|4\n|start\n|switch|p1a: Eternatus|Eternatus, L50|100/100\n|switch|p1b: Incineroar|Incineroar, L50, M|100/100\n|switch|p2a: Zamazenta|Zamazenta-Crowned, L50|100/100\n|switch|p2b: Amoonguss|Amoonguss, L50, M|100/100\n|-ability|p1a: Eternatus|Pressure\n|-ability|p2a: Zamazenta|Dauntless Shield|boost\n|-boost|p2a: Zamazenta|def|1\n|-ability|p1b: Incineroar|Intimidate|boost\n|-unboost|p2a: Zamazenta|atk|1\n|-unboost|p2b: Amoonguss|atk|1\n|turn|1\n|inactive|Battle timer is ON: inactive players will automatically lose when time's up. (requested by zonavideovigilada)\n|\n|t:|1769454553\n|switch|p1b: Ho-Oh|Ho-Oh, L50|100/100\n|-terastallize|p2b: Amoonguss|Water\n|move|p1a: Eternatus|Protect|p1a: Eternatus\n|-singleturn|p1a: Eternatus|Protect\n|move|p2a: Zamazenta|Body Press|p1b: Ho-Oh\n|-resisted|p1b: Ho-Oh\n|-damage|p1b: Ho-Oh|79/100\n|-enditem|p1b: Ho-Oh|Red Card|[of] p2a: Zamazenta\n|drag|p2a: Calyrex|Calyrex-Shadow, L50|100/100\n|-ability|p2a: Calyrex|As One\n|-ability|p2a: Calyrex|Unnerve\n|move|p2b: Amoonguss|Spore|p1a: Eternatus\n|-activate|p1a: Eternatus|move: Protect\n|\n|upkeep\n|turn|2\n|\n|t:|1769454574\n|switch|p1b: Ting-Lu|Ting-Lu, L50|100/100\n|-ability|p1b: Ting-Lu|Vessel of Ruin\n|move|p2a: Calyrex|Encore|p1a: Eternatus\n|-start|p1a: Eternatus|Encore\n|move|p1a: Eternatus|Protect||[still]\n|-fail|p1a: Eternatus\n|move|p2b: Amoonguss|Spore|p1a: Eternatus\n|-status|p1a: Eternatus|slp|[from] move: Spore\n|\n|upkeep\n|turn|3\n|inactive|zonavideovigilada has 30 seconds left.\n|\n|t:|1769454604\n|cant|p1a: Eternatus|slp\n|move|p2a: Calyrex|Psychic|p1a: Eternatus\n|-supereffective|p1a: Eternatus\n|-damage|p1a: Eternatus|49/100 slp\n|move|p1b: Ting-Lu|Stealth Rock|p2a: Calyrex\n|-sidestart|p2: zonavideovigilada|move: Stealth Rock\n|move|p2b: Amoonguss|Spore|p1b: Ting-Lu\n|-status|p1b: Ting-Lu|slp|[from] move: Spore\n|\n|upkeep\n|turn|4\n|\n|t:|1769454623\n|switch|p1a: Incineroar|Incineroar, L50, M|100/100\n|-ability|p1a: Incineroar|Intimidate|boost\n|-unboost|p2a: Calyrex|atk|1\n|-unboost|p2b: Amoonguss|atk|1\n|move|p2a: Calyrex|Psychic|p1a: Incineroar\n|-immune|p1a: Incineroar\n|cant|p1b: Ting-Lu|slp\n|move|p2b: Amoonguss|Spore|p1a: Incineroar\n|-status|p1a: Incineroar|slp|[from] move: Spore\n|\n|upkeep\n|turn|5\n|\n|t:|1769454636\n|switch|p2b: Zamazenta|Zamazenta-Crowned, L50|100/100\n|-damage|p2b: Zamazenta|97/100|[from] Stealth Rock\n|move|p2a: Calyrex|Encore|p1b: Ting-Lu\n|-start|p1b: Ting-Lu|Encore\n|cant|p1a: Incineroar|slp\n|-curestatus|p1b: Ting-Lu|slp|[msg]\n|move|p1b: Ting-Lu|Stealth Rock||[still]\n|-fail|p1b: Ting-Lu\n|\n|upkeep\n|turn|6\n|\n|t:|1769454650\n|switch|p1a: Ho-Oh|Ho-Oh, L50|100/100\n|switch|p1b: Eternatus|Eternatus, L50|49/100 slp\n|-ability|p1b: Eternatus|Pressure\n|move|p2a: Calyrex|Astral Barrage|p1b: Eternatus|[spread] p1a,p1b\n|-damage|p1a: Ho-Oh|71/100\n|-damage|p1b: Eternatus|16/100 slp\n|move|p2b: Zamazenta|Body Press|p1a: Ho-Oh\n|-resisted|p1a: Ho-Oh\n|-damage|p1a: Ho-Oh|55/100\n|\n|upkeep\n|turn|7\n|\n|t:|1769454666\n|switch|p1b: Ting-Lu|Ting-Lu, L50|100/100\n|-ability|p1b: Ting-Lu|Vessel of Ruin\n|move|p2a: Calyrex|Astral Barrage|p1b: Ting-Lu|[spread] p1a,p1b\n|-resisted|p1b: Ting-Lu\n|-damage|p1a: Ho-Oh|30/100\n|-damage|p1b: Ting-Lu|88/100\n|move|p2b: Zamazenta|Body Press|p1a: Ho-Oh\n|-resisted|p1a: Ho-Oh\n|-damage|p1a: Ho-Oh|16/100\n|move|p1a: Ho-Oh|Sacred Fire|p2b: Zamazenta|[miss]\n|-miss|p1a: Ho-Oh|p2b: Zamazenta\n|\n|-heal|p1b: Ting-Lu|94/100|[from] item: Leftovers\n|upkeep\n|turn|8\n|\n|t:|1769454684\n|switch|p1a: Incineroar|Incineroar, L50, M|100/100 slp\n|-ability|p1a: Incineroar|Intimidate|boost\n|-unboost|p2a: Calyrex|atk|1\n|-unboost|p2b: Zamazenta|atk|1\n|move|p1b: Ting-Lu|Protect|p1b: Ting-Lu\n|-singleturn|p1b: Ting-Lu|Protect\n|move|p2a: Calyrex|Astral Barrage|p1a: Incineroar|[spread] p1a\n|-activate|p1b: Ting-Lu|move: Protect\n|-resisted|p1a: Incineroar\n|-damage|p1a: Incineroar|84/100 slp\n|move|p2b: Zamazenta|Body Press|p1a: Incineroar\n|-supereffective|p1a: Incineroar\n|-crit|p1a: Incineroar\n|-damage|p1a: Incineroar|0 fnt\n|-damage|p2b: Zamazenta|81/100|[from] item: Rocky Helmet|[of] p1a: Incineroar\n|faint|p1a: Incineroar\n|\n|-heal|p1b: Ting-Lu|99/100|[from] item: Leftovers\n|upkeep\n|\n|t:|1769454690\n|switch|p1a: Ho-Oh|Ho-Oh, L50|49/100\n|turn|9\n|inactive|zonavideovigilada has 30 seconds left.\n|\n|t:|1769454723\n|switch|p1b: Eternatus|Eternatus, L50|16/100 slp\n|-ability|p1b: Eternatus|Pressure\n|move|p2a: Calyrex|Encore||[still]\n|-fail|p2a: Calyrex\n|move|p2b: Zamazenta|Body Press|p1a: Ho-Oh\n|-resisted|p1a: Ho-Oh\n|-damage|p1a: Ho-Oh|33/100\n|move|p1a: Ho-Oh|Sacred Fire|p2b: Zamazenta\n|-supereffective|p2b: Zamazenta\n|-damage|p2b: Zamazenta|31/100\n|-status|p2b: Zamazenta|brn\n|\n|-damage|p2b: Zamazenta|25/100 brn|[from] brn\n|upkeep\n|turn|10\n|\n|t:|1769454736\n|switch|p1b: Ting-Lu|Ting-Lu, L50|99/100\n|-ability|p1b: Ting-Lu|Vessel of Ruin\n|move|p2a: Calyrex|Astral Barrage|p1b: Ting-Lu|[spread] p1a,p1b\n|-resisted|p1b: Ting-Lu\n|-damage|p1a: Ho-Oh|9/100\n|-damage|p1b: Ting-Lu|87/100\n|move|p2b: Zamazenta|Body Press|p1a: Ho-Oh\n|-resisted|p1a: Ho-Oh\n|-crit|p1a: Ho-Oh\n|-damage|p1a: Ho-Oh|0 fnt\n|faint|p1a: Ho-Oh\n|\n|-heal|p1b: Ting-Lu|93/100|[from] item: Leftovers\n|-damage|p2b: Zamazenta|18/100 brn|[from] brn\n|upkeep\n|-message|quagzacian forfeited.\n|\n|win|zonavideovigilada\n|raw|quagzacian's rating: 1408 &rarr; <strong>1395</strong><br />(-13 for losing)\n|raw|zonavideovigilada's rating: 1541 &rarr; <strong>1554</strong><br />(+13 for winning)\n|l|\u2606quagzacian\n|player|p1|\n|c|\u2606zonavideovigilada|Too many switches\n|c|\u2606zonavideovigilada|Very passive imo\n|l|\u2606zonavideovigilada\n|player|p2|\n","uploadtime":1769454957,"views":14,"formatid":"gen9vgc2026regi","rating":1395,"private":0,"password":null}