{"id":"gen9vgc2026regi-2518675398","format":"[Gen 9] VGC 2026 Reg I","players":["curfy27","dasabe\u76d6\u6b27\u5361\u4fa0"],"log":"|j|\u2606curfy27\n|j|\u2606dasabe\u76d6\u6b27\u5361\u4fa0\n|t:|1768415380\n|gametype|doubles\n|player|p1|curfy27|265|1367\n|player|p2|dasabe\u76d6\u6b27\u5361\u4fa0|may-masters4|1447\n|gen|9\n|tier|[Gen 9] VGC 2026 Reg I\n|rated|\n|rule|Species Clause: Limit one of each Pok\u00e9mon\n|rule|Item Clause: Limit 1 of each item\n|clearpoke\n|poke|p1|Zacian-*, L50|\n|poke|p1|Lunala, L50|\n|poke|p1|Umbreon, L50, F|\n|poke|p1|Urshifu-*, L50, F|\n|poke|p1|Rillaboom, L50, F|\n|poke|p1|Thundurus, L50, M|\n|poke|p2|Kyogre, L50|\n|poke|p2|Miraidon, L50|\n|poke|p2|Whimsicott, L50, F|\n|poke|p2|Iron Hands, L50|\n|poke|p2|Farigiraf, L50, F|\n|poke|p2|Urshifu-*, L50, M|\n|teampreview|4\n|\n|t:|1768415401\n|teamsize|p1|4\n|teamsize|p2|4\n|start\n|switch|p1a: Zacian|Zacian-Crowned, L50|100/100\n|switch|p1b: Rillaboom|Rillaboom, L50, F|100/100\n|switch|p2a: \u5996\u820d\u7cbe\u62c9|Whimsicott, L50, F, shiny|100/100\n|switch|p2b: \u6210\u90fd\u8001\u76d6|Kyogre, L50, shiny|100/100\n|-ability|p1a: Zacian|Intrepid Sword|boost\n|-boost|p1a: Zacian|atk|1\n|-fieldstart|move: Grassy Terrain|[from] ability: Grassy Surge|[of] p1b: Rillaboom\n|-weather|RainDance|[from] ability: Drizzle|[of] p2b: \u6210\u90fd\u8001\u76d6\n|turn|1\n|\n|t:|1768415420\n|move|p1b: Rillaboom|Fake Out|p2a: \u5996\u820d\u7cbe\u62c9\n|-damage|p2a: \u5996\u820d\u7cbe\u62c9|82/100\n|cant|p2a: \u5996\u820d\u7cbe\u62c9|flinch\n|move|p1a: Zacian|Behemoth Blade|p2a: \u5996\u820d\u7cbe\u62c9\n|-supereffective|p2a: \u5996\u820d\u7cbe\u62c9\n|-damage|p2a: \u5996\u820d\u7cbe\u62c9|0 fnt\n|faint|p2a: \u5996\u820d\u7cbe\u62c9\n|move|p2b: \u6210\u90fd\u8001\u76d6|Origin Pulse|p1b: Rillaboom|[spread] p1a,p1b\n|-resisted|p1b: Rillaboom\n|-damage|p1a: Zacian|0 fnt\n|-damage|p1b: Rillaboom|60/100\n|faint|p1a: Zacian\n|\n|-weather|RainDance|[upkeep]\n|-heal|p1b: Rillaboom|66/100|[from] Grassy Terrain\n|upkeep\n|\n|t:|1768415436\n|switch|p1a: Thundurus|Thundurus, L50, M|100/100\n|switch|p2a: \u94f6\u91d1\u5996\u86c7|Miraidon, L50, shiny|100/100\n|-fieldstart|move: Electric Terrain|[from] ability: Hadron Engine|[of] p2a: \u94f6\u91d1\u5996\u86c7\n|turn|2\n|\n|t:|1768415464\n|switch|p2b: \u5c0f\u5934\u63a7\u5927\u5934|Farigiraf, L50, F, shiny|100/100\n|-enditem|p2b: \u5c0f\u5934\u63a7\u5927\u5934|Electric Seed\n|-boost|p2b: \u5c0f\u5934\u63a7\u5927\u5934|def|1|[from] item: Electric Seed\n|move|p1a: Thundurus|Eerie Impulse||[still]\n|cant|p2b: \u5c0f\u5934\u63a7\u5927\u5934|ability: Armor Tail|Eerie Impulse|[of] p1a: Thundurus\n|move|p2a: \u94f6\u91d1\u5996\u86c7|Electro Drift|p1a: Thundurus\n|-damage|p1a: Thundurus|0 fnt\n|faint|p1a: Thundurus\n|-damage|p2a: \u94f6\u91d1\u5996\u86c7|91/100|[from] item: Life Orb\n|move|p1b: Rillaboom|Drum Beating|p2b: \u5c0f\u5934\u63a7\u5927\u5934\n|-damage|p2b: \u5c0f\u5934\u63a7\u5927\u5934|79/100\n|-unboost|p2b: \u5c0f\u5934\u63a7\u5927\u5934|spe|1\n|\n|-weather|RainDance|[upkeep]\n|upkeep\n|\n|t:|1768415479\n|switch|p1a: Lunala|Lunala, L50|100/100\n|turn|3\n|\n|t:|1768415490\n|move|p2a: \u94f6\u91d1\u5996\u86c7|Draco Meteor|p1b: Rillaboom\n|-damage|p1b: Rillaboom|0 fnt\n|-unboost|p2a: \u94f6\u91d1\u5996\u86c7|spa|2\n|faint|p1b: Rillaboom\n|-damage|p2a: \u94f6\u91d1\u5996\u86c7|81/100|[from] item: Life Orb\n|move|p1a: Lunala|Meteor Beam||[still]\n|-prepare|p1a: Lunala|Meteor Beam\n|-boost|p1a: Lunala|spa|1\n|-enditem|p1a: Lunala|Power Herb\n|-anim|p1a: Lunala|Meteor Beam|p2a: \u94f6\u91d1\u5996\u86c7\n|-damage|p2a: \u94f6\u91d1\u5996\u86c7|19/100\n|move|p2b: \u5c0f\u5934\u63a7\u5927\u5934|Imprison|p2b: \u5c0f\u5934\u63a7\u5927\u5934\n|-start|p2b: \u5c0f\u5934\u63a7\u5927\u5934|move: Imprison\n|\n|-weather|RainDance|[upkeep]\n|upkeep\n|turn|4\n|\n|t:|1768415508\n|move|p2a: \u94f6\u91d1\u5996\u86c7|Electro Drift|p1a: Lunala\n|-damage|p1a: Lunala|78/100\n|-damage|p2a: \u94f6\u91d1\u5996\u86c7|9/100|[from] item: Life Orb\n|move|p1a: Lunala|Moongeist Beam|p2a: \u94f6\u91d1\u5996\u86c7\n|-damage|p2a: \u94f6\u91d1\u5996\u86c7|0 fnt\n|faint|p2a: \u94f6\u91d1\u5996\u86c7\n|move|p2b: \u5c0f\u5934\u63a7\u5927\u5934|Psychic|p1a: Lunala\n|-resisted|p1a: Lunala\n|-damage|p1a: Lunala|68/100\n|\n|-weather|RainDance|[upkeep]\n|upkeep\n|\n|t:|1768415510\n|switch|p2a: \u6210\u90fd\u8001\u76d6|Kyogre, L50, shiny|100/100\n|turn|5\n|\n|t:|1768415526\n|-terastallize|p2a: \u6210\u90fd\u8001\u76d6|Water\n|-terastallize|p1a: Lunala|Water\n|move|p2b: \u5c0f\u5934\u63a7\u5927\u5934|Helping Hand|p2a: \u6210\u90fd\u8001\u76d6\n|-singleturn|p2a: \u6210\u90fd\u8001\u76d6|Helping Hand|[of] p2b: \u5c0f\u5934\u63a7\u5927\u5934\n|move|p2a: \u6210\u90fd\u8001\u76d6|Water Spout|p1a: Lunala\n|-resisted|p1a: Lunala\n|-damage|p1a: Lunala|0 fnt\n|faint|p1a: Lunala\n|\n|win|dasabe\u76d6\u6b27\u5361\u4fa0\n|raw|curfy27's rating: 1367 &rarr; <strong>1352</strong><br />(-15 for losing)\n|raw|dasabe\u76d6\u6b27\u5361\u4fa0's rating: 1447 &rarr; <strong>1462</strong><br />(+15 for winning)\n|l|\u2606curfy27\n|player|p1|\n|l|\u2606dasabe\u76d6\u6b27\u5361\u4fa0\n|player|p2|\n","uploadtime":1768415761,"views":29,"formatid":"gen9vgc2026regi","rating":1352,"private":0,"password":null}