{"id":"gen9vgc2026regi-2531659487","format":"[Gen 9] VGC 2026 Reg I","players":["alexit93","no89"],"log":"|j|\u2606alexit93\n|j|\u2606no89\n|t:|1770080726\n|gametype|doubles\n|player|p1|alexit93|lucas-gen4pt|1291\n|player|p2|no89|pokemonbreeder-gen4|1422\n|gen|9\n|tier|[Gen 9] VGC 2026 Reg I\n|rated|\n|rule|Species Clause: Limit one of each Pok\u00e9mon\n|rule|Item Clause: Limit 1 of each item\n|clearpoke\n|poke|p1|Zamazenta-*, L50|\n|poke|p1|Riolu, L50, M|\n|poke|p1|Calyrex-Ice, L50|\n|poke|p1|Rillaboom, L50, M|\n|poke|p1|Incineroar, L50, F|\n|poke|p1|Urshifu-*, L50, F|\n|poke|p2|Ho-Oh, L50|\n|poke|p2|Zamazenta-*, L50|\n|poke|p2|Rillaboom, L50, F|\n|poke|p2|Ogerpon-Cornerstone, L50, F|\n|poke|p2|Flutter Mane, L50|\n|poke|p2|Chi-Yu, L50|\n|teampreview|4\n|j| chilithedino\n|l| chilithedino\n|\n|t:|1770080759\n|teamsize|p1|4\n|teamsize|p2|4\n|start\n|switch|p1a: Calyrex|Calyrex-Ice, L50|100/100\n|switch|p1b: Incineroar|Incineroar, L50, F|100/100\n|switch|p2a: Zamazenta|Zamazenta-Crowned, L50|100/100\n|switch|p2b: Chi-Yu|Chi-Yu, L50|100/100\n|-ability|p1a: Calyrex|As One\n|-ability|p1a: Calyrex|Unnerve\n|-ability|p2b: Chi-Yu|Beads of Ruin\n|-ability|p2a: Zamazenta|Dauntless Shield|boost\n|-boost|p2a: Zamazenta|def|1\n|-ability|p1b: Incineroar|Intimidate|boost\n|-unboost|p2a: Zamazenta|atk|1\n|-unboost|p2b: Chi-Yu|atk|1\n|turn|1\n|\n|t:|1770080784\n|-terastallize|p1a: Calyrex|Ground\n|move|p1b: Incineroar|Fake Out|p2a: Zamazenta\n|-resisted|p2a: Zamazenta\n|-damage|p2a: Zamazenta|98/100\n|move|p2b: Chi-Yu|Heat Wave|p1b: Incineroar|[spread] p1a,p1b\n|-resisted|p1b: Incineroar\n|-damage|p1a: Calyrex|61/100\n|-damage|p1b: Incineroar|78/100\n|cant|p2a: Zamazenta|flinch\n|move|p1a: Calyrex|Trick Room|p1a: Calyrex\n|-fieldstart|move: Trick Room|[of] p1a: Calyrex\n|\n|upkeep\n|turn|2\n|\n|t:|1770080800\n|switch|p2b: Ho-Oh|Ho-Oh, L50|100/100\n|move|p1a: Calyrex|High Horsepower|p2b: Ho-Oh\n|-immune|p2b: Ho-Oh\n|move|p1b: Incineroar|Will-O-Wisp|p2a: Zamazenta\n|-status|p2a: Zamazenta|brn\n|move|p2a: Zamazenta|Body Press|p1b: Incineroar\n|-supereffective|p1b: Incineroar\n|-damage|p1b: Incineroar|18/100\n|-damage|p2a: Zamazenta|82/100 brn|[from] item: Rocky Helmet|[of] p1b: Incineroar\n|\n|-damage|p2a: Zamazenta|76/100 brn|[from] brn\n|upkeep\n|turn|3\n|\n|t:|1770080814\n|move|p1a: Calyrex|High Horsepower|p2a: Zamazenta\n|-supereffective|p2a: Zamazenta\n|-damage|p2a: Zamazenta|21/100 brn\n|move|p1b: Incineroar|Parting Shot|p2a: Zamazenta\n|-unboost|p2a: Zamazenta|atk|1\n|-unboost|p2a: Zamazenta|spa|1\n|\n|t:|1770080818\n|switch|p1b: Riolu|Riolu, L50, M|100/100|[from] Parting Shot\n|move|p2b: Ho-Oh|Sacred Fire|p1a: Calyrex\n|-damage|p1a: Calyrex|31/100\n|-status|p1a: Calyrex|brn\n|move|p2a: Zamazenta|Body Press|p1b: Riolu\n|-damage|p1b: Riolu|58/100\n|\n|-damage|p1a: Calyrex|25/100 brn|[from] brn\n|-damage|p2a: Zamazenta|15/100 brn|[from] brn\n|upkeep\n|turn|4\n|\n|t:|1770080835\n|move|p2a: Zamazenta|Wide Guard|p2a: Zamazenta\n|-singleturn|p2a: Zamazenta|Wide Guard\n|move|p1b: Riolu|Coaching|p1a: Calyrex\n|-boost|p1a: Calyrex|atk|1\n|-boost|p1a: Calyrex|def|1\n|move|p1a: Calyrex|Glacial Lance|p2b: Ho-Oh|[spread] \n|-activate|p2a: Zamazenta|move: Wide Guard\n|-activate|p2b: Ho-Oh|move: Wide Guard\n|move|p2b: Ho-Oh|Brave Bird|p1a: Calyrex\n|-damage|p1a: Calyrex|1/100 brn\n|-damage|p2b: Ho-Oh|93/100|[from] Recoil\n|\n|-damage|p1a: Calyrex|0 fnt|[from] brn\n|faint|p1a: Calyrex\n|-damage|p2a: Zamazenta|9/100 brn|[from] brn\n|upkeep\n|\n|t:|1770080840\n|switch|p1a: Zamazenta|Zamazenta-Crowned, L50, shiny|100/100\n|-ability|p1a: Zamazenta|Dauntless Shield|boost\n|-boost|p1a: Zamazenta|def|1\n|turn|5\n|\n|t:|1770080848\n|move|p1a: Zamazenta|Protect|p1a: Zamazenta\n|-singleturn|p1a: Zamazenta|Protect\n|move|p1b: Riolu|Coaching|p1a: Zamazenta\n|-boost|p1a: Zamazenta|atk|1\n|-boost|p1a: Zamazenta|def|1\n|move|p2b: Ho-Oh|Brave Bird|p1b: Riolu\n|-supereffective|p1b: Riolu\n|-damage|p1b: Riolu|0 fnt\n|faint|p1b: Riolu\n|-damage|p2b: Ho-Oh|79/100|[from] Recoil\n|move|p2a: Zamazenta|Body Press|p1a: Zamazenta\n|-activate|p1a: Zamazenta|move: Protect\n|\n|-damage|p2a: Zamazenta|3/100 brn|[from] brn\n|-fieldend|move: Trick Room\n|upkeep\n|\n|t:|1770080853\n|switch|p1b: Incineroar|Incineroar, L50, F|18/100\n|-ability|p1b: Incineroar|Intimidate|boost\n|-unboost|p2a: Zamazenta|atk|1\n|-fail|p2b: Ho-Oh|unboost|[from] item: Clear Amulet|[of] p2b: Ho-Oh\n|turn|6\n|\n|t:|1770080862\n|move|p1b: Incineroar|Fake Out|p2b: Ho-Oh\n|-damage|p2b: Ho-Oh|69/100\n|move|p1a: Zamazenta|Behemoth Bash|p2b: Ho-Oh\n|-resisted|p2b: Ho-Oh\n|-damage|p2b: Ho-Oh|45/100\n|move|p2a: Zamazenta|Body Press|p1b: Incineroar\n|-supereffective|p1b: Incineroar\n|-damage|p1b: Incineroar|0 fnt\n|-damage|p2a: Zamazenta|0 fnt|[from] item: Rocky Helmet|[of] p1b: Incineroar\n|faint|p1b: Incineroar\n|faint|p2a: Zamazenta\n|cant|p2b: Ho-Oh|flinch\n|\n|upkeep\n|-message|alexit93 forfeited.\n|\n|win|no89\n|raw|alexit93's rating: 1291 &rarr; <strong>1275</strong><br />(-16 for losing)\n|raw|no89's rating: 1422 &rarr; <strong>1435</strong><br />(+13 for winning)\n|l|\u2606alexit93\n|player|p1|\n|l|\u2606no89\n|player|p2|\n","uploadtime":1770081085,"views":14,"formatid":"gen9vgc2026regi","rating":1275,"private":0,"password":null}