{"id":"gen9vgc2026regi-2563698800","format":"[Gen 9] VGC 2026 Reg I","players":["no_zoroark","SnarkyShane"],"log":"|j|\u2606no_zoroark\n|j|\u2606SnarkyShane\n|t:|1774051586\n|gametype|doubles\n|player|p1|no_zoroark|2|1368\n|player|p2|SnarkyShane|gambler|1478\n|gen|9\n|tier|[Gen 9] VGC 2026 Reg I\n|rated|\n|rule|Species Clause: Limit one of each Pok\u00e9mon\n|rule|Item Clause: Limit 1 of each item\n|clearpoke\n|poke|p1|Koraidon, L50|\n|poke|p1|Raging Bolt, L50|\n|poke|p1|Ho-Oh, L50|\n|poke|p1|Iron Treads, L50|\n|poke|p1|Incineroar, L50, M|\n|poke|p1|Flutter Mane, L50|\n|poke|p2|Rayquaza, L50|\n|poke|p2|Calyrex-Shadow, L50|\n|poke|p2|Chien-Pao, L50|\n|poke|p2|Ting-Lu, L50|\n|poke|p2|Amoonguss, L50, F|\n|poke|p2|Avalugg-Hisui, L50, M|\n|teampreview|4\n|inactive|Battle timer is ON: inactive players will automatically lose when time's up. (requested by SnarkyShane)\n|inactive|no_zoroark has 60 seconds left.\n|inactive|SnarkyShane has 60 seconds left.\n|inactive|SnarkyShane has 30 seconds left.\n|\n|t:|1774051648\n|teamsize|p1|4\n|teamsize|p2|4\n|start\n|switch|p1a: Incineroar|Incineroar, L50, M|100/100\n|switch|p1b: Ho-Oh|Ho-Oh, L50|100/100\n|switch|p2a: Victor Creed|Chien-Pao, L50|100/100\n|switch|p2b: FesterinEquestrian|Calyrex-Shadow, L50|100/100\n|-ability|p2b: FesterinEquestrian|As One\n|-ability|p2b: FesterinEquestrian|Unnerve\n|-ability|p2a: Victor Creed|Sword of Ruin\n|-ability|p1a: Incineroar|Intimidate|boost\n|-unboost|p2a: Victor Creed|atk|1\n|-unboost|p2b: FesterinEquestrian|atk|1\n|turn|1\n|inactive|SnarkyShane has 30 seconds left.\n|\n|t:|1774051681\n|switch|p2a: Rock 'em Sock 'em|Avalugg-Hisui, L50, M|100/100\n|move|p1a: Incineroar|Fake Out|p2a: Rock 'em Sock 'em\n|-resisted|p2a: Rock 'em Sock 'em\n|-damage|p2a: Rock 'em Sock 'em|98/100\n|move|p2b: FesterinEquestrian|Psychic|p1b: Ho-Oh\n|-damage|p1b: Ho-Oh|68/100\n|move|p1b: Ho-Oh|Tailwind|p1b: Ho-Oh\n|-sidestart|p1: no_zoroark|move: Tailwind\n|\n|upkeep\n|turn|2\n|inactive|SnarkyShane has 30 seconds left.\n|\n|t:|1774051708\n|move|p1b: Ho-Oh|Protect|p1b: Ho-Oh\n|-singleturn|p1b: Ho-Oh|Protect\n|move|p2b: FesterinEquestrian|Psychic|p1b: Ho-Oh\n|-activate|p1b: Ho-Oh|move: Protect\n|move|p1a: Incineroar|Knock Off|p2b: FesterinEquestrian\n|-supereffective|p2b: FesterinEquestrian\n|-enditem|p2b: FesterinEquestrian|Focus Sash\n|-damage|p2b: FesterinEquestrian|1/100\n|move|p2a: Rock 'em Sock 'em|Rock Blast|p1b: Ho-Oh\n|-activate|p1b: Ho-Oh|move: Protect\n|\n|upkeep\n|turn|3\n|inactive|no_zoroark has 30 seconds left.\n|inactive|no_zoroark has 20 seconds left.\n|\n|t:|1774051746\n|-terastallize|p1a: Incineroar|Water\n|move|p1b: Ho-Oh|Sacred Fire|p2a: Rock 'em Sock 'em\n|-damage|p2a: Rock 'em Sock 'em|72/100\n|move|p2b: FesterinEquestrian|Psychic|p1b: Ho-Oh\n|-damage|p1b: Ho-Oh|35/100\n|move|p1a: Incineroar|Knock Off|p2b: FesterinEquestrian\n|-supereffective|p2b: FesterinEquestrian\n|-damage|p2b: FesterinEquestrian|0 fnt\n|faint|p2b: FesterinEquestrian\n|move|p2a: Rock 'em Sock 'em|Icicle Spear|p1b: Ho-Oh\n|-damage|p1b: Ho-Oh|24/100\n|-damage|p1b: Ho-Oh|10/100\n|-damage|p1b: Ho-Oh|0 fnt\n|faint|p1b: Ho-Oh\n|-hitcount|p1: Ho-Oh|3\n|\n|upkeep\n|\n|t:|1774051765\n|switch|p2b: Noodle Del Muerte|Rayquaza, L50|100/100\n|switch|p1b: Koraidon|Koraidon, L50|100/100\n|-weather|SunnyDay|[from] ability: Orichalcum Pulse|[of] p1b: Koraidon\n|-activate|p1b: Koraidon|Orichalcum Pulse|[source]\n|-ability|p2b: Noodle Del Muerte|Air Lock\n|turn|4\n|\n|t:|1774051779\n|move|p1b: Koraidon|Scale Shot|p2b: Noodle Del Muerte\n|-supereffective|p2b: Noodle Del Muerte\n|-damage|p2b: Noodle Del Muerte|72/100\n|-supereffective|p2b: Noodle Del Muerte\n|-damage|p2b: Noodle Del Muerte|43/100\n|-supereffective|p2b: Noodle Del Muerte\n|-damage|p2b: Noodle Del Muerte|12/100\n|-supereffective|p2b: Noodle Del Muerte\n|-crit|p2b: Noodle Del Muerte\n|-damage|p2b: Noodle Del Muerte|0 fnt\n|faint|p2b: Noodle Del Muerte\n|-hitcount|p2: Noodle Del Muerte|4\n|-unboost|p1b: Koraidon|def|1\n|-boost|p1b: Koraidon|spe|1\n|move|p1a: Incineroar|Will-O-Wisp|p2a: Rock 'em Sock 'em|[miss]\n|-miss|p1a: Incineroar|p2a: Rock 'em Sock 'em\n|move|p2a: Rock 'em Sock 'em|Icicle Spear|p1b: Koraidon\n|-supereffective|p1b: Koraidon\n|-damage|p1b: Koraidon|60/100\n|-supereffective|p1b: Koraidon\n|-damage|p1b: Koraidon|19/100\n|-supereffective|p1b: Koraidon\n|-damage|p1b: Koraidon|0 fnt\n|faint|p1b: Koraidon\n|-hitcount|p1: Koraidon|3\n|\n|-weather|SunnyDay|[upkeep]\n|-sideend|p1: no_zoroark|move: Tailwind\n|upkeep\n|\n|t:|1774051803\n|switch|p1b: Flutter Mane|Flutter Mane, L50|100/100\n|switch|p2b: Victor Creed|Chien-Pao, L50|100/100\n|-ability|p2b: Victor Creed|Sword of Ruin\n|-activate|p1b: Flutter Mane|ability: Protosynthesis\n|-start|p1b: Flutter Mane|protosynthesisspe\n|turn|5\n|\n|t:|1774051826\n|move|p2a: Rock 'em Sock 'em|Wide Guard|p2a: Rock 'em Sock 'em\n|-singleturn|p2a: Rock 'em Sock 'em|Wide Guard\n|move|p2b: Victor Creed|Sucker Punch|p1b: Flutter Mane\n|-enditem|p1b: Flutter Mane|Focus Sash\n|-damage|p1b: Flutter Mane|1/100\n|-damage|p2b: Victor Creed|91/100|[from] item: Life Orb\n|move|p1b: Flutter Mane|Moonblast|p2b: Victor Creed\n|-supereffective|p2b: Victor Creed\n|-damage|p2b: Victor Creed|0 fnt\n|faint|p2b: Victor Creed\n|move|p1a: Incineroar|Will-O-Wisp|p2a: Rock 'em Sock 'em\n|-status|p2a: Rock 'em Sock 'em|brn\n|\n|-weather|SunnyDay|[upkeep]\n|-damage|p2a: Rock 'em Sock 'em|66/100 brn|[from] brn\n|upkeep\n|turn|6\n|-message|SnarkyShane forfeited.\n|\n|win|no_zoroark\n|raw|no_zoroark's rating: 1368 &rarr; <strong>1394</strong><br />(+26 for winning)\n|raw|SnarkyShane's rating: 1478 &rarr; <strong>1452</strong><br />(-26 for losing)\n|l|\u2606SnarkyShane\n|player|p2|\n|l|\u2606no_zoroark\n|player|p1|\n","uploadtime":1774052026,"views":22,"formatid":"gen9vgc2026regi","rating":1394,"private":0,"password":null}