{"id":"gen9vgc2026regi-2565677507","format":"[Gen 9] VGC 2026 Reg I","players":["terafireflareblitz","OUFR snakeburger"],"log":"|j|\u2606terafireflareblitz\n|j|\u2606OUFR snakeburger\n|t:|1774294623\n|gametype|doubles\n|player|p1|terafireflareblitz|sycamore|1547\n|player|p2|OUFR snakeburger|169|1538\n|gen|9\n|tier|[Gen 9] VGC 2026 Reg I\n|rated|\n|rule|Species Clause: Limit one of each Pok\u00e9mon\n|rule|Item Clause: Limit 1 of each item\n|clearpoke\n|poke|p1|Koraidon, L50|\n|poke|p1|Lunala, L50|\n|poke|p1|Indeedee-F, L50, F|\n|poke|p1|Flutter Mane, L50|\n|poke|p1|Volcarona, L50, M|\n|poke|p1|Ursaluna, L50, M|\n|poke|p2|Calyrex-Shadow, L50|\n|poke|p2|Zamazenta-*, L50|\n|poke|p2|Chien-Pao, L50|\n|poke|p2|Dragonite, L50, M|\n|poke|p2|Raging Bolt, L50|\n|poke|p2|Amoonguss, L50, F|\n|teampreview|4\n|inactive|Battle timer is ON: inactive players will automatically lose when time's up. (requested by terafireflareblitz)\n|c|\u2606OUFR snakeburger|glhf\n|\n|t:|1774294653\n|teamsize|p1|4\n|teamsize|p2|4\n|start\n|switch|p1a: Lunala|Lunala, L50, shiny|100/100\n|switch|p1b: Indeedee|Indeedee-F, L50, F|100/100\n|switch|p2a: Zamazenta|Zamazenta-Crowned, L50|100/100\n|switch|p2b: Amoonguss|Amoonguss, L50, F|100/100\n|-ability|p2a: Zamazenta|Dauntless Shield|boost\n|-boost|p2a: Zamazenta|def|1\n|-fieldstart|move: Psychic Terrain|[from] ability: Psychic Surge|[of] p1b: Indeedee\n|turn|1\n|inactive|terafireflareblitz has 30 seconds left.\n|inactive|OUFR snakeburger has 30 seconds left.\n|inactive|terafireflareblitz has 20 seconds left.\n|inactive|OUFR snakeburger has 20 seconds left.\n|inactive|terafireflareblitz has 15 seconds left.\n|\n|t:|1774294698\n|move|p2b: Amoonguss|Protect|p2b: Amoonguss\n|-singleturn|p2b: Amoonguss|Protect\n|move|p1b: Indeedee|Follow Me|p1b: Indeedee\n|-singleturn|p1b: Indeedee|move: Follow Me\n|move|p2a: Zamazenta|Body Press|p1b: Indeedee\n|-damage|p1b: Indeedee|32/100\n|move|p1a: Lunala|Expanding Force|p2b: Amoonguss|[spread] p2a\n|-activate|p2b: Amoonguss|move: Protect\n|-damage|p2a: Zamazenta|57/100\n|\n|upkeep\n|turn|2\n|\n|t:|1774294717\n|move|p2a: Zamazenta|Wide Guard|p2a: Zamazenta\n|-singleturn|p2a: Zamazenta|Wide Guard\n|move|p1b: Indeedee|Follow Me|p1b: Indeedee\n|-singleturn|p1b: Indeedee|move: Follow Me\n|move|p1a: Lunala|Meteor Beam||[still]\n|-prepare|p1a: Lunala|Meteor Beam\n|-boost|p1a: Lunala|spa|1\n|-enditem|p1a: Lunala|Power Herb\n|-anim|p1a: Lunala|Meteor Beam|p2b: Amoonguss\n|-damage|p2b: Amoonguss|47/100\n|move|p2b: Amoonguss|Sludge Bomb|p1b: Indeedee\n|-damage|p1b: Indeedee|7/100\n|\n|upkeep\n|turn|3\n|j| bakagames\n|l| bakagames\n|inactive|OUFR snakeburger has 30 seconds left.\n|\n|t:|1774294749\n|switch|p2b: Raging Bolt|Raging Bolt, L50|100/100\n|-enditem|p2b: Raging Bolt|Booster Energy\n|-activate|p2b: Raging Bolt|ability: Protosynthesis|[fromitem]\n|-start|p2b: Raging Bolt|protosynthesisspa\n|move|p2a: Zamazenta|Body Press|p1b: Indeedee\n|-damage|p1b: Indeedee|0 fnt\n|faint|p1b: Indeedee\n|move|p1a: Lunala|Moongeist Beam|p2b: Raging Bolt\n|-damage|p2b: Raging Bolt|27/100\n|\n|upkeep\n|\n|t:|1774294753\n|switch|p1b: Volcarona|Volcarona, L50, M|100/100\n|turn|4\n|inactive|OUFR snakeburger has 30 seconds left.\n|inactive|OUFR snakeburger has 20 seconds left.\n|\n|t:|1774294791\n|move|p2a: Zamazenta|Protect|p2a: Zamazenta\n|-singleturn|p2a: Zamazenta|Protect\n|move|p1a: Lunala|Expanding Force|p2a: Zamazenta|[spread] p2b\n|-activate|p2a: Zamazenta|move: Protect\n|-damage|p2b: Raging Bolt|0 fnt\n|faint|p2b: Raging Bolt\n|-end|p2b: Raging Bolt|Protosynthesis|[silent]\n|move|p1b: Volcarona|Tailwind|p1b: Volcarona\n|-sidestart|p1: terafireflareblitz|move: Tailwind\n|\n|upkeep\n|\n|t:|1774294797\n|switch|p2b: Amoonguss|Amoonguss, L50, F|80/100\n|turn|5\n|\n|t:|1774294820\n|-terastallize|p2a: Zamazenta|Dragon\n|move|p2b: Amoonguss|Protect|p2b: Amoonguss\n|-singleturn|p2b: Amoonguss|Protect\n|move|p1a: Lunala|Moongeist Beam|p2b: Amoonguss\n|-activate|p2b: Amoonguss|move: Protect\n|move|p1b: Volcarona|Will-O-Wisp|p2a: Zamazenta\n|-status|p2a: Zamazenta|brn\n|move|p2a: Zamazenta|Heavy Slam|p1a: Lunala\n|-damage|p1a: Lunala|90/100\n|\n|-damage|p2a: Zamazenta|51/100 brn|[from] brn\n|-fieldend|move: Psychic Terrain\n|upkeep\n|turn|6\n|\n|t:|1774294836\n|move|p2a: Zamazenta|Wide Guard|p2a: Zamazenta\n|-singleturn|p2a: Zamazenta|Wide Guard\n|move|p1b: Volcarona|Rage Powder|p1b: Volcarona\n|-singleturn|p1b: Volcarona|move: Rage Powder\n|move|p1a: Lunala|Expanding Force|p2b: Amoonguss\n|-supereffective|p2b: Amoonguss\n|-damage|p2b: Amoonguss|0 fnt\n|faint|p2b: Amoonguss\n|\n|-damage|p2a: Zamazenta|45/100 brn|[from] brn\n|upkeep\n|\n|t:|1774294842\n|switch|p2b: Calyrex|Calyrex-Shadow, L50|100/100\n|-ability|p2b: Calyrex|As One\n|-ability|p2b: Calyrex|Unnerve\n|turn|7\n|\n|t:|1774294853\n|-terastallize|p1a: Lunala|Water\n|move|p2b: Calyrex|Protect|p2b: Calyrex\n|-singleturn|p2b: Calyrex|Protect\n|move|p2a: Zamazenta|Protect||[still]\n|-fail|p2a: Zamazenta\n|move|p1a: Lunala|Moongeist Beam|p2b: Calyrex\n|-activate|p2b: Calyrex|move: Protect\n|move|p1b: Volcarona|Struggle Bug|p2b: Calyrex|[spread] p2a\n|-activate|p2b: Calyrex|move: Protect\n|-damage|p2a: Zamazenta|34/100 brn\n|-unboost|p2a: Zamazenta|spa|1\n|\n|-damage|p2a: Zamazenta|28/100 brn|[from] brn\n|-sideend|p1: terafireflareblitz|move: Tailwind\n|upkeep\n|turn|8\n|\n|t:|1774294865\n|move|p2b: Calyrex|Astral Barrage|p1a: Lunala|[spread] p1a,p1b\n|-damage|p1a: Lunala|49/100\n|-damage|p1b: Volcarona|52/100\n|move|p2a: Zamazenta|Body Press|p1a: Lunala\n|-damage|p1a: Lunala|22/100\n|move|p1a: Lunala|Moongeist Beam|p2a: Zamazenta\n|-damage|p2a: Zamazenta|0 fnt\n|faint|p2a: Zamazenta\n|move|p1b: Volcarona|Tailwind|p1b: Volcarona\n|-sidestart|p1: terafireflareblitz|move: Tailwind\n|\n|upkeep\n|turn|9\n|\n|t:|1774294886\n|move|p2b: Calyrex|Protect|p2b: Calyrex\n|-singleturn|p2b: Calyrex|Protect\n|move|p1a: Lunala|Moongeist Beam|p2b: Calyrex\n|-activate|p2b: Calyrex|move: Protect\n|move|p1b: Volcarona|Struggle Bug|p2b: Calyrex\n|-activate|p2b: Calyrex|move: Protect\n|\n|upkeep\n|turn|10\n|\n|t:|1774294890\n|move|p1a: Lunala|Moongeist Beam|p2b: Calyrex\n|-supereffective|p2b: Calyrex\n|-enditem|p2b: Calyrex|Focus Sash\n|-damage|p2b: Calyrex|1/100\n|move|p1b: Volcarona|Struggle Bug|p2b: Calyrex\n|-damage|p2b: Calyrex|0 fnt\n|faint|p2b: Calyrex\n|\n|win|terafireflareblitz\n|raw|terafireflareblitz's rating: 1547 &rarr; <strong>1566</strong><br />(+19 for winning)\n|raw|OUFR snakeburger's rating: 1538 &rarr; <strong>1519</strong><br />(-19 for losing)\n","uploadtime":1774294891,"views":36,"formatid":"gen9vgc2026regi","rating":1519,"private":0,"password":null}