{"id":"gen9vgc2026regi-2565664200","format":"[Gen 9] VGC 2026 Reg I","players":["theminesoftagawa","Sheevp"],"log":"|j|\u2606theminesoftagawa\n|j|\u2606Sheevp\n|t:|1774293539\n|gametype|doubles\n|player|p1|theminesoftagawa|102|1460\n|player|p2|Sheevp|170|1443\n|gen|9\n|tier|[Gen 9] VGC 2026 Reg I\n|rated|\n|rule|Species Clause: Limit one of each Pok\u00e9mon\n|rule|Item Clause: Limit 1 of each item\n|clearpoke\n|poke|p1|Koraidon, L50|\n|poke|p1|Chi-Yu, L50|\n|poke|p1|Calyrex-Shadow, L50|\n|poke|p1|Weezing-Galar, L50, M|\n|poke|p1|Dondozo, L50, M|\n|poke|p1|Tatsugiri-Droopy, L50, F|\n|poke|p2|Kyogre, L50|\n|poke|p2|Smeargle, L50, M|\n|poke|p2|Farigiraf, L50, F|\n|poke|p2|Ursaluna, L50, M|\n|poke|p2|Landorus, L50, M|\n|poke|p2|Calyrex-Ice, L50|\n|teampreview|4\n|inactive|Battle timer is ON: inactive players will automatically lose when time's up. (requested by theminesoftagawa)\n|l|\u2606Sheevp\n|inactive|Sheevp disconnected and has a minute to reconnect!\n|player|p2|\n|j|\u2606Sheevp\n|inactive|Sheevp reconnected and has 70 seconds left.\n|player|p2|Sheevp|170|\n|inactive|Sheevp has 60 seconds left.\n|\n|t:|1774293586\n|teamsize|p1|4\n|teamsize|p2|4\n|start\n|switch|p1a: Weezing|Weezing-Galar, L50, M, shiny|100/100\n|switch|p1b: Calyrex|Calyrex-Shadow, L50|100/100\n|switch|p2a: Smeargle|Smeargle, L50, M, shiny|100/100\n|switch|p2b: Farigiraf|Farigiraf, L50, F, shiny|100/100\n|-ability|p1a: Weezing|Neutralizing Gas\n|-ability|p1b: Calyrex|As One\n|-ability|p1b: Calyrex|Unnerve\n|turn|1\n|\n|t:|1774293608\n|move|p2a: Smeargle|Fake Out|p1a: Weezing\n|-damage|p1a: Weezing|96/100\n|-damage|p2a: Smeargle|84/100|[from] item: Rocky Helmet|[of] p1a: Weezing\n|move|p1b: Calyrex|Encore|p2a: Smeargle\n|-start|p2a: Smeargle|Encore\n|cant|p1a: Weezing|flinch\n|move|p2b: Farigiraf|Trick Room|p2b: Farigiraf\n|-fieldstart|move: Trick Room|[of] p2b: Farigiraf\n|\n|upkeep\n|turn|2\n|\n|t:|1774293622\n|switch|p2a: Ursaluna|Ursaluna, L50, M, shiny|100/100\n|-terastallize|p1a: Weezing|Water\n|move|p2b: Farigiraf|Psychic|p1a: Weezing\n|-damage|p1a: Weezing|61/100\n|move|p1a: Weezing|Poison Gas|p2a: Ursaluna|[spread] p2a\n|-miss|p1a: Weezing|p2b: Farigiraf\n|-status|p2a: Ursaluna|psn\n|move|p1b: Calyrex|Disable|p2b: Farigiraf\n|-start|p2b: Farigiraf|Disable|Psychic\n|\n|-damage|p2a: Ursaluna|88/100 psn|[from] psn\n|upkeep\n|turn|3\n|inactive|theminesoftagawa has 30 seconds left.\n|inactive|theminesoftagawa has 20 seconds left.\n|\n|t:|1774293659\n|switch|p2b: Calyrex|Calyrex-Ice, L50|100/100\n|-ability|p2b: Calyrex|As One\n|-ability|p2b: Calyrex|Unnerve\n|-end|p1a: Weezing|ability: Neutralizing Gas\n|switch|p1a: Tatsugiri|Tatsugiri-Droopy, L50, F, shiny|100/100\n|switch|p1b: Dondozo|Dondozo, L50, M, shiny|100/100\n|-activate|p1a: Tatsugiri|ability: Commander|[of] p1b: Dondozo\n|-boost|p1b: Dondozo|atk|2\n|-boost|p1b: Dondozo|spa|2\n|-boost|p1b: Dondozo|spe|2\n|-boost|p1b: Dondozo|def|2\n|-boost|p1b: Dondozo|spd|2\n|move|p2a: Ursaluna|Headlong Rush|p1a: Tatsugiri|[miss]\n|-miss|p2a: Ursaluna|p1a: Tatsugiri\n|\n|-damage|p2a: Ursaluna|76/100 psn|[from] psn\n|upkeep\n|turn|4\n|l|\u2606Sheevp\n|inactive|Sheevp disconnected and has a minute to reconnect!\n|player|p2|\n|j|\u2606Sheevp\n|inactive|Sheevp reconnected and has 35 seconds left.\n|player|p2|Sheevp|170|\n|inactive|Sheevp has 30 seconds left.\n|\n|t:|1774293686\n|move|p2b: Calyrex|High Horsepower|p1b: Dondozo\n|-damage|p1b: Dondozo|90/100\n|move|p2a: Ursaluna|Facade|p1b: Dondozo\n|-damage|p1b: Dondozo|52/100\n|move|p1b: Dondozo|Order Up|p2b: Calyrex\n|-damage|p2b: Calyrex|78/100\n|-boost|p1b: Dondozo|def|1\n|\n|-heal|p1b: Dondozo|58/100|[from] item: Leftovers\n|-damage|p2a: Ursaluna|64/100 psn|[from] psn\n|upkeep\n|turn|5\n|\n|t:|1774293701\n|move|p1b: Dondozo|Protect|p1b: Dondozo\n|-singleturn|p1b: Dondozo|Protect\n|move|p2b: Calyrex|High Horsepower|p1b: Dondozo\n|-activate|p1b: Dondozo|move: Protect\n|move|p2a: Ursaluna|Facade|p1b: Dondozo\n|-activate|p1b: Dondozo|move: Protect\n|\n|-heal|p1b: Dondozo|65/100|[from] item: Leftovers\n|-damage|p2a: Ursaluna|52/100 psn|[from] psn\n|-fieldend|move: Trick Room\n|upkeep\n|turn|6\n|l|\u2606Sheevp\n|inactive|Sheevp disconnected and has a minute to reconnect!\n|player|p2|\n|\n|t:|1774293722\n|move|p2a: Ursaluna|Protect|p2a: Ursaluna\n|-singleturn|p2a: Ursaluna|Protect\n|move|p1b: Dondozo|Order Up|p2b: Calyrex\n|-damage|p2b: Calyrex|55/100\n|-boost|p1b: Dondozo|def|1\n|move|p2b: Calyrex|Trick Room|p2b: Calyrex\n|-fieldstart|move: Trick Room|[of] p2b: Calyrex\n|\n|-heal|p1b: Dondozo|71/100|[from] item: Leftovers\n|-damage|p2a: Ursaluna|39/100 psn|[from] psn\n|upkeep\n|turn|7\n|j|\u2606Sheevp\n|inactive|Sheevp reconnected and has 50 seconds left.\n|player|p2|Sheevp|170|\n|\n|t:|1774293745\n|move|p2a: Ursaluna|Facade|p1b: Dondozo\n|-damage|p1b: Dondozo|49/100\n|move|p2b: Calyrex|High Horsepower|p1b: Dondozo\n|-damage|p1b: Dondozo|41/100\n|move|p1b: Dondozo|Body Press|p2b: Calyrex\n|-damage|p2b: Calyrex|3/100\n|\n|-heal|p1b: Dondozo|47/100|[from] item: Leftovers\n|-damage|p2a: Ursaluna|27/100 psn|[from] psn\n|upkeep\n|turn|8\n|\n|t:|1774293764\n|move|p1b: Dondozo|Protect|p1b: Dondozo\n|-singleturn|p1b: Dondozo|Protect\n|move|p2a: Ursaluna|Swords Dance|p2a: Ursaluna\n|-boost|p2a: Ursaluna|atk|2\n|move|p2b: Calyrex|High Horsepower|p1b: Dondozo\n|-activate|p1b: Dondozo|move: Protect\n|\n|-heal|p1b: Dondozo|54/100|[from] item: Leftovers\n|-damage|p2a: Ursaluna|15/100 psn|[from] psn\n|upkeep\n|turn|9\n|\n|t:|1774293779\n|move|p2b: Calyrex|High Horsepower|p1b: Dondozo\n|-damage|p1b: Dondozo|47/100\n|move|p2a: Ursaluna|Facade|p1b: Dondozo\n|-damage|p1b: Dondozo|25/100\n|move|p1b: Dondozo|Order Up|p2b: Calyrex\n|-damage|p2b: Calyrex|0 fnt\n|faint|p2b: Calyrex\n|-boost|p1b: Dondozo|def|1\n|\n|-heal|p1b: Dondozo|31/100|[from] item: Leftovers\n|-damage|p2a: Ursaluna|3/100 psn|[from] psn\n|upkeep\n|\n|t:|1774293787\n|switch|p2b: Smeargle|Smeargle, L50, M, shiny|84/100\n|turn|10\n|\n|t:|1774293801\n|move|p1b: Dondozo|Protect|p1b: Dondozo\n|-singleturn|p1b: Dondozo|Protect\n|move|p2a: Ursaluna|Facade|p1b: Dondozo\n|-activate|p1b: Dondozo|move: Protect\n|move|p2b: Smeargle|Spore|p1b: Dondozo\n|-activate|p1b: Dondozo|move: Protect\n|\n|-heal|p1b: Dondozo|37/100|[from] item: Leftovers\n|-damage|p2a: Ursaluna|0 fnt|[from] psn\n|faint|p2a: Ursaluna\n|-fieldend|move: Trick Room\n|upkeep\n|\n|t:|1774293802\n|switch|p2a: Farigiraf|Farigiraf, L50, F, shiny|100/100\n|turn|11\n|\n|t:|1774293817\n|move|p2a: Farigiraf|Ally Switch|p2a: Farigiraf\n|swap|p2a: Farigiraf|1|[from] move: Ally Switch\n|move|p1b: Dondozo|Rest|p1b: Dondozo\n|-status|p1b: Dondozo|slp|[from] move: Rest\n|-heal|p1b: Dondozo|100/100 slp|[silent]\n|move|p2a: Smeargle|Spore|p1b: Dondozo\n|-fail|p1b: Dondozo|slp\n|\n|upkeep\n|turn|12\n|\n|t:|1774293828\n|cant|p1b: Dondozo|slp\n|move|p2a: Smeargle|Decorate|p2b: Farigiraf\n|-boost|p2b: Farigiraf|atk|2\n|-boost|p2b: Farigiraf|spa|2\n|move|p2b: Farigiraf|Trick Room|p2b: Farigiraf\n|-fieldstart|move: Trick Room|[of] p2b: Farigiraf\n|\n|upkeep\n|turn|13\n|\n|t:|1774293835\n|move|p2b: Farigiraf|Psychic|p1b: Dondozo\n|-damage|p1b: Dondozo|85/100 slp\n|-unboost|p1b: Dondozo|spd|1\n|move|p2a: Smeargle|Decorate|p2b: Farigiraf\n|-boost|p2b: Farigiraf|atk|2\n|-boost|p2b: Farigiraf|spa|2\n|cant|p1b: Dondozo|slp\n|\n|-heal|p1b: Dondozo|92/100 slp|[from] item: Leftovers\n|upkeep\n|turn|14\n|\n|t:|1774293849\n|move|p2b: Farigiraf|Psychic|p1b: Dondozo\n|-damage|p1b: Dondozo|70/100 slp\n|move|p2a: Smeargle|Spore|p1b: Dondozo\n|-fail|p1b: Dondozo|slp\n|-curestatus|p1b: Dondozo|slp|[msg]\n|move|p1b: Dondozo|Body Press|p2b: Farigiraf\n|-damage|p2b: Farigiraf|27/100\n|\n|-heal|p1b: Dondozo|77/100|[from] item: Leftovers\n|upkeep\n|turn|15\n|\n|t:|1774293860\n|move|p2b: Farigiraf|Psychic|p1b: Dondozo\n|-damage|p1b: Dondozo|55/100\n|move|p2a: Smeargle|Spore|p1b: Dondozo\n|-status|p1b: Dondozo|slp|[from] move: Spore\n|cant|p1b: Dondozo|slp\n|\n|-heal|p1b: Dondozo|62/100 slp|[from] item: Leftovers\n|upkeep\n|turn|16\n|\n|t:|1774293869\n|move|p2b: Farigiraf|Psychic|p1b: Dondozo\n|-damage|p1b: Dondozo|41/100 slp\n|move|p2a: Smeargle|Decorate|p2b: Farigiraf\n|-boost|p2b: Farigiraf|atk|2\n|-boost|p2b: Farigiraf|spa|2\n|cant|p1b: Dondozo|slp\n|\n|-heal|p1b: Dondozo|47/100 slp|[from] item: Leftovers\n|-fieldend|move: Trick Room\n|upkeep\n|turn|17\n|\n|t:|1774293890\n|-terastallize|p2b: Farigiraf|Water\n|-curestatus|p1b: Dondozo|slp|[msg]\n|move|p1b: Dondozo|Body Press|p2b: Farigiraf\n|-damage|p2b: Farigiraf|0 fnt\n|faint|p2b: Farigiraf\n|move|p2a: Smeargle|Spore|p1b: Dondozo\n|-status|p1b: Dondozo|slp|[from] move: Spore\n|\n|-heal|p1b: Dondozo|54/100 slp|[from] item: Leftovers\n|upkeep\n|turn|18\n|-message|Sheevp forfeited.\n|\n|win|theminesoftagawa\n|raw|theminesoftagawa's rating: 1460 &rarr; <strong>1479</strong><br />(+19 for winning)\n|raw|Sheevp's rating: 1443 &rarr; <strong>1424</strong><br />(-19 for losing)\n|l|\u2606Sheevp\n|player|p2|\n|l|\u2606theminesoftagawa\n|player|p1|\n","uploadtime":1774294109,"views":32,"formatid":"gen9vgc2026regi","rating":1424,"private":0,"password":null}