{"id":"gen9vgc2026regi-2538694170","format":"[Gen 9] VGC 2026 Reg I","players":["mnmnmnmnm6","fogdocker"],"log":"|j|\u2606mnmnmnmnm6\n|j|\u2606fogdocker\n|t:|1770958133\n|gametype|doubles\n|player|p1|mnmnmnmnm6|chuck|1468\n|player|p2|fogdocker|1|1573\n|gen|9\n|tier|[Gen 9] VGC 2026 Reg I\n|rated|\n|rule|Species Clause: Limit one of each Pok\u00e9mon\n|rule|Item Clause: Limit 1 of each item\n|clearpoke\n|poke|p1|Miraidon, L50|\n|poke|p1|Landorus-Therian, L50, M|\n|poke|p1|Farigiraf, L50, M|\n|poke|p1|Chien-Pao, L50|\n|poke|p1|Zamazenta-*, L50|\n|poke|p1|Tornadus, L50, M|\n|poke|p2|Calyrex-Ice, L50|\n|poke|p2|Koraidon, L50|\n|poke|p2|Flutter Mane, L50|\n|poke|p2|Incineroar, L50, M|\n|poke|p2|Rillaboom, L50, M|\n|poke|p2|Volcarona, L50, M|\n|teampreview|4\n|inactive|Battle timer is ON: inactive players will automatically lose when time's up. (requested by mnmnmnmnm6)\n|inactive|fogdocker has 60 seconds left.\n|\n|t:|1770958182\n|teamsize|p1|4\n|teamsize|p2|4\n|start\n|switch|p1a: Miraidon|Miraidon, L50|100/100\n|switch|p1b: Landorus|Landorus-Therian, L50, M|100/100\n|switch|p2a: Calyrex|Calyrex-Ice, L50|100/100\n|switch|p2b: Rillaboom|Rillaboom, L50, M|100/100\n|-ability|p2a: Calyrex|As One\n|-ability|p2a: Calyrex|Unnerve\n|-fieldstart|move: Electric Terrain|[from] ability: Hadron Engine|[of] p1a: Miraidon\n|-ability|p1b: Landorus|Intimidate|boost\n|-unboost|p2a: Calyrex|atk|1\n|-unboost|p2b: Rillaboom|atk|1\n|-fieldstart|move: Grassy Terrain|[from] ability: Grassy Surge|[of] p2b: Rillaboom\n|turn|1\n|inactive|fogdocker has 30 seconds left.\n|\n|t:|1770958208\n|switch|p1b: Farigiraf|Farigiraf, L50, M|100/100\n|move|p1a: Miraidon|Volt Switch|p2a: Calyrex\n|-damage|p2a: Calyrex|64/100\n|\n|t:|1770958214\n|switch|p1a: Zamazenta|Zamazenta-Crowned, L50|100/100|[from] Volt Switch\n|-ability|p1a: Zamazenta|Dauntless Shield|boost\n|-boost|p1a: Zamazenta|def|1\n|move|p2b: Rillaboom|U-turn|p1a: Zamazenta\n|-resisted|p1a: Zamazenta\n|-damage|p1a: Zamazenta|99/100\n|\n|t:|1770958221\n|switch|p2b: Volcarona|Volcarona, L50, M|100/100|[from] U-turn\n|move|p2a: Calyrex|Trick Room|p2a: Calyrex\n|-fieldstart|move: Trick Room|[of] p2a: Calyrex\n|\n|-heal|p2a: Calyrex|70/100|[from] Grassy Terrain\n|-heal|p2a: Calyrex|75/100|[from] item: Leftovers\n|-heal|p1a: Zamazenta|100/100|[from] Grassy Terrain\n|upkeep\n|turn|2\n|\n|t:|1770958239\n|move|p1a: Zamazenta|Wide Guard|p1a: Zamazenta\n|-singleturn|p1a: Zamazenta|Wide Guard\n|move|p2b: Volcarona|Rage Powder|p2b: Volcarona\n|-singleturn|p2b: Volcarona|move: Rage Powder\n|move|p2a: Calyrex|Leech Seed|p1a: Zamazenta\n|-start|p1a: Zamazenta|move: Leech Seed\n|move|p1b: Farigiraf|Roar|p2b: Volcarona\n|drag|p2b: Rillaboom|Rillaboom, L50, M|100/100\n|\n|-heal|p2a: Calyrex|81/100|[from] Grassy Terrain\n|-heal|p2a: Calyrex|87/100|[from] item: Leftovers\n|-damage|p1a: Zamazenta|88/100|[from] Leech Seed|[of] p2a: Calyrex\n|-heal|p2a: Calyrex|98/100|[silent]\n|upkeep\n|turn|3\n|\n|t:|1770958257\n|move|p2a: Calyrex|Leech Seed|p1b: Farigiraf\n|-start|p1b: Farigiraf|move: Leech Seed\n|move|p1b: Farigiraf|Night Shade|p2b: Rillaboom\n|-damage|p2b: Rillaboom|75/100\n|move|p2b: Rillaboom|U-turn|p1b: Farigiraf\n|-supereffective|p1b: Farigiraf\n|-damage|p1b: Farigiraf|62/100\n|\n|t:|1770958264\n|switch|p2b: Volcarona|Volcarona, L50, M|100/100|[from] U-turn\n|move|p1a: Zamazenta|Body Press|p2b: Volcarona\n|-resisted|p2b: Volcarona\n|-damage|p2b: Volcarona|65/100\n|-damage|p1a: Zamazenta|72/100|[from] item: Rocky Helmet|[of] p2b: Volcarona\n|-status|p1a: Zamazenta|brn|[from] ability: Flame Body|[of] p2b: Volcarona\n|\n|-heal|p2a: Calyrex|100/100|[from] Grassy Terrain\n|-heal|p1b: Farigiraf|68/100|[from] Grassy Terrain\n|-heal|p2b: Volcarona|71/100|[from] Grassy Terrain\n|-heal|p1a: Zamazenta|78/100 brn|[from] Grassy Terrain\n|-damage|p1b: Farigiraf|56/100|[from] Leech Seed|[of] p2a: Calyrex\n|-damage|p1a: Zamazenta|65/100 brn|[from] Leech Seed|[of] p2a: Calyrex\n|-damage|p1a: Zamazenta|59/100 brn|[from] brn\n|upkeep\n|turn|4\n|\n|t:|1770958285\n|move|p1a: Zamazenta|Wide Guard|p1a: Zamazenta\n|-singleturn|p1a: Zamazenta|Wide Guard\n|move|p2a: Calyrex|Glacial Lance|p1a: Zamazenta|[spread] \n|-activate|p1a: Zamazenta|move: Wide Guard\n|-activate|p1b: Farigiraf|move: Wide Guard\n|move|p2b: Volcarona|Morning Sun|p2b: Volcarona\n|-heal|p2b: Volcarona|100/100\n|move|p1b: Farigiraf|Trick Room|p1b: Farigiraf\n|-fieldend|move: Trick Room\n|\n|-heal|p1a: Zamazenta|65/100 brn|[from] Grassy Terrain\n|-heal|p1b: Farigiraf|62/100|[from] Grassy Terrain\n|-damage|p1a: Zamazenta|53/100 brn|[from] Leech Seed|[of] p2a: Calyrex\n|-damage|p1b: Farigiraf|50/100|[from] Leech Seed|[of] p2a: Calyrex\n|-damage|p1a: Zamazenta|47/100 brn|[from] brn\n|upkeep\n|turn|5\n|\n|t:|1770958309\n|switch|p2a: Koraidon|Koraidon, L50|100/100\n|-weather|SunnyDay|[from] ability: Orichalcum Pulse|[of] p2a: Koraidon\n|-activate|p2a: Koraidon|Orichalcum Pulse|[source]\n|move|p2b: Volcarona|Rage Powder|p2b: Volcarona\n|-singleturn|p2b: Volcarona|move: Rage Powder\n|move|p1a: Zamazenta|Body Press|p2b: Volcarona\n|-resisted|p2b: Volcarona\n|-crit|p2b: Volcarona\n|-damage|p2b: Volcarona|77/100\n|-damage|p1a: Zamazenta|30/100 brn|[from] item: Rocky Helmet|[of] p2b: Volcarona\n|move|p1b: Farigiraf|Roar|p2b: Volcarona\n|drag|p2b: Rillaboom|Rillaboom, L50, M|75/100\n|\n|-weather|SunnyDay|[upkeep]\n|-heal|p1a: Zamazenta|37/100 brn|[from] Grassy Terrain\n|-heal|p2b: Rillaboom|81/100|[from] Grassy Terrain\n|-heal|p1b: Farigiraf|56/100|[from] Grassy Terrain\n|-damage|p1a: Zamazenta|24/100 brn|[from] Leech Seed|[of] p2a: Koraidon\n|-damage|p1b: Farigiraf|43/100|[from] Leech Seed|[of] p2a: Koraidon\n|-damage|p1a: Zamazenta|18/100 brn|[from] brn\n|-fieldend|move: Grassy Terrain\n|upkeep\n|turn|6\n|\n|t:|1770958332\n|switch|p1b: Landorus|Landorus-Therian, L50, M|100/100\n|-ability|p1b: Landorus|Intimidate|boost\n|-unboost|p2a: Koraidon|atk|1\n|-unboost|p2b: Rillaboom|atk|1\n|move|p2a: Koraidon|Flame Charge|p1a: Zamazenta\n|-supereffective|p1a: Zamazenta\n|-damage|p1a: Zamazenta|0 fnt\n|-boost|p2a: Koraidon|spe|1\n|faint|p1a: Zamazenta\n|-damage|p2a: Koraidon|91/100|[from] item: Life Orb\n|move|p2b: Rillaboom|Wood Hammer|p1b: Landorus\n|-damage|p1b: Landorus|65/100\n|-damage|p2b: Rillaboom|70/100|[from] Recoil\n|\n|-weather|SunnyDay|[upkeep]\n|upkeep\n|\n|t:|1770958346\n|switch|p1a: Miraidon|Miraidon, L50|100/100\n|-fieldstart|move: Electric Terrain|[from] ability: Hadron Engine|[of] p1a: Miraidon\n|turn|7\n|\n|t:|1770958364\n|switch|p2b: Volcarona|Volcarona, L50, M|77/100\n|-terastallize|p1a: Miraidon|Fairy\n|move|p2a: Koraidon|Protect|p2a: Koraidon\n|-singleturn|p2a: Koraidon|Protect\n|move|p1a: Miraidon|Electro Drift|p2a: Koraidon\n|-activate|p2a: Koraidon|move: Protect\n|move|p1b: Landorus|U-turn|p2b: Volcarona\n|-resisted|p2b: Volcarona\n|-damage|p2b: Volcarona|66/100\n|-damage|p1b: Landorus|48/100|[from] item: Rocky Helmet|[of] p2b: Volcarona\n|\n|t:|1770958376\n|switch|p1b: Farigiraf|Farigiraf, L50, M|43/100|[from] U-turn\n|\n|-weather|SunnyDay|[upkeep]\n|upkeep\n|turn|8\n|\n|t:|1770958391\n|switch|p1b: Landorus|Landorus-Therian, L50, M|48/100\n|-ability|p1b: Landorus|Intimidate|boost\n|-unboost|p2a: Koraidon|atk|1\n|-unboost|p2b: Volcarona|atk|1\n|-terastallize|p2a: Koraidon|Fire\n|move|p2b: Volcarona|Rage Powder|p2b: Volcarona\n|-singleturn|p2b: Volcarona|move: Rage Powder\n|move|p2a: Koraidon|Flare Blitz|p1a: Miraidon\n|-damage|p1a: Miraidon|25/100\n|-damage|p2a: Koraidon|64/100|[from] Recoil\n|-damage|p2a: Koraidon|55/100|[from] item: Life Orb\n|move|p1a: Miraidon|Electro Drift|p2b: Volcarona\n|-damage|p2b: Volcarona|0 fnt\n|-damage|p1a: Miraidon|8/100|[from] item: Rocky Helmet|[of] p2b: Volcarona\n|faint|p2b: Volcarona\n|\n|-weather|SunnyDay|[upkeep]\n|upkeep\n|inactive|fogdocker has 30 seconds left.\n|\n|t:|1770958416\n|switch|p2b: Rillaboom|Rillaboom, L50, M|70/100\n|-fieldstart|move: Grassy Terrain|[from] ability: Grassy Surge|[of] p2b: Rillaboom\n|turn|9\n|\n|t:|1770958434\n|switch|p1a: Farigiraf|Farigiraf, L50, M|43/100\n|move|p2a: Koraidon|Flare Blitz|p1a: Farigiraf\n|-damage|p1a: Farigiraf|0 fnt\n|faint|p1a: Farigiraf\n|-damage|p2a: Koraidon|36/100|[from] Recoil\n|-damage|p2a: Koraidon|27/100|[from] item: Life Orb\n|move|p1b: Landorus|Stomping Tantrum|p2a: Koraidon\n|-supereffective|p2a: Koraidon\n|-damage|p2a: Koraidon|0 fnt\n|faint|p2a: Koraidon\n|move|p2b: Rillaboom|U-turn|p1b: Landorus\n|-resisted|p1b: Landorus\n|-damage|p1b: Landorus|36/100\n|\n|t:|1770958445\n|switch|p2b: Calyrex|Calyrex-Ice, L50|100/100|[from] U-turn\n|-ability|p2b: Calyrex|As One\n|-ability|p2b: Calyrex|Unnerve\n|\n|-weather|none\n|upkeep\n|\n|t:|1770958452\n|switch|p2a: Rillaboom|Rillaboom, L50, M|70/100\n|switch|p1a: Miraidon|Miraidon, L50, tera:Fairy|8/100\n|-fieldstart|move: Electric Terrain|[from] ability: Hadron Engine|[of] p1a: Miraidon\n|-fieldstart|move: Grassy Terrain|[from] ability: Grassy Surge|[of] p2a: Rillaboom\n|turn|10\n|-message|mnmnmnmnm6 forfeited.\n|\n|win|fogdocker\n|raw|mnmnmnmnm6's rating: 1468 &rarr; <strong>1454</strong><br />(-14 for losing)\n|raw|fogdocker's rating: 1573 &rarr; <strong>1587</strong><br />(+14 for winning)\n|l|\u2606mnmnmnmnm6\n|player|p1|\n","uploadtime":1770958469,"views":28,"formatid":"gen9vgc2026regi","rating":1454,"private":0,"password":null}