{"id":"gen9vgc2026regi-2588892563","format":"[Gen 9] VGC 2026 Reg I","players":["avarussurava","Lil Tic"],"log":"|j|\u2606avarussurava\n|j|\u2606Lil Tic\n|t:|1776683145\n|gametype|doubles\n|player|p1|avarussurava|170|1455\n|player|p2|Lil Tic|169|1422\n|gen|9\n|tier|[Gen 9] VGC 2026 Reg I\n|rated|\n|rule|Species Clause: Limit one of each Pok\u00e9mon\n|rule|Item Clause: Limit 1 of each item\n|clearpoke\n|poke|p1|Tyranitar, L50, F|\n|poke|p1|Kyogre, L50|\n|poke|p1|Zamazenta-*, L50|\n|poke|p1|Gastrodon, L50, F|\n|poke|p1|Sinistcha, L50|\n|poke|p1|Ceruledge, L50, M|\n|poke|p2|Koraidon, L50|\n|poke|p2|Flutter Mane, L50|\n|poke|p2|Ho-Oh, L50|\n|poke|p2|Incineroar, L50, F|\n|poke|p2|Amoonguss, L50, M|\n|poke|p2|Ting-Lu, L50|\n|teampreview|4\navarussurava rejected open team sheets.\n|\n|t:|1776683212\n|teamsize|p1|4\n|teamsize|p2|4\n|start\n|switch|p1a: Zamazenta|Zamazenta-Crowned, L50|100/100\n|switch|p1b: Ceruledge|Ceruledge, L50, M|100/100\n|switch|p2a: Incineroar|Incineroar, L50, F|100/100\n|switch|p2b: Amoonguss|Amoonguss, L50, M|100/100\n|-ability|p1a: Zamazenta|Dauntless Shield|boost\n|-boost|p1a: Zamazenta|def|1\n|-ability|p2a: Incineroar|Intimidate|boost\n|-unboost|p1a: Zamazenta|atk|1\n|-unboost|p1b: Ceruledge|atk|1\n|turn|1\n|\n|t:|1776683227\n|move|p2a: Incineroar|Fake Out|p1a: Zamazenta\n|-resisted|p1a: Zamazenta\n|-damage|p1a: Zamazenta|98/100\n|cant|p1a: Zamazenta|flinch\n|move|p1b: Ceruledge|Taunt|p2b: Amoonguss\n|-start|p2b: Amoonguss|move: Taunt\n|cant|p2b: Amoonguss|move: Taunt|Spore\n|\n|upkeep\n|turn|2\n|\n|t:|1776683242\n|-terastallize|p2a: Incineroar|Ghost\n|move|p1a: Zamazenta|Body Press|p2a: Incineroar\n|-immune|p2a: Incineroar\n|move|p1b: Ceruledge|Bitter Blade|p2a: Incineroar\n|-crit|p2a: Incineroar\n|-damage|p2a: Incineroar|33/100\n|move|p2a: Incineroar|Knock Off|p1b: Ceruledge\n|-supereffective|p1b: Ceruledge\n|-damage|p1b: Ceruledge|0 fnt\n|-enditem|p1b: Ceruledge|Safety Goggles|[from] move: Knock Off|[of] p2a: Incineroar\n|faint|p1b: Ceruledge\n|move|p2b: Amoonguss|Sludge Bomb|p1a: Zamazenta\n|-immune|p1a: Zamazenta\n|\n|upkeep\n|\n|t:|1776683274\n|switch|p1b: Tyranitar|Tyranitar, L50, F|100/100\n|-weather|Sandstorm|[from] ability: Sand Stream|[of] p1b: Tyranitar\n|turn|3\n|\n|t:|1776683282\n|switch|p2a: Ho-Oh|Ho-Oh, L50|100/100\n|switch|p2b: Koraidon|Koraidon, L50|100/100\n|-weather|SunnyDay|[from] ability: Orichalcum Pulse|[of] p2b: Koraidon\n|-activate|p2b: Koraidon|Orichalcum Pulse|[source]\n|move|p1a: Zamazenta|Iron Defense|p1a: Zamazenta\n|-boost|p1a: Zamazenta|def|2\n|move|p1b: Tyranitar|Knock Off|p2a: Ho-Oh\n|-damage|p2a: Ho-Oh|46/100\n|-enditem|p2a: Ho-Oh|Clear Amulet|[from] move: Knock Off|[of] p1b: Tyranitar\n|\n|-weather|SunnyDay|[upkeep]\n|upkeep\n|turn|4\n|\n|t:|1776683305\n|switch|p1b: Sinistcha|Sinistcha, L50|100/100\n|-heal|p1a: Zamazenta|100/100|[from] ability: Hospitality|[of] p1b: Sinistcha\n|-terastallize|p1a: Zamazenta|Ground\n|move|p2b: Koraidon|Collision Course|p1b: Sinistcha\n|-immune|p1b: Sinistcha\n|move|p1a: Zamazenta|Body Press|p2b: Koraidon\n|-damage|p2b: Koraidon|0 fnt\n|faint|p2b: Koraidon\n|move|p2a: Ho-Oh|Sacred Fire|p1a: Zamazenta\n|-damage|p1a: Zamazenta|77/100\n|\n|-weather|SunnyDay|[upkeep]\n|upkeep\n|\n|t:|1776683311\n|switch|p2b: Incineroar|Incineroar, L50, F, tera:Ghost|33/100\n|-ability|p2b: Incineroar|Intimidate|boost\n|-unboost|p1a: Zamazenta|atk|1\n|-unboost|p1b: Sinistcha|atk|1\n|turn|5\n|\n|t:|1776683325\n|switch|p1b: Tyranitar|Tyranitar, L50, F|100/100\n|-weather|Sandstorm|[from] ability: Sand Stream|[of] p1b: Tyranitar\n|move|p1a: Zamazenta|Body Press|p2a: Ho-Oh\n|-resisted|p2a: Ho-Oh\n|-damage|p2a: Ho-Oh|0 fnt\n|faint|p2a: Ho-Oh\n|move|p2b: Incineroar|Knock Off|p1b: Tyranitar\n|-resisted|p1b: Tyranitar\n|-damage|p1b: Tyranitar|84/100\n|-enditem|p1b: Tyranitar|Assault Vest|[from] move: Knock Off|[of] p2b: Incineroar\n|\n|-weather|Sandstorm|[upkeep]\n|upkeep\n|-message|Lil Tic forfeited.\n|\n|win|avarussurava\n|raw|avarussurava's rating: 1455 &rarr; <strong>1473</strong><br />(+18 for winning)\n|raw|Lil Tic's rating: 1422 &rarr; <strong>1404</strong><br />(-18 for losing)\n|l|\u2606Lil Tic\n|player|p2|\n","uploadtime":1776683337,"views":7,"formatid":"gen9vgc2026regi","rating":1404,"private":0,"password":null}