{"id":"gen9vgc2026regi-2534528575","format":"[Gen 9] VGC 2026 Reg I","players":["Unskilled99","yamato-tak"],"log":"|j|\u2606Unskilled99\n|j|\u2606yamato-tak\n|t:|1770432718\n|gametype|doubles\n|player|p1|Unskilled99|unknown|1589\n|player|p2|yamato-tak|101|1508\n|gen|9\n|tier|[Gen 9] VGC 2026 Reg I\n|rated|\n|rule|Species Clause: Limit one of each Pok\u00e9mon\n|rule|Item Clause: Limit 1 of each item\n|clearpoke\n|poke|p1|Calyrex-Ice, L50|\n|poke|p1|Miraidon, L50|\n|poke|p1|Incineroar, L50, F|\n|poke|p1|Urshifu-*, L50, F|\n|poke|p1|Landorus, L50, M|\n|poke|p1|Amoonguss, L50, M|\n|poke|p2|Miraidon, L50|\n|poke|p2|Calyrex-Ice, L50|\n|poke|p2|Volcarona, L50, M|\n|poke|p2|Araquanid, L50, M|\n|poke|p2|Grimmsnarl, L50, M|\n|poke|p2|Rillaboom, L50, F|\n|teampreview|4\n|inactive|Battle timer is ON: inactive players will automatically lose when time's up. (requested by yamato-tak)\n|j| lunala fairy ghost\n|inactive|Unskilled99 has 60 seconds left.\n|\n|t:|1770432753\n|teamsize|p1|4\n|teamsize|p2|4\n|start\n|switch|p1a: Miraidon|Miraidon, L50|100/100\n|switch|p1b: Calyrex|Calyrex-Ice, L50|100/100\n|switch|p2a: Grimmsnarl|Grimmsnarl, L50, M, shiny|100/100\n|switch|p2b: Miraidon|Miraidon, L50, shiny|100/100\n|-ability|p1b: Calyrex|As One\n|-ability|p1b: Calyrex|Unnerve\n|-fieldstart|move: Electric Terrain|[from] ability: Hadron Engine|[of] p1a: Miraidon\n|-activate|p2b: Miraidon|ability: Hadron Engine\n|turn|1\n|\n|t:|1770432772\n|-terastallize|p2b: Miraidon|Electric\n|move|p2a: Grimmsnarl|Fake Out|p1a: Miraidon\n|-damage|p1a: Miraidon|92/100\n|cant|p1a: Miraidon|flinch\n|move|p2b: Miraidon|Calm Mind|p2b: Miraidon\n|-boost|p2b: Miraidon|spa|1\n|-boost|p2b: Miraidon|spd|1\n|move|p1b: Calyrex|Glacial Lance|p2b: Miraidon|[spread] p2a,p2b\n|-damage|p2a: Grimmsnarl|45/100\n|-damage|p2b: Miraidon|56/100\n|\n|upkeep\n|turn|2\n|inactive|Unskilled99 has 30 seconds left.\n|inactive|Unskilled99 has 20 seconds left.\n|inactive|Unskilled99 has 15 seconds left.\n|inactive|Unskilled99 has 10 seconds left.\n|inactive|Unskilled99 has 5 seconds left.\n|\n|t:|1770432823\n|move|p2a: Grimmsnarl|Parting Shot|p1a: Miraidon\n|-unboost|p1a: Miraidon|atk|1\n|-unboost|p1a: Miraidon|spa|1\n|\n|t:|1770432843\n|switch|p2a: Araquanid|Araquanid, L50, M, shiny|100/100|[from] Parting Shot\n|move|p1a: Miraidon|Volt Switch|p2a: Araquanid\n|-supereffective|p2a: Araquanid\n|-damage|p2a: Araquanid|32/100\n|\n|t:|1770432850\n|switch|p1a: Incineroar|Incineroar, L50, F|100/100|[from] Volt Switch\n|-ability|p1a: Incineroar|Intimidate|boost\n|-unboost|p2a: Araquanid|atk|1\n|-unboost|p2b: Miraidon|atk|1\n|move|p2b: Miraidon|Parabolic Charge|p1b: Calyrex|[spread] p2a,p1a,p1b\n|-supereffective|p2a: Araquanid\n|-damage|p2a: Araquanid|0 fnt\n|-heal|p2b: Miraidon|70/100|[from] drain|[of] p2a: Araquanid\n|-damage|p1a: Incineroar|48/100\n|-heal|p2b: Miraidon|96/100|[from] drain|[of] p1a: Incineroar\n|-damage|p1b: Calyrex|54/100\n|-heal|p2b: Miraidon|100/100|[from] drain|[of] p1b: Calyrex\n|faint|p2a: Araquanid\n|move|p1b: Calyrex|Trick Room|p1b: Calyrex\n|-fieldstart|move: Trick Room|[of] p1b: Calyrex\n|\n|upkeep\n|\n|t:|1770432868\n|switch|p2a: Grimmsnarl|Grimmsnarl, L50, M, shiny|45/100\n|turn|3\n|\n|t:|1770432893\n|move|p1b: Calyrex|Protect|p1b: Calyrex\n|-singleturn|p1b: Calyrex|Protect\n|move|p2a: Grimmsnarl|Reflect|p2a: Grimmsnarl\n|-sidestart|p2: yamato-tak|Reflect\n|move|p1a: Incineroar|Knock Off|p2b: Miraidon\n|-damage|p2b: Miraidon|79/100\n|-enditem|p2b: Miraidon|Covert Cloak|[from] move: Knock Off|[of] p1a: Incineroar\n|move|p2b: Miraidon|Parabolic Charge|p1a: Incineroar|[spread] p2a,p1a\n|-activate|p1b: Calyrex|move: Protect\n|-damage|p2a: Grimmsnarl|0 fnt\n|-heal|p2b: Miraidon|100/100|[from] drain|[of] p2a: Grimmsnarl\n|-damage|p1a: Incineroar|0 fnt\n|faint|p2a: Grimmsnarl\n|faint|p1a: Incineroar\n|\n|upkeep\n|\n|t:|1770432905\n|switch|p1a: Urshifu|Urshifu-Rapid-Strike, L50, F|100/100\n|switch|p2a: Calyrex|Calyrex-Ice, L50|100/100\n|-ability|p2a: Calyrex|As One\n|-ability|p2a: Calyrex|Unnerve\n|turn|4\n|\n|t:|1770432921\n|-terastallize|p1a: Urshifu|Stellar\n|move|p2a: Calyrex|Glacial Lance|p1a: Urshifu|[spread] p1a,p1b\n|-resisted|p1a: Urshifu\n|-resisted|p1b: Calyrex\n|-damage|p1a: Urshifu|73/100\n|-damage|p1b: Calyrex|38/100\n|move|p1b: Calyrex|Glacial Lance|p2a: Calyrex|[spread] p2a,p2b\n|-resisted|p2a: Calyrex\n|-damage|p2a: Calyrex|88/100\n|-damage|p2b: Miraidon|69/100\n|move|p1a: Urshifu|Surging Strikes|p2b: Miraidon\n|-crit|p2b: Miraidon\n|-damage|p2b: Miraidon|45/100\n|-crit|p2b: Miraidon\n|-damage|p2b: Miraidon|21/100\n|-crit|p2b: Miraidon\n|-damage|p2b: Miraidon|0 fnt\n|faint|p2b: Miraidon\n|-hitcount|p2: Miraidon|3\n|\n|upkeep\n|turn|5\n|-message|yamato-tak forfeited.\n|\n|win|Unskilled99\n|raw|Unskilled99's rating: 1589 &rarr; <strong>1604</strong><br />(+15 for winning)\n|raw|yamato-tak's rating: 1508 &rarr; <strong>1493</strong><br />(-15 for losing)\n|l|\u2606yamato-tak\n|player|p2|\n|l|\u2606Unskilled99\n|player|p1|\n|l| lunala fairy ghost\n","uploadtime":1770433142,"views":40,"formatid":"gen9vgc2026regi","rating":1493,"private":0,"password":null}