{"id":"gen9vgc2026regi-2559596821","format":"[Gen 9] VGC 2026 Reg I","players":["aeilana","jonen"],"log":"|j|\u2606aeilana\n|j|\u2606jonen\n|t:|1773590482\n|gametype|doubles\n|player|p1|aeilana|169|1128\n|player|p2|jonen|medium|1182\n|gen|9\n|tier|[Gen 9] VGC 2026 Reg I\n|rated|\n|rule|Species Clause: Limit one of each Pok\u00e9mon\n|rule|Item Clause: Limit 1 of each item\n|clearpoke\n|poke|p1|Brute Bonnet, L50|\n|poke|p1|Lunala, L50|\n|poke|p1|Ursaluna, L50, M|\n|poke|p1|Chi-Yu, L50|\n|poke|p1|Koraidon, L50|\n|poke|p1|Flutter Mane, L50|\n|poke|p2|Calyrex-Ice, L50|\n|poke|p2|Scraggy, L50, F|\n|poke|p2|Miraidon, L50|\n|poke|p2|Farigiraf, L50, M|\n|poke|p2|Iron Treads, L50|\n|poke|p2|Iron Hands, L50|\n|teampreview|4\n|inactive|Battle timer is ON: inactive players will automatically lose when time's up. (requested by aeilana)\n|\n|t:|1773590509\n|teamsize|p1|4\n|teamsize|p2|4\n|start\n|switch|p1a: Lunala|Lunala, L50|100/100\n|switch|p1b: Brute Bonnet|Brute Bonnet, L50|100/100\n|switch|p2a: Miraidon|Miraidon, L50|100/100\n|switch|p2b: Farigiraf|Farigiraf, L50, M|100/100\n|-fieldstart|move: Electric Terrain|[from] ability: Hadron Engine|[of] p2a: Miraidon\n|-enditem|p2b: Farigiraf|Electric Seed\n|-boost|p2b: Farigiraf|def|1|[from] item: Electric Seed\n|turn|1\n|\n|t:|1773590530\n|move|p2a: Miraidon|Draco Meteor|p1b: Brute Bonnet\n|-damage|p1b: Brute Bonnet|0 fnt\n|-unboost|p2a: Miraidon|spa|2\n|faint|p1b: Brute Bonnet\n|-end|p1b: Brute Bonnet|Protosynthesis|[silent]\n|move|p1a: Lunala|Meteor Beam||[still]\n|-prepare|p1a: Lunala|Meteor Beam\n|-boost|p1a: Lunala|spa|1\n|-enditem|p1a: Lunala|Power Herb\n|-anim|p1a: Lunala|Meteor Beam|p2a: Miraidon\n|-damage|p2a: Miraidon|51/100\n|move|p2b: Farigiraf|Trick Room|p2b: Farigiraf\n|-fieldstart|move: Trick Room|[of] p2b: Farigiraf\n|\n|upkeep\n|\n|t:|1773590541\n|switch|p1b: Koraidon|Koraidon, L50|100/100\n|-weather|SunnyDay|[from] ability: Orichalcum Pulse|[of] p1b: Koraidon\n|-activate|p1b: Koraidon|Orichalcum Pulse|[source]\n|turn|2\n|\n|t:|1773590551\n|move|p2b: Farigiraf|Helping Hand|p2a: Miraidon\n|-singleturn|p2a: Miraidon|Helping Hand|[of] p2b: Farigiraf\n|move|p2a: Miraidon|Draco Meteor|p1b: Koraidon\n|-supereffective|p1b: Koraidon\n|-damage|p1b: Koraidon|0 fnt\n|-unboost|p2a: Miraidon|spa|2\n|faint|p1b: Koraidon\n|move|p1a: Lunala|Trick Room|p1a: Lunala\n|-fieldend|move: Trick Room\n|\n|-weather|SunnyDay|[upkeep]\n|upkeep\n|\n|t:|1773590557\n|switch|p1b: Chi-Yu|Chi-Yu, L50|100/100\n|-ability|p1b: Chi-Yu|Beads of Ruin\n|turn|3\n|\n|t:|1773590582\n|switch|p2a: Scraggy|Scraggy, L50, F|100/100\n|-ability|p2a: Scraggy|Intimidate|boost\n|-unboost|p1a: Lunala|atk|1\n|-unboost|p1b: Chi-Yu|atk|1\n|-terastallize|p2b: Farigiraf|Water\n|move|p1b: Chi-Yu|Heat Wave|p2b: Farigiraf|[spread] p2a\n|-miss|p1b: Chi-Yu|p2b: Farigiraf\n|-damage|p2a: Scraggy|27/100\n|move|p1a: Lunala|Moongeist Beam|p2a: Scraggy\n|-resisted|p2a: Scraggy\n|-damage|p2a: Scraggy|0 fnt\n|faint|p2a: Scraggy\n|move|p2b: Farigiraf|Foul Play|p1a: Lunala\n|-supereffective|p1a: Lunala\n|-damage|p1a: Lunala|79/100\n|\n|-weather|SunnyDay|[upkeep]\n|upkeep\n|\n|t:|1773590600\n|switch|p2a: Miraidon|Miraidon, L50|51/100\n|-activate|p2a: Miraidon|ability: Hadron Engine\n|turn|4\n|\n|t:|1773590621\n|move|p1b: Chi-Yu|Heat Wave|p2a: Miraidon|[spread] p2a,p2b\n|-resisted|p2a: Miraidon\n|-resisted|p2b: Farigiraf\n|-damage|p2a: Miraidon|18/100\n|-damage|p2b: Farigiraf|60/100\n|move|p2a: Miraidon|Electro Drift|p1b: Chi-Yu\n|-damage|p1b: Chi-Yu|0 fnt\n|faint|p1b: Chi-Yu\n|move|p1a: Lunala|Moongeist Beam|p2a: Miraidon\n|-crit|p2a: Miraidon\n|-damage|p2a: Miraidon|0 fnt\n|faint|p2a: Miraidon\n|move|p2b: Farigiraf|Foul Play|p1a: Lunala\n|-supereffective|p1a: Lunala\n|-damage|p1a: Lunala|38/100\n|\n|-weather|SunnyDay|[upkeep]\n|upkeep\n|\n|t:|1773590631\n|switch|p2a: Calyrex|Calyrex-Ice, L50|100/100\n|-ability|p2a: Calyrex|As One\n|-ability|p2a: Calyrex|Unnerve\n|turn|5\n|\n|t:|1773590642\n|-terastallize|p1a: Lunala|Water\n|move|p2a: Calyrex|Protect|p2a: Calyrex\n|-singleturn|p2a: Calyrex|Protect\n|move|p1a: Lunala|Moongeist Beam|p2a: Calyrex\n|-activate|p2a: Calyrex|move: Protect\n|move|p2b: Farigiraf|Foul Play|p1a: Lunala\n|-damage|p1a: Lunala|28/100\n|\n|-weather|SunnyDay|[upkeep]\n|-fieldend|move: Electric Terrain\n|upkeep\n|turn|6\n|\n|t:|1773590651\n|move|p1a: Lunala|Moongeist Beam|p2a: Calyrex\n|-supereffective|p2a: Calyrex\n|-damage|p2a: Calyrex|0 fnt\n|faint|p2a: Calyrex\n|move|p2b: Farigiraf|Psychic|p1a: Lunala\n|-damage|p1a: Lunala|1/100\n|\n|-weather|none\n|upkeep\n|turn|7\n|\n|t:|1773590656\n|move|p1a: Lunala|Moongeist Beam|p2b: Farigiraf\n|-damage|p2b: Farigiraf|0 fnt\n|faint|p2b: Farigiraf\n|\n|win|aeilana\n|raw|aeilana's rating: 1128 &rarr; <strong>1157</strong><br />(+29 for winning)\n|raw|jonen's rating: 1182 &rarr; <strong>1153</strong><br />(-29 for losing)\n","uploadtime":1773590657,"views":11,"formatid":"gen9vgc2026regi","rating":1153,"private":0,"password":null}