{"id":"gen9vgc2026regi-2567762184","format":"[Gen 9] VGC 2026 Reg I","players":["BanKingambit69247","Jonen"],"log":"|j|\u2606BanKingambit69247\n|j|\u2606Jonen\n|t:|1774516377\n|gametype|doubles\n|player|p1|BanKingambit69247|lucas|1588\n|player|p2|Jonen|medium|1551\n|gen|9\n|tier|[Gen 9] VGC 2026 Reg I\n|rated|\n|rule|Species Clause: Limit one of each Pok\u00e9mon\n|rule|Item Clause: Limit 1 of each item\n|clearpoke\n|poke|p1|Calyrex-Ice, L50|\n|poke|p1|Miraidon, L50|\n|poke|p1|Incineroar, L50, F|\n|poke|p1|Rillaboom, L50, F|\n|poke|p1|Urshifu-*, L50, F|\n|poke|p1|Flutter Mane, L50|\n|poke|p2|Groudon, L50|\n|poke|p2|Lunala, L50|\n|poke|p2|Sableye, L50, F|\n|poke|p2|Chi-Yu, L50|\n|poke|p2|Rillaboom, L50, F|\n|poke|p2|Jumpluff, L50, M|\n|teampreview|4\n|inactive|Battle timer is ON: inactive players will automatically lose when time's up. (requested by BanKingambit69247)\n|inactive|BanKingambit69247 has 60 seconds left.\n|inactive|Jonen has 60 seconds left.\n|\n|t:|1774516428\n|teamsize|p1|4\n|teamsize|p2|4\n|start\n|switch|p1a: Rillaboom|Rillaboom, L50, F|100/100\n|switch|p1b: Calyrex|Calyrex-Ice, L50|100/100\n|switch|p2a: Groudon|Groudon, L50|100/100\n|switch|p2b: Sableye|Sableye, L50, F|100/100\n|-ability|p1b: Calyrex|As One\n|-ability|p1b: Calyrex|Unnerve\n|-weather|SunnyDay|[from] ability: Drought|[of] p2a: Groudon\n|-fieldstart|move: Grassy Terrain|[from] ability: Grassy Surge|[of] p1a: Rillaboom\n|turn|1\n|\n|t:|1774516448\n|move|p2a: Groudon|Substitute|p2a: Groudon\n|-start|p2a: Groudon|Substitute\n|-damage|p2a: Groudon|76/100\n|move|p1a: Rillaboom|Wood Hammer|p2a: Groudon\n|-supereffective|p2a: Groudon\n|-end|p2a: Groudon|Substitute\n|-damage|p1a: Rillaboom|93/100|[from] Recoil|[of] p2a: Groudon\n|move|p2b: Sableye|Foul Play|p1b: Calyrex\n|-supereffective|p1b: Calyrex\n|-damage|p1b: Calyrex|31/100\n|move|p1b: Calyrex|Leech Seed|p2a: Groudon\n|-start|p2a: Groudon|move: Leech Seed\n|\n|-weather|SunnyDay|[upkeep]\n|-heal|p2a: Groudon|82/100|[from] Grassy Terrain\n|-heal|p1a: Rillaboom|99/100|[from] Grassy Terrain\n|-heal|p1b: Calyrex|37/100|[from] Grassy Terrain\n|-heal|p1b: Calyrex|43/100|[from] item: Leftovers\n|-damage|p2a: Groudon|70/100|[from] Leech Seed|[of] p1b: Calyrex\n|-heal|p1b: Calyrex|53/100|[silent]\n|upkeep\n|turn|2\n|\n|t:|1774516470\n|switch|p2a: Lunala|Lunala, L50|100/100\n|switch|p1a: Incineroar|Incineroar, L50, F|100/100\n|-ability|p1a: Incineroar|Intimidate|boost\n|-unboost|p2a: Lunala|atk|1\n|-unboost|p2b: Sableye|atk|1\n|move|p2b: Sableye|Foul Play|p1b: Calyrex\n|-supereffective|p1b: Calyrex\n|-damage|p1b: Calyrex|0 fnt\n|faint|p1b: Calyrex\n|\n|-weather|SunnyDay|[upkeep]\n|upkeep\n|\n|t:|1774516478\n|switch|p1b: Miraidon|Miraidon, L50|100/100\n|-fieldstart|move: Electric Terrain|[from] ability: Hadron Engine|[of] p1b: Miraidon\n|turn|3\n|\n|t:|1774516488\n|-terastallize|p1b: Miraidon|Electric\n|move|p2b: Sableye|Gravity|p2b: Sableye\n|-fieldstart|move: Gravity\n|move|p1b: Miraidon|Volt Switch|p2b: Sableye\n|-enditem|p2b: Sableye|Focus Sash\n|-damage|p2b: Sableye|1/100\n|\n|t:|1774516495\n|switch|p1b: Rillaboom|Rillaboom, L50, F|99/100|[from] Volt Switch\n|-fieldstart|move: Grassy Terrain|[from] ability: Grassy Surge|[of] p1b: Rillaboom\n|move|p2a: Lunala|Calm Mind|p2a: Lunala\n|-boost|p2a: Lunala|spa|1\n|-boost|p2a: Lunala|spd|1\n|move|p1a: Incineroar|Knock Off|p2a: Lunala\n|-supereffective|p2a: Lunala\n|-damage|p2a: Lunala|28/100\n|-enditem|p2a: Lunala|Leftovers|[from] move: Knock Off|[of] p1a: Incineroar\n|\n|-weather|SunnyDay|[upkeep]\n|-heal|p2a: Lunala|34/100|[from] Grassy Terrain\n|-heal|p1b: Rillaboom|100/100|[from] Grassy Terrain\n|-heal|p2b: Sableye|7/100|[from] Grassy Terrain\n|upkeep\n|turn|4\n|\n|t:|1774516507\n|switch|p2b: Rillaboom|Rillaboom, L50, F|100/100\n|move|p2a: Lunala|Hypnosis|p1a: Incineroar\n|-status|p1a: Incineroar|slp|[from] move: Hypnosis\n|move|p1b: Rillaboom|Wood Hammer|p2a: Lunala\n|-damage|p2a: Lunala|0 fnt\n|faint|p2a: Lunala\n|-damage|p1b: Rillaboom|89/100|[from] Recoil\n|cant|p1a: Incineroar|slp\n|\n|-weather|SunnyDay|[upkeep]\n|-heal|p1b: Rillaboom|95/100|[from] Grassy Terrain\n|upkeep\n|\n|t:|1774516515\n|switch|p2a: Groudon|Groudon, L50|70/100\n|turn|5\n|\n|t:|1774516521\n|-terastallize|p2a: Groudon|Fire\n|move|p2a: Groudon|Precipice Blades|p1a: Incineroar|[spread] p1a,p1b\n|-supereffective|p1a: Incineroar\n|-resisted|p1b: Rillaboom\n|-damage|p1a: Incineroar|0 fnt\n|-damage|p1b: Rillaboom|61/100\n|faint|p1a: Incineroar\n|-damage|p2a: Groudon|60/100|[from] item: Life Orb\n|move|p2b: Rillaboom|U-turn|p1b: Rillaboom\n|-supereffective|p1b: Rillaboom\n|-damage|p1b: Rillaboom|16/100\n|\n|t:|1774516534\n|switch|p2b: Sableye|Sableye, L50, F|7/100|[from] U-turn\n|move|p1b: Rillaboom|Wood Hammer|p2a: Groudon\n|-resisted|p2a: Groudon\n|-damage|p2a: Groudon|28/100\n|-damage|p1b: Rillaboom|7/100|[from] Recoil\n|\n|-weather|none\n|-heal|p2a: Groudon|34/100|[from] Grassy Terrain\n|-heal|p1b: Rillaboom|13/100|[from] Grassy Terrain\n|-heal|p2b: Sableye|13/100|[from] Grassy Terrain\n|upkeep\n|\n|t:|1774516535\n|switch|p1a: Miraidon|Miraidon, L50, tera:Electric|100/100\n|-fieldstart|move: Electric Terrain|[from] ability: Hadron Engine|[of] p1a: Miraidon\n|turn|6\n|\n|t:|1774516543\n|move|p2b: Sableye|Quash|p1a: Miraidon\n|-activate|p1a: Miraidon|move: Quash\n|move|p2a: Groudon|Precipice Blades|p1b: Rillaboom|[spread] p1a,p1b\n|-supereffective|p1a: Miraidon\n|-resisted|p1b: Rillaboom\n|-damage|p1a: Miraidon|0 fnt\n|-damage|p1b: Rillaboom|0 fnt\n|faint|p1a: Miraidon\n|faint|p1b: Rillaboom\n|-damage|p2a: Groudon|24/100|[from] item: Life Orb\n|\n|win|Jonen\n|raw|BanKingambit69247's rating: 1588 &rarr; <strong>1566</strong><br />(-22 for losing)\n|raw|Jonen's rating: 1551 &rarr; <strong>1573</strong><br />(+22 for winning)\n","uploadtime":1774516543,"views":23,"formatid":"gen9vgc2026regi","rating":1566,"private":0,"password":null}