{"id":"gen9vgc2026regi-2561748383","format":"[Gen 9] VGC 2026 Reg I","players":["CHR1SPHX","Marty Supreme"],"log":"|j|\u2606CHR1SPHX\n|j|\u2606Marty Supreme\n|t:|1773839866\n|gametype|doubles\n|player|p1|CHR1SPHX|hilbert|1270\n|player|p2|Marty Supreme|2|1272\n|gen|9\n|tier|[Gen 9] VGC 2026 Reg I\n|rated|\n|rule|Species Clause: Limit one of each Pok\u00e9mon\n|rule|Item Clause: Limit 1 of each item\n|clearpoke\n|poke|p1|Flutter Mane, L50|\n|poke|p1|Incineroar, L50, M|\n|poke|p1|Ursaluna-Bloodmoon, L50, M|\n|poke|p1|Amoonguss, L50, M|\n|poke|p1|Koraidon, L50|\n|poke|p1|Lunala, L50|\n|poke|p2|Tornadus, L50, M|\n|poke|p2|Urshifu-*, L50, F|\n|poke|p2|Raichu, L50, M|\n|poke|p2|Zacian-*, L50|\n|poke|p2|Chien-Pao, L50|\n|poke|p2|Kyogre, L50|\n|teampreview|4\n|inactive|Battle timer is ON: inactive players will automatically lose when time's up. (requested by CHR1SPHX)\nCHR1SPHX rejected open team sheets.\n|inactive|Marty Supreme has 60 seconds left.\n|inactive|CHR1SPHX has 60 seconds left.\n|\n|t:|1773839914\n|teamsize|p1|4\n|teamsize|p2|4\n|start\n|switch|p1a: Amoonguss|Amoonguss, L50, M, shiny|100/100\n|switch|p1b: Incineroar|Incineroar, L50, M|100/100\n|switch|p2a: On and On|Urshifu-Rapid-Strike, L50, F|100/100\n|switch|p2b: FigureYouOut|Zacian-Crowned, L50|100/100\n|-ability|p2b: FigureYouOut|Intrepid Sword|boost\n|-boost|p2b: FigureYouOut|atk|1\n|-ability|p1b: Incineroar|Intimidate|boost\n|-unboost|p2a: On and On|atk|1\n|-unboost|p2b: FigureYouOut|atk|1\n|turn|1\n|inactive|Marty Supreme has 30 seconds left.\n|\n|t:|1773839941\n|-terastallize|p2b: FigureYouOut|Grass\n|move|p1a: Amoonguss|Rage Powder|p1a: Amoonguss\n|-singleturn|p1a: Amoonguss|move: Rage Powder\n|move|p2a: On and On|Coaching|p2b: FigureYouOut\n|-boost|p2b: FigureYouOut|atk|1\n|-boost|p2b: FigureYouOut|def|1\n|move|p2b: FigureYouOut|Substitute|p2b: FigureYouOut\n|-start|p2b: FigureYouOut|Substitute\n|-damage|p2b: FigureYouOut|75/100\n|move|p1b: Incineroar|Parting Shot|p2b: FigureYouOut\n|-unboost|p2b: FigureYouOut|atk|1\n|-unboost|p2b: FigureYouOut|spa|1\n|\n|t:|1773839961\n|switch|p1b: Koraidon|Koraidon, L50|100/100|[from] Parting Shot\n|-weather|SunnyDay|[from] ability: Orichalcum Pulse|[of] p1b: Koraidon\n|-activate|p1b: Koraidon|Orichalcum Pulse|[source]\n|\n|-weather|SunnyDay|[upkeep]\n|upkeep\n|turn|2\n|\n|t:|1773839976\n|switch|p2a: EoB|Kyogre, L50, shiny|100/100\n|-weather|RainDance|[from] ability: Drizzle|[of] p2a: EoB\n|switch|p1b: Incineroar|Incineroar, L50, M|100/100\n|-ability|p1b: Incineroar|Intimidate|boost\n|-unboost|p2a: EoB|atk|1\n|-immune|p2b: FigureYouOut\n|move|p2b: FigureYouOut|Play Rough|p1b: Incineroar\n|-damage|p1b: Incineroar|56/100\n|move|p1a: Amoonguss|Spore|p2a: EoB\n|-status|p2a: EoB|slp|[from] move: Spore\n|\n|-weather|RainDance|[upkeep]\n|upkeep\n|turn|3\n|\n|t:|1773840000\n|switch|p2a: On and On|Urshifu-Rapid-Strike, L50, F|100/100\n|move|p2b: FigureYouOut|Play Rough|p1b: Incineroar\n|-damage|p1b: Incineroar|14/100\n|move|p1b: Incineroar|Parting Shot|p2b: FigureYouOut\n|-unboost|p2b: FigureYouOut|atk|1\n|-unboost|p2b: FigureYouOut|spa|1\n|\n|t:|1773840010\n|switch|p1b: Koraidon|Koraidon, L50|100/100|[from] Parting Shot\n|-weather|SunnyDay|[from] ability: Orichalcum Pulse|[of] p1b: Koraidon\n|-activate|p1b: Koraidon|Orichalcum Pulse|[source]\n|move|p1a: Amoonguss|Pollen Puff|p1b: Koraidon\n|\n|-weather|SunnyDay|[upkeep]\n|upkeep\n|turn|4\n|\n|t:|1773840031\n|-terastallize|p1b: Koraidon|Fire\n|move|p2a: On and On|Coaching|p2b: FigureYouOut\n|-boost|p2b: FigureYouOut|atk|1\n|-boost|p2b: FigureYouOut|def|1\n|move|p2b: FigureYouOut|Play Rough|p1b: Koraidon\n|-resisted|p1b: Koraidon\n|-damage|p1b: Koraidon|80/100\n|move|p1b: Koraidon|Flame Charge|p2b: FigureYouOut\n|-supereffective|p2b: FigureYouOut\n|-end|p2b: FigureYouOut|Substitute\n|-boost|p1b: Koraidon|spe|1\n|move|p1a: Amoonguss|Sludge Bomb|p2b: FigureYouOut\n|-supereffective|p2b: FigureYouOut\n|-damage|p2b: FigureYouOut|24/100\n|\n|-weather|SunnyDay|[upkeep]\n|upkeep\n|turn|5\n|\n|t:|1773840056\n|switch|p2a: EoB|Kyogre, L50, shiny|100/100 slp\n|-weather|RainDance|[from] ability: Drizzle|[of] p2a: EoB\n|move|p1b: Koraidon|Protect|p1b: Koraidon\n|-singleturn|p1b: Koraidon|Protect\n|move|p2b: FigureYouOut|Protect|p2b: FigureYouOut\n|-singleturn|p2b: FigureYouOut|Protect\n|move|p1a: Amoonguss|Sludge Bomb|p2b: FigureYouOut\n|-activate|p2b: FigureYouOut|move: Protect\n|\n|-weather|RainDance|[upkeep]\n|upkeep\n|turn|6\n|\n|t:|1773840080\n|move|p1b: Koraidon|Flare Blitz|p2b: FigureYouOut\n|-supereffective|p2b: FigureYouOut\n|-damage|p2b: FigureYouOut|0 fnt\n|faint|p2b: FigureYouOut\n|-damage|p1b: Koraidon|73/100|[from] Recoil\n|cant|p2a: EoB|slp\n|move|p1a: Amoonguss|Pollen Puff|p1b: Koraidon\n|-heal|p1b: Koraidon|100/100\n|\n|-weather|RainDance|[upkeep]\n|upkeep\n|\n|t:|1773840093\n|switch|p2b: On and On|Urshifu-Rapid-Strike, L50, F|100/100\n|turn|7\n|\n|t:|1773840110\n|switch|p1b: Lunala|Lunala, L50, shiny|100/100\n|move|p1a: Amoonguss|Rage Powder|p1a: Amoonguss\n|-singleturn|p1a: Amoonguss|move: Rage Powder\n|move|p2b: On and On|U-turn|p1a: Amoonguss\n|-damage|p1a: Amoonguss|79/100\n|-damage|p2b: On and On|84/100|[from] item: Rocky Helmet|[of] p1a: Amoonguss\n|\n|t:|1773840116\n|switch|p2b: Change|Chien-Pao, L50, shiny|100/100|[from] U-turn\n|-ability|p2b: Change|Sword of Ruin\n|-curestatus|p2a: EoB|slp|[msg]\n|move|p2a: EoB|Ice Beam|p1a: Amoonguss\n|-supereffective|p1a: Amoonguss\n|-damage|p1a: Amoonguss|21/100\n|\n|-weather|RainDance|[upkeep]\n|upkeep\n|turn|8\n|inactive|CHR1SPHX has 30 seconds left.\n|inactive|CHR1SPHX has 20 seconds left.\n|inactive|CHR1SPHX has 15 seconds left.\n|inactive|CHR1SPHX has 10 seconds left.\n|inactive|CHR1SPHX has 5 seconds left.\n|\n|t:|1773840166\n|switch|p2a: On and On|Urshifu-Rapid-Strike, L50, F|84/100\n|move|p1a: Amoonguss|Rage Powder|p1a: Amoonguss\n|-singleturn|p1a: Amoonguss|move: Rage Powder\n|move|p2b: Change|Throat Chop|p1a: Amoonguss\n|-damage|p1a: Amoonguss|0 fnt\n|-damage|p2b: Change|84/100|[from] item: Rocky Helmet|[of] p1a: Amoonguss\n|faint|p1a: Amoonguss\n|move|p1b: Lunala|Trick Room|p1b: Lunala\n|-fieldstart|move: Trick Room|[of] p1b: Lunala\n|\n|-weather|RainDance|[upkeep]\n|upkeep\n|\n|t:|1773840176\n|switch|p1a: Incineroar|Incineroar, L50, M|14/100\n|-ability|p1a: Incineroar|Intimidate|boost\n|-unboost|p2a: On and On|atk|1\n|-unboost|p2b: Change|atk|1\n|turn|9\n|\n|t:|1773840184\n|move|p2b: Change|Protect|p2b: Change\n|-singleturn|p2b: Change|Protect\n|move|p1a: Incineroar|Fake Out|p2a: On and On\n|-damage|p2a: On and On|68/100\n|move|p1b: Lunala|Moonblast|p2b: Change\n|-activate|p2b: Change|move: Protect\n|cant|p2a: On and On|flinch\n|\n|-weather|none\n|upkeep\n|turn|10\n|\n|t:|1773840202\n|move|p2b: Change|Sucker Punch|p1b: Lunala\n|-supereffective|p1b: Lunala\n|-damage|p1b: Lunala|60/100\n|move|p1a: Incineroar|Parting Shot|p2b: Change\n|-unboost|p2b: Change|atk|1\n|-unboost|p2b: Change|spa|1\n|\n|t:|1773840207\n|switch|p1a: Koraidon|Koraidon, L50, tera:Fire|100/100|[from] Parting Shot\n|-weather|SunnyDay|[from] ability: Orichalcum Pulse|[of] p1a: Koraidon\n|-activate|p1a: Koraidon|Orichalcum Pulse|[source]\n|move|p1b: Lunala|Moonblast|p2a: On and On\n|-supereffective|p2a: On and On\n|-damage|p2a: On and On|0 fnt\n|faint|p2a: On and On\n|\n|-weather|SunnyDay|[upkeep]\n|upkeep\n|inactive|Marty Supreme has 30 seconds left.\n|\n|t:|1773840233\n|switch|p2a: EoB|Kyogre, L50, shiny|100/100\n|-weather|RainDance|[from] ability: Drizzle|[of] p2a: EoB\n|turn|11\n|l|\u2606Marty Supreme\n|inactive|Marty Supreme disconnected and has a minute to reconnect!\n|player|p2|\n|j|\u2606Marty Supreme\n|inactive|Marty Supreme reconnected and has 45 seconds left.\n|player|p2|Marty Supreme|2|\n|\n|t:|1773840254\n|move|p1b: Lunala|Wide Guard|p1b: Lunala\n|-singleturn|p1b: Lunala|Wide Guard\n|move|p2b: Change|Sucker Punch||[still]\n|-fail|p2b: Change\n|move|p2a: EoB|Hydro Pump|p1a: Koraidon\n|-supereffective|p1a: Koraidon\n|-damage|p1a: Koraidon|0 fnt\n|faint|p1a: Koraidon\n|\n|-weather|RainDance|[upkeep]\n|upkeep\n|\n|t:|1773840260\n|switch|p1a: Incineroar|Incineroar, L50, M|14/100\n|-ability|p1a: Incineroar|Intimidate|boost\n|-unboost|p2a: EoB|atk|1\n|-unboost|p2b: Change|atk|1\n|turn|12\n|\n|t:|1773840282\n|move|p2a: EoB|Protect|p2a: EoB\n|-singleturn|p2a: EoB|Protect\n|move|p2b: Change|Protect|p2b: Change\n|-singleturn|p2b: Change|Protect\n|move|p1a: Incineroar|Fake Out|p2b: Change\n|-activate|p2b: Change|move: Protect\n|move|p1b: Lunala|Moongeist Beam|p2a: EoB\n|-activate|p2a: EoB|move: Protect\n|\n|-weather|RainDance|[upkeep]\n|-fieldend|move: Trick Room\n|upkeep\n|turn|13\n|\n|t:|1773840295\n|move|p2b: Change|Throat Chop|p1b: Lunala\n|-supereffective|p1b: Lunala\n|-damage|p1b: Lunala|5/100\n|-start|p1b: Lunala|Throat Chop|[silent]\n|move|p2a: EoB|Water Spout|p1a: Incineroar|[spread] p1a,p1b\n|-supereffective|p1a: Incineroar\n|-damage|p1a: Incineroar|0 fnt\n|-damage|p1b: Lunala|0 fnt\n|faint|p1a: Incineroar\n|faint|p1b: Lunala\n|\n|win|Marty Supreme\n|raw|CHR1SPHX's rating: 1270 &rarr; <strong>1245</strong><br />(-25 for losing)\n|raw|Marty Supreme's rating: 1272 &rarr; <strong>1297</strong><br />(+25 for winning)\n|l|\u2606CHR1SPHX\n|player|p1|\n","uploadtime":1773840302,"views":10,"formatid":"gen9vgc2026regi","rating":1245,"private":0,"password":null}