{"id":"gen9vgc2026regi-2530497590","format":"[Gen 9] VGC 2026 Reg I","players":["Rxu","SEITA"],"log":"|j|\u2606Rxu\n|j|\u2606SEITA\n|t:|1769926469\n|gametype|doubles\n|player|p1|Rxu|caitlin|1270\n|player|p2|SEITA|169|1206\n|gen|9\n|tier|[Gen 9] VGC 2026 Reg I\n|rated|\n|rule|Species Clause: Limit one of each Pok\u00e9mon\n|rule|Item Clause: Limit 1 of each item\n|clearpoke\n|poke|p1|Calyrex-Shadow, L50|\n|poke|p1|Zamazenta-*, L50|\n|poke|p1|Whimsicott, L50, M|\n|poke|p1|Maushold-Four, L50|\n|poke|p1|Chi-Yu, L50|\n|poke|p1|Amoonguss, L50, M|\n|poke|p2|Zamazenta-*, L50|\n|poke|p2|Kyogre, L50|\n|poke|p2|Grimmsnarl, L50, M|\n|poke|p2|Landorus, L50, M|\n|poke|p2|Wo-Chien, L50|\n|poke|p2|Ditto, L50|\n|teampreview|4\n|inactive|Battle timer is ON: inactive players will automatically lose when time's up. (requested by Rxu)\n|inactive|SEITA has 60 seconds left.\n|\n|t:|1769926516\n|teamsize|p1|4\n|teamsize|p2|4\n|start\n|switch|p1a: Whimsicott|Whimsicott, L50, M|100/100\n|switch|p1b: Chi-Yu|Chi-Yu, L50|100/100\n|switch|p2a: Grimmsnarl|Grimmsnarl, L50, M|100/100\n|switch|p2b: Zamazenta|Zamazenta-Crowned, L50|100/100\n|-ability|p2b: Zamazenta|Dauntless Shield|boost\n|-boost|p2b: Zamazenta|def|1\n|-ability|p1b: Chi-Yu|Beads of Ruin\n|turn|1\n|\n|t:|1769926532\n|move|p1a: Whimsicott|Tailwind|p1a: Whimsicott\n|-sidestart|p1: Rxu|move: Tailwind\n|move|p2a: Grimmsnarl|Light Screen|p2a: Grimmsnarl\n|-sidestart|p2: SEITA|move: Light Screen\n|move|p1b: Chi-Yu|Heat Wave|p2a: Grimmsnarl|[spread] p2a\n|-miss|p1b: Chi-Yu|p2b: Zamazenta\n|-damage|p2a: Grimmsnarl|37/100\n|move|p2b: Zamazenta|Body Press|p1b: Chi-Yu\n|-supereffective|p1b: Chi-Yu\n|-damage|p1b: Chi-Yu|0 fnt\n|faint|p1b: Chi-Yu\n|\n|upkeep\n|\n|t:|1769926543\n|switch|p1b: Zamazenta|Zamazenta-Crowned, L50|100/100\n|-ability|p1b: Zamazenta|Dauntless Shield|boost\n|-boost|p1b: Zamazenta|def|1\n|turn|2\n|inactive|SEITA has 30 seconds left.\n|\n|t:|1769926574\n|-terastallize|p1b: Zamazenta|Dragon\n|move|p2a: Grimmsnarl|Reflect|p2a: Grimmsnarl\n|-sidestart|p2: SEITA|Reflect\n|move|p1a: Whimsicott|Endeavor|p2b: Zamazenta\n|-damage|p2b: Zamazenta|70/100\n|move|p1b: Zamazenta|Imprison|p1b: Zamazenta\n|-start|p1b: Zamazenta|move: Imprison\n|move|p2b: Zamazenta|Behemoth Bash|p1a: Whimsicott\n|-supereffective|p1a: Whimsicott\n|-enditem|p1a: Whimsicott|Focus Sash\n|-damage|p1a: Whimsicott|1/100\n|\n|upkeep\n|turn|3\n|inactive|SEITA has 30 seconds left.\n|\n|t:|1769926601\n|move|p2b: Zamazenta|Protect|p2b: Zamazenta\n|-singleturn|p2b: Zamazenta|Protect\n|move|p1a: Whimsicott|Endeavor|p2a: Grimmsnarl\n|-damage|p2a: Grimmsnarl|1/100\n|move|p1b: Zamazenta|Body Press|p2b: Zamazenta\n|-activate|p2b: Zamazenta|move: Protect\n|move|p2a: Grimmsnarl|Spirit Break|p1a: Whimsicott\n|-damage|p1a: Whimsicott|0 fnt\n|faint|p1a: Whimsicott\n|\n|upkeep\n|\n|t:|1769926605\n|switch|p1a: Calyrex|Calyrex-Shadow, L50|100/100\n|-ability|p1a: Calyrex|As One\n|-ability|p1a: Calyrex|Unnerve\n|turn|4\n|inactive|SEITA has 30 seconds left.\n|\n|t:|1769926640\n|-terastallize|p2b: Zamazenta|Grass\n|move|p2a: Grimmsnarl|Parting Shot|p1a: Calyrex\n|-unboost|p1a: Calyrex|atk|1\n|-unboost|p1a: Calyrex|spa|1\n|\n|t:|1769926645\n|switch|p2a: Kyogre|Kyogre, L50|100/100|[from] Parting Shot\n|-weather|RainDance|[from] ability: Drizzle|[of] p2a: Kyogre\n|move|p1a: Calyrex|Astral Barrage|p2a: Kyogre|[spread] p2a,p2b\n|-damage|p2a: Kyogre|81/100\n|-damage|p2b: Zamazenta|48/100\n|-damage|p1a: Calyrex|91/100|[from] item: Life Orb\n|move|p1b: Zamazenta|Body Press|p2b: Zamazenta\n|-damage|p2b: Zamazenta|29/100\n|move|p2b: Zamazenta|Behemoth Bash|p1a: Calyrex\n|-damage|p1a: Calyrex|41/100\n|\n|-weather|RainDance|[upkeep]\n|-sideend|p1: Rxu|move: Tailwind\n|upkeep\n|turn|5\n|inactive|SEITA has 30 seconds left.\n|inactive|SEITA has 20 seconds left.\n|\n|t:|1769926685\n|move|p1a: Calyrex|Protect|p1a: Calyrex\n|-singleturn|p1a: Calyrex|Protect\n|move|p2b: Zamazenta|Behemoth Bash|p1a: Calyrex\n|-activate|p1a: Calyrex|move: Protect\n|move|p1b: Zamazenta|Body Press|p2a: Kyogre\n|-damage|p2a: Kyogre|40/100\n|move|p2a: Kyogre|Ice Beam|p1b: Zamazenta\n|-supereffective|p1b: Zamazenta\n|-damage|p1b: Zamazenta|55/100\n|\n|-weather|RainDance|[upkeep]\n|upkeep\n|turn|6\n|\n|t:|1769926707\n|move|p1a: Calyrex|Astral Barrage|p2a: Kyogre|[spread] p2a,p2b\n|-damage|p2a: Kyogre|21/100\n|-damage|p2b: Zamazenta|5/100\n|-damage|p1a: Calyrex|31/100|[from] item: Life Orb\n|move|p2b: Zamazenta|Behemoth Bash|p1a: Calyrex\n|-damage|p1a: Calyrex|0 fnt\n|faint|p1a: Calyrex\n|move|p1b: Zamazenta|Body Press|p2a: Kyogre\n|-damage|p2a: Kyogre|0 fnt\n|faint|p2a: Kyogre\n|\n|-weather|RainDance|[upkeep]\n|upkeep\n|\n|t:|1769926726\n|switch|p2a: Grimmsnarl|Grimmsnarl, L50, M|1/100\n|turn|7\n|\n|t:|1769926739\n|move|p2b: Zamazenta|Behemoth Bash|p1b: Zamazenta\n|-damage|p1b: Zamazenta|41/100\n|move|p1b: Zamazenta|Body Press|p2a: Grimmsnarl\n|-damage|p2a: Grimmsnarl|0 fnt\n|faint|p2a: Grimmsnarl\n|\n|-weather|RainDance|[upkeep]\n|upkeep\n|\n|t:|1769926748\n|switch|p2a: Ditto|Ditto, L50|100/100\n|-transform|p2a: Ditto|p1b: Zamazenta|[from] ability: Imposter\n|-ability|p2a: Ditto|Dauntless Shield|boost\n|-boost|p2a: Ditto|def|1\n|-start|p2a: Ditto|typechange|Fighting/Steel|[silent]\n|turn|8\n|\n|t:|1769926757\n|move|p2b: Zamazenta|Protect|p2b: Zamazenta\n|-singleturn|p2b: Zamazenta|Protect\n|-activate|p2a: Ditto|move: Struggle\n|move|p2a: Ditto|Struggle|p1b: Zamazenta\n|-damage|p1b: Zamazenta|36/100\n|-damage|p2a: Ditto|75/100|[from] recoil\n|move|p1b: Zamazenta|Body Press|p2b: Zamazenta\n|-activate|p2b: Zamazenta|move: Protect\n|\n|-weather|none\n|-sideend|p2: SEITA|move: Light Screen\n|upkeep\n|turn|9\n|\n|t:|1769926779\n|move|p2b: Zamazenta|Protect|p2b: Zamazenta\n|-singleturn|p2b: Zamazenta|Protect\n|move|p1b: Zamazenta|Body Press|p2b: Zamazenta\n|-activate|p2b: Zamazenta|move: Protect\n|-activate|p2a: Ditto|move: Struggle\n|move|p2a: Ditto|Struggle|p1b: Zamazenta\n|-damage|p1b: Zamazenta|31/100\n|-damage|p2a: Ditto|50/100|[from] recoil\n|\n|-sideend|p2: SEITA|Reflect\n|upkeep\n|turn|10\n|\n|t:|1769926792\n|move|p2b: Zamazenta|Behemoth Bash|p1b: Zamazenta\n|-damage|p1b: Zamazenta|18/100\n|move|p1b: Zamazenta|Body Press|p2b: Zamazenta\n|-damage|p2b: Zamazenta|0 fnt\n|faint|p2b: Zamazenta\n|-activate|p2a: Ditto|move: Struggle\n|move|p2a: Ditto|Struggle|p1b: Zamazenta\n|-damage|p1b: Zamazenta|14/100\n|-damage|p2a: Ditto|25/100|[from] recoil\n|\n|upkeep\n|turn|11\n|\n|t:|1769926810\n|move|p1b: Zamazenta|Body Press|p2a: Ditto\n|-supereffective|p2a: Ditto\n|-damage|p2a: Ditto|0 fnt\n|faint|p2a: Ditto\n|\n|win|Rxu\n|raw|Rxu's rating: 1270 &rarr; <strong>1290</strong><br />(+20 for winning)\n|raw|SEITA's rating: 1206 &rarr; <strong>1186</strong><br />(-20 for losing)\n","uploadtime":1769926812,"views":18,"formatid":"gen9vgc2026regi","rating":1186,"private":0,"password":null}