{"id":"gen9vgc2026regi-2557944743","format":"[Gen 9] VGC 2026 Reg I","players":["EllenJoe2026","Rillabossman"],"log":"|j|\u2606EllenJoe2026\n|j|\u203dRillabossman\n|t:|1773377716\n|gametype|doubles\n|player|p1|EllenJoe2026|101|1507\n|player|p2|Rillabossman|169|1444\n|gen|9\n|tier|[Gen 9] VGC 2026 Reg I\n|rated|\n|rule|Species Clause: Limit one of each Pok\u00e9mon\n|rule|Item Clause: Limit 1 of each item\n|clearpoke\n|poke|p1|Calyrex-Shadow, L50|\n|poke|p1|Zamazenta-*, L50|\n|poke|p1|Incineroar, L50, F|\n|poke|p1|Rillaboom, L50, F|\n|poke|p1|Ogerpon-Cornerstone, L50, F|\n|poke|p1|Tornadus, L50, M|\n|poke|p2|Lunala, L50|\n|poke|p2|Medicham, L50, M|\n|poke|p2|Kyogre, L50|\n|poke|p2|Regieleki, L50|\n|poke|p2|Landorus, L50, M|\n|poke|p2|Latios, L50, M|\n|teampreview|4\n|inactive|Battle timer is ON: inactive players will automatically lose when time's up. (requested by EllenJoe2026)\n|inactive|EllenJoe2026 has 60 seconds left.\n|inactive|Rillabossman has 60 seconds left.\n|\n|t:|1773377765\n|teamsize|p1|4\n|teamsize|p2|4\n|start\n|switch|p1a: Rillaboom|Rillaboom, L50, F, shiny|100/100\n|switch|p1b: Ogerpon|Ogerpon-Cornerstone, L50, F|100/100\n|switch|p2a: Lunala|Lunala, L50|100/100\n|switch|p2b: Latios|Latios, L50, M|100/100\n|-fieldstart|move: Grassy Terrain|[from] ability: Grassy Surge|[of] p1a: Rillaboom\n|turn|1\n|inactive|Rillabossman has 30 seconds left.\n|\n|t:|1773377791\n|move|p1a: Rillaboom|Grassy Glide|p2a: Lunala\n|-damage|p2a: Lunala|84/100\n|move|p2b: Latios|Luster Purge|p1b: Ogerpon\n|-damage|p1b: Ogerpon|31/100\n|move|p1b: Ogerpon|Knock Off|p2a: Lunala\n|-supereffective|p2a: Lunala\n|-damage|p2a: Lunala|0 fnt\n|-enditem|p2a: Lunala|Covert Cloak|[from] move: Knock Off|[of] p1b: Ogerpon\n|faint|p2a: Lunala\n|\n|-heal|p1b: Ogerpon|37/100|[from] Grassy Terrain\n|upkeep\n|\n|t:|1773377811\n|switch|p2a: Regieleki|Regieleki, L50|100/100\n|turn|2\n|\n|t:|1773377829\n|-terastallize|p2a: Regieleki|Ice\n|move|p1b: Ogerpon|Spiky Shield|p1b: Ogerpon\n|-singleturn|p1b: Ogerpon|move: Protect\n|move|p1a: Rillaboom|Grassy Glide|p2a: Regieleki\n|-damage|p2a: Regieleki|39/100\n|move|p2a: Regieleki|Tera Blast|p1a: Rillaboom|[anim] Tera Blast Ice\n|-supereffective|p1a: Rillaboom\n|-damage|p1a: Rillaboom|25/100\n|move|p2b: Latios|Luster Purge|p1a: Rillaboom\n|-damage|p1a: Rillaboom|0 fnt\n|faint|p1a: Rillaboom\n|\n|-heal|p2a: Regieleki|45/100|[from] Grassy Terrain\n|-heal|p1b: Ogerpon|43/100|[from] Grassy Terrain\n|upkeep\n|\n|t:|1773377850\n|switch|p1a: Zamazenta|Zamazenta-Crowned, L50, shiny|100/100\n|-ability|p1a: Zamazenta|Dauntless Shield|boost\n|-boost|p1a: Zamazenta|def|1\n|turn|3\n|\n|t:|1773377867\n|move|p1b: Ogerpon|Follow Me|p1b: Ogerpon\n|-singleturn|p1b: Ogerpon|move: Follow Me\n|move|p2a: Regieleki|Tera Blast|p1b: Ogerpon|[anim] Tera Blast Ice\n|-supereffective|p1b: Ogerpon\n|-damage|p1b: Ogerpon|0 fnt\n|faint|p1b: Ogerpon\n|move|p2b: Latios|Luster Purge|p1a: Zamazenta\n|-damage|p1a: Zamazenta|58/100\n|move|p1a: Zamazenta|Body Press|p2a: Regieleki\n|-supereffective|p2a: Regieleki\n|-damage|p2a: Regieleki|0 fnt\n|faint|p2a: Regieleki\n|\n|-heal|p1a: Zamazenta|64/100|[from] Grassy Terrain\n|upkeep\n|\n|t:|1773377889\n|switch|p2a: Kyogre|Kyogre, L50|100/100\n|switch|p1b: Calyrex|Calyrex-Shadow, L50|100/100\n|-ability|p1b: Calyrex|As One\n|-ability|p1b: Calyrex|Unnerve\n|-weather|RainDance|[from] ability: Drizzle|[of] p2a: Kyogre\n|turn|4\n|inactive|EllenJoe2026 has 30 seconds left.\n|\n|t:|1773377915\n|-terastallize|p1b: Calyrex|Dark\n|move|p1a: Zamazenta|Wide Guard|p1a: Zamazenta\n|-singleturn|p1a: Zamazenta|Wide Guard\n|move|p1b: Calyrex|Astral Barrage|p2b: Latios|[spread] p2a,p2b\n|-supereffective|p2b: Latios\n|-damage|p2a: Kyogre|61/100\n|-damage|p2b: Latios|0 fnt\n|faint|p2b: Latios\n|-ability|p1b: Calyrex|Grim Neigh|boost\n|-boost|p1b: Calyrex|spa|1\n|move|p2a: Kyogre|Ice Beam|p1b: Calyrex\n|-damage|p1b: Calyrex|67/100\n|\n|-weather|RainDance|[upkeep]\n|-heal|p1b: Calyrex|73/100|[from] Grassy Terrain\n|-heal|p2a: Kyogre|67/100|[from] Grassy Terrain\n|-heal|p1a: Zamazenta|70/100|[from] Grassy Terrain\n|upkeep\n|turn|5\n|inactive|Rillabossman has 30 seconds left.\n|-message|Rillabossman forfeited.\n|\n|win|EllenJoe2026\n|raw|EllenJoe2026's rating: 1507 &rarr; <strong>1523</strong><br />(+16 for winning)\n|raw|Rillabossman's rating: 1444 &rarr; <strong>1428</strong><br />(-16 for losing)\n|l|\u2606EllenJoe2026\n|player|p1|\n|l|\u203dRillabossman\n|player|p2|\n","uploadtime":1773378124,"views":17,"formatid":"gen9vgc2026regi","rating":1428,"private":0,"password":null}