{"id":"gen9vgc2026regi-2570262702","format":"[Gen 9] VGC 2026 Reg I","players":["Rawnt","blackred123"],"log":"|j|\u2606Rawnt\n|j|\u2606blackred123\n|t:|1774795180\n|gametype|doubles\n|player|p1|Rawnt|265|1297\n|player|p2|blackred123|iono-masters|1415\n|gen|9\n|tier|[Gen 9] VGC 2026 Reg I\n|rated|\n|rule|Species Clause: Limit one of each Pok\u00e9mon\n|rule|Item Clause: Limit 1 of each item\n|clearpoke\n|poke|p1|Koraidon, L50|\n|poke|p1|Groudon, L50|\n|poke|p1|Ogerpon-Hearthflame, L50, F|\n|poke|p1|Sneasler, L50, F|\n|poke|p1|Flutter Mane, L50|\n|poke|p1|Raging Bolt, L50|\n|poke|p2|Muk-Alola, L50, F|\n|poke|p2|Smeargle, L50, F|\n|poke|p2|Flamigo, L50, F|\n|poke|p2|Calyrex-Shadow, L50|\n|poke|p2|Rillaboom, L50, F|\n|poke|p2|Eternatus, L50|\n|teampreview|4\n|inactive|Battle timer is ON: inactive players will automatically lose when time's up. (requested by blackred123)\n|j| BigLicki\n|\n|t:|1774795208\n|teamsize|p1|4\n|teamsize|p2|4\n|start\n|switch|p1a: Groudon|Groudon, L50|100/100\n|switch|p1b: Flutter Mane|Flutter Mane, L50|100/100\n|switch|p2a: Muk|Muk-Alola, L50, F|100/100\n|switch|p2b: Smeargle|Smeargle, L50, F|100/100\n|-weather|SunnyDay|[from] ability: Drought|[of] p1a: Groudon\n|-activate|p1b: Flutter Mane|ability: Protosynthesis\n|-start|p1b: Flutter Mane|protosynthesisspe\n|turn|1\n|\n|t:|1774795223\n|move|p2b: Smeargle|Fake Out|p1a: Groudon\n|-damage|p1a: Groudon|95/100\n|move|p1b: Flutter Mane|Icy Wind|p2a: Muk|[spread] p2a,p2b\n|-damage|p2a: Muk|84/100\n|-damage|p2b: Smeargle|54/100\n|-unboost|p2a: Muk|spe|1\n|-unboost|p2b: Smeargle|spe|1\n|-damage|p1b: Flutter Mane|90/100|[from] item: Life Orb\n|cant|p1a: Groudon|flinch\n|move|p2a: Muk|Minimize|p2a: Muk\n|-boost|p2a: Muk|evasion|2\n|\n|-weather|SunnyDay|[upkeep]\n|-heal|p2a: Muk|91/100|[from] item: Leftovers\n|-ability|p2b: Smeargle|Moody|boost\n|-boost|p2b: Smeargle|spe|2\n|-unboost|p2b: Smeargle|spd|1\n|upkeep\n|turn|2\n|l| BigLicki\n|inactive|Rawnt has 30 seconds left.\n|\n|t:|1774795249\n|-terastallize|p1b: Flutter Mane|Fairy\n|-terastallize|p2a: Muk|Water\n|move|p1b: Flutter Mane|Moonblast|p2a: Muk|[miss]\n|-miss|p1b: Flutter Mane|p2a: Muk\n|move|p2b: Smeargle|Spore|p1a: Groudon\n|-status|p1a: Groudon|slp|[from] move: Spore\n|cant|p1a: Groudon|slp\n|move|p2a: Muk|Minimize|p2a: Muk\n|-boost|p2a: Muk|evasion|2\n|\n|-weather|SunnyDay|[upkeep]\n|-heal|p2a: Muk|97/100|[from] item: Leftovers\n|-ability|p2b: Smeargle|Moody|boost\n|-boost|p2b: Smeargle|spd|2\n|-unboost|p2b: Smeargle|spe|1\n|upkeep\n|turn|3\n|inactive|Rawnt has 30 seconds left.\n|\n|t:|1774795277\n|move|p1b: Flutter Mane|Protect|p1b: Flutter Mane\n|-singleturn|p1b: Flutter Mane|Protect\n|move|p2b: Smeargle|Spore|p1b: Flutter Mane\n|-activate|p1b: Flutter Mane|move: Protect\n|cant|p1a: Groudon|slp\n|move|p2a: Muk|Minimize|p2a: Muk\n|-boost|p2a: Muk|evasion|2\n|\n|-weather|SunnyDay|[upkeep]\n|-heal|p2a: Muk|100/100|[from] item: Leftovers\n|-ability|p2b: Smeargle|Moody|boost\n|-boost|p2b: Smeargle|atk|2\n|-unboost|p2b: Smeargle|spa|1\n|upkeep\n|turn|4\n|inactive|blackred123 has 30 seconds left.\n|inactive|blackred123 has 20 seconds left.\n|inactive|blackred123 has 15 seconds left.\n|inactive|blackred123 has 10 seconds left.\n|\n|t:|1774795323\n|move|p2b: Smeargle|Follow Me|p2b: Smeargle\n|-singleturn|p2b: Smeargle|move: Follow Me\n|move|p1b: Flutter Mane|Icy Wind|p2b: Smeargle|[spread] p2b\n|-miss|p1b: Flutter Mane|p2a: Muk\n|-damage|p2b: Smeargle|22/100\n|-unboost|p2b: Smeargle|spe|1\n|-damage|p1b: Flutter Mane|80/100|[from] item: Life Orb\n|-curestatus|p1a: Groudon|slp|[msg]\n|move|p1a: Groudon|High Horsepower|p2b: Smeargle\n|-damage|p2b: Smeargle|0 fnt\n|faint|p2b: Smeargle\n|-ability|p2a: Muk|Moody|Power of Alchemy|[from] ability: Power of Alchemy|[of] p2b: Smeargle\n|move|p2a: Muk|Knock Off|p1b: Flutter Mane\n|-resisted|p1b: Flutter Mane\n|-damage|p1b: Flutter Mane|43/100\n|-enditem|p1b: Flutter Mane|Life Orb|[from] move: Knock Off|[of] p2a: Muk\n|\n|-weather|SunnyDay|[upkeep]\n|-ability|p2a: Muk|Moody|boost\n|-boost|p2a: Muk|atk|2\n|-unboost|p2a: Muk|def|1\n|upkeep\n|\n|t:|1774795337\n|switch|p2b: Flamigo|Flamigo, L50, F|100/100\n|-copyboost|p2b: Flamigo|p2a: Muk|[from] ability: Costar\n|-enditem|p2b: Flamigo|White Herb\n|-clearnegativeboost|p2b: Flamigo|[silent]\n|turn|5\n|\n|t:|1774795357\n|move|p1b: Flutter Mane|Moonblast|p2b: Flamigo|[miss]\n|-miss|p1b: Flutter Mane|p2b: Flamigo\n|move|p2b: Flamigo|Acrobatics|p1b: Flutter Mane\n|-damage|p1b: Flutter Mane|0 fnt\n|faint|p1b: Flutter Mane\n|-end|p1b: Flutter Mane|Protosynthesis|[silent]\n|move|p1a: Groudon|High Horsepower|p2a: Muk\n|-damage|p2a: Muk|37/100\n|move|p2a: Muk|Knock Off|p1a: Groudon\n|-damage|p1a: Groudon|51/100\n|-enditem|p1a: Groudon|Assault Vest|[from] move: Knock Off|[of] p2a: Muk\n|\n|-weather|none\n|-heal|p2a: Muk|43/100|[from] item: Leftovers\n|-ability|p2a: Muk|Moody|boost\n|-boost|p2a: Muk|def|2\n|-unboost|p2a: Muk|spe|1\n|upkeep\n|\n|t:|1774795376\n|switch|p1b: Raging Bolt|Raging Bolt, L50|100/100\n|-item|p1b: Raging Bolt|Air Balloon\n|turn|6\n|\n|t:|1774795389\n|move|p1b: Raging Bolt|Thunderclap|p2b: Flamigo\n|-supereffective|p2b: Flamigo\n|-damage|p2b: Flamigo|0 fnt\n|faint|p2b: Flamigo\n|move|p1a: Groudon|High Horsepower|p2a: Muk\n|-damage|p2a: Muk|13/100\n|move|p2a: Muk|Poison Gas|p1a: Groudon|[spread] p1a,p1b\n|-status|p1a: Groudon|psn\n|-status|p1b: Raging Bolt|psn\n|\n|-heal|p2a: Muk|19/100|[from] item: Leftovers\n|-damage|p1a: Groudon|39/100 psn|[from] psn\n|-damage|p1b: Raging Bolt|88/100 psn|[from] psn\n|-ability|p2a: Muk|Moody|boost\n|-boost|p2a: Muk|spa|2\n|-unboost|p2a: Muk|def|1\n|upkeep\n|\n|t:|1774795395\n|switch|p2b: Calyrex|Calyrex-Shadow, L50|100/100\n|-ability|p2b: Calyrex|As One\n|-ability|p2b: Calyrex|Unnerve\n|turn|7\n|inactive|Rawnt has 30 seconds left.\n|inactive|Rawnt has 20 seconds left.\n|\n|t:|1774795430\n|move|p2a: Muk|Protect|p2a: Muk\n|-singleturn|p2a: Muk|Protect\n|move|p2b: Calyrex|Psych Up|p2a: Muk\n|-copyboost|p2b: Calyrex|p2a: Muk|[from] move: Psych Up\n|move|p1a: Groudon|High Horsepower|p2a: Muk\n|-activate|p2a: Muk|move: Protect\n|move|p1b: Raging Bolt|Electroweb|p2a: Muk|[spread] p2b\n|-activate|p2a: Muk|move: Protect\n|-damage|p2b: Calyrex|78/100\n|-unboost|p2b: Calyrex|spe|1\n|\n|-heal|p2a: Muk|25/100|[from] item: Leftovers\n|-damage|p1a: Groudon|27/100 psn|[from] psn\n|-damage|p1b: Raging Bolt|76/100 psn|[from] psn\n|-ability|p2a: Muk|Moody|boost\n|-boost|p2a: Muk|def|2\n|-unboost|p2a: Muk|spa|1\n|upkeep\n|turn|8\n|inactive|Rawnt has 30 seconds left.\n|\n|t:|1774795459\n|move|p1b: Raging Bolt|Thunderclap|p2b: Calyrex|[miss]\n|-miss|p1b: Raging Bolt|p2b: Calyrex\n|move|p1a: Groudon|High Horsepower|p2b: Calyrex\n|-damage|p2b: Calyrex|0 fnt\n|faint|p2b: Calyrex\n|move|p2a: Muk|Knock Off|p1b: Raging Bolt\n|-damage|p1b: Raging Bolt|18/100 psn\n|-enditem|p1b: Raging Bolt|Air Balloon\n|\n|-heal|p2a: Muk|31/100|[from] item: Leftovers\n|-damage|p1a: Groudon|15/100 psn|[from] psn\n|-damage|p1b: Raging Bolt|6/100 psn|[from] psn\n|-ability|p2a: Muk|Moody|boost\n|-boost|p2a: Muk|spa|2\n|-unboost|p2a: Muk|spd|1\n|upkeep\n|turn|9\n|inactive|blackred123 has 30 seconds left.\n|inactive|blackred123 has 20 seconds left.\n|\n|t:|1774795496\n|move|p2a: Muk|Protect|p2a: Muk\n|-singleturn|p2a: Muk|Protect\n|move|p1a: Groudon|High Horsepower|p2a: Muk\n|-activate|p2a: Muk|move: Protect\n|move|p1b: Raging Bolt|Draco Meteor|p2a: Muk\n|-activate|p2a: Muk|move: Protect\n|\n|-heal|p2a: Muk|37/100|[from] item: Leftovers\n|-damage|p1a: Groudon|3/100 psn|[from] psn\n|-damage|p1b: Raging Bolt|0 fnt|[from] psn\n|faint|p1b: Raging Bolt\n|-end|p1b: Raging Bolt|Protosynthesis|[silent]\n|-ability|p2a: Muk|Moody|boost\n|-boost|p2a: Muk|def|2\n|-unboost|p2a: Muk|atk|1\n|upkeep\n|\n|t:|1774795512\n|switch|p1b: Koraidon|Koraidon, L50|100/100\n|-weather|SunnyDay|[from] ability: Orichalcum Pulse|[of] p1b: Koraidon\n|-activate|p1b: Koraidon|Orichalcum Pulse|[source]\n|turn|10\n|\n|t:|1774795528\n|move|p1b: Koraidon|Collision Course|p2a: Muk\n|-damage|p2a: Muk|19/100\n|move|p1a: Groudon|High Horsepower|p2a: Muk|[miss]\n|-miss|p1a: Groudon|p2a: Muk\n|move|p2a: Muk|Poison Gas|p1b: Koraidon|[spread] p1a,p1b\n|-fail|p1a: Groudon|psn\n|-status|p1b: Koraidon|psn\n|\n|-weather|SunnyDay|[upkeep]\n|-heal|p2a: Muk|25/100|[from] item: Leftovers\n|-damage|p1b: Koraidon|88/100 psn|[from] psn\n|-damage|p1a: Groudon|0 fnt|[from] psn\n|faint|p1a: Groudon\n|-ability|p2a: Muk|Moody|boost\n|-boost|p2a: Muk|def|2\n|-unboost|p2a: Muk|spe|1\n|upkeep\n|turn|11\n|\n|t:|1774795548\n|move|p2a: Muk|Protect|p2a: Muk\n|-singleturn|p2a: Muk|Protect\n|move|p1b: Koraidon|Collision Course|p2a: Muk\n|-activate|p2a: Muk|move: Protect\n|\n|-weather|SunnyDay|[upkeep]\n|-heal|p2a: Muk|31/100|[from] item: Leftovers\n|-damage|p1b: Koraidon|76/100 psn|[from] psn\n|-ability|p2a: Muk|Moody|boost\n|-boost|p2a: Muk|atk|2\n|-unboost|p2a: Muk|spa|1\n|upkeep\n|turn|12\n|\n|t:|1774795561\n|move|p1b: Koraidon|Collision Course|p2a: Muk\n|-damage|p2a: Muk|18/100\n|move|p2a: Muk|Knock Off|p1b: Koraidon\n|-resisted|p1b: Koraidon\n|-damage|p1b: Koraidon|36/100 psn\n|-enditem|p1b: Koraidon|Weakness Policy|[from] move: Knock Off|[of] p2a: Muk\n|\n|-weather|SunnyDay|[upkeep]\n|-heal|p2a: Muk|24/100|[from] item: Leftovers\n|-damage|p1b: Koraidon|24/100 psn|[from] psn\n|-ability|p2a: Muk|Moody|boost\n|-boost|p2a: Muk|spd|2\n|-unboost|p2a: Muk|spe|1\n|upkeep\n|turn|13\n|\n|t:|1774795583\n|move|p2a: Muk|Protect|p2a: Muk\n|-singleturn|p2a: Muk|Protect\n|move|p1b: Koraidon|Drain Punch|p2a: Muk\n|-activate|p2a: Muk|move: Protect\n|\n|-weather|SunnyDay|[upkeep]\n|-heal|p2a: Muk|30/100|[from] item: Leftovers\n|-damage|p1b: Koraidon|12/100 psn|[from] psn\n|-ability|p2a: Muk|Moody|boost\n|-boost|p2a: Muk|spa|2\n|-unboost|p2a: Muk|def|1\n|upkeep\n|turn|14\n|\n|t:|1774795598\n|move|p1b: Koraidon|Collision Course|p2a: Muk|[miss]\n|-miss|p1b: Koraidon|p2a: Muk\n|move|p2a: Muk|Knock Off|p1b: Koraidon\n|-resisted|p1b: Koraidon\n|-damage|p1b: Koraidon|0 fnt\n|faint|p1b: Koraidon\n|\n|win|blackred123\n|raw|Rawnt's rating: 1297 &rarr; <strong>1280</strong><br />(-17 for losing)\n|raw|blackred123's rating: 1415 &rarr; <strong>1428</strong><br />(+13 for winning)\n|l|\u2606Rawnt\n|player|p1|\n","uploadtime":1774795605,"views":10,"formatid":"gen9vgc2026regi","rating":1280,"private":0,"password":null}