{"id":"gen9vgc2026regi-2573110279","format":"[Gen 9] VGC 2026 Reg I","players":["Dqstrqyed","501JFW"],"log":"|j|\u2606Dqstrqyed\n|j|\u2606501JFW\n|t:|1775091725\n|gametype|doubles\n|player|p1|Dqstrqyed|1|1506\n|player|p2|501JFW|265|1546\n|gen|9\n|tier|[Gen 9] VGC 2026 Reg I\n|rated|\n|rule|Species Clause: Limit one of each Pok\u00e9mon\n|rule|Item Clause: Limit 1 of each item\n|clearpoke\n|poke|p1|Volcarona, L50, F|\n|poke|p1|Ursaluna, L50, F|\n|poke|p1|Miraidon, L50|\n|poke|p1|Calyrex-Ice, L50|\n|poke|p1|Grimmsnarl, L50, M|\n|poke|p1|Sneasler, L50, M|\n|poke|p2|Lunala, L50|\n|poke|p2|Koraidon, L50|\n|poke|p2|Jumpluff, L50, M|\n|poke|p2|Ogerpon-Cornerstone, L50, F|\n|poke|p2|Raging Bolt, L50|\n|poke|p2|Ursaluna, L50, F|\n|teampreview|4\n|inactive|Battle timer is ON: inactive players will automatically lose when time's up. (requested by 501JFW)\n|inactive|Dqstrqyed has 60 seconds left.\n|\n|t:|1775091773\n|teamsize|p1|4\n|teamsize|p2|4\n|start\n|switch|p1a: Grimmsnarl|Grimmsnarl, L50, M, shiny|100/100\n|switch|p1b: Calyrex|Calyrex-Ice, L50|100/100\n|switch|p2a: Lunala|Lunala, L50, shiny|100/100\n|switch|p2b: Koraidon|Koraidon, L50, shiny|100/100\n|-ability|p1b: Calyrex|As One\n|-ability|p1b: Calyrex|Unnerve\n|-weather|SunnyDay|[from] ability: Orichalcum Pulse|[of] p2b: Koraidon\n|-activate|p2b: Koraidon|Orichalcum Pulse|[source]\n|turn|1\n|\n|t:|1775091794\n|-terastallize|p1b: Calyrex|Water\n|move|p1a: Grimmsnarl|Reflect|p1a: Grimmsnarl\n|-sidestart|p1: Dqstrqyed|Reflect\n|move|p2b: Koraidon|Close Combat|p1a: Grimmsnarl\n|-damage|p1a: Grimmsnarl|39/100\n|-unboost|p2b: Koraidon|def|1\n|-unboost|p2b: Koraidon|spd|1\n|move|p2a: Lunala|Meteor Beam||[still]\n|-prepare|p2a: Lunala|Meteor Beam\n|-boost|p2a: Lunala|spa|1\n|-enditem|p2a: Lunala|Power Herb\n|-anim|p2a: Lunala|Meteor Beam|p1b: Calyrex\n|-damage|p1b: Calyrex|62/100\n|move|p1b: Calyrex|Leech Seed|p2a: Lunala\n|-start|p2a: Lunala|move: Leech Seed\n|\n|-weather|SunnyDay|[upkeep]\n|-damage|p2a: Lunala|88/100|[from] Leech Seed|[of] p1b: Calyrex\n|-heal|p1b: Calyrex|74/100|[silent]\n|upkeep\n|turn|2\n|inactive|Dqstrqyed has 30 seconds left.\n|\n|t:|1775091820\n|move|p1a: Grimmsnarl|Light Screen|p1a: Grimmsnarl\n|-sidestart|p1: Dqstrqyed|move: Light Screen\n|move|p2b: Koraidon|Close Combat|p1a: Grimmsnarl\n|-damage|p1a: Grimmsnarl|0 fnt\n|-unboost|p2b: Koraidon|def|1\n|-unboost|p2b: Koraidon|spd|1\n|faint|p1a: Grimmsnarl\n|move|p2a: Lunala|Moongeist Beam|p1b: Calyrex\n|-damage|p1b: Calyrex|36/100\n|move|p1b: Calyrex|Glacial Lance|p2a: Lunala|[spread] p2a,p2b\n|-supereffective|p2b: Koraidon\n|-damage|p2a: Lunala|42/100\n|-enditem|p2b: Koraidon|Focus Sash\n|-damage|p2b: Koraidon|1/100\n|\n|-weather|SunnyDay|[upkeep]\n|-damage|p2a: Lunala|29/100|[from] Leech Seed|[of] p1b: Calyrex\n|-heal|p1b: Calyrex|49/100|[silent]\n|upkeep\n|\n|t:|1775091838\n|switch|p1a: Miraidon|Miraidon, L50|100/100\n|-fieldstart|move: Electric Terrain|[from] ability: Hadron Engine|[of] p1a: Miraidon\n|turn|3\n|\n|t:|1775091852\n|move|p2a: Lunala|Wide Guard|p2a: Lunala\n|-singleturn|p2a: Lunala|Wide Guard\n|move|p2b: Koraidon|U-turn|p1b: Calyrex\n|-damage|p1b: Calyrex|34/100\n|\n|t:|1775091858\n|switch|p2b: Ursaluna|Ursaluna, L50, F, shiny|100/100|[from] U-turn\n|move|p1a: Miraidon|Volt Switch|p2b: Ursaluna\n|-immune|p2b: Ursaluna\n|move|p1b: Calyrex|Trick Room|p1b: Calyrex\n|-fieldstart|move: Trick Room|[of] p1b: Calyrex\n|\n|-weather|SunnyDay|[upkeep]\n|-damage|p2a: Lunala|17/100|[from] Leech Seed|[of] p1b: Calyrex\n|-heal|p1b: Calyrex|47/100|[silent]\n|-status|p2b: Ursaluna|brn|[from] item: Flame Orb\n|upkeep\n|turn|4\n|\n|t:|1775091882\n|switch|p1a: Ursaluna|Ursaluna, L50, F, shiny|100/100\n|move|p1b: Calyrex|Protect|p1b: Calyrex\n|-singleturn|p1b: Calyrex|Protect\n|move|p2a: Lunala|Wide Guard|p2a: Lunala\n|-singleturn|p2a: Lunala|Wide Guard\n|move|p2b: Ursaluna|Earthquake|p1a: Ursaluna|[spread] p1a\n|-activate|p2a: Lunala|move: Wide Guard\n|-activate|p1b: Calyrex|move: Protect\n|-damage|p1a: Ursaluna|66/100\n|\n|-weather|SunnyDay|[upkeep]\n|-damage|p2a: Lunala|5/100|[from] Leech Seed|[of] p1b: Calyrex\n|-heal|p1b: Calyrex|59/100|[silent]\n|-damage|p2b: Ursaluna|95/100 brn|[from] brn\n|-status|p1a: Ursaluna|brn|[from] item: Flame Orb\n|upkeep\n|turn|5\n|inactive|501JFW has 30 seconds left.\n|\n|t:|1775091909\n|-terastallize|p2b: Ursaluna|Ghost\n|move|p1a: Ursaluna|Headlong Rush|p2b: Ursaluna\n|-damage|p2b: Ursaluna|19/100 brn\n|-unboost|p1a: Ursaluna|def|1\n|-unboost|p1a: Ursaluna|spd|1\n|move|p1b: Calyrex|Leech Seed|p2b: Ursaluna\n|-start|p2b: Ursaluna|move: Leech Seed\n|move|p2b: Ursaluna|Facade|p1b: Calyrex\n|-damage|p1b: Calyrex|4/100\n|move|p2a: Lunala|Moongeist Beam|p1b: Calyrex\n|-damage|p1b: Calyrex|0 fnt\n|faint|p1b: Calyrex\n|\n|-weather|none\n|-damage|p1a: Ursaluna|60/100 brn|[from] brn\n|-damage|p2b: Ursaluna|13/100 brn|[from] brn\n|upkeep\n|\n|t:|1775091923\n|switch|p1b: Miraidon|Miraidon, L50|100/100\n|-activate|p1b: Miraidon|ability: Hadron Engine\n|turn|6\n|inactive|501JFW has 30 seconds left.\n|\n|t:|1775091952\n|move|p1a: Ursaluna|Headlong Rush|p2b: Ursaluna\n|-damage|p2b: Ursaluna|0 fnt\n|-unboost|p1a: Ursaluna|def|1\n|-unboost|p1a: Ursaluna|spd|1\n|faint|p2b: Ursaluna\n|move|p2a: Lunala|Moongeist Beam|p1b: Miraidon\n|-damage|p1b: Miraidon|70/100\n|move|p1b: Miraidon|Volt Switch|p2a: Lunala\n|-damage|p2a: Lunala|0 fnt\n|faint|p2a: Lunala\n|\n|-damage|p1a: Ursaluna|54/100 brn|[from] brn\n|upkeep\n|\n|t:|1775091956\n|switch|p2b: Koraidon|Koraidon, L50, shiny|1/100\n|switch|p2a: Ogerpon|Ogerpon-Cornerstone, L50, F|100/100\n|-weather|SunnyDay|[from] ability: Orichalcum Pulse|[of] p2b: Koraidon\n|-activate|p2b: Koraidon|Orichalcum Pulse|[source]\n|turn|7\n|\n|t:|1775091972\n|move|p2a: Ogerpon|Spiky Shield|p2a: Ogerpon\n|-singleturn|p2a: Ogerpon|move: Protect\n|move|p2b: Koraidon|Protect|p2b: Koraidon\n|-singleturn|p2b: Koraidon|Protect\n|move|p1a: Ursaluna|Headlong Rush|p2a: Ogerpon\n|-activate|p2a: Ogerpon|move: Protect\n|-damage|p1a: Ursaluna|42/100 brn|[from] Spiky Shield|[of] p2a: Ogerpon\n|move|p1b: Miraidon|Snarl|p2a: Ogerpon|[spread] \n|-activate|p2a: Ogerpon|move: Protect\n|-activate|p2b: Koraidon|move: Protect\n|\n|-weather|SunnyDay|[upkeep]\n|-damage|p1a: Ursaluna|36/100 brn|[from] brn\n|-fieldend|move: Trick Room\n|-fieldend|move: Electric Terrain\n|upkeep\n|turn|8\n|inactive|501JFW has 30 seconds left.\n|inactive|501JFW has 20 seconds left.\n|\n|t:|1775092009\n|move|p2b: Koraidon|Close Combat|p1a: Ursaluna\n|-supereffective|p1a: Ursaluna\n|-damage|p1a: Ursaluna|0 fnt\n|-unboost|p2b: Koraidon|def|1\n|-unboost|p2b: Koraidon|spd|1\n|faint|p1a: Ursaluna\n|move|p1b: Miraidon|Dragon Pulse|p2a: Ogerpon\n|-damage|p2a: Ogerpon|50/100\n|move|p2a: Ogerpon|Ivy Cudgel|p1b: Miraidon|[anim] Ivy Cudgel Rock\n|-damage|p1b: Miraidon|33/100\n|\n|-weather|SunnyDay|[upkeep]\n|-sideend|p1: Dqstrqyed|Reflect\n|upkeep\n|turn|9\n|-message|Dqstrqyed forfeited.\n|\n|win|501JFW\n|raw|Dqstrqyed's rating: 1506 &rarr; <strong>1488</strong><br />(-18 for losing)\n|raw|501JFW's rating: 1546 &rarr; <strong>1564</strong><br />(+18 for winning)\n|l|\u2606Dqstrqyed\n|player|p1|\n|l|\u2606501JFW\n|player|p2|\n","uploadtime":1775092166,"views":17,"formatid":"gen9vgc2026regi","rating":1488,"private":0,"password":null}