{"id":"gen9vgc2026regi-2548868970","format":"[Gen 9] VGC 2026 Reg I","players":["TheManOfSausage","RyushinYuki"],"log":"|j|\u2606TheManOfSausage\n|j|\u2606RyushinYuki\n|t:|1772273464\n|gametype|doubles\n|player|p1|TheManOfSausage|miku-water|1493\n|player|p2|RyushinYuki|roxie|1378\n|gen|9\n|tier|[Gen 9] VGC 2026 Reg I\n|rated|\n|rule|Species Clause: Limit one of each Pok\u00e9mon\n|rule|Item Clause: Limit 1 of each item\n|clearpoke\n|poke|p1|Calyrex-Shadow, L50|\n|poke|p1|Koraidon, L50|\n|poke|p1|Brute Bonnet, L50|\n|poke|p1|Incineroar, L50, M|\n|poke|p1|Landorus, L50, M|\n|poke|p1|Raging Bolt, L50|\n|poke|p2|Calyrex-Ice, L50|\n|poke|p2|Indeedee-F, L50, F|\n|poke|p2|Lunala, L50|\n|poke|p2|Smeargle, L50, M|\n|poke|p2|Murkrow, L50, F|\n|poke|p2|Torkoal, L50, M|\n|teampreview|4\n|\n|t:|1772273501\n|teamsize|p1|4\n|teamsize|p2|4\n|start\n|switch|p1a: Koraidon|Koraidon, L50|100/100\n|switch|p1b: Brute Bonnet|Brute Bonnet, L50|100/100\n|switch|p2a: Lunala|Lunala, L50|100/100\n|switch|p2b: Indeedee|Indeedee-F, L50, F|100/100\n|-weather|SunnyDay|[from] ability: Orichalcum Pulse|[of] p1a: Koraidon\n|-activate|p1b: Brute Bonnet|ability: Protosynthesis\n|-start|p1b: Brute Bonnet|protosynthesisdef\n|-activate|p1a: Koraidon|Orichalcum Pulse|[source]\n|-fieldstart|move: Psychic Terrain|[from] ability: Psychic Surge|[of] p2b: Indeedee\n|turn|1\n|\n|t:|1772273530\n|move|p2b: Indeedee|Follow Me|p2b: Indeedee\n|-singleturn|p2b: Indeedee|move: Follow Me\n|move|p1a: Koraidon|Flare Blitz|p2b: Indeedee\n|-damage|p2b: Indeedee|4/100\n|-damage|p1a: Koraidon|70/100|[from] Recoil\n|move|p2a: Lunala|Meteor Beam||[still]\n|-prepare|p2a: Lunala|Meteor Beam\n|-boost|p2a: Lunala|spa|1\n|-enditem|p2a: Lunala|Power Herb\n|-anim|p2a: Lunala|Meteor Beam|p1b: Brute Bonnet\n|-damage|p1b: Brute Bonnet|47/100\n|move|p1b: Brute Bonnet|Spore|p2b: Indeedee\n|-activate|p2b: Indeedee|item: Safety Goggles|Spore\n|\n|-weather|SunnyDay|[upkeep]\n|upkeep\n|turn|2\n|\n|t:|1772273550\n|move|p1a: Koraidon|Flare Blitz|p2a: Lunala\n|-damage|p2a: Lunala|62/100\n|-damage|p1a: Koraidon|54/100|[from] Recoil\n|move|p2a: Lunala|Moongeist Beam|p1b: Brute Bonnet\n|-resisted|p1b: Brute Bonnet\n|-damage|p1b: Brute Bonnet|11/100\n|move|p2b: Indeedee|Dazzling Gleam|p1a: Koraidon|[spread] p1a,p1b\n|-supereffective|p1a: Koraidon\n|-supereffective|p1b: Brute Bonnet\n|-damage|p1a: Koraidon|2/100\n|-damage|p1b: Brute Bonnet|0 fnt\n|faint|p1b: Brute Bonnet\n|-end|p1b: Brute Bonnet|Protosynthesis|[silent]\n|\n|-weather|SunnyDay|[upkeep]\n|upkeep\n|\n|t:|1772273567\n|switch|p1b: Rice Shower|Calyrex-Shadow, L50|100/100\n|-ability|p1b: Rice Shower|As One\n|-ability|p1b: Rice Shower|Unnerve\n|turn|3\n|\n|t:|1772273584\n|move|p2a: Lunala|Wide Guard|p2a: Lunala\n|-singleturn|p2a: Lunala|Wide Guard\n|move|p1b: Rice Shower|Astral Barrage|p2b: Indeedee|[spread] \n|-activate|p2a: Lunala|move: Wide Guard\n|-activate|p2b: Indeedee|move: Wide Guard\n|move|p1a: Koraidon|Collision Course|p2b: Indeedee\n|-damage|p2b: Indeedee|0 fnt\n|faint|p2b: Indeedee\n|\n|-weather|SunnyDay|[upkeep]\n|upkeep\n|\n|t:|1772273595\n|switch|p2b: Calyrex|Calyrex-Ice, L50|100/100\n|-ability|p2b: Calyrex|As One\n|-ability|p2b: Calyrex|Unnerve\n|turn|4\n|\n|t:|1772273603\n|-terastallize|p2b: Calyrex|Fire\n|move|p2a: Lunala|Wide Guard|p2a: Lunala\n|-singleturn|p2a: Lunala|Wide Guard\n|move|p1b: Rice Shower|Encore|p2a: Lunala\n|-start|p2a: Lunala|Encore\n|move|p1a: Koraidon|Collision Course|p2b: Calyrex\n|-damage|p2b: Calyrex|49/100\n|move|p2b: Calyrex|Trick Room|p2b: Calyrex\n|-fieldstart|move: Trick Room|[of] p2b: Calyrex\n|\n|-weather|SunnyDay|[upkeep]\n|upkeep\n|turn|5\n|\n|t:|1772273618\n|switch|p1a: Marvelous|Incineroar, L50, M, shiny|100/100\n|-ability|p1a: Marvelous|Intimidate|boost\n|-unboost|p2a: Lunala|atk|1\n|-fail|p2b: Calyrex|unboost|[from] item: Clear Amulet|[of] p2b: Calyrex\n|move|p2a: Lunala|Wide Guard|p2a: Lunala\n|-singleturn|p2a: Lunala|Wide Guard\n|move|p2b: Calyrex|Glacial Lance|p1a: Marvelous|[spread] p1a,p1b\n|-resisted|p1a: Marvelous\n|-damage|p1a: Marvelous|79/100\n|-damage|p1b: Rice Shower|27/100\n|move|p1b: Rice Shower|Psychic|p2b: Calyrex\n|-damage|p2b: Calyrex|2/100\n|\n|-weather|none\n|-fieldend|move: Psychic Terrain\n|upkeep\n|turn|6\n|\n|t:|1772273654\n|switch|p2a: Torkoal|Torkoal, L50, M|100/100\n|move|p2b: Calyrex|Protect|p2b: Calyrex\n|-singleturn|p2b: Calyrex|Protect\n|move|p1a: Marvelous|Fake Out|p2b: Calyrex\n|-activate|p2b: Calyrex|move: Protect\n|move|p1b: Rice Shower|Psychic|p2a: Torkoal\n|-damage|p2a: Torkoal|28/100\n|\n|upkeep\n|turn|7\n|\n|t:|1772273672\n|move|p1b: Rice Shower|Protect|p1b: Rice Shower\n|-singleturn|p1b: Rice Shower|Protect\n|move|p2a: Torkoal|Earth Power|p1a: Marvelous\n|-supereffective|p1a: Marvelous\n|-damage|p1a: Marvelous|35/100\n|move|p2b: Calyrex|Glacial Lance|p1b: Rice Shower|[spread] p1a\n|-activate|p1b: Rice Shower|move: Protect\n|-resisted|p1a: Marvelous\n|-damage|p1a: Marvelous|11/100\n|move|p1a: Marvelous|Parting Shot|p2a: Torkoal\n|-fail|p2a: Torkoal|unboost|[from] ability: White Smoke|[of] p2a: Torkoal\n|\n|upkeep\n|turn|8\n|\n|t:|1772273689\n|switch|p1b: Koraidon|Koraidon, L50|2/100\n|-weather|SunnyDay|[from] ability: Orichalcum Pulse|[of] p1b: Koraidon\n|-activate|p1b: Koraidon|Orichalcum Pulse|[source]\n|move|p2a: Torkoal|Eruption|p1a: Marvelous|[spread] p1a,p1b\n|-resisted|p1a: Marvelous\n|-resisted|p1b: Koraidon\n|-damage|p1a: Marvelous|0 fnt\n|-damage|p1b: Koraidon|0 fnt\n|faint|p1a: Marvelous\n|faint|p1b: Koraidon\n|move|p2b: Calyrex|Glacial Lance|p1: Marvelous|[notarget]\n|-fail|p2b: Calyrex\n|\n|-weather|SunnyDay|[upkeep]\n|-fieldend|move: Trick Room\n|upkeep\n|\n|t:|1772273695\n|switch|p1b: Rice Shower|Calyrex-Shadow, L50|27/100\n|-ability|p1b: Rice Shower|As One\n|-ability|p1b: Rice Shower|Unnerve\n|turn|9\n|\n|t:|1772273710\n|move|p1b: Rice Shower|Protect|p1b: Rice Shower\n|-singleturn|p1b: Rice Shower|Protect\n|move|p2b: Calyrex|Protect|p2b: Calyrex\n|-singleturn|p2b: Calyrex|Protect\n|move|p2a: Torkoal|Weather Ball|p1b: Rice Shower\n|-activate|p1b: Rice Shower|move: Protect\n|\n|-weather|SunnyDay|[upkeep]\n|upkeep\n|turn|10\n|\n|t:|1772273716\n|move|p2a: Torkoal|Protect|p2a: Torkoal\n|-singleturn|p2a: Torkoal|Protect\n|move|p1b: Rice Shower|Astral Barrage|p2a: Torkoal|[spread] p2b\n|-activate|p2a: Torkoal|move: Protect\n|-damage|p2b: Calyrex|0 fnt\n|faint|p2b: Calyrex\n|-ability|p1b: Rice Shower|Grim Neigh|boost\n|-boost|p1b: Rice Shower|spa|1\n|\n|-weather|SunnyDay|[upkeep]\n|upkeep\n|\n|t:|1772273720\n|switch|p2b: Lunala|Lunala, L50|62/100\n|turn|11\n|\n|t:|1772273734\n|move|p1b: Rice Shower|Psychic|p2a: Torkoal\n|-damage|p2a: Torkoal|0 fnt\n|faint|p2a: Torkoal\n|-ability|p1b: Rice Shower|Grim Neigh|boost\n|-boost|p1b: Rice Shower|spa|1\n|move|p2b: Lunala|Moongeist Beam|p1b: Rice Shower\n|-supereffective|p1b: Rice Shower\n|-damage|p1b: Rice Shower|0 fnt\n|faint|p1b: Rice Shower\n|\n|win|RyushinYuki\n|raw|TheManOfSausage's rating: 1493 &rarr; <strong>1467</strong><br />(-26 for losing)\n|raw|RyushinYuki's rating: 1378 &rarr; <strong>1404</strong><br />(+26 for winning)\n|c|\u2606TheManOfSausage|gg\n|l|\u2606TheManOfSausage\n|player|p1|\n|l|\u2606RyushinYuki\n|player|p2|\n","uploadtime":1772273883,"views":14,"formatid":"gen9vgc2026regi","rating":1404,"private":0,"password":null}