{"id":"gen9vgc2026regi-2513793752","format":"[Gen 9] VGC 2026 Reg I","players":["dasabe\u76d6\u6b27\u5361\u4fa0","mosca9876"],"log":"|j|\u2606dasabe\u76d6\u6b27\u5361\u4fa0\n|j|\u2606mosca9876\n|t:|1767783747\n|gametype|doubles\n|player|p1|dasabe\u76d6\u6b27\u5361\u4fa0|may-masters4|1224\n|player|p2|mosca9876|265|1303\n|gen|9\n|tier|[Gen 9] VGC 2026 Reg I\n|rated|\n|rule|Species Clause: Limit one of each Pok\u00e9mon\n|rule|Item Clause: Limit 1 of each item\n|clearpoke\n|poke|p1|Calyrex-Ice, L50|\n|poke|p1|Kyogre, L50|\n|poke|p1|Smeargle, L50, F|\n|poke|p1|Rillaboom, L50, F|\n|poke|p1|Urshifu-*, L50, F|\n|poke|p1|Landorus, L50, M|\n|poke|p2|Calyrex-Shadow, L50|\n|poke|p2|Zamazenta-*, L50|\n|poke|p2|Incineroar, L50, F|\n|poke|p2|Rillaboom, L50, F|\n|poke|p2|Urshifu-*, L50, F|\n|poke|p2|Ogerpon-Hearthflame, L50, F|\n|teampreview|4\n|\n|t:|1767783778\n|teamsize|p1|4\n|teamsize|p2|4\n|start\n|switch|p1a: \u6210\u90fd\u8001\u76d6|Kyogre, L50|100/100\n|switch|p1b: \u5c0f\u7b14\u7ea2\u80bf|Smeargle, L50, F, shiny|100/100\n|switch|p2a: Rillaboom|Rillaboom, L50, F|100/100\n|switch|p2b: Ogerpon|Ogerpon-Hearthflame, L50, F|100/100\n|-weather|RainDance|[from] ability: Drizzle|[of] p1a: \u6210\u90fd\u8001\u76d6\n|-ability|p2b: Ogerpon|Mold Breaker\n|-fieldstart|move: Grassy Terrain|[from] ability: Grassy Surge|[of] p2a: Rillaboom\n|turn|1\n|\n|t:|1767783789\n|switch|p1a: \u9e7f\u51a0\u738b|Calyrex-Ice, L50|100/100\n|-ability|p1a: \u9e7f\u51a0\u738b|As One\n|-ability|p1a: \u9e7f\u51a0\u738b|Unnerve\n|move|p2b: Ogerpon|Spiky Shield|p2b: Ogerpon\n|-singleturn|p2b: Ogerpon|move: Protect\n|move|p2a: Rillaboom|Fake Out|p1b: \u5c0f\u7b14\u7ea2\u80bf\n|-damage|p1b: \u5c0f\u7b14\u7ea2\u80bf|73/100\n|cant|p1b: \u5c0f\u7b14\u7ea2\u80bf|flinch\n|\n|-weather|RainDance|[upkeep]\n|-heal|p1b: \u5c0f\u7b14\u7ea2\u80bf|79/100|[from] Grassy Terrain\n|-ability|p1b: \u5c0f\u7b14\u7ea2\u80bf|Moody|boost\n|-boost|p1b: \u5c0f\u7b14\u7ea2\u80bf|def|2\n|-unboost|p1b: \u5c0f\u7b14\u7ea2\u80bf|spe|1\n|upkeep\n|turn|2\n|\n|t:|1767783814\n|-terastallize|p2b: Ogerpon|Fire\n|detailschange|p2b: Ogerpon|Ogerpon-Hearthflame-Tera, L50, F, tera:Fire\n|-ability|p2b: Ogerpon|Embody Aspect (Hearthflame)|boost\n|-boost|p2b: Ogerpon|atk|1\n|-terastallize|p1a: \u9e7f\u51a0\u738b|Fairy\n|move|p2b: Ogerpon|Ivy Cudgel|p1a: \u9e7f\u51a0\u738b|[anim] Ivy Cudgel Fire\n|-damage|p1a: \u9e7f\u51a0\u738b|64/100\n|move|p2a: Rillaboom|Wood Hammer|p1b: \u5c0f\u7b14\u7ea2\u80bf\n|-damage|p1b: \u5c0f\u7b14\u7ea2\u80bf|0 fnt\n|faint|p1b: \u5c0f\u7b14\u7ea2\u80bf\n|-damage|p2a: Rillaboom|80/100|[from] Recoil\n|move|p1a: \u9e7f\u51a0\u738b|Glacial Lance|p2b: Ogerpon|[spread] p2a,p2b\n|-supereffective|p2a: Rillaboom\n|-resisted|p2b: Ogerpon\n|-damage|p2a: Rillaboom|0 fnt\n|-damage|p2b: Ogerpon|75/100\n|faint|p2a: Rillaboom\n|-ability|p1a: \u9e7f\u51a0\u738b|Chilling Neigh|boost\n|-boost|p1a: \u9e7f\u51a0\u738b|atk|1\n|\n|-weather|RainDance|[upkeep]\n|-heal|p2b: Ogerpon|80/100|[from] Grassy Terrain\n|-heal|p1a: \u9e7f\u51a0\u738b|70/100|[from] Grassy Terrain\n|-heal|p1a: \u9e7f\u51a0\u738b|75/100|[from] item: Leftovers\n|upkeep\n|\n|t:|1767783830\n|switch|p1b: \u63e1\u8349\u733f|Rillaboom, L50, F|100/100\n|switch|p2a: Urshifu|Urshifu-Rapid-Strike, L50, F|100/100\n|turn|3\n|\n|t:|1767783840\n|move|p1b: \u63e1\u8349\u733f|Fake Out|p2a: Urshifu\n|-damage|p2a: Urshifu|88/100\n|cant|p2a: Urshifu|flinch\n|move|p2b: Ogerpon|Ivy Cudgel|p1b: \u63e1\u8349\u733f|[anim] Ivy Cudgel Fire\n|-supereffective|p1b: \u63e1\u8349\u733f\n|-crit|p1b: \u63e1\u8349\u733f\n|-damage|p1b: \u63e1\u8349\u733f|0 fnt\n|faint|p1b: \u63e1\u8349\u733f\n|move|p1a: \u9e7f\u51a0\u738b|Trick Room|p1a: \u9e7f\u51a0\u738b\n|-fieldstart|move: Trick Room|[of] p1a: \u9e7f\u51a0\u738b\n|\n|-weather|RainDance|[upkeep]\n|-heal|p1a: \u9e7f\u51a0\u738b|81/100|[from] Grassy Terrain\n|-heal|p1a: \u9e7f\u51a0\u738b|87/100|[from] item: Leftovers\n|-heal|p2b: Ogerpon|86/100|[from] Grassy Terrain\n|-heal|p2a: Urshifu|94/100|[from] Grassy Terrain\n|upkeep\n|\n|t:|1767783843\n|switch|p1b: \u6210\u90fd\u8001\u76d6|Kyogre, L50|100/100\n|turn|4\n|\n|t:|1767783853\n|move|p2b: Ogerpon|Grassy Glide|p1b: \u6210\u90fd\u8001\u76d6\n|-supereffective|p1b: \u6210\u90fd\u8001\u76d6\n|-damage|p1b: \u6210\u90fd\u8001\u76d6|0 fnt\n|faint|p1b: \u6210\u90fd\u8001\u76d6\n|move|p1a: \u9e7f\u51a0\u738b|Glacial Lance|p2a: Urshifu|[spread] p2a,p2b\n|-resisted|p2a: Urshifu\n|-resisted|p2b: Ogerpon\n|-damage|p2a: Urshifu|56/100\n|-damage|p2b: Ogerpon|46/100\n|move|p2a: Urshifu|Surging Strikes|p1a: \u9e7f\u51a0\u738b\n|-crit|p1a: \u9e7f\u51a0\u738b\n|-damage|p1a: \u9e7f\u51a0\u738b|68/100\n|-crit|p1a: \u9e7f\u51a0\u738b\n|-damage|p1a: \u9e7f\u51a0\u738b|49/100\n|-crit|p1a: \u9e7f\u51a0\u738b\n|-damage|p1a: \u9e7f\u51a0\u738b|32/100\n|-hitcount|p1a: \u9e7f\u51a0\u738b|3\n|\n|-weather|RainDance|[upkeep]\n|-heal|p1a: \u9e7f\u51a0\u738b|38/100|[from] Grassy Terrain\n|-heal|p1a: \u9e7f\u51a0\u738b|43/100|[from] item: Leftovers\n|-heal|p2b: Ogerpon|52/100|[from] Grassy Terrain\n|-heal|p2a: Urshifu|62/100|[from] Grassy Terrain\n|upkeep\n|turn|5\n|-message|dasabe\u76d6\u6b27\u5361\u4fa0 forfeited.\n|\n|win|mosca9876\n|raw|dasabe\u76d6\u6b27\u5361\u4fa0's rating: 1224 &rarr; <strong>1205</strong><br />(-19 for losing)\n|raw|mosca9876's rating: 1303 &rarr; <strong>1319</strong><br />(+16 for winning)\n|l|\u2606dasabe\u76d6\u6b27\u5361\u4fa0\n|player|p1|\n|l|\u2606mosca9876\n|player|p2|\n","uploadtime":1767784117,"views":35,"formatid":"gen9vgc2026regi","rating":1205,"private":0,"password":null}