{"id":"gen9vgc2026regi-2589602345","format":"[Gen 9] VGC 2026 Reg I","players":["eye-zitt","Glaceon_1740"],"log":"|j|\u2606eye-zitt\n|j|\u203dGlaceon_1740\n|t:|1776738166\n|gametype|doubles\n|player|p1|eye-zitt|hilbert|1296\n|player|p2|Glaceon_1740|dawn-gen4pt|1303\n|gen|9\n|tier|[Gen 9] VGC 2026 Reg I\n|rated|\n|rule|Species Clause: Limit one of each Pok\u00e9mon\n|rule|Item Clause: Limit 1 of each item\n|clearpoke\n|poke|p1|Incineroar, L50, F|\n|poke|p1|Landorus, L50, M|\n|poke|p1|Calyrex-Shadow, L50|\n|poke|p1|Koraidon, L50|\n|poke|p1|Brute Bonnet, L50|\n|poke|p1|Raging Bolt, L50|\n|poke|p2|Meowscarada, L50, F|\n|poke|p2|Murkrow, L50, M|\n|poke|p2|Kyogre, L50|\n|poke|p2|Zacian-*, L50|\n|poke|p2|Incineroar, L50, F|\n|poke|p2|Rillaboom, L50, F|\n|teampreview|4\n|inactive|Battle timer is ON: inactive players will automatically lose when time's up. (requested by eye-zitt)\n|inactive|Glaceon_1740 also wants the timer to be on.\n|\n|t:|1776738181\n|teamsize|p1|4\n|teamsize|p2|4\n|start\n|switch|p1a: Lou|Brute Bonnet, L50|100/100\n|switch|p1b: Tarman|Calyrex-Shadow, L50|100/100\n|switch|p2a: Meowscarada|Meowscarada, L50, F|100/100\n|switch|p2b: Kyogre|Kyogre, L50|100/100\n|-ability|p1b: Tarman|As One\n|-ability|p1b: Tarman|Unnerve\n|-weather|RainDance|[from] ability: Drizzle|[of] p2b: Kyogre\n|turn|1\n|\n|t:|1776738196\n|move|p2a: Meowscarada|U-turn|p1a: Lou\n|-start|p2a: Meowscarada|typechange|Bug|[from] ability: Protean\n|-supereffective|p1a: Lou\n|-damage|p1a: Lou|13/100\n|\n|t:|1776738205\n|switch|p2a: Murkrow|Murkrow, L50, M, shiny|100/100|[from] U-turn\n|move|p1b: Tarman|Encore||[still]\n|-fail|p1b: Tarman\n|move|p2b: Kyogre|Water Spout|p1a: Lou|[spread] p1a,p1b\n|-resisted|p1a: Lou\n|-damage|p1a: Lou|0 fnt\n|-damage|p1b: Tarman|14/100\n|faint|p1a: Lou\n|-end|p1a: Lou|Protosynthesis|[silent]\n|\n|-weather|RainDance|[upkeep]\n|upkeep\n|\n|t:|1776738208\n|switch|p1a: Sam|Koraidon, L50|100/100\n|-weather|SunnyDay|[from] ability: Orichalcum Pulse|[of] p1a: Sam\n|-activate|p1a: Sam|Orichalcum Pulse|[source]\n|turn|2\n|inactive|Glaceon_1740 has 30 seconds left.\n|\n|t:|1776738241\n|move|p2b: Kyogre|Protect|p2b: Kyogre\n|-singleturn|p2b: Kyogre|Protect\n|move|p2a: Murkrow|Rain Dance|p2a: Murkrow\n|-weather|RainDance\n|move|p1b: Tarman|Astral Barrage|p2b: Kyogre|[spread] p2a\n|-activate|p2b: Kyogre|move: Protect\n|-resisted|p2a: Murkrow\n|-damage|p2a: Murkrow|70/100\n|move|p1a: Sam|Collision Course|p2a: Murkrow\n|-damage|p2a: Murkrow|17/100\n|\n|-weather|RainDance|[upkeep]\n|upkeep\n|turn|3\n|\n|t:|1776738262\n|switch|p1b: Fragile|Raging Bolt, L50|100/100\n|move|p2a: Murkrow|Tailwind|p2a: Murkrow\n|-sidestart|p2: Glaceon_1740|move: Tailwind\n|move|p2b: Kyogre|Water Spout|p1b: Fragile|[spread] p1a,p1b\n|-resisted|p1a: Sam\n|-resisted|p1b: Fragile\n|-damage|p1a: Sam|56/100\n|-damage|p1b: Fragile|73/100\n|move|p1a: Sam|Collision Course|p2b: Kyogre\n|-damage|p2b: Kyogre|60/100\n|\n|-weather|RainDance|[upkeep]\n|upkeep\n|turn|4\n|inactive|Glaceon_1740 has 30 seconds left.\n|\n|t:|1776738297\n|switch|p2a: Zacian|Zacian-Crowned, L50|100/100\n|-ability|p2a: Zacian|Intrepid Sword|boost\n|-boost|p2a: Zacian|atk|1\n|-terastallize|p2b: Kyogre|Grass\n|move|p2b: Kyogre|Ice Beam|p1a: Sam\n|-supereffective|p1a: Sam\n|-damage|p1a: Sam|0 fnt\n|faint|p1a: Sam\n|move|p1b: Fragile|Electroweb|p2b: Kyogre|[spread] p2a,p2b\n|-resisted|p2b: Kyogre\n|-damage|p2a: Zacian|81/100\n|-damage|p2b: Kyogre|52/100\n|-unboost|p2a: Zacian|spe|1\n|\n|-weather|RainDance|[upkeep]\n|upkeep\n|\n|t:|1776738309\n|switch|p1a: Tarman|Calyrex-Shadow, L50|14/100\n|-ability|p1a: Tarman|As One\n|-ability|p1a: Tarman|Unnerve\n|turn|5\n|\n|t:|1776738324\n|-terastallize|p1a: Tarman|Ghost\n|move|p1b: Fragile|Thunderclap|p2a: Zacian\n|-damage|p2a: Zacian|46/100\n|move|p2a: Zacian|Play Rough|p1b: Fragile\n|-supereffective|p1b: Fragile\n|-damage|p1b: Fragile|0 fnt\n|faint|p1b: Fragile\n|-end|p1b: Fragile|Protosynthesis|[silent]\n|move|p2b: Kyogre|Water Spout|p1a: Tarman\n|-damage|p1a: Tarman|0 fnt\n|faint|p1a: Tarman\n|\n|win|Glaceon_1740\n|raw|eye-zitt's rating: 1296 &rarr; <strong>1272</strong><br />(-24 for losing)\n|raw|Glaceon_1740's rating: 1303 &rarr; <strong>1323</strong><br />(+20 for winning)\n|l|\u203dGlaceon_1740\n|player|p2|\n","uploadtime":1776738539,"views":8,"formatid":"gen9vgc2026regi","rating":1272,"private":0,"password":null}