{"id":"gen9vgc2026regi-2567404148","format":"[Gen 9] VGC 2026 Reg I","players":["bishmii","Furl0w"],"log":"|j|\u2606bishmii\n|j|\u2606Furl0w\n|t:|1774473135\n|gametype|doubles\n|player|p1|bishmii|169|1320\n|player|p2|Furl0w|volkner|1430\n|gen|9\n|tier|[Gen 9] VGC 2026 Reg I\n|rated|\n|rule|Species Clause: Limit one of each Pok\u00e9mon\n|rule|Item Clause: Limit 1 of each item\n|clearpoke\n|poke|p1|Calyrex-Shadow, L50|\n|poke|p1|Rillaboom, L50, M|\n|poke|p1|Sylveon, L50, M|\n|poke|p1|Tornadus, L50, M|\n|poke|p1|Incineroar, L50, M|\n|poke|p1|Zamazenta-*, L50|\n|poke|p2|Giratina-Origin, L50|\n|poke|p2|Iron Bundle, L50|\n|poke|p2|Koraidon, L50|\n|poke|p2|Incineroar, L50, F|\n|poke|p2|Ting-Lu, L50|\n|poke|p2|Amoonguss, L50, M|\n|teampreview|4\n|inactive|Battle timer is ON: inactive players will automatically lose when time's up. (requested by bishmii)\nFurl0w rejected open team sheets.\n|inactive|bishmii has 60 seconds left.\n|\n|t:|1774473176\n|teamsize|p1|4\n|teamsize|p2|4\n|start\n|switch|p1a: Sylveon|Sylveon, L50, M|100/100\n|switch|p1b: Incineroar|Incineroar, L50, M|100/100\n|switch|p2a: Incineroar|Incineroar, L50, F|100/100\n|switch|p2b: Ting-Lu|Ting-Lu, L50|100/100\n|-ability|p1b: Incineroar|Intimidate|boost\n|-unboost|p2a: Incineroar|atk|1\n|-unboost|p2b: Ting-Lu|atk|1\n|-ability|p2a: Incineroar|Intimidate|boost\n|-unboost|p1a: Sylveon|atk|1\n|-unboost|p1b: Incineroar|atk|1\n|-ability|p2b: Ting-Lu|Vessel of Ruin\n|turn|1\n|inactive|Furl0w has 30 seconds left.\n|inactive|Furl0w has 20 seconds left.\n|inactive|Furl0w has 15 seconds left.\n|\n|t:|1774473217\n|move|p1b: Incineroar|Fake Out|p2b: Ting-Lu\n|-damage|p2b: Ting-Lu|97/100\n|move|p2a: Incineroar|Fake Out|p1a: Sylveon\n|-damage|p1a: Sylveon|93/100\n|cant|p1a: Sylveon|flinch\n|cant|p2b: Ting-Lu|flinch\n|\n|-heal|p1a: Sylveon|99/100|[from] item: Leftovers\n|upkeep\n|turn|2\n|inactive|Furl0w has 30 seconds left.\n|\n|t:|1774473245\n|-terastallize|p2b: Ting-Lu|Fairy\n|move|p1b: Incineroar|Knock Off|p2b: Ting-Lu\n|-resisted|p2b: Ting-Lu\n|-damage|p2b: Ting-Lu|91/100\n|-enditem|p2b: Ting-Lu|Assault Vest|[from] move: Knock Off|[of] p1b: Incineroar\n|move|p1a: Sylveon|Calm Mind|p1a: Sylveon\n|-boost|p1a: Sylveon|spa|1\n|-boost|p1a: Sylveon|spd|1\n|move|p2a: Incineroar|Parting Shot|p1b: Incineroar\n|-unboost|p1b: Incineroar|atk|1\n|-unboost|p1b: Incineroar|spa|1\n|\n|t:|1774473258\n|switch|p2a: Koraidon|Koraidon, L50|100/100|[from] Parting Shot\n|-weather|SunnyDay|[from] ability: Orichalcum Pulse|[of] p2a: Koraidon\n|-activate|p2a: Koraidon|Orichalcum Pulse|[source]\n|move|p2b: Ting-Lu|Ruination|p1b: Incineroar|[miss]\n|-miss|p2b: Ting-Lu|p1b: Incineroar\n|\n|-weather|SunnyDay|[upkeep]\n|-heal|p1a: Sylveon|100/100|[from] item: Leftovers\n|upkeep\n|turn|3\n|inactive|Furl0w has 30 seconds left.\n|\n|t:|1774473283\n|-terastallize|p1b: Incineroar|Water\n|move|p1a: Sylveon|Protect|p1a: Sylveon\n|-singleturn|p1a: Sylveon|Protect\n|move|p2a: Koraidon|Flare Blitz|p1a: Sylveon\n|-activate|p1a: Sylveon|move: Protect\n|move|p1b: Incineroar|Parting Shot|p2b: Ting-Lu\n|-unboost|p2b: Ting-Lu|atk|1\n|-unboost|p2b: Ting-Lu|spa|1\n|\n|t:|1774473290\n|switch|p1b: Tornadus|Tornadus, L50, M|100/100|[from] Parting Shot\n|move|p2b: Ting-Lu|Ruination|p1b: Tornadus\n|-damage|p1b: Tornadus|51/100\n|\n|-weather|SunnyDay|[upkeep]\n|upkeep\n|turn|4\n|\n|t:|1774473300\n|move|p2a: Koraidon|Protect|p2a: Koraidon\n|-singleturn|p2a: Koraidon|Protect\n|move|p1b: Tornadus|Rain Dance|p1b: Tornadus\n|-weather|RainDance\n|move|p1a: Sylveon|Hyper Voice|p2b: Ting-Lu|[spread] p2b\n|-activate|p2a: Koraidon|move: Protect\n|-damage|p2b: Ting-Lu|65/100\n|move|p2b: Ting-Lu|Throat Chop|p1a: Sylveon\n|-resisted|p1a: Sylveon\n|-damage|p1a: Sylveon|93/100\n|-start|p1a: Sylveon|Throat Chop|[silent]\n|\n|-weather|RainDance|[upkeep]\n|-heal|p1a: Sylveon|99/100|[from] item: Leftovers\n|upkeep\n|turn|5\n|\n|t:|1774473323\n|move|p2a: Koraidon|Flare Blitz|p1b: Tornadus\n|-crit|p1b: Tornadus\n|-damage|p1b: Tornadus|13/100\n|-damage|p2a: Koraidon|89/100|[from] Recoil\n|move|p1b: Tornadus|Bleakwind Storm|p2b: Ting-Lu|[spread] p2a,p2b\n|-supereffective|p2a: Koraidon\n|-crit|p2b: Ting-Lu\n|-damage|p2a: Koraidon|49/100\n|-damage|p2b: Ting-Lu|40/100\n|-unboost|p2b: Ting-Lu|spe|1\n|move|p1a: Sylveon|Tera Blast|p2a: Koraidon\n|-supereffective|p2a: Koraidon\n|-damage|p2a: Koraidon|0 fnt\n|faint|p2a: Koraidon\n|move|p2b: Ting-Lu|Snarl|p1a: Sylveon|[spread] p1a,p1b\n|-resisted|p1a: Sylveon\n|-damage|p1a: Sylveon|98/100\n|-damage|p1b: Tornadus|8/100\n|-unboost|p1a: Sylveon|spa|1\n|\n|-weather|RainDance|[upkeep]\n|-heal|p1a: Sylveon|100/100|[from] item: Leftovers\n|-end|p1a: Sylveon|Throat Chop|[silent]\n|upkeep\n|\n|t:|1774473343\n|switch|p2a: Incineroar|Incineroar, L50, F|100/100\n|-ability|p2a: Incineroar|Intimidate|boost\n|-unboost|p1a: Sylveon|atk|1\n|-unboost|p1b: Tornadus|atk|1\n|turn|6\n|\n|t:|1774473356\n|switch|p1b: Incineroar|Incineroar, L50, M, tera:Water|100/100\n|-ability|p1b: Incineroar|Intimidate|boost\n|-unboost|p2a: Incineroar|atk|1\n|-unboost|p2b: Ting-Lu|atk|1\n|move|p2a: Incineroar|Fake Out|p1b: Incineroar\n|-damage|p1b: Incineroar|93/100\n|move|p1a: Sylveon|Calm Mind|p1a: Sylveon\n|-boost|p1a: Sylveon|spa|1\n|-boost|p1a: Sylveon|spd|1\n|move|p2b: Ting-Lu|Ruination|p1a: Sylveon\n|-damage|p1a: Sylveon|51/100\n|\n|-weather|RainDance|[upkeep]\n|-heal|p1a: Sylveon|57/100|[from] item: Leftovers\n|upkeep\n|turn|7\n|-message|Furl0w forfeited.\n|\n|win|bishmii\n|raw|bishmii's rating: 1320 &rarr; <strong>1346</strong><br />(+26 for winning)\n|raw|Furl0w's rating: 1430 &rarr; <strong>1404</strong><br />(-26 for losing)\n|l|\u2606Furl0w\n|player|p2|\n","uploadtime":1774473588,"views":12,"formatid":"gen9vgc2026regi","rating":1346,"private":0,"password":null}