{"id":"gen9vgc2026regi-2569439630","format":"[Gen 9] VGC 2026 Reg I","players":["EllenJoe2026","blackred123"],"log":"|j|\u2606EllenJoe2026\n|j|\u2606blackred123\n|t:|1774695462\n|gametype|doubles\n|player|p1|EllenJoe2026|iono|1551\n|player|p2|blackred123|iono-masters|1533\n|gen|9\n|tier|[Gen 9] VGC 2026 Reg I\n|rated|\n|rule|Species Clause: Limit one of each Pok\u00e9mon\n|rule|Item Clause: Limit 1 of each item\n|clearpoke\n|poke|p1|Calyrex-Shadow, L50|\n|poke|p1|Zamazenta-*, L50|\n|poke|p1|Incineroar, L50, F|\n|poke|p1|Rillaboom, L50, F|\n|poke|p1|Ogerpon-Cornerstone, L50, F|\n|poke|p1|Tornadus, L50, M|\n|poke|p2|Kyogre, L50|\n|poke|p2|Zamazenta-*, L50|\n|poke|p2|Chien-Pao, L50|\n|poke|p2|Amoonguss, L50, M|\n|poke|p2|Dragonite, L50, M|\n|poke|p2|Rillaboom, L50, F|\n|teampreview|4\n|inactive|Battle timer is ON: inactive players will automatically lose when time's up. (requested by EllenJoe2026)\n|inactive|blackred123 also wants the timer to be on.\n|\n|t:|1774695486\n|teamsize|p1|4\n|teamsize|p2|4\n|start\n|switch|p1a: Zamazenta|Zamazenta-Crowned, L50, shiny|100/100\n|switch|p1b: Incineroar|Incineroar, L50, F, shiny|100/100\n|switch|p2a: Zamazenta|Zamazenta-Crowned, L50|100/100\n|switch|p2b: Chien-Pao|Chien-Pao, L50|100/100\n|-ability|p2b: Chien-Pao|Sword of Ruin\n|-ability|p2a: Zamazenta|Dauntless Shield|boost\n|-boost|p2a: Zamazenta|def|1\n|-ability|p1a: Zamazenta|Dauntless Shield|boost\n|-boost|p1a: Zamazenta|def|1\n|-ability|p1b: Incineroar|Intimidate|boost\n|-unboost|p2a: Zamazenta|atk|1\n|-unboost|p2b: Chien-Pao|atk|1\n|turn|1\n|\n|t:|1774695505\n|switch|p2b: Kyogre|Kyogre, L50|100/100\n|-weather|RainDance|[from] ability: Drizzle|[of] p2b: Kyogre\n|-terastallize|p2a: Zamazenta|Grass\n|move|p1b: Incineroar|Fake Out|p2a: Zamazenta\n|-damage|p2a: Zamazenta|96/100\n|cant|p2a: Zamazenta|flinch\n|move|p1a: Zamazenta|Imprison|p1a: Zamazenta\n|-start|p1a: Zamazenta|move: Imprison\n|\n|-weather|RainDance|[upkeep]\n|upkeep\n|turn|2\n|inactive|EllenJoe2026 has 30 seconds left.\n|inactive|EllenJoe2026 has 20 seconds left.\n|inactive|blackred123 has 30 seconds left.\n|\n|t:|1774695541\n|switch|p2a: Dragonite|Dragonite, L50, M|100/100\n|move|p1a: Zamazenta|Wide Guard|p1a: Zamazenta\n|-singleturn|p1a: Zamazenta|Wide Guard\n|move|p2b: Kyogre|Water Spout|p1a: Zamazenta|[spread] \n|-activate|p1a: Zamazenta|move: Wide Guard\n|-activate|p1b: Incineroar|move: Wide Guard\n|move|p1b: Incineroar|Parting Shot|p2b: Kyogre\n|-unboost|p2b: Kyogre|atk|1\n|-unboost|p2b: Kyogre|spa|1\n|\n|t:|1774695555\n|switch|p1b: Tornadus|Tornadus, L50, M, shiny|100/100|[from] Parting Shot\n|\n|-weather|RainDance|[upkeep]\n|upkeep\n|turn|3\n|\n|t:|1774695571\n|switch|p2b: Chien-Pao|Chien-Pao, L50|100/100\n|-ability|p2b: Chien-Pao|Sword of Ruin\n|move|p1b: Tornadus|Tailwind|p1b: Tornadus\n|-sidestart|p1: EllenJoe2026|move: Tailwind\n|move|p1a: Zamazenta|Body Press|p2b: Chien-Pao\n|-supereffective|p2b: Chien-Pao\n|-enditem|p2b: Chien-Pao|Focus Sash\n|-damage|p2b: Chien-Pao|1/100\n|move|p2a: Dragonite|Low Kick|p1a: Zamazenta\n|-supereffective|p1a: Zamazenta\n|-damage|p1a: Zamazenta|33/100\n|\n|-weather|RainDance|[upkeep]\n|upkeep\n|turn|4\n|inactive|EllenJoe2026 has 30 seconds left.\n|inactive|EllenJoe2026 has 20 seconds left.\n|inactive|EllenJoe2026 has 15 seconds left.\n|\n|t:|1774695612\n|-terastallize|p1a: Zamazenta|Dragon\n|move|p2b: Chien-Pao|Protect|p2b: Chien-Pao\n|-singleturn|p2b: Chien-Pao|Protect\n|move|p1a: Zamazenta|Heavy Slam|p2a: Dragonite\n|-damage|p2a: Dragonite|53/100\n|move|p1b: Tornadus|Dark Pulse|p2a: Dragonite\n|-damage|p2a: Dragonite|30/100\n|move|p2a: Dragonite|Low Kick|p1a: Zamazenta\n|-damage|p1a: Zamazenta|1/100\n|\n|-weather|RainDance|[upkeep]\n|upkeep\n|turn|5\n|inactive|EllenJoe2026 has 30 seconds left.\n|inactive|EllenJoe2026 has 20 seconds left.\n|\n|t:|1774695649\n|switch|p2a: Zamazenta|Zamazenta-Crowned, L50, tera:Grass|96/100\n|move|p2b: Chien-Pao|Sucker Punch|p1a: Zamazenta\n|-damage|p1a: Zamazenta|0 fnt\n|faint|p1a: Zamazenta\n|move|p1b: Tornadus|Dark Pulse|p2b: Chien-Pao\n|-resisted|p2b: Chien-Pao\n|-damage|p2b: Chien-Pao|0 fnt\n|faint|p2b: Chien-Pao\n|\n|-weather|none\n|upkeep\n|\n|t:|1774695659\n|switch|p2b: Dragonite|Dragonite, L50, M|30/100\n|switch|p1a: Incineroar|Incineroar, L50, F, shiny|100/100\n|-ability|p1a: Incineroar|Intimidate|boost\n|-unboost|p2a: Zamazenta|atk|1\n|-fail|p2b: Dragonite|unboost|Attack|[from] ability: Inner Focus|[of] p2b: Dragonite\n|turn|6\n|inactive|EllenJoe2026 has 30 seconds left.\n|\n|t:|1774695686\n|move|p2b: Dragonite|Extreme Speed|p1b: Tornadus\n|-damage|p1b: Tornadus|48/100\n|move|p1b: Tornadus|Taunt|p2a: Zamazenta\n|-start|p2a: Zamazenta|move: Taunt\n|move|p2a: Zamazenta|Body Press|p1a: Incineroar\n|-supereffective|p1a: Incineroar\n|-damage|p1a: Incineroar|31/100\n|move|p1a: Incineroar|Parting Shot|p2b: Dragonite\n|-unboost|p2b: Dragonite|atk|1\n|-unboost|p2b: Dragonite|spa|1\n|\n|t:|1774695698\n|switch|p1a: Calyrex|Calyrex-Shadow, L50|100/100|[from] Parting Shot\n|-ability|p1a: Calyrex|As One\n|-ability|p1a: Calyrex|Unnerve\n|\n|-sideend|p1: EllenJoe2026|move: Tailwind\n|upkeep\n|turn|7\n|\n|t:|1774695712\n|move|p2b: Dragonite|Extreme Speed|p1b: Tornadus\n|-crit|p1b: Tornadus\n|-damage|p1b: Tornadus|0 fnt\n|faint|p1b: Tornadus\n|move|p1a: Calyrex|Astral Barrage|p2b: Dragonite|[spread] p2a,p2b\n|-crit|p2a: Zamazenta\n|-damage|p2a: Zamazenta|18/100\n|-damage|p2b: Dragonite|0 fnt\n|faint|p2b: Dragonite\n|-ability|p1a: Calyrex|Grim Neigh|boost\n|-boost|p1a: Calyrex|spa|1\n|-damage|p1a: Calyrex|91/100|[from] item: Life Orb\n|move|p2a: Zamazenta|Heavy Slam|p1a: Calyrex\n|-damage|p1a: Calyrex|58/100\n|\n|upkeep\n|\n|t:|1774695729\n|switch|p1b: Incineroar|Incineroar, L50, F, shiny|31/100\n|switch|p2b: Kyogre|Kyogre, L50|100/100\n|-weather|RainDance|[from] ability: Drizzle|[of] p2b: Kyogre\n|-ability|p1b: Incineroar|Intimidate|boost\n|-unboost|p2a: Zamazenta|atk|1\n|-unboost|p2b: Kyogre|atk|1\n|turn|8\n|\n|t:|1774695735\n|move|p1b: Incineroar|Fake Out|p2b: Kyogre\n|-damage|p2b: Kyogre|90/100\n|cant|p2b: Kyogre|flinch\n|move|p1a: Calyrex|Astral Barrage|p2a: Zamazenta|[spread] p2a,p2b\n|-damage|p2a: Zamazenta|0 fnt\n|-damage|p2b: Kyogre|20/100\n|faint|p2a: Zamazenta\n|-ability|p1a: Calyrex|Grim Neigh|boost\n|-boost|p1a: Calyrex|spa|1\n|-damage|p1a: Calyrex|49/100|[from] item: Life Orb\n|\n|-weather|RainDance|[upkeep]\n|upkeep\n|turn|9\n|\n|t:|1774695748\n|move|p2b: Kyogre|Origin Pulse|p1b: Incineroar|[spread] p1a,p1b\n|-supereffective|p1b: Incineroar\n|-damage|p1a: Calyrex|0 fnt\n|-damage|p1b: Incineroar|0 fnt\n|faint|p1a: Calyrex\n|faint|p1b: Incineroar\n|\n|win|blackred123\n|raw|EllenJoe2026's rating: 1551 &rarr; <strong>1530</strong><br />(-21 for losing)\n|raw|blackred123's rating: 1533 &rarr; <strong>1554</strong><br />(+21 for winning)\n","uploadtime":1774695760,"views":21,"formatid":"gen9vgc2026regi","rating":1530,"private":0,"password":null}