{"id":"gen9vgc2026regi-2521597438","format":"[Gen 9] VGC 2026 Reg I","players":["the xpurt","yaochangzhe"],"log":"|j|\u2606the xpurt\n|j|\u2606yaochangzhe\n|t:|1768793459\n|gametype|doubles\n|player|p1|the xpurt|brycenman|1204\n|player|p2|yaochangzhe|101|1325\n|gen|9\n|tier|[Gen 9] VGC 2026 Reg I\n|rated|\n|rule|Species Clause: Limit one of each Pok\u00e9mon\n|rule|Item Clause: Limit 1 of each item\n|clearpoke\n|poke|p1|Indeedee-F, L50, F|\n|poke|p1|Necrozma-Dawn-Wings, L50|\n|poke|p1|Calyrex-Ice, L50|\n|poke|p1|Hydrapple, L50, F|\n|poke|p1|Snorlax, L50, M|\n|poke|p1|Crabominable, L50, F|\n|poke|p2|Grimmsnarl, L50, M|\n|poke|p2|Kyogre, L50|\n|poke|p2|Calyrex-Ice, L50|\n|poke|p2|Rillaboom, L50, F|\n|poke|p2|Landorus, L50, M|\n|poke|p2|Urshifu-*, L50, M|\n|teampreview|4\n|\n|t:|1768793482\n|teamsize|p1|4\n|teamsize|p2|4\n|start\n|switch|p1a: Cus D'Amato|Indeedee-F, L50, F, shiny|100/100\n|switch|p1b: Mr Crabs|Crabominable, L50, F, shiny|100/100\n|switch|p2a: Urshifu|Urshifu-Rapid-Strike, L50, M|100/100\n|switch|p2b: Grimmsnarl|Grimmsnarl, L50, M|100/100\n|-fieldstart|move: Psychic Terrain|[from] ability: Psychic Surge|[of] p1a: Cus D'Amato\n|-enditem|p1a: Cus D'Amato|Psychic Seed\n|-boost|p1a: Cus D'Amato|spd|1|[from] item: Psychic Seed\n|turn|1\n|\n|t:|1768793505\n|move|p1a: Cus D'Amato|Follow Me|p1a: Cus D'Amato\n|-singleturn|p1a: Cus D'Amato|move: Follow Me\n|move|p2b: Grimmsnarl|Reflect|p2b: Grimmsnarl\n|-sidestart|p2: yaochangzhe|Reflect\n|move|p2a: Urshifu|Surging Strikes|p1a: Cus D'Amato\n|-crit|p1a: Cus D'Amato\n|-damage|p1a: Cus D'Amato|66/100\n|-crit|p1a: Cus D'Amato\n|-damage|p1a: Cus D'Amato|30/100\n|-crit|p1a: Cus D'Amato\n|-damage|p1a: Cus D'Amato|0 fnt\n|faint|p1a: Cus D'Amato\n|-hitcount|p1: Cus D'Amato|3\n|move|p1b: Mr Crabs|Close Combat|p2b: Grimmsnarl\n|-damage|p2b: Grimmsnarl|60/100\n|-unboost|p1b: Mr Crabs|def|1\n|-unboost|p1b: Mr Crabs|spd|1\n|\n|upkeep\n|\n|t:|1768793519\n|switch|p1a: Chili Davis|Calyrex-Ice, L50|100/100\n|-ability|p1a: Chili Davis|As One\n|-ability|p1a: Chili Davis|Unnerve\n|turn|2\n|\n|t:|1768793544\n|-terastallize|p1a: Chili Davis|Water\n|move|p2a: Urshifu|Surging Strikes|p1a: Chili Davis\n|-resisted|p1a: Chili Davis\n|-crit|p1a: Chili Davis\n|-damage|p1a: Chili Davis|88/100\n|-resisted|p1a: Chili Davis\n|-crit|p1a: Chili Davis\n|-damage|p1a: Chili Davis|78/100\n|-resisted|p1a: Chili Davis\n|-crit|p1a: Chili Davis\n|-damage|p1a: Chili Davis|68/100\n|-hitcount|p1a: Chili Davis|3\n|move|p2b: Grimmsnarl|Foul Play|p1a: Chili Davis\n|-damage|p1a: Chili Davis|28/100\n|move|p1b: Mr Crabs|Ice Hammer|p2a: Urshifu\n|-resisted|p2a: Urshifu\n|-damage|p2a: Urshifu|83/100\n|-unboost|p1b: Mr Crabs|spe|1\n|move|p1a: Chili Davis|Trick Room|p1a: Chili Davis\n|-fieldstart|move: Trick Room|[of] p1a: Chili Davis\n|\n|upkeep\n|turn|3\n|\n|t:|1768793574\n|move|p1b: Mr Crabs|Knock Off|p2a: Urshifu\n|-resisted|p2a: Urshifu\n|-damage|p2a: Urshifu|72/100\n|-enditem|p2a: Urshifu|Choice Band|[from] move: Knock Off|[of] p1b: Mr Crabs\n|move|p1a: Chili Davis|Glacial Lance|p2a: Urshifu|[spread] p2a,p2b\n|-resisted|p2a: Urshifu\n|-damage|p2a: Urshifu|54/100\n|-damage|p2b: Grimmsnarl|23/100\n|move|p2b: Grimmsnarl|Foul Play|p1a: Chili Davis\n|-damage|p1a: Chili Davis|0 fnt\n|faint|p1a: Chili Davis\n|move|p2a: Urshifu|Surging Strikes|p1b: Mr Crabs\n|-crit|p1b: Mr Crabs\n|-damage|p1b: Mr Crabs|65/100\n|-crit|p1b: Mr Crabs\n|-damage|p1b: Mr Crabs|28/100\n|-crit|p1b: Mr Crabs\n|-damage|p1b: Mr Crabs|0 fnt\n|faint|p1b: Mr Crabs\n|-hitcount|p1: Mr Crabs|3\n|\n|upkeep\n|\n|t:|1768793591\n|switch|p1b: Baby Shenron|Hydrapple, L50, F, shiny|100/100\n|-ability|p1b: Baby Shenron|Supersweet Syrup\n|-unboost|p2a: Urshifu|evasion|1\n|-unboost|p2b: Grimmsnarl|evasion|1\n|turn|4\n|\n|t:|1768793607\n|move|p1b: Baby Shenron|Grass Knot|p2a: Urshifu\n|-supereffective|p2a: Urshifu\n|-damage|p2a: Urshifu|0 fnt\n|faint|p2a: Urshifu\n|move|p2b: Grimmsnarl|Foul Play|p1b: Baby Shenron\n|-damage|p1b: Baby Shenron|82/100\n|\n|upkeep\n|\n|t:|1768793625\n|switch|p2a: Kyogre|Kyogre, L50|100/100\n|-weather|RainDance|[from] ability: Drizzle|[of] p2a: Kyogre\n|turn|5\n|\n|t:|1768793631\n|-terastallize|p2a: Kyogre|Grass\n|move|p1b: Baby Shenron|Grass Knot|p2a: Kyogre\n|-resisted|p2a: Kyogre\n|-crit|p2a: Kyogre\n|-damage|p2a: Kyogre|81/100\n|move|p2b: Grimmsnarl|Foul Play|p1b: Baby Shenron\n|-damage|p1b: Baby Shenron|63/100\n|move|p2a: Kyogre|Ice Beam|p1b: Baby Shenron\n|-supereffective|p1b: Baby Shenron\n|-damage|p1b: Baby Shenron|0 fnt\n|faint|p1b: Baby Shenron\n|\n|win|yaochangzhe\n|raw|the xpurt's rating: 1204 &rarr; <strong>1187</strong><br />(-17 for losing)\n|raw|yaochangzhe's rating: 1325 &rarr; <strong>1338</strong><br />(+13 for winning)\n|c|\u2606the xpurt|gg\n","uploadtime":1768793880,"views":19,"formatid":"gen9vgc2026regi","rating":1187,"private":0,"password":null}