{"id":"gen9vgc2026regi-2526629190","format":"[Gen 9] VGC 2026 Reg I","players":["spencermdaniel","ArisHazard"],"log":"|j|\u2606spencermdaniel\n|j|\u2606ArisHazard\n|t:|1769442422\n|gametype|doubles\n|player|p1|spencermdaniel|266|1142\n|player|p2|ArisHazard|1|1226\n|gen|9\n|tier|[Gen 9] VGC 2026 Reg I\n|rated|\n|rule|Species Clause: Limit one of each Pok\u00e9mon\n|rule|Item Clause: Limit 1 of each item\n|clearpoke\n|poke|p1|Annihilape, L50, F|\n|poke|p1|Chien-Pao, L50|\n|poke|p1|Great Tusk, L50|\n|poke|p1|Dragonite, L50, F|\n|poke|p1|Zacian-*, L50|\n|poke|p1|Koraidon, L50|\n|poke|p2|Smeargle, L50, M|\n|poke|p2|Muk-Alola, L50, F|\n|poke|p2|Raging Bolt, L50|\n|poke|p2|Terapagos, L50, M|\n|poke|p2|Ho-Oh, L50|\n|poke|p2|Sableye, L50, M|\n|teampreview|4\n|inactive|Battle timer is ON: inactive players will automatically lose when time's up. (requested by spencermdaniel)\n|inactive|spencermdaniel has 60 seconds left.\n|inactive|spencermdaniel has 30 seconds left.\n|\n|t:|1769442490\n|teamsize|p1|4\n|teamsize|p2|4\n|start\n|switch|p1a: Koraidon|Koraidon, L50|100/100\n|switch|p1b: Great Tusk|Great Tusk, L50|100/100\n|switch|p2a: Ho-Oh|Ho-Oh, L50|100/100\n|switch|p2b: Smeargle|Smeargle, L50, M|100/100\n|-weather|SunnyDay|[from] ability: Orichalcum Pulse|[of] p1a: Koraidon\n|-activate|p1b: Great Tusk|ability: Protosynthesis\n|-start|p1b: Great Tusk|protosynthesisatk\n|-activate|p1a: Koraidon|Orichalcum Pulse|[source]\n|turn|1\n|inactive|spencermdaniel has 30 seconds left.\n|inactive|spencermdaniel has 20 seconds left.\n|\n|t:|1769442525\n|move|p2b: Smeargle|Fake Out|p1b: Great Tusk\n|-damage|p1b: Great Tusk|97/100\n|move|p1a: Koraidon|Collision Course|p2b: Smeargle\n|-supereffective|p2b: Smeargle\n|-enditem|p2b: Smeargle|Focus Sash\n|-damage|p2b: Smeargle|1/100\n|move|p2a: Ho-Oh|Tailwind|p2a: Ho-Oh\n|-sidestart|p2: ArisHazard|move: Tailwind\n|cant|p1b: Great Tusk|flinch\n|\n|-weather|SunnyDay|[upkeep]\n|-ability|p2b: Smeargle|Moody|boost\n|-boost|p2b: Smeargle|spd|2\n|-unboost|p2b: Smeargle|spa|1\n|upkeep\n|turn|2\n|\n|t:|1769442546\n|move|p2b: Smeargle|Spore|p1a: Koraidon\n|-status|p1a: Koraidon|slp|[from] move: Spore\n|move|p2a: Ho-Oh|Brave Bird|p1b: Great Tusk\n|-supereffective|p1b: Great Tusk\n|-damage|p1b: Great Tusk|16/100\n|-damage|p2a: Ho-Oh|71/100|[from] Recoil\n|cant|p1a: Koraidon|slp\n|move|p1b: Great Tusk|Knock Off|p2a: Ho-Oh\n|-damage|p2a: Ho-Oh|21/100\n|-enditem|p2a: Ho-Oh|Clear Amulet|[from] move: Knock Off|[of] p1b: Great Tusk\n|-damage|p1b: Great Tusk|6/100|[from] item: Life Orb\n|\n|-weather|SunnyDay|[upkeep]\n|-ability|p2b: Smeargle|Moody|boost\n|-boost|p2b: Smeargle|def|2\n|-unboost|p2b: Smeargle|spe|1\n|upkeep\n|turn|3\n|\n|t:|1769442570\n|switch|p2a: Terapagos|Terapagos, L50, M|100/100\n|-activate|p2a: Terapagos|ability: Tera Shift\n|detailschange|p2a: Terapagos|Terapagos-Terastal, L50, M\n|-heal|p2a: Terapagos|100/100|[silent]\n|move|p1b: Great Tusk|Protect|p1b: Great Tusk\n|-singleturn|p1b: Great Tusk|Protect\n|-curestatus|p1a: Koraidon|slp|[msg]\n|move|p1a: Koraidon|Collision Course|p2b: Smeargle\n|-supereffective|p2b: Smeargle\n|-damage|p2b: Smeargle|0 fnt\n|faint|p2b: Smeargle\n|\n|-weather|SunnyDay|[upkeep]\n|upkeep\n|\n|t:|1769442588\n|switch|p2b: Ho-Oh|Ho-Oh, L50|54/100\n|turn|4\n|\n|t:|1769442610\n|switch|p2b: Sableye|Sableye, L50, M|100/100\n|move|p2a: Terapagos|Tera Starstorm|p1b: Great Tusk\n|-damage|p1b: Great Tusk|0 fnt\n|faint|p1b: Great Tusk\n|-end|p1b: Great Tusk|Protosynthesis|[silent]\n|move|p1a: Koraidon|Collision Course|p2b: Sableye\n|-immune|p2b: Sableye\n|\n|-weather|SunnyDay|[upkeep]\n|-sideend|p2: ArisHazard|move: Tailwind\n|upkeep\n|\n|t:|1769442624\n|switch|p1b: Zacian|Zacian-Crowned, L50|100/100\n|-ability|p1b: Zacian|Intrepid Sword|boost\n|-boost|p1b: Zacian|atk|1\n|turn|5\n|\n|t:|1769442638\n|-terastallize|p1b: Zacian|Fairy\n|-terastallize|p2a: Terapagos|Stellar\n|detailschange|p2a: Terapagos|Terapagos-Stellar, L50, M, tera:Stellar\n|-heal|p2a: Terapagos|100/100|[silent]\n|-ability|p2a: Terapagos|Teraform Zero\n|-weather|none\n|move|p2b: Sableye|Disable|p1a: Koraidon\n|-start|p1a: Koraidon|Disable|Collision Course\n|move|p1b: Zacian|Play Rough|p2b: Sableye\n|-supereffective|p2b: Sableye\n|-damage|p2b: Sableye|0 fnt\n|faint|p2b: Sableye\n|cant|p1a: Koraidon|Disable|Collision Course\n|move|p2a: Terapagos|Tera Starstorm|p1b: Zacian|[spread] p1a,p1b\n|-supereffective|p1b: Zacian\n|-damage|p1a: Koraidon|43/100\n|-damage|p1b: Zacian|0 fnt\n|faint|p1b: Zacian\n|\n|upkeep\n|\n|t:|1769442658\n|switch|p1b: Dragonite|Dragonite, L50, F|100/100\n|switch|p2b: Ho-Oh|Ho-Oh, L50|88/100\n|turn|6\n|inactive|spencermdaniel has 30 seconds left.\n|\n|t:|1769442688\n|move|p1b: Dragonite|Extreme Speed|p2a: Terapagos\n|-damage|p2a: Terapagos|78/100\n|-activate|p1a: Koraidon|move: Struggle\n|move|p1a: Koraidon|Struggle|p2b: Ho-Oh\n|-damage|p2b: Ho-Oh|60/100\n|-damage|p1a: Koraidon|18/100|[from] recoil\n|move|p2b: Ho-Oh|Sacred Fire|p1b: Dragonite\n|-resisted|p1b: Dragonite\n|-damage|p1b: Dragonite|90/100\n|move|p2a: Terapagos|Tera Starstorm|p1a: Koraidon|[spread] p1a,p1b\n|-damage|p1a: Koraidon|0 fnt\n|-damage|p1b: Dragonite|32/100\n|faint|p1a: Koraidon\n|\n|upkeep\n|turn|7\n|inactive|spencermdaniel has 30 seconds left.\n|-message|spencermdaniel forfeited.\n|\n|win|ArisHazard\n|raw|spencermdaniel's rating: 1142 &rarr; <strong>1123</strong><br />(-19 for losing)\n|raw|ArisHazard's rating: 1226 &rarr; <strong>1245</strong><br />(+19 for winning)\n|l|\u2606spencermdaniel\n|player|p1|\n|l|\u2606ArisHazard\n|player|p2|\n","uploadtime":1769442852,"views":11,"formatid":"gen9vgc2026regi","rating":1123,"private":0,"password":null}