{"id":"gen9vgc2026regi-2563274262","format":"[Gen 9] VGC 2026 Reg I","players":["ShadowWolf08","chenxiangruxie"],"log":"|j|\u2606ShadowWolf08\n|j|\u2606chenxiangruxie\n|t:|1774011458\n|gametype|doubles\n|player|p1|ShadowWolf08|blue|1315\n|player|p2|chenxiangruxie|dawn-gen4pt|1467\n|gen|9\n|tier|[Gen 9] VGC 2026 Reg I\n|rated|\n|rule|Species Clause: Limit one of each Pok\u00e9mon\n|rule|Item Clause: Limit 1 of each item\n|clearpoke\n|poke|p1|Miraidon, L50|\n|poke|p1|Lunala, L50|\n|poke|p1|Chi-Yu, L50|\n|poke|p1|Urshifu-*, L50, M|\n|poke|p1|Iron Hands, L50|\n|poke|p1|Whimsicott, L50, F|\n|poke|p2|Tornadus, L50, M|\n|poke|p2|Miraidon, L50|\n|poke|p2|Iron Moth, L50|\n|poke|p2|Urshifu-*, L50, M|\n|poke|p2|Calyrex-Ice, L50|\n|poke|p2|Landorus, L50, M|\n|teampreview|4\n|\n|t:|1774011504\n|teamsize|p1|4\n|teamsize|p2|4\n|start\n|switch|p1a: Whimsicott|Whimsicott, L50, F|100/100\n|switch|p1b: Chi-Yu|Chi-Yu, L50|100/100\n|switch|p2a: Tornadus|Tornadus, L50, M|100/100\n|switch|p2b: Miraidon|Miraidon, L50|100/100\n|-fieldstart|move: Electric Terrain|[from] ability: Hadron Engine|[of] p2b: Miraidon\n|-ability|p1b: Chi-Yu|Beads of Ruin\n|turn|1\n|inactive|Battle timer is ON: inactive players will automatically lose when time's up. (requested by ShadowWolf08)\n|\n|t:|1774011519\n|move|p1a: Whimsicott|Tailwind|p1a: Whimsicott\n|-sidestart|p1: ShadowWolf08|move: Tailwind\n|move|p1b: Chi-Yu|Snarl|p2b: Miraidon|[spread] p2a,p2b\n|-damage|p2a: Tornadus|55/100\n|-damage|p2b: Miraidon|71/100\n|-unboost|p2a: Tornadus|spa|1\n|-unboost|p2b: Miraidon|spa|1\n|move|p2b: Miraidon|Volt Switch|p1b: Chi-Yu\n|-damage|p1b: Chi-Yu|47/100\n|\n|t:|1774011528\n|switch|p2b: Iron Moth|Iron Moth, L50|100/100|[from] Volt Switch\n|-activate|p2b: Iron Moth|ability: Quark Drive\n|-start|p2b: Iron Moth|quarkdrivespe\n|move|p2a: Tornadus|Bleakwind Storm|p1b: Chi-Yu|[spread] p1a,p1b\n|-supereffective|p1a: Whimsicott\n|-damage|p1a: Whimsicott|23/100\n|-damage|p1b: Chi-Yu|15/100\n|-unboost|p1b: Chi-Yu|spe|1\n|\n|upkeep\n|turn|2\n|\n|t:|1774011540\n|move|p2a: Tornadus|Protect|p2a: Tornadus\n|-singleturn|p2a: Tornadus|Protect\n|move|p1a: Whimsicott|Light Screen|p1a: Whimsicott\n|-sidestart|p1: ShadowWolf08|move: Light Screen\n|move|p1b: Chi-Yu|Snarl|p2b: Iron Moth|[spread] p2b\n|-activate|p2a: Tornadus|move: Protect\n|-damage|p2b: Iron Moth|70/100\n|-unboost|p2b: Iron Moth|spa|1\n|move|p2b: Iron Moth|Meteor Beam||[still]\n|-prepare|p2b: Iron Moth|Meteor Beam\n|-boost|p2b: Iron Moth|spa|1\n|-enditem|p2b: Iron Moth|Power Herb\n|-anim|p2b: Iron Moth|Meteor Beam|p1a: Whimsicott\n|-damage|p1a: Whimsicott|0 fnt\n|faint|p1a: Whimsicott\n|\n|upkeep\n|\n|t:|1774011552\n|switch|p1a: Miraidon|Miraidon, L50|100/100\n|-activate|p1a: Miraidon|ability: Hadron Engine\n|turn|3\n|\n|t:|1774011562\n|move|p2a: Tornadus|Tailwind|p2a: Tornadus\n|-sidestart|p2: chenxiangruxie|move: Tailwind\n|move|p2b: Iron Moth|Heat Wave|p1a: Miraidon|[spread] p1a,p1b\n|-resisted|p1a: Miraidon\n|-resisted|p1b: Chi-Yu\n|-damage|p1a: Miraidon|89/100\n|-damage|p1b: Chi-Yu|2/100\n|move|p1a: Miraidon|Electro Drift|p2b: Iron Moth\n|-damage|p2b: Iron Moth|0 fnt\n|faint|p2b: Iron Moth\n|-end|p2b: Iron Moth|Quark Drive|[silent]\n|move|p1b: Chi-Yu|Snarl|p2a: Tornadus\n|-damage|p2a: Tornadus|0 fnt\n|faint|p2a: Tornadus\n|\n|upkeep\n|\n|t:|1774011575\n|switch|p2a: Landorus|Landorus, L50, M|100/100\n|switch|p2b: Miraidon|Miraidon, L50|71/100\n|-activate|p2b: Miraidon|ability: Hadron Engine\n|turn|4\n|\n|t:|1774011585\n|switch|p1a: Urshifu|Urshifu-Rapid-Strike, L50, M|100/100\n|-terastallize|p2b: Miraidon|Electric\n|move|p2b: Miraidon|Electro Drift|p1a: Urshifu\n|-supereffective|p1a: Urshifu\n|-crit|p1a: Urshifu\n|-enditem|p1a: Urshifu|Focus Sash\n|-damage|p1a: Urshifu|1/100\n|move|p2a: Landorus|Sandsear Storm|p1b: Chi-Yu|[spread] p1b\n|-miss|p2a: Landorus|p1a: Urshifu\n|-supereffective|p1b: Chi-Yu\n|-damage|p1b: Chi-Yu|0 fnt\n|faint|p1b: Chi-Yu\n|\n|-sideend|p1: ShadowWolf08|move: Tailwind\n|upkeep\n|\n|t:|1774011598\n|switch|p1b: Miraidon|Miraidon, L50|89/100\n|-activate|p1b: Miraidon|ability: Hadron Engine\n|turn|5\n|inactive|ShadowWolf08 has 30 seconds left.\n|\n|t:|1774011628\n|-terastallize|p1b: Miraidon|Fairy\n|move|p1a: Urshifu|Detect|p1a: Urshifu\n|-singleturn|p1a: Urshifu|Protect\n|move|p2b: Miraidon|Electro Drift|p1b: Miraidon\n|-damage|p1b: Miraidon|13/100\n|move|p2a: Landorus|Sandsear Storm|p1b: Miraidon|[spread] p1b\n|-activate|p1a: Urshifu|move: Protect\n|-damage|p1b: Miraidon|0 fnt\n|faint|p1b: Miraidon\n|\n|-fieldend|move: Electric Terrain\n|upkeep\n|turn|6\n|\n|t:|1774011642\n|move|p1a: Urshifu|Aqua Jet|p2a: Landorus\n|-supereffective|p2a: Landorus\n|-damage|p2a: Landorus|49/100\n|move|p2b: Miraidon|Electro Drift|p1a: Urshifu\n|-supereffective|p1a: Urshifu\n|-damage|p1a: Urshifu|0 fnt\n|faint|p1a: Urshifu\n|\n|win|chenxiangruxie\n|raw|ShadowWolf08's rating: 1315 &rarr; <strong>1303</strong><br />(-12 for losing)\n|raw|chenxiangruxie's rating: 1467 &rarr; <strong>1479</strong><br />(+12 for winning)\n|l|\u2606ShadowWolf08\n|player|p1|\n|l|\u2606chenxiangruxie\n|player|p2|\n","uploadtime":1774011840,"views":10,"formatid":"gen9vgc2026regi","rating":1303,"private":0,"password":null}