{"id":"gen9vgc2026regi-2567781874","format":"[Gen 9] VGC 2026 Reg I","players":["pastpoke","Jonen"],"log":"|j|\u2606pastpoke\n|j|\u2606Jonen\n|t:|1774519100\n|gametype|doubles\n|player|p1|pastpoke|unknown|1350\n|player|p2|Jonen|medium|1577\n|gen|9\n|tier|[Gen 9] VGC 2026 Reg I\n|rated|\n|rule|Species Clause: Limit one of each Pok\u00e9mon\n|rule|Item Clause: Limit 1 of each item\n|clearpoke\n|poke|p1|Chien-Pao, L50|\n|poke|p1|Zacian-*, L50|\n|poke|p1|Kyogre, L50|\n|poke|p1|Urshifu-*, L50, M|\n|poke|p1|Roaring Moon, L50|\n|poke|p1|Amoonguss, L50, M|\n|poke|p2|Groudon, L50|\n|poke|p2|Lunala, L50|\n|poke|p2|Sableye, L50, F|\n|poke|p2|Chi-Yu, L50|\n|poke|p2|Rillaboom, L50, M|\n|poke|p2|Jumpluff, L50, F|\n|teampreview|4\n|inactive|Battle timer is ON: inactive players will automatically lose when time's up. (requested by pastpoke)\n|inactive|pastpoke has 30 seconds left.\n|inactive|pastpoke has 20 seconds left.\n|inactive|pastpoke has 15 seconds left.\n|inactive|pastpoke has 10 seconds left.\n|inactive|pastpoke has 5 seconds left.\n|\n|t:|1774519174\n|teamsize|p1|4\n|teamsize|p2|4\n|start\n|switch|p1a: Stars|Roaring Moon, L50|100/100\n|switch|p1b: Frostbite|Chien-Pao, L50|100/100\n|switch|p2a: Groudon|Groudon, L50|100/100\n|switch|p2b: Sableye|Sableye, L50, F|100/100\n|-ability|p1b: Frostbite|Sword of Ruin\n|-weather|SunnyDay|[from] ability: Drought|[of] p2a: Groudon\n|-activate|p1a: Stars|ability: Protosynthesis\n|-start|p1a: Stars|protosynthesisspe\n|turn|1\n|inactive|pastpoke has 30 seconds left.\n|inactive|pastpoke has 20 seconds left.\n|inactive|pastpoke has 15 seconds left.\n|\n|t:|1774519218\n|-terastallize|p2a: Groudon|Fire\n|move|p2b: Sableye|Gravity|p2b: Sableye\n|-fieldstart|move: Gravity\n|move|p1a: Stars|Knock Off|p2b: Sableye\n|-damage|p2b: Sableye|33/100\n|-enditem|p2b: Sableye|Focus Sash|[from] move: Knock Off|[of] p1a: Stars\n|move|p1b: Frostbite|Icicle Crash|p2a: Groudon\n|-resisted|p2a: Groudon\n|-damage|p2a: Groudon|78/100\n|move|p2a: Groudon|Precipice Blades|p1b: Frostbite|[spread] p1a,p1b\n|-damage|p1a: Stars|0 fnt\n|-enditem|p1b: Frostbite|Focus Sash\n|-damage|p1b: Frostbite|1/100\n|faint|p1a: Stars\n|-end|p1a: Stars|Protosynthesis|[silent]\n|-damage|p2a: Groudon|68/100|[from] item: Life Orb\n|\n|-weather|SunnyDay|[upkeep]\n|upkeep\n|\n|t:|1774519236\n|switch|p1a: Runaway|Kyogre, L50, shiny|100/100\n|-weather|RainDance|[from] ability: Drizzle|[of] p1a: Runaway\n|turn|2\n|\n|t:|1774519258\n|switch|p2b: Rillaboom|Rillaboom, L50, M|100/100\n|-fieldstart|move: Grassy Terrain|[from] ability: Grassy Surge|[of] p2b: Rillaboom\n|move|p2a: Groudon|Protect|p2a: Groudon\n|-singleturn|p2a: Groudon|Protect\n|move|p1b: Frostbite|Sucker Punch||[still]\n|-fail|p1b: Frostbite\n|move|p1a: Runaway|Origin Pulse|p2b: Rillaboom|[spread] p2b\n|-activate|p2a: Groudon|move: Protect\n|-resisted|p2b: Rillaboom\n|-damage|p2b: Rillaboom|74/100\n|\n|-weather|RainDance|[upkeep]\n|-heal|p1b: Frostbite|7/100|[from] Grassy Terrain\n|-heal|p2a: Groudon|74/100|[from] Grassy Terrain\n|-heal|p2b: Rillaboom|80/100|[from] Grassy Terrain\n|upkeep\n|turn|3\n|inactive|pastpoke has 30 seconds left.\n|\n|t:|1774519288\n|switch|p2a: Lunala|Lunala, L50|100/100\n|move|p2b: Rillaboom|Grassy Glide|p1b: Frostbite\n|-damage|p1b: Frostbite|0 fnt\n|faint|p1b: Frostbite\n|move|p1a: Runaway|Origin Pulse|p2a: Lunala|[spread] p2a,p2b\n|-resisted|p2b: Rillaboom\n|-damage|p2a: Lunala|64/100\n|-damage|p2b: Rillaboom|55/100\n|\n|-weather|RainDance|[upkeep]\n|-heal|p2a: Lunala|70/100|[from] Grassy Terrain\n|-heal|p2a: Lunala|76/100|[from] item: Leftovers\n|-heal|p2b: Rillaboom|61/100|[from] Grassy Terrain\n|upkeep\n|\n|t:|1774519303\n|switch|p1b: Vulcan|Urshifu-Rapid-Strike, L50, M|100/100\n|turn|4\n|\n|t:|1774519327\n|-terastallize|p1b: Vulcan|Water\n|move|p2b: Rillaboom|Grassy Glide|p1b: Vulcan\n|-supereffective|p1b: Vulcan\n|-damage|p1b: Vulcan|37/100\n|move|p2a: Lunala|Moonblast|p1b: Vulcan\n|-damage|p1b: Vulcan|0 fnt\n|faint|p1b: Vulcan\n|move|p1a: Runaway|Origin Pulse|p2a: Lunala|[spread] p2a,p2b\n|-resisted|p2b: Rillaboom\n|-damage|p2a: Lunala|10/100\n|-damage|p2b: Rillaboom|34/100\n|\n|-weather|RainDance|[upkeep]\n|-heal|p2a: Lunala|16/100|[from] Grassy Terrain\n|-heal|p2a: Lunala|22/100|[from] item: Leftovers\n|-heal|p2b: Rillaboom|40/100|[from] Grassy Terrain\n|upkeep\n|turn|5\n|\n|t:|1774519348\n|move|p1a: Runaway|Protect|p1a: Runaway\n|-singleturn|p1a: Runaway|Protect\n|move|p2a: Lunala|Hypnosis|p1a: Runaway\n|-activate|p1a: Runaway|move: Protect\n|move|p2b: Rillaboom|Wood Hammer|p1a: Runaway\n|-activate|p1a: Runaway|move: Protect\n|\n|-weather|RainDance|[upkeep]\n|-heal|p2a: Lunala|28/100|[from] Grassy Terrain\n|-heal|p2a: Lunala|34/100|[from] item: Leftovers\n|-heal|p2b: Rillaboom|46/100|[from] Grassy Terrain\n|-fieldend|move: Gravity\n|upkeep\n|turn|6\n|\n|t:|1774519362\n|move|p2a: Lunala|Moongeist Beam|p1a: Runaway\n|-damage|p1a: Runaway|63/100\n|move|p1a: Runaway|Origin Pulse|p2b: Rillaboom|[spread] p2a,p2b\n|-resisted|p2b: Rillaboom\n|-damage|p2a: Lunala|0 fnt\n|-damage|p2b: Rillaboom|18/100\n|faint|p2a: Lunala\n|move|p2b: Rillaboom|Wood Hammer|p1a: Runaway\n|-supereffective|p1a: Runaway\n|-damage|p1a: Runaway|0 fnt\n|faint|p1a: Runaway\n|-damage|p2b: Rillaboom|0 fnt|[from] Recoil\n|faint|p2b: Rillaboom\n|\n|win|Jonen\n|raw|pastpoke's rating: 1350 &rarr; <strong>1341</strong><br />(-9 for losing)\n|raw|Jonen's rating: 1577 &rarr; <strong>1586</strong><br />(+9 for winning)\n","uploadtime":1774519362,"views":11,"formatid":"gen9vgc2026regi","rating":1341,"private":0,"password":null}