{"id":"gen9vgc2026regi-2565458421","format":"[Gen 9] VGC 2026 Reg I","players":["KaiMVGC","isthis6thgood"],"log":"|j|\u2606KaiMVGC\n|j|\u2606isthis6thgood\n|t:|1774277127\n|gametype|doubles\n|player|p1|KaiMVGC|boarder|1379\n|player|p2|isthis6thgood|170|1461\n|gen|9\n|tier|[Gen 9] VGC 2026 Reg I\n|rated|\n|rule|Species Clause: Limit one of each Pok\u00e9mon\n|rule|Item Clause: Limit 1 of each item\n|clearpoke\n|poke|p1|Calyrex-Shadow, L50|\n|poke|p1|Zamazenta-*, L50|\n|poke|p1|Rillaboom, L50, F|\n|poke|p1|Raging Bolt, L50|\n|poke|p1|Smeargle, L50, F|\n|poke|p1|Ogerpon-Cornerstone, L50, F|\n|poke|p2|Miraidon, L50|\n|poke|p2|Lunala, L50|\n|poke|p2|Whimsicott, L50, M|\n|poke|p2|Urshifu-*, L50, F|\n|poke|p2|Incineroar, L50, M|\n|poke|p2|Ursaluna, L50, F|\n|teampreview|4\n|\n|t:|1774277158\n|teamsize|p1|4\n|teamsize|p2|4\n|start\n|switch|p1a: Calyrex|Calyrex-Shadow, L50|100/100\n|switch|p1b: Smeargle|Smeargle, L50, F|100/100\n|switch|p2a: Incineroar|Incineroar, L50, M|100/100\n|switch|p2b: Lunala|Lunala, L50|100/100\n|-ability|p1a: Calyrex|As One\n|-ability|p1a: Calyrex|Unnerve\n|-ability|p2a: Incineroar|Intimidate|boost\n|-unboost|p1a: Calyrex|atk|1\n|-unboost|p1b: Smeargle|atk|1\n|turn|1\n|\n|t:|1774277187\n|switch|p1a: Zamazenta|Zamazenta-Crowned, L50|100/100\n|-ability|p1a: Zamazenta|Dauntless Shield|boost\n|-boost|p1a: Zamazenta|def|1\n|switch|p2b: Ursaluna|Ursaluna, L50, F|100/100\n|-terastallize|p1b: Smeargle|Ghost\n|move|p1b: Smeargle|Spore|p2b: Ursaluna\n|-status|p2b: Ursaluna|slp|[from] move: Spore\n|move|p2a: Incineroar|U-turn|p1b: Smeargle\n|-resisted|p1b: Smeargle\n|-damage|p1b: Smeargle|81/100\n|\n|t:|1774277203\n|switch|p2a: Miraidon|Miraidon, L50|100/100|[from] U-turn\n|-fieldstart|move: Electric Terrain|[from] ability: Hadron Engine|[of] p2a: Miraidon\n|\n|-ability|p1b: Smeargle|Moody|boost\n|-boost|p1b: Smeargle|atk|2\n|-unboost|p1b: Smeargle|spd|1\n|upkeep\n|turn|2\n|\n|t:|1774277218\n|switch|p1b: Rillaboom|Rillaboom, L50, F|100/100\n|-fieldstart|move: Grassy Terrain|[from] ability: Grassy Surge|[of] p1b: Rillaboom\n|-terastallize|p2b: Ursaluna|Ghost\n|move|p2a: Miraidon|Volt Switch|p1b: Rillaboom\n|-resisted|p1b: Rillaboom\n|-damage|p1b: Rillaboom|84/100\n|-damage|p2a: Miraidon|91/100|[from] item: Life Orb\n|\n|t:|1774277228\n|switch|p2a: Lunala|Lunala, L50|100/100|[from] Volt Switch\n|move|p1a: Zamazenta|Body Press|p2a: Lunala\n|-immune|p2a: Lunala\n|cant|p2b: Ursaluna|slp\n|\n|-heal|p1b: Rillaboom|89/100|[from] Grassy Terrain\n|upkeep\n|turn|3\n|\n|t:|1774277244\n|switch|p1a: Smeargle|Smeargle, L50, F, tera:Ghost|81/100\n|move|p1b: Rillaboom|Wood Hammer|p2b: Ursaluna\n|-damage|p2b: Ursaluna|44/100 slp\n|-damage|p1b: Rillaboom|68/100|[from] Recoil\n|-curestatus|p2b: Ursaluna|slp|[msg]\n|move|p2b: Ursaluna|Headlong Rush|p1a: Smeargle\n|-damage|p1a: Smeargle|0 fnt\n|-unboost|p2b: Ursaluna|def|1\n|-unboost|p2b: Ursaluna|spd|1\n|faint|p1a: Smeargle\n|move|p2a: Lunala|Trick Room|p2a: Lunala\n|-fieldstart|move: Trick Room|[of] p2a: Lunala\n|\n|-heal|p2b: Ursaluna|50/100|[from] Grassy Terrain\n|-heal|p1b: Rillaboom|74/100|[from] Grassy Terrain\n|-status|p2b: Ursaluna|brn|[from] item: Flame Orb\n|upkeep\n|\n|t:|1774277247\n|switch|p1a: Zamazenta|Zamazenta-Crowned, L50|100/100\n|turn|4\n|\n|t:|1774277272\n|move|p1a: Zamazenta|Protect|p1a: Zamazenta\n|-singleturn|p1a: Zamazenta|Protect\n|move|p1b: Rillaboom|Grassy Glide|p2b: Ursaluna\n|-damage|p2b: Ursaluna|14/100 brn\n|move|p2b: Ursaluna|Headlong Rush|p1b: Rillaboom\n|-resisted|p1b: Rillaboom\n|-damage|p1b: Rillaboom|24/100\n|-unboost|p2b: Ursaluna|def|1\n|-unboost|p2b: Ursaluna|spd|1\n|move|p2a: Lunala|Moongeist Beam|p1b: Rillaboom\n|-damage|p1b: Rillaboom|0 fnt\n|faint|p1b: Rillaboom\n|\n|-heal|p2b: Ursaluna|20/100 brn|[from] Grassy Terrain\n|-damage|p2b: Ursaluna|14/100 brn|[from] brn\n|upkeep\n|\n|t:|1774277279\n|switch|p1b: Calyrex|Calyrex-Shadow, L50|100/100\n|-ability|p1b: Calyrex|As One\n|-ability|p1b: Calyrex|Unnerve\n|turn|5\n|\n|t:|1774277303\n|move|p1b: Calyrex|Protect|p1b: Calyrex\n|-singleturn|p1b: Calyrex|Protect\n|move|p2b: Ursaluna|Headlong Rush|p1a: Zamazenta\n|-supereffective|p1a: Zamazenta\n|-damage|p1a: Zamazenta|0 fnt\n|-unboost|p2b: Ursaluna|def|1\n|-unboost|p2b: Ursaluna|spd|1\n|faint|p1a: Zamazenta\n|move|p2a: Lunala|Moongeist Beam|p1b: Calyrex\n|-activate|p1b: Calyrex|move: Protect\n|\n|-heal|p2b: Ursaluna|20/100 brn|[from] Grassy Terrain\n|-damage|p2b: Ursaluna|14/100 brn|[from] brn\n|upkeep\n|turn|6\n|-message|KaiMVGC forfeited.\n|\n|win|isthis6thgood\n|raw|KaiMVGC's rating: 1379 &rarr; <strong>1364</strong><br />(-15 for losing)\n|raw|isthis6thgood's rating: 1461 &rarr; <strong>1476</strong><br />(+15 for winning)\n|l|\u2606KaiMVGC\n|player|p1|\n","uploadtime":1774277322,"views":23,"formatid":"gen9vgc2026regi","rating":1364,"private":0,"password":null}