{"id":"gen9vgc2026regi-2517651456","format":"[Gen 9] VGC 2026 Reg I","players":["71guichan","fogdocker"],"log":"|j|\u260671guichan\n|j|\u2606fogdocker\n|t:|1768292123\n|gametype|doubles\n|player|p1|71guichan|iris-gen5bw2|1310\n|player|p2|fogdocker|265|1312\n|gen|9\n|tier|[Gen 9] VGC 2026 Reg I\n|rated|\n|rule|Species Clause: Limit one of each Pok\u00e9mon\n|rule|Item Clause: Limit 1 of each item\n|clearpoke\n|poke|p1|Calyrex-Shadow, L50|\n|poke|p1|Zamazenta-*, L50|\n|poke|p1|Roaring Moon, L50|\n|poke|p1|Maushold, L50|\n|poke|p1|Amoonguss, L50, M|\n|poke|p1|Weezing, L50, M|\n|poke|p2|Koraidon, L50|\n|poke|p2|Flutter Mane, L50|\n|poke|p2|Calyrex-Ice, L50|\n|poke|p2|Incineroar, L50, F|\n|poke|p2|Rillaboom, L50, F|\n|poke|p2|Amoonguss, L50, M|\n|teampreview|4\n|inactive|Battle timer is ON: inactive players will automatically lose when time's up. (requested by 71guichan)\n|inactive|71guichan has 60 seconds left.\n|inactive|fogdocker has 60 seconds left.\n|l|\u2606fogdocker\n|inactive|fogdocker disconnected and has a minute to reconnect!\n|player|p2|\n|inactive|71guichan has 30 seconds left.\n|\n|t:|1768292190\n|teamsize|p1|4\n|teamsize|p2|4\n|start\n|switch|p1a: Weezing|Weezing, L50, M|100/100\n|switch|p1b: Amoonguss|Amoonguss, L50, M|100/100\n|switch|p2a: Flutter Mane|Flutter Mane, L50|100/100\n|switch|p2b: Koraidon|Koraidon, L50|100/100\n|-ability|p1a: Weezing|Neutralizing Gas\n|turn|1\n|j|\u2606fogdocker\n|inactive|fogdocker reconnected and has 55 seconds left.\n|player|p2|fogdocker|265|\n|\n|t:|1768292202\n|move|p1b: Amoonguss|Protect|p1b: Amoonguss\n|-singleturn|p1b: Amoonguss|Protect\n|move|p2a: Flutter Mane|Shadow Ball|p1b: Amoonguss\n|-activate|p1b: Amoonguss|move: Protect\n|move|p2b: Koraidon|Flare Blitz|p1b: Amoonguss\n|-activate|p1b: Amoonguss|move: Protect\n|move|p1a: Weezing|Gunk Shot|p2a: Flutter Mane\n|-damage|p2a: Flutter Mane|2/100\n|\n|upkeep\n|turn|2\n|\n|t:|1768292214\n|move|p2a: Flutter Mane|Shadow Ball|p1a: Weezing\n|-damage|p1a: Weezing|27/100\n|move|p2b: Koraidon|Flare Blitz|p1a: Weezing\n|-damage|p1a: Weezing|0 fnt\n|faint|p1a: Weezing\n|-end|p1a: Weezing|ability: Neutralizing Gas\n|-weather|SunnyDay|[from] ability: Orichalcum Pulse|[of] p2b: Koraidon\n|-activate|p2a: Flutter Mane|ability: Protosynthesis\n|-start|p2a: Flutter Mane|protosynthesisspe\n|-activate|p2b: Koraidon|Orichalcum Pulse|[source]\n|-damage|p2b: Koraidon|93/100|[from] Recoil\n|-damage|p2b: Koraidon|83/100|[from] item: Life Orb\n|move|p1b: Amoonguss|Pollen Puff|p2a: Flutter Mane\n|-resisted|p2a: Flutter Mane\n|-damage|p2a: Flutter Mane|0 fnt\n|faint|p2a: Flutter Mane\n|-end|p2a: Flutter Mane|Protosynthesis|[silent]\n|\n|-weather|SunnyDay|[upkeep]\n|upkeep\n|\n|t:|1768292223\n|switch|p2a: Incineroar|Incineroar, L50, F|100/100\n|switch|p1a: Calyrex|Calyrex-Shadow, L50|100/100\n|-ability|p1a: Calyrex|As One\n|-ability|p1a: Calyrex|Unnerve\n|-ability|p2a: Incineroar|Intimidate|boost\n|-unboost|p1a: Calyrex|atk|1\n|-unboost|p1b: Amoonguss|atk|1\n|turn|3\n|\n|t:|1768292242\n|switch|p1a: Zamazenta|Zamazenta-Crowned, L50|100/100\n|-ability|p1a: Zamazenta|Dauntless Shield|boost\n|-boost|p1a: Zamazenta|def|1\n|move|p1b: Amoonguss|Protect|p1b: Amoonguss\n|-singleturn|p1b: Amoonguss|Protect\n|move|p2b: Koraidon|Flame Charge|p1b: Amoonguss\n|-activate|p1b: Amoonguss|move: Protect\n|move|p2a: Incineroar|Flare Blitz|p1b: Amoonguss\n|-activate|p1b: Amoonguss|move: Protect\n|\n|-weather|SunnyDay|[upkeep]\n|upkeep\n|turn|4\n|\n|t:|1768292255\n|switch|p2a: Calyrex|Calyrex-Ice, L50|100/100\n|-ability|p2a: Calyrex|As One\n|-ability|p2a: Calyrex|Unnerve\n|-terastallize|p1a: Zamazenta|Dragon\n|move|p2b: Koraidon|Flame Charge|p1b: Amoonguss\n|-supereffective|p1b: Amoonguss\n|-damage|p1b: Amoonguss|36/100\n|-boost|p2b: Koraidon|spe|1\n|-damage|p2b: Koraidon|74/100|[from] item: Life Orb\n|move|p1a: Zamazenta|Body Press|p2a: Calyrex\n|-damage|p2a: Calyrex|54/100\n|move|p1b: Amoonguss|Spore|p2b: Koraidon\n|-status|p2b: Koraidon|slp|[from] move: Spore\n|\n|-weather|SunnyDay|[upkeep]\n|-heal|p2a: Calyrex|60/100|[from] item: Leftovers\n|upkeep\n|turn|5\n|\n|t:|1768292276\n|cant|p2b: Koraidon|slp\n|move|p1a: Zamazenta|Body Press|p2b: Koraidon\n|-damage|p2b: Koraidon|7/100 slp\n|move|p2a: Calyrex|Glacial Lance|p1a: Zamazenta|[spread] p1a,p1b\n|-supereffective|p1a: Zamazenta\n|-supereffective|p1b: Amoonguss\n|-damage|p1a: Zamazenta|66/100\n|-damage|p1b: Amoonguss|0 fnt\n|faint|p1b: Amoonguss\n|-ability|p2a: Calyrex|Chilling Neigh|boost\n|-boost|p2a: Calyrex|atk|1\n|\n|-weather|SunnyDay|[upkeep]\n|-heal|p2a: Calyrex|66/100|[from] item: Leftovers\n|upkeep\n|\n|t:|1768292283\n|switch|p1b: Calyrex|Calyrex-Shadow, L50|100/100\n|-ability|p1b: Calyrex|As One\n|-ability|p1b: Calyrex|Unnerve\n|turn|6\n|\n|t:|1768292303\n|-terastallize|p2a: Calyrex|Water\n|-curestatus|p2b: Koraidon|slp|[msg]\n|move|p2b: Koraidon|Flare Blitz|p1b: Calyrex\n|-damage|p1b: Calyrex|0 fnt\n|faint|p1b: Calyrex\n|-damage|p2b: Koraidon|0 fnt|[from] Recoil\n|faint|p2b: Koraidon\n|move|p1a: Zamazenta|Body Press|p2a: Calyrex\n|-damage|p2a: Calyrex|21/100\n|move|p2a: Calyrex|Trick Room|p2a: Calyrex\n|-fieldstart|move: Trick Room|[of] p2a: Calyrex\n|\n|-weather|none\n|-heal|p2a: Calyrex|27/100|[from] item: Leftovers\n|upkeep\n|-message|71guichan forfeited.\n|\n|win|fogdocker\n|raw|71guichan's rating: 1310 &rarr; <strong>1290</strong><br />(-20 for losing)\n|raw|fogdocker's rating: 1312 &rarr; <strong>1332</strong><br />(+20 for winning)\n|l|\u260671guichan\n|player|p1|\n|l|\u2606fogdocker\n|player|p2|\n","uploadtime":1768292559,"views":12,"formatid":"gen9vgc2026regi","rating":1290,"private":0,"password":null}