{"id":"gen9vgc2026regi-2528483684","format":"[Gen 9] VGC 2026 Reg I","players":["GAPDHC","bobthemango141"],"log":"|j|\u2606GAPDHC\n|j|\u2606bobthemango141\n|t:|1769662976\n|gametype|doubles\n|player|p1|GAPDHC|ruinmaniac|1477\n|player|p2|bobthemango141|265|1494\n|gen|9\n|tier|[Gen 9] VGC 2026 Reg I\n|rated|\n|rule|Species Clause: Limit one of each Pok\u00e9mon\n|rule|Item Clause: Limit 1 of each item\n|clearpoke\n|poke|p1|Calyrex-Shadow, L50|\n|poke|p1|Eternatus, L50|\n|poke|p1|Grimmsnarl, L50, M|\n|poke|p1|Rillaboom, L50, M|\n|poke|p1|Dondozo, L50, M|\n|poke|p1|Tatsugiri-Droopy, L50, M|\n|poke|p2|Miraidon, L50|\n|poke|p2|Lunala, L50|\n|poke|p2|Sylveon, L50, M|\n|poke|p2|Incineroar, L50, M|\n|poke|p2|Whimsicott, L50, M|\n|poke|p2|Urshifu-*, L50, M|\n|teampreview|4\n|j| white__w0lf\n|\n|t:|1769663017\n|teamsize|p1|4\n|teamsize|p2|4\n|start\n|switch|p1a: Grimmsnarl|Grimmsnarl, L50, M|100/100\n|switch|p1b: Eternatus|Eternatus, L50|100/100\n|switch|p2a: Urshifu|Urshifu-Rapid-Strike, L50, M|100/100\n|switch|p2b: Whimsicott|Whimsicott, L50, M, shiny|100/100\n|-ability|p1b: Eternatus|Pressure\n|turn|1\n|\n|t:|1769663036\n|move|p2b: Whimsicott|Tailwind|p2b: Whimsicott\n|-sidestart|p2: bobthemango141|move: Tailwind\n|move|p2a: Urshifu|Surging Strikes|p1a: Grimmsnarl\n|-crit|p1a: Grimmsnarl\n|-damage|p1a: Grimmsnarl|68/100\n|-crit|p1a: Grimmsnarl\n|-damage|p1a: Grimmsnarl|32/100\n|-crit|p1a: Grimmsnarl\n|-damage|p1a: Grimmsnarl|0 fnt\n|faint|p1a: Grimmsnarl\n|-hitcount|p1: Grimmsnarl|3\n|move|p1b: Eternatus|Toxic Spikes|p2b: Whimsicott\n|-sidestart|p2: bobthemango141|move: Toxic Spikes\n|\n|upkeep\n|\n|t:|1769663044\n|switch|p1a: Dondozo|Dondozo, L50, M|100/100\n|turn|2\n|\n|t:|1769663056\n|move|p2b: Whimsicott|Endeavor|p1a: Dondozo\n|-damage|p1a: Dondozo|51/100\n|move|p2a: Urshifu|Surging Strikes|p1a: Dondozo\n|-resisted|p1a: Dondozo\n|-crit|p1a: Dondozo\n|-damage|p1a: Dondozo|41/100\n|-resisted|p1a: Dondozo\n|-crit|p1a: Dondozo\n|-damage|p1a: Dondozo|30/100\n|-resisted|p1a: Dondozo\n|-crit|p1a: Dondozo\n|-damage|p1a: Dondozo|20/100\n|-hitcount|p1a: Dondozo|3\n|move|p1b: Eternatus|Toxic|p2a: Urshifu\n|-status|p2a: Urshifu|tox\n|move|p1a: Dondozo|Order Up|p2a: Urshifu\n|-damage|p2a: Urshifu|78/100 tox\n|\n|-heal|p1a: Dondozo|26/100|[from] item: Leftovers\n|-damage|p2a: Urshifu|72/100 tox|[from] psn\n|upkeep\n|turn|3\n|j| riyuezi\n|l| riyuezi\n|\n|t:|1769663084\n|switch|p1a: Tatsugiri|Tatsugiri-Droopy, L50, M|100/100\n|move|p2b: Whimsicott|Encore|p1b: Eternatus\n|-start|p1b: Eternatus|Encore\n|move|p2a: Urshifu|Surging Strikes|p1a: Tatsugiri\n|-resisted|p1a: Tatsugiri\n|-crit|p1a: Tatsugiri\n|-damage|p1a: Tatsugiri|86/100\n|-resisted|p1a: Tatsugiri\n|-crit|p1a: Tatsugiri\n|-damage|p1a: Tatsugiri|71/100\n|-resisted|p1a: Tatsugiri\n|-crit|p1a: Tatsugiri\n|-damage|p1a: Tatsugiri|55/100\n|-hitcount|p1a: Tatsugiri|3\n|move|p1b: Eternatus|Toxic|p2a: Urshifu\n|-fail|p2a: Urshifu|tox\n|\n|-damage|p2a: Urshifu|59/100 tox|[from] psn\n|upkeep\n|turn|4\n|\n|t:|1769663098\n|move|p2b: Whimsicott|Moonblast|p1a: Tatsugiri\n|-supereffective|p1a: Tatsugiri\n|-damage|p1a: Tatsugiri|0 fnt\n|faint|p1a: Tatsugiri\n|move|p2a: Urshifu|Surging Strikes|p1b: Eternatus\n|-resisted|p1b: Eternatus\n|-crit|p1b: Eternatus\n|-damage|p1b: Eternatus|89/100\n|-resisted|p1b: Eternatus\n|-crit|p1b: Eternatus\n|-damage|p1b: Eternatus|77/100\n|-resisted|p1b: Eternatus\n|-crit|p1b: Eternatus\n|-damage|p1b: Eternatus|65/100\n|-hitcount|p1b: Eternatus|3\n|move|p1b: Eternatus|Toxic|p2b: Whimsicott\n|-status|p2b: Whimsicott|tox\n|\n|-damage|p2b: Whimsicott|95/100 tox|[from] psn\n|-damage|p2a: Urshifu|40/100 tox|[from] psn\n|-sideend|p2: bobthemango141|move: Tailwind\n|upkeep\n|\n|t:|1769663101\n|switch|p1a: Dondozo|Dondozo, L50, M|26/100\n|turn|5\n|\n|t:|1769663109\n|move|p2b: Whimsicott|Tailwind|p2b: Whimsicott\n|-sidestart|p2: bobthemango141|move: Tailwind\n|move|p2a: Urshifu|Surging Strikes|p1a: Dondozo\n|-resisted|p1a: Dondozo\n|-crit|p1a: Dondozo\n|-damage|p1a: Dondozo|14/100\n|-resisted|p1a: Dondozo\n|-crit|p1a: Dondozo\n|-damage|p1a: Dondozo|3/100\n|-resisted|p1a: Dondozo\n|-crit|p1a: Dondozo\n|-damage|p1a: Dondozo|0 fnt\n|faint|p1a: Dondozo\n|-hitcount|p1: Dondozo|3\n|move|p1b: Eternatus|Toxic|p2a: Urshifu\n|-fail|p2a: Urshifu|tox\n|\n|-damage|p2b: Whimsicott|83/100 tox|[from] psn\n|-damage|p2a: Urshifu|15/100 tox|[from] psn\n|-end|p1b: Eternatus|Encore\n|upkeep\n|turn|6\n|\n|t:|1769663127\n|switch|p2a: Miraidon|Miraidon, L50, shiny|100/100\n|-status|p2a: Miraidon|psn\n|-fieldstart|move: Electric Terrain|[from] ability: Hadron Engine|[of] p2a: Miraidon\n|move|p2b: Whimsicott|Encore|p1b: Eternatus\n|-start|p1b: Eternatus|Encore\n|move|p1b: Eternatus|Toxic|p2b: Whimsicott\n|-fail|p2b: Whimsicott|tox\n|\n|-damage|p2a: Miraidon|88/100 psn|[from] psn\n|-damage|p2b: Whimsicott|65/100 tox|[from] psn\n|upkeep\n|turn|7\n|-message|GAPDHC forfeited.\n|\n|win|bobthemango141\n|raw|GAPDHC's rating: 1477 &rarr; <strong>1458</strong><br />(-19 for losing)\n|raw|bobthemango141's rating: 1494 &rarr; <strong>1513</strong><br />(+19 for winning)\n|l|\u2606GAPDHC\n|player|p1|\n|l|\u2606bobthemango141\n|player|p2|\n","uploadtime":1769663145,"views":56,"formatid":"gen9vgc2026regi","rating":1458,"private":0,"password":null}