{"id":"gen9vgc2026regi-2588045824","format":"[Gen 9] VGC 2026 Reg I","players":["dodatid2","Zonavideovigilada"],"log":"|j|\u2606dodatid2\n|j|\u2606Zonavideovigilada\n|t:|1776597539\n|gametype|doubles\n|player|p1|dodatid2|hiker-gen4|1425\n|player|p2|Zonavideovigilada|266|1556\n|gen|9\n|tier|[Gen 9] VGC 2026 Reg I\n|rated|\n|rule|Species Clause: Limit one of each Pok\u00e9mon\n|rule|Item Clause: Limit 1 of each item\n|clearpoke\n|poke|p1|Hariyama, L50, M|\n|poke|p1|Calyrex-Ice, L50|\n|poke|p1|Amoonguss, L50, F|\n|poke|p1|Kyogre, L50|\n|poke|p1|Urshifu-*, L50, F|\n|poke|p1|Roaring Moon, L50|\n|poke|p2|Miraidon, L50|\n|poke|p2|Calyrex-Ice, L50|\n|poke|p2|Urshifu-*, L50, M|\n|poke|p2|Ogerpon-Wellspring, L50, F|\n|poke|p2|Talonflame, L50, M|\n|poke|p2|Iron Crown, L50|\n|teampreview|4\n|inactive|Battle timer is ON: inactive players will automatically lose when time's up. (requested by Zonavideovigilada)\n|\n|t:|1776597565\n|teamsize|p1|4\n|teamsize|p2|4\n|start\n|switch|p1a: Calyrex|Calyrex-Ice, L50|100/100\n|switch|p1b: Amoonguss|Amoonguss, L50, F|100/100\n|switch|p2a: Miraidon|Miraidon, L50|100/100\n|switch|p2b: Urshifu|Urshifu, L50, M|100/100\n|-ability|p1a: Calyrex|As One\n|-ability|p1a: Calyrex|Unnerve\n|-fieldstart|move: Electric Terrain|[from] ability: Hadron Engine|[of] p2a: Miraidon\n|turn|1\n|\n|t:|1776597581\n|move|p1b: Amoonguss|Rage Powder|p1b: Amoonguss\n|-singleturn|p1b: Amoonguss|move: Rage Powder\n|move|p2a: Miraidon|Volt Switch|p1b: Amoonguss\n|-resisted|p1b: Amoonguss\n|-damage|p1b: Amoonguss|69/100\n|-enditem|p1b: Amoonguss|Eject Button\n|\n|t:|1776597593\n|switch|p1b: Hariyama|Hariyama, L50, M|100/100\n|move|p2b: Urshifu|Wicked Blow|p1a: Calyrex\n|-supereffective|p1a: Calyrex\n|-crit|p1a: Calyrex\n|-damage|p1a: Calyrex|21/100\n|move|p1a: Calyrex|Trick Room|p1a: Calyrex\n|-fieldstart|move: Trick Room|[of] p1a: Calyrex\n|\n|-status|p1b: Hariyama|brn|[from] item: Flame Orb\n|upkeep\n|turn|2\n|\n|t:|1776597618\n|-terastallize|p2a: Miraidon|Electric\n|move|p1b: Hariyama|Fake Out|p2b: Urshifu\n|-damage|p2b: Urshifu|79/100\n|cant|p2b: Urshifu|flinch\n|move|p1a: Calyrex|Glacial Lance|p2a: Miraidon|[spread] p2a,p2b\n|-damage|p2a: Miraidon|45/100\n|-damage|p2b: Urshifu|19/100\n|move|p2a: Miraidon|Volt Switch|p1a: Calyrex\n|-damage|p1a: Calyrex|0 fnt\n|faint|p1a: Calyrex\n|\n|t:|1776597631\n|switch|p2a: Calyrex|Calyrex-Ice, L50|100/100|[from] Volt Switch\n|-ability|p2a: Calyrex|As One\n|-ability|p2a: Calyrex|Unnerve\n|\n|-damage|p1b: Hariyama|95/100 brn|[from] brn\n|upkeep\n|\n|t:|1776597637\n|switch|p1a: Kyogre|Kyogre, L50|100/100\n|-weather|RainDance|[from] ability: Drizzle|[of] p1a: Kyogre\n|turn|3\n|\n|t:|1776597651\n|move|p2b: Urshifu|Sucker Punch|p1a: Kyogre\n|-damage|p1a: Kyogre|60/100\n|move|p1a: Kyogre|Water Spout|p2b: Urshifu|[spread] p2a,p2b\n|-damage|p2a: Calyrex|58/100\n|-damage|p2b: Urshifu|0 fnt\n|faint|p2b: Urshifu\n|move|p1b: Hariyama|Close Combat|p2a: Calyrex\n|-damage|p2a: Calyrex|0 fnt\n|-unboost|p1b: Hariyama|def|1\n|-unboost|p1b: Hariyama|spd|1\n|faint|p2a: Calyrex\n|\n|-weather|RainDance|[upkeep]\n|-damage|p1b: Hariyama|89/100 brn|[from] brn\n|upkeep\n|c|\u2606Zonavideovigilada|What the heck is this speed from ogre\n|inactive|Zonavideovigilada has 30 seconds left.\n|\n|t:|1776597683\n|switch|p2a: Ogerpon|Ogerpon-Wellspring, L50, F|100/100\n|switch|p2b: Miraidon|Miraidon, L50, tera:Electric|45/100\n|-activate|p2b: Miraidon|ability: Hadron Engine\n|turn|4\n|\n|t:|1776597693\n|move|p1a: Kyogre|Origin Pulse|p2a: Ogerpon|[spread] \n|-immune|p2a: Ogerpon|[from] ability: Water Absorb\n|-miss|p1a: Kyogre|p2b: Miraidon\n|move|p1b: Hariyama|Close Combat|p2a: Ogerpon\n|-damage|p2a: Ogerpon|0 fnt\n|-unboost|p1b: Hariyama|def|1\n|-unboost|p1b: Hariyama|spd|1\n|faint|p2a: Ogerpon\n|move|p2b: Miraidon|Volt Switch|p1a: Kyogre\n|-supereffective|p1a: Kyogre\n|-damage|p1a: Kyogre|0 fnt\n|faint|p1a: Kyogre\n|\n|-weather|RainDance|[upkeep]\n|-damage|p1b: Hariyama|83/100 brn|[from] brn\n|upkeep\n|\n|t:|1776597698\n|switch|p1a: Amoonguss|Amoonguss, L50, F|100/100\n|turn|5\n|-message|Zonavideovigilada forfeited.\n|\n|win|dodatid2\n|raw|dodatid2's rating: 1425 &rarr; <strong>1452</strong><br />(+27 for winning)\n|raw|Zonavideovigilada's rating: 1556 &rarr; <strong>1529</strong><br />(-27 for losing)\n|l|\u2606Zonavideovigilada\n|player|p2|\n|l|\u2606dodatid2\n|player|p1|\n","uploadtime":1776597973,"views":8,"formatid":"gen9vgc2026regi","rating":1452,"private":0,"password":null}