{"id":"gen9vgc2026regi-2579818612","format":"[Gen 9] VGC 2026 Reg I","players":["Hzqmrln","987w"],"log":"|j|\u2606Hzqmrln\n|j|\u2606987w\n|t:|1775830749\n|gametype|doubles\n|player|p1|Hzqmrln|170|1535\n|player|p2|987w|266|1585\n|gen|9\n|tier|[Gen 9] VGC 2026 Reg I\n|rated|\n|rule|Species Clause: Limit one of each Pok\u00e9mon\n|rule|Item Clause: Limit 1 of each item\n|clearpoke\n|poke|p1|Zamazenta-*, L50|\n|poke|p1|Farigiraf, L50, F|\n|poke|p1|Incineroar, L50, M|\n|poke|p1|Rillaboom, L50, M|\n|poke|p1|Kyogre, L50|\n|poke|p1|Whimsicott, L50, M|\n|poke|p2|Miraidon, L50|\n|poke|p2|Calyrex-Ice, L50|\n|poke|p2|Chi-Yu, L50|\n|poke|p2|Incineroar, L50, M|\n|poke|p2|Urshifu-*, L50, F|\n|poke|p2|Whimsicott, L50, F|\n|teampreview|4\n|inactive|Battle timer is ON: inactive players will automatically lose when time's up. (requested by Hzqmrln)\n|inactive|Hzqmrln has 60 seconds left.\n|\n|t:|1775830788\n|teamsize|p1|4\n|teamsize|p2|4\n|start\n|switch|p1a: Kyogre|Kyogre, L50|100/100\n|switch|p1b: Rillaboom|Rillaboom, L50, M|100/100\n|switch|p2a: Miraidon|Miraidon, L50|100/100\n|switch|p2b: Urshifu|Urshifu-Rapid-Strike, L50, F|100/100\n|-weather|RainDance|[from] ability: Drizzle|[of] p1a: Kyogre\n|-fieldstart|move: Electric Terrain|[from] ability: Hadron Engine|[of] p2a: Miraidon\n|-fieldstart|move: Grassy Terrain|[from] ability: Grassy Surge|[of] p1b: Rillaboom\n|turn|1\n|inactive|Hzqmrln has 30 seconds left.\n|inactive|Hzqmrln has 20 seconds left.\n|inactive|987w has 30 seconds left.\n|\n|t:|1775830828\n|-terastallize|p1a: Kyogre|Grass\n|-terastallize|p2b: Urshifu|Ghost\n|move|p1a: Kyogre|Ice Beam|p2a: Miraidon\n|-supereffective|p2a: Miraidon\n|-damage|p2a: Miraidon|64/100\n|move|p2a: Miraidon|Volt Switch|p1a: Kyogre\n|-resisted|p1a: Kyogre\n|-damage|p1a: Kyogre|86/100\n|\n|t:|1775830844\n|switch|p2a: Chi-Yu|Chi-Yu, L50|100/100|[from] Volt Switch\n|-ability|p2a: Chi-Yu|Beads of Ruin\n|move|p2b: Urshifu|Close Combat|p1a: Kyogre\n|-damage|p1a: Kyogre|0 fnt\n|-unboost|p2b: Urshifu|def|1\n|-unboost|p2b: Urshifu|spd|1\n|faint|p1a: Kyogre\n|move|p1b: Rillaboom|Wood Hammer|p2b: Urshifu\n|-damage|p2b: Urshifu|0 fnt\n|faint|p2b: Urshifu\n|-damage|p1b: Rillaboom|69/100|[from] Recoil\n|\n|-weather|RainDance|[upkeep]\n|-heal|p1b: Rillaboom|75/100|[from] Grassy Terrain\n|upkeep\n|\n|t:|1775830859\n|switch|p1a: Zamazenta|Zamazenta-Crowned, L50|100/100\n|switch|p2b: Miraidon|Miraidon, L50|64/100\n|-fieldstart|move: Electric Terrain|[from] ability: Hadron Engine|[of] p2b: Miraidon\n|-ability|p1a: Zamazenta|Dauntless Shield|boost\n|-boost|p1a: Zamazenta|def|1\n|turn|2\n|inactive|987w has 30 seconds left.\n|\n|t:|1775830884\n|switch|p1b: Farigiraf|Farigiraf, L50, F|100/100\n|move|p1a: Zamazenta|Protect|p1a: Zamazenta\n|-singleturn|p1a: Zamazenta|Protect\n|move|p2a: Chi-Yu|Flamethrower|p1a: Zamazenta\n|-activate|p1a: Zamazenta|move: Protect\n|move|p2b: Miraidon|Volt Switch|p1a: Zamazenta\n|-activate|p1a: Zamazenta|move: Protect\n|\n|-weather|RainDance|[upkeep]\n|upkeep\n|turn|3\n|\n|t:|1775830902\n|switch|p1b: Rillaboom|Rillaboom, L50, M|75/100\n|-fieldstart|move: Grassy Terrain|[from] ability: Grassy Surge|[of] p1b: Rillaboom\n|move|p2a: Chi-Yu|Flamethrower|p1a: Zamazenta\n|-supereffective|p1a: Zamazenta\n|-damage|p1a: Zamazenta|57/100\n|move|p2b: Miraidon|Volt Switch|p1a: Zamazenta\n|-damage|p1a: Zamazenta|20/100\n|\n|t:|1775830912\n|switch|p2b: Whimsicott|Whimsicott, L50, F|100/100|[from] Volt Switch\n|move|p1a: Zamazenta|Body Press|p2a: Chi-Yu\n|-supereffective|p2a: Chi-Yu\n|-crit|p2a: Chi-Yu\n|-damage|p2a: Chi-Yu|0 fnt\n|faint|p2a: Chi-Yu\n|\n|-weather|RainDance|[upkeep]\n|-heal|p1a: Zamazenta|26/100|[from] Grassy Terrain\n|-heal|p1b: Rillaboom|81/100|[from] Grassy Terrain\n|upkeep\n|\n|t:|1775830915\n|switch|p2a: Miraidon|Miraidon, L50|64/100\n|-fieldstart|move: Electric Terrain|[from] ability: Hadron Engine|[of] p2a: Miraidon\n|turn|4\n|\n|t:|1775830925\n|move|p1b: Rillaboom|Fake Out|p2a: Miraidon\n|-damage|p2a: Miraidon|52/100\n|move|p2b: Whimsicott|Endeavor|p1b: Rillaboom\n|-damage|p1b: Rillaboom|59/100\n|cant|p2a: Miraidon|flinch\n|move|p1a: Zamazenta|Body Press|p2a: Miraidon\n|-damage|p2a: Miraidon|0 fnt\n|faint|p2a: Miraidon\n|\n|-weather|RainDance|[upkeep]\n|upkeep\n|turn|5\n|-message|987w forfeited.\n|\n|win|Hzqmrln\n|raw|Hzqmrln's rating: 1535 &rarr; <strong>1558</strong><br />(+23 for winning)\n|raw|987w's rating: 1585 &rarr; <strong>1562</strong><br />(-23 for losing)\n|l|\u2606987w\n|player|p2|\n|l|\u2606Hzqmrln\n|player|p1|\n","uploadtime":1775831189,"views":11,"formatid":"gen9vgc2026regi","rating":1558,"private":0,"password":null}