{"id":"gen9vgc2026regi-2548731059","format":"[Gen 9] VGC 2026 Reg I","players":["yubanmeiqin","Icious"],"log":"|j|\u2606yubanmeiqin\n|j|\u2606Icious\n|t:|1772248611\n|gametype|doubles\n|player|p1|yubanmeiqin|iono-masters|1422\n|player|p2|Icious|170|1404\n|gen|9\n|tier|[Gen 9] VGC 2026 Reg I\n|rated|\n|rule|Species Clause: Limit one of each Pok\u00e9mon\n|rule|Item Clause: Limit 1 of each item\n|clearpoke\n|poke|p1|Zacian-*, L50|\n|poke|p1|Kyogre, L50|\n|poke|p1|Amoonguss, L50, M|\n|poke|p1|Incineroar, L50, F|\n|poke|p1|Urshifu-*, L50, M|\n|poke|p1|Iron Jugulis, L50|\n|poke|p2|Amoonguss, L50, F|\n|poke|p2|Calyrex-Ice, L50|\n|poke|p2|Kyogre, L50|\n|poke|p2|Grimmsnarl, L50, M|\n|poke|p2|Flutter Mane, L50|\n|poke|p2|Basculegion, L50, M|\n|teampreview|4\n|inactive|Battle timer is ON: inactive players will automatically lose when time's up. (requested by Icious)\n|\n|t:|1772248631\n|teamsize|p1|4\n|teamsize|p2|4\n|start\n|switch|p1a: \u9a6c\u5243\u5929\u7231\u661f|Kyogre, L50, shiny|100/100\n|switch|p1b: \u4e3b\u4eba\ud83d\ude2d\ud83e\udd75|Incineroar, L50, F|100/100\n|switch|p2a: Basculegion|Basculegion, L50, M|100/100\n|switch|p2b: Grimmsnarl|Grimmsnarl, L50, M|100/100\n|-weather|RainDance|[from] ability: Drizzle|[of] p1a: \u9a6c\u5243\u5929\u7231\u661f\n|-ability|p1b: \u4e3b\u4eba\ud83d\ude2d\ud83e\udd75|Intimidate|boost\n|-unboost|p2a: Basculegion|atk|1\n|-unboost|p2b: Grimmsnarl|atk|1\n|turn|1\n|inactive|Icious has 30 seconds left.\n|\n|t:|1772248660\n|switch|p2a: Kyogre|Kyogre, L50|100/100\n|switch|p1b: \u6211\u559c\u6b22\u4f60|Amoonguss, L50, M|100/100\n|move|p2b: Grimmsnarl|Light Screen|p2b: Grimmsnarl\n|-sidestart|p2: Icious|move: Light Screen\n|move|p1a: \u9a6c\u5243\u5929\u7231\u661f|Water Spout|p2b: Grimmsnarl|[spread] p2a,p2b\n|-resisted|p2a: Kyogre\n|-damage|p2a: Kyogre|78/100\n|-damage|p2b: Grimmsnarl|41/100\n|\n|-weather|RainDance|[upkeep]\n|upkeep\n|turn|2\n|\n|t:|1772248676\n|-terastallize|p2a: Kyogre|Grass\n|move|p2b: Grimmsnarl|Sucker Punch|p1a: \u9a6c\u5243\u5929\u7231\u661f\n|-damage|p1a: \u9a6c\u5243\u5929\u7231\u661f|85/100\n|move|p2a: Kyogre|Water Spout|p1a: \u9a6c\u5243\u5929\u7231\u661f|[spread] p1a,p1b\n|-resisted|p1a: \u9a6c\u5243\u5929\u7231\u661f\n|-resisted|p1b: \u6211\u559c\u6b22\u4f60\n|-damage|p1a: \u9a6c\u5243\u5929\u7231\u661f|62/100\n|-damage|p1b: \u6211\u559c\u6b22\u4f60|60/100\n|move|p1a: \u9a6c\u5243\u5929\u7231\u661f|Water Spout|p2a: Kyogre|[spread] p2a,p2b\n|-resisted|p2a: Kyogre\n|-damage|p2a: Kyogre|63/100\n|-damage|p2b: Grimmsnarl|4/100\n|move|p1b: \u6211\u559c\u6b22\u4f60|Pollen Puff|p2a: Kyogre\n|-supereffective|p2a: Kyogre\n|-damage|p2a: Kyogre|46/100\n|\n|-weather|RainDance|[upkeep]\n|upkeep\n|turn|3\n|\n|t:|1772248698\n|move|p2a: Kyogre|Origin Pulse|p1a: \u9a6c\u5243\u5929\u7231\u661f|[spread] p1a,p1b\n|-resisted|p1a: \u9a6c\u5243\u5929\u7231\u661f\n|-resisted|p1b: \u6211\u559c\u6b22\u4f60\n|-damage|p1a: \u9a6c\u5243\u5929\u7231\u661f|43/100\n|-damage|p1b: \u6211\u559c\u6b22\u4f60|23/100\n|move|p1a: \u9a6c\u5243\u5929\u7231\u661f|Origin Pulse|p2b: Grimmsnarl|[spread] p2b\n|-miss|p1a: \u9a6c\u5243\u5929\u7231\u661f|p2a: Kyogre\n|-damage|p2b: Grimmsnarl|0 fnt\n|faint|p2b: Grimmsnarl\n|move|p1b: \u6211\u559c\u6b22\u4f60|Pollen Puff|p1a: \u9a6c\u5243\u5929\u7231\u661f\n|-heal|p1a: \u9a6c\u5243\u5929\u7231\u661f|92/100\n|\n|-weather|RainDance|[upkeep]\n|upkeep\n|\n|t:|1772248708\n|switch|p2b: Calyrex|Calyrex-Ice, L50|100/100\n|-ability|p2b: Calyrex|As One\n|-ability|p2b: Calyrex|Unnerve\n|turn|4\n|\n|t:|1772248729\n|move|p2a: Kyogre|Protect|p2a: Kyogre\n|-singleturn|p2a: Kyogre|Protect\n|move|p1a: \u9a6c\u5243\u5929\u7231\u661f|Ice Beam|p2a: Kyogre\n|-activate|p2a: Kyogre|move: Protect\n|move|p2b: Calyrex|Glacial Lance|p1a: \u9a6c\u5243\u5929\u7231\u661f|[spread] p1a,p1b\n|-resisted|p1a: \u9a6c\u5243\u5929\u7231\u661f\n|-supereffective|p1b: \u6211\u559c\u6b22\u4f60\n|-damage|p1a: \u9a6c\u5243\u5929\u7231\u661f|70/100\n|-damage|p1b: \u6211\u559c\u6b22\u4f60|0 fnt\n|faint|p1b: \u6211\u559c\u6b22\u4f60\n|-ability|p2b: Calyrex|Chilling Neigh|boost\n|-boost|p2b: Calyrex|atk|1\n|\n|-weather|RainDance|[upkeep]\n|upkeep\n|\n|t:|1772248737\n|switch|p1b: \u963f\u5c14\u6258\u8389\u96c5|Zacian-Crowned, L50, shiny|100/100\n|-ability|p1b: \u963f\u5c14\u6258\u8389\u96c5|Intrepid Sword|boost\n|-boost|p1b: \u963f\u5c14\u6258\u8389\u96c5|atk|1\n|turn|5\n|\n|t:|1772248751\n|move|p2b: Calyrex|Protect|p2b: Calyrex\n|-singleturn|p2b: Calyrex|Protect\n|move|p1b: \u963f\u5c14\u6258\u8389\u96c5|Behemoth Blade|p2b: Calyrex\n|-activate|p2b: Calyrex|move: Protect\n|move|p2a: Kyogre|Origin Pulse|p1b: \u963f\u5c14\u6258\u8389\u96c5|[spread] p1a,p1b\n|-resisted|p1a: \u9a6c\u5243\u5929\u7231\u661f\n|-damage|p1a: \u9a6c\u5243\u5929\u7231\u661f|50/100\n|-damage|p1b: \u963f\u5c14\u6258\u8389\u96c5|17/100\n|move|p1a: \u9a6c\u5243\u5929\u7231\u661f|Water Spout|p2a: Kyogre|[spread] p2a\n|-activate|p2b: Calyrex|move: Protect\n|-resisted|p2a: Kyogre\n|-damage|p2a: Kyogre|35/100\n|\n|-weather|none\n|upkeep\n|turn|6\n|\n|t:|1772248772\n|switch|p2a: Basculegion|Basculegion, L50, M|100/100\n|move|p1b: \u963f\u5c14\u6258\u8389\u96c5|Behemoth Blade|p2b: Calyrex\n|-supereffective|p2b: Calyrex\n|-damage|p2b: Calyrex|5/100\n|move|p1a: \u9a6c\u5243\u5929\u7231\u661f|Ice Beam|p2a: Basculegion\n|-resisted|p2a: Basculegion\n|-damage|p2a: Basculegion|89/100\n|move|p2b: Calyrex|Glacial Lance|p1b: \u963f\u5c14\u6258\u8389\u96c5|[spread] p1a,p1b\n|-resisted|p1a: \u9a6c\u5243\u5929\u7231\u661f\n|-resisted|p1b: \u963f\u5c14\u6258\u8389\u96c5\n|-damage|p1a: \u9a6c\u5243\u5929\u7231\u661f|18/100\n|-damage|p1b: \u963f\u5c14\u6258\u8389\u96c5|0 fnt\n|faint|p1b: \u963f\u5c14\u6258\u8389\u96c5\n|-ability|p2b: Calyrex|Chilling Neigh|boost\n|-boost|p2b: Calyrex|atk|1\n|\n|-heal|p2b: Calyrex|11/100|[from] item: Leftovers\n|upkeep\n|\n|t:|1772248782\n|switch|p1b: \u4e3b\u4eba\ud83d\ude2d\ud83e\udd75|Incineroar, L50, F|100/100\n|-ability|p1b: \u4e3b\u4eba\ud83d\ude2d\ud83e\udd75|Intimidate|boost\n|-unboost|p2a: Basculegion|atk|1\n|-unboost|p2b: Calyrex|atk|1\n|turn|7\n|\n|t:|1772248791\n|switch|p2b: Kyogre|Kyogre, L50, tera:Grass|35/100\n|-weather|RainDance|[from] ability: Drizzle|[of] p2b: Kyogre\n|move|p2a: Basculegion|Wave Crash|p1a: \u9a6c\u5243\u5929\u7231\u661f\n|-resisted|p1a: \u9a6c\u5243\u5929\u7231\u661f\n|-damage|p1a: \u9a6c\u5243\u5929\u7231\u661f|0 fnt\n|faint|p1a: \u9a6c\u5243\u5929\u7231\u661f\n|-damage|p2a: Basculegion|84/100|[from] Recoil\n|-damage|p2a: Basculegion|74/100|[from] item: Life Orb\n|move|p1b: \u4e3b\u4eba\ud83d\ude2d\ud83e\udd75|Will-O-Wisp|p2a: Basculegion\n|-status|p2a: Basculegion|brn\n|\n|-weather|RainDance|[upkeep]\n|-damage|p2a: Basculegion|68/100 brn|[from] brn\n|upkeep\n|turn|8\n|\n|t:|1772248802\n|move|p2a: Basculegion|Wave Crash|p1b: \u4e3b\u4eba\ud83d\ude2d\ud83e\udd75\n|-supereffective|p1b: \u4e3b\u4eba\ud83d\ude2d\ud83e\udd75\n|-damage|p1b: \u4e3b\u4eba\ud83d\ude2d\ud83e\udd75|21/100\n|-damage|p2a: Basculegion|42/100 brn|[from] Recoil\n|-damage|p2a: Basculegion|33/100 brn|[from] item: Life Orb\n|move|p2b: Kyogre|Origin Pulse|p1b: \u4e3b\u4eba\ud83d\ude2d\ud83e\udd75\n|-supereffective|p1b: \u4e3b\u4eba\ud83d\ude2d\ud83e\udd75\n|-damage|p1b: \u4e3b\u4eba\ud83d\ude2d\ud83e\udd75|0 fnt\n|faint|p1b: \u4e3b\u4eba\ud83d\ude2d\ud83e\udd75\n|\n|win|Icious\n|raw|yubanmeiqin's rating: 1422 &rarr; <strong>1401</strong><br />(-21 for losing)\n|raw|Icious's rating: 1404 &rarr; <strong>1425</strong><br />(+21 for winning)\n|l|\u2606yubanmeiqin\n|player|p1|\n|l|\u2606Icious\n|player|p2|\n","uploadtime":1772249062,"views":18,"formatid":"gen9vgc2026regi","rating":1401,"private":0,"password":null}