{"id":"gen9vgc2026regi-2540285058","format":"[Gen 9] VGC 2026 Reg I","players":["SEITA","infinitygroudon"],"log":"|j|\u2606SEITA\n|j|\u2606infinitygroudon\n|t:|1771184581\n|gametype|doubles\n|player|p1|SEITA|lucas-gen4pt|1555\n|player|p2|infinitygroudon|101|1408\n|gen|9\n|tier|[Gen 9] VGC 2026 Reg I\n|rated|\n|rule|Species Clause: Limit one of each Pok\u00e9mon\n|rule|Item Clause: Limit 1 of each item\n|clearpoke\n|poke|p1|Zamazenta-*, L50|\n|poke|p1|Kyogre, L50|\n|poke|p1|Wo-Chien, L50|\n|poke|p1|Grimmsnarl, L50, M|\n|poke|p1|Rhyperior, L50, F|\n|poke|p1|Ditto, L50|\n|poke|p2|Kyogre, L50|\n|poke|p2|Palkia-Origin, L50|\n|poke|p2|Farigiraf, L50, M|\n|poke|p2|Archaludon, L50, M|\n|poke|p2|Iron Jugulis, L50|\n|poke|p2|Raging Bolt, L50|\n|teampreview|4\n|\n|t:|1771184607\n|teamsize|p1|4\n|teamsize|p2|4\n|start\n|switch|p1a: Grimmsnarl|Grimmsnarl, L50, M|100/100\n|switch|p1b: Zamazenta|Zamazenta-Crowned, L50|100/100\n|switch|p2a: Archibald|Archaludon, L50, M, shiny|100/100\n|switch|p2b: Jorris|Iron Jugulis, L50|100/100\n|-ability|p1b: Zamazenta|Dauntless Shield|boost\n|-boost|p1b: Zamazenta|def|1\n|-enditem|p2b: Jorris|Booster Energy\n|-activate|p2b: Jorris|ability: Quark Drive|[fromitem]\n|-start|p2b: Jorris|quarkdrivespe\n|turn|1\n|\n|t:|1771184629\n|-terastallize|p2a: Archibald|Fairy\n|move|p1a: Grimmsnarl|Light Screen|p1a: Grimmsnarl\n|-sidestart|p1: SEITA|move: Light Screen\n|move|p2b: Jorris|Dragon Cheer|p2a: Archibald\n|-start|p2a: Archibald|move: Dragon Cheer\n|move|p1b: Zamazenta|Heavy Slam|p2a: Archibald\n|-supereffective|p2a: Archibald\n|-damage|p2a: Archibald|27/100\n|-ability|p2a: Archibald|Stamina|boost\n|-boost|p2a: Archibald|def|1\n|move|p2a: Archibald|Flash Cannon|p1a: Grimmsnarl\n|-supereffective|p1a: Grimmsnarl\n|-damage|p1a: Grimmsnarl|39/100\n|\n|upkeep\n|turn|2\n|\n|t:|1771184661\n|move|p1a: Grimmsnarl|Reflect|p1a: Grimmsnarl\n|-sidestart|p1: SEITA|Reflect\n|move|p2b: Jorris|Tailwind|p2b: Jorris\n|-sidestart|p2: infinitygroudon|move: Tailwind\n|move|p2a: Archibald|Flash Cannon|p1a: Grimmsnarl\n|-supereffective|p1a: Grimmsnarl\n|-crit|p1a: Grimmsnarl\n|-damage|p1a: Grimmsnarl|0 fnt\n|faint|p1a: Grimmsnarl\n|move|p1b: Zamazenta|Heavy Slam|p2a: Archibald\n|-supereffective|p2a: Archibald\n|-damage|p2a: Archibald|0 fnt\n|faint|p2a: Archibald\n|\n|upkeep\n|\n|t:|1771184679\n|switch|p2a: Secretariat|Palkia-Origin, L50|100/100\n|switch|p1a: Kyogre|Kyogre, L50|100/100\n|-ability|p2a: Secretariat|Pressure\n|-weather|RainDance|[from] ability: Drizzle|[of] p1a: Kyogre\n|turn|3\n|\n|t:|1771184706\n|move|p2b: Jorris|Dragon Cheer|p2a: Secretariat\n|-start|p2a: Secretariat|move: Dragon Cheer\n|move|p2a: Secretariat|Spacial Rend|p1a: Kyogre\n|-crit|p1a: Kyogre\n|-damage|p1a: Kyogre|40/100\n|move|p1b: Zamazenta|Body Press|p2a: Secretariat\n|-damage|p2a: Secretariat|53/100\n|move|p1a: Kyogre|Thunder|p2a: Secretariat\n|-damage|p2a: Secretariat|17/100\n|-status|p2a: Secretariat|par\n|\n|-weather|RainDance|[upkeep]\n|-heal|p1a: Kyogre|45/100|[from] item: Leftovers\n|upkeep\n|turn|4\n|\n|t:|1771184728\n|move|p2b: Jorris|Hurricane|p1b: Zamazenta\n|-damage|p1b: Zamazenta|80/100\n|move|p1b: Zamazenta|Body Press|p2a: Secretariat\n|-damage|p2a: Secretariat|0 fnt\n|faint|p2a: Secretariat\n|move|p1a: Kyogre|Thunder|p2b: Jorris\n|-supereffective|p2b: Jorris\n|-damage|p2b: Jorris|13/100\n|\n|-weather|RainDance|[upkeep]\n|-heal|p1a: Kyogre|51/100|[from] item: Leftovers\n|upkeep\n|\n|t:|1771184733\n|switch|p2a: Piratebeard|Kyogre, L50|100/100\n|turn|5\n|\n|t:|1771184747\n|move|p2b: Jorris|Hurricane|p1b: Zamazenta\n|-damage|p1b: Zamazenta|59/100\n|move|p2a: Piratebeard|Thunder|p1a: Kyogre\n|-supereffective|p1a: Kyogre\n|-damage|p1a: Kyogre|15/100\n|move|p1b: Zamazenta|Body Press|p2b: Jorris\n|-damage|p2b: Jorris|0 fnt\n|faint|p2b: Jorris\n|-end|p2b: Jorris|Quark Drive|[silent]\n|move|p1a: Kyogre|Thunder|p2a: Piratebeard\n|-supereffective|p2a: Piratebeard\n|-damage|p2a: Piratebeard|35/100\n|\n|-weather|RainDance|[upkeep]\n|-heal|p1a: Kyogre|21/100|[from] item: Leftovers\n|-sideend|p2: infinitygroudon|move: Tailwind\n|upkeep\n|turn|6\n|-message|infinitygroudon forfeited.\n|\n|win|SEITA\n|raw|SEITA's rating: 1555 &rarr; <strong>1567</strong><br />(+12 for winning)\n|raw|infinitygroudon's rating: 1408 &rarr; <strong>1396</strong><br />(-12 for losing)\n|l|\u2606infinitygroudon\n|player|p2|\n|l|\u2606SEITA\n|player|p1|\n","uploadtime":1771184906,"views":34,"formatid":"gen9vgc2026regi","rating":1396,"private":0,"password":null}