{"id":"gen9vgc2026regi-2589854213","format":"[Gen 9] VGC 2026 Reg I","players":["azerbatts","TheManOfSausage"],"log":"|j|\u2606azerbatts\n|j|\u2606TheManOfSausage\n|t:|1776767479\n|gametype|doubles\n|player|p1|azerbatts|101|1514\n|player|p2|TheManOfSausage|miku-water|1645\n|gen|9\n|tier|[Gen 9] VGC 2026 Reg I\n|rated|\n|rule|Species Clause: Limit one of each Pok\u00e9mon\n|rule|Item Clause: Limit 1 of each item\n|clearpoke\n|poke|p1|Kyogre, L50|\n|poke|p1|Grimmsnarl, L50, M|\n|poke|p1|Ursaluna, L50, M|\n|poke|p1|Calyrex-Ice, L50|\n|poke|p1|Urshifu-*, L50, F|\n|poke|p1|Luvdisc, L50, F|\n|poke|p2|Calyrex-Shadow, L50|\n|poke|p2|Miraidon, L50|\n|poke|p2|Clefairy, L50, M|\n|poke|p2|Rillaboom, L50, M|\n|poke|p2|Incineroar, L50, M|\n|poke|p2|Volcarona, L50, M|\n|teampreview|4\nTheManOfSausage has agreed to open team sheets.\n|\n|t:|1776767500\n|teamsize|p1|4\n|teamsize|p2|4\n|start\n|switch|p1a: Kyogre|Kyogre, L50|100/100\n|switch|p1b: Luvdisc|Luvdisc, L50, F|100/100\n|switch|p2a: Magical Mirai|Miraidon, L50|100/100\n|switch|p2b: Rice Shower|Calyrex-Shadow, L50|100/100\n|-ability|p2b: Rice Shower|As One\n|-ability|p2b: Rice Shower|Unnerve\n|-fieldstart|move: Electric Terrain|[from] ability: Hadron Engine|[of] p2a: Magical Mirai\n|-weather|RainDance|[from] ability: Drizzle|[of] p1a: Kyogre\n|turn|1\n|l|\u2606azerbatts\n|player|p1|\n|j|\u2606azerbatts\n|player|p1|azerbatts|101|\n|\n|t:|1776767525\n|move|p2b: Rice Shower|Protect|p2b: Rice Shower\n|-singleturn|p2b: Rice Shower|Protect\n|move|p1a: Kyogre|Protect|p1a: Kyogre\n|-singleturn|p1a: Kyogre|Protect\n|move|p1b: Luvdisc|Icy Wind|p2b: Rice Shower|[spread] p2a\n|-activate|p2b: Rice Shower|move: Protect\n|-supereffective|p2a: Magical Mirai\n|-damage|p2a: Magical Mirai|89/100\n|-unboost|p2a: Magical Mirai|spe|1\n|move|p2a: Magical Mirai|Volt Switch|p1b: Luvdisc\n|-supereffective|p1b: Luvdisc\n|-enditem|p1b: Luvdisc|Focus Sash\n|-damage|p1b: Luvdisc|1/100\n|\n|t:|1776767533\n|switch|p2a: Rillaboom|Rillaboom, L50, M|100/100|[from] Volt Switch\n|-fieldstart|move: Grassy Terrain|[from] ability: Grassy Surge|[of] p2a: Rillaboom\n|\n|-weather|RainDance|[upkeep]\n|-heal|p1b: Luvdisc|7/100|[from] Grassy Terrain\n|upkeep\n|turn|2\n|\n|t:|1776767543\n|-terastallize|p1a: Kyogre|Grass\n|move|p2a: Rillaboom|Fake Out|p1a: Kyogre\n|-damage|p1a: Kyogre|88/100\n|move|p1b: Luvdisc|Endeavor|p2a: Rillaboom\n|-damage|p2a: Rillaboom|4/100\n|move|p2b: Rice Shower|Astral Barrage|p1a: Kyogre|[spread] p1a,p1b\n|-damage|p1a: Kyogre|52/100\n|-damage|p1b: Luvdisc|0 fnt\n|faint|p1b: Luvdisc\n|-ability|p2b: Rice Shower|Grim Neigh|boost\n|-boost|p2b: Rice Shower|spa|1\n|cant|p1a: Kyogre|flinch\n|\n|-weather|RainDance|[upkeep]\n|-heal|p1a: Kyogre|58/100|[from] Grassy Terrain\n|-heal|p2a: Rillaboom|10/100|[from] Grassy Terrain\n|upkeep\n|\n|t:|1776767549\n|switch|p1b: Grimmsnarl|Grimmsnarl, L50, M|100/100\n|turn|3\n|\n|t:|1776767558\n|move|p1b: Grimmsnarl|Sucker Punch|p2b: Rice Shower\n|-supereffective|p2b: Rice Shower\n|-damage|p2b: Rice Shower|0 fnt\n|faint|p2b: Rice Shower\n|move|p1a: Kyogre|Origin Pulse|p2a: Rillaboom\n|-resisted|p2a: Rillaboom\n|-damage|p2a: Rillaboom|0 fnt\n|faint|p2a: Rillaboom\n|\n|-weather|RainDance|[upkeep]\n|-heal|p1a: Kyogre|64/100|[from] Grassy Terrain\n|upkeep\n|\n|t:|1776767560\n|switch|p2b: pipi|Clefairy, L50, M|100/100\n|switch|p2a: Magical Mirai|Miraidon, L50|89/100\n|-fieldstart|move: Electric Terrain|[from] ability: Hadron Engine|[of] p2a: Magical Mirai\n|turn|4\n|\n|t:|1776767567\n|-terastallize|p2a: Magical Mirai|Electric\n|move|p1b: Grimmsnarl|Light Screen|p1b: Grimmsnarl\n|-sidestart|p1: azerbatts|move: Light Screen\n|move|p2a: Magical Mirai|Electro Drift|p1b: Grimmsnarl\n|-damage|p1b: Grimmsnarl|17/100\n|move|p1a: Kyogre|Origin Pulse|p2a: Magical Mirai|[spread] p2b\n|-miss|p1a: Kyogre|p2a: Magical Mirai\n|-damage|p2b: pipi|22/100\n|move|p2b: pipi|Life Dew|p2b: pipi|[spread] p2a,p2b\n|-heal|p2a: Magical Mirai|100/100\n|-heal|p2b: pipi|47/100\n|\n|-weather|RainDance|[upkeep]\n|upkeep\n|turn|5\n|\n|t:|1776767585\n|move|p2b: pipi|Helping Hand|p2a: Magical Mirai\n|-singleturn|p2a: Magical Mirai|Helping Hand|[of] p2b: pipi\n|move|p1b: Grimmsnarl|Sucker Punch|p2a: Magical Mirai\n|-damage|p2a: Magical Mirai|80/100\n|move|p2a: Magical Mirai|Electro Drift|p1a: Kyogre\n|-resisted|p1a: Kyogre\n|-crit|p1a: Kyogre\n|-damage|p1a: Kyogre|0 fnt\n|faint|p1a: Kyogre\n|\n|-weather|none\n|upkeep\n|\n|t:|1776767588\n|switch|p1a: Calyrex|Calyrex-Ice, L50|100/100\n|-ability|p1a: Calyrex|As One\n|-ability|p1a: Calyrex|Unnerve\n|turn|6\n|\n|t:|1776767597\n|move|p2b: pipi|Helping Hand|p2a: Magical Mirai\n|-singleturn|p2a: Magical Mirai|Helping Hand|[of] p2b: pipi\n|move|p2a: Magical Mirai|Electro Drift|p1a: Calyrex\n|-damage|p1a: Calyrex|20/100\n|move|p1b: Grimmsnarl|Spirit Break|p2a: Magical Mirai\n|-damage|p2a: Magical Mirai|58/100\n|-unboost|p2a: Magical Mirai|spa|1\n|move|p1a: Calyrex|Glacial Lance|p2a: Magical Mirai|[spread] p2a,p2b\n|-damage|p2a: Magical Mirai|23/100\n|-damage|p2b: pipi|1/100\n|\n|-heal|p1a: Calyrex|26/100|[from] item: Leftovers\n|upkeep\n|turn|7\n|\n|t:|1776767616\n|move|p1a: Calyrex|Protect|p1a: Calyrex\n|-singleturn|p1a: Calyrex|Protect\n|move|p1b: Grimmsnarl|Sucker Punch|p2a: Magical Mirai\n|-damage|p2a: Magical Mirai|2/100\n|move|p2a: Magical Mirai|Electro Drift|p1a: Calyrex\n|-activate|p1a: Calyrex|move: Protect\n|move|p2b: pipi|Life Dew|p2b: pipi|[spread] p2a,p2b\n|-heal|p2a: Magical Mirai|27/100\n|-heal|p2b: pipi|27/100\n|\n|-heal|p1a: Calyrex|31/100|[from] item: Leftovers\n|upkeep\n|turn|8\n|\n|t:|1776767636\n|move|p2b: pipi|Follow Me|p2b: pipi\n|-singleturn|p2b: pipi|move: Follow Me\n|move|p2a: Magical Mirai|Electro Drift|p1a: Calyrex\n|-damage|p1a: Calyrex|0 fnt\n|faint|p1a: Calyrex\n|move|p1b: Grimmsnarl|Spirit Break|p2b: pipi\n|-damage|p2b: pipi|0 fnt\n|faint|p2b: pipi\n|\n|-fieldend|move: Electric Terrain\n|upkeep\n|turn|9\n|\n|t:|1776767641\n|move|p1b: Grimmsnarl|Sucker Punch|p2a: Magical Mirai\n|-damage|p2a: Magical Mirai|0 fnt\n|faint|p2a: Magical Mirai\n|\n|win|azerbatts\n|raw|azerbatts's rating: 1514 &rarr; <strong>1541</strong><br />(+27 for winning)\n|raw|TheManOfSausage's rating: 1645 &rarr; <strong>1618</strong><br />(-27 for losing)\n|c|\u2606TheManOfSausage|gg\n|c|\u2606azerbatts|GG\n|l|\u2606TheManOfSausage\n|player|p2|\n|l|\u2606azerbatts\n|player|p1|\n","uploadtime":1776767899,"views":16,"formatid":"gen9vgc2026regi","rating":1541,"private":0,"password":null}