{"id":"gen9vgc2026regi-2538093816","format":"[Gen 9] VGC 2026 Reg I","players":["alexit93","PekKkaD."],"log":"|j|\u2606alexit93\n|j|\u2606PekKkaD.\n|t:|1770891680\n|gametype|doubles\n|player|p1|alexit93|lucas-gen4pt|1377\n|player|p2|PekKkaD.|101|1323\n|gen|9\n|tier|[Gen 9] VGC 2026 Reg I\n|rated|\n|rule|Species Clause: Limit one of each Pok\u00e9mon\n|rule|Item Clause: Limit 1 of each item\n|clearpoke\n|poke|p1|Zamazenta-*, L50|\n|poke|p1|Riolu, L50, M|\n|poke|p1|Calyrex-Ice, L50|\n|poke|p1|Rillaboom, L50, F|\n|poke|p1|Incineroar, L50, F|\n|poke|p1|Urshifu-*, L50, F|\n|poke|p2|Calyrex-Ice, L50|\n|poke|p2|Kyogre, L50|\n|poke|p2|Indeedee-F, L50, F|\n|poke|p2|Hatterene, L50, F|\n|poke|p2|Incineroar, L50, M|\n|poke|p2|Urshifu-*, L50, M|\n|teampreview|4\n|inactive|Battle timer is ON: inactive players will automatically lose when time's up. (requested by PekKkaD.)\n|inactive|PekKkaD. has 60 seconds left.\n|\n|t:|1770891720\n|teamsize|p1|4\n|teamsize|p2|4\n|start\n|switch|p1a: Rillaboom|Rillaboom, L50, F|100/100\n|switch|p1b: Urshifu|Urshifu-Rapid-Strike, L50, F|100/100\n|switch|p2a: Indeedee|Indeedee-F, L50, F|100/100\n|switch|p2b: Kyogre|Kyogre, L50|100/100\n|-weather|RainDance|[from] ability: Drizzle|[of] p2b: Kyogre\n|-fieldstart|move: Grassy Terrain|[from] ability: Grassy Surge|[of] p1a: Rillaboom\n|-fieldstart|move: Psychic Terrain|[from] ability: Psychic Surge|[of] p2a: Indeedee\n|turn|1\n|inactive|alexit93 has 30 seconds left.\n|\n|t:|1770891746\n|-terastallize|p1b: Urshifu|Water\n|move|p1b: Urshifu|Surging Strikes|p2b: Kyogre\n|-resisted|p2b: Kyogre\n|-crit|p2b: Kyogre\n|-damage|p2b: Kyogre|80/100\n|-resisted|p2b: Kyogre\n|-crit|p2b: Kyogre\n|-damage|p2b: Kyogre|59/100\n|-resisted|p2b: Kyogre\n|-crit|p2b: Kyogre\n|-damage|p2b: Kyogre|38/100\n|-hitcount|p2b: Kyogre|3\n|move|p2b: Kyogre|Thunder|p1b: Urshifu\n|-supereffective|p1b: Urshifu\n|-damage|p1b: Urshifu|0 fnt\n|faint|p1b: Urshifu\n|move|p1a: Rillaboom|U-turn|p2a: Indeedee\n|-supereffective|p2a: Indeedee\n|-damage|p2a: Indeedee|24/100\n|\n|t:|1770891752\n|switch|p1a: Zamazenta|Zamazenta-Crowned, L50, shiny|100/100|[from] U-turn\n|-ability|p1a: Zamazenta|Dauntless Shield|boost\n|-boost|p1a: Zamazenta|def|1\n|move|p2a: Indeedee|Trick Room|p2a: Indeedee\n|-fieldstart|move: Trick Room|[of] p2a: Indeedee\n|\n|-weather|RainDance|[upkeep]\n|upkeep\n|\n|t:|1770891756\n|switch|p1b: Rillaboom|Rillaboom, L50, F|100/100\n|-fieldstart|move: Grassy Terrain|[from] ability: Grassy Surge|[of] p1b: Rillaboom\n|turn|2\n|inactive|PekKkaD. has 30 seconds left.\n|inactive|PekKkaD. has 20 seconds left.\n|inactive|PekKkaD. has 15 seconds left.\n|\n|t:|1770891801\n|move|p2b: Kyogre|Protect|p2b: Kyogre\n|-singleturn|p2b: Kyogre|Protect\n|move|p1b: Rillaboom|Fake Out|p2b: Kyogre\n|-activate|p2b: Kyogre|move: Protect\n|move|p2a: Indeedee|Follow Me|p2a: Indeedee\n|-singleturn|p2a: Indeedee|move: Follow Me\n|move|p1a: Zamazenta|Body Press|p2a: Indeedee\n|-damage|p2a: Indeedee|0 fnt\n|faint|p2a: Indeedee\n|\n|-weather|RainDance|[upkeep]\n|-heal|p2b: Kyogre|44/100|[from] Grassy Terrain\n|upkeep\n|\n|t:|1770891814\n|switch|p2a: Incineroar|Incineroar, L50, M|100/100\n|-ability|p2a: Incineroar|Intimidate|boost\n|-unboost|p1a: Zamazenta|atk|1\n|-unboost|p1b: Rillaboom|atk|1\n|turn|3\n|\n|t:|1770891835\n|-terastallize|p2b: Kyogre|Water\n|move|p1a: Zamazenta|Protect|p1a: Zamazenta\n|-singleturn|p1a: Zamazenta|Protect\n|move|p2a: Incineroar|Fake Out|p1b: Rillaboom\n|-damage|p1b: Rillaboom|86/100\n|cant|p1b: Rillaboom|flinch\n|move|p2b: Kyogre|Hydro Pump|p1a: Zamazenta\n|-activate|p1a: Zamazenta|move: Protect\n|\n|-weather|RainDance|[upkeep]\n|-heal|p1b: Rillaboom|91/100|[from] Grassy Terrain\n|-heal|p2b: Kyogre|49/100|[from] Grassy Terrain\n|upkeep\n|turn|4\n|inactive|PekKkaD. has 30 seconds left.\n|\n|t:|1770891864\n|move|p2b: Kyogre|Protect|p2b: Kyogre\n|-singleturn|p2b: Kyogre|Protect\n|move|p1b: Rillaboom|Grassy Glide|p2b: Kyogre\n|-activate|p2b: Kyogre|move: Protect\n|move|p2a: Incineroar|Knock Off|p1b: Rillaboom\n|-damage|p1b: Rillaboom|38/100\n|-enditem|p1b: Rillaboom|Assault Vest|[from] move: Knock Off|[of] p2a: Incineroar\n|move|p1a: Zamazenta|Body Press|p2a: Incineroar\n|-supereffective|p2a: Incineroar\n|-damage|p2a: Incineroar|0 fnt\n|-damage|p1a: Zamazenta|84/100|[from] item: Rocky Helmet|[of] p2a: Incineroar\n|faint|p2a: Incineroar\n|\n|-weather|RainDance|[upkeep]\n|-heal|p1b: Rillaboom|44/100|[from] Grassy Terrain\n|-heal|p2b: Kyogre|55/100|[from] Grassy Terrain\n|-heal|p1a: Zamazenta|90/100|[from] Grassy Terrain\n|upkeep\n|\n|t:|1770891877\n|switch|p2a: Calyrex|Calyrex-Ice, L50|100/100\n|-ability|p2a: Calyrex|As One\n|-ability|p2a: Calyrex|Unnerve\n|turn|5\n|\n|t:|1770891888\n|switch|p1b: Riolu|Riolu, L50, M|100/100\n|move|p2b: Kyogre|Protect||[still]\n|-fail|p2b: Kyogre\n|move|p1a: Zamazenta|Protect|p1a: Zamazenta\n|-singleturn|p1a: Zamazenta|Protect\n|move|p2a: Calyrex|Glacial Lance|p1b: Riolu|[spread] p1b\n|-activate|p1a: Zamazenta|move: Protect\n|-damage|p1b: Riolu|26/100\n|\n|-weather|none\n|-heal|p1b: Riolu|32/100|[from] Grassy Terrain\n|-heal|p2b: Kyogre|61/100|[from] Grassy Terrain\n|-heal|p1a: Zamazenta|96/100|[from] Grassy Terrain\n|-fieldend|move: Trick Room\n|upkeep\n|turn|6\n|inactive|PekKkaD. has 30 seconds left.\n|\n|t:|1770891913\n|move|p1b: Riolu|Feint|p2b: Kyogre\n|-damage|p2b: Kyogre|55/100\n|move|p1a: Zamazenta|Body Press|p2b: Kyogre\n|-damage|p2b: Kyogre|0 fnt\n|faint|p2b: Kyogre\n|move|p2a: Calyrex|Trick Room|p2a: Calyrex\n|-fieldstart|move: Trick Room|[of] p2a: Calyrex\n|\n|-heal|p1b: Riolu|39/100|[from] Grassy Terrain\n|-heal|p1a: Zamazenta|100/100|[from] Grassy Terrain\n|-fieldend|move: Grassy Terrain\n|upkeep\n|turn|7\n|-message|PekKkaD. forfeited.\n|\n|win|alexit93\n|raw|alexit93's rating: 1377 &rarr; <strong>1394</strong><br />(+17 for winning)\n|raw|PekKkaD.'s rating: 1323 &rarr; <strong>1306</strong><br />(-17 for losing)\n|l|\u2606PekKkaD.\n|player|p2|\n|l|\u2606alexit93\n|player|p1|\n","uploadtime":1770892094,"views":19,"formatid":"gen9vgc2026regi","rating":1306,"private":0,"password":null}