{"id":"gen9vgc2026regi-2542031300","format":"[Gen 9] VGC 2026 Reg I","players":["thecheekymeek","huanyu0.0"],"log":"|j|\u2606thecheekymeek\n|j|\u2606huanyu0.0\n|t:|1771402937\n|gametype|doubles\n|player|p1|thecheekymeek|169|1462\n|player|p2|huanyu0.0|1|1399\n|gen|9\n|tier|[Gen 9] VGC 2026 Reg I\n|rated|\n|rule|Species Clause: Limit one of each Pok\u00e9mon\n|rule|Item Clause: Limit 1 of each item\n|clearpoke\n|poke|p1|Terapagos, L50, M|\n|poke|p1|Calyrex-Shadow, L50|\n|poke|p1|Iron Hands, L50|\n|poke|p1|Smeargle, L50, M|\n|poke|p1|Chi-Yu, L50|\n|poke|p1|Tornadus, L50, M|\n|poke|p2|Miraidon, L50|\n|poke|p2|Calyrex-Ice, L50|\n|poke|p2|Landorus, L50, M|\n|poke|p2|Volcarona, L50, F|\n|poke|p2|Grimmsnarl, L50, M|\n|poke|p2|Farigiraf, L50, F|\n|teampreview|4\n|inactive|Battle timer is ON: inactive players will automatically lose when time's up. (requested by thecheekymeek)\n|inactive|thecheekymeek has 60 seconds left.\n|inactive|huanyu0.0 has 60 seconds left.\n|\n|t:|1771402977\n|teamsize|p1|4\n|teamsize|p2|4\n|start\n|switch|p1a: Smeargle|Smeargle, L50, M|100/100\n|switch|p1b: Terapagos|Terapagos, L50, M|100/100\n|switch|p2a: Miraidon|Miraidon, L50|100/100\n|switch|p2b: Grimmsnarl|Grimmsnarl, L50, M|100/100\n|-activate|p1b: Terapagos|ability: Tera Shift\n|detailschange|p1b: Terapagos|Terapagos-Terastal, L50, M\n|-heal|p1b: Terapagos|100/100|[silent]\n|-fieldstart|move: Electric Terrain|[from] ability: Hadron Engine|[of] p2a: Miraidon\n|turn|1\n|\n|t:|1771402999\n|move|p1a: Smeargle|Fake Out|p2a: Miraidon\n|-damage|p2a: Miraidon|96/100\n|move|p2b: Grimmsnarl|Taunt|p1a: Smeargle\n|-start|p1a: Smeargle|move: Taunt\n|cant|p2a: Miraidon|flinch\n|move|p1b: Terapagos|Meteor Beam||[still]\n|-prepare|p1b: Terapagos|Meteor Beam\n|-boost|p1b: Terapagos|spa|1\n|-enditem|p1b: Terapagos|Power Herb\n|-anim|p1b: Terapagos|Meteor Beam|p2a: Miraidon\n|-damage|p2a: Miraidon|68/100\n|\n|-ability|p1a: Smeargle|Moody|boost\n|-boost|p1a: Smeargle|def|2\n|-unboost|p1a: Smeargle|atk|1\n|upkeep\n|turn|2\n|\n|t:|1771403017\n|switch|p1a: Iron Hands|Iron Hands, L50|100/100\n|-activate|p1a: Iron Hands|ability: Quark Drive\n|-start|p1a: Iron Hands|quarkdriveatk\n|move|p1b: Terapagos|Protect|p1b: Terapagos\n|-singleturn|p1b: Terapagos|Protect\n|move|p2b: Grimmsnarl|Thunder Wave|p1b: Terapagos\n|-activate|p1b: Terapagos|move: Protect\n|move|p2a: Miraidon|Snarl|p1b: Terapagos|[spread] p1a\n|-activate|p1b: Terapagos|move: Protect\n|-resisted|p1a: Iron Hands\n|-damage|p1a: Iron Hands|95/100\n|-unboost|p1a: Iron Hands|spa|1\n|\n|upkeep\n|turn|3\n|\n|t:|1771403040\n|move|p1a: Iron Hands|Fake Out|p2a: Miraidon\n|-damage|p2a: Miraidon|53/100\n|move|p2b: Grimmsnarl|Thunder Wave|p1b: Terapagos\n|-status|p1b: Terapagos|par\n|cant|p2a: Miraidon|flinch\n|cant|p1b: Terapagos|par\n|\n|upkeep\n|turn|4\n|\n|t:|1771403058\n|move|p1b: Terapagos|Protect|p1b: Terapagos\n|-singleturn|p1b: Terapagos|Protect\n|move|p2a: Miraidon|Volt Switch|p1b: Terapagos\n|-activate|p1b: Terapagos|move: Protect\n|move|p2b: Grimmsnarl|Spirit Break|p1b: Terapagos\n|-activate|p1b: Terapagos|move: Protect\n|move|p1a: Iron Hands|Low Kick|p2a: Miraidon\n|-damage|p2a: Miraidon|0 fnt\n|faint|p2a: Miraidon\n|\n|upkeep\n|\n|t:|1771403073\n|switch|p2a: Landorus|Landorus, L50, M|100/100\n|turn|5\n|\n|t:|1771403087\n|-end|p1a: Iron Hands|Quark Drive|[silent]\n|switch|p1a: Smeargle|Smeargle, L50, M|100/100\n|move|p2a: Landorus|Sandsear Storm|p1a: Smeargle|[spread] p1a,p1b\n|-activate|p1b: Terapagos|ability: Tera Shell\n|-resisted|p1b: Terapagos\n|-enditem|p1a: Smeargle|Focus Sash\n|-damage|p1a: Smeargle|1/100\n|-damage|p1b: Terapagos|67/100 par\n|move|p2b: Grimmsnarl|Spirit Break|p1b: Terapagos\n|-damage|p1b: Terapagos|39/100 par\n|-unboost|p1b: Terapagos|spa|1\n|move|p1b: Terapagos|Tera Starstorm|p2a: Landorus\n|-damage|p2a: Landorus|41/100\n|\n|-fieldend|move: Electric Terrain\n|-ability|p1a: Smeargle|Moody|boost\n|-boost|p1a: Smeargle|atk|2\n|-unboost|p1a: Smeargle|spe|1\n|upkeep\n|turn|6\n|inactive|thecheekymeek has 30 seconds left.\n|inactive|huanyu0.0 has 30 seconds left.\n|\n|t:|1771403117\n|move|p1a: Smeargle|Fake Out|p2b: Grimmsnarl\n|-damage|p2b: Grimmsnarl|91/100\n|move|p2a: Landorus|Sandsear Storm|p1a: Smeargle|[spread] p1a,p1b\n|-damage|p1a: Smeargle|0 fnt\n|-damage|p1b: Terapagos|0 fnt\n|faint|p1a: Smeargle\n|faint|p1b: Terapagos\n|move|p2b: Grimmsnarl|Spirit Break|p1: Smeargle|[notarget]\n|-fail|p2b: Grimmsnarl\n|\n|upkeep\n|c|\u2606thecheekymeek|No protect?\n|c|\u2606thecheekymeek|Is scarf or something\n|\n|t:|1771403136\n|switch|p1a: Calyrex|Calyrex-Shadow, L50|100/100\n|switch|p1b: Iron Hands|Iron Hands, L50|95/100\n|-ability|p1a: Calyrex|As One\n|-ability|p1a: Calyrex|Unnerve\n|turn|7\n|\n|t:|1771403147\n|-terastallize|p1a: Calyrex|Dark\n|move|p2a: Landorus|Protect|p2a: Landorus\n|-singleturn|p2a: Landorus|Protect\n|move|p1b: Iron Hands|Fake Out|p2a: Landorus\n|-activate|p2a: Landorus|move: Protect\n|move|p2b: Grimmsnarl|Thunder Wave|p1a: Calyrex\n|-hint|Since gen 7, Dark is immune to Prankster moves.\n|-immune|p1a: Calyrex\n|move|p1a: Calyrex|Astral Barrage|p2a: Landorus|[spread] p2b\n|-activate|p2a: Landorus|move: Protect\n|-resisted|p2b: Grimmsnarl\n|-damage|p2b: Grimmsnarl|59/100\n|-damage|p1a: Calyrex|91/100|[from] item: Life Orb\n|\n|upkeep\n|turn|8\n|c|\u2606thecheekymeek|Guess not\n|\n|t:|1771403171\n|move|p1a: Calyrex|Astral Barrage|p2a: Landorus|[spread] p2a,p2b\n|-resisted|p2b: Grimmsnarl\n|-damage|p2a: Landorus|0 fnt\n|-damage|p2b: Grimmsnarl|28/100\n|faint|p2a: Landorus\n|-ability|p1a: Calyrex|Grim Neigh|boost\n|-boost|p1a: Calyrex|spa|1\n|-damage|p1a: Calyrex|81/100|[from] item: Life Orb\n|move|p2b: Grimmsnarl|Spirit Break|p1a: Calyrex\n|-supereffective|p1a: Calyrex\n|-damage|p1a: Calyrex|11/100\n|-unboost|p1a: Calyrex|spa|1\n|move|p1b: Iron Hands|Wild Charge|p2b: Grimmsnarl\n|-damage|p2b: Grimmsnarl|0 fnt\n|faint|p2b: Grimmsnarl\n|-damage|p1b: Iron Hands|89/100|[from] Recoil\n|\n|upkeep\n|\n|t:|1771403191\n|switch|p2b: Volcarona|Volcarona, L50, F|100/100\n|turn|9\n|\n|t:|1771403215\n|move|p1a: Calyrex|Protect|p1a: Calyrex\n|-singleturn|p1a: Calyrex|Protect\n|move|p2b: Volcarona|Struggle Bug|p1b: Iron Hands|[spread] p1b\n|-activate|p1a: Calyrex|move: Protect\n|-resisted|p1b: Iron Hands\n|-damage|p1b: Iron Hands|85/100\n|-unboost|p1b: Iron Hands|spa|1\n|move|p1b: Iron Hands|Wild Charge|p2b: Volcarona\n|-damage|p2b: Volcarona|53/100\n|-damage|p1b: Iron Hands|69/100|[from] item: Rocky Helmet|[of] p2b: Volcarona\n|-damage|p1b: Iron Hands|59/100|[from] Recoil\n|\n|upkeep\n|turn|10\n|\n|t:|1771403234\n|move|p1a: Calyrex|Astral Barrage|p2b: Volcarona\n|-damage|p2b: Volcarona|0 fnt\n|faint|p2b: Volcarona\n|-damage|p1a: Calyrex|2/100|[from] item: Life Orb\n|\n|win|thecheekymeek\n|raw|thecheekymeek's rating: 1462 &rarr; <strong>1478</strong><br />(+16 for winning)\n|raw|huanyu0.0's rating: 1399 &rarr; <strong>1383</strong><br />(-16 for losing)\n|l|\u2606thecheekymeek\n|player|p1|\n|l|\u2606huanyu0.0\n|player|p2|\n","uploadtime":1771403439,"views":13,"formatid":"gen9vgc2026regi","rating":1383,"private":0,"password":null}