{"id":"gen9vgc2026regi-2561522551","format":"[Gen 9] VGC 2026 Reg I","players":["dj8ninja","sheeshshane925"],"log":"|j|\u2606dj8ninja\n|j|\u2606sheeshshane925\n|t:|1773806482\n|gametype|doubles\n|player|p1|dj8ninja|cynthia-gen7|1213\n|player|p2|sheeshshane925|chuck|1392\n|gen|9\n|tier|[Gen 9] VGC 2026 Reg I\n|rated|\n|rule|Species Clause: Limit one of each Pok\u00e9mon\n|rule|Item Clause: Limit 1 of each item\n|clearpoke\n|poke|p1|Calyrex-Ice, L50|\n|poke|p1|Miraidon, L50|\n|poke|p1|Incineroar, L50, F|\n|poke|p1|Iron Hands, L50|\n|poke|p1|Amoonguss, L50, F|\n|poke|p1|Iron Bundle, L50|\n|poke|p2|Miraidon, L50|\n|poke|p2|Lunala, L50|\n|poke|p2|Ursaluna, L50, M|\n|poke|p2|Whimsicott, L50, M|\n|poke|p2|Incineroar, L50, F|\n|poke|p2|Urshifu-*, L50, F|\n|teampreview|4\n|inactive|Battle timer is ON: inactive players will automatically lose when time's up. (requested by dj8ninja)\n|\n|t:|1773806512\n|teamsize|p1|4\n|teamsize|p2|4\n|start\n|switch|p1a: Miraidon|Miraidon, L50|100/100\n|switch|p1b: Iron Bundle|Iron Bundle, L50|100/100\n|switch|p2a: Miraidon|Miraidon, L50|100/100\n|switch|p2b: Incineroar|Incineroar, L50, F|100/100\n|-fieldstart|move: Electric Terrain|[from] ability: Hadron Engine|[of] p1a: Miraidon\n|-activate|p1b: Iron Bundle|ability: Quark Drive\n|-start|p1b: Iron Bundle|quarkdrivespe\n|-activate|p2a: Miraidon|ability: Hadron Engine\n|-ability|p2b: Incineroar|Intimidate|boost\n|-unboost|p1a: Miraidon|atk|1\n|-unboost|p1b: Iron Bundle|atk|1\n|turn|1\n|inactive|sheeshshane925 has 30 seconds left.\n|\n|t:|1773806539\n|switch|p1a: Amoonguss|Amoonguss, L50, F|100/100\n|-terastallize|p2a: Miraidon|Electric\n|move|p1b: Iron Bundle|Protect|p1b: Iron Bundle\n|-singleturn|p1b: Iron Bundle|Protect\n|move|p2a: Miraidon|Electro Drift|p1b: Iron Bundle\n|-activate|p1b: Iron Bundle|move: Protect\n|move|p2b: Incineroar|Knock Off|p1b: Iron Bundle\n|-activate|p1b: Iron Bundle|move: Protect\n|\n|upkeep\n|turn|2\n|\n|t:|1773806557\n|move|p1a: Amoonguss|Rage Powder|p1a: Amoonguss\n|-singleturn|p1a: Amoonguss|move: Rage Powder\n|move|p1b: Iron Bundle|Icy Wind|p2a: Miraidon|[spread] p2a,p2b\n|-resisted|p2b: Incineroar\n|-damage|p2a: Miraidon|82/100\n|-damage|p2b: Incineroar|94/100\n|-unboost|p2a: Miraidon|spe|1\n|-unboost|p2b: Incineroar|spe|1\n|move|p2a: Miraidon|Electro Drift|p1a: Amoonguss\n|-resisted|p1a: Amoonguss\n|-damage|p1a: Amoonguss|24/100\n|-damage|p2a: Miraidon|66/100|[from] item: Rocky Helmet|[of] p1a: Amoonguss\n|-damage|p2a: Miraidon|56/100|[from] item: Life Orb\n|move|p2b: Incineroar|Knock Off|p1a: Amoonguss\n|-damage|p1a: Amoonguss|0 fnt\n|-damage|p2b: Incineroar|78/100|[from] item: Rocky Helmet|[of] p1a: Amoonguss\n|-enditem|p1a: Amoonguss|Rocky Helmet|[from] move: Knock Off|[of] p2b: Incineroar\n|faint|p1a: Amoonguss\n|\n|upkeep\n|\n|t:|1773806581\n|switch|p1a: Miraidon|Miraidon, L50|100/100\n|-activate|p1a: Miraidon|ability: Hadron Engine\n|turn|3\n|inactive|sheeshshane925 has 30 seconds left.\n|\n|t:|1773806609\n|switch|p2b: Lunala|Lunala, L50|100/100\n|-enditem|p2b: Lunala|Electric Seed\n|-boost|p2b: Lunala|def|1|[from] item: Electric Seed\n|move|p2a: Miraidon|Protect|p2a: Miraidon\n|-singleturn|p2a: Miraidon|Protect\n|move|p1b: Iron Bundle|Icy Wind|p2b: Lunala|[spread] p2b\n|-activate|p2a: Miraidon|move: Protect\n|-damage|p2b: Lunala|94/100\n|-unboost|p2b: Lunala|spe|1\n|move|p1a: Miraidon|Electro Drift|p2a: Miraidon\n|-activate|p2a: Miraidon|move: Protect\n|\n|upkeep\n|turn|4\n|inactive|dj8ninja has 30 seconds left.\n|inactive|dj8ninja has 20 seconds left.\n|\n|t:|1773806648\n|switch|p2a: Ursaluna|Ursaluna, L50, M|100/100\n|move|p1b: Iron Bundle|Encore||[still]\n|-fail|p1b: Iron Bundle\n|move|p1a: Miraidon|Volt Switch|p2b: Lunala\n|-damage|p2b: Lunala|36/100\n|-damage|p1a: Miraidon|91/100|[from] item: Life Orb\n|\n|t:|1773806656\n|switch|p1a: Calyrex|Calyrex-Ice, L50|100/100|[from] Volt Switch\n|-ability|p1a: Calyrex|As One\n|-ability|p1a: Calyrex|Unnerve\n|move|p2b: Lunala|Trick Room|p2b: Lunala\n|-fieldstart|move: Trick Room|[of] p2b: Lunala\n|\n|-status|p2a: Ursaluna|brn|[from] item: Flame Orb\n|upkeep\n|turn|5\n|\n|t:|1773806674\n|move|p2b: Lunala|Wide Guard|p2b: Lunala\n|-singleturn|p2b: Lunala|Wide Guard\n|move|p1a: Calyrex|Glacial Lance|p2b: Lunala|[spread] \n|-activate|p2a: Ursaluna|move: Wide Guard\n|-activate|p2b: Lunala|move: Wide Guard\n|move|p2a: Ursaluna|Facade|p1a: Calyrex\n|-damage|p1a: Calyrex|28/100\n|move|p1b: Iron Bundle|Encore|p2b: Lunala\n|-start|p2b: Lunala|Encore\n|\n|-damage|p2a: Ursaluna|94/100 brn|[from] brn\n|-fieldend|move: Electric Terrain\n|-end|p1b: Iron Bundle|Quark Drive\n|upkeep\n|turn|6\n|\n|t:|1773806691\n|move|p1a: Calyrex|Protect|p1a: Calyrex\n|-singleturn|p1a: Calyrex|Protect\n|move|p2b: Lunala|Wide Guard|p2b: Lunala\n|-singleturn|p2b: Lunala|Wide Guard\n|move|p2a: Ursaluna|Earthquake|p1a: Calyrex|[spread] p1b\n|-activate|p2b: Lunala|move: Wide Guard\n|-activate|p1a: Calyrex|move: Protect\n|-damage|p1b: Iron Bundle|18/100\n|move|p1b: Iron Bundle|Freeze-Dry|p2a: Ursaluna\n|-supereffective|p2a: Ursaluna\n|-damage|p2a: Ursaluna|27/100 brn\n|\n|-damage|p2a: Ursaluna|21/100 brn|[from] brn\n|upkeep\n|turn|7\n|\n|t:|1773806711\n|move|p1b: Iron Bundle|Protect|p1b: Iron Bundle\n|-singleturn|p1b: Iron Bundle|Protect\n|move|p2b: Lunala|Wide Guard|p2b: Lunala\n|-singleturn|p2b: Lunala|Wide Guard\n|move|p1a: Calyrex|High Horsepower|p2a: Ursaluna\n|-damage|p2a: Ursaluna|0 fnt\n|faint|p2a: Ursaluna\n|-ability|p1a: Calyrex|Chilling Neigh|boost\n|-boost|p1a: Calyrex|atk|1\n|\n|upkeep\n|\n|t:|1773806717\n|switch|p2a: Incineroar|Incineroar, L50, F|78/100\n|-ability|p2a: Incineroar|Intimidate|boost\n|-fail|p1a: Calyrex|unboost|[from] item: Clear Amulet|[of] p1a: Calyrex\n|-unboost|p1b: Iron Bundle|atk|1\n|turn|8\n|inactive|dj8ninja has 30 seconds left.\n|inactive|sheeshshane925 has 30 seconds left.\n|inactive|dj8ninja has 20 seconds left.\n|inactive|sheeshshane925 has 20 seconds left.\n|inactive|sheeshshane925 has 15 seconds left.\n|\n|t:|1773806760\n|switch|p2b: Miraidon|Miraidon, L50, tera:Electric|56/100\n|-fieldstart|move: Electric Terrain|[from] ability: Hadron Engine|[of] p2b: Miraidon\n|-activate|p1b: Iron Bundle|ability: Quark Drive\n|-start|p1b: Iron Bundle|quarkdrivespe\n|-terastallize|p1b: Iron Bundle|Ghost\n|move|p1a: Calyrex|High Horsepower|p2a: Incineroar\n|-supereffective|p2a: Incineroar\n|-damage|p2a: Incineroar|0 fnt\n|faint|p2a: Incineroar\n|-ability|p1a: Calyrex|Chilling Neigh|boost\n|-boost|p1a: Calyrex|atk|1\n|move|p1b: Iron Bundle|Freeze-Dry|p2b: Miraidon\n|-damage|p2b: Miraidon|25/100\n|\n|-fieldend|move: Trick Room\n|upkeep\n|\n|t:|1773806775\n|switch|p2a: Lunala|Lunala, L50|36/100\n|turn|9\n|inactive|dj8ninja has 30 seconds left.\n|\n|t:|1773806803\n|move|p1b: Iron Bundle|Freeze-Dry|p2b: Miraidon\n|-damage|p2b: Miraidon|0 fnt\n|faint|p2b: Miraidon\n|move|p2a: Lunala|Moongeist Beam|p1b: Iron Bundle\n|-supereffective|p1b: Iron Bundle\n|-damage|p1b: Iron Bundle|0 fnt\n|faint|p1b: Iron Bundle\n|-end|p1b: Iron Bundle|Quark Drive|[silent]\n|move|p1a: Calyrex|High Horsepower|p2a: Lunala\n|-damage|p2a: Lunala|0 fnt\n|faint|p2a: Lunala\n|\n|win|dj8ninja\n|raw|dj8ninja's rating: 1213 &rarr; <strong>1250</strong><br />(+37 for winning)\n|raw|sheeshshane925's rating: 1392 &rarr; <strong>1363</strong><br />(-29 for losing)\n|l|\u2606sheeshshane925\n|player|p2|\n|l|\u2606dj8ninja\n|player|p1|\n","uploadtime":1773806956,"views":11,"formatid":"gen9vgc2026regi","rating":1250,"private":0,"password":null}