{"id":"gen9vgc2026regi-2553418189","format":"[Gen 9] VGC 2026 Reg I","players":["g0dGun","MajinPapasmurf"],"log":"|j|\u2606g0dGun\n|j|\u2606MajinPapasmurf\n|t:|1772829123\n|gametype|doubles\n|player|p1|g0dGun|blue|1377\n|player|p2|MajinPapasmurf|101|1436\n|gen|9\n|tier|[Gen 9] VGC 2026 Reg I\n|rated|\n|rule|Species Clause: Limit one of each Pok\u00e9mon\n|rule|Item Clause: Limit 1 of each item\n|clearpoke\n|poke|p1|Hitmontop, L50, M|\n|poke|p1|Terapagos, L50, M|\n|poke|p1|Calyrex-Shadow, L50|\n|poke|p1|Ogerpon-Cornerstone, L50, F|\n|poke|p1|Urshifu-*, L50, F|\n|poke|p1|Whimsicott, L50, F|\n|poke|p2|Calyrex-Shadow, L50|\n|poke|p2|Grimmsnarl, L50, M|\n|poke|p2|Incineroar, L50, M|\n|poke|p2|Rillaboom, L50, M|\n|poke|p2|Ogerpon-Hearthflame, L50, F|\n|poke|p2|Ho-Oh, L50|\n|teampreview|4\n|inactive|Battle timer is ON: inactive players will automatically lose when time's up. (requested by g0dGun)\n|inactive|MajinPapasmurf has 60 seconds left.\n|c|\u2606MajinPapasmurf|cool team\n|inactive|MajinPapasmurf has 30 seconds left.\n|inactive|MajinPapasmurf has 20 seconds left.\n|\n|t:|1772829196\n|teamsize|p1|4\n|teamsize|p2|4\n|start\n|switch|p1a: Hitmontop|Hitmontop, L50, M|100/100\n|switch|p1b: Terapagos|Terapagos, L50, M|100/100\n|switch|p2a: Grimmsnarl|Grimmsnarl, L50, M|100/100\n|switch|p2b: Calyrex|Calyrex-Shadow, L50|100/100\n|-activate|p1b: Terapagos|ability: Tera Shift\n|detailschange|p1b: Terapagos|Terapagos-Terastal, L50, M\n|-heal|p1b: Terapagos|100/100|[silent]\n|-ability|p2b: Calyrex|As One\n|-ability|p2b: Calyrex|Unnerve\n|-ability|p1a: Hitmontop|Intimidate|boost\n|-unboost|p2a: Grimmsnarl|atk|1\n|-unboost|p2b: Calyrex|atk|1\n|turn|1\n|inactive|MajinPapasmurf has 30 seconds left.\n|\n|t:|1772829226\n|-terastallize|p1b: Terapagos|Stellar\n|detailschange|p1b: Terapagos|Terapagos-Stellar, L50, M, tera:Stellar\n|-heal|p1b: Terapagos|100/100|[silent]\n|move|p1a: Hitmontop|Vacuum Wave|p1b: Terapagos\n|-supereffective|p1b: Terapagos\n|-damage|p1b: Terapagos|94/100\n|-enditem|p1b: Terapagos|Weakness Policy\n|-boost|p1b: Terapagos|atk|2|[from] item: Weakness Policy\n|-boost|p1b: Terapagos|spa|2|[from] item: Weakness Policy\n|move|p2a: Grimmsnarl|Thunder Wave|p1b: Terapagos\n|-status|p1b: Terapagos|par\n|move|p2b: Calyrex|Nasty Plot|p2b: Calyrex\n|-boost|p2b: Calyrex|spa|2\n|cant|p1b: Terapagos|par\n|\n|upkeep\n|turn|2\n|\n|t:|1772829246\n|move|p2b: Calyrex|Protect|p2b: Calyrex\n|-singleturn|p2b: Calyrex|Protect\n|move|p2a: Grimmsnarl|Light Screen|p2a: Grimmsnarl\n|-sidestart|p2: MajinPapasmurf|move: Light Screen\n|move|p1a: Hitmontop|Brick Break|p2a: Grimmsnarl\n|-sideend|p2: MajinPapasmurf|move: Light Screen\n|-damage|p2a: Grimmsnarl|69/100\n|move|p1b: Terapagos|Tera Starstorm|p2b: Calyrex|[spread] p2a\n|-activate|p2b: Calyrex|move: Protect\n|-damage|p2a: Grimmsnarl|8/100\n|\n|upkeep\n|turn|3\n|c|\u2606MajinPapasmurf|very nice\n|\n|t:|1772829267\n|move|p1a: Hitmontop|Vacuum Wave|p2a: Grimmsnarl\n|-damage|p2a: Grimmsnarl|4/100\n|move|p2a: Grimmsnarl|Parting Shot|p1b: Terapagos\n|-unboost|p1b: Terapagos|atk|1\n|-unboost|p1b: Terapagos|spa|1\n|\n|t:|1772829273\n|switch|p2a: Ho-Oh|Ho-Oh, L50|100/100|[from] Parting Shot\n|move|p2b: Calyrex|Nasty Plot|p2b: Calyrex\n|-boost|p2b: Calyrex|spa|2\n|move|p1b: Terapagos|Tera Starstorm|p2a: Ho-Oh|[spread] p2a,p2b\n|-damage|p2a: Ho-Oh|70/100\n|-damage|p2b: Calyrex|36/100\n|-enditem|p2b: Calyrex|Sitrus Berry|[eat]\n|-heal|p2b: Calyrex|61/100|[from] item: Sitrus Berry\n|\n|upkeep\n|turn|4\n|\n|t:|1772829291\n|switch|p1a: Ogerpon|Ogerpon-Cornerstone, L50, F|100/100\n|move|p2b: Calyrex|Draining Kiss|p1b: Terapagos\n|-damage|p1b: Terapagos|53/100 par\n|-heal|p2b: Calyrex|100/100|[from] drain|[of] p1b: Terapagos\n|move|p2a: Ho-Oh|Life Dew||[still]|[spread] p2a,p2b\n|-heal|p2a: Ho-Oh|95/100\n|-fail|p2b: Calyrex|heal\n|move|p1b: Terapagos|Tera Starstorm|p2a: Ho-Oh|[spread] p2a,p2b\n|-damage|p2a: Ho-Oh|66/100\n|-damage|p2b: Calyrex|40/100\n|\n|upkeep\n|turn|5\n|\n|t:|1772829306\n|switch|p2a: Grimmsnarl|Grimmsnarl, L50, M|4/100\n|move|p2b: Calyrex|Protect|p2b: Calyrex\n|-singleturn|p2b: Calyrex|Protect\n|move|p1a: Ogerpon|Ivy Cudgel|p2a: Grimmsnarl|[anim] Ivy Cudgel Rock\n|-damage|p2a: Grimmsnarl|0 fnt\n|faint|p2a: Grimmsnarl\n|cant|p1b: Terapagos|par\n|\n|upkeep\n|\n|t:|1772829315\n|switch|p2a: Ogerpon|Ogerpon-Hearthflame, L50, F|100/100\n|-ability|p2a: Ogerpon|Mold Breaker\n|turn|6\n|\n|t:|1772829333\n|move|p2b: Calyrex|Draining Kiss|p1b: Terapagos\n|-damage|p1b: Terapagos|14/100 par\n|-heal|p2b: Calyrex|83/100|[from] drain|[of] p1b: Terapagos\n|move|p1a: Ogerpon|Ivy Cudgel|p2a: Ogerpon|[anim] Ivy Cudgel Rock\n|-supereffective|p2a: Ogerpon\n|-damage|p2a: Ogerpon|0 fnt\n|faint|p2a: Ogerpon\n|move|p1b: Terapagos|Tera Starstorm|p2b: Calyrex\n|-damage|p2b: Calyrex|0 fnt\n|faint|p2b: Calyrex\n|\n|upkeep\n|c|\u2606MajinPapasmurf|ouch\n|\n|t:|1772829345\n|switch|p2b: Ho-Oh|Ho-Oh, L50|99/100\n|turn|7\n|c|\u2606MajinPapasmurf|gg!!\n|c|\u2606MajinPapasmurf|cool team!\n|-message|MajinPapasmurf forfeited.\n|\n|win|g0dGun\n|raw|g0dGun's rating: 1377 &rarr; <strong>1400</strong><br />(+23 for winning)\n|raw|MajinPapasmurf's rating: 1436 &rarr; <strong>1413</strong><br />(-23 for losing)\n|l|\u2606MajinPapasmurf\n|player|p2|\n|l|\u2606g0dGun\n|player|p1|\n","uploadtime":1772829394,"views":14,"formatid":"gen9vgc2026regi","rating":1400,"private":0,"password":null}