{"id":"gen9vgc2026regi-2577903565","format":"[Gen 9] VGC 2026 Reg I","players":["calyrexistoxic","eltutonach"],"log":"|j|\u2606calyrexistoxic\n|j|\u2606eltutonach\n|t:|1775618500\n|gametype|doubles\n|player|p1|calyrexistoxic|n|1232\n|player|p2|eltutonach|102|1165\n|gen|9\n|tier|[Gen 9] VGC 2026 Reg I\n|rated|\n|rule|Species Clause: Limit one of each Pok\u00e9mon\n|rule|Item Clause: Limit 1 of each item\n|clearpoke\n|poke|p1|Calyrex-Shadow, L50|\n|poke|p1|Zamazenta-*, L50|\n|poke|p1|Incineroar, L50, M|\n|poke|p1|Rillaboom, L50, F|\n|poke|p1|Amoonguss, L50, M|\n|poke|p1|Urshifu-*, L50, M|\n|poke|p2|Cobalion, L50|\n|poke|p2|Whimsicott, L50, F|\n|poke|p2|Kyogre, L50|\n|poke|p2|Calyrex-Ice, L50|\n|poke|p2|Grimmsnarl, L50, M|\n|poke|p2|Indeedee-F, L50, F|\n|teampreview|4\n|inactive|Battle timer is ON: inactive players will automatically lose when time's up. (requested by eltutonach)\n|\n|t:|1775618511\n|teamsize|p1|4\n|teamsize|p2|4\n|start\n|switch|p1a: Incineroar|Incineroar, L50, M|100/100\n|switch|p1b: Rillaboom|Rillaboom, L50, F|100/100\n|switch|p2a: Cobalion|Cobalion, L50|100/100\n|switch|p2b: Whimsicott|Whimsicott, L50, F|100/100\n|-fieldstart|move: Grassy Terrain|[from] ability: Grassy Surge|[of] p1b: Rillaboom\n|-ability|p1a: Incineroar|Intimidate|boost\n|-unboost|p2a: Cobalion|atk|1\n|-unboost|p2b: Whimsicott|atk|1\n|turn|1\n|\n|t:|1775618529\n|switch|p1b: Calyrex|Calyrex-Shadow, L50|100/100\n|-ability|p1b: Calyrex|As One\n|-ability|p1b: Calyrex|Unnerve\n|move|p2a: Cobalion|Protect|p2a: Cobalion\n|-singleturn|p2a: Cobalion|Protect\n|move|p2b: Whimsicott|Tailwind|p2b: Whimsicott\n|-sidestart|p2: eltutonach|move: Tailwind\n|move|p1a: Incineroar|Will-O-Wisp|p2a: Cobalion\n|-activate|p2a: Cobalion|move: Protect\n|\n|upkeep\n|turn|2\n|inactive|eltutonach has 30 seconds left.\n|\n|t:|1775618561\n|move|p2b: Whimsicott|Beat Up|p2a: Cobalion\n|-resisted|p2a: Cobalion\n|-damage|p2a: Cobalion|99/100\n|-ability|p2a: Cobalion|Justified|boost\n|-boost|p2a: Cobalion|atk|1\n|-resisted|p2a: Cobalion\n|-damage|p2a: Cobalion|99/100\n|-ability|p2a: Cobalion|Justified|boost\n|-boost|p2a: Cobalion|atk|1\n|-resisted|p2a: Cobalion\n|-damage|p2a: Cobalion|98/100\n|-ability|p2a: Cobalion|Justified|boost\n|-boost|p2a: Cobalion|atk|1\n|-resisted|p2a: Cobalion\n|-damage|p2a: Cobalion|98/100\n|-ability|p2a: Cobalion|Justified|boost\n|-boost|p2a: Cobalion|atk|1\n|-hitcount|p2a: Cobalion|4\n|move|p2a: Cobalion|Stone Edge|p1a: Incineroar\n|-supereffective|p1a: Incineroar\n|-damage|p1a: Incineroar|0 fnt\n|faint|p1a: Incineroar\n|-damage|p2a: Cobalion|88/100|[from] item: Life Orb\n|move|p1b: Calyrex|Nasty Plot|p1b: Calyrex\n|-boost|p1b: Calyrex|spa|2\n|\n|-heal|p2a: Cobalion|94/100|[from] Grassy Terrain\n|upkeep\n|\n|t:|1775618567\n|switch|p1a: Amoonguss|Amoonguss, L50, M|100/100\n|turn|3\n|\n|t:|1775618590\n|move|p2b: Whimsicott|Helping Hand|p2a: Cobalion\n|-singleturn|p2a: Cobalion|Helping Hand|[of] p2b: Whimsicott\n|move|p1a: Amoonguss|Rage Powder|p1a: Amoonguss\n|-singleturn|p1a: Amoonguss|move: Rage Powder\n|move|p2a: Cobalion|Stone Edge|p1a: Amoonguss\n|-damage|p1a: Amoonguss|0 fnt\n|faint|p1a: Amoonguss\n|-damage|p2a: Cobalion|85/100|[from] item: Life Orb\n|move|p1b: Calyrex|Nasty Plot|p1b: Calyrex\n|-boost|p1b: Calyrex|spa|2\n|\n|-heal|p2a: Cobalion|91/100|[from] Grassy Terrain\n|upkeep\n|\n|t:|1775618606\n|switch|p1a: Rillaboom|Rillaboom, L50, F|100/100\n|turn|4\n|\n|t:|1775618621\n|move|p2a: Cobalion|Protect|p2a: Cobalion\n|-singleturn|p2a: Cobalion|Protect\n|move|p1a: Rillaboom|Fake Out|p2a: Cobalion\n|-activate|p2a: Cobalion|move: Protect\n|move|p2b: Whimsicott|Beat Up|p1b: Calyrex\n|-supereffective|p1b: Calyrex\n|-damage|p1b: Calyrex|91/100\n|-supereffective|p1b: Calyrex\n|-damage|p1b: Calyrex|85/100\n|-supereffective|p1b: Calyrex\n|-damage|p1b: Calyrex|73/100\n|-supereffective|p1b: Calyrex\n|-damage|p1b: Calyrex|66/100\n|-hitcount|p1b: Calyrex|4\n|move|p1b: Calyrex|Astral Barrage|p2a: Cobalion|[spread] p2b\n|-activate|p2a: Cobalion|move: Protect\n|-crit|p2b: Whimsicott\n|-damage|p2b: Whimsicott|0 fnt\n|faint|p2b: Whimsicott\n|-ability|p1b: Calyrex|Grim Neigh|boost\n|-boost|p1b: Calyrex|spa|1\n|\n|-heal|p2a: Cobalion|97/100|[from] Grassy Terrain\n|-heal|p1b: Calyrex|73/100|[from] Grassy Terrain\n|-sideend|p2: eltutonach|move: Tailwind\n|upkeep\n|inactive|eltutonach has 30 seconds left.\n|\n|t:|1775618648\n|switch|p2b: Indeedee|Indeedee-F, L50, F|100/100\n|turn|5\n|inactive|calyrexistoxic has 30 seconds left.\n|\n|t:|1775618674\n|move|p1a: Rillaboom|Grassy Glide|p2a: Cobalion\n|-resisted|p2a: Cobalion\n|-damage|p2a: Cobalion|82/100\n|move|p1b: Calyrex|Astral Barrage|p2b: Indeedee|[spread] p2a\n|-immune|p2b: Indeedee\n|-damage|p2a: Cobalion|0 fnt\n|faint|p2a: Cobalion\n|-ability|p1b: Calyrex|Grim Neigh|boost\n|-boost|p1b: Calyrex|spa|1\n|move|p2b: Indeedee|Light Screen|p2b: Indeedee\n|-sidestart|p2: eltutonach|move: Light Screen\n|\n|-heal|p1b: Calyrex|79/100|[from] Grassy Terrain\n|-fieldend|move: Grassy Terrain\n|upkeep\n|\n|t:|1775618688\n|switch|p2a: Calyrex|Calyrex-Ice, L50|100/100\n|-ability|p2a: Calyrex|As One\n|-ability|p2a: Calyrex|Unnerve\n|turn|6\n|\n|t:|1775618708\n|move|p2b: Indeedee|Follow Me|p2b: Indeedee\n|-singleturn|p2b: Indeedee|move: Follow Me\n|move|p1b: Calyrex|Astral Barrage|p2b: Indeedee|[spread] p2a\n|-immune|p2b: Indeedee\n|-supereffective|p2a: Calyrex\n|-damage|p2a: Calyrex|0 fnt\n|faint|p2a: Calyrex\n|move|p1a: Rillaboom|Wood Hammer|p2b: Indeedee\n|-damage|p2b: Indeedee|12/100\n|-damage|p1a: Rillaboom|75/100|[from] Recoil\n|\n|upkeep\n|turn|7\n|-message|eltutonach forfeited.\n|\n|win|calyrexistoxic\n|raw|calyrexistoxic's rating: 1232 &rarr; <strong>1252</strong><br />(+20 for winning)\n|raw|eltutonach's rating: 1165 &rarr; <strong>1145</strong><br />(-20 for losing)\n|l|\u2606eltutonach\n|player|p2|\n|l|\u2606calyrexistoxic\n|player|p1|\n|j|\u2606calyrexistoxic\n|player|p1|calyrexistoxic|n|\n|l|\u2606calyrexistoxic\n|player|p1|\n","uploadtime":1775618731,"views":31,"formatid":"gen9vgc2026regi","rating":1145,"private":0,"password":null}