{"id":"gen9vgc2026regi-2565416809","format":"[Gen 9] VGC 2026 Reg I","players":["kojimuranishi","htotoT"],"log":"|j|\u2606kojimuranishi\n|j|\u2606htotoT\n|t:|1774273452\n|gametype|doubles\n|player|p1|kojimuranishi|2|1610\n|player|p2|htotoT|102|1543\n|gen|9\n|tier|[Gen 9] VGC 2026 Reg I\n|rated|\n|rule|Species Clause: Limit one of each Pok\u00e9mon\n|rule|Item Clause: Limit 1 of each item\n|clearpoke\n|poke|p1|Whimsicott, L50, F|\n|poke|p1|Calyrex-Ice, L50|\n|poke|p1|Miraidon, L50|\n|poke|p1|Chi-Yu, L50|\n|poke|p1|Landorus, L50, M|\n|poke|p1|Farigiraf, L50, M|\n|poke|p2|Grimmsnarl, L50, M|\n|poke|p2|Terapagos, L50, M|\n|poke|p2|Raichu, L50, M|\n|poke|p2|Ogerpon-Wellspring, L50, F|\n|poke|p2|Amoonguss, L50, F|\n|poke|p2|Kyogre, L50|\n|teampreview|4\n|inactive|Battle timer is ON: inactive players will automatically lose when time's up. (requested by kojimuranishi)\n|\n|t:|1774273481\n|teamsize|p1|4\n|teamsize|p2|4\n|start\n|switch|p1a: Whimsicott|Whimsicott, L50, F|100/100\n|switch|p1b: Calyrex|Calyrex-Ice, L50|100/100\n|switch|p2a: Grimmsnarl|Grimmsnarl, L50, M|100/100\n|switch|p2b: Terapagos|Terapagos, L50, M|100/100\n|-activate|p2b: Terapagos|ability: Tera Shift\n|detailschange|p2b: Terapagos|Terapagos-Terastal, L50, M\n|-heal|p2b: Terapagos|100/100|[silent]\n|-ability|p1b: Calyrex|As One\n|-ability|p1b: Calyrex|Unnerve\n|turn|1\n|\n|t:|1774273498\n|-terastallize|p2b: Terapagos|Stellar\n|detailschange|p2b: Terapagos|Terapagos-Stellar, L50, M, tera:Stellar\n|-heal|p2b: Terapagos|100/100|[silent]\n|move|p1a: Whimsicott|Moonblast|p2b: Terapagos\n|-damage|p2b: Terapagos|79/100\n|move|p1b: Calyrex|Glacial Lance|p2b: Terapagos|[spread] p2a,p2b\n|-damage|p2a: Grimmsnarl|18/100\n|-damage|p2b: Terapagos|33/100\n|move|p2b: Terapagos|Tera Starstorm|p1b: Calyrex|[spread] p1a,p1b\n|-crit|p1a: Whimsicott\n|-damage|p1a: Whimsicott|9/100\n|-damage|p1b: Calyrex|66/100\n|move|p2a: Grimmsnarl|Foul Play|p1b: Calyrex\n|-supereffective|p1b: Calyrex\n|-damage|p1b: Calyrex|0 fnt\n|faint|p1b: Calyrex\n|\n|-heal|p2b: Terapagos|40/100|[from] item: Leftovers\n|upkeep\n|\n|t:|1774273519\n|switch|p1b: Landorus|Landorus, L50, M|100/100\n|turn|2\n|\n|t:|1774273534\n|move|p2a: Grimmsnarl|Light Screen|p2a: Grimmsnarl\n|-sidestart|p2: htotoT|move: Light Screen\n|move|p1a: Whimsicott|Moonblast|p2b: Terapagos\n|-damage|p2b: Terapagos|25/100\n|move|p1b: Landorus|Earth Power|p2b: Terapagos\n|-damage|p2b: Terapagos|0 fnt\n|faint|p2b: Terapagos\n|detailschange|p2: Terapagos|Terapagos, L50, M|[silent]\n|\n|upkeep\n|\n|t:|1774273552\n|switch|p2b: Kyogre|Kyogre, L50|100/100\n|-weather|RainDance|[from] ability: Drizzle|[of] p2b: Kyogre\n|turn|3\n|\n|t:|1774273573\n|-terastallize|p1b: Landorus|Water\n|move|p1a: Whimsicott|Tailwind|p1a: Whimsicott\n|-sidestart|p1: kojimuranishi|move: Tailwind\n|move|p2a: Grimmsnarl|Parting Shot|p1b: Landorus\n|-unboost|p1b: Landorus|atk|1\n|-unboost|p1b: Landorus|spa|1\n|\n|t:|1774273579\n|switch|p2a: Raichu|Raichu, L50, M|100/100|[from] Parting Shot\n|move|p1b: Landorus|Sandsear Storm|p2a: Raichu|[spread] p2a,p2b\n|-supereffective|p2a: Raichu\n|-damage|p2a: Raichu|45/100\n|-damage|p2b: Kyogre|78/100\n|move|p2b: Kyogre|Ice Beam|p1a: Whimsicott\n|-supereffective|p1a: Whimsicott\n|-damage|p1a: Whimsicott|0 fnt\n|faint|p1a: Whimsicott\n|\n|-weather|RainDance|[upkeep]\n|upkeep\n|\n|t:|1774273592\n|switch|p1a: Miraidon|Miraidon, L50|100/100\n|-fieldstart|move: Electric Terrain|[from] ability: Hadron Engine|[of] p1a: Miraidon\n|turn|4\n|\n|t:|1774273604\n|switch|p2b: Grimmsnarl|Grimmsnarl, L50, M|18/100\n|move|p1a: Miraidon|Draco Meteor|p2b: Grimmsnarl\n|-immune|p2b: Grimmsnarl\n|move|p1b: Landorus|Sandsear Storm|p2a: Raichu|[spread] p2a,p2b\n|-supereffective|p2a: Raichu\n|-damage|p2a: Raichu|0 fnt\n|-damage|p2b: Grimmsnarl|0 fnt\n|faint|p2a: Raichu\n|faint|p2b: Grimmsnarl\n|\n|-weather|RainDance|[upkeep]\n|upkeep\n|\n|t:|1774273613\n|switch|p2b: Kyogre|Kyogre, L50|78/100\n|turn|5\n|\n|t:|1774273621\n|move|p1b: Landorus|Protect|p1b: Landorus\n|-singleturn|p1b: Landorus|Protect\n|move|p1a: Miraidon|Draco Meteor|p2b: Kyogre\n|-damage|p2b: Kyogre|31/100\n|-unboost|p1a: Miraidon|spa|2\n|move|p2b: Kyogre|Origin Pulse|p1b: Landorus|[spread] p1a\n|-activate|p1b: Landorus|move: Protect\n|-resisted|p1a: Miraidon\n|-damage|p1a: Miraidon|68/100\n|\n|-weather|RainDance|[upkeep]\n|upkeep\n|turn|6\n|\n|t:|1774273639\n|move|p1a: Miraidon|Draco Meteor|p2b: Kyogre\n|-crit|p2b: Kyogre\n|-damage|p2b: Kyogre|0 fnt\n|-unboost|p1a: Miraidon|spa|2\n|faint|p2b: Kyogre\n|\n|win|kojimuranishi\n|raw|kojimuranishi's rating: 1610 &rarr; <strong>1626</strong><br />(+16 for winning)\n|raw|htotoT's rating: 1543 &rarr; <strong>1527</strong><br />(-16 for losing)\n|l|\u2606htotoT\n|player|p2|\n|l|\u2606kojimuranishi\n|player|p1|\n","uploadtime":1774273787,"views":16,"formatid":"gen9vgc2026regi","rating":1527,"private":0,"password":null}