{"id":"gen9vgc2026regi-2553391445","format":"[Gen 9] VGC 2026 Reg I","players":["crabominable 740","I\u2764\ufe0f\u5a1c\u7984forever"],"log":"|j|\u2606crabominable 740\n|j|\u2606I\u2764\ufe0f\u5a1c\u7984forever\n|t:|1772826556\n|gametype|doubles\n|player|p1|crabominable 740|hiker-gen4|1350\n|player|p2|I\u2764\ufe0f\u5a1c\u7984forever|youngcouple-gen4dp|1364\n|gen|9\n|tier|[Gen 9] VGC 2026 Reg I\n|rated|\n|rule|Species Clause: Limit one of each Pok\u00e9mon\n|rule|Item Clause: Limit 1 of each item\n|clearpoke\n|poke|p1|Tornadus, L50, M|\n|poke|p1|Koraidon, L50|\n|poke|p1|Calyrex-Shadow, L50|\n|poke|p1|Ogerpon-Cornerstone, L50, F|\n|poke|p1|Indeedee-F, L50, F|\n|poke|p1|Maushold, L50|\n|poke|p2|Groudon, L50|\n|poke|p2|Kyurem-White, L50|\n|poke|p2|Heatran, L50, M|\n|poke|p2|Whimsicott, L50, M|\n|poke|p2|Roaring Moon, L50|\n|poke|p2|Ditto, L50|\n|teampreview|4\n|inactive|Battle timer is ON: inactive players will automatically lose when time's up. (requested by crabominable 740)\n|\n|t:|1772826593\n|teamsize|p1|4\n|teamsize|p2|4\n|start\n|switch|p1a: \ud1a0\ub124\uc774\ub3c4\uc2a4|Tornadus, L50, M|100/100\n|switch|p1b: \ub9c8\uc6b0\uc2a4\ud640\ub4dc|Maushold, L50|100/100\n|switch|p2a: Whimsicott|Whimsicott, L50, M|100/100\n|switch|p2b: Kyurem|Kyurem-White, L50|100/100\n|-ability|p2b: Kyurem|Turboblaze\n|turn|1\n|\n|t:|1772826603\n|move|p1a: \ud1a0\ub124\uc774\ub3c4\uc2a4|Tailwind|p1a: \ud1a0\ub124\uc774\ub3c4\uc2a4\n|-sidestart|p1: crabominable 740|move: Tailwind\n|move|p2a: Whimsicott|Tailwind|p2a: Whimsicott\n|-sidestart|p2: I\u2764\ufe0f\u5a1c\u7984forever|move: Tailwind\n|move|p1b: \ub9c8\uc6b0\uc2a4\ud640\ub4dc|Population Bomb|p2a: Whimsicott\n|-damage|p2a: Whimsicott|80/100\n|-damage|p2a: Whimsicott|63/100\n|-damage|p2a: Whimsicott|43/100\n|-hitcount|p2a: Whimsicott|3\n|move|p2b: Kyurem|Blizzard|p1b: \ub9c8\uc6b0\uc2a4\ud640\ub4dc|[spread] \n|-miss|p2b: Kyurem|p1a: \ud1a0\ub124\uc774\ub3c4\uc2a4\n|-enditem|p2b: Kyurem|Blunder Policy\n|-boost|p2b: Kyurem|spe|2\n|-miss|p2b: Kyurem|p1b: \ub9c8\uc6b0\uc2a4\ud640\ub4dc\n|\n|upkeep\n|turn|2\n|inactive|crabominable 740 has 30 seconds left.\n|\n|t:|1772826632\n|move|p1a: \ud1a0\ub124\uc774\ub3c4\uc2a4|Protect|p1a: \ud1a0\ub124\uc774\ub3c4\uc2a4\n|-singleturn|p1a: \ud1a0\ub124\uc774\ub3c4\uc2a4|Protect\n|move|p2b: Kyurem|Blizzard|p1a: \ud1a0\ub124\uc774\ub3c4\uc2a4|[spread] \n|-activate|p1a: \ud1a0\ub124\uc774\ub3c4\uc2a4|move: Protect\n|-miss|p2b: Kyurem|p1b: \ub9c8\uc6b0\uc2a4\ud640\ub4dc\n|move|p1b: \ub9c8\uc6b0\uc2a4\ud640\ub4dc|Population Bomb|p2a: Whimsicott\n|-damage|p2a: Whimsicott|23/100\n|-damage|p2a: Whimsicott|5/100\n|-damage|p2a: Whimsicott|0 fnt\n|faint|p2a: Whimsicott\n|-hitcount|p2: Whimsicott|3\n|\n|upkeep\n|\n|t:|1772826645\n|switch|p2a: Groudon|Groudon, L50|100/100\n|-weather|SunnyDay|[from] ability: Drought|[of] p2a: Groudon\n|turn|3\n|\n|t:|1772826664\n|move|p2b: Kyurem|Blizzard|p1a: \ud1a0\ub124\uc774\ub3c4\uc2a4|[spread] p1a,p1b\n|-supereffective|p1a: \ud1a0\ub124\uc774\ub3c4\uc2a4\n|-enditem|p1a: \ud1a0\ub124\uc774\ub3c4\uc2a4|Focus Sash\n|-damage|p1a: \ud1a0\ub124\uc774\ub3c4\uc2a4|1/100\n|-damage|p1b: \ub9c8\uc6b0\uc2a4\ud640\ub4dc|14/100\n|move|p1a: \ud1a0\ub124\uc774\ub3c4\uc2a4|Bleakwind Storm|p2b: Kyurem|[spread] p2a,p2b\n|-damage|p2a: Groudon|79/100\n|-damage|p2b: Kyurem|73/100\n|move|p1b: \ub9c8\uc6b0\uc2a4\ud640\ub4dc|Population Bomb|p2b: Kyurem\n|-damage|p2b: Kyurem|63/100\n|-damage|p2b: Kyurem|52/100\n|-damage|p2b: Kyurem|42/100\n|-damage|p2b: Kyurem|33/100\n|-damage|p2b: Kyurem|22/100\n|-damage|p2b: Kyurem|13/100\n|-damage|p2b: Kyurem|4/100\n|-damage|p2b: Kyurem|0 fnt\n|faint|p2b: Kyurem\n|-hitcount|p2: Kyurem|8\n|move|p2a: Groudon|Heat Crash|p1b: \ub9c8\uc6b0\uc2a4\ud640\ub4dc\n|-damage|p1b: \ub9c8\uc6b0\uc2a4\ud640\ub4dc|0 fnt\n|faint|p1b: \ub9c8\uc6b0\uc2a4\ud640\ub4dc\n|\n|-weather|SunnyDay|[upkeep]\n|upkeep\n|\n|t:|1772826683\n|switch|p1b: \ud751\ub9c8\ub809\uc218|Calyrex-Shadow, L50|100/100\n|switch|p2b: Ditto|Ditto, L50|100/100\n|-ability|p1b: \ud751\ub9c8\ub809\uc218|As One\n|-ability|p1b: \ud751\ub9c8\ub809\uc218|Unnerve\n|-transform|p2b: Ditto|p1a: \ud1a0\ub124\uc774\ub3c4\uc2a4|[from] ability: Imposter\n|turn|4\n|inactive|crabominable 740 has 30 seconds left.\n|\n|t:|1772826709\n|move|p2b: Ditto|Protect|p2b: Ditto\n|-singleturn|p2b: Ditto|Protect\n|move|p1b: \ud751\ub9c8\ub809\uc218|Astral Barrage|p2b: Ditto|[spread] p2a\n|-activate|p2b: Ditto|move: Protect\n|-damage|p2a: Groudon|39/100\n|-damage|p1b: \ud751\ub9c8\ub809\uc218|91/100|[from] item: Life Orb\n|move|p1a: \ud1a0\ub124\uc774\ub3c4\uc2a4|Bleakwind Storm|p2a: Groudon|[spread] p2a\n|-activate|p2b: Ditto|move: Protect\n|-damage|p2a: Groudon|17/100\n|-unboost|p2a: Groudon|spe|1\n|move|p2a: Groudon|Crunch|p1b: \ud751\ub9c8\ub809\uc218\n|-supereffective|p1b: \ud751\ub9c8\ub809\uc218\n|-damage|p1b: \ud751\ub9c8\ub809\uc218|0 fnt\n|faint|p1b: \ud751\ub9c8\ub809\uc218\n|\n|-weather|SunnyDay|[upkeep]\n|-sideend|p1: crabominable 740|move: Tailwind\n|-sideend|p2: I\u2764\ufe0f\u5a1c\u7984forever|move: Tailwind\n|upkeep\n|\n|t:|1772826715\n|switch|p1b: \ucf5c\uc544\uc774 \ub3c8|Koraidon, L50|100/100\n|-activate|p1b: \ucf5c\uc544\uc774 \ub3c8|ability: Orichalcum Pulse\n|turn|5\n|\n|t:|1772826734\n|-terastallize|p1b: \ucf5c\uc544\uc774 \ub3c8|Fire\n|move|p1a: \ud1a0\ub124\uc774\ub3c4\uc2a4|Tailwind|p1a: \ud1a0\ub124\uc774\ub3c4\uc2a4\n|-sidestart|p1: crabominable 740|move: Tailwind\n|move|p1b: \ucf5c\uc544\uc774 \ub3c8|Collision Course|p2a: Groudon\n|-damage|p2a: Groudon|0 fnt\n|faint|p2a: Groudon\n|move|p2b: Ditto|Bleakwind Storm|p1a: \ud1a0\ub124\uc774\ub3c4\uc2a4|[spread] p1b\n|-miss|p2b: Ditto|p1a: \ud1a0\ub124\uc774\ub3c4\uc2a4\n|-damage|p1b: \ucf5c\uc544\uc774 \ub3c8|60/100\n|\n|-weather|SunnyDay|[upkeep]\n|upkeep\n|turn|6\n|\n|t:|1772826748\n|move|p2b: Ditto|Protect|p2b: Ditto\n|-singleturn|p2b: Ditto|Protect\n|move|p1b: \ucf5c\uc544\uc774 \ub3c8|Flare Blitz|p2b: Ditto\n|-activate|p2b: Ditto|move: Protect\n|move|p1a: \ud1a0\ub124\uc774\ub3c4\uc2a4|Bleakwind Storm|p2b: Ditto\n|-activate|p2b: Ditto|move: Protect\n|\n|-weather|SunnyDay|[upkeep]\n|upkeep\n|turn|7\n|\n|t:|1772826756\n|move|p1b: \ucf5c\uc544\uc774 \ub3c8|Flare Blitz|p2b: Ditto\n|-damage|p2b: Ditto|0 fnt\n|faint|p2b: Ditto\n|-damage|p1b: \ucf5c\uc544\uc774 \ub3c8|31/100|[from] Recoil\n|\n|win|crabominable 740\n|raw|crabominable 740's rating: 1332 &rarr; <strong>1354</strong><br />(+22 for winning)\n|raw|I\u2764\ufe0f\u5a1c\u7984forever's rating: 1364 &rarr; <strong>1342</strong><br />(-22 for losing)\n|l|\u2606I\u2764\ufe0f\u5a1c\u7984forever\n|player|p2|\n|l|\u2606crabominable 740\n|player|p1|\n","uploadtime":1772827003,"views":12,"formatid":"gen9vgc2026regi","rating":1342,"private":0,"password":null}