{"id":"gen9vgc2026regi-2569317769","format":"[Gen 9] VGC 2026 Reg I","players":["BanKingambit69247","blackred123"],"log":"|j|\u2606BanKingambit69247\n|j|\u2606blackred123\n|t:|1774673383\n|gametype|doubles\n|player|p1|BanKingambit69247|266|1578\n|player|p2|blackred123|iono-masters|1433\n|gen|9\n|tier|[Gen 9] VGC 2026 Reg I\n|rated|\n|rule|Species Clause: Limit one of each Pok\u00e9mon\n|rule|Item Clause: Limit 1 of each item\n|clearpoke\n|poke|p1|Calyrex-Ice, L50|\n|poke|p1|Miraidon, L50|\n|poke|p1|Incineroar, L50, F|\n|poke|p1|Rillaboom, L50, F|\n|poke|p1|Urshifu-*, L50, M|\n|poke|p1|Flutter Mane, L50|\n|poke|p2|Kyogre, L50|\n|poke|p2|Zamazenta-*, L50|\n|poke|p2|Chien-Pao, L50|\n|poke|p2|Amoonguss, L50, F|\n|poke|p2|Dragonite, L50, F|\n|poke|p2|Rillaboom, L50, F|\n|teampreview|4\n|inactive|Battle timer is ON: inactive players will automatically lose when time's up. (requested by BanKingambit69247)\n|inactive|blackred123 also wants the timer to be on.\n|\n|t:|1774673410\n|teamsize|p1|4\n|teamsize|p2|4\n|start\n|switch|p1a: Rillaboom|Rillaboom, L50, F|100/100\n|switch|p1b: Calyrex|Calyrex-Ice, L50|100/100\n|switch|p2a: Kyogre|Kyogre, L50|100/100\n|switch|p2b: Rillaboom|Rillaboom, L50, F|100/100\n|-ability|p1b: Calyrex|As One\n|-ability|p1b: Calyrex|Unnerve\n|-weather|RainDance|[from] ability: Drizzle|[of] p2a: Kyogre\n|-fieldstart|move: Grassy Terrain|[from] ability: Grassy Surge|[of] p2b: Rillaboom\n|turn|1\n|\n|t:|1774673424\n|move|p2b: Rillaboom|Fake Out|p1a: Rillaboom\n|-damage|p1a: Rillaboom|91/100\n|cant|p1a: Rillaboom|flinch\n|move|p2a: Kyogre|Water Spout|p1b: Calyrex|[spread] p1a,p1b\n|-resisted|p1a: Rillaboom\n|-damage|p1a: Rillaboom|62/100\n|-damage|p1b: Calyrex|44/100\n|move|p1b: Calyrex|Glacial Lance|p2a: Kyogre|[spread] p2a,p2b\n|-resisted|p2a: Kyogre\n|-supereffective|p2b: Rillaboom\n|-damage|p2a: Kyogre|71/100\n|-damage|p2b: Rillaboom|11/100\n|\n|-weather|RainDance|[upkeep]\n|-heal|p2a: Kyogre|77/100|[from] Grassy Terrain\n|-heal|p2b: Rillaboom|17/100|[from] Grassy Terrain\n|-heal|p1a: Rillaboom|68/100|[from] Grassy Terrain\n|-heal|p1b: Calyrex|50/100|[from] Grassy Terrain\n|-heal|p1b: Calyrex|56/100|[from] item: Leftovers\n|upkeep\n|turn|2\n|\n|t:|1774673438\n|switch|p2a: Zamazenta|Zamazenta-Crowned, L50|100/100\n|-ability|p2a: Zamazenta|Dauntless Shield|boost\n|-boost|p2a: Zamazenta|def|1\n|move|p2b: Rillaboom|U-turn|p1b: Calyrex\n|-supereffective|p1b: Calyrex\n|-damage|p1b: Calyrex|29/100\n|\n|t:|1774673446\n|switch|p2b: Kyogre|Kyogre, L50|77/100|[from] U-turn\n|move|p1a: Rillaboom|U-turn|p2b: Kyogre\n|-damage|p2b: Kyogre|56/100\n|\n|t:|1774673450\n|switch|p1a: Miraidon|Miraidon, L50|100/100|[from] U-turn\n|-fieldstart|move: Electric Terrain|[from] ability: Hadron Engine|[of] p1a: Miraidon\n|move|p1b: Calyrex|Leech Seed|p2b: Kyogre\n|-start|p2b: Kyogre|move: Leech Seed\n|\n|-weather|RainDance|[upkeep]\n|-heal|p1b: Calyrex|35/100|[from] item: Leftovers\n|-damage|p2b: Kyogre|44/100|[from] Leech Seed|[of] p1b: Calyrex\n|-heal|p1b: Calyrex|46/100|[silent]\n|upkeep\n|turn|3\n|\n|t:|1774673458\n|switch|p2b: Rillaboom|Rillaboom, L50, F|17/100\n|-fieldstart|move: Grassy Terrain|[from] ability: Grassy Surge|[of] p2b: Rillaboom\n|move|p1b: Calyrex|Protect|p1b: Calyrex\n|-singleturn|p1b: Calyrex|Protect\n|move|p1a: Miraidon|Volt Switch|p2a: Zamazenta\n|-damage|p2a: Zamazenta|70/100\n|\n|t:|1774673462\n|switch|p1a: Rillaboom|Rillaboom, L50, F|68/100|[from] Volt Switch\n|move|p2a: Zamazenta|Body Press|p1b: Calyrex\n|-activate|p1b: Calyrex|move: Protect\n|\n|-weather|RainDance|[upkeep]\n|-heal|p2a: Zamazenta|76/100|[from] Grassy Terrain\n|-heal|p2b: Rillaboom|23/100|[from] Grassy Terrain\n|-heal|p1a: Rillaboom|73/100|[from] Grassy Terrain\n|-heal|p1b: Calyrex|52/100|[from] Grassy Terrain\n|-heal|p1b: Calyrex|58/100|[from] item: Leftovers\n|upkeep\n|turn|4\n|inactive|blackred123 has 30 seconds left.\n|\n|t:|1774673490\n|move|p1a: Rillaboom|Fake Out|p2a: Zamazenta\n|-resisted|p2a: Zamazenta\n|-damage|p2a: Zamazenta|74/100\n|cant|p2a: Zamazenta|flinch\n|move|p2b: Rillaboom|U-turn|p1b: Calyrex\n|-supereffective|p1b: Calyrex\n|-damage|p1b: Calyrex|29/100\n|\n|t:|1774673498\n|switch|p2b: Kyogre|Kyogre, L50|44/100|[from] U-turn\n|move|p1b: Calyrex|Leech Seed|p2a: Zamazenta\n|-start|p2a: Zamazenta|move: Leech Seed\n|\n|-weather|RainDance|[upkeep]\n|-heal|p2b: Kyogre|50/100|[from] Grassy Terrain\n|-heal|p2a: Zamazenta|80/100|[from] Grassy Terrain\n|-heal|p1a: Rillaboom|79/100|[from] Grassy Terrain\n|-heal|p1b: Calyrex|34/100|[from] Grassy Terrain\n|-heal|p1b: Calyrex|40/100|[from] item: Leftovers\n|-damage|p2a: Zamazenta|68/100|[from] Leech Seed|[of] p1b: Calyrex\n|-heal|p1b: Calyrex|51/100|[silent]\n|upkeep\n|turn|5\n|\n|t:|1774673516\n|switch|p2b: Rillaboom|Rillaboom, L50, F|23/100\n|move|p1b: Calyrex|Protect|p1b: Calyrex\n|-singleturn|p1b: Calyrex|Protect\n|move|p2a: Zamazenta|Body Press|p1b: Calyrex\n|-activate|p1b: Calyrex|move: Protect\n|move|p1a: Rillaboom|U-turn|p2b: Rillaboom\n|-supereffective|p2b: Rillaboom\n|-damage|p2b: Rillaboom|0 fnt\n|faint|p2b: Rillaboom\n|\n|t:|1774673520\n|switch|p1a: Miraidon|Miraidon, L50|100/100|[from] U-turn\n|-fieldstart|move: Electric Terrain|[from] ability: Hadron Engine|[of] p1a: Miraidon\n|\n|-weather|none\n|-heal|p1b: Calyrex|57/100|[from] item: Leftovers\n|-damage|p2a: Zamazenta|55/100|[from] Leech Seed|[of] p1b: Calyrex\n|-heal|p1b: Calyrex|67/100|[silent]\n|upkeep\n|\n|t:|1774673523\n|switch|p2b: Kyogre|Kyogre, L50|50/100\n|-weather|RainDance|[from] ability: Drizzle|[of] p2b: Kyogre\n|turn|6\n|\n|t:|1774673546\n|move|p1a: Miraidon|Electro Drift|p2b: Kyogre\n|-supereffective|p2b: Kyogre\n|-damage|p2b: Kyogre|0 fnt\n|faint|p2b: Kyogre\n|move|p2a: Zamazenta|Body Press|p1b: Calyrex\n|-damage|p1b: Calyrex|25/100\n|move|p1b: Calyrex|Glacial Lance|p2a: Zamazenta\n|-resisted|p2a: Zamazenta\n|-damage|p2a: Zamazenta|40/100\n|\n|-weather|RainDance|[upkeep]\n|-heal|p1b: Calyrex|31/100|[from] item: Leftovers\n|-damage|p2a: Zamazenta|28/100|[from] Leech Seed|[of] p1b: Calyrex\n|-heal|p1b: Calyrex|42/100|[silent]\n|upkeep\n|\n|t:|1774673549\n|switch|p2b: Dragonite|Dragonite, L50, F|100/100\n|turn|7\n|\n|t:|1774673561\n|switch|p1a: Rillaboom|Rillaboom, L50, F|79/100\n|-fieldstart|move: Grassy Terrain|[from] ability: Grassy Surge|[of] p1a: Rillaboom\n|-terastallize|p2b: Dragonite|Normal\n|move|p1b: Calyrex|Protect|p1b: Calyrex\n|-singleturn|p1b: Calyrex|Protect\n|move|p2b: Dragonite|Extreme Speed|p1a: Rillaboom\n|-damage|p1a: Rillaboom|23/100\n|move|p2a: Zamazenta|Body Press|p1a: Rillaboom\n|-damage|p1a: Rillaboom|0 fnt\n|faint|p1a: Rillaboom\n|\n|-weather|RainDance|[upkeep]\n|-heal|p2a: Zamazenta|34/100|[from] Grassy Terrain\n|-heal|p1b: Calyrex|47/100|[from] Grassy Terrain\n|-heal|p1b: Calyrex|53/100|[from] item: Leftovers\n|-damage|p2a: Zamazenta|22/100|[from] Leech Seed|[of] p1b: Calyrex\n|-heal|p1b: Calyrex|64/100|[silent]\n|upkeep\n|\n|t:|1774673566\n|switch|p1a: Urshifu|Urshifu-Rapid-Strike, L50, M|100/100\n|turn|8\n|\n|t:|1774673573\n|move|p2b: Dragonite|Extreme Speed|p1a: Urshifu\n|-damage|p1a: Urshifu|28/100\n|move|p2a: Zamazenta|Body Press|p1a: Urshifu\n|-damage|p1a: Urshifu|0 fnt\n|faint|p1a: Urshifu\n|move|p1b: Calyrex|Glacial Lance|p2b: Dragonite|[spread] p2a,p2b\n|-resisted|p2a: Zamazenta\n|-damage|p2a: Zamazenta|12/100\n|-damage|p2b: Dragonite|44/100\n|\n|-weather|RainDance|[upkeep]\n|-heal|p2a: Zamazenta|18/100|[from] Grassy Terrain\n|-heal|p2b: Dragonite|50/100|[from] Grassy Terrain\n|-heal|p1b: Calyrex|70/100|[from] Grassy Terrain\n|-heal|p1b: Calyrex|75/100|[from] item: Leftovers\n|-damage|p2a: Zamazenta|6/100|[from] Leech Seed|[of] p1b: Calyrex\n|-heal|p1b: Calyrex|86/100|[silent]\n|upkeep\n|\n|t:|1774673580\n|switch|p1a: Miraidon|Miraidon, L50|100/100\n|-fieldstart|move: Electric Terrain|[from] ability: Hadron Engine|[of] p1a: Miraidon\n|turn|9\n|\n|t:|1774673586\n|move|p2b: Dragonite|Extreme Speed|p1a: Miraidon\n|-damage|p1a: Miraidon|32/100\n|move|p1a: Miraidon|Electro Drift|p2b: Dragonite\n|-damage|p2b: Dragonite|0 fnt\n|faint|p2b: Dragonite\n|move|p2a: Zamazenta|Body Press|p1a: Miraidon\n|-damage|p1a: Miraidon|0 fnt\n|faint|p1a: Miraidon\n|move|p1b: Calyrex|Glacial Lance|p2a: Zamazenta\n|-resisted|p2a: Zamazenta\n|-damage|p2a: Zamazenta|0 fnt\n|faint|p2a: Zamazenta\n|\n|win|BanKingambit69247\n|raw|BanKingambit69247's rating: 1578 &rarr; <strong>1590</strong><br />(+12 for winning)\n|raw|blackred123's rating: 1433 &rarr; <strong>1421</strong><br />(-12 for losing)\n","uploadtime":1774673591,"views":13,"formatid":"gen9vgc2026regi","rating":1421,"private":0,"password":null}