{"id":"gen9vgc2026regi-2517565396","format":"[Gen 9] VGC 2026 Reg I","players":["VJ2511","jun2014"],"log":"|j|\u2606VJ2511\n|j|\u2606jun2014\n|t:|1768277673\n|gametype|doubles\n|player|p1|VJ2511|red-masters3|1363\n|player|p2|jun2014|1|1328\n|gen|9\n|tier|[Gen 9] VGC 2026 Reg I\n|rated|\n|rule|Species Clause: Limit one of each Pok\u00e9mon\n|rule|Item Clause: Limit 1 of each item\n|clearpoke\n|poke|p1|Calyrex-Shadow, L50|\n|poke|p1|Zamazenta-*, L50|\n|poke|p1|Incineroar, L50, F|\n|poke|p1|Rillaboom, L50, F|\n|poke|p1|Ogerpon-Hearthflame, L50, F|\n|poke|p1|Raging Bolt, L50|\n|poke|p2|Koraidon, L50|\n|poke|p2|Lunala, L50|\n|poke|p2|Flutter Mane, L50|\n|poke|p2|Chi-Yu, L50|\n|poke|p2|Ursaluna, L50, F|\n|poke|p2|Indeedee-F, L50, F|\n|teampreview|4\n|inactive|Battle timer is ON: inactive players will automatically lose when time's up. (requested by VJ2511)\n|inactive|jun2014 also wants the timer to be on.\n|\n|t:|1768277702\n|teamsize|p1|4\n|teamsize|p2|4\n|start\n|switch|p1a: Zamazenta|Zamazenta-Crowned, L50|100/100\n|switch|p1b: Raging Bolt|Raging Bolt, L50|100/100\n|switch|p2a: Koraidon|Koraidon, L50|100/100\n|switch|p2b: Chi-Yu|Chi-Yu, L50|100/100\n|-ability|p2b: Chi-Yu|Beads of Ruin\n|-weather|SunnyDay|[from] ability: Orichalcum Pulse|[of] p2a: Koraidon\n|-activate|p1b: Raging Bolt|ability: Protosynthesis\n|-start|p1b: Raging Bolt|protosynthesisspa\n|-activate|p2a: Koraidon|Orichalcum Pulse|[source]\n|-ability|p1a: Zamazenta|Dauntless Shield|boost\n|-boost|p1a: Zamazenta|def|1\n|turn|1\n|inactive|jun2014 has 30 seconds left.\n|\n|t:|1768277734\n|switch|p2b: Flutter Mane|Flutter Mane, L50|100/100\n|-activate|p2b: Flutter Mane|ability: Protosynthesis\n|-start|p2b: Flutter Mane|protosynthesisspe\n|-terastallize|p1a: Zamazenta|Water\n|move|p2a: Koraidon|Close Combat|p1b: Raging Bolt\n|-damage|p1b: Raging Bolt|0 fnt\n|-unboost|p2a: Koraidon|def|1\n|-unboost|p2a: Koraidon|spd|1\n|faint|p1b: Raging Bolt\n|-end|p1b: Raging Bolt|Protosynthesis|[silent]\n|-damage|p2a: Koraidon|91/100|[from] item: Life Orb\n|move|p1a: Zamazenta|Body Press|p2b: Flutter Mane\n|-immune|p2b: Flutter Mane\n|\n|-weather|SunnyDay|[upkeep]\n|upkeep\n|\n|t:|1768277744\n|switch|p1b: Ogerpon|Ogerpon-Hearthflame, L50, F|100/100\n|-ability|p1b: Ogerpon|Mold Breaker\n|turn|2\n|inactive|jun2014 has 30 seconds left.\n|inactive|jun2014 has 20 seconds left.\n|inactive|jun2014 has 15 seconds left.\n|inactive|jun2014 has 10 seconds left.\n|inactive|jun2014 has 5 seconds left.\n|\n|t:|1768277796\n|move|p1b: Ogerpon|Spiky Shield|p1b: Ogerpon\n|-singleturn|p1b: Ogerpon|move: Protect\n|move|p2b: Flutter Mane|Shadow Ball|p1a: Zamazenta\n|-damage|p1a: Zamazenta|58/100\n|-unboost|p1a: Zamazenta|spd|1\n|move|p2a: Koraidon|Close Combat|p1a: Zamazenta\n|-damage|p1a: Zamazenta|22/100\n|-unboost|p2a: Koraidon|def|1\n|-unboost|p2a: Koraidon|spd|1\n|-damage|p2a: Koraidon|81/100|[from] item: Life Orb\n|move|p1a: Zamazenta|Heavy Slam|p2b: Flutter Mane\n|-supereffective|p2b: Flutter Mane\n|-damage|p2b: Flutter Mane|0 fnt\n|faint|p2b: Flutter Mane\n|-end|p2b: Flutter Mane|Protosynthesis|[silent]\n|\n|-weather|SunnyDay|[upkeep]\n|upkeep\n|\n|t:|1768277815\n|switch|p2b: Chi-Yu|Chi-Yu, L50|100/100\n|-ability|p2b: Chi-Yu|Beads of Ruin\n|turn|3\n|\n|t:|1768277830\n|move|p1b: Ogerpon|Follow Me|p1b: Ogerpon\n|-singleturn|p1b: Ogerpon|move: Follow Me\n|move|p2b: Chi-Yu|Overheat|p1b: Ogerpon\n|-damage|p1b: Ogerpon|0 fnt\n|-unboost|p2b: Chi-Yu|spa|2\n|faint|p1b: Ogerpon\n|move|p2a: Koraidon|Close Combat|p1a: Zamazenta\n|-damage|p1a: Zamazenta|0 fnt\n|-unboost|p2a: Koraidon|def|1\n|-unboost|p2a: Koraidon|spd|1\n|faint|p1a: Zamazenta\n|-damage|p2a: Koraidon|71/100|[from] item: Life Orb\n|\n|-weather|SunnyDay|[upkeep]\n|upkeep\n|\n|t:|1768277834\n|switch|p1a: Calyrex|Calyrex-Shadow, L50|100/100\n|-ability|p1a: Calyrex|As One\n|-ability|p1a: Calyrex|Unnerve\n|turn|4\n|inactive|jun2014 has 30 seconds left.\n|\n|t:|1768277860\n|switch|p2a: Indeedee|Indeedee-F, L50, F|100/100\n|-fieldstart|move: Psychic Terrain|[from] ability: Psychic Surge|[of] p2a: Indeedee\n|move|p2b: Chi-Yu|Overheat|p1a: Calyrex\n|-damage|p1a: Calyrex|24/100\n|-unboost|p2b: Chi-Yu|spa|2\n|move|p1a: Calyrex|Astral Barrage|p2a: Indeedee|[spread] p2b\n|-immune|p2a: Indeedee\n|-resisted|p2b: Chi-Yu\n|-damage|p2b: Chi-Yu|54/100\n|-damage|p1a: Calyrex|15/100|[from] item: Life Orb\n|\n|-weather|SunnyDay|[upkeep]\n|upkeep\n|turn|5\n|-message|VJ2511 forfeited.\n|\n|win|jun2014\n|raw|VJ2511's rating: 1363 &rarr; <strong>1341</strong><br />(-22 for losing)\n|raw|jun2014's rating: 1328 &rarr; <strong>1350</strong><br />(+22 for winning)\n|l|\u2606VJ2511\n|player|p1|\n|l|\u2606jun2014\n|player|p2|\n","uploadtime":1768278080,"views":13,"formatid":"gen9vgc2026regi","rating":1341,"private":0,"password":null}