{"id":"gen9vgc2026regi-2556756622","format":"[Gen 9] VGC 2026 Reg I","players":["xiaoliyunVGC","KogaAF1219"],"log":"|j|\u2606xiaoliyunVGC\n|j|\u2606KogaAF1219\n|t:|1773246187\n|gametype|doubles\n|player|p1|xiaoliyunVGC|liko|1345\n|player|p2|KogaAF1219|102|1447\n|gen|9\n|tier|[Gen 9] VGC 2026 Reg I\n|rated|\n|rule|Species Clause: Limit one of each Pok\u00e9mon\n|rule|Item Clause: Limit 1 of each item\n|clearpoke\n|poke|p1|Zamazenta-*, L50|\n|poke|p1|Kyogre, L50|\n|poke|p1|Raichu, L50, F|\n|poke|p1|Flutter Mane, L50|\n|poke|p1|Tornadus, L50, M|\n|poke|p1|Urshifu-*, L50, M|\n|poke|p2|Kyogre, L50|\n|poke|p2|Illumise, L50, F|\n|poke|p2|Calyrex-Shadow, L50|\n|poke|p2|Iron Crown, L50|\n|poke|p2|Indeedee, L50, M|\n|poke|p2|Hitmontop, L50, M|\n|teampreview|4\n|inactive|Battle timer is ON: inactive players will automatically lose when time's up. (requested by xiaoliyunVGC)\n|\n|t:|1773246207\n|teamsize|p1|4\n|teamsize|p2|4\n|start\n|switch|p1a: Tornadus|Tornadus, L50, M, shiny|100/100\n|switch|p1b: Urshifu|Urshifu, L50, M|100/100\n|switch|p2a: Kyogre|Kyogre, L50|100/100\n|switch|p2b: Calyrex|Calyrex-Shadow, L50|100/100\n|-ability|p2b: Calyrex|As One\n|-ability|p2b: Calyrex|Unnerve\n|-weather|RainDance|[from] ability: Drizzle|[of] p2a: Kyogre\n|turn|1\n|\n|t:|1773246222\n|switch|p2b: Indeedee|Indeedee, L50, M|100/100\n|-fieldstart|move: Psychic Terrain|[from] ability: Psychic Surge|[of] p2b: Indeedee\n|move|p1a: Tornadus|Tailwind|p1a: Tornadus\n|-sidestart|p1: xiaoliyunVGC|move: Tailwind\n|move|p1b: Urshifu|Wicked Blow|p2a: Kyogre\n|-crit|p2a: Kyogre\n|-damage|p2a: Kyogre|0 fnt\n|faint|p2a: Kyogre\n|\n|-weather|RainDance|[upkeep]\n|upkeep\n|\n|t:|1773246231\n|switch|p2a: Illumise|Illumise, L50, F|100/100\n|turn|2\n|\n|t:|1773246238\n|move|p2a: Illumise|Tailwind|p2a: Illumise\n|-sidestart|p2: KogaAF1219|move: Tailwind\n|move|p2b: Indeedee|Dazzling Gleam|p1a: Tornadus|[spread] p1a,p1b\n|-supereffective|p1b: Urshifu\n|-damage|p1a: Tornadus|80/100\n|-damage|p1b: Urshifu|3/100\n|move|p1a: Tornadus|Hurricane|p2a: Illumise\n|-supereffective|p2a: Illumise\n|-damage|p2a: Illumise|20/100\n|move|p1b: Urshifu|Wicked Blow|p2b: Indeedee\n|-supereffective|p2b: Indeedee\n|-crit|p2b: Indeedee\n|-enditem|p2b: Indeedee|Focus Sash\n|-damage|p2b: Indeedee|1/100\n|\n|-weather|RainDance|[upkeep]\n|upkeep\n|turn|3\n|\n|t:|1773246256\n|move|p2b: Indeedee|Expanding Force|p1b: Urshifu|[spread] p1a\n|-immune|p1b: Urshifu\n|-damage|p1a: Tornadus|32/100\n|move|p1a: Tornadus|Hurricane|p2a: Illumise\n|-supereffective|p2a: Illumise\n|-damage|p2a: Illumise|0 fnt\n|faint|p2a: Illumise\n|move|p1b: Urshifu|Wicked Blow|p2b: Indeedee\n|-supereffective|p2b: Indeedee\n|-crit|p2b: Indeedee\n|-damage|p2b: Indeedee|0 fnt\n|faint|p2b: Indeedee\n|\n|-weather|RainDance|[upkeep]\n|upkeep\n|\n|t:|1773246260\n|switch|p2b: Calyrex|Calyrex-Shadow, L50|100/100\n|-ability|p2b: Calyrex|As One\n|-ability|p2b: Calyrex|Unnerve\n|turn|4\n|\n|t:|1773246273\n|switch|p1a: Zamazenta|Zamazenta-Crowned, L50, shiny|100/100\n|-ability|p1a: Zamazenta|Dauntless Shield|boost\n|-boost|p1a: Zamazenta|def|1\n|move|p2b: Calyrex|Astral Barrage|p1a: Zamazenta|[spread] p1a,p1b\n|-resisted|p1b: Urshifu\n|-damage|p1a: Zamazenta|55/100\n|-damage|p1b: Urshifu|0 fnt\n|faint|p1b: Urshifu\n|-ability|p2b: Calyrex|Grim Neigh|boost\n|-boost|p2b: Calyrex|spa|1\n|-damage|p2b: Calyrex|91/100|[from] item: Life Orb\n|\n|-weather|RainDance|[upkeep]\n|-sideend|p1: xiaoliyunVGC|move: Tailwind\n|upkeep\n|l|\u2606KogaAF1219\n|inactive|KogaAF1219 disconnected and has a minute to reconnect!\n|player|p2|\n|\n|t:|1773246281\n|switch|p1b: Tornadus|Tornadus, L50, M, shiny|32/100\n|turn|5\n|inactive|KogaAF1219 has 30 seconds left.\n|inactive|KogaAF1219 has 20 seconds left.\n|inactive|KogaAF1219 has 15 seconds left.\n|inactive|KogaAF1219 has 10 seconds left.\n|j|\u2606KogaAF1219\n|inactive|KogaAF1219 reconnected and has 10 seconds left.\n|player|p2|KogaAF1219|102|\n|\n|t:|1773246329\n|move|p1a: Zamazenta|Protect|p1a: Zamazenta\n|-singleturn|p1a: Zamazenta|Protect\n|move|p1b: Tornadus|Tailwind|p1b: Tornadus\n|-sidestart|p1: xiaoliyunVGC|move: Tailwind\n|move|p2b: Calyrex|Tera Blast|p1b: Tornadus\n|-damage|p1b: Tornadus|0 fnt\n|faint|p1b: Tornadus\n|-ability|p2b: Calyrex|Grim Neigh|boost\n|-boost|p2b: Calyrex|spa|1\n|-damage|p2b: Calyrex|81/100|[from] item: Life Orb\n|\n|-weather|none\n|-sideend|p2: KogaAF1219|move: Tailwind\n|-fieldend|move: Psychic Terrain\n|upkeep\n|\n|t:|1773246336\n|switch|p1b: Kyogre|Kyogre, L50, shiny|100/100\n|-weather|RainDance|[from] ability: Drizzle|[of] p1b: Kyogre\n|turn|6\n|\n|t:|1773246345\n|-terastallize|p1b: Kyogre|Water\n|move|p2b: Calyrex|Protect|p2b: Calyrex\n|-singleturn|p2b: Calyrex|Protect\n|move|p1b: Kyogre|Water Spout|p2b: Calyrex\n|-activate|p2b: Calyrex|move: Protect\n|move|p1a: Zamazenta|Behemoth Bash|p2b: Calyrex\n|-activate|p2b: Calyrex|move: Protect\n|\n|-weather|RainDance|[upkeep]\n|upkeep\n|turn|7\n|\n|t:|1773246352\n|move|p1b: Kyogre|Water Spout|p2b: Calyrex\n|-crit|p2b: Calyrex\n|-damage|p2b: Calyrex|0 fnt\n|faint|p2b: Calyrex\n|\n|win|xiaoliyunVGC\n|raw|xiaoliyunVGC's rating: 1345 &rarr; <strong>1371</strong><br />(+26 for winning)\n|raw|KogaAF1219's rating: 1447 &rarr; <strong>1421</strong><br />(-26 for losing)\n|l|\u2606KogaAF1219\n|player|p2|\n|l|\u2606xiaoliyunVGC\n|player|p1|\n","uploadtime":1773246627,"views":11,"formatid":"gen9vgc2026regi","rating":1371,"private":0,"password":null}