{"id":"gen9vgc2026regi-2580359834","format":"[Gen 9] VGC 2026 Reg I","players":["RandomcatFFR","navinsachump"],"log":"|j|\u2606RandomcatFFR\n|j|\u2606navinsachump\n|t:|1775885070\n|gametype|doubles\n|player|p1|RandomcatFFR|bugcatcher-gen4dp|1522\n|player|p2|navinsachump|smasher|1563\n|gen|9\n|tier|[Gen 9] VGC 2026 Reg I\n|rated|\n|rule|Species Clause: Limit one of each Pok\u00e9mon\n|rule|Item Clause: Limit 1 of each item\n|clearpoke\n|poke|p1|Miraidon, L50|\n|poke|p1|Lunala, L50|\n|poke|p1|Whimsicott, L50, M|\n|poke|p1|Urshifu-*, L50, M|\n|poke|p1|Incineroar, L50, F|\n|poke|p1|Ursaluna, L50, F|\n|poke|p2|Miraidon, L50|\n|poke|p2|Incineroar, L50, F|\n|poke|p2|Whimsicott, L50, M|\n|poke|p2|Urshifu-*, L50, M|\n|poke|p2|Lunala, L50|\n|poke|p2|Ursaluna, L50, F|\n|teampreview|4\n|inactive|Battle timer is ON: inactive players will automatically lose when time's up. (requested by navinsachump)\n|j| 801344244b\n|inactive|RandomcatFFR has 60 seconds left.\n|inactive|RandomcatFFR has 30 seconds left.\n|inactive|RandomcatFFR has 20 seconds left.\n|\n|t:|1775885149\n|teamsize|p1|4\n|teamsize|p2|4\n|start\n|switch|p1a: Urshifu|Urshifu-Rapid-Strike, L50, M|100/100\n|switch|p1b: Miraidon|Miraidon, L50|100/100\n|switch|p2a: Miraidon|Miraidon, L50|100/100\n|switch|p2b: Whimsicott|Whimsicott, L50, M|100/100\n|-fieldstart|move: Electric Terrain|[from] ability: Hadron Engine|[of] p1b: Miraidon\n|-activate|p2a: Miraidon|ability: Hadron Engine\n|turn|1\n|inactive|RandomcatFFR has 30 seconds left.\n|inactive|RandomcatFFR has 20 seconds left.\n|\n|t:|1775885184\n|switch|p1a: Incineroar|Incineroar, L50, F|100/100\n|-ability|p1a: Incineroar|Intimidate|boost\n|-unboost|p2a: Miraidon|atk|1\n|-unboost|p2b: Whimsicott|atk|1\n|-terastallize|p2a: Miraidon|Fairy\n|move|p1b: Miraidon|Protect|p1b: Miraidon\n|-singleturn|p1b: Miraidon|Protect\n|move|p2b: Whimsicott|Tailwind|p2b: Whimsicott\n|-sidestart|p2: navinsachump|move: Tailwind\n|move|p2a: Miraidon|Dazzling Gleam|p1a: Incineroar|[spread] p1a\n|-activate|p1b: Miraidon|move: Protect\n|-damage|p1a: Incineroar|55/100\n|\n|upkeep\n|turn|2\n|\n|t:|1775885209\n|-terastallize|p1b: Miraidon|Electric\n|move|p1a: Incineroar|Fake Out|p2a: Miraidon\n|-damage|p2a: Miraidon|90/100\n|move|p2b: Whimsicott|Encore|p1b: Miraidon\n|-start|p1b: Miraidon|Encore\n|cant|p2a: Miraidon|flinch\n|move|p1b: Miraidon|Protect||[still]\n|-fail|p1b: Miraidon\n|\n|upkeep\n|turn|3\n|\n|t:|1775885230\n|move|p1b: Miraidon|Protect|p1b: Miraidon\n|-singleturn|p1b: Miraidon|Protect\n|move|p2a: Miraidon|Dazzling Gleam|p1b: Miraidon|[spread] p1a\n|-activate|p1b: Miraidon|move: Protect\n|-crit|p1a: Incineroar\n|-damage|p1a: Incineroar|0 fnt\n|faint|p1a: Incineroar\n|move|p2b: Whimsicott|Moonblast|p1b: Miraidon\n|-activate|p1b: Miraidon|move: Protect\n|\n|upkeep\n|\n|t:|1775885236\n|switch|p1a: Lunala|Lunala, L50|100/100\n|-enditem|p1a: Lunala|Electric Seed\n|-boost|p1a: Lunala|def|1|[from] item: Electric Seed\n|turn|4\n|\n|t:|1775885260\n|switch|p2a: Lunala|Lunala, L50|100/100\n|-enditem|p2a: Lunala|Electric Seed\n|-boost|p2a: Lunala|def|1|[from] item: Electric Seed\n|move|p1b: Miraidon|Protect|p1b: Miraidon\n|-singleturn|p1b: Miraidon|Protect\n|move|p2b: Whimsicott|Moonblast|p1a: Lunala\n|-damage|p1a: Lunala|90/100\n|move|p1a: Lunala|Trick Room|p1a: Lunala\n|-fieldstart|move: Trick Room|[of] p1a: Lunala\n|\n|-end|p1b: Miraidon|Encore\n|-sideend|p2: navinsachump|move: Tailwind\n|upkeep\n|turn|5\n|inactive|RandomcatFFR has 30 seconds left.\n|\n|t:|1775885286\n|switch|p1b: Urshifu|Urshifu-Rapid-Strike, L50, M|100/100\n|move|p2b: Whimsicott|Encore||[still]\n|-fail|p2b: Whimsicott\n|move|p1a: Lunala|Moongeist Beam|p2a: Lunala\n|-supereffective|p2a: Lunala\n|-damage|p2a: Lunala|15/100\n|move|p2a: Lunala|Moongeist Beam|p1a: Lunala\n|-supereffective|p1a: Lunala\n|-damage|p1a: Lunala|0 fnt\n|faint|p1a: Lunala\n|\n|-fieldend|move: Electric Terrain\n|upkeep\n|\n|t:|1775885297\n|switch|p1a: Miraidon|Miraidon, L50, tera:Electric|100/100\n|-fieldstart|move: Electric Terrain|[from] ability: Hadron Engine|[of] p1a: Miraidon\n|turn|6\n|inactive|RandomcatFFR has 30 seconds left.\n|\n|t:|1775885323\n|move|p2b: Whimsicott|Light Screen|p2b: Whimsicott\n|-sidestart|p2: navinsachump|move: Light Screen\n|move|p2a: Lunala|Moonblast|p1b: Urshifu\n|-supereffective|p1b: Urshifu\n|-damage|p1b: Urshifu|2/100\n|-unboost|p1b: Urshifu|spa|1\n|move|p1b: Urshifu|Surging Strikes|p2a: Lunala\n|-crit|p2a: Lunala\n|-damage|p2a: Lunala|0 fnt\n|faint|p2a: Lunala\n|-hitcount|p2: Lunala|1\n|move|p1a: Miraidon|Electro Drift|p2b: Whimsicott\n|-resisted|p2b: Whimsicott\n|-damage|p2b: Whimsicott|28/100\n|-damage|p1a: Miraidon|91/100|[from] item: Life Orb\n|\n|upkeep\n|\n|t:|1775885332\n|switch|p2a: Ursaluna|Ursaluna, L50, F|100/100\n|turn|7\n|-message|RandomcatFFR forfeited.\n|\n|win|navinsachump\n|raw|RandomcatFFR's rating: 1522 &rarr; <strong>1504</strong><br />(-18 for losing)\n|raw|navinsachump's rating: 1563 &rarr; <strong>1581</strong><br />(+18 for winning)\n|l|\u2606RandomcatFFR\n|player|p1|\n|l|\u2606navinsachump\n|player|p2|\n","uploadtime":1775885499,"views":14,"formatid":"gen9vgc2026regi","rating":1504,"private":0,"password":null}