{"id":"gen9vgc2026regi-2560062902","format":"[Gen 9] VGC 2026 Reg I","players":["navinsachump","Fabinator2006"],"log":"|j|\u2606navinsachump\n|j|\u203dFabinator2006\n|t:|1773645170\n|gametype|doubles\n|player|p1|navinsachump|102|1518\n|player|p2|Fabinator2006|shauntal|1366\n|gen|9\n|tier|[Gen 9] VGC 2026 Reg I\n|rated|\n|rule|Species Clause: Limit one of each Pok\u00e9mon\n|rule|Item Clause: Limit 1 of each item\n|clearpoke\n|poke|p1|Calyrex-Ice, L50|\n|poke|p1|Miraidon, L50|\n|poke|p1|Incineroar, L50, M|\n|poke|p1|Landorus, L50, M|\n|poke|p1|Whimsicott, L50, F|\n|poke|p1|Urshifu-*, L50, F|\n|poke|p2|Terapagos, L50, M|\n|poke|p2|Lunala, L50|\n|poke|p2|Ogerpon-Wellspring, L50, F|\n|poke|p2|Ursaluna, L50, M|\n|poke|p2|Incineroar, L50, M|\n|poke|p2|Tornadus, L50, M|\n|teampreview|4\n|inactive|Battle timer is ON: inactive players will automatically lose when time's up. (requested by navinsachump)\n|inactive|Fabinator2006 has 60 seconds left.\n|inactive|Fabinator2006 has 30 seconds left.\n|\n|t:|1773645243\n|teamsize|p1|4\n|teamsize|p2|4\n|start\n|switch|p1a: Calyrex|Calyrex-Ice, L50|100/100\n|switch|p1b: Miraidon|Miraidon, L50|100/100\n|switch|p2a: Terapagos|Terapagos, L50, M|100/100\n|switch|p2b: Incineroar|Incineroar, L50, M|100/100\n|-activate|p2a: Terapagos|ability: Tera Shift\n|detailschange|p2a: Terapagos|Terapagos-Terastal, L50, M\n|-heal|p2a: Terapagos|100/100|[silent]\n|-ability|p1a: Calyrex|As One\n|-ability|p1a: Calyrex|Unnerve\n|-fieldstart|move: Electric Terrain|[from] ability: Hadron Engine|[of] p1b: Miraidon\n|-ability|p2b: Incineroar|Intimidate|boost\n|-fail|p1a: Calyrex|unboost|[from] item: Clear Amulet|[of] p1a: Calyrex\n|-unboost|p1b: Miraidon|atk|1\n|turn|1\n|inactive|navinsachump has 30 seconds left.\n|inactive|Fabinator2006 has 30 seconds left.\n|inactive|navinsachump has 20 seconds left.\n|\n|t:|1773645282\n|-terastallize|p2a: Terapagos|Stellar\n|detailschange|p2a: Terapagos|Terapagos-Stellar, L50, M, tera:Stellar\n|-heal|p2a: Terapagos|100/100|[silent]\n|-ability|p2a: Terapagos|Teraform Zero\n|-fieldend|move: Electric Terrain\n|move|p1b: Miraidon|Volt Switch|p2a: Terapagos\n|-damage|p2a: Terapagos|75/100\n|\n|t:|1773645287\n|switch|p1b: Incineroar|Incineroar, L50, M|100/100|[from] Volt Switch\n|-ability|p1b: Incineroar|Intimidate|boost\n|-unboost|p2a: Terapagos|atk|1\n|-unboost|p2b: Incineroar|atk|1\n|move|p2a: Terapagos|Tera Starstorm|p1b: Incineroar|[spread] p1a,p1b\n|-damage|p1a: Calyrex|61/100\n|-damage|p1b: Incineroar|54/100\n|move|p2b: Incineroar|Knock Off|p1a: Calyrex\n|-supereffective|p1a: Calyrex\n|-damage|p1a: Calyrex|26/100\n|-enditem|p1a: Calyrex|Clear Amulet|[from] move: Knock Off|[of] p2b: Incineroar\n|move|p1a: Calyrex|Leech Seed|p2a: Terapagos\n|-start|p2a: Terapagos|move: Leech Seed\n|\n|-damage|p2a: Terapagos|63/100|[from] Leech Seed|[of] p1a: Calyrex\n|-heal|p1a: Calyrex|40/100|[silent]\n|upkeep\n|turn|2\n|\n|t:|1773645310\n|switch|p2a: Lunala|Lunala, L50|100/100\n|move|p1a: Calyrex|Protect|p1a: Calyrex\n|-singleturn|p1a: Calyrex|Protect\n|move|p2b: Incineroar|Parting Shot|p1a: Calyrex\n|-activate|p1a: Calyrex|move: Protect\n|move|p1b: Incineroar|Parting Shot|p2a: Lunala\n|-unboost|p2a: Lunala|atk|1\n|-unboost|p2a: Lunala|spa|1\n|inactive|navinsachump has 30 seconds left.\n|inactive|navinsachump has 20 seconds left.\n|inactive|navinsachump has 15 seconds left.\n|inactive|navinsachump has 10 seconds left.\n|\n|t:|1773645356\n|switch|p1b: Miraidon|Miraidon, L50|100/100|[from] Parting Shot\n|-fieldstart|move: Electric Terrain|[from] ability: Hadron Engine|[of] p1b: Miraidon\n|\n|upkeep\n|turn|3\n|\n|t:|1773645372\n|switch|p1a: Incineroar|Incineroar, L50, M|54/100\n|-ability|p1a: Incineroar|Intimidate|boost\n|-unboost|p2a: Lunala|atk|1\n|-unboost|p2b: Incineroar|atk|1\n|move|p1b: Miraidon|Volt Switch|p2b: Incineroar\n|-damage|p2b: Incineroar|46/100\n|\n|t:|1773645391\n|switch|p1b: Calyrex|Calyrex-Ice, L50|40/100|[from] Volt Switch\n|-ability|p1b: Calyrex|As One\n|-ability|p1b: Calyrex|Unnerve\n|move|p2a: Lunala|Moongeist Beam|p1a: Incineroar\n|-resisted|p1a: Incineroar\n|-damage|p1a: Incineroar|41/100\n|move|p2b: Incineroar|Parting Shot|p1b: Calyrex\n|-unboost|p1b: Calyrex|atk|1\n|-unboost|p1b: Calyrex|spa|1\n|\n|t:|1773645410\n|switch|p2b: Ogerpon|Ogerpon-Wellspring, L50, F|100/100|[from] Parting Shot\n|\n|upkeep\n|turn|4\n|\n|t:|1773645428\n|-terastallize|p1b: Calyrex|Normal\n|move|p1a: Incineroar|Fake Out|p2b: Ogerpon\n|-damage|p2b: Ogerpon|89/100\n|cant|p2b: Ogerpon|flinch\n|move|p2a: Lunala|Moongeist Beam|p1b: Calyrex\n|-immune|p1b: Calyrex\n|move|p1b: Calyrex|Leech Seed|p2a: Lunala\n|-start|p2a: Lunala|move: Leech Seed\n|\n|-damage|p2a: Lunala|88/100|[from] Leech Seed|[of] p1b: Calyrex\n|-heal|p1b: Calyrex|55/100|[silent]\n|upkeep\n|turn|5\n|\n|t:|1773645447\n|switch|p2a: Incineroar|Incineroar, L50, M|46/100\n|-ability|p2a: Incineroar|Intimidate|boost\n|-unboost|p1a: Incineroar|atk|1\n|-unboost|p1b: Calyrex|atk|1\n|switch|p1a: Miraidon|Miraidon, L50|100/100\n|-activate|p1a: Miraidon|ability: Hadron Engine\n|move|p2b: Ogerpon|Ivy Cudgel|p1a: Miraidon|[anim] Ivy Cudgel Water\n|-resisted|p1a: Miraidon\n|-damage|p1a: Miraidon|75/100\n|move|p1b: Calyrex|Glacial Lance|p2b: Ogerpon|[spread] p2a,p2b\n|-resisted|p2a: Incineroar\n|-damage|p2a: Incineroar|34/100\n|-damage|p2b: Ogerpon|57/100\n|\n|upkeep\n|turn|6\n|\n|t:|1773645468\n|switch|p2b: Terapagos|Terapagos-Stellar, L50, M, tera:Stellar|63/100\n|move|p2a: Incineroar|Fake Out|p1a: Miraidon\n|-damage|p1a: Miraidon|65/100\n|cant|p1a: Miraidon|flinch\n|move|p1b: Calyrex|Glacial Lance|p2b: Terapagos|[spread] p2a,p2b\n|-resisted|p2a: Incineroar\n|-damage|p2a: Incineroar|21/100\n|-damage|p2b: Terapagos|43/100\n|\n|-fieldend|move: Electric Terrain\n|upkeep\n|turn|7\n|inactive|Fabinator2006 has 30 seconds left.\n|inactive|navinsachump has 30 seconds left.\n|\n|t:|1773645504\n|switch|p2b: Ogerpon|Ogerpon-Wellspring, L50, F|57/100\n|move|p1b: Calyrex|Protect|p1b: Calyrex\n|-singleturn|p1b: Calyrex|Protect\n|move|p1a: Miraidon|Volt Switch|p2a: Incineroar\n|-damage|p2a: Incineroar|0 fnt\n|faint|p2a: Incineroar\n|\n|t:|1773645512\n|switch|p1a: Incineroar|Incineroar, L50, M|41/100|[from] Volt Switch\n|-ability|p1a: Incineroar|Intimidate|boost\n|-unboost|p2b: Ogerpon|atk|1\n|\n|upkeep\n|\n|t:|1773645517\n|switch|p2a: Lunala|Lunala, L50|88/100\n|turn|8\n|inactive|navinsachump has 30 seconds left.\n|inactive|navinsachump has 20 seconds left.\n|\n|t:|1773645556\n|move|p1a: Incineroar|Fake Out|p2b: Ogerpon\n|-damage|p2b: Ogerpon|46/100\n|cant|p2b: Ogerpon|flinch\n|move|p2a: Lunala|Meteor Beam||[still]\n|-prepare|p2a: Lunala|Meteor Beam\n|-boost|p2a: Lunala|spa|1\n|-enditem|p2a: Lunala|Power Herb\n|-anim|p2a: Lunala|Meteor Beam|p1a: Incineroar\n|-supereffective|p1a: Incineroar\n|-damage|p1a: Incineroar|0 fnt\n|faint|p1a: Incineroar\n|move|p1b: Calyrex|Leech Seed|p2a: Lunala\n|-start|p2a: Lunala|move: Leech Seed\n|\n|-damage|p2a: Lunala|76/100|[from] Leech Seed|[of] p1b: Calyrex\n|-heal|p1b: Calyrex|69/100|[silent]\n|upkeep\n|\n|t:|1773645565\n|switch|p1a: Miraidon|Miraidon, L50|65/100\n|-fieldstart|move: Electric Terrain|[from] ability: Hadron Engine|[of] p1a: Miraidon\n|turn|9\n|\n|t:|1773645575\n|move|p2b: Ogerpon|Follow Me|p2b: Ogerpon\n|-singleturn|p2b: Ogerpon|move: Follow Me\n|move|p1a: Miraidon|Electro Drift|p2b: Ogerpon\n|-damage|p2b: Ogerpon|0 fnt\n|faint|p2b: Ogerpon\n|move|p2a: Lunala|Moongeist Beam|p1a: Miraidon\n|-damage|p1a: Miraidon|17/100\n|move|p1b: Calyrex|Glacial Lance|p2a: Lunala\n|-damage|p2a: Lunala|42/100\n|\n|-damage|p2a: Lunala|30/100|[from] Leech Seed|[of] p1b: Calyrex\n|-heal|p1b: Calyrex|84/100|[silent]\n|upkeep\n|\n|t:|1773645584\n|switch|p2b: Terapagos|Terapagos-Stellar, L50, M, tera:Stellar|43/100\n|turn|10\n|\n|t:|1773645598\n|move|p1a: Miraidon|Electro Drift|p2b: Terapagos\n|-damage|p2b: Terapagos|0 fnt\n|faint|p2b: Terapagos\n|detailschange|p2: Terapagos|Terapagos, L50, M|[silent]\n|move|p2a: Lunala|Moongeist Beam|p1a: Miraidon\n|-damage|p1a: Miraidon|0 fnt\n|faint|p1a: Miraidon\n|move|p1b: Calyrex|Glacial Lance|p2a: Lunala\n|-damage|p2a: Lunala|0 fnt\n|faint|p2a: Lunala\n|\n|win|navinsachump\n|raw|navinsachump's rating: 1518 &rarr; <strong>1530</strong><br />(+12 for winning)\n|raw|Fabinator2006's rating: 1366 &rarr; <strong>1354</strong><br />(-12 for losing)\n|l|\u2606navinsachump\n|player|p1|\n|l|\u203dFabinator2006\n|player|p2|\n","uploadtime":1773645842,"views":10,"formatid":"gen9vgc2026regi","rating":1354,"private":0,"password":null}