{"id":"gen9vgc2026regi-2570643753","format":"[Gen 9] VGC 2026 Reg I","players":["editaccount","reverse cuomo"],"log":"|j|\u2606editaccount\n|j|\u2606reverse cuomo\n|t:|1774831238\n|gametype|doubles\n|player|p1|editaccount|102|\n|player|p2|reverse cuomo|birdkeeper-gen4dp|\n|gen|9\n|tier|[Gen 9] VGC 2026 Reg I\n|rated|Tournament battle\n|rule|Species Clause: Limit one of each Pok\u00e9mon\n|rule|Item Clause: Limit 1 of each item\n|raw|<div class=\"infobox\"><details class=\"readmore\" open><summary><strong>3 custom rules:</strong></summary> Open Team Sheets, Force Open Team Sheets, !Open Team Sheets</details></div>\n|clearpoke\n|poke|p1|Sinistcha, L50|\n|poke|p1|Urshifu-*, L50, F|\n|poke|p1|Terapagos, L50, M|\n|poke|p1|Miraidon, L50|\n|poke|p1|Incineroar, L50, M|\n|poke|p1|Chien-Pao, L50|\n|poke|p2|Calyrex-Shadow, L50|\n|poke|p2|Urshifu-*, L50, M|\n|poke|p2|Landorus, L50, M|\n|poke|p2|Incineroar, L50, M|\n|poke|p2|Whimsicott, L50, F|\n|poke|p2|Zamazenta-*, L50|\n|teampreview|4\n|showteam|p1|Sinistcha||EjectButton|Hospitality|MatchaGotcha,RagePowder,LifeDew,Protect||||||50|,,,,,Dark]Urshifu-Rapid-Strike||MysticWater|UnseenFist|SurgingStrikes,Taunt,AquaJet,Detect|||F|||50|,,,,,Steel]Terapagos||ElectricSeed|TeraShift|TeraStarstorm,EarthPower,Protect,CalmMind|||M|||50|,,,,,Stellar]Miraidon||ChoiceScarf|HadronEngine|ElectroDrift,VoltSwitch,DracoMeteor,Snarl||||||50|,,,,,Electric]Incineroar||AssaultVest|Intimidate|KnockOff,FakeOut,FlareBlitz,Uturn|||M|||50|,,,,,Bug]Chien-Pao||FocusSash|SwordofRuin|IcicleCrash,IcyWind,Protect,SuckerPunch||||||50|,,,,,Ghost\n|showteam|p2|Calyrex-Shadow||FocusSash|AsOneSpectrier|AstralBarrage,Psychic,Disable,Protect||||||50|,,,,,Ghost]Urshifu-Rapid-Strike||MysticWater|UnseenFist|SurgingStrikes,AquaJet,Taunt,Protect|||M|||50|,,,,,Water]Landorus||LifeOrb|SheerForce|EarthPower,SludgeBomb,Substitute,Protect|||M|||50|,,,,,Water]Incineroar||AssaultVest|Intimidate|FlareBlitz,KnockOff,FakeOut,Uturn|||M|||50|,,,,,Bug]Whimsicott||CovertCloak|Prankster|Moonblast,Tailwind,Encore,Protect|||F|||50|,,,,,Fire]Zamazenta-Crowned||RustedShield|DauntlessShield|BodyPress,HeavySlam,WideGuard,Protect||||||50|,,,,,Dragon\n|\n|t:|1774831264\n|teamsize|p1|4\n|teamsize|p2|4\n|start\n|switch|p1a: Urshifu|Urshifu-Rapid-Strike, L50, F|100/100\n|switch|p1b: Chien-Pao|Chien-Pao, L50|100/100\n|switch|p2a: Landorus|Landorus, L50, M|100/100\n|switch|p2b: Whimsicott|Whimsicott, L50, F|100/100\n|-ability|p1b: Chien-Pao|Sword of Ruin\n|turn|1\n|\n|t:|1774831290\n|switch|p2b: Zamazenta|Zamazenta-Crowned, L50|100/100\n|-ability|p2b: Zamazenta|Dauntless Shield|boost\n|-boost|p2b: Zamazenta|def|1\n|-terastallize|p2a: Landorus|Water\n|move|p1b: Chien-Pao|Icy Wind|p2a: Landorus|[spread] p2a,p2b\n|-resisted|p2a: Landorus\n|-resisted|p2b: Zamazenta\n|-damage|p2a: Landorus|94/100\n|-damage|p2b: Zamazenta|95/100\n|-unboost|p2a: Landorus|spe|1\n|-unboost|p2b: Zamazenta|spe|1\n|move|p1a: Urshifu|Surging Strikes|p2b: Zamazenta\n|-crit|p2b: Zamazenta\n|-damage|p2b: Zamazenta|75/100\n|-crit|p2b: Zamazenta\n|-damage|p2b: Zamazenta|54/100\n|-crit|p2b: Zamazenta\n|-damage|p2b: Zamazenta|31/100\n|-hitcount|p2b: Zamazenta|3\n|move|p2a: Landorus|Earth Power|p1a: Urshifu\n|-damage|p1a: Urshifu|9/100\n|\n|upkeep\n|turn|2\n|\n|t:|1774831332\n|move|p1b: Chien-Pao|Sucker Punch|p2a: Landorus\n|-damage|p2a: Landorus|46/100\n|move|p1a: Urshifu|Surging Strikes|p2a: Landorus\n|-resisted|p2a: Landorus\n|-crit|p2a: Landorus\n|-damage|p2a: Landorus|30/100\n|-resisted|p2a: Landorus\n|-crit|p2a: Landorus\n|-damage|p2a: Landorus|13/100\n|-resisted|p2a: Landorus\n|-crit|p2a: Landorus\n|-damage|p2a: Landorus|0 fnt\n|faint|p2a: Landorus\n|-hitcount|p2: Landorus|3\n|move|p2b: Zamazenta|Body Press|p1a: Urshifu\n|-crit|p1a: Urshifu\n|-damage|p1a: Urshifu|0 fnt\n|faint|p1a: Urshifu\n|\n|upkeep\n|\n|t:|1774831341\n|switch|p1a: Miraidon|Miraidon, L50, shiny|100/100\n|switch|p2a: Whimsicott|Whimsicott, L50, F|100/100\n|-fieldstart|move: Electric Terrain|[from] ability: Hadron Engine|[of] p1a: Miraidon\n|turn|3\n|\n|t:|1774831346\n|move|p2b: Zamazenta|Protect|p2b: Zamazenta\n|-singleturn|p2b: Zamazenta|Protect\n|move|p2a: Whimsicott|Tailwind|p2a: Whimsicott\n|-sidestart|p2: reverse cuomo|move: Tailwind\n|move|p1a: Miraidon|Volt Switch|p2b: Zamazenta\n|-activate|p2b: Zamazenta|move: Protect\n|move|p1b: Chien-Pao|Icicle Crash|p2a: Whimsicott\n|-supereffective|p2a: Whimsicott\n|-damage|p2a: Whimsicott|0 fnt\n|faint|p2a: Whimsicott\n|\n|upkeep\n|\n|t:|1774831349\n|switch|p2a: Calyrex|Calyrex-Shadow, L50|100/100\n|-ability|p2a: Calyrex|As One\n|-ability|p2a: Calyrex|Unnerve\n|turn|4\n|\n|t:|1774831367\n|move|p1b: Chien-Pao|Sucker Punch||[still]\n|-fail|p1b: Chien-Pao\n|move|p2a: Calyrex|Disable|p1a: Miraidon\n|-start|p1a: Miraidon|Disable|Volt Switch\n|cant|p1a: Miraidon|Disable|Volt Switch\n|move|p2b: Zamazenta|Body Press|p1b: Chien-Pao\n|-supereffective|p1b: Chien-Pao\n|-enditem|p1b: Chien-Pao|Focus Sash\n|-damage|p1b: Chien-Pao|1/100\n|\n|upkeep\n|turn|5\n|\n|t:|1774831411\n|switch|p1a: Sinistcha|Sinistcha, L50|100/100\n|-heal|p1b: Chien-Pao|26/100|[from] ability: Hospitality|[of] p1a: Sinistcha\n|move|p1b: Chien-Pao|Protect|p1b: Chien-Pao\n|-singleturn|p1b: Chien-Pao|Protect\n|move|p2a: Calyrex|Psychic|p1a: Sinistcha\n|-damage|p1a: Sinistcha|42/100\n|-enditem|p1a: Sinistcha|Eject Button\n|\n|t:|1774831419\n|switch|p1a: Miraidon|Miraidon, L50, shiny|100/100\n|-activate|p1a: Miraidon|ability: Hadron Engine\n|move|p2b: Zamazenta|Body Press|p1a: Miraidon\n|-damage|p1a: Miraidon|18/100\n|\n|upkeep\n|turn|6\n|\n|t:|1774831437\n|switch|p1a: Sinistcha|Sinistcha, L50|42/100\n|-heal|p1b: Chien-Pao|50/100|[from] ability: Hospitality|[of] p1a: Sinistcha\n|move|p1b: Chien-Pao|Sucker Punch|p2a: Calyrex\n|-supereffective|p2a: Calyrex\n|-enditem|p2a: Calyrex|Focus Sash\n|-damage|p2a: Calyrex|1/100\n|move|p2a: Calyrex|Astral Barrage|p1b: Chien-Pao|[spread] p1a,p1b\n|-supereffective|p1a: Sinistcha\n|-resisted|p1b: Chien-Pao\n|-damage|p1a: Sinistcha|0 fnt\n|-damage|p1b: Chien-Pao|4/100\n|faint|p1a: Sinistcha\n|-ability|p2a: Calyrex|Grim Neigh|boost\n|-boost|p2a: Calyrex|spa|1\n|move|p2b: Zamazenta|Heavy Slam|p1b: Chien-Pao\n|-supereffective|p1b: Chien-Pao\n|-damage|p1b: Chien-Pao|0 fnt\n|faint|p1b: Chien-Pao\n|\n|-sideend|p2: reverse cuomo|move: Tailwind\n|upkeep\n|-message|editaccount forfeited.\n|\n|win|reverse cuomo\n|n|\u2606editaccount|editaccount\n|n|\u2606reverse cuomo|reversecuomo\n|l|\u2606editaccount\n|player|p1|\n","uploadtime":1774831452,"views":130,"formatid":"gen9vgc2026regi","rating":null,"private":0,"password":null}