{"id":"gen9vgc2026regi-2529688076","format":"[Gen 9] VGC 2026 Reg I","players":["alexit93","bmbrvr"],"log":"|j|\u2606alexit93\n|j|\u2606bmbrvr\n|t:|1769811933\n|gametype|doubles\n|player|p1|alexit93|lucas-gen4pt|1249\n|player|p2|bmbrvr|silver|1286\n|gen|9\n|tier|[Gen 9] VGC 2026 Reg I\n|rated|\n|rule|Species Clause: Limit one of each Pok\u00e9mon\n|rule|Item Clause: Limit 1 of each item\n|clearpoke\n|poke|p1|Zamazenta-*, L50|\n|poke|p1|Riolu, L50, M|\n|poke|p1|Calyrex-Ice, L50|\n|poke|p1|Rillaboom, L50, F|\n|poke|p1|Incineroar, L50, F|\n|poke|p1|Urshifu-*, L50, F|\n|poke|p2|Koraidon, L50|\n|poke|p2|Necrozma-Dusk-Mane, L50|\n|poke|p2|Urshifu-*, L50, M|\n|poke|p2|Flutter Mane, L50|\n|poke|p2|Iron Moth, L50|\n|poke|p2|Whimsicott, L50, F|\n|teampreview|4\n|inactive|Battle timer is ON: inactive players will automatically lose when time's up. (requested by bmbrvr)\n|\n|t:|1769811962\n|teamsize|p1|4\n|teamsize|p2|4\n|start\n|switch|p1a: Calyrex|Calyrex-Ice, L50|100/100\n|switch|p1b: Riolu|Riolu, L50, M|100/100\n|switch|p2a: Whimsicott|Whimsicott, L50, F, shiny|100/100\n|switch|p2b: Flutter Mane|Flutter Mane, L50, shiny|100/100\n|-ability|p1a: Calyrex|As One\n|-ability|p1a: Calyrex|Unnerve\n|turn|1\n|\n|t:|1769811985\n|-terastallize|p1a: Calyrex|Ground\n|move|p1b: Riolu|Quick Guard|p1b: Riolu\n|-singleturn|p1b: Riolu|Quick Guard\n|move|p2a: Whimsicott|Taunt|p1b: Riolu\n|-activate|p1b: Riolu|move: Quick Guard\n|move|p2b: Flutter Mane|Imprison|p2b: Flutter Mane\n|-start|p2b: Flutter Mane|move: Imprison\n|cant|p1a: Calyrex|move: Imprison|Trick Room\n|\n|upkeep\n|turn|2\n|\n|t:|1769812005\n|switch|p1b: Incineroar|Incineroar, L50, F|100/100\n|-ability|p1b: Incineroar|Intimidate|boost\n|-unboost|p2a: Whimsicott|atk|1\n|-unboost|p2b: Flutter Mane|atk|1\n|move|p2a: Whimsicott|Taunt|p1b: Incineroar\n|-hint|Since gen 7, Dark is immune to Prankster moves.\n|-immune|p1b: Incineroar\n|move|p2b: Flutter Mane|Dazzling Gleam|p1a: Calyrex|[spread] p1a,p1b\n|-damage|p1a: Calyrex|73/100\n|-damage|p1b: Incineroar|65/100\n|move|p1a: Calyrex|Glacial Lance|p2a: Whimsicott|[spread] p2a,p2b\n|-supereffective|p2a: Whimsicott\n|-damage|p2a: Whimsicott|0 fnt\n|-enditem|p2b: Flutter Mane|Focus Sash\n|-damage|p2b: Flutter Mane|1/100\n|faint|p2a: Whimsicott\n|-ability|p1a: Calyrex|Chilling Neigh|boost\n|-boost|p1a: Calyrex|atk|1\n|\n|upkeep\n|\n|t:|1769812016\n|switch|p2a: Koraidon|Koraidon, L50, shiny|100/100\n|-weather|SunnyDay|[from] ability: Orichalcum Pulse|[of] p2a: Koraidon\n|-activate|p2b: Flutter Mane|ability: Protosynthesis\n|-start|p2b: Flutter Mane|protosynthesisspa\n|-activate|p2a: Koraidon|Orichalcum Pulse|[source]\n|turn|3\n|j| riyuezi\n|inactive|bmbrvr has 30 seconds left.\n|inactive|bmbrvr has 20 seconds left.\n|\n|t:|1769812055\n|-end|p2b: Flutter Mane|Protosynthesis|[silent]\n|switch|p2b: Iron Moth|Iron Moth, L50, shiny|100/100\n|-enditem|p2b: Iron Moth|Booster Energy\n|-activate|p2b: Iron Moth|ability: Quark Drive|[fromitem]\n|-start|p2b: Iron Moth|quarkdrivespa\n|-terastallize|p2a: Koraidon|Steel\n|move|p1b: Incineroar|Fake Out|p2a: Koraidon\n|-resisted|p2a: Koraidon\n|-damage|p2a: Koraidon|95/100\n|cant|p2a: Koraidon|flinch\n|move|p1a: Calyrex|Glacial Lance|p2b: Iron Moth|[spread] p2a,p2b\n|-resisted|p2a: Koraidon\n|-resisted|p2b: Iron Moth\n|-damage|p2a: Koraidon|50/100\n|-damage|p2b: Iron Moth|16/100\n|\n|-weather|SunnyDay|[upkeep]\n|upkeep\n|turn|4\n|inactive|bmbrvr has 30 seconds left.\n|l| riyuezi\n|inactive|bmbrvr has 20 seconds left.\n|\n|t:|1769812091\n|move|p1a: Calyrex|Protect|p1a: Calyrex\n|-singleturn|p1a: Calyrex|Protect\n|move|p2a: Koraidon|Breaking Swipe|p1a: Calyrex|[spread] p1b\n|-activate|p1a: Calyrex|move: Protect\n|-damage|p1b: Incineroar|23/100\n|-unboost|p1b: Incineroar|atk|1\n|-damage|p2a: Koraidon|33/100|[from] item: Rocky Helmet|[of] p1b: Incineroar\n|move|p2b: Iron Moth|Sludge Wave|p1b: Incineroar|[spread] p1b\n|-activate|p1a: Calyrex|move: Protect\n|-immune|p2a: Koraidon\n|-damage|p1b: Incineroar|0 fnt\n|faint|p1b: Incineroar\n|\n|-weather|SunnyDay|[upkeep]\n|upkeep\n|\n|t:|1769812107\n|switch|p1b: Riolu|Riolu, L50, M|100/100\n|turn|5\n|\n|t:|1769812119\n|move|p1b: Riolu|Rain Dance|p1b: Riolu\n|-weather|RainDance\n|move|p2a: Koraidon|Breaking Swipe|p1a: Calyrex|[spread] p1a,p1b\n|-damage|p1a: Calyrex|52/100\n|-damage|p1b: Riolu|54/100\n|-unboost|p1b: Riolu|atk|1\n|move|p2b: Iron Moth|Fiery Dance|p1a: Calyrex\n|-damage|p1a: Calyrex|31/100\n|-boost|p2b: Iron Moth|spa|1\n|move|p1a: Calyrex|Glacial Lance|p2b: Iron Moth|[spread] p2a,p2b\n|-resisted|p2a: Koraidon\n|-resisted|p2b: Iron Moth\n|-damage|p2a: Koraidon|0 fnt\n|-damage|p2b: Iron Moth|0 fnt\n|faint|p2a: Koraidon\n|faint|p2b: Iron Moth\n|-end|p2b: Iron Moth|Quark Drive|[silent]\n|-ability|p1a: Calyrex|Chilling Neigh|boost\n|-boost|p1a: Calyrex|atk|2\n|\n|-weather|RainDance|[upkeep]\n|upkeep\n|\n|t:|1769812125\n|switch|p2b: Flutter Mane|Flutter Mane, L50, shiny|1/100\n|turn|6\n|\n|t:|1769812138\n|switch|p1b: Zamazenta|Zamazenta-Crowned, L50, shiny|100/100\n|-ability|p1b: Zamazenta|Dauntless Shield|boost\n|-boost|p1b: Zamazenta|def|1\n|move|p1a: Calyrex|Protect|p1a: Calyrex\n|-singleturn|p1a: Calyrex|Protect\n|move|p2b: Flutter Mane|Dazzling Gleam|p1a: Calyrex|[spread] p1b\n|-activate|p1a: Calyrex|move: Protect\n|-damage|p1b: Zamazenta|74/100\n|\n|-weather|RainDance|[upkeep]\n|upkeep\n|turn|7\n|\n|t:|1769812148\n|move|p1b: Zamazenta|Wide Guard|p1b: Zamazenta\n|-singleturn|p1b: Zamazenta|Wide Guard\n|move|p2b: Flutter Mane|Tera Blast|p1a: Calyrex\n|-damage|p1a: Calyrex|8/100\n|move|p1a: Calyrex|High Horsepower|p2b: Flutter Mane\n|-damage|p2b: Flutter Mane|0 fnt\n|faint|p2b: Flutter Mane\n|-end|p2b: Flutter Mane|Protosynthesis|[silent]\n|\n|win|alexit93\n|raw|alexit93's rating: 1249 &rarr; <strong>1277</strong><br />(+28 for winning)\n|raw|bmbrvr's rating: 1286 &rarr; <strong>1258</strong><br />(-28 for losing)\n|l|\u2606bmbrvr\n|player|p2|\n|c|\u2606alexit93|gg\n|l|\u2606alexit93\n|player|p1|\n","uploadtime":1769812324,"views":12,"formatid":"gen9vgc2026regi","rating":1258,"private":0,"password":null}