{"id":"gen9vgc2026regi-2564051909","format":"[Gen 9] VGC 2026 Reg I","players":["Jthepoke","1VLTSQ Joker"],"log":"|raw|<div class=\"broadcast-blue\"><strong>This battle is required to be public due to a player having a name starting with '1vltsq'.</div>\n|j|\u2606Jthepoke\n|j|\u26061VLTSQ Joker\n|t:|1774104588\n|gametype|doubles\n|player|p1|Jthepoke|266|1438\n|player|p2|1VLTSQ Joker|blue|1574\n|gen|9\n|tier|[Gen 9] VGC 2026 Reg I\n|rated|\n|rule|Species Clause: Limit one of each Pok\u00e9mon\n|rule|Item Clause: Limit 1 of each item\n|clearpoke\n|poke|p1|Zacian-*, L50|\n|poke|p1|Lunala, L50|\n|poke|p1|Incineroar, L50, M|\n|poke|p1|Ursaluna, L50, M|\n|poke|p1|Roaring Moon, L50|\n|poke|p1|Ogerpon-Cornerstone, L50, F|\n|poke|p2|Calyrex-Ice, L50|\n|poke|p2|Smeargle, L50, M|\n|poke|p2|Kyogre, L50|\n|poke|p2|Maushold, L50|\n|poke|p2|Volcarona, L50, F|\n|poke|p2|Chesnaught, L50, M|\n|teampreview|4\nJthepoke has agreed to open team sheets.\n|\n|t:|1774104625\n|teamsize|p1|4\n|teamsize|p2|4\n|start\n|switch|p1a: Zacian|Zacian-Crowned, L50|100/100\n|switch|p1b: Roaring Moon|Roaring Moon, L50|100/100\n|switch|p2a: Calyrex|Calyrex-Ice, L50|100/100\n|switch|p2b: Smeargle|Smeargle, L50, M|100/100\n|-ability|p2a: Calyrex|As One\n|-ability|p2a: Calyrex|Unnerve\n|-ability|p1a: Zacian|Intrepid Sword|boost\n|-boost|p1a: Zacian|atk|1\n|-enditem|p1b: Roaring Moon|Booster Energy\n|-activate|p1b: Roaring Moon|ability: Protosynthesis|[fromitem]\n|-start|p1b: Roaring Moon|protosynthesisspe\n|turn|1\n|j| 1vltsq we\n|\n|t:|1774104682\n|-terastallize|p1b: Roaring Moon|Poison\n|-terastallize|p2a: Calyrex|Grass\n|move|p2b: Smeargle|Fake Out|p1a: Zacian\n|-resisted|p1a: Zacian\n|-damage|p1a: Zacian|98/100\n|move|p1b: Roaring Moon|Breaking Swipe|p2b: Smeargle|[spread] p2a,p2b\n|-damage|p2a: Calyrex|87/100\n|-damage|p2b: Smeargle|50/100\n|-unboost|p2a: Calyrex|atk|1\n|-unboost|p2b: Smeargle|atk|1\n|cant|p1a: Zacian|flinch\n|move|p2a: Calyrex|Glacial Lance|p1b: Roaring Moon|[spread] p1a,p1b\n|-resisted|p1a: Zacian\n|-damage|p1a: Zacian|83/100\n|-damage|p1b: Roaring Moon|60/100\n|\n|-ability|p2b: Smeargle|Moody|boost\n|-boost|p2b: Smeargle|spd|2\n|-unboost|p2b: Smeargle|spe|1\n|upkeep\n|turn|2\n|c| 1vltsq we|bro is doing it again\n|c|\u26061VLTSQ Joker|just faced #1\n|c|\u26061VLTSQ Joker|lost on speed tie :(\n|\n|t:|1774104722\n|move|p2b: Smeargle|Follow Me|p2b: Smeargle\n|-singleturn|p2b: Smeargle|move: Follow Me\n|move|p1b: Roaring Moon|Breaking Swipe|p2b: Smeargle|[spread] p2a,p2b\n|-damage|p2a: Calyrex|75/100\n|-damage|p2b: Smeargle|5/100\n|-unboost|p2a: Calyrex|atk|1\n|-unboost|p2b: Smeargle|atk|1\n|move|p1a: Zacian|Behemoth Blade|p2b: Smeargle\n|-damage|p2b: Smeargle|0 fnt\n|faint|p2b: Smeargle\n|move|p2a: Calyrex|Glacial Lance|p1b: Roaring Moon|[spread] p1a,p1b\n|-resisted|p1a: Zacian\n|-damage|p1a: Zacian|72/100\n|-damage|p1b: Roaring Moon|28/100\n|\n|upkeep\n|\n|t:|1774104731\n|switch|p2b: Volcarona|Volcarona, L50, F|100/100\n|turn|3\n|c| 1vltsq we|I saw in 1v1 chat\n|c|\u26061VLTSQ Joker|sad sad now im depressed\n|c|\u26061VLTSQ Joker|ill get back :)\n|c| 1vltsq we|lol\n|c| 1vltsq we|ur force publicing games, leaking prep\n|c|\u26061VLTSQ Joker|:)))\n|\n|t:|1774104766\n|move|p1a: Zacian|Protect|p1a: Zacian\n|-singleturn|p1a: Zacian|Protect\n|move|p2b: Volcarona|Rage Powder|p2b: Volcarona\n|-singleturn|p2b: Volcarona|move: Rage Powder\n|move|p1b: Roaring Moon|Tailwind|p1b: Roaring Moon\n|-sidestart|p1: Jthepoke|move: Tailwind\n|move|p2a: Calyrex|High Horsepower|p1b: Roaring Moon\n|-supereffective|p1b: Roaring Moon\n|-damage|p1b: Roaring Moon|0 fnt\n|faint|p1b: Roaring Moon\n|-end|p1b: Roaring Moon|Protosynthesis|[silent]\n|-ability|p2a: Calyrex|Chilling Neigh|boost\n|-boost|p2a: Calyrex|atk|1\n|\n|upkeep\n|\n|t:|1774104775\n|switch|p1b: Ogerpon|Ogerpon-Cornerstone, L50, F|100/100\n|turn|4\n|\n|t:|1774104796\n|move|p1a: Zacian|Protect||[still]\n|-fail|p1a: Zacian\n|move|p2b: Volcarona|Protect|p2b: Volcarona\n|-singleturn|p2b: Volcarona|Protect\n|move|p1b: Ogerpon|Ivy Cudgel|p2b: Volcarona|[anim] Ivy Cudgel Rock\n|-activate|p2b: Volcarona|move: Protect\n|move|p2a: Calyrex|Glacial Lance|p1b: Ogerpon|[spread] p1a,p1b\n|-resisted|p1a: Zacian\n|-supereffective|p1b: Ogerpon\n|-damage|p1a: Zacian|54/100\n|-damage|p1b: Ogerpon|27/100\n|\n|upkeep\n|turn|5\n|\n|t:|1774104821\n|move|p1a: Zacian|Protect|p1a: Zacian\n|-singleturn|p1a: Zacian|Protect\n|move|p2b: Volcarona|Rage Powder|p2b: Volcarona\n|-singleturn|p2b: Volcarona|move: Rage Powder\n|move|p1b: Ogerpon|Ivy Cudgel|p2b: Volcarona|[anim] Ivy Cudgel Rock\n|-supereffective|p2b: Volcarona\n|-damage|p2b: Volcarona|0 fnt\n|faint|p2b: Volcarona\n|move|p2a: Calyrex|Glacial Lance|p1b: Ogerpon|[spread] p1b\n|-activate|p1a: Zacian|move: Protect\n|-supereffective|p1b: Ogerpon\n|-damage|p1b: Ogerpon|0 fnt\n|faint|p1b: Ogerpon\n|-ability|p2a: Calyrex|Chilling Neigh|boost\n|-boost|p2a: Calyrex|atk|1\n|\n|upkeep\n|\n|t:|1774104828\n|switch|p1b: Lunala|Lunala, L50, shiny|100/100\n|switch|p2b: Kyogre|Kyogre, L50|100/100\n|-weather|RainDance|[from] ability: Drizzle|[of] p2b: Kyogre\n|turn|6\n|\n|t:|1774104846\n|move|p1a: Zacian|Play Rough|p2b: Kyogre\n|-damage|p2b: Kyogre|16/100\n|move|p1b: Lunala|Meteor Beam||[still]\n|-prepare|p1b: Lunala|Meteor Beam\n|-boost|p1b: Lunala|spa|1\n|-enditem|p1b: Lunala|Power Herb\n|-anim|p1b: Lunala|Meteor Beam|p2b: Kyogre\n|-damage|p2b: Kyogre|0 fnt\n|faint|p2b: Kyogre\n|move|p2a: Calyrex|Crunch|p1b: Lunala\n|-supereffective|p1b: Lunala\n|-damage|p1b: Lunala|41/100\n|\n|-weather|RainDance|[upkeep]\n|-sideend|p1: Jthepoke|move: Tailwind\n|upkeep\n|turn|7\n|c|\u26061VLTSQ Joker|that is a very fast bird\n|c|\u2606Jthepoke|Gg\n|c|\u2606Jthepoke|Scarf kyogre?\n|c|\u26061VLTSQ Joker|yea\n|\n|t:|1774104896\n|move|p1a: Zacian|Behemoth Blade|p2a: Calyrex\n|-damage|p2a: Calyrex|22/100\n|move|p1b: Lunala|Moongeist Beam|p2a: Calyrex\n|-damage|p2a: Calyrex|0 fnt\n|faint|p2a: Calyrex\n|\n|win|Jthepoke\n|raw|Jthepoke's rating: 1438 &rarr; <strong>1465</strong><br />(+27 for winning)\n|raw|1VLTSQ Joker's rating: 1574 &rarr; <strong>1547</strong><br />(-27 for losing)\n|c|\u26061VLTSQ Joker|gg\n|l|\u26061VLTSQ Joker\n|player|p2|\n|c|\u2606Jthepoke|Yup\n|c| 1vltsq we|gg\n|l| 1vltsq we\n|l|\u2606Jthepoke\n|player|p1|\n|j|\u2606Jthepoke\n|player|p1|Jthepoke|266|\n|l|\u2606Jthepoke\n|player|p1|\n|j|\u2606Jthepoke\n|player|p1|Jthepoke|266|\n","uploadtime":1774105028,"views":41,"formatid":"gen9vgc2026regi","rating":1465,"private":0,"password":null}