{"id":"gen9vgc2026regi-2543413012","format":"[Gen 9] VGC 2026 Reg I","players":["TheManOfSausage","multi-filter"],"log":"|j|\u2606TheManOfSausage\n|j|\u2606multi-filter\n|t:|1771568710\n|gametype|doubles\n|player|p1|TheManOfSausage|miku-water|1476\n|player|p2|multi-filter|101|1473\n|gen|9\n|tier|[Gen 9] VGC 2026 Reg I\n|rated|\n|rule|Species Clause: Limit one of each Pok\u00e9mon\n|rule|Item Clause: Limit 1 of each item\n|clearpoke\n|poke|p1|Miraidon, L50|\n|poke|p1|Groudon, L50|\n|poke|p1|Iron Hands, L50|\n|poke|p1|Incineroar, L50, M|\n|poke|p1|Iron Jugulis, L50|\n|poke|p1|Farigiraf, L50, F|\n|poke|p2|Calyrex-Ice, L50|\n|poke|p2|Incineroar, L50, F|\n|poke|p2|Miraidon, L50|\n|poke|p2|Iron Bundle, L50|\n|poke|p2|Farigiraf, L50, F|\n|poke|p2|Ogerpon-Hearthflame, L50, F|\n|teampreview|4\n|\n|t:|1771568732\n|teamsize|p1|4\n|teamsize|p2|4\n|start\n|switch|p1a: Miraidon|Miraidon, L50|100/100\n|switch|p1b: Iron Jugulis|Iron Jugulis, L50|100/100\n|switch|p2a: Miraidon|Miraidon, L50|100/100\n|switch|p2b: Iron Bundle|Iron Bundle, L50|100/100\n|-fieldstart|move: Electric Terrain|[from] ability: Hadron Engine|[of] p2a: Miraidon\n|-activate|p2b: Iron Bundle|ability: Quark Drive\n|-start|p2b: Iron Bundle|quarkdrivespe\n|-activate|p1b: Iron Jugulis|ability: Quark Drive\n|-start|p1b: Iron Jugulis|quarkdrivespe\n|-activate|p1a: Miraidon|ability: Hadron Engine\n|turn|1\n|\n|t:|1771568754\n|-terastallize|p2a: Miraidon|Fairy\n|move|p1a: Miraidon|Protect|p1a: Miraidon\n|-singleturn|p1a: Miraidon|Protect\n|move|p2b: Iron Bundle|Blizzard|p1b: Iron Jugulis|[spread] p1b\n|-activate|p1a: Miraidon|move: Protect\n|-supereffective|p1b: Iron Jugulis\n|-damage|p1b: Iron Jugulis|13/100\n|move|p1b: Iron Jugulis|Tailwind|p1b: Iron Jugulis\n|-sidestart|p1: TheManOfSausage|move: Tailwind\n|move|p2a: Miraidon|Dazzling Gleam|p1a: Miraidon|[spread] p1b\n|-activate|p1a: Miraidon|move: Protect\n|-supereffective|p1b: Iron Jugulis\n|-damage|p1b: Iron Jugulis|0 fnt\n|faint|p1b: Iron Jugulis\n|-end|p1b: Iron Jugulis|Quark Drive|[silent]\n|\n|upkeep\n|\n|t:|1771568760\n|switch|p1b: Groudon|Groudon, L50|100/100\n|-weather|SunnyDay|[from] ability: Drought|[of] p1b: Groudon\n|turn|2\n|\n|t:|1771568778\n|-terastallize|p1b: Groudon|Fire\n|move|p1a: Miraidon|Volt Switch|p2b: Iron Bundle\n|-supereffective|p2b: Iron Bundle\n|-enditem|p2b: Iron Bundle|Focus Sash\n|-damage|p2b: Iron Bundle|1/100\n|\n|t:|1771568781\n|switch|p1a: Brian|Iron Hands, L50, shiny|100/100|[from] Volt Switch\n|-activate|p1a: Brian|ability: Quark Drive\n|-start|p1a: Brian|quarkdriveatk\n|move|p2b: Iron Bundle|Snowscape|p2b: Iron Bundle\n|-weather|Snowscape\n|move|p2a: Miraidon|Dazzling Gleam|p1b: Groudon|[spread] p1a,p1b\n|-supereffective|p1a: Brian\n|-resisted|p1b: Groudon\n|-damage|p1a: Brian|46/100\n|-damage|p1b: Groudon|80/100\n|move|p1b: Groudon|Swords Dance|p1b: Groudon\n|-boost|p1b: Groudon|atk|2\n|\n|-weather|Snowscape|[upkeep]\n|upkeep\n|turn|3\n|\n|t:|1771568797\n|move|p1a: Brian|Fake Out|p2b: Iron Bundle\n|-damage|p2b: Iron Bundle|0 fnt\n|faint|p2b: Iron Bundle\n|-end|p2b: Iron Bundle|Quark Drive|[silent]\n|move|p2a: Miraidon|Dazzling Gleam|p1a: Brian|[spread] p1a,p1b\n|-supereffective|p1a: Brian\n|-resisted|p1b: Groudon\n|-damage|p1a: Brian|0 fnt\n|-damage|p1b: Groudon|58/100\n|faint|p1a: Brian\n|-end|p1a: Brian|Quark Drive|[silent]\n|move|p1b: Groudon|Precipice Blades|p2a: Miraidon\n|-damage|p2a: Miraidon|0 fnt\n|faint|p2a: Miraidon\n|\n|-weather|Snowscape|[upkeep]\n|upkeep\n|\n|t:|1771568809\n|switch|p2b: Farigiraf|Farigiraf, L50, F|100/100\n|switch|p2a: \u9e7f\u51a0\u738b-\u767d\u51a0|Calyrex-Ice, L50|100/100\n|switch|p1a: Miraidon|Miraidon, L50|100/100\n|-ability|p2a: \u9e7f\u51a0\u738b-\u767d\u51a0|As One\n|-ability|p2a: \u9e7f\u51a0\u738b-\u767d\u51a0|Unnerve\n|-activate|p1a: Miraidon|ability: Hadron Engine\n|-enditem|p2b: Farigiraf|Electric Seed\n|-boost|p2b: Farigiraf|def|1|[from] item: Electric Seed\n|turn|4\n|\n|t:|1771568832\n|move|p1a: Miraidon|Electro Drift|p2b: Farigiraf\n|-damage|p2b: Farigiraf|26/100\n|move|p1b: Groudon|Precipice Blades|p2b: Farigiraf|[spread] p2a,p2b\n|-damage|p2a: \u9e7f\u51a0\u738b-\u767d\u51a0|57/100\n|-damage|p2b: Farigiraf|0 fnt\n|faint|p2b: Farigiraf\n|move|p2a: \u9e7f\u51a0\u738b-\u767d\u51a0|High Horsepower|p1b: Groudon\n|-supereffective|p1b: Groudon\n|-damage|p1b: Groudon|2/100\n|\n|-weather|Snowscape|[upkeep]\n|-sideend|p1: TheManOfSausage|move: Tailwind\n|upkeep\n|turn|5\n|\n|t:|1771568843\n|move|p1a: Miraidon|Electro Drift|p2a: \u9e7f\u51a0\u738b-\u767d\u51a0\n|-damage|p2a: \u9e7f\u51a0\u738b-\u767d\u51a0|14/100\n|move|p1b: Groudon|Fire Punch|p2a: \u9e7f\u51a0\u738b-\u767d\u51a0\n|-supereffective|p2a: \u9e7f\u51a0\u738b-\u767d\u51a0\n|-damage|p2a: \u9e7f\u51a0\u738b-\u767d\u51a0|0 fnt\n|faint|p2a: \u9e7f\u51a0\u738b-\u767d\u51a0\n|\n|win|TheManOfSausage\n|raw|TheManOfSausage's rating: 1476 &rarr; <strong>1496</strong><br />(+20 for winning)\n|raw|multi-filter's rating: 1473 &rarr; <strong>1453</strong><br />(-20 for losing)\n|c|\u2606TheManOfSausage|gg\n|l|\u2606TheManOfSausage\n|player|p1|\n|l|\u2606multi-filter\n|player|p2|\n","uploadtime":1771569101,"views":19,"formatid":"gen9vgc2026regi","rating":1453,"private":0,"password":null}