{"id":"gen9vgc2026regi-2556850986","format":"[Gen 9] VGC 2026 Reg I","players":["ArisHazard","KogaAF1219"],"log":"|j|\u2606ArisHazard\n|j|\u2606KogaAF1219\n|t:|1773254218\n|gametype|doubles\n|player|p1|ArisHazard|101|1390\n|player|p2|KogaAF1219|102|1413\n|gen|9\n|tier|[Gen 9] VGC 2026 Reg I\n|rated|\n|rule|Species Clause: Limit one of each Pok\u00e9mon\n|rule|Item Clause: Limit 1 of each item\n|clearpoke\n|poke|p1|Calyrex-Ice, L50|\n|poke|p1|Urshifu-*, L50, M|\n|poke|p1|Miraidon, L50|\n|poke|p1|Tornadus, L50, M|\n|poke|p1|Sableye, L50, F|\n|poke|p1|Ting-Lu, L50|\n|poke|p2|Kyogre, L50|\n|poke|p2|Illumise, L50, F|\n|poke|p2|Calyrex-Shadow, L50|\n|poke|p2|Iron Crown, L50|\n|poke|p2|Indeedee, L50, M|\n|poke|p2|Gastrodon, L50, M|\n|teampreview|4\n|inactive|Battle timer is ON: inactive players will automatically lose when time's up. (requested by KogaAF1219)\n|\n|t:|1773254243\n|teamsize|p1|4\n|teamsize|p2|4\n|start\n|switch|p1a: Miraidon|Miraidon, L50|100/100\n|switch|p1b: Tornadus|Tornadus, L50, M|100/100\n|switch|p2a: Kyogre|Kyogre, L50|100/100\n|switch|p2b: Calyrex|Calyrex-Shadow, L50|100/100\n|-ability|p2b: Calyrex|As One\n|-ability|p2b: Calyrex|Unnerve\n|-weather|RainDance|[from] ability: Drizzle|[of] p2a: Kyogre\n|-fieldstart|move: Electric Terrain|[from] ability: Hadron Engine|[of] p1a: Miraidon\n|turn|1\n|\n|t:|1773254264\n|switch|p2a: Gastrodon|Gastrodon, L50, M|100/100\n|-terastallize|p2b: Calyrex|Ground\n|move|p1b: Tornadus|Tailwind|p1b: Tornadus\n|-sidestart|p1: ArisHazard|move: Tailwind\n|move|p1a: Miraidon|Snarl|p2b: Calyrex|[spread] p2a,p2b\n|-damage|p2a: Gastrodon|82/100\n|-damage|p2b: Calyrex|78/100\n|-unboost|p2a: Gastrodon|spa|1\n|-unboost|p2b: Calyrex|spa|1\n|move|p2b: Calyrex|Astral Barrage|p1a: Miraidon|[spread] p1a,p1b\n|-damage|p1a: Miraidon|70/100\n|-damage|p1b: Tornadus|44/100\n|-damage|p2b: Calyrex|68/100|[from] item: Life Orb\n|\n|-weather|RainDance|[upkeep]\n|-heal|p2a: Gastrodon|88/100|[from] item: Leftovers\n|upkeep\n|turn|2\n|inactive|ArisHazard has 30 seconds left.\n|\n|t:|1773254289\n|switch|p2a: Indeedee|Indeedee, L50, M|100/100\n|-fieldstart|move: Psychic Terrain|[from] ability: Psychic Surge|[of] p2a: Indeedee\n|move|p1b: Tornadus|Taunt|p2a: Indeedee\n|-activate|p2a: Indeedee|move: Psychic Terrain\n|move|p1a: Miraidon|Snarl|p2a: Indeedee|[spread] p2a,p2b\n|-supereffective|p2a: Indeedee\n|-damage|p2a: Indeedee|59/100\n|-damage|p2b: Calyrex|53/100\n|-unboost|p2a: Indeedee|spa|1\n|-unboost|p2b: Calyrex|spa|1\n|move|p2b: Calyrex|Astral Barrage|p1a: Miraidon|[spread] p1a,p1b\n|-damage|p1a: Miraidon|49/100\n|-damage|p1b: Tornadus|3/100\n|-damage|p2b: Calyrex|43/100|[from] item: Life Orb\n|\n|-weather|RainDance|[upkeep]\n|upkeep\n|turn|3\n|\n|t:|1773254310\n|switch|p2b: Kyogre|Kyogre, L50|100/100\n|move|p1a: Miraidon|Volt Switch|p2a: Indeedee\n|-damage|p2a: Indeedee|5/100\n|\n|t:|1773254316\n|switch|p1a: Calyrex|Calyrex-Ice, L50|100/100|[from] Volt Switch\n|-ability|p1a: Calyrex|As One\n|-ability|p1a: Calyrex|Unnerve\n|move|p1b: Tornadus|Bleakwind Storm|p2b: Kyogre|[spread] p2a,p2b\n|-damage|p2a: Indeedee|0 fnt\n|-damage|p2b: Kyogre|76/100\n|faint|p2a: Indeedee\n|\n|-weather|RainDance|[upkeep]\n|upkeep\n|\n|t:|1773254328\n|switch|p2a: Calyrex|Calyrex-Shadow, L50, tera:Ground|43/100\n|-ability|p2a: Calyrex|As One\n|-ability|p2a: Calyrex|Unnerve\n|turn|4\n|\n|t:|1773254335\n|move|p1b: Tornadus|Bleakwind Storm|p2a: Calyrex|[spread] p2a,p2b\n|-damage|p2a: Calyrex|6/100\n|-damage|p2b: Kyogre|51/100\n|move|p2b: Kyogre|Hydro Pump|p1a: Calyrex\n|-damage|p1a: Calyrex|38/100\n|move|p2a: Calyrex|Astral Barrage|p1a: Calyrex|[spread] p1a,p1b\n|-supereffective|p1a: Calyrex\n|-damage|p1a: Calyrex|0 fnt\n|-damage|p1b: Tornadus|0 fnt\n|faint|p1a: Calyrex\n|faint|p1b: Tornadus\n|-ability|p2a: Calyrex|Grim Neigh|boost\n|-boost|p2a: Calyrex|spa|2\n|-damage|p2a: Calyrex|0 fnt|[from] item: Life Orb\n|faint|p2a: Calyrex\n|\n|-weather|RainDance|[upkeep]\n|-sideend|p1: ArisHazard|move: Tailwind\n|upkeep\n|\n|t:|1773254355\n|switch|p2a: Gastrodon|Gastrodon, L50, M|88/100\n|switch|p1b: Sableye|Sableye, L50, F|100/100\n|switch|p1a: Miraidon|Miraidon, L50|49/100\n|-fieldstart|move: Electric Terrain|[from] ability: Hadron Engine|[of] p1a: Miraidon\n|turn|5\n|\n|t:|1773254365\n|move|p1b: Sableye|Protect|p1b: Sableye\n|-singleturn|p1b: Sableye|Protect\n|move|p2b: Kyogre|Hydro Pump|p2a: Gastrodon\n|-activate|p2a: Gastrodon|ability: Storm Drain\n|-ability|p2a: Gastrodon|Storm Drain|boost\n|-boost|p2a: Gastrodon|spa|1\n|move|p1a: Miraidon|Electro Drift|p2b: Kyogre\n|-supereffective|p2b: Kyogre\n|-damage|p2b: Kyogre|0 fnt\n|faint|p2b: Kyogre\n|move|p2a: Gastrodon|Ice Beam|p1a: Miraidon\n|-supereffective|p1a: Miraidon\n|-damage|p1a: Miraidon|17/100\n|\n|-weather|none\n|-heal|p2a: Gastrodon|94/100|[from] item: Leftovers\n|upkeep\n|turn|6\n|\n|t:|1773254383\n|move|p1b: Sableye|Disable|p2a: Gastrodon\n|-start|p2a: Gastrodon|Disable|Ice Beam\n|move|p1a: Miraidon|Snarl|p2a: Gastrodon\n|-damage|p2a: Gastrodon|68/100\n|-unboost|p2a: Gastrodon|spa|1\n|cant|p2a: Gastrodon|Disable|Ice Beam\n|\n|-heal|p2a: Gastrodon|74/100|[from] item: Leftovers\n|upkeep\n|turn|7\n|\n|t:|1773254395\n|move|p1b: Sableye|Encore|p2a: Gastrodon\n|-start|p2a: Gastrodon|Encore\n|move|p1a: Miraidon|Snarl|p2a: Gastrodon\n|-damage|p2a: Gastrodon|50/100\n|-unboost|p2a: Gastrodon|spa|1\n|cant|p2a: Gastrodon|Disable|Ice Beam\n|\n|-heal|p2a: Gastrodon|56/100|[from] item: Leftovers\n|upkeep\n|turn|8\n|\n|t:|1773254406\n|move|p1a: Miraidon|Snarl|p2a: Gastrodon\n|-damage|p2a: Gastrodon|29/100\n|-unboost|p2a: Gastrodon|spa|1\n|move|p1b: Sableye|Foul Play|p2a: Gastrodon\n|-crit|p2a: Gastrodon\n|-damage|p2a: Gastrodon|2/100\n|-activate|p2a: Gastrodon|move: Struggle\n|move|p2a: Gastrodon|Struggle|p1a: Miraidon\n|-crit|p1a: Miraidon\n|-damage|p1a: Miraidon|7/100\n|-damage|p2a: Gastrodon|0 fnt|[from] recoil\n|faint|p2a: Gastrodon\n|\n|win|ArisHazard\n|raw|ArisHazard's rating: 1390 &rarr; <strong>1411</strong><br />(+21 for winning)\n|raw|KogaAF1219's rating: 1413 &rarr; <strong>1392</strong><br />(-21 for losing)\n|l|\u2606KogaAF1219\n|player|p2|\n|l|\u2606ArisHazard\n|player|p1|\n","uploadtime":1773254647,"views":10,"formatid":"gen9vgc2026regi","rating":1392,"private":0,"password":null}