{"id":"gen9vgc2026regi-2547556813","format":"[Gen 9] VGC 2026 Reg I","players":["blackred123","Zorse Mentality"],"log":"|j|\u2606blackred123\n|j|\u2606Zorse Mentality\n|t:|1772108277\n|gametype|doubles\n|player|p1|blackred123|iono-masters|1450\n|player|p2|Zorse Mentality|1|1347\n|gen|9\n|tier|[Gen 9] VGC 2026 Reg I\n|rated|\n|rule|Species Clause: Limit one of each Pok\u00e9mon\n|rule|Item Clause: Limit 1 of each item\n|clearpoke\n|poke|p1|Zamazenta-*, L50|\n|poke|p1|Calyrex-Shadow, L50|\n|poke|p1|Tornadus, L50, M|\n|poke|p1|Rillaboom, L50, F|\n|poke|p1|Smeargle, L50, F|\n|poke|p1|Raging Bolt, L50|\n|poke|p2|Calyrex-Shadow, L50|\n|poke|p2|Miraidon, L50|\n|poke|p2|Dondozo, L50, M|\n|poke|p2|Tatsugiri, L50, F|\n|poke|p2|Weezing-Galar, L50, F|\n|poke|p2|Raichu-Alola, L50, F|\n|teampreview|4\n|inactive|Battle timer is ON: inactive players will automatically lose when time's up. (requested by blackred123)\n|\n|t:|1772108305\n|teamsize|p1|4\n|teamsize|p2|4\n|start\n|switch|p1a: \u9a6c\u6b7b\u4e86|Calyrex-Shadow, L50|100/100\n|switch|p1b: \u72d7\u7b14\u517b\u7684|Smeargle, L50, F|100/100\n|switch|p2a: Miraidon|Miraidon, L50|100/100\n|switch|p2b: Raichu|Raichu-Alola, L50, F|100/100\n|-ability|p1a: \u9a6c\u6b7b\u4e86|As One\n|-ability|p1a: \u9a6c\u6b7b\u4e86|Unnerve\n|-fieldstart|move: Electric Terrain|[from] ability: Hadron Engine|[of] p2a: Miraidon\n|turn|1\n|inactive|blackred123 has 30 seconds left.\n|inactive|Zorse Mentality has 30 seconds left.\n|inactive|blackred123 has 20 seconds left.\n|inactive|Zorse Mentality has 20 seconds left.\n|inactive|blackred123 has 15 seconds left.\n|inactive|Zorse Mentality has 15 seconds left.\n|inactive|Zorse Mentality has 10 seconds left.\n|\n|t:|1772108354\n|-terastallize|p1b: \u72d7\u7b14\u517b\u7684|Ghost\n|move|p2a: Miraidon|Protect|p2a: Miraidon\n|-singleturn|p2a: Miraidon|Protect\n|move|p1b: \u72d7\u7b14\u517b\u7684|Fake Out|p2a: Miraidon\n|-activate|p2a: Miraidon|move: Protect\n|move|p2b: Raichu|Nuzzle|p1a: \u9a6c\u6b7b\u4e86\n|-damage|p1a: \u9a6c\u6b7b\u4e86|92/100\n|-status|p1a: \u9a6c\u6b7b\u4e86|par\n|move|p1a: \u9a6c\u6b7b\u4e86|Nasty Plot|p1a: \u9a6c\u6b7b\u4e86\n|-boost|p1a: \u9a6c\u6b7b\u4e86|spa|2\n|\n|-ability|p1b: \u72d7\u7b14\u517b\u7684|Moody|boost\n|-boost|p1b: \u72d7\u7b14\u517b\u7684|spd|2\n|-unboost|p1b: \u72d7\u7b14\u517b\u7684|def|1\n|upkeep\n|turn|2\n|inactive|Zorse Mentality has 30 seconds left.\n|inactive|Zorse Mentality has 20 seconds left.\n|inactive|Zorse Mentality has 15 seconds left.\n|inactive|Zorse Mentality has 10 seconds left.\n|\n|t:|1772108403\n|switch|p2b: Dondozo|Dondozo, L50, M|100/100\n|move|p1b: \u72d7\u7b14\u517b\u7684|Follow Me|p1b: \u72d7\u7b14\u517b\u7684\n|-singleturn|p1b: \u72d7\u7b14\u517b\u7684|move: Follow Me\n|move|p2a: Miraidon|Volt Switch|p1b: \u72d7\u7b14\u517b\u7684\n|-enditem|p1b: \u72d7\u7b14\u517b\u7684|Focus Sash\n|-damage|p1b: \u72d7\u7b14\u517b\u7684|1/100\n|-damage|p2a: Miraidon|91/100|[from] item: Life Orb\n|\n|t:|1772108413\n|switch|p2a: Tatsugiri|Tatsugiri, L50, F|100/100|[from] Volt Switch\n|-activate|p2a: Tatsugiri|ability: Commander|[of] p2b: Dondozo\n|-boost|p2b: Dondozo|atk|2\n|-boost|p2b: Dondozo|spa|2\n|-boost|p2b: Dondozo|spe|2\n|-boost|p2b: Dondozo|def|2\n|-boost|p2b: Dondozo|spd|2\n|move|p1a: \u9a6c\u6b7b\u4e86|Astral Barrage|p2a: Tatsugiri|[spread] p2b\n|-miss|p1a: \u9a6c\u6b7b\u4e86|p2a: Tatsugiri\n|-damage|p2b: Dondozo|79/100\n|-damage|p1a: \u9a6c\u6b7b\u4e86|83/100 par|[from] item: Life Orb\n|\n|-ability|p1b: \u72d7\u7b14\u517b\u7684|Moody|boost\n|-boost|p1b: \u72d7\u7b14\u517b\u7684|atk|2\n|-unboost|p1b: \u72d7\u7b14\u517b\u7684|spe|1\n|upkeep\n|turn|3\n|\n|t:|1772108439\n|move|p1a: \u9a6c\u6b7b\u4e86|Protect|p1a: \u9a6c\u6b7b\u4e86\n|-singleturn|p1a: \u9a6c\u6b7b\u4e86|Protect\n|move|p2b: Dondozo|Earthquake|p1b: \u72d7\u7b14\u517b\u7684|[spread] p1b\n|-miss|p2b: Dondozo|p2a: Tatsugiri\n|-activate|p1a: \u9a6c\u6b7b\u4e86|move: Protect\n|-damage|p1b: \u72d7\u7b14\u517b\u7684|0 fnt\n|faint|p1b: \u72d7\u7b14\u517b\u7684\n|\n|upkeep\n|\n|t:|1772108444\n|switch|p1b: \u7acb\u4e86|Raging Bolt, L50|100/100\n|-enditem|p1b: \u7acb\u4e86|Booster Energy\n|-activate|p1b: \u7acb\u4e86|ability: Protosynthesis|[fromitem]\n|-start|p1b: \u7acb\u4e86|protosynthesisspa\n|turn|4\n|\n|t:|1772108460\n|-terastallize|p2b: Dondozo|Grass\n|move|p1b: \u7acb\u4e86|Thunderclap|p2b: Dondozo\n|-resisted|p2b: Dondozo\n|-damage|p2b: Dondozo|67/100\n|move|p2b: Dondozo|Order Up|p1a: \u9a6c\u6b7b\u4e86\n|-damage|p1a: \u9a6c\u6b7b\u4e86|46/100 par\n|-boost|p2b: Dondozo|atk|1\n|move|p1a: \u9a6c\u6b7b\u4e86|Psychic|p2b: Dondozo\n|-damage|p2b: Dondozo|44/100\n|-damage|p1a: \u9a6c\u6b7b\u4e86|36/100 par|[from] item: Life Orb\n|\n|upkeep\n|turn|5\n|\n|t:|1772108475\n|move|p1a: \u9a6c\u6b7b\u4e86|Protect|p1a: \u9a6c\u6b7b\u4e86\n|-singleturn|p1a: \u9a6c\u6b7b\u4e86|Protect\n|move|p2b: Dondozo|Earthquake|p1a: \u9a6c\u6b7b\u4e86|[spread] p1b\n|-miss|p2b: Dondozo|p2a: Tatsugiri\n|-activate|p1a: \u9a6c\u6b7b\u4e86|move: Protect\n|-supereffective|p1b: \u7acb\u4e86\n|-damage|p1b: \u7acb\u4e86|27/100\n|move|p1b: \u7acb\u4e86|Draco Meteor|p2b: Dondozo\n|-damage|p2b: Dondozo|10/100\n|-unboost|p1b: \u7acb\u4e86|spa|2\n|\n|-fieldend|move: Electric Terrain\n|upkeep\n|turn|6\n|\n|t:|1772108489\n|move|p1b: \u7acb\u4e86|Thunderclap||[still]\n|-fail|p1b: \u7acb\u4e86\n|move|p2b: Dondozo|Rest|p2b: Dondozo\n|-status|p2b: Dondozo|slp|[from] move: Rest\n|-heal|p2b: Dondozo|100/100 slp|[silent]\n|move|p1a: \u9a6c\u6b7b\u4e86|Astral Barrage|p2a: Tatsugiri|[spread] p2b\n|-miss|p1a: \u9a6c\u6b7b\u4e86|p2a: Tatsugiri\n|-damage|p2b: Dondozo|75/100 slp\n|-damage|p1a: \u9a6c\u6b7b\u4e86|26/100 par|[from] item: Life Orb\n|\n|upkeep\n|turn|7\n|\n|t:|1772108504\n|-end|p1b: \u7acb\u4e86|Protosynthesis|[silent]\n|switch|p1b: \u556a\u53fd\u556a\uff08\u5657\u53fd\u58f0\uff09|Zamazenta-Crowned, L50|100/100\n|-ability|p1b: \u556a\u53fd\u556a\uff08\u5657\u53fd\u58f0\uff09|Dauntless Shield|boost\n|-boost|p1b: \u556a\u53fd\u556a\uff08\u5657\u53fd\u58f0\uff09|def|1\n|cant|p2b: Dondozo|slp\n|move|p2b: Dondozo|Sleep Talk|p2b: Dondozo\n|move|p2b: Dondozo|Earthquake|p1b: \u556a\u53fd\u556a\uff08\u5657\u53fd\u58f0\uff09|[from] move: Sleep Talk|[spread] p1a,p1b\n|-miss|p2b: Dondozo|p2a: Tatsugiri\n|-supereffective|p1b: \u556a\u53fd\u556a\uff08\u5657\u53fd\u58f0\uff09\n|-damage|p1a: \u9a6c\u6b7b\u4e86|0 fnt\n|-damage|p1b: \u556a\u53fd\u556a\uff08\u5657\u53fd\u58f0\uff09|54/100\n|faint|p1a: \u9a6c\u6b7b\u4e86\n|\n|upkeep\n|-message|blackred123 forfeited.\n|\n|win|Zorse Mentality\n|raw|blackred123's rating: 1450 &rarr; <strong>1424</strong><br />(-26 for losing)\n|raw|Zorse Mentality's rating: 1347 &rarr; <strong>1373</strong><br />(+26 for winning)\n|l|\u2606blackred123\n|player|p1|\n|l|\u2606Zorse Mentality\n|player|p2|\n","uploadtime":1772108750,"views":12,"formatid":"gen9vgc2026regi","rating":1373,"private":0,"password":null}