{"id":"gen9vgc2026regi-2518395797","format":"[Gen 9] VGC 2026 Reg I","players":["VJ2511","ted7106061408"],"log":"|j|\u2606VJ2511\n|j|\u2606ted7106061408\n|t:|1768383017\n|gametype|doubles\n|player|p1|VJ2511|red-masters3|1320\n|player|p2|ted7106061408|169|1293\n|gen|9\n|tier|[Gen 9] VGC 2026 Reg I\n|rated|\n|rule|Species Clause: Limit one of each Pok\u00e9mon\n|rule|Item Clause: Limit 1 of each item\n|clearpoke\n|poke|p1|Koraidon, L50|\n|poke|p1|Lunala, L50|\n|poke|p1|Incineroar, L50, M|\n|poke|p1|Amoonguss, L50, M|\n|poke|p1|Ursaluna, L50, M|\n|poke|p1|Flutter Mane, L50|\n|poke|p2|Miraidon, L50|\n|poke|p2|Lunala, L50|\n|poke|p2|Ursaluna, L50, M|\n|poke|p2|Entei, L50|\n|poke|p2|Urshifu-*, L50, F|\n|poke|p2|Whimsicott, L50, M|\n|teampreview|4\n|inactive|Battle timer is ON: inactive players will automatically lose when time's up. (requested by VJ2511)\n|inactive|ted7106061408 also wants the timer to be on.\n|j| Rege1\n|\n|t:|1768383049\n|teamsize|p1|4\n|teamsize|p2|4\n|start\n|switch|p1a: Koraidon|Koraidon, L50|100/100\n|switch|p1b: Flutter Mane|Flutter Mane, L50|100/100\n|switch|p2a: Entei|Entei, L50, shiny|100/100\n|switch|p2b: Lunala|Lunala, L50, shiny|100/100\n|-weather|SunnyDay|[from] ability: Orichalcum Pulse|[of] p1a: Koraidon\n|-activate|p1b: Flutter Mane|ability: Protosynthesis\n|-start|p1b: Flutter Mane|protosynthesisspe\n|-activate|p1a: Koraidon|Orichalcum Pulse|[source]\n|turn|1\n|l| Rege1\n|\n|t:|1768383069\n|-terastallize|p1a: Koraidon|Fire\n|move|p1b: Flutter Mane|Shadow Ball|p2b: Lunala\n|-supereffective|p2b: Lunala\n|-damage|p2b: Lunala|34/100\n|move|p1a: Koraidon|Flare Blitz|p2b: Lunala\n|-damage|p2b: Lunala|0 fnt\n|faint|p2b: Lunala\n|-damage|p1a: Koraidon|86/100|[from] Recoil\n|-damage|p1a: Koraidon|77/100|[from] item: Life Orb\n|move|p2a: Entei|Sacred Fire|p1b: Flutter Mane\n|-enditem|p1b: Flutter Mane|Focus Sash\n|-damage|p1b: Flutter Mane|1/100\n|-status|p1b: Flutter Mane|brn\n|\n|-weather|SunnyDay|[upkeep]\n|-damage|p1b: Flutter Mane|0 fnt|[from] brn\n|faint|p1b: Flutter Mane\n|-end|p1b: Flutter Mane|Protosynthesis|[silent]\n|upkeep\n|\n|t:|1768383080\n|switch|p1b: Lunala|Lunala, L50|100/100\n|switch|p2b: Don Buttons|Miraidon, L50, shiny|100/100\n|-fieldstart|move: Electric Terrain|[from] ability: Hadron Engine|[of] p2b: Don Buttons\n|turn|2\n|\n|t:|1768383093\n|move|p1a: Koraidon|Close Combat|p2b: Don Buttons\n|-damage|p2b: Don Buttons|1/100\n|-unboost|p1a: Koraidon|def|1\n|-unboost|p1a: Koraidon|spd|1\n|-damage|p1a: Koraidon|67/100|[from] item: Life Orb\n|move|p2b: Don Buttons|Electro Drift|p1a: Koraidon\n|-damage|p1a: Koraidon|0 fnt\n|faint|p1a: Koraidon\n|move|p2a: Entei|Crunch|p1b: Lunala\n|-supereffective|p1b: Lunala\n|-damage|p1b: Lunala|59/100\n|move|p1b: Lunala|Trick Room|p1b: Lunala\n|-fieldstart|move: Trick Room|[of] p1b: Lunala\n|\n|-weather|SunnyDay|[upkeep]\n|-heal|p1b: Lunala|65/100|[from] item: Leftovers\n|upkeep\n|\n|t:|1768383097\n|switch|p1a: Ursaluna|Ursaluna, L50, M|100/100\n|turn|3\n|\n|t:|1768383112\n|switch|p2a: Ursaluna|Ursaluna, L50, M, shiny|100/100\n|move|p1b: Lunala|Wide Guard|p1b: Lunala\n|-singleturn|p1b: Lunala|Wide Guard\n|move|p1a: Ursaluna|Earthquake|p2b: Don Buttons|[spread] p2a,p2b\n|-activate|p1b: Lunala|move: Wide Guard\n|-supereffective|p2b: Don Buttons\n|-damage|p2a: Ursaluna|65/100\n|-damage|p2b: Don Buttons|0 fnt\n|faint|p2b: Don Buttons\n|\n|-weather|SunnyDay|[upkeep]\n|-heal|p1b: Lunala|71/100|[from] item: Leftovers\n|-status|p2a: Ursaluna|brn|[from] item: Flame Orb\n|-status|p1a: Ursaluna|brn|[from] item: Flame Orb\n|upkeep\n|\n|t:|1768383115\n|switch|p2b: Entei|Entei, L50, shiny|100/100\n|turn|4\n|\n|t:|1768383130\n|-terastallize|p2b: Entei|Normal\n|move|p2b: Entei|Extreme Speed|p1a: Ursaluna\n|-damage|p1a: Ursaluna|70/100 brn\n|move|p2a: Ursaluna|Earthquake|p1b: Lunala|[spread] p2b,p1a,p1b\n|-damage|p2b: Entei|35/100\n|-damage|p1a: Ursaluna|21/100 brn\n|-damage|p1b: Lunala|13/100\n|move|p1a: Ursaluna|Earthquake|p2b: Entei|[spread] p1b,p2a,p2b\n|-damage|p1b: Lunala|0 fnt\n|-damage|p2a: Ursaluna|12/100 brn\n|-damage|p2b: Entei|0 fnt\n|faint|p1b: Lunala\n|faint|p2b: Entei\n|\n|-weather|SunnyDay|[upkeep]\n|-damage|p2a: Ursaluna|6/100 brn|[from] brn\n|-damage|p1a: Ursaluna|15/100 brn|[from] brn\n|upkeep\n|turn|5\n|\n|t:|1768383145\n|move|p1a: Ursaluna|Earthquake|p2a: Ursaluna\n|-damage|p2a: Ursaluna|0 fnt\n|faint|p2a: Ursaluna\n|\n|win|VJ2511\n|raw|VJ2511's rating: 1320 &rarr; <strong>1338</strong><br />(+18 for winning)\n|raw|ted7106061408's rating: 1293 &rarr; <strong>1270</strong><br />(-23 for losing)\n|l|\u2606ted7106061408\n|player|p2|\n|l|\u2606VJ2511\n|player|p1|\n","uploadtime":1768383176,"views":18,"formatid":"gen9vgc2026regi","rating":1270,"private":0,"password":null}