{"id":"gen9vgc2026regi-2570757147","format":"[Gen 9] VGC 2026 Reg I","players":["speedyturtle87","ahfoong0411"],"log":"|j|\u2606speedyturtle87\n|j|\u2606ahfoong0411\n|t:|1774844067\n|gametype|doubles\n|player|p1|speedyturtle87|canari|1482\n|player|p2|ahfoong0411|266|1566\n|gen|9\n|tier|[Gen 9] VGC 2026 Reg I\n|rated|\n|rule|Species Clause: Limit one of each Pok\u00e9mon\n|rule|Item Clause: Limit 1 of each item\n|clearpoke\n|poke|p1|Miraidon, L50|\n|poke|p1|Iron Hands, L50|\n|poke|p1|Chi-Yu, L50|\n|poke|p1|Whimsicott, L50, F|\n|poke|p1|Calyrex-Ice, L50|\n|poke|p1|Farigiraf, L50, M|\n|poke|p2|Calyrex-Ice, L50|\n|poke|p2|Miraidon, L50|\n|poke|p2|Grimmsnarl, L50, M|\n|poke|p2|Urshifu-*, L50, M|\n|poke|p2|Incineroar, L50, F|\n|poke|p2|Landorus, L50, M|\n|teampreview|4\n|inactive|Battle timer is ON: inactive players will automatically lose when time's up. (requested by speedyturtle87)\n|inactive|ahfoong0411 has 60 seconds left.\n|\n|t:|1774844104\n|teamsize|p1|4\n|teamsize|p2|4\n|start\n|switch|p1a: Iron Hands|Iron Hands, L50|100/100\n|switch|p1b: Miraidon|Miraidon, L50|100/100\n|switch|p2a: Miraidon|Miraidon, L50|100/100\n|switch|p2b: Incineroar|Incineroar, L50, F|100/100\n|-fieldstart|move: Electric Terrain|[from] ability: Hadron Engine|[of] p1b: Miraidon\n|-activate|p1a: Iron Hands|ability: Quark Drive\n|-start|p1a: Iron Hands|quarkdriveatk\n|-activate|p2a: Miraidon|ability: Hadron Engine\n|-ability|p2b: Incineroar|Intimidate|boost\n|-unboost|p1a: Iron Hands|atk|1\n|-unboost|p1b: Miraidon|atk|1\n|turn|1\n|inactive|ahfoong0411 has 30 seconds left.\n|\n|t:|1774844130\n|move|p2b: Incineroar|Fake Out|p1b: Miraidon\n|-damage|p1b: Miraidon|89/100\n|move|p1a: Iron Hands|Fake Out|p2a: Miraidon\n|-damage|p2a: Miraidon|90/100\n|cant|p1b: Miraidon|flinch\n|cant|p2a: Miraidon|flinch\n|\n|upkeep\n|turn|2\n|inactive|ahfoong0411 has 30 seconds left.\n|inactive|ahfoong0411 has 20 seconds left.\n|\n|t:|1774844169\n|switch|p2a: Landorus|Landorus, L50, M|100/100\n|move|p1b: Miraidon|Volt Switch|p2a: Landorus\n|-immune|p2a: Landorus\n|move|p2b: Incineroar|Parting Shot|p1b: Miraidon\n|-unboost|p1b: Miraidon|atk|1\n|-unboost|p1b: Miraidon|spa|1\n|\n|t:|1774844185\n|switch|p2b: Miraidon|Miraidon, L50|90/100|[from] Parting Shot\n|-activate|p2b: Miraidon|ability: Hadron Engine\n|move|p1a: Iron Hands|Low Kick|p2a: Landorus\n|-resisted|p2a: Landorus\n|-damage|p2a: Landorus|82/100\n|\n|upkeep\n|turn|3\n|\n|t:|1774844205\n|move|p1b: Miraidon|Volt Switch|p2b: Miraidon\n|-resisted|p2b: Miraidon\n|-damage|p2b: Miraidon|79/100\n|\n|t:|1774844209\n|switch|p1b: Farigiraf|Farigiraf, L50, M|100/100|[from] Volt Switch\n|-enditem|p1b: Farigiraf|Electric Seed\n|-boost|p1b: Farigiraf|def|1|[from] item: Electric Seed\n|move|p2b: Miraidon|Dazzling Gleam|p1a: Iron Hands|[spread] p1a,p1b\n|-supereffective|p1a: Iron Hands\n|-damage|p1a: Iron Hands|53/100\n|-damage|p1b: Farigiraf|62/100\n|move|p2a: Landorus|Earth Power|p1a: Iron Hands\n|-supereffective|p1a: Iron Hands\n|-damage|p1a: Iron Hands|0 fnt\n|faint|p1a: Iron Hands\n|-end|p1a: Iron Hands|Quark Drive|[silent]\n|\n|upkeep\n|\n|t:|1774844212\n|switch|p1a: Miraidon|Miraidon, L50|89/100\n|-activate|p1a: Miraidon|ability: Hadron Engine\n|turn|4\n|\n|t:|1774844232\n|-terastallize|p1a: Miraidon|Fairy\n|-terastallize|p2a: Landorus|Poison\n|move|p1b: Farigiraf|Helping Hand|p1a: Miraidon\n|-singleturn|p1a: Miraidon|Helping Hand|[of] p1b: Farigiraf\n|move|p1a: Miraidon|Dazzling Gleam|p2b: Miraidon|[spread] p2a,p2b\n|-resisted|p2a: Landorus\n|-supereffective|p2b: Miraidon\n|-damage|p2a: Landorus|33/100\n|-damage|p2b: Miraidon|0 fnt\n|faint|p2b: Miraidon\n|move|p2a: Landorus|Earth Power|p1a: Miraidon\n|-damage|p1a: Miraidon|20/100\n|\n|upkeep\n|inactive|ahfoong0411 has 30 seconds left.\n|\n|t:|1774844258\n|switch|p2b: Calyrex|Calyrex-Ice, L50|100/100\n|-ability|p2b: Calyrex|As One\n|-ability|p2b: Calyrex|Unnerve\n|turn|5\n|\n|t:|1774844271\n|move|p2a: Landorus|Protect|p2a: Landorus\n|-singleturn|p2a: Landorus|Protect\n|move|p1a: Miraidon|Dazzling Gleam|p2b: Calyrex|[spread] p2b\n|-activate|p2a: Landorus|move: Protect\n|-damage|p2b: Calyrex|64/100\n|move|p1b: Farigiraf|Foul Play|p2b: Calyrex\n|-supereffective|p2b: Calyrex\n|-damage|p2b: Calyrex|15/100\n|move|p2b: Calyrex|Glacial Lance|p1a: Miraidon|[spread] p1a,p1b\n|-damage|p1a: Miraidon|0 fnt\n|-damage|p1b: Farigiraf|28/100\n|faint|p1a: Miraidon\n|-ability|p2b: Calyrex|Chilling Neigh|boost\n|-boost|p2b: Calyrex|atk|1\n|\n|-fieldend|move: Electric Terrain\n|upkeep\n|\n|t:|1774844281\n|switch|p1a: Calyrex|Calyrex-Ice, L50|100/100\n|-ability|p1a: Calyrex|As One\n|-ability|p1a: Calyrex|Unnerve\n|turn|6\n|inactive|ahfoong0411 has 30 seconds left.\n|inactive|ahfoong0411 has 20 seconds left.\n|inactive|ahfoong0411 has 15 seconds left.\n|inactive|ahfoong0411 has 10 seconds left.\n|\n|t:|1774844327\n|move|p2b: Calyrex|Protect|p2b: Calyrex\n|-singleturn|p2b: Calyrex|Protect\n|move|p2a: Landorus|Earth Power|p1b: Farigiraf\n|-damage|p1b: Farigiraf|0 fnt\n|faint|p1b: Farigiraf\n|move|p1a: Calyrex|Glacial Lance|p2a: Landorus|[spread] p2a\n|-activate|p2b: Calyrex|move: Protect\n|-damage|p2a: Landorus|0 fnt\n|faint|p2a: Landorus\n|-ability|p1a: Calyrex|Chilling Neigh|boost\n|-boost|p1a: Calyrex|atk|1\n|\n|upkeep\n|\n|t:|1774844336\n|switch|p2a: Incineroar|Incineroar, L50, F|100/100\n|-ability|p2a: Incineroar|Intimidate|boost\n|-unboost|p1a: Calyrex|atk|1\n|turn|7\n|inactive|ahfoong0411 has 30 seconds left.\n|\n|t:|1774844366\n|move|p1a: Calyrex|Protect|p1a: Calyrex\n|-singleturn|p1a: Calyrex|Protect\n|move|p2a: Incineroar|Fake Out|p1a: Calyrex\n|-activate|p1a: Calyrex|move: Protect\n|move|p2b: Calyrex|Leech Seed|p2a: Incineroar\n|-start|p2a: Incineroar|move: Leech Seed\n|\n|-damage|p2a: Incineroar|88/100|[from] Leech Seed|[of] p2b: Calyrex\n|-heal|p2b: Calyrex|27/100|[silent]\n|upkeep\n|turn|8\n|\n|t:|1774844382\n|move|p2a: Incineroar|Parting Shot|p1a: Calyrex\n|-unboost|p1a: Calyrex|atk|1\n|-unboost|p1a: Calyrex|spa|1\n|move|p2b: Calyrex|Leech Seed|p1a: Calyrex\n|-start|p1a: Calyrex|move: Leech Seed\n|move|p1a: Calyrex|Glacial Lance|p2a: Incineroar|[spread] p2a,p2b\n|-resisted|p2a: Incineroar\n|-resisted|p2b: Calyrex\n|-damage|p2a: Incineroar|73/100\n|-damage|p2b: Calyrex|16/100\n|\n|-damage|p2a: Incineroar|60/100|[from] Leech Seed|[of] p2b: Calyrex\n|-heal|p2b: Calyrex|28/100|[silent]\n|-damage|p1a: Calyrex|88/100|[from] Leech Seed|[of] p2b: Calyrex\n|-heal|p2b: Calyrex|40/100|[silent]\n|upkeep\n|turn|9\n|\n|t:|1774844398\n|move|p2a: Incineroar|Knock Off|p1a: Calyrex\n|-supereffective|p1a: Calyrex\n|-damage|p1a: Calyrex|38/100\n|-enditem|p1a: Calyrex|Leftovers|[from] move: Knock Off|[of] p2a: Incineroar\n|move|p2b: Calyrex|Glacial Lance|p1a: Calyrex\n|-resisted|p1a: Calyrex\n|-damage|p1a: Calyrex|5/100\n|move|p1a: Calyrex|Leech Seed|p2b: Calyrex|[miss]\n|-miss|p1a: Calyrex|p2b: Calyrex\n|\n|-damage|p2a: Incineroar|48/100|[from] Leech Seed|[of] p2b: Calyrex\n|-heal|p2b: Calyrex|51/100|[silent]\n|-damage|p1a: Calyrex|0 fnt|[from] Leech Seed|[of] p2b: Calyrex\n|-heal|p2b: Calyrex|56/100|[silent]\n|faint|p1a: Calyrex\n|\n|win|ahfoong0411\n|raw|speedyturtle87's rating: 1482 &rarr; <strong>1467</strong><br />(-15 for losing)\n|raw|ahfoong0411's rating: 1566 &rarr; <strong>1581</strong><br />(+15 for winning)\n|l|\u2606speedyturtle87\n|player|p1|\n|l|\u2606ahfoong0411\n|player|p2|\n|j|\u2606ahfoong0411\n|player|p2|ahfoong0411|266|\n|l|\u2606ahfoong0411\n|player|p2|\n|j|\u2606ahfoong0411\n|player|p2|ahfoong0411|266|\n","uploadtime":1774844838,"views":43,"formatid":"gen9vgc2026regi","rating":1467,"private":0,"password":null}