{"id":"gen9vgc2026regi-2573796831","format":"[Gen 9] VGC 2026 Reg I","players":["dev67","Harry Koekenpan"],"log":"|j|\u2606dev67\n|j|\u2606Harry Koekenpan\n|t:|1775165805\n|gametype|doubles\n|player|p1|dev67|265|1425\n|player|p2|Harry Koekenpan|101|1361\n|gen|9\n|tier|[Gen 9] VGC 2026 Reg I\n|rated|\n|rule|Species Clause: Limit one of each Pok\u00e9mon\n|rule|Item Clause: Limit 1 of each item\n|clearpoke\n|poke|p1|Terapagos, L50, M|\n|poke|p1|Calyrex-Shadow, L50|\n|poke|p1|Iron Hands, L50|\n|poke|p1|Smeargle, L50, F|\n|poke|p1|Chi-Yu, L50|\n|poke|p1|Tornadus, L50, M|\n|poke|p2|Weezing-Galar, L50, M|\n|poke|p2|Calyrex-Shadow, L50|\n|poke|p2|Regigigas, L50|\n|poke|p2|Tatsugiri, L50, F|\n|poke|p2|Dondozo, L50, F|\n|poke|p2|Koraidon, L50|\n|teampreview|4\n|inactive|Battle timer is ON: inactive players will automatically lose when time's up. (requested by Harry Koekenpan)\n|inactive|dev67 has 60 seconds left.\n|inactive|dev67 has 30 seconds left.\n|\n|t:|1775165871\n|teamsize|p1|4\n|teamsize|p2|4\n|start\n|switch|p1a: Calyrex|Calyrex-Shadow, L50|100/100\n|switch|p1b: Smeargle|Smeargle, L50, F|100/100\n|switch|p2a: Weezing|Weezing-Galar, L50, M|100/100\n|switch|p2b: Regigigas|Regigigas, L50|100/100\n|-ability|p2a: Weezing|Neutralizing Gas\n|-ability|p1a: Calyrex|As One\n|-ability|p1a: Calyrex|Unnerve\n|turn|1\n|inactive|dev67 has 30 seconds left.\n|inactive|dev67 has 20 seconds left.\n|\n|t:|1775165907\n|-terastallize|p1a: Calyrex|Dark\n|move|p2b: Regigigas|Knock Off|p1a: Calyrex\n|-resisted|p1a: Calyrex\n|-damage|p1a: Calyrex|78/100\n|-enditem|p1a: Calyrex|Life Orb|[from] move: Knock Off|[of] p2b: Regigigas\n|move|p1a: Calyrex|Nasty Plot|p1a: Calyrex\n|-boost|p1a: Calyrex|spa|2\n|move|p1b: Smeargle|Spore|p2a: Weezing\n|-status|p2a: Weezing|slp|[from] move: Spore\n|cant|p2a: Weezing|slp\n|\n|upkeep\n|turn|2\n|inactive|dev67 has 30 seconds left.\n|inactive|Harry Koekenpan has 30 seconds left.\n|\n|t:|1775165940\n|cant|p2a: Weezing|slp\n|move|p1b: Smeargle|Follow Me|p1b: Smeargle\n|-singleturn|p1b: Smeargle|move: Follow Me\n|move|p2b: Regigigas|Knock Off|p1b: Smeargle\n|-enditem|p1b: Smeargle|Focus Sash\n|-damage|p1b: Smeargle|1/100\n|move|p1a: Calyrex|Psychic|p2b: Regigigas\n|-damage|p2b: Regigigas|8/100\n|\n|upkeep\n|turn|3\n|inactive|dev67 has 30 seconds left.\n|inactive|Harry Koekenpan has 30 seconds left.\n|\n|t:|1775165972\n|switch|p1b: Iron Hands|Iron Hands, L50|100/100\n|move|p1a: Calyrex|Protect|p1a: Calyrex\n|-singleturn|p1a: Calyrex|Protect\n|move|p2b: Regigigas|Knock Off|p1b: Iron Hands\n|-resisted|p1b: Iron Hands\n|-damage|p1b: Iron Hands|86/100\n|-enditem|p1b: Iron Hands|Assault Vest|[from] move: Knock Off|[of] p2b: Regigigas\n|-curestatus|p2a: Weezing|slp|[msg]\n|move|p2a: Weezing|Poison Gas|p1a: Calyrex|[spread] \n|-activate|p1a: Calyrex|move: Protect\n|-miss|p2a: Weezing|p1b: Iron Hands\n|\n|upkeep\n|turn|4\n|\n|t:|1775165995\n|move|p2a: Weezing|Protect|p2a: Weezing\n|-singleturn|p2a: Weezing|Protect\n|move|p1b: Iron Hands|Fake Out|p2b: Regigigas\n|-damage|p2b: Regigigas|0 fnt\n|faint|p2b: Regigigas\n|-end|p2b: Regigigas|Slow Start|[silent]\n|move|p1a: Calyrex|Astral Barrage|p2a: Weezing\n|-activate|p2a: Weezing|move: Protect\n|\n|upkeep\n|\n|t:|1775166011\n|switch|p2b: Calyrex|Calyrex-Shadow, L50|100/100\n|-ability|p2b: Calyrex|As One\n|-ability|p2b: Calyrex|Unnerve\n|turn|5\n|inactive|dev67 has 30 seconds left.\n|\n|t:|1775166037\n|move|p2b: Calyrex|Pollen Puff|p1a: Calyrex\n|-supereffective|p1a: Calyrex\n|-damage|p1a: Calyrex|0 fnt\n|faint|p1a: Calyrex\n|-ability|p2b: Calyrex|Grim Neigh|boost\n|-boost|p2b: Calyrex|spa|1\n|-damage|p2b: Calyrex|91/100|[from] item: Life Orb\n|move|p2a: Weezing|Toxic Spikes|p1b: Iron Hands\n|-sidestart|p1: dev67|move: Toxic Spikes\n|move|p1b: Iron Hands|Drain Punch|p2b: Calyrex\n|-immune|p2b: Calyrex\n|\n|upkeep\n|\n|t:|1775166051\n|switch|p1a: Terapagos|Terapagos, L50, M|100/100\n|-activate|p1a: Terapagos|ability: Tera Shift\n|detailschange|p1a: Terapagos|Terapagos-Terastal, L50, M\n|-heal|p1a: Terapagos|100/100|[silent]\n|-status|p1a: Terapagos|psn\n|turn|6\n|\n|t:|1775166070\n|move|p2a: Weezing|Protect|p2a: Weezing\n|-singleturn|p2a: Weezing|Protect\n|move|p2b: Calyrex|Psychic|p1b: Iron Hands\n|-supereffective|p1b: Iron Hands\n|-damage|p1b: Iron Hands|0 fnt\n|faint|p1b: Iron Hands\n|-end|p1b: Iron Hands|Quark Drive|[silent]\n|-ability|p2b: Calyrex|Grim Neigh|boost\n|-boost|p2b: Calyrex|spa|1\n|-damage|p2b: Calyrex|81/100|[from] item: Life Orb\n|move|p1a: Terapagos|Earth Power|p2a: Weezing\n|-activate|p2a: Weezing|move: Protect\n|\n|-damage|p1a: Terapagos|88/100 psn|[from] psn\n|upkeep\n|c|\u2606dev67|gg\n|\n|t:|1775166085\n|switch|p1b: Smeargle|Smeargle, L50, F|1/100\n|-status|p1b: Smeargle|psn\n|turn|7\n|\n|t:|1775166095\n|move|p2b: Calyrex|Psychic|p1a: Terapagos\n|-damage|p1a: Terapagos|0 fnt\n|faint|p1a: Terapagos\n|-ability|p2b: Calyrex|Grim Neigh|boost\n|-boost|p2b: Calyrex|spa|1\n|-damage|p2b: Calyrex|72/100|[from] item: Life Orb\n|move|p1b: Smeargle|Decorate|p1: Terapagos|[notarget]\n|-fail|p1b: Smeargle\n|move|p2a: Weezing|Sludge Bomb|p1b: Smeargle\n|-damage|p1b: Smeargle|0 fnt\n|faint|p1b: Smeargle\n|\n|win|Harry Koekenpan\n|raw|dev67's rating: 1425 &rarr; <strong>1401</strong><br />(-24 for losing)\n|raw|Harry Koekenpan's rating: 1361 &rarr; <strong>1385</strong><br />(+24 for winning)\n","uploadtime":1775166108,"views":16,"formatid":"gen9vgc2026regi","rating":1385,"private":0,"password":null}