{"id":"gen9vgc2026regi-2558848053","format":"[Gen 9] VGC 2026 Reg I","players":["fogdocker","Javike"],"log":"|j|\u2606fogdocker\n|j|\u2606Javike\n|t:|1773492872\n|gametype|doubles\n|player|p1|fogdocker|2|1490\n|player|p2|Javike|crasherwake|1592\n|gen|9\n|tier|[Gen 9] VGC 2026 Reg I\n|rated|\n|rule|Species Clause: Limit one of each Pok\u00e9mon\n|rule|Item Clause: Limit 1 of each item\n|clearpoke\n|poke|p1|Calyrex-Ice, L50|\n|poke|p1|Koraidon, L50|\n|poke|p1|Flutter Mane, L50|\n|poke|p1|Incineroar, L50, M|\n|poke|p1|Rillaboom, L50, M|\n|poke|p1|Annihilape, L50, F|\n|poke|p2|Kyogre, L50|\n|poke|p2|Miraidon, L50|\n|poke|p2|Farigiraf, L50, M|\n|poke|p2|Whimsicott, L50, F|\n|poke|p2|Incineroar, L50, M|\n|poke|p2|Sneasler, L50, M|\n|teampreview|4\n|inactive|Battle timer is ON: inactive players will automatically lose when time's up. (requested by Javike)\n|j| teddyster\n|\n|t:|1773492894\n|teamsize|p1|4\n|teamsize|p2|4\n|start\n|switch|p1a: Rillaboom|Rillaboom, L50, M|100/100\n|switch|p1b: Calyrex|Calyrex-Ice, L50|100/100\n|switch|p2a: Miraidon|Miraidon, L50|100/100\n|switch|p2b: Whimsicott|Whimsicott, L50, F|100/100\n|-ability|p1b: Calyrex|As One\n|-ability|p1b: Calyrex|Unnerve\n|-fieldstart|move: Electric Terrain|[from] ability: Hadron Engine|[of] p2a: Miraidon\n|-fieldstart|move: Grassy Terrain|[from] ability: Grassy Surge|[of] p1a: Rillaboom\n|turn|1\n|inactive|fogdocker has 30 seconds left.\n|inactive|fogdocker has 20 seconds left.\n|inactive|Javike has 30 seconds left.\n|inactive|fogdocker has 15 seconds left.\n|inactive|fogdocker has 10 seconds left.\n|inactive|fogdocker has 5 seconds left.\n|\n|t:|1773492945\n|switch|p2b: Farigiraf|Farigiraf, L50, M|100/100\n|move|p1a: Rillaboom|Fake Out||[still]\n|cant|p2b: Farigiraf|ability: Armor Tail|Fake Out|[of] p1a: Rillaboom\n|move|p2a: Miraidon|Volt Switch|p1b: Calyrex\n|-crit|p1b: Calyrex\n|-damage|p1b: Calyrex|48/100\n|\n|t:|1773492955\n|switch|p2a: Incineroar|Incineroar, L50, M|100/100|[from] Volt Switch\n|-ability|p2a: Incineroar|Intimidate|boost\n|-unboost|p1a: Rillaboom|atk|1\n|-unboost|p1b: Calyrex|atk|1\n|move|p1b: Calyrex|Glacial Lance|p2b: Farigiraf|[spread] p2a,p2b\n|-resisted|p2a: Incineroar\n|-damage|p2a: Incineroar|83/100\n|-damage|p2b: Farigiraf|71/100\n|\n|-heal|p2a: Incineroar|89/100|[from] Grassy Terrain\n|-heal|p2b: Farigiraf|77/100|[from] Grassy Terrain\n|-heal|p1b: Calyrex|54/100|[from] Grassy Terrain\n|-heal|p1b: Calyrex|59/100|[from] item: Leftovers\n|upkeep\n|turn|2\n|\n|t:|1773492974\n|move|p1b: Calyrex|Protect|p1b: Calyrex\n|-singleturn|p1b: Calyrex|Protect\n|move|p2a: Incineroar|Fake Out|p1b: Calyrex\n|-activate|p1b: Calyrex|move: Protect\n|move|p1a: Rillaboom|U-turn|p2b: Farigiraf\n|-supereffective|p2b: Farigiraf\n|-damage|p2b: Farigiraf|49/100\n|\n|t:|1773492980\n|switch|p1a: Incineroar|Incineroar, L50, M|100/100|[from] U-turn\n|-ability|p1a: Incineroar|Intimidate|boost\n|-unboost|p2a: Incineroar|atk|1\n|-unboost|p2b: Farigiraf|atk|1\n|move|p2b: Farigiraf|Hyper Voice|p1b: Calyrex|[spread] p1a\n|-activate|p1b: Calyrex|move: Protect\n|-damage|p1a: Incineroar|79/100\n|-enditem|p2b: Farigiraf|Throat Spray\n|-boost|p2b: Farigiraf|spa|1|[from] item: Throat Spray\n|\n|-heal|p2a: Incineroar|95/100|[from] Grassy Terrain\n|-heal|p2b: Farigiraf|55/100|[from] Grassy Terrain\n|-heal|p1a: Incineroar|85/100|[from] Grassy Terrain\n|-heal|p1b: Calyrex|65/100|[from] Grassy Terrain\n|-heal|p1b: Calyrex|71/100|[from] item: Leftovers\n|upkeep\n|turn|3\n|\n|t:|1773493002\n|-terastallize|p1b: Calyrex|Water\n|move|p2a: Incineroar|Flare Blitz|p1b: Calyrex\n|-resisted|p1b: Calyrex\n|-damage|p1b: Calyrex|59/100\n|-damage|p2a: Incineroar|91/100|[from] Recoil\n|move|p2b: Farigiraf|Shadow Ball|p1b: Calyrex\n|-damage|p1b: Calyrex|41/100\n|move|p1a: Incineroar|Knock Off|p2b: Farigiraf\n|-supereffective|p2b: Farigiraf\n|-damage|p2b: Farigiraf|8/100\n|move|p1b: Calyrex|Leech Seed|p2a: Incineroar\n|-start|p2a: Incineroar|move: Leech Seed\n|\n|-heal|p2a: Incineroar|97/100|[from] Grassy Terrain\n|-heal|p2b: Farigiraf|14/100|[from] Grassy Terrain\n|-heal|p1a: Incineroar|91/100|[from] Grassy Terrain\n|-heal|p1b: Calyrex|47/100|[from] Grassy Terrain\n|-heal|p1b: Calyrex|53/100|[from] item: Leftovers\n|-damage|p2a: Incineroar|85/100|[from] Leech Seed|[of] p1b: Calyrex\n|-heal|p1b: Calyrex|63/100|[silent]\n|upkeep\n|turn|4\n|\n|t:|1773493024\n|move|p2a: Incineroar|Parting Shot|p1b: Calyrex\n|-unboost|p1b: Calyrex|atk|1\n|-unboost|p1b: Calyrex|spa|1\n|\n|t:|1773493029\n|switch|p2a: Whimsicott|Whimsicott, L50, F|100/100|[from] Parting Shot\n|move|p2b: Farigiraf|Hyper Voice|p1a: Incineroar|[spread] p1a,p1b\n|-damage|p1a: Incineroar|56/100\n|-damage|p1b: Calyrex|38/100\n|move|p1a: Incineroar|Parting Shot|p2a: Whimsicott\n|-unboost|p2a: Whimsicott|atk|1\n|-unboost|p2a: Whimsicott|spa|1\n|j| Alexernea\n|\n|t:|1773493036\n|switch|p1a: Koraidon|Koraidon, L50|100/100|[from] Parting Shot\n|-weather|SunnyDay|[from] ability: Orichalcum Pulse|[of] p1a: Koraidon\n|-activate|p1a: Koraidon|Orichalcum Pulse|[source]\n|move|p1b: Calyrex|Glacial Lance|p2b: Farigiraf|[spread] p2a,p2b\n|-supereffective|p2a: Whimsicott\n|-damage|p2a: Whimsicott|28/100\n|-damage|p2b: Farigiraf|0 fnt\n|faint|p2b: Farigiraf\n|-ability|p1b: Calyrex|Chilling Neigh|boost\n|-boost|p1b: Calyrex|atk|1\n|\n|-weather|SunnyDay|[upkeep]\n|-heal|p2a: Whimsicott|34/100|[from] Grassy Terrain\n|-heal|p1b: Calyrex|44/100|[from] Grassy Terrain\n|-heal|p1b: Calyrex|50/100|[from] item: Leftovers\n|upkeep\n|\n|t:|1773493053\n|switch|p2b: Miraidon|Miraidon, L50|100/100\n|-fieldstart|move: Electric Terrain|[from] ability: Hadron Engine|[of] p2b: Miraidon\n|turn|5\n|inactive|fogdocker has 30 seconds left.\n|inactive|fogdocker has 20 seconds left.\n|\n|t:|1773493089\n|switch|p1b: Rillaboom|Rillaboom, L50, M|100/100\n|-fieldstart|move: Grassy Terrain|[from] ability: Grassy Surge|[of] p1b: Rillaboom\n|-terastallize|p2b: Miraidon|Fairy\n|move|p1a: Koraidon|Protect|p1a: Koraidon\n|-singleturn|p1a: Koraidon|Protect\n|move|p2a: Whimsicott|Tailwind|p2a: Whimsicott\n|-sidestart|p2: Javike|move: Tailwind\n|move|p2b: Miraidon|Dazzling Gleam|p1b: Rillaboom|[spread] p1b\n|-activate|p1a: Koraidon|move: Protect\n|-damage|p1b: Rillaboom|72/100\n|\n|-weather|SunnyDay|[upkeep]\n|-heal|p2a: Whimsicott|40/100|[from] Grassy Terrain\n|-heal|p1b: Rillaboom|78/100|[from] Grassy Terrain\n|upkeep\n|turn|6\n|\n|t:|1773493113\n|switch|p2a: Incineroar|Incineroar, L50, M|85/100\n|-ability|p2a: Incineroar|Intimidate|boost\n|-unboost|p1a: Koraidon|atk|1\n|-unboost|p1b: Rillaboom|atk|1\n|switch|p1a: Incineroar|Incineroar, L50, M|56/100\n|-ability|p1a: Incineroar|Intimidate|boost\n|-unboost|p2a: Incineroar|atk|1\n|-unboost|p2b: Miraidon|atk|1\n|move|p1b: Rillaboom|Fake Out|p2b: Miraidon\n|-damage|p2b: Miraidon|91/100\n|cant|p2b: Miraidon|flinch\n|\n|-weather|SunnyDay|[upkeep]\n|-heal|p2b: Miraidon|98/100|[from] Grassy Terrain\n|-heal|p2a: Incineroar|91/100|[from] Grassy Terrain\n|-heal|p1b: Rillaboom|84/100|[from] Grassy Terrain\n|-heal|p1a: Incineroar|62/100|[from] Grassy Terrain\n|upkeep\n|turn|7\n|\n|t:|1773493137\n|switch|p1a: Calyrex|Calyrex-Ice, L50, tera:Water|50/100\n|-ability|p1a: Calyrex|As One\n|-ability|p1a: Calyrex|Unnerve\n|move|p2a: Incineroar|Fake Out|p1a: Calyrex\n|-damage|p1a: Calyrex|44/100\n|move|p2b: Miraidon|Dazzling Gleam|p1a: Calyrex|[spread] p1a,p1b\n|-damage|p1a: Calyrex|16/100\n|-damage|p1b: Rillaboom|55/100\n|move|p1b: Rillaboom|U-turn|p2b: Miraidon\n|-resisted|p2b: Miraidon\n|-damage|p2b: Miraidon|90/100\n|\n|t:|1773493151\n|switch|p1b: Koraidon|Koraidon, L50|100/100|[from] U-turn\n|-activate|p1b: Koraidon|ability: Orichalcum Pulse\n|\n|-weather|SunnyDay|[upkeep]\n|-heal|p2b: Miraidon|97/100|[from] Grassy Terrain\n|-heal|p2a: Incineroar|97/100|[from] Grassy Terrain\n|-heal|p1a: Calyrex|22/100|[from] Grassy Terrain\n|-heal|p1a: Calyrex|28/100|[from] item: Leftovers\n|upkeep\n|turn|8\n|\n|t:|1773493164\n|switch|p1a: Incineroar|Incineroar, L50, M|62/100\n|-ability|p1a: Incineroar|Intimidate|boost\n|-unboost|p2a: Incineroar|atk|1\n|-unboost|p2b: Miraidon|atk|1\n|move|p1b: Koraidon|Protect|p1b: Koraidon\n|-singleturn|p1b: Koraidon|Protect\n|move|p2b: Miraidon|Dazzling Gleam|p1b: Koraidon|[spread] p1a\n|-activate|p1b: Koraidon|move: Protect\n|-damage|p1a: Incineroar|20/100\n|move|p2a: Incineroar|Knock Off|p1b: Koraidon\n|-activate|p1b: Koraidon|move: Protect\n|\n|-weather|none\n|-heal|p2b: Miraidon|100/100|[from] Grassy Terrain\n|-heal|p2a: Incineroar|100/100|[from] Grassy Terrain\n|-heal|p1a: Incineroar|26/100|[from] Grassy Terrain\n|-sideend|p2: Javike|move: Tailwind\n|upkeep\n|turn|9\n|\n|t:|1773493186\n|switch|p2b: Whimsicott|Whimsicott, L50, F|40/100\n|move|p1a: Incineroar|Fake Out|p2b: Whimsicott\n|-damage|p2b: Whimsicott|25/100\n|move|p1b: Koraidon|Flare Blitz|p2b: Whimsicott\n|-supereffective|p2b: Whimsicott\n|-damage|p2b: Whimsicott|0 fnt\n|faint|p2b: Whimsicott\n|-damage|p1b: Koraidon|94/100|[from] Recoil\n|-damage|p1b: Koraidon|84/100|[from] item: Life Orb\n|move|p2a: Incineroar|Parting Shot|p1a: Incineroar\n|-unboost|p1a: Incineroar|atk|1\n|-unboost|p1a: Incineroar|spa|1\n|\n|t:|1773493201\n|switch|p2a: Miraidon|Miraidon, L50, tera:Fairy|100/100|[from] Parting Shot\n|-fieldstart|move: Electric Terrain|[from] ability: Hadron Engine|[of] p2a: Miraidon\n|\n|upkeep\n|\n|t:|1773493206\n|switch|p2b: Incineroar|Incineroar, L50, M|100/100\n|-ability|p2b: Incineroar|Intimidate|boost\n|-unboost|p1a: Incineroar|atk|1\n|-unboost|p1b: Koraidon|atk|1\n|turn|10\n|\n|t:|1773493218\n|switch|p1a: Rillaboom|Rillaboom, L50, M|55/100\n|-fieldstart|move: Grassy Terrain|[from] ability: Grassy Surge|[of] p1a: Rillaboom\n|move|p1b: Koraidon|Protect|p1b: Koraidon\n|-singleturn|p1b: Koraidon|Protect\n|move|p2a: Miraidon|Dazzling Gleam|p1b: Koraidon|[spread] p1a\n|-activate|p1b: Koraidon|move: Protect\n|-damage|p1a: Rillaboom|25/100\n|move|p2b: Incineroar|Flare Blitz|p1b: Koraidon\n|-activate|p1b: Koraidon|move: Protect\n|\n|-heal|p1b: Koraidon|90/100|[from] Grassy Terrain\n|-heal|p1a: Rillaboom|31/100|[from] Grassy Terrain\n|upkeep\n|turn|11\n|\n|t:|1773493239\n|move|p1a: Rillaboom|Fake Out|p2a: Miraidon\n|-damage|p2a: Miraidon|88/100\n|cant|p2a: Miraidon|flinch\n|move|p1b: Koraidon|Close Combat|p2b: Incineroar\n|-supereffective|p2b: Incineroar\n|-damage|p2b: Incineroar|0 fnt\n|-unboost|p1b: Koraidon|def|1\n|-unboost|p1b: Koraidon|spd|1\n|faint|p2b: Incineroar\n|-damage|p1b: Koraidon|80/100|[from] item: Life Orb\n|\n|-heal|p1b: Koraidon|86/100|[from] Grassy Terrain\n|-heal|p2a: Miraidon|94/100|[from] Grassy Terrain\n|-heal|p1a: Rillaboom|37/100|[from] Grassy Terrain\n|upkeep\n|turn|12\n|\n|t:|1773493254\n|move|p1b: Koraidon|Protect|p1b: Koraidon\n|-singleturn|p1b: Koraidon|Protect\n|move|p2a: Miraidon|Dazzling Gleam|p1a: Rillaboom|[spread] p1a\n|-activate|p1b: Koraidon|move: Protect\n|-damage|p1a: Rillaboom|6/100\n|move|p1a: Rillaboom|U-turn|p2a: Miraidon\n|-resisted|p2a: Miraidon\n|-damage|p2a: Miraidon|83/100\n|\n|t:|1773493268\n|switch|p1a: Incineroar|Incineroar, L50, M|26/100|[from] U-turn\n|-ability|p1a: Incineroar|Intimidate|boost\n|-unboost|p2a: Miraidon|atk|1\n|\n|-heal|p1b: Koraidon|92/100|[from] Grassy Terrain\n|-heal|p2a: Miraidon|89/100|[from] Grassy Terrain\n|-heal|p1a: Incineroar|32/100|[from] Grassy Terrain\n|upkeep\n|turn|13\n|\n|t:|1773493276\n|move|p1a: Incineroar|Fake Out|p2a: Miraidon\n|-crit|p2a: Miraidon\n|-damage|p2a: Miraidon|73/100\n|cant|p2a: Miraidon|flinch\n|move|p1b: Koraidon|Flare Blitz|p2a: Miraidon\n|-damage|p2a: Miraidon|31/100\n|-damage|p1b: Koraidon|78/100|[from] Recoil\n|-damage|p1b: Koraidon|68/100|[from] item: Life Orb\n|\n|-heal|p1b: Koraidon|74/100|[from] Grassy Terrain\n|-heal|p2a: Miraidon|37/100|[from] Grassy Terrain\n|-heal|p1a: Incineroar|38/100|[from] Grassy Terrain\n|upkeep\n|turn|14\n|j| zhangyunfei\n|j| Gggarbage\n|\n|t:|1773493290\n|switch|p1a: Rillaboom|Rillaboom, L50, M|6/100\n|move|p1b: Koraidon|Protect|p1b: Koraidon\n|-singleturn|p1b: Koraidon|Protect\n|move|p2a: Miraidon|Dazzling Gleam|p1b: Koraidon|[spread] p1a\n|-activate|p1b: Koraidon|move: Protect\n|-crit|p1a: Rillaboom\n|-damage|p1a: Rillaboom|0 fnt\n|faint|p1a: Rillaboom\n|\n|-heal|p2a: Miraidon|44/100|[from] Grassy Terrain\n|-heal|p1b: Koraidon|80/100|[from] Grassy Terrain\n|-fieldend|move: Grassy Terrain\n|upkeep\n|\n|t:|1773493292\n|switch|p1a: Incineroar|Incineroar, L50, M|38/100\n|-ability|p1a: Incineroar|Intimidate|boost\n|-unboost|p2a: Miraidon|atk|1\n|turn|15\n|\n|t:|1773493307\n|move|p1a: Incineroar|Fake Out|p2a: Miraidon\n|-damage|p2a: Miraidon|33/100\n|cant|p2a: Miraidon|flinch\n|move|p1b: Koraidon|Flame Charge|p2a: Miraidon\n|-damage|p2a: Miraidon|16/100\n|-boost|p1b: Koraidon|spe|1\n|-damage|p1b: Koraidon|70/100|[from] item: Life Orb\n|\n|upkeep\n|turn|16\n|-message|Javike forfeited.\n|\n|win|fogdocker\n|raw|fogdocker's rating: 1490 &rarr; <strong>1516</strong><br />(+26 for winning)\n|raw|Javike's rating: 1592 &rarr; <strong>1566</strong><br />(-26 for losing)\n|l|\u2606Javike\n|player|p2|\n|l|\u2606fogdocker\n|player|p1|\n","uploadtime":1773493319,"views":25,"formatid":"gen9vgc2026regi","rating":1516,"private":0,"password":null}