{"id":"gen9vgc2026regi-2547182103","format":"[Gen 9] VGC 2026 Reg I","players":["EllenJoe2026","TViewierVGC"],"log":"|j|\u2606EllenJoe2026\n|j|\u2606TViewierVGC\n|t:|1772054584\n|gametype|doubles\n|player|p1|EllenJoe2026|hilda-wonderlauncher|1496\n|player|p2|TViewierVGC|tuber|1468\n|gen|9\n|tier|[Gen 9] VGC 2026 Reg I\n|rated|\n|rule|Species Clause: Limit one of each Pok\u00e9mon\n|rule|Item Clause: Limit 1 of each item\n|clearpoke\n|poke|p1|Calyrex-Shadow, L50|\n|poke|p1|Zamazenta-*, L50|\n|poke|p1|Incineroar, L50, F|\n|poke|p1|Rillaboom, L50, F|\n|poke|p1|Ogerpon-Cornerstone, L50, F|\n|poke|p1|Tornadus, L50, M|\n|poke|p2|Zapdos-Galar, L50|\n|poke|p2|Ho-Oh, L50|\n|poke|p2|Amoonguss, L50, F|\n|poke|p2|Incineroar, L50, M|\n|poke|p2|Calyrex-Ice, L50|\n|poke|p2|Ting-Lu, L50|\n|teampreview|4\n|inactive|Battle timer is ON: inactive players will automatically lose when time's up. (requested by TViewierVGC)\n|inactive|EllenJoe2026 also wants the timer to be on.\n|inactive|TViewierVGC has 60 seconds left.\n|\n|t:|1772054617\n|teamsize|p1|4\n|teamsize|p2|4\n|start\n|switch|p1a: Zamazenta|Zamazenta-Crowned, L50, shiny|100/100\n|switch|p1b: Tornadus|Tornadus, L50, M, shiny|100/100\n|switch|p2a: Calyrex|Calyrex-Ice, L50|100/100\n|switch|p2b: Incineroar|Incineroar, L50, M, shiny|100/100\n|-ability|p2a: Calyrex|As One\n|-ability|p2a: Calyrex|Unnerve\n|-ability|p1a: Zamazenta|Dauntless Shield|boost\n|-boost|p1a: Zamazenta|def|1\n|-ability|p2b: Incineroar|Intimidate|boost\n|-unboost|p1a: Zamazenta|atk|1\n|-unboost|p1b: Tornadus|atk|1\n|turn|1\n|\n|t:|1772054634\n|move|p1a: Zamazenta|Wide Guard|p1a: Zamazenta\n|-singleturn|p1a: Zamazenta|Wide Guard\n|move|p2b: Incineroar|Fake Out|p1a: Zamazenta\n|-resisted|p1a: Zamazenta\n|-damage|p1a: Zamazenta|98/100\n|move|p1b: Tornadus|Taunt|p2a: Calyrex\n|-start|p2a: Calyrex|move: Taunt\n|move|p2a: Calyrex|Glacial Lance|p1a: Zamazenta|[spread] \n|-activate|p1a: Zamazenta|move: Wide Guard\n|-activate|p1b: Tornadus|move: Wide Guard\n|\n|upkeep\n|turn|2\n|\n|t:|1772054648\n|switch|p1b: Incineroar|Incineroar, L50, F, shiny|100/100\n|-ability|p1b: Incineroar|Intimidate|boost\n|-unboost|p2a: Calyrex|atk|1\n|-unboost|p2b: Incineroar|atk|1\n|switch|p2b: Amoonguss|Amoonguss, L50, F, shiny|100/100\n|move|p1a: Zamazenta|Body Press|p2b: Amoonguss\n|-resisted|p2b: Amoonguss\n|-damage|p2b: Amoonguss|72/100\n|-damage|p1a: Zamazenta|82/100|[from] item: Rocky Helmet|[of] p2b: Amoonguss\n|move|p2a: Calyrex|Glacial Lance|p1a: Zamazenta|[spread] p1a,p1b\n|-resisted|p1a: Zamazenta\n|-resisted|p1b: Incineroar\n|-damage|p1a: Zamazenta|75/100\n|-damage|p1b: Incineroar|87/100\n|\n|upkeep\n|turn|3\n|\n|t:|1772054668\n|switch|p2a: Ho-Oh|Ho-Oh, L50|100/100\n|move|p1a: Zamazenta|Protect|p1a: Zamazenta\n|-singleturn|p1a: Zamazenta|Protect\n|move|p1b: Incineroar|Taunt|p2b: Amoonguss\n|-start|p2b: Amoonguss|move: Taunt\n|cant|p2b: Amoonguss|move: Taunt|Spore\n|\n|upkeep\n|turn|4\n|inactive|EllenJoe2026 has 30 seconds left.\n|\n|t:|1772054697\n|switch|p2b: Incineroar|Incineroar, L50, M, shiny|100/100\n|-ability|p2b: Incineroar|Intimidate|boost\n|-unboost|p1a: Zamazenta|atk|1\n|-unboost|p1b: Incineroar|atk|1\n|-terastallize|p1a: Zamazenta|Dragon\n|move|p1a: Zamazenta|Body Press|p2b: Incineroar\n|-supereffective|p2b: Incineroar\n|-damage|p2b: Incineroar|0 fnt\n|faint|p2b: Incineroar\n|move|p2a: Ho-Oh|Sacred Fire|p1a: Zamazenta\n|-resisted|p1a: Zamazenta\n|-damage|p1a: Zamazenta|62/100\n|-damage|p2a: Ho-Oh|91/100|[from] item: Life Orb\n|move|p1b: Incineroar|Knock Off|p2a: Ho-Oh\n|-damage|p2a: Ho-Oh|68/100\n|-enditem|p2a: Ho-Oh|Life Orb|[from] move: Knock Off|[of] p1b: Incineroar\n|\n|upkeep\n|\n|t:|1772054709\n|switch|p2b: Calyrex|Calyrex-Ice, L50|100/100\n|-ability|p2b: Calyrex|As One\n|-ability|p2b: Calyrex|Unnerve\n|turn|5\n|\n|t:|1772054717\n|switch|p2a: Amoonguss|Amoonguss, L50, F, shiny|100/100\n|move|p1a: Zamazenta|Protect|p1a: Zamazenta\n|-singleturn|p1a: Zamazenta|Protect\n|move|p2b: Calyrex|Protect|p2b: Calyrex\n|-singleturn|p2b: Calyrex|Protect\n|move|p1b: Incineroar|Taunt|p2b: Calyrex\n|-activate|p2b: Calyrex|move: Protect\n|\n|upkeep\n|turn|6\n|\n|t:|1772054731\n|move|p1a: Zamazenta|Wide Guard|p1a: Zamazenta\n|-singleturn|p1a: Zamazenta|Wide Guard\n|move|p2a: Amoonguss|Rage Powder|p2a: Amoonguss\n|-singleturn|p2a: Amoonguss|move: Rage Powder\n|move|p1b: Incineroar|Taunt|p2b: Calyrex\n|-start|p2b: Calyrex|move: Taunt\n|cant|p2b: Calyrex|move: Taunt|Trick Room\n|\n|upkeep\n|turn|7\n|\n|t:|1772054746\n|switch|p2a: Ho-Oh|Ho-Oh, L50|100/100\n|move|p1a: Zamazenta|Body Press|p2b: Calyrex\n|-damage|p2b: Calyrex|59/100\n|move|p1b: Incineroar|Taunt|p2a: Ho-Oh\n|-start|p2a: Ho-Oh|move: Taunt\n|move|p2b: Calyrex|Glacial Lance|p1b: Incineroar|[spread] p1a,p1b\n|-supereffective|p1a: Zamazenta\n|-resisted|p1b: Incineroar\n|-damage|p1a: Zamazenta|23/100\n|-damage|p1b: Incineroar|68/100\n|\n|-heal|p2b: Calyrex|65/100|[from] item: Leftovers\n|upkeep\n|turn|8\n|\n|t:|1772054760\n|move|p1a: Zamazenta|Protect|p1a: Zamazenta\n|-singleturn|p1a: Zamazenta|Protect\n|move|p2a: Ho-Oh|Brave Bird|p1b: Incineroar\n|-damage|p1b: Incineroar|21/100\n|-damage|p2a: Ho-Oh|85/100|[from] Recoil\n|move|p1b: Incineroar|Parting Shot|p2a: Ho-Oh\n|-unboost|p2a: Ho-Oh|atk|1\n|-unboost|p2a: Ho-Oh|spa|1\n|\n|t:|1772054771\n|switch|p1b: Calyrex|Calyrex-Shadow, L50|100/100|[from] Parting Shot\n|-ability|p1b: Calyrex|As One\n|-ability|p1b: Calyrex|Unnerve\n|move|p2b: Calyrex|Glacial Lance|p1b: Calyrex|[spread] p1b\n|-activate|p1a: Zamazenta|move: Protect\n|-damage|p1b: Calyrex|30/100\n|\n|-heal|p2b: Calyrex|71/100|[from] item: Leftovers\n|-end|p2b: Calyrex|move: Taunt\n|upkeep\n|turn|9\n|inactive|EllenJoe2026 has 30 seconds left.\n|inactive|TViewierVGC has 30 seconds left.\n|inactive|EllenJoe2026 has 20 seconds left.\n|inactive|EllenJoe2026 has 15 seconds left.\n|\n|t:|1772054811\n|switch|p1b: Incineroar|Incineroar, L50, F, shiny|21/100\n|-ability|p1b: Incineroar|Intimidate|boost\n|-unboost|p2a: Ho-Oh|atk|1\n|-unboost|p2b: Calyrex|atk|1\n|switch|p2b: Amoonguss|Amoonguss, L50, F, shiny|100/100\n|move|p1a: Zamazenta|Wide Guard|p1a: Zamazenta\n|-singleturn|p1a: Zamazenta|Wide Guard\n|move|p2a: Ho-Oh|Brave Bird|p1b: Incineroar\n|-crit|p1b: Incineroar\n|-damage|p1b: Incineroar|0 fnt\n|faint|p1b: Incineroar\n|-damage|p2a: Ho-Oh|78/100|[from] Recoil\n|\n|-end|p2a: Ho-Oh|move: Taunt\n|upkeep\n|\n|t:|1772054833\n|switch|p1b: Calyrex|Calyrex-Shadow, L50|30/100\n|-ability|p1b: Calyrex|As One\n|-ability|p1b: Calyrex|Unnerve\n|turn|10\n|\n|t:|1772054843\n|-terastallize|p2b: Amoonguss|Water\n|move|p1b: Calyrex|Psychic|p2b: Amoonguss\n|-damage|p2b: Amoonguss|49/100\n|move|p1a: Zamazenta|Body Press|p2b: Amoonguss\n|-crit|p2b: Amoonguss\n|-damage|p2b: Amoonguss|0 fnt\n|-damage|p1a: Zamazenta|7/100|[from] item: Rocky Helmet|[of] p2b: Amoonguss\n|faint|p2b: Amoonguss\n|move|p2a: Ho-Oh|Brave Bird|p1b: Calyrex\n|-damage|p1b: Calyrex|0 fnt\n|faint|p1b: Calyrex\n|-damage|p2a: Ho-Oh|70/100|[from] Recoil\n|\n|upkeep\n|\n|t:|1772054850\n|switch|p1b: Tornadus|Tornadus, L50, M, shiny|100/100\n|switch|p2b: Calyrex|Calyrex-Ice, L50|71/100\n|-ability|p2b: Calyrex|As One\n|-ability|p2b: Calyrex|Unnerve\n|turn|11\n|-message|EllenJoe2026 forfeited.\n|\n|win|TViewierVGC\n|raw|EllenJoe2026's rating: 1496 &rarr; <strong>1474</strong><br />(-22 for losing)\n|raw|TViewierVGC's rating: 1468 &rarr; <strong>1490</strong><br />(+22 for winning)\n|l|\u2606EllenJoe2026\n|player|p1|\n|l|\u2606TViewierVGC\n|player|p2|\n","uploadtime":1772055121,"views":17,"formatid":"gen9vgc2026regi","rating":1474,"private":0,"password":null}