{"id":"gen9vgc2026regi-2536345861","format":"[Gen 9] VGC 2026 Reg I","players":["Bellsproutfanwill","Cello L."],"log":"|j|\u2606Bellsproutfanwill\n|j|\u2606Cello L.\n|t:|1770677128\n|gametype|doubles\n|player|p1|Bellsproutfanwill|hiker-gen4|1532\n|player|p2|Cello L.|psychic-gen4|1478\n|gen|9\n|tier|[Gen 9] VGC 2026 Reg I\n|rated|\n|rule|Species Clause: Limit one of each Pok\u00e9mon\n|rule|Item Clause: Limit 1 of each item\n|clearpoke\n|poke|p1|Terapagos, L50, M|\n|poke|p1|Grimmsnarl, L50, M|\n|poke|p1|Rillaboom, L50, M|\n|poke|p1|Incineroar, L50, F|\n|poke|p1|Calyrex-Shadow, L50|\n|poke|p1|Chi-Yu, L50|\n|poke|p2|Kyogre, L50|\n|poke|p2|Calyrex-Ice, L50|\n|poke|p2|Flutter Mane, L50|\n|poke|p2|Basculegion, L50, M|\n|poke|p2|Amoonguss, L50, M|\n|poke|p2|Grimmsnarl, L50, M|\n|teampreview|4\n|\n|t:|1770677151\n|teamsize|p1|4\n|teamsize|p2|4\n|start\n|switch|p1a: Grimmsnarl|Grimmsnarl, L50, M|100/100\n|switch|p1b: Terapagos|Terapagos, L50, M|100/100\n|switch|p2a: Calyrex|Calyrex-Ice, L50|100/100\n|switch|p2b: Grimmsnarl|Grimmsnarl, L50, M|100/100\n|-activate|p1b: Terapagos|ability: Tera Shift\n|detailschange|p1b: Terapagos|Terapagos-Terastal, L50, M\n|-heal|p1b: Terapagos|100/100|[silent]\n|-ability|p2a: Calyrex|As One\n|-ability|p2a: Calyrex|Unnerve\n|turn|1\n|\n|t:|1770677167\n|move|p2b: Grimmsnarl|Light Screen|p2b: Grimmsnarl\n|-sidestart|p2: Cello L.|move: Light Screen\n|move|p1a: Grimmsnarl|Reflect|p1a: Grimmsnarl\n|-sidestart|p1: Bellsproutfanwill|Reflect\n|move|p1b: Terapagos|Calm Mind|p1b: Terapagos\n|-boost|p1b: Terapagos|spa|1\n|-boost|p1b: Terapagos|spd|1\n|move|p2a: Calyrex|Leech Seed|p1b: Terapagos\n|-start|p1b: Terapagos|move: Leech Seed\n|\n|-damage|p1b: Terapagos|88/100|[from] Leech Seed|[of] p2a: Calyrex\n|upkeep\n|turn|2\n|\n|t:|1770677182\n|-terastallize|p1b: Terapagos|Stellar\n|detailschange|p1b: Terapagos|Terapagos-Stellar, L50, M, tera:Stellar\n|-heal|p1b: Terapagos|92/100|[silent]\n|move|p1b: Terapagos|Tera Starstorm|p2b: Grimmsnarl|[spread] p2a,p2b\n|-damage|p2a: Calyrex|78/100\n|-damage|p2b: Grimmsnarl|61/100\n|move|p2b: Grimmsnarl|Spirit Break|p1b: Terapagos\n|-damage|p1b: Terapagos|80/100\n|-unboost|p1b: Terapagos|spa|1\n|move|p1a: Grimmsnarl|Spirit Break|p2b: Grimmsnarl\n|-supereffective|p2b: Grimmsnarl\n|-damage|p2b: Grimmsnarl|0 fnt\n|faint|p2b: Grimmsnarl\n|move|p2a: Calyrex|Glacial Lance|p1b: Terapagos|[spread] p1a,p1b\n|-damage|p1a: Grimmsnarl|64/100\n|-damage|p1b: Terapagos|59/100\n|\n|-heal|p1b: Terapagos|65/100|[from] item: Leftovers\n|-heal|p2a: Calyrex|84/100|[from] item: Leftovers\n|-damage|p1b: Terapagos|52/100|[from] Leech Seed|[of] p2a: Calyrex\n|-heal|p2a: Calyrex|99/100|[silent]\n|upkeep\n|\n|t:|1770677207\n|switch|p2b: Kyogre|Kyogre, L50|100/100\n|-weather|RainDance|[from] ability: Drizzle|[of] p2b: Kyogre\n|turn|3\n|\n|t:|1770677216\n|move|p1a: Grimmsnarl|Light Screen|p1a: Grimmsnarl\n|-sidestart|p1: Bellsproutfanwill|move: Light Screen\n|move|p2b: Kyogre|Water Spout|p1b: Terapagos|[spread] p1a,p1b\n|-damage|p1a: Grimmsnarl|0 fnt\n|-damage|p1b: Terapagos|21/100\n|faint|p1a: Grimmsnarl\n|move|p1b: Terapagos|Tera Starstorm|p2a: Calyrex|[spread] p2a,p2b\n|-damage|p2a: Calyrex|83/100\n|-damage|p2b: Kyogre|80/100\n|move|p2a: Calyrex|Glacial Lance|p1b: Terapagos\n|-damage|p1b: Terapagos|0 fnt\n|faint|p1b: Terapagos\n|detailschange|p1: Terapagos|Terapagos, L50, M|[silent]\n|-ability|p2a: Calyrex|Chilling Neigh|boost\n|-boost|p2a: Calyrex|atk|1\n|\n|-weather|RainDance|[upkeep]\n|-heal|p2a: Calyrex|89/100|[from] item: Leftovers\n|upkeep\n|\n|t:|1770677234\n|switch|p1b: Rillaboom|Rillaboom, L50, M|100/100\n|switch|p1a: Calyrex|Calyrex-Shadow, L50|100/100\n|-ability|p1a: Calyrex|As One\n|-ability|p1a: Calyrex|Unnerve\n|-fieldstart|move: Grassy Terrain|[from] ability: Grassy Surge|[of] p1b: Rillaboom\n|turn|4\n|\n|t:|1770677273\n|-terastallize|p2a: Calyrex|Fairy\n|move|p1b: Rillaboom|Fake Out|p2a: Calyrex\n|-damage|p2a: Calyrex|80/100\n|move|p1a: Calyrex|Astral Barrage|p2b: Kyogre|[spread] p2a,p2b\n|-damage|p2a: Calyrex|58/100\n|-damage|p2b: Kyogre|55/100\n|move|p2b: Kyogre|Water Spout|p1b: Rillaboom|[spread] p1a,p1b\n|-resisted|p1b: Rillaboom\n|-damage|p1a: Calyrex|60/100\n|-damage|p1b: Rillaboom|83/100\n|cant|p2a: Calyrex|flinch\n|\n|-weather|RainDance|[upkeep]\n|-heal|p1a: Calyrex|66/100|[from] Grassy Terrain\n|-heal|p2b: Kyogre|60/100|[from] Grassy Terrain\n|-heal|p1b: Rillaboom|90/100|[from] Grassy Terrain\n|-heal|p2a: Calyrex|64/100|[from] Grassy Terrain\n|-heal|p2a: Calyrex|70/100|[from] item: Leftovers\n|upkeep\n|turn|5\n|\n|t:|1770677305\n|move|p2b: Kyogre|Protect|p2b: Kyogre\n|-singleturn|p2b: Kyogre|Protect\n|move|p1b: Rillaboom|Grassy Glide|p2b: Kyogre\n|-activate|p2b: Kyogre|move: Protect\n|move|p1a: Calyrex|Disable|p2a: Calyrex\n|-start|p2a: Calyrex|Disable|Glacial Lance\n|move|p2a: Calyrex|Trick Room|p2a: Calyrex\n|-fieldstart|move: Trick Room|[of] p2a: Calyrex\n|\n|-weather|RainDance|[upkeep]\n|-heal|p2a: Calyrex|75/100|[from] Grassy Terrain\n|-heal|p2a: Calyrex|81/100|[from] item: Leftovers\n|-heal|p1b: Rillaboom|96/100|[from] Grassy Terrain\n|-heal|p2b: Kyogre|66/100|[from] Grassy Terrain\n|-heal|p1a: Calyrex|71/100|[from] Grassy Terrain\n|upkeep\n|turn|6\n|\n|t:|1770677338\n|move|p1a: Calyrex|Protect|p1a: Calyrex\n|-singleturn|p1a: Calyrex|Protect\n|move|p1b: Rillaboom|Wood Hammer|p2b: Kyogre\n|-supereffective|p2b: Kyogre\n|-damage|p2b: Kyogre|0 fnt\n|faint|p2b: Kyogre\n|-damage|p1b: Rillaboom|74/100|[from] Recoil\n|move|p2a: Calyrex|Trick Room|p2a: Calyrex\n|-fieldend|move: Trick Room\n|\n|-weather|RainDance|[upkeep]\n|-heal|p1a: Calyrex|77/100|[from] Grassy Terrain\n|-heal|p1b: Rillaboom|81/100|[from] Grassy Terrain\n|-heal|p2a: Calyrex|87/100|[from] Grassy Terrain\n|-heal|p2a: Calyrex|93/100|[from] item: Leftovers\n|upkeep\n|\n|t:|1770677352\n|switch|p2b: Basculegion|Basculegion, L50, M|100/100\n|turn|7\n|\n|t:|1770677360\n|move|p1b: Rillaboom|Grassy Glide|p2b: Basculegion\n|-supereffective|p2b: Basculegion\n|-damage|p2b: Basculegion|2/100\n|move|p2b: Basculegion|Last Respects|p1a: Calyrex\n|-supereffective|p1a: Calyrex\n|-damage|p1a: Calyrex|0 fnt\n|faint|p1a: Calyrex\n|-damage|p2b: Basculegion|0 fnt|[from] item: Life Orb\n|faint|p2b: Basculegion\n|move|p2a: Calyrex|Leech Seed|p1b: Rillaboom\n|-immune|p1b: Rillaboom\n|\n|-weather|none\n|-heal|p1b: Rillaboom|87/100|[from] Grassy Terrain\n|-heal|p2a: Calyrex|99/100|[from] Grassy Terrain\n|-heal|p2a: Calyrex|100/100|[from] item: Leftovers\n|upkeep\n|turn|8\n|\n|t:|1770677379\n|move|p2a: Calyrex|Protect|p2a: Calyrex\n|-singleturn|p2a: Calyrex|Protect\n|move|p1b: Rillaboom|Wood Hammer|p2a: Calyrex\n|-activate|p2a: Calyrex|move: Protect\n|\n|-heal|p1b: Rillaboom|93/100|[from] Grassy Terrain\n|-end|p2a: Calyrex|Disable\n|-sideend|p1: Bellsproutfanwill|Reflect\n|-sideend|p2: Cello L.|move: Light Screen\n|-fieldend|move: Grassy Terrain\n|upkeep\n|turn|9\n|\n|t:|1770677390\n|move|p1b: Rillaboom|Wood Hammer|p2a: Calyrex\n|-damage|p2a: Calyrex|60/100\n|-damage|p1b: Rillaboom|79/100|[from] Recoil\n|move|p2a: Calyrex|Glacial Lance|p1b: Rillaboom\n|-supereffective|p1b: Rillaboom\n|-damage|p1b: Rillaboom|0 fnt\n|faint|p1b: Rillaboom\n|\n|win|Cello L.\n|raw|Bellsproutfanwill's rating: 1532 &rarr; <strong>1509</strong><br />(-23 for losing)\n|raw|Cello L.'s rating: 1478 &rarr; <strong>1501</strong><br />(+23 for winning)\n|l|\u2606Bellsproutfanwill\n|player|p1|\n|l|\u2606Cello L.\n|player|p2|\n","uploadtime":1770677629,"views":34,"formatid":"gen9vgc2026regi","rating":1501,"private":0,"password":null}