{"id":"gen9vgc2026regi-2563878680","format":"[Gen 9] VGC 2026 Reg I","players":["fogdocker","Unskilled99"],"log":"|j|\u2606fogdocker\n|j|\u2606Unskilled99\n|t:|1774076502\n|gametype|doubles\n|player|p1|fogdocker|1|\n|player|p2|Unskilled99|unknown|\n|gen|9\n|tier|[Gen 9] VGC 2026 Reg I\n|rated|Tournament battle\n|rule|Species Clause: Limit one of each Pok\u00e9mon\n|rule|Item Clause: Limit 1 of each item\n|raw|<div class=\"infobox\"><details class=\"readmore\" open><summary><strong>3 custom rules:</strong></summary> Open Team Sheets, Force Open Team Sheets, !Open Team Sheets</details></div>\n|clearpoke\n|poke|p1|Calyrex-Ice, L50|\n|poke|p1|Koraidon, L50|\n|poke|p1|Flutter Mane, L50|\n|poke|p1|Incineroar, L50, M|\n|poke|p1|Rillaboom, L50, F|\n|poke|p1|Annihilape, L50, M|\n|poke|p2|Calyrex-Shadow, L50|\n|poke|p2|Zamazenta-*, L50|\n|poke|p2|Chien-Pao, L50|\n|poke|p2|Dragonite, L50, F|\n|poke|p2|Raging Bolt, L50|\n|poke|p2|Amoonguss, L50, M|\n|teampreview|4\n|showteam|p1|Calyrex-Ice||Leftovers|AsOneGlastrier|GlacialLance,LeechSeed,TrickRoom,Protect||||||50|,,,,,Water]Koraidon||LifeOrb|OrichalcumPulse|Protect,CloseCombat,FlareBlitz,FlameCharge||||||50|,,,,,Fire]Flutter Mane||FocusSash|Protosynthesis|Protect,Moonblast,ShadowBall,IcyWind||||||50|,,,,,Normal]Incineroar||SafetyGoggles|Intimidate|FakeOut,FlareBlitz,KnockOff,PartingShot|||M|||50|,,,,,Bug]Rillaboom||AssaultVest|GrassySurge|FakeOut,WoodHammer,GrassyGlide,Uturn|||F|||50|,,,,,Fire]Annihilape||ChoiceScarf|Defiant|FinalGambit,CloseCombat,ShadowClaw,Uturn|||M|||50|,,,,,Normal\n|showteam|p2|Calyrex-Shadow||FocusSash|AsOneSpectrier|AstralBarrage,Psychic,Encore,Protect||||||50|,,,,,Ghost]Zamazenta-Crowned||RustedShield|DauntlessShield|BodyPress,HeavySlam,WideGuard,Protect||||||50|,,,,,Dragon]Chien-Pao||AssaultVest|SwordofRuin|IceSpinner,SuckerPunch,Ruination,IcyWind||||||50|,,,,,Poison]Dragonite||ChoiceBand|InnerFocus|ExtremeSpeed,LowKick,AquaJet,Outrage|||F|||50|,,,,,Normal]Raging Bolt||BoosterEnergy|Protosynthesis|Thunderbolt,Thunderclap,DragonPulse,Protect||||||50|,,,,,Electric]Amoonguss||RockyHelmet|Regenerator|Spore,SludgeBomb,RagePowder,Protect|||M|||50|,,,,,Water\n|j| christianfinity\n|l| christianfinity\n|\n|t:|1774076556\n|teamsize|p1|4\n|teamsize|p2|4\n|start\n|switch|p1a: Koraidon|Koraidon, L50|100/100\n|switch|p1b: Flutter Mane|Flutter Mane, L50|100/100\n|switch|p2a: Zamazenta|Zamazenta-Crowned, L50|100/100\n|switch|p2b: Calyrex|Calyrex-Shadow, L50|100/100\n|-ability|p2b: Calyrex|As One\n|-ability|p2b: Calyrex|Unnerve\n|-weather|SunnyDay|[from] ability: Orichalcum Pulse|[of] p1a: Koraidon\n|-activate|p1b: Flutter Mane|ability: Protosynthesis\n|-start|p1b: Flutter Mane|protosynthesisspe\n|-activate|p1a: Koraidon|Orichalcum Pulse|[source]\n|-ability|p2a: Zamazenta|Dauntless Shield|boost\n|-boost|p2a: Zamazenta|def|1\n|turn|1\n|\n|t:|1774076577\n|-terastallize|p1b: Flutter Mane|Normal\n|move|p2b: Calyrex|Protect|p2b: Calyrex\n|-singleturn|p2b: Calyrex|Protect\n|move|p1a: Koraidon|Protect|p1a: Koraidon\n|-singleturn|p1a: Koraidon|Protect\n|move|p2a: Zamazenta|Protect|p2a: Zamazenta\n|-singleturn|p2a: Zamazenta|Protect\n|move|p1b: Flutter Mane|Shadow Ball|p2b: Calyrex\n|-activate|p2b: Calyrex|move: Protect\n|\n|-weather|SunnyDay|[upkeep]\n|upkeep\n|turn|2\n|\n|t:|1774076607\n|move|p1b: Flutter Mane|Icy Wind|p2b: Calyrex|[spread] p2a,p2b\n|-resisted|p2a: Zamazenta\n|-damage|p2a: Zamazenta|96/100\n|-damage|p2b: Calyrex|84/100\n|-unboost|p2a: Zamazenta|spe|1\n|-unboost|p2b: Calyrex|spe|1\n|move|p1a: Koraidon|Flare Blitz|p2b: Calyrex\n|-damage|p2b: Calyrex|0 fnt\n|faint|p2b: Calyrex\n|-damage|p1a: Koraidon|72/100|[from] Recoil\n|-damage|p1a: Koraidon|63/100|[from] item: Life Orb\n|move|p2a: Zamazenta|Body Press|p1b: Flutter Mane\n|-supereffective|p1b: Flutter Mane\n|-enditem|p1b: Flutter Mane|Focus Sash\n|-damage|p1b: Flutter Mane|1/100\n|\n|-weather|SunnyDay|[upkeep]\n|upkeep\n|\n|t:|1774076631\n|switch|p2b: Dragonite|Dragonite, L50, F|100/100\n|turn|3\n|\n|t:|1774076641\n|-terastallize|p2a: Zamazenta|Dragon\n|move|p2b: Dragonite|Extreme Speed|p1b: Flutter Mane\n|-damage|p1b: Flutter Mane|0 fnt\n|faint|p1b: Flutter Mane\n|-end|p1b: Flutter Mane|Protosynthesis|[silent]\n|move|p1a: Koraidon|Flare Blitz|p2a: Zamazenta\n|-resisted|p2a: Zamazenta\n|-damage|p2a: Zamazenta|74/100\n|-damage|p1a: Koraidon|55/100|[from] Recoil\n|-damage|p1a: Koraidon|45/100|[from] item: Life Orb\n|move|p2a: Zamazenta|Body Press|p1a: Koraidon\n|-damage|p1a: Koraidon|0 fnt\n|faint|p1a: Koraidon\n|\n|-weather|SunnyDay|[upkeep]\n|upkeep\n|\n|t:|1774076645\n|switch|p1a: Calyrex|Calyrex-Ice, L50|100/100\n|switch|p1b: Incineroar|Incineroar, L50, M|100/100\n|-ability|p1a: Calyrex|As One\n|-ability|p1a: Calyrex|Unnerve\n|-ability|p1b: Incineroar|Intimidate|boost\n|-unboost|p2a: Zamazenta|atk|1\n|-fail|p2b: Dragonite|unboost|Attack|[from] ability: Inner Focus|[of] p2b: Dragonite\n|turn|4\n|\n|t:|1774076680\n|move|p2a: Zamazenta|Protect|p2a: Zamazenta\n|-singleturn|p2a: Zamazenta|Protect\n|move|p1b: Incineroar|Fake Out|p2a: Zamazenta\n|-activate|p2a: Zamazenta|move: Protect\n|move|p2b: Dragonite|Extreme Speed|p1a: Calyrex\n|-damage|p1a: Calyrex|76/100\n|move|p1a: Calyrex|Trick Room|p1a: Calyrex\n|-fieldstart|move: Trick Room|[of] p1a: Calyrex\n|\n|-weather|SunnyDay|[upkeep]\n|-heal|p1a: Calyrex|82/100|[from] item: Leftovers\n|upkeep\n|turn|5\n|j| smartyff\n|\n|t:|1774076716\n|move|p2a: Zamazenta|Wide Guard|p2a: Zamazenta\n|-singleturn|p2a: Zamazenta|Wide Guard\n|move|p2b: Dragonite|Extreme Speed|p1b: Incineroar\n|-damage|p1b: Incineroar|66/100\n|move|p1a: Calyrex|Glacial Lance|p2a: Zamazenta|[spread] \n|-activate|p2a: Zamazenta|move: Wide Guard\n|-activate|p2b: Dragonite|move: Wide Guard\n|move|p1b: Incineroar|Knock Off|p2b: Dragonite\n|-damage|p2b: Dragonite|62/100\n|-enditem|p2b: Dragonite|Choice Band|[from] move: Knock Off|[of] p1b: Incineroar\n|\n|-weather|none\n|-heal|p1a: Calyrex|88/100|[from] item: Leftovers\n|upkeep\n|turn|6\n|\n|t:|1774076740\n|move|p2a: Zamazenta|Wide Guard|p2a: Zamazenta\n|-singleturn|p2a: Zamazenta|Wide Guard\n|move|p1a: Calyrex|Leech Seed|p2a: Zamazenta\n|-start|p2a: Zamazenta|move: Leech Seed\n|move|p1b: Incineroar|Knock Off|p2b: Dragonite\n|-crit|p2b: Dragonite\n|-damage|p2b: Dragonite|25/100\n|move|p2b: Dragonite|Low Kick|p1b: Incineroar\n|-supereffective|p1b: Incineroar\n|-crit|p1b: Incineroar\n|-damage|p1b: Incineroar|0 fnt\n|faint|p1b: Incineroar\n|\n|-heal|p1a: Calyrex|94/100|[from] item: Leftovers\n|-damage|p2a: Zamazenta|62/100|[from] Leech Seed|[of] p1a: Calyrex\n|-heal|p1a: Calyrex|100/100|[silent]\n|upkeep\n|turn|7\n|\n|t:|1774076755\n|move|p2a: Zamazenta|Wide Guard|p2a: Zamazenta\n|-singleturn|p2a: Zamazenta|Wide Guard\n|move|p1a: Calyrex|Glacial Lance|p2a: Zamazenta|[spread] \n|-activate|p2a: Zamazenta|move: Wide Guard\n|-activate|p2b: Dragonite|move: Wide Guard\n|move|p2b: Dragonite|Low Kick|p1a: Calyrex\n|-damage|p1a: Calyrex|76/100\n|\n|-heal|p1a: Calyrex|82/100|[from] item: Leftovers\n|-damage|p2a: Zamazenta|50/100|[from] Leech Seed|[of] p1a: Calyrex\n|-heal|p1a: Calyrex|93/100|[silent]\n|upkeep\n|turn|8\n|\n|t:|1774076763\n|move|p2a: Zamazenta|Wide Guard|p2a: Zamazenta\n|-singleturn|p2a: Zamazenta|Wide Guard\n|move|p1a: Calyrex|Leech Seed|p2b: Dragonite\n|-start|p2b: Dragonite|move: Leech Seed\n|move|p2b: Dragonite|Low Kick|p1a: Calyrex\n|-damage|p1a: Calyrex|69/100\n|\n|-heal|p1a: Calyrex|75/100|[from] item: Leftovers\n|-damage|p2b: Dragonite|13/100|[from] Leech Seed|[of] p1a: Calyrex\n|-heal|p1a: Calyrex|86/100|[silent]\n|-damage|p2a: Zamazenta|38/100|[from] Leech Seed|[of] p1a: Calyrex\n|-heal|p1a: Calyrex|98/100|[silent]\n|-fieldend|move: Trick Room\n|upkeep\n|turn|9\n|\n|t:|1774076778\n|move|p2b: Dragonite|Outrage|p1a: Calyrex\n|-damage|p1a: Calyrex|63/100\n|move|p2a: Zamazenta|Body Press|p1a: Calyrex\n|-damage|p1a: Calyrex|26/100\n|move|p1a: Calyrex|Glacial Lance|p2a: Zamazenta|[spread] p2a,p2b\n|-supereffective|p2a: Zamazenta\n|-supereffective|p2b: Dragonite\n|-damage|p2a: Zamazenta|1/100\n|-damage|p2b: Dragonite|0 fnt\n|faint|p2b: Dragonite\n|-ability|p1a: Calyrex|Chilling Neigh|boost\n|-boost|p1a: Calyrex|atk|1\n|\n|-heal|p1a: Calyrex|31/100|[from] item: Leftovers\n|-damage|p2a: Zamazenta|0 fnt|[from] Leech Seed|[of] p1a: Calyrex\n|-heal|p1a: Calyrex|32/100|[silent]\n|faint|p2a: Zamazenta\n|upkeep\n|c| smartyff|1 vs 3\n|\n|t:|1774076803\n|switch|p2b: Chien-Pao|Chien-Pao, L50|100/100\n|-ability|p2b: Chien-Pao|Sword of Ruin\n|turn|10\n|c|\u2606Unskilled99|oh no\n|inactive|Battle timer is ON: inactive players will automatically lose when time's up. (requested by fogdocker)\n|\n|t:|1774076834\n|move|p1a: Calyrex|Protect|p1a: Calyrex\n|-singleturn|p1a: Calyrex|Protect\n|move|p2b: Chien-Pao|Ice Spinner|p1a: Calyrex\n|-activate|p1a: Calyrex|move: Protect\n|\n|-heal|p1a: Calyrex|38/100|[from] item: Leftovers\n|upkeep\n|turn|11\n|\n|t:|1774076841\n|move|p2b: Chien-Pao|Ruination|p1a: Calyrex\n|-damage|p1a: Calyrex|19/100\n|move|p1a: Calyrex|Leech Seed|p2b: Chien-Pao\n|-start|p2b: Chien-Pao|move: Leech Seed\n|\n|-heal|p1a: Calyrex|25/100|[from] item: Leftovers\n|-damage|p2b: Chien-Pao|88/100|[from] Leech Seed|[of] p1a: Calyrex\n|-heal|p1a: Calyrex|35/100|[silent]\n|upkeep\n|turn|12\n|c| smartyff|ice rider should win\n|\n|t:|1774076857\n|move|p1a: Calyrex|Protect|p1a: Calyrex\n|-singleturn|p1a: Calyrex|Protect\n|move|p2b: Chien-Pao|Ruination|p1a: Calyrex\n|-activate|p1a: Calyrex|move: Protect\n|\n|-heal|p1a: Calyrex|41/100|[from] item: Leftovers\n|-damage|p2b: Chien-Pao|75/100|[from] Leech Seed|[of] p1a: Calyrex\n|-heal|p1a: Calyrex|50/100|[silent]\n|upkeep\n|turn|13\n|\n|t:|1774076868\n|move|p2b: Chien-Pao|Ruination|p1a: Calyrex\n|-damage|p1a: Calyrex|26/100\n|move|p1a: Calyrex|Trick Room|p1a: Calyrex\n|-fieldstart|move: Trick Room|[of] p1a: Calyrex\n|\n|-heal|p1a: Calyrex|31/100|[from] item: Leftovers\n|-damage|p2b: Chien-Pao|63/100|[from] Leech Seed|[of] p1a: Calyrex\n|-heal|p1a: Calyrex|41/100|[silent]\n|upkeep\n|turn|14\n|\n|t:|1774076874\n|move|p1a: Calyrex|Protect|p1a: Calyrex\n|-singleturn|p1a: Calyrex|Protect\n|move|p2b: Chien-Pao|Ruination|p1a: Calyrex\n|-activate|p1a: Calyrex|move: Protect\n|\n|-heal|p1a: Calyrex|47/100|[from] item: Leftovers\n|-damage|p2b: Chien-Pao|50/100|[from] Leech Seed|[of] p1a: Calyrex\n|-heal|p1a: Calyrex|57/100|[silent]\n|upkeep\n|turn|15\n|\n|t:|1774076883\n|move|p1a: Calyrex|Protect||[still]\n|-fail|p1a: Calyrex\n|move|p2b: Chien-Pao|Ruination|p1a: Calyrex\n|-damage|p1a: Calyrex|29/100\n|\n|-heal|p1a: Calyrex|34/100|[from] item: Leftovers\n|-damage|p2b: Chien-Pao|38/100|[from] Leech Seed|[of] p1a: Calyrex\n|-heal|p1a: Calyrex|44/100|[silent]\n|upkeep\n|turn|16\n|c|\u2606Unskilled99|rip sucker punch\n|\n|t:|1774076896\n|move|p1a: Calyrex|Protect|p1a: Calyrex\n|-singleturn|p1a: Calyrex|Protect\n|move|p2b: Chien-Pao|Ruination|p1a: Calyrex\n|-activate|p1a: Calyrex|move: Protect\n|\n|-heal|p1a: Calyrex|50/100|[from] item: Leftovers\n|-damage|p2b: Chien-Pao|25/100|[from] Leech Seed|[of] p1a: Calyrex\n|-heal|p1a: Calyrex|59/100|[silent]\n|upkeep\n|turn|17\n|\n|t:|1774076913\n|move|p1a: Calyrex|Protect||[still]\n|-fail|p1a: Calyrex\n|move|p2b: Chien-Pao|Ruination|p1a: Calyrex\n|-damage|p1a: Calyrex|30/100\n|\n|-heal|p1a: Calyrex|36/100|[from] item: Leftovers\n|-damage|p2b: Chien-Pao|13/100|[from] Leech Seed|[of] p1a: Calyrex\n|-heal|p1a: Calyrex|45/100|[silent]\n|-fieldend|move: Trick Room\n|upkeep\n|turn|18\n|\n|t:|1774076920\n|move|p1a: Calyrex|Protect|p1a: Calyrex\n|-singleturn|p1a: Calyrex|Protect\n|move|p2b: Chien-Pao|Sucker Punch||[still]\n|-fail|p2b: Chien-Pao\n|\n|-heal|p1a: Calyrex|51/100|[from] item: Leftovers\n|-damage|p2b: Chien-Pao|0 fnt|[from] Leech Seed|[of] p1a: Calyrex\n|-heal|p1a: Calyrex|61/100|[silent]\n|faint|p2b: Chien-Pao\n|\n|win|fogdocker\n|n|\u2606fogdocker|fogdocker\n|n|\u2606Unskilled99|unskilled99\n|n| smartyff|smartyff\n|l| smartyff\n","uploadtime":1774076931,"views":10,"formatid":"gen9vgc2026regi","rating":null,"private":0,"password":null}