{"id":"gen9vgc2026regi-2534066669","format":"[Gen 9] VGC 2026 Reg I","players":["Unskilled99","VJ2511"],"log":"|j|\u2606Unskilled99\n|j|\u2606VJ2511\n|t:|1770383793\n|gametype|doubles\n|player|p1|Unskilled99|unknown|1556\n|player|p2|VJ2511|red-masters3|1584\n|gen|9\n|tier|[Gen 9] VGC 2026 Reg I\n|rated|\n|rule|Species Clause: Limit one of each Pok\u00e9mon\n|rule|Item Clause: Limit 1 of each item\n|clearpoke\n|poke|p1|Calyrex-Shadow, L50|\n|poke|p1|Zamazenta-*, L50|\n|poke|p1|Chien-Pao, L50|\n|poke|p1|Dragonite, L50, F|\n|poke|p1|Raging Bolt, L50|\n|poke|p1|Amoonguss, L50, F|\n|poke|p2|Calyrex-Shadow, L50|\n|poke|p2|Zamazenta-*, L50|\n|poke|p2|Chien-Pao, L50|\n|poke|p2|Dragonite, L50, F|\n|poke|p2|Raging Bolt, L50|\n|poke|p2|Amoonguss, L50, F|\n|teampreview|4\n|c|\u2606VJ2511|well well well\n|c|\u2606VJ2511|oh hi unskilled its u\n|inactive|Battle timer is ON: inactive players will automatically lose when time's up. (requested by VJ2511)\n|c|\u2606Unskilled99|hi VJ\n|c|\u2606VJ2511|we're in for another mirror are we\n|c|\u2606Unskilled99|let's go man\n|\n|t:|1770383845\n|teamsize|p1|4\n|teamsize|p2|4\n|start\n|switch|p1a: Chien-Pao|Chien-Pao, L50|100/100\n|switch|p1b: Zamazenta|Zamazenta-Crowned, L50|100/100\n|switch|p2a: Zamazenta|Zamazenta-Crowned, L50|100/100\n|switch|p2b: Chien-Pao|Chien-Pao, L50|100/100\n|-ability|p1a: Chien-Pao|Sword of Ruin\n|-ability|p2b: Chien-Pao|Sword of Ruin\n|-ability|p2a: Zamazenta|Dauntless Shield|boost\n|-boost|p2a: Zamazenta|def|1\n|-ability|p1b: Zamazenta|Dauntless Shield|boost\n|-boost|p1b: Zamazenta|def|1\n|turn|1\n|c|\u2606Unskilled99|lmao\n|c|\u2606VJ2511|ah shit last time u led csr zama\n|c|\u2606VJ2511|and i was off to such a good start\n|c|\u2606VJ2511|aight speed ties it is\n|j| lunala fairy ghost\n|\n|t:|1770383870\n|-terastallize|p1a: Chien-Pao|Poison\n|move|p1b: Zamazenta|Wide Guard|p1b: Zamazenta\n|-singleturn|p1b: Zamazenta|Wide Guard\n|move|p1a: Chien-Pao|Icy Wind|p2b: Chien-Pao|[spread] p2a,p2b\n|-resisted|p2a: Zamazenta\n|-resisted|p2b: Chien-Pao\n|-damage|p2a: Zamazenta|97/100\n|-damage|p2b: Chien-Pao|95/100\n|-unboost|p2a: Zamazenta|spe|1\n|-unboost|p2b: Chien-Pao|spe|1\n|move|p2b: Chien-Pao|Icy Wind|p1a: Chien-Pao|[spread] \n|-activate|p1a: Chien-Pao|move: Wide Guard\n|-activate|p1b: Zamazenta|move: Wide Guard\n|move|p2a: Zamazenta|Body Press|p1a: Chien-Pao\n|-resisted|p1a: Chien-Pao\n|-damage|p1a: Chien-Pao|55/100\n|\n|upkeep\n|turn|2\n|\n|t:|1770383892\n|-terastallize|p2b: Chien-Pao|Poison\n|move|p2a: Zamazenta|Protect|p2a: Zamazenta\n|-singleturn|p2a: Zamazenta|Protect\n|move|p1a: Chien-Pao|Ruination|p2a: Zamazenta\n|-activate|p2a: Zamazenta|move: Protect\n|move|p1b: Zamazenta|Heavy Slam|p2b: Chien-Pao\n|-damage|p2b: Chien-Pao|36/100\n|move|p2b: Chien-Pao|Icy Wind|p1b: Zamazenta|[spread] p1a,p1b\n|-resisted|p1b: Zamazenta\n|-damage|p1a: Chien-Pao|45/100\n|-damage|p1b: Zamazenta|97/100\n|-unboost|p1a: Chien-Pao|spe|1\n|-unboost|p1b: Zamazenta|spe|1\n|\n|upkeep\n|turn|3\n|\n|t:|1770383909\n|move|p1a: Chien-Pao|Sucker Punch|p2b: Chien-Pao\n|-damage|p2b: Chien-Pao|0 fnt\n|faint|p2b: Chien-Pao\n|move|p2a: Zamazenta|Body Press|p1b: Zamazenta\n|-supereffective|p1b: Zamazenta\n|-damage|p1b: Zamazenta|32/100\n|move|p1b: Zamazenta|Body Press|p2a: Zamazenta\n|-supereffective|p2a: Zamazenta\n|-damage|p2a: Zamazenta|35/100\n|\n|upkeep\n|\n|t:|1770383915\n|switch|p2b: Calyrex|Calyrex-Shadow, L50|100/100\n|-ability|p2b: Calyrex|As One\n|-ability|p2b: Calyrex|Unnerve\n|turn|4\n|\n|t:|1770383931\n|switch|p1a: Raging Bolt|Raging Bolt, L50|100/100\n|-enditem|p1a: Raging Bolt|Booster Energy\n|-activate|p1a: Raging Bolt|ability: Protosynthesis|[fromitem]\n|-start|p1a: Raging Bolt|protosynthesisspa\n|move|p2b: Calyrex|Psychic|p1a: Raging Bolt\n|-crit|p1a: Raging Bolt\n|-damage|p1a: Raging Bolt|27/100\n|move|p2a: Zamazenta|Body Press|p1b: Zamazenta\n|-supereffective|p1b: Zamazenta\n|-damage|p1b: Zamazenta|0 fnt\n|faint|p1b: Zamazenta\n|\n|upkeep\n|c|\u2606Unskilled99|oof\n|\n|t:|1770383943\n|switch|p1b: Chien-Pao|Chien-Pao, L50, tera:Poison|45/100\n|-ability|p1b: Chien-Pao|Sword of Ruin\n|turn|5\n|\n|t:|1770383970\n|switch|p2b: Dragonite|Dragonite, L50, F, shiny|100/100\n|move|p1b: Chien-Pao|Sucker Punch||[still]\n|-fail|p1b: Chien-Pao\n|move|p1a: Raging Bolt|Thunderclap|p2a: Zamazenta\n|-damage|p2a: Zamazenta|0 fnt\n|faint|p2a: Zamazenta\n|\n|upkeep\n|\n|t:|1770383976\n|switch|p2a: Calyrex|Calyrex-Shadow, L50|100/100\n|-ability|p2a: Calyrex|As One\n|-ability|p2a: Calyrex|Unnerve\n|turn|6\n|\n|t:|1770383994\n|move|p2b: Dragonite|Aqua Jet|p1b: Chien-Pao\n|-damage|p1b: Chien-Pao|14/100\n|move|p2a: Calyrex|Astral Barrage|p1b: Chien-Pao|[spread] p1a,p1b\n|-damage|p1a: Raging Bolt|0 fnt\n|-damage|p1b: Chien-Pao|0 fnt\n|faint|p1a: Raging Bolt\n|-end|p1a: Raging Bolt|Protosynthesis|[silent]\n|faint|p1b: Chien-Pao\n|-ability|p2a: Calyrex|Grim Neigh|boost\n|-boost|p2a: Calyrex|spa|2\n|\n|upkeep\n|c|\u2606Unskilled99|bruh\n|c|\u2606VJ2511|welp\n|c|\u2606VJ2511|gg wp\n|\n|t:|1770384006\n|switch|p1a: Calyrex|Calyrex-Shadow, L50|100/100\n|-ability|p1a: Calyrex|As One\n|-ability|p1a: Calyrex|Unnerve\n|turn|7\n|c|\u2606Unskilled99|gg\n|\n|t:|1770384013\n|move|p2b: Dragonite|Aqua Jet|p1a: Calyrex\n|-damage|p1a: Calyrex|74/100\n|move|p1a: Calyrex|Astral Barrage|p2b: Dragonite|[spread] p2a,p2b\n|-supereffective|p2a: Calyrex\n|-enditem|p2a: Calyrex|Focus Sash\n|-damage|p2a: Calyrex|1/100\n|-damage|p2b: Dragonite|54/100\n|move|p2a: Calyrex|Astral Barrage|p1a: Calyrex\n|-supereffective|p1a: Calyrex\n|-damage|p1a: Calyrex|0 fnt\n|faint|p1a: Calyrex\n|\n|win|VJ2511\n|raw|Unskilled99's rating: 1556 &rarr; <strong>1538</strong><br />(-18 for losing)\n|raw|VJ2511's rating: 1584 &rarr; <strong>1602</strong><br />(+18 for winning)\n|l|\u2606VJ2511\n|player|p2|\n|l|\u2606Unskilled99\n|player|p1|\n|l| lunala fairy ghost\n","uploadtime":1770384024,"views":66,"formatid":"gen9vgc2026regi","rating":1538,"private":0,"password":null}