{"id":"gen9vgc2026regi-2590684815","format":"[Gen 9] VGC 2026 Reg I","players":["firefalls","Vovo112011"],"log":"|j|\u2606firefalls\n|j|\u2606Vovo112011\n|t:|1776834269\n|gametype|doubles\n|player|p1|firefalls|n|1481\n|player|p2|Vovo112011|lance|1441\n|gen|9\n|tier|[Gen 9] VGC 2026 Reg I\n|rated|\n|rule|Species Clause: Limit one of each Pok\u00e9mon\n|rule|Item Clause: Limit 1 of each item\n|clearpoke\n|poke|p1|Koraidon, L50|\n|poke|p1|Kingambit, L50, F|\n|poke|p1|Lunala, L50|\n|poke|p1|Brute Bonnet, L50|\n|poke|p1|Flutter Mane, L50|\n|poke|p1|Iron Treads, L50|\n|poke|p2|Incineroar, L50, M|\n|poke|p2|Rillaboom, L50, M|\n|poke|p2|Tornadus, L50, M|\n|poke|p2|Koraidon, L50|\n|poke|p2|Calyrex-Shadow, L50|\n|poke|p2|Flutter Mane, L50|\n|teampreview|4\n|inactive|Battle timer is ON: inactive players will automatically lose when time's up. (requested by Vovo112011)\nfirefalls has agreed to open team sheets.\n|inactive|firefalls has 60 seconds left.\n|inactive|Vovo112011 has 60 seconds left.\nVovo112011 rejected open team sheets.\n|\n|t:|1776834313\n|teamsize|p1|4\n|teamsize|p2|4\n|start\n|switch|p1a: Lunala|Lunala, L50|100/100\n|switch|p1b: Brute Bonnet|Brute Bonnet, L50|100/100\n|switch|p2a: Tornadus|Tornadus, L50, M|100/100\n|switch|p2b: Koraidon|Koraidon, L50|100/100\n|-weather|SunnyDay|[from] ability: Orichalcum Pulse|[of] p2b: Koraidon\n|-activate|p1b: Brute Bonnet|ability: Protosynthesis\n|-start|p1b: Brute Bonnet|protosynthesisdef\n|-activate|p2b: Koraidon|Orichalcum Pulse|[source]\n|turn|1\n|inactive|firefalls has 30 seconds left.\n|inactive|Vovo112011 has 30 seconds left.\n|inactive|Vovo112011 has 20 seconds left.\n|\n|t:|1776834350\n|-terastallize|p2b: Koraidon|Fire\n|-terastallize|p1b: Brute Bonnet|Water\n|move|p1b: Brute Bonnet|Rage Powder|p1b: Brute Bonnet\n|-singleturn|p1b: Brute Bonnet|move: Rage Powder\n|move|p2a: Tornadus|Tailwind|p2a: Tornadus\n|-sidestart|p2: Vovo112011|move: Tailwind\n|move|p2b: Koraidon|Flame Charge|p1b: Brute Bonnet\n|-resisted|p1b: Brute Bonnet\n|-damage|p1b: Brute Bonnet|79/100\n|-boost|p2b: Koraidon|spe|1\n|-damage|p2b: Koraidon|90/100|[from] item: Life Orb\n|move|p1a: Lunala|Trick Room|p1a: Lunala\n|-fieldstart|move: Trick Room|[of] p1a: Lunala\n|\n|-weather|SunnyDay|[upkeep]\n|upkeep\n|turn|2\n|\n|t:|1776834367\n|move|p2b: Koraidon|Protect|p2b: Koraidon\n|-singleturn|p2b: Koraidon|Protect\n|move|p2a: Tornadus|Rain Dance|p2a: Tornadus\n|-weather|RainDance\n|-end|p1b: Brute Bonnet|Protosynthesis\n|move|p1b: Brute Bonnet|Spore|p2b: Koraidon\n|-activate|p2b: Koraidon|move: Protect\n|move|p1a: Lunala|Meteor Beam||[still]\n|-prepare|p1a: Lunala|Meteor Beam\n|-boost|p1a: Lunala|spa|1\n|-enditem|p1a: Lunala|Power Herb\n|-anim|p1a: Lunala|Meteor Beam|p2a: Tornadus\n|-supereffective|p2a: Tornadus\n|-damage|p2a: Tornadus|0 fnt\n|faint|p2a: Tornadus\n|\n|-weather|RainDance|[upkeep]\n|upkeep\n|\n|t:|1776834383\n|switch|p2a: Rillaboom|Rillaboom, L50, M|100/100\n|-fieldstart|move: Grassy Terrain|[from] ability: Grassy Surge|[of] p2a: Rillaboom\n|turn|3\n|inactive|firefalls has 30 seconds left.\n|inactive|firefalls has 20 seconds left.\n|\n|t:|1776834421\n|move|p2a: Rillaboom|Fake Out|p1b: Brute Bonnet\n|-damage|p1b: Brute Bonnet|70/100\n|cant|p1b: Brute Bonnet|flinch\n|move|p1a: Lunala|Moongeist Beam|p2b: Koraidon\n|-damage|p2b: Koraidon|14/100\n|move|p2b: Koraidon|Close Combat|p1b: Brute Bonnet\n|-damage|p1b: Brute Bonnet|16/100\n|-unboost|p2b: Koraidon|def|1\n|-unboost|p2b: Koraidon|spd|1\n|-enditem|p1b: Brute Bonnet|Sitrus Berry|[eat]\n|-heal|p1b: Brute Bonnet|40/100|[from] item: Sitrus Berry\n|-damage|p2b: Koraidon|4/100|[from] item: Life Orb\n|\n|-weather|RainDance|[upkeep]\n|-heal|p1b: Brute Bonnet|46/100|[from] Grassy Terrain\n|-heal|p2b: Koraidon|10/100|[from] Grassy Terrain\n|upkeep\n|turn|4\n|\n|t:|1776834438\n|move|p2b: Koraidon|Protect|p2b: Koraidon\n|-singleturn|p2b: Koraidon|Protect\n|move|p2a: Rillaboom|Grassy Glide|p1b: Brute Bonnet\n|-supereffective|p1b: Brute Bonnet\n|-damage|p1b: Brute Bonnet|0 fnt\n|faint|p1b: Brute Bonnet\n|-end|p1b: Brute Bonnet|Protosynthesis|[silent]\n|move|p1a: Lunala|Moongeist Beam|p2a: Rillaboom\n|-damage|p2a: Rillaboom|34/100\n|\n|-weather|RainDance|[upkeep]\n|-heal|p2a: Rillaboom|40/100|[from] Grassy Terrain\n|-heal|p2b: Koraidon|16/100|[from] Grassy Terrain\n|-sideend|p2: Vovo112011|move: Tailwind\n|upkeep\n|\n|t:|1776834442\n|switch|p1b: Kingambit|Kingambit, L50, F|100/100\n|turn|5\n|inactive|Vovo112011 has 30 seconds left.\n|\n|t:|1776834468\n|switch|p2b: Calyrex|Calyrex-Shadow, L50|100/100\n|-ability|p2b: Calyrex|As One\n|-ability|p2b: Calyrex|Unnerve\n|move|p1b: Kingambit|Kowtow Cleave|p2b: Calyrex\n|-supereffective|p2b: Calyrex\n|-enditem|p2b: Calyrex|Focus Sash\n|-damage|p2b: Calyrex|1/100\n|move|p2a: Rillaboom|U-turn|p1a: Lunala\n|-damage|p1a: Lunala|92/100\n|\n|t:|1776834481\n|switch|p2a: Koraidon|Koraidon, L50, tera:Fire|16/100|[from] U-turn\n|-weather|SunnyDay|[from] ability: Orichalcum Pulse|[of] p2a: Koraidon\n|-activate|p2a: Koraidon|Orichalcum Pulse|[source]\n|move|p1a: Lunala|Moongeist Beam|p2a: Koraidon\n|-crit|p2a: Koraidon\n|-damage|p2a: Koraidon|0 fnt\n|faint|p2a: Koraidon\n|\n|-weather|SunnyDay|[upkeep]\n|-heal|p1a: Lunala|98/100|[from] Grassy Terrain\n|-heal|p2b: Calyrex|7/100|[from] Grassy Terrain\n|-fieldend|move: Trick Room\n|upkeep\n|\n|t:|1776834483\n|switch|p2a: Rillaboom|Rillaboom, L50, M|40/100\n|turn|6\n|\n|t:|1776834492\n|move|p1a: Lunala|Wide Guard|p1a: Lunala\n|-singleturn|p1a: Lunala|Wide Guard\n|move|p2a: Rillaboom|Fake Out|p1b: Kingambit\n|-resisted|p1b: Kingambit\n|-damage|p1b: Kingambit|95/100\n|move|p2b: Calyrex|Astral Barrage|p1a: Lunala|[spread] \n|-activate|p1a: Lunala|move: Wide Guard\n|-activate|p1b: Kingambit|move: Wide Guard\n|cant|p1b: Kingambit|flinch\n|\n|-weather|SunnyDay|[upkeep]\n|-heal|p2b: Calyrex|13/100|[from] Grassy Terrain\n|-heal|p1a: Lunala|100/100|[from] Grassy Terrain\n|-heal|p2a: Rillaboom|46/100|[from] Grassy Terrain\n|-heal|p1b: Kingambit|100/100|[from] Grassy Terrain\n|upkeep\n|turn|7\n|-message|Vovo112011 forfeited.\n|\n|win|firefalls\n|raw|firefalls's rating: 1481 &rarr; <strong>1499</strong><br />(+18 for winning)\n|raw|Vovo112011's rating: 1441 &rarr; <strong>1423</strong><br />(-18 for losing)\n|l|\u2606Vovo112011\n|player|p2|\n|l|\u2606firefalls\n|player|p1|\n","uploadtime":1776834748,"views":9,"formatid":"gen9vgc2026regi","rating":1423,"private":0,"password":null}