{"id":"gen9vgc2026regi-2562153494","format":"[Gen 9] VGC 2026 Reg I","players":["It'sJustKen VGC","The Yegorushhka"],"log":"|j|\u2606It'sJustKen VGC\n|j|\u2606The Yegorushhka\n|t:|1773876519\n|gametype|doubles\n|player|p1|It'sJustKen VGC|265|\n|player|p2|The Yegorushhka|may-masters2|\n|gen|9\n|tier|[Gen 9] VGC 2026 Reg I\n|rated|Tournament battle\n|rule|Species Clause: Limit one of each Pok\u00e9mon\n|rule|Item Clause: Limit 1 of each item\n|raw|<div class=\"infobox\"><details class=\"readmore\" open><summary><strong>3 custom rules:</strong></summary> Open Team Sheets, Force Open Team Sheets, !Open Team Sheets</details></div>\n|clearpoke\n|poke|p1|Iron Hands, L50|\n|poke|p1|Incineroar, L50, M|\n|poke|p1|Calyrex-Shadow, L50|\n|poke|p1|Whimsicott, L50, F|\n|poke|p1|Farigiraf, L50, M|\n|poke|p1|Miraidon, L50|\n|poke|p2|Terapagos, L50, M|\n|poke|p2|Zamazenta-*, L50|\n|poke|p2|Rillaboom, L50, F|\n|poke|p2|Incineroar, L50, M|\n|poke|p2|Ogerpon-Cornerstone, L50, F|\n|poke|p2|Comfey, L50, M|\n|teampreview|4\n|showteam|p1|Iron Hands||AssaultVest|QuarkDrive|FakeOut,DrainPunch,WildCharge,LowKick||||||50|,,,,,Water]Incineroar||RockyHelmet|Intimidate|FakeOut,Uturn,KnockOff,FlareBlitz|||M|||50|,,,,,Bug]Calyrex-Shadow||FocusSash|AsOneSpectrier|Protect,AstralBarrage,Psychic,Imprison||||||50|,,,,,Ghost]Whimsicott||CovertCloak|Prankster|Tailwind,Encore,Moonblast,LightScreen|||F|||50|,,,,,Fire]Farigiraf||ElectricSeed|ArmorTail|Psychic,Roar,TrickRoom,HelpingHand|||M|||50|,,,,,Water]Miraidon||ChoiceSpecs|HadronEngine|ElectroDrift,VoltSwitch,DracoMeteor,DazzlingGleam||||||50|,,,,,Fairy\n|showteam|p2|Terapagos||Leftovers|TeraShift|TeraStarstorm,EarthPower,CalmMind,Protect|||M|||50|,,,,,Stellar]Zamazenta-Crowned||RustedShield|DauntlessShield|BodyPress,behemothbash,WideGuard,Protect||||||50|,,,,,Dragon]Rillaboom||AssaultVest|GrassySurge|GrassyGlide,FakeOut,Uturn,WoodHammer|||F|||50|,,,,,Fire]Incineroar||CovertCloak|Intimidate|FakeOut,KnockOff,Taunt,PartingShot|||M|||50|,,,,,Grass]Ogerpon-Cornerstone||CornerstoneMask|Sturdy|IvyCudgel,PowerWhip,FollowMe,SpikyShield|||F|||50|,,,,,Rock]Comfey||SitrusBerry|Triage|DrainingKiss,FloralHealing,Protect,TrickRoom|||M|||50|,,,,,Water\n|inactive|Battle timer is ON: inactive players will automatically lose when time's up. (requested by It'sJustKen VGC)\n|inactive|The Yegorushhka also wants the timer to be on.\n|j| Dimsumin\n|c|\u2606The Yegorushhka|Hf\n|c|\u2606It'sJustKen VGC|u2!\n|c|\u2606The Yegorushhka|Wait that like\n|c|\u2606The Yegorushhka|Arubega\n|l| Dimsumin\n|c|\u2606The Yegorushhka|But honse\n|inactive|The Yegorushhka has 60 seconds left.\n|\n|t:|1773876568\n|teamsize|p1|4\n|teamsize|p2|4\n|start\n|switch|p1a: Farigiraf|Farigiraf, L50, M|100/100\n|switch|p1b: Miraidon|Miraidon, L50, shiny|100/100\n|switch|p2a: Terapagos|Terapagos, L50, M|100/100\n|switch|p2b: Rillaboom|Rillaboom, L50, F|100/100\n|-activate|p2a: Terapagos|ability: Tera Shift\n|detailschange|p2a: Terapagos|Terapagos-Terastal, L50, M\n|-heal|p2a: Terapagos|100/100|[silent]\n|-fieldstart|move: Electric Terrain|[from] ability: Hadron Engine|[of] p1b: Miraidon\n|-enditem|p1a: Farigiraf|Electric Seed\n|-boost|p1a: Farigiraf|def|1|[from] item: Electric Seed\n|-fieldstart|move: Grassy Terrain|[from] ability: Grassy Surge|[of] p2b: Rillaboom\n|turn|1\n|c|\u2606It'sJustKen VGC|eh\n|inactive|It'sJustKen VGC has 30 seconds left.\n|c|\u2606It'sJustKen VGC|I have incin over hearthflame\n|inactive|It'sJustKen VGC has 20 seconds left.\n|inactive|It'sJustKen VGC has 15 seconds left.\n|c|\u2606It'sJustKen VGC|think of it more as dyl yeomans team but Reg I\n|inactive|It'sJustKen VGC has 10 seconds left.\n|j| HandsomeLechonk\n|\n|t:|1773876615\n|move|p1b: Miraidon|Volt Switch|p2b: Rillaboom\n|-resisted|p2b: Rillaboom\n|-damage|p2b: Rillaboom|81/100\n|j| Invitado 1793701\n|\n|t:|1773876618\n|switch|p1b: Incineroar|Incineroar, L50, M|100/100|[from] Volt Switch\n|-ability|p1b: Incineroar|Intimidate|boost\n|-unboost|p2a: Terapagos|atk|1\n|-unboost|p2b: Rillaboom|atk|1\n|move|p2a: Terapagos|Tera Starstorm|p1a: Farigiraf\n|-damage|p1a: Farigiraf|56/100\n|move|p2b: Rillaboom|Wood Hammer|p1a: Farigiraf\n|-damage|p1a: Farigiraf|32/100\n|-damage|p2b: Rillaboom|72/100|[from] Recoil\n|move|p1a: Farigiraf|Roar|p2a: Terapagos\n|drag|p2a: Comfey|Comfey, L50, M|100/100\n|\n|-heal|p2b: Rillaboom|78/100|[from] Grassy Terrain\n|-heal|p1a: Farigiraf|38/100|[from] Grassy Terrain\n|upkeep\n|turn|2\n|j| maxdeesevgc\n|j| CrownFan02\n|\n|t:|1773876641\n|move|p1b: Incineroar|Fake Out|p2b: Rillaboom\n|-crit|p2b: Rillaboom\n|-damage|p2b: Rillaboom|64/100\n|cant|p2b: Rillaboom|flinch\n|move|p2a: Comfey|Trick Room|p2a: Comfey\n|-fieldstart|move: Trick Room|[of] p2a: Comfey\n|move|p1a: Farigiraf|Trick Room|p1a: Farigiraf\n|-fieldend|move: Trick Room\n|\n|-heal|p2b: Rillaboom|70/100|[from] Grassy Terrain\n|-heal|p1a: Farigiraf|44/100|[from] Grassy Terrain\n|upkeep\n|turn|3\n|\n|t:|1773876657\n|move|p2b: Rillaboom|U-turn|p1a: Farigiraf\n|-supereffective|p1a: Farigiraf\n|-damage|p1a: Farigiraf|29/100\n|\n|t:|1773876660\n|switch|p2b: Terapagos|Terapagos-Terastal, L50, M|100/100|[from] U-turn\n|move|p1b: Incineroar|Flare Blitz|p2b: Terapagos\n|-activate|p2b: Terapagos|ability: Tera Shell\n|-resisted|p2b: Terapagos\n|-damage|p2b: Terapagos|82/100\n|-damage|p1b: Incineroar|95/100|[from] Recoil\n|move|p2a: Comfey|Trick Room|p2a: Comfey\n|-fieldstart|move: Trick Room|[of] p2a: Comfey\n|move|p1a: Farigiraf|Trick Room|p1a: Farigiraf\n|-fieldend|move: Trick Room\n|\n|-heal|p2b: Terapagos|88/100|[from] Grassy Terrain\n|-heal|p2b: Terapagos|94/100|[from] item: Leftovers\n|-heal|p1a: Farigiraf|35/100|[from] Grassy Terrain\n|-heal|p1b: Incineroar|100/100|[from] Grassy Terrain\n|upkeep\n|turn|4\n|\n|t:|1773876674\n|switch|p1a: Iron Hands|Iron Hands, L50|100/100\n|move|p2a: Comfey|Floral Healing|p2b: Terapagos\n|-heal|p2b: Terapagos|100/100\n|move|p2b: Terapagos|Tera Starstorm|p1a: Iron Hands\n|-damage|p1a: Iron Hands|74/100\n|move|p1b: Incineroar|Knock Off|p2b: Terapagos\n|-activate|p2b: Terapagos|ability: Tera Shell\n|-resisted|p2b: Terapagos\n|-damage|p2b: Terapagos|85/100\n|-enditem|p2b: Terapagos|Leftovers|[from] move: Knock Off|[of] p1b: Incineroar\n|\n|-heal|p2b: Terapagos|92/100|[from] Grassy Terrain\n|-heal|p1a: Iron Hands|80/100|[from] Grassy Terrain\n|upkeep\n|turn|5\n|l| maxdeesevgc\n|j| maxdeesevgc\n|\n|t:|1773876687\n|move|p2b: Terapagos|Protect|p2b: Terapagos\n|-singleturn|p2b: Terapagos|Protect\n|move|p2a: Comfey|Draining Kiss|p1a: Iron Hands\n|-supereffective|p1a: Iron Hands\n|-damage|p1a: Iron Hands|63/100\n|move|p1b: Incineroar|U-turn|p2b: Terapagos\n|-activate|p2b: Terapagos|move: Protect\n|move|p1a: Iron Hands|Drain Punch|p2b: Terapagos\n|-activate|p2b: Terapagos|move: Protect\n|\n|-heal|p2b: Terapagos|98/100|[from] Grassy Terrain\n|-heal|p1a: Iron Hands|69/100|[from] Grassy Terrain\n|-fieldend|move: Grassy Terrain\n|upkeep\n|turn|6\n|\n|t:|1773876700\n|switch|p2a: Incineroar|Incineroar, L50, M|100/100\n|-ability|p2a: Incineroar|Intimidate|boost\n|-unboost|p1a: Iron Hands|atk|1\n|-unboost|p1b: Incineroar|atk|1\n|move|p2b: Terapagos|Calm Mind|p2b: Terapagos\n|-boost|p2b: Terapagos|spa|1\n|-boost|p2b: Terapagos|spd|1\n|move|p1b: Incineroar|U-turn|p2b: Terapagos\n|-damage|p2b: Terapagos|87/100\n|\n|t:|1773876704\n|switch|p1b: Miraidon|Miraidon, L50, shiny|100/100|[from] U-turn\n|-fieldstart|move: Electric Terrain|[from] ability: Hadron Engine|[of] p1b: Miraidon\n|-activate|p1a: Iron Hands|ability: Quark Drive\n|-start|p1a: Iron Hands|quarkdriveatk\n|move|p1a: Iron Hands|Drain Punch|p2b: Terapagos\n|-supereffective|p2b: Terapagos\n|-damage|p2b: Terapagos|24/100\n|-heal|p1a: Iron Hands|95/100|[from] drain|[of] p2b: Terapagos\n|\n|upkeep\n|turn|7\n|j| child Pikachu\n|inactive|The Yegorushhka has 30 seconds left.\n|j| mysticmarshtomp\n|\n|t:|1773876734\n|-end|p1a: Iron Hands|Quark Drive|[silent]\n|switch|p1a: Farigiraf|Farigiraf, L50, M|35/100\n|move|p2b: Terapagos|Protect|p2b: Terapagos\n|-singleturn|p2b: Terapagos|Protect\n|move|p1b: Miraidon|Electro Drift|p2b: Terapagos\n|-activate|p2b: Terapagos|move: Protect\n|move|p2a: Incineroar|Parting Shot|p1a: Farigiraf\n|-unboost|p1a: Farigiraf|atk|1\n|-unboost|p1a: Farigiraf|spa|1\n|\n|t:|1773876737\n|switch|p2a: Rillaboom|Rillaboom, L50, F|70/100|[from] Parting Shot\n|-fieldstart|move: Grassy Terrain|[from] ability: Grassy Surge|[of] p2a: Rillaboom\n|\n|-heal|p2b: Terapagos|30/100|[from] Grassy Terrain\n|-heal|p2a: Rillaboom|76/100|[from] Grassy Terrain\n|-heal|p1a: Farigiraf|42/100|[from] Grassy Terrain\n|upkeep\n|turn|8\n|inactive|The Yegorushhka has 30 seconds left.\n|inactive|The Yegorushhka has 20 seconds left.\n|inactive|The Yegorushhka has 15 seconds left.\n|\n|t:|1773876782\n|switch|p2b: Incineroar|Incineroar, L50, M|100/100\n|-ability|p2b: Incineroar|Intimidate|boost\n|-unboost|p1a: Farigiraf|atk|1\n|-unboost|p1b: Miraidon|atk|1\n|move|p1a: Farigiraf|Helping Hand|p1b: Miraidon\n|-singleturn|p1b: Miraidon|Helping Hand|[of] p1a: Farigiraf\n|move|p1b: Miraidon|Electro Drift|p2b: Incineroar\n|-damage|p2b: Incineroar|0 fnt\n|faint|p2b: Incineroar\n|move|p2a: Rillaboom|Wood Hammer|p1a: Farigiraf\n|-damage|p1a: Farigiraf|0 fnt\n|faint|p1a: Farigiraf\n|-damage|p2a: Rillaboom|61/100|[from] Recoil\n|\n|-heal|p2a: Rillaboom|67/100|[from] Grassy Terrain\n|upkeep\n|inactive|It'sJustKen VGC has 30 seconds left.\n|inactive|It'sJustKen VGC has 20 seconds left.\n|inactive|It'sJustKen VGC has 15 seconds left.\n|inactive|It'sJustKen VGC has 10 seconds left.\n|\n|t:|1773876828\n|switch|p2b: Terapagos|Terapagos-Terastal, L50, M|30/100\n|switch|p1a: Incineroar|Incineroar, L50, M|100/100\n|-ability|p1a: Incineroar|Intimidate|boost\n|-unboost|p2a: Rillaboom|atk|1\n|-unboost|p2b: Terapagos|atk|1\n|turn|9\n|\n|t:|1773876839\n|switch|p2a: Comfey|Comfey, L50, M|100/100\n|move|p2b: Terapagos|Protect|p2b: Terapagos\n|-singleturn|p2b: Terapagos|Protect\n|move|p1a: Incineroar|Fake Out|p2a: Comfey\n|-crit|p2a: Comfey\n|-damage|p2a: Comfey|84/100\n|move|p1b: Miraidon|Electro Drift|p2b: Terapagos\n|-activate|p2b: Terapagos|move: Protect\n|\n|-heal|p2b: Terapagos|36/100|[from] Grassy Terrain\n|-heal|p2a: Comfey|89/100|[from] Grassy Terrain\n|upkeep\n|turn|10\n|\n|t:|1773876854\n|move|p2a: Comfey|Floral Healing|p2b: Terapagos\n|-heal|p2b: Terapagos|100/100\n|move|p1b: Miraidon|Electro Drift|p2b: Terapagos\n|-activate|p2b: Terapagos|ability: Tera Shell\n|-resisted|p2b: Terapagos\n|-damage|p2b: Terapagos|62/100\n|move|p2b: Terapagos|Calm Mind|p2b: Terapagos\n|-boost|p2b: Terapagos|spa|1\n|-boost|p2b: Terapagos|spd|1\n|move|p1a: Incineroar|U-turn|p2b: Terapagos\n|-damage|p2b: Terapagos|48/100\n|\n|t:|1773876857\n|switch|p1a: Iron Hands|Iron Hands, L50|95/100|[from] U-turn\n|\n|-heal|p2b: Terapagos|54/100|[from] Grassy Terrain\n|-heal|p2a: Comfey|95/100|[from] Grassy Terrain\n|-heal|p1a: Iron Hands|100/100|[from] Grassy Terrain\n|upkeep\n|turn|11\n|\n|t:|1773876872\n|move|p2b: Terapagos|Protect|p2b: Terapagos\n|-singleturn|p2b: Terapagos|Protect\n|move|p2a: Comfey|Protect|p2a: Comfey\n|-singleturn|p2a: Comfey|Protect\n|move|p1b: Miraidon|Electro Drift|p2b: Terapagos\n|-activate|p2b: Terapagos|move: Protect\n|move|p1a: Iron Hands|Drain Punch|p2b: Terapagos\n|-activate|p2b: Terapagos|move: Protect\n|\n|-heal|p2b: Terapagos|60/100|[from] Grassy Terrain\n|-heal|p2a: Comfey|100/100|[from] Grassy Terrain\n|-fieldend|move: Grassy Terrain\n|upkeep\n|turn|12\n|inactive|The Yegorushhka has 30 seconds left.\n|\n|t:|1773876901\n|move|p2a: Comfey|Floral Healing|p2b: Terapagos\n|-heal|p2b: Terapagos|100/100\n|move|p1b: Miraidon|Electro Drift|p2a: Comfey\n|-damage|p2a: Comfey|14/100\n|-enditem|p2a: Comfey|Sitrus Berry|[eat]\n|-heal|p2a: Comfey|39/100|[from] item: Sitrus Berry\n|move|p2b: Terapagos|Calm Mind|p2b: Terapagos\n|-boost|p2b: Terapagos|spa|1\n|-boost|p2b: Terapagos|spd|1\n|move|p1a: Iron Hands|Wild Charge|p2a: Comfey\n|-damage|p2a: Comfey|0 fnt\n|faint|p2a: Comfey\n|-damage|p1a: Iron Hands|94/100|[from] Recoil\n|\n|upkeep\n|\n|t:|1773876904\n|switch|p2a: Rillaboom|Rillaboom, L50, F|67/100\n|-fieldstart|move: Grassy Terrain|[from] ability: Grassy Surge|[of] p2a: Rillaboom\n|turn|13\n|\n|t:|1773876917\n|switch|p1b: Incineroar|Incineroar, L50, M|100/100\n|-ability|p1b: Incineroar|Intimidate|boost\n|-unboost|p2a: Rillaboom|atk|1\n|-unboost|p2b: Terapagos|atk|1\n|move|p2a: Rillaboom|Fake Out|p1a: Iron Hands\n|-damage|p1a: Iron Hands|88/100\n|move|p2b: Terapagos|Calm Mind|p2b: Terapagos\n|-boost|p2b: Terapagos|spa|1\n|-boost|p2b: Terapagos|spd|1\n|cant|p1a: Iron Hands|flinch\n|\n|-heal|p2a: Rillaboom|73/100|[from] Grassy Terrain\n|-heal|p1a: Iron Hands|94/100|[from] Grassy Terrain\n|upkeep\n|turn|14\n|c|\u2606The Yegorushhka|Lets go terapagos\n|inactive|The Yegorushhka has 30 seconds left.\n|inactive|The Yegorushhka has 20 seconds left.\n|inactive|The Yegorushhka has 15 seconds left.\n|\n|t:|1773876960\n|move|p1b: Incineroar|Fake Out|p2b: Terapagos\n|-activate|p2b: Terapagos|ability: Tera Shell\n|-resisted|p2b: Terapagos\n|-damage|p2b: Terapagos|96/100\n|cant|p2b: Terapagos|flinch\n|move|p2a: Rillaboom|Wood Hammer|p1a: Iron Hands\n|-damage|p1a: Iron Hands|59/100\n|-damage|p2a: Rillaboom|59/100|[from] Recoil\n|move|p1a: Iron Hands|Drain Punch|p2b: Terapagos\n|-supereffective|p2b: Terapagos\n|-damage|p2b: Terapagos|31/100\n|-heal|p1a: Iron Hands|85/100|[from] drain|[of] p2b: Terapagos\n|\n|-heal|p2b: Terapagos|37/100|[from] Grassy Terrain\n|-heal|p2a: Rillaboom|65/100|[from] Grassy Terrain\n|-heal|p1a: Iron Hands|92/100|[from] Grassy Terrain\n|upkeep\n|turn|15\n|j| Rainpelt103\n|\n|t:|1773876970\n|move|p2b: Terapagos|Earth Power|p1a: Iron Hands\n|-supereffective|p1a: Iron Hands\n|-damage|p1a: Iron Hands|23/100\n|move|p2a: Rillaboom|Wood Hammer|p1a: Iron Hands\n|-damage|p1a: Iron Hands|0 fnt\n|faint|p1a: Iron Hands\n|-end|p1a: Iron Hands|Quark Drive|[silent]\n|-damage|p2a: Rillaboom|57/100|[from] Recoil\n|move|p1b: Incineroar|U-turn|p2a: Rillaboom\n|-supereffective|p2a: Rillaboom\n|-damage|p2a: Rillaboom|25/100\n|\n|t:|1773876973\n|switch|p1b: Miraidon|Miraidon, L50, shiny|100/100|[from] U-turn\n|-fieldstart|move: Electric Terrain|[from] ability: Hadron Engine|[of] p1b: Miraidon\n|\n|upkeep\n|\n|t:|1773876975\n|switch|p1a: Incineroar|Incineroar, L50, M|100/100\n|-ability|p1a: Incineroar|Intimidate|boost\n|-unboost|p2a: Rillaboom|atk|1\n|-unboost|p2b: Terapagos|atk|1\n|turn|16\n|l| mysticmarshtomp\n|inactive|The Yegorushhka has 30 seconds left.\n|\n|t:|1773877005\n|move|p2b: Terapagos|Protect|p2b: Terapagos\n|-singleturn|p2b: Terapagos|Protect\n|move|p1a: Incineroar|Fake Out|p2b: Terapagos\n|-activate|p2b: Terapagos|move: Protect\n|move|p1b: Miraidon|Electro Drift|p2a: Rillaboom\n|-resisted|p2a: Rillaboom\n|-damage|p2a: Rillaboom|0 fnt\n|faint|p2a: Rillaboom\n|\n|upkeep\n|turn|17\n|j| x-67 drop\n|j|%defiantvgc\n|\n|t:|1773877018\n|-terastallize|p2b: Terapagos|Stellar\n|detailschange|p2b: Terapagos|Terapagos-Stellar, L50, M, tera:Stellar\n|-heal|p2b: Terapagos|53/100|[silent]\n|-ability|p2b: Terapagos|Teraform Zero\n|-fieldend|move: Electric Terrain\n|move|p1b: Miraidon|Electro Drift|p2b: Terapagos\n|-damage|p2b: Terapagos|29/100\n|move|p2b: Terapagos|Earth Power|p1b: Miraidon\n|-supereffective|p1b: Miraidon\n|-damage|p1b: Miraidon|0 fnt\n|faint|p1b: Miraidon\n|move|p1a: Incineroar|Flare Blitz|p2b: Terapagos\n|-damage|p2b: Terapagos|4/100\n|-damage|p1a: Incineroar|90/100|[from] Recoil\n|\n|upkeep\n|turn|18\n|j| mysticmarshtomp\n|c|\u2606It'sJustKen VGC|ahhhhhhhhhhhhh\n|c|\u2606It'sJustKen VGC|gg wp\n|\n|t:|1773877041\n|move|p2b: Terapagos|Protect|p2b: Terapagos\n|-singleturn|p2b: Terapagos|Protect\n|move|p1a: Incineroar|Flare Blitz|p2b: Terapagos\n|-activate|p2b: Terapagos|move: Protect\n|\n|upkeep\n|turn|19\n|l| CrownFan02\n|inactive|The Yegorushhka has 30 seconds left.\n|\n|t:|1773877071\n|-terastallize|p1a: Incineroar|Bug\n|move|p2b: Terapagos|Tera Starstorm|p1a: Incineroar\n|-supereffective|p1a: Incineroar\n|-damage|p1a: Incineroar|0 fnt\n|faint|p1a: Incineroar\n|\n|win|The Yegorushhka\n|n|\u2606It'sJustKen VGC|itsjustkenvgc\n|n|\u2606The Yegorushhka|theyegorushhka\n|n| HandsomeLechonk|handsomelechonk\n|n| Invitado 1793701|invitado1793701\n|n| maxdeesevgc|maxdeesevgc\n|n| child Pikachu|childpikachu\n|n| Rainpelt103|rainpelt103\n|n| x-67 drop|x67drop\n|n| defiantvgc|defiantvgc\n|n| mysticmarshtomp|mysticmarshtomp\n|l| Rainpelt103\n|c|\u2606The Yegorushhka|Gg\n|c|\u2606It'sJustKen VGC|gg's\n|l| x-67 drop\n|l| mysticmarshtomp\n|l| defiantvgc\n|l|\u2606The Yegorushhka\n|player|p2|\n|l| HandsomeLechonk\n","uploadtime":1773877075,"views":9,"formatid":"gen9vgc2026regi","rating":null,"private":0,"password":null}