{"id":"gen9vgc2026regi-2570110637","format":"[Gen 9] VGC 2026 Reg I","players":["smartyff","TailwindWickedBlow"],"log":"|j|\u2606smartyff\n|j|\u2606TailwindWickedBlow\n|html|<table width=\"100%\"><tr><td align=\"left\">smartyff</td><td align=\"right\">TailwindWickedBlow</tr><tr><td align=\"left\"><i class=\"fa fa-circle\"></i> <i class=\"fa fa-circle-o\"></i> </td><td align=\"right\"><i class=\"fa fa-circle-o\"></i> <i class=\"fa fa-circle\"></i> </tr></table>\n|uhtml|bestof|<h2><strong>Game 3</strong> of <a href=\"/game-bestof3-gen9vgc2026regi-2570109374\">a best-of-3</a></h2>\n|t:|1774772353\n|gametype|doubles\n|player|p1|smartyff|266|\n|player|p2|TailwindWickedBlow|steven|\n|gen|9\n|tier|[Gen 9] VGC 2026 Reg I\n|rated|Tournament battle\n|rule|Species Clause: Limit one of each Pok\u00e9mon\n|rule|Item Clause: Limit 1 of each item\n|raw|<div class=\"infobox\"><details class=\"readmore\" open><summary><strong>4 custom rules:</strong></summary> Open Team Sheets, Force Open Team Sheets, !Open Team Sheets, Best of = 3</details></div>\n|clearpoke\n|poke|p1|Calyrex-Ice, L50|\n|poke|p1|Amoonguss, L50, M|\n|poke|p1|Pelipper, L50, M|\n|poke|p1|Zamazenta-*, L50|\n|poke|p1|Flutter Mane, L50|\n|poke|p1|Landorus, L50, M|\n|poke|p2|Grimmsnarl, L50, M|\n|poke|p2|Urshifu-*, L50, M|\n|poke|p2|Ursaluna, L50, M|\n|poke|p2|Miraidon, L50|\n|poke|p2|Lunala, L50|\n|poke|p2|Incineroar, L50, F|\n|teampreview|4\n|showteam|p1|Calyrex-Ice||ClearAmulet|AsOneGlastrier|TrickRoom,GlacialLance,HighHorsepower,Protect||||||50|,,,,,Fairy]Amoonguss||RockyHelmet|Regenerator|Spore,RagePowder,PollenPuff,Protect|||M|||50|,,,,,Water]Pelipper||FocusSash|Drizzle|WeatherBall,Hurricane,WideGuard,Protect|||M|||50|,,,,,Ghost]Zamazenta-Crowned||RustedShield|DauntlessShield|BodyPress,behemothbash,WideGuard,Protect||||||50|,,,,,Grass]Flutter Mane||BoosterEnergy|Protosynthesis|Moonblast,ShadowBall,IcyWind,Protect||||||50|,,,,,Normal]Landorus||LifeOrb|SheerForce|EarthPower,SludgeBomb,SandsearStorm,Protect|||M|||50|,,,,,Water\n|showteam|p2|Grimmsnarl||LightClay|Prankster|SpiritBreak,Reflect,LightScreen,ThunderWave|||M|||50|,,,,,Ghost]Urshifu-Rapid-Strike||FocusSash|UnseenFist|SurgingStrikes,Detect,CloseCombat,AquaJet|||M|||50|,,,,,Steel]Ursaluna||FlameOrb|Guts|Facade,HeadlongRush,Earthquake,Protect|||M|||50|,,,,,Fairy]Miraidon||ChoiceSpecs|HadronEngine|ElectroDrift,VoltSwitch,DracoMeteor,DazzlingGleam||||||50|,,,,,Fairy]Lunala||ElectricSeed|ShadowShield|TrickRoom,Moonblast,WideGuard,MoongeistBeam||||||50|,,,,,Fairy]Incineroar||AssaultVest|Intimidate|Uturn,KnockOff,FlareBlitz,FakeOut|||F|||50|,,,,,Grass\n|inactive|Battle timer is ON: inactive players will automatically lose when time's up. (requested by TailwindWickedBlow)\n|j| kritath\n|j| GoogleDad\n|j| biludbiludbilud\n|\n|t:|1774772375\n|teamsize|p1|4\n|teamsize|p2|4\n|start\n|switch|p1a: Zamazenta|Zamazenta-Crowned, L50, shiny|100/100\n|switch|p1b: Landorus|Landorus, L50, M|100/100\n|switch|p2a: Grimmsnarl|Grimmsnarl, L50, M|100/100\n|switch|p2b: Lunala|Lunala, L50|100/100\n|-ability|p1a: Zamazenta|Dauntless Shield|boost\n|-boost|p1a: Zamazenta|def|1\n|turn|1\n|inactive|smartyff has 30 seconds left.\n|\n|t:|1774772404\n|move|p2a: Grimmsnarl|Reflect|p2a: Grimmsnarl\n|-sidestart|p2: TailwindWickedBlow|Reflect\n|move|p1a: Zamazenta|Behemoth Bash|p2a: Grimmsnarl\n|-supereffective|p2a: Grimmsnarl\n|-damage|p2a: Grimmsnarl|46/100\n|move|p1b: Landorus|Sandsear Storm|p2b: Lunala|[spread] p2b\n|-miss|p1b: Landorus|p2a: Grimmsnarl\n|-damage|p2b: Lunala|80/100\n|move|p2b: Lunala|Trick Room|p2b: Lunala\n|-fieldstart|move: Trick Room|[of] p2b: Lunala\n|\n|upkeep\n|turn|2\n|\n|t:|1774772419\n|move|p2a: Grimmsnarl|Light Screen|p2a: Grimmsnarl\n|-sidestart|p2: TailwindWickedBlow|move: Light Screen\n|move|p2b: Lunala|Moongeist Beam|p1b: Landorus\n|-damage|p1b: Landorus|47/100\n|move|p1b: Landorus|Earth Power|p2b: Lunala\n|-damage|p2b: Lunala|48/100\n|move|p1a: Zamazenta|Behemoth Bash|p2b: Lunala\n|-damage|p2b: Lunala|30/100\n|\n|upkeep\n|turn|3\n|\n|t:|1774772433\n|switch|p1b: Amoonguss|Amoonguss, L50, M, shiny|100/100\n|move|p2a: Grimmsnarl|Spirit Break|p1b: Amoonguss\n|-resisted|p1b: Amoonguss\n|-damage|p1b: Amoonguss|89/100\n|-unboost|p1b: Amoonguss|spa|1\n|-damage|p2a: Grimmsnarl|30/100|[from] item: Rocky Helmet|[of] p1b: Amoonguss\n|move|p2b: Lunala|Moongeist Beam|p1a: Zamazenta\n|-damage|p1a: Zamazenta|66/100\n|move|p1a: Zamazenta|Body Press|p2a: Grimmsnarl\n|-damage|p2a: Grimmsnarl|0 fnt\n|faint|p2a: Grimmsnarl\n|\n|upkeep\n|\n|t:|1774772449\n|switch|p2a: Ursaluna|Ursaluna, L50, M|100/100\n|turn|4\n|\n|t:|1774772462\n|-terastallize|p1a: Zamazenta|Grass\n|move|p2a: Ursaluna|Protect|p2a: Ursaluna\n|-singleturn|p2a: Ursaluna|Protect\n|move|p1b: Amoonguss|Spore|p2b: Lunala\n|-status|p2b: Lunala|slp|[from] move: Spore\n|cant|p2b: Lunala|slp\n|move|p1a: Zamazenta|Body Press|p2a: Ursaluna\n|-activate|p2a: Ursaluna|move: Protect\n|\n|-status|p2a: Ursaluna|brn|[from] item: Flame Orb\n|upkeep\n|turn|5\n|\n|t:|1774772477\n|-terastallize|p2a: Ursaluna|Fairy\n|move|p1b: Amoonguss|Pollen Puff|p2b: Lunala\n|-damage|p2b: Lunala|25/100 slp\n|move|p2a: Ursaluna|Facade|p1b: Amoonguss\n|-damage|p1b: Amoonguss|0 fnt\n|-damage|p2a: Ursaluna|84/100 brn|[from] item: Rocky Helmet|[of] p1b: Amoonguss\n|faint|p1b: Amoonguss\n|cant|p2b: Lunala|slp\n|move|p1a: Zamazenta|Body Press|p2a: Ursaluna\n|-resisted|p2a: Ursaluna\n|-damage|p2a: Ursaluna|67/100 brn\n|\n|-damage|p2a: Ursaluna|61/100 brn|[from] brn\n|-fieldend|move: Trick Room\n|upkeep\n|j| aurora ltd\n|\n|t:|1774772488\n|switch|p1b: Landorus|Landorus, L50, M|47/100\n|turn|6\n|j| Wizzpower\n|l| aurora ltd\n|\n|t:|1774772501\n|move|p2a: Ursaluna|Protect|p2a: Ursaluna\n|-singleturn|p2a: Ursaluna|Protect\n|move|p1a: Zamazenta|Behemoth Bash|p2a: Ursaluna\n|-activate|p2a: Ursaluna|move: Protect\n|move|p1b: Landorus|Sludge Bomb|p2b: Lunala\n|-resisted|p2b: Lunala\n|-damage|p2b: Lunala|14/100 slp\n|cant|p2b: Lunala|slp\n|\n|-damage|p2a: Ursaluna|55/100 brn|[from] brn\n|upkeep\n|turn|7\n|c|\u2606TailwindWickedBlow|nooo\n|\n|t:|1774772516\n|move|p1a: Zamazenta|Behemoth Bash|p2a: Ursaluna\n|-supereffective|p2a: Ursaluna\n|-damage|p2a: Ursaluna|19/100 brn\n|move|p1b: Landorus|Earth Power|p2b: Lunala\n|-damage|p2b: Lunala|0 fnt\n|faint|p2b: Lunala\n|move|p2a: Ursaluna|Facade|p1a: Zamazenta\n|-damage|p1a: Zamazenta|18/100\n|\n|-damage|p2a: Ursaluna|13/100 brn|[from] brn\n|upkeep\n|\n|t:|1774772524\n|switch|p2b: Incineroar|Incineroar, L50, F|100/100\n|-ability|p2b: Incineroar|Intimidate|boost\n|-unboost|p1a: Zamazenta|atk|1\n|-unboost|p1b: Landorus|atk|1\n|turn|8\n|c|\u2606smartyff|was a misclick\n|c|\u2606TailwindWickedBlow|ggs\n|c|\u2606TailwindWickedBlow|so close lol\n|inactive|TailwindWickedBlow has 30 seconds left.\n|\n|t:|1774772555\n|move|p1a: Zamazenta|Protect|p1a: Zamazenta\n|-singleturn|p1a: Zamazenta|Protect\n|move|p1b: Landorus|Protect|p1b: Landorus\n|-singleturn|p1b: Landorus|Protect\n|move|p2a: Ursaluna|Protect|p2a: Ursaluna\n|-singleturn|p2a: Ursaluna|Protect\n|move|p2b: Incineroar|Flare Blitz|p1a: Zamazenta\n|-activate|p1a: Zamazenta|move: Protect\n|\n|-damage|p2a: Ursaluna|7/100 brn|[from] brn\n|-sideend|p2: TailwindWickedBlow|Reflect\n|upkeep\n|turn|9\n|inactive|smartyff has 30 seconds left.\n|\n|t:|1774772580\n|move|p1a: Zamazenta|Body Press|p2b: Incineroar\n|-supereffective|p2b: Incineroar\n|-damage|p2b: Incineroar|0 fnt\n|faint|p2b: Incineroar\n|move|p1b: Landorus|Earth Power|p2a: Ursaluna\n|-damage|p2a: Ursaluna|0 fnt\n|faint|p2a: Ursaluna\n|\n|win|smartyff\n|c| kritath|Shpuld have used urshifu dark with tailwind\n|l| biludbiludbilud\n|c|\u2606TailwindWickedBlow|lol\n|l| GoogleDad\n|c|\u2606TailwindWickedBlow|i should have\n|l|\u2606TailwindWickedBlow\n|player|p2|\n|l|\u2606smartyff\n|player|p1|\n|l| kritath\n|j| aurora ltd\n","uploadtime":1774772808,"views":18,"formatid":"gen9vgc2026regi","rating":null,"private":0,"password":null}