{"id":"gen9vgc2026regi-2529308391","format":"[Gen 9] VGC 2026 Reg I","players":["Stinky57","ky123456"],"log":"|j|\u2606Stinky57\n|j|\u2606ky123456\n|t:|1769771155\n|gametype|doubles\n|player|p1|Stinky57|265|1484\n|player|p2|ky123456|cynthia-gen4|1581\n|gen|9\n|tier|[Gen 9] VGC 2026 Reg I\n|rated|\n|rule|Species Clause: Limit one of each Pok\u00e9mon\n|rule|Item Clause: Limit 1 of each item\n|clearpoke\n|poke|p1|Miraidon, L50|\n|poke|p1|Necrozma-Dusk-Mane, L50|\n|poke|p1|Pelipper, L50, M|\n|poke|p1|Iron Hands, L50|\n|poke|p1|Whimsicott, L50, F|\n|poke|p1|Urshifu-*, L50, F|\n|poke|p2|Kyogre, L50|\n|poke|p2|Calyrex-Ice, L50|\n|poke|p2|Grimmsnarl, L50, M|\n|poke|p2|Rillaboom, L50, M|\n|poke|p2|Landorus, L50, M|\n|poke|p2|Urshifu-*, L50, M|\n|teampreview|4\n|\n|t:|1769771198\n|teamsize|p1|4\n|teamsize|p2|4\n|start\n|switch|p1a: Pelipper|Pelipper, L50, M|100/100\n|switch|p1b: Urshifu|Urshifu-Rapid-Strike, L50, F|100/100\n|switch|p2a: Calyrex|Calyrex-Ice, L50|100/100\n|switch|p2b: Grimmsnarl|Grimmsnarl, L50, M|100/100\n|-ability|p2a: Calyrex|As One\n|-ability|p2a: Calyrex|Unnerve\n|-weather|RainDance|[from] ability: Drizzle|[of] p1a: Pelipper\n|turn|1\n|inactive|Battle timer is ON: inactive players will automatically lose when time's up. (requested by Stinky57)\n|\n|t:|1769771234\n|switch|p2a: Rillaboom|Rillaboom, L50, M|100/100\n|-fieldstart|move: Grassy Terrain|[from] ability: Grassy Surge|[of] p2a: Rillaboom\n|move|p2b: Grimmsnarl|Thunder Wave|p1b: Urshifu\n|-status|p1b: Urshifu|par\n|move|p1a: Pelipper|Hurricane|p2a: Rillaboom\n|-supereffective|p2a: Rillaboom\n|-damage|p2a: Rillaboom|5/100\n|move|p1b: Urshifu|Surging Strikes|p2a: Rillaboom\n|-resisted|p2a: Rillaboom\n|-crit|p2a: Rillaboom\n|-damage|p2a: Rillaboom|0 fnt\n|faint|p2a: Rillaboom\n|-hitcount|p2: Rillaboom|1\n|\n|-weather|RainDance|[upkeep]\n|upkeep\n|\n|t:|1769771241\n|switch|p2a: Kyogre|Kyogre, L50|100/100\n|turn|2\n|\n|t:|1769771259\n|switch|p1b: Miraidon|Miraidon, L50, shiny|100/100\n|-fieldstart|move: Electric Terrain|[from] ability: Hadron Engine|[of] p1b: Miraidon\n|move|p1a: Pelipper|Wide Guard|p1a: Pelipper\n|-singleturn|p1a: Pelipper|Wide Guard\n|move|p2b: Grimmsnarl|Light Screen|p2b: Grimmsnarl\n|-sidestart|p2: ky123456|move: Light Screen\n|move|p2a: Kyogre|Thunder|p1b: Miraidon\n|-resisted|p1b: Miraidon\n|-damage|p1b: Miraidon|87/100\n|\n|-weather|RainDance|[upkeep]\n|upkeep\n|turn|3\n|\n|t:|1769771276\n|-terastallize|p2a: Kyogre|Grass\n|move|p2b: Grimmsnarl|Reflect|p2b: Grimmsnarl\n|-sidestart|p2: ky123456|Reflect\n|move|p1b: Miraidon|Electro Drift|p2b: Grimmsnarl\n|-damage|p2b: Grimmsnarl|14/100\n|-damage|p1b: Miraidon|78/100|[from] item: Life Orb\n|move|p2a: Kyogre|Ice Beam|p1b: Miraidon\n|-supereffective|p1b: Miraidon\n|-damage|p1b: Miraidon|10/100\n|move|p1a: Pelipper|Weather Ball|p2b: Grimmsnarl\n|-damage|p2b: Grimmsnarl|0 fnt\n|faint|p2b: Grimmsnarl\n|\n|-weather|RainDance|[upkeep]\n|upkeep\n|\n|t:|1769771289\n|switch|p2b: Calyrex|Calyrex-Ice, L50|100/100\n|-ability|p2b: Calyrex|As One\n|-ability|p2b: Calyrex|Unnerve\n|turn|4\n|inactive|Stinky57 has 30 seconds left.\n|\n|t:|1769771322\n|-terastallize|p1a: Pelipper|Stellar\n|move|p1b: Miraidon|Electro Drift|p2b: Calyrex\n|-damage|p2b: Calyrex|50/100\n|-damage|p1b: Miraidon|0 fnt|[from] item: Life Orb\n|faint|p1b: Miraidon\n|move|p2a: Kyogre|Origin Pulse|p1a: Pelipper\n|-resisted|p1a: Pelipper\n|-damage|p1a: Pelipper|3/100\n|move|p1a: Pelipper|Weather Ball|p2b: Calyrex\n|-damage|p2b: Calyrex|14/100\n|move|p2b: Calyrex|Glacial Lance|p1a: Pelipper\n|-damage|p1a: Pelipper|0 fnt\n|faint|p1a: Pelipper\n|-ability|p2b: Calyrex|Chilling Neigh|boost\n|-boost|p2b: Calyrex|atk|1\n|\n|-weather|RainDance|[upkeep]\n|-heal|p2b: Calyrex|19/100|[from] item: Leftovers\n|upkeep\n|\n|t:|1769771337\n|switch|p1b: Urshifu|Urshifu-Rapid-Strike, L50, F|100/100 par\n|switch|p1a: Necrozma|Necrozma-Dusk-Mane, L50|100/100\n|turn|5\n|inactive|Stinky57 has 30 seconds left.\n|\n|t:|1769771362\n|move|p1a: Necrozma|Protect|p1a: Necrozma\n|-singleturn|p1a: Necrozma|Protect\n|move|p2b: Calyrex|Protect|p2b: Calyrex\n|-singleturn|p2b: Calyrex|Protect\n|move|p2a: Kyogre|Thunder|p1b: Urshifu\n|-supereffective|p1b: Urshifu\n|-damage|p1b: Urshifu|0 fnt\n|faint|p1b: Urshifu\n|\n|-weather|none\n|-heal|p2b: Calyrex|25/100|[from] item: Leftovers\n|upkeep\n|turn|6\n|\n|t:|1769771376\n|move|p2a: Kyogre|Water Spout|p1a: Necrozma\n|-damage|p1a: Necrozma|24/100\n|move|p1a: Necrozma|Sunsteel Strike|p2b: Calyrex\n|-supereffective|p2b: Calyrex\n|-damage|p2b: Calyrex|0 fnt\n|faint|p2b: Calyrex\n|\n|-fieldend|move: Electric Terrain\n|upkeep\n|turn|7\n|\n|t:|1769771383\n|move|p1a: Necrozma|Protect|p1a: Necrozma\n|-singleturn|p1a: Necrozma|Protect\n|move|p2a: Kyogre|Water Spout|p1a: Necrozma\n|-activate|p1a: Necrozma|move: Protect\n|\n|upkeep\n|turn|8\n|\n|t:|1769771389\n|move|p2a: Kyogre|Water Spout|p1a: Necrozma\n|-damage|p1a: Necrozma|0 fnt\n|faint|p1a: Necrozma\n|\n|win|ky123456\n|raw|Stinky57's rating: 1484 &rarr; <strong>1469</strong><br />(-15 for losing)\n|raw|ky123456's rating: 1581 &rarr; <strong>1596</strong><br />(+15 for winning)\n|l|\u2606Stinky57\n|player|p1|\n|l|\u2606ky123456\n|player|p2|\n","uploadtime":1769771604,"views":17,"formatid":"gen9vgc2026regi","rating":1469,"private":0,"password":null}