{"id":"gen9vgc2026regi-2561961876","format":"[Gen 9] VGC 2026 Reg I","players":["raisinsvgc","pigs2fly"],"log":"|j|\u2606raisinsvgc\n|j|\u2606pigs2fly\n|t:|1773858425\n|gametype|doubles\n|player|p1|raisinsvgc|giovanni|1430\n|player|p2|pigs2fly|dexio|1562\n|gen|9\n|tier|[Gen 9] VGC 2026 Reg I\n|rated|\n|rule|Species Clause: Limit one of each Pok\u00e9mon\n|rule|Item Clause: Limit 1 of each item\n|clearpoke\n|poke|p1|Calyrex-Shadow, L50|\n|poke|p1|Miraidon, L50|\n|poke|p1|Incineroar, L50, F|\n|poke|p1|Sneasler, L50, M|\n|poke|p1|Araquanid, L50, M|\n|poke|p1|Whimsicott, L50, F|\n|poke|p2|Annihilape, L50, M|\n|poke|p2|Tornadus, L50, M|\n|poke|p2|Dondozo, L50, M|\n|poke|p2|Tatsugiri-Droopy, L50, M|\n|poke|p2|Zacian-*, L50|\n|poke|p2|Kyogre, L50|\n|teampreview|4\n|inactive|Battle timer is ON: inactive players will automatically lose when time's up. (requested by raisinsvgc)\n|\n|t:|1773858452\n|teamsize|p1|4\n|teamsize|p2|4\n|start\n|switch|p1a: Miraidon|Miraidon, L50|100/100\n|switch|p1b: Whimsicott|Whimsicott, L50, F|100/100\n|switch|p2a: Dondozo|Dondozo, L50, M|100/100\n|switch|p2b: Annihilape|Annihilape, L50, M|100/100\n|-fieldstart|move: Electric Terrain|[from] ability: Hadron Engine|[of] p1a: Miraidon\n|turn|1\n|\n|t:|1773858472\n|switch|p2b: Tatsugiri|Tatsugiri-Droopy, L50, M|100/100\n|-activate|p2b: Tatsugiri|ability: Commander|[of] p2a: Dondozo\n|-boost|p2a: Dondozo|atk|2\n|-boost|p2a: Dondozo|spa|2\n|-boost|p2a: Dondozo|spe|2\n|-boost|p2a: Dondozo|def|2\n|-boost|p2a: Dondozo|spd|2\n|-terastallize|p2a: Dondozo|Grass\n|move|p1b: Whimsicott|Fake Tears|p2b: Tatsugiri|[miss]\n|-miss|p1b: Whimsicott|p2b: Tatsugiri\n|move|p1a: Miraidon|Volt Switch|p2b: Tatsugiri|[miss]\n|-miss|p1a: Miraidon|p2b: Tatsugiri\n|move|p2a: Dondozo|Order Up|p1a: Miraidon\n|-supereffective|p1a: Miraidon\n|-damage|p1a: Miraidon|36/100\n|-boost|p2a: Dondozo|def|1\n|\n|upkeep\n|turn|2\n|\n|t:|1773858492\n|move|p1b: Whimsicott|Fake Tears|p2a: Dondozo\n|-unboost|p2a: Dondozo|spd|2\n|move|p1a: Miraidon|Volt Switch|p2a: Dondozo\n|-resisted|p2a: Dondozo\n|-damage|p2a: Dondozo|71/100\n|\n|t:|1773858496\n|switch|p1a: Incineroar|Incineroar, L50, F|100/100|[from] Volt Switch\n|-ability|p1a: Incineroar|Intimidate|boost\n|-unboost|p2a: Dondozo|atk|1\n|-unboost|p2b: Tatsugiri|atk|1\n|move|p2a: Dondozo|Earthquake|p1b: Whimsicott|[spread] p1a,p1b\n|-miss|p2a: Dondozo|p2b: Tatsugiri\n|-supereffective|p1a: Incineroar\n|-resisted|p1b: Whimsicott\n|-damage|p1a: Incineroar|49/100\n|-damage|p1b: Whimsicott|85/100\n|\n|-heal|p2a: Dondozo|77/100|[from] item: Leftovers\n|upkeep\n|turn|3\n|\n|t:|1773858509\n|switch|p1b: Calyrex|Calyrex-Shadow, L50|100/100\n|-ability|p1b: Calyrex|As One\n|-ability|p1b: Calyrex|Unnerve\n|move|p1a: Incineroar|Fake Out|p2a: Dondozo\n|-damage|p2a: Dondozo|75/100\n|cant|p2a: Dondozo|flinch\n|\n|-heal|p2a: Dondozo|81/100|[from] item: Leftovers\n|upkeep\n|turn|4\n|\n|t:|1773858527\n|-terastallize|p1b: Calyrex|Ghost\n|move|p1b: Calyrex|Astral Barrage|p2b: Tatsugiri|[spread] p2a\n|-miss|p1b: Calyrex|p2b: Tatsugiri\n|-crit|p2a: Dondozo\n|-damage|p2a: Dondozo|0 fnt\n|faint|p2a: Dondozo\n|-ability|p1b: Calyrex|Grim Neigh|boost\n|-boost|p1b: Calyrex|spa|1\n|move|p1a: Incineroar|U-turn|p2b: Tatsugiri\n|-damage|p2b: Tatsugiri|69/100\n|\n|t:|1773858535\n|switch|p1a: Whimsicott|Whimsicott, L50, F|85/100|[from] U-turn\n|\n|upkeep\n|\n|t:|1773858538\n|switch|p2a: Zacian|Zacian-Crowned, L50, shiny|100/100\n|-ability|p2a: Zacian|Intrepid Sword|boost\n|-boost|p2a: Zacian|atk|1\n|turn|5\n|\n|t:|1773858545\n|move|p1a: Whimsicott|Fake Tears|p2a: Zacian\n|-unboost|p2a: Zacian|spd|2\n|move|p1b: Calyrex|Astral Barrage|p2a: Zacian|[spread] p2a,p2b\n|-damage|p2a: Zacian|0 fnt\n|-damage|p2b: Tatsugiri|0 fnt\n|faint|p2a: Zacian\n|faint|p2b: Tatsugiri\n|-ability|p1b: Calyrex|Grim Neigh|boost\n|-boost|p1b: Calyrex|spa|2\n|\n|-fieldend|move: Electric Terrain\n|upkeep\n|-message|pigs2fly forfeited.\n|\n|win|raisinsvgc\n|raw|raisinsvgc's rating: 1430 &rarr; <strong>1457</strong><br />(+27 for winning)\n|raw|pigs2fly's rating: 1562 &rarr; <strong>1535</strong><br />(-27 for losing)\n|l|\u2606pigs2fly\n|player|p2|\n|l|\u2606raisinsvgc\n|player|p1|\n","uploadtime":1773858715,"views":11,"formatid":"gen9vgc2026regi","rating":1457,"private":0,"password":null}