{"id":"gen9vgc2026regi-2533374120","format":"[Gen 9] VGC 2026 Reg I","players":["pzyxhic","lift with kyogre"],"log":"|j|\u2606pzyxhic\n|j|\u2606lift with kyogre\n|t:|1770299103\n|gametype|doubles\n|player|p1|pzyxhic|170|1342\n|player|p2|lift with kyogre|elesa|1455\n|gen|9\n|tier|[Gen 9] VGC 2026 Reg I\n|rated|\n|rule|Species Clause: Limit one of each Pok\u00e9mon\n|rule|Item Clause: Limit 1 of each item\n|clearpoke\n|poke|p1|Calyrex-Shadow, L50|\n|poke|p1|Chi-Yu, L50|\n|poke|p1|Whimsicott, L50, F|\n|poke|p1|Urshifu-*, L50, F|\n|poke|p1|Farigiraf, L50, F|\n|poke|p1|Kyurem-White, L50|\n|poke|p2|Muk-Alola, L50, F|\n|poke|p2|Smeargle, L50, F|\n|poke|p2|Calyrex-Shadow, L50|\n|poke|p2|Flamigo, L50, F|\n|poke|p2|Miraidon, L50|\n|poke|p2|Volcarona, L50, F|\n|teampreview|4\n|inactive|Battle timer is ON: inactive players will automatically lose when time's up. (requested by lift with kyogre)\n|inactive|pzyxhic has 60 seconds left.\n|inactive|pzyxhic has 30 seconds left.\n|\n|t:|1770299191\n|teamsize|p1|4\n|teamsize|p2|4\n|start\n|switch|p1a: Farigiraf|Farigiraf, L50, F|100/100\n|switch|p1b: Urshifu|Urshifu-Rapid-Strike, L50, F|100/100\n|switch|p2a: Muk|Muk-Alola, L50, F|100/100\n|switch|p2b: Smeargle|Smeargle, L50, F|100/100\n|turn|1\n|\n|t:|1770299211\n|move|p1b: Urshifu|Surging Strikes|p2a: Muk\n|-crit|p2a: Muk\n|-damage|p2a: Muk|84/100\n|-crit|p2a: Muk\n|-damage|p2a: Muk|69/100\n|-crit|p2a: Muk\n|-damage|p2a: Muk|53/100\n|-hitcount|p2a: Muk|3\n|move|p2b: Smeargle|Spore|p1b: Urshifu\n|-status|p1b: Urshifu|slp|[from] move: Spore\n|move|p1a: Farigiraf|Hyper Voice|p2b: Smeargle|[spread] p2a,p2b\n|-damage|p2a: Muk|32/100\n|-damage|p2b: Smeargle|40/100\n|move|p2a: Muk|Minimize|p2a: Muk\n|-boost|p2a: Muk|evasion|2\n|\n|-heal|p2a: Muk|38/100|[from] item: Leftovers\n|-ability|p2b: Smeargle|Moody|boost\n|-boost|p2b: Smeargle|atk|2\n|-unboost|p2b: Smeargle|spa|1\n|upkeep\n|turn|2\n|inactive|pzyxhic has 30 seconds left.\n|\n|t:|1770299238\n|cant|p1b: Urshifu|slp\n|move|p2b: Smeargle|Spore|p1a: Farigiraf\n|-activate|p1a: Farigiraf|item: Safety Goggles|Spore\n|move|p1a: Farigiraf|Hyper Voice|p2b: Smeargle|[spread] p2b\n|-miss|p1a: Farigiraf|p2a: Muk\n|-damage|p2b: Smeargle|0 fnt\n|faint|p2b: Smeargle\n|-ability|p2a: Muk|Moody|Power of Alchemy|[from] ability: Power of Alchemy|[of] p2b: Smeargle\n|move|p2a: Muk|Minimize|p2a: Muk\n|-boost|p2a: Muk|evasion|2\n|\n|-heal|p2a: Muk|44/100|[from] item: Leftovers\n|-ability|p2a: Muk|Moody|boost\n|-boost|p2a: Muk|atk|2\n|-unboost|p2a: Muk|def|1\n|upkeep\n|\n|t:|1770299245\n|switch|p2b: Flamigo|Flamigo, L50, F|100/100\n|-copyboost|p2b: Flamigo|p2a: Muk|[from] ability: Costar\n|-enditem|p2b: Flamigo|White Herb\n|-clearnegativeboost|p2b: Flamigo|[silent]\n|turn|3\n|\n|t:|1770299268\n|cant|p1b: Urshifu|slp\n|move|p2b: Flamigo|Acrobatics|p1b: Urshifu\n|-supereffective|p1b: Urshifu\n|-enditem|p1b: Urshifu|Focus Sash\n|-damage|p1b: Urshifu|1/100 slp\n|move|p1a: Farigiraf|Hyper Voice|p2b: Flamigo|[spread] p2a,p2b\n|-damage|p2a: Muk|24/100\n|-damage|p2b: Flamigo|64/100\n|move|p2a: Muk|Minimize|p2a: Muk\n|-boost|p2a: Muk|evasion|2\n|\n|-heal|p2a: Muk|30/100|[from] item: Leftovers\n|-ability|p2a: Muk|Moody|boost\n|-boost|p2a: Muk|spd|2\n|-unboost|p2a: Muk|atk|1\n|upkeep\n|turn|4\n|inactive|lift with kyogre has 30 seconds left.\n|\n|t:|1770299296\n|move|p2a: Muk|Protect|p2a: Muk\n|-singleturn|p2a: Muk|Protect\n|-curestatus|p1b: Urshifu|slp|[msg]\n|move|p1b: Urshifu|Surging Strikes|p2a: Muk|[miss]\n|-miss|p1b: Urshifu|p2a: Muk\n|move|p2b: Flamigo|Acrobatics|p1b: Urshifu\n|-supereffective|p1b: Urshifu\n|-damage|p1b: Urshifu|0 fnt\n|faint|p1b: Urshifu\n|move|p1a: Farigiraf|Hyper Voice|p2b: Flamigo|[spread] p2b\n|-activate|p2a: Muk|move: Protect\n|-damage|p2b: Flamigo|28/100\n|\n|-heal|p2a: Muk|36/100|[from] item: Leftovers\n|-ability|p2a: Muk|Moody|boost\n|-boost|p2a: Muk|spe|2\n|-unboost|p2a: Muk|spa|1\n|upkeep\n|\n|t:|1770299316\n|switch|p1b: Kyurem|Kyurem-White, L50|100/100\n|-ability|p1b: Kyurem|Turboblaze\n|turn|5\n|\n|t:|1770299329\n|move|p1b: Kyurem|Protect|p1b: Kyurem\n|-singleturn|p1b: Kyurem|Protect\n|move|p2b: Flamigo|Wide Guard|p2b: Flamigo\n|-singleturn|p2b: Flamigo|Wide Guard\n|move|p2a: Muk|Poison Gas|p1b: Kyurem|[spread] p1a\n|-activate|p1b: Kyurem|move: Protect\n|-status|p1a: Farigiraf|psn\n|move|p1a: Farigiraf|Hyper Voice|p2b: Flamigo|[spread] \n|-activate|p2a: Muk|move: Wide Guard\n|-activate|p2b: Flamigo|move: Wide Guard\n|\n|-heal|p2a: Muk|42/100|[from] item: Leftovers\n|-damage|p1a: Farigiraf|88/100 psn|[from] psn\n|-ability|p2a: Muk|Moody|boost\n|-boost|p2a: Muk|spe|2\n|-unboost|p2a: Muk|def|1\n|upkeep\n|turn|6\n|-message|pzyxhic forfeited.\n|\n|win|lift with kyogre\n|raw|pzyxhic's rating: 1342 &rarr; <strong>1328</strong><br />(-14 for losing)\n|raw|lift with kyogre's rating: 1455 &rarr; <strong>1469</strong><br />(+14 for winning)\n|l|\u2606pzyxhic\n|player|p1|\n|l|\u2606lift with kyogre\n|player|p2|\n","uploadtime":1770299559,"views":12,"formatid":"gen9vgc2026regi","rating":1328,"private":0,"password":null}