{"id":"gen9vgc2026regi-2527290939","format":"[Gen 9] VGC 2026 Reg I","players":["liam.2025","Tepig_nNz_498"],"log":"|j|\u2606liam.2025\n|j|\u2606Tepig_nNz_498\n|t:|1769524263\n|gametype|doubles\n|player|p1|liam.2025|policeman|1430\n|player|p2|Tepig_nNz_498|101|1464\n|gen|9\n|tier|[Gen 9] VGC 2026 Reg I\n|rated|\n|rule|Species Clause: Limit one of each Pok\u00e9mon\n|rule|Item Clause: Limit 1 of each item\n|clearpoke\n|poke|p1|Murkrow, L50, F|\n|poke|p1|Weezing-Galar, L50, M|\n|poke|p1|Terapagos, L50, M|\n|poke|p1|Smeargle, L50, M|\n|poke|p1|Calyrex-Ice, L50|\n|poke|p1|Ursaluna, L50, F|\n|poke|p2|Ludicolo, L50, M|\n|poke|p2|Kyogre, L50|\n|poke|p2|Amoonguss, L50, M|\n|poke|p2|Tornadus, L50, M|\n|poke|p2|Zacian-*, L50|\n|poke|p2|Urshifu-*, L50, M|\n|teampreview|4\n|inactive|Battle timer is ON: inactive players will automatically lose when time's up. (requested by Tepig_nNz_498)\n|\n|t:|1769524319\n|teamsize|p1|4\n|teamsize|p2|4\n|start\n|switch|p1a: Murkrow|Murkrow, L50, F|100/100\n|switch|p1b: Calyrex|Calyrex-Ice, L50|100/100\n|switch|p2a: Ludicolo|Ludicolo, L50, M|100/100\n|switch|p2b: Kyogre|Kyogre, L50|100/100\n|-ability|p1b: Calyrex|As One\n|-ability|p1b: Calyrex|Unnerve\n|-weather|RainDance|[from] ability: Drizzle|[of] p2b: Kyogre\n|turn|1\n|\n|t:|1769524344\n|-terastallize|p1b: Calyrex|Water\n|move|p1a: Murkrow|Protect|p1a: Murkrow\n|-singleturn|p1a: Murkrow|Protect\n|move|p2a: Ludicolo|Fake Out|p1a: Murkrow\n|-activate|p1a: Murkrow|move: Protect\n|move|p2b: Kyogre|Water Spout|p1b: Calyrex|[spread] p1b\n|-activate|p1a: Murkrow|move: Protect\n|-resisted|p1b: Calyrex\n|-damage|p1b: Calyrex|57/100\n|-damage|p2b: Kyogre|91/100|[from] item: Life Orb\n|move|p1b: Calyrex|Trick Room|p1b: Calyrex\n|-fieldstart|move: Trick Room|[of] p1b: Calyrex\n|\n|-weather|RainDance|[upkeep]\n|upkeep\n|turn|2\n|\n|t:|1769524362\n|move|p1a: Murkrow|Brave Bird|p2a: Ludicolo\n|-supereffective|p2a: Ludicolo\n|-damage|p2a: Ludicolo|0 fnt\n|faint|p2a: Ludicolo\n|-damage|p1a: Murkrow|62/100|[from] Recoil\n|move|p1b: Calyrex|Glacial Lance|p2b: Kyogre\n|-resisted|p2b: Kyogre\n|-damage|p2b: Kyogre|57/100\n|move|p2b: Kyogre|Origin Pulse|p1a: Murkrow|[spread] p1a,p1b\n|-resisted|p1b: Calyrex\n|-damage|p1a: Murkrow|0 fnt\n|-damage|p1b: Calyrex|24/100\n|faint|p1a: Murkrow\n|-damage|p2b: Kyogre|47/100|[from] item: Life Orb\n|\n|-weather|RainDance|[upkeep]\n|upkeep\n|\n|t:|1769524377\n|switch|p1a: Ursaluna|Ursaluna, L50, F|100/100\n|switch|p2a: Amoonguss|Amoonguss, L50, M|100/100\n|turn|3\n|\n|t:|1769524384\n|move|p1a: Ursaluna|Protect|p1a: Ursaluna\n|-singleturn|p1a: Ursaluna|Protect\n|move|p2a: Amoonguss|Pollen Puff|p2b: Kyogre\n|-heal|p2b: Kyogre|97/100\n|move|p1b: Calyrex|Glacial Lance|p2a: Amoonguss|[spread] p2a,p2b\n|-supereffective|p2a: Amoonguss\n|-resisted|p2b: Kyogre\n|-damage|p2a: Amoonguss|22/100\n|-damage|p2b: Kyogre|71/100\n|move|p2b: Kyogre|Origin Pulse|p1b: Calyrex|[spread] \n|-activate|p1a: Ursaluna|move: Protect\n|-miss|p2b: Kyogre|p1b: Calyrex\n|\n|-weather|RainDance|[upkeep]\n|-status|p1a: Ursaluna|brn|[from] item: Flame Orb\n|upkeep\n|turn|4\n|\n|t:|1769524406\n|switch|p1b: Terapagos|Terapagos, L50, M|100/100\n|-activate|p1b: Terapagos|ability: Tera Shift\n|detailschange|p1b: Terapagos|Terapagos-Terastal, L50, M\n|-heal|p1b: Terapagos|100/100|[silent]\n|-terastallize|p2b: Kyogre|Grass\n|move|p2a: Amoonguss|Spore|p1b: Terapagos\n|-status|p1b: Terapagos|slp|[from] move: Spore\n|move|p1a: Ursaluna|Earthquake|p2b: Kyogre|[spread] p1b,p2a,p2b\n|-activate|p1b: Terapagos|ability: Tera Shell\n|-resisted|p1b: Terapagos\n|-resisted|p2b: Kyogre\n|-damage|p1b: Terapagos|72/100 slp\n|-damage|p2a: Amoonguss|0 fnt\n|-damage|p2b: Kyogre|34/100\n|faint|p2a: Amoonguss\n|move|p2b: Kyogre|Origin Pulse|p1a: Ursaluna|[spread] p1a,p1b\n|-supereffective|p1a: Ursaluna\n|-damage|p1a: Ursaluna|0 fnt\n|-damage|p1b: Terapagos|0 fnt\n|faint|p1a: Ursaluna\n|faint|p1b: Terapagos\n|-damage|p2b: Kyogre|24/100|[from] item: Life Orb\n|\n|-weather|RainDance|[upkeep]\n|upkeep\n|\n|t:|1769524428\n|switch|p2a: Zacian|Zacian-Crowned, L50, shiny|100/100\n|switch|p1b: Calyrex|Calyrex-Ice, L50, tera:Water|24/100\n|-ability|p1b: Calyrex|As One\n|-ability|p1b: Calyrex|Unnerve\n|-ability|p2a: Zacian|Intrepid Sword|boost\n|-boost|p2a: Zacian|atk|1\n|turn|5\n|-message|liam.2025 forfeited.\n|\n|win|Tepig_nNz_498\n|raw|liam.2025's rating: 1430 &rarr; <strong>1412</strong><br />(-18 for losing)\n|raw|Tepig_nNz_498's rating: 1464 &rarr; <strong>1482</strong><br />(+18 for winning)\n|l|\u2606liam.2025\n|player|p1|\n|l|\u2606Tepig_nNz_498\n|player|p2|\n","uploadtime":1769524714,"views":29,"formatid":"gen9vgc2026regi","rating":1412,"private":0,"password":null}