{"id":"gen9vgc2026regi-2590990798","format":"[Gen 9] VGC 2026 Reg I","players":["shecallmedada","Dragoonlong"],"log":"|j|\u2606shecallmedada\n|j|\u2606Dragoonlong\n|t:|1776866942\n|gametype|doubles\n|player|p1|shecallmedada|burglar-gen1rb|1542\n|player|p2|Dragoonlong|cynthia|1461\n|gen|9\n|tier|[Gen 9] VGC 2026 Reg I\n|rated|\n|rule|Species Clause: Limit one of each Pok\u00e9mon\n|rule|Item Clause: Limit 1 of each item\n|clearpoke\n|poke|p1|Iron Bundle, L50|\n|poke|p1|Farigiraf, L50, M|\n|poke|p1|Calyrex-Ice, L50|\n|poke|p1|Miraidon, L50|\n|poke|p1|Iron Hands, L50|\n|poke|p1|Annihilape, L50, F|\n|poke|p2|Muk-Alola, L50, F|\n|poke|p2|Smeargle, L50, F|\n|poke|p2|Calyrex-Shadow, L50|\n|poke|p2|Kyogre, L50|\n|poke|p2|Flamigo, L50, F|\n|poke|p2|Rillaboom, L50, F|\n|teampreview|4\n|\n|t:|1776867013\n|teamsize|p1|4\n|teamsize|p2|4\n|start\n|switch|p1a: melman|Farigiraf, L50, M|100/100\n|switch|p1b: Ozosloom|Calyrex-Ice, L50|100/100\n|switch|p2a: Muk|Muk-Alola, L50, F|100/100\n|switch|p2b: Smeargle|Smeargle, L50, F|100/100\n|-ability|p1b: Ozosloom|As One\n|-ability|p1b: Ozosloom|Unnerve\n|turn|1\n|\n|t:|1776867055\n|switch|p1a: Miraidon|Miraidon, L50|100/100\n|-fieldstart|move: Electric Terrain|[from] ability: Hadron Engine|[of] p1a: Miraidon\n|move|p2b: Smeargle|Spore|p1b: Ozosloom\n|-activate|p1b: Ozosloom|move: Electric Terrain\n|move|p2a: Muk|Minimize|p2a: Muk\n|-boost|p2a: Muk|evasion|2\n|move|p1b: Ozosloom|Leech Seed|p2a: Muk|[miss]\n|-miss|p1b: Ozosloom|p2a: Muk\n|\n|-ability|p2b: Smeargle|Moody|boost\n|-boost|p2b: Smeargle|def|2\n|-unboost|p2b: Smeargle|spa|1\n|upkeep\n|turn|2\n|\n|t:|1776867098\n|move|p1a: Miraidon|Volt Switch|p2a: Muk|[miss]\n|-miss|p1a: Miraidon|p2a: Muk\n|move|p2b: Smeargle|Salt Cure|p1b: Ozosloom\n|-supereffective|p1b: Ozosloom\n|-damage|p1b: Ozosloom|97/100\n|-start|p1b: Ozosloom|Salt Cure\n|move|p1b: Ozosloom|Leech Seed|p2a: Muk|[miss]\n|-miss|p1b: Ozosloom|p2a: Muk\n|move|p2a: Muk|Minimize|p2a: Muk\n|-boost|p2a: Muk|evasion|2\n|\n|-heal|p1b: Ozosloom|100/100|[from] item: Leftovers\n|-damage|p1b: Ozosloom|88/100|[from] Salt Cure\n|-ability|p2b: Smeargle|Moody|boost\n|-boost|p2b: Smeargle|def|2\n|-unboost|p2b: Smeargle|spd|1\n|upkeep\n|turn|3\n|\n|t:|1776867119\n|move|p1a: Miraidon|Volt Switch|p2a: Muk|[miss]\n|-miss|p1a: Miraidon|p2a: Muk\n|move|p2b: Smeargle|Salt Cure|p1a: Miraidon\n|-damage|p1a: Miraidon|97/100\n|-start|p1a: Miraidon|Salt Cure\n|move|p2a: Muk|Minimize|p2a: Muk\n|-boost|p2a: Muk|evasion|2\n|move|p1b: Ozosloom|Leech Seed|p2a: Muk\n|-start|p2a: Muk|move: Leech Seed\n|\n|-heal|p1b: Ozosloom|94/100|[from] item: Leftovers\n|-damage|p2a: Muk|88/100|[from] Leech Seed|[of] p1b: Ozosloom\n|-heal|p1b: Ozosloom|100/100|[silent]\n|-damage|p1a: Miraidon|85/100|[from] Salt Cure\n|-damage|p1b: Ozosloom|88/100|[from] Salt Cure\n|-ability|p2b: Smeargle|Moody|boost\n|-boost|p2b: Smeargle|atk|2\n|-unboost|p2b: Smeargle|def|1\n|upkeep\n|turn|4\n|\n|t:|1776867173\n|move|p1a: Miraidon|Volt Switch|p2a: Muk\n|-damage|p2a: Muk|16/100\n|-damage|p1a: Miraidon|75/100|[from] item: Life Orb\n|\n|t:|1776867191\n|switch|p1a: melman|Farigiraf, L50, M|100/100|[from] Volt Switch\n|-enditem|p1a: melman|Electric Seed\n|-boost|p1a: melman|def|1|[from] item: Electric Seed\n|move|p2b: Smeargle|Salt Cure|p1a: melman\n|-damage|p1a: melman|97/100\n|-start|p1a: melman|Salt Cure\n|move|p2a: Muk|Knock Off|p1b: Ozosloom\n|-supereffective|p1b: Ozosloom\n|-damage|p1b: Ozosloom|42/100\n|-enditem|p1b: Ozosloom|Leftovers|[from] move: Knock Off|[of] p2a: Muk\n|move|p1b: Ozosloom|Leech Seed|p2b: Smeargle\n|-start|p2b: Smeargle|move: Leech Seed\n|\n|-heal|p2a: Muk|22/100|[from] item: Leftovers\n|-damage|p2b: Smeargle|88/100|[from] Leech Seed|[of] p1b: Ozosloom\n|-heal|p1b: Ozosloom|50/100|[silent]\n|-damage|p2a: Muk|10/100|[from] Leech Seed|[of] p1b: Ozosloom\n|-heal|p1b: Ozosloom|62/100|[silent]\n|-damage|p1a: melman|85/100|[from] Salt Cure\n|-damage|p1b: Ozosloom|50/100|[from] Salt Cure\n|-ability|p2b: Smeargle|Moody|boost\n|-boost|p2b: Smeargle|def|2\n|-unboost|p2b: Smeargle|atk|1\n|upkeep\n|turn|5\n|\n|t:|1776867221\n|switch|p2b: Kyogre|Kyogre, L50|100/100\n|-weather|RainDance|[from] ability: Drizzle|[of] p2b: Kyogre\n|move|p2a: Muk|Knock Off|p1a: melman\n|-supereffective|p1a: melman\n|-damage|p1a: melman|59/100\n|move|p1a: melman|Roar|p2a: Muk\n|drag|p2a: \u6709\u8010\u4e45|Calyrex-Shadow, L50|100/100\n|-ability|p2a: \u6709\u8010\u4e45|As One\n|-ability|p2a: \u6709\u8010\u4e45|Unnerve\n|move|p1b: Ozosloom|Trick Room|p1b: Ozosloom\n|-fieldstart|move: Trick Room|[of] p1b: Ozosloom\n|\n|-weather|RainDance|[upkeep]\n|-damage|p1b: Ozosloom|38/100|[from] Salt Cure\n|-damage|p1a: melman|47/100|[from] Salt Cure\n|-fieldend|move: Electric Terrain\n|upkeep\n|turn|6\n|\n|t:|1776867250\n|switch|p2b: Muk|Muk-Alola, L50, F|10/100\n|move|p2a: \u6709\u8010\u4e45|Protect|p2a: \u6709\u8010\u4e45\n|-singleturn|p2a: \u6709\u8010\u4e45|Protect\n|move|p1b: Ozosloom|Leech Seed|p2b: Muk\n|-start|p2b: Muk|move: Leech Seed\n|move|p1a: melman|Foul Play|p2a: \u6709\u8010\u4e45\n|-activate|p2a: \u6709\u8010\u4e45|move: Protect\n|\n|-weather|RainDance|[upkeep]\n|-heal|p2b: Muk|16/100|[from] item: Leftovers\n|-damage|p2b: Muk|4/100|[from] Leech Seed|[of] p1b: Ozosloom\n|-heal|p1b: Ozosloom|51/100|[silent]\n|-damage|p1b: Ozosloom|39/100|[from] Salt Cure\n|-damage|p1a: melman|35/100|[from] Salt Cure\n|upkeep\n|turn|7\n|\n|t:|1776867268\n|switch|p2b: Smeargle|Smeargle, L50, F|88/100\n|move|p1b: Ozosloom|Glacial Lance|p2b: Smeargle|[spread] p2a,p2b\n|-crit|p2a: \u6709\u8010\u4e45\n|-damage|p2a: \u6709\u8010\u4e45|36/100\n|-damage|p2b: Smeargle|0 fnt\n|faint|p2b: Smeargle\n|-ability|p1b: Ozosloom|Chilling Neigh|boost\n|-boost|p1b: Ozosloom|atk|1\n|move|p1a: melman|Foul Play|p2a: \u6709\u8010\u4e45\n|-supereffective|p2a: \u6709\u8010\u4e45\n|-damage|p2a: \u6709\u8010\u4e45|0 fnt\n|faint|p2a: \u6709\u8010\u4e45\n|\n|-weather|RainDance|[upkeep]\n|-damage|p1b: Ozosloom|27/100|[from] Salt Cure\n|-damage|p1a: melman|22/100|[from] Salt Cure\n|upkeep\n|\n|t:|1776867282\n|switch|p2b: Muk|Muk-Alola, L50, F|4/100\n|switch|p2a: Kyogre|Kyogre, L50|100/100\n|turn|8\n|\n|t:|1776867296\n|move|p1a: melman|Helping Hand|p1b: Ozosloom\n|-singleturn|p1b: Ozosloom|Helping Hand|[of] p1a: melman\n|move|p2b: Muk|Protect|p2b: Muk\n|-singleturn|p2b: Muk|Protect\n|move|p1b: Ozosloom|Glacial Lance|p2b: Muk|[spread] p2a\n|-activate|p2b: Muk|move: Protect\n|-resisted|p2a: Kyogre\n|-damage|p2a: Kyogre|56/100\n|move|p2a: Kyogre|Origin Pulse|p1a: melman|[spread] p1a,p1b\n|-damage|p1a: melman|0 fnt\n|-damage|p1b: Ozosloom|0 fnt\n|faint|p1a: melman\n|faint|p1b: Ozosloom\n|\n|-weather|RainDance|[upkeep]\n|-heal|p2b: Muk|10/100|[from] item: Leftovers\n|upkeep\n|\n|t:|1776867301\n|switch|p1b: Iron Bundle|Iron Bundle, L50|100/100\n|switch|p1a: Miraidon|Miraidon, L50|75/100\n|-fieldstart|move: Electric Terrain|[from] ability: Hadron Engine|[of] p1a: Miraidon\n|-activate|p1b: Iron Bundle|ability: Quark Drive\n|-start|p1b: Iron Bundle|quarkdrivespe\n|turn|9\n|-message|Dragoonlong forfeited.\n|\n|win|shecallmedada\n|raw|shecallmedada's rating: 1542 &rarr; <strong>1558</strong><br />(+16 for winning)\n|raw|Dragoonlong's rating: 1477 &rarr; <strong>1461</strong><br />(-16 for losing)\n|l|\u2606Dragoonlong\n|player|p2|\n|l|\u2606shecallmedada\n|player|p1|\n","uploadtime":1776867316,"views":17,"formatid":"gen9vgc2026regi","rating":1461,"private":0,"password":null}