{"id":"gen9vgc2026regi-2564607085","format":"[Gen 9] VGC 2026 Reg I","players":["dasabe\u76d6\u6b27\u5361\u4fa0","ReReReTryAgain"],"log":"|j|\u2606dasabe\u76d6\u6b27\u5361\u4fa0\n|j|\u2606ReReReTryAgain\n|t:|1774173569\n|gametype|doubles\n|player|p1|dasabe\u76d6\u6b27\u5361\u4fa0|may-masters4|1499\n|player|p2|ReReReTryAgain|170|1450\n|gen|9\n|tier|[Gen 9] VGC 2026 Reg I\n|rated|\n|rule|Species Clause: Limit one of each Pok\u00e9mon\n|rule|Item Clause: Limit 1 of each item\n|clearpoke\n|poke|p1|Zacian-*, L50|\n|poke|p1|Koraidon, L50|\n|poke|p1|Raging Bolt, L50|\n|poke|p1|Rillaboom, L50, F|\n|poke|p1|Chien-Pao, L50|\n|poke|p1|Tornadus, L50, M|\n|poke|p2|Zacian-*, L50|\n|poke|p2|Iron Valiant, L50|\n|poke|p2|Tyranitar, L50, M|\n|poke|p2|Zamazenta-*, L50|\n|poke|p2|Landorus, L50, M|\n|poke|p2|Tornadus, L50, M|\n|teampreview|4\n|\n|t:|1774173604\n|teamsize|p1|4\n|teamsize|p2|4\n|start\n|switch|p1a: \u7d2b\u5c3e\u723d\u98de|Tornadus, L50, M, shiny|100/100\n|switch|p1b: \u9a82\u8c01\u542b\u5251|Zacian-Crowned, L50|100/100\n|switch|p2a: Iron Valiant|Iron Valiant, L50|100/100\n|switch|p2b: Zacian|Zacian-Crowned, L50|100/100\n|-ability|p2b: Zacian|Intrepid Sword|boost\n|-boost|p2b: Zacian|atk|1\n|-ability|p1b: \u9a82\u8c01\u542b\u5251|Intrepid Sword|boost\n|-boost|p1b: \u9a82\u8c01\u542b\u5251|atk|1\n|-enditem|p2a: Iron Valiant|Booster Energy\n|-activate|p2a: Iron Valiant|ability: Quark Drive|[fromitem]\n|-start|p2a: Iron Valiant|quarkdrivespe\n|turn|1\n|\n|t:|1774173632\n|-terastallize|p2b: Zacian|Ground\n|move|p1a: \u7d2b\u5c3e\u723d\u98de|Tailwind|p1a: \u7d2b\u5c3e\u723d\u98de\n|-sidestart|p1: dasabe\u76d6\u6b27\u5361\u4fa0|move: Tailwind\n|move|p1b: \u9a82\u8c01\u542b\u5251|Behemoth Blade|p2a: Iron Valiant\n|-supereffective|p2a: Iron Valiant\n|-damage|p2a: Iron Valiant|0 fnt\n|faint|p2a: Iron Valiant\n|-end|p2a: Iron Valiant|Quark Drive|[silent]\n|move|p2b: Zacian|Tera Blast|p1b: \u9a82\u8c01\u542b\u5251|[anim] Tera Blast Ground\n|-supereffective|p1b: \u9a82\u8c01\u542b\u5251\n|-damage|p1b: \u9a82\u8c01\u542b\u5251|0 fnt\n|faint|p1b: \u9a82\u8c01\u542b\u5251\n|\n|upkeep\n|\n|t:|1774173645\n|switch|p1b: \u733f\u795e\uff01\u542f\u52a8\uff01|Rillaboom, L50, F|100/100\n|switch|p2a: Tyranitar|Tyranitar, L50, M|100/100\n|-fieldstart|move: Grassy Terrain|[from] ability: Grassy Surge|[of] p1b: \u733f\u795e\uff01\u542f\u52a8\uff01\n|-weather|Sandstorm|[from] ability: Sand Stream|[of] p2a: Tyranitar\n|turn|2\n|j| blackred123\n|\n|t:|1774173659\n|move|p2b: Zacian|Protect|p2b: Zacian\n|-singleturn|p2b: Zacian|Protect\n|move|p2a: Tyranitar|Protect|p2a: Tyranitar\n|-singleturn|p2a: Tyranitar|Protect\n|move|p1a: \u7d2b\u5c3e\u723d\u98de|Sunny Day|p1a: \u7d2b\u5c3e\u723d\u98de\n|-weather|SunnyDay\n|move|p1b: \u733f\u795e\uff01\u542f\u52a8\uff01|Wood Hammer|p2b: Zacian\n|-activate|p2b: Zacian|move: Protect\n|\n|-weather|SunnyDay|[upkeep]\n|upkeep\n|turn|3\n|\n|t:|1774173669\n|switch|p2b: Zamazenta|Zamazenta-Crowned, L50|100/100\n|-ability|p2b: Zamazenta|Dauntless Shield|boost\n|-boost|p2b: Zamazenta|def|1\n|move|p1a: \u7d2b\u5c3e\u723d\u98de|Bleakwind Storm|p2b: Zamazenta|[spread] p2a,p2b\n|-resisted|p2a: Tyranitar\n|-damage|p2a: Tyranitar|83/100\n|-damage|p2b: Zamazenta|78/100\n|move|p1b: \u733f\u795e\uff01\u542f\u52a8\uff01|Wood Hammer|p2a: Tyranitar\n|-supereffective|p2a: Tyranitar\n|-damage|p2a: Tyranitar|0 fnt\n|faint|p2a: Tyranitar\n|-damage|p1b: \u733f\u795e\uff01\u542f\u52a8\uff01|77/100|[from] Recoil\n|\n|-weather|SunnyDay|[upkeep]\n|-heal|p1b: \u733f\u795e\uff01\u542f\u52a8\uff01|83/100|[from] Grassy Terrain\n|-heal|p2b: Zamazenta|84/100|[from] Grassy Terrain\n|upkeep\n|\n|t:|1774173679\n|switch|p2a: Zacian|Zacian-Crowned, L50, tera:Ground|100/100\n|turn|4\n|\n|t:|1774173689\n|move|p2a: Zacian|Protect|p2a: Zacian\n|-singleturn|p2a: Zacian|Protect\n|move|p1a: \u7d2b\u5c3e\u723d\u98de|Bleakwind Storm|p2b: Zamazenta|[spread] \n|-activate|p2a: Zacian|move: Protect\n|-miss|p1a: \u7d2b\u5c3e\u723d\u98de|p2b: Zamazenta\n|move|p1b: \u733f\u795e\uff01\u542f\u52a8\uff01|U-turn|p2b: Zamazenta\n|-resisted|p2b: Zamazenta\n|-damage|p2b: Zamazenta|82/100\n|\n|t:|1774173694\n|switch|p1b: \u6545\u5927\u5305\u52d2|Koraidon, L50|100/100|[from] U-turn\n|-activate|p1b: \u6545\u5927\u5305\u52d2|ability: Orichalcum Pulse\n|move|p2b: Zamazenta|Body Press|p1b: \u6545\u5927\u5305\u52d2\n|-damage|p1b: \u6545\u5927\u5305\u52d2|57/100\n|\n|-weather|SunnyDay|[upkeep]\n|-heal|p1b: \u6545\u5927\u5305\u52d2|62/100|[from] Grassy Terrain\n|-heal|p2b: Zamazenta|88/100|[from] Grassy Terrain\n|-sideend|p1: dasabe\u76d6\u6b27\u5361\u4fa0|move: Tailwind\n|upkeep\n|turn|5\n|\n|t:|1774173719\n|move|p2a: Zacian|Protect||[still]\n|-fail|p2a: Zacian\n|move|p1a: \u7d2b\u5c3e\u723d\u98de|Tailwind|p1a: \u7d2b\u5c3e\u723d\u98de\n|-sidestart|p1: dasabe\u76d6\u6b27\u5361\u4fa0|move: Tailwind\n|move|p1b: \u6545\u5927\u5305\u52d2|Collision Course|p2b: Zamazenta\n|-supereffective|p2b: Zamazenta\n|-damage|p2b: Zamazenta|12/100\n|move|p2b: Zamazenta|Body Press|p1b: \u6545\u5927\u5305\u52d2\n|-damage|p1b: \u6545\u5927\u5305\u52d2|17/100\n|\n|-weather|SunnyDay|[upkeep]\n|-heal|p1b: \u6545\u5927\u5305\u52d2|23/100|[from] Grassy Terrain\n|-heal|p2b: Zamazenta|18/100|[from] Grassy Terrain\n|upkeep\n|turn|6\n|\n|t:|1774173740\n|-terastallize|p1b: \u6545\u5927\u5305\u52d2|Fire\n|move|p2a: Zacian|Protect|p2a: Zacian\n|-singleturn|p2a: Zacian|Protect\n|move|p1b: \u6545\u5927\u5305\u52d2|Flare Blitz|p2a: Zacian\n|-activate|p2a: Zacian|move: Protect\n|move|p1a: \u7d2b\u5c3e\u723d\u98de|Bleakwind Storm|p2a: Zacian|[spread] p2b\n|-activate|p2a: Zacian|move: Protect\n|-damage|p2b: Zamazenta|0 fnt\n|faint|p2b: Zamazenta\n|\n|-weather|none\n|-heal|p1b: \u6545\u5927\u5305\u52d2|29/100|[from] Grassy Terrain\n|-fieldend|move: Grassy Terrain\n|upkeep\n|turn|7\n|-message|ReReReTryAgain forfeited.\n|\n|win|dasabe\u76d6\u6b27\u5361\u4fa0\n|raw|dasabe\u76d6\u6b27\u5361\u4fa0's rating: 1499 &rarr; <strong>1516</strong><br />(+17 for winning)\n|raw|ReReReTryAgain's rating: 1450 &rarr; <strong>1433</strong><br />(-17 for losing)\n|l|\u2606ReReReTryAgain\n|player|p2|\n|l|\u2606dasabe\u76d6\u6b27\u5361\u4fa0\n|player|p1|\n","uploadtime":1774173898,"views":15,"formatid":"gen9vgc2026regi","rating":1433,"private":0,"password":null}