{"id":"gen9vgc2026regi-2553689097","format":"[Gen 9] VGC 2026 Reg I","players":["I\u2764\ufe0f\u5a1c\u7984forever","U lost da game"],"log":"|j|\u2606I\u2764\ufe0f\u5a1c\u7984forever\n|j|\u2606U lost da game\n|t:|1772861759\n|gametype|doubles\n|player|p1|I\u2764\ufe0f\u5a1c\u7984forever|youngcouple-gen4dp|1363\n|player|p2|U lost da game|169|1382\n|gen|9\n|tier|[Gen 9] VGC 2026 Reg I\n|rated|\n|rule|Species Clause: Limit one of each Pok\u00e9mon\n|rule|Item Clause: Limit 1 of each item\n|clearpoke\n|poke|p1|Groudon, L50|\n|poke|p1|Kyurem-White, L50|\n|poke|p1|Heatran, L50, M|\n|poke|p1|Whimsicott, L50, M|\n|poke|p1|Roaring Moon, L50|\n|poke|p1|Ditto, L50|\n|poke|p2|Miraidon, L50|\n|poke|p2|Ursaluna, L50, M|\n|poke|p2|Ho-Oh, L50|\n|poke|p2|Incineroar, L50, M|\n|poke|p2|Flutter Mane, L50|\n|poke|p2|Cresselia, L50, F|\n|teampreview|4\n|\n|t:|1772861803\n|teamsize|p1|4\n|teamsize|p2|4\n|start\n|switch|p1a: Whimsicott|Whimsicott, L50, M|100/100\n|switch|p1b: Kyurem|Kyurem-White, L50|100/100\n|switch|p2a: Incineroar|Incineroar, L50, M|100/100\n|switch|p2b: Cresselia|Cresselia, L50, F|100/100\n|-ability|p1b: Kyurem|Turboblaze\n|-ability|p2a: Incineroar|Intimidate|boost\n|-unboost|p1a: Whimsicott|atk|1\n|-unboost|p1b: Kyurem|atk|1\n|turn|1\n|\n|t:|1772861811\n|move|p2a: Incineroar|Fake Out|p1b: Kyurem\n|-damage|p1b: Kyurem|89/100\n|move|p1a: Whimsicott|Endeavor|p2b: Cresselia\n|-damage|p2b: Cresselia|53/100\n|cant|p1b: Kyurem|flinch\n|move|p2b: Cresselia|Trick Room|p2b: Cresselia\n|-fieldstart|move: Trick Room|[of] p2b: Cresselia\n|\n|upkeep\n|turn|2\n|\n|t:|1772861826\n|switch|p2b: Ho-Oh|Ho-Oh, L50|100/100\n|move|p2a: Incineroar|Flare Blitz|p1a: Whimsicott\n|-supereffective|p1a: Whimsicott\n|-enditem|p1a: Whimsicott|Focus Sash\n|-damage|p1a: Whimsicott|1/100\n|-status|p1a: Whimsicott|brn\n|-damage|p2a: Incineroar|81/100|[from] Recoil\n|move|p1b: Kyurem|Blizzard|p2b: Ho-Oh|[spread] p2a,p2b\n|-resisted|p2a: Incineroar\n|-damage|p2a: Incineroar|65/100\n|-damage|p2b: Ho-Oh|68/100\n|-status|p2a: Incineroar|frz\n|move|p1a: Whimsicott|Trick Room|p1a: Whimsicott\n|-fieldend|move: Trick Room\n|\n|-damage|p1a: Whimsicott|0 fnt|[from] brn\n|faint|p1a: Whimsicott\n|upkeep\n|\n|t:|1772861842\n|switch|p1a: Ditto|Ditto, L50|100/100\n|-transform|p1a: Ditto|p2b: Ho-Oh|[from] ability: Imposter\n|turn|3\n|\n|t:|1772861849\n|move|p2b: Ho-Oh|Protect|p2b: Ho-Oh\n|-singleturn|p2b: Ho-Oh|Protect\n|move|p1a: Ditto|Tailwind|p1a: Ditto\n|-sidestart|p1: I\u2764\ufe0f\u5a1c\u7984forever|move: Tailwind\n|move|p1b: Kyurem|Blizzard|p2b: Ho-Oh|[spread] \n|-activate|p2b: Ho-Oh|move: Protect\n|-miss|p1b: Kyurem|p2a: Incineroar\n|-enditem|p1b: Kyurem|Blunder Policy\n|-boost|p1b: Kyurem|spe|2\n|-curestatus|p2a: Incineroar|frz|[from] move: Flare Blitz\n|move|p2a: Incineroar|Flare Blitz|p1b: Kyurem\n|-damage|p1b: Kyurem|42/100\n|-damage|p2a: Incineroar|47/100|[from] Recoil\n|\n|upkeep\n|turn|4\n|\n|t:|1772861869\n|move|p1b: Kyurem|Shadow Ball|p2b: Ho-Oh\n|-damage|p2b: Ho-Oh|47/100\n|move|p1a: Ditto|Brave Bird|p2a: Incineroar\n|-damage|p2a: Incineroar|0 fnt\n|faint|p2a: Incineroar\n|-damage|p1a: Ditto|80/100|[from] Recoil\n|move|p2b: Ho-Oh|Brave Bird|p1b: Kyurem\n|-damage|p1b: Kyurem|0 fnt\n|faint|p1b: Kyurem\n|-damage|p2b: Ho-Oh|32/100|[from] Recoil\n|\n|upkeep\n|\n|t:|1772861880\n|switch|p1b: Groudon|Groudon, L50|100/100\n|switch|p2a: Cresselia|Cresselia, L50, F|53/100\n|-weather|SunnyDay|[from] ability: Drought|[of] p1b: Groudon\n|turn|5\n|\n|t:|1772861889\n|switch|p2b: Ursaluna|Ursaluna, L50, M|100/100\n|-terastallize|p2a: Cresselia|Water\n|move|p1a: Ditto|Sacred Fire|p2a: Cresselia\n|-resisted|p2a: Cresselia\n|-damage|p2a: Cresselia|26/100\n|-enditem|p2a: Cresselia|Sitrus Berry|[eat]\n|-heal|p2a: Cresselia|51/100|[from] item: Sitrus Berry\n|move|p1b: Groudon|Crunch|p2b: Ursaluna\n|-damage|p2b: Ursaluna|76/100\n|move|p2a: Cresselia|Trick Room|p2a: Cresselia\n|-fieldstart|move: Trick Room|[of] p2a: Cresselia\n|\n|-weather|SunnyDay|[upkeep]\n|-status|p2b: Ursaluna|brn|[from] item: Flame Orb\n|upkeep\n|turn|6\n|\n|t:|1772861913\n|move|p2a: Cresselia|Helping Hand|p2b: Ursaluna\n|-singleturn|p2b: Ursaluna|Helping Hand|[of] p2a: Cresselia\n|move|p2b: Ursaluna|Facade|p1b: Groudon\n|-damage|p1b: Groudon|0 fnt\n|faint|p1b: Groudon\n|move|p1a: Ditto|Sacred Fire|p2b: Ursaluna\n|-damage|p2b: Ursaluna|15/100 brn\n|\n|-weather|SunnyDay|[upkeep]\n|-damage|p2b: Ursaluna|9/100 brn|[from] brn\n|-sideend|p1: I\u2764\ufe0f\u5a1c\u7984forever|move: Tailwind\n|upkeep\n|turn|7\n|\n|t:|1772861925\n|move|p1a: Ditto|Protect|p1a: Ditto\n|-singleturn|p1a: Ditto|Protect\n|move|p2b: Ursaluna|Facade|p1a: Ditto\n|-activate|p1a: Ditto|move: Protect\n|move|p2a: Cresselia|Lunar Blessing|p2a: Cresselia|[spread] p2a,p2b\n|-heal|p2a: Cresselia|76/100\n|-heal|p2b: Ursaluna|34/100 brn\n|-curestatus|p2b: Ursaluna|brn|[msg]\n|\n|-weather|SunnyDay|[upkeep]\n|-status|p2b: Ursaluna|brn|[from] item: Flame Orb\n|upkeep\n|turn|8\n|\n|t:|1772861941\n|move|p2b: Ursaluna|Facade|p1a: Ditto\n|-damage|p1a: Ditto|0 fnt\n|faint|p1a: Ditto\n|\n|win|U lost da game\n|raw|I\u2764\ufe0f\u5a1c\u7984forever's rating: 1363 &rarr; <strong>1344</strong><br />(-19 for losing)\n|raw|U lost da game's rating: 1382 &rarr; <strong>1401</strong><br />(+19 for winning)\n|l|\u2606I\u2764\ufe0f\u5a1c\u7984forever\n|player|p1|\n|l|\u2606U lost da game\n|player|p2|\n","uploadtime":1772862181,"views":12,"formatid":"gen9vgc2026regi","rating":1344,"private":0,"password":null}