{"id":"gen9vgc2026regi-2577994445","format":"[Gen 9] VGC 2026 Reg I","players":["meowmeow00","Zorse Mentality"],"log":"|j|\u2606meowmeow00\n|j|\u2606Zorse Mentality\n|t:|1775632501\n|gametype|doubles\n|player|p1|meowmeow00|101|1448\n|player|p2|Zorse Mentality|169|1527\n|gen|9\n|tier|[Gen 9] VGC 2026 Reg I\n|rated|\n|rule|Species Clause: Limit one of each Pok\u00e9mon\n|rule|Item Clause: Limit 1 of each item\n|clearpoke\n|poke|p1|Calyrex-Ice, L50|\n|poke|p1|Miraidon, L50|\n|poke|p1|Farigiraf, L50, M|\n|poke|p1|Iron Hands, L50|\n|poke|p1|Landorus, L50, M|\n|poke|p1|Scraggy, L50, M|\n|poke|p2|Calyrex-Ice, L50|\n|poke|p2|Kyogre, L50|\n|poke|p2|Incineroar, L50, M|\n|poke|p2|Smeargle, L50, F|\n|poke|p2|Urshifu-*, L50, F|\n|poke|p2|Rillaboom, L50, M|\n|teampreview|4\n|inactive|Battle timer is ON: inactive players will automatically lose when time's up. (requested by Zorse Mentality)\n|inactive|meowmeow00 has 60 seconds left.\n|\n|t:|1775632567\n|teamsize|p1|4\n|teamsize|p2|4\n|start\n|switch|p1a: Miraidon|Miraidon, L50|100/100\n|switch|p1b: Farigiraf|Farigiraf, L50, M|100/100\n|switch|p2a: Calyrex|Calyrex-Ice, L50|100/100\n|switch|p2b: Rillaboom|Rillaboom, L50, M|100/100\n|-ability|p2a: Calyrex|As One\n|-ability|p2a: Calyrex|Unnerve\n|-fieldstart|move: Electric Terrain|[from] ability: Hadron Engine|[of] p1a: Miraidon\n|-enditem|p1b: Farigiraf|Electric Seed\n|-boost|p1b: Farigiraf|def|1|[from] item: Electric Seed\n|-fieldstart|move: Grassy Terrain|[from] ability: Grassy Surge|[of] p2b: Rillaboom\n|turn|1\n|inactive|Zorse Mentality has 30 seconds left.\n|inactive|Zorse Mentality has 20 seconds left.\n|inactive|Zorse Mentality has 15 seconds left.\n|\n|t:|1775632610\n|-terastallize|p1a: Miraidon|Fairy\n|move|p1b: Farigiraf|Helping Hand|p1a: Miraidon\n|-singleturn|p1a: Miraidon|Helping Hand|[of] p1b: Farigiraf\n|move|p1a: Miraidon|Draco Meteor|p2b: Rillaboom\n|-damage|p2b: Rillaboom|4/100\n|-unboost|p1a: Miraidon|spa|2\n|move|p2b: Rillaboom|U-turn|p1a: Miraidon\n|-resisted|p1a: Miraidon\n|-damage|p1a: Miraidon|89/100\n|\n|t:|1775632621\n|switch|p2b: Incineroar|Incineroar, L50, M|100/100|[from] U-turn\n|-ability|p2b: Incineroar|Intimidate|boost\n|-unboost|p1a: Miraidon|atk|1\n|-unboost|p1b: Farigiraf|atk|1\n|move|p2a: Calyrex|Leech Seed|p1b: Farigiraf\n|-start|p1b: Farigiraf|move: Leech Seed\n|\n|-heal|p1a: Miraidon|95/100|[from] Grassy Terrain\n|-damage|p1b: Farigiraf|88/100|[from] Leech Seed|[of] p2a: Calyrex\n|upkeep\n|turn|2\n|inactive|meowmeow00 has 30 seconds left.\n|\n|t:|1775632648\n|switch|p1a: Iron Hands|Iron Hands, L50|100/100\n|move|p1b: Farigiraf|Foul Play|p2a: Calyrex\n|-supereffective|p2a: Calyrex\n|-damage|p2a: Calyrex|56/100\n|move|p2b: Incineroar|Parting Shot|p1a: Iron Hands\n|-unboost|p1a: Iron Hands|atk|1\n|-unboost|p1a: Iron Hands|spa|1\n|\n|t:|1775632660\n|switch|p2b: Rillaboom|Rillaboom, L50, M|4/100|[from] Parting Shot\n|move|p2a: Calyrex|Glacial Lance|p1a: Iron Hands|[spread] p1a,p1b\n|-damage|p1a: Iron Hands|65/100\n|-damage|p1b: Farigiraf|58/100\n|\n|-heal|p2b: Rillaboom|10/100|[from] Grassy Terrain\n|-heal|p1b: Farigiraf|64/100|[from] Grassy Terrain\n|-heal|p2a: Calyrex|62/100|[from] Grassy Terrain\n|-heal|p1a: Iron Hands|72/100|[from] Grassy Terrain\n|-heal|p2a: Calyrex|68/100|[from] item: Leftovers\n|-damage|p1b: Farigiraf|52/100|[from] Leech Seed|[of] p2a: Calyrex\n|-heal|p2a: Calyrex|82/100|[silent]\n|upkeep\n|turn|3\n|\n|t:|1775632683\n|switch|p2b: Incineroar|Incineroar, L50, M|100/100\n|-ability|p2b: Incineroar|Intimidate|boost\n|-unboost|p1a: Iron Hands|atk|1\n|-unboost|p1b: Farigiraf|atk|1\n|move|p1b: Farigiraf|Helping Hand|p1a: Iron Hands\n|-singleturn|p1a: Iron Hands|Helping Hand|[of] p1b: Farigiraf\n|move|p2a: Calyrex|Protect|p2a: Calyrex\n|-singleturn|p2a: Calyrex|Protect\n|move|p1a: Iron Hands|Drain Punch|p2b: Incineroar\n|-supereffective|p2b: Incineroar\n|-damage|p2b: Incineroar|41/100\n|-heal|p1a: Iron Hands|95/100|[from] drain|[of] p2b: Incineroar\n|\n|-heal|p2b: Incineroar|47/100|[from] Grassy Terrain\n|-heal|p1b: Farigiraf|58/100|[from] Grassy Terrain\n|-heal|p2a: Calyrex|88/100|[from] Grassy Terrain\n|-heal|p1a: Iron Hands|100/100|[from] Grassy Terrain\n|-heal|p2a: Calyrex|94/100|[from] item: Leftovers\n|-damage|p1b: Farigiraf|45/100|[from] Leech Seed|[of] p2a: Calyrex\n|-heal|p2a: Calyrex|100/100|[silent]\n|upkeep\n|turn|4\n|inactive|Zorse Mentality has 30 seconds left.\n|inactive|Zorse Mentality has 20 seconds left.\n|inactive|Zorse Mentality has 15 seconds left.\n|inactive|Zorse Mentality has 10 seconds left.\n|inactive|Zorse Mentality has 5 seconds left.\n|\n|t:|1775632736\n|-end|p1a: Iron Hands|Quark Drive|[silent]\n|switch|p1a: Miraidon|Miraidon, L50, tera:Fairy|95/100\n|-fieldstart|move: Electric Terrain|[from] ability: Hadron Engine|[of] p1a: Miraidon\n|move|p2b: Incineroar|Parting Shot|p1a: Miraidon\n|-unboost|p1a: Miraidon|atk|1\n|-unboost|p1a: Miraidon|spa|1\n|\n|t:|1775632742\n|switch|p2b: Rillaboom|Rillaboom, L50, M|10/100|[from] Parting Shot\n|-fieldstart|move: Grassy Terrain|[from] ability: Grassy Surge|[of] p2b: Rillaboom\n|move|p1b: Farigiraf|Foul Play|p2a: Calyrex\n|-supereffective|p2a: Calyrex\n|-damage|p2a: Calyrex|57/100\n|move|p2a: Calyrex|Glacial Lance|p1b: Farigiraf|[spread] p1a,p1b\n|-crit|p1b: Farigiraf\n|-damage|p1a: Miraidon|45/100\n|-damage|p1b: Farigiraf|0 fnt\n|faint|p1b: Farigiraf\n|-ability|p2a: Calyrex|Chilling Neigh|boost\n|-boost|p2a: Calyrex|atk|1\n|\n|-heal|p1a: Miraidon|52/100|[from] Grassy Terrain\n|-heal|p2b: Rillaboom|16/100|[from] Grassy Terrain\n|-heal|p2a: Calyrex|63/100|[from] Grassy Terrain\n|-heal|p2a: Calyrex|69/100|[from] item: Leftovers\n|upkeep\n|\n|t:|1775632758\n|switch|p1b: Iron Hands|Iron Hands, L50|100/100\n|turn|5\n|\n|t:|1775632774\n|switch|p2b: Incineroar|Incineroar, L50, M|47/100\n|-ability|p2b: Incineroar|Intimidate|boost\n|-unboost|p1a: Miraidon|atk|1\n|-unboost|p1b: Iron Hands|atk|1\n|move|p2a: Calyrex|Protect|p2a: Calyrex\n|-singleturn|p2a: Calyrex|Protect\n|move|p1b: Iron Hands|Fake Out|p2a: Calyrex\n|-activate|p2a: Calyrex|move: Protect\n|move|p1a: Miraidon|Volt Switch|p2b: Incineroar\n|-damage|p2b: Incineroar|20/100\n|\n|t:|1775632785\n|switch|p1a: Landorus|Landorus, L50, M|100/100|[from] Volt Switch\n|\n|-heal|p2b: Incineroar|26/100|[from] Grassy Terrain\n|-heal|p2a: Calyrex|75/100|[from] Grassy Terrain\n|-heal|p2a: Calyrex|81/100|[from] item: Leftovers\n|upkeep\n|turn|6\n|\n|t:|1775632797\n|switch|p1a: Miraidon|Miraidon, L50, tera:Fairy|52/100\n|-fieldstart|move: Electric Terrain|[from] ability: Hadron Engine|[of] p1a: Miraidon\n|-activate|p1b: Iron Hands|ability: Quark Drive\n|-start|p1b: Iron Hands|quarkdriveatk\n|move|p2b: Incineroar|Fake Out|p1a: Miraidon\n|-damage|p1a: Miraidon|41/100\n|move|p1b: Iron Hands|Drain Punch|p2b: Incineroar\n|-supereffective|p2b: Incineroar\n|-damage|p2b: Incineroar|0 fnt\n|faint|p2b: Incineroar\n|move|p2a: Calyrex|Leech Seed|p1b: Iron Hands\n|-start|p1b: Iron Hands|move: Leech Seed\n|\n|-heal|p2a: Calyrex|87/100|[from] item: Leftovers\n|-damage|p1b: Iron Hands|88/100|[from] Leech Seed|[of] p2a: Calyrex\n|-heal|p2a: Calyrex|100/100|[silent]\n|upkeep\n|\n|t:|1775632820\n|switch|p2b: Kyogre|Kyogre, L50|100/100\n|-weather|RainDance|[from] ability: Drizzle|[of] p2b: Kyogre\n|turn|7\n|inactive|Zorse Mentality has 30 seconds left.\n|\n|t:|1775632849\n|-terastallize|p2b: Kyogre|Water\n|move|p1b: Iron Hands|Fake Out||[still]\n|-hint|Fake Out only works on your first turn out.\n|-fail|p1b: Iron Hands\n|move|p2b: Kyogre|Water Spout|p1b: Iron Hands|[spread] p1a,p1b\n|-damage|p1a: Miraidon|0 fnt\n|-damage|p1b: Iron Hands|13/100\n|faint|p1a: Miraidon\n|move|p2a: Calyrex|Glacial Lance|p1b: Iron Hands\n|-damage|p1b: Iron Hands|0 fnt\n|faint|p1b: Iron Hands\n|-end|p1b: Iron Hands|Quark Drive|[silent]\n|-ability|p2a: Calyrex|Chilling Neigh|boost\n|-boost|p2a: Calyrex|atk|1\n|\n|-weather|RainDance|[upkeep]\n|upkeep\n|-message|meowmeow00 forfeited.\n|\n|win|Zorse Mentality\n|raw|meowmeow00's rating: 1463 &rarr; <strong>1447</strong><br />(-16 for losing)\n|raw|Zorse Mentality's rating: 1527 &rarr; <strong>1543</strong><br />(+16 for winning)\n|l|\u2606meowmeow00\n|player|p1|\n|l|\u2606Zorse Mentality\n|player|p2|\n","uploadtime":1775633006,"views":8,"formatid":"gen9vgc2026regi","rating":1447,"private":0,"password":null}