{"id":"gen9vgc2026regi-2532919939","format":"[Gen 9] VGC 2026 Reg I","players":["j0l0k0","AstralWisp9"],"log":"|j|\u2606j0l0k0\n|j|\u2606AstralWisp9\n|t:|1770236689\n|gametype|doubles\n|player|p1|j0l0k0|brycen|1523\n|player|p2|AstralWisp9|1|1569\n|gen|9\n|tier|[Gen 9] VGC 2026 Reg I\n|rated|\n|rule|Species Clause: Limit one of each Pok\u00e9mon\n|rule|Item Clause: Limit 1 of each item\n|clearpoke\n|poke|p1|Calyrex-Ice, L50|\n|poke|p1|Kyogre, L50|\n|poke|p1|Indeedee-F, L50, F|\n|poke|p1|Urshifu-*, L50, F|\n|poke|p1|Amoonguss, L50, F|\n|poke|p1|Landorus, L50, M|\n|poke|p2|Calyrex-Ice, L50|\n|poke|p2|Lunala, L50|\n|poke|p2|Smeargle, L50, M|\n|poke|p2|Urshifu-*, L50, M|\n|poke|p2|Torkoal, L50, M|\n|poke|p2|Indeedee-F, L50, F|\n|teampreview|4\n|inactive|Battle timer is ON: inactive players will automatically lose when time's up. (requested by j0l0k0)\n|\n|t:|1770236705\n|teamsize|p1|4\n|teamsize|p2|4\n|start\n|switch|p1a: Urshifu|Urshifu, L50, F|100/100\n|switch|p1b: Indeedee|Indeedee-F, L50, F, shiny|100/100\n|switch|p2a: Indeedee|Indeedee-F, L50, F|100/100\n|switch|p2b: Lunala|Lunala, L50|100/100\n|-fieldstart|move: Psychic Terrain|[from] ability: Psychic Surge|[of] p1b: Indeedee\n|turn|1\n|\n|t:|1770236729\n|switch|p2b: Urshifu|Urshifu, L50, M|100/100\n|-terastallize|p2a: Indeedee|Fairy\n|move|p1a: Urshifu|Wicked Blow|p2b: Urshifu\n|-resisted|p2b: Urshifu\n|-crit|p2b: Urshifu\n|-damage|p2b: Urshifu|86/100\n|move|p2a: Indeedee|Alluring Voice|p1a: Urshifu\n|-supereffective|p1a: Urshifu\n|-enditem|p1a: Urshifu|Focus Sash\n|-damage|p1a: Urshifu|1/100\n|move|p1b: Indeedee|Trick Room|p1b: Indeedee\n|-fieldstart|move: Trick Room|[of] p1b: Indeedee\n|\n|upkeep\n|turn|2\n|\n|t:|1770236744\n|move|p1b: Indeedee|Follow Me|p1b: Indeedee\n|-singleturn|p1b: Indeedee|move: Follow Me\n|move|p2a: Indeedee|Alluring Voice|p1b: Indeedee\n|-damage|p1b: Indeedee|78/100\n|move|p2b: Urshifu|Wicked Blow|p1b: Indeedee\n|-supereffective|p1b: Indeedee\n|-crit|p1b: Indeedee\n|-damage|p1b: Indeedee|0 fnt\n|faint|p1b: Indeedee\n|move|p1a: Urshifu|Close Combat|p2b: Urshifu\n|-supereffective|p2b: Urshifu\n|-damage|p2b: Urshifu|0 fnt\n|-unboost|p1a: Urshifu|def|1\n|-unboost|p1a: Urshifu|spd|1\n|faint|p2b: Urshifu\n|\n|upkeep\n|\n|t:|1770236760\n|switch|p2b: Calyrex|Calyrex-Ice, L50|100/100\n|switch|p1b: Calyrex|Calyrex-Ice, L50|100/100\n|-ability|p2b: Calyrex|As One\n|-ability|p2b: Calyrex|Unnerve\n|-ability|p1b: Calyrex|As One\n|-ability|p1b: Calyrex|Unnerve\n|turn|3\n|\n|t:|1770236773\n|move|p1a: Urshifu|Protect|p1a: Urshifu\n|-singleturn|p1a: Urshifu|Protect\n|move|p2b: Calyrex|Glacial Lance|p1b: Calyrex|[spread] p1b\n|-activate|p1a: Urshifu|move: Protect\n|-resisted|p1b: Calyrex\n|-damage|p1b: Calyrex|82/100\n|move|p1b: Calyrex|Crunch|p2b: Calyrex\n|-supereffective|p2b: Calyrex\n|-damage|p2b: Calyrex|53/100\n|move|p2a: Indeedee|Alluring Voice|p1b: Calyrex\n|-damage|p1b: Calyrex|63/100\n|\n|upkeep\n|turn|4\n|\n|t:|1770236797\n|move|p2b: Calyrex|Protect|p2b: Calyrex\n|-singleturn|p2b: Calyrex|Protect\n|move|p1a: Urshifu|Protect||[still]\n|-fail|p1a: Urshifu\n|move|p1b: Calyrex|Glacial Lance|p2a: Indeedee|[spread] p2a\n|-activate|p2b: Calyrex|move: Protect\n|-damage|p2a: Indeedee|41/100\n|move|p2a: Indeedee|Alluring Voice|p1a: Urshifu\n|-supereffective|p1a: Urshifu\n|-damage|p1a: Urshifu|0 fnt\n|faint|p1a: Urshifu\n|\n|upkeep\n|\n|t:|1770236808\n|switch|p1a: Kyogre|Kyogre, L50, shiny|100/100\n|-weather|RainDance|[from] ability: Drizzle|[of] p1a: Kyogre\n|turn|5\n|\n|t:|1770236824\n|switch|p2a: Lunala|Lunala, L50|100/100\n|move|p2b: Calyrex|Glacial Lance|p1b: Calyrex|[spread] p1a,p1b\n|-resisted|p1a: Kyogre\n|-resisted|p1b: Calyrex\n|-damage|p1a: Kyogre|74/100\n|-damage|p1b: Calyrex|45/100\n|move|p1b: Calyrex|Glacial Lance|p2a: Lunala|[spread] p2a,p2b\n|-resisted|p2b: Calyrex\n|-damage|p2a: Lunala|76/100\n|-damage|p2b: Calyrex|34/100\n|move|p1a: Kyogre|Water Spout|p2a: Lunala|[spread] p2a,p2b\n|-damage|p2a: Lunala|17/100\n|-damage|p2b: Calyrex|0 fnt\n|faint|p2b: Calyrex\n|\n|-weather|RainDance|[upkeep]\n|-fieldend|move: Trick Room\n|-fieldend|move: Psychic Terrain\n|upkeep\n|\n|t:|1770236826\n|switch|p2b: Indeedee|Indeedee-F, L50, F, tera:Fairy|41/100\n|-fieldstart|move: Psychic Terrain|[from] ability: Psychic Surge|[of] p2b: Indeedee\n|turn|6\n|j| riyuezi\n|\n|t:|1770236843\n|move|p2b: Indeedee|Helping Hand|p2a: Lunala\n|-singleturn|p2a: Lunala|Helping Hand|[of] p2b: Indeedee\n|move|p2a: Lunala|Expanding Force|p1a: Kyogre|[spread] p1a,p1b\n|-resisted|p1b: Calyrex\n|-damage|p1a: Kyogre|29/100\n|-damage|p1b: Calyrex|14/100\n|move|p1a: Kyogre|Thunder|p2a: Lunala\n|-damage|p2a: Lunala|0 fnt\n|faint|p2a: Lunala\n|move|p1b: Calyrex|Crunch|p2b: Indeedee\n|-resisted|p2b: Indeedee\n|-damage|p2b: Indeedee|23/100\n|\n|-weather|RainDance|[upkeep]\n|upkeep\n|turn|7\n|\n|t:|1770236857\n|move|p1a: Kyogre|Thunder|p2b: Indeedee\n|-damage|p2b: Indeedee|0 fnt\n|faint|p2b: Indeedee\n|\n|win|j0l0k0\n|raw|j0l0k0's rating: 1523 &rarr; <strong>1546</strong><br />(+23 for winning)\n|raw|AstralWisp9's rating: 1569 &rarr; <strong>1546</strong><br />(-23 for losing)\n|l|\u2606AstralWisp9\n|player|p2|\n|l|\u2606j0l0k0\n|player|p1|\n|l| riyuezi\n","uploadtime":1770237053,"views":28,"formatid":"gen9vgc2026regi","rating":1546,"private":0,"password":null}