{"id":"gen9vgc2026regi-2526758746","format":"[Gen 9] VGC 2026 Reg I","players":["fodw","i\u2764\u5a1c\u7984forever"],"log":"|j|\u2606fodw\n|j|\u2606i\u2764\u5a1c\u7984forever\n|t:|1769454865\n|gametype|doubles\n|player|p1|fodw|101|1239\n|player|p2|i\u2764\u5a1c\u7984forever|youngcouple-gen4dp|1297\n|gen|9\n|tier|[Gen 9] VGC 2026 Reg I\n|rated|\n|rule|Species Clause: Limit one of each Pok\u00e9mon\n|rule|Item Clause: Limit 1 of each item\n|clearpoke\n|poke|p1|Calyrex-Shadow, L50|\n|poke|p1|Amoonguss, L50, F|\n|poke|p1|Farigiraf, L50, F|\n|poke|p1|Incineroar, L50, M|\n|poke|p1|Hatterene, L50, F|\n|poke|p1|Groudon, L50|\n|poke|p2|Groudon, L50|\n|poke|p2|Kyurem-White, L50|\n|poke|p2|Brute Bonnet, L50|\n|poke|p2|Heatran, L50, M|\n|poke|p2|Whimsicott, L50, F|\n|poke|p2|Roaring Moon, L50|\n|teampreview|4\n|inactive|Battle timer is ON: inactive players will automatically lose when time's up. (requested by fodw)\n|inactive|fodw has 60 seconds left.\n|\n|t:|1769454902\n|teamsize|p1|4\n|teamsize|p2|4\n|start\n|switch|p1a: Calyrex|Calyrex-Shadow, L50|100/100\n|switch|p1b: Hatterene|Hatterene, L50, F|100/100\n|switch|p2a: Heatran|Heatran, L50, M|100/100\n|switch|p2b: Roaring Moon|Roaring Moon, L50|100/100\n|-ability|p1a: Calyrex|As One\n|-ability|p1a: Calyrex|Unnerve\n|turn|1\n|\n|t:|1769454920\n|-terastallize|p1a: Calyrex|Fairy\n|move|p2b: Roaring Moon|Knock Off|p1a: Calyrex\n|-resisted|p1a: Calyrex\n|-damage|p1a: Calyrex|70/100\n|-enditem|p1a: Calyrex|Life Orb|[from] move: Knock Off|[of] p2b: Roaring Moon\n|move|p1a: Calyrex|Draining Kiss|p2b: Roaring Moon\n|-supereffective|p2b: Roaring Moon\n|-damage|p2b: Roaring Moon|0 fnt\n|-heal|p1a: Calyrex|100/100|[from] drain|[of] p2b: Roaring Moon\n|faint|p2b: Roaring Moon\n|-end|p2b: Roaring Moon|Protosynthesis|[silent]\n|-ability|p1a: Calyrex|Grim Neigh|boost\n|-boost|p1a: Calyrex|spa|1\n|move|p2a: Heatran|Substitute|p2a: Heatran\n|-start|p2a: Heatran|Substitute\n|-damage|p2a: Heatran|76/100\n|move|p1b: Hatterene|Trick Room|p1b: Hatterene\n|-fieldstart|move: Trick Room|[of] p1b: Hatterene\n|\n|-heal|p2a: Heatran|82/100|[from] item: Leftovers\n|upkeep\n|\n|t:|1769454939\n|switch|p2b: Groudon|Groudon, L50|100/100\n|-weather|SunnyDay|[from] ability: Drought|[of] p2b: Groudon\n|turn|2\n|\n|t:|1769454945\n|move|p1b: Hatterene|After You|p1a: Calyrex\n|-activate|p1a: Calyrex|move: After You\n|move|p1a: Calyrex|Astral Barrage|p2b: Groudon|[spread] p2a,p2b\n|-end|p2a: Heatran|Substitute\n|-damage|p2b: Groudon|50/100\n|move|p2a: Heatran|Heat Wave|p1a: Calyrex|[spread] p1a,p1b\n|-damage|p1a: Calyrex|51/100\n|-damage|p1b: Hatterene|38/100\n|-status|p1b: Hatterene|brn\n|move|p2b: Groudon|Precipice Blades|p1a: Calyrex|[spread] p1a,p1b\n|-damage|p1a: Calyrex|0 fnt\n|-damage|p1b: Hatterene|0 fnt\n|faint|p1a: Calyrex\n|faint|p1b: Hatterene\n|\n|-weather|SunnyDay|[upkeep]\n|-heal|p2a: Heatran|88/100|[from] item: Leftovers\n|upkeep\n|\n|t:|1769454958\n|switch|p1b: Groudon|Groudon, L50|100/100\n|switch|p1a: Amoonguss|Amoonguss, L50, F|100/100\n|turn|3\n|\n|t:|1769454975\n|-terastallize|p2a: Heatran|Fire\n|move|p1a: Amoonguss|Spore|p2b: Groudon\n|-status|p2b: Groudon|slp|[from] move: Spore\n|move|p1b: Groudon|Precipice Blades|p2a: Heatran|[spread] p2a,p2b\n|-supereffective|p2a: Heatran\n|-damage|p2a: Heatran|0 fnt\n|-damage|p2b: Groudon|15/100 slp\n|faint|p2a: Heatran\n|cant|p2b: Groudon|slp\n|\n|-weather|SunnyDay|[upkeep]\n|upkeep\n|\n|t:|1769454986\n|switch|p2a: Kyurem|Kyurem-White, L50|100/100\n|-ability|p2a: Kyurem|Turboblaze\n|turn|4\n|\n|t:|1769454992\n|move|p1a: Amoonguss|Spore|p2a: Kyurem\n|-status|p2a: Kyurem|slp|[from] move: Spore\n|move|p1b: Groudon|Precipice Blades|p2a: Kyurem|[spread] p2a,p2b\n|-damage|p2a: Kyurem|54/100 slp\n|-damage|p2b: Groudon|0 fnt\n|faint|p2b: Groudon\n|cant|p2a: Kyurem|slp\n|\n|-weather|SunnyDay|[upkeep]\n|upkeep\n|turn|5\n|\n|t:|1769455010\n|move|p1a: Amoonguss|Rage Powder|p1a: Amoonguss\n|-singleturn|p1a: Amoonguss|move: Rage Powder\n|move|p1b: Groudon|Hammer Arm|p2a: Kyurem\n|-supereffective|p2a: Kyurem\n|-damage|p2a: Kyurem|0 fnt\n|-unboost|p1b: Groudon|spe|1\n|faint|p2a: Kyurem\n|\n|win|fodw\n|raw|fodw's rating: 1239 &rarr; <strong>1268</strong><br />(+29 for winning)\n|raw|i\u2764\u5a1c\u7984forever's rating: 1297 &rarr; <strong>1268</strong><br />(-29 for losing)\n|l|\u2606fodw\n|player|p1|\n|l|\u2606i\u2764\u5a1c\u7984forever\n|player|p2|\n","uploadtime":1769455228,"views":11,"formatid":"gen9vgc2026regi","rating":1268,"private":0,"password":null}