{"id":"gen9vgc2026regi-2527870155","format":"[Gen 9] VGC 2026 Reg I","players":["Schimmli","dasabe\u76d6\u6b27\u5361\u4fa0"],"log":"|j|\u2606Schimmli\n|j|\u2606dasabe\u76d6\u6b27\u5361\u4fa0\n|t:|1769592241\n|gametype|doubles\n|player|p1|Schimmli|170|1505\n|player|p2|dasabe\u76d6\u6b27\u5361\u4fa0|may-masters4|1679\n|gen|9\n|tier|[Gen 9] VGC 2026 Reg I\n|rated|\n|rule|Species Clause: Limit one of each Pok\u00e9mon\n|rule|Item Clause: Limit 1 of each item\n|clearpoke\n|poke|p1|Terapagos, L50, M|\n|poke|p1|Calyrex-Shadow, L50|\n|poke|p1|Flutter Mane, L50|\n|poke|p1|Ogerpon-Cornerstone, L50, F|\n|poke|p1|Incineroar, L50, M|\n|poke|p1|Rillaboom, L50, M|\n|poke|p2|Kyogre, L50|\n|poke|p2|Miraidon, L50|\n|poke|p2|Whimsicott, L50, F|\n|poke|p2|Iron Hands, L50|\n|poke|p2|Farigiraf, L50, F|\n|poke|p2|Urshifu-*, L50, M|\n|teampreview|4\n|\n|t:|1769592253\n|teamsize|p1|4\n|teamsize|p2|4\n|start\n|switch|p1a: Terapagos|Terapagos, L50, M|100/100\n|switch|p1b: Rillaboom|Rillaboom, L50, M|100/100\n|switch|p2a: \u5996\u820d\u7cbe\u62c9|Whimsicott, L50, F, shiny|100/100\n|switch|p2b: \u6210\u90fd\u8001\u76d6|Kyogre, L50, shiny|100/100\n|-activate|p1a: Terapagos|ability: Tera Shift\n|detailschange|p1a: Terapagos|Terapagos-Terastal, L50, M\n|-heal|p1a: Terapagos|100/100|[silent]\n|-weather|RainDance|[from] ability: Drizzle|[of] p2b: \u6210\u90fd\u8001\u76d6\n|-fieldstart|move: Grassy Terrain|[from] ability: Grassy Surge|[of] p1b: Rillaboom\n|turn|1\n|j| Pixelplayer39\n|\n|t:|1769592274\n|move|p1b: Rillaboom|Grassy Glide|p2b: \u6210\u90fd\u8001\u76d6\n|-supereffective|p2b: \u6210\u90fd\u8001\u76d6\n|-damage|p2b: \u6210\u90fd\u8001\u76d6|22/100\n|move|p2a: \u5996\u820d\u7cbe\u62c9|Endeavor|p1a: Terapagos\n|-damage|p1a: Terapagos|63/100\n|move|p2b: \u6210\u90fd\u8001\u76d6|Origin Pulse|p1a: Terapagos|[spread] p1b\n|-miss|p2b: \u6210\u90fd\u8001\u76d6|p1a: Terapagos\n|-resisted|p1b: Rillaboom\n|-damage|p1b: Rillaboom|69/100\n|move|p1a: Terapagos|Tera Starstorm|p2a: \u5996\u820d\u7cbe\u62c9\n|-damage|p2a: \u5996\u820d\u7cbe\u62c9|10/100\n|\n|-weather|RainDance|[upkeep]\n|-heal|p2a: \u5996\u820d\u7cbe\u62c9|15/100|[from] Grassy Terrain\n|-heal|p2b: \u6210\u90fd\u8001\u76d6|27/100|[from] Grassy Terrain\n|-heal|p1a: Terapagos|69/100|[from] Grassy Terrain\n|-heal|p1a: Terapagos|75/100|[from] item: Leftovers\n|-heal|p1b: Rillaboom|74/100|[from] Grassy Terrain\n|upkeep\n|turn|2\n|\n|t:|1769592301\n|switch|p2a: \u5c0f\u5934\u63a7\u5927\u5934|Farigiraf, L50, F, shiny|100/100\n|move|p1b: Rillaboom|Grassy Glide||[still]\n|cant|p2a: \u5c0f\u5934\u63a7\u5927\u5934|ability: Armor Tail|Grassy Glide|[of] p1b: Rillaboom\n|move|p2b: \u6210\u90fd\u8001\u76d6|Origin Pulse|p1a: Terapagos|[spread] p1a,p1b\n|-resisted|p1b: Rillaboom\n|-damage|p1a: Terapagos|0 fnt\n|-damage|p1b: Rillaboom|38/100\n|faint|p1a: Terapagos\n|\n|-weather|RainDance|[upkeep]\n|-heal|p2b: \u6210\u90fd\u8001\u76d6|33/100|[from] Grassy Terrain\n|-heal|p1b: Rillaboom|43/100|[from] Grassy Terrain\n|upkeep\n|\n|t:|1769592309\n|switch|p1a: Calyrex|Calyrex-Shadow, L50|100/100\n|-ability|p1a: Calyrex|As One\n|-ability|p1a: Calyrex|Unnerve\n|turn|3\n|\n|t:|1769592320\n|switch|p2b: \u5996\u820d\u7cbe\u62c9|Whimsicott, L50, F, shiny|15/100\n|move|p1a: Calyrex|Astral Barrage|p2b: \u5996\u820d\u7cbe\u62c9|[spread] p2b\n|-immune|p2a: \u5c0f\u5934\u63a7\u5927\u5934\n|-damage|p2b: \u5996\u820d\u7cbe\u62c9|0 fnt\n|faint|p2b: \u5996\u820d\u7cbe\u62c9\n|-ability|p1a: Calyrex|Grim Neigh|boost\n|-boost|p1a: Calyrex|spa|1\n|move|p1b: Rillaboom|Wood Hammer|p2a: \u5c0f\u5934\u63a7\u5927\u5934\n|-damage|p2a: \u5c0f\u5934\u63a7\u5927\u5934|38/100\n|-damage|p1b: Rillaboom|21/100|[from] Recoil\n|move|p2a: \u5c0f\u5934\u63a7\u5927\u5934|Trick Room|p2a: \u5c0f\u5934\u63a7\u5927\u5934\n|-fieldstart|move: Trick Room|[of] p2a: \u5c0f\u5934\u63a7\u5927\u5934\n|\n|-weather|RainDance|[upkeep]\n|-heal|p2a: \u5c0f\u5934\u63a7\u5927\u5934|43/100|[from] Grassy Terrain\n|-heal|p1b: Rillaboom|27/100|[from] Grassy Terrain\n|upkeep\n|\n|t:|1769592324\n|switch|p2b: \u94f6\u91d1\u5996\u86c7|Miraidon, L50, shiny|100/100\n|-fieldstart|move: Electric Terrain|[from] ability: Hadron Engine|[of] p2b: \u94f6\u91d1\u5996\u86c7\n|-enditem|p2a: \u5c0f\u5934\u63a7\u5927\u5934|Electric Seed\n|-boost|p2a: \u5c0f\u5934\u63a7\u5927\u5934|def|1|[from] item: Electric Seed\n|turn|4\n|\n|t:|1769592344\n|-terastallize|p2b: \u94f6\u91d1\u5996\u86c7|Fairy\n|move|p1a: Calyrex|Protect|p1a: Calyrex\n|-singleturn|p1a: Calyrex|Protect\n|move|p2a: \u5c0f\u5934\u63a7\u5927\u5934|Psychic|p1a: Calyrex\n|-activate|p1a: Calyrex|move: Protect\n|move|p1b: Rillaboom|U-turn|p2a: \u5c0f\u5934\u63a7\u5927\u5934\n|-supereffective|p2a: \u5c0f\u5934\u63a7\u5927\u5934\n|-damage|p2a: \u5c0f\u5934\u63a7\u5927\u5934|17/100\n|\n|t:|1769592351\n|switch|p1b: Incineroar|Incineroar, L50, M, shiny|100/100|[from] U-turn\n|-ability|p1b: Incineroar|Intimidate|boost\n|-unboost|p2a: \u5c0f\u5934\u63a7\u5927\u5934|atk|1\n|-unboost|p2b: \u94f6\u91d1\u5996\u86c7|atk|1\n|move|p2b: \u94f6\u91d1\u5996\u86c7|Dazzling Gleam|p1b: Incineroar|[spread] p1b\n|-activate|p1a: Calyrex|move: Protect\n|-damage|p1b: Incineroar|48/100\n|-damage|p2b: \u94f6\u91d1\u5996\u86c7|91/100|[from] item: Life Orb\n|\n|-weather|RainDance|[upkeep]\n|upkeep\n|turn|5\n|\n|t:|1769592363\n|switch|p1a: Rillaboom|Rillaboom, L50, M|27/100\n|-fieldstart|move: Grassy Terrain|[from] ability: Grassy Surge|[of] p1a: Rillaboom\n|move|p1b: Incineroar|Knock Off|p2a: \u5c0f\u5934\u63a7\u5927\u5934\n|-supereffective|p2a: \u5c0f\u5934\u63a7\u5927\u5934\n|-damage|p2a: \u5c0f\u5934\u63a7\u5927\u5934|0 fnt\n|faint|p2a: \u5c0f\u5934\u63a7\u5927\u5934\n|move|p2b: \u94f6\u91d1\u5996\u86c7|Electro Drift|p1a: Rillaboom\n|-resisted|p1a: Rillaboom\n|-damage|p1a: Rillaboom|6/100\n|-damage|p2b: \u94f6\u91d1\u5996\u86c7|81/100|[from] item: Life Orb\n|\n|-weather|none\n|-heal|p1b: Incineroar|53/100|[from] Grassy Terrain\n|-heal|p1a: Rillaboom|12/100|[from] Grassy Terrain\n|-heal|p2b: \u94f6\u91d1\u5996\u86c7|86/100|[from] Grassy Terrain\n|upkeep\n|\n|t:|1769592369\n|switch|p2a: \u6210\u90fd\u8001\u76d6|Kyogre, L50, shiny|33/100\n|-weather|RainDance|[from] ability: Drizzle|[of] p2a: \u6210\u90fd\u8001\u76d6\n|turn|6\n|\n|t:|1769592388\n|move|p1a: Rillaboom|Fake Out|p2b: \u94f6\u91d1\u5996\u86c7\n|-damage|p2b: \u94f6\u91d1\u5996\u86c7|74/100\n|move|p1b: Incineroar|Knock Off|p2a: \u6210\u90fd\u8001\u76d6\n|-damage|p2a: \u6210\u90fd\u8001\u76d6|0 fnt\n|-enditem|p2a: \u6210\u90fd\u8001\u76d6|Choice Specs|[from] move: Knock Off|[of] p1b: Incineroar\n|faint|p2a: \u6210\u90fd\u8001\u76d6\n|cant|p2b: \u94f6\u91d1\u5996\u86c7|flinch\n|\n|-weather|RainDance|[upkeep]\n|-heal|p1b: Incineroar|59/100|[from] Grassy Terrain\n|-heal|p1a: Rillaboom|17/100|[from] Grassy Terrain\n|-heal|p2b: \u94f6\u91d1\u5996\u86c7|80/100|[from] Grassy Terrain\n|upkeep\n|turn|7\n|-message|dasabe\u76d6\u6b27\u5361\u4fa0 forfeited.\n|\n|win|Schimmli\n|raw|Schimmli's rating: 1505 &rarr; <strong>1534</strong><br />(+29 for winning)\n|raw|dasabe\u76d6\u6b27\u5361\u4fa0's rating: 1679 &rarr; <strong>1650</strong><br />(-29 for losing)\n|l|\u2606dasabe\u76d6\u6b27\u5361\u4fa0\n|player|p2|\n|l|\u2606Schimmli\n|player|p1|\n","uploadtime":1769592606,"views":66,"formatid":"gen9vgc2026regi","rating":1534,"private":0,"password":null}