{"id":"gen9vgc2026regi-2563188091","format":"[Gen 9] VGC 2026 Reg I","players":["Jonen","B-Schnizzle"],"log":"|j|\u2606Jonen\n|j|\u2606B-Schnizzle\n|t:|1774000514\n|gametype|doubles\n|player|p1|Jonen|medium|1356\n|player|p2|B-Schnizzle|brycen|1431\n|gen|9\n|tier|[Gen 9] VGC 2026 Reg I\n|rated|\n|rule|Species Clause: Limit one of each Pok\u00e9mon\n|rule|Item Clause: Limit 1 of each item\n|clearpoke\n|poke|p1|Groudon, L50|\n|poke|p1|Lunala, L50|\n|poke|p1|Sableye, L50, F|\n|poke|p1|Chi-Yu, L50|\n|poke|p1|Rillaboom, L50, M|\n|poke|p1|Jumpluff, L50, M|\n|poke|p2|Miraidon, L50|\n|poke|p2|Calyrex-Ice, L50|\n|poke|p2|Grimmsnarl, L50, M|\n|poke|p2|Incineroar, L50, M|\n|poke|p2|Landorus, L50, M|\n|poke|p2|Raichu-Alola, L50, M|\n|teampreview|4\n|\n|t:|1774000532\n|teamsize|p1|4\n|teamsize|p2|4\n|start\n|switch|p1a: Groudon|Groudon, L50|100/100\n|switch|p1b: Jumpluff|Jumpluff, L50, M|100/100\n|switch|p2a: Incineroar|Incineroar, L50, M, shiny|100/100\n|switch|p2b: Basilisk|Miraidon, L50, shiny|100/100\n|-fieldstart|move: Electric Terrain|[from] ability: Hadron Engine|[of] p2b: Basilisk\n|-weather|SunnyDay|[from] ability: Drought|[of] p1a: Groudon\n|-ability|p2a: Incineroar|Intimidate|boost\n|-unboost|p1a: Groudon|atk|1\n|-unboost|p1b: Jumpluff|atk|1\n|turn|1\n|\n|t:|1774000548\n|move|p1a: Groudon|Protect|p1a: Groudon\n|-singleturn|p1a: Groudon|Protect\n|move|p2a: Incineroar|Fake Out|p1a: Groudon\n|-activate|p1a: Groudon|move: Protect\n|move|p1b: Jumpluff|Tailwind|p1b: Jumpluff\n|-sidestart|p1: Jonen|move: Tailwind\n|move|p2b: Basilisk|Volt Switch|p1b: Jumpluff\n|-damage|p1b: Jumpluff|24/100\n|\n|t:|1774000559\n|switch|p2b: Scary Terry|Grimmsnarl, L50, M, shiny|100/100|[from] Volt Switch\n|\n|-weather|SunnyDay|[upkeep]\n|upkeep\n|turn|2\n|\n|t:|1774000565\n|move|p2b: Scary Terry|Reflect|p2b: Scary Terry\n|-sidestart|p2: B-Schnizzle|Reflect\n|move|p1b: Jumpluff|Encore|p2a: Incineroar\n|-start|p2a: Incineroar|Encore\n|move|p1a: Groudon|Precipice Blades|p2a: Incineroar|[spread] p2b\n|-miss|p1a: Groudon|p2a: Incineroar\n|-damage|p2b: Scary Terry|65/100\n|-damage|p1a: Groudon|91/100|[from] item: Life Orb\n|move|p2a: Incineroar|Fake Out||[still]\n|-hint|Fake Out only works on your first turn out.\n|-fail|p2a: Incineroar\n|\n|-weather|SunnyDay|[upkeep]\n|upkeep\n|turn|3\n|\n|t:|1774000587\n|switch|p1b: Lunala|Lunala, L50|100/100\n|switch|p2a: White Caviar|Calyrex-Ice, L50|100/100\n|-ability|p2a: White Caviar|As One\n|-ability|p2a: White Caviar|Unnerve\n|-enditem|p2a: White Caviar|Electric Seed\n|-boost|p2a: White Caviar|def|1|[from] item: Electric Seed\n|move|p2b: Scary Terry|Scary Face|p1a: Groudon\n|-unboost|p1a: Groudon|spe|2\n|move|p1a: Groudon|Substitute|p1a: Groudon\n|-start|p1a: Groudon|Substitute\n|-damage|p1a: Groudon|66/100\n|\n|-weather|SunnyDay|[upkeep]\n|upkeep\n|turn|4\n|\n|t:|1774000609\n|switch|p2b: Incineroar|Incineroar, L50, M, shiny|100/100\n|-ability|p2b: Incineroar|Intimidate|boost\n|-immune|p1a: Groudon\n|-unboost|p1b: Lunala|atk|1\n|-terastallize|p2a: White Caviar|Water\n|move|p1b: Lunala|Meteor Beam||[still]\n|-prepare|p1b: Lunala|Meteor Beam\n|-boost|p1b: Lunala|spa|1\n|-enditem|p1b: Lunala|Power Herb\n|-anim|p1b: Lunala|Meteor Beam|p2a: White Caviar\n|-damage|p2a: White Caviar|62/100\n|move|p1a: Groudon|Precipice Blades|p2b: Incineroar|[spread] p2a,p2b\n|-supereffective|p2b: Incineroar\n|-damage|p2a: White Caviar|47/100\n|-damage|p2b: Incineroar|40/100\n|-damage|p1a: Groudon|56/100|[from] item: Life Orb\n|move|p2a: White Caviar|Swords Dance|p2a: White Caviar\n|-boost|p2a: White Caviar|atk|2\n|\n|-weather|SunnyDay|[upkeep]\n|-sideend|p1: Jonen|move: Tailwind\n|upkeep\n|turn|5\n|\n|t:|1774000629\n|move|p1b: Lunala|Moongeist Beam|p2a: White Caviar\n|-damage|p2a: White Caviar|3/100\n|move|p2b: Incineroar|Knock Off|p1b: Lunala\n|-supereffective|p1b: Lunala\n|-damage|p1b: Lunala|51/100\n|move|p1a: Groudon|Precipice Blades|p2a: White Caviar|[spread] p2a,p2b\n|-crit|p2a: White Caviar\n|-supereffective|p2b: Incineroar\n|-damage|p2a: White Caviar|0 fnt\n|-damage|p2b: Incineroar|0 fnt\n|faint|p2a: White Caviar\n|faint|p2b: Incineroar\n|-damage|p1a: Groudon|47/100|[from] item: Life Orb\n|\n|-weather|none\n|-fieldend|move: Electric Terrain\n|upkeep\n|\n|t:|1774000638\n|switch|p2b: Scary Terry|Grimmsnarl, L50, M, shiny|65/100\n|switch|p2a: Basilisk|Miraidon, L50, shiny|100/100\n|-fieldstart|move: Electric Terrain|[from] ability: Hadron Engine|[of] p2a: Basilisk\n|turn|6\n|\n|t:|1774000646\n|move|p1b: Lunala|Protect|p1b: Lunala\n|-singleturn|p1b: Lunala|Protect\n|move|p2b: Scary Terry|Fake Out|p1a: Groudon\n|-activate|p1a: Groudon|move: Substitute|[damage]\n|move|p2a: Basilisk|Snarl|p1a: Groudon|[spread] p1a\n|-activate|p1b: Lunala|move: Protect\n|-damage|p1a: Groudon|24/100\n|-unboost|p1a: Groudon|spa|1\n|move|p1a: Groudon|Precipice Blades|p2a: Basilisk|[spread] p2a,p2b\n|-supereffective|p2a: Basilisk\n|-damage|p2a: Basilisk|41/100\n|-damage|p2b: Scary Terry|29/100\n|-damage|p1a: Groudon|14/100|[from] item: Life Orb\n|\n|upkeep\n|turn|7\n|-message|B-Schnizzle forfeited.\n|\n|win|Jonen\n|raw|Jonen's rating: 1356 &rarr; <strong>1380</strong><br />(+24 for winning)\n|raw|B-Schnizzle's rating: 1431 &rarr; <strong>1407</strong><br />(-24 for losing)\n|l|\u2606B-Schnizzle\n|player|p2|\n|l|\u2606Jonen\n|player|p1|\n","uploadtime":1774000656,"views":10,"formatid":"gen9vgc2026regi","rating":1380,"private":0,"password":null}