{"id":"gen9vgc2026regi-2560087732","format":"[Gen 9] VGC 2026 Reg I","players":["soten soten","navinsachump"],"log":"|j|\u2606soten soten\n|j|\u2606navinsachump\n|t:|1773649658\n|gametype|doubles\n|player|p1|soten soten|hilbert|1528\n|player|p2|navinsachump|102|1412\n|gen|9\n|tier|[Gen 9] VGC 2026 Reg I\n|rated|\n|rule|Species Clause: Limit one of each Pok\u00e9mon\n|rule|Item Clause: Limit 1 of each item\n|clearpoke\n|poke|p1|Ho-Oh, L50|\n|poke|p1|Eternatus, L50|\n|poke|p1|Incineroar, L50, M|\n|poke|p1|Rillaboom, L50, M|\n|poke|p1|Toxapex, L50, F|\n|poke|p1|Ting-Lu, L50|\n|poke|p2|Miraidon, L50|\n|poke|p2|Incineroar, L50, M|\n|poke|p2|Whimsicott, L50, M|\n|poke|p2|Urshifu-*, L50, F|\n|poke|p2|Lunala, L50|\n|poke|p2|Ursaluna, L50, M|\n|teampreview|4\n|inactive|Battle timer is ON: inactive players will automatically lose when time's up. (requested by soten soten)\n|inactive|navinsachump has 60 seconds left.\n|\n|t:|1773649694\n|teamsize|p1|4\n|teamsize|p2|4\n|start\n|switch|p1a: Eternatus|Eternatus, L50|100/100\n|switch|p1b: Rillaboom|Rillaboom, L50, M|100/100\n|switch|p2a: Miraidon|Miraidon, L50|100/100\n|switch|p2b: Whimsicott|Whimsicott, L50, M|100/100\n|-fieldstart|move: Electric Terrain|[from] ability: Hadron Engine|[of] p2a: Miraidon\n|-ability|p1a: Eternatus|Pressure\n|-fieldstart|move: Grassy Terrain|[from] ability: Grassy Surge|[of] p1b: Rillaboom\n|turn|1\n|\n|t:|1773649713\n|move|p1a: Eternatus|Protect|p1a: Eternatus\n|-singleturn|p1a: Eternatus|Protect\n|move|p2b: Whimsicott|Light Screen|p2b: Whimsicott\n|-sidestart|p2: navinsachump|move: Light Screen\n|move|p2a: Miraidon|Volt Switch|p1a: Eternatus\n|-activate|p1a: Eternatus|move: Protect\n|move|p1b: Rillaboom|U-turn|p2a: Miraidon\n|-damage|p2a: Miraidon|82/100\n|\n|t:|1773649718\n|switch|p1b: Ho-Oh|Ho-Oh, L50|100/100|[from] U-turn\n|\n|-heal|p2a: Miraidon|88/100|[from] Grassy Terrain\n|upkeep\n|turn|2\n|\n|t:|1773649728\n|switch|p1a: Incineroar|Incineroar, L50, M|100/100\n|-ability|p1a: Incineroar|Intimidate|boost\n|-unboost|p2a: Miraidon|atk|1\n|-unboost|p2b: Whimsicott|atk|1\n|move|p2b: Whimsicott|Encore|p1a: Incineroar\n|-hint|Since gen 7, Dark is immune to Prankster moves.\n|-immune|p1a: Incineroar\n|move|p2a: Miraidon|Volt Switch|p1b: Ho-Oh\n|-supereffective|p1b: Ho-Oh\n|-crit|p1b: Ho-Oh\n|-damage|p1b: Ho-Oh|2/100\n|\n|t:|1773649735\n|switch|p2a: Urshifu|Urshifu-Rapid-Strike, L50, F|100/100|[from] Volt Switch\n|move|p1b: Ho-Oh|Sacred Fire|p2a: Urshifu\n|-resisted|p2a: Urshifu\n|-damage|p2a: Urshifu|75/100\n|-status|p2a: Urshifu|brn\n|\n|-heal|p2a: Urshifu|81/100 brn|[from] Grassy Terrain\n|-damage|p2a: Urshifu|75/100 brn|[from] brn\n|upkeep\n|turn|3\n|\n|t:|1773649752\n|switch|p1b: Eternatus|Eternatus, L50|100/100\n|-ability|p1b: Eternatus|Pressure\n|move|p2b: Whimsicott|Moonblast|p1b: Eternatus\n|-damage|p1b: Eternatus|81/100\n|move|p2a: Urshifu|Surging Strikes|p1a: Incineroar\n|-supereffective|p1a: Incineroar\n|-crit|p1a: Incineroar\n|-damage|p1a: Incineroar|69/100\n|-supereffective|p1a: Incineroar\n|-crit|p1a: Incineroar\n|-damage|p1a: Incineroar|39/100\n|-enditem|p1a: Incineroar|Sitrus Berry|[eat]\n|-heal|p1a: Incineroar|64/100|[from] item: Sitrus Berry\n|-supereffective|p1a: Incineroar\n|-crit|p1a: Incineroar\n|-damage|p1a: Incineroar|36/100\n|-hitcount|p1a: Incineroar|3\n|move|p1a: Incineroar|Parting Shot|p2b: Whimsicott\n|-unboost|p2b: Whimsicott|atk|1\n|-unboost|p2b: Whimsicott|spa|1\n|\n|t:|1773649765\n|switch|p1a: Ho-Oh|Ho-Oh, L50|35/100|[from] Parting Shot\n|\n|-heal|p1b: Eternatus|87/100|[from] Grassy Terrain\n|-heal|p1b: Eternatus|93/100|[from] item: Black Sludge\n|-heal|p2a: Urshifu|81/100 brn|[from] Grassy Terrain\n|-damage|p2a: Urshifu|75/100 brn|[from] brn\n|upkeep\n|turn|4\n|\n|t:|1773649777\n|switch|p1a: Rillaboom|Rillaboom, L50, M|100/100\n|move|p2b: Whimsicott|Tailwind|p2b: Whimsicott\n|-sidestart|p2: navinsachump|move: Tailwind\n|move|p2a: Urshifu|Surging Strikes|p1a: Rillaboom\n|-resisted|p1a: Rillaboom\n|-crit|p1a: Rillaboom\n|-damage|p1a: Rillaboom|93/100\n|-resisted|p1a: Rillaboom\n|-crit|p1a: Rillaboom\n|-damage|p1a: Rillaboom|86/100\n|-resisted|p1a: Rillaboom\n|-crit|p1a: Rillaboom\n|-damage|p1a: Rillaboom|79/100\n|-hitcount|p1a: Rillaboom|3\n|move|p1b: Eternatus|Dynamax Cannon|p2a: Urshifu\n|-damage|p2a: Urshifu|35/100 brn\n|\n|-heal|p2a: Urshifu|41/100 brn|[from] Grassy Terrain\n|-heal|p1b: Eternatus|99/100|[from] Grassy Terrain\n|-heal|p1b: Eternatus|100/100|[from] item: Black Sludge\n|-heal|p1a: Rillaboom|85/100|[from] Grassy Terrain\n|-damage|p2a: Urshifu|35/100 brn|[from] brn\n|upkeep\n|turn|5\n|\n|t:|1773649791\n|switch|p2a: Miraidon|Miraidon, L50|88/100\n|-fieldstart|move: Electric Terrain|[from] ability: Hadron Engine|[of] p2a: Miraidon\n|move|p2b: Whimsicott|Moonblast|p1b: Eternatus\n|-damage|p1b: Eternatus|88/100\n|move|p1b: Eternatus|Toxic|p2b: Whimsicott\n|-status|p2b: Whimsicott|tox\n|move|p1a: Rillaboom|U-turn|p2a: Miraidon\n|-damage|p2a: Miraidon|69/100\n|\n|t:|1773649794\n|switch|p1a: Incineroar|Incineroar, L50, M|36/100|[from] U-turn\n|-ability|p1a: Incineroar|Intimidate|boost\n|-unboost|p2a: Miraidon|atk|1\n|-unboost|p2b: Whimsicott|atk|1\n|\n|-heal|p1b: Eternatus|94/100|[from] item: Black Sludge\n|-damage|p2b: Whimsicott|94/100 tox|[from] psn\n|-sideend|p2: navinsachump|move: Light Screen\n|upkeep\n|turn|6\n|\n|t:|1773649813\n|switch|p2a: Urshifu|Urshifu-Rapid-Strike, L50, F|35/100 brn\n|switch|p1a: Rillaboom|Rillaboom, L50, M|85/100\n|-fieldstart|move: Grassy Terrain|[from] ability: Grassy Surge|[of] p1a: Rillaboom\n|-terastallize|p1b: Eternatus|Poison\n|move|p2b: Whimsicott|Encore|p1b: Eternatus\n|-start|p1b: Eternatus|Encore\n|move|p1b: Eternatus|Toxic||[still]\n|-fail|p1b: Eternatus\n|\n|-heal|p2b: Whimsicott|100/100 tox|[from] Grassy Terrain\n|-heal|p2a: Urshifu|41/100 brn|[from] Grassy Terrain\n|-heal|p1b: Eternatus|100/100|[from] Grassy Terrain\n|-heal|p1a: Rillaboom|91/100|[from] Grassy Terrain\n|-damage|p2b: Whimsicott|88/100 tox|[from] psn\n|-damage|p2a: Urshifu|35/100 brn|[from] brn\n|upkeep\n|turn|7\n|inactive|navinsachump has 30 seconds left.\n|\n|t:|1773649842\n|switch|p1b: Ho-Oh|Ho-Oh, L50|69/100\n|move|p2b: Whimsicott|Moonblast|p1b: Ho-Oh\n|-resisted|p1b: Ho-Oh\n|-damage|p1b: Ho-Oh|63/100\n|move|p2a: Urshifu|Surging Strikes|p1b: Ho-Oh\n|-supereffective|p1b: Ho-Oh\n|-crit|p1b: Ho-Oh\n|-damage|p1b: Ho-Oh|39/100\n|-damage|p2a: Urshifu|18/100 brn|[from] item: Rocky Helmet|[of] p1b: Ho-Oh\n|-supereffective|p1b: Ho-Oh\n|-crit|p1b: Ho-Oh\n|-damage|p1b: Ho-Oh|16/100\n|-damage|p2a: Urshifu|2/100 brn|[from] item: Rocky Helmet|[of] p1b: Ho-Oh\n|-supereffective|p1b: Ho-Oh\n|-crit|p1b: Ho-Oh\n|-damage|p1b: Ho-Oh|0 fnt\n|-damage|p2a: Urshifu|0 fnt|[from] item: Rocky Helmet|[of] p1b: Ho-Oh\n|faint|p1b: Ho-Oh\n|faint|p2a: Urshifu\n|-hitcount|p1: Ho-Oh|3\n|move|p1a: Rillaboom|U-turn|p2b: Whimsicott\n|-damage|p2b: Whimsicott|66/100 tox\n|\n|t:|1773649849\n|switch|p1a: Eternatus|Eternatus, L50, tera:Poison|100/100|[from] U-turn\n|-ability|p1a: Eternatus|Pressure\n|\n|-heal|p2b: Whimsicott|72/100 tox|[from] Grassy Terrain\n|-damage|p2b: Whimsicott|53/100 tox|[from] psn\n|-sideend|p2: navinsachump|move: Tailwind\n|upkeep\n|\n|t:|1773649865\n|switch|p2a: Miraidon|Miraidon, L50|69/100\n|switch|p1b: Incineroar|Incineroar, L50, M|36/100\n|-fieldstart|move: Electric Terrain|[from] ability: Hadron Engine|[of] p2a: Miraidon\n|-ability|p1b: Incineroar|Intimidate|boost\n|-unboost|p2a: Miraidon|atk|1\n|-unboost|p2b: Whimsicott|atk|1\n|turn|8\n|\n|t:|1773649881\n|switch|p2b: Lunala|Lunala, L50|100/100\n|-enditem|p2b: Lunala|Electric Seed\n|-boost|p2b: Lunala|def|1|[from] item: Electric Seed\n|switch|p1b: Rillaboom|Rillaboom, L50, M|91/100\n|-fieldstart|move: Grassy Terrain|[from] ability: Grassy Surge|[of] p1b: Rillaboom\n|move|p2a: Miraidon|Volt Switch|p1a: Eternatus\n|-damage|p1a: Eternatus|61/100\n|\n|t:|1773649891\n|switch|p2a: Whimsicott|Whimsicott, L50, M|53/100 tox|[from] Volt Switch\n|move|p1a: Eternatus|Toxic|p2a: Whimsicott\n|-fail|p2a: Whimsicott|tox\n|\n|-heal|p2a: Whimsicott|59/100 tox|[from] Grassy Terrain\n|-heal|p1a: Eternatus|67/100|[from] Grassy Terrain\n|-heal|p1a: Eternatus|73/100|[from] item: Black Sludge\n|-heal|p1b: Rillaboom|97/100|[from] Grassy Terrain\n|-damage|p2a: Whimsicott|53/100 tox|[from] psn\n|upkeep\n|turn|9\n|\n|t:|1773649913\n|move|p2a: Whimsicott|Moonblast|p1a: Eternatus\n|-resisted|p1a: Eternatus\n|-damage|p1a: Eternatus|65/100\n|move|p1a: Eternatus|Toxic|p2b: Lunala\n|-status|p2b: Lunala|tox\n|move|p2b: Lunala|Moongeist Beam|p1a: Eternatus\n|-damage|p1a: Eternatus|31/100\n|move|p1b: Rillaboom|U-turn|p2a: Whimsicott\n|-damage|p2a: Whimsicott|27/100 tox\n|\n|t:|1773649916\n|switch|p1b: Incineroar|Incineroar, L50, M|36/100|[from] U-turn\n|-ability|p1b: Incineroar|Intimidate|boost\n|-unboost|p2a: Whimsicott|atk|1\n|-unboost|p2b: Lunala|atk|1\n|\n|-heal|p2a: Whimsicott|33/100 tox|[from] Grassy Terrain\n|-heal|p1a: Eternatus|37/100|[from] Grassy Terrain\n|-heal|p1a: Eternatus|43/100|[from] item: Black Sludge\n|-heal|p1b: Incineroar|42/100|[from] Grassy Terrain\n|-damage|p2a: Whimsicott|21/100 tox|[from] psn\n|-damage|p2b: Lunala|94/100 tox|[from] psn\n|upkeep\n|turn|10\n|\n|t:|1773649941\n|switch|p1b: Rillaboom|Rillaboom, L50, M|97/100\n|-terastallize|p2b: Lunala|Fairy\n|move|p1a: Eternatus|Protect|p1a: Eternatus\n|-singleturn|p1a: Eternatus|Protect\n|move|p2a: Whimsicott|Tailwind|p2a: Whimsicott\n|-sidestart|p2: navinsachump|move: Tailwind\n|move|p2b: Lunala|Moonblast|p1b: Rillaboom\n|-damage|p1b: Rillaboom|70/100\n|-unboost|p1b: Rillaboom|spa|1\n|\n|-heal|p2a: Whimsicott|27/100 tox|[from] Grassy Terrain\n|-heal|p2b: Lunala|100/100 tox|[from] Grassy Terrain\n|-heal|p1a: Eternatus|49/100|[from] Grassy Terrain\n|-heal|p1a: Eternatus|55/100|[from] item: Black Sludge\n|-heal|p1b: Rillaboom|76/100|[from] Grassy Terrain\n|-damage|p2a: Whimsicott|8/100 tox|[from] psn\n|-damage|p2b: Lunala|88/100 tox|[from] psn\n|upkeep\n|turn|11\n|\n|t:|1773649965\n|switch|p1a: Incineroar|Incineroar, L50, M|42/100\n|-ability|p1a: Incineroar|Intimidate|boost\n|-unboost|p2a: Whimsicott|atk|1\n|-unboost|p2b: Lunala|atk|1\n|move|p2a: Whimsicott|Moonblast|p1b: Rillaboom\n|-damage|p1b: Rillaboom|61/100\n|-unboost|p1b: Rillaboom|spa|1\n|move|p2b: Lunala|Moonblast|p1b: Rillaboom\n|-damage|p1b: Rillaboom|33/100\n|move|p1b: Rillaboom|U-turn|p2b: Lunala\n|-resisted|p2b: Lunala\n|-damage|p2b: Lunala|84/100 tox\n|\n|t:|1773649972\n|switch|p1b: Eternatus|Eternatus, L50, tera:Poison|55/100|[from] U-turn\n|-ability|p1b: Eternatus|Pressure\n|\n|-heal|p2a: Whimsicott|15/100 tox|[from] Grassy Terrain\n|-heal|p2b: Lunala|90/100 tox|[from] Grassy Terrain\n|-heal|p1b: Eternatus|61/100|[from] Grassy Terrain\n|-heal|p1b: Eternatus|67/100|[from] item: Black Sludge\n|-heal|p1a: Incineroar|48/100|[from] Grassy Terrain\n|-damage|p2a: Whimsicott|0 fnt|[from] psn\n|faint|p2a: Whimsicott\n|-damage|p2b: Lunala|71/100 tox|[from] psn\n|upkeep\n|\n|t:|1773649975\n|switch|p2a: Miraidon|Miraidon, L50|69/100\n|-fieldstart|move: Electric Terrain|[from] ability: Hadron Engine|[of] p2a: Miraidon\n|turn|12\n|inactive|navinsachump has 30 seconds left.\n|\n|t:|1773650001\n|switch|p1a: Rillaboom|Rillaboom, L50, M|33/100\n|-fieldstart|move: Grassy Terrain|[from] ability: Grassy Surge|[of] p1a: Rillaboom\n|move|p1b: Eternatus|Protect|p1b: Eternatus\n|-singleturn|p1b: Eternatus|Protect\n|move|p2a: Miraidon|Draco Meteor|p1b: Eternatus\n|-activate|p1b: Eternatus|move: Protect\n|move|p2b: Lunala|Moonblast|p1a: Rillaboom\n|-damage|p1a: Rillaboom|5/100\n|\n|-heal|p2a: Miraidon|75/100|[from] Grassy Terrain\n|-heal|p2b: Lunala|78/100 tox|[from] Grassy Terrain\n|-heal|p1b: Eternatus|73/100|[from] Grassy Terrain\n|-heal|p1b: Eternatus|79/100|[from] item: Black Sludge\n|-heal|p1a: Rillaboom|11/100|[from] Grassy Terrain\n|-damage|p2b: Lunala|53/100 tox|[from] psn\n|upkeep\n|turn|13\n|\n|t:|1773650013\n|switch|p1b: Incineroar|Incineroar, L50, M|48/100\n|-ability|p1b: Incineroar|Intimidate|boost\n|-unboost|p2a: Miraidon|atk|1\n|-unboost|p2b: Lunala|atk|1\n|move|p1a: Rillaboom|Fake Out|p2b: Lunala\n|-damage|p2b: Lunala|48/100 tox\n|move|p2a: Miraidon|Draco Meteor|p1b: Incineroar\n|-damage|p1b: Incineroar|0 fnt\n|-unboost|p2a: Miraidon|spa|2\n|faint|p1b: Incineroar\n|cant|p2b: Lunala|flinch\n|\n|-heal|p2a: Miraidon|81/100|[from] Grassy Terrain\n|-heal|p2b: Lunala|54/100 tox|[from] Grassy Terrain\n|-heal|p1a: Rillaboom|16/100|[from] Grassy Terrain\n|-damage|p2b: Lunala|23/100 tox|[from] psn\n|-sideend|p2: navinsachump|move: Tailwind\n|upkeep\n|\n|t:|1773650025\n|switch|p1b: Eternatus|Eternatus, L50, tera:Poison|79/100\n|-ability|p1b: Eternatus|Pressure\n|turn|14\n|\n|t:|1773650037\n|move|p1b: Eternatus|Protect|p1b: Eternatus\n|-singleturn|p1b: Eternatus|Protect\n|move|p1a: Rillaboom|Grassy Glide|p2a: Miraidon\n|-resisted|p2a: Miraidon\n|-damage|p2a: Miraidon|67/100\n|move|p2a: Miraidon|Draco Meteor|p1b: Eternatus\n|-activate|p1b: Eternatus|move: Protect\n|move|p2b: Lunala|Moonblast|p1a: Rillaboom\n|-damage|p1a: Rillaboom|0 fnt\n|faint|p1a: Rillaboom\n|\n|-heal|p2a: Miraidon|73/100|[from] Grassy Terrain\n|-heal|p1b: Eternatus|85/100|[from] Grassy Terrain\n|-heal|p1b: Eternatus|92/100|[from] item: Black Sludge\n|-heal|p2b: Lunala|30/100 tox|[from] Grassy Terrain\n|-damage|p2b: Lunala|0 fnt|[from] psn\n|faint|p2b: Lunala\n|upkeep\n|turn|15\n|\n|t:|1773650040\n|move|p2a: Miraidon|Draco Meteor|p1b: Eternatus\n|-damage|p1b: Eternatus|55/100\n|-unboost|p2a: Miraidon|spa|2\n|move|p1b: Eternatus|Toxic|p2a: Miraidon\n|-status|p2a: Miraidon|tox\n|\n|-heal|p2a: Miraidon|79/100 tox|[from] Grassy Terrain\n|-heal|p1b: Eternatus|61/100|[from] Grassy Terrain\n|-heal|p1b: Eternatus|67/100|[from] item: Black Sludge\n|-damage|p2a: Miraidon|73/100 tox|[from] psn\n|upkeep\n|turn|16\n|\n|t:|1773650045\n|move|p1b: Eternatus|Protect|p1b: Eternatus\n|-singleturn|p1b: Eternatus|Protect\n|move|p2a: Miraidon|Draco Meteor|p1b: Eternatus\n|-activate|p1b: Eternatus|move: Protect\n|\n|-heal|p2a: Miraidon|79/100 tox|[from] Grassy Terrain\n|-heal|p1b: Eternatus|73/100|[from] Grassy Terrain\n|-heal|p1b: Eternatus|79/100|[from] item: Black Sludge\n|-damage|p2a: Miraidon|67/100 tox|[from] psn\n|-fieldend|move: Grassy Terrain\n|upkeep\n|turn|17\n|\n|t:|1773650051\n|-activate|p2a: Miraidon|move: Struggle\n|move|p2a: Miraidon|Struggle|p1b: Eternatus\n|-damage|p1b: Eternatus|75/100\n|-damage|p2a: Miraidon|42/100 tox|[from] recoil\n|move|p1b: Eternatus|Dynamax Cannon|p2a: Miraidon\n|-supereffective|p2a: Miraidon\n|-damage|p2a: Miraidon|0 fnt\n|faint|p2a: Miraidon\n|\n|win|soten soten\n|raw|soten soten's rating: 1528 &rarr; <strong>1542</strong><br />(+14 for winning)\n|raw|navinsachump's rating: 1412 &rarr; <strong>1398</strong><br />(-14 for losing)\n|l|\u2606navinsachump\n|player|p2|\n|l|\u2606soten soten\n|player|p1|\n","uploadtime":1773650210,"views":10,"formatid":"gen9vgc2026regi","rating":1398,"private":0,"password":null}