{"id":"gen9vgc2026regi-2566676279","format":"[Gen 9] VGC 2026 Reg I","players":["curfy324","alzombie"],"log":"|j|\u2606curfy324\n|j|\u2606alzombie\n|t:|1774397140\n|gametype|doubles\n|player|p1|curfy324|266|1375\n|player|p2|alzombie|266|1348\n|gen|9\n|tier|[Gen 9] VGC 2026 Reg I\n|rated|\n|rule|Species Clause: Limit one of each Pok\u00e9mon\n|rule|Item Clause: Limit 1 of each item\n|clearpoke\n|poke|p1|Zacian-*, L50|\n|poke|p1|Kyogre, L50|\n|poke|p1|Urshifu-*, L50, M|\n|poke|p1|Roaring Moon, L50|\n|poke|p1|Rillaboom, L50, F|\n|poke|p1|Volcarona, L50, F|\n|poke|p2|Lunala, L50|\n|poke|p2|Ursaluna, L50, F|\n|poke|p2|Urshifu-*, L50, F|\n|poke|p2|Miraidon, L50|\n|poke|p2|Grimmsnarl, L50, M|\n|poke|p2|Incineroar, L50, F|\n|teampreview|4\n|inactive|Battle timer is ON: inactive players will automatically lose when time's up. (requested by curfy324)\n|j| Ascitiesdrown\n|\n|t:|1774397151\n|teamsize|p1|4\n|teamsize|p2|4\n|start\n|switch|p1a: Rillaboom|Rillaboom, L50, F, shiny|100/100\n|switch|p1b: Urshifu|Urshifu-Rapid-Strike, L50, M|100/100\n|switch|p2a: Grimmsnarl|Grimmsnarl, L50, M|100/100\n|switch|p2b: Incineroar|Incineroar, L50, F|100/100\n|-fieldstart|move: Grassy Terrain|[from] ability: Grassy Surge|[of] p1a: Rillaboom\n|-ability|p2b: Incineroar|Intimidate|boost\n|-unboost|p1a: Rillaboom|atk|1\n|-unboost|p1b: Urshifu|atk|1\n|turn|1\n|\n|t:|1774397166\n|switch|p2b: Miraidon|Miraidon, L50|100/100\n|-fieldstart|move: Electric Terrain|[from] ability: Hadron Engine|[of] p2b: Miraidon\n|move|p1a: Rillaboom|Fake Out|p2b: Miraidon\n|-damage|p2b: Miraidon|93/100\n|move|p2a: Grimmsnarl|Reflect|p2a: Grimmsnarl\n|-sidestart|p2: alzombie|Reflect\n|move|p1b: Urshifu|Taunt|p2a: Grimmsnarl\n|-start|p2a: Grimmsnarl|move: Taunt\n|\n|upkeep\n|turn|2\n|\n|t:|1774397182\n|move|p1b: Urshifu|Detect|p1b: Urshifu\n|-singleturn|p1b: Urshifu|Protect\n|move|p2b: Miraidon|Volt Switch|p1b: Urshifu\n|-activate|p1b: Urshifu|move: Protect\n|move|p1a: Rillaboom|U-turn|p2a: Grimmsnarl\n|-damage|p2a: Grimmsnarl|90/100\n|\n|t:|1774397190\n|switch|p1a: Zacian|Zacian-Crowned, L50, shiny|100/100|[from] U-turn\n|-ability|p1a: Zacian|Intrepid Sword|boost\n|-boost|p1a: Zacian|atk|1\n|move|p2a: Grimmsnarl|Spirit Break|p1b: Urshifu\n|-activate|p1b: Urshifu|move: Protect\n|\n|upkeep\n|turn|3\n|\n|t:|1774397207\n|switch|p2b: Incineroar|Incineroar, L50, F|100/100\n|-ability|p2b: Incineroar|Intimidate|boost\n|-unboost|p1a: Zacian|atk|1\n|-unboost|p1b: Urshifu|atk|1\n|-terastallize|p1a: Zacian|Fairy\n|move|p1a: Zacian|Play Rough|p2b: Incineroar\n|-damage|p2b: Incineroar|71/100\n|-damage|p1a: Zacian|84/100|[from] item: Rocky Helmet|[of] p2b: Incineroar\n|move|p1b: Urshifu|Surging Strikes|p2a: Grimmsnarl\n|-crit|p2a: Grimmsnarl\n|-damage|p2a: Grimmsnarl|70/100\n|-crit|p2a: Grimmsnarl\n|-damage|p2a: Grimmsnarl|48/100\n|-crit|p2a: Grimmsnarl\n|-damage|p2a: Grimmsnarl|28/100\n|-hitcount|p2a: Grimmsnarl|3\n|move|p2a: Grimmsnarl|Spirit Break|p1b: Urshifu\n|-supereffective|p1b: Urshifu\n|-damage|p1b: Urshifu|46/100\n|-unboost|p1b: Urshifu|spa|1\n|\n|upkeep\n|turn|4\n|inactive|alzombie has 30 seconds left.\n|\n|t:|1774397236\n|switch|p2a: Lunala|Lunala, L50|100/100\n|-enditem|p2a: Lunala|Electric Seed\n|-boost|p2a: Lunala|def|1|[from] item: Electric Seed\n|-terastallize|p2b: Incineroar|Bug\n|move|p1a: Zacian|Behemoth Blade|p2a: Lunala\n|-damage|p2a: Lunala|91/100\n|move|p1b: Urshifu|Surging Strikes|p2a: Lunala\n|-crit|p2a: Lunala\n|-damage|p2a: Lunala|76/100\n|-crit|p2a: Lunala\n|-damage|p2a: Lunala|62/100\n|-crit|p2a: Lunala\n|-damage|p2a: Lunala|48/100\n|-hitcount|p2a: Lunala|3\n|move|p2b: Incineroar|Will-O-Wisp|p1a: Zacian\n|-status|p1a: Zacian|brn\n|\n|-damage|p1a: Zacian|78/100 brn|[from] brn\n|upkeep\n|turn|5\n|\n|t:|1774397261\n|switch|p2a: Miraidon|Miraidon, L50|93/100\n|-activate|p2a: Miraidon|ability: Hadron Engine\n|move|p1a: Zacian|Swords Dance|p1a: Zacian\n|-boost|p1a: Zacian|atk|2\n|move|p1b: Urshifu|Surging Strikes|p2a: Miraidon\n|-resisted|p2a: Miraidon\n|-crit|p2a: Miraidon\n|-damage|p2a: Miraidon|84/100\n|-resisted|p2a: Miraidon\n|-crit|p2a: Miraidon\n|-damage|p2a: Miraidon|75/100\n|-resisted|p2a: Miraidon\n|-crit|p2a: Miraidon\n|-damage|p2a: Miraidon|67/100\n|-hitcount|p2a: Miraidon|3\n|move|p2b: Incineroar|Will-O-Wisp|p1b: Urshifu|[miss]\n|-miss|p2b: Incineroar|p1b: Urshifu\n|\n|-damage|p1a: Zacian|72/100 brn|[from] brn\n|-fieldend|move: Electric Terrain\n|upkeep\n|turn|6\n|inactive|curfy324 has 30 seconds left.\n|\n|t:|1774397289\n|switch|p2a: Lunala|Lunala, L50|48/100\n|move|p1a: Zacian|Play Rough|p2a: Lunala\n|-damage|p2a: Lunala|18/100\n|move|p1b: Urshifu|Taunt|p2b: Incineroar\n|-start|p2b: Incineroar|move: Taunt\n|cant|p2b: Incineroar|move: Taunt|Roar\n|\n|-damage|p1a: Zacian|66/100 brn|[from] brn\n|upkeep\n|turn|7\n|-message|alzombie forfeited.\n|\n|win|curfy324\n|raw|curfy324's rating: 1375 &rarr; <strong>1393</strong><br />(+18 for winning)\n|raw|alzombie's rating: 1348 &rarr; <strong>1330</strong><br />(-18 for losing)\n|l|\u2606alzombie\n|player|p2|\n|l|\u2606curfy324\n|player|p1|\n|l| Ascitiesdrown\n","uploadtime":1774397497,"views":12,"formatid":"gen9vgc2026regi","rating":1330,"private":0,"password":null}