{"id":"gen9vgc2026regi-2569959557","format":"[Gen 9] VGC 2026 Reg I","players":["Snowsquall brute","Taviii"],"log":"|j|\u2606Snowsquall brute\n|j|\u2606Taviii\n|t:|1774750468\n|gametype|doubles\n|player|p1|Snowsquall brute|veteran|1283\n|player|p2|Taviii|elesa|1266\n|gen|9\n|tier|[Gen 9] VGC 2026 Reg I\n|rated|\n|rule|Species Clause: Limit one of each Pok\u00e9mon\n|rule|Item Clause: Limit 1 of each item\n|clearpoke\n|poke|p1|Miraidon, L50|\n|poke|p1|Landorus-Therian, L50, M|\n|poke|p1|Kingambit, L50, F|\n|poke|p1|Lunala, L50|\n|poke|p2|Kyogre, L50|\n|poke|p2|Tornadus, L50, M|\n|poke|p2|Zamazenta-*, L50|\n|poke|p2|Chien-Pao, L50|\n|poke|p2|Rillaboom, L50, F|\n|poke|p2|Porygon2, L50|\n|teampreview|4\n|inactive|Battle timer is ON: inactive players will automatically lose when time's up. (requested by Taviii)\n|\n|t:|1774750494\n|teamsize|p1|4\n|teamsize|p2|4\n|start\n|switch|p1a: Miraidon|Miraidon, L50|100/100\n|switch|p1b: Landorus|Landorus-Therian, L50, M|100/100\n|switch|p2a: Poope|Zamazenta-Crowned, L50, shiny|100/100\n|switch|p2b: Rawr :3|Chien-Pao, L50|100/100\n|-ability|p2b: Rawr :3|Sword of Ruin\n|-fieldstart|move: Electric Terrain|[from] ability: Hadron Engine|[of] p1a: Miraidon\n|-enditem|p1a: Miraidon|Electric Seed\n|-boost|p1a: Miraidon|def|1|[from] item: Electric Seed\n|-ability|p2a: Poope|Dauntless Shield|boost\n|-boost|p2a: Poope|def|1\n|-ability|p1b: Landorus|Intimidate|boost\n|-unboost|p2a: Poope|atk|1\n|-unboost|p2b: Rawr :3|atk|1\n|turn|1\n|\n|t:|1774750519\n|-terastallize|p2a: Poope|Dragon\n|-terastallize|p1b: Landorus|Water\n|move|p1a: Miraidon|Protect|p1a: Miraidon\n|-singleturn|p1a: Miraidon|Protect\n|move|p2b: Rawr :3|Ice Spinner|p1b: Landorus\n|-resisted|p1b: Landorus\n|-damage|p1b: Landorus|83/100\n|-fieldend|move: Electric Terrain\n|move|p2a: Poope|Body Press|p1a: Miraidon\n|-activate|p1a: Miraidon|move: Protect\n|move|p1b: Landorus|Rock Tomb|p2b: Rawr :3\n|-supereffective|p2b: Rawr :3\n|-damage|p2b: Rawr :3|43/100\n|-unboost|p2b: Rawr :3|spe|1\n|\n|upkeep\n|turn|2\n|\n|t:|1774750536\n|switch|p1b: Lunala|Lunala, L50|100/100\n|move|p2b: Rawr :3|Ice Shard|p1a: Miraidon\n|-supereffective|p1a: Miraidon\n|-damage|p1a: Miraidon|82/100\n|move|p1a: Miraidon|Dragon Pulse|p2b: Rawr :3\n|-damage|p2b: Rawr :3|0 fnt\n|faint|p2b: Rawr :3\n|move|p2a: Poope|Body Press|p1b: Lunala\n|-immune|p1b: Lunala\n|\n|upkeep\n|\n|t:|1774750549\n|switch|p2b: Porygon2|Porygon2, L50|100/100\n|-ability|p2b: Porygon2|Download|boost\n|-boost|p2b: Porygon2|spa|1\n|turn|3\n|\n|t:|1774750562\n|move|p1a: Miraidon|Protect|p1a: Miraidon\n|-singleturn|p1a: Miraidon|Protect\n|move|p2a: Poope|Body Press|p1a: Miraidon\n|-activate|p1a: Miraidon|move: Protect\n|move|p1b: Lunala|Moonblast|p2a: Poope\n|-supereffective|p2a: Poope\n|-damage|p2a: Poope|54/100\n|-unboost|p2a: Poope|spa|1\n|move|p2b: Porygon2|Ice Beam|p1b: Lunala\n|-damage|p1b: Lunala|88/100\n|\n|upkeep\n|turn|4\n|\n|t:|1774750577\n|move|p2a: Poope|Protect|p2a: Poope\n|-singleturn|p2a: Poope|Protect\n|move|p1a: Miraidon|Dragon Pulse|p2a: Poope\n|-activate|p2a: Poope|move: Protect\n|move|p1b: Lunala|Moonblast|p2b: Porygon2\n|-damage|p2b: Porygon2|79/100\n|-unboost|p2b: Porygon2|spa|1\n|move|p2b: Porygon2|Ice Beam|p1a: Miraidon\n|-supereffective|p1a: Miraidon\n|-damage|p1a: Miraidon|49/100\n|\n|upkeep\n|turn|5\n|\n|t:|1774750596\n|move|p1a: Miraidon|Dragon Pulse|p2a: Poope\n|-supereffective|p2a: Poope\n|-damage|p2a: Poope|0 fnt\n|faint|p2a: Poope\n|move|p1b: Lunala|Moonblast|p2b: Porygon2\n|-damage|p2b: Porygon2|59/100\n|-unboost|p2b: Porygon2|spa|1\n|move|p2b: Porygon2|Ice Beam|p1a: Miraidon\n|-supereffective|p1a: Miraidon\n|-damage|p1a: Miraidon|27/100\n|\n|upkeep\n|\n|t:|1774750606\n|switch|p2a: Monke|Rillaboom, L50, F|100/100\n|-fieldstart|move: Grassy Terrain|[from] ability: Grassy Surge|[of] p2a: Monke\n|turn|6\n|inactive|Taviii has 30 seconds left.\n|inactive|Taviii has 20 seconds left.\n|inactive|Taviii has 15 seconds left.\n|inactive|Taviii has 10 seconds left.\n|\n|t:|1774750654\n|switch|p1b: Landorus|Landorus-Therian, L50, M, tera:Water|83/100\n|-ability|p1b: Landorus|Intimidate|boost\n|-unboost|p2a: Monke|atk|1\n|-unboost|p2b: Porygon2|atk|1\n|move|p2a: Monke|Grassy Glide|p1a: Miraidon\n|-resisted|p1a: Miraidon\n|-damage|p1a: Miraidon|21/100\n|move|p1a: Miraidon|Parabolic Charge|p2a: Monke|[spread] p1b,p2a,p2b\n|-supereffective|p1b: Landorus\n|-resisted|p2a: Monke\n|-crit|p2a: Monke\n|-damage|p1b: Landorus|55/100\n|-heal|p1a: Miraidon|34/100|[from] drain|[of] p1b: Landorus\n|-damage|p2a: Monke|90/100\n|-heal|p1a: Miraidon|39/100|[from] drain|[of] p2a: Monke\n|-damage|p2b: Porygon2|45/100\n|-heal|p1a: Miraidon|46/100|[from] drain|[of] p2b: Porygon2\n|move|p2b: Porygon2|Ice Beam|p1a: Miraidon\n|-supereffective|p1a: Miraidon\n|-crit|p1a: Miraidon\n|-damage|p1a: Miraidon|0 fnt\n|faint|p1a: Miraidon\n|\n|-heal|p1b: Landorus|61/100|[from] Grassy Terrain\n|-heal|p2a: Monke|96/100|[from] Grassy Terrain\n|-heal|p2b: Porygon2|51/100|[from] Grassy Terrain\n|upkeep\n|\n|t:|1774750671\n|switch|p1a: Kingambit|Kingambit, L50, F|100/100\n|turn|7\n|\n|t:|1774750687\n|switch|p1b: Lunala|Lunala, L50|88/100\n|move|p2a: Monke|Wood Hammer|p1b: Lunala\n|-damage|p1b: Lunala|54/100\n|-damage|p2a: Monke|80/100|[from] item: Rocky Helmet|[of] p1b: Lunala\n|-damage|p2a: Monke|67/100|[from] Recoil\n|move|p2b: Porygon2|Recover|p2b: Porygon2\n|-heal|p2b: Porygon2|100/100\n|move|p1a: Kingambit|Kowtow Cleave|p2b: Porygon2\n|-damage|p2b: Porygon2|64/100\n|\n|-heal|p1b: Lunala|60/100|[from] Grassy Terrain\n|-heal|p2a: Monke|72/100|[from] Grassy Terrain\n|-heal|p2b: Porygon2|70/100|[from] Grassy Terrain\n|upkeep\n|turn|8\n|-message|Taviii forfeited.\n|\n|win|Snowsquall brute\n|raw|Snowsquall brute's rating: 1283 &rarr; <strong>1307</strong><br />(+24 for winning)\n|raw|Taviii's rating: 1266 &rarr; <strong>1242</strong><br />(-24 for losing)\n|l|\u2606Taviii\n|player|p2|\n|l|\u2606Snowsquall brute\n|player|p1|\n","uploadtime":1774750946,"views":11,"formatid":"gen9vgc2026regi","rating":1242,"private":0,"password":null}