{"id":"gen9vgc2026regi-2546256287","format":"[Gen 9] VGC 2026 Reg I","players":["messi-05","kojimuranishi"],"log":"|j|\u2606messi-05\n|j|\u2606kojimuranishi\n|t:|1771947961\n|gametype|doubles\n|player|p1|messi-05|266|1455\n|player|p2|kojimuranishi|266|1544\n|gen|9\n|tier|[Gen 9] VGC 2026 Reg I\n|rated|\n|rule|Species Clause: Limit one of each Pok\u00e9mon\n|rule|Item Clause: Limit 1 of each item\n|clearpoke\n|poke|p1|Terapagos, L50, M|\n|poke|p1|Sinistcha, L50|\n|poke|p1|Incineroar, L50, M|\n|poke|p1|Ogerpon-Wellspring, L50, F|\n|poke|p1|Iron Treads, L50|\n|poke|p1|Miraidon, L50|\n|poke|p2|Raging Bolt, L50|\n|poke|p2|Calyrex-Ice, L50|\n|poke|p2|Kyogre, L50|\n|poke|p2|Indeedee-F, L50, F|\n|poke|p2|Ursaluna, L50, F|\n|poke|p2|Urshifu-*, L50, M|\n|teampreview|4\n|inactive|Battle timer is ON: inactive players will automatically lose when time's up. (requested by messi-05)\n|inactive|kojimuranishi has 60 seconds left.\n|j| eric_enter\n|inactive|kojimuranishi has 30 seconds left.\n|\n|t:|1771948023\n|teamsize|p1|4\n|teamsize|p2|4\n|start\n|switch|p1a: Terapagos|Terapagos, L50, M|100/100\n|switch|p1b: Miraidon|Miraidon, L50|100/100\n|switch|p2a: Calyrex|Calyrex-Ice, L50|100/100\n|switch|p2b: Kyogre|Kyogre, L50|100/100\n|-activate|p1a: Terapagos|ability: Tera Shift\n|detailschange|p1a: Terapagos|Terapagos-Terastal, L50, M\n|-heal|p1a: Terapagos|100/100|[silent]\n|-ability|p2a: Calyrex|As One\n|-ability|p2a: Calyrex|Unnerve\n|-fieldstart|move: Electric Terrain|[from] ability: Hadron Engine|[of] p1b: Miraidon\n|-enditem|p1a: Terapagos|Electric Seed\n|-boost|p1a: Terapagos|def|1|[from] item: Electric Seed\n|-weather|RainDance|[from] ability: Drizzle|[of] p2b: Kyogre\n|turn|1\n|inactive|kojimuranishi has 30 seconds left.\n|\n|t:|1771948055\n|switch|p2b: Ursaluna|Ursaluna, L50, F|100/100\n|move|p1a: Terapagos|Protect|p1a: Terapagos\n|-singleturn|p1a: Terapagos|Protect\n|move|p1b: Miraidon|Volt Switch|p2a: Calyrex\n|-damage|p2a: Calyrex|59/100\n|\n|t:|1771948059\n|switch|p1b: Incineroar|Incineroar, L50, M|100/100|[from] Volt Switch\n|-ability|p1b: Incineroar|Intimidate|boost\n|-unboost|p2a: Calyrex|atk|1\n|-unboost|p2b: Ursaluna|atk|1\n|move|p2a: Calyrex|Trick Room|p2a: Calyrex\n|-fieldstart|move: Trick Room|[of] p2a: Calyrex\n|\n|-weather|RainDance|[upkeep]\n|-heal|p2a: Calyrex|65/100|[from] item: Leftovers\n|-status|p2b: Ursaluna|brn|[from] item: Flame Orb\n|upkeep\n|turn|2\n|inactive|messi-05 has 30 seconds left.\n|\n|t:|1771948085\n|switch|p1b: Ogerpon|Ogerpon-Wellspring, L50, F|100/100\n|move|p2a: Calyrex|Leech Seed|p1a: Terapagos\n|-start|p1a: Terapagos|move: Leech Seed\n|move|p2b: Ursaluna|Headlong Rush|p1b: Ogerpon\n|-resisted|p1b: Ogerpon\n|-damage|p1b: Ogerpon|74/100\n|-unboost|p2b: Ursaluna|def|1\n|-unboost|p2b: Ursaluna|spd|1\n|move|p1a: Terapagos|Calm Mind|p1a: Terapagos\n|-boost|p1a: Terapagos|spa|1\n|-boost|p1a: Terapagos|spd|1\n|\n|-weather|RainDance|[upkeep]\n|-heal|p2a: Calyrex|71/100|[from] item: Leftovers\n|-damage|p1a: Terapagos|88/100|[from] Leech Seed|[of] p2a: Calyrex\n|-heal|p2a: Calyrex|83/100|[silent]\n|-damage|p2b: Ursaluna|95/100 brn|[from] brn\n|upkeep\n|turn|3\n|inactive|kojimuranishi has 30 seconds left.\n|inactive|kojimuranishi has 20 seconds left.\n|\n|t:|1771948120\n|move|p1b: Ogerpon|Spiky Shield|p1b: Ogerpon\n|-singleturn|p1b: Ogerpon|move: Protect\n|move|p2b: Ursaluna|Facade|p1b: Ogerpon\n|-activate|p1b: Ogerpon|move: Protect\n|-damage|p2b: Ursaluna|82/100 brn|[from] Spiky Shield|[of] p1b: Ogerpon\n|move|p2a: Calyrex|Glacial Lance|p1b: Ogerpon|[spread] p1a\n|-activate|p1b: Ogerpon|move: Protect\n|-damage|p1a: Terapagos|72/100\n|move|p1a: Terapagos|Tera Starstorm|p2b: Ursaluna\n|-damage|p2b: Ursaluna|0 fnt\n|faint|p2b: Ursaluna\n|\n|-weather|RainDance|[upkeep]\n|-heal|p2a: Calyrex|88/100|[from] item: Leftovers\n|-damage|p1a: Terapagos|59/100|[from] Leech Seed|[of] p2a: Calyrex\n|-heal|p2a: Calyrex|99/100|[silent]\n|upkeep\n|\n|t:|1771948141\n|switch|p2b: Indeedee|Indeedee-F, L50, F|100/100\n|-fieldstart|move: Psychic Terrain|[from] ability: Psychic Surge|[of] p2b: Indeedee\n|turn|4\n|\n|t:|1771948152\n|move|p2a: Calyrex|Glacial Lance|p1b: Ogerpon|[spread] p1a,p1b\n|-damage|p1a: Terapagos|44/100\n|-damage|p1b: Ogerpon|50/100\n|move|p2b: Indeedee|Psychic|p1b: Ogerpon\n|-damage|p1b: Ogerpon|11/100\n|move|p1a: Terapagos|Tera Starstorm|p2b: Indeedee\n|-damage|p2b: Indeedee|24/100\n|move|p1b: Ogerpon|Ivy Cudgel|p2b: Indeedee|[anim] Ivy Cudgel Water\n|-damage|p2b: Indeedee|0 fnt\n|faint|p2b: Indeedee\n|\n|-weather|RainDance|[upkeep]\n|-heal|p2a: Calyrex|100/100|[from] item: Leftovers\n|-damage|p1a: Terapagos|31/100|[from] Leech Seed|[of] p2a: Calyrex\n|upkeep\n|\n|t:|1771948169\n|switch|p2b: Kyogre|Kyogre, L50|100/100\n|turn|5\n|inactive|messi-05 has 30 seconds left.\n|inactive|messi-05 has 20 seconds left.\n|\n|t:|1771948209\n|move|p1b: Ogerpon|Spiky Shield|p1b: Ogerpon\n|-singleturn|p1b: Ogerpon|move: Protect\n|move|p2a: Calyrex|Glacial Lance|p1a: Terapagos|[spread] p1a\n|-activate|p1b: Ogerpon|move: Protect\n|-damage|p1a: Terapagos|14/100\n|move|p1a: Terapagos|Tera Starstorm|p2b: Kyogre\n|-damage|p2b: Kyogre|31/100\n|move|p2b: Kyogre|Hydro Pump|p1a: Terapagos\n|-damage|p1a: Terapagos|0 fnt\n|faint|p1a: Terapagos\n|\n|-weather|none\n|-fieldend|move: Trick Room\n|upkeep\n|\n|t:|1771948226\n|switch|p1a: Miraidon|Miraidon, L50|100/100\n|-fieldstart|move: Electric Terrain|[from] ability: Hadron Engine|[of] p1a: Miraidon\n|turn|6\n|\n|t:|1771948242\n|-terastallize|p1a: Miraidon|Electric\n|move|p1a: Miraidon|Electro Drift|p2a: Calyrex\n|-damage|p2a: Calyrex|20/100\n|move|p2b: Kyogre|Hydro Pump|p1a: Miraidon\n|-damage|p1a: Miraidon|48/100\n|move|p1b: Ogerpon|Ivy Cudgel|p2a: Calyrex|[anim] Ivy Cudgel Water\n|-damage|p2a: Calyrex|0 fnt\n|faint|p2a: Calyrex\n|\n|upkeep\n|turn|7\n|-message|kojimuranishi forfeited.\n|\n|win|messi-05\n|raw|messi-05's rating: 1455 &rarr; <strong>1480</strong><br />(+25 for winning)\n|raw|kojimuranishi's rating: 1544 &rarr; <strong>1519</strong><br />(-25 for losing)\n|l|\u2606kojimuranishi\n|player|p2|\n|l|\u2606messi-05\n|player|p1|\n","uploadtime":1771948527,"views":16,"formatid":"gen9vgc2026regi","rating":1480,"private":0,"password":null}