{"id":"gen9vgc2026regi-2558129583","format":"[Gen 9] VGC 2026 Reg I","players":["roho667","dasabe\u76d6\u6b27\u5361\u4fa0"],"log":"|j|\u2606roho667\n|j|\u2606dasabe\u76d6\u6b27\u5361\u4fa0\n|t:|1773406326\n|gametype|doubles\n|player|p1|roho667|1|1359\n|player|p2|dasabe\u76d6\u6b27\u5361\u4fa0|may-masters4|1458\n|gen|9\n|tier|[Gen 9] VGC 2026 Reg I\n|rated|\n|rule|Species Clause: Limit one of each Pok\u00e9mon\n|rule|Item Clause: Limit 1 of each item\n|clearpoke\n|poke|p1|Calyrex-Shadow, L50|\n|poke|p1|Archaludon, L50, F|\n|poke|p1|Kyogre, L50|\n|poke|p1|Whimsicott, L50, F|\n|poke|p1|Flutter Mane, L50|\n|poke|p1|Indeedee-F, L50, F|\n|poke|p2|Tatsugiri, L50, F|\n|poke|p2|Dondozo, L50, M|\n|poke|p2|Miraidon, L50|\n|poke|p2|Calyrex-Ice, L50|\n|poke|p2|Incineroar, L50, M|\n|poke|p2|Landorus, L50, M|\n|teampreview|4\n|inactive|Battle timer is ON: inactive players will automatically lose when time's up. (requested by roho667)\n|\n|t:|1773406345\n|teamsize|p1|4\n|teamsize|p2|4\n|start\n|switch|p1a: Kyogre|Kyogre, L50|100/100\n|switch|p1b: Calyrex|Calyrex-Shadow, L50|100/100\n|switch|p2a: \u9e7f\u51a0\u738b|Calyrex-Ice, L50|100/100\n|switch|p2b: \u94f6\u91d1\u5996\u86c7|Miraidon, L50, shiny|100/100\n|-ability|p1b: Calyrex|As One\n|-ability|p1b: Calyrex|Unnerve\n|-ability|p2a: \u9e7f\u51a0\u738b|As One\n|-ability|p2a: \u9e7f\u51a0\u738b|Unnerve\n|-fieldstart|move: Electric Terrain|[from] ability: Hadron Engine|[of] p2b: \u94f6\u91d1\u5996\u86c7\n|-weather|RainDance|[from] ability: Drizzle|[of] p1a: Kyogre\n|turn|1\n|inactive|roho667 has 30 seconds left.\n|inactive|roho667 has 20 seconds left.\n|inactive|roho667 has 15 seconds left.\n|\n|t:|1773406387\n|-terastallize|p1a: Kyogre|Water\n|move|p2a: \u9e7f\u51a0\u738b|Protect|p2a: \u9e7f\u51a0\u738b\n|-singleturn|p2a: \u9e7f\u51a0\u738b|Protect\n|move|p2b: \u94f6\u91d1\u5996\u86c7|Snarl|p1a: Kyogre|[spread] p1a,p1b\n|-supereffective|p1b: Calyrex\n|-damage|p1a: Kyogre|83/100\n|-damage|p1b: Calyrex|7/100\n|-unboost|p1a: Kyogre|spa|1\n|-unboost|p1b: Calyrex|spa|1\n|move|p1a: Kyogre|Water Spout|p2a: \u9e7f\u51a0\u738b|[spread] p2b\n|-activate|p2a: \u9e7f\u51a0\u738b|move: Protect\n|-resisted|p2b: \u94f6\u91d1\u5996\u86c7\n|-damage|p2b: \u94f6\u91d1\u5996\u86c7|71/100\n|move|p1b: Calyrex|Astral Barrage|p2a: \u9e7f\u51a0\u738b|[spread] p2b\n|-activate|p2a: \u9e7f\u51a0\u738b|move: Protect\n|-damage|p2b: \u94f6\u91d1\u5996\u86c7|40/100\n|\n|-weather|RainDance|[upkeep]\n|upkeep\n|turn|2\n|inactive|roho667 has 30 seconds left.\n|inactive|dasabe\u76d6\u6b27\u5361\u4fa0 has 30 seconds left.\n|\n|t:|1773406418\n|switch|p1b: Archaludon|Archaludon, L50, F|100/100\n|move|p2b: \u94f6\u91d1\u5996\u86c7|Snarl|p1b: Archaludon|[spread] p1a,p1b\n|-damage|p1a: Kyogre|67/100\n|-damage|p1b: Archaludon|83/100\n|-unboost|p1a: Kyogre|spa|1\n|-unboost|p1b: Archaludon|spa|1\n|-ability|p1b: Archaludon|Stamina|boost\n|-boost|p1b: Archaludon|def|1\n|move|p1a: Kyogre|Water Spout|p2b: \u94f6\u91d1\u5996\u86c7|[spread] p2a,p2b\n|-resisted|p2b: \u94f6\u91d1\u5996\u86c7\n|-damage|p2a: \u9e7f\u51a0\u738b|70/100\n|-damage|p2b: \u94f6\u91d1\u5996\u86c7|22/100\n|move|p2a: \u9e7f\u51a0\u738b|Leech Seed|p1a: Kyogre\n|-start|p1a: Kyogre|move: Leech Seed\n|\n|-weather|RainDance|[upkeep]\n|-damage|p1a: Kyogre|54/100|[from] Leech Seed|[of] p2a: \u9e7f\u51a0\u738b\n|-heal|p2a: \u9e7f\u51a0\u738b|80/100|[silent]\n|upkeep\n|turn|3\n|\n|t:|1773406440\n|switch|p1a: Indeedee|Indeedee-F, L50, F|100/100\n|-fieldstart|move: Psychic Terrain|[from] ability: Psychic Surge|[of] p1a: Indeedee\n|-enditem|p1a: Indeedee|Psychic Seed\n|-boost|p1a: Indeedee|spd|1|[from] item: Psychic Seed\n|move|p2a: \u9e7f\u51a0\u738b|Protect|p2a: \u9e7f\u51a0\u738b\n|-singleturn|p2a: \u9e7f\u51a0\u738b|Protect\n|move|p2b: \u94f6\u91d1\u5996\u86c7|Snarl|p1b: Archaludon|[spread] p1a,p1b\n|-supereffective|p1a: Indeedee\n|-damage|p1a: Indeedee|82/100\n|-damage|p1b: Archaludon|70/100\n|-unboost|p1a: Indeedee|spa|1\n|-unboost|p1b: Archaludon|spa|1\n|-ability|p1b: Archaludon|Stamina|boost\n|-boost|p1b: Archaludon|def|1\n|move|p1b: Archaludon|Body Press|p2b: \u94f6\u91d1\u5996\u86c7\n|-damage|p2b: \u94f6\u91d1\u5996\u86c7|0 fnt\n|faint|p2b: \u94f6\u91d1\u5996\u86c7\n|\n|-weather|RainDance|[upkeep]\n|upkeep\n|\n|t:|1773406447\n|switch|p2b: \u662f\u554a\uff0c\u5403\u4ec0\u4e48|Dondozo, L50, M, shiny|100/100\n|turn|4\n|\n|t:|1773406464\n|move|p2b: \u662f\u554a\uff0c\u5403\u4ec0\u4e48|Protect|p2b: \u662f\u554a\uff0c\u5403\u4ec0\u4e48\n|-singleturn|p2b: \u662f\u554a\uff0c\u5403\u4ec0\u4e48|Protect\n|move|p1b: Archaludon|Body Press|p2a: \u9e7f\u51a0\u738b\n|-damage|p2a: \u9e7f\u51a0\u738b|52/100\n|move|p1a: Indeedee|Imprison|p1a: Indeedee\n|-start|p1a: Indeedee|move: Imprison\n|move|p2a: \u9e7f\u51a0\u738b|Leech Seed|p1b: Archaludon\n|-start|p1b: Archaludon|move: Leech Seed\n|\n|-weather|RainDance|[upkeep]\n|-damage|p1b: Archaludon|58/100|[from] Leech Seed|[of] p2a: \u9e7f\u51a0\u738b\n|-heal|p2a: \u9e7f\u51a0\u738b|62/100|[silent]\n|upkeep\n|turn|5\n|\n|t:|1773406485\n|switch|p2a: o.O|Tatsugiri, L50, F, shiny|100/100\n|-activate|p2a: o.O|ability: Commander|[of] p2b: \u662f\u554a\uff0c\u5403\u4ec0\u4e48\n|-boost|p2b: \u662f\u554a\uff0c\u5403\u4ec0\u4e48|atk|2\n|-boost|p2b: \u662f\u554a\uff0c\u5403\u4ec0\u4e48|spa|2\n|-boost|p2b: \u662f\u554a\uff0c\u5403\u4ec0\u4e48|spe|2\n|-boost|p2b: \u662f\u554a\uff0c\u5403\u4ec0\u4e48|def|2\n|-boost|p2b: \u662f\u554a\uff0c\u5403\u4ec0\u4e48|spd|2\n|-terastallize|p2b: \u662f\u554a\uff0c\u5403\u4ec0\u4e48|Dragon\n|move|p1a: Indeedee|Follow Me|p1a: Indeedee\n|-singleturn|p1a: Indeedee|move: Follow Me\n|move|p1b: Archaludon|Body Press|p2a: o.O|[miss]\n|-miss|p1b: Archaludon|p2a: o.O\n|move|p2b: \u662f\u554a\uff0c\u5403\u4ec0\u4e48|Order Up|p1a: Indeedee\n|-damage|p1a: Indeedee|0 fnt\n|faint|p1a: Indeedee\n|-boost|p2b: \u662f\u554a\uff0c\u5403\u4ec0\u4e48|atk|1\n|\n|-weather|none\n|-damage|p1b: Archaludon|46/100|[from] Leech Seed|[of] p2a: o.O\n|upkeep\n|\n|t:|1773406494\n|switch|p1a: Kyogre|Kyogre, L50, tera:Water|54/100\n|-weather|RainDance|[from] ability: Drizzle|[of] p1a: Kyogre\n|turn|6\n|\n|t:|1773406508\n|move|p1a: Kyogre|Ice Beam|p2b: \u662f\u554a\uff0c\u5403\u4ec0\u4e48\n|-supereffective|p2b: \u662f\u554a\uff0c\u5403\u4ec0\u4e48\n|-damage|p2b: \u662f\u554a\uff0c\u5403\u4ec0\u4e48|72/100\n|move|p1b: Archaludon|Body Press|p2b: \u662f\u554a\uff0c\u5403\u4ec0\u4e48\n|-damage|p2b: \u662f\u554a\uff0c\u5403\u4ec0\u4e48|56/100\n|move|p2b: \u662f\u554a\uff0c\u5403\u4ec0\u4e48|Earthquake|p1b: Archaludon|[spread] p1a,p1b\n|-miss|p2b: \u662f\u554a\uff0c\u5403\u4ec0\u4e48|p2a: o.O\n|-supereffective|p1b: Archaludon\n|-damage|p1a: Kyogre|0 fnt\n|-damage|p1b: Archaludon|0 fnt\n|faint|p1a: Kyogre\n|faint|p1b: Archaludon\n|\n|-weather|RainDance|[upkeep]\n|-heal|p2b: \u662f\u554a\uff0c\u5403\u4ec0\u4e48|62/100|[from] item: Leftovers\n|upkeep\n|\n|t:|1773406522\n|switch|p1a: Calyrex|Calyrex-Shadow, L50|7/100\n|-ability|p1a: Calyrex|As One\n|-ability|p1a: Calyrex|Unnerve\n|turn|7\n|\n|t:|1773406528\n|move|p1a: Calyrex|Expanding Force|p2a: o.O|[spread] p2b\n|-miss|p1a: Calyrex|p2a: o.O\n|-damage|p2b: \u662f\u554a\uff0c\u5403\u4ec0\u4e48|34/100\n|move|p2b: \u662f\u554a\uff0c\u5403\u4ec0\u4e48|Earthquake|p1a: Calyrex|[spread] p1a\n|-miss|p2b: \u662f\u554a\uff0c\u5403\u4ec0\u4e48|p2a: o.O\n|-damage|p1a: Calyrex|0 fnt\n|faint|p1a: Calyrex\n|\n|win|dasabe\u76d6\u6b27\u5361\u4fa0\n|raw|roho667's rating: 1359 &rarr; <strong>1345</strong><br />(-14 for losing)\n|raw|dasabe\u76d6\u6b27\u5361\u4fa0's rating: 1458 &rarr; <strong>1472</strong><br />(+14 for winning)\n|l|\u2606roho667\n|player|p1|\n|j| QVQ\u6c34\u83b2Lana\n|j| QUQeee\n|j| Cookie.aoli\n|j| 825zcy\u767d\u6bdb\u4f0a\u5e03\n|l| 825zcy\u767d\u6bdb\u4f0a\u5e03\n|l| QUQeee\n","uploadtime":1773406568,"views":14,"formatid":"gen9vgc2026regi","rating":1345,"private":0,"password":null}