{"id":"gen9vgc2026regi-2533242685","format":"[Gen 9] VGC 2026 Reg I","players":["VJ2511","lift with kyogre"],"log":"|j|\u2606VJ2511\n|j|\u2606lift with kyogre\n|t:|1770279515\n|gametype|doubles\n|player|p1|VJ2511|red-masters3|1482\n|player|p2|lift with kyogre|elesa|1448\n|gen|9\n|tier|[Gen 9] VGC 2026 Reg I\n|rated|\n|rule|Species Clause: Limit one of each Pok\u00e9mon\n|rule|Item Clause: Limit 1 of each item\n|clearpoke\n|poke|p1|Calyrex-Shadow, L50|\n|poke|p1|Zamazenta-*, L50|\n|poke|p1|Chien-Pao, L50|\n|poke|p1|Dragonite, L50, F|\n|poke|p1|Raging Bolt, L50|\n|poke|p1|Amoonguss, L50, M|\n|poke|p2|Muk-Alola, L50, F|\n|poke|p2|Smeargle, L50, F|\n|poke|p2|Calyrex-Shadow, L50|\n|poke|p2|Flamigo, L50, F|\n|poke|p2|Miraidon, L50|\n|poke|p2|Volcarona, L50, F|\n|teampreview|4\n|inactive|Battle timer is ON: inactive players will automatically lose when time's up. (requested by VJ2511)\n|\n|t:|1770279533\n|teamsize|p1|4\n|teamsize|p2|4\n|start\n|switch|p1a: Zamazenta|Zamazenta-Crowned, L50|100/100\n|switch|p1b: Chien-Pao|Chien-Pao, L50|100/100\n|switch|p2a: Muk|Muk-Alola, L50, F|100/100\n|switch|p2b: Smeargle|Smeargle, L50, F|100/100\n|-ability|p1b: Chien-Pao|Sword of Ruin\n|-ability|p1a: Zamazenta|Dauntless Shield|boost\n|-boost|p1a: Zamazenta|def|1\n|turn|1\n|inactive|lift with kyogre has 30 seconds left.\n|\n|t:|1770279563\n|move|p2a: Muk|Protect|p2a: Muk\n|-singleturn|p2a: Muk|Protect\n|move|p1b: Chien-Pao|Icy Wind|p2b: Smeargle|[spread] p2b\n|-activate|p2a: Muk|move: Protect\n|-damage|p2b: Smeargle|72/100\n|-unboost|p2b: Smeargle|spe|1\n|move|p1a: Zamazenta|Body Press|p2a: Muk\n|-activate|p2a: Muk|move: Protect\n|move|p2b: Smeargle|Spore|p1a: Zamazenta\n|-status|p1a: Zamazenta|slp|[from] move: Spore\n|\n|-ability|p2b: Smeargle|Moody|boost\n|-boost|p2b: Smeargle|def|2\n|-unboost|p2b: Smeargle|spe|1\n|upkeep\n|turn|2\n|c|\u2606VJ2511|what joy do u get from playing this\n|\n|t:|1770279576\n|move|p2b: Smeargle|Follow Me|p2b: Smeargle\n|-singleturn|p2b: Smeargle|move: Follow Me\n|move|p1b: Chien-Pao|Ruination|p2b: Smeargle\n|-damage|p2b: Smeargle|36/100\n|cant|p1a: Zamazenta|slp\n|move|p2a: Muk|Minimize|p2a: Muk\n|-boost|p2a: Muk|evasion|2\n|\n|-ability|p2b: Smeargle|Moody|boost\n|-boost|p2b: Smeargle|def|2\n|-unboost|p2b: Smeargle|atk|1\n|upkeep\n|turn|3\n|\n|t:|1770279580\n|move|p2b: Smeargle|Follow Me|p2b: Smeargle\n|-singleturn|p2b: Smeargle|move: Follow Me\n|move|p1b: Chien-Pao|Icy Wind|p2a: Muk|[spread] p2a,p2b\n|-damage|p2a: Muk|91/100\n|-damage|p2b: Smeargle|7/100\n|-unboost|p2a: Muk|spe|1\n|-unboost|p2b: Smeargle|spe|1\n|cant|p1a: Zamazenta|slp\n|move|p2a: Muk|Minimize|p2a: Muk\n|-boost|p2a: Muk|evasion|2\n|\n|-heal|p2a: Muk|97/100|[from] item: Leftovers\n|-ability|p2b: Smeargle|Moody|boost\n|-boost|p2b: Smeargle|def|2\n|-unboost|p2b: Smeargle|spe|1\n|upkeep\n|turn|4\n|\n|t:|1770279590\n|move|p2b: Smeargle|Follow Me|p2b: Smeargle\n|-singleturn|p2b: Smeargle|move: Follow Me\n|move|p1b: Chien-Pao|Ruination|p2b: Smeargle|[miss]\n|-miss|p1b: Chien-Pao|p2b: Smeargle\n|cant|p1a: Zamazenta|slp\n|move|p2a: Muk|Minimize|p2a: Muk\n|-boost|p2a: Muk|evasion|2\n|\n|-heal|p2a: Muk|100/100|[from] item: Leftovers\n|-ability|p2b: Smeargle|Moody|boost\n|-boost|p2b: Smeargle|atk|2\n|-unboost|p2b: Smeargle|spd|1\n|upkeep\n|turn|5\n|\n|t:|1770279613\n|-terastallize|p2a: Muk|Water\n|move|p2b: Smeargle|Follow Me|p2b: Smeargle\n|-singleturn|p2b: Smeargle|move: Follow Me\n|move|p1b: Chien-Pao|Ruination|p2b: Smeargle\n|-damage|p2b: Smeargle|4/100\n|-curestatus|p1a: Zamazenta|slp|[msg]\n|move|p1a: Zamazenta|Body Press|p2b: Smeargle\n|-supereffective|p2b: Smeargle\n|-damage|p2b: Smeargle|0 fnt\n|faint|p2b: Smeargle\n|-ability|p2a: Muk|Moody|Power of Alchemy|[from] ability: Power of Alchemy|[of] p2b: Smeargle\n|move|p2a: Muk|Poison Gas|p1b: Chien-Pao|[spread] p1a,p1b\n|-immune|p1a: Zamazenta\n|-status|p1b: Chien-Pao|psn\n|\n|-damage|p1b: Chien-Pao|88/100 psn|[from] psn\n|-ability|p2a: Muk|Moody|boost\n|-boost|p2a: Muk|spd|2\n|-unboost|p2a: Muk|spe|1\n|upkeep\n|\n|t:|1770279624\n|switch|p2b: Flamigo|Flamigo, L50, F|100/100\n|-copyboost|p2b: Flamigo|p2a: Muk|[from] ability: Costar\n|-enditem|p2b: Flamigo|White Herb\n|-clearnegativeboost|p2b: Flamigo|[silent]\n|turn|6\n|\n|t:|1770279641\n|move|p1b: Chien-Pao|Icy Wind|p2a: Muk|[spread] \n|-miss|p1b: Chien-Pao|p2a: Muk\n|-miss|p1b: Chien-Pao|p2b: Flamigo\n|move|p1a: Zamazenta|Body Press|p2a: Muk\n|-damage|p2a: Muk|31/100\n|move|p2b: Flamigo|Close Combat|p1a: Zamazenta\n|-supereffective|p1a: Zamazenta\n|-damage|p1a: Zamazenta|40/100\n|-unboost|p2b: Flamigo|def|1\n|-unboost|p2b: Flamigo|spd|1\n|move|p2a: Muk|Knock Off|p1b: Chien-Pao\n|-resisted|p1b: Chien-Pao\n|-damage|p1b: Chien-Pao|65/100 psn\n|-enditem|p1b: Chien-Pao|Assault Vest|[from] move: Knock Off|[of] p2a: Muk\n|\n|-heal|p2a: Muk|37/100|[from] item: Leftovers\n|-damage|p1b: Chien-Pao|53/100 psn|[from] psn\n|-ability|p2a: Muk|Moody|boost\n|-boost|p2a: Muk|spd|2\n|-unboost|p2a: Muk|spe|1\n|upkeep\n|turn|7\n|\n|t:|1770279651\n|move|p2a: Muk|Protect|p2a: Muk\n|-singleturn|p2a: Muk|Protect\n|move|p1b: Chien-Pao|Ice Spinner|p2b: Flamigo|[miss]\n|-miss|p1b: Chien-Pao|p2b: Flamigo\n|move|p1a: Zamazenta|Body Press|p2a: Muk\n|-activate|p2a: Muk|move: Protect\n|move|p2b: Flamigo|Close Combat|p1a: Zamazenta\n|-supereffective|p1a: Zamazenta\n|-damage|p1a: Zamazenta|0 fnt\n|-unboost|p2b: Flamigo|def|1\n|-unboost|p2b: Flamigo|spd|1\n|faint|p1a: Zamazenta\n|\n|-heal|p2a: Muk|43/100|[from] item: Leftovers\n|-damage|p1b: Chien-Pao|40/100 psn|[from] psn\n|-ability|p2a: Muk|Moody|boost\n|-boost|p2a: Muk|spe|2\n|-unboost|p2a: Muk|spa|1\n|upkeep\n|\n|t:|1770279658\n|switch|p1a: Dragonite|Dragonite, L50, F, shiny|100/100\n|turn|8\n|\n|t:|1770279675\n|move|p1b: Chien-Pao|Ice Spinner|p2b: Flamigo|[miss]\n|-miss|p1b: Chien-Pao|p2b: Flamigo\n|move|p2b: Flamigo|Close Combat|p1b: Chien-Pao\n|-supereffective|p1b: Chien-Pao\n|-damage|p1b: Chien-Pao|0 fnt\n|-unboost|p2b: Flamigo|def|1\n|-unboost|p2b: Flamigo|spd|1\n|faint|p1b: Chien-Pao\n|move|p1a: Dragonite|Outrage|p2a: Muk\n|-damage|p2a: Muk|0 fnt\n|faint|p2a: Muk\n|\n|upkeep\n|\n|t:|1770279680\n|switch|p1b: Calyrex|Calyrex-Shadow, L50|100/100\n|switch|p2a: Calyrex|Calyrex-Shadow, L50|100/100\n|-ability|p1b: Calyrex|As One\n|-ability|p1b: Calyrex|Unnerve\n|-ability|p2a: Calyrex|As One\n|-ability|p2a: Calyrex|Unnerve\n|turn|9\n|\n|t:|1770279693\n|move|p2b: Flamigo|Wide Guard|p2b: Flamigo\n|-singleturn|p2b: Flamigo|Wide Guard\n|move|p1b: Calyrex|Psychic|p2a: Calyrex\n|-resisted|p2a: Calyrex\n|-damage|p2a: Calyrex|70/100\n|move|p2a: Calyrex|Psych Up|p2b: Flamigo\n|-copyboost|p2a: Calyrex|p2b: Flamigo|[from] move: Psych Up\n|move|p1a: Dragonite|Outrage|p2b: Flamigo|[from] lockedmove|[miss]\n|-miss|p1a: Dragonite|p2b: Flamigo\n|\n|upkeep\n|turn|10\n|inactive|lift with kyogre has 30 seconds left.\n|\n|t:|1770279722\n|-terastallize|p1a: Dragonite|Normal\n|move|p2a: Calyrex|Astral Barrage|p1a: Dragonite|[spread] p1b\n|-immune|p1a: Dragonite\n|-supereffective|p1b: Calyrex\n|-enditem|p1b: Calyrex|Focus Sash\n|-damage|p1b: Calyrex|1/100\n|move|p1b: Calyrex|Encore|p2a: Calyrex|[miss]\n|-miss|p1b: Calyrex|p2a: Calyrex\n|move|p2b: Flamigo|Acrobatics|p1a: Dragonite\n|-damage|p1a: Dragonite|48/100\n|move|p1a: Dragonite|Outrage|p2b: Flamigo|[miss]\n|-miss|p1a: Dragonite|p2b: Flamigo\n|\n|upkeep\n|turn|11\n|\n|t:|1770279740\n|move|p2b: Flamigo|Wide Guard|p2b: Flamigo\n|-singleturn|p2b: Flamigo|Wide Guard\n|move|p1b: Calyrex|Astral Barrage|p2b: Flamigo|[spread] \n|-activate|p2a: Calyrex|move: Wide Guard\n|-activate|p2b: Flamigo|move: Wide Guard\n|move|p2a: Calyrex|Astral Barrage|p1a: Dragonite|[spread] p1b\n|-immune|p1a: Dragonite\n|-supereffective|p1b: Calyrex\n|-damage|p1b: Calyrex|0 fnt\n|faint|p1b: Calyrex\n|-ability|p2a: Calyrex|Grim Neigh|boost\n|-boost|p2a: Calyrex|spa|1\n|move|p1a: Dragonite|Outrage|p2a: Calyrex|[miss]\n|-miss|p1a: Dragonite|p2a: Calyrex\n|\n|upkeep\n|turn|12\n|c|\u2606VJ2511|sigh\n|\n|t:|1770279749\n|move|p2a: Calyrex|Giga Drain|p1a: Dragonite\n|-damage|p1a: Dragonite|10/100\n|-heal|p2a: Calyrex|92/100|[from] drain|[of] p1a: Dragonite\n|move|p2b: Flamigo|Close Combat|p1a: Dragonite\n|-supereffective|p1a: Dragonite\n|-damage|p1a: Dragonite|0 fnt\n|-unboost|p2b: Flamigo|def|1\n|-unboost|p2b: Flamigo|spd|1\n|faint|p1a: Dragonite\n|\n|win|lift with kyogre\n|raw|VJ2511's rating: 1482 &rarr; <strong>1460</strong><br />(-22 for losing)\n|raw|lift with kyogre's rating: 1448 &rarr; <strong>1470</strong><br />(+22 for winning)\n|l|\u2606VJ2511\n|player|p1|\n|l|\u2606lift with kyogre\n|player|p2|\n","uploadtime":1770279962,"views":26,"formatid":"gen9vgc2026regi","rating":1460,"private":0,"password":null}