{"id":"gen9vgc2026regi-2525208033","format":"[Gen 9] VGC 2026 Reg I","players":["Alex Soto's fan","Fogdocker"],"log":"|j|\u2606Alex Soto's fan\n|j|\u2606Fogdocker\n|t:|1769249209\n|gametype|doubles\n|player|p1|Alex Soto's fan|169|1351\n|player|p2|Fogdocker|265|1395\n|gen|9\n|tier|[Gen 9] VGC 2026 Reg I\n|rated|\n|rule|Species Clause: Limit one of each Pok\u00e9mon\n|rule|Item Clause: Limit 1 of each item\n|clearpoke\n|poke|p1|Kyogre, L50|\n|poke|p1|Calyrex-Ice, L50|\n|poke|p1|Landorus, L50, M|\n|poke|p1|Tornadus, L50, M|\n|poke|p1|Urshifu-*, L50, M|\n|poke|p1|Rillaboom, L50, F|\n|poke|p2|Calyrex-Ice, L50|\n|poke|p2|Koraidon, L50|\n|poke|p2|Flutter Mane, L50|\n|poke|p2|Incineroar, L50, M|\n|poke|p2|Rillaboom, L50, M|\n|poke|p2|Amoonguss, L50, M|\n|teampreview|4\n|inactive|Battle timer is ON: inactive players will automatically lose when time's up. (requested by Alex Soto's fan)\n|inactive|Alex Soto's fan has 60 seconds left.\n|inactive|Fogdocker has 60 seconds left.\n|inactive|Fogdocker has 30 seconds left.\n|inactive|Alex Soto's fan has 30 seconds left.\n|inactive|Fogdocker has 20 seconds left.\n|inactive|Fogdocker has 15 seconds left.\n|\n|t:|1769249293\n|teamsize|p1|4\n|teamsize|p2|4\n|start\n|switch|p1a: Kyogre|Kyogre, L50|100/100\n|switch|p1b: Tornadus|Tornadus, L50, M, shiny|100/100\n|switch|p2a: Calyrex|Calyrex-Ice, L50|100/100\n|switch|p2b: Amoonguss|Amoonguss, L50, M|100/100\n|-ability|p2a: Calyrex|As One\n|-ability|p2a: Calyrex|Unnerve\n|-weather|RainDance|[from] ability: Drizzle|[of] p1a: Kyogre\n|turn|1\n|inactive|Fogdocker has 30 seconds left.\n|inactive|Fogdocker has 20 seconds left.\n|inactive|Fogdocker has 15 seconds left.\n|\n|t:|1769249337\n|-terastallize|p2a: Calyrex|Water\n|move|p2b: Amoonguss|Rage Powder|p2b: Amoonguss\n|-singleturn|p2b: Amoonguss|move: Rage Powder\n|move|p1b: Tornadus|Bleakwind Storm|p2a: Calyrex|[spread] p2a,p2b\n|-supereffective|p2b: Amoonguss\n|-damage|p2a: Calyrex|77/100\n|-damage|p2b: Amoonguss|26/100\n|move|p1a: Kyogre|Water Spout|p2b: Amoonguss|[spread] p2a,p2b\n|-resisted|p2a: Calyrex\n|-resisted|p2b: Amoonguss\n|-damage|p2a: Calyrex|42/100\n|-damage|p2b: Amoonguss|0 fnt\n|faint|p2b: Amoonguss\n|move|p2a: Calyrex|Trick Room|p2a: Calyrex\n|-fieldstart|move: Trick Room|[of] p2a: Calyrex\n|\n|-weather|RainDance|[upkeep]\n|-heal|p2a: Calyrex|48/100|[from] item: Leftovers\n|upkeep\n|\n|t:|1769249349\n|switch|p2b: Incineroar|Incineroar, L50, M|100/100\n|-ability|p2b: Incineroar|Intimidate|boost\n|-unboost|p1a: Kyogre|atk|1\n|-unboost|p1b: Tornadus|atk|1\n|turn|2\n|\n|t:|1769249360\n|switch|p1b: Calyrex|Calyrex-Ice, L50|100/100\n|-ability|p1b: Calyrex|As One\n|-ability|p1b: Calyrex|Unnerve\n|move|p1a: Kyogre|Protect|p1a: Kyogre\n|-singleturn|p1a: Kyogre|Protect\n|move|p2b: Incineroar|Fake Out|p1a: Kyogre\n|-activate|p1a: Kyogre|move: Protect\n|move|p2a: Calyrex|Glacial Lance|p1b: Calyrex|[spread] p1b\n|-activate|p1a: Kyogre|move: Protect\n|-resisted|p1b: Calyrex\n|-damage|p1b: Calyrex|86/100\n|\n|-weather|RainDance|[upkeep]\n|-heal|p2a: Calyrex|54/100|[from] item: Leftovers\n|-heal|p1b: Calyrex|91/100|[from] item: Leftovers\n|upkeep\n|turn|3\n|\n|t:|1769249383\n|move|p2a: Calyrex|Leech Seed|p1a: Kyogre\n|-start|p1a: Kyogre|move: Leech Seed\n|move|p1b: Calyrex|Leech Seed|p2a: Calyrex\n|-start|p2a: Calyrex|move: Leech Seed\n|move|p2b: Incineroar|Parting Shot|p1b: Calyrex\n|-unboost|p1b: Calyrex|atk|1\n|-unboost|p1b: Calyrex|spa|1\n|\n|t:|1769249389\n|switch|p2b: Koraidon|Koraidon, L50|100/100|[from] Parting Shot\n|-weather|SunnyDay|[from] ability: Orichalcum Pulse|[of] p2b: Koraidon\n|-activate|p2b: Koraidon|Orichalcum Pulse|[source]\n|move|p1a: Kyogre|Origin Pulse|p2b: Koraidon|[spread] p2b\n|-miss|p1a: Kyogre|p2a: Calyrex\n|-resisted|p2b: Koraidon\n|-damage|p2b: Koraidon|85/100\n|\n|-weather|SunnyDay|[upkeep]\n|-heal|p2a: Calyrex|59/100|[from] item: Leftovers\n|-heal|p1b: Calyrex|97/100|[from] item: Leftovers\n|-damage|p2a: Calyrex|47/100|[from] Leech Seed|[of] p1b: Calyrex\n|-heal|p1b: Calyrex|100/100|[silent]\n|-damage|p1a: Kyogre|88/100|[from] Leech Seed|[of] p2a: Calyrex\n|-heal|p2a: Calyrex|59/100|[silent]\n|upkeep\n|turn|4\n|\n|t:|1769249407\n|switch|p2a: Incineroar|Incineroar, L50, M|100/100\n|-ability|p2a: Incineroar|Intimidate|boost\n|-unboost|p1a: Kyogre|atk|1\n|-unboost|p1b: Calyrex|atk|1\n|switch|p1a: Tornadus|Tornadus, L50, M, shiny|100/100\n|move|p2b: Koraidon|Protect|p2b: Koraidon\n|-singleturn|p2b: Koraidon|Protect\n|move|p1b: Calyrex|Leech Seed|p2b: Koraidon\n|-activate|p2b: Koraidon|move: Protect\n|\n|-weather|SunnyDay|[upkeep]\n|upkeep\n|turn|5\n|inactive|Fogdocker has 30 seconds left.\n|\n|t:|1769249439\n|switch|p1b: Kyogre|Kyogre, L50|88/100\n|-weather|RainDance|[from] ability: Drizzle|[of] p1b: Kyogre\n|switch|p2b: Calyrex|Calyrex-Ice, L50, tera:Water|59/100\n|-ability|p2b: Calyrex|As One\n|-ability|p2b: Calyrex|Unnerve\n|move|p1a: Tornadus|Protect|p1a: Tornadus\n|-singleturn|p1a: Tornadus|Protect\n|move|p2a: Incineroar|Parting Shot|p1b: Kyogre\n|-unboost|p1b: Kyogre|atk|1\n|-unboost|p1b: Kyogre|spa|1\n|\n|t:|1769249451\n|switch|p2a: Koraidon|Koraidon, L50|85/100|[from] Parting Shot\n|-weather|SunnyDay|[from] ability: Orichalcum Pulse|[of] p2a: Koraidon\n|-activate|p2a: Koraidon|Orichalcum Pulse|[source]\n|\n|-weather|SunnyDay|[upkeep]\n|-heal|p2b: Calyrex|65/100|[from] item: Leftovers\n|-fieldend|move: Trick Room\n|upkeep\n|turn|6\n|\n|t:|1769249463\n|switch|p1b: Calyrex|Calyrex-Ice, L50|100/100\n|-ability|p1b: Calyrex|As One\n|-ability|p1b: Calyrex|Unnerve\n|move|p2a: Koraidon|Close Combat|p1b: Calyrex\n|-damage|p1b: Calyrex|33/100\n|-unboost|p2a: Koraidon|def|1\n|-unboost|p2a: Koraidon|spd|1\n|-damage|p2a: Koraidon|75/100|[from] item: Life Orb\n|move|p1a: Tornadus|Bleakwind Storm|p2b: Calyrex|[spread] p2a,p2b\n|-supereffective|p2a: Koraidon\n|-damage|p2a: Koraidon|0 fnt\n|-damage|p2b: Calyrex|43/100\n|faint|p2a: Koraidon\n|move|p2b: Calyrex|Glacial Lance|p1a: Tornadus|[spread] p1a,p1b\n|-supereffective|p1a: Tornadus\n|-resisted|p1b: Calyrex\n|-enditem|p1a: Tornadus|Focus Sash\n|-damage|p1a: Tornadus|1/100\n|-damage|p1b: Calyrex|18/100\n|\n|-weather|SunnyDay|[upkeep]\n|-heal|p1b: Calyrex|24/100|[from] item: Leftovers\n|-heal|p2b: Calyrex|49/100|[from] item: Leftovers\n|upkeep\n|\n|t:|1769249475\n|switch|p2a: Incineroar|Incineroar, L50, M|100/100\n|-ability|p2a: Incineroar|Intimidate|boost\n|-unboost|p1a: Tornadus|atk|1\n|-unboost|p1b: Calyrex|atk|1\n|turn|7\n|\n|t:|1769249492\n|move|p2a: Incineroar|Fake Out|p1b: Calyrex\n|-damage|p1b: Calyrex|18/100\n|move|p1a: Tornadus|Bleakwind Storm|p2b: Calyrex|[spread] p2a,p2b\n|-damage|p2a: Incineroar|68/100\n|-damage|p2b: Calyrex|25/100\n|cant|p1b: Calyrex|flinch\n|move|p2b: Calyrex|Trick Room|p2b: Calyrex\n|-fieldstart|move: Trick Room|[of] p2b: Calyrex\n|\n|-weather|SunnyDay|[upkeep]\n|-heal|p2b: Calyrex|31/100|[from] item: Leftovers\n|-heal|p1b: Calyrex|24/100|[from] item: Leftovers\n|upkeep\n|turn|8\n|inactive|Alex Soto's fan has 30 seconds left.\n|\n|t:|1769249519\n|move|p1a: Tornadus|Protect|p1a: Tornadus\n|-singleturn|p1a: Tornadus|Protect\n|move|p1b: Calyrex|Protect|p1b: Calyrex\n|-singleturn|p1b: Calyrex|Protect\n|move|p2b: Calyrex|Glacial Lance|p1b: Calyrex|[spread] \n|-activate|p1a: Tornadus|move: Protect\n|-activate|p1b: Calyrex|move: Protect\n|move|p2a: Incineroar|Knock Off|p1b: Calyrex\n|-activate|p1b: Calyrex|move: Protect\n|\n|-weather|SunnyDay|[upkeep]\n|-heal|p2b: Calyrex|37/100|[from] item: Leftovers\n|-heal|p1b: Calyrex|29/100|[from] item: Leftovers\n|upkeep\n|turn|9\n|\n|t:|1769249539\n|switch|p1a: Kyogre|Kyogre, L50|88/100\n|-weather|RainDance|[from] ability: Drizzle|[of] p1a: Kyogre\n|move|p2b: Calyrex|Glacial Lance|p1a: Kyogre|[spread] p1a,p1b\n|-resisted|p1a: Kyogre\n|-resisted|p1b: Calyrex\n|-damage|p1a: Kyogre|67/100\n|-damage|p1b: Calyrex|14/100\n|move|p1b: Calyrex|Leech Seed|p2b: Calyrex\n|-start|p2b: Calyrex|move: Leech Seed\n|move|p2a: Incineroar|Knock Off|p1a: Kyogre\n|-damage|p1a: Kyogre|30/100\n|-enditem|p1a: Kyogre|Mystic Water|[from] move: Knock Off|[of] p2a: Incineroar\n|\n|-weather|RainDance|[upkeep]\n|-heal|p2b: Calyrex|43/100|[from] item: Leftovers\n|-heal|p1b: Calyrex|20/100|[from] item: Leftovers\n|-damage|p2b: Calyrex|30/100|[from] Leech Seed|[of] p1b: Calyrex\n|-heal|p1b: Calyrex|32/100|[silent]\n|upkeep\n|turn|10\n|\n|t:|1769249564\n|move|p1b: Calyrex|Protect|p1b: Calyrex\n|-singleturn|p1b: Calyrex|Protect\n|move|p1a: Kyogre|Protect|p1a: Kyogre\n|-singleturn|p1a: Kyogre|Protect\n|move|p2b: Calyrex|Leech Seed|p2a: Incineroar|[miss]\n|-miss|p2b: Calyrex|p2a: Incineroar\n|move|p2a: Incineroar|Knock Off|p1a: Kyogre\n|-activate|p1a: Kyogre|move: Protect\n|\n|-weather|RainDance|[upkeep]\n|-heal|p2b: Calyrex|36/100|[from] item: Leftovers\n|-heal|p1b: Calyrex|38/100|[from] item: Leftovers\n|-damage|p2b: Calyrex|24/100|[from] Leech Seed|[of] p1b: Calyrex\n|-heal|p1b: Calyrex|50/100|[silent]\n|upkeep\n|turn|11\n|\n|t:|1769249583\n|switch|p1a: Tornadus|Tornadus, L50, M, shiny|1/100\n|move|p2b: Calyrex|Glacial Lance|p1a: Tornadus|[spread] p1a,p1b\n|-supereffective|p1a: Tornadus\n|-resisted|p1b: Calyrex\n|-damage|p1a: Tornadus|0 fnt\n|-damage|p1b: Calyrex|35/100\n|faint|p1a: Tornadus\n|-ability|p2b: Calyrex|Chilling Neigh|boost\n|-boost|p2b: Calyrex|atk|1\n|move|p1b: Calyrex|Leech Seed|p2a: Incineroar\n|-start|p2a: Incineroar|move: Leech Seed\n|move|p2a: Incineroar|Knock Off|p1b: Calyrex\n|-supereffective|p1b: Calyrex\n|-damage|p1b: Calyrex|0 fnt\n|-enditem|p1b: Calyrex|Leftovers|[from] move: Knock Off|[of] p2a: Incineroar\n|faint|p1b: Calyrex\n|\n|-weather|RainDance|[upkeep]\n|-heal|p2b: Calyrex|30/100|[from] item: Leftovers\n|-fieldend|move: Trick Room\n|upkeep\n|\n|t:|1769249601\n|switch|p1a: Landorus|Landorus, L50, M, shiny|100/100\n|switch|p1b: Kyogre|Kyogre, L50|30/100\n|turn|12\n|\n|t:|1769249611\n|-terastallize|p1a: Landorus|Fairy\n|move|p1a: Landorus|Sandsear Storm|p2b: Calyrex|[spread] p2a,p2b\n|-supereffective|p2a: Incineroar\n|-damage|p2a: Incineroar|0 fnt\n|-damage|p2b: Calyrex|0 fnt\n|faint|p2a: Incineroar\n|faint|p2b: Calyrex\n|\n|win|Alex Soto's fan\n|raw|Alex Soto&apos;s fan's rating: 1351 &rarr; <strong>1374</strong><br />(+23 for winning)\n|raw|Fogdocker's rating: 1395 &rarr; <strong>1372</strong><br />(-23 for losing)\n|l|\u2606Fogdocker\n|player|p2|\n|l|\u2606Alex Soto's fan\n|player|p1|\n","uploadtime":1769249773,"views":19,"formatid":"gen9vgc2026regi","rating":1372,"private":0,"password":null}