{"id":"gen9vgc2026regi-2555848113","format":"[Gen 9] VGC 2026 Reg I","players":["palHunter","fogdocker"],"log":"|j|\u2606palHunter\n|j|\u2606fogdocker\n|t:|1773144632\n|gametype|doubles\n|player|p1|palHunter|dawn|1445\n|player|p2|fogdocker|169|1574\n|gen|9\n|tier|[Gen 9] VGC 2026 Reg I\n|rated|\n|rule|Species Clause: Limit one of each Pok\u00e9mon\n|rule|Item Clause: Limit 1 of each item\n|clearpoke\n|poke|p1|Calyrex-Shadow, L50|\n|poke|p1|Zamazenta-*, L50|\n|poke|p1|Urshifu-*, L50, M|\n|poke|p1|Chien-Pao, L50|\n|poke|p1|Tornadus, L50, M|\n|poke|p1|Amoonguss, L50, F|\n|poke|p2|Calyrex-Ice, L50|\n|poke|p2|Koraidon, L50|\n|poke|p2|Flutter Mane, L50|\n|poke|p2|Incineroar, L50, M|\n|poke|p2|Rillaboom, L50, M|\n|poke|p2|Annihilape, L50, F|\n|teampreview|4\n|inactive|Battle timer is ON: inactive players will automatically lose when time's up. (requested by palHunter)\n|inactive|palHunter has 60 seconds left.\n|\n|t:|1773144686\n|teamsize|p1|4\n|teamsize|p2|4\n|start\n|switch|p1a: Tornadus|Tornadus, L50, M|100/100\n|switch|p1b: Calyrex|Calyrex-Shadow, L50|100/100\n|switch|p2a: Flutter Mane|Flutter Mane, L50|100/100\n|switch|p2b: Koraidon|Koraidon, L50|100/100\n|-ability|p1b: Calyrex|As One\n|-ability|p1b: Calyrex|Unnerve\n|-weather|SunnyDay|[from] ability: Orichalcum Pulse|[of] p2b: Koraidon\n|-activate|p2a: Flutter Mane|ability: Protosynthesis\n|-start|p2a: Flutter Mane|protosynthesisspe\n|-activate|p2b: Koraidon|Orichalcum Pulse|[source]\n|turn|1\n|\n|t:|1773144707\n|switch|p2b: Incineroar|Incineroar, L50, M|100/100\n|-ability|p2b: Incineroar|Intimidate|boost\n|-unboost|p1a: Tornadus|atk|1\n|-unboost|p1b: Calyrex|atk|1\n|-terastallize|p2a: Flutter Mane|Normal\n|-terastallize|p1b: Calyrex|Water\n|move|p1a: Tornadus|Rain Dance|p1a: Tornadus\n|-weather|RainDance\n|-end|p2a: Flutter Mane|Protosynthesis\n|move|p1b: Calyrex|Astral Barrage|p2b: Incineroar|[spread] p2b\n|-immune|p2a: Flutter Mane\n|-resisted|p2b: Incineroar\n|-damage|p2b: Incineroar|65/100\n|move|p2a: Flutter Mane|Moonblast|p1a: Tornadus\n|-damage|p1a: Tornadus|27/100\n|\n|-weather|RainDance|[upkeep]\n|upkeep\n|turn|2\n|inactive|palHunter has 30 seconds left.\n|inactive|fogdocker has 30 seconds left.\n|inactive|fogdocker has 20 seconds left.\n|\n|t:|1773144745\n|switch|p1b: Amoonguss|Amoonguss, L50, F, shiny|100/100\n|move|p1a: Tornadus|Protect|p1a: Tornadus\n|-singleturn|p1a: Tornadus|Protect\n|move|p2b: Incineroar|Fake Out|p1b: Amoonguss\n|-damage|p1b: Amoonguss|90/100\n|-damage|p2b: Incineroar|49/100|[from] item: Rocky Helmet|[of] p1b: Amoonguss\n|move|p2a: Flutter Mane|Moonblast|p1a: Tornadus\n|-activate|p1a: Tornadus|move: Protect\n|\n|-weather|RainDance|[upkeep]\n|upkeep\n|turn|3\n|inactive|palHunter has 30 seconds left.\n|inactive|fogdocker has 30 seconds left.\n|inactive|palHunter has 20 seconds left.\n|inactive|fogdocker has 20 seconds left.\n|inactive|palHunter has 15 seconds left.\n|inactive|palHunter has 10 seconds left.\n|\n|t:|1773144793\n|move|p2a: Flutter Mane|Protect|p2a: Flutter Mane\n|-singleturn|p2a: Flutter Mane|Protect\n|move|p1a: Tornadus|Bleakwind Storm|p2b: Incineroar|[spread] p2b\n|-activate|p2a: Flutter Mane|move: Protect\n|-damage|p2b: Incineroar|14/100\n|-unboost|p2b: Incineroar|spe|1\n|move|p2b: Incineroar|Knock Off|p1a: Tornadus\n|-damage|p1a: Tornadus|0 fnt\n|-enditem|p1a: Tornadus|Focus Sash|[from] move: Knock Off|[of] p2b: Incineroar\n|faint|p1a: Tornadus\n|move|p1b: Amoonguss|Spore|p2a: Flutter Mane\n|-activate|p2a: Flutter Mane|move: Protect\n|\n|-weather|RainDance|[upkeep]\n|upkeep\n|\n|t:|1773144810\n|switch|p1a: Calyrex|Calyrex-Shadow, L50, tera:Water|100/100\n|-ability|p1a: Calyrex|As One\n|-ability|p1a: Calyrex|Unnerve\n|turn|4\n|inactive|fogdocker has 30 seconds left.\n|\n|t:|1773144842\n|move|p1a: Calyrex|Astral Barrage|p2a: Flutter Mane|[spread] p2b\n|-immune|p2a: Flutter Mane\n|-resisted|p2b: Incineroar\n|-crit|p2b: Incineroar\n|-damage|p2b: Incineroar|0 fnt\n|faint|p2b: Incineroar\n|-ability|p1a: Calyrex|Grim Neigh|boost\n|-boost|p1a: Calyrex|spa|1\n|move|p2a: Flutter Mane|Icy Wind|p1a: Calyrex|[spread] p1a,p1b\n|-resisted|p1a: Calyrex\n|-supereffective|p1b: Amoonguss\n|-damage|p1a: Calyrex|93/100\n|-damage|p1b: Amoonguss|67/100\n|-unboost|p1a: Calyrex|spe|1\n|-unboost|p1b: Amoonguss|spe|1\n|move|p1b: Amoonguss|Spore|p2a: Flutter Mane\n|-status|p2a: Flutter Mane|slp|[from] move: Spore\n|\n|-weather|RainDance|[upkeep]\n|upkeep\n|\n|t:|1773144864\n|switch|p2b: Annihilape|Annihilape, L50, F|100/100\n|turn|5\n|inactive|fogdocker has 30 seconds left.\n|inactive|fogdocker has 20 seconds left.\n|inactive|fogdocker has 15 seconds left.\n|\n|t:|1773144913\n|move|p1b: Amoonguss|Rage Powder|p1b: Amoonguss\n|-singleturn|p1b: Amoonguss|move: Rage Powder\n|move|p2b: Annihilape|Final Gambit|p1b: Amoonguss\n|-damage|p1b: Amoonguss|0 fnt\n|faint|p2b: Annihilape\n|faint|p1b: Amoonguss\n|cant|p2a: Flutter Mane|slp\n|move|p1a: Calyrex|Astral Barrage|p2a: Flutter Mane\n|-immune|p2a: Flutter Mane\n|\n|-weather|none\n|upkeep\n|\n|t:|1773144927\n|switch|p2b: Koraidon|Koraidon, L50|100/100\n|switch|p1b: Chien-Pao|Chien-Pao, L50, shiny|100/100\n|-weather|SunnyDay|[from] ability: Orichalcum Pulse|[of] p2b: Koraidon\n|-activate|p2a: Flutter Mane|ability: Protosynthesis\n|-start|p2a: Flutter Mane|protosynthesisspe\n|-activate|p2b: Koraidon|Orichalcum Pulse|[source]\n|-ability|p1b: Chien-Pao|Sword of Ruin\n|turn|6\n|\n|t:|1773144939\n|cant|p2a: Flutter Mane|slp\n|move|p1b: Chien-Pao|Ice Spinner|p2b: Koraidon\n|-supereffective|p2b: Koraidon\n|-crit|p2b: Koraidon\n|-damage|p2b: Koraidon|0 fnt\n|faint|p2b: Koraidon\n|move|p1a: Calyrex|Astral Barrage|p2a: Flutter Mane\n|-immune|p2a: Flutter Mane\n|\n|-weather|SunnyDay|[upkeep]\n|upkeep\n|turn|7\n|\n|t:|1773144955\n|-curestatus|p2a: Flutter Mane|slp|[msg]\n|move|p2a: Flutter Mane|Moonblast|p1a: Calyrex\n|-damage|p1a: Calyrex|44/100\n|move|p1b: Chien-Pao|Ice Spinner|p2a: Flutter Mane\n|-enditem|p2a: Flutter Mane|Focus Sash\n|-damage|p2a: Flutter Mane|1/100\n|move|p1a: Calyrex|Astral Barrage|p2a: Flutter Mane\n|-immune|p2a: Flutter Mane\n|\n|-weather|SunnyDay|[upkeep]\n|upkeep\n|turn|8\n|\n|t:|1773144971\n|move|p1b: Chien-Pao|Sucker Punch|p2a: Flutter Mane\n|-damage|p2a: Flutter Mane|0 fnt\n|faint|p2a: Flutter Mane\n|-end|p2a: Flutter Mane|Protosynthesis|[silent]\n|\n|win|palHunter\n|raw|palHunter's rating: 1445 &rarr; <strong>1472</strong><br />(+27 for winning)\n|raw|fogdocker's rating: 1574 &rarr; <strong>1547</strong><br />(-27 for losing)\n|l|\u2606fogdocker\n|player|p2|\n|l|\u2606palHunter\n|player|p1|\n","uploadtime":1773145241,"views":20,"formatid":"gen9vgc2026regi","rating":1472,"private":0,"password":null}