{"id":"gen9vgc2026regi-2587486419","format":"[Gen 9] VGC 2026 Reg I","players":["mroreo328","castiel123"],"log":"|j|\u2606mroreo328\n|j|\u2606castiel123\n|t:|1776535902\n|gametype|doubles\n|player|p1|mroreo328|youngster-gen4dp|1452\n|player|p2|castiel123|ghetsis-gen5bw|1353\n|gen|9\n|tier|[Gen 9] VGC 2026 Reg I\n|rated|\n|rule|Species Clause: Limit one of each Pok\u00e9mon\n|rule|Item Clause: Limit 1 of each item\n|clearpoke\n|poke|p1|Miraidon, L50|\n|poke|p1|Indeedee-F, L50, F|\n|poke|p1|Annihilape, L50, F|\n|poke|p1|Calyrex-Ice, L50|\n|poke|p1|Enamorus-Therian, L50, F|\n|poke|p1|Urshifu-*, L50, M|\n|poke|p2|Zamazenta-*, L50|\n|poke|p2|Annihilape, L50, M|\n|poke|p2|Amoonguss, L50, F|\n|poke|p2|Terapagos, L50, M|\n|poke|p2|Chi-Yu, L50|\n|poke|p2|Whimsicott, L50, F|\n|teampreview|4\n|inactive|Battle timer is ON: inactive players will automatically lose when time's up. (requested by mroreo328)\n|inactive|castiel123 has 60 seconds left.\n|\n|t:|1776535948\n|teamsize|p1|4\n|teamsize|p2|4\n|start\n|switch|p1a: Indeedee|Indeedee-F, L50, F|100/100\n|switch|p1b: Calyrex|Calyrex-Ice, L50|100/100\n|switch|p2a: Chi-Yu|Chi-Yu, L50|100/100\n|switch|p2b: Zamazenta|Zamazenta-Crowned, L50|100/100\n|-ability|p1b: Calyrex|As One\n|-ability|p1b: Calyrex|Unnerve\n|-ability|p2b: Zamazenta|Dauntless Shield|boost\n|-boost|p2b: Zamazenta|def|1\n|-ability|p2a: Chi-Yu|Beads of Ruin\n|-fieldstart|move: Psychic Terrain|[from] ability: Psychic Surge|[of] p1a: Indeedee\n|-enditem|p1b: Calyrex|Psychic Seed\n|-boost|p1b: Calyrex|spd|1|[from] item: Psychic Seed\n|turn|1\n|\n|t:|1776535961\n|-terastallize|p1b: Calyrex|Water\n|move|p2b: Zamazenta|Iron Defense|p2b: Zamazenta\n|-boost|p2b: Zamazenta|def|2\n|move|p2a: Chi-Yu|Heat Wave|p1a: Indeedee|[spread] p1a,p1b\n|-resisted|p1b: Calyrex\n|-damage|p1a: Indeedee|13/100\n|-damage|p1b: Calyrex|83/100\n|move|p1b: Calyrex|Glacial Lance|p2a: Chi-Yu|[spread] p2a,p2b\n|-resisted|p2a: Chi-Yu\n|-resisted|p2b: Zamazenta\n|-damage|p2a: Chi-Yu|68/100\n|-damage|p2b: Zamazenta|95/100\n|move|p1a: Indeedee|Trick Room|p1a: Indeedee\n|-fieldstart|move: Trick Room|[of] p1a: Indeedee\n|\n|upkeep\n|turn|2\n|\n|t:|1776535972\n|switch|p2a: Amoonguss|Amoonguss, L50, F|100/100\n|move|p1a: Indeedee|Follow Me|p1a: Indeedee\n|-singleturn|p1a: Indeedee|move: Follow Me\n|move|p1b: Calyrex|Leech Seed|p2b: Zamazenta\n|-start|p2b: Zamazenta|move: Leech Seed\n|move|p2b: Zamazenta|Body Press|p1a: Indeedee\n|-damage|p1a: Indeedee|0 fnt\n|faint|p1a: Indeedee\n|\n|-damage|p2b: Zamazenta|83/100|[from] Leech Seed|[of] p1b: Calyrex\n|-heal|p1b: Calyrex|95/100|[silent]\n|upkeep\n|\n|t:|1776535983\n|switch|p1a: Miraidon|Miraidon, L50, shiny|100/100\n|-fieldstart|move: Electric Terrain|[from] ability: Hadron Engine|[of] p1a: Miraidon\n|turn|3\n|\n|t:|1776535995\n|move|p2a: Amoonguss|Rage Powder|p2a: Amoonguss\n|-singleturn|p2a: Amoonguss|move: Rage Powder\n|move|p1b: Calyrex|Glacial Lance|p2b: Zamazenta|[spread] p2a,p2b\n|-supereffective|p2a: Amoonguss\n|-resisted|p2b: Zamazenta\n|-damage|p2a: Amoonguss|10/100\n|-damage|p2b: Zamazenta|78/100\n|move|p2b: Zamazenta|Body Press|p1a: Miraidon\n|-damage|p1a: Miraidon|0 fnt\n|faint|p1a: Miraidon\n|\n|-damage|p2b: Zamazenta|66/100|[from] Leech Seed|[of] p1b: Calyrex\n|-heal|p1b: Calyrex|100/100|[silent]\n|upkeep\n|\n|t:|1776536000\n|switch|p1a: Enamorus|Enamorus-Therian, L50, F|100/100\n|turn|4\n|inactive|castiel123 has 30 seconds left.\n|inactive|castiel123 has 20 seconds left.\n|\n|t:|1776536035\n|move|p2b: Zamazenta|Wide Guard|p2b: Zamazenta\n|-singleturn|p2b: Zamazenta|Wide Guard\n|move|p2a: Amoonguss|Pollen Puff|p2b: Zamazenta\n|-heal|p2b: Zamazenta|100/100\n|move|p1a: Enamorus|Earth Power|p2b: Zamazenta\n|-supereffective|p2b: Zamazenta\n|-damage|p2b: Zamazenta|43/100\n|-damage|p1a: Enamorus|91/100|[from] item: Life Orb\n|move|p1b: Calyrex|Glacial Lance|p2a: Amoonguss|[spread] \n|-activate|p2a: Amoonguss|move: Wide Guard\n|-activate|p2b: Zamazenta|move: Wide Guard\n|\n|-damage|p2b: Zamazenta|31/100|[from] Leech Seed|[of] p1b: Calyrex\n|upkeep\n|turn|5\n|\n|t:|1776536058\n|switch|p2a: Terapagos|Terapagos, L50, M|100/100\n|-activate|p2a: Terapagos|ability: Tera Shift\n|detailschange|p2a: Terapagos|Terapagos-Terastal, L50, M\n|-heal|p2a: Terapagos|100/100|[silent]\n|-terastallize|p2b: Zamazenta|Water\n|move|p1a: Enamorus|Earth Power|p2b: Zamazenta\n|-damage|p2b: Zamazenta|2/100\n|-damage|p1a: Enamorus|81/100|[from] item: Life Orb\n|move|p1b: Calyrex|Glacial Lance|p2a: Terapagos|[spread] p2a,p2b\n|-activate|p2a: Terapagos|ability: Tera Shell\n|-resisted|p2a: Terapagos\n|-resisted|p2b: Zamazenta\n|-damage|p2a: Terapagos|84/100\n|-damage|p2b: Zamazenta|0 fnt\n|faint|p2b: Zamazenta\n|-ability|p1b: Calyrex|Chilling Neigh|boost\n|-boost|p1b: Calyrex|atk|1\n|\n|-heal|p2a: Terapagos|90/100|[from] item: Leftovers\n|-fieldend|move: Trick Room\n|upkeep\n|\n|t:|1776536071\n|switch|p2b: Chi-Yu|Chi-Yu, L50|68/100\n|-ability|p2b: Chi-Yu|Beads of Ruin\n|turn|6\n|\n|t:|1776536081\n|move|p1a: Enamorus|Protect|p1a: Enamorus\n|-singleturn|p1a: Enamorus|Protect\n|move|p2b: Chi-Yu|Dark Pulse|p1b: Calyrex\n|-damage|p1b: Calyrex|55/100\n|move|p2a: Terapagos|Tera Starstorm|p1b: Calyrex\n|-damage|p1b: Calyrex|26/100\n|move|p1b: Calyrex|Trick Room|p1b: Calyrex\n|-fieldstart|move: Trick Room|[of] p1b: Calyrex\n|\n|-heal|p2a: Terapagos|96/100|[from] item: Leftovers\n|upkeep\n|turn|7\n|\n|t:|1776536093\n|move|p2a: Terapagos|Protect|p2a: Terapagos\n|-singleturn|p2a: Terapagos|Protect\n|move|p1a: Enamorus|Moonblast|p2a: Terapagos\n|-activate|p2a: Terapagos|move: Protect\n|move|p1b: Calyrex|Glacial Lance|p2b: Chi-Yu|[spread] p2b\n|-activate|p2a: Terapagos|move: Protect\n|-resisted|p2b: Chi-Yu\n|-damage|p2b: Chi-Yu|17/100\n|move|p2b: Chi-Yu|Dark Pulse|p1b: Calyrex\n|-damage|p1b: Calyrex|0 fnt\n|faint|p1b: Calyrex\n|\n|-heal|p2a: Terapagos|100/100|[from] item: Leftovers\n|-fieldend|move: Electric Terrain\n|upkeep\n|turn|8\n|\n|t:|1776536108\n|move|p1a: Enamorus|Moonblast|p2a: Terapagos\n|-activate|p2a: Terapagos|ability: Tera Shell\n|-resisted|p2a: Terapagos\n|-damage|p2a: Terapagos|60/100\n|-damage|p1a: Enamorus|71/100|[from] item: Life Orb\n|move|p2a: Terapagos|Tera Starstorm|p1a: Enamorus\n|-damage|p1a: Enamorus|7/100\n|move|p2b: Chi-Yu|Dark Pulse|p1a: Enamorus\n|-resisted|p1a: Enamorus\n|-damage|p1a: Enamorus|0 fnt\n|faint|p1a: Enamorus\n|\n|win|castiel123\n|raw|mroreo328's rating: 1452 &rarr; <strong>1426</strong><br />(-26 for losing)\n|raw|castiel123's rating: 1353 &rarr; <strong>1379</strong><br />(+26 for winning)\n|l|\u2606mroreo328\n|player|p1|\n|l|\u2606castiel123\n|player|p2|\n","uploadtime":1776536267,"views":13,"formatid":"gen9vgc2026regi","rating":1379,"private":0,"password":null}