{"id":"gen9vgc2026regi-2553340487","format":"[Gen 9] VGC 2026 Reg I","players":["Cello L.","CopiumBathTub"],"log":"|j|\u2606Cello L.\n|j|\u2606CopiumBathTub\n|t:|1772821948\n|gametype|doubles\n|player|p1|Cello L.|psychic-gen4|1365\n|player|p2|CopiumBathTub|psychic-gen4|1223\n|gen|9\n|tier|[Gen 9] VGC 2026 Reg I\n|rated|\n|rule|Species Clause: Limit one of each Pok\u00e9mon\n|rule|Item Clause: Limit 1 of each item\n|clearpoke\n|poke|p1|Kyogre, L50|\n|poke|p1|Calyrex-Ice, L50|\n|poke|p1|Flutter Mane, L50|\n|poke|p1|Basculegion, L50, M|\n|poke|p1|Amoonguss, L50, F|\n|poke|p1|Grimmsnarl, L50, M|\n|poke|p2|Zacian-*, L50|\n|poke|p2|Kyogre, L50|\n|poke|p2|Tatsugiri, L50, F|\n|poke|p2|Dondozo, L50, F|\n|poke|p2|Tornadus, L50, M|\n|poke|p2|Rhydon, L50, M|\n|teampreview|4\n|\n|t:|1772821967\n|teamsize|p1|4\n|teamsize|p2|4\n|start\n|switch|p1a: Calyrex|Calyrex-Ice, L50|100/100\n|switch|p1b: Amoonguss|Amoonguss, L50, F|100/100\n|switch|p2a: Kyogre|Kyogre, L50|100/100\n|switch|p2b: Tatsugiri|Tatsugiri, L50, F|100/100\n|-ability|p1a: Calyrex|As One\n|-ability|p1a: Calyrex|Unnerve\n|-weather|RainDance|[from] ability: Drizzle|[of] p2a: Kyogre\n|turn|1\n|\n|t:|1772822006\n|move|p2b: Tatsugiri|Taunt|p1b: Amoonguss\n|-start|p1b: Amoonguss|move: Taunt\n|move|p2a: Kyogre|Water Spout|p1a: Calyrex|[spread] p1a,p1b\n|-resisted|p1b: Amoonguss\n|-damage|p1a: Calyrex|32/100\n|-damage|p1b: Amoonguss|60/100\n|cant|p1b: Amoonguss|move: Taunt|Spore\n|move|p1a: Calyrex|Trick Room|p1a: Calyrex\n|-fieldstart|move: Trick Room|[of] p1a: Calyrex\n|\n|-weather|RainDance|[upkeep]\n|-heal|p1a: Calyrex|38/100|[from] item: Leftovers\n|upkeep\n|turn|2\n|\n|t:|1772822022\n|switch|p2b: Zacian|Zacian-Crowned, L50|100/100\n|-ability|p2b: Zacian|Intrepid Sword|boost\n|-boost|p2b: Zacian|atk|1\n|move|p1b: Amoonguss|Pollen Puff|p1a: Calyrex\n|-heal|p1a: Calyrex|87/100\n|move|p1a: Calyrex|Glacial Lance|p2b: Zacian|[spread] p2a,p2b\n|-resisted|p2a: Kyogre\n|-resisted|p2b: Zacian\n|-damage|p2a: Kyogre|76/100\n|-damage|p2b: Zacian|79/100\n|move|p2a: Kyogre|Origin Pulse|p1a: Calyrex|[spread] p1b\n|-miss|p2a: Kyogre|p1a: Calyrex\n|-resisted|p1b: Amoonguss\n|-damage|p1b: Amoonguss|30/100\n|\n|-weather|RainDance|[upkeep]\n|-heal|p1a: Calyrex|93/100|[from] item: Leftovers\n|upkeep\n|turn|3\n|\n|t:|1772822050\n|switch|p1b: Kyogre|Kyogre, L50|100/100\n|move|p1a: Calyrex|Protect|p1a: Calyrex\n|-singleturn|p1a: Calyrex|Protect\n|move|p2a: Kyogre|Origin Pulse|p1a: Calyrex|[spread] p1b\n|-activate|p1a: Calyrex|move: Protect\n|-resisted|p1b: Kyogre\n|-damage|p1b: Kyogre|75/100\n|move|p2b: Zacian|Behemoth Blade|p1b: Kyogre\n|-resisted|p1b: Kyogre\n|-damage|p1b: Kyogre|30/100\n|\n|-weather|RainDance|[upkeep]\n|-heal|p1a: Calyrex|99/100|[from] item: Leftovers\n|upkeep\n|turn|4\n|\n|t:|1772822066\n|move|p1a: Calyrex|Glacial Lance|p2b: Zacian|[spread] p2a,p2b\n|-resisted|p2a: Kyogre\n|-resisted|p2b: Zacian\n|-damage|p2a: Kyogre|51/100\n|-damage|p2b: Zacian|53/100\n|move|p2a: Kyogre|Origin Pulse|p1a: Calyrex|[spread] p1a,p1b\n|-resisted|p1b: Kyogre\n|-damage|p1a: Calyrex|50/100\n|-damage|p1b: Kyogre|3/100\n|move|p1b: Kyogre|Origin Pulse|p2a: Kyogre|[spread] p2a,p2b\n|-resisted|p2a: Kyogre\n|-damage|p2a: Kyogre|30/100\n|-damage|p2b: Zacian|0 fnt\n|faint|p2b: Zacian\n|\n|-weather|RainDance|[upkeep]\n|-heal|p1a: Calyrex|56/100|[from] item: Leftovers\n|upkeep\n|\n|t:|1772822073\n|switch|p2b: Dondozo|Dondozo, L50, F|100/100\n|turn|5\n|\n|t:|1772822095\n|switch|p1b: Amoonguss|Amoonguss, L50, F|64/100\n|move|p1a: Calyrex|Protect|p1a: Calyrex\n|-singleturn|p1a: Calyrex|Protect\n|move|p2b: Dondozo|Order Up|p1a: Calyrex\n|-activate|p1a: Calyrex|move: Protect\n|move|p2a: Kyogre|Origin Pulse|p1a: Calyrex|[spread] \n|-activate|p1a: Calyrex|move: Protect\n|-miss|p2a: Kyogre|p1b: Amoonguss\n|\n|-weather|none\n|-heal|p1a: Calyrex|61/100|[from] item: Leftovers\n|-fieldend|move: Trick Room\n|upkeep\n|turn|6\n|\n|t:|1772822110\n|-terastallize|p2b: Dondozo|Grass\n|move|p1b: Amoonguss|Rage Powder|p1b: Amoonguss\n|-singleturn|p1b: Amoonguss|move: Rage Powder\n|move|p2a: Kyogre|Origin Pulse|p1b: Amoonguss|[spread] p1a,p1b\n|-resisted|p1b: Amoonguss\n|-damage|p1a: Calyrex|28/100\n|-damage|p1b: Amoonguss|45/100\n|move|p2b: Dondozo|Order Up|p1a: Calyrex\n|-damage|p1a: Calyrex|14/100\n|move|p1a: Calyrex|Leech Seed|p2b: Dondozo\n|-immune|p2b: Dondozo\n|\n|-heal|p1a: Calyrex|19/100|[from] item: Leftovers\n|upkeep\n|turn|7\n|\n|t:|1772822142\n|switch|p2a: Tatsugiri|Tatsugiri, L50, F|100/100\n|-activate|p2a: Tatsugiri|ability: Commander|[of] p2b: Dondozo\n|-boost|p2b: Dondozo|atk|2\n|-boost|p2b: Dondozo|spa|2\n|-boost|p2b: Dondozo|spe|2\n|-boost|p2b: Dondozo|def|2\n|-boost|p2b: Dondozo|spd|2\n|-terastallize|p1a: Calyrex|Fairy\n|move|p2b: Dondozo|Earthquake|p1a: Calyrex|[spread] p1a,p1b\n|-miss|p2b: Dondozo|p2a: Tatsugiri\n|-damage|p1a: Calyrex|0 fnt\n|-damage|p1b: Amoonguss|7/100\n|faint|p1a: Calyrex\n|move|p1b: Amoonguss|Pollen Puff|p1: Calyrex|[notarget]\n|-fail|p1b: Amoonguss\n|\n|upkeep\n|\n|t:|1772822156\n|switch|p1a: Basculegion|Basculegion, L50, M|100/100\n|turn|8\n|\n|t:|1772822161\n|switch|p1b: Kyogre|Kyogre, L50|3/100\n|-weather|RainDance|[from] ability: Drizzle|[of] p1b: Kyogre\n|move|p1a: Basculegion|Last Respects|p2b: Dondozo\n|-damage|p2b: Dondozo|78/100\n|-damage|p1a: Basculegion|91/100|[from] item: Life Orb\n|move|p2b: Dondozo|Earthquake|p1a: Basculegion|[spread] p1a,p1b\n|-miss|p2b: Dondozo|p2a: Tatsugiri\n|-damage|p1a: Basculegion|42/100\n|-damage|p1b: Kyogre|0 fnt\n|faint|p1b: Kyogre\n|\n|-weather|RainDance|[upkeep]\n|-heal|p2b: Dondozo|84/100|[from] item: Leftovers\n|upkeep\n|-message|Cello L. forfeited.\n|\n|win|CopiumBathTub\n|raw|Cello L.'s rating: 1365 &rarr; <strong>1337</strong><br />(-28 for losing)\n|raw|CopiumBathTub's rating: 1223 &rarr; <strong>1258</strong><br />(+35 for winning)\n|l|\u2606CopiumBathTub\n|player|p2|\n|l|\u2606Cello L.\n|player|p1|\n","uploadtime":1772822186,"views":14,"formatid":"gen9vgc2026regi","rating":1258,"private":0,"password":null}