{"id":"gen9vgc2026regi-2539459570","format":"[Gen 9] VGC 2026 Reg I","players":["blackred123","Baltic-Ursus"],"log":"|j|\u2606blackred123\n|j|\u2606Baltic-Ursus\n|t:|1771063496\n|gametype|doubles\n|player|p1|blackred123|iono-masters|1167\n|player|p2|Baltic-Ursus|102|1147\n|gen|9\n|tier|[Gen 9] VGC 2026 Reg I\n|rated|\n|rule|Species Clause: Limit one of each Pok\u00e9mon\n|rule|Item Clause: Limit 1 of each item\n|clearpoke\n|poke|p1|Calyrex-Shadow, L50|\n|poke|p1|Zamazenta-*, L50|\n|poke|p1|Roaring Moon, L50|\n|poke|p1|Maushold-Four, L50|\n|poke|p1|Weezing, L50, M|\n|poke|p1|Amoonguss, L50, F|\n|poke|p2|Kyogre, L50|\n|poke|p2|Kyurem-Black, L50|\n|poke|p2|Basculegion, L50, M|\n|poke|p2|Ludicolo, L50, F|\n|poke|p2|Kingambit, L50, M|\n|poke|p2|Raichu, L50, M|\n|teampreview|4\n|inactive|Battle timer is ON: inactive players will automatically lose when time's up. (requested by blackred123)\n|\n|t:|1771063525\n|teamsize|p1|4\n|teamsize|p2|4\n|start\n|switch|p1a: Zamazenta|Zamazenta-Crowned, L50|100/100\n|switch|p1b: Weezing|Weezing, L50, M|100/100\n|switch|p2a: Kyurem|Kyurem-Black, L50|100/100\n|switch|p2b: Kingambit|Kingambit, L50, M|100/100\n|-ability|p1b: Weezing|Neutralizing Gas\n|turn|1\n|inactive|Baltic-Ursus has 30 seconds left.\n|inactive|Baltic-Ursus has 20 seconds left.\n|\n|t:|1771063565\n|switch|p2b: Ludicolo|Ludicolo, L50, F, shiny|100/100\n|-terastallize|p2a: Kyurem|Electric\n|move|p1b: Weezing|Destiny Bond|p1b: Weezing\n|-singlemove|p1b: Weezing|Destiny Bond\n|move|p1a: Zamazenta|Body Press|p2b: Ludicolo\n|-damage|p2b: Ludicolo|54/100\n|move|p2a: Kyurem|Fusion Bolt|p1b: Weezing\n|-damage|p1b: Weezing|24/100\n|\n|upkeep\n|turn|2\n|inactive|Baltic-Ursus has 30 seconds left.\n|\n|t:|1771063599\n|move|p2b: Ludicolo|Fake Out|p1a: Zamazenta\n|-resisted|p1a: Zamazenta\n|-damage|p1a: Zamazenta|99/100\n|move|p1b: Weezing|Destiny Bond||[still]\n|-fail|p1b: Weezing\n|cant|p1a: Zamazenta|flinch\n|move|p2a: Kyurem|Fusion Bolt|p1a: Zamazenta\n|-crit|p1a: Zamazenta\n|-damage|p1a: Zamazenta|42/100\n|\n|upkeep\n|turn|3\n|\n|t:|1771063610\n|move|p2a: Kyurem|Protect|p2a: Kyurem\n|-singleturn|p2a: Kyurem|Protect\n|move|p1b: Weezing|Destiny Bond|p1b: Weezing\n|-singlemove|p1b: Weezing|Destiny Bond\n|move|p1a: Zamazenta|Body Press|p2a: Kyurem\n|-activate|p2a: Kyurem|move: Protect\n|move|p2b: Ludicolo|Rain Dance|p2b: Ludicolo\n|-weather|RainDance\n|\n|-weather|RainDance|[upkeep]\n|upkeep\n|turn|4\n|\n|t:|1771063625\n|-end|p1b: Weezing|ability: Neutralizing Gas\n|-ability|p1a: Zamazenta|Dauntless Shield|boost\n|-boost|p1a: Zamazenta|def|1\n|-ability|p2a: Kyurem|Teravolt\n|switch|p1b: Maushold|Maushold-Four, L50|100/100\n|move|p2b: Ludicolo|Encore||[still]\n|-fail|p2b: Ludicolo\n|move|p1a: Zamazenta|Body Press|p2b: Ludicolo\n|-damage|p2b: Ludicolo|0 fnt\n|faint|p2b: Ludicolo\n|move|p2a: Kyurem|Fusion Bolt|p1a: Zamazenta\n|-damage|p1a: Zamazenta|19/100\n|\n|-weather|RainDance|[upkeep]\n|upkeep\n|\n|t:|1771063640\n|switch|p2b: Kyogre|Kyogre, L50|100/100\n|turn|5\n|\n|t:|1771063654\n|move|p1b: Maushold|Helping Hand|p1a: Zamazenta\n|-singleturn|p1a: Zamazenta|Helping Hand|[of] p1b: Maushold\n|move|p1a: Zamazenta|Body Press|p2b: Kyogre\n|-damage|p2b: Kyogre|2/100\n|move|p2a: Kyurem|Scale Shot|p1b: Maushold\n|-damage|p1b: Maushold|82/100\n|-damage|p1b: Maushold|63/100\n|-damage|p1b: Maushold|45/100\n|-damage|p1b: Maushold|25/100\n|-hitcount|p1b: Maushold|4\n|-unboost|p2a: Kyurem|def|1\n|-boost|p2a: Kyurem|spe|1\n|move|p2b: Kyogre|Origin Pulse|p1a: Zamazenta|[spread] p1a,p1b\n|-damage|p1a: Zamazenta|0 fnt\n|-damage|p1b: Maushold|0 fnt\n|faint|p1a: Zamazenta\n|faint|p1b: Maushold\n|\n|-weather|RainDance|[upkeep]\n|upkeep\n|\n|t:|1771063664\n|switch|p1a: Calyrex|Calyrex-Shadow, L50|100/100\n|switch|p1b: Weezing|Weezing, L50, M|24/100\n|-ability|p1b: Weezing|Neutralizing Gas\n|-ability|p1a: Calyrex|As One\n|-ability|p1a: Calyrex|Unnerve\n|turn|6\n|inactive|Baltic-Ursus has 30 seconds left.\n|\n|t:|1771063690\n|-terastallize|p1a: Calyrex|Ghost\n|move|p1a: Calyrex|Astral Barrage|p2b: Kyogre|[spread] p2a,p2b\n|-damage|p2a: Kyurem|0 fnt\n|-damage|p2b: Kyogre|0 fnt\n|faint|p2a: Kyurem\n|faint|p2b: Kyogre\n|-ability|p1a: Calyrex|Grim Neigh|boost\n|-boost|p1a: Calyrex|spa|2\n|move|p1b: Weezing|Assurance|p2: Kyurem|[notarget]\n|-fail|p1b: Weezing\n|\n|-weather|RainDance|[upkeep]\n|upkeep\n|\n|t:|1771063705\n|switch|p2b: Kingambit|Kingambit, L50, M|100/100\n|turn|7\n|\n|t:|1771063709\n|move|p2b: Kingambit|Sucker Punch|p1a: Calyrex\n|-supereffective|p1a: Calyrex\n|-damage|p1a: Calyrex|0 fnt\n|faint|p1a: Calyrex\n|move|p1b: Weezing|Assurance|p2b: Kingambit\n|-resisted|p2b: Kingambit\n|-damage|p2b: Kingambit|95/100\n|\n|-weather|none\n|upkeep\n|turn|8\n|\n|t:|1771063718\n|move|p1b: Weezing|Assurance|p2b: Kingambit\n|-resisted|p2b: Kingambit\n|-damage|p2b: Kingambit|89/100\n|move|p2b: Kingambit|Iron Head|p1b: Weezing\n|-damage|p1b: Weezing|0 fnt\n|faint|p1b: Weezing\n|-end|p1b: Weezing|ability: Neutralizing Gas\n|\n|win|Baltic-Ursus\n|raw|blackred123's rating: 1167 &rarr; <strong>1141</strong><br />(-26 for losing)\n|raw|Baltic-Ursus's rating: 1147 &rarr; <strong>1173</strong><br />(+26 for winning)\n|l|\u2606blackred123\n|player|p1|\n|l|\u2606Baltic-Ursus\n|player|p2|\n","uploadtime":1771064104,"views":24,"formatid":"gen9vgc2026regi","rating":1141,"private":0,"password":null}