{"id":"gen9vgc2026regi-2528371040","format":"[Gen 9] VGC 2026 Reg I","players":["GAPDHC","ikejeffo"],"log":"|j|\u2606GAPDHC\n|j|\u2606ikejeffo\n|t:|1769647711\n|gametype|doubles\n|player|p1|GAPDHC|ruinmaniac|1163\n|player|p2|ikejeffo|plasmagrunt|1151\n|gen|9\n|tier|[Gen 9] VGC 2026 Reg I\n|rated|\n|rule|Species Clause: Limit one of each Pok\u00e9mon\n|rule|Item Clause: Limit 1 of each item\n|clearpoke\n|poke|p1|Calyrex-Shadow, L50|\n|poke|p1|Eternatus, L50|\n|poke|p1|Grimmsnarl, L50, M|\n|poke|p1|Rillaboom, L50, F|\n|poke|p1|Dondozo, L50, M|\n|poke|p1|Tatsugiri-Droopy, L50, M|\n|poke|p2|Kyogre, L50|\n|poke|p2|Archaludon, L50, M|\n|poke|p2|Landorus, L50, M|\n|poke|p2|Miraidon, L50|\n|poke|p2|Urshifu-*, L50, F|\n|poke|p2|Grimmsnarl, L50, M|\n|teampreview|4\n|inactive|Battle timer is ON: inactive players will automatically lose when time's up. (requested by ikejeffo)\n|inactive|GAPDHC has 60 seconds left.\n|inactive|ikejeffo has 60 seconds left.\n|\n|t:|1769647752\n|teamsize|p1|4\n|teamsize|p2|4\n|start\n|switch|p1a: Grimmsnarl|Grimmsnarl, L50, M|100/100\n|switch|p1b: Eternatus|Eternatus, L50|100/100\n|switch|p2a: Grimmsnarl|Grimmsnarl, L50, M|100/100\n|switch|p2b: Miraidon|Miraidon, L50|100/100\n|-fieldstart|move: Electric Terrain|[from] ability: Hadron Engine|[of] p2b: Miraidon\n|-ability|p1b: Eternatus|Pressure\n|turn|1\n|\n|t:|1769647773\n|move|p1a: Grimmsnarl|Light Screen|p1a: Grimmsnarl\n|-sidestart|p1: GAPDHC|move: Light Screen\n|move|p2a: Grimmsnarl|Light Screen|p2a: Grimmsnarl\n|-sidestart|p2: ikejeffo|move: Light Screen\n|move|p2b: Miraidon|Draco Meteor|p1b: Eternatus\n|-supereffective|p1b: Eternatus\n|-crit|p1b: Eternatus\n|-damage|p1b: Eternatus|0 fnt\n|-unboost|p2b: Miraidon|spa|2\n|faint|p1b: Eternatus\n|\n|upkeep\n|\n|t:|1769647780\n|switch|p1b: Dondozo|Dondozo, L50, M|100/100\n|turn|2\n|\n|t:|1769647792\n|switch|p2b: Urshifu|Urshifu, L50, F|100/100\n|move|p1b: Dondozo|Protect|p1b: Dondozo\n|-singleturn|p1b: Dondozo|Protect\n|move|p2a: Grimmsnarl|Reflect|p2a: Grimmsnarl\n|-sidestart|p2: ikejeffo|Reflect\n|move|p1a: Grimmsnarl|Spirit Break|p2b: Urshifu\n|-supereffective|p2b: Urshifu\n|-damage|p2b: Urshifu|5/100\n|-unboost|p2b: Urshifu|spa|1\n|\n|upkeep\n|turn|3\n|inactive|ikejeffo has 30 seconds left.\n|\n|t:|1769647817\n|switch|p1a: Tatsugiri|Tatsugiri-Droopy, L50, M|100/100\n|-activate|p1a: Tatsugiri|ability: Commander|[of] p1b: Dondozo\n|-boost|p1b: Dondozo|atk|2\n|-boost|p1b: Dondozo|spa|2\n|-boost|p1b: Dondozo|spe|2\n|-boost|p1b: Dondozo|def|2\n|-boost|p1b: Dondozo|spd|2\n|move|p2a: Grimmsnarl|Parting Shot|p1b: Dondozo\n|-unboost|p1b: Dondozo|atk|1\n|-unboost|p1b: Dondozo|spa|1\n|\n|t:|1769647827\n|switch|p2a: Miraidon|Miraidon, L50|100/100|[from] Parting Shot\n|-activate|p2a: Miraidon|ability: Hadron Engine\n|move|p2b: Urshifu|Close Combat|p1a: Tatsugiri|[miss]\n|-miss|p2b: Urshifu|p1a: Tatsugiri\n|move|p1b: Dondozo|Earthquake|p2a: Miraidon|[spread] p2a,p2b\n|-miss|p1b: Dondozo|p1a: Tatsugiri\n|-supereffective|p2a: Miraidon\n|-damage|p2a: Miraidon|58/100\n|-damage|p2b: Urshifu|0 fnt\n|faint|p2b: Urshifu\n|\n|upkeep\n|\n|t:|1769647845\n|switch|p2b: Kyogre|Kyogre, L50|100/100\n|-weather|RainDance|[from] ability: Drizzle|[of] p2b: Kyogre\n|turn|4\n|\n|t:|1769647862\n|-terastallize|p1b: Dondozo|Electric\n|move|p2a: Miraidon|Electro Drift|p1b: Dondozo\n|-resisted|p1b: Dondozo\n|-damage|p1b: Dondozo|86/100\n|move|p1b: Dondozo|Order Up|p2a: Miraidon\n|-supereffective|p2a: Miraidon\n|-damage|p2a: Miraidon|14/100\n|-boost|p1b: Dondozo|def|1\n|move|p2b: Kyogre|Thunder|p1b: Dondozo\n|-resisted|p1b: Dondozo\n|-damage|p1b: Dondozo|73/100\n|\n|-weather|RainDance|[upkeep]\n|-heal|p1b: Dondozo|79/100|[from] item: Leftovers\n|upkeep\n|turn|5\n|\n|t:|1769647880\n|switch|p2a: Grimmsnarl|Grimmsnarl, L50, M|100/100\n|move|p1b: Dondozo|Earthquake|p2b: Kyogre|[spread] p2a,p2b\n|-miss|p1b: Dondozo|p1a: Tatsugiri\n|-damage|p2a: Grimmsnarl|80/100\n|-damage|p2b: Kyogre|81/100\n|move|p2b: Kyogre|Thunder|p1b: Dondozo\n|-resisted|p1b: Dondozo\n|-damage|p1b: Dondozo|66/100\n|\n|-weather|RainDance|[upkeep]\n|-heal|p1b: Dondozo|72/100|[from] item: Leftovers\n|-fieldend|move: Electric Terrain\n|upkeep\n|turn|6\n|\n|t:|1769647901\n|move|p2a: Grimmsnarl|Parting Shot|p1b: Dondozo\n|-unboost|p1b: Dondozo|atk|1\n|-unboost|p1b: Dondozo|spa|1\n|\n|t:|1769647904\n|switch|p2a: Miraidon|Miraidon, L50|14/100|[from] Parting Shot\n|-fieldstart|move: Electric Terrain|[from] ability: Hadron Engine|[of] p2a: Miraidon\n|move|p1b: Dondozo|Body Press|p2b: Kyogre\n|-damage|p2b: Kyogre|52/100\n|move|p2b: Kyogre|Thunder|p1b: Dondozo\n|-resisted|p1b: Dondozo\n|-damage|p1b: Dondozo|58/100\n|\n|-weather|RainDance|[upkeep]\n|-heal|p1b: Dondozo|64/100|[from] item: Leftovers\n|upkeep\n|turn|7\n|\n|t:|1769647922\n|switch|p2b: Grimmsnarl|Grimmsnarl, L50, M|80/100\n|-terastallize|p2a: Miraidon|Fairy\n|move|p2a: Miraidon|Dazzling Gleam|p1b: Dondozo|[spread] p1b\n|-miss|p2a: Miraidon|p1a: Tatsugiri\n|-damage|p1b: Dondozo|50/100\n|move|p1b: Dondozo|Earthquake|p2a: Miraidon|[spread] p2a,p2b\n|-miss|p1b: Dondozo|p1a: Tatsugiri\n|-damage|p2a: Miraidon|1/100\n|-damage|p2b: Grimmsnarl|66/100\n|\n|-weather|RainDance|[upkeep]\n|-heal|p1b: Dondozo|56/100|[from] item: Leftovers\n|upkeep\n|turn|8\n|\n|t:|1769647938\n|move|p2b: Grimmsnarl|Parting Shot|p1b: Dondozo\n|-unboost|p1b: Dondozo|atk|1\n|-unboost|p1b: Dondozo|spa|1\n|\n|t:|1769647940\n|switch|p2b: Kyogre|Kyogre, L50|52/100|[from] Parting Shot\n|move|p2a: Miraidon|Dazzling Gleam|p1b: Dondozo|[spread] p1b\n|-miss|p2a: Miraidon|p1a: Tatsugiri\n|-damage|p1b: Dondozo|43/100\n|move|p1b: Dondozo|Earthquake|p2a: Miraidon|[spread] p2a,p2b\n|-miss|p1b: Dondozo|p1a: Tatsugiri\n|-damage|p2a: Miraidon|0 fnt\n|-damage|p2b: Kyogre|42/100\n|faint|p2a: Miraidon\n|\n|-weather|none\n|-heal|p1b: Dondozo|49/100|[from] item: Leftovers\n|-sideend|p1: GAPDHC|move: Light Screen\n|-sideend|p2: ikejeffo|move: Light Screen\n|upkeep\n|\n|t:|1769647949\n|switch|p2a: Grimmsnarl|Grimmsnarl, L50, M|66/100\n|turn|9\n|\n|t:|1769647960\n|move|p1b: Dondozo|Protect|p1b: Dondozo\n|-singleturn|p1b: Dondozo|Protect\n|move|p2a: Grimmsnarl|Sucker Punch||[still]\n|-fail|p2a: Grimmsnarl\n|move|p2b: Kyogre|Origin Pulse|p1a: Tatsugiri|[spread] \n|-miss|p2b: Kyogre|p1a: Tatsugiri\n|-activate|p1b: Dondozo|move: Protect\n|\n|-heal|p1b: Dondozo|55/100|[from] item: Leftovers\n|-sideend|p2: ikejeffo|Reflect\n|upkeep\n|turn|10\n|\n|t:|1769647965\n|move|p2a: Grimmsnarl|Sucker Punch|p1b: Dondozo\n|-damage|p1b: Dondozo|46/100\n|move|p1b: Dondozo|Body Press|p2b: Kyogre\n|-damage|p2b: Kyogre|0 fnt\n|faint|p2b: Kyogre\n|\n|-heal|p1b: Dondozo|52/100|[from] item: Leftovers\n|-fieldend|move: Electric Terrain\n|upkeep\n|turn|11\n|-message|ikejeffo forfeited.\n|\n|win|GAPDHC\n|raw|GAPDHC's rating: 1163 &rarr; <strong>1187</strong><br />(+24 for winning)\n|raw|ikejeffo's rating: 1151 &rarr; <strong>1127</strong><br />(-24 for losing)\n|l|\u2606ikejeffo\n|player|p2|\n","uploadtime":1769647975,"views":10,"formatid":"gen9vgc2026regi","rating":1127,"private":0,"password":null}