{"id":"gen9vgc2026regi-2552950212","format":"[Gen 9] VGC 2026 Reg I","players":["I\u2764\ufe0f\u5a1c\u7984forever","Nickyp333"],"log":"|j|\u2606I\u2764\ufe0f\u5a1c\u7984forever\n|j|\u2606Nickyp333\n|t:|1772774088\n|gametype|doubles\n|player|p1|I\u2764\ufe0f\u5a1c\u7984forever|youngcouple-gen4dp|1280\n|player|p2|Nickyp333|1|1292\n|gen|9\n|tier|[Gen 9] VGC 2026 Reg I\n|rated|\n|rule|Species Clause: Limit one of each Pok\u00e9mon\n|rule|Item Clause: Limit 1 of each item\n|clearpoke\n|poke|p1|Groudon, L50|\n|poke|p1|Kyurem-White, L50|\n|poke|p1|Heatran, L50, M|\n|poke|p1|Whimsicott, L50, F|\n|poke|p1|Roaring Moon, L50|\n|poke|p1|Ditto, L50|\n|poke|p2|Miraidon, L50|\n|poke|p2|Calyrex-Ice, L50|\n|poke|p2|Grimmsnarl, L50, M|\n|poke|p2|Incineroar, L50, F|\n|poke|p2|Urshifu-*, L50, F|\n|poke|p2|Volcarona, L50, F|\n|teampreview|4\n|\n|t:|1772774116\n|teamsize|p1|4\n|teamsize|p2|4\n|start\n|switch|p1a: Kyurem|Kyurem-White, L50|100/100\n|switch|p1b: Heatran|Heatran, L50, M|100/100\n|switch|p2a: Incineroar|Incineroar, L50, F|100/100\n|switch|p2b: Miraidon|Miraidon, L50|100/100\n|-fieldstart|move: Electric Terrain|[from] ability: Hadron Engine|[of] p2b: Miraidon\n|-ability|p1a: Kyurem|Turboblaze\n|-ability|p2a: Incineroar|Intimidate|boost\n|-unboost|p1a: Kyurem|atk|1\n|-unboost|p1b: Heatran|atk|1\n|turn|1\n|\n|t:|1772774145\n|-terastallize|p2b: Miraidon|Electric\n|-terastallize|p1a: Kyurem|Ghost\n|move|p2a: Incineroar|Fake Out|p1a: Kyurem\n|-immune|p1a: Kyurem\n|move|p2b: Miraidon|Volt Switch|p1b: Heatran\n|-damage|p1b: Heatran|32/100\n|j| mtbsj\n|l| mtbsj\n|\n|t:|1772774162\n|switch|p2b: Calyrex|Calyrex-Ice, L50|100/100|[from] Volt Switch\n|-ability|p2b: Calyrex|As One\n|-ability|p2b: Calyrex|Unnerve\n|move|p1a: Kyurem|Blizzard|p2a: Incineroar|[spread] p2b\n|-miss|p1a: Kyurem|p2a: Incineroar\n|-enditem|p1a: Kyurem|Blunder Policy\n|-boost|p1a: Kyurem|spe|2\n|-resisted|p2b: Calyrex\n|-damage|p2b: Calyrex|84/100\n|move|p1b: Heatran|Substitute|p1b: Heatran\n|-start|p1b: Heatran|Substitute\n|-damage|p1b: Heatran|7/100\n|\n|-heal|p1b: Heatran|13/100|[from] item: Leftovers\n|upkeep\n|turn|2\n|\n|t:|1772774201\n|move|p1a: Kyurem|Shadow Ball|p2b: Calyrex\n|-supereffective|p2b: Calyrex\n|-damage|p2b: Calyrex|17/100\n|move|p1b: Heatran|Heat Wave|p2a: Incineroar|[spread] p2a,p2b\n|-resisted|p2a: Incineroar\n|-supereffective|p2b: Calyrex\n|-damage|p2a: Incineroar|89/100\n|-damage|p2b: Calyrex|0 fnt\n|faint|p2b: Calyrex\n|move|p2a: Incineroar|Knock Off|p1a: Kyurem\n|-supereffective|p1a: Kyurem\n|-damage|p1a: Kyurem|46/100\n|\n|-heal|p1b: Heatran|19/100|[from] item: Leftovers\n|upkeep\n|\n|t:|1772774217\n|switch|p2b: Urshifu|Urshifu-Rapid-Strike, L50, F|100/100\n|turn|3\n|\n|t:|1772774245\n|move|p1a: Kyurem|Shadow Ball|p2b: Urshifu\n|-damage|p2b: Urshifu|8/100\n|-unboost|p2b: Urshifu|spd|1\n|move|p2b: Urshifu|Surging Strikes|p1a: Kyurem\n|-crit|p1a: Kyurem\n|-damage|p1a: Kyurem|28/100\n|-crit|p1a: Kyurem\n|-damage|p1a: Kyurem|8/100\n|-crit|p1a: Kyurem\n|-damage|p1a: Kyurem|0 fnt\n|faint|p1a: Kyurem\n|-hitcount|p1: Kyurem|3\n|move|p1b: Heatran|Earth Power|p2a: Incineroar\n|-supereffective|p2a: Incineroar\n|-damage|p2a: Incineroar|52/100\n|move|p2a: Incineroar|Knock Off|p1b: Heatran\n|-end|p1b: Heatran|Substitute\n|\n|-heal|p1b: Heatran|25/100|[from] item: Leftovers\n|upkeep\n|\n|t:|1772774265\n|switch|p1a: Groudon|Groudon, L50|100/100\n|-weather|SunnyDay|[from] ability: Drought|[of] p1a: Groudon\n|turn|4\n|\n|t:|1772774282\n|switch|p1b: Ditto|Ditto, L50|100/100\n|-transform|p1b: Ditto|p2a: Incineroar|[from] ability: Imposter\n|-ability|p1b: Ditto|Intimidate|boost\n|-unboost|p2a: Incineroar|atk|1\n|-unboost|p2b: Urshifu|atk|1\n|move|p2b: Urshifu|Surging Strikes|p1b: Ditto|[miss]\n|-miss|p2b: Urshifu|p1b: Ditto\n|move|p1a: Groudon|Precipice Blades|p2b: Urshifu|[spread] p2a\n|-miss|p1a: Groudon|p2b: Urshifu\n|-supereffective|p2a: Incineroar\n|-damage|p2a: Incineroar|0 fnt\n|faint|p2a: Incineroar\n|\n|-weather|SunnyDay|[upkeep]\n|upkeep\n|\n|t:|1772774298\n|switch|p2a: Miraidon|Miraidon, L50, tera:Electric|100/100\n|-activate|p2a: Miraidon|ability: Hadron Engine\n|turn|5\n|-message|Nickyp333 forfeited.\n|\n|win|I\u2764\ufe0f\u5a1c\u7984forever\n|raw|I\u2764\ufe0f\u5a1c\u7984forever's rating: 1280 &rarr; <strong>1306</strong><br />(+26 for winning)\n|raw|Nickyp333's rating: 1292 &rarr; <strong>1266</strong><br />(-26 for losing)\n|l|\u2606Nickyp333\n|player|p2|\n|l|\u2606I\u2764\ufe0f\u5a1c\u7984forever\n|player|p1|\n","uploadtime":1772774443,"views":14,"formatid":"gen9vgc2026regi","rating":1266,"private":0,"password":null}