{"id":"gen9vgc2026regi-2557255805","format":"[Gen 9] VGC 2026 Reg I","players":["SycrasisEU","Lacossg"],"log":"|j|\u2606SycrasisEU\n|j|\u2606Lacossg\n|t:|1773303453\n|gametype|doubles\n|player|p1|SycrasisEU|pryce|1344\n|player|p2|Lacossg|169|1462\n|gen|9\n|tier|[Gen 9] VGC 2026 Reg I\n|rated|\n|rule|Species Clause: Limit one of each Pok\u00e9mon\n|rule|Item Clause: Limit 1 of each item\n|clearpoke\n|poke|p1|Incineroar, L50, F|\n|poke|p1|Koraidon, L50|\n|poke|p1|Flutter Mane, L50|\n|poke|p1|Whimsicott, L50, M|\n|poke|p1|Solgaleo, L50|\n|poke|p1|Gouging Fire, L50|\n|poke|p2|Zacian-*, L50|\n|poke|p2|Iron Valiant, L50|\n|poke|p2|Tyranitar, L50, F|\n|poke|p2|Zamazenta-*, L50|\n|poke|p2|Landorus, L50, M|\n|poke|p2|Tornadus, L50, M|\n|teampreview|4\n|inactive|Battle timer is ON: inactive players will automatically lose when time's up. (requested by SycrasisEU)\n|\n|t:|1773303497\n|teamsize|p1|4\n|teamsize|p2|4\n|start\n|switch|p1a: Whimsicott|Whimsicott, L50, M|100/100\n|switch|p1b: Solgaleo|Solgaleo, L50|100/100\n|switch|p2a: Tyranitar|Tyranitar, L50, F|100/100\n|switch|p2b: Zamazenta|Zamazenta-Crowned, L50|100/100\n|-ability|p2b: Zamazenta|Dauntless Shield|boost\n|-boost|p2b: Zamazenta|def|1\n|-weather|Sandstorm|[from] ability: Sand Stream|[of] p2a: Tyranitar\n|turn|1\n|inactive|Lacossg has 30 seconds left.\n|inactive|Lacossg has 20 seconds left.\n|\n|t:|1773303533\n|-terastallize|p1b: Solgaleo|Steel\n|move|p1a: Whimsicott|Sunny Day|p1a: Whimsicott\n|-weather|SunnyDay\n|move|p2b: Zamazenta|Body Press|p1b: Solgaleo\n|-supereffective|p1b: Solgaleo\n|-damage|p1b: Solgaleo|4/100\n|move|p1b: Solgaleo|Sunsteel Strike|p2a: Tyranitar\n|-supereffective|p2a: Tyranitar\n|-enditem|p2a: Tyranitar|Focus Sash\n|-damage|p2a: Tyranitar|1/100\n|move|p2a: Tyranitar|Knock Off|p1b: Solgaleo\n|-damage|p1b: Solgaleo|0 fnt\n|-enditem|p1b: Solgaleo|Choice Band|[from] move: Knock Off|[of] p2a: Tyranitar\n|faint|p1b: Solgaleo\n|\n|-weather|SunnyDay|[upkeep]\n|upkeep\n|\n|t:|1773303546\n|switch|p1b: Flutter Mane|Flutter Mane, L50|100/100\n|-activate|p1b: Flutter Mane|ability: Protosynthesis\n|-start|p1b: Flutter Mane|protosynthesisspe\n|turn|2\n|\n|t:|1773303562\n|move|p2a: Tyranitar|Protect|p2a: Tyranitar\n|-singleturn|p2a: Tyranitar|Protect\n|move|p1b: Flutter Mane|Moonblast|p2b: Zamazenta\n|-damage|p2b: Zamazenta|51/100\n|move|p2b: Zamazenta|Snarl|p1b: Flutter Mane|[spread] p1a,p1b\n|-resisted|p1a: Whimsicott\n|-damage|p1a: Whimsicott|95/100\n|-damage|p1b: Flutter Mane|91/100\n|-unboost|p1b: Flutter Mane|spa|1\n|move|p1a: Whimsicott|Moonblast|p2a: Tyranitar\n|-activate|p2a: Tyranitar|move: Protect\n|\n|-weather|SunnyDay|[upkeep]\n|upkeep\n|turn|3\n|inactive|Lacossg has 30 seconds left.\n|\n|t:|1773303589\n|switch|p2a: Zacian|Zacian-Crowned, L50|100/100\n|-ability|p2a: Zacian|Intrepid Sword|boost\n|-boost|p2a: Zacian|atk|1\n|move|p1a: Whimsicott|Tailwind|p1a: Whimsicott\n|-sidestart|p1: SycrasisEU|move: Tailwind\n|move|p1b: Flutter Mane|Moonblast|p2b: Zamazenta\n|-damage|p2b: Zamazenta|16/100\n|move|p2b: Zamazenta|Snarl|p1a: Whimsicott|[spread] p1a,p1b\n|-resisted|p1a: Whimsicott\n|-damage|p1a: Whimsicott|90/100\n|-damage|p1b: Flutter Mane|83/100\n|-unboost|p1b: Flutter Mane|spa|1\n|\n|-weather|SunnyDay|[upkeep]\n|upkeep\n|turn|4\n|\n|t:|1773303608\n|-end|p1b: Flutter Mane|Protosynthesis|[silent]\n|switch|p1b: Koraidon|Koraidon, L50, shiny|100/100\n|-activate|p1b: Koraidon|ability: Orichalcum Pulse\n|move|p2b: Zamazenta|Protect|p2b: Zamazenta\n|-singleturn|p2b: Zamazenta|Protect\n|move|p1a: Whimsicott|Moonblast|p2b: Zamazenta\n|-activate|p2b: Zamazenta|move: Protect\n|move|p2a: Zacian|Play Rough|p1a: Whimsicott\n|-damage|p1a: Whimsicott|26/100\n|\n|-weather|SunnyDay|[upkeep]\n|upkeep\n|turn|5\n|\n|t:|1773303625\n|switch|p2b: Tyranitar|Tyranitar, L50, F|1/100\n|-weather|Sandstorm|[from] ability: Sand Stream|[of] p2b: Tyranitar\n|-terastallize|p2a: Zacian|Ground\n|move|p1a: Whimsicott|Encore|p2b: Tyranitar\n|-hint|Since gen 7, Dark is immune to Prankster moves.\n|-immune|p2b: Tyranitar\n|move|p1b: Koraidon|Flare Blitz|p2a: Zacian\n|-damage|p2a: Zacian|64/100\n|-damage|p1b: Koraidon|89/100|[from] Recoil\n|move|p2a: Zacian|Play Rough|p1b: Koraidon\n|-supereffective|p1b: Koraidon\n|-damage|p1b: Koraidon|0 fnt\n|faint|p1b: Koraidon\n|\n|-weather|Sandstorm|[upkeep]\n|-damage|p1a: Whimsicott|20/100|[from] Sandstorm\n|upkeep\n|\n|t:|1773303632\n|switch|p1b: Flutter Mane|Flutter Mane, L50|83/100\n|turn|6\n|\n|t:|1773303643\n|move|p1a: Whimsicott|Sunny Day|p1a: Whimsicott\n|-weather|SunnyDay\n|-activate|p1b: Flutter Mane|ability: Protosynthesis\n|-start|p1b: Flutter Mane|protosynthesisspe\n|move|p1b: Flutter Mane|Dazzling Gleam|p2b: Tyranitar|[spread] p2a,p2b\n|-supereffective|p2b: Tyranitar\n|-damage|p2a: Zacian|18/100\n|-damage|p2b: Tyranitar|0 fnt\n|faint|p2b: Tyranitar\n|move|p2a: Zacian|Behemoth Blade|p1b: Flutter Mane\n|-supereffective|p1b: Flutter Mane\n|-damage|p1b: Flutter Mane|0 fnt\n|faint|p1b: Flutter Mane\n|-end|p1b: Flutter Mane|Protosynthesis|[silent]\n|\n|-weather|SunnyDay|[upkeep]\n|-sideend|p1: SycrasisEU|move: Tailwind\n|upkeep\n|\n|t:|1773303649\n|switch|p2b: Landorus|Landorus, L50, M|100/100\n|turn|7\n|-message|SycrasisEU forfeited.\n|\n|win|Lacossg\n|raw|SycrasisEU's rating: 1344 &rarr; <strong>1331</strong><br />(-13 for losing)\n|raw|Lacossg's rating: 1462 &rarr; <strong>1475</strong><br />(+13 for winning)\n|l|\u2606SycrasisEU\n|player|p1|\n|l|\u2606Lacossg\n|player|p2|\n","uploadtime":1773303921,"views":11,"formatid":"gen9vgc2026regi","rating":1331,"private":0,"password":null}