{"id":"gen9vgc2026regi-2525634312","format":"[Gen 9] VGC 2026 Reg I","players":["Bman311","othunder21"],"log":"|j|\u2606Bman311\n|j|\u2606othunder21\n|t:|1769304100\n|gametype|doubles\n|player|p1|Bman311|cynthia-gen7|1431\n|player|p2|othunder21|nate|1363\n|gen|9\n|tier|[Gen 9] VGC 2026 Reg I\n|rated|\n|rule|Species Clause: Limit one of each Pok\u00e9mon\n|rule|Item Clause: Limit 1 of each item\n|clearpoke\n|poke|p1|Miraidon, L50|\n|poke|p1|Calyrex-Ice, L50|\n|poke|p1|Incineroar, L50, M|\n|poke|p1|Farigiraf, L50, F|\n|poke|p1|Whimsicott, L50, F|\n|poke|p1|Ursaluna, L50, F|\n|poke|p2|Rillaboom, L50, F|\n|poke|p2|Landorus, L50, M|\n|poke|p2|Koraidon, L50|\n|poke|p2|Calyrex-Ice, L50|\n|poke|p2|Incineroar, L50, F|\n|poke|p2|Smeargle, L50, M|\n|teampreview|4\n|inactive|Battle timer is ON: inactive players will automatically lose when time's up. (requested by othunder21)\n|inactive|Bman311 also wants the timer to be on.\n|\n|t:|1769304129\n|teamsize|p1|4\n|teamsize|p2|4\n|start\n|switch|p1a: Calyrex|Calyrex-Ice, L50|100/100\n|switch|p1b: Farigiraf|Farigiraf, L50, F|100/100\n|switch|p2a: Incineroar|Incineroar, L50, F|100/100\n|switch|p2b: Calyrex|Calyrex-Ice, L50|100/100\n|-ability|p1a: Calyrex|As One\n|-ability|p1a: Calyrex|Unnerve\n|-ability|p2b: Calyrex|As One\n|-ability|p2b: Calyrex|Unnerve\n|-ability|p2a: Incineroar|Intimidate|boost\n|-fail|p1a: Calyrex|unboost|[from] item: Clear Amulet|[of] p1a: Calyrex\n|-unboost|p1b: Farigiraf|atk|1\n|turn|1\n|inactive|othunder21 has 30 seconds left.\n|\n|t:|1769304157\n|switch|p1b: Incineroar|Incineroar, L50, M|100/100\n|-ability|p1b: Incineroar|Intimidate|boost\n|-unboost|p2a: Incineroar|atk|1\n|-unboost|p2b: Calyrex|atk|1\n|move|p1a: Calyrex|Protect|p1a: Calyrex\n|-singleturn|p1a: Calyrex|Protect\n|move|p2a: Incineroar|Knock Off|p1a: Calyrex\n|-activate|p1a: Calyrex|move: Protect\n|move|p2b: Calyrex|Glacial Lance|p1b: Incineroar|[spread] p1b\n|-activate|p1a: Calyrex|move: Protect\n|-resisted|p1b: Incineroar\n|-damage|p1b: Incineroar|86/100\n|\n|upkeep\n|turn|2\n|\n|t:|1769304177\n|move|p1b: Incineroar|Knock Off|p2b: Calyrex\n|-supereffective|p2b: Calyrex\n|-damage|p2b: Calyrex|50/100\n|-enditem|p2b: Calyrex|Leftovers|[from] move: Knock Off|[of] p1b: Incineroar\n|move|p2a: Incineroar|Knock Off|p1a: Calyrex\n|-supereffective|p1a: Calyrex\n|-damage|p1a: Calyrex|68/100\n|-enditem|p1a: Calyrex|Clear Amulet|[from] move: Knock Off|[of] p2a: Incineroar\n|move|p1a: Calyrex|High Horsepower|p2b: Calyrex\n|-damage|p2b: Calyrex|26/100\n|move|p2b: Calyrex|Trick Room|p2b: Calyrex\n|-fieldstart|move: Trick Room|[of] p2b: Calyrex\n|\n|upkeep\n|turn|3\n|\n|t:|1769304200\n|move|p2b: Calyrex|Protect|p2b: Calyrex\n|-singleturn|p2b: Calyrex|Protect\n|move|p1a: Calyrex|Protect|p1a: Calyrex\n|-singleturn|p1a: Calyrex|Protect\n|move|p2a: Incineroar|Parting Shot|p1a: Calyrex\n|-activate|p1a: Calyrex|move: Protect\n|move|p1b: Incineroar|U-turn|p2b: Calyrex\n|-activate|p2b: Calyrex|move: Protect\n|\n|upkeep\n|turn|4\n|\n|t:|1769304215\n|switch|p1a: Farigiraf|Farigiraf, L50, F|100/100\n|move|p2b: Calyrex|Glacial Lance|p1a: Farigiraf|[spread] p1a,p1b\n|-resisted|p1b: Incineroar\n|-damage|p1a: Farigiraf|73/100\n|-damage|p1b: Incineroar|69/100\n|move|p2a: Incineroar|Flare Blitz|p1a: Farigiraf\n|-damage|p1a: Farigiraf|49/100\n|-damage|p2a: Incineroar|92/100|[from] Recoil\n|move|p1b: Incineroar|U-turn|p2b: Calyrex\n|-supereffective|p2b: Calyrex\n|-damage|p2b: Calyrex|0 fnt\n|faint|p2b: Calyrex\n|\n|t:|1769304227\n|switch|p1b: Calyrex|Calyrex-Ice, L50|68/100|[from] U-turn\n|-ability|p1b: Calyrex|As One\n|-ability|p1b: Calyrex|Unnerve\n|\n|upkeep\n|\n|t:|1769304235\n|switch|p2b: Koraidon|Koraidon, L50|100/100\n|-weather|SunnyDay|[from] ability: Orichalcum Pulse|[of] p2b: Koraidon\n|-activate|p2b: Koraidon|Orichalcum Pulse|[source]\n|turn|5\n|\n|t:|1769304244\n|-terastallize|p1b: Calyrex|Water\n|-terastallize|p2b: Koraidon|Fire\n|move|p1b: Calyrex|High Horsepower|p2b: Koraidon\n|-supereffective|p2b: Koraidon\n|-damage|p2b: Koraidon|38/100\n|move|p2a: Incineroar|Knock Off|p1a: Farigiraf\n|-supereffective|p1a: Farigiraf\n|-damage|p1a: Farigiraf|5/100\n|-enditem|p1a: Farigiraf|Electric Seed|[from] move: Knock Off|[of] p2a: Incineroar\n|move|p1a: Farigiraf|Psychic|p2b: Koraidon\n|-damage|p2b: Koraidon|8/100\n|move|p2b: Koraidon|Low Kick|p1b: Calyrex\n|-damage|p1b: Calyrex|8/100\n|\n|-weather|SunnyDay|[upkeep]\n|upkeep\n|turn|6\n|inactive|othunder21 has 30 seconds left.\n|inactive|Bman311 has 30 seconds left.\n|\n|t:|1769304279\n|move|p1a: Farigiraf|Helping Hand|p1b: Calyrex\n|-singleturn|p1b: Calyrex|Helping Hand|[of] p1a: Farigiraf\n|move|p2b: Koraidon|Protect|p2b: Koraidon\n|-singleturn|p2b: Koraidon|Protect\n|move|p1b: Calyrex|High Horsepower|p2a: Incineroar\n|-supereffective|p2a: Incineroar\n|-damage|p2a: Incineroar|0 fnt\n|faint|p2a: Incineroar\n|-ability|p1b: Calyrex|Chilling Neigh|boost\n|-boost|p1b: Calyrex|atk|1\n|\n|-weather|SunnyDay|[upkeep]\n|-fieldend|move: Trick Room\n|upkeep\n|\n|t:|1769304290\n|switch|p2a: Landorus|Landorus, L50, M|100/100\n|turn|7\n|inactive|othunder21 has 30 seconds left.\n|\n|t:|1769304318\n|move|p1b: Calyrex|Protect|p1b: Calyrex\n|-singleturn|p1b: Calyrex|Protect\n|move|p2b: Koraidon|Flame Charge|p1a: Farigiraf\n|-damage|p1a: Farigiraf|0 fnt\n|-boost|p2b: Koraidon|spe|1\n|faint|p1a: Farigiraf\n|move|p2a: Landorus|Earth Power|p1b: Calyrex\n|-activate|p1b: Calyrex|move: Protect\n|\n|-weather|SunnyDay|[upkeep]\n|upkeep\n|\n|t:|1769304326\n|switch|p1a: Incineroar|Incineroar, L50, M|69/100\n|-ability|p1a: Incineroar|Intimidate|boost\n|-unboost|p2a: Landorus|atk|1\n|-fail|p2b: Koraidon|unboost|[from] item: Clear Amulet|[of] p2b: Koraidon\n|turn|8\n|\n|t:|1769304339\n|move|p2b: Koraidon|Protect|p2b: Koraidon\n|-singleturn|p2b: Koraidon|Protect\n|move|p1a: Incineroar|Fake Out|p2a: Landorus\n|-damage|p2a: Landorus|88/100\n|cant|p2a: Landorus|flinch\n|move|p1b: Calyrex|Trick Room|p1b: Calyrex\n|-fieldstart|move: Trick Room|[of] p1b: Calyrex\n|\n|-weather|SunnyDay|[upkeep]\n|upkeep\n|turn|9\n|\n|t:|1769304353\n|move|p1b: Calyrex|Glacial Lance|p2b: Koraidon|[spread] p2a,p2b\n|-supereffective|p2a: Landorus\n|-resisted|p2b: Koraidon\n|-damage|p2a: Landorus|0 fnt\n|-damage|p2b: Koraidon|0 fnt\n|faint|p2a: Landorus\n|faint|p2b: Koraidon\n|\n|win|Bman311\n|raw|Bman311's rating: 1431 &rarr; <strong>1447</strong><br />(+16 for winning)\n|raw|othunder21's rating: 1363 &rarr; <strong>1347</strong><br />(-16 for losing)\n|l|\u2606othunder21\n|player|p2|\n|l|\u2606Bman311\n|player|p1|\n","uploadtime":1769304353,"views":12,"formatid":"gen9vgc2026regi","rating":1347,"private":0,"password":null}