{"id":"gen9vgc2026regi-2545589723","format":"[Gen 9] VGC 2026 Reg I","players":["Zorse Mentality","JOJOJEJEJA"],"log":"|j|\u2606Zorse Mentality\n|j|\u2606JOJOJEJEJA\n|t:|1771866169\n|gametype|doubles\n|player|p1|Zorse Mentality|102|1466\n|player|p2|JOJOJEJEJA|170|1357\n|gen|9\n|tier|[Gen 9] VGC 2026 Reg I\n|rated|\n|rule|Species Clause: Limit one of each Pok\u00e9mon\n|rule|Item Clause: Limit 1 of each item\n|clearpoke\n|poke|p1|Calyrex-Ice, L50|\n|poke|p1|Kyogre, L50|\n|poke|p1|Tornadus, L50, M|\n|poke|p1|Ursaluna, L50, M|\n|poke|p1|Urshifu-*, L50, F|\n|poke|p1|Smeargle, L50, M|\n|poke|p2|Dondozo, L50, F|\n|poke|p2|Tatsugiri, L50, M|\n|poke|p2|Calyrex-Shadow, L50|\n|poke|p2|Kyogre, L50|\n|poke|p2|Rillaboom, L50, M|\n|poke|p2|Raichu, L50, M|\n|teampreview|4\n|inactive|Battle timer is ON: inactive players will automatically lose when time's up. (requested by JOJOJEJEJA)\n|\n|t:|1771866183\n|teamsize|p1|4\n|teamsize|p2|4\n|start\n|switch|p1a: Tornadus|Tornadus, L50, M|100/100\n|switch|p1b: Kyogre|Kyogre, L50|100/100\n|switch|p2a: Calyrex|Calyrex-Shadow, L50|100/100\n|switch|p2b: Kyogre|Kyogre, L50|100/100\n|-ability|p2a: Calyrex|As One\n|-ability|p2a: Calyrex|Unnerve\n|-weather|RainDance|[from] ability: Drizzle|[of] p2b: Kyogre\n|turn|1\n|inactive|Zorse Mentality has 30 seconds left.\n|inactive|Zorse Mentality has 20 seconds left.\n|\n|t:|1771866220\n|move|p1a: Tornadus|Tailwind|p1a: Tornadus\n|-sidestart|p1: Zorse Mentality|move: Tailwind\n|move|p1b: Kyogre|Water Spout|p2a: Calyrex|[spread] p2a,p2b\n|-resisted|p2b: Kyogre\n|-damage|p2a: Calyrex|0 fnt\n|-damage|p2b: Kyogre|59/100\n|faint|p2a: Calyrex\n|move|p2b: Kyogre|Thunder|p1a: Tornadus\n|-supereffective|p1a: Tornadus\n|-enditem|p1a: Tornadus|Focus Sash\n|-damage|p1a: Tornadus|1/100\n|-status|p1a: Tornadus|par\n|\n|-weather|RainDance|[upkeep]\n|upkeep\n|\n|t:|1771866232\n|switch|p2a: Dondozo|Dondozo, L50, F|100/100\n|turn|2\n|\n|t:|1771866252\n|switch|p2b: Tatsugiri|Tatsugiri, L50, M|100/100\n|-activate|p2b: Tatsugiri|ability: Commander|[of] p2a: Dondozo\n|-boost|p2a: Dondozo|atk|2\n|-boost|p2a: Dondozo|spa|2\n|-boost|p2a: Dondozo|spe|2\n|-boost|p2a: Dondozo|def|2\n|-boost|p2a: Dondozo|spd|2\n|switch|p1a: Urshifu|Urshifu-Rapid-Strike, L50, F|100/100\n|-terastallize|p1b: Kyogre|Electric\n|-terastallize|p2a: Dondozo|Water\n|move|p1b: Kyogre|Thunder|p2a: Dondozo\n|-supereffective|p2a: Dondozo\n|-damage|p2a: Dondozo|35/100\n|move|p2a: Dondozo|Surf|p1a: Urshifu|[spread] p1a,p1b\n|-miss|p2a: Dondozo|p2b: Tatsugiri\n|-resisted|p1a: Urshifu\n|-damage|p1a: Urshifu|22/100\n|-damage|p1b: Kyogre|28/100\n|\n|-weather|RainDance|[upkeep]\n|-heal|p2a: Dondozo|41/100|[from] item: Leftovers\n|upkeep\n|turn|3\n|inactive|Zorse Mentality has 30 seconds left.\n|inactive|JOJOJEJEJA has 30 seconds left.\n|\n|t:|1771866282\n|move|p2a: Dondozo|Protect|p2a: Dondozo\n|-singleturn|p2a: Dondozo|Protect\n|move|p1a: Urshifu|Close Combat|p2a: Dondozo\n|-damage|p2a: Dondozo|10/100\n|-unboost|p1a: Urshifu|def|1\n|-unboost|p1a: Urshifu|spd|1\n|move|p1b: Kyogre|Thunder|p2a: Dondozo\n|-activate|p2a: Dondozo|move: Protect\n|\n|-weather|RainDance|[upkeep]\n|-heal|p2a: Dondozo|16/100|[from] item: Leftovers\n|upkeep\n|turn|4\n|\n|t:|1771866301\n|move|p1a: Urshifu|Close Combat|p2a: Dondozo\n|-damage|p2a: Dondozo|0 fnt\n|-unboost|p1a: Urshifu|def|1\n|-unboost|p1a: Urshifu|spd|1\n|faint|p2a: Dondozo\n|move|p1b: Kyogre|Thunder|p2b: Tatsugiri\n|-damage|p2b: Tatsugiri|15/100\n|\n|-weather|RainDance|[upkeep]\n|-sideend|p1: Zorse Mentality|move: Tailwind\n|upkeep\n|\n|t:|1771866311\n|switch|p2a: Kyogre|Kyogre, L50|59/100\n|turn|5\n|\n|t:|1771866333\n|move|p1b: Kyogre|Protect|p1b: Kyogre\n|-singleturn|p1b: Kyogre|Protect\n|move|p2a: Kyogre|Water Spout|p1b: Kyogre|[spread] p1a\n|-activate|p1b: Kyogre|move: Protect\n|-resisted|p1a: Urshifu\n|-damage|p1a: Urshifu|0 fnt\n|faint|p1a: Urshifu\n|move|p2b: Tatsugiri|Muddy Water|p1b: Kyogre\n|-activate|p1b: Kyogre|move: Protect\n|\n|-weather|none\n|upkeep\n|\n|t:|1771866345\n|switch|p1a: Tornadus|Tornadus, L50, M|1/100 par\n|turn|6\n|\n|t:|1771866365\n|move|p1a: Tornadus|Tailwind|p1a: Tornadus\n|-sidestart|p1: Zorse Mentality|move: Tailwind\n|move|p1b: Kyogre|Thunder|p2a: Kyogre\n|-supereffective|p2a: Kyogre\n|-damage|p2a: Kyogre|0 fnt\n|faint|p2a: Kyogre\n|move|p2b: Tatsugiri|Muddy Water|p1a: Tornadus|[spread] p1a\n|-miss|p2b: Tatsugiri|p1b: Kyogre\n|-damage|p1a: Tornadus|0 fnt\n|faint|p1a: Tornadus\n|\n|upkeep\n|\n|t:|1771866377\n|switch|p1a: Calyrex|Calyrex-Ice, L50|100/100\n|-ability|p1a: Calyrex|As One\n|-ability|p1a: Calyrex|Unnerve\n|turn|7\n|-message|JOJOJEJEJA forfeited.\n|\n|win|Zorse Mentality\n|raw|Zorse Mentality's rating: 1466 &rarr; <strong>1480</strong><br />(+14 for winning)\n|raw|JOJOJEJEJA's rating: 1357 &rarr; <strong>1343</strong><br />(-14 for losing)\n|l|\u2606JOJOJEJEJA\n|player|p2|\n|l|\u2606Zorse Mentality\n|player|p1|\n","uploadtime":1771866562,"views":14,"formatid":"gen9vgc2026regi","rating":1343,"private":0,"password":null}