{"id":"gen9vgc2026regi-2578077449","format":"[Gen 9] VGC 2026 Reg I","players":["TheManOfSausage","rkmu"],"log":"|j|\u2606TheManOfSausage\n|j|\u2606rkmu\n|t:|1775645082\n|gametype|doubles\n|player|p1|TheManOfSausage|miku-water|1590\n|player|p2|rkmu|lucas|1440\n|gen|9\n|tier|[Gen 9] VGC 2026 Reg I\n|rated|\n|rule|Species Clause: Limit one of each Pok\u00e9mon\n|rule|Item Clause: Limit 1 of each item\n|clearpoke\n|poke|p1|Ho-Oh, L50|\n|poke|p1|Miraidon, L50|\n|poke|p1|Farigiraf, L50, F|\n|poke|p1|Urshifu-*, L50, M|\n|poke|p1|Iron Treads, L50|\n|poke|p1|Iron Hands, L50|\n|poke|p2|Incineroar, L50, M|\n|poke|p2|Tyranitar, L50, F|\n|poke|p2|Zamazenta-*, L50|\n|poke|p2|Amoonguss, L50, M|\n|poke|p2|Calyrex-Shadow, L50|\n|poke|p2|Araquanid, L50, F|\n|teampreview|4\nTheManOfSausage has agreed to open team sheets.\n|\n|t:|1775645107\n|teamsize|p1|4\n|teamsize|p2|4\n|start\n|switch|p1a: Magical Mirai|Miraidon, L50|100/100\n|switch|p1b: Farigiraf|Farigiraf, L50, F|100/100\n|switch|p2a: Tyranitar|Tyranitar, L50, F|100/100\n|switch|p2b: Zamazenta|Zamazenta-Crowned, L50|100/100\n|-ability|p2b: Zamazenta|Dauntless Shield|boost\n|-boost|p2b: Zamazenta|def|1\n|-fieldstart|move: Electric Terrain|[from] ability: Hadron Engine|[of] p1a: Magical Mirai\n|-enditem|p1b: Farigiraf|Electric Seed\n|-boost|p1b: Farigiraf|def|1|[from] item: Electric Seed\n|-weather|Sandstorm|[from] ability: Sand Stream|[of] p2a: Tyranitar\n|turn|1\n|\n|t:|1775645126\n|move|p2b: Zamazenta|Protect|p2b: Zamazenta\n|-singleturn|p2b: Zamazenta|Protect\n|move|p1a: Magical Mirai|Volt Switch|p2b: Zamazenta\n|-activate|p2b: Zamazenta|move: Protect\n|move|p2a: Tyranitar|Knock Off|p1a: Magical Mirai\n|-damage|p1a: Magical Mirai|46/100\n|-enditem|p1a: Magical Mirai|Choice Specs|[from] move: Knock Off|[of] p2a: Tyranitar\n|move|p1b: Farigiraf|Trick Room|p1b: Farigiraf\n|-fieldstart|move: Trick Room|[of] p1b: Farigiraf\n|\n|-weather|Sandstorm|[upkeep]\n|-damage|p1b: Farigiraf|95/100|[from] Sandstorm\n|-damage|p1a: Magical Mirai|40/100|[from] Sandstorm\n|upkeep\n|turn|2\n|\n|t:|1775645148\n|move|p1b: Farigiraf|Psychic|p2b: Zamazenta\n|-damage|p2b: Zamazenta|72/100\n|move|p2a: Tyranitar|Rock Slide|p1a: Magical Mirai|[spread] p1a\n|-miss|p2a: Tyranitar|p1b: Farigiraf\n|-damage|p1a: Magical Mirai|9/100\n|move|p1a: Magical Mirai|Volt Switch|p2b: Zamazenta\n|-damage|p2b: Zamazenta|18/100\n|\n|t:|1775645156\n|switch|p1a: Brian|Iron Hands, L50, shiny|100/100|[from] Volt Switch\n|-activate|p1a: Brian|ability: Quark Drive\n|-start|p1a: Brian|quarkdriveatk\n|move|p2b: Zamazenta|Iron Defense|p2b: Zamazenta\n|-boost|p2b: Zamazenta|def|2\n|\n|-weather|Sandstorm|[upkeep]\n|-damage|p1a: Brian|95/100|[from] Sandstorm\n|-damage|p1b: Farigiraf|89/100|[from] Sandstorm\n|upkeep\n|turn|3\n|\n|t:|1775645187\n|switch|p2a: Amoonguss|Amoonguss, L50, M|100/100\n|move|p2b: Zamazenta|Protect|p2b: Zamazenta\n|-singleturn|p2b: Zamazenta|Protect\n|move|p1a: Brian|Wild Charge|p2a: Amoonguss\n|-resisted|p2a: Amoonguss\n|-damage|p2a: Amoonguss|54/100\n|-damage|p1a: Brian|78/100|[from] item: Rocky Helmet|[of] p2a: Amoonguss\n|-damage|p1a: Brian|68/100|[from] Recoil\n|move|p1b: Farigiraf|Psychic|p2b: Zamazenta\n|-activate|p2b: Zamazenta|move: Protect\n|\n|-weather|Sandstorm|[upkeep]\n|-damage|p2a: Amoonguss|48/100|[from] Sandstorm\n|-damage|p1a: Brian|62/100|[from] Sandstorm\n|-damage|p1b: Farigiraf|83/100|[from] Sandstorm\n|upkeep\n|turn|4\n|\n|t:|1775645229\n|move|p2a: Amoonguss|Rage Powder|p2a: Amoonguss\n|-singleturn|p2a: Amoonguss|move: Rage Powder\n|move|p1a: Brian|Wild Charge|p2a: Amoonguss\n|-resisted|p2a: Amoonguss\n|-damage|p2a: Amoonguss|0 fnt\n|-damage|p1a: Brian|46/100|[from] item: Rocky Helmet|[of] p2a: Amoonguss\n|faint|p2a: Amoonguss\n|-damage|p1a: Brian|35/100|[from] Recoil\n|move|p1b: Farigiraf|Psychic|p2b: Zamazenta\n|-damage|p2b: Zamazenta|0 fnt\n|faint|p2b: Zamazenta\n|\n|-weather|Sandstorm|[upkeep]\n|-damage|p1a: Brian|29/100|[from] Sandstorm\n|-damage|p1b: Farigiraf|77/100|[from] Sandstorm\n|upkeep\n|\n|t:|1775645234\n|switch|p2a: Tyranitar|Tyranitar, L50, F|100/100\n|switch|p2b: Calyrex|Calyrex-Shadow, L50|100/100\n|-ability|p2b: Calyrex|As One\n|-ability|p2b: Calyrex|Unnerve\n|turn|5\n|\n|t:|1775645243\n|-terastallize|p2a: Tyranitar|Ghost\n|move|p2b: Calyrex|Protect|p2b: Calyrex\n|-singleturn|p2b: Calyrex|Protect\n|move|p1a: Brian|Drain Punch|p2a: Tyranitar\n|-immune|p2a: Tyranitar\n|move|p2a: Tyranitar|Knock Off|p1b: Farigiraf\n|-supereffective|p1b: Farigiraf\n|-damage|p1b: Farigiraf|33/100\n|move|p1b: Farigiraf|Foul Play|p2b: Calyrex\n|-activate|p2b: Calyrex|move: Protect\n|\n|-weather|none\n|-fieldend|move: Trick Room\n|-fieldend|move: Electric Terrain\n|-end|p1a: Brian|Quark Drive\n|upkeep\n|turn|6\n|\n|t:|1775645273\n|-end|p1a: Brian|Quark Drive|[silent]\n|switch|p1a: Ho-Oh|Ho-Oh, L50|100/100\n|move|p2b: Calyrex|Psychic|p1a: Ho-Oh\n|-damage|p1a: Ho-Oh|70/100\n|move|p2a: Tyranitar|Knock Off|p1b: Farigiraf\n|-supereffective|p1b: Farigiraf\n|-damage|p1b: Farigiraf|0 fnt\n|faint|p1b: Farigiraf\n|\n|upkeep\n|\n|t:|1775645286\n|switch|p1b: Brian|Iron Hands, L50, shiny|29/100\n|turn|7\n|\n|t:|1775645296\n|-terastallize|p1a: Ho-Oh|Grass\n|move|p2b: Calyrex|Astral Barrage|p1a: Ho-Oh|[spread] p1a,p1b\n|-damage|p1a: Ho-Oh|37/100\n|-damage|p1b: Brian|0 fnt\n|faint|p1b: Brian\n|-end|p1b: Brian|Quark Drive|[silent]\n|-ability|p2b: Calyrex|Grim Neigh|boost\n|-boost|p2b: Calyrex|spa|1\n|move|p1a: Ho-Oh|Tailwind|p1a: Ho-Oh\n|-sidestart|p1: TheManOfSausage|move: Tailwind\n|move|p2a: Tyranitar|Rock Slide|p1a: Ho-Oh\n|-damage|p1a: Ho-Oh|0 fnt\n|faint|p1a: Ho-Oh\n|\n|upkeep\n|\n|t:|1775645301\n|switch|p1a: Magical Mirai|Miraidon, L50|9/100\n|-fieldstart|move: Electric Terrain|[from] ability: Hadron Engine|[of] p1a: Magical Mirai\n|turn|8\n|\n|t:|1775645326\n|move|p1a: Magical Mirai|Dazzling Gleam|p2b: Calyrex|[spread] p2a,p2b\n|-damage|p2a: Tyranitar|84/100\n|-damage|p2b: Calyrex|67/100\n|move|p2b: Calyrex|Psychic|p1a: Magical Mirai\n|-damage|p1a: Magical Mirai|0 fnt\n|faint|p1a: Magical Mirai\n|\n|win|rkmu\n|raw|TheManOfSausage's rating: 1590 &rarr; <strong>1562</strong><br />(-28 for losing)\n|raw|rkmu's rating: 1440 &rarr; <strong>1468</strong><br />(+28 for winning)\n|l|\u2606TheManOfSausage\n|player|p1|\n|l|\u2606rkmu\n|player|p2|\n","uploadtime":1775645633,"views":9,"formatid":"gen9vgc2026regi","rating":1468,"private":0,"password":null}