{"id":"gen9vgc2026regi-2578298065","format":"[Gen 9] VGC 2026 Reg I","players":["Jon_oconn","chatis"],"log":"|j|\u2606Jon_oconn\n|j|\u203dchatis\n|t:|1775666323\n|gametype|doubles\n|player|p1|Jon_oconn|1|1432\n|player|p2|chatis|ghetsis-gen5bw|1395\n|gen|9\n|tier|[Gen 9] VGC 2026 Reg I\n|rated|\n|rule|Species Clause: Limit one of each Pok\u00e9mon\n|rule|Item Clause: Limit 1 of each item\n|clearpoke\n|poke|p1|Rillaboom, L50, F|\n|poke|p1|Tornadus, L50, M|\n|poke|p1|Calyrex-Ice, L50|\n|poke|p1|Ninetales-Alola, L50, M|\n|poke|p1|Kyogre, L50|\n|poke|p1|Farigiraf, L50, M|\n|poke|p2|Miraidon, L50|\n|poke|p2|Calyrex-Ice, L50|\n|poke|p2|Incineroar, L50, F|\n|poke|p2|Urshifu-*, L50, F|\n|poke|p2|Farigiraf, L50, F|\n|poke|p2|Landorus, L50, M|\n|teampreview|4\n|inactive|Battle timer is ON: inactive players will automatically lose when time's up. (requested by chatis)\n|inactive|Jon_oconn has 60 seconds left.\n|\n|t:|1775666363\n|teamsize|p1|4\n|teamsize|p2|4\n|start\n|switch|p1a: Ninetales|Ninetales-Alola, L50, M|100/100\n|switch|p1b: Calyrex|Calyrex-Ice, L50|100/100\n|switch|p2a: Calyrex|Calyrex-Ice, L50|100/100\n|switch|p2b: Miraidon|Miraidon, L50|100/100\n|-ability|p2a: Calyrex|As One\n|-ability|p2a: Calyrex|Unnerve\n|-ability|p1b: Calyrex|As One\n|-ability|p1b: Calyrex|Unnerve\n|-fieldstart|move: Electric Terrain|[from] ability: Hadron Engine|[of] p2b: Miraidon\n|-weather|Snowscape|[from] ability: Snow Warning|[of] p1a: Ninetales\n|turn|1\n|\n|t:|1775666383\n|switch|p2a: Incineroar|Incineroar, L50, F|100/100\n|-ability|p2a: Incineroar|Intimidate|boost\n|-unboost|p1a: Ninetales|atk|1\n|-unboost|p1b: Calyrex|atk|1\n|-terastallize|p2b: Miraidon|Electric\n|move|p1b: Calyrex|Protect|p1b: Calyrex\n|-singleturn|p1b: Calyrex|Protect\n|move|p2b: Miraidon|Electro Drift|p1b: Calyrex\n|-activate|p1b: Calyrex|move: Protect\n|move|p1a: Ninetales|Aurora Veil|p1a: Ninetales\n|-sidestart|p1: Jon_oconn|move: Aurora Veil\n|\n|-weather|Snowscape|[upkeep]\n|upkeep\n|turn|2\n|\n|t:|1775666402\n|switch|p1b: Rillaboom|Rillaboom, L50, F|100/100\n|-fieldstart|move: Grassy Terrain|[from] ability: Grassy Surge|[of] p1b: Rillaboom\n|move|p1a: Ninetales|Protect|p1a: Ninetales\n|-singleturn|p1a: Ninetales|Protect\n|move|p2b: Miraidon|Electro Drift|p1b: Rillaboom\n|-resisted|p1b: Rillaboom\n|-damage|p1b: Rillaboom|85/100\n|move|p2a: Incineroar|Knock Off|p1b: Rillaboom\n|-crit|p1b: Rillaboom\n|-damage|p1b: Rillaboom|16/100\n|-enditem|p1b: Rillaboom|Assault Vest|[from] move: Knock Off|[of] p2a: Incineroar\n|\n|-weather|Snowscape|[upkeep]\n|-heal|p1b: Rillaboom|22/100|[from] Grassy Terrain\n|upkeep\n|turn|3\n|inactive|Jon_oconn has 30 seconds left.\n|\n|t:|1775666436\n|switch|p2b: Farigiraf|Farigiraf, L50, F|100/100\n|move|p1b: Rillaboom|Grassy Glide||[still]\n|cant|p2b: Farigiraf|ability: Armor Tail|Grassy Glide|[of] p1b: Rillaboom\n|move|p1a: Ninetales|Moonblast|p2b: Farigiraf\n|-damage|p2b: Farigiraf|75/100\n|move|p2a: Incineroar|Flare Blitz|p1a: Ninetales\n|-supereffective|p1a: Ninetales\n|-damage|p1a: Ninetales|46/100\n|-damage|p2a: Incineroar|88/100|[from] Recoil\n|\n|-weather|Snowscape|[upkeep]\n|-heal|p1a: Ninetales|53/100|[from] Grassy Terrain\n|-heal|p1b: Rillaboom|28/100|[from] Grassy Terrain\n|-heal|p2a: Incineroar|94/100|[from] Grassy Terrain\n|-heal|p2b: Farigiraf|81/100|[from] Grassy Terrain\n|upkeep\n|turn|4\n|inactive|Jon_oconn has 30 seconds left.\n|inactive|chatis has 30 seconds left.\n|\n|t:|1775666474\n|switch|p1a: Calyrex|Calyrex-Ice, L50|100/100\n|-ability|p1a: Calyrex|As One\n|-ability|p1a: Calyrex|Unnerve\n|move|p1b: Rillaboom|U-turn|p2b: Farigiraf\n|-supereffective|p2b: Farigiraf\n|-damage|p2b: Farigiraf|45/100\n|\n|t:|1775666482\n|switch|p1b: Kyogre|Kyogre, L50|100/100|[from] U-turn\n|-weather|RainDance|[from] ability: Drizzle|[of] p1b: Kyogre\n|move|p2a: Incineroar|Flare Blitz|p1a: Calyrex\n|-supereffective|p1a: Calyrex\n|-damage|p1a: Calyrex|81/100\n|-damage|p2a: Incineroar|87/100|[from] Recoil\n|move|p2b: Farigiraf|Foul Play|p1b: Kyogre\n|-damage|p1b: Kyogre|87/100\n|\n|-weather|RainDance|[upkeep]\n|-heal|p1b: Kyogre|94/100|[from] Grassy Terrain\n|-heal|p2a: Incineroar|93/100|[from] Grassy Terrain\n|-heal|p2b: Farigiraf|52/100|[from] Grassy Terrain\n|-heal|p1a: Calyrex|86/100|[from] Grassy Terrain\n|-heal|p1a: Calyrex|92/100|[from] item: Leftovers\n|upkeep\n|turn|5\n|inactive|chatis has 30 seconds left.\n|inactive|chatis has 20 seconds left.\n|\n|t:|1775666520\n|-terastallize|p1b: Kyogre|Water\n|move|p1b: Kyogre|Water Spout|p2a: Incineroar|[spread] p2a,p2b\n|-supereffective|p2a: Incineroar\n|-damage|p2a: Incineroar|0 fnt\n|-damage|p2b: Farigiraf|0 fnt\n|faint|p2a: Incineroar\n|faint|p2b: Farigiraf\n|move|p1a: Calyrex|Glacial Lance|p2: Incineroar|[notarget]\n|-fail|p1a: Calyrex\n|\n|-weather|RainDance|[upkeep]\n|-heal|p1b: Kyogre|99/100|[from] Grassy Terrain\n|-heal|p1a: Calyrex|98/100|[from] Grassy Terrain\n|-heal|p1a: Calyrex|100/100|[from] item: Leftovers\n|-sideend|p1: Jon_oconn|move: Aurora Veil\n|upkeep\n|\n|t:|1775666524\n|switch|p2a: Miraidon|Miraidon, L50, tera:Electric|100/100\n|switch|p2b: Calyrex|Calyrex-Ice, L50|100/100\n|-ability|p2b: Calyrex|As One\n|-ability|p2b: Calyrex|Unnerve\n|-fieldstart|move: Electric Terrain|[from] ability: Hadron Engine|[of] p2a: Miraidon\n|turn|6\n|inactive|Jon_oconn has 30 seconds left.\n|\n|t:|1775666549\n|switch|p1b: Ninetales|Ninetales-Alola, L50, M|53/100\n|-weather|Snowscape|[from] ability: Snow Warning|[of] p1b: Ninetales\n|move|p1a: Calyrex|Protect|p1a: Calyrex\n|-singleturn|p1a: Calyrex|Protect\n|move|p2a: Miraidon|Electro Drift|p1b: Ninetales\n|-damage|p1b: Ninetales|0 fnt\n|faint|p1b: Ninetales\n|move|p2b: Calyrex|Glacial Lance|p1a: Calyrex\n|-activate|p1a: Calyrex|move: Protect\n|\n|-weather|Snowscape|[upkeep]\n|upkeep\n|\n|t:|1775666564\n|switch|p1b: Rillaboom|Rillaboom, L50, F|28/100\n|-fieldstart|move: Grassy Terrain|[from] ability: Grassy Surge|[of] p1b: Rillaboom\n|turn|7\n|\n|t:|1775666571\n|move|p1b: Rillaboom|Fake Out|p2a: Miraidon\n|-damage|p2a: Miraidon|87/100\n|cant|p2a: Miraidon|flinch\n|move|p2b: Calyrex|Glacial Lance|p1b: Rillaboom|[spread] p1a,p1b\n|-resisted|p1a: Calyrex\n|-supereffective|p1b: Rillaboom\n|-damage|p1a: Calyrex|88/100\n|-damage|p1b: Rillaboom|0 fnt\n|faint|p1b: Rillaboom\n|-ability|p2b: Calyrex|Chilling Neigh|boost\n|-boost|p2b: Calyrex|atk|1\n|move|p1a: Calyrex|Glacial Lance|p2b: Calyrex|[spread] p2a,p2b\n|-resisted|p2b: Calyrex\n|-damage|p2a: Miraidon|26/100\n|-damage|p2b: Calyrex|89/100\n|\n|-weather|Snowscape|[upkeep]\n|-heal|p2a: Miraidon|32/100|[from] Grassy Terrain\n|-heal|p2b: Calyrex|95/100|[from] Grassy Terrain\n|-heal|p1a: Calyrex|94/100|[from] Grassy Terrain\n|-heal|p1a: Calyrex|99/100|[from] item: Leftovers\n|upkeep\n|\n|t:|1775666590\n|switch|p1b: Kyogre|Kyogre, L50, tera:Water|99/100\n|-weather|RainDance|[from] ability: Drizzle|[of] p1b: Kyogre\n|turn|8\n|\n|t:|1775666604\n|move|p2a: Miraidon|Electro Drift|p1b: Kyogre\n|-supereffective|p1b: Kyogre\n|-damage|p1b: Kyogre|0 fnt\n|faint|p1b: Kyogre\n|move|p2b: Calyrex|High Horsepower|p1a: Calyrex\n|-damage|p1a: Calyrex|62/100\n|move|p1a: Calyrex|Glacial Lance|p2a: Miraidon|[spread] p2a,p2b\n|-resisted|p2b: Calyrex\n|-damage|p2a: Miraidon|0 fnt\n|-damage|p2b: Calyrex|76/100\n|faint|p2a: Miraidon\n|-ability|p1a: Calyrex|Chilling Neigh|boost\n|-boost|p1a: Calyrex|atk|1\n|\n|-weather|RainDance|[upkeep]\n|-heal|p2b: Calyrex|82/100|[from] Grassy Terrain\n|-heal|p1a: Calyrex|68/100|[from] Grassy Terrain\n|-heal|p1a: Calyrex|73/100|[from] item: Leftovers\n|upkeep\n|turn|9\n|\n|t:|1775666623\n|move|p2b: Calyrex|High Horsepower|p1a: Calyrex\n|-damage|p1a: Calyrex|35/100\n|move|p1a: Calyrex|Leech Seed|p2b: Calyrex\n|-start|p2b: Calyrex|move: Leech Seed\n|\n|-weather|RainDance|[upkeep]\n|-heal|p2b: Calyrex|88/100|[from] Grassy Terrain\n|-heal|p1a: Calyrex|41/100|[from] Grassy Terrain\n|-heal|p1a: Calyrex|46/100|[from] item: Leftovers\n|-damage|p2b: Calyrex|76/100|[from] Leech Seed|[of] p1a: Calyrex\n|-heal|p1a: Calyrex|58/100|[silent]\n|upkeep\n|turn|10\n|\n|t:|1775666634\n|move|p1a: Calyrex|Protect|p1a: Calyrex\n|-singleturn|p1a: Calyrex|Protect\n|move|p2b: Calyrex|High Horsepower|p1a: Calyrex\n|-activate|p1a: Calyrex|move: Protect\n|\n|-weather|RainDance|[upkeep]\n|-heal|p2b: Calyrex|82/100|[from] Grassy Terrain\n|-heal|p1a: Calyrex|64/100|[from] Grassy Terrain\n|-heal|p1a: Calyrex|70/100|[from] item: Leftovers\n|-damage|p2b: Calyrex|70/100|[from] Leech Seed|[of] p1a: Calyrex\n|-heal|p1a: Calyrex|82/100|[silent]\n|upkeep\n|turn|11\n|\n|t:|1775666647\n|move|p2b: Calyrex|High Horsepower|p1a: Calyrex\n|-damage|p1a: Calyrex|44/100\n|move|p1a: Calyrex|Pollen Puff|p2b: Calyrex\n|-supereffective|p2b: Calyrex\n|-damage|p2b: Calyrex|44/100\n|\n|-weather|RainDance|[upkeep]\n|-heal|p2b: Calyrex|50/100|[from] Grassy Terrain\n|-heal|p1a: Calyrex|50/100|[from] Grassy Terrain\n|-heal|p1a: Calyrex|56/100|[from] item: Leftovers\n|-damage|p2b: Calyrex|38/100|[from] Leech Seed|[of] p1a: Calyrex\n|-heal|p1a: Calyrex|68/100|[silent]\n|-fieldend|move: Grassy Terrain\n|upkeep\n|turn|12\n|-message|chatis forfeited.\n|\n|win|Jon_oconn\n|raw|Jon_oconn's rating: 1432 &rarr; <strong>1448</strong><br />(+16 for winning)\n|raw|chatis's rating: 1369 &rarr; <strong>1353</strong><br />(-16 for losing)\n|l|\u203dchatis\n|player|p2|\n|l|\u2606Jon_oconn\n|player|p1|\n","uploadtime":1775666898,"views":9,"formatid":"gen9vgc2026regi","rating":1353,"private":0,"password":null}