{"id":"gen9vgc2026regi-2566999077","format":"[Gen 9] VGC 2026 Reg I","players":["ryankun26","Voth"],"log":"|j|\u2606ryankun26\n|j|\u2606Voth\n|t:|1774439927\n|gametype|doubles\n|player|p1|ryankun26|hilda|1256\n|player|p2|Voth|dawn|1347\n|gen|9\n|tier|[Gen 9] VGC 2026 Reg I\n|rated|\n|rule|Species Clause: Limit one of each Pok\u00e9mon\n|rule|Item Clause: Limit 1 of each item\n|clearpoke\n|poke|p1|Koraidon, L50|\n|poke|p1|Terapagos, L50, M|\n|poke|p1|Scream Tail, L50|\n|poke|p1|Clefairy, L50, M|\n|poke|p1|Incineroar, L50, F|\n|poke|p1|Rillaboom, L50, M|\n|poke|p2|Urshifu-*, L50, M|\n|poke|p2|Calyrex-Ice, L50|\n|poke|p2|Tornadus, L50, M|\n|poke|p2|Landorus, L50, M|\n|poke|p2|Rillaboom, L50, F|\n|poke|p2|Kyogre, L50|\n|teampreview|4\n|inactive|Battle timer is ON: inactive players will automatically lose when time's up. (requested by ryankun26)\n|inactive|ryankun26 has 60 seconds left.\n|\n|t:|1774439972\n|teamsize|p1|4\n|teamsize|p2|4\n|start\n|switch|p1a: Rillaboom|Rillaboom, L50, M|100/100\n|switch|p1b: Terapagos|Terapagos, L50, M|100/100\n|switch|p2a: Cassius|Tornadus, L50, M|100/100\n|switch|p2b: Sevro|Urshifu-Rapid-Strike, L50, M|100/100\n|-activate|p1b: Terapagos|ability: Tera Shift\n|detailschange|p1b: Terapagos|Terapagos-Terastal, L50, M\n|-heal|p1b: Terapagos|100/100|[silent]\n|-fieldstart|move: Grassy Terrain|[from] ability: Grassy Surge|[of] p1a: Rillaboom\n|turn|1\n|\n|t:|1774439989\n|switch|p2b: Mustang|Calyrex-Ice, L50|100/100\n|-ability|p2b: Mustang|As One\n|-ability|p2b: Mustang|Unnerve\n|move|p1a: Rillaboom|Fake Out|p2b: Mustang\n|-damage|p2b: Mustang|92/100\n|move|p1b: Terapagos|Meteor Beam||[still]\n|-prepare|p1b: Terapagos|Meteor Beam\n|-boost|p1b: Terapagos|spa|1\n|-enditem|p1b: Terapagos|Power Herb\n|-anim|p1b: Terapagos|Meteor Beam|p2a: Cassius\n|-supereffective|p2a: Cassius\n|-crit|p2a: Cassius\n|-damage|p2a: Cassius|0 fnt\n|faint|p2a: Cassius\n|\n|-heal|p2b: Mustang|98/100|[from] Grassy Terrain\n|-heal|p2b: Mustang|100/100|[from] item: Leftovers\n|upkeep\n|\n|t:|1774440005\n|switch|p2a: Victra|Kyogre, L50|100/100\n|-weather|RainDance|[from] ability: Drizzle|[of] p2a: Victra\n|turn|2\n|\n|t:|1774440019\n|-terastallize|p1b: Terapagos|Stellar\n|detailschange|p1b: Terapagos|Terapagos-Stellar, L50, M, tera:Stellar\n|-heal|p1b: Terapagos|100/100|[silent]\n|-ability|p1b: Terapagos|Teraform Zero\n|-weather|none\n|-fieldend|move: Grassy Terrain\n|move|p2a: Victra|Protect|p2a: Victra\n|-singleturn|p2a: Victra|Protect\n|move|p1b: Terapagos|Tera Starstorm|p2b: Mustang|[spread] p2b\n|-activate|p2a: Victra|move: Protect\n|-damage|p2b: Mustang|69/100\n|move|p1a: Rillaboom|Wood Hammer|p2a: Victra\n|-activate|p2a: Victra|move: Protect\n|move|p2b: Mustang|Trick Room|p2b: Mustang\n|-fieldstart|move: Trick Room|[of] p2b: Mustang\n|\n|-heal|p2b: Mustang|74/100|[from] item: Leftovers\n|upkeep\n|turn|3\n|\n|t:|1774440040\n|move|p1b: Terapagos|Protect|p1b: Terapagos\n|-singleturn|p1b: Terapagos|Protect\n|move|p2b: Mustang|Glacial Lance|p1b: Terapagos|[spread] p1a\n|-activate|p1b: Terapagos|move: Protect\n|-supereffective|p1a: Rillaboom\n|-damage|p1a: Rillaboom|2/100\n|move|p2a: Victra|Origin Pulse|p1b: Terapagos|[spread] \n|-activate|p1b: Terapagos|move: Protect\n|-miss|p2a: Victra|p1a: Rillaboom\n|move|p1a: Rillaboom|U-turn|p2b: Mustang\n|-supereffective|p2b: Mustang\n|-damage|p2b: Mustang|45/100\n|\n|t:|1774440053\n|switch|p1a: Clefairy|Clefairy, L50, M|100/100|[from] U-turn\n|\n|-heal|p2b: Mustang|51/100|[from] item: Leftovers\n|upkeep\n|turn|4\n|\n|t:|1774440062\n|move|p1a: Clefairy|After You|p1b: Terapagos\n|-activate|p1b: Terapagos|move: After You\n|move|p1b: Terapagos|Tera Starstorm|p2a: Victra|[spread] p2a,p2b\n|-damage|p2a: Victra|66/100\n|-damage|p2b: Mustang|19/100\n|move|p2b: Mustang|Glacial Lance|p1a: Clefairy|[spread] p1a,p1b\n|-damage|p1a: Clefairy|61/100\n|-damage|p1b: Terapagos|74/100\n|move|p2a: Victra|Water Spout|p1a: Clefairy|[spread] p1a,p1b\n|-damage|p1a: Clefairy|11/100\n|-damage|p1b: Terapagos|44/100\n|\n|-heal|p2b: Mustang|25/100|[from] item: Leftovers\n|upkeep\n|turn|5\n|\n|t:|1774440072\n|move|p2b: Mustang|Protect|p2b: Mustang\n|-singleturn|p2b: Mustang|Protect\n|move|p1a: Clefairy|After You|p1b: Terapagos\n|-activate|p1b: Terapagos|move: After You\n|move|p1b: Terapagos|Tera Starstorm|p2a: Victra|[spread] p2a\n|-activate|p2b: Mustang|move: Protect\n|-damage|p2a: Victra|27/100\n|move|p2a: Victra|Origin Pulse|p1b: Terapagos|[spread] p1a,p1b\n|-crit|p1a: Clefairy\n|-damage|p1a: Clefairy|0 fnt\n|-damage|p1b: Terapagos|10/100\n|faint|p1a: Clefairy\n|\n|-heal|p2b: Mustang|31/100|[from] item: Leftovers\n|upkeep\n|\n|t:|1774440075\n|switch|p1a: Rillaboom|Rillaboom, L50, M|2/100\n|-fieldstart|move: Grassy Terrain|[from] ability: Grassy Surge|[of] p1a: Rillaboom\n|turn|6\n|\n|t:|1774440093\n|move|p2a: Victra|Protect|p2a: Victra\n|-singleturn|p2a: Victra|Protect\n|move|p1b: Terapagos|Protect|p1b: Terapagos\n|-singleturn|p1b: Terapagos|Protect\n|move|p1a: Rillaboom|Grassy Glide|p2b: Mustang\n|-damage|p2b: Mustang|7/100\n|move|p2b: Mustang|Glacial Lance|p1a: Rillaboom|[spread] p1a\n|-activate|p1b: Terapagos|move: Protect\n|-supereffective|p1a: Rillaboom\n|-damage|p1a: Rillaboom|0 fnt\n|faint|p1a: Rillaboom\n|-ability|p2b: Mustang|Chilling Neigh|boost\n|-boost|p2b: Mustang|atk|1\n|\n|-heal|p2b: Mustang|13/100|[from] Grassy Terrain\n|-heal|p2b: Mustang|19/100|[from] item: Leftovers\n|-heal|p2a: Victra|33/100|[from] Grassy Terrain\n|-heal|p1b: Terapagos|16/100|[from] Grassy Terrain\n|-fieldend|move: Trick Room\n|upkeep\n|\n|t:|1774440100\n|switch|p1a: Koraidon|Koraidon, L50|100/100\n|-weather|SunnyDay|[from] ability: Orichalcum Pulse|[of] p1a: Koraidon\n|-activate|p1a: Koraidon|Orichalcum Pulse|[source]\n|turn|7\n|inactive|Voth has 30 seconds left.\n|inactive|Voth has 20 seconds left.\n|\n|t:|1774440138\n|switch|p2a: Sevro|Urshifu-Rapid-Strike, L50, M|100/100\n|move|p1a: Koraidon|Flame Charge|p2a: Sevro\n|-resisted|p2a: Sevro\n|-damage|p2a: Sevro|76/100\n|-boost|p1a: Koraidon|spe|1\n|-damage|p1a: Koraidon|91/100|[from] item: Life Orb\n|move|p1b: Terapagos|Tera Starstorm|p2b: Mustang|[spread] p2a,p2b\n|-damage|p2a: Sevro|0 fnt\n|-damage|p2b: Mustang|0 fnt\n|faint|p2a: Sevro\n|faint|p2b: Mustang\n|\n|-weather|SunnyDay|[upkeep]\n|-heal|p1a: Koraidon|97/100|[from] Grassy Terrain\n|-heal|p1b: Terapagos|22/100|[from] Grassy Terrain\n|upkeep\n|-message|Voth forfeited.\n|\n|win|ryankun26\n|raw|ryankun26's rating: 1256 &rarr; <strong>1287</strong><br />(+31 for winning)\n|raw|Voth's rating: 1347 &rarr; <strong>1322</strong><br />(-25 for losing)\n|l|\u2606Voth\n|player|p2|\n","uploadtime":1774440154,"views":23,"formatid":"gen9vgc2026regi","rating":1287,"private":0,"password":null}