{"id":"gen9vgc2026regi-2560958836","format":"[Gen 9] VGC 2026 Reg I","players":["VJ2511","Highkage2"],"log":"|j|\u2606VJ2511\n|j|\u2606Highkage2\n|t:|1773752089\n|gametype|doubles\n|player|p1|VJ2511|1|1500\n|player|p2|Highkage2|doubleteam|1414\n|gen|9\n|tier|[Gen 9] VGC 2026 Reg I\n|rated|\n|rule|Species Clause: Limit one of each Pok\u00e9mon\n|rule|Item Clause: Limit 1 of each item\n|clearpoke\n|poke|p1|Calyrex-Shadow, L50|\n|poke|p1|Zamazenta-*, L50|\n|poke|p1|Chien-Pao, L50|\n|poke|p1|Dragonite, L50, F|\n|poke|p1|Raging Bolt, L50|\n|poke|p1|Amoonguss, L50, F|\n|poke|p2|Incineroar, L50, M|\n|poke|p2|Landorus, L50, M|\n|poke|p2|Calyrex-Ice, L50|\n|poke|p2|Miraidon, L50|\n|poke|p2|Farigiraf, L50, M|\n|poke|p2|Urshifu-*, L50, M|\n|teampreview|4\n|inactive|Battle timer is ON: inactive players will automatically lose when time's up. (requested by VJ2511)\n|inactive|Highkage2 has 60 seconds left.\n|\n|t:|1773752126\n|teamsize|p1|4\n|teamsize|p2|4\n|start\n|switch|p1a: Zamazenta|Zamazenta-Crowned, L50|100/100\n|switch|p1b: Chien-Pao|Chien-Pao, L50|100/100\n|switch|p2a: Miraidon|Miraidon, L50|100/100\n|switch|p2b: Farigiraf|Farigiraf, L50, M|100/100\n|-ability|p1b: Chien-Pao|Sword of Ruin\n|-fieldstart|move: Electric Terrain|[from] ability: Hadron Engine|[of] p2a: Miraidon\n|-enditem|p2b: Farigiraf|Electric Seed\n|-boost|p2b: Farigiraf|def|1|[from] item: Electric Seed\n|-ability|p1a: Zamazenta|Dauntless Shield|boost\n|-boost|p1a: Zamazenta|def|1\n|turn|1\n|inactive|VJ2511 has 30 seconds left.\n|inactive|Highkage2 has 30 seconds left.\n|inactive|VJ2511 has 20 seconds left.\n|inactive|Highkage2 has 20 seconds left.\n|inactive|VJ2511 has 15 seconds left.\n|inactive|Highkage2 has 15 seconds left.\n|inactive|Highkage2 has 10 seconds left.\n|\n|t:|1773752172\n|-terastallize|p2a: Miraidon|Fairy\n|move|p1b: Chien-Pao|Ice Spinner|p2a: Miraidon\n|-damage|p2a: Miraidon|56/100\n|-fieldend|move: Electric Terrain\n|move|p2a: Miraidon|Electro Drift|p1a: Zamazenta\n|-damage|p1a: Zamazenta|53/100\n|move|p1a: Zamazenta|Body Press|p2a: Miraidon\n|-resisted|p2a: Miraidon\n|-damage|p2a: Miraidon|19/100\n|move|p2b: Farigiraf|Trick Room|p2b: Farigiraf\n|-fieldstart|move: Trick Room|[of] p2b: Farigiraf\n|\n|upkeep\n|turn|2\n|inactive|Highkage2 has 30 seconds left.\n|\n|t:|1773752205\n|switch|p2a: Calyrex|Calyrex-Ice, L50|100/100\n|-ability|p2a: Calyrex|As One\n|-ability|p2a: Calyrex|Unnerve\n|move|p1a: Zamazenta|Protect|p1a: Zamazenta\n|-singleturn|p1a: Zamazenta|Protect\n|move|p2b: Farigiraf|Psychic|p1a: Zamazenta\n|-activate|p1a: Zamazenta|move: Protect\n|move|p1b: Chien-Pao|Ruination|p2b: Farigiraf\n|-damage|p2b: Farigiraf|51/100\n|\n|upkeep\n|turn|3\n|\n|t:|1773752225\n|move|p2a: Calyrex|Leech Seed|p1a: Zamazenta|[miss]\n|-miss|p2a: Calyrex|p1a: Zamazenta\n|move|p2b: Farigiraf|Foul Play|p1b: Chien-Pao\n|-resisted|p1b: Chien-Pao\n|-damage|p1b: Chien-Pao|82/100\n|move|p1a: Zamazenta|Body Press|p2b: Farigiraf\n|-damage|p2b: Farigiraf|0 fnt\n|faint|p2b: Farigiraf\n|move|p1b: Chien-Pao|Ice Spinner|p2a: Calyrex\n|-resisted|p2a: Calyrex\n|-damage|p2a: Calyrex|86/100\n|\n|-heal|p2a: Calyrex|92/100|[from] item: Leftovers\n|upkeep\n|\n|t:|1773752231\n|switch|p2b: Incineroar|Incineroar, L50, M|100/100\n|-ability|p2b: Incineroar|Intimidate|boost\n|-unboost|p1a: Zamazenta|atk|1\n|-unboost|p1b: Chien-Pao|atk|1\n|turn|4\n|\n|t:|1773752243\n|move|p2b: Incineroar|Fake Out|p1a: Zamazenta\n|-resisted|p1a: Zamazenta\n|-damage|p1a: Zamazenta|50/100\n|move|p2a: Calyrex|Glacial Lance|p1a: Zamazenta|[spread] p1a,p1b\n|-resisted|p1a: Zamazenta\n|-resisted|p1b: Chien-Pao\n|-damage|p1a: Zamazenta|38/100\n|-damage|p1b: Chien-Pao|43/100\n|cant|p1a: Zamazenta|flinch\n|move|p1b: Chien-Pao|Ruination|p2a: Calyrex\n|-damage|p2a: Calyrex|46/100\n|\n|-heal|p2a: Calyrex|52/100|[from] item: Leftovers\n|upkeep\n|turn|5\n|-message|Highkage2 forfeited.\n|\n|win|VJ2511\n|raw|VJ2511's rating: 1500 &rarr; <strong>1515</strong><br />(+15 for winning)\n|raw|Highkage2's rating: 1414 &rarr; <strong>1399</strong><br />(-15 for losing)\n|l|\u2606Highkage2\n|player|p2|\n","uploadtime":1773752268,"views":22,"formatid":"gen9vgc2026regi","rating":1399,"private":0,"password":null}