{"id":"gen9vgc2026regi-2561908613","format":"[Gen 9] VGC 2026 Reg I","players":["tolde","GAPDHD"],"log":"|j|\u2606tolde\n|j|\u2606GAPDHD\n|t:|1773853862\n|gametype|doubles\n|player|p1|tolde|101|1401\n|player|p2|GAPDHD|ruinmaniac|1456\n|gen|9\n|tier|[Gen 9] VGC 2026 Reg I\n|rated|\n|rule|Species Clause: Limit one of each Pok\u00e9mon\n|rule|Item Clause: Limit 1 of each item\n|clearpoke\n|poke|p1|Terapagos, L50, M|\n|poke|p1|Incineroar, L50, F|\n|poke|p1|Scream Tail, L50|\n|poke|p1|Miraidon, L50|\n|poke|p1|Ogerpon-Wellspring, L50, F|\n|poke|p1|Mienshao, L50, F|\n|poke|p2|Lunala, L50|\n|poke|p2|Groudon, L50|\n|poke|p2|Indeedee-F, L50, F|\n|poke|p2|Incineroar, L50, F|\n|poke|p2|Brute Bonnet, L50|\n|poke|p2|Flutter Mane, L50|\n|teampreview|4\nGAPDHD has agreed to open team sheets.\n|\n|t:|1773853903\n|teamsize|p1|4\n|teamsize|p2|4\n|start\n|switch|p1a: Terapagos|Terapagos, L50, M|100/100\n|switch|p1b: Miraidon|Miraidon, L50|100/100\n|switch|p2a: Lunala|Lunala, L50|100/100\n|switch|p2b: Brute Bonnet|Brute Bonnet, L50|100/100\n|-activate|p1a: Terapagos|ability: Tera Shift\n|detailschange|p1a: Terapagos|Terapagos-Terastal, L50, M\n|-heal|p1a: Terapagos|100/100|[silent]\n|-fieldstart|move: Electric Terrain|[from] ability: Hadron Engine|[of] p1b: Miraidon\n|-enditem|p1a: Terapagos|Electric Seed\n|-boost|p1a: Terapagos|def|1|[from] item: Electric Seed\n|-enditem|p2b: Brute Bonnet|Booster Energy\n|-activate|p2b: Brute Bonnet|ability: Protosynthesis|[fromitem]\n|-start|p2b: Brute Bonnet|protosynthesisdef\n|turn|1\n|\n|t:|1773853920\n|move|p1b: Miraidon|Snarl|p2a: Lunala|[spread] p2a,p2b\n|-supereffective|p2a: Lunala\n|-resisted|p2b: Brute Bonnet\n|-damage|p2a: Lunala|68/100\n|-damage|p2b: Brute Bonnet|91/100\n|-unboost|p2a: Lunala|spa|1\n|-unboost|p2b: Brute Bonnet|spa|1\n|move|p1a: Terapagos|Calm Mind|p1a: Terapagos\n|-boost|p1a: Terapagos|spa|1\n|-boost|p1a: Terapagos|spd|1\n|move|p2b: Brute Bonnet|Seed Bomb|p1a: Terapagos\n|-activate|p1a: Terapagos|ability: Tera Shell\n|-resisted|p1a: Terapagos\n|-damage|p1a: Terapagos|93/100\n|move|p2a: Lunala|Trick Room|p2a: Lunala\n|-fieldstart|move: Trick Room|[of] p2a: Lunala\n|\n|upkeep\n|turn|2\n|\n|t:|1773853955\n|switch|p2a: Groudon|Groudon, L50|100/100\n|-weather|SunnyDay|[from] ability: Drought|[of] p2a: Groudon\n|move|p2b: Brute Bonnet|Seed Bomb|p1a: Terapagos\n|-damage|p1a: Terapagos|75/100\n|move|p1a: Terapagos|Calm Mind|p1a: Terapagos\n|-boost|p1a: Terapagos|spa|1\n|-boost|p1a: Terapagos|spd|1\n|move|p1b: Miraidon|Snarl|p2b: Brute Bonnet|[spread] p2a,p2b\n|-resisted|p2b: Brute Bonnet\n|-damage|p2a: Groudon|82/100\n|-damage|p2b: Brute Bonnet|80/100\n|-unboost|p2a: Groudon|spa|1\n|-unboost|p2b: Brute Bonnet|spa|1\n|\n|-weather|SunnyDay|[upkeep]\n|upkeep\n|turn|3\n|\n|t:|1773853980\n|-end|p2b: Brute Bonnet|Protosynthesis|[silent]\n|switch|p2b: Lunala|Lunala, L50|68/100\n|switch|p1b: Incineroar|Incineroar, L50, F|100/100\n|-ability|p1b: Incineroar|Intimidate|boost\n|-unboost|p2a: Groudon|atk|1\n|-unboost|p2b: Lunala|atk|1\n|move|p1a: Terapagos|Protect|p1a: Terapagos\n|-singleturn|p1a: Terapagos|Protect\n|move|p2a: Groudon|Precipice Blades|p1b: Incineroar|[spread] p1b\n|-activate|p1a: Terapagos|move: Protect\n|-supereffective|p1b: Incineroar\n|-damage|p1b: Incineroar|1/100\n|\n|-weather|SunnyDay|[upkeep]\n|upkeep\n|turn|4\n|\n|t:|1773853998\n|-terastallize|p1a: Terapagos|Stellar\n|detailschange|p1a: Terapagos|Terapagos-Stellar, L50, M, tera:Stellar\n|-heal|p1a: Terapagos|81/100|[silent]\n|-ability|p1a: Terapagos|Teraform Zero\n|-weather|none\n|-fieldend|move: Electric Terrain\n|move|p1b: Incineroar|Fake Out|p2a: Groudon\n|-damage|p2a: Groudon|75/100\n|move|p2b: Lunala|Wide Guard|p2b: Lunala\n|-singleturn|p2b: Lunala|Wide Guard\n|move|p1a: Terapagos|Tera Starstorm|p2a: Groudon|[spread] \n|-activate|p2a: Groudon|move: Wide Guard\n|-activate|p2b: Lunala|move: Wide Guard\n|cant|p2a: Groudon|flinch\n|\n|upkeep\n|turn|5\n|\n|t:|1773854016\n|-terastallize|p2b: Lunala|Dark\n|move|p1a: Terapagos|Protect|p1a: Terapagos\n|-singleturn|p1a: Terapagos|Protect\n|move|p2b: Lunala|Wide Guard|p2b: Lunala\n|-singleturn|p2b: Lunala|Wide Guard\n|move|p1b: Incineroar|U-turn|p2a: Groudon\n|-damage|p2a: Groudon|64/100\n|\n|t:|1773854026\n|switch|p1b: Mienshao|Mienshao, L50, F|100/100|[from] U-turn\n|move|p2a: Groudon|Precipice Blades|p1b: Mienshao|[spread] p1b\n|-activate|p1a: Terapagos|move: Protect\n|-enditem|p1b: Mienshao|Focus Sash\n|-damage|p1b: Mienshao|1/100\n|\n|-fieldend|move: Trick Room\n|upkeep\n|turn|6\n|\n|t:|1773854048\n|move|p1b: Mienshao|Feint|p2a: Groudon\n|-damage|p2a: Groudon|57/100\n|move|p2a: Groudon|Precipice Blades|p1b: Mienshao|[spread] p1a,p1b\n|-damage|p1a: Terapagos|62/100\n|-damage|p1b: Mienshao|0 fnt\n|faint|p1b: Mienshao\n|move|p1a: Terapagos|Tera Starstorm|p2a: Groudon|[spread] p2a,p2b\n|-supereffective|p2b: Lunala\n|-damage|p2a: Groudon|0 fnt\n|-damage|p2b: Lunala|0 fnt\n|faint|p2a: Groudon\n|faint|p2b: Lunala\n|\n|upkeep\n|\n|t:|1773854059\n|switch|p1b: Miraidon|Miraidon, L50|100/100\n|switch|p2b: Brute Bonnet|Brute Bonnet, L50|80/100\n|switch|p2a: Flutter Mane|Flutter Mane, L50|100/100\n|-fieldstart|move: Electric Terrain|[from] ability: Hadron Engine|[of] p1b: Miraidon\n|turn|7\n|\n|t:|1773854071\n|move|p1b: Miraidon|Volt Switch|p2a: Flutter Mane\n|-damage|p2a: Flutter Mane|27/100\n|j| thechoicetaco\n|\n|t:|1773854074\n|switch|p1b: Incineroar|Incineroar, L50, F|1/100|[from] Volt Switch\n|-ability|p1b: Incineroar|Intimidate|boost\n|-unboost|p2a: Flutter Mane|atk|1\n|-unboost|p2b: Brute Bonnet|atk|1\n|move|p2a: Flutter Mane|Dazzling Gleam|p1a: Terapagos|[spread] p1a,p1b\n|-damage|p1a: Terapagos|53/100\n|-damage|p1b: Incineroar|0 fnt\n|faint|p1b: Incineroar\n|move|p1a: Terapagos|Tera Starstorm|p2b: Brute Bonnet|[spread] p2a,p2b\n|-damage|p2a: Flutter Mane|0 fnt\n|-damage|p2b: Brute Bonnet|24/100\n|faint|p2a: Flutter Mane\n|-end|p2a: Flutter Mane|Protosynthesis|[silent]\n|move|p2b: Brute Bonnet|Seed Bomb|p1a: Terapagos\n|-damage|p1a: Terapagos|45/100\n|\n|upkeep\n|-message|GAPDHD forfeited.\n|\n|win|tolde\n|raw|tolde's rating: 1401 &rarr; <strong>1424</strong><br />(+23 for winning)\n|raw|GAPDHD's rating: 1456 &rarr; <strong>1433</strong><br />(-23 for losing)\n|l|\u2606GAPDHD\n|player|p2|\n|l|\u2606tolde\n|player|p1|\n","uploadtime":1773854229,"views":12,"formatid":"gen9vgc2026regi","rating":1424,"private":0,"password":null}