{"id":"gen9vgc2026regi-2539371768","format":"[Gen 9] VGC 2026 Reg I","players":["Coreydfgh","meursault1941"],"log":"|j|\u2606Coreydfgh\n|j|\u2606meursault1941\n|t:|1771045643\n|gametype|doubles\n|player|p1|Coreydfgh|170|1197\n|player|p2|meursault1941|1|1165\n|gen|9\n|tier|[Gen 9] VGC 2026 Reg I\n|rated|\n|rule|Species Clause: Limit one of each Pok\u00e9mon\n|rule|Item Clause: Limit 1 of each item\n|clearpoke\n|poke|p1|Calyrex-Ice, L50|\n|poke|p1|Indeedee-F, L50, F|\n|poke|p1|Torkoal, L50, F|\n|poke|p1|Brute Bonnet, L50|\n|poke|p1|Lunala, L50|\n|poke|p1|Iron Hands, L50|\n|poke|p2|Kyogre, L50|\n|poke|p2|Amoonguss, L50, F|\n|poke|p2|Incineroar, L50, M|\n|poke|p2|Zamazenta-*, L50|\n|poke|p2|Urshifu-*, L50, M|\n|poke|p2|Basculegion, L50, M|\n|teampreview|4\n|inactive|Battle timer is ON: inactive players will automatically lose when time's up. (requested by meursault1941)\n|\n|t:|1771045662\n|teamsize|p1|4\n|teamsize|p2|4\n|start\n|switch|p1a: Calyrex|Calyrex-Ice, L50|100/100\n|switch|p1b: Brute Bonnet|Brute Bonnet, L50|100/100\n|switch|p2a: Kyogre|Kyogre, L50|100/100\n|switch|p2b: Zamazenta|Zamazenta-Crowned, L50, shiny|100/100\n|-ability|p1a: Calyrex|As One\n|-ability|p1a: Calyrex|Unnerve\n|-weather|RainDance|[from] ability: Drizzle|[of] p2a: Kyogre\n|-ability|p2b: Zamazenta|Dauntless Shield|boost\n|-boost|p2b: Zamazenta|def|1\n|-enditem|p1b: Brute Bonnet|Booster Energy\n|-activate|p1b: Brute Bonnet|ability: Protosynthesis|[fromitem]\n|-start|p1b: Brute Bonnet|protosynthesisspd\n|turn|1\n|\n|t:|1771045678\n|-terastallize|p2a: Kyogre|Grass\n|move|p1a: Calyrex|Protect|p1a: Calyrex\n|-singleturn|p1a: Calyrex|Protect\n|move|p2a: Kyogre|Water Spout|p1a: Calyrex|[spread] p1b\n|-activate|p1a: Calyrex|move: Protect\n|-resisted|p1b: Brute Bonnet\n|-damage|p1b: Brute Bonnet|73/100\n|move|p2b: Zamazenta|Body Press|p1b: Brute Bonnet\n|-supereffective|p1b: Brute Bonnet\n|-damage|p1b: Brute Bonnet|0 fnt\n|faint|p1b: Brute Bonnet\n|-end|p1b: Brute Bonnet|Protosynthesis|[silent]\n|\n|-weather|RainDance|[upkeep]\n|upkeep\n|\n|t:|1771045688\n|switch|p1b: Iron Hands|Iron Hands, L50|100/100\n|turn|2\n|l|\u2606meursault1941\n|inactive|meursault1941 disconnected and has a minute to reconnect!\n|player|p2|\n|inactive|meursault1941 has 30 seconds left.\n|inactive|meursault1941 has 20 seconds left.\n|inactive|meursault1941 has 15 seconds left.\n|inactive|meursault1941 has 10 seconds left.\n|inactive|meursault1941 has 5 seconds left.\n|j|\u2606meursault1941\n|inactive|meursault1941 reconnected and has 5 seconds left.\n|player|p2|meursault1941|1|\n|\n|t:|1771045743\n|move|p1b: Iron Hands|Fake Out|p2b: Zamazenta\n|-resisted|p2b: Zamazenta\n|-damage|p2b: Zamazenta|97/100\n|move|p2a: Kyogre|Water Spout|p1a: Calyrex|[spread] p1a,p1b\n|-damage|p1a: Calyrex|30/100\n|-damage|p1b: Iron Hands|38/100\n|cant|p2b: Zamazenta|flinch\n|move|p1a: Calyrex|Glacial Lance|p2a: Kyogre|[spread] p2a,p2b\n|-supereffective|p2a: Kyogre\n|-resisted|p2b: Zamazenta\n|-damage|p2a: Kyogre|0 fnt\n|-damage|p2b: Zamazenta|84/100\n|faint|p2a: Kyogre\n|-ability|p1a: Calyrex|Chilling Neigh|boost\n|-boost|p1a: Calyrex|atk|1\n|\n|-weather|RainDance|[upkeep]\n|upkeep\n|\n|t:|1771045748\n|switch|p2a: Basculegion|Basculegion, L50, M|100/100\n|turn|3\n|\n|t:|1771045763\n|move|p1a: Calyrex|Protect|p1a: Calyrex\n|-singleturn|p1a: Calyrex|Protect\n|move|p2a: Basculegion|Last Respects|p1b: Iron Hands\n|-damage|p1b: Iron Hands|0 fnt\n|faint|p1b: Iron Hands\n|-end|p1b: Iron Hands|Quark Drive|[silent]\n|move|p2b: Zamazenta|Heavy Slam|p1a: Calyrex\n|-activate|p1a: Calyrex|move: Protect\n|\n|-weather|RainDance|[upkeep]\n|upkeep\n|\n|t:|1771045772\n|switch|p1b: Torkoal|Torkoal, L50, F|100/100\n|-weather|SunnyDay|[from] ability: Drought|[of] p1b: Torkoal\n|turn|4\n|\n|t:|1771045782\n|-terastallize|p1a: Calyrex|Water\n|move|p2b: Zamazenta|Wide Guard|p2b: Zamazenta\n|-singleturn|p2b: Zamazenta|Wide Guard\n|move|p2a: Basculegion|Last Respects|p1a: Calyrex\n|-damage|p1a: Calyrex|0 fnt\n|faint|p1a: Calyrex\n|move|p1b: Torkoal|Weather Ball|p2b: Zamazenta\n|-supereffective|p2b: Zamazenta\n|-damage|p2b: Zamazenta|0 fnt\n|faint|p2b: Zamazenta\n|\n|-weather|SunnyDay|[upkeep]\n|upkeep\n|\n|t:|1771045793\n|switch|p2b: Amoonguss|Amoonguss, L50, F|100/100\n|turn|5\n|\n|t:|1771045798\n|move|p2b: Amoonguss|Rage Powder|p2b: Amoonguss\n|-singleturn|p2b: Amoonguss|move: Rage Powder\n|move|p2a: Basculegion|Last Respects|p1b: Torkoal\n|-damage|p1b: Torkoal|10/100\n|move|p1b: Torkoal|Weather Ball|p2b: Amoonguss\n|-supereffective|p2b: Amoonguss\n|-damage|p2b: Amoonguss|0 fnt\n|faint|p2b: Amoonguss\n|\n|-weather|SunnyDay|[upkeep]\n|upkeep\n|turn|6\n|-message|Coreydfgh forfeited.\n|\n|win|meursault1941\n|raw|Coreydfgh's rating: 1197 &rarr; <strong>1170</strong><br />(-27 for losing)\n|raw|meursault1941's rating: 1165 &rarr; <strong>1192</strong><br />(+27 for winning)\n|l|\u2606Coreydfgh\n|player|p1|\n|l|\u2606meursault1941\n|player|p2|\n","uploadtime":1771046034,"views":27,"formatid":"gen9vgc2026regi","rating":1170,"private":0,"password":null}