{"id":"gen9vgc2026regi-2562542587","format":"[Gen 9] VGC 2026 Reg I","players":["Dollartreehero","sheeshshane925"],"log":"|j|\u2606Dollartreehero\n|j|\u2606sheeshshane925\n|t:|1773928754\n|gametype|doubles\n|player|p1|Dollartreehero|101|1342\n|player|p2|sheeshshane925|chuck|1422\n|gen|9\n|tier|[Gen 9] VGC 2026 Reg I\n|rated|\n|rule|Species Clause: Limit one of each Pok\u00e9mon\n|rule|Item Clause: Limit 1 of each item\n|clearpoke\n|poke|p1|Chien-Pao, L50|\n|poke|p1|Zacian-*, L50|\n|poke|p1|Kyogre, L50|\n|poke|p1|Urshifu-*, L50, M|\n|poke|p1|Roaring Moon, L50|\n|poke|p1|Amoonguss, L50, M|\n|poke|p2|Calyrex-Ice, L50|\n|poke|p2|Miraidon, L50|\n|poke|p2|Farigiraf, L50, F|\n|poke|p2|Iron Hands, L50|\n|poke|p2|Scraggy, L50, M|\n|poke|p2|Iron Bundle, L50|\n|teampreview|4\n|\n|t:|1773928786\n|teamsize|p1|4\n|teamsize|p2|4\n|start\n|switch|p1a: Prince|Zacian-Crowned, L50, shiny|100/100\n|switch|p1b: METAVISION|Amoonguss, L50, M, shiny|100/100\n|switch|p2a: Miraidon|Miraidon, L50, shiny|100/100\n|switch|p2b: Iron Bundle|Iron Bundle, L50|100/100\n|-ability|p1a: Prince|Intrepid Sword|boost\n|-boost|p1a: Prince|atk|1\n|-fieldstart|move: Electric Terrain|[from] ability: Hadron Engine|[of] p2a: Miraidon\n|-activate|p2b: Iron Bundle|ability: Quark Drive\n|-start|p2b: Iron Bundle|quarkdrivespe\n|turn|1\n|\n|t:|1773928807\n|move|p2a: Miraidon|Protect|p2a: Miraidon\n|-singleturn|p2a: Miraidon|Protect\n|move|p1b: METAVISION|Protect|p1b: METAVISION\n|-singleturn|p1b: METAVISION|Protect\n|move|p2b: Iron Bundle|Icy Wind|p1a: Prince|[spread] p1a\n|-activate|p1b: METAVISION|move: Protect\n|-resisted|p1a: Prince\n|-damage|p1a: Prince|92/100\n|-unboost|p1a: Prince|spe|1\n|move|p1a: Prince|Play Rough|p2a: Miraidon\n|-activate|p2a: Miraidon|move: Protect\n|\n|upkeep\n|turn|2\n|\n|t:|1773928831\n|-terastallize|p2a: Miraidon|Fairy\n|move|p1b: METAVISION|Rage Powder|p1b: METAVISION\n|-singleturn|p1b: METAVISION|move: Rage Powder\n|move|p2b: Iron Bundle|Freeze-Dry|p1b: METAVISION\n|-supereffective|p1b: METAVISION\n|-damage|p1b: METAVISION|39/100\n|move|p2a: Miraidon|Electro Drift|p1b: METAVISION\n|-resisted|p1b: METAVISION\n|-damage|p1b: METAVISION|0 fnt\n|-damage|p2a: Miraidon|84/100|[from] item: Rocky Helmet|[of] p1b: METAVISION\n|faint|p1b: METAVISION\n|-damage|p2a: Miraidon|74/100|[from] item: Life Orb\n|move|p1a: Prince|Play Rough|p2a: Miraidon\n|-damage|p2a: Miraidon|10/100\n|-unboost|p2a: Miraidon|atk|1\n|\n|upkeep\n|\n|t:|1773928841\n|switch|p1b: Runaway|Kyogre, L50, shiny|100/100\n|-weather|RainDance|[from] ability: Drizzle|[of] p1b: Runaway\n|turn|3\n|\n|t:|1773928858\n|move|p2a: Miraidon|Protect|p2a: Miraidon\n|-singleturn|p2a: Miraidon|Protect\n|move|p1b: Runaway|Protect|p1b: Runaway\n|-singleturn|p1b: Runaway|Protect\n|move|p2b: Iron Bundle|Icy Wind|p1a: Prince|[spread] p1a\n|-activate|p1b: Runaway|move: Protect\n|-resisted|p1a: Prince\n|-damage|p1a: Prince|83/100\n|-unboost|p1a: Prince|spe|1\n|move|p1a: Prince|Behemoth Blade|p2a: Miraidon\n|-activate|p2a: Miraidon|move: Protect\n|\n|-weather|RainDance|[upkeep]\n|upkeep\n|turn|4\n|\n|t:|1773928869\n|move|p2b: Iron Bundle|Encore|p1b: Runaway\n|-start|p1b: Runaway|Encore\n|move|p2a: Miraidon|Electro Drift|p1a: Prince\n|-damage|p1a: Prince|0 fnt\n|faint|p1a: Prince\n|-damage|p2a: Miraidon|0 fnt|[from] item: Life Orb\n|faint|p2a: Miraidon\n|move|p1b: Runaway|Protect||[still]\n|-fail|p1b: Runaway\n|\n|-weather|RainDance|[upkeep]\n|upkeep\n|\n|t:|1773928880\n|switch|p1a: Vulcan|Urshifu-Rapid-Strike, L50, M|100/100\n|switch|p2a: Calyrex|Calyrex-Ice, L50|100/100\n|-ability|p2a: Calyrex|As One\n|-ability|p2a: Calyrex|Unnerve\n|turn|5\n|\n|t:|1773928896\n|-terastallize|p1a: Vulcan|Water\n|move|p1b: Runaway|Protect|p1b: Runaway\n|-singleturn|p1b: Runaway|Protect\n|move|p2b: Iron Bundle|Freeze-Dry|p1a: Vulcan\n|-supereffective|p1a: Vulcan\n|-damage|p1a: Vulcan|11/100\n|move|p1a: Vulcan|Surging Strikes|p2a: Calyrex\n|-crit|p2a: Calyrex\n|-damage|p2a: Calyrex|69/100\n|-crit|p2a: Calyrex\n|-damage|p2a: Calyrex|38/100\n|-crit|p2a: Calyrex\n|-damage|p2a: Calyrex|8/100\n|-hitcount|p2a: Calyrex|3\n|move|p2a: Calyrex|Glacial Lance|p1a: Vulcan|[spread] p1a\n|-activate|p1b: Runaway|move: Protect\n|-resisted|p1a: Vulcan\n|-damage|p1a: Vulcan|0 fnt\n|faint|p1a: Vulcan\n|-ability|p2a: Calyrex|Chilling Neigh|boost\n|-boost|p2a: Calyrex|atk|1\n|\n|-weather|RainDance|[upkeep]\n|-fieldend|move: Electric Terrain\n|-end|p2b: Iron Bundle|Quark Drive\n|upkeep\n|turn|6\n|\n|t:|1773928914\n|move|p1b: Runaway|Protect|p1b: Runaway\n|-singleturn|p1b: Runaway|Protect\n|move|p2b: Iron Bundle|Freeze-Dry|p1b: Runaway\n|-activate|p1b: Runaway|move: Protect\n|move|p2a: Calyrex|Glacial Lance|p1b: Runaway\n|-activate|p1b: Runaway|move: Protect\n|\n|-weather|RainDance|[upkeep]\n|-end|p1b: Runaway|Encore\n|upkeep\n|turn|7\n|\n|t:|1773928923\n|move|p2b: Iron Bundle|Encore|p1b: Runaway\n|-start|p1b: Runaway|Encore\n|move|p1b: Runaway|Protect||[still]\n|-fail|p1b: Runaway\n|move|p2a: Calyrex|Glacial Lance|p1b: Runaway\n|-resisted|p1b: Runaway\n|-crit|p1b: Runaway\n|-damage|p1b: Runaway|20/100\n|\n|-weather|none\n|upkeep\n|turn|8\n|\n|t:|1773928929\n|move|p1b: Runaway|Protect|p1b: Runaway\n|-singleturn|p1b: Runaway|Protect\n|move|p2b: Iron Bundle|Freeze-Dry|p1b: Runaway\n|-activate|p1b: Runaway|move: Protect\n|move|p2a: Calyrex|Glacial Lance|p1b: Runaway\n|-activate|p1b: Runaway|move: Protect\n|\n|upkeep\n|turn|9\n|-message|Dollartreehero forfeited.\n|\n|win|sheeshshane925\n|raw|Dollartreehero's rating: 1342 &rarr; <strong>1327</strong><br />(-15 for losing)\n|raw|sheeshshane925's rating: 1422 &rarr; <strong>1437</strong><br />(+15 for winning)\n|l|\u2606Dollartreehero\n|player|p1|\n|l|\u2606sheeshshane925\n|player|p2|\n","uploadtime":1773929152,"views":12,"formatid":"gen9vgc2026regi","rating":1327,"private":0,"password":null}