{"id":"gen9vgc2026regi-2520417879","format":"[Gen 9] VGC 2026 Reg I","players":["Raikito21","Fogdocker"],"log":"|j|\u2606Raikito21\n|j|\u2606Fogdocker\n|t:|1768627048\n|gametype|doubles\n|player|p1|Raikito21|adaman|1418\n|player|p2|Fogdocker|170|1412\n|gen|9\n|tier|[Gen 9] VGC 2026 Reg I\n|rated|\n|rule|Species Clause: Limit one of each Pok\u00e9mon\n|rule|Item Clause: Limit 1 of each item\n|clearpoke\n|poke|p1|Rayquaza, L50|\n|poke|p1|Zamazenta-*, L50|\n|poke|p1|Flutter Mane, L50|\n|poke|p1|Chien-Pao, L50|\n|poke|p1|Ogerpon-Hearthflame, L50, F|\n|poke|p1|Urshifu-*, L50, M|\n|poke|p2|Calyrex-Shadow, L50|\n|poke|p2|Zacian-*, L50|\n|poke|p2|Tornadus, L50, M|\n|poke|p2|Landorus, L50, M|\n|poke|p2|Urshifu-*, L50, F|\n|poke|p2|Incineroar, L50, F|\n|teampreview|4\n|inactive|Battle timer is ON: inactive players will automatically lose when time's up. (requested by Fogdocker)\n|\n|t:|1768627141\n|teamsize|p1|4\n|teamsize|p2|4\n|start\n|switch|p1a: Ogerpon|Ogerpon-Hearthflame, L50, F|100/100\n|switch|p1b: Chien-Pao|Chien-Pao, L50|100/100\n|switch|p2a: Incineroar|Incineroar, L50, F|100/100\n|switch|p2b: Calyrex|Calyrex-Shadow, L50|100/100\n|-ability|p2b: Calyrex|As One\n|-ability|p2b: Calyrex|Unnerve\n|-ability|p1b: Chien-Pao|Sword of Ruin\n|-ability|p1a: Ogerpon|Mold Breaker\n|-ability|p2a: Incineroar|Intimidate|boost\n|-unboost|p1a: Ogerpon|atk|1\n|-unboost|p1b: Chien-Pao|atk|1\n|turn|1\n|inactive|Raikito21 has 30 seconds left.\n|\n|t:|1768627175\n|move|p1b: Chien-Pao|Protect|p1b: Chien-Pao\n|-singleturn|p1b: Chien-Pao|Protect\n|move|p2b: Calyrex|Astral Barrage|p1b: Chien-Pao|[spread] p1a\n|-activate|p1b: Chien-Pao|move: Protect\n|-damage|p1a: Ogerpon|48/100\n|move|p1a: Ogerpon|Ivy Cudgel|p2b: Calyrex|[anim] Ivy Cudgel Fire\n|-damage|p2b: Calyrex|39/100\n|move|p2a: Incineroar|U-turn|p1b: Chien-Pao\n|-activate|p1b: Chien-Pao|move: Protect\n|\n|upkeep\n|turn|2\n|inactive|Raikito21 has 30 seconds left.\n|inactive|Fogdocker has 30 seconds left.\n|inactive|Raikito21 has 20 seconds left.\n|inactive|Fogdocker has 20 seconds left.\n|inactive|Raikito21 has 15 seconds left.\n|\n|t:|1768627218\n|switch|p1a: Zamazenta|Zamazenta-Crowned, L50|100/100\n|-ability|p1a: Zamazenta|Dauntless Shield|boost\n|-boost|p1a: Zamazenta|def|1\n|move|p2b: Calyrex|Encore|p1b: Chien-Pao\n|-start|p1b: Chien-Pao|Encore\n|move|p1b: Chien-Pao|Protect|p1b: Chien-Pao\n|-singleturn|p1b: Chien-Pao|Protect\n|move|p2a: Incineroar|U-turn|p1b: Chien-Pao\n|-activate|p1b: Chien-Pao|move: Protect\n|\n|upkeep\n|turn|3\n|inactive|Raikito21 has 30 seconds left.\n|inactive|Fogdocker has 30 seconds left.\n|inactive|Raikito21 has 20 seconds left.\n|inactive|Raikito21 has 15 seconds left.\n|inactive|Raikito21 has 10 seconds left.\n|\n|t:|1768627265\n|switch|p1b: Flutter Mane|Flutter Mane, L50|100/100\n|-enditem|p1b: Flutter Mane|Booster Energy\n|-activate|p1b: Flutter Mane|ability: Protosynthesis|[fromitem]\n|-start|p1b: Flutter Mane|protosynthesisspe\n|switch|p2a: Landorus|Landorus, L50, M|100/100\n|move|p2b: Calyrex|Protect|p2b: Calyrex\n|-singleturn|p2b: Calyrex|Protect\n|move|p1a: Zamazenta|Wide Guard||[still]\n|-fail|p1a: Zamazenta\n|\n|upkeep\n|turn|4\n|inactive|Raikito21 has 30 seconds left.\n|inactive|Raikito21 has 20 seconds left.\n|inactive|Fogdocker has 30 seconds left.\n|inactive|Raikito21 has 15 seconds left.\n|inactive|Raikito21 has 10 seconds left.\n|inactive|Raikito21 has 5 seconds left.\n|\n|t:|1768627318\n|switch|p2b: Incineroar|Incineroar, L50, F|100/100\n|-ability|p2b: Incineroar|Intimidate|boost\n|-unboost|p1a: Zamazenta|atk|1\n|-unboost|p1b: Flutter Mane|atk|1\n|-terastallize|p2a: Landorus|Water\n|move|p1b: Flutter Mane|Icy Wind|p2b: Incineroar|[spread] p2a,p2b\n|-resisted|p2a: Landorus\n|-resisted|p2b: Incineroar\n|-damage|p2a: Landorus|95/100\n|-damage|p2b: Incineroar|98/100\n|-unboost|p2a: Landorus|spe|1\n|-unboost|p2b: Incineroar|spe|1\n|move|p1a: Zamazenta|Heavy Slam|p2b: Incineroar\n|-resisted|p2b: Incineroar\n|-damage|p2b: Incineroar|83/100\n|move|p2a: Landorus|Earth Power|p1b: Flutter Mane\n|-damage|p1b: Flutter Mane|41/100\n|\n|upkeep\n|turn|5\n|inactive|Raikito21 has 30 seconds left.\n|inactive|Raikito21 has 20 seconds left.\n|inactive|Raikito21 has 15 seconds left.\n|inactive|Raikito21 has 10 seconds left.\n|inactive|Raikito21 has 5 seconds left.\n|\n|t:|1768627369\n|switch|p2b: Calyrex|Calyrex-Shadow, L50|39/100\n|-ability|p2b: Calyrex|As One\n|-ability|p2b: Calyrex|Unnerve\n|-terastallize|p1a: Zamazenta|Ghost\n|move|p1b: Flutter Mane|Moonblast|p2a: Landorus\n|-damage|p2a: Landorus|48/100\n|-unboost|p2a: Landorus|spa|1\n|move|p1a: Zamazenta|Body Press|p2a: Landorus\n|-damage|p2a: Landorus|0 fnt\n|faint|p2a: Landorus\n|\n|upkeep\n|\n|t:|1768627390\n|switch|p2a: Zacian|Zacian-Crowned, L50|100/100\n|-ability|p2a: Zacian|Intrepid Sword|boost\n|-boost|p2a: Zacian|atk|1\n|turn|6\n|inactive|Raikito21 has 30 seconds left.\n|inactive|Raikito21 has 20 seconds left.\n|\n|t:|1768627429\n|move|p1b: Flutter Mane|Protect|p1b: Flutter Mane\n|-singleturn|p1b: Flutter Mane|Protect\n|move|p2b: Calyrex|Protect|p2b: Calyrex\n|-singleturn|p2b: Calyrex|Protect\n|move|p2a: Zacian|Behemoth Blade|p1b: Flutter Mane\n|-activate|p1b: Flutter Mane|move: Protect\n|move|p1a: Zamazenta|Body Press|p2a: Zacian\n|-damage|p2a: Zacian|42/100\n|\n|upkeep\n|turn|7\n|inactive|Raikito21 has 30 seconds left.\n|inactive|Raikito21 has 20 seconds left.\n|\n|t:|1768627466\n|switch|p2b: Incineroar|Incineroar, L50, F|83/100\n|-ability|p2b: Incineroar|Intimidate|boost\n|-unboost|p1a: Zamazenta|atk|1\n|-unboost|p1b: Flutter Mane|atk|1\n|move|p1b: Flutter Mane|Icy Wind|p2a: Zacian|[spread] p2a,p2b\n|-resisted|p2a: Zacian\n|-resisted|p2b: Incineroar\n|-damage|p2a: Zacian|37/100\n|-damage|p2b: Incineroar|79/100\n|-unboost|p2a: Zacian|spe|1\n|-unboost|p2b: Incineroar|spe|1\n|move|p1a: Zamazenta|Body Press|p2a: Zacian\n|-damage|p2a: Zacian|0 fnt\n|faint|p2a: Zacian\n|\n|upkeep\n|\n|t:|1768627474\n|switch|p2a: Calyrex|Calyrex-Shadow, L50|39/100\n|-ability|p2a: Calyrex|As One\n|-ability|p2a: Calyrex|Unnerve\n|turn|8\n|\n|t:|1768627484\n|move|p1b: Flutter Mane|Shadow Ball|p2a: Calyrex\n|-supereffective|p2a: Calyrex\n|-damage|p2a: Calyrex|0 fnt\n|faint|p2a: Calyrex\n|move|p1a: Zamazenta|Body Press|p2b: Incineroar\n|-supereffective|p2b: Incineroar\n|-damage|p2b: Incineroar|0 fnt\n|faint|p2b: Incineroar\n|\n|win|Raikito21\n|raw|Raikito21's rating: 1418 &rarr; <strong>1438</strong><br />(+20 for winning)\n|raw|Fogdocker's rating: 1412 &rarr; <strong>1392</strong><br />(-20 for losing)\n|l|\u2606Fogdocker\n|player|p2|\n|l|\u2606Raikito21\n|player|p1|\n","uploadtime":1768627672,"views":18,"formatid":"gen9vgc2026regi","rating":1392,"private":0,"password":null}