{"id":"gen9vgc2026regi-2546017027","format":"[Gen 9] VGC 2026 Reg I","players":["ShakingspearedVGC","lalo's pollos"],"log":"|j|\u2606ShakingspearedVGC\n|j|\u2606lalo's pollos\n|t:|1771914605\n|gametype|doubles\n|player|p1|ShakingspearedVGC|steven-masters2|1269\n|player|p2|lalo's pollos|2|1422\n|gen|9\n|tier|[Gen 9] VGC 2026 Reg I\n|rated|\n|rule|Species Clause: Limit one of each Pok\u00e9mon\n|rule|Item Clause: Limit 1 of each item\n|clearpoke\n|poke|p1|Reshiram, L50|\n|poke|p1|Whimsicott, L50, F|\n|poke|p1|Flutter Mane, L50|\n|poke|p1|Groudon, L50|\n|poke|p1|Farigiraf, L50, M|\n|poke|p1|Ursaluna, L50, F|\n|poke|p2|Miraidon, L50|\n|poke|p2|Landorus, L50, M|\n|poke|p2|Incineroar, L50, F|\n|poke|p2|Iron Bundle, L50|\n|poke|p2|Farigiraf, L50, F|\n|poke|p2|Calyrex-Ice, L50|\n|teampreview|4\n|inactive|Battle timer is ON: inactive players will automatically lose when time's up. (requested by ShakingspearedVGC)\n|\n|t:|1771914616\n|teamsize|p1|4\n|teamsize|p2|4\n|start\n|switch|p1a: Reshiram|Reshiram, L50|100/100\n|switch|p1b: Whimsicott|Whimsicott, L50, F|100/100\n|switch|p2a: the Manager|Farigiraf, L50, F|100/100\n|switch|p2b: Incineroar|Incineroar, L50, F|100/100\n|-ability|p1a: Reshiram|Turboblaze\n|-ability|p2b: Incineroar|Intimidate|boost\n|-unboost|p1a: Reshiram|atk|1\n|-unboost|p1b: Whimsicott|atk|1\n|turn|1\n|\n|t:|1771914625\n|switch|p1b: Farigiraf|Farigiraf, L50, M|100/100\n|-terastallize|p1a: Reshiram|Fire\n|move|p1a: Reshiram|Blue Flare|p2a: the Manager\n|-damage|p2a: the Manager|0 fnt\n|faint|p2a: the Manager\n|move|p2b: Incineroar|U-turn|p1b: Farigiraf\n|-supereffective|p1b: Farigiraf\n|-damage|p1b: Farigiraf|63/100\n|-damage|p2b: Incineroar|84/100|[from] item: Rocky Helmet|[of] p1b: Farigiraf\n|\n|t:|1771914636\n|switch|p2b: Co-Star|Miraidon, L50|100/100|[from] U-turn\n|-fieldstart|move: Electric Terrain|[from] ability: Hadron Engine|[of] p2b: Co-Star\n|\n|upkeep\n|\n|t:|1771914637\n|switch|p2a: Calyrex|Calyrex-Ice, L50|100/100\n|-ability|p2a: Calyrex|As One\n|-ability|p2a: Calyrex|Unnerve\n|turn|2\n|\n|t:|1771914648\n|switch|p1a: Whimsicott|Whimsicott, L50, F|100/100\n|move|p2b: Co-Star|Electro Drift|p1a: Whimsicott\n|-resisted|p1a: Whimsicott\n|-damage|p1a: Whimsicott|11/100\n|move|p1b: Farigiraf|Imprison|p1b: Farigiraf\n|-start|p1b: Farigiraf|move: Imprison\n|cant|p2a: Calyrex|move: Imprison|Trick Room\n|\n|upkeep\n|turn|3\n|inactive|ShakingspearedVGC has 30 seconds left.\n|\n|t:|1771914673\n|move|p2b: Co-Star|Electro Drift|p1b: Farigiraf\n|-damage|p1b: Farigiraf|0 fnt\n|-damage|p2b: Co-Star|84/100|[from] item: Rocky Helmet|[of] p1b: Farigiraf\n|faint|p1b: Farigiraf\n|move|p1a: Whimsicott|Moonblast|p2b: Co-Star\n|-supereffective|p2b: Co-Star\n|-damage|p2b: Co-Star|33/100\n|move|p2a: Calyrex|Glacial Lance|p1a: Whimsicott\n|-supereffective|p1a: Whimsicott\n|-damage|p1a: Whimsicott|0 fnt\n|faint|p1a: Whimsicott\n|-ability|p2a: Calyrex|Chilling Neigh|boost\n|-boost|p2a: Calyrex|atk|1\n|\n|upkeep\n|\n|t:|1771914684\n|switch|p1a: Reshiram|Reshiram, L50, tera:Fire|100/100\n|switch|p1b: Groudon|Groudon, L50|100/100\n|-weather|SunnyDay|[from] ability: Drought|[of] p1b: Groudon\n|-ability|p1a: Reshiram|Turboblaze\n|turn|4\n|\n|t:|1771914689\n|move|p2a: Calyrex|Protect|p2a: Calyrex\n|-singleturn|p2a: Calyrex|Protect\n|move|p2b: Co-Star|Electro Drift|p1a: Reshiram\n|-damage|p1a: Reshiram|0 fnt\n|faint|p1a: Reshiram\n|move|p1b: Groudon|Precipice Blades|p2b: Co-Star|[spread] p2b\n|-activate|p2a: Calyrex|move: Protect\n|-supereffective|p2b: Co-Star\n|-damage|p2b: Co-Star|0 fnt\n|faint|p2b: Co-Star\n|\n|-weather|SunnyDay|[upkeep]\n|upkeep\n|\n|t:|1771914697\n|switch|p2b: Incineroar|Incineroar, L50, F|84/100\n|-ability|p2b: Incineroar|Intimidate|boost\n|-fail|p1b: Groudon|unboost|[from] item: Clear Amulet|[of] p1b: Groudon\n|turn|5\n|\n|t:|1771914704\n|move|p2b: Incineroar|Fake Out|p1b: Groudon\n|-damage|p1b: Groudon|91/100\n|cant|p1b: Groudon|flinch\n|move|p2a: Calyrex|Trick Room|p2a: Calyrex\n|-fieldstart|move: Trick Room|[of] p2a: Calyrex\n|\n|-weather|SunnyDay|[upkeep]\n|-fieldend|move: Electric Terrain\n|upkeep\n|turn|6\n|\n|t:|1771914713\n|move|p2a: Calyrex|Protect|p2a: Calyrex\n|-singleturn|p2a: Calyrex|Protect\n|move|p1b: Groudon|Protect|p1b: Groudon\n|-singleturn|p1b: Groudon|Protect\n|move|p2b: Incineroar|Knock Off|p1b: Groudon\n|-activate|p1b: Groudon|move: Protect\n|\n|-weather|SunnyDay|[upkeep]\n|upkeep\n|turn|7\n|\n|t:|1771914721\n|-terastallize|p2b: Incineroar|Bug\n|move|p1b: Groudon|Protect||[still]\n|-fail|p1b: Groudon\n|move|p2a: Calyrex|Glacial Lance|p1b: Groudon\n|-supereffective|p1b: Groudon\n|-damage|p1b: Groudon|0 fnt\n|faint|p1b: Groudon\n|\n|win|lalo's pollos\n|raw|ShakingspearedVGC's rating: 1269 &rarr; <strong>1254</strong><br />(-15 for losing)\n|raw|lalo&apos;s pollos's rating: 1422 &rarr; <strong>1434</strong><br />(+12 for winning)\n|l|\u2606ShakingspearedVGC\n|player|p1|\n","uploadtime":1771914971,"views":14,"formatid":"gen9vgc2026regi","rating":1254,"private":0,"password":null}