{"id":"gen9vgc2026regi-2573100885","format":"[Gen 9] VGC 2026 Reg I","players":["mroreo328","Dqstrqyed"],"log":"|j|\u2606mroreo328\n|j|\u2606Dqstrqyed\n|t:|1775090752\n|gametype|doubles\n|player|p1|mroreo328|youngster-gen4dp|1418\n|player|p2|Dqstrqyed|1|1444\n|gen|9\n|tier|[Gen 9] VGC 2026 Reg I\n|rated|\n|rule|Species Clause: Limit one of each Pok\u00e9mon\n|rule|Item Clause: Limit 1 of each item\n|clearpoke\n|poke|p1|Lunala, L50|\n|poke|p1|Indeedee-F, L50, F|\n|poke|p1|Clefairy, L50, F|\n|poke|p1|Archaludon, L50, M|\n|poke|p1|Calyrex-Ice, L50|\n|poke|p1|Enamorus-Therian, L50, F|\n|poke|p2|Volcarona, L50, M|\n|poke|p2|Ursaluna, L50, F|\n|poke|p2|Miraidon, L50|\n|poke|p2|Calyrex-Ice, L50|\n|poke|p2|Grimmsnarl, L50, M|\n|poke|p2|Sneasler, L50, M|\n|teampreview|4\n|inactive|Battle timer is ON: inactive players will automatically lose when time's up. (requested by mroreo328)\n|\n|t:|1775090782\n|teamsize|p1|4\n|teamsize|p2|4\n|start\n|switch|p1a: Indeedee|Indeedee-F, L50, F|100/100\n|switch|p1b: Calyrex|Calyrex-Ice, L50|100/100\n|switch|p2a: Calyrex|Calyrex-Ice, L50|100/100\n|switch|p2b: Grimmsnarl|Grimmsnarl, L50, M, shiny|100/100\n|-ability|p2a: Calyrex|As One\n|-ability|p2a: Calyrex|Unnerve\n|-ability|p1b: Calyrex|As One\n|-ability|p1b: Calyrex|Unnerve\n|-fieldstart|move: Psychic Terrain|[from] ability: Psychic Surge|[of] p1a: Indeedee\n|-enditem|p1b: Calyrex|Psychic Seed\n|-boost|p1b: Calyrex|spd|1|[from] item: Psychic Seed\n|turn|1\n|\n|t:|1775090796\n|-terastallize|p2a: Calyrex|Water\n|move|p2b: Grimmsnarl|Reflect|p2b: Grimmsnarl\n|-sidestart|p2: Dqstrqyed|Reflect\n|move|p2a: Calyrex|Leech Seed|p1b: Calyrex|[miss]\n|-miss|p2a: Calyrex|p1b: Calyrex\n|move|p1b: Calyrex|Swords Dance|p1b: Calyrex\n|-boost|p1b: Calyrex|atk|2\n|move|p1a: Indeedee|Trick Room|p1a: Indeedee\n|-fieldstart|move: Trick Room|[of] p1a: Indeedee\n|\n|upkeep\n|turn|2\n|\n|t:|1775090821\n|-terastallize|p1b: Calyrex|Water\n|move|p1a: Indeedee|Follow Me|p1a: Indeedee\n|-singleturn|p1a: Indeedee|move: Follow Me\n|move|p1b: Calyrex|Swords Dance|p1b: Calyrex\n|-boost|p1b: Calyrex|atk|2\n|move|p2a: Calyrex|Leech Seed|p1a: Indeedee|[miss]\n|-miss|p2a: Calyrex|p1a: Indeedee\n|move|p2b: Grimmsnarl|Spirit Break|p1a: Indeedee\n|-damage|p1a: Indeedee|58/100\n|-unboost|p1a: Indeedee|spa|1\n|\n|upkeep\n|turn|3\n|\n|t:|1775090832\n|move|p1a: Indeedee|Follow Me|p1a: Indeedee\n|-singleturn|p1a: Indeedee|move: Follow Me\n|move|p2b: Grimmsnarl|Light Screen|p2b: Grimmsnarl\n|-sidestart|p2: Dqstrqyed|move: Light Screen\n|move|p1b: Calyrex|Glacial Lance|p2b: Grimmsnarl|[spread] p2a,p2b\n|-resisted|p2a: Calyrex\n|-damage|p2a: Calyrex|74/100\n|-damage|p2b: Grimmsnarl|1/100\n|move|p2a: Calyrex|Glacial Lance|p1b: Calyrex|[spread] p1a,p1b\n|-resisted|p1b: Calyrex\n|-damage|p1a: Indeedee|0 fnt\n|-damage|p1b: Calyrex|87/100\n|faint|p1a: Indeedee\n|-ability|p2a: Calyrex|Chilling Neigh|boost\n|-boost|p2a: Calyrex|atk|1\n|\n|upkeep\n|\n|t:|1775090847\n|switch|p1a: Enamorus|Enamorus-Therian, L50, F|100/100\n|turn|4\n|\n|t:|1775090854\n|move|p2b: Grimmsnarl|Thunder Wave|p1a: Enamorus\n|-status|p1a: Enamorus|par\n|cant|p1a: Enamorus|par\n|move|p1b: Calyrex|Glacial Lance|p2b: Grimmsnarl|[spread] p2a,p2b\n|-resisted|p2a: Calyrex\n|-damage|p2a: Calyrex|44/100\n|-damage|p2b: Grimmsnarl|0 fnt\n|faint|p2b: Grimmsnarl\n|-ability|p1b: Calyrex|Chilling Neigh|boost\n|-boost|p1b: Calyrex|atk|1\n|move|p2a: Calyrex|Leech Seed|p1b: Calyrex\n|-start|p1b: Calyrex|move: Leech Seed\n|\n|-damage|p1b: Calyrex|75/100|[from] Leech Seed|[of] p2a: Calyrex\n|-heal|p2a: Calyrex|57/100|[silent]\n|upkeep\n|\n|t:|1775090866\n|switch|p2b: Ursaluna|Ursaluna, L50, F, shiny|100/100\n|turn|5\n|\n|t:|1775090870\n|move|p2b: Ursaluna|Protect|p2b: Ursaluna\n|-singleturn|p2b: Ursaluna|Protect\n|move|p2a: Calyrex|Protect|p2a: Calyrex\n|-singleturn|p2a: Calyrex|Protect\n|cant|p1a: Enamorus|par\n|move|p1b: Calyrex|Glacial Lance|p2a: Calyrex|[spread] \n|-activate|p2a: Calyrex|move: Protect\n|-activate|p2b: Ursaluna|move: Protect\n|\n|-damage|p1b: Calyrex|63/100|[from] Leech Seed|[of] p2a: Calyrex\n|-heal|p2a: Calyrex|69/100|[silent]\n|-fieldend|move: Trick Room\n|-fieldend|move: Psychic Terrain\n|-status|p2b: Ursaluna|brn|[from] item: Flame Orb\n|upkeep\n|turn|6\n|\n|t:|1775090887\n|move|p2a: Calyrex|Glacial Lance|p1a: Enamorus|[spread] p1a,p1b\n|-supereffective|p1a: Enamorus\n|-resisted|p1b: Calyrex\n|-damage|p1a: Enamorus|0 fnt\n|-damage|p1b: Calyrex|45/100\n|faint|p1a: Enamorus\n|-ability|p2a: Calyrex|Chilling Neigh|boost\n|-boost|p2a: Calyrex|atk|1\n|move|p2b: Ursaluna|Facade|p1b: Calyrex\n|-damage|p1b: Calyrex|0 fnt\n|faint|p1b: Calyrex\n|\n|-damage|p2b: Ursaluna|95/100 brn|[from] brn\n|upkeep\n|-message|mroreo328 forfeited.\n|\n|win|Dqstrqyed\n|raw|mroreo328's rating: 1418 &rarr; <strong>1399</strong><br />(-19 for losing)\n|raw|Dqstrqyed's rating: 1444 &rarr; <strong>1463</strong><br />(+19 for winning)\n|l|\u2606mroreo328\n|player|p1|\n|c|\u2606Dqstrqyed|Nice try!\n|l|\u2606Dqstrqyed\n|player|p2|\n","uploadtime":1775091060,"views":11,"formatid":"gen9vgc2026regi","rating":1399,"private":0,"password":null}