{"id":"gen9vgc2026regi-2519286717","format":"[Gen 9] VGC 2026 Reg I","players":["dasabe\u76d6\u6b27\u5361\u4fa0","Pacek_Panama"],"log":"|j|\u2606dasabe\u76d6\u6b27\u5361\u4fa0\n|j|\u2606Pacek_Panama\n|t:|1768492299\n|gametype|doubles\n|player|p1|dasabe\u76d6\u6b27\u5361\u4fa0|may-masters4|1393\n|player|p2|Pacek_Panama|170|1344\n|gen|9\n|tier|[Gen 9] VGC 2026 Reg I\n|rated|\n|rule|Species Clause: Limit one of each Pok\u00e9mon\n|rule|Item Clause: Limit 1 of each item\n|clearpoke\n|poke|p1|Calyrex-Ice, L50|\n|poke|p1|Kyogre, L50|\n|poke|p1|Smeargle, L50, M|\n|poke|p1|Rillaboom, L50, F|\n|poke|p1|Urshifu-*, L50, M|\n|poke|p1|Landorus, L50, M|\n|poke|p2|Calyrex-Ice, L50|\n|poke|p2|Rillaboom, L50, M|\n|poke|p2|Incineroar, L50, F|\n|poke|p2|Amoonguss, L50, F|\n|poke|p2|Palkia, L50|\n|poke|p2|Flutter Mane, L50|\n|teampreview|4\n|\n|t:|1768492325\n|teamsize|p1|4\n|teamsize|p2|4\n|start\n|switch|p1a: \u9e7f\u51a0\u738b|Calyrex-Ice, L50|100/100\n|switch|p1b: \u5c0f\u7b14\u7ea2\u80bf|Smeargle, L50, M, shiny|100/100\n|switch|p2a: Flutter Mane|Flutter Mane, L50|100/100\n|switch|p2b: Palkia|Palkia, L50|100/100\n|-ability|p1a: \u9e7f\u51a0\u738b|As One\n|-ability|p1a: \u9e7f\u51a0\u738b|Unnerve\n|-ability|p2b: Palkia|Pressure\n|turn|1\n|\n|t:|1768492353\n|move|p1a: \u9e7f\u51a0\u738b|Protect|p1a: \u9e7f\u51a0\u738b\n|-singleturn|p1a: \u9e7f\u51a0\u738b|Protect\n|move|p2a: Flutter Mane|Taunt|p1b: \u5c0f\u7b14\u7ea2\u80bf\n|-start|p1b: \u5c0f\u7b14\u7ea2\u80bf|move: Taunt\n|cant|p1b: \u5c0f\u7b14\u7ea2\u80bf|move: Taunt|Spore\n|move|p2b: Palkia|Spacial Rend|p1b: \u5c0f\u7b14\u7ea2\u80bf\n|-crit|p1b: \u5c0f\u7b14\u7ea2\u80bf\n|-enditem|p1b: \u5c0f\u7b14\u7ea2\u80bf|Focus Sash\n|-damage|p1b: \u5c0f\u7b14\u7ea2\u80bf|1/100\n|\n|-ability|p1b: \u5c0f\u7b14\u7ea2\u80bf|Moody|boost\n|-boost|p1b: \u5c0f\u7b14\u7ea2\u80bf|def|2\n|-unboost|p1b: \u5c0f\u7b14\u7ea2\u80bf|spa|1\n|upkeep\n|turn|2\n|\n|t:|1768492371\n|-end|p2a: Flutter Mane|Protosynthesis|[silent]\n|switch|p2a: Calyrex|Calyrex-Ice, L50|100/100\n|-ability|p2a: Calyrex|As One\n|-ability|p2a: Calyrex|Unnerve\n|switch|p1b: \u63e1\u8349\u733f|Rillaboom, L50, F|100/100\n|-fieldstart|move: Grassy Terrain|[from] ability: Grassy Surge|[of] p1b: \u63e1\u8349\u733f\n|-terastallize|p1a: \u9e7f\u51a0\u738b|Fairy\n|move|p2b: Palkia|Spacial Rend|p1a: \u9e7f\u51a0\u738b\n|-immune|p1a: \u9e7f\u51a0\u738b\n|move|p1a: \u9e7f\u51a0\u738b|Glacial Lance|p2b: Palkia|[spread] p2a,p2b\n|-resisted|p2a: Calyrex\n|-damage|p2a: Calyrex|85/100\n|-damage|p2b: Palkia|59/100\n|\n|-heal|p2b: Palkia|65/100|[from] Grassy Terrain\n|-heal|p2a: Calyrex|91/100|[from] Grassy Terrain\n|upkeep\n|turn|3\n|j| sijdddks\n|\n|t:|1768492411\n|move|p1b: \u63e1\u8349\u733f|Fake Out|p2a: Calyrex\n|-damage|p2a: Calyrex|83/100\n|move|p2b: Palkia|Spacial Rend|p1b: \u63e1\u8349\u733f\n|-damage|p1b: \u63e1\u8349\u733f|58/100\n|move|p1a: \u9e7f\u51a0\u738b|Glacial Lance|p2a: Calyrex|[spread] p2a,p2b\n|-resisted|p2a: Calyrex\n|-damage|p2a: Calyrex|67/100\n|-damage|p2b: Palkia|21/100\n|cant|p2a: Calyrex|flinch\n|\n|-heal|p2b: Palkia|27/100|[from] Grassy Terrain\n|-heal|p1b: \u63e1\u8349\u733f|64/100|[from] Grassy Terrain\n|-heal|p2a: Calyrex|72/100|[from] Grassy Terrain\n|upkeep\n|turn|4\n|\n|t:|1768492428\n|move|p2b: Palkia|Spacial Rend|p1b: \u63e1\u8349\u733f\n|-crit|p1b: \u63e1\u8349\u733f\n|-damage|p1b: \u63e1\u8349\u733f|0 fnt\n|faint|p1b: \u63e1\u8349\u733f\n|move|p1a: \u9e7f\u51a0\u738b|Glacial Lance|p2b: Palkia|[spread] p2a,p2b\n|-resisted|p2a: Calyrex\n|-damage|p2a: Calyrex|57/100\n|-damage|p2b: Palkia|0 fnt\n|faint|p2b: Palkia\n|-ability|p1a: \u9e7f\u51a0\u738b|Chilling Neigh|boost\n|-boost|p1a: \u9e7f\u51a0\u738b|atk|1\n|move|p2a: Calyrex|Glacial Lance|p1a: \u9e7f\u51a0\u738b\n|-damage|p1a: \u9e7f\u51a0\u738b|54/100\n|\n|-heal|p1a: \u9e7f\u51a0\u738b|59/100|[from] Grassy Terrain\n|-heal|p1a: \u9e7f\u51a0\u738b|65/100|[from] item: Leftovers\n|-heal|p2a: Calyrex|62/100|[from] Grassy Terrain\n|upkeep\n|\n|t:|1768492447\n|switch|p2b: Amoonguss|Amoonguss, L50, F|100/100\n|switch|p1b: \u6210\u90fd\u8001\u76d6|Kyogre, L50|100/100\n|-weather|RainDance|[from] ability: Drizzle|[of] p1b: \u6210\u90fd\u8001\u76d6\n|turn|5\n|\n|t:|1768492470\n|-terastallize|p2b: Amoonguss|Water\n|move|p2a: Calyrex|Protect|p2a: Calyrex\n|-singleturn|p2a: Calyrex|Protect\n|move|p1b: \u6210\u90fd\u8001\u76d6|Origin Pulse|p2b: Amoonguss|[spread] p2b\n|-activate|p2a: Calyrex|move: Protect\n|-resisted|p2b: Amoonguss\n|-damage|p2b: Amoonguss|56/100\n|move|p1a: \u9e7f\u51a0\u738b|Glacial Lance|p2a: Calyrex|[spread] p2b\n|-activate|p2a: Calyrex|move: Protect\n|-resisted|p2b: Amoonguss\n|-damage|p2b: Amoonguss|20/100\n|move|p2b: Amoonguss|Spore|p1b: \u6210\u90fd\u8001\u76d6\n|-status|p1b: \u6210\u90fd\u8001\u76d6|slp|[from] move: Spore\n|\n|-weather|RainDance|[upkeep]\n|-heal|p1a: \u9e7f\u51a0\u738b|71/100|[from] Grassy Terrain\n|-heal|p1a: \u9e7f\u51a0\u738b|77/100|[from] item: Leftovers\n|-heal|p2a: Calyrex|68/100|[from] Grassy Terrain\n|-heal|p2b: Amoonguss|26/100|[from] Grassy Terrain\n|upkeep\n|turn|6\n|\n|t:|1768492505\n|switch|p2b: Flutter Mane|Flutter Mane, L50|100/100\n|cant|p1b: \u6210\u90fd\u8001\u76d6|slp\n|move|p1a: \u9e7f\u51a0\u738b|Glacial Lance|p2b: Flutter Mane|[spread] p2a,p2b\n|-resisted|p2a: Calyrex\n|-damage|p2a: Calyrex|43/100\n|-enditem|p2b: Flutter Mane|Focus Sash\n|-damage|p2b: Flutter Mane|1/100\n|move|p2a: Calyrex|Glacial Lance|p1a: \u9e7f\u51a0\u738b|[spread] p1a,p1b\n|-resisted|p1b: \u6210\u90fd\u8001\u76d6\n|-damage|p1a: \u9e7f\u51a0\u738b|39/100\n|-damage|p1b: \u6210\u90fd\u8001\u76d6|70/100 slp\n|\n|-weather|RainDance|[upkeep]\n|-heal|p2b: Flutter Mane|7/100|[from] Grassy Terrain\n|-heal|p1b: \u6210\u90fd\u8001\u76d6|76/100 slp|[from] Grassy Terrain\n|-heal|p1a: \u9e7f\u51a0\u738b|44/100|[from] Grassy Terrain\n|-heal|p1a: \u9e7f\u51a0\u738b|50/100|[from] item: Leftovers\n|-heal|p2a: Calyrex|48/100|[from] Grassy Terrain\n|-fieldend|move: Grassy Terrain\n|upkeep\n|turn|7\n|\n|t:|1768492533\n|move|p2b: Flutter Mane|Moonblast|p1b: \u6210\u90fd\u8001\u76d6\n|-damage|p1b: \u6210\u90fd\u8001\u76d6|36/100 slp\n|-unboost|p1b: \u6210\u90fd\u8001\u76d6|spa|1\n|-curestatus|p1b: \u6210\u90fd\u8001\u76d6|slp|[msg]\n|move|p1b: \u6210\u90fd\u8001\u76d6|Origin Pulse|p2b: Flutter Mane|[spread] p2a,p2b\n|-damage|p2a: Calyrex|0 fnt\n|-damage|p2b: Flutter Mane|0 fnt\n|faint|p2a: Calyrex\n|faint|p2b: Flutter Mane\n|-end|p2b: Flutter Mane|Protosynthesis|[silent]\n|move|p1a: \u9e7f\u51a0\u738b|Leech Seed|p2: Calyrex|[notarget]\n|-fail|p1a: \u9e7f\u51a0\u738b\n|\n|-weather|RainDance|[upkeep]\n|-heal|p1a: \u9e7f\u51a0\u738b|56/100|[from] item: Leftovers\n|upkeep\n|-message|Pacek_Panama forfeited.\n|\n|win|dasabe\u76d6\u6b27\u5361\u4fa0\n|raw|dasabe\u76d6\u6b27\u5361\u4fa0's rating: 1393 &rarr; <strong>1410</strong><br />(+17 for winning)\n|raw|Pacek_Panama's rating: 1344 &rarr; <strong>1327</strong><br />(-17 for losing)\n|l|\u2606Pacek_Panama\n|player|p2|\n|l|\u2606dasabe\u76d6\u6b27\u5361\u4fa0\n|player|p1|\n","uploadtime":1768492679,"views":18,"formatid":"gen9vgc2026regi","rating":1327,"private":0,"password":null}