{"id":"gen9vgc2026regi-2588023088","format":"[Gen 9] VGC 2026 Reg I","players":["Markingdra","Vestibulan"],"log":"|j|\u2606Markingdra\n|j|\u2606Vestibulan\n|t:|1776594324\n|gametype|doubles\n|player|p1|Markingdra|unknown|1441\n|player|p2|Vestibulan|101|1472\n|gen|9\n|tier|[Gen 9] VGC 2026 Reg I\n|rated|\n|rule|Species Clause: Limit one of each Pok\u00e9mon\n|rule|Item Clause: Limit 1 of each item\n|clearpoke\n|poke|p1|Koraidon, L50|\n|poke|p1|Calyrex-Shadow, L50|\n|poke|p1|Incineroar, L50, F|\n|poke|p1|Brute Bonnet, L50|\n|poke|p1|Raging Bolt, L50|\n|poke|p1|Ogerpon-Cornerstone, L50, F|\n|poke|p2|Arcanine, L50, M|\n|poke|p2|Whimsicott, L50, F|\n|poke|p2|Zacian-*, L50|\n|poke|p2|Farigiraf, L50, F|\n|poke|p2|Terapagos, L50, M|\n|poke|p2|Weezing-Galar, L50, F|\n|teampreview|4\n|\n|t:|1776594379\n|teamsize|p1|4\n|teamsize|p2|4\n|start\n|switch|p1a: Incineroar|Incineroar, L50, F, shiny|100/100\n|switch|p1b: Brute Bonnet|Brute Bonnet, L50, shiny|100/100\n|switch|p2a: Terapagos|Terapagos, L50, M|100/100\n|switch|p2b: Whimsicott|Whimsicott, L50, F|100/100\n|-activate|p2a: Terapagos|ability: Tera Shift\n|detailschange|p2a: Terapagos|Terapagos-Terastal, L50, M\n|-heal|p2a: Terapagos|100/100|[silent]\n|-ability|p1a: Incineroar|Intimidate|boost\n|-unboost|p2a: Terapagos|atk|1\n|-unboost|p2b: Whimsicott|atk|1\n|turn|1\n|\n|t:|1776594396\n|switch|p2a: Arcanine|Arcanine, L50, M|100/100\n|move|p2b: Whimsicott|Beat Up|p2a: Arcanine\n|-damage|p2a: Arcanine|98/100\n|-ability|p2a: Arcanine|Justified|boost\n|-boost|p2a: Arcanine|atk|1\n|-damage|p2a: Arcanine|96/100\n|-ability|p2a: Arcanine|Justified|boost\n|-boost|p2a: Arcanine|atk|1\n|-damage|p2a: Arcanine|95/100\n|-ability|p2a: Arcanine|Justified|boost\n|-boost|p2a: Arcanine|atk|1\n|-damage|p2a: Arcanine|93/100\n|-ability|p2a: Arcanine|Justified|boost\n|-boost|p2a: Arcanine|atk|1\n|-hitcount|p2a: Arcanine|4\n|move|p1b: Brute Bonnet|Spore|p2a: Arcanine\n|-status|p2a: Arcanine|slp|[from] move: Spore\n|move|p1a: Incineroar|Parting Shot|p2b: Whimsicott\n|-unboost|p2b: Whimsicott|atk|1\n|-unboost|p2b: Whimsicott|spa|1\n|\n|t:|1776594416\n|switch|p1a: Koraidon|Koraidon, L50, shiny|100/100|[from] Parting Shot\n|-weather|SunnyDay|[from] ability: Orichalcum Pulse|[of] p1a: Koraidon\n|-activate|p1b: Brute Bonnet|ability: Protosynthesis\n|-start|p1b: Brute Bonnet|protosynthesisdef\n|-activate|p1a: Koraidon|Orichalcum Pulse|[source]\n|\n|-weather|SunnyDay|[upkeep]\n|upkeep\n|turn|2\n|\n|t:|1776594425\n|-end|p1b: Brute Bonnet|Protosynthesis|[silent]\n|switch|p1b: Incineroar|Incineroar, L50, F, shiny|100/100\n|-ability|p1b: Incineroar|Intimidate|boost\n|-fail|p2a: Arcanine|unboost|[from] item: Clear Amulet|[of] p2a: Arcanine\n|-unboost|p2b: Whimsicott|atk|1\n|-terastallize|p1a: Koraidon|Fire\n|move|p2b: Whimsicott|Tailwind|p2b: Whimsicott\n|-sidestart|p2: Vestibulan|move: Tailwind\n|cant|p2a: Arcanine|slp\n|move|p1a: Koraidon|Flame Charge|p2b: Whimsicott\n|-supereffective|p2b: Whimsicott\n|-damage|p2b: Whimsicott|0 fnt\n|-boost|p1a: Koraidon|spe|1\n|faint|p2b: Whimsicott\n|\n|-weather|SunnyDay|[upkeep]\n|upkeep\n|\n|t:|1776594438\n|switch|p2b: Terapagos|Terapagos-Terastal, L50, M|100/100\n|turn|3\n|\n|t:|1776594453\n|-terastallize|p2b: Terapagos|Stellar\n|detailschange|p2b: Terapagos|Terapagos-Stellar, L50, M, tera:Stellar\n|-heal|p2b: Terapagos|100/100|[silent]\n|-ability|p2b: Terapagos|Teraform Zero\n|-weather|none\n|move|p1b: Incineroar|Helping Hand|p1a: Koraidon\n|-singleturn|p1a: Koraidon|Helping Hand|[of] p1b: Incineroar\n|cant|p2a: Arcanine|slp\n|move|p1a: Koraidon|Collision Course|p2a: Arcanine\n|-damage|p2a: Arcanine|4/100 slp\n|move|p2b: Terapagos|Tera Starstorm|p1b: Incineroar|[spread] p1a,p1b\n|-supereffective|p1a: Koraidon\n|-damage|p1a: Koraidon|0 fnt\n|-damage|p1b: Incineroar|53/100\n|faint|p1a: Koraidon\n|\n|upkeep\n|\n|t:|1776594466\n|switch|p1a: Brute Bonnet|Brute Bonnet, L50, shiny|100/100\n|turn|4\n|\n|t:|1776594470\n|cant|p2a: Arcanine|slp\n|move|p2b: Terapagos|Tera Starstorm|p1a: Brute Bonnet|[spread] p1a,p1b\n|-damage|p1a: Brute Bonnet|51/100\n|-damage|p1b: Incineroar|3/100\n|move|p1a: Brute Bonnet|Spore|p2b: Terapagos\n|-status|p2b: Terapagos|slp|[from] move: Spore\n|move|p1b: Incineroar|Knock Off|p2a: Arcanine\n|-damage|p2a: Arcanine|0 fnt\n|-enditem|p2a: Arcanine|Clear Amulet|[from] move: Knock Off|[of] p1b: Incineroar\n|faint|p2a: Arcanine\n|\n|upkeep\n|\n|t:|1776594474\n|switch|p2a: Zacian|Zacian-Crowned, L50|100/100\n|-ability|p2a: Zacian|Intrepid Sword|boost\n|-boost|p2a: Zacian|atk|1\n|turn|5\n|inactive|Battle timer is ON: inactive players will automatically lose when time's up. (requested by Markingdra)\n|\n|t:|1776594491\n|switch|p1b: Calyrex|Calyrex-Shadow, L50|100/100\n|-ability|p1b: Calyrex|As One\n|-ability|p1b: Calyrex|Unnerve\n|move|p2a: Zacian|Play Rough|p1b: Calyrex\n|-damage|p1b: Calyrex|7/100\n|cant|p2b: Terapagos|slp\n|move|p1a: Brute Bonnet|Spore|p2a: Zacian\n|-status|p2a: Zacian|slp|[from] move: Spore\n|\n|-sideend|p2: Vestibulan|move: Tailwind\n|upkeep\n|turn|6\n|\n|t:|1776594510\n|-end|p1a: Brute Bonnet|Protosynthesis|[silent]\n|switch|p1a: Incineroar|Incineroar, L50, F, shiny|3/100\n|-ability|p1a: Incineroar|Intimidate|boost\n|-unboost|p2a: Zacian|atk|1\n|-unboost|p2b: Terapagos|atk|1\n|move|p1b: Calyrex|Astral Barrage|p2a: Zacian|[spread] p2a\n|-immune|p2b: Terapagos\n|-damage|p2a: Zacian|48/100 slp\n|cant|p2a: Zacian|slp\n|cant|p2b: Terapagos|slp\n|\n|upkeep\n|turn|7\n|\n|t:|1776594524\n|move|p1a: Incineroar|Helping Hand|p1b: Calyrex\n|-singleturn|p1b: Calyrex|Helping Hand|[of] p1a: Incineroar\n|-curestatus|p2a: Zacian|slp|[msg]\n|move|p2a: Zacian|Protect|p2a: Zacian\n|-singleturn|p2a: Zacian|Protect\n|move|p1b: Calyrex|Astral Barrage|p2b: Terapagos|[spread] \n|-activate|p2a: Zacian|move: Protect\n|-immune|p2b: Terapagos\n|-curestatus|p2b: Terapagos|slp|[msg]\n|move|p2b: Terapagos|Tera Starstorm|p1a: Incineroar|[spread] p1a,p1b\n|-damage|p1a: Incineroar|0 fnt\n|-damage|p1b: Calyrex|0 fnt\n|faint|p1a: Incineroar\n|faint|p1b: Calyrex\n|\n|upkeep\n|\n|t:|1776594528\n|switch|p1b: Brute Bonnet|Brute Bonnet, L50, shiny|51/100\n|turn|8\n|-message|Markingdra forfeited.\n|\n|win|Vestibulan\n|raw|Markingdra's rating: 1441 &rarr; <strong>1423</strong><br />(-18 for losing)\n|raw|Vestibulan's rating: 1472 &rarr; <strong>1490</strong><br />(+18 for winning)\n|l|\u2606Markingdra\n|player|p1|\n|l|\u2606Vestibulan\n|player|p2|\n","uploadtime":1776594675,"views":7,"formatid":"gen9vgc2026regi","rating":1423,"private":0,"password":null}