{"id":"gen9vgc2026regi-2551842325","format":"[Gen 9] VGC 2026 Reg I","players":["j0l0k0","farfromperfect"],"log":"|j|\u2606j0l0k0\n|j|\u2606farfromperfect\n|t:|1772649826\n|gametype|doubles\n|player|p1|j0l0k0|brycen|1470\n|player|p2|farfromperfect|101|1379\n|gen|9\n|tier|[Gen 9] VGC 2026 Reg I\n|rated|\n|rule|Species Clause: Limit one of each Pok\u00e9mon\n|rule|Item Clause: Limit 1 of each item\n|clearpoke\n|poke|p1|Calyrex-Ice, L50|\n|poke|p1|Kyogre, L50|\n|poke|p1|Indeedee-F, L50, F|\n|poke|p1|Urshifu-*, L50, F|\n|poke|p1|Amoonguss, L50, F|\n|poke|p1|Landorus, L50, M|\n|poke|p2|Umbreon, L50, M|\n|poke|p2|Calyrex-Ice, L50|\n|poke|p2|Kyogre, L50|\n|poke|p2|Rillaboom, L50, M|\n|poke|p2|Landorus, L50, M|\n|poke|p2|Farigiraf, L50, M|\n|teampreview|4\n|inactive|Battle timer is ON: inactive players will automatically lose when time's up. (requested by j0l0k0)\n|inactive|farfromperfect has 60 seconds left.\n|inactive|farfromperfect has 30 seconds left.\n|inactive|farfromperfect has 20 seconds left.\n|inactive|farfromperfect has 15 seconds left.\n|inactive|farfromperfect has 10 seconds left.\n|inactive|farfromperfect has 5 seconds left.\n|\n|t:|1772649916\n|teamsize|p1|4\n|teamsize|p2|4\n|start\n|switch|p1a: Kyogre|Kyogre, L50, shiny|100/100\n|switch|p1b: Indeedee|Indeedee-F, L50, F, shiny|100/100\n|switch|p2a: Umbreon|Umbreon, L50, M, shiny|100/100\n|switch|p2b: Calyrex|Calyrex-Ice, L50|100/100\n|-ability|p2b: Calyrex|As One\n|-ability|p2b: Calyrex|Unnerve\n|-fieldstart|move: Psychic Terrain|[from] ability: Psychic Surge|[of] p1b: Indeedee\n|-weather|RainDance|[from] ability: Drizzle|[of] p1a: Kyogre\n|turn|1\n|inactive|farfromperfect has 30 seconds left.\n|\n|t:|1772649944\n|switch|p2a: Rillaboom|Rillaboom, L50, M, shiny|100/100\n|-fieldstart|move: Grassy Terrain|[from] ability: Grassy Surge|[of] p2a: Rillaboom\n|-terastallize|p2b: Calyrex|Water\n|move|p1b: Indeedee|Helping Hand|p1a: Kyogre\n|-singleturn|p1a: Kyogre|Helping Hand|[of] p1b: Indeedee\n|move|p1a: Kyogre|Water Spout|p2b: Calyrex|[spread] p2a,p2b\n|-resisted|p2a: Rillaboom\n|-resisted|p2b: Calyrex\n|-damage|p2a: Rillaboom|36/100\n|-damage|p2b: Calyrex|48/100\n|move|p2b: Calyrex|Glacial Lance|p1b: Indeedee|[spread] p1a,p1b\n|-resisted|p1a: Kyogre\n|-damage|p1a: Kyogre|70/100\n|-damage|p1b: Indeedee|33/100\n|\n|-weather|RainDance|[upkeep]\n|-heal|p2a: Rillaboom|42/100|[from] Grassy Terrain\n|-heal|p1b: Indeedee|39/100|[from] Grassy Terrain\n|-heal|p1a: Kyogre|75/100|[from] Grassy Terrain\n|-heal|p2b: Calyrex|54/100|[from] Grassy Terrain\n|-heal|p2b: Calyrex|59/100|[from] item: Leftovers\n|upkeep\n|turn|2\n|\n|t:|1772649967\n|move|p1b: Indeedee|Follow Me|p1b: Indeedee\n|-singleturn|p1b: Indeedee|move: Follow Me\n|move|p2a: Rillaboom|U-turn|p1b: Indeedee\n|-supereffective|p1b: Indeedee\n|-damage|p1b: Indeedee|0 fnt\n|faint|p1b: Indeedee\n|\n|t:|1772649975\n|switch|p2a: Kyogre|Kyogre, L50, shiny|100/100|[from] U-turn\n|move|p1a: Kyogre|Thunder|p2b: Calyrex\n|-supereffective|p2b: Calyrex\n|-damage|p2b: Calyrex|0 fnt\n|faint|p2b: Calyrex\n|\n|-weather|RainDance|[upkeep]\n|-heal|p1a: Kyogre|81/100|[from] Grassy Terrain\n|upkeep\n|\n|t:|1772649981\n|switch|p1b: Urshifu|Urshifu, L50, F|100/100\n|switch|p2b: Rillaboom|Rillaboom, L50, M, shiny|42/100\n|turn|3\n|inactive|farfromperfect has 30 seconds left.\n|inactive|farfromperfect has 20 seconds left.\n|\n|t:|1772650018\n|-terastallize|p1a: Kyogre|Grass\n|move|p2b: Rillaboom|Grassy Glide|p1a: Kyogre\n|-resisted|p1a: Kyogre\n|-damage|p1a: Kyogre|63/100\n|move|p2a: Kyogre|Origin Pulse|p1a: Kyogre|[spread] p1a,p1b\n|-resisted|p1a: Kyogre\n|-damage|p1a: Kyogre|48/100\n|-enditem|p1b: Urshifu|Focus Sash\n|-damage|p1b: Urshifu|1/100\n|move|p1b: Urshifu|Poison Jab|p2b: Rillaboom\n|-supereffective|p2b: Rillaboom\n|-damage|p2b: Rillaboom|0 fnt\n|faint|p2b: Rillaboom\n|move|p1a: Kyogre|Thunder|p2a: Kyogre\n|-supereffective|p2a: Kyogre\n|-damage|p2a: Kyogre|30/100\n|\n|-weather|RainDance|[upkeep]\n|-heal|p2a: Kyogre|36/100|[from] Grassy Terrain\n|-heal|p1b: Urshifu|7/100|[from] Grassy Terrain\n|-heal|p1a: Kyogre|54/100|[from] Grassy Terrain\n|upkeep\n|\n|t:|1772650026\n|switch|p2b: Umbreon|Umbreon, L50, M, shiny|100/100\n|turn|4\n|inactive|j0l0k0 has 30 seconds left.\n|\n|t:|1772650054\n|move|p2a: Kyogre|Origin Pulse|p1a: Kyogre|[spread] p1a,p1b\n|-resisted|p1a: Kyogre\n|-damage|p1a: Kyogre|39/100\n|-damage|p1b: Urshifu|0 fnt\n|faint|p1b: Urshifu\n|move|p1a: Kyogre|Hydro Pump|p2b: Umbreon\n|-damage|p2b: Umbreon|36/100\n|move|p2b: Umbreon|Snarl|p1a: Kyogre\n|-damage|p1a: Kyogre|31/100\n|-unboost|p1a: Kyogre|spa|1\n|\n|-weather|RainDance|[upkeep]\n|-heal|p2a: Kyogre|43/100|[from] Grassy Terrain\n|-heal|p1a: Kyogre|37/100|[from] Grassy Terrain\n|-heal|p2b: Umbreon|42/100|[from] Grassy Terrain\n|upkeep\n|\n|t:|1772650060\n|switch|p1b: Calyrex|Calyrex-Ice, L50|100/100\n|-ability|p1b: Calyrex|As One\n|-ability|p1b: Calyrex|Unnerve\n|turn|5\n|\n|t:|1772650071\n|move|p2a: Kyogre|Origin Pulse|p1a: Kyogre|[spread] p1a,p1b\n|-resisted|p1a: Kyogre\n|-damage|p1a: Kyogre|21/100\n|-damage|p1b: Calyrex|52/100\n|move|p1a: Kyogre|Thunder|p2b: Umbreon\n|-damage|p2b: Umbreon|21/100\n|move|p2b: Umbreon|Foul Play|p1b: Calyrex\n|-supereffective|p1b: Calyrex\n|-damage|p1b: Calyrex|0 fnt\n|faint|p1b: Calyrex\n|\n|-weather|none\n|-heal|p2a: Kyogre|49/100|[from] Grassy Terrain\n|-heal|p1a: Kyogre|27/100|[from] Grassy Terrain\n|-heal|p2b: Umbreon|27/100|[from] Grassy Terrain\n|-fieldend|move: Grassy Terrain\n|upkeep\n|turn|6\n|c|\u2606j0l0k0|GGWP\n|\n|t:|1772650083\n|move|p2a: Kyogre|Origin Pulse|p1a: Kyogre|[miss]\n|-miss|p2a: Kyogre|p1a: Kyogre\n|move|p1a: Kyogre|Thunder|p2a: Kyogre|[miss]\n|-miss|p1a: Kyogre|p2a: Kyogre\n|move|p2b: Umbreon|Snarl|p1a: Kyogre\n|-damage|p1a: Kyogre|20/100\n|-unboost|p1a: Kyogre|spa|1\n|\n|upkeep\n|turn|7\n|\n|t:|1772650088\n|move|p2a: Kyogre|Origin Pulse|p1a: Kyogre\n|-resisted|p1a: Kyogre\n|-damage|p1a: Kyogre|7/100\n|move|p1a: Kyogre|Thunder|p2a: Kyogre|[miss]\n|-miss|p1a: Kyogre|p2a: Kyogre\n|move|p2b: Umbreon|Snarl|p1a: Kyogre\n|-damage|p1a: Kyogre|1/100\n|-unboost|p1a: Kyogre|spa|1\n|\n|upkeep\n|turn|8\n|\n|t:|1772650095\n|move|p2a: Kyogre|Origin Pulse|p1a: Kyogre\n|-resisted|p1a: Kyogre\n|-damage|p1a: Kyogre|0 fnt\n|faint|p1a: Kyogre\n|\n|win|farfromperfect\n|raw|j0l0k0's rating: 1470 &rarr; <strong>1445</strong><br />(-25 for losing)\n|raw|farfromperfect's rating: 1379 &rarr; <strong>1404</strong><br />(+25 for winning)\n|c|\u2606farfromperfect|gg\n|l|\u2606farfromperfect\n|player|p2|\n|l|\u2606j0l0k0\n|player|p1|\n","uploadtime":1772650339,"views":13,"formatid":"gen9vgc2026regi","rating":1404,"private":0,"password":null}