{"id":"gen9vgc2026regi-2564151291","format":"[Gen 9] VGC 2026 Reg I","players":["gato_can","happidoodledoo"],"log":"|j|\u2606gato_can\n|j|\u2606happidoodledoo\n|t:|1774114955\n|gametype|doubles\n|player|p1|gato_can|169|1338\n|player|p2|happidoodledoo|1|1328\n|gen|9\n|tier|[Gen 9] VGC 2026 Reg I\n|rated|\n|rule|Species Clause: Limit one of each Pok\u00e9mon\n|rule|Item Clause: Limit 1 of each item\n|clearpoke\n|poke|p1|Tornadus, L50, M|\n|poke|p1|Incineroar, L50, F|\n|poke|p1|Flutter Mane, L50|\n|poke|p1|Rillaboom, L50, M|\n|poke|p1|Groudon, L50|\n|poke|p1|Calyrex-Ice, L50|\n|poke|p2|Calyrex-Shadow, L50|\n|poke|p2|Weezing-Galar, L50, M|\n|poke|p2|Dondozo, L50, M|\n|poke|p2|Tatsugiri-Droopy, L50, F|\n|poke|p2|Brute Bonnet, L50|\n|poke|p2|Koraidon, L50|\n|teampreview|4\n|\n|t:|1774114969\n|teamsize|p1|4\n|teamsize|p2|4\n|start\n|switch|p1a: Flutter Mane|Flutter Mane, L50|100/100\n|switch|p1b: Groudon|Groudon, L50|100/100\n|switch|p2a: Weezing|Weezing-Galar, L50, M, shiny|100/100\n|switch|p2b: Koraidon|Koraidon, L50|100/100\n|-ability|p2a: Weezing|Neutralizing Gas\n|-block|p2b: Koraidon|item: Ability Shield\n|-weather|SunnyDay|[from] ability: Orichalcum Pulse|[of] p2b: Koraidon\n|-activate|p2b: Koraidon|Orichalcum Pulse|[source]\n|turn|1\n|\n|t:|1774114999\n|-terastallize|p2b: Koraidon|Fire\n|move|p2a: Weezing|Protect|p2a: Weezing\n|-singleturn|p2a: Weezing|Protect\n|move|p1a: Flutter Mane|Icy Wind|p2a: Weezing|[spread] p2b\n|-activate|p2a: Weezing|move: Protect\n|-resisted|p2b: Koraidon\n|-damage|p2b: Koraidon|90/100\n|-unboost|p2b: Koraidon|spe|1\n|move|p1b: Groudon|Precipice Blades|p2a: Weezing|[spread] p2b\n|-activate|p2a: Weezing|move: Protect\n|-supereffective|p2b: Koraidon\n|-damage|p2b: Koraidon|0 fnt\n|faint|p2b: Koraidon\n|\n|-weather|SunnyDay|[upkeep]\n|upkeep\n|c|\u2606happidoodledoo|:(\n|\n|t:|1774115009\n|switch|p2b: Dondozo|Dondozo, L50, M|100/100\n|turn|2\n|\n|t:|1774115016\n|-end|p1a: Flutter Mane|Protosynthesis|[silent]\n|switch|p1a: Incineroar|Incineroar, L50, F|100/100\n|move|p2b: Dondozo|Protect|p2b: Dondozo\n|-singleturn|p2b: Dondozo|Protect\n|move|p1b: Groudon|Precipice Blades|p2a: Weezing|[spread] p2a\n|-activate|p2b: Dondozo|move: Protect\n|-supereffective|p2a: Weezing\n|-damage|p2a: Weezing|12/100\n|-enditem|p2a: Weezing|Sitrus Berry|[eat]\n|-heal|p2a: Weezing|37/100|[from] item: Sitrus Berry\n|move|p2a: Weezing|Toxic Spikes|p1a: Incineroar\n|-sidestart|p1: gato_can|move: Toxic Spikes\n|\n|-weather|SunnyDay|[upkeep]\n|upkeep\n|turn|3\n|\n|t:|1774115042\n|-end|p2a: Weezing|ability: Neutralizing Gas\n|-ability|p1a: Incineroar|Intimidate|boost\n|-unboost|p2a: Weezing|atk|1\n|-unboost|p2b: Dondozo|atk|1\n|switch|p2a: Tatsugiri|Tatsugiri-Droopy, L50, F|100/100\n|-activate|p2a: Tatsugiri|ability: Commander|[of] p2b: Dondozo\n|-boost|p2b: Dondozo|atk|2\n|-boost|p2b: Dondozo|spa|2\n|-boost|p2b: Dondozo|spe|2\n|-boost|p2b: Dondozo|def|2\n|-boost|p2b: Dondozo|spd|2\n|move|p2b: Dondozo|Order Up|p1b: Groudon\n|-damage|p1b: Groudon|78/100\n|-boost|p2b: Dondozo|def|1\n|move|p1b: Groudon|Precipice Blades|p2a: Tatsugiri|[spread] p2b\n|-miss|p1b: Groudon|p2a: Tatsugiri\n|-damage|p2b: Dondozo|83/100\n|move|p1a: Incineroar|Will-O-Wisp|p2b: Dondozo|[miss]\n|-miss|p1a: Incineroar|p2b: Dondozo\n|\n|-weather|SunnyDay|[upkeep]\n|-heal|p2b: Dondozo|89/100|[from] item: Leftovers\n|upkeep\n|turn|4\n|\n|t:|1774115072\n|move|p2b: Dondozo|Substitute|p2b: Dondozo\n|-start|p2b: Dondozo|Substitute\n|-damage|p2b: Dondozo|65/100\n|move|p1b: Groudon|Precipice Blades|p2b: Dondozo|[spread] p2b\n|-miss|p1b: Groudon|p2a: Tatsugiri\n|-activate|p2b: Dondozo|move: Substitute|[damage]\n|move|p1a: Incineroar|Will-O-Wisp||[still]\n|-fail|p1a: Incineroar\n|\n|-weather|SunnyDay|[upkeep]\n|-heal|p2b: Dondozo|71/100|[from] item: Leftovers\n|upkeep\n|turn|5\n|\n|t:|1774115081\n|move|p2b: Dondozo|Protect|p2b: Dondozo\n|-singleturn|p2b: Dondozo|Protect\n|move|p1b: Groudon|Heat Crash|p2b: Dondozo\n|-activate|p2b: Dondozo|move: Protect\n|move|p1a: Incineroar|Knock Off|p2b: Dondozo\n|-activate|p2b: Dondozo|move: Protect\n|\n|-weather|none\n|-heal|p2b: Dondozo|77/100|[from] item: Leftovers\n|upkeep\n|turn|6\n|\n|t:|1774115092\n|move|p2b: Dondozo|Order Up|p1b: Groudon\n|-damage|p1b: Groudon|54/100\n|-boost|p2b: Dondozo|def|1\n|move|p1b: Groudon|High Horsepower|p2b: Dondozo\n|-end|p2b: Dondozo|Substitute\n|move|p1a: Incineroar|Knock Off|p2b: Dondozo\n|-damage|p2b: Dondozo|67/100\n|-enditem|p2b: Dondozo|Leftovers|[from] move: Knock Off|[of] p1a: Incineroar\n|\n|upkeep\n|turn|7\n|\n|t:|1774115104\n|move|p2b: Dondozo|Body Press|p1a: Incineroar\n|-supereffective|p1a: Incineroar\n|-damage|p1a: Incineroar|0 fnt\n|faint|p1a: Incineroar\n|move|p1b: Groudon|High Horsepower|p2b: Dondozo\n|-damage|p2b: Dondozo|53/100\n|\n|upkeep\n|\n|t:|1774115110\n|switch|p1a: Flutter Mane|Flutter Mane, L50|100/100\n|-status|p1a: Flutter Mane|psn\n|turn|8\n|\n|t:|1774115124\n|-terastallize|p1a: Flutter Mane|Fairy\n|move|p1a: Flutter Mane|Moonblast|p2b: Dondozo\n|-damage|p2b: Dondozo|16/100\n|-unboost|p2b: Dondozo|spa|1\n|move|p2b: Dondozo|Body Press|p1b: Groudon\n|-damage|p1b: Groudon|7/100\n|move|p1b: Groudon|High Horsepower|p2b: Dondozo\n|-damage|p2b: Dondozo|3/100\n|\n|-damage|p1a: Flutter Mane|88/100 psn|[from] psn\n|upkeep\n|turn|9\n|\n|t:|1774115137\n|move|p2b: Dondozo|Protect|p2b: Dondozo\n|-singleturn|p2b: Dondozo|Protect\n|move|p1a: Flutter Mane|Moonblast|p2b: Dondozo\n|-activate|p2b: Dondozo|move: Protect\n|move|p1b: Groudon|High Horsepower|p2b: Dondozo\n|-activate|p2b: Dondozo|move: Protect\n|\n|-damage|p1a: Flutter Mane|76/100 psn|[from] psn\n|upkeep\n|turn|10\n|\n|t:|1774115142\n|switch|p1b: Calyrex|Calyrex-Ice, L50|100/100\n|-ability|p1b: Calyrex|As One\n|-ability|p1b: Calyrex|Unnerve\n|-status|p1b: Calyrex|psn\n|move|p1a: Flutter Mane|Moonblast|p2b: Dondozo\n|-damage|p2b: Dondozo|0 fnt\n|faint|p2b: Dondozo\n|\n|-damage|p1a: Flutter Mane|64/100 psn|[from] psn\n|-damage|p1b: Calyrex|88/100 psn|[from] psn\n|upkeep\n|\n|t:|1774115146\n|switch|p2b: Weezing|Weezing-Galar, L50, M, shiny|37/100\n|-ability|p2b: Weezing|Neutralizing Gas\n|turn|11\n|\n|t:|1774115161\n|move|p1a: Flutter Mane|Moonblast|p2a: Tatsugiri\n|-supereffective|p2a: Tatsugiri\n|-enditem|p2a: Tatsugiri|Focus Sash\n|-damage|p2a: Tatsugiri|1/100\n|move|p2a: Tatsugiri|Muddy Water|p1b: Calyrex|[spread] p1a,p1b\n|-damage|p1a: Flutter Mane|30/100 psn\n|-damage|p1b: Calyrex|67/100 psn\n|move|p2b: Weezing|Dazzling Gleam|p1b: Calyrex|[spread] p1a,p1b\n|-crit|p1a: Flutter Mane\n|-damage|p1a: Flutter Mane|3/100 psn\n|-damage|p1b: Calyrex|55/100 psn\n|move|p1b: Calyrex|Glacial Lance|p2b: Weezing|[spread] p2a,p2b\n|-damage|p2a: Tatsugiri|0 fnt\n|-damage|p2b: Weezing|0 fnt\n|faint|p2a: Tatsugiri\n|faint|p2b: Weezing\n|-end|p2b: Weezing|ability: Neutralizing Gas\n|\n|win|gato_can\n|raw|gato_can's rating: 1338 &rarr; <strong>1357</strong><br />(+19 for winning)\n|raw|happidoodledoo's rating: 1328 &rarr; <strong>1309</strong><br />(-19 for losing)\n|l|\u2606happidoodledoo\n|player|p2|\n|l|\u2606gato_can\n|player|p1|\n","uploadtime":1774115394,"views":22,"formatid":"gen9vgc2026regi","rating":1309,"private":0,"password":null}