{"id":"gen9vgc2026regi-2568307109","format":"[Gen 9] VGC 2026 Reg I","players":["KogaAF1219","Highkage2"],"log":"|j|\u2606KogaAF1219\n|j|\u203dHighkage2\n|t:|1774564843\n|gametype|doubles\n|player|p1|KogaAF1219|101|1402\n|player|p2|Highkage2|doubleteam|1637\n|gen|9\n|tier|[Gen 9] VGC 2026 Reg I\n|rated|\n|rule|Species Clause: Limit one of each Pok\u00e9mon\n|rule|Item Clause: Limit 1 of each item\n|clearpoke\n|poke|p1|Kyogre, L50|\n|poke|p1|Illumise, L50, F|\n|poke|p1|Calyrex-Shadow, L50|\n|poke|p1|Indeedee, L50, M|\n|poke|p1|Sneasler, L50, M|\n|poke|p1|Gastrodon, L50, F|\n|poke|p2|Incineroar, L50, M|\n|poke|p2|Calyrex-Ice, L50|\n|poke|p2|Miraidon, L50|\n|poke|p2|Iron Treads, L50|\n|poke|p2|Volcarona, L50, M|\n|poke|p2|Farigiraf, L50, F|\n|teampreview|4\n|inactive|Battle timer is ON: inactive players will automatically lose when time's up. (requested by Highkage2)\n|inactive|Highkage2 has 60 seconds left.\n|\n|t:|1774564893\n|teamsize|p1|4\n|teamsize|p2|4\n|start\n|switch|p1a: Calyrex|Calyrex-Shadow, L50|100/100\n|switch|p1b: Indeedee|Indeedee, L50, M|100/100\n|switch|p2a: Incineroar|Incineroar, L50, M|100/100\n|switch|p2b: Farigiraf|Farigiraf, L50, F|100/100\n|-ability|p1a: Calyrex|As One\n|-ability|p1a: Calyrex|Unnerve\n|-fieldstart|move: Psychic Terrain|[from] ability: Psychic Surge|[of] p1b: Indeedee\n|-ability|p2a: Incineroar|Intimidate|boost\n|-unboost|p1a: Calyrex|atk|1\n|-unboost|p1b: Indeedee|atk|1\n|turn|1\n|\n|t:|1774564908\n|-terastallize|p1a: Calyrex|Ground\n|move|p1a: Calyrex|Tera Blast|p2a: Incineroar|[anim] Tera Blast Ground\n|-supereffective|p2a: Incineroar\n|-damage|p2a: Incineroar|30/100\n|-damage|p1a: Calyrex|91/100|[from] item: Life Orb\n|move|p1b: Indeedee|Imprison|p1b: Indeedee\n|-start|p1b: Indeedee|move: Imprison\n|move|p2a: Incineroar|U-turn|p1a: Calyrex\n|-damage|p1a: Calyrex|68/100\n|\n|t:|1774564921\n|switch|p2a: Calyrex|Calyrex-Ice, L50|100/100|[from] U-turn\n|-ability|p2a: Calyrex|As One\n|-ability|p2a: Calyrex|Unnerve\n|cant|p2b: Farigiraf|move: Imprison|Trick Room\n|\n|upkeep\n|turn|2\n|\n|t:|1774564937\n|move|p1a: Calyrex|Protect|p1a: Calyrex\n|-singleturn|p1a: Calyrex|Protect\n|move|p1b: Indeedee|Expanding Force|p2a: Calyrex|[spread] p2a,p2b\n|-resisted|p2a: Calyrex\n|-resisted|p2b: Farigiraf\n|-damage|p2a: Calyrex|86/100\n|-damage|p2b: Farigiraf|78/100\n|move|p2b: Farigiraf|Psychic|p1a: Calyrex\n|-activate|p1a: Calyrex|move: Protect\n|move|p2a: Calyrex|Leech Seed|p1a: Calyrex\n|-activate|p1a: Calyrex|move: Protect\n|\n|-heal|p2a: Calyrex|92/100|[from] item: Leftovers\n|upkeep\n|turn|3\n|inactive|Highkage2 has 30 seconds left.\n|\n|t:|1774564962\n|-terastallize|p2a: Calyrex|Fairy\n|move|p1a: Calyrex|Astral Barrage|p2a: Calyrex|[spread] p2a\n|-immune|p2b: Farigiraf\n|-damage|p2a: Calyrex|49/100\n|-damage|p1a: Calyrex|58/100|[from] item: Life Orb\n|move|p1b: Indeedee|Expanding Force|p2a: Calyrex|[spread] p2a,p2b\n|-resisted|p2b: Farigiraf\n|-damage|p2a: Calyrex|17/100\n|-damage|p2b: Farigiraf|56/100\n|move|p2b: Farigiraf|Psychic|p1a: Calyrex\n|-damage|p1a: Calyrex|11/100\n|move|p2a: Calyrex|Glacial Lance|p1b: Indeedee|[spread] p1a,p1b\n|-supereffective|p1a: Calyrex\n|-damage|p1a: Calyrex|0 fnt\n|-enditem|p1b: Indeedee|Focus Sash\n|-damage|p1b: Indeedee|1/100\n|faint|p1a: Calyrex\n|-ability|p2a: Calyrex|Chilling Neigh|boost\n|-boost|p2a: Calyrex|atk|1\n|\n|-heal|p2a: Calyrex|23/100|[from] item: Leftovers\n|upkeep\n|\n|t:|1774564971\n|switch|p1a: Kyogre|Kyogre, L50|100/100\n|-weather|RainDance|[from] ability: Drizzle|[of] p1a: Kyogre\n|turn|4\n|inactive|Highkage2 has 30 seconds left.\n|\n|t:|1774565006\n|switch|p1b: Sneasler|Sneasler, L50, M|100/100\n|-enditem|p1b: Sneasler|Psychic Seed\n|-boost|p1b: Sneasler|spd|1|[from] item: Psychic Seed\n|move|p1a: Kyogre|Water Spout|p2a: Calyrex|[spread] p2a,p2b\n|-damage|p2a: Calyrex|0 fnt\n|-damage|p2b: Farigiraf|0 fnt\n|faint|p2a: Calyrex\n|faint|p2b: Farigiraf\n|\n|-weather|RainDance|[upkeep]\n|upkeep\n|\n|t:|1774565009\n|switch|p2b: Incineroar|Incineroar, L50, M|30/100\n|switch|p2a: Miraidon|Miraidon, L50|100/100\n|-fieldstart|move: Electric Terrain|[from] ability: Hadron Engine|[of] p2a: Miraidon\n|-ability|p2b: Incineroar|Intimidate|boost\n|-unboost|p1a: Kyogre|atk|1\n|-unboost|p1b: Sneasler|atk|1\n|turn|5\n|\n|t:|1774565022\n|switch|p1a: Indeedee|Indeedee, L50, M|1/100\n|-fieldstart|move: Psychic Terrain|[from] ability: Psychic Surge|[of] p1a: Indeedee\n|move|p1b: Sneasler|Brick Break|p2b: Incineroar\n|-supereffective|p2b: Incineroar\n|-damage|p2b: Incineroar|0 fnt\n|faint|p2b: Incineroar\n|move|p2a: Miraidon|Electro Drift|p1b: Sneasler\n|-damage|p1b: Sneasler|27/100\n|\n|-weather|RainDance|[upkeep]\n|upkeep\n|turn|6\n|\n|t:|1774565031\n|move|p1b: Sneasler|Dire Claw|p2a: Miraidon\n|-damage|p2a: Miraidon|73/100\n|-status|p2a: Miraidon|psn\n|move|p2a: Miraidon|Electro Drift|p1b: Sneasler\n|-damage|p1b: Sneasler|0 fnt\n|faint|p1b: Sneasler\n|move|p1a: Indeedee|Dazzling Gleam|p2a: Miraidon\n|-supereffective|p2a: Miraidon\n|-damage|p2a: Miraidon|36/100 psn\n|\n|-weather|RainDance|[upkeep]\n|-damage|p2a: Miraidon|24/100 psn|[from] psn\n|upkeep\n|-message|Highkage2 forfeited.\n|\n|win|KogaAF1219\n|raw|KogaAF1219's rating: 1402 &rarr; <strong>1434</strong><br />(+32 for winning)\n|raw|Highkage2's rating: 1637 &rarr; <strong>1605</strong><br />(-32 for losing)\n|l|\u203dHighkage2\n|player|p2|\n|l|\u2606KogaAF1219\n|player|p1|\n","uploadtime":1774565260,"views":12,"formatid":"gen9vgc2026regi","rating":1434,"private":0,"password":null}