{"id":"gen9vgc2026regi-2566902484","format":"[Gen 9] VGC 2026 Reg I","players":["casper427","Cheirapica"],"log":"|j|\u2606casper427\n|j|\u2606Cheirapica\n|t:|1774427203\n|gametype|doubles\n|player|p1|casper427|170|1244\n|player|p2|Cheirapica|102|1276\n|gen|9\n|tier|[Gen 9] VGC 2026 Reg I\n|rated|\n|rule|Species Clause: Limit one of each Pok\u00e9mon\n|rule|Item Clause: Limit 1 of each item\n|clearpoke\n|poke|p1|Calyrex-Ice, L50|\n|poke|p1|Ting-Lu, L50|\n|poke|p1|Urshifu-*, L50, F|\n|poke|p1|Miraidon, L50|\n|poke|p1|Incineroar, L50, F|\n|poke|p1|Volcarona, L50, F|\n|poke|p2|Calyrex-Shadow, L50|\n|poke|p2|Kyogre, L50|\n|poke|p2|Amoonguss, L50, M|\n|poke|p2|Rillaboom, L50, F|\n|poke|p2|Indeedee-F, L50, F|\n|poke|p2|Urshifu-*, L50, M|\n|teampreview|4\n|inactive|Battle timer is ON: inactive players will automatically lose when time's up. (requested by Cheirapica)\nCheirapica has agreed to open team sheets.\n|inactive|casper427 has 60 seconds left.\n|\n|t:|1774427239\n|teamsize|p1|4\n|teamsize|p2|4\n|start\n|switch|p1a: Urshifu|Urshifu-Rapid-Strike, L50, F|100/100\n|switch|p1b: Miraidon|Miraidon, L50, shiny|100/100\n|switch|p2a: Kyogre|Kyogre, L50|100/100\n|switch|p2b: Indeedee|Indeedee-F, L50, F|100/100\n|-fieldstart|move: Electric Terrain|[from] ability: Hadron Engine|[of] p1b: Miraidon\n|-weather|RainDance|[from] ability: Drizzle|[of] p2a: Kyogre\n|-fieldstart|move: Psychic Terrain|[from] ability: Psychic Surge|[of] p2b: Indeedee\n|turn|1\n|inactive|Cheirapica has 30 seconds left.\n|inactive|Cheirapica has 20 seconds left.\n|\n|t:|1774427279\n|-terastallize|p2a: Kyogre|Water\n|move|p2b: Indeedee|Follow Me|p2b: Indeedee\n|-singleturn|p2b: Indeedee|move: Follow Me\n|move|p1b: Miraidon|Snarl|p2a: Kyogre|[spread] p2a,p2b\n|-crit|p2a: Kyogre\n|-supereffective|p2b: Indeedee\n|-damage|p2a: Kyogre|85/100\n|-damage|p2b: Indeedee|79/100\n|-unboost|p2b: Indeedee|spa|1\n|move|p1a: Urshifu|Surging Strikes|p2b: Indeedee\n|-crit|p2b: Indeedee\n|-damage|p2b: Indeedee|33/100\n|-crit|p2b: Indeedee\n|-damage|p2b: Indeedee|0 fnt\n|faint|p2b: Indeedee\n|-hitcount|p2: Indeedee|2\n|move|p2a: Kyogre|Water Spout|p1b: Miraidon|[spread] p1a,p1b\n|-resisted|p1a: Urshifu\n|-resisted|p1b: Miraidon\n|-damage|p1a: Urshifu|3/100\n|-damage|p1b: Miraidon|47/100\n|\n|-weather|RainDance|[upkeep]\n|upkeep\n|\n|t:|1774427297\n|switch|p2b: Rillaboom|Rillaboom, L50, F|100/100\n|-fieldstart|move: Grassy Terrain|[from] ability: Grassy Surge|[of] p2b: Rillaboom\n|turn|2\n|c|\u2606casper427|covert cloak kyogre\n|n|!casper427|casper427\n|\n|t:|1774427317\n|switch|p1b: Incineroar|Incineroar, L50, F|100/100\n|-ability|p1b: Incineroar|Intimidate|boost\n|-unboost|p2a: Kyogre|atk|1\n|-unboost|p2b: Rillaboom|atk|1\n|move|p2a: Kyogre|Protect|p2a: Kyogre\n|-singleturn|p2a: Kyogre|Protect\n|move|p2b: Rillaboom|Fake Out|p1a: Urshifu\n|-damage|p1a: Urshifu|0 fnt\n|faint|p1a: Urshifu\n|\n|-weather|RainDance|[upkeep]\n|-heal|p2a: Kyogre|90/100|[from] Grassy Terrain\n|upkeep\n|\n|t:|1774427321\n|switch|p1a: Miraidon|Miraidon, L50, shiny|47/100\n|-fieldstart|move: Electric Terrain|[from] ability: Hadron Engine|[of] p1a: Miraidon\n|turn|3\n|inactive|Cheirapica has 30 seconds left.\n|\n|t:|1774427347\n|switch|p2a: Calyrex|Calyrex-Shadow, L50|100/100\n|-ability|p2a: Calyrex|As One\n|-ability|p2a: Calyrex|Unnerve\n|move|p1a: Miraidon|Volt Switch|p2a: Calyrex\n|-damage|p2a: Calyrex|30/100\n|\n|t:|1774427356\n|switch|p1a: Calyrex|Calyrex-Ice, L50|100/100|[from] Volt Switch\n|-ability|p1a: Calyrex|As One\n|-ability|p1a: Calyrex|Unnerve\n|move|p2b: Rillaboom|U-turn|p1a: Calyrex\n|-supereffective|p1a: Calyrex\n|-damage|p1a: Calyrex|82/100\n|\n|t:|1774427365\n|switch|p2b: Kyogre|Kyogre, L50, tera:Water|90/100|[from] U-turn\n|move|p1b: Incineroar|U-turn|p2b: Kyogre\n|-damage|p2b: Kyogre|74/100\n|\n|t:|1774427371\n|switch|p1b: Miraidon|Miraidon, L50, shiny|47/100|[from] U-turn\n|-activate|p1b: Miraidon|ability: Hadron Engine\n|\n|-weather|RainDance|[upkeep]\n|-heal|p1a: Calyrex|88/100|[from] item: Leftovers\n|upkeep\n|turn|4\n|\n|t:|1774427388\n|move|p2a: Calyrex|Protect|p2a: Calyrex\n|-singleturn|p2a: Calyrex|Protect\n|move|p1a: Calyrex|Protect|p1a: Calyrex\n|-singleturn|p1a: Calyrex|Protect\n|move|p1b: Miraidon|Volt Switch|p2b: Kyogre\n|-supereffective|p2b: Kyogre\n|-damage|p2b: Kyogre|0 fnt\n|faint|p2b: Kyogre\n|\n|t:|1774427396\n|switch|p1b: Incineroar|Incineroar, L50, F|100/100|[from] Volt Switch\n|-ability|p1b: Incineroar|Intimidate|boost\n|-unboost|p2a: Calyrex|atk|1\n|\n|-weather|RainDance|[upkeep]\n|-heal|p1a: Calyrex|94/100|[from] item: Leftovers\n|upkeep\n|\n|t:|1774427399\n|switch|p2b: Rillaboom|Rillaboom, L50, F|100/100\n|-fieldstart|move: Grassy Terrain|[from] ability: Grassy Surge|[of] p2b: Rillaboom\n|turn|5\n|-message|Cheirapica forfeited.\n|\n|win|casper427\n","uploadtime":1774427304,"views":9,"formatid":"gen9vgc2026regi","rating":null,"private":0,"password":null}