{"id":"gen9vgc2026regi-2531849307","format":"[Gen 9] VGC 2026 Reg I","players":["Schimmli","fu1111111"],"log":"|j|\u2606Schimmli\n|j|\u2606fu1111111\n|t:|1770109906\n|gametype|doubles\n|player|p1|Schimmli|266|1399\n|player|p2|fu1111111|169|1434\n|gen|9\n|tier|[Gen 9] VGC 2026 Reg I\n|rated|\n|rule|Species Clause: Limit one of each Pok\u00e9mon\n|rule|Item Clause: Limit 1 of each item\n|clearpoke\n|poke|p1|Terapagos, L50, M|\n|poke|p1|Calyrex-Shadow, L50|\n|poke|p1|Flutter Mane, L50|\n|poke|p1|Ogerpon-Cornerstone, L50, F|\n|poke|p1|Incineroar, L50, F|\n|poke|p1|Rillaboom, L50, F|\n|poke|p2|Whimsicott, L50, F|\n|poke|p2|Iron Valiant, L50|\n|poke|p2|Calyrex-Shadow, L50|\n|poke|p2|Chi-Yu, L50|\n|poke|p2|Kyogre, L50|\n|poke|p2|Urshifu-*, L50, M|\n|teampreview|4\n|\n|t:|1770109942\n|teamsize|p1|4\n|teamsize|p2|4\n|start\n|switch|p1a: Terapagos|Terapagos, L50, M|100/100\n|switch|p1b: Rillaboom|Rillaboom, L50, F|100/100\n|switch|p2a: Chi-Yu|Chi-Yu, L50|100/100\n|switch|p2b: Urshifu|Urshifu-Rapid-Strike, L50, M|100/100\n|-activate|p1a: Terapagos|ability: Tera Shift\n|detailschange|p1a: Terapagos|Terapagos-Terastal, L50, M\n|-heal|p1a: Terapagos|100/100|[silent]\n|-ability|p2a: Chi-Yu|Beads of Ruin\n|-fieldstart|move: Grassy Terrain|[from] ability: Grassy Surge|[of] p1b: Rillaboom\n|turn|1\n|\n|t:|1770109986\n|switch|p1b: Incineroar|Incineroar, L50, F, shiny|100/100\n|-ability|p1b: Incineroar|Intimidate|boost\n|-unboost|p2a: Chi-Yu|atk|1\n|-unboost|p2b: Urshifu|atk|1\n|move|p1a: Terapagos|Protect|p1a: Terapagos\n|-singleturn|p1a: Terapagos|Protect\n|move|p2a: Chi-Yu|Heat Wave|p1b: Incineroar|[spread] p1b\n|-activate|p1a: Terapagos|move: Protect\n|-resisted|p1b: Incineroar\n|-damage|p1b: Incineroar|80/100\n|move|p2b: Urshifu|Close Combat|p1a: Terapagos\n|-activate|p1a: Terapagos|ability: Tera Shell\n|-resisted|p1a: Terapagos\n|-damage|p1a: Terapagos|79/100\n|-unboost|p2b: Urshifu|def|1\n|-unboost|p2b: Urshifu|spd|1\n|\n|-heal|p1a: Terapagos|85/100|[from] Grassy Terrain\n|-heal|p1a: Terapagos|91/100|[from] item: Leftovers\n|-heal|p1b: Incineroar|86/100|[from] Grassy Terrain\n|upkeep\n|turn|2\n|\n|t:|1770110013\n|move|p1b: Incineroar|Fake Out|p2b: Urshifu\n|-damage|p2b: Urshifu|86/100\n|move|p2a: Chi-Yu|Heat Wave|p1b: Incineroar|[spread] p1a,p1b\n|-resisted|p1b: Incineroar\n|-damage|p1a: Terapagos|54/100\n|-damage|p1b: Incineroar|66/100\n|cant|p2b: Urshifu|flinch\n|move|p1a: Terapagos|Calm Mind|p1a: Terapagos\n|-boost|p1a: Terapagos|spa|1\n|-boost|p1a: Terapagos|spd|1\n|\n|-heal|p2b: Urshifu|91/100|[from] Grassy Terrain\n|-heal|p1a: Terapagos|60/100|[from] Grassy Terrain\n|-heal|p1a: Terapagos|66/100|[from] item: Leftovers\n|-heal|p1b: Incineroar|72/100|[from] Grassy Terrain\n|upkeep\n|turn|3\n|\n|t:|1770110033\n|-terastallize|p1a: Terapagos|Stellar\n|detailschange|p1a: Terapagos|Terapagos-Stellar, L50, M, tera:Stellar\n|-heal|p1a: Terapagos|75/100|[silent]\n|-ability|p1a: Terapagos|Teraform Zero\n|-fieldend|move: Grassy Terrain\n|move|p2a: Chi-Yu|Heat Wave|p1b: Incineroar|[spread] p1a,p1b\n|-resisted|p1b: Incineroar\n|-damage|p1a: Terapagos|55/100\n|-damage|p1b: Incineroar|49/100\n|move|p2b: Urshifu|Close Combat|p1a: Terapagos\n|-supereffective|p1a: Terapagos\n|-damage|p1a: Terapagos|0 fnt\n|-unboost|p2b: Urshifu|def|1\n|-unboost|p2b: Urshifu|spd|1\n|faint|p1a: Terapagos\n|detailschange|p1: Terapagos|Terapagos, L50, M|[silent]\n|move|p1b: Incineroar|Parting Shot|p2a: Chi-Yu\n|-unboost|p2a: Chi-Yu|atk|1\n|-unboost|p2a: Chi-Yu|spa|1\n|\n|t:|1770110050\n|switch|p1b: Calyrex|Calyrex-Shadow, L50|100/100|[from] Parting Shot\n|-ability|p1b: Calyrex|As One\n|-ability|p1b: Calyrex|Unnerve\n|\n|upkeep\n|\n|t:|1770110064\n|switch|p1a: Incineroar|Incineroar, L50, F, shiny|49/100\n|-ability|p1a: Incineroar|Intimidate|boost\n|-unboost|p2a: Chi-Yu|atk|1\n|-unboost|p2b: Urshifu|atk|1\n|turn|4\n|\n|t:|1770110089\n|move|p1a: Incineroar|Fake Out|p2a: Chi-Yu\n|-damage|p2a: Chi-Yu|83/100\n|cant|p2a: Chi-Yu|flinch\n|move|p1b: Calyrex|Astral Barrage|p2b: Urshifu|[spread] p2a,p2b\n|-resisted|p2a: Chi-Yu\n|-damage|p2a: Chi-Yu|53/100\n|-damage|p2b: Urshifu|0 fnt\n|faint|p2b: Urshifu\n|-ability|p1b: Calyrex|Grim Neigh|boost\n|-boost|p1b: Calyrex|spa|1\n|\n|upkeep\n|\n|t:|1770110102\n|switch|p2b: Whimsicott|Whimsicott, L50, F|100/100\n|turn|5\n|\n|t:|1770110118\n|move|p2b: Whimsicott|Tailwind|p2b: Whimsicott\n|-sidestart|p2: fu1111111|move: Tailwind\n|move|p2a: Chi-Yu|Heat Wave|p1a: Incineroar|[spread] p1a,p1b\n|-resisted|p1a: Incineroar\n|-crit|p1a: Incineroar\n|-damage|p1a: Incineroar|15/100\n|-damage|p1b: Calyrex|70/100\n|move|p1b: Calyrex|Astral Barrage|p2a: Chi-Yu|[spread] p2a,p2b\n|-resisted|p2a: Chi-Yu\n|-damage|p2a: Chi-Yu|10/100\n|-damage|p2b: Whimsicott|0 fnt\n|faint|p2b: Whimsicott\n|-ability|p1b: Calyrex|Grim Neigh|boost\n|-boost|p1b: Calyrex|spa|1\n|move|p1a: Incineroar|Knock Off|p2a: Chi-Yu\n|-resisted|p2a: Chi-Yu\n|-damage|p2a: Chi-Yu|0 fnt\n|-enditem|p2a: Chi-Yu|Choice Scarf|[from] move: Knock Off|[of] p1a: Incineroar\n|faint|p2a: Chi-Yu\n|\n|upkeep\n|\n|t:|1770110138\n|switch|p2b: Calyrex|Calyrex-Shadow, L50|100/100\n|-ability|p2b: Calyrex|As One\n|-ability|p2b: Calyrex|Unnerve\n|turn|6\n|\n|t:|1770110146\n|switch|p1a: Rillaboom|Rillaboom, L50, F|100/100\n|-fieldstart|move: Grassy Terrain|[from] ability: Grassy Surge|[of] p1a: Rillaboom\n|-terastallize|p2b: Calyrex|Ghost\n|move|p1b: Calyrex|Protect|p1b: Calyrex\n|-singleturn|p1b: Calyrex|Protect\n|move|p2b: Calyrex|Astral Barrage|p1a: Rillaboom|[spread] p1a\n|-activate|p1b: Calyrex|move: Protect\n|-crit|p1a: Rillaboom\n|-damage|p1a: Rillaboom|21/100\n|\n|-heal|p1b: Calyrex|75/100|[from] Grassy Terrain\n|-heal|p1a: Rillaboom|27/100|[from] Grassy Terrain\n|upkeep\n|turn|7\n|\n|t:|1770110164\n|switch|p1b: Incineroar|Incineroar, L50, F, shiny|15/100\n|-ability|p1b: Incineroar|Intimidate|boost\n|-unboost|p2b: Calyrex|atk|1\n|move|p1a: Rillaboom|Grassy Glide|p2b: Calyrex\n|-damage|p2b: Calyrex|60/100\n|move|p2b: Calyrex|Astral Barrage|p1a: Rillaboom|[spread] p1a,p1b\n|-resisted|p1b: Incineroar\n|-damage|p1a: Rillaboom|0 fnt\n|-damage|p1b: Incineroar|0 fnt\n|faint|p1a: Rillaboom\n|faint|p1b: Incineroar\n|-ability|p2b: Calyrex|Grim Neigh|boost\n|-boost|p2b: Calyrex|spa|2\n|\n|-heal|p2b: Calyrex|66/100|[from] Grassy Terrain\n|upkeep\n|\n|t:|1770110173\n|switch|p1b: Calyrex|Calyrex-Shadow, L50|75/100\n|-ability|p1b: Calyrex|As One\n|-ability|p1b: Calyrex|Unnerve\n|turn|8\n|\n|t:|1770110192\n|move|p1b: Calyrex|Protect|p1b: Calyrex\n|-singleturn|p1b: Calyrex|Protect\n|move|p2b: Calyrex|Astral Barrage|p1b: Calyrex\n|-activate|p1b: Calyrex|move: Protect\n|\n|-heal|p2b: Calyrex|72/100|[from] Grassy Terrain\n|-heal|p1b: Calyrex|81/100|[from] Grassy Terrain\n|-sideend|p2: fu1111111|move: Tailwind\n|upkeep\n|turn|9\n|\n|t:|1770110205\n|move|p1b: Calyrex|Astral Barrage|p2b: Calyrex\n|-supereffective|p2b: Calyrex\n|-damage|p2b: Calyrex|0 fnt\n|faint|p2b: Calyrex\n|\n|win|Schimmli\n|raw|Schimmli's rating: 1399 &rarr; <strong>1421</strong><br />(+22 for winning)\n|raw|fu1111111's rating: 1434 &rarr; <strong>1412</strong><br />(-22 for losing)\n|c|\u2606Schimmli|gg\n|l|\u2606fu1111111\n|player|p2|\n|l|\u2606Schimmli\n|player|p1|\n","uploadtime":1770110446,"views":16,"formatid":"gen9vgc2026regi","rating":1412,"private":0,"password":null}