{"id":"gen9vgc2026regi-2557948292","format":"[Gen 9] VGC 2026 Reg I","players":["Galact7adi","Mildly Displeased"],"log":"|j|\u2606Galact7adi\n|j|\u2606Mildly Displeased\n|t:|1773378317\n|gametype|doubles\n|player|p1|Galact7adi|170|1357\n|player|p2|Mildly Displeased|2|1367\n|gen|9\n|tier|[Gen 9] VGC 2026 Reg I\n|rated|\n|rule|Species Clause: Limit one of each Pok\u00e9mon\n|rule|Item Clause: Limit 1 of each item\n|clearpoke\n|poke|p1|Brute Bonnet, L50|\n|poke|p1|Lunala, L50|\n|poke|p1|Ursaluna, L50, M|\n|poke|p1|Chi-Yu, L50|\n|poke|p1|Koraidon, L50|\n|poke|p1|Flutter Mane, L50|\n|poke|p2|Iron Treads, L50|\n|poke|p2|Primarina, L50, M|\n|poke|p2|Lunala, L50|\n|poke|p2|Tornadus, L50, M|\n|poke|p2|Zamazenta-*, L50|\n|poke|p2|Maushold-Four, L50|\n|teampreview|4\n|inactive|Battle timer is ON: inactive players will automatically lose when time's up. (requested by Mildly Displeased)\n|inactive|Galact7adi also wants the timer to be on.\n|\n|t:|1773378347\n|teamsize|p1|4\n|teamsize|p2|4\n|start\n|switch|p1a: Chi-Yu|Chi-Yu, L50|100/100\n|switch|p1b: Flutter Mane|Flutter Mane, L50|100/100\n|switch|p2a: Blokeonacloud|Tornadus, L50, M|100/100\n|switch|p2b: Zamazenta|Zamazenta-Crowned, L50|100/100\n|-ability|p1a: Chi-Yu|Beads of Ruin\n|-ability|p2b: Zamazenta|Dauntless Shield|boost\n|-boost|p2b: Zamazenta|def|1\n|turn|1\n|\n|t:|1773378360\n|-terastallize|p1a: Chi-Yu|Ghost\n|move|p2b: Zamazenta|Wide Guard|p2b: Zamazenta\n|-singleturn|p2b: Zamazenta|Wide Guard\n|move|p2a: Blokeonacloud|Tailwind|p2a: Blokeonacloud\n|-sidestart|p2: Mildly Displeased|move: Tailwind\n|move|p1a: Chi-Yu|Overheat|p2b: Zamazenta\n|-supereffective|p2b: Zamazenta\n|-damage|p2b: Zamazenta|0 fnt\n|-unboost|p1a: Chi-Yu|spa|2\n|faint|p2b: Zamazenta\n|move|p1b: Flutter Mane|Moonblast|p2a: Blokeonacloud\n|-damage|p2a: Blokeonacloud|11/100\n|\n|upkeep\n|\n|t:|1773378376\n|switch|p2b: Nebby|Lunala, L50|100/100\n|turn|2\n|\n|t:|1773378388\n|switch|p1a: Koraidon|Koraidon, L50|100/100\n|-weather|SunnyDay|[from] ability: Orichalcum Pulse|[of] p1a: Koraidon\n|-activate|p1b: Flutter Mane|ability: Protosynthesis\n|-start|p1b: Flutter Mane|protosynthesisspe\n|-activate|p1a: Koraidon|Orichalcum Pulse|[source]\n|-terastallize|p2b: Nebby|Fairy\n|move|p2a: Blokeonacloud|Bleakwind Storm|p1a: Koraidon|[spread] p1b\n|-miss|p2a: Blokeonacloud|p1a: Koraidon\n|-damage|p1b: Flutter Mane|61/100\n|move|p1b: Flutter Mane|Icy Wind|p2b: Nebby|[spread] p2a,p2b\n|-supereffective|p2a: Blokeonacloud\n|-damage|p2a: Blokeonacloud|0 fnt\n|-damage|p2b: Nebby|96/100\n|-unboost|p2b: Nebby|spe|1\n|faint|p2a: Blokeonacloud\n|move|p2b: Nebby|Moonblast|p1b: Flutter Mane\n|-damage|p1b: Flutter Mane|4/100\n|-unboost|p1b: Flutter Mane|spa|1\n|\n|-weather|SunnyDay|[upkeep]\n|upkeep\n|\n|t:|1773378402\n|switch|p2a: Maushold|Maushold-Four, L50|100/100\n|turn|3\n|\n|t:|1773378416\n|switch|p1a: Chi-Yu|Chi-Yu, L50, tera:Ghost|100/100\n|-ability|p1a: Chi-Yu|Beads of Ruin\n|move|p2b: Nebby|Wide Guard|p2b: Nebby\n|-singleturn|p2b: Nebby|Wide Guard\n|move|p2a: Maushold|Population Bomb|p1a: Chi-Yu\n|-immune|p1a: Chi-Yu\n|move|p1b: Flutter Mane|Icy Wind|p2b: Nebby|[spread] \n|-activate|p2a: Maushold|move: Wide Guard\n|-activate|p2b: Nebby|move: Wide Guard\n|\n|-weather|SunnyDay|[upkeep]\n|upkeep\n|turn|4\n|\n|t:|1773378437\n|move|p2a: Maushold|Bite|p1a: Chi-Yu\n|-supereffective|p1a: Chi-Yu\n|-damage|p1a: Chi-Yu|24/100\n|move|p1b: Flutter Mane|Icy Wind|p2a: Maushold|[spread] p2a,p2b\n|-damage|p2a: Maushold|79/100\n|-damage|p2b: Nebby|86/100\n|-unboost|p2a: Maushold|spe|1\n|-unboost|p2b: Nebby|spe|1\n|move|p1a: Chi-Yu|Overheat|p2a: Maushold\n|-damage|p2a: Maushold|0 fnt\n|-unboost|p1a: Chi-Yu|spa|2\n|faint|p2a: Maushold\n|move|p2b: Nebby|Moongeist Beam|p1b: Flutter Mane\n|-supereffective|p1b: Flutter Mane\n|-damage|p1b: Flutter Mane|0 fnt\n|faint|p1b: Flutter Mane\n|-end|p1b: Flutter Mane|Protosynthesis|[silent]\n|\n|-weather|SunnyDay|[upkeep]\n|-sideend|p2: Mildly Displeased|move: Tailwind\n|upkeep\n|\n|t:|1773378449\n|switch|p1b: Koraidon|Koraidon, L50|100/100\n|-activate|p1b: Koraidon|ability: Orichalcum Pulse\n|turn|5\n|-message|Mildly Displeased forfeited.\n|\n|win|Galact7adi\n|raw|Galact7adi's rating: 1357 &rarr; <strong>1378</strong><br />(+21 for winning)\n|raw|Mildly Displeased's rating: 1367 &rarr; <strong>1346</strong><br />(-21 for losing)\n|l|\u2606Mildly Displeased\n|player|p2|\n|l|\u2606Galact7adi\n|player|p1|\n","uploadtime":1773378673,"views":14,"formatid":"gen9vgc2026regi","rating":1346,"private":0,"password":null}