{"id":"gen9vgc2026regi-2587911024","format":"[Gen 9] VGC 2026 Reg I","players":["nobodyisworking","blackred123"],"log":"|j|\u2606nobodyisworking\n|j|\u2606blackred123\n|t:|1776577909\n|gametype|doubles\n|player|p1|nobodyisworking|roughneck-gen4|1360\n|player|p2|blackred123|iono-masters|1603\n|gen|9\n|tier|[Gen 9] VGC 2026 Reg I\n|rated|\n|rule|Species Clause: Limit one of each Pok\u00e9mon\n|rule|Item Clause: Limit 1 of each item\n|clearpoke\n|poke|p1|Groudon, L50|\n|poke|p1|Roaring Moon, L50|\n|poke|p1|Lunala, L50|\n|poke|p1|Bronzong, L50|\n|poke|p1|Brute Bonnet, L50|\n|poke|p1|Walking Wake, L50|\n|poke|p2|Calyrex-Shadow, L50|\n|poke|p2|Zamazenta-*, L50|\n|poke|p2|Tornadus, L50, M|\n|poke|p2|Rillaboom, L50, M|\n|poke|p2|Ogerpon-Hearthflame, L50, F|\n|poke|p2|Raging Bolt, L50|\n|teampreview|4\n|inactive|Battle timer is ON: inactive players will automatically lose when time's up. (requested by blackred123)\n|inactive|nobodyisworking has 60 seconds left.\n|\n|t:|1776577947\n|teamsize|p1|4\n|teamsize|p2|4\n|start\n|switch|p1a: Lunala|Lunala, L50|100/100\n|switch|p1b: Brute Bonnet|Brute Bonnet, L50|100/100\n|switch|p2a: Zamazenta|Zamazenta-Crowned, L50|100/100\n|switch|p2b: Tornadus|Tornadus, L50, M|100/100\n|-ability|p2a: Zamazenta|Dauntless Shield|boost\n|-boost|p2a: Zamazenta|def|1\n|turn|1\n|\n|t:|1776577967\n|-terastallize|p1b: Brute Bonnet|Water\n|move|p2a: Zamazenta|Body Press|p1b: Brute Bonnet\n|-damage|p1b: Brute Bonnet|52/100\n|move|p2b: Tornadus|Bleakwind Storm|p1a: Lunala|[spread] p1b\n|-miss|p2b: Tornadus|p1a: Lunala\n|-damage|p1b: Brute Bonnet|21/100\n|move|p1b: Brute Bonnet|Spore|p2a: Zamazenta\n|-status|p2a: Zamazenta|slp|[from] move: Spore\n|move|p1a: Lunala|Trick Room|p1a: Lunala\n|-fieldstart|move: Trick Room|[of] p1a: Lunala\n|\n|upkeep\n|turn|2\n|\n|t:|1776577989\n|-end|p1b: Brute Bonnet|Protosynthesis|[silent]\n|switch|p1b: Bronzong|Bronzong, L50|100/100\n|move|p2b: Tornadus|Taunt|p1b: Bronzong\n|-start|p1b: Bronzong|move: Taunt\n|move|p1a: Lunala|Meteor Beam||[still]\n|-prepare|p1a: Lunala|Meteor Beam\n|-boost|p1a: Lunala|spa|1\n|-enditem|p1a: Lunala|Power Herb\n|-anim|p1a: Lunala|Meteor Beam|p2b: Tornadus\n|-supereffective|p2b: Tornadus\n|-damage|p2b: Tornadus|0 fnt\n|faint|p2b: Tornadus\n|cant|p2a: Zamazenta|slp\n|\n|upkeep\n|\n|t:|1776578007\n|switch|p2b: Calyrex|Calyrex-Shadow, L50|100/100\n|-ability|p2b: Calyrex|As One\n|-ability|p2b: Calyrex|Unnerve\n|turn|3\n|\n|t:|1776578018\n|move|p2b: Calyrex|Protect|p2b: Calyrex\n|-singleturn|p2b: Calyrex|Protect\n|move|p1b: Bronzong|Gyro Ball|p2b: Calyrex\n|-activate|p2b: Calyrex|move: Protect\n|move|p1a: Lunala|Moongeist Beam|p2a: Zamazenta\n|-damage|p2a: Zamazenta|39/100 slp\n|-curestatus|p2a: Zamazenta|slp|[msg]\n|move|p2a: Zamazenta|Heavy Slam|p1a: Lunala\n|-damage|p1a: Lunala|81/100\n|\n|upkeep\n|turn|4\n|\n|t:|1776578041\n|switch|p2b: Raging Bolt|Raging Bolt, L50|100/100\n|-enditem|p2b: Raging Bolt|Booster Energy\n|-activate|p2b: Raging Bolt|ability: Protosynthesis|[fromitem]\n|-start|p2b: Raging Bolt|protosynthesisspa\n|move|p1b: Bronzong|Gyro Ball|p2b: Raging Bolt\n|-resisted|p2b: Raging Bolt\n|-damage|p2b: Raging Bolt|88/100\n|move|p1a: Lunala|Moongeist Beam|p2b: Raging Bolt\n|-damage|p2b: Raging Bolt|0 fnt\n|faint|p2b: Raging Bolt\n|-end|p2b: Raging Bolt|Protosynthesis|[silent]\n|move|p2a: Zamazenta|Body Press|p1b: Bronzong\n|-damage|p1b: Bronzong|50/100\n|\n|-heal|p1b: Bronzong|56/100|[from] item: Leftovers\n|-end|p1b: Bronzong|move: Taunt\n|upkeep\n|\n|t:|1776578057\n|switch|p2b: Calyrex|Calyrex-Shadow, L50|100/100\n|-ability|p2b: Calyrex|As One\n|-ability|p2b: Calyrex|Unnerve\n|turn|5\n|\n|t:|1776578072\n|-terastallize|p2b: Calyrex|Ghost\n|move|p2a: Zamazenta|Heavy Slam|p1a: Lunala\n|-damage|p1a: Lunala|39/100\n|move|p2b: Calyrex|Astral Barrage|p1a: Lunala|[spread] p1a,p1b\n|-supereffective|p1a: Lunala\n|-supereffective|p1b: Bronzong\n|-damage|p1a: Lunala|0 fnt\n|-damage|p1b: Bronzong|0 fnt\n|faint|p1a: Lunala\n|faint|p1b: Bronzong\n|-ability|p2b: Calyrex|Grim Neigh|boost\n|-boost|p2b: Calyrex|spa|2\n|\n|-fieldend|move: Trick Room\n|upkeep\n|\n|t:|1776578077\n|switch|p1a: Groudon|Groudon, L50|100/100\n|switch|p1b: Brute Bonnet|Brute Bonnet, L50, tera:Water|21/100\n|-weather|SunnyDay|[from] ability: Drought|[of] p1a: Groudon\n|-activate|p1b: Brute Bonnet|ability: Protosynthesis\n|-start|p1b: Brute Bonnet|protosynthesisdef\n|turn|6\n|\n|t:|1776578088\n|move|p1b: Brute Bonnet|Sucker Punch|p2b: Calyrex\n|-supereffective|p2b: Calyrex\n|-damage|p2b: Calyrex|25/100\n|move|p2b: Calyrex|Astral Barrage|p1b: Brute Bonnet|[spread] p1a,p1b\n|-damage|p1a: Groudon|0 fnt\n|-damage|p1b: Brute Bonnet|0 fnt\n|faint|p1a: Groudon\n|faint|p1b: Brute Bonnet\n|-end|p1b: Brute Bonnet|Protosynthesis|[silent]\n|\n|win|blackred123\n|raw|nobodyisworking's rating: 1360 &rarr; <strong>1352</strong><br />(-8 for losing)\n|raw|blackred123's rating: 1603 &rarr; <strong>1611</strong><br />(+8 for winning)\n|l|\u2606nobodyisworking\n|player|p1|\n|j| koko qwq\n|j| nngf\u9b3c\u8749\u4fa0\n|j| kabukimono103\n","uploadtime":1776578104,"views":9,"formatid":"gen9vgc2026regi","rating":1352,"private":0,"password":null}