{"id":"gen9vgc2026regi-2554052616","format":"[Gen 9] VGC 2026 Reg I","players":["Rillabossman","zakpaskal"],"log":"|j|\u2606Rillabossman\n|j|\u2606zakpaskal\n|t:|1772914478\n|gametype|doubles\n|player|p1|Rillabossman|burglar|1319\n|player|p2|zakpaskal|crasherwake|1248\n|gen|9\n|tier|[Gen 9] VGC 2026 Reg I\n|rated|\n|rule|Species Clause: Limit one of each Pok\u00e9mon\n|rule|Item Clause: Limit 1 of each item\n|clearpoke\n|poke|p1|Miraidon, L50|\n|poke|p1|Calyrex-Ice, L50|\n|poke|p1|Incineroar, L50, M|\n|poke|p1|Urshifu-*, L50, M|\n|poke|p1|Landorus, L50, M|\n|poke|p1|Ogerpon, L50, F|\n|poke|p2|Lunala, L50|\n|poke|p2|Raging Bolt, L50|\n|poke|p2|Rillaboom, L50, M|\n|poke|p2|Zamazenta-*, L50|\n|poke|p2|Ogerpon-Wellspring, L50, F|\n|poke|p2|Armarouge, L50, F|\n|teampreview|4\n|c|\u2606Rillabossman|glhf\n|inactive|Battle timer is ON: inactive players will automatically lose when time's up. (requested by zakpaskal)\n|\n|t:|1772914504\n|teamsize|p1|4\n|teamsize|p2|4\n|start\n|switch|p1a: Healthbar|Calyrex-Ice, L50|100/100\n|switch|p1b: You Cannot Slay Me|Miraidon, L50|100/100\n|switch|p2a: Ogerpon|Ogerpon-Wellspring, L50, F|100/100\n|switch|p2b: Lunala|Lunala, L50|100/100\n|-ability|p1a: Healthbar|As One\n|-ability|p1a: Healthbar|Unnerve\n|-fieldstart|move: Electric Terrain|[from] ability: Hadron Engine|[of] p1b: You Cannot Slay Me\n|turn|1\n|\n|t:|1772914524\n|switch|p2a: Rillaboom|Rillaboom, L50, M|100/100\n|-fieldstart|move: Grassy Terrain|[from] ability: Grassy Surge|[of] p2a: Rillaboom\n|-terastallize|p2b: Lunala|Fairy\n|-terastallize|p1a: Healthbar|Fairy\n|move|p1b: You Cannot Slay Me|Volt Switch|p2a: Rillaboom\n|-resisted|p2a: Rillaboom\n|-damage|p2a: Rillaboom|82/100\n|\n|t:|1772914532\n|switch|p1b: No Z-Move :(|Incineroar, L50, M|100/100|[from] Volt Switch\n|-ability|p1b: No Z-Move :(|Intimidate|boost\n|-unboost|p2a: Rillaboom|atk|1\n|-unboost|p2b: Lunala|atk|1\n|move|p2b: Lunala|Moonblast|p1b: No Z-Move :(\n|-damage|p1b: No Z-Move :(|71/100\n|move|p1a: Healthbar|Trick Room|p1a: Healthbar\n|-fieldstart|move: Trick Room|[of] p1a: Healthbar\n|\n|-heal|p1b: No Z-Move :(|77/100|[from] Grassy Terrain\n|-heal|p2a: Rillaboom|87/100|[from] Grassy Terrain\n|upkeep\n|turn|2\n|\n|t:|1772914548\n|move|p2a: Rillaboom|Fake Out|p1a: Healthbar\n|-damage|p1a: Healthbar|95/100\n|cant|p1a: Healthbar|flinch\n|move|p1b: No Z-Move :(|Flare Blitz|p2a: Rillaboom\n|-supereffective|p2a: Rillaboom\n|-damage|p2a: Rillaboom|0 fnt\n|faint|p2a: Rillaboom\n|-damage|p1b: No Z-Move :(|50/100|[from] Recoil\n|move|p2b: Lunala|Trick Room|p2b: Lunala\n|-fieldend|move: Trick Room\n|\n|-heal|p1b: No Z-Move :(|56/100|[from] Grassy Terrain\n|-heal|p1a: Healthbar|100/100|[from] Grassy Terrain\n|upkeep\n|\n|t:|1772914562\n|switch|p2a: Zamazenta|Zamazenta-Crowned, L50|100/100\n|-ability|p2a: Zamazenta|Dauntless Shield|boost\n|-boost|p2a: Zamazenta|def|1\n|turn|3\n|\n|t:|1772914579\n|move|p2a: Zamazenta|Heavy Slam|p1a: Healthbar\n|-supereffective|p1a: Healthbar\n|-damage|p1a: Healthbar|83/100\n|move|p2b: Lunala|Moonblast|p1b: No Z-Move :(\n|-damage|p1b: No Z-Move :(|27/100\n|move|p1b: No Z-Move :(|U-turn|p2b: Lunala\n|-resisted|p2b: Lunala\n|-damage|p2b: Lunala|96/100\n|\n|t:|1772914587\n|switch|p1b: You Cannot Slay Me|Miraidon, L50|100/100|[from] U-turn\n|-fieldstart|move: Electric Terrain|[from] ability: Hadron Engine|[of] p1b: You Cannot Slay Me\n|move|p1a: Healthbar|Leech Seed|p2b: Lunala\n|-start|p2b: Lunala|move: Leech Seed\n|\n|-heal|p2b: Lunala|100/100|[from] item: Leftovers\n|-heal|p1a: Healthbar|89/100|[from] item: Leftovers\n|-damage|p2b: Lunala|88/100|[from] Leech Seed|[of] p1a: Healthbar\n|-heal|p1a: Healthbar|100/100|[silent]\n|upkeep\n|turn|4\n|\n|t:|1772914599\n|move|p1b: You Cannot Slay Me|Electro Drift|p2b: Lunala\n|-damage|p2b: Lunala|4/100\n|move|p2a: Zamazenta|Body Press|p1b: You Cannot Slay Me\n|-damage|p1b: You Cannot Slay Me|49/100\n|move|p1a: Healthbar|Leech Seed|p2a: Zamazenta\n|-start|p2a: Zamazenta|move: Leech Seed\n|move|p2b: Lunala|Trick Room|p2b: Lunala\n|-fieldstart|move: Trick Room|[of] p2b: Lunala\n|\n|-heal|p2b: Lunala|10/100|[from] item: Leftovers\n|-damage|p2b: Lunala|0 fnt|[from] Leech Seed|[of] p1a: Healthbar\n|faint|p2b: Lunala\n|-damage|p2a: Zamazenta|88/100|[from] Leech Seed|[of] p1a: Healthbar\n|upkeep\n|\n|t:|1772914607\n|switch|p2b: Ogerpon|Ogerpon-Wellspring, L50, F|100/100\n|turn|5\n|\n|t:|1772914613\n|move|p1a: Healthbar|Glacial Lance|p2a: Zamazenta|[spread] p2a,p2b\n|-resisted|p2a: Zamazenta\n|-damage|p2a: Zamazenta|79/100\n|-damage|p2b: Ogerpon|43/100\n|move|p2b: Ogerpon|Wood Hammer|p1a: Healthbar\n|-damage|p1a: Healthbar|62/100\n|-damage|p2b: Ogerpon|28/100|[from] Recoil\n|move|p2a: Zamazenta|Body Press|p1b: You Cannot Slay Me\n|-damage|p1b: You Cannot Slay Me|0 fnt\n|faint|p1b: You Cannot Slay Me\n|\n|-heal|p1a: Healthbar|68/100|[from] item: Leftovers\n|-damage|p2a: Zamazenta|67/100|[from] Leech Seed|[of] p1a: Healthbar\n|-heal|p1a: Healthbar|79/100|[silent]\n|upkeep\n|\n|t:|1772914622\n|switch|p1b: Passivity|Landorus, L50, M|100/100\n|turn|6\n|\n|t:|1772914631\n|move|p1a: Healthbar|Glacial Lance|p2b: Ogerpon|[spread] p2a,p2b\n|-resisted|p2a: Zamazenta\n|-damage|p2a: Zamazenta|57/100\n|-damage|p2b: Ogerpon|0 fnt\n|faint|p2b: Ogerpon\n|-ability|p1a: Healthbar|Chilling Neigh|boost\n|-boost|p1a: Healthbar|atk|1\n|move|p1b: Passivity|Sludge Bomb|p2a: Zamazenta\n|-immune|p2a: Zamazenta\n|move|p2a: Zamazenta|Heavy Slam|p1a: Healthbar\n|-supereffective|p1a: Healthbar\n|-damage|p1a: Healthbar|60/100\n|\n|-heal|p1a: Healthbar|66/100|[from] item: Leftovers\n|-damage|p2a: Zamazenta|45/100|[from] Leech Seed|[of] p1a: Healthbar\n|-heal|p1a: Healthbar|78/100|[silent]\n|upkeep\n|turn|7\n|-message|zakpaskal forfeited.\n|\n|win|Rillabossman\n|raw|Rillabossman's rating: 1295 &rarr; <strong>1317</strong><br />(+22 for winning)\n|raw|zakpaskal's rating: 1248 &rarr; <strong>1226</strong><br />(-22 for losing)\n|l|\u2606zakpaskal\n|player|p2|\n","uploadtime":1772914779,"views":13,"formatid":"gen9vgc2026regi","rating":1226,"private":0,"password":null}