{"id":"gen9vgc2026regi-2581880570","format":"[Gen 9] VGC 2026 Reg I","players":["DukeofDudes","airline198"],"log":"|j|\u2606DukeofDudes\n|j|\u2606airline198\n|t:|1776036253\n|gametype|doubles\n|player|p1|DukeofDudes|102|1397\n|player|p2|airline198|winona-gen6|1273\n|gen|9\n|tier|[Gen 9] VGC 2026 Reg I\n|rated|\n|rule|Species Clause: Limit one of each Pok\u00e9mon\n|rule|Item Clause: Limit 1 of each item\n|clearpoke\n|poke|p1|Giratina-Origin, L50|\n|poke|p1|Chien-Pao, L50|\n|poke|p1|Zamazenta-*, L50|\n|poke|p1|Amoonguss, L50, F|\n|poke|p1|Urshifu-*, L50, M|\n|poke|p1|Chi-Yu, L50|\n|poke|p2|Calyrex-Ice, L50|\n|poke|p2|Scraggy, L50, M|\n|poke|p2|Miraidon, L50|\n|poke|p2|Farigiraf, L50, F|\n|poke|p2|Iron Treads, L50|\n|poke|p2|Iron Hands, L50|\n|teampreview|4\n|inactive|Battle timer is ON: inactive players will automatically lose when time's up. (requested by airline198)\nairline198 has agreed to open team sheets.\nDukeofDudes has agreed to open team sheets.\n|showteam|p1|Giratina-Origin||GriseousCore|Levitate|ShadowSneak,Poltergeist,BreakingSwipe,Protect||||||50|,,,,,Ghost]Chien-Pao||FocusSash|SwordofRuin|Protect,SuckerPunch,Crunch,IcicleCrash||||||50|,,,,,Ghost]Zamazenta-Crowned||RustedShield|DauntlessShield|BodyPress,behemothbash,WideGuard,Protect||||||50|,,,,,Dragon]Amoonguss||RockyHelmet|Regenerator|Spore,RagePowder,PollenPuff,Protect|||F|||50|,,,,,Water]Urshifu-Rapid-Strike||ChoiceScarf|UnseenFist|SurgingStrikes,CloseCombat,Uturn,Coaching|||M|||50|,,,,,Water]Chi-Yu||AssaultVest|BeadsofRuin|DarkPulse,Snarl,HeatWave,Ruination||||||50|,,,,,Grass\n|showteam|p2|Calyrex-Ice||ClearAmulet|AsOneGlastrier|GlacialLance,HighHorsepower,TrickRoom,Protect||||||50|,,,,,Fire]Scraggy||Eviolite|Intimidate|FoulPlay,Endeavor,Coaching,FakeOut|||M|||50|,,,,,Poison]Miraidon||ChoiceSpecs|HadronEngine|VoltSwitch,DazzlingGleam,ElectroDrift,DracoMeteor||||||50|,,,,,Fairy]Farigiraf||ElectricSeed|ArmorTail|Psychic,HelpingHand,TrickRoom,FoulPlay|||F|||50|,,,,,Water]Iron Treads||LifeOrb|QuarkDrive|HighHorsepower,IronHead,KnockOff,Protect||||||50|,,,,,Ground]Iron Hands||AssaultVest|QuarkDrive|LowKick,FakeOut,DrainPunch,WildCharge||||||50|,,,,,Water\n|inactive|DukeofDudes has 60 seconds left.\n|\n|t:|1776036302\n|teamsize|p1|4\n|teamsize|p2|4\n|start\n|switch|p1a: Clifford|Zamazenta-Crowned, L50, shiny|100/100\n|switch|p1b: Nemo|Chi-Yu, L50|100/100\n|switch|p2a: Miraidon|Miraidon, L50|100/100\n|switch|p2b: Iron Hands|Iron Hands, L50|100/100\n|-ability|p1a: Clifford|Dauntless Shield|boost\n|-boost|p1a: Clifford|def|1\n|-fieldstart|move: Electric Terrain|[from] ability: Hadron Engine|[of] p2a: Miraidon\n|-activate|p2b: Iron Hands|ability: Quark Drive\n|-start|p2b: Iron Hands|quarkdriveatk\n|-ability|p1b: Nemo|Beads of Ruin\n|turn|1\n|inactive|DukeofDudes has 30 seconds left.\n|inactive|airline198 has 30 seconds left.\n|\n|t:|1776036335\n|switch|p1b: Diego|Chien-Pao, L50|100/100\n|-ability|p1b: Diego|Sword of Ruin\n|move|p1a: Clifford|Protect|p1a: Clifford\n|-singleturn|p1a: Clifford|Protect\n|move|p2b: Iron Hands|Fake Out|p1a: Clifford\n|-activate|p1a: Clifford|move: Protect\n|move|p2a: Miraidon|Volt Switch|p1b: Diego\n|-enditem|p1b: Diego|Focus Sash\n|-damage|p1b: Diego|1/100\n|\n|t:|1776036349\n|switch|p2a: Farigiraf|Farigiraf, L50, F|100/100|[from] Volt Switch\n|-enditem|p2a: Farigiraf|Electric Seed\n|-boost|p2a: Farigiraf|def|1|[from] item: Electric Seed\n|\n|upkeep\n|turn|2\n|\n|t:|1776036358\n|-terastallize|p2a: Farigiraf|Water\n|move|p1b: Diego|Crunch|p2a: Farigiraf\n|-damage|p2a: Farigiraf|71/100\n|move|p1a: Clifford|Body Press|p2a: Farigiraf\n|-damage|p2a: Farigiraf|17/100\n|move|p2b: Iron Hands|Low Kick|p1a: Clifford\n|-supereffective|p1a: Clifford\n|-damage|p1a: Clifford|6/100\n|move|p2a: Farigiraf|Trick Room|p2a: Farigiraf\n|-fieldstart|move: Trick Room|[of] p2a: Farigiraf\n|\n|upkeep\n|turn|3\n|\n|t:|1776036382\n|move|p1a: Clifford|Protect|p1a: Clifford\n|-singleturn|p1a: Clifford|Protect\n|move|p1b: Diego|Protect|p1b: Diego\n|-singleturn|p1b: Diego|Protect\n|move|p2b: Iron Hands|Drain Punch|p1a: Clifford\n|-activate|p1a: Clifford|move: Protect\n|move|p2a: Farigiraf|Foul Play|p1b: Diego\n|-activate|p1b: Diego|move: Protect\n|\n|upkeep\n|turn|4\n|\n|t:|1776036401\n|switch|p1a: Death|Giratina-Origin, L50|100/100\n|move|p2b: Iron Hands|Wild Charge|p1a: Death\n|-resisted|p1a: Death\n|-crit|p1a: Death\n|-damage|p1a: Death|36/100\n|-damage|p2b: Iron Hands|83/100|[from] Recoil\n|move|p2a: Farigiraf|Foul Play|p1b: Diego\n|-resisted|p1b: Diego\n|-damage|p1b: Diego|0 fnt\n|faint|p1b: Diego\n|\n|upkeep\n|inactive|DukeofDudes has 30 seconds left.\n|inactive|DukeofDudes has 20 seconds left.\n|inactive|DukeofDudes has 15 seconds left.\n|inactive|DukeofDudes has 10 seconds left.\n|inactive|DukeofDudes has 5 seconds left.\n|\n|t:|1776036452\n|switch|p1b: Clifford|Zamazenta-Crowned, L50, shiny|6/100\n|turn|5\n|\n|t:|1776036466\n|move|p1a: Death|Protect|p1a: Death\n|-singleturn|p1a: Death|Protect\n|move|p1b: Clifford|Protect|p1b: Clifford\n|-singleturn|p1b: Clifford|Protect\n|move|p2b: Iron Hands|Drain Punch|p1b: Clifford\n|-activate|p1b: Clifford|move: Protect\n|move|p2a: Farigiraf|Foul Play|p1a: Death\n|-activate|p1a: Death|move: Protect\n|\n|-fieldend|move: Electric Terrain\n|-end|p2b: Iron Hands|Quark Drive\n|upkeep\n|turn|6\n|inactive|DukeofDudes has 30 seconds left.\n|inactive|DukeofDudes has 20 seconds left.\n|\n|t:|1776036503\n|switch|p1a: Nemo|Chi-Yu, L50|100/100\n|-ability|p1a: Nemo|Beads of Ruin\n|move|p2b: Iron Hands|Drain Punch|p1b: Clifford\n|-supereffective|p1b: Clifford\n|-damage|p1b: Clifford|0 fnt\n|-heal|p2b: Iron Hands|85/100|[from] drain|[of] p1b: Clifford\n|faint|p1b: Clifford\n|move|p2a: Farigiraf|Foul Play|p1a: Nemo\n|-resisted|p1a: Nemo\n|-damage|p1a: Nemo|93/100\n|\n|-fieldend|move: Trick Room\n|upkeep\n|inactive|DukeofDudes has 30 seconds left.\n|inactive|DukeofDudes has 20 seconds left.\n|\n|t:|1776036538\n|switch|p1b: Death|Giratina-Origin, L50|36/100\n|turn|7\n|\n|t:|1776036547\n|-end|p2b: Iron Hands|Quark Drive|[silent]\n|switch|p2b: Miraidon|Miraidon, L50|100/100\n|-fieldstart|move: Electric Terrain|[from] ability: Hadron Engine|[of] p2b: Miraidon\n|-terastallize|p1b: Death|Ghost\n|move|p1a: Nemo|Heat Wave|p2a: Farigiraf|[spread] p2a,p2b\n|-resisted|p2a: Farigiraf\n|-resisted|p2b: Miraidon\n|-damage|p2a: Farigiraf|0 fnt\n|-damage|p2b: Miraidon|83/100\n|faint|p2a: Farigiraf\n|move|p1b: Death|Poltergeist|p2b: Miraidon\n|-activate|p2b: Miraidon|move: Poltergeist|Choice Specs\n|-crit|p2b: Miraidon\n|-damage|p2b: Miraidon|0 fnt\n|faint|p2b: Miraidon\n|\n|upkeep\n|\n|t:|1776036554\n|switch|p2b: Iron Hands|Iron Hands, L50|85/100\n|switch|p2a: Calyrex|Calyrex-Ice, L50|100/100\n|-ability|p2a: Calyrex|As One\n|-ability|p2a: Calyrex|Unnerve\n|-activate|p2b: Iron Hands|ability: Quark Drive\n|-start|p2b: Iron Hands|quarkdriveatk\n|turn|8\n|\n|t:|1776036572\n|move|p2a: Calyrex|Protect|p2a: Calyrex\n|-singleturn|p2a: Calyrex|Protect\n|move|p1a: Nemo|Heat Wave|p2a: Calyrex|[spread] \n|-activate|p2a: Calyrex|move: Protect\n|-miss|p1a: Nemo|p2b: Iron Hands\n|move|p1b: Death|Poltergeist|p2a: Calyrex\n|-activate|p2a: Calyrex|move: Protect\n|move|p2b: Iron Hands|Drain Punch|p1a: Nemo\n|-supereffective|p1a: Nemo\n|-damage|p1a: Nemo|0 fnt\n|-heal|p2b: Iron Hands|100/100|[from] drain|[of] p1a: Nemo\n|faint|p1a: Nemo\n|\n|upkeep\n|turn|9\n|c|\u2606airline198|gg\n|c|\u2606DukeofDudes|gg\n|inactive|DukeofDudes has 30 seconds left.\n|\n|t:|1776036601\n|move|p1b: Death|Poltergeist|p2a: Calyrex\n|-activate|p2a: Calyrex|move: Poltergeist|Clear Amulet\n|-supereffective|p2a: Calyrex\n|-damage|p2a: Calyrex|0 fnt\n|faint|p2a: Calyrex\n|move|p2b: Iron Hands|Wild Charge|p1b: Death\n|-damage|p1b: Death|0 fnt\n|faint|p1b: Death\n|-damage|p2b: Iron Hands|91/100|[from] Recoil\n|\n|win|airline198\n|raw|DukeofDudes's rating: 1397 &rarr; <strong>1370</strong><br />(-27 for losing)\n|raw|airline198's rating: 1273 &rarr; <strong>1307</strong><br />(+34 for winning)\n|l|\u2606airline198\n|player|p2|\n","uploadtime":1776036844,"views":12,"formatid":"gen9vgc2026regi","rating":1307,"private":0,"password":null}