{"id":"gen9vgc2026regi-2568499146","format":"[Gen 9] VGC 2026 Reg I","players":["XxxInnovationxxX","Luis Fulgencio"],"log":"|j|\u2606XxxInnovationxxX\n|j|\u2606Luis Fulgencio\n|t:|1774586062\n|gametype|doubles\n|player|p1|XxxInnovationxxX|2|1254\n|player|p2|Luis Fulgencio|lucas|1318\n|gen|9\n|tier|[Gen 9] VGC 2026 Reg I\n|rated|\n|rule|Species Clause: Limit one of each Pok\u00e9mon\n|rule|Item Clause: Limit 1 of each item\n|clearpoke\n|poke|p1|Whimsicott, L50, F|\n|poke|p1|Koraidon, L50|\n|poke|p1|Gouging Fire, L50|\n|poke|p1|Urshifu-*, L50, F|\n|poke|p1|Indeedee-F, L50, F|\n|poke|p1|Calyrex-Shadow, L50|\n|poke|p2|Whimsicott, L50, F|\n|poke|p2|Terapagos, L50, M|\n|poke|p2|Incineroar, L50, F|\n|poke|p2|Miraidon, L50|\n|poke|p2|Flutter Mane, L50|\n|poke|p2|Chi-Yu, L50|\n|teampreview|4\n|inactive|Battle timer is ON: inactive players will automatically lose when time's up. (requested by Luis Fulgencio)\n|inactive|XxxInnovationxxX has 60 seconds left.\n|inactive|Luis Fulgencio has 60 seconds left.\n|\n|t:|1774586109\n|teamsize|p1|4\n|teamsize|p2|4\n|start\n|switch|p1a: Whimsicott|Whimsicott, L50, F|100/100\n|switch|p1b: Koraidon|Koraidon, L50|100/100\n|switch|p2a: Whimsicott|Whimsicott, L50, F|100/100\n|switch|p2b: Terapagos|Terapagos, L50, M|100/100\n|-activate|p2b: Terapagos|ability: Tera Shift\n|detailschange|p2b: Terapagos|Terapagos-Terastal, L50, M\n|-heal|p2b: Terapagos|100/100|[silent]\n|-weather|SunnyDay|[from] ability: Orichalcum Pulse|[of] p1b: Koraidon\n|-activate|p1b: Koraidon|Orichalcum Pulse|[source]\n|turn|1\n|inactive|XxxInnovationxxX has 30 seconds left.\n|\n|t:|1774586143\n|move|p1a: Whimsicott|Tailwind|p1a: Whimsicott\n|-sidestart|p1: XxxInnovationxxX|move: Tailwind\n|move|p2a: Whimsicott|Tailwind|p2a: Whimsicott\n|-sidestart|p2: Luis Fulgencio|move: Tailwind\n|move|p1b: Koraidon|Collision Course|p2b: Terapagos\n|-activate|p2b: Terapagos|ability: Tera Shell\n|-resisted|p2b: Terapagos\n|-damage|p2b: Terapagos|73/100\n|move|p2b: Terapagos|Tera Starstorm|p1b: Koraidon\n|-damage|p1b: Koraidon|10/100\n|\n|-weather|SunnyDay|[upkeep]\n|upkeep\n|turn|2\n|inactive|XxxInnovationxxX has 30 seconds left.\n|inactive|Luis Fulgencio has 30 seconds left.\n|\n|t:|1774586172\n|move|p1b: Koraidon|Protect|p1b: Koraidon\n|-singleturn|p1b: Koraidon|Protect\n|move|p1a: Whimsicott|Encore|p2a: Whimsicott\n|-start|p2a: Whimsicott|Encore\n|move|p2a: Whimsicott|Tailwind||[still]\n|-fail|p2a: Whimsicott\n|move|p2b: Terapagos|Tera Starstorm|p1b: Koraidon\n|-activate|p1b: Koraidon|move: Protect\n|\n|-weather|SunnyDay|[upkeep]\n|upkeep\n|turn|3\n|\n|t:|1774586194\n|switch|p1b: Calyrex|Calyrex-Shadow, L50|100/100\n|-ability|p1b: Calyrex|As One\n|-ability|p1b: Calyrex|Unnerve\n|switch|p2a: Flutter Mane|Flutter Mane, L50|100/100\n|-activate|p2a: Flutter Mane|ability: Protosynthesis\n|-start|p2a: Flutter Mane|protosynthesisspe\n|move|p1a: Whimsicott|Encore|p2b: Terapagos\n|-start|p2b: Terapagos|Encore\n|move|p2b: Terapagos|Tera Starstorm|p1b: Calyrex\n|-immune|p1b: Calyrex\n|\n|-weather|SunnyDay|[upkeep]\n|upkeep\n|turn|4\n|inactive|XxxInnovationxxX has 30 seconds left.\n|inactive|Luis Fulgencio has 30 seconds left.\n|inactive|XxxInnovationxxX has 20 seconds left.\n|inactive|Luis Fulgencio has 20 seconds left.\n|inactive|XxxInnovationxxX has 15 seconds left.\n|\n|t:|1774586237\n|-terastallize|p1b: Calyrex|Dragon\n|move|p2a: Flutter Mane|Icy Wind|p1a: Whimsicott|[spread] p1a,p1b\n|-supereffective|p1a: Whimsicott\n|-supereffective|p1b: Calyrex\n|-damage|p1a: Whimsicott|48/100\n|-damage|p1b: Calyrex|70/100\n|-unboost|p1b: Calyrex|spe|1\n|move|p1a: Whimsicott|Moonblast|p2b: Terapagos\n|-damage|p2b: Terapagos|44/100\n|-unboost|p2b: Terapagos|spa|1\n|move|p1b: Calyrex|Astral Barrage|p2b: Terapagos|[spread] p2a\n|-immune|p2b: Terapagos\n|-supereffective|p2a: Flutter Mane\n|-enditem|p2a: Flutter Mane|Focus Sash\n|-damage|p2a: Flutter Mane|1/100\n|move|p2b: Terapagos|Tera Starstorm|p1a: Whimsicott\n|-damage|p1a: Whimsicott|0 fnt\n|faint|p1a: Whimsicott\n|\n|-weather|SunnyDay|[upkeep]\n|-sideend|p1: XxxInnovationxxX|move: Tailwind\n|-sideend|p2: Luis Fulgencio|move: Tailwind\n|upkeep\n|\n|t:|1774586258\n|switch|p1a: Gouging Fire|Gouging Fire, L50|100/100\n|-activate|p1a: Gouging Fire|ability: Protosynthesis\n|-start|p1a: Gouging Fire|protosynthesisspe\n|turn|5\n|\n|t:|1774586276\n|-terastallize|p2b: Terapagos|Stellar\n|detailschange|p2b: Terapagos|Terapagos-Stellar, L50, M, tera:Stellar\n|-heal|p2b: Terapagos|57/100|[silent]\n|-ability|p2b: Terapagos|Teraform Zero\n|-weather|none\n|-end|p2a: Flutter Mane|Protosynthesis\n|-end|p1a: Gouging Fire|Protosynthesis\n|-enditem|p1a: Gouging Fire|Booster Energy\n|-activate|p1a: Gouging Fire|ability: Protosynthesis|[fromitem]\n|-start|p1a: Gouging Fire|protosynthesisspe\n|move|p1a: Gouging Fire|Flare Blitz|p2a: Flutter Mane\n|-crit|p2a: Flutter Mane\n|-damage|p2a: Flutter Mane|0 fnt\n|faint|p2a: Flutter Mane\n|-end|p2a: Flutter Mane|Protosynthesis|[silent]\n|-damage|p1a: Gouging Fire|99/100|[from] Recoil\n|move|p1b: Calyrex|Astral Barrage|p2b: Terapagos\n|-immune|p2b: Terapagos\n|move|p2b: Terapagos|Tera Starstorm|p1a: Gouging Fire|[spread] p1a,p1b\n|-supereffective|p1b: Calyrex\n|-damage|p1a: Gouging Fire|59/100\n|-damage|p1b: Calyrex|0 fnt\n|faint|p1b: Calyrex\n|\n|-end|p2b: Terapagos|Encore\n|upkeep\n|\n|t:|1774586298\n|switch|p1b: Koraidon|Koraidon, L50|10/100\n|switch|p2a: Whimsicott|Whimsicott, L50, F|100/100\n|-weather|SunnyDay|[from] ability: Orichalcum Pulse|[of] p1b: Koraidon\n|-activate|p1b: Koraidon|Orichalcum Pulse|[source]\n|turn|6\n|\n|t:|1774586318\n|move|p2a: Whimsicott|Tailwind|p2a: Whimsicott\n|-sidestart|p2: Luis Fulgencio|move: Tailwind\n|move|p1a: Gouging Fire|Flare Blitz|p2a: Whimsicott\n|-supereffective|p2a: Whimsicott\n|-damage|p2a: Whimsicott|0 fnt\n|faint|p2a: Whimsicott\n|-damage|p1a: Gouging Fire|30/100|[from] Recoil\n|move|p2b: Terapagos|Tera Starstorm|p1a: Gouging Fire|[spread] p1a,p1b\n|-damage|p1a: Gouging Fire|0 fnt\n|-damage|p1b: Koraidon|0 fnt\n|faint|p1a: Gouging Fire\n|-end|p1a: Gouging Fire|Protosynthesis|[silent]\n|faint|p1b: Koraidon\n|\n|win|Luis Fulgencio\n|raw|XxxInnovationxxX's rating: 1254 &rarr; <strong>1234</strong><br />(-20 for losing)\n|raw|Luis Fulgencio's rating: 1318 &rarr; <strong>1334</strong><br />(+16 for winning)\n|l|\u2606XxxInnovationxxX\n|player|p1|\n|l|\u2606Luis Fulgencio\n|player|p2|\n","uploadtime":1774586476,"views":10,"formatid":"gen9vgc2026regi","rating":1234,"private":0,"password":null}