{"id":"gen9vgc2026regi-2557942644","format":"[Gen 9] VGC 2026 Reg I","players":["lalo's pollos","Rillabossman"],"log":"|j|\u2606lalo's pollos\n|j|\u203dRillabossman\n|t:|1773377359\n|gametype|doubles\n|player|p1|lalo's pollos|266|1525\n|player|p2|Rillabossman|169|1418\n|gen|9\n|tier|[Gen 9] VGC 2026 Reg I\n|rated|\n|rule|Species Clause: Limit one of each Pok\u00e9mon\n|rule|Item Clause: Limit 1 of each item\n|clearpoke\n|poke|p1|Miraidon, L50|\n|poke|p1|Landorus, L50, M|\n|poke|p1|Incineroar, L50, M|\n|poke|p1|Iron Bundle, L50|\n|poke|p1|Farigiraf, L50, F|\n|poke|p1|Calyrex-Ice, L50|\n|poke|p2|Lunala, L50|\n|poke|p2|Medicham, L50, M|\n|poke|p2|Kyogre, L50|\n|poke|p2|Regieleki, L50|\n|poke|p2|Landorus, L50, M|\n|poke|p2|Latios, L50, M|\n|teampreview|4\n|inactive|Battle timer is ON: inactive players will automatically lose when time's up. (requested by lalo's pollos)\n|\n|t:|1773377453\n|teamsize|p1|4\n|teamsize|p2|4\n|start\n|switch|p1a: Co-Star|Miraidon, L50|100/100\n|switch|p1b: the Star|Iron Bundle, L50|100/100\n|switch|p2a: Lunala|Lunala, L50|100/100\n|switch|p2b: Landorus|Landorus, L50, M|100/100\n|-fieldstart|move: Electric Terrain|[from] ability: Hadron Engine|[of] p1a: Co-Star\n|-activate|p1b: the Star|ability: Quark Drive\n|-start|p1b: the Star|quarkdrivespe\n|turn|1\n|\n|t:|1773377476\n|move|p2b: Landorus|Protect|p2b: Landorus\n|-singleturn|p2b: Landorus|Protect\n|move|p1b: the Star|Freeze-Dry|p2a: Lunala\n|-damage|p2a: Lunala|85/100\n|move|p1a: Co-Star|Volt Switch|p2a: Lunala\n|-damage|p2a: Lunala|6/100\n|\n|t:|1773377483\n|switch|p1a: Landorus|Landorus, L50, M|100/100|[from] Volt Switch\n|move|p2a: Lunala|Tailwind|p2a: Lunala\n|-sidestart|p2: Rillabossman|move: Tailwind\n|\n|upkeep\n|turn|2\n|\n|t:|1773377507\n|move|p2b: Landorus|Earth Power|p1b: the Star\n|-enditem|p1b: the Star|Focus Sash\n|-damage|p1b: the Star|1/100\n|move|p2a: Lunala|Moongeist Beam|p1b: the Star\n|-damage|p1b: the Star|0 fnt\n|faint|p1b: the Star\n|-end|p1b: the Star|Quark Drive|[silent]\n|move|p1a: Landorus|Earth Power|p2a: Lunala\n|-damage|p2a: Lunala|0 fnt\n|faint|p2a: Lunala\n|\n|upkeep\n|\n|t:|1773377528\n|switch|p1b: the Manager|Farigiraf, L50, F|100/100\n|switch|p2a: Kyogre|Kyogre, L50|100/100\n|-weather|RainDance|[from] ability: Drizzle|[of] p2a: Kyogre\n|turn|3\n|\n|t:|1773377545\n|-terastallize|p1b: the Manager|Water\n|move|p1a: Landorus|Protect|p1a: Landorus\n|-singleturn|p1a: Landorus|Protect\n|move|p2b: Landorus|Earth Power|p1b: the Manager\n|-damage|p1b: the Manager|49/100\n|move|p2a: Kyogre|Water Spout|p1a: Landorus|[spread] p1b\n|-activate|p1a: Landorus|move: Protect\n|-resisted|p1b: the Manager\n|-damage|p1b: the Manager|11/100\n|move|p1b: the Manager|Trick Room|p1b: the Manager\n|-fieldstart|move: Trick Room|[of] p1b: the Manager\n|\n|-weather|RainDance|[upkeep]\n|upkeep\n|turn|4\n|inactive|Rillabossman has 30 seconds left.\n|\n|t:|1773377572\n|move|p2a: Kyogre|Protect|p2a: Kyogre\n|-singleturn|p2a: Kyogre|Protect\n|move|p2b: Landorus|Protect|p2b: Landorus\n|-singleturn|p2b: Landorus|Protect\n|move|p1b: the Manager|Psychic|p2a: Kyogre\n|-activate|p2a: Kyogre|move: Protect\n|move|p1a: Landorus|Earth Power|p2a: Kyogre\n|-activate|p2a: Kyogre|move: Protect\n|\n|-weather|RainDance|[upkeep]\n|-sideend|p2: Rillabossman|move: Tailwind\n|upkeep\n|turn|5\n|-message|lalo's pollos forfeited.\n|\n|win|Rillabossman\n|raw|lalo&apos;s pollos's rating: 1525 &rarr; <strong>1499</strong><br />(-26 for losing)\n|raw|Rillabossman's rating: 1418 &rarr; <strong>1444</strong><br />(+26 for winning)\n|l|\u2606lalo's pollos\n|player|p1|\n|l|\u203dRillabossman\n|player|p2|\n","uploadtime":1773377850,"views":17,"formatid":"gen9vgc2026regi","rating":1444,"private":0,"password":null}