{"id":"gen9vgc2026regi-2581837165","format":"[Gen 9] VGC 2026 Reg I","players":["castiel123","sunny_zong2"],"log":"|j|\u2606castiel123\n|j|\u2606sunny_zong2\n|t:|1776032479\n|gametype|doubles\n|player|p1|castiel123|101|1347\n|player|p2|sunny_zong2|101|1407\n|gen|9\n|tier|[Gen 9] VGC 2026 Reg I\n|rated|\n|rule|Species Clause: Limit one of each Pok\u00e9mon\n|rule|Item Clause: Limit 1 of each item\n|clearpoke\n|poke|p1|Zamazenta-*, L50|\n|poke|p1|Terapagos, L50, M|\n|poke|p1|Whimsicott, L50, M|\n|poke|p1|Indeedee, L50, M|\n|poke|p1|Flutter Mane, L50|\n|poke|p1|Annihilape, L50, F|\n|poke|p2|Muk-Alola, L50, M|\n|poke|p2|Flamigo, L50, F|\n|poke|p2|Lugia, L50|\n|poke|p2|Calyrex-Shadow, L50|\n|poke|p2|Indeedee, L50, M|\n|poke|p2|Smeargle, L50, M|\n|teampreview|4\n|inactive|Battle timer is ON: inactive players will automatically lose when time's up. (requested by sunny_zong2)\n|inactive|castiel123 has 60 seconds left.\n|\n|t:|1776032522\n|teamsize|p1|4\n|teamsize|p2|4\n|start\n|switch|p1a: Flutter Mane|Flutter Mane, L50|100/100\n|switch|p1b: Annihilape|Annihilape, L50, F|100/100\n|switch|p2a: Smeargle|Smeargle, L50, M|100/100\n|switch|p2b: Muk|Muk-Alola, L50, M|100/100\n|-enditem|p1a: Flutter Mane|Booster Energy\n|-activate|p1a: Flutter Mane|ability: Protosynthesis|[fromitem]\n|-start|p1a: Flutter Mane|protosynthesisspe\n|turn|1\n|\n|t:|1776032534\n|move|p2b: Muk|Protect|p2b: Muk\n|-singleturn|p2b: Muk|Protect\n|move|p1a: Flutter Mane|Taunt|p2a: Smeargle\n|-start|p2a: Smeargle|move: Taunt\n|move|p1b: Annihilape|Final Gambit|p2b: Muk\n|-activate|p2b: Muk|move: Protect\n|cant|p2a: Smeargle|move: Taunt|Spore\n|\n|-ability|p2a: Smeargle|Moody|boost\n|-boost|p2a: Smeargle|spa|2\n|-unboost|p2a: Smeargle|def|1\n|upkeep\n|turn|2\n|\n|t:|1776032551\n|switch|p2a: Lugia|Lugia, L50|100/100\n|-ability|p2a: Lugia|Pressure\n|switch|p2b: Calyrex|Calyrex-Shadow, L50|100/100\n|-ability|p2b: Calyrex|As One\n|-ability|p2b: Calyrex|Unnerve\n|move|p1a: Flutter Mane|Moonblast|p2a: Lugia\n|-damage|p2a: Lugia|75/100\n|move|p1b: Annihilape|Final Gambit|p2b: Calyrex\n|-immune|p2b: Calyrex\n|\n|-heal|p2a: Lugia|81/100|[from] item: Leftovers\n|upkeep\n|turn|3\n|j| Bubsnz\n|\n|t:|1776032569\n|switch|p2b: Smeargle|Smeargle, L50, M|100/100\n|-terastallize|p1a: Flutter Mane|Normal\n|move|p1a: Flutter Mane|Icy Wind|p2a: Lugia|[spread] p2a,p2b\n|-supereffective|p2a: Lugia\n|-damage|p2a: Lugia|65/100\n|-damage|p2b: Smeargle|67/100\n|-unboost|p2a: Lugia|spe|1\n|-unboost|p2b: Smeargle|spe|1\n|move|p1b: Annihilape|Final Gambit|p2a: Lugia\n|-damage|p2a: Lugia|0 fnt\n|faint|p1b: Annihilape\n|faint|p2a: Lugia\n|\n|-ability|p2b: Smeargle|Moody|boost\n|-boost|p2b: Smeargle|atk|2\n|-unboost|p2b: Smeargle|spa|1\n|upkeep\n|\n|t:|1776032581\n|switch|p1b: Terapagos|Terapagos, L50, M|100/100\n|switch|p2a: Muk|Muk-Alola, L50, M|100/100\n|-activate|p1b: Terapagos|ability: Tera Shift\n|detailschange|p1b: Terapagos|Terapagos-Terastal, L50, M\n|-heal|p1b: Terapagos|100/100|[silent]\n|turn|4\n|\n|t:|1776032589\n|move|p2b: Smeargle|Fake Out|p1a: Flutter Mane\n|-damage|p1a: Flutter Mane|81/100\n|cant|p1a: Flutter Mane|flinch\n|move|p1b: Terapagos|Calm Mind|p1b: Terapagos\n|-boost|p1b: Terapagos|spa|1\n|-boost|p1b: Terapagos|spd|1\n|move|p2a: Muk|Minimize|p2a: Muk\n|-boost|p2a: Muk|evasion|2\n|\n|-ability|p2b: Smeargle|Moody|boost\n|-boost|p2b: Smeargle|atk|2\n|-unboost|p2b: Smeargle|spd|1\n|upkeep\n|turn|5\n|\n|t:|1776032601\n|move|p1a: Flutter Mane|Taunt|p2a: Muk\n|-start|p2a: Muk|move: Taunt\n|move|p1b: Terapagos|Tera Starstorm|p2b: Smeargle\n|-damage|p2b: Smeargle|0 fnt\n|faint|p2b: Smeargle\n|-ability|p2a: Muk|Moody|Power of Alchemy|[from] ability: Power of Alchemy|[of] p2b: Smeargle\n|cant|p2a: Muk|move: Taunt|Minimize\n|\n|-ability|p2a: Muk|Moody|boost\n|-boost|p2a: Muk|atk|2\n|-unboost|p2a: Muk|spa|1\n|upkeep\n|\n|t:|1776032604\n|switch|p2b: Calyrex|Calyrex-Shadow, L50|100/100\n|-ability|p2b: Calyrex|As One\n|-ability|p2b: Calyrex|Unnerve\n|turn|6\n|\n|t:|1776032623\n|move|p1a: Flutter Mane|Icy Wind|p2a: Muk|[spread] p2b\n|-miss|p1a: Flutter Mane|p2a: Muk\n|-crit|p2b: Calyrex\n|-damage|p2b: Calyrex|76/100\n|-unboost|p2b: Calyrex|spe|1\n|move|p2b: Calyrex|Psych Up|p2a: Muk\n|-copyboost|p2b: Calyrex|p2a: Muk|[from] move: Psych Up\n|move|p1b: Terapagos|Tera Starstorm|p2a: Muk|[miss]\n|-miss|p1b: Terapagos|p2a: Muk\n|move|p2a: Muk|Poison Jab|p1a: Flutter Mane\n|-damage|p1a: Flutter Mane|0 fnt\n|faint|p1a: Flutter Mane\n|-end|p1a: Flutter Mane|Protosynthesis|[silent]\n|\n|-ability|p2a: Muk|Moody|boost\n|-boost|p2a: Muk|atk|2\n|-unboost|p2a: Muk|spe|1\n|upkeep\n|\n|t:|1776032628\n|switch|p1a: Zamazenta|Zamazenta-Crowned, L50|100/100\n|-ability|p1a: Zamazenta|Dauntless Shield|boost\n|-boost|p1a: Zamazenta|def|1\n|turn|7\n|inactive|sunny_zong2 has 30 seconds left.\n|\n|t:|1776032655\n|move|p2b: Calyrex|Expanding Force|p1a: Zamazenta\n|-damage|p1a: Zamazenta|72/100\n|-damage|p2b: Calyrex|66/100|[from] item: Life Orb\n|move|p1a: Zamazenta|Body Press|p2a: Muk|[miss]\n|-miss|p1a: Zamazenta|p2a: Muk\n|move|p1b: Terapagos|Earth Power|p2a: Muk|[miss]\n|-miss|p1b: Terapagos|p2a: Muk\n|move|p2a: Muk|Poison Jab|p1b: Terapagos\n|-activate|p1b: Terapagos|ability: Tera Shell\n|-resisted|p1b: Terapagos\n|-damage|p1b: Terapagos|70/100\n|\n|-heal|p1b: Terapagos|76/100|[from] item: Leftovers\n|-end|p2a: Muk|move: Taunt\n|-ability|p2a: Muk|Moody|boost\n|-boost|p2a: Muk|spe|2\n|-unboost|p2a: Muk|atk|1\n|upkeep\n|turn|8\n|\n|t:|1776032666\n|move|p2b: Calyrex|Psych Up|p2a: Muk\n|-copyboost|p2b: Calyrex|p2a: Muk|[from] move: Psych Up\n|move|p1a: Zamazenta|Body Press|p2a: Muk\n|-damage|p2a: Muk|52/100\n|move|p2a: Muk|Minimize|p2a: Muk\n|-boost|p2a: Muk|evasion|2\n|move|p1b: Terapagos|Earth Power|p2a: Muk\n|-supereffective|p2a: Muk\n|-damage|p2a: Muk|0 fnt\n|faint|p2a: Muk\n|\n|-heal|p1b: Terapagos|82/100|[from] item: Leftovers\n|upkeep\n|turn|9\n|c|\u2606castiel123|I hate this strat\n|c|\u2606castiel123|Is so lazy\n|inactive|castiel123 has 30 seconds left.\n|inactive|castiel123 has 20 seconds left.\n|\n|t:|1776032703\n|move|p2b: Calyrex|Expanding Force|p1a: Zamazenta\n|-damage|p1a: Zamazenta|47/100\n|-damage|p2b: Calyrex|56/100|[from] item: Life Orb\n|move|p1a: Zamazenta|Behemoth Bash|p2b: Calyrex\n|-crit|p2b: Calyrex\n|-damage|p2b: Calyrex|0 fnt\n|faint|p2b: Calyrex\n|\n|win|castiel123\n|raw|castiel123's rating: 1347 &rarr; <strong>1370</strong><br />(+23 for winning)\n|raw|sunny_zong2's rating: 1407 &rarr; <strong>1384</strong><br />(-23 for losing)\n|l|\u2606sunny_zong2\n|player|p2|\n|l|\u2606castiel123\n|player|p1|\n","uploadtime":1776032892,"views":9,"formatid":"gen9vgc2026regi","rating":1370,"private":0,"password":null}