{"id":"gen9vgc2026regi-2559418651","format":"[Gen 9] VGC 2026 Reg I","players":["TheNamesBetty","Carajo666"],"log":"|j|\u2606TheNamesBetty\n|j|\u2606Carajo666\n|t:|1773563165\n|gametype|doubles\n|player|p1|TheNamesBetty|koga|1168\n|player|p2|Carajo666|2|1096\n|gen|9\n|tier|[Gen 9] VGC 2026 Reg I\n|rated|\n|rule|Species Clause: Limit one of each Pok\u00e9mon\n|rule|Item Clause: Limit 1 of each item\n|clearpoke\n|poke|p1|Regieleki, L50|\n|poke|p1|Kyogre, L50|\n|poke|p1|Amoonguss, L50, F|\n|poke|p1|Calyrex-Ice, L50|\n|poke|p1|Cramorant, L50, F|\n|poke|p1|Tornadus, L50, M|\n|poke|p2|Miraidon, L50|\n|poke|p2|Iron Jugulis, L50|\n|poke|p2|Groudon, L50|\n|poke|p2|Flutter Mane, L50|\n|poke|p2|Iron Hands, L50|\n|poke|p2|Ogerpon-Hearthflame, L50, F|\n|teampreview|4\n|inactive|Battle timer is ON: inactive players will automatically lose when time's up. (requested by Carajo666)\n|c|\u2606TheNamesBetty|Let's go!\nTheNamesBetty has agreed to open team sheets.\n|inactive|Carajo666 has 60 seconds left.\n|\n|t:|1773563199\n|teamsize|p1|4\n|teamsize|p2|4\n|start\n|switch|p1a: Pt\u00e1ky Gd\u00e1ky|Cramorant, L50, F|100/100\n|switch|p1b: \u010clov\u011b\u010disko|Tornadus, L50, M|100/100\n|switch|p2a: Groudon|Groudon, L50|100/100\n|switch|p2b: Iron Jugulis|Iron Jugulis, L50|100/100\n|-weather|SunnyDay|[from] ability: Drought|[of] p2a: Groudon\n|turn|1\n|\n|t:|1773563216\n|switch|p2a: Miraidon|Miraidon, L50|100/100\n|-fieldstart|move: Electric Terrain|[from] ability: Hadron Engine|[of] p2a: Miraidon\n|-enditem|p2a: Miraidon|Electric Seed\n|-boost|p2a: Miraidon|def|1|[from] item: Electric Seed\n|-activate|p2b: Iron Jugulis|ability: Quark Drive\n|-start|p2b: Iron Jugulis|quarkdrivespe\n|move|p2b: Iron Jugulis|Snarl|p1a: Pt\u00e1ky Gd\u00e1ky|[spread] p1a,p1b\n|-damage|p1a: Pt\u00e1ky Gd\u00e1ky|75/100\n|-damage|p1b: \u010clov\u011b\u010disko|75/100\n|-unboost|p1a: Pt\u00e1ky Gd\u00e1ky|spa|1\n|-unboost|p1b: \u010clov\u011b\u010disko|spa|1\n|move|p1a: Pt\u00e1ky Gd\u00e1ky|Surf|p2a: Miraidon|[spread] p1b,p2a,p2b\n|-formechange|p1a: Pt\u00e1ky Gd\u00e1ky|Cramorant-Gulping|\n|-resisted|p2a: Miraidon\n|-damage|p1b: \u010clov\u011b\u010disko|63/100\n|-damage|p2a: Miraidon|97/100\n|-damage|p2b: Iron Jugulis|93/100\n|move|p1b: \u010clov\u011b\u010disko|Icy Wind|p2a: Miraidon|[spread] p2a,p2b\n|-supereffective|p2a: Miraidon\n|-supereffective|p2b: Iron Jugulis\n|-damage|p2a: Miraidon|80/100\n|-damage|p2b: Iron Jugulis|72/100\n|-unboost|p2a: Miraidon|spe|1\n|\n|-weather|SunnyDay|[upkeep]\n|upkeep\n|turn|2\n|inactive|TheNamesBetty has 30 seconds left.\n|\n|t:|1773563244\n|move|p1b: \u010clov\u011b\u010disko|Tailwind|p1b: \u010clov\u011b\u010disko\n|-sidestart|p1: TheNamesBetty|move: Tailwind\n|move|p1a: Pt\u00e1ky Gd\u00e1ky|Surf|p2a: Miraidon|[spread] p1b,p2a,p2b\n|-crit|p1b: \u010clov\u011b\u010disko\n|-resisted|p2a: Miraidon\n|-damage|p1b: \u010clov\u011b\u010disko|35/100\n|-damage|p2a: Miraidon|77/100\n|-damage|p2b: Iron Jugulis|64/100\n|move|p2b: Iron Jugulis|Tailwind|p2b: Iron Jugulis\n|-sidestart|p2: Carajo666|move: Tailwind\n|move|p2a: Miraidon|Calm Mind|p2a: Miraidon\n|-boost|p2a: Miraidon|spa|1\n|-boost|p2a: Miraidon|spd|1\n|\n|-weather|SunnyDay|[upkeep]\n|upkeep\n|turn|3\n|\n|t:|1773563258\n|move|p2b: Iron Jugulis|Protect|p2b: Iron Jugulis\n|-singleturn|p2b: Iron Jugulis|Protect\n|move|p1a: Pt\u00e1ky Gd\u00e1ky|Surf|p2a: Miraidon|[spread] p1b,p2a\n|-activate|p2b: Iron Jugulis|move: Protect\n|-resisted|p2a: Miraidon\n|-damage|p1b: \u010clov\u011b\u010disko|23/100\n|-damage|p2a: Miraidon|75/100\n|move|p1b: \u010clov\u011b\u010disko|Icy Wind|p2b: Iron Jugulis|[spread] p2a\n|-activate|p2b: Iron Jugulis|move: Protect\n|-supereffective|p2a: Miraidon\n|-damage|p2a: Miraidon|65/100\n|-unboost|p2a: Miraidon|spe|1\n|move|p2a: Miraidon|Parabolic Charge|p1a: Pt\u00e1ky Gd\u00e1ky|[spread] p1a,p1b\n|-activate|p2b: Iron Jugulis|move: Protect\n|-supereffective|p1a: Pt\u00e1ky Gd\u00e1ky\n|-supereffective|p1b: \u010clov\u011b\u010disko\n|-damage|p1a: Pt\u00e1ky Gd\u00e1ky|0 fnt\n|-heal|p2a: Miraidon|94/100|[from] drain|[of] p1a: Pt\u00e1ky Gd\u00e1ky\n|-damage|p1b: \u010clov\u011b\u010disko|0 fnt\n|-heal|p2a: Miraidon|100/100|[from] drain|[of] p1b: \u010clov\u011b\u010disko\n|-damage|p2a: Miraidon|75/100|[from] ability: Gulp Missile|[of] p1a: Pt\u00e1ky Gd\u00e1ky\n|-unboost|p2a: Miraidon|def|1\n|-formechange|p1a: Pt\u00e1ky Gd\u00e1ky|Cramorant|\n|faint|p1a: Pt\u00e1ky Gd\u00e1ky\n|faint|p1b: \u010clov\u011b\u010disko\n|\n|-weather|SunnyDay|[upkeep]\n|upkeep\n|\n|t:|1773563278\n|switch|p1b: Kedluben na koni|Calyrex-Ice, L50|100/100\n|switch|p1a: T\u00fdbr\u010fo ryba|Kyogre, L50|100/100\n|-ability|p1b: Kedluben na koni|As One\n|-ability|p1b: Kedluben na koni|Unnerve\n|-weather|RainDance|[from] ability: Drizzle|[of] p1a: T\u00fdbr\u010fo ryba\n|turn|4\n|inactive|Carajo666 has 30 seconds left.\n|\n|t:|1773563306\n|switch|p2a: Iron Hands|Iron Hands, L50|100/100\n|-activate|p2a: Iron Hands|ability: Quark Drive\n|-start|p2a: Iron Hands|quarkdriveatk\n|move|p1a: T\u00fdbr\u010fo ryba|Protect|p1a: T\u00fdbr\u010fo ryba\n|-singleturn|p1a: T\u00fdbr\u010fo ryba|Protect\n|move|p2b: Iron Jugulis|Snarl|p1b: Kedluben na koni|[spread] p1b\n|-activate|p1a: T\u00fdbr\u010fo ryba|move: Protect\n|-supereffective|p1b: Kedluben na koni\n|-damage|p1b: Kedluben na koni|82/100\n|-unboost|p1b: Kedluben na koni|spa|1\n|move|p1b: Kedluben na koni|Glacial Lance|p2a: Iron Hands|[spread] p2a,p2b\n|-supereffective|p2b: Iron Jugulis\n|-damage|p2a: Iron Hands|68/100\n|-damage|p2b: Iron Jugulis|0 fnt\n|faint|p2b: Iron Jugulis\n|-end|p2b: Iron Jugulis|Quark Drive|[silent]\n|-ability|p1b: Kedluben na koni|Chilling Neigh|boost\n|-boost|p1b: Kedluben na koni|atk|1\n|\n|-weather|RainDance|[upkeep]\n|-heal|p1b: Kedluben na koni|88/100|[from] item: Leftovers\n|upkeep\n|\n|t:|1773563324\n|switch|p2b: Groudon|Groudon, L50|100/100\n|-weather|SunnyDay|[from] ability: Drought|[of] p2b: Groudon\n|turn|5\n|\n|t:|1773563338\n|-terastallize|p2b: Groudon|Fire\n|move|p2a: Iron Hands|Fake Out|p1a: T\u00fdbr\u010fo ryba\n|-damage|p1a: T\u00fdbr\u010fo ryba|82/100\n|move|p1a: T\u00fdbr\u010fo ryba|Water Spout|p2a: Iron Hands|[spread] p2a,p2b\n|-supereffective|p2b: Groudon\n|-damage|p2a: Iron Hands|53/100\n|-damage|p2b: Groudon|45/100\n|move|p2b: Groudon|Precipice Blades|p1a: T\u00fdbr\u010fo ryba|[spread] p1a,p1b\n|-damage|p1a: T\u00fdbr\u010fo ryba|28/100\n|-damage|p1b: Kedluben na koni|52/100\n|move|p1b: Kedluben na koni|Trick Room|p1b: Kedluben na koni\n|-fieldstart|move: Trick Room|[of] p1b: Kedluben na koni\n|\n|-weather|SunnyDay|[upkeep]\n|-heal|p1b: Kedluben na koni|58/100|[from] item: Leftovers\n|-sideend|p2: Carajo666|move: Tailwind\n|-sideend|p1: TheNamesBetty|move: Tailwind\n|-fieldend|move: Electric Terrain\n|-end|p2a: Iron Hands|Quark Drive\n|upkeep\n|turn|6\n|inactive|Carajo666 has 30 seconds left.\n|\n|t:|1773563364\n|move|p1a: T\u00fdbr\u010fo ryba|Protect|p1a: T\u00fdbr\u010fo ryba\n|-singleturn|p1a: T\u00fdbr\u010fo ryba|Protect\n|move|p2a: Iron Hands|Drain Punch|p1b: Kedluben na koni\n|-crit|p1b: Kedluben na koni\n|-damage|p1b: Kedluben na koni|19/100\n|-heal|p2a: Iron Hands|71/100|[from] drain|[of] p1b: Kedluben na koni\n|move|p1b: Kedluben na koni|Glacial Lance|p2b: Groudon|[spread] p2a,p2b\n|-resisted|p2b: Groudon\n|-damage|p2a: Iron Hands|16/100\n|-damage|p2b: Groudon|23/100\n|move|p2b: Groudon|Precipice Blades|p1a: T\u00fdbr\u010fo ryba|[spread] \n|-activate|p1a: T\u00fdbr\u010fo ryba|move: Protect\n|-miss|p2b: Groudon|p1b: Kedluben na koni\n|\n|-weather|SunnyDay|[upkeep]\n|-heal|p1b: Kedluben na koni|24/100|[from] item: Leftovers\n|upkeep\n|turn|7\n|c|\u2606TheNamesBetty|Good job, Kedluben!\n|inactive|TheNamesBetty has 30 seconds left.\n|inactive|Carajo666 has 30 seconds left.\n|\n|t:|1773563392\n|move|p1b: Kedluben na koni|Protect|p1b: Kedluben na koni\n|-singleturn|p1b: Kedluben na koni|Protect\n|move|p2a: Iron Hands|Wild Charge|p1b: Kedluben na koni\n|-activate|p1b: Kedluben na koni|move: Protect\n|move|p2b: Groudon|Precipice Blades|p1b: Kedluben na koni|[spread] p1a\n|-activate|p1b: Kedluben na koni|move: Protect\n|-damage|p1a: T\u00fdbr\u010fo ryba|0 fnt\n|faint|p1a: T\u00fdbr\u010fo ryba\n|\n|-weather|SunnyDay|[upkeep]\n|-heal|p1b: Kedluben na koni|30/100|[from] item: Leftovers\n|upkeep\n|turn|8\n|\n|t:|1773563401\n|move|p2a: Iron Hands|Wild Charge|p1b: Kedluben na koni\n|-damage|p1b: Kedluben na koni|0 fnt\n|faint|p1b: Kedluben na koni\n|-damage|p2a: Iron Hands|9/100|[from] Recoil\n|\n|win|Carajo666\n|raw|TheNamesBetty's rating: 1168 &rarr; <strong>1138</strong><br />(-30 for losing)\n|raw|Carajo666's rating: 1096 &rarr; <strong>1127</strong><br />(+31 for winning)\n|l|\u2606Carajo666\n|player|p2|\n|l|\u2606TheNamesBetty\n|player|p1|\n","uploadtime":1773563707,"views":12,"formatid":"gen9vgc2026regi","rating":1127,"private":0,"password":null}