{"id":"gen9vgc2026regi-2561839072","format":"[Gen 9] VGC 2026 Reg I","players":["Jonen","wktkfakfuqek"],"log":"|j|\u2606Jonen\n|j|\u2606wktkfakfuqek\n|t:|1773848078\n|gametype|doubles\n|player|p1|Jonen|hiker-gen4|1337\n|player|p2|wktkfakfuqek|hiker-gen4|1340\n|gen|9\n|tier|[Gen 9] VGC 2026 Reg I\n|rated|\n|rule|Species Clause: Limit one of each Pok\u00e9mon\n|rule|Item Clause: Limit 1 of each item\n|clearpoke\n|poke|p1|Groudon, L50|\n|poke|p1|Chi-Yu, L50|\n|poke|p1|Flutter Mane, L50|\n|poke|p1|Raging Bolt, L50|\n|poke|p1|Calyrex-Ice, L50|\n|poke|p1|Jumpluff, L50, M|\n|poke|p2|Smeargle, L50, M|\n|poke|p2|Muk-Alola, L50, F|\n|poke|p2|Glimmora, L50, M|\n|poke|p2|Sinistcha-Masterpiece, L50|\n|poke|p2|Ho-Oh, L50|\n|poke|p2|Calyrex-Shadow, L50|\n|teampreview|4\n|inactive|Battle timer is ON: inactive players will automatically lose when time's up. (requested by wktkfakfuqek)\n|j| phacmarc\n|inactive|Jonen has 60 seconds left.\n|inactive|Jonen has 30 seconds left.\n|inactive|Jonen has 20 seconds left.\n|\n|t:|1773848149\n|teamsize|p1|4\n|teamsize|p2|4\n|start\n|switch|p1a: Groudon|Groudon, L50|100/100\n|switch|p1b: Jumpluff|Jumpluff, L50, M|100/100\n|switch|p2a: Smeargle|Smeargle, L50, M|100/100\n|switch|p2b: Muk|Muk-Alola, L50, F|100/100\n|-weather|SunnyDay|[from] ability: Drought|[of] p1a: Groudon\n|turn|1\n|\n|t:|1773848163\n|-terastallize|p2b: Muk|Grass\n|move|p2a: Smeargle|Fake Out|p1a: Groudon\n|-damage|p1a: Groudon|97/100\n|move|p1b: Jumpluff|Sleep Powder|p2a: Smeargle\n|-status|p2a: Smeargle|slp|[from] move: Sleep Powder\n|cant|p1a: Groudon|flinch\n|move|p2b: Muk|Minimize|p2b: Muk\n|-boost|p2b: Muk|evasion|2\n|\n|-weather|SunnyDay|[upkeep]\n|-ability|p2a: Smeargle|Moody|boost\n|-boost|p2a: Smeargle|spa|2\n|-unboost|p2a: Smeargle|def|1\n|upkeep\n|turn|2\n|\n|t:|1773848171\n|move|p2b: Muk|Protect|p2b: Muk\n|-singleturn|p2b: Muk|Protect\n|cant|p2a: Smeargle|slp\n|move|p1b: Jumpluff|Tailwind|p1b: Jumpluff\n|-sidestart|p1: Jonen|move: Tailwind\n|move|p1a: Groudon|Heat Crash|p2b: Muk\n|-activate|p2b: Muk|move: Protect\n|\n|-weather|SunnyDay|[upkeep]\n|-ability|p2a: Smeargle|Moody|boost\n|-boost|p2a: Smeargle|atk|2\n|-unboost|p2a: Smeargle|def|1\n|upkeep\n|turn|3\n|\n|t:|1773848180\n|-curestatus|p2a: Smeargle|slp|[msg]\n|move|p2a: Smeargle|Follow Me|p2a: Smeargle\n|-singleturn|p2a: Smeargle|move: Follow Me\n|move|p1b: Jumpluff|Encore|p2a: Smeargle\n|-start|p2a: Smeargle|Encore\n|move|p1a: Groudon|Heat Crash|p2a: Smeargle\n|-enditem|p2a: Smeargle|Focus Sash\n|-damage|p2a: Smeargle|1/100\n|move|p2b: Muk|Substitute|p2b: Muk\n|-start|p2b: Muk|Substitute\n|-damage|p2b: Muk|75/100\n|\n|-weather|SunnyDay|[upkeep]\n|-heal|p2b: Muk|82/100|[from] item: Leftovers\n|-ability|p2a: Smeargle|Moody|boost\n|-boost|p2a: Smeargle|atk|2\n|-unboost|p2a: Smeargle|spe|1\n|upkeep\n|turn|4\n|inactive|Jonen has 30 seconds left.\n|\n|t:|1773848211\n|move|p2a: Smeargle|Follow Me|p2a: Smeargle\n|-singleturn|p2a: Smeargle|move: Follow Me\n|move|p1b: Jumpluff|Encore||[still]\n|-fail|p1b: Jumpluff\n|move|p1a: Groudon|Heat Crash|p2a: Smeargle\n|-damage|p2a: Smeargle|0 fnt\n|faint|p2a: Smeargle\n|-ability|p2b: Muk|Moody|Power of Alchemy|[from] ability: Power of Alchemy|[of] p2a: Smeargle\n|move|p2b: Muk|Minimize|p2b: Muk\n|-boost|p2b: Muk|evasion|2\n|\n|-weather|SunnyDay|[upkeep]\n|-heal|p2b: Muk|88/100|[from] item: Leftovers\n|-ability|p2b: Muk|Moody|boost\n|-boost|p2b: Muk|spe|2\n|-unboost|p2b: Muk|def|1\n|upkeep\n|\n|t:|1773848214\n|switch|p2a: Glimmora|Glimmora, L50, M|100/100\n|-item|p2a: Glimmora|Air Balloon\n|turn|5\n|\n|t:|1773848226\n|move|p2b: Muk|Protect|p2b: Muk\n|-singleturn|p2b: Muk|Protect\n|move|p1b: Jumpluff|Encore|p2b: Muk\n|-activate|p2b: Muk|move: Protect\n|move|p1a: Groudon|Precipice Blades|p2b: Muk|[spread] \n|-activate|p2b: Muk|move: Protect\n|-immune|p2a: Glimmora\n|move|p2a: Glimmora|Mortal Spin|p1b: Jumpluff|[spread] p1a,p1b\n|-resisted|p1a: Groudon\n|-crit|p1a: Groudon\n|-supereffective|p1b: Jumpluff\n|-damage|p1a: Groudon|94/100\n|-damage|p1b: Jumpluff|86/100\n|-status|p1a: Groudon|psn\n|\n|-weather|none\n|-heal|p2b: Muk|94/100|[from] item: Leftovers\n|-damage|p1a: Groudon|82/100 psn|[from] psn\n|-sideend|p1: Jonen|move: Tailwind\n|-ability|p2b: Muk|Moody|boost\n|-boost|p2b: Muk|spe|2\n|-unboost|p2b: Muk|def|1\n|upkeep\n|turn|6\n|\n|t:|1773848237\n|move|p2b: Muk|Minimize|p2b: Muk\n|-boost|p2b: Muk|evasion|2\n|move|p1b: Jumpluff|Sleep Powder|p2a: Glimmora|[miss]\n|-miss|p1b: Jumpluff|p2a: Glimmora\n|move|p2a: Glimmora|Toxic|p1b: Jumpluff\n|-status|p1b: Jumpluff|tox\n|move|p1a: Groudon|Heat Crash|p2b: Muk\n|-supereffective|p2b: Muk\n|-end|p2b: Muk|Substitute\n|\n|-heal|p2b: Muk|99/100|[from] item: Leftovers\n|-damage|p1b: Jumpluff|80/100 tox|[from] psn\n|-damage|p1a: Groudon|70/100 psn|[from] psn\n|-ability|p2b: Muk|Moody|boost\n|-boost|p2b: Muk|atk|2\n|-unboost|p2b: Muk|spa|1\n|upkeep\n|turn|7\n|\n|t:|1773848250\n|move|p2b: Muk|Protect|p2b: Muk\n|-singleturn|p2b: Muk|Protect\n|move|p1b: Jumpluff|Sleep Powder|p2a: Glimmora\n|-status|p2a: Glimmora|slp|[from] move: Sleep Powder\n|cant|p2a: Glimmora|slp\n|move|p1a: Groudon|Heat Crash|p2b: Muk\n|-activate|p2b: Muk|move: Protect\n|\n|-heal|p2b: Muk|100/100|[from] item: Leftovers\n|-damage|p1b: Jumpluff|68/100 tox|[from] psn\n|-damage|p1a: Groudon|58/100 psn|[from] psn\n|-ability|p2b: Muk|Moody|boost\n|-boost|p2b: Muk|def|2\n|-unboost|p2b: Muk|spd|1\n|upkeep\n|turn|8\n|\n|t:|1773848263\n|move|p2b: Muk|Substitute|p2b: Muk\n|-start|p2b: Muk|Substitute\n|-damage|p2b: Muk|75/100\n|move|p1b: Jumpluff|Encore|p2a: Glimmora\n|-start|p2a: Glimmora|Encore\n|-curestatus|p2a: Glimmora|slp|[msg]\n|move|p2a: Glimmora|Toxic|p1b: Jumpluff\n|-fail|p1b: Jumpluff|tox\n|move|p1a: Groudon|Heat Crash|p2b: Muk\n|-supereffective|p2b: Muk\n|-end|p2b: Muk|Substitute\n|\n|-heal|p2b: Muk|82/100|[from] item: Leftovers\n|-damage|p1b: Jumpluff|51/100 tox|[from] psn\n|-damage|p1a: Groudon|46/100 psn|[from] psn\n|-ability|p2b: Muk|Moody|boost\n|-boost|p2b: Muk|spd|2\n|-unboost|p2b: Muk|atk|1\n|upkeep\n|turn|9\n|\n|t:|1773848277\n|move|p2b: Muk|Protect|p2b: Muk\n|-singleturn|p2b: Muk|Protect\n|move|p1b: Jumpluff|Pollen Puff|p1a: Groudon\n|-heal|p1a: Groudon|95/100 psn\n|move|p2a: Glimmora|Toxic||[still]\n|-fail|p2a: Glimmora\n|move|p1a: Groudon|Heat Crash|p2b: Muk\n|-activate|p2b: Muk|move: Protect\n|\n|-heal|p2b: Muk|88/100|[from] item: Leftovers\n|-damage|p1b: Jumpluff|28/100 tox|[from] psn\n|-damage|p1a: Groudon|83/100 psn|[from] psn\n|-ability|p2b: Muk|Moody|boost\n|-boost|p2b: Muk|spd|2\n|-unboost|p2b: Muk|def|1\n|upkeep\n|turn|10\n|\n|t:|1773848282\n|move|p2b: Muk|Substitute|p2b: Muk\n|-start|p2b: Muk|Substitute\n|-damage|p2b: Muk|63/100\n|move|p1b: Jumpluff|Encore|p2b: Muk|[miss]\n|-miss|p1b: Jumpluff|p2b: Muk\n|move|p2a: Glimmora|Toxic||[still]\n|-fail|p2a: Glimmora\n|move|p1a: Groudon|Heat Crash|p2b: Muk\n|-supereffective|p2b: Muk\n|-end|p2b: Muk|Substitute\n|\n|-heal|p2b: Muk|69/100|[from] item: Leftovers\n|-damage|p1b: Jumpluff|0 fnt|[from] psn\n|faint|p1b: Jumpluff\n|-damage|p1a: Groudon|71/100 psn|[from] psn\n|-end|p2a: Glimmora|Encore\n|-ability|p2b: Muk|Moody|boost\n|-boost|p2b: Muk|spd|2\n|-unboost|p2b: Muk|spe|1\n|upkeep\n|\n|t:|1773848287\n|switch|p1b: Calyrex|Calyrex-Ice, L50|100/100\n|-ability|p1b: Calyrex|As One\n|-ability|p1b: Calyrex|Unnerve\n|turn|11\n|\n|t:|1773848296\n|move|p2b: Muk|Protect|p2b: Muk\n|-singleturn|p2b: Muk|Protect\n|move|p2a: Glimmora|Toxic|p1b: Calyrex\n|-status|p1b: Calyrex|tox\n|move|p1a: Groudon|Heat Crash|p2b: Muk\n|-activate|p2b: Muk|move: Protect\n|move|p1b: Calyrex|Glacial Lance|p2b: Muk|[spread] p2a\n|-activate|p2b: Muk|move: Protect\n|-damage|p2a: Glimmora|52/100\n|-enditem|p2a: Glimmora|Air Balloon\n|\n|-heal|p2b: Muk|75/100|[from] item: Leftovers\n|-damage|p1a: Groudon|59/100 psn|[from] psn\n|-damage|p1b: Calyrex|95/100 tox|[from] psn\n|-ability|p2b: Muk|Moody|boost\n|-boost|p2b: Muk|spe|2\n|-unboost|p2b: Muk|def|1\n|upkeep\n|turn|12\n|\n|t:|1773848306\n|move|p2b: Muk|Substitute|p2b: Muk\n|-start|p2b: Muk|Substitute\n|-damage|p2b: Muk|50/100\n|move|p2a: Glimmora|Toxic Spikes|p1a: Groudon\n|-sidestart|p1: Jonen|move: Toxic Spikes\n|move|p1a: Groudon|Heat Crash|p2b: Muk\n|-supereffective|p2b: Muk\n|-end|p2b: Muk|Substitute\n|move|p1b: Calyrex|Glacial Lance|p2b: Muk|[spread] p2a,p2b\n|-supereffective|p2b: Muk\n|-damage|p2a: Glimmora|5/100\n|-damage|p2b: Muk|0 fnt\n|faint|p2b: Muk\n|-ability|p1b: Calyrex|Chilling Neigh|boost\n|-boost|p1b: Calyrex|atk|1\n|\n|-damage|p1a: Groudon|47/100 psn|[from] psn\n|-damage|p1b: Calyrex|83/100 tox|[from] psn\n|upkeep\n|-message|wktkfakfuqek forfeited.\n|\n|win|Jonen\n|raw|Jonen's rating: 1337 &rarr; <strong>1357</strong><br />(+20 for winning)\n|raw|wktkfakfuqek's rating: 1340 &rarr; <strong>1320</strong><br />(-20 for losing)\n","uploadtime":1773848319,"views":10,"formatid":"gen9vgc2026regi","rating":1320,"private":0,"password":null}