{"id":"gen9vgc2026regi-2561958807","format":"[Gen 9] VGC 2026 Reg I","players":["cpxigao","pigs2fly"],"log":"|j|\u2606cpxigao\n|j|\u2606pigs2fly\n|t:|1773858155\n|gametype|doubles\n|player|p1|cpxigao|170|1493\n|player|p2|pigs2fly|dexio|1545\n|gen|9\n|tier|[Gen 9] VGC 2026 Reg I\n|rated|\n|rule|Species Clause: Limit one of each Pok\u00e9mon\n|rule|Item Clause: Limit 1 of each item\n|clearpoke\n|poke|p1|Terapagos, L50, M|\n|poke|p1|Lunala, L50|\n|poke|p1|Smeargle, L50, M|\n|poke|p1|Weezing-Galar, L50, M|\n|poke|p1|Murkrow, L50, M|\n|poke|p1|Ursaluna, L50, M|\n|poke|p2|Annihilape, L50, M|\n|poke|p2|Tornadus, L50, M|\n|poke|p2|Dondozo, L50, M|\n|poke|p2|Tatsugiri-Droopy, L50, M|\n|poke|p2|Zacian-*, L50|\n|poke|p2|Kyogre, L50|\n|teampreview|4\n|inactive|Battle timer is ON: inactive players will automatically lose when time's up. (requested by cpxigao)\n|\n|t:|1773858184\n|teamsize|p1|4\n|teamsize|p2|4\n|start\n|switch|p1a: Murkrow|Murkrow, L50, M|100/100\n|switch|p1b: Weezing|Weezing-Galar, L50, M|100/100\n|switch|p2a: Kyogre|Kyogre, L50|100/100\n|switch|p2b: Tornadus|Tornadus, L50, M|100/100\n|-ability|p1b: Weezing|Neutralizing Gas\n|-block|p1a: Murkrow|item: Ability Shield\n|turn|1\n|\n|t:|1773858202\n|move|p1a: Murkrow|Tailwind|p1a: Murkrow\n|-sidestart|p1: cpxigao|move: Tailwind\n|move|p1b: Weezing|Taunt|p2b: Tornadus\n|-start|p2b: Tornadus|move: Taunt\n|cant|p2b: Tornadus|move: Taunt|Rain Dance\n|move|p2a: Kyogre|Water Spout|p1a: Murkrow|[spread] p1a,p1b\n|-damage|p1a: Murkrow|0 fnt\n|-damage|p1b: Weezing|0 fnt\n|faint|p1a: Murkrow\n|faint|p1b: Weezing\n|-end|p1b: Weezing|ability: Neutralizing Gas\n|-weather|RainDance|[from] ability: Drizzle|[of] p2a: Kyogre\n|\n|-weather|RainDance|[upkeep]\n|upkeep\n|\n|t:|1773858215\n|switch|p1b: Terapagos|Terapagos, L50, M|100/100\n|switch|p1a: Smeargle|Smeargle, L50, M|100/100\n|-activate|p1b: Terapagos|ability: Tera Shift\n|detailschange|p1b: Terapagos|Terapagos-Terastal, L50, M\n|-heal|p1b: Terapagos|100/100|[silent]\n|turn|2\n|\n|t:|1773858226\n|switch|p2b: Zacian|Zacian-Crowned, L50, shiny|100/100\n|-ability|p2b: Zacian|Intrepid Sword|boost\n|-boost|p2b: Zacian|atk|1\n|-terastallize|p1b: Terapagos|Stellar\n|detailschange|p1b: Terapagos|Terapagos-Stellar, L50, M, tera:Stellar\n|-heal|p1b: Terapagos|100/100|[silent]\n|-ability|p1b: Terapagos|Teraform Zero\n|-weather|none\n|move|p1a: Smeargle|Decorate|p1b: Terapagos\n|-boost|p1b: Terapagos|atk|2\n|-boost|p1b: Terapagos|spa|2\n|move|p1b: Terapagos|Tera Starstorm|p2b: Zacian|[spread] p2a,p2b\n|-damage|p2a: Kyogre|43/100\n|-damage|p2b: Zacian|6/100\n|move|p2a: Kyogre|Origin Pulse|p1b: Terapagos|[spread] p1a,p1b\n|-enditem|p1a: Smeargle|Focus Sash\n|-damage|p1a: Smeargle|1/100\n|-damage|p1b: Terapagos|67/100\n|\n|upkeep\n|turn|3\n|inactive|pigs2fly has 30 seconds left.\n|\n|t:|1773858253\n|move|p2b: Zacian|Protect|p2b: Zacian\n|-singleturn|p2b: Zacian|Protect\n|move|p1a: Smeargle|Decorate|p1b: Terapagos\n|-boost|p1b: Terapagos|atk|2\n|-boost|p1b: Terapagos|spa|2\n|move|p1b: Terapagos|Tera Starstorm|p2a: Kyogre|[spread] p2a\n|-activate|p2b: Zacian|move: Protect\n|-damage|p2a: Kyogre|0 fnt\n|faint|p2a: Kyogre\n|\n|upkeep\n|\n|t:|1773858254\n|switch|p2a: Tornadus|Tornadus, L50, M|100/100\n|turn|4\n|\n|t:|1773858275\n|move|p1a: Smeargle|Quick Guard|p1a: Smeargle\n|-singleturn|p1a: Smeargle|Quick Guard\n|move|p2a: Tornadus|Tailwind|p2a: Tornadus\n|-sidestart|p2: pigs2fly|move: Tailwind\n|move|p2b: Zacian|Snarl|p1b: Terapagos|[spread] p1a,p1b\n|-damage|p1a: Smeargle|0 fnt\n|-damage|p1b: Terapagos|62/100\n|-unboost|p1b: Terapagos|spa|1\n|faint|p1a: Smeargle\n|move|p1b: Terapagos|Tera Starstorm|p2a: Tornadus|[spread] p2a,p2b\n|-damage|p2a: Tornadus|0 fnt\n|-damage|p2b: Zacian|0 fnt\n|faint|p2a: Tornadus\n|faint|p2b: Zacian\n|\n|-sideend|p1: cpxigao|move: Tailwind\n|upkeep\n|\n|t:|1773858280\n|switch|p2b: Annihilape|Annihilape, L50, M|100/100\n|turn|5\n|\n|t:|1773858299\n|move|p2b: Annihilape|Close Combat|p1b: Terapagos\n|-supereffective|p1b: Terapagos\n|-damage|p1b: Terapagos|0 fnt\n|-unboost|p2b: Annihilape|def|1\n|-unboost|p2b: Annihilape|spd|1\n|faint|p1b: Terapagos\n|detailschange|p1: Terapagos|Terapagos, L50, M|[silent]\n|\n|win|pigs2fly\n|raw|cpxigao's rating: 1493 &rarr; <strong>1476</strong><br />(-17 for losing)\n|raw|pigs2fly's rating: 1545 &rarr; <strong>1562</strong><br />(+17 for winning)\n|c|\u2606cpxigao|kkkkkkkkkkkkkkkk\n|c|\u2606cpxigao|zacian de snarl\n|c|\u2606cpxigao|kkkkkkkkkkkkkkkkkkkkkkkkkkkkkkkkkkkkk\n|c|\u2606cpxigao|doente\n|l|\u2606cpxigao\n|player|p1|\n","uploadtime":1773858321,"views":11,"formatid":"gen9vgc2026regi","rating":1476,"private":0,"password":null}