{"id":"gen9vgc2026regi-2588208047","format":"[Gen 9] VGC 2026 Reg I","players":["Tweak69","beignetsfordayzzz"],"log":"|j|\u2606Tweak69\n|j|\u2606beignetsfordayzzz\n|t:|1776614494\n|gametype|doubles\n|player|p1|Tweak69|bruno|1386\n|player|p2|beignetsfordayzzz|102|1367\n|gen|9\n|tier|[Gen 9] VGC 2026 Reg I\n|rated|\n|rule|Species Clause: Limit one of each Pok\u00e9mon\n|rule|Item Clause: Limit 1 of each item\n|clearpoke\n|poke|p1|Amoonguss, L50, F|\n|poke|p1|Calyrex-Ice, L50|\n|poke|p1|Kyogre, L50|\n|poke|p1|Grimmsnarl, L50, M|\n|poke|p1|Flutter Mane, L50|\n|poke|p1|Rillaboom, L50, M|\n|poke|p2|Farigiraf, L50, M|\n|poke|p2|Iron Hands, L50|\n|poke|p2|Calyrex-Ice, L50|\n|poke|p2|Pelipper, L50, M|\n|poke|p2|Grimmsnarl, L50, M|\n|poke|p2|Miraidon, L50|\n|teampreview|4\nbeignetsfordayzzz has agreed to open team sheets.\n|inactive|Battle timer is ON: inactive players will automatically lose when time's up. (requested by beignetsfordayzzz)\n|inactive|Tweak69 also wants the timer to be on.\n|inactive|beignetsfordayzzz has 60 seconds left.\n|\n|t:|1776614567\n|teamsize|p1|4\n|teamsize|p2|4\n|start\n|switch|p1a: Calyrex|Calyrex-Ice, L50|100/100\n|switch|p1b: Amoonguss|Amoonguss, L50, F|100/100\n|switch|p2a: Ice Ice Baby|Calyrex-Ice, L50|100/100\n|switch|p2b: Grimmsnarl|Grimmsnarl, L50, M|100/100\n|-ability|p2a: Ice Ice Baby|As One\n|-ability|p2a: Ice Ice Baby|Unnerve\n|-ability|p1a: Calyrex|As One\n|-ability|p1a: Calyrex|Unnerve\n|turn|1\n|inactive|Tweak69 has 30 seconds left.\n|inactive|beignetsfordayzzz has 30 seconds left.\n|inactive|Tweak69 has 20 seconds left.\n|\n|t:|1776614603\n|-terastallize|p1b: Amoonguss|Dark\n|move|p2b: Grimmsnarl|Reflect|p2b: Grimmsnarl\n|-sidestart|p2: beignetsfordayzzz|Reflect\n|move|p2a: Ice Ice Baby|Glacial Lance|p1b: Amoonguss|[spread] p1a,p1b\n|-resisted|p1a: Calyrex\n|-damage|p1a: Calyrex|86/100\n|-damage|p1b: Amoonguss|55/100\n|move|p1a: Calyrex|Glacial Lance|p2b: Grimmsnarl|[spread] p2a,p2b\n|-resisted|p2a: Ice Ice Baby\n|-damage|p2a: Ice Ice Baby|91/100\n|-damage|p2b: Grimmsnarl|67/100\n|move|p1b: Amoonguss|Spore|p2a: Ice Ice Baby\n|-status|p2a: Ice Ice Baby|slp|[from] move: Spore\n|\n|-heal|p1a: Calyrex|91/100|[from] item: Leftovers\n|upkeep\n|turn|2\n|inactive|Tweak69 has 30 seconds left.\n|inactive|beignetsfordayzzz has 30 seconds left.\n|\n|t:|1776614631\n|switch|p2b: Tron|Miraidon, L50|100/100\n|-fieldstart|move: Electric Terrain|[from] ability: Hadron Engine|[of] p2b: Tron\n|move|p1b: Amoonguss|Rage Powder|p1b: Amoonguss\n|-singleturn|p1b: Amoonguss|move: Rage Powder\n|cant|p2a: Ice Ice Baby|slp\n|move|p1a: Calyrex|Glacial Lance|p2b: Tron|[spread] p2a,p2b\n|-resisted|p2a: Ice Ice Baby\n|-supereffective|p2b: Tron\n|-damage|p2a: Ice Ice Baby|81/100 slp\n|-damage|p2b: Tron|42/100\n|\n|-heal|p1a: Calyrex|97/100|[from] item: Leftovers\n|upkeep\n|turn|3\n|\n|t:|1776614649\n|-terastallize|p2b: Tron|Fairy\n|move|p1b: Amoonguss|Rage Powder|p1b: Amoonguss\n|-singleturn|p1b: Amoonguss|move: Rage Powder\n|move|p2b: Tron|Dazzling Gleam|p1a: Calyrex|[spread] p1a,p1b\n|-supereffective|p1b: Amoonguss\n|-damage|p1a: Calyrex|58/100\n|-damage|p1b: Amoonguss|0 fnt\n|faint|p1b: Amoonguss\n|cant|p2a: Ice Ice Baby|slp\n|move|p1a: Calyrex|Glacial Lance|p2a: Ice Ice Baby|[spread] p2a,p2b\n|-resisted|p2a: Ice Ice Baby\n|-damage|p2a: Ice Ice Baby|71/100 slp\n|-damage|p2b: Tron|15/100\n|\n|-heal|p1a: Calyrex|64/100|[from] item: Leftovers\n|upkeep\n|inactive|Tweak69 has 30 seconds left.\n|inactive|Tweak69 has 20 seconds left.\n|\n|t:|1776614686\n|switch|p1b: Kyogre|Kyogre, L50|100/100\n|-weather|RainDance|[from] ability: Drizzle|[of] p1b: Kyogre\n|turn|4\n|\n|t:|1776614696\n|switch|p2b: Pelipper|Pelipper, L50, M|100/100\n|cant|p2a: Ice Ice Baby|slp\n|move|p1b: Kyogre|Origin Pulse|p2a: Ice Ice Baby|[spread] p2a\n|-miss|p1b: Kyogre|p2b: Pelipper\n|-damage|p2a: Ice Ice Baby|12/100 slp\n|move|p1a: Calyrex|Glacial Lance|p2b: Pelipper|[spread] p2a,p2b\n|-resisted|p2a: Ice Ice Baby\n|-damage|p2a: Ice Ice Baby|2/100 slp\n|-damage|p2b: Pelipper|66/100\n|\n|-weather|RainDance|[upkeep]\n|-heal|p1a: Calyrex|70/100|[from] item: Leftovers\n|upkeep\n|turn|5\n|\n|t:|1776614716\n|move|p2b: Pelipper|Wide Guard|p2b: Pelipper\n|-singleturn|p2b: Pelipper|Wide Guard\n|move|p1b: Kyogre|Water Spout|p2a: Ice Ice Baby|[spread] \n|-activate|p2a: Ice Ice Baby|move: Wide Guard\n|-activate|p2b: Pelipper|move: Wide Guard\n|-curestatus|p2a: Ice Ice Baby|slp|[msg]\n|move|p2a: Ice Ice Baby|Glacial Lance|p1a: Calyrex|[spread] p1a,p1b\n|-resisted|p1a: Calyrex\n|-resisted|p1b: Kyogre\n|-damage|p1a: Calyrex|54/100\n|-damage|p1b: Kyogre|72/100\n|move|p1a: Calyrex|Glacial Lance|p2a: Ice Ice Baby|[spread] \n|-activate|p2a: Ice Ice Baby|move: Wide Guard\n|-activate|p2b: Pelipper|move: Wide Guard\n|\n|-weather|RainDance|[upkeep]\n|-heal|p1a: Calyrex|60/100|[from] item: Leftovers\n|upkeep\n|turn|6\n|\n|t:|1776614737\n|move|p2b: Pelipper|Wide Guard|p2b: Pelipper\n|-singleturn|p2b: Pelipper|Wide Guard\n|move|p1b: Kyogre|Hydro Pump|p2a: Ice Ice Baby\n|-damage|p2a: Ice Ice Baby|0 fnt\n|faint|p2a: Ice Ice Baby\n|move|p1a: Calyrex|Leech Seed|p2b: Pelipper\n|-start|p2b: Pelipper|move: Leech Seed\n|\n|-weather|RainDance|[upkeep]\n|-heal|p1a: Calyrex|66/100|[from] item: Leftovers\n|-damage|p2b: Pelipper|54/100|[from] Leech Seed|[of] p1a: Calyrex\n|-heal|p1a: Calyrex|75/100|[silent]\n|-fieldend|move: Electric Terrain\n|upkeep\n|\n|t:|1776614747\n|switch|p2a: Tron|Miraidon, L50, tera:Fairy|15/100\n|-fieldstart|move: Electric Terrain|[from] ability: Hadron Engine|[of] p2a: Tron\n|turn|7\n|\n|t:|1776614759\n|switch|p1b: Rillaboom|Rillaboom, L50, M|100/100\n|-fieldstart|move: Grassy Terrain|[from] ability: Grassy Surge|[of] p1b: Rillaboom\n|move|p1a: Calyrex|Protect|p1a: Calyrex\n|-singleturn|p1a: Calyrex|Protect\n|move|p2b: Pelipper|Wide Guard|p2b: Pelipper\n|-singleturn|p2b: Pelipper|Wide Guard\n|move|p2a: Tron|Electro Drift|p1a: Calyrex\n|-activate|p1a: Calyrex|move: Protect\n|\n|-weather|RainDance|[upkeep]\n|-heal|p2a: Tron|21/100|[from] Grassy Terrain\n|-heal|p1a: Calyrex|81/100|[from] Grassy Terrain\n|-heal|p1a: Calyrex|87/100|[from] item: Leftovers\n|-damage|p2b: Pelipper|42/100|[from] Leech Seed|[of] p1a: Calyrex\n|-heal|p1a: Calyrex|97/100|[silent]\n|upkeep\n|turn|8\n|\n|t:|1776614784\n|switch|p2a: Grimmsnarl|Grimmsnarl, L50, M|67/100\n|move|p1b: Rillaboom|Fake Out|p2a: Grimmsnarl\n|-damage|p2a: Grimmsnarl|58/100\n|move|p2b: Pelipper|Wide Guard|p2b: Pelipper\n|-singleturn|p2b: Pelipper|Wide Guard\n|move|p1a: Calyrex|Leech Seed|p2a: Grimmsnarl\n|-start|p2a: Grimmsnarl|move: Leech Seed\n|\n|-weather|none\n|-heal|p2a: Grimmsnarl|64/100|[from] Grassy Terrain\n|-heal|p1a: Calyrex|100/100|[from] Grassy Terrain\n|-damage|p2b: Pelipper|30/100|[from] Leech Seed|[of] p1a: Calyrex\n|-damage|p2a: Grimmsnarl|51/100|[from] Leech Seed|[of] p1a: Calyrex\n|-sideend|p2: beignetsfordayzzz|Reflect\n|upkeep\n|turn|9\n|inactive|Tweak69 has 30 seconds left.\n|inactive|beignetsfordayzzz has 30 seconds left.\n|\n|t:|1776614811\n|move|p2b: Pelipper|Wide Guard|p2b: Pelipper\n|-singleturn|p2b: Pelipper|Wide Guard\n|move|p1b: Rillaboom|Grassy Glide|p2b: Pelipper\n|-damage|p2b: Pelipper|0 fnt\n|faint|p2b: Pelipper\n|move|p2a: Grimmsnarl|Fake Tears|p1a: Calyrex\n|-unboost|p1a: Calyrex|spd|2\n|move|p1a: Calyrex|Trick Room|p1a: Calyrex\n|-fieldstart|move: Trick Room|[of] p1a: Calyrex\n|\n|-heal|p2a: Grimmsnarl|57/100|[from] Grassy Terrain\n|-damage|p2a: Grimmsnarl|45/100|[from] Leech Seed|[of] p1a: Calyrex\n|upkeep\n|\n|t:|1776614822\n|switch|p2b: Tron|Miraidon, L50, tera:Fairy|21/100\n|-fieldstart|move: Electric Terrain|[from] ability: Hadron Engine|[of] p2b: Tron\n|turn|10\n|\n|t:|1776614834\n|move|p2a: Grimmsnarl|Reflect|p2a: Grimmsnarl\n|-sidestart|p2: beignetsfordayzzz|Reflect\n|move|p1a: Calyrex|Glacial Lance|p2a: Grimmsnarl|[spread] p2a,p2b\n|-damage|p2a: Grimmsnarl|14/100\n|-damage|p2b: Tron|0 fnt\n|faint|p2b: Tron\n|-ability|p1a: Calyrex|Chilling Neigh|boost\n|-boost|p1a: Calyrex|atk|1\n|move|p1b: Rillaboom|Wood Hammer|p2a: Grimmsnarl\n|-damage|p2a: Grimmsnarl|0 fnt\n|faint|p2a: Grimmsnarl\n|-damage|p1b: Rillaboom|96/100|[from] Recoil\n|\n|win|Tweak69\n|raw|Tweak69's rating: 1386 &rarr; <strong>1405</strong><br />(+19 for winning)\n|raw|beignetsfordayzzz's rating: 1367 &rarr; <strong>1348</strong><br />(-19 for losing)\n|l|\u2606beignetsfordayzzz\n|player|p2|\n","uploadtime":1776615099,"views":6,"formatid":"gen9vgc2026regi","rating":1348,"private":0,"password":null}