{"id":"gen9vgc2026regi-2578266825","format":"[Gen 9] VGC 2026 Reg I","players":["ppyyy","ALoT3487"],"log":"|j|\u2606ppyyy\n|j|\u2606ALoT3487\n|html|<table width=\"100%\"><tr><td align=\"left\">ppyyy</td><td align=\"right\">ALoT3487</tr><tr><td align=\"left\"><i class=\"fa fa-circle-o\"></i> <i class=\"fa fa-circle-o\"></i> </td><td align=\"right\"><i class=\"fa fa-circle-o\"></i> <i class=\"fa fa-circle-o\"></i> </tr></table>\n|uhtml|bestof|<h2><strong>Game 1</strong> of <a href=\"/game-bestof3-gen9vgc2026regi-2578266823\">a best-of-3</a></h2>\n|t:|1775663764\n|gametype|doubles\n|player|p1|ppyyy|elesa-gen5bw2|\n|player|p2|ALoT3487|hilda|\n|gen|9\n|tier|[Gen 9] VGC 2026 Reg I\n|rated|Tournament battle\n|rule|Species Clause: Limit one of each Pok\u00e9mon\n|rule|Item Clause: Limit 1 of each item\n|raw|<div class=\"infobox\"><details class=\"readmore\" open><summary><strong>4 custom rules:</strong></summary> Open Team Sheets, Force Open Team Sheets, !Open Team Sheets, Best of = 3</details></div>\n|clearpoke\n|poke|p1|Scream Tail, L50|\n|poke|p1|Rillaboom, L50, F|\n|poke|p1|Urshifu-*, L50, M|\n|poke|p1|Incineroar, L50, M|\n|poke|p1|Zamazenta-*, L50|\n|poke|p1|Calyrex-Shadow, L50|\n|poke|p2|Articuno, L50|\n|poke|p2|Ninetales-Alola, L50, M|\n|poke|p2|Arcanine-Hisui, L50, M|\n|poke|p2|Ogerpon-Wellspring, L50, F|\n|poke|p2|Landorus, L50, M|\n|poke|p2|Raging Bolt, L50|\n|teampreview|4\n|showteam|p1|Scream Tail||BoosterEnergy|Protosynthesis|DazzlingGleam,Encore,Disable,Protect||||||50|,,,,,Dark]Rillaboom||AssaultVest|GrassySurge|FakeOut,WoodHammer,GrassyGlide,Uturn|||F|||50|,,,,,Fire]Urshifu-Rapid-Strike||FocusSash|UnseenFist|SurgingStrikes,AquaJet,Taunt,Detect|||M|||50|,,,,,Grass]Incineroar||RockyHelmet|Intimidate|FakeOut,WillOWisp,KnockOff,PartingShot|||M|||50|,,,,,Bug]Zamazenta-Crowned||RustedShield|DauntlessShield|BodyPress,HeavySlam,WideGuard,Protect||||||50|,,,,,Ghost]Calyrex-Shadow||SpellTag|AsOneSpectrier|AstralBarrage,Protect,Disable,NastyPlot||||||50|,,,,,Water\n|showteam|p2|Articuno||ChoiceSpecs|SnowCloak|Blizzard,IceBeam,FreezeDry,SheerCold||||||50|,,,,,Ice]Ninetales-Alola||LightClay|SnowWarning|Blizzard,Moonblast,AuroraVeil,HelpingHand|||M|||50|,,,,,Fire]Arcanine-Hisui||ChoiceBand|Intimidate|FlareBlitz,RockSlide,HeadSmash,ExtremeSpeed|||M|||50|,,,,,Ghost]Ogerpon-Wellspring||WellspringMask|WaterAbsorb|IvyCudgel,HornLeech,FollowMe,SpikyShield|||F|||50|,,,,,Water]Landorus||LifeOrb|SheerForce|EarthPower,SludgeBomb,Substitute,Protect|||M|||50|,,,,,Steel]Raging Bolt||AssaultVest|Protosynthesis|Electroweb,DracoMeteor,Thunderclap,Snarl||||||50|,,,,,Fairy\n|\n|t:|1775663793\n|teamsize|p1|4\n|teamsize|p2|4\n|start\n|switch|p1a: Scream Tail|Scream Tail, L50|100/100\n|switch|p1b: Calyrex|Calyrex-Shadow, L50|100/100\n|switch|p2a: Articuno|Articuno, L50|100/100\n|switch|p2b: Ninetales|Ninetales-Alola, L50, M|100/100\n|-ability|p1b: Calyrex|As One\n|-ability|p1b: Calyrex|Unnerve\n|-weather|Snowscape|[from] ability: Snow Warning|[of] p2b: Ninetales\n|-enditem|p1a: Scream Tail|Booster Energy\n|-activate|p1a: Scream Tail|ability: Protosynthesis|[fromitem]\n|-start|p1a: Scream Tail|protosynthesisspe\n|turn|1\n|\n|t:|1775663816\n|move|p1a: Scream Tail|Protect|p1a: Scream Tail\n|-singleturn|p1a: Scream Tail|Protect\n|move|p1b: Calyrex|Protect|p1b: Calyrex\n|-singleturn|p1b: Calyrex|Protect\n|move|p2b: Ninetales|Aurora Veil|p2b: Ninetales\n|-sidestart|p2: ALoT3487|move: Aurora Veil\n|move|p2a: Articuno|Blizzard|p1b: Calyrex|[spread] \n|-activate|p1a: Scream Tail|move: Protect\n|-activate|p1b: Calyrex|move: Protect\n|\n|-weather|Snowscape|[upkeep]\n|upkeep\n|turn|2\n|\n|t:|1775663835\n|move|p2b: Ninetales|Helping Hand|p2a: Articuno\n|-singleturn|p2a: Articuno|Helping Hand|[of] p2b: Ninetales\n|move|p1a: Scream Tail|Encore|p2b: Ninetales\n|-start|p2b: Ninetales|Encore\n|move|p1b: Calyrex|Disable|p2a: Articuno\n|-start|p2a: Articuno|Disable|Blizzard\n|cant|p2a: Articuno|Disable|Blizzard\n|\n|-weather|Snowscape|[upkeep]\n|upkeep\n|turn|3\n|\n|t:|1775663860\n|switch|p2a: Arcanine|Arcanine-Hisui, L50, M, shiny|100/100\n|-ability|p2a: Arcanine|Intimidate|boost\n|-unboost|p1a: Scream Tail|atk|1\n|-unboost|p1b: Calyrex|atk|1\n|move|p2b: Ninetales|Helping Hand|p2a: Arcanine\n|-singleturn|p2a: Arcanine|Helping Hand|[of] p2b: Ninetales\n|move|p1a: Scream Tail|Disable|p2b: Ninetales\n|-start|p2b: Ninetales|Disable|Helping Hand\n|move|p1b: Calyrex|Nasty Plot|p1b: Calyrex\n|-boost|p1b: Calyrex|spa|2\n|\n|-weather|Snowscape|[upkeep]\n|upkeep\n|turn|4\n|\n|t:|1775663906\n|switch|p2b: Ogerpon|Ogerpon-Wellspring, L50, F|100/100\n|move|p1a: Scream Tail|Protect|p1a: Scream Tail\n|-singleturn|p1a: Scream Tail|Protect\n|move|p1b: Calyrex|Protect|p1b: Calyrex\n|-singleturn|p1b: Calyrex|Protect\n|move|p2a: Arcanine|Rock Slide|p1b: Calyrex|[spread] \n|-activate|p1a: Scream Tail|move: Protect\n|-activate|p1b: Calyrex|move: Protect\n|\n|-weather|Snowscape|[upkeep]\n|upkeep\n|turn|5\n|\n|t:|1775663933\n|switch|p2a: Articuno|Articuno, L50|100/100\n|move|p2b: Ogerpon|Follow Me|p2b: Ogerpon\n|-singleturn|p2b: Ogerpon|move: Follow Me\n|move|p1a: Scream Tail|Disable|p2b: Ogerpon\n|-start|p2b: Ogerpon|Disable|Follow Me\n|move|p1b: Calyrex|Astral Barrage|p2a: Articuno|[spread] p2a,p2b\n|-damage|p2a: Articuno|38/100\n|-damage|p2b: Ogerpon|15/100\n|\n|-weather|none\n|upkeep\n|turn|6\n|\n|t:|1775663949\n|move|p2b: Ogerpon|Spiky Shield|p2b: Ogerpon\n|-singleturn|p2b: Ogerpon|move: Protect\n|move|p1a: Scream Tail|Dazzling Gleam|p2a: Articuno|[spread] p2a\n|-activate|p2b: Ogerpon|move: Protect\n|-damage|p2a: Articuno|31/100\n|move|p1b: Calyrex|Astral Barrage|p2a: Articuno|[spread] p2a\n|-activate|p2b: Ogerpon|move: Protect\n|-damage|p2a: Articuno|0 fnt\n|faint|p2a: Articuno\n|-ability|p1b: Calyrex|Grim Neigh|boost\n|-boost|p1b: Calyrex|spa|1\n|\n|upkeep\n|\n|t:|1775663964\n|switch|p2a: Arcanine|Arcanine-Hisui, L50, M, shiny|100/100\n|-ability|p2a: Arcanine|Intimidate|boost\n|-unboost|p1a: Scream Tail|atk|1\n|-unboost|p1b: Calyrex|atk|1\n|turn|7\n|\n|t:|1775663994\n|-terastallize|p1b: Calyrex|Water\n|-terastallize|p2a: Arcanine|Ghost\n|move|p2b: Ogerpon|Spiky Shield|p2b: Ogerpon\n|-singleturn|p2b: Ogerpon|move: Protect\n|move|p1a: Scream Tail|Dazzling Gleam|p2b: Ogerpon|[spread] p2a\n|-activate|p2b: Ogerpon|move: Protect\n|-damage|p2a: Arcanine|90/100\n|move|p1b: Calyrex|Astral Barrage|p2b: Ogerpon|[spread] p2a\n|-activate|p2b: Ogerpon|move: Protect\n|-supereffective|p2a: Arcanine\n|-damage|p2a: Arcanine|0 fnt\n|faint|p2a: Arcanine\n|-ability|p1b: Calyrex|Grim Neigh|boost\n|-boost|p1b: Calyrex|spa|1\n|\n|upkeep\n|\n|t:|1775664011\n|switch|p2a: Ninetales|Ninetales-Alola, L50, M|100/100\n|-weather|Snowscape|[from] ability: Snow Warning|[of] p2a: Ninetales\n|turn|8\n|\n|t:|1775664023\n|move|p1a: Scream Tail|Dazzling Gleam|p2b: Ogerpon|[spread] p2a,p2b\n|-damage|p2a: Ninetales|89/100\n|-damage|p2b: Ogerpon|5/100\n|move|p1b: Calyrex|Astral Barrage|p2b: Ogerpon|[spread] p2a,p2b\n|-damage|p2a: Ninetales|0 fnt\n|-damage|p2b: Ogerpon|0 fnt\n|faint|p2a: Ninetales\n|faint|p2b: Ogerpon\n|\n|win|ppyyy\n","uploadtime":1775664025,"views":7,"formatid":"gen9vgc2026regi","rating":null,"private":0,"password":null}