{"id":"gen9vgc2026regi-2552623933","format":"[Gen 9] VGC 2026 Reg I","players":["Pokemonst3r","luckstat10"],"log":"|j|\u2606Pokemonst3r\n|j|\u2606luckstat10\n|t:|1772737950\n|gametype|doubles\n|player|p1|Pokemonst3r|266|1498\n|player|p2|luckstat10|102|1435\n|gen|9\n|tier|[Gen 9] VGC 2026 Reg I\n|rated|\n|rule|Species Clause: Limit one of each Pok\u00e9mon\n|rule|Item Clause: Limit 1 of each item\n|clearpoke\n|poke|p1|Chien-Pao, L50|\n|poke|p1|Calyrex-Shadow, L50|\n|poke|p1|Dondozo, L50, M|\n|poke|p1|Zamazenta-*, L50|\n|poke|p1|Dragonite, L50, F|\n|poke|p1|Tatsugiri, L50, M|\n|poke|p2|Miraidon, L50|\n|poke|p2|Ursaluna, L50, F|\n|poke|p2|Grimmsnarl, L50, M|\n|poke|p2|Volcarona, L50, F|\n|poke|p2|Calyrex-Ice, L50|\n|poke|p2|Ogerpon-Cornerstone, L50, F|\n|teampreview|4\n|inactive|Battle timer is ON: inactive players will automatically lose when time's up. (requested by Pokemonst3r)\n|\n|t:|1772737976\n|teamsize|p1|4\n|teamsize|p2|4\n|start\n|switch|p1a: Dondozo|Dondozo, L50, M|100/100\n|switch|p1b: Calyrex|Calyrex-Shadow, L50|100/100\n|switch|p2a: Loki|Grimmsnarl, L50, M, shiny|100/100\n|switch|p2b: Zeus|Miraidon, L50|100/100\n|-ability|p1b: Calyrex|As One\n|-ability|p1b: Calyrex|Unnerve\n|-fieldstart|move: Electric Terrain|[from] ability: Hadron Engine|[of] p2b: Zeus\n|turn|1\n|inactive|Pokemonst3r has 30 seconds left.\n|\n|t:|1772738005\n|switch|p1b: Tatsugiri|Tatsugiri, L50, M|100/100\n|-activate|p1b: Tatsugiri|ability: Commander|[of] p1a: Dondozo\n|-boost|p1a: Dondozo|atk|2\n|-boost|p1a: Dondozo|spa|2\n|-boost|p1a: Dondozo|spe|2\n|-boost|p1a: Dondozo|def|2\n|-boost|p1a: Dondozo|spd|2\n|-terastallize|p1a: Dondozo|Grass\n|move|p2a: Loki|Light Screen|p2a: Loki\n|-sidestart|p2: luckstat10|move: Light Screen\n|move|p2b: Zeus|Volt Switch|p1a: Dondozo\n|-resisted|p1a: Dondozo\n|-damage|p1a: Dondozo|86/100\n|\n|t:|1772738018\n|switch|p2b: Mothra|Volcarona, L50, F, shiny|100/100|[from] Volt Switch\n|-enditem|p2b: Mothra|Electric Seed\n|-boost|p2b: Mothra|def|1|[from] item: Electric Seed\n|move|p1a: Dondozo|Order Up|p2b: Mothra\n|-damage|p2b: Mothra|48/100\n|-boost|p1a: Dondozo|atk|1\n|\n|-heal|p1a: Dondozo|92/100|[from] item: Leftovers\n|upkeep\n|turn|2\n|\n|t:|1772738034\n|move|p2b: Mothra|Protect|p2b: Mothra\n|-singleturn|p2b: Mothra|Protect\n|move|p2a: Loki|Reflect|p2a: Loki\n|-sidestart|p2: luckstat10|Reflect\n|move|p1a: Dondozo|Order Up|p2b: Mothra\n|-activate|p2b: Mothra|move: Protect\n|\n|-heal|p1a: Dondozo|98/100|[from] item: Leftovers\n|upkeep\n|turn|3\n|\n|t:|1772738049\n|move|p2a: Loki|Thunder Wave|p1a: Dondozo\n|-status|p1a: Dondozo|par\n|move|p2b: Mothra|Fiery Dance|p1a: Dondozo\n|-supereffective|p1a: Dondozo\n|-crit|p1a: Dondozo\n|-damage|p1a: Dondozo|0 fnt\n|-boost|p2b: Mothra|spa|1\n|faint|p1a: Dondozo\n|\n|upkeep\n|\n|t:|1772738058\n|switch|p1a: Calyrex|Calyrex-Shadow, L50|100/100\n|-ability|p1a: Calyrex|As One\n|-ability|p1a: Calyrex|Unnerve\n|turn|4\n|\n|t:|1772738072\n|-terastallize|p2b: Mothra|Grass\n|move|p2a: Loki|Thunder Wave|p1a: Calyrex\n|-status|p1a: Calyrex|par\n|move|p1a: Calyrex|Astral Barrage|p2b: Mothra|[spread] p2a,p2b\n|-resisted|p2a: Loki\n|-damage|p2a: Loki|82/100\n|-damage|p2b: Mothra|11/100\n|move|p2b: Mothra|Giga Drain|p1b: Tatsugiri\n|-damage|p1b: Tatsugiri|52/100\n|-heal|p2b: Mothra|31/100|[from] drain|[of] p1b: Tatsugiri\n|move|p1b: Tatsugiri|Muddy Water|p2a: Loki|[spread] p2b\n|-miss|p1b: Tatsugiri|p2a: Loki\n|-resisted|p2b: Mothra\n|-damage|p2b: Mothra|21/100\n|\n|upkeep\n|turn|5\n|\n|t:|1772738093\n|move|p2b: Mothra|Protect|p2b: Mothra\n|-singleturn|p2b: Mothra|Protect\n|move|p1a: Calyrex|Astral Barrage|p2b: Mothra|[spread] p2a\n|-activate|p2b: Mothra|move: Protect\n|-resisted|p2a: Loki\n|-damage|p2a: Loki|66/100\n|move|p1b: Tatsugiri|Draco Meteor|p2b: Mothra\n|-activate|p2b: Mothra|move: Protect\n|move|p2a: Loki|Spirit Break|p1a: Calyrex\n|-damage|p1a: Calyrex|66/100 par\n|-unboost|p1a: Calyrex|spa|1\n|\n|-sideend|p2: luckstat10|move: Light Screen\n|-fieldend|move: Electric Terrain\n|upkeep\n|turn|6\n|j| globalfish39\n|inactive|luckstat10 has 30 seconds left.\n|\n|t:|1772738125\n|move|p2a: Loki|Light Screen|p2a: Loki\n|-sidestart|p2: luckstat10|move: Light Screen\n|move|p1a: Calyrex|Astral Barrage|p2a: Loki|[spread] p2a,p2b\n|-resisted|p2a: Loki\n|-damage|p2a: Loki|55/100\n|-damage|p2b: Mothra|0 fnt\n|faint|p2b: Mothra\n|-ability|p1a: Calyrex|Grim Neigh|boost\n|-boost|p1a: Calyrex|spa|1\n|move|p1b: Tatsugiri|Muddy Water|p2a: Loki\n|-damage|p2a: Loki|28/100\n|\n|-sideend|p2: luckstat10|Reflect\n|upkeep\n|\n|t:|1772738132\n|switch|p2b: Zeus|Miraidon, L50|100/100\n|-fieldstart|move: Electric Terrain|[from] ability: Hadron Engine|[of] p2b: Zeus\n|turn|7\n|\n|t:|1772738144\n|move|p2b: Zeus|Electro Drift|p1b: Tatsugiri\n|-damage|p1b: Tatsugiri|0 fnt\n|faint|p1b: Tatsugiri\n|move|p1a: Calyrex|Astral Barrage|p2b: Zeus|[spread] p2a,p2b\n|-resisted|p2a: Loki\n|-damage|p2a: Loki|10/100\n|-damage|p2b: Zeus|67/100\n|move|p2a: Loki|Spirit Break|p1a: Calyrex\n|-damage|p1a: Calyrex|30/100 par\n|-unboost|p1a: Calyrex|spa|1\n|\n|upkeep\n|\n|t:|1772738156\n|switch|p1b: Zamazenta|Zamazenta-Crowned, L50|100/100\n|-ability|p1b: Zamazenta|Dauntless Shield|boost\n|-boost|p1b: Zamazenta|def|1\n|turn|8\n|\n|t:|1772738170\n|move|p2a: Loki|Reflect|p2a: Loki\n|-sidestart|p2: luckstat10|Reflect\n|move|p2b: Zeus|Electro Drift|p1b: Zamazenta\n|-damage|p1b: Zamazenta|30/100\n|move|p1b: Zamazenta|Body Press|p2b: Zeus\n|-damage|p2b: Zeus|22/100\n|move|p1a: Calyrex|Astral Barrage|p2b: Zeus|[spread] p2a,p2b\n|-resisted|p2a: Loki\n|-damage|p2a: Loki|0 fnt\n|-damage|p2b: Zeus|0 fnt\n|faint|p2a: Loki\n|faint|p2b: Zeus\n|-ability|p1a: Calyrex|Grim Neigh|boost\n|-boost|p1a: Calyrex|spa|2\n|\n|upkeep\n|\n|t:|1772738177\n|switch|p2b: Ogerpon|Ogerpon-Cornerstone, L50, F|100/100\n|turn|9\n|\n|t:|1772738188\n|move|p2b: Ogerpon|Ivy Cudgel|p1a: Calyrex|[anim] Ivy Cudgel Rock\n|-damage|p1a: Calyrex|0 fnt\n|faint|p1a: Calyrex\n|move|p1b: Zamazenta|Behemoth Bash|p2b: Ogerpon\n|-supereffective|p2b: Ogerpon\n|-damage|p2b: Ogerpon|26/100\n|\n|upkeep\n|turn|10\n|\n|t:|1772738201\n|move|p2b: Ogerpon|Ivy Cudgel|p1b: Zamazenta|[anim] Ivy Cudgel Rock\n|-resisted|p1b: Zamazenta\n|-damage|p1b: Zamazenta|24/100\n|move|p1b: Zamazenta|Behemoth Bash|p2b: Ogerpon\n|-supereffective|p2b: Ogerpon\n|-damage|p2b: Ogerpon|0 fnt\n|faint|p2b: Ogerpon\n|\n|win|Pokemonst3r\n|raw|Pokemonst3r's rating: 1498 &rarr; <strong>1514</strong><br />(+16 for winning)\n|raw|luckstat10's rating: 1435 &rarr; <strong>1419</strong><br />(-16 for losing)\n|l|\u2606luckstat10\n|player|p2|\n|l|\u2606Pokemonst3r\n|player|p1|\n|l| globalfish39\n","uploadtime":1772738410,"views":15,"formatid":"gen9vgc2026regi","rating":1419,"private":0,"password":null}