{"id":"gen9vgc2026regi-2546732434","format":"[Gen 9] VGC 2026 Reg I","players":["New Player IG","Billlmads"],"log":"|j|\u2606New Player IG\n|j|\u2606Billlmads\n|t:|1772001740\n|gametype|doubles\n|player|p1|New Player IG|roxanne-masters|1402\n|player|p2|Billlmads|winona|1506\n|gen|9\n|tier|[Gen 9] VGC 2026 Reg I\n|rated|\n|rule|Species Clause: Limit one of each Pok\u00e9mon\n|rule|Item Clause: Limit 1 of each item\n|clearpoke\n|poke|p1|Miraidon, L50|\n|poke|p1|Lunala, L50|\n|poke|p1|Incineroar, L50, F|\n|poke|p1|Whimsicott, L50, M|\n|poke|p1|Ursaluna, L50, M|\n|poke|p1|Urshifu-*, L50, F|\n|poke|p2|Miraidon, L50|\n|poke|p2|Lunala, L50|\n|poke|p2|Whimsicott, L50, F|\n|poke|p2|Incineroar, L50, M|\n|poke|p2|Urshifu-*, L50, M|\n|poke|p2|Ursaluna, L50, M|\n|teampreview|4\n|inactive|Battle timer is ON: inactive players will automatically lose when time's up. (requested by New Player IG)\n|\n|t:|1772001774\n|teamsize|p1|4\n|teamsize|p2|4\n|start\n|switch|p1a: Lunala|Lunala, L50|100/100\n|switch|p1b: Incineroar|Incineroar, L50, F|100/100\n|switch|p2a: Lunala|Lunala, L50, shiny|100/100\n|switch|p2b: Incineroar|Incineroar, L50, M, shiny|100/100\n|-ability|p2b: Incineroar|Intimidate|boost\n|-unboost|p1a: Lunala|atk|1\n|-unboost|p1b: Incineroar|atk|1\n|-ability|p1b: Incineroar|Intimidate|boost\n|-unboost|p2a: Lunala|atk|1\n|-unboost|p2b: Incineroar|atk|1\n|turn|1\n|inactive|Billlmads has 30 seconds left.\n|\n|t:|1772001799\n|switch|p2a: Ursaluna|Ursaluna, L50, M|100/100\n|-terastallize|p1a: Lunala|Fairy\n|move|p2b: Incineroar|Fake Out|p1b: Incineroar\n|-damage|p1b: Incineroar|95/100\n|cant|p1b: Incineroar|flinch\n|move|p1a: Lunala|Moongeist Beam|p2a: Ursaluna\n|-immune|p2a: Ursaluna\n|\n|-status|p2a: Ursaluna|brn|[from] item: Flame Orb\n|upkeep\n|turn|2\n|\n|t:|1772001817\n|move|p2a: Ursaluna|Protect|p2a: Ursaluna\n|-singleturn|p2a: Ursaluna|Protect\n|move|p1a: Lunala|Moonblast|p2a: Ursaluna\n|-activate|p2a: Ursaluna|move: Protect\n|move|p2b: Incineroar|U-turn|p1a: Lunala\n|-resisted|p1a: Lunala\n|-damage|p1a: Lunala|98/100\n|\n|t:|1772001836\n|switch|p2b: Miraidon|Miraidon, L50|100/100|[from] U-turn\n|-fieldstart|move: Electric Terrain|[from] ability: Hadron Engine|[of] p2b: Miraidon\n|-enditem|p1a: Lunala|Electric Seed\n|-boost|p1a: Lunala|def|1|[from] item: Electric Seed\n|move|p1b: Incineroar|U-turn|p2b: Miraidon\n|-damage|p2b: Miraidon|91/100\n|\n|t:|1772001841\n|switch|p1b: Ursaluna|Ursaluna, L50, M|100/100|[from] U-turn\n|\n|-damage|p2a: Ursaluna|95/100 brn|[from] brn\n|-status|p1b: Ursaluna|brn|[from] item: Flame Orb\n|upkeep\n|turn|3\n|\n|t:|1772001857\n|switch|p1b: Incineroar|Incineroar, L50, F|95/100\n|-ability|p1b: Incineroar|Intimidate|boost\n|-unboost|p2a: Ursaluna|atk|1\n|-unboost|p2b: Miraidon|atk|1\n|move|p2b: Miraidon|Volt Switch|p1a: Lunala\n|-crit|p1a: Lunala\n|-damage|p1a: Lunala|0 fnt\n|faint|p1a: Lunala\n|c|\u2606New Player IG|Nah the crit mattered\n|c|\u2606Billlmads|sorry\n|\n|t:|1772001874\n|switch|p2b: Incineroar|Incineroar, L50, M, shiny|100/100|[from] Volt Switch\n|-ability|p2b: Incineroar|Intimidate|boost\n|-unboost|p1b: Incineroar|atk|1\n|move|p2a: Ursaluna|Facade|p1b: Incineroar\n|-damage|p1b: Incineroar|32/100\n|\n|-damage|p2a: Ursaluna|89/100 brn|[from] brn\n|upkeep\n|c|\u2606New Player IG|Welp it is what it is\n|c|\u2606Billlmads|ik\n|\n|t:|1772001890\n|switch|p1a: Ursaluna|Ursaluna, L50, M|100/100 brn\n|turn|4\n|c|\u2606Billlmads|crit definitely mattered\n|\n|t:|1772001908\n|move|p2b: Incineroar|Fake Out|p1a: Ursaluna\n|-damage|p1a: Ursaluna|93/100 brn\n|move|p1b: Incineroar|U-turn|p2a: Ursaluna\n|-damage|p2a: Ursaluna|79/100 brn\n|\n|t:|1772001911\n|switch|p1b: Miraidon|Miraidon, L50|100/100|[from] U-turn\n|-activate|p1b: Miraidon|ability: Hadron Engine\n|move|p2a: Ursaluna|Facade|p1b: Miraidon\n|-damage|p1b: Miraidon|30/100\n|cant|p1a: Ursaluna|flinch\n|\n|-damage|p1a: Ursaluna|87/100 brn|[from] brn\n|-damage|p2a: Ursaluna|73/100 brn|[from] brn\n|upkeep\n|turn|5\n|\n|t:|1772001929\n|move|p2a: Ursaluna|Protect|p2a: Ursaluna\n|-singleturn|p2a: Ursaluna|Protect\n|move|p1b: Miraidon|Electro Drift|p2a: Ursaluna\n|-activate|p2a: Ursaluna|move: Protect\n|move|p2b: Incineroar|U-turn|p1b: Miraidon\n|-damage|p1b: Miraidon|14/100\n|\n|t:|1772001941\n|switch|p2b: Lunala|Lunala, L50, shiny|100/100|[from] U-turn\n|-enditem|p2b: Lunala|Electric Seed\n|-boost|p2b: Lunala|def|1|[from] item: Electric Seed\n|move|p1a: Ursaluna|Headlong Rush|p2b: Lunala\n|-damage|p2b: Lunala|75/100\n|-unboost|p1a: Ursaluna|def|1\n|-unboost|p1a: Ursaluna|spd|1\n|\n|-damage|p1a: Ursaluna|81/100 brn|[from] brn\n|-damage|p2a: Ursaluna|67/100 brn|[from] brn\n|upkeep\n|turn|6\n|c|\u2606New Player IG|\u2026i just misclicked too\u2026 I meant to draco\n|inactive|Billlmads has 30 seconds left.\n|inactive|Billlmads has 20 seconds left.\n|\n|t:|1772001979\n|switch|p2b: Incineroar|Incineroar, L50, M, shiny|100/100\n|-ability|p2b: Incineroar|Intimidate|boost\n|-unboost|p1a: Ursaluna|atk|1\n|-unboost|p1b: Miraidon|atk|1\n|move|p1b: Miraidon|Electro Drift|p2b: Incineroar\n|-damage|p2b: Incineroar|17/100\n|move|p2a: Ursaluna|Facade|p1b: Miraidon\n|-damage|p1b: Miraidon|0 fnt\n|faint|p1b: Miraidon\n|move|p1a: Ursaluna|Facade|p2a: Ursaluna\n|-damage|p2a: Ursaluna|3/100 brn\n|\n|-damage|p2a: Ursaluna|0 fnt|[from] brn\n|faint|p2a: Ursaluna\n|-damage|p1a: Ursaluna|75/100 brn|[from] brn\n|-fieldend|move: Electric Terrain\n|upkeep\n|\n|t:|1772001991\n|switch|p1b: Incineroar|Incineroar, L50, F|32/100\n|switch|p2a: Miraidon|Miraidon, L50|91/100\n|-fieldstart|move: Electric Terrain|[from] ability: Hadron Engine|[of] p2a: Miraidon\n|-ability|p1b: Incineroar|Intimidate|boost\n|-unboost|p2a: Miraidon|atk|1\n|-unboost|p2b: Incineroar|atk|1\n|turn|7\n|c|\u2606New Player IG|Ggs\n|c|\u2606New Player IG|I can\u2019t even save myself, I\u2019m min speed incin\n|inactive|New Player IG has 30 seconds left.\n|\n|t:|1772002017\n|move|p1a: Ursaluna|Protect|p1a: Ursaluna\n|-singleturn|p1a: Ursaluna|Protect\n|move|p2b: Incineroar|Fake Out|p1a: Ursaluna\n|-activate|p1a: Ursaluna|move: Protect\n|move|p1b: Incineroar|Fake Out|p2a: Miraidon\n|-damage|p2a: Miraidon|81/100\n|cant|p2a: Miraidon|flinch\n|\n|-damage|p1a: Ursaluna|70/100 brn|[from] brn\n|upkeep\n|turn|8\n|\n|t:|1772002033\n|-terastallize|p2a: Miraidon|Fairy\n|move|p2a: Miraidon|Dazzling Gleam|p1a: Ursaluna|[spread] p1a,p1b\n|-damage|p1a: Ursaluna|0 fnt\n|-damage|p1b: Incineroar|0 fnt\n|faint|p1a: Ursaluna\n|faint|p1b: Incineroar\n|\n|win|Billlmads\n|raw|New Player IG's rating: 1402 &rarr; <strong>1388</strong><br />(-14 for losing)\n|raw|Billlmads's rating: 1506 &rarr; <strong>1520</strong><br />(+14 for winning)\n|c|\u2606Billlmads|y min speed?\n|c|\u2606New Player IG|For moving b4 a good amount of CIR, so that if they attack and I wanna switch in Ursaluna, I don\u2019t get any dmg on the bear\n|c|\u2606New Player IG|Cuz lots of CIR aren\u2019t going min speed\n|c|\u2606Billlmads|but min speed incin is not for this team\n|c|\u2606New Player IG|No it actually works rly well\n|c|\u2606Billlmads|ight\n|c|\u2606Billlmads|ggs\n|c|\u2606New Player IG|Ggs\n","uploadtime":1772002203,"views":13,"formatid":"gen9vgc2026regi","rating":1388,"private":0,"password":null}