{"id":"gen9vgc2026regi-2578823315","format":"[Gen 9] VGC 2026 Reg I","players":["fogdocker","asroarri"],"log":"|j|\u2606fogdocker\n|j|\u2606asroarri\n|t:|1775723509\n|gametype|doubles\n|player|p1|fogdocker|170|1483\n|player|p2|asroarri|dawn|1532\n|gen|9\n|tier|[Gen 9] VGC 2026 Reg I\n|rated|\n|rule|Species Clause: Limit one of each Pok\u00e9mon\n|rule|Item Clause: Limit 1 of each item\n|clearpoke\n|poke|p1|Calyrex-Ice, L50|\n|poke|p1|Koraidon, L50|\n|poke|p1|Flutter Mane, L50|\n|poke|p1|Incineroar, L50, F|\n|poke|p1|Rillaboom, L50, F|\n|poke|p1|Volcarona, L50, F|\n|poke|p2|Calyrex-Ice, L50|\n|poke|p2|Miraidon, L50|\n|poke|p2|Iron Hands, L50|\n|poke|p2|Farigiraf, L50, F|\n|poke|p2|Torkoal, L50, M|\n|poke|p2|Smeargle, L50, M|\n|teampreview|4\n|inactive|Battle timer is ON: inactive players will automatically lose when time's up. (requested by asroarri)\n|inactive|fogdocker also wants the timer to be on.\n|\n|t:|1775723533\n|teamsize|p1|4\n|teamsize|p2|4\n|start\n|switch|p1a: Calyrex|Calyrex-Ice, L50|100/100\n|switch|p1b: Rillaboom|Rillaboom, L50, F|100/100\n|switch|p2a: Calyrex|Calyrex-Ice, L50|100/100\n|switch|p2b: Iron Hands|Iron Hands, L50|100/100\n|-ability|p1a: Calyrex|As One\n|-ability|p1a: Calyrex|Unnerve\n|-ability|p2a: Calyrex|As One\n|-ability|p2a: Calyrex|Unnerve\n|-fieldstart|move: Grassy Terrain|[from] ability: Grassy Surge|[of] p1b: Rillaboom\n|turn|1\n|\n|t:|1775723546\n|switch|p1b: Incineroar|Incineroar, L50, F|100/100\n|-ability|p1b: Incineroar|Intimidate|boost\n|-fail|p2a: Calyrex|unboost|[from] item: Clear Amulet|[of] p2a: Calyrex\n|-unboost|p2b: Iron Hands|atk|1\n|move|p2b: Iron Hands|Fake Out|p1a: Calyrex\n|-damage|p1a: Calyrex|94/100\n|cant|p1a: Calyrex|flinch\n|move|p2a: Calyrex|Glacial Lance|p1b: Incineroar|[spread] p1a,p1b\n|-resisted|p1a: Calyrex\n|-resisted|p1b: Incineroar\n|-damage|p1a: Calyrex|78/100\n|-damage|p1b: Incineroar|76/100\n|\n|-heal|p1b: Incineroar|82/100|[from] Grassy Terrain\n|-heal|p1a: Calyrex|84/100|[from] Grassy Terrain\n|-heal|p1a: Calyrex|90/100|[from] item: Leftovers\n|upkeep\n|turn|2\n|inactive|asroarri has 30 seconds left.\n|\n|t:|1775723577\n|-end|p2b: Iron Hands|Quark Drive|[silent]\n|switch|p2b: Farigiraf|Farigiraf, L50, F|100/100\n|move|p1b: Incineroar|Parting Shot|p2b: Farigiraf\n|-unboost|p2b: Farigiraf|atk|1\n|-unboost|p2b: Farigiraf|spa|1\n|\n|t:|1775723581\n|switch|p1b: Rillaboom|Rillaboom, L50, F|100/100|[from] Parting Shot\n|move|p2a: Calyrex|High Horsepower|p1b: Rillaboom\n|-resisted|p1b: Rillaboom\n|-damage|p1b: Rillaboom|79/100\n|move|p1a: Calyrex|Leech Seed|p2a: Calyrex\n|-start|p2a: Calyrex|move: Leech Seed\n|\n|-heal|p1b: Rillaboom|85/100|[from] Grassy Terrain\n|-heal|p1a: Calyrex|96/100|[from] Grassy Terrain\n|-heal|p1a: Calyrex|100/100|[from] item: Leftovers\n|-damage|p2a: Calyrex|88/100|[from] Leech Seed|[of] p1a: Calyrex\n|upkeep\n|turn|3\n|j| SaltyCore69\n|\n|t:|1775723594\n|switch|p2a: Iron Hands|Iron Hands, L50|100/100\n|move|p1b: Rillaboom|U-turn|p2a: Iron Hands\n|-resisted|p2a: Iron Hands\n|-damage|p2a: Iron Hands|93/100\n|\n|t:|1775723613\n|switch|p1b: Koraidon|Koraidon, L50|100/100|[from] U-turn\n|-weather|SunnyDay|[from] ability: Orichalcum Pulse|[of] p1b: Koraidon\n|-activate|p1b: Koraidon|Orichalcum Pulse|[source]\n|move|p2b: Farigiraf|Foul Play|p1a: Calyrex\n|-supereffective|p1a: Calyrex\n|-damage|p1a: Calyrex|63/100\n|move|p1a: Calyrex|Leech Seed|p2b: Farigiraf\n|-start|p2b: Farigiraf|move: Leech Seed\n|\n|-weather|SunnyDay|[upkeep]\n|-heal|p2a: Iron Hands|99/100|[from] Grassy Terrain\n|-heal|p1a: Calyrex|69/100|[from] Grassy Terrain\n|-heal|p1a: Calyrex|74/100|[from] item: Leftovers\n|-damage|p2b: Farigiraf|88/100|[from] Leech Seed|[of] p1a: Calyrex\n|-heal|p1a: Calyrex|88/100|[silent]\n|upkeep\n|turn|4\n|inactive|asroarri has 30 seconds left.\n|\n|t:|1775723640\n|switch|p2b: Calyrex|Calyrex-Ice, L50|88/100\n|-ability|p2b: Calyrex|As One\n|-ability|p2b: Calyrex|Unnerve\n|move|p1b: Koraidon|Protect|p1b: Koraidon\n|-singleturn|p1b: Koraidon|Protect\n|move|p2a: Iron Hands|Fake Out|p1b: Koraidon\n|-activate|p1b: Koraidon|move: Protect\n|move|p1a: Calyrex|Glacial Lance|p2b: Calyrex|[spread] p2a,p2b\n|-resisted|p2b: Calyrex\n|-damage|p2a: Iron Hands|68/100\n|-damage|p2b: Calyrex|73/100\n|\n|-weather|SunnyDay|[upkeep]\n|-heal|p2b: Calyrex|79/100|[from] Grassy Terrain\n|-heal|p2a: Iron Hands|74/100|[from] Grassy Terrain\n|-heal|p1a: Calyrex|94/100|[from] Grassy Terrain\n|-heal|p1a: Calyrex|99/100|[from] item: Leftovers\n|upkeep\n|turn|5\n|inactive|asroarri has 30 seconds left.\n|\n|t:|1775723671\n|-terastallize|p1b: Koraidon|Fire\n|-terastallize|p2b: Calyrex|Ground\n|move|p1b: Koraidon|Flare Blitz|p2a: Iron Hands\n|-damage|p2a: Iron Hands|0 fnt\n|faint|p2a: Iron Hands\n|-end|p2a: Iron Hands|Quark Drive|[silent]\n|-damage|p1b: Koraidon|66/100|[from] Recoil\n|-damage|p1b: Koraidon|56/100|[from] item: Life Orb\n|move|p1a: Calyrex|Leech Seed|p2b: Calyrex\n|-start|p2b: Calyrex|move: Leech Seed\n|move|p2b: Calyrex|Trick Room|p2b: Calyrex\n|-fieldstart|move: Trick Room|[of] p2b: Calyrex\n|\n|-weather|SunnyDay|[upkeep]\n|-heal|p2b: Calyrex|85/100|[from] Grassy Terrain\n|-heal|p1a: Calyrex|100/100|[from] Grassy Terrain\n|-heal|p1b: Koraidon|62/100|[from] Grassy Terrain\n|-damage|p2b: Calyrex|73/100|[from] Leech Seed|[of] p1a: Calyrex\n|-fieldend|move: Grassy Terrain\n|upkeep\n|\n|t:|1775723681\n|switch|p2a: Farigiraf|Farigiraf, L50, F|88/100\n|turn|6\n|\n|t:|1775723691\n|switch|p1b: Incineroar|Incineroar, L50, F|82/100\n|-ability|p1b: Incineroar|Intimidate|boost\n|-unboost|p2a: Farigiraf|atk|1\n|-fail|p2b: Calyrex|unboost|[from] item: Clear Amulet|[of] p2b: Calyrex\n|move|p1a: Calyrex|Glacial Lance|p2a: Farigiraf|[spread] p2a,p2b\n|-supereffective|p2b: Calyrex\n|-damage|p2a: Farigiraf|35/100\n|-damage|p2b: Calyrex|9/100\n|move|p2b: Calyrex|High Horsepower|p1b: Incineroar\n|-supereffective|p1b: Incineroar\n|-damage|p1b: Incineroar|0 fnt\n|faint|p1b: Incineroar\n|-ability|p2b: Calyrex|Chilling Neigh|boost\n|-boost|p2b: Calyrex|atk|1\n|move|p2a: Farigiraf|Foul Play|p1a: Calyrex\n|-supereffective|p1a: Calyrex\n|-damage|p1a: Calyrex|65/100\n|\n|-weather|SunnyDay|[upkeep]\n|-heal|p1a: Calyrex|71/100|[from] item: Leftovers\n|-damage|p2b: Calyrex|0 fnt|[from] Leech Seed|[of] p1a: Calyrex\n|-heal|p1a: Calyrex|79/100|[silent]\n|faint|p2b: Calyrex\n|upkeep\n|-message|asroarri forfeited.\n|\n|win|fogdocker\n|raw|fogdocker's rating: 1483 &rarr; <strong>1506</strong><br />(+23 for winning)\n|raw|asroarri's rating: 1532 &rarr; <strong>1509</strong><br />(-23 for losing)\n|l|\u2606asroarri\n|player|p2|\n|l|\u2606fogdocker\n|player|p1|\n|l| SaltyCore69\n","uploadtime":1775723944,"views":9,"formatid":"gen9vgc2026regi","rating":1506,"private":0,"password":null}