{"id":"gen9vgc2026regi-2563307715","format":"[Gen 9] VGC 2026 Reg I","players":["Mirthinion","ScribbleScribble"],"log":"|j|\u2606Mirthinion\n|j|\u2606ScribbleScribble\n|t:|1774014837\n|gametype|doubles\n|player|p1|Mirthinion|janitor|1360\n|player|p2|ScribbleScribble|mina-lgpe|1634\n|gen|9\n|tier|[Gen 9] VGC 2026 Reg I\n|rated|\n|rule|Species Clause: Limit one of each Pok\u00e9mon\n|rule|Item Clause: Limit 1 of each item\n|clearpoke\n|poke|p1|Calyrex-Shadow, L50|\n|poke|p1|Zamazenta-*, L50|\n|poke|p1|Urshifu-*, L50, M|\n|poke|p1|Incineroar, L50, M|\n|poke|p1|Rillaboom, L50, M|\n|poke|p1|Tornadus, L50, M|\n|poke|p2|Calyrex-Ice, L50|\n|poke|p2|Kyogre, L50|\n|poke|p2|Tornadus, L50, M|\n|poke|p2|Indeedee-F, L50, F|\n|poke|p2|Urshifu-*, L50, M|\n|poke|p2|Landorus, L50, M|\n|teampreview|4\n|inactive|Battle timer is ON: inactive players will automatically lose when time's up. (requested by ScribbleScribble)\n|inactive|Mirthinion also wants the timer to be on.\nMirthinion rejected open team sheets.\n|inactive|Mirthinion has 60 seconds left.\n|\n|t:|1774014894\n|teamsize|p1|4\n|teamsize|p2|4\n|start\n|switch|p1a: Mithrandir|Calyrex-Shadow, L50|100/100\n|switch|p1b: Vangwe|Tornadus, L50, M|100/100\n|switch|p2a: Tornadus|Tornadus, L50, M|100/100\n|switch|p2b: Landorus|Landorus, L50, M|100/100\n|-ability|p1a: Mithrandir|As One\n|-ability|p1a: Mithrandir|Unnerve\n|turn|1\n|inactive|Mirthinion has 30 seconds left.\n|inactive|Mirthinion has 20 seconds left.\n|inactive|Mirthinion has 15 seconds left.\n|\n|t:|1774014936\n|move|p1a: Mithrandir|Protect|p1a: Mithrandir\n|-singleturn|p1a: Mithrandir|Protect\n|move|p2a: Tornadus|Taunt|p1b: Vangwe\n|-start|p1b: Vangwe|move: Taunt\n|cant|p1b: Vangwe|move: Taunt|Taunt\n|move|p2b: Landorus|Sandsear Storm|p1b: Vangwe|[spread] \n|-activate|p1a: Mithrandir|move: Protect\n|-immune|p1b: Vangwe\n|\n|upkeep\n|turn|2\n|\n|t:|1774014946\n|move|p2a: Tornadus|Tailwind|p2a: Tornadus\n|-sidestart|p2: ScribbleScribble|move: Tailwind\n|move|p2b: Landorus|Earth Power|p1a: Mithrandir\n|-damage|p1a: Mithrandir|30/100\n|move|p1a: Mithrandir|Astral Barrage|p2b: Landorus|[spread] p2a,p2b\n|-damage|p2a: Tornadus|28/100\n|-damage|p2b: Landorus|46/100\n|move|p1b: Vangwe|Bleakwind Storm|p2b: Landorus|[spread] p2a,p2b\n|-damage|p2a: Tornadus|0 fnt\n|-damage|p2b: Landorus|8/100\n|faint|p2a: Tornadus\n|\n|upkeep\n|\n|t:|1774014950\n|switch|p2a: Kyogre|Kyogre, L50|100/100\n|-weather|RainDance|[from] ability: Drizzle|[of] p2a: Kyogre\n|turn|3\n|\n|t:|1774014963\n|switch|p1b: Hoplite|Rillaboom, L50, M|100/100\n|-fieldstart|move: Grassy Terrain|[from] ability: Grassy Surge|[of] p1b: Hoplite\n|move|p1a: Mithrandir|Protect|p1a: Mithrandir\n|-singleturn|p1a: Mithrandir|Protect\n|move|p2a: Kyogre|Water Spout|p1a: Mithrandir|[spread] p1b\n|-activate|p1a: Mithrandir|move: Protect\n|-resisted|p1b: Hoplite\n|-damage|p1b: Hoplite|59/100\n|move|p2b: Landorus|Sludge Bomb|p1b: Hoplite\n|-supereffective|p1b: Hoplite\n|-damage|p1b: Hoplite|0 fnt\n|faint|p1b: Hoplite\n|\n|-weather|RainDance|[upkeep]\n|-heal|p1a: Mithrandir|36/100|[from] Grassy Terrain\n|upkeep\n|\n|t:|1774014980\n|switch|p1b: Vangwe|Tornadus, L50, M|100/100\n|turn|4\n|\n|t:|1774014999\n|switch|p2b: Indeedee|Indeedee-F, L50, F, shiny|100/100\n|-fieldstart|move: Psychic Terrain|[from] ability: Psychic Surge|[of] p2b: Indeedee\n|-enditem|p2b: Indeedee|Psychic Seed\n|-boost|p2b: Indeedee|spd|1|[from] item: Psychic Seed\n|move|p1b: Vangwe|Tailwind|p1b: Vangwe\n|-sidestart|p1: Mirthinion|move: Tailwind\n|move|p1a: Mithrandir|Astral Barrage|p2b: Indeedee|[spread] p2a\n|-immune|p2b: Indeedee\n|-crit|p2a: Kyogre\n|-damage|p2a: Kyogre|43/100\n|move|p2a: Kyogre|Water Spout|p1b: Vangwe|[spread] p1a,p1b\n|-crit|p1a: Mithrandir\n|-damage|p1a: Mithrandir|0 fnt\n|-damage|p1b: Vangwe|52/100\n|faint|p1a: Mithrandir\n|\n|-weather|RainDance|[upkeep]\n|upkeep\n|\n|t:|1774015015\n|switch|p1a: Beowulf|Urshifu-Rapid-Strike, L50, M|100/100\n|turn|5\n|inactive|ScribbleScribble has 30 seconds left.\n|\n|t:|1774015042\n|move|p2b: Indeedee|Follow Me|p2b: Indeedee\n|-singleturn|p2b: Indeedee|move: Follow Me\n|move|p1a: Beowulf|Surging Strikes|p2b: Indeedee\n|-crit|p2b: Indeedee\n|-damage|p2b: Indeedee|54/100\n|-crit|p2b: Indeedee\n|-damage|p2b: Indeedee|15/100\n|-crit|p2b: Indeedee\n|-damage|p2b: Indeedee|0 fnt\n|faint|p2b: Indeedee\n|-hitcount|p2: Indeedee|3\n|move|p2a: Kyogre|Thunder|p1b: Vangwe\n|-supereffective|p1b: Vangwe\n|-damage|p1b: Vangwe|0 fnt\n|faint|p1b: Vangwe\n|\n|-weather|RainDance|[upkeep]\n|-sideend|p2: ScribbleScribble|move: Tailwind\n|upkeep\n|\n|t:|1774015047\n|switch|p2b: Landorus|Landorus, L50, M|8/100\n|turn|6\n|\n|t:|1774015059\n|-terastallize|p2a: Kyogre|Grass\n|move|p1a: Beowulf|Surging Strikes|p2a: Kyogre\n|-resisted|p2a: Kyogre\n|-crit|p2a: Kyogre\n|-damage|p2a: Kyogre|20/100\n|-resisted|p2a: Kyogre\n|-crit|p2a: Kyogre\n|-damage|p2a: Kyogre|0 fnt\n|faint|p2a: Kyogre\n|-hitcount|p2: Kyogre|2\n|move|p2b: Landorus|Earth Power|p1a: Beowulf\n|-damage|p1a: Beowulf|0 fnt\n|faint|p1a: Beowulf\n|\n|win|ScribbleScribble\n|raw|Mirthinion's rating: 1360 &rarr; <strong>1354</strong><br />(-6 for losing)\n|raw|ScribbleScribble's rating: 1651 &rarr; <strong>1657</strong><br />(+6 for winning)\n|l|\u2606ScribbleScribble\n|player|p2|\n|c|\u2606Mirthinion|gg\n","uploadtime":1774015074,"views":80,"formatid":"gen9vgc2026regi","rating":1354,"private":0,"password":null}