{"id":"gen9vgc2026regi-2556670672","format":"[Gen 9] VGC 2026 Reg I","players":["tdea","pzyxhic"],"log":"|j|\u2606tdea\n|j|\u2606pzyxhic\n|t:|1773238594\n|gametype|doubles\n|player|p1|tdea|veteran|1452\n|player|p2|pzyxhic|265|1321\n|gen|9\n|tier|[Gen 9] VGC 2026 Reg I\n|rated|\n|rule|Species Clause: Limit one of each Pok\u00e9mon\n|rule|Item Clause: Limit 1 of each item\n|clearpoke\n|poke|p1|Miraidon, L50|\n|poke|p1|Lunala, L50|\n|poke|p1|Whimsicott, L50, M|\n|poke|p1|Urshifu-*, L50, F|\n|poke|p1|Incineroar, L50, M|\n|poke|p1|Ursaluna, L50, F|\n|poke|p2|Calyrex-Shadow, L50|\n|poke|p2|Chi-Yu, L50|\n|poke|p2|Whimsicott, L50, F|\n|poke|p2|Urshifu-*, L50, F|\n|poke|p2|Farigiraf, L50, F|\n|poke|p2|Kyurem-White, L50|\n|teampreview|4\n|inactive|Battle timer is ON: inactive players will automatically lose when time's up. (requested by tdea)\n|inactive|pzyxhic has 60 seconds left.\n|\n|t:|1773238627\n|teamsize|p1|4\n|teamsize|p2|4\n|start\n|switch|p1a: Incineroar|Incineroar, L50, M|100/100\n|switch|p1b: Lunala|Lunala, L50|100/100\n|switch|p2a: Whimsicott|Whimsicott, L50, F|100/100\n|switch|p2b: Kyurem|Kyurem-White, L50|100/100\n|-ability|p2b: Kyurem|Turboblaze\n|-ability|p1a: Incineroar|Intimidate|boost\n|-unboost|p2a: Whimsicott|atk|1\n|-unboost|p2b: Kyurem|atk|1\n|turn|1\n|\n|t:|1773238649\n|switch|p2b: Chi-Yu|Chi-Yu, L50|100/100\n|-ability|p2b: Chi-Yu|Beads of Ruin\n|move|p2a: Whimsicott|Moonblast|p1b: Lunala\n|-damage|p1b: Lunala|88/100\n|-unboost|p1b: Lunala|spa|1\n|move|p1a: Incineroar|U-turn|p2a: Whimsicott\n|-damage|p2a: Whimsicott|77/100\n|\n|t:|1773238657\n|switch|p1a: Ursaluna|Ursaluna, L50, F|100/100|[from] U-turn\n|move|p1b: Lunala|Trick Room|p1b: Lunala\n|-fieldstart|move: Trick Room|[of] p1b: Lunala\n|\n|-status|p1a: Ursaluna|brn|[from] item: Flame Orb\n|upkeep\n|turn|2\n|inactive|pzyxhic has 30 seconds left.\n|\n|t:|1773238683\n|switch|p1b: Incineroar|Incineroar, L50, M|100/100\n|-ability|p1b: Incineroar|Intimidate|boost\n|-unboost|p2a: Whimsicott|atk|1\n|-unboost|p2b: Chi-Yu|atk|1\n|-terastallize|p2b: Chi-Yu|Grass\n|move|p2a: Whimsicott|Encore|p1b: Incineroar\n|-hint|Since gen 7, Dark is immune to Prankster moves.\n|-immune|p1b: Incineroar\n|move|p1a: Ursaluna|Headlong Rush|p2b: Chi-Yu\n|-resisted|p2b: Chi-Yu\n|-damage|p2b: Chi-Yu|50/100\n|-unboost|p1a: Ursaluna|def|1\n|-unboost|p1a: Ursaluna|spd|1\n|move|p2b: Chi-Yu|Dark Pulse|p1a: Ursaluna\n|-damage|p1a: Ursaluna|33/100 brn\n|\n|-heal|p2b: Chi-Yu|55/100|[from] item: Leftovers\n|-damage|p1a: Ursaluna|27/100 brn|[from] brn\n|upkeep\n|turn|3\n|\n|t:|1773238711\n|move|p2b: Chi-Yu|Protect|p2b: Chi-Yu\n|-singleturn|p2b: Chi-Yu|Protect\n|move|p1a: Ursaluna|Facade|p2a: Whimsicott\n|-damage|p2a: Whimsicott|0 fnt\n|faint|p2a: Whimsicott\n|move|p1b: Incineroar|Flare Blitz|p2b: Chi-Yu\n|-activate|p2b: Chi-Yu|move: Protect\n|\n|-heal|p2b: Chi-Yu|61/100|[from] item: Leftovers\n|-damage|p1a: Ursaluna|21/100 brn|[from] brn\n|upkeep\n|\n|t:|1773238724\n|switch|p2a: Kyurem|Kyurem-White, L50|100/100\n|-ability|p2a: Kyurem|Turboblaze\n|turn|4\n|\n|t:|1773238745\n|move|p2b: Chi-Yu|Protect|p2b: Chi-Yu\n|-singleturn|p2b: Chi-Yu|Protect\n|move|p1a: Ursaluna|Facade|p2a: Kyurem\n|-damage|p2a: Kyurem|0 fnt\n|faint|p2a: Kyurem\n|move|p1b: Incineroar|Flare Blitz|p2b: Chi-Yu\n|-activate|p2b: Chi-Yu|move: Protect\n|\n|-heal|p2b: Chi-Yu|67/100|[from] item: Leftovers\n|-damage|p1a: Ursaluna|15/100 brn|[from] brn\n|upkeep\n|\n|t:|1773238752\n|switch|p2a: Calyrex|Calyrex-Shadow, L50|100/100\n|-ability|p2a: Calyrex|As One\n|-ability|p2a: Calyrex|Unnerve\n|turn|5\n|-message|pzyxhic forfeited.\n|\n|win|tdea\n|raw|tdea's rating: 1452 &rarr; <strong>1465</strong><br />(+13 for winning)\n|raw|pzyxhic's rating: 1321 &rarr; <strong>1308</strong><br />(-13 for losing)\n|l|\u2606pzyxhic\n|player|p2|\n|l|\u2606tdea\n|player|p1|\n","uploadtime":1773238932,"views":11,"formatid":"gen9vgc2026regi","rating":1308,"private":0,"password":null}