{"id":"gen9vgc2026regi-2521169588","format":"[Gen 9] VGC 2026 Reg I","players":["3rgutti","SnorlaxPikachu1"],"log":"|j|\u26063rgutti\n|j|\u2606SnorlaxPikachu1\n|t:|1768741625\n|gametype|doubles\n|player|p1|3rgutti|101|1250\n|player|p2|SnorlaxPikachu1|palmer|1441\n|gen|9\n|tier|[Gen 9] VGC 2026 Reg I\n|rated|\n|rule|Species Clause: Limit one of each Pok\u00e9mon\n|rule|Item Clause: Limit 1 of each item\n|clearpoke\n|poke|p1|Rillaboom, L50, F|\n|poke|p1|Tornadus, L50, M|\n|poke|p1|Gholdengo, L50|\n|poke|p1|Regidrago, L50|\n|poke|p1|Urshifu-*, L50, F|\n|poke|p1|Farigiraf, L50, F|\n|poke|p2|Terapagos, L50, M|\n|poke|p2|Calyrex-Shadow, L50|\n|poke|p2|Incineroar, L50, F|\n|poke|p2|Flutter Mane, L50|\n|poke|p2|Ogerpon-Cornerstone, L50, F|\n|poke|p2|Rillaboom, L50, F|\n|teampreview|4\n|inactive|Battle timer is ON: inactive players will automatically lose when time's up. (requested by 3rgutti)\n|\n|t:|1768741662\n|teamsize|p1|4\n|teamsize|p2|4\n|start\n|switch|p1a: Tornadus|Tornadus, L50, M|100/100\n|switch|p1b: Urshifu|Urshifu-Rapid-Strike, L50, F|100/100\n|switch|p2a: Flutter Mane|Flutter Mane, L50|100/100\n|switch|p2b: Incineroar|Incineroar, L50, F|100/100\n|-ability|p2b: Incineroar|Intimidate|boost\n|-unboost|p1a: Tornadus|atk|1\n|-unboost|p1b: Urshifu|atk|1\n|-enditem|p2a: Flutter Mane|Booster Energy\n|-activate|p2a: Flutter Mane|ability: Protosynthesis|[fromitem]\n|-start|p2a: Flutter Mane|protosynthesisspe\n|turn|1\n|\n|t:|1768741676\n|-terastallize|p1b: Urshifu|Water\n|move|p2b: Incineroar|Fake Out|p1b: Urshifu\n|-damage|p1b: Urshifu|91/100\n|move|p1a: Tornadus|Rain Dance|p1a: Tornadus\n|-weather|RainDance\n|move|p2a: Flutter Mane|Icy Wind|p1b: Urshifu|[spread] p1a,p1b\n|-supereffective|p1a: Tornadus\n|-resisted|p1b: Urshifu\n|-damage|p1a: Tornadus|69/100\n|-damage|p1b: Urshifu|83/100\n|-unboost|p1b: Urshifu|spe|1\n|cant|p1b: Urshifu|flinch\n|\n|-weather|RainDance|[upkeep]\n|upkeep\n|turn|2\n|inactive|SnorlaxPikachu1 has 30 seconds left.\n|\n|t:|1768741706\n|move|p1a: Tornadus|Tailwind|p1a: Tornadus\n|-sidestart|p1: 3rgutti|move: Tailwind\n|move|p2a: Flutter Mane|Moonblast|p1b: Urshifu\n|-damage|p1b: Urshifu|26/100\n|move|p1b: Urshifu|Surging Strikes|p2a: Flutter Mane\n|-crit|p2a: Flutter Mane\n|-damage|p2a: Flutter Mane|0 fnt\n|faint|p2a: Flutter Mane\n|-end|p2a: Flutter Mane|Protosynthesis|[silent]\n|-hitcount|p2: Flutter Mane|1\n|move|p2b: Incineroar|Knock Off|p1b: Urshifu\n|-damage|p1b: Urshifu|0 fnt\n|-enditem|p1b: Urshifu|Choice Band|[from] move: Knock Off|[of] p2b: Incineroar\n|faint|p1b: Urshifu\n|\n|-weather|RainDance|[upkeep]\n|upkeep\n|inactive|3rgutti has 30 seconds left.\n|inactive|3rgutti has 20 seconds left.\n|\n|t:|1768741742\n|switch|p2a: Terapagos|Terapagos, L50, M|100/100\n|switch|p1b: Regidrago|Regidrago, L50|100/100\n|-activate|p2a: Terapagos|ability: Tera Shift\n|detailschange|p2a: Terapagos|Terapagos-Terastal, L50, M\n|-heal|p2a: Terapagos|100/100|[silent]\n|turn|3\n|\n|t:|1768741751\n|-terastallize|p2a: Terapagos|Stellar\n|detailschange|p2a: Terapagos|Terapagos-Stellar, L50, M, tera:Stellar\n|-heal|p2a: Terapagos|100/100|[silent]\n|-ability|p2a: Terapagos|Teraform Zero\n|-weather|none\n|move|p1a: Tornadus|Bleakwind Storm|p2a: Terapagos|[spread] p2a\n|-miss|p1a: Tornadus|p2b: Incineroar\n|-damage|p2a: Terapagos|77/100\n|-unboost|p2a: Terapagos|spe|1\n|move|p1b: Regidrago|Dragon Energy|p2a: Terapagos|[spread] p2a,p2b\n|-damage|p2a: Terapagos|14/100\n|-damage|p2b: Incineroar|5/100\n|move|p2b: Incineroar|Knock Off|p1b: Regidrago\n|-damage|p1b: Regidrago|62/100\n|-enditem|p1b: Regidrago|Dragon Fang|[from] move: Knock Off|[of] p2b: Incineroar\n|move|p2a: Terapagos|Tera Starstorm|p1b: Regidrago|[spread] p1a,p1b\n|-crit|p1b: Regidrago\n|-damage|p1a: Tornadus|27/100\n|-damage|p1b: Regidrago|14/100\n|\n|-heal|p2a: Terapagos|20/100|[from] item: Leftovers\n|upkeep\n|turn|4\n|inactive|3rgutti has 30 seconds left.\n|inactive|SnorlaxPikachu1 has 30 seconds left.\n|\n|t:|1768741778\n|move|p2a: Terapagos|Protect|p2a: Terapagos\n|-singleturn|p2a: Terapagos|Protect\n|move|p1a: Tornadus|Bleakwind Storm|p2b: Incineroar|[spread] p2b\n|-activate|p2a: Terapagos|move: Protect\n|-damage|p2b: Incineroar|0 fnt\n|faint|p2b: Incineroar\n|move|p1b: Regidrago|Dragon Pulse|p2a: Terapagos\n|-activate|p2a: Terapagos|move: Protect\n|\n|-heal|p2a: Terapagos|26/100|[from] item: Leftovers\n|upkeep\n|\n|t:|1768741783\n|switch|p2b: Calyrex|Calyrex-Shadow, L50|100/100\n|-ability|p2b: Calyrex|As One\n|-ability|p2b: Calyrex|Unnerve\n|turn|5\n|inactive|3rgutti has 30 seconds left.\n|inactive|3rgutti has 20 seconds left.\n|inactive|3rgutti has 15 seconds left.\n|inactive|SnorlaxPikachu1 has 30 seconds left.\n|inactive|3rgutti has 10 seconds left.\n|inactive|3rgutti has 5 seconds left.\n|\n|t:|1768741838\n|move|p2b: Calyrex|Protect|p2b: Calyrex\n|-singleturn|p2b: Calyrex|Protect\n|move|p1a: Tornadus|Bleakwind Storm|p2b: Calyrex|[spread] \n|-activate|p2b: Calyrex|move: Protect\n|-miss|p1a: Tornadus|p2a: Terapagos\n|move|p1b: Regidrago|Dragon Energy|p2a: Terapagos|[spread] p2a\n|-activate|p2b: Calyrex|move: Protect\n|-damage|p2a: Terapagos|19/100\n|move|p2a: Terapagos|Tera Starstorm|p1b: Regidrago|[spread] p1a,p1b\n|-damage|p1a: Tornadus|0 fnt\n|-damage|p1b: Regidrago|0 fnt\n|faint|p1a: Tornadus\n|faint|p1b: Regidrago\n|\n|-heal|p2a: Terapagos|25/100|[from] item: Leftovers\n|-sideend|p1: 3rgutti|move: Tailwind\n|upkeep\n|-message|3rgutti forfeited.\n|\n|win|SnorlaxPikachu1\n|raw|3rgutti's rating: 1250 &rarr; <strong>1238</strong><br />(-12 for losing)\n|raw|SnorlaxPikachu1's rating: 1441 &rarr; <strong>1451</strong><br />(+10 for winning)\n|l|\u26063rgutti\n|player|p1|\n|l|\u2606SnorlaxPikachu1\n|player|p2|\n","uploadtime":1768742035,"views":13,"formatid":"gen9vgc2026regi","rating":1238,"private":0,"password":null}