{"id":"gen9vgc2026regi-2514424123","format":"[Gen 9] VGC 2026 Reg I","players":["Voth","B-Schnizzle"],"log":"|j|\u2606Voth\n|j|\u2606B-Schnizzle\n|t:|1767867526\n|gametype|doubles\n|player|p1|Voth|dawn|1275\n|player|p2|B-Schnizzle|brycen|1152\n|gen|9\n|tier|[Gen 9] VGC 2026 Reg I\n|rated|\n|rule|Species Clause: Limit one of each Pok\u00e9mon\n|rule|Item Clause: Limit 1 of each item\n|clearpoke\n|poke|p1|Urshifu-*, L50, M|\n|poke|p1|Calyrex-Ice, L50|\n|poke|p1|Tornadus, L50, M|\n|poke|p1|Landorus, L50, M|\n|poke|p1|Rillaboom, L50, F|\n|poke|p1|Kyogre, L50|\n|poke|p2|Miraidon, L50|\n|poke|p2|Grimmsnarl, L50, M|\n|poke|p2|Raichu-Alola, L50, M|\n|poke|p2|Calyrex-Shadow, L50|\n|poke|p2|Chi-Yu, L50|\n|poke|p2|Landorus, L50, M|\n|teampreview|4\n|\n|t:|1767867566\n|teamsize|p1|4\n|teamsize|p2|4\n|start\n|switch|p1a: Korra|Calyrex-Ice, L50|100/100\n|switch|p1b: Harambe|Rillaboom, L50, F|100/100\n|switch|p2a: Genie|Raichu-Alola, L50, M|100/100\n|switch|p2b: Basilisk|Miraidon, L50, shiny|100/100\n|-ability|p1a: Korra|As One\n|-ability|p1a: Korra|Unnerve\n|-fieldstart|move: Electric Terrain|[from] ability: Hadron Engine|[of] p2b: Basilisk\n|-fieldstart|move: Grassy Terrain|[from] ability: Grassy Surge|[of] p1b: Harambe\n|turn|1\n|\n|t:|1767867578\n|move|p2a: Genie|Fake Out|p1a: Korra\n|-damage|p1a: Korra|93/100\n|move|p1b: Harambe|Fake Out|p2b: Basilisk\n|-damage|p2b: Basilisk|90/100\n|cant|p2b: Basilisk|flinch\n|cant|p1a: Korra|flinch\n|\n|-heal|p2b: Basilisk|96/100|[from] Grassy Terrain\n|-heal|p1a: Korra|99/100|[from] Grassy Terrain\n|-heal|p1a: Korra|100/100|[from] item: Leftovers\n|upkeep\n|turn|2\n|\n|t:|1767867600\n|move|p2a: Genie|Encore|p1b: Harambe\n|-start|p1b: Harambe|Encore\n|move|p2b: Basilisk|Volt Switch|p1a: Korra\n|-damage|p1a: Korra|75/100\n|\n|t:|1767867605\n|switch|p2b: Scary Terry|Grimmsnarl, L50, M, shiny|100/100|[from] Volt Switch\n|move|p1b: Harambe|Fake Out||[still]\n|-hint|Fake Out only works on your first turn out.\n|-fail|p1b: Harambe\n|move|p1a: Korra|Trick Room|p1a: Korra\n|-fieldstart|move: Trick Room|[of] p1a: Korra\n|\n|-heal|p1a: Korra|81/100|[from] Grassy Terrain\n|-heal|p1a: Korra|87/100|[from] item: Leftovers\n|upkeep\n|turn|3\n|\n|t:|1767867615\n|switch|p1b: Nuke|Kyogre, L50|100/100\n|-weather|RainDance|[from] ability: Drizzle|[of] p1b: Nuke\n|move|p2b: Scary Terry|Reflect|p2b: Scary Terry\n|-sidestart|p2: B-Schnizzle|Reflect\n|move|p1a: Korra|Glacial Lance|p2b: Scary Terry|[spread] p2a,p2b\n|-damage|p2a: Genie|23/100\n|-damage|p2b: Scary Terry|64/100\n|move|p2a: Genie|Encore|p1a: Korra\n|-start|p1a: Korra|Encore\n|\n|-weather|RainDance|[upkeep]\n|-heal|p1a: Korra|93/100|[from] Grassy Terrain\n|-heal|p1a: Korra|99/100|[from] item: Leftovers\n|-heal|p2b: Scary Terry|70/100|[from] Grassy Terrain\n|-heal|p2a: Genie|29/100|[from] Grassy Terrain\n|upkeep\n|turn|4\n|\n|t:|1767867637\n|move|p2b: Scary Terry|Light Screen|p2b: Scary Terry\n|-sidestart|p2: B-Schnizzle|move: Light Screen\n|move|p1a: Korra|Glacial Lance|p2b: Scary Terry|[spread] p2a,p2b\n|-damage|p2a: Genie|0 fnt\n|-damage|p2b: Scary Terry|31/100\n|faint|p2a: Genie\n|-ability|p1a: Korra|Chilling Neigh|boost\n|-boost|p1a: Korra|atk|1\n|move|p1b: Nuke|Water Spout|p2b: Scary Terry\n|-damage|p2b: Scary Terry|0 fnt\n|faint|p2b: Scary Terry\n|\n|-weather|RainDance|[upkeep]\n|-heal|p1a: Korra|100/100|[from] Grassy Terrain\n|upkeep\n|\n|t:|1767867643\n|switch|p2b: Basilisk|Miraidon, L50, shiny|96/100\n|switch|p2a: Calyrex|Calyrex-Shadow, L50|100/100\n|-ability|p2a: Calyrex|As One\n|-ability|p2a: Calyrex|Unnerve\n|-fieldstart|move: Electric Terrain|[from] ability: Hadron Engine|[of] p2b: Basilisk\n|-enditem|p2a: Calyrex|Electric Seed\n|-boost|p2a: Calyrex|def|1|[from] item: Electric Seed\n|turn|5\n|\n|t:|1767867661\n|-terastallize|p2b: Basilisk|Electric\n|move|p2a: Calyrex|Protect|p2a: Calyrex\n|-singleturn|p2a: Calyrex|Protect\n|move|p1a: Korra|Glacial Lance|p2a: Calyrex|[spread] p2b\n|-activate|p2a: Calyrex|move: Protect\n|-damage|p2b: Basilisk|51/100\n|move|p1b: Nuke|Water Spout|p2b: Basilisk|[spread] p2b\n|-activate|p2a: Calyrex|move: Protect\n|-damage|p2b: Basilisk|0 fnt\n|faint|p2b: Basilisk\n|\n|-weather|RainDance|[upkeep]\n|upkeep\n|turn|6\n|-message|B-Schnizzle forfeited.\n|\n|win|Voth\n|raw|Voth's rating: 1275 &rarr; <strong>1292</strong><br />(+17 for winning)\n|raw|B-Schnizzle's rating: 1152 &rarr; <strong>1135</strong><br />(-17 for losing)\n|l|\u2606B-Schnizzle\n|player|p2|\n","uploadtime":1767868013,"views":15,"formatid":"gen9vgc2026regi","rating":1135,"private":0,"password":null}