{"id":"gen9vgc2026regi-2560455918","format":"[Gen 9] VGC 2026 Reg I","players":["dman12352","sleemo2"],"log":"|j|\u2606dman12352\n|j|\u2606sleemo2\n|t:|1773688878\n|gametype|doubles\n|player|p1|dman12352|hoopster|1306\n|player|p2|sleemo2|acetrainerf|1355\n|gen|9\n|tier|[Gen 9] VGC 2026 Reg I\n|rated|\n|rule|Species Clause: Limit one of each Pok\u00e9mon\n|rule|Item Clause: Limit 1 of each item\n|clearpoke\n|poke|p1|Incineroar, L50, M|\n|poke|p1|Calyrex-Shadow, L50|\n|poke|p1|Iron Bundle, L50|\n|poke|p1|Koraidon, L50|\n|poke|p1|Raging Bolt, L50|\n|poke|p1|Kingambit, L50, F|\n|poke|p2|Koraidon, L50|\n|poke|p2|Lunala, L50|\n|poke|p2|Flutter Mane, L50|\n|poke|p2|Chi-Yu, L50|\n|poke|p2|Ursaluna, L50, M|\n|poke|p2|Brute Bonnet, L50|\n|teampreview|4\n|inactive|Battle timer is ON: inactive players will automatically lose when time's up. (requested by dman12352)\ndman12352 has agreed to open team sheets.\n|inactive|sleemo2 has 60 seconds left.\n|\n|t:|1773688912\n|teamsize|p1|4\n|teamsize|p2|4\n|start\n|switch|p1a: Koraidon|Koraidon, L50|100/100\n|switch|p1b: Raging Bolt|Raging Bolt, L50|100/100\n|switch|p2a: Lunala|Lunala, L50|100/100\n|switch|p2b: Chi-Yu|Chi-Yu, L50|100/100\n|-ability|p2b: Chi-Yu|Beads of Ruin\n|-weather|SunnyDay|[from] ability: Orichalcum Pulse|[of] p1a: Koraidon\n|-activate|p1b: Raging Bolt|ability: Protosynthesis\n|-start|p1b: Raging Bolt|protosynthesisspa\n|-activate|p1a: Koraidon|Orichalcum Pulse|[source]\n|turn|1\n|\n|t:|1773688924\n|-terastallize|p1a: Koraidon|Fire\n|move|p2b: Chi-Yu|Snarl|p1a: Koraidon|[spread] p1a\n|-miss|p2b: Chi-Yu|p1b: Raging Bolt\n|-damage|p1a: Koraidon|74/100\n|move|p1a: Koraidon|Flame Charge|p2a: Lunala\n|-damage|p2a: Lunala|71/100\n|-boost|p1a: Koraidon|spe|1\n|move|p1b: Raging Bolt|Snarl|p2a: Lunala|[spread] p2a\n|-miss|p1b: Raging Bolt|p2b: Chi-Yu\n|-supereffective|p2a: Lunala\n|-damage|p2a: Lunala|6/100\n|-unboost|p2a: Lunala|spa|1\n|move|p2a: Lunala|Trick Room|p2a: Lunala\n|-fieldstart|move: Trick Room|[of] p2a: Lunala\n|\n|-weather|SunnyDay|[upkeep]\n|upkeep\n|turn|2\n|\n|t:|1773688940\n|switch|p2a: Ursaluna|Ursaluna, L50, M|100/100\n|move|p1b: Raging Bolt|Snarl|p2a: Ursaluna|[spread] p2a,p2b\n|-resisted|p2b: Chi-Yu\n|-damage|p2a: Ursaluna|76/100\n|-damage|p2b: Chi-Yu|90/100\n|-unboost|p2a: Ursaluna|spa|1\n|-unboost|p2b: Chi-Yu|spa|1\n|move|p2b: Chi-Yu|Snarl|p1b: Raging Bolt|[spread] p1a,p1b\n|-damage|p1a: Koraidon|55/100\n|-damage|p1b: Raging Bolt|89/100\n|-unboost|p1b: Raging Bolt|spa|1\n|move|p1a: Koraidon|Collision Course|p2b: Chi-Yu\n|-supereffective|p2b: Chi-Yu\n|-damage|p2b: Chi-Yu|0 fnt\n|faint|p2b: Chi-Yu\n|\n|-weather|SunnyDay|[upkeep]\n|-status|p2a: Ursaluna|brn|[from] item: Flame Orb\n|upkeep\n|\n|t:|1773688949\n|switch|p2b: Brute Bonnet|Brute Bonnet, L50|100/100\n|-activate|p2b: Brute Bonnet|ability: Protosynthesis\n|-start|p2b: Brute Bonnet|protosynthesisdef\n|turn|3\n|\n|t:|1773688961\n|move|p1a: Koraidon|Protect|p1a: Koraidon\n|-singleturn|p1a: Koraidon|Protect\n|move|p2a: Ursaluna|Headlong Rush|p1a: Koraidon\n|-activate|p1a: Koraidon|move: Protect\n|move|p2b: Brute Bonnet|Spore|p1b: Raging Bolt\n|-status|p1b: Raging Bolt|slp|[from] move: Spore\n|cant|p1b: Raging Bolt|slp\n|\n|-weather|SunnyDay|[upkeep]\n|-damage|p2a: Ursaluna|70/100 brn|[from] brn\n|upkeep\n|turn|4\n|\n|t:|1773688971\n|switch|p1a: Calyrex|Calyrex-Shadow, L50|100/100\n|-ability|p1a: Calyrex|As One\n|-ability|p1a: Calyrex|Unnerve\n|move|p2a: Ursaluna|Headlong Rush|p1a: Calyrex\n|-enditem|p1a: Calyrex|Focus Sash\n|-damage|p1a: Calyrex|1/100\n|-unboost|p2a: Ursaluna|def|1\n|-unboost|p2a: Ursaluna|spd|1\n|move|p2b: Brute Bonnet|Seed Bomb|p1a: Calyrex\n|-damage|p1a: Calyrex|0 fnt\n|faint|p1a: Calyrex\n|cant|p1b: Raging Bolt|slp\n|\n|-weather|SunnyDay|[upkeep]\n|-damage|p2a: Ursaluna|64/100 brn|[from] brn\n|upkeep\n|\n|t:|1773688990\n|switch|p1a: Koraidon|Koraidon, L50, tera:Fire|55/100\n|-activate|p1a: Koraidon|ability: Orichalcum Pulse\n|turn|5\n|\n|t:|1773688994\n|move|p1a: Koraidon|Protect|p1a: Koraidon\n|-singleturn|p1a: Koraidon|Protect\n|move|p2a: Ursaluna|Headlong Rush|p1b: Raging Bolt\n|-supereffective|p1b: Raging Bolt\n|-damage|p1b: Raging Bolt|0 fnt\n|-unboost|p2a: Ursaluna|def|1\n|-unboost|p2a: Ursaluna|spd|1\n|faint|p1b: Raging Bolt\n|-end|p1b: Raging Bolt|Protosynthesis|[silent]\n|move|p2b: Brute Bonnet|Spore|p1a: Koraidon\n|-activate|p1a: Koraidon|move: Protect\n|\n|-weather|none\n|-end|p2b: Brute Bonnet|Protosynthesis\n|-damage|p2a: Ursaluna|58/100 brn|[from] brn\n|-fieldend|move: Trick Room\n|upkeep\n|\n|t:|1773689000\n|switch|p1b: Iron Bundle|Iron Bundle, L50|100/100\n|-enditem|p1b: Iron Bundle|Booster Energy\n|-activate|p1b: Iron Bundle|ability: Quark Drive|[fromitem]\n|-start|p1b: Iron Bundle|quarkdrivespe\n|turn|6\n|\n|t:|1773689017\n|-terastallize|p2b: Brute Bonnet|Water\n|move|p2b: Brute Bonnet|Rage Powder|p2b: Brute Bonnet\n|-singleturn|p2b: Brute Bonnet|move: Rage Powder\n|move|p1b: Iron Bundle|Icy Wind|p2a: Ursaluna|[spread] p2a,p2b\n|-supereffective|p2a: Ursaluna\n|-resisted|p2b: Brute Bonnet\n|-damage|p2a: Ursaluna|0 fnt\n|-damage|p2b: Brute Bonnet|92/100\n|-unboost|p2b: Brute Bonnet|spe|1\n|faint|p2a: Ursaluna\n|move|p1a: Koraidon|Collision Course|p2b: Brute Bonnet\n|-damage|p2b: Brute Bonnet|53/100\n|\n|upkeep\n|\n|t:|1773689028\n|switch|p2a: Lunala|Lunala, L50|6/100\n|turn|7\n|c|\u2606dman12352|lol\n|\n|t:|1773689033\n|move|p2a: Lunala|Wide Guard|p2a: Lunala\n|-singleturn|p2a: Lunala|Wide Guard\n|move|p1b: Iron Bundle|Freeze-Dry|p2b: Brute Bonnet\n|-supereffective|p2b: Brute Bonnet\n|-crit|p2b: Brute Bonnet\n|-damage|p2b: Brute Bonnet|0 fnt\n|faint|p2b: Brute Bonnet\n|-end|p2b: Brute Bonnet|Protosynthesis|[silent]\n|move|p1a: Koraidon|Collision Course|p2a: Lunala\n|-immune|p2a: Lunala\n|\n|upkeep\n|turn|8\n|c|\u2606dman12352|gg\n|-message|sleemo2 forfeited.\n|\n|win|dman12352\n|raw|dman12352's rating: 1306 &rarr; <strong>1329</strong><br />(+23 for winning)\n|raw|sleemo2's rating: 1355 &rarr; <strong>1332</strong><br />(-23 for losing)\n|l|\u2606sleemo2\n|player|p2|\n|l|\u2606dman12352\n|player|p1|\n","uploadtime":1773689211,"views":12,"formatid":"gen9vgc2026regi","rating":1329,"private":0,"password":null}