{"id":"gen9vgc2026regi-2590011593","format":"[Gen 9] VGC 2026 Reg I","players":["FlatbreadFT","buggybrain"],"log":"|j|\u2606FlatbreadFT\n|j|\u2606buggybrain\n|t:|1776781162\n|gametype|doubles\n|player|p1|FlatbreadFT|2|1464\n|player|p2|buggybrain|hiker-gen4|1527\n|gen|9\n|tier|[Gen 9] VGC 2026 Reg I\n|rated|\n|rule|Species Clause: Limit one of each Pok\u00e9mon\n|rule|Item Clause: Limit 1 of each item\n|clearpoke\n|poke|p1|Koraidon, L50|\n|poke|p1|Calyrex-Shadow, L50|\n|poke|p1|Landorus, L50, M|\n|poke|p1|Incineroar, L50, F|\n|poke|p1|Brute Bonnet, L50|\n|poke|p1|Raging Bolt, L50|\n|poke|p2|Zacian-*, L50|\n|poke|p2|Regidrago, L50|\n|poke|p2|Smeargle, L50, F|\n|poke|p2|Tornadus, L50, M|\n|poke|p2|Groudon, L50|\n|poke|p2|Ditto, L50|\n|teampreview|4\n|inactive|Battle timer is ON: inactive players will automatically lose when time's up. (requested by FlatbreadFT)\n|inactive|FlatbreadFT has 60 seconds left.\n|inactive|buggybrain has 60 seconds left.\n|\n|t:|1776781231\n|teamsize|p1|4\n|teamsize|p2|4\n|start\n|switch|p1a: Calyrex|Calyrex-Shadow, L50|100/100\n|switch|p1b: Incineroar|Incineroar, L50, F|100/100\n|switch|p2a: Zacian|Zacian-Crowned, L50|100/100\n|switch|p2b: Smeargle|Smeargle, L50, F|100/100\n|-ability|p1a: Calyrex|As One\n|-ability|p1a: Calyrex|Unnerve\n|-ability|p2a: Zacian|Intrepid Sword|boost\n|-boost|p2a: Zacian|atk|1\n|-ability|p1b: Incineroar|Intimidate|boost\n|-unboost|p2a: Zacian|atk|1\n|-unboost|p2b: Smeargle|atk|1\n|turn|1\n|\n|t:|1776781246\n|move|p2b: Smeargle|Fake Out|p1b: Incineroar\n|-damage|p1b: Incineroar|98/100\n|-damage|p2b: Smeargle|84/100|[from] item: Rocky Helmet|[of] p1b: Incineroar\n|cant|p1b: Incineroar|flinch\n|move|p1a: Calyrex|Psychic|p2b: Smeargle\n|-damage|p2b: Smeargle|0 fnt\n|faint|p2b: Smeargle\n|-ability|p1a: Calyrex|Grim Neigh|boost\n|-boost|p1a: Calyrex|spa|1\n|move|p2a: Zacian|Behemoth Blade|p1a: Calyrex\n|-damage|p1a: Calyrex|20/100\n|\n|upkeep\n|\n|t:|1776781254\n|switch|p2b: Tornadus|Tornadus, L50, M|100/100\n|turn|2\n|\n|t:|1776781261\n|move|p2b: Tornadus|Protect|p2b: Tornadus\n|-singleturn|p2b: Tornadus|Protect\n|move|p1a: Calyrex|Protect|p1a: Calyrex\n|-singleturn|p1a: Calyrex|Protect\n|move|p2a: Zacian|Protect|p2a: Zacian\n|-singleturn|p2a: Zacian|Protect\n|move|p1b: Incineroar|Parting Shot|p2b: Tornadus\n|-activate|p2b: Tornadus|move: Protect\n|\n|upkeep\n|turn|3\n|\n|t:|1776781273\n|switch|p1a: Landorus|Landorus, L50, M|100/100\n|move|p2b: Tornadus|Tailwind|p2b: Tornadus\n|-sidestart|p2: buggybrain|move: Tailwind\n|move|p2a: Zacian|Behemoth Blade|p1a: Landorus\n|-crit|p1a: Landorus\n|-damage|p1a: Landorus|10/100\n|move|p1b: Incineroar|Parting Shot|p2a: Zacian\n|-unboost|p2a: Zacian|atk|1\n|-unboost|p2a: Zacian|spa|1\n|\n|t:|1776781288\n|switch|p1b: Koraidon|Koraidon, L50|100/100|[from] Parting Shot\n|-weather|SunnyDay|[from] ability: Orichalcum Pulse|[of] p1b: Koraidon\n|-activate|p1b: Koraidon|Orichalcum Pulse|[source]\n|\n|-weather|SunnyDay|[upkeep]\n|upkeep\n|turn|4\n|\n|t:|1776781310\n|switch|p2a: Groudon|Groudon, L50|100/100\n|switch|p1a: Incineroar|Incineroar, L50, F|98/100\n|-ability|p1a: Incineroar|Intimidate|boost\n|-unboost|p2a: Groudon|atk|1\n|-unboost|p2b: Tornadus|atk|1\n|-terastallize|p1b: Koraidon|Fire\n|move|p2b: Tornadus|Bleakwind Storm|p1a: Incineroar|[spread] p1a,p1b\n|-damage|p1a: Incineroar|63/100\n|-damage|p1b: Koraidon|65/100\n|move|p1b: Koraidon|Flame Charge|p2b: Tornadus\n|-damage|p2b: Tornadus|34/100\n|-boost|p1b: Koraidon|spe|1\n|\n|-weather|SunnyDay|[upkeep]\n|upkeep\n|turn|5\n|inactive|FlatbreadFT has 30 seconds left.\n|inactive|buggybrain has 30 seconds left.\n|inactive|buggybrain has 20 seconds left.\n|\n|t:|1776781347\n|switch|p1a: Landorus|Landorus, L50, M|10/100\n|move|p2b: Tornadus|Protect|p2b: Tornadus\n|-singleturn|p2b: Tornadus|Protect\n|move|p1b: Koraidon|Flare Blitz|p2b: Tornadus\n|-activate|p2b: Tornadus|move: Protect\n|move|p2a: Groudon|Precipice Blades|p1a: Landorus|[spread] p1b\n|-immune|p1a: Landorus\n|-supereffective|p1b: Koraidon\n|-damage|p1b: Koraidon|8/100\n|\n|-weather|SunnyDay|[upkeep]\n|upkeep\n|turn|6\n|\n|t:|1776781371\n|move|p1b: Koraidon|Protect|p1b: Koraidon\n|-singleturn|p1b: Koraidon|Protect\n|move|p2b: Tornadus|Bleakwind Storm|p1b: Koraidon|[spread] p1a\n|-activate|p1b: Koraidon|move: Protect\n|-crit|p1a: Landorus\n|-damage|p1a: Landorus|0 fnt\n|faint|p1a: Landorus\n|move|p2a: Groudon|Precipice Blades|p1b: Koraidon\n|-activate|p1b: Koraidon|move: Protect\n|\n|-weather|SunnyDay|[upkeep]\n|-sideend|p2: buggybrain|move: Tailwind\n|upkeep\n|\n|t:|1776781386\n|switch|p1a: Incineroar|Incineroar, L50, F|63/100\n|-ability|p1a: Incineroar|Intimidate|boost\n|-unboost|p2a: Groudon|atk|1\n|-unboost|p2b: Tornadus|atk|1\n|turn|7\n|\n|t:|1776781390\n|move|p1a: Incineroar|Fake Out|p2a: Groudon\n|-damage|p2a: Groudon|94/100\n|move|p1b: Koraidon|Flame Charge|p2b: Tornadus\n|-damage|p2b: Tornadus|0 fnt\n|-boost|p1b: Koraidon|spe|1\n|faint|p2b: Tornadus\n|cant|p2a: Groudon|flinch\n|\n|-weather|none\n|upkeep\n|\n|t:|1776781394\n|switch|p2b: Zacian|Zacian-Crowned, L50|100/100\n|turn|8\n|\n|t:|1776781408\n|-terastallize|p2b: Zacian|Fairy\n|move|p1b: Koraidon|Flare Blitz|p2b: Zacian\n|-damage|p2b: Zacian|47/100\n|-damage|p1b: Koraidon|0 fnt|[from] Recoil\n|faint|p1b: Koraidon\n|move|p2b: Zacian|Play Rough|p1a: Incineroar\n|-damage|p1a: Incineroar|7/100\n|-damage|p2b: Zacian|31/100|[from] item: Rocky Helmet|[of] p1a: Incineroar\n|move|p2a: Groudon|High Horsepower|p1a: Incineroar\n|-supereffective|p1a: Incineroar\n|-damage|p1a: Incineroar|0 fnt\n|-damage|p2a: Groudon|77/100|[from] item: Rocky Helmet|[of] p1a: Incineroar\n|faint|p1a: Incineroar\n|\n|upkeep\n|\n|t:|1776781420\n|switch|p1b: Calyrex|Calyrex-Shadow, L50|20/100\n|-ability|p1b: Calyrex|As One\n|-ability|p1b: Calyrex|Unnerve\n|turn|9\n|\n|t:|1776781425\n|move|p1b: Calyrex|Astral Barrage|p2a: Groudon|[spread] p2a,p2b\n|-damage|p2a: Groudon|40/100\n|-damage|p2b: Zacian|0 fnt\n|faint|p2b: Zacian\n|-ability|p1b: Calyrex|Grim Neigh|boost\n|-boost|p1b: Calyrex|spa|1\n|move|p2a: Groudon|Fire Punch|p1b: Calyrex\n|-damage|p1b: Calyrex|0 fnt\n|faint|p1b: Calyrex\n|\n|win|buggybrain\n|raw|FlatbreadFT's rating: 1464 &rarr; <strong>1448</strong><br />(-16 for losing)\n|raw|buggybrain's rating: 1527 &rarr; <strong>1543</strong><br />(+16 for winning)\n|l|\u2606buggybrain\n|player|p2|\n|l|\u2606FlatbreadFT\n|player|p1|\n","uploadtime":1776781590,"views":7,"formatid":"gen9vgc2026regi","rating":1448,"private":0,"password":null}