{"id":"gen9vgc2026regi-2578899500","format":"[Gen 9] VGC 2026 Reg I","players":["LinkXSwords","ky123456"],"log":"|j|\u2606LinkXSwords\n|j|\u2606ky123456\n|t:|1775734084\n|gametype|doubles\n|player|p1|LinkXSwords|zinnia|1528\n|player|p2|ky123456|cynthia-gen4|1577\n|gen|9\n|tier|[Gen 9] VGC 2026 Reg I\n|rated|\n|rule|Species Clause: Limit one of each Pok\u00e9mon\n|rule|Item Clause: Limit 1 of each item\n|clearpoke\n|poke|p1|Calyrex-Ice, L50|\n|poke|p1|Miraidon, L50|\n|poke|p1|Iron Hands, L50|\n|poke|p1|Farigiraf, L50, F|\n|poke|p1|Ogerpon-Hearthflame, L50, F|\n|poke|p1|Urshifu-*, L50, M|\n|poke|p2|Rillaboom, L50, M|\n|poke|p2|Ting-Lu, L50|\n|poke|p2|Ho-Oh, L50|\n|poke|p2|Toxapex, L50, M|\n|poke|p2|Calyrex-Shadow, L50|\n|poke|p2|Incineroar, L50, M|\n|teampreview|4\nLinkXSwords rejected open team sheets.\n|\n|t:|1775734119\n|teamsize|p1|4\n|teamsize|p2|4\n|start\n|switch|p1a: Belmonda|Miraidon, L50|100/100\n|switch|p1b: Rafa|Farigiraf, L50, F, shiny|100/100\n|switch|p2a: Incineroar|Incineroar, L50, M|100/100\n|switch|p2b: Toxapex|Toxapex, L50, M|100/100\n|-fieldstart|move: Electric Terrain|[from] ability: Hadron Engine|[of] p1a: Belmonda\n|-ability|p2a: Incineroar|Intimidate|boost\n|-unboost|p1a: Belmonda|atk|1\n|-unboost|p1b: Rafa|atk|1\n|turn|1\n|inactive|Battle timer is ON: inactive players will automatically lose when time's up. (requested by LinkXSwords)\n|\n|t:|1775734150\n|switch|p2a: Ting-Lu|Ting-Lu, L50|100/100\n|-ability|p2a: Ting-Lu|Vessel of Ruin\n|move|p2b: Toxapex|Baneful Bunker|p2b: Toxapex\n|-singleturn|p2b: Toxapex|move: Protect\n|move|p1a: Belmonda|Electro Drift|p2a: Ting-Lu\n|-immune|p2a: Ting-Lu\n|move|p1b: Rafa|Trick Room|p1b: Rafa\n|-fieldstart|move: Trick Room|[of] p1b: Rafa\n|\n|upkeep\n|turn|2\n|\n|t:|1775734173\n|switch|p1a: Ibai|Iron Hands, L50|100/100\n|-activate|p1a: Ibai|ability: Quark Drive\n|-start|p1a: Ibai|quarkdriveatk\n|-terastallize|p2b: Toxapex|Grass\n|move|p2b: Toxapex|Toxic Spikes|p1b: Rafa\n|-sidestart|p1: LinkXSwords|move: Toxic Spikes\n|move|p2a: Ting-Lu|Stealth Rock|p1a: Ibai\n|-sidestart|p1: LinkXSwords|move: Stealth Rock\n|move|p1b: Rafa|Hyper Voice|p2a: Ting-Lu|[spread] p2a,p2b\n|-damage|p2a: Ting-Lu|88/100\n|-damage|p2b: Toxapex|87/100\n|-enditem|p1b: Rafa|Throat Spray\n|-boost|p1b: Rafa|spa|1|[from] item: Throat Spray\n|\n|-heal|p2a: Ting-Lu|94/100|[from] item: Leftovers\n|upkeep\n|turn|3\n|\n|t:|1775734195\n|move|p2a: Ting-Lu|Protect|p2a: Ting-Lu\n|-singleturn|p2a: Ting-Lu|Protect\n|move|p2b: Toxapex|Toxic Spikes|p1b: Rafa\n|-sidestart|p1: LinkXSwords|move: Toxic Spikes\n|move|p1a: Ibai|Low Kick|p2a: Ting-Lu\n|-activate|p2a: Ting-Lu|move: Protect\n|move|p1b: Rafa|Hyper Voice|p2a: Ting-Lu|[spread] p2b\n|-activate|p2a: Ting-Lu|move: Protect\n|-damage|p2b: Toxapex|68/100\n|\n|-heal|p2a: Ting-Lu|99/100|[from] item: Leftovers\n|upkeep\n|turn|4\n|inactive|ky123456 has 30 seconds left.\n|inactive|ky123456 has 20 seconds left.\n|inactive|ky123456 has 15 seconds left.\n|inactive|ky123456 has 10 seconds left.\n|\n|t:|1775734243\n|switch|p2a: Calyrex|Calyrex-Shadow, L50|100/100\n|-ability|p2a: Calyrex|As One\n|-ability|p2a: Calyrex|Unnerve\n|move|p2b: Toxapex|Infestation|p1a: Ibai\n|-resisted|p1a: Ibai\n|-damage|p1a: Ibai|99/100\n|-activate|p1a: Ibai|move: Infestation|[of] p2b: Toxapex\n|move|p1a: Ibai|Low Kick|p2a: Calyrex\n|-immune|p2a: Calyrex\n|move|p1b: Rafa|Hyper Voice|p2b: Toxapex|[spread] p2b\n|-immune|p2a: Calyrex\n|-damage|p2b: Toxapex|43/100\n|\n|-damage|p1a: Ibai|88/100|[from] move: Infestation|[partiallytrapped]\n|upkeep\n|turn|5\n|\n|t:|1775734258\n|move|p2a: Calyrex|Protect|p2a: Calyrex\n|-singleturn|p2a: Calyrex|Protect\n|move|p2b: Toxapex|Infestation|p1b: Rafa\n|-supereffective|p1b: Rafa\n|-damage|p1b: Rafa|95/100\n|-activate|p1b: Rafa|move: Infestation|[of] p2b: Toxapex\n|move|p1a: Ibai|Drain Punch|p2b: Toxapex\n|-damage|p2b: Toxapex|0 fnt\n|-heal|p1a: Ibai|100/100|[from] drain|[of] p2b: Toxapex\n|faint|p2b: Toxapex\n|move|p1b: Rafa|Foul Play|p2a: Calyrex\n|-activate|p2a: Calyrex|move: Protect\n|\n|-end|p1a: Ibai|Infestation|[partiallytrapped]|[silent]\n|-end|p1b: Rafa|Infestation|[partiallytrapped]|[silent]\n|-fieldend|move: Trick Room\n|-fieldend|move: Electric Terrain\n|-end|p1a: Ibai|Quark Drive\n|upkeep\n|\n|t:|1775734270\n|switch|p2b: Incineroar|Incineroar, L50, M|100/100\n|-ability|p2b: Incineroar|Intimidate|boost\n|-unboost|p1a: Ibai|atk|1\n|-unboost|p1b: Rafa|atk|1\n|turn|6\n|\n|t:|1775734288\n|move|p2a: Calyrex|Encore|p1a: Ibai\n|-start|p1a: Ibai|Encore\n|move|p2b: Incineroar|Knock Off|p1b: Rafa\n|-supereffective|p1b: Rafa\n|-damage|p1b: Rafa|59/100\n|move|p1b: Rafa|Foul Play|p2a: Calyrex\n|-supereffective|p2a: Calyrex\n|-damage|p2a: Calyrex|30/100\n|move|p1a: Ibai|Drain Punch|p2a: Calyrex\n|-immune|p2a: Calyrex\n|\n|upkeep\n|turn|7\n|\n|t:|1775734303\n|move|p2a: Calyrex|Psychic|p1b: Rafa\n|-resisted|p1b: Rafa\n|-damage|p1b: Rafa|29/100\n|move|p2b: Incineroar|Knock Off|p1b: Rafa\n|-supereffective|p1b: Rafa\n|-damage|p1b: Rafa|0 fnt\n|faint|p1b: Rafa\n|move|p1a: Ibai|Drain Punch|p2b: Incineroar\n|-supereffective|p2b: Incineroar\n|-damage|p2b: Incineroar|52/100\n|-damage|p1a: Ibai|84/100|[from] item: Rocky Helmet|[of] p2b: Incineroar\n|\n|upkeep\n|\n|t:|1775734313\n|switch|p1b: Belmonda|Miraidon, L50|100/100\n|-status|p1b: Belmonda|tox\n|-damage|p1b: Belmonda|88/100 tox|[from] Stealth Rock\n|-fieldstart|move: Electric Terrain|[from] ability: Hadron Engine|[of] p1b: Belmonda\n|-activate|p1a: Ibai|ability: Quark Drive\n|-start|p1a: Ibai|quarkdriveatk\n|turn|8\n|j| oztegkj6\n|\n|t:|1775734325\n|-terastallize|p1b: Belmonda|Fairy\n|move|p2a: Calyrex|Protect|p2a: Calyrex\n|-singleturn|p2a: Calyrex|Protect\n|move|p1b: Belmonda|Dazzling Gleam|p2b: Incineroar|[spread] p2b\n|-activate|p2a: Calyrex|move: Protect\n|-damage|p2b: Incineroar|0 fnt\n|faint|p2b: Incineroar\n|move|p1a: Ibai|Drain Punch|p2a: Calyrex\n|-activate|p2a: Calyrex|move: Protect\n|\n|-damage|p1b: Belmonda|82/100 tox|[from] psn\n|-end|p1a: Ibai|Encore\n|upkeep\n|\n|t:|1775734332\n|switch|p2b: Ting-Lu|Ting-Lu, L50|99/100\n|-ability|p2b: Ting-Lu|Vessel of Ruin\n|turn|9\n|\n|t:|1775734343\n|move|p2a: Calyrex|Astral Barrage|p1b: Belmonda|[spread] p1a,p1b\n|-damage|p1a: Ibai|62/100\n|-damage|p1b: Belmonda|45/100 tox\n|move|p1b: Belmonda|Dazzling Gleam|p2a: Calyrex|[spread] p2a,p2b\n|-supereffective|p2b: Ting-Lu\n|-damage|p2a: Calyrex|0 fnt\n|-damage|p2b: Ting-Lu|34/100\n|faint|p2a: Calyrex\n|move|p1a: Ibai|Low Kick|p2b: Ting-Lu\n|-supereffective|p2b: Ting-Lu\n|-damage|p2b: Ting-Lu|0 fnt\n|faint|p2b: Ting-Lu\n|\n|win|LinkXSwords\n|raw|LinkXSwords's rating: 1528 &rarr; <strong>1551</strong><br />(+23 for winning)\n|raw|ky123456's rating: 1577 &rarr; <strong>1554</strong><br />(-23 for losing)\n|l|\u2606ky123456\n|player|p2|\n|l|\u2606LinkXSwords\n|player|p1|\n","uploadtime":1775734505,"views":10,"formatid":"gen9vgc2026regi","rating":1551,"private":0,"password":null}