{"id":"gen9vgc2026regi-2578214063","format":"[Gen 9] VGC 2026 Reg I","players":["chatis","Anne_ChovyVGC"],"log":"|j|\u2606chatis\n|j|\u2606Anne_ChovyVGC\n|t:|1775659444\n|gametype|doubles\n|player|p1|chatis|ghetsis-gen5bw|1246\n|player|p2|Anne_ChovyVGC|skierf-gen4dp|1347\n|gen|9\n|tier|[Gen 9] VGC 2026 Reg I\n|rated|\n|rule|Species Clause: Limit one of each Pok\u00e9mon\n|rule|Item Clause: Limit 1 of each item\n|clearpoke\n|poke|p1|Miraidon, L50|\n|poke|p1|Calyrex-Ice, L50|\n|poke|p1|Incineroar, L50, F|\n|poke|p1|Urshifu-*, L50, M|\n|poke|p1|Farigiraf, L50, M|\n|poke|p1|Landorus, L50, M|\n|poke|p2|Calyrex-Ice, L50|\n|poke|p2|Ninetales-Alola, L50, F|\n|poke|p2|Kyurem-White, L50|\n|poke|p2|Ogerpon-Cornerstone, L50, F|\n|poke|p2|Sinistcha, L50|\n|poke|p2|Tornadus, L50, M|\n|teampreview|4\n|inactive|Battle timer is ON: inactive players will automatically lose when time's up. (requested by chatis)\nchatis rejected open team sheets.\n|\n|t:|1775659463\n|teamsize|p1|4\n|teamsize|p2|4\n|start\n|switch|p1a: Calyrex|Calyrex-Ice, L50|100/100\n|switch|p1b: Miraidon|Miraidon, L50|100/100\n|switch|p2a: big bungus|Calyrex-Ice, L50|100/100\n|switch|p2b: Sinistcha|Sinistcha, L50|100/100\n|-ability|p1a: Calyrex|As One\n|-ability|p1a: Calyrex|Unnerve\n|-ability|p2a: big bungus|As One\n|-ability|p2a: big bungus|Unnerve\n|-fieldstart|move: Electric Terrain|[from] ability: Hadron Engine|[of] p1b: Miraidon\n|turn|1\n|inactive|chatis has 30 seconds left.\n|inactive|Anne_ChovyVGC has 30 seconds left.\n|inactive|Anne_ChovyVGC has 20 seconds left.\n|inactive|Anne_ChovyVGC has 15 seconds left.\n|inactive|Anne_ChovyVGC has 10 seconds left.\n|inactive|Anne_ChovyVGC has 5 seconds left.\n|\n|t:|1775659514\n|-terastallize|p2a: big bungus|Ice\n|move|p1b: Miraidon|Volt Switch|p2a: big bungus\n|-damage|p2a: big bungus|53/100\n|\n|t:|1775659532\n|switch|p1b: Incineroar|Incineroar, L50, F|100/100|[from] Volt Switch\n|-ability|p1b: Incineroar|Intimidate|boost\n|-fail|p2a: big bungus|unboost|[from] item: Clear Amulet|[of] p2a: big bungus\n|-unboost|p2b: Sinistcha|atk|1\n|move|p1a: Calyrex|Glacial Lance|p2a: big bungus|[spread] p2a,p2b\n|-resisted|p2a: big bungus\n|-supereffective|p2b: Sinistcha\n|-damage|p2a: big bungus|36/100\n|-damage|p2b: Sinistcha|11/100\n|move|p2a: big bungus|Glacial Lance|p1b: Incineroar|[spread] p1a,p1b\n|-resisted|p1a: Calyrex\n|-resisted|p1b: Incineroar\n|-damage|p1a: Calyrex|75/100\n|-damage|p1b: Incineroar|66/100\n|move|p2b: Sinistcha|Trick Room|p2b: Sinistcha\n|-fieldstart|move: Trick Room|[of] p2b: Sinistcha\n|\n|upkeep\n|turn|2\n|\n|t:|1775659549\n|switch|p2b: slayyy diva|Ninetales-Alola, L50, F|100/100\n|-weather|Snowscape|[from] ability: Snow Warning|[of] p2b: slayyy diva\n|move|p2a: big bungus|Protect|p2a: big bungus\n|-singleturn|p2a: big bungus|Protect\n|move|p1a: Calyrex|Glacial Lance|p2a: big bungus|[spread] p2b\n|-activate|p2a: big bungus|move: Protect\n|-resisted|p2b: slayyy diva\n|-damage|p2b: slayyy diva|79/100\n|move|p1b: Incineroar|Flare Blitz|p2a: big bungus\n|-activate|p2a: big bungus|move: Protect\n|\n|-weather|Snowscape|[upkeep]\n|upkeep\n|turn|3\n|inactive|chatis has 30 seconds left.\n|\n|t:|1775659579\n|move|p2b: slayyy diva|Helping Hand|p2a: big bungus\n|-singleturn|p2a: big bungus|Helping Hand|[of] p2b: slayyy diva\n|move|p2a: big bungus|High Horsepower|p1b: Incineroar\n|-supereffective|p1b: Incineroar\n|-damage|p1b: Incineroar|0 fnt\n|faint|p1b: Incineroar\n|-ability|p2a: big bungus|Chilling Neigh|boost\n|-boost|p2a: big bungus|atk|1\n|move|p1a: Calyrex|Trick Room|p1a: Calyrex\n|-fieldend|move: Trick Room\n|\n|-weather|Snowscape|[upkeep]\n|upkeep\n|\n|t:|1775659586\n|switch|p1b: Urshifu|Urshifu-Rapid-Strike, L50, M|100/100\n|turn|4\n|\n|t:|1775659608\n|-terastallize|p1b: Urshifu|Stellar\n|move|p1b: Urshifu|Surging Strikes|p2a: big bungus\n|-crit|p2a: big bungus\n|-damage|p2a: big bungus|22/100\n|-crit|p2a: big bungus\n|-damage|p2a: big bungus|10/100\n|-crit|p2a: big bungus\n|-damage|p2a: big bungus|0 fnt\n|faint|p2a: big bungus\n|-hitcount|p2: big bungus|3\n|move|p2b: slayyy diva|Aurora Veil|p2b: slayyy diva\n|-sidestart|p2: Anne_ChovyVGC|move: Aurora Veil\n|move|p1a: Calyrex|Glacial Lance|p2b: slayyy diva\n|-resisted|p2b: slayyy diva\n|-damage|p2b: slayyy diva|61/100\n|\n|-weather|Snowscape|[upkeep]\n|upkeep\n|\n|t:|1775659624\n|switch|p2a: Franklin|Kyurem-White, L50, shiny|100/100\n|-ability|p2a: Franklin|Turboblaze\n|turn|5\n|\n|t:|1775659642\n|move|p2b: slayyy diva|Helping Hand|p2a: Franklin\n|-singleturn|p2a: Franklin|Helping Hand|[of] p2b: slayyy diva\n|move|p1b: Urshifu|Close Combat|p2a: Franklin\n|-supereffective|p2a: Franklin\n|-damage|p2a: Franklin|26/100\n|-unboost|p1b: Urshifu|def|1\n|-unboost|p1b: Urshifu|spd|1\n|move|p2a: Franklin|Fusion Flare|p1a: Calyrex\n|-supereffective|p1a: Calyrex\n|-damage|p1a: Calyrex|0 fnt\n|faint|p1a: Calyrex\n|\n|-weather|Snowscape|[upkeep]\n|-fieldend|move: Electric Terrain\n|upkeep\n|\n|t:|1775659664\n|switch|p1a: Miraidon|Miraidon, L50|100/100\n|-fieldstart|move: Electric Terrain|[from] ability: Hadron Engine|[of] p1a: Miraidon\n|turn|6\n|inactive|chatis has 30 seconds left.\n|\n|t:|1775659698\n|move|p1a: Miraidon|Electro Drift|p2b: slayyy diva\n|-damage|p2b: slayyy diva|8/100\n|move|p1b: Urshifu|Close Combat|p2a: Franklin\n|-supereffective|p2a: Franklin\n|-damage|p2a: Franklin|0 fnt\n|-unboost|p1b: Urshifu|def|1\n|-unboost|p1b: Urshifu|spd|1\n|faint|p2a: Franklin\n|move|p2b: slayyy diva|Blizzard|p1a: Miraidon|[spread] p1a,p1b\n|-supereffective|p1a: Miraidon\n|-resisted|p1b: Urshifu\n|-damage|p1a: Miraidon|62/100\n|-damage|p1b: Urshifu|61/100\n|\n|-weather|none\n|upkeep\n|\n|t:|1775659710\n|switch|p2a: Sinistcha|Sinistcha, L50|11/100\n|-heal|p2b: slayyy diva|33/100|[from] ability: Hospitality|[of] p2a: Sinistcha\n|turn|7\n|\n|t:|1775659715\n|move|p2a: Sinistcha|Rage Powder|p2a: Sinistcha\n|-singleturn|p2a: Sinistcha|move: Rage Powder\n|move|p1a: Miraidon|Electro Drift|p2a: Sinistcha\n|-resisted|p2a: Sinistcha\n|-damage|p2a: Sinistcha|0 fnt\n|faint|p2a: Sinistcha\n|move|p1b: Urshifu|Surging Strikes|p2b: slayyy diva\n|-crit|p2b: slayyy diva\n|-damage|p2b: slayyy diva|7/100\n|-crit|p2b: slayyy diva\n|-damage|p2b: slayyy diva|0 fnt\n|faint|p2b: slayyy diva\n|-hitcount|p2: slayyy diva|2\n|\n|win|chatis\n|raw|chatis's rating: 1246 &rarr; <strong>1278</strong><br />(+32 for winning)\n|raw|Anne_ChovyVGC's rating: 1347 &rarr; <strong>1321</strong><br />(-26 for losing)\n|c|\u2606Anne_ChovyVGC|gg\n|l|\u2606chatis\n|player|p1|\n|l|\u2606Anne_ChovyVGC\n|player|p2|\n","uploadtime":1775659994,"views":8,"formatid":"gen9vgc2026regi","rating":1278,"private":0,"password":null}