{"id":"gen9vgc2026regi-2564197233","format":"[Gen 9] VGC 2026 Reg I","players":["pigs2fly","Lacossg"],"log":"|j|\u2606pigs2fly\n|j|\u2606Lacossg\n|t:|1774119559\n|gametype|doubles\n|player|p1|pigs2fly|dexio|1509\n|player|p2|Lacossg|2|1662\n|gen|9\n|tier|[Gen 9] VGC 2026 Reg I\n|rated|\n|rule|Species Clause: Limit one of each Pok\u00e9mon\n|rule|Item Clause: Limit 1 of each item\n|clearpoke\n|poke|p1|Annihilape, L50, M|\n|poke|p1|Tornadus, L50, M|\n|poke|p1|Dondozo, L50, M|\n|poke|p1|Tatsugiri, L50, M|\n|poke|p1|Zacian-*, L50|\n|poke|p1|Kyogre, L50|\n|poke|p2|Zacian-*, L50|\n|poke|p2|Iron Valiant, L50|\n|poke|p2|Tyranitar, L50, F|\n|poke|p2|Zamazenta-*, L50|\n|poke|p2|Landorus, L50, M|\n|poke|p2|Tornadus, L50, M|\n|teampreview|4\n|\n|t:|1774119591\n|teamsize|p1|4\n|teamsize|p2|4\n|start\n|switch|p1a: Kyogre|Kyogre, L50|100/100\n|switch|p1b: Tornadus|Tornadus, L50, M|100/100\n|switch|p2a: Zamazenta|Zamazenta-Crowned, L50|100/100\n|switch|p2b: Tyranitar|Tyranitar, L50, F|100/100\n|-ability|p2a: Zamazenta|Dauntless Shield|boost\n|-boost|p2a: Zamazenta|def|1\n|-weather|Sandstorm|[from] ability: Sand Stream|[of] p2b: Tyranitar\n|-weather|RainDance|[from] ability: Drizzle|[of] p1a: Kyogre\n|turn|1\n|j| Knightdozo\n|\n|t:|1774119615\n|-terastallize|p2a: Zamazenta|Dragon\n|move|p1b: Tornadus|Tailwind|p1b: Tornadus\n|-sidestart|p1: pigs2fly|move: Tailwind\n|move|p1a: Kyogre|Hydro Pump|p2a: Zamazenta\n|-resisted|p2a: Zamazenta\n|-damage|p2a: Zamazenta|66/100\n|move|p2a: Zamazenta|Body Press|p1a: Kyogre\n|-damage|p1a: Kyogre|41/100\n|move|p2b: Tyranitar|Rock Slide|p1a: Kyogre|[spread] p1a,p1b\n|-supereffective|p1b: Tornadus\n|-damage|p1a: Kyogre|11/100\n|-damage|p1b: Tornadus|0 fnt\n|faint|p1b: Tornadus\n|\n|-weather|RainDance|[upkeep]\n|upkeep\n|\n|t:|1774119619\n|switch|p1b: Dondozo|Dondozo, L50, M|100/100\n|turn|2\n|\n|t:|1774119647\n|switch|p1a: Tatsugiri|Tatsugiri, L50, M|100/100\n|-activate|p1a: Tatsugiri|ability: Commander|[of] p1b: Dondozo\n|-boost|p1b: Dondozo|atk|2\n|-boost|p1b: Dondozo|spa|2\n|-boost|p1b: Dondozo|spe|2\n|-boost|p1b: Dondozo|def|2\n|-boost|p1b: Dondozo|spd|2\n|move|p2a: Zamazenta|Protect|p2a: Zamazenta\n|-singleturn|p2a: Zamazenta|Protect\n|move|p2b: Tyranitar|Protect|p2b: Tyranitar\n|-singleturn|p2b: Tyranitar|Protect\n|move|p1b: Dondozo|Order Up|p2a: Zamazenta\n|-activate|p2a: Zamazenta|move: Protect\n|\n|-weather|RainDance|[upkeep]\n|upkeep\n|turn|3\n|\n|t:|1774119684\n|switch|p2a: Tornadus|Tornadus, L50, M|100/100\n|move|p1b: Dondozo|Earthquake|p2a: Tornadus|[spread] p2b\n|-miss|p1b: Dondozo|p1a: Tatsugiri\n|-immune|p2a: Tornadus\n|-supereffective|p2b: Tyranitar\n|-damage|p2b: Tyranitar|16/100\n|move|p2b: Tyranitar|Knock Off|p1b: Dondozo\n|-damage|p1b: Dondozo|81/100\n|-enditem|p1b: Dondozo|Leftovers|[from] move: Knock Off|[of] p2b: Tyranitar\n|\n|-weather|RainDance|[upkeep]\n|upkeep\n|turn|4\n|\n|t:|1774119704\n|switch|p2b: Zamazenta|Zamazenta-Crowned, L50, tera:Dragon|66/100\n|move|p2a: Tornadus|Tailwind|p2a: Tornadus\n|-sidestart|p2: Lacossg|move: Tailwind\n|move|p1b: Dondozo|Order Up|p2b: Zamazenta\n|-supereffective|p2b: Zamazenta\n|-damage|p2b: Zamazenta|8/100\n|-boost|p1b: Dondozo|atk|1\n|\n|-weather|RainDance|[upkeep]\n|-sideend|p1: pigs2fly|move: Tailwind\n|upkeep\n|turn|5\n|\n|t:|1774119717\n|move|p1b: Dondozo|Protect|p1b: Dondozo\n|-singleturn|p1b: Dondozo|Protect\n|move|p2a: Tornadus|Bleakwind Storm|p1a: Tatsugiri|[spread] \n|-miss|p2a: Tornadus|p1a: Tatsugiri\n|-activate|p1b: Dondozo|move: Protect\n|move|p2b: Zamazenta|Body Press|p1b: Dondozo\n|-activate|p1b: Dondozo|move: Protect\n|\n|-weather|none\n|upkeep\n|turn|6\n|\n|t:|1774119724\n|move|p2a: Tornadus|Bleakwind Storm|p1a: Tatsugiri|[spread] p1b\n|-miss|p2a: Tornadus|p1a: Tatsugiri\n|-damage|p1b: Dondozo|66/100\n|move|p2b: Zamazenta|Body Press|p1b: Dondozo\n|-crit|p1b: Dondozo\n|-damage|p1b: Dondozo|22/100\n|move|p1b: Dondozo|Heavy Slam|p2a: Tornadus\n|-damage|p2a: Tornadus|13/100\n|\n|upkeep\n|turn|7\n|\n|t:|1774119743\n|switch|p2a: Tyranitar|Tyranitar, L50, F|16/100\n|-weather|Sandstorm|[from] ability: Sand Stream|[of] p2a: Tyranitar\n|move|p2b: Zamazenta|Body Press|p1b: Dondozo\n|-damage|p1b: Dondozo|7/100\n|move|p1b: Dondozo|Order Up|p2a: Tyranitar\n|-damage|p2a: Tyranitar|0 fnt\n|faint|p2a: Tyranitar\n|-boost|p1b: Dondozo|atk|1\n|\n|-weather|Sandstorm|[upkeep]\n|-damage|p2b: Zamazenta|2/100|[from] Sandstorm\n|-damage|p1a: Tatsugiri|94/100|[from] Sandstorm\n|-damage|p1b: Dondozo|0 fnt|[from] Sandstorm\n|faint|p1b: Dondozo\n|-sideend|p2: Lacossg|move: Tailwind\n|upkeep\n|\n|t:|1774119763\n|switch|p2a: Tornadus|Tornadus, L50, M|13/100\n|switch|p1b: Kyogre|Kyogre, L50|11/100\n|-weather|RainDance|[from] ability: Drizzle|[of] p1b: Kyogre\n|turn|8\n|\n|t:|1774119777\n|-terastallize|p1b: Kyogre|Ghost\n|move|p2a: Tornadus|Tailwind|p2a: Tornadus\n|-sidestart|p2: Lacossg|move: Tailwind\n|move|p2b: Zamazenta|Body Press|p1a: Tatsugiri\n|-damage|p1a: Tatsugiri|17/100\n|move|p1a: Tatsugiri|Dragon Pulse|p2a: Tornadus\n|-damage|p2a: Tornadus|0 fnt\n|faint|p2a: Tornadus\n|move|p1b: Kyogre|Ice Beam|p2b: Zamazenta\n|-supereffective|p2b: Zamazenta\n|-damage|p2b: Zamazenta|0 fnt\n|faint|p2b: Zamazenta\n|\n|-weather|RainDance|[upkeep]\n|upkeep\n|\n|t:|1774119784\n|switch|p2b: Landorus|Landorus, L50, M|100/100\n|turn|9\n|\n|t:|1774119788\n|move|p2b: Landorus|Sandsear Storm|p1a: Tatsugiri|[spread] p1a,p1b\n|-damage|p1a: Tatsugiri|0 fnt\n|-damage|p1b: Kyogre|0 fnt\n|faint|p1a: Tatsugiri\n|faint|p1b: Kyogre\n|\n|win|Lacossg\n|raw|pigs2fly's rating: 1509 &rarr; <strong>1497</strong><br />(-12 for losing)\n|raw|Lacossg's rating: 1662 &rarr; <strong>1674</strong><br />(+12 for winning)\n|l|\u2606pigs2fly\n|player|p1|\n|l|\u2606Lacossg\n|player|p2|\n|l| Knightdozo\n","uploadtime":1774120058,"views":19,"formatid":"gen9vgc2026regi","rating":1497,"private":0,"password":null}