{"id":"gen9vgc2026regi-2559932970","format":"[Gen 9] VGC 2026 Reg I","players":["bullgod4ever","sleemo2"],"log":"|j|\u2606bullgod4ever\n|j|\u2606sleemo2\n|t:|1773625479\n|gametype|doubles\n|player|p1|bullgod4ever|170|1477\n|player|p2|sleemo2|acetrainerf|1450\n|gen|9\n|tier|[Gen 9] VGC 2026 Reg I\n|rated|\n|rule|Species Clause: Limit one of each Pok\u00e9mon\n|rule|Item Clause: Limit 1 of each item\n|clearpoke\n|poke|p1|Calyrex-Shadow, L50|\n|poke|p1|Zamazenta-*, L50|\n|poke|p1|Chien-Pao, L50|\n|poke|p1|Dragonite, L50, M|\n|poke|p1|Amoonguss, L50, F|\n|poke|p1|Ogerpon-Cornerstone, L50, F|\n|poke|p2|Calyrex-Shadow, L50|\n|poke|p2|Zamazenta-*, L50|\n|poke|p2|Whimsicott, L50, F|\n|poke|p2|Amoonguss, L50, F|\n|poke|p2|Chi-Yu, L50|\n|poke|p2|Regieleki, L50|\n|teampreview|4\n|\n|t:|1773625499\n|teamsize|p1|4\n|teamsize|p2|4\n|start\n|switch|p1a: Dragonite|Dragonite, L50, M|100/100\n|switch|p1b: Chien-Pao|Chien-Pao, L50|100/100\n|switch|p2a: Chi-Yu|Chi-Yu, L50|100/100\n|switch|p2b: Regieleki|Regieleki, L50|100/100\n|-ability|p2a: Chi-Yu|Beads of Ruin\n|-ability|p1b: Chien-Pao|Sword of Ruin\n|turn|1\n|\n|t:|1773625518\n|-terastallize|p1b: Chien-Pao|Ghost\n|move|p1a: Dragonite|Extreme Speed|p2b: Regieleki\n|-damage|p2b: Regieleki|0 fnt\n|faint|p2b: Regieleki\n|move|p1b: Chien-Pao|Ice Shard|p2a: Chi-Yu\n|-resisted|p2a: Chi-Yu\n|-damage|p2a: Chi-Yu|82/100\n|move|p2a: Chi-Yu|Heat Wave|p1b: Chien-Pao|[spread] p1a,p1b\n|-resisted|p1a: Dragonite\n|-damage|p1a: Dragonite|74/100\n|-damage|p1b: Chien-Pao|53/100\n|-status|p1b: Chien-Pao|brn\n|\n|-damage|p1b: Chien-Pao|48/100 brn|[from] brn\n|upkeep\n|\n|t:|1773625530\n|switch|p2b: Calyrex|Calyrex-Shadow, L50|100/100\n|-ability|p2b: Calyrex|As One\n|-ability|p2b: Calyrex|Unnerve\n|turn|2\n|\n|t:|1773625545\n|-terastallize|p2a: Chi-Yu|Ghost\n|move|p1a: Dragonite|Extreme Speed|p2a: Chi-Yu\n|-immune|p2a: Chi-Yu\n|move|p1b: Chien-Pao|Sucker Punch|p2b: Calyrex\n|-supereffective|p2b: Calyrex\n|-damage|p2b: Calyrex|8/100\n|move|p2a: Chi-Yu|Heat Wave|p1a: Dragonite|[spread] p1a,p1b\n|-resisted|p1a: Dragonite\n|-damage|p1a: Dragonite|48/100\n|-damage|p1b: Chien-Pao|2/100 brn\n|move|p2b: Calyrex|Astral Barrage|p1a: Dragonite|[spread] p1a,p1b\n|-supereffective|p1b: Chien-Pao\n|-damage|p1a: Dragonite|0 fnt\n|-damage|p1b: Chien-Pao|0 fnt\n|faint|p1a: Dragonite\n|faint|p1b: Chien-Pao\n|-ability|p2b: Calyrex|Grim Neigh|boost\n|-boost|p2b: Calyrex|spa|2\n|\n|upkeep\n|\n|t:|1773625565\n|switch|p1b: Calyrex|Calyrex-Shadow, L50|100/100\n|switch|p1a: Zamazenta|Zamazenta-Crowned, L50|100/100\n|-ability|p1b: Calyrex|As One\n|-ability|p1b: Calyrex|Unnerve\n|-ability|p1a: Zamazenta|Dauntless Shield|boost\n|-boost|p1a: Zamazenta|def|1\n|turn|3\n|\n|t:|1773625594\n|switch|p2a: Amoonguss|Amoonguss, L50, F, shiny|100/100\n|move|p1a: Zamazenta|Wide Guard|p1a: Zamazenta\n|-singleturn|p1a: Zamazenta|Wide Guard\n|move|p2b: Calyrex|Psychic|p1a: Zamazenta\n|-damage|p1a: Zamazenta|25/100\n|-unboost|p1a: Zamazenta|spd|1\n|move|p1b: Calyrex|Astral Barrage|p2a: Amoonguss|[spread] p2a,p2b\n|-supereffective|p2b: Calyrex\n|-damage|p2a: Amoonguss|63/100\n|-damage|p2b: Calyrex|0 fnt\n|faint|p2b: Calyrex\n|-ability|p1b: Calyrex|Grim Neigh|boost\n|-boost|p1b: Calyrex|spa|1\n|\n|upkeep\n|\n|t:|1773625600\n|switch|p2b: Chi-Yu|Chi-Yu, L50, tera:Ghost|82/100\n|-ability|p2b: Chi-Yu|Beads of Ruin\n|turn|4\n|\n|t:|1773625620\n|move|p1a: Zamazenta|Protect|p1a: Zamazenta\n|-singleturn|p1a: Zamazenta|Protect\n|move|p2b: Chi-Yu|Dark Pulse|p1b: Calyrex\n|-supereffective|p1b: Calyrex\n|-crit|p1b: Calyrex\n|-enditem|p1b: Calyrex|Focus Sash\n|-damage|p1b: Calyrex|1/100\n|cant|p1b: Calyrex|flinch\n|move|p2a: Amoonguss|Spore|p1a: Zamazenta\n|-activate|p1a: Zamazenta|move: Protect\n|\n|upkeep\n|turn|5\n|\n|t:|1773625656\n|move|p1b: Calyrex|Protect|p1b: Calyrex\n|-singleturn|p1b: Calyrex|Protect\n|move|p2a: Amoonguss|Rage Powder|p2a: Amoonguss\n|-singleturn|p2a: Amoonguss|move: Rage Powder\n|move|p2b: Chi-Yu|Dark Pulse|p1b: Calyrex\n|-activate|p1b: Calyrex|move: Protect\n|move|p1a: Zamazenta|Behemoth Bash|p2a: Amoonguss\n|-damage|p2a: Amoonguss|23/100\n|\n|upkeep\n|turn|6\n|\n|t:|1773625676\n|move|p1b: Calyrex|Protect||[still]\n|-fail|p1b: Calyrex\n|move|p2a: Amoonguss|Rage Powder|p2a: Amoonguss\n|-singleturn|p2a: Amoonguss|move: Rage Powder\n|move|p2b: Chi-Yu|Dark Pulse|p1b: Calyrex\n|-supereffective|p1b: Calyrex\n|-damage|p1b: Calyrex|0 fnt\n|-enditem|p2a: Amoonguss|Sitrus Berry|[eat]\n|-heal|p2a: Amoonguss|48/100|[from] item: Sitrus Berry\n|faint|p1b: Calyrex\n|move|p1a: Zamazenta|Behemoth Bash|p2a: Amoonguss\n|-damage|p2a: Amoonguss|11/100\n|\n|upkeep\n|turn|7\n|c|\u2606bullgod4ever|Flinch ftw gg\n|-message|bullgod4ever forfeited.\n|\n|win|sleemo2\n|raw|bullgod4ever's rating: 1477 &rarr; <strong>1455</strong><br />(-22 for losing)\n|raw|sleemo2's rating: 1450 &rarr; <strong>1472</strong><br />(+22 for winning)\n|l|\u2606bullgod4ever\n|player|p1|\n|l|\u2606sleemo2\n|player|p2|\n","uploadtime":1773625963,"views":13,"formatid":"gen9vgc2026regi","rating":1455,"private":0,"password":null}