{"id":"gen9vgc2026regi-2564564492","format":"[Gen 9] VGC 2026 Reg I","players":["VanillaBobcat","I\u2764\ufe0f\u5a1c\u7984Forever"],"log":"|j|\u2606VanillaBobcat\n|j|\u2606I\u2764\ufe0f\u5a1c\u7984Forever\n|t:|1774164901\n|gametype|doubles\n|player|p1|VanillaBobcat|clair-masters|\n|player|p2|I\u2764\ufe0f\u5a1c\u7984Forever|youngcouple-gen4dp|\n|gen|9\n|tier|[Gen 9] VGC 2026 Reg I\n|rated|Tournament battle\n|rule|Species Clause: Limit one of each Pok\u00e9mon\n|rule|Item Clause: Limit 1 of each item\n|clearpoke\n|poke|p1|Ho-Oh, L50|\n|poke|p1|Grimmsnarl, L50, M|\n|poke|p1|Ogerpon-Wellspring, L50, F|\n|poke|p1|Miraidon, L50|\n|poke|p1|Incineroar, L50, M|\n|poke|p1|Iron Treads, L50|\n|poke|p2|Groudon, L50|\n|poke|p2|Kyurem-White, L50|\n|poke|p2|Heatran, L50, M|\n|poke|p2|Whimsicott, L50, F|\n|poke|p2|Ditto, L50|\n|poke|p2|Flutter Mane, L50|\n|teampreview|4\n|c|\u2606VanillaBobcat|glhf\n|\n|t:|1774164959\n|teamsize|p1|4\n|teamsize|p2|4\n|start\n|switch|p1a: Ho-Oh|Ho-Oh, L50|100/100\n|switch|p1b: Iron Treads|Iron Treads, L50|100/100\n|switch|p2a: Kyurem|Kyurem-White, L50|100/100\n|switch|p2b: Heatran|Heatran, L50, M|100/100\n|-ability|p2a: Kyurem|Turboblaze\n|turn|1\n|j| Wumu&Ida312\n|l| Wumu&Ida312\n|\n|t:|1774164992\n|move|p1b: Iron Treads|Protect|p1b: Iron Treads\n|-singleturn|p1b: Iron Treads|Protect\n|move|p1a: Ho-Oh|Sacred Fire|p2a: Kyurem\n|-damage|p2a: Kyurem|49/100\n|-status|p2a: Kyurem|brn\n|move|p2a: Kyurem|Blizzard|p1b: Iron Treads|[spread] p1a\n|-activate|p1b: Iron Treads|move: Protect\n|-damage|p1a: Ho-Oh|67/100\n|move|p2b: Heatran|Substitute|p2b: Heatran\n|-start|p2b: Heatran|Substitute\n|-damage|p2b: Heatran|76/100\n|\n|-heal|p2b: Heatran|82/100|[from] item: Leftovers\n|-damage|p2a: Kyurem|43/100 brn|[from] brn\n|upkeep\n|turn|2\n|\n|t:|1774165022\n|move|p1b: Iron Treads|High Horsepower|p2b: Heatran\n|-supereffective|p2b: Heatran\n|-end|p2b: Heatran|Substitute\n|move|p1a: Ho-Oh|Sacred Fire|p2a: Kyurem\n|-damage|p2a: Kyurem|0 fnt\n|faint|p2a: Kyurem\n|move|p2b: Heatran|Heat Wave|p1b: Iron Treads|[spread] p1b\n|-miss|p2b: Heatran|p1a: Ho-Oh\n|-supereffective|p1b: Iron Treads\n|-enditem|p1b: Iron Treads|Focus Sash\n|-damage|p1b: Iron Treads|1/100\n|\n|-heal|p2b: Heatran|88/100|[from] item: Leftovers\n|upkeep\n|\n|t:|1774165039\n|switch|p2a: Flutter Mane|Flutter Mane, L50|100/100\n|turn|3\n|\n|t:|1774165056\n|move|p1b: Iron Treads|Protect|p1b: Iron Treads\n|-singleturn|p1b: Iron Treads|Protect\n|move|p2a: Flutter Mane|Power Gem|p1a: Ho-Oh\n|-supereffective|p1a: Ho-Oh\n|-damage|p1a: Ho-Oh|0 fnt\n|faint|p1a: Ho-Oh\n|move|p2b: Heatran|Substitute|p2b: Heatran\n|-start|p2b: Heatran|Substitute\n|-damage|p2b: Heatran|63/100\n|\n|-heal|p2b: Heatran|69/100|[from] item: Leftovers\n|upkeep\n|\n|t:|1774165064\n|switch|p1a: Miraidon|Miraidon, L50|100/100\n|-fieldstart|move: Electric Terrain|[from] ability: Hadron Engine|[of] p1a: Miraidon\n|-activate|p1b: Iron Treads|ability: Quark Drive\n|-start|p1b: Iron Treads|quarkdrivespe\n|turn|4\n|\n|t:|1774165086\n|-end|p2a: Flutter Mane|Protosynthesis|[silent]\n|switch|p2a: Groudon|Groudon, L50|100/100\n|-weather|SunnyDay|[from] ability: Drought|[of] p2a: Groudon\n|move|p1b: Iron Treads|Rock Slide|p2a: Groudon|[spread] p2a,p2b\n|-activate|p2b: Heatran|move: Substitute|[damage]\n|-resisted|p2a: Groudon\n|-damage|p2a: Groudon|95/100\n|move|p1a: Miraidon|Parabolic Charge|p2a: Groudon|[spread] p2b\n|-immune|p1b: Iron Treads\n|-immune|p2a: Groudon\n|-end|p2b: Heatran|Substitute\n|move|p2b: Heatran|Heat Wave|p1a: Miraidon|[spread] p1a,p1b\n|-resisted|p1a: Miraidon\n|-supereffective|p1b: Iron Treads\n|-damage|p1a: Miraidon|86/100\n|-damage|p1b: Iron Treads|0 fnt\n|faint|p1b: Iron Treads\n|-end|p1b: Iron Treads|Quark Drive|[silent]\n|\n|-weather|SunnyDay|[upkeep]\n|-heal|p2b: Heatran|75/100|[from] item: Leftovers\n|upkeep\n|\n|t:|1774165104\n|switch|p1b: Ogerpon|Ogerpon-Wellspring, L50, F|100/100\n|turn|5\n|\n|t:|1774165147\n|-terastallize|p1a: Miraidon|Fairy\n|move|p1a: Miraidon|Electro Drift|p2b: Heatran\n|-damage|p2b: Heatran|0 fnt\n|faint|p2b: Heatran\n|move|p1b: Ogerpon|Horn Leech|p2a: Groudon\n|-supereffective|p2a: Groudon\n|-damage|p2a: Groudon|34/100\n|move|p2a: Groudon|Precipice Blades|p1a: Miraidon|[spread] p1a\n|-miss|p2a: Groudon|p1b: Ogerpon\n|-damage|p1a: Miraidon|38/100\n|\n|-weather|SunnyDay|[upkeep]\n|upkeep\n|\n|t:|1774165160\n|switch|p2b: Flutter Mane|Flutter Mane, L50|100/100\n|-activate|p2b: Flutter Mane|ability: Protosynthesis\n|-start|p2b: Flutter Mane|protosynthesisspa\n|turn|6\n|j| aurora ltd\n|\n|t:|1774165186\n|move|p2b: Flutter Mane|Dazzling Gleam|p1a: Miraidon|[spread] p1a,p1b\n|-damage|p1a: Miraidon|7/100\n|-damage|p1b: Ogerpon|32/100\n|move|p1a: Miraidon|Dazzling Gleam|p2b: Flutter Mane|[spread] p2a,p2b\n|-damage|p2a: Groudon|8/100\n|-damage|p2b: Flutter Mane|58/100\n|move|p1b: Ogerpon|Horn Leech|p2a: Groudon\n|-supereffective|p2a: Groudon\n|-damage|p2a: Groudon|0 fnt\n|-heal|p1b: Ogerpon|37/100|[from] drain|[of] p2a: Groudon\n|faint|p2a: Groudon\n|\n|-weather|SunnyDay|[upkeep]\n|upkeep\n|turn|7\n|j| INT Leite Ninho\n|j| to me and me alone\n|\n|t:|1774165230\n|move|p2b: Flutter Mane|Dazzling Gleam|p1a: Miraidon|[spread] p1a,p1b\n|-damage|p1a: Miraidon|0 fnt\n|-damage|p1b: Ogerpon|0 fnt\n|faint|p1a: Miraidon\n|faint|p1b: Ogerpon\n|\n|win|I\u2764\ufe0f\u5a1c\u7984Forever\n|n|\u2606VanillaBobcat|vanillabobcat\n|n|\u2606I\u2764\ufe0f\u5a1c\u7984Forever|iforever\n|n| aurora ltd|auroraltd\n|n| INT Leite Ninho|intleiteninho\n|n| to me and me alone|tomeandmealone\n|c|\u2606VanillaBobcat|gg\n|l|\u2606VanillaBobcat\n|player|p1|\n|l| to me and me alone\n|c|\u2606I\u2764\ufe0f\u5a1c\u7984Forever|ggwp\n","uploadtime":1774165242,"views":12,"formatid":"gen9vgc2026regi","rating":null,"private":0,"password":null}