{"id":"gen9vgc2026regi-2529527286","format":"[Gen 9] VGC 2026 Reg I","players":["CHR1SPHX","magicturtle74"],"log":"|j|\u2606CHR1SPHX\n|j|\u2606magicturtle74\n|t:|1769795848\n|gametype|doubles\n|player|p1|CHR1SPHX|hilbert-wonderlauncher|1309\n|player|p2|magicturtle74|n|1296\n|gen|9\n|tier|[Gen 9] VGC 2026 Reg I\n|rated|\n|rule|Species Clause: Limit one of each Pok\u00e9mon\n|rule|Item Clause: Limit 1 of each item\n|clearpoke\n|poke|p1|Incineroar, L50, M|\n|poke|p1|Koraidon, L50|\n|poke|p1|Flutter Mane, L50|\n|poke|p1|Brute Bonnet, L50|\n|poke|p1|Indeedee-F, L50, F|\n|poke|p1|Calyrex-Ice, L50|\n|poke|p2|Calyrex-Ice, L50|\n|poke|p2|Koraidon, L50|\n|poke|p2|Smeargle, L50, F|\n|poke|p2|Landorus, L50, M|\n|poke|p2|Incineroar, L50, M|\n|poke|p2|Rillaboom, L50, M|\n|teampreview|4\n|inactive|Battle timer is ON: inactive players will automatically lose when time's up. (requested by CHR1SPHX)\n|inactive|CHR1SPHX has 60 seconds left.\n|\n|t:|1769795888\n|teamsize|p1|4\n|teamsize|p2|4\n|start\n|switch|p1a: Koraidon|Koraidon, L50|100/100\n|switch|p1b: Incineroar|Incineroar, L50, M|100/100\n|switch|p2a: Koraidon|Koraidon, L50|100/100\n|switch|p2b: Landorus|Landorus, L50, M|100/100\n|-weather|SunnyDay|[from] ability: Orichalcum Pulse|[of] p2a: Koraidon\n|-activate|p2a: Koraidon|Orichalcum Pulse|[source]\n|-activate|p1a: Koraidon|ability: Orichalcum Pulse\n|-ability|p1b: Incineroar|Intimidate|boost\n|-fail|p2a: Koraidon|unboost|[from] item: Clear Amulet|[of] p2a: Koraidon\n|-unboost|p2b: Landorus|atk|1\n|turn|1\n|\n|t:|1769795909\n|move|p1b: Incineroar|Fake Out|p2a: Koraidon\n|-damage|p2a: Koraidon|89/100\n|cant|p2a: Koraidon|flinch\n|move|p1a: Koraidon|Flame Charge|p2b: Landorus\n|-damage|p2b: Landorus|64/100\n|-boost|p1a: Koraidon|spe|1\n|move|p2b: Landorus|Sandsear Storm|p1b: Incineroar|[spread] p1a,p1b\n|-supereffective|p1b: Incineroar\n|-damage|p1a: Koraidon|65/100\n|-damage|p1b: Incineroar|0 fnt\n|faint|p1b: Incineroar\n|\n|-weather|SunnyDay|[upkeep]\n|upkeep\n|\n|t:|1769795925\n|switch|p1b: Calyrex|Calyrex-Ice, L50|100/100\n|-ability|p1b: Calyrex|As One\n|-ability|p1b: Calyrex|Unnerve\n|turn|2\n|\n|t:|1769795934\n|-terastallize|p1b: Calyrex|Ground\n|move|p1a: Koraidon|Breaking Swipe|p2b: Landorus|[spread] p2a,p2b\n|-supereffective|p2a: Koraidon\n|-damage|p2a: Koraidon|42/100\n|-damage|p2b: Landorus|28/100\n|-unboost|p2b: Landorus|atk|1\n|move|p2a: Koraidon|Flame Charge|p1b: Calyrex\n|-damage|p1b: Calyrex|77/100\n|-boost|p2a: Koraidon|spe|1\n|move|p2b: Landorus|Sandsear Storm|p1b: Calyrex|[spread] p1a\n|-miss|p2b: Landorus|p1b: Calyrex\n|-damage|p1a: Koraidon|28/100\n|move|p1b: Calyrex|Glacial Lance|p2a: Koraidon|[spread] p2a,p2b\n|-supereffective|p2a: Koraidon\n|-supereffective|p2b: Landorus\n|-damage|p2a: Koraidon|0 fnt\n|-damage|p2b: Landorus|0 fnt\n|faint|p2a: Koraidon\n|faint|p2b: Landorus\n|-ability|p1b: Calyrex|Chilling Neigh|boost\n|-boost|p1b: Calyrex|atk|2\n|\n|-weather|SunnyDay|[upkeep]\n|upkeep\n|\n|t:|1769795952\n|switch|p2a: Rillaboom|Rillaboom, L50, M|100/100\n|switch|p2b: 3x attack|Calyrex-Ice, L50|100/100\n|-ability|p2b: 3x attack|As One\n|-ability|p2b: 3x attack|Unnerve\n|-fieldstart|move: Grassy Terrain|[from] ability: Grassy Surge|[of] p2a: Rillaboom\n|turn|3\n|\n|t:|1769795974\n|move|p2a: Rillaboom|Fake Out|p1a: Koraidon\n|-damage|p1a: Koraidon|18/100\n|cant|p1a: Koraidon|flinch\n|move|p2b: 3x attack|Glacial Lance|p1b: Calyrex|[spread] p1a,p1b\n|-supereffective|p1a: Koraidon\n|-supereffective|p1b: Calyrex\n|-damage|p1a: Koraidon|0 fnt\n|-damage|p1b: Calyrex|12/100\n|faint|p1a: Koraidon\n|-ability|p2b: 3x attack|Chilling Neigh|boost\n|-boost|p2b: 3x attack|atk|1\n|move|p1b: Calyrex|Glacial Lance|p2a: Rillaboom|[spread] p2a,p2b\n|-supereffective|p2a: Rillaboom\n|-resisted|p2b: 3x attack\n|-damage|p2a: Rillaboom|0 fnt\n|-damage|p2b: 3x attack|69/100\n|faint|p2a: Rillaboom\n|-ability|p1b: Calyrex|Chilling Neigh|boost\n|-boost|p1b: Calyrex|atk|1\n|\n|-weather|SunnyDay|[upkeep]\n|-heal|p2b: 3x attack|75/100|[from] Grassy Terrain\n|-heal|p2b: 3x attack|81/100|[from] item: Leftovers\n|-heal|p1b: Calyrex|18/100|[from] Grassy Terrain\n|upkeep\n|\n|t:|1769795985\n|switch|p1a: Brute Bonnet|Brute Bonnet, L50, shiny|100/100\n|-activate|p1a: Brute Bonnet|ability: Protosynthesis\n|-start|p1a: Brute Bonnet|protosynthesisdef\n|turn|4\n|\n|t:|1769795993\n|move|p1b: Calyrex|Protect|p1b: Calyrex\n|-singleturn|p1b: Calyrex|Protect\n|move|p2b: 3x attack|Glacial Lance|p1a: Brute Bonnet|[spread] p1a\n|-activate|p1b: Calyrex|move: Protect\n|-supereffective|p1a: Brute Bonnet\n|-damage|p1a: Brute Bonnet|18/100\n|move|p1a: Brute Bonnet|Spore|p2b: 3x attack\n|-status|p2b: 3x attack|slp|[from] move: Spore\n|\n|-weather|SunnyDay|[upkeep]\n|-heal|p2b: 3x attack|87/100 slp|[from] Grassy Terrain\n|-heal|p1a: Brute Bonnet|24/100|[from] Grassy Terrain\n|-heal|p2b: 3x attack|93/100 slp|[from] item: Leftovers\n|-heal|p1b: Calyrex|24/100|[from] Grassy Terrain\n|upkeep\n|turn|5\n|\n|t:|1769796008\n|move|p1a: Brute Bonnet|Lash Out|p2b: 3x attack\n|-supereffective|p2b: 3x attack\n|-damage|p2b: 3x attack|54/100 slp\n|cant|p2b: 3x attack|slp\n|move|p1b: Calyrex|Glacial Lance|p2b: 3x attack\n|-resisted|p2b: 3x attack\n|-damage|p2b: 3x attack|0 fnt\n|-enditem|p1a: Brute Bonnet|Sitrus Berry|[eat]\n|-heal|p1a: Brute Bonnet|49/100|[from] item: Sitrus Berry\n|faint|p2b: 3x attack\n|\n|win|CHR1SPHX\n|raw|CHR1SPHX's rating: 1309 &rarr; <strong>1328</strong><br />(+19 for winning)\n|raw|magicturtle74's rating: 1296 &rarr; <strong>1272</strong><br />(-24 for losing)\n|l|\u2606magicturtle74\n|player|p2|\n|l|\u2606CHR1SPHX\n|player|p1|\n","uploadtime":1769796275,"views":15,"formatid":"gen9vgc2026regi","rating":1272,"private":0,"password":null}