{"id":"gen9vgc2026regi-2559269745","format":"[Gen 9] VGC 2026 Reg I","players":["I\u2764\ufe0f\u5a1c\u7984forever","curfy197"],"log":"|j|\u2606I\u2764\ufe0f\u5a1c\u7984forever\n|j|\u2606curfy197\n|t:|1773540004\n|gametype|doubles\n|player|p1|I\u2764\ufe0f\u5a1c\u7984forever|youngcouple-gen4dp|1341\n|player|p2|curfy197|102|1333\n|gen|9\n|tier|[Gen 9] VGC 2026 Reg I\n|rated|\n|rule|Species Clause: Limit one of each Pok\u00e9mon\n|rule|Item Clause: Limit 1 of each item\n|clearpoke\n|poke|p1|Groudon, L50|\n|poke|p1|Kyurem-White, L50|\n|poke|p1|Heatran, L50, F|\n|poke|p1|Whimsicott, L50, F|\n|poke|p1|Roaring Moon, L50|\n|poke|p1|Ditto, L50|\n|poke|p2|Zacian-*, L50|\n|poke|p2|Lunala, L50|\n|poke|p2|Umbreon, L50, F|\n|poke|p2|Urshifu-*, L50, F|\n|poke|p2|Rillaboom, L50, M|\n|poke|p2|Thundurus, L50, M|\n|teampreview|4\n|inactive|Battle timer is ON: inactive players will automatically lose when time's up. (requested by curfy197)\n|inactive|I\u2764\ufe0f\u5a1c\u7984forever has 60 seconds left.\n|\n|t:|1773540037\n|teamsize|p1|4\n|teamsize|p2|4\n|start\n|switch|p1a: Kyurem|Kyurem-White, L50|100/100\n|switch|p1b: Heatran|Heatran, L50, F|100/100\n|switch|p2a: Thundurus|Thundurus, L50, M|100/100\n|switch|p2b: Urshifu|Urshifu-Rapid-Strike, L50, F|100/100\n|-ability|p1a: Kyurem|Turboblaze\n|turn|1\n|inactive|curfy197 has 30 seconds left.\n|\n|t:|1773540063\n|move|p2a: Thundurus|Rain Dance|p2a: Thundurus\n|-weather|RainDance\n|move|p2b: Urshifu|Close Combat|p1a: Kyurem\n|-supereffective|p1a: Kyurem\n|-damage|p1a: Kyurem|0 fnt\n|-unboost|p2b: Urshifu|def|1\n|-unboost|p2b: Urshifu|spd|1\n|faint|p1a: Kyurem\n|move|p1b: Heatran|Substitute|p1b: Heatran\n|-start|p1b: Heatran|Substitute\n|-damage|p1b: Heatran|76/100\n|\n|-weather|RainDance|[upkeep]\n|-heal|p1b: Heatran|82/100|[from] item: Leftovers\n|upkeep\n|\n|t:|1773540071\n|switch|p1a: Groudon|Groudon, L50|100/100\n|-weather|SunnyDay|[from] ability: Drought|[of] p1a: Groudon\n|turn|2\n|\n|t:|1773540087\n|switch|p2b: Lunala|Lunala, L50|100/100\n|-terastallize|p1a: Groudon|Water\n|move|p2a: Thundurus|Rain Dance|p2a: Thundurus\n|-weather|RainDance\n|move|p1a: Groudon|Precipice Blades|p2a: Thundurus|[spread] p2b\n|-immune|p2a: Thundurus\n|-damage|p2b: Lunala|80/100\n|move|p1b: Heatran|Earth Power|p2b: Lunala\n|-damage|p2b: Lunala|58/100\n|\n|-weather|RainDance|[upkeep]\n|-heal|p1b: Heatran|88/100|[from] item: Leftovers\n|upkeep\n|turn|3\n|inactive|curfy197 has 30 seconds left.\n|\n|t:|1773540112\n|move|p2a: Thundurus|Thunderbolt|p1a: Groudon\n|-supereffective|p1a: Groudon\n|-damage|p1a: Groudon|57/100\n|move|p2b: Lunala|Meteor Beam||[still]\n|-prepare|p2b: Lunala|Meteor Beam\n|-boost|p2b: Lunala|spa|1\n|-enditem|p2b: Lunala|Power Herb\n|-anim|p2b: Lunala|Meteor Beam|p1a: Groudon|[miss]\n|-miss|p2b: Lunala|p1a: Groudon\n|move|p1a: Groudon|Crunch|p2b: Lunala\n|-supereffective|p2b: Lunala\n|-damage|p2b: Lunala|0 fnt\n|faint|p2b: Lunala\n|move|p1b: Heatran|Heat Wave|p2a: Thundurus\n|-damage|p2a: Thundurus|71/100\n|\n|-weather|RainDance|[upkeep]\n|-heal|p1b: Heatran|94/100|[from] item: Leftovers\n|upkeep\n|\n|t:|1773540130\n|switch|p2b: Urshifu|Urshifu-Rapid-Strike, L50, F|100/100\n|turn|4\n|\n|t:|1773540136\n|move|p2b: Urshifu|Surging Strikes|p1b: Heatran\n|-supereffective|p1b: Heatran\n|-crit|p1b: Heatran\n|-end|p1b: Heatran|Substitute\n|-supereffective|p1b: Heatran\n|-crit|p1b: Heatran\n|-damage|p1b: Heatran|41/100\n|-status|p2b: Urshifu|brn|[from] ability: Flame Body|[of] p1b: Heatran\n|-supereffective|p1b: Heatran\n|-crit|p1b: Heatran\n|-damage|p1b: Heatran|14/100\n|-hitcount|p1b: Heatran|3\n|move|p2a: Thundurus|Thunderbolt|p1a: Groudon\n|-supereffective|p1a: Groudon\n|-damage|p1a: Groudon|13/100\n|-status|p1a: Groudon|par\n|move|p1b: Heatran|Earth Power|p2b: Urshifu\n|-damage|p2b: Urshifu|58/100 brn\n|cant|p1a: Groudon|par\n|\n|-weather|RainDance|[upkeep]\n|-heal|p1b: Heatran|20/100|[from] item: Leftovers\n|-damage|p2b: Urshifu|52/100 brn|[from] brn\n|upkeep\n|turn|5\n|\n|t:|1773540159\n|move|p2b: Urshifu|Surging Strikes|p1b: Heatran\n|-supereffective|p1b: Heatran\n|-crit|p1b: Heatran\n|-damage|p1b: Heatran|0 fnt\n|faint|p1b: Heatran\n|-hitcount|p1: Heatran|1\n|move|p2a: Thundurus|Thunderbolt|p1a: Groudon\n|-supereffective|p1a: Groudon\n|-damage|p1a: Groudon|0 fnt\n|faint|p1a: Groudon\n|\n|-weather|RainDance|[upkeep]\n|-damage|p2b: Urshifu|45/100 brn|[from] brn\n|upkeep\n|\n|t:|1773540162\n|switch|p1b: Ditto|Ditto, L50|100/100\n|-transform|p1b: Ditto|p2a: Thundurus|[from] ability: Imposter\n|turn|6\n|\n|t:|1773540184\n|move|p2a: Thundurus|Scary Face|p1b: Ditto\n|-unboost|p1b: Ditto|spe|2\n|move|p2b: Urshifu|Surging Strikes|p1b: Ditto\n|-crit|p1b: Ditto\n|-damage|p1b: Ditto|82/100\n|-crit|p1b: Ditto\n|-damage|p1b: Ditto|62/100\n|-crit|p1b: Ditto\n|-damage|p1b: Ditto|43/100\n|-hitcount|p1b: Ditto|3\n|move|p1b: Ditto|Thunderbolt|p2a: Thundurus\n|-damage|p2a: Thundurus|24/100\n|\n|-weather|none\n|-damage|p2b: Urshifu|39/100 brn|[from] brn\n|upkeep\n|turn|7\n|inactive|I\u2764\ufe0f\u5a1c\u7984forever has 30 seconds left.\n|inactive|I\u2764\ufe0f\u5a1c\u7984forever has 20 seconds left.\n|inactive|I\u2764\ufe0f\u5a1c\u7984forever has 15 seconds left.\n|inactive|I\u2764\ufe0f\u5a1c\u7984forever has 10 seconds left.\n|inactive|I\u2764\ufe0f\u5a1c\u7984forever has 5 seconds left.\n|\n|t:|1773540239\n|move|p2a: Thundurus|Eerie Impulse|p1b: Ditto\n|-unboost|p1b: Ditto|spa|2\n|move|p2b: Urshifu|Surging Strikes|p1b: Ditto\n|-crit|p1b: Ditto\n|-damage|p1b: Ditto|29/100\n|-crit|p1b: Ditto\n|-damage|p1b: Ditto|16/100\n|-crit|p1b: Ditto\n|-damage|p1b: Ditto|3/100\n|-hitcount|p1b: Ditto|3\n|move|p1b: Ditto|Thunderbolt|p2b: Urshifu\n|-supereffective|p2b: Urshifu\n|-crit|p2b: Urshifu\n|-damage|p2b: Urshifu|0 fnt\n|faint|p2b: Urshifu\n|\n|upkeep\n|\n|t:|1773540253\n|switch|p2b: Zacian|Zacian-Crowned, L50|100/100\n|-ability|p2b: Zacian|Intrepid Sword|boost\n|-boost|p2b: Zacian|atk|1\n|turn|8\n|\n|t:|1773540261\n|move|p2b: Zacian|Behemoth Blade|p1b: Ditto|[miss]\n|-miss|p2b: Zacian|p1b: Ditto\n|move|p2a: Thundurus|Thunderbolt|p1b: Ditto|[miss]\n|-miss|p2a: Thundurus|p1b: Ditto\n|move|p1b: Ditto|Thunderbolt|p2a: Thundurus\n|-crit|p2a: Thundurus\n|-damage|p2a: Thundurus|0 fnt\n|faint|p2a: Thundurus\n|\n|upkeep\n|turn|9\n|\n|t:|1773540274\n|move|p2b: Zacian|Behemoth Blade|p1b: Ditto\n|-resisted|p1b: Ditto\n|-damage|p1b: Ditto|0 fnt\n|faint|p1b: Ditto\n|\n|win|curfy197\n|raw|I\u2764\ufe0f\u5a1c\u7984forever's rating: 1341 &rarr; <strong>1321</strong><br />(-20 for losing)\n|raw|curfy197's rating: 1333 &rarr; <strong>1353</strong><br />(+20 for winning)\n|l|\u2606I\u2764\ufe0f\u5a1c\u7984forever\n|player|p1|\n|l|\u2606curfy197\n|player|p2|\n","uploadtime":1773540433,"views":29,"formatid":"gen9vgc2026regi","rating":1321,"private":0,"password":null}