{"id":"gen9vgc2026regi-2544211557","format":"[Gen 9] VGC 2026 Reg I","players":["n dfdcn","Bef6"],"log":"|j|\u2606n dfdcn\n|j|\u2606Bef6\n|t:|1771678745\n|gametype|doubles\n|player|p1|n dfdcn|hilbert|1353\n|player|p2|Bef6|265|1588\n|gen|9\n|tier|[Gen 9] VGC 2026 Reg I\n|rated|\n|rule|Species Clause: Limit one of each Pok\u00e9mon\n|rule|Item Clause: Limit 1 of each item\n|clearpoke\n|poke|p1|Brute Bonnet, L50|\n|poke|p1|Lunala, L50|\n|poke|p1|Ursaluna, L50, M|\n|poke|p1|Chi-Yu, L50|\n|poke|p1|Koraidon, L50|\n|poke|p1|Flutter Mane, L50|\n|poke|p2|Ho-Oh, L50|\n|poke|p2|Koraidon, L50|\n|poke|p2|Flutter Mane, L50|\n|poke|p2|Incineroar, L50, M|\n|poke|p2|Raging Bolt, L50|\n|poke|p2|Rhydon, L50, M|\n|teampreview|4\n|\n|t:|1771678821\n|teamsize|p1|4\n|teamsize|p2|4\n|start\n|switch|p1a: Edgy boi|Brute Bonnet, L50|100/100\n|switch|p1b: BLACK REAPER|Lunala, L50, shiny|100/100\n|switch|p2a: Incineroar|Incineroar, L50, M|100/100\n|switch|p2b: Flutter Mane|Flutter Mane, L50|100/100\n|-ability|p2a: Incineroar|Intimidate|boost\n|-unboost|p1a: Edgy boi|atk|1\n|-unboost|p1b: BLACK REAPER|atk|1\n|turn|1\n|\n|t:|1771678838\n|move|p2b: Flutter Mane|Icy Wind|p1b: BLACK REAPER|[spread] p1a,p1b\n|-supereffective|p1a: Edgy boi\n|-damage|p1a: Edgy boi|80/100\n|-damage|p1b: BLACK REAPER|96/100\n|-unboost|p1a: Edgy boi|spe|1\n|-unboost|p1b: BLACK REAPER|spe|1\n|move|p2a: Incineroar|Knock Off|p1b: BLACK REAPER\n|-supereffective|p1b: BLACK REAPER\n|-damage|p1b: BLACK REAPER|0 fnt\n|-enditem|p1b: BLACK REAPER|Power Herb|[from] move: Knock Off|[of] p2a: Incineroar\n|faint|p1b: BLACK REAPER\n|move|p1a: Edgy boi|Spore|p2b: Flutter Mane\n|-status|p2b: Flutter Mane|slp|[from] move: Spore\n|\n|upkeep\n|\n|t:|1771678850\n|switch|p1b: SHU TSUKIYAMA|Koraidon, L50|100/100\n|-weather|SunnyDay|[from] ability: Orichalcum Pulse|[of] p1b: SHU TSUKIYAMA\n|-activate|p2b: Flutter Mane|ability: Protosynthesis\n|-start|p2b: Flutter Mane|protosynthesisspe\n|-activate|p1a: Edgy boi|ability: Protosynthesis\n|-start|p1a: Edgy boi|protosynthesisspd\n|-activate|p1b: SHU TSUKIYAMA|Orichalcum Pulse|[source]\n|turn|2\n|\n|t:|1771678876\n|switch|p2a: Ho-Oh|Ho-Oh, L50|100/100\n|cant|p2b: Flutter Mane|slp\n|move|p1b: SHU TSUKIYAMA|Close Combat|p2a: Ho-Oh\n|-resisted|p2a: Ho-Oh\n|-damage|p2a: Ho-Oh|56/100\n|-unboost|p1b: SHU TSUKIYAMA|def|1\n|-unboost|p1b: SHU TSUKIYAMA|spd|1\n|-damage|p1b: SHU TSUKIYAMA|91/100|[from] item: Life Orb\n|move|p1a: Edgy boi|Seed Bomb|p2b: Flutter Mane\n|-damage|p2b: Flutter Mane|50/100 slp\n|\n|-weather|SunnyDay|[upkeep]\n|upkeep\n|turn|3\n|\n|t:|1771678895\n|switch|p2a: Incineroar|Incineroar, L50, M|100/100\n|-ability|p2a: Incineroar|Intimidate|boost\n|-unboost|p1a: Edgy boi|atk|1\n|-unboost|p1b: SHU TSUKIYAMA|atk|1\n|-terastallize|p1a: Edgy boi|Water\n|move|p1b: SHU TSUKIYAMA|Protect|p1b: SHU TSUKIYAMA\n|-singleturn|p1b: SHU TSUKIYAMA|Protect\n|cant|p2b: Flutter Mane|slp\n|move|p1a: Edgy boi|Spore|p2a: Incineroar\n|-activate|p2a: Incineroar|item: Safety Goggles|Spore\n|\n|-weather|SunnyDay|[upkeep]\n|upkeep\n|turn|4\n|\n|t:|1771678944\n|switch|p1b: NISHIKI|Ursaluna, L50, M|100/100\n|move|p2a: Incineroar|Fake Out|p1b: NISHIKI\n|-damage|p1b: NISHIKI|92/100\n|-curestatus|p2b: Flutter Mane|slp|[msg]\n|move|p2b: Flutter Mane|Moonblast|p1b: NISHIKI\n|-crit|p1b: NISHIKI\n|-damage|p1b: NISHIKI|30/100\n|move|p1a: Edgy boi|Seed Bomb|p2b: Flutter Mane\n|-damage|p2b: Flutter Mane|15/100\n|\n|-weather|SunnyDay|[upkeep]\n|-status|p1b: NISHIKI|brn|[from] item: Flame Orb\n|upkeep\n|turn|5\n|\n|t:|1771678966\n|move|p2b: Flutter Mane|Protect|p2b: Flutter Mane\n|-singleturn|p2b: Flutter Mane|Protect\n|move|p1a: Edgy boi|Sucker Punch||[still]\n|-fail|p1a: Edgy boi\n|move|p2a: Incineroar|Knock Off|p1b: NISHIKI\n|-damage|p1b: NISHIKI|3/100 brn\n|-enditem|p1b: NISHIKI|Flame Orb|[from] move: Knock Off|[of] p2a: Incineroar\n|move|p1b: NISHIKI|Facade|p2a: Incineroar\n|-damage|p2a: Incineroar|0 fnt\n|faint|p2a: Incineroar\n|\n|-weather|SunnyDay|[upkeep]\n|-damage|p1b: NISHIKI|0 fnt|[from] brn\n|faint|p1b: NISHIKI\n|upkeep\n|\n|t:|1771678995\n|switch|p2a: Koraidon|Koraidon, L50|100/100\n|switch|p1b: SHU TSUKIYAMA|Koraidon, L50|91/100\n|-activate|p1b: SHU TSUKIYAMA|ability: Orichalcum Pulse\n|-activate|p2a: Koraidon|ability: Orichalcum Pulse\n|turn|6\n|\n|t:|1771679010\n|-terastallize|p2b: Flutter Mane|Fairy\n|move|p1a: Edgy boi|Rage Powder|p1a: Edgy boi\n|-singleturn|p1a: Edgy boi|move: Rage Powder\n|move|p2b: Flutter Mane|Moonblast|p1a: Edgy boi\n|-damage|p1a: Edgy boi|45/100\n|-enditem|p1a: Edgy boi|Sitrus Berry|[eat]\n|-heal|p1a: Edgy boi|69/100|[from] item: Sitrus Berry\n|move|p1b: SHU TSUKIYAMA|Close Combat|p2a: Koraidon\n|-damage|p2a: Koraidon|0 fnt\n|-unboost|p1b: SHU TSUKIYAMA|def|1\n|-unboost|p1b: SHU TSUKIYAMA|spd|1\n|faint|p2a: Koraidon\n|-damage|p1b: SHU TSUKIYAMA|81/100|[from] item: Life Orb\n|\n|-weather|none\n|-end|p2b: Flutter Mane|Protosynthesis\n|-end|p1a: Edgy boi|Protosynthesis\n|upkeep\n|j| StormKart0217\n|\n|t:|1771679017\n|switch|p2a: Ho-Oh|Ho-Oh, L50|89/100\n|turn|7\n|l| StormKart0217\n|\n|t:|1771679029\n|move|p1a: Edgy boi|Rage Powder|p1a: Edgy boi\n|-singleturn|p1a: Edgy boi|move: Rage Powder\n|move|p1b: SHU TSUKIYAMA|Flame Charge|p2b: Flutter Mane\n|-damage|p2b: Flutter Mane|0 fnt\n|-boost|p1b: SHU TSUKIYAMA|spe|1\n|faint|p2b: Flutter Mane\n|-end|p2b: Flutter Mane|Protosynthesis|[silent]\n|-damage|p1b: SHU TSUKIYAMA|72/100|[from] item: Life Orb\n|move|p2a: Ho-Oh|Brave Bird|p1a: Edgy boi\n|-damage|p1a: Edgy boi|29/100\n|-damage|p2a: Ho-Oh|75/100|[from] Recoil\n|\n|upkeep\n|turn|8\n|\n|t:|1771679044\n|move|p1b: SHU TSUKIYAMA|Protect|p1b: SHU TSUKIYAMA\n|-singleturn|p1b: SHU TSUKIYAMA|Protect\n|move|p1a: Edgy boi|Sucker Punch|p2a: Ho-Oh\n|-damage|p2a: Ho-Oh|62/100\n|move|p2a: Ho-Oh|Brave Bird|p1b: SHU TSUKIYAMA\n|-activate|p1b: SHU TSUKIYAMA|move: Protect\n|\n|upkeep\n|turn|9\n|\n|t:|1771679065\n|move|p1a: Edgy boi|Rage Powder|p1a: Edgy boi\n|-singleturn|p1a: Edgy boi|move: Rage Powder\n|move|p1b: SHU TSUKIYAMA|Close Combat|p2a: Ho-Oh\n|-resisted|p2a: Ho-Oh\n|-damage|p2a: Ho-Oh|27/100\n|-unboost|p1b: SHU TSUKIYAMA|def|1\n|-unboost|p1b: SHU TSUKIYAMA|spd|1\n|-damage|p1b: SHU TSUKIYAMA|62/100|[from] item: Life Orb\n|move|p2a: Ho-Oh|Brave Bird|p1a: Edgy boi\n|-damage|p1a: Edgy boi|0 fnt\n|faint|p1a: Edgy boi\n|-end|p1a: Edgy boi|Protosynthesis|[silent]\n|-damage|p2a: Ho-Oh|17/100|[from] Recoil\n|\n|upkeep\n|turn|10\n|\n|t:|1771679077\n|move|p1b: SHU TSUKIYAMA|Close Combat|p2a: Ho-Oh\n|-resisted|p2a: Ho-Oh\n|-damage|p2a: Ho-Oh|0 fnt\n|-unboost|p1b: SHU TSUKIYAMA|def|1\n|-unboost|p1b: SHU TSUKIYAMA|spd|1\n|faint|p2a: Ho-Oh\n|-damage|p1b: SHU TSUKIYAMA|52/100|[from] item: Life Orb\n|\n|win|n dfdcn\n|raw|n dfdcn's rating: 1353 &rarr; <strong>1385</strong><br />(+32 for winning)\n|raw|Bef6's rating: 1588 &rarr; <strong>1556</strong><br />(-32 for losing)\n|l|\u2606Bef6\n|player|p2|\n|c|\u2606n dfdcn|holy comeback\n","uploadtime":1771679096,"views":29,"formatid":"gen9vgc2026regi","rating":1385,"private":0,"password":null}