{"id":"gen9vgc2026regi-2513840121","format":"[Gen 9] VGC 2026 Reg I","players":["alxback","dasabe\u76d6\u6b27\u5361\u4fa0"],"log":"|j|\u203dalxback\n|j|\u2606dasabe\u76d6\u6b27\u5361\u4fa0\n|t:|1767790962\n|gametype|doubles\n|player|p1|alxback|swimmer|1236\n|player|p2|dasabe\u76d6\u6b27\u5361\u4fa0|may-masters4|1376\n|gen|9\n|tier|[Gen 9] VGC 2026 Reg I\n|rated|\n|rule|Species Clause: Limit one of each Pok\u00e9mon\n|rule|Item Clause: Limit 1 of each item\n|clearpoke\n|poke|p1|Incineroar, L50, M|\n|poke|p1|Calyrex-Shadow, L50|\n|poke|p1|Miraidon, L50|\n|poke|p1|Grimmsnarl, L50, M|\n|poke|p1|Wo-Chien, L50|\n|poke|p1|Pachirisu, L50, F|\n|poke|p2|Calyrex-Ice, L50|\n|poke|p2|Kyogre, L50|\n|poke|p2|Smeargle, L50, M|\n|poke|p2|Rillaboom, L50, F|\n|poke|p2|Urshifu-*, L50, M|\n|poke|p2|Landorus, L50, M|\n|teampreview|4\n|inactive|Battle timer is ON: inactive players will automatically lose when time's up. (requested by alxback)\n|j| blackred123\u6c38\u96cf\u5854\u83f2\u4fa0\n|j| sakiko move\n|inactive|alxback has 60 seconds left.\n|inactive|dasabe\u76d6\u6b27\u5361\u4fa0 has 60 seconds left.\n|c| sakiko move|\u773c\n|c| sakiko move|hlgf\n|inactive|alxback has 30 seconds left.\n|inactive|alxback has 20 seconds left.\n|\n|t:|1767791033\n|teamsize|p1|4\n|teamsize|p2|4\n|start\n|switch|p1a: Grimmsnarl|Grimmsnarl, L50, M|100/100\n|switch|p1b: Miraidon|Miraidon, L50|100/100\n|switch|p2a: \u9e7f\u51a0\u738b|Calyrex-Ice, L50|100/100\n|switch|p2b: \u5c0f\u7b14\u7ea2\u80bf|Smeargle, L50, M, shiny|100/100\n|-ability|p2a: \u9e7f\u51a0\u738b|As One\n|-ability|p2a: \u9e7f\u51a0\u738b|Unnerve\n|-fieldstart|move: Electric Terrain|[from] ability: Hadron Engine|[of] p1b: Miraidon\n|turn|1\n|\n|t:|1767791048\n|-terastallize|p1b: Miraidon|Fairy\n|move|p2b: \u5c0f\u7b14\u7ea2\u80bf|Fake Out|p1a: Grimmsnarl\n|-damage|p1a: Grimmsnarl|96/100\n|cant|p1a: Grimmsnarl|flinch\n|move|p1b: Miraidon|Calm Mind|p1b: Miraidon\n|-boost|p1b: Miraidon|spa|1\n|-boost|p1b: Miraidon|spd|1\n|move|p2a: \u9e7f\u51a0\u738b|Glacial Lance|p1b: Miraidon|[spread] p1a,p1b\n|-damage|p1a: Grimmsnarl|43/100\n|-damage|p1b: Miraidon|58/100\n|\n|-ability|p2b: \u5c0f\u7b14\u7ea2\u80bf|Moody|boost\n|-boost|p2b: \u5c0f\u7b14\u7ea2\u80bf|spd|2\n|-unboost|p2b: \u5c0f\u7b14\u7ea2\u80bf|spa|1\n|upkeep\n|turn|2\n|\n|t:|1767791066\n|move|p1b: Miraidon|Protect|p1b: Miraidon\n|-singleturn|p1b: Miraidon|Protect\n|move|p2b: \u5c0f\u7b14\u7ea2\u80bf|Follow Me|p2b: \u5c0f\u7b14\u7ea2\u80bf\n|-singleturn|p2b: \u5c0f\u7b14\u7ea2\u80bf|move: Follow Me\n|move|p1a: Grimmsnarl|Thunder Wave|p2b: \u5c0f\u7b14\u7ea2\u80bf\n|-status|p2b: \u5c0f\u7b14\u7ea2\u80bf|par\n|move|p2a: \u9e7f\u51a0\u738b|Glacial Lance|p1b: Miraidon|[spread] p1a\n|-activate|p1b: Miraidon|move: Protect\n|-crit|p1a: Grimmsnarl\n|-damage|p1a: Grimmsnarl|0 fnt\n|faint|p1a: Grimmsnarl\n|-ability|p2a: \u9e7f\u51a0\u738b|Chilling Neigh|boost\n|-boost|p2a: \u9e7f\u51a0\u738b|atk|1\n|\n|-ability|p2b: \u5c0f\u7b14\u7ea2\u80bf|Moody|boost\n|-boost|p2b: \u5c0f\u7b14\u7ea2\u80bf|spa|2\n|-unboost|p2b: \u5c0f\u7b14\u7ea2\u80bf|def|1\n|upkeep\n|\n|t:|1767791072\n|switch|p1a: Pachirisu|Pachirisu, L50, F|100/100\n|turn|3\n|\n|t:|1767791079\n|move|p2b: \u5c0f\u7b14\u7ea2\u80bf|Wide Guard|p2b: \u5c0f\u7b14\u7ea2\u80bf\n|-singleturn|p2b: \u5c0f\u7b14\u7ea2\u80bf|Wide Guard\n|move|p1b: Miraidon|Parabolic Charge|p2a: \u9e7f\u51a0\u738b|[spread] \n|-activate|p2a: \u9e7f\u51a0\u738b|move: Wide Guard\n|-activate|p2b: \u5c0f\u7b14\u7ea2\u80bf|move: Wide Guard\n|-immune|p1a: Pachirisu|[from] ability: Volt Absorb\n|move|p1a: Pachirisu|Nuzzle|p2a: \u9e7f\u51a0\u738b\n|-damage|p2a: \u9e7f\u51a0\u738b|96/100\n|-status|p2a: \u9e7f\u51a0\u738b|par\n|cant|p2a: \u9e7f\u51a0\u738b|par\n|\n|-heal|p2a: \u9e7f\u51a0\u738b|100/100 par|[from] item: Leftovers\n|-ability|p2b: \u5c0f\u7b14\u7ea2\u80bf|Moody|boost\n|-boost|p2b: \u5c0f\u7b14\u7ea2\u80bf|spa|2\n|-unboost|p2b: \u5c0f\u7b14\u7ea2\u80bf|spe|1\n|upkeep\n|turn|4\n|c| sakiko move|\u6211\u53bb\n|\n|t:|1767791092\n|cant|p2b: \u5c0f\u7b14\u7ea2\u80bf|par\n|move|p1b: Miraidon|Dragon Pulse|p2b: \u5c0f\u7b14\u7ea2\u80bf\n|-damage|p2b: \u5c0f\u7b14\u7ea2\u80bf|9/100 par\n|move|p1a: Pachirisu|Nuzzle|p2a: \u9e7f\u51a0\u738b\n|-damage|p2a: \u9e7f\u51a0\u738b|97/100 par\n|move|p2a: \u9e7f\u51a0\u738b|Trick Room|p2a: \u9e7f\u51a0\u738b\n|-fieldstart|move: Trick Room|[of] p2a: \u9e7f\u51a0\u738b\n|\n|-heal|p2a: \u9e7f\u51a0\u738b|100/100 par|[from] item: Leftovers\n|-ability|p2b: \u5c0f\u7b14\u7ea2\u80bf|Moody|boost\n|-boost|p2b: \u5c0f\u7b14\u7ea2\u80bf|def|2\n|-unboost|p2b: \u5c0f\u7b14\u7ea2\u80bf|spd|1\n|upkeep\n|turn|5\n|c| sakiko move|\u5389\u5bb3\u4e86\n|c| sakiko move|\u4f46\u662f\n|\n|t:|1767791103\n|move|p1a: Pachirisu|Protect|p1a: Pachirisu\n|-singleturn|p1a: Pachirisu|Protect\n|move|p2b: \u5c0f\u7b14\u7ea2\u80bf|Follow Me|p2b: \u5c0f\u7b14\u7ea2\u80bf\n|-singleturn|p2b: \u5c0f\u7b14\u7ea2\u80bf|move: Follow Me\n|move|p2a: \u9e7f\u51a0\u738b|Glacial Lance|p1a: Pachirisu|[spread] p1b\n|-activate|p1a: Pachirisu|move: Protect\n|-damage|p1b: Miraidon|0 fnt\n|faint|p1b: Miraidon\n|-ability|p2a: \u9e7f\u51a0\u738b|Chilling Neigh|boost\n|-boost|p2a: \u9e7f\u51a0\u738b|atk|1\n|\n|-fieldend|move: Electric Terrain\n|-ability|p2b: \u5c0f\u7b14\u7ea2\u80bf|Moody|boost\n|-boost|p2b: \u5c0f\u7b14\u7ea2\u80bf|spa|2\n|-unboost|p2b: \u5c0f\u7b14\u7ea2\u80bf|spd|1\n|upkeep\n|c| sakiko move|\u6709\u70b9\u770b\u4e0d\u61c2\n|\n|t:|1767791115\n|switch|p1b: Calyrex|Calyrex-Shadow, L50|100/100\n|-ability|p1b: Calyrex|As One\n|-ability|p1b: Calyrex|Unnerve\n|turn|6\n|\n|t:|1767791127\n|-terastallize|p2a: \u9e7f\u51a0\u738b|Fairy\n|move|p1a: Pachirisu|Protect||[still]\n|-fail|p1a: Pachirisu\n|cant|p2a: \u9e7f\u51a0\u738b|par\n|move|p2b: \u5c0f\u7b14\u7ea2\u80bf|Spore|p1b: Calyrex\n|-status|p1b: Calyrex|slp|[from] move: Spore\n|cant|p1b: Calyrex|slp\n|\n|-ability|p2b: \u5c0f\u7b14\u7ea2\u80bf|Moody|boost\n|-boost|p2b: \u5c0f\u7b14\u7ea2\u80bf|spe|2\n|-unboost|p2b: \u5c0f\u7b14\u7ea2\u80bf|spd|1\n|upkeep\n|turn|7\n|-message|alxback forfeited.\n|\n|win|dasabe\u76d6\u6b27\u5361\u4fa0\n|raw|alxback's rating: 1236 &rarr; <strong>1221</strong><br />(-15 for losing)\n|raw|dasabe\u76d6\u6b27\u5361\u4fa0's rating: 1376 &rarr; <strong>1388</strong><br />(+12 for winning)\n|l|\u203dalxback\n|player|p1|\n|l|\u2606dasabe\u76d6\u6b27\u5361\u4fa0\n|player|p2|\n|l| sakiko move\n|j| sakiko move\n|l| sakiko move\n|j| sakiko move\n|l| sakiko move\n","uploadtime":1767791165,"views":15,"formatid":"gen9vgc2026regi","rating":1221,"private":0,"password":null}