{"id":"gen9vgc2026regi-2575612361","format":"[Gen 9] VGC 2026 Reg I","players":["yubanmeiqin\u7a7a\u4e4b\u5883\u754c","blackred123"],"log":"|j|\u2606yubanmeiqin\u7a7a\u4e4b\u5883\u754c\n|j|\u2606blackred123\n|t:|1775375515\n|gametype|doubles\n|player|p1|yubanmeiqin\u7a7a\u4e4b\u5883\u754c|iono-masters|1490\n|player|p2|blackred123|iono-masters|1568\n|gen|9\n|tier|[Gen 9] VGC 2026 Reg I\n|rated|\n|rule|Species Clause: Limit one of each Pok\u00e9mon\n|rule|Item Clause: Limit 1 of each item\n|clearpoke\n|poke|p1|Miraidon, L50|\n|poke|p1|Grimmsnarl, L50, M|\n|poke|p1|Volcarona, L50, M|\n|poke|p1|Zamazenta-*, L50|\n|poke|p1|Ditto, L50|\n|poke|p1|Iron Hands, L50|\n|poke|p2|Zamazenta-*, L50|\n|poke|p2|Calyrex-Shadow, L50|\n|poke|p2|Tornadus, L50, M|\n|poke|p2|Rillaboom, L50, F|\n|poke|p2|Smeargle, L50, F|\n|poke|p2|Raging Bolt, L50|\n|teampreview|4\n|inactive|Battle timer is ON: inactive players will automatically lose when time's up. (requested by blackred123)\n|\n|t:|1775375537\n|teamsize|p1|4\n|teamsize|p2|4\n|start\n|switch|p1a: Grimmsnarl|Grimmsnarl, L50, M|100/100\n|switch|p1b: Volcarona|Volcarona, L50, M|100/100\n|switch|p2a: \u556a\u53fd\u556a\uff08\u5657\u53fd\u58f0\uff09|Zamazenta-Crowned, L50|100/100\n|switch|p2b: \u9694\u58c1\u8001\u738b\u7231\u9001\u8349\u539f|Rillaboom, L50, F|100/100\n|-ability|p2a: \u556a\u53fd\u556a\uff08\u5657\u53fd\u58f0\uff09|Dauntless Shield|boost\n|-boost|p2a: \u556a\u53fd\u556a\uff08\u5657\u53fd\u58f0\uff09|def|1\n|-fieldstart|move: Grassy Terrain|[from] ability: Grassy Surge|[of] p2b: \u9694\u58c1\u8001\u738b\u7231\u9001\u8349\u539f\n|turn|1\n|\n|t:|1775375550\n|move|p2b: \u9694\u58c1\u8001\u738b\u7231\u9001\u8349\u539f|Fake Out|p1a: Grimmsnarl\n|-damage|p1a: Grimmsnarl|88/100\n|cant|p1a: Grimmsnarl|flinch\n|move|p2a: \u556a\u53fd\u556a\uff08\u5657\u53fd\u58f0\uff09|Heavy Slam|p1a: Grimmsnarl\n|-supereffective|p1a: Grimmsnarl\n|-damage|p1a: Grimmsnarl|0 fnt\n|faint|p1a: Grimmsnarl\n|move|p1b: Volcarona|Quiver Dance|p1b: Volcarona\n|-boost|p1b: Volcarona|spa|1\n|-boost|p1b: Volcarona|spd|1\n|-boost|p1b: Volcarona|spe|1\n|\n|upkeep\n|\n|t:|1775375555\n|switch|p1a: Miraidon|Miraidon, L50|100/100\n|-fieldstart|move: Electric Terrain|[from] ability: Hadron Engine|[of] p1a: Miraidon\n|turn|2\n|\n|t:|1775375566\n|move|p2a: \u556a\u53fd\u556a\uff08\u5657\u53fd\u58f0\uff09|Protect|p2a: \u556a\u53fd\u556a\uff08\u5657\u53fd\u58f0\uff09\n|-singleturn|p2a: \u556a\u53fd\u556a\uff08\u5657\u53fd\u58f0\uff09|Protect\n|move|p1a: Miraidon|Volt Switch|p2b: \u9694\u58c1\u8001\u738b\u7231\u9001\u8349\u539f\n|-resisted|p2b: \u9694\u58c1\u8001\u738b\u7231\u9001\u8349\u539f\n|-damage|p2b: \u9694\u58c1\u8001\u738b\u7231\u9001\u8349\u539f|70/100\n|\n|t:|1775375572\n|switch|p1a: Zamazenta|Zamazenta-Crowned, L50|100/100|[from] Volt Switch\n|-ability|p1a: Zamazenta|Dauntless Shield|boost\n|-boost|p1a: Zamazenta|def|1\n|move|p1b: Volcarona|Fiery Dance|p2b: \u9694\u58c1\u8001\u738b\u7231\u9001\u8349\u539f\n|-supereffective|p2b: \u9694\u58c1\u8001\u738b\u7231\u9001\u8349\u539f\n|-damage|p2b: \u9694\u58c1\u8001\u738b\u7231\u9001\u8349\u539f|0 fnt\n|-boost|p1b: Volcarona|spa|1\n|faint|p2b: \u9694\u58c1\u8001\u738b\u7231\u9001\u8349\u539f\n|\n|upkeep\n|\n|t:|1775375583\n|switch|p2b: \u9a6c\u6b7b\u4e86|Calyrex-Shadow, L50|100/100\n|-ability|p2b: \u9a6c\u6b7b\u4e86|As One\n|-ability|p2b: \u9a6c\u6b7b\u4e86|Unnerve\n|turn|3\n|c|\u2606yubanmeiqin\u7a7a\u4e4b\u5883\u754c|\u4e0d\u5bf9\n|inactive|yubanmeiqin\u7a7a\u4e4b\u5883\u754c has 30 seconds left.\n|c|\u2606yubanmeiqin\u7a7a\u4e4b\u5883\u754c|\u6211\u521a\u624d\u4e00\u76f4\u8fb9\u770b\u89c6\u9891\u8fb9\u73a9\n|c|\u2606yubanmeiqin\u7a7a\u4e4b\u5883\u754c|\u624d\u53d1\u73b0\u662f\u4f60\n|inactive|yubanmeiqin\u7a7a\u4e4b\u5883\u754c has 20 seconds left.\n|\n|t:|1775375618\n|move|p2b: \u9a6c\u6b7b\u4e86|Nasty Plot|p2b: \u9a6c\u6b7b\u4e86\n|-boost|p2b: \u9a6c\u6b7b\u4e86|spa|2\n|move|p1b: Volcarona|Fiery Dance|p2b: \u9a6c\u6b7b\u4e86\n|-damage|p2b: \u9a6c\u6b7b\u4e86|33/100\n|move|p1a: Zamazenta|Behemoth Bash|p2b: \u9a6c\u6b7b\u4e86\n|-damage|p2b: \u9a6c\u6b7b\u4e86|0 fnt\n|faint|p2b: \u9a6c\u6b7b\u4e86\n|move|p2a: \u556a\u53fd\u556a\uff08\u5657\u53fd\u58f0\uff09|Body Press|p1a: Zamazenta\n|-supereffective|p1a: Zamazenta\n|-damage|p1a: Zamazenta|40/100\n|\n|upkeep\n|\n|t:|1775375626\n|switch|p2b: \u7acb\u4e86|Raging Bolt, L50|100/100\n|-enditem|p2b: \u7acb\u4e86|Booster Energy\n|-activate|p2b: \u7acb\u4e86|ability: Protosynthesis|[fromitem]\n|-start|p2b: \u7acb\u4e86|protosynthesisspa\n|turn|4\n|\n|t:|1775375636\n|-terastallize|p2b: \u7acb\u4e86|Electric\n|move|p2a: \u556a\u53fd\u556a\uff08\u5657\u53fd\u58f0\uff09|Protect|p2a: \u556a\u53fd\u556a\uff08\u5657\u53fd\u58f0\uff09\n|-singleturn|p2a: \u556a\u53fd\u556a\uff08\u5657\u53fd\u58f0\uff09|Protect\n|move|p1b: Volcarona|Struggle Bug|p2a: \u556a\u53fd\u556a\uff08\u5657\u53fd\u58f0\uff09|[spread] p2b\n|-activate|p2a: \u556a\u53fd\u556a\uff08\u5657\u53fd\u58f0\uff09|move: Protect\n|-damage|p2b: \u7acb\u4e86|69/100\n|-unboost|p2b: \u7acb\u4e86|spa|1\n|move|p1a: Zamazenta|Body Press|p2a: \u556a\u53fd\u556a\uff08\u5657\u53fd\u58f0\uff09\n|-activate|p2a: \u556a\u53fd\u556a\uff08\u5657\u53fd\u58f0\uff09|move: Protect\n|move|p2b: \u7acb\u4e86|Thunderbolt|p1b: Volcarona\n|-damage|p1b: Volcarona|49/100\n|\n|-heal|p1b: Volcarona|56/100|[from] item: Leftovers\n|upkeep\n|turn|5\n|inactive|blackred123 has 30 seconds left.\n|inactive|blackred123 has 20 seconds left.\n|inactive|blackred123 has 15 seconds left.\n|inactive|blackred123 has 10 seconds left.\n|\n|t:|1775375683\n|-terastallize|p1a: Zamazenta|Dragon\n|move|p1b: Volcarona|Fiery Dance|p2a: \u556a\u53fd\u556a\uff08\u5657\u53fd\u58f0\uff09\n|-supereffective|p2a: \u556a\u53fd\u556a\uff08\u5657\u53fd\u58f0\uff09\n|-damage|p2a: \u556a\u53fd\u556a\uff08\u5657\u53fd\u58f0\uff09|0 fnt\n|faint|p2a: \u556a\u53fd\u556a\uff08\u5657\u53fd\u58f0\uff09\n|move|p1a: Zamazenta|Body Press|p2b: \u7acb\u4e86\n|-damage|p2b: \u7acb\u4e86|8/100\n|move|p2b: \u7acb\u4e86|Thunderbolt|p1b: Volcarona\n|-damage|p1b: Volcarona|9/100\n|\n|-heal|p1b: Volcarona|15/100|[from] item: Leftovers\n|upkeep\n|turn|6\n|-message|blackred123 forfeited.\n|\n|win|yubanmeiqin\u7a7a\u4e4b\u5883\u754c\n|raw|yubanmeiqin\u7a7a\u4e4b\u5883\u754c's rating: 1490 &rarr; <strong>1514</strong><br />(+24 for winning)\n|raw|blackred123's rating: 1568 &rarr; <strong>1544</strong><br />(-24 for losing)\n","uploadtime":1775375695,"views":11,"formatid":"gen9vgc2026regi","rating":1514,"private":0,"password":null}