{"id":"gen9vgc2026regi-2568560145","format":"[Gen 9] VGC 2026 Reg I","players":["MarSky","mojaaa"],"log":"|j|\u2606MarSky\n|j|\u2606mojaaa\n|t:|1774596484\n|gametype|doubles\n|player|p1|MarSky|2|1426\n|player|p2|mojaaa|1|1421\n|gen|9\n|tier|[Gen 9] VGC 2026 Reg I\n|rated|\n|rule|Species Clause: Limit one of each Pok\u00e9mon\n|rule|Item Clause: Limit 1 of each item\n|clearpoke\n|poke|p1|Calyrex-Shadow, L50|\n|poke|p1|Zamazenta-*, L50|\n|poke|p1|Chien-Pao, L50|\n|poke|p1|Dragonite, L50, M|\n|poke|p1|Raging Bolt, L50|\n|poke|p1|Amoonguss, L50, M|\n|poke|p2|Calyrex-Ice, L50|\n|poke|p2|Miraidon, L50|\n|poke|p2|Grimmsnarl, L50, M|\n|poke|p2|Volcarona, L50, F|\n|poke|p2|Rillaboom, L50, M|\n|poke|p2|Landorus, L50, M|\n|teampreview|4\n|\n|t:|1774596500\n|teamsize|p1|4\n|teamsize|p2|4\n|start\n|switch|p1a: Zamazenta|Zamazenta-Crowned, L50|100/100\n|switch|p1b: Chien-Pao|Chien-Pao, L50|100/100\n|switch|p2a: Calyrex|Calyrex-Ice, L50|100/100\n|switch|p2b: Grimmsnarl|Grimmsnarl, L50, M|100/100\n|-ability|p2a: Calyrex|As One\n|-ability|p2a: Calyrex|Unnerve\n|-ability|p1b: Chien-Pao|Sword of Ruin\n|-ability|p1a: Zamazenta|Dauntless Shield|boost\n|-boost|p1a: Zamazenta|def|1\n|turn|1\n|inactive|Battle timer is ON: inactive players will automatically lose when time's up. (requested by MarSky)\n|\n|t:|1774596522\n|move|p2b: Grimmsnarl|Reflect|p2b: Grimmsnarl\n|-sidestart|p2: mojaaa|Reflect\n|move|p1b: Chien-Pao|Ruination|p2a: Calyrex\n|-damage|p2a: Calyrex|50/100\n|move|p1a: Zamazenta|Body Press|p2a: Calyrex\n|-damage|p2a: Calyrex|12/100\n|move|p2a: Calyrex|Glacial Lance|p1b: Chien-Pao|[spread] p1a,p1b\n|-resisted|p1a: Zamazenta\n|-resisted|p1b: Chien-Pao\n|-damage|p1a: Zamazenta|86/100\n|-damage|p1b: Chien-Pao|65/100\n|\n|upkeep\n|turn|2\n|inactive|MarSky has 30 seconds left.\n|inactive|MarSky has 20 seconds left.\n|inactive|MarSky has 15 seconds left.\n|inactive|MarSky has 10 seconds left.\n|inactive|MarSky has 5 seconds left.\n|\n|t:|1774596574\n|switch|p2a: Volcarona|Volcarona, L50, F|100/100\n|move|p1b: Chien-Pao|Sucker Punch||[still]\n|-fail|p1b: Chien-Pao\n|move|p1a: Zamazenta|Heavy Slam|p2b: Grimmsnarl\n|-supereffective|p2b: Grimmsnarl\n|-damage|p2b: Grimmsnarl|33/100\n|move|p2b: Grimmsnarl|Foul Play|p1b: Chien-Pao\n|-resisted|p1b: Chien-Pao\n|-damage|p1b: Chien-Pao|37/100\n|\n|upkeep\n|turn|3\n|inactive|mojaaa has 30 seconds left.\n|\n|t:|1774596601\n|move|p2b: Grimmsnarl|Parting Shot|p1a: Zamazenta\n|-unboost|p1a: Zamazenta|atk|1\n|-unboost|p1a: Zamazenta|spa|1\n|\n|t:|1774596604\n|switch|p2b: Calyrex|Calyrex-Ice, L50|12/100|[from] Parting Shot\n|-ability|p2b: Calyrex|As One\n|-ability|p2b: Calyrex|Unnerve\n|move|p1b: Chien-Pao|Icy Wind|p2a: Volcarona|[spread] p2a,p2b\n|-resisted|p2a: Volcarona\n|-resisted|p2b: Calyrex\n|-damage|p2a: Volcarona|96/100\n|-damage|p2b: Calyrex|8/100\n|-unboost|p2a: Volcarona|spe|1\n|move|p1a: Zamazenta|Heavy Slam|p2b: Calyrex\n|-supereffective|p2b: Calyrex\n|-damage|p2b: Calyrex|0 fnt\n|faint|p2b: Calyrex\n|move|p2a: Volcarona|Quiver Dance|p2a: Volcarona\n|-boost|p2a: Volcarona|spa|1\n|-boost|p2a: Volcarona|spd|1\n|-boost|p2a: Volcarona|spe|1\n|\n|-heal|p2a: Volcarona|100/100|[from] item: Leftovers\n|upkeep\n|\n|t:|1774596624\n|switch|p2b: Miraidon|Miraidon, L50|100/100\n|-fieldstart|move: Electric Terrain|[from] ability: Hadron Engine|[of] p2b: Miraidon\n|turn|4\n|\n|t:|1774596631\n|move|p2b: Miraidon|Volt Switch|p1b: Chien-Pao\n|-damage|p1b: Chien-Pao|0 fnt\n|faint|p1b: Chien-Pao\n|\n|t:|1774596635\n|switch|p2b: Grimmsnarl|Grimmsnarl, L50, M|33/100|[from] Volt Switch\n|move|p2a: Volcarona|Quiver Dance|p2a: Volcarona\n|-boost|p2a: Volcarona|spa|1\n|-boost|p2a: Volcarona|spd|1\n|-boost|p2a: Volcarona|spe|1\n|move|p1a: Zamazenta|Body Press|p2b: Grimmsnarl\n|-damage|p2b: Grimmsnarl|0 fnt\n|faint|p2b: Grimmsnarl\n|\n|upkeep\n|\n|t:|1774596647\n|switch|p1b: Raging Bolt|Raging Bolt, L50|100/100\n|switch|p2b: Miraidon|Miraidon, L50|100/100\n|-activate|p2b: Miraidon|ability: Hadron Engine\n|-enditem|p1b: Raging Bolt|Booster Energy\n|-activate|p1b: Raging Bolt|ability: Protosynthesis|[fromitem]\n|-start|p1b: Raging Bolt|protosynthesisspa\n|turn|5\n|\n|t:|1774596664\n|-terastallize|p2b: Miraidon|Electric\n|move|p1a: Zamazenta|Protect|p1a: Zamazenta\n|-singleturn|p1a: Zamazenta|Protect\n|move|p1b: Raging Bolt|Protect|p1b: Raging Bolt\n|-singleturn|p1b: Raging Bolt|Protect\n|move|p2b: Miraidon|Electro Drift|p1a: Zamazenta\n|-activate|p1a: Zamazenta|move: Protect\n|move|p2a: Volcarona|Quiver Dance|p2a: Volcarona\n|-boost|p2a: Volcarona|spa|1\n|-boost|p2a: Volcarona|spd|1\n|-boost|p2a: Volcarona|spe|1\n|\n|upkeep\n|turn|6\n|inactive|MarSky has 30 seconds left.\n|inactive|mojaaa has 30 seconds left.\n|\n|t:|1774596691\n|-terastallize|p1a: Zamazenta|Dragon\n|move|p2a: Volcarona|Struggle Bug|p1a: Zamazenta|[spread] p1a,p1b\n|-damage|p1a: Zamazenta|60/100\n|-damage|p1b: Raging Bolt|62/100\n|-unboost|p1a: Zamazenta|spa|1\n|-unboost|p1b: Raging Bolt|spa|1\n|move|p2b: Miraidon|Electro Drift|p1a: Zamazenta\n|-resisted|p1a: Zamazenta\n|-damage|p1a: Zamazenta|18/100\n|move|p1a: Zamazenta|Body Press|p2b: Miraidon\n|-damage|p2b: Miraidon|56/100\n|move|p1b: Raging Bolt|Thunderbolt|p2b: Miraidon\n|-resisted|p2b: Miraidon\n|-crit|p2b: Miraidon\n|-damage|p2b: Miraidon|4/100\n|\n|upkeep\n|turn|7\n|inactive|mojaaa has 30 seconds left.\n|\n|t:|1774596716\n|move|p1a: Zamazenta|Protect|p1a: Zamazenta\n|-singleturn|p1a: Zamazenta|Protect\n|move|p1b: Raging Bolt|Thunderclap|p2b: Miraidon\n|-resisted|p2b: Miraidon\n|-damage|p2b: Miraidon|0 fnt\n|faint|p2b: Miraidon\n|move|p2a: Volcarona|Fiery Dance|p1a: Zamazenta\n|-activate|p1a: Zamazenta|move: Protect\n|\n|upkeep\n|turn|8\n|\n|t:|1774596734\n|move|p1a: Zamazenta|Wide Guard|p1a: Zamazenta\n|-singleturn|p1a: Zamazenta|Wide Guard\n|move|p2a: Volcarona|Struggle Bug|p1a: Zamazenta|[spread] \n|-activate|p1a: Zamazenta|move: Wide Guard\n|-activate|p1b: Raging Bolt|move: Wide Guard\n|move|p1b: Raging Bolt|Thunderbolt|p2a: Volcarona\n|-damage|p2a: Volcarona|80/100\n|\n|-heal|p2a: Volcarona|86/100|[from] item: Leftovers\n|-sideend|p2: mojaaa|Reflect\n|-fieldend|move: Electric Terrain\n|upkeep\n|turn|9\n|\n|t:|1774596753\n|move|p1a: Zamazenta|Protect||[still]\n|-fail|p1a: Zamazenta\n|move|p2a: Volcarona|Fiery Dance|p1b: Raging Bolt\n|-resisted|p1b: Raging Bolt\n|-damage|p1b: Raging Bolt|20/100\n|-boost|p2a: Volcarona|spa|1\n|move|p1b: Raging Bolt|Thunderbolt|p2a: Volcarona\n|-damage|p2a: Volcarona|70/100\n|\n|-heal|p2a: Volcarona|76/100|[from] item: Leftovers\n|upkeep\n|turn|10\n|\n|t:|1774596770\n|move|p2a: Volcarona|Quiver Dance|p2a: Volcarona\n|-boost|p2a: Volcarona|spa|1\n|-boost|p2a: Volcarona|spd|1\n|-boost|p2a: Volcarona|spe|1\n|move|p1a: Zamazenta|Body Press|p2a: Volcarona\n|-resisted|p2a: Volcarona\n|-damage|p2a: Volcarona|37/100\n|move|p1b: Raging Bolt|Thunderbolt|p2a: Volcarona\n|-damage|p2a: Volcarona|22/100\n|\n|-heal|p2a: Volcarona|29/100|[from] item: Leftovers\n|upkeep\n|turn|11\n|\n|t:|1774596783\n|move|p2a: Volcarona|Protect|p2a: Volcarona\n|-singleturn|p2a: Volcarona|Protect\n|move|p1a: Zamazenta|Body Press|p2a: Volcarona\n|-activate|p2a: Volcarona|move: Protect\n|move|p1b: Raging Bolt|Thunderbolt|p2a: Volcarona\n|-activate|p2a: Volcarona|move: Protect\n|\n|-heal|p2a: Volcarona|35/100|[from] item: Leftovers\n|upkeep\n|turn|12\n|\n|t:|1774596795\n|move|p2a: Volcarona|Fiery Dance|p1a: Zamazenta\n|-resisted|p1a: Zamazenta\n|-damage|p1a: Zamazenta|0 fnt\n|faint|p1a: Zamazenta\n|move|p1b: Raging Bolt|Thunderbolt|p2a: Volcarona\n|-damage|p2a: Volcarona|21/100\n|\n|-heal|p2a: Volcarona|27/100|[from] item: Leftovers\n|upkeep\n|\n|t:|1774596798\n|switch|p1a: Calyrex|Calyrex-Shadow, L50|100/100\n|-ability|p1a: Calyrex|As One\n|-ability|p1a: Calyrex|Unnerve\n|turn|13\n|\n|t:|1774596810\n|move|p1b: Raging Bolt|Thunderclap|p2a: Volcarona\n|-damage|p2a: Volcarona|16/100\n|move|p2a: Volcarona|Struggle Bug|p1b: Raging Bolt|[spread] p1a,p1b\n|-damage|p1a: Calyrex|44/100\n|-damage|p1b: Raging Bolt|0 fnt\n|-unboost|p1a: Calyrex|spa|1\n|faint|p1b: Raging Bolt\n|-end|p1b: Raging Bolt|Protosynthesis|[silent]\n|move|p1a: Calyrex|Astral Barrage|p2a: Volcarona\n|-damage|p2a: Volcarona|0 fnt\n|faint|p2a: Volcarona\n|\n|win|MarSky\n|raw|MarSky's rating: 1426 &rarr; <strong>1446</strong><br />(+20 for winning)\n|raw|mojaaa's rating: 1421 &rarr; <strong>1401</strong><br />(-20 for losing)\n|l|\u2606mojaaa\n|player|p2|\n|l|\u2606MarSky\n|player|p1|\n","uploadtime":1774596824,"views":69,"formatid":"gen9vgc2026regi","rating":1401,"private":0,"password":null}