{"id":"gen9vgc2026regi-2557705959","format":"[Gen 9] VGC 2026 Reg I","players":["Chris_Bingus","ArisHazard"],"log":"|j|\u2606Chris_Bingus\n|j|\u2606ArisHazard\n|t:|1773349466\n|gametype|doubles\n|player|p1|Chris_Bingus|benga|1365\n|player|p2|ArisHazard|101|1386\n|gen|9\n|tier|[Gen 9] VGC 2026 Reg I\n|rated|\n|rule|Species Clause: Limit one of each Pok\u00e9mon\n|rule|Item Clause: Limit 1 of each item\n|clearpoke\n|poke|p1|Heatran, L50, F|\n|poke|p1|Rillaboom, L50, F|\n|poke|p1|Urshifu-*, L50, M|\n|poke|p1|Ogerpon-Hearthflame, L50, F|\n|poke|p1|Lunala, L50|\n|poke|p1|Terapagos, L50, M|\n|poke|p2|Calyrex-Ice, L50|\n|poke|p2|Hitmontop, L50, M|\n|poke|p2|Miraidon, L50|\n|poke|p2|Sableye, L50, F|\n|poke|p2|Ting-Lu, L50|\n|poke|p2|Iron Valiant, L50|\n|teampreview|4\n|inactive|Battle timer is ON: inactive players will automatically lose when time's up. (requested by Chris_Bingus)\n|inactive|Chris_Bingus has 60 seconds left.\n|j| fsgfgsrg\n|\n|t:|1773349505\n|teamsize|p1|4\n|teamsize|p2|4\n|start\n|switch|p1a: Ogerpon|Ogerpon-Hearthflame, L50, F|100/100\n|switch|p1b: Urshifu|Urshifu, L50, M|100/100\n|switch|p2a: Calyrex|Calyrex-Ice, L50|100/100\n|switch|p2b: Hitmontop|Hitmontop, L50, M|100/100\n|-ability|p2a: Calyrex|As One\n|-ability|p2a: Calyrex|Unnerve\n|-ability|p1a: Ogerpon|Mold Breaker\n|-ability|p2b: Hitmontop|Intimidate|boost\n|-unboost|p1a: Ogerpon|atk|1\n|-unboost|p1b: Urshifu|atk|1\n|turn|1\n|inactive|ArisHazard has 30 seconds left.\n|\n|t:|1773349533\n|-terastallize|p1a: Ogerpon|Fire\n|detailschange|p1a: Ogerpon|Ogerpon-Hearthflame-Tera, L50, F, tera:Fire\n|-ability|p1a: Ogerpon|Embody Aspect (Hearthflame)|boost\n|-boost|p1a: Ogerpon|atk|1\n|-terastallize|p2a: Calyrex|Fire\n|move|p2b: Hitmontop|Fake Out|p1b: Urshifu\n|-damage|p1b: Urshifu|90/100\n|cant|p1b: Urshifu|flinch\n|move|p1a: Ogerpon|Ivy Cudgel|p2a: Calyrex|[anim] Ivy Cudgel Fire\n|-resisted|p2a: Calyrex\n|-damage|p2a: Calyrex|77/100\n|move|p2a: Calyrex|Glacial Lance|p1a: Ogerpon|[spread] p1a,p1b\n|-resisted|p1a: Ogerpon\n|-damage|p1a: Ogerpon|61/100\n|-damage|p1b: Urshifu|35/100\n|\n|upkeep\n|turn|2\n|\n|t:|1773349556\n|switch|p2a: Miraidon|Miraidon, L50|100/100\n|-fieldstart|move: Electric Terrain|[from] ability: Hadron Engine|[of] p2a: Miraidon\n|move|p1b: Urshifu|Wicked Blow|p2a: Miraidon\n|-crit|p2a: Miraidon\n|-damage|p2a: Miraidon|45/100\n|move|p1a: Ogerpon|Ivy Cudgel|p2b: Hitmontop|[anim] Ivy Cudgel Fire\n|-damage|p2b: Hitmontop|20/100\n|move|p2b: Hitmontop|Close Combat|p1b: Urshifu\n|-supereffective|p1b: Urshifu\n|-damage|p1b: Urshifu|0 fnt\n|-unboost|p2b: Hitmontop|def|1\n|-unboost|p2b: Hitmontop|spd|1\n|faint|p1b: Urshifu\n|\n|upkeep\n|\n|t:|1773349568\n|switch|p1b: Rillaboom|Rillaboom, L50, F|100/100\n|-fieldstart|move: Grassy Terrain|[from] ability: Grassy Surge|[of] p1b: Rillaboom\n|turn|3\n|\n|t:|1773349581\n|switch|p2a: Calyrex|Calyrex-Ice, L50, tera:Fire|77/100\n|-ability|p2a: Calyrex|As One\n|-ability|p2a: Calyrex|Unnerve\n|switch|p2b: Sableye|Sableye, L50, F|100/100\n|move|p1b: Rillaboom|Fake Out|p2a: Calyrex\n|-damage|p2a: Calyrex|69/100\n|move|p1a: Ogerpon|Ivy Cudgel|p2b: Sableye|[anim] Ivy Cudgel Fire\n|-crit|p2b: Sableye\n|-damage|p2b: Sableye|0 fnt\n|faint|p2b: Sableye\n|\n|-heal|p1a: Ogerpon|67/100|[from] Grassy Terrain\n|-heal|p2a: Calyrex|75/100|[from] Grassy Terrain\n|upkeep\n|\n|t:|1773349599\n|switch|p2b: Hitmontop|Hitmontop, L50, M|20/100\n|-ability|p2b: Hitmontop|Intimidate|boost\n|-unboost|p1a: Ogerpon|atk|1\n|-unboost|p1b: Rillaboom|atk|1\n|turn|4\n|\n|t:|1773349612\n|switch|p1b: Terapagos|Terapagos, L50, M|100/100\n|-activate|p1b: Terapagos|ability: Tera Shift\n|detailschange|p1b: Terapagos|Terapagos-Terastal, L50, M\n|-heal|p1b: Terapagos|100/100|[silent]\n|move|p1a: Ogerpon|Spiky Shield|p1a: Ogerpon\n|-singleturn|p1a: Ogerpon|move: Protect\n|move|p2b: Hitmontop|Coaching|p2a: Calyrex\n|-boost|p2a: Calyrex|atk|1\n|-boost|p2a: Calyrex|def|1\n|move|p2a: Calyrex|Trick Room|p2a: Calyrex\n|-fieldstart|move: Trick Room|[of] p2a: Calyrex\n|\n|-heal|p2a: Calyrex|81/100|[from] Grassy Terrain\n|-heal|p2b: Hitmontop|26/100|[from] Grassy Terrain\n|-heal|p1a: Ogerpon|73/100|[from] Grassy Terrain\n|upkeep\n|turn|5\n|inactive|Chris_Bingus has 30 seconds left.\n|inactive|ArisHazard has 30 seconds left.\n|\n|t:|1773349644\n|move|p2b: Hitmontop|Wide Guard|p2b: Hitmontop\n|-singleturn|p2b: Hitmontop|Wide Guard\n|move|p2a: Calyrex|Glacial Lance|p1b: Terapagos|[spread] p1a,p1b\n|-resisted|p1a: Ogerpon\n|-activate|p1b: Terapagos|ability: Tera Shell\n|-resisted|p1b: Terapagos\n|-damage|p1a: Ogerpon|12/100\n|-damage|p1b: Terapagos|57/100\n|move|p1b: Terapagos|Earth Power|p2a: Calyrex\n|-supereffective|p2a: Calyrex\n|-damage|p2a: Calyrex|28/100\n|move|p1a: Ogerpon|Ivy Cudgel|p2b: Hitmontop|[anim] Ivy Cudgel Fire\n|-damage|p2b: Hitmontop|0 fnt\n|faint|p2b: Hitmontop\n|\n|-heal|p2a: Calyrex|35/100|[from] Grassy Terrain\n|-heal|p1b: Terapagos|62/100|[from] Grassy Terrain\n|-heal|p1a: Ogerpon|18/100|[from] Grassy Terrain\n|upkeep\n|\n|t:|1773349663\n|switch|p2b: Miraidon|Miraidon, L50|45/100\n|-fieldstart|move: Electric Terrain|[from] ability: Hadron Engine|[of] p2b: Miraidon\n|turn|6\n|\n|t:|1773349677\n|move|p1a: Ogerpon|Spiky Shield|p1a: Ogerpon\n|-singleturn|p1a: Ogerpon|move: Protect\n|move|p2a: Calyrex|Glacial Lance|p1b: Terapagos|[spread] p1b\n|-activate|p1a: Ogerpon|move: Protect\n|-damage|p1b: Terapagos|0 fnt\n|faint|p1b: Terapagos\n|-ability|p2a: Calyrex|Chilling Neigh|boost\n|-boost|p2a: Calyrex|atk|1\n|move|p2b: Miraidon|Electro Drift|p1a: Ogerpon\n|-activate|p1a: Ogerpon|move: Protect\n|-damage|p2b: Miraidon|33/100|[from] Spiky Shield|[of] p1a: Ogerpon\n|\n|upkeep\n|\n|t:|1773349683\n|switch|p1b: Rillaboom|Rillaboom, L50, F|100/100\n|-fieldstart|move: Grassy Terrain|[from] ability: Grassy Surge|[of] p1b: Rillaboom\n|turn|7\n|inactive|Chris_Bingus has 30 seconds left.\n|\n|t:|1773349718\n|move|p2a: Calyrex|Protect|p2a: Calyrex\n|-singleturn|p2a: Calyrex|Protect\n|move|p1b: Rillaboom|Fake Out|p2a: Calyrex\n|-activate|p2a: Calyrex|move: Protect\n|move|p2b: Miraidon|Electro Drift|p1b: Rillaboom\n|-resisted|p1b: Rillaboom\n|-damage|p1b: Rillaboom|82/100\n|move|p1a: Ogerpon|Ivy Cudgel|p2b: Miraidon|[anim] Ivy Cudgel Fire\n|-resisted|p2b: Miraidon\n|-damage|p2b: Miraidon|11/100\n|\n|-heal|p2a: Calyrex|41/100|[from] Grassy Terrain\n|-heal|p1b: Rillaboom|88/100|[from] Grassy Terrain\n|-heal|p2b: Miraidon|17/100|[from] Grassy Terrain\n|-heal|p1a: Ogerpon|23/100|[from] Grassy Terrain\n|upkeep\n|turn|8\n|\n|t:|1773349737\n|move|p1a: Ogerpon|Spiky Shield|p1a: Ogerpon\n|-singleturn|p1a: Ogerpon|move: Protect\n|move|p1b: Rillaboom|Grassy Glide|p2b: Miraidon\n|-resisted|p2b: Miraidon\n|-damage|p2b: Miraidon|3/100\n|move|p2a: Calyrex|Glacial Lance|p1a: Ogerpon|[spread] p1b\n|-activate|p1a: Ogerpon|move: Protect\n|-supereffective|p1b: Rillaboom\n|-damage|p1b: Rillaboom|0 fnt\n|faint|p1b: Rillaboom\n|-ability|p2a: Calyrex|Chilling Neigh|boost\n|-boost|p2a: Calyrex|atk|1\n|move|p2b: Miraidon|Electro Drift|p1a: Ogerpon\n|-activate|p1a: Ogerpon|move: Protect\n|-damage|p2b: Miraidon|0 fnt|[from] Spiky Shield|[of] p1a: Ogerpon\n|faint|p2b: Miraidon\n|\n|-heal|p2a: Calyrex|47/100|[from] Grassy Terrain\n|-heal|p1a: Ogerpon|29/100|[from] Grassy Terrain\n|-fieldend|move: Trick Room\n|upkeep\n|turn|9\n|\n|t:|1773349761\n|move|p2a: Calyrex|Protect|p2a: Calyrex\n|-singleturn|p2a: Calyrex|Protect\n|move|p1a: Ogerpon|Ivy Cudgel|p2a: Calyrex|[anim] Ivy Cudgel Fire\n|-activate|p2a: Calyrex|move: Protect\n|\n|-heal|p1a: Ogerpon|35/100|[from] Grassy Terrain\n|-heal|p2a: Calyrex|53/100|[from] Grassy Terrain\n|upkeep\n|turn|10\n|\n|t:|1773349772\n|move|p1a: Ogerpon|Ivy Cudgel|p2a: Calyrex|[anim] Ivy Cudgel Fire\n|-resisted|p2a: Calyrex\n|-damage|p2a: Calyrex|42/100\n|move|p2a: Calyrex|Glacial Lance|p1a: Ogerpon\n|-resisted|p1a: Ogerpon\n|-damage|p1a: Ogerpon|0 fnt\n|faint|p1a: Ogerpon\n|detailschange|p1: Ogerpon|Ogerpon-Hearthflame, L50, F|[silent]\n|\n|win|ArisHazard\n|raw|Chris_Bingus's rating: 1365 &rarr; <strong>1346</strong><br />(-19 for losing)\n|raw|ArisHazard's rating: 1386 &rarr; <strong>1405</strong><br />(+19 for winning)\n|l|\u2606Chris_Bingus\n|player|p1|\n|l| fsgfgsrg\n|l|\u2606ArisHazard\n|player|p2|\n","uploadtime":1773350017,"views":10,"formatid":"gen9vgc2026regi","rating":1346,"private":0,"password":null}