{"id":"gen9vgc2026regi-2576810117","format":"[Gen 9] VGC 2026 Reg I","players":["Sheevp","Bman311"],"log":"|j|\u2606Sheevp\n|j|\u2606Bman311\n|t:|1775507531\n|gametype|doubles\n|player|p1|Sheevp|2|1446\n|player|p2|Bman311|101|1512\n|gen|9\n|tier|[Gen 9] VGC 2026 Reg I\n|rated|\n|rule|Species Clause: Limit one of each Pok\u00e9mon\n|rule|Item Clause: Limit 1 of each item\n|clearpoke\n|poke|p1|Koraidon, L50|\n|poke|p1|Calyrex-Ice, L50|\n|poke|p1|Iron Treads, L50|\n|poke|p1|Volcarona, L50, M|\n|poke|p1|Brute Bonnet, L50|\n|poke|p1|Regieleki, L50|\n|poke|p2|Koraidon, L50|\n|poke|p2|Calyrex-Ice, L50|\n|poke|p2|Incineroar, L50, M|\n|poke|p2|Brute Bonnet, L50|\n|poke|p2|Flutter Mane, L50|\n|poke|p2|Raging Bolt, L50|\n|teampreview|4\n|inactive|Battle timer is ON: inactive players will automatically lose when time's up. (requested by Bman311)\nBman311 has agreed to open team sheets.\n|inactive|Sheevp has 60 seconds left.\n|\n|t:|1775507562\n|teamsize|p1|4\n|teamsize|p2|4\n|start\n|switch|p1a: Calyrex|Calyrex-Ice, L50|100/100\n|switch|p1b: Koraidon|Koraidon, L50|100/100\n|switch|p2a: Calyrex|Calyrex-Ice, L50|100/100\n|switch|p2b: Incineroar|Incineroar, L50, M|100/100\n|-ability|p2a: Calyrex|As One\n|-ability|p2a: Calyrex|Unnerve\n|-ability|p1a: Calyrex|As One\n|-ability|p1a: Calyrex|Unnerve\n|-weather|SunnyDay|[from] ability: Orichalcum Pulse|[of] p1b: Koraidon\n|-activate|p1b: Koraidon|Orichalcum Pulse|[source]\n|-ability|p2b: Incineroar|Intimidate|boost\n|-unboost|p1a: Calyrex|atk|1\n|-fail|p1b: Koraidon|unboost|[from] item: Clear Amulet|[of] p1b: Koraidon\n|turn|1\n|inactive|Bman311 has 30 seconds left.\n|\n|t:|1775507589\n|-terastallize|p1b: Koraidon|Fire\n|move|p2b: Incineroar|Fake Out|p1b: Koraidon\n|-damage|p1b: Koraidon|91/100\n|cant|p1b: Koraidon|flinch\n|move|p2a: Calyrex|Glacial Lance|p1b: Koraidon|[spread] p1a,p1b\n|-resisted|p1a: Calyrex\n|-resisted|p1b: Koraidon\n|-damage|p1a: Calyrex|84/100\n|-damage|p1b: Koraidon|68/100\n|move|p1a: Calyrex|Leech Seed|p2a: Calyrex\n|-start|p2a: Calyrex|move: Leech Seed\n|\n|-weather|SunnyDay|[upkeep]\n|-heal|p1a: Calyrex|89/100|[from] item: Leftovers\n|-damage|p2a: Calyrex|88/100|[from] Leech Seed|[of] p1a: Calyrex\n|-heal|p1a: Calyrex|100/100|[silent]\n|upkeep\n|turn|2\n|inactive|Bman311 has 30 seconds left.\n|\n|t:|1775507617\n|switch|p1a: Volcarona|Volcarona, L50, M|100/100\n|move|p2a: Calyrex|Protect|p2a: Calyrex\n|-singleturn|p2a: Calyrex|Protect\n|move|p1b: Koraidon|Low Kick|p2b: Incineroar\n|-supereffective|p2b: Incineroar\n|-damage|p2b: Incineroar|0 fnt\n|faint|p2b: Incineroar\n|\n|-weather|SunnyDay|[upkeep]\n|-damage|p2a: Calyrex|76/100|[from] Leech Seed|[of] p1a: Volcarona\n|upkeep\n|\n|t:|1775507621\n|switch|p2b: Koraidon|Koraidon, L50|100/100\n|-activate|p2b: Koraidon|ability: Orichalcum Pulse\n|turn|3\n|\n|t:|1775507642\n|switch|p2a: Brute Bonnet|Brute Bonnet, L50|100/100\n|-activate|p2a: Brute Bonnet|ability: Protosynthesis\n|-start|p2a: Brute Bonnet|protosynthesisdef\n|move|p1a: Volcarona|Protect|p1a: Volcarona\n|-singleturn|p1a: Volcarona|Protect\n|move|p2b: Koraidon|Close Combat|p1b: Koraidon\n|-damage|p1b: Koraidon|0 fnt\n|-unboost|p2b: Koraidon|def|1\n|-unboost|p2b: Koraidon|spd|1\n|faint|p1b: Koraidon\n|-damage|p2b: Koraidon|91/100|[from] item: Life Orb\n|\n|-weather|SunnyDay|[upkeep]\n|upkeep\n|\n|t:|1775507653\n|switch|p1b: Calyrex|Calyrex-Ice, L50|100/100\n|-ability|p1b: Calyrex|As One\n|-ability|p1b: Calyrex|Unnerve\n|turn|4\n|\n|t:|1775507662\n|-terastallize|p2b: Koraidon|Fire\n|move|p1b: Calyrex|Protect|p1b: Calyrex\n|-singleturn|p1b: Calyrex|Protect\n|move|p2b: Koraidon|Flare Blitz|p1a: Volcarona\n|-damage|p1a: Volcarona|0 fnt\n|faint|p1a: Volcarona\n|-damage|p2b: Koraidon|57/100|[from] Recoil\n|-damage|p2b: Koraidon|47/100|[from] item: Life Orb\n|move|p2a: Brute Bonnet|Spore|p1b: Calyrex\n|-activate|p1b: Calyrex|move: Protect\n|\n|-weather|SunnyDay|[upkeep]\n|upkeep\n|\n|t:|1775507673\n|switch|p1a: Brute Bonnet|Brute Bonnet, L50|100/100\n|-activate|p1a: Brute Bonnet|ability: Protosynthesis\n|-start|p1a: Brute Bonnet|protosynthesisdef\n|turn|5\n|\n|t:|1775507686\n|move|p1a: Brute Bonnet|Sucker Punch|p2b: Koraidon\n|-damage|p2b: Koraidon|6/100\n|move|p2b: Koraidon|Flare Blitz|p1b: Calyrex\n|-supereffective|p1b: Calyrex\n|-damage|p1b: Calyrex|0 fnt\n|faint|p1b: Calyrex\n|-damage|p2b: Koraidon|0 fnt|[from] Recoil\n|faint|p2b: Koraidon\n|move|p2a: Brute Bonnet|Spore|p1a: Brute Bonnet\n|-immune|p1a: Brute Bonnet\n|\n|-weather|none\n|-end|p2a: Brute Bonnet|Protosynthesis\n|-end|p1a: Brute Bonnet|Protosynthesis\n|upkeep\n|-message|Sheevp forfeited.\n|\n|win|Bman311\n|raw|Sheevp's rating: 1446 &rarr; <strong>1430</strong><br />(-16 for losing)\n|raw|Bman311's rating: 1512 &rarr; <strong>1528</strong><br />(+16 for winning)\n|l|\u2606Sheevp\n|player|p1|\n|l|\u2606Bman311\n|player|p2|\n|j|\u2606Bman311\n|player|p2|Bman311|101|\n","uploadtime":1775507796,"views":11,"formatid":"gen9vgc2026regi","rating":1430,"private":0,"password":null}