{"id":"gen9vgc2026regi-2573087520","format":"[Gen 9] VGC 2026 Reg I","players":["the gamblerler","Douglas Viana"],"log":"|j|\u2606the gamblerler\n|j|\u2606Douglas Viana\n|t:|1775089392\n|gametype|doubles\n|player|p1|the gamblerler|giovanni|1428\n|player|p2|Douglas Viana|juan|1312\n|gen|9\n|tier|[Gen 9] VGC 2026 Reg I\n|rated|\n|rule|Species Clause: Limit one of each Pok\u00e9mon\n|rule|Item Clause: Limit 1 of each item\n|clearpoke\n|poke|p1|Calyrex-Shadow, L50|\n|poke|p1|Miraidon, L50|\n|poke|p1|Incineroar, L50, F|\n|poke|p1|Sneasler, L50, F|\n|poke|p1|Araquanid, L50, M|\n|poke|p1|Whimsicott, L50, M|\n|poke|p2|Calyrex-Ice, L50|\n|poke|p2|Miraidon, L50|\n|poke|p2|Urshifu-*, L50, M|\n|poke|p2|Incineroar, L50, M|\n|poke|p2|Amoonguss, L50, F|\n|poke|p2|Landorus, L50, M|\n|teampreview|4\n|inactive|Battle timer is ON: inactive players will automatically lose when time's up. (requested by the gamblerler)\n|inactive|the gamblerler has 60 seconds left.\n|j| thundersnd77\n|\n|t:|1775089424\n|teamsize|p1|4\n|teamsize|p2|4\n|start\n|switch|p1a: Incineroar|Incineroar, L50, F|100/100\n|switch|p1b: Calyrex|Calyrex-Shadow, L50|100/100\n|switch|p2a: Calyrex|Calyrex-Ice, L50|100/100\n|switch|p2b: Incineroar|Incineroar, L50, M|100/100\n|-ability|p1b: Calyrex|As One\n|-ability|p1b: Calyrex|Unnerve\n|-ability|p2a: Calyrex|As One\n|-ability|p2a: Calyrex|Unnerve\n|-ability|p1a: Incineroar|Intimidate|boost\n|-fail|p2a: Calyrex|unboost|[from] item: Clear Amulet|[of] p2a: Calyrex\n|-unboost|p2b: Incineroar|atk|1\n|-ability|p2b: Incineroar|Intimidate|boost\n|-unboost|p1a: Incineroar|atk|1\n|-unboost|p1b: Calyrex|atk|1\n|turn|1\n|l| thundersnd77\n|inactive|Douglas Viana has 30 seconds left.\n|\n|t:|1775089455\n|switch|p1b: Miraidon|Miraidon, L50|100/100\n|-fieldstart|move: Electric Terrain|[from] ability: Hadron Engine|[of] p1b: Miraidon\n|-terastallize|p2a: Calyrex|Water\n|move|p1a: Incineroar|Fake Out|p2a: Calyrex\n|-damage|p2a: Calyrex|96/100\n|move|p2b: Incineroar|Knock Off|p1b: Miraidon\n|-damage|p1b: Miraidon|76/100\n|-enditem|p1b: Miraidon|Choice Scarf|[from] move: Knock Off|[of] p2b: Incineroar\n|cant|p2a: Calyrex|flinch\n|\n|upkeep\n|turn|2\n|\n|t:|1775089475\n|move|p2a: Calyrex|Protect|p2a: Calyrex\n|-singleturn|p2a: Calyrex|Protect\n|move|p1b: Miraidon|Volt Switch|p2a: Calyrex\n|-activate|p2a: Calyrex|move: Protect\n|move|p1a: Incineroar|U-turn|p2b: Incineroar\n|-crit|p2b: Incineroar\n|-damage|p2b: Incineroar|76/100\n|\n|t:|1775089480\n|switch|p1a: Calyrex|Calyrex-Shadow, L50|100/100|[from] U-turn\n|-ability|p1a: Calyrex|As One\n|-ability|p1a: Calyrex|Unnerve\n|move|p2b: Incineroar|U-turn|p1b: Miraidon\n|-damage|p1b: Miraidon|65/100\n|\n|t:|1775089492\n|switch|p2b: Urshifu|Urshifu-Rapid-Strike, L50, M|100/100|[from] U-turn\n|\n|upkeep\n|turn|3\n|\n|t:|1775089511\n|switch|p2a: Incineroar|Incineroar, L50, M|76/100\n|-ability|p2a: Incineroar|Intimidate|boost\n|-unboost|p1a: Calyrex|atk|1\n|-unboost|p1b: Miraidon|atk|1\n|-terastallize|p1a: Calyrex|Ghost\n|move|p1a: Calyrex|Astral Barrage|p2b: Urshifu|[spread] p2a,p2b\n|-resisted|p2a: Incineroar\n|-damage|p2a: Incineroar|53/100\n|-enditem|p2b: Urshifu|Focus Sash\n|-damage|p2b: Urshifu|1/100\n|move|p1b: Miraidon|Volt Switch|p2a: Incineroar\n|-damage|p2a: Incineroar|14/100\n|\n|t:|1775089520\n|switch|p1b: Incineroar|Incineroar, L50, F|100/100|[from] Volt Switch\n|-ability|p1b: Incineroar|Intimidate|boost\n|-unboost|p2a: Incineroar|atk|1\n|-unboost|p2b: Urshifu|atk|1\n|move|p2b: Urshifu|Surging Strikes|p1a: Calyrex\n|-crit|p1a: Calyrex\n|-damage|p1a: Calyrex|74/100\n|-crit|p1a: Calyrex\n|-damage|p1a: Calyrex|47/100\n|-crit|p1a: Calyrex\n|-damage|p1a: Calyrex|20/100\n|-hitcount|p1a: Calyrex|3\n|\n|upkeep\n|turn|4\n|\n|t:|1775089544\n|switch|p1a: Miraidon|Miraidon, L50|65/100\n|-activate|p1a: Miraidon|ability: Hadron Engine\n|move|p2b: Urshifu|Detect|p2b: Urshifu\n|-singleturn|p2b: Urshifu|Protect\n|move|p1b: Incineroar|Fake Out|p2a: Incineroar\n|-damage|p2a: Incineroar|5/100\n|cant|p2a: Incineroar|flinch\n|\n|upkeep\n|turn|5\n|\n|t:|1775089566\n|move|p2b: Urshifu|Aqua Jet|p1a: Miraidon\n|-resisted|p1a: Miraidon\n|-damage|p1a: Miraidon|58/100\n|move|p1a: Miraidon|Volt Switch|p2b: Urshifu\n|-supereffective|p2b: Urshifu\n|-damage|p2b: Urshifu|0 fnt\n|faint|p2b: Urshifu\n|\n|t:|1775089576\n|switch|p1a: Calyrex|Calyrex-Shadow, L50, tera:Ghost|20/100|[from] Volt Switch\n|-ability|p1a: Calyrex|As One\n|-ability|p1a: Calyrex|Unnerve\n|move|p1b: Incineroar|U-turn|p2a: Incineroar\n|-damage|p2a: Incineroar|0 fnt\n|faint|p2a: Incineroar\n|\n|t:|1775089578\n|switch|p1b: Miraidon|Miraidon, L50|58/100|[from] U-turn\n|-activate|p1b: Miraidon|ability: Hadron Engine\n|\n|-fieldend|move: Electric Terrain\n|upkeep\n|\n|t:|1775089591\n|switch|p2b: Amoonguss|Amoonguss, L50, F|100/100\n|switch|p2a: Calyrex|Calyrex-Ice, L50, tera:Water|96/100\n|-ability|p2a: Calyrex|As One\n|-ability|p2a: Calyrex|Unnerve\n|turn|6\n|inactive|the gamblerler has 30 seconds left.\n|\n|t:|1775089617\n|move|p1a: Calyrex|Protect|p1a: Calyrex\n|-singleturn|p1a: Calyrex|Protect\n|move|p2b: Amoonguss|Rage Powder|p2b: Amoonguss\n|-singleturn|p2b: Amoonguss|move: Rage Powder\n|move|p1b: Miraidon|Volt Switch|p2b: Amoonguss\n|-resisted|p2b: Amoonguss\n|-damage|p2b: Amoonguss|80/100\n|\n|t:|1775089624\n|switch|p1b: Araquanid|Araquanid, L50, M|100/100|[from] Volt Switch\n|move|p2a: Calyrex|Trick Room|p2a: Calyrex\n|-fieldstart|move: Trick Room|[of] p2a: Calyrex\n|\n|upkeep\n|turn|7\n|\n|t:|1775089631\n|switch|p1a: Miraidon|Miraidon, L50|58/100\n|-fieldstart|move: Electric Terrain|[from] ability: Hadron Engine|[of] p1a: Miraidon\n|move|p1b: Araquanid|Wide Guard|p1b: Araquanid\n|-singleturn|p1b: Araquanid|Wide Guard\n|move|p2b: Amoonguss|Spore|p1b: Araquanid\n|-activate|p1b: Araquanid|move: Electric Terrain\n|move|p2a: Calyrex|Glacial Lance|p1b: Araquanid|[spread] \n|-activate|p1a: Miraidon|move: Wide Guard\n|-activate|p1b: Araquanid|move: Wide Guard\n|\n|upkeep\n|turn|8\n|\n|t:|1775089647\n|switch|p1a: Incineroar|Incineroar, L50, F|100/100\n|-ability|p1a: Incineroar|Intimidate|boost\n|-fail|p2a: Calyrex|unboost|[from] item: Clear Amulet|[of] p2a: Calyrex\n|-unboost|p2b: Amoonguss|atk|1\n|move|p2b: Amoonguss|Rage Powder|p2b: Amoonguss\n|-singleturn|p2b: Amoonguss|move: Rage Powder\n|move|p1b: Araquanid|Infestation|p2b: Amoonguss\n|-damage|p2b: Amoonguss|76/100\n|-activate|p2b: Amoonguss|move: Infestation|[of] p1b: Araquanid\n|-damage|p1b: Araquanid|84/100|[from] item: Rocky Helmet|[of] p2b: Amoonguss\n|move|p2a: Calyrex|High Horsepower|p1a: Incineroar\n|-supereffective|p1a: Incineroar\n|-damage|p1a: Incineroar|26/100\n|\n|-damage|p2b: Amoonguss|63/100|[from] move: Infestation|[partiallytrapped]\n|upkeep\n|turn|9\n|\n|t:|1775089665\n|switch|p1b: Calyrex|Calyrex-Shadow, L50, tera:Ghost|20/100\n|-ability|p1b: Calyrex|As One\n|-ability|p1b: Calyrex|Unnerve\n|move|p1a: Incineroar|Fake Out|p2a: Calyrex\n|-damage|p2a: Calyrex|89/100\n|move|p2b: Amoonguss|Rage Powder|p2b: Amoonguss\n|-singleturn|p2b: Amoonguss|move: Rage Powder\n|cant|p2a: Calyrex|flinch\n|\n|-end|p2b: Amoonguss|Infestation|[partiallytrapped]|[silent]\n|upkeep\n|turn|10\n|\n|t:|1775089687\n|move|p1b: Calyrex|Protect|p1b: Calyrex\n|-singleturn|p1b: Calyrex|Protect\n|move|p2b: Amoonguss|Pollen Puff|p2a: Calyrex\n|-heal|p2a: Calyrex|100/100\n|move|p2a: Calyrex|Glacial Lance|p1b: Calyrex|[spread] p1a\n|-activate|p1b: Calyrex|move: Protect\n|-resisted|p1a: Incineroar\n|-damage|p1a: Incineroar|0 fnt\n|faint|p1a: Incineroar\n|-ability|p2a: Calyrex|Chilling Neigh|boost\n|-boost|p2a: Calyrex|atk|1\n|\n|-fieldend|move: Trick Room\n|upkeep\n|\n|t:|1775089690\n|switch|p1a: Miraidon|Miraidon, L50|58/100\n|-activate|p1a: Miraidon|ability: Hadron Engine\n|turn|11\n|\n|t:|1775089708\n|move|p2b: Amoonguss|Rage Powder|p2b: Amoonguss\n|-singleturn|p2b: Amoonguss|move: Rage Powder\n|move|p1b: Calyrex|Psychic|p2b: Amoonguss\n|-supereffective|p2b: Amoonguss\n|-damage|p2b: Amoonguss|0 fnt\n|faint|p2b: Amoonguss\n|-ability|p1b: Calyrex|Grim Neigh|boost\n|-boost|p1b: Calyrex|spa|1\n|move|p1a: Miraidon|Electro Drift|p2a: Calyrex\n|-supereffective|p2a: Calyrex\n|-damage|p2a: Calyrex|0 fnt\n|faint|p2a: Calyrex\n|\n|win|the gamblerler\n|raw|the gamblerler's rating: 1428 &rarr; <strong>1442</strong><br />(+14 for winning)\n|raw|Douglas Viana's rating: 1312 &rarr; <strong>1298</strong><br />(-14 for losing)\n|l|\u2606the gamblerler\n|player|p1|\n|l|\u2606Douglas Viana\n|player|p2|\n","uploadtime":1775089960,"views":11,"formatid":"gen9vgc2026regi","rating":1298,"private":0,"password":null}