{"id":"gen9vgc2026regi-2591233883","format":"[Gen 9] VGC 2026 Reg I","players":["nabongo_o","Harry Koekenpan"],"log":"|j|\u2606nabongo_o\n|j|\u2606Harry Koekenpan\n|t:|1776883140\n|gametype|doubles\n|player|p1|nabongo_o|266|1349\n|player|p2|Harry Koekenpan|101|1501\n|gen|9\n|tier|[Gen 9] VGC 2026 Reg I\n|rated|\n|rule|Species Clause: Limit one of each Pok\u00e9mon\n|rule|Item Clause: Limit 1 of each item\n|clearpoke\n|poke|p1|Calyrex-Shadow, L50|\n|poke|p1|Incineroar, L50, F|\n|poke|p1|Rillaboom, L50, F|\n|poke|p1|Koraidon, L50|\n|poke|p1|Amoonguss, L50, F|\n|poke|p1|Urshifu-*, L50, M|\n|poke|p2|Weezing-Galar, L50, M|\n|poke|p2|Calyrex-Shadow, L50|\n|poke|p2|Regigigas, L50|\n|poke|p2|Koraidon, L50|\n|poke|p2|Chi-Yu, L50|\n|poke|p2|Brute Bonnet, L50|\n|teampreview|4\n|inactive|Battle timer is ON: inactive players will automatically lose when time's up. (requested by Harry Koekenpan)\n|inactive|Harry Koekenpan has 60 seconds left.\n|\n|t:|1776883207\n|teamsize|p1|4\n|teamsize|p2|4\n|start\n|switch|p1a: Rillaboom|Rillaboom, L50, F|100/100\n|switch|p1b: Urshifu|Urshifu, L50, M|100/100\n|switch|p2a: Chi-Yu|Chi-Yu, L50|100/100\n|switch|p2b: Brute Bonnet|Brute Bonnet, L50|100/100\n|-ability|p2a: Chi-Yu|Beads of Ruin\n|-fieldstart|move: Grassy Terrain|[from] ability: Grassy Surge|[of] p1a: Rillaboom\n|turn|1\n|inactive|nabongo_o has 30 seconds left.\n|inactive|Harry Koekenpan has 30 seconds left.\n|inactive|nabongo_o has 20 seconds left.\n|inactive|nabongo_o has 15 seconds left.\n|inactive|nabongo_o has 10 seconds left.\n|\n|t:|1776883256\n|switch|p2a: Koraidon|Koraidon, L50|100/100\n|-weather|SunnyDay|[from] ability: Orichalcum Pulse|[of] p2a: Koraidon\n|-activate|p2b: Brute Bonnet|ability: Protosynthesis\n|-start|p2b: Brute Bonnet|protosynthesisdef\n|-activate|p2a: Koraidon|Orichalcum Pulse|[source]\n|move|p1a: Rillaboom|Fake Out|p2b: Brute Bonnet\n|-damage|p2b: Brute Bonnet|93/100\n|move|p1b: Urshifu|Close Combat|p2b: Brute Bonnet\n|-supereffective|p2b: Brute Bonnet\n|-damage|p2b: Brute Bonnet|17/100\n|-unboost|p1b: Urshifu|def|1\n|-unboost|p1b: Urshifu|spd|1\n|move|p2b: Brute Bonnet|Spore|p1b: Urshifu\n|-status|p1b: Urshifu|slp|[from] move: Spore\n|\n|-weather|SunnyDay|[upkeep]\n|-heal|p2b: Brute Bonnet|23/100|[from] Grassy Terrain\n|upkeep\n|turn|2\n|inactive|nabongo_o has 30 seconds left.\n|inactive|Harry Koekenpan has 30 seconds left.\n|inactive|nabongo_o has 20 seconds left.\n|\n|t:|1776883294\n|switch|p1a: Koraidon|Koraidon, L50, shiny|100/100\n|-activate|p1a: Koraidon|ability: Orichalcum Pulse\n|-terastallize|p2a: Koraidon|Fire\n|move|p2a: Koraidon|Flame Charge|p1a: Koraidon\n|-resisted|p1a: Koraidon\n|-damage|p1a: Koraidon|66/100\n|-boost|p2a: Koraidon|spe|1\n|cant|p1b: Urshifu|slp\n|move|p2b: Brute Bonnet|Spore|p1a: Koraidon\n|-status|p1a: Koraidon|slp|[from] move: Spore\n|\n|-weather|SunnyDay|[upkeep]\n|-heal|p1a: Koraidon|72/100 slp|[from] Grassy Terrain\n|-heal|p2b: Brute Bonnet|29/100|[from] Grassy Terrain\n|upkeep\n|turn|3\n|\n|t:|1776883317\n|switch|p1a: Rillaboom|Rillaboom, L50, F|100/100\n|move|p2a: Koraidon|Collision Course|p1b: Urshifu\n|-supereffective|p1b: Urshifu\n|-enditem|p1b: Urshifu|Focus Sash\n|-damage|p1b: Urshifu|1/100 slp\n|cant|p1b: Urshifu|slp\n|move|p2b: Brute Bonnet|Seed Bomb|p1b: Urshifu\n|-damage|p1b: Urshifu|0 fnt\n|faint|p1b: Urshifu\n|\n|-weather|SunnyDay|[upkeep]\n|-heal|p2b: Brute Bonnet|35/100|[from] Grassy Terrain\n|upkeep\n|\n|t:|1776883342\n|switch|p1b: Calyrex|Calyrex-Shadow, L50|100/100\n|-ability|p1b: Calyrex|As One\n|-ability|p1b: Calyrex|Unnerve\n|turn|4\n|\n|t:|1776883357\n|move|p2a: Koraidon|Protect|p2a: Koraidon\n|-singleturn|p2a: Koraidon|Protect\n|move|p1a: Rillaboom|Fake Out|p2a: Koraidon\n|-activate|p2a: Koraidon|move: Protect\n|move|p2b: Brute Bonnet|Sucker Punch|p1b: Calyrex\n|-supereffective|p1b: Calyrex\n|-damage|p1b: Calyrex|0 fnt\n|faint|p1b: Calyrex\n|\n|-weather|SunnyDay|[upkeep]\n|-heal|p2b: Brute Bonnet|41/100|[from] Grassy Terrain\n|upkeep\n|inactive|nabongo_o has 30 seconds left.\n|inactive|nabongo_o has 20 seconds left.\n|inactive|nabongo_o has 15 seconds left.\n|inactive|nabongo_o has 10 seconds left.\n|inactive|nabongo_o has 5 seconds left.\n|\n|t:|1776883412\n|switch|p1b: Koraidon|Koraidon, L50, shiny|72/100 slp\n|-activate|p1b: Koraidon|ability: Orichalcum Pulse\n|turn|5\n|inactive|nabongo_o has 30 seconds left.\n|inactive|nabongo_o has 20 seconds left.\n|inactive|nabongo_o has 15 seconds left.\n|inactive|nabongo_o has 10 seconds left.\n|inactive|nabongo_o has 5 seconds left.\n|\n|t:|1776883467\n|move|p2a: Koraidon|Flare Blitz|p1a: Rillaboom\n|-supereffective|p1a: Rillaboom\n|-damage|p1a: Rillaboom|0 fnt\n|faint|p1a: Rillaboom\n|-damage|p2a: Koraidon|62/100|[from] Recoil\n|cant|p1b: Koraidon|slp\n|move|p2b: Brute Bonnet|Seed Bomb|p1b: Koraidon\n|-resisted|p1b: Koraidon\n|-damage|p1b: Koraidon|54/100 slp\n|\n|-weather|none\n|-end|p2b: Brute Bonnet|Protosynthesis\n|-heal|p2a: Koraidon|68/100|[from] Grassy Terrain\n|-heal|p1b: Koraidon|60/100 slp|[from] Grassy Terrain\n|-heal|p2b: Brute Bonnet|47/100|[from] Grassy Terrain\n|-fieldend|move: Grassy Terrain\n|upkeep\n|turn|6\n|inactive|nabongo_o has 30 seconds left.\n|inactive|Harry Koekenpan has 30 seconds left.\n|inactive|nabongo_o has 20 seconds left.\n|inactive|Harry Koekenpan has 20 seconds left.\n|inactive|nabongo_o has 15 seconds left.\n|inactive|nabongo_o has 10 seconds left.\n|inactive|nabongo_o has 5 seconds left.\n|\n|t:|1776883522\n|move|p2b: Brute Bonnet|Sucker Punch|p1b: Koraidon\n|-resisted|p1b: Koraidon\n|-damage|p1b: Koraidon|47/100 slp\n|move|p2a: Koraidon|Collision Course|p1b: Koraidon\n|-crit|p1b: Koraidon\n|-damage|p1b: Koraidon|0 fnt\n|faint|p1b: Koraidon\n|\n|win|Harry Koekenpan\n|raw|nabongo_o's rating: 1349 &rarr; <strong>1337</strong><br />(-12 for losing)\n|raw|Harry Koekenpan's rating: 1501 &rarr; <strong>1513</strong><br />(+12 for winning)\n","uploadtime":1776883551,"views":20,"formatid":"gen9vgc2026regi","rating":1337,"private":0,"password":null}