{"id":"gen9vgc2026regi-2534913598","format":"[Gen 9] VGC 2026 Reg I","players":["Zephyr06","j0l0k0"],"log":"|j|\u2606Zephyr06\n|j|\u2606j0l0k0\n|t:|1770491910\n|gametype|doubles\n|player|p1|Zephyr06|morty-gen2|1354\n|player|p2|j0l0k0|brycen|1549\n|gen|9\n|tier|[Gen 9] VGC 2026 Reg I\n|rated|\n|rule|Species Clause: Limit one of each Pok\u00e9mon\n|rule|Item Clause: Limit 1 of each item\n|clearpoke\n|poke|p1|Lunala, L50|\n|poke|p1|Kyogre, L50|\n|poke|p1|Rillaboom, L50, F|\n|poke|p1|Basculegion, L50, M|\n|poke|p1|Volcarona, L50, F|\n|poke|p1|Urshifu-*, L50, M|\n|poke|p2|Calyrex-Ice, L50|\n|poke|p2|Kyogre, L50|\n|poke|p2|Indeedee-F, L50, F|\n|poke|p2|Urshifu-*, L50, F|\n|poke|p2|Amoonguss, L50, F|\n|poke|p2|Landorus, L50, M|\n|teampreview|4\n|inactive|Battle timer is ON: inactive players will automatically lose when time's up. (requested by j0l0k0)\n|inactive|Zephyr06 has 60 seconds left.\n|\n|t:|1770491968\n|teamsize|p1|4\n|teamsize|p2|4\n|start\n|switch|p1a: Kyogre|Kyogre, L50, shiny|100/100\n|switch|p1b: Basculegion|Basculegion, L50, M, shiny|100/100\n|switch|p2a: Kyogre|Kyogre, L50, shiny|100/100\n|switch|p2b: Indeedee|Indeedee-F, L50, F, shiny|100/100\n|-weather|RainDance|[from] ability: Drizzle|[of] p1a: Kyogre\n|-fieldstart|move: Psychic Terrain|[from] ability: Psychic Surge|[of] p2b: Indeedee\n|turn|1\n|\n|t:|1770491987\n|move|p2b: Indeedee|Helping Hand|p2a: Kyogre\n|-singleturn|p2a: Kyogre|Helping Hand|[of] p2b: Indeedee\n|move|p1b: Basculegion|Protect|p1b: Basculegion\n|-singleturn|p1b: Basculegion|Protect\n|move|p1a: Kyogre|Water Spout|p2a: Kyogre|[spread] p2a,p2b\n|-resisted|p2a: Kyogre\n|-damage|p2a: Kyogre|72/100\n|-damage|p2b: Indeedee|0 fnt\n|faint|p2b: Indeedee\n|move|p2a: Kyogre|Thunder|p1a: Kyogre\n|-supereffective|p1a: Kyogre\n|-damage|p1a: Kyogre|0 fnt\n|faint|p1a: Kyogre\n|\n|-weather|RainDance|[upkeep]\n|upkeep\n|\n|t:|1770492003\n|switch|p1a: Urshifu|Urshifu, L50, M|100/100\n|switch|p2b: Urshifu|Urshifu, L50, F|100/100\n|turn|2\n|\n|t:|1770492022\n|move|p1b: Basculegion|Wave Crash|p2b: Urshifu\n|-enditem|p2b: Urshifu|Focus Sash\n|-damage|p2b: Urshifu|1/100\n|-damage|p1b: Basculegion|72/100|[from] Recoil\n|-damage|p1b: Basculegion|62/100|[from] item: Life Orb\n|move|p1a: Urshifu|Wicked Blow|p2a: Kyogre\n|-crit|p2a: Kyogre\n|-damage|p2a: Kyogre|18/100\n|move|p2b: Urshifu|Close Combat|p1a: Urshifu\n|-supereffective|p1a: Urshifu\n|-enditem|p1a: Urshifu|Focus Sash\n|-damage|p1a: Urshifu|1/100\n|-unboost|p2b: Urshifu|def|1\n|-unboost|p2b: Urshifu|spd|1\n|move|p2a: Kyogre|Thunder|p1b: Basculegion\n|-supereffective|p1b: Basculegion\n|-damage|p1b: Basculegion|0 fnt\n|faint|p1b: Basculegion\n|\n|-weather|RainDance|[upkeep]\n|upkeep\n|\n|t:|1770492038\n|switch|p1b: Lunala|Lunala, L50|100/100\n|turn|3\n|inactive|Zephyr06 has 30 seconds left.\n|inactive|Zephyr06 has 20 seconds left.\n|inactive|Zephyr06 has 15 seconds left.\n|inactive|Zephyr06 has 10 seconds left.\n|\n|t:|1770492089\n|-terastallize|p2b: Urshifu|Ghost\n|move|p1b: Lunala|Wide Guard|p1b: Lunala\n|-singleturn|p1b: Lunala|Wide Guard\n|move|p1a: Urshifu|Wicked Blow|p2b: Urshifu\n|-supereffective|p2b: Urshifu\n|-crit|p2b: Urshifu\n|-damage|p2b: Urshifu|0 fnt\n|faint|p2b: Urshifu\n|move|p2a: Kyogre|Water Spout|p1a: Urshifu|[spread] \n|-activate|p1a: Urshifu|move: Wide Guard\n|-activate|p1b: Lunala|move: Wide Guard\n|\n|-weather|RainDance|[upkeep]\n|upkeep\n|\n|t:|1770492101\n|switch|p2b: Calyrex|Calyrex-Ice, L50|100/100\n|-ability|p2b: Calyrex|As One\n|-ability|p2b: Calyrex|Unnerve\n|turn|4\n|\n|t:|1770492114\n|move|p1a: Urshifu|Wicked Blow|p2b: Calyrex\n|-supereffective|p2b: Calyrex\n|-crit|p2b: Calyrex\n|-damage|p2b: Calyrex|31/100\n|move|p1b: Lunala|Moongeist Beam|p2b: Calyrex\n|-supereffective|p2b: Calyrex\n|-damage|p2b: Calyrex|0 fnt\n|faint|p2b: Calyrex\n|move|p2a: Kyogre|Thunder|p1a: Urshifu\n|-damage|p1a: Urshifu|0 fnt\n|faint|p1a: Urshifu\n|\n|-weather|RainDance|[upkeep]\n|upkeep\n|turn|5\n|\n|t:|1770492125\n|move|p1b: Lunala|Moongeist Beam|p2a: Kyogre\n|-damage|p2a: Kyogre|0 fnt\n|faint|p2a: Kyogre\n|\n|win|Zephyr06\n|raw|Zephyr06's rating: 1354 &rarr; <strong>1384</strong><br />(+30 for winning)\n|raw|j0l0k0's rating: 1549 &rarr; <strong>1519</strong><br />(-30 for losing)\n|l|\u2606j0l0k0\n|player|p2|\n|l|\u2606Zephyr06\n|player|p1|\n","uploadtime":1770492295,"views":15,"formatid":"gen9vgc2026regi","rating":1384,"private":0,"password":null}