{"id":"gen9vgc2026regi-2544704594","format":"[Gen 9] VGC 2026 Reg I","players":["cpinalli4","EllenJoe2026"],"log":"|j|\u2606cpinalli4\n|j|\u203dEllenJoe2026\n|t:|1771742692\n|gametype|doubles\n|player|p1|cpinalli4|elesa|1435\n|player|p2|EllenJoe2026|iono|1503\n|gen|9\n|tier|[Gen 9] VGC 2026 Reg I\n|rated|\n|rule|Species Clause: Limit one of each Pok\u00e9mon\n|rule|Item Clause: Limit 1 of each item\n|clearpoke\n|poke|p1|Kyogre, L50|\n|poke|p1|Flutter Mane, L50|\n|poke|p1|Urshifu-*, L50, M|\n|poke|p1|Landorus, L50, M|\n|poke|p1|Smeargle, L50, M|\n|poke|p1|Calyrex-Ice, L50|\n|poke|p2|Calyrex-Shadow, L50|\n|poke|p2|Zamazenta-*, L50|\n|poke|p2|Chien-Pao, L50|\n|poke|p2|Dragonite, L50, F|\n|poke|p2|Tornadus, L50, M|\n|poke|p2|Urshifu-*, L50, F|\n|teampreview|4\n|inactive|Battle timer is ON: inactive players will automatically lose when time's up. (requested by EllenJoe2026)\n|inactive|EllenJoe2026 has 60 seconds left.\n|\n|t:|1771742724\n|teamsize|p1|4\n|teamsize|p2|4\n|start\n|switch|p1a: Smeargle|Smeargle, L50, M|100/100\n|switch|p1b: Calyrex|Calyrex-Ice, L50|100/100\n|switch|p2a: Tornadus|Tornadus, L50, M|100/100\n|switch|p2b: Urshifu|Urshifu-Rapid-Strike, L50, F|100/100\n|-ability|p1b: Calyrex|As One\n|-ability|p1b: Calyrex|Unnerve\n|turn|1\n|\n|t:|1771742735\n|move|p1a: Smeargle|Follow Me|p1a: Smeargle\n|-singleturn|p1a: Smeargle|move: Follow Me\n|move|p2a: Tornadus|Taunt|p1a: Smeargle\n|-start|p1a: Smeargle|move: Taunt\n|move|p2b: Urshifu|Surging Strikes|p1a: Smeargle\n|-crit|p1a: Smeargle\n|-damage|p1a: Smeargle|37/100\n|-crit|p1a: Smeargle\n|-damage|p1a: Smeargle|0 fnt\n|faint|p1a: Smeargle\n|-hitcount|p1: Smeargle|2\n|move|p1b: Calyrex|Trick Room|p1b: Calyrex\n|-fieldstart|move: Trick Room|[of] p1b: Calyrex\n|\n|upkeep\n|\n|t:|1771742741\n|switch|p1a: alex|Kyogre, L50|100/100\n|-weather|RainDance|[from] ability: Drizzle|[of] p1a: alex\n|turn|2\n|\n|t:|1771742756\n|move|p2a: Tornadus|Taunt|p1b: Calyrex\n|-start|p1b: Calyrex|move: Taunt\n|move|p1a: alex|Water Spout|p2a: Tornadus|[spread] p2a,p2b\n|-resisted|p2b: Urshifu\n|-damage|p2a: Tornadus|0 fnt\n|-damage|p2b: Urshifu|16/100\n|faint|p2a: Tornadus\n|move|p1b: Calyrex|Glacial Lance|p2b: Urshifu\n|-resisted|p2b: Urshifu\n|-damage|p2b: Urshifu|0 fnt\n|faint|p2b: Urshifu\n|-ability|p1b: Calyrex|Chilling Neigh|boost\n|-boost|p1b: Calyrex|atk|1\n|\n|-weather|RainDance|[upkeep]\n|upkeep\n|\n|t:|1771742760\n|switch|p2b: Zamazenta|Zamazenta-Crowned, L50|100/100\n|switch|p2a: Calyrex|Calyrex-Shadow, L50|100/100\n|-ability|p2a: Calyrex|As One\n|-ability|p2a: Calyrex|Unnerve\n|-ability|p2b: Zamazenta|Dauntless Shield|boost\n|-boost|p2b: Zamazenta|def|1\n|turn|3\n|\n|t:|1771742770\n|-terastallize|p1b: Calyrex|Grass\n|move|p2b: Zamazenta|Protect|p2b: Zamazenta\n|-singleturn|p2b: Zamazenta|Protect\n|move|p2a: Calyrex|Protect|p2a: Calyrex\n|-singleturn|p2a: Calyrex|Protect\n|move|p1a: alex|Ice Beam|p2a: Calyrex\n|-activate|p2a: Calyrex|move: Protect\n|move|p1b: Calyrex|Seed Bomb|p2a: Calyrex\n|-activate|p2a: Calyrex|move: Protect\n|\n|-weather|RainDance|[upkeep]\n|upkeep\n|turn|4\n|inactive|EllenJoe2026 has 30 seconds left.\n|\n|t:|1771742804\n|move|p2b: Zamazenta|Wide Guard|p2b: Zamazenta\n|-singleturn|p2b: Zamazenta|Wide Guard\n|move|p1a: alex|Ice Beam|p2a: Calyrex\n|-damage|p2a: Calyrex|64/100\n|move|p1b: Calyrex|Seed Bomb|p2a: Calyrex\n|-damage|p2a: Calyrex|0 fnt\n|faint|p2a: Calyrex\n|-ability|p1b: Calyrex|Chilling Neigh|boost\n|-boost|p1b: Calyrex|atk|1\n|\n|-weather|RainDance|[upkeep]\n|-end|p1b: Calyrex|move: Taunt\n|upkeep\n|turn|5\n|-message|EllenJoe2026 forfeited.\n|\n|win|cpinalli4\n|raw|cpinalli4's rating: 1435 &rarr; <strong>1459</strong><br />(+24 for winning)\n|raw|EllenJoe2026's rating: 1503 &rarr; <strong>1479</strong><br />(-24 for losing)\n|l|\u203dEllenJoe2026\n|player|p2|\n|l|\u2606cpinalli4\n|player|p1|\n","uploadtime":1771742818,"views":19,"formatid":"gen9vgc2026regi","rating":1459,"private":0,"password":null}