{"id":"gen9vgc2026regi-2567866160","format":"[Gen 9] VGC 2026 Reg I","players":["sevaag","micod"],"log":"|j|\u2606sevaag\n|j|\u2606micod\n|t:|1774528818\n|gametype|doubles\n|player|p1|sevaag|clerkf|1319\n|player|p2|micod|2|1250\n|gen|9\n|tier|[Gen 9] VGC 2026 Reg I\n|rated|\n|rule|Species Clause: Limit one of each Pok\u00e9mon\n|rule|Item Clause: Limit 1 of each item\n|clearpoke\n|poke|p1|Urshifu-*, L50, F|\n|poke|p1|Ursaluna, L50, M|\n|poke|p1|Lunala, L50|\n|poke|p1|Incineroar, L50, M|\n|poke|p1|Miraidon, L50|\n|poke|p1|Whimsicott, L50, M|\n|poke|p2|Calyrex-Ice, L50|\n|poke|p2|Oranguru, L50, F|\n|poke|p2|Indeedee-F, L50, F|\n|poke|p2|Ursaluna, L50, F|\n|poke|p2|Amoonguss, L50, F|\n|poke|p2|Kyogre, L50|\n|teampreview|4\n|inactive|Battle timer is ON: inactive players will automatically lose when time's up. (requested by micod)\n|inactive|sevaag has 60 seconds left.\n|inactive|micod has 60 seconds left.\n|\n|t:|1774528866\n|teamsize|p1|4\n|teamsize|p2|4\n|start\n|switch|p1a: Urshifu|Urshifu-Rapid-Strike, L50, F|100/100\n|switch|p1b: Miraidon|Miraidon, L50|100/100\n|switch|p2a: Kyogre|Kyogre, L50|100/100\n|switch|p2b: Indeedee|Indeedee-F, L50, F|100/100\n|-fieldstart|move: Electric Terrain|[from] ability: Hadron Engine|[of] p1b: Miraidon\n|-weather|RainDance|[from] ability: Drizzle|[of] p2a: Kyogre\n|-fieldstart|move: Psychic Terrain|[from] ability: Psychic Surge|[of] p2b: Indeedee\n|turn|1\n|inactive|micod has 30 seconds left.\n|\n|t:|1774528897\n|-terastallize|p2a: Kyogre|Grass\n|move|p2b: Indeedee|Follow Me|p2b: Indeedee\n|-singleturn|p2b: Indeedee|move: Follow Me\n|move|p1b: Miraidon|Volt Switch|p2b: Indeedee\n|-damage|p2b: Indeedee|52/100\n|\n|t:|1774528902\n|switch|p1b: Lunala|Lunala, L50|100/100|[from] Volt Switch\n|move|p1a: Urshifu|Close Combat|p2b: Indeedee\n|-damage|p2b: Indeedee|0 fnt\n|-unboost|p1a: Urshifu|def|1\n|-unboost|p1a: Urshifu|spd|1\n|-damage|p1a: Urshifu|84/100|[from] item: Rocky Helmet|[of] p2b: Indeedee\n|faint|p2b: Indeedee\n|move|p2a: Kyogre|Water Spout|p1a: Urshifu|[spread] p1a,p1b\n|-resisted|p1a: Urshifu\n|-damage|p1a: Urshifu|0 fnt\n|-damage|p1b: Lunala|62/100\n|faint|p1a: Urshifu\n|\n|-weather|RainDance|[upkeep]\n|upkeep\n|inactive|micod has 30 seconds left.\n|\n|t:|1774528929\n|switch|p1a: Miraidon|Miraidon, L50|100/100\n|switch|p2b: Oranguru|Oranguru, L50, F|100/100\n|-fieldstart|move: Electric Terrain|[from] ability: Hadron Engine|[of] p1a: Miraidon\n|-enditem|p1b: Lunala|Electric Seed\n|-boost|p1b: Lunala|def|1|[from] item: Electric Seed\n|turn|2\n|\n|t:|1774528946\n|move|p2a: Kyogre|Protect|p2a: Kyogre\n|-singleturn|p2a: Kyogre|Protect\n|move|p2b: Oranguru|Protect|p2b: Oranguru\n|-singleturn|p2b: Oranguru|Protect\n|move|p1b: Lunala|Wide Guard|p1b: Lunala\n|-singleturn|p1b: Lunala|Wide Guard\n|move|p1a: Miraidon|Electro Drift|p2b: Oranguru\n|-activate|p2b: Oranguru|move: Protect\n|\n|-weather|RainDance|[upkeep]\n|upkeep\n|turn|3\n|inactive|micod has 30 seconds left.\n|\n|t:|1774528975\n|move|p1a: Miraidon|Electro Drift|p2b: Oranguru\n|-damage|p2b: Oranguru|4/100\n|move|p1b: Lunala|Moongeist Beam|p2a: Kyogre\n|-damage|p2a: Kyogre|58/100\n|move|p2a: Kyogre|Thunder|p1b: Lunala\n|-damage|p1b: Lunala|20/100\n|-status|p1b: Lunala|par\n|move|p2b: Oranguru|Trick Room|p2b: Oranguru\n|-fieldstart|move: Trick Room|[of] p2b: Oranguru\n|\n|-weather|RainDance|[upkeep]\n|upkeep\n|turn|4\n|c|\u2606sevaag|miraidon slowest confirmed\n|inactive|sevaag has 30 seconds left.\n|inactive|micod has 30 seconds left.\n|inactive|micod has 20 seconds left.\n|inactive|micod has 15 seconds left.\n|\n|t:|1774529019\n|move|p2b: Oranguru|Protect|p2b: Oranguru\n|-singleturn|p2b: Oranguru|Protect\n|move|p1b: Lunala|Moonblast|p2b: Oranguru\n|-activate|p2b: Oranguru|move: Protect\n|move|p2a: Kyogre|Thunder|p1b: Lunala\n|-damage|p1b: Lunala|0 fnt\n|faint|p1b: Lunala\n|move|p1a: Miraidon|Electro Drift|p2a: Kyogre\n|-resisted|p2a: Kyogre\n|-damage|p2a: Kyogre|6/100\n|\n|-weather|RainDance|[upkeep]\n|upkeep\n|\n|t:|1774529030\n|switch|p1b: Ursaluna|Ursaluna, L50, M|100/100\n|turn|5\n|inactive|micod has 30 seconds left.\n|\n|t:|1774529056\n|move|p1b: Ursaluna|Facade|p2a: Kyogre\n|-damage|p2a: Kyogre|0 fnt\n|faint|p2a: Kyogre\n|move|p2b: Oranguru|Psychic|p1b: Ursaluna\n|-crit|p1b: Ursaluna\n|-damage|p1b: Ursaluna|60/100\n|move|p1a: Miraidon|Electro Drift|p2b: Oranguru\n|-damage|p2b: Oranguru|0 fnt\n|faint|p2b: Oranguru\n|\n|-weather|none\n|-status|p1b: Ursaluna|brn|[from] item: Flame Orb\n|upkeep\n|\n|t:|1774529070\n|switch|p2b: Calyrex|Calyrex-Ice, L50|100/100\n|-ability|p2b: Calyrex|As One\n|-ability|p2b: Calyrex|Unnerve\n|turn|6\n|\n|t:|1774529085\n|-terastallize|p1a: Miraidon|Fairy\n|move|p2b: Calyrex|Glacial Lance|p1a: Miraidon|[spread] p1a,p1b\n|-supereffective|p1b: Ursaluna\n|-damage|p1a: Miraidon|33/100\n|-damage|p1b: Ursaluna|0 fnt\n|faint|p1b: Ursaluna\n|-ability|p2b: Calyrex|Chilling Neigh|boost\n|-boost|p2b: Calyrex|atk|1\n|move|p1a: Miraidon|Electro Drift|p2b: Calyrex\n|-damage|p2b: Calyrex|0 fnt\n|faint|p2b: Calyrex\n|\n|win|sevaag\n|raw|sevaag's rating: 1319 &rarr; <strong>1335</strong><br />(+16 for winning)\n|raw|micod's rating: 1250 &rarr; <strong>1230</strong><br />(-20 for losing)\n|c|\u2606sevaag|gg\n|l|\u2606micod\n|player|p2|\n|l|\u2606sevaag\n|player|p1|\n","uploadtime":1774529290,"views":6,"formatid":"gen9vgc2026regi","rating":1230,"private":0,"password":null}