{"id":"gen9vgc2026regi-2523871527","format":"[Gen 9] VGC 2026 Reg I","players":["zonavideovigilada","defrnm"],"log":"|j|\u2606zonavideovigilada\n|j|\u2606defrnm\n|t:|1769084580\n|gametype|doubles\n|player|p1|zonavideovigilada|101|1484\n|player|p2|defrnm|iris-gen5bw2|1415\n|gen|9\n|tier|[Gen 9] VGC 2026 Reg I\n|rated|\n|rule|Species Clause: Limit one of each Pok\u00e9mon\n|rule|Item Clause: Limit 1 of each item\n|clearpoke\n|poke|p1|Chien-Pao, L50|\n|poke|p1|Calyrex-Shadow, L50|\n|poke|p1|Zamazenta-*, L50|\n|poke|p1|Amoonguss, L50, F|\n|poke|p1|Chi-Yu, L50|\n|poke|p1|Rillaboom, L50, F|\n|poke|p2|Miraidon, L50|\n|poke|p2|Calyrex-Ice, L50|\n|poke|p2|Farigiraf, L50, F|\n|poke|p2|Urshifu-*, L50, F|\n|poke|p2|Incineroar, L50, M|\n|poke|p2|Landorus, L50, M|\n|teampreview|4\n|inactive|Battle timer is ON: inactive players will automatically lose when time's up. (requested by defrnm)\n|\n|t:|1769084609\n|teamsize|p1|4\n|teamsize|p2|4\n|start\n|switch|p1a: Rillaboom|Rillaboom, L50, F|100/100\n|switch|p1b: Calyrex|Calyrex-Shadow, L50|100/100\n|switch|p2a: Miraidon|Miraidon, L50|100/100\n|switch|p2b: Farigiraf|Farigiraf, L50, F|100/100\n|-ability|p1b: Calyrex|As One\n|-ability|p1b: Calyrex|Unnerve\n|-fieldstart|move: Electric Terrain|[from] ability: Hadron Engine|[of] p2a: Miraidon\n|-enditem|p2b: Farigiraf|Electric Seed\n|-boost|p2b: Farigiraf|def|1|[from] item: Electric Seed\n|-fieldstart|move: Grassy Terrain|[from] ability: Grassy Surge|[of] p1a: Rillaboom\n|turn|1\n|inactive|zonavideovigilada has 30 seconds left.\n|\n|t:|1769084638\n|switch|p1b: Amoonguss|Amoonguss, L50, F|100/100\n|move|p2a: Miraidon|Snarl|p1a: Rillaboom|[spread] p1a,p1b\n|-damage|p1a: Rillaboom|85/100\n|-damage|p1b: Amoonguss|86/100\n|-unboost|p1a: Rillaboom|spa|1\n|-unboost|p1b: Amoonguss|spa|1\n|move|p1a: Rillaboom|High Horsepower|p2a: Miraidon\n|-supereffective|p2a: Miraidon\n|-damage|p2a: Miraidon|41/100\n|move|p2b: Farigiraf|Trick Room|p2b: Farigiraf\n|-fieldstart|move: Trick Room|[of] p2b: Farigiraf\n|\n|-heal|p1b: Amoonguss|92/100|[from] Grassy Terrain\n|-heal|p1a: Rillaboom|90/100|[from] Grassy Terrain\n|-heal|p2a: Miraidon|47/100|[from] Grassy Terrain\n|upkeep\n|turn|2\n|inactive|zonavideovigilada has 30 seconds left.\n|inactive|defrnm has 30 seconds left.\n|\n|t:|1769084666\n|switch|p2a: Calyrex|Calyrex-Ice, L50|100/100\n|-ability|p2a: Calyrex|As One\n|-ability|p2a: Calyrex|Unnerve\n|move|p1b: Amoonguss|Spore|p2b: Farigiraf\n|-status|p2b: Farigiraf|slp|[from] move: Spore\n|cant|p2b: Farigiraf|slp\n|move|p1a: Rillaboom|High Horsepower|p2a: Calyrex\n|-damage|p2a: Calyrex|80/100\n|\n|-heal|p1b: Amoonguss|98/100|[from] Grassy Terrain\n|-heal|p2a: Calyrex|86/100|[from] Grassy Terrain\n|-heal|p1a: Rillaboom|96/100|[from] Grassy Terrain\n|upkeep\n|turn|3\n|inactive|zonavideovigilada has 30 seconds left.\n|\n|t:|1769084700\n|switch|p2b: Miraidon|Miraidon, L50|47/100\n|-fieldstart|move: Electric Terrain|[from] ability: Hadron Engine|[of] p2b: Miraidon\n|switch|p1a: Zamazenta|Zamazenta-Crowned, L50|100/100\n|-ability|p1a: Zamazenta|Dauntless Shield|boost\n|-boost|p1a: Zamazenta|def|1\n|-terastallize|p1b: Amoonguss|Water\n|move|p1b: Amoonguss|Spore|p2a: Calyrex\n|-activate|p2a: Calyrex|move: Electric Terrain\n|move|p2a: Calyrex|Glacial Lance|p1a: Zamazenta|[spread] p1a,p1b\n|-resisted|p1a: Zamazenta\n|-resisted|p1b: Amoonguss\n|-damage|p1a: Zamazenta|90/100\n|-damage|p1b: Amoonguss|78/100\n|\n|upkeep\n|turn|4\n|inactive|zonavideovigilada has 30 seconds left.\n|inactive|defrnm has 30 seconds left.\n|\n|t:|1769084731\n|switch|p2b: Farigiraf|Farigiraf, L50, F|100/100 slp\n|move|p1b: Amoonguss|Protect|p1b: Amoonguss\n|-singleturn|p1b: Amoonguss|Protect\n|move|p2a: Calyrex|Protect|p2a: Calyrex\n|-singleturn|p2a: Calyrex|Protect\n|move|p1a: Zamazenta|Body Press|p2b: Farigiraf\n|-damage|p2b: Farigiraf|39/100 slp\n|\n|upkeep\n|turn|5\n|\n|t:|1769084751\n|-curestatus|p2b: Farigiraf|slp|[msg]\n|move|p2b: Farigiraf|Helping Hand|p2a: Calyrex\n|-singleturn|p2a: Calyrex|Helping Hand|[of] p2b: Farigiraf\n|move|p1b: Amoonguss|Sludge Bomb|p2a: Calyrex\n|-damage|p2a: Calyrex|75/100\n|move|p2a: Calyrex|High Horsepower|p1a: Zamazenta\n|-supereffective|p1a: Zamazenta\n|-crit|p1a: Zamazenta\n|-damage|p1a: Zamazenta|0 fnt\n|faint|p1a: Zamazenta\n|-ability|p2a: Calyrex|Chilling Neigh|boost\n|-boost|p2a: Calyrex|atk|1\n|\n|-fieldend|move: Trick Room\n|upkeep\n|\n|t:|1769084767\n|switch|p1a: Calyrex|Calyrex-Shadow, L50|100/100\n|-ability|p1a: Calyrex|As One\n|-ability|p1a: Calyrex|Unnerve\n|turn|6\n|\n|t:|1769084779\n|move|p2a: Calyrex|Protect|p2a: Calyrex\n|-singleturn|p2a: Calyrex|Protect\n|move|p1a: Calyrex|Astral Barrage|p2a: Calyrex|[spread] \n|-activate|p2a: Calyrex|move: Protect\n|-immune|p2b: Farigiraf\n|move|p1b: Amoonguss|Sludge Bomb|p2b: Farigiraf\n|-damage|p2b: Farigiraf|25/100\n|move|p2b: Farigiraf|Trick Room|p2b: Farigiraf\n|-fieldstart|move: Trick Room|[of] p2b: Farigiraf\n|\n|upkeep\n|turn|7\n|\n|t:|1769084800\n|switch|p2b: Miraidon|Miraidon, L50|47/100\n|-activate|p2b: Miraidon|ability: Hadron Engine\n|switch|p1a: Rillaboom|Rillaboom, L50, F|96/100\n|-fieldstart|move: Grassy Terrain|[from] ability: Grassy Surge|[of] p1a: Rillaboom\n|move|p1b: Amoonguss|Spore|p2a: Calyrex\n|-status|p2a: Calyrex|slp|[from] move: Spore\n|cant|p2a: Calyrex|slp\n|\n|-heal|p1b: Amoonguss|84/100|[from] Grassy Terrain\n|-heal|p2a: Calyrex|80/100 slp|[from] Grassy Terrain\n|-heal|p1a: Rillaboom|100/100|[from] Grassy Terrain\n|-heal|p2b: Miraidon|54/100|[from] Grassy Terrain\n|upkeep\n|turn|8\n|\n|t:|1769084818\n|switch|p2b: Farigiraf|Farigiraf, L50, F|25/100\n|cant|p2a: Calyrex|slp\n|move|p1b: Amoonguss|Spore|p2b: Farigiraf\n|-status|p2b: Farigiraf|slp|[from] move: Spore\n|move|p1a: Rillaboom|Wood Hammer|p2a: Calyrex\n|-damage|p2a: Calyrex|24/100 slp\n|-damage|p1a: Rillaboom|82/100|[from] Recoil\n|\n|-heal|p1b: Amoonguss|90/100|[from] Grassy Terrain\n|-heal|p2a: Calyrex|30/100 slp|[from] Grassy Terrain\n|-heal|p2b: Farigiraf|31/100 slp|[from] Grassy Terrain\n|-heal|p1a: Rillaboom|88/100|[from] Grassy Terrain\n|upkeep\n|turn|9\n|\n|t:|1769084835\n|switch|p1a: Calyrex|Calyrex-Shadow, L50|100/100\n|-ability|p1a: Calyrex|As One\n|-ability|p1a: Calyrex|Unnerve\n|cant|p2b: Farigiraf|slp\n|move|p1b: Amoonguss|Sludge Bomb|p2a: Calyrex\n|-damage|p2a: Calyrex|17/100 slp\n|cant|p2a: Calyrex|slp\n|\n|-heal|p1b: Amoonguss|95/100|[from] Grassy Terrain\n|-heal|p2a: Calyrex|23/100 slp|[from] Grassy Terrain\n|-heal|p2b: Farigiraf|37/100 slp|[from] Grassy Terrain\n|upkeep\n|turn|10\n|\n|t:|1769084855\n|move|p1a: Calyrex|Protect|p1a: Calyrex\n|-singleturn|p1a: Calyrex|Protect\n|move|p1b: Amoonguss|Sludge Bomb|p2b: Farigiraf\n|-damage|p2b: Farigiraf|24/100 slp\n|-curestatus|p2a: Calyrex|slp|[msg]\n|move|p2a: Calyrex|Glacial Lance|p1b: Amoonguss|[spread] p1b\n|-activate|p1a: Calyrex|move: Protect\n|-resisted|p1b: Amoonguss\n|-damage|p1b: Amoonguss|65/100\n|cant|p2b: Farigiraf|slp\n|\n|-heal|p1b: Amoonguss|71/100|[from] Grassy Terrain\n|-heal|p2a: Calyrex|29/100|[from] Grassy Terrain\n|-heal|p2b: Farigiraf|30/100 slp|[from] Grassy Terrain\n|-fieldend|move: Trick Room\n|upkeep\n|turn|11\n|\n|t:|1769084879\n|move|p2a: Calyrex|Protect|p2a: Calyrex\n|-singleturn|p2a: Calyrex|Protect\n|move|p1a: Calyrex|Astral Barrage|p2b: Farigiraf|[spread] \n|-activate|p2a: Calyrex|move: Protect\n|-immune|p2b: Farigiraf\n|-curestatus|p2b: Farigiraf|slp|[msg]\n|move|p2b: Farigiraf|Foul Play|p1a: Calyrex\n|-supereffective|p1a: Calyrex\n|-damage|p1a: Calyrex|39/100\n|move|p1b: Amoonguss|Sludge Bomb|p2b: Farigiraf\n|-damage|p2b: Farigiraf|17/100\n|-status|p2b: Farigiraf|psn\n|\n|-heal|p1a: Calyrex|45/100|[from] Grassy Terrain\n|-heal|p2b: Farigiraf|23/100 psn|[from] Grassy Terrain\n|-heal|p2a: Calyrex|35/100|[from] Grassy Terrain\n|-heal|p1b: Amoonguss|77/100|[from] Grassy Terrain\n|-damage|p2b: Farigiraf|10/100 psn|[from] psn\n|-fieldend|move: Grassy Terrain\n|upkeep\n|turn|12\n|\n|t:|1769084900\n|move|p1b: Amoonguss|Rage Powder|p1b: Amoonguss\n|-singleturn|p1b: Amoonguss|move: Rage Powder\n|move|p1a: Calyrex|Astral Barrage|p2a: Calyrex|[spread] p2a\n|-immune|p2b: Farigiraf\n|-supereffective|p2a: Calyrex\n|-damage|p2a: Calyrex|0 fnt\n|faint|p2a: Calyrex\n|-ability|p1a: Calyrex|Grim Neigh|boost\n|-boost|p1a: Calyrex|spa|1\n|move|p2b: Farigiraf|Foul Play|p1b: Amoonguss\n|-damage|p1b: Amoonguss|65/100\n|-damage|p2b: Farigiraf|0 fnt|[from] item: Rocky Helmet|[of] p1b: Amoonguss\n|faint|p2b: Farigiraf\n|\n|upkeep\n|\n|t:|1769084905\n|switch|p2b: Miraidon|Miraidon, L50|54/100\n|switch|p2a: Urshifu|Urshifu-Rapid-Strike, L50, F|100/100\n|-fieldstart|move: Electric Terrain|[from] ability: Hadron Engine|[of] p2b: Miraidon\n|turn|13\n|inactive|zonavideovigilada has 30 seconds left.\n|inactive|defrnm has 30 seconds left.\n|inactive|zonavideovigilada has 20 seconds left.\n|inactive|zonavideovigilada has 15 seconds left.\n|inactive|zonavideovigilada has 10 seconds left.\n|inactive|zonavideovigilada has 5 seconds left.\n|\n|t:|1769084958\n|-terastallize|p2a: Urshifu|Water\n|move|p1b: Amoonguss|Rage Powder|p1b: Amoonguss\n|-singleturn|p1b: Amoonguss|move: Rage Powder\n|move|p2b: Miraidon|Electro Drift|p1b: Amoonguss\n|-supereffective|p1b: Amoonguss\n|-damage|p1b: Amoonguss|0 fnt\n|-damage|p2b: Miraidon|37/100|[from] item: Rocky Helmet|[of] p1b: Amoonguss\n|faint|p1b: Amoonguss\n|move|p1a: Calyrex|Astral Barrage|p2a: Urshifu|[spread] p2a,p2b\n|-damage|p2a: Urshifu|3/100\n|-damage|p2b: Miraidon|0 fnt\n|faint|p2b: Miraidon\n|-ability|p1a: Calyrex|Grim Neigh|boost\n|-boost|p1a: Calyrex|spa|1\n|move|p2a: Urshifu|Surging Strikes|p1a: Calyrex\n|-crit|p1a: Calyrex\n|-damage|p1a: Calyrex|1/100\n|-crit|p1a: Calyrex\n|-damage|p1a: Calyrex|0 fnt\n|faint|p1a: Calyrex\n|-hitcount|p1: Calyrex|2\n|\n|upkeep\n|\n|t:|1769084971\n|switch|p1b: Rillaboom|Rillaboom, L50, F|88/100\n|-fieldstart|move: Grassy Terrain|[from] ability: Grassy Surge|[of] p1b: Rillaboom\n|turn|14\n|\n|t:|1769084974\n|move|p1b: Rillaboom|Grassy Glide|p2a: Urshifu\n|-supereffective|p2a: Urshifu\n|-damage|p2a: Urshifu|0 fnt\n|faint|p2a: Urshifu\n|\n|win|zonavideovigilada\n|raw|zonavideovigilada's rating: 1484 &rarr; <strong>1500</strong><br />(+16 for winning)\n|raw|defrnm's rating: 1415 &rarr; <strong>1399</strong><br />(-16 for losing)\n|l|\u2606defrnm\n|player|p2|\n|l|\u2606zonavideovigilada\n|player|p1|\n","uploadtime":1769085165,"views":23,"formatid":"gen9vgc2026regi","rating":1399,"private":0,"password":null}