{"id":"gen9vgc2026regi-2535098805","format":"[Gen 9] VGC 2026 Reg I","players":["SnarkyShane","jayoticnl"],"log":"|j|\u2606SnarkyShane\n|j|\u2606jayoticnl\n|t:|1770513615\n|gametype|doubles\n|player|p1|SnarkyShane|gambler|1446\n|player|p2|jayoticnl|idol|1329\n|gen|9\n|tier|[Gen 9] VGC 2026 Reg I\n|rated|\n|rule|Species Clause: Limit one of each Pok\u00e9mon\n|rule|Item Clause: Limit 1 of each item\n|clearpoke\n|poke|p1|Rayquaza, L50|\n|poke|p1|Calyrex-Shadow, L50|\n|poke|p1|Chien-Pao, L50|\n|poke|p1|Ting-Lu, L50|\n|poke|p1|Amoonguss, L50, M|\n|poke|p1|Avalugg-Hisui, L50, M|\n|poke|p2|Koraidon, L50|\n|poke|p2|Calyrex-Shadow, L50|\n|poke|p2|Incineroar, L50, F|\n|poke|p2|Rillaboom, L50, F|\n|poke|p2|Ogerpon-Hearthflame, L50, F|\n|poke|p2|Walking Wake, L50|\n|teampreview|4\n|inactive|Battle timer is ON: inactive players will automatically lose when time's up. (requested by SnarkyShane)\n|inactive|SnarkyShane has 60 seconds left.\n|inactive|jayoticnl has 60 seconds left.\n|\n|t:|1770513653\n|teamsize|p1|4\n|teamsize|p2|4\n|start\n|switch|p1a: Noodle Del Muerte|Rayquaza, L50|100/100\n|switch|p1b: Breathe Deep|Amoonguss, L50, M|100/100\n|switch|p2a: Calyrex|Calyrex-Shadow, L50|100/100\n|switch|p2b: Incineroar|Incineroar, L50, F|100/100\n|-ability|p2a: Calyrex|As One\n|-ability|p2a: Calyrex|Unnerve\n|-ability|p1a: Noodle Del Muerte|Air Lock\n|-ability|p2b: Incineroar|Intimidate|boost\n|-fail|p1a: Noodle Del Muerte|unboost|[from] item: Clear Amulet|[of] p1a: Noodle Del Muerte\n|-unboost|p1b: Breathe Deep|atk|1\n|turn|1\n|\n|t:|1770513670\n|move|p2b: Incineroar|Fake Out|p1b: Breathe Deep\n|-damage|p1b: Breathe Deep|90/100\n|move|p2a: Calyrex|Nasty Plot|p2a: Calyrex\n|-boost|p2a: Calyrex|spa|2\n|move|p1a: Noodle Del Muerte|Swords Dance|p1a: Noodle Del Muerte\n|-boost|p1a: Noodle Del Muerte|atk|2\n|cant|p1b: Breathe Deep|flinch\n|\n|upkeep\n|turn|2\n|inactive|SnarkyShane has 30 seconds left.\n|inactive|jayoticnl has 30 seconds left.\n|inactive|SnarkyShane has 20 seconds left.\n|\n|t:|1770513709\n|-terastallize|p1a: Noodle Del Muerte|Normal\n|move|p1b: Breathe Deep|Rage Powder|p1b: Breathe Deep\n|-singleturn|p1b: Breathe Deep|move: Rage Powder\n|move|p2a: Calyrex|Astral Barrage|p1a: Noodle Del Muerte|[spread] p1b\n|-immune|p1a: Noodle Del Muerte\n|-damage|p1b: Breathe Deep|2/100\n|move|p1a: Noodle Del Muerte|Dragon Ascent|p2b: Incineroar\n|-damage|p2b: Incineroar|0 fnt\n|-unboost|p1a: Noodle Del Muerte|def|1\n|-unboost|p1a: Noodle Del Muerte|spd|1\n|faint|p2b: Incineroar\n|\n|upkeep\n|\n|t:|1770513722\n|switch|p2b: Rillaboom|Rillaboom, L50, F|100/100\n|-fieldstart|move: Grassy Terrain|[from] ability: Grassy Surge|[of] p2b: Rillaboom\n|turn|3\n|\n|t:|1770513736\n|move|p1a: Noodle Del Muerte|Protect|p1a: Noodle Del Muerte\n|-singleturn|p1a: Noodle Del Muerte|Protect\n|move|p2b: Rillaboom|Grassy Glide|p1b: Breathe Deep\n|-resisted|p1b: Breathe Deep\n|-damage|p1b: Breathe Deep|0 fnt\n|faint|p1b: Breathe Deep\n|move|p2a: Calyrex|Psychic|p1a: Noodle Del Muerte\n|-activate|p1a: Noodle Del Muerte|move: Protect\n|\n|upkeep\n|\n|t:|1770513746\n|switch|p1b: Victor Creed|Chien-Pao, L50|100/100\n|-ability|p1b: Victor Creed|Sword of Ruin\n|turn|4\n|inactive|jayoticnl has 30 seconds left.\n|\n|t:|1770513773\n|move|p1a: Noodle Del Muerte|Extreme Speed|p2b: Rillaboom\n|-damage|p2b: Rillaboom|0 fnt\n|faint|p2b: Rillaboom\n|move|p1b: Victor Creed|Ice Spinner|p2a: Calyrex\n|-damage|p2a: Calyrex|27/100\n|-fieldend|move: Grassy Terrain\n|move|p2a: Calyrex|Psychic|p1a: Noodle Del Muerte\n|-damage|p1a: Noodle Del Muerte|0 fnt\n|faint|p1a: Noodle Del Muerte\n|-ability|p2a: Calyrex|Grim Neigh|boost\n|-boost|p2a: Calyrex|spa|1\n|\n|upkeep\n|\n|t:|1770513780\n|switch|p1a: FesterinEquestrian|Calyrex-Shadow, L50|100/100\n|switch|p2b: Koraidon|Koraidon, L50|100/100\n|-ability|p1a: FesterinEquestrian|As One\n|-ability|p1a: FesterinEquestrian|Unnerve\n|-weather|SunnyDay|[from] ability: Orichalcum Pulse|[of] p2b: Koraidon\n|-activate|p2b: Koraidon|Orichalcum Pulse|[source]\n|turn|5\n|\n|t:|1770513800\n|-terastallize|p2b: Koraidon|Fire\n|move|p2a: Calyrex|Protect|p2a: Calyrex\n|-singleturn|p2a: Calyrex|Protect\n|move|p1b: Victor Creed|Ice Spinner|p2b: Koraidon\n|-resisted|p2b: Koraidon\n|-damage|p2b: Koraidon|77/100\n|move|p1a: FesterinEquestrian|Psychic|p2b: Koraidon\n|-damage|p2b: Koraidon|20/100\n|move|p2b: Koraidon|Flame Charge|p1a: FesterinEquestrian\n|-crit|p1a: FesterinEquestrian\n|-enditem|p1a: FesterinEquestrian|Focus Sash\n|-damage|p1a: FesterinEquestrian|1/100\n|-boost|p2b: Koraidon|spe|1\n|-damage|p2b: Koraidon|11/100|[from] item: Life Orb\n|\n|-weather|SunnyDay|[upkeep]\n|upkeep\n|turn|6\n|inactive|jayoticnl has 30 seconds left.\n|inactive|SnarkyShane has 30 seconds left.\n|inactive|jayoticnl has 20 seconds left.\n|inactive|jayoticnl has 15 seconds left.\n|\n|t:|1770513845\n|move|p2a: Calyrex|Protect||[still]\n|-fail|p2a: Calyrex\n|move|p2b: Koraidon|Flame Charge|p1a: FesterinEquestrian\n|-damage|p1a: FesterinEquestrian|0 fnt\n|-boost|p2b: Koraidon|spe|1\n|faint|p1a: FesterinEquestrian\n|-damage|p2b: Koraidon|1/100|[from] item: Life Orb\n|move|p1b: Victor Creed|Ice Spinner|p2b: Koraidon\n|-resisted|p2b: Koraidon\n|-damage|p2b: Koraidon|0 fnt\n|faint|p2b: Koraidon\n|\n|-weather|SunnyDay|[upkeep]\n|upkeep\n|turn|7\n|\n|t:|1770513855\n|move|p1b: Victor Creed|Ice Spinner|p2a: Calyrex\n|-damage|p2a: Calyrex|0 fnt\n|faint|p2a: Calyrex\n|\n|win|SnarkyShane\n|raw|SnarkyShane's rating: 1446 &rarr; <strong>1460</strong><br />(+14 for winning)\n|raw|jayoticnl's rating: 1329 &rarr; <strong>1315</strong><br />(-14 for losing)\n|l|\u2606SnarkyShane\n|player|p1|\n|l|\u2606jayoticnl\n|player|p2|\n","uploadtime":1770514060,"views":16,"formatid":"gen9vgc2026regi","rating":1315,"private":0,"password":null}