{"id":"gen9vgc2026regi-2553186845","format":"[Gen 9] VGC 2026 Reg I","players":["Simon0123","slucin"],"log":"|j|\u2606Simon0123\n|j|\u2606slucin\n|t:|1772808194\n|gametype|doubles\n|player|p1|Simon0123|benga|1349\n|player|p2|slucin|steven|1548\n|gen|9\n|tier|[Gen 9] VGC 2026 Reg I\n|rated|\n|rule|Species Clause: Limit one of each Pok\u00e9mon\n|rule|Item Clause: Limit 1 of each item\n|clearpoke\n|poke|p1|Miraidon, L50|\n|poke|p1|Iron Bundle, L50|\n|poke|p1|Iron Hands, L50|\n|poke|p1|Chi-Yu, L50|\n|poke|p1|Tornadus, L50, M|\n|poke|p1|Ogerpon-Wellspring, L50, F|\n|poke|p2|Urshifu-*, L50, M|\n|poke|p2|Calyrex-Shadow, L50|\n|poke|p2|Incineroar, L50, F|\n|poke|p2|Miraidon, L50|\n|poke|p2|Whimsicott, L50, M|\n|poke|p2|Clefairy, L50, F|\n|teampreview|4\n|inactive|Battle timer is ON: inactive players will automatically lose when time's up. (requested by Simon0123)\n|inactive|Simon0123 has 60 seconds left.\n|\n|t:|1772808254\n|teamsize|p1|4\n|teamsize|p2|4\n|start\n|switch|p1a: Miraidon|Miraidon, L50|100/100\n|switch|p1b: Tornadus|Tornadus, L50, M|100/100\n|switch|p2a: Miraidon|Miraidon, L50|100/100\n|switch|p2b: Incineroar|Incineroar, L50, F|100/100\n|-fieldstart|move: Electric Terrain|[from] ability: Hadron Engine|[of] p2a: Miraidon\n|-activate|p1a: Miraidon|ability: Hadron Engine\n|-ability|p2b: Incineroar|Intimidate|boost\n|-unboost|p1a: Miraidon|atk|1\n|-unboost|p1b: Tornadus|atk|1\n|turn|1\n|inactive|Simon0123 has 30 seconds left.\n|\n|t:|1772808286\n|-terastallize|p1a: Miraidon|Electric\n|move|p2b: Incineroar|Fake Out|p1a: Miraidon\n|-damage|p1a: Miraidon|91/100\n|move|p1b: Tornadus|Tailwind|p1b: Tornadus\n|-sidestart|p1: Simon0123|move: Tailwind\n|cant|p1a: Miraidon|flinch\n|move|p2a: Miraidon|Volt Switch|p1b: Tornadus\n|-supereffective|p1b: Tornadus\n|-damage|p1b: Tornadus|0 fnt\n|faint|p1b: Tornadus\n|\n|t:|1772808292\n|switch|p2a: Whimsicott|Whimsicott, L50, M|100/100|[from] Volt Switch\n|\n|upkeep\n|\n|t:|1772808300\n|switch|p1b: Iron Hands|Iron Hands, L50|100/100\n|-activate|p1b: Iron Hands|ability: Quark Drive\n|-start|p1b: Iron Hands|quarkdriveatk\n|turn|2\n|\n|t:|1772808317\n|move|p2a: Whimsicott|Tailwind|p2a: Whimsicott\n|-sidestart|p2: slucin|move: Tailwind\n|move|p1a: Miraidon|Dazzling Gleam|p2b: Incineroar|[spread] p2a,p2b\n|-damage|p2a: Whimsicott|48/100\n|-damage|p2b: Incineroar|75/100\n|move|p2b: Incineroar|Knock Off|p1b: Iron Hands\n|-resisted|p1b: Iron Hands\n|-damage|p1b: Iron Hands|88/100\n|-enditem|p1b: Iron Hands|Assault Vest|[from] move: Knock Off|[of] p2b: Incineroar\n|move|p1b: Iron Hands|Drain Punch|p2b: Incineroar\n|-supereffective|p2b: Incineroar\n|-damage|p2b: Incineroar|0 fnt\n|-heal|p1b: Iron Hands|100/100|[from] drain|[of] p2b: Incineroar\n|faint|p2b: Incineroar\n|\n|upkeep\n|\n|t:|1772808329\n|switch|p2b: Calyrex|Calyrex-Shadow, L50|100/100\n|-ability|p2b: Calyrex|As One\n|-ability|p2b: Calyrex|Unnerve\n|turn|3\n|\n|t:|1772808344\n|move|p2b: Calyrex|Protect|p2b: Calyrex\n|-singleturn|p2b: Calyrex|Protect\n|move|p2a: Whimsicott|Fake Tears|p1b: Iron Hands\n|-unboost|p1b: Iron Hands|spd|2\n|move|p1a: Miraidon|Dazzling Gleam|p2a: Whimsicott|[spread] p2a\n|-activate|p2b: Calyrex|move: Protect\n|-damage|p2a: Whimsicott|0 fnt\n|faint|p2a: Whimsicott\n|move|p1b: Iron Hands|Wild Charge|p2b: Calyrex\n|-activate|p2b: Calyrex|move: Protect\n|\n|upkeep\n|\n|t:|1772808350\n|switch|p2a: Miraidon|Miraidon, L50|100/100\n|-activate|p2a: Miraidon|ability: Hadron Engine\n|turn|4\n|\n|t:|1772808364\n|-terastallize|p2a: Miraidon|Electric\n|move|p2a: Miraidon|Electro Drift|p1b: Iron Hands\n|-resisted|p1b: Iron Hands\n|-damage|p1b: Iron Hands|5/100\n|move|p2b: Calyrex|Astral Barrage|p1b: Iron Hands|[spread] p1a,p1b\n|-damage|p1a: Miraidon|33/100\n|-damage|p1b: Iron Hands|0 fnt\n|faint|p1b: Iron Hands\n|-end|p1b: Iron Hands|Quark Drive|[silent]\n|-ability|p2b: Calyrex|Grim Neigh|boost\n|-boost|p2b: Calyrex|spa|1\n|move|p1a: Miraidon|Dazzling Gleam|p2a: Miraidon|[spread] p2a,p2b\n|-damage|p2a: Miraidon|63/100\n|-damage|p2b: Calyrex|58/100\n|\n|-sideend|p1: Simon0123|move: Tailwind\n|upkeep\n|\n|t:|1772808380\n|switch|p1b: Ogerpon|Ogerpon-Wellspring, L50, F|100/100\n|turn|5\n|\n|t:|1772808388\n|move|p1b: Ogerpon|Spiky Shield|p1b: Ogerpon\n|-singleturn|p1b: Ogerpon|move: Protect\n|move|p2a: Miraidon|Electro Drift|p1a: Miraidon\n|-resisted|p1a: Miraidon\n|-damage|p1a: Miraidon|0 fnt\n|faint|p1a: Miraidon\n|move|p2b: Calyrex|Astral Barrage|p1b: Ogerpon\n|-activate|p1b: Ogerpon|move: Protect\n|\n|-sideend|p2: slucin|move: Tailwind\n|-fieldend|move: Electric Terrain\n|upkeep\n|turn|6\n|c|\u2606slucin|Gg\n|-message|Simon0123 forfeited.\n|\n|win|slucin\n|raw|Simon0123's rating: 1349 &rarr; <strong>1339</strong><br />(-10 for losing)\n|raw|slucin's rating: 1548 &rarr; <strong>1558</strong><br />(+10 for winning)\n|l|\u2606Simon0123\n|player|p1|\n|l|\u2606slucin\n|player|p2|\n","uploadtime":1772808599,"views":17,"formatid":"gen9vgc2026regi","rating":1339,"private":0,"password":null}