{"id":"gen9vgc2026regi-2560302181","format":"[Gen 9] VGC 2026 Reg I","players":["VeryUnstablePerson","jonen"],"log":"|j|\u2606VeryUnstablePerson\n|j|\u2606jonen\n|t:|1773675390\n|gametype|doubles\n|player|p1|VeryUnstablePerson|lass-gen4dp|1158\n|player|p2|jonen|medium|1161\n|gen|9\n|tier|[Gen 9] VGC 2026 Reg I\n|rated|\n|rule|Species Clause: Limit one of each Pok\u00e9mon\n|rule|Item Clause: Limit 1 of each item\n|clearpoke\n|poke|p1|Miraidon, L50|\n|poke|p1|Whimsicott, L50, F|\n|poke|p1|Farigiraf, L50, F|\n|poke|p1|Iron Hands, L50|\n|poke|p1|Calyrex-Shadow, L50|\n|poke|p1|Chi-Yu, L50|\n|poke|p2|Sneasler, L50, F|\n|poke|p2|Ditto, L50|\n|poke|p2|Calyrex-Ice, L50|\n|poke|p2|Miraidon, L50|\n|poke|p2|Urshifu-*, L50, F|\n|poke|p2|Incineroar, L50, F|\n|teampreview|4\n|\n|t:|1773675430\n|teamsize|p1|4\n|teamsize|p2|4\n|start\n|switch|p1a: Miraidon|Miraidon, L50|100/100\n|switch|p1b: Farigiraf|Farigiraf, L50, F|100/100\n|switch|p2a: Sneasler|Sneasler, L50, F|100/100\n|switch|p2b: Miraidon|Miraidon, L50|100/100\n|-fieldstart|move: Electric Terrain|[from] ability: Hadron Engine|[of] p1a: Miraidon\n|-enditem|p2a: Sneasler|Electric Seed\n|-boost|p2a: Sneasler|def|1|[from] item: Electric Seed\n|-enditem|p1b: Farigiraf|Electric Seed\n|-boost|p1b: Farigiraf|def|1|[from] item: Electric Seed\n|-activate|p2b: Miraidon|ability: Hadron Engine\n|turn|1\n|\n|t:|1773675457\n|-terastallize|p2b: Miraidon|Electric\n|move|p2a: Sneasler|Protect|p2a: Sneasler\n|-singleturn|p2a: Sneasler|Protect\n|move|p1a: Miraidon|Volt Switch|p2a: Sneasler\n|-activate|p2a: Sneasler|move: Protect\n|move|p2b: Miraidon|Volt Switch|p1b: Farigiraf\n|-damage|p1b: Farigiraf|14/100\n|-damage|p2b: Miraidon|91/100|[from] item: Life Orb\n|\n|t:|1773675478\n|switch|p2b: Ditto|Ditto, L50|100/100|[from] Volt Switch\n|-transform|p2b: Ditto|p1a: Miraidon|[from] ability: Imposter\n|-activate|p2b: Ditto|ability: Hadron Engine\n|move|p1b: Farigiraf|Trick Room|p1b: Farigiraf\n|-fieldstart|move: Trick Room|[of] p1b: Farigiraf\n|\n|upkeep\n|turn|2\n|\n|t:|1773675504\n|switch|p2a: Miraidon|Miraidon, L50, tera:Electric|91/100\n|-activate|p2a: Miraidon|ability: Hadron Engine\n|move|p1b: Farigiraf|Foul Play|p2a: Miraidon\n|-damage|p2a: Miraidon|72/100\n|move|p1a: Miraidon|Volt Switch|p2a: Miraidon\n|-resisted|p2a: Miraidon\n|-damage|p2a: Miraidon|28/100\n|\n|t:|1773675520\n|switch|p1a: Iron Hands|Iron Hands, L50|100/100|[from] Volt Switch\n|-activate|p1a: Iron Hands|ability: Quark Drive\n|-start|p1a: Iron Hands|quarkdriveatk\n|move|p2b: Ditto|Dazzling Gleam|p1a: Iron Hands|[spread] p1a,p1b\n|-supereffective|p1a: Iron Hands\n|-damage|p1a: Iron Hands|63/100\n|-damage|p1b: Farigiraf|0 fnt\n|faint|p1b: Farigiraf\n|\n|upkeep\n|\n|t:|1773675535\n|switch|p1b: Miraidon|Miraidon, L50|100/100\n|-activate|p1b: Miraidon|ability: Hadron Engine\n|turn|3\n|\n|t:|1773675549\n|-terastallize|p1b: Miraidon|Fairy\n|move|p2a: Miraidon|Protect|p2a: Miraidon\n|-singleturn|p2a: Miraidon|Protect\n|move|p1a: Iron Hands|Fake Out|p2a: Miraidon\n|-activate|p2a: Miraidon|move: Protect\n|move|p1b: Miraidon|Dazzling Gleam|p2a: Miraidon|[spread] p2b\n|-activate|p2a: Miraidon|move: Protect\n|-supereffective|p2b: Ditto\n|-damage|p2b: Ditto|0 fnt\n|faint|p2b: Ditto\n|\n|upkeep\n|\n|t:|1773675563\n|switch|p2b: Calyrex|Calyrex-Ice, L50|100/100\n|-ability|p2b: Calyrex|As One\n|-ability|p2b: Calyrex|Unnerve\n|turn|4\n|\n|t:|1773675588\n|switch|p2a: Sneasler|Sneasler, L50, F|100/100\n|move|p2b: Calyrex|High Horsepower|p1a: Iron Hands\n|-supereffective|p1a: Iron Hands\n|-damage|p1a: Iron Hands|9/100\n|move|p1a: Iron Hands|Drain Punch|p2a: Sneasler\n|-resisted|p2a: Sneasler\n|-damage|p2a: Sneasler|54/100\n|-heal|p1a: Iron Hands|24/100|[from] drain|[of] p2a: Sneasler\n|move|p1b: Miraidon|Dazzling Gleam|p2a: Sneasler|[spread] p2a,p2b\n|-damage|p2a: Sneasler|0 fnt\n|-damage|p2b: Calyrex|57/100\n|faint|p2a: Sneasler\n|\n|upkeep\n|\n|t:|1773675600\n|switch|p2a: Miraidon|Miraidon, L50, tera:Electric|28/100\n|-activate|p2a: Miraidon|ability: Hadron Engine\n|turn|5\n|\n|t:|1773675621\n|-end|p1a: Iron Hands|Quark Drive|[silent]\n|switch|p1a: Calyrex|Calyrex-Shadow, L50|100/100\n|-ability|p1a: Calyrex|As One\n|-ability|p1a: Calyrex|Unnerve\n|move|p2b: Calyrex|Glacial Lance|p1a: Calyrex|[spread] p1a,p1b\n|-damage|p1a: Calyrex|33/100\n|-damage|p1b: Miraidon|40/100\n|move|p2a: Miraidon|Electro Drift|p1b: Miraidon\n|-damage|p1b: Miraidon|0 fnt\n|faint|p1b: Miraidon\n|-damage|p2a: Miraidon|18/100|[from] item: Life Orb\n|\n|-fieldend|move: Trick Room\n|-fieldend|move: Electric Terrain\n|upkeep\n|\n|t:|1773675633\n|switch|p1b: Iron Hands|Iron Hands, L50|24/100\n|turn|6\n|\n|t:|1773675651\n|move|p2a: Miraidon|Protect|p2a: Miraidon\n|-singleturn|p2a: Miraidon|Protect\n|move|p1b: Iron Hands|Fake Out|p2b: Calyrex\n|-damage|p2b: Calyrex|47/100\n|move|p1a: Calyrex|Astral Barrage|p2a: Miraidon|[spread] p2b\n|-activate|p2a: Miraidon|move: Protect\n|-supereffective|p2b: Calyrex\n|-damage|p2b: Calyrex|0 fnt\n|faint|p2b: Calyrex\n|-ability|p1a: Calyrex|Grim Neigh|boost\n|-boost|p1a: Calyrex|spa|1\n|\n|upkeep\n|turn|7\n|\n|t:|1773675658\n|move|p1a: Calyrex|Astral Barrage|p2a: Miraidon\n|-damage|p2a: Miraidon|0 fnt\n|faint|p2a: Miraidon\n|\n|win|VeryUnstablePerson\n|raw|VeryUnstablePerson's rating: 1158 &rarr; <strong>1183</strong><br />(+25 for winning)\n|raw|jonen's rating: 1161 &rarr; <strong>1136</strong><br />(-25 for losing)\n|l|\u2606jonen\n|player|p2|\n","uploadtime":1773675659,"views":12,"formatid":"gen9vgc2026regi","rating":1136,"private":0,"password":null}