{"id":"gen9vgc2026regi-2581883007","format":"[Gen 9] VGC 2026 Reg I","players":["moyuanjie","bishmii"],"log":"|j|\u2606moyuanjie\n|j|\u2606bishmii\n|t:|1776036466\n|gametype|doubles\n|player|p1|moyuanjie|1|1541\n|player|p2|bishmii|2|1502\n|gen|9\n|tier|[Gen 9] VGC 2026 Reg I\n|rated|\n|rule|Species Clause: Limit one of each Pok\u00e9mon\n|rule|Item Clause: Limit 1 of each item\n|clearpoke\n|poke|p1|Smeargle, L50, F|\n|poke|p1|Muk-Alola, L50, F|\n|poke|p1|Calyrex-Shadow, L50|\n|poke|p1|Tornadus, L50, M|\n|poke|p1|Flamigo, L50, F|\n|poke|p1|Miraidon, L50|\n|poke|p2|Calyrex-Shadow, L50|\n|poke|p2|Terapagos, L50, M|\n|poke|p2|Whimsicott, L50, F|\n|poke|p2|Chi-Yu, L50|\n|poke|p2|Smeargle, L50, F|\n|poke|p2|Iron Hands, L50|\n|teampreview|4\n|inactive|Battle timer is ON: inactive players will automatically lose when time's up. (requested by bishmii)\n|inactive|bishmii has 60 seconds left.\n|\n|t:|1776036505\n|teamsize|p1|4\n|teamsize|p2|4\n|start\n|switch|p1a: Miraidon|Miraidon, L50|100/100\n|switch|p1b: Smeargle|Smeargle, L50, F|100/100\n|switch|p2a: Smeargle|Smeargle, L50, F|100/100\n|switch|p2b: Terapagos|Terapagos, L50, M|100/100\n|-activate|p2b: Terapagos|ability: Tera Shift\n|detailschange|p2b: Terapagos|Terapagos-Terastal, L50, M\n|-heal|p2b: Terapagos|100/100|[silent]\n|-fieldstart|move: Electric Terrain|[from] ability: Hadron Engine|[of] p1a: Miraidon\n|turn|1\n|inactive|moyuanjie has 30 seconds left.\n|\n|t:|1776036534\n|switch|p2b: Iron Hands|Iron Hands, L50|100/100\n|-activate|p2b: Iron Hands|ability: Quark Drive\n|-start|p2b: Iron Hands|quarkdriveatk\n|move|p2a: Smeargle|Fake Out|p1a: Miraidon\n|-damage|p1a: Miraidon|96/100\n|move|p1b: Smeargle|Fake Out|p2b: Iron Hands\n|-damage|p2b: Iron Hands|97/100\n|cant|p1a: Miraidon|flinch\n|\n|-ability|p2a: Smeargle|Moody|boost\n|-boost|p2a: Smeargle|atk|2\n|-unboost|p2a: Smeargle|spa|1\n|-ability|p1b: Smeargle|Moody|boost\n|-boost|p1b: Smeargle|spa|2\n|-unboost|p1b: Smeargle|spd|1\n|upkeep\n|turn|2\n|\n|t:|1776036554\n|move|p1a: Miraidon|Volt Switch|p2a: Smeargle\n|-crit|p2a: Smeargle\n|-enditem|p2a: Smeargle|Focus Sash\n|-damage|p2a: Smeargle|1/100\n|\n|t:|1776036561\n|switch|p1a: Calyrex|Calyrex-Shadow, L50|100/100|[from] Volt Switch\n|-ability|p1a: Calyrex|As One\n|-ability|p1a: Calyrex|Unnerve\n|move|p2a: Smeargle|Decorate|p2b: Iron Hands\n|-boost|p2b: Iron Hands|atk|2\n|-boost|p2b: Iron Hands|spa|2\n|move|p1b: Smeargle|Decorate|p1a: Calyrex\n|-boost|p1a: Calyrex|atk|2\n|-boost|p1a: Calyrex|spa|2\n|move|p2b: Iron Hands|Low Kick|p1a: Calyrex\n|-immune|p1a: Calyrex\n|\n|-ability|p1b: Smeargle|Moody|boost\n|-boost|p1b: Smeargle|spa|2\n|-unboost|p1b: Smeargle|spd|1\n|-ability|p2a: Smeargle|Moody|boost\n|-boost|p2a: Smeargle|spe|2\n|-unboost|p2a: Smeargle|spd|1\n|upkeep\n|turn|3\n|inactive|moyuanjie has 30 seconds left.\n|inactive|bishmii has 30 seconds left.\n|inactive|moyuanjie has 20 seconds left.\n|\n|t:|1776036600\n|switch|p2a: Terapagos|Terapagos-Terastal, L50, M|100/100\n|move|p1b: Smeargle|Follow Me|p1b: Smeargle\n|-singleturn|p1b: Smeargle|move: Follow Me\n|move|p1a: Calyrex|Astral Barrage|p2a: Terapagos|[spread] p2b\n|-immune|p2a: Terapagos\n|-damage|p2b: Iron Hands|19/100\n|-damage|p1a: Calyrex|91/100|[from] item: Life Orb\n|move|p2b: Iron Hands|Heavy Slam|p1b: Smeargle\n|-enditem|p1b: Smeargle|Focus Sash\n|-damage|p1b: Smeargle|1/100\n|\n|-ability|p1b: Smeargle|Moody|boost\n|-boost|p1b: Smeargle|spd|2\n|-unboost|p1b: Smeargle|spa|1\n|upkeep\n|turn|4\n|\n|t:|1776036624\n|-end|p2b: Iron Hands|Quark Drive|[silent]\n|switch|p2b: Smeargle|Smeargle, L50, F|1/100\n|move|p1a: Calyrex|Draining Kiss|p2b: Smeargle\n|-damage|p2b: Smeargle|0 fnt\n|-heal|p1a: Calyrex|91/100|[from] drain|[of] p2b: Smeargle\n|faint|p2b: Smeargle\n|-ability|p1a: Calyrex|Grim Neigh|boost\n|-boost|p1a: Calyrex|spa|1\n|-damage|p1a: Calyrex|82/100|[from] item: Life Orb\n|move|p1b: Smeargle|Spore|p2a: Terapagos\n|-activate|p2a: Terapagos|move: Electric Terrain\n|move|p2a: Terapagos|Dark Pulse|p1a: Calyrex\n|-supereffective|p1a: Calyrex\n|-crit|p1a: Calyrex\n|-damage|p1a: Calyrex|0 fnt\n|faint|p1a: Calyrex\n|\n|-ability|p1b: Smeargle|Moody|boost\n|-boost|p1b: Smeargle|spd|2\n|-unboost|p1b: Smeargle|def|1\n|upkeep\n|inactive|moyuanjie has 30 seconds left.\n|\n|t:|1776036649\n|switch|p1a: Tornadus|Tornadus, L50, M|100/100\n|switch|p2b: Iron Hands|Iron Hands, L50|19/100\n|-activate|p2b: Iron Hands|ability: Quark Drive\n|-start|p2b: Iron Hands|quarkdriveatk\n|turn|5\n|\n|t:|1776036668\n|switch|p2a: Calyrex|Calyrex-Shadow, L50|100/100\n|-ability|p2a: Calyrex|As One\n|-ability|p2a: Calyrex|Unnerve\n|-terastallize|p1b: Smeargle|Ghost\n|move|p2b: Iron Hands|Fake Out|p1b: Smeargle\n|-immune|p1b: Smeargle\n|move|p1b: Smeargle|Spore|p2a: Calyrex\n|-activate|p2a: Calyrex|move: Electric Terrain\n|move|p1a: Tornadus|Bleakwind Storm|p2b: Iron Hands|[spread] p2a,p2b\n|-damage|p2a: Calyrex|63/100\n|-damage|p2b: Iron Hands|0 fnt\n|faint|p2b: Iron Hands\n|-end|p2b: Iron Hands|Quark Drive|[silent]\n|\n|-fieldend|move: Electric Terrain\n|-ability|p1b: Smeargle|Moody|boost\n|-boost|p1b: Smeargle|spa|2\n|-unboost|p1b: Smeargle|spe|1\n|upkeep\n|\n|t:|1776036677\n|switch|p2b: Terapagos|Terapagos-Terastal, L50, M|100/100\n|turn|6\n|\n|t:|1776036699\n|move|p1a: Tornadus|Protect|p1a: Tornadus\n|-singleturn|p1a: Tornadus|Protect\n|move|p2a: Calyrex|Astral Barrage|p1a: Tornadus|[spread] p1b\n|-activate|p1a: Tornadus|move: Protect\n|-supereffective|p1b: Smeargle\n|-damage|p1b: Smeargle|0 fnt\n|faint|p1b: Smeargle\n|-ability|p2a: Calyrex|Grim Neigh|boost\n|-boost|p2a: Calyrex|spa|1\n|-damage|p2a: Calyrex|54/100|[from] item: Life Orb\n|move|p2b: Terapagos|Tera Starstorm|p1a: Tornadus\n|-activate|p1a: Tornadus|move: Protect\n|\n|upkeep\n|\n|t:|1776036714\n|switch|p1b: Miraidon|Miraidon, L50|96/100\n|-fieldstart|move: Electric Terrain|[from] ability: Hadron Engine|[of] p1b: Miraidon\n|turn|7\n|\n|t:|1776036729\n|-terastallize|p2b: Terapagos|Stellar\n|detailschange|p2b: Terapagos|Terapagos-Stellar, L50, M, tera:Stellar\n|-heal|p2b: Terapagos|100/100|[silent]\n|-ability|p2b: Terapagos|Teraform Zero\n|-fieldend|move: Electric Terrain\n|move|p1b: Miraidon|Snarl|p2b: Terapagos|[spread] p2a,p2b\n|-supereffective|p2a: Calyrex\n|-crit|p2b: Terapagos\n|-damage|p2a: Calyrex|0 fnt\n|-damage|p2b: Terapagos|83/100\n|-unboost|p2b: Terapagos|spa|1\n|faint|p2a: Calyrex\n|move|p2b: Terapagos|Tera Starstorm|p1a: Tornadus|[spread] p1a,p1b\n|-damage|p1a: Tornadus|58/100\n|-damage|p1b: Miraidon|62/100\n|move|p1a: Tornadus|Bleakwind Storm|p2b: Terapagos\n|-damage|p2b: Terapagos|49/100\n|-unboost|p2b: Terapagos|spe|1\n|\n|upkeep\n|turn|8\n|\n|t:|1776036748\n|move|p1b: Miraidon|Snarl|p2b: Terapagos|[miss]\n|-miss|p1b: Miraidon|p2b: Terapagos\n|move|p1a: Tornadus|Bleakwind Storm|p2b: Terapagos\n|-damage|p2b: Terapagos|14/100\n|-unboost|p2b: Terapagos|spe|1\n|move|p2b: Terapagos|Tera Starstorm|p1a: Tornadus|[spread] p1a,p1b\n|-damage|p1a: Tornadus|18/100\n|-damage|p1b: Miraidon|32/100\n|\n|upkeep\n|turn|9\n|\n|t:|1776036760\n|move|p1b: Miraidon|Snarl|p2b: Terapagos\n|-damage|p2b: Terapagos|0 fnt\n|faint|p2b: Terapagos\n|detailschange|p2: Terapagos|Terapagos, L50, M|[silent]\n|\n|win|moyuanjie\n|raw|moyuanjie's rating: 1541 &rarr; <strong>1559</strong><br />(+18 for winning)\n|raw|bishmii's rating: 1502 &rarr; <strong>1484</strong><br />(-18 for losing)\n|l|\u2606bishmii\n|player|p2|\n|l|\u2606moyuanjie\n|player|p1|\n","uploadtime":1776036985,"views":9,"formatid":"gen9vgc2026regi","rating":1484,"private":0,"password":null}