{"id":"gen9vgc2026regi-2529870805","format":"[Gen 9] VGC 2026 Reg I","players":["Actoradoboy fan","ky123456"],"log":"|j|\u2606Actoradoboy fan\n|j|\u2606ky123456\n|t:|1769836004\n|gametype|doubles\n|player|p1|Actoradoboy fan|nate|1478\n|player|p2|ky123456|cynthia-gen4|1588\n|gen|9\n|tier|[Gen 9] VGC 2026 Reg I\n|rated|\n|rule|Species Clause: Limit one of each Pok\u00e9mon\n|rule|Item Clause: Limit 1 of each item\n|clearpoke\n|poke|p1|Kyogre, L50|\n|poke|p1|Rillaboom, L50, F|\n|poke|p1|Urshifu-*, L50, F|\n|poke|p1|Flutter Mane, L50|\n|poke|p1|Amoonguss, L50, F|\n|poke|p1|Calyrex-Ice, L50|\n|poke|p2|Kyogre, L50|\n|poke|p2|Calyrex-Ice, L50|\n|poke|p2|Grimmsnarl, L50, M|\n|poke|p2|Rillaboom, L50, F|\n|poke|p2|Landorus, L50, M|\n|poke|p2|Urshifu-*, L50, F|\n|teampreview|4\n|inactive|Battle timer is ON: inactive players will automatically lose when time's up. (requested by Actoradoboy fan)\n|\n|t:|1769836025\n|teamsize|p1|4\n|teamsize|p2|4\n|start\n|switch|p1a: Kyogre|Kyogre, L50|100/100\n|switch|p1b: Rillaboom|Rillaboom, L50, F|100/100\n|switch|p2a: Calyrex|Calyrex-Ice, L50|100/100\n|switch|p2b: Grimmsnarl|Grimmsnarl, L50, M|100/100\n|-ability|p2a: Calyrex|As One\n|-ability|p2a: Calyrex|Unnerve\n|-weather|RainDance|[from] ability: Drizzle|[of] p1a: Kyogre\n|-fieldstart|move: Grassy Terrain|[from] ability: Grassy Surge|[of] p1b: Rillaboom\n|turn|1\n|\n|t:|1769836043\n|move|p1b: Rillaboom|Fake Out|p2a: Calyrex\n|-damage|p2a: Calyrex|92/100\n|move|p2b: Grimmsnarl|Light Screen|p2b: Grimmsnarl\n|-sidestart|p2: ky123456|move: Light Screen\n|move|p1a: Kyogre|Water Spout|p2b: Grimmsnarl|[spread] p2a,p2b\n|-damage|p2a: Calyrex|43/100\n|-damage|p2b: Grimmsnarl|18/100\n|cant|p2a: Calyrex|flinch\n|\n|-weather|RainDance|[upkeep]\n|-heal|p2b: Grimmsnarl|24/100|[from] Grassy Terrain\n|-heal|p2a: Calyrex|49/100|[from] Grassy Terrain\n|-heal|p2a: Calyrex|55/100|[from] item: Leftovers\n|upkeep\n|turn|2\n|inactive|ky123456 has 30 seconds left.\n|inactive|ky123456 has 20 seconds left.\n|inactive|ky123456 has 15 seconds left.\n|inactive|ky123456 has 10 seconds left.\n|inactive|ky123456 has 5 seconds left.\n|\n|t:|1769836094\n|move|p1b: Rillaboom|Grassy Glide|p2b: Grimmsnarl\n|-crit|p2b: Grimmsnarl\n|-damage|p2b: Grimmsnarl|0 fnt\n|faint|p2b: Grimmsnarl\n|move|p1a: Kyogre|Water Spout|p2a: Calyrex\n|-damage|p2a: Calyrex|0 fnt\n|faint|p2a: Calyrex\n|\n|-weather|RainDance|[upkeep]\n|upkeep\n|\n|t:|1769836101\n|switch|p2b: Rillaboom|Rillaboom, L50, F|100/100\n|switch|p2a: Kyogre|Kyogre, L50|100/100\n|turn|3\n|\n|t:|1769836110\n|-terastallize|p2a: Kyogre|Grass\n|move|p1a: Kyogre|Origin Pulse|p2b: Rillaboom|[spread] p2a,p2b\n|-resisted|p2a: Kyogre\n|-resisted|p2b: Rillaboom\n|-damage|p2a: Kyogre|88/100\n|-damage|p2b: Rillaboom|72/100\n|move|p2a: Kyogre|Ice Beam|p1b: Rillaboom\n|-supereffective|p1b: Rillaboom\n|-damage|p1b: Rillaboom|49/100\n|move|p1b: Rillaboom|U-turn|p2a: Kyogre\n|-supereffective|p2a: Kyogre\n|-damage|p2a: Kyogre|43/100\n|\n|t:|1769836115\n|switch|p1b: Urshifu|Urshifu-Rapid-Strike, L50, F|100/100|[from] U-turn\n|move|p2b: Rillaboom|Wood Hammer|p1a: Kyogre\n|-supereffective|p1a: Kyogre\n|-damage|p1a: Kyogre|0 fnt\n|faint|p1a: Kyogre\n|-damage|p2b: Rillaboom|43/100|[from] Recoil\n|\n|-weather|RainDance|[upkeep]\n|-heal|p2a: Kyogre|49/100|[from] Grassy Terrain\n|-heal|p2b: Rillaboom|49/100|[from] Grassy Terrain\n|upkeep\n|\n|t:|1769836120\n|switch|p1a: Rillaboom|Rillaboom, L50, F|49/100\n|turn|4\n|\n|t:|1769836133\n|move|p1a: Rillaboom|Fake Out|p2b: Rillaboom\n|-damage|p2b: Rillaboom|37/100\n|cant|p2b: Rillaboom|flinch\n|move|p1b: Urshifu|Close Combat|p2a: Kyogre\n|-damage|p2a: Kyogre|0 fnt\n|-unboost|p1b: Urshifu|def|1\n|-unboost|p1b: Urshifu|spd|1\n|faint|p2a: Kyogre\n|\n|-weather|RainDance|[upkeep]\n|-heal|p1a: Rillaboom|55/100|[from] Grassy Terrain\n|-heal|p2b: Rillaboom|43/100|[from] Grassy Terrain\n|upkeep\n|turn|5\n|\n|t:|1769836141\n|move|p2b: Rillaboom|Grassy Glide|p1b: Urshifu\n|-supereffective|p1b: Urshifu\n|-damage|p1b: Urshifu|0 fnt\n|faint|p1b: Urshifu\n|move|p1a: Rillaboom|U-turn|p2b: Rillaboom\n|-supereffective|p2b: Rillaboom\n|-damage|p2b: Rillaboom|1/100\n|\n|t:|1769836144\n|switch|p1a: Calyrex|Calyrex-Ice, L50|100/100|[from] U-turn\n|-ability|p1a: Calyrex|As One\n|-ability|p1a: Calyrex|Unnerve\n|\n|-weather|none\n|-heal|p2b: Rillaboom|7/100|[from] Grassy Terrain\n|-fieldend|move: Grassy Terrain\n|upkeep\n|\n|t:|1769836145\n|switch|p1b: Rillaboom|Rillaboom, L50, F|55/100\n|-fieldstart|move: Grassy Terrain|[from] ability: Grassy Surge|[of] p1b: Rillaboom\n|turn|6\n|-message|ky123456 forfeited.\n|\n|win|Actoradoboy fan\n|raw|Actoradoboy fan's rating: 1478 &rarr; <strong>1504</strong><br />(+26 for winning)\n|raw|ky123456's rating: 1588 &rarr; <strong>1562</strong><br />(-26 for losing)\n|l|\u2606ky123456\n|player|p2|\n|l|\u2606Actoradoboy fan\n|player|p1|\n|j|\u2606Actoradoboy fan\n|player|p1|Actoradoboy fan|nate|\n|l|\u2606Actoradoboy fan\n|player|p1|\n","uploadtime":1769836309,"views":23,"formatid":"gen9vgc2026regi","rating":1504,"private":0,"password":null}