{"id":"gen9vgc2026regi-2577975238","format":"[Gen 9] VGC 2026 Reg I","players":["CLCQTL49A","Zorse Mentality"],"log":"|j|\u2606CLCQTL49A\n|j|\u2606Zorse Mentality\n|t:|1775629383\n|gametype|doubles\n|player|p1|CLCQTL49A|266|1367\n|player|p2|Zorse Mentality|169|1484\n|gen|9\n|tier|[Gen 9] VGC 2026 Reg I\n|rated|\n|rule|Species Clause: Limit one of each Pok\u00e9mon\n|rule|Item Clause: Limit 1 of each item\n|clearpoke\n|poke|p1|Rayquaza, L50|\n|poke|p1|Calyrex-Shadow, L50|\n|poke|p1|Tornadus, L50, M|\n|poke|p1|Smeargle, L50, F|\n|poke|p1|Urshifu-*, L50, M|\n|poke|p1|Clefairy, L50, F|\n|poke|p2|Calyrex-Ice, L50|\n|poke|p2|Kyogre, L50|\n|poke|p2|Incineroar, L50, M|\n|poke|p2|Smeargle, L50, M|\n|poke|p2|Urshifu-*, L50, F|\n|poke|p2|Tornadus, L50, M|\n|teampreview|4\n|inactive|Battle timer is ON: inactive players will automatically lose when time's up. (requested by Zorse Mentality)\n|\n|t:|1775629432\n|teamsize|p1|4\n|teamsize|p2|4\n|start\n|switch|p1a: Rayquaza|Rayquaza, L50|100/100\n|switch|p1b: Smeargle|Smeargle, L50, F|100/100\n|switch|p2a: Calyrex|Calyrex-Ice, L50|100/100\n|switch|p2b: Smeargle|Smeargle, L50, M|100/100\n|-ability|p2a: Calyrex|As One\n|-ability|p2a: Calyrex|Unnerve\n|-ability|p1a: Rayquaza|Air Lock\n|turn|1\n|inactive|CLCQTL49A has 30 seconds left.\n|inactive|Zorse Mentality has 30 seconds left.\n|\n|t:|1775629474\n|switch|p2b: Incineroar|Incineroar, L50, M|100/100\n|-ability|p2b: Incineroar|Intimidate|boost\n|-fail|p1a: Rayquaza|unboost|[from] item: Clear Amulet|[of] p1a: Rayquaza\n|-unboost|p1b: Smeargle|atk|1\n|move|p2a: Calyrex|Protect|p2a: Calyrex\n|-singleturn|p2a: Calyrex|Protect\n|move|p1b: Smeargle|Spore|p2a: Calyrex\n|-activate|p2a: Calyrex|move: Protect\n|move|p1a: Rayquaza|Swords Dance|p1a: Rayquaza\n|-boost|p1a: Rayquaza|atk|2\n|\n|-ability|p1b: Smeargle|Moody|boost\n|-boost|p1b: Smeargle|spa|2\n|-unboost|p1b: Smeargle|atk|1\n|upkeep\n|turn|2\n|inactive|CLCQTL49A has 30 seconds left.\n|inactive|Zorse Mentality has 30 seconds left.\n|inactive|CLCQTL49A has 20 seconds left.\n|\n|t:|1775629513\n|move|p2b: Incineroar|Fake Out|p1b: Smeargle\n|-damage|p1b: Smeargle|80/100\n|cant|p1b: Smeargle|flinch\n|move|p1a: Rayquaza|Dragon Ascent|p2a: Calyrex\n|-damage|p2a: Calyrex|5/100\n|-unboost|p1a: Rayquaza|def|1\n|-unboost|p1a: Rayquaza|spd|1\n|move|p2a: Calyrex|Trick Room|p2a: Calyrex\n|-fieldstart|move: Trick Room|[of] p2a: Calyrex\n|\n|-heal|p2a: Calyrex|11/100|[from] item: Leftovers\n|-ability|p1b: Smeargle|Moody|boost\n|-boost|p1b: Smeargle|spe|2\n|-unboost|p1b: Smeargle|def|1\n|upkeep\n|turn|3\n|inactive|CLCQTL49A has 30 seconds left.\n|inactive|Zorse Mentality has 30 seconds left.\n|\n|t:|1775629545\n|move|p2a: Calyrex|Protect|p2a: Calyrex\n|-singleturn|p2a: Calyrex|Protect\n|move|p1a: Rayquaza|Extreme Speed|p2a: Calyrex\n|-activate|p2a: Calyrex|move: Protect\n|move|p2b: Incineroar|Parting Shot|p1b: Smeargle\n|-unboost|p1b: Smeargle|atk|1\n|-unboost|p1b: Smeargle|spa|1\n|\n|t:|1775629554\n|switch|p2b: Smeargle|Smeargle, L50, M|100/100|[from] Parting Shot\n|move|p1b: Smeargle|Spore|p2b: Smeargle\n|-status|p2b: Smeargle|slp|[from] move: Spore\n|\n|-heal|p2a: Calyrex|17/100|[from] item: Leftovers\n|-ability|p2b: Smeargle|Moody|boost\n|-boost|p2b: Smeargle|atk|2\n|-unboost|p2b: Smeargle|spe|1\n|-ability|p1b: Smeargle|Moody|boost\n|-boost|p1b: Smeargle|spe|2\n|-unboost|p1b: Smeargle|def|1\n|upkeep\n|turn|4\n|inactive|Zorse Mentality has 30 seconds left.\n|inactive|Zorse Mentality has 20 seconds left.\n|inactive|Zorse Mentality has 15 seconds left.\n|\n|t:|1775629596\n|switch|p2b: Urshifu|Urshifu-Rapid-Strike, L50, F|100/100\n|switch|p2a: Incineroar|Incineroar, L50, M|100/100\n|-ability|p2a: Incineroar|Intimidate|boost\n|-fail|p1a: Rayquaza|unboost|[from] item: Clear Amulet|[of] p1a: Rayquaza\n|-unboost|p1b: Smeargle|atk|1\n|move|p1a: Rayquaza|Extreme Speed|p2a: Incineroar\n|-damage|p2a: Incineroar|38/100\n|move|p1b: Smeargle|Decorate|p1a: Rayquaza\n|-boost|p1a: Rayquaza|atk|2\n|-boost|p1a: Rayquaza|spa|2\n|\n|-ability|p1b: Smeargle|Moody|boost\n|-boost|p1b: Smeargle|spa|2\n|-unboost|p1b: Smeargle|spe|1\n|upkeep\n|turn|5\n|inactive|CLCQTL49A has 30 seconds left.\n|inactive|CLCQTL49A has 20 seconds left.\n|inactive|CLCQTL49A has 15 seconds left.\n|\n|t:|1775629640\n|-terastallize|p2b: Urshifu|Water\n|move|p2a: Incineroar|Fake Out|p1a: Rayquaza\n|-damage|p1a: Rayquaza|87/100\n|cant|p1a: Rayquaza|flinch\n|move|p2b: Urshifu|Surging Strikes|p1a: Rayquaza\n|-resisted|p1a: Rayquaza\n|-crit|p1a: Rayquaza\n|-damage|p1a: Rayquaza|64/100\n|-resisted|p1a: Rayquaza\n|-crit|p1a: Rayquaza\n|-damage|p1a: Rayquaza|36/100\n|-resisted|p1a: Rayquaza\n|-crit|p1a: Rayquaza\n|-damage|p1a: Rayquaza|12/100\n|-hitcount|p1a: Rayquaza|3\n|move|p1b: Smeargle|Spore|p2b: Urshifu\n|-status|p2b: Urshifu|slp|[from] move: Spore\n|\n|-ability|p1b: Smeargle|Moody|boost\n|-boost|p1b: Smeargle|atk|2\n|-unboost|p1b: Smeargle|spd|1\n|upkeep\n|turn|6\n|-message|Zorse Mentality forfeited.\n|\n|win|CLCQTL49A\n|raw|CLCQTL49A's rating: 1367 &rarr; <strong>1393</strong><br />(+26 for winning)\n|raw|Zorse Mentality's rating: 1484 &rarr; <strong>1458</strong><br />(-26 for losing)\n|l|\u2606Zorse Mentality\n|player|p2|\n|l|\u2606CLCQTL49A\n|player|p1|\n","uploadtime":1775629820,"views":11,"formatid":"gen9vgc2026regi","rating":1393,"private":0,"password":null}