{"id":"gen9vgc2026regi-2532990533","format":"[Gen 9] VGC 2026 Reg I","players":["schisch","lalo's pollos"],"log":"|j|\u2606schisch\n|j|\u2606lalo's pollos\n|t:|1770243738\n|gametype|doubles\n|player|p1|schisch|1|1331\n|player|p2|lalo's pollos|2|1548\n|gen|9\n|tier|[Gen 9] VGC 2026 Reg I\n|rated|\n|rule|Species Clause: Limit one of each Pok\u00e9mon\n|rule|Item Clause: Limit 1 of each item\n|clearpoke\n|poke|p1|Dialga-Origin, L50|\n|poke|p1|Ursaluna, L50, M|\n|poke|p1|Ogerpon-Wellspring, L50, F|\n|poke|p1|Ho-Oh, L50|\n|poke|p1|Flutter Mane, L50|\n|poke|p1|Enamorus-Therian, L50, F|\n|poke|p2|Zamazenta-*, L50|\n|poke|p2|Lunala, L50|\n|poke|p2|Rillaboom, L50, F|\n|poke|p2|Incineroar, L50, F|\n|poke|p2|Urshifu-*, L50, M|\n|poke|p2|Tornadus, L50, M|\n|teampreview|4\n|inactive|Battle timer is ON: inactive players will automatically lose when time's up. (requested by schisch)\n|inactive|lalo's pollos has 60 seconds left.\n|inactive|lalo's pollos has 30 seconds left.\n|inactive|lalo's pollos has 20 seconds left.\n|inactive|lalo's pollos has 15 seconds left.\n|inactive|lalo's pollos has 10 seconds left.\n|inactive|lalo's pollos has 5 seconds left.\n|\n|t:|1770243831\n|teamsize|p1|4\n|teamsize|p2|4\n|start\n|switch|p1a: Ho-Oh|Ho-Oh, L50|100/100\n|switch|p1b: Flutter Mane|Flutter Mane, L50|100/100\n|switch|p2a: Incineroar|Incineroar, L50, F|100/100\n|switch|p2b: Tornadus|Tornadus, L50, M|100/100\n|-ability|p2a: Incineroar|Intimidate|boost\n|-fail|p1a: Ho-Oh|unboost|[from] item: Clear Amulet|[of] p1a: Ho-Oh\n|-unboost|p1b: Flutter Mane|atk|1\n|turn|1\n|inactive|schisch has 30 seconds left.\n|\n|t:|1770243863\n|switch|p1a: Dialga|Dialga-Origin, L50|100/100\n|move|p1b: Flutter Mane|Shadow Ball|p2b: Tornadus\n|-damage|p2b: Tornadus|40/100\n|move|p2b: Tornadus|Bleakwind Storm|p1a: Dialga|[spread] p1a\n|-miss|p2b: Tornadus|p1b: Flutter Mane\n|-resisted|p1a: Dialga\n|-damage|p1a: Dialga|86/100\n|move|p2a: Incineroar|Parting Shot|p1b: Flutter Mane\n|-unboost|p1b: Flutter Mane|atk|1\n|-unboost|p1b: Flutter Mane|spa|1\n|\n|t:|1770243873\n|switch|p2a: Zamazenta|Zamazenta-Crowned, L50|100/100|[from] Parting Shot\n|-ability|p2a: Zamazenta|Dauntless Shield|boost\n|-boost|p2a: Zamazenta|def|1\n|\n|upkeep\n|turn|2\n|\n|t:|1770243893\n|switch|p1a: Enamorus|Enamorus-Therian, L50, F|100/100\n|move|p2b: Tornadus|Taunt|p1a: Enamorus\n|-start|p1a: Enamorus|move: Taunt\n|move|p1b: Flutter Mane|Shadow Ball|p2b: Tornadus\n|-damage|p2b: Tornadus|0 fnt\n|faint|p2b: Tornadus\n|move|p2a: Zamazenta|Heavy Slam|p1b: Flutter Mane\n|-supereffective|p1b: Flutter Mane\n|-enditem|p1b: Flutter Mane|Focus Sash\n|-damage|p1b: Flutter Mane|1/100\n|\n|upkeep\n|\n|t:|1770243908\n|switch|p2b: Incineroar|Incineroar, L50, F|100/100\n|-ability|p2b: Incineroar|Intimidate|boost\n|-unboost|p1a: Enamorus|atk|1\n|-unboost|p1b: Flutter Mane|atk|1\n|turn|3\n|\n|t:|1770243918\n|move|p1b: Flutter Mane|Icy Wind|p2a: Zamazenta|[spread] p2a,p2b\n|-resisted|p2a: Zamazenta\n|-resisted|p2b: Incineroar\n|-damage|p2a: Zamazenta|97/100\n|-damage|p2b: Incineroar|97/100\n|-unboost|p2a: Zamazenta|spe|1\n|-unboost|p2b: Incineroar|spe|1\n|move|p2a: Zamazenta|Heavy Slam|p1a: Enamorus\n|-supereffective|p1a: Enamorus\n|-damage|p1a: Enamorus|18/100\n|-damage|p2a: Zamazenta|81/100|[from] item: Rocky Helmet|[of] p1a: Enamorus\n|move|p1a: Enamorus|Moonblast|p2a: Zamazenta\n|-damage|p2a: Zamazenta|40/100\n|move|p2b: Incineroar|Knock Off|p1b: Flutter Mane\n|-damage|p1b: Flutter Mane|0 fnt\n|faint|p1b: Flutter Mane\n|-end|p1b: Flutter Mane|Protosynthesis|[silent]\n|\n|upkeep\n|\n|t:|1770243935\n|switch|p1b: Ho-Oh|Ho-Oh, L50|100/100\n|turn|4\n|\n|t:|1770243953\n|move|p2a: Zamazenta|Protect|p2a: Zamazenta\n|-singleturn|p2a: Zamazenta|Protect\n|move|p1b: Ho-Oh|Sacred Fire|p2a: Zamazenta\n|-activate|p2a: Zamazenta|move: Protect\n|move|p1a: Enamorus|Moonblast|p2b: Incineroar\n|-damage|p2b: Incineroar|60/100\n|move|p2b: Incineroar|Parting Shot|p1a: Enamorus\n|-unboost|p1a: Enamorus|atk|1\n|-unboost|p1a: Enamorus|spa|1\n|\n|t:|1770243962\n|switch|p2b: Lunala|Lunala, L50|100/100|[from] Parting Shot\n|\n|-end|p1a: Enamorus|move: Taunt\n|upkeep\n|turn|5\n|\n|t:|1770243983\n|switch|p1a: Dialga|Dialga-Origin, L50|86/100\n|-terastallize|p2a: Zamazenta|Water\n|move|p2b: Lunala|Calm Mind|p2b: Lunala\n|-boost|p2b: Lunala|spa|1\n|-boost|p2b: Lunala|spd|1\n|move|p1b: Ho-Oh|Sacred Fire|p2a: Zamazenta\n|-resisted|p2a: Zamazenta\n|-damage|p2a: Zamazenta|29/100\n|-status|p2a: Zamazenta|brn\n|move|p2a: Zamazenta|Heavy Slam|p1a: Dialga\n|-resisted|p1a: Dialga\n|-damage|p1a: Dialga|83/100\n|\n|-damage|p2a: Zamazenta|23/100 brn|[from] brn\n|upkeep\n|turn|6\n|inactive|schisch has 30 seconds left.\n|inactive|schisch has 20 seconds left.\n|inactive|schisch has 15 seconds left.\n|inactive|schisch has 10 seconds left.\n|\n|t:|1770244029\n|move|p2b: Lunala|Moongeist Beam|p1b: Ho-Oh\n|-damage|p1b: Ho-Oh|46/100\n|move|p1b: Ho-Oh|Brave Bird|p2a: Zamazenta\n|-damage|p2a: Zamazenta|0 fnt\n|faint|p2a: Zamazenta\n|-damage|p1b: Ho-Oh|39/100|[from] Recoil\n|move|p1a: Dialga|Flash Cannon|p2b: Lunala\n|-damage|p2b: Lunala|86/100\n|\n|-heal|p2b: Lunala|92/100|[from] item: Leftovers\n|upkeep\n|\n|t:|1770244038\n|switch|p2a: Incineroar|Incineroar, L50, F|60/100\n|-ability|p2a: Incineroar|Intimidate|boost\n|-unboost|p1a: Dialga|atk|1\n|-fail|p1b: Ho-Oh|unboost|[from] item: Clear Amulet|[of] p1b: Ho-Oh\n|turn|7\n|\n|t:|1770244050\n|switch|p1b: Enamorus|Enamorus-Therian, L50, F|18/100\n|move|p1a: Dialga|Protect|p1a: Dialga\n|-singleturn|p1a: Dialga|Protect\n|move|p2a: Incineroar|Fake Out|p1a: Dialga\n|-activate|p1a: Dialga|move: Protect\n|move|p2b: Lunala|Moongeist Beam|p1b: Enamorus\n|-damage|p1b: Enamorus|0 fnt\n|faint|p1b: Enamorus\n|\n|-heal|p2b: Lunala|98/100|[from] item: Leftovers\n|upkeep\n|\n|t:|1770244065\n|switch|p1b: Ho-Oh|Ho-Oh, L50|72/100\n|turn|8\n|\n|t:|1770244072\n|move|p2b: Lunala|Moongeist Beam|p1b: Ho-Oh\n|-damage|p1b: Ho-Oh|23/100\n|move|p1b: Ho-Oh|Sacred Fire|p2b: Lunala\n|-damage|p2b: Lunala|46/100\n|move|p1a: Dialga|Dragon Pulse|p2a: Incineroar\n|-damage|p2a: Incineroar|12/100\n|move|p2a: Incineroar|Knock Off|p1b: Ho-Oh\n|-damage|p1b: Ho-Oh|0 fnt\n|-enditem|p1b: Ho-Oh|Clear Amulet|[from] move: Knock Off|[of] p2a: Incineroar\n|faint|p1b: Ho-Oh\n|\n|-heal|p2b: Lunala|52/100|[from] item: Leftovers\n|upkeep\n|turn|9\n|\n|t:|1770244089\n|move|p2b: Lunala|Moongeist Beam|p1a: Dialga\n|-damage|p1a: Dialga|18/100\n|move|p1a: Dialga|Dragon Pulse|p2a: Incineroar\n|-damage|p2a: Incineroar|0 fnt\n|faint|p2a: Incineroar\n|\n|-heal|p2b: Lunala|58/100|[from] item: Leftovers\n|upkeep\n|turn|10\n|-message|schisch forfeited.\n|\n|win|lalo's pollos\n|raw|schisch's rating: 1331 &rarr; <strong>1322</strong><br />(-9 for losing)\n|raw|lalo&apos;s pollos's rating: 1548 &rarr; <strong>1557</strong><br />(+9 for winning)\n|l|\u2606schisch\n|player|p1|\n","uploadtime":1770244287,"views":18,"formatid":"gen9vgc2026regi","rating":1322,"private":0,"password":null}