{"id":"gen9vgc2026regi-2559952130","format":"[Gen 9] VGC 2026 Reg I","players":["inb_178","sleemo2"],"log":"|j|\u2606inb_178\n|j|\u2606sleemo2\n|t:|1773627728\n|gametype|doubles\n|player|p1|inb_178|1|1480\n|player|p2|sleemo2|acetrainerf|1569\n|gen|9\n|tier|[Gen 9] VGC 2026 Reg I\n|rated|\n|rule|Species Clause: Limit one of each Pok\u00e9mon\n|rule|Item Clause: Limit 1 of each item\n|clearpoke\n|poke|p1|Miraidon, L50|\n|poke|p1|Zamazenta-*, L50|\n|poke|p1|Incineroar, L50, F|\n|poke|p1|Iron Bundle, L50|\n|poke|p1|Urshifu-*, L50, F|\n|poke|p1|Sneasler, L50, F|\n|poke|p2|Calyrex-Shadow, L50|\n|poke|p2|Zamazenta-*, L50|\n|poke|p2|Whimsicott, L50, M|\n|poke|p2|Amoonguss, L50, F|\n|poke|p2|Chi-Yu, L50|\n|poke|p2|Regieleki, L50|\n|teampreview|4\n|\n|t:|1773627744\n|teamsize|p1|4\n|teamsize|p2|4\n|start\n|switch|p1a: Miraidon|Miraidon, L50|100/100\n|switch|p1b: Iron Bundle|Iron Bundle, L50|100/100\n|switch|p2a: Regieleki|Regieleki, L50|100/100\n|switch|p2b: Whimsicott|Whimsicott, L50, M|100/100\n|-fieldstart|move: Electric Terrain|[from] ability: Hadron Engine|[of] p1a: Miraidon\n|-activate|p1b: Iron Bundle|ability: Quark Drive\n|-start|p1b: Iron Bundle|quarkdrivespe\n|turn|1\n|\n|t:|1773627770\n|move|p2b: Whimsicott|Tailwind|p2b: Whimsicott\n|-sidestart|p2: sleemo2|move: Tailwind\n|move|p2a: Regieleki|Electroweb|p1b: Iron Bundle|[spread] p1a,p1b\n|-resisted|p1a: Miraidon\n|-supereffective|p1b: Iron Bundle\n|-damage|p1a: Miraidon|93/100\n|-enditem|p1b: Iron Bundle|Focus Sash\n|-damage|p1b: Iron Bundle|1/100\n|-unboost|p1a: Miraidon|spe|1\n|-unboost|p1b: Iron Bundle|spe|1\n|move|p1b: Iron Bundle|Icy Wind|p2b: Whimsicott|[spread] p2a,p2b\n|-supereffective|p2b: Whimsicott\n|-damage|p2a: Regieleki|68/100\n|-damage|p2b: Whimsicott|60/100\n|-unboost|p2a: Regieleki|spe|1\n|move|p1a: Miraidon|Electro Drift|p2b: Whimsicott\n|-resisted|p2b: Whimsicott\n|-damage|p2b: Whimsicott|0 fnt\n|faint|p2b: Whimsicott\n|\n|upkeep\n|\n|t:|1773627779\n|switch|p2b: Calyrex|Calyrex-Shadow, L50|100/100\n|-ability|p2b: Calyrex|As One\n|-ability|p2b: Calyrex|Unnerve\n|turn|2\n|\n|t:|1773627841\n|switch|p2a: Chi-Yu|Chi-Yu, L50|100/100\n|-ability|p2a: Chi-Yu|Beads of Ruin\n|-terastallize|p2b: Calyrex|Ghost\n|-terastallize|p1a: Miraidon|Electric\n|move|p1b: Iron Bundle|Protect|p1b: Iron Bundle\n|-singleturn|p1b: Iron Bundle|Protect\n|move|p2b: Calyrex|Astral Barrage|p1a: Miraidon|[spread] p1a\n|-activate|p1b: Iron Bundle|move: Protect\n|-damage|p1a: Miraidon|33/100\n|move|p1a: Miraidon|Parabolic Charge|p2b: Calyrex|[spread] p2a,p2b\n|-activate|p1b: Iron Bundle|move: Protect\n|-damage|p2a: Chi-Yu|21/100\n|-heal|p1a: Miraidon|61/100|[from] drain|[of] p2a: Chi-Yu\n|-damage|p2b: Calyrex|11/100\n|-heal|p1a: Miraidon|100/100|[from] drain|[of] p2b: Calyrex\n|\n|upkeep\n|turn|3\n|\n|t:|1773627867\n|move|p1b: Iron Bundle|Protect||[still]\n|-fail|p1b: Iron Bundle\n|move|p2a: Chi-Yu|Heat Wave|p1a: Miraidon|[spread] p1a,p1b\n|-damage|p1a: Miraidon|70/100\n|-damage|p1b: Iron Bundle|0 fnt\n|faint|p1b: Iron Bundle\n|-end|p1b: Iron Bundle|Quark Drive|[silent]\n|move|p2b: Calyrex|Astral Barrage|p1a: Miraidon\n|-damage|p1a: Miraidon|0 fnt\n|faint|p1a: Miraidon\n|-ability|p2b: Calyrex|Grim Neigh|boost\n|-boost|p2b: Calyrex|spa|1\n|\n|upkeep\n|\n|t:|1773627882\n|switch|p1b: Zamazenta|Zamazenta-Crowned, L50|100/100\n|switch|p1a: Sneasler|Sneasler, L50, F|100/100\n|-ability|p1b: Zamazenta|Dauntless Shield|boost\n|-boost|p1b: Zamazenta|def|1\n|-enditem|p1a: Sneasler|Electric Seed\n|-boost|p1a: Sneasler|def|1|[from] item: Electric Seed\n|turn|4\n|\n|t:|1773627893\n|move|p1a: Sneasler|Protect|p1a: Sneasler\n|-singleturn|p1a: Sneasler|Protect\n|move|p1b: Zamazenta|Protect|p1b: Zamazenta\n|-singleturn|p1b: Zamazenta|Protect\n|move|p2a: Chi-Yu|Heat Wave|p1b: Zamazenta|[spread] \n|-activate|p1a: Sneasler|move: Protect\n|-activate|p1b: Zamazenta|move: Protect\n|move|p2b: Calyrex|Psychic|p1a: Sneasler\n|-activate|p1a: Sneasler|move: Protect\n|\n|-sideend|p2: sleemo2|move: Tailwind\n|upkeep\n|turn|5\n|inactive|Battle timer is ON: inactive players will automatically lose when time's up. (requested by sleemo2)\n|\n|t:|1773627917\n|move|p1b: Zamazenta|Wide Guard|p1b: Zamazenta\n|-singleturn|p1b: Zamazenta|Wide Guard\n|move|p1a: Sneasler|Throat Chop|p2b: Calyrex\n|-supereffective|p2b: Calyrex\n|-damage|p2b: Calyrex|0 fnt\n|faint|p2b: Calyrex\n|move|p2a: Chi-Yu|Heat Wave|p1a: Sneasler|[spread] \n|-activate|p1a: Sneasler|move: Wide Guard\n|-activate|p1b: Zamazenta|move: Wide Guard\n|\n|-fieldend|move: Electric Terrain\n|upkeep\n|\n|t:|1773627921\n|switch|p2b: Regieleki|Regieleki, L50|68/100\n|turn|6\n|\n|t:|1773627944\n|move|p1a: Sneasler|Dire Claw|p2a: Chi-Yu\n|-damage|p2a: Chi-Yu|0 fnt\n|faint|p2a: Chi-Yu\n|move|p2b: Regieleki|Thunderbolt|p1a: Sneasler\n|-damage|p1a: Sneasler|0 fnt\n|faint|p1a: Sneasler\n|move|p1b: Zamazenta|Body Press|p2b: Regieleki\n|-damage|p2b: Regieleki|0 fnt\n|faint|p2b: Regieleki\n|\n|win|inb_178\n|raw|inb_178's rating: 1480 &rarr; <strong>1505</strong><br />(+25 for winning)\n|raw|sleemo2's rating: 1569 &rarr; <strong>1544</strong><br />(-25 for losing)\n|l|\u2606sleemo2\n|player|p2|\n|l|\u2606inb_178\n|player|p1|\n","uploadtime":1773628168,"views":17,"formatid":"gen9vgc2026regi","rating":1505,"private":0,"password":null}