{"id":"gen9vgc2026regi-2520548766","format":"[Gen 9] VGC 2026 Reg I","players":["blackred123\u6c38\u96cf\u5854\u83f2\u4fa0","Mariopopo"],"log":"|j|\u2606blackred123\u6c38\u96cf\u5854\u83f2\u4fa0\n|j|\u2606Mariopopo\n|t:|1768652587\n|gametype|doubles\n|player|p1|blackred123\u6c38\u96cf\u5854\u83f2\u4fa0|iono-masters|1105\n|player|p2|Mariopopo|169|1068\n|gen|9\n|tier|[Gen 9] VGC 2026 Reg I\n|rated|\n|rule|Species Clause: Limit one of each Pok\u00e9mon\n|rule|Item Clause: Limit 1 of each item\n|clearpoke\n|poke|p1|Calyrex-Shadow, L50|\n|poke|p1|Koraidon, L50|\n|poke|p1|Chi-Yu, L50|\n|poke|p1|Tornadus, L50, M|\n|poke|p1|Indeedee-F, L50, F|\n|poke|p1|Smeargle, L50, F|\n|poke|p2|Incineroar, L50, M|\n|poke|p2|Rillaboom, L50, F|\n|poke|p2|Calyrex-Ice, L50|\n|poke|p2|Urshifu-*, L50, M|\n|poke|p2|Pelipper, L50, M|\n|poke|p2|Raging Bolt, L50|\n|teampreview|4\n|inactive|Battle timer is ON: inactive players will automatically lose when time's up. (requested by blackred123\u6c38\u96cf\u5854\u83f2\u4fa0)\n|\n|t:|1768652606\n|teamsize|p1|4\n|teamsize|p2|4\n|start\n|switch|p1a: \u9a6c\u6b7b\u4e86|Calyrex-Shadow, L50|100/100\n|switch|p1b: \u5c0f\u7b14\u7ea2\u80bf|Smeargle, L50, F, shiny|100/100\n|switch|p2a: Pelipper|Pelipper, L50, M|100/100\n|switch|p2b: Urshifu|Urshifu-Rapid-Strike, L50, M|100/100\n|-ability|p1a: \u9a6c\u6b7b\u4e86|As One\n|-ability|p1a: \u9a6c\u6b7b\u4e86|Unnerve\n|-weather|RainDance|[from] ability: Drizzle|[of] p2a: Pelipper\n|turn|1\n|\n|t:|1768652631\n|switch|p1b: \u4f60\u6731\u5417|Koraidon, L50, shiny|100/100\n|-weather|SunnyDay|[from] ability: Orichalcum Pulse|[of] p1b: \u4f60\u6731\u5417\n|-activate|p1b: \u4f60\u6731\u5417|Orichalcum Pulse|[source]\n|move|p2a: Pelipper|Wide Guard|p2a: Pelipper\n|-singleturn|p2a: Pelipper|Wide Guard\n|move|p2b: Urshifu|Surging Strikes|p1a: \u9a6c\u6b7b\u4e86\n|-crit|p1a: \u9a6c\u6b7b\u4e86\n|-damage|p1a: \u9a6c\u6b7b\u4e86|88/100\n|-crit|p1a: \u9a6c\u6b7b\u4e86\n|-damage|p1a: \u9a6c\u6b7b\u4e86|75/100\n|-crit|p1a: \u9a6c\u6b7b\u4e86\n|-damage|p1a: \u9a6c\u6b7b\u4e86|63/100\n|-hitcount|p1a: \u9a6c\u6b7b\u4e86|3\n|move|p1a: \u9a6c\u6b7b\u4e86|Expanding Force|p2b: Urshifu\n|-supereffective|p2b: Urshifu\n|-damage|p2b: Urshifu|0 fnt\n|faint|p2b: Urshifu\n|-ability|p1a: \u9a6c\u6b7b\u4e86|Grim Neigh|boost\n|-boost|p1a: \u9a6c\u6b7b\u4e86|spa|1\n|\n|-weather|SunnyDay|[upkeep]\n|upkeep\n|\n|t:|1768652651\n|switch|p2b: Calyrex|Calyrex-Ice, L50|100/100\n|-ability|p2b: Calyrex|As One\n|-ability|p2b: Calyrex|Unnerve\n|turn|2\n|inactive|blackred123\u6c38\u96cf\u5854\u83f2\u4fa0 has 30 seconds left.\n|j| QAQeee\u5609\u7136\u4fa0\n|\n|t:|1768652682\n|switch|p1a: \u5c0f\u7b14\u7ea2\u80bf|Smeargle, L50, F, shiny|100/100\n|switch|p2a: Incineroar|Incineroar, L50, M|100/100\n|-ability|p2a: Incineroar|Intimidate|boost\n|-unboost|p1a: \u5c0f\u7b14\u7ea2\u80bf|atk|1\n|-unboost|p1b: \u4f60\u6731\u5417|atk|1\n|-terastallize|p2b: Calyrex|Fire\n|move|p1b: \u4f60\u6731\u5417|Flare Blitz|p2b: Calyrex\n|-resisted|p2b: Calyrex\n|-damage|p2b: Calyrex|77/100\n|-damage|p1b: \u4f60\u6731\u5417|91/100|[from] Recoil\n|-damage|p1b: \u4f60\u6731\u5417|82/100|[from] item: Life Orb\n|move|p2b: Calyrex|Trick Room|p2b: Calyrex\n|-fieldstart|move: Trick Room|[of] p2b: Calyrex\n|\n|-weather|SunnyDay|[upkeep]\n|-ability|p1a: \u5c0f\u7b14\u7ea2\u80bf|Moody|boost\n|-boost|p1a: \u5c0f\u7b14\u7ea2\u80bf|atk|2\n|-unboost|p1a: \u5c0f\u7b14\u7ea2\u80bf|def|1\n|upkeep\n|turn|3\n|inactive|blackred123\u6c38\u96cf\u5854\u83f2\u4fa0 has 30 seconds left.\n|\n|t:|1768652707\n|-terastallize|p1a: \u5c0f\u7b14\u7ea2\u80bf|Ghost\n|move|p2a: Incineroar|Fake Out|p1b: \u4f60\u6731\u5417\n|-damage|p1b: \u4f60\u6731\u5417|70/100\n|move|p1a: \u5c0f\u7b14\u7ea2\u80bf|Fake Out|p2b: Calyrex\n|-damage|p2b: Calyrex|72/100\n|cant|p2b: Calyrex|flinch\n|cant|p1b: \u4f60\u6731\u5417|flinch\n|\n|-weather|SunnyDay|[upkeep]\n|-ability|p1a: \u5c0f\u7b14\u7ea2\u80bf|Moody|boost\n|-boost|p1a: \u5c0f\u7b14\u7ea2\u80bf|spa|2\n|-unboost|p1a: \u5c0f\u7b14\u7ea2\u80bf|spd|1\n|upkeep\n|turn|4\n|\n|t:|1768652732\n|move|p1a: \u5c0f\u7b14\u7ea2\u80bf|Wide Guard|p1a: \u5c0f\u7b14\u7ea2\u80bf\n|-singleturn|p1a: \u5c0f\u7b14\u7ea2\u80bf|Wide Guard\n|move|p2b: Calyrex|Glacial Lance|p1b: \u4f60\u6731\u5417|[spread] \n|-activate|p1a: \u5c0f\u7b14\u7ea2\u80bf|move: Wide Guard\n|-activate|p1b: \u4f60\u6731\u5417|move: Wide Guard\n|move|p2a: Incineroar|Will-O-Wisp|p1b: \u4f60\u6731\u5417\n|-status|p1b: \u4f60\u6731\u5417|brn\n|move|p1b: \u4f60\u6731\u5417|Close Combat|p2a: Incineroar\n|-supereffective|p2a: Incineroar\n|-damage|p2a: Incineroar|31/100\n|-unboost|p1b: \u4f60\u6731\u5417|def|1\n|-unboost|p1b: \u4f60\u6731\u5417|spd|1\n|-damage|p1b: \u4f60\u6731\u5417|61/100 brn|[from] item: Life Orb\n|\n|-weather|SunnyDay|[upkeep]\n|-damage|p1b: \u4f60\u6731\u5417|54/100 brn|[from] brn\n|-ability|p1a: \u5c0f\u7b14\u7ea2\u80bf|Moody|boost\n|-boost|p1a: \u5c0f\u7b14\u7ea2\u80bf|spd|2\n|-unboost|p1a: \u5c0f\u7b14\u7ea2\u80bf|spe|1\n|upkeep\n|turn|5\n|\n|t:|1768652756\n|move|p2b: Calyrex|Glacial Lance|p1a: \u5c0f\u7b14\u7ea2\u80bf|[spread] p1a,p1b\n|-supereffective|p1b: \u4f60\u6731\u5417\n|-enditem|p1a: \u5c0f\u7b14\u7ea2\u80bf|Focus Sash\n|-damage|p1a: \u5c0f\u7b14\u7ea2\u80bf|1/100\n|-damage|p1b: \u4f60\u6731\u5417|0 fnt\n|faint|p1b: \u4f60\u6731\u5417\n|-ability|p2b: Calyrex|Chilling Neigh|boost\n|-boost|p2b: Calyrex|atk|1\n|move|p2a: Incineroar|Knock Off|p1a: \u5c0f\u7b14\u7ea2\u80bf\n|-supereffective|p1a: \u5c0f\u7b14\u7ea2\u80bf\n|-damage|p1a: \u5c0f\u7b14\u7ea2\u80bf|0 fnt\n|faint|p1a: \u5c0f\u7b14\u7ea2\u80bf\n|\n|-weather|none\n|upkeep\n|\n|t:|1768652761\n|switch|p1a: \u9a6c\u6b7b\u4e86|Calyrex-Shadow, L50|63/100\n|switch|p1b: \u6211\u6709\u7389\u9c7c\u75c7|Chi-Yu, L50|100/100\n|-ability|p1a: \u9a6c\u6b7b\u4e86|As One\n|-ability|p1a: \u9a6c\u6b7b\u4e86|Unnerve\n|-ability|p1b: \u6211\u6709\u7389\u9c7c\u75c7|Beads of Ruin\n|turn|6\n|\n|t:|1768652785\n|move|p2b: Calyrex|Glacial Lance|p1a: \u9a6c\u6b7b\u4e86|[spread] p1a,p1b\n|-resisted|p1b: \u6211\u6709\u7389\u9c7c\u75c7\n|-damage|p1a: \u9a6c\u6b7b\u4e86|0 fnt\n|-damage|p1b: \u6211\u6709\u7389\u9c7c\u75c7|34/100\n|faint|p1a: \u9a6c\u6b7b\u4e86\n|-ability|p2b: Calyrex|Chilling Neigh|boost\n|-boost|p2b: Calyrex|atk|1\n|move|p2a: Incineroar|Knock Off|p1b: \u6211\u6709\u7389\u9c7c\u75c7\n|-resisted|p1b: \u6211\u6709\u7389\u9c7c\u75c7\n|-damage|p1b: \u6211\u6709\u7389\u9c7c\u75c7|1/100\n|-enditem|p1b: \u6211\u6709\u7389\u9c7c\u75c7|Choice Scarf|[from] move: Knock Off|[of] p2a: Incineroar\n|move|p1b: \u6211\u6709\u7389\u9c7c\u75c7|Heat Wave|p2a: Incineroar|[spread] p2b\n|-miss|p1b: \u6211\u6709\u7389\u9c7c\u75c7|p2a: Incineroar\n|-resisted|p2b: Calyrex\n|-damage|p2b: Calyrex|53/100\n|\n|-fieldend|move: Trick Room\n|upkeep\n|turn|7\n|-message|blackred123\u6c38\u96cf\u5854\u83f2\u4fa0 forfeited.\n|\n|win|Mariopopo\n|raw|blackred123\u6c38\u96cf\u5854\u83f2\u4fa0's rating: 1105 &rarr; <strong>1077</strong><br />(-28 for losing)\n|raw|Mariopopo's rating: 1068 &rarr; <strong>1101</strong><br />(+33 for winning)\n|l|\u2606blackred123\u6c38\u96cf\u5854\u83f2\u4fa0\n|player|p1|\n|l| QAQeee\u5609\u7136\u4fa0\n|l|\u2606Mariopopo\n|player|p2|\n","uploadtime":1768653170,"views":15,"formatid":"gen9vgc2026regi","rating":1077,"private":0,"password":null}