{"id":"gen9vgc2026regi-2525237994","format":"[Gen 9] VGC 2026 Reg I","players":["Fogdocker","blackred123"],"log":"|j|\u2606Fogdocker\n|j|\u2606blackred123\n|t:|1769255177\n|gametype|doubles\n|player|p1|Fogdocker|265|1407\n|player|p2|blackred123|iono-masters|1314\n|gen|9\n|tier|[Gen 9] VGC 2026 Reg I\n|rated|\n|rule|Species Clause: Limit one of each Pok\u00e9mon\n|rule|Item Clause: Limit 1 of each item\n|clearpoke\n|poke|p1|Calyrex-Ice, L50|\n|poke|p1|Koraidon, L50|\n|poke|p1|Flutter Mane, L50|\n|poke|p1|Incineroar, L50, F|\n|poke|p1|Rillaboom, L50, M|\n|poke|p1|Amoonguss, L50, F|\n|poke|p2|Lunala, L50|\n|poke|p2|Koraidon, L50|\n|poke|p2|Chi-Yu, L50|\n|poke|p2|Flutter Mane, L50|\n|poke|p2|Brute Bonnet, L50|\n|poke|p2|Ursaluna, L50, F|\n|teampreview|4\n|inactive|Battle timer is ON: inactive players will automatically lose when time's up. (requested by blackred123)\n|inactive|Fogdocker has 60 seconds left.\n|inactive|blackred123 has 60 seconds left.\n|j| riyuezi\n|\n|t:|1769255224\n|teamsize|p1|4\n|teamsize|p2|4\n|start\n|switch|p1a: Koraidon|Koraidon, L50|100/100\n|switch|p1b: Incineroar|Incineroar, L50, F|100/100\n|switch|p2a: Koraidon|Koraidon, L50|100/100\n|switch|p2b: Flutter Mane|Flutter Mane, L50|100/100\n|-weather|SunnyDay|[from] ability: Orichalcum Pulse|[of] p1a: Koraidon\n|-activate|p2b: Flutter Mane|ability: Protosynthesis\n|-start|p2b: Flutter Mane|protosynthesisspe\n|-activate|p1a: Koraidon|Orichalcum Pulse|[source]\n|-activate|p2a: Koraidon|ability: Orichalcum Pulse\n|-ability|p1b: Incineroar|Intimidate|boost\n|-unboost|p2a: Koraidon|atk|1\n|-unboost|p2b: Flutter Mane|atk|1\n|turn|1\n|\n|t:|1769255243\n|switch|p2a: Lunala|Lunala, L50, shiny|100/100\n|switch|p1b: Rillaboom|Rillaboom, L50, M|100/100\n|-fieldstart|move: Grassy Terrain|[from] ability: Grassy Surge|[of] p1b: Rillaboom\n|-terastallize|p1a: Koraidon|Fire\n|move|p2b: Flutter Mane|Moonblast|p1a: Koraidon\n|-resisted|p1a: Koraidon\n|-damage|p1a: Koraidon|76/100\n|move|p1a: Koraidon|Flame Charge|p2b: Flutter Mane\n|-enditem|p2b: Flutter Mane|Focus Sash\n|-damage|p2b: Flutter Mane|1/100\n|-boost|p1a: Koraidon|spe|1\n|-damage|p1a: Koraidon|67/100|[from] item: Life Orb\n|\n|-weather|SunnyDay|[upkeep]\n|-heal|p2b: Flutter Mane|7/100|[from] Grassy Terrain\n|-heal|p1a: Koraidon|72/100|[from] Grassy Terrain\n|upkeep\n|turn|2\n|\n|t:|1769255268\n|-end|p2b: Flutter Mane|Protosynthesis|[silent]\n|switch|p2b: Brute Bonnet|Brute Bonnet, L50, shiny|100/100\n|-activate|p2b: Brute Bonnet|ability: Protosynthesis\n|-start|p2b: Brute Bonnet|protosynthesisdef\n|move|p1b: Rillaboom|Grassy Glide|p2a: Lunala\n|-damage|p2a: Lunala|86/100\n|move|p1a: Koraidon|Flare Blitz|p2a: Lunala\n|-damage|p2a: Lunala|0 fnt\n|faint|p2a: Lunala\n|-damage|p1a: Koraidon|34/100|[from] Recoil\n|-damage|p1a: Koraidon|24/100|[from] item: Life Orb\n|\n|-weather|SunnyDay|[upkeep]\n|-heal|p1a: Koraidon|30/100|[from] Grassy Terrain\n|upkeep\n|\n|t:|1769255282\n|switch|p2a: Koraidon|Koraidon, L50|100/100\n|-activate|p2a: Koraidon|ability: Orichalcum Pulse\n|turn|3\n|\n|t:|1769255299\n|switch|p1b: Incineroar|Incineroar, L50, F|100/100\n|-ability|p1b: Incineroar|Intimidate|boost\n|-unboost|p2a: Koraidon|atk|1\n|-unboost|p2b: Brute Bonnet|atk|1\n|-terastallize|p2b: Brute Bonnet|Water\n|move|p1a: Koraidon|Protect|p1a: Koraidon\n|-singleturn|p1a: Koraidon|Protect\n|move|p2a: Koraidon|Protect|p2a: Koraidon\n|-singleturn|p2a: Koraidon|Protect\n|move|p2b: Brute Bonnet|Spore|p1a: Koraidon\n|-activate|p1a: Koraidon|move: Protect\n|\n|-weather|SunnyDay|[upkeep]\n|-heal|p1a: Koraidon|36/100|[from] Grassy Terrain\n|upkeep\n|turn|4\n|inactive|Fogdocker has 30 seconds left.\n|\n|t:|1769255326\n|move|p1b: Incineroar|Fake Out|p2b: Brute Bonnet\n|-damage|p2b: Brute Bonnet|95/100\n|move|p1a: Koraidon|Close Combat|p2a: Koraidon\n|-damage|p2a: Koraidon|4/100\n|-unboost|p1a: Koraidon|def|1\n|-unboost|p1a: Koraidon|spd|1\n|-damage|p1a: Koraidon|26/100|[from] item: Life Orb\n|move|p2a: Koraidon|Close Combat|p1a: Koraidon\n|-damage|p1a: Koraidon|0 fnt\n|-unboost|p2a: Koraidon|def|1\n|-unboost|p2a: Koraidon|spd|1\n|faint|p1a: Koraidon\n|-damage|p2a: Koraidon|0 fnt|[from] item: Life Orb\n|faint|p2a: Koraidon\n|cant|p2b: Brute Bonnet|flinch\n|\n|-weather|SunnyDay|[upkeep]\n|-heal|p2b: Brute Bonnet|100/100|[from] Grassy Terrain\n|upkeep\n|\n|t:|1769255340\n|switch|p2a: Flutter Mane|Flutter Mane, L50|7/100\n|switch|p1a: Calyrex|Calyrex-Ice, L50|100/100\n|-ability|p1a: Calyrex|As One\n|-ability|p1a: Calyrex|Unnerve\n|-activate|p2a: Flutter Mane|ability: Protosynthesis\n|-start|p2a: Flutter Mane|protosynthesisspe\n|turn|5\n|j| here's where king!\n|\n|t:|1769255358\n|move|p1a: Calyrex|Protect|p1a: Calyrex\n|-singleturn|p1a: Calyrex|Protect\n|move|p2a: Flutter Mane|Shadow Ball|p1b: Incineroar\n|-resisted|p1b: Incineroar\n|-damage|p1b: Incineroar|82/100\n|move|p1b: Incineroar|Knock Off|p2a: Flutter Mane\n|-damage|p2a: Flutter Mane|0 fnt\n|faint|p2a: Flutter Mane\n|-end|p2a: Flutter Mane|Protosynthesis|[silent]\n|move|p2b: Brute Bonnet|Spore|p1b: Incineroar\n|-activate|p1b: Incineroar|item: Safety Goggles|Spore\n|\n|-weather|none\n|-end|p2b: Brute Bonnet|Protosynthesis\n|-heal|p1b: Incineroar|88/100|[from] Grassy Terrain\n|-fieldend|move: Grassy Terrain\n|upkeep\n|turn|6\n|j| sunrakugaming\n|-message|blackred123 forfeited.\n|\n|win|Fogdocker\n|raw|Fogdocker's rating: 1407 &rarr; <strong>1422</strong><br />(+15 for winning)\n|raw|blackred123's rating: 1314 &rarr; <strong>1299</strong><br />(-15 for losing)\n|l|\u2606blackred123\n|player|p2|\n|l| riyuezi\n|l|\u2606Fogdocker\n|player|p1|\n|l| sunrakugaming\n","uploadtime":1769255377,"views":13,"formatid":"gen9vgc2026regi","rating":1299,"private":0,"password":null}