{"id":"gen9vgc2026regi-2541026488","format":"[Gen 9] VGC 2026 Reg I","players":["j0l0k0","marcxhenry"],"log":"|j|\u2606j0l0k0\n|j|\u2606marcxhenry\n|t:|1771277556\n|gametype|doubles\n|player|p1|j0l0k0|brycen|1440\n|player|p2|marcxhenry|hilbert-wonderlauncher|1461\n|gen|9\n|tier|[Gen 9] VGC 2026 Reg I\n|rated|\n|rule|Species Clause: Limit one of each Pok\u00e9mon\n|rule|Item Clause: Limit 1 of each item\n|clearpoke\n|poke|p1|Calyrex-Ice, L50|\n|poke|p1|Kyogre, L50|\n|poke|p1|Indeedee-F, L50, F|\n|poke|p1|Urshifu-*, L50, F|\n|poke|p1|Amoonguss, L50, F|\n|poke|p1|Landorus, L50, M|\n|poke|p2|Calyrex-Ice, L50|\n|poke|p2|Farigiraf, L50, F|\n|poke|p2|Conkeldurr, L50, M|\n|poke|p2|Magmortar, L50, F|\n|poke|p2|Flutter Mane, L50|\n|poke|p2|Miraidon, L50|\n|teampreview|4\n|inactive|Battle timer is ON: inactive players will automatically lose when time's up. (requested by j0l0k0)\n|inactive|marcxhenry has 60 seconds left.\n|\n|t:|1771277593\n|teamsize|p1|4\n|teamsize|p2|4\n|start\n|switch|p1a: Kyogre|Kyogre, L50, shiny|100/100\n|switch|p1b: Landorus|Landorus, L50, M, shiny|100/100\n|switch|p2a: Magmortar|Magmortar, L50, F|100/100\n|switch|p2b: Miraidon|Miraidon, L50|100/100\n|-fieldstart|move: Electric Terrain|[from] ability: Hadron Engine|[of] p2b: Miraidon\n|-weather|RainDance|[from] ability: Drizzle|[of] p1a: Kyogre\n|turn|1\n|inactive|marcxhenry has 30 seconds left.\n|\n|t:|1771277621\n|-terastallize|p2b: Miraidon|Fairy\n|-terastallize|p1a: Kyogre|Grass\n|move|p2a: Magmortar|Protect|p2a: Magmortar\n|-singleturn|p2a: Magmortar|Protect\n|move|p2b: Miraidon|Draco Meteor|p1a: Kyogre\n|-damage|p1a: Kyogre|41/100\n|-unboost|p2b: Miraidon|spa|2\n|move|p1a: Kyogre|Water Spout|p2a: Magmortar|[spread] p2b\n|-activate|p2a: Magmortar|move: Protect\n|-damage|p2b: Miraidon|63/100\n|move|p1b: Landorus|Sandsear Storm|p2a: Magmortar|[spread] p2b\n|-activate|p2a: Magmortar|move: Protect\n|-damage|p2b: Miraidon|6/100\n|\n|-weather|RainDance|[upkeep]\n|upkeep\n|turn|2\n|inactive|marcxhenry has 30 seconds left.\n|\n|t:|1771277649\n|move|p2b: Miraidon|Draco Meteor|p1a: Kyogre\n|-damage|p1a: Kyogre|13/100\n|-unboost|p2b: Miraidon|spa|2\n|move|p2a: Magmortar|Heat Wave|p1b: Landorus|[spread] p1a,p1b\n|-supereffective|p1a: Kyogre\n|-damage|p1a: Kyogre|0 fnt\n|-damage|p1b: Landorus|84/100\n|faint|p1a: Kyogre\n|move|p1b: Landorus|Sandsear Storm|p2b: Miraidon|[spread] p2a,p2b\n|-supereffective|p2a: Magmortar\n|-damage|p2a: Magmortar|0 fnt\n|-damage|p2b: Miraidon|0 fnt\n|faint|p2a: Magmortar\n|faint|p2b: Miraidon\n|\n|-weather|RainDance|[upkeep]\n|upkeep\n|\n|t:|1771277662\n|switch|p2b: Calyrex|Calyrex-Ice, L50|100/100\n|switch|p2a: Conkeldurr|Conkeldurr, L50, M, shiny|100/100\n|switch|p1a: Urshifu|Urshifu, L50, F|100/100\n|-ability|p2b: Calyrex|As One\n|-ability|p2b: Calyrex|Unnerve\n|turn|3\n|\n|t:|1771277677\n|move|p2a: Conkeldurr|Wide Guard|p2a: Conkeldurr\n|-singleturn|p2a: Conkeldurr|Wide Guard\n|move|p1a: Urshifu|Wicked Blow|p2b: Calyrex\n|-supereffective|p2b: Calyrex\n|-crit|p2b: Calyrex\n|-damage|p2b: Calyrex|18/100\n|move|p1b: Landorus|Sandsear Storm|p2a: Conkeldurr|[spread] \n|-activate|p2a: Conkeldurr|move: Wide Guard\n|-activate|p2b: Calyrex|move: Wide Guard\n|move|p2b: Calyrex|Trick Room|p2b: Calyrex\n|-fieldstart|move: Trick Room|[of] p2b: Calyrex\n|\n|-weather|RainDance|[upkeep]\n|-status|p2a: Conkeldurr|brn|[from] item: Flame Orb\n|upkeep\n|turn|4\n|\n|t:|1771277691\n|move|p2b: Calyrex|Protect|p2b: Calyrex\n|-singleturn|p2b: Calyrex|Protect\n|move|p1b: Landorus|Protect|p1b: Landorus\n|-singleturn|p1b: Landorus|Protect\n|move|p2a: Conkeldurr|Drain Punch|p1a: Urshifu\n|-supereffective|p1a: Urshifu\n|-enditem|p1a: Urshifu|Focus Sash\n|-damage|p1a: Urshifu|1/100\n|move|p1a: Urshifu|Wicked Blow|p2b: Calyrex\n|-supereffective|p2b: Calyrex\n|-crit|p2b: Calyrex\n|-damage|p2b: Calyrex|0 fnt\n|faint|p2b: Calyrex\n|\n|-weather|RainDance|[upkeep]\n|-damage|p2a: Conkeldurr|94/100 brn|[from] brn\n|upkeep\n|turn|5\n|\n|t:|1771277706\n|move|p2a: Conkeldurr|Knock Off|p1b: Landorus\n|-damage|p1b: Landorus|24/100\n|-enditem|p1b: Landorus|Life Orb|[from] move: Knock Off|[of] p2a: Conkeldurr\n|move|p1b: Landorus|Sandsear Storm|p2a: Conkeldurr\n|-damage|p2a: Conkeldurr|20/100 brn\n|move|p1a: Urshifu|Close Combat|p2a: Conkeldurr\n|-damage|p2a: Conkeldurr|0 fnt\n|-unboost|p1a: Urshifu|def|1\n|-unboost|p1a: Urshifu|spd|1\n|faint|p2a: Conkeldurr\n|\n|win|j0l0k0\n|raw|j0l0k0's rating: 1440 &rarr; <strong>1461</strong><br />(+21 for winning)\n|raw|marcxhenry's rating: 1461 &rarr; <strong>1440</strong><br />(-21 for losing)\n|c|\u2606j0l0k0|ggwp\n|l|\u2606j0l0k0\n|player|p1|\n|l|\u2606marcxhenry\n|player|p2|\n","uploadtime":1771277967,"views":43,"formatid":"gen9vgc2026regi","rating":1440,"private":0,"password":null}