{"id":"gen9vgc2026regi-2522878324","format":"[Gen 9] VGC 2026 Reg I","players":["Bman311","coberdt"],"log":"|j|\u2606Bman311\n|j|\u2606coberdt\n|t:|1768954108\n|gametype|doubles\n|player|p1|Bman311|cynthia-gen7|1172\n|player|p2|coberdt|roxie|1066\n|gen|9\n|tier|[Gen 9] VGC 2026 Reg I\n|rated|\n|rule|Species Clause: Limit one of each Pok\u00e9mon\n|rule|Item Clause: Limit 1 of each item\n|clearpoke\n|poke|p1|Miraidon, L50|\n|poke|p1|Calyrex-Ice, L50|\n|poke|p1|Incineroar, L50, F|\n|poke|p1|Farigiraf, L50, F|\n|poke|p1|Whimsicott, L50, M|\n|poke|p1|Ursaluna, L50, M|\n|poke|p2|Kyogre, L50|\n|poke|p2|Miraidon, L50|\n|poke|p2|Landorus, L50, M|\n|poke|p2|Urshifu-*, L50, F|\n|poke|p2|Tornadus, L50, M|\n|poke|p2|Amoonguss, L50, M|\n|teampreview|4\n|inactive|Battle timer is ON: inactive players will automatically lose when time's up. (requested by Bman311)\n|inactive|Bman311 has 60 seconds left.\n|\n|t:|1768954139\n|teamsize|p1|4\n|teamsize|p2|4\n|start\n|switch|p1a: Miraidon|Miraidon, L50|100/100\n|switch|p1b: Farigiraf|Farigiraf, L50, F|100/100\n|switch|p2a: Kyogre|Kyogre, L50|100/100\n|switch|p2b: Landorus|Landorus, L50, M|100/100\n|-fieldstart|move: Electric Terrain|[from] ability: Hadron Engine|[of] p1a: Miraidon\n|-enditem|p1b: Farigiraf|Electric Seed\n|-boost|p1b: Farigiraf|def|1|[from] item: Electric Seed\n|-weather|RainDance|[from] ability: Drizzle|[of] p2a: Kyogre\n|turn|1\n|\n|t:|1768954156\n|-terastallize|p2b: Landorus|Poison\n|-terastallize|p1b: Farigiraf|Water\n|move|p2a: Kyogre|Protect|p2a: Kyogre\n|-singleturn|p2a: Kyogre|Protect\n|move|p1a: Miraidon|Volt Switch|p2a: Kyogre\n|-activate|p2a: Kyogre|move: Protect\n|move|p2b: Landorus|Sandsear Storm|p1b: Farigiraf|[spread] p1a,p1b\n|-supereffective|p1a: Miraidon\n|-damage|p1a: Miraidon|0 fnt\n|-damage|p1b: Farigiraf|40/100\n|faint|p1a: Miraidon\n|move|p1b: Farigiraf|Trick Room|p1b: Farigiraf\n|-fieldstart|move: Trick Room|[of] p1b: Farigiraf\n|\n|-weather|RainDance|[upkeep]\n|upkeep\n|\n|t:|1768954163\n|switch|p1a: Ursaluna|Ursaluna, L50, M|100/100\n|turn|2\n|inactive|coberdt has 30 seconds left.\n|\n|t:|1768954188\n|move|p1a: Ursaluna|Protect|p1a: Ursaluna\n|-singleturn|p1a: Ursaluna|Protect\n|move|p1b: Farigiraf|Psychic|p2b: Landorus\n|-supereffective|p2b: Landorus\n|-damage|p2b: Landorus|19/100\n|move|p2a: Kyogre|Water Spout|p1a: Ursaluna|[spread] p1b\n|-activate|p1a: Ursaluna|move: Protect\n|-resisted|p1b: Farigiraf\n|-damage|p1b: Farigiraf|0 fnt\n|faint|p1b: Farigiraf\n|move|p2b: Landorus|Sandsear Storm|p1a: Ursaluna\n|-activate|p1a: Ursaluna|move: Protect\n|\n|-weather|RainDance|[upkeep]\n|-status|p1a: Ursaluna|brn|[from] item: Flame Orb\n|upkeep\n|\n|t:|1768954194\n|switch|p1b: Calyrex|Calyrex-Ice, L50|100/100\n|-ability|p1b: Calyrex|As One\n|-ability|p1b: Calyrex|Unnerve\n|turn|3\n|\n|t:|1768954207\n|move|p2a: Kyogre|Protect|p2a: Kyogre\n|-singleturn|p2a: Kyogre|Protect\n|move|p2b: Landorus|Protect|p2b: Landorus\n|-singleturn|p2b: Landorus|Protect\n|move|p1a: Ursaluna|Facade|p2a: Kyogre\n|-activate|p2a: Kyogre|move: Protect\n|move|p1b: Calyrex|Glacial Lance|p2b: Landorus|[spread] \n|-activate|p2a: Kyogre|move: Protect\n|-activate|p2b: Landorus|move: Protect\n|\n|-weather|RainDance|[upkeep]\n|-damage|p1a: Ursaluna|95/100 brn|[from] brn\n|upkeep\n|turn|4\n|\n|t:|1768954222\n|move|p1a: Ursaluna|Facade|p2a: Kyogre\n|-damage|p2a: Kyogre|0 fnt\n|faint|p2a: Kyogre\n|move|p1b: Calyrex|Glacial Lance|p2b: Landorus\n|-damage|p2b: Landorus|0 fnt\n|faint|p2b: Landorus\n|-ability|p1b: Calyrex|Chilling Neigh|boost\n|-boost|p1b: Calyrex|atk|1\n|\n|-weather|RainDance|[upkeep]\n|-damage|p1a: Ursaluna|89/100 brn|[from] brn\n|upkeep\n|\n|t:|1768954234\n|switch|p2a: Miraidon|Miraidon, L50|100/100\n|switch|p2b: Urshifu|Urshifu-Rapid-Strike, L50, F|100/100\n|-activate|p2a: Miraidon|ability: Hadron Engine\n|turn|5\n|\n|t:|1768954247\n|move|p1a: Ursaluna|Facade|p2b: Urshifu\n|-crit|p2b: Urshifu\n|-damage|p2b: Urshifu|0 fnt\n|faint|p2b: Urshifu\n|move|p1b: Calyrex|Glacial Lance|p2a: Miraidon\n|-supereffective|p2a: Miraidon\n|-crit|p2a: Miraidon\n|-damage|p2a: Miraidon|0 fnt\n|faint|p2a: Miraidon\n|\n|win|Bman311\n|raw|Bman311's rating: 1172 &rarr; <strong>1190</strong><br />(+18 for winning)\n|raw|coberdt's rating: 1066 &rarr; <strong>1052</strong><br />(-14 for losing)\n|c|\u2606Bman311|gg\n|l|\u2606coberdt\n|player|p2|\n","uploadtime":1768954271,"views":15,"formatid":"gen9vgc2026regi","rating":1052,"private":0,"password":null}