{"id":"gen9vgc2026regi-2589870276","format":"[Gen 9] VGC 2026 Reg I","players":["mosca9876","VJ2511"],"log":"|j|\u2606mosca9876\n|j|\u2606VJ2511\n|t:|1776769204\n|gametype|doubles\n|player|p1|mosca9876|170|1462\n|player|p2|VJ2511|1|1625\n|gen|9\n|tier|[Gen 9] VGC 2026 Reg I\n|rated|\n|rule|Species Clause: Limit one of each Pok\u00e9mon\n|rule|Item Clause: Limit 1 of each item\n|clearpoke\n|poke|p1|Zacian-*, L50|\n|poke|p1|Calyrex-Shadow, L50|\n|poke|p1|Tornadus, L50, M|\n|poke|p1|Landorus, L50, M|\n|poke|p1|Urshifu-*, L50, F|\n|poke|p1|Incineroar, L50, M|\n|poke|p2|Calyrex-Shadow, L50|\n|poke|p2|Zamazenta-*, L50|\n|poke|p2|Chien-Pao, L50|\n|poke|p2|Dragonite, L50, F|\n|poke|p2|Raging Bolt, L50|\n|poke|p2|Amoonguss, L50, M|\n|teampreview|4\n|inactive|Battle timer is ON: inactive players will automatically lose when time's up. (requested by VJ2511)\n|\n|t:|1776769226\n|teamsize|p1|4\n|teamsize|p2|4\n|start\n|switch|p1a: Urshifu|Urshifu-Rapid-Strike, L50, F|100/100\n|switch|p1b: Incineroar|Incineroar, L50, M|100/100\n|switch|p2a: Zamazenta|Zamazenta-Crowned, L50|100/100\n|switch|p2b: Raging Bolt|Raging Bolt, L50|100/100\n|-ability|p2a: Zamazenta|Dauntless Shield|boost\n|-boost|p2a: Zamazenta|def|1\n|-ability|p1b: Incineroar|Intimidate|boost\n|-unboost|p2a: Zamazenta|atk|1\n|-unboost|p2b: Raging Bolt|atk|1\n|-enditem|p2b: Raging Bolt|Booster Energy\n|-activate|p2b: Raging Bolt|ability: Protosynthesis|[fromitem]\n|-start|p2b: Raging Bolt|protosynthesisspa\n|turn|1\n|inactive|mosca9876 has 30 seconds left.\n|inactive|mosca9876 has 20 seconds left.\n|inactive|mosca9876 has 15 seconds left.\n|inactive|mosca9876 has 10 seconds left.\n|inactive|mosca9876 has 5 seconds left.\n|\n|t:|1776769279\n|-terastallize|p2a: Zamazenta|Dragon\n|move|p1b: Incineroar|Fake Out|p2a: Zamazenta\n|-damage|p2a: Zamazenta|96/100\n|move|p1a: Urshifu|Ice Spinner|p2b: Raging Bolt\n|-supereffective|p2b: Raging Bolt\n|-damage|p2b: Raging Bolt|49/100\n|cant|p2a: Zamazenta|flinch\n|move|p2b: Raging Bolt|Thunderbolt|p1a: Urshifu\n|-supereffective|p1a: Urshifu\n|-damage|p1a: Urshifu|0 fnt\n|faint|p1a: Urshifu\n|\n|upkeep\n|\n|t:|1776769292\n|switch|p1a: Zacian|Zacian-Crowned, L50|100/100\n|-ability|p1a: Zacian|Intrepid Sword|boost\n|-boost|p1a: Zacian|atk|1\n|turn|2\n|\n|t:|1776769312\n|-terastallize|p1a: Zacian|Fairy\n|move|p2b: Raging Bolt|Thunderclap|p1a: Zacian\n|-damage|p1a: Zacian|60/100\n|move|p1a: Zacian|Play Rough|p2a: Zamazenta\n|-supereffective|p2a: Zamazenta\n|-damage|p2a: Zamazenta|25/100\n|move|p2a: Zamazenta|Body Press|p1b: Incineroar\n|-supereffective|p1b: Incineroar\n|-damage|p1b: Incineroar|0 fnt\n|faint|p1b: Incineroar\n|\n|upkeep\n|\n|t:|1776769320\n|switch|p1b: Calyrex|Calyrex-Shadow, L50|100/100\n|-ability|p1b: Calyrex|As One\n|-ability|p1b: Calyrex|Unnerve\n|turn|3\n|inactive|VJ2511 has 30 seconds left.\n|\n|t:|1776769346\n|move|p1a: Zacian|Protect|p1a: Zacian\n|-singleturn|p1a: Zacian|Protect\n|move|p2a: Zamazenta|Protect|p2a: Zamazenta\n|-singleturn|p2a: Zamazenta|Protect\n|move|p2b: Raging Bolt|Thunderclap||[still]\n|-fail|p2b: Raging Bolt\n|move|p1b: Calyrex|Disable|p2b: Raging Bolt\n|-start|p2b: Raging Bolt|Disable|Thunderclap\n|\n|upkeep\n|turn|4\n|\n|t:|1776769364\n|move|p1b: Calyrex|Encore|p2a: Zamazenta\n|-start|p2a: Zamazenta|Encore\n|move|p1a: Zacian|Play Rough|p2b: Raging Bolt\n|-supereffective|p2b: Raging Bolt\n|-damage|p2b: Raging Bolt|0 fnt\n|faint|p2b: Raging Bolt\n|-end|p2b: Raging Bolt|Protosynthesis|[silent]\n|move|p2a: Zamazenta|Protect||[still]\n|-fail|p2a: Zamazenta\n|\n|upkeep\n|\n|t:|1776769379\n|switch|p2b: Dragonite|Dragonite, L50, F, shiny|100/100\n|turn|5\n|\n|t:|1776769388\n|move|p2a: Zamazenta|Protect|p2a: Zamazenta\n|-singleturn|p2a: Zamazenta|Protect\n|move|p2b: Dragonite|Aqua Jet|p1b: Calyrex\n|-crit|p1b: Calyrex\n|-damage|p1b: Calyrex|57/100\n|move|p1b: Calyrex|Astral Barrage|p2b: Dragonite|[spread] p2b\n|-activate|p2a: Zamazenta|move: Protect\n|-damage|p2b: Dragonite|48/100\n|move|p1a: Zacian|Play Rough|p2b: Dragonite\n|-supereffective|p2b: Dragonite\n|-damage|p2b: Dragonite|0 fnt\n|faint|p2b: Dragonite\n|\n|upkeep\n|\n|t:|1776769399\n|switch|p2b: Calyrex|Calyrex-Shadow, L50|100/100\n|-ability|p2b: Calyrex|As One\n|-ability|p2b: Calyrex|Unnerve\n|turn|6\n|\n|t:|1776769407\n|move|p2a: Zamazenta|Protect||[still]\n|-fail|p2a: Zamazenta\n|move|p2b: Calyrex|Astral Barrage|p1b: Calyrex|[spread] p1a,p1b\n|-supereffective|p1b: Calyrex\n|-damage|p1a: Zacian|18/100\n|-damage|p1b: Calyrex|0 fnt\n|faint|p1b: Calyrex\n|-ability|p2b: Calyrex|Grim Neigh|boost\n|-boost|p2b: Calyrex|spa|1\n|move|p1a: Zacian|Play Rough|p2b: Calyrex\n|-enditem|p2b: Calyrex|Focus Sash\n|-damage|p2b: Calyrex|1/100\n|\n|-end|p2a: Zamazenta|Encore\n|upkeep\n|turn|7\n|\n|t:|1776769419\n|move|p2b: Calyrex|Astral Barrage|p1a: Zacian\n|-damage|p1a: Zacian|0 fnt\n|faint|p1a: Zacian\n|\n|win|VJ2511\n|raw|mosca9876's rating: 1462 &rarr; <strong>1451</strong><br />(-11 for losing)\n|raw|VJ2511's rating: 1625 &rarr; <strong>1636</strong><br />(+11 for winning)\n|l|\u2606VJ2511\n|player|p2|\n|l|\u2606mosca9876\n|player|p1|\n","uploadtime":1776769425,"views":15,"formatid":"gen9vgc2026regi","rating":1451,"private":0,"password":null}