{"id":"gen9vgc2026regi-2515142578","format":"[Gen 9] VGC 2026 Reg I","players":["ui89","blackred123\u6c38\u96cf\u5854\u83f2\u4fa0"],"log":"|j|\u2606ui89\n|j|\u2606blackred123\u6c38\u96cf\u5854\u83f2\u4fa0\n|t:|1767959566\n|gametype|doubles\n|player|p1|ui89|pokemonbreeder-gen4|1177\n|player|p2|blackred123\u6c38\u96cf\u5854\u83f2\u4fa0|iono-masters|1262\n|gen|9\n|tier|[Gen 9] VGC 2026 Reg I\n|rated|\n|rule|Species Clause: Limit one of each Pok\u00e9mon\n|rule|Item Clause: Limit 1 of each item\n|clearpoke\n|poke|p1|Ho-Oh, L50|\n|poke|p1|Zamazenta-*, L50|\n|poke|p1|Rillaboom, L50, F|\n|poke|p1|Ogerpon-Cornerstone, L50, F|\n|poke|p1|Flutter Mane, L50|\n|poke|p1|Chi-Yu, L50|\n|poke|p2|Lunala, L50|\n|poke|p2|Koraidon, L50|\n|poke|p2|Chi-Yu, L50|\n|poke|p2|Flutter Mane, L50|\n|poke|p2|Brute Bonnet, L50|\n|poke|p2|Ursaluna, L50, F|\n|teampreview|4\n|inactive|Battle timer is ON: inactive players will automatically lose when time's up. (requested by blackred123\u6c38\u96cf\u5854\u83f2\u4fa0)\n|\n|t:|1767959595\n|teamsize|p1|4\n|teamsize|p2|4\n|start\n|switch|p1a: Ogerpon|Ogerpon-Cornerstone, L50, F|100/100\n|switch|p1b: Chi-Yu|Chi-Yu, L50|100/100\n|switch|p2a: Koraidon|Koraidon, L50|100/100\n|switch|p2b: Flutter Mane|Flutter Mane, L50|100/100\n|-weather|SunnyDay|[from] ability: Orichalcum Pulse|[of] p2a: Koraidon\n|-activate|p2b: Flutter Mane|ability: Protosynthesis\n|-start|p2b: Flutter Mane|protosynthesisspe\n|-activate|p2a: Koraidon|Orichalcum Pulse|[source]\n|-ability|p1b: Chi-Yu|Beads of Ruin\n|turn|1\n|\n|t:|1767959608\n|move|p1a: Ogerpon|Spiky Shield|p1a: Ogerpon\n|-singleturn|p1a: Ogerpon|move: Protect\n|move|p1b: Chi-Yu|Protect|p1b: Chi-Yu\n|-singleturn|p1b: Chi-Yu|Protect\n|move|p2b: Flutter Mane|Icy Wind|p1a: Ogerpon|[spread] \n|-activate|p1a: Ogerpon|move: Protect\n|-activate|p1b: Chi-Yu|move: Protect\n|move|p2a: Koraidon|Close Combat|p1b: Chi-Yu\n|-activate|p1b: Chi-Yu|move: Protect\n|\n|-weather|SunnyDay|[upkeep]\n|upkeep\n|turn|2\n|\n|t:|1767959630\n|move|p1a: Ogerpon|Follow Me|p1a: Ogerpon\n|-singleturn|p1a: Ogerpon|move: Follow Me\n|move|p2b: Flutter Mane|Icy Wind|p1b: Chi-Yu|[spread] p1b\n|-miss|p2b: Flutter Mane|p1a: Ogerpon\n|-resisted|p1b: Chi-Yu\n|-damage|p1b: Chi-Yu|92/100\n|move|p2a: Koraidon|Flame Charge|p1a: Ogerpon\n|-damage|p1a: Ogerpon|39/100\n|-boost|p2a: Koraidon|spe|1\n|-damage|p2a: Koraidon|91/100|[from] item: Life Orb\n|move|p1b: Chi-Yu|Overheat|p2a: Koraidon\n|-resisted|p2a: Koraidon\n|-damage|p2a: Koraidon|16/100\n|-unboost|p1b: Chi-Yu|spa|2\n|\n|-weather|SunnyDay|[upkeep]\n|upkeep\n|turn|3\n|inactive|blackred123\u6c38\u96cf\u5854\u83f2\u4fa0 has 30 seconds left.\n|j| QAQeee\u5609\u7136\u4fa0\n|inactive|blackred123\u6c38\u96cf\u5854\u83f2\u4fa0 has 20 seconds left.\n|\n|t:|1767959667\n|switch|p1a: Ho-Oh|Ho-Oh, L50|100/100\n|move|p2a: Koraidon|Protect|p2a: Koraidon\n|-singleturn|p2a: Koraidon|Protect\n|move|p1b: Chi-Yu|Protect|p1b: Chi-Yu\n|-singleturn|p1b: Chi-Yu|Protect\n|move|p2b: Flutter Mane|Moonblast|p1a: Ho-Oh\n|-resisted|p1a: Ho-Oh\n|-damage|p1a: Ho-Oh|81/100\n|\n|-weather|SunnyDay|[upkeep]\n|upkeep\n|turn|4\n|\n|t:|1767959688\n|switch|p1b: Ogerpon|Ogerpon-Cornerstone, L50, F|39/100\n|move|p2b: Flutter Mane|Shadow Ball|p1a: Ho-Oh\n|-damage|p1a: Ho-Oh|58/100\n|move|p2a: Koraidon|Close Combat|p1b: Ogerpon\n|-supereffective|p1b: Ogerpon\n|-damage|p1b: Ogerpon|0 fnt\n|-unboost|p2a: Koraidon|def|1\n|-unboost|p2a: Koraidon|spd|1\n|faint|p1b: Ogerpon\n|-damage|p2a: Koraidon|6/100|[from] item: Life Orb\n|move|p1a: Ho-Oh|Sacred Fire|p2b: Flutter Mane\n|-enditem|p2b: Flutter Mane|Focus Sash\n|-damage|p2b: Flutter Mane|1/100\n|-status|p2b: Flutter Mane|brn\n|\n|-weather|SunnyDay|[upkeep]\n|-damage|p2b: Flutter Mane|0 fnt|[from] brn\n|faint|p2b: Flutter Mane\n|-end|p2b: Flutter Mane|Protosynthesis|[silent]\n|upkeep\n|\n|t:|1767959700\n|switch|p2b: Lunala|Lunala, L50, shiny|100/100\n|switch|p1b: Zamazenta|Zamazenta-Crowned, L50|100/100\n|-ability|p1b: Zamazenta|Dauntless Shield|boost\n|-boost|p1b: Zamazenta|def|1\n|turn|5\n|inactive|ui89 has 30 seconds left.\n|\n|t:|1767959727\n|move|p1b: Zamazenta|Protect|p1b: Zamazenta\n|-singleturn|p1b: Zamazenta|Protect\n|move|p1a: Ho-Oh|Protect|p1a: Ho-Oh\n|-singleturn|p1a: Ho-Oh|Protect\n|move|p2a: Koraidon|Close Combat|p1b: Zamazenta\n|-activate|p1b: Zamazenta|move: Protect\n|move|p2b: Lunala|Meteor Beam||[still]\n|-prepare|p2b: Lunala|Meteor Beam\n|-boost|p2b: Lunala|spa|1\n|-enditem|p2b: Lunala|Power Herb\n|-anim|p2b: Lunala|Meteor Beam|p1a: Ho-Oh\n|-activate|p1a: Ho-Oh|move: Protect\n|\n|-weather|none\n|upkeep\n|turn|6\n|\n|t:|1767959748\n|move|p2a: Koraidon|Close Combat|p1b: Zamazenta\n|-supereffective|p1b: Zamazenta\n|-damage|p1b: Zamazenta|35/100\n|-unboost|p2a: Koraidon|def|1\n|-unboost|p2a: Koraidon|spd|1\n|-damage|p2a: Koraidon|0 fnt|[from] item: Life Orb\n|faint|p2a: Koraidon\n|move|p1b: Zamazenta|Behemoth Bash|p2b: Lunala\n|-damage|p2b: Lunala|84/100\n|move|p2b: Lunala|Moongeist Beam|p1b: Zamazenta\n|-damage|p1b: Zamazenta|0 fnt\n|faint|p1b: Zamazenta\n|move|p1a: Ho-Oh|Sacred Fire|p2b: Lunala\n|-damage|p2b: Lunala|38/100\n|\n|upkeep\n|\n|t:|1767959759\n|switch|p2a: Chi-Yu|Chi-Yu, L50|100/100\n|switch|p1b: Chi-Yu|Chi-Yu, L50|92/100\n|-ability|p2a: Chi-Yu|Beads of Ruin\n|-ability|p1b: Chi-Yu|Beads of Ruin\n|turn|7\n|inactive|blackred123\u6c38\u96cf\u5854\u83f2\u4fa0 has 30 seconds left.\n|\n|t:|1767959795\n|-terastallize|p2b: Lunala|Water\n|move|p2a: Chi-Yu|Dark Pulse|p1a: Ho-Oh\n|-damage|p1a: Ho-Oh|24/100\n|move|p1b: Chi-Yu|Overheat|p2b: Lunala\n|-resisted|p2b: Lunala\n|-damage|p2b: Lunala|6/100\n|-unboost|p1b: Chi-Yu|spa|2\n|move|p2b: Lunala|Moongeist Beam|p1a: Ho-Oh\n|-damage|p1a: Ho-Oh|0 fnt\n|faint|p1a: Ho-Oh\n|\n|upkeep\n|turn|8\n|\n|t:|1767959811\n|move|p2a: Chi-Yu|Dark Pulse|p1b: Chi-Yu\n|-resisted|p1b: Chi-Yu\n|-damage|p1b: Chi-Yu|67/100\n|move|p1b: Chi-Yu|Snarl|p2b: Lunala|[spread] p2a,p2b\n|-resisted|p2a: Chi-Yu\n|-damage|p2a: Chi-Yu|94/100\n|-damage|p2b: Lunala|0 fnt\n|-unboost|p2a: Chi-Yu|spa|1\n|faint|p2b: Lunala\n|\n|upkeep\n|turn|9\n|\n|t:|1767959821\n|move|p1b: Chi-Yu|Protect|p1b: Chi-Yu\n|-singleturn|p1b: Chi-Yu|Protect\n|move|p2a: Chi-Yu|Dark Pulse|p1b: Chi-Yu\n|-activate|p1b: Chi-Yu|move: Protect\n|\n|upkeep\n|turn|10\n|\n|t:|1767959824\n|move|p2a: Chi-Yu|Dark Pulse|p1b: Chi-Yu\n|-resisted|p1b: Chi-Yu\n|-damage|p1b: Chi-Yu|48/100\n|move|p1b: Chi-Yu|Snarl|p2a: Chi-Yu\n|-resisted|p2a: Chi-Yu\n|-damage|p2a: Chi-Yu|85/100\n|-unboost|p2a: Chi-Yu|spa|1\n|\n|upkeep\n|turn|11\n|l| QAQeee\u5609\u7136\u4fa0\n|\n|t:|1767959837\n|move|p1b: Chi-Yu|Protect|p1b: Chi-Yu\n|-singleturn|p1b: Chi-Yu|Protect\n|move|p2a: Chi-Yu|Dark Pulse|p1b: Chi-Yu\n|-activate|p1b: Chi-Yu|move: Protect\n|\n|upkeep\n|turn|12\n|\n|t:|1767959840\n|move|p2a: Chi-Yu|Dark Pulse|p1b: Chi-Yu\n|-resisted|p1b: Chi-Yu\n|-damage|p1b: Chi-Yu|34/100\n|move|p1b: Chi-Yu|Snarl|p2a: Chi-Yu\n|-resisted|p2a: Chi-Yu\n|-damage|p2a: Chi-Yu|77/100\n|-unboost|p2a: Chi-Yu|spa|1\n|\n|upkeep\n|turn|13\n|\n|t:|1767959845\n|move|p2a: Chi-Yu|Dark Pulse|p1b: Chi-Yu\n|-resisted|p1b: Chi-Yu\n|-damage|p1b: Chi-Yu|23/100\n|move|p1b: Chi-Yu|Snarl|p2a: Chi-Yu\n|-resisted|p2a: Chi-Yu\n|-damage|p2a: Chi-Yu|69/100\n|-unboost|p2a: Chi-Yu|spa|1\n|\n|upkeep\n|turn|14\n|\n|t:|1767959865\n|move|p2a: Chi-Yu|Dark Pulse|p1b: Chi-Yu\n|-resisted|p1b: Chi-Yu\n|-damage|p1b: Chi-Yu|14/100\n|move|p1b: Chi-Yu|Snarl|p2a: Chi-Yu\n|-resisted|p2a: Chi-Yu\n|-damage|p2a: Chi-Yu|60/100\n|-unboost|p2a: Chi-Yu|spa|1\n|\n|upkeep\n|turn|15\n|\n|t:|1767959870\n|move|p2a: Chi-Yu|Dark Pulse|p1b: Chi-Yu\n|-resisted|p1b: Chi-Yu\n|-damage|p1b: Chi-Yu|7/100\n|move|p1b: Chi-Yu|Heat Wave|p2a: Chi-Yu\n|-resisted|p2a: Chi-Yu\n|-damage|p2a: Chi-Yu|47/100\n|\n|upkeep\n|turn|16\n|\n|t:|1767959876\n|move|p2a: Chi-Yu|Dark Pulse|p1b: Chi-Yu\n|-resisted|p1b: Chi-Yu\n|-damage|p1b: Chi-Yu|0 fnt\n|faint|p1b: Chi-Yu\n|\n|win|blackred123\u6c38\u96cf\u5854\u83f2\u4fa0\n|raw|ui89's rating: 1159 &rarr; <strong>1141</strong><br />(-18 for losing)\n|raw|blackred123\u6c38\u96cf\u5854\u83f2\u4fa0's rating: 1262 &rarr; <strong>1280</strong><br />(+18 for winning)\n","uploadtime":1767959887,"views":17,"formatid":"gen9vgc2026regi","rating":1141,"private":0,"password":null}