{"id":"gen9vgc2026regi-2558554317","format":"[Gen 9] VGC 2026 Reg I","players":["D4RKEVA","LowPass"],"log":"|j|\u2606D4RKEVA\n|j|\u2606LowPass\n|t:|1773446888\n|gametype|doubles\n|player|p1|D4RKEVA|266|1204\n|player|p2|LowPass|lance|1318\n|gen|9\n|tier|[Gen 9] VGC 2026 Reg I\n|rated|\n|rule|Species Clause: Limit one of each Pok\u00e9mon\n|rule|Item Clause: Limit 1 of each item\n|clearpoke\n|poke|p1|Raging Bolt, L50|\n|poke|p1|Chien-Pao, L50|\n|poke|p1|Calyrex-Shadow, L50|\n|poke|p1|Rillaboom, L50, F|\n|poke|p1|Amoonguss, L50, M|\n|poke|p1|Zamazenta-*, L50|\n|poke|p2|Lugia, L50|\n|poke|p2|Groudon, L50|\n|poke|p2|Iron Valiant, L50|\n|poke|p2|Incineroar, L50, F|\n|poke|p2|Jumpluff, L50, M|\n|poke|p2|Walking Wake, L50|\n|teampreview|4\n|inactive|Battle timer is ON: inactive players will automatically lose when time's up. (requested by LowPass)\n|l|\u2606D4RKEVA\n|inactive|D4RKEVA disconnected and has a minute to reconnect!\n|player|p1|\n|j|\u2606D4RKEVA\n|inactive|D4RKEVA reconnected and has 60 seconds left.\n|player|p1|D4RKEVA|266|\n|\n|t:|1773446923\n|teamsize|p1|4\n|teamsize|p2|4\n|start\n|switch|p1a: Chien-Pao|Chien-Pao, L50|100/100\n|switch|p1b: Calyrex|Calyrex-Shadow, L50|100/100\n|switch|p2a: Groudon|Groudon, L50, shiny|100/100\n|switch|p2b: Jumpluff|Jumpluff, L50, M|100/100\n|-ability|p1b: Calyrex|As One\n|-ability|p1b: Calyrex|Unnerve\n|-ability|p1a: Chien-Pao|Sword of Ruin\n|-weather|SunnyDay|[from] ability: Drought|[of] p2a: Groudon\n|turn|1\n|\n|t:|1773446937\n|-terastallize|p2a: Groudon|Fire\n|move|p2b: Jumpluff|Tailwind|p2b: Jumpluff\n|-sidestart|p2: LowPass|move: Tailwind\n|move|p2a: Groudon|Precipice Blades|p1b: Calyrex|[spread] p1a,p1b\n|-damage|p1a: Chien-Pao|30/100\n|-damage|p1b: Calyrex|22/100\n|move|p1b: Calyrex|Astral Barrage|p2a: Groudon|[spread] p2a,p2b\n|-damage|p2a: Groudon|70/100\n|-damage|p2b: Jumpluff|44/100\n|move|p1a: Chien-Pao|Ice Spinner|p2b: Jumpluff\n|-supereffective|p2b: Jumpluff\n|-damage|p2b: Jumpluff|0 fnt\n|faint|p2b: Jumpluff\n|-damage|p1a: Chien-Pao|20/100|[from] item: Life Orb\n|\n|-weather|SunnyDay|[upkeep]\n|upkeep\n|\n|t:|1773446948\n|switch|p2b: Lugia|Lugia, L50|100/100\n|turn|2\n|l|\u2606D4RKEVA\n|inactive|D4RKEVA disconnected and has a minute to reconnect!\n|player|p1|\n|j|\u2606D4RKEVA\n|inactive|D4RKEVA reconnected and has 35 seconds left.\n|player|p1|D4RKEVA|266|\n|inactive|D4RKEVA has 30 seconds left.\n|\n|t:|1773446974\n|move|p1b: Calyrex|Protect|p1b: Calyrex\n|-singleturn|p1b: Calyrex|Protect\n|move|p1a: Chien-Pao|Protect|p1a: Chien-Pao\n|-singleturn|p1a: Chien-Pao|Protect\n|move|p2b: Lugia|Calm Mind|p2b: Lugia\n|-boost|p2b: Lugia|spa|1\n|-boost|p2b: Lugia|spd|1\n|move|p2a: Groudon|Precipice Blades|p1a: Chien-Pao|[spread] \n|-activate|p1a: Chien-Pao|move: Protect\n|-activate|p1b: Calyrex|move: Protect\n|\n|-weather|SunnyDay|[upkeep]\n|upkeep\n|turn|3\n|\n|t:|1773446982\n|switch|p1b: Rillaboom|Rillaboom, L50, F|100/100\n|-fieldstart|move: Grassy Terrain|[from] ability: Grassy Surge|[of] p1b: Rillaboom\n|move|p1a: Chien-Pao|Sucker Punch||[still]\n|-fail|p1a: Chien-Pao\n|move|p2b: Lugia|Calm Mind|p2b: Lugia\n|-boost|p2b: Lugia|spa|1\n|-boost|p2b: Lugia|spd|1\n|move|p2a: Groudon|Precipice Blades|p1b: Rillaboom|[spread] p1a,p1b\n|-resisted|p1b: Rillaboom\n|-damage|p1a: Chien-Pao|0 fnt\n|-damage|p1b: Rillaboom|64/100\n|faint|p1a: Chien-Pao\n|\n|-weather|SunnyDay|[upkeep]\n|-heal|p2a: Groudon|75/100|[from] Grassy Terrain\n|-heal|p1b: Rillaboom|70/100|[from] Grassy Terrain\n|upkeep\n|\n|t:|1773446990\n|switch|p1a: Calyrex|Calyrex-Shadow, L50|22/100\n|-ability|p1a: Calyrex|As One\n|-ability|p1a: Calyrex|Unnerve\n|turn|4\n|\n|t:|1773447006\n|move|p1b: Rillaboom|Fake Out|p2a: Groudon\n|-damage|p2a: Groudon|66/100\n|move|p2b: Lugia|Earth Power|p1a: Calyrex\n|-damage|p1a: Calyrex|0 fnt\n|faint|p1a: Calyrex\n|cant|p2a: Groudon|flinch\n|\n|-weather|SunnyDay|[upkeep]\n|-heal|p2a: Groudon|72/100|[from] Grassy Terrain\n|-heal|p1b: Rillaboom|76/100|[from] Grassy Terrain\n|-sideend|p2: LowPass|move: Tailwind\n|upkeep\n|\n|t:|1773447009\n|switch|p1a: Zamazenta|Zamazenta-Crowned, L50|100/100\n|-ability|p1a: Zamazenta|Dauntless Shield|boost\n|-boost|p1a: Zamazenta|def|1\n|turn|5\n|\n|t:|1773447032\n|-terastallize|p1a: Zamazenta|Water\n|move|p1b: Rillaboom|Grassy Glide|p2b: Lugia\n|-resisted|p2b: Lugia\n|-damage|p2b: Lugia|94/100\n|move|p1a: Zamazenta|Body Press|p2a: Groudon\n|-damage|p2a: Groudon|26/100\n|move|p2b: Lugia|Calm Mind|p2b: Lugia\n|-boost|p2b: Lugia|spa|1\n|-boost|p2b: Lugia|spd|1\n|move|p2a: Groudon|Heat Crash|p1b: Rillaboom\n|-supereffective|p1b: Rillaboom\n|-damage|p1b: Rillaboom|0 fnt\n|faint|p1b: Rillaboom\n|\n|-weather|none\n|-heal|p2b: Lugia|100/100|[from] item: Leftovers\n|-heal|p2a: Groudon|31/100|[from] Grassy Terrain\n|upkeep\n|turn|6\n|\n|t:|1773447045\n|move|p1a: Zamazenta|Body Press|p2a: Groudon\n|-damage|p2a: Groudon|0 fnt\n|faint|p2a: Groudon\n|move|p2b: Lugia|Aeroblast|p1a: Zamazenta\n|-crit|p1a: Zamazenta\n|-damage|p1a: Zamazenta|0 fnt\n|faint|p1a: Zamazenta\n|\n|win|LowPass\n|raw|D4RKEVA's rating: 1204 &rarr; <strong>1187</strong><br />(-17 for losing)\n|raw|LowPass's rating: 1318 &rarr; <strong>1332</strong><br />(+14 for winning)\n|l|\u2606D4RKEVA\n|player|p1|\n|l|\u2606LowPass\n|player|p2|\n","uploadtime":1773447233,"views":16,"formatid":"gen9vgc2026regi","rating":1187,"private":0,"password":null}