{"id":"gen9vgc2026regi-2565050989","format":"[Gen 9] VGC 2026 Reg I","players":["vizard103","Rillabossman"],"log":"|j|\u2606vizard103\n|j|\u2606Rillabossman\n|t:|1774223841\n|gametype|doubles\n|player|p1|vizard103|169|1423\n|player|p2|Rillabossman|burglar|1448\n|gen|9\n|tier|[Gen 9] VGC 2026 Reg I\n|rated|\n|rule|Species Clause: Limit one of each Pok\u00e9mon\n|rule|Item Clause: Limit 1 of each item\n|clearpoke\n|poke|p1|Calyrex-Ice, L50|\n|poke|p1|Landorus, L50, M|\n|poke|p1|Kyogre, L50|\n|poke|p1|Pelipper, L50, F|\n|poke|p1|Flutter Mane, L50|\n|poke|p1|Amoonguss, L50, M|\n|poke|p2|Rayquaza, L50|\n|poke|p2|Kyogre, L50|\n|poke|p2|Farigiraf, L50, M|\n|poke|p2|Urshifu-*, L50, M|\n|poke|p2|Incineroar, L50, M|\n|poke|p2|Iron Hands, L50|\n|teampreview|4\n|inactive|Battle timer is ON: inactive players will automatically lose when time's up. (requested by vizard103)\n|c|\u2606Rillabossman|glhf\n|inactive|vizard103 has 60 seconds left.\n|inactive|Rillabossman has 60 seconds left.\n|inactive|vizard103 has 30 seconds left.\n|inactive|vizard103 has 20 seconds left.\n|l|\u2606Rillabossman\n|inactive|Rillabossman disconnected and has a minute to reconnect!\n|player|p2|\n|inactive|vizard103 has 15 seconds left.\n|inactive|vizard103 has 10 seconds left.\n|\n|t:|1774223927\n|teamsize|p1|4\n|teamsize|p2|4\n|start\n|switch|p1a: Calyrex|Calyrex-Ice, L50|100/100\n|switch|p1b: Pelipper|Pelipper, L50, F|100/100\n|switch|p2a: Urshifu|Urshifu-Rapid-Strike, L50, M|100/100\n|switch|p2b: Iron Hands|Iron Hands, L50|100/100\n|-ability|p1a: Calyrex|As One\n|-ability|p1a: Calyrex|Unnerve\n|-weather|RainDance|[from] ability: Drizzle|[of] p1b: Pelipper\n|turn|1\n|inactive|vizard103 has 30 seconds left.\n|inactive|Rillabossman has 30 seconds left.\n|inactive|Rillabossman has 20 seconds left.\n|inactive|Rillabossman has 15 seconds left.\n|inactive|Rillabossman has 10 seconds left.\n|inactive|Rillabossman has 5 seconds left.\n|j|\u2606Rillabossman\n|inactive|Rillabossman reconnected and has 5 seconds left.\n|player|p2|Rillabossman|burglar|\n|\n|t:|1774223982\n|switch|p1a: Amoonguss|Amoonguss, L50, M|100/100\n|-terastallize|p1b: Pelipper|Grass\n|move|p2b: Iron Hands|Fake Out|p1b: Pelipper\n|-damage|p1b: Pelipper|81/100\n|move|p2a: Urshifu|Surging Strikes|p1a: Amoonguss\n|-resisted|p1a: Amoonguss\n|-crit|p1a: Amoonguss\n|-damage|p1a: Amoonguss|84/100\n|-damage|p2a: Urshifu|84/100|[from] item: Rocky Helmet|[of] p1a: Amoonguss\n|-resisted|p1a: Amoonguss\n|-crit|p1a: Amoonguss\n|-damage|p1a: Amoonguss|69/100\n|-damage|p2a: Urshifu|68/100|[from] item: Rocky Helmet|[of] p1a: Amoonguss\n|-resisted|p1a: Amoonguss\n|-crit|p1a: Amoonguss\n|-damage|p1a: Amoonguss|55/100\n|-damage|p2a: Urshifu|51/100|[from] item: Rocky Helmet|[of] p1a: Amoonguss\n|-hitcount|p1a: Amoonguss|3\n|cant|p1b: Pelipper|flinch\n|\n|-weather|RainDance|[upkeep]\n|upkeep\n|turn|2\n|inactive|vizard103 has 30 seconds left.\n|inactive|Rillabossman has 30 seconds left.\n|inactive|Rillabossman has 20 seconds left.\n|\n|t:|1774224020\n|-terastallize|p2a: Urshifu|Water\n|move|p2a: Urshifu|Surging Strikes|p1a: Amoonguss\n|-resisted|p1a: Amoonguss\n|-crit|p1a: Amoonguss\n|-damage|p1a: Amoonguss|35/100\n|-damage|p2a: Urshifu|35/100|[from] item: Rocky Helmet|[of] p1a: Amoonguss\n|-resisted|p1a: Amoonguss\n|-crit|p1a: Amoonguss\n|-damage|p1a: Amoonguss|15/100\n|-damage|p2a: Urshifu|18/100|[from] item: Rocky Helmet|[of] p1a: Amoonguss\n|-resisted|p1a: Amoonguss\n|-crit|p1a: Amoonguss\n|-damage|p1a: Amoonguss|0 fnt\n|-damage|p2a: Urshifu|2/100|[from] item: Rocky Helmet|[of] p1a: Amoonguss\n|faint|p1a: Amoonguss\n|-hitcount|p1: Amoonguss|3\n|move|p1b: Pelipper|Tailwind|p1b: Pelipper\n|-sidestart|p1: vizard103|move: Tailwind\n|move|p2b: Iron Hands|Drain Punch|p1b: Pelipper\n|-damage|p1b: Pelipper|21/100\n|\n|-weather|RainDance|[upkeep]\n|upkeep\n|\n|t:|1774224039\n|switch|p1a: Kyogre|Kyogre, L50|100/100\n|turn|3\n|\n|t:|1774224053\n|switch|p2a: Rayquaza|Rayquaza, L50|100/100\n|-ability|p2a: Rayquaza|Air Lock\n|move|p1b: Pelipper|Hurricane|p2b: Iron Hands\n|-damage|p2b: Iron Hands|82/100\n|move|p1a: Kyogre|Water Spout|p2b: Iron Hands|[spread] p2a,p2b\n|-resisted|p2a: Rayquaza\n|-damage|p2a: Rayquaza|61/100\n|-damage|p2b: Iron Hands|40/100\n|move|p2b: Iron Hands|Wild Charge|p1a: Kyogre\n|-supereffective|p1a: Kyogre\n|-damage|p1a: Kyogre|10/100\n|-damage|p2b: Iron Hands|21/100|[from] Recoil\n|\n|-weather|RainDance|[upkeep]\n|upkeep\n|turn|4\n|inactive|vizard103 has 30 seconds left.\n|\n|t:|1774224081\n|switch|p1b: Calyrex|Calyrex-Ice, L50|100/100\n|-ability|p1b: Calyrex|As One\n|-ability|p1b: Calyrex|Unnerve\n|move|p2a: Rayquaza|Extreme Speed|p1a: Kyogre\n|-damage|p1a: Kyogre|0 fnt\n|faint|p1a: Kyogre\n|move|p2b: Iron Hands|Drain Punch|p1b: Calyrex\n|-damage|p1b: Calyrex|72/100\n|-heal|p2b: Iron Hands|32/100|[from] drain|[of] p1b: Calyrex\n|\n|-weather|RainDance|[upkeep]\n|upkeep\n|\n|t:|1774224093\n|switch|p1a: Pelipper|Pelipper, L50, F, tera:Grass|21/100\n|turn|5\n|\n|t:|1774224115\n|move|p1a: Pelipper|Protect|p1a: Pelipper\n|-singleturn|p1a: Pelipper|Protect\n|move|p2a: Rayquaza|Extreme Speed|p1a: Pelipper\n|-activate|p1a: Pelipper|move: Protect\n|move|p1b: Calyrex|Glacial Lance|p2b: Iron Hands|[spread] p2a,p2b\n|-supereffective|p2a: Rayquaza\n|-damage|p2a: Rayquaza|0 fnt\n|-damage|p2b: Iron Hands|0 fnt\n|faint|p2a: Rayquaza\n|faint|p2b: Iron Hands\n|-end|p2b: Iron Hands|Quark Drive|[silent]\n|-ability|p1b: Calyrex|Chilling Neigh|boost\n|-boost|p1b: Calyrex|atk|2\n|\n|-weather|none\n|-sideend|p1: vizard103|move: Tailwind\n|upkeep\n|\n|t:|1774224117\n|switch|p2a: Kyogre|Kyogre, L50|100/100\n|switch|p2b: Urshifu|Urshifu-Rapid-Strike, L50, M, tera:Water|2/100\n|-weather|RainDance|[from] ability: Drizzle|[of] p2a: Kyogre\n|turn|6\n|inactive|vizard103 has 30 seconds left.\n|\n|t:|1774224143\n|move|p1a: Pelipper|Wide Guard|p1a: Pelipper\n|-singleturn|p1a: Pelipper|Wide Guard\n|move|p2b: Urshifu|Surging Strikes|p1b: Calyrex\n|-crit|p1b: Calyrex\n|-damage|p1b: Calyrex|45/100\n|-crit|p1b: Calyrex\n|-damage|p1b: Calyrex|17/100\n|-crit|p1b: Calyrex\n|-damage|p1b: Calyrex|0 fnt\n|faint|p1b: Calyrex\n|-hitcount|p1: Calyrex|3\n|move|p2a: Kyogre|Hydro Pump|p1a: Pelipper\n|-resisted|p1a: Pelipper\n|-damage|p1a: Pelipper|0 fnt\n|faint|p1a: Pelipper\n|\n|win|Rillabossman\n|raw|vizard103's rating: 1423 &rarr; <strong>1403</strong><br />(-20 for losing)\n|raw|Rillabossman's rating: 1425 &rarr; <strong>1445</strong><br />(+20 for winning)\n|c|\u2606Rillabossman|gg\n|c|\u2606vizard103|gg\n","uploadtime":1774224165,"views":42,"formatid":"gen9vgc2026regi","rating":1403,"private":0,"password":null}