{"id":"gen9vgc2026regi-2572371238","format":"[Gen 9] VGC 2026 Reg I","players":["jerry rivera","navinsachump"],"log":"|j|\u2606jerry rivera\n|j|\u2606navinsachump\n|t:|1775014757\n|gametype|doubles\n|player|p1|jerry rivera|silver|1562\n|player|p2|navinsachump|1|1480\n|gen|9\n|tier|[Gen 9] VGC 2026 Reg I\n|rated|\n|rule|Species Clause: Limit one of each Pok\u00e9mon\n|rule|Item Clause: Limit 1 of each item\n|clearpoke\n|poke|p1|Kyogre, L50|\n|poke|p1|Zacian-*, L50|\n|poke|p1|Tornadus, L50, M|\n|poke|p1|Amoonguss, L50, F|\n|poke|p1|Urshifu-*, L50, F|\n|poke|p1|Ditto, L50|\n|poke|p2|Calyrex-Ice, L50|\n|poke|p2|Miraidon, L50|\n|poke|p2|Incineroar, L50, F|\n|poke|p2|Landorus, L50, M|\n|poke|p2|Whimsicott, L50, F|\n|poke|p2|Urshifu-*, L50, F|\n|teampreview|4\n|inactive|Battle timer is ON: inactive players will automatically lose when time's up. (requested by navinsachump)\n|inactive|jerry rivera has 60 seconds left.\n|\n|t:|1775014821\n|teamsize|p1|4\n|teamsize|p2|4\n|start\n|switch|p1a: Tornadus|Tornadus, L50, M|100/100\n|switch|p1b: Kyogre|Kyogre, L50|100/100\n|switch|p2a: Calyrex|Calyrex-Ice, L50|100/100\n|switch|p2b: Miraidon|Miraidon, L50|100/100\n|-ability|p2a: Calyrex|As One\n|-ability|p2a: Calyrex|Unnerve\n|-fieldstart|move: Electric Terrain|[from] ability: Hadron Engine|[of] p2b: Miraidon\n|-weather|RainDance|[from] ability: Drizzle|[of] p1b: Kyogre\n|turn|1\n|\n|t:|1775014831\n|-terastallize|p1b: Kyogre|Ghost\n|move|p2a: Calyrex|Protect|p2a: Calyrex\n|-singleturn|p2a: Calyrex|Protect\n|move|p1a: Tornadus|Tailwind|p1a: Tornadus\n|-sidestart|p1: jerry rivera|move: Tailwind\n|move|p1b: Kyogre|Water Spout|p2b: Miraidon|[spread] p2b\n|-activate|p2a: Calyrex|move: Protect\n|-resisted|p2b: Miraidon\n|-damage|p2b: Miraidon|57/100\n|move|p2b: Miraidon|Volt Switch|p1b: Kyogre\n|-damage|p1b: Kyogre|52/100\n|\n|t:|1775014842\n|switch|p2b: Urshifu|Urshifu-Rapid-Strike, L50, F|100/100|[from] Volt Switch\n|\n|-weather|RainDance|[upkeep]\n|upkeep\n|turn|2\n|\n|t:|1775014856\n|-terastallize|p2b: Urshifu|Water\n|move|p2b: Urshifu|Aqua Jet|p1b: Kyogre\n|-damage|p1b: Kyogre|0 fnt\n|faint|p1b: Kyogre\n|move|p1a: Tornadus|Bleakwind Storm|p2b: Urshifu|[spread] p2a,p2b\n|-damage|p2a: Calyrex|75/100\n|-damage|p2b: Urshifu|49/100\n|move|p2a: Calyrex|Glacial Lance|p1a: Tornadus\n|-supereffective|p1a: Tornadus\n|-enditem|p1a: Tornadus|Focus Sash\n|-damage|p1a: Tornadus|1/100\n|\n|-weather|RainDance|[upkeep]\n|upkeep\n|j| jiuhaili\n|\n|t:|1775014878\n|switch|p1b: Zacian|Zacian-Crowned, L50|100/100\n|-ability|p1b: Zacian|Intrepid Sword|boost\n|-boost|p1b: Zacian|atk|1\n|turn|3\n|\n|t:|1775014895\n|switch|p1a: Ditto|Ditto, L50|100/100\n|-transform|p1a: Ditto|p2b: Urshifu|[from] ability: Imposter\n|switch|p2a: Incineroar|Incineroar, L50, F|100/100\n|-ability|p2a: Incineroar|Intimidate|boost\n|-unboost|p1a: Ditto|atk|1\n|-unboost|p1b: Zacian|atk|1\n|move|p2b: Urshifu|Aqua Jet|p1a: Ditto\n|-resisted|p1a: Ditto\n|-damage|p1a: Ditto|66/100\n|-enditem|p1a: Ditto|Red Card|[of] p2b: Urshifu\n|drag|p2b: Miraidon|Miraidon, L50|57/100\n|-activate|p2b: Miraidon|ability: Hadron Engine\n|move|p1b: Zacian|Behemoth Blade|p2a: Incineroar\n|-resisted|p2a: Incineroar\n|-damage|p2a: Incineroar|77/100\n|-damage|p1b: Zacian|84/100|[from] item: Rocky Helmet|[of] p2a: Incineroar\n|\n|-weather|RainDance|[upkeep]\n|upkeep\n|-start|p1a: Ditto|typechange|Fighting/Water|[silent]\n|turn|4\n|\n|t:|1775014920\n|move|p2a: Incineroar|Fake Out|p1b: Zacian\n|-resisted|p1b: Zacian\n|-damage|p1b: Zacian|79/100\n|cant|p1b: Zacian|flinch\n|move|p1a: Ditto|Surging Strikes|p2b: Miraidon\n|-resisted|p2b: Miraidon\n|-crit|p2b: Miraidon\n|-damage|p2b: Miraidon|44/100\n|-resisted|p2b: Miraidon\n|-crit|p2b: Miraidon\n|-damage|p2b: Miraidon|29/100\n|-resisted|p2b: Miraidon\n|-crit|p2b: Miraidon\n|-damage|p2b: Miraidon|15/100\n|-hitcount|p2b: Miraidon|3\n|move|p2b: Miraidon|Volt Switch|p1a: Ditto\n|-supereffective|p1a: Ditto\n|-damage|p1a: Ditto|0 fnt\n|faint|p1a: Ditto\n|\n|t:|1775014933\n|switch|p2b: Calyrex|Calyrex-Ice, L50|75/100|[from] Volt Switch\n|-ability|p2b: Calyrex|As One\n|-ability|p2b: Calyrex|Unnerve\n|\n|-weather|RainDance|[upkeep]\n|-sideend|p1: jerry rivera|move: Tailwind\n|upkeep\n|\n|t:|1775014947\n|switch|p1a: Tornadus|Tornadus, L50, M|1/100\n|turn|5\n|\n|t:|1775014952\n|move|p2b: Calyrex|Protect|p2b: Calyrex\n|-singleturn|p2b: Calyrex|Protect\n|move|p1b: Zacian|Behemoth Blade|p2b: Calyrex\n|-activate|p2b: Calyrex|move: Protect\n|move|p1a: Tornadus|Bleakwind Storm|p2b: Calyrex|[spread] p2a\n|-activate|p2b: Calyrex|move: Protect\n|-damage|p2a: Incineroar|46/100\n|move|p2a: Incineroar|Parting Shot|p1b: Zacian\n|-unboost|p1b: Zacian|atk|1\n|-unboost|p1b: Zacian|spa|1\n|\n|t:|1775014958\n|switch|p2a: Miraidon|Miraidon, L50|15/100|[from] Parting Shot\n|-activate|p2a: Miraidon|ability: Hadron Engine\n|\n|-weather|none\n|-fieldend|move: Electric Terrain\n|upkeep\n|turn|6\n|inactive|jerry rivera has 30 seconds left.\n|inactive|jerry rivera has 20 seconds left.\n|inactive|jerry rivera has 15 seconds left.\n|inactive|jerry rivera has 10 seconds left.\n|inactive|jerry rivera has 5 seconds left.\n|\n|t:|1775015013\n|move|p1b: Zacian|Behemoth Blade|p2b: Calyrex\n|-supereffective|p2b: Calyrex\n|-damage|p2b: Calyrex|23/100\n|move|p2a: Miraidon|Dazzling Gleam|p1a: Tornadus|[spread] p1a,p1b\n|-resisted|p1b: Zacian\n|-damage|p1a: Tornadus|0 fnt\n|-damage|p1b: Zacian|68/100\n|faint|p1a: Tornadus\n|move|p2b: Calyrex|Glacial Lance|p1b: Zacian\n|-resisted|p1b: Zacian\n|-damage|p1b: Zacian|31/100\n|\n|upkeep\n|turn|7\n|-message|jerry rivera forfeited.\n|\n|win|navinsachump\n|raw|jerry rivera's rating: 1562 &rarr; <strong>1537</strong><br />(-25 for losing)\n|raw|navinsachump's rating: 1480 &rarr; <strong>1505</strong><br />(+25 for winning)\n|l|\u2606jerry rivera\n|player|p1|\n|l|\u2606navinsachump\n|player|p2|\n","uploadtime":1775015026,"views":14,"formatid":"gen9vgc2026regi","rating":1505,"private":0,"password":null}