{"id":"gen9vgc2026regi-2519507346","format":"[Gen 9] VGC 2026 Reg I","players":["marcxhenry","alxback"],"log":"|j|\u2606marcxhenry\n|j|\u2606alxback\n|t:|1768512420\n|gametype|doubles\n|player|p1|marcxhenry|hilbert-wonderlauncher|1359\n|player|p2|alxback|swimmer|1279\n|gen|9\n|tier|[Gen 9] VGC 2026 Reg I\n|rated|\n|rule|Species Clause: Limit one of each Pok\u00e9mon\n|rule|Item Clause: Limit 1 of each item\n|clearpoke\n|poke|p1|Calyrex-Shadow, L50|\n|poke|p1|Urshifu-*, L50, M|\n|poke|p1|Roaring Moon, L50|\n|poke|p1|Kyogre, L50|\n|poke|p1|Tsareena, L50, F|\n|poke|p1|Kingambit, L50, M|\n|poke|p2|Lilligant, L50, F|\n|poke|p2|Groudon, L50|\n|poke|p2|Miraidon, L50|\n|poke|p2|Grimmsnarl, L50, M|\n|poke|p2|Sableye, L50, M|\n|poke|p2|Pachirisu, L50, F|\n|teampreview|4\n|inactive|Battle timer is ON: inactive players will automatically lose when time's up. (requested by alxback)\n|c|\u2606alxback|ah you again\n|inactive|marcxhenry has 60 seconds left.\n|inactive|alxback has 60 seconds left.\n|c|\u2606marcxhenry|but u changed\n|c|\u2606alxback|it's a test team\n|inactive|marcxhenry has 30 seconds left.\n|c|\u2606alxback|walking wake doesn't contribute much i think\n|c|\u2606alxback|any advice for this team tho?\n|inactive|marcxhenry has 20 seconds left.\n|\n|t:|1768512494\n|teamsize|p1|4\n|teamsize|p2|4\n|start\n|switch|p1a: Ludwig|Calyrex-Shadow, L50|100/100\n|switch|p1b: Eva|Tsareena, L50, F, shiny|100/100\n|switch|p2a: Pachirisu|Pachirisu, L50, F|100/100\n|switch|p2b: Miraidon|Miraidon, L50|100/100\n|-ability|p1a: Ludwig|As One\n|-ability|p1a: Ludwig|Unnerve\n|-fieldstart|move: Electric Terrain|[from] ability: Hadron Engine|[of] p2b: Miraidon\n|turn|1\n|\n|t:|1768512510\n|move|p1a: Ludwig|Protect|p1a: Ludwig\n|-singleturn|p1a: Ludwig|Protect\n|move|p2a: Pachirisu|Follow Me|p2a: Pachirisu\n|-singleturn|p2a: Pachirisu|move: Follow Me\n|move|p2b: Miraidon|Calm Mind|p2b: Miraidon\n|-boost|p2b: Miraidon|spa|1\n|-boost|p2b: Miraidon|spd|1\n|move|p1b: Eva|Triple Axel|p2a: Pachirisu\n|-damage|p2a: Pachirisu|93/100\n|-damage|p1b: Eva|84/100|[from] item: Rocky Helmet|[of] p2a: Pachirisu\n|-damage|p2a: Pachirisu|78/100\n|-damage|p1b: Eva|67/100|[from] item: Rocky Helmet|[of] p2a: Pachirisu\n|-damage|p2a: Pachirisu|57/100\n|-damage|p1b: Eva|51/100|[from] item: Rocky Helmet|[of] p2a: Pachirisu\n|-hitcount|p2a: Pachirisu|3\n|\n|upkeep\n|turn|2\n|inactive|alxback has 30 seconds left.\n|inactive|alxback has 20 seconds left.\n|\n|t:|1768512548\n|move|p2a: Pachirisu|Helping Hand|p2b: Miraidon\n|-singleturn|p2b: Miraidon|Helping Hand|[of] p2a: Pachirisu\n|move|p1a: Ludwig|Astral Barrage|p2a: Pachirisu|[spread] p2a,p2b\n|-crit|p2a: Pachirisu\n|-crit|p2b: Miraidon\n|-damage|p2a: Pachirisu|0 fnt\n|-damage|p2b: Miraidon|32/100\n|faint|p2a: Pachirisu\n|-ability|p1a: Ludwig|Grim Neigh|boost\n|-boost|p1a: Ludwig|spa|1\n|move|p2b: Miraidon|Parabolic Charge|p1a: Ludwig|[spread] p1a,p1b\n|-resisted|p1b: Eva\n|-enditem|p1a: Ludwig|Focus Sash\n|-damage|p1a: Ludwig|1/100\n|-heal|p2b: Miraidon|74/100|[from] drain|[of] p1a: Ludwig\n|-damage|p1b: Eva|0 fnt\n|-heal|p2b: Miraidon|94/100|[from] drain|[of] p1b: Eva\n|faint|p1b: Eva\n|\n|upkeep\n|\n|t:|1768512567\n|switch|p2a: Grimmsnarl|Grimmsnarl, L50, M|100/100\n|switch|p1b: Roter Baron|Roaring Moon, L50, shiny|100/100\n|-enditem|p1b: Roter Baron|Booster Energy\n|-activate|p1b: Roter Baron|ability: Protosynthesis|[fromitem]\n|-start|p1b: Roter Baron|protosynthesisspe\n|turn|3\n|\n|t:|1768512586\n|-terastallize|p1b: Roter Baron|Flying\n|move|p2a: Grimmsnarl|Thunder Wave|p1a: Ludwig\n|-status|p1a: Ludwig|par\n|move|p1b: Roter Baron|Acrobatics|p2b: Miraidon\n|-resisted|p2b: Miraidon\n|-damage|p2b: Miraidon|69/100\n|move|p2b: Miraidon|Parabolic Charge|p1b: Roter Baron|[spread] p2a,p1a,p1b\n|-supereffective|p1b: Roter Baron\n|-damage|p2a: Grimmsnarl|38/100\n|-heal|p2b: Miraidon|99/100|[from] drain|[of] p2a: Grimmsnarl\n|-damage|p1a: Ludwig|0 fnt\n|-heal|p2b: Miraidon|100/100|[from] drain|[of] p1a: Ludwig\n|-damage|p1b: Roter Baron|0 fnt\n|faint|p1a: Ludwig\n|faint|p1b: Roter Baron\n|-end|p1b: Roter Baron|Protosynthesis|[silent]\n|\n|upkeep\n|\n|t:|1768512602\n|switch|p1b: Tripitz|Kyogre, L50, shiny|100/100\n|-weather|RainDance|[from] ability: Drizzle|[of] p1b: Tripitz\n|turn|4\n|\n|t:|1768512612\n|move|p2a: Grimmsnarl|Parting Shot|p1b: Tripitz\n|-unboost|p1b: Tripitz|atk|1\n|-unboost|p1b: Tripitz|spa|1\n|\n|t:|1768512615\n|switch|p2a: Groudon|Groudon, L50|100/100|[from] Parting Shot\n|-weather|SunnyDay|[from] ability: Drought|[of] p2a: Groudon\n|move|p2b: Miraidon|Parabolic Charge|p1b: Tripitz|[spread] p1b\n|-immune|p2a: Groudon\n|-supereffective|p1b: Tripitz\n|-damage|p1b: Tripitz|5/100\n|move|p1b: Tripitz|Water Spout|p2a: Groudon|[spread] p2a,p2b\n|-supereffective|p2a: Groudon\n|-resisted|p2b: Miraidon\n|-damage|p2a: Groudon|99/100\n|-damage|p2b: Miraidon|99/100\n|\n|-weather|SunnyDay|[upkeep]\n|upkeep\n|turn|5\n|c|\u2606alxback|gg\n|c|\u2606marcxhenry|no need for that mate\n|\n|t:|1768512639\n|move|p2b: Miraidon|Parabolic Charge|p1b: Tripitz|[spread] p1b\n|-immune|p2a: Groudon\n|-supereffective|p1b: Tripitz\n|-damage|p1b: Tripitz|0 fnt\n|-heal|p2b: Miraidon|100/100|[from] drain|[of] p1b: Tripitz\n|faint|p1b: Tripitz\n|\n|win|alxback\n|raw|marcxhenry's rating: 1359 &rarr; <strong>1334</strong><br />(-25 for losing)\n|raw|alxback's rating: 1279 &rarr; <strong>1310</strong><br />(+31 for winning)\n|c|\u2606alxback|ok\n|l|\u2606alxback\n|player|p2|\n|l|\u2606marcxhenry\n|player|p1|\n","uploadtime":1768512883,"views":11,"formatid":"gen9vgc2026regi","rating":1310,"private":0,"password":null}