{"id":"gen9vgc2026regi-2535482651","format":"[Gen 9] VGC 2026 Reg I","players":["lalo's pollos","Gojirafanboy1"],"log":"|j|\u2606lalo's pollos\n|j|\u2606Gojirafanboy1\n|t:|1770573097\n|gametype|doubles\n|player|p1|lalo's pollos|169|1417\n|player|p2|Gojirafanboy1|101|1317\n|gen|9\n|tier|[Gen 9] VGC 2026 Reg I\n|rated|\n|rule|Species Clause: Limit one of each Pok\u00e9mon\n|rule|Item Clause: Limit 1 of each item\n|clearpoke\n|poke|p1|Zamazenta-*, L50|\n|poke|p1|Lunala, L50|\n|poke|p1|Rillaboom, L50, F|\n|poke|p1|Incineroar, L50, F|\n|poke|p1|Urshifu-*, L50, M|\n|poke|p1|Tornadus, L50, M|\n|poke|p2|Koraidon, L50|\n|poke|p2|Calyrex-Shadow, L50|\n|poke|p2|Gothitelle, L50, M|\n|poke|p2|Scream Tail, L50|\n|poke|p2|Amoonguss, L50, F|\n|poke|p2|Incineroar, L50, F|\n|teampreview|4\n|inactive|Battle timer is ON: inactive players will automatically lose when time's up. (requested by Gojirafanboy1)\n|\n|t:|1770573110\n|teamsize|p1|4\n|teamsize|p2|4\n|start\n|switch|p1a: Tornadus|Tornadus, L50, M|100/100\n|switch|p1b: Incineroar|Incineroar, L50, F|100/100\n|switch|p2a: Calyrex|Calyrex-Shadow, L50|100/100\n|switch|p2b: Incineroar|Incineroar, L50, F|100/100\n|-ability|p2a: Calyrex|As One\n|-ability|p2a: Calyrex|Unnerve\n|-ability|p1b: Incineroar|Intimidate|boost\n|-unboost|p2a: Calyrex|atk|1\n|-unboost|p2b: Incineroar|atk|1\n|-ability|p2b: Incineroar|Intimidate|boost\n|-unboost|p1a: Tornadus|atk|1\n|-unboost|p1b: Incineroar|atk|1\n|turn|1\n|\n|t:|1770573126\n|move|p2b: Incineroar|Fake Out|p1b: Incineroar\n|-damage|p1b: Incineroar|94/100\n|move|p2a: Calyrex|Psychic|p1a: Tornadus\n|-damage|p1a: Tornadus|17/100\n|move|p1a: Tornadus|Bleakwind Storm|p2a: Calyrex|[spread] p2b\n|-miss|p1a: Tornadus|p2a: Calyrex\n|-damage|p2b: Incineroar|73/100\n|cant|p1b: Incineroar|flinch\n|\n|upkeep\n|turn|2\n|\n|t:|1770573140\n|move|p2a: Calyrex|Protect|p2a: Calyrex\n|-singleturn|p2a: Calyrex|Protect\n|move|p1a: Tornadus|Tailwind|p1a: Tornadus\n|-sidestart|p1: lalo's pollos|move: Tailwind\n|move|p1b: Incineroar|Parting Shot|p2a: Calyrex\n|-activate|p2a: Calyrex|move: Protect\n|move|p2b: Incineroar|Flare Blitz|p1a: Tornadus\n|-damage|p1a: Tornadus|0 fnt\n|faint|p1a: Tornadus\n|-damage|p2b: Incineroar|69/100|[from] Recoil\n|\n|upkeep\n|\n|t:|1770573144\n|switch|p1a: Lunala|Lunala, L50|100/100\n|turn|3\n|\n|t:|1770573159\n|switch|p2a: Amoonguss|Amoonguss, L50, F|100/100\n|-terastallize|p1a: Lunala|Fairy\n|move|p2b: Incineroar|Protect|p2b: Incineroar\n|-singleturn|p2b: Incineroar|Protect\n|move|p1a: Lunala|Calm Mind|p1a: Lunala\n|-boost|p1a: Lunala|spa|1\n|-boost|p1a: Lunala|spd|1\n|move|p1b: Incineroar|Parting Shot|p2a: Amoonguss\n|-unboost|p2a: Amoonguss|atk|1\n|-unboost|p2a: Amoonguss|spa|1\n|\n|t:|1770573169\n|switch|p1b: Zamazenta|Zamazenta-Crowned, L50|100/100|[from] Parting Shot\n|-ability|p1b: Zamazenta|Dauntless Shield|boost\n|-boost|p1b: Zamazenta|def|1\n|\n|upkeep\n|turn|4\n|\n|t:|1770573182\n|switch|p2b: Calyrex|Calyrex-Shadow, L50|100/100\n|-ability|p2b: Calyrex|As One\n|-ability|p2b: Calyrex|Unnerve\n|move|p1b: Zamazenta|Heavy Slam|p2a: Amoonguss\n|-damage|p2a: Amoonguss|55/100\n|move|p1a: Lunala|Moongeist Beam|p2a: Amoonguss\n|-damage|p2a: Amoonguss|0 fnt\n|faint|p2a: Amoonguss\n|\n|upkeep\n|\n|t:|1770573196\n|switch|p2a: Incineroar|Incineroar, L50, F|69/100\n|-ability|p2a: Incineroar|Intimidate|boost\n|-unboost|p1a: Lunala|atk|1\n|-unboost|p1b: Zamazenta|atk|1\n|turn|5\n|\n|t:|1770573205\n|move|p1b: Zamazenta|Wide Guard|p1b: Zamazenta\n|-singleturn|p1b: Zamazenta|Wide Guard\n|move|p2a: Incineroar|Fake Out|p1a: Lunala\n|-damage|p1a: Lunala|96/100\n|cant|p1a: Lunala|flinch\n|move|p2b: Calyrex|Psychic|p1b: Zamazenta\n|-damage|p1b: Zamazenta|62/100\n|\n|-heal|p1a: Lunala|100/100|[from] item: Leftovers\n|-sideend|p1: lalo's pollos|move: Tailwind\n|upkeep\n|turn|6\n|\n|t:|1770573225\n|-terastallize|p2b: Calyrex|Normal\n|move|p2b: Calyrex|Disable|p1b: Zamazenta\n|-start|p1b: Zamazenta|Disable|Wide Guard\n|move|p1b: Zamazenta|Heavy Slam|p2b: Calyrex\n|-damage|p2b: Calyrex|61/100\n|move|p1a: Lunala|Moonblast|p2b: Calyrex\n|-damage|p2b: Calyrex|0 fnt\n|faint|p2b: Calyrex\n|move|p2a: Incineroar|Flare Blitz|p1a: Lunala\n|-damage|p1a: Lunala|80/100\n|-damage|p2a: Incineroar|61/100|[from] Recoil\n|\n|-heal|p1a: Lunala|86/100|[from] item: Leftovers\n|upkeep\n|-message|Gojirafanboy1 forfeited.\n|\n|win|lalo's pollos\n|raw|lalo&apos;s pollos's rating: 1417 &rarr; <strong>1431</strong><br />(+14 for winning)\n|raw|Gojirafanboy1's rating: 1317 &rarr; <strong>1303</strong><br />(-14 for losing)\n|l|\u2606Gojirafanboy1\n|player|p2|\n","uploadtime":1770573791,"views":12,"formatid":"gen9vgc2026regi","rating":1303,"private":0,"password":null}