{"id":"gen9vgc2026regi-2568504418","format":"[Gen 9] VGC 2026 Reg I","players":["proeoaw","XxxInnovationxxX"],"log":"|j|\u2606proeoaw\n|j|\u2606XxxInnovationxxX\n|t:|1774586863\n|gametype|doubles\n|player|p1|proeoaw|hugh|1161\n|player|p2|XxxInnovationxxX|2|1283\n|gen|9\n|tier|[Gen 9] VGC 2026 Reg I\n|rated|\n|rule|Species Clause: Limit one of each Pok\u00e9mon\n|rule|Item Clause: Limit 1 of each item\n|clearpoke\n|poke|p1|Crawdaunt, L50, M|\n|poke|p1|Flutter Mane, L50|\n|poke|p1|Kyogre, L50|\n|poke|p1|Pelipper, L50, M|\n|poke|p1|Urshifu-*, L50, M|\n|poke|p1|Raichu, L50, F|\n|poke|p2|Whimsicott, L50, F|\n|poke|p2|Koraidon, L50|\n|poke|p2|Gouging Fire, L50|\n|poke|p2|Urshifu-*, L50, M|\n|poke|p2|Indeedee-F, L50, F|\n|poke|p2|Calyrex-Shadow, L50|\n|teampreview|4\n|inactive|Battle timer is ON: inactive players will automatically lose when time's up. (requested by proeoaw)\n|inactive|XxxInnovationxxX has 60 seconds left.\n|inactive|XxxInnovationxxX has 30 seconds left.\n|inactive|XxxInnovationxxX has 20 seconds left.\n|inactive|XxxInnovationxxX has 15 seconds left.\n|\n|t:|1774586951\n|teamsize|p1|4\n|teamsize|p2|4\n|start\n|switch|p1a: Flutter Mane|Flutter Mane, L50|100/100\n|switch|p1b: Kyogre|Kyogre, L50|100/100\n|switch|p2a: Whimsicott|Whimsicott, L50, F|100/100\n|switch|p2b: Koraidon|Koraidon, L50|100/100\n|-weather|SunnyDay|[from] ability: Orichalcum Pulse|[of] p2b: Koraidon\n|-activate|p1a: Flutter Mane|ability: Protosynthesis\n|-start|p1a: Flutter Mane|protosynthesisspe\n|-activate|p2b: Koraidon|Orichalcum Pulse|[source]\n|-weather|RainDance|[from] ability: Drizzle|[of] p1b: Kyogre\n|-end|p1a: Flutter Mane|Protosynthesis\n|-enditem|p1a: Flutter Mane|Booster Energy\n|-activate|p1a: Flutter Mane|ability: Protosynthesis|[fromitem]\n|-start|p1a: Flutter Mane|protosynthesisspe\n|turn|1\n|inactive|XxxInnovationxxX has 30 seconds left.\n|inactive|XxxInnovationxxX has 20 seconds left.\n|\n|t:|1774586989\n|-terastallize|p2b: Koraidon|Fire\n|move|p2a: Whimsicott|Sunny Day|p2a: Whimsicott\n|-weather|SunnyDay\n|move|p1a: Flutter Mane|Dazzling Gleam|p2a: Whimsicott|[spread] p2a,p2b\n|-resisted|p2b: Koraidon\n|-damage|p2a: Whimsicott|43/100\n|-damage|p2b: Koraidon|83/100\n|move|p2b: Koraidon|Collision Course|p1b: Kyogre\n|-damage|p1b: Kyogre|34/100\n|move|p1b: Kyogre|Ice Beam|p2b: Koraidon\n|-resisted|p2b: Koraidon\n|-damage|p2b: Koraidon|63/100\n|\n|-weather|SunnyDay|[upkeep]\n|-heal|p1b: Kyogre|40/100|[from] item: Leftovers\n|upkeep\n|turn|2\n|inactive|XxxInnovationxxX has 30 seconds left.\n|inactive|proeoaw has 30 seconds left.\n|\n|t:|1774587022\n|switch|p1b: Pelipper|Pelipper, L50, M|100/100\n|-weather|RainDance|[from] ability: Drizzle|[of] p1b: Pelipper\n|move|p1a: Flutter Mane|Protect|p1a: Flutter Mane\n|-singleturn|p1a: Flutter Mane|Protect\n|move|p2a: Whimsicott|Tailwind|p2a: Whimsicott\n|-sidestart|p2: XxxInnovationxxX|move: Tailwind\n|move|p2b: Koraidon|Collision Course|p1b: Pelipper\n|-resisted|p1b: Pelipper\n|-damage|p1b: Pelipper|66/100\n|\n|-weather|RainDance|[upkeep]\n|upkeep\n|turn|3\n|inactive|XxxInnovationxxX has 30 seconds left.\n|inactive|XxxInnovationxxX has 20 seconds left.\n|inactive|XxxInnovationxxX has 15 seconds left.\n|inactive|XxxInnovationxxX has 10 seconds left.\n|\n|t:|1774587071\n|move|p2a: Whimsicott|Sunny Day|p2a: Whimsicott\n|-weather|SunnyDay\n|move|p2b: Koraidon|Flare Blitz|p1a: Flutter Mane\n|-crit|p1a: Flutter Mane\n|-damage|p1a: Flutter Mane|0 fnt\n|faint|p1a: Flutter Mane\n|-end|p1a: Flutter Mane|Protosynthesis|[silent]\n|-damage|p2b: Koraidon|39/100|[from] Recoil\n|move|p1b: Pelipper|Hurricane|p2a: Whimsicott|[miss]\n|-miss|p1b: Pelipper|p2a: Whimsicott\n|\n|-weather|SunnyDay|[upkeep]\n|upkeep\n|\n|t:|1774587078\n|switch|p1a: Kyogre|Kyogre, L50|40/100\n|-weather|RainDance|[from] ability: Drizzle|[of] p1a: Kyogre\n|turn|4\n|\n|t:|1774587092\n|move|p1a: Kyogre|Protect|p1a: Kyogre\n|-singleturn|p1a: Kyogre|Protect\n|move|p2a: Whimsicott|Sunny Day|p2a: Whimsicott\n|-weather|SunnyDay\n|move|p2b: Koraidon|Collision Course|p1a: Kyogre\n|-activate|p1a: Kyogre|move: Protect\n|move|p1b: Pelipper|Tailwind|p1b: Pelipper\n|-sidestart|p1: proeoaw|move: Tailwind\n|\n|-weather|SunnyDay|[upkeep]\n|-heal|p1a: Kyogre|45/100|[from] item: Leftovers\n|upkeep\n|turn|5\n|inactive|proeoaw has 30 seconds left.\n|\n|t:|1774587126\n|move|p2a: Whimsicott|Encore|p1b: Pelipper\n|-start|p1b: Pelipper|Encore\n|move|p2b: Koraidon|Collision Course|p1a: Kyogre\n|-damage|p1a: Kyogre|0 fnt\n|faint|p1a: Kyogre\n|move|p1b: Pelipper|Tailwind||[still]\n|-fail|p1b: Pelipper\n|\n|-weather|SunnyDay|[upkeep]\n|-sideend|p2: XxxInnovationxxX|move: Tailwind\n|upkeep\n|\n|t:|1774587131\n|switch|p1a: Crawdaunt|Crawdaunt, L50, M|100/100\n|turn|6\n|\n|t:|1774587143\n|move|p2a: Whimsicott|Tailwind|p2a: Whimsicott\n|-sidestart|p2: XxxInnovationxxX|move: Tailwind\n|move|p1a: Crawdaunt|Aqua Jet|p2b: Koraidon\n|-supereffective|p2b: Koraidon\n|-damage|p2b: Koraidon|11/100\n|move|p2b: Koraidon|Collision Course|p1a: Crawdaunt\n|-supereffective|p1a: Crawdaunt\n|-enditem|p1a: Crawdaunt|Focus Sash\n|-damage|p1a: Crawdaunt|1/100\n|move|p1b: Pelipper|Tailwind||[still]\n|-fail|p1b: Pelipper\n|\n|-weather|SunnyDay|[upkeep]\n|upkeep\n|turn|7\n|\n|t:|1774587157\n|move|p2b: Koraidon|Protect|p2b: Koraidon\n|-singleturn|p2b: Koraidon|Protect\n|move|p1a: Crawdaunt|Aqua Jet|p2b: Koraidon\n|-activate|p2b: Koraidon|move: Protect\n|move|p2a: Whimsicott|Moonblast|p1a: Crawdaunt\n|-supereffective|p1a: Crawdaunt\n|-damage|p1a: Crawdaunt|0 fnt\n|faint|p1a: Crawdaunt\n|move|p1b: Pelipper|Tailwind||[still]\n|-fail|p1b: Pelipper\n|\n|-weather|SunnyDay|[upkeep]\n|-end|p1b: Pelipper|Encore\n|-sideend|p1: proeoaw|move: Tailwind\n|upkeep\n|turn|8\n|-message|proeoaw forfeited.\n|\n|win|XxxInnovationxxX\n|raw|proeoaw's rating: 1161 &rarr; <strong>1144</strong><br />(-17 for losing)\n|raw|XxxInnovationxxX's rating: 1283 &rarr; <strong>1300</strong><br />(+17 for winning)\n|l|\u2606proeoaw\n|player|p1|\n|l|\u2606XxxInnovationxxX\n|player|p2|\n","uploadtime":1774587299,"views":10,"formatid":"gen9vgc2026regi","rating":1144,"private":0,"password":null}