{"id":"gen9vgc2026regi-2552209646","format":"[Gen 9] VGC 2026 Reg I","players":["Unicorn222","Voth"],"log":"|j|\u2606Unicorn222\n|j|\u2606Voth\n|t:|1772689846\n|gametype|doubles\n|player|p1|Unicorn222|cynthia-gen4|1315\n|player|p2|Voth|dawn|1400\n|gen|9\n|tier|[Gen 9] VGC 2026 Reg I\n|rated|\n|rule|Species Clause: Limit one of each Pok\u00e9mon\n|rule|Item Clause: Limit 1 of each item\n|clearpoke\n|poke|p1|Muk-Alola, L50, F|\n|poke|p1|Smeargle, L50, F|\n|poke|p1|Calyrex-Shadow, L50|\n|poke|p1|Flamigo, L50, F|\n|poke|p1|Miraidon, L50|\n|poke|p1|Volcarona, L50, F|\n|poke|p2|Urshifu-*, L50, M|\n|poke|p2|Calyrex-Ice, L50|\n|poke|p2|Tornadus, L50, M|\n|poke|p2|Landorus, L50, M|\n|poke|p2|Rillaboom, L50, F|\n|poke|p2|Kyogre, L50|\n|teampreview|4\n|inactive|Battle timer is ON: inactive players will automatically lose when time's up. (requested by Unicorn222)\n|\n|t:|1772689872\n|teamsize|p1|4\n|teamsize|p2|4\n|start\n|switch|p1a: Smeargle|Smeargle, L50, F|100/100\n|switch|p1b: Muk|Muk-Alola, L50, F|100/100\n|switch|p2a: Korra|Calyrex-Ice, L50|100/100\n|switch|p2b: Kaul Hilo|Landorus, L50, M|100/100\n|-ability|p2a: Korra|As One\n|-ability|p2a: Korra|Unnerve\n|turn|1\n|\n|t:|1772689893\n|-terastallize|p1b: Muk|Water\n|move|p1a: Smeargle|Fake Out|p2b: Kaul Hilo\n|-damage|p2b: Kaul Hilo|93/100\n|cant|p2b: Kaul Hilo|flinch\n|move|p1b: Muk|Minimize|p1b: Muk\n|-boost|p1b: Muk|evasion|2\n|move|p2a: Korra|Trick Room|p2a: Korra\n|-fieldstart|move: Trick Room|[of] p2a: Korra\n|\n|-ability|p1a: Smeargle|Moody|boost\n|-boost|p1a: Smeargle|atk|2\n|-unboost|p1a: Smeargle|spd|1\n|upkeep\n|turn|2\n|\n|t:|1772689912\n|move|p2a: Korra|Glacial Lance|p1a: Smeargle|[spread] p1a\n|-miss|p2a: Korra|p1b: Muk\n|-damage|p1a: Smeargle|2/100\n|move|p1b: Muk|Minimize|p1b: Muk\n|-boost|p1b: Muk|evasion|2\n|move|p1a: Smeargle|Spore|p2a: Korra\n|-status|p2a: Korra|slp|[from] move: Spore\n|move|p2b: Kaul Hilo|Sandsear Storm|p1a: Smeargle|[spread] p1a\n|-miss|p2b: Kaul Hilo|p1b: Muk\n|-damage|p1a: Smeargle|0 fnt\n|faint|p1a: Smeargle\n|-ability|p1b: Muk|Moody|Power of Alchemy|[from] ability: Power of Alchemy|[of] p1a: Smeargle\n|\n|-ability|p1b: Muk|Moody|boost\n|-boost|p1b: Muk|atk|2\n|-unboost|p1b: Muk|spd|1\n|upkeep\n|\n|t:|1772689925\n|switch|p1a: Flamigo|Flamigo, L50, F|100/100\n|-copyboost|p1a: Flamigo|p1b: Muk|[from] ability: Costar\n|-enditem|p1a: Flamigo|White Herb\n|-clearnegativeboost|p1a: Flamigo|[silent]\n|turn|3\n|\n|t:|1772689948\n|switch|p2b: Nuke|Kyogre, L50|100/100\n|-weather|RainDance|[from] ability: Drizzle|[of] p2b: Nuke\n|cant|p2a: Korra|slp\n|move|p1b: Muk|Minimize|p1b: Muk\n|-boost|p1b: Muk|evasion|2\n|move|p1a: Flamigo|Acrobatics|p2b: Nuke\n|-damage|p2b: Nuke|0 fnt\n|faint|p2b: Nuke\n|\n|-weather|RainDance|[upkeep]\n|-ability|p1b: Muk|Moody|boost\n|-boost|p1b: Muk|atk|2\n|-unboost|p1b: Muk|def|1\n|upkeep\n|\n|t:|1772689956\n|switch|p2b: Kaul Hilo|Landorus, L50, M|93/100\n|turn|4\n|\n|t:|1772689970\n|move|p1a: Flamigo|Wide Guard|p1a: Flamigo\n|-singleturn|p1a: Flamigo|Wide Guard\n|cant|p2a: Korra|slp\n|move|p1b: Muk|Poison Gas||[still]|[spread] p2a,p2b\n|-fail|p1b: Muk\n|-status|p2b: Kaul Hilo|psn\n|move|p2b: Kaul Hilo|Sandsear Storm|p1b: Muk|[spread] \n|-activate|p1a: Flamigo|move: Wide Guard\n|-activate|p1b: Muk|move: Wide Guard\n|\n|-weather|RainDance|[upkeep]\n|-damage|p2b: Kaul Hilo|81/100 psn|[from] psn\n|-ability|p1b: Muk|Moody|boost\n|-boost|p1b: Muk|spd|2\n|-unboost|p1b: Muk|spa|1\n|upkeep\n|turn|5\n|\n|t:|1772689986\n|move|p1a: Flamigo|Wide Guard|p1a: Flamigo\n|-singleturn|p1a: Flamigo|Wide Guard\n|-curestatus|p2a: Korra|slp|[msg]\n|move|p2a: Korra|Leech Seed|p1b: Muk\n|-start|p1b: Muk|move: Leech Seed\n|move|p1b: Muk|Knock Off|p2a: Korra\n|-supereffective|p2a: Korra\n|-damage|p2a: Korra|0 fnt\n|-enditem|p2a: Korra|Leftovers|[from] move: Knock Off|[of] p1b: Muk\n|faint|p2a: Korra\n|move|p2b: Kaul Hilo|Sandsear Storm|p1a: Flamigo|[spread] \n|-activate|p1a: Flamigo|move: Wide Guard\n|-activate|p1b: Muk|move: Wide Guard\n|\n|-weather|RainDance|[upkeep]\n|-damage|p2b: Kaul Hilo|69/100 psn|[from] psn\n|-fieldend|move: Trick Room\n|-ability|p1b: Muk|Moody|boost\n|-boost|p1b: Muk|def|2\n|-unboost|p1b: Muk|spe|1\n|upkeep\n|\n|t:|1772689989\n|switch|p2a: Harambe|Rillaboom, L50, F|100/100\n|-fieldstart|move: Grassy Terrain|[from] ability: Grassy Surge|[of] p2a: Harambe\n|turn|6\n|-message|Voth forfeited.\n|\n|win|Unicorn222\n|raw|Unicorn222's rating: 1315 &rarr; <strong>1340</strong><br />(+25 for winning)\n|raw|Voth's rating: 1400 &rarr; <strong>1375</strong><br />(-25 for losing)\n|l|\u2606Voth\n|player|p2|\n|l|\u2606Unicorn222\n|player|p1|\n","uploadtime":1772690243,"views":13,"formatid":"gen9vgc2026regi","rating":1340,"private":0,"password":null}