{"id":"gen9vgc2026regi-2544678697","format":"[Gen 9] VGC 2026 Reg I","players":["ygtfvvtfvfv","VJ2511"],"log":"|j|\u2606ygtfvvtfvfv\n|j|\u2606VJ2511\n|t:|1771738215\n|gametype|doubles\n|player|p1|ygtfvvtfvfv|1|1361\n|player|p2|VJ2511|red-masters3|1516\n|gen|9\n|tier|[Gen 9] VGC 2026 Reg I\n|rated|\n|rule|Species Clause: Limit one of each Pok\u00e9mon\n|rule|Item Clause: Limit 1 of each item\n|clearpoke\n|poke|p1|Miraidon, L50|\n|poke|p1|Ho-Oh, L50|\n|poke|p1|Iron Treads, L50|\n|poke|p1|Iron Bundle, L50|\n|poke|p1|Iron Hands, L50|\n|poke|p1|Farigiraf, L50, M|\n|poke|p2|Calyrex-Shadow, L50|\n|poke|p2|Zamazenta-*, L50|\n|poke|p2|Chien-Pao, L50|\n|poke|p2|Dragonite, L50, F|\n|poke|p2|Raging Bolt, L50|\n|poke|p2|Amoonguss, L50, F|\n|teampreview|4\n|inactive|Battle timer is ON: inactive players will automatically lose when time's up. (requested by VJ2511)\n|\n|t:|1771738238\n|teamsize|p1|4\n|teamsize|p2|4\n|start\n|switch|p1a: Miraidon|Miraidon, L50|100/100\n|switch|p1b: Iron Bundle|Iron Bundle, L50|100/100\n|switch|p2a: Zamazenta|Zamazenta-Crowned, L50|100/100\n|switch|p2b: Chien-Pao|Chien-Pao, L50|100/100\n|-ability|p2b: Chien-Pao|Sword of Ruin\n|-fieldstart|move: Electric Terrain|[from] ability: Hadron Engine|[of] p1a: Miraidon\n|-activate|p1b: Iron Bundle|ability: Quark Drive\n|-start|p1b: Iron Bundle|quarkdrivespe\n|-ability|p2a: Zamazenta|Dauntless Shield|boost\n|-boost|p2a: Zamazenta|def|1\n|turn|1\n|\n|t:|1771738251\n|-terastallize|p1a: Miraidon|Fairy\n|move|p1b: Iron Bundle|Icy Wind|p2b: Chien-Pao|[spread] p2a,p2b\n|-resisted|p2a: Zamazenta\n|-resisted|p2b: Chien-Pao\n|-damage|p2a: Zamazenta|94/100\n|-damage|p2b: Chien-Pao|92/100\n|-unboost|p2a: Zamazenta|spe|1\n|-unboost|p2b: Chien-Pao|spe|1\n|move|p1a: Miraidon|Dazzling Gleam|p2a: Zamazenta|[spread] p2a,p2b\n|-supereffective|p2b: Chien-Pao\n|-damage|p2a: Zamazenta|51/100\n|-damage|p2b: Chien-Pao|0 fnt\n|faint|p2b: Chien-Pao\n|move|p2a: Zamazenta|Body Press|p1b: Iron Bundle\n|-supereffective|p1b: Iron Bundle\n|-enditem|p1b: Iron Bundle|Focus Sash\n|-damage|p1b: Iron Bundle|1/100\n|\n|upkeep\n|\n|t:|1771738256\n|switch|p2b: Calyrex|Calyrex-Shadow, L50|100/100\n|-ability|p2b: Calyrex|As One\n|-ability|p2b: Calyrex|Unnerve\n|turn|2\n|\n|t:|1771738271\n|switch|p1a: Farigiraf|Farigiraf, L50, M|100/100\n|-enditem|p1a: Farigiraf|Electric Seed\n|-boost|p1a: Farigiraf|def|1|[from] item: Electric Seed\n|move|p1b: Iron Bundle|Protect|p1b: Iron Bundle\n|-singleturn|p1b: Iron Bundle|Protect\n|move|p2a: Zamazenta|Wide Guard|p2a: Zamazenta\n|-singleturn|p2a: Zamazenta|Wide Guard\n|move|p2b: Calyrex|Astral Barrage|p1b: Iron Bundle|[spread] \n|-activate|p1b: Iron Bundle|move: Protect\n|-immune|p1a: Farigiraf\n|\n|upkeep\n|turn|3\n|\n|t:|1771738293\n|move|p1b: Iron Bundle|Encore|p2a: Zamazenta\n|-start|p2a: Zamazenta|Encore\n|move|p2b: Calyrex|Psychic|p1b: Iron Bundle\n|-damage|p1b: Iron Bundle|0 fnt\n|faint|p1b: Iron Bundle\n|-end|p1b: Iron Bundle|Quark Drive|[silent]\n|-ability|p2b: Calyrex|Grim Neigh|boost\n|-boost|p2b: Calyrex|spa|1\n|move|p2a: Zamazenta|Wide Guard|p2a: Zamazenta\n|-singleturn|p2a: Zamazenta|Wide Guard\n|move|p1a: Farigiraf|Trick Room|p1a: Farigiraf\n|-fieldstart|move: Trick Room|[of] p1a: Farigiraf\n|\n|upkeep\n|\n|t:|1771738313\n|switch|p1b: Ho-Oh|Ho-Oh, L50|100/100\n|turn|4\n|\n|t:|1771738326\n|switch|p2a: Dragonite|Dragonite, L50, F, shiny|100/100\n|-terastallize|p2b: Calyrex|Ghost\n|move|p1a: Farigiraf|Foul Play|p2b: Calyrex\n|-supereffective|p2b: Calyrex\n|-damage|p2b: Calyrex|66/100\n|move|p1b: Ho-Oh|Sacred Fire|p2b: Calyrex\n|-damage|p2b: Calyrex|3/100\n|move|p2b: Calyrex|Astral Barrage|p1b: Ho-Oh|[spread] p1b\n|-immune|p1a: Farigiraf\n|-damage|p1b: Ho-Oh|29/100\n|\n|upkeep\n|turn|5\n|\n|t:|1771738348\n|move|p2b: Calyrex|Protect|p2b: Calyrex\n|-singleturn|p2b: Calyrex|Protect\n|move|p1a: Farigiraf|Psychic|p2b: Calyrex\n|-activate|p2b: Calyrex|move: Protect\n|move|p2a: Dragonite|Outrage|p1a: Farigiraf\n|-damage|p1a: Farigiraf|36/100\n|move|p1b: Ho-Oh|Sacred Fire|p2a: Dragonite\n|-resisted|p2a: Dragonite\n|-damage|p2a: Dragonite|74/100\n|\n|-fieldend|move: Electric Terrain\n|upkeep\n|turn|6\n|inactive|ygtfvvtfvfv has 30 seconds left.\n|\n|t:|1771738378\n|switch|p2b: Zamazenta|Zamazenta-Crowned, L50|51/100\n|move|p1b: Ho-Oh|Protect|p1b: Ho-Oh\n|-singleturn|p1b: Ho-Oh|Protect\n|move|p1a: Farigiraf|Psychic|p2b: Zamazenta\n|-damage|p2b: Zamazenta|29/100\n|move|p2a: Dragonite|Outrage|p1b: Ho-Oh|[from] lockedmove\n|-activate|p1b: Ho-Oh|move: Protect\n|\n|upkeep\n|turn|7\n|inactive|ygtfvvtfvfv has 30 seconds left.\n|inactive|ygtfvvtfvfv has 20 seconds left.\n|inactive|ygtfvvtfvfv has 15 seconds left.\n|\n|t:|1771738422\n|move|p2b: Zamazenta|Protect|p2b: Zamazenta\n|-singleturn|p2b: Zamazenta|Protect\n|move|p1a: Farigiraf|Foul Play|p2a: Dragonite\n|-damage|p2a: Dragonite|39/100\n|move|p2a: Dragonite|Outrage|p1a: Farigiraf\n|-damage|p1a: Farigiraf|0 fnt\n|faint|p1a: Farigiraf\n|move|p1b: Ho-Oh|Sacred Fire|p2a: Dragonite\n|-resisted|p2a: Dragonite\n|-damage|p2a: Dragonite|17/100\n|\n|-fieldend|move: Trick Room\n|upkeep\n|\n|t:|1771738434\n|switch|p1a: Miraidon|Miraidon, L50, tera:Fairy|100/100\n|-fieldstart|move: Electric Terrain|[from] ability: Hadron Engine|[of] p1a: Miraidon\n|turn|8\n|\n|t:|1771738450\n|move|p1a: Miraidon|Electro Drift|p2a: Dragonite\n|-damage|p2a: Dragonite|0 fnt\n|faint|p2a: Dragonite\n|move|p2b: Zamazenta|Heavy Slam|p1a: Miraidon\n|-supereffective|p1a: Miraidon\n|-damage|p1a: Miraidon|44/100\n|move|p1b: Ho-Oh|Tailwind|p1b: Ho-Oh\n|-sidestart|p1: ygtfvvtfvfv|move: Tailwind\n|\n|upkeep\n|\n|t:|1771738458\n|switch|p2a: Calyrex|Calyrex-Shadow, L50, tera:Ghost|3/100\n|-ability|p2a: Calyrex|As One\n|-ability|p2a: Calyrex|Unnerve\n|turn|9\n|\n|t:|1771738468\n|move|p1a: Miraidon|Electro Drift|p2b: Zamazenta\n|-damage|p2b: Zamazenta|0 fnt\n|faint|p2b: Zamazenta\n|move|p1b: Ho-Oh|Brave Bird|p2a: Calyrex\n|-damage|p2a: Calyrex|0 fnt\n|faint|p2a: Calyrex\n|-damage|p1b: Ho-Oh|29/100|[from] Recoil\n|\n|win|ygtfvvtfvfv\n|raw|ygtfvvtfvfv's rating: 1361 &rarr; <strong>1389</strong><br />(+28 for winning)\n|raw|VJ2511's rating: 1516 &rarr; <strong>1488</strong><br />(-28 for losing)\n|l|\u2606VJ2511\n|player|p2|\n|l|\u2606ygtfvvtfvfv\n|player|p1|\n","uploadtime":1771738604,"views":15,"formatid":"gen9vgc2026regi","rating":1389,"private":0,"password":null}