{"id":"gen9vgc2026regi-2519026043","format":"[Gen 9] VGC 2026 Reg I","players":["ShadowOugi","alexit93"],"log":"|j|\u2606ShadowOugi\n|j|\u2606alexit93\n|t:|1768454610\n|gametype|doubles\n|player|p1|ShadowOugi|101|1258\n|player|p2|alexit93|lucas-gen4pt|1193\n|gen|9\n|tier|[Gen 9] VGC 2026 Reg I\n|rated|\n|rule|Species Clause: Limit one of each Pok\u00e9mon\n|rule|Item Clause: Limit 1 of each item\n|clearpoke\n|poke|p1|Calyrex-Shadow, L50|\n|poke|p1|Terapagos, L50, M|\n|poke|p1|Incineroar, L50, M|\n|poke|p1|Rillaboom, L50, M|\n|poke|p1|Clefairy, L50, F|\n|poke|p1|Cresselia, L50, F|\n|poke|p2|Zamazenta-*, L50|\n|poke|p2|Riolu, L50, F|\n|poke|p2|Calyrex-Ice, L50|\n|poke|p2|Rillaboom, L50, M|\n|poke|p2|Incineroar, L50, F|\n|poke|p2|Urshifu-*, L50, F|\n|teampreview|4\n|inactive|Battle timer is ON: inactive players will automatically lose when time's up. (requested by ShadowOugi)\n|inactive|ShadowOugi has 60 seconds left.\n|inactive|alexit93 has 60 seconds left.\n|inactive|alexit93 has 30 seconds left.\n|inactive|alexit93 has 20 seconds left.\n|inactive|alexit93 has 15 seconds left.\n|inactive|alexit93 has 10 seconds left.\n|inactive|alexit93 has 5 seconds left.\n|\n|t:|1768454701\n|teamsize|p1|4\n|teamsize|p2|4\n|start\n|switch|p1a: Calyrex|Calyrex-Shadow, L50|100/100\n|switch|p1b: Incineroar|Incineroar, L50, M|100/100\n|switch|p2a: Zamazenta|Zamazenta-Crowned, L50, shiny|100/100\n|switch|p2b: Riolu|Riolu, L50, F|100/100\n|-ability|p1a: Calyrex|As One\n|-ability|p1a: Calyrex|Unnerve\n|-ability|p2a: Zamazenta|Dauntless Shield|boost\n|-boost|p2a: Zamazenta|def|1\n|-ability|p1b: Incineroar|Intimidate|boost\n|-unboost|p2a: Zamazenta|atk|1\n|-unboost|p2b: Riolu|atk|1\n|turn|1\n|\n|t:|1768454710\n|switch|p2b: Calyrex|Calyrex-Ice, L50|100/100\n|-ability|p2b: Calyrex|As One\n|-ability|p2b: Calyrex|Unnerve\n|move|p2a: Zamazenta|Wide Guard|p2a: Zamazenta\n|-singleturn|p2a: Zamazenta|Wide Guard\n|move|p1b: Incineroar|Fake Out|p2b: Calyrex\n|-damage|p2b: Calyrex|94/100\n|move|p1a: Calyrex|Astral Barrage|p2b: Calyrex|[spread] \n|-activate|p2a: Zamazenta|move: Wide Guard\n|-activate|p2b: Calyrex|move: Wide Guard\n|\n|upkeep\n|turn|2\n|\n|t:|1768454721\n|-terastallize|p2b: Calyrex|Ground\n|move|p2a: Zamazenta|Wide Guard|p2a: Zamazenta\n|-singleturn|p2a: Zamazenta|Wide Guard\n|move|p1a: Calyrex|Encore|p2a: Zamazenta\n|-start|p2a: Zamazenta|Encore\n|move|p1b: Incineroar|Will-O-Wisp|p2b: Calyrex\n|-status|p2b: Calyrex|brn\n|move|p2b: Calyrex|Trick Room|p2b: Calyrex\n|-fieldstart|move: Trick Room|[of] p2b: Calyrex\n|\n|-damage|p2b: Calyrex|88/100 brn|[from] brn\n|upkeep\n|turn|3\n|\n|t:|1768454739\n|switch|p2a: Riolu|Riolu, L50, F|100/100\n|switch|p1a: Clefairy|Clefairy, L50, F|100/100\n|move|p2b: Calyrex|High Horsepower|p1b: Incineroar\n|-supereffective|p1b: Incineroar\n|-damage|p1b: Incineroar|56/100\n|-damage|p2b: Calyrex|71/100 brn|[from] item: Rocky Helmet|[of] p1b: Incineroar\n|move|p1b: Incineroar|Will-O-Wisp|p2a: Riolu\n|-status|p2a: Riolu|brn\n|\n|-damage|p2b: Calyrex|65/100 brn|[from] brn\n|-damage|p2a: Riolu|94/100 brn|[from] brn\n|upkeep\n|turn|4\n|inactive|ShadowOugi has 30 seconds left.\n|\n|t:|1768454765\n|move|p1a: Clefairy|Follow Me|p1a: Clefairy\n|-singleturn|p1a: Clefairy|move: Follow Me\n|move|p2a: Riolu|Coaching|p2b: Calyrex\n|-boost|p2b: Calyrex|atk|1\n|-boost|p2b: Calyrex|def|1\n|move|p2b: Calyrex|High Horsepower|p1a: Clefairy\n|-damage|p1a: Clefairy|58/100\n|move|p1b: Incineroar|Knock Off|p2b: Calyrex\n|-damage|p2b: Calyrex|50/100 brn\n|-enditem|p2b: Calyrex|Clear Amulet|[from] move: Knock Off|[of] p1b: Incineroar\n|\n|-damage|p2b: Calyrex|44/100 brn|[from] brn\n|-damage|p2a: Riolu|88/100 brn|[from] brn\n|upkeep\n|turn|5\n|\n|t:|1768454777\n|move|p2a: Riolu|Coaching|p2b: Calyrex\n|-boost|p2b: Calyrex|atk|1\n|-boost|p2b: Calyrex|def|1\n|move|p1a: Clefairy|Life Dew|p1a: Clefairy|[spread] p1a,p1b\n|-heal|p1a: Clefairy|83/100\n|-heal|p1b: Incineroar|81/100\n|move|p2b: Calyrex|Glacial Lance|p1b: Incineroar|[spread] p1a,p1b\n|-resisted|p1b: Incineroar\n|-damage|p1a: Clefairy|32/100\n|-damage|p1b: Incineroar|58/100\n|move|p1b: Incineroar|Parting Shot|p2b: Calyrex\n|-unboost|p2b: Calyrex|atk|1\n|-unboost|p2b: Calyrex|spa|1\n|\n|t:|1768454787\n|switch|p1b: Terapagos|Terapagos, L50, M|100/100|[from] Parting Shot\n|-activate|p1b: Terapagos|ability: Tera Shift\n|detailschange|p1b: Terapagos|Terapagos-Terastal, L50, M\n|-heal|p1b: Terapagos|100/100|[silent]\n|\n|-damage|p2b: Calyrex|38/100 brn|[from] brn\n|-damage|p2a: Riolu|82/100 brn|[from] brn\n|upkeep\n|turn|6\n|\n|t:|1768454797\n|move|p2a: Riolu|Feint|p1b: Terapagos\n|-activate|p1b: Terapagos|ability: Tera Shell\n|-resisted|p1b: Terapagos\n|-damage|p1b: Terapagos|99/100\n|move|p1a: Clefairy|Life Dew|p1a: Clefairy|[spread] p1a,p1b\n|-heal|p1a: Clefairy|57/100\n|-heal|p1b: Terapagos|100/100\n|move|p2b: Calyrex|Glacial Lance|p1a: Clefairy|[spread] p1a,p1b\n|-activate|p1b: Terapagos|ability: Tera Shell\n|-resisted|p1b: Terapagos\n|-damage|p1a: Clefairy|21/100\n|-damage|p1b: Terapagos|87/100\n|move|p1b: Terapagos|Calm Mind|p1b: Terapagos\n|-boost|p1b: Terapagos|spa|1\n|-boost|p1b: Terapagos|spd|1\n|\n|-damage|p2b: Calyrex|32/100 brn|[from] brn\n|-damage|p2a: Riolu|76/100 brn|[from] brn\n|-fieldend|move: Trick Room\n|upkeep\n|turn|7\n|\n|t:|1768454814\n|switch|p1a: Incineroar|Incineroar, L50, M|58/100\n|-ability|p1a: Incineroar|Intimidate|boost\n|-unboost|p2a: Riolu|atk|1\n|-unboost|p2b: Calyrex|atk|1\n|move|p2a: Riolu|Coaching|p2b: Calyrex\n|-boost|p2b: Calyrex|atk|1\n|-boost|p2b: Calyrex|def|1\n|move|p1b: Terapagos|Calm Mind|p1b: Terapagos\n|-boost|p1b: Terapagos|spa|1\n|-boost|p1b: Terapagos|spd|1\n|move|p2b: Calyrex|Trick Room|p2b: Calyrex\n|-fieldstart|move: Trick Room|[of] p2b: Calyrex\n|\n|-damage|p2b: Calyrex|26/100 brn|[from] brn\n|-damage|p2a: Riolu|70/100 brn|[from] brn\n|upkeep\n|turn|8\n|\n|t:|1768454834\n|move|p2a: Riolu|Quick Guard|p2a: Riolu\n|-singleturn|p2a: Riolu|Quick Guard\n|move|p2b: Calyrex|Glacial Lance|p1b: Terapagos|[spread] p1a,p1b\n|-resisted|p1a: Incineroar\n|-damage|p1a: Incineroar|36/100\n|-damage|p1b: Terapagos|51/100\n|move|p1a: Incineroar|Parting Shot|p2b: Calyrex\n|-unboost|p2b: Calyrex|atk|1\n|-unboost|p2b: Calyrex|spa|1\n|\n|t:|1768454839\n|switch|p1a: Clefairy|Clefairy, L50, F|21/100|[from] Parting Shot\n|move|p1b: Terapagos|Calm Mind|p1b: Terapagos\n|-boost|p1b: Terapagos|spa|1\n|-boost|p1b: Terapagos|spd|1\n|\n|-damage|p2b: Calyrex|20/100 brn|[from] brn\n|-damage|p2a: Riolu|64/100 brn|[from] brn\n|upkeep\n|turn|9\n|\n|t:|1768454848\n|move|p2b: Calyrex|Protect|p2b: Calyrex\n|-singleturn|p2b: Calyrex|Protect\n|move|p2a: Riolu|Coaching|p2b: Calyrex\n|-boost|p2b: Calyrex|atk|1\n|-boost|p2b: Calyrex|def|1\n|move|p1a: Clefairy|Life Dew|p1a: Clefairy|[spread] p1a,p1b\n|-heal|p1a: Clefairy|46/100\n|-heal|p1b: Terapagos|76/100\n|move|p1b: Terapagos|Tera Starstorm|p2a: Riolu\n|-damage|p2a: Riolu|0 fnt\n|faint|p2a: Riolu\n|\n|-damage|p2b: Calyrex|14/100 brn|[from] brn\n|upkeep\n|\n|t:|1768454852\n|switch|p2a: Rillaboom|Rillaboom, L50, M|100/100\n|-fieldstart|move: Grassy Terrain|[from] ability: Grassy Surge|[of] p2a: Rillaboom\n|turn|10\n|\n|t:|1768454864\n|move|p2a: Rillaboom|Grassy Glide|p1b: Terapagos\n|-damage|p1b: Terapagos|52/100\n|move|p1a: Clefairy|Life Dew|p1a: Clefairy|[spread] p1a,p1b\n|-heal|p1a: Clefairy|71/100\n|-heal|p1b: Terapagos|78/100\n|move|p2b: Calyrex|Glacial Lance|p1a: Clefairy|[spread] p1a,p1b\n|-damage|p1a: Clefairy|35/100\n|-damage|p1b: Terapagos|49/100\n|move|p1b: Terapagos|Tera Starstorm|p2b: Calyrex\n|-damage|p2b: Calyrex|0 fnt\n|faint|p2b: Calyrex\n|\n|-heal|p1a: Clefairy|41/100|[from] Grassy Terrain\n|-heal|p1b: Terapagos|54/100|[from] Grassy Terrain\n|upkeep\n|-message|alexit93 forfeited.\n|\n|win|ShadowOugi\n|raw|ShadowOugi's rating: 1258 &rarr; <strong>1278</strong><br />(+20 for winning)\n|raw|alexit93's rating: 1193 &rarr; <strong>1173</strong><br />(-20 for losing)\n|l|\u2606alexit93\n|player|p2|\n|l|\u2606ShadowOugi\n|player|p1|\n","uploadtime":1768455131,"views":12,"formatid":"gen9vgc2026regi","rating":1173,"private":0,"password":null}