{"id":"gen9vgc2026regi-2565587385","format":"[Gen 9] VGC 2026 Reg I","players":["Sheevp","Dbzone9001"],"log":"|j|\u2606Sheevp\n|j|\u2606Dbzone9001\n|t:|1774287431\n|gametype|doubles\n|player|p1|Sheevp|170|1460\n|player|p2|Dbzone9001|2|1548\n|gen|9\n|tier|[Gen 9] VGC 2026 Reg I\n|rated|\n|rule|Species Clause: Limit one of each Pok\u00e9mon\n|rule|Item Clause: Limit 1 of each item\n|clearpoke\n|poke|p1|Koraidon, L50|\n|poke|p1|Calyrex-Ice, L50|\n|poke|p1|Regieleki, L50|\n|poke|p1|Chi-Yu, L50|\n|poke|p2|Dondozo, L50, F|\n|poke|p2|Tatsugiri, L50, F|\n|poke|p2|Miraidon, L50|\n|poke|p2|Calyrex-Shadow, L50|\n|poke|p2|Okidogi, L50, M|\n|poke|p2|Grimmsnarl, L50, M|\n|teampreview|4\n|j| Therazer456\n|j| rackjaineyuwu\n|l|\u2606Sheevp\n|player|p1|\n|\n|t:|1774287465\n|teamsize|p1|4\n|teamsize|p2|4\n|start\n|switch|p1a: Regieleki|Regieleki, L50|100/100\n|switch|p1b: Chi-Yu|Chi-Yu, L50|100/100\n|switch|p2a: Grimmsnarl|Grimmsnarl, L50, M|100/100\n|switch|p2b: Dondozo|Dondozo, L50, F|100/100\n|-ability|p1b: Chi-Yu|Beads of Ruin\n|turn|1\n|j|\u2606Sheevp\n|player|p1|Sheevp|170|\n|\n|t:|1774287475\n|move|p2b: Dondozo|Protect|p2b: Dondozo\n|-singleturn|p2b: Dondozo|Protect\n|move|p2a: Grimmsnarl|Light Screen|p2a: Grimmsnarl\n|-sidestart|p2: Dbzone9001|move: Light Screen\n|move|p1a: Regieleki|Electroweb|p2b: Dondozo|[spread] p2a\n|-activate|p2b: Dondozo|move: Protect\n|-damage|p2a: Grimmsnarl|81/100\n|-unboost|p2a: Grimmsnarl|spe|1\n|move|p1b: Chi-Yu|Overheat|p2a: Grimmsnarl\n|-damage|p2a: Grimmsnarl|25/100\n|-unboost|p1b: Chi-Yu|spa|2\n|\n|upkeep\n|turn|2\n|l|\u2606Sheevp\n|player|p1|\n|j|\u2606Sheevp\n|player|p1|Sheevp|170|\n|\n|t:|1774287499\n|switch|p1b: Calyrex|Calyrex-Ice, L50|100/100\n|-ability|p1b: Calyrex|As One\n|-ability|p1b: Calyrex|Unnerve\n|switch|p2a: Miraidon|Miraidon, L50|100/100\n|-fieldstart|move: Electric Terrain|[from] ability: Hadron Engine|[of] p2a: Miraidon\n|move|p1a: Regieleki|Electroweb|p2a: Miraidon|[spread] p2a,p2b\n|-resisted|p2a: Miraidon\n|-supereffective|p2b: Dondozo\n|-damage|p2a: Miraidon|97/100\n|-damage|p2b: Dondozo|66/100\n|-unboost|p2a: Miraidon|spe|1\n|-unboost|p2b: Dondozo|spe|1\n|move|p2b: Dondozo|Earthquake|p1b: Calyrex|[spread] p2a,p1a,p1b\n|-supereffective|p2a: Miraidon\n|-supereffective|p1a: Regieleki\n|-damage|p2a: Miraidon|62/100\n|-damage|p1a: Regieleki|19/100\n|-damage|p1b: Calyrex|87/100\n|\n|-heal|p1b: Calyrex|93/100|[from] item: Leftovers\n|-heal|p2b: Dondozo|72/100|[from] item: Leftovers\n|upkeep\n|turn|3\n|l|\u2606Sheevp\n|player|p1|\n|j|\u2606Sheevp\n|player|p1|Sheevp|170|\n|\n|t:|1774287529\n|move|p2b: Dondozo|Protect|p2b: Dondozo\n|-singleturn|p2b: Dondozo|Protect\n|move|p1a: Regieleki|Thunderbolt|p2b: Dondozo\n|-activate|p2b: Dondozo|move: Protect\n|move|p2a: Miraidon|Volt Switch|p1b: Calyrex\n|-damage|p1b: Calyrex|52/100\n|\n|t:|1774287537\n|switch|p2a: Tatsugiri|Tatsugiri, L50, F|100/100|[from] Volt Switch\n|-activate|p2a: Tatsugiri|ability: Commander|[of] p2b: Dondozo\n|-boost|p2b: Dondozo|atk|2\n|-boost|p2b: Dondozo|spa|2\n|-boost|p2b: Dondozo|spe|2\n|-boost|p2b: Dondozo|def|2\n|-boost|p2b: Dondozo|spd|2\n|move|p1b: Calyrex|Glacial Lance|p2a: Tatsugiri|[spread] \n|-miss|p1b: Calyrex|p2a: Tatsugiri\n|-activate|p2b: Dondozo|move: Protect\n|\n|-heal|p2b: Dondozo|78/100|[from] item: Leftovers\n|-heal|p1b: Calyrex|58/100|[from] item: Leftovers\n|upkeep\n|turn|4\n|\n|t:|1774287547\n|move|p1a: Regieleki|Thunderbolt|p2b: Dondozo\n|-supereffective|p2b: Dondozo\n|-damage|p2b: Dondozo|37/100\n|move|p2b: Dondozo|Earthquake|p1b: Calyrex|[spread] p1a,p1b\n|-miss|p2b: Dondozo|p2a: Tatsugiri\n|-supereffective|p1a: Regieleki\n|-damage|p1a: Regieleki|0 fnt\n|-damage|p1b: Calyrex|30/100\n|faint|p1a: Regieleki\n|move|p1b: Calyrex|Leech Seed|p2b: Dondozo\n|-start|p2b: Dondozo|move: Leech Seed\n|\n|-heal|p2b: Dondozo|44/100|[from] item: Leftovers\n|-heal|p1b: Calyrex|36/100|[from] item: Leftovers\n|-damage|p2b: Dondozo|31/100|[from] Leech Seed|[of] p1b: Calyrex\n|-heal|p1b: Calyrex|51/100|[silent]\n|upkeep\n|\n|t:|1774287562\n|switch|p1a: Koraidon|Koraidon, L50|100/100\n|-weather|SunnyDay|[from] ability: Orichalcum Pulse|[of] p1a: Koraidon\n|-activate|p1a: Koraidon|Orichalcum Pulse|[source]\n|turn|5\n|\n|t:|1774287571\n|move|p1a: Koraidon|Protect|p1a: Koraidon\n|-singleturn|p1a: Koraidon|Protect\n|move|p1b: Calyrex|Protect|p1b: Calyrex\n|-singleturn|p1b: Calyrex|Protect\n|move|p2b: Dondozo|Earthquake|p1b: Calyrex|[spread] \n|-miss|p2b: Dondozo|p2a: Tatsugiri\n|-activate|p1a: Koraidon|move: Protect\n|-activate|p1b: Calyrex|move: Protect\n|\n|-weather|SunnyDay|[upkeep]\n|-heal|p2b: Dondozo|37/100|[from] item: Leftovers\n|-heal|p1b: Calyrex|57/100|[from] item: Leftovers\n|-damage|p2b: Dondozo|25/100|[from] Leech Seed|[of] p1b: Calyrex\n|-heal|p1b: Calyrex|72/100|[silent]\n|upkeep\n|turn|6\n|l|\u2606Sheevp\n|player|p1|\n|j|\u2606Sheevp\n|player|p1|Sheevp|170|\n|\n|t:|1774287603\n|move|p1a: Koraidon|Close Combat|p2b: Dondozo\n|-damage|p2b: Dondozo|0 fnt\n|-unboost|p1a: Koraidon|def|1\n|-unboost|p1a: Koraidon|spd|1\n|faint|p2b: Dondozo\n|-damage|p1a: Koraidon|91/100|[from] item: Life Orb\n|move|p1b: Calyrex|Glacial Lance|p2a: Tatsugiri\n|-damage|p2a: Tatsugiri|0 fnt\n|faint|p2a: Tatsugiri\n|-ability|p1b: Calyrex|Chilling Neigh|boost\n|-boost|p1b: Calyrex|atk|1\n|\n|-weather|SunnyDay|[upkeep]\n|-heal|p1b: Calyrex|78/100|[from] item: Leftovers\n|-fieldend|move: Electric Terrain\n|upkeep\n|\n|t:|1774287607\n|switch|p2a: Miraidon|Miraidon, L50|62/100\n|switch|p2b: Grimmsnarl|Grimmsnarl, L50, M|25/100\n|-fieldstart|move: Electric Terrain|[from] ability: Hadron Engine|[of] p2a: Miraidon\n|turn|7\n|\n|t:|1774287622\n|-terastallize|p2a: Miraidon|Ghost\n|move|p1a: Koraidon|Protect|p1a: Koraidon\n|-singleturn|p1a: Koraidon|Protect\n|move|p2b: Grimmsnarl|Reflect|p2b: Grimmsnarl\n|-sidestart|p2: Dbzone9001|Reflect\n|move|p2a: Miraidon|Electro Drift|p1b: Calyrex\n|-damage|p1b: Calyrex|19/100\n|move|p1b: Calyrex|Glacial Lance|p2b: Grimmsnarl|[spread] p2a,p2b\n|-damage|p2a: Miraidon|17/100\n|-damage|p2b: Grimmsnarl|0 fnt\n|faint|p2b: Grimmsnarl\n|-ability|p1b: Calyrex|Chilling Neigh|boost\n|-boost|p1b: Calyrex|atk|1\n|\n|-weather|SunnyDay|[upkeep]\n|-heal|p1b: Calyrex|25/100|[from] item: Leftovers\n|upkeep\n|turn|8\n|-message|Dbzone9001 forfeited.\n|\n|win|Sheevp\n|raw|Sheevp's rating: 1460 &rarr; <strong>1485</strong><br />(+25 for winning)\n|raw|Dbzone9001's rating: 1548 &rarr; <strong>1523</strong><br />(-25 for losing)\n|l|\u2606Dbzone9001\n|player|p2|\n|l|\u2606Sheevp\n|player|p1|\n","uploadtime":1774287793,"views":7,"formatid":"gen9vgc2026regi","rating":1485,"private":0,"password":null}