{"id":"gen9vgc2026regi-2590357874","format":"[Gen 9] VGC 2026 Reg I","players":["bullgod4ever","big_lenny99"],"log":"|j|\u2606bullgod4ever\n|j|\u2606big_lenny99\n|t:|1776803574\n|gametype|doubles\n|player|p1|bullgod4ever|265|1496\n|player|p2|big_lenny99|hilbert|1595\n|gen|9\n|tier|[Gen 9] VGC 2026 Reg I\n|rated|\n|rule|Species Clause: Limit one of each Pok\u00e9mon\n|rule|Item Clause: Limit 1 of each item\n|clearpoke\n|poke|p1|Calyrex-Shadow, L50|\n|poke|p1|Zamazenta-*, L50|\n|poke|p1|Chien-Pao, L50|\n|poke|p1|Dragonite, L50, M|\n|poke|p1|Amoonguss, L50, F|\n|poke|p1|Ogerpon-Cornerstone, L50, F|\n|poke|p2|Groudon, L50|\n|poke|p2|Amoonguss, L50, M|\n|poke|p2|Volcarona, L50, F|\n|poke|p2|Lunala, L50|\n|poke|p2|Incineroar, L50, M|\n|poke|p2|Whimsicott, L50, F|\n|teampreview|4\n|inactive|Battle timer is ON: inactive players will automatically lose when time's up. (requested by big_lenny99)\n|\n|t:|1776803605\n|teamsize|p1|4\n|teamsize|p2|4\n|start\n|switch|p1a: Dragonite|Dragonite, L50, M|100/100\n|switch|p1b: Chien-Pao|Chien-Pao, L50|100/100\n|switch|p2a: Whimsicott|Whimsicott, L50, F|100/100\n|switch|p2b: Incineroar|Incineroar, L50, M|100/100\n|-ability|p1b: Chien-Pao|Sword of Ruin\n|-ability|p2b: Incineroar|Intimidate|boost\n|-fail|p1a: Dragonite|unboost|Attack|[from] ability: Inner Focus|[of] p1a: Dragonite\n|-unboost|p1b: Chien-Pao|atk|1\n|turn|1\n|inactive|bullgod4ever has 30 seconds left.\n|\n|t:|1776803631\n|-terastallize|p1a: Dragonite|Normal\n|move|p2b: Incineroar|Fake Out|p1b: Chien-Pao\n|-damage|p1b: Chien-Pao|86/100\n|move|p1a: Dragonite|Extreme Speed|p2a: Whimsicott\n|-damage|p2a: Whimsicott|0 fnt\n|faint|p2a: Whimsicott\n|cant|p1b: Chien-Pao|flinch\n|\n|upkeep\n|\n|t:|1776803637\n|switch|p2a: Lunala|Lunala, L50|100/100\n|turn|2\n|\n|t:|1776803648\n|-terastallize|p2a: Lunala|Fairy\n|move|p1a: Dragonite|Extreme Speed|p2b: Incineroar\n|-damage|p2b: Incineroar|11/100\n|move|p1b: Chien-Pao|Ruination|p2a: Lunala\n|-damage|p2a: Lunala|50/100\n|move|p2b: Incineroar|Flare Blitz|p1b: Chien-Pao\n|-supereffective|p1b: Chien-Pao\n|-damage|p1b: Chien-Pao|0 fnt\n|faint|p1b: Chien-Pao\n|-damage|p2b: Incineroar|0 fnt|[from] Recoil\n|faint|p2b: Incineroar\n|move|p2a: Lunala|Trick Room|p2a: Lunala\n|-fieldstart|move: Trick Room|[of] p2a: Lunala\n|\n|-heal|p2a: Lunala|57/100|[from] item: Leftovers\n|upkeep\n|\n|t:|1776803666\n|switch|p2b: Groudon|Groudon, L50|100/100\n|switch|p1b: Zamazenta|Zamazenta-Crowned, L50|100/100\n|-weather|SunnyDay|[from] ability: Drought|[of] p2b: Groudon\n|-ability|p1b: Zamazenta|Dauntless Shield|boost\n|-boost|p1b: Zamazenta|def|1\n|turn|3\n|\n|t:|1776803676\n|move|p1b: Zamazenta|Wide Guard|p1b: Zamazenta\n|-singleturn|p1b: Zamazenta|Wide Guard\n|move|p1a: Dragonite|Extreme Speed|p2a: Lunala\n|-damage|p2a: Lunala|7/100\n|move|p2b: Groudon|Precipice Blades|p1b: Zamazenta|[spread] \n|-activate|p1a: Dragonite|move: Wide Guard\n|-activate|p1b: Zamazenta|move: Wide Guard\n|move|p2a: Lunala|Moonblast|p1b: Zamazenta\n|-damage|p1b: Zamazenta|62/100\n|-unboost|p1b: Zamazenta|spa|1\n|\n|-weather|SunnyDay|[upkeep]\n|-heal|p2a: Lunala|13/100|[from] item: Leftovers\n|upkeep\n|turn|4\n|\n|t:|1776803694\n|move|p1b: Zamazenta|Wide Guard|p1b: Zamazenta\n|-singleturn|p1b: Zamazenta|Wide Guard\n|move|p1a: Dragonite|Extreme Speed|p2a: Lunala\n|-damage|p2a: Lunala|0 fnt\n|faint|p2a: Lunala\n|move|p2b: Groudon|Precipice Blades|p1b: Zamazenta|[spread] \n|-activate|p1a: Dragonite|move: Wide Guard\n|-activate|p1b: Zamazenta|move: Wide Guard\n|\n|-weather|SunnyDay|[upkeep]\n|upkeep\n|turn|5\n|\n|t:|1776803712\n|move|p2b: Groudon|Protect|p2b: Groudon\n|-singleturn|p2b: Groudon|Protect\n|move|p1b: Zamazenta|Wide Guard|p1b: Zamazenta\n|-singleturn|p1b: Zamazenta|Wide Guard\n|move|p1a: Dragonite|Extreme Speed|p2b: Groudon\n|-activate|p2b: Groudon|move: Protect\n|\n|-weather|SunnyDay|[upkeep]\n|upkeep\n|turn|6\n|\n|t:|1776803724\n|move|p1b: Zamazenta|Wide Guard|p1b: Zamazenta\n|-singleturn|p1b: Zamazenta|Wide Guard\n|move|p1a: Dragonite|Extreme Speed|p2b: Groudon\n|-damage|p2b: Groudon|54/100\n|move|p2b: Groudon|Precipice Blades|p1b: Zamazenta|[spread] \n|-activate|p1a: Dragonite|move: Wide Guard\n|-activate|p1b: Zamazenta|move: Wide Guard\n|\n|-weather|SunnyDay|[upkeep]\n|-fieldend|move: Trick Room\n|upkeep\n|turn|7\n|\n|t:|1776803737\n|move|p1a: Dragonite|Extreme Speed|p2b: Groudon\n|-damage|p2b: Groudon|11/100\n|move|p1b: Zamazenta|Body Press|p2b: Groudon\n|-damage|p2b: Groudon|0 fnt\n|faint|p2b: Groudon\n|\n|win|bullgod4ever\n|raw|bullgod4ever's rating: 1496 &rarr; <strong>1522</strong><br />(+26 for winning)\n|raw|big_lenny99's rating: 1595 &rarr; <strong>1569</strong><br />(-26 for losing)\n|l|\u2606big_lenny99\n|player|p2|\n|l|\u2606bullgod4ever\n|player|p1|\n","uploadtime":1776803940,"views":10,"formatid":"gen9vgc2026regi","rating":1522,"private":0,"password":null}