{"id":"gen9vgc2026regi-2560011744","format":"[Gen 9] VGC 2026 Reg I","players":["It'sJustKen VGC","ZJESKIN"],"log":"|j|\u2606It'sJustKen VGC\n|j|\u2606ZJESKIN\n|t:|1773635730\n|gametype|doubles\n|player|p1|It'sJustKen VGC|102|1365\n|player|p2|ZJESKIN|266|1467\n|gen|9\n|tier|[Gen 9] VGC 2026 Reg I\n|rated|\n|rule|Species Clause: Limit one of each Pok\u00e9mon\n|rule|Item Clause: Limit 1 of each item\n|clearpoke\n|poke|p1|Landorus, L50, M|\n|poke|p1|Amoonguss, L50, F|\n|poke|p1|Calyrex-Ice, L50|\n|poke|p1|Incineroar, L50, F|\n|poke|p1|Urshifu-*, L50, F|\n|poke|p1|Miraidon, L50|\n|poke|p2|Raichu, L50, M|\n|poke|p2|Kyogre, L50|\n|poke|p2|Rillaboom, L50, F|\n|poke|p2|Flutter Mane, L50|\n|poke|p2|Zamazenta-*, L50|\n|poke|p2|Tornadus, L50, M|\n|teampreview|4\n|inactive|Battle timer is ON: inactive players will automatically lose when time's up. (requested by It'sJustKen VGC)\n|inactive|It'sJustKen VGC has 60 seconds left.\n|\n|t:|1773635770\n|teamsize|p1|4\n|teamsize|p2|4\n|start\n|switch|p1a: Russel|Calyrex-Ice, L50|100/100\n|switch|p1b: Piastri|Amoonguss, L50, F|100/100\n|switch|p2a: Kyogre|Kyogre, L50, shiny|100/100\n|switch|p2b: Rillaboom|Rillaboom, L50, F, shiny|100/100\n|-ability|p1a: Russel|As One\n|-ability|p1a: Russel|Unnerve\n|-weather|RainDance|[from] ability: Drizzle|[of] p2a: Kyogre\n|-fieldstart|move: Grassy Terrain|[from] ability: Grassy Surge|[of] p2b: Rillaboom\n|turn|1\n|\n|t:|1773635783\n|move|p1a: Russel|Protect|p1a: Russel\n|-singleturn|p1a: Russel|Protect\n|move|p2b: Rillaboom|Fake Out|p1b: Piastri\n|-damage|p1b: Piastri|88/100\n|move|p2a: Kyogre|Water Spout|p1a: Russel|[spread] p1b\n|-activate|p1a: Russel|move: Protect\n|-resisted|p1b: Piastri\n|-damage|p1b: Piastri|44/100\n|-enditem|p1b: Piastri|Sitrus Berry|[eat]\n|-heal|p1b: Piastri|69/100|[from] item: Sitrus Berry\n|cant|p1b: Piastri|flinch\n|\n|-weather|RainDance|[upkeep]\n|-heal|p1b: Piastri|75/100|[from] Grassy Terrain\n|upkeep\n|turn|2\n|\n|t:|1773635792\n|switch|p1a: Hamilton|Incineroar, L50, F|100/100\n|-ability|p1a: Hamilton|Intimidate|boost\n|-unboost|p2a: Kyogre|atk|1\n|-unboost|p2b: Rillaboom|atk|1\n|-terastallize|p2a: Kyogre|Water\n|move|p2a: Kyogre|Water Spout|p1b: Piastri|[spread] p1a,p1b\n|-supereffective|p1a: Hamilton\n|-resisted|p1b: Piastri\n|-damage|p1a: Hamilton|0 fnt\n|-damage|p1b: Piastri|21/100\n|faint|p1a: Hamilton\n|move|p2b: Rillaboom|U-turn|p1b: Piastri\n|-damage|p1b: Piastri|7/100\n|\n|t:|1773635806\n|switch|p2b: Zamazenta|Zamazenta-Crowned, L50, shiny|100/100|[from] U-turn\n|-ability|p2b: Zamazenta|Dauntless Shield|boost\n|-boost|p2b: Zamazenta|def|1\n|move|p1b: Piastri|Spore|p2a: Kyogre\n|-status|p2a: Kyogre|slp|[from] move: Spore\n|\n|-weather|RainDance|[upkeep]\n|-heal|p1b: Piastri|13/100|[from] Grassy Terrain\n|upkeep\n|\n|t:|1773635811\n|switch|p1a: Leclerc|Landorus, L50, M|100/100\n|turn|3\n|\n|t:|1773635828\n|switch|p1b: Russel|Calyrex-Ice, L50|100/100\n|-ability|p1b: Russel|As One\n|-ability|p1b: Russel|Unnerve\n|-terastallize|p1a: Leclerc|Ground\n|cant|p2a: Kyogre|slp\n|move|p2b: Zamazenta|Body Press|p1b: Russel\n|-crit|p1b: Russel\n|-damage|p1b: Russel|38/100\n|move|p1a: Leclerc|Earth Power|p2a: Kyogre\n|-damage|p2a: Kyogre|17/100 slp\n|\n|-weather|RainDance|[upkeep]\n|-heal|p2a: Kyogre|23/100 slp|[from] Grassy Terrain\n|-heal|p1b: Russel|44/100|[from] Grassy Terrain\n|upkeep\n|turn|4\n|\n|t:|1773635847\n|switch|p2a: Rillaboom|Rillaboom, L50, F, shiny|100/100\n|move|p2b: Zamazenta|Iron Defense|p2b: Zamazenta\n|-boost|p2b: Zamazenta|def|2\n|move|p1a: Leclerc|Sandsear Storm|p2b: Zamazenta|[spread] p2a,p2b\n|-resisted|p2a: Rillaboom\n|-supereffective|p2b: Zamazenta\n|-damage|p2a: Rillaboom|62/100\n|-damage|p2b: Zamazenta|0 fnt\n|faint|p2b: Zamazenta\n|move|p1b: Russel|Trick Room|p1b: Russel\n|-fieldstart|move: Trick Room|[of] p1b: Russel\n|\n|-weather|RainDance|[upkeep]\n|-heal|p1b: Russel|50/100|[from] Grassy Terrain\n|-heal|p2a: Rillaboom|68/100|[from] Grassy Terrain\n|upkeep\n|\n|t:|1773635858\n|switch|p2b: Kyogre|Kyogre, L50, shiny, tera:Water|23/100 slp\n|turn|5\n|\n|t:|1773635866\n|move|p1b: Russel|Protect|p1b: Russel\n|-singleturn|p1b: Russel|Protect\n|move|p1a: Leclerc|Protect|p1a: Leclerc\n|-singleturn|p1a: Leclerc|Protect\n|move|p2a: Rillaboom|Grassy Glide|p1a: Leclerc\n|-activate|p1a: Leclerc|move: Protect\n|cant|p2b: Kyogre|slp\n|\n|-weather|none\n|-heal|p1b: Russel|56/100|[from] Grassy Terrain\n|-heal|p2a: Rillaboom|73/100|[from] Grassy Terrain\n|-heal|p2b: Kyogre|29/100 slp|[from] Grassy Terrain\n|-fieldend|move: Grassy Terrain\n|upkeep\n|turn|6\n|\n|t:|1773635876\n|switch|p2a: Tornadus|Tornadus, L50, M|100/100\n|switch|p1a: Piastri|Amoonguss, L50, F|46/100\n|move|p1b: Russel|Glacial Lance|p2a: Tornadus|[spread] p2a,p2b\n|-supereffective|p2a: Tornadus\n|-resisted|p2b: Kyogre\n|-damage|p2a: Tornadus|0 fnt\n|-damage|p2b: Kyogre|0 fnt\n|faint|p2a: Tornadus\n|faint|p2b: Kyogre\n|-ability|p1b: Russel|Chilling Neigh|boost\n|-boost|p1b: Russel|atk|2\n|\n|upkeep\n|-message|ZJESKIN forfeited.\n|\n|win|It'sJustKen VGC\n|raw|It&apos;sJustKen VGC's rating: 1365 &rarr; <strong>1391</strong><br />(+26 for winning)\n|raw|ZJESKIN's rating: 1467 &rarr; <strong>1441</strong><br />(-26 for losing)\n|l|\u2606ZJESKIN\n|player|p2|\n|l|\u2606It'sJustKen VGC\n|player|p1|\n","uploadtime":1773635887,"views":13,"formatid":"gen9vgc2026regi","rating":1391,"private":0,"password":null}