{"id":"gen9vgc2026regi-2566917650","format":"[Gen 9] VGC 2026 Reg I","players":["NewAdi6","Jonen"],"log":"|j|\u2606NewAdi6\n|j|\u2606Jonen\n|t:|1774429481\n|gametype|doubles\n|player|p1|NewAdi6|102|1499\n|player|p2|Jonen|medium|1541\n|gen|9\n|tier|[Gen 9] VGC 2026 Reg I\n|rated|\n|rule|Species Clause: Limit one of each Pok\u00e9mon\n|rule|Item Clause: Limit 1 of each item\n|clearpoke\n|poke|p1|Calyrex-Shadow, L50|\n|poke|p1|Zamazenta-*, L50|\n|poke|p1|Whimsicott, L50, F|\n|poke|p1|Chien-Pao, L50|\n|poke|p1|Raging Bolt, L50|\n|poke|p1|Urshifu-*, L50, M|\n|poke|p2|Groudon, L50|\n|poke|p2|Lunala, L50|\n|poke|p2|Sableye, L50, F|\n|poke|p2|Chi-Yu, L50|\n|poke|p2|Rillaboom, L50, M|\n|poke|p2|Jumpluff, L50, M|\n|teampreview|4\n|\n|t:|1774429511\n|teamsize|p1|4\n|teamsize|p2|4\n|start\n|switch|p1a: Whimsicott|Whimsicott, L50, F, shiny|100/100\n|switch|p1b: Urshifu|Urshifu-Rapid-Strike, L50, M|100/100\n|switch|p2a: Groudon|Groudon, L50|100/100\n|switch|p2b: Jumpluff|Jumpluff, L50, M|100/100\n|-weather|SunnyDay|[from] ability: Drought|[of] p2a: Groudon\n|turn|1\n|inactive|Battle timer is ON: inactive players will automatically lose when time's up. (requested by NewAdi6)\n|\n|t:|1774429527\n|move|p1a: Whimsicott|Taunt|p2b: Jumpluff\n|-start|p2b: Jumpluff|move: Taunt\n|cant|p2b: Jumpluff|move: Taunt|Sleep Powder\n|move|p1b: Urshifu|Surging Strikes|p2a: Groudon\n|-supereffective|p2a: Groudon\n|-crit|p2a: Groudon\n|-damage|p2a: Groudon|84/100\n|-supereffective|p2a: Groudon\n|-crit|p2a: Groudon\n|-damage|p2a: Groudon|66/100\n|-supereffective|p2a: Groudon\n|-crit|p2a: Groudon\n|-damage|p2a: Groudon|50/100\n|-hitcount|p2a: Groudon|3\n|move|p2a: Groudon|Heat Crash|p1a: Whimsicott\n|-supereffective|p1a: Whimsicott\n|-damage|p1a: Whimsicott|0 fnt\n|faint|p1a: Whimsicott\n|-damage|p2a: Groudon|40/100|[from] item: Life Orb\n|\n|-weather|SunnyDay|[upkeep]\n|upkeep\n|\n|t:|1774429546\n|switch|p1a: Calyrex|Calyrex-Shadow, L50|100/100\n|-ability|p1a: Calyrex|As One\n|-ability|p1a: Calyrex|Unnerve\n|turn|2\n|\n|t:|1774429566\n|move|p2b: Jumpluff|Pollen Puff|p2a: Groudon\n|-heal|p2a: Groudon|89/100\n|move|p1a: Calyrex|Astral Barrage|p2a: Groudon|[spread] p2a,p2b\n|-damage|p2a: Groudon|35/100\n|-damage|p2b: Jumpluff|44/100\n|move|p1b: Urshifu|Surging Strikes|p2b: Jumpluff\n|-resisted|p2b: Jumpluff\n|-crit|p2b: Jumpluff\n|-damage|p2b: Jumpluff|37/100\n|-resisted|p2b: Jumpluff\n|-crit|p2b: Jumpluff\n|-damage|p2b: Jumpluff|30/100\n|-resisted|p2b: Jumpluff\n|-crit|p2b: Jumpluff\n|-damage|p2b: Jumpluff|24/100\n|-hitcount|p2b: Jumpluff|3\n|move|p2a: Groudon|Precipice Blades|p1b: Urshifu|[spread] p1a,p1b\n|-damage|p1a: Calyrex|5/100\n|-damage|p1b: Urshifu|34/100\n|-damage|p2a: Groudon|25/100|[from] item: Life Orb\n|\n|-weather|SunnyDay|[upkeep]\n|upkeep\n|turn|3\n|\n|t:|1774429582\n|switch|p2a: Lunala|Lunala, L50|100/100\n|move|p2b: Jumpluff|Pollen Puff|p1a: Calyrex\n|-damage|p1a: Calyrex|0 fnt\n|faint|p1a: Calyrex\n|move|p1b: Urshifu|Surging Strikes|p2a: Lunala\n|-crit|p2a: Lunala\n|-damage|p2a: Lunala|96/100\n|-crit|p2a: Lunala\n|-damage|p2a: Lunala|86/100\n|-crit|p2a: Lunala\n|-damage|p2a: Lunala|75/100\n|-hitcount|p2a: Lunala|3\n|\n|-weather|SunnyDay|[upkeep]\n|-end|p2b: Jumpluff|move: Taunt\n|upkeep\n|\n|t:|1774429588\n|switch|p1a: Chien-Pao|Chien-Pao, L50, shiny|100/100\n|-ability|p1a: Chien-Pao|Sword of Ruin\n|turn|4\n|\n|t:|1774429601\n|-terastallize|p2a: Lunala|Fairy\n|move|p1a: Chien-Pao|Protect|p1a: Chien-Pao\n|-singleturn|p1a: Chien-Pao|Protect\n|move|p2b: Jumpluff|Tailwind|p2b: Jumpluff\n|-sidestart|p2: Jonen|move: Tailwind\n|move|p2a: Lunala|Moonblast|p1b: Urshifu\n|-supereffective|p1b: Urshifu\n|-damage|p1b: Urshifu|0 fnt\n|faint|p1b: Urshifu\n|\n|-weather|SunnyDay|[upkeep]\n|upkeep\n|turn|5\n|\n|t:|1774429610\n|-terastallize|p1a: Chien-Pao|Stellar\n|move|p2b: Jumpluff|Pollen Puff|p1a: Chien-Pao\n|-supereffective|p1a: Chien-Pao\n|-damage|p1a: Chien-Pao|58/100\n|move|p2a: Lunala|Moonblast|p1a: Chien-Pao\n|-supereffective|p1a: Chien-Pao\n|-damage|p1a: Chien-Pao|0 fnt\n|faint|p1a: Chien-Pao\n|\n|win|Jonen\n|raw|NewAdi6's rating: 1499 &rarr; <strong>1481</strong><br />(-18 for losing)\n|raw|Jonen's rating: 1541 &rarr; <strong>1559</strong><br />(+18 for winning)\n|l|\u2606Jonen\n|player|p2|\n","uploadtime":1774429611,"views":20,"formatid":"gen9vgc2026regi","rating":1481,"private":0,"password":null}