{"id":"gen9vgc2026regi-2574008277","format":"[Gen 9] VGC 2026 Reg I","players":["1VLTSQ Joker","The Umpire"],"log":"|raw|<div class=\"broadcast-blue\"><strong>This battle is required to be public due to a player having a name starting with '1vltsq'.</div>\n|j|\u26061VLTSQ Joker\n|j|\u2606The Umpire\n|t:|1775188098\n|gametype|doubles\n|player|p1|1VLTSQ Joker|blue|1605\n|player|p2|The Umpire|brawly|1667\n|gen|9\n|tier|[Gen 9] VGC 2026 Reg I\n|rated|\n|rule|Species Clause: Limit one of each Pok\u00e9mon\n|rule|Item Clause: Limit 1 of each item\n|clearpoke\n|poke|p1|Calyrex-Ice, L50|\n|poke|p1|Smeargle, L50, M|\n|poke|p1|Kyogre, L50|\n|poke|p1|Maushold, L50|\n|poke|p1|Volcarona, L50, M|\n|poke|p1|Pawmot, L50, F|\n|poke|p2|Calyrex-Shadow, L50|\n|poke|p2|Zamazenta-*, L50|\n|poke|p2|Chien-Pao, L50|\n|poke|p2|Dragonite, L50, M|\n|poke|p2|Raging Bolt, L50|\n|poke|p2|Amoonguss, L50, F|\n|teampreview|4\n|\n|t:|1775188169\n|teamsize|p1|4\n|teamsize|p2|4\n|start\n|switch|p1a: Smeargle|Smeargle, L50, M|100/100\n|switch|p1b: Volcarona|Volcarona, L50, M|100/100\n|switch|p2a: Zamazenta|Zamazenta-Crowned, L50|100/100\n|switch|p2b: Chien-Pao|Chien-Pao, L50|100/100\n|-ability|p2b: Chien-Pao|Sword of Ruin\n|-ability|p2a: Zamazenta|Dauntless Shield|boost\n|-boost|p2a: Zamazenta|def|1\n|turn|1\n|\n|t:|1775188183\n|move|p1a: Smeargle|Fake Out|p2a: Zamazenta\n|-resisted|p2a: Zamazenta\n|-damage|p2a: Zamazenta|99/100\n|move|p2b: Chien-Pao|Icy Wind|p1b: Volcarona|[spread] p1a,p1b\n|-resisted|p1b: Volcarona\n|-damage|p1a: Smeargle|78/100\n|-damage|p1b: Volcarona|95/100\n|-unboost|p1a: Smeargle|spe|1\n|-unboost|p1b: Volcarona|spe|1\n|cant|p2a: Zamazenta|flinch\n|move|p1b: Volcarona|Tailwind|p1b: Volcarona\n|-sidestart|p1: 1VLTSQ Joker|move: Tailwind\n|\n|-ability|p1a: Smeargle|Moody|boost\n|-boost|p1a: Smeargle|spe|2\n|-unboost|p1a: Smeargle|def|1\n|upkeep\n|turn|2\n|\n|t:|1775188211\n|move|p1a: Smeargle|Spore|p2a: Zamazenta\n|-status|p2a: Zamazenta|slp|[from] move: Spore\n|move|p2b: Chien-Pao|Icy Wind|p1b: Volcarona|[spread] p1b\n|-miss|p2b: Chien-Pao|p1a: Smeargle\n|-resisted|p1b: Volcarona\n|-damage|p1b: Volcarona|91/100\n|-unboost|p1b: Volcarona|spe|1\n|cant|p2a: Zamazenta|slp\n|move|p1b: Volcarona|Flamethrower|p2b: Chien-Pao\n|-supereffective|p2b: Chien-Pao\n|-damage|p2b: Chien-Pao|32/100\n|\n|-ability|p1a: Smeargle|Moody|boost\n|-boost|p1a: Smeargle|atk|2\n|-unboost|p1a: Smeargle|def|1\n|upkeep\n|turn|3\n|\n|t:|1775188239\n|move|p1a: Smeargle|Spore|p2b: Chien-Pao\n|-status|p2b: Chien-Pao|slp|[from] move: Spore\n|cant|p2b: Chien-Pao|slp\n|cant|p2a: Zamazenta|slp\n|move|p1b: Volcarona|Flamethrower|p2a: Zamazenta\n|-supereffective|p2a: Zamazenta\n|-crit|p2a: Zamazenta\n|-damage|p2a: Zamazenta|24/100 slp\n|\n|-ability|p1a: Smeargle|Moody|boost\n|-boost|p1a: Smeargle|atk|2\n|-unboost|p1a: Smeargle|spe|1\n|upkeep\n|turn|4\n|\n|t:|1775188257\n|move|p1a: Smeargle|Decorate|p1b: Volcarona\n|-boost|p1b: Volcarona|atk|2\n|-boost|p1b: Volcarona|spa|2\n|cant|p2b: Chien-Pao|slp\n|-curestatus|p2a: Zamazenta|slp|[msg]\n|move|p2a: Zamazenta|Body Press|p1b: Volcarona\n|-resisted|p1b: Volcarona\n|-damage|p1b: Volcarona|52/100\n|-damage|p2a: Zamazenta|7/100|[from] item: Rocky Helmet|[of] p1b: Volcarona\n|move|p1b: Volcarona|Flamethrower|p2b: Chien-Pao\n|-supereffective|p2b: Chien-Pao\n|-damage|p2b: Chien-Pao|0 fnt\n|faint|p2b: Chien-Pao\n|\n|-sideend|p1: 1VLTSQ Joker|move: Tailwind\n|-ability|p1a: Smeargle|Moody|boost\n|-boost|p1a: Smeargle|spd|2\n|-unboost|p1a: Smeargle|def|1\n|upkeep\n|\n|t:|1775188267\n|switch|p2b: Calyrex|Calyrex-Shadow, L50|100/100\n|-ability|p2b: Calyrex|As One\n|-ability|p2b: Calyrex|Unnerve\n|turn|5\n|inactive|Battle timer is ON: inactive players will automatically lose when time's up. (requested by The Umpire)\n|\n|t:|1775188327\n|-terastallize|p2b: Calyrex|Ghost\n|-terastallize|p1b: Volcarona|Normal\n|move|p1a: Smeargle|Follow Me|p1a: Smeargle\n|-singleturn|p1a: Smeargle|move: Follow Me\n|move|p2b: Calyrex|Astral Barrage|p1a: Smeargle|[spread] \n|-immune|p1a: Smeargle\n|-immune|p1b: Volcarona\n|move|p2a: Zamazenta|Behemoth Bash|p1a: Smeargle\n|-damage|p1a: Smeargle|0 fnt\n|faint|p1a: Smeargle\n|move|p1b: Volcarona|Flamethrower|p2b: Calyrex\n|-damage|p2b: Calyrex|24/100\n|\n|upkeep\n|\n|t:|1775188344\n|switch|p1a: Kyogre|Kyogre, L50|100/100\n|-weather|RainDance|[from] ability: Drizzle|[of] p1a: Kyogre\n|turn|6\n|\n|t:|1775188367\n|move|p2b: Calyrex|Protect|p2b: Calyrex\n|-singleturn|p2b: Calyrex|Protect\n|move|p1a: Kyogre|Thunder|p2a: Zamazenta\n|-damage|p2a: Zamazenta|0 fnt\n|faint|p2a: Zamazenta\n|move|p1b: Volcarona|Flamethrower|p2b: Calyrex\n|-activate|p2b: Calyrex|move: Protect\n|\n|-weather|RainDance|[upkeep]\n|upkeep\n|\n|t:|1775188371\n|switch|p2a: Amoonguss|Amoonguss, L50, F|100/100\n|turn|7\n|\n|t:|1775188386\n|switch|p1a: Calyrex|Calyrex-Ice, L50|100/100\n|-ability|p1a: Calyrex|As One\n|-ability|p1a: Calyrex|Unnerve\n|move|p2a: Amoonguss|Rage Powder|p2a: Amoonguss\n|-singleturn|p2a: Amoonguss|move: Rage Powder\n|move|p2b: Calyrex|Psychic|p1b: Volcarona\n|-damage|p1b: Volcarona|5/100\n|move|p1b: Volcarona|Flamethrower|p2a: Amoonguss\n|-supereffective|p2a: Amoonguss\n|-damage|p2a: Amoonguss|42/100\n|\n|-weather|RainDance|[upkeep]\n|upkeep\n|turn|8\n|\n|t:|1775188402\n|move|p2b: Calyrex|Astral Barrage|p1a: Calyrex|[spread] p1a\n|-immune|p1b: Volcarona\n|-supereffective|p1a: Calyrex\n|-damage|p1a: Calyrex|28/100\n|move|p1a: Calyrex|Glacial Lance|p2a: Amoonguss|[spread] p2a,p2b\n|-supereffective|p2a: Amoonguss\n|-damage|p2a: Amoonguss|0 fnt\n|-damage|p2b: Calyrex|0 fnt\n|faint|p2a: Amoonguss\n|faint|p2b: Calyrex\n|\n|win|1VLTSQ Joker\n|raw|1VLTSQ Joker's rating: 1605 &rarr; <strong>1629</strong><br />(+24 for winning)\n|raw|The Umpire's rating: 1667 &rarr; <strong>1643</strong><br />(-24 for losing)\n|c|\u26061VLTSQ Joker|ggs\n","uploadtime":1775188413,"views":66,"formatid":"gen9vgc2026regi","rating":1629,"private":0,"password":null}