{"id":"gen9vgc2026regi-2586926677","format":"[Gen 9] VGC 2026 Reg I","players":["SalmonintheGanges","Luca8"],"log":"|j|\u2606SalmonintheGanges\n|j|\u2606Luca8\n|t:|1776472524\n|gametype|doubles\n|player|p1|SalmonintheGanges|fisherman|1548\n|player|p2|Luca8|flint|1452\n|gen|9\n|tier|[Gen 9] VGC 2026 Reg I\n|rated|\n|rule|Species Clause: Limit one of each Pok\u00e9mon\n|rule|Item Clause: Limit 1 of each item\n|clearpoke\n|poke|p1|Muk-Alola, L50, F|\n|poke|p1|Calyrex-Shadow, L50|\n|poke|p1|Terapagos, L50, M|\n|poke|p1|Smeargle, L50, F|\n|poke|p1|Flamigo, L50, M|\n|poke|p1|Zoroark-Hisui, L50, F|\n|poke|p2|Zamazenta-*, L50|\n|poke|p2|Indeedee-F, L50, F|\n|poke|p2|Torkoal, L50, M|\n|poke|p2|Calyrex-Shadow, L50|\n|poke|p2|Pelipper, L50, F|\n|poke|p2|Tornadus, L50, M|\n|teampreview|4\n|inactive|Battle timer is ON: inactive players will automatically lose when time's up. (requested by SalmonintheGanges)\n|inactive|Luca8 has 60 seconds left.\n|l|\u2606SalmonintheGanges\n|inactive|SalmonintheGanges disconnected and has a minute to reconnect!\n|player|p1|\n|\n|t:|1776472579\n|teamsize|p1|4\n|teamsize|p2|4\n|start\n|switch|p1a: Smeargle|Smeargle, L50, F|100/100\n|switch|p1b: Muk|Muk-Alola, L50, F|100/100\n|switch|p2a: Pelipper|Pelipper, L50, F|100/100\n|switch|p2b: Indeedee|Indeedee-F, L50, F|100/100\n|-fieldstart|move: Psychic Terrain|[from] ability: Psychic Surge|[of] p2b: Indeedee\n|-weather|RainDance|[from] ability: Drizzle|[of] p2a: Pelipper\n|turn|1\n|j|\u2606SalmonintheGanges\n|inactive|SalmonintheGanges reconnected and has 55 seconds left.\n|player|p1|SalmonintheGanges|fisherman|\n|\n|t:|1776472598\n|move|p2b: Indeedee|Follow Me|p2b: Indeedee\n|-singleturn|p2b: Indeedee|move: Follow Me\n|move|p1a: Smeargle|Spore|p2b: Indeedee\n|-activate|p2b: Indeedee|item: Safety Goggles|Spore\n|move|p2a: Pelipper|Muddy Water|p1b: Muk|[spread] p1a,p1b\n|-damage|p1a: Smeargle|5/100\n|-damage|p1b: Muk|72/100\n|-unboost|p1a: Smeargle|accuracy|1\n|move|p1b: Muk|Minimize|p1b: Muk\n|-boost|p1b: Muk|evasion|2\n|\n|-weather|RainDance|[upkeep]\n|-heal|p1b: Muk|78/100|[from] item: Leftovers\n|-ability|p1a: Smeargle|Moody|boost\n|-boost|p1a: Smeargle|atk|2\n|-unboost|p1a: Smeargle|def|1\n|upkeep\n|turn|2\n|\n|t:|1776472617\n|move|p2b: Indeedee|Follow Me|p2b: Indeedee\n|-singleturn|p2b: Indeedee|move: Follow Me\n|move|p1a: Smeargle|Salt Cure|p2b: Indeedee|[miss]\n|-miss|p1a: Smeargle|p2b: Indeedee\n|move|p2a: Pelipper|Hurricane|p1b: Muk\n|-damage|p1b: Muk|47/100\n|move|p1b: Muk|Minimize|p1b: Muk\n|-boost|p1b: Muk|evasion|2\n|\n|-weather|RainDance|[upkeep]\n|-heal|p1b: Muk|54/100|[from] item: Leftovers\n|-ability|p1a: Smeargle|Moody|boost\n|-boost|p1a: Smeargle|def|2\n|-unboost|p1a: Smeargle|spa|1\n|upkeep\n|turn|3\n|inactive|SalmonintheGanges has 30 seconds left.\n|\n|t:|1776472648\n|move|p1b: Muk|Protect|p1b: Muk\n|-singleturn|p1b: Muk|Protect\n|move|p1a: Smeargle|Salt Cure|p2a: Pelipper\n|-supereffective|p2a: Pelipper\n|-damage|p2a: Pelipper|86/100\n|-start|p2a: Pelipper|Salt Cure\n|move|p2b: Indeedee|Hyper Voice|p1b: Muk|[spread] p1a\n|-activate|p1b: Muk|move: Protect\n|-damage|p1a: Smeargle|0 fnt\n|faint|p1a: Smeargle\n|-ability|p1b: Muk|Moody|Power of Alchemy|[from] ability: Power of Alchemy|[of] p1a: Smeargle\n|move|p2a: Pelipper|Hurricane|p1b: Muk\n|-activate|p1b: Muk|move: Protect\n|\n|-weather|RainDance|[upkeep]\n|-heal|p1b: Muk|60/100|[from] item: Leftovers\n|-damage|p2a: Pelipper|62/100|[from] Salt Cure\n|-ability|p1b: Muk|Moody|boost\n|-boost|p1b: Muk|atk|2\n|-unboost|p1b: Muk|spe|1\n|upkeep\n|\n|t:|1776472665\n|switch|p1a: Calyrex|Calyrex-Shadow, L50|100/100\n|-ability|p1a: Calyrex|As One\n|-ability|p1a: Calyrex|Unnerve\n|turn|4\n|\n|t:|1776472681\n|move|p1a: Calyrex|Astral Barrage|p2b: Indeedee|[spread] p2a\n|-immune|p2b: Indeedee\n|-damage|p2a: Pelipper|0 fnt\n|faint|p2a: Pelipper\n|-ability|p1a: Calyrex|Grim Neigh|boost\n|-boost|p1a: Calyrex|spa|1\n|move|p2b: Indeedee|Psychic|p1a: Calyrex\n|-resisted|p1a: Calyrex\n|-crit|p1a: Calyrex\n|-damage|p1a: Calyrex|76/100\n|move|p1b: Muk|Substitute|p1b: Muk\n|-start|p1b: Muk|Substitute\n|-damage|p1b: Muk|35/100\n|\n|-weather|RainDance|[upkeep]\n|-heal|p1b: Muk|41/100|[from] item: Leftovers\n|-ability|p1b: Muk|Moody|boost\n|-boost|p1b: Muk|spa|2\n|-unboost|p1b: Muk|spe|1\n|upkeep\n|\n|t:|1776472706\n|switch|p2a: Zamazenta|Zamazenta-Crowned, L50|100/100\n|-ability|p2a: Zamazenta|Dauntless Shield|boost\n|-boost|p2a: Zamazenta|def|1\n|turn|5\n|\n|t:|1776472718\n|switch|p2b: Tornadus|Tornadus, L50, M|100/100\n|move|p1a: Calyrex|Astral Barrage|p2a: Zamazenta|[spread] p2a,p2b\n|-damage|p2a: Zamazenta|58/100\n|-damage|p2b: Tornadus|27/100\n|move|p2a: Zamazenta|Crunch|p1a: Calyrex\n|-supereffective|p1a: Calyrex\n|-damage|p1a: Calyrex|0 fnt\n|faint|p1a: Calyrex\n|move|p1b: Muk|Minimize|p1b: Muk\n|-boost|p1b: Muk|evasion|2\n|\n|-weather|none\n|-heal|p1b: Muk|47/100|[from] item: Leftovers\n|-fieldend|move: Psychic Terrain\n|-ability|p1b: Muk|Moody|boost\n|-boost|p1b: Muk|spa|2\n|-unboost|p1b: Muk|spd|1\n|upkeep\n|\n|t:|1776472728\n|switch|p1a: Flamigo|Flamigo, L50, M|100/100\n|-copyboost|p1a: Flamigo|p1b: Muk|[from] ability: Costar\n|-enditem|p1a: Flamigo|White Herb\n|-clearnegativeboost|p1a: Flamigo|[silent]\n|turn|6\n|\n|t:|1776472753\n|move|p2a: Zamazenta|Body Press|p1b: Muk|[miss]\n|-miss|p2a: Zamazenta|p1b: Muk\n|move|p1a: Flamigo|Close Combat|p2a: Zamazenta\n|-supereffective|p2a: Zamazenta\n|-damage|p2a: Zamazenta|0 fnt\n|-unboost|p1a: Flamigo|def|1\n|-unboost|p1a: Flamigo|spd|1\n|faint|p2a: Zamazenta\n|move|p2b: Tornadus|Bleakwind Storm|p1a: Flamigo|[spread] p1b\n|-miss|p2b: Tornadus|p1a: Flamigo\n|-end|p1b: Muk|Substitute\n|move|p1b: Muk|Poison Fang|p2b: Tornadus\n|-damage|p2b: Tornadus|0 fnt\n|faint|p2b: Tornadus\n|\n|-heal|p1b: Muk|54/100|[from] item: Leftovers\n|-ability|p1b: Muk|Moody|boost\n|-boost|p1b: Muk|spa|2\n|-unboost|p1b: Muk|spd|1\n|upkeep\n|-message|Luca8 forfeited.\n|\n|win|SalmonintheGanges\n|raw|SalmonintheGanges's rating: 1548 &rarr; <strong>1563</strong><br />(+15 for winning)\n|raw|Luca8's rating: 1452 &rarr; <strong>1437</strong><br />(-15 for losing)\n|l|\u2606Luca8\n|player|p2|\n|l|\u2606SalmonintheGanges\n|player|p1|\n","uploadtime":1776473025,"views":13,"formatid":"gen9vgc2026regi","rating":1437,"private":0,"password":null}