{"id":"gen9vgc2026regi-2564895751","format":"[Gen 9] VGC 2026 Reg I","players":["Gomzalo","Jonen"],"log":"|j|\u2606Gomzalo\n|j|\u2606Jonen\n|t:|1774208226\n|gametype|doubles\n|player|p1|Gomzalo|supernerd|1360\n|player|p2|Jonen|hiker-gen4|1415\n|gen|9\n|tier|[Gen 9] VGC 2026 Reg I\n|rated|\n|rule|Species Clause: Limit one of each Pok\u00e9mon\n|rule|Item Clause: Limit 1 of each item\n|clearpoke\n|poke|p1|Incineroar, L50, M|\n|poke|p1|Lunala, L50|\n|poke|p1|Amoonguss, L50, F|\n|poke|p1|Ursaluna, L50, M|\n|poke|p1|Koraidon, L50|\n|poke|p1|Flutter Mane, L50|\n|poke|p2|Groudon, L50|\n|poke|p2|Lunala, L50|\n|poke|p2|Sableye, L50, M|\n|poke|p2|Chi-Yu, L50|\n|poke|p2|Rillaboom, L50, F|\n|poke|p2|Jumpluff, L50, M|\n|teampreview|4\n|\n|t:|1774208315\n|teamsize|p1|4\n|teamsize|p2|4\n|start\n|switch|p1a: ET|Lunala, L50, shiny|100/100\n|switch|p1b: Agatha|Flutter Mane, L50|100/100\n|switch|p2a: Groudon|Groudon, L50|100/100\n|switch|p2b: Jumpluff|Jumpluff, L50, M|100/100\n|-weather|SunnyDay|[from] ability: Drought|[of] p2a: Groudon\n|-activate|p1b: Agatha|ability: Protosynthesis\n|-start|p1b: Agatha|protosynthesisspe\n|turn|1\n|\n|t:|1774208349\n|switch|p1a: Incierto|Incineroar, L50, M, shiny|100/100\n|-ability|p1a: Incierto|Intimidate|boost\n|-unboost|p2a: Groudon|atk|1\n|-unboost|p2b: Jumpluff|atk|1\n|move|p2b: Jumpluff|Sleep Powder|p1b: Agatha\n|-status|p1b: Agatha|slp|[from] move: Sleep Powder\n|cant|p1b: Agatha|slp\n|move|p2a: Groudon|Precipice Blades|p1a: Incierto|[spread] p1a\n|-miss|p2a: Groudon|p1b: Agatha\n|-supereffective|p1a: Incierto\n|-damage|p1a: Incierto|31/100\n|-damage|p2a: Groudon|91/100|[from] item: Life Orb\n|\n|-weather|SunnyDay|[upkeep]\n|upkeep\n|turn|2\n|\n|t:|1774208375\n|move|p1a: Incierto|Fake Out|p2a: Groudon\n|-damage|p2a: Groudon|82/100\n|move|p2b: Jumpluff|Tailwind|p2b: Jumpluff\n|-sidestart|p2: Jonen|move: Tailwind\n|cant|p1b: Agatha|slp\n|cant|p2a: Groudon|flinch\n|\n|-weather|SunnyDay|[upkeep]\n|upkeep\n|turn|3\n|\n|t:|1774208391\n|move|p2b: Jumpluff|Sleep Powder|p1a: Incierto\n|-activate|p1a: Incierto|item: Safety Goggles|Sleep Powder\n|-curestatus|p1b: Agatha|slp|[msg]\n|move|p1b: Agatha|Icy Wind|p2b: Jumpluff|[spread] p2a,p2b\n|-supereffective|p2a: Groudon\n|-supereffective|p2b: Jumpluff\n|-damage|p2a: Groudon|48/100\n|-damage|p2b: Jumpluff|42/100\n|-unboost|p2a: Groudon|spe|1\n|move|p2a: Groudon|Precipice Blades|p1a: Incierto|[spread] p1a,p1b\n|-supereffective|p1a: Incierto\n|-damage|p1a: Incierto|0 fnt\n|-enditem|p1b: Agatha|Focus Sash\n|-damage|p1b: Agatha|1/100\n|faint|p1a: Incierto\n|-damage|p2a: Groudon|38/100|[from] item: Life Orb\n|\n|-weather|SunnyDay|[upkeep]\n|upkeep\n|\n|t:|1774208407\n|switch|p1a: ET|Lunala, L50, shiny|100/100\n|turn|4\n|\n|t:|1774208432\n|move|p1b: Agatha|Protect|p1b: Agatha\n|-singleturn|p1b: Agatha|Protect\n|move|p2b: Jumpluff|Pollen Puff|p2a: Groudon\n|-heal|p2a: Groudon|88/100\n|move|p2a: Groudon|Substitute|p2a: Groudon\n|-start|p2a: Groudon|Substitute\n|-damage|p2a: Groudon|63/100\n|move|p1a: ET|Moongeist Beam|p2a: Groudon\n|-end|p2a: Groudon|Substitute\n|\n|-weather|SunnyDay|[upkeep]\n|upkeep\n|turn|5\n|\n|t:|1774208448\n|move|p2b: Jumpluff|Encore|p1b: Agatha\n|-start|p1b: Agatha|Encore\n|move|p1b: Agatha|Protect||[still]\n|-fail|p1b: Agatha\n|move|p2a: Groudon|Substitute|p2a: Groudon\n|-start|p2a: Groudon|Substitute\n|-damage|p2a: Groudon|39/100\n|move|p1a: ET|Moongeist Beam|p2a: Groudon\n|-end|p2a: Groudon|Substitute\n|\n|-weather|none\n|-end|p1b: Agatha|Protosynthesis\n|-sideend|p2: Jonen|move: Tailwind\n|upkeep\n|turn|6\n|\n|t:|1774208466\n|-end|p1b: Agatha|Protosynthesis|[silent]\n|switch|p1b: R\u00e1pido|Koraidon, L50|100/100\n|-weather|SunnyDay|[from] ability: Orichalcum Pulse|[of] p1b: R\u00e1pido\n|-activate|p1b: R\u00e1pido|Orichalcum Pulse|[source]\n|move|p2b: Jumpluff|Sleep Powder|p1a: ET\n|-status|p1a: ET|slp|[from] move: Sleep Powder\n|cant|p1a: ET|slp\n|move|p2a: Groudon|Precipice Blades|p1b: R\u00e1pido|[spread] p1a,p1b\n|-damage|p1a: ET|81/100 slp\n|-damage|p1b: R\u00e1pido|53/100\n|-damage|p2a: Groudon|29/100|[from] item: Life Orb\n|\n|-weather|SunnyDay|[upkeep]\n|-heal|p1a: ET|87/100 slp|[from] item: Leftovers\n|upkeep\n|turn|7\n|\n|t:|1774208483\n|-terastallize|p2a: Groudon|Fire\n|move|p2b: Jumpluff|Pollen Puff|p2a: Groudon\n|-heal|p2a: Groudon|79/100\n|move|p1b: R\u00e1pido|Flame Charge|p2a: Groudon\n|-resisted|p2a: Groudon\n|-damage|p2a: Groudon|59/100\n|-boost|p1b: R\u00e1pido|spe|1\n|-damage|p1b: R\u00e1pido|44/100|[from] item: Life Orb\n|cant|p1a: ET|slp\n|move|p2a: Groudon|Precipice Blades|p1a: ET|[spread] p1b\n|-miss|p2a: Groudon|p1a: ET\n|-damage|p1b: R\u00e1pido|0 fnt\n|faint|p1b: R\u00e1pido\n|-damage|p2a: Groudon|50/100|[from] item: Life Orb\n|\n|-weather|SunnyDay|[upkeep]\n|-heal|p1a: ET|94/100 slp|[from] item: Leftovers\n|upkeep\n|-message|Gomzalo forfeited.\n|\n|win|Jonen\n|raw|Gomzalo's rating: 1360 &rarr; <strong>1343</strong><br />(-17 for losing)\n|raw|Jonen's rating: 1415 &rarr; <strong>1432</strong><br />(+17 for winning)\n|l|\u2606Gomzalo\n|player|p1|\n","uploadtime":1774208491,"views":18,"formatid":"gen9vgc2026regi","rating":1343,"private":0,"password":null}