{"id":"gen9vgc2026regi-2547407593","format":"[Gen 9] VGC 2026 Reg I","players":["lalo's pollos","wytxhwe"],"log":"|j|\u2606lalo's pollos\n|j|\u2606wytxhwe\n|t:|1772082900\n|gametype|doubles\n|player|p1|lalo's pollos|265|1466\n|player|p2|wytxhwe|steven|1381\n|gen|9\n|tier|[Gen 9] VGC 2026 Reg I\n|rated|\n|rule|Species Clause: Limit one of each Pok\u00e9mon\n|rule|Item Clause: Limit 1 of each item\n|clearpoke\n|poke|p1|Zamazenta-*, L50|\n|poke|p1|Lunala, L50|\n|poke|p1|Rillaboom, L50, M|\n|poke|p1|Incineroar, L50, M|\n|poke|p1|Urshifu-*, L50, M|\n|poke|p1|Tornadus, L50, M|\n|poke|p2|Landorus, L50, M|\n|poke|p2|Miraidon, L50|\n|poke|p2|Zacian-*, L50|\n|poke|p2|Whimsicott, L50, F|\n|poke|p2|Urshifu-*, L50, M|\n|poke|p2|Annihilape, L50, F|\n|teampreview|4\n|inactive|Battle timer is ON: inactive players will automatically lose when time's up. (requested by wytxhwe)\n|\n|t:|1772082924\n|teamsize|p1|4\n|teamsize|p2|4\n|start\n|switch|p1a: Tornadus|Tornadus, L50, M|100/100\n|switch|p1b: Lunala|Lunala, L50|100/100\n|switch|p2a: Annihilape|Annihilape, L50, F, shiny|100/100\n|switch|p2b: Whimsicott|Whimsicott, L50, F|100/100\n|turn|1\n|inactive|wytxhwe has 30 seconds left.\n|\n|t:|1772082953\n|-terastallize|p2a: Annihilape|Dark\n|move|p2b: Whimsicott|Helping Hand|p2a: Annihilape\n|-singleturn|p2a: Annihilape|Helping Hand|[of] p2b: Whimsicott\n|move|p1b: Lunala|Protect|p1b: Lunala\n|-singleturn|p1b: Lunala|Protect\n|move|p2a: Annihilape|Shadow Claw|p1b: Lunala\n|-activate|p1b: Lunala|move: Protect\n|move|p1a: Tornadus|Bleakwind Storm|p2a: Annihilape|[spread] \n|-miss|p1a: Tornadus|p2a: Annihilape\n|-miss|p1a: Tornadus|p2b: Whimsicott\n|\n|upkeep\n|turn|2\n|\n|t:|1772082976\n|switch|p1b: Zamazenta|Zamazenta-Crowned, L50|100/100\n|-ability|p1b: Zamazenta|Dauntless Shield|boost\n|-boost|p1b: Zamazenta|def|1\n|move|p2b: Whimsicott|Helping Hand|p2a: Annihilape\n|-singleturn|p2a: Annihilape|Helping Hand|[of] p2b: Whimsicott\n|move|p2a: Annihilape|Shadow Claw|p1b: Zamazenta\n|-damage|p1b: Zamazenta|82/100\n|move|p1a: Tornadus|Bleakwind Storm|p2a: Annihilape|[spread] p2a\n|-miss|p1a: Tornadus|p2b: Whimsicott\n|-damage|p2a: Annihilape|65/100\n|\n|upkeep\n|turn|3\n|\n|t:|1772082994\n|switch|p2a: Landorus|Landorus, L50, M|100/100\n|move|p1b: Zamazenta|Protect|p1b: Zamazenta\n|-singleturn|p1b: Zamazenta|Protect\n|move|p2b: Whimsicott|Tailwind|p2b: Whimsicott\n|-sidestart|p2: wytxhwe|move: Tailwind\n|move|p1a: Tornadus|Taunt|p2b: Whimsicott\n|-start|p2b: Whimsicott|move: Taunt\n|\n|upkeep\n|turn|4\n|\n|t:|1772083018\n|switch|p2b: Annihilape|Annihilape, L50, F, shiny, tera:Dark|65/100\n|switch|p1b: Rillaboom|Rillaboom, L50, M|100/100\n|-fieldstart|move: Grassy Terrain|[from] ability: Grassy Surge|[of] p1b: Rillaboom\n|move|p2a: Landorus|Earth Power|p1b: Rillaboom\n|-resisted|p1b: Rillaboom\n|-damage|p1b: Rillaboom|76/100\n|move|p1a: Tornadus|Bleakwind Storm|p2a: Landorus|[spread] p2a,p2b\n|-damage|p2a: Landorus|65/100\n|-damage|p2b: Annihilape|31/100\n|\n|-heal|p2b: Annihilape|37/100|[from] Grassy Terrain\n|-heal|p1b: Rillaboom|81/100|[from] Grassy Terrain\n|upkeep\n|turn|5\n|\n|t:|1772083042\n|move|p1b: Rillaboom|Fake Out|p2b: Annihilape\n|-damage|p2b: Annihilape|26/100\n|cant|p2b: Annihilape|flinch\n|move|p2a: Landorus|Sludge Bomb|p1b: Rillaboom\n|-supereffective|p1b: Rillaboom\n|-damage|p1b: Rillaboom|7/100\n|move|p1a: Tornadus|Bleakwind Storm|p2b: Annihilape|[spread] p2a,p2b\n|-damage|p2a: Landorus|32/100\n|-damage|p2b: Annihilape|0 fnt\n|faint|p2b: Annihilape\n|\n|-heal|p1b: Rillaboom|13/100|[from] Grassy Terrain\n|upkeep\n|\n|t:|1772083050\n|switch|p2b: Whimsicott|Whimsicott, L50, F|100/100\n|turn|6\n|\n|t:|1772083063\n|switch|p1b: Lunala|Lunala, L50|100/100\n|move|p2b: Whimsicott|Helping Hand|p2a: Landorus\n|-singleturn|p2a: Landorus|Helping Hand|[of] p2b: Whimsicott\n|move|p1a: Tornadus|Taunt|p2b: Whimsicott\n|-start|p2b: Whimsicott|move: Taunt\n|move|p2a: Landorus|Earth Power|p1b: Lunala\n|-damage|p1b: Lunala|59/100\n|\n|-heal|p1b: Lunala|65/100|[from] Grassy Terrain\n|-heal|p1b: Lunala|71/100|[from] item: Leftovers\n|-sideend|p2: wytxhwe|move: Tailwind\n|upkeep\n|turn|7\n|\n|t:|1772083081\n|switch|p2b: Miraidon|Miraidon, L50, shiny|100/100\n|-fieldstart|move: Electric Terrain|[from] ability: Hadron Engine|[of] p2b: Miraidon\n|move|p2a: Landorus|Protect|p2a: Landorus\n|-singleturn|p2a: Landorus|Protect\n|move|p1a: Tornadus|Tailwind|p1a: Tornadus\n|-sidestart|p1: lalo's pollos|move: Tailwind\n|move|p1b: Lunala|Moongeist Beam|p2a: Landorus\n|-activate|p2a: Landorus|move: Protect\n|\n|-heal|p1b: Lunala|77/100|[from] item: Leftovers\n|upkeep\n|turn|8\n|\n|t:|1772083103\n|-terastallize|p1b: Lunala|Fairy\n|move|p1a: Tornadus|Bleakwind Storm|p2a: Landorus|[spread] p2a,p2b\n|-resisted|p2b: Miraidon\n|-damage|p2a: Landorus|0 fnt\n|-damage|p2b: Miraidon|84/100\n|-unboost|p2b: Miraidon|spe|1\n|faint|p2a: Landorus\n|move|p1b: Lunala|Moonblast|p2b: Miraidon\n|-supereffective|p2b: Miraidon\n|-damage|p2b: Miraidon|0 fnt\n|faint|p2b: Miraidon\n|\n|-heal|p1b: Lunala|83/100|[from] item: Leftovers\n|upkeep\n|\n|t:|1772083106\n|switch|p2b: Whimsicott|Whimsicott, L50, F|100/100\n|turn|9\n|\n|t:|1772083116\n|move|p1a: Tornadus|Bleakwind Storm|p2b: Whimsicott\n|-supereffective|p2b: Whimsicott\n|-damage|p2b: Whimsicott|0 fnt\n|faint|p2b: Whimsicott\n|\n|win|lalo's pollos\n|raw|lalo&apos;s pollos's rating: 1466 &rarr; <strong>1481</strong><br />(+15 for winning)\n|raw|wytxhwe's rating: 1381 &rarr; <strong>1366</strong><br />(-15 for losing)\n","uploadtime":1772083385,"views":12,"formatid":"gen9vgc2026regi","rating":1366,"private":0,"password":null}