{"id":"gen9vgc2026regi-2558793082","format":"[Gen 9] VGC 2026 Reg I","players":["wibe guarb","TheManOfSausage"],"log":"|j|\u2606wibe guarb\n|j|\u2606TheManOfSausage\n|t:|1773483734\n|gametype|doubles\n|player|p1|wibe guarb|ninjaboy|1311\n|player|p2|TheManOfSausage|miku-water|1440\n|gen|9\n|tier|[Gen 9] VGC 2026 Reg I\n|rated|\n|rule|Species Clause: Limit one of each Pok\u00e9mon\n|rule|Item Clause: Limit 1 of each item\n|clearpoke\n|poke|p1|Koraidon, L50|\n|poke|p1|Calyrex-Ice, L50|\n|poke|p1|Regieleki, L50|\n|poke|p1|Arboliva, L50, M|\n|poke|p1|Incineroar, L50, M|\n|poke|p1|Annihilape, L50, M|\n|poke|p2|Calyrex-Shadow, L50|\n|poke|p2|Zamazenta-*, L50|\n|poke|p2|Rillaboom, L50, M|\n|poke|p2|Smeargle, L50, M|\n|poke|p2|Urshifu-*, L50, M|\n|poke|p2|Tornadus, L50, M|\n|teampreview|4\nTheManOfSausage has agreed to open team sheets.\n|\n|t:|1773483759\n|teamsize|p1|4\n|teamsize|p2|4\n|start\n|switch|p1a: Regieleki|Regieleki, L50|100/100\n|switch|p1b: Calyrex|Calyrex-Ice, L50|100/100\n|switch|p2a: Smeargle|Smeargle, L50, M|100/100\n|switch|p2b: Rice Shower|Calyrex-Shadow, L50|100/100\n|-ability|p2b: Rice Shower|As One\n|-ability|p2b: Rice Shower|Unnerve\n|-ability|p1b: Calyrex|As One\n|-ability|p1b: Calyrex|Unnerve\n|turn|1\n|\n|t:|1773483784\n|move|p1b: Calyrex|Protect|p1b: Calyrex\n|-singleturn|p1b: Calyrex|Protect\n|move|p2a: Smeargle|Fake Out|p1a: Regieleki\n|-damage|p1a: Regieleki|92/100\n|move|p1a: Regieleki|Volt Switch|p2b: Rice Shower\n|-damage|p2b: Rice Shower|54/100\n|\n|t:|1773483789\n|switch|p1a: Incineroar|Incineroar, L50, M|100/100|[from] Volt Switch\n|-ability|p1a: Incineroar|Intimidate|boost\n|-unboost|p2a: Smeargle|atk|1\n|-unboost|p2b: Rice Shower|atk|1\n|move|p2b: Rice Shower|Nasty Plot|p2b: Rice Shower\n|-boost|p2b: Rice Shower|spa|2\n|\n|-ability|p2a: Smeargle|Moody|boost\n|-boost|p2a: Smeargle|atk|2\n|-unboost|p2a: Smeargle|spe|1\n|upkeep\n|turn|2\n|\n|t:|1773483804\n|-terastallize|p2b: Rice Shower|Dark\n|-terastallize|p1b: Calyrex|Water\n|move|p1a: Incineroar|Fake Out|p2a: Smeargle\n|-damage|p2a: Smeargle|81/100\n|move|p2b: Rice Shower|Astral Barrage|p1b: Calyrex|[spread] p1a,p1b\n|-resisted|p1a: Incineroar\n|-damage|p1a: Incineroar|55/100\n|-damage|p1b: Calyrex|20/100\n|-damage|p2b: Rice Shower|45/100|[from] item: Life Orb\n|cant|p2a: Smeargle|flinch\n|move|p1b: Calyrex|Trick Room|p1b: Calyrex\n|-fieldstart|move: Trick Room|[of] p1b: Calyrex\n|\n|-ability|p2a: Smeargle|Moody|boost\n|-boost|p2a: Smeargle|atk|2\n|-unboost|p2a: Smeargle|spa|1\n|upkeep\n|turn|3\n|\n|t:|1773483820\n|move|p2b: Rice Shower|Protect|p2b: Rice Shower\n|-singleturn|p2b: Rice Shower|Protect\n|move|p1b: Calyrex|Glacial Lance|p2a: Smeargle|[spread] p2a\n|-activate|p2b: Rice Shower|move: Protect\n|-damage|p2a: Smeargle|0 fnt\n|faint|p2a: Smeargle\n|-ability|p1b: Calyrex|Chilling Neigh|boost\n|-boost|p1b: Calyrex|atk|1\n|move|p1a: Incineroar|Flare Blitz|p2b: Rice Shower\n|-activate|p2b: Rice Shower|move: Protect\n|\n|upkeep\n|\n|t:|1773483822\n|switch|p2a: Rillaboom|Rillaboom, L50, M|100/100\n|-fieldstart|move: Grassy Terrain|[from] ability: Grassy Surge|[of] p2a: Rillaboom\n|turn|4\n|\n|t:|1773483838\n|switch|p1b: Arboliva|Arboliva, L50, M|100/100\n|move|p2a: Rillaboom|Fake Out|p1a: Incineroar\n|-damage|p1a: Incineroar|42/100\n|cant|p1a: Incineroar|flinch\n|move|p2b: Rice Shower|Astral Barrage|p1a: Incineroar|[spread] p1a\n|-immune|p1b: Arboliva\n|-resisted|p1a: Incineroar\n|-damage|p1a: Incineroar|0 fnt\n|faint|p1a: Incineroar\n|-ability|p2b: Rice Shower|Grim Neigh|boost\n|-boost|p2b: Rice Shower|spa|1\n|-damage|p2b: Rice Shower|35/100|[from] item: Life Orb\n|\n|-heal|p2b: Rice Shower|41/100|[from] Grassy Terrain\n|upkeep\n|\n|t:|1773483841\n|switch|p1a: Calyrex|Calyrex-Ice, L50, tera:Water|20/100\n|-ability|p1a: Calyrex|As One\n|-ability|p1a: Calyrex|Unnerve\n|turn|5\n|\n|t:|1773483854\n|move|p1a: Calyrex|Protect|p1a: Calyrex\n|-singleturn|p1a: Calyrex|Protect\n|move|p2a: Rillaboom|Grassy Glide|p1a: Calyrex\n|-activate|p1a: Calyrex|move: Protect\n|move|p1b: Arboliva|Pollen Puff|p2b: Rice Shower\n|-supereffective|p2b: Rice Shower\n|-damage|p2b: Rice Shower|0 fnt\n|faint|p2b: Rice Shower\n|\n|-heal|p1a: Calyrex|26/100|[from] Grassy Terrain\n|upkeep\n|\n|t:|1773483856\n|switch|p2b: Zamazenta|Zamazenta-Crowned, L50|100/100\n|-ability|p2b: Zamazenta|Dauntless Shield|boost\n|-boost|p2b: Zamazenta|def|1\n|turn|6\n|\n|t:|1773483873\n|move|p2a: Rillaboom|Grassy Glide|p1a: Calyrex\n|-supereffective|p1a: Calyrex\n|-crit|p1a: Calyrex\n|-damage|p1a: Calyrex|0 fnt\n|faint|p1a: Calyrex\n|move|p1b: Arboliva|Earth Power|p2b: Zamazenta\n|-supereffective|p2b: Zamazenta\n|-damage|p2b: Zamazenta|45/100\n|move|p2b: Zamazenta|Body Press|p1b: Arboliva\n|-supereffective|p1b: Arboliva\n|-damage|p1b: Arboliva|0 fnt\n|faint|p1b: Arboliva\n|\n|-heal|p2b: Zamazenta|51/100|[from] Grassy Terrain\n|-fieldend|move: Trick Room\n|upkeep\n|-message|wibe guarb forfeited.\n|\n|win|TheManOfSausage\n|raw|wibe guarb's rating: 1311 &rarr; <strong>1298</strong><br />(-13 for losing)\n|raw|TheManOfSausage's rating: 1440 &rarr; <strong>1453</strong><br />(+13 for winning)\n|l|\u2606wibe guarb\n|player|p1|\n|l|\u2606TheManOfSausage\n|player|p2|\n","uploadtime":1773484028,"views":15,"formatid":"gen9vgc2026regi","rating":1298,"private":0,"password":null}