{"id":"gen9vgc2026regi-2555873585","format":"[Gen 9] VGC 2026 Reg I","players":["lalo's pollos","fogdocker"],"log":"|j|\u2606lalo's pollos\n|j|\u2606fogdocker\n|t:|1773147466\n|gametype|doubles\n|player|p1|lalo's pollos|2|1495\n|player|p2|fogdocker|169|1471\n|gen|9\n|tier|[Gen 9] VGC 2026 Reg I\n|rated|\n|rule|Species Clause: Limit one of each Pok\u00e9mon\n|rule|Item Clause: Limit 1 of each item\n|clearpoke\n|poke|p1|Miraidon, L50|\n|poke|p1|Landorus, L50, M|\n|poke|p1|Incineroar, L50, F|\n|poke|p1|Iron Bundle, L50|\n|poke|p1|Farigiraf, L50, F|\n|poke|p1|Calyrex-Ice, L50|\n|poke|p2|Calyrex-Ice, L50|\n|poke|p2|Koraidon, L50|\n|poke|p2|Flutter Mane, L50|\n|poke|p2|Incineroar, L50, M|\n|poke|p2|Rillaboom, L50, F|\n|poke|p2|Annihilape, L50, M|\n|teampreview|4\n|inactive|Battle timer is ON: inactive players will automatically lose when time's up. (requested by lalo's pollos)\n|\n|t:|1773147523\n|teamsize|p1|4\n|teamsize|p2|4\n|start\n|switch|p1a: Calyrex|Calyrex-Ice, L50|100/100\n|switch|p1b: Incineroar|Incineroar, L50, F|100/100\n|switch|p2a: Annihilape|Annihilape, L50, M|100/100\n|switch|p2b: Koraidon|Koraidon, L50|100/100\n|-ability|p1a: Calyrex|As One\n|-ability|p1a: Calyrex|Unnerve\n|-weather|SunnyDay|[from] ability: Orichalcum Pulse|[of] p2b: Koraidon\n|-activate|p2b: Koraidon|Orichalcum Pulse|[source]\n|-ability|p1b: Incineroar|Intimidate|boost\n|-unboost|p2a: Annihilape|atk|1\n|-ability|p2a: Annihilape|Defiant|boost\n|-boost|p2a: Annihilape|atk|2\n|-unboost|p2b: Koraidon|atk|1\n|turn|1\n|\n|t:|1773147542\n|switch|p1b: the Manager|Farigiraf, L50, F|100/100\n|-terastallize|p1a: Calyrex|Water\n|move|p2a: Annihilape|Final Gambit|p1a: Calyrex\n|-damage|p1a: Calyrex|0 fnt\n|faint|p2a: Annihilape\n|faint|p1a: Calyrex\n|move|p2b: Koraidon|Close Combat|p1b: the Manager\n|-damage|p1b: the Manager|28/100\n|-unboost|p2b: Koraidon|def|1\n|-unboost|p2b: Koraidon|spd|1\n|-damage|p2b: Koraidon|91/100|[from] item: Life Orb\n|\n|-weather|SunnyDay|[upkeep]\n|upkeep\n|\n|t:|1773147555\n|switch|p2a: Calyrex|Calyrex-Ice, L50|100/100\n|switch|p1a: Incineroar|Incineroar, L50, F|100/100\n|-ability|p2a: Calyrex|As One\n|-ability|p2a: Calyrex|Unnerve\n|-ability|p1a: Incineroar|Intimidate|boost\n|-unboost|p2a: Calyrex|atk|1\n|-unboost|p2b: Koraidon|atk|1\n|turn|2\n|\n|t:|1773147569\n|switch|p2b: Rillaboom|Rillaboom, L50, F|100/100\n|-fieldstart|move: Grassy Terrain|[from] ability: Grassy Surge|[of] p2b: Rillaboom\n|move|p1a: Incineroar|Fake Out|p2a: Calyrex\n|-damage|p2a: Calyrex|95/100\n|move|p1b: the Manager|Psychic|p2b: Rillaboom\n|-damage|p2b: Rillaboom|78/100\n|cant|p2a: Calyrex|flinch\n|\n|-weather|SunnyDay|[upkeep]\n|-heal|p2b: Rillaboom|84/100|[from] Grassy Terrain\n|-heal|p1b: the Manager|34/100|[from] Grassy Terrain\n|-heal|p2a: Calyrex|100/100|[from] Grassy Terrain\n|upkeep\n|turn|3\n|\n|t:|1773147584\n|move|p1b: the Manager|Helping Hand|p1a: Incineroar\n|-singleturn|p1a: Incineroar|Helping Hand|[of] p1b: the Manager\n|move|p2b: Rillaboom|U-turn|p1b: the Manager\n|-supereffective|p1b: the Manager\n|-damage|p1b: the Manager|0 fnt\n|faint|p1b: the Manager\n|\n|t:|1773147589\n|switch|p2b: Koraidon|Koraidon, L50|91/100|[from] U-turn\n|-activate|p2b: Koraidon|ability: Orichalcum Pulse\n|move|p1a: Incineroar|Flare Blitz|p2a: Calyrex\n|-supereffective|p2a: Calyrex\n|-damage|p2a: Calyrex|0 fnt\n|faint|p2a: Calyrex\n|-damage|p1a: Incineroar|67/100|[from] Recoil\n|\n|-weather|SunnyDay|[upkeep]\n|-heal|p2b: Koraidon|96/100|[from] Grassy Terrain\n|-heal|p1a: Incineroar|73/100|[from] Grassy Terrain\n|upkeep\n|\n|t:|1773147595\n|switch|p1b: Landorus|Landorus, L50, M|100/100\n|switch|p2a: Rillaboom|Rillaboom, L50, F|84/100\n|turn|4\n|\n|t:|1773147604\n|move|p2a: Rillaboom|Fake Out|p1b: Landorus\n|-damage|p1b: Landorus|84/100\n|move|p2b: Koraidon|Close Combat|p1a: Incineroar\n|-supereffective|p1a: Incineroar\n|-damage|p1a: Incineroar|0 fnt\n|-unboost|p2b: Koraidon|def|1\n|-unboost|p2b: Koraidon|spd|1\n|faint|p1a: Incineroar\n|-damage|p2b: Koraidon|87/100|[from] item: Life Orb\n|cant|p1b: Landorus|flinch\n|\n|-weather|SunnyDay|[upkeep]\n|-heal|p2b: Koraidon|92/100|[from] Grassy Terrain\n|-heal|p2a: Rillaboom|90/100|[from] Grassy Terrain\n|upkeep\n|turn|5\n|\n|t:|1773147613\n|move|p1b: Landorus|Protect|p1b: Landorus\n|-singleturn|p1b: Landorus|Protect\n|move|p2a: Rillaboom|Grassy Glide|p1b: Landorus\n|-activate|p1b: Landorus|move: Protect\n|move|p2b: Koraidon|Flare Blitz|p1b: Landorus\n|-activate|p1b: Landorus|move: Protect\n|\n|-weather|none\n|-heal|p2b: Koraidon|98/100|[from] Grassy Terrain\n|-heal|p2a: Rillaboom|96/100|[from] Grassy Terrain\n|upkeep\n|turn|6\n|\n|t:|1773147620\n|-terastallize|p2b: Koraidon|Fire\n|move|p2b: Koraidon|Flare Blitz|p1b: Landorus\n|-damage|p1b: Landorus|0 fnt\n|faint|p1b: Landorus\n|-damage|p2b: Koraidon|72/100|[from] Recoil\n|-damage|p2b: Koraidon|63/100|[from] item: Life Orb\n|\n|win|fogdocker\n|raw|lalo&apos;s pollos's rating: 1495 &rarr; <strong>1474</strong><br />(-21 for losing)\n|raw|fogdocker's rating: 1471 &rarr; <strong>1492</strong><br />(+21 for winning)\n|l|\u2606fogdocker\n|player|p2|\n","uploadtime":1773147827,"views":13,"formatid":"gen9vgc2026regi","rating":1474,"private":0,"password":null}