{"id":"gen9vgc2026regi-2568806009","format":"[Gen 9] VGC 2026 Reg I","players":["lattewave","Binky11"],"log":"|j|\u2606lattewave\n|j|\u2606Binky11\n|t:|1774624451\n|gametype|doubles\n|player|p1|lattewave|sisandbro|1415\n|player|p2|Binky11|miku-ice|1570\n|gen|9\n|tier|[Gen 9] VGC 2026 Reg I\n|rated|\n|rule|Species Clause: Limit one of each Pok\u00e9mon\n|rule|Item Clause: Limit 1 of each item\n|clearpoke\n|poke|p1|Terapagos, L50, M|\n|poke|p1|Ogerpon-Wellspring, L50, F|\n|poke|p1|Toxapex, L50, F|\n|poke|p1|Ditto, L50|\n|poke|p1|Gouging Fire, L50|\n|poke|p1|Zacian-*, L50|\n|poke|p2|Kyogre, L50|\n|poke|p2|Necrozma-Dusk-Mane, L50|\n|poke|p2|Amoonguss, L50, M|\n|poke|p2|Iron Jugulis, L50|\n|poke|p2|Raging Bolt, L50|\n|poke|p2|Urshifu-*, L50, F|\n|teampreview|4\n|inactive|Battle timer is ON: inactive players will automatically lose when time's up. (requested by lattewave)\n|\n|t:|1774624479\n|teamsize|p1|4\n|teamsize|p2|4\n|start\n|switch|p1a: Ogerpon|Ogerpon-Wellspring, L50, F|100/100\n|switch|p1b: Ditto|Ditto, L50|100/100\n|switch|p2a: Kyogre|Kyogre, L50|100/100\n|switch|p2b: Iron Jugulis|Iron Jugulis, L50|100/100\n|-weather|RainDance|[from] ability: Drizzle|[of] p2a: Kyogre\n|-transform|p1b: Ditto|p2a: Kyogre|[from] ability: Imposter\n|-enditem|p2b: Iron Jugulis|Booster Energy\n|-activate|p2b: Iron Jugulis|ability: Quark Drive|[fromitem]\n|-start|p2b: Iron Jugulis|quarkdrivespe\n|turn|1\n|\n|t:|1774624500\n|switch|p2a: Raging Bolt|Raging Bolt, L50|100/100\n|-terastallize|p1a: Ogerpon|Water\n|detailschange|p1a: Ogerpon|Ogerpon-Wellspring-Tera, L50, F, tera:Water\n|-ability|p1a: Ogerpon|Embody Aspect (Wellspring)|boost\n|-boost|p1a: Ogerpon|spd|1\n|move|p2b: Iron Jugulis|Protect|p2b: Iron Jugulis\n|-singleturn|p2b: Iron Jugulis|Protect\n|move|p1a: Ogerpon|Ivy Cudgel|p2b: Iron Jugulis|[anim] Ivy Cudgel Water\n|-activate|p2b: Iron Jugulis|move: Protect\n|move|p1b: Ditto|Water Spout|p2a: Raging Bolt|[spread] p2a\n|-activate|p2b: Iron Jugulis|move: Protect\n|-resisted|p2a: Raging Bolt\n|-damage|p2a: Raging Bolt|70/100\n|\n|-weather|RainDance|[upkeep]\n|upkeep\n|turn|2\n|\n|t:|1774624522\n|move|p2b: Iron Jugulis|Tailwind|p2b: Iron Jugulis\n|-sidestart|p2: Binky11|move: Tailwind\n|move|p2a: Raging Bolt|Thunderbolt|p1b: Ditto\n|-supereffective|p1b: Ditto\n|-damage|p1b: Ditto|15/100\n|move|p1a: Ogerpon|Ivy Cudgel|p2b: Iron Jugulis|[anim] Ivy Cudgel Water\n|-damage|p2b: Iron Jugulis|0 fnt\n|faint|p2b: Iron Jugulis\n|-end|p2b: Iron Jugulis|Quark Drive|[silent]\n|move|p1b: Ditto|Hydro Pump|p2a: Raging Bolt\n|-resisted|p2a: Raging Bolt\n|-damage|p2a: Raging Bolt|42/100\n|\n|-weather|RainDance|[upkeep]\n|upkeep\n|\n|t:|1774624533\n|switch|p2b: Kyogre|Kyogre, L50|100/100\n|turn|3\n|\n|t:|1774624542\n|move|p1a: Ogerpon|Spiky Shield|p1a: Ogerpon\n|-singleturn|p1a: Ogerpon|move: Protect\n|move|p1b: Ditto|Protect|p1b: Ditto\n|-singleturn|p1b: Ditto|Protect\n|move|p2b: Kyogre|Water Spout|p1a: Ogerpon|[spread] \n|-activate|p1a: Ogerpon|move: Protect\n|-activate|p1b: Ditto|move: Protect\n|move|p2a: Raging Bolt|Thunderbolt|p1a: Ogerpon\n|-activate|p1a: Ogerpon|move: Protect\n|\n|-weather|RainDance|[upkeep]\n|upkeep\n|turn|4\n|\n|t:|1774624561\n|move|p2b: Kyogre|Water Spout|p1b: Ditto|[spread] p1a,p1b\n|-resisted|p1a: Ogerpon\n|-resisted|p1b: Ditto\n|-damage|p1a: Ogerpon|59/100\n|-damage|p1b: Ditto|0 fnt\n|faint|p1b: Ditto\n|move|p2a: Raging Bolt|Thunderbolt|p1a: Ogerpon\n|-supereffective|p1a: Ogerpon\n|-damage|p1a: Ogerpon|1/100\n|move|p1a: Ogerpon|Wood Hammer|p2b: Kyogre\n|-supereffective|p2b: Kyogre\n|-damage|p2b: Kyogre|0 fnt\n|faint|p2b: Kyogre\n|-damage|p1a: Ogerpon|0 fnt|[from] Recoil\n|faint|p1a: Ogerpon\n|detailschange|p1: Ogerpon|Ogerpon-Wellspring, L50, F|[silent]\n|\n|-weather|RainDance|[upkeep]\n|upkeep\n|\n|t:|1774624573\n|switch|p1a: Terapagos|Terapagos, L50, M|100/100\n|switch|p2b: Necrozma|Necrozma-Dusk-Mane, L50|100/100\n|switch|p1b: Gouging Fire|Gouging Fire, L50|100/100\n|-activate|p1a: Terapagos|ability: Tera Shift\n|detailschange|p1a: Terapagos|Terapagos-Terastal, L50, M\n|-heal|p1a: Terapagos|100/100|[silent]\n|-enditem|p1b: Gouging Fire|Booster Energy\n|-activate|p1b: Gouging Fire|ability: Protosynthesis|[fromitem]\n|-start|p1b: Gouging Fire|protosynthesisspe\n|turn|5\n|inactive|Binky11 has 30 seconds left.\n|\n|t:|1774624603\n|-terastallize|p2a: Raging Bolt|Fairy\n|move|p1b: Gouging Fire|Burning Bulwark|p1b: Gouging Fire\n|-singleturn|p1b: Gouging Fire|move: Protect\n|move|p2a: Raging Bolt|Draco Meteor|p1b: Gouging Fire\n|-activate|p1b: Gouging Fire|move: Protect\n|move|p1a: Terapagos|Tera Starstorm|p2a: Raging Bolt\n|-damage|p2a: Raging Bolt|0 fnt\n|faint|p2a: Raging Bolt\n|-end|p2a: Raging Bolt|Protosynthesis|[silent]\n|move|p2b: Necrozma|Trick Room|p2b: Necrozma\n|-fieldstart|move: Trick Room|[of] p2b: Necrozma\n|\n|-weather|none\n|-sideend|p2: Binky11|move: Tailwind\n|upkeep\n|turn|6\n|\n|t:|1774624616\n|move|p1a: Terapagos|Tera Starstorm|p2b: Necrozma\n|-resisted|p2b: Necrozma\n|-damage|p2b: Necrozma|67/100\n|move|p2b: Necrozma|Photon Geyser|p1b: Gouging Fire\n|-damage|p1b: Gouging Fire|58/100\n|move|p1b: Gouging Fire|Flare Blitz|p2b: Necrozma\n|-supereffective|p2b: Necrozma\n|-damage|p2b: Necrozma|12/100\n|-status|p2b: Necrozma|brn\n|-damage|p1b: Gouging Fire|39/100|[from] Recoil\n|\n|-damage|p2b: Necrozma|6/100 brn|[from] brn\n|upkeep\n|turn|7\n|-message|Binky11 forfeited.\n|\n|win|lattewave\n|raw|lattewave's rating: 1415 &rarr; <strong>1443</strong><br />(+28 for winning)\n|raw|Binky11's rating: 1570 &rarr; <strong>1542</strong><br />(-28 for losing)\n|l|\u2606Binky11\n|player|p2|\n","uploadtime":1774624865,"views":23,"formatid":"gen9vgc2026regi","rating":1443,"private":0,"password":null}