{"id":"gen9vgc2026regi-2562459815","format":"[Gen 9] VGC 2026 Reg I","players":["chrisjhall13","randomcatFFR"],"log":"|j|\u2606chrisjhall13\n|j|\u2606randomcatFFR\n|t:|1773919942\n|gametype|doubles\n|player|p1|chrisjhall13|dawn|1437\n|player|p2|randomcatFFR|bugcatcher-gen4dp|1427\n|gen|9\n|tier|[Gen 9] VGC 2026 Reg I\n|rated|\n|rule|Species Clause: Limit one of each Pok\u00e9mon\n|rule|Item Clause: Limit 1 of each item\n|clearpoke\n|poke|p1|Zamazenta-*, L50|\n|poke|p1|Miraidon, L50|\n|poke|p1|Volcarona, L50, F|\n|poke|p1|Chien-Pao, L50|\n|poke|p1|Rillaboom, L50, F|\n|poke|p1|Ogerpon, L50, F|\n|poke|p2|Calyrex-Shadow, L50|\n|poke|p2|Zamazenta-*, L50|\n|poke|p2|Ogerpon-Hearthflame, L50, F|\n|poke|p2|Incineroar, L50, M|\n|poke|p2|Rillaboom, L50, M|\n|poke|p2|Raging Bolt, L50|\n|teampreview|4\n|inactive|Battle timer is ON: inactive players will automatically lose when time's up. (requested by chrisjhall13)\n|\n|t:|1773920014\n|teamsize|p1|4\n|teamsize|p2|4\n|start\n|switch|p1a: Zamazenta|Zamazenta-Crowned, L50|100/100\n|switch|p1b: Volcarona|Volcarona, L50, F|100/100\n|switch|p2a: Ogerpon|Ogerpon-Hearthflame, L50, F|100/100\n|switch|p2b: Rillaboom|Rillaboom, L50, M, shiny|100/100\n|-ability|p1a: Zamazenta|Dauntless Shield|boost\n|-boost|p1a: Zamazenta|def|1\n|-ability|p2a: Ogerpon|Mold Breaker\n|-fieldstart|move: Grassy Terrain|[from] ability: Grassy Surge|[of] p2b: Rillaboom\n|turn|1\n|\n|t:|1773920030\n|switch|p1a: Miraidon|Miraidon, L50|100/100\n|-fieldstart|move: Electric Terrain|[from] ability: Hadron Engine|[of] p1a: Miraidon\n|-enditem|p1b: Volcarona|Electric Seed\n|-boost|p1b: Volcarona|def|1|[from] item: Electric Seed\n|move|p2b: Rillaboom|Fake Out|p1b: Volcarona\n|-damage|p1b: Volcarona|91/100\n|-status|p2b: Rillaboom|brn|[from] ability: Flame Body|[of] p1b: Volcarona\n|cant|p1b: Volcarona|flinch\n|move|p2a: Ogerpon|Ivy Cudgel|p1a: Miraidon|[anim] Ivy Cudgel Fire\n|-resisted|p1a: Miraidon\n|-damage|p1a: Miraidon|75/100\n|\n|-damage|p2b: Rillaboom|95/100 brn|[from] brn\n|upkeep\n|turn|2\n|\n|t:|1773920055\n|move|p2a: Ogerpon|Spiky Shield|p2a: Ogerpon\n|-singleturn|p2a: Ogerpon|move: Protect\n|move|p1a: Miraidon|Draco Meteor|p2a: Ogerpon\n|-activate|p2a: Ogerpon|move: Protect\n|move|p1b: Volcarona|Quiver Dance|p1b: Volcarona\n|-boost|p1b: Volcarona|spa|1\n|-boost|p1b: Volcarona|spd|1\n|-boost|p1b: Volcarona|spe|1\n|move|p2b: Rillaboom|U-turn|p1a: Miraidon\n|-damage|p1a: Miraidon|64/100\n|inactive|randomcatFFR has 30 seconds left.\n|\n|t:|1773920082\n|switch|p2b: Zamazenta|Zamazenta-Crowned, L50, shiny|100/100|[from] U-turn\n|-ability|p2b: Zamazenta|Dauntless Shield|boost\n|-boost|p2b: Zamazenta|def|1\n|\n|upkeep\n|turn|3\n|\n|t:|1773920101\n|-terastallize|p2b: Zamazenta|Fighting\n|move|p2a: Ogerpon|Follow Me|p2a: Ogerpon\n|-singleturn|p2a: Ogerpon|move: Follow Me\n|move|p1a: Miraidon|Draco Meteor|p2a: Ogerpon\n|-crit|p2a: Ogerpon\n|-damage|p2a: Ogerpon|0 fnt\n|-unboost|p1a: Miraidon|spa|2\n|faint|p2a: Ogerpon\n|move|p1b: Volcarona|Fiery Dance|p2b: Zamazenta\n|-damage|p2b: Zamazenta|62/100\n|-boost|p1b: Volcarona|spa|1\n|move|p2b: Zamazenta|Body Press|p1b: Volcarona\n|-resisted|p1b: Volcarona\n|-damage|p1b: Volcarona|54/100\n|-status|p2b: Zamazenta|brn|[from] ability: Flame Body|[of] p1b: Volcarona\n|\n|-damage|p2b: Zamazenta|56/100 brn|[from] brn\n|upkeep\n|\n|t:|1773920115\n|switch|p2a: Rillaboom|Rillaboom, L50, M, shiny|95/100 brn\n|-fieldstart|move: Grassy Terrain|[from] ability: Grassy Surge|[of] p2a: Rillaboom\n|turn|4\n|inactive|chrisjhall13 has 30 seconds left.\n|\n|t:|1773920144\n|switch|p1a: Zamazenta|Zamazenta-Crowned, L50|100/100\n|switch|p2b: Calyrex|Calyrex-Shadow, L50|100/100\n|-ability|p2b: Calyrex|As One\n|-ability|p2b: Calyrex|Unnerve\n|move|p1b: Volcarona|Protect|p1b: Volcarona\n|-singleturn|p1b: Volcarona|Protect\n|move|p2a: Rillaboom|Fake Out|p1b: Volcarona\n|-activate|p1b: Volcarona|move: Protect\n|\n|-heal|p1b: Volcarona|60/100|[from] Grassy Terrain\n|-heal|p2a: Rillaboom|100/100 brn|[from] Grassy Terrain\n|-damage|p2a: Rillaboom|95/100 brn|[from] brn\n|upkeep\n|turn|5\n|\n|t:|1773920168\n|switch|p2a: Zamazenta|Zamazenta-Crowned, L50, shiny, tera:Fighting|56/100 brn\n|move|p1a: Zamazenta|Wide Guard|p1a: Zamazenta\n|-singleturn|p1a: Zamazenta|Wide Guard\n|move|p1b: Volcarona|Fiery Dance|p2b: Calyrex\n|-damage|p2b: Calyrex|25/100\n|move|p2b: Calyrex|Nasty Plot|p2b: Calyrex\n|-boost|p2b: Calyrex|spa|2\n|\n|-heal|p1b: Volcarona|67/100|[from] Grassy Terrain\n|-heal|p2b: Calyrex|31/100|[from] Grassy Terrain\n|-heal|p2a: Zamazenta|62/100 brn|[from] Grassy Terrain\n|-damage|p2a: Zamazenta|56/100 brn|[from] brn\n|upkeep\n|turn|6\n|inactive|randomcatFFR has 30 seconds left.\n|\n|t:|1773920199\n|switch|p2a: Rillaboom|Rillaboom, L50, M, shiny|95/100 brn\n|move|p2b: Calyrex|Protect|p2b: Calyrex\n|-singleturn|p2b: Calyrex|Protect\n|move|p1b: Volcarona|Fiery Dance|p2b: Calyrex\n|-activate|p2b: Calyrex|move: Protect\n|move|p1a: Zamazenta|Body Press|p2a: Rillaboom\n|-damage|p2a: Rillaboom|57/100 brn\n|\n|-heal|p1b: Volcarona|73/100|[from] Grassy Terrain\n|-heal|p2b: Calyrex|37/100|[from] Grassy Terrain\n|-heal|p2a: Rillaboom|63/100 brn|[from] Grassy Terrain\n|-damage|p2a: Rillaboom|57/100 brn|[from] brn\n|upkeep\n|turn|7\n|\n|t:|1773920217\n|move|p1b: Volcarona|Protect|p1b: Volcarona\n|-singleturn|p1b: Volcarona|Protect\n|move|p1a: Zamazenta|Protect|p1a: Zamazenta\n|-singleturn|p1a: Zamazenta|Protect\n|move|p2a: Rillaboom|Fake Out|p1b: Volcarona\n|-activate|p1b: Volcarona|move: Protect\n|move|p2b: Calyrex|Psychic|p1a: Zamazenta\n|-activate|p1a: Zamazenta|move: Protect\n|\n|-heal|p1b: Volcarona|79/100|[from] Grassy Terrain\n|-heal|p2b: Calyrex|43/100|[from] Grassy Terrain\n|-heal|p2a: Rillaboom|63/100 brn|[from] Grassy Terrain\n|-damage|p2a: Rillaboom|57/100 brn|[from] brn\n|upkeep\n|turn|8\n|inactive|chrisjhall13 has 30 seconds left.\n|\n|t:|1773920246\n|move|p1b: Volcarona|Fiery Dance|p2b: Calyrex\n|-damage|p2b: Calyrex|0 fnt\n|-boost|p1b: Volcarona|spa|1\n|faint|p2b: Calyrex\n|move|p1a: Zamazenta|Body Press|p2a: Rillaboom\n|-damage|p2a: Rillaboom|20/100 brn\n|move|p2a: Rillaboom|Wood Hammer|p1b: Volcarona\n|-resisted|p1b: Volcarona\n|-damage|p1b: Volcarona|73/100\n|-damage|p2a: Rillaboom|18/100 brn|[from] Recoil\n|\n|-heal|p1b: Volcarona|79/100|[from] Grassy Terrain\n|-heal|p2a: Rillaboom|24/100 brn|[from] Grassy Terrain\n|-damage|p2a: Rillaboom|18/100 brn|[from] brn\n|-fieldend|move: Grassy Terrain\n|upkeep\n|-message|randomcatFFR forfeited.\n|\n|win|chrisjhall13\n|raw|chrisjhall13's rating: 1437 &rarr; <strong>1456</strong><br />(+19 for winning)\n|raw|randomcatFFR's rating: 1427 &rarr; <strong>1408</strong><br />(-19 for losing)\n|l|\u2606randomcatFFR\n|player|p2|\n|l|\u2606chrisjhall13\n|player|p1|\n","uploadtime":1773920406,"views":14,"formatid":"gen9vgc2026regi","rating":1408,"private":0,"password":null}