{"id":"gen9vgc2026regi-2590984438","format":"[Gen 9] VGC 2026 Reg I","players":["shecallmedada","blackred123"],"log":"|j|\u2606shecallmedada\n|j|\u2606blackred123\n|t:|1776866495\n|gametype|doubles\n|player|p1|shecallmedada|burglar-gen1rb|1513\n|player|p2|blackred123|iono-masters|1678\n|gen|9\n|tier|[Gen 9] VGC 2026 Reg I\n|rated|\n|rule|Species Clause: Limit one of each Pok\u00e9mon\n|rule|Item Clause: Limit 1 of each item\n|clearpoke\n|poke|p1|Iron Bundle, L50|\n|poke|p1|Farigiraf, L50, M|\n|poke|p1|Calyrex-Ice, L50|\n|poke|p1|Miraidon, L50|\n|poke|p1|Iron Hands, L50|\n|poke|p1|Annihilape, L50, M|\n|poke|p2|Calyrex-Shadow, L50|\n|poke|p2|Zamazenta-*, L50|\n|poke|p2|Tornadus, L50, M|\n|poke|p2|Rillaboom, L50, F|\n|poke|p2|Ogerpon-Hearthflame, L50, F|\n|poke|p2|Raging Bolt, L50|\n|teampreview|4\n|inactive|Battle timer is ON: inactive players will automatically lose when time's up. (requested by blackred123)\n|inactive|shecallmedada has 60 seconds left.\n|\n|t:|1776866533\n|teamsize|p1|4\n|teamsize|p2|4\n|start\n|switch|p1a: Ozosloom|Calyrex-Ice, L50|100/100\n|switch|p1b: Annihilape|Annihilape, L50, M|100/100\n|switch|p2a: Zamazenta|Zamazenta-Crowned, L50|100/100\n|switch|p2b: Rillaboom|Rillaboom, L50, F|100/100\n|-ability|p1a: Ozosloom|As One\n|-ability|p1a: Ozosloom|Unnerve\n|-ability|p2a: Zamazenta|Dauntless Shield|boost\n|-boost|p2a: Zamazenta|def|1\n|-fieldstart|move: Grassy Terrain|[from] ability: Grassy Surge|[of] p2b: Rillaboom\n|turn|1\n|\n|t:|1776866549\n|-terastallize|p1a: Ozosloom|Fairy\n|move|p1b: Annihilape|Coaching|p1a: Ozosloom\n|-boost|p1a: Ozosloom|atk|1\n|-boost|p1a: Ozosloom|def|1\n|move|p2a: Zamazenta|Heavy Slam|p1b: Annihilape\n|-damage|p1b: Annihilape|52/100\n|move|p2b: Rillaboom|U-turn|p1b: Annihilape\n|-resisted|p1b: Annihilape\n|-crit|p1b: Annihilape\n|-damage|p1b: Annihilape|44/100\n|\n|t:|1776866561\n|switch|p2b: Calyrex|Calyrex-Shadow, L50|100/100|[from] U-turn\n|-ability|p2b: Calyrex|As One\n|-ability|p2b: Calyrex|Unnerve\n|move|p1a: Ozosloom|Leech Seed|p2a: Zamazenta\n|-start|p2a: Zamazenta|move: Leech Seed\n|\n|-heal|p1b: Annihilape|50/100|[from] Grassy Terrain\n|-damage|p2a: Zamazenta|88/100|[from] Leech Seed|[of] p1a: Ozosloom\n|upkeep\n|turn|2\n|\n|t:|1776866585\n|move|p1b: Annihilape|Coaching|p1a: Ozosloom\n|-boost|p1a: Ozosloom|atk|1\n|-boost|p1a: Ozosloom|def|1\n|move|p2b: Calyrex|Encore|p1a: Ozosloom\n|-start|p1a: Ozosloom|Encore\n|move|p2a: Zamazenta|Heavy Slam|p1b: Annihilape\n|-damage|p1b: Annihilape|0 fnt\n|faint|p1b: Annihilape\n|move|p1a: Ozosloom|Leech Seed|p2b: Calyrex\n|-start|p2b: Calyrex|move: Leech Seed\n|\n|-heal|p2a: Zamazenta|94/100|[from] Grassy Terrain\n|-damage|p2b: Calyrex|88/100|[from] Leech Seed|[of] p1a: Ozosloom\n|-damage|p2a: Zamazenta|82/100|[from] Leech Seed|[of] p1a: Ozosloom\n|upkeep\n|inactive|shecallmedada has 30 seconds left.\n|\n|t:|1776866613\n|switch|p1b: Miraidon|Miraidon, L50|100/100\n|-fieldstart|move: Electric Terrain|[from] ability: Hadron Engine|[of] p1b: Miraidon\n|turn|3\n|\n|t:|1776866634\n|switch|p2b: Rillaboom|Rillaboom, L50, F|100/100\n|-fieldstart|move: Grassy Terrain|[from] ability: Grassy Surge|[of] p2b: Rillaboom\n|move|p1b: Miraidon|Volt Switch|p2a: Zamazenta\n|-damage|p2a: Zamazenta|47/100\n|-damage|p1b: Miraidon|91/100|[from] item: Life Orb\n|\n|t:|1776866641\n|switch|p1b: Iron Hands|Iron Hands, L50|100/100|[from] Volt Switch\n|move|p2a: Zamazenta|Body Press|p1b: Iron Hands\n|-damage|p1b: Iron Hands|55/100\n|move|p1a: Ozosloom|Leech Seed|p2b: Rillaboom\n|-immune|p2b: Rillaboom\n|\n|-heal|p2a: Zamazenta|53/100|[from] Grassy Terrain\n|-heal|p1b: Iron Hands|61/100|[from] Grassy Terrain\n|-damage|p2a: Zamazenta|40/100|[from] Leech Seed|[of] p1a: Ozosloom\n|upkeep\n|turn|4\n|\n|t:|1776866665\n|move|p2b: Rillaboom|Fake Out|p1b: Iron Hands\n|-damage|p1b: Iron Hands|53/100\n|cant|p1b: Iron Hands|flinch\n|move|p2a: Zamazenta|Body Press|p1b: Iron Hands\n|-damage|p1b: Iron Hands|5/100\n|move|p1a: Ozosloom|Leech Seed|p2b: Rillaboom\n|-immune|p2b: Rillaboom\n|\n|-heal|p2a: Zamazenta|47/100|[from] Grassy Terrain\n|-heal|p1b: Iron Hands|12/100|[from] Grassy Terrain\n|-damage|p2a: Zamazenta|34/100|[from] Leech Seed|[of] p1a: Ozosloom\n|-end|p1a: Ozosloom|Encore\n|upkeep\n|turn|5\n|\n|t:|1776866687\n|move|p2a: Zamazenta|Wide Guard|p2a: Zamazenta\n|-singleturn|p2a: Zamazenta|Wide Guard\n|move|p2b: Rillaboom|Wood Hammer|p1b: Iron Hands\n|-crit|p1b: Iron Hands\n|-damage|p1b: Iron Hands|0 fnt\n|faint|p1b: Iron Hands\n|-end|p1b: Iron Hands|Quark Drive|[silent]\n|-damage|p2b: Rillaboom|96/100|[from] Recoil\n|move|p1a: Ozosloom|Glacial Lance|p2b: Rillaboom|[spread] \n|-activate|p2a: Zamazenta|move: Wide Guard\n|-activate|p2b: Rillaboom|move: Wide Guard\n|\n|-heal|p2a: Zamazenta|40/100|[from] Grassy Terrain\n|-heal|p2b: Rillaboom|100/100|[from] Grassy Terrain\n|-damage|p2a: Zamazenta|28/100|[from] Leech Seed|[of] p1a: Ozosloom\n|upkeep\n|\n|t:|1776866691\n|switch|p1b: Miraidon|Miraidon, L50|91/100\n|-fieldstart|move: Electric Terrain|[from] ability: Hadron Engine|[of] p1b: Miraidon\n|turn|6\n|\n|t:|1776866705\n|move|p1b: Miraidon|Electro Drift|p2a: Zamazenta\n|-damage|p2a: Zamazenta|0 fnt\n|faint|p2a: Zamazenta\n|-damage|p1b: Miraidon|81/100|[from] item: Life Orb\n|move|p2b: Rillaboom|U-turn|p1b: Miraidon\n|-damage|p1b: Miraidon|58/100\n|\n|t:|1776866719\n|switch|p2b: Calyrex|Calyrex-Shadow, L50|88/100|[from] U-turn\n|-ability|p2b: Calyrex|As One\n|-ability|p2b: Calyrex|Unnerve\n|move|p1a: Ozosloom|Trick Room|p1a: Ozosloom\n|-fieldstart|move: Trick Room|[of] p1a: Ozosloom\n|\n|upkeep\n|inactive|blackred123 has 30 seconds left.\n|\n|t:|1776866746\n|switch|p2a: Rillaboom|Rillaboom, L50, F|100/100\n|-fieldstart|move: Grassy Terrain|[from] ability: Grassy Surge|[of] p2a: Rillaboom\n|turn|7\n|\n|t:|1776866769\n|switch|p2b: Raging Bolt|Raging Bolt, L50|100/100\n|-enditem|p2b: Raging Bolt|Booster Energy\n|-activate|p2b: Raging Bolt|ability: Protosynthesis|[fromitem]\n|-start|p2b: Raging Bolt|protosynthesisspa\n|move|p1b: Miraidon|Protect|p1b: Miraidon\n|-singleturn|p1b: Miraidon|Protect\n|move|p2a: Rillaboom|Fake Out|p1a: Ozosloom\n|-damage|p1a: Ozosloom|97/100\n|cant|p1a: Ozosloom|flinch\n|\n|-heal|p1a: Ozosloom|100/100|[from] Grassy Terrain\n|-heal|p1b: Miraidon|65/100|[from] Grassy Terrain\n|upkeep\n|turn|8\n|\n|t:|1776866786\n|switch|p2a: Calyrex|Calyrex-Shadow, L50|88/100\n|-ability|p2a: Calyrex|As One\n|-ability|p2a: Calyrex|Unnerve\n|move|p2b: Raging Bolt|Protect|p2b: Raging Bolt\n|-singleturn|p2b: Raging Bolt|Protect\n|move|p1a: Ozosloom|Glacial Lance|p2b: Raging Bolt|[spread] p2a\n|-activate|p2b: Raging Bolt|move: Protect\n|-damage|p2a: Calyrex|0 fnt\n|faint|p2a: Calyrex\n|-ability|p1a: Ozosloom|Chilling Neigh|boost\n|-boost|p1a: Ozosloom|atk|1\n|move|p1b: Miraidon|Electro Drift|p2b: Raging Bolt\n|-activate|p2b: Raging Bolt|move: Protect\n|\n|-heal|p1b: Miraidon|71/100|[from] Grassy Terrain\n|upkeep\n|\n|t:|1776866798\n|switch|p2a: Rillaboom|Rillaboom, L50, F|100/100\n|turn|9\n|\n|t:|1776866804\n|move|p1a: Ozosloom|Protect|p1a: Ozosloom\n|-singleturn|p1a: Ozosloom|Protect\n|move|p1b: Miraidon|Protect|p1b: Miraidon\n|-singleturn|p1b: Miraidon|Protect\n|move|p2a: Rillaboom|Fake Out|p1a: Ozosloom\n|-activate|p1a: Ozosloom|move: Protect\n|move|p2b: Raging Bolt|Dragon Pulse|p1b: Miraidon\n|-activate|p1b: Miraidon|move: Protect\n|\n|-heal|p1b: Miraidon|77/100|[from] Grassy Terrain\n|upkeep\n|turn|10\n|\n|t:|1776866822\n|-terastallize|p2a: Rillaboom|Water\n|move|p2b: Raging Bolt|Protect|p2b: Raging Bolt\n|-singleturn|p2b: Raging Bolt|Protect\n|move|p1a: Ozosloom|Glacial Lance|p2a: Rillaboom|[spread] p2a\n|-activate|p2b: Raging Bolt|move: Protect\n|-resisted|p2a: Rillaboom\n|-damage|p2a: Rillaboom|40/100\n|move|p2a: Rillaboom|U-turn|p1b: Miraidon\n|-damage|p1b: Miraidon|56/100\n|move|p1b: Miraidon|Electro Drift|p2a: Rillaboom\n|-supereffective|p2a: Rillaboom\n|-damage|p2a: Rillaboom|0 fnt\n|faint|p2a: Rillaboom\n|-damage|p1b: Miraidon|46/100|[from] item: Life Orb\n|\n|-heal|p1b: Miraidon|52/100|[from] Grassy Terrain\n|-fieldend|move: Trick Room\n|upkeep\n|turn|11\n|\n|t:|1776866837\n|move|p1b: Miraidon|Draco Meteor|p2b: Raging Bolt\n|-supereffective|p2b: Raging Bolt\n|-damage|p2b: Raging Bolt|0 fnt\n|-unboost|p1b: Miraidon|spa|2\n|faint|p2b: Raging Bolt\n|-end|p2b: Raging Bolt|Protosynthesis|[silent]\n|-damage|p1b: Miraidon|43/100|[from] item: Life Orb\n|\n|win|shecallmedada\n|raw|shecallmedada's rating: 1513 &rarr; <strong>1542</strong><br />(+29 for winning)\n|raw|blackred123's rating: 1678 &rarr; <strong>1649</strong><br />(-29 for losing)\n|l|\u2606blackred123\n|player|p2|\n|l|\u2606shecallmedada\n|player|p1|\n","uploadtime":1776866842,"views":19,"formatid":"gen9vgc2026regi","rating":1542,"private":0,"password":null}