{"id":"gen9vgc2026regi-2520961571","format":"[Gen 9] VGC 2026 Reg I","players":["Fogdocker","Hd70"],"log":"|j|\u2606Fogdocker\n|j|\u2606Hd70\n|t:|1768704515\n|gametype|doubles\n|player|p1|Fogdocker|101|1326\n|player|p2|Hd70|102|1372\n|gen|9\n|tier|[Gen 9] VGC 2026 Reg I\n|rated|\n|rule|Species Clause: Limit one of each Pok\u00e9mon\n|rule|Item Clause: Limit 1 of each item\n|clearpoke\n|poke|p1|Calyrex-Ice, L50|\n|poke|p1|Kyogre, L50|\n|poke|p1|Urshifu-*, L50, F|\n|poke|p1|Rillaboom, L50, F|\n|poke|p1|Landorus, L50, M|\n|poke|p1|Tornadus, L50, M|\n|poke|p2|Koraidon, L50|\n|poke|p2|Calyrex-Shadow, L50|\n|poke|p2|Amoonguss, L50, M|\n|poke|p2|Scream Tail, L50|\n|poke|p2|Gothitelle, L50, M|\n|poke|p2|Incineroar, L50, M|\n|teampreview|4\n|l|\u2606Hd70\n|player|p2|\n|j|\u2606Hd70\n|player|p2|Hd70|102|\n|\n|t:|1768704589\n|teamsize|p1|4\n|teamsize|p2|4\n|start\n|switch|p1a: Kyogre|Kyogre, L50|100/100\n|switch|p1b: Tornadus|Tornadus, L50, M|100/100\n|switch|p2a: Scream Tail|Scream Tail, L50|100/100\n|switch|p2b: Gothitelle|Gothitelle, L50, M|100/100\n|-weather|RainDance|[from] ability: Drizzle|[of] p1a: Kyogre\n|-enditem|p2a: Scream Tail|Booster Energy\n|-activate|p2a: Scream Tail|ability: Protosynthesis|[fromitem]\n|-start|p2a: Scream Tail|protosynthesisspe\n|turn|1\n|\n|t:|1768704608\n|-terastallize|p2a: Scream Tail|Dark\n|move|p2b: Gothitelle|Fake Out|p1a: Kyogre\n|-damage|p1a: Kyogre|95/100\n|move|p1b: Tornadus|Taunt|p2a: Scream Tail\n|-hint|Since gen 7, Dark is immune to Prankster moves.\n|-immune|p2a: Scream Tail\n|move|p2a: Scream Tail|Perish Song|p2a: Scream Tail\n|-start|p1a: Kyogre|perish3|[silent]\n|-start|p1b: Tornadus|perish3|[silent]\n|-start|p2a: Scream Tail|perish3|[silent]\n|-start|p2b: Gothitelle|perish3|[silent]\n|-fieldactivate|move: Perish Song\n|cant|p1a: Kyogre|flinch\n|\n|-weather|RainDance|[upkeep]\n|-start|p2a: Scream Tail|perish3\n|-start|p1b: Tornadus|perish3\n|-start|p1a: Kyogre|perish3\n|-start|p2b: Gothitelle|perish3\n|upkeep\n|turn|2\n|\n|t:|1768704628\n|move|p2a: Scream Tail|Protect|p2a: Scream Tail\n|-singleturn|p2a: Scream Tail|Protect\n|move|p2b: Gothitelle|Protect|p2b: Gothitelle\n|-singleturn|p2b: Gothitelle|Protect\n|move|p1b: Tornadus|Bleakwind Storm|p2b: Gothitelle|[spread] \n|-activate|p2a: Scream Tail|move: Protect\n|-activate|p2b: Gothitelle|move: Protect\n|move|p1a: Kyogre|Water Spout|p2a: Scream Tail|[spread] \n|-activate|p2a: Scream Tail|move: Protect\n|-activate|p2b: Gothitelle|move: Protect\n|\n|-weather|RainDance|[upkeep]\n|-start|p2a: Scream Tail|perish2\n|-start|p1b: Tornadus|perish2\n|-start|p1a: Kyogre|perish2\n|-start|p2b: Gothitelle|perish2\n|upkeep\n|turn|3\n|\n|t:|1768704655\n|-end|p2a: Scream Tail|Protosynthesis|[silent]\n|switch|p2a: Koraidon|Koraidon, L50|100/100\n|-weather|SunnyDay|[from] ability: Orichalcum Pulse|[of] p2a: Koraidon\n|-activate|p2a: Koraidon|Orichalcum Pulse|[source]\n|move|p1b: Tornadus|Rain Dance|p1b: Tornadus\n|-weather|RainDance\n|move|p1a: Kyogre|Water Spout|p2b: Gothitelle|[spread] p2a,p2b\n|-resisted|p2a: Koraidon\n|-damage|p2a: Koraidon|40/100\n|-damage|p2b: Gothitelle|0 fnt\n|faint|p2b: Gothitelle\n|\n|-weather|RainDance|[upkeep]\n|-start|p1b: Tornadus|perish1\n|-start|p1a: Kyogre|perish1\n|upkeep\n|\n|t:|1768704671\n|switch|p2b: Amoonguss|Amoonguss, L50, M|100/100\n|turn|4\n|\n|t:|1768704682\n|switch|p2a: Scream Tail|Scream Tail, L50, tera:Dark|100/100\n|switch|p1b: Landorus|Landorus, L50, M|100/100\n|switch|p1a: Calyrex|Calyrex-Ice, L50|100/100\n|-ability|p1a: Calyrex|As One\n|-ability|p1a: Calyrex|Unnerve\n|move|p2b: Amoonguss|Spore|p1b: Landorus\n|-status|p1b: Landorus|slp|[from] move: Spore\n|\n|-weather|RainDance|[upkeep]\n|upkeep\n|turn|5\n|\n|t:|1768704704\n|move|p2a: Scream Tail|Perish Song|p2a: Scream Tail\n|-start|p1a: Calyrex|perish3|[silent]\n|-start|p1b: Landorus|perish3|[silent]\n|-start|p2a: Scream Tail|perish3|[silent]\n|-start|p2b: Amoonguss|perish3|[silent]\n|-fieldactivate|move: Perish Song\n|cant|p1b: Landorus|slp\n|move|p1a: Calyrex|Glacial Lance|p2a: Scream Tail|[spread] p2a,p2b\n|-supereffective|p2b: Amoonguss\n|-damage|p2a: Scream Tail|60/100\n|-damage|p2b: Amoonguss|0 fnt\n|faint|p2b: Amoonguss\n|-ability|p1a: Calyrex|Chilling Neigh|boost\n|-boost|p1a: Calyrex|atk|1\n|\n|-weather|RainDance|[upkeep]\n|-start|p2a: Scream Tail|perish3\n|-start|p1b: Landorus|perish3\n|-start|p1a: Calyrex|perish3\n|upkeep\n|-message|Hd70 forfeited.\n|\n|win|Fogdocker\n|raw|Fogdocker's rating: 1326 &rarr; <strong>1349</strong><br />(+23 for winning)\n|raw|Hd70's rating: 1372 &rarr; <strong>1349</strong><br />(-23 for losing)\n|l|\u2606Hd70\n|player|p2|\n|l|\u2606Fogdocker\n|player|p1|\n","uploadtime":1768704978,"views":17,"formatid":"gen9vgc2026regi","rating":1349,"private":0,"password":null}