{"id":"gen9vgc2026regi-2520006957","format":"[Gen 9] VGC 2026 Reg I","players":["jpto5","sghy"],"log":"|j|\u2606jpto5\n|j|\u2606sghy\n|t:|1768579442\n|gametype|doubles\n|player|p1|jpto5|2|1271\n|player|p2|sghy|2|1261\n|gen|9\n|tier|[Gen 9] VGC 2026 Reg I\n|rated|\n|rule|Species Clause: Limit one of each Pok\u00e9mon\n|rule|Item Clause: Limit 1 of each item\n|clearpoke\n|poke|p1|Tornadus, L50, M|\n|poke|p1|Kyogre, L50|\n|poke|p1|Zacian-*, L50|\n|poke|p1|Incineroar, L50, M|\n|poke|p1|Basculegion, L50, M|\n|poke|p1|Kilowattrel, L50, F|\n|poke|p2|Muk-Alola, L50, F|\n|poke|p2|Smeargle, L50, M|\n|poke|p2|Lugia, L50|\n|poke|p2|Incineroar, L50, M|\n|poke|p2|Calyrex-Shadow, L50|\n|poke|p2|Amoonguss, L50, F|\n|teampreview|4\n|inactive|Battle timer is ON: inactive players will automatically lose when time's up. (requested by jpto5)\n|inactive|jpto5 has 60 seconds left.\n|inactive|jpto5 has 30 seconds left.\n|j| SaltyCore69\n|inactive|jpto5 has 20 seconds left.\n|inactive|jpto5 has 15 seconds left.\n|\n|t:|1768579520\n|teamsize|p1|4\n|teamsize|p2|4\n|start\n|switch|p1a: Tornadus|Tornadus, L50, M|100/100\n|switch|p1b: Incineroar|Incineroar, L50, M|100/100\n|switch|p2a: Muk|Muk-Alola, L50, F|100/100\n|switch|p2b: Smeargle|Smeargle, L50, M|100/100\n|-ability|p1b: Incineroar|Intimidate|boost\n|-unboost|p2a: Muk|atk|1\n|-unboost|p2b: Smeargle|atk|1\n|turn|1\n|\n|t:|1768579535\n|move|p2b: Smeargle|Fake Out|p1b: Incineroar\n|-damage|p1b: Incineroar|96/100\n|cant|p1b: Incineroar|flinch\n|move|p1a: Tornadus|Taunt|p2b: Smeargle\n|-start|p2b: Smeargle|move: Taunt\n|move|p2a: Muk|Minimize|p2a: Muk\n|-boost|p2a: Muk|evasion|2\n|\n|-ability|p2b: Smeargle|Moody|boost\n|-boost|p2b: Smeargle|spd|2\n|-unboost|p2b: Smeargle|atk|1\n|upkeep\n|turn|2\n|\n|t:|1768579553\n|move|p1a: Tornadus|Bleakwind Storm|p2a: Muk|[spread] \n|-miss|p1a: Tornadus|p2a: Muk\n|-miss|p1a: Tornadus|p2b: Smeargle\n|move|p2b: Smeargle|Salt Cure|p1a: Tornadus\n|-supereffective|p1a: Tornadus\n|-damage|p1a: Tornadus|90/100\n|-start|p1a: Tornadus|Salt Cure\n|move|p1b: Incineroar|Parting Shot|p2a: Muk|[miss]\n|-miss|p1b: Incineroar|p2a: Muk\n|move|p2a: Muk|Minimize|p2a: Muk\n|-boost|p2a: Muk|evasion|2\n|\n|-damage|p1a: Tornadus|78/100|[from] Salt Cure\n|-ability|p2b: Smeargle|Moody|boost\n|-boost|p2b: Smeargle|spa|2\n|-unboost|p2b: Smeargle|atk|1\n|upkeep\n|turn|3\n|\n|t:|1768579573\n|switch|p1b: Kyogre|Kyogre, L50|100/100\n|-weather|RainDance|[from] ability: Drizzle|[of] p1b: Kyogre\n|move|p1a: Tornadus|Bleakwind Storm|p2b: Smeargle|[spread] p2a,p2b\n|-damage|p2a: Muk|78/100\n|-damage|p2b: Smeargle|52/100\n|move|p2b: Smeargle|Salt Cure|p1b: Kyogre\n|-damage|p1b: Kyogre|98/100\n|-start|p1b: Kyogre|Salt Cure\n|move|p2a: Muk|Minimize|p2a: Muk\n|-boost|p2a: Muk|evasion|2\n|\n|-weather|RainDance|[upkeep]\n|-heal|p2a: Muk|84/100|[from] item: Leftovers\n|-damage|p1a: Tornadus|65/100|[from] Salt Cure\n|-damage|p1b: Kyogre|73/100|[from] Salt Cure\n|-ability|p2b: Smeargle|Moody|boost\n|-boost|p2b: Smeargle|atk|2\n|-unboost|p2b: Smeargle|spa|1\n|upkeep\n|turn|4\n|inactive|sghy has 30 seconds left.\n|\n|t:|1768579599\n|move|p2a: Muk|Protect|p2a: Muk\n|-singleturn|p2a: Muk|Protect\n|move|p1a: Tornadus|Bleakwind Storm|p2b: Smeargle|[spread] p2b\n|-activate|p2a: Muk|move: Protect\n|-damage|p2b: Smeargle|5/100\n|-unboost|p2b: Smeargle|spe|1\n|move|p1b: Kyogre|Thunder|p2a: Muk\n|-activate|p2a: Muk|move: Protect\n|move|p2b: Smeargle|Salt Cure|p1b: Kyogre\n|-damage|p1b: Kyogre|68/100\n|\n|-weather|RainDance|[upkeep]\n|-heal|p2a: Muk|90/100|[from] item: Leftovers\n|-damage|p1a: Tornadus|53/100|[from] Salt Cure\n|-damage|p1b: Kyogre|44/100|[from] Salt Cure\n|-end|p2b: Smeargle|move: Taunt\n|-ability|p2b: Smeargle|Moody|boost\n|-boost|p2b: Smeargle|spe|2\n|-unboost|p2b: Smeargle|spa|1\n|upkeep\n|turn|5\n|inactive|sghy has 30 seconds left.\n|inactive|sghy has 20 seconds left.\n|inactive|sghy has 15 seconds left.\n|inactive|sghy has 10 seconds left.\n|\n|t:|1768579648\n|switch|p1b: Incineroar|Incineroar, L50, M|96/100\n|-ability|p1b: Incineroar|Intimidate|boost\n|-unboost|p2a: Muk|atk|1\n|-unboost|p2b: Smeargle|atk|1\n|move|p2b: Smeargle|Follow Me|p2b: Smeargle\n|-singleturn|p2b: Smeargle|move: Follow Me\n|move|p1a: Tornadus|Bleakwind Storm|p2b: Smeargle|[spread] p2a,p2b\n|-damage|p2a: Muk|67/100\n|-damage|p2b: Smeargle|0 fnt\n|faint|p2b: Smeargle\n|-ability|p2a: Muk|Moody|Power of Alchemy|[from] ability: Power of Alchemy|[of] p2b: Smeargle\n|move|p2a: Muk|Knock Off|p1b: Incineroar\n|-resisted|p1b: Incineroar\n|-damage|p1b: Incineroar|87/100\n|-enditem|p1b: Incineroar|Eject Pack|[from] move: Knock Off|[of] p2a: Muk\n|\n|-weather|RainDance|[upkeep]\n|-heal|p2a: Muk|74/100|[from] item: Leftovers\n|-damage|p1a: Tornadus|41/100|[from] Salt Cure\n|-ability|p2a: Muk|Moody|boost\n|-boost|p2a: Muk|def|2\n|-unboost|p2a: Muk|atk|1\n|upkeep\n|\n|t:|1768579671\n|switch|p2b: Lugia|Lugia, L50|100/100\n|turn|6\n|l|\u2606sghy\n|inactive|sghy disconnected and has a minute to reconnect!\n|player|p2|\n|inactive|sghy has 30 seconds left.\n|inactive|sghy has 20 seconds left.\n|inactive|sghy has 15 seconds left.\n|inactive|sghy has 10 seconds left.\n|inactive|sghy has 5 seconds left.\n|-message|sghy lost due to inactivity.\n|\n|win|jpto5\n|raw|jpto5's rating: 1271 &rarr; <strong>1295</strong><br />(+24 for winning)\n|raw|sghy's rating: 1261 &rarr; <strong>1237</strong><br />(-24 for losing)\n|l|\u2606jpto5\n|player|p1|\n|j|\u2606sghy\n|player|p2|sghy|2|\n|l|\u2606sghy\n|player|p2|\n|l| SaltyCore69\n","uploadtime":1768579864,"views":17,"formatid":"gen9vgc2026regi","rating":1237,"private":0,"password":null}