{"id":"gen9vgc2026regi-2528616026","format":"[Gen 9] VGC 2026 Reg I","players":["mosca9876","blackred123"],"log":"|j|\u2606mosca9876\n|j|\u2606blackred123\n|t:|1769686385\n|gametype|doubles\n|player|p1|mosca9876|101|1365\n|player|p2|blackred123|iono-masters|1512\n|gen|9\n|tier|[Gen 9] VGC 2026 Reg I\n|rated|\n|rule|Species Clause: Limit one of each Pok\u00e9mon\n|rule|Item Clause: Limit 1 of each item\n|clearpoke\n|poke|p1|Calyrex-Shadow, L50|\n|poke|p1|Terapagos, L50, M|\n|poke|p1|Iron Hands, L50|\n|poke|p1|Chi-Yu, L50|\n|poke|p1|Smeargle, L50, F|\n|poke|p1|Whimsicott, L50, F|\n|poke|p2|Lunala, L50|\n|poke|p2|Koraidon, L50|\n|poke|p2|Chi-Yu, L50|\n|poke|p2|Flutter Mane, L50|\n|poke|p2|Brute Bonnet, L50|\n|poke|p2|Ursaluna, L50, F|\n|teampreview|4\n|inactive|Battle timer is ON: inactive players will automatically lose when time's up. (requested by blackred123)\n|\n|t:|1769686412\n|teamsize|p1|4\n|teamsize|p2|4\n|start\n|switch|p1a: PrettyPlease|Smeargle, L50, F|100/100\n|switch|p1b: Levitating|Calyrex-Shadow, L50|100/100\n|switch|p2a: Lunala|Lunala, L50, shiny|100/100\n|switch|p2b: Chi-Yu|Chi-Yu, L50|100/100\n|-ability|p1b: Levitating|As One\n|-ability|p1b: Levitating|Unnerve\n|-ability|p2b: Chi-Yu|Beads of Ruin\n|turn|1\n|inactive|mosca9876 has 30 seconds left.\n|\n|t:|1769686443\n|-terastallize|p2a: Lunala|Water\n|move|p1b: Levitating|Protect|p1b: Levitating\n|-singleturn|p1b: Levitating|Protect\n|move|p2b: Chi-Yu|Heat Wave|p1b: Levitating|[spread] p1a\n|-activate|p1b: Levitating|move: Protect\n|-enditem|p1a: PrettyPlease|Focus Sash\n|-damage|p1a: PrettyPlease|1/100\n|move|p1a: PrettyPlease|Spore|p2a: Lunala\n|-status|p2a: Lunala|slp|[from] move: Spore\n|cant|p2a: Lunala|slp\n|\n|-ability|p1a: PrettyPlease|Moody|boost\n|-boost|p1a: PrettyPlease|atk|2\n|-unboost|p1a: PrettyPlease|spd|1\n|upkeep\n|turn|2\n|\n|t:|1769686467\n|switch|p2a: Koraidon|Koraidon, L50|100/100\n|-weather|SunnyDay|[from] ability: Orichalcum Pulse|[of] p2a: Koraidon\n|-activate|p2a: Koraidon|Orichalcum Pulse|[source]\n|-terastallize|p1b: Levitating|Dark\n|move|p2b: Chi-Yu|Heat Wave|p1a: PrettyPlease|[spread] p1a,p1b\n|-damage|p1a: PrettyPlease|0 fnt\n|-damage|p1b: Levitating|25/100\n|faint|p1a: PrettyPlease\n|move|p1b: Levitating|Astral Barrage|p2b: Chi-Yu|[spread] p2a,p2b\n|-resisted|p2b: Chi-Yu\n|-damage|p2a: Koraidon|3/100\n|-damage|p2b: Chi-Yu|63/100\n|-damage|p1b: Levitating|16/100|[from] item: Life Orb\n|\n|-weather|SunnyDay|[upkeep]\n|upkeep\n|\n|t:|1769686477\n|switch|p1a: Physical|Iron Hands, L50|100/100\n|turn|3\n|\n|t:|1769686491\n|switch|p2b: Flutter Mane|Flutter Mane, L50|100/100\n|-activate|p2b: Flutter Mane|ability: Protosynthesis\n|-start|p2b: Flutter Mane|protosynthesisspe\n|move|p2a: Koraidon|Protect|p2a: Koraidon\n|-singleturn|p2a: Koraidon|Protect\n|move|p1a: Physical|Fake Out|p2b: Flutter Mane\n|-immune|p2b: Flutter Mane\n|move|p1b: Levitating|Astral Barrage|p2a: Koraidon|[spread] p2b\n|-activate|p2a: Koraidon|move: Protect\n|-supereffective|p2b: Flutter Mane\n|-enditem|p2b: Flutter Mane|Focus Sash\n|-damage|p2b: Flutter Mane|1/100\n|-damage|p1b: Levitating|6/100|[from] item: Life Orb\n|\n|-weather|SunnyDay|[upkeep]\n|upkeep\n|turn|4\n|\n|t:|1769686512\n|move|p1b: Levitating|Protect|p1b: Levitating\n|-singleturn|p1b: Levitating|Protect\n|move|p2b: Flutter Mane|Moonblast|p1b: Levitating\n|-activate|p1b: Levitating|move: Protect\n|move|p2a: Koraidon|Close Combat|p1a: Physical\n|-damage|p1a: Physical|32/100\n|-unboost|p2a: Koraidon|def|1\n|-unboost|p2a: Koraidon|spd|1\n|-damage|p2a: Koraidon|0 fnt|[from] item: Life Orb\n|faint|p2a: Koraidon\n|move|p1a: Physical|Wild Charge|p2b: Flutter Mane\n|-damage|p2b: Flutter Mane|0 fnt\n|faint|p2b: Flutter Mane\n|-end|p2b: Flutter Mane|Protosynthesis|[silent]\n|-damage|p1a: Physical|32/100|[from] Recoil\n|\n|-weather|SunnyDay|[upkeep]\n|upkeep\n|\n|t:|1769686524\n|switch|p2a: Lunala|Lunala, L50, shiny, tera:Water|100/100 slp\n|switch|p2b: Chi-Yu|Chi-Yu, L50|63/100\n|-ability|p2b: Chi-Yu|Beads of Ruin\n|turn|5\n|inactive|mosca9876 has 30 seconds left.\n|\n|t:|1769686556\n|-end|p1a: Physical|Quark Drive|[silent]\n|switch|p1a: BreakMyHeart|Chi-Yu, L50|100/100\n|-ability|p1a: BreakMyHeart|Beads of Ruin\n|move|p2b: Chi-Yu|Heat Wave|p1b: Levitating|[spread] p1a,p1b\n|-resisted|p1a: BreakMyHeart\n|-damage|p1a: BreakMyHeart|66/100\n|-damage|p1b: Levitating|0 fnt\n|faint|p1b: Levitating\n|cant|p2a: Lunala|slp\n|\n|-weather|SunnyDay|[upkeep]\n|upkeep\n|\n|t:|1769686561\n|switch|p1b: Physical|Iron Hands, L50|32/100\n|turn|6\n|\n|t:|1769686576\n|move|p1b: Physical|Fake Out|p2b: Chi-Yu\n|-crit|p2b: Chi-Yu\n|-damage|p2b: Chi-Yu|23/100\n|cant|p2b: Chi-Yu|flinch\n|move|p1a: BreakMyHeart|Snarl|p2a: Lunala|[spread] p2a,p2b\n|-resisted|p2b: Chi-Yu\n|-damage|p2a: Lunala|90/100 slp\n|-damage|p2b: Chi-Yu|10/100\n|-unboost|p2a: Lunala|spa|1\n|-unboost|p2b: Chi-Yu|spa|1\n|cant|p2a: Lunala|slp\n|\n|-weather|none\n|upkeep\n|turn|7\n|\n|t:|1769686590\n|move|p2b: Chi-Yu|Heat Wave|p1a: BreakMyHeart|[spread] p1a,p1b\n|-resisted|p1a: BreakMyHeart\n|-damage|p1a: BreakMyHeart|50/100\n|-damage|p1b: Physical|12/100\n|move|p1a: BreakMyHeart|Snarl|p2b: Chi-Yu|[spread] p2a,p2b\n|-resisted|p2b: Chi-Yu\n|-damage|p2a: Lunala|70/100 slp\n|-damage|p2b: Chi-Yu|0 fnt\n|-unboost|p2a: Lunala|spa|1\n|faint|p2b: Chi-Yu\n|-curestatus|p2a: Lunala|slp|[msg]\n|move|p2a: Lunala|Meteor Beam||[still]\n|-prepare|p2a: Lunala|Meteor Beam\n|-boost|p2a: Lunala|spa|1\n|-enditem|p2a: Lunala|Power Herb\n|-anim|p2a: Lunala|Meteor Beam|p1a: BreakMyHeart\n|-supereffective|p1a: BreakMyHeart\n|-damage|p1a: BreakMyHeart|0 fnt\n|faint|p1a: BreakMyHeart\n|move|p1b: Physical|Wild Charge|p2a: Lunala\n|-supereffective|p2a: Lunala\n|-damage|p2a: Lunala|0 fnt\n|faint|p2a: Lunala\n|-damage|p1b: Physical|0 fnt|[from] Recoil\n|faint|p1b: Physical\n|-end|p1b: Physical|Quark Drive|[silent]\n|\n|win|mosca9876\n|raw|mosca9876's rating: 1365 &rarr; <strong>1393</strong><br />(+28 for winning)\n|raw|blackred123's rating: 1512 &rarr; <strong>1484</strong><br />(-28 for losing)\n|l|\u2606mosca9876\n|player|p1|\n|l|\u2606blackred123\n|player|p2|\n","uploadtime":1769686809,"views":16,"formatid":"gen9vgc2026regi","rating":1393,"private":0,"password":null}