{"id":"gen9vgc2026regi-2564011563","format":"[Gen 9] VGC 2026 Reg I","players":["plantscience","etaniol1024"],"log":"|j|\u2606plantscience\n|j|\u2606etaniol1024\n|t:|1774099684\n|gametype|doubles\n|player|p1|plantscience|101|1360\n|player|p2|etaniol1024|102|1408\n|gen|9\n|tier|[Gen 9] VGC 2026 Reg I\n|rated|\n|rule|Species Clause: Limit one of each Pok\u00e9mon\n|rule|Item Clause: Limit 1 of each item\n|clearpoke\n|poke|p1|Chien-Pao, L50|\n|poke|p1|Calyrex-Shadow, L50|\n|poke|p1|Urshifu-*, L50, F|\n|poke|p1|Zamazenta-*, L50|\n|poke|p1|Weezing-Galar, L50, F|\n|poke|p1|Dragonite, L50, M|\n|poke|p2|Terapagos, L50, M|\n|poke|p2|Lunala, L50|\n|poke|p2|Smeargle, L50, M|\n|poke|p2|Amoonguss, L50, F|\n|poke|p2|Ditto, L50|\n|poke|p2|Charjabug, L50, F|\n|teampreview|4\n|inactive|Battle timer is ON: inactive players will automatically lose when time's up. (requested by etaniol1024)\n|\n|t:|1774099719\n|teamsize|p1|4\n|teamsize|p2|4\n|start\n|switch|p1a: Weezing|Weezing-Galar, L50, F|100/100\n|switch|p1b: Urshifu|Urshifu-Rapid-Strike, L50, F|100/100\n|switch|p2a: Smeargle|Smeargle, L50, M|100/100\n|switch|p2b: Terapagos|Terapagos, L50, M|100/100\n|-activate|p2b: Terapagos|ability: Tera Shift\n|detailschange|p2b: Terapagos|Terapagos-Terastal, L50, M\n|-heal|p2b: Terapagos|100/100|[silent]\n|-ability|p1a: Weezing|Neutralizing Gas\n|turn|1\n|\n|t:|1774099740\n|move|p2a: Smeargle|Fake Out|p1b: Urshifu\n|-damage|p1b: Urshifu|95/100\n|cant|p1b: Urshifu|flinch\n|move|p2b: Terapagos|Tera Starstorm|p1b: Urshifu\n|-damage|p1b: Urshifu|0 fnt\n|faint|p1b: Urshifu\n|move|p1a: Weezing|Poison Gas|p2b: Terapagos|[spread] p2a,p2b\n|-status|p2a: Smeargle|psn\n|-status|p2b: Terapagos|psn\n|\n|-damage|p2a: Smeargle|88/100 psn|[from] psn\n|-damage|p2b: Terapagos|88/100 psn|[from] psn\n|upkeep\n|\n|t:|1774099751\n|switch|p1b: Zamazenta|Zamazenta-Crowned, L50|100/100\n|turn|2\n|inactive|etaniol1024 has 30 seconds left.\n|\n|t:|1774099794\n|switch|p2a: Lunala|Lunala, L50|100/100\n|-terastallize|p2b: Terapagos|Stellar\n|detailschange|p2b: Terapagos|Terapagos-Stellar, L50, M, tera:Stellar\n|-heal|p2b: Terapagos|92/100 psn|[silent]\n|move|p1b: Zamazenta|Protect|p1b: Zamazenta\n|-singleturn|p1b: Zamazenta|Protect\n|move|p2b: Terapagos|Tera Starstorm|p1a: Weezing|[spread] p1a\n|-activate|p1b: Zamazenta|move: Protect\n|-damage|p1a: Weezing|37/100\n|move|p1a: Weezing|Taunt|p2a: Lunala\n|-start|p2a: Lunala|move: Taunt\n|\n|-damage|p2b: Terapagos|79/100 psn|[from] psn\n|upkeep\n|turn|3\n|\n|t:|1774099810\n|switch|p2b: Smeargle|Smeargle, L50, M|88/100 psn\n|move|p1a: Weezing|Protect|p1a: Weezing\n|-singleturn|p1a: Weezing|Protect\n|move|p1b: Zamazenta|Body Press|p2b: Smeargle\n|-supereffective|p2b: Smeargle\n|-damage|p2b: Smeargle|0 fnt\n|faint|p2b: Smeargle\n|move|p2a: Lunala|Moongeist Beam|p1a: Weezing\n|-activate|p1a: Weezing|move: Protect\n|\n|upkeep\n|\n|t:|1774099814\n|switch|p2b: Terapagos|Terapagos-Stellar, L50, M, tera:Stellar|79/100 psn\n|turn|4\n|\n|t:|1774099835\n|-end|p1a: Weezing|ability: Neutralizing Gas\n|-ability|p1b: Zamazenta|Dauntless Shield|boost\n|-boost|p1b: Zamazenta|def|1\n|switch|p1a: Dragonite|Dragonite, L50, M|100/100\n|move|p1b: Zamazenta|Body Press|p2b: Terapagos\n|-supereffective|p2b: Terapagos\n|-crit|p2b: Terapagos\n|-damage|p2b: Terapagos|0 fnt\n|faint|p2b: Terapagos\n|detailschange|p2: Terapagos|Terapagos, L50, M|[silent]\n|move|p2a: Lunala|Moongeist Beam|p1a: Dragonite\n|-damage|p1a: Dragonite|49/100\n|\n|-end|p2a: Lunala|move: Taunt\n|upkeep\n|\n|t:|1774099843\n|switch|p2b: Ditto|Ditto, L50|100/100\n|-transform|p2b: Ditto|p1a: Dragonite|[from] ability: Imposter\n|turn|5\n|\n|t:|1774099866\n|switch|p1a: Weezing|Weezing-Galar, L50, F|37/100\n|-ability|p1a: Weezing|Neutralizing Gas\n|move|p1b: Zamazenta|Heavy Slam|p2a: Lunala\n|-damage|p2a: Lunala|59/100\n|move|p2b: Ditto|Stomping Tantrum|p1b: Zamazenta\n|-supereffective|p1b: Zamazenta\n|-damage|p1b: Zamazenta|76/100\n|move|p2a: Lunala|Meteor Beam||[still]\n|-prepare|p2a: Lunala|Meteor Beam\n|-boost|p2a: Lunala|spa|1\n|-enditem|p2a: Lunala|Power Herb\n|-anim|p2a: Lunala|Meteor Beam|p1a: Weezing\n|-damage|p1a: Weezing|0 fnt\n|faint|p1a: Weezing\n|-end|p1a: Weezing|ability: Neutralizing Gas\n|\n|upkeep\n|\n|t:|1774099876\n|switch|p1a: Dragonite|Dragonite, L50, M|49/100\n|turn|6\n|\n|t:|1774099889\n|-terastallize|p1b: Zamazenta|Dragon\n|move|p1b: Zamazenta|Heavy Slam|p2a: Lunala\n|-damage|p2a: Lunala|18/100\n|move|p2b: Ditto|Stomping Tantrum|p1b: Zamazenta\n|-damage|p1b: Zamazenta|63/100\n|move|p2a: Lunala|Moongeist Beam|p1a: Dragonite\n|-damage|p1a: Dragonite|0 fnt\n|faint|p1a: Dragonite\n|\n|upkeep\n|turn|7\n|\n|t:|1774099903\n|move|p1b: Zamazenta|Heavy Slam|p2a: Lunala\n|-damage|p2a: Lunala|0 fnt\n|faint|p2a: Lunala\n|move|p2b: Ditto|Stomping Tantrum|p1b: Zamazenta\n|-damage|p1b: Zamazenta|52/100\n|\n|upkeep\n|turn|8\n|\n|t:|1774099907\n|move|p1b: Zamazenta|Body Press|p2b: Ditto\n|-resisted|p2b: Ditto\n|-damage|p2b: Ditto|58/100\n|move|p2b: Ditto|Stomping Tantrum|p1b: Zamazenta\n|-damage|p1b: Zamazenta|41/100\n|\n|upkeep\n|turn|9\n|\n|t:|1774099911\n|move|p1b: Zamazenta|Body Press|p2b: Ditto\n|-resisted|p2b: Ditto\n|-damage|p2b: Ditto|11/100\n|move|p2b: Ditto|Stomping Tantrum|p1b: Zamazenta\n|-damage|p1b: Zamazenta|28/100\n|\n|upkeep\n|turn|10\n|\n|t:|1774099914\n|move|p1b: Zamazenta|Body Press|p2b: Ditto\n|-resisted|p2b: Ditto\n|-damage|p2b: Ditto|0 fnt\n|faint|p2b: Ditto\n|\n|win|plantscience\n|raw|plantscience's rating: 1360 &rarr; <strong>1383</strong><br />(+23 for winning)\n|raw|etaniol1024's rating: 1408 &rarr; <strong>1385</strong><br />(-23 for losing)\n|l|\u2606etaniol1024\n|player|p2|\n|l|\u2606plantscience\n|player|p1|\n","uploadtime":1774100154,"views":33,"formatid":"gen9vgc2026regi","rating":1383,"private":0,"password":null}