{"id":"gen9vgc2026regi-2538212937","format":"[Gen 9] VGC 2026 Reg I","players":["babzhujia\u7c89\u4e1d","blackred123"],"log":"|j|\u2606babzhujia\u7c89\u4e1d\n|j|\u2606blackred123\n|t:|1770906913\n|gametype|doubles\n|player|p1|babzhujia\u7c89\u4e1d|elesa|1359\n|player|p2|blackred123|iono-masters|1465\n|gen|9\n|tier|[Gen 9] VGC 2026 Reg I\n|rated|\n|rule|Species Clause: Limit one of each Pok\u00e9mon\n|rule|Item Clause: Limit 1 of each item\n|clearpoke\n|poke|p1|Calyrex-Shadow, L50|\n|poke|p1|Zamazenta-*, L50|\n|poke|p1|Chien-Pao, L50|\n|poke|p1|Rillaboom, L50, F|\n|poke|p1|Tornadus, L50, M|\n|poke|p1|Clefairy, L50, F|\n|poke|p2|Calyrex-Shadow, L50|\n|poke|p2|Zamazenta-*, L50|\n|poke|p2|Roaring Moon, L50|\n|poke|p2|Maushold-Four, L50|\n|poke|p2|Weezing, L50, F|\n|poke|p2|Amoonguss, L50, M|\n|teampreview|4\n|inactive|Battle timer is ON: inactive players will automatically lose when time's up. (requested by blackred123)\n|inactive|babzhujia\u7c89\u4e1d has 60 seconds left.\n|\n|t:|1770906955\n|teamsize|p1|4\n|teamsize|p2|4\n|start\n|switch|p1a: Zamazenta|Zamazenta-Crowned, L50, shiny|100/100\n|switch|p1b: Chien-Pao|Chien-Pao, L50, shiny|100/100\n|switch|p2a: Zamazenta|Zamazenta-Crowned, L50|100/100\n|switch|p2b: Roaring Moon|Roaring Moon, L50, shiny|100/100\n|-ability|p1b: Chien-Pao|Sword of Ruin\n|-ability|p1a: Zamazenta|Dauntless Shield|boost\n|-boost|p1a: Zamazenta|def|1\n|-ability|p2a: Zamazenta|Dauntless Shield|boost\n|-boost|p2a: Zamazenta|def|1\n|-enditem|p2b: Roaring Moon|Booster Energy\n|-activate|p2b: Roaring Moon|ability: Protosynthesis|[fromitem]\n|-start|p2b: Roaring Moon|protosynthesisspe\n|turn|1\n|\n|t:|1770906977\n|-terastallize|p1b: Chien-Pao|Poison\n|move|p2b: Roaring Moon|Tailwind|p2b: Roaring Moon\n|-sidestart|p2: blackred123|move: Tailwind\n|move|p2a: Zamazenta|Imprison|p2a: Zamazenta\n|-start|p2a: Zamazenta|move: Imprison\n|move|p1b: Chien-Pao|Ruination|p2a: Zamazenta\n|-damage|p2a: Zamazenta|51/100\n|cant|p1a: Zamazenta|move: Imprison|Body Press\n|\n|upkeep\n|turn|2\n|\n|t:|1770907001\n|switch|p1a: Tornadus|Tornadus, L50, M, shiny|100/100\n|move|p2b: Roaring Moon|Acrobatics|p1b: Chien-Pao\n|-damage|p1b: Chien-Pao|58/100\n|move|p2a: Zamazenta|Heavy Slam|p1b: Chien-Pao\n|-damage|p1b: Chien-Pao|0 fnt\n|faint|p1b: Chien-Pao\n|\n|upkeep\n|\n|t:|1770907011\n|switch|p1b: Rillaboom|Rillaboom, L50, F, shiny|100/100\n|-fieldstart|move: Grassy Terrain|[from] ability: Grassy Surge|[of] p1b: Rillaboom\n|turn|3\n|inactive|babzhujia\u7c89\u4e1d has 30 seconds left.\n|\n|t:|1770907036\n|move|p1b: Rillaboom|Fake Out|p2b: Roaring Moon\n|-damage|p2b: Roaring Moon|84/100\n|cant|p2b: Roaring Moon|flinch\n|move|p2a: Zamazenta|Heavy Slam|p1a: Tornadus\n|-damage|p1a: Tornadus|49/100\n|move|p1a: Tornadus|Bleakwind Storm|p2a: Zamazenta|[spread] p2a,p2b\n|-crit|p2b: Roaring Moon\n|-damage|p2a: Zamazenta|22/100\n|-damage|p2b: Roaring Moon|22/100\n|-unboost|p2a: Zamazenta|spe|1\n|\n|-heal|p2b: Roaring Moon|28/100|[from] Grassy Terrain\n|-heal|p2a: Zamazenta|28/100|[from] Grassy Terrain\n|upkeep\n|turn|4\n|\n|t:|1770907055\n|switch|p1b: Zamazenta|Zamazenta-Crowned, L50, shiny|100/100\n|move|p1a: Tornadus|Protect|p1a: Tornadus\n|-singleturn|p1a: Tornadus|Protect\n|move|p2b: Roaring Moon|Acrobatics|p1b: Zamazenta\n|-damage|p1b: Zamazenta|78/100\n|move|p2a: Zamazenta|Heavy Slam|p1a: Tornadus\n|-activate|p1a: Tornadus|move: Protect\n|\n|-heal|p2b: Roaring Moon|34/100|[from] Grassy Terrain\n|-heal|p2a: Zamazenta|34/100|[from] Grassy Terrain\n|-heal|p1b: Zamazenta|84/100|[from] Grassy Terrain\n|-sideend|p2: blackred123|move: Tailwind\n|upkeep\n|turn|5\n|inactive|babzhujia\u7c89\u4e1d has 30 seconds left.\n|inactive|babzhujia\u7c89\u4e1d has 20 seconds left.\n|inactive|babzhujia\u7c89\u4e1d has 15 seconds left.\n|\n|t:|1770907097\n|switch|p1a: Rillaboom|Rillaboom, L50, F, shiny|100/100\n|move|p1b: Zamazenta|Protect|p1b: Zamazenta\n|-singleturn|p1b: Zamazenta|Protect\n|move|p2b: Roaring Moon|Tailwind|p2b: Roaring Moon\n|-sidestart|p2: blackred123|move: Tailwind\n|move|p2a: Zamazenta|Heavy Slam|p1a: Rillaboom\n|-damage|p1a: Rillaboom|61/100\n|\n|-heal|p2b: Roaring Moon|40/100|[from] Grassy Terrain\n|-heal|p2a: Zamazenta|40/100|[from] Grassy Terrain\n|-heal|p1b: Zamazenta|91/100|[from] Grassy Terrain\n|-heal|p1a: Rillaboom|67/100|[from] Grassy Terrain\n|upkeep\n|turn|6\n|inactive|babzhujia\u7c89\u4e1d has 30 seconds left.\n|\n|t:|1770907129\n|move|p1b: Zamazenta|Protect||[still]\n|-fail|p1b: Zamazenta\n|move|p2b: Roaring Moon|Acrobatics|p1a: Rillaboom\n|-supereffective|p1a: Rillaboom\n|-crit|p1a: Rillaboom\n|-damage|p1a: Rillaboom|0 fnt\n|faint|p1a: Rillaboom\n|move|p2a: Zamazenta|Body Press|p1b: Zamazenta\n|-supereffective|p1b: Zamazenta\n|-damage|p1b: Zamazenta|10/100\n|\n|-heal|p2b: Roaring Moon|46/100|[from] Grassy Terrain\n|-heal|p2a: Zamazenta|46/100|[from] Grassy Terrain\n|-heal|p1b: Zamazenta|16/100|[from] Grassy Terrain\n|upkeep\n|\n|t:|1770907140\n|switch|p1a: Tornadus|Tornadus, L50, M, shiny|49/100\n|turn|7\n|\n|t:|1770907150\n|move|p1b: Zamazenta|Protect|p1b: Zamazenta\n|-singleturn|p1b: Zamazenta|Protect\n|move|p2b: Roaring Moon|Tailwind||[still]\n|-fail|p2b: Roaring Moon\n|move|p2a: Zamazenta|Heavy Slam|p1a: Tornadus\n|-damage|p1a: Tornadus|0 fnt\n|faint|p1a: Tornadus\n|\n|-heal|p2b: Roaring Moon|52/100|[from] Grassy Terrain\n|-heal|p2a: Zamazenta|52/100|[from] Grassy Terrain\n|-heal|p1b: Zamazenta|22/100|[from] Grassy Terrain\n|-fieldend|move: Grassy Terrain\n|upkeep\n|turn|8\n|\n|t:|1770907161\n|move|p1b: Zamazenta|Protect||[still]\n|-fail|p1b: Zamazenta\n|move|p2b: Roaring Moon|Acrobatics|p1b: Zamazenta\n|-damage|p1b: Zamazenta|0 fnt\n|faint|p1b: Zamazenta\n|\n|win|blackred123\n|raw|babzhujia\u7c89\u4e1d's rating: 1359 &rarr; <strong>1345</strong><br />(-14 for losing)\n|raw|blackred123's rating: 1465 &rarr; <strong>1479</strong><br />(+14 for winning)\n","uploadtime":1770907169,"views":17,"formatid":"gen9vgc2026regi","rating":1345,"private":0,"password":null}