{"id":"gen9vgc2026regi-2549402481","format":"[Gen 9] VGC 2026 Reg I","players":["88ccl3","kojimuranishi"],"log":"|j|\u260688ccl3\n|j|\u2606kojimuranishi\n|t:|1772360551\n|gametype|doubles\n|player|p1|88ccl3|169|1302\n|player|p2|kojimuranishi|102|1409\n|gen|9\n|tier|[Gen 9] VGC 2026 Reg I\n|rated|\n|rule|Species Clause: Limit one of each Pok\u00e9mon\n|rule|Item Clause: Limit 1 of each item\n|clearpoke\n|poke|p1|Koraidon, L50|\n|poke|p1|Lunala, L50|\n|poke|p1|Flutter Mane, L50|\n|poke|p1|Chi-Yu, L50|\n|poke|p1|Brute Bonnet, L50|\n|poke|p1|Ursaluna, L50, M|\n|poke|p2|Raging Bolt, L50|\n|poke|p2|Calyrex-Ice, L50|\n|poke|p2|Kyogre, L50|\n|poke|p2|Indeedee-F, L50, F|\n|poke|p2|Ursaluna, L50, M|\n|poke|p2|Torkoal, L50, M|\n|teampreview|4\n|inactive|Battle timer is ON: inactive players will automatically lose when time's up. (requested by kojimuranishi)\n|inactive|kojimuranishi has 60 seconds left.\n|\n|t:|1772360622\n|teamsize|p1|4\n|teamsize|p2|4\n|start\n|switch|p1a: Koraidon|Koraidon, L50|100/100\n|switch|p1b: Lunala|Lunala, L50|100/100\n|switch|p2a: Indeedee|Indeedee-F, L50, F|100/100\n|switch|p2b: Calyrex|Calyrex-Ice, L50|100/100\n|-ability|p2b: Calyrex|As One\n|-ability|p2b: Calyrex|Unnerve\n|-weather|SunnyDay|[from] ability: Orichalcum Pulse|[of] p1a: Koraidon\n|-activate|p1a: Koraidon|Orichalcum Pulse|[source]\n|-fieldstart|move: Psychic Terrain|[from] ability: Psychic Surge|[of] p2a: Indeedee\n|turn|1\n|inactive|88ccl3 has 30 seconds left.\n|inactive|88ccl3 has 20 seconds left.\n|inactive|88ccl3 has 15 seconds left.\n|\n|t:|1772360664\n|switch|p2a: Kyogre|Kyogre, L50|100/100\n|-weather|RainDance|[from] ability: Drizzle|[of] p2a: Kyogre\n|-terastallize|p1a: Koraidon|Fire\n|-terastallize|p2b: Calyrex|Fairy\n|move|p1a: Koraidon|Flare Blitz|p2b: Calyrex\n|-damage|p2b: Calyrex|75/100\n|-damage|p1a: Koraidon|91/100|[from] Recoil\n|-damage|p1a: Koraidon|81/100|[from] item: Life Orb\n|move|p1b: Lunala|Meteor Beam||[still]\n|-prepare|p1b: Lunala|Meteor Beam\n|-boost|p1b: Lunala|spa|1\n|-enditem|p1b: Lunala|Power Herb\n|-anim|p1b: Lunala|Meteor Beam|p2b: Calyrex\n|-damage|p2b: Calyrex|35/100\n|move|p2b: Calyrex|Leech Seed|p1b: Lunala\n|-start|p1b: Lunala|move: Leech Seed\n|\n|-weather|RainDance|[upkeep]\n|-heal|p2b: Calyrex|41/100|[from] item: Leftovers\n|-damage|p1b: Lunala|88/100|[from] Leech Seed|[of] p2b: Calyrex\n|-heal|p2b: Calyrex|55/100|[silent]\n|upkeep\n|turn|2\n|inactive|88ccl3 has 30 seconds left.\n|\n|t:|1772360694\n|switch|p1a: Brute Bonnet|Brute Bonnet, L50|100/100\n|move|p1b: Lunala|Wide Guard|p1b: Lunala\n|-singleturn|p1b: Lunala|Wide Guard\n|move|p2a: Kyogre|Water Spout|p1a: Brute Bonnet|[spread] \n|-activate|p1a: Brute Bonnet|move: Wide Guard\n|-activate|p1b: Lunala|move: Wide Guard\n|move|p2b: Calyrex|Trick Room|p2b: Calyrex\n|-fieldstart|move: Trick Room|[of] p2b: Calyrex\n|\n|-weather|RainDance|[upkeep]\n|-heal|p2b: Calyrex|61/100|[from] item: Leftovers\n|-damage|p1b: Lunala|76/100|[from] Leech Seed|[of] p2b: Calyrex\n|-heal|p2b: Calyrex|75/100|[silent]\n|upkeep\n|turn|3\n|inactive|88ccl3 has 30 seconds left.\n|inactive|kojimuranishi has 30 seconds left.\n|inactive|88ccl3 has 20 seconds left.\n|\n|t:|1772360732\n|switch|p2a: Ursaluna|Ursaluna, L50, M|100/100\n|move|p1b: Lunala|Wide Guard|p1b: Lunala\n|-singleturn|p1b: Lunala|Wide Guard\n|move|p2b: Calyrex|Glacial Lance|p1b: Lunala|[spread] \n|-activate|p1a: Brute Bonnet|move: Wide Guard\n|-activate|p1b: Lunala|move: Wide Guard\n|move|p1a: Brute Bonnet|Spore|p2a: Ursaluna\n|-status|p2a: Ursaluna|slp|[from] move: Spore\n|\n|-weather|RainDance|[upkeep]\n|-heal|p2b: Calyrex|81/100|[from] item: Leftovers\n|-damage|p1b: Lunala|64/100|[from] Leech Seed|[of] p2b: Calyrex\n|-heal|p2b: Calyrex|95/100|[silent]\n|upkeep\n|turn|4\n|inactive|88ccl3 has 30 seconds left.\n|\n|t:|1772360757\n|cant|p2a: Ursaluna|slp\n|move|p2b: Calyrex|Protect|p2b: Calyrex\n|-singleturn|p2b: Calyrex|Protect\n|move|p1a: Brute Bonnet|Seed Bomb|p2b: Calyrex\n|-activate|p2b: Calyrex|move: Protect\n|move|p1b: Lunala|Moongeist Beam|p2b: Calyrex\n|-activate|p2b: Calyrex|move: Protect\n|\n|-weather|RainDance|[upkeep]\n|-heal|p2b: Calyrex|100/100|[from] item: Leftovers\n|-damage|p1b: Lunala|52/100|[from] Leech Seed|[of] p2b: Calyrex\n|upkeep\n|turn|5\n|\n|t:|1772360779\n|switch|p1b: Ursaluna|Ursaluna, L50, M|100/100\n|cant|p2a: Ursaluna|slp\n|move|p2b: Calyrex|Glacial Lance|p1b: Ursaluna|[spread] p1a,p1b\n|-supereffective|p1a: Brute Bonnet\n|-supereffective|p1b: Ursaluna\n|-damage|p1a: Brute Bonnet|39/100\n|-damage|p1b: Ursaluna|24/100\n|move|p1a: Brute Bonnet|Spore|p2b: Calyrex\n|-status|p2b: Calyrex|slp|[from] move: Spore\n|\n|-weather|none\n|-fieldend|move: Psychic Terrain\n|-status|p1b: Ursaluna|brn|[from] item: Flame Orb\n|upkeep\n|turn|6\n|inactive|88ccl3 has 30 seconds left.\n|inactive|kojimuranishi has 30 seconds left.\n|\n|t:|1772360808\n|move|p1b: Ursaluna|Facade|p2a: Ursaluna\n|-damage|p2a: Ursaluna|10/100 slp\n|cant|p2b: Calyrex|slp\n|cant|p2a: Ursaluna|slp\n|move|p1a: Brute Bonnet|Seed Bomb|p2a: Ursaluna\n|-supereffective|p2a: Ursaluna\n|-damage|p2a: Ursaluna|0 fnt\n|faint|p2a: Ursaluna\n|\n|-damage|p1b: Ursaluna|18/100 brn|[from] brn\n|-fieldend|move: Trick Room\n|upkeep\n|\n|t:|1772360826\n|switch|p2a: Kyogre|Kyogre, L50|100/100\n|-weather|RainDance|[from] ability: Drizzle|[of] p2a: Kyogre\n|turn|7\n|\n|t:|1772360837\n|move|p1a: Brute Bonnet|Sucker Punch|p2a: Kyogre\n|-crit|p2a: Kyogre\n|-damage|p2a: Kyogre|48/100\n|move|p2a: Kyogre|Water Spout|p1b: Ursaluna|[spread] p1a,p1b\n|-resisted|p1a: Brute Bonnet\n|-supereffective|p1b: Ursaluna\n|-damage|p1a: Brute Bonnet|23/100\n|-damage|p1b: Ursaluna|0 fnt\n|faint|p1b: Ursaluna\n|cant|p2b: Calyrex|slp\n|\n|-weather|RainDance|[upkeep]\n|upkeep\n|\n|t:|1772360849\n|switch|p1b: Koraidon|Koraidon, L50, tera:Fire|81/100\n|-weather|SunnyDay|[from] ability: Orichalcum Pulse|[of] p1b: Koraidon\n|-activate|p1a: Brute Bonnet|ability: Protosynthesis\n|-start|p1a: Brute Bonnet|protosynthesisdef\n|-activate|p1b: Koraidon|Orichalcum Pulse|[source]\n|turn|8\n|\n|t:|1772360863\n|switch|p2b: Indeedee|Indeedee-F, L50, F|100/100\n|-enditem|p1a: Brute Bonnet|Sitrus Berry|[eat]\n|-heal|p1a: Brute Bonnet|48/100|[from] item: Sitrus Berry\n|-fieldstart|move: Psychic Terrain|[from] ability: Psychic Surge|[of] p2b: Indeedee\n|move|p2a: Kyogre|Water Spout|p1a: Brute Bonnet|[spread] p1a,p1b\n|-resisted|p1a: Brute Bonnet\n|-supereffective|p1b: Koraidon\n|-damage|p1a: Brute Bonnet|42/100\n|-damage|p1b: Koraidon|49/100\n|move|p1b: Koraidon|Flare Blitz|p2b: Indeedee\n|-damage|p2b: Indeedee|0 fnt\n|-damage|p1b: Koraidon|33/100|[from] item: Rocky Helmet|[of] p2b: Indeedee\n|faint|p2b: Indeedee\n|-damage|p1b: Koraidon|0 fnt|[from] Recoil\n|faint|p1b: Koraidon\n|move|p1a: Brute Bonnet|Seed Bomb|p2a: Kyogre\n|-supereffective|p2a: Kyogre\n|-damage|p2a: Kyogre|0 fnt\n|faint|p2a: Kyogre\n|\n|-weather|SunnyDay|[upkeep]\n|upkeep\n|\n|t:|1772360887\n|switch|p1b: Lunala|Lunala, L50|52/100\n|switch|p2a: Calyrex|Calyrex-Ice, L50, tera:Fairy|100/100 slp\n|-ability|p2a: Calyrex|As One\n|-ability|p2a: Calyrex|Unnerve\n|turn|9\n|inactive|88ccl3 has 30 seconds left.\n|\n|t:|1772360922\n|move|p1b: Lunala|Wide Guard|p1b: Lunala\n|-singleturn|p1b: Lunala|Wide Guard\n|move|p1a: Brute Bonnet|Seed Bomb|p2a: Calyrex\n|-damage|p2a: Calyrex|80/100 slp\n|-curestatus|p2a: Calyrex|slp|[msg]\n|move|p2a: Calyrex|Glacial Lance|p1b: Lunala|[spread] \n|-activate|p1a: Brute Bonnet|move: Wide Guard\n|-activate|p1b: Lunala|move: Wide Guard\n|\n|-weather|SunnyDay|[upkeep]\n|-heal|p2a: Calyrex|86/100|[from] item: Leftovers\n|upkeep\n|turn|10\n|\n|t:|1772360939\n|move|p2a: Calyrex|Protect|p2a: Calyrex\n|-singleturn|p2a: Calyrex|Protect\n|move|p1b: Lunala|Wide Guard|p1b: Lunala\n|-singleturn|p1b: Lunala|Wide Guard\n|move|p1a: Brute Bonnet|Spore|p2a: Calyrex\n|-activate|p2a: Calyrex|move: Protect\n|\n|-weather|SunnyDay|[upkeep]\n|-heal|p2a: Calyrex|91/100|[from] item: Leftovers\n|upkeep\n|turn|11\n|\n|t:|1772360953\n|move|p1b: Lunala|Wide Guard|p1b: Lunala\n|-singleturn|p1b: Lunala|Wide Guard\n|move|p1a: Brute Bonnet|Spore|p2a: Calyrex\n|-status|p2a: Calyrex|slp|[from] move: Spore\n|cant|p2a: Calyrex|slp\n|\n|-weather|SunnyDay|[upkeep]\n|-heal|p2a: Calyrex|97/100 slp|[from] item: Leftovers\n|upkeep\n|turn|12\n|\n|t:|1772360969\n|move|p1b: Lunala|Moongeist Beam|p2a: Calyrex\n|-damage|p2a: Calyrex|65/100 slp\n|move|p1a: Brute Bonnet|Seed Bomb|p2a: Calyrex\n|-damage|p2a: Calyrex|46/100 slp\n|cant|p2a: Calyrex|slp\n|\n|-weather|none\n|-end|p1a: Brute Bonnet|Protosynthesis\n|-heal|p2a: Calyrex|52/100 slp|[from] item: Leftovers\n|-fieldend|move: Psychic Terrain\n|upkeep\n|turn|13\n|\n|t:|1772360986\n|move|p1b: Lunala|Moongeist Beam|p2a: Calyrex\n|-damage|p2a: Calyrex|21/100 slp\n|move|p1a: Brute Bonnet|Seed Bomb|p2a: Calyrex\n|-damage|p2a: Calyrex|2/100 slp\n|cant|p2a: Calyrex|slp\n|\n|-heal|p2a: Calyrex|8/100 slp|[from] item: Leftovers\n|upkeep\n|turn|14\n|-message|kojimuranishi forfeited.\n|\n|win|88ccl3\n|raw|88ccl3's rating: 1302 &rarr; <strong>1328</strong><br />(+26 for winning)\n|raw|kojimuranishi's rating: 1409 &rarr; <strong>1383</strong><br />(-26 for losing)\n|l|\u2606kojimuranishi\n|player|p2|\n|l|\u260688ccl3\n|player|p1|\n","uploadtime":1772361228,"views":15,"formatid":"gen9vgc2026regi","rating":1328,"private":0,"password":null}