{"id":"gen9vgc2026regi-2564512760","format":"[Gen 9] VGC 2026 Reg I","players":["LXT0509","happidoodledoo"],"log":"|j|\u2606LXT0509\n|j|\u2606happidoodledoo\n|t:|1774155474\n|gametype|doubles\n|player|p1|LXT0509|1|1267\n|player|p2|happidoodledoo|1|1349\n|gen|9\n|tier|[Gen 9] VGC 2026 Reg I\n|rated|\n|rule|Species Clause: Limit one of each Pok\u00e9mon\n|rule|Item Clause: Limit 1 of each item\n|clearpoke\n|poke|p1|Calyrex-Shadow, L50|\n|poke|p1|Zamazenta-*, L50|\n|poke|p1|Amoonguss, L50, F|\n|poke|p1|Raging Bolt, L50|\n|poke|p1|Incineroar, L50, F|\n|poke|p1|Rillaboom, L50, M|\n|poke|p2|Calyrex-Shadow, L50|\n|poke|p2|Weezing-Galar, L50, M|\n|poke|p2|Dondozo, L50, F|\n|poke|p2|Tatsugiri-Droopy, L50, M|\n|poke|p2|Brute Bonnet, L50|\n|poke|p2|Koraidon, L50|\n|teampreview|4\n|inactive|Battle timer is ON: inactive players will automatically lose when time's up. (requested by happidoodledoo)\n|\n|t:|1774155574\n|teamsize|p1|4\n|teamsize|p2|4\n|start\n|switch|p1a: Incineroar|Incineroar, L50, F|100/100\n|switch|p1b: Raging Bolt|Raging Bolt, L50|100/100\n|switch|p2a: Brute Bonnet|Brute Bonnet, L50|100/100\n|switch|p2b: Koraidon|Koraidon, L50|100/100\n|-weather|SunnyDay|[from] ability: Orichalcum Pulse|[of] p2b: Koraidon\n|-activate|p1b: Raging Bolt|ability: Protosynthesis\n|-start|p1b: Raging Bolt|protosynthesisspa\n|-activate|p2a: Brute Bonnet|ability: Protosynthesis\n|-start|p2a: Brute Bonnet|protosynthesisdef\n|-activate|p2b: Koraidon|Orichalcum Pulse|[source]\n|-ability|p1a: Incineroar|Intimidate|boost\n|-unboost|p2a: Brute Bonnet|atk|1\n|-unboost|p2b: Koraidon|atk|1\n|turn|1\n|\n|t:|1774155597\n|move|p1a: Incineroar|Fake Out|p2a: Brute Bonnet\n|-damage|p2a: Brute Bonnet|95/100\n|move|p2b: Koraidon|Collision Course|p1a: Incineroar\n|-supereffective|p1a: Incineroar\n|-damage|p1a: Incineroar|6/100\n|-damage|p2b: Koraidon|84/100|[from] item: Rocky Helmet|[of] p1a: Incineroar\n|move|p1b: Raging Bolt|Dragon Pulse|p2b: Koraidon\n|-supereffective|p2b: Koraidon\n|-damage|p2b: Koraidon|0 fnt\n|faint|p2b: Koraidon\n|move|p2a: Brute Bonnet|Spore|p1b: Raging Bolt\n|-status|p1b: Raging Bolt|slp|[from] move: Spore\n|\n|-weather|SunnyDay|[upkeep]\n|upkeep\n|inactive|happidoodledoo has 30 seconds left.\n|\n|t:|1774155622\n|switch|p2b: Calyrex|Calyrex-Shadow, L50|100/100\n|-ability|p2b: Calyrex|As One\n|-ability|p2b: Calyrex|Unnerve\n|turn|2\n|inactive|LXT0509 has 30 seconds left.\n|inactive|LXT0509 has 20 seconds left.\n|inactive|LXT0509 has 15 seconds left.\n|\n|t:|1774155666\n|-end|p2a: Brute Bonnet|Protosynthesis|[silent]\n|switch|p2a: Tatsugiri|Tatsugiri-Droopy, L50, M|100/100\n|move|p2b: Calyrex|Astral Barrage|p1b: Raging Bolt|[spread] p1a,p1b\n|-resisted|p1a: Incineroar\n|-damage|p1a: Incineroar|0 fnt\n|-damage|p1b: Raging Bolt|43/100 slp\n|faint|p1a: Incineroar\n|-ability|p2b: Calyrex|Grim Neigh|boost\n|-boost|p2b: Calyrex|spa|1\n|-damage|p2b: Calyrex|91/100|[from] item: Life Orb\n|cant|p1b: Raging Bolt|slp\n|\n|-weather|SunnyDay|[upkeep]\n|upkeep\n|\n|t:|1774155683\n|switch|p1a: Calyrex|Calyrex-Shadow, L50|100/100\n|-ability|p1a: Calyrex|As One\n|-ability|p1a: Calyrex|Unnerve\n|turn|3\n|\n|t:|1774155695\n|-terastallize|p1a: Calyrex|Dark\n|move|p2b: Calyrex|Protect|p2b: Calyrex\n|-singleturn|p2b: Calyrex|Protect\n|cant|p1b: Raging Bolt|slp\n|move|p1a: Calyrex|Psychic|p2b: Calyrex\n|-activate|p2b: Calyrex|move: Protect\n|move|p2a: Tatsugiri|Icy Wind|p1a: Calyrex|[spread] p1a,p1b\n|-supereffective|p1b: Raging Bolt\n|-damage|p1a: Calyrex|86/100\n|-damage|p1b: Raging Bolt|21/100 slp\n|-unboost|p1a: Calyrex|spe|1\n|-unboost|p1b: Raging Bolt|spe|1\n|\n|-weather|SunnyDay|[upkeep]\n|upkeep\n|turn|4\n|\n|t:|1774155720\n|-terastallize|p2b: Calyrex|Normal\n|move|p1a: Calyrex|Protect|p1a: Calyrex\n|-singleturn|p1a: Calyrex|Protect\n|cant|p1b: Raging Bolt|slp\n|move|p2b: Calyrex|Astral Barrage|p1b: Raging Bolt|[spread] p1b\n|-activate|p1a: Calyrex|move: Protect\n|-damage|p1b: Raging Bolt|0 fnt\n|faint|p1b: Raging Bolt\n|-end|p1b: Raging Bolt|Protosynthesis|[silent]\n|-ability|p2b: Calyrex|Grim Neigh|boost\n|-boost|p2b: Calyrex|spa|1\n|-damage|p2b: Calyrex|81/100|[from] item: Life Orb\n|move|p2a: Tatsugiri|Draco Meteor|p1a: Calyrex\n|-activate|p1a: Calyrex|move: Protect\n|\n|-weather|SunnyDay|[upkeep]\n|upkeep\n|\n|t:|1774155732\n|switch|p1b: Rillaboom|Rillaboom, L50, M|100/100\n|-fieldstart|move: Grassy Terrain|[from] ability: Grassy Surge|[of] p1b: Rillaboom\n|turn|5\n|inactive|happidoodledoo has 30 seconds left.\n|\n|t:|1774155759\n|move|p2b: Calyrex|Protect|p2b: Calyrex\n|-singleturn|p2b: Calyrex|Protect\n|move|p1b: Rillaboom|Fake Out|p2b: Calyrex\n|-activate|p2b: Calyrex|move: Protect\n|move|p1a: Calyrex|Psychic|p2b: Calyrex\n|-activate|p2b: Calyrex|move: Protect\n|move|p2a: Tatsugiri|Draco Meteor|p1a: Calyrex\n|-damage|p1a: Calyrex|26/100\n|-unboost|p2a: Tatsugiri|spa|2\n|\n|-weather|none\n|-heal|p2b: Calyrex|87/100|[from] Grassy Terrain\n|-heal|p1a: Calyrex|32/100|[from] Grassy Terrain\n|upkeep\n|turn|6\n|-message|LXT0509 forfeited.\n|\n|win|happidoodledoo\n|raw|LXT0509's rating: 1267 &rarr; <strong>1248</strong><br />(-19 for losing)\n|raw|happidoodledoo's rating: 1349 &rarr; <strong>1364</strong><br />(+15 for winning)\n|l|\u2606LXT0509\n|player|p1|\n|l|\u2606happidoodledoo\n|player|p2|\n","uploadtime":1774155926,"views":24,"formatid":"gen9vgc2026regi","rating":1248,"private":0,"password":null}