{"id":"gen9vgc2026regi-2566742115","format":"[Gen 9] VGC 2026 Reg I","players":["maxdeesevgc","realcomrade379"],"log":"|j|\u2606maxdeesevgc\n|j|\u2606realcomrade379\n|html|<table width=\"100%\"><tr><td align=\"left\">maxdeesevgc</td><td align=\"right\">realcomrade379</tr><tr><td align=\"left\"><i class=\"fa fa-circle-o\"></i> <i class=\"fa fa-circle-o\"></i> </td><td align=\"right\"><i class=\"fa fa-circle-o\"></i> <i class=\"fa fa-circle-o\"></i> </tr></table>\n|uhtml|bestof|<h2><strong>Game 1</strong> of <a href=\"/game-bestof3-gen9vgc2026regi-2566742114\">a best-of-3</a></h2>\n|t:|1774404045\n|gametype|doubles\n|player|p1|maxdeesevgc|2|\n|player|p2|realcomrade379|shadowtriad|\n|gen|9\n|tier|[Gen 9] VGC 2026 Reg I\n|rated|Tournament battle\n|rule|Species Clause: Limit one of each Pok\u00e9mon\n|rule|Item Clause: Limit 1 of each item\n|raw|<div class=\"infobox\"><details class=\"readmore\" open><summary><strong>4 custom rules:</strong></summary> Open Team Sheets, Force Open Team Sheets, !Open Team Sheets, Best of = 3</details></div>\n|clearpoke\n|poke|p1|Kyogre, L50|\n|poke|p1|Miraidon, L50|\n|poke|p1|Landorus, L50, M|\n|poke|p1|Whimsicott, L50, F|\n|poke|p1|Clefairy, L50, M|\n|poke|p1|Pikachu, L50, F|\n|poke|p2|Miraidon, L50|\n|poke|p2|Calyrex-Ice, L50|\n|poke|p2|Urshifu-*, L50, F|\n|poke|p2|Incineroar, L50, F|\n|poke|p2|Landorus, L50, M|\n|poke|p2|Grimmsnarl, L50, M|\n|teampreview|4\n|showteam|p1|Kyogre||MysticWater|Drizzle|WaterSpout,HydroPump,IceBeam,Protect||||||50|,,,,,Ghost]Miraidon||Magnet|HadronEngine|DazzlingGleam,Discharge,Protect,ElectroDrift||||||50|,,,,,Electric]Landorus||LifeOrb|SheerForce|SandsearStorm,EarthPower,SludgeBomb,Protect|||M|||50|,,,,,Steel]Whimsicott||CovertCloak|Prankster|Tailwind,LightScreen,Moonblast,Encore|||F|||50|,,,,,Dark]Clefairy||Eviolite|FriendGuard|FollowMe,HelpingHand,AfterYou,Protect|||M|||50|,,,,,Dark]Pikachu||FocusSash|LightningRod|FakeOut,Endeavor,Feint,Nuzzle|||F|||50|,,,,,Ghost\n|showteam|p2|Miraidon||ChoiceSpecs|HadronEngine|ElectroDrift,VoltSwitch,DracoMeteor,DazzlingGleam||||||50|,,,,,Fairy]Calyrex-Ice||Leftovers|AsOneGlastrier|Protect,TrickRoom,LeechSeed,GlacialLance||||||50|,,,,,Water]Urshifu-Rapid-Strike||ChoiceBand|UnseenFist|SurgingStrikes,CloseCombat,Uturn,AquaJet|||F|||50|,,,,,Ghost]Incineroar||AssaultVest|Intimidate|FlareBlitz,KnockOff,Uturn,FakeOut|||F|||50|,,,,,Grass]Landorus||LifeOrb|SheerForce|Protect,Taunt,SludgeBomb,EarthPower|||M|||50|,,,,,Water]Grimmsnarl||LightClay|Prankster|SpiritBreak,LightScreen,Reflect,ThunderWave|||M|||50|,,,,,Ghost\n|inactive|Battle timer is ON: inactive players will automatically lose when time's up. (requested by maxdeesevgc)\n|\n|t:|1774404075\n|teamsize|p1|4\n|teamsize|p2|4\n|start\n|switch|p1a: Pikachu|Pikachu, L50, F|100/100\n|switch|p1b: Kyogre|Kyogre, L50|100/100\n|switch|p2a: Calyrex|Calyrex-Ice, L50|100/100\n|switch|p2b: Incineroar|Incineroar, L50, F|100/100\n|-ability|p2a: Calyrex|As One\n|-ability|p2a: Calyrex|Unnerve\n|-weather|RainDance|[from] ability: Drizzle|[of] p1b: Kyogre\n|-ability|p2b: Incineroar|Intimidate|boost\n|-unboost|p1a: Pikachu|atk|1\n|-unboost|p1b: Kyogre|atk|1\n|turn|1\n|inactive|maxdeesevgc has 30 seconds left.\n|\n|t:|1774404104\n|-terastallize|p1b: Kyogre|Ghost\n|-terastallize|p2a: Calyrex|Water\n|move|p1a: Pikachu|Fake Out|p2a: Calyrex\n|-damage|p2a: Calyrex|97/100\n|move|p2b: Incineroar|Fake Out|p1b: Kyogre\n|-immune|p1b: Kyogre\n|move|p1b: Kyogre|Water Spout|p2b: Incineroar|[spread] p2a,p2b\n|-resisted|p2a: Calyrex\n|-supereffective|p2b: Incineroar\n|-damage|p2a: Calyrex|58/100\n|-damage|p2b: Incineroar|0 fnt\n|faint|p2b: Incineroar\n|cant|p2a: Calyrex|flinch\n|\n|-weather|RainDance|[upkeep]\n|-heal|p2a: Calyrex|64/100|[from] item: Leftovers\n|upkeep\n|\n|t:|1774404114\n|switch|p2b: Urshifu|Urshifu-Rapid-Strike, L50, F|100/100\n|turn|2\n|\n|t:|1774404124\n|move|p1a: Pikachu|Nuzzle|p2b: Urshifu\n|-supereffective|p2b: Urshifu\n|-damage|p2b: Urshifu|91/100\n|-status|p2b: Urshifu|par\n|move|p1b: Kyogre|Water Spout|p2b: Urshifu|[spread] p2a,p2b\n|-resisted|p2a: Calyrex\n|-resisted|p2b: Urshifu\n|-damage|p2a: Calyrex|28/100\n|-damage|p2b: Urshifu|25/100 par\n|move|p2b: Urshifu|Surging Strikes|p1b: Kyogre\n|-crit|p1b: Kyogre\n|-damage|p1b: Kyogre|44/100\n|-crit|p1b: Kyogre\n|-damage|p1b: Kyogre|0 fnt\n|faint|p1b: Kyogre\n|-hitcount|p1: Kyogre|2\n|move|p2a: Calyrex|Trick Room|p2a: Calyrex\n|-fieldstart|move: Trick Room|[of] p2a: Calyrex\n|\n|-weather|RainDance|[upkeep]\n|-heal|p2a: Calyrex|34/100|[from] item: Leftovers\n|upkeep\n|\n|t:|1774404137\n|switch|p1b: Miraidon|Miraidon, L50, shiny|100/100\n|-fieldstart|move: Electric Terrain|[from] ability: Hadron Engine|[of] p1b: Miraidon\n|turn|3\n|\n|t:|1774404143\n|switch|p1a: Clefairy|Clefairy, L50, M|100/100\n|move|p1b: Miraidon|Protect|p1b: Miraidon\n|-singleturn|p1b: Miraidon|Protect\n|move|p2b: Urshifu|Surging Strikes|p1b: Miraidon\n|-resisted|p1b: Miraidon\n|-crit|p1b: Miraidon\n|-damage|p1b: Miraidon|82/100\n|-resisted|p1b: Miraidon\n|-crit|p1b: Miraidon\n|-damage|p1b: Miraidon|64/100\n|-resisted|p1b: Miraidon\n|-crit|p1b: Miraidon\n|-damage|p1b: Miraidon|47/100\n|-hitcount|p1b: Miraidon|3\n|move|p2a: Calyrex|Glacial Lance|p1a: Clefairy|[spread] p1a\n|-activate|p1b: Miraidon|move: Protect\n|-damage|p1a: Clefairy|63/100\n|\n|-weather|RainDance|[upkeep]\n|-heal|p2a: Calyrex|40/100|[from] item: Leftovers\n|upkeep\n|turn|4\n|\n|t:|1774404163\n|move|p1a: Clefairy|After You|p1b: Miraidon\n|-activate|p1b: Miraidon|move: After You\n|move|p1b: Miraidon|Discharge|p2a: Calyrex|[spread] p1a,p2a,p2b\n|-supereffective|p2a: Calyrex\n|-supereffective|p2b: Urshifu\n|-damage|p1a: Clefairy|0 fnt\n|-damage|p2a: Calyrex|0 fnt\n|-damage|p2b: Urshifu|0 fnt\n|faint|p1a: Clefairy\n|faint|p2a: Calyrex\n|faint|p2b: Urshifu\n|\n|-weather|RainDance|[upkeep]\n|upkeep\n|\n|t:|1774404168\n|switch|p1a: Pikachu|Pikachu, L50, F|100/100\n|switch|p2b: Miraidon|Miraidon, L50|100/100\n|-activate|p2b: Miraidon|ability: Hadron Engine\n|turn|5\n|\n|t:|1774404177\n|move|p1a: Pikachu|Fake Out|p2b: Miraidon\n|-crit|p2b: Miraidon\n|-damage|p2b: Miraidon|89/100\n|cant|p2b: Miraidon|flinch\n|move|p1b: Miraidon|Dazzling Gleam|p2b: Miraidon\n|-supereffective|p2b: Miraidon\n|-damage|p2b: Miraidon|31/100\n|\n|-weather|none\n|upkeep\n|turn|6\n|\n|t:|1774404186\n|move|p1b: Miraidon|Protect|p1b: Miraidon\n|-singleturn|p1b: Miraidon|Protect\n|move|p1a: Pikachu|Endeavor|p2b: Miraidon\n|-immune|p2b: Miraidon\n|move|p2b: Miraidon|Dazzling Gleam|p1b: Miraidon|[spread] p1a\n|-activate|p1b: Miraidon|move: Protect\n|-enditem|p1a: Pikachu|Focus Sash\n|-damage|p1a: Pikachu|2/100\n|\n|-fieldend|move: Trick Room\n|upkeep\n|turn|7\n|\n|t:|1774404195\n|move|p1a: Pikachu|Feint|p2b: Miraidon\n|-damage|p2b: Miraidon|26/100\n|move|p1b: Miraidon|Dazzling Gleam|p2b: Miraidon\n|-supereffective|p2b: Miraidon\n|-damage|p2b: Miraidon|0 fnt\n|faint|p2b: Miraidon\n|\n|win|maxdeesevgc\n||maxdeesevgc is ready for game 2.\n||realcomrade379 is ready for game 2.\n|uhtml|next|Next: <a href=\"/battle-gen9vgc2026regi-2566743567\"><strong>Game 2 of 3</strong></a>\n|l|\u2606maxdeesevgc\n|player|p1|\n","uploadtime":1774404198,"views":15,"formatid":"gen9vgc2026regi","rating":null,"private":0,"password":null}