{"id":"gen9vgc2026regi-2523346110","format":"[Gen 9] VGC 2026 Reg I","players":["PM77Switch","j0l0k0"],"log":"|j|\u2606PM77Switch\n|j|\u2606j0l0k0\n|t:|1769017122\n|gametype|doubles\n|player|p1|PM77Switch|may-masters3|1435\n|player|p2|j0l0k0|brycen|1353\n|gen|9\n|tier|[Gen 9] VGC 2026 Reg I\n|rated|\n|rule|Species Clause: Limit one of each Pok\u00e9mon\n|rule|Item Clause: Limit 1 of each item\n|clearpoke\n|poke|p1|Volcarona, L50, F|\n|poke|p1|Ting-Lu, L50|\n|poke|p1|Zamazenta-*, L50|\n|poke|p1|Miraidon, L50|\n|poke|p1|Dondozo, L50, F|\n|poke|p1|Chien-Pao, L50|\n|poke|p2|Calyrex-Ice, L50|\n|poke|p2|Kyogre, L50|\n|poke|p2|Indeedee-F, L50, F|\n|poke|p2|Urshifu-*, L50, F|\n|poke|p2|Amoonguss, L50, F|\n|poke|p2|Landorus, L50, M|\n|teampreview|4\n|inactive|Battle timer is ON: inactive players will automatically lose when time's up. (requested by PM77Switch)\n|inactive|j0l0k0 also wants the timer to be on.\n|inactive|PM77Switch has 60 seconds left.\n|\n|t:|1769017170\n|teamsize|p1|4\n|teamsize|p2|4\n|start\n|switch|p1a: Zamazenta|Zamazenta-Crowned, L50|100/100\n|switch|p1b: Dondozo|Dondozo, L50, F|100/100\n|switch|p2a: Indeedee|Indeedee-F, L50, F, shiny|100/100\n|switch|p2b: Calyrex|Calyrex-Ice, L50|100/100\n|-ability|p2b: Calyrex|As One\n|-ability|p2b: Calyrex|Unnerve\n|-ability|p1a: Zamazenta|Dauntless Shield|boost\n|-boost|p1a: Zamazenta|def|1\n|-fieldstart|move: Psychic Terrain|[from] ability: Psychic Surge|[of] p2a: Indeedee\n|turn|1\n|\n|t:|1769017192\n|move|p2a: Indeedee|Follow Me|p2a: Indeedee\n|-singleturn|p2a: Indeedee|move: Follow Me\n|move|p1a: Zamazenta|Body Press|p2a: Indeedee\n|-damage|p2a: Indeedee|20/100\n|move|p1b: Dondozo|Curse|p1b: Dondozo\n|-unboost|p1b: Dondozo|spe|1\n|-boost|p1b: Dondozo|atk|1\n|-boost|p1b: Dondozo|def|1\n|move|p2b: Calyrex|Trick Room|p2b: Calyrex\n|-fieldstart|move: Trick Room|[of] p2b: Calyrex\n|\n|upkeep\n|turn|2\n|\n|t:|1769017210\n|move|p2a: Indeedee|Helping Hand|p2b: Calyrex\n|-singleturn|p2b: Calyrex|Helping Hand|[of] p2a: Indeedee\n|move|p1b: Dondozo|Curse|p1b: Dondozo\n|-unboost|p1b: Dondozo|spe|1\n|-boost|p1b: Dondozo|atk|1\n|-boost|p1b: Dondozo|def|1\n|move|p2b: Calyrex|Close Combat|p1a: Zamazenta\n|-supereffective|p1a: Zamazenta\n|-damage|p1a: Zamazenta|28/100\n|-unboost|p2b: Calyrex|def|1\n|-unboost|p2b: Calyrex|spd|1\n|move|p1a: Zamazenta|Body Press|p2b: Calyrex\n|-damage|p2b: Calyrex|29/100\n|\n|upkeep\n|turn|3\n|\n|t:|1769017229\n|move|p1a: Zamazenta|Protect|p1a: Zamazenta\n|-singleturn|p1a: Zamazenta|Protect\n|move|p2a: Indeedee|Follow Me|p2a: Indeedee\n|-singleturn|p2a: Indeedee|move: Follow Me\n|move|p1b: Dondozo|Liquidation|p2a: Indeedee\n|-damage|p2a: Indeedee|0 fnt\n|faint|p2a: Indeedee\n|move|p2b: Calyrex|Glacial Lance|p1a: Zamazenta|[spread] p1b\n|-activate|p1a: Zamazenta|move: Protect\n|-resisted|p1b: Dondozo\n|-damage|p1b: Dondozo|93/100\n|\n|-heal|p1b: Dondozo|99/100|[from] item: Leftovers\n|upkeep\n|\n|t:|1769017243\n|switch|p2a: Kyogre|Kyogre, L50, shiny|100/100\n|-weather|RainDance|[from] ability: Drizzle|[of] p2a: Kyogre\n|turn|4\n|\n|t:|1769017253\n|switch|p1a: Miraidon|Miraidon, L50|100/100\n|-fieldstart|move: Electric Terrain|[from] ability: Hadron Engine|[of] p1a: Miraidon\n|move|p1b: Dondozo|Liquidation|p2b: Calyrex\n|-damage|p2b: Calyrex|0 fnt\n|faint|p2b: Calyrex\n|move|p2a: Kyogre|Thunder|p1b: Dondozo\n|-supereffective|p1b: Dondozo\n|-damage|p1b: Dondozo|12/100\n|\n|-weather|RainDance|[upkeep]\n|-heal|p1b: Dondozo|18/100|[from] item: Leftovers\n|upkeep\n|\n|t:|1769017264\n|switch|p2b: Landorus|Landorus, L50, M, shiny|100/100\n|turn|5\n|\n|t:|1769017275\n|switch|p1a: Zamazenta|Zamazenta-Crowned, L50|28/100\n|-terastallize|p2b: Landorus|Steel\n|move|p1b: Dondozo|Liquidation|p2b: Landorus\n|-damage|p2b: Landorus|13/100\n|move|p2b: Landorus|Sandsear Storm|p1a: Zamazenta|[spread] p1a,p1b\n|-supereffective|p1a: Zamazenta\n|-damage|p1a: Zamazenta|0 fnt\n|-damage|p1b: Dondozo|0 fnt\n|faint|p1a: Zamazenta\n|faint|p1b: Dondozo\n|move|p2a: Kyogre|Thunder|p1: Zamazenta|[notarget]\n|-fail|p2a: Kyogre\n|\n|-weather|RainDance|[upkeep]\n|-fieldend|move: Trick Room\n|upkeep\n|\n|t:|1769017284\n|switch|p1a: Miraidon|Miraidon, L50|100/100\n|switch|p1b: Chien-Pao|Chien-Pao, L50, shiny|100/100\n|-ability|p1b: Chien-Pao|Sword of Ruin\n|-activate|p1a: Miraidon|ability: Hadron Engine\n|turn|6\n|\n|t:|1769017295\n|move|p1b: Chien-Pao|Crunch|p2b: Landorus\n|-damage|p2b: Landorus|0 fnt\n|faint|p2b: Landorus\n|move|p1a: Miraidon|Electro Drift|p2a: Kyogre\n|-supereffective|p2a: Kyogre\n|-damage|p2a: Kyogre|0 fnt\n|faint|p2a: Kyogre\n|\n|win|PM77Switch\n|raw|PM77Switch's rating: 1435 &rarr; <strong>1450</strong><br />(+15 for winning)\n|raw|j0l0k0's rating: 1353 &rarr; <strong>1338</strong><br />(-15 for losing)\n|c|\u2606j0l0k0|ggwp\n|c|\u2606PM77Switch|u2\n|l|\u2606j0l0k0\n|player|p2|\n","uploadtime":1769017460,"views":11,"formatid":"gen9vgc2026regi","rating":1338,"private":0,"password":null}