{"id":"gen9vgc2026regi-2590018266","format":"[Gen 9] VGC 2026 Reg I","players":["Sunny_zong1","svenblack"],"log":"|j|\u2606Sunny_zong1\n|j|\u2606svenblack\n|t:|1776781611\n|gametype|doubles\n|player|p1|Sunny_zong1|bugsy|1487\n|player|p2|svenblack|barry|1527\n|gen|9\n|tier|[Gen 9] VGC 2026 Reg I\n|rated|\n|rule|Species Clause: Limit one of each Pok\u00e9mon\n|rule|Item Clause: Limit 1 of each item\n|clearpoke\n|poke|p1|Calyrex-Shadow, L50|\n|poke|p1|Muk-Alola, L50, M|\n|poke|p1|Flamigo, L50, M|\n|poke|p1|Miraidon, L50|\n|poke|p1|Chi-Yu, L50|\n|poke|p1|Smeargle, L50, F|\n|poke|p2|Grimmsnarl, L50, M|\n|poke|p2|Iron Hands, L50|\n|poke|p2|Miraidon, L50|\n|poke|p2|Ho-Oh, L50|\n|poke|p2|Farigiraf, L50, M|\n|poke|p2|Ursaluna, L50, M|\n|teampreview|4\n|inactive|Battle timer is ON: inactive players will automatically lose when time's up. (requested by svenblack)\n|inactive|Sunny_zong1 also wants the timer to be on.\n|\n|t:|1776781632\n|teamsize|p1|4\n|teamsize|p2|4\n|start\n|switch|p1a: Calyrex|Calyrex-Shadow, L50|100/100\n|switch|p1b: Smeargle|Smeargle, L50, F|100/100\n|switch|p2a: Miraidon|Miraidon, L50|100/100\n|switch|p2b: Farigiraf|Farigiraf, L50, M|100/100\n|-ability|p1a: Calyrex|As One\n|-ability|p1a: Calyrex|Unnerve\n|-fieldstart|move: Electric Terrain|[from] ability: Hadron Engine|[of] p2a: Miraidon\n|-enditem|p2b: Farigiraf|Electric Seed\n|-boost|p2b: Farigiraf|def|1|[from] item: Electric Seed\n|turn|1\n|inactive|svenblack has 30 seconds left.\n|\n|t:|1776781663\n|-terastallize|p1a: Calyrex|Ghost\n|-terastallize|p2a: Miraidon|Fairy\n|move|p2b: Farigiraf|Helping Hand|p2a: Miraidon\n|-singleturn|p2a: Miraidon|Helping Hand|[of] p2b: Farigiraf\n|move|p1b: Smeargle|Follow Me|p1b: Smeargle\n|-singleturn|p1b: Smeargle|move: Follow Me\n|move|p1a: Calyrex|Astral Barrage|p2b: Farigiraf|[spread] p2a\n|-immune|p2b: Farigiraf\n|-damage|p2a: Miraidon|20/100\n|move|p2a: Miraidon|Dazzling Gleam|p1b: Smeargle|[spread] p1a,p1b\n|-crit|p1a: Calyrex\n|-damage|p1a: Calyrex|0 fnt\n|-enditem|p1b: Smeargle|Focus Sash\n|-damage|p1b: Smeargle|1/100\n|faint|p1a: Calyrex\n|\n|-ability|p1b: Smeargle|Moody|boost\n|-boost|p1b: Smeargle|spe|2\n|-unboost|p1b: Smeargle|def|1\n|upkeep\n|\n|t:|1776781667\n|switch|p1a: Muk|Muk-Alola, L50, M|100/100\n|turn|2\n|\n|t:|1776781684\n|move|p2b: Farigiraf|Helping Hand|p2a: Miraidon\n|-singleturn|p2a: Miraidon|Helping Hand|[of] p2b: Farigiraf\n|move|p1b: Smeargle|Wide Guard|p1b: Smeargle\n|-singleturn|p1b: Smeargle|Wide Guard\n|move|p2a: Miraidon|Dazzling Gleam|p1a: Muk|[spread] \n|-activate|p1a: Muk|move: Wide Guard\n|-activate|p1b: Smeargle|move: Wide Guard\n|move|p1a: Muk|Minimize|p1a: Muk\n|-boost|p1a: Muk|evasion|2\n|\n|-ability|p1b: Smeargle|Moody|boost\n|-boost|p1b: Smeargle|def|2\n|-unboost|p1b: Smeargle|spe|1\n|upkeep\n|turn|3\n|\n|t:|1776781698\n|switch|p2a: Ursaluna|Ursaluna, L50, M|100/100\n|move|p1b: Smeargle|Wide Guard|p1b: Smeargle\n|-singleturn|p1b: Smeargle|Wide Guard\n|move|p1a: Muk|Minimize|p1a: Muk\n|-boost|p1a: Muk|evasion|2\n|move|p2b: Farigiraf|Trick Room|p2b: Farigiraf\n|-fieldstart|move: Trick Room|[of] p2b: Farigiraf\n|\n|-status|p2a: Ursaluna|brn|[from] item: Flame Orb\n|-ability|p1b: Smeargle|Moody|boost\n|-boost|p1b: Smeargle|spa|2\n|-unboost|p1b: Smeargle|atk|1\n|upkeep\n|turn|4\n|\n|t:|1776781713\n|switch|p1b: Flamigo|Flamigo, L50, M|100/100\n|-copyboost|p1b: Flamigo|p1a: Muk|[from] ability: Costar\n|move|p2b: Farigiraf|Helping Hand|p2a: Ursaluna\n|-singleturn|p2a: Ursaluna|Helping Hand|[of] p2b: Farigiraf\n|move|p1a: Muk|Protect|p1a: Muk\n|-singleturn|p1a: Muk|Protect\n|move|p2a: Ursaluna|Earthquake|p1b: Flamigo|[spread] p2b\n|-activate|p1a: Muk|move: Protect\n|-immune|p1b: Flamigo\n|-damage|p2b: Farigiraf|50/100\n|\n|-damage|p2a: Ursaluna|94/100 brn|[from] brn\n|upkeep\n|turn|5\n|inactive|Sunny_zong1 has 30 seconds left.\n|\n|t:|1776781739\n|switch|p2b: Ho-Oh|Ho-Oh, L50, shiny|100/100\n|move|p1a: Muk|Minimize|p1a: Muk\n|-boost|p1a: Muk|evasion|2\n|move|p2a: Ursaluna|Headlong Rush|p1a: Muk|[miss]\n|-miss|p2a: Ursaluna|p1a: Muk\n|move|p1b: Flamigo|Substitute|p1b: Flamigo\n|-start|p1b: Flamigo|Substitute\n|-damage|p1b: Flamigo|76/100\n|\n|-damage|p2a: Ursaluna|88/100 brn|[from] brn\n|-fieldend|move: Electric Terrain\n|upkeep\n|turn|6\n|\n|t:|1776781758\n|move|p1a: Muk|Protect|p1a: Muk\n|-singleturn|p1a: Muk|Protect\n|move|p2a: Ursaluna|Headlong Rush|p1a: Muk\n|-activate|p1a: Muk|move: Protect\n|move|p2b: Ho-Oh|Sacred Fire|p1a: Muk\n|-activate|p1a: Muk|move: Protect\n|move|p1b: Flamigo|Close Combat|p2a: Ursaluna\n|-supereffective|p2a: Ursaluna\n|-damage|p2a: Ursaluna|4/100 brn\n|-unboost|p1b: Flamigo|def|1\n|-unboost|p1b: Flamigo|spd|1\n|-enditem|p1b: Flamigo|White Herb\n|-clearnegativeboost|p1b: Flamigo|[silent]\n|\n|-damage|p2a: Ursaluna|0 fnt|[from] brn\n|faint|p2a: Ursaluna\n|upkeep\n|\n|t:|1776781763\n|switch|p2a: Miraidon|Miraidon, L50, tera:Fairy|20/100\n|-fieldstart|move: Electric Terrain|[from] ability: Hadron Engine|[of] p2a: Miraidon\n|turn|7\n|\n|t:|1776781773\n|switch|p2a: Farigiraf|Farigiraf, L50, M|50/100\n|move|p1a: Muk|Poison Jab|p2a: Farigiraf\n|-damage|p2a: Farigiraf|26/100\n|move|p2b: Ho-Oh|Sacred Fire|p1a: Muk|[miss]\n|-miss|p2b: Ho-Oh|p1a: Muk\n|move|p1b: Flamigo|Brave Bird|p2b: Ho-Oh\n|-damage|p2b: Ho-Oh|53/100\n|-damage|p1b: Flamigo|54/100|[from] Recoil\n|\n|-heal|p2b: Ho-Oh|59/100|[from] item: Leftovers\n|-fieldend|move: Trick Room\n|upkeep\n|turn|8\n|\n|t:|1776781792\n|move|p1b: Flamigo|Brave Bird|p2b: Ho-Oh\n|-damage|p2b: Ho-Oh|14/100\n|-damage|p1b: Flamigo|34/100|[from] Recoil\n|move|p2b: Ho-Oh|Brave Bird|p1b: Flamigo|[miss]\n|-miss|p2b: Ho-Oh|p1b: Flamigo\n|move|p2a: Farigiraf|Psychic Noise|p1b: Flamigo|[miss]\n|-miss|p2a: Farigiraf|p1b: Flamigo\n|move|p1a: Muk|Poison Jab|p2b: Ho-Oh\n|-damage|p2b: Ho-Oh|0 fnt\n|faint|p2b: Ho-Oh\n|\n|upkeep\n|\n|t:|1776781802\n|switch|p2b: Miraidon|Miraidon, L50, tera:Fairy|20/100\n|-activate|p2b: Miraidon|ability: Hadron Engine\n|turn|9\n|\n|t:|1776781809\n|move|p2a: Farigiraf|Helping Hand|p2b: Miraidon\n|-singleturn|p2b: Miraidon|Helping Hand|[of] p2a: Farigiraf\n|move|p2b: Miraidon|Electro Drift|p1a: Muk|[miss]\n|-miss|p2b: Miraidon|p1a: Muk\n|move|p1b: Flamigo|Brave Bird|p2b: Miraidon\n|-damage|p2b: Miraidon|0 fnt\n|faint|p2b: Miraidon\n|-damage|p1b: Flamigo|25/100|[from] Recoil\n|move|p1a: Muk|Poison Jab|p2a: Farigiraf\n|-damage|p2a: Farigiraf|0 fnt\n|faint|p2a: Farigiraf\n|\n|win|Sunny_zong1\n|raw|Sunny_zong1's rating: 1487 &rarr; <strong>1509</strong><br />(+22 for winning)\n|raw|svenblack's rating: 1527 &rarr; <strong>1505</strong><br />(-22 for losing)\n|l|\u2606Sunny_zong1\n|player|p1|\n|l|\u2606svenblack\n|player|p2|\n","uploadtime":1776782001,"views":15,"formatid":"gen9vgc2026regi","rating":1505,"private":0,"password":null}