{"id":"gen9vgc2026regi-2561924599","format":"[Gen 9] VGC 2026 Reg I","players":["wktkfakfuqek","fernsthedruids"],"log":"|j|\u2606wktkfakfuqek\n|j|\u2606fernsthedruids\n|t:|1773855200\n|gametype|doubles\n|player|p1|wktkfakfuqek|hiker-gen4|1383\n|player|p2|fernsthedruids|2|1368\n|gen|9\n|tier|[Gen 9] VGC 2026 Reg I\n|rated|\n|rule|Species Clause: Limit one of each Pok\u00e9mon\n|rule|Item Clause: Limit 1 of each item\n|clearpoke\n|poke|p1|Smeargle, L50, F|\n|poke|p1|Muk-Alola, L50, F|\n|poke|p1|Glimmora, L50, M|\n|poke|p1|Sinistcha-Masterpiece, L50|\n|poke|p1|Ho-Oh, L50|\n|poke|p1|Koraidon, L50|\n|poke|p2|Kyogre, L50|\n|poke|p2|Calyrex-Ice, L50|\n|poke|p2|Raging Bolt, L50|\n|poke|p2|Tornadus, L50, M|\n|poke|p2|Incineroar, L50, M|\n|poke|p2|Basculegion, L50, M|\n|teampreview|4\n|inactive|Battle timer is ON: inactive players will automatically lose when time's up. (requested by wktkfakfuqek)\n|\n|t:|1773855223\n|teamsize|p1|4\n|teamsize|p2|4\n|start\n|switch|p1a: Smeargle|Smeargle, L50, F|100/100\n|switch|p1b: Muk|Muk-Alola, L50, F|100/100\n|switch|p2a: Tornadus|Tornadus, L50, M|100/100\n|switch|p2b: Kyogre|Kyogre, L50|100/100\n|-weather|RainDance|[from] ability: Drizzle|[of] p2b: Kyogre\n|turn|1\n|\n|t:|1773855239\n|move|p1a: Smeargle|Wide Guard|p1a: Smeargle\n|-singleturn|p1a: Smeargle|Wide Guard\n|move|p2a: Tornadus|Hurricane|p1b: Muk\n|-damage|p1b: Muk|64/100\n|-start|p1b: Muk|confusion\n|move|p2b: Kyogre|Water Spout|p1a: Smeargle|[spread] \n|-activate|p1a: Smeargle|move: Wide Guard\n|-activate|p1b: Muk|move: Wide Guard\n|-activate|p1b: Muk|confusion\n|-damage|p1b: Muk|56/100|[from] confusion\n|\n|-weather|RainDance|[upkeep]\n|-heal|p1b: Muk|62/100|[from] item: Leftovers\n|-ability|p1a: Smeargle|Moody|boost\n|-boost|p1a: Smeargle|spe|2\n|-unboost|p1a: Smeargle|spd|1\n|upkeep\n|turn|2\n|inactive|wktkfakfuqek has 30 seconds left.\n|\n|t:|1773855268\n|-end|p1b: Muk|confusion\n|move|p1b: Muk|Protect|p1b: Muk\n|-singleturn|p1b: Muk|Protect\n|move|p2a: Tornadus|Taunt|p1a: Smeargle\n|-start|p1a: Smeargle|move: Taunt\n|move|p1a: Smeargle|Salt Cure|p2b: Kyogre\n|-damage|p2b: Kyogre|97/100\n|-start|p2b: Kyogre|Salt Cure\n|move|p2b: Kyogre|Water Spout|p1b: Muk|[spread] p1a\n|-activate|p1b: Muk|move: Protect\n|-enditem|p1a: Smeargle|Focus Sash\n|-damage|p1a: Smeargle|1/100\n|\n|-weather|RainDance|[upkeep]\n|-heal|p1b: Muk|68/100|[from] item: Leftovers\n|-damage|p2b: Kyogre|72/100|[from] Salt Cure\n|-ability|p1a: Smeargle|Moody|boost\n|-boost|p1a: Smeargle|atk|2\n|-unboost|p1a: Smeargle|spa|1\n|upkeep\n|turn|3\n|\n|t:|1773855288\n|switch|p1a: Koraidon|Koraidon, L50|100/100\n|-weather|SunnyDay|[from] ability: Orichalcum Pulse|[of] p1a: Koraidon\n|-activate|p1a: Koraidon|Orichalcum Pulse|[source]\n|move|p2a: Tornadus|Hurricane|p1b: Muk\n|-damage|p1b: Muk|29/100\n|move|p2b: Kyogre|Water Spout|p1a: Koraidon|[spread] p1a,p1b\n|-resisted|p1a: Koraidon\n|-damage|p1a: Koraidon|87/100\n|-damage|p1b: Muk|5/100\n|move|p1b: Muk|Minimize|p1b: Muk\n|-boost|p1b: Muk|evasion|2\n|\n|-weather|SunnyDay|[upkeep]\n|-heal|p1b: Muk|11/100|[from] item: Leftovers\n|-damage|p2b: Kyogre|47/100|[from] Salt Cure\n|upkeep\n|turn|4\n|inactive|fernsthedruids has 30 seconds left.\n|\n|t:|1773855314\n|switch|p1a: Smeargle|Smeargle, L50, F|1/100\n|switch|p2b: Calyrex|Calyrex-Ice, L50|100/100\n|-ability|p2b: Calyrex|As One\n|-ability|p2b: Calyrex|Unnerve\n|move|p1b: Muk|Protect|p1b: Muk\n|-singleturn|p1b: Muk|Protect\n|move|p2a: Tornadus|Rain Dance|p2a: Tornadus\n|-weather|RainDance\n|\n|-weather|RainDance|[upkeep]\n|-heal|p1b: Muk|17/100|[from] item: Leftovers\n|-ability|p1a: Smeargle|Moody|boost\n|-boost|p1a: Smeargle|atk|2\n|-unboost|p1a: Smeargle|spe|1\n|upkeep\n|turn|5\n|\n|t:|1773855338\n|switch|p2b: Kyogre|Kyogre, L50|47/100\n|move|p1a: Smeargle|Follow Me|p1a: Smeargle\n|-singleturn|p1a: Smeargle|move: Follow Me\n|move|p2a: Tornadus|Hurricane|p1a: Smeargle\n|-damage|p1a: Smeargle|0 fnt\n|faint|p1a: Smeargle\n|-ability|p1b: Muk|Moody|Power of Alchemy|[from] ability: Power of Alchemy|[of] p1a: Smeargle\n|move|p1b: Muk|Minimize|p1b: Muk\n|-boost|p1b: Muk|evasion|2\n|\n|-weather|RainDance|[upkeep]\n|-heal|p1b: Muk|23/100|[from] item: Leftovers\n|-ability|p1b: Muk|Moody|boost\n|-boost|p1b: Muk|spa|2\n|-unboost|p1b: Muk|atk|1\n|upkeep\n|\n|t:|1773855341\n|switch|p1a: Sinistcha|Sinistcha-Masterpiece, L50|100/100\n|-heal|p1b: Muk|48/100|[from] ability: Hospitality|[of] p1a: Sinistcha\n|turn|6\n|\n|t:|1773855349\n|switch|p1a: Koraidon|Koraidon, L50|87/100\n|-weather|SunnyDay|[from] ability: Orichalcum Pulse|[of] p1a: Koraidon\n|-activate|p1a: Koraidon|Orichalcum Pulse|[source]\n|move|p2a: Tornadus|Taunt|p1a: Koraidon\n|-start|p1a: Koraidon|move: Taunt\n|move|p2b: Kyogre|Origin Pulse|p1a: Koraidon|[spread] p1a\n|-miss|p2b: Kyogre|p1b: Muk\n|-resisted|p1a: Koraidon\n|-damage|p1a: Koraidon|75/100\n|move|p1b: Muk|Minimize|p1b: Muk\n|-boost|p1b: Muk|evasion|2\n|\n|-weather|SunnyDay|[upkeep]\n|-heal|p1b: Muk|54/100|[from] item: Leftovers\n|-ability|p1b: Muk|Moody|boost\n|-boost|p1b: Muk|spe|2\n|-unboost|p1b: Muk|def|1\n|upkeep\n|turn|7\n|\n|t:|1773855362\n|move|p2a: Tornadus|Rain Dance|p2a: Tornadus\n|-weather|RainDance\n|move|p1a: Koraidon|Drain Punch|p2b: Kyogre\n|-damage|p2b: Kyogre|12/100\n|-heal|p1a: Koraidon|91/100|[from] drain|[of] p2b: Kyogre\n|move|p1b: Muk|Substitute|p1b: Muk\n|-start|p1b: Muk|Substitute\n|-damage|p1b: Muk|29/100\n|move|p2b: Kyogre|Origin Pulse|p1b: Muk|[spread] p1a\n|-miss|p2b: Kyogre|p1b: Muk\n|-resisted|p1a: Koraidon\n|-damage|p1a: Koraidon|54/100\n|\n|-weather|RainDance|[upkeep]\n|-heal|p1b: Muk|35/100|[from] item: Leftovers\n|-ability|p1b: Muk|Moody|boost\n|-boost|p1b: Muk|def|2\n|-unboost|p1b: Muk|spd|1\n|upkeep\n|turn|8\n|\n|t:|1773855383\n|switch|p1a: Sinistcha|Sinistcha-Masterpiece, L50|100/100\n|-heal|p1b: Muk|60/100|[from] ability: Hospitality|[of] p1a: Sinistcha\n|switch|p2b: Raging Bolt|Raging Bolt, L50|100/100\n|move|p1b: Muk|Knock Off|p2b: Raging Bolt\n|-damage|p2b: Raging Bolt|79/100\n|-enditem|p2b: Raging Bolt|Life Orb|[from] move: Knock Off|[of] p1b: Muk\n|move|p2a: Tornadus|Hurricane|p1a: Sinistcha\n|-supereffective|p1a: Sinistcha\n|-damage|p1a: Sinistcha|0 fnt\n|faint|p1a: Sinistcha\n|\n|-weather|RainDance|[upkeep]\n|-heal|p1b: Muk|67/100|[from] item: Leftovers\n|-ability|p1b: Muk|Moody|boost\n|-boost|p1b: Muk|spe|2\n|-unboost|p1b: Muk|spa|1\n|upkeep\n|\n|t:|1773855389\n|switch|p1a: Koraidon|Koraidon, L50|54/100\n|-weather|SunnyDay|[from] ability: Orichalcum Pulse|[of] p1a: Koraidon\n|-activate|p2b: Raging Bolt|ability: Protosynthesis\n|-start|p2b: Raging Bolt|protosynthesisspa\n|-activate|p1a: Koraidon|Orichalcum Pulse|[source]\n|turn|9\n|\n|t:|1773855406\n|-end|p2b: Raging Bolt|Protosynthesis|[silent]\n|switch|p2b: Kyogre|Kyogre, L50|12/100\n|-weather|RainDance|[from] ability: Drizzle|[of] p2b: Kyogre\n|-terastallize|p1a: Koraidon|Fire\n|move|p1b: Muk|Knock Off|p2a: Tornadus\n|-damage|p2a: Tornadus|77/100\n|-enditem|p2a: Tornadus|Covert Cloak|[from] move: Knock Off|[of] p1b: Muk\n|move|p1a: Koraidon|Drain Punch|p2b: Kyogre\n|-damage|p2b: Kyogre|0 fnt\n|-heal|p1a: Koraidon|60/100|[from] drain|[of] p2b: Kyogre\n|faint|p2b: Kyogre\n|move|p2a: Tornadus|Hurricane|p1a: Koraidon\n|-damage|p1a: Koraidon|22/100\n|-start|p1a: Koraidon|confusion\n|\n|-weather|RainDance|[upkeep]\n|-heal|p1b: Muk|73/100|[from] item: Leftovers\n|-ability|p1b: Muk|Moody|boost\n|-boost|p1b: Muk|spd|2\n|-unboost|p1b: Muk|spa|1\n|upkeep\n|\n|t:|1773855428\n|switch|p2b: Raging Bolt|Raging Bolt, L50|79/100\n|turn|10\n|\n|t:|1773855435\n|move|p1b: Muk|Protect|p1b: Muk\n|-singleturn|p1b: Muk|Protect\n|move|p2b: Raging Bolt|Thunderclap||[still]\n|-fail|p2b: Raging Bolt\n|-activate|p1a: Koraidon|confusion\n|-damage|p1a: Koraidon|13/100|[from] confusion\n|move|p2a: Tornadus|Hurricane|p1b: Muk\n|-activate|p1b: Muk|move: Protect\n|\n|-weather|RainDance|[upkeep]\n|-heal|p1b: Muk|79/100|[from] item: Leftovers\n|-ability|p1b: Muk|Moody|boost\n|-boost|p1b: Muk|spd|2\n|-unboost|p1b: Muk|spe|1\n|upkeep\n|turn|11\n|\n|t:|1773855455\n|move|p2b: Raging Bolt|Thunderclap||[still]\n|-fail|p2b: Raging Bolt\n|-activate|p1a: Koraidon|confusion\n|move|p1a: Koraidon|Taunt|p2a: Tornadus\n|-start|p2a: Tornadus|move: Taunt\n|move|p1b: Muk|Knock Off|p2a: Tornadus\n|-damage|p2a: Tornadus|63/100\n|move|p2a: Tornadus|Hurricane|p1b: Muk\n|-activate|p1b: Muk|move: Substitute|[damage]\n|\n|-weather|RainDance|[upkeep]\n|-heal|p1b: Muk|85/100|[from] item: Leftovers\n|-ability|p1b: Muk|Moody|boost\n|-boost|p1b: Muk|spe|2\n|-unboost|p1b: Muk|spd|1\n|upkeep\n|turn|12\n|\n|t:|1773855474\n|move|p1b: Muk|Protect|p1b: Muk\n|-singleturn|p1b: Muk|Protect\n|move|p2b: Raging Bolt|Thunderclap||[still]\n|-fail|p2b: Raging Bolt\n|-end|p1a: Koraidon|confusion\n|move|p1a: Koraidon|Taunt|p2b: Raging Bolt\n|-start|p2b: Raging Bolt|move: Taunt\n|move|p2a: Tornadus|Hurricane|p1b: Muk\n|-activate|p1b: Muk|move: Protect\n|\n|-weather|RainDance|[upkeep]\n|-heal|p1b: Muk|91/100|[from] item: Leftovers\n|-ability|p1b: Muk|Moody|boost\n|-boost|p1b: Muk|def|2\n|-unboost|p1b: Muk|atk|1\n|upkeep\n|turn|13\n|\n|t:|1773855487\n|move|p2b: Raging Bolt|Thunderclap||[still]\n|-fail|p2b: Raging Bolt\n|move|p1b: Muk|Knock Off|p2a: Tornadus\n|-damage|p2a: Tornadus|53/100\n|move|p1a: Koraidon|Taunt||[still]\n|-fail|p1a: Koraidon\n|move|p2a: Tornadus|Hurricane|p1b: Muk\n|-end|p1b: Muk|Substitute\n|\n|-weather|none\n|-heal|p1b: Muk|97/100|[from] item: Leftovers\n|-end|p2a: Tornadus|move: Taunt\n|-ability|p1b: Muk|Moody|boost\n|-boost|p1b: Muk|spe|1\n|-unboost|p1b: Muk|def|1\n|upkeep\n|turn|14\n|\n|t:|1773855497\n|move|p2a: Tornadus|Rain Dance|p2a: Tornadus\n|-weather|RainDance\n|move|p1b: Muk|Substitute|p1b: Muk\n|-start|p1b: Muk|Substitute\n|-damage|p1b: Muk|72/100\n|move|p1a: Koraidon|Taunt|p2a: Tornadus\n|-start|p2a: Tornadus|move: Taunt\n|move|p2b: Raging Bolt|Thunderbolt|p1a: Koraidon\n|-damage|p1a: Koraidon|0 fnt\n|faint|p1a: Koraidon\n|\n|-weather|RainDance|[upkeep]\n|-heal|p1b: Muk|78/100|[from] item: Leftovers\n|-ability|p1b: Muk|Moody|boost\n|-boost|p1b: Muk|atk|2\n|-unboost|p1b: Muk|spd|1\n|upkeep\n|turn|15\n|\n|t:|1773855503\n|move|p1b: Muk|Protect|p1b: Muk\n|-singleturn|p1b: Muk|Protect\n|move|p2a: Tornadus|Hurricane|p1b: Muk\n|-activate|p1b: Muk|move: Protect\n|move|p2b: Raging Bolt|Thunderbolt|p1b: Muk\n|-activate|p1b: Muk|move: Protect\n|\n|-weather|RainDance|[upkeep]\n|-heal|p1b: Muk|84/100|[from] item: Leftovers\n|-end|p2b: Raging Bolt|move: Taunt\n|-ability|p1b: Muk|Moody|boost\n|-boost|p1b: Muk|def|2\n|-unboost|p1b: Muk|atk|1\n|upkeep\n|turn|16\n|\n|t:|1773855511\n|move|p1b: Muk|Knock Off|p2a: Tornadus\n|-damage|p2a: Tornadus|36/100\n|move|p2a: Tornadus|Hurricane|p1b: Muk\n|-end|p1b: Muk|Substitute\n|move|p2b: Raging Bolt|Thunderbolt|p1b: Muk|[miss]\n|-miss|p2b: Raging Bolt|p1b: Muk\n|\n|-weather|RainDance|[upkeep]\n|-heal|p1b: Muk|91/100|[from] item: Leftovers\n|-ability|p1b: Muk|Moody|boost\n|-boost|p1b: Muk|atk|2\n|-unboost|p1b: Muk|def|1\n|upkeep\n|turn|17\n|\n|t:|1773855525\n|move|p1b: Muk|Substitute|p1b: Muk\n|-start|p1b: Muk|Substitute\n|-damage|p1b: Muk|66/100\n|move|p2a: Tornadus|Hurricane|p1b: Muk\n|-end|p1b: Muk|Substitute\n|move|p2b: Raging Bolt|Thunderbolt|p1b: Muk|[miss]\n|-miss|p2b: Raging Bolt|p1b: Muk\n|\n|-weather|RainDance|[upkeep]\n|-heal|p1b: Muk|72/100|[from] item: Leftovers\n|-end|p2a: Tornadus|move: Taunt\n|-ability|p1b: Muk|Moody|boost\n|-boost|p1b: Muk|def|2\n|-unboost|p1b: Muk|spe|1\n|upkeep\n|turn|18\n|\n|t:|1773855532\n|move|p1b: Muk|Protect|p1b: Muk\n|-singleturn|p1b: Muk|Protect\n|move|p2a: Tornadus|Hurricane|p1b: Muk\n|-activate|p1b: Muk|move: Protect\n|move|p2b: Raging Bolt|Thunderbolt|p1b: Muk\n|-activate|p1b: Muk|move: Protect\n|\n|-weather|none\n|-heal|p1b: Muk|78/100|[from] item: Leftovers\n|-ability|p1b: Muk|Moody|boost\n|-boost|p1b: Muk|spd|2\n|-unboost|p1b: Muk|spa|1\n|upkeep\n|turn|19\n|\n|t:|1773855538\n|move|p2a: Tornadus|Rain Dance|p2a: Tornadus\n|-weather|RainDance\n|move|p1b: Muk|Substitute|p1b: Muk\n|-start|p1b: Muk|Substitute\n|-damage|p1b: Muk|53/100\n|move|p2b: Raging Bolt|Thunderbolt|p1b: Muk\n|-activate|p1b: Muk|move: Substitute|[damage]\n|\n|-weather|RainDance|[upkeep]\n|-heal|p1b: Muk|59/100|[from] item: Leftovers\n|-ability|p1b: Muk|Moody|boost\n|-boost|p1b: Muk|spa|2\n|-unboost|p1b: Muk|spe|1\n|upkeep\n|turn|20\n|\n|t:|1773855544\n|move|p1b: Muk|Protect|p1b: Muk\n|-singleturn|p1b: Muk|Protect\n|move|p2a: Tornadus|Hurricane|p1b: Muk\n|-activate|p1b: Muk|move: Protect\n|move|p2b: Raging Bolt|Thunderbolt|p1b: Muk\n|-activate|p1b: Muk|move: Protect\n|\n|-weather|RainDance|[upkeep]\n|-heal|p1b: Muk|65/100|[from] item: Leftovers\n|-ability|p1b: Muk|Moody|boost\n|-boost|p1b: Muk|def|1\n|-unboost|p1b: Muk|spe|1\n|upkeep\n|turn|21\n|\n|t:|1773855552\n|move|p1b: Muk|Knock Off|p2a: Tornadus\n|-damage|p2a: Tornadus|2/100\n|move|p2a: Tornadus|Hurricane|p1b: Muk\n|-end|p1b: Muk|Substitute\n|move|p2b: Raging Bolt|Thunderbolt|p1b: Muk\n|-damage|p1b: Muk|47/100\n|\n|-weather|RainDance|[upkeep]\n|-heal|p1b: Muk|53/100|[from] item: Leftovers\n|-ability|p1b: Muk|Moody|boost\n|-boost|p1b: Muk|spd|2\n|-unboost|p1b: Muk|spa|1\n|upkeep\n|turn|22\n|inactive|fernsthedruids has 30 seconds left.\n|\n|t:|1773855583\n|move|p1b: Muk|Protect|p1b: Muk\n|-singleturn|p1b: Muk|Protect\n|move|p2a: Tornadus|Tailwind|p2a: Tornadus\n|-sidestart|p2: fernsthedruids|move: Tailwind\n|move|p2b: Raging Bolt|Thunderbolt|p1b: Muk\n|-activate|p1b: Muk|move: Protect\n|\n|-weather|RainDance|[upkeep]\n|-heal|p1b: Muk|59/100|[from] item: Leftovers\n|-ability|p1b: Muk|Moody|boost\n|-boost|p1b: Muk|atk|2\n|-unboost|p1b: Muk|spa|1\n|upkeep\n|turn|23\n|\n|t:|1773855593\n|move|p2a: Tornadus|Hurricane|p1b: Muk\n|-damage|p1b: Muk|48/100\n|move|p2b: Raging Bolt|Thunderbolt|p1b: Muk|[miss]\n|-miss|p2b: Raging Bolt|p1b: Muk\n|move|p1b: Muk|Substitute|p1b: Muk\n|-start|p1b: Muk|Substitute\n|-damage|p1b: Muk|23/100\n|\n|-weather|none\n|-heal|p1b: Muk|29/100|[from] item: Leftovers\n|-ability|p1b: Muk|Moody|boost\n|-boost|p1b: Muk|spe|2\n|-unboost|p1b: Muk|def|1\n|upkeep\n|turn|24\n|\n|t:|1773855615\n|move|p1b: Muk|Protect|p1b: Muk\n|-singleturn|p1b: Muk|Protect\n|move|p2a: Tornadus|Rain Dance|p2a: Tornadus\n|-weather|RainDance\n|move|p2b: Raging Bolt|Thunderbolt|p1b: Muk\n|-activate|p1b: Muk|move: Protect\n|\n|-weather|RainDance|[upkeep]\n|-heal|p1b: Muk|35/100|[from] item: Leftovers\n|-ability|p1b: Muk|Moody|boost\n|-boost|p1b: Muk|spe|1\n|-unboost|p1b: Muk|spd|1\n|upkeep\n|turn|25\n|\n|t:|1773855624\n|move|p2a: Tornadus|Taunt|p1b: Muk\n|-hint|Since gen 7, Dark is immune to Prankster moves.\n|-immune|p1b: Muk\n|move|p1b: Muk|Knock Off|p2b: Raging Bolt\n|-damage|p2b: Raging Bolt|29/100\n|move|p2b: Raging Bolt|Thunderbolt|p1b: Muk|[miss]\n|-miss|p2b: Raging Bolt|p1b: Muk\n|\n|-weather|RainDance|[upkeep]\n|-heal|p1b: Muk|41/100|[from] item: Leftovers\n|-sideend|p2: fernsthedruids|move: Tailwind\n|-ability|p1b: Muk|Moody|boost\n|-boost|p1b: Muk|atk|2\n|-unboost|p1b: Muk|spd|1\n|upkeep\n|turn|26\n|\n|t:|1773855631\n|move|p1b: Muk|Protect|p1b: Muk\n|-singleturn|p1b: Muk|Protect\n|move|p2b: Raging Bolt|Protect|p2b: Raging Bolt\n|-singleturn|p2b: Raging Bolt|Protect\n|move|p2a: Tornadus|Taunt|p1b: Muk\n|-activate|p1b: Muk|move: Protect\n|\n|-weather|RainDance|[upkeep]\n|-heal|p1b: Muk|47/100|[from] item: Leftovers\n|-ability|p1b: Muk|Moody|boost\n|-boost|p1b: Muk|spa|2\n|-unboost|p1b: Muk|def|1\n|upkeep\n|turn|27\n|\n|t:|1773855634\n|move|p2b: Raging Bolt|Protect||[still]\n|-fail|p2b: Raging Bolt\n|move|p2a: Tornadus|Taunt|p1b: Muk\n|-hint|Since gen 7, Dark is immune to Prankster moves.\n|-immune|p1b: Muk\n|move|p1b: Muk|Knock Off|p2b: Raging Bolt\n|-damage|p2b: Raging Bolt|0 fnt\n|faint|p2b: Raging Bolt\n|-end|p2b: Raging Bolt|Protosynthesis|[silent]\n|\n|-weather|RainDance|[upkeep]\n|-heal|p1b: Muk|53/100|[from] item: Leftovers\n|-ability|p1b: Muk|Moody|boost\n|-boost|p1b: Muk|spa|2\n|-unboost|p1b: Muk|spe|1\n|upkeep\n|\n|t:|1773855636\n|switch|p2b: Calyrex|Calyrex-Ice, L50|100/100\n|-ability|p2b: Calyrex|As One\n|-ability|p2b: Calyrex|Unnerve\n|turn|28\n|\n|t:|1773855639\n|move|p2b: Calyrex|Protect|p2b: Calyrex\n|-singleturn|p2b: Calyrex|Protect\n|move|p2a: Tornadus|Taunt|p1b: Muk\n|-hint|Since gen 7, Dark is immune to Prankster moves.\n|-immune|p1b: Muk\n|move|p1b: Muk|Knock Off|p2b: Calyrex\n|-activate|p2b: Calyrex|move: Protect\n|\n|-weather|none\n|-heal|p1b: Muk|59/100|[from] item: Leftovers\n|-ability|p1b: Muk|Moody|boost\n|-boost|p1b: Muk|def|2\n|-unboost|p1b: Muk|spe|1\n|upkeep\n|turn|29\n|\n|t:|1773855643\n|-terastallize|p2b: Calyrex|Dragon\n|move|p2a: Tornadus|Taunt|p1b: Muk\n|-hint|Since gen 7, Dark is immune to Prankster moves.\n|-immune|p1b: Muk\n|move|p1b: Muk|Knock Off|p2b: Calyrex\n|-damage|p2b: Calyrex|31/100\n|-enditem|p2b: Calyrex|Clear Amulet|[from] move: Knock Off|[of] p1b: Muk\n|move|p2b: Calyrex|Trick Room|p2b: Calyrex\n|-fieldstart|move: Trick Room|[of] p2b: Calyrex\n|\n|-heal|p1b: Muk|66/100|[from] item: Leftovers\n|-ability|p1b: Muk|Moody|boost\n|-boost|p1b: Muk|spa|2\n|-unboost|p1b: Muk|spd|1\n|upkeep\n|turn|30\n|\n|t:|1773855646\n|move|p2b: Calyrex|Protect|p2b: Calyrex\n|-singleturn|p2b: Calyrex|Protect\n|move|p1b: Muk|Protect|p1b: Muk\n|-singleturn|p1b: Muk|Protect\n|move|p2a: Tornadus|Taunt|p1b: Muk\n|-activate|p1b: Muk|move: Protect\n|\n|-heal|p1b: Muk|72/100|[from] item: Leftovers\n|-ability|p1b: Muk|Moody|boost\n|-boost|p1b: Muk|spd|2\n|-unboost|p1b: Muk|def|1\n|upkeep\n|turn|31\n|\n|t:|1773855649\n|move|p2a: Tornadus|Taunt|p1b: Muk\n|-hint|Since gen 7, Dark is immune to Prankster moves.\n|-immune|p1b: Muk\n|move|p2b: Calyrex|Glacial Lance|p1b: Muk|[miss]\n|-miss|p2b: Calyrex|p1b: Muk\n|move|p1b: Muk|Knock Off|p2b: Calyrex\n|-crit|p2b: Calyrex\n|-damage|p2b: Calyrex|0 fnt\n|faint|p2b: Calyrex\n|\n|-heal|p1b: Muk|78/100|[from] item: Leftovers\n|-ability|p1b: Muk|Moody|boost\n|-boost|p1b: Muk|atk|1\n|-unboost|p1b: Muk|spa|1\n|upkeep\n|turn|32\n|-message|fernsthedruids forfeited.\n|\n|win|wktkfakfuqek\n|raw|wktkfakfuqek's rating: 1383 &rarr; <strong>1402</strong><br />(+19 for winning)\n|raw|fernsthedruids's rating: 1368 &rarr; <strong>1349</strong><br />(-19 for losing)\n|l|\u2606fernsthedruids\n|player|p2|\n|l|\u2606wktkfakfuqek\n|player|p1|\n","uploadtime":1773855911,"views":10,"formatid":"gen9vgc2026regi","rating":1349,"private":0,"password":null}