{"id":"gen9vgc2026regi-2531219488","format":"[Gen 9] VGC 2026 Reg I","players":["blackred123","MengMengZi"],"log":"|j|\u2606blackred123\n|j|\u2606MengMengZi\n|t:|1770033606\n|gametype|doubles\n|player|p1|blackred123|iono-masters|1418\n|player|p2|MengMengZi|n|1303\n|gen|9\n|tier|[Gen 9] VGC 2026 Reg I\n|rated|\n|rule|Species Clause: Limit one of each Pok\u00e9mon\n|rule|Item Clause: Limit 1 of each item\n|clearpoke\n|poke|p1|Zacian-*, L50|\n|poke|p1|Kyogre, L50|\n|poke|p1|Amoonguss, L50, F|\n|poke|p1|Incineroar, L50, F|\n|poke|p1|Urshifu-*, L50, M|\n|poke|p1|Iron Jugulis, L50|\n|poke|p2|Calyrex-Shadow, L50|\n|poke|p2|Terapagos, L50, M|\n|poke|p2|Urshifu-*, L50, M|\n|poke|p2|Tornadus, L50, M|\n|poke|p2|Incineroar, L50, M|\n|poke|p2|Rillaboom, L50, M|\n|teampreview|4\n|inactive|Battle timer is ON: inactive players will automatically lose when time's up. (requested by blackred123)\n|inactive|MengMengZi has 60 seconds left.\n|\n|t:|1770033642\n|teamsize|p1|4\n|teamsize|p2|4\n|start\n|switch|p1a: \u53eb\u6211\u4e3b\u4eba\ud83d\ude21|Urshifu-Rapid-Strike, L50, M|100/100\n|switch|p1b: \u55f7\u545c\uff5e|Iron Jugulis, L50|100/100\n|switch|p2a: Terapagos|Terapagos, L50, M|100/100\n|switch|p2b: Incineroar|Incineroar, L50, M, shiny|100/100\n|-activate|p2a: Terapagos|ability: Tera Shift\n|detailschange|p2a: Terapagos|Terapagos-Terastal, L50, M\n|-heal|p2a: Terapagos|100/100|[silent]\n|-ability|p2b: Incineroar|Intimidate|boost\n|-unboost|p1a: \u53eb\u6211\u4e3b\u4eba\ud83d\ude21|atk|1\n|-unboost|p1b: \u55f7\u545c\uff5e|atk|1\n|-enditem|p1b: \u55f7\u545c\uff5e|Booster Energy\n|-activate|p1b: \u55f7\u545c\uff5e|ability: Quark Drive|[fromitem]\n|-start|p1b: \u55f7\u545c\uff5e|quarkdrivespe\n|turn|1\n|\n|t:|1770033652\n|move|p2b: Incineroar|Fake Out|p1a: \u53eb\u6211\u4e3b\u4eba\ud83d\ude21\n|-damage|p1a: \u53eb\u6211\u4e3b\u4eba\ud83d\ude21|90/100\n|cant|p1a: \u53eb\u6211\u4e3b\u4eba\ud83d\ude21|flinch\n|move|p1b: \u55f7\u545c\uff5e|Tailwind|p1b: \u55f7\u545c\uff5e\n|-sidestart|p1: blackred123|move: Tailwind\n|move|p2a: Terapagos|Meteor Beam||[still]\n|-prepare|p2a: Terapagos|Meteor Beam\n|-boost|p2a: Terapagos|spa|1\n|-enditem|p2a: Terapagos|Power Herb\n|-anim|p2a: Terapagos|Meteor Beam|p1b: \u55f7\u545c\uff5e\n|-supereffective|p1b: \u55f7\u545c\uff5e\n|-damage|p1b: \u55f7\u545c\uff5e|0 fnt\n|faint|p1b: \u55f7\u545c\uff5e\n|-end|p1b: \u55f7\u545c\uff5e|Quark Drive|[silent]\n|\n|upkeep\n|\n|t:|1770033659\n|switch|p1b: \u9a6c\u5243\u5929\u7231\u661f|Kyogre, L50, shiny|100/100\n|-weather|RainDance|[from] ability: Drizzle|[of] p1b: \u9a6c\u5243\u5929\u7231\u661f\n|turn|2\n|\n|t:|1770033682\n|switch|p2b: Rillaboom|Rillaboom, L50, M, shiny|100/100\n|-fieldstart|move: Grassy Terrain|[from] ability: Grassy Surge|[of] p2b: Rillaboom\n|move|p2a: Terapagos|Protect|p2a: Terapagos\n|-singleturn|p2a: Terapagos|Protect\n|move|p1a: \u53eb\u6211\u4e3b\u4eba\ud83d\ude21|Close Combat|p2a: Terapagos\n|-activate|p2a: Terapagos|ability: Tera Shell\n|-resisted|p2a: Terapagos\n|-damage|p2a: Terapagos|82/100\n|-unboost|p1a: \u53eb\u6211\u4e3b\u4eba\ud83d\ude21|def|1\n|-unboost|p1a: \u53eb\u6211\u4e3b\u4eba\ud83d\ude21|spd|1\n|move|p1b: \u9a6c\u5243\u5929\u7231\u661f|Water Spout|p2a: Terapagos|[spread] p2b\n|-activate|p2a: Terapagos|move: Protect\n|-resisted|p2b: Rillaboom\n|-damage|p2b: Rillaboom|68/100\n|\n|-weather|RainDance|[upkeep]\n|-heal|p1a: \u53eb\u6211\u4e3b\u4eba\ud83d\ude21|97/100|[from] Grassy Terrain\n|-heal|p2a: Terapagos|88/100|[from] Grassy Terrain\n|-heal|p2b: Rillaboom|73/100|[from] Grassy Terrain\n|upkeep\n|turn|3\n|inactive|MengMengZi has 30 seconds left.\n|inactive|MengMengZi has 20 seconds left.\n|\n|t:|1770033721\n|move|p2b: Rillaboom|Fake Out|p1b: \u9a6c\u5243\u5929\u7231\u661f\n|-damage|p1b: \u9a6c\u5243\u5929\u7231\u661f|87/100\n|move|p1a: \u53eb\u6211\u4e3b\u4eba\ud83d\ude21|Close Combat|p2a: Terapagos\n|-supereffective|p2a: Terapagos\n|-damage|p2a: Terapagos|17/100\n|-unboost|p1a: \u53eb\u6211\u4e3b\u4eba\ud83d\ude21|def|1\n|-unboost|p1a: \u53eb\u6211\u4e3b\u4eba\ud83d\ude21|spd|1\n|cant|p1b: \u9a6c\u5243\u5929\u7231\u661f|flinch\n|move|p2a: Terapagos|Tera Starstorm|p1a: \u53eb\u6211\u4e3b\u4eba\ud83d\ude21\n|-damage|p1a: \u53eb\u6211\u4e3b\u4eba\ud83d\ude21|0 fnt\n|faint|p1a: \u53eb\u6211\u4e3b\u4eba\ud83d\ude21\n|\n|-weather|RainDance|[upkeep]\n|-heal|p1b: \u9a6c\u5243\u5929\u7231\u661f|93/100|[from] Grassy Terrain\n|-heal|p2a: Terapagos|23/100|[from] Grassy Terrain\n|-heal|p2b: Rillaboom|79/100|[from] Grassy Terrain\n|upkeep\n|\n|t:|1770033733\n|switch|p1a: \u963f\u5c14\u6258\u8389\u96c5|Zacian-Crowned, L50, shiny|100/100\n|-ability|p1a: \u963f\u5c14\u6258\u8389\u96c5|Intrepid Sword|boost\n|-boost|p1a: \u963f\u5c14\u6258\u8389\u96c5|atk|1\n|turn|4\n|inactive|MengMengZi has 30 seconds left.\n|inactive|blackred123 has 30 seconds left.\n|\n|t:|1770033768\n|move|p2a: Terapagos|Protect|p2a: Terapagos\n|-singleturn|p2a: Terapagos|Protect\n|move|p2b: Rillaboom|Grassy Glide|p1b: \u9a6c\u5243\u5929\u7231\u661f\n|-supereffective|p1b: \u9a6c\u5243\u5929\u7231\u661f\n|-damage|p1b: \u9a6c\u5243\u5929\u7231\u661f|26/100\n|move|p1a: \u963f\u5c14\u6258\u8389\u96c5|Behemoth Blade|p2b: Rillaboom\n|-damage|p2b: Rillaboom|2/100\n|move|p1b: \u9a6c\u5243\u5929\u7231\u661f|Origin Pulse|p2b: Rillaboom|[spread] p2b\n|-activate|p2a: Terapagos|move: Protect\n|-resisted|p2b: Rillaboom\n|-damage|p2b: Rillaboom|0 fnt\n|faint|p2b: Rillaboom\n|\n|-weather|RainDance|[upkeep]\n|-heal|p1b: \u9a6c\u5243\u5929\u7231\u661f|32/100|[from] Grassy Terrain\n|-heal|p2a: Terapagos|29/100|[from] Grassy Terrain\n|-sideend|p1: blackred123|move: Tailwind\n|upkeep\n|\n|t:|1770033780\n|switch|p2b: Incineroar|Incineroar, L50, M, shiny|100/100\n|-ability|p2b: Incineroar|Intimidate|boost\n|-unboost|p1a: \u963f\u5c14\u6258\u8389\u96c5|atk|1\n|-unboost|p1b: \u9a6c\u5243\u5929\u7231\u661f|atk|1\n|turn|5\n|\n|t:|1770033800\n|-terastallize|p2a: Terapagos|Stellar\n|detailschange|p2a: Terapagos|Terapagos-Stellar, L50, M, tera:Stellar\n|-heal|p2a: Terapagos|47/100|[silent]\n|-ability|p2a: Terapagos|Teraform Zero\n|-weather|none\n|-fieldend|move: Grassy Terrain\n|move|p2b: Incineroar|Fake Out|p1a: \u963f\u5c14\u6258\u8389\u96c5\n|-resisted|p1a: \u963f\u5c14\u6258\u8389\u96c5\n|-damage|p1a: \u963f\u5c14\u6258\u8389\u96c5|95/100\n|cant|p1a: \u963f\u5c14\u6258\u8389\u96c5|flinch\n|move|p1b: \u9a6c\u5243\u5929\u7231\u661f|Origin Pulse|p2b: Incineroar|[spread] p2a,p2b\n|-supereffective|p2b: Incineroar\n|-damage|p2a: Terapagos|15/100\n|-damage|p2b: Incineroar|28/100\n|move|p2a: Terapagos|Tera Starstorm|p1a: \u963f\u5c14\u6258\u8389\u96c5|[spread] p1a,p1b\n|-damage|p1a: \u963f\u5c14\u6258\u8389\u96c5|35/100\n|-damage|p1b: \u9a6c\u5243\u5929\u7231\u661f|4/100\n|\n|upkeep\n|turn|6\n|inactive|blackred123 has 30 seconds left.\n|\n|t:|1770033828\n|move|p2a: Terapagos|Protect|p2a: Terapagos\n|-singleturn|p2a: Terapagos|Protect\n|move|p1a: \u963f\u5c14\u6258\u8389\u96c5|Sacred Sword|p2b: Incineroar\n|-supereffective|p2b: Incineroar\n|-damage|p2b: Incineroar|0 fnt\n|faint|p2b: Incineroar\n|move|p1b: \u9a6c\u5243\u5929\u7231\u661f|Origin Pulse|p2a: Terapagos\n|-activate|p2a: Terapagos|move: Protect\n|\n|upkeep\n|\n|t:|1770033833\n|switch|p2b: Tornadus|Tornadus, L50, M, shiny|100/100\n|turn|7\n|j| riyuezi\n|\n|t:|1770033848\n|move|p2b: Tornadus|Tailwind|p2b: Tornadus\n|-sidestart|p2: MengMengZi|move: Tailwind\n|move|p2a: Terapagos|Tera Starstorm|p1a: \u963f\u5c14\u6258\u8389\u96c5|[spread] p1a,p1b\n|-damage|p1a: \u963f\u5c14\u6258\u8389\u96c5|0 fnt\n|-damage|p1b: \u9a6c\u5243\u5929\u7231\u661f|0 fnt\n|faint|p1a: \u963f\u5c14\u6258\u8389\u96c5\n|faint|p1b: \u9a6c\u5243\u5929\u7231\u661f\n|\n|win|MengMengZi\n|raw|blackred123's rating: 1418 &rarr; <strong>1392</strong><br />(-26 for losing)\n|raw|MengMengZi's rating: 1303 &rarr; <strong>1329</strong><br />(+26 for winning)\n|l| riyuezi\n|l|\u2606blackred123\n|player|p1|\n|l|\u2606MengMengZi\n|player|p2|\n","uploadtime":1770034073,"views":13,"formatid":"gen9vgc2026regi","rating":1329,"private":0,"password":null}