{"id":"gen9vgc2026regi-2538035502","format":"[Gen 9] VGC 2026 Reg I","players":["huanyu0.0","fs1530"],"log":"|j|\u2606huanyu0.0\n|j|\u2606fs1530\n|t:|1770881871\n|gametype|doubles\n|player|p1|huanyu0.0|2|1358\n|player|p2|fs1530|169|1416\n|gen|9\n|tier|[Gen 9] VGC 2026 Reg I\n|rated|\n|rule|Species Clause: Limit one of each Pok\u00e9mon\n|rule|Item Clause: Limit 1 of each item\n|clearpoke\n|poke|p1|Miraidon, L50|\n|poke|p1|Whimsicott, L50, M|\n|poke|p1|Urshifu-*, L50, M|\n|poke|p1|Lunala, L50|\n|poke|p1|Incineroar, L50, M|\n|poke|p1|Ursaluna, L50, F|\n|poke|p2|Calyrex-Ice, L50|\n|poke|p2|Lunala, L50|\n|poke|p2|Landorus, L50, M|\n|poke|p2|Tornadus, L50, M|\n|poke|p2|Ogerpon-Cornerstone, L50, F|\n|poke|p2|Indeedee-F, L50, F|\n|teampreview|4\n|inactive|Battle timer is ON: inactive players will automatically lose when time's up. (requested by fs1530)\n|\n|t:|1770881899\n|teamsize|p1|4\n|teamsize|p2|4\n|start\n|switch|p1a: Miraidon|Miraidon, L50|100/100\n|switch|p1b: Lunala|Lunala, L50|100/100\n|switch|p2a: \u6211\u4e0a\u53bb\u5c31\u662f\u4e00\u98ce|Tornadus, L50, M, shiny|100/100\n|switch|p2b: \u6211\u4e0a\u53bb\u5c31\u662f\u4e00\u5730|Landorus, L50, M, shiny|100/100\n|-fieldstart|move: Electric Terrain|[from] ability: Hadron Engine|[of] p1a: Miraidon\n|-enditem|p1b: Lunala|Electric Seed\n|-boost|p1b: Lunala|def|1|[from] item: Electric Seed\n|turn|1\n|inactive|huanyu0.0 has 30 seconds left.\n|inactive|huanyu0.0 has 20 seconds left.\n|inactive|huanyu0.0 has 15 seconds left.\n|inactive|huanyu0.0 has 10 seconds left.\n|inactive|huanyu0.0 has 5 seconds left.\n|\n|t:|1770881950\n|move|p1a: Miraidon|Protect|p1a: Miraidon\n|-singleturn|p1a: Miraidon|Protect\n|move|p2a: \u6211\u4e0a\u53bb\u5c31\u662f\u4e00\u98ce|Tailwind|p2a: \u6211\u4e0a\u53bb\u5c31\u662f\u4e00\u98ce\n|-sidestart|p2: fs1530|move: Tailwind\n|move|p2b: \u6211\u4e0a\u53bb\u5c31\u662f\u4e00\u5730|Earth Power|p1a: Miraidon\n|-activate|p1a: Miraidon|move: Protect\n|move|p1b: Lunala|Moongeist Beam|p2b: \u6211\u4e0a\u53bb\u5c31\u662f\u4e00\u5730\n|-damage|p2b: \u6211\u4e0a\u53bb\u5c31\u662f\u4e00\u5730|41/100\n|\n|upkeep\n|turn|2\n|\n|t:|1770881967\n|switch|p1a: Urshifu|Urshifu-Rapid-Strike, L50, M|100/100\n|move|p2a: \u6211\u4e0a\u53bb\u5c31\u662f\u4e00\u98ce|Bleakwind Storm|p1a: Urshifu|[spread] p1a,p1b\n|-supereffective|p1a: Urshifu\n|-damage|p1a: Urshifu|9/100\n|-damage|p1b: Lunala|88/100\n|move|p2b: \u6211\u4e0a\u53bb\u5c31\u662f\u4e00\u5730|Earth Power|p1a: Urshifu\n|-damage|p1a: Urshifu|0 fnt\n|faint|p1a: Urshifu\n|move|p1b: Lunala|Trick Room|p1b: Lunala\n|-fieldstart|move: Trick Room|[of] p1b: Lunala\n|\n|upkeep\n|\n|t:|1770881979\n|switch|p1a: Miraidon|Miraidon, L50|100/100\n|-activate|p1a: Miraidon|ability: Hadron Engine\n|turn|3\n|\n|t:|1770881992\n|move|p2b: \u6211\u4e0a\u53bb\u5c31\u662f\u4e00\u5730|Protect|p2b: \u6211\u4e0a\u53bb\u5c31\u662f\u4e00\u5730\n|-singleturn|p2b: \u6211\u4e0a\u53bb\u5c31\u662f\u4e00\u5730|Protect\n|move|p1b: Lunala|Moongeist Beam|p2b: \u6211\u4e0a\u53bb\u5c31\u662f\u4e00\u5730\n|-activate|p2b: \u6211\u4e0a\u53bb\u5c31\u662f\u4e00\u5730|move: Protect\n|move|p1a: Miraidon|Volt Switch|p2a: \u6211\u4e0a\u53bb\u5c31\u662f\u4e00\u98ce\n|-supereffective|p2a: \u6211\u4e0a\u53bb\u5c31\u662f\u4e00\u98ce\n|-enditem|p2a: \u6211\u4e0a\u53bb\u5c31\u662f\u4e00\u98ce|Focus Sash\n|-damage|p2a: \u6211\u4e0a\u53bb\u5c31\u662f\u4e00\u98ce|1/100\n|-damage|p1a: Miraidon|91/100|[from] item: Life Orb\n|\n|t:|1770882004\n|switch|p1a: Ursaluna|Ursaluna, L50, F|100/100|[from] Volt Switch\n|move|p2a: \u6211\u4e0a\u53bb\u5c31\u662f\u4e00\u98ce|Bleakwind Storm|p1a: Ursaluna|[spread] p1a,p1b\n|-damage|p1a: Ursaluna|68/100\n|-damage|p1b: Lunala|63/100\n|\n|-status|p1a: Ursaluna|brn|[from] item: Flame Orb\n|upkeep\n|turn|4\n|\n|t:|1770882019\n|move|p2b: \u6211\u4e0a\u53bb\u5c31\u662f\u4e00\u5730|Protect|p2b: \u6211\u4e0a\u53bb\u5c31\u662f\u4e00\u5730\n|-singleturn|p2b: \u6211\u4e0a\u53bb\u5c31\u662f\u4e00\u5730|Protect\n|move|p1a: Ursaluna|Facade|p2b: \u6211\u4e0a\u53bb\u5c31\u662f\u4e00\u5730\n|-activate|p2b: \u6211\u4e0a\u53bb\u5c31\u662f\u4e00\u5730|move: Protect\n|move|p1b: Lunala|Moonblast|p2a: \u6211\u4e0a\u53bb\u5c31\u662f\u4e00\u98ce\n|-damage|p2a: \u6211\u4e0a\u53bb\u5c31\u662f\u4e00\u98ce|0 fnt\n|faint|p2a: \u6211\u4e0a\u53bb\u5c31\u662f\u4e00\u98ce\n|\n|-damage|p1a: Ursaluna|62/100 brn|[from] brn\n|-sideend|p2: fs1530|move: Tailwind\n|upkeep\n|\n|t:|1770882033\n|switch|p2a: \u6211\u4e0a\u53bb\u5c31\u662f\u4e00\u573a|Indeedee-F, L50, F, shiny|100/100\n|-fieldstart|move: Psychic Terrain|[from] ability: Psychic Surge|[of] p2a: \u6211\u4e0a\u53bb\u5c31\u662f\u4e00\u573a\n|turn|5\n|\n|t:|1770882054\n|-terastallize|p1b: Lunala|Fairy\n|move|p2a: \u6211\u4e0a\u53bb\u5c31\u662f\u4e00\u573a|Follow Me|p2a: \u6211\u4e0a\u53bb\u5c31\u662f\u4e00\u573a\n|-singleturn|p2a: \u6211\u4e0a\u53bb\u5c31\u662f\u4e00\u573a|move: Follow Me\n|move|p1a: Ursaluna|Facade|p2a: \u6211\u4e0a\u53bb\u5c31\u662f\u4e00\u573a\n|-damage|p2a: \u6211\u4e0a\u53bb\u5c31\u662f\u4e00\u573a|0 fnt\n|-damage|p1a: Ursaluna|46/100 brn|[from] item: Rocky Helmet|[of] p2a: \u6211\u4e0a\u53bb\u5c31\u662f\u4e00\u573a\n|faint|p2a: \u6211\u4e0a\u53bb\u5c31\u662f\u4e00\u573a\n|move|p1b: Lunala|Moonblast|p2b: \u6211\u4e0a\u53bb\u5c31\u662f\u4e00\u5730\n|-damage|p2b: \u6211\u4e0a\u53bb\u5c31\u662f\u4e00\u5730|0 fnt\n|faint|p2b: \u6211\u4e0a\u53bb\u5c31\u662f\u4e00\u5730\n|\n|-damage|p1a: Ursaluna|40/100 brn|[from] brn\n|upkeep\n|\n|t:|1770882063\n|switch|p2b: \u6211\u4e0a\u53bb\u5c31\u662f\u4e00\u77db|Calyrex-Ice, L50|100/100\n|-ability|p2b: \u6211\u4e0a\u53bb\u5c31\u662f\u4e00\u77db|As One\n|-ability|p2b: \u6211\u4e0a\u53bb\u5c31\u662f\u4e00\u77db|Unnerve\n|turn|6\n|\n|t:|1770882075\n|-terastallize|p2b: \u6211\u4e0a\u53bb\u5c31\u662f\u4e00\u77db|Grass\n|move|p1b: Lunala|Wide Guard|p1b: Lunala\n|-singleturn|p1b: Lunala|Wide Guard\n|move|p1a: Ursaluna|Facade|p2b: \u6211\u4e0a\u53bb\u5c31\u662f\u4e00\u77db\n|-damage|p2b: \u6211\u4e0a\u53bb\u5c31\u662f\u4e00\u77db|12/100\n|move|p2b: \u6211\u4e0a\u53bb\u5c31\u662f\u4e00\u77db|Glacial Lance|p1a: Ursaluna|[spread] \n|-activate|p1a: Ursaluna|move: Wide Guard\n|-activate|p1b: Lunala|move: Wide Guard\n|\n|-damage|p1a: Ursaluna|34/100 brn|[from] brn\n|-fieldend|move: Trick Room\n|upkeep\n|turn|7\n|-message|fs1530 forfeited.\n|\n|win|huanyu0.0\n|raw|huanyu0.0's rating: 1358 &rarr; <strong>1381</strong><br />(+23 for winning)\n|raw|fs1530's rating: 1416 &rarr; <strong>1393</strong><br />(-23 for losing)\n|l|\u2606fs1530\n|player|p2|\n|l|\u2606huanyu0.0\n|player|p1|\n","uploadtime":1770882284,"views":9,"formatid":"gen9vgc2026regi","rating":1381,"private":0,"password":null}