{"id":"gen9vgc2026regi-2541439494","format":"[Gen 9] VGC 2026 Reg I","players":["Greg J Alexander","SEITA"],"log":"|j|\u2606Greg J Alexander\n|j|\u2606SEITA\n|t:|1771335333\n|gametype|doubles\n|player|p1|Greg J Alexander|169|1410\n|player|p2|SEITA|lucas-gen4pt|1564\n|gen|9\n|tier|[Gen 9] VGC 2026 Reg I\n|rated|\n|rule|Species Clause: Limit one of each Pok\u00e9mon\n|rule|Item Clause: Limit 1 of each item\n|clearpoke\n|poke|p1|Mimikyu, L50, F|\n|poke|p1|Hariyama, L50, F|\n|poke|p1|Calyrex-Ice, L50|\n|poke|p1|Groudon, L50|\n|poke|p1|Grimmsnarl, L50, M|\n|poke|p1|Clefable, L50, M|\n|poke|p2|Zacian-*, L50|\n|poke|p2|Kyogre, L50|\n|poke|p2|Tornadus, L50, M|\n|poke|p2|Raging Bolt, L50|\n|poke|p2|Landorus, L50, M|\n|poke|p2|Chien-Pao, L50|\n|teampreview|4\n|\n|t:|1771335369\n|teamsize|p1|4\n|teamsize|p2|4\n|start\n|switch|p1a: Grimmsnarl|Grimmsnarl, L50, M|100/100\n|switch|p1b: Groudon|Groudon, L50|100/100\n|switch|p2a: Zacian|Zacian-Crowned, L50|100/100\n|switch|p2b: Chien-Pao|Chien-Pao, L50|100/100\n|-ability|p2a: Zacian|Intrepid Sword|boost\n|-boost|p2a: Zacian|atk|1\n|-ability|p2b: Chien-Pao|Sword of Ruin\n|-weather|SunnyDay|[from] ability: Drought|[of] p1b: Groudon\n|turn|1\n|\n|t:|1771335395\n|switch|p2b: Landorus|Landorus, L50, M|100/100\n|move|p2a: Zacian|Protect|p2a: Zacian\n|-singleturn|p2a: Zacian|Protect\n|move|p1a: Grimmsnarl|Reflect|p1a: Grimmsnarl\n|-sidestart|p1: Greg J Alexander|Reflect\n|move|p1b: Groudon|Precipice Blades|p2b: Landorus|[spread] \n|-activate|p2a: Zacian|move: Protect\n|-immune|p2b: Landorus\n|\n|-weather|SunnyDay|[upkeep]\n|upkeep\n|turn|2\n|\n|t:|1771335426\n|switch|p2a: Kyogre|Kyogre, L50|100/100\n|-weather|RainDance|[from] ability: Drizzle|[of] p2a: Kyogre\n|move|p1a: Grimmsnarl|Light Screen|p1a: Grimmsnarl\n|-sidestart|p1: Greg J Alexander|move: Light Screen\n|move|p2b: Landorus|Sandsear Storm|p1a: Grimmsnarl|[spread] p1a,p1b\n|-damage|p1a: Grimmsnarl|59/100\n|-damage|p1b: Groudon|58/100\n|move|p1b: Groudon|High Horsepower|p2a: Kyogre\n|-damage|p2a: Kyogre|48/100\n|\n|-weather|RainDance|[upkeep]\n|upkeep\n|turn|3\n|\n|t:|1771335449\n|move|p1b: Groudon|Protect|p1b: Groudon\n|-singleturn|p1b: Groudon|Protect\n|move|p2b: Landorus|Sandsear Storm|p1a: Grimmsnarl|[spread] p1a\n|-activate|p1b: Groudon|move: Protect\n|-damage|p1a: Grimmsnarl|21/100\n|move|p2a: Kyogre|Origin Pulse|p1b: Groudon|[spread] p1a\n|-activate|p1b: Groudon|move: Protect\n|-damage|p1a: Grimmsnarl|0 fnt\n|faint|p1a: Grimmsnarl\n|\n|-weather|RainDance|[upkeep]\n|upkeep\n|\n|t:|1771335472\n|switch|p1a: Raider|Calyrex-Ice, L50|100/100\n|-ability|p1a: Raider|As One\n|-ability|p1a: Raider|Unnerve\n|turn|4\n|\n|t:|1771335505\n|switch|p1b: Big Hands|Hariyama, L50, F|100/100\n|-terastallize|p1a: Raider|Water\n|move|p2b: Landorus|Protect|p2b: Landorus\n|-singleturn|p2b: Landorus|Protect\n|move|p2a: Kyogre|Origin Pulse|p1a: Raider|[spread] p1a,p1b\n|-resisted|p1a: Raider\n|-damage|p1a: Raider|82/100\n|-damage|p1b: Big Hands|44/100\n|move|p1a: Raider|Trick Room|p1a: Raider\n|-fieldstart|move: Trick Room|[of] p1a: Raider\n|\n|-weather|RainDance|[upkeep]\n|upkeep\n|turn|5\n|\n|t:|1771335553\n|switch|p2b: Zacian|Zacian-Crowned, L50|100/100\n|move|p1a: Raider|Glacial Lance|p2b: Zacian|[spread] p2a,p2b\n|-resisted|p2a: Kyogre\n|-resisted|p2b: Zacian\n|-damage|p2a: Kyogre|23/100\n|-damage|p2b: Zacian|74/100\n|move|p1b: Big Hands|Close Combat|p2a: Kyogre\n|-damage|p2a: Kyogre|0 fnt\n|-unboost|p1b: Big Hands|def|1\n|-unboost|p1b: Big Hands|spd|1\n|faint|p2a: Kyogre\n|\n|-weather|RainDance|[upkeep]\n|upkeep\n|\n|t:|1771335576\n|switch|p2a: Landorus|Landorus, L50, M|100/100\n|turn|6\n|\n|t:|1771335587\n|-terastallize|p2a: Landorus|Ghost\n|move|p2b: Zacian|Protect|p2b: Zacian\n|-singleturn|p2b: Zacian|Protect\n|move|p1a: Raider|Glacial Lance|p2a: Landorus|[spread] p2a\n|-activate|p2b: Zacian|move: Protect\n|-damage|p2a: Landorus|43/100\n|move|p1b: Big Hands|Close Combat|p2b: Zacian\n|-activate|p2b: Zacian|move: Protect\n|move|p2a: Landorus|Sandsear Storm|p1b: Big Hands|[spread] p1a,p1b\n|-damage|p1a: Raider|51/100\n|-damage|p1b: Big Hands|0 fnt\n|faint|p1b: Big Hands\n|\n|-weather|none\n|upkeep\n|\n|t:|1771335605\n|switch|p1b: Groudon|Groudon, L50|58/100\n|-weather|SunnyDay|[from] ability: Drought|[of] p1b: Groudon\n|turn|7\n|\n|t:|1771335619\n|switch|p2b: Chien-Pao|Chien-Pao, L50|100/100\n|-ability|p2b: Chien-Pao|Sword of Ruin\n|move|p2a: Landorus|Protect|p2a: Landorus\n|-singleturn|p2a: Landorus|Protect\n|move|p1a: Raider|Glacial Lance|p2b: Chien-Pao|[spread] p2b\n|-activate|p2a: Landorus|move: Protect\n|-resisted|p2b: Chien-Pao\n|-damage|p2b: Chien-Pao|62/100\n|move|p1b: Groudon|High Horsepower|p2b: Chien-Pao\n|-crit|p2b: Chien-Pao\n|-damage|p2b: Chien-Pao|0 fnt\n|faint|p2b: Chien-Pao\n|\n|-weather|SunnyDay|[upkeep]\n|upkeep\n|\n|t:|1771335635\n|switch|p2b: Zacian|Zacian-Crowned, L50|74/100\n|turn|8\n|\n|t:|1771335644\n|move|p2a: Landorus|Protect||[still]\n|-fail|p2a: Landorus\n|move|p2b: Zacian|Protect|p2b: Zacian\n|-singleturn|p2b: Zacian|Protect\n|move|p1a: Raider|Glacial Lance|p2a: Landorus|[spread] p2a\n|-activate|p2b: Zacian|move: Protect\n|-damage|p2a: Landorus|0 fnt\n|faint|p2a: Landorus\n|-ability|p1a: Raider|Chilling Neigh|boost\n|-boost|p1a: Raider|atk|1\n|move|p1b: Groudon|High Horsepower|p2b: Zacian\n|-activate|p2b: Zacian|move: Protect\n|\n|-weather|SunnyDay|[upkeep]\n|-sideend|p1: Greg J Alexander|Reflect\n|-fieldend|move: Trick Room\n|upkeep\n|turn|9\n|\n|t:|1771335664\n|move|p2b: Zacian|Behemoth Blade|p1b: Groudon\n|-damage|p1b: Groudon|18/100\n|-enditem|p1b: Groudon|Sitrus Berry|[eat]\n|-heal|p1b: Groudon|43/100|[from] item: Sitrus Berry\n|move|p1b: Groudon|High Horsepower|p2b: Zacian\n|-supereffective|p2b: Zacian\n|-damage|p2b: Zacian|0 fnt\n|faint|p2b: Zacian\n|\n|win|Greg J Alexander\n|raw|Greg J Alexander's rating: 1410 &rarr; <strong>1438</strong><br />(+28 for winning)\n|raw|SEITA's rating: 1564 &rarr; <strong>1536</strong><br />(-28 for losing)\n|l|\u2606SEITA\n|player|p2|\n|l|\u2606Greg J Alexander\n|player|p1|\n","uploadtime":1771335821,"views":63,"formatid":"gen9vgc2026regi","rating":1438,"private":0,"password":null}