{"id":"gen9vgc2026regi-2575220519","format":"[Gen 9] VGC 2026 Reg I","players":["HawakMoAngBrip","Dag291"],"log":"|j|\u2606HawakMoAngBrip\n|j|\u203dDag291\n|t:|1775330313\n|gametype|doubles\n|player|p1|HawakMoAngBrip|170|1429\n|player|p2|Dag291|1|1442\n|gen|9\n|tier|[Gen 9] VGC 2026 Reg I\n|rated|\n|rule|Species Clause: Limit one of each Pok\u00e9mon\n|rule|Item Clause: Limit 1 of each item\n|clearpoke\n|poke|p1|Calyrex-Shadow, L50|\n|poke|p1|Zamazenta-*, L50|\n|poke|p1|Chien-Pao, L50|\n|poke|p1|Dragonite, L50, M|\n|poke|p1|Ogerpon-Cornerstone, L50, F|\n|poke|p1|Amoonguss, L50, F|\n|poke|p2|Tornadus, L50, M|\n|poke|p2|Incineroar, L50, M|\n|poke|p2|Kyogre, L50|\n|poke|p2|Zacian-*, L50|\n|poke|p2|Rillaboom, L50, F|\n|poke|p2|Landorus, L50, M|\n|teampreview|4\n|inactive|Battle timer is ON: inactive players will automatically lose when time's up. (requested by Dag291)\n|inactive|HawakMoAngBrip has 60 seconds left.\n|inactive|HawakMoAngBrip has 30 seconds left.\n|\n|t:|1775330388\n|teamsize|p1|4\n|teamsize|p2|4\n|start\n|switch|p1a: Calyrex|Calyrex-Shadow, L50|100/100\n|switch|p1b: Zamazenta|Zamazenta-Crowned, L50|100/100\n|switch|p2a: Zacian|Zacian-Crowned, L50|100/100\n|switch|p2b: Tornadus|Tornadus, L50, M|100/100\n|-ability|p1a: Calyrex|As One\n|-ability|p1a: Calyrex|Unnerve\n|-ability|p2a: Zacian|Intrepid Sword|boost\n|-boost|p2a: Zacian|atk|1\n|-ability|p1b: Zamazenta|Dauntless Shield|boost\n|-boost|p1b: Zamazenta|def|1\n|turn|1\n|\n|t:|1775330403\n|move|p2b: Tornadus|Tailwind|p2b: Tornadus\n|-sidestart|p2: Dag291|move: Tailwind\n|move|p2a: Zacian|Behemoth Blade|p1a: Calyrex\n|-damage|p1a: Calyrex|6/100\n|move|p1a: Calyrex|Astral Barrage|p2a: Zacian|[spread] p2a,p2b\n|-damage|p2a: Zacian|55/100\n|-damage|p2b: Tornadus|39/100\n|move|p1b: Zamazenta|Body Press|p2a: Zacian\n|-crit|p2a: Zacian\n|-damage|p2a: Zacian|0 fnt\n|faint|p2a: Zacian\n|\n|upkeep\n|\n|t:|1775330411\n|switch|p2a: Kyogre|Kyogre, L50|100/100\n|-weather|RainDance|[from] ability: Drizzle|[of] p2a: Kyogre\n|turn|2\n|\n|t:|1775330419\n|move|p1a: Calyrex|Protect|p1a: Calyrex\n|-singleturn|p1a: Calyrex|Protect\n|move|p1b: Zamazenta|Protect|p1b: Zamazenta\n|-singleturn|p1b: Zamazenta|Protect\n|move|p2b: Tornadus|Bleakwind Storm|p1a: Calyrex|[spread] \n|-activate|p1a: Calyrex|move: Protect\n|-activate|p1b: Zamazenta|move: Protect\n|move|p2a: Kyogre|Hydro Pump|p1a: Calyrex\n|-activate|p1a: Calyrex|move: Protect\n|\n|-weather|RainDance|[upkeep]\n|upkeep\n|turn|3\n|\n|t:|1775330435\n|switch|p1a: Invincible|Chien-Pao, L50|100/100\n|-ability|p1a: Invincible|Sword of Ruin\n|-terastallize|p1b: Zamazenta|Water\n|move|p2b: Tornadus|Bleakwind Storm|p1b: Zamazenta|[spread] p1a,p1b\n|-damage|p1a: Invincible|67/100\n|-damage|p1b: Zamazenta|74/100\n|move|p2a: Kyogre|Hydro Pump|p1a: Invincible\n|-damage|p1a: Invincible|0 fnt\n|faint|p1a: Invincible\n|move|p1b: Zamazenta|Body Press|p2a: Kyogre\n|-damage|p2a: Kyogre|29/100\n|\n|-weather|RainDance|[upkeep]\n|upkeep\n|\n|t:|1775330449\n|switch|p1a: Calyrex|Calyrex-Shadow, L50|6/100\n|-ability|p1a: Calyrex|As One\n|-ability|p1a: Calyrex|Unnerve\n|turn|4\n|\n|t:|1775330461\n|switch|p2a: Incineroar|Incineroar, L50, M|100/100\n|-ability|p2a: Incineroar|Intimidate|boost\n|-unboost|p1a: Calyrex|atk|1\n|-unboost|p1b: Zamazenta|atk|1\n|move|p2b: Tornadus|Protect|p2b: Tornadus\n|-singleturn|p2b: Tornadus|Protect\n|move|p1a: Calyrex|Protect|p1a: Calyrex\n|-singleturn|p1a: Calyrex|Protect\n|move|p1b: Zamazenta|Heavy Slam|p2b: Tornadus\n|-activate|p2b: Tornadus|move: Protect\n|\n|-weather|RainDance|[upkeep]\n|-sideend|p2: Dag291|move: Tailwind\n|upkeep\n|turn|5\n|\n|t:|1775330475\n|move|p2b: Tornadus|Tailwind|p2b: Tornadus\n|-sidestart|p2: Dag291|move: Tailwind\n|move|p1a: Calyrex|Astral Barrage|p2a: Incineroar|[spread] p2a,p2b\n|-resisted|p2a: Incineroar\n|-damage|p2a: Incineroar|81/100\n|-damage|p2b: Tornadus|0 fnt\n|faint|p2b: Tornadus\n|-ability|p1a: Calyrex|Grim Neigh|boost\n|-boost|p1a: Calyrex|spa|1\n|move|p2a: Incineroar|Knock Off|p1a: Calyrex\n|-supereffective|p1a: Calyrex\n|-damage|p1a: Calyrex|0 fnt\n|-enditem|p1a: Calyrex|Focus Sash|[from] move: Knock Off|[of] p2a: Incineroar\n|faint|p1a: Calyrex\n|move|p1b: Zamazenta|Body Press|p2a: Incineroar\n|-supereffective|p2a: Incineroar\n|-damage|p2a: Incineroar|0 fnt\n|faint|p2a: Incineroar\n|\n|-weather|RainDance|[upkeep]\n|upkeep\n|\n|t:|1775330486\n|switch|p1a: Ogerpon|Ogerpon-Cornerstone, L50, F|100/100\n|switch|p2b: Kyogre|Kyogre, L50|29/100\n|turn|6\n|\n|t:|1775330491\n|-terastallize|p2b: Kyogre|Electric\n|move|p1a: Ogerpon|Spiky Shield|p1a: Ogerpon\n|-singleturn|p1a: Ogerpon|move: Protect\n|move|p1b: Zamazenta|Protect|p1b: Zamazenta\n|-singleturn|p1b: Zamazenta|Protect\n|move|p2b: Kyogre|Origin Pulse|p1b: Zamazenta|[spread] \n|-activate|p1a: Ogerpon|move: Protect\n|-activate|p1b: Zamazenta|move: Protect\n|\n|-weather|none\n|upkeep\n|turn|7\n|\n|t:|1775330504\n|move|p2b: Kyogre|Hydro Pump|p1a: Ogerpon\n|-damage|p1a: Ogerpon|2/100\n|move|p1a: Ogerpon|Ivy Cudgel|p2b: Kyogre|[anim] Ivy Cudgel Rock\n|-crit|p2b: Kyogre\n|-damage|p2b: Kyogre|0 fnt\n|faint|p2b: Kyogre\n|\n|win|HawakMoAngBrip\n|raw|HawakMoAngBrip's rating: 1429 &rarr; <strong>1450</strong><br />(+21 for winning)\n|raw|Dag291's rating: 1442 &rarr; <strong>1421</strong><br />(-21 for losing)\n","uploadtime":1775330511,"views":16,"formatid":"gen9vgc2026regi","rating":1421,"private":0,"password":null}