{"id":"gen9vgc2026regi-2561229420","format":"[Gen 9] VGC 2026 Reg I","players":["jonen","theboxfather"],"log":"|j|\u2606jonen\n|j|\u2606theboxfather\n|t:|1773775448\n|gametype|doubles\n|player|p1|jonen|medium|1339\n|player|p2|theboxfather|265|1275\n|gen|9\n|tier|[Gen 9] VGC 2026 Reg I\n|rated|\n|rule|Species Clause: Limit one of each Pok\u00e9mon\n|rule|Item Clause: Limit 1 of each item\n|clearpoke\n|poke|p1|Groudon, L50|\n|poke|p1|Chi-Yu, L50|\n|poke|p1|Flutter Mane, L50|\n|poke|p1|Raging Bolt, L50|\n|poke|p1|Calyrex-Ice, L50|\n|poke|p1|Jumpluff, L50, M|\n|poke|p2|Koraidon, L50|\n|poke|p2|Raging Bolt, L50|\n|poke|p2|Ho-Oh, L50|\n|poke|p2|Iron Treads, L50|\n|poke|p2|Incineroar, L50, F|\n|poke|p2|Flutter Mane, L50|\n|teampreview|4\n|\n|t:|1773775490\n|teamsize|p1|4\n|teamsize|p2|4\n|start\n|switch|p1a: Groudon|Groudon, L50|100/100\n|switch|p1b: Jumpluff|Jumpluff, L50, M|100/100\n|switch|p2a: Flutter Mane|Flutter Mane, L50|100/100\n|switch|p2b: Incineroar|Incineroar, L50, F|100/100\n|-weather|SunnyDay|[from] ability: Drought|[of] p1a: Groudon\n|-activate|p2a: Flutter Mane|ability: Protosynthesis\n|-start|p2a: Flutter Mane|protosynthesisspe\n|-ability|p2b: Incineroar|Intimidate|boost\n|-unboost|p1a: Groudon|atk|1\n|-unboost|p1b: Jumpluff|atk|1\n|turn|1\n|\n|t:|1773775519\n|move|p1b: Jumpluff|Sleep Powder|p2a: Flutter Mane\n|-status|p2a: Flutter Mane|slp|[from] move: Sleep Powder\n|cant|p2a: Flutter Mane|slp\n|move|p1a: Groudon|Precipice Blades|p2a: Flutter Mane|[spread] p2a,p2b\n|-supereffective|p2b: Incineroar\n|-damage|p2a: Flutter Mane|30/100 slp\n|-damage|p2b: Incineroar|44/100\n|move|p2b: Incineroar|Will-O-Wisp|p1a: Groudon\n|-status|p1a: Groudon|brn\n|\n|-weather|SunnyDay|[upkeep]\n|-damage|p1a: Groudon|94/100 brn|[from] brn\n|upkeep\n|turn|2\n|\n|t:|1773775544\n|-end|p2a: Flutter Mane|Protosynthesis|[silent]\n|switch|p2a: Ho-Oh|Ho-Oh, L50|100/100\n|move|p1b: Jumpluff|Encore|p2b: Incineroar\n|-start|p2b: Incineroar|Encore\n|move|p1a: Groudon|Heat Crash|p2a: Ho-Oh\n|-resisted|p2a: Ho-Oh\n|-damage|p2a: Ho-Oh|93/100\n|move|p2b: Incineroar|Will-O-Wisp|p1b: Jumpluff\n|-status|p1b: Jumpluff|brn\n|\n|-weather|SunnyDay|[upkeep]\n|-damage|p1b: Jumpluff|95/100 brn|[from] brn\n|-damage|p1a: Groudon|88/100 brn|[from] brn\n|upkeep\n|turn|3\n|\n|t:|1773775562\n|switch|p1a: Raging Bolt|Raging Bolt, L50|100/100\n|-activate|p1a: Raging Bolt|ability: Protosynthesis\n|-start|p1a: Raging Bolt|protosynthesisspa\n|switch|p2b: Flutter Mane|Flutter Mane, L50|30/100 slp\n|-activate|p2b: Flutter Mane|ability: Protosynthesis\n|-start|p2b: Flutter Mane|protosynthesisspe\n|move|p1b: Jumpluff|Sleep Powder|p2a: Ho-Oh\n|-status|p2a: Ho-Oh|slp|[from] move: Sleep Powder\n|cant|p2a: Ho-Oh|slp\n|\n|-weather|SunnyDay|[upkeep]\n|-damage|p1b: Jumpluff|89/100 brn|[from] brn\n|upkeep\n|turn|4\n|\n|t:|1773775600\n|switch|p2a: Incineroar|Incineroar, L50, F|44/100\n|-ability|p2a: Incineroar|Intimidate|boost\n|-unboost|p1a: Raging Bolt|atk|1\n|-unboost|p1b: Jumpluff|atk|1\n|move|p1b: Jumpluff|Tailwind|p1b: Jumpluff\n|-sidestart|p1: jonen|move: Tailwind\n|cant|p2b: Flutter Mane|slp\n|move|p1a: Raging Bolt|Thunderbolt|p2a: Incineroar\n|-damage|p2a: Incineroar|0 fnt\n|faint|p2a: Incineroar\n|-damage|p1a: Raging Bolt|91/100|[from] item: Life Orb\n|\n|-weather|SunnyDay|[upkeep]\n|-damage|p1b: Jumpluff|83/100 brn|[from] brn\n|upkeep\n|\n|t:|1773775617\n|switch|p2a: Koraidon|Koraidon, L50|100/100\n|-activate|p2a: Koraidon|ability: Orichalcum Pulse\n|turn|5\n|\n|t:|1773775626\n|move|p2a: Koraidon|Protect|p2a: Koraidon\n|-singleturn|p2a: Koraidon|Protect\n|move|p1a: Raging Bolt|Thunderclap|p2b: Flutter Mane\n|-damage|p2b: Flutter Mane|0 fnt\n|faint|p2b: Flutter Mane\n|-end|p2b: Flutter Mane|Protosynthesis|[silent]\n|-damage|p1a: Raging Bolt|81/100|[from] item: Life Orb\n|move|p1b: Jumpluff|Sleep Powder|p2a: Koraidon\n|-activate|p2a: Koraidon|move: Protect\n|\n|-weather|none\n|-end|p1a: Raging Bolt|Protosynthesis\n|-damage|p1b: Jumpluff|78/100 brn|[from] brn\n|upkeep\n|\n|t:|1773775639\n|switch|p2b: Ho-Oh|Ho-Oh, L50|100/100 slp\n|turn|6\n|\n|t:|1773775649\n|move|p1b: Jumpluff|Encore|p2a: Koraidon\n|-start|p2a: Koraidon|Encore\n|move|p1a: Raging Bolt|Thunderbolt|p2b: Ho-Oh\n|-supereffective|p2b: Ho-Oh\n|-damage|p2b: Ho-Oh|19/100 slp\n|-damage|p1a: Raging Bolt|71/100|[from] item: Life Orb\n|move|p2a: Koraidon|Protect||[still]\n|-fail|p2a: Koraidon\n|cant|p2b: Ho-Oh|slp\n|\n|-damage|p1b: Jumpluff|72/100 brn|[from] brn\n|upkeep\n|turn|7\n|-message|theboxfather forfeited.\n|\n|win|jonen\n|raw|jonen's rating: 1339 &rarr; <strong>1355</strong><br />(+16 for winning)\n|raw|theboxfather's rating: 1275 &rarr; <strong>1255</strong><br />(-20 for losing)\n","uploadtime":1773775661,"views":10,"formatid":"gen9vgc2026regi","rating":1255,"private":0,"password":null}