{"id":"gen9vgc2026regi-2557429611","format":"[Gen 9] VGC 2026 Reg I","players":["blackred123","GucciSoup"],"log":"|j|\u2606blackred123\n|j|\u2606GucciSoup\n|t:|1773325132\n|gametype|doubles\n|player|p1|blackred123|iono-masters|1445\n|player|p2|GucciSoup|wallace|1478\n|gen|9\n|tier|[Gen 9] VGC 2026 Reg I\n|rated|\n|rule|Species Clause: Limit one of each Pok\u00e9mon\n|rule|Item Clause: Limit 1 of each item\n|clearpoke\n|poke|p1|Groudon, L50|\n|poke|p1|Volcarona, L50, F|\n|poke|p1|Incineroar, L50, M|\n|poke|p1|Miraidon, L50|\n|poke|p1|Flutter Mane, L50|\n|poke|p1|Chien-Pao, L50|\n|poke|p2|Grimmsnarl, L50, M|\n|poke|p2|Okidogi, L50, M|\n|poke|p2|Incineroar, L50, F|\n|poke|p2|Iron Valiant, L50|\n|poke|p2|Calyrex-Ice, L50|\n|poke|p2|Miraidon, L50|\n|teampreview|4\n|inactive|Battle timer is ON: inactive players will automatically lose when time's up. (requested by blackred123)\n|\n|t:|1773325179\n|teamsize|p1|4\n|teamsize|p2|4\n|start\n|switch|p1a: \u6c38\u96cf\u5854\u83f2|Groudon, L50|100/100\n|switch|p1b: \u94f6\u91d1\u5996\u86c7|Miraidon, L50, shiny|100/100\n|switch|p2a: Mista J|Grimmsnarl, L50, M, shiny|100/100\n|switch|p2b: Wrathsuptin|Incineroar, L50, F, shiny|100/100\n|-fieldstart|move: Electric Terrain|[from] ability: Hadron Engine|[of] p1b: \u94f6\u91d1\u5996\u86c7\n|-weather|SunnyDay|[from] ability: Drought|[of] p1a: \u6c38\u96cf\u5854\u83f2\n|-ability|p2b: Wrathsuptin|Intimidate|boost\n|-unboost|p1a: \u6c38\u96cf\u5854\u83f2|atk|1\n|-unboost|p1b: \u94f6\u91d1\u5996\u86c7|atk|1\n|turn|1\n|\n|t:|1773325194\n|-terastallize|p1b: \u94f6\u91d1\u5996\u86c7|Fairy\n|move|p2b: Wrathsuptin|Fake Out|p1b: \u94f6\u91d1\u5996\u86c7\n|-damage|p1b: \u94f6\u91d1\u5996\u86c7|92/100\n|move|p2a: Mista J|Reflect|p2a: Mista J\n|-sidestart|p2: GucciSoup|Reflect\n|cant|p1b: \u94f6\u91d1\u5996\u86c7|flinch\n|move|p1a: \u6c38\u96cf\u5854\u83f2|Precipice Blades|p2a: Mista J|[spread] p2a,p2b\n|-supereffective|p2b: Wrathsuptin\n|-damage|p2a: Mista J|78/100\n|-damage|p2b: Wrathsuptin|62/100\n|\n|-weather|SunnyDay|[upkeep]\n|upkeep\n|turn|2\n|\n|t:|1773325209\n|move|p2a: Mista J|Light Screen|p2a: Mista J\n|-sidestart|p2: GucciSoup|move: Light Screen\n|move|p1b: \u94f6\u91d1\u5996\u86c7|Electro Drift|p2b: Wrathsuptin\n|-damage|p2b: Wrathsuptin|9/100\n|move|p1a: \u6c38\u96cf\u5854\u83f2|Precipice Blades|p2a: Mista J|[spread] p2a,p2b\n|-supereffective|p2b: Wrathsuptin\n|-damage|p2a: Mista J|55/100\n|-damage|p2b: Wrathsuptin|0 fnt\n|faint|p2b: Wrathsuptin\n|\n|-weather|SunnyDay|[upkeep]\n|upkeep\n|\n|t:|1773325219\n|switch|p2b: Cryotherapy|Calyrex-Ice, L50|100/100\n|-ability|p2b: Cryotherapy|As One\n|-ability|p2b: Cryotherapy|Unnerve\n|turn|3\n|\n|t:|1773325231\n|switch|p1b: \u629b\u4e0b\u864e\u54e5\u5578\u7a74|Incineroar, L50, M|100/100\n|-ability|p1b: \u629b\u4e0b\u864e\u54e5\u5578\u7a74|Intimidate|boost\n|-unboost|p2a: Mista J|atk|1\n|-fail|p2b: Cryotherapy|unboost|[from] item: Clear Amulet|[of] p2b: Cryotherapy\n|switch|p1a: \u516d\u7ffc\u4e01\u771f|Volcarona, L50, F|100/100\n|-enditem|p1a: \u516d\u7ffc\u4e01\u771f|Electric Seed\n|-boost|p1a: \u516d\u7ffc\u4e01\u771f|def|1|[from] item: Electric Seed\n|move|p2a: Mista J|Thunder Wave|p1b: \u629b\u4e0b\u864e\u54e5\u5578\u7a74\n|-hint|Since gen 7, Dark is immune to Prankster moves.\n|-immune|p1b: \u629b\u4e0b\u864e\u54e5\u5578\u7a74\n|move|p2b: Cryotherapy|Glacial Lance|p1a: \u516d\u7ffc\u4e01\u771f|[spread] p1a,p1b\n|-resisted|p1a: \u516d\u7ffc\u4e01\u771f\n|-resisted|p1b: \u629b\u4e0b\u864e\u54e5\u5578\u7a74\n|-damage|p1a: \u516d\u7ffc\u4e01\u771f|79/100\n|-damage|p1b: \u629b\u4e0b\u864e\u54e5\u5578\u7a74|82/100\n|\n|-weather|SunnyDay|[upkeep]\n|upkeep\n|turn|4\n|inactive|blackred123 has 30 seconds left.\n|\n|t:|1773325256\n|-terastallize|p2b: Cryotherapy|Fire\n|move|p1a: \u516d\u7ffc\u4e01\u771f|Quiver Dance|p1a: \u516d\u7ffc\u4e01\u771f\n|-boost|p1a: \u516d\u7ffc\u4e01\u771f|spa|1\n|-boost|p1a: \u516d\u7ffc\u4e01\u771f|spd|1\n|-boost|p1a: \u516d\u7ffc\u4e01\u771f|spe|1\n|move|p2b: Cryotherapy|Leech Seed|p1a: \u516d\u7ffc\u4e01\u771f\n|-start|p1a: \u516d\u7ffc\u4e01\u771f|move: Leech Seed\n|move|p1b: \u629b\u4e0b\u864e\u54e5\u5578\u7a74|Flare Blitz|p2a: Mista J\n|-damage|p2a: Mista J|10/100\n|-damage|p1b: \u629b\u4e0b\u864e\u54e5\u5578\u7a74|67/100|[from] Recoil\n|move|p2a: Mista J|Spirit Break|p1a: \u516d\u7ffc\u4e01\u771f\n|-resisted|p1a: \u516d\u7ffc\u4e01\u771f\n|-damage|p1a: \u516d\u7ffc\u4e01\u771f|70/100\n|-unboost|p1a: \u516d\u7ffc\u4e01\u771f|spa|1\n|\n|-weather|SunnyDay|[upkeep]\n|-damage|p1a: \u516d\u7ffc\u4e01\u771f|58/100|[from] Leech Seed|[of] p2b: Cryotherapy\n|upkeep\n|turn|5\n|inactive|blackred123 has 30 seconds left.\n|\n|t:|1773325281\n|move|p2a: Mista J|Thunder Wave|p1a: \u516d\u7ffc\u4e01\u771f\n|-status|p1a: \u516d\u7ffc\u4e01\u771f|par\n|move|p1a: \u516d\u7ffc\u4e01\u771f|Fiery Dance|p2a: Mista J\n|-damage|p2a: Mista J|0 fnt\n|-boost|p1a: \u516d\u7ffc\u4e01\u771f|spa|1\n|faint|p2a: Mista J\n|move|p2b: Cryotherapy|Glacial Lance|p1b: \u629b\u4e0b\u864e\u54e5\u5578\u7a74|[spread] p1a,p1b\n|-resisted|p1a: \u516d\u7ffc\u4e01\u771f\n|-resisted|p1b: \u629b\u4e0b\u864e\u54e5\u5578\u7a74\n|-damage|p1a: \u516d\u7ffc\u4e01\u771f|35/100 par\n|-damage|p1b: \u629b\u4e0b\u864e\u54e5\u5578\u7a74|50/100\n|move|p1b: \u629b\u4e0b\u864e\u54e5\u5578\u7a74|Knock Off|p2b: Cryotherapy\n|-damage|p2b: Cryotherapy|86/100\n|-enditem|p2b: Cryotherapy|Clear Amulet|[from] move: Knock Off|[of] p1b: \u629b\u4e0b\u864e\u54e5\u5578\u7a74\n|\n|-weather|none\n|-damage|p1a: \u516d\u7ffc\u4e01\u771f|23/100 par|[from] Leech Seed|[of] p2b: Cryotherapy\n|-heal|p2b: Cryotherapy|97/100|[silent]\n|-fieldend|move: Electric Terrain\n|upkeep\n|\n|t:|1773325294\n|switch|p2a: Cyberpunk|Iron Valiant, L50|100/100\n|-enditem|p2a: Cyberpunk|Booster Energy\n|-activate|p2a: Cyberpunk|ability: Quark Drive|[fromitem]\n|-start|p2a: Cyberpunk|quarkdrivespe\n|turn|6\n|\n|t:|1773325302\n|move|p2a: Cyberpunk|Coaching|p2b: Cryotherapy\n|-boost|p2b: Cryotherapy|atk|1\n|-boost|p2b: Cryotherapy|def|1\n|move|p1a: \u516d\u7ffc\u4e01\u771f|Fiery Dance|p2a: Cyberpunk\n|-damage|p2a: Cyberpunk|34/100\n|-boost|p1a: \u516d\u7ffc\u4e01\u771f|spa|1\n|move|p2b: Cryotherapy|Glacial Lance|p1a: \u516d\u7ffc\u4e01\u771f|[spread] p1a,p1b\n|-resisted|p1a: \u516d\u7ffc\u4e01\u771f\n|-resisted|p1b: \u629b\u4e0b\u864e\u54e5\u5578\u7a74\n|-damage|p1a: \u516d\u7ffc\u4e01\u771f|0 fnt\n|-damage|p1b: \u629b\u4e0b\u864e\u54e5\u5578\u7a74|25/100\n|faint|p1a: \u516d\u7ffc\u4e01\u771f\n|-ability|p2b: Cryotherapy|Chilling Neigh|boost\n|-boost|p2b: Cryotherapy|atk|1\n|move|p1b: \u629b\u4e0b\u864e\u54e5\u5578\u7a74|Knock Off|p2a: Cyberpunk\n|-resisted|p2a: Cyberpunk\n|-damage|p2a: Cyberpunk|30/100\n|\n|upkeep\n|\n|t:|1773325316\n|switch|p1a: \u94f6\u91d1\u5996\u86c7|Miraidon, L50, shiny, tera:Fairy|92/100\n|-fieldstart|move: Electric Terrain|[from] ability: Hadron Engine|[of] p1a: \u94f6\u91d1\u5996\u86c7\n|turn|7\n|inactive|blackred123 has 30 seconds left.\n|\n|t:|1773325342\n|move|p2a: Cyberpunk|Moonblast|p1b: \u629b\u4e0b\u864e\u54e5\u5578\u7a74\n|-damage|p1b: \u629b\u4e0b\u864e\u54e5\u5578\u7a74|0 fnt\n|faint|p1b: \u629b\u4e0b\u864e\u54e5\u5578\u7a74\n|move|p1a: \u94f6\u91d1\u5996\u86c7|Electro Drift|p2b: Cryotherapy\n|-damage|p2b: Cryotherapy|61/100\n|move|p2b: Cryotherapy|Glacial Lance|p1a: \u94f6\u91d1\u5996\u86c7\n|-damage|p1a: \u94f6\u91d1\u5996\u86c7|0 fnt\n|faint|p1a: \u94f6\u91d1\u5996\u86c7\n|-ability|p2b: Cryotherapy|Chilling Neigh|boost\n|-boost|p2b: Cryotherapy|atk|1\n|\n|upkeep\n|\n|t:|1773325346\n|switch|p1b: \u6c38\u96cf\u5854\u83f2|Groudon, L50|100/100\n|-weather|SunnyDay|[from] ability: Drought|[of] p1b: \u6c38\u96cf\u5854\u83f2\n|turn|8\n|j| kunkakunkaikakusai\n|\n|t:|1773325368\n|move|p2a: Cyberpunk|Wide Guard|p2a: Cyberpunk\n|-singleturn|p2a: Cyberpunk|Wide Guard\n|move|p1b: \u6c38\u96cf\u5854\u83f2|High Horsepower|p2b: Cryotherapy\n|-supereffective|p2b: Cryotherapy\n|-damage|p2b: Cryotherapy|30/100\n|move|p2b: Cryotherapy|Glacial Lance|p1b: \u6c38\u96cf\u5854\u83f2\n|-supereffective|p1b: \u6c38\u96cf\u5854\u83f2\n|-damage|p1b: \u6c38\u96cf\u5854\u83f2|0 fnt\n|faint|p1b: \u6c38\u96cf\u5854\u83f2\n|\n|win|GucciSoup\n|raw|blackred123's rating: 1445 &rarr; <strong>1427</strong><br />(-18 for losing)\n|raw|GucciSoup's rating: 1478 &rarr; <strong>1496</strong><br />(+18 for winning)\n|l|\u2606blackred123\n|player|p1|\n|l|\u2606GucciSoup\n|player|p2|\n","uploadtime":1773325610,"views":12,"formatid":"gen9vgc2026regi","rating":1427,"private":0,"password":null}