{"id":"gen9vgc2026regi-2564866402","format":"[Gen 9] VGC 2026 Reg I","players":["Jonen","Ritmonardo"],"log":"|j|\u2606Jonen\n|j|\u2606Ritmonardo\n|t:|1774205390\n|gametype|doubles\n|player|p1|Jonen|hiker-gen4|1349\n|player|p2|Ritmonardo|1|1289\n|gen|9\n|tier|[Gen 9] VGC 2026 Reg I\n|rated|\n|rule|Species Clause: Limit one of each Pok\u00e9mon\n|rule|Item Clause: Limit 1 of each item\n|clearpoke\n|poke|p1|Zacian-*, L50|\n|poke|p1|Kyogre, L50|\n|poke|p1|Iron Hands, L50|\n|poke|p1|Amoonguss, L50, M|\n|poke|p1|Whimsicott, L50, M|\n|poke|p1|Ditto, L50|\n|poke|p2|Calyrex-Shadow, L50|\n|poke|p2|Weezing-Galar, L50, F|\n|poke|p2|Whimsicott, L50, M|\n|poke|p2|Urshifu-*, L50, F|\n|poke|p2|Incineroar, L50, M|\n|poke|p2|Flutter Mane, L50|\n|teampreview|4\n|\n|t:|1774205501\n|teamsize|p1|4\n|teamsize|p2|4\n|start\n|switch|p1a: Zacian|Zacian-Crowned, L50|100/100\n|switch|p1b: Iron Hands|Iron Hands, L50|100/100\n|switch|p2a: Whimsicott|Whimsicott, L50, M|100/100\n|switch|p2b: Urshifu|Urshifu-Rapid-Strike, L50, F|100/100\n|-ability|p1a: Zacian|Intrepid Sword|boost\n|-boost|p1a: Zacian|atk|1\n|turn|1\n|\n|t:|1774205535\n|switch|p2b: Calyrex|Calyrex-Shadow, L50|100/100\n|-ability|p2b: Calyrex|As One\n|-ability|p2b: Calyrex|Unnerve\n|move|p1b: Iron Hands|Fake Out|p2b: Calyrex\n|-immune|p2b: Calyrex\n|move|p2a: Whimsicott|Tailwind|p2a: Whimsicott\n|-sidestart|p2: Ritmonardo|move: Tailwind\n|move|p1a: Zacian|Behemoth Blade|p2a: Whimsicott\n|-supereffective|p2a: Whimsicott\n|-damage|p2a: Whimsicott|0 fnt\n|faint|p2a: Whimsicott\n|\n|upkeep\n|\n|t:|1774205549\n|switch|p2a: Urshifu|Urshifu-Rapid-Strike, L50, F|100/100\n|turn|2\n|inactive|Battle timer is ON: inactive players will automatically lose when time's up. (requested by Ritmonardo)\n|\n|t:|1774205599\n|move|p2a: Urshifu|Surging Strikes|p1a: Zacian\n|-crit|p1a: Zacian\n|-damage|p1a: Zacian|83/100\n|-crit|p1a: Zacian\n|-damage|p1a: Zacian|64/100\n|-crit|p1a: Zacian\n|-damage|p1a: Zacian|47/100\n|-hitcount|p1a: Zacian|3\n|move|p2b: Calyrex|Astral Barrage|p1a: Zacian|[spread] p1a,p1b\n|-damage|p1a: Zacian|0 fnt\n|-damage|p1b: Iron Hands|61/100\n|faint|p1a: Zacian\n|-ability|p2b: Calyrex|Grim Neigh|boost\n|-boost|p2b: Calyrex|spa|1\n|-damage|p2b: Calyrex|91/100|[from] item: Life Orb\n|move|p1b: Iron Hands|Volt Switch|p2b: Calyrex\n|-damage|p2b: Calyrex|77/100\n|\n|t:|1774205610\n|-end|p1b: Iron Hands|Quark Drive|[silent]\n|switch|p1b: Kyogre|Kyogre, L50|100/100|[from] Volt Switch\n|-weather|RainDance|[from] ability: Drizzle|[of] p1b: Kyogre\n|\n|-weather|RainDance|[upkeep]\n|upkeep\n|\n|t:|1774205613\n|switch|p1a: Ditto|Ditto, L50|100/100\n|-transform|p1a: Ditto|p2b: Calyrex|[from] ability: Imposter\n|-ability|p1a: Ditto|As One\n|-ability|p1a: Ditto|Unnerve\n|turn|3\n|\n|t:|1774205631\n|-terastallize|p2a: Urshifu|Water\n|move|p2a: Urshifu|Surging Strikes|p1a: Ditto\n|-crit|p1a: Ditto\n|-damage|p1a: Ditto|42/100\n|-crit|p1a: Ditto\n|-damage|p1a: Ditto|0 fnt\n|faint|p1a: Ditto\n|-hitcount|p1: Ditto|2\n|move|p2b: Calyrex|Astral Barrage|p1b: Kyogre\n|-damage|p1b: Kyogre|10/100\n|-damage|p2b: Calyrex|68/100|[from] item: Life Orb\n|move|p1b: Kyogre|Origin Pulse|p2b: Calyrex|[spread] p2a,p2b\n|-resisted|p2a: Urshifu\n|-damage|p2a: Urshifu|33/100\n|-damage|p2b: Calyrex|0 fnt\n|faint|p2b: Calyrex\n|\n|-weather|RainDance|[upkeep]\n|upkeep\n|\n|t:|1774205646\n|switch|p2b: Flutter Mane|Flutter Mane, L50|100/100\n|switch|p1a: Iron Hands|Iron Hands, L50|61/100\n|-enditem|p2b: Flutter Mane|Booster Energy\n|-activate|p2b: Flutter Mane|ability: Protosynthesis|[fromitem]\n|-start|p2b: Flutter Mane|protosynthesisspe\n|turn|4\n|\n|t:|1774205655\n|move|p1b: Kyogre|Protect|p1b: Kyogre\n|-singleturn|p1b: Kyogre|Protect\n|move|p1a: Iron Hands|Fake Out|p2a: Urshifu\n|-damage|p2a: Urshifu|18/100\n|move|p2b: Flutter Mane|Dazzling Gleam|p1a: Iron Hands|[spread] p1a\n|-activate|p1b: Kyogre|move: Protect\n|-supereffective|p1a: Iron Hands\n|-damage|p1a: Iron Hands|30/100\n|cant|p2a: Urshifu|flinch\n|\n|-weather|RainDance|[upkeep]\n|-sideend|p2: Ritmonardo|move: Tailwind\n|upkeep\n|turn|5\n|\n|t:|1774205669\n|-terastallize|p1a: Iron Hands|Bug\n|move|p2b: Flutter Mane|Dazzling Gleam|p1a: Iron Hands|[spread] p1a,p1b\n|-damage|p1a: Iron Hands|16/100\n|-damage|p1b: Kyogre|0 fnt\n|faint|p1b: Kyogre\n|move|p2a: Urshifu|Surging Strikes|p1a: Iron Hands\n|-crit|p1a: Iron Hands\n|-damage|p1a: Iron Hands|0 fnt\n|faint|p1a: Iron Hands\n|-end|p1a: Iron Hands|Quark Drive|[silent]\n|-hitcount|p1: Iron Hands|1\n|\n|win|Ritmonardo\n|raw|Jonen's rating: 1349 &rarr; <strong>1326</strong><br />(-23 for losing)\n|raw|Ritmonardo's rating: 1289 &rarr; <strong>1318</strong><br />(+29 for winning)\n","uploadtime":1774205670,"views":10,"formatid":"gen9vgc2026regi","rating":1318,"private":0,"password":null}