{"id":"gen9vgc2026regi-2544577996","format":"[Gen 9] VGC 2026 Reg I","players":["JustAnAlpaca<3","Cello L."],"log":"|j|\u2606JustAnAlpaca<3\n|j|\u2606Cello L.\n|t:|1771724168\n|gametype|doubles\n|player|p1|JustAnAlpaca<3|iono-masters2|\n|player|p2|Cello L.|psychic-gen4|\n|gen|9\n|tier|[Gen 9] VGC 2026 Reg I\n|rated|Tournament battle\n|rule|Species Clause: Limit one of each Pok\u00e9mon\n|rule|Item Clause: Limit 1 of each item\n|raw|<div class=\"infobox\"><details class=\"readmore\" open><summary><strong>1 custom rule:</strong></summary> Open Team Sheets</details></div>\n|clearpoke\n|poke|p1|Miraidon, L50|\n|poke|p1|Zamazenta-*, L50|\n|poke|p1|Chien-Pao, L50|\n|poke|p1|Volcarona, L50, F|\n|poke|p1|Rillaboom, L50, M|\n|poke|p1|Ogerpon, L50, F|\n|poke|p2|Kyogre, L50|\n|poke|p2|Calyrex-Ice, L50|\n|poke|p2|Flutter Mane, L50|\n|poke|p2|Basculegion, L50, M|\n|poke|p2|Amoonguss, L50, F|\n|poke|p2|Grimmsnarl, L50, M|\n|teampreview|4\n|c|\u2606Cello L.|glhf\n|j| alanere9595\n|c|\u2606JustAnAlpaca<3|u too\nCello L. has agreed to open team sheets.\n|j| FBISurveillanceMan\n|c|\u2606JustAnAlpaca<3|wait i forgot the teras\n|j| Carrielis\n|j| nivek55\n|\n|t:|1771724229\n|teamsize|p1|4\n|teamsize|p2|4\n|start\n|switch|p1a: Miraidon|Miraidon, L50|100/100\n|switch|p1b: Volcarona|Volcarona, L50, F|100/100\n|switch|p2a: Calyrex|Calyrex-Ice, L50|100/100\n|switch|p2b: Flutter Mane|Flutter Mane, L50|100/100\n|-ability|p2a: Calyrex|As One\n|-ability|p2a: Calyrex|Unnerve\n|-fieldstart|move: Electric Terrain|[from] ability: Hadron Engine|[of] p1a: Miraidon\n|-enditem|p1b: Volcarona|Electric Seed\n|-boost|p1b: Volcarona|def|1|[from] item: Electric Seed\n|turn|1\n|l| nivek55\n|\n|t:|1771724267\n|-terastallize|p1a: Miraidon|Electric\n|-terastallize|p2a: Calyrex|Fairy\n|move|p1a: Miraidon|Electro Drift|p2b: Flutter Mane\n|-enditem|p2b: Flutter Mane|Focus Sash\n|-damage|p2b: Flutter Mane|1/100\n|move|p2b: Flutter Mane|Taunt|p1b: Volcarona\n|-start|p1b: Volcarona|move: Taunt\n|move|p1b: Volcarona|Fiery Dance|p2a: Calyrex\n|-damage|p2a: Calyrex|77/100\n|move|p2a: Calyrex|Trick Room|p2a: Calyrex\n|-fieldstart|move: Trick Room|[of] p2a: Calyrex\n|\n|-heal|p2a: Calyrex|83/100|[from] item: Leftovers\n|upkeep\n|turn|2\n|\n|t:|1771724294\n|switch|p1a: Chien-Pao|Chien-Pao, L50|100/100\n|-ability|p1a: Chien-Pao|Sword of Ruin\n|move|p2a: Calyrex|Glacial Lance|p1a: Chien-Pao|[spread] p1a,p1b\n|-resisted|p1a: Chien-Pao\n|-resisted|p1b: Volcarona\n|-damage|p1a: Chien-Pao|66/100\n|-damage|p1b: Volcarona|72/100\n|move|p1b: Volcarona|Giga Drain|p2b: Flutter Mane\n|-damage|p2b: Flutter Mane|0 fnt\n|-heal|p1b: Volcarona|73/100|[from] drain|[of] p2b: Flutter Mane\n|faint|p2b: Flutter Mane\n|-end|p2b: Flutter Mane|Protosynthesis|[silent]\n|\n|-heal|p2a: Calyrex|88/100|[from] item: Leftovers\n|upkeep\n|j| AFRRB\n|\n|t:|1771724306\n|switch|p2b: Kyogre|Kyogre, L50|100/100\n|-weather|RainDance|[from] ability: Drizzle|[of] p2b: Kyogre\n|turn|3\n|l| AFRRB\n|\n|t:|1771724329\n|move|p1a: Chien-Pao|Sucker Punch|p2b: Kyogre\n|-damage|p2b: Kyogre|54/100\n|move|p2a: Calyrex|Glacial Lance|p1b: Volcarona|[spread] p1a,p1b\n|-resisted|p1a: Chien-Pao\n|-resisted|p1b: Volcarona\n|-damage|p1a: Chien-Pao|29/100\n|-damage|p1b: Volcarona|46/100\n|move|p2b: Kyogre|Origin Pulse|p1a: Chien-Pao|[spread] p1a,p1b\n|-supereffective|p1b: Volcarona\n|-damage|p1a: Chien-Pao|0 fnt\n|-damage|p1b: Volcarona|0 fnt\n|faint|p1a: Chien-Pao\n|faint|p1b: Volcarona\n|\n|-weather|RainDance|[upkeep]\n|-heal|p2a: Calyrex|94/100|[from] item: Leftovers\n|upkeep\n|\n|t:|1771724340\n|switch|p1b: Zamazenta|Zamazenta-Crowned, L50|100/100\n|switch|p1a: Miraidon|Miraidon, L50, tera:Electric|100/100\n|-ability|p1b: Zamazenta|Dauntless Shield|boost\n|-boost|p1b: Zamazenta|def|1\n|-activate|p1a: Miraidon|ability: Hadron Engine\n|turn|4\n|\n|t:|1771724357\n|move|p1b: Zamazenta|Wide Guard|p1b: Zamazenta\n|-singleturn|p1b: Zamazenta|Wide Guard\n|move|p2a: Calyrex|Leech Seed|p1b: Zamazenta\n|-start|p1b: Zamazenta|move: Leech Seed\n|move|p2b: Kyogre|Hydro Pump|p1a: Miraidon\n|-damage|p1a: Miraidon|9/100\n|move|p1a: Miraidon|Electro Drift|p2b: Kyogre\n|-supereffective|p2b: Kyogre\n|-damage|p2b: Kyogre|0 fnt\n|faint|p2b: Kyogre\n|\n|-weather|RainDance|[upkeep]\n|-heal|p2a: Calyrex|99/100|[from] item: Leftovers\n|-damage|p1b: Zamazenta|88/100|[from] Leech Seed|[of] p2a: Calyrex\n|-heal|p2a: Calyrex|100/100|[silent]\n|upkeep\n|\n|t:|1771724371\n|switch|p2b: Basculegion|Basculegion, L50, M|100/100\n|turn|5\n|\n|t:|1771724379\n|move|p2b: Basculegion|Aqua Jet|p1a: Miraidon\n|-damage|p1a: Miraidon|0 fnt\n|faint|p1a: Miraidon\n|-damage|p2b: Basculegion|91/100|[from] item: Life Orb\n|move|p2a: Calyrex|Glacial Lance|p1b: Zamazenta\n|-resisted|p1b: Zamazenta\n|-damage|p1b: Zamazenta|75/100\n|move|p1b: Zamazenta|Body Press|p2a: Calyrex\n|-resisted|p2a: Calyrex\n|-damage|p2a: Calyrex|80/100\n|\n|-weather|RainDance|[upkeep]\n|-heal|p2a: Calyrex|86/100|[from] item: Leftovers\n|-damage|p1b: Zamazenta|63/100|[from] Leech Seed|[of] p2a: Calyrex\n|-heal|p2a: Calyrex|98/100|[silent]\n|-fieldend|move: Trick Room\n|-fieldend|move: Electric Terrain\n|upkeep\n|turn|6\n|c|\u2606JustAnAlpaca<3|gg\n|c|\u2606Cello L.|gg\n|j| monkeychese\n|l| Carrielis\n|-message|JustAnAlpaca<3 forfeited.\n|\n|win|Cello L.\n|n|\u2606JustAnAlpaca<3|justanalpaca3\n|n|\u2606Cello L.|cellol\n|n| alanere9595|alanere9595\n|n| FBISurveillanceMan|fbisurveillanceman\n|n| monkeychese|monkeychese\n|l| alanere9595\n|c| monkeychese|oh ofc there is miraidon\n|l|\u2606JustAnAlpaca<3\n|player|p1|\n","uploadtime":1771724395,"views":10,"formatid":"gen9vgc2026regi","rating":null,"private":0,"password":null}