{"id":"gen9vgc2026regi-2589795755","format":"[Gen 9] VGC 2026 Reg I","players":["tendgt01","pigduckeater"],"log":"|j|\u2606tendgt01\n|j|\u2606pigduckeater\n|t:|1776760896\n|gametype|doubles\n|player|p1|tendgt01|169|1426\n|player|p2|pigduckeater|101|1584\n|gen|9\n|tier|[Gen 9] VGC 2026 Reg I\n|rated|\n|rule|Species Clause: Limit one of each Pok\u00e9mon\n|rule|Item Clause: Limit 1 of each item\n|clearpoke\n|poke|p1|Zamazenta-*, L50|\n|poke|p1|Calyrex-Shadow, L50|\n|poke|p1|Amoonguss, L50, F|\n|poke|p1|Chien-Pao, L50|\n|poke|p1|Dragonite, L50, F|\n|poke|p1|Ogerpon-Cornerstone, L50, F|\n|poke|p2|Miraidon, L50|\n|poke|p2|Terapagos, L50, M|\n|poke|p2|Volbeat, L50, M|\n|poke|p2|Alcremie, L50, F|\n|poke|p2|Incineroar, L50, F|\n|poke|p2|Rillaboom, L50, M|\n|teampreview|4\n|inactive|Battle timer is ON: inactive players will automatically lose when time's up. (requested by tendgt01)\n|\n|t:|1776760925\n|teamsize|p1|4\n|teamsize|p2|4\n|start\n|switch|p1a: Chien-Pao|Chien-Pao, L50, shiny|100/100\n|switch|p1b: Zamazenta|Zamazenta-Crowned, L50|100/100\n|switch|p2a: Miraidon|Miraidon, L50|100/100\n|switch|p2b: Volbeat|Volbeat, L50, M|100/100\n|-fieldstart|move: Electric Terrain|[from] ability: Hadron Engine|[of] p2a: Miraidon\n|-enditem|p2b: Volbeat|Electric Seed\n|-boost|p2b: Volbeat|def|1|[from] item: Electric Seed\n|-ability|p1a: Chien-Pao|Sword of Ruin\n|-ability|p1b: Zamazenta|Dauntless Shield|boost\n|-boost|p1b: Zamazenta|def|1\n|turn|1\n|inactive|pigduckeater has 30 seconds left.\n|inactive|tendgt01 has 30 seconds left.\n|\n|t:|1776760967\n|move|p1a: Chien-Pao|Ice Shard|p2a: Miraidon\n|-supereffective|p2a: Miraidon\n|-damage|p2a: Miraidon|52/100\n|move|p2b: Volbeat|Tailwind|p2b: Volbeat\n|-sidestart|p2: pigduckeater|move: Tailwind\n|move|p2a: Miraidon|Electro Drift|p1a: Chien-Pao\n|-damage|p1a: Chien-Pao|2/100\n|move|p1b: Zamazenta|Body Press|p2a: Miraidon\n|-damage|p2a: Miraidon|0 fnt\n|faint|p2a: Miraidon\n|\n|upkeep\n|\n|t:|1776760977\n|switch|p2a: Alcremie|Alcremie, L50, F|100/100\n|turn|2\n|\n|t:|1776760990\n|move|p2b: Volbeat|Baton Pass|p2b: Volbeat\n|\n|t:|1776760992\n|switch|p2b: Terapagos|Terapagos, L50, M|100/100|[from] Baton Pass\n|-activate|p2b: Terapagos|ability: Tera Shift\n|detailschange|p2b: Terapagos|Terapagos-Terastal, L50, M\n|-heal|p2b: Terapagos|100/100|[silent]\n|move|p1a: Chien-Pao|Ice Shard|p2a: Alcremie\n|-damage|p2a: Alcremie|67/100\n|move|p2a: Alcremie|Fling|p1b: Zamazenta\n|-resisted|p1b: Zamazenta\n|-damage|p1b: Zamazenta|99/100\n|-status|p1b: Zamazenta|brn\n|-enditem|p2a: Alcremie|Flame Orb|[from] move: Fling\n|move|p1b: Zamazenta|Behemoth Bash|p2a: Alcremie\n|-supereffective|p2a: Alcremie\n|-crit|p2a: Alcremie\n|-damage|p2a: Alcremie|0 fnt\n|faint|p2a: Alcremie\n|\n|-damage|p1b: Zamazenta|93/100 brn|[from] brn\n|upkeep\n|\n|t:|1776761008\n|switch|p2a: Volbeat|Volbeat, L50, M|100/100\n|turn|3\n|\n|t:|1776761022\n|move|p1a: Chien-Pao|Ice Shard|p2b: Terapagos\n|-activate|p2b: Terapagos|ability: Tera Shell\n|-resisted|p2b: Terapagos\n|-damage|p2b: Terapagos|94/100\n|move|p2b: Terapagos|Calm Mind|p2b: Terapagos\n|-boost|p2b: Terapagos|spa|1\n|-boost|p2b: Terapagos|spd|1\n|move|p2a: Volbeat|Thief|p1a: Chien-Pao\n|-resisted|p1a: Chien-Pao\n|-damage|p1a: Chien-Pao|0 fnt\n|-enditem|p1a: Chien-Pao|Assault Vest|[silent]|[from] move: Thief|[of] p2a: Volbeat\n|-item|p2a: Volbeat|Assault Vest|[from] move: Thief|[of] p1a: Chien-Pao\n|faint|p1a: Chien-Pao\n|move|p1b: Zamazenta|Body Press|p2b: Terapagos\n|-supereffective|p2b: Terapagos\n|-damage|p2b: Terapagos|62/100\n|\n|-heal|p2b: Terapagos|68/100|[from] item: Leftovers\n|-damage|p1b: Zamazenta|87/100 brn|[from] brn\n|upkeep\n|\n|t:|1776761045\n|switch|p1a: Ogerpon|Ogerpon-Cornerstone, L50, F|100/100\n|turn|4\n|\n|t:|1776761060\n|-terastallize|p2b: Terapagos|Stellar\n|detailschange|p2b: Terapagos|Terapagos-Stellar, L50, M, tera:Stellar\n|-heal|p2b: Terapagos|76/100|[silent]\n|-ability|p2b: Terapagos|Teraform Zero\n|-fieldend|move: Electric Terrain\n|move|p1b: Zamazenta|Wide Guard|p1b: Zamazenta\n|-singleturn|p1b: Zamazenta|Wide Guard\n|move|p2b: Terapagos|Calm Mind|p2b: Terapagos\n|-boost|p2b: Terapagos|spa|1\n|-boost|p2b: Terapagos|spd|1\n|move|p2a: Volbeat|Thief|p1a: Ogerpon\n|-damage|p1a: Ogerpon|84/100\n|move|p1a: Ogerpon|Ivy Cudgel|p2a: Volbeat|[anim] Ivy Cudgel Rock\n|-supereffective|p2a: Volbeat\n|-damage|p2a: Volbeat|0 fnt\n|faint|p2a: Volbeat\n|\n|-heal|p2b: Terapagos|82/100|[from] item: Leftovers\n|-damage|p1b: Zamazenta|81/100 brn|[from] brn\n|-sideend|p2: pigduckeater|move: Tailwind\n|upkeep\n|turn|5\n|\n|t:|1776761084\n|move|p1a: Ogerpon|Spiky Shield|p1a: Ogerpon\n|-singleturn|p1a: Ogerpon|move: Protect\n|move|p1b: Zamazenta|Body Press|p2b: Terapagos\n|-supereffective|p2b: Terapagos\n|-damage|p2b: Terapagos|61/100\n|move|p2b: Terapagos|Earth Power|p1b: Zamazenta\n|-supereffective|p1b: Zamazenta\n|-crit|p1b: Zamazenta\n|-damage|p1b: Zamazenta|0 fnt\n|faint|p1b: Zamazenta\n|\n|-heal|p2b: Terapagos|67/100|[from] item: Leftovers\n|upkeep\n|\n|t:|1776761098\n|switch|p1b: Amoonguss|Amoonguss, L50, F|100/100\n|turn|6\n|\n|t:|1776761105\n|-terastallize|p1a: Ogerpon|Rock\n|detailschange|p1a: Ogerpon|Ogerpon-Cornerstone-Tera, L50, F, tera:Rock\n|-ability|p1a: Ogerpon|Embody Aspect (Cornerstone)|boost\n|-boost|p1a: Ogerpon|def|1\n|move|p2b: Terapagos|Protect|p2b: Terapagos\n|-singleturn|p2b: Terapagos|Protect\n|move|p1b: Amoonguss|Rage Powder|p1b: Amoonguss\n|-singleturn|p1b: Amoonguss|move: Rage Powder\n|move|p1a: Ogerpon|Ivy Cudgel|p2b: Terapagos|[anim] Ivy Cudgel Rock\n|-activate|p2b: Terapagos|move: Protect\n|\n|-heal|p2b: Terapagos|73/100|[from] item: Leftovers\n|upkeep\n|turn|7\n|\n|t:|1776761121\n|move|p1a: Ogerpon|Spiky Shield|p1a: Ogerpon\n|-singleturn|p1a: Ogerpon|move: Protect\n|move|p2b: Terapagos|Tera Starstorm|p1b: Amoonguss|[spread] p1b\n|-activate|p1a: Ogerpon|move: Protect\n|-damage|p1b: Amoonguss|38/100\n|move|p1b: Amoonguss|Spore|p2b: Terapagos\n|-status|p2b: Terapagos|slp|[from] move: Spore\n|\n|-heal|p2b: Terapagos|79/100 slp|[from] item: Leftovers\n|upkeep\n|turn|8\n|\n|t:|1776761135\n|move|p1a: Ogerpon|Ivy Cudgel|p2b: Terapagos|[anim] Ivy Cudgel Rock\n|-damage|p2b: Terapagos|50/100 slp\n|cant|p2b: Terapagos|slp\n|move|p1b: Amoonguss|Sludge Bomb|p2b: Terapagos\n|-damage|p2b: Terapagos|42/100 slp\n|\n|-heal|p2b: Terapagos|48/100 slp|[from] item: Leftovers\n|upkeep\n|turn|9\n|\n|t:|1776761148\n|move|p1a: Ogerpon|Ivy Cudgel|p2b: Terapagos|[anim] Ivy Cudgel Rock\n|-damage|p2b: Terapagos|20/100 slp\n|-curestatus|p2b: Terapagos|slp|[msg]\n|move|p2b: Terapagos|Tera Starstorm|p1b: Amoonguss|[spread] p1a,p1b\n|-supereffective|p1a: Ogerpon\n|-damage|p1a: Ogerpon|0 fnt\n|-damage|p1b: Amoonguss|0 fnt\n|faint|p1a: Ogerpon\n|detailschange|p1: Ogerpon|Ogerpon-Cornerstone, L50, F|[silent]\n|faint|p1b: Amoonguss\n|\n|win|pigduckeater\n|raw|tendgt01's rating: 1426 &rarr; <strong>1415</strong><br />(-11 for losing)\n|raw|pigduckeater's rating: 1584 &rarr; <strong>1595</strong><br />(+11 for winning)\n|l|\u2606pigduckeater\n|player|p2|\n|l|\u2606tendgt01\n|player|p1|\n","uploadtime":1776761303,"views":7,"formatid":"gen9vgc2026regi","rating":1415,"private":0,"password":null}