{"id":"gen9vgc2026regi-2535302854","format":"[Gen 9] VGC 2026 Reg I","players":["alxback","j0l0k0"],"log":"|j|\u2606alxback\n|j|\u2606j0l0k0\n|t:|1770548079\n|gametype|doubles\n|player|p1|alxback|swimmer|1421\n|player|p2|j0l0k0|brycen|1359\n|gen|9\n|tier|[Gen 9] VGC 2026 Reg I\n|rated|\n|rule|Species Clause: Limit one of each Pok\u00e9mon\n|rule|Item Clause: Limit 1 of each item\n|clearpoke\n|poke|p1|Swampert, L50, M|\n|poke|p1|Zamazenta-*, L50|\n|poke|p1|Calyrex-Shadow, L50|\n|poke|p1|Rillaboom, L50, F|\n|poke|p1|Incineroar, L50, F|\n|poke|p1|Clefairy, L50, M|\n|poke|p2|Rabsca, L50, F|\n|poke|p2|Vikavolt, L50, F|\n|poke|p2|Volcarona, L50, F|\n|poke|p2|Araquanid, L50, F|\n|poke|p2|Venonat, L50, F|\n|poke|p2|Illumise, L50, F|\n|teampreview|4\n|inactive|Battle timer is ON: inactive players will automatically lose when time's up. (requested by j0l0k0)\n|inactive|alxback also wants the timer to be on.\n|c|\u2606alxback|so cute\n|inactive|alxback has 60 seconds left.\n|c|\u2606j0l0k0|It's the wrong team\n|\n|t:|1770548117\n|teamsize|p1|4\n|teamsize|p2|4\n|start\n|switch|p1a: Calyrex|Calyrex-Shadow, L50|100/100\n|switch|p1b: Incineroar|Incineroar, L50, F, shiny|100/100\n|switch|p2a: Venonat|Venonat, L50, F, shiny|100/100\n|switch|p2b: Rabsca|Rabsca, L50, F, shiny|100/100\n|-ability|p1a: Calyrex|As One\n|-ability|p1a: Calyrex|Unnerve\n|-ability|p1b: Incineroar|Intimidate|boost\n|-unboost|p2a: Venonat|atk|1\n|-unboost|p2b: Rabsca|atk|1\n|turn|1\n|\n|t:|1770548139\n|move|p2a: Venonat|Rage Powder|p2a: Venonat\n|-singleturn|p2a: Venonat|move: Rage Powder\n|move|p1a: Calyrex|Astral Barrage|p2a: Venonat|[spread] p2a,p2b\n|-supereffective|p2b: Rabsca\n|-damage|p2a: Venonat|62/100\n|-enditem|p2b: Rabsca|Focus Sash\n|-damage|p2b: Rabsca|1/100\n|move|p1b: Incineroar|Flare Blitz|p2a: Venonat\n|-supereffective|p2a: Venonat\n|-damage|p2a: Venonat|0 fnt\n|faint|p2a: Venonat\n|-damage|p1b: Incineroar|84/100|[from] Recoil\n|move|p2b: Rabsca|Trick Room|p2b: Rabsca\n|-fieldstart|move: Trick Room|[of] p2b: Rabsca\n|\n|upkeep\n|\n|t:|1770548144\n|switch|p2a: Vikavolt|Vikavolt, L50, F, shiny|100/100\n|turn|2\n|\n|t:|1770548152\n|-terastallize|p2a: Vikavolt|Electric\n|move|p1a: Calyrex|Protect|p1a: Calyrex\n|-singleturn|p1a: Calyrex|Protect\n|move|p2a: Vikavolt|Discharge|p1b: Incineroar|[spread] p1b\n|-activate|p1a: Calyrex|move: Protect\n|-activate|p2b: Rabsca|ability: Telepathy\n|-damage|p1b: Incineroar|20/100\n|move|p2b: Rabsca|Psychic|p1a: Calyrex\n|-activate|p1a: Calyrex|move: Protect\n|move|p1b: Incineroar|Flare Blitz|p2a: Vikavolt\n|-damage|p2a: Vikavolt|51/100\n|-damage|p1b: Incineroar|5/100|[from] Recoil\n|\n|upkeep\n|turn|3\n|\n|t:|1770548170\n|switch|p1a: Swampert|Swampert, L50, M, shiny|100/100\n|move|p2a: Vikavolt|Discharge|p1a: Swampert|[spread] p1b\n|-activate|p2b: Rabsca|ability: Telepathy\n|-immune|p1a: Swampert\n|-damage|p1b: Incineroar|0 fnt\n|faint|p1b: Incineroar\n|move|p2b: Rabsca|Psychic|p1a: Swampert\n|-damage|p1a: Swampert|62/100\n|\n|upkeep\n|\n|t:|1770548181\n|switch|p1b: Calyrex|Calyrex-Shadow, L50|100/100\n|-ability|p1b: Calyrex|As One\n|-ability|p1b: Calyrex|Unnerve\n|turn|4\n|\n|t:|1770548197\n|move|p1a: Swampert|Wide Guard|p1a: Swampert\n|-singleturn|p1a: Swampert|Wide Guard\n|move|p2a: Vikavolt|Discharge|p1a: Swampert|[spread] \n|-activate|p1a: Swampert|move: Wide Guard\n|-activate|p1b: Calyrex|move: Wide Guard\n|-activate|p2b: Rabsca|ability: Telepathy\n|move|p2b: Rabsca|Psychic|p1b: Calyrex\n|-resisted|p1b: Calyrex\n|-damage|p1b: Calyrex|78/100\n|move|p1b: Calyrex|Astral Barrage|p2a: Vikavolt|[spread] p2a,p2b\n|-supereffective|p2b: Rabsca\n|-damage|p2a: Vikavolt|0 fnt\n|-damage|p2b: Rabsca|0 fnt\n|faint|p2a: Vikavolt\n|faint|p2b: Rabsca\n|-ability|p1b: Calyrex|Grim Neigh|boost\n|-boost|p1b: Calyrex|spa|2\n|\n|upkeep\n|\n|t:|1770548202\n|switch|p2b: Volcarona|Volcarona, L50, F, shiny|100/100\n|turn|5\n|c|\u2606alxback|so cute\n|\n|t:|1770548213\n|move|p1a: Swampert|Protect||[still]\n|-fail|p1a: Swampert\n|move|p1b: Calyrex|Protect|p1b: Calyrex\n|-singleturn|p1b: Calyrex|Protect\n|move|p2b: Volcarona|Heat Wave|p1b: Calyrex|[spread] p1a\n|-activate|p1b: Calyrex|move: Protect\n|-resisted|p1a: Swampert\n|-damage|p1a: Swampert|41/100\n|-status|p1a: Swampert|brn\n|-damage|p2b: Volcarona|90/100|[from] item: Life Orb\n|\n|-damage|p1a: Swampert|34/100 brn|[from] brn\n|-fieldend|move: Trick Room\n|upkeep\n|turn|6\n|\n|t:|1770548227\n|move|p1a: Swampert|Wide Guard|p1a: Swampert\n|-singleturn|p1a: Swampert|Wide Guard\n|move|p1b: Calyrex|Astral Barrage|p2b: Volcarona\n|-damage|p2b: Volcarona|0 fnt\n|faint|p2b: Volcarona\n|\n|win|alxback\n|raw|alxback's rating: 1421 &rarr; <strong>1437</strong><br />(+16 for winning)\n|raw|j0l0k0's rating: 1359 &rarr; <strong>1343</strong><br />(-16 for losing)\n|l|\u2606alxback\n|player|p1|\n|l|\u2606j0l0k0\n|player|p2|\n","uploadtime":1770548480,"views":48,"formatid":"gen9vgc2026regi","rating":1343,"private":0,"password":null}