{"id":"gen9vgc2026regi-2560623161","format":"[Gen 9] VGC 2026 Reg I","players":["eye-zitt","nklp"],"log":"|j|\u2606eye-zitt\n|j|\u2606nklp\n|t:|1773705565\n|gametype|doubles\n|player|p1|eye-zitt|hilbert|1279\n|player|p2|nklp|265|1187\n|gen|9\n|tier|[Gen 9] VGC 2026 Reg I\n|rated|\n|rule|Species Clause: Limit one of each Pok\u00e9mon\n|rule|Item Clause: Limit 1 of each item\n|clearpoke\n|poke|p1|Terapagos, L50, M|\n|poke|p1|Incineroar, L50, F|\n|poke|p1|Rillaboom, L50, M|\n|poke|p1|Ogerpon-Cornerstone, L50, F|\n|poke|p1|Flutter Mane, L50|\n|poke|p1|Calyrex-Shadow, L50|\n|poke|p2|Garganacl, L50, F|\n|poke|p2|Miraidon, L50|\n|poke|p2|Flutter Mane, L50|\n|poke|p2|Tornadus, L50, M|\n|poke|p2|Kyogre, L50|\n|poke|p2|Metagross, L50|\n|teampreview|4\n|inactive|Battle timer is ON: inactive players will automatically lose when time's up. (requested by nklp)\n|inactive|nklp has 60 seconds left.\n|\n|t:|1773705603\n|teamsize|p1|4\n|teamsize|p2|4\n|start\n|switch|p1a: Rillaboom|Rillaboom, L50, M, shiny|100/100\n|switch|p1b: Flutter Mane|Flutter Mane, L50|100/100\n|switch|p2a: Tornadus|Tornadus, L50, M|100/100\n|switch|p2b: Flutter Mane|Flutter Mane, L50|100/100\n|-fieldstart|move: Grassy Terrain|[from] ability: Grassy Surge|[of] p1a: Rillaboom\n|-enditem|p2b: Flutter Mane|Booster Energy\n|-activate|p2b: Flutter Mane|ability: Protosynthesis|[fromitem]\n|-start|p2b: Flutter Mane|protosynthesisspe\n|-enditem|p1b: Flutter Mane|Booster Energy\n|-activate|p1b: Flutter Mane|ability: Protosynthesis|[fromitem]\n|-start|p1b: Flutter Mane|protosynthesisspe\n|turn|1\n|inactive|eye-zitt has 30 seconds left.\n|inactive|nklp has 30 seconds left.\n|inactive|eye-zitt has 20 seconds left.\n|\n|t:|1773705640\n|move|p2a: Tornadus|Tailwind|p2a: Tornadus\n|-sidestart|p2: nklp|move: Tailwind\n|move|p1a: Rillaboom|Grassy Glide|p2b: Flutter Mane\n|-damage|p2b: Flutter Mane|55/100\n|move|p2b: Flutter Mane|Thunder Wave|p1b: Flutter Mane\n|-status|p1b: Flutter Mane|par\n|move|p1b: Flutter Mane|Thunder Wave|p2b: Flutter Mane\n|-status|p2b: Flutter Mane|par\n|\n|-heal|p2b: Flutter Mane|61/100 par|[from] Grassy Terrain\n|upkeep\n|turn|2\n|\n|t:|1773705658\n|move|p1a: Rillaboom|Grassy Glide|p2a: Tornadus\n|-resisted|p2a: Tornadus\n|-damage|p2a: Tornadus|84/100\n|move|p2b: Flutter Mane|Hex|p1b: Flutter Mane\n|-supereffective|p1b: Flutter Mane\n|-crit|p1b: Flutter Mane\n|-damage|p1b: Flutter Mane|0 fnt\n|faint|p1b: Flutter Mane\n|-end|p1b: Flutter Mane|Protosynthesis|[silent]\n|move|p2a: Tornadus|Bleakwind Storm|p1a: Rillaboom\n|-supereffective|p1a: Rillaboom\n|-damage|p1a: Rillaboom|47/100\n|-unboost|p1a: Rillaboom|spe|1\n|\n|-heal|p2b: Flutter Mane|67/100 par|[from] Grassy Terrain\n|-heal|p1a: Rillaboom|53/100|[from] Grassy Terrain\n|upkeep\n|\n|t:|1773705672\n|switch|p1b: Terapagos|Terapagos, L50, M|100/100\n|-activate|p1b: Terapagos|ability: Tera Shift\n|detailschange|p1b: Terapagos|Terapagos-Terastal, L50, M\n|-heal|p1b: Terapagos|100/100|[silent]\n|turn|3\n|\n|t:|1773705681\n|move|p2a: Tornadus|Taunt|p1b: Terapagos\n|-start|p1b: Terapagos|move: Taunt\n|cant|p2b: Flutter Mane|par\n|cant|p1b: Terapagos|move: Taunt|Calm Mind\n|move|p1a: Rillaboom|U-turn|p2a: Tornadus\n|-resisted|p2a: Tornadus\n|-damage|p2a: Tornadus|73/100\n|\n|t:|1773705684\n|switch|p1a: Calyrex|Calyrex-Shadow, L50|100/100|[from] U-turn\n|-ability|p1a: Calyrex|As One\n|-ability|p1a: Calyrex|Unnerve\n|\n|-heal|p2b: Flutter Mane|73/100 par|[from] Grassy Terrain\n|upkeep\n|turn|4\n|\n|t:|1773705696\n|move|p1a: Calyrex|Protect|p1a: Calyrex\n|-singleturn|p1a: Calyrex|Protect\n|move|p2a: Tornadus|Swagger|p1a: Calyrex\n|-activate|p1a: Calyrex|move: Protect\n|move|p2b: Flutter Mane|Hex|p1a: Calyrex\n|-activate|p1a: Calyrex|move: Protect\n|move|p1b: Terapagos|Tera Starstorm|p2a: Tornadus\n|-damage|p2a: Tornadus|29/100\n|\n|-heal|p2b: Flutter Mane|79/100 par|[from] Grassy Terrain\n|-sideend|p2: nklp|move: Tailwind\n|upkeep\n|turn|5\n|\n|t:|1773705710\n|-terastallize|p1b: Terapagos|Stellar\n|detailschange|p1b: Terapagos|Terapagos-Stellar, L50, M, tera:Stellar\n|-heal|p1b: Terapagos|100/100|[silent]\n|-ability|p1b: Terapagos|Teraform Zero\n|-fieldend|move: Grassy Terrain\n|move|p2a: Tornadus|Tailwind|p2a: Tornadus\n|-sidestart|p2: nklp|move: Tailwind\n|move|p2b: Flutter Mane|Hex|p1a: Calyrex\n|-supereffective|p1a: Calyrex\n|-enditem|p1a: Calyrex|Focus Sash\n|-damage|p1a: Calyrex|1/100\n|move|p1a: Calyrex|Astral Barrage|p2b: Flutter Mane|[spread] p2a,p2b\n|-supereffective|p2b: Flutter Mane\n|-damage|p2a: Tornadus|0 fnt\n|-damage|p2b: Flutter Mane|0 fnt\n|faint|p2a: Tornadus\n|faint|p2b: Flutter Mane\n|-end|p2b: Flutter Mane|Protosynthesis|[silent]\n|-ability|p1a: Calyrex|Grim Neigh|boost\n|-boost|p1a: Calyrex|spa|2\n|move|p1b: Terapagos|Tera Starstorm|p2: Tornadus|[notarget]\n|-fail|p1b: Terapagos\n|\n|-end|p1b: Terapagos|move: Taunt\n|upkeep\n|\n|t:|1773705725\n|switch|p2b: Miraidon|Miraidon, L50|100/100\n|switch|p2a: Kyogre|Kyogre, L50|100/100\n|-weather|RainDance|[from] ability: Drizzle|[of] p2a: Kyogre\n|-fieldstart|move: Electric Terrain|[from] ability: Hadron Engine|[of] p2b: Miraidon\n|turn|6\n|\n|t:|1773705740\n|move|p1a: Calyrex|Protect|p1a: Calyrex\n|-singleturn|p1a: Calyrex|Protect\n|move|p2a: Kyogre|Water Spout|p1a: Calyrex|[spread] p1b\n|-activate|p1a: Calyrex|move: Protect\n|-crit|p1b: Terapagos\n|-damage|p1b: Terapagos|11/100\n|move|p2b: Miraidon|Volt Switch|p1b: Terapagos\n|-damage|p1b: Terapagos|0 fnt\n|faint|p1b: Terapagos\n|detailschange|p1: Terapagos|Terapagos, L50, M|[silent]\n|\n|-weather|RainDance|[upkeep]\n|upkeep\n|\n|t:|1773705746\n|switch|p1b: Rillaboom|Rillaboom, L50, M, shiny|53/100\n|-fieldstart|move: Grassy Terrain|[from] ability: Grassy Surge|[of] p1b: Rillaboom\n|turn|7\n|\n|t:|1773705752\n|move|p1a: Calyrex|Protect||[still]\n|-fail|p1a: Calyrex\n|move|p1b: Rillaboom|Grassy Glide|p2a: Kyogre\n|-supereffective|p2a: Kyogre\n|-damage|p2a: Kyogre|36/100\n|move|p2a: Kyogre|Water Spout|p1b: Rillaboom|[spread] p1a,p1b\n|-resisted|p1b: Rillaboom\n|-damage|p1a: Calyrex|0 fnt\n|-damage|p1b: Rillaboom|42/100\n|faint|p1a: Calyrex\n|move|p2b: Miraidon|Volt Switch|p1b: Rillaboom\n|-resisted|p1b: Rillaboom\n|-damage|p1b: Rillaboom|25/100\n|\n|-weather|RainDance|[upkeep]\n|-heal|p2a: Kyogre|42/100|[from] Grassy Terrain\n|-heal|p1b: Rillaboom|31/100|[from] Grassy Terrain\n|upkeep\n|turn|8\n|\n|t:|1773705768\n|move|p2a: Kyogre|Water Spout|p1b: Rillaboom\n|-resisted|p1b: Rillaboom\n|-damage|p1b: Rillaboom|15/100\n|move|p2b: Miraidon|Volt Switch|p1b: Rillaboom\n|-resisted|p1b: Rillaboom\n|-damage|p1b: Rillaboom|0 fnt\n|faint|p1b: Rillaboom\n|\n|win|nklp\n|raw|eye-zitt's rating: 1279 &rarr; <strong>1248</strong><br />(-31 for losing)\n|raw|nklp's rating: 1187 &rarr; <strong>1218</strong><br />(+31 for winning)\n","uploadtime":1773705770,"views":11,"formatid":"gen9vgc2026regi","rating":1218,"private":0,"password":null}