{"id":"gen9vgc2026regi-2568631330","format":"[Gen 9] VGC 2026 Reg I","players":["kaiSSTX","Highkage2"],"log":"|j|\u2606kaiSSTX\n|j|\u203dHighkage2\n|t:|1774607382\n|gametype|doubles\n|player|p1|kaiSSTX|hilbert|1431\n|player|p2|Highkage2|doubleteam|1516\n|gen|9\n|tier|[Gen 9] VGC 2026 Reg I\n|rated|\n|rule|Species Clause: Limit one of each Pok\u00e9mon\n|rule|Item Clause: Limit 1 of each item\n|clearpoke\n|poke|p1|Calyrex-Shadow, L50|\n|poke|p1|Koraidon, L50|\n|poke|p1|Raging Bolt, L50|\n|poke|p1|Flutter Mane, L50|\n|poke|p1|Clefairy, L50, F|\n|poke|p1|Incineroar, L50, F|\n|poke|p2|Incineroar, L50, M|\n|poke|p2|Calyrex-Ice, L50|\n|poke|p2|Miraidon, L50|\n|poke|p2|Iron Treads, L50|\n|poke|p2|Volcarona, L50, F|\n|poke|p2|Farigiraf, L50, F|\n|teampreview|4\n|inactive|Battle timer is ON: inactive players will automatically lose when time's up. (requested by Highkage2)\n|inactive|Highkage2 has 60 seconds left.\n|\n|t:|1774607425\n|teamsize|p1|4\n|teamsize|p2|4\n|start\n|switch|p1a: Incineroar|Incineroar, L50, F|100/100\n|switch|p1b: Calyrex|Calyrex-Shadow, L50|100/100\n|switch|p2a: Miraidon|Miraidon, L50|100/100\n|switch|p2b: Farigiraf|Farigiraf, L50, F|100/100\n|-ability|p1b: Calyrex|As One\n|-ability|p1b: Calyrex|Unnerve\n|-fieldstart|move: Electric Terrain|[from] ability: Hadron Engine|[of] p2a: Miraidon\n|-enditem|p2b: Farigiraf|Electric Seed\n|-boost|p2b: Farigiraf|def|1|[from] item: Electric Seed\n|-ability|p1a: Incineroar|Intimidate|boost\n|-unboost|p2a: Miraidon|atk|1\n|-unboost|p2b: Farigiraf|atk|1\n|turn|1\n|\n|t:|1774607445\n|-terastallize|p2a: Miraidon|Fairy\n|move|p2b: Farigiraf|Helping Hand|p2a: Miraidon\n|-singleturn|p2a: Miraidon|Helping Hand|[of] p2b: Farigiraf\n|move|p1b: Calyrex|Protect|p1b: Calyrex\n|-singleturn|p1b: Calyrex|Protect\n|move|p2a: Miraidon|Dazzling Gleam|p1b: Calyrex|[spread] p1a\n|-activate|p1b: Calyrex|move: Protect\n|-damage|p1a: Incineroar|18/100\n|move|p1a: Incineroar|Parting Shot|p2a: Miraidon\n|-unboost|p2a: Miraidon|atk|1\n|-unboost|p2a: Miraidon|spa|1\n|\n|t:|1774607458\n|switch|p1a: Clefairy|Clefairy, L50, F|100/100|[from] Parting Shot\n|\n|upkeep\n|turn|2\n|inactive|kaiSSTX has 30 seconds left.\n|\n|t:|1774607483\n|move|p2b: Farigiraf|Helping Hand|p2a: Miraidon\n|-singleturn|p2a: Miraidon|Helping Hand|[of] p2b: Farigiraf\n|move|p1a: Clefairy|Follow Me|p1a: Clefairy\n|-singleturn|p1a: Clefairy|move: Follow Me\n|move|p1b: Calyrex|Nasty Plot|p1b: Calyrex\n|-boost|p1b: Calyrex|spa|2\n|move|p2a: Miraidon|Dazzling Gleam|p1b: Calyrex|[spread] p1a,p1b\n|-damage|p1a: Clefairy|49/100\n|-damage|p1b: Calyrex|57/100\n|\n|upkeep\n|turn|3\n|inactive|Highkage2 has 30 seconds left.\n|inactive|Highkage2 has 20 seconds left.\n|inactive|Highkage2 has 15 seconds left.\n|\n|t:|1774607526\n|switch|p2a: Incineroar|Incineroar, L50, M|100/100\n|-ability|p2a: Incineroar|Intimidate|boost\n|-unboost|p1a: Clefairy|atk|1\n|-unboost|p1b: Calyrex|atk|1\n|move|p1a: Clefairy|Helping Hand|p1b: Calyrex\n|-singleturn|p1b: Calyrex|Helping Hand|[of] p1a: Clefairy\n|move|p1b: Calyrex|Astral Barrage|p2b: Farigiraf|[spread] p2a\n|-immune|p2b: Farigiraf\n|-resisted|p2a: Incineroar\n|-damage|p2a: Incineroar|51/100\n|-damage|p1b: Calyrex|47/100|[from] item: Life Orb\n|move|p2b: Farigiraf|Foul Play|p1b: Calyrex\n|-supereffective|p1b: Calyrex\n|-damage|p1b: Calyrex|18/100\n|\n|upkeep\n|turn|4\n|inactive|kaiSSTX has 30 seconds left.\n|inactive|Highkage2 has 30 seconds left.\n|inactive|kaiSSTX has 20 seconds left.\n|inactive|Highkage2 has 20 seconds left.\n|inactive|kaiSSTX has 15 seconds left.\n|inactive|Highkage2 has 15 seconds left.\n|inactive|kaiSSTX has 10 seconds left.\n|inactive|Highkage2 has 10 seconds left.\n|inactive|Highkage2 has 5 seconds left.\n|\n|t:|1774607578\n|switch|p2a: Calyrex|Calyrex-Ice, L50|100/100\n|-ability|p2a: Calyrex|As One\n|-ability|p2a: Calyrex|Unnerve\n|move|p1b: Calyrex|Protect|p1b: Calyrex\n|-singleturn|p1b: Calyrex|Protect\n|move|p1a: Clefairy|Protect|p1a: Clefairy\n|-singleturn|p1a: Clefairy|Protect\n|move|p2b: Farigiraf|Trick Room|p2b: Farigiraf\n|-fieldstart|move: Trick Room|[of] p2b: Farigiraf\n|\n|upkeep\n|turn|5\n|inactive|Highkage2 has 30 seconds left.\n|\n|t:|1774607605\n|move|p1a: Clefairy|After You|p1b: Calyrex\n|-activate|p1b: Calyrex|move: After You\n|move|p1b: Calyrex|Astral Barrage|p2b: Farigiraf|[spread] p2a\n|-immune|p2b: Farigiraf\n|-supereffective|p2a: Calyrex\n|-crit|p2a: Calyrex\n|-damage|p2a: Calyrex|0 fnt\n|faint|p2a: Calyrex\n|-ability|p1b: Calyrex|Grim Neigh|boost\n|-boost|p1b: Calyrex|spa|1\n|-damage|p1b: Calyrex|8/100|[from] item: Life Orb\n|move|p2b: Farigiraf|Foul Play|p1b: Calyrex\n|-supereffective|p1b: Calyrex\n|-damage|p1b: Calyrex|0 fnt\n|faint|p1b: Calyrex\n|\n|-fieldend|move: Electric Terrain\n|upkeep\n|inactive|Highkage2 has 30 seconds left.\n|\n|t:|1774607633\n|switch|p2a: Miraidon|Miraidon, L50, tera:Fairy|100/100\n|switch|p1b: Koraidon|Koraidon, L50|100/100\n|-fieldstart|move: Electric Terrain|[from] ability: Hadron Engine|[of] p2a: Miraidon\n|-weather|SunnyDay|[from] ability: Orichalcum Pulse|[of] p1b: Koraidon\n|-activate|p1b: Koraidon|Orichalcum Pulse|[source]\n|turn|6\n|inactive|kaiSSTX has 30 seconds left.\n|\n|t:|1774607661\n|-terastallize|p1b: Koraidon|Fire\n|move|p1a: Clefairy|Helping Hand|p1b: Koraidon\n|-singleturn|p1b: Koraidon|Helping Hand|[of] p1a: Clefairy\n|move|p2b: Farigiraf|Psychic|p1b: Koraidon\n|-damage|p1b: Koraidon|78/100\n|move|p2a: Miraidon|Dazzling Gleam|p1b: Koraidon|[spread] p1a,p1b\n|-resisted|p1b: Koraidon\n|-damage|p1a: Clefairy|0 fnt\n|-damage|p1b: Koraidon|55/100\n|faint|p1a: Clefairy\n|move|p1b: Koraidon|Flare Blitz|p2a: Miraidon\n|-damage|p2a: Miraidon|0 fnt\n|faint|p2a: Miraidon\n|-damage|p1b: Koraidon|21/100|[from] Recoil\n|\n|-weather|SunnyDay|[upkeep]\n|upkeep\n|\n|t:|1774607673\n|switch|p1a: Incineroar|Incineroar, L50, F|18/100\n|switch|p2a: Incineroar|Incineroar, L50, M|51/100\n|-ability|p2a: Incineroar|Intimidate|boost\n|-unboost|p1a: Incineroar|atk|1\n|-fail|p1b: Koraidon|unboost|[from] item: Clear Amulet|[of] p1b: Koraidon\n|-ability|p1a: Incineroar|Intimidate|boost\n|-unboost|p2a: Incineroar|atk|1\n|-unboost|p2b: Farigiraf|atk|1\n|turn|7\n|\n|t:|1774607684\n|move|p1b: Koraidon|Protect|p1b: Koraidon\n|-singleturn|p1b: Koraidon|Protect\n|move|p2a: Incineroar|Flare Blitz|p1a: Incineroar\n|-resisted|p1a: Incineroar\n|-damage|p1a: Incineroar|0 fnt\n|-damage|p2a: Incineroar|35/100|[from] item: Rocky Helmet|[of] p1a: Incineroar\n|faint|p1a: Incineroar\n|-damage|p2a: Incineroar|29/100|[from] Recoil\n|move|p2b: Farigiraf|Foul Play|p1b: Koraidon\n|-activate|p1b: Koraidon|move: Protect\n|\n|-weather|SunnyDay|[upkeep]\n|upkeep\n|turn|8\n|\n|t:|1774607700\n|move|p1b: Koraidon|Protect||[still]\n|-fail|p1b: Koraidon\n|move|p2a: Incineroar|Knock Off|p1b: Koraidon\n|-damage|p1b: Koraidon|0 fnt\n|-enditem|p1b: Koraidon|Clear Amulet|[from] move: Knock Off|[of] p2a: Incineroar\n|faint|p1b: Koraidon\n|\n|win|Highkage2\n|raw|kaiSSTX's rating: 1431 &rarr; <strong>1416</strong><br />(-15 for losing)\n|raw|Highkage2's rating: 1516 &rarr; <strong>1531</strong><br />(+15 for winning)\n|l|\u2606kaiSSTX\n|player|p1|\n","uploadtime":1774607963,"views":15,"formatid":"gen9vgc2026regi","rating":1416,"private":0,"password":null}