{"id":"gen9vgc2026regi-2590837032","format":"[Gen 9] VGC 2026 Reg I","players":["testhan92","svenblack"],"log":"|j|\u2606testhan92\n|j|\u2606svenblack\n|t:|1776853215\n|gametype|doubles\n|player|p1|testhan92|102|1500\n|player|p2|svenblack|barry|1570\n|gen|9\n|tier|[Gen 9] VGC 2026 Reg I\n|rated|\n|rule|Species Clause: Limit one of each Pok\u00e9mon\n|rule|Item Clause: Limit 1 of each item\n|clearpoke\n|poke|p1|Koraidon, L50|\n|poke|p1|Calyrex-Ice, L50|\n|poke|p1|Rillaboom, L50, F|\n|poke|p1|Incineroar, L50, M|\n|poke|p1|Smeargle, L50, F|\n|poke|p1|Landorus, L50, M|\n|poke|p2|Grimmsnarl, L50, M|\n|poke|p2|Iron Hands, L50|\n|poke|p2|Miraidon, L50|\n|poke|p2|Ho-Oh, L50|\n|poke|p2|Farigiraf, L50, M|\n|poke|p2|Ursaluna, L50, M|\n|teampreview|4\n|inactive|Battle timer is ON: inactive players will automatically lose when time's up. (requested by svenblack)\n|inactive|testhan92 has 60 seconds left.\n|\n|t:|1776853256\n|teamsize|p1|4\n|teamsize|p2|4\n|start\n|switch|p1a: Calyrex|Calyrex-Ice, L50|100/100\n|switch|p1b: Incineroar|Incineroar, L50, M|100/100\n|switch|p2a: Miraidon|Miraidon, L50|100/100\n|switch|p2b: Farigiraf|Farigiraf, L50, M|100/100\n|-ability|p1a: Calyrex|As One\n|-ability|p1a: Calyrex|Unnerve\n|-fieldstart|move: Electric Terrain|[from] ability: Hadron Engine|[of] p2a: Miraidon\n|-enditem|p2b: Farigiraf|Electric Seed\n|-boost|p2b: Farigiraf|def|1|[from] item: Electric Seed\n|-ability|p1b: Incineroar|Intimidate|boost\n|-unboost|p2a: Miraidon|atk|1\n|-unboost|p2b: Farigiraf|atk|1\n|turn|1\n|\n|t:|1776853273\n|switch|p1b: Landorus|Landorus, L50, M|100/100\n|-terastallize|p2a: Miraidon|Fairy\n|move|p2b: Farigiraf|Helping Hand|p2a: Miraidon\n|-singleturn|p2a: Miraidon|Helping Hand|[of] p2b: Farigiraf\n|move|p2a: Miraidon|Electro Drift|p1b: Landorus\n|-immune|p1b: Landorus\n|move|p1a: Calyrex|Glacial Lance|p2a: Miraidon|[spread] p2a,p2b\n|-crit|p2a: Miraidon\n|-damage|p2a: Miraidon|38/100\n|-damage|p2b: Farigiraf|73/100\n|\n|upkeep\n|turn|2\n|inactive|testhan92 has 30 seconds left.\n|\n|t:|1776853306\n|switch|p2a: Ho-Oh|Ho-Oh, L50, shiny|100/100\n|move|p1a: Calyrex|Protect|p1a: Calyrex\n|-singleturn|p1a: Calyrex|Protect\n|move|p1b: Landorus|Earth Power|p2a: Ho-Oh\n|-immune|p2a: Ho-Oh\n|move|p2b: Farigiraf|Foul Play|p1a: Calyrex\n|-activate|p1a: Calyrex|move: Protect\n|\n|upkeep\n|turn|3\n|\n|t:|1776853325\n|switch|p1a: Incineroar|Incineroar, L50, M|100/100\n|-ability|p1a: Incineroar|Intimidate|boost\n|-unboost|p2a: Ho-Oh|atk|1\n|-unboost|p2b: Farigiraf|atk|1\n|move|p2b: Farigiraf|Helping Hand|p2a: Ho-Oh\n|-singleturn|p2a: Ho-Oh|Helping Hand|[of] p2b: Farigiraf\n|move|p1b: Landorus|Earth Power|p2b: Farigiraf\n|-damage|p2b: Farigiraf|2/100\n|move|p2a: Ho-Oh|Sacred Fire|p1a: Incineroar\n|-resisted|p1a: Incineroar\n|-damage|p1a: Incineroar|80/100\n|\n|upkeep\n|turn|4\n|inactive|testhan92 has 30 seconds left.\n|\n|t:|1776853351\n|switch|p2a: Miraidon|Miraidon, L50, tera:Fairy|38/100\n|-activate|p2a: Miraidon|ability: Hadron Engine\n|switch|p2b: Iron Hands|Iron Hands, L50|100/100\n|-activate|p2b: Iron Hands|ability: Quark Drive\n|-start|p2b: Iron Hands|quarkdriveatk\n|move|p1b: Landorus|Earth Power|p2b: Iron Hands\n|-supereffective|p2b: Iron Hands\n|-damage|p2b: Iron Hands|10/100\n|move|p1a: Incineroar|Parting Shot|p2a: Miraidon\n|-unboost|p2a: Miraidon|atk|1\n|-unboost|p2a: Miraidon|spa|1\n|\n|t:|1776853366\n|switch|p1a: Calyrex|Calyrex-Ice, L50|100/100|[from] Parting Shot\n|-ability|p1a: Calyrex|As One\n|-ability|p1a: Calyrex|Unnerve\n|\n|upkeep\n|turn|5\n|-message|svenblack forfeited.\n|\n|win|testhan92\n|raw|testhan92's rating: 1500 &rarr; <strong>1524</strong><br />(+24 for winning)\n|raw|svenblack's rating: 1570 &rarr; <strong>1546</strong><br />(-24 for losing)\n|l|\u2606svenblack\n|player|p2|\n","uploadtime":1776853393,"views":19,"formatid":"gen9vgc2026regi","rating":1524,"private":0,"password":null}