{"id":"gen9vgc2026regi-2546651756","format":"[Gen 9] VGC 2026 Reg I","players":["MegaP.Trainer","EllenJoe2026"],"log":"|j|\u2606MegaP.Trainer\n|j|\u2606EllenJoe2026\n|t:|1771989245\n|gametype|doubles\n|player|p1|MegaP.Trainer|silver|1398\n|player|p2|EllenJoe2026|iono|1524\n|gen|9\n|tier|[Gen 9] VGC 2026 Reg I\n|rated|\n|rule|Species Clause: Limit one of each Pok\u00e9mon\n|rule|Item Clause: Limit 1 of each item\n|clearpoke\n|poke|p1|Torkoal, L50, M|\n|poke|p1|Malamar, L50, M|\n|poke|p1|Solgaleo, L50|\n|poke|p1|Indeedee-F, L50, F|\n|poke|p1|Calyrex-Ice, L50|\n|poke|p1|Farigiraf, L50, M|\n|poke|p2|Calyrex-Shadow, L50|\n|poke|p2|Zamazenta-*, L50|\n|poke|p2|Incineroar, L50, F|\n|poke|p2|Rillaboom, L50, F|\n|poke|p2|Ogerpon-Cornerstone, L50, F|\n|poke|p2|Whimsicott, L50, F|\n|teampreview|4\n|inactive|Battle timer is ON: inactive players will automatically lose when time's up. (requested by EllenJoe2026)\n|\n|t:|1771989274\n|teamsize|p1|4\n|teamsize|p2|4\n|start\n|switch|p1a: Indeedee|Indeedee-F, L50, F|100/100\n|switch|p1b: Solgaleo|Solgaleo, L50|100/100\n|switch|p2a: Calyrex|Calyrex-Shadow, L50|100/100\n|switch|p2b: Incineroar|Incineroar, L50, F, shiny|100/100\n|-ability|p2a: Calyrex|As One\n|-ability|p2a: Calyrex|Unnerve\n|-fieldstart|move: Psychic Terrain|[from] ability: Psychic Surge|[of] p1a: Indeedee\n|-enditem|p1b: Solgaleo|Psychic Seed\n|-boost|p1b: Solgaleo|spd|1|[from] item: Psychic Seed\n|-ability|p2b: Incineroar|Intimidate|boost\n|-unboost|p1a: Indeedee|atk|1\n|-fail|p1b: Solgaleo|unboost|[from] ability: Full Metal Body|[of] p1b: Solgaleo\n|turn|1\n|inactive|EllenJoe2026 has 30 seconds left.\n|\n|t:|1771989301\n|move|p2a: Calyrex|Nasty Plot|p2a: Calyrex\n|-boost|p2a: Calyrex|spa|2\n|move|p1b: Solgaleo|Sunsteel Strike|p2a: Calyrex\n|-damage|p2a: Calyrex|33/100\n|move|p2b: Incineroar|Taunt|p1b: Solgaleo\n|-start|p1b: Solgaleo|move: Taunt\n|move|p1a: Indeedee|Trick Room|p1a: Indeedee\n|-fieldstart|move: Trick Room|[of] p1a: Indeedee\n|\n|upkeep\n|turn|2\n|\n|t:|1771989321\n|move|p2a: Calyrex|Protect|p2a: Calyrex\n|-singleturn|p2a: Calyrex|Protect\n|move|p1a: Indeedee|Dazzling Gleam|p2a: Calyrex|[spread] p2b\n|-activate|p2a: Calyrex|move: Protect\n|-damage|p2b: Incineroar|83/100\n|move|p2b: Incineroar|Parting Shot|p1a: Indeedee\n|-unboost|p1a: Indeedee|atk|1\n|-unboost|p1a: Indeedee|spa|1\n|\n|t:|1771989331\n|switch|p2b: Rillaboom|Rillaboom, L50, F, shiny|100/100|[from] Parting Shot\n|-fieldstart|move: Grassy Terrain|[from] ability: Grassy Surge|[of] p2b: Rillaboom\n|move|p1b: Solgaleo|Sunsteel Strike|p2a: Calyrex\n|-activate|p2a: Calyrex|move: Protect\n|\n|-heal|p2a: Calyrex|40/100|[from] Grassy Terrain\n|upkeep\n|turn|3\n|inactive|EllenJoe2026 has 30 seconds left.\n|\n|t:|1771989363\n|switch|p1a: Farigiraf|Farigiraf, L50, M|100/100\n|move|p2b: Rillaboom|Fake Out||[still]\n|cant|p1a: Farigiraf|ability: Armor Tail|Fake Out|[of] p2b: Rillaboom\n|move|p1b: Solgaleo|Sunsteel Strike|p2a: Calyrex\n|-crit|p2a: Calyrex\n|-damage|p2a: Calyrex|0 fnt\n|faint|p2a: Calyrex\n|\n|upkeep\n|\n|t:|1771989372\n|switch|p2a: Incineroar|Incineroar, L50, F, shiny|83/100\n|-ability|p2a: Incineroar|Intimidate|boost\n|-unboost|p1a: Farigiraf|atk|1\n|-fail|p1b: Solgaleo|unboost|[from] ability: Full Metal Body|[of] p1b: Solgaleo\n|turn|4\n|\n|t:|1771989382\n|switch|p1a: Indeedee|Indeedee-F, L50, F|100/100\n|-fieldstart|move: Psychic Terrain|[from] ability: Psychic Surge|[of] p1a: Indeedee\n|move|p2a: Incineroar|Knock Off|p1a: Indeedee\n|-supereffective|p1a: Indeedee\n|-enditem|p1a: Indeedee|Focus Sash\n|-damage|p1a: Indeedee|1/100\n|move|p1b: Solgaleo|Psychic Fangs|p2b: Rillaboom\n|-damage|p2b: Rillaboom|34/100\n|move|p2b: Rillaboom|U-turn|p1a: Indeedee\n|-supereffective|p1a: Indeedee\n|-damage|p1a: Indeedee|0 fnt\n|faint|p1a: Indeedee\n|\n|t:|1771989396\n|switch|p2b: Zamazenta|Zamazenta-Crowned, L50, shiny|100/100|[from] U-turn\n|-ability|p2b: Zamazenta|Dauntless Shield|boost\n|-boost|p2b: Zamazenta|def|1\n|\n|-end|p1b: Solgaleo|move: Taunt\n|upkeep\n|\n|t:|1771989402\n|switch|p1a: Calyrex|Calyrex-Ice, L50|100/100\n|-ability|p1a: Calyrex|As One\n|-ability|p1a: Calyrex|Unnerve\n|turn|5\n|\n|t:|1771989417\n|move|p2b: Zamazenta|Protect|p2b: Zamazenta\n|-singleturn|p2b: Zamazenta|Protect\n|move|p1a: Calyrex|High Horsepower|p2a: Incineroar\n|-supereffective|p2a: Incineroar\n|-damage|p2a: Incineroar|21/100\n|move|p2a: Incineroar|Taunt|p1a: Calyrex\n|-start|p1a: Calyrex|move: Taunt\n|move|p1b: Solgaleo|Sunsteel Strike|p2a: Incineroar\n|-resisted|p2a: Incineroar\n|-damage|p2a: Incineroar|0 fnt\n|faint|p2a: Incineroar\n|\n|-fieldend|move: Trick Room\n|upkeep\n|\n|t:|1771989429\n|switch|p2a: Rillaboom|Rillaboom, L50, F, shiny|34/100\n|-fieldstart|move: Grassy Terrain|[from] ability: Grassy Surge|[of] p2a: Rillaboom\n|turn|6\n|\n|t:|1771989452\n|move|p2b: Zamazenta|Body Press|p1a: Calyrex\n|-damage|p1a: Calyrex|58/100\n|move|p2a: Rillaboom|U-turn|p1a: Calyrex\n|-supereffective|p1a: Calyrex\n|-damage|p1a: Calyrex|27/100\n|move|p1a: Calyrex|Glacial Lance|p2b: Zamazenta|[spread] p2a,p2b\n|-supereffective|p2a: Rillaboom\n|-resisted|p2b: Zamazenta\n|-crit|p2b: Zamazenta\n|-damage|p2a: Rillaboom|0 fnt\n|-damage|p2b: Zamazenta|78/100\n|faint|p2a: Rillaboom\n|-ability|p1a: Calyrex|Chilling Neigh|boost\n|-boost|p1a: Calyrex|atk|1\n|move|p1b: Solgaleo|Trick Room|p1b: Solgaleo\n|-fieldstart|move: Trick Room|[of] p1b: Solgaleo\n|\n|-heal|p1a: Calyrex|32/100|[from] Grassy Terrain\n|-heal|p2b: Zamazenta|84/100|[from] Grassy Terrain\n|upkeep\n|turn|7\n|\n|t:|1771989477\n|move|p2b: Zamazenta|Protect|p2b: Zamazenta\n|-singleturn|p2b: Zamazenta|Protect\n|move|p1a: Calyrex|High Horsepower|p2b: Zamazenta\n|-activate|p2b: Zamazenta|move: Protect\n|move|p1b: Solgaleo|Psychic Fangs|p2b: Zamazenta\n|-activate|p2b: Zamazenta|move: Protect\n|\n|-heal|p1a: Calyrex|38/100|[from] Grassy Terrain\n|-heal|p2b: Zamazenta|90/100|[from] Grassy Terrain\n|upkeep\n|turn|8\n|-message|EllenJoe2026 forfeited.\n|\n|win|MegaP.Trainer\n|raw|MegaP.Trainer's rating: 1398 &rarr; <strong>1425</strong><br />(+27 for winning)\n|raw|EllenJoe2026's rating: 1524 &rarr; <strong>1497</strong><br />(-27 for losing)\n|l|\u2606EllenJoe2026\n|player|p2|\n|l|\u2606MegaP.Trainer\n|player|p1|\n","uploadtime":1771989734,"views":13,"formatid":"gen9vgc2026regi","rating":1425,"private":0,"password":null}