{"id":"gen9vgc2026regi-2578634465","format":"[Gen 9] VGC 2026 Reg I","players":["thenamesmonkey","eltutonach"],"log":"|j|\u2606thenamesmonkey\n|j|\u2606eltutonach\n|t:|1775697811\n|gametype|doubles\n|player|p1|thenamesmonkey|266|1208\n|player|p2|eltutonach|266|1117\n|gen|9\n|tier|[Gen 9] VGC 2026 Reg I\n|rated|\n|rule|Species Clause: Limit one of each Pok\u00e9mon\n|rule|Item Clause: Limit 1 of each item\n|clearpoke\n|poke|p1|Incineroar, L50, M|\n|poke|p1|Calyrex-Shadow, L50|\n|poke|p1|Rillaboom, L50, M|\n|poke|p1|Zamazenta-*, L50|\n|poke|p1|Tornadus, L50, M|\n|poke|p1|Ogerpon-Wellspring, L50, F|\n|poke|p2|Cobalion, L50|\n|poke|p2|Whimsicott, L50, M|\n|poke|p2|Kyogre, L50|\n|poke|p2|Calyrex-Ice, L50|\n|poke|p2|Grimmsnarl, L50, M|\n|poke|p2|Indeedee-F, L50, F|\n|teampreview|4\n|inactive|Battle timer is ON: inactive players will automatically lose when time's up. (requested by eltutonach)\n|\n|t:|1775697836\n|teamsize|p1|4\n|teamsize|p2|4\n|start\n|switch|p1a: Zamazenta|Zamazenta-Crowned, L50|100/100\n|switch|p1b: Ogerpon|Ogerpon-Wellspring, L50, F|100/100\n|switch|p2a: Cobalion|Cobalion, L50|100/100\n|switch|p2b: Whimsicott|Whimsicott, L50, M|100/100\n|-ability|p1a: Zamazenta|Dauntless Shield|boost\n|-boost|p1a: Zamazenta|def|1\n|turn|1\n|inactive|thenamesmonkey has 30 seconds left.\n|\n|t:|1775697869\n|move|p2a: Cobalion|Protect|p2a: Cobalion\n|-singleturn|p2a: Cobalion|Protect\n|move|p1b: Ogerpon|Follow Me|p1b: Ogerpon\n|-singleturn|p1b: Ogerpon|move: Follow Me\n|move|p2b: Whimsicott|Tailwind|p2b: Whimsicott\n|-sidestart|p2: eltutonach|move: Tailwind\n|move|p1a: Zamazenta|Body Press|p2a: Cobalion\n|-activate|p2a: Cobalion|move: Protect\n|\n|upkeep\n|turn|2\n|inactive|eltutonach has 30 seconds left.\n|inactive|eltutonach has 20 seconds left.\n|inactive|eltutonach has 15 seconds left.\n|inactive|eltutonach has 10 seconds left.\n|\n|t:|1775697916\n|switch|p1b: Rillaboom|Rillaboom, L50, M|100/100\n|-fieldstart|move: Grassy Terrain|[from] ability: Grassy Surge|[of] p1b: Rillaboom\n|move|p2b: Whimsicott|Beat Up|p2a: Cobalion\n|-resisted|p2a: Cobalion\n|-damage|p2a: Cobalion|99/100\n|-ability|p2a: Cobalion|Justified|boost\n|-boost|p2a: Cobalion|atk|1\n|-resisted|p2a: Cobalion\n|-damage|p2a: Cobalion|99/100\n|-ability|p2a: Cobalion|Justified|boost\n|-boost|p2a: Cobalion|atk|1\n|-resisted|p2a: Cobalion\n|-damage|p2a: Cobalion|97/100\n|-ability|p2a: Cobalion|Justified|boost\n|-boost|p2a: Cobalion|atk|1\n|-resisted|p2a: Cobalion\n|-damage|p2a: Cobalion|97/100\n|-ability|p2a: Cobalion|Justified|boost\n|-boost|p2a: Cobalion|atk|1\n|-hitcount|p2a: Cobalion|4\n|move|p2a: Cobalion|Sacred Sword|p1a: Zamazenta\n|-supereffective|p1a: Zamazenta\n|-damage|p1a: Zamazenta|0 fnt\n|faint|p1a: Zamazenta\n|-damage|p2a: Cobalion|87/100|[from] item: Life Orb\n|\n|-heal|p2a: Cobalion|93/100|[from] Grassy Terrain\n|upkeep\n|\n|t:|1775697940\n|switch|p1a: Calyrex|Calyrex-Shadow, L50|100/100\n|-ability|p1a: Calyrex|As One\n|-ability|p1a: Calyrex|Unnerve\n|turn|3\n|\n|t:|1775697961\n|move|p2b: Whimsicott|Helping Hand|p2a: Cobalion\n|-singleturn|p2a: Cobalion|Helping Hand|[of] p2b: Whimsicott\n|move|p1b: Rillaboom|Fake Out|p2b: Whimsicott\n|-damage|p2b: Whimsicott|87/100\n|move|p2a: Cobalion|Stone Edge|p1a: Calyrex\n|-enditem|p1a: Calyrex|Focus Sash\n|-damage|p1a: Calyrex|1/100\n|-damage|p2a: Cobalion|83/100|[from] item: Life Orb\n|move|p1a: Calyrex|Nasty Plot|p1a: Calyrex\n|-boost|p1a: Calyrex|spa|2\n|\n|-heal|p2b: Whimsicott|93/100|[from] Grassy Terrain\n|-heal|p2a: Cobalion|90/100|[from] Grassy Terrain\n|-heal|p1a: Calyrex|7/100|[from] Grassy Terrain\n|upkeep\n|turn|4\n|\n|t:|1775697983\n|move|p1a: Calyrex|Protect|p1a: Calyrex\n|-singleturn|p1a: Calyrex|Protect\n|move|p2b: Whimsicott|Taunt|p1b: Rillaboom\n|-start|p1b: Rillaboom|move: Taunt\n|move|p2a: Cobalion|Iron Head|p1a: Calyrex\n|-activate|p1a: Calyrex|move: Protect\n|move|p1b: Rillaboom|High Horsepower|p2a: Cobalion\n|-supereffective|p2a: Cobalion\n|-damage|p2a: Cobalion|37/100\n|\n|-heal|p2b: Whimsicott|99/100|[from] Grassy Terrain\n|-heal|p2a: Cobalion|44/100|[from] Grassy Terrain\n|-heal|p1a: Calyrex|12/100|[from] Grassy Terrain\n|-sideend|p2: eltutonach|move: Tailwind\n|upkeep\n|turn|5\n|inactive|thenamesmonkey has 30 seconds left.\n|inactive|eltutonach has 30 seconds left.\n|\n|t:|1775698011\n|switch|p1b: Ogerpon|Ogerpon-Wellspring, L50, F|100/100\n|move|p2b: Whimsicott|Tailwind|p2b: Whimsicott\n|-sidestart|p2: eltutonach|move: Tailwind\n|move|p2a: Cobalion|Iron Head|p1a: Calyrex\n|-damage|p1a: Calyrex|0 fnt\n|faint|p1a: Calyrex\n|-damage|p2a: Cobalion|34/100|[from] item: Life Orb\n|\n|-heal|p2b: Whimsicott|100/100|[from] Grassy Terrain\n|-heal|p2a: Cobalion|40/100|[from] Grassy Terrain\n|upkeep\n|\n|t:|1775698021\n|switch|p1a: Rillaboom|Rillaboom, L50, M|100/100\n|turn|6\n|\n|t:|1775698030\n|move|p2a: Cobalion|Protect|p2a: Cobalion\n|-singleturn|p2a: Cobalion|Protect\n|move|p1a: Rillaboom|Fake Out|p2b: Whimsicott\n|-damage|p2b: Whimsicott|89/100\n|move|p2b: Whimsicott|Taunt|p1b: Ogerpon\n|-start|p1b: Ogerpon|move: Taunt\n|move|p1b: Ogerpon|Ivy Cudgel|p2a: Cobalion|[anim] Ivy Cudgel Water\n|-activate|p2a: Cobalion|move: Protect\n|\n|-heal|p2b: Whimsicott|95/100|[from] Grassy Terrain\n|-heal|p2a: Cobalion|47/100|[from] Grassy Terrain\n|-fieldend|move: Grassy Terrain\n|upkeep\n|turn|7\n|\n|t:|1775698049\n|-terastallize|p1b: Ogerpon|Water\n|detailschange|p1b: Ogerpon|Ogerpon-Wellspring-Tera, L50, F, tera:Water\n|-ability|p1b: Ogerpon|Embody Aspect (Wellspring)|boost\n|-boost|p1b: Ogerpon|spd|1\n|move|p2b: Whimsicott|Helping Hand|p2a: Cobalion\n|-singleturn|p2a: Cobalion|Helping Hand|[of] p2b: Whimsicott\n|move|p2a: Cobalion|Sacred Sword|p1b: Ogerpon\n|-damage|p1b: Ogerpon|0 fnt\n|faint|p1b: Ogerpon\n|detailschange|p1: Ogerpon|Ogerpon-Wellspring, L50, F|[silent]\n|-damage|p2a: Cobalion|37/100|[from] item: Life Orb\n|move|p1a: Rillaboom|High Horsepower|p2a: Cobalion\n|-supereffective|p2a: Cobalion\n|-damage|p2a: Cobalion|0 fnt\n|faint|p2a: Cobalion\n|\n|upkeep\n|\n|t:|1775698063\n|switch|p2a: Calyrex|Calyrex-Ice, L50|100/100\n|-ability|p2a: Calyrex|As One\n|-ability|p2a: Calyrex|Unnerve\n|turn|8\n|\n|t:|1775698080\n|move|p2b: Whimsicott|Helping Hand|p2a: Calyrex\n|-singleturn|p2a: Calyrex|Helping Hand|[of] p2b: Whimsicott\n|move|p2a: Calyrex|Glacial Lance|p1a: Rillaboom\n|-supereffective|p1a: Rillaboom\n|-damage|p1a: Rillaboom|0 fnt\n|faint|p1a: Rillaboom\n|\n|win|eltutonach\n|raw|thenamesmonkey's rating: 1208 &rarr; <strong>1177</strong><br />(-31 for losing)\n|raw|eltutonach's rating: 1117 &rarr; <strong>1148</strong><br />(+31 for winning)\n|l|\u2606thenamesmonkey\n|player|p1|\n|l|\u2606eltutonach\n|player|p2|\n","uploadtime":1775698316,"views":10,"formatid":"gen9vgc2026regi","rating":1148,"private":0,"password":null}