{"id":"gen9vgc2026regi-2557633936","format":"[Gen 9] VGC 2026 Reg I","players":["KogaAF1219","dthk1216"],"log":"|j|\u2606KogaAF1219\n|j|\u2606dthk1216\n|t:|1773342809\n|gametype|doubles\n|player|p1|KogaAF1219|169|1389\n|player|p2|dthk1216|dawn|1563\n|gen|9\n|tier|[Gen 9] VGC 2026 Reg I\n|rated|\n|rule|Species Clause: Limit one of each Pok\u00e9mon\n|rule|Item Clause: Limit 1 of each item\n|clearpoke\n|poke|p1|Rotom-Fan, L50|\n|poke|p1|Groudon, L50|\n|poke|p1|Whimsicott, L50, M|\n|poke|p1|Calyrex-Shadow, L50|\n|poke|p1|Indeedee, L50, M|\n|poke|p1|Hitmontop, L50, M|\n|poke|p2|Calyrex-Ice, L50|\n|poke|p2|Kyogre, L50|\n|poke|p2|Urshifu-*, L50, F|\n|poke|p2|Rillaboom, L50, F|\n|poke|p2|Grimmsnarl, L50, M|\n|poke|p2|Amoonguss, L50, F|\n|teampreview|4\n|inactive|Battle timer is ON: inactive players will automatically lose when time's up. (requested by dthk1216)\n|inactive|dthk1216 has 60 seconds left.\n|\n|t:|1773342848\n|teamsize|p1|4\n|teamsize|p2|4\n|start\n|switch|p1a: Rotom|Rotom-Fan, L50|100/100\n|switch|p1b: Calyrex|Calyrex-Shadow, L50|100/100\n|switch|p2a: Rillaboom|Rillaboom, L50, F|100/100\n|switch|p2b: Calyrex|Calyrex-Ice, L50|100/100\n|-ability|p1b: Calyrex|As One\n|-ability|p1b: Calyrex|Unnerve\n|-ability|p2b: Calyrex|As One\n|-ability|p2b: Calyrex|Unnerve\n|-fieldstart|move: Grassy Terrain|[from] ability: Grassy Surge|[of] p2a: Rillaboom\n|turn|1\n|\n|t:|1773342864\n|switch|p1a: Hitmontop|Hitmontop, L50, M|100/100\n|-ability|p1a: Hitmontop|Intimidate|boost\n|-unboost|p2a: Rillaboom|atk|1\n|-unboost|p2b: Calyrex|atk|1\n|-terastallize|p2b: Calyrex|Grass\n|move|p1b: Calyrex|Astral Barrage|p2b: Calyrex|[spread] p2a,p2b\n|-damage|p2a: Rillaboom|48/100\n|-damage|p2b: Calyrex|57/100\n|-damage|p1b: Calyrex|91/100|[from] item: Life Orb\n|move|p2a: Rillaboom|U-turn|p1a: Hitmontop\n|-resisted|p1a: Hitmontop\n|-damage|p1a: Hitmontop|91/100\n|-enditem|p1a: Hitmontop|Eject Button\n|\n|t:|1773342876\n|switch|p1a: Rotom|Rotom-Fan, L50|100/100\n|move|p2b: Calyrex|Trick Room|p2b: Calyrex\n|-fieldstart|move: Trick Room|[of] p2b: Calyrex\n|\n|-heal|p2b: Calyrex|62/100|[from] Grassy Terrain\n|-heal|p2b: Calyrex|68/100|[from] item: Leftovers\n|-heal|p2a: Rillaboom|54/100|[from] Grassy Terrain\n|-heal|p1b: Calyrex|96/100|[from] Grassy Terrain\n|upkeep\n|turn|2\n|inactive|dthk1216 has 30 seconds left.\n|inactive|dthk1216 has 20 seconds left.\n|inactive|dthk1216 has 15 seconds left.\n|\n|t:|1773342918\n|switch|p1a: Hitmontop|Hitmontop, L50, M|91/100\n|-ability|p1a: Hitmontop|Intimidate|boost\n|-unboost|p2a: Rillaboom|atk|1\n|-unboost|p2b: Calyrex|atk|1\n|move|p2b: Calyrex|Glacial Lance|p1a: Hitmontop|[spread] p1a,p1b\n|-damage|p1a: Hitmontop|58/100\n|-damage|p1b: Calyrex|63/100\n|move|p2a: Rillaboom|U-turn|p1b: Calyrex\n|-damage|p1b: Calyrex|50/100\n|\n|t:|1773342926\n|switch|p2a: Amoonguss|Amoonguss, L50, F|100/100|[from] U-turn\n|move|p1b: Calyrex|Astral Barrage|p2a: Amoonguss|[spread] p2a,p2b\n|-damage|p2a: Amoonguss|36/100\n|-damage|p2b: Calyrex|28/100\n|-damage|p1b: Calyrex|40/100|[from] item: Life Orb\n|\n|-heal|p2a: Amoonguss|42/100|[from] Grassy Terrain\n|-heal|p2b: Calyrex|34/100|[from] Grassy Terrain\n|-heal|p2b: Calyrex|40/100|[from] item: Leftovers\n|-heal|p1a: Hitmontop|64/100|[from] Grassy Terrain\n|-heal|p1b: Calyrex|46/100|[from] Grassy Terrain\n|upkeep\n|turn|3\n|inactive|dthk1216 has 30 seconds left.\n|\n|t:|1773342961\n|move|p2a: Amoonguss|Protect|p2a: Amoonguss\n|-singleturn|p2a: Amoonguss|Protect\n|move|p2b: Calyrex|Protect|p2b: Calyrex\n|-singleturn|p2b: Calyrex|Protect\n|move|p1a: Hitmontop|Fake Out|p2a: Amoonguss\n|-activate|p2a: Amoonguss|move: Protect\n|move|p1b: Calyrex|Astral Barrage|p2b: Calyrex|[spread] \n|-activate|p2a: Amoonguss|move: Protect\n|-activate|p2b: Calyrex|move: Protect\n|\n|-heal|p2a: Amoonguss|48/100|[from] Grassy Terrain\n|-heal|p2b: Calyrex|45/100|[from] Grassy Terrain\n|-heal|p2b: Calyrex|51/100|[from] item: Leftovers\n|-heal|p1a: Hitmontop|69/100|[from] Grassy Terrain\n|-heal|p1b: Calyrex|51/100|[from] Grassy Terrain\n|upkeep\n|turn|4\n|\n|t:|1773342972\n|switch|p2b: Kyogre|Kyogre, L50|100/100\n|-weather|RainDance|[from] ability: Drizzle|[of] p2b: Kyogre\n|switch|p1a: Groudon|Groudon, L50|100/100\n|-weather|SunnyDay|[from] ability: Drought|[of] p1a: Groudon\n|move|p1b: Calyrex|Protect|p1b: Calyrex\n|-singleturn|p1b: Calyrex|Protect\n|move|p2a: Amoonguss|Spore|p1a: Groudon\n|-status|p1a: Groudon|slp|[from] move: Spore\n|\n|-weather|SunnyDay|[upkeep]\n|-heal|p2a: Amoonguss|53/100|[from] Grassy Terrain\n|-heal|p1b: Calyrex|57/100|[from] Grassy Terrain\n|upkeep\n|turn|5\n|\n|t:|1773342989\n|switch|p1b: Rotom|Rotom-Fan, L50|100/100\n|move|p2a: Amoonguss|Spore|p1b: Rotom\n|-status|p1b: Rotom|slp|[from] move: Spore\n|cant|p1a: Groudon|slp\n|move|p2b: Kyogre|Water Spout|p1a: Groudon|[spread] p1a,p1b\n|-supereffective|p1a: Groudon\n|-damage|p1a: Groudon|0 fnt\n|-damage|p1b: Rotom|25/100 slp\n|faint|p1a: Groudon\n|\n|-weather|SunnyDay|[upkeep]\n|-heal|p2a: Amoonguss|59/100|[from] Grassy Terrain\n|-fieldend|move: Trick Room\n|-fieldend|move: Grassy Terrain\n|upkeep\n|\n|t:|1773343000\n|switch|p1a: Calyrex|Calyrex-Shadow, L50|57/100\n|-ability|p1a: Calyrex|As One\n|-ability|p1a: Calyrex|Unnerve\n|turn|6\n|\n|t:|1773343017\n|move|p2a: Amoonguss|Protect|p2a: Amoonguss\n|-singleturn|p2a: Amoonguss|Protect\n|cant|p1b: Rotom|slp\n|move|p1a: Calyrex|Astral Barrage|p2b: Kyogre|[spread] p2b\n|-activate|p2a: Amoonguss|move: Protect\n|-damage|p2b: Kyogre|50/100\n|-damage|p1a: Calyrex|47/100|[from] item: Life Orb\n|move|p2b: Kyogre|Water Spout|p1b: Rotom|[spread] p1a,p1b\n|-damage|p1a: Calyrex|22/100\n|-damage|p1b: Rotom|0 fnt\n|faint|p1b: Rotom\n|\n|-weather|SunnyDay|[upkeep]\n|upkeep\n|\n|t:|1773343024\n|switch|p1b: Hitmontop|Hitmontop, L50, M|69/100\n|-ability|p1b: Hitmontop|Intimidate|boost\n|-unboost|p2a: Amoonguss|atk|1\n|-unboost|p2b: Kyogre|atk|1\n|turn|7\n|\n|t:|1773343037\n|move|p1b: Hitmontop|Fake Out|p2a: Amoonguss\n|-damage|p2a: Amoonguss|49/100\n|-damage|p1b: Hitmontop|53/100|[from] item: Rocky Helmet|[of] p2a: Amoonguss\n|move|p1a: Calyrex|Astral Barrage|p2b: Kyogre|[spread] p2a,p2b\n|-damage|p2a: Amoonguss|0 fnt\n|-damage|p2b: Kyogre|2/100\n|faint|p2a: Amoonguss\n|-ability|p1a: Calyrex|Grim Neigh|boost\n|-boost|p1a: Calyrex|spa|1\n|-damage|p1a: Calyrex|12/100|[from] item: Life Orb\n|move|p2b: Kyogre|Water Spout|p1a: Calyrex|[spread] p1a,p1b\n|-damage|p1a: Calyrex|11/100\n|-damage|p1b: Hitmontop|52/100\n|\n|-weather|SunnyDay|[upkeep]\n|upkeep\n|\n|t:|1773343043\n|switch|p2a: Rillaboom|Rillaboom, L50, F|54/100\n|-fieldstart|move: Grassy Terrain|[from] ability: Grassy Surge|[of] p2a: Rillaboom\n|turn|8\n|\n|t:|1773343049\n|switch|p2b: Calyrex|Calyrex-Ice, L50, tera:Grass|51/100\n|-ability|p2b: Calyrex|As One\n|-ability|p2b: Calyrex|Unnerve\n|move|p1a: Calyrex|Protect|p1a: Calyrex\n|-singleturn|p1a: Calyrex|Protect\n|move|p2a: Rillaboom|Grassy Glide|p1a: Calyrex\n|-activate|p1a: Calyrex|move: Protect\n|move|p1b: Hitmontop|Close Combat|p2a: Rillaboom\n|-damage|p2a: Rillaboom|1/100\n|-unboost|p1b: Hitmontop|def|1\n|-unboost|p1b: Hitmontop|spd|1\n|\n|-weather|none\n|-heal|p1a: Calyrex|17/100|[from] Grassy Terrain\n|-heal|p2a: Rillaboom|7/100|[from] Grassy Terrain\n|-heal|p1b: Hitmontop|58/100|[from] Grassy Terrain\n|-heal|p2b: Calyrex|57/100|[from] Grassy Terrain\n|-heal|p2b: Calyrex|63/100|[from] item: Leftovers\n|upkeep\n|turn|9\n|\n|t:|1773343058\n|move|p1b: Hitmontop|Feint|p2a: Rillaboom\n|-damage|p2a: Rillaboom|0 fnt\n|faint|p2a: Rillaboom\n|move|p1a: Calyrex|Astral Barrage|p2b: Calyrex\n|-damage|p2b: Calyrex|0 fnt\n|faint|p2b: Calyrex\n|-ability|p1a: Calyrex|Grim Neigh|boost\n|-boost|p1a: Calyrex|spa|1\n|-damage|p1a: Calyrex|7/100|[from] item: Life Orb\n|\n|-heal|p1a: Calyrex|13/100|[from] Grassy Terrain\n|-heal|p1b: Hitmontop|64/100|[from] Grassy Terrain\n|upkeep\n|-message|dthk1216 forfeited.\n|\n|win|KogaAF1219\n|raw|KogaAF1219's rating: 1389 &rarr; <strong>1418</strong><br />(+29 for winning)\n|raw|dthk1216's rating: 1563 &rarr; <strong>1534</strong><br />(-29 for losing)\n|l|\u2606dthk1216\n|player|p2|\n","uploadtime":1773343071,"views":14,"formatid":"gen9vgc2026regi","rating":1418,"private":0,"password":null}