{"id":"gen9vgc2026regi-2559838240","format":"[Gen 9] VGC 2026 Reg I","players":["daniiivgc","Simon0123"],"log":"|j|\u203ddaniiivgc\n|j|\u2606Simon0123\n|t:|1773614850\n|gametype|doubles\n|player|p1|daniiivgc|giovanni|1315\n|player|p2|Simon0123|benga|1224\n|gen|9\n|tier|[Gen 9] VGC 2026 Reg I\n|rated|\n|rule|Species Clause: Limit one of each Pok\u00e9mon\n|rule|Item Clause: Limit 1 of each item\n|clearpoke\n|poke|p1|Infernape, L50, M|\n|poke|p1|Groudon, L50|\n|poke|p1|Walking Wake, L50|\n|poke|p1|Raging Bolt, L50|\n|poke|p1|Zacian-*, L50|\n|poke|p1|Annihilape, L50, M|\n|poke|p2|Calyrex-Shadow, L50|\n|poke|p2|Koraidon, L50|\n|poke|p2|Flutter Mane, L50|\n|poke|p2|Raging Bolt, L50|\n|poke|p2|Whimsicott, L50, F|\n|poke|p2|Chi-Yu, L50|\n|teampreview|4\n|inactive|Battle timer is ON: inactive players will automatically lose when time's up. (requested by Simon0123)\n|\n|t:|1773614874\n|teamsize|p1|4\n|teamsize|p2|4\n|start\n|switch|p1a: Infernape|Infernape, L50, M|100/100\n|switch|p1b: Groudon|Groudon, L50|100/100\n|switch|p2a: Whimsicott|Whimsicott, L50, F|100/100\n|switch|p2b: Koraidon|Koraidon, L50|100/100\n|-weather|SunnyDay|[from] ability: Orichalcum Pulse|[of] p2b: Koraidon\n|-activate|p2b: Koraidon|Orichalcum Pulse|[source]\n|turn|1\n|inactive|daniiivgc has 30 seconds left.\n|\n|t:|1773614907\n|move|p1a: Infernape|Fake Out|p2b: Koraidon\n|-damage|p2b: Koraidon|91/100\n|move|p2a: Whimsicott|Tailwind|p2a: Whimsicott\n|-sidestart|p2: Simon0123|move: Tailwind\n|cant|p2b: Koraidon|flinch\n|move|p1b: Groudon|Heat Crash|p2a: Whimsicott\n|-supereffective|p2a: Whimsicott\n|-damage|p2a: Whimsicott|0 fnt\n|faint|p2a: Whimsicott\n|\n|-weather|SunnyDay|[upkeep]\n|upkeep\n|\n|t:|1773614917\n|switch|p2a: Flutter Mane|Flutter Mane, L50|100/100\n|-activate|p2a: Flutter Mane|ability: Protosynthesis\n|-start|p2a: Flutter Mane|protosynthesisspa\n|turn|2\n|\n|t:|1773614931\n|-terastallize|p1b: Groudon|Fire\n|move|p2b: Koraidon|Collision Course|p1a: Infernape\n|-enditem|p1a: Infernape|Focus Sash\n|-damage|p1a: Infernape|1/100\n|-damage|p2b: Koraidon|82/100|[from] item: Life Orb\n|move|p2a: Flutter Mane|Moonblast|p1b: Groudon\n|-resisted|p1b: Groudon\n|-damage|p1b: Groudon|82/100\n|-unboost|p1b: Groudon|spa|1\n|move|p1a: Infernape|Flamethrower|p2a: Flutter Mane\n|-crit|p2a: Flutter Mane\n|-damage|p2a: Flutter Mane|0 fnt\n|faint|p2a: Flutter Mane\n|-end|p2a: Flutter Mane|Protosynthesis|[silent]\n|move|p1b: Groudon|Precipice Blades|p2b: Koraidon\n|-damage|p2b: Koraidon|16/100\n|\n|-weather|SunnyDay|[upkeep]\n|upkeep\n|\n|t:|1773614937\n|switch|p2a: Raging Bolt|Raging Bolt, L50|100/100\n|-activate|p2a: Raging Bolt|ability: Protosynthesis\n|-start|p2a: Raging Bolt|protosynthesisspa\n|turn|3\n|inactive|Simon0123 has 30 seconds left.\n|\n|t:|1773614967\n|move|p2a: Raging Bolt|Thunderclap|p1a: Infernape\n|-damage|p1a: Infernape|0 fnt\n|faint|p1a: Infernape\n|move|p2b: Koraidon|Collision Course|p1b: Groudon\n|-damage|p1b: Groudon|19/100\n|-damage|p2b: Koraidon|7/100|[from] item: Life Orb\n|move|p1b: Groudon|High Horsepower|p2a: Raging Bolt\n|-supereffective|p2a: Raging Bolt\n|-damage|p2a: Raging Bolt|13/100\n|\n|-weather|SunnyDay|[upkeep]\n|upkeep\n|\n|t:|1773614981\n|switch|p1a: Walking Wake|Walking Wake, L50|100/100\n|-activate|p1a: Walking Wake|ability: Protosynthesis\n|-start|p1a: Walking Wake|protosynthesisspe\n|turn|4\n|\n|t:|1773614996\n|move|p1a: Walking Wake|Protect|p1a: Walking Wake\n|-singleturn|p1a: Walking Wake|Protect\n|move|p2b: Koraidon|Stomping Tantrum|p1b: Groudon\n|-supereffective|p1b: Groudon\n|-damage|p1b: Groudon|0 fnt\n|faint|p1b: Groudon\n|-damage|p2b: Koraidon|0 fnt|[from] item: Life Orb\n|faint|p2b: Koraidon\n|move|p2a: Raging Bolt|Dragon Pulse|p1a: Walking Wake\n|-activate|p1a: Walking Wake|move: Protect\n|\n|-weather|SunnyDay|[upkeep]\n|-sideend|p2: Simon0123|move: Tailwind\n|upkeep\n|\n|t:|1773615007\n|switch|p1b: Zacian|Zacian-Crowned, L50|100/100\n|-ability|p1b: Zacian|Intrepid Sword|boost\n|-boost|p1b: Zacian|atk|1\n|turn|5\n|-message|Simon0123 forfeited.\n|\n|win|daniiivgc\n|raw|daniiivgc's rating: 1315 &rarr; <strong>1330</strong><br />(+15 for winning)\n|raw|Simon0123's rating: 1224 &rarr; <strong>1205</strong><br />(-19 for losing)\n|l|\u2606Simon0123\n|player|p2|\n|l|\u203ddaniiivgc\n|player|p1|\n","uploadtime":1773615241,"views":10,"formatid":"gen9vgc2026regi","rating":1205,"private":0,"password":null}