{"id":"gen9vgc2026regi-2563489645","format":"[Gen 9] VGC 2026 Reg I","players":["timebroken","Galact7adi"],"log":"|j|\u2606timebroken\n|j|\u2606Galact7adi\n|t:|1774030711\n|gametype|doubles\n|player|p1|timebroken|willow|1538\n|player|p2|Galact7adi|266|1548\n|gen|9\n|tier|[Gen 9] VGC 2026 Reg I\n|rated|\n|rule|Species Clause: Limit one of each Pok\u00e9mon\n|rule|Item Clause: Limit 1 of each item\n|clearpoke\n|poke|p1|Calyrex-Shadow, L50|\n|poke|p1|Zamazenta-*, L50|\n|poke|p1|Chien-Pao, L50|\n|poke|p1|Rillaboom, L50, F|\n|poke|p1|Tornadus, L50, M|\n|poke|p1|Raging Bolt, L50|\n|poke|p2|Calyrex-Shadow, L50|\n|poke|p2|Zamazenta-*, L50|\n|poke|p2|Chien-Pao, L50|\n|poke|p2|Dragonite, L50, M|\n|poke|p2|Raging Bolt, L50|\n|poke|p2|Amoonguss, L50, M|\n|teampreview|4\n|inactive|Battle timer is ON: inactive players will automatically lose when time's up. (requested by timebroken)\n|inactive|Galact7adi also wants the timer to be on.\n|inactive|Galact7adi has 60 seconds left.\n|\n|t:|1774030746\n|teamsize|p1|4\n|teamsize|p2|4\n|start\n|switch|p1a: Zamazenta|Zamazenta-Crowned, L50|100/100\n|switch|p1b: Chien-Pao|Chien-Pao, L50|100/100\n|switch|p2a: Chien-Pao|Chien-Pao, L50|100/100\n|switch|p2b: Calyrex|Calyrex-Shadow, L50|100/100\n|-ability|p2b: Calyrex|As One\n|-ability|p2b: Calyrex|Unnerve\n|-ability|p1b: Chien-Pao|Sword of Ruin\n|-ability|p2a: Chien-Pao|Sword of Ruin\n|-ability|p1a: Zamazenta|Dauntless Shield|boost\n|-boost|p1a: Zamazenta|def|1\n|turn|1\n|\n|t:|1774030769\n|-terastallize|p2a: Chien-Pao|Poison\n|move|p2b: Calyrex|Protect|p2b: Calyrex\n|-singleturn|p2b: Calyrex|Protect\n|move|p1b: Chien-Pao|Ice Spinner|p2b: Calyrex\n|-activate|p2b: Calyrex|move: Protect\n|move|p2a: Chien-Pao|Ruination|p1a: Zamazenta\n|-damage|p1a: Zamazenta|50/100\n|move|p1a: Zamazenta|Body Press|p2a: Chien-Pao\n|-resisted|p2a: Chien-Pao\n|-damage|p2a: Chien-Pao|52/100\n|\n|upkeep\n|turn|2\n|inactive|Galact7adi has 30 seconds left.\n|\n|t:|1774030796\n|move|p1a: Zamazenta|Protect|p1a: Zamazenta\n|-singleturn|p1a: Zamazenta|Protect\n|move|p2b: Calyrex|Psychic|p1a: Zamazenta\n|-activate|p1a: Zamazenta|move: Protect\n|move|p1b: Chien-Pao|Ice Spinner|p2b: Calyrex\n|-damage|p2b: Calyrex|12/100\n|-damage|p1b: Chien-Pao|91/100|[from] item: Life Orb\n|move|p2a: Chien-Pao|Ruination|p1b: Chien-Pao\n|-damage|p1b: Chien-Pao|46/100\n|\n|upkeep\n|turn|3\n|inactive|Galact7adi has 30 seconds left.\n|\n|t:|1774030826\n|switch|p2a: Amoonguss|Amoonguss, L50, M|100/100\n|move|p2b: Calyrex|Protect|p2b: Calyrex\n|-singleturn|p2b: Calyrex|Protect\n|move|p1b: Chien-Pao|Sucker Punch||[still]\n|-fail|p1b: Chien-Pao\n|move|p1a: Zamazenta|Heavy Slam|p2b: Calyrex\n|-activate|p2b: Calyrex|move: Protect\n|\n|upkeep\n|turn|4\n|\n|t:|1774030834\n|move|p1a: Zamazenta|Protect|p1a: Zamazenta\n|-singleturn|p1a: Zamazenta|Protect\n|move|p2a: Amoonguss|Rage Powder|p2a: Amoonguss\n|-singleturn|p2a: Amoonguss|move: Rage Powder\n|move|p2b: Calyrex|Psychic|p1a: Zamazenta\n|-activate|p1a: Zamazenta|move: Protect\n|move|p1b: Chien-Pao|Taunt|p2a: Amoonguss\n|-start|p2a: Amoonguss|move: Taunt\n|\n|upkeep\n|turn|5\n|\n|t:|1774030845\n|move|p2b: Calyrex|Encore|p1a: Zamazenta\n|-start|p1a: Zamazenta|Encore\n|move|p1b: Chien-Pao|Ice Spinner|p2a: Amoonguss\n|-supereffective|p2a: Amoonguss\n|-damage|p2a: Amoonguss|0 fnt\n|-damage|p1b: Chien-Pao|30/100|[from] item: Rocky Helmet|[of] p2a: Amoonguss\n|faint|p2a: Amoonguss\n|-damage|p1b: Chien-Pao|20/100|[from] item: Life Orb\n|move|p1a: Zamazenta|Protect||[still]\n|-fail|p1a: Zamazenta\n|\n|upkeep\n|\n|t:|1774030853\n|switch|p2a: Chien-Pao|Chien-Pao, L50, tera:Poison|52/100\n|-ability|p2a: Chien-Pao|Sword of Ruin\n|turn|6\n|\n|t:|1774030862\n|switch|p1a: Tornadus|Tornadus, L50, M|100/100\n|move|p1b: Chien-Pao|Sucker Punch|p2a: Chien-Pao\n|-damage|p2a: Chien-Pao|0 fnt\n|faint|p2a: Chien-Pao\n|-damage|p1b: Chien-Pao|10/100|[from] item: Life Orb\n|move|p2b: Calyrex|Encore|p1b: Chien-Pao\n|-start|p1b: Chien-Pao|Encore\n|\n|upkeep\n|\n|t:|1774030867\n|switch|p2a: Zamazenta|Zamazenta-Crowned, L50|100/100\n|-ability|p2a: Zamazenta|Dauntless Shield|boost\n|-boost|p2a: Zamazenta|def|1\n|turn|7\n|\n|t:|1774030881\n|move|p1b: Chien-Pao|Sucker Punch||[still]\n|-fail|p1b: Chien-Pao\n|move|p1a: Tornadus|Taunt|p2a: Zamazenta\n|-start|p2a: Zamazenta|move: Taunt\n|move|p2b: Calyrex|Encore|p1a: Tornadus\n|-start|p1a: Tornadus|Encore\n|-enditem|p1a: Tornadus|Mental Herb\n|-end|p1a: Tornadus|Encore\n|move|p2a: Zamazenta|Heavy Slam|p1a: Tornadus\n|-damage|p1a: Tornadus|37/100\n|\n|upkeep\n|turn|8\n|\n|t:|1774030901\n|move|p2b: Calyrex|Protect|p2b: Calyrex\n|-singleturn|p2b: Calyrex|Protect\n|move|p1b: Chien-Pao|Sucker Punch|p2a: Zamazenta\n|-resisted|p2a: Zamazenta\n|-damage|p2a: Zamazenta|89/100\n|-damage|p1b: Chien-Pao|0 fnt|[from] item: Life Orb\n|faint|p1b: Chien-Pao\n|move|p1a: Tornadus|Tailwind|p1a: Tornadus\n|-sidestart|p1: timebroken|move: Tailwind\n|move|p2a: Zamazenta|Heavy Slam|p1a: Tornadus\n|-damage|p1a: Tornadus|0 fnt\n|faint|p1a: Tornadus\n|\n|upkeep\n|\n|t:|1774030903\n|switch|p1b: Zamazenta|Zamazenta-Crowned, L50|50/100\n|switch|p1a: Calyrex|Calyrex-Shadow, L50|100/100\n|-ability|p1a: Calyrex|As One\n|-ability|p1a: Calyrex|Unnerve\n|turn|9\n|\n|t:|1774030910\n|-terastallize|p1a: Calyrex|Ghost\n|move|p2b: Calyrex|Protect||[still]\n|-fail|p2b: Calyrex\n|move|p1a: Calyrex|Astral Barrage|p2b: Calyrex|[spread] p2a,p2b\n|-supereffective|p2b: Calyrex\n|-damage|p2a: Zamazenta|39/100\n|-damage|p2b: Calyrex|0 fnt\n|faint|p2b: Calyrex\n|-ability|p1a: Calyrex|Grim Neigh|boost\n|-boost|p1a: Calyrex|spa|1\n|move|p1b: Zamazenta|Body Press|p2a: Zamazenta\n|-supereffective|p2a: Zamazenta\n|-damage|p2a: Zamazenta|5/100\n|move|p2a: Zamazenta|Body Press|p1b: Zamazenta\n|-supereffective|p1b: Zamazenta\n|-damage|p1b: Zamazenta|0 fnt\n|faint|p1b: Zamazenta\n|\n|-end|p2a: Zamazenta|move: Taunt\n|upkeep\n|turn|10\n|\n|t:|1774030917\n|move|p1a: Calyrex|Psychic|p2a: Zamazenta\n|-damage|p2a: Zamazenta|0 fnt\n|faint|p2a: Zamazenta\n|\n|win|timebroken\n|raw|timebroken's rating: 1538 &rarr; <strong>1559</strong><br />(+21 for winning)\n|raw|Galact7adi's rating: 1548 &rarr; <strong>1527</strong><br />(-21 for losing)\n|c|\u2606Galact7adi|Gg wp\n|l|\u2606Galact7adi\n|player|p2|\n|l|\u2606timebroken\n|player|p1|\n","uploadtime":1774031159,"views":15,"formatid":"gen9vgc2026regi","rating":1527,"private":0,"password":null}