{"id":"gen9vgc2026regi-2587763990","format":"[Gen 9] VGC 2026 Reg I","players":["armandopalsud","ChiIotaKappaNu"],"log":"|j|\u2606armandopalsud\n|j|\u2606ChiIotaKappaNu\n|t:|1776561612\n|gametype|doubles\n|player|p1|armandopalsud|hilbert|1389\n|player|p2|ChiIotaKappaNu|2|1389\n|gen|9\n|tier|[Gen 9] VGC 2026 Reg I\n|rated|\n|rule|Species Clause: Limit one of each Pok\u00e9mon\n|rule|Item Clause: Limit 1 of each item\n|clearpoke\n|poke|p1|Koraidon, L50|\n|poke|p1|Lunala, L50|\n|poke|p1|Chi-Yu, L50|\n|poke|p1|Ursaluna, L50, F|\n|poke|p1|Brute Bonnet, L50|\n|poke|p1|Flutter Mane, L50|\n|poke|p2|Wyrdeer, L50, M|\n|poke|p2|Sableye, L50, M|\n|poke|p2|Groudon, L50|\n|poke|p2|Yanmega, L50, M|\n|poke|p2|Miraidon, L50|\n|poke|p2|Flutter Mane, L50|\n|teampreview|4\n|l|\u2606ChiIotaKappaNu\n|player|p2|\n|inactive|Battle timer is ON: inactive players will automatically lose when time's up. (requested by armandopalsud)\n|j|\u2606ChiIotaKappaNu\n|inactive|ChiIotaKappaNu reconnected and has 75 seconds left.\n|player|p2|ChiIotaKappaNu|2|\n|\n|t:|1776561672\n|teamsize|p1|4\n|teamsize|p2|4\n|start\n|switch|p1a: Lunala|Lunala, L50|100/100\n|switch|p1b: Brute Bonnet|Brute Bonnet, L50|100/100\n|switch|p2a: Sableye|Sableye, L50, M|100/100\n|switch|p2b: Yanmega|Yanmega, L50, M|100/100\n|turn|1\n|\n|t:|1776561694\n|move|p2a: Sableye|Gravity|p2a: Sableye\n|-fieldstart|move: Gravity\n|move|p2b: Yanmega|Hypnosis|p1b: Brute Bonnet\n|-status|p1b: Brute Bonnet|slp|[from] move: Hypnosis\n|cant|p1b: Brute Bonnet|slp\n|move|p1a: Lunala|Trick Room|p1a: Lunala\n|-fieldstart|move: Trick Room|[of] p1a: Lunala\n|\n|-ability|p2b: Yanmega|Speed Boost|boost\n|-boost|p2b: Yanmega|spe|1\n|upkeep\n|turn|2\n|\n|t:|1776561713\n|switch|p2a: Groudon|Groudon, L50|100/100\n|-weather|SunnyDay|[from] ability: Drought|[of] p2a: Groudon\n|-activate|p1b: Brute Bonnet|ability: Protosynthesis\n|-start|p1b: Brute Bonnet|protosynthesisdef\n|cant|p1b: Brute Bonnet|slp\n|move|p1a: Lunala|Meteor Beam||[still]\n|-prepare|p1a: Lunala|Meteor Beam\n|-boost|p1a: Lunala|spa|1\n|-enditem|p1a: Lunala|Power Herb\n|-anim|p1a: Lunala|Meteor Beam|p2b: Yanmega\n|-supereffective|p2b: Yanmega\n|-enditem|p2b: Yanmega|Focus Sash\n|-damage|p2b: Yanmega|1/100\n|move|p2b: Yanmega|Struggle Bug|p1b: Brute Bonnet|[spread] p1a,p1b\n|-supereffective|p1b: Brute Bonnet\n|-damage|p1a: Lunala|94/100\n|-damage|p1b: Brute Bonnet|49/100 slp\n|-unboost|p1a: Lunala|spa|1\n|\n|-weather|SunnyDay|[upkeep]\n|-ability|p2b: Yanmega|Speed Boost|boost\n|-boost|p2b: Yanmega|spe|1\n|upkeep\n|turn|3\n|inactive|armandopalsud has 30 seconds left.\n|\n|t:|1776561742\n|move|p2a: Groudon|Protect|p2a: Groudon\n|-singleturn|p2a: Groudon|Protect\n|cant|p1b: Brute Bonnet|slp\n|move|p1a: Lunala|Moongeist Beam|p2b: Yanmega\n|-crit|p2b: Yanmega\n|-damage|p2b: Yanmega|0 fnt\n|faint|p2b: Yanmega\n|\n|-weather|SunnyDay|[upkeep]\n|upkeep\n|\n|t:|1776561751\n|switch|p2b: Sableye|Sableye, L50, M|100/100\n|turn|4\n|\n|t:|1776561764\n|move|p2b: Sableye|Sucker Punch|p1a: Lunala\n|-supereffective|p1a: Lunala\n|-damage|p1a: Lunala|47/100\n|-curestatus|p1b: Brute Bonnet|slp|[msg]\n|move|p1b: Brute Bonnet|Seed Bomb|p2a: Groudon\n|-supereffective|p2a: Groudon\n|-damage|p2a: Groudon|54/100\n|move|p2a: Groudon|Swords Dance|p2a: Groudon\n|-boost|p2a: Groudon|atk|2\n|move|p1a: Lunala|Moongeist Beam|p2a: Groudon\n|-damage|p2a: Groudon|3/100\n|\n|-weather|SunnyDay|[upkeep]\n|upkeep\n|turn|5\n|inactive|armandopalsud has 30 seconds left.\n|\n|t:|1776561796\n|switch|p1a: Ursaluna|Ursaluna, L50, F|100/100\n|move|p2a: Groudon|Protect|p2a: Groudon\n|-singleturn|p2a: Groudon|Protect\n|move|p2b: Sableye|Sucker Punch||[still]\n|-fail|p2b: Sableye\n|move|p1b: Brute Bonnet|Spore|p2a: Groudon\n|-activate|p2a: Groudon|move: Protect\n|\n|-weather|SunnyDay|[upkeep]\n|-fieldend|move: Trick Room\n|-fieldend|move: Gravity\n|-status|p1a: Ursaluna|brn|[from] item: Flame Orb\n|upkeep\n|turn|6\n|\n|t:|1776561811\n|switch|p1a: Lunala|Lunala, L50|47/100\n|move|p2b: Sableye|Gravity|p2b: Sableye\n|-fieldstart|move: Gravity\n|move|p1b: Brute Bonnet|Sucker Punch|p2a: Groudon\n|-damage|p2a: Groudon|0 fnt\n|faint|p2a: Groudon\n|\n|-weather|none\n|-end|p1b: Brute Bonnet|Protosynthesis\n|upkeep\n|-message|ChiIotaKappaNu forfeited.\n|\n|win|armandopalsud\n|raw|armandopalsud's rating: 1389 &rarr; <strong>1409</strong><br />(+20 for winning)\n|raw|ChiIotaKappaNu's rating: 1389 &rarr; <strong>1369</strong><br />(-20 for losing)\n|l|\u2606ChiIotaKappaNu\n|player|p2|\n|l|\u2606armandopalsud\n|player|p1|\n","uploadtime":1776562007,"views":10,"formatid":"gen9vgc2026regi","rating":1369,"private":0,"password":null}