{"id":"gen9vgc2026regi-2590292338","format":"[Gen 9] VGC 2026 Reg I","players":["Sheevpnew","u lost da game"],"log":"|j|\u2606Sheevpnew\n|j|\u2606u lost da game\n|t:|1776799078\n|gametype|doubles\n|player|p1|Sheevpnew|265|1539\n|player|p2|u lost da game|169|1412\n|gen|9\n|tier|[Gen 9] VGC 2026 Reg I\n|rated|\n|rule|Species Clause: Limit one of each Pok\u00e9mon\n|rule|Item Clause: Limit 1 of each item\n|clearpoke\n|poke|p1|Calyrex-Ice, L50|\n|poke|p1|Kyogre, L50|\n|poke|p1|Smeargle, L50, F|\n|poke|p1|Roaring Moon, L50|\n|poke|p1|Landorus, L50, M|\n|poke|p1|Ogerpon-Cornerstone, L50, F|\n|poke|p2|Miraidon, L50|\n|poke|p2|Ursaluna, L50, F|\n|poke|p2|Ho-Oh, L50|\n|poke|p2|Incineroar, L50, F|\n|poke|p2|Flutter Mane, L50|\n|poke|p2|Cresselia, L50, F|\n|teampreview|4\n|\n|t:|1776799090\n|teamsize|p1|4\n|teamsize|p2|4\n|start\n|switch|p1a: Smeargle|Smeargle, L50, F|100/100\n|switch|p1b: Landorus|Landorus, L50, M|100/100\n|switch|p2a: Flutter Mane|Flutter Mane, L50|100/100\n|switch|p2b: Miraidon|Miraidon, L50|100/100\n|-fieldstart|move: Electric Terrain|[from] ability: Hadron Engine|[of] p2b: Miraidon\n|turn|1\n|\n|t:|1776799105\n|switch|p2b: Cresselia|Cresselia, L50, F|100/100\n|-terastallize|p1b: Landorus|Water\n|move|p2a: Flutter Mane|Icy Wind|p1b: Landorus|[spread] p1a,p1b\n|-resisted|p1b: Landorus\n|-damage|p1a: Smeargle|69/100\n|-damage|p1b: Landorus|92/100\n|-unboost|p1a: Smeargle|spe|1\n|-unboost|p1b: Landorus|spe|1\n|move|p1a: Smeargle|Decorate|p1b: Landorus\n|-boost|p1b: Landorus|atk|2\n|-boost|p1b: Landorus|spa|2\n|move|p1b: Landorus|Sandsear Storm|p2a: Flutter Mane|[spread] \n|-immune|p2b: Cresselia|[from] ability: Levitate\n|-miss|p1b: Landorus|p2a: Flutter Mane\n|\n|upkeep\n|turn|2\n|\n|t:|1776799123\n|move|p2b: Cresselia|Helping Hand|p2a: Flutter Mane\n|-singleturn|p2a: Flutter Mane|Helping Hand|[of] p2b: Cresselia\n|move|p1b: Landorus|Protect|p1b: Landorus\n|-singleturn|p1b: Landorus|Protect\n|move|p2a: Flutter Mane|Moonblast|p1b: Landorus\n|-activate|p1b: Landorus|move: Protect\n|move|p1a: Smeargle|Spore|p2b: Cresselia\n|-status|p2b: Cresselia|slp|[from] move: Spore\n|\n|upkeep\n|turn|3\n|\n|t:|1776799141\n|switch|p1a: Calyrex|Calyrex-Ice, L50|100/100\n|-ability|p1a: Calyrex|As One\n|-ability|p1a: Calyrex|Unnerve\n|-terastallize|p2a: Flutter Mane|Fairy\n|move|p2a: Flutter Mane|Dazzling Gleam|p1a: Calyrex|[spread] p1a,p1b\n|-damage|p1a: Calyrex|76/100\n|-damage|p1b: Landorus|45/100\n|cant|p2b: Cresselia|slp\n|move|p1b: Landorus|Earth Power|p2a: Flutter Mane\n|-enditem|p2a: Flutter Mane|Focus Sash\n|-damage|p2a: Flutter Mane|1/100\n|\n|-heal|p1a: Calyrex|82/100|[from] item: Leftovers\n|upkeep\n|turn|4\n|\n|t:|1776799160\n|-end|p2a: Flutter Mane|Protosynthesis|[silent]\n|switch|p2a: Incineroar|Incineroar, L50, F|100/100\n|-ability|p2a: Incineroar|Intimidate|boost\n|-unboost|p1a: Calyrex|atk|1\n|-unboost|p1b: Landorus|atk|1\n|move|p1b: Landorus|Protect|p1b: Landorus\n|-singleturn|p1b: Landorus|Protect\n|-curestatus|p2b: Cresselia|slp|[msg]\n|move|p2b: Cresselia|Psychic|p1b: Landorus\n|-activate|p1b: Landorus|move: Protect\n|move|p1a: Calyrex|Glacial Lance|p2b: Cresselia|[spread] p2a,p2b\n|-resisted|p2a: Incineroar\n|-crit|p2a: Incineroar\n|-damage|p2a: Incineroar|63/100\n|-damage|p2b: Cresselia|75/100\n|\n|-heal|p1a: Calyrex|88/100|[from] item: Leftovers\n|upkeep\n|turn|5\n|\n|t:|1776799183\n|switch|p1a: Smeargle|Smeargle, L50, F|69/100\n|move|p2a: Incineroar|Fake Out|p1b: Landorus\n|-damage|p1b: Landorus|33/100\n|move|p2b: Cresselia|Psychic|p1b: Landorus\n|-damage|p1b: Landorus|4/100\n|cant|p1b: Landorus|flinch\n|\n|-fieldend|move: Electric Terrain\n|upkeep\n|turn|6\n|\n|t:|1776799202\n|switch|p2b: Miraidon|Miraidon, L50|100/100\n|-fieldstart|move: Electric Terrain|[from] ability: Hadron Engine|[of] p2b: Miraidon\n|switch|p2a: Flutter Mane|Flutter Mane, L50, tera:Fairy|1/100\n|move|p1a: Smeargle|Fake Out|p2b: Miraidon\n|-damage|p2b: Miraidon|93/100\n|move|p1b: Landorus|Earth Power|p2a: Flutter Mane\n|-damage|p2a: Flutter Mane|0 fnt\n|faint|p2a: Flutter Mane\n|-end|p2a: Flutter Mane|Protosynthesis|[silent]\n|\n|upkeep\n|\n|t:|1776799211\n|switch|p2a: Incineroar|Incineroar, L50, F|63/100\n|-ability|p2a: Incineroar|Intimidate|boost\n|-unboost|p1a: Smeargle|atk|1\n|-unboost|p1b: Landorus|atk|1\n|turn|7\n|\n|t:|1776799219\n|move|p1b: Landorus|Protect|p1b: Landorus\n|-singleturn|p1b: Landorus|Protect\n|move|p2b: Miraidon|Dazzling Gleam|p1b: Landorus|[spread] p1a\n|-activate|p1b: Landorus|move: Protect\n|-damage|p1a: Smeargle|0 fnt\n|faint|p1a: Smeargle\n|move|p2a: Incineroar|U-turn|p1b: Landorus\n|-activate|p1b: Landorus|move: Protect\n|\n|upkeep\n|\n|t:|1776799227\n|switch|p1a: Calyrex|Calyrex-Ice, L50|88/100\n|-ability|p1a: Calyrex|As One\n|-ability|p1a: Calyrex|Unnerve\n|turn|8\n|l|\u2606Sheevpnew\n|player|p1|\n|j|\u2606Sheevpnew\n|player|p1|Sheevpnew|265|\n|\n|t:|1776799256\n|move|p1a: Calyrex|Protect|p1a: Calyrex\n|-singleturn|p1a: Calyrex|Protect\n|move|p2b: Miraidon|Dazzling Gleam|p1b: Landorus|[spread] p1b\n|-activate|p1a: Calyrex|move: Protect\n|-damage|p1b: Landorus|0 fnt\n|faint|p1b: Landorus\n|move|p2a: Incineroar|Knock Off|p1a: Calyrex\n|-activate|p1a: Calyrex|move: Protect\n|\n|-heal|p1a: Calyrex|94/100|[from] item: Leftovers\n|upkeep\n|\n|t:|1776799265\n|switch|p1b: Kyogre|Kyogre, L50|100/100\n|-weather|RainDance|[from] ability: Drizzle|[of] p1b: Kyogre\n|turn|9\n|\n|t:|1776799274\n|switch|p2a: Cresselia|Cresselia, L50, F|75/100\n|move|p2b: Miraidon|Dazzling Gleam|p1a: Calyrex|[spread] p1a,p1b\n|-damage|p1a: Calyrex|68/100\n|-damage|p1b: Kyogre|73/100\n|move|p1b: Kyogre|Water Spout|p2b: Miraidon|[spread] p2a,p2b\n|-resisted|p2b: Miraidon\n|-damage|p2a: Cresselia|23/100\n|-damage|p2b: Miraidon|52/100\n|move|p1a: Calyrex|Glacial Lance|p2a: Cresselia|[spread] p2a,p2b\n|-supereffective|p2b: Miraidon\n|-damage|p2a: Cresselia|0 fnt\n|-damage|p2b: Miraidon|0 fnt\n|faint|p2a: Cresselia\n|faint|p2b: Miraidon\n|-ability|p1a: Calyrex|Chilling Neigh|boost\n|-boost|p1a: Calyrex|atk|2\n|\n|-weather|RainDance|[upkeep]\n|-heal|p1a: Calyrex|74/100|[from] item: Leftovers\n|upkeep\n|-message|u lost da game forfeited.\n|\n|win|Sheevpnew\n|raw|Sheevpnew's rating: 1539 &rarr; <strong>1552</strong><br />(+13 for winning)\n|raw|u lost da game's rating: 1412 &rarr; <strong>1399</strong><br />(-13 for losing)\n|l|\u2606u lost da game\n|player|p2|\n|l|\u2606Sheevpnew\n|player|p1|\n|j|\u2606Sheevpnew\n|player|p1|Sheevpnew|265|\n","uploadtime":1776799453,"views":8,"formatid":"gen9vgc2026regi","rating":1399,"private":0,"password":null}