{"id":"gen9vgc2026regi-2568312960","format":"[Gen 9] VGC 2026 Reg I","players":["Erseo05","D4RKEVA"],"log":"|j|\u2606Erseo05\n|j|\u2606D4RKEVA\n|t:|1774565400\n|gametype|doubles\n|player|p1|Erseo05|266|1406\n|player|p2|D4RKEVA|102|1470\n|gen|9\n|tier|[Gen 9] VGC 2026 Reg I\n|rated|\n|rule|Species Clause: Limit one of each Pok\u00e9mon\n|rule|Item Clause: Limit 1 of each item\n|clearpoke\n|poke|p1|Miraidon, L50|\n|poke|p1|Iron Hands, L50|\n|poke|p1|Grimmsnarl, L50, M|\n|poke|p1|Farigiraf, L50, F|\n|poke|p1|Calyrex-Ice, L50|\n|poke|p1|Torkoal, L50, F|\n|poke|p2|Lunala, L50|\n|poke|p2|Koraidon, L50|\n|poke|p2|Flutter Mane, L50|\n|poke|p2|Brute Bonnet, L50|\n|poke|p2|Chi-Yu, L50|\n|poke|p2|Ursaluna, L50, F|\n|teampreview|4\n|inactive|Battle timer is ON: inactive players will automatically lose when time's up. (requested by D4RKEVA)\nD4RKEVA rejected open team sheets.\n|inactive|Erseo05 has 60 seconds left.\n|inactive|D4RKEVA has 60 seconds left.\n|\n|t:|1774565445\n|teamsize|p1|4\n|teamsize|p2|4\n|start\n|switch|p1a: Grimmsnarl|Grimmsnarl, L50, M|100/100\n|switch|p1b: Calyrex|Calyrex-Ice, L50|100/100\n|switch|p2a: MoonMoon|Lunala, L50|100/100\n|switch|p2b: Brute Bonnie|Brute Bonnet, L50|100/100\n|-ability|p1b: Calyrex|As One\n|-ability|p1b: Calyrex|Unnerve\n|turn|1\n|inactive|Erseo05 has 30 seconds left.\n|\n|t:|1774565474\n|-end|p2b: Brute Bonnie|Protosynthesis|[silent]\n|switch|p2b: Chi-Yu|Chi-Yu, L50|100/100\n|-ability|p2b: Chi-Yu|Beads of Ruin\n|-terastallize|p1b: Calyrex|Water\n|move|p1a: Grimmsnarl|Fake Out|p2b: Chi-Yu\n|-damage|p2b: Chi-Yu|81/100\n|move|p2a: MoonMoon|Meteor Beam||[still]\n|-prepare|p2a: MoonMoon|Meteor Beam\n|-boost|p2a: MoonMoon|spa|1\n|-enditem|p2a: MoonMoon|Power Herb\n|-anim|p2a: MoonMoon|Meteor Beam|p1b: Calyrex\n|-damage|p1b: Calyrex|37/100\n|move|p1b: Calyrex|Glacial Lance|p2b: Chi-Yu|[spread] p2a,p2b\n|-resisted|p2b: Chi-Yu\n|-damage|p2a: MoonMoon|78/100\n|-damage|p2b: Chi-Yu|36/100\n|\n|upkeep\n|turn|2\n|inactive|Erseo05 has 30 seconds left.\n|inactive|Erseo05 has 20 seconds left.\n|inactive|Erseo05 has 15 seconds left.\n|\n|t:|1774565518\n|move|p1a: Grimmsnarl|Trick|p2b: Chi-Yu\n|-hint|Since gen 7, Dark is immune to Prankster moves.\n|-immune|p2b: Chi-Yu\n|move|p2b: Chi-Yu|Heat Wave|p1a: Grimmsnarl|[spread] p1a,p1b\n|-resisted|p1b: Calyrex\n|-damage|p1a: Grimmsnarl|44/100\n|-damage|p1b: Calyrex|17/100\n|move|p2a: MoonMoon|Moongeist Beam|p1b: Calyrex\n|-damage|p1b: Calyrex|0 fnt\n|faint|p1b: Calyrex\n|\n|upkeep\n|\n|t:|1774565529\n|switch|p1b: Miraidon|Miraidon, L50|100/100\n|-fieldstart|move: Electric Terrain|[from] ability: Hadron Engine|[of] p1b: Miraidon\n|turn|3\n|\n|t:|1774565545\n|move|p1a: Grimmsnarl|Trick|p2a: MoonMoon\n|-activate|p1a: Grimmsnarl|move: Trick|[of] p2a: MoonMoon\n|-item|p2a: MoonMoon|Lagging Tail|[from] move: Trick\n|-enditem|p1a: Grimmsnarl|Lagging Tail|[silent]|[from] move: Trick\n|move|p2b: Chi-Yu|Heat Wave|p1a: Grimmsnarl|[spread] p1a,p1b\n|-resisted|p1b: Miraidon\n|-damage|p1a: Grimmsnarl|0 fnt\n|-damage|p1b: Miraidon|76/100\n|faint|p1a: Grimmsnarl\n|move|p1b: Miraidon|Volt Switch|p2b: Chi-Yu\n|-damage|p2b: Chi-Yu|0 fnt\n|faint|p2b: Chi-Yu\n|\n|t:|1774565556\n|switch|p1b: Iron Hands|Iron Hands, L50|100/100|[from] Volt Switch\n|-activate|p1b: Iron Hands|ability: Quark Drive\n|-start|p1b: Iron Hands|quarkdriveatk\n|move|p2a: MoonMoon|Moongeist Beam|p1b: Iron Hands\n|-damage|p1b: Iron Hands|40/100\n|\n|upkeep\n|\n|t:|1774565567\n|switch|p2b: Clydeon|Koraidon, L50|100/100\n|switch|p1a: Miraidon|Miraidon, L50|76/100\n|-weather|SunnyDay|[from] ability: Orichalcum Pulse|[of] p2b: Clydeon\n|-activate|p2b: Clydeon|Orichalcum Pulse|[source]\n|-activate|p1a: Miraidon|ability: Hadron Engine\n|turn|4\n|\n|t:|1774565590\n|-terastallize|p2a: MoonMoon|Fairy\n|move|p1a: Miraidon|Draco Meteor|p2b: Clydeon\n|-supereffective|p2b: Clydeon\n|-damage|p2b: Clydeon|0 fnt\n|-unboost|p1a: Miraidon|spa|2\n|faint|p2b: Clydeon\n|move|p1b: Iron Hands|Wild Charge|p2a: MoonMoon\n|-damage|p2a: MoonMoon|18/100\n|-damage|p1b: Iron Hands|26/100|[from] Recoil\n|move|p2a: MoonMoon|Moongeist Beam|p1b: Iron Hands\n|-damage|p1b: Iron Hands|0 fnt\n|faint|p1b: Iron Hands\n|-end|p1b: Iron Hands|Quark Drive|[silent]\n|\n|-weather|SunnyDay|[upkeep]\n|upkeep\n|\n|t:|1774565594\n|switch|p2b: Brute Bonnie|Brute Bonnet, L50|100/100\n|-activate|p2b: Brute Bonnie|ability: Protosynthesis\n|-start|p2b: Brute Bonnie|protosynthesisdef\n|turn|5\n|-message|Erseo05 forfeited.\n|\n|win|D4RKEVA\n|raw|Erseo05's rating: 1406 &rarr; <strong>1390</strong><br />(-16 for losing)\n|raw|D4RKEVA's rating: 1470 &rarr; <strong>1486</strong><br />(+16 for winning)\n|l|\u2606Erseo05\n|player|p1|\n","uploadtime":1774565606,"views":259,"formatid":"gen9vgc2026regi","rating":1390,"private":0,"password":null}