{"id":"gen9vgc2026regi-2555681978","format":"[Gen 9] VGC 2026 Reg I","players":["palHunter","jj11j1"],"log":"|j|\u2606palHunter\n|j|\u2606jj11j1\n|t:|1773117902\n|gametype|doubles\n|player|p1|palHunter|dawn|1442\n|player|p2|jj11j1|101|1357\n|gen|9\n|tier|[Gen 9] VGC 2026 Reg I\n|rated|\n|rule|Species Clause: Limit one of each Pok\u00e9mon\n|rule|Item Clause: Limit 1 of each item\n|clearpoke\n|poke|p1|Miraidon, L50|\n|poke|p1|Amoonguss, L50, F|\n|poke|p1|Calyrex-Ice, L50|\n|poke|p1|Urshifu-*, L50, M|\n|poke|p1|Incineroar, L50, F|\n|poke|p1|Landorus, L50, M|\n|poke|p2|Kyogre, L50|\n|poke|p2|Calyrex-Ice, L50|\n|poke|p2|Landorus, L50, M|\n|poke|p2|Urshifu-*, L50, F|\n|poke|p2|Smeargle, L50, M|\n|poke|p2|Flutter Mane, L50|\n|teampreview|4\n|inactive|Battle timer is ON: inactive players will automatically lose when time's up. (requested by palHunter)\n|\n|t:|1773117940\n|teamsize|p1|4\n|teamsize|p2|4\n|start\n|switch|p1a: Miraidon|Miraidon, L50|100/100\n|switch|p1b: Urshifu|Urshifu-Rapid-Strike, L50, M|100/100\n|switch|p2a: Flutter Mane|Flutter Mane, L50|100/100\n|switch|p2b: Landorus|Landorus, L50, M|100/100\n|-fieldstart|move: Electric Terrain|[from] ability: Hadron Engine|[of] p1a: Miraidon\n|turn|1\n|\n|t:|1773117961\n|move|p1b: Urshifu|Aqua Jet|p2a: Flutter Mane\n|-damage|p2a: Flutter Mane|48/100\n|move|p1a: Miraidon|Volt Switch|p2a: Flutter Mane\n|-damage|p2a: Flutter Mane|0 fnt\n|faint|p2a: Flutter Mane\n|-end|p2a: Flutter Mane|Protosynthesis|[silent]\n|\n|t:|1773117969\n|switch|p1a: Calyrex|Calyrex-Ice, L50|100/100|[from] Volt Switch\n|-ability|p1a: Calyrex|As One\n|-ability|p1a: Calyrex|Unnerve\n|move|p2b: Landorus|Earth Power|p1a: Calyrex\n|-damage|p1a: Calyrex|55/100\n|\n|upkeep\n|\n|t:|1773117981\n|switch|p2a: Kyogre|Kyogre, L50|100/100\n|-weather|RainDance|[from] ability: Drizzle|[of] p2a: Kyogre\n|turn|2\n|\n|t:|1773117990\n|move|p1a: Calyrex|Protect|p1a: Calyrex\n|-singleturn|p1a: Calyrex|Protect\n|move|p2b: Landorus|Sandsear Storm|p1b: Urshifu|[spread] p1b\n|-activate|p1a: Calyrex|move: Protect\n|-damage|p1b: Urshifu|5/100\n|move|p1b: Urshifu|Surging Strikes|p2b: Landorus\n|-supereffective|p2b: Landorus\n|-crit|p2b: Landorus\n|-damage|p2b: Landorus|16/100\n|-supereffective|p2b: Landorus\n|-crit|p2b: Landorus\n|-damage|p2b: Landorus|0 fnt\n|faint|p2b: Landorus\n|-hitcount|p2: Landorus|2\n|move|p2a: Kyogre|Water Spout|p1b: Urshifu|[spread] p1b\n|-activate|p1a: Calyrex|move: Protect\n|-resisted|p1b: Urshifu\n|-damage|p1b: Urshifu|0 fnt\n|faint|p1b: Urshifu\n|\n|-weather|RainDance|[upkeep]\n|upkeep\n|\n|t:|1773118014\n|switch|p2b: Calyrex|Calyrex-Ice, L50|100/100\n|switch|p1b: Incineroar|Incineroar, L50, F, shiny|100/100\n|-ability|p2b: Calyrex|As One\n|-ability|p2b: Calyrex|Unnerve\n|-ability|p1b: Incineroar|Intimidate|boost\n|-unboost|p2a: Kyogre|atk|1\n|-fail|p2b: Calyrex|unboost|[from] item: Clear Amulet|[of] p2b: Calyrex\n|turn|3\n|inactive|palHunter has 30 seconds left.\n|inactive|palHunter has 20 seconds left.\n|inactive|palHunter has 15 seconds left.\n|\n|t:|1773118059\n|-terastallize|p1b: Incineroar|Bug\n|move|p2a: Kyogre|Protect|p2a: Kyogre\n|-singleturn|p2a: Kyogre|Protect\n|move|p1b: Incineroar|Knock Off|p2b: Calyrex\n|-supereffective|p2b: Calyrex\n|-damage|p2b: Calyrex|42/100\n|-enditem|p2b: Calyrex|Clear Amulet|[from] move: Knock Off|[of] p1b: Incineroar\n|move|p2b: Calyrex|Imprison|p2b: Calyrex\n|-start|p2b: Calyrex|move: Imprison\n|cant|p1a: Calyrex|move: Imprison|Glacial Lance\n|\n|-weather|RainDance|[upkeep]\n|upkeep\n|turn|4\n|\n|t:|1773118082\n|-terastallize|p2b: Calyrex|Grass\n|move|p1a: Calyrex|Protect|p1a: Calyrex\n|-singleturn|p1a: Calyrex|Protect\n|move|p1b: Incineroar|U-turn|p2b: Calyrex\n|-supereffective|p2b: Calyrex\n|-damage|p2b: Calyrex|1/100\n|\n|t:|1773118090\n|switch|p1b: Miraidon|Miraidon, L50|100/100|[from] U-turn\n|-activate|p1b: Miraidon|ability: Hadron Engine\n|move|p2a: Kyogre|Water Spout|p1a: Calyrex|[spread] p1b\n|-activate|p1a: Calyrex|move: Protect\n|-resisted|p1b: Miraidon\n|-damage|p1b: Miraidon|48/100\n|move|p2b: Calyrex|Trick Room|p2b: Calyrex\n|-fieldstart|move: Trick Room|[of] p2b: Calyrex\n|\n|-weather|RainDance|[upkeep]\n|upkeep\n|turn|5\n|inactive|palHunter has 30 seconds left.\n|inactive|palHunter has 20 seconds left.\n|inactive|palHunter has 15 seconds left.\n|inactive|palHunter has 10 seconds left.\n|\n|t:|1773118137\n|switch|p1b: Incineroar|Incineroar, L50, F, shiny, tera:Bug|100/100\n|-ability|p1b: Incineroar|Intimidate|boost\n|-unboost|p2a: Kyogre|atk|1\n|-unboost|p2b: Calyrex|atk|1\n|move|p1a: Calyrex|Protect||[still]\n|-fail|p1a: Calyrex\n|move|p2a: Kyogre|Water Spout|p1a: Calyrex|[spread] p1a,p1b\n|-damage|p1a: Calyrex|0 fnt\n|-damage|p1b: Incineroar|36/100\n|faint|p1a: Calyrex\n|move|p2b: Calyrex|Glacial Lance|p1b: Incineroar\n|-damage|p1b: Incineroar|0 fnt\n|faint|p1b: Incineroar\n|-ability|p2b: Calyrex|Chilling Neigh|boost\n|-boost|p2b: Calyrex|atk|1\n|\n|-weather|RainDance|[upkeep]\n|-fieldend|move: Electric Terrain\n|upkeep\n|-message|palHunter forfeited.\n|\n|win|jj11j1\n|raw|palHunter's rating: 1442 &rarr; <strong>1417</strong><br />(-25 for losing)\n|raw|jj11j1's rating: 1357 &rarr; <strong>1382</strong><br />(+25 for winning)\n|l|\u2606palHunter\n|player|p1|\n|l|\u2606jj11j1\n|player|p2|\n","uploadtime":1773118327,"views":12,"formatid":"gen9vgc2026regi","rating":1382,"private":0,"password":null}