{"id":"gen9vgc2026regi-2532612428","format":"[Gen 9] VGC 2026 Reg I","players":["yubanmeiqin","Stinky57"],"log":"|j|\u2606yubanmeiqin\n|j|\u2606Stinky57\n|t:|1770205459\n|gametype|doubles\n|player|p1|yubanmeiqin|iono-masters|1388\n|player|p2|Stinky57|170|1509\n|gen|9\n|tier|[Gen 9] VGC 2026 Reg I\n|rated|\n|rule|Species Clause: Limit one of each Pok\u00e9mon\n|rule|Item Clause: Limit 1 of each item\n|clearpoke\n|poke|p1|Koraidon, L50|\n|poke|p1|Calyrex-Ice, L50|\n|poke|p1|Incineroar, L50, M|\n|poke|p1|Smeargle, L50, M|\n|poke|p1|Rillaboom, L50, M|\n|poke|p1|Landorus, L50, M|\n|poke|p2|Miraidon, L50|\n|poke|p2|Necrozma-Dusk-Mane, L50|\n|poke|p2|Pelipper, L50, M|\n|poke|p2|Iron Hands, L50|\n|poke|p2|Whimsicott, L50, F|\n|poke|p2|Urshifu-*, L50, F|\n|teampreview|4\n|\n|t:|1770205507\n|teamsize|p1|4\n|teamsize|p2|4\n|start\n|switch|p1a: Smeargle|Smeargle, L50, M|100/100\n|switch|p1b: Calyrex|Calyrex-Ice, L50|100/100\n|switch|p2a: Iron Hands|Iron Hands, L50, shiny|100/100\n|switch|p2b: Necrozma|Necrozma-Dusk-Mane, L50|100/100\n|-ability|p1b: Calyrex|As One\n|-ability|p1b: Calyrex|Unnerve\n|turn|1\n|\n|t:|1770205520\n|move|p1a: Smeargle|Spiky Shield|p1a: Smeargle\n|-singleturn|p1a: Smeargle|move: Protect\n|move|p1b: Calyrex|Protect|p1b: Calyrex\n|-singleturn|p1b: Calyrex|Protect\n|move|p2a: Iron Hands|Fake Out|p1a: Smeargle\n|-activate|p1a: Smeargle|move: Protect\n|-damage|p2a: Iron Hands|88/100|[from] Spiky Shield|[of] p1a: Smeargle\n|move|p2b: Necrozma|Sunsteel Strike|p1b: Calyrex\n|-activate|p1b: Calyrex|move: Protect\n|\n|-ability|p1a: Smeargle|Moody|boost\n|-boost|p1a: Smeargle|spa|2\n|-unboost|p1a: Smeargle|def|1\n|upkeep\n|turn|2\n|\n|t:|1770205528\n|switch|p2b: Miraidon|Miraidon, L50, shiny|100/100\n|-fieldstart|move: Electric Terrain|[from] ability: Hadron Engine|[of] p2b: Miraidon\n|-activate|p2a: Iron Hands|ability: Quark Drive\n|-start|p2a: Iron Hands|quarkdriveatk\n|move|p1a: Smeargle|Spore|p2b: Miraidon\n|-activate|p2b: Miraidon|move: Electric Terrain\n|move|p2a: Iron Hands|Drain Punch|p1a: Smeargle\n|-supereffective|p1a: Smeargle\n|-enditem|p1a: Smeargle|Focus Sash\n|-damage|p1a: Smeargle|1/100\n|-heal|p2a: Iron Hands|100/100|[from] drain|[of] p1a: Smeargle\n|move|p1b: Calyrex|Glacial Lance|p2a: Iron Hands|[spread] p2a,p2b\n|-supereffective|p2b: Miraidon\n|-damage|p2a: Iron Hands|64/100\n|-damage|p2b: Miraidon|0 fnt\n|faint|p2b: Miraidon\n|-ability|p1b: Calyrex|Chilling Neigh|boost\n|-boost|p1b: Calyrex|atk|1\n|\n|-ability|p1a: Smeargle|Moody|boost\n|-boost|p1a: Smeargle|spe|2\n|-unboost|p1a: Smeargle|spd|1\n|upkeep\n|\n|t:|1770205543\n|switch|p2b: Necrozma|Necrozma-Dusk-Mane, L50|100/100\n|turn|3\n|\n|t:|1770205564\n|move|p1b: Calyrex|Protect|p1b: Calyrex\n|-singleturn|p1b: Calyrex|Protect\n|move|p1a: Smeargle|Ruination|p2a: Iron Hands\n|-damage|p2a: Iron Hands|32/100\n|move|p2a: Iron Hands|Low Kick|p1b: Calyrex\n|-activate|p1b: Calyrex|move: Protect\n|move|p2b: Necrozma|Trick Room|p2b: Necrozma\n|-fieldstart|move: Trick Room|[of] p2b: Necrozma\n|\n|-ability|p1a: Smeargle|Moody|boost\n|-boost|p1a: Smeargle|spa|2\n|-unboost|p1a: Smeargle|def|1\n|upkeep\n|turn|4\n|\n|t:|1770205585\n|-terastallize|p2a: Iron Hands|Water\n|move|p1a: Smeargle|Follow Me|p1a: Smeargle\n|-singleturn|p1a: Smeargle|move: Follow Me\n|move|p1b: Calyrex|Glacial Lance|p2a: Iron Hands|[spread] p2a,p2b\n|-resisted|p2a: Iron Hands\n|-resisted|p2b: Necrozma\n|-damage|p2a: Iron Hands|5/100\n|-damage|p2b: Necrozma|74/100\n|move|p2a: Iron Hands|Drain Punch|p1a: Smeargle\n|-supereffective|p1a: Smeargle\n|-damage|p1a: Smeargle|0 fnt\n|-heal|p2a: Iron Hands|5/100|[from] drain|[of] p1a: Smeargle\n|faint|p1a: Smeargle\n|move|p2b: Necrozma|Sunsteel Strike|p1b: Calyrex\n|-supereffective|p1b: Calyrex\n|-damage|p1b: Calyrex|31/100\n|\n|-heal|p1b: Calyrex|37/100|[from] item: Leftovers\n|upkeep\n|\n|t:|1770205593\n|switch|p1a: Rillaboom|Rillaboom, L50, M|100/100\n|-fieldstart|move: Grassy Terrain|[from] ability: Grassy Surge|[of] p1a: Rillaboom\n|-end|p2a: Iron Hands|Quark Drive\n|turn|5\n|\n|t:|1770205604\n|move|p2b: Necrozma|Protect|p2b: Necrozma\n|-singleturn|p2b: Necrozma|Protect\n|move|p1a: Rillaboom|Fake Out|p2b: Necrozma\n|-activate|p2b: Necrozma|move: Protect\n|move|p1b: Calyrex|Glacial Lance|p2b: Necrozma|[spread] p2a\n|-activate|p2b: Necrozma|move: Protect\n|-resisted|p2a: Iron Hands\n|-damage|p2a: Iron Hands|0 fnt\n|faint|p2a: Iron Hands\n|-end|p2a: Iron Hands|Quark Drive|[silent]\n|-ability|p1b: Calyrex|Chilling Neigh|boost\n|-boost|p1b: Calyrex|atk|1\n|\n|-heal|p1b: Calyrex|43/100|[from] Grassy Terrain\n|-heal|p1b: Calyrex|48/100|[from] item: Leftovers\n|-heal|p2b: Necrozma|79/100|[from] Grassy Terrain\n|upkeep\n|\n|t:|1770205607\n|switch|p2a: Pelipper|Pelipper, L50, M|100/100\n|-weather|RainDance|[from] ability: Drizzle|[of] p2a: Pelipper\n|turn|6\n|\n|t:|1770205613\n|switch|p1a: Koraidon|Koraidon, L50, shiny|100/100\n|-weather|SunnyDay|[from] ability: Orichalcum Pulse|[of] p1a: Koraidon\n|-activate|p1a: Koraidon|Orichalcum Pulse|[source]\n|-terastallize|p1b: Calyrex|Water\n|move|p2a: Pelipper|Protect|p2a: Pelipper\n|-singleturn|p2a: Pelipper|Protect\n|move|p1b: Calyrex|Leech Seed|p2b: Necrozma\n|-start|p2b: Necrozma|move: Leech Seed\n|move|p2b: Necrozma|Photon Geyser|p1a: Koraidon\n|-supereffective|p1a: Koraidon\n|-damage|p1a: Koraidon|11/100\n|\n|-weather|SunnyDay|[upkeep]\n|-heal|p1b: Calyrex|54/100|[from] Grassy Terrain\n|-heal|p1b: Calyrex|60/100|[from] item: Leftovers\n|-heal|p2b: Necrozma|85/100|[from] Grassy Terrain\n|-heal|p1a: Koraidon|17/100|[from] Grassy Terrain\n|-damage|p2b: Necrozma|73/100|[from] Leech Seed|[of] p1b: Calyrex\n|-heal|p1b: Calyrex|72/100|[silent]\n|upkeep\n|turn|7\n|\n|t:|1770205634\n|move|p1a: Koraidon|Protect|p1a: Koraidon\n|-singleturn|p1a: Koraidon|Protect\n|move|p1b: Calyrex|Glacial Lance|p2a: Pelipper|[spread] p2a,p2b\n|-resisted|p2b: Necrozma\n|-enditem|p2a: Pelipper|Focus Sash\n|-damage|p2a: Pelipper|1/100\n|-damage|p2b: Necrozma|34/100\n|move|p2b: Necrozma|Photon Geyser|p1a: Koraidon\n|-activate|p1a: Koraidon|move: Protect\n|move|p2a: Pelipper|Weather Ball|p1a: Koraidon\n|-activate|p1a: Koraidon|move: Protect\n|\n|-weather|SunnyDay|[upkeep]\n|-heal|p1b: Calyrex|78/100|[from] Grassy Terrain\n|-heal|p1b: Calyrex|84/100|[from] item: Leftovers\n|-heal|p2b: Necrozma|40/100|[from] Grassy Terrain\n|-heal|p1a: Koraidon|23/100|[from] Grassy Terrain\n|-damage|p2b: Necrozma|27/100|[from] Leech Seed|[of] p1b: Calyrex\n|-heal|p1b: Calyrex|96/100|[silent]\n|-fieldend|move: Trick Room\n|upkeep\n|turn|8\n|\n|t:|1770205654\n|move|p1a: Koraidon|Low Kick|p2a: Pelipper\n|-resisted|p2a: Pelipper\n|-damage|p2a: Pelipper|0 fnt\n|faint|p2a: Pelipper\n|move|p2b: Necrozma|Photon Geyser|p1a: Koraidon\n|-supereffective|p1a: Koraidon\n|-damage|p1a: Koraidon|0 fnt\n|faint|p1a: Koraidon\n|move|p1b: Calyrex|Glacial Lance|p2b: Necrozma\n|-resisted|p2b: Necrozma\n|-damage|p2b: Necrozma|0 fnt\n|faint|p2b: Necrozma\n|\n|win|yubanmeiqin\n|raw|yubanmeiqin's rating: 1388 &rarr; <strong>1415</strong><br />(+27 for winning)\n|raw|Stinky57's rating: 1509 &rarr; <strong>1482</strong><br />(-27 for losing)\n|l|\u2606yubanmeiqin\n|player|p1|\n|l|\u2606Stinky57\n|player|p2|\n","uploadtime":1770205919,"views":14,"formatid":"gen9vgc2026regi","rating":1415,"private":0,"password":null}