{"id":"gen9vgc2026regi-2557827980","format":"[Gen 9] VGC 2026 Reg I","players":["Rillabossman","vyfvfvtf"],"log":"|j|\u2606Rillabossman\n|j|\u2606vyfvfvtf\n|t:|1773362567\n|gametype|doubles\n|player|p1|Rillabossman|burglar|1454\n|player|p2|vyfvfvtf|1|1439\n|gen|9\n|tier|[Gen 9] VGC 2026 Reg I\n|rated|\n|rule|Species Clause: Limit one of each Pok\u00e9mon\n|rule|Item Clause: Limit 1 of each item\n|clearpoke\n|poke|p1|Lunala, L50|\n|poke|p1|Kyogre, L50|\n|poke|p1|Medicham, L50, M|\n|poke|p1|Landorus, L50, M|\n|poke|p1|Regieleki, L50|\n|poke|p1|Tsareena, L50, F|\n|poke|p2|Groudon, L50|\n|poke|p2|Calyrex-Ice, L50|\n|poke|p2|Chi-Yu, L50|\n|poke|p2|Flutter Mane, L50|\n|poke|p2|Brute Bonnet, L50|\n|poke|p2|Raging Bolt, L50|\n|teampreview|4\n|c|\u2606Rillabossman|glhf\n|inactive|Battle timer is ON: inactive players will automatically lose when time's up. (requested by vyfvfvtf)\n|inactive|vyfvfvtf has 60 seconds left.\n|\n|t:|1773362612\n|teamsize|p1|4\n|teamsize|p2|4\n|start\n|switch|p1a: Lunala|Lunala, L50, shiny|100/100\n|switch|p1b: Medicham|Medicham, L50, M, shiny|100/100\n|switch|p2a: Calyrex|Calyrex-Ice, L50|100/100\n|switch|p2b: Brute Bonnet|Brute Bonnet, L50|100/100\n|-ability|p2a: Calyrex|As One\n|-ability|p2a: Calyrex|Unnerve\n|turn|1\n|\n|t:|1773362633\n|-terastallize|p2a: Calyrex|Fairy\n|move|p2b: Brute Bonnet|Sucker Punch|p1a: Lunala\n|-supereffective|p1a: Lunala\n|-damage|p1a: Lunala|50/100\n|move|p1a: Lunala|Moongeist Beam|p2b: Brute Bonnet\n|-resisted|p2b: Brute Bonnet\n|-damage|p2b: Brute Bonnet|81/100\n|move|p1b: Medicham|Close Combat|p2b: Brute Bonnet\n|-supereffective|p2b: Brute Bonnet\n|-damage|p2b: Brute Bonnet|0 fnt\n|-unboost|p1b: Medicham|def|1\n|-unboost|p1b: Medicham|spd|1\n|faint|p2b: Brute Bonnet\n|-end|p2b: Brute Bonnet|Protosynthesis|[silent]\n|move|p2a: Calyrex|Leech Seed|p1a: Lunala\n|-start|p1a: Lunala|move: Leech Seed\n|\n|-damage|p1a: Lunala|38/100|[from] Leech Seed|[of] p2a: Calyrex\n|upkeep\n|\n|t:|1773362639\n|switch|p2b: Raging Bolt|Raging Bolt, L50|100/100\n|turn|2\n|\n|t:|1773362653\n|move|p2a: Calyrex|Protect|p2a: Calyrex\n|-singleturn|p2a: Calyrex|Protect\n|move|p1a: Lunala|Wide Guard|p1a: Lunala\n|-singleturn|p1a: Lunala|Wide Guard\n|move|p1b: Medicham|Close Combat|p2b: Raging Bolt\n|-damage|p2b: Raging Bolt|40/100\n|-unboost|p1b: Medicham|def|1\n|-unboost|p1b: Medicham|spd|1\n|move|p2b: Raging Bolt|Thunderbolt|p1b: Medicham\n|-damage|p1b: Medicham|0 fnt\n|faint|p1b: Medicham\n|-damage|p2b: Raging Bolt|30/100|[from] item: Life Orb\n|\n|-damage|p1a: Lunala|25/100|[from] Leech Seed|[of] p2a: Calyrex\n|upkeep\n|\n|t:|1773362661\n|switch|p1b: Landorus|Landorus, L50, M|100/100\n|turn|3\n|\n|t:|1773362670\n|-terastallize|p1b: Landorus|Poison\n|move|p2b: Raging Bolt|Thunderclap|p1a: Lunala\n|-damage|p1a: Lunala|0 fnt\n|faint|p1a: Lunala\n|-damage|p2b: Raging Bolt|21/100|[from] item: Life Orb\n|move|p1b: Landorus|Sludge Bomb|p2a: Calyrex\n|-supereffective|p2a: Calyrex\n|-damage|p2a: Calyrex|5/100\n|move|p2a: Calyrex|Trick Room|p2a: Calyrex\n|-fieldstart|move: Trick Room|[of] p2a: Calyrex\n|\n|-heal|p2a: Calyrex|11/100|[from] item: Leftovers\n|upkeep\n|\n|t:|1773362673\n|switch|p1a: Kyogre|Kyogre, L50|100/100\n|-weather|RainDance|[from] ability: Drizzle|[of] p1a: Kyogre\n|turn|4\n|inactive|Rillabossman has 30 seconds left.\n|\n|t:|1773362706\n|move|p1a: Kyogre|Protect|p1a: Kyogre\n|-singleturn|p1a: Kyogre|Protect\n|move|p2a: Calyrex|Glacial Lance|p1a: Kyogre|[spread] p1b\n|-activate|p1a: Kyogre|move: Protect\n|-crit|p1b: Landorus\n|-damage|p1b: Landorus|10/100\n|move|p2b: Raging Bolt|Draco Meteor|p1b: Landorus\n|-damage|p1b: Landorus|0 fnt\n|-unboost|p2b: Raging Bolt|spa|2\n|faint|p1b: Landorus\n|-damage|p2b: Raging Bolt|11/100|[from] item: Life Orb\n|\n|-weather|RainDance|[upkeep]\n|-heal|p2a: Calyrex|16/100|[from] item: Leftovers\n|upkeep\n|turn|5\n|-message|Rillabossman forfeited.\n|\n|win|vyfvfvtf\n|raw|Rillabossman's rating: 1454 &rarr; <strong>1433</strong><br />(-21 for losing)\n|raw|vyfvfvtf's rating: 1439 &rarr; <strong>1460</strong><br />(+21 for winning)\n|l|\u2606Rillabossman\n|player|p1|\n|l|\u2606vyfvfvtf\n|player|p2|\n","uploadtime":1773362901,"views":17,"formatid":"gen9vgc2026regi","rating":1433,"private":0,"password":null}