{"id":"gen9vgc2026regi-2580710388","format":"[Gen 9] VGC 2026 Reg I","players":["fernsthedruids","magicturtle74"],"log":"|j|\u2606fernsthedruids\n|j|\u2606magicturtle74\n|t:|1775926185\n|gametype|doubles\n|player|p1|fernsthedruids|102|1547\n|player|p2|magicturtle74|n|1448\n|gen|9\n|tier|[Gen 9] VGC 2026 Reg I\n|rated|\n|rule|Species Clause: Limit one of each Pok\u00e9mon\n|rule|Item Clause: Limit 1 of each item\n|clearpoke\n|poke|p1|Kyogre, L50|\n|poke|p1|Calyrex-Ice, L50|\n|poke|p1|Raging Bolt, L50|\n|poke|p1|Tornadus, L50, M|\n|poke|p1|Incineroar, L50, F|\n|poke|p1|Amoonguss, L50, F|\n|poke|p2|Calyrex-Shadow, L50|\n|poke|p2|Zacian-*, L50|\n|poke|p2|Urshifu-*, L50, M|\n|poke|p2|Amoonguss, L50, M|\n|poke|p2|Incineroar, L50, F|\n|poke|p2|Tornadus, L50, M|\n|teampreview|4\n|\n|t:|1775926207\n|teamsize|p1|4\n|teamsize|p2|4\n|start\n|switch|p1a: Incineroar|Incineroar, L50, F|100/100\n|switch|p1b: Calyrex|Calyrex-Ice, L50|100/100\n|switch|p2a: Zacian|Zacian-Crowned, L50, shiny|100/100\n|switch|p2b: Tornadus|Tornadus, L50, M|100/100\n|-ability|p1b: Calyrex|As One\n|-ability|p1b: Calyrex|Unnerve\n|-ability|p2a: Zacian|Intrepid Sword|boost\n|-boost|p2a: Zacian|atk|1\n|-ability|p1a: Incineroar|Intimidate|boost\n|-unboost|p2a: Zacian|atk|1\n|-unboost|p2b: Tornadus|atk|1\n|turn|1\n|\n|t:|1775926224\n|move|p2a: Zacian|Protect|p2a: Zacian\n|-singleturn|p2a: Zacian|Protect\n|move|p1b: Calyrex|Protect|p1b: Calyrex\n|-singleturn|p1b: Calyrex|Protect\n|move|p2b: Tornadus|Taunt|p1b: Calyrex\n|-activate|p1b: Calyrex|move: Protect\n|move|p1a: Incineroar|Will-O-Wisp|p2a: Zacian\n|-activate|p2a: Zacian|move: Protect\n|\n|upkeep\n|turn|2\n|\n|t:|1775926245\n|-terastallize|p1b: Calyrex|Dragon\n|move|p2b: Tornadus|Rain Dance|p2b: Tornadus\n|-weather|RainDance\n|move|p2a: Zacian|Behemoth Blade|p1b: Calyrex\n|-damage|p1b: Calyrex|64/100\n|move|p1a: Incineroar|Parting Shot|p2a: Zacian\n|-unboost|p2a: Zacian|atk|1\n|-unboost|p2a: Zacian|spa|1\n|\n|t:|1775926256\n|switch|p1a: Raging Bolt|Raging Bolt, L50|100/100|[from] Parting Shot\n|move|p1b: Calyrex|Glacial Lance|p2b: Tornadus|[spread] p2a,p2b\n|-resisted|p2a: Zacian\n|-supereffective|p2b: Tornadus\n|-damage|p2a: Zacian|76/100\n|-damage|p2b: Tornadus|0 fnt\n|faint|p2b: Tornadus\n|-ability|p1b: Calyrex|Chilling Neigh|boost\n|-boost|p1b: Calyrex|atk|1\n|\n|-weather|RainDance|[upkeep]\n|upkeep\n|\n|t:|1775926265\n|switch|p2b: Calyrex|Calyrex-Shadow, L50|100/100\n|-ability|p2b: Calyrex|As One\n|-ability|p2b: Calyrex|Unnerve\n|turn|3\n|\n|t:|1775926280\n|-end|p1a: Raging Bolt|Protosynthesis|[silent]\n|switch|p1a: Incineroar|Incineroar, L50, F|100/100\n|-ability|p1a: Incineroar|Intimidate|boost\n|-unboost|p2a: Zacian|atk|1\n|-unboost|p2b: Calyrex|atk|1\n|-terastallize|p2b: Calyrex|Fairy\n|move|p2b: Calyrex|Draining Kiss|p1b: Calyrex\n|-supereffective|p1b: Calyrex\n|-damage|p1b: Calyrex|20/100\n|move|p2a: Zacian|Play Rough|p1b: Calyrex\n|-supereffective|p1b: Calyrex\n|-damage|p1b: Calyrex|0 fnt\n|faint|p1b: Calyrex\n|\n|-weather|RainDance|[upkeep]\n|upkeep\n|\n|t:|1775926287\n|switch|p1b: Kyogre|Kyogre, L50|100/100\n|turn|4\n|\n|t:|1775926300\n|switch|p2a: Urshifu|Urshifu-Rapid-Strike, L50, M|100/100\n|switch|p1a: Raging Bolt|Raging Bolt, L50|100/100\n|move|p2b: Calyrex|Astral Barrage|p1a: Raging Bolt|[spread] p1a,p1b\n|-damage|p1a: Raging Bolt|51/100\n|-damage|p1b: Kyogre|61/100\n|move|p1b: Kyogre|Water Spout|p2a: Urshifu|[spread] p2a,p2b\n|-resisted|p2a: Urshifu\n|-damage|p2a: Urshifu|48/100\n|-damage|p2b: Calyrex|19/100\n|\n|-weather|RainDance|[upkeep]\n|upkeep\n|turn|5\n|\n|t:|1775926327\n|move|p1a: Raging Bolt|Thunderclap|p2a: Urshifu\n|-supereffective|p2a: Urshifu\n|-damage|p2a: Urshifu|0 fnt\n|faint|p2a: Urshifu\n|-damage|p1a: Raging Bolt|42/100|[from] item: Life Orb\n|move|p2b: Calyrex|Draining Kiss|p1a: Raging Bolt\n|-supereffective|p1a: Raging Bolt\n|-damage|p1a: Raging Bolt|0 fnt\n|-heal|p2b: Calyrex|58/100|[from] drain|[of] p1a: Raging Bolt\n|faint|p1a: Raging Bolt\n|-end|p1a: Raging Bolt|Protosynthesis|[silent]\n|-ability|p2b: Calyrex|Grim Neigh|boost\n|-boost|p2b: Calyrex|spa|1\n|move|p1b: Kyogre|Origin Pulse|p2b: Calyrex\n|-damage|p2b: Calyrex|0 fnt\n|faint|p2b: Calyrex\n|\n|-weather|RainDance|[upkeep]\n|upkeep\n|\n|t:|1775926342\n|switch|p2b: Zacian|Zacian-Crowned, L50, shiny|76/100\n|switch|p1a: Incineroar|Incineroar, L50, F|100/100\n|-ability|p1a: Incineroar|Intimidate|boost\n|-unboost|p2b: Zacian|atk|1\n|turn|6\n|\n|t:|1775926348\n|move|p1a: Incineroar|Fake Out|p2b: Zacian\n|-resisted|p2b: Zacian\n|-damage|p2b: Zacian|71/100\n|cant|p2b: Zacian|flinch\n|move|p1b: Kyogre|Water Spout|p2b: Zacian\n|-damage|p2b: Zacian|0 fnt\n|faint|p2b: Zacian\n|\n|win|fernsthedruids\n|raw|fernsthedruids's rating: 1547 &rarr; <strong>1561</strong><br />(+14 for winning)\n|raw|magicturtle74's rating: 1448 &rarr; <strong>1434</strong><br />(-14 for losing)\n|l|\u2606magicturtle74\n|player|p2|\n|c|\u2606fernsthedruids|gg\n|l|\u2606fernsthedruids\n|player|p1|\n","uploadtime":1775926484,"views":13,"formatid":"gen9vgc2026regi","rating":1434,"private":0,"password":null}