{"id":"gen9vgc2026regi-2580183152","format":"[Gen 9] VGC 2026 Reg I","players":["Hazweioh","logrus"],"log":"|j|\u2606Hazweioh\n|j|\u2606logrus\n|t:|1775862541\n|gametype|doubles\n|player|p1|Hazweioh|2|1586\n|player|p2|logrus|1|1556\n|gen|9\n|tier|[Gen 9] VGC 2026 Reg I\n|rated|\n|rule|Species Clause: Limit one of each Pok\u00e9mon\n|rule|Item Clause: Limit 1 of each item\n|clearpoke\n|poke|p1|Calyrex-Shadow, L50|\n|poke|p1|Zamazenta-*, L50|\n|poke|p1|Chien-Pao, L50|\n|poke|p1|Dragonite, L50, M|\n|poke|p1|Raging Bolt, L50|\n|poke|p1|Amoonguss, L50, M|\n|poke|p2|Amoonguss, L50, F|\n|poke|p2|Calyrex-Ice, L50|\n|poke|p2|Kyogre, L50|\n|poke|p2|Grimmsnarl, L50, M|\n|poke|p2|Flutter Mane, L50|\n|poke|p2|Incineroar, L50, M|\n|teampreview|4\n|inactive|Battle timer is ON: inactive players will automatically lose when time's up. (requested by logrus)\nlogrus has agreed to open team sheets.\n|inactive|Hazweioh has 60 seconds left.\n|inactive|Hazweioh has 30 seconds left.\n|inactive|Hazweioh has 20 seconds left.\n|inactive|Hazweioh has 15 seconds left.\n|inactive|Hazweioh has 10 seconds left.\n|\n|t:|1775862625\n|teamsize|p1|4\n|teamsize|p2|4\n|start\n|switch|p1a: Arlie|Chien-Pao, L50|100/100\n|switch|p1b: Green Goober|Dragonite, L50, M, shiny|100/100\n|switch|p2a: Calyrex|Calyrex-Ice, L50|100/100\n|switch|p2b: Grimmsnarl|Grimmsnarl, L50, M|100/100\n|-ability|p2a: Calyrex|As One\n|-ability|p2a: Calyrex|Unnerve\n|-ability|p1a: Arlie|Sword of Ruin\n|turn|1\n|\n|t:|1775862638\n|-terastallize|p1b: Green Goober|Normal\n|move|p2a: Calyrex|Protect|p2a: Calyrex\n|-singleturn|p2a: Calyrex|Protect\n|move|p1b: Green Goober|Extreme Speed|p2b: Grimmsnarl\n|-damage|p2b: Grimmsnarl|0 fnt\n|faint|p2b: Grimmsnarl\n|move|p1a: Arlie|Ruination|p2a: Calyrex\n|-activate|p2a: Calyrex|move: Protect\n|\n|upkeep\n|\n|t:|1775862647\n|switch|p2b: Amoonguss|Amoonguss, L50, F|100/100\n|turn|2\n|inactive|Hazweioh has 30 seconds left.\n|inactive|Hazweioh has 20 seconds left.\n|\n|t:|1775862685\n|switch|p1b: protec|Zamazenta-Crowned, L50|100/100\n|-ability|p1b: protec|Dauntless Shield|boost\n|-boost|p1b: protec|def|1\n|move|p2b: Amoonguss|Rage Powder|p2b: Amoonguss\n|-singleturn|p2b: Amoonguss|move: Rage Powder\n|move|p1a: Arlie|Ice Spinner|p2b: Amoonguss\n|-supereffective|p2b: Amoonguss\n|-damage|p2b: Amoonguss|20/100\n|-damage|p1a: Arlie|84/100|[from] item: Rocky Helmet|[of] p2b: Amoonguss\n|move|p2a: Calyrex|Glacial Lance|p1a: Arlie|[spread] p1a,p1b\n|-resisted|p1a: Arlie\n|-resisted|p1b: protec\n|-damage|p1a: Arlie|52/100\n|-damage|p1b: protec|90/100\n|\n|upkeep\n|turn|3\n|\n|t:|1775862708\n|switch|p2b: Kyogre|Kyogre, L50|100/100\n|-weather|RainDance|[from] ability: Drizzle|[of] p2b: Kyogre\n|-terastallize|p2a: Calyrex|Fairy\n|move|p1a: Arlie|Ice Spinner|p2b: Kyogre\n|-resisted|p2b: Kyogre\n|-damage|p2b: Kyogre|77/100\n|move|p1b: protec|Body Press|p2a: Calyrex\n|-resisted|p2a: Calyrex\n|-damage|p2a: Calyrex|78/100\n|move|p2a: Calyrex|Leech Seed|p1b: protec\n|-start|p1b: protec|move: Leech Seed\n|\n|-weather|RainDance|[upkeep]\n|-heal|p2a: Calyrex|84/100|[from] item: Leftovers\n|-damage|p1b: protec|78/100|[from] Leech Seed|[of] p2a: Calyrex\n|-heal|p2a: Calyrex|95/100|[silent]\n|upkeep\n|turn|4\n|inactive|Hazweioh has 30 seconds left.\n|\n|t:|1775862739\n|move|p2b: Kyogre|Protect|p2b: Kyogre\n|-singleturn|p2b: Kyogre|Protect\n|move|p1a: Arlie|Ruination|p2b: Kyogre\n|-activate|p2b: Kyogre|move: Protect\n|move|p1b: protec|Body Press|p2b: Kyogre\n|-activate|p2b: Kyogre|move: Protect\n|move|p2a: Calyrex|Glacial Lance|p1a: Arlie|[spread] p1a,p1b\n|-resisted|p1a: Arlie\n|-resisted|p1b: protec\n|-damage|p1a: Arlie|21/100\n|-damage|p1b: protec|65/100\n|\n|-weather|RainDance|[upkeep]\n|-heal|p2a: Calyrex|100/100|[from] item: Leftovers\n|-damage|p1b: protec|53/100|[from] Leech Seed|[of] p2a: Calyrex\n|upkeep\n|turn|5\n|\n|t:|1775862756\n|switch|p2b: Amoonguss|Amoonguss, L50, F|54/100\n|move|p1a: Arlie|Ruination|p2b: Amoonguss\n|-damage|p2b: Amoonguss|27/100\n|move|p1b: protec|Body Press|p2b: Amoonguss\n|-resisted|p2b: Amoonguss\n|-damage|p2b: Amoonguss|0 fnt\n|-damage|p1b: protec|37/100|[from] item: Rocky Helmet|[of] p2b: Amoonguss\n|faint|p2b: Amoonguss\n|move|p2a: Calyrex|Glacial Lance|p1a: Arlie|[spread] p1a,p1b\n|-resisted|p1a: Arlie\n|-resisted|p1b: protec\n|-damage|p1a: Arlie|0 fnt\n|-damage|p1b: protec|26/100\n|faint|p1a: Arlie\n|-ability|p2a: Calyrex|Chilling Neigh|boost\n|-boost|p2a: Calyrex|atk|1\n|\n|-weather|RainDance|[upkeep]\n|-damage|p1b: protec|14/100|[from] Leech Seed|[of] p2a: Calyrex\n|upkeep\n|inactive|Hazweioh has 30 seconds left.\n|\n|t:|1775862785\n|switch|p1a: PinkPonyClub|Calyrex-Shadow, L50|100/100\n|switch|p2b: Kyogre|Kyogre, L50|77/100\n|-ability|p1a: PinkPonyClub|As One\n|-ability|p1a: PinkPonyClub|Unnerve\n|turn|6\n|\n|t:|1775862797\n|move|p2b: Kyogre|Protect|p2b: Kyogre\n|-singleturn|p2b: Kyogre|Protect\n|move|p1b: protec|Wide Guard|p1b: protec\n|-singleturn|p1b: protec|Wide Guard\n|move|p1a: PinkPonyClub|Astral Barrage|p2a: Calyrex|[spread] p2a\n|-activate|p2b: Kyogre|move: Protect\n|-damage|p2a: Calyrex|66/100\n|move|p2a: Calyrex|Trick Room|p2a: Calyrex\n|-fieldstart|move: Trick Room|[of] p2a: Calyrex\n|\n|-weather|RainDance|[upkeep]\n|-heal|p2a: Calyrex|72/100|[from] item: Leftovers\n|-damage|p1b: protec|2/100|[from] Leech Seed|[of] p2a: Calyrex\n|-heal|p2a: Calyrex|83/100|[silent]\n|upkeep\n|turn|7\n|\n|t:|1775862822\n|move|p2a: Calyrex|Protect|p2a: Calyrex\n|-singleturn|p2a: Calyrex|Protect\n|move|p1b: protec|Wide Guard|p1b: protec\n|-singleturn|p1b: protec|Wide Guard\n|move|p2b: Kyogre|Origin Pulse|p1b: protec|[spread] \n|-activate|p1a: PinkPonyClub|move: Wide Guard\n|-activate|p1b: protec|move: Wide Guard\n|move|p1a: PinkPonyClub|Astral Barrage|p2a: Calyrex|[spread] p2b\n|-activate|p2a: Calyrex|move: Protect\n|-damage|p2b: Kyogre|39/100\n|\n|-weather|none\n|-heal|p2a: Calyrex|89/100|[from] item: Leftovers\n|-damage|p1b: protec|0 fnt|[from] Leech Seed|[of] p2a: Calyrex\n|-heal|p2a: Calyrex|90/100|[silent]\n|faint|p1b: protec\n|upkeep\n|\n|t:|1775862838\n|switch|p1b: Green Goober|Dragonite, L50, M, shiny, tera:Normal|100/100\n|turn|8\n|\n|t:|1775862848\n|move|p2b: Kyogre|Protect|p2b: Kyogre\n|-singleturn|p2b: Kyogre|Protect\n|move|p1b: Green Goober|Extreme Speed|p2a: Calyrex\n|-damage|p2a: Calyrex|57/100\n|move|p2a: Calyrex|Glacial Lance|p1a: PinkPonyClub|[spread] p1a,p1b\n|-damage|p1a: PinkPonyClub|8/100\n|-damage|p1b: Green Goober|30/100\n|move|p1a: PinkPonyClub|Astral Barrage|p2b: Kyogre|[spread] p2a\n|-activate|p2b: Kyogre|move: Protect\n|-damage|p2a: Calyrex|20/100\n|\n|-heal|p2a: Calyrex|26/100|[from] item: Leftovers\n|upkeep\n|turn|9\n|inactive|Hazweioh has 30 seconds left.\n|\n|t:|1775862881\n|move|p1a: PinkPonyClub|Protect|p1a: PinkPonyClub\n|-singleturn|p1a: PinkPonyClub|Protect\n|move|p1b: Green Goober|Extreme Speed|p2a: Calyrex\n|-damage|p2a: Calyrex|0 fnt\n|faint|p2a: Calyrex\n|move|p2b: Kyogre|Origin Pulse|p1a: PinkPonyClub|[spread] p1b\n|-activate|p1a: PinkPonyClub|move: Protect\n|-damage|p1b: Green Goober|0 fnt\n|faint|p1b: Green Goober\n|\n|upkeep\n|turn|10\n|\n|t:|1775862892\n|move|p1a: PinkPonyClub|Protect|p1a: PinkPonyClub\n|-singleturn|p1a: PinkPonyClub|Protect\n|move|p2b: Kyogre|Ice Beam|p1a: PinkPonyClub\n|-activate|p1a: PinkPonyClub|move: Protect\n|\n|-fieldend|move: Trick Room\n|upkeep\n|turn|11\n|\n|t:|1775862900\n|move|p1a: PinkPonyClub|Astral Barrage|p2b: Kyogre\n|-damage|p2b: Kyogre|0 fnt\n|faint|p2b: Kyogre\n|\n|win|Hazweioh\n|raw|Hazweioh's rating: 1586 &rarr; <strong>1604</strong><br />(+18 for winning)\n|raw|logrus's rating: 1556 &rarr; <strong>1538</strong><br />(-18 for losing)\n|l|\u2606Hazweioh\n|player|p1|\n|l|\u2606logrus\n|player|p2|\n","uploadtime":1775863127,"views":16,"formatid":"gen9vgc2026regi","rating":1538,"private":0,"password":null}