{"id":"gen9vgc2026regi-2565508040","format":"[Gen 9] VGC 2026 Reg I","players":["testhan92","big head edd"],"log":"|j|\u2606testhan92\n|j|\u2606big head edd\n|t:|1774281156\n|gametype|doubles\n|player|p1|testhan92|2|1356\n|player|p2|big head edd|psychic-gen3rs|1291\n|gen|9\n|tier|[Gen 9] VGC 2026 Reg I\n|rated|\n|rule|Species Clause: Limit one of each Pok\u00e9mon\n|rule|Item Clause: Limit 1 of each item\n|clearpoke\n|poke|p1|Lunala, L50|\n|poke|p1|Incineroar, L50, M|\n|poke|p1|Amoonguss, L50, M|\n|poke|p1|Ursaluna, L50, M|\n|poke|p1|Flutter Mane, L50|\n|poke|p1|Koraidon, L50|\n|poke|p2|Calyrex-Shadow, L50|\n|poke|p2|Rillaboom, L50, F|\n|poke|p2|Smeargle, L50, M|\n|poke|p2|Terapagos, L50, M|\n|poke|p2|Urshifu-*, L50, M|\n|poke|p2|Whimsicott, L50, F|\n|teampreview|4\n|inactive|Battle timer is ON: inactive players will automatically lose when time's up. (requested by big head edd)\n|\n|t:|1774281178\n|teamsize|p1|4\n|teamsize|p2|4\n|start\n|switch|p1a: Flutter Mane|Flutter Mane, L50|100/100\n|switch|p1b: Koraidon|Koraidon, L50|100/100\n|switch|p2a: Urshifu|Urshifu-Rapid-Strike, L50, M|100/100\n|switch|p2b: Calyrex|Calyrex-Shadow, L50|100/100\n|-ability|p2b: Calyrex|As One\n|-ability|p2b: Calyrex|Unnerve\n|-weather|SunnyDay|[from] ability: Orichalcum Pulse|[of] p1b: Koraidon\n|-activate|p1a: Flutter Mane|ability: Protosynthesis\n|-start|p1a: Flutter Mane|protosynthesisspe\n|-activate|p1b: Koraidon|Orichalcum Pulse|[source]\n|turn|1\n|\n|t:|1774281202\n|switch|p2a: Whimsicott|Whimsicott, L50, F|100/100\n|move|p2b: Calyrex|Protect|p2b: Calyrex\n|-singleturn|p2b: Calyrex|Protect\n|move|p1a: Flutter Mane|Icy Wind|p2b: Calyrex|[spread] p2a\n|-activate|p2b: Calyrex|move: Protect\n|-supereffective|p2a: Whimsicott\n|-damage|p2a: Whimsicott|70/100\n|move|p1b: Koraidon|Flare Blitz|p2b: Calyrex\n|-activate|p2b: Calyrex|move: Protect\n|\n|-weather|SunnyDay|[upkeep]\n|upkeep\n|turn|2\n|\n|t:|1774281225\n|-terastallize|p1b: Koraidon|Fire\n|move|p2a: Whimsicott|Tailwind|p2a: Whimsicott\n|-sidestart|p2: big head edd|move: Tailwind\n|move|p2b: Calyrex|Psychic|p1b: Koraidon\n|-damage|p1b: Koraidon|27/100\n|-damage|p2b: Calyrex|91/100|[from] item: Life Orb\n|move|p1a: Flutter Mane|Icy Wind|p2a: Whimsicott|[spread] p2a,p2b\n|-supereffective|p2a: Whimsicott\n|-damage|p2a: Whimsicott|41/100\n|-damage|p2b: Calyrex|74/100\n|-unboost|p2b: Calyrex|spe|1\n|move|p1b: Koraidon|Flare Blitz|p2b: Calyrex\n|-damage|p2b: Calyrex|0 fnt\n|faint|p2b: Calyrex\n|-damage|p1b: Koraidon|2/100|[from] Recoil\n|-damage|p1b: Koraidon|0 fnt|[from] item: Life Orb\n|faint|p1b: Koraidon\n|\n|-weather|SunnyDay|[upkeep]\n|upkeep\n|\n|t:|1774281244\n|switch|p2b: Terapagos|Terapagos, L50, M|100/100\n|switch|p1b: Incineroar|Incineroar, L50, M|100/100\n|-activate|p2b: Terapagos|ability: Tera Shift\n|detailschange|p2b: Terapagos|Terapagos-Terastal, L50, M\n|-heal|p2b: Terapagos|100/100|[silent]\n|-ability|p1b: Incineroar|Intimidate|boost\n|-unboost|p2a: Whimsicott|atk|1\n|-unboost|p2b: Terapagos|atk|1\n|turn|3\n|\n|t:|1774281256\n|move|p1b: Incineroar|Fake Out|p2b: Terapagos\n|-activate|p2b: Terapagos|ability: Tera Shell\n|-resisted|p2b: Terapagos\n|-damage|p2b: Terapagos|95/100\n|move|p2a: Whimsicott|Fake Tears|p1a: Flutter Mane\n|-unboost|p1a: Flutter Mane|spd|2\n|move|p1a: Flutter Mane|Moonblast|p2a: Whimsicott\n|-damage|p2a: Whimsicott|0 fnt\n|faint|p2a: Whimsicott\n|cant|p2b: Terapagos|flinch\n|\n|-weather|SunnyDay|[upkeep]\n|upkeep\n|\n|t:|1774281260\n|switch|p2a: Urshifu|Urshifu-Rapid-Strike, L50, M|100/100\n|turn|4\n|inactive|big head edd has 30 seconds left.\n|\n|t:|1774281287\n|move|p2a: Urshifu|Detect|p2a: Urshifu\n|-singleturn|p2a: Urshifu|Protect\n|move|p1a: Flutter Mane|Moonblast|p2a: Urshifu\n|-activate|p2a: Urshifu|move: Protect\n|move|p2b: Terapagos|Earth Power|p1a: Flutter Mane\n|-damage|p1a: Flutter Mane|4/100\n|move|p1b: Incineroar|Parting Shot|p2b: Terapagos\n|-unboost|p2b: Terapagos|atk|1\n|-unboost|p2b: Terapagos|spa|1\n|\n|t:|1774281296\n|switch|p1b: Lunala|Lunala, L50|100/100|[from] Parting Shot\n|\n|-weather|SunnyDay|[upkeep]\n|upkeep\n|turn|5\n|inactive|testhan92 has 30 seconds left.\n|\n|t:|1774281326\n|-end|p1a: Flutter Mane|Protosynthesis|[silent]\n|switch|p1a: Incineroar|Incineroar, L50, M|100/100\n|-ability|p1a: Incineroar|Intimidate|boost\n|-unboost|p2a: Urshifu|atk|1\n|-unboost|p2b: Terapagos|atk|1\n|move|p2a: Urshifu|Aqua Jet|p1a: Incineroar\n|-supereffective|p1a: Incineroar\n|-damage|p1a: Incineroar|85/100\n|move|p2b: Terapagos|Earth Power|p1b: Lunala\n|-damage|p1b: Lunala|91/100\n|move|p1b: Lunala|Moonblast|p2a: Urshifu\n|-supereffective|p2a: Urshifu\n|-damage|p2a: Urshifu|9/100\n|\n|-weather|none\n|-sideend|p2: big head edd|move: Tailwind\n|upkeep\n|turn|6\n|\n|t:|1774281337\n|move|p2a: Urshifu|Detect|p2a: Urshifu\n|-singleturn|p2a: Urshifu|Protect\n|move|p1a: Incineroar|Fake Out|p2a: Urshifu\n|-activate|p2a: Urshifu|move: Protect\n|move|p2b: Terapagos|Earth Power|p1a: Incineroar\n|-supereffective|p1a: Incineroar\n|-damage|p1a: Incineroar|47/100\n|move|p1b: Lunala|Trick Room|p1b: Lunala\n|-fieldstart|move: Trick Room|[of] p1b: Lunala\n|\n|upkeep\n|turn|7\n|\n|t:|1774281356\n|move|p1a: Incineroar|Will-O-Wisp|p2b: Terapagos\n|-status|p2b: Terapagos|brn\n|move|p1b: Lunala|Moonblast|p2a: Urshifu\n|-supereffective|p2a: Urshifu\n|-damage|p2a: Urshifu|0 fnt\n|faint|p2a: Urshifu\n|move|p2b: Terapagos|Earth Power|p1a: Incineroar\n|-supereffective|p1a: Incineroar\n|-damage|p1a: Incineroar|6/100\n|\n|-damage|p2b: Terapagos|89/100 brn|[from] brn\n|upkeep\n|turn|8\n|\n|t:|1774281366\n|move|p1a: Incineroar|Parting Shot|p2b: Terapagos\n|-unboost|p2b: Terapagos|atk|1\n|-unboost|p2b: Terapagos|spa|1\n|\n|t:|1774281369\n|switch|p1a: Flutter Mane|Flutter Mane, L50|4/100|[from] Parting Shot\n|move|p1b: Lunala|Moonblast|p2b: Terapagos\n|-damage|p2b: Terapagos|56/100 brn\n|-unboost|p2b: Terapagos|spa|1\n|move|p2b: Terapagos|Earth Power|p1b: Lunala\n|-damage|p1b: Lunala|79/100\n|\n|-damage|p2b: Terapagos|50/100 brn|[from] brn\n|upkeep\n|turn|9\n|\n|t:|1774281380\n|move|p1a: Flutter Mane|Protect|p1a: Flutter Mane\n|-singleturn|p1a: Flutter Mane|Protect\n|move|p1b: Lunala|Moonblast|p2b: Terapagos\n|-damage|p2b: Terapagos|15/100 brn\n|-unboost|p2b: Terapagos|spa|1\n|move|p2b: Terapagos|Earth Power|p1a: Flutter Mane\n|-activate|p1a: Flutter Mane|move: Protect\n|\n|-damage|p2b: Terapagos|9/100 brn|[from] brn\n|upkeep\n|turn|10\n|\n|t:|1774281389\n|-end|p1a: Flutter Mane|Protosynthesis|[silent]\n|switch|p1a: Incineroar|Incineroar, L50, M|6/100\n|-ability|p1a: Incineroar|Intimidate|boost\n|-unboost|p2b: Terapagos|atk|1\n|move|p1b: Lunala|Moonblast|p2b: Terapagos\n|-damage|p2b: Terapagos|0 fnt\n|faint|p2b: Terapagos\n|\n|win|testhan92\n|raw|testhan92's rating: 1356 &rarr; <strong>1372</strong><br />(+16 for winning)\n|raw|big head edd's rating: 1291 &rarr; <strong>1271</strong><br />(-20 for losing)\n","uploadtime":1774281389,"views":13,"formatid":"gen9vgc2026regi","rating":1271,"private":0,"password":null}