{"id":"gen9vgc2026regi-2537295745","format":"[Gen 9] VGC 2026 Reg I","players":["blackred123","Zin_yugami"],"log":"|j|\u2606blackred123\n|j|\u2606Zin_yugami\n|t:|1770792788\n|gametype|doubles\n|player|p1|blackred123|iono-masters|1342\n|player|p2|Zin_yugami|170|1238\n|gen|9\n|tier|[Gen 9] VGC 2026 Reg I\n|rated|\n|rule|Species Clause: Limit one of each Pok\u00e9mon\n|rule|Item Clause: Limit 1 of each item\n|clearpoke\n|poke|p1|Calyrex-Shadow, L50|\n|poke|p1|Koraidon, L50|\n|poke|p1|Flutter Mane, L50|\n|poke|p1|Raging Bolt, L50|\n|poke|p1|Tornadus, L50, M|\n|poke|p1|Chi-Yu, L50|\n|poke|p2|Calyrex-Shadow, L50|\n|poke|p2|Zamazenta-*, L50|\n|poke|p2|Tyranitar, L50, M|\n|poke|p2|Rillaboom, L50, M|\n|poke|p2|Volcarona, L50, F|\n|poke|p2|Landorus, L50, M|\n|teampreview|4\n|inactive|Battle timer is ON: inactive players will automatically lose when time's up. (requested by blackred123)\n|inactive|Zin_yugami has 60 seconds left.\n|\n|t:|1770792823\n|teamsize|p1|4\n|teamsize|p2|4\n|start\n|switch|p1a: \u56fa\u5927\u5305\u52d2|Koraidon, L50|100/100\n|switch|p1b: Tornadus|Tornadus, L50, M, shiny|100/100\n|switch|p2a: Volcarona|Volcarona, L50, F|100/100\n|switch|p2b: Calyrex|Calyrex-Shadow, L50|100/100\n|-ability|p2b: Calyrex|As One\n|-ability|p2b: Calyrex|Unnerve\n|-weather|SunnyDay|[from] ability: Orichalcum Pulse|[of] p1a: \u56fa\u5927\u5305\u52d2\n|-activate|p1a: \u56fa\u5927\u5305\u52d2|Orichalcum Pulse|[source]\n|turn|1\n|\n|t:|1770792839\n|switch|p2b: Tyranitar|Tyranitar, L50, M|100/100\n|-weather|Sandstorm|[from] ability: Sand Stream|[of] p2b: Tyranitar\n|-terastallize|p1a: \u56fa\u5927\u5305\u52d2|Fire\n|move|p1b: Tornadus|Tailwind|p1b: Tornadus\n|-sidestart|p1: blackred123|move: Tailwind\n|move|p1a: \u56fa\u5927\u5305\u52d2|Flame Charge|p2a: Volcarona\n|-damage|p2a: Volcarona|71/100\n|-boost|p1a: \u56fa\u5927\u5305\u52d2|spe|1\n|move|p2a: Volcarona|Quiver Dance|p2a: Volcarona\n|-boost|p2a: Volcarona|spa|1\n|-boost|p2a: Volcarona|spd|1\n|-boost|p2a: Volcarona|spe|1\n|\n|-weather|Sandstorm|[upkeep]\n|-damage|p1a: \u56fa\u5927\u5305\u52d2|94/100|[from] Sandstorm\n|-damage|p1b: Tornadus|95/100|[from] Sandstorm\n|-damage|p2a: Volcarona|65/100|[from] Sandstorm\n|upkeep\n|turn|2\n|\n|t:|1770792861\n|-terastallize|p2b: Tyranitar|Fairy\n|move|p1b: Tornadus|Sunny Day|p1b: Tornadus\n|-weather|SunnyDay\n|move|p1a: \u56fa\u5927\u5305\u52d2|Flare Blitz|p2a: Volcarona\n|-damage|p2a: Volcarona|0 fnt\n|faint|p2a: Volcarona\n|-damage|p1a: \u56fa\u5927\u5305\u52d2|71/100|[from] Recoil\n|move|p2b: Tyranitar|Rock Blast|p1a: \u56fa\u5927\u5305\u52d2\n|-supereffective|p1a: \u56fa\u5927\u5305\u52d2\n|-damage|p1a: \u56fa\u5927\u5305\u52d2|49/100\n|-supereffective|p1a: \u56fa\u5927\u5305\u52d2\n|-damage|p1a: \u56fa\u5927\u5305\u52d2|25/100\n|-supereffective|p1a: \u56fa\u5927\u5305\u52d2\n|-damage|p1a: \u56fa\u5927\u5305\u52d2|4/100\n|-supereffective|p1a: \u56fa\u5927\u5305\u52d2\n|-damage|p1a: \u56fa\u5927\u5305\u52d2|0 fnt\n|faint|p1a: \u56fa\u5927\u5305\u52d2\n|-hitcount|p1: \u56fa\u5927\u5305\u52d2|4\n|\n|-weather|SunnyDay|[upkeep]\n|upkeep\n|\n|t:|1770792880\n|switch|p1a: \u6211\u8fd1\u89c6|Calyrex-Shadow, L50|100/100\n|switch|p2a: Zamazenta|Zamazenta-Crowned, L50|100/100\n|-ability|p1a: \u6211\u8fd1\u89c6|As One\n|-ability|p1a: \u6211\u8fd1\u89c6|Unnerve\n|-ability|p2a: Zamazenta|Dauntless Shield|boost\n|-boost|p2a: Zamazenta|def|1\n|turn|3\n|\n|t:|1770792900\n|move|p2a: Zamazenta|Wide Guard|p2a: Zamazenta\n|-singleturn|p2a: Zamazenta|Wide Guard\n|move|p1a: \u6211\u8fd1\u89c6|Expanding Force|p2b: Tyranitar\n|-damage|p2b: Tyranitar|33/100\n|move|p1b: Tornadus|Bleakwind Storm|p2a: Zamazenta|[spread] \n|-activate|p2a: Zamazenta|move: Wide Guard\n|-activate|p2b: Tyranitar|move: Wide Guard\n|move|p2b: Tyranitar|Rock Blast|p1b: Tornadus\n|-supereffective|p1b: Tornadus\n|-damage|p1b: Tornadus|59/100\n|-supereffective|p1b: Tornadus\n|-damage|p1b: Tornadus|24/100\n|-supereffective|p1b: Tornadus\n|-damage|p1b: Tornadus|0 fnt\n|faint|p1b: Tornadus\n|-hitcount|p1: Tornadus|3\n|\n|-weather|SunnyDay|[upkeep]\n|upkeep\n|\n|t:|1770792906\n|switch|p1b: Chi-Yu|Chi-Yu, L50|100/100\n|-ability|p1b: Chi-Yu|Beads of Ruin\n|turn|4\n|\n|t:|1770792925\n|switch|p2b: Calyrex|Calyrex-Shadow, L50|100/100\n|-ability|p2b: Calyrex|As One\n|-ability|p2b: Calyrex|Unnerve\n|move|p2a: Zamazenta|Wide Guard|p2a: Zamazenta\n|-singleturn|p2a: Zamazenta|Wide Guard\n|move|p1b: Chi-Yu|Overheat|p2a: Zamazenta\n|-supereffective|p2a: Zamazenta\n|-damage|p2a: Zamazenta|0 fnt\n|-unboost|p1b: Chi-Yu|spa|2\n|faint|p2a: Zamazenta\n|move|p1a: \u6211\u8fd1\u89c6|Expanding Force|p2b: Calyrex\n|-resisted|p2b: Calyrex\n|-damage|p2b: Calyrex|52/100\n|\n|-weather|SunnyDay|[upkeep]\n|-sideend|p1: blackred123|move: Tailwind\n|upkeep\n|\n|t:|1770792942\n|switch|p2a: Tyranitar|Tyranitar, L50, M, tera:Fairy|33/100\n|-weather|Sandstorm|[from] ability: Sand Stream|[of] p2a: Tyranitar\n|turn|5\n|\n|t:|1770792953\n|move|p2b: Calyrex|Astral Barrage|p1b: Chi-Yu|[spread] p1a,p1b\n|-supereffective|p1a: \u6211\u8fd1\u89c6\n|-resisted|p1b: Chi-Yu\n|-damage|p1a: \u6211\u8fd1\u89c6|0 fnt\n|-damage|p1b: Chi-Yu|64/100\n|faint|p1a: \u6211\u8fd1\u89c6\n|-ability|p2b: Calyrex|Grim Neigh|boost\n|-boost|p2b: Calyrex|spa|1\n|move|p1b: Chi-Yu|Overheat|p2b: Calyrex\n|-damage|p2b: Calyrex|11/100\n|-unboost|p1b: Chi-Yu|spa|2\n|move|p2a: Tyranitar|Rock Blast|p1b: Chi-Yu\n|-supereffective|p1b: Chi-Yu\n|-damage|p1b: Chi-Yu|17/100\n|-supereffective|p1b: Chi-Yu\n|-damage|p1b: Chi-Yu|0 fnt\n|faint|p1b: Chi-Yu\n|-hitcount|p1: Chi-Yu|2\n|\n|win|Zin_yugami\n|raw|blackred123's rating: 1342 &rarr; <strong>1316</strong><br />(-26 for losing)\n|raw|Zin_yugami's rating: 1238 &rarr; <strong>1270</strong><br />(+32 for winning)\n|l|\u2606blackred123\n|player|p1|\n|l|\u2606Zin_yugami\n|player|p2|\n","uploadtime":1770793146,"views":6,"formatid":"gen9vgc2026regi","rating":1270,"private":0,"password":null}