{"id":"gen9vgc2026regi-2555070610","format":"[Gen 9] VGC 2026 Reg I","players":["Gene10","I\u2764\ufe0f\u5a1c\u7984forever"],"log":"|j|\u2606Gene10\n|j|\u2606I\u2764\ufe0f\u5a1c\u7984forever\n|t:|1773053596\n|gametype|doubles\n|player|p1|Gene10|266|1302\n|player|p2|I\u2764\ufe0f\u5a1c\u7984forever|youngcouple-gen4dp|1370\n|gen|9\n|tier|[Gen 9] VGC 2026 Reg I\n|rated|\n|rule|Species Clause: Limit one of each Pok\u00e9mon\n|rule|Item Clause: Limit 1 of each item\n|clearpoke\n|poke|p1|Calyrex-Ice, L50|\n|poke|p1|Incineroar, L50, F|\n|poke|p1|Kyogre, L50|\n|poke|p1|Ursaluna-Bloodmoon, L50, M|\n|poke|p1|Rillaboom, L50, F|\n|poke|p1|Farigiraf, L50, F|\n|poke|p2|Groudon, L50|\n|poke|p2|Kyurem-White, L50|\n|poke|p2|Heatran, L50, M|\n|poke|p2|Whimsicott, L50, F|\n|poke|p2|Roaring Moon, L50|\n|poke|p2|Ditto, L50|\n|teampreview|4\n|inactive|Battle timer is ON: inactive players will automatically lose when time's up. (requested by Gene10)\n|\n|t:|1773053619\n|teamsize|p1|4\n|teamsize|p2|4\n|start\n|switch|p1a: Incineroar|Incineroar, L50, F, shiny|100/100\n|switch|p1b: Farigiraf|Farigiraf, L50, F|100/100\n|switch|p2a: Roaring Moon|Roaring Moon, L50|100/100\n|switch|p2b: Kyurem|Kyurem-White, L50|100/100\n|-ability|p2b: Kyurem|Turboblaze\n|-ability|p1a: Incineroar|Intimidate|boost\n|-unboost|p2a: Roaring Moon|atk|1\n|-unboost|p2b: Kyurem|atk|1\n|turn|1\n|inactive|Gene10 has 30 seconds left.\n|inactive|I\u2764\ufe0f\u5a1c\u7984forever has 30 seconds left.\n|\n|t:|1773053653\n|move|p1a: Incineroar|Fake Out|p2a: Roaring Moon\n|-damage|p2a: Roaring Moon|90/100\n|cant|p2a: Roaring Moon|flinch\n|move|p2b: Kyurem|Blizzard|p1a: Incineroar|[spread] \n|-miss|p2b: Kyurem|p1a: Incineroar\n|-enditem|p2b: Kyurem|Blunder Policy\n|-boost|p2b: Kyurem|spe|2\n|-miss|p2b: Kyurem|p1b: Farigiraf\n|move|p1b: Farigiraf|Trick Room|p1b: Farigiraf\n|-fieldstart|move: Trick Room|[of] p1b: Farigiraf\n|\n|upkeep\n|turn|2\n|\n|t:|1773053678\n|move|p1b: Farigiraf|Psychic Noise|p2b: Kyurem\n|-damage|p2b: Kyurem|77/100\n|-start|p2b: Kyurem|move: Heal Block\n|move|p1a: Incineroar|Taunt|p2a: Roaring Moon\n|-start|p2a: Roaring Moon|move: Taunt\n|move|p2a: Roaring Moon|Knock Off|p1b: Farigiraf\n|-supereffective|p1b: Farigiraf\n|-damage|p1b: Farigiraf|43/100\n|-enditem|p1b: Farigiraf|Sitrus Berry|[from] move: Knock Off|[of] p2a: Roaring Moon\n|move|p2b: Kyurem|Blizzard|p1a: Incineroar|[spread] p1a\n|-miss|p2b: Kyurem|p1b: Farigiraf\n|-resisted|p1a: Incineroar\n|-damage|p1a: Incineroar|78/100\n|\n|upkeep\n|turn|3\n|inactive|Gene10 has 30 seconds left.\n|\n|t:|1773053713\n|move|p1b: Farigiraf|Psychic Noise|p2b: Kyurem\n|-damage|p2b: Kyurem|51/100\n|move|p1a: Incineroar|Knock Off|p2a: Roaring Moon\n|-resisted|p2a: Roaring Moon\n|-crit|p2a: Roaring Moon\n|-damage|p2a: Roaring Moon|65/100\n|-enditem|p2a: Roaring Moon|Choice Scarf|[from] move: Knock Off|[of] p1a: Incineroar\n|move|p2a: Roaring Moon|Knock Off|p1a: Incineroar\n|-resisted|p1a: Incineroar\n|-damage|p1a: Incineroar|65/100\n|-enditem|p1a: Incineroar|Safety Goggles|[from] move: Knock Off|[of] p2a: Roaring Moon\n|move|p2b: Kyurem|Blizzard|p1b: Farigiraf|[spread] p1b\n|-miss|p2b: Kyurem|p1a: Incineroar\n|-damage|p1b: Farigiraf|0 fnt\n|faint|p1b: Farigiraf\n|\n|-end|p2b: Kyurem|move: Heal Block\n|upkeep\n|\n|t:|1773053730\n|switch|p1b: Kyogre|Kyogre, L50|100/100\n|-weather|RainDance|[from] ability: Drizzle|[of] p1b: Kyogre\n|turn|4\n|inactive|Gene10 has 30 seconds left.\n|\n|t:|1773053762\n|-end|p2a: Roaring Moon|Protosynthesis|[silent]\n|switch|p2a: Groudon|Groudon, L50|100/100\n|-weather|SunnyDay|[from] ability: Drought|[of] p2a: Groudon\n|-terastallize|p1b: Kyogre|Water\n|move|p1a: Incineroar|Knock Off|p2a: Groudon\n|-damage|p2a: Groudon|74/100\n|-enditem|p2a: Groudon|Assault Vest|[from] move: Knock Off|[of] p1a: Incineroar\n|move|p1b: Kyogre|Water Spout|p2a: Groudon|[spread] p2a,p2b\n|-supereffective|p2a: Groudon\n|-resisted|p2b: Kyurem\n|-damage|p2a: Groudon|0 fnt\n|-damage|p2b: Kyurem|26/100\n|faint|p2a: Groudon\n|move|p2b: Kyurem|Freeze-Dry|p1b: Kyogre\n|-supereffective|p1b: Kyogre\n|-damage|p1b: Kyogre|37/100\n|\n|-weather|SunnyDay|[upkeep]\n|upkeep\n|\n|t:|1773053782\n|switch|p2a: Ditto|Ditto, L50|100/100\n|-transform|p2a: Ditto|p1b: Kyogre|[from] ability: Imposter\n|-weather|RainDance|[from] ability: Drizzle|[of] p2a: Ditto\n|turn|5\n|\n|t:|1773053800\n|move|p1a: Incineroar|Knock Off|p2a: Ditto\n|-damage|p2a: Ditto|50/100\n|-enditem|p2a: Ditto|Bright Powder|[from] move: Knock Off|[of] p1a: Incineroar\n|move|p1b: Kyogre|Water Spout|p2a: Ditto|[spread] p2a,p2b\n|-resisted|p2a: Ditto\n|-resisted|p2b: Kyurem\n|-damage|p2a: Ditto|14/100\n|-damage|p2b: Kyurem|0 fnt\n|faint|p2b: Kyurem\n|move|p2a: Ditto|Water Spout|p1a: Incineroar|[spread] p1a,p1b\n|-supereffective|p1a: Incineroar\n|-resisted|p1b: Kyogre\n|-damage|p1a: Incineroar|40/100\n|-damage|p1b: Kyogre|32/100\n|\n|-weather|RainDance|[upkeep]\n|-fieldend|move: Trick Room\n|upkeep\n|\n|t:|1773053811\n|switch|p2b: Roaring Moon|Roaring Moon, L50|65/100\n|turn|6\n|\n|t:|1773053826\n|switch|p1b: Calyrex|Calyrex-Ice, L50|100/100\n|-ability|p1b: Calyrex|As One\n|-ability|p1b: Calyrex|Unnerve\n|move|p2b: Roaring Moon|Knock Off|p1b: Calyrex\n|-supereffective|p1b: Calyrex\n|-crit|p1b: Calyrex\n|-damage|p1b: Calyrex|0 fnt\n|-enditem|p1b: Calyrex|Clear Amulet|[from] move: Knock Off|[of] p2b: Roaring Moon\n|faint|p1b: Calyrex\n|move|p2a: Ditto|Origin Pulse|p1a: Incineroar\n|-supereffective|p1a: Incineroar\n|-damage|p1a: Incineroar|0 fnt\n|faint|p1a: Incineroar\n|\n|-weather|RainDance|[upkeep]\n|upkeep\n|\n|t:|1773053840\n|switch|p1b: Kyogre|Kyogre, L50, tera:Water|32/100\n|turn|7\n|\n|t:|1773053846\n|move|p2b: Roaring Moon|Knock Off|p1b: Kyogre\n|-damage|p1b: Kyogre|0 fnt\n|-enditem|p1b: Kyogre|Choice Specs|[from] move: Knock Off|[of] p2b: Roaring Moon\n|faint|p1b: Kyogre\n|\n|win|I\u2764\ufe0f\u5a1c\u7984forever\n|raw|Gene10's rating: 1302 &rarr; <strong>1286</strong><br />(-16 for losing)\n|raw|I\u2764\ufe0f\u5a1c\u7984forever's rating: 1370 &rarr; <strong>1386</strong><br />(+16 for winning)\n|l|\u2606Gene10\n|player|p1|\n|l|\u2606I\u2764\ufe0f\u5a1c\u7984forever\n|player|p2|\n","uploadtime":1773054043,"views":18,"formatid":"gen9vgc2026regi","rating":1286,"private":0,"password":null}