{"id":"gen9vgc2026regi-2569071162","format":"[Gen 9] VGC 2026 Reg I","players":["hdhsjsko","sunny_zong2"],"log":"|j|\u2606hdhsjsko\n|j|\u2606sunny_zong2\n|t:|1774646108\n|gametype|doubles\n|player|p1|hdhsjsko|backpacker|1349\n|player|p2|sunny_zong2|265|1378\n|gen|9\n|tier|[Gen 9] VGC 2026 Reg I\n|rated|\n|rule|Species Clause: Limit one of each Pok\u00e9mon\n|rule|Item Clause: Limit 1 of each item\n|clearpoke\n|poke|p1|Calyrex-Ice, L50|\n|poke|p1|Indeedee-F, L50, F|\n|poke|p1|Amoonguss, L50, F|\n|poke|p1|Torkoal, L50, M|\n|poke|p1|Lunala, L50|\n|poke|p1|Ursaluna, L50, F|\n|poke|p2|Glimmora, L50, M|\n|poke|p2|Eternatus, L50|\n|poke|p2|Miraidon, L50|\n|poke|p2|Thundurus, L50, M|\n|poke|p2|Zapdos, L50|\n|poke|p2|Grimmsnarl, L50, M|\n|teampreview|4\n|inactive|Battle timer is ON: inactive players will automatically lose when time's up. (requested by sunny_zong2)\n|inactive|sunny_zong2 has 60 seconds left.\n|\n|t:|1774646147\n|teamsize|p1|4\n|teamsize|p2|4\n|start\n|switch|p1a: Indeedee|Indeedee-F, L50, F|100/100\n|switch|p1b: Calyrex|Calyrex-Ice, L50|100/100\n|switch|p2a: Grimmsnarl|Grimmsnarl, L50, M|100/100\n|switch|p2b: Zapdos|Zapdos, L50|100/100\n|-ability|p1b: Calyrex|As One\n|-ability|p1b: Calyrex|Unnerve\n|-fieldstart|move: Psychic Terrain|[from] ability: Psychic Surge|[of] p1a: Indeedee\n|-enditem|p1a: Indeedee|Psychic Seed\n|-boost|p1a: Indeedee|spd|1|[from] item: Psychic Seed\n|turn|1\n|inactive|hdhsjsko has 30 seconds left.\n|\n|t:|1774646185\n|move|p1a: Indeedee|Helping Hand|p1b: Calyrex\n|-singleturn|p1b: Calyrex|Helping Hand|[of] p1a: Indeedee\n|move|p2a: Grimmsnarl|Reflect|p2a: Grimmsnarl\n|-sidestart|p2: sunny_zong2|Reflect\n|move|p2b: Zapdos|Thunder Wave|p1b: Calyrex\n|-status|p1b: Calyrex|par\n|move|p1b: Calyrex|Glacial Lance|p2a: Grimmsnarl|[spread] p2a,p2b\n|-supereffective|p2b: Zapdos\n|-damage|p2a: Grimmsnarl|26/100\n|-damage|p2b: Zapdos|0 fnt\n|faint|p2b: Zapdos\n|-ability|p1b: Calyrex|Chilling Neigh|boost\n|-boost|p1b: Calyrex|atk|1\n|\n|upkeep\n|\n|t:|1774646192\n|switch|p2b: Miraidon|Miraidon, L50|100/100\n|-fieldstart|move: Electric Terrain|[from] ability: Hadron Engine|[of] p2b: Miraidon\n|turn|2\n|\n|t:|1774646211\n|-terastallize|p2b: Miraidon|Dark\n|move|p2b: Miraidon|Snarl|p1b: Calyrex|[spread] p1a,p1b\n|-supereffective|p1a: Indeedee\n|-supereffective|p1b: Calyrex\n|-damage|p1a: Indeedee|53/100\n|-damage|p1b: Calyrex|34/100 par\n|-unboost|p1a: Indeedee|spa|1\n|move|p2a: Grimmsnarl|Foul Play|p1b: Calyrex\n|-supereffective|p1b: Calyrex\n|-damage|p1b: Calyrex|0 fnt\n|faint|p1b: Calyrex\n|move|p1a: Indeedee|Trick Room|p1a: Indeedee\n|-fieldstart|move: Trick Room|[of] p1a: Indeedee\n|\n|upkeep\n|\n|t:|1774646222\n|switch|p1b: Ursaluna|Ursaluna, L50, F|100/100\n|turn|3\n|\n|t:|1774646233\n|move|p1b: Ursaluna|Facade|p2b: Miraidon\n|-damage|p2b: Miraidon|72/100\n|move|p2a: Grimmsnarl|Foul Play|p1a: Indeedee\n|-supereffective|p1a: Indeedee\n|-crit|p1a: Indeedee\n|-damage|p1a: Indeedee|0 fnt\n|faint|p1a: Indeedee\n|move|p2b: Miraidon|Snarl|p1b: Ursaluna\n|-damage|p1b: Ursaluna|38/100\n|-unboost|p1b: Ursaluna|spa|1\n|\n|-status|p1b: Ursaluna|brn|[from] item: Flame Orb\n|upkeep\n|\n|t:|1774646242\n|switch|p1a: Lunala|Lunala, L50|100/100\n|turn|4\n|\n|t:|1774646248\n|move|p2a: Grimmsnarl|Light Screen|p2a: Grimmsnarl\n|-sidestart|p2: sunny_zong2|move: Light Screen\n|move|p1b: Ursaluna|Facade|p2b: Miraidon\n|-damage|p2b: Miraidon|0 fnt\n|faint|p2b: Miraidon\n|move|p1a: Lunala|Meteor Beam||[still]\n|-prepare|p1a: Lunala|Meteor Beam\n|-boost|p1a: Lunala|spa|1\n|-enditem|p1a: Lunala|Power Herb\n|-anim|p1a: Lunala|Meteor Beam|p2a: Grimmsnarl\n|-damage|p2a: Grimmsnarl|0 fnt\n|faint|p2a: Grimmsnarl\n|\n|-damage|p1b: Ursaluna|32/100 brn|[from] brn\n|upkeep\n|\n|t:|1774646251\n|switch|p2a: Eternatus|Eternatus, L50|100/100\n|-ability|p2a: Eternatus|Pressure\n|turn|5\n|\n|t:|1774646260\n|move|p2a: Eternatus|Protect|p2a: Eternatus\n|-singleturn|p2a: Eternatus|Protect\n|move|p1b: Ursaluna|Headlong Rush|p2a: Eternatus\n|-activate|p2a: Eternatus|move: Protect\n|move|p1a: Lunala|Expanding Force|p2a: Eternatus\n|-activate|p2a: Eternatus|move: Protect\n|\n|-damage|p1b: Ursaluna|26/100 brn|[from] brn\n|upkeep\n|turn|6\n|\n|t:|1774646264\n|move|p1b: Ursaluna|Headlong Rush|p2a: Eternatus\n|-supereffective|p2a: Eternatus\n|-damage|p2a: Eternatus|5/100\n|-unboost|p1b: Ursaluna|def|1\n|-unboost|p1b: Ursaluna|spd|1\n|move|p1a: Lunala|Expanding Force|p2a: Eternatus\n|-supereffective|p2a: Eternatus\n|-damage|p2a: Eternatus|0 fnt\n|faint|p2a: Eternatus\n|\n|win|hdhsjsko\n|raw|hdhsjsko's rating: 1349 &rarr; <strong>1371</strong><br />(+22 for winning)\n|raw|sunny_zong2's rating: 1378 &rarr; <strong>1356</strong><br />(-22 for losing)\n|l|\u2606sunny_zong2\n|player|p2|\n|l|\u2606hdhsjsko\n|player|p1|\n","uploadtime":1774646431,"views":10,"formatid":"gen9vgc2026regi","rating":1356,"private":0,"password":null}