{"id":"gen9vgc2026regi-2576592218","format":"[Gen 9] VGC 2026 Reg I","players":["Nasihasi","Kvaaan"],"log":"|j|\u2606Nasihasi\n|j|\u2606Kvaaan\n|t:|1775490340\n|gametype|doubles\n|player|p1|Nasihasi|hiker-gen4|1455\n|player|p2|Kvaaan|101|1452\n|gen|9\n|tier|[Gen 9] VGC 2026 Reg I\n|rated|\n|rule|Species Clause: Limit one of each Pok\u00e9mon\n|rule|Item Clause: Limit 1 of each item\n|clearpoke\n|poke|p1|Calyrex-Shadow, L50|\n|poke|p1|Zamazenta-*, L50|\n|poke|p1|Rillaboom, L50, F|\n|poke|p1|Raging Bolt, L50|\n|poke|p1|Ogerpon-Hearthflame, L50, F|\n|poke|p1|Incineroar, L50, F|\n|poke|p2|Kyogre, L50|\n|poke|p2|Calyrex-Ice, L50|\n|poke|p2|Iron Jugulis, L50|\n|poke|p2|Wo-Chien, L50|\n|poke|p2|Landorus, L50, M|\n|poke|p2|Grimmsnarl, L50, M|\n|teampreview|4\nNasihasi has agreed to open team sheets.\n|\n|t:|1775490369\n|teamsize|p1|4\n|teamsize|p2|4\n|start\n|switch|p1a: Calyrex|Calyrex-Shadow, L50|100/100\n|switch|p1b: Rillaboom|Rillaboom, L50, F|100/100\n|switch|p2a: Iron Jugulis|Iron Jugulis, L50, shiny|100/100\n|switch|p2b: Landorus|Landorus, L50, M, shiny|100/100\n|-ability|p1a: Calyrex|As One\n|-ability|p1a: Calyrex|Unnerve\n|-fieldstart|move: Grassy Terrain|[from] ability: Grassy Surge|[of] p1b: Rillaboom\n|-enditem|p2a: Iron Jugulis|Booster Energy\n|-activate|p2a: Iron Jugulis|ability: Quark Drive|[fromitem]\n|-start|p2a: Iron Jugulis|quarkdrivespe\n|turn|1\n|inactive|Battle timer is ON: inactive players will automatically lose when time's up. (requested by Nasihasi)\n|\n|t:|1775490378\n|move|p2a: Iron Jugulis|Protect|p2a: Iron Jugulis\n|-singleturn|p2a: Iron Jugulis|Protect\n|move|p2b: Landorus|Protect|p2b: Landorus\n|-singleturn|p2b: Landorus|Protect\n|move|p1b: Rillaboom|Fake Out|p2a: Iron Jugulis\n|-activate|p2a: Iron Jugulis|move: Protect\n|move|p1a: Calyrex|Astral Barrage|p2a: Iron Jugulis|[spread] \n|-activate|p2a: Iron Jugulis|move: Protect\n|-activate|p2b: Landorus|move: Protect\n|\n|upkeep\n|turn|2\n|inactive|Kvaaan has 30 seconds left.\n|\n|t:|1775490410\n|-terastallize|p1a: Calyrex|Dark\n|move|p2a: Iron Jugulis|Snarl|p1a: Calyrex|[spread] p1a,p1b\n|-resisted|p1a: Calyrex\n|-damage|p1a: Calyrex|92/100\n|-damage|p1b: Rillaboom|90/100\n|-unboost|p1a: Calyrex|spa|1\n|-unboost|p1b: Rillaboom|spa|1\n|move|p1a: Calyrex|Astral Barrage|p2b: Landorus|[spread] p2a,p2b\n|-resisted|p2a: Iron Jugulis\n|-damage|p2a: Iron Jugulis|73/100\n|-damage|p2b: Landorus|43/100\n|-damage|p1a: Calyrex|83/100|[from] item: Life Orb\n|move|p2b: Landorus|Sludge Bomb|p1b: Rillaboom\n|-supereffective|p1b: Rillaboom\n|-damage|p1b: Rillaboom|29/100\n|move|p1b: Rillaboom|U-turn|p2a: Iron Jugulis\n|-damage|p2a: Iron Jugulis|49/100\n|\n|t:|1775490427\n|switch|p1b: Incineroar|Incineroar, L50, F|100/100|[from] U-turn\n|-ability|p1b: Incineroar|Intimidate|boost\n|-unboost|p2a: Iron Jugulis|atk|1\n|-unboost|p2b: Landorus|atk|1\n|\n|-heal|p1a: Calyrex|89/100|[from] Grassy Terrain\n|upkeep\n|turn|3\n|\n|t:|1775490440\n|switch|p1b: Rillaboom|Rillaboom, L50, F|29/100\n|move|p2a: Iron Jugulis|Protect|p2a: Iron Jugulis\n|-singleturn|p2a: Iron Jugulis|Protect\n|move|p2b: Landorus|Protect|p2b: Landorus\n|-singleturn|p2b: Landorus|Protect\n|move|p1a: Calyrex|Nasty Plot|p1a: Calyrex\n|-boost|p1a: Calyrex|spa|2\n|\n|-heal|p1a: Calyrex|95/100|[from] Grassy Terrain\n|-heal|p1b: Rillaboom|34/100|[from] Grassy Terrain\n|upkeep\n|turn|4\n|\n|t:|1775490453\n|switch|p2b: Wo-Chien|Wo-Chien, L50|100/100\n|-ability|p2b: Wo-Chien|Tablets of Ruin\n|move|p1b: Rillaboom|Fake Out|p2a: Iron Jugulis\n|-damage|p2a: Iron Jugulis|39/100\n|cant|p2a: Iron Jugulis|flinch\n|move|p1a: Calyrex|Astral Barrage|p2a: Iron Jugulis|[spread] p2a,p2b\n|-resisted|p2a: Iron Jugulis\n|-resisted|p2b: Wo-Chien\n|-damage|p2a: Iron Jugulis|0 fnt\n|-damage|p2b: Wo-Chien|64/100\n|faint|p2a: Iron Jugulis\n|-end|p2a: Iron Jugulis|Quark Drive|[silent]\n|-ability|p1a: Calyrex|Grim Neigh|boost\n|-boost|p1a: Calyrex|spa|1\n|-damage|p1a: Calyrex|85/100|[from] item: Life Orb\n|\n|-heal|p1a: Calyrex|92/100|[from] Grassy Terrain\n|-heal|p2b: Wo-Chien|70/100|[from] Grassy Terrain\n|-heal|p2b: Wo-Chien|77/100|[from] item: Leftovers\n|-heal|p1b: Rillaboom|40/100|[from] Grassy Terrain\n|upkeep\n|\n|t:|1775490461\n|switch|p2a: Kyogre|Kyogre, L50, shiny|100/100\n|-weather|RainDance|[from] ability: Drizzle|[of] p2a: Kyogre\n|turn|5\n|inactive|Nasihasi has 30 seconds left.\n|\n|t:|1775490492\n|switch|p1b: Incineroar|Incineroar, L50, F|100/100\n|-ability|p1b: Incineroar|Intimidate|boost\n|-unboost|p2a: Kyogre|atk|1\n|-unboost|p2b: Wo-Chien|atk|1\n|-terastallize|p2a: Kyogre|Grass\n|move|p1a: Calyrex|Protect|p1a: Calyrex\n|-singleturn|p1a: Calyrex|Protect\n|move|p2b: Wo-Chien|Pollen Puff|p2a: Kyogre\n|move|p2a: Kyogre|Water Spout|p1a: Calyrex|[spread] p1b\n|-activate|p1a: Calyrex|move: Protect\n|-supereffective|p1b: Incineroar\n|-damage|p1b: Incineroar|0 fnt\n|faint|p1b: Incineroar\n|\n|-weather|RainDance|[upkeep]\n|-heal|p1a: Calyrex|98/100|[from] Grassy Terrain\n|-heal|p2b: Wo-Chien|83/100|[from] Grassy Terrain\n|-heal|p2b: Wo-Chien|89/100|[from] item: Leftovers\n|-fieldend|move: Grassy Terrain\n|upkeep\n|\n|t:|1775490507\n|switch|p1b: Rillaboom|Rillaboom, L50, F|40/100\n|-fieldstart|move: Grassy Terrain|[from] ability: Grassy Surge|[of] p1b: Rillaboom\n|turn|6\n|\n|t:|1775490527\n|move|p1b: Rillaboom|Fake Out|p2a: Kyogre\n|-damage|p2a: Kyogre|92/100\n|move|p1a: Calyrex|Nasty Plot|p1a: Calyrex\n|-boost|p1a: Calyrex|spa|2\n|move|p2b: Wo-Chien|Pollen Puff|p2a: Kyogre\n|-heal|p2a: Kyogre|100/100\n|cant|p2a: Kyogre|flinch\n|\n|-weather|RainDance|[upkeep]\n|-heal|p1a: Calyrex|100/100|[from] Grassy Terrain\n|-heal|p2b: Wo-Chien|95/100|[from] Grassy Terrain\n|-heal|p2b: Wo-Chien|100/100|[from] item: Leftovers\n|-heal|p1b: Rillaboom|46/100|[from] Grassy Terrain\n|upkeep\n|turn|7\n|inactive|Kvaaan has 30 seconds left.\n|\n|t:|1775490553\n|move|p1a: Calyrex|Astral Barrage|p2a: Kyogre|[spread] p2a,p2b\n|-resisted|p2b: Wo-Chien\n|-damage|p2a: Kyogre|0 fnt\n|-damage|p2b: Wo-Chien|21/100\n|faint|p2a: Kyogre\n|-ability|p1a: Calyrex|Grim Neigh|boost\n|-boost|p1a: Calyrex|spa|1\n|-damage|p1a: Calyrex|91/100|[from] item: Life Orb\n|move|p2b: Wo-Chien|Pollen Puff|p2: Kyogre|[notarget]\n|-fail|p2b: Wo-Chien\n|move|p1b: Rillaboom|U-turn|p2b: Wo-Chien\n|-supereffective|p2b: Wo-Chien\n|-crit|p2b: Wo-Chien\n|-damage|p2b: Wo-Chien|0 fnt\n|faint|p2b: Wo-Chien\n|-message|Kvaaan forfeited.\n|\n|win|Nasihasi\n|raw|Nasihasi's rating: 1455 &rarr; <strong>1475</strong><br />(+20 for winning)\n|raw|Kvaaan's rating: 1452 &rarr; <strong>1432</strong><br />(-20 for losing)\n|l|\u2606Kvaaan\n|player|p2|\n","uploadtime":1775490567,"views":9,"formatid":"gen9vgc2026regi","rating":1432,"private":0,"password":null}