{"id":"gen9vgc2026regi-2560688037","format":"[Gen 9] VGC 2026 Reg I","players":["lmao23","testhan92"],"log":"|j|\u2606lmao23\n|j|\u2606testhan92\n|t:|1773712664\n|gametype|doubles\n|player|p1|lmao23|2|1269\n|player|p2|testhan92|265|1297\n|gen|9\n|tier|[Gen 9] VGC 2026 Reg I\n|rated|\n|rule|Species Clause: Limit one of each Pok\u00e9mon\n|rule|Item Clause: Limit 1 of each item\n|clearpoke\n|poke|p1|Incineroar, L50, F|\n|poke|p1|Koraidon, L50|\n|poke|p1|Brute Bonnet, L50|\n|poke|p1|Calyrex-Shadow, L50|\n|poke|p1|Landorus, L50, M|\n|poke|p1|Raging Bolt, L50|\n|poke|p2|Calyrex-Shadow, L50|\n|poke|p2|Koraidon, L50|\n|poke|p2|Ogerpon-Hearthflame, L50, F|\n|poke|p2|Raging Bolt, L50|\n|poke|p2|Rillaboom, L50, F|\n|poke|p2|Incineroar, L50, M|\n|teampreview|4\n|inactive|Battle timer is ON: inactive players will automatically lose when time's up. (requested by testhan92)\n|\n|t:|1773712718\n|teamsize|p1|4\n|teamsize|p2|4\n|start\n|switch|p1a: Raging Bolt|Raging Bolt, L50|100/100\n|switch|p1b: Brute Bonnet|Brute Bonnet, L50|100/100\n|switch|p2a: Calyrex|Calyrex-Shadow, L50|100/100\n|switch|p2b: Incineroar|Incineroar, L50, M|100/100\n|-ability|p2a: Calyrex|As One\n|-ability|p2a: Calyrex|Unnerve\n|-ability|p2b: Incineroar|Intimidate|boost\n|-unboost|p1a: Raging Bolt|atk|1\n|-unboost|p1b: Brute Bonnet|atk|1\n|turn|1\n|\n|t:|1773712737\n|switch|p2a: Rillaboom|Rillaboom, L50, F|100/100\n|-fieldstart|move: Grassy Terrain|[from] ability: Grassy Surge|[of] p2a: Rillaboom\n|move|p2b: Incineroar|Fake Out|p1b: Brute Bonnet\n|-damage|p1b: Brute Bonnet|93/100\n|move|p1a: Raging Bolt|Electroweb|p2a: Rillaboom|[spread] p2a,p2b\n|-resisted|p2a: Rillaboom\n|-damage|p2a: Rillaboom|93/100\n|-damage|p2b: Incineroar|77/100\n|-unboost|p2a: Rillaboom|spe|1\n|-unboost|p2b: Incineroar|spe|1\n|cant|p1b: Brute Bonnet|flinch\n|\n|-heal|p2a: Rillaboom|99/100|[from] Grassy Terrain\n|-heal|p1b: Brute Bonnet|99/100|[from] Grassy Terrain\n|-heal|p2b: Incineroar|83/100|[from] Grassy Terrain\n|upkeep\n|turn|2\n|\n|t:|1773712756\n|-end|p1b: Brute Bonnet|Protosynthesis|[silent]\n|switch|p1b: Incineroar|Incineroar, L50, F|100/100\n|-ability|p1b: Incineroar|Intimidate|boost\n|-unboost|p2a: Rillaboom|atk|1\n|-unboost|p2b: Incineroar|atk|1\n|move|p1a: Raging Bolt|Thunderbolt|p2b: Incineroar\n|-damage|p2b: Incineroar|35/100\n|move|p2a: Rillaboom|U-turn|p1b: Incineroar\n|-damage|p1b: Incineroar|89/100\n|-damage|p2a: Rillaboom|83/100|[from] item: Rocky Helmet|[of] p1b: Incineroar\n|\n|t:|1773712766\n|switch|p2a: Koraidon|Koraidon, L50|100/100|[from] U-turn\n|-weather|SunnyDay|[from] ability: Orichalcum Pulse|[of] p2a: Koraidon\n|-activate|p1a: Raging Bolt|ability: Protosynthesis\n|-start|p1a: Raging Bolt|protosynthesisspa\n|-activate|p2a: Koraidon|Orichalcum Pulse|[source]\n|move|p2b: Incineroar|Knock Off|p1a: Raging Bolt\n|-damage|p1a: Raging Bolt|81/100\n|-enditem|p1a: Raging Bolt|Assault Vest|[from] move: Knock Off|[of] p2b: Incineroar\n|\n|-weather|SunnyDay|[upkeep]\n|-heal|p1a: Raging Bolt|87/100|[from] Grassy Terrain\n|-heal|p1b: Incineroar|95/100|[from] Grassy Terrain\n|-heal|p2b: Incineroar|41/100|[from] Grassy Terrain\n|upkeep\n|turn|3\n|\n|t:|1773712778\n|switch|p2b: Rillaboom|Rillaboom, L50, F|83/100\n|move|p2a: Koraidon|Protect|p2a: Koraidon\n|-singleturn|p2a: Koraidon|Protect\n|move|p1b: Incineroar|Fake Out|p2a: Koraidon\n|-activate|p2a: Koraidon|move: Protect\n|move|p1a: Raging Bolt|Thunderbolt|p2b: Rillaboom\n|-resisted|p2b: Rillaboom\n|-damage|p2b: Rillaboom|58/100\n|\n|-weather|SunnyDay|[upkeep]\n|-heal|p2b: Rillaboom|63/100|[from] Grassy Terrain\n|-heal|p1a: Raging Bolt|93/100|[from] Grassy Terrain\n|-heal|p1b: Incineroar|100/100|[from] Grassy Terrain\n|upkeep\n|turn|4\n|\n|t:|1773712795\n|-end|p1a: Raging Bolt|Protosynthesis|[silent]\n|switch|p1a: Brute Bonnet|Brute Bonnet, L50|99/100\n|-activate|p1a: Brute Bonnet|ability: Protosynthesis\n|-start|p1a: Brute Bonnet|protosynthesisdef\n|switch|p1b: Calyrex|Calyrex-Shadow, L50|100/100\n|-ability|p1b: Calyrex|As One\n|-ability|p1b: Calyrex|Unnerve\n|-terastallize|p2a: Koraidon|Fire\n|move|p2b: Rillaboom|Fake Out|p1a: Brute Bonnet\n|-damage|p1a: Brute Bonnet|92/100\n|move|p2a: Koraidon|Collision Course|p1b: Calyrex\n|-immune|p1b: Calyrex\n|\n|-weather|SunnyDay|[upkeep]\n|-heal|p2b: Rillaboom|69/100|[from] Grassy Terrain\n|-heal|p1a: Brute Bonnet|98/100|[from] Grassy Terrain\n|upkeep\n|turn|5\n|\n|t:|1773712816\n|-terastallize|p1a: Brute Bonnet|Water\n|move|p1b: Calyrex|Encore|p2b: Rillaboom\n|-start|p2b: Rillaboom|Encore\n|move|p2a: Koraidon|Flame Charge|p1a: Brute Bonnet\n|-resisted|p1a: Brute Bonnet\n|-damage|p1a: Brute Bonnet|82/100\n|-boost|p2a: Koraidon|spe|1\n|move|p2b: Rillaboom|Fake Out||[still]\n|-hint|Fake Out only works on your first turn out.\n|-fail|p2b: Rillaboom\n|move|p1a: Brute Bonnet|Spore|p2a: Koraidon\n|-status|p2a: Koraidon|slp|[from] move: Spore\n|\n|-weather|SunnyDay|[upkeep]\n|-heal|p2b: Rillaboom|75/100|[from] Grassy Terrain\n|-heal|p1a: Brute Bonnet|88/100|[from] Grassy Terrain\n|-fieldend|move: Grassy Terrain\n|upkeep\n|turn|6\n|\n|t:|1773712835\n|switch|p2b: Incineroar|Incineroar, L50, M|41/100\n|-ability|p2b: Incineroar|Intimidate|boost\n|-unboost|p1a: Brute Bonnet|atk|1\n|-unboost|p1b: Calyrex|atk|1\n|-end|p1a: Brute Bonnet|Protosynthesis|[silent]\n|switch|p1a: Raging Bolt|Raging Bolt, L50|93/100\n|-activate|p1a: Raging Bolt|ability: Protosynthesis\n|-start|p1a: Raging Bolt|protosynthesisspa\n|cant|p2a: Koraidon|slp\n|move|p1b: Calyrex|Astral Barrage|p2b: Incineroar|[spread] p2a,p2b\n|-crit|p2a: Koraidon\n|-resisted|p2b: Incineroar\n|-damage|p2a: Koraidon|35/100 slp\n|-damage|p2b: Incineroar|15/100\n|\n|-weather|none\n|-end|p1a: Raging Bolt|Protosynthesis\n|upkeep\n|turn|7\n|-message|testhan92 forfeited.\n|\n|win|lmao23\n|raw|lmao23's rating: 1269 &rarr; <strong>1296</strong><br />(+27 for winning)\n|raw|testhan92's rating: 1297 &rarr; <strong>1270</strong><br />(-27 for losing)\n","uploadtime":1773712843,"views":12,"formatid":"gen9vgc2026regi","rating":1270,"private":0,"password":null}