{"id":"gen9vgc2026regi-2528392817","format":"[Gen 9] VGC 2026 Reg I","players":["inb_178","jaredddxd"],"log":"|j|\u2606inb_178\n|j|\u2606jaredddxd\n|t:|1769650487\n|gametype|doubles\n|player|p1|inb_178|266|1289\n|player|p2|jaredddxd|juggler|1176\n|gen|9\n|tier|[Gen 9] VGC 2026 Reg I\n|rated|\n|rule|Species Clause: Limit one of each Pok\u00e9mon\n|rule|Item Clause: Limit 1 of each item\n|clearpoke\n|poke|p1|Calyrex-Shadow, L50|\n|poke|p1|Indeedee-F, L50, F|\n|poke|p1|Incineroar, L50, F|\n|poke|p1|Terapagos, L50, M|\n|poke|p1|Maushold-Four, L50|\n|poke|p1|Volcarona, L50, M|\n|poke|p2|Koraidon, L50|\n|poke|p2|Lunala, L50|\n|poke|p2|Flutter Mane, L50|\n|poke|p2|Incineroar, L50, M|\n|poke|p2|Brute Bonnet, L50|\n|poke|p2|Raging Bolt, L50|\n|teampreview|4\n|inactive|Battle timer is ON: inactive players will automatically lose when time's up. (requested by jaredddxd)\n|inactive|jaredddxd has 60 seconds left.\n|\n|t:|1769650533\n|teamsize|p1|4\n|teamsize|p2|4\n|start\n|switch|p1a: Indeedee|Indeedee-F, L50, F|100/100\n|switch|p1b: Terapagos|Terapagos, L50, M|100/100\n|switch|p2a: Koraidon|Koraidon, L50|100/100\n|switch|p2b: Flutter Mane|Flutter Mane, L50|100/100\n|-activate|p1b: Terapagos|ability: Tera Shift\n|detailschange|p1b: Terapagos|Terapagos-Terastal, L50, M\n|-heal|p1b: Terapagos|100/100|[silent]\n|-weather|SunnyDay|[from] ability: Orichalcum Pulse|[of] p2a: Koraidon\n|-activate|p2b: Flutter Mane|ability: Protosynthesis\n|-start|p2b: Flutter Mane|protosynthesisspe\n|-activate|p2a: Koraidon|Orichalcum Pulse|[source]\n|-fieldstart|move: Psychic Terrain|[from] ability: Psychic Surge|[of] p1a: Indeedee\n|turn|1\n|inactive|inb_178 has 30 seconds left.\n|inactive|inb_178 has 20 seconds left.\n|inactive|inb_178 has 15 seconds left.\n|inactive|inb_178 has 10 seconds left.\n|inactive|inb_178 has 5 seconds left.\n|\n|t:|1769650588\n|move|p1b: Terapagos|Protect|p1b: Terapagos\n|-singleturn|p1b: Terapagos|Protect\n|move|p2b: Flutter Mane|Icy Wind|p1b: Terapagos|[spread] p1a\n|-activate|p1b: Terapagos|move: Protect\n|-damage|p1a: Indeedee|86/100\n|-unboost|p1a: Indeedee|spe|1\n|move|p2a: Koraidon|Breaking Swipe|p1b: Terapagos|[spread] p1a\n|-activate|p1b: Terapagos|move: Protect\n|-damage|p1a: Indeedee|54/100\n|-unboost|p1a: Indeedee|atk|1\n|-damage|p2a: Koraidon|84/100|[from] item: Rocky Helmet|[of] p1a: Indeedee\n|move|p1a: Indeedee|Heal Pulse|p2b: Flutter Mane\n|-fail|p2b: Flutter Mane|heal\n|\n|-weather|SunnyDay|[upkeep]\n|upkeep\n|turn|2\n|inactive|inb_178 has 30 seconds left.\n|inactive|jaredddxd has 30 seconds left.\n|inactive|inb_178 has 20 seconds left.\n|inactive|inb_178 has 15 seconds left.\n|inactive|inb_178 has 10 seconds left.\n|inactive|inb_178 has 5 seconds left.\n|\n|t:|1769650643\n|move|p1b: Terapagos|Protect|p1b: Terapagos\n|-singleturn|p1b: Terapagos|Protect\n|move|p2b: Flutter Mane|Moonblast|p1b: Terapagos\n|-activate|p1b: Terapagos|move: Protect\n|move|p2a: Koraidon|Collision Course|p1b: Terapagos\n|-activate|p1b: Terapagos|move: Protect\n|move|p1a: Indeedee|Heal Pulse|p2a: Koraidon\n|-heal|p2a: Koraidon|100/100\n|\n|-weather|SunnyDay|[upkeep]\n|upkeep\n|turn|3\n|\n|t:|1769650665\n|-terastallize|p1b: Terapagos|Stellar\n|detailschange|p1b: Terapagos|Terapagos-Stellar, L50, M, tera:Stellar\n|-heal|p1b: Terapagos|100/100|[silent]\n|-ability|p1b: Terapagos|Teraform Zero\n|-weather|none\n|-end|p2b: Flutter Mane|Protosynthesis\n|-fieldend|move: Psychic Terrain\n|move|p1a: Indeedee|Follow Me|p1a: Indeedee\n|-singleturn|p1a: Indeedee|move: Follow Me\n|move|p2b: Flutter Mane|Moonblast|p1a: Indeedee\n|-damage|p1a: Indeedee|6/100\n|move|p2a: Koraidon|Breaking Swipe|p1b: Terapagos|[spread] p1a,p1b\n|-damage|p1a: Indeedee|0 fnt\n|-damage|p1b: Terapagos|86/100\n|-unboost|p1b: Terapagos|atk|1\n|-damage|p2a: Koraidon|84/100|[from] item: Rocky Helmet|[of] p1a: Indeedee\n|faint|p1a: Indeedee\n|move|p1b: Terapagos|Tera Starstorm|p2b: Flutter Mane|[spread] p2a,p2b\n|-damage|p2a: Koraidon|52/100\n|-damage|p2b: Flutter Mane|62/100\n|\n|upkeep\n|\n|t:|1769650686\n|switch|p1a: Calyrex|Calyrex-Shadow, L50|100/100\n|-ability|p1a: Calyrex|As One\n|-ability|p1a: Calyrex|Unnerve\n|turn|4\n|inactive|jaredddxd has 30 seconds left.\n|\n|t:|1769650712\n|switch|p2a: Raging Bolt|Raging Bolt, L50|100/100\n|-terastallize|p2b: Flutter Mane|Ground\n|move|p1b: Terapagos|Protect|p1b: Terapagos\n|-singleturn|p1b: Terapagos|Protect\n|move|p1a: Calyrex|Astral Barrage|p2a: Raging Bolt|[spread] p2a,p2b\n|-damage|p2a: Raging Bolt|69/100\n|-damage|p2b: Flutter Mane|1/100\n|move|p2b: Flutter Mane|Shadow Ball|p1a: Calyrex\n|-supereffective|p1a: Calyrex\n|-enditem|p1a: Calyrex|Focus Sash\n|-damage|p1a: Calyrex|1/100\n|\n|upkeep\n|turn|5\n|inactive|jaredddxd has 30 seconds left.\n|\n|t:|1769650739\n|move|p1a: Calyrex|Protect|p1a: Calyrex\n|-singleturn|p1a: Calyrex|Protect\n|move|p2a: Raging Bolt|Thunderclap||[still]\n|-fail|p2a: Raging Bolt\n|move|p2b: Flutter Mane|Icy Wind|p1b: Terapagos|[spread] p1b\n|-activate|p1a: Calyrex|move: Protect\n|-damage|p1b: Terapagos|77/100\n|-unboost|p1b: Terapagos|spe|1\n|move|p1b: Terapagos|Meteor Beam||[still]\n|-prepare|p1b: Terapagos|Meteor Beam\n|-boost|p1b: Terapagos|spa|1\n|-enditem|p1b: Terapagos|Power Herb\n|-anim|p1b: Terapagos|Meteor Beam|p2a: Raging Bolt|[miss]\n|-miss|p1b: Terapagos|p2a: Raging Bolt\n|\n|upkeep\n|turn|6\n|\n|t:|1769650763\n|switch|p1a: Maushold|Maushold-Four, L50|100/100\n|move|p2b: Flutter Mane|Icy Wind|p1b: Terapagos|[spread] p1a,p1b\n|-damage|p1a: Maushold|83/100\n|-damage|p1b: Terapagos|70/100\n|-unboost|p1a: Maushold|spe|1\n|-unboost|p1b: Terapagos|spe|1\n|move|p2a: Raging Bolt|Snarl|p1b: Terapagos|[spread] p1a,p1b\n|-damage|p1a: Maushold|61/100\n|-damage|p1b: Terapagos|62/100\n|-unboost|p1a: Maushold|spa|1\n|-unboost|p1b: Terapagos|spa|1\n|move|p1b: Terapagos|Tera Starstorm|p2a: Raging Bolt|[spread] p2a,p2b\n|-supereffective|p2b: Flutter Mane\n|-damage|p2a: Raging Bolt|50/100\n|-damage|p2b: Flutter Mane|0 fnt\n|faint|p2b: Flutter Mane\n|-end|p2b: Flutter Mane|Protosynthesis|[silent]\n|\n|upkeep\n|\n|t:|1769650777\n|switch|p2b: Koraidon|Koraidon, L50|52/100\n|-weather|SunnyDay|[from] ability: Orichalcum Pulse|[of] p2b: Koraidon\n|-activate|p2a: Raging Bolt|ability: Protosynthesis\n|-start|p2a: Raging Bolt|protosynthesisspa\n|-activate|p2b: Koraidon|Orichalcum Pulse|[source]\n|turn|7\n|\n|t:|1769650793\n|move|p1a: Maushold|Follow Me|p1a: Maushold\n|-singleturn|p1a: Maushold|move: Follow Me\n|move|p2b: Koraidon|Breaking Swipe|p1b: Terapagos|[spread] p1a,p1b\n|-damage|p1a: Maushold|25/100\n|-damage|p1b: Terapagos|50/100\n|-unboost|p1a: Maushold|atk|1\n|-unboost|p1b: Terapagos|atk|1\n|-enditem|p1a: Maushold|Sitrus Berry|[eat]\n|-heal|p1a: Maushold|50/100|[from] item: Sitrus Berry\n|move|p2a: Raging Bolt|Snarl|p1a: Maushold|[spread] p1a,p1b\n|-crit|p1a: Maushold\n|-damage|p1a: Maushold|8/100\n|-damage|p1b: Terapagos|40/100\n|-unboost|p1a: Maushold|spa|1\n|-unboost|p1b: Terapagos|spa|1\n|move|p1b: Terapagos|Tera Starstorm|p2b: Koraidon|[spread] p2a,p2b\n|-crit|p2b: Koraidon\n|-damage|p2a: Raging Bolt|37/100\n|-damage|p2b: Koraidon|2/100\n|\n|-weather|SunnyDay|[upkeep]\n|upkeep\n|turn|8\n|\n|t:|1769650815\n|move|p1a: Maushold|Feint|p2b: Koraidon\n|-damage|p2b: Koraidon|0 fnt\n|faint|p2b: Koraidon\n|move|p2a: Raging Bolt|Snarl|p1a: Maushold|[spread] p1a,p1b\n|-damage|p1a: Maushold|0 fnt\n|-damage|p1b: Terapagos|29/100\n|-unboost|p1b: Terapagos|spa|1\n|faint|p1a: Maushold\n|move|p1b: Terapagos|Earth Power|p2a: Raging Bolt\n|-supereffective|p2a: Raging Bolt\n|-damage|p2a: Raging Bolt|17/100\n|\n|-weather|SunnyDay|[upkeep]\n|upkeep\n|\n|t:|1769650827\n|switch|p2b: Lunala|Lunala, L50|100/100\n|switch|p1a: Calyrex|Calyrex-Shadow, L50|1/100\n|-ability|p1a: Calyrex|As One\n|-ability|p1a: Calyrex|Unnerve\n|turn|9\n|\n|t:|1769650836\n|move|p1a: Calyrex|Protect|p1a: Calyrex\n|-singleturn|p1a: Calyrex|Protect\n|move|p2a: Raging Bolt|Thunderclap||[still]\n|-fail|p2a: Raging Bolt\n|move|p2b: Lunala|Meteor Beam||[still]\n|-prepare|p2b: Lunala|Meteor Beam\n|-boost|p2b: Lunala|spa|1\n|-enditem|p2b: Lunala|Power Herb\n|-anim|p2b: Lunala|Meteor Beam|p1b: Terapagos|[miss]\n|-miss|p2b: Lunala|p1b: Terapagos\n|move|p1b: Terapagos|Tera Starstorm|p2a: Raging Bolt|[spread] p2a,p2b\n|-damage|p2a: Raging Bolt|7/100\n|-damage|p2b: Lunala|96/100\n|\n|-weather|SunnyDay|[upkeep]\n|upkeep\n|turn|10\n|inactive|jaredddxd has 30 seconds left.\n|\n|t:|1769650867\n|move|p1a: Calyrex|Protect||[still]\n|-fail|p1a: Calyrex\n|move|p2a: Raging Bolt|Thunderclap|p1b: Terapagos\n|-damage|p1b: Terapagos|0 fnt\n|faint|p1b: Terapagos\n|detailschange|p1: Terapagos|Terapagos, L50, M|[silent]\n|move|p2b: Lunala|Moongeist Beam|p1a: Calyrex\n|-supereffective|p1a: Calyrex\n|-damage|p1a: Calyrex|0 fnt\n|faint|p1a: Calyrex\n|\n|win|jaredddxd\n|raw|inb_178's rating: 1289 &rarr; <strong>1256</strong><br />(-33 for losing)\n|raw|jaredddxd's rating: 1176 &rarr; <strong>1209</strong><br />(+33 for winning)\n|l|\u2606inb_178\n|player|p1|\n","uploadtime":1769651014,"views":12,"formatid":"gen9vgc2026regi","rating":1209,"private":0,"password":null}