{"id":"gen9vgc2026regi-2559619458","format":"[Gen 9] VGC 2026 Reg I","players":["therollercoaster","pigs2fly"],"log":"|j|\u2606therollercoaster\n|j|\u2606pigs2fly\n|t:|1773592836\n|gametype|doubles\n|player|p1|therollercoaster|cynthia|1316\n|player|p2|pigs2fly|102|1395\n|gen|9\n|tier|[Gen 9] VGC 2026 Reg I\n|rated|\n|rule|Species Clause: Limit one of each Pok\u00e9mon\n|rule|Item Clause: Limit 1 of each item\n|clearpoke\n|poke|p1|Kyogre, L50|\n|poke|p1|Urshifu-*, L50, M|\n|poke|p1|Whimsicott, L50, M|\n|poke|p1|Miraidon, L50|\n|poke|p1|Archaludon, L50, F|\n|poke|p1|Landorus-Therian, L50, M|\n|poke|p2|Annihilape, L50, M|\n|poke|p2|Tornadus, L50, M|\n|poke|p2|Dondozo, L50, M|\n|poke|p2|Tatsugiri, L50, M|\n|poke|p2|Zacian-*, L50|\n|poke|p2|Kyogre, L50|\n|teampreview|4\n|\n|t:|1773592885\n|teamsize|p1|4\n|teamsize|p2|4\n|start\n|switch|p1a: Miraidon|Miraidon, L50|100/100\n|switch|p1b: Whimsicott|Whimsicott, L50, M|100/100\n|switch|p2a: Dondozo|Dondozo, L50, M|100/100\n|switch|p2b: Annihilape|Annihilape, L50, M|100/100\n|-fieldstart|move: Electric Terrain|[from] ability: Hadron Engine|[of] p1a: Miraidon\n|turn|1\n|\n|t:|1773592912\n|switch|p2b: Tatsugiri|Tatsugiri, L50, M|100/100\n|-activate|p2b: Tatsugiri|ability: Commander|[of] p2a: Dondozo\n|-boost|p2a: Dondozo|atk|2\n|-boost|p2a: Dondozo|spa|2\n|-boost|p2a: Dondozo|spe|2\n|-boost|p2a: Dondozo|def|2\n|-boost|p2a: Dondozo|spd|2\n|-terastallize|p2a: Dondozo|Grass\n|move|p1b: Whimsicott|Tailwind|p1b: Whimsicott\n|-sidestart|p1: therollercoaster|move: Tailwind\n|move|p1a: Miraidon|Volt Switch|p2b: Tatsugiri|[miss]\n|-miss|p1a: Miraidon|p2b: Tatsugiri\n|move|p2a: Dondozo|Earthquake|p1a: Miraidon|[spread] p1a,p1b\n|-miss|p2a: Dondozo|p2b: Tatsugiri\n|-supereffective|p1a: Miraidon\n|-resisted|p1b: Whimsicott\n|-damage|p1a: Miraidon|10/100\n|-damage|p1b: Whimsicott|74/100\n|\n|upkeep\n|turn|2\n|\n|t:|1773592930\n|move|p1a: Miraidon|Volt Switch|p2a: Dondozo\n|-resisted|p2a: Dondozo\n|-crit|p2a: Dondozo\n|-damage|p2a: Dondozo|41/100\n|\n|t:|1773592937\n|switch|p1a: Kyogre|Kyogre, L50|100/100|[from] Volt Switch\n|-weather|RainDance|[from] ability: Drizzle|[of] p1a: Kyogre\n|move|p1b: Whimsicott|Moonblast|p2a: Dondozo\n|-damage|p2a: Dondozo|30/100\n|move|p2a: Dondozo|Earthquake|p1b: Whimsicott|[spread] p1a,p1b\n|-miss|p2a: Dondozo|p2b: Tatsugiri\n|-resisted|p1b: Whimsicott\n|-damage|p1a: Kyogre|67/100\n|-damage|p1b: Whimsicott|49/100\n|\n|-weather|RainDance|[upkeep]\n|-heal|p1a: Kyogre|73/100|[from] item: Leftovers\n|-heal|p2a: Dondozo|37/100|[from] item: Leftovers\n|upkeep\n|turn|3\n|\n|t:|1773592961\n|move|p1b: Whimsicott|Moonblast|p2b: Tatsugiri|[miss]\n|-miss|p1b: Whimsicott|p2b: Tatsugiri\n|move|p1a: Kyogre|Ice Beam|p2a: Dondozo\n|-supereffective|p2a: Dondozo\n|-damage|p2a: Dondozo|3/100\n|move|p2a: Dondozo|Earthquake|p1b: Whimsicott|[spread] p1a,p1b\n|-miss|p2a: Dondozo|p2b: Tatsugiri\n|-resisted|p1b: Whimsicott\n|-damage|p1a: Kyogre|40/100\n|-damage|p1b: Whimsicott|21/100\n|\n|-weather|RainDance|[upkeep]\n|-heal|p1a: Kyogre|46/100|[from] item: Leftovers\n|-heal|p2a: Dondozo|9/100|[from] item: Leftovers\n|upkeep\n|turn|4\n|\n|t:|1773592973\n|switch|p1b: Archaludon|Archaludon, L50, F|100/100\n|move|p1a: Kyogre|Ice Beam|p2a: Dondozo\n|-supereffective|p2a: Dondozo\n|-damage|p2a: Dondozo|0 fnt\n|faint|p2a: Dondozo\n|\n|-weather|RainDance|[upkeep]\n|-heal|p1a: Kyogre|52/100|[from] item: Leftovers\n|-sideend|p1: therollercoaster|move: Tailwind\n|upkeep\n|\n|t:|1773592988\n|switch|p2a: Zacian|Zacian-Crowned, L50, shiny|100/100\n|-ability|p2a: Zacian|Intrepid Sword|boost\n|-boost|p2a: Zacian|atk|1\n|turn|5\n|\n|t:|1773593012\n|-terastallize|p1b: Archaludon|Bug\n|move|p2a: Zacian|Play Rough|p1a: Kyogre\n|-damage|p1a: Kyogre|0 fnt\n|faint|p1a: Kyogre\n|move|p2b: Tatsugiri|Dragon Pulse|p1b: Archaludon\n|-damage|p1b: Archaludon|76/100\n|-ability|p1b: Archaludon|Stamina|boost\n|-boost|p1b: Archaludon|def|1\n|move|p1b: Archaludon|Electro Shot||[still]\n|-prepare|p1b: Archaludon|Electro Shot\n|-boost|p1b: Archaludon|spa|1\n|-anim|p1b: Archaludon|Electro Shot|p2b: Tatsugiri\n|-damage|p2b: Tatsugiri|11/100\n|\n|-weather|RainDance|[upkeep]\n|-fieldend|move: Electric Terrain\n|upkeep\n|\n|t:|1773593029\n|switch|p1a: Whimsicott|Whimsicott, L50, M|21/100\n|turn|6\n|\n|t:|1773593047\n|move|p1a: Whimsicott|Tailwind|p1a: Whimsicott\n|-sidestart|p1: therollercoaster|move: Tailwind\n|move|p1b: Archaludon|Electro Shot||[still]\n|-prepare|p1b: Archaludon|Electro Shot\n|-boost|p1b: Archaludon|spa|1\n|-anim|p1b: Archaludon|Electro Shot|p2b: Tatsugiri\n|-damage|p2b: Tatsugiri|0 fnt\n|faint|p2b: Tatsugiri\n|move|p2a: Zacian|Behemoth Blade|p1a: Whimsicott\n|-supereffective|p1a: Whimsicott\n|-damage|p1a: Whimsicott|0 fnt\n|faint|p1a: Whimsicott\n|\n|-weather|none\n|upkeep\n|\n|t:|1773593067\n|switch|p1a: Miraidon|Miraidon, L50|10/100\n|switch|p2b: Annihilape|Annihilape, L50, M|100/100\n|-fieldstart|move: Electric Terrain|[from] ability: Hadron Engine|[of] p1a: Miraidon\n|turn|7\n|\n|t:|1773593105\n|move|p2a: Zacian|Protect|p2a: Zacian\n|-singleturn|p2a: Zacian|Protect\n|move|p1a: Miraidon|Electro Drift|p2b: Annihilape\n|-damage|p2b: Annihilape|0 fnt\n|faint|p2b: Annihilape\n|move|p1b: Archaludon|Flash Cannon|p2a: Zacian\n|-activate|p2a: Zacian|move: Protect\n|\n|upkeep\n|turn|8\n|\n|t:|1773593116\n|move|p2a: Zacian|Protect|p2a: Zacian\n|-singleturn|p2a: Zacian|Protect\n|move|p1a: Miraidon|Electro Drift|p2a: Zacian\n|-activate|p2a: Zacian|move: Protect\n|move|p1b: Archaludon|Flash Cannon|p2a: Zacian\n|-activate|p2a: Zacian|move: Protect\n|\n|upkeep\n|turn|9\n|\n|t:|1773593123\n|move|p2a: Zacian|Protect||[still]\n|-fail|p2a: Zacian\n|move|p1a: Miraidon|Electro Drift|p2a: Zacian\n|-damage|p2a: Zacian|0 fnt\n|faint|p2a: Zacian\n|\n|win|therollercoaster\n|raw|therollercoaster's rating: 1316 &rarr; <strong>1340</strong><br />(+24 for winning)\n|raw|pigs2fly's rating: 1395 &rarr; <strong>1371</strong><br />(-24 for losing)\n|l|\u2606pigs2fly\n|player|p2|\n|l|\u2606therollercoaster\n|player|p1|\n","uploadtime":1773593384,"views":12,"formatid":"gen9vgc2026regi","rating":1340,"private":0,"password":null}