{"id":"gen9vgc2026regi-2589848037","format":"[Gen 9] VGC 2026 Reg I","players":["sauan2","TheManOfSausage"],"log":"|j|\u2606sauan2\n|j|\u2606TheManOfSausage\n|t:|1776766813\n|gametype|doubles\n|player|p1|sauan2|170|1573\n|player|p2|TheManOfSausage|miku-water|1648\n|gen|9\n|tier|[Gen 9] VGC 2026 Reg I\n|rated|\n|rule|Species Clause: Limit one of each Pok\u00e9mon\n|rule|Item Clause: Limit 1 of each item\n|clearpoke\n|poke|p1|Brute Bonnet, L50|\n|poke|p1|Lunala, L50|\n|poke|p1|Ursaluna, L50, M|\n|poke|p1|Chi-Yu, L50|\n|poke|p1|Koraidon, L50|\n|poke|p1|Flutter Mane, L50|\n|poke|p2|Calyrex-Shadow, L50|\n|poke|p2|Miraidon, L50|\n|poke|p2|Clefairy, L50, M|\n|poke|p2|Rillaboom, L50, M|\n|poke|p2|Incineroar, L50, M|\n|poke|p2|Volcarona, L50, M|\n|teampreview|4\n|inactive|Battle timer is ON: inactive players will automatically lose when time's up. (requested by sauan2)\nTheManOfSausage has agreed to open team sheets.\n|j| Boban Rajcuvich\n|\n|t:|1776766829\n|teamsize|p1|4\n|teamsize|p2|4\n|start\n|switch|p1a: Lunala|Lunala, L50, shiny|100/100\n|switch|p1b: Flutter Mane|Flutter Mane, L50, shiny|100/100\n|switch|p2a: Magical Mirai|Miraidon, L50|100/100\n|switch|p2b: Rice Shower|Calyrex-Shadow, L50|100/100\n|-ability|p2b: Rice Shower|As One\n|-ability|p2b: Rice Shower|Unnerve\n|-fieldstart|move: Electric Terrain|[from] ability: Hadron Engine|[of] p2a: Magical Mirai\n|turn|1\n|\n|t:|1776766846\n|-terastallize|p2b: Rice Shower|Fairy\n|move|p2a: Magical Mirai|Volt Switch|p1a: Lunala\n|-damage|p1a: Lunala|76/100\n|\n|t:|1776766850\n|switch|p2a: pipi|Clefairy, L50, M|100/100|[from] Volt Switch\n|move|p2b: Rice Shower|Nasty Plot|p2b: Rice Shower\n|-boost|p2b: Rice Shower|spa|2\n|move|p1b: Flutter Mane|Icy Wind|p2a: pipi|[spread] p2a,p2b\n|-damage|p2a: pipi|89/100\n|-damage|p2b: Rice Shower|89/100\n|-unboost|p2a: pipi|spe|1\n|move|p1a: Lunala|Meteor Beam||[still]\n|-prepare|p1a: Lunala|Meteor Beam\n|-boost|p1a: Lunala|spa|1\n|-enditem|p1a: Lunala|Power Herb\n|-anim|p1a: Lunala|Meteor Beam|p2a: pipi\n|-damage|p2a: pipi|33/100\n|\n|upkeep\n|turn|2\n|\n|t:|1776766870\n|switch|p2a: Incineroar|Incineroar, L50, M, shiny|100/100\n|-ability|p2a: Incineroar|Intimidate|boost\n|-unboost|p1a: Lunala|atk|1\n|-unboost|p1b: Flutter Mane|atk|1\n|move|p1a: Lunala|Wide Guard|p1a: Lunala\n|-singleturn|p1a: Lunala|Wide Guard\n|move|p2b: Rice Shower|Astral Barrage|p1a: Lunala|[spread] \n|-activate|p1a: Lunala|move: Wide Guard\n|-activate|p1b: Flutter Mane|move: Wide Guard\n|move|p1b: Flutter Mane|Moonblast|p2a: Incineroar\n|-damage|p2a: Incineroar|54/100\n|-unboost|p2a: Incineroar|spa|1\n|\n|upkeep\n|turn|3\n|inactive|sauan2 has 30 seconds left.\n|\n|t:|1776766902\n|move|p2b: Rice Shower|Astral Barrage|p1b: Flutter Mane|[spread] p1a,p1b\n|-supereffective|p1a: Lunala\n|-supereffective|p1b: Flutter Mane\n|-damage|p1a: Lunala|0 fnt\n|-enditem|p1b: Flutter Mane|Focus Sash\n|-damage|p1b: Flutter Mane|1/100\n|faint|p1a: Lunala\n|-ability|p2b: Rice Shower|Grim Neigh|boost\n|-boost|p2b: Rice Shower|spa|1\n|move|p1b: Flutter Mane|Moonblast|p2b: Rice Shower\n|-damage|p2b: Rice Shower|40/100\n|move|p2a: Incineroar|Roar|p1b: Flutter Mane\n|-end|p1b: Flutter Mane|Protosynthesis|[silent]\n|drag|p1b: Ursaluna|Ursaluna, L50, M, shiny|100/100\n|\n|-status|p1b: Ursaluna|brn|[from] item: Flame Orb\n|upkeep\n|\n|t:|1776766914\n|switch|p1a: Flutter Mane|Flutter Mane, L50, shiny|1/100\n|turn|4\n|\n|t:|1776766919\n|switch|p1b: Koraidon|Koraidon, L50, shiny|100/100\n|-weather|SunnyDay|[from] ability: Orichalcum Pulse|[of] p1b: Koraidon\n|-activate|p1a: Flutter Mane|ability: Protosynthesis\n|-start|p1a: Flutter Mane|protosynthesisspe\n|-activate|p1b: Koraidon|Orichalcum Pulse|[source]\n|move|p2b: Rice Shower|Protect|p2b: Rice Shower\n|-singleturn|p2b: Rice Shower|Protect\n|move|p1a: Flutter Mane|Moonblast|p2b: Rice Shower\n|-activate|p2b: Rice Shower|move: Protect\n|move|p2a: Incineroar|Parting Shot|p1a: Flutter Mane\n|-unboost|p1a: Flutter Mane|atk|1\n|-unboost|p1a: Flutter Mane|spa|1\n|\n|t:|1776766923\n|switch|p2a: pipi|Clefairy, L50, M|33/100|[from] Parting Shot\n|\n|-weather|SunnyDay|[upkeep]\n|upkeep\n|turn|5\n|\n|t:|1776766942\n|move|p2a: pipi|Follow Me|p2a: pipi\n|-singleturn|p2a: pipi|move: Follow Me\n|move|p1a: Flutter Mane|Moonblast|p2a: pipi\n|-damage|p2a: pipi|5/100\n|-unboost|p2a: pipi|spa|1\n|move|p2b: Rice Shower|Astral Barrage|p1b: Koraidon|[spread] p1a,p1b\n|-supereffective|p1a: Flutter Mane\n|-damage|p1a: Flutter Mane|0 fnt\n|-damage|p1b: Koraidon|0 fnt\n|faint|p1a: Flutter Mane\n|-end|p1a: Flutter Mane|Protosynthesis|[silent]\n|faint|p1b: Koraidon\n|-ability|p2b: Rice Shower|Grim Neigh|boost\n|-boost|p2b: Rice Shower|spa|2\n|\n|-weather|SunnyDay|[upkeep]\n|-fieldend|move: Electric Terrain\n|upkeep\n|-message|sauan2 forfeited.\n|\n|win|TheManOfSausage\n|raw|sauan2's rating: 1573 &rarr; <strong>1557</strong><br />(-16 for losing)\n|raw|TheManOfSausage's rating: 1648 &rarr; <strong>1664</strong><br />(+16 for winning)\n|l|\u2606sauan2\n|player|p1|\n|l|\u2606TheManOfSausage\n|player|p2|\n","uploadtime":1776767212,"views":11,"formatid":"gen9vgc2026regi","rating":1557,"private":0,"password":null}