{"id":"gen9vgc2026regi-2559572662","format":"[Gen 9] VGC 2026 Reg I","players":["sleemo2","sujisuji"],"log":"|j|\u2606sleemo2\n|j|\u2606sujisuji\n|t:|1773587797\n|gametype|doubles\n|player|p1|sleemo2|266|1312\n|player|p2|sujisuji|eusine|1239\n|gen|9\n|tier|[Gen 9] VGC 2026 Reg I\n|rated|\n|rule|Species Clause: Limit one of each Pok\u00e9mon\n|rule|Item Clause: Limit 1 of each item\n|clearpoke\n|poke|p1|Calyrex-Shadow, L50|\n|poke|p1|Zamazenta-*, L50|\n|poke|p1|Whimsicott, L50, M|\n|poke|p1|Amoonguss, L50, F|\n|poke|p1|Chi-Yu, L50|\n|poke|p1|Urshifu-*, L50, M|\n|poke|p2|Sableye, L50, F|\n|poke|p2|Calyrex-Shadow, L50|\n|poke|p2|Snorlax, L50, F|\n|poke|p2|Kyogre, L50|\n|poke|p2|Annihilape, L50, M|\n|poke|p2|Ting-Lu, L50|\n|teampreview|4\n|inactive|Battle timer is ON: inactive players will automatically lose when time's up. (requested by sujisuji)\nsujisuji rejected open team sheets.\n|inactive|sleemo2 has 60 seconds left.\n|inactive|sujisuji has 60 seconds left.\n|\n|t:|1773587832\n|teamsize|p1|4\n|teamsize|p2|4\n|start\n|switch|p1a: Zamazenta|Zamazenta-Crowned, L50|100/100\n|switch|p1b: Urshifu|Urshifu-Rapid-Strike, L50, M|100/100\n|switch|p2a: Sableye|Sableye, L50, F|100/100\n|switch|p2b: Calyrex|Calyrex-Shadow, L50|100/100\n|-ability|p2b: Calyrex|As One\n|-ability|p2b: Calyrex|Unnerve\n|-ability|p1a: Zamazenta|Dauntless Shield|boost\n|-boost|p1a: Zamazenta|def|1\n|turn|1\n|inactive|sujisuji has 30 seconds left.\n|\n|t:|1773587866\n|move|p1b: Urshifu|Detect|p1b: Urshifu\n|-singleturn|p1b: Urshifu|Protect\n|move|p2a: Sableye|Will-O-Wisp|p1b: Urshifu\n|-activate|p1b: Urshifu|move: Protect\n|move|p2b: Calyrex|Astral Barrage|p1a: Zamazenta|[spread] p1a\n|-activate|p1b: Urshifu|move: Protect\n|-damage|p1a: Zamazenta|52/100\n|-damage|p2b: Calyrex|91/100|[from] item: Life Orb\n|move|p1a: Zamazenta|Heavy Slam|p2b: Calyrex\n|-damage|p2b: Calyrex|28/100\n|\n|upkeep\n|turn|2\n|inactive|sleemo2 has 30 seconds left.\n|\n|t:|1773587892\n|-terastallize|p1b: Urshifu|Steel\n|move|p1a: Zamazenta|Wide Guard|p1a: Zamazenta\n|-singleturn|p1a: Zamazenta|Wide Guard\n|move|p2a: Sableye|Will-O-Wisp|p1a: Zamazenta\n|-status|p1a: Zamazenta|brn\n|move|p2b: Calyrex|Psychic|p1b: Urshifu\n|-resisted|p1b: Urshifu\n|-damage|p1b: Urshifu|55/100\n|-damage|p2b: Calyrex|19/100|[from] item: Life Orb\n|move|p1b: Urshifu|Surging Strikes|p2a: Sableye\n|-crit|p2a: Sableye\n|-damage|p2a: Sableye|79/100\n|-crit|p2a: Sableye\n|-damage|p2a: Sableye|53/100\n|-crit|p2a: Sableye\n|-damage|p2a: Sableye|29/100\n|-hitcount|p2a: Sableye|3\n|\n|-damage|p1a: Zamazenta|45/100 brn|[from] brn\n|upkeep\n|turn|3\n|inactive|sleemo2 has 30 seconds left.\n|inactive|sujisuji has 30 seconds left.\n|\n|t:|1773587920\n|move|p1a: Zamazenta|Wide Guard|p1a: Zamazenta\n|-singleturn|p1a: Zamazenta|Wide Guard\n|move|p2a: Sableye|Will-O-Wisp|p1b: Urshifu\n|-status|p1b: Urshifu|brn\n|move|p2b: Calyrex|Psychic|p1a: Zamazenta\n|-damage|p1a: Zamazenta|0 fnt\n|faint|p1a: Zamazenta\n|-ability|p2b: Calyrex|Grim Neigh|boost\n|-boost|p2b: Calyrex|spa|1\n|-damage|p2b: Calyrex|9/100|[from] item: Life Orb\n|move|p1b: Urshifu|Surging Strikes|p2a: Sableye\n|-crit|p2a: Sableye\n|-damage|p2a: Sableye|16/100\n|-crit|p2a: Sableye\n|-damage|p2a: Sableye|4/100\n|-crit|p2a: Sableye\n|-damage|p2a: Sableye|0 fnt\n|faint|p2a: Sableye\n|-hitcount|p2: Sableye|3\n|\n|-damage|p1b: Urshifu|48/100 brn|[from] brn\n|upkeep\n|inactive|sujisuji has 30 seconds left.\n|\n|t:|1773587947\n|switch|p1a: Calyrex|Calyrex-Shadow, L50|100/100\n|switch|p2a: Annihilape|Annihilape, L50, M|100/100\n|-ability|p1a: Calyrex|As One\n|-ability|p1a: Calyrex|Unnerve\n|turn|4\n|\n|t:|1773587962\n|-terastallize|p2a: Annihilape|Normal\n|move|p2b: Calyrex|Astral Barrage|p1a: Calyrex|[spread] p1a,p1b\n|-supereffective|p1a: Calyrex\n|-enditem|p1a: Calyrex|Focus Sash\n|-damage|p1a: Calyrex|1/100\n|-damage|p1b: Urshifu|0 fnt\n|faint|p1b: Urshifu\n|-ability|p2b: Calyrex|Grim Neigh|boost\n|-boost|p2b: Calyrex|spa|1\n|-damage|p2b: Calyrex|0 fnt|[from] item: Life Orb\n|faint|p2b: Calyrex\n|move|p1a: Calyrex|Astral Barrage|p2a: Annihilape\n|-immune|p2a: Annihilape\n|move|p2a: Annihilape|Rage Fist|p1a: Calyrex\n|-supereffective|p1a: Calyrex\n|-damage|p1a: Calyrex|0 fnt\n|faint|p1a: Calyrex\n|\n|upkeep\n|c|\u2606sleemo2|thats so annoyign\n|\n|t:|1773587987\n|switch|p1a: Whimsicott|Whimsicott, L50, M|100/100\n|switch|p2b: Kyogre|Kyogre, L50|100/100\n|-weather|RainDance|[from] ability: Drizzle|[of] p2b: Kyogre\n|turn|5\n|c|\u2606sujisuji|yes\n|inactive|sleemo2 has 30 seconds left.\n|c|\u2606sleemo2|i dont think i have won a single cali speed tie this format\n|inactive|sleemo2 has 20 seconds left.\n|\n|t:|1773588023\n|move|p1a: Whimsicott|Moonblast|p2a: Annihilape\n|-damage|p2a: Annihilape|83/100\n|move|p2b: Kyogre|Thunder|p1a: Whimsicott\n|-resisted|p1a: Whimsicott\n|-damage|p1a: Whimsicott|78/100\n|move|p2a: Annihilape|Phantom Force||[still]\n|-prepare|p2a: Annihilape|Phantom Force\n|\n|-weather|RainDance|[upkeep]\n|upkeep\n|turn|6\n|-message|sleemo2 forfeited.\n|\n|win|sujisuji\n|raw|sleemo2's rating: 1312 &rarr; <strong>1288</strong><br />(-24 for losing)\n|raw|sujisuji's rating: 1239 &rarr; <strong>1269</strong><br />(+30 for winning)\n|c|\u2606sujisuji|g\n|l|\u2606sujisuji\n|player|p2|\n|l|\u2606sleemo2\n|player|p1|\n","uploadtime":1773588167,"views":10,"formatid":"gen9vgc2026regi","rating":1269,"private":0,"password":null}