{"id":"gen9vgc2026regi-2516021491","format":"[Gen 9] VGC 2026 Reg I","players":["lotanol","liam.2025"],"log":"|j|\u2606lotanol\n|j|\u2606liam.2025\n|t:|1768072146\n|gametype|doubles\n|player|p1|lotanol|flint|1095\n|player|p2|liam.2025|policeman|1199\n|gen|9\n|tier|[Gen 9] VGC 2026 Reg I\n|rated|\n|rule|Species Clause: Limit one of each Pok\u00e9mon\n|rule|Item Clause: Limit 1 of each item\n|clearpoke\n|poke|p1|Regidrago, L50|\n|poke|p1|Murkrow, L50, F|\n|poke|p1|Basculegion, L50, M|\n|poke|p1|Landorus, L50, M|\n|poke|p1|Tornadus, L50, M|\n|poke|p1|Tsareena, L50, F|\n|poke|p2|Murkrow, L50, F|\n|poke|p2|Weezing-Galar, L50, M|\n|poke|p2|Terapagos, L50, M|\n|poke|p2|Smeargle, L50, M|\n|poke|p2|Calyrex-Ice, L50|\n|poke|p2|Ursaluna, L50, F|\n|teampreview|4\n|\n|t:|1768072199\n|teamsize|p1|4\n|teamsize|p2|4\n|start\n|switch|p1a: Regidrago|Regidrago, L50|100/100\n|switch|p1b: Murkrow|Murkrow, L50, F|100/100\n|switch|p2a: Smeargle|Smeargle, L50, M|100/100\n|switch|p2b: Calyrex|Calyrex-Ice, L50|100/100\n|-ability|p2b: Calyrex|As One\n|-ability|p2b: Calyrex|Unnerve\n|turn|1\n|inactive|Battle timer is ON: inactive players will automatically lose when time's up. (requested by liam.2025)\n|\n|t:|1768072222\n|move|p2a: Smeargle|Quick Guard|p2a: Smeargle\n|-singleturn|p2a: Smeargle|Quick Guard\n|move|p1b: Murkrow|Tailwind|p1b: Murkrow\n|-sidestart|p1: lotanol|move: Tailwind\n|move|p1a: Regidrago|Dragon Energy|p2b: Calyrex|[spread] p2a,p2b\n|-enditem|p2a: Smeargle|Focus Sash\n|-damage|p2a: Smeargle|1/100\n|-damage|p2b: Calyrex|21/100\n|move|p2b: Calyrex|Trick Room|p2b: Calyrex\n|-fieldstart|move: Trick Room|[of] p2b: Calyrex\n|\n|upkeep\n|turn|2\n|inactive|lotanol has 30 seconds left.\n|inactive|lotanol has 20 seconds left.\n|inactive|lotanol has 15 seconds left.\n|inactive|liam.2025 has 30 seconds left.\n|inactive|lotanol has 10 seconds left.\n|\n|t:|1768072269\n|switch|p2a: Ursaluna|Ursaluna, L50, F|100/100\n|move|p1b: Murkrow|Quash|p2b: Calyrex\n|-activate|p2b: Calyrex|move: Quash\n|move|p1a: Regidrago|Dragon Energy|p2b: Calyrex|[spread] p2a,p2b\n|-crit|p2a: Ursaluna\n|-damage|p2a: Ursaluna|0 fnt\n|-damage|p2b: Calyrex|0 fnt\n|faint|p2a: Ursaluna\n|faint|p2b: Calyrex\n|\n|upkeep\n|\n|t:|1768072280\n|switch|p2a: Terapagos|Terapagos, L50, M|100/100\n|switch|p2b: Smeargle|Smeargle, L50, M|1/100\n|-activate|p2a: Terapagos|ability: Tera Shift\n|detailschange|p2a: Terapagos|Terapagos-Terastal, L50, M\n|-heal|p2a: Terapagos|100/100|[silent]\n|turn|3\n|\n|t:|1768072293\n|switch|p1a: Landorus|Landorus, L50, M|100/100\n|-terastallize|p2a: Terapagos|Stellar\n|detailschange|p2a: Terapagos|Terapagos-Stellar, L50, M, tera:Stellar\n|-heal|p2a: Terapagos|100/100|[silent]\n|move|p2b: Smeargle|Quick Guard|p2b: Smeargle\n|-singleturn|p2b: Smeargle|Quick Guard\n|move|p2a: Terapagos|Tera Starstorm|p1b: Murkrow|[spread] p1a,p1b\n|-damage|p1a: Landorus|16/100\n|-damage|p1b: Murkrow|29/100\n|move|p1b: Murkrow|Brave Bird|p2a: Terapagos\n|-damage|p2a: Terapagos|76/100\n|-damage|p1b: Murkrow|17/100|[from] Recoil\n|\n|upkeep\n|turn|4\n|\n|t:|1768072314\n|move|p2b: Smeargle|Quick Guard|p2b: Smeargle\n|-singleturn|p2b: Smeargle|Quick Guard\n|move|p1b: Murkrow|Quash|p2a: Terapagos\n|-activate|p2a: Terapagos|move: Quick Guard\n|move|p2a: Terapagos|Tera Starstorm|p1b: Murkrow|[spread] p1a,p1b\n|-damage|p1a: Landorus|0 fnt\n|-damage|p1b: Murkrow|0 fnt\n|faint|p1a: Landorus\n|faint|p1b: Murkrow\n|\n|-sideend|p1: lotanol|move: Tailwind\n|upkeep\n|\n|t:|1768072325\n|switch|p1b: Regidrago|Regidrago, L50|100/100\n|switch|p1a: Basculegion|Basculegion, L50, M|100/100\n|turn|5\n|\n|t:|1768072340\n|-terastallize|p1a: Basculegion|Water\n|move|p2b: Smeargle|Feint|p1b: Regidrago\n|-damage|p1b: Regidrago|93/100\n|move|p2a: Terapagos|Tera Starstorm|p1a: Basculegion|[spread] p1a,p1b\n|-supereffective|p1a: Basculegion\n|-damage|p1a: Basculegion|0 fnt\n|-damage|p1b: Regidrago|24/100\n|faint|p1a: Basculegion\n|move|p1b: Regidrago|Draco Meteor|p2a: Terapagos\n|-damage|p2a: Terapagos|0 fnt\n|-unboost|p1b: Regidrago|spa|2\n|faint|p2a: Terapagos\n|detailschange|p2: Terapagos|Terapagos, L50, M|[silent]\n|\n|-fieldend|move: Trick Room\n|upkeep\n|turn|6\n|\n|t:|1768072355\n|move|p2b: Smeargle|Feint|p1b: Regidrago\n|-damage|p1b: Regidrago|16/100\n|move|p1b: Regidrago|Draco Meteor|p2b: Smeargle\n|-crit|p2b: Smeargle\n|-damage|p2b: Smeargle|0 fnt\n|-unboost|p1b: Regidrago|spa|2\n|faint|p2b: Smeargle\n|\n|win|lotanol\n|raw|lotanol's rating: 1095 &rarr; <strong>1128</strong><br />(+33 for winning)\n|raw|liam.2025's rating: 1199 &rarr; <strong>1167</strong><br />(-32 for losing)\n|l|\u2606liam.2025\n|player|p2|\n|l|\u2606lotanol\n|player|p1|\n","uploadtime":1768072635,"views":13,"formatid":"gen9vgc2026regi","rating":1128,"private":0,"password":null}