{"id":"gen9vgc2026regi-2549570520","format":"[Gen 9] VGC 2026 Reg I","players":["chitominchia","b3testing"],"log":"|j|\u2606chitominchia\n|j|\u2606b3testing\n|t:|1772385272\n|gametype|doubles\n|player|p1|chitominchia|hiker-gen4|1325\n|player|p2|b3testing|170|1417\n|gen|9\n|tier|[Gen 9] VGC 2026 Reg I\n|rated|\n|rule|Species Clause: Limit one of each Pok\u00e9mon\n|rule|Item Clause: Limit 1 of each item\n|clearpoke\n|poke|p1|Koraidon, L50|\n|poke|p1|Lunala, L50|\n|poke|p1|Ursaluna, L50, F|\n|poke|p1|Flutter Mane, L50|\n|poke|p1|Incineroar, L50, F|\n|poke|p1|Urshifu-*, L50, F|\n|poke|p2|Terapagos, L50, M|\n|poke|p2|Calyrex-Shadow, L50|\n|poke|p2|Incineroar, L50, M|\n|poke|p2|Amoonguss, L50, M|\n|poke|p2|Tornadus, L50, M|\n|poke|p2|Smeargle, L50, M|\n|teampreview|4\n|inactive|Battle timer is ON: inactive players will automatically lose when time's up. (requested by b3testing)\n|inactive|chitominchia also wants the timer to be on.\n|inactive|chitominchia has 60 seconds left.\n|inactive|b3testing has 60 seconds left.\n|\n|t:|1772385306\n|teamsize|p1|4\n|teamsize|p2|4\n|start\n|switch|p1a: Flutter Mane|Flutter Mane, L50|100/100\n|switch|p1b: Koraidon|Koraidon, L50|100/100\n|switch|p2a: Smeargle|Smeargle, L50, M|100/100\n|switch|p2b: Terapagos|Terapagos, L50, M|100/100\n|-activate|p2b: Terapagos|ability: Tera Shift\n|detailschange|p2b: Terapagos|Terapagos-Terastal, L50, M\n|-heal|p2b: Terapagos|100/100|[silent]\n|-weather|SunnyDay|[from] ability: Orichalcum Pulse|[of] p1b: Koraidon\n|-activate|p1a: Flutter Mane|ability: Protosynthesis\n|-start|p1a: Flutter Mane|protosynthesisspe\n|-activate|p1b: Koraidon|Orichalcum Pulse|[source]\n|turn|1\n|\n|t:|1772385320\n|move|p2a: Smeargle|Fake Out|p1b: Koraidon\n|-damage|p1b: Koraidon|95/100\n|move|p1a: Flutter Mane|Icy Wind|p2b: Terapagos|[spread] p2a,p2b\n|-activate|p2b: Terapagos|ability: Tera Shell\n|-resisted|p2b: Terapagos\n|-damage|p2a: Smeargle|71/100\n|-damage|p2b: Terapagos|94/100\n|-unboost|p2a: Smeargle|spe|1\n|cant|p1b: Koraidon|flinch\n|move|p2b: Terapagos|Calm Mind|p2b: Terapagos\n|-boost|p2b: Terapagos|spa|1\n|-boost|p2b: Terapagos|spd|1\n|\n|-weather|SunnyDay|[upkeep]\n|-ability|p2a: Smeargle|Moody|boost\n|-boost|p2a: Smeargle|spd|2\n|-unboost|p2a: Smeargle|spa|1\n|upkeep\n|turn|2\n|inactive|b3testing has 30 seconds left.\n|inactive|b3testing has 20 seconds left.\n|inactive|b3testing has 15 seconds left.\n|\n|t:|1772385364\n|switch|p2a: Incineroar|Incineroar, L50, M|100/100\n|-ability|p2a: Incineroar|Intimidate|boost\n|-unboost|p1a: Flutter Mane|atk|1\n|-unboost|p1b: Koraidon|atk|1\n|move|p1b: Koraidon|Protect|p1b: Koraidon\n|-singleturn|p1b: Koraidon|Protect\n|move|p2b: Terapagos|Protect|p2b: Terapagos\n|-singleturn|p2b: Terapagos|Protect\n|move|p1a: Flutter Mane|Moonblast|p2a: Incineroar\n|-damage|p2a: Incineroar|69/100\n|-unboost|p2a: Incineroar|spa|1\n|\n|-weather|SunnyDay|[upkeep]\n|upkeep\n|turn|3\n|\n|t:|1772385377\n|switch|p1b: Urshifu|Urshifu, L50, F|100/100\n|-terastallize|p2b: Terapagos|Stellar\n|detailschange|p2b: Terapagos|Terapagos-Stellar, L50, M, tera:Stellar\n|-heal|p2b: Terapagos|96/100|[silent]\n|-ability|p2b: Terapagos|Teraform Zero\n|-weather|none\n|-end|p1a: Flutter Mane|Protosynthesis\n|move|p2a: Incineroar|Fake Out|p1b: Urshifu\n|-damage|p1b: Urshifu|87/100\n|move|p1a: Flutter Mane|Moonblast|p2b: Terapagos\n|-damage|p2b: Terapagos|74/100\n|move|p2b: Terapagos|Tera Starstorm|p1b: Urshifu|[spread] p1a,p1b\n|-damage|p1a: Flutter Mane|37/100\n|-damage|p1b: Urshifu|10/100\n|\n|upkeep\n|turn|4\n|inactive|b3testing has 30 seconds left.\n|inactive|b3testing has 20 seconds left.\n|inactive|b3testing has 15 seconds left.\n|inactive|b3testing has 10 seconds left.\n|\n|t:|1772385425\n|move|p1b: Urshifu|Protect|p1b: Urshifu\n|-singleturn|p1b: Urshifu|Protect\n|move|p1a: Flutter Mane|Moonblast|p2a: Incineroar\n|-damage|p2a: Incineroar|40/100\n|move|p2b: Terapagos|Tera Starstorm|p1b: Urshifu|[spread] p1a\n|-activate|p1b: Urshifu|move: Protect\n|-damage|p1a: Flutter Mane|0 fnt\n|faint|p1a: Flutter Mane\n|-end|p1a: Flutter Mane|Protosynthesis|[silent]\n|move|p2a: Incineroar|U-turn|p1b: Urshifu\n|-activate|p1b: Urshifu|move: Protect\n|\n|upkeep\n|\n|t:|1772385432\n|switch|p1a: Koraidon|Koraidon, L50|95/100\n|-weather|SunnyDay|[from] ability: Orichalcum Pulse|[of] p1a: Koraidon\n|-activate|p1a: Koraidon|Orichalcum Pulse|[source]\n|turn|5\n|inactive|b3testing has 30 seconds left.\n|\n|t:|1772385461\n|switch|p2a: Calyrex|Calyrex-Shadow, L50|100/100\n|-ability|p2a: Calyrex|As One\n|-ability|p2a: Calyrex|Unnerve\n|move|p2b: Terapagos|Protect|p2b: Terapagos\n|-singleturn|p2b: Terapagos|Protect\n|move|p1a: Koraidon|Close Combat|p2b: Terapagos\n|-activate|p2b: Terapagos|move: Protect\n|move|p1b: Urshifu|Close Combat|p2a: Calyrex\n|-immune|p2a: Calyrex\n|\n|-weather|SunnyDay|[upkeep]\n|upkeep\n|turn|6\n|\n|t:|1772385482\n|move|p2a: Calyrex|Disable|p1a: Koraidon\n|-start|p1a: Koraidon|Disable|Close Combat\n|cant|p1a: Koraidon|Disable|Close Combat\n|move|p1b: Urshifu|Wicked Blow|p2a: Calyrex\n|-supereffective|p2a: Calyrex\n|-crit|p2a: Calyrex\n|-damage|p2a: Calyrex|0 fnt\n|faint|p2a: Calyrex\n|move|p2b: Terapagos|Tera Starstorm|p1a: Koraidon|[spread] p1a,p1b\n|-damage|p1a: Koraidon|31/100\n|-damage|p1b: Urshifu|0 fnt\n|faint|p1b: Urshifu\n|\n|-weather|SunnyDay|[upkeep]\n|upkeep\n|\n|t:|1772385498\n|switch|p2a: Smeargle|Smeargle, L50, M|71/100\n|switch|p1b: Lunala|Lunala, L50|100/100\n|turn|7\n|\n|t:|1772385508\n|move|p1a: Koraidon|Protect|p1a: Koraidon\n|-singleturn|p1a: Koraidon|Protect\n|move|p2a: Smeargle|Fake Out|p1a: Koraidon\n|-activate|p1a: Koraidon|move: Protect\n|move|p1b: Lunala|Moonblast|p2a: Smeargle\n|-damage|p2a: Smeargle|0 fnt\n|faint|p2a: Smeargle\n|move|p2b: Terapagos|Tera Starstorm|p1a: Koraidon|[spread] p1b\n|-activate|p1a: Koraidon|move: Protect\n|-damage|p1b: Lunala|81/100\n|\n|-weather|SunnyDay|[upkeep]\n|upkeep\n|\n|t:|1772385512\n|switch|p2a: Incineroar|Incineroar, L50, M|40/100\n|-ability|p2a: Incineroar|Intimidate|boost\n|-unboost|p1a: Koraidon|atk|1\n|-unboost|p1b: Lunala|atk|1\n|turn|8\n|\n|t:|1772385527\n|move|p1a: Koraidon|Protect||[still]\n|-fail|p1a: Koraidon\n|move|p2a: Incineroar|Fake Out|p1a: Koraidon\n|-damage|p1a: Koraidon|20/100\n|move|p1b: Lunala|Moonblast|p2b: Terapagos\n|-damage|p2b: Terapagos|60/100\n|move|p2b: Terapagos|Earth Power|p1a: Koraidon\n|-damage|p1a: Koraidon|0 fnt\n|faint|p1a: Koraidon\n|\n|-weather|SunnyDay|[upkeep]\n|upkeep\n|turn|9\n|\n|t:|1772385539\n|-terastallize|p1b: Lunala|Fairy\n|move|p1b: Lunala|Moonblast|p2b: Terapagos\n|-crit|p2b: Terapagos\n|-damage|p2b: Terapagos|14/100\n|move|p2b: Terapagos|Tera Starstorm|p1b: Lunala\n|-supereffective|p1b: Lunala\n|-damage|p1b: Lunala|0 fnt\n|faint|p1b: Lunala\n|\n|win|b3testing\n|raw|chitominchia's rating: 1325 &rarr; <strong>1310</strong><br />(-15 for losing)\n|raw|b3testing's rating: 1417 &rarr; <strong>1432</strong><br />(+15 for winning)\n|l|\u2606chitominchia\n|player|p1|\n","uploadtime":1772385609,"views":14,"formatid":"gen9vgc2026regi","rating":1310,"private":0,"password":null}