{"id":"gen9vgc2026regi-2578740026","format":"[Gen 9] VGC 2026 Reg I","players":["TheNamesBetty","nowaythisistaken"],"log":"|j|\u2606TheNamesBetty\n|j|\u2606nowaythisistaken\n|t:|1775710755\n|gametype|doubles\n|player|p1|TheNamesBetty|koga|1436\n|player|p2|nowaythisistaken|ninjaboy|1365\n|gen|9\n|tier|[Gen 9] VGC 2026 Reg I\n|rated|\n|rule|Species Clause: Limit one of each Pok\u00e9mon\n|rule|Item Clause: Limit 1 of each item\n|clearpoke\n|poke|p1|Koraidon, L50|\n|poke|p1|Calyrex-Shadow, L50|\n|poke|p1|Tornadus, L50, M|\n|poke|p1|Urshifu-*, L50, F|\n|poke|p1|Jumpluff, L50, F|\n|poke|p1|Dewgong, L50, M|\n|poke|p2|Kyogre, L50|\n|poke|p2|Tsareena, L50, F|\n|poke|p2|Urshifu-*, L50, F|\n|poke|p2|Zacian-*, L50|\n|poke|p2|Tornadus, L50, M|\n|poke|p2|Iron Hands, L50|\n|teampreview|4\nTheNamesBetty has agreed to open team sheets.\nnowaythisistaken has agreed to open team sheets.\n|showteam|p1|Koraidon||ClearAmulet|OrichalcumPulse|FlareBlitz,CollisionCourse,FlameCharge,Protect||||||50|,,,,,Fire]Calyrex-Shadow||LifeOrb|AsOneSpectrier|AstralBarrage,Psychic,NastyPlot,Protect||||||50|,,,,,Dark]Tornadus||SharpBeak|Prankster|BleakwindStorm,Taunt,Tailwind,Protect|||M|||50|,,,,,Dark]Urshifu||ChoiceScarf|UnseenFist|WickedBlow,CloseCombat,SuckerPunch,Uturn|||F|||50|,,,,,Water]Jumpluff||FocusSash|Chlorophyll|SleepPowder,Encore,RagePowder,Endeavor|||F|||50|,,,,,Dark]Dewgong||SafetyGoggles|ThickFat|FakeOut,PerishSong,AquaJet,Protect|||M|||50|,,,,,Ground\n|showteam|p2|Kyogre||MysticWater|Drizzle|WaterSpout,OriginPulse,IceBeam,Protect||||||50|,,,,,Grass]Tsareena||WideLens|QueenlyMajesty|TripleAxel,PowerWhip,HelpingHand,Protect|||F|||50|,,,,,Ice]Urshifu-Rapid-Strike||ChoiceScarf|UnseenFist|SurgingStrikes,CloseCombat,Uturn,Coaching|||F|||50|,,,,,Stellar]Zacian-Crowned||RustedSword|IntrepidSword|behemothblade,PlayRough,SwordsDance,Protect||||||50|,,,,,Fairy]Tornadus||CovertCloak|Prankster|BleakwindStorm,Tailwind,Taunt,RainDance|||M|||50|,,,,,Dark]Iron Hands||AssaultVest|QuarkDrive|DrainPunch,WildCharge,FakeOut,LowKick||||||50|,,,,,Bug\n|\n|t:|1775710800\n|teamsize|p1|4\n|teamsize|p2|4\n|start\n|switch|p1a: Kedluben|Calyrex-Shadow, L50|100/100\n|switch|p1b: D\u011bda Honza|Tornadus, L50, M|100/100\n|switch|p2a: Tsareena|Tsareena, L50, F|100/100\n|switch|p2b: Zacian|Zacian-Crowned, L50|100/100\n|-ability|p1a: Kedluben|As One\n|-ability|p1a: Kedluben|Unnerve\n|-ability|p2b: Zacian|Intrepid Sword|boost\n|-boost|p2b: Zacian|atk|1\n|turn|1\n|\n|t:|1775710825\n|move|p1b: D\u011bda Honza|Tailwind|p1b: D\u011bda Honza\n|-sidestart|p1: TheNamesBetty|move: Tailwind\n|move|p1a: Kedluben|Astral Barrage|p2a: Tsareena|[spread] p2a,p2b\n|-damage|p2a: Tsareena|22/100\n|-damage|p2b: Zacian|34/100\n|-damage|p1a: Kedluben|91/100|[from] item: Life Orb\n|move|p2b: Zacian|Behemoth Blade|p1a: Kedluben\n|-damage|p1a: Kedluben|0 fnt\n|faint|p1a: Kedluben\n|move|p2a: Tsareena|Triple Axel|p1b: D\u011bda Honza\n|-supereffective|p1b: D\u011bda Honza\n|-damage|p1b: D\u011bda Honza|80/100\n|-supereffective|p1b: D\u011bda Honza\n|-damage|p1b: D\u011bda Honza|41/100\n|-supereffective|p1b: D\u011bda Honza\n|-damage|p1b: D\u011bda Honza|0 fnt\n|faint|p1b: D\u011bda Honza\n|-hitcount|p1: D\u011bda Honza|3\n|\n|upkeep\n|\n|t:|1775710843\n|switch|p1a: Jan\u017di\u017ekaZTrocnova|Koraidon, L50|100/100\n|switch|p1b: Houska se sal\u00e1mem|Urshifu, L50, F|100/100\n|-weather|SunnyDay|[from] ability: Orichalcum Pulse|[of] p1a: Jan\u017di\u017ekaZTrocnova\n|-activate|p1a: Jan\u017di\u017ekaZTrocnova|Orichalcum Pulse|[source]\n|turn|2\n|\n|t:|1775710863\n|move|p2b: Zacian|Protect|p2b: Zacian\n|-singleturn|p2b: Zacian|Protect\n|move|p1b: Houska se sal\u00e1mem|Wicked Blow|p2a: Tsareena\n|-crit|p2a: Tsareena\n|-damage|p2a: Tsareena|0 fnt\n|faint|p2a: Tsareena\n|move|p1a: Jan\u017di\u017ekaZTrocnova|Collision Course|p2b: Zacian\n|-activate|p2b: Zacian|move: Protect\n|\n|-weather|SunnyDay|[upkeep]\n|upkeep\n|\n|t:|1775710878\n|switch|p2a: Tornadus|Tornadus, L50, M|100/100\n|turn|3\n|\n|t:|1775710891\n|move|p2a: Tornadus|Tailwind|p2a: Tornadus\n|-sidestart|p2: nowaythisistaken|move: Tailwind\n|move|p1b: Houska se sal\u00e1mem|Wicked Blow|p2a: Tornadus\n|-crit|p2a: Tornadus\n|-damage|p2a: Tornadus|39/100\n|move|p2b: Zacian|Play Rough|p1b: Houska se sal\u00e1mem\n|-supereffective|p1b: Houska se sal\u00e1mem\n|-damage|p1b: Houska se sal\u00e1mem|0 fnt\n|faint|p1b: Houska se sal\u00e1mem\n|move|p1a: Jan\u017di\u017ekaZTrocnova|Flame Charge|p2b: Zacian\n|-supereffective|p2b: Zacian\n|-damage|p2b: Zacian|0 fnt\n|-boost|p1a: Jan\u017di\u017ekaZTrocnova|spe|1\n|faint|p2b: Zacian\n|\n|-weather|SunnyDay|[upkeep]\n|upkeep\n|\n|t:|1775710902\n|switch|p2b: Kyogre|Kyogre, L50|100/100\n|-weather|RainDance|[from] ability: Drizzle|[of] p2b: Kyogre\n|turn|4\n|\n|t:|1775710929\n|move|p2b: Kyogre|Protect|p2b: Kyogre\n|-singleturn|p2b: Kyogre|Protect\n|move|p1a: Jan\u017di\u017ekaZTrocnova|Collision Course|p2a: Tornadus\n|-resisted|p2a: Tornadus\n|-damage|p2a: Tornadus|13/100\n|move|p2a: Tornadus|Bleakwind Storm|p1a: Jan\u017di\u017ekaZTrocnova\n|-supereffective|p1a: Jan\u017di\u017ekaZTrocnova\n|-damage|p1a: Jan\u017di\u017ekaZTrocnova|21/100\n|\n|-weather|RainDance|[upkeep]\n|-sideend|p1: TheNamesBetty|move: Tailwind\n|upkeep\n|turn|5\n|c|\u2606TheNamesBetty|Gg\n|\n|t:|1775710942\n|move|p1a: Jan\u017di\u017ekaZTrocnova|Protect|p1a: Jan\u017di\u017ekaZTrocnova\n|-singleturn|p1a: Jan\u017di\u017ekaZTrocnova|Protect\n|move|p2b: Kyogre|Ice Beam|p1a: Jan\u017di\u017ekaZTrocnova\n|-activate|p1a: Jan\u017di\u017ekaZTrocnova|move: Protect\n|move|p2a: Tornadus|Bleakwind Storm|p1a: Jan\u017di\u017ekaZTrocnova\n|-activate|p1a: Jan\u017di\u017ekaZTrocnova|move: Protect\n|\n|-weather|RainDance|[upkeep]\n|upkeep\n|turn|6\n|\n|t:|1775710947\n|move|p1a: Jan\u017di\u017ekaZTrocnova|Protect||[still]\n|-fail|p1a: Jan\u017di\u017ekaZTrocnova\n|move|p2b: Kyogre|Ice Beam|p1a: Jan\u017di\u017ekaZTrocnova\n|-supereffective|p1a: Jan\u017di\u017ekaZTrocnova\n|-damage|p1a: Jan\u017di\u017ekaZTrocnova|0 fnt\n|faint|p1a: Jan\u017di\u017ekaZTrocnova\n|\n|win|nowaythisistaken\n|raw|TheNamesBetty's rating: 1436 &rarr; <strong>1412</strong><br />(-24 for losing)\n|raw|nowaythisistaken's rating: 1365 &rarr; <strong>1389</strong><br />(+24 for winning)\n|l|\u2606TheNamesBetty\n|player|p1|\n|l|\u2606nowaythisistaken\n|player|p2|\n","uploadtime":1775711196,"views":8,"formatid":"gen9vgc2026regi","rating":1389,"private":0,"password":null}