{"id":"gen9vgc2026regi-2527279092","format":"[Gen 9] VGC 2026 Reg I","players":["ComputerYui","Jiak"],"log":"|j|\u2606ComputerYui\n|j|\u2606Jiak\n|t:|1769522919\n|gametype|doubles\n|player|p1|ComputerYui|artist-gen4|1370\n|player|p2|Jiak|blue|1381\n|gen|9\n|tier|[Gen 9] VGC 2026 Reg I\n|rated|\n|rule|Species Clause: Limit one of each Pok\u00e9mon\n|rule|Item Clause: Limit 1 of each item\n|clearpoke\n|poke|p1|Armarouge, L50, M|\n|poke|p1|Koraidon, L50|\n|poke|p1|Indeedee-F, L50, F|\n|poke|p1|Calyrex-Shadow, L50|\n|poke|p1|Walking Wake, L50|\n|poke|p1|Whimsicott, L50, F|\n|poke|p2|Koraidon, L50|\n|poke|p2|Overqwil, L50, M|\n|poke|p2|Kyogre, L50|\n|poke|p2|Rhyperior, L50, M|\n|poke|p2|Grimmsnarl, L50, M|\n|poke|p2|Tsareena, L50, F|\n|teampreview|4\n|j| ThatOtherOneWeirdo\n|\n|t:|1769522955\n|teamsize|p1|4\n|teamsize|p2|4\n|start\n|switch|p1a: Walking Wake|Walking Wake, L50|100/100\n|switch|p1b: Koraidon|Koraidon, L50|100/100\n|switch|p2a: Grimmsnarl|Grimmsnarl, L50, M|100/100\n|switch|p2b: Koraidon|Koraidon, L50|100/100\n|-weather|SunnyDay|[from] ability: Orichalcum Pulse|[of] p1b: Koraidon\n|-activate|p1a: Walking Wake|ability: Protosynthesis\n|-start|p1a: Walking Wake|protosynthesisspe\n|-activate|p1b: Koraidon|Orichalcum Pulse|[source]\n|-activate|p2b: Koraidon|ability: Orichalcum Pulse\n|turn|1\n|inactive|Battle timer is ON: inactive players will automatically lose when time's up. (requested by Jiak)\n|\n|t:|1769522997\n|switch|p1b: Indeedee|Indeedee-F, L50, F, shiny|100/100\n|-fieldstart|move: Psychic Terrain|[from] ability: Psychic Surge|[of] p1b: Indeedee\n|move|p2b: Koraidon|Protect|p2b: Koraidon\n|-singleturn|p2b: Koraidon|Protect\n|move|p2a: Grimmsnarl|Light Screen|p2a: Grimmsnarl\n|-sidestart|p2: Jiak|move: Light Screen\n|move|p1a: Walking Wake|Hydro Steam|p2a: Grimmsnarl\n|-damage|p2a: Grimmsnarl|45/100\n|-damage|p1a: Walking Wake|91/100|[from] item: Life Orb\n|\n|-weather|SunnyDay|[upkeep]\n|upkeep\n|turn|2\n|j| here's where king!\n|inactive|Jiak has 30 seconds left.\n|\n|t:|1769523025\n|-terastallize|p2b: Koraidon|Fire\n|move|p1b: Indeedee|Follow Me|p1b: Indeedee\n|-singleturn|p1b: Indeedee|move: Follow Me\n|move|p1a: Walking Wake|Hydro Steam|p2a: Grimmsnarl\n|-damage|p2a: Grimmsnarl|0 fnt\n|faint|p2a: Grimmsnarl\n|-damage|p1a: Walking Wake|81/100|[from] item: Life Orb\n|move|p2b: Koraidon|Breaking Swipe|p1a: Walking Wake|[spread] p1a,p1b\n|-supereffective|p1a: Walking Wake\n|-damage|p1a: Walking Wake|12/100\n|-damage|p1b: Indeedee|65/100\n|-unboost|p1a: Walking Wake|atk|1\n|-unboost|p1b: Indeedee|atk|1\n|-enditem|p1b: Indeedee|Eject Button\n|\n|t:|1769523040\n|switch|p1b: Armarouge|Armarouge, L50, M, shiny|100/100\n|\n|-weather|SunnyDay|[upkeep]\n|upkeep\n|\n|t:|1769523047\n|switch|p2a: Kyogre|Kyogre, L50|100/100\n|-weather|RainDance|[from] ability: Drizzle|[of] p2a: Kyogre\n|-end|p1a: Walking Wake|Protosynthesis\n|turn|3\n|\n|t:|1769523057\n|-terastallize|p1b: Armarouge|Stellar\n|move|p2b: Koraidon|Protect|p2b: Koraidon\n|-singleturn|p2b: Koraidon|Protect\n|move|p1a: Walking Wake|Aqua Jet|p1b: Armarouge\n|-supereffective|p1b: Armarouge\n|-damage|p1b: Armarouge|71/100\n|-ability|p1b: Armarouge|Weak Armor|boost\n|-unboost|p1b: Armarouge|def|1\n|-boost|p1b: Armarouge|spe|2\n|-enditem|p1b: Armarouge|Weakness Policy\n|-boost|p1b: Armarouge|atk|2|[from] item: Weakness Policy\n|-boost|p1b: Armarouge|spa|2|[from] item: Weakness Policy\n|-damage|p1a: Walking Wake|2/100|[from] item: Life Orb\n|move|p1b: Armarouge|Expanding Force|p2b: Koraidon|[spread] p2a\n|-activate|p2b: Koraidon|move: Protect\n|-damage|p2a: Kyogre|19/100\n|move|p2a: Kyogre|Water Spout|p1b: Armarouge|[spread] p1a,p1b\n|-resisted|p1a: Walking Wake\n|-supereffective|p1b: Armarouge\n|-damage|p1a: Walking Wake|0 fnt\n|-damage|p1b: Armarouge|23/100\n|faint|p1a: Walking Wake\n|-end|p1a: Walking Wake|Protosynthesis|[silent]\n|\n|-weather|RainDance|[upkeep]\n|upkeep\n|inactive|ComputerYui has 30 seconds left.\n|\n|t:|1769523088\n|switch|p1a: Indeedee|Indeedee-F, L50, F, shiny|65/100\n|turn|4\n|\n|t:|1769523094\n|move|p1a: Indeedee|Helping Hand|p1b: Armarouge\n|-singleturn|p1b: Armarouge|Helping Hand|[of] p1a: Indeedee\n|move|p1b: Armarouge|Expanding Force|p2a: Kyogre|[spread] p2a,p2b\n|-damage|p2a: Kyogre|0 fnt\n|-damage|p2b: Koraidon|0 fnt\n|faint|p2a: Kyogre\n|faint|p2b: Koraidon\n|\n|-weather|RainDance|[upkeep]\n|upkeep\n|\n|t:|1769523101\n|switch|p2b: Overqwil|Overqwil, L50, M|100/100\n|turn|5\n|\n|t:|1769523112\n|switch|p1a: Koraidon|Koraidon, L50|100/100\n|-weather|SunnyDay|[from] ability: Orichalcum Pulse|[of] p1a: Koraidon\n|-activate|p1a: Koraidon|Orichalcum Pulse|[source]\n|move|p1b: Armarouge|Endure|p1b: Armarouge\n|-singleturn|p1b: Armarouge|move: Endure\n|move|p2b: Overqwil|Lash Out|p1b: Armarouge\n|-supereffective|p1b: Armarouge\n|-activate|p1b: Armarouge|move: Endure\n|-damage|p1b: Armarouge|1/100\n|-ability|p1b: Armarouge|Weak Armor|boost\n|-unboost|p1b: Armarouge|def|1\n|-boost|p1b: Armarouge|spe|2\n|\n|-weather|SunnyDay|[upkeep]\n|-fieldend|move: Psychic Terrain\n|upkeep\n|turn|6\n|-message|Jiak forfeited.\n|\n|win|ComputerYui\n|raw|ComputerYui's rating: 1370 &rarr; <strong>1391</strong><br />(+21 for winning)\n|raw|Jiak's rating: 1381 &rarr; <strong>1360</strong><br />(-21 for losing)\n|l|\u2606Jiak\n|player|p2|\n|l|\u2606ComputerYui\n|player|p1|\n|l| ThatOtherOneWeirdo\n|l| here's where king!\n","uploadtime":1769523341,"views":21,"formatid":"gen9vgc2026regi","rating":1360,"private":0,"password":null}