{"id":"gen9vgc2026regi-2567043273","format":"[Gen 9] VGC 2026 Reg I","players":["lawrence123","smartyff"],"log":"|j|\u2606lawrence123\n|j|\u2606smartyff\n|t:|1774444300\n|gametype|doubles\n|player|p1|lawrence123|red|\n|player|p2|smartyff|102|\n|gen|9\n|tier|[Gen 9] VGC 2026 Reg I\n|rated|Tournament battle\n|rule|Species Clause: Limit one of each Pok\u00e9mon\n|rule|Item Clause: Limit 1 of each item\n|raw|<div class=\"infobox\"><details class=\"readmore\" open><summary><strong>3 custom rules:</strong></summary> Open Team Sheets, Force Open Team Sheets, !Open Team Sheets</details></div>\n|clearpoke\n|poke|p1|Calyrex-Shadow, L50|\n|poke|p1|Zamazenta-*, L50|\n|poke|p1|Raging Bolt, L50|\n|poke|p1|Rillaboom, L50, M|\n|poke|p1|Tornadus, L50, M|\n|poke|p1|Smeargle, L50, M|\n|poke|p2|Lunala, L50|\n|poke|p2|Miraidon, L50|\n|poke|p2|Incineroar, L50, M|\n|poke|p2|Ogerpon-Wellspring, L50, F|\n|poke|p2|Whimsicott, L50, F|\n|poke|p2|Ursaluna, L50, F|\n|teampreview|4\n|showteam|p1|Calyrex-Shadow||LifeOrb|AsOneSpectrier|AstralBarrage,Psychic,NastyPlot,Protect||||||50|,,,,,Dark]Zamazenta-Crowned||RustedShield|DauntlessShield|BodyPress,HeavySlam,WideGuard,Protect||||||50|,,,,,Grass]Raging Bolt||BoosterEnergy|Protosynthesis|Thunderbolt,DracoMeteor,Thunderclap,Protect||||||50|,,,,,Electric]Rillaboom||AssaultVest|GrassySurge|WoodHammer,Uturn,GrassyGlide,FakeOut|||M|||50|,,,,,Fire]Tornadus||SharpBeak|Prankster|BleakwindStorm,Taunt,Tailwind,Protect|||M|||50|,,,,,Dragon]Smeargle||FocusSash|Moody|Spore,Decorate,FollowMe,FakeOut|||M|||50|,,,,,Grass\n|showteam|p2|Lunala||Leftovers|ShadowShield|MoongeistBeam,Moonblast,TrickRoom,Protect||||||50|,,,,,Fairy]Miraidon||ChoiceSpecs|HadronEngine|ElectroDrift,Discharge,DracoMeteor,VoltSwitch||||||50|,,,,,Electric]Incineroar||AssaultVest|Intimidate|FakeOut,FlareBlitz,KnockOff,Uturn|||M|||50|,,,,,Dragon]Ogerpon-Wellspring||WellspringMask|WaterAbsorb|IvyCudgel,HornLeech,SpikyShield,FollowMe|||F|||50|,,,,,Water]Whimsicott||FocusSash|Prankster|Moonblast,Tailwind,Endeavor,Protect|||F|||50|,,,,,Ghost]Ursaluna||FlameOrb|Guts|Facade,HeadlongRush,Earthquake,Protect|||F|||50|,,,,,Ghost\n|j| endershovel\n|inactive|Battle timer is ON: inactive players will automatically lose when time's up. (requested by smartyff)\n|j| Actoradoboy fan\n|j| Billlmads\n|j| randomdude036\n|j| pokemonpengu\n|\n|t:|1774444347\n|teamsize|p1|4\n|teamsize|p2|4\n|start\n|switch|p1a: Smeargle|Smeargle, L50, M|100/100\n|switch|p1b: Calyrex|Calyrex-Shadow, L50|100/100\n|switch|p2a: Lunala|Lunala, L50|100/100\n|switch|p2b: Incineroar|Incineroar, L50, M|100/100\n|-ability|p1b: Calyrex|As One\n|-ability|p1b: Calyrex|Unnerve\n|-ability|p2b: Incineroar|Intimidate|boost\n|-unboost|p1a: Smeargle|atk|1\n|-unboost|p1b: Calyrex|atk|1\n|turn|1\n|\n|t:|1774444364\n|-terastallize|p1b: Calyrex|Dark\n|-terastallize|p2a: Lunala|Fairy\n|move|p2b: Incineroar|Fake Out|p1a: Smeargle\n|-damage|p1a: Smeargle|76/100\n|move|p1b: Calyrex|Nasty Plot|p1b: Calyrex\n|-boost|p1b: Calyrex|spa|2\n|cant|p1a: Smeargle|flinch\n|move|p2a: Lunala|Trick Room|p2a: Lunala\n|-fieldstart|move: Trick Room|[of] p2a: Lunala\n|\n|-ability|p1a: Smeargle|Moody|boost\n|-boost|p1a: Smeargle|spe|2\n|-unboost|p1a: Smeargle|spd|1\n|upkeep\n|turn|2\n|\n|t:|1774444382\n|move|p1b: Calyrex|Protect|p1b: Calyrex\n|-singleturn|p1b: Calyrex|Protect\n|move|p1a: Smeargle|Follow Me|p1a: Smeargle\n|-singleturn|p1a: Smeargle|move: Follow Me\n|move|p2b: Incineroar|Flare Blitz|p1a: Smeargle\n|-damage|p1a: Smeargle|0 fnt\n|faint|p1a: Smeargle\n|-damage|p2b: Incineroar|84/100|[from] Recoil\n|move|p2a: Lunala|Moonblast|p1b: Calyrex\n|-activate|p1b: Calyrex|move: Protect\n|\n|upkeep\n|\n|t:|1774444387\n|switch|p1a: Rillaboom|Rillaboom, L50, M|100/100\n|-fieldstart|move: Grassy Terrain|[from] ability: Grassy Surge|[of] p1a: Rillaboom\n|turn|3\n|\n|t:|1774444399\n|switch|p2a: Ursaluna|Ursaluna, L50, F, shiny|100/100\n|move|p1a: Rillaboom|Fake Out|p2b: Incineroar\n|-damage|p2b: Incineroar|73/100\n|cant|p2b: Incineroar|flinch\n|move|p1b: Calyrex|Astral Barrage|p2b: Incineroar|[spread] p2b\n|-immune|p2a: Ursaluna\n|-resisted|p2b: Incineroar\n|-damage|p2b: Incineroar|28/100\n|-damage|p1b: Calyrex|91/100|[from] item: Life Orb\n|\n|-heal|p2b: Incineroar|34/100|[from] Grassy Terrain\n|-heal|p1b: Calyrex|97/100|[from] Grassy Terrain\n|-status|p2a: Ursaluna|brn|[from] item: Flame Orb\n|upkeep\n|turn|4\n|\n|t:|1774444421\n|switch|p1b: Zamazenta|Zamazenta-Crowned, L50|100/100\n|-ability|p1b: Zamazenta|Dauntless Shield|boost\n|-boost|p1b: Zamazenta|def|1\n|move|p1a: Rillaboom|Grassy Glide|p2a: Ursaluna\n|-supereffective|p2a: Ursaluna\n|-damage|p2a: Ursaluna|52/100 brn\n|move|p2a: Ursaluna|Facade|p1a: Rillaboom\n|-damage|p1a: Rillaboom|0 fnt\n|faint|p1a: Rillaboom\n|move|p2b: Incineroar|Flare Blitz|p1b: Zamazenta\n|-supereffective|p1b: Zamazenta\n|-damage|p1b: Zamazenta|60/100\n|-damage|p2b: Incineroar|21/100|[from] Recoil\n|\n|-heal|p2a: Ursaluna|57/100 brn|[from] Grassy Terrain\n|-heal|p2b: Incineroar|27/100|[from] Grassy Terrain\n|-heal|p1b: Zamazenta|66/100|[from] Grassy Terrain\n|-damage|p2a: Ursaluna|52/100 brn|[from] brn\n|upkeep\n|\n|t:|1774444424\n|switch|p1a: Calyrex|Calyrex-Shadow, L50, tera:Dark|97/100\n|-ability|p1a: Calyrex|As One\n|-ability|p1a: Calyrex|Unnerve\n|turn|5\n|\n|t:|1774444442\n|switch|p2b: Lunala|Lunala, L50, tera:Fairy|100/100\n|move|p1b: Zamazenta|Protect|p1b: Zamazenta\n|-singleturn|p1b: Zamazenta|Protect\n|move|p1a: Calyrex|Protect|p1a: Calyrex\n|-singleturn|p1a: Calyrex|Protect\n|move|p2a: Ursaluna|Facade|p1a: Calyrex\n|-activate|p1a: Calyrex|move: Protect\n|\n|-heal|p2a: Ursaluna|57/100 brn|[from] Grassy Terrain\n|-heal|p1b: Zamazenta|73/100|[from] Grassy Terrain\n|-heal|p1a: Calyrex|100/100|[from] Grassy Terrain\n|-damage|p2a: Ursaluna|52/100 brn|[from] brn\n|-fieldend|move: Trick Room\n|upkeep\n|turn|6\n|\n|t:|1774444455\n|switch|p2a: Incineroar|Incineroar, L50, M|27/100\n|-ability|p2a: Incineroar|Intimidate|boost\n|-unboost|p1a: Calyrex|atk|1\n|-unboost|p1b: Zamazenta|atk|1\n|move|p1a: Calyrex|Astral Barrage|p2b: Lunala|[spread] p2a,p2b\n|-resisted|p2a: Incineroar\n|-crit|p2b: Lunala\n|-damage|p2a: Incineroar|6/100\n|-damage|p2b: Lunala|66/100\n|-damage|p1a: Calyrex|91/100|[from] item: Life Orb\n|move|p1b: Zamazenta|Heavy Slam|p2b: Lunala\n|-supereffective|p2b: Lunala\n|-damage|p2b: Lunala|18/100\n|move|p2b: Lunala|Trick Room|p2b: Lunala\n|-fieldstart|move: Trick Room|[of] p2b: Lunala\n|\n|-heal|p2a: Incineroar|12/100|[from] Grassy Terrain\n|-heal|p2b: Lunala|24/100|[from] Grassy Terrain\n|-heal|p2b: Lunala|30/100|[from] item: Leftovers\n|-heal|p1b: Zamazenta|79/100|[from] Grassy Terrain\n|-heal|p1a: Calyrex|97/100|[from] Grassy Terrain\n|upkeep\n|turn|7\n|\n|t:|1774444470\n|move|p1b: Zamazenta|Protect|p1b: Zamazenta\n|-singleturn|p1b: Zamazenta|Protect\n|move|p1a: Calyrex|Protect|p1a: Calyrex\n|-singleturn|p1a: Calyrex|Protect\n|move|p2a: Incineroar|Flare Blitz|p1b: Zamazenta\n|-activate|p1b: Zamazenta|move: Protect\n|move|p2b: Lunala|Moonblast|p1b: Zamazenta\n|-activate|p1b: Zamazenta|move: Protect\n|\n|-heal|p2a: Incineroar|18/100|[from] Grassy Terrain\n|-heal|p2b: Lunala|36/100|[from] Grassy Terrain\n|-heal|p2b: Lunala|43/100|[from] item: Leftovers\n|-heal|p1b: Zamazenta|85/100|[from] Grassy Terrain\n|-heal|p1a: Calyrex|100/100|[from] Grassy Terrain\n|-fieldend|move: Grassy Terrain\n|upkeep\n|turn|8\n|\n|t:|1774444484\n|move|p2a: Incineroar|Flare Blitz|p1a: Calyrex\n|-damage|p1a: Calyrex|44/100\n|-damage|p2a: Incineroar|0 fnt|[from] Recoil\n|faint|p2a: Incineroar\n|move|p2b: Lunala|Moonblast|p1a: Calyrex\n|-supereffective|p1a: Calyrex\n|-damage|p1a: Calyrex|0 fnt\n|faint|p1a: Calyrex\n|move|p1b: Zamazenta|Heavy Slam|p2b: Lunala\n|-supereffective|p2b: Lunala\n|-damage|p2b: Lunala|0 fnt\n|faint|p2b: Lunala\n|\n|upkeep\n|\n|t:|1774444489\n|switch|p2a: Miraidon|Miraidon, L50|100/100\n|switch|p2b: Ursaluna|Ursaluna, L50, F, shiny|52/100 brn\n|-fieldstart|move: Electric Terrain|[from] ability: Hadron Engine|[of] p2a: Miraidon\n|turn|9\n|\n|t:|1774444495\n|move|p2b: Ursaluna|Headlong Rush|p1b: Zamazenta\n|-supereffective|p1b: Zamazenta\n|-damage|p1b: Zamazenta|3/100\n|-unboost|p2b: Ursaluna|def|1\n|-unboost|p2b: Ursaluna|spd|1\n|move|p1b: Zamazenta|Body Press|p2b: Ursaluna\n|-supereffective|p2b: Ursaluna\n|-damage|p2b: Ursaluna|0 fnt\n|faint|p2b: Ursaluna\n|move|p2a: Miraidon|Electro Drift|p1b: Zamazenta\n|-damage|p1b: Zamazenta|0 fnt\n|faint|p1b: Zamazenta\n|\n|win|smartyff\n|n|\u2606lawrence123|lawrence123\n|n|\u2606smartyff|smartyff\n|n| endershovel|endershovel\n|n| Actoradoboy fan|actoradoboyfan\n|n| Billlmads|billlmads\n|n| randomdude036|randomdude036\n|n| pokemonpengu|pokemonpengu\n","uploadtime":1774444496,"views":8,"formatid":"gen9vgc2026regi","rating":null,"private":0,"password":null}