{"id":"gen9vgc2026regi-2590025002","format":"[Gen 9] VGC 2026 Reg I","players":["stupid test7","svenblack"],"log":"|j|\u2606stupid test7\n|j|\u2606svenblack\n|t:|1776782062\n|gametype|doubles\n|player|p1|stupid test7|265|1496\n|player|p2|svenblack|barry|1522\n|gen|9\n|tier|[Gen 9] VGC 2026 Reg I\n|rated|\n|rule|Species Clause: Limit one of each Pok\u00e9mon\n|rule|Item Clause: Limit 1 of each item\n|clearpoke\n|poke|p1|Kyogre, L50|\n|poke|p1|Indeedee-F, L50, F|\n|poke|p1|Ludicolo, L50, F|\n|poke|p1|Urshifu-*, L50, F|\n|poke|p1|Calyrex-Ice, L50|\n|poke|p1|Wyrdeer, L50, M|\n|poke|p2|Grimmsnarl, L50, M|\n|poke|p2|Iron Hands, L50|\n|poke|p2|Miraidon, L50|\n|poke|p2|Ho-Oh, L50|\n|poke|p2|Farigiraf, L50, F|\n|poke|p2|Ursaluna, L50, F|\n|teampreview|4\n|inactive|Battle timer is ON: inactive players will automatically lose when time's up. (requested by svenblack)\n|\n|t:|1776782090\n|teamsize|p1|4\n|teamsize|p2|4\n|start\n|switch|p1a: Kyogre|Kyogre, L50|100/100\n|switch|p1b: Indeedee|Indeedee-F, L50, F|100/100\n|switch|p2a: Iron Hands|Iron Hands, L50|100/100\n|switch|p2b: Farigiraf|Farigiraf, L50, F|100/100\n|-weather|RainDance|[from] ability: Drizzle|[of] p1a: Kyogre\n|-fieldstart|move: Psychic Terrain|[from] ability: Psychic Surge|[of] p1b: Indeedee\n|-enditem|p1b: Indeedee|Psychic Seed\n|-boost|p1b: Indeedee|spd|1|[from] item: Psychic Seed\n|turn|1\n|\n|t:|1776782103\n|switch|p2b: Miraidon|Miraidon, L50|100/100\n|-fieldstart|move: Electric Terrain|[from] ability: Hadron Engine|[of] p2b: Miraidon\n|-activate|p2a: Iron Hands|ability: Quark Drive\n|-start|p2a: Iron Hands|quarkdriveatk\n|move|p2a: Iron Hands|Fake Out|p1a: Kyogre\n|-damage|p1a: Kyogre|79/100\n|cant|p1a: Kyogre|flinch\n|move|p1b: Indeedee|Baton Pass|p1b: Indeedee\n|\n|t:|1776782112\n|switch|p1b: Calyrex|Calyrex-Ice, L50|100/100|[from] Baton Pass\n|-ability|p1b: Calyrex|As One\n|-ability|p1b: Calyrex|Unnerve\n|\n|-weather|RainDance|[upkeep]\n|upkeep\n|turn|2\n|\n|t:|1776782129\n|switch|p1a: Indeedee|Indeedee-F, L50, F|100/100\n|-fieldstart|move: Psychic Terrain|[from] ability: Psychic Surge|[of] p1a: Indeedee\n|-end|p2a: Iron Hands|Quark Drive\n|-terastallize|p2b: Miraidon|Fairy\n|-terastallize|p1b: Calyrex|Fairy\n|move|p2b: Miraidon|Electro Drift|p1a: Indeedee\n|-damage|p1a: Indeedee|23/100\n|move|p1b: Calyrex|Glacial Lance|p2a: Iron Hands|[spread] p2a,p2b\n|-damage|p2a: Iron Hands|60/100\n|-damage|p2b: Miraidon|54/100\n|move|p2a: Iron Hands|Low Kick|p1b: Calyrex\n|-resisted|p1b: Calyrex\n|-damage|p1b: Calyrex|80/100\n|\n|-weather|RainDance|[upkeep]\n|-heal|p1b: Calyrex|86/100|[from] item: Leftovers\n|upkeep\n|turn|3\n|inactive|stupid test7 has 30 seconds left.\n|inactive|svenblack has 30 seconds left.\n|inactive|stupid test7 has 20 seconds left.\n|\n|t:|1776782166\n|switch|p2b: Ho-Oh|Ho-Oh, L50, shiny|100/100\n|move|p1b: Calyrex|Glacial Lance|p2b: Ho-Oh|[spread] p2a,p2b\n|-crit|p2a: Iron Hands\n|-damage|p2a: Iron Hands|6/100\n|-damage|p2b: Ho-Oh|56/100\n|move|p2a: Iron Hands|Drain Punch|p1a: Indeedee\n|-damage|p1a: Indeedee|0 fnt\n|-heal|p2a: Iron Hands|15/100|[from] drain|[of] p1a: Indeedee\n|faint|p1a: Indeedee\n|\n|-weather|RainDance|[upkeep]\n|-heal|p2b: Ho-Oh|62/100|[from] item: Leftovers\n|-heal|p1b: Calyrex|91/100|[from] item: Leftovers\n|upkeep\n|\n|t:|1776782173\n|switch|p1a: Kyogre|Kyogre, L50|79/100\n|turn|4\n|\n|t:|1776782187\n|-end|p2a: Iron Hands|Quark Drive|[silent]\n|switch|p2a: Farigiraf|Farigiraf, L50, F|100/100\n|move|p1a: Kyogre|Water Spout|p2a: Farigiraf|[spread] p2a,p2b\n|-supereffective|p2b: Ho-Oh\n|-damage|p2a: Farigiraf|35/100\n|-damage|p2b: Ho-Oh|0 fnt\n|faint|p2b: Ho-Oh\n|move|p1b: Calyrex|Substitute|p1b: Calyrex\n|-start|p1b: Calyrex|Substitute\n|-damage|p1b: Calyrex|67/100\n|\n|-weather|RainDance|[upkeep]\n|-heal|p1b: Calyrex|72/100|[from] item: Leftovers\n|upkeep\n|\n|t:|1776782195\n|switch|p2b: Miraidon|Miraidon, L50, tera:Fairy|54/100\n|-fieldstart|move: Electric Terrain|[from] ability: Hadron Engine|[of] p2b: Miraidon\n|-enditem|p2a: Farigiraf|Electric Seed\n|-boost|p2a: Farigiraf|def|1|[from] item: Electric Seed\n|turn|5\n|\n|t:|1776782210\n|move|p1a: Kyogre|Water Spout|p2a: Farigiraf|[spread] p2a,p2b\n|-damage|p2a: Farigiraf|0 fnt\n|-damage|p2b: Miraidon|0 fnt\n|faint|p2a: Farigiraf\n|faint|p2b: Miraidon\n|move|p1b: Calyrex|Glacial Lance|p2: Farigiraf|[notarget]\n|-fail|p1b: Calyrex\n|\n|-weather|none\n|-heal|p1b: Calyrex|78/100|[from] item: Leftovers\n|upkeep\n|-message|svenblack forfeited.\n|\n|win|stupid test7\n|raw|stupid test7's rating: 1496 &rarr; <strong>1517</strong><br />(+21 for winning)\n|raw|svenblack's rating: 1522 &rarr; <strong>1501</strong><br />(-21 for losing)\n|l|\u2606svenblack\n|player|p2|\n|l|\u2606stupid test7\n|player|p1|\n","uploadtime":1776782412,"views":10,"formatid":"gen9vgc2026regi","rating":1501,"private":0,"password":null}