{"id":"gen9vgc2026regi-2517424967","format":"[Gen 9] VGC 2026 Reg I","players":["tombrady6969","fogdocker"],"log":"|j|\u2606tombrady6969\n|j|\u2606fogdocker\n|t:|1768260377\n|gametype|doubles\n|player|p1|tombrady6969|gloria-dojo|1234\n|player|p2|fogdocker|2|1304\n|gen|9\n|tier|[Gen 9] VGC 2026 Reg I\n|rated|\n|rule|Species Clause: Limit one of each Pok\u00e9mon\n|rule|Item Clause: Limit 1 of each item\n|clearpoke\n|poke|p1|Miraidon, L50|\n|poke|p1|Incineroar, L50, M|\n|poke|p1|Zamazenta-*, L50|\n|poke|p1|Ogerpon-Wellspring, L50, F|\n|poke|p1|Grimmsnarl, L50, M|\n|poke|p1|Iron Bundle, L50|\n|poke|p2|Koraidon, L50|\n|poke|p2|Flutter Mane, L50|\n|poke|p2|Calyrex-Ice, L50|\n|poke|p2|Incineroar, L50, M|\n|poke|p2|Rillaboom, L50, F|\n|poke|p2|Amoonguss, L50, F|\n|teampreview|4\n|\n|t:|1768260426\n|teamsize|p1|4\n|teamsize|p2|4\n|start\n|switch|p1a: Incineroar|Incineroar, L50, M, shiny|100/100\n|switch|p1b: Miraidon|Miraidon, L50|100/100\n|switch|p2a: Koraidon|Koraidon, L50|100/100\n|switch|p2b: Rillaboom|Rillaboom, L50, F|100/100\n|-fieldstart|move: Electric Terrain|[from] ability: Hadron Engine|[of] p1b: Miraidon\n|-weather|SunnyDay|[from] ability: Orichalcum Pulse|[of] p2a: Koraidon\n|-activate|p2a: Koraidon|Orichalcum Pulse|[source]\n|-fieldstart|move: Grassy Terrain|[from] ability: Grassy Surge|[of] p2b: Rillaboom\n|-ability|p1a: Incineroar|Intimidate|boost\n|-unboost|p2a: Koraidon|atk|1\n|-unboost|p2b: Rillaboom|atk|1\n|turn|1\n|\n|t:|1768260473\n|move|p2a: Koraidon|Protect|p2a: Koraidon\n|-singleturn|p2a: Koraidon|Protect\n|move|p1a: Incineroar|Fake Out|p2a: Koraidon\n|-activate|p2a: Koraidon|move: Protect\n|move|p1b: Miraidon|Volt Switch|p2b: Rillaboom\n|-resisted|p2b: Rillaboom\n|-damage|p2b: Rillaboom|82/100\n|\n|t:|1768260483\n|switch|p1b: Zamazenta|Zamazenta-Crowned, L50, shiny|100/100|[from] Volt Switch\n|-ability|p1b: Zamazenta|Dauntless Shield|boost\n|-boost|p1b: Zamazenta|def|1\n|move|p2b: Rillaboom|U-turn|p1b: Zamazenta\n|-resisted|p1b: Zamazenta\n|-crit|p1b: Zamazenta\n|-damage|p1b: Zamazenta|96/100\n|\n|t:|1768260494\n|switch|p2b: Amoonguss|Amoonguss, L50, F|100/100|[from] U-turn\n|\n|-weather|SunnyDay|[upkeep]\n|-heal|p1b: Zamazenta|100/100|[from] Grassy Terrain\n|upkeep\n|turn|2\n|\n|t:|1768260509\n|switch|p1b: Miraidon|Miraidon, L50|100/100\n|-fieldstart|move: Electric Terrain|[from] ability: Hadron Engine|[of] p1b: Miraidon\n|move|p2b: Amoonguss|Rage Powder|p2b: Amoonguss\n|-singleturn|p2b: Amoonguss|move: Rage Powder\n|move|p2a: Koraidon|Close Combat|p1a: Incineroar\n|-supereffective|p1a: Incineroar\n|-damage|p1a: Incineroar|0 fnt\n|-unboost|p2a: Koraidon|def|1\n|-unboost|p2a: Koraidon|spd|1\n|faint|p1a: Incineroar\n|-damage|p2a: Koraidon|91/100|[from] item: Life Orb\n|\n|-weather|SunnyDay|[upkeep]\n|upkeep\n|\n|t:|1768260521\n|switch|p1a: Iron Bundle|Iron Bundle, L50|100/100\n|-activate|p1a: Iron Bundle|ability: Quark Drive\n|-start|p1a: Iron Bundle|quarkdrivespe\n|turn|3\n|\n|t:|1768260579\n|switch|p2a: Rillaboom|Rillaboom, L50, F|82/100\n|-fieldstart|move: Grassy Terrain|[from] ability: Grassy Surge|[of] p2a: Rillaboom\n|-end|p1a: Iron Bundle|Quark Drive\n|move|p1a: Iron Bundle|Icy Wind|p2a: Rillaboom|[spread] p2a,p2b\n|-supereffective|p2a: Rillaboom\n|-supereffective|p2b: Amoonguss\n|-damage|p2a: Rillaboom|53/100\n|-damage|p2b: Amoonguss|61/100\n|-unboost|p2a: Rillaboom|spe|1\n|-unboost|p2b: Amoonguss|spe|1\n|move|p1b: Miraidon|Draco Meteor|p2b: Amoonguss\n|-damage|p2b: Amoonguss|0 fnt\n|-unboost|p1b: Miraidon|spa|2\n|faint|p2b: Amoonguss\n|\n|-weather|SunnyDay|[upkeep]\n|-heal|p2a: Rillaboom|58/100|[from] Grassy Terrain\n|upkeep\n|\n|t:|1768260617\n|switch|p2b: Koraidon|Koraidon, L50|91/100\n|-activate|p2b: Koraidon|ability: Orichalcum Pulse\n|turn|4\n|\n|t:|1768260624\n|switch|p1b: Zamazenta|Zamazenta-Crowned, L50, shiny|100/100\n|-terastallize|p2b: Koraidon|Fire\n|move|p2a: Rillaboom|Fake Out|p1a: Iron Bundle\n|-damage|p1a: Iron Bundle|84/100\n|cant|p1a: Iron Bundle|flinch\n|move|p2b: Koraidon|Close Combat|p1b: Zamazenta\n|-supereffective|p1b: Zamazenta\n|-damage|p1b: Zamazenta|0 fnt\n|-unboost|p2b: Koraidon|def|1\n|-unboost|p2b: Koraidon|spd|1\n|faint|p1b: Zamazenta\n|-damage|p2b: Koraidon|81/100|[from] item: Life Orb\n|\n|-weather|SunnyDay|[upkeep]\n|-heal|p1a: Iron Bundle|91/100|[from] Grassy Terrain\n|-heal|p2b: Koraidon|87/100|[from] Grassy Terrain\n|-heal|p2a: Rillaboom|64/100|[from] Grassy Terrain\n|upkeep\n|\n|t:|1768260638\n|switch|p1b: Miraidon|Miraidon, L50|100/100\n|-fieldstart|move: Electric Terrain|[from] ability: Hadron Engine|[of] p1b: Miraidon\n|-activate|p1a: Iron Bundle|ability: Quark Drive\n|-start|p1a: Iron Bundle|quarkdrivespe\n|turn|5\n|\n|t:|1768260661\n|move|p2b: Koraidon|Protect|p2b: Koraidon\n|-singleturn|p2b: Koraidon|Protect\n|move|p1a: Iron Bundle|Encore|p2a: Rillaboom\n|-start|p2a: Rillaboom|Encore\n|move|p1b: Miraidon|Electro Drift|p2b: Koraidon\n|-activate|p2b: Koraidon|move: Protect\n|move|p2a: Rillaboom|Fake Out||[still]\n|-hint|Fake Out only works on your first turn out.\n|-fail|p2a: Rillaboom\n|\n|-weather|none\n|upkeep\n|turn|6\n|\n|t:|1768260691\n|switch|p2a: Calyrex|Calyrex-Ice, L50|100/100\n|-ability|p2a: Calyrex|As One\n|-ability|p2a: Calyrex|Unnerve\n|move|p1a: Iron Bundle|Icy Wind|p2b: Koraidon|[spread] p2a,p2b\n|-resisted|p2a: Calyrex\n|-crit|p2a: Calyrex\n|-resisted|p2b: Koraidon\n|-damage|p2a: Calyrex|91/100\n|-damage|p2b: Koraidon|72/100\n|-unboost|p2a: Calyrex|spe|1\n|-unboost|p2b: Koraidon|spe|1\n|move|p1b: Miraidon|Electro Drift|p2b: Koraidon\n|-damage|p2b: Koraidon|0 fnt\n|faint|p2b: Koraidon\n|\n|-heal|p2a: Calyrex|97/100|[from] item: Leftovers\n|upkeep\n|\n|t:|1768260701\n|switch|p2b: Rillaboom|Rillaboom, L50, F|64/100\n|-fieldstart|move: Grassy Terrain|[from] ability: Grassy Surge|[of] p2b: Rillaboom\n|-end|p1a: Iron Bundle|Quark Drive\n|turn|7\n|\n|t:|1768260719\n|-terastallize|p1b: Miraidon|Fairy\n|move|p2b: Rillaboom|Fake Out|p1a: Iron Bundle\n|-damage|p1a: Iron Bundle|75/100\n|cant|p1a: Iron Bundle|flinch\n|move|p1b: Miraidon|Electro Drift|p2a: Calyrex\n|-damage|p2a: Calyrex|46/100\n|move|p2a: Calyrex|Trick Room|p2a: Calyrex\n|-fieldstart|move: Trick Room|[of] p2a: Calyrex\n|\n|-heal|p2a: Calyrex|52/100|[from] Grassy Terrain\n|-heal|p2a: Calyrex|58/100|[from] item: Leftovers\n|-heal|p2b: Rillaboom|70/100|[from] Grassy Terrain\n|-heal|p1a: Iron Bundle|81/100|[from] Grassy Terrain\n|upkeep\n|turn|8\n|\n|t:|1768260751\n|move|p2a: Calyrex|Protect|p2a: Calyrex\n|-singleturn|p2a: Calyrex|Protect\n|move|p2b: Rillaboom|Wood Hammer|p1a: Iron Bundle\n|-supereffective|p1a: Iron Bundle\n|-damage|p1a: Iron Bundle|0 fnt\n|faint|p1a: Iron Bundle\n|-end|p1a: Iron Bundle|Quark Drive|[silent]\n|-damage|p2b: Rillaboom|53/100|[from] Recoil\n|move|p1b: Miraidon|Electro Drift|p2a: Calyrex\n|-activate|p2a: Calyrex|move: Protect\n|\n|-heal|p2a: Calyrex|63/100|[from] Grassy Terrain\n|-heal|p2a: Calyrex|69/100|[from] item: Leftovers\n|-heal|p2b: Rillaboom|59/100|[from] Grassy Terrain\n|upkeep\n|turn|9\n|-message|tombrady6969 forfeited.\n|\n|win|fogdocker\n|raw|tombrady6969's rating: 1234 &rarr; <strong>1214</strong><br />(-20 for losing)\n|raw|fogdocker's rating: 1304 &rarr; <strong>1320</strong><br />(+16 for winning)\n|l|\u2606tombrady6969\n|player|p1|\n","uploadtime":1768260760,"views":13,"formatid":"gen9vgc2026regi","rating":1214,"private":0,"password":null}