{"id":"gen9vgc2026regi-2580015875","format":"[Gen 9] VGC 2026 Reg I","players":["Sheevp","Luca8"],"log":"|j|\u2606Sheevp\n|j|\u2606Luca8\n|t:|1775846680\n|gametype|doubles\n|player|p1|Sheevp|101|1447\n|player|p2|Luca8|flint|1423\n|gen|9\n|tier|[Gen 9] VGC 2026 Reg I\n|rated|\n|rule|Species Clause: Limit one of each Pok\u00e9mon\n|rule|Item Clause: Limit 1 of each item\n|clearpoke\n|poke|p1|Calyrex-Ice, L50|\n|poke|p1|Kyogre, L50|\n|poke|p1|Smeargle, L50, F|\n|poke|p1|Roaring Moon, L50|\n|poke|p1|Landorus, L50, M|\n|poke|p1|Ogerpon-Cornerstone, L50, F|\n|poke|p2|Zamazenta-*, L50|\n|poke|p2|Indeedee-F, L50, F|\n|poke|p2|Torkoal, L50, M|\n|poke|p2|Fezandipiti, L50, M|\n|poke|p2|Calyrex-Shadow, L50|\n|poke|p2|Pelipper, L50, F|\n|teampreview|4\n|\n|t:|1775846710\n|teamsize|p1|4\n|teamsize|p2|4\n|start\n|switch|p1a: Landorus|Landorus, L50, M|100/100\n|switch|p1b: Smeargle|Smeargle, L50, F|100/100\n|switch|p2a: Fezandipiti|Fezandipiti, L50, M|100/100\n|switch|p2b: Zamazenta|Zamazenta-Crowned, L50|100/100\n|-ability|p2b: Zamazenta|Dauntless Shield|boost\n|-boost|p2b: Zamazenta|def|1\n|turn|1\n|\n|t:|1775846734\n|-terastallize|p2b: Zamazenta|Fighting\n|move|p2b: Zamazenta|Body Press|p1b: Smeargle\n|-supereffective|p1b: Smeargle\n|-enditem|p1b: Smeargle|Focus Sash\n|-damage|p1b: Smeargle|1/100\n|move|p1b: Smeargle|Decorate|p1a: Landorus\n|-boost|p1a: Landorus|atk|2\n|-boost|p1a: Landorus|spa|2\n|move|p1a: Landorus|Earth Power|p2a: Fezandipiti\n|-supereffective|p2a: Fezandipiti\n|-damage|p2a: Fezandipiti|0 fnt\n|faint|p2a: Fezandipiti\n|\n|upkeep\n|\n|t:|1775846749\n|switch|p2a: Calyrex|Calyrex-Shadow, L50|100/100\n|-ability|p2a: Calyrex|As One\n|-ability|p2a: Calyrex|Unnerve\n|turn|2\n|\n|t:|1775846764\n|move|p1a: Landorus|Protect|p1a: Landorus\n|-singleturn|p1a: Landorus|Protect\n|move|p2a: Calyrex|Astral Barrage|p1a: Landorus|[spread] \n|-activate|p1a: Landorus|move: Protect\n|-immune|p1b: Smeargle\n|move|p2b: Zamazenta|Body Press|p1b: Smeargle\n|-supereffective|p1b: Smeargle\n|-damage|p1b: Smeargle|0 fnt\n|faint|p1b: Smeargle\n|\n|upkeep\n|\n|t:|1775846772\n|switch|p1b: Roaring Moon|Roaring Moon, L50|100/100\n|-enditem|p1b: Roaring Moon|Booster Energy\n|-activate|p1b: Roaring Moon|ability: Protosynthesis|[fromitem]\n|-start|p1b: Roaring Moon|protosynthesisspe\n|turn|3\n|\n|t:|1775846788\n|-terastallize|p1b: Roaring Moon|Flying\n|move|p1b: Roaring Moon|Knock Off|p2a: Calyrex\n|-supereffective|p2a: Calyrex\n|-enditem|p2a: Calyrex|Focus Sash\n|-damage|p2a: Calyrex|1/100\n|move|p2a: Calyrex|Astral Barrage|p1a: Landorus|[spread] p1a,p1b\n|-damage|p1a: Landorus|28/100\n|-damage|p1b: Roaring Moon|45/100\n|move|p2b: Zamazenta|Body Press|p1b: Roaring Moon\n|-resisted|p1b: Roaring Moon\n|-damage|p1b: Roaring Moon|0 fnt\n|faint|p1b: Roaring Moon\n|-end|p1b: Roaring Moon|Protosynthesis|[silent]\n|move|p1a: Landorus|Earth Power|p2b: Zamazenta\n|-damage|p2b: Zamazenta|4/100\n|\n|upkeep\n|\n|t:|1775846806\n|switch|p1b: Kyogre|Kyogre, L50|100/100\n|-weather|RainDance|[from] ability: Drizzle|[of] p1b: Kyogre\n|turn|4\n|\n|t:|1775846812\n|move|p1a: Landorus|Protect|p1a: Landorus\n|-singleturn|p1a: Landorus|Protect\n|move|p2a: Calyrex|Astral Barrage|p1b: Kyogre|[spread] p1b\n|-activate|p1a: Landorus|move: Protect\n|-damage|p1b: Kyogre|60/100\n|move|p2b: Zamazenta|Body Press|p1b: Kyogre\n|-damage|p1b: Kyogre|0 fnt\n|faint|p1b: Kyogre\n|\n|-weather|RainDance|[upkeep]\n|upkeep\n|turn|5\n|-message|Sheevp forfeited.\n|\n|win|Luca8\n|raw|Sheevp's rating: 1447 &rarr; <strong>1426</strong><br />(-21 for losing)\n|raw|Luca8's rating: 1423 &rarr; <strong>1444</strong><br />(+21 for winning)\n|l|\u2606Sheevp\n|player|p1|\n|l|\u2606Luca8\n|player|p2|\n","uploadtime":1775847060,"views":13,"formatid":"gen9vgc2026regi","rating":1426,"private":0,"password":null}