{"id":"gen9vgc2026regi-2560180136","format":"[Gen 9] VGC 2026 Reg I","players":["jallim-rabeii","jonen"],"log":"|j|\u2606jallim-rabeii\n|j|\u2606jonen\n|t:|1773663132\n|gametype|doubles\n|player|p1|jallim-rabeii|depotagent|1077\n|player|p2|jonen|medium|1182\n|gen|9\n|tier|[Gen 9] VGC 2026 Reg I\n|rated|\n|rule|Species Clause: Limit one of each Pok\u00e9mon\n|rule|Item Clause: Limit 1 of each item\n|clearpoke\n|poke|p1|Miraidon, L50|\n|poke|p1|Farigiraf, L50, F|\n|poke|p1|Calyrex-Shadow, L50|\n|poke|p1|Whimsicott, L50, F|\n|poke|p1|Urshifu-*, L50, F|\n|poke|p1|Incineroar, L50, F|\n|poke|p2|Volcarona, L50, F|\n|poke|p2|Groudon, L50|\n|poke|p2|Incineroar, L50, M|\n|poke|p2|Flutter Mane, L50|\n|poke|p2|Grimmsnarl, L50, M|\n|poke|p2|Miraidon, L50|\n|teampreview|4\n|inactive|Battle timer is ON: inactive players will automatically lose when time's up. (requested by jallim-rabeii)\n|inactive|jonen has 60 seconds left.\n|\n|t:|1773663171\n|teamsize|p1|4\n|teamsize|p2|4\n|start\n|switch|p1a: Calyrex|Calyrex-Shadow, L50|100/100\n|switch|p1b: Whimsicott|Whimsicott, L50, F|100/100\n|switch|p2a: Groudon|Groudon, L50|100/100\n|switch|p2b: Incineroar|Incineroar, L50, M|100/100\n|-ability|p1a: Calyrex|As One\n|-ability|p1a: Calyrex|Unnerve\n|-weather|SunnyDay|[from] ability: Drought|[of] p2a: Groudon\n|-ability|p2b: Incineroar|Intimidate|boost\n|-unboost|p1a: Calyrex|atk|1\n|-unboost|p1b: Whimsicott|atk|1\n|turn|1\n|\n|t:|1773663193\n|move|p1a: Calyrex|Protect|p1a: Calyrex\n|-singleturn|p1a: Calyrex|Protect\n|move|p2a: Groudon|Protect|p2a: Groudon\n|-singleturn|p2a: Groudon|Protect\n|move|p1b: Whimsicott|Tailwind|p1b: Whimsicott\n|-sidestart|p1: jallim-rabeii|move: Tailwind\n|move|p2b: Incineroar|Parting Shot|p1a: Calyrex\n|-activate|p1a: Calyrex|move: Protect\n|\n|-weather|SunnyDay|[upkeep]\n|upkeep\n|turn|2\n|inactive|jallim-rabeii has 30 seconds left.\n|inactive|jallim-rabeii has 20 seconds left.\n|\n|t:|1773663228\n|switch|p2a: Grimmsnarl|Grimmsnarl, L50, M|100/100\n|-terastallize|p1a: Calyrex|Normal\n|move|p1b: Whimsicott|Encore|p2a: Grimmsnarl\n|-hint|Since gen 7, Dark is immune to Prankster moves.\n|-immune|p2a: Grimmsnarl\n|move|p1a: Calyrex|Astral Barrage|p2a: Grimmsnarl|[spread] p2a,p2b\n|-resisted|p2a: Grimmsnarl\n|-resisted|p2b: Incineroar\n|-crit|p2b: Incineroar\n|-damage|p2a: Grimmsnarl|72/100\n|-damage|p2b: Incineroar|63/100\n|-damage|p1a: Calyrex|91/100|[from] item: Life Orb\n|move|p2b: Incineroar|Knock Off|p1a: Calyrex\n|-damage|p1a: Calyrex|41/100\n|-enditem|p1a: Calyrex|Life Orb|[from] move: Knock Off|[of] p2b: Incineroar\n|\n|-weather|SunnyDay|[upkeep]\n|upkeep\n|turn|3\n|\n|t:|1773663253\n|switch|p1a: Miraidon|Miraidon, L50|100/100\n|-fieldstart|move: Electric Terrain|[from] ability: Hadron Engine|[of] p1a: Miraidon\n|move|p2a: Grimmsnarl|Light Screen|p2a: Grimmsnarl\n|-sidestart|p2: jonen|move: Light Screen\n|move|p1b: Whimsicott|Moonblast|p2a: Grimmsnarl\n|-supereffective|p2a: Grimmsnarl\n|-damage|p2a: Grimmsnarl|38/100\n|-unboost|p2a: Grimmsnarl|spa|1\n|move|p2b: Incineroar|Flare Blitz|p1b: Whimsicott\n|-supereffective|p1b: Whimsicott\n|-damage|p1b: Whimsicott|0 fnt\n|faint|p1b: Whimsicott\n|-damage|p2b: Incineroar|35/100|[from] Recoil\n|\n|-weather|SunnyDay|[upkeep]\n|upkeep\n|\n|t:|1773663268\n|switch|p1b: Calyrex|Calyrex-Shadow, L50, tera:Normal|41/100\n|-ability|p1b: Calyrex|As One\n|-ability|p1b: Calyrex|Unnerve\n|turn|4\n|\n|t:|1773663284\n|move|p2a: Grimmsnarl|Thunder Wave|p1b: Calyrex\n|-status|p1b: Calyrex|par\n|move|p1a: Miraidon|Draco Meteor|p2b: Incineroar|[miss]\n|-miss|p1a: Miraidon|p2b: Incineroar\n|move|p1b: Calyrex|Astral Barrage|p2a: Grimmsnarl|[spread] p2a,p2b\n|-resisted|p2a: Grimmsnarl\n|-resisted|p2b: Incineroar\n|-damage|p2a: Grimmsnarl|21/100\n|-damage|p2b: Incineroar|22/100\n|move|p2b: Incineroar|Parting Shot|p1a: Miraidon\n|-unboost|p1a: Miraidon|atk|1\n|-unboost|p1a: Miraidon|spa|1\n|\n|t:|1773663298\n|switch|p2b: Miraidon|Miraidon, L50|100/100|[from] Parting Shot\n|-activate|p2b: Miraidon|ability: Hadron Engine\n|\n|-weather|SunnyDay|[upkeep]\n|-sideend|p1: jallim-rabeii|move: Tailwind\n|upkeep\n|turn|5\n|\n|t:|1773663319\n|switch|p1b: Incineroar|Incineroar, L50, F|100/100\n|-ability|p1b: Incineroar|Intimidate|boost\n|-unboost|p2a: Grimmsnarl|atk|1\n|-unboost|p2b: Miraidon|atk|1\n|switch|p2a: Incineroar|Incineroar, L50, M|22/100\n|-ability|p2a: Incineroar|Intimidate|boost\n|-unboost|p1a: Miraidon|atk|1\n|-unboost|p1b: Incineroar|atk|1\n|-terastallize|p2b: Miraidon|Electric\n|move|p2b: Miraidon|Snarl|p1a: Miraidon|[spread] p1a,p1b\n|-resisted|p1b: Incineroar\n|-damage|p1a: Miraidon|88/100\n|-damage|p1b: Incineroar|92/100\n|-unboost|p1a: Miraidon|spa|1\n|-unboost|p1b: Incineroar|spa|1\n|move|p1a: Miraidon|Draco Meteor|p2b: Miraidon\n|-crit|p2b: Miraidon\n|-damage|p2b: Miraidon|30/100\n|-unboost|p1a: Miraidon|spa|2\n|\n|-weather|none\n|upkeep\n|turn|6\n|-message|jallim-rabeii forfeited.\n|\n|win|jonen\n|raw|jallim-rabeii's rating: 1077 &rarr; <strong>1062</strong><br />(-15 for losing)\n|raw|jonen's rating: 1182 &rarr; <strong>1200</strong><br />(+18 for winning)\n","uploadtime":1773663333,"views":10,"formatid":"gen9vgc2026regi","rating":1062,"private":0,"password":null}