{"id":"gen9vgc2026regi-2520927668","format":"[Gen 9] VGC 2026 Reg I","players":["trackenjoyer","Coreydfgh"],"log":"|j|\u2606trackenjoyer\n|j|\u2606Coreydfgh\n|t:|1768700089\n|gametype|doubles\n|player|p1|trackenjoyer|falkner|1274\n|player|p2|Coreydfgh|265|1198\n|gen|9\n|tier|[Gen 9] VGC 2026 Reg I\n|rated|\n|rule|Species Clause: Limit one of each Pok\u00e9mon\n|rule|Item Clause: Limit 1 of each item\n|clearpoke\n|poke|p1|Kyogre, L50|\n|poke|p1|Miraidon, L50|\n|poke|p1|Sneasler, L50, F|\n|poke|p1|Raichu, L50, M|\n|poke|p1|Tornadus, L50, M|\n|poke|p1|Walking Wake, L50|\n|poke|p2|Calyrex-Ice, L50|\n|poke|p2|Brute Bonnet, L50|\n|poke|p2|Torkoal, L50, F|\n|poke|p2|Urshifu-*, L50, F|\n|poke|p2|Lunala, L50|\n|poke|p2|Iron Hands, L50|\n|teampreview|4\n|inactive|Battle timer is ON: inactive players will automatically lose when time's up. (requested by trackenjoyer)\n|inactive|trackenjoyer has 60 seconds left.\n|\n|t:|1768700127\n|teamsize|p1|4\n|teamsize|p2|4\n|start\n|switch|p1a: Walking Wake|Walking Wake, L50|100/100\n|switch|p1b: Miraidon|Miraidon, L50|100/100\n|switch|p2a: Calyrex|Calyrex-Ice, L50|100/100\n|switch|p2b: Brute Bonnet|Brute Bonnet, L50|100/100\n|-ability|p2a: Calyrex|As One\n|-ability|p2a: Calyrex|Unnerve\n|-fieldstart|move: Electric Terrain|[from] ability: Hadron Engine|[of] p1b: Miraidon\n|-enditem|p2b: Brute Bonnet|Booster Energy\n|-activate|p2b: Brute Bonnet|ability: Protosynthesis|[fromitem]\n|-start|p2b: Brute Bonnet|protosynthesisspd\n|turn|1\n|\n|t:|1768700139\n|move|p2b: Brute Bonnet|Rage Powder|p2b: Brute Bonnet\n|-singleturn|p2b: Brute Bonnet|move: Rage Powder\n|move|p1b: Miraidon|Dazzling Gleam|p2a: Calyrex|[spread] p2a,p2b\n|-supereffective|p2b: Brute Bonnet\n|-damage|p2a: Calyrex|70/100\n|-damage|p2b: Brute Bonnet|60/100\n|move|p1a: Walking Wake|Flamethrower|p2b: Brute Bonnet\n|-supereffective|p2b: Brute Bonnet\n|-damage|p2b: Brute Bonnet|18/100\n|-damage|p1a: Walking Wake|91/100|[from] item: Life Orb\n|move|p2a: Calyrex|Trick Room|p2a: Calyrex\n|-fieldstart|move: Trick Room|[of] p2a: Calyrex\n|\n|upkeep\n|turn|2\n|inactive|trackenjoyer has 30 seconds left.\n|inactive|Coreydfgh has 30 seconds left.\n|inactive|Coreydfgh has 20 seconds left.\n|\n|t:|1768700179\n|switch|p1b: Kyogre|Kyogre, L50|100/100\n|-weather|RainDance|[from] ability: Drizzle|[of] p1b: Kyogre\n|move|p2a: Calyrex|Protect|p2a: Calyrex\n|-singleturn|p2a: Calyrex|Protect\n|move|p2b: Brute Bonnet|Sucker Punch||[still]\n|-fail|p2b: Brute Bonnet\n|move|p1a: Walking Wake|Hydro Steam|p2a: Calyrex\n|-activate|p2a: Calyrex|move: Protect\n|\n|-weather|RainDance|[upkeep]\n|upkeep\n|turn|3\n|inactive|trackenjoyer has 30 seconds left.\n|\n|t:|1768700211\n|move|p2a: Calyrex|Glacial Lance|p1b: Kyogre|[spread] p1a,p1b\n|-resisted|p1b: Kyogre\n|-damage|p1a: Walking Wake|20/100\n|-damage|p1b: Kyogre|66/100\n|move|p2b: Brute Bonnet|Seed Bomb|p1b: Kyogre\n|-supereffective|p1b: Kyogre\n|-damage|p1b: Kyogre|0 fnt\n|faint|p1b: Kyogre\n|move|p1a: Walking Wake|Hydro Steam|p2a: Calyrex\n|-damage|p2a: Calyrex|11/100\n|-damage|p1a: Walking Wake|11/100|[from] item: Life Orb\n|\n|-weather|RainDance|[upkeep]\n|upkeep\n|\n|t:|1768700222\n|switch|p1b: Raichu|Raichu, L50, M|100/100\n|turn|4\n|\n|t:|1768700235\n|move|p2a: Calyrex|Protect|p2a: Calyrex\n|-singleturn|p2a: Calyrex|Protect\n|move|p1b: Raichu|Fake Out|p2a: Calyrex\n|-activate|p2a: Calyrex|move: Protect\n|move|p2b: Brute Bonnet|Seed Bomb|p1b: Raichu\n|-damage|p1b: Raichu|44/100\n|move|p1a: Walking Wake|Hydro Steam|p2a: Calyrex\n|-activate|p2a: Calyrex|move: Protect\n|\n|-weather|RainDance|[upkeep]\n|upkeep\n|turn|5\n|\n|t:|1768700257\n|move|p2a: Calyrex|Glacial Lance|p1a: Walking Wake|[spread] p1a,p1b\n|-damage|p1a: Walking Wake|0 fnt\n|-damage|p1b: Raichu|0 fnt\n|faint|p1a: Walking Wake\n|-end|p1a: Walking Wake|Protosynthesis|[silent]\n|faint|p1b: Raichu\n|-ability|p2a: Calyrex|Chilling Neigh|boost\n|-boost|p2a: Calyrex|atk|2\n|move|p2b: Brute Bonnet|Seed Bomb|p1: Walking Wake|[notarget]\n|-fail|p2b: Brute Bonnet\n|\n|-weather|RainDance|[upkeep]\n|-fieldend|move: Trick Room\n|-fieldend|move: Electric Terrain\n|upkeep\n|\n|t:|1768700261\n|switch|p1b: Miraidon|Miraidon, L50|100/100\n|-fieldstart|move: Electric Terrain|[from] ability: Hadron Engine|[of] p1b: Miraidon\n|turn|6\n|\n|t:|1768700284\n|move|p2a: Calyrex|Protect|p2a: Calyrex\n|-singleturn|p2a: Calyrex|Protect\n|move|p2b: Brute Bonnet|Sucker Punch|p1b: Miraidon\n|-damage|p1b: Miraidon|72/100\n|move|p1b: Miraidon|Electro Drift|p2a: Calyrex\n|-activate|p2a: Calyrex|move: Protect\n|\n|-weather|none\n|upkeep\n|turn|7\n|inactive|Coreydfgh has 30 seconds left.\n|\n|t:|1768700310\n|move|p2a: Calyrex|Protect||[still]\n|-fail|p2a: Calyrex\n|move|p2b: Brute Bonnet|Sucker Punch|p1b: Miraidon\n|-damage|p1b: Miraidon|39/100\n|move|p1b: Miraidon|Electro Drift|p2a: Calyrex\n|-damage|p2a: Calyrex|0 fnt\n|faint|p2a: Calyrex\n|\n|upkeep\n|\n|t:|1768700318\n|switch|p2a: Urshifu|Urshifu-Rapid-Strike, L50, F|100/100\n|turn|8\n|-message|trackenjoyer forfeited.\n|\n|win|Coreydfgh\n|raw|trackenjoyer's rating: 1274 &rarr; <strong>1244</strong><br />(-30 for losing)\n|raw|Coreydfgh's rating: 1198 &rarr; <strong>1228</strong><br />(+30 for winning)\n|l|\u2606trackenjoyer\n|player|p1|\n|l|\u2606Coreydfgh\n|player|p2|\n","uploadtime":1768700508,"views":11,"formatid":"gen9vgc2026regi","rating":1228,"private":0,"password":null}