{"id":"gen9vgc2026regi-2560185810","format":"[Gen 9] VGC 2026 Reg I","players":["jonen","sittingcheese"],"log":"|j|\u2606jonen\n|j|\u2606sittingcheese\n|t:|1773663813\n|gametype|doubles\n|player|p1|jonen|medium|1146\n|player|p2|sittingcheese|ethan|1127\n|gen|9\n|tier|[Gen 9] VGC 2026 Reg I\n|rated|\n|rule|Species Clause: Limit one of each Pok\u00e9mon\n|rule|Item Clause: Limit 1 of each item\n|clearpoke\n|poke|p1|Calyrex-Ice, L50|\n|poke|p1|Scraggy, L50, M|\n|poke|p1|Miraidon, L50|\n|poke|p1|Farigiraf, L50, F|\n|poke|p1|Iron Treads, L50|\n|poke|p1|Iron Hands, L50|\n|poke|p2|Ho-Oh, L50|\n|poke|p2|Koraidon, L50|\n|poke|p2|Typhlosion-Hisui, L50, M|\n|poke|p2|Torkoal, L50, M|\n|poke|p2|Lilligant-Hisui, L50, F|\n|poke|p2|Walking Wake, L50|\n|teampreview|4\n|\n|t:|1773663847\n|teamsize|p1|4\n|teamsize|p2|4\n|start\n|switch|p1a: Miraidon|Miraidon, L50|100/100\n|switch|p1b: Iron Hands|Iron Hands, L50|100/100\n|switch|p2a: Koraidon|Koraidon, L50|100/100\n|switch|p2b: Typhlosion|Typhlosion-Hisui, L50, M, shiny|100/100\n|-weather|SunnyDay|[from] ability: Orichalcum Pulse|[of] p2a: Koraidon\n|-activate|p2a: Koraidon|Orichalcum Pulse|[source]\n|-fieldstart|move: Electric Terrain|[from] ability: Hadron Engine|[of] p1a: Miraidon\n|-activate|p1b: Iron Hands|ability: Quark Drive\n|-start|p1b: Iron Hands|quarkdriveatk\n|-item|p1a: Miraidon|Choice Specs|[from] ability: Frisk|[of] p2b: Typhlosion\n|-item|p1b: Iron Hands|Assault Vest|[from] ability: Frisk|[of] p2b: Typhlosion\n|turn|1\n|\n|t:|1773663868\n|move|p2b: Typhlosion|Protect|p2b: Typhlosion\n|-singleturn|p2b: Typhlosion|Protect\n|move|p1b: Iron Hands|Fake Out|p2a: Koraidon\n|-damage|p2a: Koraidon|83/100\n|cant|p2a: Koraidon|flinch\n|move|p1a: Miraidon|Volt Switch|p2b: Typhlosion\n|-activate|p2b: Typhlosion|move: Protect\n|\n|-weather|SunnyDay|[upkeep]\n|upkeep\n|turn|2\n|\n|t:|1773663888\n|switch|p2b: Lilligant|Lilligant-Hisui, L50, F|100/100\n|move|p2a: Koraidon|Flare Blitz|p1a: Miraidon\n|-resisted|p1a: Miraidon\n|-damage|p1a: Miraidon|60/100\n|-damage|p2a: Koraidon|67/100|[from] Recoil\n|move|p1a: Miraidon|Volt Switch|p2b: Lilligant\n|-resisted|p2b: Lilligant\n|-damage|p2b: Lilligant|16/100\n|\n|t:|1773663903\n|switch|p1a: Calyrex|Calyrex-Ice, L50|100/100|[from] Volt Switch\n|-ability|p1a: Calyrex|As One\n|-ability|p1a: Calyrex|Unnerve\n|move|p1b: Iron Hands|Low Kick|p2a: Koraidon\n|-damage|p2a: Koraidon|0 fnt\n|faint|p2a: Koraidon\n|\n|-weather|SunnyDay|[upkeep]\n|upkeep\n|\n|t:|1773663914\n|switch|p2a: Typhlosion|Typhlosion-Hisui, L50, M, shiny|100/100\n|-item|p1a: Calyrex|Clear Amulet|[from] ability: Frisk|[of] p2a: Typhlosion\n|-item|p1b: Iron Hands|Assault Vest|[from] ability: Frisk|[of] p2a: Typhlosion\n|turn|3\n|\n|t:|1773663934\n|-terastallize|p2a: Typhlosion|Fire\n|move|p1a: Calyrex|Protect|p1a: Calyrex\n|-singleturn|p1a: Calyrex|Protect\n|move|p2b: Lilligant|Encore|p1b: Iron Hands\n|-start|p1b: Iron Hands|Encore\n|move|p2a: Typhlosion|Eruption|p1a: Calyrex|[spread] p1b\n|-activate|p1a: Calyrex|move: Protect\n|-damage|p1b: Iron Hands|24/100\n|move|p1b: Iron Hands|Low Kick|p2a: Typhlosion\n|-damage|p2a: Typhlosion|10/100\n|\n|-weather|SunnyDay|[upkeep]\n|upkeep\n|turn|4\n|\n|t:|1773663954\n|-end|p1b: Iron Hands|Quark Drive|[silent]\n|switch|p1b: Miraidon|Miraidon, L50|60/100\n|-activate|p1b: Miraidon|ability: Hadron Engine\n|-terastallize|p1a: Calyrex|Fire\n|move|p2b: Lilligant|Close Combat|p1a: Calyrex\n|-damage|p1a: Calyrex|66/100\n|-unboost|p2b: Lilligant|def|1\n|-unboost|p2b: Lilligant|spd|1\n|move|p2a: Typhlosion|Heat Wave|p1a: Calyrex|[spread] p1a,p1b\n|-resisted|p1a: Calyrex\n|-resisted|p1b: Miraidon\n|-damage|p1a: Calyrex|32/100\n|-damage|p1b: Miraidon|24/100\n|move|p1a: Calyrex|Glacial Lance|p2a: Typhlosion|[spread] p2a,p2b\n|-resisted|p2a: Typhlosion\n|-supereffective|p2b: Lilligant\n|-damage|p2a: Typhlosion|0 fnt\n|-damage|p2b: Lilligant|0 fnt\n|faint|p2a: Typhlosion\n|faint|p2b: Lilligant\n|-ability|p1a: Calyrex|Chilling Neigh|boost\n|-boost|p1a: Calyrex|atk|2\n|\n|-weather|SunnyDay|[upkeep]\n|upkeep\n|\n|t:|1773663978\n|switch|p2b: Ho-Oh|Ho-Oh, L50, shiny|100/100\n|turn|5\n|-message|sittingcheese forfeited.\n|\n|win|jonen\n|raw|jonen's rating: 1146 &rarr; <strong>1170</strong><br />(+24 for winning)\n|raw|sittingcheese's rating: 1127 &rarr; <strong>1103</strong><br />(-24 for losing)\n","uploadtime":1773663987,"views":10,"formatid":"gen9vgc2026regi","rating":1103,"private":0,"password":null}