{"id":"gen9vgc2026regi-2580525352","format":"[Gen 9] VGC 2026 Reg I","players":["blackred123\u6c38\u96cf\u5854\u83f2\u4fa0","TheManOfSausage"],"log":"|j|\u2606blackred123\u6c38\u96cf\u5854\u83f2\u4fa0\n|j|\u2606TheManOfSausage\n|t:|1775908766\n|gametype|doubles\n|player|p1|blackred123\u6c38\u96cf\u5854\u83f2\u4fa0|iono-masters|1528\n|player|p2|TheManOfSausage|miku-water|1634\n|gen|9\n|tier|[Gen 9] VGC 2026 Reg I\n|rated|\n|rule|Species Clause: Limit one of each Pok\u00e9mon\n|rule|Item Clause: Limit 1 of each item\n|clearpoke\n|poke|p1|Calyrex-Shadow, L50|\n|poke|p1|Zamazenta-*, L50|\n|poke|p1|Tornadus, L50, M|\n|poke|p1|Rillaboom, L50, M|\n|poke|p1|Ogerpon-Hearthflame, L50, F|\n|poke|p1|Raging Bolt, L50|\n|poke|p2|Calyrex-Ice, L50|\n|poke|p2|Miraidon, L50|\n|poke|p2|Farigiraf, L50, F|\n|poke|p2|Volcarona, L50, M|\n|poke|p2|Urshifu-*, L50, M|\n|poke|p2|Iron Hands, L50|\n|teampreview|4\n|inactive|Battle timer is ON: inactive players will automatically lose when time's up. (requested by blackred123\u6c38\u96cf\u5854\u83f2\u4fa0)\nTheManOfSausage has agreed to open team sheets.\n|\n|t:|1775908780\n|teamsize|p1|4\n|teamsize|p2|4\n|start\n|switch|p1a: Zamazenta|Zamazenta-Crowned, L50|100/100\n|switch|p1b: Rillaboom|Rillaboom, L50, M|100/100\n|switch|p2a: Magical Mirai|Miraidon, L50|100/100\n|switch|p2b: Farigiraf|Farigiraf, L50, F|100/100\n|-fieldstart|move: Electric Terrain|[from] ability: Hadron Engine|[of] p2a: Magical Mirai\n|-enditem|p2b: Farigiraf|Electric Seed\n|-boost|p2b: Farigiraf|def|1|[from] item: Electric Seed\n|-ability|p1a: Zamazenta|Dauntless Shield|boost\n|-boost|p1a: Zamazenta|def|1\n|-fieldstart|move: Grassy Terrain|[from] ability: Grassy Surge|[of] p1b: Rillaboom\n|turn|1\n|\n|t:|1775908785\n|move|p2a: Magical Mirai|Volt Switch|p1a: Zamazenta\n|-damage|p1a: Zamazenta|74/100\n|\n|t:|1775908788\n|switch|p2a: Volcarona|Volcarona, L50, M, shiny|100/100|[from] Volt Switch\n|move|p1a: Zamazenta|Body Press|p2b: Farigiraf\n|-damage|p2b: Farigiraf|64/100\n|move|p1b: Rillaboom|U-turn|p2b: Farigiraf\n|-supereffective|p2b: Farigiraf\n|-damage|p2b: Farigiraf|41/100\n|\n|t:|1775908797\n|switch|p1b: Raging Bolt|Raging Bolt, L50|100/100|[from] U-turn\n|-enditem|p1b: Raging Bolt|Booster Energy\n|-activate|p1b: Raging Bolt|ability: Protosynthesis|[fromitem]\n|-start|p1b: Raging Bolt|protosynthesisspa\n|move|p2b: Farigiraf|Trick Room|p2b: Farigiraf\n|-fieldstart|move: Trick Room|[of] p2b: Farigiraf\n|\n|-heal|p2b: Farigiraf|47/100|[from] Grassy Terrain\n|-heal|p1a: Zamazenta|80/100|[from] Grassy Terrain\n|upkeep\n|turn|2\n|\n|t:|1775908811\n|-terastallize|p1a: Zamazenta|Water\n|move|p1b: Raging Bolt|Protect|p1b: Raging Bolt\n|-singleturn|p1b: Raging Bolt|Protect\n|move|p2a: Volcarona|Protect|p2a: Volcarona\n|-singleturn|p2a: Volcarona|Protect\n|move|p2b: Farigiraf|Psychic|p1b: Raging Bolt\n|-activate|p1b: Raging Bolt|move: Protect\n|move|p1a: Zamazenta|Body Press|p2b: Farigiraf\n|-damage|p2b: Farigiraf|10/100\n|\n|-heal|p2b: Farigiraf|16/100|[from] Grassy Terrain\n|-heal|p1a: Zamazenta|87/100|[from] Grassy Terrain\n|upkeep\n|turn|3\n|\n|t:|1775908826\n|move|p2b: Farigiraf|Psychic|p1a: Zamazenta\n|-damage|p1a: Zamazenta|64/100\n|move|p1b: Raging Bolt|Thunderbolt|p2a: Volcarona\n|-damage|p2a: Volcarona|37/100\n|move|p2a: Volcarona|Struggle Bug|p1a: Zamazenta|[spread] p1a,p1b\n|-damage|p1a: Zamazenta|48/100\n|-damage|p1b: Raging Bolt|81/100\n|-unboost|p1a: Zamazenta|spa|1\n|-unboost|p1b: Raging Bolt|spa|1\n|move|p1a: Zamazenta|Body Press|p2b: Farigiraf\n|-damage|p2b: Farigiraf|0 fnt\n|faint|p2b: Farigiraf\n|\n|-heal|p1b: Raging Bolt|87/100|[from] Grassy Terrain\n|-heal|p2a: Volcarona|44/100|[from] Grassy Terrain\n|-heal|p1a: Zamazenta|54/100|[from] Grassy Terrain\n|upkeep\n|\n|t:|1775908832\n|switch|p2b: Ogurin|Calyrex-Ice, L50|100/100\n|-ability|p2b: Ogurin|As One\n|-ability|p2b: Ogurin|Unnerve\n|turn|4\n|\n|t:|1775908837\n|switch|p2a: Magical Mirai|Miraidon, L50|100/100\n|-fieldstart|move: Electric Terrain|[from] ability: Hadron Engine|[of] p2a: Magical Mirai\n|move|p1a: Zamazenta|Wide Guard|p1a: Zamazenta\n|-singleturn|p1a: Zamazenta|Wide Guard\n|move|p2b: Ogurin|High Horsepower|p1b: Raging Bolt\n|-supereffective|p1b: Raging Bolt\n|-damage|p1b: Raging Bolt|13/100\n|move|p1b: Raging Bolt|Thunderbolt|p2a: Magical Mirai\n|-resisted|p2a: Magical Mirai\n|-damage|p2a: Magical Mirai|89/100\n|\n|upkeep\n|turn|5\n|\n|t:|1775908850\n|move|p1b: Raging Bolt|Thunderclap|p2b: Ogurin\n|-damage|p2b: Ogurin|70/100\n|move|p2b: Ogurin|High Horsepower|p1b: Raging Bolt\n|-supereffective|p1b: Raging Bolt\n|-damage|p1b: Raging Bolt|0 fnt\n|faint|p1b: Raging Bolt\n|-end|p1b: Raging Bolt|Protosynthesis|[silent]\n|-ability|p2b: Ogurin|Chilling Neigh|boost\n|-boost|p2b: Ogurin|atk|1\n|move|p1a: Zamazenta|Body Press|p2a: Magical Mirai\n|-damage|p2a: Magical Mirai|23/100\n|move|p2a: Magical Mirai|Volt Switch|p1a: Zamazenta\n|-supereffective|p1a: Zamazenta\n|-damage|p1a: Zamazenta|0 fnt\n|faint|p1a: Zamazenta\n|\n|t:|1775908854\n|switch|p2a: Volcarona|Volcarona, L50, M, shiny|44/100|[from] Volt Switch\n|\n|-fieldend|move: Trick Room\n|upkeep\n|\n|t:|1775908865\n|switch|p1a: Calyrex|Calyrex-Shadow, L50|100/100\n|switch|p1b: Rillaboom|Rillaboom, L50, M|100/100\n|-ability|p1a: Calyrex|As One\n|-ability|p1a: Calyrex|Unnerve\n|-fieldstart|move: Grassy Terrain|[from] ability: Grassy Surge|[of] p1b: Rillaboom\n|turn|6\n|\n|t:|1775908874\n|move|p2b: Ogurin|Protect|p2b: Ogurin\n|-singleturn|p2b: Ogurin|Protect\n|move|p1b: Rillaboom|Fake Out|p2b: Ogurin\n|-activate|p2b: Ogurin|move: Protect\n|move|p1a: Calyrex|Astral Barrage|p2a: Volcarona|[spread] p2a\n|-activate|p2b: Ogurin|move: Protect\n|-damage|p2a: Volcarona|0 fnt\n|faint|p2a: Volcarona\n|-ability|p1a: Calyrex|Grim Neigh|boost\n|-boost|p1a: Calyrex|spa|1\n|\n|-heal|p2b: Ogurin|75/100|[from] Grassy Terrain\n|upkeep\n|\n|t:|1775908876\n|switch|p2a: Magical Mirai|Miraidon, L50|23/100\n|-fieldstart|move: Electric Terrain|[from] ability: Hadron Engine|[of] p2a: Magical Mirai\n|turn|7\n|\n|t:|1775908898\n|-terastallize|p2b: Ogurin|Water\n|move|p2a: Magical Mirai|Snarl|p1b: Rillaboom|[spread] p1a,p1b\n|-supereffective|p1a: Calyrex\n|-damage|p1a: Calyrex|9/100\n|-damage|p1b: Rillaboom|86/100\n|-unboost|p1a: Calyrex|spa|1\n|-unboost|p1b: Rillaboom|spa|1\n|move|p1a: Calyrex|Astral Barrage|p2b: Ogurin|[spread] p2a,p2b\n|-damage|p2a: Magical Mirai|0 fnt\n|-damage|p2b: Ogurin|39/100\n|faint|p2a: Magical Mirai\n|-ability|p1a: Calyrex|Grim Neigh|boost\n|-boost|p1a: Calyrex|spa|1\n|move|p1b: Rillaboom|Wood Hammer|p2b: Ogurin\n|-supereffective|p2b: Ogurin\n|-damage|p2b: Ogurin|0 fnt\n|faint|p2b: Ogurin\n|-damage|p1b: Rillaboom|74/100|[from] Recoil\n|\n|win|blackred123\u6c38\u96cf\u5854\u83f2\u4fa0\n|raw|blackred123\u6c38\u96cf\u5854\u83f2\u4fa0's rating: 1528 &rarr; <strong>1554</strong><br />(+26 for winning)\n|raw|TheManOfSausage's rating: 1634 &rarr; <strong>1608</strong><br />(-26 for losing)\n|c|\u2606TheManOfSausage|gg\n","uploadtime":1775908930,"views":15,"formatid":"gen9vgc2026regi","rating":1554,"private":0,"password":null}