{"id":"gen9vgc2026regi-2518360476","format":"[Gen 9] VGC 2026 Reg I","players":["lior97h","It'sJustKen VGC"],"log":"|j|\u2606lior97h\n|j|\u2606It'sJustKen VGC\n|t:|1768376826\n|gametype|doubles\n|player|p1|lior97h|lucas|1222\n|player|p2|It'sJustKen VGC|102|1182\n|gen|9\n|tier|[Gen 9] VGC 2026 Reg I\n|rated|\n|rule|Species Clause: Limit one of each Pok\u00e9mon\n|rule|Item Clause: Limit 1 of each item\n|clearpoke\n|poke|p1|Zamazenta-*, L50|\n|poke|p1|Oranguru, L50, M|\n|poke|p1|Gengar, L50, M|\n|poke|p1|Whimsicott, L50, F|\n|poke|p1|Calyrex-Shadow, L50|\n|poke|p1|Sableye, L50, F|\n|poke|p2|Urshifu-*, L50, F|\n|poke|p2|Incineroar, L50, M|\n|poke|p2|Calyrex-Shadow, L50|\n|poke|p2|Amoonguss, L50, M|\n|poke|p2|Tornadus, L50, M|\n|poke|p2|Chien-Pao, L50|\n|teampreview|4\n|inactive|Battle timer is ON: inactive players will automatically lose when time's up. (requested by lior97h)\n|\n|t:|1768376854\n|teamsize|p1|4\n|teamsize|p2|4\n|start\n|switch|p1a: Sableye|Sableye, L50, F|100/100\n|switch|p1b: Gengar|Gengar, L50, M|100/100\n|switch|p2a: Calyrex|Calyrex-Shadow, L50|100/100\n|switch|p2b: Incineroar|Incineroar, L50, M|100/100\n|-ability|p2a: Calyrex|As One\n|-ability|p2a: Calyrex|Unnerve\n|-ability|p2b: Incineroar|Intimidate|boost\n|-unboost|p1a: Sableye|atk|1\n|-unboost|p1b: Gengar|atk|1\n|turn|1\n|\n|t:|1768376870\n|move|p2a: Calyrex|Protect|p2a: Calyrex\n|-singleturn|p2a: Calyrex|Protect\n|move|p1a: Sableye|Skill Swap|p1b: Gengar\n|-activate|p1a: Sableye|move: Skill Swap|||[of] p1b: Gengar\n|move|p1b: Gengar|Destiny Bond|p1b: Gengar\n|-singlemove|p1b: Gengar|Destiny Bond\n|move|p2b: Incineroar|U-turn|p1b: Gengar\n|-resisted|p1b: Gengar\n|-damage|p1b: Gengar|94/100\n|\n|t:|1768376876\n|switch|p2b: Amoonguss|Amoonguss, L50, M|100/100|[from] U-turn\n|\n|upkeep\n|turn|2\n|inactive|lior97h has 30 seconds left.\n|inactive|lior97h has 20 seconds left.\n|\n|t:|1768376915\n|switch|p2a: Incineroar|Incineroar, L50, M|100/100\n|-ability|p2a: Incineroar|Intimidate|boost\n|-unboost|p1a: Sableye|atk|1\n|-unboost|p1b: Gengar|atk|1\n|-terastallize|p1b: Gengar|Grass\n|move|p1b: Gengar|Sludge Bomb|p2a: Incineroar\n|-damage|p2a: Incineroar|73/100\n|move|p1a: Sableye|Disable||[still]\n|-fail|p1a: Sableye\n|move|p2b: Amoonguss|Spore|p1a: Sableye\n|-status|p1a: Sableye|slp|[from] move: Spore\n|\n|upkeep\n|turn|3\n|\n|t:|1768376935\n|switch|p1a: Whimsicott|Whimsicott, L50, F|100/100\n|move|p1b: Gengar|Protect|p1b: Gengar\n|-singleturn|p1b: Gengar|Protect\n|move|p2a: Incineroar|U-turn|p1a: Whimsicott\n|-damage|p1a: Whimsicott|66/100\n|\n|t:|1768376944\n|switch|p2a: Calyrex|Calyrex-Shadow, L50|100/100|[from] U-turn\n|-ability|p2a: Calyrex|As One\n|-ability|p2a: Calyrex|Unnerve\n|move|p2b: Amoonguss|Sludge Bomb|p1a: Whimsicott\n|-supereffective|p1a: Whimsicott\n|-damage|p1a: Whimsicott|0 fnt\n|faint|p1a: Whimsicott\n|\n|upkeep\n|\n|t:|1768376956\n|switch|p1a: Sableye|Sableye, L50, F|100/100 slp\n|turn|4\n|\n|t:|1768376966\n|-terastallize|p2a: Calyrex|Ghost\n|cant|p1a: Sableye|slp\n|move|p1b: Gengar|Destiny Bond|p1b: Gengar\n|-singlemove|p1b: Gengar|Destiny Bond\n|move|p2a: Calyrex|Astral Barrage|p1b: Gengar|[spread] p1a,p1b\n|-damage|p1a: Sableye|0 fnt\n|-damage|p1b: Gengar|0 fnt\n|faint|p1a: Sableye\n|faint|p1b: Gengar\n|-activate|p1b: Gengar|move: Destiny Bond\n|faint|p2a: Calyrex\n|move|p2b: Amoonguss|Spore|p1: Sableye|[notarget]\n|-fail|p2b: Amoonguss\n|\n|upkeep\n|\n|t:|1768376984\n|switch|p2a: Incineroar|Incineroar, L50, M|73/100\n|switch|p1b: Zamazenta|Zamazenta-Crowned, L50|100/100\n|-ability|p1b: Zamazenta|Dauntless Shield|boost\n|-boost|p1b: Zamazenta|def|1\n|-ability|p2a: Incineroar|Intimidate|boost\n|-unboost|p1b: Zamazenta|atk|1\n|turn|5\n|\n|t:|1768376993\n|move|p1b: Zamazenta|Protect|p1b: Zamazenta\n|-singleturn|p1b: Zamazenta|Protect\n|move|p2a: Incineroar|Fake Out|p1b: Zamazenta\n|-activate|p1b: Zamazenta|move: Protect\n|move|p2b: Amoonguss|Spore|p1b: Zamazenta\n|-activate|p1b: Zamazenta|move: Protect\n|\n|upkeep\n|turn|6\n|\n|t:|1768377009\n|move|p1b: Zamazenta|Iron Defense|p1b: Zamazenta\n|-boost|p1b: Zamazenta|def|2\n|move|p2a: Incineroar|Flare Blitz|p1b: Zamazenta\n|-supereffective|p1b: Zamazenta\n|-damage|p1b: Zamazenta|73/100\n|-damage|p2a: Incineroar|64/100|[from] Recoil\n|move|p2b: Amoonguss|Spore|p1b: Zamazenta\n|-status|p1b: Zamazenta|slp|[from] move: Spore\n|\n|upkeep\n|turn|7\n|\n|t:|1768377020\n|switch|p2b: Urshifu|Urshifu-Rapid-Strike, L50, F|100/100\n|cant|p1b: Zamazenta|slp\n|move|p2a: Incineroar|Flare Blitz|p1b: Zamazenta\n|-supereffective|p1b: Zamazenta\n|-damage|p1b: Zamazenta|43/100 slp\n|-damage|p2a: Incineroar|54/100|[from] Recoil\n|\n|upkeep\n|turn|8\n|\n|t:|1768377036\n|move|p2b: Urshifu|Surging Strikes|p1b: Zamazenta\n|-crit|p1b: Zamazenta\n|-damage|p1b: Zamazenta|30/100 slp\n|-crit|p1b: Zamazenta\n|-damage|p1b: Zamazenta|18/100 slp\n|-crit|p1b: Zamazenta\n|-damage|p1b: Zamazenta|5/100 slp\n|-hitcount|p1b: Zamazenta|3\n|-curestatus|p1b: Zamazenta|slp|[msg]\n|move|p1b: Zamazenta|Body Press|p2b: Urshifu\n|-damage|p2b: Urshifu|0 fnt\n|faint|p2b: Urshifu\n|move|p2a: Incineroar|Flare Blitz|p1b: Zamazenta\n|-supereffective|p1b: Zamazenta\n|-damage|p1b: Zamazenta|0 fnt\n|faint|p1b: Zamazenta\n|-damage|p2a: Incineroar|53/100|[from] Recoil\n|\n|win|It'sJustKen VGC\n|raw|lior97h's rating: 1222 &rarr; <strong>1194</strong><br />(-28 for losing)\n|raw|It&apos;sJustKen VGC's rating: 1182 &rarr; <strong>1210</strong><br />(+28 for winning)\n|l|\u2606It'sJustKen VGC\n|player|p2|\n|l|\u2606lior97h\n|player|p1|\n","uploadtime":1768377039,"views":18,"formatid":"gen9vgc2026regi","rating":1194,"private":0,"password":null}