{"id":"gen9vgc2026regi-2567666011","format":"[Gen 9] VGC 2026 Reg I","players":["wu2007","clefci"],"log":"|j|\u2606wu2007\n|j|\u2606clefci\n|t:|1774500587\n|gametype|doubles\n|player|p1|wu2007|rosa|1381\n|player|p2|clefci|102|1343\n|gen|9\n|tier|[Gen 9] VGC 2026 Reg I\n|rated|\n|rule|Species Clause: Limit one of each Pok\u00e9mon\n|rule|Item Clause: Limit 1 of each item\n|clearpoke\n|poke|p1|Kyogre, L50|\n|poke|p1|Calyrex-Ice, L50|\n|poke|p1|Amoonguss, L50, M|\n|poke|p1|Landorus, L50, M|\n|poke|p1|Flutter Mane, L50|\n|poke|p1|Urshifu-*, L50, M|\n|poke|p2|Groudon, L50|\n|poke|p2|Lunala, L50|\n|poke|p2|Smeargle, L50, F|\n|poke|p2|Tornadus, L50, M|\n|poke|p2|Flutter Mane, L50|\n|poke|p2|Gouging Fire, L50|\n|teampreview|4\n|inactive|Battle timer is ON: inactive players will automatically lose when time's up. (requested by clefci)\n|inactive|clefci has 60 seconds left.\n|\n|t:|1774500636\n|teamsize|p1|4\n|teamsize|p2|4\n|start\n|switch|p1a: Urshifu|Urshifu-Rapid-Strike, L50, M|100/100\n|switch|p1b: Calyrex|Calyrex-Ice, L50|100/100\n|switch|p2a: Lunala|Lunala, L50|100/100\n|switch|p2b: Smeargle|Smeargle, L50, F|100/100\n|-ability|p1b: Calyrex|As One\n|-ability|p1b: Calyrex|Unnerve\n|turn|1\n|inactive|wu2007 has 30 seconds left.\n|\n|t:|1774500663\n|switch|p2a: Groudon|Groudon, L50|100/100\n|-weather|SunnyDay|[from] ability: Drought|[of] p2a: Groudon\n|-terastallize|p1b: Calyrex|Grass\n|move|p1a: Urshifu|Surging Strikes|p2a: Groudon\n|-supereffective|p2a: Groudon\n|-crit|p2a: Groudon\n|-damage|p2a: Groudon|88/100\n|-supereffective|p2a: Groudon\n|-crit|p2a: Groudon\n|-damage|p2a: Groudon|75/100\n|-supereffective|p2a: Groudon\n|-crit|p2a: Groudon\n|-damage|p2a: Groudon|64/100\n|-hitcount|p2a: Groudon|3\n|move|p2b: Smeargle|Spore|p1b: Calyrex\n|-immune|p1b: Calyrex\n|move|p1b: Calyrex|Glacial Lance|p2a: Groudon|[spread] p2a,p2b\n|-supereffective|p2a: Groudon\n|-damage|p2a: Groudon|0 fnt\n|-enditem|p2b: Smeargle|Focus Sash\n|-damage|p2b: Smeargle|1/100\n|faint|p2a: Groudon\n|-ability|p1b: Calyrex|Chilling Neigh|boost\n|-boost|p1b: Calyrex|atk|1\n|\n|-weather|SunnyDay|[upkeep]\n|-ability|p2b: Smeargle|Moody|boost\n|-boost|p2b: Smeargle|atk|2\n|-unboost|p2b: Smeargle|spd|1\n|upkeep\n|\n|t:|1774500675\n|switch|p2a: Lunala|Lunala, L50|100/100\n|turn|2\n|\n|t:|1774500694\n|-terastallize|p2a: Lunala|Fairy\n|move|p1a: Urshifu|Surging Strikes|p2b: Smeargle\n|-crit|p2b: Smeargle\n|-damage|p2b: Smeargle|0 fnt\n|faint|p2b: Smeargle\n|-hitcount|p2: Smeargle|1\n|move|p2a: Lunala|Dazzling Gleam|p1b: Calyrex|[spread] p1a,p1b\n|-supereffective|p1a: Urshifu\n|-damage|p1a: Urshifu|0 fnt\n|-damage|p1b: Calyrex|62/100\n|faint|p1a: Urshifu\n|move|p1b: Calyrex|Imprison|p1b: Calyrex\n|-start|p1b: Calyrex|move: Imprison\n|\n|-weather|SunnyDay|[upkeep]\n|upkeep\n|\n|t:|1774500707\n|switch|p1a: Amoonguss|Amoonguss, L50, M|100/100\n|switch|p2b: Gouging Fire|Gouging Fire, L50|100/100\n|-activate|p2b: Gouging Fire|ability: Protosynthesis\n|-start|p2b: Gouging Fire|protosynthesisspe\n|turn|3\n|\n|t:|1774500726\n|move|p1a: Amoonguss|Rage Powder|p1a: Amoonguss\n|-singleturn|p1a: Amoonguss|move: Rage Powder\n|move|p2b: Gouging Fire|Flare Blitz|p1a: Amoonguss\n|-supereffective|p1a: Amoonguss\n|-crit|p1a: Amoonguss\n|-damage|p1a: Amoonguss|0 fnt\n|-damage|p2b: Gouging Fire|84/100|[from] item: Rocky Helmet|[of] p1a: Amoonguss\n|faint|p1a: Amoonguss\n|-damage|p2b: Gouging Fire|46/100|[from] Recoil\n|move|p2a: Lunala|Dazzling Gleam|p1b: Calyrex\n|-damage|p1b: Calyrex|9/100\n|move|p1b: Calyrex|Trick Room|p1b: Calyrex\n|-fieldstart|move: Trick Room|[of] p1b: Calyrex\n|\n|-weather|SunnyDay|[upkeep]\n|upkeep\n|\n|t:|1774500737\n|switch|p1a: Kyogre|Kyogre, L50|100/100\n|-weather|RainDance|[from] ability: Drizzle|[of] p1a: Kyogre\n|-end|p2b: Gouging Fire|Protosynthesis\n|turn|4\n|\n|t:|1774500753\n|move|p2b: Gouging Fire|Protect|p2b: Gouging Fire\n|-singleturn|p2b: Gouging Fire|Protect\n|move|p1a: Kyogre|Thunder|p2b: Gouging Fire\n|-activate|p2b: Gouging Fire|move: Protect\n|move|p1b: Calyrex|Glacial Lance|p2b: Gouging Fire|[spread] p2a\n|-activate|p2b: Gouging Fire|move: Protect\n|-damage|p2a: Lunala|62/100\n|move|p2a: Lunala|Dazzling Gleam|p1b: Calyrex|[spread] p1a,p1b\n|-damage|p1a: Kyogre|69/100\n|-damage|p1b: Calyrex|0 fnt\n|faint|p1b: Calyrex\n|\n|-weather|RainDance|[upkeep]\n|upkeep\n|turn|5\n|\n|t:|1774500768\n|move|p1a: Kyogre|Water Spout|p2a: Lunala|[spread] p2a,p2b\n|-damage|p2a: Lunala|15/100\n|-damage|p2b: Gouging Fire|0 fnt\n|faint|p2b: Gouging Fire\n|-end|p2b: Gouging Fire|Protosynthesis|[silent]\n|move|p2a: Lunala|Dazzling Gleam|p1a: Kyogre\n|-crit|p1a: Kyogre\n|-damage|p1a: Kyogre|2/100\n|\n|-weather|RainDance|[upkeep]\n|upkeep\n|turn|6\n|\n|t:|1774500777\n|move|p1a: Kyogre|Thunder|p2a: Lunala\n|-damage|p2a: Lunala|0 fnt\n|faint|p2a: Lunala\n|\n|win|wu2007\n|raw|wu2007's rating: 1381 &rarr; <strong>1399</strong><br />(+18 for winning)\n|raw|clefci's rating: 1343 &rarr; <strong>1325</strong><br />(-18 for losing)\n|l|\u2606clefci\n|player|p2|\n|l|\u2606wu2007\n|player|p1|\n","uploadtime":1774500975,"views":11,"formatid":"gen9vgc2026regi","rating":1325,"private":0,"password":null}