{"id":"gen9vgc2026regi-2519368568","format":"[Gen 9] VGC 2026 Reg I","players":["jammmes","1zha"],"log":"|j|\u2606jammmes\n|j|\u26061zha\n|t:|1768499789\n|gametype|doubles\n|player|p1|jammmes|101|1285\n|player|p2|1zha|battlegirl-gen4|1282\n|gen|9\n|tier|[Gen 9] VGC 2026 Reg I\n|rated|\n|rule|Species Clause: Limit one of each Pok\u00e9mon\n|rule|Item Clause: Limit 1 of each item\n|clearpoke\n|poke|p1|Calyrex-Ice, L50|\n|poke|p1|Miraidon, L50|\n|poke|p1|Incineroar, L50, M|\n|poke|p1|Grimmsnarl, L50, M|\n|poke|p1|Ditto, L50|\n|poke|p1|Annihilape, L50, F|\n|poke|p2|Calyrex-Shadow, L50|\n|poke|p2|Zamazenta-*, L50|\n|poke|p2|Whimsicott, L50, M|\n|poke|p2|Maushold-Four, L50|\n|poke|p2|Chi-Yu, L50|\n|poke|p2|Amoonguss, L50, M|\n|teampreview|4\n|j| Rxu\n|\n|t:|1768499825\n|teamsize|p1|4\n|teamsize|p2|4\n|start\n|switch|p1a: Grimmsnarl|Grimmsnarl, L50, M|100/100\n|switch|p1b: Miraidon|Miraidon, L50|100/100\n|switch|p2a: Whimsicott|Whimsicott, L50, M|100/100\n|switch|p2b: Chi-Yu|Chi-Yu, L50|100/100\n|-fieldstart|move: Electric Terrain|[from] ability: Hadron Engine|[of] p1b: Miraidon\n|-ability|p2b: Chi-Yu|Beads of Ruin\n|turn|1\n|\n|t:|1768499847\n|-terastallize|p2b: Chi-Yu|Ground\n|move|p2a: Whimsicott|Tailwind|p2a: Whimsicott\n|-sidestart|p2: 1zha|move: Tailwind\n|move|p1a: Grimmsnarl|Light Screen|p1a: Grimmsnarl\n|-sidestart|p1: jammmes|move: Light Screen\n|move|p2b: Chi-Yu|Tera Blast|p1b: Miraidon|[anim] Tera Blast Ground\n|-supereffective|p1b: Miraidon\n|-damage|p1b: Miraidon|27/100\n|move|p1b: Miraidon|Electro Drift|p2a: Whimsicott\n|-resisted|p2a: Whimsicott\n|-enditem|p2a: Whimsicott|Focus Sash\n|-damage|p2a: Whimsicott|1/100\n|\n|upkeep\n|turn|2\n|\n|t:|1768499871\n|move|p2a: Whimsicott|Endeavor|p1a: Grimmsnarl\n|-damage|p1a: Grimmsnarl|1/100\n|move|p2b: Chi-Yu|Tera Blast|p1b: Miraidon|[anim] Tera Blast Ground\n|-supereffective|p1b: Miraidon\n|-damage|p1b: Miraidon|0 fnt\n|faint|p1b: Miraidon\n|move|p1a: Grimmsnarl|Spirit Break|p2a: Whimsicott\n|-crit|p2a: Whimsicott\n|-damage|p2a: Whimsicott|0 fnt\n|faint|p2a: Whimsicott\n|\n|upkeep\n|\n|t:|1768499884\n|switch|p2a: Calyrex|Calyrex-Shadow, L50|100/100\n|switch|p1b: Calyrex|Calyrex-Ice, L50|100/100\n|-ability|p2a: Calyrex|As One\n|-ability|p2a: Calyrex|Unnerve\n|-ability|p1b: Calyrex|As One\n|-ability|p1b: Calyrex|Unnerve\n|turn|3\n|\n|t:|1768499904\n|switch|p2b: Zamazenta|Zamazenta-Crowned, L50|100/100\n|-ability|p2b: Zamazenta|Dauntless Shield|boost\n|-boost|p2b: Zamazenta|def|1\n|switch|p1a: Ditto|Ditto, L50|100/100\n|-transform|p1a: Ditto|p2b: Zamazenta|[from] ability: Imposter\n|-ability|p1a: Ditto|Dauntless Shield|boost\n|-boost|p1a: Ditto|def|1\n|-terastallize|p1b: Calyrex|Fire\n|move|p2a: Calyrex|Astral Barrage|p1b: Calyrex|[spread] p1a,p1b\n|-damage|p1a: Ditto|55/100\n|-damage|p1b: Calyrex|74/100\n|-damage|p2a: Calyrex|91/100|[from] item: Life Orb\n|move|p1b: Calyrex|Trick Room|p1b: Calyrex\n|-fieldstart|move: Trick Room|[of] p1b: Calyrex\n|\n|-heal|p1b: Calyrex|80/100|[from] item: Leftovers\n|upkeep\n|turn|4\n|inactive|Battle timer is ON: inactive players will automatically lose when time's up. (requested by 1zha)\n|\n|t:|1768499950\n|move|p2a: Calyrex|Protect|p2a: Calyrex\n|-singleturn|p2a: Calyrex|Protect\n|move|p1b: Calyrex|Leech Seed|p2b: Zamazenta\n|-start|p2b: Zamazenta|move: Leech Seed\n|move|p1a: Ditto|Imprison|p1a: Ditto\n|-start|p1a: Ditto|move: Imprison\n|cant|p2b: Zamazenta|move: Imprison|Imprison\n|\n|-heal|p1b: Calyrex|86/100|[from] item: Leftovers\n|-damage|p2b: Zamazenta|88/100|[from] Leech Seed|[of] p1b: Calyrex\n|-heal|p1b: Calyrex|97/100|[silent]\n|-sideend|p2: 1zha|move: Tailwind\n|upkeep\n|turn|5\n|l|\u26061zha\n|inactive|1zha disconnected and has a minute to reconnect!\n|player|p2|\n|j|\u26061zha\n|inactive|1zha reconnected and has 45 seconds left.\n|player|p2|1zha|battlegirl-gen4|\n|-message|1zha forfeited.\n|\n|win|jammmes\n|raw|jammmes's rating: 1285 &rarr; <strong>1310</strong><br />(+25 for winning)\n|raw|1zha's rating: 1282 &rarr; <strong>1257</strong><br />(-25 for losing)\n|l|\u26061zha\n|player|p2|\n|l|\u2606jammmes\n|player|p1|\n|l| Rxu\n","uploadtime":1768500161,"views":13,"formatid":"gen9vgc2026regi","rating":1257,"private":0,"password":null}