{"id":"gen9vgc2026regi-2556671524","format":"[Gen 9] VGC 2026 Reg I","players":["SaltyCore69","yubanmeiqin"],"log":"|j|\u2606SaltyCore69\n|j|\u2606yubanmeiqin\n|t:|1773238671\n|gametype|doubles\n|player|p1|SaltyCore69|veteran|1313\n|player|p2|yubanmeiqin|iono-masters|1419\n|gen|9\n|tier|[Gen 9] VGC 2026 Reg I\n|rated|\n|rule|Species Clause: Limit one of each Pok\u00e9mon\n|rule|Item Clause: Limit 1 of each item\n|clearpoke\n|poke|p1|Calyrex-Ice, L50|\n|poke|p1|Farigiraf, L50, F|\n|poke|p1|Iron Jugulis, L50|\n|poke|p1|Miraidon, L50|\n|poke|p1|Iron Bundle, L50|\n|poke|p1|Oranguru, L50, F|\n|poke|p2|Kyogre, L50|\n|poke|p2|Zamazenta-*, L50|\n|poke|p2|Dragonite, L50, F|\n|poke|p2|Rillaboom, L50, M|\n|poke|p2|Amoonguss, L50, F|\n|poke|p2|Chien-Pao, L50|\n|teampreview|4\n|inactive|Battle timer is ON: inactive players will automatically lose when time's up. (requested by SaltyCore69)\n|inactive|SaltyCore69 has 60 seconds left.\n|inactive|yubanmeiqin has 60 seconds left.\n|\n|t:|1773238725\n|teamsize|p1|4\n|teamsize|p2|4\n|start\n|switch|p1a: Farigiraf|Farigiraf, L50, F|100/100\n|switch|p1b: Iron Bundle|Iron Bundle, L50|100/100\n|switch|p2a: Zamazenta|Zamazenta-Crowned, L50, shiny|100/100\n|switch|p2b: Chien-Pao|Chien-Pao, L50|100/100\n|-ability|p2b: Chien-Pao|Sword of Ruin\n|-ability|p2a: Zamazenta|Dauntless Shield|boost\n|-boost|p2a: Zamazenta|def|1\n|turn|1\n|\n|t:|1773238739\n|move|p1b: Iron Bundle|Icy Wind|p2b: Chien-Pao|[spread] p2a,p2b\n|-resisted|p2a: Zamazenta\n|-resisted|p2b: Chien-Pao\n|-damage|p2a: Zamazenta|94/100\n|-damage|p2b: Chien-Pao|84/100\n|-unboost|p2a: Zamazenta|spe|1\n|-unboost|p2b: Chien-Pao|spe|1\n|move|p2b: Chien-Pao|Taunt|p1a: Farigiraf\n|-start|p1a: Farigiraf|move: Taunt\n|move|p2a: Zamazenta|Body Press|p1b: Iron Bundle\n|-supereffective|p1b: Iron Bundle\n|-enditem|p1b: Iron Bundle|Focus Sash\n|-damage|p1b: Iron Bundle|1/100\n|cant|p1a: Farigiraf|move: Taunt|Trick Room\n|\n|upkeep\n|turn|2\n|\n|t:|1773238757\n|switch|p2b: Amoonguss|Amoonguss, L50, F|100/100\n|switch|p1a: Miraidon|Miraidon, L50|100/100\n|-fieldstart|move: Electric Terrain|[from] ability: Hadron Engine|[of] p1a: Miraidon\n|-activate|p1b: Iron Bundle|ability: Quark Drive\n|-start|p1b: Iron Bundle|quarkdrivespe\n|move|p1b: Iron Bundle|Taunt|p2b: Amoonguss\n|-start|p2b: Amoonguss|move: Taunt\n|move|p2a: Zamazenta|Heavy Slam|p1b: Iron Bundle\n|-damage|p1b: Iron Bundle|0 fnt\n|faint|p1b: Iron Bundle\n|-end|p1b: Iron Bundle|Quark Drive|[silent]\n|\n|upkeep\n|\n|t:|1773238772\n|switch|p1b: Farigiraf|Farigiraf, L50, F|100/100\n|-enditem|p1b: Farigiraf|Electric Seed\n|-boost|p1b: Farigiraf|def|1|[from] item: Electric Seed\n|turn|3\n|\n|t:|1773238789\n|switch|p2b: Rillaboom|Rillaboom, L50, M|100/100\n|-fieldstart|move: Grassy Terrain|[from] ability: Grassy Surge|[of] p2b: Rillaboom\n|-terastallize|p2a: Zamazenta|Grass\n|move|p1a: Miraidon|Volt Switch|p2a: Zamazenta\n|-resisted|p2a: Zamazenta\n|-damage|p2a: Zamazenta|74/100\n|\n|t:|1773238797\n|switch|p1a: Calyrex|Calyrex-Ice, L50|100/100|[from] Volt Switch\n|-ability|p1a: Calyrex|As One\n|-ability|p1a: Calyrex|Unnerve\n|move|p2a: Zamazenta|Body Press|p1b: Farigiraf\n|-damage|p1b: Farigiraf|61/100\n|move|p1b: Farigiraf|Trick Room|p1b: Farigiraf\n|-fieldstart|move: Trick Room|[of] p1b: Farigiraf\n|\n|-heal|p1b: Farigiraf|68/100|[from] Grassy Terrain\n|-heal|p2a: Zamazenta|80/100|[from] Grassy Terrain\n|upkeep\n|turn|4\n|inactive|SaltyCore69 has 30 seconds left.\n|\n|t:|1773238824\n|-terastallize|p1a: Calyrex|Fire\n|move|p2a: Zamazenta|Wide Guard|p2a: Zamazenta\n|-singleturn|p2a: Zamazenta|Wide Guard\n|move|p1a: Calyrex|Swords Dance|p1a: Calyrex\n|-boost|p1a: Calyrex|atk|2\n|move|p1b: Farigiraf|Psychic|p2a: Zamazenta\n|-damage|p2a: Zamazenta|59/100\n|move|p2b: Rillaboom|Wood Hammer|p1b: Farigiraf\n|-damage|p1b: Farigiraf|24/100\n|-damage|p2b: Rillaboom|85/100|[from] Recoil\n|\n|-heal|p1b: Farigiraf|31/100|[from] Grassy Terrain\n|-heal|p2b: Rillaboom|91/100|[from] Grassy Terrain\n|-heal|p2a: Zamazenta|65/100|[from] Grassy Terrain\n|upkeep\n|turn|5\n|\n|t:|1773238846\n|move|p2a: Zamazenta|Wide Guard|p2a: Zamazenta\n|-singleturn|p2a: Zamazenta|Wide Guard\n|move|p1a: Calyrex|Swords Dance|p1a: Calyrex\n|-boost|p1a: Calyrex|atk|2\n|move|p1b: Farigiraf|Psychic|p2a: Zamazenta\n|-damage|p2a: Zamazenta|41/100\n|move|p2b: Rillaboom|U-turn|p1b: Farigiraf\n|-supereffective|p1b: Farigiraf\n|-damage|p1b: Farigiraf|7/100\n|\n|t:|1773238858\n|switch|p2b: Amoonguss|Amoonguss, L50, F|100/100|[from] U-turn\n|\n|-heal|p1b: Farigiraf|13/100|[from] Grassy Terrain\n|-heal|p2a: Zamazenta|48/100|[from] Grassy Terrain\n|upkeep\n|turn|6\n|j| Forever1507\n|\n|t:|1773238875\n|switch|p1b: Miraidon|Miraidon, L50|100/100\n|-fieldstart|move: Electric Terrain|[from] ability: Hadron Engine|[of] p1b: Miraidon\n|switch|p2a: Rillaboom|Rillaboom, L50, M|91/100\n|-fieldstart|move: Grassy Terrain|[from] ability: Grassy Surge|[of] p2a: Rillaboom\n|move|p2b: Amoonguss|Spore|p1a: Calyrex\n|-status|p1a: Calyrex|slp|[from] move: Spore\n|cant|p1a: Calyrex|slp\n|\n|-heal|p2a: Rillaboom|97/100|[from] Grassy Terrain\n|upkeep\n|turn|7\n|\n|t:|1773238891\n|switch|p1b: Farigiraf|Farigiraf, L50, F|13/100\n|move|p2a: Rillaboom|Fake Out||[still]\n|cant|p1b: Farigiraf|ability: Armor Tail|Fake Out|[of] p2a: Rillaboom\n|move|p2b: Amoonguss|Spore|p1b: Farigiraf\n|-status|p1b: Farigiraf|slp|[from] move: Spore\n|-curestatus|p1a: Calyrex|slp|[msg]\n|move|p1a: Calyrex|Glacial Lance|p2a: Rillaboom|[spread] p2a,p2b\n|-supereffective|p2a: Rillaboom\n|-supereffective|p2b: Amoonguss\n|-damage|p2a: Rillaboom|0 fnt\n|-damage|p2b: Amoonguss|0 fnt\n|faint|p2a: Rillaboom\n|faint|p2b: Amoonguss\n|-ability|p1a: Calyrex|Chilling Neigh|boost\n|-boost|p1a: Calyrex|atk|2\n|\n|-heal|p1b: Farigiraf|19/100 slp|[from] Grassy Terrain\n|-fieldend|move: Trick Room\n|upkeep\n|\n|t:|1773238898\n|switch|p2a: Zamazenta|Zamazenta-Crowned, L50, shiny, tera:Grass|48/100\n|switch|p2b: Chien-Pao|Chien-Pao, L50|84/100\n|-ability|p2b: Chien-Pao|Sword of Ruin\n|turn|8\n|-message|yubanmeiqin forfeited.\n|\n|win|SaltyCore69\n|raw|SaltyCore69's rating: 1313 &rarr; <strong>1339</strong><br />(+26 for winning)\n|raw|yubanmeiqin's rating: 1419 &rarr; <strong>1393</strong><br />(-26 for losing)\n|l|\u2606yubanmeiqin\n|player|p2|\n","uploadtime":1773239070,"views":17,"formatid":"gen9vgc2026regi","rating":1339,"private":0,"password":null}