{"id":"gen9vgc2026regi-2541962854","format":"[Gen 9] VGC 2026 Reg I","players":["Orasusum","fogdocker"],"log":"|j|\u2606Orasusum\n|j|\u2606fogdocker\n|t:|1771390895\n|gametype|doubles\n|player|p1|Orasusum|ghetsis-gen5bw|1342\n|player|p2|fogdocker|170|1437\n|gen|9\n|tier|[Gen 9] VGC 2026 Reg I\n|rated|\n|rule|Species Clause: Limit one of each Pok\u00e9mon\n|rule|Item Clause: Limit 1 of each item\n|clearpoke\n|poke|p1|Lunala, L50|\n|poke|p1|Miraidon, L50|\n|poke|p1|Ursaluna, L50, M|\n|poke|p1|Incineroar, L50, F|\n|poke|p1|Whimsicott, L50, F|\n|poke|p1|Urshifu-*, L50, F|\n|poke|p2|Calyrex-Ice, L50|\n|poke|p2|Koraidon, L50|\n|poke|p2|Flutter Mane, L50|\n|poke|p2|Incineroar, L50, F|\n|poke|p2|Rillaboom, L50, F|\n|poke|p2|Volcarona, L50, F|\n|teampreview|4\n|inactive|Battle timer is ON: inactive players will automatically lose when time's up. (requested by Orasusum)\n|\n|t:|1771390924\n|teamsize|p1|4\n|teamsize|p2|4\n|start\n|switch|p1a: Lunala|Lunala, L50, shiny|100/100\n|switch|p1b: Miraidon|Miraidon, L50|100/100\n|switch|p2a: Calyrex|Calyrex-Ice, L50|100/100\n|switch|p2b: Incineroar|Incineroar, L50, F|100/100\n|-ability|p2a: Calyrex|As One\n|-ability|p2a: Calyrex|Unnerve\n|-fieldstart|move: Electric Terrain|[from] ability: Hadron Engine|[of] p1b: Miraidon\n|-enditem|p1a: Lunala|Electric Seed\n|-boost|p1a: Lunala|def|1|[from] item: Electric Seed\n|-ability|p2b: Incineroar|Intimidate|boost\n|-unboost|p1a: Lunala|atk|1\n|-unboost|p1b: Miraidon|atk|1\n|turn|1\n|inactive|Orasusum has 30 seconds left.\n|inactive|Orasusum has 20 seconds left.\n|inactive|Orasusum has 15 seconds left.\n|\n|t:|1771390967\n|switch|p2b: Rillaboom|Rillaboom, L50, F|100/100\n|-fieldstart|move: Grassy Terrain|[from] ability: Grassy Surge|[of] p2b: Rillaboom\n|move|p1a: Lunala|Wide Guard|p1a: Lunala\n|-singleturn|p1a: Lunala|Wide Guard\n|move|p1b: Miraidon|Volt Switch|p2b: Rillaboom\n|-resisted|p2b: Rillaboom\n|-damage|p2b: Rillaboom|91/100\n|\n|t:|1771390977\n|switch|p1b: Incineroar|Incineroar, L50, F, shiny|100/100|[from] Volt Switch\n|-ability|p1b: Incineroar|Intimidate|boost\n|-unboost|p2a: Calyrex|atk|1\n|-unboost|p2b: Rillaboom|atk|1\n|move|p2a: Calyrex|Leech Seed|p1a: Lunala\n|-start|p1a: Lunala|move: Leech Seed\n|\n|-heal|p2b: Rillaboom|97/100|[from] Grassy Terrain\n|-damage|p1a: Lunala|88/100|[from] Leech Seed|[of] p2a: Calyrex\n|upkeep\n|turn|2\n|\n|t:|1771390996\n|switch|p1b: Ursaluna|Ursaluna, L50, M, shiny|100/100\n|switch|p2a: Incineroar|Incineroar, L50, F|100/100\n|-ability|p2a: Incineroar|Intimidate|boost\n|-unboost|p1a: Lunala|atk|1\n|-unboost|p1b: Ursaluna|atk|1\n|move|p2b: Rillaboom|Fake Out|p1b: Ursaluna\n|-crit|p1b: Ursaluna\n|-damage|p1b: Ursaluna|86/100\n|move|p1a: Lunala|Trick Room|p1a: Lunala\n|-fieldstart|move: Trick Room|[of] p1a: Lunala\n|\n|-heal|p1b: Ursaluna|92/100|[from] Grassy Terrain\n|-heal|p2b: Rillaboom|100/100|[from] Grassy Terrain\n|-heal|p1a: Lunala|94/100|[from] Grassy Terrain\n|-damage|p1a: Lunala|82/100|[from] Leech Seed|[of] p2a: Incineroar\n|-status|p1b: Ursaluna|brn|[from] item: Flame Orb\n|upkeep\n|turn|3\n|inactive|Orasusum has 30 seconds left.\n|inactive|Orasusum has 20 seconds left.\n|\n|t:|1771391035\n|switch|p2b: Calyrex|Calyrex-Ice, L50|100/100\n|-ability|p2b: Calyrex|As One\n|-ability|p2b: Calyrex|Unnerve\n|switch|p1a: Incineroar|Incineroar, L50, F, shiny|100/100\n|-ability|p1a: Incineroar|Intimidate|boost\n|-unboost|p2a: Incineroar|atk|1\n|-unboost|p2b: Calyrex|atk|1\n|move|p1b: Ursaluna|Protect|p1b: Ursaluna\n|-singleturn|p1b: Ursaluna|Protect\n|move|p2a: Incineroar|Knock Off|p1b: Ursaluna\n|-activate|p1b: Ursaluna|move: Protect\n|\n|-heal|p1b: Ursaluna|98/100 brn|[from] Grassy Terrain\n|-damage|p1b: Ursaluna|92/100 brn|[from] brn\n|upkeep\n|turn|4\n|\n|t:|1771391060\n|move|p1a: Incineroar|Fake Out|p2b: Calyrex\n|-crit|p2b: Calyrex\n|-damage|p2b: Calyrex|92/100\n|move|p1b: Ursaluna|Facade|p2a: Incineroar\n|-damage|p2a: Incineroar|36/100\n|cant|p2b: Calyrex|flinch\n|move|p2a: Incineroar|Parting Shot|p1b: Ursaluna\n|-unboost|p1b: Ursaluna|atk|1\n|-unboost|p1b: Ursaluna|spa|1\n|\n|t:|1771391068\n|switch|p2a: Rillaboom|Rillaboom, L50, F|100/100|[from] Parting Shot\n|\n|-heal|p1b: Ursaluna|98/100 brn|[from] Grassy Terrain\n|-heal|p2b: Calyrex|98/100|[from] Grassy Terrain\n|-heal|p2b: Calyrex|100/100|[from] item: Leftovers\n|-damage|p1b: Ursaluna|92/100 brn|[from] brn\n|upkeep\n|turn|5\n|\n|t:|1771391085\n|switch|p1b: Lunala|Lunala, L50, shiny|82/100\n|move|p2a: Rillaboom|Fake Out|p1a: Incineroar\n|-damage|p1a: Incineroar|89/100\n|-damage|p2a: Rillaboom|84/100|[from] item: Rocky Helmet|[of] p1a: Incineroar\n|move|p2b: Calyrex|Glacial Lance|p1b: Lunala|[spread] p1a,p1b\n|-resisted|p1a: Incineroar\n|-damage|p1a: Incineroar|75/100\n|-damage|p1b: Lunala|60/100\n|cant|p1a: Incineroar|flinch\n|\n|-heal|p1a: Incineroar|81/100|[from] Grassy Terrain\n|-heal|p2a: Rillaboom|90/100|[from] Grassy Terrain\n|-heal|p1b: Lunala|66/100|[from] Grassy Terrain\n|-fieldend|move: Grassy Terrain\n|upkeep\n|turn|6\n|\n|t:|1771391103\n|switch|p2a: Incineroar|Incineroar, L50, F|36/100\n|-ability|p2a: Incineroar|Intimidate|boost\n|-unboost|p1a: Incineroar|atk|1\n|-unboost|p1b: Lunala|atk|1\n|move|p1b: Lunala|Wide Guard|p1b: Lunala\n|-singleturn|p1b: Lunala|Wide Guard\n|move|p2b: Calyrex|Leech Seed|p1b: Lunala\n|-start|p1b: Lunala|move: Leech Seed\n|move|p1a: Incineroar|Knock Off|p2b: Calyrex\n|-supereffective|p2b: Calyrex\n|-damage|p2b: Calyrex|72/100\n|-enditem|p2b: Calyrex|Leftovers|[from] move: Knock Off|[of] p1a: Incineroar\n|\n|-damage|p1b: Lunala|54/100|[from] Leech Seed|[of] p2b: Calyrex\n|-heal|p2b: Calyrex|86/100|[silent]\n|-fieldend|move: Trick Room\n|upkeep\n|turn|7\n|\n|t:|1771391128\n|move|p2b: Calyrex|Protect|p2b: Calyrex\n|-singleturn|p2b: Calyrex|Protect\n|move|p1a: Incineroar|Parting Shot|p2b: Calyrex\n|-activate|p2b: Calyrex|move: Protect\n|move|p2a: Incineroar|Parting Shot|p1a: Incineroar\n|-unboost|p1a: Incineroar|atk|1\n|-unboost|p1a: Incineroar|spa|1\n|\n|t:|1771391139\n|switch|p2a: Koraidon|Koraidon, L50|100/100|[from] Parting Shot\n|-weather|SunnyDay|[from] ability: Orichalcum Pulse|[of] p2a: Koraidon\n|-activate|p2a: Koraidon|Orichalcum Pulse|[source]\n|move|p1b: Lunala|Trick Room|p1b: Lunala\n|-fieldstart|move: Trick Room|[of] p1b: Lunala\n|\n|-weather|SunnyDay|[upkeep]\n|-damage|p1b: Lunala|41/100|[from] Leech Seed|[of] p2b: Calyrex\n|-heal|p2b: Calyrex|100/100|[silent]\n|upkeep\n|turn|8\n|\n|t:|1771391149\n|switch|p2b: Incineroar|Incineroar, L50, F|36/100\n|-ability|p2b: Incineroar|Intimidate|boost\n|-unboost|p1a: Incineroar|atk|1\n|-unboost|p1b: Lunala|atk|1\n|switch|p1a: Ursaluna|Ursaluna, L50, M, shiny|92/100 brn\n|move|p2a: Koraidon|Protect|p2a: Koraidon\n|-singleturn|p2a: Koraidon|Protect\n|move|p1b: Lunala|Dazzling Gleam|p2a: Koraidon|[spread] p2b\n|-activate|p2a: Koraidon|move: Protect\n|-damage|p2b: Incineroar|19/100\n|\n|-weather|SunnyDay|[upkeep]\n|-damage|p1b: Lunala|29/100|[from] Leech Seed|[of] p2b: Incineroar\n|-heal|p2b: Incineroar|34/100|[silent]\n|-damage|p1a: Ursaluna|86/100 brn|[from] brn\n|upkeep\n|turn|9\n|inactive|fogdocker has 30 seconds left.\n|\n|t:|1771391177\n|switch|p1b: Incineroar|Incineroar, L50, F, shiny|81/100\n|-ability|p1b: Incineroar|Intimidate|boost\n|-unboost|p2a: Koraidon|atk|1\n|-unboost|p2b: Incineroar|atk|1\n|switch|p2a: Calyrex|Calyrex-Ice, L50|100/100\n|-ability|p2a: Calyrex|As One\n|-ability|p2a: Calyrex|Unnerve\n|move|p2b: Incineroar|Fake Out|p1a: Ursaluna\n|-damage|p1a: Ursaluna|82/100 brn\n|cant|p1a: Ursaluna|flinch\n|\n|-weather|SunnyDay|[upkeep]\n|-damage|p1a: Ursaluna|76/100 brn|[from] brn\n|upkeep\n|turn|10\n|inactive|fogdocker has 30 seconds left.\n|inactive|fogdocker has 20 seconds left.\n|\n|t:|1771391215\n|move|p1a: Ursaluna|Facade|p2a: Calyrex\n|-damage|p2a: Calyrex|39/100\n|move|p2a: Calyrex|Glacial Lance|p1a: Ursaluna|[spread] p1a,p1b\n|-supereffective|p1a: Ursaluna\n|-resisted|p1b: Incineroar\n|-damage|p1a: Ursaluna|14/100 brn\n|-damage|p1b: Incineroar|61/100\n|move|p2b: Incineroar|Parting Shot|p1a: Ursaluna\n|-unboost|p1a: Ursaluna|atk|1\n|-unboost|p1a: Ursaluna|spa|1\n|\n|t:|1771391224\n|switch|p2b: Rillaboom|Rillaboom, L50, F|90/100|[from] Parting Shot\n|-fieldstart|move: Grassy Terrain|[from] ability: Grassy Surge|[of] p2b: Rillaboom\n|move|p1b: Incineroar|Parting Shot|p2a: Calyrex\n|-unboost|p2a: Calyrex|atk|1\n|-unboost|p2a: Calyrex|spa|1\n|\n|t:|1771391231\n|switch|p1b: Lunala|Lunala, L50, shiny|29/100|[from] Parting Shot\n|\n|-weather|SunnyDay|[upkeep]\n|-heal|p1a: Ursaluna|20/100 brn|[from] Grassy Terrain\n|-heal|p2a: Calyrex|45/100|[from] Grassy Terrain\n|-heal|p2b: Rillaboom|96/100|[from] Grassy Terrain\n|-heal|p1b: Lunala|35/100|[from] Grassy Terrain\n|-damage|p1a: Ursaluna|14/100 brn|[from] brn\n|upkeep\n|turn|11\n|\n|t:|1771391244\n|switch|p1a: Miraidon|Miraidon, L50|100/100\n|-fieldstart|move: Electric Terrain|[from] ability: Hadron Engine|[of] p1a: Miraidon\n|move|p2a: Calyrex|Glacial Lance|p1b: Lunala|[spread] p1a,p1b\n|-supereffective|p1a: Miraidon\n|-damage|p1a: Miraidon|38/100\n|-damage|p1b: Lunala|10/100\n|move|p2b: Rillaboom|Grassy Glide|p1a: Miraidon\n|-resisted|p1a: Miraidon\n|-damage|p1a: Miraidon|26/100\n|move|p1b: Lunala|Moongeist Beam|p2a: Calyrex\n|-supereffective|p2a: Calyrex\n|-damage|p2a: Calyrex|0 fnt\n|faint|p2a: Calyrex\n|\n|-weather|none\n|-fieldend|move: Trick Room\n|upkeep\n|\n|t:|1771391266\n|switch|p2a: Koraidon|Koraidon, L50|100/100\n|-weather|SunnyDay|[from] ability: Orichalcum Pulse|[of] p2a: Koraidon\n|-activate|p2a: Koraidon|Orichalcum Pulse|[source]\n|turn|12\n|\n|t:|1771391274\n|-terastallize|p2a: Koraidon|Fire\n|move|p2a: Koraidon|Close Combat|p1a: Miraidon\n|-damage|p1a: Miraidon|0 fnt\n|-unboost|p2a: Koraidon|def|1\n|-unboost|p2a: Koraidon|spd|1\n|faint|p1a: Miraidon\n|-damage|p2a: Koraidon|91/100|[from] item: Life Orb\n|move|p1b: Lunala|Dazzling Gleam|p2b: Rillaboom|[spread] p2a,p2b\n|-resisted|p2a: Koraidon\n|-crit|p2b: Rillaboom\n|-damage|p2a: Koraidon|78/100\n|-damage|p2b: Rillaboom|78/100\n|move|p2b: Rillaboom|Wood Hammer|p1b: Lunala\n|-damage|p1b: Lunala|0 fnt\n|faint|p1b: Lunala\n|-damage|p2b: Rillaboom|74/100|[from] Recoil\n|\n|-weather|SunnyDay|[upkeep]\n|upkeep\n|\n|t:|1771391282\n|switch|p1a: Incineroar|Incineroar, L50, F, shiny|61/100\n|switch|p1b: Ursaluna|Ursaluna, L50, M, shiny|14/100 brn\n|-ability|p1a: Incineroar|Intimidate|boost\n|-unboost|p2a: Koraidon|atk|1\n|-unboost|p2b: Rillaboom|atk|1\n|turn|13\n|\n|t:|1771391292\n|switch|p2a: Incineroar|Incineroar, L50, F|34/100\n|-ability|p2a: Incineroar|Intimidate|boost\n|-unboost|p1a: Incineroar|atk|1\n|-unboost|p1b: Ursaluna|atk|1\n|move|p1a: Incineroar|Fake Out|p2a: Incineroar\n|-damage|p2a: Incineroar|28/100\n|move|p2b: Rillaboom|U-turn|p1a: Incineroar\n|-damage|p1a: Incineroar|47/100\n|-damage|p2b: Rillaboom|58/100|[from] item: Rocky Helmet|[of] p1a: Incineroar\n|\n|t:|1771391302\n|switch|p2b: Koraidon|Koraidon, L50, tera:Fire|78/100|[from] U-turn\n|-activate|p2b: Koraidon|ability: Orichalcum Pulse\n|move|p1b: Ursaluna|Facade|p2b: Koraidon\n|-damage|p2b: Koraidon|0 fnt\n|faint|p2b: Koraidon\n|\n|-weather|SunnyDay|[upkeep]\n|-damage|p1b: Ursaluna|8/100 brn|[from] brn\n|upkeep\n|\n|t:|1771391304\n|switch|p2b: Rillaboom|Rillaboom, L50, F|58/100\n|-fieldstart|move: Grassy Terrain|[from] ability: Grassy Surge|[of] p2b: Rillaboom\n|turn|14\n|\n|t:|1771391318\n|move|p2b: Rillaboom|Fake Out|p1a: Incineroar\n|-damage|p1a: Incineroar|36/100\n|-damage|p2b: Rillaboom|41/100|[from] item: Rocky Helmet|[of] p1a: Incineroar\n|cant|p1a: Incineroar|flinch\n|move|p2a: Incineroar|Knock Off|p1b: Ursaluna\n|-damage|p1b: Ursaluna|0 fnt\n|-enditem|p1b: Ursaluna|Flame Orb|[from] move: Knock Off|[of] p2a: Incineroar\n|faint|p1b: Ursaluna\n|\n|-weather|SunnyDay|[upkeep]\n|-heal|p2b: Rillaboom|47/100|[from] Grassy Terrain\n|-heal|p1a: Incineroar|42/100|[from] Grassy Terrain\n|-heal|p2a: Incineroar|34/100|[from] Grassy Terrain\n|upkeep\n|turn|15\n|\n|t:|1771391325\n|move|p2b: Rillaboom|U-turn|p1a: Incineroar\n|-damage|p1a: Incineroar|21/100\n|-damage|p2b: Rillaboom|31/100|[from] item: Rocky Helmet|[of] p1a: Incineroar\n|move|p1a: Incineroar|Flare Blitz|p2b: Rillaboom\n|-supereffective|p2b: Rillaboom\n|-damage|p2b: Rillaboom|0 fnt\n|faint|p2b: Rillaboom\n|-damage|p1a: Incineroar|11/100|[from] Recoil\n|move|p2a: Incineroar|Knock Off|p1a: Incineroar\n|-resisted|p1a: Incineroar\n|-damage|p1a: Incineroar|0 fnt\n|-damage|p2a: Incineroar|17/100|[from] item: Rocky Helmet|[of] p1a: Incineroar\n|-enditem|p1a: Incineroar|Rocky Helmet|[from] move: Knock Off|[of] p2a: Incineroar\n|faint|p1a: Incineroar\n|\n|win|fogdocker\n|raw|Orasusum's rating: 1342 &rarr; <strong>1327</strong><br />(-15 for losing)\n|raw|fogdocker's rating: 1437 &rarr; <strong>1452</strong><br />(+15 for winning)\n|l|\u2606Orasusum\n|player|p1|\n|l|\u2606fogdocker\n|player|p2|\n","uploadtime":1771391495,"views":11,"formatid":"gen9vgc2026regi","rating":1327,"private":0,"password":null}