{"id":"gen9vgc2026regi-2558736896","format":"[Gen 9] VGC 2026 Reg I","players":["randomcatffr","AuroraaaVGC5"],"log":"|j|\u2606randomcatffr\n|j|\u2606AuroraaaVGC5\n|t:|1773472380\n|gametype|doubles\n|player|p1|randomcatffr|bugcatcher-gen4dp|1455\n|player|p2|AuroraaaVGC5|penny|1462\n|gen|9\n|tier|[Gen 9] VGC 2026 Reg I\n|rated|\n|rule|Species Clause: Limit one of each Pok\u00e9mon\n|rule|Item Clause: Limit 1 of each item\n|clearpoke\n|poke|p1|Lunala, L50|\n|poke|p1|Brute Bonnet, L50|\n|poke|p1|Ursaluna, L50, F|\n|poke|p1|Flutter Mane, L50|\n|poke|p1|Koraidon, L50|\n|poke|p1|Incineroar, L50, M|\n|poke|p2|Koraidon, L50|\n|poke|p2|Lunala, L50|\n|poke|p2|Ursaluna, L50, M|\n|poke|p2|Amoonguss, L50, M|\n|poke|p2|Incineroar, L50, F|\n|poke|p2|Indeedee-F, L50, F|\n|teampreview|4\n|inactive|Battle timer is ON: inactive players will automatically lose when time's up. (requested by AuroraaaVGC5)\n|c|\u2606randomcatffr|open team sheet :O\nrandomcatffr has agreed to open team sheets.\n|inactive|randomcatffr has 60 seconds left.\n|inactive|AuroraaaVGC5 has 60 seconds left.\n|inactive|randomcatffr has 30 seconds left.\n|inactive|randomcatffr has 20 seconds left.\n|\n|t:|1773472453\n|teamsize|p1|4\n|teamsize|p2|4\n|start\n|switch|p1a: Incineroar|Incineroar, L50, M|100/100\n|switch|p1b: Lunala|Lunala, L50|100/100\n|switch|p2a: Bob|Koraidon, L50|100/100\n|switch|p2b: Spector|Lunala, L50|100/100\n|-weather|SunnyDay|[from] ability: Orichalcum Pulse|[of] p2a: Bob\n|-activate|p2a: Bob|Orichalcum Pulse|[source]\n|-ability|p1a: Incineroar|Intimidate|boost\n|-unboost|p2a: Bob|atk|1\n|-unboost|p2b: Spector|atk|1\n|turn|1\n|inactive|randomcatffr has 30 seconds left.\n|inactive|AuroraaaVGC5 has 30 seconds left.\n|inactive|randomcatffr has 20 seconds left.\n|inactive|AuroraaaVGC5 has 20 seconds left.\n|\n|t:|1773472493\n|-terastallize|p2b: Spector|Water\n|-terastallize|p1b: Lunala|Fairy\n|move|p2a: Bob|Dragon Claw|p1b: Lunala\n|-immune|p1b: Lunala\n|move|p2b: Spector|Moongeist Beam|p1b: Lunala\n|-damage|p1b: Lunala|82/100\n|move|p1b: Lunala|Meteor Beam||[still]\n|-prepare|p1b: Lunala|Meteor Beam\n|-boost|p1b: Lunala|spa|1\n|-enditem|p1b: Lunala|Power Herb\n|-anim|p1b: Lunala|Meteor Beam|p2b: Spector\n|-crit|p2b: Spector\n|-damage|p2b: Spector|63/100\n|move|p1a: Incineroar|U-turn|p2a: Bob\n|-resisted|p2a: Bob\n|-damage|p2a: Bob|93/100\n|\n|t:|1773472511\n|switch|p1a: Flutter Mane|Flutter Mane, L50|100/100|[from] U-turn\n|-activate|p1a: Flutter Mane|ability: Protosynthesis\n|-start|p1a: Flutter Mane|protosynthesisspe\n|\n|-weather|SunnyDay|[upkeep]\n|upkeep\n|turn|2\n|\n|t:|1773472522\n|-end|p1a: Flutter Mane|Protosynthesis|[silent]\n|switch|p1a: Incineroar|Incineroar, L50, M|100/100\n|-ability|p1a: Incineroar|Intimidate|boost\n|-unboost|p2a: Bob|atk|1\n|-unboost|p2b: Spector|atk|1\n|switch|p2a: Billy|Indeedee-F, L50, F|100/100\n|-fieldstart|move: Psychic Terrain|[from] ability: Psychic Surge|[of] p2a: Billy\n|move|p2b: Spector|Expanding Force|p1a: Incineroar|[spread] p1b\n|-immune|p1a: Incineroar\n|-damage|p1b: Lunala|38/100\n|move|p1b: Lunala|Moongeist Beam|p2b: Spector\n|-damage|p2b: Spector|3/100\n|\n|-weather|SunnyDay|[upkeep]\n|upkeep\n|turn|3\n|j| Caska-oon\n|inactive|randomcatffr has 30 seconds left.\n|inactive|randomcatffr has 20 seconds left.\n|\n|t:|1773472562\n|move|p1b: Lunala|Wide Guard|p1b: Lunala\n|-singleturn|p1b: Lunala|Wide Guard\n|move|p2a: Billy|Follow Me|p2a: Billy\n|-singleturn|p2a: Billy|move: Follow Me\n|move|p2b: Spector|Moongeist Beam|p1b: Lunala\n|-damage|p1b: Lunala|0 fnt\n|faint|p1b: Lunala\n|move|p1a: Incineroar|Flare Blitz|p2a: Billy\n|-damage|p2a: Billy|33/100\n|-status|p2a: Billy|brn\n|-damage|p1a: Incineroar|81/100|[from] Recoil\n|\n|-weather|SunnyDay|[upkeep]\n|-damage|p2a: Billy|26/100 brn|[from] brn\n|upkeep\n|\n|t:|1773472577\n|switch|p1b: Flutter Mane|Flutter Mane, L50|100/100\n|-activate|p1b: Flutter Mane|ability: Protosynthesis\n|-start|p1b: Flutter Mane|protosynthesisspe\n|turn|4\n|\n|t:|1773472586\n|move|p1b: Flutter Mane|Icy Wind|p2a: Billy|[spread] p2a,p2b\n|-resisted|p2b: Spector\n|-damage|p2a: Billy|13/100 brn\n|-damage|p2b: Spector|0 fnt\n|-unboost|p2a: Billy|spe|1\n|faint|p2b: Spector\n|move|p1a: Incineroar|Knock Off|p2a: Billy\n|-supereffective|p2a: Billy\n|-damage|p2a: Billy|0 fnt\n|-enditem|p2a: Billy|Safety Goggles|[from] move: Knock Off|[of] p1a: Incineroar\n|faint|p2a: Billy\n|\n|-weather|SunnyDay|[upkeep]\n|upkeep\n|\n|t:|1773472589\n|switch|p2b: Mario|Incineroar, L50, F|100/100\n|switch|p2a: Bob|Koraidon, L50|93/100\n|-activate|p2a: Bob|ability: Orichalcum Pulse\n|-ability|p2b: Mario|Intimidate|boost\n|-unboost|p1a: Incineroar|atk|1\n|-unboost|p1b: Flutter Mane|atk|1\n|turn|5\n|\n|t:|1773472601\n|move|p1b: Flutter Mane|Protect|p1b: Flutter Mane\n|-singleturn|p1b: Flutter Mane|Protect\n|move|p2a: Bob|Flare Blitz|p1b: Flutter Mane\n|-activate|p1b: Flutter Mane|move: Protect\n|move|p1a: Incineroar|U-turn|p2b: Mario\n|-damage|p2b: Mario|92/100\n|\n|t:|1773472607\n|switch|p1a: Koraidon|Koraidon, L50|100/100|[from] U-turn\n|-activate|p1a: Koraidon|ability: Orichalcum Pulse\n|move|p2b: Mario|Knock Off|p1b: Flutter Mane\n|-activate|p1b: Flutter Mane|move: Protect\n|\n|-weather|none\n|-end|p1b: Flutter Mane|Protosynthesis\n|upkeep\n|turn|6\n|\n|t:|1773472617\n|move|p1b: Flutter Mane|Moonblast|p2a: Bob\n|-supereffective|p2a: Bob\n|-damage|p2a: Bob|0 fnt\n|faint|p2a: Bob\n|move|p1a: Koraidon|Close Combat|p2b: Mario\n|-supereffective|p2b: Mario\n|-damage|p2b: Mario|0 fnt\n|-unboost|p1a: Koraidon|def|1\n|-unboost|p1a: Koraidon|spd|1\n|faint|p2b: Mario\n|-damage|p1a: Koraidon|91/100|[from] item: Life Orb\n|\n|win|randomcatffr\n|raw|randomcatffr's rating: 1455 &rarr; <strong>1475</strong><br />(+20 for winning)\n|raw|AuroraaaVGC5's rating: 1462 &rarr; <strong>1442</strong><br />(-20 for losing)\n|l|\u2606AuroraaaVGC5\n|player|p2|\n|c|\u2606randomcatffr|gg\n|l|\u2606randomcatffr\n|player|p1|\n|l| Caska-oon\n","uploadtime":1773472777,"views":19,"formatid":"gen9vgc2026regi","rating":1442,"private":0,"password":null}