{"id":"gen9vgc2026regi-2539934342","format":"[Gen 9] VGC 2026 Reg I","players":["Unskilled99","lalo's pollos"],"log":"|j|\u2606Unskilled99\n|j|\u2606lalo's pollos\n|t:|1771129471\n|gametype|doubles\n|player|p1|Unskilled99|unknown|1562\n|player|p2|lalo's pollos|265|1619\n|gen|9\n|tier|[Gen 9] VGC 2026 Reg I\n|rated|\n|rule|Species Clause: Limit one of each Pok\u00e9mon\n|rule|Item Clause: Limit 1 of each item\n|clearpoke\n|poke|p1|Calyrex-Ice, L50|\n|poke|p1|Miraidon, L50|\n|poke|p1|Incineroar, L50, F|\n|poke|p1|Urshifu-*, L50, F|\n|poke|p1|Landorus, L50, M|\n|poke|p1|Amoonguss, L50, M|\n|poke|p2|Zamazenta-*, L50|\n|poke|p2|Lunala, L50|\n|poke|p2|Rillaboom, L50, M|\n|poke|p2|Incineroar, L50, F|\n|poke|p2|Urshifu-*, L50, M|\n|poke|p2|Tornadus, L50, M|\n|teampreview|4\n|\n|t:|1771129575\n|teamsize|p1|4\n|teamsize|p2|4\n|start\n|switch|p1a: Miraidon|Miraidon, L50|100/100\n|switch|p1b: Calyrex|Calyrex-Ice, L50|100/100\n|switch|p2a: Lunala|Lunala, L50|100/100\n|switch|p2b: Rillaboom|Rillaboom, L50, M|100/100\n|-ability|p1b: Calyrex|As One\n|-ability|p1b: Calyrex|Unnerve\n|-fieldstart|move: Electric Terrain|[from] ability: Hadron Engine|[of] p1a: Miraidon\n|-fieldstart|move: Grassy Terrain|[from] ability: Grassy Surge|[of] p2b: Rillaboom\n|turn|1\n|\n|t:|1771129595\n|switch|p1b: Incineroar|Incineroar, L50, F|100/100\n|-ability|p1b: Incineroar|Intimidate|boost\n|-unboost|p2a: Lunala|atk|1\n|-unboost|p2b: Rillaboom|atk|1\n|move|p2b: Rillaboom|Fake Out|p1b: Incineroar\n|-damage|p1b: Incineroar|95/100\n|move|p1a: Miraidon|Snarl|p2a: Lunala|[spread] p2a,p2b\n|-supereffective|p2a: Lunala\n|-damage|p2a: Lunala|78/100\n|-damage|p2b: Rillaboom|89/100\n|-unboost|p2a: Lunala|spa|1\n|-unboost|p2b: Rillaboom|spa|1\n|move|p2a: Lunala|Calm Mind|p2a: Lunala\n|-boost|p2a: Lunala|spa|1\n|-boost|p2a: Lunala|spd|1\n|\n|-heal|p2a: Lunala|84/100|[from] Grassy Terrain\n|-heal|p2a: Lunala|90/100|[from] item: Leftovers\n|-heal|p2b: Rillaboom|95/100|[from] Grassy Terrain\n|-heal|p1b: Incineroar|100/100|[from] Grassy Terrain\n|upkeep\n|turn|2\n|\n|t:|1771129626\n|switch|p1a: Amoonguss|Amoonguss, L50, M|100/100\n|-terastallize|p2a: Lunala|Fairy\n|move|p2a: Lunala|Calm Mind|p2a: Lunala\n|-boost|p2a: Lunala|spa|1\n|-boost|p2a: Lunala|spd|1\n|move|p2b: Rillaboom|U-turn|p1a: Amoonguss\n|-damage|p1a: Amoonguss|90/100\n|-damage|p2b: Rillaboom|78/100|[from] item: Rocky Helmet|[of] p1a: Amoonguss\n|\n|t:|1771129635\n|switch|p2b: Tornadus|Tornadus, L50, M|100/100|[from] U-turn\n|move|p1b: Incineroar|U-turn|p2b: Tornadus\n|-resisted|p2b: Tornadus\n|-damage|p2b: Tornadus|87/100\n|\n|t:|1771129642\n|switch|p1b: Calyrex|Calyrex-Ice, L50|100/100|[from] U-turn\n|-ability|p1b: Calyrex|As One\n|-ability|p1b: Calyrex|Unnerve\n|\n|-heal|p2a: Lunala|96/100|[from] Grassy Terrain\n|-heal|p2a: Lunala|100/100|[from] item: Leftovers\n|-heal|p1a: Amoonguss|95/100|[from] Grassy Terrain\n|upkeep\n|turn|3\n|\n|t:|1771129679\n|switch|p1a: Incineroar|Incineroar, L50, F|100/100\n|-ability|p1a: Incineroar|Intimidate|boost\n|-unboost|p2a: Lunala|atk|1\n|-unboost|p2b: Tornadus|atk|1\n|-terastallize|p1b: Calyrex|Fire\n|move|p2b: Tornadus|Bleakwind Storm|p1b: Calyrex|[spread] p1a,p1b\n|-damage|p1a: Incineroar|76/100\n|-damage|p1b: Calyrex|77/100\n|move|p2a: Lunala|Moongeist Beam|p1a: Incineroar\n|-resisted|p1a: Incineroar\n|-damage|p1a: Incineroar|48/100\n|move|p1b: Calyrex|Glacial Lance|p2b: Tornadus|[spread] p2a,p2b\n|-supereffective|p2b: Tornadus\n|-damage|p2a: Lunala|76/100\n|-damage|p2b: Tornadus|0 fnt\n|faint|p2b: Tornadus\n|-ability|p1b: Calyrex|Chilling Neigh|boost\n|-boost|p1b: Calyrex|atk|1\n|\n|-heal|p2a: Lunala|82/100|[from] Grassy Terrain\n|-heal|p2a: Lunala|88/100|[from] item: Leftovers\n|-heal|p1b: Calyrex|83/100|[from] Grassy Terrain\n|-heal|p1a: Incineroar|54/100|[from] Grassy Terrain\n|upkeep\n|\n|t:|1771129703\n|switch|p2b: Zamazenta|Zamazenta-Crowned, L50|100/100\n|-ability|p2b: Zamazenta|Dauntless Shield|boost\n|-boost|p2b: Zamazenta|def|1\n|turn|4\n|\n|t:|1771129718\n|move|p1a: Incineroar|Fake Out|p2a: Lunala\n|-damage|p2a: Lunala|78/100\n|move|p2b: Zamazenta|Body Press|p1a: Incineroar\n|-supereffective|p1a: Incineroar\n|-damage|p1a: Incineroar|0 fnt\n|faint|p1a: Incineroar\n|cant|p2a: Lunala|flinch\n|move|p1b: Calyrex|Trick Room|p1b: Calyrex\n|-fieldstart|move: Trick Room|[of] p1b: Calyrex\n|\n|-heal|p1b: Calyrex|88/100|[from] Grassy Terrain\n|-heal|p2a: Lunala|84/100|[from] Grassy Terrain\n|-heal|p2a: Lunala|90/100|[from] item: Leftovers\n|upkeep\n|\n|t:|1771129725\n|switch|p1a: Amoonguss|Amoonguss, L50, M|100/100\n|turn|5\n|\n|t:|1771129744\n|move|p2a: Lunala|Protect|p2a: Lunala\n|-singleturn|p2a: Lunala|Protect\n|move|p2b: Zamazenta|Protect|p2b: Zamazenta\n|-singleturn|p2b: Zamazenta|Protect\n|move|p1a: Amoonguss|Spore|p2b: Zamazenta\n|-activate|p2b: Zamazenta|move: Protect\n|move|p1b: Calyrex|Glacial Lance|p2b: Zamazenta|[spread] \n|-activate|p2a: Lunala|move: Protect\n|-activate|p2b: Zamazenta|move: Protect\n|\n|-heal|p1b: Calyrex|94/100|[from] Grassy Terrain\n|-heal|p2a: Lunala|96/100|[from] Grassy Terrain\n|-heal|p2a: Lunala|100/100|[from] item: Leftovers\n|-fieldend|move: Grassy Terrain\n|upkeep\n|turn|6\n|\n|t:|1771129765\n|move|p1a: Amoonguss|Spore|p2a: Lunala\n|-status|p2a: Lunala|slp|[from] move: Spore\n|move|p1b: Calyrex|High Horsepower|p2b: Zamazenta\n|-supereffective|p2b: Zamazenta\n|-damage|p2b: Zamazenta|53/100\n|cant|p2a: Lunala|slp\n|move|p2b: Zamazenta|Heavy Slam|p1a: Amoonguss\n|-damage|p1a: Amoonguss|58/100\n|-damage|p2b: Zamazenta|37/100|[from] item: Rocky Helmet|[of] p1a: Amoonguss\n|\n|upkeep\n|turn|7\n|\n|t:|1771129782\n|-curestatus|p2a: Lunala|slp|[msg]\n|move|p2a: Lunala|Protect|p2a: Lunala\n|-singleturn|p2a: Lunala|Protect\n|move|p2b: Zamazenta|Protect|p2b: Zamazenta\n|-singleturn|p2b: Zamazenta|Protect\n|move|p1a: Amoonguss|Pollen Puff|p2a: Lunala\n|-activate|p2a: Lunala|move: Protect\n|move|p1b: Calyrex|Glacial Lance|p2b: Zamazenta|[spread] \n|-activate|p2a: Lunala|move: Protect\n|-activate|p2b: Zamazenta|move: Protect\n|\n|upkeep\n|turn|8\n|c|\u2606Unskilled99|:(\n|\n|t:|1771129821\n|move|p2b: Zamazenta|Wide Guard|p2b: Zamazenta\n|-singleturn|p2b: Zamazenta|Wide Guard\n|move|p1a: Amoonguss|Spore|p2b: Zamazenta\n|-status|p2b: Zamazenta|slp|[from] move: Spore\n|move|p1b: Calyrex|Glacial Lance|p2b: Zamazenta|[spread] \n|-activate|p2a: Lunala|move: Wide Guard\n|-activate|p2b: Zamazenta|move: Wide Guard\n|move|p2a: Lunala|Calm Mind|p2a: Lunala\n|-boost|p2a: Lunala|spa|1\n|-boost|p2a: Lunala|spd|1\n|\n|-fieldend|move: Trick Room\n|upkeep\n|turn|9\n|\n|t:|1771129838\n|move|p1a: Amoonguss|Protect|p1a: Amoonguss\n|-singleturn|p1a: Amoonguss|Protect\n|cant|p2b: Zamazenta|slp\n|move|p2a: Lunala|Moongeist Beam|p1a: Amoonguss\n|-activate|p1a: Amoonguss|move: Protect\n|move|p1b: Calyrex|Trick Room|p1b: Calyrex\n|-fieldstart|move: Trick Room|[of] p1b: Calyrex\n|\n|upkeep\n|turn|10\n|\n|t:|1771129858\n|switch|p2b: Rillaboom|Rillaboom, L50, M|78/100\n|-fieldstart|move: Grassy Terrain|[from] ability: Grassy Surge|[of] p2b: Rillaboom\n|move|p2a: Lunala|Protect|p2a: Lunala\n|-singleturn|p2a: Lunala|Protect\n|move|p1a: Amoonguss|Spore|p2a: Lunala\n|-activate|p2a: Lunala|move: Protect\n|move|p1b: Calyrex|High Horsepower|p2b: Rillaboom\n|-resisted|p2b: Rillaboom\n|-damage|p2b: Rillaboom|55/100\n|\n|-heal|p1a: Amoonguss|64/100|[from] Grassy Terrain\n|-heal|p1b: Calyrex|99/100|[from] Grassy Terrain\n|-heal|p2b: Rillaboom|60/100|[from] Grassy Terrain\n|upkeep\n|turn|11\n|\n|t:|1771129893\n|move|p2b: Rillaboom|Fake Out|p1a: Amoonguss\n|-damage|p1a: Amoonguss|54/100\n|-damage|p2b: Rillaboom|44/100|[from] item: Rocky Helmet|[of] p1a: Amoonguss\n|cant|p1a: Amoonguss|flinch\n|move|p1b: Calyrex|Glacial Lance|p2a: Lunala|[spread] p2a,p2b\n|-supereffective|p2b: Rillaboom\n|-damage|p2a: Lunala|63/100\n|-damage|p2b: Rillaboom|0 fnt\n|faint|p2b: Rillaboom\n|-ability|p1b: Calyrex|Chilling Neigh|boost\n|-boost|p1b: Calyrex|atk|1\n|move|p2a: Lunala|Moongeist Beam|p1a: Amoonguss\n|-crit|p1a: Amoonguss\n|-damage|p1a: Amoonguss|0 fnt\n|faint|p1a: Amoonguss\n|\n|-heal|p1b: Calyrex|100/100|[from] Grassy Terrain\n|-heal|p2a: Lunala|69/100|[from] Grassy Terrain\n|-heal|p2a: Lunala|75/100|[from] item: Leftovers\n|upkeep\n|\n|t:|1771129902\n|switch|p1a: Miraidon|Miraidon, L50|100/100\n|switch|p2b: Zamazenta|Zamazenta-Crowned, L50|37/100 slp\n|-fieldstart|move: Electric Terrain|[from] ability: Hadron Engine|[of] p1a: Miraidon\n|turn|12\n|\n|t:|1771129913\n|-curestatus|p2b: Zamazenta|slp|[msg]\n|move|p2b: Zamazenta|Wide Guard|p2b: Zamazenta\n|-singleturn|p2b: Zamazenta|Wide Guard\n|move|p1b: Calyrex|Glacial Lance|p2b: Zamazenta|[spread] \n|-activate|p2a: Lunala|move: Wide Guard\n|-activate|p2b: Zamazenta|move: Wide Guard\n|move|p2a: Lunala|Moonblast|p1a: Miraidon\n|-supereffective|p1a: Miraidon\n|-damage|p1a: Miraidon|0 fnt\n|faint|p1a: Miraidon\n|\n|-heal|p2a: Lunala|81/100|[from] item: Leftovers\n|upkeep\n|turn|13\n|c|\u2606Unskilled99|:(\n|c|\u2606Unskilled99|hoew\n|c|\u2606Unskilled99|how\n|c|\u2606Unskilled99|instant wake\n|c|\u2606Unskilled99|three times\n|\n|t:|1771129936\n|move|p1b: Calyrex|High Horsepower|p2b: Zamazenta\n|-supereffective|p2b: Zamazenta\n|-damage|p2b: Zamazenta|0 fnt\n|faint|p2b: Zamazenta\n|-ability|p1b: Calyrex|Chilling Neigh|boost\n|-boost|p1b: Calyrex|atk|1\n|move|p2a: Lunala|Moongeist Beam|p1b: Calyrex\n|-damage|p1b: Calyrex|32/100\n|\n|-heal|p2a: Lunala|87/100|[from] item: Leftovers\n|-fieldend|move: Trick Room\n|upkeep\n|turn|14\n|\n|t:|1771129956\n|move|p2a: Lunala|Moongeist Beam|p1b: Calyrex\n|-damage|p1b: Calyrex|0 fnt\n|faint|p1b: Calyrex\n|\n|win|lalo's pollos\n|raw|Unskilled99's rating: 1562 &rarr; <strong>1545</strong><br />(-17 for losing)\n|raw|lalo&apos;s pollos's rating: 1619 &rarr; <strong>1636</strong><br />(+17 for winning)\n|c|\u2606lalo's pollos|sry\n|c|\u2606Unskilled99|i want to hack\n|l|\u2606Unskilled99\n|player|p1|\n","uploadtime":1771130117,"views":55,"formatid":"gen9vgc2026regi","rating":1545,"private":0,"password":null}