{"id":"gen9vgc2026regi-2520251100","format":"[Gen 9] VGC 2026 Reg I","players":["ScribbleScribble","Leuco9"],"log":"|j|\u2606ScribbleScribble\n|j|\u2606Leuco9\n|t:|1768604342\n|gametype|doubles\n|player|p1|ScribbleScribble|mina-lgpe|1460\n|player|p2|Leuco9|acetrainer|1348\n|gen|9\n|tier|[Gen 9] VGC 2026 Reg I\n|rated|\n|rule|Species Clause: Limit one of each Pok\u00e9mon\n|rule|Item Clause: Limit 1 of each item\n|clearpoke\n|poke|p1|Calyrex-Ice, L50|\n|poke|p1|Kyogre, L50|\n|poke|p1|Tornadus, L50, M|\n|poke|p1|Indeedee-F, L50, F|\n|poke|p1|Landorus, L50, M|\n|poke|p1|Urshifu-*, L50, M|\n|poke|p2|Miraidon, L50|\n|poke|p2|Calyrex-Shadow, L50|\n|poke|p2|Dondozo, L50, F|\n|poke|p2|Tatsugiri-Stretchy, L50, M|\n|poke|p2|Iron Hands, L50|\n|poke|p2|Indeedee-F, L50, F|\n|teampreview|4\n|inactive|Battle timer is ON: inactive players will automatically lose when time's up. (requested by ScribbleScribble)\n|\n|t:|1768604369\n|teamsize|p1|4\n|teamsize|p2|4\n|start\n|switch|p1a: Tornadus|Tornadus, L50, M|100/100\n|switch|p1b: Landorus|Landorus, L50, M|100/100\n|switch|p2a: Beau|Miraidon, L50|100/100\n|switch|p2b: La Catira|Dondozo, L50, F, shiny|100/100\n|-fieldstart|move: Electric Terrain|[from] ability: Hadron Engine|[of] p2a: Beau\n|turn|1\n|\n|t:|1768604382\n|switch|p2a: Yonaiker|Tatsugiri-Stretchy, L50, M|100/100\n|-activate|p2a: Yonaiker|ability: Commander|[of] p2b: La Catira\n|-boost|p2b: La Catira|atk|2\n|-boost|p2b: La Catira|spa|2\n|-boost|p2b: La Catira|spe|2\n|-boost|p2b: La Catira|def|2\n|-boost|p2b: La Catira|spd|2\n|move|p1a: Tornadus|Tailwind|p1a: Tornadus\n|-sidestart|p1: ScribbleScribble|move: Tailwind\n|move|p1b: Landorus|Sandsear Storm|p2b: La Catira|[spread] \n|-miss|p1b: Landorus|p2a: Yonaiker\n|-miss|p1b: Landorus|p2b: La Catira\n|move|p2b: La Catira|Liquidation|p1b: Landorus\n|-supereffective|p1b: Landorus\n|-damage|p1b: Landorus|0 fnt\n|faint|p1b: Landorus\n|\n|upkeep\n|inactive|ScribbleScribble has 30 seconds left.\n|\n|t:|1768604407\n|switch|p1b: Kyogre|Kyogre, L50|100/100\n|-weather|RainDance|[from] ability: Drizzle|[of] p1b: Kyogre\n|turn|2\n|\n|t:|1768604410\n|switch|p1a: Urshifu|Urshifu-Rapid-Strike, L50, M|100/100\n|move|p2b: La Catira|Protect|p2b: La Catira\n|-singleturn|p2b: La Catira|Protect\n|move|p1b: Kyogre|Thunder|p2b: La Catira\n|-activate|p2b: La Catira|move: Protect\n|\n|-weather|RainDance|[upkeep]\n|upkeep\n|turn|3\n|\n|t:|1768604421\n|move|p1b: Kyogre|Thunder|p2b: La Catira\n|-supereffective|p2b: La Catira\n|-damage|p2b: La Catira|52/100\n|move|p1a: Urshifu|Surging Strikes|p2b: La Catira\n|-resisted|p2b: La Catira\n|-crit|p2b: La Catira\n|-damage|p2b: La Catira|36/100\n|-resisted|p2b: La Catira\n|-crit|p2b: La Catira\n|-damage|p2b: La Catira|19/100\n|-resisted|p2b: La Catira\n|-crit|p2b: La Catira\n|-damage|p2b: La Catira|5/100\n|-hitcount|p2b: La Catira|3\n|move|p2b: La Catira|Earthquake|p1a: Urshifu|[spread] p1a,p1b\n|-miss|p2b: La Catira|p2a: Yonaiker\n|-damage|p1a: Urshifu|52/100\n|-damage|p1b: Kyogre|50/100\n|\n|-weather|RainDance|[upkeep]\n|-heal|p2b: La Catira|11/100|[from] item: Leftovers\n|upkeep\n|turn|4\n|\n|t:|1768604430\n|switch|p1a: Tornadus|Tornadus, L50, M|100/100\n|move|p2b: La Catira|Protect|p2b: La Catira\n|-singleturn|p2b: La Catira|Protect\n|move|p1b: Kyogre|Thunder|p2b: La Catira\n|-activate|p2b: La Catira|move: Protect\n|\n|-weather|RainDance|[upkeep]\n|-heal|p2b: La Catira|17/100|[from] item: Leftovers\n|-sideend|p1: ScribbleScribble|move: Tailwind\n|upkeep\n|turn|5\n|\n|t:|1768604437\n|move|p1a: Tornadus|Tailwind|p1a: Tornadus\n|-sidestart|p1: ScribbleScribble|move: Tailwind\n|move|p1b: Kyogre|Thunder|p2b: La Catira\n|-supereffective|p2b: La Catira\n|-damage|p2b: La Catira|0 fnt\n|faint|p2b: La Catira\n|\n|-weather|RainDance|[upkeep]\n|-fieldend|move: Electric Terrain\n|upkeep\n|\n|t:|1768604443\n|switch|p2b: Beau|Miraidon, L50|100/100\n|-fieldstart|move: Electric Terrain|[from] ability: Hadron Engine|[of] p2b: Beau\n|turn|6\n|\n|t:|1768604462\n|move|p1a: Tornadus|Bleakwind Storm|p2a: Yonaiker|[spread] p2a,p2b\n|-resisted|p2b: Beau\n|-damage|p2a: Yonaiker|52/100\n|-damage|p2b: Beau|86/100\n|move|p1b: Kyogre|Water Spout|p2b: Beau|[spread] p2a,p2b\n|-resisted|p2a: Yonaiker\n|-resisted|p2b: Beau\n|-damage|p2a: Yonaiker|35/100\n|-damage|p2b: Beau|63/100\n|move|p2b: Beau|Volt Switch|p1a: Tornadus\n|-supereffective|p1a: Tornadus\n|-enditem|p1a: Tornadus|Focus Sash\n|-damage|p1a: Tornadus|1/100\n|\n|t:|1768604469\n|switch|p2b: Calyrex|Calyrex-Shadow, L50|100/100|[from] Volt Switch\n|-ability|p2b: Calyrex|As One\n|-ability|p2b: Calyrex|Unnerve\n|move|p2a: Yonaiker|Dragon Pulse|p1a: Tornadus\n|-damage|p1a: Tornadus|0 fnt\n|faint|p1a: Tornadus\n|\n|-weather|none\n|upkeep\n|\n|t:|1768604482\n|switch|p1a: Urshifu|Urshifu-Rapid-Strike, L50, M|52/100\n|turn|7\n|\n|t:|1768604498\n|move|p1b: Kyogre|Thunder|p2a: Yonaiker|[miss]\n|-miss|p1b: Kyogre|p2a: Yonaiker\n|move|p1a: Urshifu|Surging Strikes|p2b: Calyrex\n|-crit|p2b: Calyrex\n|-damage|p2b: Calyrex|59/100\n|-crit|p2b: Calyrex\n|-damage|p2b: Calyrex|23/100\n|-crit|p2b: Calyrex\n|-damage|p2b: Calyrex|0 fnt\n|faint|p2b: Calyrex\n|-hitcount|p2: Calyrex|3\n|move|p2a: Yonaiker|Dragon Pulse|p1b: Kyogre\n|-damage|p1b: Kyogre|17/100\n|\n|upkeep\n|\n|t:|1768604504\n|switch|p2b: Beau|Miraidon, L50|63/100\n|-activate|p2b: Beau|ability: Hadron Engine\n|turn|8\n|\n|t:|1768604510\n|-terastallize|p2b: Beau|Fairy\n|move|p2a: Yonaiker|Endure|p2a: Yonaiker\n|-singleturn|p2a: Yonaiker|move: Endure\n|move|p1b: Kyogre|Hydro Pump|p2b: Beau\n|-damage|p2b: Beau|2/100\n|move|p1a: Urshifu|Surging Strikes|p2b: Beau\n|-crit|p2b: Beau\n|-damage|p2b: Beau|0 fnt\n|faint|p2b: Beau\n|-hitcount|p2: Beau|1\n|\n|-sideend|p1: ScribbleScribble|move: Tailwind\n|upkeep\n|turn|9\n|\n|t:|1768604518\n|move|p2a: Yonaiker|Endure||[still]\n|-fail|p2a: Yonaiker\n|move|p1b: Kyogre|Thunder|p2a: Yonaiker\n|-damage|p2a: Yonaiker|0 fnt\n|faint|p2a: Yonaiker\n|\n|win|ScribbleScribble\n|raw|ScribbleScribble's rating: 1437 &rarr; <strong>1452</strong><br />(+15 for winning)\n|raw|Leuco9's rating: 1348 &rarr; <strong>1333</strong><br />(-15 for losing)\n|l|\u2606Leuco9\n|player|p2|\n|l|\u2606ScribbleScribble\n|player|p1|\n","uploadtime":1768604667,"views":16,"formatid":"gen9vgc2026regi","rating":1333,"private":0,"password":null}