{"id":"gen9vgc2026regi-2532213214","format":"[Gen 9] VGC 2026 Reg I","players":["jholloway1993","kojimuranishi"],"log":"|j|\u2606jholloway1993\n|j|\u2606kojimuranishi\n|t:|1770150467\n|gametype|doubles\n|player|p1|jholloway1993|170|1402\n|player|p2|kojimuranishi|2|1509\n|gen|9\n|tier|[Gen 9] VGC 2026 Reg I\n|rated|\n|rule|Species Clause: Limit one of each Pok\u00e9mon\n|rule|Item Clause: Limit 1 of each item\n|clearpoke\n|poke|p1|Lunala, L50|\n|poke|p1|Kyogre, L50|\n|poke|p1|Raichu, L50, F|\n|poke|p1|Urshifu-*, L50, M|\n|poke|p1|Incineroar, L50, F|\n|poke|p1|Tornadus, L50, M|\n|poke|p2|Whimsicott, L50, F|\n|poke|p2|Chi-Yu, L50|\n|poke|p2|Calyrex-Ice, L50|\n|poke|p2|Miraidon, L50|\n|poke|p2|Ursaluna, L50, M|\n|poke|p2|Torkoal, L50, M|\n|teampreview|4\n|inactive|Battle timer is ON: inactive players will automatically lose when time's up. (requested by kojimuranishi)\n|\n|t:|1770150499\n|teamsize|p1|4\n|teamsize|p2|4\n|start\n|switch|p1a: Incineroar|Incineroar, L50, F|100/100\n|switch|p1b: Lunala|Lunala, L50|100/100\n|switch|p2a: Miraidon|Miraidon, L50|100/100\n|switch|p2b: Chi-Yu|Chi-Yu, L50|100/100\n|-fieldstart|move: Electric Terrain|[from] ability: Hadron Engine|[of] p2a: Miraidon\n|-ability|p2b: Chi-Yu|Beads of Ruin\n|-ability|p1a: Incineroar|Intimidate|boost\n|-unboost|p2a: Miraidon|atk|1\n|-unboost|p2b: Chi-Yu|atk|1\n|turn|1\n|\n|t:|1770150518\n|switch|p1b: Raichu|Raichu, L50, F|100/100\n|move|p2a: Miraidon|Snarl|p1a: Incineroar|[spread] p1a,p1b\n|-resisted|p1a: Incineroar\n|-damage|p1a: Incineroar|90/100\n|-damage|p1b: Raichu|79/100\n|-unboost|p1a: Incineroar|spa|1\n|-unboost|p1b: Raichu|spa|1\n|move|p2b: Chi-Yu|Dark Pulse|p1b: Raichu\n|-damage|p1b: Raichu|0 fnt\n|faint|p1b: Raichu\n|move|p1a: Incineroar|Knock Off|p2a: Miraidon\n|-damage|p2a: Miraidon|43/100\n|-enditem|p2a: Miraidon|Choice Scarf|[from] move: Knock Off|[of] p1a: Incineroar\n|\n|upkeep\n|\n|t:|1770150531\n|switch|p1b: Lunala|Lunala, L50|100/100\n|turn|2\n|\n|t:|1770150548\n|-terastallize|p1b: Lunala|Fairy\n|move|p1b: Lunala|Wide Guard|p1b: Lunala\n|-singleturn|p1b: Lunala|Wide Guard\n|move|p2a: Miraidon|Volt Switch|p1b: Lunala\n|-damage|p1b: Lunala|71/100\n|\n|t:|1770150555\n|switch|p2a: Whimsicott|Whimsicott, L50, F|100/100|[from] Volt Switch\n|move|p2b: Chi-Yu|Dark Pulse|p1b: Lunala\n|-resisted|p1b: Lunala\n|-damage|p1b: Lunala|38/100\n|move|p1a: Incineroar|Knock Off|p2b: Chi-Yu\n|-resisted|p2b: Chi-Yu\n|-damage|p2b: Chi-Yu|53/100\n|-enditem|p2b: Chi-Yu|Choice Specs|[from] move: Knock Off|[of] p1a: Incineroar\n|\n|upkeep\n|turn|3\n|\n|t:|1770150569\n|-terastallize|p2b: Chi-Yu|Ground\n|move|p2a: Whimsicott|Encore|p1b: Lunala\n|-start|p1b: Lunala|Encore\n|move|p2b: Chi-Yu|Tera Blast|p1a: Incineroar|[anim] Tera Blast Ground\n|-supereffective|p1a: Incineroar\n|-damage|p1a: Incineroar|2/100\n|move|p1b: Lunala|Wide Guard|p1b: Lunala\n|-singleturn|p1b: Lunala|Wide Guard\n|move|p1a: Incineroar|Knock Off|p2a: Whimsicott\n|-resisted|p2a: Whimsicott\n|-damage|p2a: Whimsicott|58/100\n|-enditem|p2a: Whimsicott|Focus Sash|[from] move: Knock Off|[of] p1a: Incineroar\n|\n|upkeep\n|turn|4\n|\n|t:|1770150589\n|switch|p1b: Kyogre|Kyogre, L50|100/100\n|-weather|RainDance|[from] ability: Drizzle|[of] p1b: Kyogre\n|move|p2a: Whimsicott|Moonblast|p1a: Incineroar\n|-damage|p1a: Incineroar|0 fnt\n|faint|p1a: Incineroar\n|move|p2b: Chi-Yu|Tera Blast|p1b: Kyogre|[anim] Tera Blast Ground\n|-damage|p1b: Kyogre|49/100\n|\n|-weather|RainDance|[upkeep]\n|upkeep\n|\n|t:|1770150599\n|switch|p1a: Lunala|Lunala, L50, tera:Fairy|38/100\n|turn|5\n|\n|t:|1770150623\n|move|p2a: Whimsicott|Tailwind|p2a: Whimsicott\n|-sidestart|p2: kojimuranishi|move: Tailwind\n|move|p2b: Chi-Yu|Dark Pulse|p1b: Kyogre\n|-damage|p1b: Kyogre|0 fnt\n|faint|p1b: Kyogre\n|move|p1a: Lunala|Meteor Beam||[still]\n|-prepare|p1a: Lunala|Meteor Beam\n|-boost|p1a: Lunala|spa|1\n|-enditem|p1a: Lunala|Power Herb\n|-anim|p1a: Lunala|Meteor Beam|p2a: Whimsicott\n|-crit|p2a: Whimsicott\n|-damage|p2a: Whimsicott|0 fnt\n|faint|p2a: Whimsicott\n|\n|-weather|RainDance|[upkeep]\n|-fieldend|move: Electric Terrain\n|upkeep\n|\n|t:|1770150637\n|switch|p2a: Miraidon|Miraidon, L50|43/100\n|-fieldstart|move: Electric Terrain|[from] ability: Hadron Engine|[of] p2a: Miraidon\n|turn|6\n|\n|t:|1770150645\n|move|p2a: Miraidon|Electro Drift|p1a: Lunala\n|-damage|p1a: Lunala|0 fnt\n|faint|p1a: Lunala\n|\n|win|kojimuranishi\n|raw|jholloway1993's rating: 1402 &rarr; <strong>1388</strong><br />(-14 for losing)\n|raw|kojimuranishi's rating: 1509 &rarr; <strong>1523</strong><br />(+14 for winning)\n|l|\u2606kojimuranishi\n|player|p2|\n","uploadtime":1770150815,"views":14,"formatid":"gen9vgc2026regi","rating":1388,"private":0,"password":null}