{"id":"gen9vgc2026regi-2564529464","format":"[Gen 9] VGC 2026 Reg I","players":["4alo","terafireflareblitz"],"log":"|j|\u26064alo\n|j|\u2606terafireflareblitz\n|t:|1774158165\n|gametype|doubles\n|player|p1|4alo|170|1397\n|player|p2|terafireflareblitz|sycamore|1457\n|gen|9\n|tier|[Gen 9] VGC 2026 Reg I\n|rated|\n|rule|Species Clause: Limit one of each Pok\u00e9mon\n|rule|Item Clause: Limit 1 of each item\n|clearpoke\n|poke|p1|Lunala, L50|\n|poke|p1|Zacian-*, L50|\n|poke|p1|Urshifu-*, L50, F|\n|poke|p1|Rillaboom, L50, F|\n|poke|p1|Pelipper, L50, M|\n|poke|p1|Raging Bolt, L50|\n|poke|p2|Koraidon, L50|\n|poke|p2|Lunala, L50|\n|poke|p2|Indeedee-F, L50, F|\n|poke|p2|Flutter Mane, L50|\n|poke|p2|Volcarona, L50, F|\n|poke|p2|Ursaluna, L50, F|\n|teampreview|4\n|inactive|Battle timer is ON: inactive players will automatically lose when time's up. (requested by terafireflareblitz)\n4alo rejected open team sheets.\n|inactive|4alo has 60 seconds left.\n|inactive|terafireflareblitz has 60 seconds left.\n|\n|t:|1774158215\n|teamsize|p1|4\n|teamsize|p2|4\n|start\n|switch|p1a: Pelipper|Pelipper, L50, M|100/100\n|switch|p1b: Lunala|Lunala, L50|100/100\n|switch|p2a: Lunala|Lunala, L50, shiny|100/100\n|switch|p2b: Indeedee|Indeedee-F, L50, F|100/100\n|-weather|RainDance|[from] ability: Drizzle|[of] p1a: Pelipper\n|-fieldstart|move: Psychic Terrain|[from] ability: Psychic Surge|[of] p2b: Indeedee\n|turn|1\n|\n|t:|1774158224\n|switch|p1a: Rillaboom|Rillaboom, L50, F|100/100\n|-fieldstart|move: Grassy Terrain|[from] ability: Grassy Surge|[of] p1a: Rillaboom\n|-terastallize|p1b: Lunala|Fairy\n|move|p2a: Lunala|Meteor Beam||[still]\n|-prepare|p2a: Lunala|Meteor Beam\n|-boost|p2a: Lunala|spa|1\n|-enditem|p2a: Lunala|Power Herb\n|-anim|p2a: Lunala|Meteor Beam|p1a: Rillaboom\n|-damage|p1a: Rillaboom|59/100\n|move|p1b: Lunala|Calm Mind|p1b: Lunala\n|-boost|p1b: Lunala|spa|1\n|-boost|p1b: Lunala|spd|1\n|move|p2b: Indeedee|Alluring Voice|p1a: Rillaboom\n|-damage|p1a: Rillaboom|48/100\n|\n|-weather|RainDance|[upkeep]\n|-heal|p1a: Rillaboom|53/100|[from] Grassy Terrain\n|upkeep\n|turn|2\n|\n|t:|1774158245\n|switch|p2b: Volcarona|Volcarona, L50, F|100/100\n|move|p2a: Lunala|Moongeist Beam|p1a: Rillaboom\n|-crit|p1a: Rillaboom\n|-damage|p1a: Rillaboom|0 fnt\n|faint|p1a: Rillaboom\n|move|p1b: Lunala|Moonblast|p2b: Volcarona\n|-resisted|p2b: Volcarona\n|-crit|p2b: Volcarona\n|-damage|p2b: Volcarona|53/100\n|\n|-weather|RainDance|[upkeep]\n|-heal|p2b: Volcarona|59/100|[from] Grassy Terrain\n|upkeep\n|\n|t:|1774158250\n|switch|p1a: Pelipper|Pelipper, L50, M|100/100\n|turn|3\n|inactive|terafireflareblitz has 30 seconds left.\n|inactive|terafireflareblitz has 20 seconds left.\n|\n|t:|1774158287\n|-terastallize|p2a: Lunala|Water\n|move|p1a: Pelipper|Tailwind|p1a: Pelipper\n|-sidestart|p1: 4alo|move: Tailwind\n|move|p1b: Lunala|Moongeist Beam|p2b: Volcarona\n|-damage|p2b: Volcarona|0 fnt\n|faint|p2b: Volcarona\n|move|p2a: Lunala|Moongeist Beam|p1a: Pelipper\n|-enditem|p1a: Pelipper|Focus Sash\n|-damage|p1a: Pelipper|1/100\n|\n|-weather|RainDance|[upkeep]\n|upkeep\n|\n|t:|1774158294\n|switch|p2b: Indeedee|Indeedee-F, L50, F|100/100\n|-fieldstart|move: Psychic Terrain|[from] ability: Psychic Surge|[of] p2b: Indeedee\n|turn|4\n|\n|t:|1774158304\n|move|p2a: Lunala|Wide Guard|p2a: Lunala\n|-singleturn|p2a: Lunala|Wide Guard\n|move|p1a: Pelipper|Weather Ball|p2b: Indeedee\n|-damage|p2b: Indeedee|44/100\n|move|p1b: Lunala|Moonblast|p2b: Indeedee\n|-damage|p2b: Indeedee|0 fnt\n|faint|p2b: Indeedee\n|\n|-weather|RainDance|[upkeep]\n|upkeep\n|\n|t:|1774158319\n|switch|p2b: Koraidon|Koraidon, L50, shiny|100/100\n|-weather|SunnyDay|[from] ability: Orichalcum Pulse|[of] p2b: Koraidon\n|-activate|p2b: Koraidon|Orichalcum Pulse|[source]\n|turn|5\n|\n|t:|1774158327\n|move|p2b: Koraidon|Protect|p2b: Koraidon\n|-singleturn|p2b: Koraidon|Protect\n|move|p1a: Pelipper|Weather Ball|p2a: Lunala\n|-resisted|p2a: Lunala\n|-damage|p2a: Lunala|93/100\n|move|p1b: Lunala|Moonblast|p2b: Koraidon\n|-activate|p2b: Koraidon|move: Protect\n|move|p2a: Lunala|Expanding Force|p1b: Lunala|[spread] p1a,p1b\n|-damage|p1a: Pelipper|0 fnt\n|-damage|p1b: Lunala|78/100\n|faint|p1a: Pelipper\n|\n|-weather|SunnyDay|[upkeep]\n|-heal|p1b: Lunala|84/100|[from] item: Leftovers\n|upkeep\n|\n|t:|1774158328\n|switch|p1a: Zacian|Zacian-Crowned, L50|100/100\n|-ability|p1a: Zacian|Intrepid Sword|boost\n|-boost|p1a: Zacian|atk|1\n|turn|6\n|\n|t:|1774158336\n|move|p2b: Koraidon|Protect||[still]\n|-fail|p2b: Koraidon\n|move|p1a: Zacian|Play Rough|p2a: Lunala\n|-damage|p2a: Lunala|31/100\n|move|p1b: Lunala|Moonblast|p2b: Koraidon\n|-supereffective|p2b: Koraidon\n|-crit|p2b: Koraidon\n|-damage|p2b: Koraidon|0 fnt\n|faint|p2b: Koraidon\n|move|p2a: Lunala|Moongeist Beam|p1a: Zacian\n|-damage|p1a: Zacian|22/100\n|\n|-weather|SunnyDay|[upkeep]\n|-heal|p1b: Lunala|90/100|[from] item: Leftovers\n|-sideend|p1: 4alo|move: Tailwind\n|upkeep\n|turn|7\n|-message|terafireflareblitz forfeited.\n|\n|win|4alo\n|raw|4alo's rating: 1397 &rarr; <strong>1420</strong><br />(+23 for winning)\n|raw|terafireflareblitz's rating: 1457 &rarr; <strong>1434</strong><br />(-23 for losing)\n|l|\u2606terafireflareblitz\n|player|p2|\n|l|\u26064alo\n|player|p1|\n","uploadtime":1774158345,"views":12,"formatid":"gen9vgc2026regi","rating":1420,"private":0,"password":null}