{"id":"gen9vgc2026regi-2521292828","format":"[Gen 9] VGC 2026 Reg I","players":["Articunothegoat","Schimmli"],"log":"|j|\u2606Articunothegoat\n|j|\u2606Schimmli\n|t:|1768757651\n|gametype|doubles\n|player|p1|Articunothegoat|juggler|1356\n|player|p2|Schimmli|265|1560\n|gen|9\n|tier|[Gen 9] VGC 2026 Reg I\n|rated|\n|rule|Species Clause: Limit one of each Pok\u00e9mon\n|rule|Item Clause: Limit 1 of each item\n|clearpoke\n|poke|p1|Calyrex-Shadow, L50|\n|poke|p1|Zamazenta-*, L50|\n|poke|p1|Rillaboom, L50, M|\n|poke|p1|Chien-Pao, L50|\n|poke|p1|Raging Bolt, L50|\n|poke|p1|Farigiraf, L50, F|\n|poke|p2|Terapagos, L50, M|\n|poke|p2|Calyrex-Shadow, L50|\n|poke|p2|Flutter Mane, L50|\n|poke|p2|Ogerpon-Cornerstone, L50, F|\n|poke|p2|Incineroar, L50, M|\n|poke|p2|Rillaboom, L50, F|\n|teampreview|4\n|inactive|Battle timer is ON: inactive players will automatically lose when time's up. (requested by Articunothegoat)\n|j| kvoth777\n|\n|t:|1768757670\n|teamsize|p1|4\n|teamsize|p2|4\n|start\n|switch|p1a: Calyfornia|Calyrex-Shadow, L50|100/100\n|switch|p1b: 50 zenta|Zamazenta-Crowned, L50|100/100\n|switch|p2a: Terapagos|Terapagos, L50, M|100/100\n|switch|p2b: Calyrex|Calyrex-Shadow, L50|100/100\n|-activate|p2a: Terapagos|ability: Tera Shift\n|detailschange|p2a: Terapagos|Terapagos-Terastal, L50, M\n|-heal|p2a: Terapagos|100/100|[silent]\n|-ability|p1a: Calyfornia|As One\n|-ability|p1a: Calyfornia|Unnerve\n|-ability|p2b: Calyrex|As One\n|-ability|p2b: Calyrex|Unnerve\n|-ability|p1b: 50 zenta|Dauntless Shield|boost\n|-boost|p1b: 50 zenta|def|1\n|turn|1\n|\n|t:|1768757681\n|move|p2b: Calyrex|Will-O-Wisp|p1b: 50 zenta|[miss]\n|-miss|p2b: Calyrex|p1b: 50 zenta\n|move|p1a: Calyfornia|Psychic|p2a: Terapagos\n|-activate|p2a: Terapagos|ability: Tera Shell\n|-resisted|p2a: Terapagos\n|-damage|p2a: Terapagos|70/100\n|-damage|p1a: Calyfornia|91/100|[from] item: Life Orb\n|move|p1b: 50 zenta|Body Press|p2a: Terapagos\n|-supereffective|p2a: Terapagos\n|-damage|p2a: Terapagos|0 fnt\n|faint|p2a: Terapagos\n|\n|upkeep\n|\n|t:|1768757694\n|switch|p2a: Incineroar|Incineroar, L50, M, shiny|100/100\n|-ability|p2a: Incineroar|Intimidate|boost\n|-unboost|p1a: Calyfornia|atk|1\n|-unboost|p1b: 50 zenta|atk|1\n|turn|2\n|l| kvoth777\n|\n|t:|1768757709\n|move|p1a: Calyfornia|Protect|p1a: Calyfornia\n|-singleturn|p1a: Calyfornia|Protect\n|move|p1b: 50 zenta|Protect|p1b: 50 zenta\n|-singleturn|p1b: 50 zenta|Protect\n|move|p2b: Calyrex|Astral Barrage|p1a: Calyfornia|[spread] \n|-activate|p1a: Calyfornia|move: Protect\n|-activate|p1b: 50 zenta|move: Protect\n|move|p2a: Incineroar|Will-O-Wisp|p1b: 50 zenta\n|-activate|p1b: 50 zenta|move: Protect\n|\n|upkeep\n|turn|3\n|\n|t:|1768757723\n|-terastallize|p1a: Calyfornia|Fairy\n|move|p2b: Calyrex|Protect|p2b: Calyrex\n|-singleturn|p2b: Calyrex|Protect\n|move|p1a: Calyfornia|Draining Kiss|p2b: Calyrex\n|-activate|p2b: Calyrex|move: Protect\n|move|p1b: 50 zenta|Body Press|p2a: Incineroar\n|-supereffective|p2a: Incineroar\n|-damage|p2a: Incineroar|10/100\n|-damage|p1b: 50 zenta|84/100|[from] item: Rocky Helmet|[of] p2a: Incineroar\n|move|p2a: Incineroar|Knock Off|p1a: Calyfornia\n|-resisted|p1a: Calyfornia\n|-damage|p1a: Calyfornia|65/100\n|-enditem|p1a: Calyfornia|Life Orb|[from] move: Knock Off|[of] p2a: Incineroar\n|\n|upkeep\n|turn|4\n|\n|t:|1768757740\n|switch|p2a: Rillaboom|Rillaboom, L50, F|100/100\n|-fieldstart|move: Grassy Terrain|[from] ability: Grassy Surge|[of] p2a: Rillaboom\n|move|p1b: 50 zenta|Wide Guard|p1b: 50 zenta\n|-singleturn|p1b: 50 zenta|Wide Guard\n|move|p1a: Calyfornia|Astral Barrage|p2b: Calyrex|[spread] p2a,p2b\n|-supereffective|p2b: Calyrex\n|-damage|p2a: Rillaboom|70/100\n|-enditem|p2b: Calyrex|Focus Sash\n|-damage|p2b: Calyrex|1/100\n|move|p2b: Calyrex|Astral Barrage|p1a: Calyfornia|[spread] \n|-activate|p1a: Calyfornia|move: Wide Guard\n|-activate|p1b: 50 zenta|move: Wide Guard\n|\n|-heal|p2b: Calyrex|7/100|[from] Grassy Terrain\n|-heal|p1a: Calyfornia|71/100|[from] Grassy Terrain\n|-heal|p1b: 50 zenta|90/100|[from] Grassy Terrain\n|-heal|p2a: Rillaboom|76/100|[from] Grassy Terrain\n|upkeep\n|turn|5\n|\n|t:|1768757762\n|move|p2a: Rillaboom|Fake Out|p1a: Calyfornia\n|-damage|p1a: Calyfornia|56/100\n|cant|p1a: Calyfornia|flinch\n|move|p2b: Calyrex|Disable|p1b: 50 zenta\n|-start|p1b: 50 zenta|Disable|Wide Guard\n|move|p1b: 50 zenta|Body Press|p2a: Rillaboom\n|-damage|p2a: Rillaboom|13/100\n|\n|-heal|p1a: Calyfornia|62/100|[from] Grassy Terrain\n|-heal|p2b: Calyrex|12/100|[from] Grassy Terrain\n|-heal|p1b: 50 zenta|96/100|[from] Grassy Terrain\n|-heal|p2a: Rillaboom|19/100|[from] Grassy Terrain\n|upkeep\n|turn|6\n|\n|t:|1768757776\n|move|p2a: Rillaboom|Grassy Glide|p1a: Calyfornia\n|-damage|p1a: Calyfornia|20/100\n|move|p2b: Calyrex|Astral Barrage|p1b: 50 zenta|[spread] p1a,p1b\n|-damage|p1a: Calyfornia|0 fnt\n|-damage|p1b: 50 zenta|61/100\n|faint|p1a: Calyfornia\n|-ability|p2b: Calyrex|Grim Neigh|boost\n|-boost|p2b: Calyrex|spa|1\n|move|p1b: 50 zenta|Body Press|p2a: Rillaboom\n|-damage|p2a: Rillaboom|0 fnt\n|faint|p2a: Rillaboom\n|\n|-heal|p2b: Calyrex|18/100|[from] Grassy Terrain\n|-heal|p1b: 50 zenta|66/100|[from] Grassy Terrain\n|upkeep\n|\n|t:|1768757789\n|switch|p1a: Farigiraf|Farigiraf, L50, F|100/100\n|switch|p2a: Incineroar|Incineroar, L50, M, shiny|10/100\n|-ability|p2a: Incineroar|Intimidate|boost\n|-unboost|p1a: Farigiraf|atk|1\n|-unboost|p1b: 50 zenta|atk|1\n|turn|7\n|\n|t:|1768757798\n|move|p2b: Calyrex|Astral Barrage|p1a: Farigiraf|[spread] p1b\n|-immune|p1a: Farigiraf\n|-crit|p1b: 50 zenta\n|-damage|p1b: 50 zenta|0 fnt\n|faint|p1b: 50 zenta\n|-ability|p2b: Calyrex|Grim Neigh|boost\n|-boost|p2b: Calyrex|spa|1\n|move|p2a: Incineroar|Knock Off|p1a: Farigiraf\n|-supereffective|p1a: Farigiraf\n|-damage|p1a: Farigiraf|32/100\n|-enditem|p1a: Farigiraf|Throat Spray|[from] move: Knock Off|[of] p2a: Incineroar\n|move|p1a: Farigiraf|Foul Play|p2b: Calyrex\n|-supereffective|p2b: Calyrex\n|-damage|p2b: Calyrex|0 fnt\n|faint|p2b: Calyrex\n|\n|-heal|p2a: Incineroar|16/100|[from] Grassy Terrain\n|-heal|p1a: Farigiraf|38/100|[from] Grassy Terrain\n|upkeep\n|\n|t:|1768757804\n|switch|p1b: tien shin han|Chien-Pao, L50|100/100\n|-ability|p1b: tien shin han|Sword of Ruin\n|turn|8\n|\n|t:|1768757815\n|move|p1b: tien shin han|Crunch|p2a: Incineroar\n|-resisted|p2a: Incineroar\n|-damage|p2a: Incineroar|0 fnt\n|-damage|p1b: tien shin han|84/100|[from] item: Rocky Helmet|[of] p2a: Incineroar\n|faint|p2a: Incineroar\n|\n|win|Articunothegoat\n|raw|Articunothegoat's rating: 1356 &rarr; <strong>1387</strong><br />(+31 for winning)\n|raw|Schimmli's rating: 1560 &rarr; <strong>1529</strong><br />(-31 for losing)\n|l|\u2606Schimmli\n|player|p2|\n|l|\u2606Articunothegoat\n|player|p1|\n","uploadtime":1768757953,"views":17,"formatid":"gen9vgc2026regi","rating":1387,"private":0,"password":null}