{"id":"gen9vgc2026regi-2578880403","format":"[Gen 9] VGC 2026 Reg I","players":["Sheevp","don juan dozo"],"log":"|j|\u2606Sheevp\n|j|\u2606don juan dozo\n|t:|1775731594\n|gametype|doubles\n|player|p1|Sheevp|102|1471\n|player|p2|don juan dozo|170|1563\n|gen|9\n|tier|[Gen 9] VGC 2026 Reg I\n|rated|\n|rule|Species Clause: Limit one of each Pok\u00e9mon\n|rule|Item Clause: Limit 1 of each item\n|clearpoke\n|poke|p1|Miraidon, L50|\n|poke|p1|Okidogi, L50, M|\n|poke|p1|Lunala, L50|\n|poke|p1|Iron Bundle, L50|\n|poke|p1|Ursaluna, L50, M|\n|poke|p1|Ogerpon-Hearthflame, L50, F|\n|poke|p2|Calyrex-Shadow, L50|\n|poke|p2|Zamazenta-*, L50|\n|poke|p2|Ting-Lu, L50|\n|poke|p2|Dondozo, L50, M|\n|poke|p2|Chien-Pao, L50|\n|poke|p2|Ogerpon-Hearthflame, L50, F|\n|teampreview|4\n|\n|t:|1775731612\n|teamsize|p1|4\n|teamsize|p2|4\n|start\n|switch|p1a: Iron Bundle|Iron Bundle, L50|100/100\n|switch|p1b: Miraidon|Miraidon, L50|100/100\n|switch|p2a: 221 speed|Calyrex-Shadow, L50|100/100\n|switch|p2b: Chromakopia|Ogerpon-Hearthflame, L50, F|100/100\n|-ability|p2a: 221 speed|As One\n|-ability|p2a: 221 speed|Unnerve\n|-fieldstart|move: Electric Terrain|[from] ability: Hadron Engine|[of] p1b: Miraidon\n|-activate|p1a: Iron Bundle|ability: Quark Drive\n|-start|p1a: Iron Bundle|quarkdrivespe\n|-ability|p2b: Chromakopia|Mold Breaker\n|turn|1\n|\n|t:|1775731629\n|switch|p2a: Jordan 96/97|Ting-Lu, L50|100/100\n|-ability|p2a: Jordan 96/97|Vessel of Ruin\n|move|p1a: Iron Bundle|Icy Wind|p2b: Chromakopia|[spread] p2a,p2b\n|-supereffective|p2a: Jordan 96/97\n|-damage|p2a: Jordan 96/97|82/100\n|-damage|p2b: Chromakopia|81/100\n|-unboost|p2a: Jordan 96/97|spe|1\n|-unboost|p2b: Chromakopia|spe|1\n|move|p1b: Miraidon|Draco Meteor|p2a: Jordan 96/97|[miss]\n|-miss|p1b: Miraidon|p2a: Jordan 96/97\n|move|p2b: Chromakopia|Ivy Cudgel|p1a: Iron Bundle|[anim] Ivy Cudgel Fire\n|-damage|p1a: Iron Bundle|22/100\n|\n|upkeep\n|turn|2\n|\n|t:|1775731648\n|switch|p1b: Ogerpon|Ogerpon-Hearthflame, L50, F|100/100\n|-ability|p1b: Ogerpon|Mold Breaker\n|move|p1a: Iron Bundle|Protect|p1a: Iron Bundle\n|-singleturn|p1a: Iron Bundle|Protect\n|move|p2b: Chromakopia|Ivy Cudgel|p1a: Iron Bundle|[anim] Ivy Cudgel Fire\n|-activate|p1a: Iron Bundle|move: Protect\n|move|p2a: Jordan 96/97|Sand Tomb|p1b: Ogerpon\n|-damage|p1b: Ogerpon|83/100\n|-activate|p1b: Ogerpon|move: Sand Tomb|[of] p2a: Jordan 96/97\n|\n|-damage|p1b: Ogerpon|71/100|[from] move: Sand Tomb|[partiallytrapped]\n|upkeep\n|turn|3\n|\n|t:|1775731663\n|move|p1a: Iron Bundle|Freeze-Dry|p2b: Chromakopia\n|-damage|p2b: Chromakopia|47/100\n|move|p1b: Ogerpon|Ivy Cudgel|p2b: Chromakopia|[anim] Ivy Cudgel Fire\n|-damage|p2b: Chromakopia|0 fnt\n|faint|p2b: Chromakopia\n|move|p2a: Jordan 96/97|Sand Tomb|p1a: Iron Bundle\n|-damage|p1a: Iron Bundle|4/100\n|-activate|p1a: Iron Bundle|move: Sand Tomb|[of] p2a: Jordan 96/97\n|\n|-damage|p1a: Iron Bundle|0 fnt|[from] move: Sand Tomb|[partiallytrapped]\n|faint|p1a: Iron Bundle\n|-end|p1a: Iron Bundle|Quark Drive|[silent]\n|-damage|p1b: Ogerpon|59/100|[from] move: Sand Tomb|[partiallytrapped]\n|upkeep\n|\n|t:|1775731671\n|switch|p1a: Lunala|Lunala, L50|100/100\n|switch|p2b: 221 speed|Calyrex-Shadow, L50|100/100\n|-ability|p2b: 221 speed|As One\n|-ability|p2b: 221 speed|Unnerve\n|-enditem|p1a: Lunala|Electric Seed\n|-boost|p1a: Lunala|def|1|[from] item: Electric Seed\n|turn|4\n|\n|t:|1775731679\n|-terastallize|p1a: Lunala|Fairy\n|move|p1a: Lunala|Wide Guard|p1a: Lunala\n|-singleturn|p1a: Lunala|Wide Guard\n|move|p2b: 221 speed|Psychic|p1b: Ogerpon\n|-damage|p1b: Ogerpon|8/100\n|move|p1b: Ogerpon|Horn Leech|p2a: Jordan 96/97\n|-supereffective|p2a: Jordan 96/97\n|-damage|p2a: Jordan 96/97|40/100\n|-heal|p1b: Ogerpon|44/100|[from] drain|[of] p2a: Jordan 96/97\n|-damage|p1b: Ogerpon|28/100|[from] item: Rocky Helmet|[of] p2a: Jordan 96/97\n|move|p2a: Jordan 96/97|Ruination|p1a: Lunala\n|-damage|p1a: Lunala|51/100\n|\n|-damage|p1b: Ogerpon|15/100|[from] move: Sand Tomb|[partiallytrapped]\n|upkeep\n|turn|5\n|\n|t:|1775731698\n|move|p1b: Ogerpon|Spiky Shield|p1b: Ogerpon\n|-singleturn|p1b: Ogerpon|move: Protect\n|move|p2b: 221 speed|Encore|p1a: Lunala\n|-start|p1a: Lunala|Encore\n|move|p1a: Lunala|Wide Guard|p1a: Lunala\n|-singleturn|p1a: Lunala|Wide Guard\n|move|p2a: Jordan 96/97|Sand Tomb|p1a: Lunala\n|-damage|p1a: Lunala|43/100\n|-activate|p1a: Lunala|move: Sand Tomb|[of] p2a: Jordan 96/97\n|\n|-damage|p1b: Ogerpon|3/100|[from] move: Sand Tomb|[partiallytrapped]\n|-damage|p1a: Lunala|31/100|[from] move: Sand Tomb|[partiallytrapped]\n|-fieldend|move: Electric Terrain\n|upkeep\n|turn|6\n|l|\u2606Sheevp\n|player|p1|\n|inactive|Battle timer is ON: inactive players will automatically lose when time's up. (requested by don juan dozo)\n|inactive|Sheevp has 30 seconds to reconnect!\n|inactive|Sheevp has 20 seconds to reconnect!\n|inactive|Sheevp has 15 seconds to reconnect!\n|inactive|Sheevp has 10 seconds to reconnect!\n|inactive|Sheevp has 5 seconds to reconnect!\n|-message|Sheevp lost due to inactivity.\n|\n|win|don juan dozo\n|raw|Sheevp's rating: 1471 &rarr; <strong>1456</strong><br />(-15 for losing)\n|raw|don juan dozo's rating: 1563 &rarr; <strong>1578</strong><br />(+15 for winning)\n|j|\u2606Sheevp\n|player|p1|Sheevp|102|\n|l|\u2606Sheevp\n|player|p1|\n|l|\u2606don juan dozo\n|player|p2|\n","uploadtime":1775732036,"views":8,"formatid":"gen9vgc2026regi","rating":1456,"private":0,"password":null}