{"id":"gen9vgc2026regi-2554811925","format":"[Gen 9] VGC 2026 Reg I","players":["jj11j1","Metatitan"],"log":"|j|\u2606jj11j1\n|j|\u2606Metatitan\n|t:|1773014503\n|gametype|doubles\n|player|p1|jj11j1|266|1094\n|player|p2|Metatitan|cynthia-gen4|1186\n|gen|9\n|tier|[Gen 9] VGC 2026 Reg I\n|rated|\n|rule|Species Clause: Limit one of each Pok\u00e9mon\n|rule|Item Clause: Limit 1 of each item\n|clearpoke\n|poke|p1|Kyogre, L50|\n|poke|p1|Calyrex-Ice, L50|\n|poke|p1|Landorus, L50, M|\n|poke|p1|Urshifu-*, L50, M|\n|poke|p1|Smeargle, L50, F|\n|poke|p1|Flutter Mane, L50|\n|poke|p2|Rayquaza, L50|\n|poke|p2|Kyogre, L50|\n|poke|p2|Tornadus, L50, M|\n|poke|p2|Chien-Pao, L50|\n|poke|p2|Malamar, L50, M|\n|poke|p2|Rhydon, L50, M|\n|teampreview|4\n|inactive|Battle timer is ON: inactive players will automatically lose when time's up. (requested by Metatitan)\n|inactive|Metatitan has 60 seconds left.\n|\n|t:|1773014562\n|teamsize|p1|4\n|teamsize|p2|4\n|start\n|switch|p1a: Flutter Mane|Flutter Mane, L50|100/100\n|switch|p1b: Smeargle|Smeargle, L50, F|100/100\n|switch|p2a: Kyogre|Kyogre, L50|100/100\n|switch|p2b: Tornadus|Tornadus, L50, M|100/100\n|-weather|RainDance|[from] ability: Drizzle|[of] p2a: Kyogre\n|turn|1\n|\n|t:|1773014584\n|move|p2a: Kyogre|Protect|p2a: Kyogre\n|-singleturn|p2a: Kyogre|Protect\n|move|p1b: Smeargle|Fake Out|p2b: Tornadus\n|-damage|p2b: Tornadus|93/100\n|move|p2b: Tornadus|Bleakwind Storm|p1b: Smeargle|[spread] p1a,p1b\n|-damage|p1a: Flutter Mane|59/100\n|-damage|p1b: Smeargle|42/100\n|move|p1a: Flutter Mane|Trick Room|p1a: Flutter Mane\n|-fieldstart|move: Trick Room|[of] p1a: Flutter Mane\n|\n|-weather|RainDance|[upkeep]\n|-ability|p1b: Smeargle|Moody|boost\n|-boost|p1b: Smeargle|atk|2\n|-unboost|p1b: Smeargle|spa|1\n|-enditem|p1b: Smeargle|Eject Pack\n|upkeep\n|\n|t:|1773014599\n|switch|p1b: Calyrex|Calyrex-Ice, L50|100/100\n|-ability|p1b: Calyrex|As One\n|-ability|p1b: Calyrex|Unnerve\n|turn|2\n|\n|t:|1773014618\n|-terastallize|p1b: Calyrex|Grass\n|move|p2b: Tornadus|Scary Face|p2a: Kyogre\n|-unboost|p2a: Kyogre|spe|2\n|move|p1b: Calyrex|Glacial Lance|p2a: Kyogre|[spread] p2a,p2b\n|-resisted|p2a: Kyogre\n|-supereffective|p2b: Tornadus\n|-damage|p2a: Kyogre|69/100\n|-damage|p2b: Tornadus|0 fnt\n|faint|p2b: Tornadus\n|-ability|p1b: Calyrex|Chilling Neigh|boost\n|-boost|p1b: Calyrex|atk|1\n|move|p2a: Kyogre|Water Spout|p1a: Flutter Mane|[spread] p1a,p1b\n|-resisted|p1b: Calyrex\n|-damage|p1a: Flutter Mane|0 fnt\n|-damage|p1b: Calyrex|69/100\n|faint|p1a: Flutter Mane\n|-end|p1a: Flutter Mane|Protosynthesis|[silent]\n|\n|-weather|RainDance|[upkeep]\n|upkeep\n|\n|t:|1773014640\n|switch|p2b: Rayquaza|Rayquaza, L50, shiny|100/100\n|switch|p1a: Smeargle|Smeargle, L50, F|42/100\n|-ability|p2b: Rayquaza|Air Lock\n|turn|3\n|\n|t:|1773014666\n|move|p2a: Kyogre|Protect|p2a: Kyogre\n|-singleturn|p2a: Kyogre|Protect\n|move|p2b: Rayquaza|Protect|p2b: Rayquaza\n|-singleturn|p2b: Rayquaza|Protect\n|move|p1a: Smeargle|Fake Out|p2b: Rayquaza\n|-activate|p2b: Rayquaza|move: Protect\n|move|p1b: Calyrex|Glacial Lance|p2b: Rayquaza|[spread] \n|-activate|p2a: Kyogre|move: Protect\n|-activate|p2b: Rayquaza|move: Protect\n|\n|-weather|RainDance|[upkeep]\n|-ability|p1a: Smeargle|Moody|boost\n|-boost|p1a: Smeargle|spa|2\n|-unboost|p1a: Smeargle|spe|1\n|upkeep\n|turn|4\n|\n|t:|1773014686\n|move|p1a: Smeargle|Follow Me|p1a: Smeargle\n|-singleturn|p1a: Smeargle|move: Follow Me\n|move|p2b: Rayquaza|Extreme Speed|p1a: Smeargle\n|-damage|p1a: Smeargle|0 fnt\n|faint|p1a: Smeargle\n|move|p1b: Calyrex|Glacial Lance|p2b: Rayquaza|[spread] p2a,p2b\n|-resisted|p2a: Kyogre\n|-supereffective|p2b: Rayquaza\n|-damage|p2a: Kyogre|22/100\n|-enditem|p2b: Rayquaza|Focus Sash\n|-damage|p2b: Rayquaza|1/100\n|move|p2a: Kyogre|Ice Beam|p1b: Calyrex\n|-supereffective|p1b: Calyrex\n|-damage|p1b: Calyrex|16/100\n|\n|-weather|RainDance|[upkeep]\n|upkeep\n|\n|t:|1773014703\n|switch|p1a: Kyogre|Kyogre, L50|100/100\n|turn|5\n|\n|t:|1773014714\n|move|p2b: Rayquaza|Extreme Speed|p1b: Calyrex\n|-damage|p1b: Calyrex|0 fnt\n|faint|p1b: Calyrex\n|move|p1a: Kyogre|Water Spout|p2a: Kyogre|[spread] p2a,p2b\n|-resisted|p2a: Kyogre\n|-resisted|p2b: Rayquaza\n|-damage|p2a: Kyogre|0 fnt\n|-damage|p2b: Rayquaza|0 fnt\n|faint|p2a: Kyogre\n|faint|p2b: Rayquaza\n|\n|-weather|none\n|-fieldend|move: Trick Room\n|upkeep\n|\n|t:|1773014724\n|switch|p2b: Chien-Pao|Chien-Pao, L50|100/100\n|-ability|p2b: Chien-Pao|Sword of Ruin\n|turn|6\n|\n|t:|1773014732\n|move|p2b: Chien-Pao|Throat Chop|p1a: Kyogre\n|-damage|p1a: Kyogre|31/100\n|-start|p1a: Kyogre|Throat Chop|[silent]\n|-damage|p2b: Chien-Pao|91/100|[from] item: Life Orb\n|move|p1a: Kyogre|Hydro Pump|p2b: Chien-Pao|[miss]\n|-miss|p1a: Kyogre|p2b: Chien-Pao\n|\n|upkeep\n|turn|7\n|\n|t:|1773014741\n|move|p2b: Chien-Pao|Throat Chop|p1a: Kyogre\n|-damage|p1a: Kyogre|0 fnt\n|faint|p1a: Kyogre\n|-damage|p2b: Chien-Pao|81/100|[from] item: Life Orb\n|\n|win|Metatitan\n|raw|jj11j1's rating: 1094 &rarr; <strong>1076</strong><br />(-18 for losing)\n|raw|Metatitan's rating: 1186 &rarr; <strong>1205</strong><br />(+19 for winning)\n|l|\u2606jj11j1\n|player|p1|\n|l|\u2606Metatitan\n|player|p2|\n","uploadtime":1773014958,"views":16,"formatid":"gen9vgc2026regi","rating":1076,"private":0,"password":null}