{"id":"gen9vgc2026regi-2561273325","format":"[Gen 9] VGC 2026 Reg I","players":["skwerl","SnorlaxPikachu1"],"log":"|j|\u2606skwerl\n|j|\u2606SnorlaxPikachu1\n|t:|1773779368\n|gametype|doubles\n|player|p1|skwerl|170|1405\n|player|p2|SnorlaxPikachu1|palmer|1602\n|gen|9\n|tier|[Gen 9] VGC 2026 Reg I\n|rated|\n|rule|Species Clause: Limit one of each Pok\u00e9mon\n|rule|Item Clause: Limit 1 of each item\n|clearpoke\n|poke|p1|Miraidon, L50|\n|poke|p1|Calyrex-Ice, L50|\n|poke|p1|Incineroar, L50, F|\n|poke|p1|Grimmsnarl, L50, M|\n|poke|p1|Tornadus, L50, M|\n|poke|p1|Urshifu-*, L50, F|\n|poke|p2|Koraidon, L50|\n|poke|p2|Calyrex-Shadow, L50|\n|poke|p2|Roaring Moon, L50|\n|poke|p2|Ogerpon-Hearthflame, L50, F|\n|poke|p2|Glimmora, L50, F|\n|poke|p2|Incineroar, L50, F|\n|teampreview|4\n|inactive|Battle timer is ON: inactive players will automatically lose when time's up. (requested by skwerl)\n|j| trajan29\n|inactive|skwerl has 60 seconds left.\n|inactive|skwerl has 30 seconds left.\n|\n|t:|1773779430\n|teamsize|p1|4\n|teamsize|p2|4\n|start\n|switch|p1a: Tornadus|Tornadus, L50, M|100/100\n|switch|p1b: Miraidon|Miraidon, L50|100/100\n|switch|p2a: Incineroar|Incineroar, L50, F|100/100\n|switch|p2b: Glimmora|Glimmora, L50, F|100/100\n|-fieldstart|move: Electric Terrain|[from] ability: Hadron Engine|[of] p1b: Miraidon\n|-ability|p2a: Incineroar|Intimidate|boost\n|-unboost|p1a: Tornadus|atk|1\n|-unboost|p1b: Miraidon|atk|1\n|turn|1\n|inactive|skwerl has 30 seconds left.\n|inactive|skwerl has 20 seconds left.\n|\n|t:|1773779470\n|switch|p1a: Incineroar|Incineroar, L50, F|100/100\n|-ability|p1a: Incineroar|Intimidate|boost\n|-unboost|p2a: Incineroar|atk|1\n|-unboost|p2b: Glimmora|atk|1\n|move|p2a: Incineroar|Fake Out|p1b: Miraidon\n|-damage|p1b: Miraidon|95/100\n|cant|p1b: Miraidon|flinch\n|move|p2b: Glimmora|Meteor Beam||[still]\n|-prepare|p2b: Glimmora|Meteor Beam\n|-boost|p2b: Glimmora|spa|1\n|-enditem|p2b: Glimmora|Power Herb\n|-anim|p2b: Glimmora|Meteor Beam|p1a: Incineroar\n|-supereffective|p1a: Incineroar\n|-damage|p1a: Incineroar|0 fnt\n|faint|p1a: Incineroar\n|\n|upkeep\n|\n|t:|1773779485\n|switch|p1a: Tornadus|Tornadus, L50, M|100/100\n|turn|2\n|\n|t:|1773779508\n|move|p1a: Tornadus|Tailwind|p1a: Tornadus\n|-sidestart|p1: skwerl|move: Tailwind\n|move|p1b: Miraidon|Electro Drift|p2b: Glimmora\n|-damage|p2b: Glimmora|0 fnt\n|faint|p2b: Glimmora\n|move|p2a: Incineroar|Parting Shot|p1b: Miraidon\n|-unboost|p1b: Miraidon|atk|1\n|-unboost|p1b: Miraidon|spa|1\n|\n|t:|1773779513\n|switch|p2a: Calyrex|Calyrex-Shadow, L50|100/100|[from] Parting Shot\n|-ability|p2a: Calyrex|As One\n|-ability|p2a: Calyrex|Unnerve\n|\n|upkeep\n|\n|t:|1773779514\n|switch|p2b: Incineroar|Incineroar, L50, F|100/100\n|-ability|p2b: Incineroar|Intimidate|boost\n|-unboost|p1a: Tornadus|atk|1\n|-unboost|p1b: Miraidon|atk|1\n|turn|3\n|inactive|skwerl has 30 seconds left.\n|inactive|skwerl has 20 seconds left.\n|\n|t:|1773779551\n|-terastallize|p1a: Tornadus|Dark\n|-terastallize|p2a: Calyrex|Ghost\n|move|p2b: Incineroar|Fake Out|p1b: Miraidon\n|-damage|p1b: Miraidon|85/100\n|move|p1a: Tornadus|Bleakwind Storm|p2b: Incineroar|[spread] p2a,p2b\n|-crit|p2a: Calyrex\n|-damage|p2a: Calyrex|53/100\n|-damage|p2b: Incineroar|75/100\n|-unboost|p2a: Calyrex|spe|1\n|-unboost|p2b: Incineroar|spe|1\n|cant|p1b: Miraidon|flinch\n|move|p2a: Calyrex|Astral Barrage|p1b: Miraidon|[spread] p1a,p1b\n|-resisted|p1a: Tornadus\n|-damage|p1a: Tornadus|64/100\n|-damage|p1b: Miraidon|30/100\n|\n|upkeep\n|turn|4\n|inactive|skwerl has 30 seconds left.\n|inactive|SnorlaxPikachu1 has 30 seconds left.\n|inactive|skwerl has 20 seconds left.\n|inactive|SnorlaxPikachu1 has 20 seconds left.\n|inactive|skwerl has 15 seconds left.\n|inactive|SnorlaxPikachu1 has 15 seconds left.\n|\n|t:|1773779596\n|move|p1a: Tornadus|Substitute|p1a: Tornadus\n|-start|p1a: Tornadus|Substitute\n|-damage|p1a: Tornadus|40/100\n|move|p1b: Miraidon|Electro Drift|p2a: Calyrex\n|-crit|p2a: Calyrex\n|-damage|p2a: Calyrex|0 fnt\n|faint|p2a: Calyrex\n|move|p2b: Incineroar|Parting Shot|p1a: Tornadus\n|-unboost|p1a: Tornadus|atk|1\n|-unboost|p1a: Tornadus|spa|1\n|\n|t:|1773779601\n|switch|p2b: Koraidon|Koraidon, L50|100/100|[from] Parting Shot\n|-weather|SunnyDay|[from] ability: Orichalcum Pulse|[of] p2b: Koraidon\n|-activate|p2b: Koraidon|Orichalcum Pulse|[source]\n|\n|-weather|SunnyDay|[upkeep]\n|upkeep\n|\n|t:|1773779602\n|switch|p2a: Incineroar|Incineroar, L50, F|75/100\n|-ability|p2a: Incineroar|Intimidate|boost\n|-immune|p1a: Tornadus\n|-unboost|p1b: Miraidon|atk|1\n|turn|5\n|inactive|skwerl has 30 seconds left.\n|\n|t:|1773779629\n|switch|p1b: Urshifu|Urshifu-Rapid-Strike, L50, F|100/100\n|move|p2a: Incineroar|Fake Out|p1b: Urshifu\n|-damage|p1b: Urshifu|90/100\n|move|p1a: Tornadus|Rain Dance|p1a: Tornadus\n|-weather|RainDance\n|move|p2b: Koraidon|Flame Charge|p1b: Urshifu\n|-resisted|p1b: Urshifu\n|-damage|p1b: Urshifu|84/100\n|-boost|p2b: Koraidon|spe|1\n|-damage|p2b: Koraidon|91/100|[from] item: Life Orb\n|\n|-weather|RainDance|[upkeep]\n|-sideend|p1: skwerl|move: Tailwind\n|-fieldend|move: Electric Terrain\n|upkeep\n|turn|6\n|inactive|skwerl has 30 seconds left.\n|inactive|skwerl has 20 seconds left.\n|inactive|skwerl has 15 seconds left.\n|inactive|skwerl has 10 seconds left.\n|inactive|skwerl has 5 seconds left.\n|\n|t:|1773779682\n|move|p2a: Incineroar|Helping Hand|p2b: Koraidon\n|-singleturn|p2b: Koraidon|Helping Hand|[of] p2a: Incineroar\n|move|p1a: Tornadus|Tailwind|p1a: Tornadus\n|-sidestart|p1: skwerl|move: Tailwind\n|move|p1b: Urshifu|Close Combat|p2b: Koraidon\n|-damage|p2b: Koraidon|0 fnt\n|-unboost|p1b: Urshifu|def|1\n|-unboost|p1b: Urshifu|spd|1\n|faint|p2b: Koraidon\n|\n|-weather|RainDance|[upkeep]\n|upkeep\n|turn|7\n|-message|SnorlaxPikachu1 forfeited.\n|\n|win|skwerl\n|raw|skwerl's rating: 1405 &rarr; <strong>1435</strong><br />(+30 for winning)\n|raw|SnorlaxPikachu1's rating: 1602 &rarr; <strong>1572</strong><br />(-30 for losing)\n|l|\u2606SnorlaxPikachu1\n|player|p2|\n|l| trajan29\n|l|\u2606skwerl\n|player|p1|\n","uploadtime":1773779701,"views":16,"formatid":"gen9vgc2026regi","rating":1435,"private":0,"password":null}