{"id":"gen9vgc2026regi-2559960888","format":"[Gen 9] VGC 2026 Reg I","players":["cadekroeker","testhan92"],"log":"|j|\u2606cadekroeker\n|j|\u2606testhan92\n|t:|1773628807\n|gametype|doubles\n|player|p1|cadekroeker|flannery|1106\n|player|p2|testhan92|2|1166\n|gen|9\n|tier|[Gen 9] VGC 2026 Reg I\n|rated|\n|rule|Species Clause: Limit one of each Pok\u00e9mon\n|rule|Item Clause: Limit 1 of each item\n|clearpoke\n|poke|p1|Miraidon, L50|\n|poke|p1|Palkia-Origin, L50|\n|poke|p1|Ogerpon-Hearthflame, L50, F|\n|poke|p1|Iron Hands, L50|\n|poke|p1|Whimsicott, L50, F|\n|poke|p1|Farigiraf, L50, M|\n|poke|p2|Calyrex-Shadow, L50|\n|poke|p2|Koraidon, L50|\n|poke|p2|Ogerpon-Hearthflame, L50, F|\n|poke|p2|Raging Bolt, L50|\n|poke|p2|Rillaboom, L50, F|\n|poke|p2|Incineroar, L50, F|\n|teampreview|4\n|inactive|Battle timer is ON: inactive players will automatically lose when time's up. (requested by cadekroeker)\n|inactive|cadekroeker has 60 seconds left.\n|inactive|testhan92 has 60 seconds left.\n|\n|t:|1773628840\n|teamsize|p1|4\n|teamsize|p2|4\n|start\n|switch|p1a: Miraidon|Miraidon, L50|100/100\n|switch|p1b: Whimsicott|Whimsicott, L50, F|100/100\n|switch|p2a: Calyrex|Calyrex-Shadow, L50|100/100\n|switch|p2b: Rillaboom|Rillaboom, L50, F|100/100\n|-ability|p2a: Calyrex|As One\n|-ability|p2a: Calyrex|Unnerve\n|-fieldstart|move: Electric Terrain|[from] ability: Hadron Engine|[of] p1a: Miraidon\n|-enditem|p1a: Miraidon|Electric Seed\n|-boost|p1a: Miraidon|def|1|[from] item: Electric Seed\n|-fieldstart|move: Grassy Terrain|[from] ability: Grassy Surge|[of] p2b: Rillaboom\n|turn|1\n|\n|t:|1773628858\n|-terastallize|p1b: Whimsicott|Dark\n|move|p1a: Miraidon|Protect|p1a: Miraidon\n|-singleturn|p1a: Miraidon|Protect\n|move|p2b: Rillaboom|Fake Out|p1a: Miraidon\n|-activate|p1a: Miraidon|move: Protect\n|move|p1b: Whimsicott|Tailwind|p1b: Whimsicott\n|-sidestart|p1: cadekroeker|move: Tailwind\n|move|p2a: Calyrex|Astral Barrage|p1b: Whimsicott|[spread] p1b\n|-activate|p1a: Miraidon|move: Protect\n|-resisted|p1b: Whimsicott\n|-damage|p1b: Whimsicott|65/100\n|\n|-heal|p1b: Whimsicott|71/100|[from] Grassy Terrain\n|upkeep\n|turn|2\n|inactive|cadekroeker has 30 seconds left.\n|inactive|testhan92 has 30 seconds left.\n|\n|t:|1773628891\n|move|p1b: Whimsicott|Encore|p2b: Rillaboom\n|-start|p2b: Rillaboom|Encore\n|move|p1a: Miraidon|Calm Mind|p1a: Miraidon\n|-boost|p1a: Miraidon|spa|1\n|-boost|p1a: Miraidon|spd|1\n|move|p2a: Calyrex|Astral Barrage|p1b: Whimsicott|[spread] p1a,p1b\n|-resisted|p1b: Whimsicott\n|-damage|p1a: Miraidon|70/100\n|-damage|p1b: Whimsicott|36/100\n|move|p2b: Rillaboom|Fake Out||[still]\n|-hint|Fake Out only works on your first turn out.\n|-fail|p2b: Rillaboom\n|\n|-heal|p1a: Miraidon|77/100|[from] Grassy Terrain\n|-heal|p1b: Whimsicott|42/100|[from] Grassy Terrain\n|upkeep\n|turn|3\n|\n|t:|1773628913\n|switch|p1b: Farigiraf|Farigiraf, L50, M|100/100\n|switch|p2b: Incineroar|Incineroar, L50, F|100/100\n|-ability|p2b: Incineroar|Intimidate|boost\n|-unboost|p1a: Miraidon|atk|1\n|-unboost|p1b: Farigiraf|atk|1\n|move|p2a: Calyrex|Protect|p2a: Calyrex\n|-singleturn|p2a: Calyrex|Protect\n|move|p1a: Miraidon|Calm Mind|p1a: Miraidon\n|-boost|p1a: Miraidon|spa|1\n|-boost|p1a: Miraidon|spd|1\n|\n|-heal|p1a: Miraidon|83/100|[from] Grassy Terrain\n|upkeep\n|turn|4\n|inactive|testhan92 has 30 seconds left.\n|\n|t:|1773628938\n|switch|p1b: Palkia|Palkia-Origin, L50|100/100\n|move|p1a: Miraidon|Parabolic Charge|p2a: Calyrex|[spread] p2a,p2b\n|-activate|p1b: Palkia|ability: Telepathy\n|-damage|p2a: Calyrex|54/100\n|-heal|p1a: Miraidon|100/100|[from] drain|[of] p2a: Calyrex\n|-damage|p2b: Incineroar|57/100\n|move|p2a: Calyrex|Nasty Plot|p2a: Calyrex\n|-boost|p2a: Calyrex|spa|2\n|move|p2b: Incineroar|Parting Shot|p1a: Miraidon\n|-unboost|p1a: Miraidon|atk|1\n|-unboost|p1a: Miraidon|spa|1\n|\n|t:|1773628962\n|switch|p2b: Rillaboom|Rillaboom, L50, F|100/100|[from] Parting Shot\n|\n|-heal|p2a: Calyrex|60/100|[from] Grassy Terrain\n|-sideend|p1: cadekroeker|move: Tailwind\n|upkeep\n|turn|5\n|\n|t:|1773628973\n|-terastallize|p2a: Calyrex|Ghost\n|move|p1a: Miraidon|Protect|p1a: Miraidon\n|-singleturn|p1a: Miraidon|Protect\n|move|p2a: Calyrex|Astral Barrage|p1a: Miraidon|[spread] p1b\n|-activate|p1a: Miraidon|move: Protect\n|-damage|p1b: Palkia|0 fnt\n|faint|p1b: Palkia\n|-ability|p2a: Calyrex|Grim Neigh|boost\n|-boost|p2a: Calyrex|spa|1\n|move|p2b: Rillaboom|U-turn|p1a: Miraidon\n|-activate|p1a: Miraidon|move: Protect\n|\n|-heal|p2a: Calyrex|66/100|[from] Grassy Terrain\n|-fieldend|move: Grassy Terrain\n|upkeep\n|\n|t:|1773628986\n|switch|p1b: Whimsicott|Whimsicott, L50, F, tera:Dark|42/100\n|turn|6\n|inactive|cadekroeker has 30 seconds left.\n|\n|t:|1773629018\n|move|p1b: Whimsicott|Fake Tears|p2b: Rillaboom\n|-unboost|p2b: Rillaboom|spd|2\n|move|p2a: Calyrex|Astral Barrage|p1b: Whimsicott|[spread] p1a,p1b\n|-resisted|p1b: Whimsicott\n|-damage|p1a: Miraidon|22/100\n|-damage|p1b: Whimsicott|0 fnt\n|faint|p1b: Whimsicott\n|-ability|p2a: Calyrex|Grim Neigh|boost\n|-boost|p2a: Calyrex|spa|1\n|move|p1a: Miraidon|Electro Drift|p2b: Rillaboom\n|-resisted|p2b: Rillaboom\n|-damage|p2b: Rillaboom|58/100\n|move|p2b: Rillaboom|U-turn|p1a: Miraidon\n|-damage|p1a: Miraidon|10/100\n|\n|t:|1773629034\n|switch|p2b: Koraidon|Koraidon, L50|100/100|[from] U-turn\n|-weather|SunnyDay|[from] ability: Orichalcum Pulse|[of] p2b: Koraidon\n|-activate|p2b: Koraidon|Orichalcum Pulse|[source]\n|\n|-weather|SunnyDay|[upkeep]\n|upkeep\n|\n|t:|1773629037\n|switch|p1b: Farigiraf|Farigiraf, L50, M|100/100\n|turn|7\n|\n|t:|1773629048\n|move|p1a: Miraidon|Protect|p1a: Miraidon\n|-singleturn|p1a: Miraidon|Protect\n|move|p2a: Calyrex|Psychic|p1b: Farigiraf\n|-resisted|p1b: Farigiraf\n|-damage|p1b: Farigiraf|16/100\n|move|p2b: Koraidon|Flare Blitz|p1b: Farigiraf\n|-damage|p1b: Farigiraf|0 fnt\n|faint|p1b: Farigiraf\n|-damage|p2b: Koraidon|95/100|[from] Recoil\n|\n|-weather|SunnyDay|[upkeep]\n|upkeep\n|turn|8\n|\n|t:|1773629058\n|switch|p2b: Rillaboom|Rillaboom, L50, F|58/100\n|-fieldstart|move: Grassy Terrain|[from] ability: Grassy Surge|[of] p2b: Rillaboom\n|move|p2a: Calyrex|Astral Barrage|p1a: Miraidon\n|-damage|p1a: Miraidon|0 fnt\n|faint|p1a: Miraidon\n|\n|win|testhan92\n|raw|cadekroeker's rating: 1106 &rarr; <strong>1085</strong><br />(-21 for losing)\n|raw|testhan92's rating: 1166 &rarr; <strong>1187</strong><br />(+21 for winning)\n","uploadtime":1773629059,"views":12,"formatid":"gen9vgc2026regi","rating":1085,"private":0,"password":null}