{"id":"gen9vgc2026regi-2522460677","format":"[Gen 9] VGC 2026 Reg I","players":["alamossauro","blackred123"],"log":"|j|\u2606alamossauro\n|j|\u2606blackred123\n|t:|1768911260\n|gametype|doubles\n|player|p1|alamossauro|pokemaniac|1196\n|player|p2|blackred123|iono-masters|1132\n|gen|9\n|tier|[Gen 9] VGC 2026 Reg I\n|rated|\n|rule|Species Clause: Limit one of each Pok\u00e9mon\n|rule|Item Clause: Limit 1 of each item\n|clearpoke\n|poke|p1|Kyogre, L50|\n|poke|p1|Basculegion, L50, M|\n|poke|p1|Palkia, L50|\n|poke|p1|Tornadus, L50, M|\n|poke|p1|Mimikyu, L50, F|\n|poke|p1|Indeedee, L50, M|\n|poke|p2|Calyrex-Shadow, L50|\n|poke|p2|Zamazenta-*, L50|\n|poke|p2|Tornadus, L50, M|\n|poke|p2|Rillaboom, L50, M|\n|poke|p2|Ogerpon-Hearthflame, L50, F|\n|poke|p2|Raging Bolt, L50|\n|teampreview|4\n|inactive|Battle timer is ON: inactive players will automatically lose when time's up. (requested by blackred123)\n|\n|t:|1768911290\n|teamsize|p1|4\n|teamsize|p2|4\n|start\n|switch|p1a: Mimikyu|Mimikyu, L50, F|100/100\n|switch|p1b: Kyogre|Kyogre, L50|100/100\n|switch|p2a: Calyrex|Calyrex-Shadow, L50|100/100\n|switch|p2b: Rillaboom|Rillaboom, L50, M|100/100\n|-ability|p2a: Calyrex|As One\n|-ability|p2a: Calyrex|Unnerve\n|-weather|RainDance|[from] ability: Drizzle|[of] p1b: Kyogre\n|-fieldstart|move: Grassy Terrain|[from] ability: Grassy Surge|[of] p2b: Rillaboom\n|turn|1\n|\n|t:|1768911316\n|-terastallize|p2a: Calyrex|Ghost\n|-terastallize|p1b: Kyogre|Electric\n|move|p1a: Mimikyu|Shadow Sneak|p2a: Calyrex\n|-supereffective|p2a: Calyrex\n|-damage|p2a: Calyrex|55/100\n|move|p2b: Rillaboom|Grassy Glide|p1a: Mimikyu\n|-activate|p1a: Mimikyu|ability: Disguise\n|-damage|p1a: Mimikyu|100/100\n|detailschange|p1a: Mimikyu|Mimikyu-Busted, L50, F\n|-damage|p1a: Mimikyu|88/100|[from] pokemon: Mimikyu-Busted\n|move|p2a: Calyrex|Astral Barrage|p1b: Kyogre|[spread] p1a,p1b\n|-supereffective|p1a: Mimikyu\n|-crit|p1b: Kyogre\n|-damage|p1a: Mimikyu|0 fnt\n|-damage|p1b: Kyogre|55/100\n|faint|p1a: Mimikyu\n|-ability|p2a: Calyrex|Grim Neigh|boost\n|-boost|p2a: Calyrex|spa|1\n|move|p1b: Kyogre|Water Spout|p2b: Rillaboom|[spread] p2a,p2b\n|-resisted|p2b: Rillaboom\n|-damage|p2a: Calyrex|0 fnt\n|-damage|p2b: Rillaboom|80/100\n|faint|p2a: Calyrex\n|\n|-weather|RainDance|[upkeep]\n|-heal|p1b: Kyogre|61/100|[from] Grassy Terrain\n|-heal|p2b: Rillaboom|86/100|[from] Grassy Terrain\n|upkeep\n|inactive|alamossauro has 30 seconds left.\n|inactive|blackred123 has 30 seconds left.\n|\n|t:|1768911347\n|switch|p2a: Zamazenta|Zamazenta-Crowned, L50|100/100\n|switch|p1a: Indeedee|Indeedee, L50, M|100/100\n|-fieldstart|move: Psychic Terrain|[from] ability: Psychic Surge|[of] p1a: Indeedee\n|-ability|p2a: Zamazenta|Dauntless Shield|boost\n|-boost|p2a: Zamazenta|def|1\n|turn|2\n|\n|t:|1768911366\n|move|p1a: Indeedee|Expanding Force|p2a: Zamazenta|[spread] p2a,p2b\n|-damage|p2a: Zamazenta|60/100\n|-damage|p2b: Rillaboom|48/100\n|move|p2a: Zamazenta|Body Press|p1a: Indeedee\n|-damage|p1a: Indeedee|0 fnt\n|faint|p1a: Indeedee\n|move|p1b: Kyogre|Thunder|p2a: Zamazenta\n|-damage|p2a: Zamazenta|11/100\n|move|p2b: Rillaboom|U-turn|p1b: Kyogre\n|-damage|p1b: Kyogre|39/100\n|\n|t:|1768911378\n|switch|p2b: Raging Bolt|Raging Bolt, L50|100/100|[from] U-turn\n|-enditem|p2b: Raging Bolt|Booster Energy\n|-activate|p2b: Raging Bolt|ability: Protosynthesis|[fromitem]\n|-start|p2b: Raging Bolt|protosynthesisspa\n|\n|-weather|RainDance|[upkeep]\n|upkeep\n|\n|t:|1768911386\n|switch|p1a: Palkia|Palkia, L50|100/100\n|turn|3\n|\n|t:|1768911395\n|move|p2a: Zamazenta|Body Press|p1b: Kyogre\n|-damage|p1b: Kyogre|0 fnt\n|faint|p1b: Kyogre\n|move|p1a: Palkia|Spacial Rend|p2b: Raging Bolt\n|-supereffective|p2b: Raging Bolt\n|-crit|p2b: Raging Bolt\n|-damage|p2b: Raging Bolt|0 fnt\n|faint|p2b: Raging Bolt\n|-end|p2b: Raging Bolt|Protosynthesis|[silent]\n|\n|-weather|RainDance|[upkeep]\n|upkeep\n|\n|t:|1768911401\n|switch|p2b: Rillaboom|Rillaboom, L50, M|48/100\n|-fieldstart|move: Grassy Terrain|[from] ability: Grassy Surge|[of] p2b: Rillaboom\n|turn|4\n|\n|t:|1768911413\n|move|p2b: Rillaboom|Fake Out|p1a: Palkia\n|-damage|p1a: Palkia|89/100\n|move|p2a: Zamazenta|Body Press|p1a: Palkia\n|-damage|p1a: Palkia|25/100\n|cant|p1a: Palkia|flinch\n|\n|-weather|RainDance|[upkeep]\n|-heal|p2a: Zamazenta|18/100|[from] Grassy Terrain\n|-heal|p1a: Palkia|31/100|[from] Grassy Terrain\n|-heal|p2b: Rillaboom|54/100|[from] Grassy Terrain\n|upkeep\n|turn|5\n|\n|t:|1768911429\n|move|p2a: Zamazenta|Body Press|p1a: Palkia\n|-damage|p1a: Palkia|0 fnt\n|faint|p1a: Palkia\n|\n|win|blackred123\n|raw|alamossauro's rating: 1196 &rarr; <strong>1166</strong><br />(-30 for losing)\n|raw|blackred123's rating: 1132 &rarr; <strong>1162</strong><br />(+30 for winning)\n|l|\u2606alamossauro\n|player|p1|\n|l|\u2606blackred123\n|player|p2|\n","uploadtime":1768911817,"views":11,"formatid":"gen9vgc2026regi","rating":1162,"private":0,"password":null}