{"id":"gen9vgc2026regi-2565642646","format":"[Gen 9] VGC 2026 Reg I","players":["Cropterledresseur","testhan92"],"log":"|j|\u2606Cropterledresseur\n|j|\u2606testhan92\n|t:|1774291765\n|gametype|doubles\n|player|p1|Cropterledresseur|lady|1368\n|player|p2|testhan92|2|1441\n|gen|9\n|tier|[Gen 9] VGC 2026 Reg I\n|rated|\n|rule|Species Clause: Limit one of each Pok\u00e9mon\n|rule|Item Clause: Limit 1 of each item\n|clearpoke\n|poke|p1|Calyrex-Shadow, L50|\n|poke|p1|Clefairy, L50, F|\n|poke|p1|Incineroar, L50, F|\n|poke|p1|Rillaboom, L50, F|\n|poke|p1|Koraidon, L50|\n|poke|p1|Flutter Mane, L50|\n|poke|p2|Lunala, L50|\n|poke|p2|Incineroar, L50, F|\n|poke|p2|Amoonguss, L50, M|\n|poke|p2|Ursaluna, L50, F|\n|poke|p2|Flutter Mane, L50|\n|poke|p2|Koraidon, L50|\n|teampreview|4\n|inactive|Battle timer is ON: inactive players will automatically lose when time's up. (requested by Cropterledresseur)\n|\n|t:|1774291832\n|teamsize|p1|4\n|teamsize|p2|4\n|start\n|switch|p1a: Incineroar|Incineroar, L50, F|100/100\n|switch|p1b: Flutter Mane|Flutter Mane, L50|100/100\n|switch|p2a: Flutter Mane|Flutter Mane, L50|100/100\n|switch|p2b: Koraidon|Koraidon, L50|100/100\n|-weather|SunnyDay|[from] ability: Orichalcum Pulse|[of] p2b: Koraidon\n|-activate|p1b: Flutter Mane|ability: Protosynthesis\n|-start|p1b: Flutter Mane|protosynthesisspe\n|-activate|p2a: Flutter Mane|ability: Protosynthesis\n|-start|p2a: Flutter Mane|protosynthesisspe\n|-activate|p2b: Koraidon|Orichalcum Pulse|[source]\n|-ability|p1a: Incineroar|Intimidate|boost\n|-unboost|p2a: Flutter Mane|atk|1\n|-unboost|p2b: Koraidon|atk|1\n|turn|1\n|\n|t:|1774291842\n|move|p2b: Koraidon|Protect|p2b: Koraidon\n|-singleturn|p2b: Koraidon|Protect\n|move|p1b: Flutter Mane|Icy Wind|p2a: Flutter Mane|[spread] p2a\n|-activate|p2b: Koraidon|move: Protect\n|-damage|p2a: Flutter Mane|84/100\n|-unboost|p2a: Flutter Mane|spe|1\n|move|p2a: Flutter Mane|Icy Wind|p1b: Flutter Mane|[spread] p1a,p1b\n|-resisted|p1a: Incineroar\n|-damage|p1a: Incineroar|95/100\n|-damage|p1b: Flutter Mane|86/100\n|-unboost|p1a: Incineroar|spe|1\n|-unboost|p1b: Flutter Mane|spe|1\n|move|p1a: Incineroar|Parting Shot|p2a: Flutter Mane\n|-unboost|p2a: Flutter Mane|atk|1\n|-unboost|p2a: Flutter Mane|spa|1\n|\n|t:|1774291859\n|switch|p1a: Calyrex|Calyrex-Shadow, L50|100/100|[from] Parting Shot\n|-ability|p1a: Calyrex|As One\n|-ability|p1a: Calyrex|Unnerve\n|\n|-weather|SunnyDay|[upkeep]\n|upkeep\n|turn|2\n|\n|t:|1774291879\n|-end|p2a: Flutter Mane|Protosynthesis|[silent]\n|switch|p2a: Incineroar|Incineroar, L50, F|100/100\n|-ability|p2a: Incineroar|Intimidate|boost\n|-unboost|p1a: Calyrex|atk|1\n|-unboost|p1b: Flutter Mane|atk|1\n|-terastallize|p2b: Koraidon|Fire\n|move|p1a: Calyrex|Astral Barrage|p2a: Incineroar|[spread] p2a,p2b\n|-resisted|p2a: Incineroar\n|-damage|p2a: Incineroar|82/100\n|-damage|p2b: Koraidon|50/100\n|move|p2b: Koraidon|Flame Charge|p1b: Flutter Mane\n|-damage|p1b: Flutter Mane|0 fnt\n|-boost|p2b: Koraidon|spe|1\n|faint|p1b: Flutter Mane\n|-end|p1b: Flutter Mane|Protosynthesis|[silent]\n|-damage|p2b: Koraidon|41/100|[from] item: Life Orb\n|\n|-weather|SunnyDay|[upkeep]\n|upkeep\n|\n|t:|1774291893\n|switch|p1b: Incineroar|Incineroar, L50, F|95/100\n|-ability|p1b: Incineroar|Intimidate|boost\n|-unboost|p2a: Incineroar|atk|1\n|-unboost|p2b: Koraidon|atk|1\n|turn|3\n|inactive|Cropterledresseur has 30 seconds left.\n|\n|t:|1774291920\n|-terastallize|p1a: Calyrex|Fairy\n|move|p2b: Koraidon|Protect|p2b: Koraidon\n|-singleturn|p2b: Koraidon|Protect\n|move|p1a: Calyrex|Draining Kiss|p2a: Incineroar\n|-damage|p2a: Incineroar|58/100\n|move|p1b: Incineroar|Parting Shot|p2a: Incineroar\n|-unboost|p2a: Incineroar|atk|1\n|-unboost|p2a: Incineroar|spa|1\n|\n|t:|1774291927\n|switch|p1b: Koraidon|Koraidon, L50|100/100|[from] Parting Shot\n|-activate|p1b: Koraidon|ability: Orichalcum Pulse\n|move|p2a: Incineroar|Flare Blitz|p1a: Calyrex\n|-damage|p1a: Calyrex|64/100\n|-damage|p2a: Incineroar|47/100|[from] Recoil\n|\n|-weather|SunnyDay|[upkeep]\n|upkeep\n|turn|4\n|\n|t:|1774291949\n|switch|p2b: Flutter Mane|Flutter Mane, L50|84/100\n|-activate|p2b: Flutter Mane|ability: Protosynthesis\n|-start|p2b: Flutter Mane|protosynthesisspe\n|switch|p1a: Incineroar|Incineroar, L50, F|95/100\n|-ability|p1a: Incineroar|Intimidate|boost\n|-unboost|p2a: Incineroar|atk|1\n|-unboost|p2b: Flutter Mane|atk|1\n|move|p1b: Koraidon|Low Kick|p2b: Flutter Mane\n|-immune|p2b: Flutter Mane\n|move|p2a: Incineroar|Will-O-Wisp|p1b: Koraidon|[miss]\n|-miss|p2a: Incineroar|p1b: Koraidon\n|\n|-weather|SunnyDay|[upkeep]\n|upkeep\n|turn|5\n|inactive|testhan92 has 30 seconds left.\n|inactive|Cropterledresseur has 30 seconds left.\n|inactive|testhan92 has 20 seconds left.\n|\n|t:|1774291986\n|move|p2b: Flutter Mane|Protect|p2b: Flutter Mane\n|-singleturn|p2b: Flutter Mane|Protect\n|move|p1b: Koraidon|Protect|p1b: Koraidon\n|-singleturn|p1b: Koraidon|Protect\n|move|p1a: Incineroar|Parting Shot|p2b: Flutter Mane\n|-activate|p2b: Flutter Mane|move: Protect\n|move|p2a: Incineroar|Parting Shot|p1a: Incineroar\n|-unboost|p1a: Incineroar|atk|1\n|-unboost|p1a: Incineroar|spa|1\n|\n|t:|1774291998\n|switch|p2a: Koraidon|Koraidon, L50, tera:Fire|41/100|[from] Parting Shot\n|-activate|p2a: Koraidon|ability: Orichalcum Pulse\n|\n|-weather|none\n|-end|p2b: Flutter Mane|Protosynthesis\n|upkeep\n|turn|6\n|\n|t:|1774292019\n|switch|p2a: Incineroar|Incineroar, L50, F|47/100\n|-ability|p2a: Incineroar|Intimidate|boost\n|-unboost|p1a: Incineroar|atk|1\n|-unboost|p1b: Koraidon|atk|1\n|move|p1b: Koraidon|Flare Blitz|p2b: Flutter Mane\n|-damage|p2b: Flutter Mane|4/100\n|-damage|p1b: Koraidon|81/100|[from] Recoil\n|-damage|p1b: Koraidon|71/100|[from] item: Life Orb\n|move|p2b: Flutter Mane|Moonblast|p1b: Koraidon\n|-supereffective|p1b: Koraidon\n|-damage|p1b: Koraidon|0 fnt\n|faint|p1b: Koraidon\n|move|p1a: Incineroar|Parting Shot|p2a: Incineroar\n|-unboost|p2a: Incineroar|atk|1\n|-unboost|p2a: Incineroar|spa|1\n|\n|t:|1774292033\n|switch|p1a: Calyrex|Calyrex-Shadow, L50, tera:Fairy|64/100|[from] Parting Shot\n|-ability|p1a: Calyrex|As One\n|-ability|p1a: Calyrex|Unnerve\n|\n|upkeep\n|\n|t:|1774292035\n|switch|p1b: Incineroar|Incineroar, L50, F|95/100\n|-ability|p1b: Incineroar|Intimidate|boost\n|-unboost|p2a: Incineroar|atk|1\n|-unboost|p2b: Flutter Mane|atk|1\n|turn|7\n|\n|t:|1774292053\n|move|p2b: Flutter Mane|Protect|p2b: Flutter Mane\n|-singleturn|p2b: Flutter Mane|Protect\n|move|p1a: Calyrex|Astral Barrage|p2b: Flutter Mane|[spread] p2a\n|-activate|p2b: Flutter Mane|move: Protect\n|-resisted|p2a: Incineroar\n|-damage|p2a: Incineroar|29/100\n|move|p1b: Incineroar|Knock Off|p2a: Incineroar\n|-resisted|p2a: Incineroar\n|-damage|p2a: Incineroar|12/100\n|-enditem|p2a: Incineroar|Safety Goggles|[from] move: Knock Off|[of] p1b: Incineroar\n|move|p2a: Incineroar|Parting Shot|p1a: Calyrex\n|-unboost|p1a: Calyrex|atk|1\n|-unboost|p1a: Calyrex|spa|1\n|\n|t:|1774292067\n|switch|p2a: Koraidon|Koraidon, L50, tera:Fire|41/100|[from] Parting Shot\n|-weather|SunnyDay|[from] ability: Orichalcum Pulse|[of] p2a: Koraidon\n|-activate|p2b: Flutter Mane|ability: Protosynthesis\n|-start|p2b: Flutter Mane|protosynthesisspe\n|-activate|p2a: Koraidon|Orichalcum Pulse|[source]\n|\n|-weather|SunnyDay|[upkeep]\n|upkeep\n|turn|8\n|\n|t:|1774292081\n|move|p2b: Flutter Mane|Icy Wind|p1a: Calyrex|[spread] p1a,p1b\n|-resisted|p1b: Incineroar\n|-damage|p1a: Calyrex|52/100\n|-damage|p1b: Incineroar|90/100\n|-unboost|p1b: Incineroar|spe|1\n|move|p1a: Calyrex|Astral Barrage|p2a: Koraidon|[spread] p2a,p2b\n|-supereffective|p2b: Flutter Mane\n|-crit|p2b: Flutter Mane\n|-damage|p2a: Koraidon|7/100\n|-damage|p2b: Flutter Mane|0 fnt\n|faint|p2b: Flutter Mane\n|-end|p2b: Flutter Mane|Protosynthesis|[silent]\n|-ability|p1a: Calyrex|Grim Neigh|boost\n|-boost|p1a: Calyrex|spa|1\n|move|p2a: Koraidon|Close Combat|p1b: Incineroar\n|-supereffective|p1b: Incineroar\n|-damage|p1b: Incineroar|0 fnt\n|-unboost|p2a: Koraidon|def|1\n|-unboost|p2a: Koraidon|spd|1\n|faint|p1b: Incineroar\n|-damage|p2a: Koraidon|0 fnt|[from] item: Life Orb\n|faint|p2a: Koraidon\n|\n|-weather|SunnyDay|[upkeep]\n|upkeep\n|\n|t:|1774292096\n|switch|p2b: Incineroar|Incineroar, L50, F|12/100\n|switch|p2a: Lunala|Lunala, L50|100/100\n|-ability|p2b: Incineroar|Intimidate|boost\n|-unboost|p1a: Calyrex|atk|1\n|turn|9\n|\n|t:|1774292108\n|move|p2b: Incineroar|Fake Out|p1a: Calyrex\n|-damage|p1a: Calyrex|41/100\n|move|p1a: Calyrex|Astral Barrage|p2a: Lunala|[spread] p2a,p2b\n|-supereffective|p2a: Lunala\n|-resisted|p2b: Incineroar\n|-damage|p2a: Lunala|27/100\n|-damage|p2b: Incineroar|0 fnt\n|faint|p2b: Incineroar\n|-ability|p1a: Calyrex|Grim Neigh|boost\n|-boost|p1a: Calyrex|spa|1\n|move|p2a: Lunala|Trick Room|p2a: Lunala\n|-fieldstart|move: Trick Room|[of] p2a: Lunala\n|\n|-weather|SunnyDay|[upkeep]\n|upkeep\n|turn|10\n|\n|t:|1774292123\n|move|p2a: Lunala|Moongeist Beam|p1a: Calyrex\n|-damage|p1a: Calyrex|0 fnt\n|faint|p1a: Calyrex\n|\n|win|testhan92\n|raw|Cropterledresseur's rating: 1368 &rarr; <strong>1352</strong><br />(-16 for losing)\n|raw|testhan92's rating: 1441 &rarr; <strong>1457</strong><br />(+16 for winning)\n|l|\u2606Cropterledresseur\n|player|p1|\n","uploadtime":1774292123,"views":23,"formatid":"gen9vgc2026regi","rating":1352,"private":0,"password":null}