{"id":"gen9vgc2026regi-2515658089","format":"[Gen 9] VGC 2026 Reg I","players":["zekstr","It'sJustKen VGC"],"log":"|j|\u2606zekstr\n|j|\u2606It'sJustKen VGC\n|t:|1768016606\n|gametype|doubles\n|player|p1|zekstr|roxie|1077\n|player|p2|It'sJustKen VGC|2|1000\n|gen|9\n|tier|[Gen 9] VGC 2026 Reg I\n|rated|\n|rule|Species Clause: Limit one of each Pok\u00e9mon\n|rule|Item Clause: Limit 1 of each item\n|clearpoke\n|poke|p1|Ho-Oh, L50|\n|poke|p1|Whimsicott, L50, F|\n|poke|p1|Incineroar, L50, M|\n|poke|p1|Miraidon, L50|\n|poke|p1|Brute Bonnet, L50|\n|poke|p1|Chien-Pao, L50|\n|poke|p2|Urshifu-*, L50, M|\n|poke|p2|Incineroar, L50, F|\n|poke|p2|Calyrex-Shadow, L50|\n|poke|p2|Amoonguss, L50, F|\n|poke|p2|Tornadus, L50, M|\n|poke|p2|Chien-Pao, L50|\n|teampreview|4\n|inactive|Battle timer is ON: inactive players will automatically lose when time's up. (requested by zekstr)\n|\n|t:|1768016636\n|teamsize|p1|4\n|teamsize|p2|4\n|start\n|switch|p1a: Miraidon|Miraidon, L50|100/100\n|switch|p1b: Whimsicott|Whimsicott, L50, F|100/100\n|switch|p2a: Calyrex|Calyrex-Shadow, L50|100/100\n|switch|p2b: Incineroar|Incineroar, L50, F|100/100\n|-ability|p2a: Calyrex|As One\n|-ability|p2a: Calyrex|Unnerve\n|-fieldstart|move: Electric Terrain|[from] ability: Hadron Engine|[of] p1a: Miraidon\n|-ability|p2b: Incineroar|Intimidate|boost\n|-unboost|p1a: Miraidon|atk|1\n|-unboost|p1b: Whimsicott|atk|1\n|turn|1\n|inactive|zekstr has 30 seconds left.\n|\n|t:|1768016667\n|-terastallize|p2a: Calyrex|Ghost\n|move|p1b: Whimsicott|Protect|p1b: Whimsicott\n|-singleturn|p1b: Whimsicott|Protect\n|move|p2b: Incineroar|Fake Out|p1a: Miraidon\n|-damage|p1a: Miraidon|88/100\n|move|p2a: Calyrex|Astral Barrage|p1b: Whimsicott|[spread] p1a\n|-activate|p1b: Whimsicott|move: Protect\n|-crit|p1a: Miraidon\n|-damage|p1a: Miraidon|8/100\n|-damage|p2a: Calyrex|91/100|[from] item: Life Orb\n|cant|p1a: Miraidon|flinch\n|\n|upkeep\n|turn|2\n|\n|t:|1768016688\n|switch|p2a: Amoonguss|Amoonguss, L50, F|100/100\n|move|p1b: Whimsicott|Tailwind|p1b: Whimsicott\n|-sidestart|p1: zekstr|move: Tailwind\n|move|p1a: Miraidon|Electro Drift|p2a: Amoonguss\n|-resisted|p2a: Amoonguss\n|-crit|p2a: Amoonguss\n|-damage|p2a: Amoonguss|34/100\n|-enditem|p2a: Amoonguss|Sitrus Berry|[eat]\n|-heal|p2a: Amoonguss|58/100|[from] item: Sitrus Berry\n|move|p2b: Incineroar|U-turn|p1a: Miraidon\n|-damage|p1a: Miraidon|0 fnt\n|faint|p1a: Miraidon\n|\n|t:|1768016699\n|switch|p2b: Calyrex|Calyrex-Shadow, L50, tera:Ghost|91/100|[from] U-turn\n|-ability|p2b: Calyrex|As One\n|-ability|p2b: Calyrex|Unnerve\n|\n|upkeep\n|\n|t:|1768016708\n|switch|p1a: Little Bro|Chien-Pao, L50|100/100\n|-ability|p1a: Little Bro|Sword of Ruin\n|turn|3\n|inactive|zekstr has 30 seconds left.\n|\n|t:|1768016742\n|switch|p2a: Incineroar|Incineroar, L50, F|100/100\n|-ability|p2a: Incineroar|Intimidate|boost\n|-unboost|p1a: Little Bro|atk|1\n|-unboost|p1b: Whimsicott|atk|1\n|move|p2b: Calyrex|Protect|p2b: Calyrex\n|-singleturn|p2b: Calyrex|Protect\n|move|p1a: Little Bro|Sucker Punch||[still]\n|-fail|p1a: Little Bro\n|move|p1b: Whimsicott|Moonblast|p2a: Incineroar\n|-damage|p2a: Incineroar|83/100\n|\n|upkeep\n|turn|4\n|\n|t:|1768016754\n|switch|p2b: Amoonguss|Amoonguss, L50, F|91/100\n|move|p1b: Whimsicott|Encore||[still]\n|-fail|p1b: Whimsicott\n|move|p1a: Little Bro|Sacred Sword|p2a: Incineroar\n|-supereffective|p2a: Incineroar\n|-damage|p2a: Incineroar|31/100\n|move|p2a: Incineroar|U-turn|p1b: Whimsicott\n|-damage|p1b: Whimsicott|75/100\n|\n|t:|1768016763\n|switch|p2a: Calyrex|Calyrex-Shadow, L50, tera:Ghost|91/100|[from] U-turn\n|-ability|p2a: Calyrex|As One\n|-ability|p2a: Calyrex|Unnerve\n|\n|upkeep\n|turn|5\n|\n|t:|1768016786\n|switch|p1a: Ho-Oh|Ho-Oh, L50, shiny|100/100\n|move|p1b: Whimsicott|Protect|p1b: Whimsicott\n|-singleturn|p1b: Whimsicott|Protect\n|move|p2b: Amoonguss|Rage Powder|p2b: Amoonguss\n|-singleturn|p2b: Amoonguss|move: Rage Powder\n|move|p2a: Calyrex|Astral Barrage|p1a: Ho-Oh|[spread] p1a\n|-activate|p1b: Whimsicott|move: Protect\n|-damage|p1a: Ho-Oh|35/100\n|-damage|p2a: Calyrex|81/100|[from] item: Life Orb\n|\n|-sideend|p1: zekstr|move: Tailwind\n|-fieldend|move: Electric Terrain\n|upkeep\n|turn|6\n|inactive|zekstr has 30 seconds left.\n|inactive|zekstr has 20 seconds left.\n|\n|t:|1768016825\n|-terastallize|p1a: Ho-Oh|Grass\n|move|p2b: Amoonguss|Protect|p2b: Amoonguss\n|-singleturn|p2b: Amoonguss|Protect\n|move|p1b: Whimsicott|Tailwind|p1b: Whimsicott\n|-sidestart|p1: zekstr|move: Tailwind\n|move|p1a: Ho-Oh|Brave Bird|p2a: Calyrex\n|-damage|p2a: Calyrex|3/100\n|-damage|p1a: Ho-Oh|12/100|[from] Recoil\n|move|p2a: Calyrex|Astral Barrage|p1a: Ho-Oh|[spread] p1a,p1b\n|-damage|p1a: Ho-Oh|0 fnt\n|-damage|p1b: Whimsicott|0 fnt\n|faint|p1a: Ho-Oh\n|faint|p1b: Whimsicott\n|-ability|p2a: Calyrex|Grim Neigh|boost\n|-boost|p2a: Calyrex|spa|2\n|-damage|p2a: Calyrex|0 fnt|[from] item: Life Orb\n|faint|p2a: Calyrex\n|\n|upkeep\n|\n|t:|1768016838\n|switch|p2a: Incineroar|Incineroar, L50, F|31/100\n|switch|p1b: Little Bro|Chien-Pao, L50|100/100\n|-ability|p1b: Little Bro|Sword of Ruin\n|-ability|p2a: Incineroar|Intimidate|boost\n|-unboost|p1b: Little Bro|atk|1\n|turn|7\n|\n|t:|1768016850\n|switch|p2b: Urshifu|Urshifu-Rapid-Strike, L50, M|100/100\n|move|p1b: Little Bro|Protect|p1b: Little Bro\n|-singleturn|p1b: Little Bro|Protect\n|move|p2a: Incineroar|Fake Out|p1b: Little Bro\n|-activate|p1b: Little Bro|move: Protect\n|\n|upkeep\n|turn|8\n|\n|t:|1768016871\n|switch|p2a: Amoonguss|Amoonguss, L50, F|100/100\n|move|p1b: Little Bro|Sacred Sword|p2b: Urshifu\n|-damage|p2b: Urshifu|74/100\n|move|p2b: Urshifu|Close Combat|p1b: Little Bro\n|-supereffective|p1b: Little Bro\n|-enditem|p1b: Little Bro|Focus Sash\n|-damage|p1b: Little Bro|1/100\n|-unboost|p2b: Urshifu|def|1\n|-unboost|p2b: Urshifu|spd|1\n|\n|upkeep\n|turn|9\n|-message|zekstr forfeited.\n|\n|win|It'sJustKen VGC\n|raw|zekstr's rating: 1077 &rarr; <strong>1051</strong><br />(-26 for losing)\n|raw|It&apos;sJustKen VGC's rating: 1000 &rarr; <strong>1049</strong><br />(+49 for winning)\n|l|\u2606zekstr\n|player|p1|\n","uploadtime":1768016881,"views":7,"formatid":"gen9vgc2026regi","rating":1049,"private":0,"password":null}