{"id":"gen9vgc2026regi-2579803231","format":"[Gen 9] VGC 2026 Reg I","players":["Rose Gold Joint","yubanmeiqin"],"log":"|j|\u2606Rose Gold Joint\n|j|\u2606yubanmeiqin\n|t:|1775829457\n|gametype|doubles\n|player|p1|Rose Gold Joint|102|1517\n|player|p2|yubanmeiqin|lillie-masters2|1647\n|gen|9\n|tier|[Gen 9] VGC 2026 Reg I\n|rated|\n|rule|Species Clause: Limit one of each Pok\u00e9mon\n|rule|Item Clause: Limit 1 of each item\n|clearpoke\n|poke|p1|Zacian-*, L50|\n|poke|p1|Garganacl, L50, M|\n|poke|p1|Rillaboom, L50, M|\n|poke|p1|Terapagos, L50, M|\n|poke|p1|Landorus, L50, M|\n|poke|p1|Raging Bolt, L50|\n|poke|p2|Koraidon, L50|\n|poke|p2|Lunala, L50|\n|poke|p2|Tornadus, L50, M|\n|poke|p2|Raging Bolt, L50|\n|poke|p2|Rillaboom, L50, F|\n|poke|p2|Incineroar, L50, F|\n|teampreview|4\n|\n|t:|1775829487\n|teamsize|p1|4\n|teamsize|p2|4\n|start\n|switch|p1a: Raging Bolt|Raging Bolt, L50|100/100\n|switch|p1b: Rillaboom|Rillaboom, L50, M|100/100\n|switch|p2a: \u9759\u5e0c\u8349\u5341\u90ce|Tornadus, L50, M|100/100\n|switch|p2b: \u4f24\u75db\u4e4b\u8d64|Koraidon, L50, shiny|100/100\n|-weather|SunnyDay|[from] ability: Orichalcum Pulse|[of] p2b: \u4f24\u75db\u4e4b\u8d64\n|-activate|p1a: Raging Bolt|ability: Protosynthesis\n|-start|p1a: Raging Bolt|protosynthesisspa\n|-activate|p2b: \u4f24\u75db\u4e4b\u8d64|Orichalcum Pulse|[source]\n|-fieldstart|move: Grassy Terrain|[from] ability: Grassy Surge|[of] p1b: Rillaboom\n|turn|1\n|\n|t:|1775829503\n|switch|p2b: \u85e4\u59d0|Incineroar, L50, F|100/100\n|-ability|p2b: \u85e4\u59d0|Intimidate|boost\n|-unboost|p1a: Raging Bolt|atk|1\n|-unboost|p1b: Rillaboom|atk|1\n|move|p2a: \u9759\u5e0c\u8349\u5341\u90ce|Protect|p2a: \u9759\u5e0c\u8349\u5341\u90ce\n|-singleturn|p2a: \u9759\u5e0c\u8349\u5341\u90ce|Protect\n|move|p1b: Rillaboom|Fake Out|p2b: \u85e4\u59d0\n|-damage|p2b: \u85e4\u59d0|94/100\n|move|p1a: Raging Bolt|Thunderbolt|p2a: \u9759\u5e0c\u8349\u5341\u90ce\n|-activate|p2a: \u9759\u5e0c\u8349\u5341\u90ce|move: Protect\n|\n|-weather|SunnyDay|[upkeep]\n|-heal|p2b: \u85e4\u59d0|99/100|[from] Grassy Terrain\n|upkeep\n|turn|2\n|j| wuminshi\n|\n|t:|1775829535\n|move|p2b: \u85e4\u59d0|Fake Out|p1a: Raging Bolt\n|-damage|p1a: Raging Bolt|90/100\n|move|p2a: \u9759\u5e0c\u8349\u5341\u90ce|Bleakwind Storm|p1b: Rillaboom|[spread] \n|-miss|p2a: \u9759\u5e0c\u8349\u5341\u90ce|p1a: Raging Bolt\n|-miss|p2a: \u9759\u5e0c\u8349\u5341\u90ce|p1b: Rillaboom\n|move|p1b: Rillaboom|U-turn|p2b: \u85e4\u59d0\n|-damage|p2b: \u85e4\u59d0|89/100\n|c|\u2606yubanmeiqin|\u6b7b\u9f99\u5377\u4e91\n|\n|t:|1775829554\n|switch|p1b: Landorus|Landorus, L50, M|100/100|[from] U-turn\n|cant|p1a: Raging Bolt|flinch\n|\n|-weather|SunnyDay|[upkeep]\n|-heal|p1a: Raging Bolt|97/100|[from] Grassy Terrain\n|-heal|p2b: \u85e4\u59d0|95/100|[from] Grassy Terrain\n|upkeep\n|turn|3\n|\n|t:|1775829576\n|-terastallize|p1b: Landorus|Water\n|-terastallize|p2b: \u85e4\u59d0|Bug\n|move|p1b: Landorus|Earth Power|p2b: \u85e4\u59d0\n|-resisted|p2b: \u85e4\u59d0\n|-damage|p2b: \u85e4\u59d0|78/100\n|move|p2a: \u9759\u5e0c\u8349\u5341\u90ce|Bleakwind Storm|p1b: Landorus|[spread] p1a,p1b\n|-resisted|p1a: Raging Bolt\n|-damage|p1a: Raging Bolt|79/100\n|-damage|p1b: Landorus|45/100\n|move|p1a: Raging Bolt|Thunderbolt|p2a: \u9759\u5e0c\u8349\u5341\u90ce\n|-supereffective|p2a: \u9759\u5e0c\u8349\u5341\u90ce\n|-enditem|p2a: \u9759\u5e0c\u8349\u5341\u90ce|Focus Sash\n|-damage|p2a: \u9759\u5e0c\u8349\u5341\u90ce|1/100\n|move|p2b: \u85e4\u59d0|Flare Blitz|p1b: Landorus\n|-resisted|p1b: Landorus\n|-damage|p1b: Landorus|2/100\n|-damage|p2b: \u85e4\u59d0|66/100|[from] Recoil\n|\n|-weather|SunnyDay|[upkeep]\n|-heal|p1b: Landorus|8/100|[from] Grassy Terrain\n|-heal|p1a: Raging Bolt|85/100|[from] Grassy Terrain\n|-heal|p2b: \u85e4\u59d0|72/100|[from] Grassy Terrain\n|upkeep\n|turn|4\n|\n|t:|1775829601\n|switch|p1b: Zacian|Zacian-Crowned, L50|100/100\n|-ability|p1b: Zacian|Intrepid Sword|boost\n|-boost|p1b: Zacian|atk|1\n|move|p2a: \u9759\u5e0c\u8349\u5341\u90ce|Tailwind|p2a: \u9759\u5e0c\u8349\u5341\u90ce\n|-sidestart|p2: yubanmeiqin|move: Tailwind\n|move|p2b: \u85e4\u59d0|Knock Off|p1a: Raging Bolt\n|-damage|p1a: Raging Bolt|52/100\n|-enditem|p1a: Raging Bolt|Booster Energy|[from] move: Knock Off|[of] p2b: \u85e4\u59d0\n|move|p1a: Raging Bolt|Thunderbolt|p2b: \u85e4\u59d0\n|-damage|p2b: \u85e4\u59d0|26/100\n|\n|-weather|SunnyDay|[upkeep]\n|-heal|p2b: \u85e4\u59d0|32/100|[from] Grassy Terrain\n|-heal|p1a: Raging Bolt|58/100|[from] Grassy Terrain\n|upkeep\n|turn|5\n|\n|t:|1775829633\n|move|p1a: Raging Bolt|Thunderclap|p2a: \u9759\u5e0c\u8349\u5341\u90ce\n|-supereffective|p2a: \u9759\u5e0c\u8349\u5341\u90ce\n|-damage|p2a: \u9759\u5e0c\u8349\u5341\u90ce|0 fnt\n|faint|p2a: \u9759\u5e0c\u8349\u5341\u90ce\n|move|p1b: Zacian|Play Rough|p2b: \u85e4\u59d0\n|-damage|p2b: \u85e4\u59d0|0 fnt\n|faint|p2b: \u85e4\u59d0\n|\n|-weather|none\n|-end|p1a: Raging Bolt|Protosynthesis\n|-heal|p1a: Raging Bolt|64/100|[from] Grassy Terrain\n|-fieldend|move: Grassy Terrain\n|upkeep\n|\n|t:|1775829637\n|switch|p2a: \u82cd\u5d0e\u9752\u5b50|Lunala, L50|100/100\n|switch|p2b: \u4f24\u75db\u4e4b\u8d64|Koraidon, L50, shiny|100/100\n|-weather|SunnyDay|[from] ability: Orichalcum Pulse|[of] p2b: \u4f24\u75db\u4e4b\u8d64\n|-activate|p1a: Raging Bolt|ability: Protosynthesis\n|-start|p1a: Raging Bolt|protosynthesisspa\n|-activate|p2b: \u4f24\u75db\u4e4b\u8d64|Orichalcum Pulse|[source]\n|turn|6\n|\n|t:|1775829665\n|move|p1b: Zacian|Protect|p1b: Zacian\n|-singleturn|p1b: Zacian|Protect\n|move|p1a: Raging Bolt|Protect|p1a: Raging Bolt\n|-singleturn|p1a: Raging Bolt|Protect\n|move|p2b: \u4f24\u75db\u4e4b\u8d64|Flare Blitz|p1b: Zacian\n|-activate|p1b: Zacian|move: Protect\n|move|p2a: \u82cd\u5d0e\u9752\u5b50|Moonblast|p1a: Raging Bolt\n|-activate|p1a: Raging Bolt|move: Protect\n|\n|-weather|SunnyDay|[upkeep]\n|upkeep\n|turn|7\n|\n|t:|1775829685\n|switch|p1b: Landorus|Landorus, L50, M, tera:Water|8/100\n|-end|p1a: Raging Bolt|Protosynthesis|[silent]\n|switch|p1a: Rillaboom|Rillaboom, L50, M|100/100\n|-fieldstart|move: Grassy Terrain|[from] ability: Grassy Surge|[of] p1a: Rillaboom\n|move|p2b: \u4f24\u75db\u4e4b\u8d64|Flame Charge|p1b: Landorus\n|-resisted|p1b: Landorus\n|-damage|p1b: Landorus|0 fnt\n|-boost|p2b: \u4f24\u75db\u4e4b\u8d64|spe|1\n|faint|p1b: Landorus\n|move|p2a: \u82cd\u5d0e\u9752\u5b50|Moonblast|p1a: Rillaboom\n|-damage|p1a: Rillaboom|74/100\n|-unboost|p1a: Rillaboom|spa|1\n|\n|-weather|SunnyDay|[upkeep]\n|-heal|p1a: Rillaboom|80/100|[from] Grassy Terrain\n|-sideend|p2: yubanmeiqin|move: Tailwind\n|upkeep\n|\n|t:|1775829700\n|switch|p1b: Zacian|Zacian-Crowned, L50|100/100\n|turn|8\n|\n|t:|1775829720\n|move|p1a: Rillaboom|Fake Out|p2b: \u4f24\u75db\u4e4b\u8d64\n|-damage|p2b: \u4f24\u75db\u4e4b\u8d64|90/100\n|cant|p2b: \u4f24\u75db\u4e4b\u8d64|flinch\n|move|p1b: Zacian|Substitute|p1b: Zacian\n|-start|p1b: Zacian|Substitute\n|-damage|p1b: Zacian|75/100\n|move|p2a: \u82cd\u5d0e\u9752\u5b50|Meteor Beam||[still]\n|-prepare|p2a: \u82cd\u5d0e\u9752\u5b50|Meteor Beam\n|-boost|p2a: \u82cd\u5d0e\u9752\u5b50|spa|1\n|-enditem|p2a: \u82cd\u5d0e\u9752\u5b50|Power Herb\n|-anim|p2a: \u82cd\u5d0e\u9752\u5b50|Meteor Beam|p1a: Rillaboom\n|-damage|p1a: Rillaboom|36/100\n|\n|-weather|SunnyDay|[upkeep]\n|-heal|p2b: \u4f24\u75db\u4e4b\u8d64|96/100|[from] Grassy Terrain\n|-heal|p1b: Zacian|82/100|[from] Grassy Terrain\n|-heal|p1a: Rillaboom|42/100|[from] Grassy Terrain\n|upkeep\n|turn|9\n|\n|t:|1775829753\n|move|p2b: \u4f24\u75db\u4e4b\u8d64|Protect|p2b: \u4f24\u75db\u4e4b\u8d64\n|-singleturn|p2b: \u4f24\u75db\u4e4b\u8d64|Protect\n|move|p1a: Rillaboom|Grassy Glide|p2a: \u82cd\u5d0e\u9752\u5b50\n|-damage|p2a: \u82cd\u5d0e\u9752\u5b50|82/100\n|move|p1b: Zacian|Behemoth Blade|p2a: \u82cd\u5d0e\u9752\u5b50\n|-damage|p2a: \u82cd\u5d0e\u9752\u5b50|28/100\n|move|p2a: \u82cd\u5d0e\u9752\u5b50|Moongeist Beam|p1a: Rillaboom\n|-damage|p1a: Rillaboom|0 fnt\n|faint|p1a: Rillaboom\n|\n|-weather|SunnyDay|[upkeep]\n|-heal|p2b: \u4f24\u75db\u4e4b\u8d64|100/100|[from] Grassy Terrain\n|-heal|p1b: Zacian|88/100|[from] Grassy Terrain\n|-heal|p2a: \u82cd\u5d0e\u9752\u5b50|34/100|[from] Grassy Terrain\n|upkeep\n|\n|t:|1775829766\n|switch|p1a: Raging Bolt|Raging Bolt, L50|64/100\n|-activate|p1a: Raging Bolt|ability: Protosynthesis\n|-start|p1a: Raging Bolt|protosynthesisspa\n|turn|10\n|j| divorced kazuhiro\n|l| divorced kazuhiro\n|-message|yubanmeiqin forfeited.\n|\n|win|Rose Gold Joint\n|raw|Rose Gold Joint's rating: 1517 &rarr; <strong>1544</strong><br />(+27 for winning)\n|raw|yubanmeiqin's rating: 1647 &rarr; <strong>1620</strong><br />(-27 for losing)\n|l| wuminshi\n|j| wuminshi\n|l| wuminshi\n|l|\u2606yubanmeiqin\n|player|p2|\n|l|\u2606Rose Gold Joint\n|player|p1|\n","uploadtime":1775829954,"views":14,"formatid":"gen9vgc2026regi","rating":1544,"private":0,"password":null}