{"id":"gen9vgc2026regi-2586689522","format":"[Gen 9] VGC 2026 Reg I","players":["DemonPingu","TheNamesBetty"],"log":"|j|\u2606DemonPingu\n|j|\u2606TheNamesBetty\n|t:|1776452384\n|gametype|doubles\n|player|p1|DemonPingu|fisherman-gen4|1456\n|player|p2|TheNamesBetty|koga|1370\n|gen|9\n|tier|[Gen 9] VGC 2026 Reg I\n|rated|\n|rule|Species Clause: Limit one of each Pok\u00e9mon\n|rule|Item Clause: Limit 1 of each item\n|clearpoke\n|poke|p1|Chien-Pao, L50|\n|poke|p1|Calyrex-Ice, L50|\n|poke|p1|Miraidon, L50|\n|poke|p1|Incineroar, L50, F|\n|poke|p1|Farigiraf, L50, F|\n|poke|p1|Sneasler, L50, F|\n|poke|p2|Terapagos, L50, M|\n|poke|p2|Miraidon, L50|\n|poke|p2|Incineroar, L50, F|\n|poke|p2|Sinistcha, L50|\n|poke|p2|Smeargle, L50, M|\n|poke|p2|Gouging Fire, L50|\n|teampreview|4\n|inactive|Battle timer is ON: inactive players will automatically lose when time's up. (requested by TheNamesBetty)\nTheNamesBetty has agreed to open team sheets.\n|\n|t:|1776452410\n|teamsize|p1|4\n|teamsize|p2|4\n|start\n|switch|p1a: Sneasler|Sneasler, L50, F|100/100\n|switch|p1b: Deepthroat|Farigiraf, L50, F|100/100\n|switch|p2a: Dead Parrot|Miraidon, L50|100/100\n|switch|p2b: MontyPythonFlying|Terapagos, L50, M|100/100\n|-activate|p2b: MontyPythonFlying|ability: Tera Shift\n|detailschange|p2b: MontyPythonFlying|Terapagos-Terastal, L50, M\n|-heal|p2b: MontyPythonFlying|100/100|[silent]\n|-fieldstart|move: Electric Terrain|[from] ability: Hadron Engine|[of] p2a: Dead Parrot\n|-enditem|p1a: Sneasler|Electric Seed\n|-boost|p1a: Sneasler|def|1|[from] item: Electric Seed\n|-enditem|p2b: MontyPythonFlying|Electric Seed\n|-boost|p2b: MontyPythonFlying|def|1|[from] item: Electric Seed\n|turn|1\n|\n|t:|1776452432\n|move|p2b: MontyPythonFlying|Protect|p2b: MontyPythonFlying\n|-singleturn|p2b: MontyPythonFlying|Protect\n|move|p1a: Sneasler|Fake Out|p2a: Dead Parrot\n|-damage|p2a: Dead Parrot|88/100\n|cant|p2a: Dead Parrot|flinch\n|move|p1b: Deepthroat|Trick Room|p1b: Deepthroat\n|-fieldstart|move: Trick Room|[of] p1b: Deepthroat\n|\n|upkeep\n|turn|2\n|inactive|DemonPingu has 30 seconds left.\n|\n|t:|1776452464\n|move|p1b: Deepthroat|Hyper Voice|p2b: MontyPythonFlying|[spread] p2a,p2b\n|-activate|p2b: MontyPythonFlying|ability: Tera Shell\n|-resisted|p2b: MontyPythonFlying\n|-damage|p2a: Dead Parrot|64/100\n|-damage|p2b: MontyPythonFlying|88/100\n|-enditem|p1b: Deepthroat|Throat Spray\n|-boost|p1b: Deepthroat|spa|1|[from] item: Throat Spray\n|move|p2b: MontyPythonFlying|Earth Power|p1a: Sneasler\n|-supereffective|p1a: Sneasler\n|-damage|p1a: Sneasler|29/100\n|move|p2a: Dead Parrot|Volt Switch|p1a: Sneasler\n|-damage|p1a: Sneasler|0 fnt\n|faint|p1a: Sneasler\n|\n|t:|1776452479\n|switch|p2a: Shubbery|Sinistcha, L50|100/100|[from] Volt Switch\n|-heal|p2b: MontyPythonFlying|100/100|[from] ability: Hospitality|[of] p2a: Shubbery\n|\n|upkeep\n|\n|t:|1776452487\n|switch|p1a: my wrist|Calyrex-Ice, L50|100/100\n|-ability|p1a: my wrist|As One\n|-ability|p1a: my wrist|Unnerve\n|turn|3\n|\n|t:|1776452511\n|switch|p2a: Message4YouSir|Incineroar, L50, F|100/100\n|-ability|p2a: Message4YouSir|Intimidate|boost\n|-fail|p1a: my wrist|unboost|[from] item: Clear Amulet|[of] p1a: my wrist\n|-unboost|p1b: Deepthroat|atk|1\n|move|p1a: my wrist|Curse|p1a: my wrist\n|-unboost|p1a: my wrist|spe|1\n|-boost|p1a: my wrist|atk|1\n|-boost|p1a: my wrist|def|1\n|move|p1b: Deepthroat|Psychic|p2b: MontyPythonFlying\n|-activate|p2b: MontyPythonFlying|ability: Tera Shell\n|-resisted|p2b: MontyPythonFlying\n|-damage|p2b: MontyPythonFlying|76/100\n|move|p2b: MontyPythonFlying|Calm Mind|p2b: MontyPythonFlying\n|-boost|p2b: MontyPythonFlying|spa|1\n|-boost|p2b: MontyPythonFlying|spd|1\n|\n|upkeep\n|turn|4\n|inactive|DemonPingu has 30 seconds left.\n|inactive|DemonPingu has 20 seconds left.\n|\n|t:|1776452547\n|-terastallize|p2b: MontyPythonFlying|Stellar\n|detailschange|p2b: MontyPythonFlying|Terapagos-Stellar, L50, M, tera:Stellar\n|-heal|p2b: MontyPythonFlying|82/100|[silent]\n|-ability|p2b: MontyPythonFlying|Teraform Zero\n|-fieldend|move: Electric Terrain\n|move|p1a: my wrist|Glacial Lance|p2b: MontyPythonFlying|[spread] p2a,p2b\n|-resisted|p2a: Message4YouSir\n|-damage|p2a: Message4YouSir|68/100\n|-damage|p2b: MontyPythonFlying|49/100\n|move|p1b: Deepthroat|Hyper Voice|p2b: MontyPythonFlying|[spread] p2a,p2b\n|-damage|p2a: Message4YouSir|41/100\n|-damage|p2b: MontyPythonFlying|29/100\n|move|p2a: Message4YouSir|Knock Off|p1a: my wrist\n|-supereffective|p1a: my wrist\n|-damage|p1a: my wrist|68/100\n|-enditem|p1a: my wrist|Clear Amulet|[from] move: Knock Off|[of] p2a: Message4YouSir\n|move|p2b: MontyPythonFlying|Tera Starstorm|p1b: Deepthroat|[spread] p1a,p1b\n|-damage|p1a: my wrist|32/100\n|-damage|p1b: Deepthroat|52/100\n|\n|upkeep\n|turn|5\n|inactive|TheNamesBetty has 30 seconds left.\n|inactive|DemonPingu has 30 seconds left.\n|inactive|DemonPingu has 20 seconds left.\n|inactive|DemonPingu has 15 seconds left.\n|inactive|DemonPingu has 10 seconds left.\n|\n|t:|1776452600\n|switch|p2a: Shubbery|Sinistcha, L50|100/100\n|-heal|p2b: MontyPythonFlying|54/100|[from] ability: Hospitality|[of] p2a: Shubbery\n|move|p2b: MontyPythonFlying|Protect|p2b: MontyPythonFlying\n|-singleturn|p2b: MontyPythonFlying|Protect\n|move|p1a: my wrist|Glacial Lance|p2b: MontyPythonFlying|[spread] p2a\n|-activate|p2b: MontyPythonFlying|move: Protect\n|-supereffective|p2a: Shubbery\n|-damage|p2a: Shubbery|0 fnt\n|faint|p2a: Shubbery\n|-ability|p1a: my wrist|Chilling Neigh|boost\n|-boost|p1a: my wrist|atk|1\n|move|p1b: Deepthroat|Hyper Voice|p2b: MontyPythonFlying\n|-activate|p2b: MontyPythonFlying|move: Protect\n|\n|-fieldend|move: Trick Room\n|upkeep\n|\n|t:|1776452611\n|switch|p2a: Dead Parrot|Miraidon, L50|64/100\n|-fieldstart|move: Electric Terrain|[from] ability: Hadron Engine|[of] p2a: Dead Parrot\n|turn|6\n|\n|t:|1776452635\n|move|p1b: Deepthroat|Protect|p1b: Deepthroat\n|-singleturn|p1b: Deepthroat|Protect\n|move|p2a: Dead Parrot|Electro Drift|p1b: Deepthroat\n|-activate|p1b: Deepthroat|move: Protect\n|move|p2b: MontyPythonFlying|Tera Starstorm|p1b: Deepthroat|[spread] p1a\n|-activate|p1b: Deepthroat|move: Protect\n|-damage|p1a: my wrist|0 fnt\n|faint|p1a: my wrist\n|\n|upkeep\n|\n|t:|1776452645\n|switch|p1a: Kyogre stopper|Miraidon, L50|100/100\n|-activate|p1a: Kyogre stopper|ability: Hadron Engine\n|turn|7\n|\n|t:|1776452665\n|move|p2a: Dead Parrot|Electro Drift|p1b: Deepthroat\n|-damage|p1b: Deepthroat|0 fnt\n|faint|p1b: Deepthroat\n|move|p1a: Kyogre stopper|Snarl|p2a: Dead Parrot|[spread] p2a,p2b\n|-damage|p2a: Dead Parrot|49/100\n|-damage|p2b: MontyPythonFlying|45/100\n|-unboost|p2a: Dead Parrot|spa|1\n|-unboost|p2b: MontyPythonFlying|spa|1\n|move|p2b: MontyPythonFlying|Earth Power|p1a: Kyogre stopper\n|-supereffective|p1a: Kyogre stopper\n|-damage|p1a: Kyogre stopper|59/100\n|\n|upkeep\n|turn|8\n|inactive|DemonPingu has 30 seconds left.\n|\n|t:|1776452698\n|switch|p2a: Message4YouSir|Incineroar, L50, F|41/100\n|-ability|p2a: Message4YouSir|Intimidate|boost\n|-unboost|p1a: Kyogre stopper|atk|1\n|move|p2b: MontyPythonFlying|Protect|p2b: MontyPythonFlying\n|-singleturn|p2b: MontyPythonFlying|Protect\n|move|p1a: Kyogre stopper|Snarl|p2b: MontyPythonFlying|[spread] p2a\n|-activate|p2b: MontyPythonFlying|move: Protect\n|-resisted|p2a: Message4YouSir\n|-damage|p2a: Message4YouSir|35/100\n|-unboost|p2a: Message4YouSir|spa|1\n|\n|upkeep\n|turn|9\n|\n|t:|1776452711\n|move|p2a: Message4YouSir|Fake Out|p1a: Kyogre stopper\n|-damage|p1a: Kyogre stopper|50/100\n|cant|p1a: Kyogre stopper|flinch\n|move|p2b: MontyPythonFlying|Calm Mind|p2b: MontyPythonFlying\n|-boost|p2b: MontyPythonFlying|spa|1\n|-boost|p2b: MontyPythonFlying|spd|1\n|\n|upkeep\n|turn|10\n|\n|t:|1776452727\n|move|p1a: Kyogre stopper|Electro Drift|p2b: MontyPythonFlying\n|-damage|p2b: MontyPythonFlying|11/100\n|move|p2b: MontyPythonFlying|Earth Power|p1a: Kyogre stopper\n|-supereffective|p1a: Kyogre stopper\n|-damage|p1a: Kyogre stopper|0 fnt\n|faint|p1a: Kyogre stopper\n|\n|win|TheNamesBetty\n|raw|DemonPingu's rating: 1456 &rarr; <strong>1431</strong><br />(-25 for losing)\n|raw|TheNamesBetty's rating: 1370 &rarr; <strong>1395</strong><br />(+25 for winning)\n","uploadtime":1776452741,"views":32,"formatid":"gen9vgc2026regi","rating":1395,"private":0,"password":null}