{"id":"gen9vgc2026regi-2559531683","format":"[Gen 9] VGC 2026 Reg I","players":["ggbond12138","BanKingambit69247"],"log":"|j|\u2606ggbond12138\n|j|\u2606BanKingambit69247\n|t:|1773582796\n|gametype|doubles\n|player|p1|ggbond12138|265|1390\n|player|p2|BanKingambit69247|102|1364\n|gen|9\n|tier|[Gen 9] VGC 2026 Reg I\n|rated|\n|rule|Species Clause: Limit one of each Pok\u00e9mon\n|rule|Item Clause: Limit 1 of each item\n|clearpoke\n|poke|p1|Incineroar, L50, F|\n|poke|p1|Kyogre, L50|\n|poke|p1|Tornadus, L50, M|\n|poke|p1|Landorus, L50, M|\n|poke|p1|Zacian-*, L50|\n|poke|p1|Raging Bolt, L50|\n|poke|p2|Calyrex-Shadow, L50|\n|poke|p2|Zamazenta-*, L50|\n|poke|p2|Chien-Pao, L50|\n|poke|p2|Smeargle, L50, M|\n|poke|p2|Dondozo, L50, F|\n|poke|p2|Tatsugiri, L50, F|\n|teampreview|4\n|inactive|Battle timer is ON: inactive players will automatically lose when time's up. (requested by ggbond12138)\n|inactive|ggbond12138 has 60 seconds left.\n|\n|t:|1773582837\n|teamsize|p1|4\n|teamsize|p2|4\n|start\n|switch|p1a: Tornadus|Tornadus, L50, M|100/100\n|switch|p1b: Kyogre|Kyogre, L50|100/100\n|switch|p2a: \u6211\u5927\u54e5|Smeargle, L50, M|100/100\n|switch|p2b: \u8bf6\u4f60\u600e\u4e48\u6b7b\u4e86?\u267f\u267f\u267f|Calyrex-Shadow, L50|100/100\n|-ability|p2b: \u8bf6\u4f60\u600e\u4e48\u6b7b\u4e86?\u267f\u267f\u267f|As One\n|-ability|p2b: \u8bf6\u4f60\u600e\u4e48\u6b7b\u4e86?\u267f\u267f\u267f|Unnerve\n|-weather|RainDance|[from] ability: Drizzle|[of] p1b: Kyogre\n|turn|1\n|inactive|ggbond12138 has 30 seconds left.\n|\n|t:|1773582872\n|-terastallize|p2b: \u8bf6\u4f60\u600e\u4e48\u6b7b\u4e86?\u267f\u267f\u267f|Ghost\n|-terastallize|p1a: Tornadus|Normal\n|move|p2a: \u6211\u5927\u54e5|Wide Guard|p2a: \u6211\u5927\u54e5\n|-singleturn|p2a: \u6211\u5927\u54e5|Wide Guard\n|move|p2b: \u8bf6\u4f60\u600e\u4e48\u6b7b\u4e86?\u267f\u267f\u267f|Astral Barrage|p1b: Kyogre|[spread] p1b\n|-immune|p1a: Tornadus\n|-damage|p1b: Kyogre|38/100\n|move|p1a: Tornadus|Bleakwind Storm|p2a: \u6211\u5927\u54e5|[spread] \n|-activate|p2a: \u6211\u5927\u54e5|move: Wide Guard\n|-activate|p2b: \u8bf6\u4f60\u600e\u4e48\u6b7b\u4e86?\u267f\u267f\u267f|move: Wide Guard\n|move|p1b: Kyogre|Water Spout|p2b: \u8bf6\u4f60\u600e\u4e48\u6b7b\u4e86?\u267f\u267f\u267f|[spread] \n|-activate|p2a: \u6211\u5927\u54e5|move: Wide Guard\n|-activate|p2b: \u8bf6\u4f60\u600e\u4e48\u6b7b\u4e86?\u267f\u267f\u267f|move: Wide Guard\n|\n|-weather|RainDance|[upkeep]\n|upkeep\n|turn|2\n|inactive|ggbond12138 has 30 seconds left.\n|\n|t:|1773582903\n|move|p2a: \u6211\u5927\u54e5|Wide Guard|p2a: \u6211\u5927\u54e5\n|-singleturn|p2a: \u6211\u5927\u54e5|Wide Guard\n|move|p2b: \u8bf6\u4f60\u600e\u4e48\u6b7b\u4e86?\u267f\u267f\u267f|Astral Barrage|p1a: Tornadus|[spread] p1b\n|-immune|p1a: Tornadus\n|-damage|p1b: Kyogre|0 fnt\n|faint|p1b: Kyogre\n|-ability|p2b: \u8bf6\u4f60\u600e\u4e48\u6b7b\u4e86?\u267f\u267f\u267f|Grim Neigh|boost\n|-boost|p2b: \u8bf6\u4f60\u600e\u4e48\u6b7b\u4e86?\u267f\u267f\u267f|spa|1\n|move|p1a: Tornadus|Bleakwind Storm|p2a: \u6211\u5927\u54e5|[spread] \n|-activate|p2a: \u6211\u5927\u54e5|move: Wide Guard\n|-activate|p2b: \u8bf6\u4f60\u600e\u4e48\u6b7b\u4e86?\u267f\u267f\u267f|move: Wide Guard\n|\n|-weather|RainDance|[upkeep]\n|upkeep\n|\n|t:|1773582916\n|switch|p1b: Landorus|Landorus, L50, M|100/100\n|turn|3\n|\n|t:|1773582928\n|move|p2a: \u6211\u5927\u54e5|Follow Me|p2a: \u6211\u5927\u54e5\n|-singleturn|p2a: \u6211\u5927\u54e5|move: Follow Me\n|move|p1b: Landorus|Fissure|p2a: \u6211\u5927\u54e5\n|-enditem|p2a: \u6211\u5927\u54e5|Focus Sash\n|-damage|p2a: \u6211\u5927\u54e5|1/100\n|move|p2b: \u8bf6\u4f60\u600e\u4e48\u6b7b\u4e86?\u267f\u267f\u267f|Astral Barrage|p1a: Tornadus|[spread] p1b\n|-immune|p1a: Tornadus\n|-damage|p1b: Landorus|0 fnt\n|faint|p1b: Landorus\n|-ability|p2b: \u8bf6\u4f60\u600e\u4e48\u6b7b\u4e86?\u267f\u267f\u267f|Grim Neigh|boost\n|-boost|p2b: \u8bf6\u4f60\u600e\u4e48\u6b7b\u4e86?\u267f\u267f\u267f|spa|1\n|move|p1a: Tornadus|Bleakwind Storm|p2a: \u6211\u5927\u54e5|[spread] p2a,p2b\n|-damage|p2a: \u6211\u5927\u54e5|0 fnt\n|-damage|p2b: \u8bf6\u4f60\u600e\u4e48\u6b7b\u4e86?\u267f\u267f\u267f|50/100\n|faint|p2a: \u6211\u5927\u54e5\n|\n|-weather|RainDance|[upkeep]\n|upkeep\n|\n|t:|1773582945\n|switch|p1b: Raging Bolt|Raging Bolt, L50|100/100\n|switch|p2a: \u773c\u795e\u5446\u6ede\ud83e\udd2a|Dondozo, L50, F, shiny|100/100\n|-enditem|p1b: Raging Bolt|Booster Energy\n|-activate|p1b: Raging Bolt|ability: Protosynthesis|[fromitem]\n|-start|p1b: Raging Bolt|protosynthesisspa\n|turn|4\n|\n|t:|1773582969\n|move|p1b: Raging Bolt|Protect|p1b: Raging Bolt\n|-singleturn|p1b: Raging Bolt|Protect\n|move|p2b: \u8bf6\u4f60\u600e\u4e48\u6b7b\u4e86?\u267f\u267f\u267f|Astral Barrage|p1a: Tornadus|[spread] \n|-activate|p1b: Raging Bolt|move: Protect\n|-immune|p1a: Tornadus\n|move|p1a: Tornadus|Bleakwind Storm|p2a: \u773c\u795e\u5446\u6ede\ud83e\udd2a|[spread] p2a,p2b\n|-damage|p2a: \u773c\u795e\u5446\u6ede\ud83e\udd2a|61/100\n|-damage|p2b: \u8bf6\u4f60\u600e\u4e48\u6b7b\u4e86?\u267f\u267f\u267f|0 fnt\n|faint|p2b: \u8bf6\u4f60\u600e\u4e48\u6b7b\u4e86?\u267f\u267f\u267f\n|move|p2a: \u773c\u795e\u5446\u6ede\ud83e\udd2a|Earthquake|p1b: Raging Bolt|[spread] p1a\n|-activate|p1b: Raging Bolt|move: Protect\n|-damage|p1a: Tornadus|76/100\n|\n|-weather|RainDance|[upkeep]\n|-heal|p2a: \u773c\u795e\u5446\u6ede\ud83e\udd2a|67/100|[from] item: Leftovers\n|upkeep\n|\n|t:|1773582972\n|switch|p2b: \u68d5\u8272\u5c0f\u6590\u6d4e\u5317\ud83d\ude0b|Tatsugiri, L50, F, shiny|100/100\n|-activate|p2b: \u68d5\u8272\u5c0f\u6590\u6d4e\u5317\ud83d\ude0b|ability: Commander|[of] p2a: \u773c\u795e\u5446\u6ede\ud83e\udd2a\n|-boost|p2a: \u773c\u795e\u5446\u6ede\ud83e\udd2a|atk|2\n|-boost|p2a: \u773c\u795e\u5446\u6ede\ud83e\udd2a|spa|2\n|-boost|p2a: \u773c\u795e\u5446\u6ede\ud83e\udd2a|spe|2\n|-boost|p2a: \u773c\u795e\u5446\u6ede\ud83e\udd2a|def|2\n|-boost|p2a: \u773c\u795e\u5446\u6ede\ud83e\udd2a|spd|2\n|turn|5\n|inactive|ggbond12138 has 30 seconds left.\n|\n|t:|1773582999\n|move|p2a: \u773c\u795e\u5446\u6ede\ud83e\udd2a|Protect|p2a: \u773c\u795e\u5446\u6ede\ud83e\udd2a\n|-singleturn|p2a: \u773c\u795e\u5446\u6ede\ud83e\udd2a|Protect\n|move|p1a: Tornadus|Tailwind|p1a: Tornadus\n|-sidestart|p1: ggbond12138|move: Tailwind\n|move|p1b: Raging Bolt|Thunder|p2a: \u773c\u795e\u5446\u6ede\ud83e\udd2a\n|-activate|p2a: \u773c\u795e\u5446\u6ede\ud83e\udd2a|move: Protect\n|\n|-weather|none\n|-heal|p2a: \u773c\u795e\u5446\u6ede\ud83e\udd2a|73/100|[from] item: Leftovers\n|upkeep\n|turn|6\n|\n|t:|1773583008\n|move|p1a: Tornadus|Tailwind||[still]\n|-fail|p1a: Tornadus\n|move|p1b: Raging Bolt|Thunder|p2a: \u773c\u795e\u5446\u6ede\ud83e\udd2a|[miss]\n|-miss|p1b: Raging Bolt|p2a: \u773c\u795e\u5446\u6ede\ud83e\udd2a\n|move|p2a: \u773c\u795e\u5446\u6ede\ud83e\udd2a|Wave Crash|p1a: Tornadus\n|-damage|p1a: Tornadus|0 fnt\n|faint|p1a: Tornadus\n|-damage|p2a: \u773c\u795e\u5446\u6ede\ud83e\udd2a|57/100|[from] Recoil\n|\n|-heal|p2a: \u773c\u795e\u5446\u6ede\ud83e\udd2a|63/100|[from] item: Leftovers\n|upkeep\n|turn|7\n|\n|t:|1773583017\n|move|p2a: \u773c\u795e\u5446\u6ede\ud83e\udd2a|Protect|p2a: \u773c\u795e\u5446\u6ede\ud83e\udd2a\n|-singleturn|p2a: \u773c\u795e\u5446\u6ede\ud83e\udd2a|Protect\n|move|p1b: Raging Bolt|Thunder|p2a: \u773c\u795e\u5446\u6ede\ud83e\udd2a\n|-activate|p2a: \u773c\u795e\u5446\u6ede\ud83e\udd2a|move: Protect\n|\n|-heal|p2a: \u773c\u795e\u5446\u6ede\ud83e\udd2a|69/100|[from] item: Leftovers\n|upkeep\n|turn|8\n|\n|t:|1773583023\n|move|p1b: Raging Bolt|Thunder|p2a: \u773c\u795e\u5446\u6ede\ud83e\udd2a\n|-supereffective|p2a: \u773c\u795e\u5446\u6ede\ud83e\udd2a\n|-damage|p2a: \u773c\u795e\u5446\u6ede\ud83e\udd2a|9/100\n|-status|p2a: \u773c\u795e\u5446\u6ede\ud83e\udd2a|par\n|move|p2a: \u773c\u795e\u5446\u6ede\ud83e\udd2a|Order Up|p1b: Raging Bolt\n|-supereffective|p1b: Raging Bolt\n|-damage|p1b: Raging Bolt|37/100\n|-boost|p2a: \u773c\u795e\u5446\u6ede\ud83e\udd2a|atk|1\n|\n|-heal|p2a: \u773c\u795e\u5446\u6ede\ud83e\udd2a|15/100 par|[from] item: Leftovers\n|-sideend|p1: ggbond12138|move: Tailwind\n|upkeep\n|turn|9\n|\n|t:|1773583031\n|cant|p2a: \u773c\u795e\u5446\u6ede\ud83e\udd2a|par\n|move|p1b: Raging Bolt|Thunder|p2a: \u773c\u795e\u5446\u6ede\ud83e\udd2a\n|-supereffective|p2a: \u773c\u795e\u5446\u6ede\ud83e\udd2a\n|-damage|p2a: \u773c\u795e\u5446\u6ede\ud83e\udd2a|0 fnt\n|faint|p2a: \u773c\u795e\u5446\u6ede\ud83e\udd2a\n|\n|upkeep\n|turn|10\n|\n|t:|1773583037\n|move|p2b: \u68d5\u8272\u5c0f\u6590\u6d4e\u5317\ud83d\ude0b|Dragon Pulse|p1b: Raging Bolt\n|-supereffective|p1b: Raging Bolt\n|-damage|p1b: Raging Bolt|0 fnt\n|faint|p1b: Raging Bolt\n|-end|p1b: Raging Bolt|Protosynthesis|[silent]\n|\n|win|BanKingambit69247\n|raw|ggbond12138's rating: 1390 &rarr; <strong>1369</strong><br />(-21 for losing)\n|raw|BanKingambit69247's rating: 1364 &rarr; <strong>1385</strong><br />(+21 for winning)\n|l|\u2606BanKingambit69247\n|player|p2|\n","uploadtime":1773583040,"views":18,"formatid":"gen9vgc2026regi","rating":1369,"private":0,"password":null}