{"id":"gen9vgc2026regi-2565424165","format":"[Gen 9] VGC 2026 Reg I","players":["kojimuranishi","htotoT"],"log":"|j|\u2606kojimuranishi\n|j|\u2606htotoT\n|t:|1774274137\n|gametype|doubles\n|player|p1|kojimuranishi|2|1622\n|player|p2|htotoT|102|1575\n|gen|9\n|tier|[Gen 9] VGC 2026 Reg I\n|rated|\n|rule|Species Clause: Limit one of each Pok\u00e9mon\n|rule|Item Clause: Limit 1 of each item\n|clearpoke\n|poke|p1|Whimsicott, L50, M|\n|poke|p1|Calyrex-Ice, L50|\n|poke|p1|Miraidon, L50|\n|poke|p1|Chi-Yu, L50|\n|poke|p1|Landorus, L50, M|\n|poke|p1|Farigiraf, L50, F|\n|poke|p2|Grimmsnarl, L50, M|\n|poke|p2|Terapagos, L50, M|\n|poke|p2|Raichu, L50, F|\n|poke|p2|Ogerpon-Wellspring, L50, F|\n|poke|p2|Amoonguss, L50, F|\n|poke|p2|Kyogre, L50|\n|teampreview|4\n|inactive|Battle timer is ON: inactive players will automatically lose when time's up. (requested by htotoT)\n|inactive|kojimuranishi also wants the timer to be on.\n|\n|t:|1774274160\n|teamsize|p1|4\n|teamsize|p2|4\n|start\n|switch|p1a: Miraidon|Miraidon, L50|100/100\n|switch|p1b: Farigiraf|Farigiraf, L50, F|100/100\n|switch|p2a: Grimmsnarl|Grimmsnarl, L50, M|100/100\n|switch|p2b: Terapagos|Terapagos, L50, M|100/100\n|-activate|p2b: Terapagos|ability: Tera Shift\n|detailschange|p2b: Terapagos|Terapagos-Terastal, L50, M\n|-heal|p2b: Terapagos|100/100|[silent]\n|-fieldstart|move: Electric Terrain|[from] ability: Hadron Engine|[of] p1a: Miraidon\n|-enditem|p1b: Farigiraf|Electric Seed\n|-boost|p1b: Farigiraf|def|1|[from] item: Electric Seed\n|turn|1\n|inactive|kojimuranishi has 30 seconds left.\n|\n|t:|1774274185\n|move|p2a: Grimmsnarl|Light Screen|p2a: Grimmsnarl\n|-sidestart|p2: htotoT|move: Light Screen\n|move|p1a: Miraidon|Electro Drift|p2a: Grimmsnarl\n|-damage|p2a: Grimmsnarl|48/100\n|move|p2b: Terapagos|Calm Mind|p2b: Terapagos\n|-boost|p2b: Terapagos|spa|1\n|-boost|p2b: Terapagos|spd|1\n|move|p1b: Farigiraf|Light Screen|p1b: Farigiraf\n|-sidestart|p1: kojimuranishi|move: Light Screen\n|\n|upkeep\n|turn|2\n|\n|t:|1774274199\n|switch|p2a: Raichu|Raichu, L50, F|100/100\n|move|p1a: Miraidon|Electro Drift|p2a: Raichu\n|-ability|p2a: Raichu|Lightning Rod|boost\n|-boost|p2a: Raichu|spa|1\n|move|p2b: Terapagos|Calm Mind|p2b: Terapagos\n|-boost|p2b: Terapagos|spa|1\n|-boost|p2b: Terapagos|spd|1\n|move|p1b: Farigiraf|Foul Play|p2b: Terapagos\n|-activate|p2b: Terapagos|ability: Tera Shell\n|-resisted|p2b: Terapagos\n|-damage|p2b: Terapagos|93/100\n|\n|-heal|p2b: Terapagos|99/100|[from] item: Leftovers\n|upkeep\n|turn|3\n|inactive|kojimuranishi has 30 seconds left.\n|inactive|htotoT has 30 seconds left.\n|\n|t:|1774274231\n|switch|p1a: Calyrex|Calyrex-Ice, L50|100/100\n|-ability|p1a: Calyrex|As One\n|-ability|p1a: Calyrex|Unnerve\n|move|p2a: Raichu|Volt Switch|p1b: Farigiraf\n|-damage|p1b: Farigiraf|77/100\n|\n|t:|1774274239\n|switch|p2a: Grimmsnarl|Grimmsnarl, L50, M|48/100|[from] Volt Switch\n|move|p2b: Terapagos|Calm Mind|p2b: Terapagos\n|-boost|p2b: Terapagos|spa|1\n|-boost|p2b: Terapagos|spd|1\n|move|p1b: Farigiraf|Foul Play|p2b: Terapagos\n|-damage|p2b: Terapagos|84/100\n|\n|-heal|p2b: Terapagos|90/100|[from] item: Leftovers\n|upkeep\n|turn|4\n|inactive|kojimuranishi has 30 seconds left.\n|\n|t:|1774274270\n|-terastallize|p2b: Terapagos|Stellar\n|detailschange|p2b: Terapagos|Terapagos-Stellar, L50, M, tera:Stellar\n|-heal|p2b: Terapagos|92/100|[silent]\n|-ability|p2b: Terapagos|Teraform Zero\n|-fieldend|move: Electric Terrain\n|move|p1a: Calyrex|Glacial Lance|p2a: Grimmsnarl|[spread] p2a,p2b\n|-damage|p2a: Grimmsnarl|0 fnt\n|-damage|p2b: Terapagos|38/100\n|faint|p2a: Grimmsnarl\n|-ability|p1a: Calyrex|Chilling Neigh|boost\n|-boost|p1a: Calyrex|atk|1\n|move|p2b: Terapagos|Tera Starstorm|p1b: Farigiraf|[spread] p1a,p1b\n|-damage|p1a: Calyrex|52/100\n|-damage|p1b: Farigiraf|27/100\n|move|p1b: Farigiraf|Foul Play|p2b: Terapagos\n|-damage|p2b: Terapagos|27/100\n|\n|-heal|p2b: Terapagos|33/100|[from] item: Leftovers\n|upkeep\n|\n|t:|1774274288\n|switch|p2a: Kyogre|Kyogre, L50|100/100\n|-weather|RainDance|[from] ability: Drizzle|[of] p2a: Kyogre\n|turn|5\n|\n|t:|1774274311\n|switch|p1a: Whimsicott|Whimsicott, L50, M|100/100\n|move|p2b: Terapagos|Protect|p2b: Terapagos\n|-singleturn|p2b: Terapagos|Protect\n|move|p2a: Kyogre|Water Spout|p1b: Farigiraf|[spread] p1a,p1b\n|-resisted|p1a: Whimsicott\n|-damage|p1a: Whimsicott|49/100\n|-damage|p1b: Farigiraf|0 fnt\n|faint|p1b: Farigiraf\n|\n|-weather|RainDance|[upkeep]\n|-heal|p2b: Terapagos|40/100|[from] item: Leftovers\n|-sideend|p1: kojimuranishi|move: Light Screen\n|upkeep\n|\n|t:|1774274324\n|switch|p1b: Calyrex|Calyrex-Ice, L50|52/100\n|-ability|p1b: Calyrex|As One\n|-ability|p1b: Calyrex|Unnerve\n|turn|6\n|\n|t:|1774274331\n|-terastallize|p1b: Calyrex|Ice\n|move|p1a: Whimsicott|Tailwind|p1a: Whimsicott\n|-sidestart|p1: kojimuranishi|move: Tailwind\n|move|p2a: Kyogre|Water Spout|p1a: Whimsicott|[spread] p1a,p1b\n|-resisted|p1a: Whimsicott\n|-crit|p1a: Whimsicott\n|-damage|p1a: Whimsicott|0 fnt\n|-damage|p1b: Calyrex|0 fnt\n|faint|p1a: Whimsicott\n|faint|p1b: Calyrex\n|move|p2b: Terapagos|Tera Starstorm|p1: Whimsicott|[notarget]\n|-fail|p2b: Terapagos\n|\n|-weather|RainDance|[upkeep]\n|-heal|p2b: Terapagos|46/100|[from] item: Leftovers\n|upkeep\n|-message|kojimuranishi forfeited.\n|\n|win|htotoT\n|raw|kojimuranishi's rating: 1622 &rarr; <strong>1599</strong><br />(-23 for losing)\n|raw|htotoT's rating: 1575 &rarr; <strong>1598</strong><br />(+23 for winning)\n|l|\u2606kojimuranishi\n|player|p1|\n|l|\u2606htotoT\n|player|p2|\n","uploadtime":1774274610,"views":39,"formatid":"gen9vgc2026regi","rating":1598,"private":0,"password":null}