{"id":"gen9vgc2026regi-2565230027","format":"[Gen 9] VGC 2026 Reg I","players":["Hoshinaaa","ScribbleScribble"],"log":"|j|\u2606Hoshinaaa\n|j|\u2606ScribbleScribble\n|t:|1774247917\n|gametype|doubles\n|player|p1|Hoshinaaa|rosa|1538\n|player|p2|ScribbleScribble|mina-lgpe|1740\n|gen|9\n|tier|[Gen 9] VGC 2026 Reg I\n|rated|\n|rule|Species Clause: Limit one of each Pok\u00e9mon\n|rule|Item Clause: Limit 1 of each item\n|clearpoke\n|poke|p1|Grimmsnarl, L50, M|\n|poke|p1|Miraidon, L50|\n|poke|p1|Groudon, L50|\n|poke|p1|Volcarona, L50, M|\n|poke|p1|Sinistcha-Masterpiece, L50|\n|poke|p1|Farigiraf, L50, F|\n|poke|p2|Calyrex-Ice, L50|\n|poke|p2|Kyogre, L50|\n|poke|p2|Tornadus, L50, M|\n|poke|p2|Indeedee-F, L50, F|\n|poke|p2|Urshifu-*, L50, M|\n|poke|p2|Landorus, L50, M|\n|teampreview|4\n|inactive|Battle timer is ON: inactive players will automatically lose when time's up. (requested by ScribbleScribble)\n|inactive|Hoshinaaa also wants the timer to be on.\n|\n|t:|1774247931\n|teamsize|p1|4\n|teamsize|p2|4\n|start\n|switch|p1a: \u53cb\u60c5\u9632\u5b88|Grimmsnarl, L50, M|100/100\n|switch|p1b: \u6df1\u5ea6\u8fd1\u89c6|Groudon, L50|100/100\n|switch|p2a: Tornadus|Tornadus, L50, M|100/100\n|switch|p2b: Urshifu|Urshifu-Rapid-Strike, L50, M|100/100\n|-weather|SunnyDay|[from] ability: Drought|[of] p1b: \u6df1\u5ea6\u8fd1\u89c6\n|turn|1\n|\n|t:|1774247949\n|switch|p1b: Sinistcha|Sinistcha-Masterpiece, L50|100/100\n|move|p2a: Tornadus|Rain Dance|p2a: Tornadus\n|-weather|RainDance\n|move|p1a: \u53cb\u60c5\u9632\u5b88|Light Screen|p1a: \u53cb\u60c5\u9632\u5b88\n|-sidestart|p1: Hoshinaaa|move: Light Screen\n|move|p2b: Urshifu|Surging Strikes|p1b: Sinistcha\n|-resisted|p1b: Sinistcha\n|-crit|p1b: Sinistcha\n|-damage|p1b: Sinistcha|79/100\n|-damage|p2b: Urshifu|84/100|[from] item: Rocky Helmet|[of] p1b: Sinistcha\n|-resisted|p1b: Sinistcha\n|-crit|p1b: Sinistcha\n|-damage|p1b: Sinistcha|60/100\n|-damage|p2b: Urshifu|67/100|[from] item: Rocky Helmet|[of] p1b: Sinistcha\n|-resisted|p1b: Sinistcha\n|-crit|p1b: Sinistcha\n|-damage|p1b: Sinistcha|38/100\n|-damage|p2b: Urshifu|50/100|[from] item: Rocky Helmet|[of] p1b: Sinistcha\n|-hitcount|p1b: Sinistcha|3\n|\n|-weather|RainDance|[upkeep]\n|upkeep\n|turn|2\n|inactive|Hoshinaaa has 30 seconds left.\n|inactive|Hoshinaaa has 20 seconds left.\n|\n|t:|1774247985\n|move|p1b: Sinistcha|Protect|p1b: Sinistcha\n|-singleturn|p1b: Sinistcha|Protect\n|move|p1a: \u53cb\u60c5\u9632\u5b88|Taunt|p2a: Tornadus\n|-start|p2a: Tornadus|move: Taunt\n|move|p2a: Tornadus|Bleakwind Storm|p1b: Sinistcha|[spread] p1a\n|-activate|p1b: Sinistcha|move: Protect\n|-damage|p1a: \u53cb\u60c5\u9632\u5b88|78/100\n|move|p2b: Urshifu|Surging Strikes|p1a: \u53cb\u60c5\u9632\u5b88\n|-crit|p1a: \u53cb\u60c5\u9632\u5b88\n|-damage|p1a: \u53cb\u60c5\u9632\u5b88|30/100\n|-crit|p1a: \u53cb\u60c5\u9632\u5b88\n|-damage|p1a: \u53cb\u60c5\u9632\u5b88|0 fnt\n|faint|p1a: \u53cb\u60c5\u9632\u5b88\n|-hitcount|p1: \u53cb\u60c5\u9632\u5b88|2\n|\n|-weather|RainDance|[upkeep]\n|upkeep\n|\n|t:|1774248003\n|switch|p1a: Miraidon|Miraidon, L50|100/100\n|-fieldstart|move: Electric Terrain|[from] ability: Hadron Engine|[of] p1a: Miraidon\n|turn|3\n|\n|t:|1774248010\n|switch|p1b: \u6df1\u5ea6\u8fd1\u89c6|Groudon, L50|100/100\n|-weather|SunnyDay|[from] ability: Drought|[of] p1b: \u6df1\u5ea6\u8fd1\u89c6\n|-terastallize|p1a: Miraidon|Electric\n|move|p1a: Miraidon|Parabolic Charge|p2a: Tornadus|[spread] p2a,p2b\n|-immune|p1b: \u6df1\u5ea6\u8fd1\u89c6\n|-supereffective|p2a: Tornadus\n|-supereffective|p2b: Urshifu\n|-enditem|p2a: Tornadus|Focus Sash\n|-damage|p2a: Tornadus|1/100\n|-damage|p2b: Urshifu|0 fnt\n|faint|p2b: Urshifu\n|-damage|p1a: Miraidon|91/100|[from] item: Life Orb\n|move|p2a: Tornadus|Bleakwind Storm|p1b: \u6df1\u5ea6\u8fd1\u89c6|[spread] p1a\n|-miss|p2a: Tornadus|p1b: \u6df1\u5ea6\u8fd1\u89c6\n|-resisted|p1a: Miraidon\n|-damage|p1a: Miraidon|80/100\n|\n|-weather|SunnyDay|[upkeep]\n|upkeep\n|\n|t:|1774248015\n|switch|p2b: Kyogre|Kyogre, L50|100/100\n|-weather|RainDance|[from] ability: Drizzle|[of] p2b: Kyogre\n|turn|4\n|\n|t:|1774248037\n|switch|p2a: Calyrex|Calyrex-Ice, L50|100/100\n|-ability|p2a: Calyrex|As One\n|-ability|p2a: Calyrex|Unnerve\n|switch|p1b: Sinistcha|Sinistcha-Masterpiece, L50|38/100\n|-heal|p1a: Miraidon|100/100|[from] ability: Hospitality|[of] p1b: Sinistcha\n|-terastallize|p2b: Kyogre|Grass\n|move|p1a: Miraidon|Parabolic Charge|p2b: Kyogre|[spread] p1b,p2a,p2b\n|-resisted|p1b: Sinistcha\n|-resisted|p2b: Kyogre\n|-damage|p1b: Sinistcha|9/100\n|-damage|p2a: Calyrex|35/100\n|-damage|p2b: Kyogre|69/100\n|-damage|p1a: Miraidon|91/100|[from] item: Life Orb\n|move|p2b: Kyogre|Water Spout|p1a: Miraidon|[spread] p1a,p1b\n|-resisted|p1b: Sinistcha\n|-damage|p1a: Miraidon|40/100\n|-damage|p1b: Sinistcha|0 fnt\n|faint|p1b: Sinistcha\n|\n|-weather|RainDance|[upkeep]\n|upkeep\n|\n|t:|1774248059\n|switch|p1b: \u6df1\u5ea6\u8fd1\u89c6|Groudon, L50|100/100\n|-weather|SunnyDay|[from] ability: Drought|[of] p1b: \u6df1\u5ea6\u8fd1\u89c6\n|turn|5\n|\n|t:|1774248077\n|move|p2b: Kyogre|Protect|p2b: Kyogre\n|-singleturn|p2b: Kyogre|Protect\n|move|p1a: Miraidon|Parabolic Charge|p2a: Calyrex|[spread] p2a\n|-activate|p2b: Kyogre|move: Protect\n|-immune|p1b: \u6df1\u5ea6\u8fd1\u89c6\n|-damage|p2a: Calyrex|0 fnt\n|-heal|p1a: Miraidon|59/100|[from] drain|[of] p2a: Calyrex\n|faint|p2a: Calyrex\n|-damage|p1a: Miraidon|49/100|[from] item: Life Orb\n|move|p1b: \u6df1\u5ea6\u8fd1\u89c6|Heat Crash|p2b: Kyogre\n|-activate|p2b: Kyogre|move: Protect\n|\n|-weather|SunnyDay|[upkeep]\n|upkeep\n|\n|t:|1774248078\n|switch|p2a: Tornadus|Tornadus, L50, M|1/100\n|turn|6\n|\n|t:|1774248096\n|move|p2a: Tornadus|Rain Dance|p2a: Tornadus\n|-weather|RainDance\n|move|p1a: Miraidon|Parabolic Charge|p2b: Kyogre|[spread] p2a,p2b\n|-immune|p1b: \u6df1\u5ea6\u8fd1\u89c6\n|-supereffective|p2a: Tornadus\n|-resisted|p2b: Kyogre\n|-damage|p2a: Tornadus|0 fnt\n|-heal|p1a: Miraidon|50/100|[from] drain|[of] p2a: Tornadus\n|-damage|p2b: Kyogre|39/100\n|-heal|p1a: Miraidon|65/100|[from] drain|[of] p2b: Kyogre\n|faint|p2a: Tornadus\n|-damage|p1a: Miraidon|56/100|[from] item: Life Orb\n|move|p2b: Kyogre|Hydro Pump|p1a: Miraidon|[miss]\n|-miss|p2b: Kyogre|p1a: Miraidon\n|move|p1b: \u6df1\u5ea6\u8fd1\u89c6|Rock Slide|p2b: Kyogre\n|-damage|p2b: Kyogre|5/100\n|\n|-weather|RainDance|[upkeep]\n|upkeep\n|turn|7\n|-message|ScribbleScribble forfeited.\n|\n|win|Hoshinaaa\n|raw|Hoshinaaa's rating: 1538 &rarr; <strong>1569</strong><br />(+31 for winning)\n|raw|ScribbleScribble's rating: 1753 &rarr; <strong>1722</strong><br />(-31 for losing)\n|l|\u2606ScribbleScribble\n|player|p2|\n|l|\u2606Hoshinaaa\n|player|p1|\n","uploadtime":1774248315,"views":32,"formatid":"gen9vgc2026regi","rating":1569,"private":0,"password":null}