{"id":"gen9vgc2026regi-2565569117","format":"[Gen 9] VGC 2026 Reg I","players":["Dbzone9001","kojimuranishi"],"log":"|j|\u2606Dbzone9001\n|j|\u2606kojimuranishi\n|t:|1774286000\n|gametype|doubles\n|player|p1|Dbzone9001|2|1506\n|player|p2|kojimuranishi|2|1646\n|gen|9\n|tier|[Gen 9] VGC 2026 Reg I\n|rated|\n|rule|Species Clause: Limit one of each Pok\u00e9mon\n|rule|Item Clause: Limit 1 of each item\n|clearpoke\n|poke|p1|Dondozo, L50, M|\n|poke|p1|Tatsugiri, L50, F|\n|poke|p1|Miraidon, L50|\n|poke|p1|Calyrex-Shadow, L50|\n|poke|p1|Okidogi, L50, M|\n|poke|p1|Grimmsnarl, L50, M|\n|poke|p2|Whimsicott, L50, M|\n|poke|p2|Calyrex-Ice, L50|\n|poke|p2|Miraidon, L50|\n|poke|p2|Chi-Yu, L50|\n|poke|p2|Landorus, L50, M|\n|poke|p2|Farigiraf, L50, M|\n|teampreview|4\n|inactive|Battle timer is ON: inactive players will automatically lose when time's up. (requested by kojimuranishi)\n|\n|t:|1774286045\n|teamsize|p1|4\n|teamsize|p2|4\n|start\n|switch|p1a: Grimmsnarl|Grimmsnarl, L50, M|100/100\n|switch|p1b: Miraidon|Miraidon, L50|100/100\n|switch|p2a: Whimsicott|Whimsicott, L50, M|100/100\n|switch|p2b: Calyrex|Calyrex-Ice, L50|100/100\n|-ability|p2b: Calyrex|As One\n|-ability|p2b: Calyrex|Unnerve\n|-fieldstart|move: Electric Terrain|[from] ability: Hadron Engine|[of] p1b: Miraidon\n|turn|1\n|\n|t:|1774286061\n|-terastallize|p2b: Calyrex|Ice\n|move|p2a: Whimsicott|Tailwind|p2a: Whimsicott\n|-sidestart|p2: kojimuranishi|move: Tailwind\n|move|p1a: Grimmsnarl|Reflect|p1a: Grimmsnarl\n|-sidestart|p1: Dbzone9001|Reflect\n|move|p1b: Miraidon|Volt Switch|p2b: Calyrex\n|-damage|p2b: Calyrex|44/100\n|\n|t:|1774286081\n|switch|p1b: Okidogi|Okidogi, L50, M|100/100|[from] Volt Switch\n|move|p2b: Calyrex|Glacial Lance|p1b: Okidogi|[spread] p1a,p1b\n|-damage|p1a: Grimmsnarl|26/100\n|-damage|p1b: Okidogi|43/100\n|\n|upkeep\n|turn|2\n|\n|t:|1774286105\n|switch|p2b: Miraidon|Miraidon, L50|100/100\n|-activate|p2b: Miraidon|ability: Hadron Engine\n|-terastallize|p1b: Okidogi|Water\n|move|p1a: Grimmsnarl|Light Screen|p1a: Grimmsnarl\n|-sidestart|p1: Dbzone9001|move: Light Screen\n|move|p2a: Whimsicott|Moonblast|p1a: Grimmsnarl\n|-supereffective|p1a: Grimmsnarl\n|-damage|p1a: Grimmsnarl|0 fnt\n|faint|p1a: Grimmsnarl\n|move|p1b: Okidogi|Drain Punch|p2b: Miraidon\n|-damage|p2b: Miraidon|62/100\n|-heal|p1b: Okidogi|60/100|[from] drain|[of] p2b: Miraidon\n|\n|upkeep\n|\n|t:|1774286118\n|switch|p1a: Calyrex|Calyrex-Shadow, L50|100/100\n|-ability|p1a: Calyrex|As One\n|-ability|p1a: Calyrex|Unnerve\n|turn|3\n|inactive|kojimuranishi has 30 seconds left.\n|\n|t:|1774286150\n|switch|p1b: Miraidon|Miraidon, L50|100/100\n|-activate|p1b: Miraidon|ability: Hadron Engine\n|move|p2b: Miraidon|Electro Drift|p1b: Miraidon\n|-resisted|p1b: Miraidon\n|-damage|p1b: Miraidon|88/100\n|move|p2a: Whimsicott|Moonblast|p1a: Calyrex\n|-damage|p1a: Calyrex|76/100\n|-unboost|p1a: Calyrex|spa|1\n|move|p1a: Calyrex|Astral Barrage|p2a: Whimsicott|[spread] p2a,p2b\n|-damage|p2a: Whimsicott|34/100\n|-damage|p2b: Miraidon|30/100\n|\n|upkeep\n|turn|4\n|inactive|Dbzone9001 has 30 seconds left.\n|inactive|kojimuranishi has 30 seconds left.\n|inactive|kojimuranishi has 20 seconds left.\n|\n|t:|1774286188\n|move|p2b: Miraidon|Electro Drift|p1a: Calyrex\n|-damage|p1a: Calyrex|11/100\n|move|p2a: Whimsicott|Moonblast|p1b: Miraidon\n|-supereffective|p1b: Miraidon\n|-damage|p1b: Miraidon|49/100\n|-unboost|p1b: Miraidon|spa|1\n|move|p1b: Miraidon|Volt Switch|p2a: Whimsicott\n|-resisted|p2a: Whimsicott\n|-crit|p2a: Whimsicott\n|-damage|p2a: Whimsicott|0 fnt\n|faint|p2a: Whimsicott\n|\n|t:|1774286198\n|switch|p1b: Okidogi|Okidogi, L50, M, tera:Water|60/100|[from] Volt Switch\n|move|p1a: Calyrex|Astral Barrage|p2b: Miraidon\n|-damage|p2b: Miraidon|0 fnt\n|faint|p2b: Miraidon\n|-ability|p1a: Calyrex|Grim Neigh|boost\n|-boost|p1a: Calyrex|spa|1\n|\n|-sideend|p2: kojimuranishi|move: Tailwind\n|upkeep\n|\n|t:|1774286211\n|switch|p2b: Calyrex|Calyrex-Ice, L50, tera:Ice|44/100\n|switch|p2a: Chi-Yu|Chi-Yu, L50|100/100\n|-ability|p2b: Calyrex|As One\n|-ability|p2b: Calyrex|Unnerve\n|-ability|p2a: Chi-Yu|Beads of Ruin\n|turn|5\n|\n|t:|1774286222\n|move|p1a: Calyrex|Protect|p1a: Calyrex\n|-singleturn|p1a: Calyrex|Protect\n|move|p2a: Chi-Yu|Heat Wave|p1a: Calyrex|[spread] p1b\n|-activate|p1a: Calyrex|move: Protect\n|-resisted|p1b: Okidogi\n|-damage|p1b: Okidogi|42/100\n|move|p2b: Calyrex|Glacial Lance|p1b: Okidogi|[spread] p1b\n|-activate|p1a: Calyrex|move: Protect\n|-resisted|p1b: Okidogi\n|-damage|p1b: Okidogi|12/100\n|move|p1b: Okidogi|Drain Punch|p2b: Calyrex\n|-supereffective|p2b: Calyrex\n|-damage|p2b: Calyrex|0 fnt\n|-heal|p1b: Okidogi|32/100|[from] drain|[of] p2b: Calyrex\n|faint|p2b: Calyrex\n|\n|-fieldend|move: Electric Terrain\n|upkeep\n|turn|6\n|-message|kojimuranishi forfeited.\n|\n|win|Dbzone9001\n|raw|Dbzone9001's rating: 1506 &rarr; <strong>1534</strong><br />(+28 for winning)\n|raw|kojimuranishi's rating: 1646 &rarr; <strong>1618</strong><br />(-28 for losing)\n|l|\u2606kojimuranishi\n|player|p2|\n|l|\u2606Dbzone9001\n|player|p1|\n","uploadtime":1774286420,"views":17,"formatid":"gen9vgc2026regi","rating":1534,"private":0,"password":null}