{"id":"gen9vgc2026regi-2574619034","format":"[Gen 9] VGC 2026 Reg I","players":["CHR1SPHX","Isuckatthishaha"],"log":"|j|\u2606CHR1SPHX\n|j|\u203dIsuckatthishaha\n|t:|1775256446\n|gametype|doubles\n|player|p1|CHR1SPHX|hilbert|1521\n|player|p2|Isuckatthishaha|lady|1514\n|gen|9\n|tier|[Gen 9] VGC 2026 Reg I\n|rated|\n|rule|Species Clause: Limit one of each Pok\u00e9mon\n|rule|Item Clause: Limit 1 of each item\n|clearpoke\n|poke|p1|Flutter Mane, L50|\n|poke|p1|Incineroar, L50, M|\n|poke|p1|Ursaluna, L50, M|\n|poke|p1|Amoonguss, L50, M|\n|poke|p1|Koraidon, L50|\n|poke|p1|Lunala, L50|\n|poke|p2|Rayquaza, L50|\n|poke|p2|Kyogre, L50|\n|poke|p2|Tornadus, L50, M|\n|poke|p2|Chien-Pao, L50|\n|poke|p2|Rhyperior, L50, M|\n|poke|p2|Urshifu-*, L50, M|\n|teampreview|4\n|inactive|Battle timer is ON: inactive players will automatically lose when time's up. (requested by Isuckatthishaha)\n|inactive|CHR1SPHX also wants the timer to be on.\n|j| darkmaikshark\nCHR1SPHX has agreed to open team sheets.\n|\n|t:|1775256471\n|teamsize|p1|4\n|teamsize|p2|4\n|start\n|switch|p1a: Flutter Mane|Flutter Mane, L50|100/100\n|switch|p1b: Incineroar|Incineroar, L50, M|100/100\n|switch|p2a: Tornadus|Tornadus, L50, M|100/100\n|switch|p2b: Kyogre|Kyogre, L50|100/100\n|-weather|RainDance|[from] ability: Drizzle|[of] p2b: Kyogre\n|-ability|p1b: Incineroar|Intimidate|boost\n|-unboost|p2a: Tornadus|atk|1\n|-unboost|p2b: Kyogre|atk|1\n|turn|1\n|inactive|Isuckatthishaha has 30 seconds left.\n|\n|t:|1775256506\n|switch|p1b: Koraidon|Koraidon, L50|100/100\n|-weather|SunnyDay|[from] ability: Orichalcum Pulse|[of] p1b: Koraidon\n|-activate|p1a: Flutter Mane|ability: Protosynthesis\n|-start|p1a: Flutter Mane|protosynthesisspe\n|-activate|p1b: Koraidon|Orichalcum Pulse|[source]\n|move|p2a: Tornadus|Tailwind|p2a: Tornadus\n|-sidestart|p2: Isuckatthishaha|move: Tailwind\n|move|p1a: Flutter Mane|Shadow Ball|p2b: Kyogre\n|-damage|p2b: Kyogre|73/100\n|move|p2b: Kyogre|Water Spout|p1b: Koraidon|[spread] p1a,p1b\n|-resisted|p1b: Koraidon\n|-damage|p1a: Flutter Mane|70/100\n|-damage|p1b: Koraidon|89/100\n|\n|-weather|SunnyDay|[upkeep]\n|upkeep\n|turn|2\n|\n|t:|1775256528\n|move|p2b: Kyogre|Protect|p2b: Kyogre\n|-singleturn|p2b: Kyogre|Protect\n|move|p2a: Tornadus|Rain Dance|p2a: Tornadus\n|-weather|RainDance\n|-end|p1a: Flutter Mane|Protosynthesis\n|move|p1a: Flutter Mane|Dazzling Gleam|p2b: Kyogre|[spread] p2a\n|-activate|p2b: Kyogre|move: Protect\n|-damage|p2a: Tornadus|67/100\n|move|p1b: Koraidon|Collision Course|p2b: Kyogre\n|-activate|p2b: Kyogre|move: Protect\n|\n|-weather|RainDance|[upkeep]\n|upkeep\n|turn|3\n|inactive|CHR1SPHX has 30 seconds left.\n|inactive|CHR1SPHX has 20 seconds left.\n|\n|t:|1775256564\n|move|p1b: Koraidon|Protect|p1b: Koraidon\n|-singleturn|p1b: Koraidon|Protect\n|move|p2a: Tornadus|Bleakwind Storm|p1b: Koraidon|[spread] p1a\n|-activate|p1b: Koraidon|move: Protect\n|-damage|p1a: Flutter Mane|39/100\n|move|p2b: Kyogre|Water Spout|p1b: Koraidon|[spread] p1a\n|-activate|p1b: Koraidon|move: Protect\n|-damage|p1a: Flutter Mane|0 fnt\n|faint|p1a: Flutter Mane\n|-end|p1a: Flutter Mane|Protosynthesis|[silent]\n|\n|-weather|RainDance|[upkeep]\n|upkeep\n|\n|t:|1775256573\n|switch|p1a: Lunala|Lunala, L50, shiny|100/100\n|turn|4\n|inactive|CHR1SPHX has 30 seconds left.\n|inactive|Isuckatthishaha has 30 seconds left.\n|inactive|CHR1SPHX has 20 seconds left.\n|inactive|Isuckatthishaha has 20 seconds left.\n|inactive|CHR1SPHX has 15 seconds left.\n|inactive|Isuckatthishaha has 15 seconds left.\n|inactive|CHR1SPHX has 10 seconds left.\n|inactive|Isuckatthishaha has 10 seconds left.\n|\n|t:|1775256634\n|switch|p2a: Urshifu|Urshifu-Rapid-Strike, L50, M|100/100\n|move|p2b: Kyogre|Ice Beam|p1a: Lunala\n|-damage|p1a: Lunala|88/100\n|move|p1b: Koraidon|Collision Course|p2b: Kyogre\n|-damage|p2b: Kyogre|30/100\n|move|p1a: Lunala|Moongeist Beam|p2b: Kyogre\n|-damage|p2b: Kyogre|0 fnt\n|faint|p2b: Kyogre\n|\n|-weather|RainDance|[upkeep]\n|-sideend|p2: Isuckatthishaha|move: Tailwind\n|upkeep\n|\n|t:|1775256644\n|switch|p2b: Tornadus|Tornadus, L50, M|67/100\n|turn|5\n|inactive|CHR1SPHX has 30 seconds left.\n|inactive|CHR1SPHX has 20 seconds left.\n|inactive|CHR1SPHX has 15 seconds left.\n|\n|t:|1775256687\n|-terastallize|p2a: Urshifu|Water\n|move|p1a: Lunala|Wide Guard|p1a: Lunala\n|-singleturn|p1a: Lunala|Wide Guard\n|move|p2a: Urshifu|Surging Strikes|p1a: Lunala\n|-crit|p1a: Lunala\n|-damage|p1a: Lunala|58/100\n|-crit|p1a: Lunala\n|-damage|p1a: Lunala|25/100\n|-crit|p1a: Lunala\n|-damage|p1a: Lunala|0 fnt\n|faint|p1a: Lunala\n|-hitcount|p1: Lunala|3\n|move|p1b: Koraidon|Collision Course|p2a: Urshifu\n|-damage|p2a: Urshifu|54/100\n|move|p2b: Tornadus|Bleakwind Storm|p1b: Koraidon\n|-activate|p1b: Koraidon|move: Wide Guard\n|\n|-weather|RainDance|[upkeep]\n|upkeep\n|\n|t:|1775256701\n|switch|p1a: Incineroar|Incineroar, L50, M|100/100\n|-ability|p1a: Incineroar|Intimidate|boost\n|-unboost|p2a: Urshifu|atk|1\n|-unboost|p2b: Tornadus|atk|1\n|turn|6\n|inactive|Isuckatthishaha has 30 seconds left.\n|\n|t:|1775256735\n|switch|p2a: Chien-Pao|Chien-Pao, L50|100/100\n|-ability|p2a: Chien-Pao|Sword of Ruin\n|move|p1b: Koraidon|Flame Charge|p2b: Tornadus\n|-damage|p2b: Tornadus|51/100\n|-boost|p1b: Koraidon|spe|1\n|move|p2b: Tornadus|Bleakwind Storm|p1a: Incineroar|[spread] p1a,p1b\n|-supereffective|p1b: Koraidon\n|-damage|p1a: Incineroar|74/100\n|-damage|p1b: Koraidon|37/100\n|move|p1a: Incineroar|Knock Off|p2b: Tornadus\n|-damage|p2b: Tornadus|0 fnt\n|-enditem|p2b: Tornadus|Covert Cloak|[from] move: Knock Off|[of] p1a: Incineroar\n|faint|p2b: Tornadus\n|\n|-weather|none\n|upkeep\n|\n|t:|1775256747\n|switch|p2b: Urshifu|Urshifu-Rapid-Strike, L50, M, tera:Water|54/100\n|turn|7\n|inactive|CHR1SPHX has 30 seconds left.\n|inactive|Isuckatthishaha has 30 seconds left.\n|\n|t:|1775256785\n|-terastallize|p1a: Incineroar|Fairy\n|move|p2a: Chien-Pao|Sucker Punch|p1b: Koraidon\n|-resisted|p1b: Koraidon\n|-damage|p1b: Koraidon|12/100\n|-damage|p2a: Chien-Pao|91/100|[from] item: Life Orb\n|move|p1b: Koraidon|Collision Course|p2a: Chien-Pao\n|-supereffective|p2a: Chien-Pao\n|-damage|p2a: Chien-Pao|0 fnt\n|faint|p2a: Chien-Pao\n|move|p2b: Urshifu|Surging Strikes|p1b: Koraidon\n|-resisted|p1b: Koraidon\n|-crit|p1b: Koraidon\n|-damage|p1b: Koraidon|0 fnt\n|faint|p1b: Koraidon\n|-hitcount|p1: Koraidon|1\n|move|p1a: Incineroar|Knock Off|p2b: Urshifu\n|-damage|p2b: Urshifu|16/100\n|-enditem|p2b: Urshifu|Choice Scarf|[from] move: Knock Off|[of] p1a: Incineroar\n|\n|upkeep\n|turn|8\n|\n|t:|1775256800\n|move|p2b: Urshifu|Surging Strikes|p1a: Incineroar\n|-crit|p1a: Incineroar\n|-damage|p1a: Incineroar|51/100\n|-crit|p1a: Incineroar\n|-damage|p1a: Incineroar|27/100\n|-crit|p1a: Incineroar\n|-damage|p1a: Incineroar|1/100\n|-hitcount|p1a: Incineroar|3\n|move|p1a: Incineroar|Knock Off|p2b: Urshifu\n|-damage|p2b: Urshifu|0 fnt\n|faint|p2b: Urshifu\n|\n|win|CHR1SPHX\n|raw|CHR1SPHX's rating: 1521 &rarr; <strong>1541</strong><br />(+20 for winning)\n|raw|Isuckatthishaha's rating: 1514 &rarr; <strong>1494</strong><br />(-20 for losing)\n|c|\u2606CHR1SPHX|gg\n|l| darkmaikshark\n|c|\u2606CHR1SPHX|use open team sheets dude\n|l|\u203dIsuckatthishaha\n|player|p2|\n","uploadtime":1775256852,"views":11,"formatid":"gen9vgc2026regi","rating":1494,"private":0,"password":null}