{"id":"gen9vgc2026regi-2532005024","format":"[Gen 9] VGC 2026 Reg I","players":["Reshucklethedeck","pzyxhic"],"log":"|j|\u2606Reshucklethedeck\n|j|\u2606pzyxhic\n|t:|1770131092\n|gametype|doubles\n|player|p1|Reshucklethedeck|2|1427\n|player|p2|pzyxhic|169|1510\n|gen|9\n|tier|[Gen 9] VGC 2026 Reg I\n|rated|\n|rule|Species Clause: Limit one of each Pok\u00e9mon\n|rule|Item Clause: Limit 1 of each item\n|clearpoke\n|poke|p1|Iron Valiant, L50|\n|poke|p1|Incineroar, L50, F|\n|poke|p1|Iron Hands, L50|\n|poke|p1|Farigiraf, L50, M|\n|poke|p1|Miraidon, L50|\n|poke|p1|Calyrex-Ice, L50|\n|poke|p2|Calyrex-Shadow, L50|\n|poke|p2|Chi-Yu, L50|\n|poke|p2|Whimsicott, L50, F|\n|poke|p2|Urshifu-*, L50, F|\n|poke|p2|Farigiraf, L50, F|\n|poke|p2|Kyurem-White, L50|\n|teampreview|4\n|inactive|Battle timer is ON: inactive players will automatically lose when time's up. (requested by Reshucklethedeck)\n|\n|t:|1770131140\n|teamsize|p1|4\n|teamsize|p2|4\n|start\n|switch|p1a: Incineroar|Incineroar, L50, F|100/100\n|switch|p1b: Miraidon|Miraidon, L50|100/100\n|switch|p2a: Calyrex|Calyrex-Shadow, L50|100/100\n|switch|p2b: Farigiraf|Farigiraf, L50, F|100/100\n|-ability|p2a: Calyrex|As One\n|-ability|p2a: Calyrex|Unnerve\n|-fieldstart|move: Electric Terrain|[from] ability: Hadron Engine|[of] p1b: Miraidon\n|-ability|p1a: Incineroar|Intimidate|boost\n|-unboost|p2a: Calyrex|atk|1\n|-unboost|p2b: Farigiraf|atk|1\n|turn|1\n|\n|t:|1770131162\n|-terastallize|p2a: Calyrex|Ghost\n|move|p2b: Farigiraf|Helping Hand|p2a: Calyrex\n|-singleturn|p2a: Calyrex|Helping Hand|[of] p2b: Farigiraf\n|move|p2a: Calyrex|Astral Barrage|p1a: Incineroar|[spread] p1a,p1b\n|-resisted|p1a: Incineroar\n|-damage|p1a: Incineroar|52/100\n|-damage|p1b: Miraidon|21/100\n|move|p1b: Miraidon|Electro Drift|p2a: Calyrex\n|-damage|p2a: Calyrex|0 fnt\n|faint|p2a: Calyrex\n|move|p1a: Incineroar|Knock Off|p2b: Farigiraf\n|-supereffective|p2b: Farigiraf\n|-damage|p2b: Farigiraf|45/100\n|-enditem|p2b: Farigiraf|Leftovers|[from] move: Knock Off|[of] p1a: Incineroar\n|\n|upkeep\n|\n|t:|1770131184\n|switch|p2a: Kyurem|Kyurem-White, L50|100/100\n|-ability|p2a: Kyurem|Turboblaze\n|turn|2\n|\n|t:|1770131196\n|move|p2b: Farigiraf|Protect|p2b: Farigiraf\n|-singleturn|p2b: Farigiraf|Protect\n|move|p1b: Miraidon|Electro Drift|p2b: Farigiraf\n|-activate|p2b: Farigiraf|move: Protect\n|move|p2a: Kyurem|Earth Power|p1a: Incineroar\n|-supereffective|p1a: Incineroar\n|-damage|p1a: Incineroar|0 fnt\n|faint|p1a: Incineroar\n|\n|upkeep\n|\n|t:|1770131202\n|switch|p1a: Iron Hands|Iron Hands, L50|100/100\n|-activate|p1a: Iron Hands|ability: Quark Drive\n|-start|p1a: Iron Hands|quarkdriveatk\n|turn|3\n|\n|t:|1770131215\n|move|p2b: Farigiraf|Helping Hand|p2a: Kyurem\n|-singleturn|p2a: Kyurem|Helping Hand|[of] p2b: Farigiraf\n|move|p1a: Iron Hands|Fake Out||[still]\n|cant|p2b: Farigiraf|ability: Armor Tail|Fake Out|[of] p1a: Iron Hands\n|move|p1b: Miraidon|Electro Drift|p2b: Farigiraf\n|-damage|p2b: Farigiraf|0 fnt\n|faint|p2b: Farigiraf\n|move|p2a: Kyurem|Earth Power|p1a: Iron Hands\n|-supereffective|p1a: Iron Hands\n|-damage|p1a: Iron Hands|8/100\n|\n|upkeep\n|\n|t:|1770131228\n|switch|p2b: Chi-Yu|Chi-Yu, L50|100/100\n|-ability|p2b: Chi-Yu|Beads of Ruin\n|turn|4\n|\n|t:|1770131250\n|switch|p1b: Iron Valiant|Iron Valiant, L50|100/100\n|-activate|p1b: Iron Valiant|ability: Quark Drive\n|-start|p1b: Iron Valiant|quarkdrivespe\n|move|p2b: Chi-Yu|Protect|p2b: Chi-Yu\n|-singleturn|p2b: Chi-Yu|Protect\n|move|p2a: Kyurem|Earth Power|p1a: Iron Hands\n|-supereffective|p1a: Iron Hands\n|-damage|p1a: Iron Hands|0 fnt\n|faint|p1a: Iron Hands\n|-end|p1a: Iron Hands|Quark Drive|[silent]\n|\n|upkeep\n|\n|t:|1770131256\n|switch|p1a: Miraidon|Miraidon, L50|21/100\n|-activate|p1a: Miraidon|ability: Hadron Engine\n|turn|5\n|\n|t:|1770131270\n|move|p1b: Iron Valiant|Icy Wind|p2a: Kyurem|[spread] p2a,p2b\n|-resisted|p2b: Chi-Yu\n|-damage|p2a: Kyurem|88/100\n|-damage|p2b: Chi-Yu|95/100\n|-unboost|p2a: Kyurem|spe|1\n|-unboost|p2b: Chi-Yu|spe|1\n|move|p1a: Miraidon|Dragon Pulse|p2a: Kyurem\n|-supereffective|p2a: Kyurem\n|-crit|p2a: Kyurem\n|-damage|p2a: Kyurem|0 fnt\n|faint|p2a: Kyurem\n|move|p2b: Chi-Yu|Heat Wave|p1b: Iron Valiant|[spread] p1a,p1b\n|-resisted|p1a: Miraidon\n|-damage|p1a: Miraidon|0 fnt\n|-enditem|p1b: Iron Valiant|Focus Sash\n|-damage|p1b: Iron Valiant|1/100\n|faint|p1a: Miraidon\n|-damage|p2b: Chi-Yu|85/100|[from] item: Life Orb\n|\n|-fieldend|move: Electric Terrain\n|-end|p1b: Iron Valiant|Quark Drive\n|upkeep\n|turn|6\n|\n|t:|1770131290\n|-terastallize|p1b: Iron Valiant|Fairy\n|move|p1b: Iron Valiant|Spirit Break|p2b: Chi-Yu\n|-damage|p2b: Chi-Yu|46/100\n|-unboost|p2b: Chi-Yu|spa|1\n|move|p2b: Chi-Yu|Dark Pulse|p1b: Iron Valiant\n|-resisted|p1b: Iron Valiant\n|-damage|p1b: Iron Valiant|0 fnt\n|faint|p1b: Iron Valiant\n|-end|p1b: Iron Valiant|Quark Drive|[silent]\n|-damage|p2b: Chi-Yu|36/100|[from] item: Life Orb\n|\n|win|pzyxhic\n|raw|Reshucklethedeck's rating: 1427 &rarr; <strong>1412</strong><br />(-15 for losing)\n|raw|pzyxhic's rating: 1510 &rarr; <strong>1525</strong><br />(+15 for winning)\n|l|\u2606Reshucklethedeck\n|player|p1|\n|l|\u2606pzyxhic\n|player|p2|\n","uploadtime":1770131549,"views":19,"formatid":"gen9vgc2026regi","rating":1412,"private":0,"password":null}