{"id":"gen9vgc2026regi-2568659746","format":"[Gen 9] VGC 2026 Reg I","players":["Ice124567890","shecallmedada"],"log":"|j|\u2606Ice124567890\n|j|\u2606shecallmedada\n|t:|1774610975\n|gametype|doubles\n|player|p1|Ice124567890|2|1511\n|player|p2|shecallmedada|burglar-gen1rb|1430\n|gen|9\n|tier|[Gen 9] VGC 2026 Reg I\n|rated|\n|rule|Species Clause: Limit one of each Pok\u00e9mon\n|rule|Item Clause: Limit 1 of each item\n|clearpoke\n|poke|p1|Chien-Pao, L50|\n|poke|p1|Zacian-*, L50|\n|poke|p1|Kyogre, L50|\n|poke|p1|Urshifu-*, L50, M|\n|poke|p1|Roaring Moon, L50|\n|poke|p1|Amoonguss, L50, M|\n|poke|p2|Dondozo, L50, F|\n|poke|p2|Tatsugiri-Droopy, L50, F|\n|poke|p2|Weezing, L50, F|\n|poke|p2|Koraidon, L50|\n|poke|p2|Rillaboom, L50, M|\n|poke|p2|Calyrex-Shadow, L50|\n|teampreview|4\n|inactive|Battle timer is ON: inactive players will automatically lose when time's up. (requested by Ice124567890)\n|inactive|Ice124567890 has 60 seconds left.\n|inactive|shecallmedada has 60 seconds left.\n|\n|t:|1774611012\n|teamsize|p1|4\n|teamsize|p2|4\n|start\n|switch|p1a: Stars|Roaring Moon, L50|100/100\n|switch|p1b: METAVISION|Amoonguss, L50, M, shiny|100/100\n|switch|p2a: Goobnut|Weezing, L50, F|100/100\n|switch|p2b: Grimbergen|Calyrex-Shadow, L50|100/100\n|-ability|p2a: Goobnut|Neutralizing Gas\n|-ability|p2b: Grimbergen|As One\n|-ability|p2b: Grimbergen|Unnerve\n|turn|1\n|\n|t:|1774611028\n|move|p1b: METAVISION|Protect|p1b: METAVISION\n|-singleturn|p1b: METAVISION|Protect\n|move|p2b: Grimbergen|Astral Barrage|p1b: METAVISION|[spread] p1a\n|-activate|p1b: METAVISION|move: Protect\n|-resisted|p1a: Stars\n|-damage|p1a: Stars|68/100\n|move|p1a: Stars|Knock Off|p2b: Grimbergen\n|-supereffective|p2b: Grimbergen\n|-damage|p2b: Grimbergen|0 fnt\n|-enditem|p2b: Grimbergen|Choice Specs|[from] move: Knock Off|[of] p1a: Stars\n|faint|p2b: Grimbergen\n|move|p2a: Goobnut|Toxic Spikes|p1b: METAVISION\n|-sidestart|p1: Ice124567890|move: Toxic Spikes\n|\n|upkeep\n|\n|t:|1774611035\n|switch|p2b: Sheist|Dondozo, L50, F|100/100\n|turn|2\n|\n|t:|1774611046\n|move|p2b: Sheist|Protect|p2b: Sheist\n|-singleturn|p2b: Sheist|Protect\n|move|p1a: Stars|Knock Off|p2b: Sheist\n|-activate|p2b: Sheist|move: Protect\n|move|p2a: Goobnut|Sludge Bomb|p1b: METAVISION\n|-damage|p1b: METAVISION|77/100\n|move|p1b: METAVISION|Spore|p2b: Sheist\n|-activate|p2b: Sheist|move: Protect\n|\n|upkeep\n|turn|3\n|inactive|shecallmedada has 30 seconds left.\n|\n|t:|1774611078\n|-end|p2a: Goobnut|ability: Neutralizing Gas\n|switch|p2a: Raw|Tatsugiri-Droopy, L50, F|100/100\n|-enditem|p1a: Stars|Booster Energy\n|-activate|p1a: Stars|ability: Protosynthesis|[fromitem]\n|-start|p1a: Stars|protosynthesisspe\n|-activate|p2a: Raw|ability: Commander|[of] p2b: Sheist\n|-boost|p2b: Sheist|atk|2\n|-boost|p2b: Sheist|spa|2\n|-boost|p2b: Sheist|spe|2\n|-boost|p2b: Sheist|def|2\n|-boost|p2b: Sheist|spd|2\n|move|p1a: Stars|Knock Off|p2b: Sheist\n|-damage|p2b: Sheist|85/100\n|-enditem|p2b: Sheist|Leftovers|[from] move: Knock Off|[of] p1a: Stars\n|move|p2b: Sheist|Body Press|p1a: Stars\n|-supereffective|p1a: Stars\n|-damage|p1a: Stars|0 fnt\n|faint|p1a: Stars\n|-end|p1a: Stars|Protosynthesis|[silent]\n|move|p1b: METAVISION|Pollen Puff|p1: Stars|[notarget]\n|-fail|p1b: METAVISION\n|\n|upkeep\n|\n|t:|1774611093\n|switch|p1a: Prince|Zacian-Crowned, L50, shiny|100/100\n|-ability|p1a: Prince|Intrepid Sword|boost\n|-boost|p1a: Prince|atk|1\n|turn|4\n|\n|t:|1774611102\n|move|p2b: Sheist|Protect|p2b: Sheist\n|-singleturn|p2b: Sheist|Protect\n|move|p1a: Prince|Behemoth Blade|p2b: Sheist\n|-activate|p2b: Sheist|move: Protect\n|move|p1b: METAVISION|Spore|p2b: Sheist\n|-activate|p2b: Sheist|move: Protect\n|\n|upkeep\n|turn|5\n|\n|t:|1774611114\n|-terastallize|p2b: Sheist|Grass\n|move|p1a: Prince|Behemoth Blade|p2b: Sheist\n|-crit|p2b: Sheist\n|-damage|p2b: Sheist|31/100\n|move|p2b: Sheist|Order Up|p1b: METAVISION\n|-damage|p1b: METAVISION|46/100\n|-boost|p2b: Sheist|def|1\n|move|p1b: METAVISION|Spore|p2b: Sheist\n|-immune|p2b: Sheist\n|\n|upkeep\n|turn|6\n|\n|t:|1774611136\n|move|p1b: METAVISION|Rage Powder|p1b: METAVISION\n|-singleturn|p1b: METAVISION|move: Rage Powder\n|move|p1a: Prince|Behemoth Blade|p2b: Sheist\n|-damage|p2b: Sheist|15/100\n|move|p2b: Sheist|Earthquake|p1a: Prince|[spread] p1a,p1b\n|-miss|p2b: Sheist|p2a: Raw\n|-supereffective|p1a: Prince\n|-damage|p1a: Prince|43/100\n|-damage|p1b: METAVISION|19/100\n|\n|upkeep\n|turn|7\n|\n|t:|1774611150\n|move|p1a: Prince|Behemoth Blade|p2b: Sheist\n|-damage|p2b: Sheist|0 fnt\n|faint|p2b: Sheist\n|move|p1b: METAVISION|Pollen Puff|p1a: Prince\n|-heal|p1a: Prince|93/100\n|\n|upkeep\n|\n|t:|1774611154\n|switch|p2b: Goobnut|Weezing, L50, F|100/100\n|-ability|p2b: Goobnut|Neutralizing Gas\n|turn|8\n|\n|t:|1774611165\n|move|p1a: Prince|Protect|p1a: Prince\n|-singleturn|p1a: Prince|Protect\n|move|p2a: Raw|Muddy Water|p1a: Prince|[spread] p1b\n|-activate|p1a: Prince|move: Protect\n|-resisted|p1b: METAVISION\n|-damage|p1b: METAVISION|4/100\n|move|p2b: Goobnut|Sludge Bomb|p1b: METAVISION\n|-damage|p1b: METAVISION|0 fnt\n|faint|p1b: METAVISION\n|\n|upkeep\n|\n|t:|1774611173\n|switch|p1b: Runaway|Kyogre, L50, shiny|100/100\n|-status|p1b: Runaway|psn\n|turn|9\n|\n|t:|1774611176\n|move|p2a: Raw|Protect|p2a: Raw\n|-singleturn|p2a: Raw|Protect\n|move|p2b: Goobnut|Protect|p2b: Goobnut\n|-singleturn|p2b: Goobnut|Protect\n|move|p1a: Prince|Play Rough|p2a: Raw\n|-activate|p2a: Raw|move: Protect\n|move|p1b: Runaway|Water Spout|p2b: Goobnut|[spread] \n|-activate|p2a: Raw|move: Protect\n|-activate|p2b: Goobnut|move: Protect\n|\n|-damage|p1b: Runaway|88/100 psn|[from] psn\n|upkeep\n|turn|10\n|\n|t:|1774611185\n|move|p1a: Prince|Play Rough|p2a: Raw\n|-supereffective|p2a: Raw\n|-enditem|p2a: Raw|Focus Sash\n|-damage|p2a: Raw|1/100\n|move|p2a: Raw|Muddy Water|p1a: Prince|[spread] p1a,p1b\n|-resisted|p1b: Runaway\n|-crit|p1b: Runaway\n|-damage|p1a: Prince|66/100\n|-damage|p1b: Runaway|72/100 psn\n|-unboost|p1b: Runaway|accuracy|1\n|move|p1b: Runaway|Water Spout|p2b: Goobnut|[spread] p2a,p2b\n|-resisted|p2a: Raw\n|-damage|p2a: Raw|0 fnt\n|-damage|p2b: Goobnut|50/100\n|faint|p2a: Raw\n|move|p2b: Goobnut|Sludge Bomb|p1b: Runaway\n|-damage|p1b: Runaway|52/100 psn\n|\n|-damage|p1b: Runaway|40/100 psn|[from] psn\n|upkeep\n|turn|11\n|-message|shecallmedada forfeited.\n|\n|win|Ice124567890\n|raw|Ice124567890's rating: 1511 &rarr; <strong>1526</strong><br />(+15 for winning)\n|raw|shecallmedada's rating: 1430 &rarr; <strong>1415</strong><br />(-15 for losing)\n|l|\u2606shecallmedada\n|player|p2|\n|l|\u2606Ice124567890\n|player|p1|\n","uploadtime":1774611427,"views":12,"formatid":"gen9vgc2026regi","rating":1415,"private":0,"password":null}