{"id":"gen9vgc2026regi-2562073654","format":"[Gen 9] VGC 2026 Reg I","players":["Orckl","itastelikeiron"],"log":"|j|\u2606Orckl\n|j|\u2606itastelikeiron\n|t:|1773868504\n|gametype|doubles\n|player|p1|Orckl|1|1148\n|player|p2|itastelikeiron|infielder|1247\n|gen|9\n|tier|[Gen 9] VGC 2026 Reg I\n|rated|\n|rule|Species Clause: Limit one of each Pok\u00e9mon\n|rule|Item Clause: Limit 1 of each item\n|clearpoke\n|poke|p1|Zoroark, L50, M|\n|poke|p1|Lunala, L50|\n|poke|p1|Koraidon, L50|\n|poke|p1|Rillaboom, L50, M|\n|poke|p1|Ursaluna, L50, F|\n|poke|p1|Flutter Mane, L50|\n|poke|p2|Tsareena, L50, F|\n|poke|p2|Kyogre, L50|\n|poke|p2|Basculegion, L50, M|\n|poke|p2|Tornadus, L50, M|\n|poke|p2|Incineroar, L50, F|\n|poke|p2|Zacian-*, L50|\n|teampreview|4\n|\n|t:|1773868547\n|teamsize|p1|4\n|teamsize|p2|4\n|start\n|switch|p1a: Lunala|Lunala, L50|100/100\n|switch|p1b: Rillaboom|Rillaboom, L50, M|100/100\n|switch|p2a: Incineroar|Incineroar, L50, F|100/100\n|switch|p2b: Basculegion|Basculegion, L50, M|100/100\n|-ability|p2a: Incineroar|Intimidate|boost\n|-unboost|p1a: Lunala|atk|1\n|-unboost|p1b: Rillaboom|atk|1\n|turn|1\n|\n|t:|1773868565\n|switch|p2b: Zacian|Zacian-Crowned, L50|100/100\n|-ability|p2b: Zacian|Intrepid Sword|boost\n|-boost|p2b: Zacian|atk|1\n|switch|p1b: Koraidon|Koraidon, L50|100/100\n|-weather|SunnyDay|[from] ability: Orichalcum Pulse|[of] p1b: Koraidon\n|-activate|p1b: Koraidon|Orichalcum Pulse|[source]\n|move|p1a: Lunala|Snarl|p2b: Zacian|[spread] p2a,p2b\n|-resisted|p2a: Incineroar\n|-resisted|p2b: Zacian\n|-damage|p2a: Incineroar|95/100\n|-damage|p2b: Zacian|91/100\n|-unboost|p2a: Incineroar|spa|1\n|-unboost|p2b: Zacian|spa|1\n|move|p2a: Incineroar|Knock Off|p1a: Lunala\n|-resisted|p1a: Lunala\n|-damage|p1a: Lunala|61/100\n|replace|p1a: Zoroark|Zoroark, L50, M\n|-end|p1a: Zoroark|Illusion\n|-enditem|p1a: Zoroark|Choice Scarf|[from] move: Knock Off|[of] p2a: Incineroar\n|\n|-weather|SunnyDay|[upkeep]\n|upkeep\n|turn|2\n|\n|t:|1773868607\n|switch|p2a: Kyogre|Kyogre, L50|100/100\n|-weather|RainDance|[from] ability: Drizzle|[of] p2a: Kyogre\n|move|p2b: Zacian|Behemoth Blade|p1a: Zoroark\n|-damage|p1a: Zoroark|0 fnt\n|faint|p1a: Zoroark\n|move|p1b: Koraidon|Flare Blitz|p2b: Zacian\n|-supereffective|p2b: Zacian\n|-damage|p2b: Zacian|47/100\n|-status|p2b: Zacian|brn\n|-damage|p1b: Koraidon|87/100|[from] Recoil\n|-damage|p1b: Koraidon|77/100|[from] item: Life Orb\n|\n|-weather|RainDance|[upkeep]\n|-damage|p2b: Zacian|41/100 brn|[from] brn\n|upkeep\n|\n|t:|1773868624\n|switch|p1a: Rillaboom|Rillaboom, L50, M|100/100\n|turn|3\n|\n|t:|1773868648\n|switch|p2a: Incineroar|Incineroar, L50, F|95/100\n|-ability|p2a: Incineroar|Intimidate|boost\n|-unboost|p1a: Rillaboom|atk|1\n|-unboost|p1b: Koraidon|atk|1\n|switch|p1b: Lunala|Lunala, L50|100/100\n|move|p2b: Zacian|Play Rough|p1b: Lunala\n|-damage|p1b: Lunala|87/100\n|move|p1a: Rillaboom|U-turn|p2a: Incineroar\n|-damage|p2a: Incineroar|79/100\n|\n|t:|1773868661\n|switch|p1a: Koraidon|Koraidon, L50|77/100|[from] U-turn\n|-weather|SunnyDay|[from] ability: Orichalcum Pulse|[of] p1a: Koraidon\n|-activate|p1a: Koraidon|Orichalcum Pulse|[source]\n|\n|-weather|SunnyDay|[upkeep]\n|-damage|p2b: Zacian|35/100 brn|[from] brn\n|upkeep\n|turn|4\n|\n|t:|1773868687\n|switch|p2b: Kyogre|Kyogre, L50|100/100\n|-weather|RainDance|[from] ability: Drizzle|[of] p2b: Kyogre\n|switch|p1b: Rillaboom|Rillaboom, L50, M|100/100\n|-terastallize|p2a: Incineroar|Bug\n|move|p1a: Koraidon|Close Combat|p2b: Kyogre\n|-damage|p2b: Kyogre|24/100\n|-unboost|p1a: Koraidon|def|1\n|-unboost|p1a: Koraidon|spd|1\n|-damage|p1a: Koraidon|67/100|[from] item: Life Orb\n|move|p2a: Incineroar|Knock Off|p1b: Rillaboom\n|-damage|p1b: Rillaboom|64/100\n|-enditem|p1b: Rillaboom|Assault Vest|[from] move: Knock Off|[of] p2a: Incineroar\n|\n|-weather|RainDance|[upkeep]\n|upkeep\n|turn|5\n|\n|t:|1773868727\n|move|p1b: Rillaboom|Fake Out|p2b: Kyogre\n|-damage|p2b: Kyogre|10/100\n|cant|p2b: Kyogre|flinch\n|move|p1a: Koraidon|Close Combat|p2b: Kyogre\n|-damage|p2b: Kyogre|0 fnt\n|-unboost|p1a: Koraidon|def|1\n|-unboost|p1a: Koraidon|spd|1\n|faint|p2b: Kyogre\n|-damage|p1a: Koraidon|57/100|[from] item: Life Orb\n|move|p2a: Incineroar|U-turn|p1b: Rillaboom\n|-supereffective|p1b: Rillaboom\n|-damage|p1b: Rillaboom|15/100\n|\n|t:|1773868731\n|switch|p2a: Basculegion|Basculegion, L50, M|100/100|[from] U-turn\n|\n|-weather|RainDance|[upkeep]\n|upkeep\n|\n|t:|1773868733\n|switch|p2b: Incineroar|Incineroar, L50, F, tera:Bug|79/100\n|-ability|p2b: Incineroar|Intimidate|boost\n|-unboost|p1a: Koraidon|atk|1\n|-unboost|p1b: Rillaboom|atk|1\n|turn|6\n|\n|t:|1773868755\n|switch|p1a: Lunala|Lunala, L50|87/100\n|move|p2a: Basculegion|Last Respects|p1a: Lunala\n|-supereffective|p1a: Lunala\n|-damage|p1a: Lunala|0 fnt\n|faint|p1a: Lunala\n|move|p1b: Rillaboom|U-turn|p2b: Incineroar\n|-damage|p2b: Incineroar|64/100\n|\n|t:|1773868764\n|switch|p1b: Koraidon|Koraidon, L50|57/100|[from] U-turn\n|-weather|SunnyDay|[from] ability: Orichalcum Pulse|[of] p1b: Koraidon\n|-activate|p1b: Koraidon|Orichalcum Pulse|[source]\n|move|p2b: Incineroar|Knock Off|p1b: Koraidon\n|-resisted|p1b: Koraidon\n|-damage|p1b: Koraidon|40/100\n|-enditem|p1b: Koraidon|Life Orb|[from] move: Knock Off|[of] p2b: Incineroar\n|\n|-weather|SunnyDay|[upkeep]\n|upkeep\n|\n|t:|1773868775\n|switch|p1a: Rillaboom|Rillaboom, L50, M|15/100\n|turn|7\n|\n|t:|1773868796\n|move|p1b: Koraidon|Flare Blitz|p2b: Incineroar\n|-supereffective|p2b: Incineroar\n|-damage|p2b: Incineroar|0 fnt\n|faint|p2b: Incineroar\n|-damage|p1b: Koraidon|20/100|[from] Recoil\n|move|p2a: Basculegion|Last Respects|p1a: Rillaboom\n|-damage|p1a: Rillaboom|0 fnt\n|faint|p1a: Rillaboom\n|\n|-weather|SunnyDay|[upkeep]\n|upkeep\n|\n|t:|1773868799\n|switch|p2b: Zacian|Zacian-Crowned, L50|35/100 brn\n|turn|8\n|\n|t:|1773868815\n|move|p2b: Zacian|Sacred Sword|p1b: Koraidon\n|-damage|p1b: Koraidon|6/100\n|move|p1b: Koraidon|Close Combat|p2b: Zacian\n|-damage|p2b: Zacian|0 fnt\n|-unboost|p1b: Koraidon|def|1\n|-unboost|p1b: Koraidon|spd|1\n|faint|p2b: Zacian\n|move|p2a: Basculegion|Last Respects|p1b: Koraidon\n|-damage|p1b: Koraidon|0 fnt\n|faint|p1b: Koraidon\n|\n|win|itastelikeiron\n|raw|Orckl's rating: 1148 &rarr; <strong>1130</strong><br />(-18 for losing)\n|raw|itastelikeiron's rating: 1247 &rarr; <strong>1265</strong><br />(+18 for winning)\n|l|\u2606Orckl\n|player|p1|\n|l|\u2606itastelikeiron\n|player|p2|\n","uploadtime":1773868820,"views":11,"formatid":"gen9vgc2026regi","rating":1130,"private":0,"password":null}