{"id":"gen9vgc2026regi-2534680168","format":"[Gen 9] VGC 2026 Reg I","players":["VJ2511","jun2014"],"log":"|j|\u2606VJ2511\n|j|\u2606jun2014\n|t:|1770460189\n|gametype|doubles\n|player|p1|VJ2511|red-masters3|1612\n|player|p2|jun2014|170|1522\n|gen|9\n|tier|[Gen 9] VGC 2026 Reg I\n|rated|\n|rule|Species Clause: Limit one of each Pok\u00e9mon\n|rule|Item Clause: Limit 1 of each item\n|clearpoke\n|poke|p1|Calyrex-Shadow, L50|\n|poke|p1|Zamazenta-*, L50|\n|poke|p1|Smeargle, L50, F|\n|poke|p1|Incineroar, L50, M|\n|poke|p1|Rillaboom, L50, M|\n|poke|p1|Raging Bolt, L50|\n|poke|p2|Flutter Mane, L50|\n|poke|p2|Indeedee-F, L50, F|\n|poke|p2|Groudon, L50|\n|poke|p2|Whimsicott, L50, M|\n|poke|p2|Zapdos, L50|\n|poke|p2|Lunala, L50|\n|teampreview|4\n|inactive|Battle timer is ON: inactive players will automatically lose when time's up. (requested by jun2014)\n|inactive|VJ2511 has 60 seconds left.\n|inactive|jun2014 has 60 seconds left.\n|\n|t:|1770460230\n|teamsize|p1|4\n|teamsize|p2|4\n|start\n|switch|p1a: Calyrex|Calyrex-Shadow, L50|100/100\n|switch|p1b: Zamazenta|Zamazenta-Crowned, L50|100/100\n|switch|p2a: Lunala|Lunala, L50|100/100\n|switch|p2b: Indeedee|Indeedee-F, L50, F|100/100\n|-ability|p1a: Calyrex|As One\n|-ability|p1a: Calyrex|Unnerve\n|-ability|p1b: Zamazenta|Dauntless Shield|boost\n|-boost|p1b: Zamazenta|def|1\n|-fieldstart|move: Psychic Terrain|[from] ability: Psychic Surge|[of] p2b: Indeedee\n|turn|1\n|inactive|jun2014 has 30 seconds left.\n|\n|t:|1770460260\n|-terastallize|p2a: Lunala|Water\n|move|p1a: Calyrex|Astral Barrage|p2a: Lunala|[spread] p2a\n|-immune|p2b: Indeedee\n|-damage|p2a: Lunala|77/100\n|-damage|p1a: Calyrex|91/100|[from] item: Life Orb\n|move|p1b: Zamazenta|Heavy Slam|p2a: Lunala\n|-resisted|p2a: Lunala\n|-damage|p2a: Lunala|57/100\n|move|p2a: Lunala|Meteor Beam||[still]\n|-prepare|p2a: Lunala|Meteor Beam\n|-boost|p2a: Lunala|spa|1\n|-enditem|p2a: Lunala|Power Herb\n|-anim|p2a: Lunala|Meteor Beam|p1a: Calyrex\n|-damage|p1a: Calyrex|26/100\n|move|p2b: Indeedee|Trick Room|p2b: Indeedee\n|-fieldstart|move: Trick Room|[of] p2b: Indeedee\n|\n|upkeep\n|turn|2\n|inactive|jun2014 has 30 seconds left.\n|\n|t:|1770460287\n|switch|p1a: Rillaboom|Rillaboom, L50, M|100/100\n|-fieldstart|move: Grassy Terrain|[from] ability: Grassy Surge|[of] p1a: Rillaboom\n|move|p2b: Indeedee|Alluring Voice|p1a: Rillaboom\n|-damage|p1a: Rillaboom|89/100\n|move|p2a: Lunala|Moongeist Beam|p1b: Zamazenta\n|-damage|p1b: Zamazenta|41/100\n|move|p1b: Zamazenta|Body Press|p2a: Lunala\n|-damage|p2a: Lunala|4/100\n|\n|-heal|p1a: Rillaboom|95/100|[from] Grassy Terrain\n|-heal|p2a: Lunala|10/100|[from] Grassy Terrain\n|-heal|p1b: Zamazenta|47/100|[from] Grassy Terrain\n|upkeep\n|turn|3\n|inactive|jun2014 has 30 seconds left.\n|\n|t:|1770460321\n|switch|p2b: Groudon|Groudon, L50|100/100\n|-weather|SunnyDay|[from] ability: Drought|[of] p2b: Groudon\n|switch|p2a: Zapdos|Zapdos, L50|100/100\n|move|p1a: Rillaboom|Grassy Glide|p2a: Zapdos\n|-resisted|p2a: Zapdos\n|-damage|p2a: Zapdos|83/100\n|-damage|p1a: Rillaboom|79/100|[from] item: Rocky Helmet|[of] p2a: Zapdos\n|move|p1b: Zamazenta|Heavy Slam|p2b: Groudon\n|-damage|p2b: Groudon|89/100\n|\n|-weather|SunnyDay|[upkeep]\n|-heal|p1a: Rillaboom|85/100|[from] Grassy Terrain\n|-heal|p2b: Groudon|95/100|[from] Grassy Terrain\n|-heal|p1b: Zamazenta|54/100|[from] Grassy Terrain\n|upkeep\n|turn|4\n|inactive|jun2014 has 30 seconds left.\n|inactive|VJ2511 has 30 seconds left.\n|inactive|jun2014 has 20 seconds left.\n|\n|t:|1770460357\n|switch|p2b: Indeedee|Indeedee-F, L50, F|100/100\n|-fieldstart|move: Psychic Terrain|[from] ability: Psychic Surge|[of] p2b: Indeedee\n|move|p1b: Zamazenta|Protect|p1b: Zamazenta\n|-singleturn|p1b: Zamazenta|Protect\n|move|p1a: Rillaboom|Wood Hammer|p2b: Indeedee\n|-damage|p2b: Indeedee|48/100\n|-damage|p1a: Rillaboom|70/100|[from] Recoil\n|move|p2a: Zapdos|Weather Ball|p1a: Rillaboom\n|-supereffective|p1a: Rillaboom\n|-damage|p1a: Rillaboom|8/100\n|\n|-weather|SunnyDay|[upkeep]\n|upkeep\n|turn|5\n|inactive|jun2014 has 30 seconds left.\n|\n|t:|1770460390\n|switch|p1a: Incineroar|Incineroar, L50, M|100/100\n|-ability|p1a: Incineroar|Intimidate|boost\n|-unboost|p2a: Zapdos|atk|1\n|-unboost|p2b: Indeedee|atk|1\n|-terastallize|p1b: Zamazenta|Water\n|move|p2b: Indeedee|Alluring Voice|p1a: Incineroar\n|-damage|p1a: Incineroar|86/100\n|move|p2a: Zapdos|Tailwind|p2a: Zapdos\n|-sidestart|p2: jun2014|move: Tailwind\n|move|p1b: Zamazenta|Body Press|p2b: Indeedee\n|-damage|p2b: Indeedee|0 fnt\n|faint|p2b: Indeedee\n|\n|-weather|SunnyDay|[upkeep]\n|-fieldend|move: Trick Room\n|upkeep\n|\n|t:|1770460407\n|switch|p2b: Groudon|Groudon, L50|95/100\n|turn|6\n|\n|t:|1770460416\n|switch|p1a: Rillaboom|Rillaboom, L50, M|8/100\n|-fieldstart|move: Grassy Terrain|[from] ability: Grassy Surge|[of] p1a: Rillaboom\n|move|p1b: Zamazenta|Protect|p1b: Zamazenta\n|-singleturn|p1b: Zamazenta|Protect\n|move|p2a: Zapdos|Thunderbolt|p1b: Zamazenta\n|-activate|p1b: Zamazenta|move: Protect\n|move|p2b: Groudon|High Horsepower|p1a: Rillaboom\n|-resisted|p1a: Rillaboom\n|-damage|p1a: Rillaboom|0 fnt\n|faint|p1a: Rillaboom\n|\n|-weather|SunnyDay|[upkeep]\n|-heal|p2b: Groudon|100/100|[from] Grassy Terrain\n|-heal|p1b: Zamazenta|60/100|[from] Grassy Terrain\n|upkeep\n|\n|t:|1770460422\n|switch|p1a: Incineroar|Incineroar, L50, M|86/100\n|-ability|p1a: Incineroar|Intimidate|boost\n|-unboost|p2a: Zapdos|atk|1\n|-unboost|p2b: Groudon|atk|1\n|turn|7\n|\n|t:|1770460448\n|move|p1a: Incineroar|Fake Out|p2a: Zapdos\n|-damage|p2a: Zapdos|72/100\n|-damage|p1a: Incineroar|69/100|[from] item: Rocky Helmet|[of] p2a: Zapdos\n|cant|p2a: Zapdos|flinch\n|move|p2b: Groudon|High Horsepower|p1a: Incineroar\n|-supereffective|p1a: Incineroar\n|-damage|p1a: Incineroar|0 fnt\n|faint|p1a: Incineroar\n|move|p1b: Zamazenta|Body Press|p2b: Groudon\n|-damage|p2b: Groudon|56/100\n|\n|-weather|none\n|-heal|p2b: Groudon|62/100|[from] Grassy Terrain\n|-heal|p1b: Zamazenta|66/100|[from] Grassy Terrain\n|upkeep\n|\n|t:|1770460459\n|switch|p1a: Calyrex|Calyrex-Shadow, L50|26/100\n|-ability|p1a: Calyrex|As One\n|-ability|p1a: Calyrex|Unnerve\n|turn|8\n|\n|t:|1770460482\n|move|p1a: Calyrex|Protect|p1a: Calyrex\n|-singleturn|p1a: Calyrex|Protect\n|move|p1b: Zamazenta|Protect|p1b: Zamazenta\n|-singleturn|p1b: Zamazenta|Protect\n|move|p2a: Zapdos|Thunderbolt|p1b: Zamazenta\n|-activate|p1b: Zamazenta|move: Protect\n|move|p2b: Groudon|High Horsepower|p1a: Calyrex\n|-activate|p1a: Calyrex|move: Protect\n|\n|-heal|p2b: Groudon|68/100|[from] Grassy Terrain\n|-heal|p1a: Calyrex|32/100|[from] Grassy Terrain\n|-heal|p1b: Zamazenta|72/100|[from] Grassy Terrain\n|-sideend|p2: jun2014|move: Tailwind\n|upkeep\n|turn|9\n|inactive|jun2014 has 30 seconds left.\n|\n|t:|1770460507\n|move|p1a: Calyrex|Astral Barrage|p2a: Zapdos|[spread] p2a,p2b\n|-damage|p2a: Zapdos|0 fnt\n|-damage|p2b: Groudon|0 fnt\n|faint|p2a: Zapdos\n|faint|p2b: Groudon\n|-ability|p1a: Calyrex|Grim Neigh|boost\n|-boost|p1a: Calyrex|spa|2\n|-damage|p1a: Calyrex|22/100|[from] item: Life Orb\n|move|p1b: Zamazenta|Body Press|p2: Zapdos|[notarget]\n|-fail|p1b: Zamazenta\n|\n|-heal|p1a: Calyrex|28/100|[from] Grassy Terrain\n|-heal|p1b: Zamazenta|79/100|[from] Grassy Terrain\n|upkeep\n|-message|jun2014 forfeited.\n|\n|win|VJ2511\n|raw|VJ2511's rating: 1612 &rarr; <strong>1627</strong><br />(+15 for winning)\n|raw|jun2014's rating: 1522 &rarr; <strong>1507</strong><br />(-15 for losing)\n|l|\u2606jun2014\n|player|p2|\n|c|\u2606VJ2511|damn\n|l|\u2606VJ2511\n|player|p1|\n","uploadtime":1770460705,"views":49,"formatid":"gen9vgc2026regi","rating":1507,"private":0,"password":null}