{"id":"gen9vgc2026regi-2515261651","format":"[Gen 9] VGC 2026 Reg I","players":["marcxhenry","kelii"],"log":"|j|\u2606marcxhenry\n|j|\u2606kelii\n|t:|1767973757\n|gametype|doubles\n|player|p1|marcxhenry|hilbert-wonderlauncher|1282\n|player|p2|kelii|dawn|1205\n|gen|9\n|tier|[Gen 9] VGC 2026 Reg I\n|rated|\n|rule|Species Clause: Limit one of each Pok\u00e9mon\n|rule|Item Clause: Limit 1 of each item\n|clearpoke\n|poke|p1|Calyrex-Shadow, L50|\n|poke|p1|Urshifu-*, L50, M|\n|poke|p1|Roaring Moon, L50|\n|poke|p1|Kyogre, L50|\n|poke|p1|Tsareena, L50, F|\n|poke|p1|Kingambit, L50, M|\n|poke|p2|Koraidon, L50|\n|poke|p2|Lunala, L50|\n|poke|p2|Ursaluna, L50, F|\n|poke|p2|Incineroar, L50, F|\n|poke|p2|Flutter Mane, L50|\n|poke|p2|Amoonguss, L50, F|\n|teampreview|4\n|inactive|Battle timer is ON: inactive players will automatically lose when time's up. (requested by kelii)\n|\n|t:|1767973775\n|teamsize|p1|4\n|teamsize|p2|4\n|start\n|switch|p1a: Ludwig|Calyrex-Shadow, L50|100/100\n|switch|p1b: Tripitz|Kyogre, L50, shiny|100/100\n|switch|p2a: Lunala|Lunala, L50, shiny|100/100\n|switch|p2b: Incineroar|Incineroar, L50, F, shiny|100/100\n|-ability|p1a: Ludwig|As One\n|-ability|p1a: Ludwig|Unnerve\n|-weather|RainDance|[from] ability: Drizzle|[of] p1b: Tripitz\n|turn|1\n|\n|t:|1767973799\n|switch|p1a: Eva|Tsareena, L50, F, shiny|100/100\n|-terastallize|p2a: Lunala|Water\n|move|p2b: Incineroar|Fake Out||[still]\n|cant|p1a: Eva|ability: Queenly Majesty|Fake Out|[of] p2b: Incineroar\n|move|p1b: Tripitz|Water Spout|p2a: Lunala|[spread] p2a,p2b\n|-resisted|p2a: Lunala\n|-supereffective|p2b: Incineroar\n|-damage|p2a: Lunala|79/100\n|-damage|p2b: Incineroar|0 fnt\n|faint|p2b: Incineroar\n|move|p2a: Lunala|Trick Room|p2a: Lunala\n|-fieldstart|move: Trick Room|[of] p2a: Lunala\n|\n|-weather|RainDance|[upkeep]\n|upkeep\n|\n|t:|1767973813\n|switch|p2b: Ursaluna|Ursaluna, L50, F, shiny|100/100\n|turn|2\n|inactive|kelii has 30 seconds left.\n|\n|t:|1767973840\n|switch|p2a: Koraidon|Koraidon, L50, shiny|100/100\n|-weather|SunnyDay|[from] ability: Orichalcum Pulse|[of] p2a: Koraidon\n|-activate|p2a: Koraidon|Orichalcum Pulse|[source]\n|move|p2b: Ursaluna|Protect|p2b: Ursaluna\n|-singleturn|p2b: Ursaluna|Protect\n|move|p1a: Eva|Power Whip|p2a: Koraidon\n|-resisted|p2a: Koraidon\n|-crit|p2a: Koraidon\n|-damage|p2a: Koraidon|54/100\n|move|p1b: Tripitz|Origin Pulse|p2a: Koraidon|[spread] p2a\n|-activate|p2b: Ursaluna|move: Protect\n|-resisted|p2a: Koraidon\n|-damage|p2a: Koraidon|39/100\n|\n|-weather|SunnyDay|[upkeep]\n|-status|p2b: Ursaluna|brn|[from] item: Flame Orb\n|upkeep\n|turn|3\n|\n|t:|1767973863\n|move|p1a: Eva|Protect|p1a: Eva\n|-singleturn|p1a: Eva|Protect\n|move|p1b: Tripitz|Protect|p1b: Tripitz\n|-singleturn|p1b: Tripitz|Protect\n|move|p2b: Ursaluna|Facade|p1b: Tripitz\n|-activate|p1b: Tripitz|move: Protect\n|move|p2a: Koraidon|Flare Blitz|p1a: Eva\n|-activate|p1a: Eva|move: Protect\n|\n|-weather|SunnyDay|[upkeep]\n|-damage|p2b: Ursaluna|95/100 brn|[from] brn\n|upkeep\n|turn|4\n|\n|t:|1767973878\n|switch|p1b: Ludwig|Calyrex-Shadow, L50|100/100\n|-ability|p1b: Ludwig|As One\n|-ability|p1b: Ludwig|Unnerve\n|move|p2b: Ursaluna|Headlong Rush|p1b: Ludwig\n|-enditem|p1b: Ludwig|Focus Sash\n|-damage|p1b: Ludwig|1/100\n|-unboost|p2b: Ursaluna|def|1\n|-unboost|p2b: Ursaluna|spd|1\n|move|p1a: Eva|Triple Axel|p2a: Koraidon\n|-supereffective|p2a: Koraidon\n|-damage|p2a: Koraidon|27/100\n|-supereffective|p2a: Koraidon\n|-crit|p2a: Koraidon\n|-damage|p2a: Koraidon|0 fnt\n|faint|p2a: Koraidon\n|-hitcount|p2: Koraidon|2\n|\n|-weather|SunnyDay|[upkeep]\n|-damage|p2b: Ursaluna|89/100 brn|[from] brn\n|upkeep\n|\n|t:|1767973893\n|switch|p2a: Lunala|Lunala, L50, shiny, tera:Water|79/100\n|turn|5\n|\n|t:|1767973916\n|-terastallize|p1b: Ludwig|Normal\n|move|p1a: Eva|Protect|p1a: Eva\n|-singleturn|p1a: Eva|Protect\n|move|p2b: Ursaluna|Facade|p1a: Eva\n|-activate|p1a: Eva|move: Protect\n|move|p2a: Lunala|Meteor Beam||[still]\n|-prepare|p2a: Lunala|Meteor Beam\n|-boost|p2a: Lunala|spa|1\n|-enditem|p2a: Lunala|Power Herb\n|-anim|p2a: Lunala|Meteor Beam|p1a: Eva\n|-activate|p1a: Eva|move: Protect\n|move|p1b: Ludwig|Psychic|p2b: Ursaluna\n|-damage|p2b: Ursaluna|13/100 brn\n|\n|-weather|SunnyDay|[upkeep]\n|-damage|p2b: Ursaluna|7/100 brn|[from] brn\n|-fieldend|move: Trick Room\n|upkeep\n|turn|6\n|inactive|marcxhenry has 30 seconds left.\n|\n|t:|1767973944\n|move|p1b: Ludwig|Protect|p1b: Ludwig\n|-singleturn|p1b: Ludwig|Protect\n|move|p2b: Ursaluna|Protect|p2b: Ursaluna\n|-singleturn|p2b: Ursaluna|Protect\n|move|p1a: Eva|Power Whip|p2a: Lunala\n|-supereffective|p2a: Lunala\n|-damage|p2a: Lunala|0 fnt\n|faint|p2a: Lunala\n|\n|-weather|none\n|-damage|p2b: Ursaluna|1/100 brn|[from] brn\n|upkeep\n|turn|7\n|-message|kelii forfeited.\n|\n|win|marcxhenry\n|raw|marcxhenry's rating: 1282 &rarr; <strong>1302</strong><br />(+20 for winning)\n|raw|kelii's rating: 1205 &rarr; <strong>1185</strong><br />(-20 for losing)\n|l|\u2606kelii\n|player|p2|\n|l|\u2606marcxhenry\n|player|p1|\n","uploadtime":1767974172,"views":14,"formatid":"gen9vgc2026regi","rating":1185,"private":0,"password":null}