{"id":"gen9vgc2026regi-2582357626","format":"[Gen 9] VGC 2026 Reg I","players":["wizzywhy","marcxhenry"],"log":"|j|\u2606wizzywhy\n|j|\u2606marcxhenry\n|t:|1776086119\n|gametype|doubles\n|player|p1|wizzywhy|1|1455\n|player|p2|marcxhenry|hilbert-wonderlauncher|1381\n|gen|9\n|tier|[Gen 9] VGC 2026 Reg I\n|rated|\n|rule|Species Clause: Limit one of each Pok\u00e9mon\n|rule|Item Clause: Limit 1 of each item\n|clearpoke\n|poke|p1|Incineroar, L50, M|\n|poke|p1|Calyrex-Shadow, L50|\n|poke|p1|Whimsicott, L50, M|\n|poke|p1|Miraidon, L50|\n|poke|p1|Urshifu-*, L50, F|\n|poke|p1|Raging Bolt, L50|\n|poke|p2|Calyrex-Shadow, L50|\n|poke|p2|Urshifu-*, L50, M|\n|poke|p2|Roaring Moon, L50|\n|poke|p2|Kyogre, L50|\n|poke|p2|Tsareena, L50, F|\n|poke|p2|Kingambit, L50, M|\n|teampreview|4\n|\n|t:|1776086137\n|teamsize|p1|4\n|teamsize|p2|4\n|start\n|switch|p1a: Miraidon|Miraidon, L50|100/100\n|switch|p1b: Raging Bolt|Raging Bolt, L50|100/100\n|switch|p2a: Ludwig|Calyrex-Shadow, L50|100/100\n|switch|p2b: Tripitz|Kyogre, L50, shiny|100/100\n|-ability|p2a: Ludwig|As One\n|-ability|p2a: Ludwig|Unnerve\n|-fieldstart|move: Electric Terrain|[from] ability: Hadron Engine|[of] p1a: Miraidon\n|-weather|RainDance|[from] ability: Drizzle|[of] p2b: Tripitz\n|turn|1\n|\n|t:|1776086156\n|switch|p2b: Hermann|Kingambit, L50, M, shiny|100/100\n|move|p1a: Miraidon|Volt Switch|p2b: Hermann\n|-damage|p2b: Hermann|35/100\n|\n|t:|1776086167\n|switch|p1a: Incineroar|Incineroar, L50, M|100/100|[from] Volt Switch\n|-ability|p1a: Incineroar|Intimidate|boost\n|-unboost|p2a: Ludwig|atk|1\n|-unboost|p2b: Hermann|atk|1\n|-ability|p2b: Hermann|Defiant|boost\n|-boost|p2b: Hermann|atk|2\n|move|p1b: Raging Bolt|Electroweb|p2a: Ludwig|[spread] p2a,p2b\n|-damage|p2a: Ludwig|76/100\n|-damage|p2b: Hermann|20/100\n|-unboost|p2a: Ludwig|spe|1\n|-unboost|p2b: Hermann|spe|1\n|-ability|p2b: Hermann|Defiant|boost\n|-boost|p2b: Hermann|atk|2\n|move|p2a: Ludwig|Trick Room|p2a: Ludwig\n|-fieldstart|move: Trick Room|[of] p2a: Ludwig\n|\n|-weather|RainDance|[upkeep]\n|upkeep\n|turn|2\n|\n|t:|1776086211\n|switch|p2a: Hitmonshe|Tsareena, L50, F, shiny|100/100\n|move|p1b: Raging Bolt|Thunderclap||[still]\n|cant|p2a: Hitmonshe|ability: Queenly Majesty|Thunderclap|[of] p1b: Raging Bolt\n|move|p2b: Hermann|Kowtow Cleave|p1b: Raging Bolt\n|-damage|p1b: Raging Bolt|0 fnt\n|faint|p1b: Raging Bolt\n|-end|p1b: Raging Bolt|Protosynthesis|[silent]\n|move|p1a: Incineroar|Knock Off|p2a: Hitmonshe\n|-crit|p2a: Hitmonshe\n|-damage|p2a: Hitmonshe|39/100\n|-enditem|p2a: Hitmonshe|Wide Lens|[from] move: Knock Off|[of] p1a: Incineroar\n|\n|-weather|RainDance|[upkeep]\n|upkeep\n|\n|t:|1776086226\n|switch|p1b: Calyrex|Calyrex-Shadow, L50|100/100\n|-ability|p1b: Calyrex|As One\n|-ability|p1b: Calyrex|Unnerve\n|turn|3\n|\n|t:|1776086249\n|move|p1b: Calyrex|Protect|p1b: Calyrex\n|-singleturn|p1b: Calyrex|Protect\n|move|p2b: Hermann|Brick Break|p1a: Incineroar\n|-supereffective|p1a: Incineroar\n|-damage|p1a: Incineroar|0 fnt\n|-damage|p2b: Hermann|3/100|[from] item: Rocky Helmet|[of] p1a: Incineroar\n|faint|p1a: Incineroar\n|move|p2a: Hitmonshe|Triple Axel|p1b: Calyrex\n|-activate|p1b: Calyrex|move: Protect\n|\n|-weather|RainDance|[upkeep]\n|upkeep\n|\n|t:|1776086259\n|switch|p1a: Miraidon|Miraidon, L50|100/100\n|-activate|p1a: Miraidon|ability: Hadron Engine\n|turn|4\n|\n|t:|1776086268\n|-terastallize|p1a: Miraidon|Fairy\n|move|p2b: Hermann|Sucker Punch|p1a: Miraidon\n|-resisted|p1a: Miraidon\n|-damage|p1a: Miraidon|46/100\n|move|p2a: Hitmonshe|Triple Axel|p1b: Calyrex\n|-damage|p1b: Calyrex|90/100\n|-damage|p1b: Calyrex|74/100\n|-damage|p1b: Calyrex|45/100\n|-hitcount|p1b: Calyrex|3\n|move|p1a: Miraidon|Dazzling Gleam|p2b: Hermann|[spread] p2a,p2b\n|-damage|p2a: Hitmonshe|0 fnt\n|-damage|p2b: Hermann|0 fnt\n|faint|p2a: Hitmonshe\n|faint|p2b: Hermann\n|move|p1b: Calyrex|Astral Barrage|p2: Hitmonshe|[notarget]\n|-fail|p1b: Calyrex\n|\n|-weather|RainDance|[upkeep]\n|upkeep\n|\n|t:|1776086284\n|switch|p2b: Tripitz|Kyogre, L50, shiny|100/100\n|switch|p2a: Ludwig|Calyrex-Shadow, L50|76/100\n|-ability|p2a: Ludwig|As One\n|-ability|p2a: Ludwig|Unnerve\n|turn|5\n|\n|t:|1776086295\n|-terastallize|p2a: Ludwig|Normal\n|move|p1b: Calyrex|Protect|p1b: Calyrex\n|-singleturn|p1b: Calyrex|Protect\n|move|p2b: Tripitz|Water Spout|p1a: Miraidon|[spread] p1a\n|-activate|p1b: Calyrex|move: Protect\n|-damage|p1a: Miraidon|0 fnt\n|faint|p1a: Miraidon\n|move|p2a: Ludwig|Astral Barrage|p1b: Calyrex\n|-activate|p1b: Calyrex|move: Protect\n|\n|-weather|none\n|-fieldend|move: Trick Room\n|-fieldend|move: Electric Terrain\n|upkeep\n|turn|6\n|-message|wizzywhy forfeited.\n|\n|win|marcxhenry\n|raw|wizzywhy's rating: 1455 &rarr; <strong>1431</strong><br />(-24 for losing)\n|raw|marcxhenry's rating: 1381 &rarr; <strong>1405</strong><br />(+24 for winning)\n|l|\u2606wizzywhy\n|player|p1|\n|l|\u2606marcxhenry\n|player|p2|\n","uploadtime":1776086555,"views":10,"formatid":"gen9vgc2026regi","rating":1405,"private":0,"password":null}