{"id":"gen9vgc2026regi-2573823723","format":"[Gen 9] VGC 2026 Reg I","players":["speedyturtle87","fernsthedruids"],"log":"|j|\u2606speedyturtle87\n|j|\u2606fernsthedruids\n|t:|1775168375\n|gametype|doubles\n|player|p1|speedyturtle87|carmine|1529\n|player|p2|fernsthedruids|101|1573\n|gen|9\n|tier|[Gen 9] VGC 2026 Reg I\n|rated|\n|rule|Species Clause: Limit one of each Pok\u00e9mon\n|rule|Item Clause: Limit 1 of each item\n|clearpoke\n|poke|p1|Volbeat, L50, M|\n|poke|p1|Kyogre, L50|\n|poke|p1|Calyrex-Ice, L50|\n|poke|p1|Landorus, L50, M|\n|poke|p1|Urshifu-*, L50, M|\n|poke|p1|Rillaboom, L50, F|\n|poke|p2|Kyogre, L50|\n|poke|p2|Calyrex-Ice, L50|\n|poke|p2|Raging Bolt, L50|\n|poke|p2|Tornadus, L50, M|\n|poke|p2|Incineroar, L50, M|\n|poke|p2|Amoonguss, L50, F|\n|teampreview|4\n|inactive|Battle timer is ON: inactive players will automatically lose when time's up. (requested by speedyturtle87)\n|inactive|fernsthedruids has 60 seconds left.\n|\n|t:|1775168414\n|teamsize|p1|4\n|teamsize|p2|4\n|start\n|switch|p1a: Urshifu|Urshifu, L50, M|100/100\n|switch|p1b: Landorus|Landorus, L50, M|100/100\n|switch|p2a: Tornadus|Tornadus, L50, M|100/100\n|switch|p2b: Kyogre|Kyogre, L50|100/100\n|-weather|RainDance|[from] ability: Drizzle|[of] p2b: Kyogre\n|turn|1\n|inactive|speedyturtle87 has 30 seconds left.\n|\n|t:|1775168442\n|move|p1b: Landorus|Protect|p1b: Landorus\n|-singleturn|p1b: Landorus|Protect\n|move|p1a: Urshifu|Sucker Punch|p2b: Kyogre\n|-damage|p2b: Kyogre|59/100\n|move|p2a: Tornadus|Tailwind|p2a: Tornadus\n|-sidestart|p2: fernsthedruids|move: Tailwind\n|move|p2b: Kyogre|Water Spout|p1b: Landorus|[spread] p1a\n|-activate|p1b: Landorus|move: Protect\n|-enditem|p1a: Urshifu|Focus Sash\n|-damage|p1a: Urshifu|1/100\n|\n|-weather|RainDance|[upkeep]\n|upkeep\n|turn|2\n|\n|t:|1775168462\n|-terastallize|p1b: Landorus|Steel\n|move|p2b: Kyogre|Protect|p2b: Kyogre\n|-singleturn|p2b: Kyogre|Protect\n|move|p1a: Urshifu|Sucker Punch||[still]\n|-fail|p1a: Urshifu\n|move|p2a: Tornadus|Hurricane|p1a: Urshifu\n|-supereffective|p1a: Urshifu\n|-damage|p1a: Urshifu|0 fnt\n|faint|p1a: Urshifu\n|move|p1b: Landorus|Sandsear Storm|p2b: Kyogre|[spread] \n|-activate|p2b: Kyogre|move: Protect\n|-immune|p2a: Tornadus\n|\n|-weather|RainDance|[upkeep]\n|upkeep\n|\n|t:|1775168468\n|switch|p1a: Calyrex|Calyrex-Ice, L50|100/100\n|-ability|p1a: Calyrex|As One\n|-ability|p1a: Calyrex|Unnerve\n|turn|3\n|inactive|fernsthedruids has 30 seconds left.\n|inactive|fernsthedruids has 20 seconds left.\n|inactive|fernsthedruids has 15 seconds left.\n|\n|t:|1775168510\n|switch|p2a: Calyrex|Calyrex-Ice, L50|100/100\n|-ability|p2a: Calyrex|As One\n|-ability|p2a: Calyrex|Unnerve\n|move|p1a: Calyrex|Protect|p1a: Calyrex\n|-singleturn|p1a: Calyrex|Protect\n|move|p2b: Kyogre|Water Spout|p1a: Calyrex|[spread] p1b\n|-activate|p1a: Calyrex|move: Protect\n|-damage|p1b: Landorus|8/100\n|move|p1b: Landorus|Earth Power|p2b: Kyogre\n|-damage|p2b: Kyogre|17/100\n|\n|-weather|RainDance|[upkeep]\n|upkeep\n|turn|4\n|\n|t:|1775168530\n|switch|p1b: Kyogre|Kyogre, L50|100/100\n|move|p2b: Kyogre|Origin Pulse|p1a: Calyrex|[spread] p1a,p1b\n|-resisted|p1b: Kyogre\n|-damage|p1a: Calyrex|45/100\n|-damage|p1b: Kyogre|71/100\n|move|p2a: Calyrex|Glacial Lance|p1a: Calyrex|[spread] p1a,p1b\n|-resisted|p1a: Calyrex\n|-resisted|p1b: Kyogre\n|-crit|p1b: Kyogre\n|-damage|p1a: Calyrex|28/100\n|-damage|p1b: Kyogre|38/100\n|move|p1a: Calyrex|Glacial Lance|p2b: Kyogre|[spread] p2a,p2b\n|-resisted|p2a: Calyrex\n|-resisted|p2b: Kyogre\n|-damage|p2a: Calyrex|83/100\n|-damage|p2b: Kyogre|0 fnt\n|faint|p2b: Kyogre\n|-ability|p1a: Calyrex|Chilling Neigh|boost\n|-boost|p1a: Calyrex|atk|1\n|\n|-weather|RainDance|[upkeep]\n|-heal|p1b: Kyogre|44/100|[from] item: Leftovers\n|-sideend|p2: fernsthedruids|move: Tailwind\n|upkeep\n|\n|t:|1775168542\n|switch|p2b: Raging Bolt|Raging Bolt, L50|100/100\n|turn|5\n|\n|t:|1775168550\n|move|p2b: Raging Bolt|Protect|p2b: Raging Bolt\n|-singleturn|p2b: Raging Bolt|Protect\n|move|p2a: Calyrex|Protect|p2a: Calyrex\n|-singleturn|p2a: Calyrex|Protect\n|move|p1b: Kyogre|Ice Beam|p2b: Raging Bolt\n|-activate|p2b: Raging Bolt|move: Protect\n|move|p1a: Calyrex|Trick Room|p1a: Calyrex\n|-fieldstart|move: Trick Room|[of] p1a: Calyrex\n|\n|-weather|none\n|-heal|p1b: Kyogre|50/100|[from] item: Leftovers\n|upkeep\n|turn|6\n|\n|t:|1775168569\n|-terastallize|p2b: Raging Bolt|Fairy\n|move|p2b: Raging Bolt|Thunderclap|p1a: Calyrex\n|-damage|p1a: Calyrex|0 fnt\n|faint|p1a: Calyrex\n|-damage|p2b: Raging Bolt|91/100|[from] item: Life Orb\n|move|p2a: Calyrex|Glacial Lance|p1b: Kyogre\n|-resisted|p1b: Kyogre\n|-damage|p1b: Kyogre|23/100\n|move|p1b: Kyogre|Origin Pulse|p2a: Calyrex|[spread] p2a,p2b\n|-damage|p2a: Calyrex|55/100\n|-damage|p2b: Raging Bolt|51/100\n|\n|-heal|p1b: Kyogre|29/100|[from] item: Leftovers\n|upkeep\n|\n|t:|1775168573\n|switch|p1a: Landorus|Landorus, L50, M, tera:Steel|8/100\n|turn|7\n|\n|t:|1775168592\n|move|p2a: Calyrex|Glacial Lance|p1a: Landorus|[spread] p1a,p1b\n|-resisted|p1a: Landorus\n|-resisted|p1b: Kyogre\n|-damage|p1a: Landorus|0 fnt\n|-damage|p1b: Kyogre|6/100\n|faint|p1a: Landorus\n|-ability|p2a: Calyrex|Chilling Neigh|boost\n|-boost|p2a: Calyrex|atk|1\n|move|p2b: Raging Bolt|Thunderbolt|p1b: Kyogre\n|-supereffective|p1b: Kyogre\n|-damage|p1b: Kyogre|0 fnt\n|faint|p1b: Kyogre\n|-damage|p2b: Raging Bolt|42/100|[from] item: Life Orb\n|\n|win|fernsthedruids\n|raw|speedyturtle87's rating: 1529 &rarr; <strong>1512</strong><br />(-17 for losing)\n|raw|fernsthedruids's rating: 1573 &rarr; <strong>1590</strong><br />(+17 for winning)\n|l|\u2606speedyturtle87\n|player|p1|\n|l|\u2606fernsthedruids\n|player|p2|\n","uploadtime":1775168774,"views":4,"formatid":"gen9vgc2026regi","rating":1512,"private":0,"password":null}