{"id":"gen9vgc2026regi-2527267595","format":"[Gen 9] VGC 2026 Reg I","players":["marcxhenry","Bubebdbd"],"log":"|j|\u2606marcxhenry\n|j|\u2606Bubebdbd\n|t:|1769521549\n|gametype|doubles\n|player|p1|marcxhenry|hilbert-wonderlauncher|1488\n|player|p2|Bubebdbd|2|1337\n|gen|9\n|tier|[Gen 9] VGC 2026 Reg I\n|rated|\n|rule|Species Clause: Limit one of each Pok\u00e9mon\n|rule|Item Clause: Limit 1 of each item\n|clearpoke\n|poke|p1|Calyrex-Shadow, L50|\n|poke|p1|Urshifu-*, L50, M|\n|poke|p1|Roaring Moon, L50|\n|poke|p1|Kyogre, L50|\n|poke|p1|Tsareena, L50, F|\n|poke|p1|Kingambit, L50, M|\n|poke|p2|Groudon, L50|\n|poke|p2|Sableye, L50, M|\n|poke|p2|Iron Valiant, L50|\n|poke|p2|Chien-Pao, L50|\n|poke|p2|Tornadus, L50, M|\n|poke|p2|Ho-Oh, L50|\n|teampreview|4\n|j| here's where king!\n|inactive|Battle timer is ON: inactive players will automatically lose when time's up. (requested by Bubebdbd)\n|\n|t:|1769521585\n|teamsize|p1|4\n|teamsize|p2|4\n|start\n|switch|p1a: Ludwig|Calyrex-Shadow, L50|100/100\n|switch|p1b: Tripitz|Kyogre, L50, shiny|100/100\n|switch|p2a: Sableye|Sableye, L50, M, shiny|100/100\n|switch|p2b: Iron Valiant|Iron Valiant, L50, shiny|100/100\n|-ability|p1a: Ludwig|As One\n|-ability|p1a: Ludwig|Unnerve\n|-weather|RainDance|[from] ability: Drizzle|[of] p1b: Tripitz\n|-enditem|p2b: Iron Valiant|Booster Energy\n|-activate|p2b: Iron Valiant|ability: Quark Drive|[fromitem]\n|-start|p2b: Iron Valiant|quarkdrivespe\n|turn|1\n|j| not world\n|inactive|Bubebdbd has 30 seconds left.\n|\n|t:|1769521613\n|move|p1b: Tripitz|Protect|p1b: Tripitz\n|-singleturn|p1b: Tripitz|Protect\n|move|p2a: Sableye|Gravity|p2a: Sableye\n|-fieldstart|move: Gravity\n|move|p2b: Iron Valiant|Hypnosis|p1b: Tripitz\n|-activate|p1b: Tripitz|move: Protect\n|move|p1a: Ludwig|Psychic|p2b: Iron Valiant\n|-supereffective|p2b: Iron Valiant\n|-damage|p2b: Iron Valiant|0 fnt\n|faint|p2b: Iron Valiant\n|-end|p2b: Iron Valiant|Quark Drive|[silent]\n|-ability|p1a: Ludwig|Grim Neigh|boost\n|-boost|p1a: Ludwig|spa|1\n|\n|-weather|RainDance|[upkeep]\n|upkeep\n|\n|t:|1769521624\n|switch|p2b: Groudon|Groudon, L50, shiny|100/100\n|-weather|SunnyDay|[from] ability: Drought|[of] p2b: Groudon\n|turn|2\n|\n|t:|1769521633\n|switch|p1b: Eva|Tsareena, L50, F, shiny|100/100\n|-terastallize|p2b: Groudon|Ground\n|move|p1a: Ludwig|Protect|p1a: Ludwig\n|-singleturn|p1a: Ludwig|Protect\n|move|p2a: Sableye|Encore||[still]\n|cant|p1b: Eva|ability: Queenly Majesty|Encore|[of] p2a: Sableye\n|move|p2b: Groudon|Precipice Blades|p1b: Eva|[spread] p1b\n|-activate|p1a: Ludwig|move: Protect\n|-resisted|p1b: Eva\n|-damage|p1b: Eva|60/100\n|\n|-weather|SunnyDay|[upkeep]\n|upkeep\n|turn|3\n|inactive|Bubebdbd has 30 seconds left.\n|\n|t:|1769521659\n|move|p2a: Sableye|Encore||[still]\n|cant|p1b: Eva|ability: Queenly Majesty|Encore|[of] p2a: Sableye\n|move|p2b: Groudon|Precipice Blades|p1a: Ludwig|[spread] p1a,p1b\n|-resisted|p1b: Eva\n|-damage|p1a: Ludwig|16/100\n|-damage|p1b: Eva|22/100\n|move|p1a: Ludwig|Astral Barrage|p2a: Sableye|[spread] p2a,p2b\n|-damage|p2a: Sableye|6/100\n|-damage|p2b: Groudon|8/100\n|-enditem|p2a: Sableye|Eject Button\n|\n|t:|1769521670\n|switch|p2a: Chien-Pao|Chien-Pao, L50|100/100\n|-ability|p2a: Chien-Pao|Sword of Ruin\n|move|p1b: Eva|Power Whip|p2b: Groudon\n|-supereffective|p2b: Groudon\n|-damage|p2b: Groudon|0 fnt\n|faint|p2b: Groudon\n|\n|-weather|SunnyDay|[upkeep]\n|upkeep\n|\n|t:|1769521673\n|switch|p2b: Sableye|Sableye, L50, M, shiny|6/100\n|turn|4\n|\n|t:|1769521687\n|move|p1b: Eva|Protect|p1b: Eva\n|-singleturn|p1b: Eva|Protect\n|move|p2a: Chien-Pao|Sucker Punch||[still]\n|cant|p1b: Eva|ability: Queenly Majesty|Sucker Punch|[of] p2a: Chien-Pao\n|move|p1a: Ludwig|Astral Barrage|p2b: Sableye|[spread] p2a,p2b\n|-resisted|p2a: Chien-Pao\n|-crit|p2a: Chien-Pao\n|-enditem|p2a: Chien-Pao|Focus Sash\n|-damage|p2a: Chien-Pao|1/100\n|-damage|p2b: Sableye|0 fnt\n|faint|p2b: Sableye\n|-ability|p1a: Ludwig|Grim Neigh|boost\n|-boost|p1a: Ludwig|spa|1\n|\n|-weather|SunnyDay|[upkeep]\n|upkeep\n|turn|5\n|-message|Bubebdbd forfeited.\n|\n|win|marcxhenry\n|raw|marcxhenry's rating: 1488 &rarr; <strong>1500</strong><br />(+12 for winning)\n|raw|Bubebdbd's rating: 1337 &rarr; <strong>1325</strong><br />(-12 for losing)\n|l|\u2606Bubebdbd\n|player|p2|\n|l| not world\n|l|\u2606marcxhenry\n|player|p1|\n|l| here's where king!\n","uploadtime":1769521969,"views":12,"formatid":"gen9vgc2026regi","rating":1325,"private":0,"password":null}