{"id":"gen9vgc2026regi-2565114502","format":"[Gen 9] VGC 2026 Reg I","players":["spicybuffalowings","TheAndUrgeTheUrge"],"log":"|j|\u2606spicybuffalowings\n|j|\u2606TheAndUrgeTheUrge\n|t:|1774231004\n|gametype|doubles\n|player|p1|spicybuffalowings|cyclistf-gen4|1460\n|player|p2|TheAndUrgeTheUrge|1|1564\n|gen|9\n|tier|[Gen 9] VGC 2026 Reg I\n|rated|\n|rule|Species Clause: Limit one of each Pok\u00e9mon\n|rule|Item Clause: Limit 1 of each item\n|clearpoke\n|poke|p1|Koraidon, L50|\n|poke|p1|Lunala, L50|\n|poke|p1|Brute Bonnet, L50|\n|poke|p1|Incineroar, L50, F|\n|poke|p1|Indeedee-F, L50, F|\n|poke|p1|Walking Wake, L50|\n|poke|p2|Zamazenta-*, L50|\n|poke|p2|Rillaboom, L50, F|\n|poke|p2|Incineroar, L50, F|\n|poke|p2|Chien-Pao, L50|\n|poke|p2|Miraidon, L50|\n|poke|p2|Flutter Mane, L50|\n|teampreview|4\n|inactive|Battle timer is ON: inactive players will automatically lose when time's up. (requested by spicybuffalowings)\n|inactive|TheAndUrgeTheUrge has 60 seconds left.\n|\n|t:|1774231069\n|teamsize|p1|4\n|teamsize|p2|4\n|start\n|switch|p1a: Koraidon|Koraidon, L50|100/100\n|switch|p1b: Lunala|Lunala, L50|100/100\n|switch|p2a: Miraidon|Miraidon, L50|100/100\n|switch|p2b: Flutter Mane|Flutter Mane, L50|100/100\n|-fieldstart|move: Electric Terrain|[from] ability: Hadron Engine|[of] p2a: Miraidon\n|-weather|SunnyDay|[from] ability: Orichalcum Pulse|[of] p1a: Koraidon\n|-activate|p2b: Flutter Mane|ability: Protosynthesis\n|-start|p2b: Flutter Mane|protosynthesisspe\n|-activate|p1a: Koraidon|Orichalcum Pulse|[source]\n|turn|1\n|inactive|TheAndUrgeTheUrge has 30 seconds left.\n|\n|t:|1774231095\n|switch|p1a: Indeedee|Indeedee-F, L50, F|100/100\n|-fieldstart|move: Psychic Terrain|[from] ability: Psychic Surge|[of] p1a: Indeedee\n|-enditem|p1a: Indeedee|Psychic Seed\n|-boost|p1a: Indeedee|spd|1|[from] item: Psychic Seed\n|move|p2a: Miraidon|Snarl|p1a: Indeedee|[spread] p1a,p1b\n|-supereffective|p1a: Indeedee\n|-supereffective|p1b: Lunala\n|-damage|p1a: Indeedee|80/100\n|-damage|p1b: Lunala|80/100\n|-unboost|p1a: Indeedee|spa|1\n|-unboost|p1b: Lunala|spa|1\n|move|p2b: Flutter Mane|Shadow Ball|p1b: Lunala\n|-supereffective|p1b: Lunala\n|-damage|p1b: Lunala|0 fnt\n|faint|p1b: Lunala\n|\n|-weather|SunnyDay|[upkeep]\n|upkeep\n|j| fomtarro\n|\n|t:|1774231112\n|switch|p1b: Koraidon|Koraidon, L50|100/100\n|-activate|p1b: Koraidon|ability: Orichalcum Pulse\n|turn|2\n|\n|t:|1774231122\n|-terastallize|p1b: Koraidon|Fire\n|move|p2b: Flutter Mane|Protect|p2b: Flutter Mane\n|-singleturn|p2b: Flutter Mane|Protect\n|move|p2a: Miraidon|Snarl|p1a: Indeedee|[spread] p1a,p1b\n|-supereffective|p1a: Indeedee\n|-damage|p1a: Indeedee|60/100\n|-damage|p1b: Koraidon|87/100\n|-unboost|p1a: Indeedee|spa|1\n|-unboost|p1b: Koraidon|spa|1\n|move|p1b: Koraidon|Flare Blitz|p2b: Flutter Mane\n|-activate|p2b: Flutter Mane|move: Protect\n|move|p1a: Indeedee|Psychic|p2b: Flutter Mane\n|-activate|p2b: Flutter Mane|move: Protect\n|\n|-weather|SunnyDay|[upkeep]\n|upkeep\n|turn|3\n|inactive|TheAndUrgeTheUrge has 30 seconds left.\n|\n|t:|1774231149\n|switch|p2a: Incineroar|Incineroar, L50, F, shiny|100/100\n|-ability|p2a: Incineroar|Intimidate|boost\n|-unboost|p1a: Indeedee|atk|1\n|-unboost|p1b: Koraidon|atk|1\n|move|p2b: Flutter Mane|Moonblast|p1a: Indeedee\n|-damage|p1a: Indeedee|29/100\n|move|p1b: Koraidon|Flare Blitz|p2b: Flutter Mane\n|-damage|p2b: Flutter Mane|0 fnt\n|faint|p2b: Flutter Mane\n|-end|p2b: Flutter Mane|Protosynthesis|[silent]\n|-damage|p1b: Koraidon|59/100|[from] Recoil\n|move|p1a: Indeedee|Psychic|p2a: Incineroar\n|-immune|p2a: Incineroar\n|\n|-weather|SunnyDay|[upkeep]\n|upkeep\n|\n|t:|1774231164\n|switch|p2b: Miraidon|Miraidon, L50|100/100\n|-fieldstart|move: Electric Terrain|[from] ability: Hadron Engine|[of] p2b: Miraidon\n|turn|4\n|\n|t:|1774231178\n|switch|p1b: Walking Wake|Walking Wake, L50|100/100\n|-activate|p1b: Walking Wake|ability: Protosynthesis\n|-start|p1b: Walking Wake|protosynthesisspa\n|move|p2a: Incineroar|Fake Out|p1b: Walking Wake\n|-damage|p1b: Walking Wake|88/100\n|move|p1a: Indeedee|Follow Me|p1a: Indeedee\n|-singleturn|p1a: Indeedee|move: Follow Me\n|move|p2b: Miraidon|Electro Drift|p1a: Indeedee\n|-damage|p1a: Indeedee|0 fnt\n|faint|p1a: Indeedee\n|\n|-weather|SunnyDay|[upkeep]\n|upkeep\n|\n|t:|1774231187\n|switch|p1a: Koraidon|Koraidon, L50, tera:Fire|59/100\n|-activate|p1a: Koraidon|ability: Orichalcum Pulse\n|turn|5\n|inactive|TheAndUrgeTheUrge has 30 seconds left.\n|\n|t:|1774231216\n|move|p2b: Miraidon|Electro Drift|p1b: Walking Wake\n|-crit|p1b: Walking Wake\n|-damage|p1b: Walking Wake|0 fnt\n|faint|p1b: Walking Wake\n|-end|p1b: Walking Wake|Protosynthesis|[silent]\n|move|p1a: Koraidon|Dragon Claw|p2b: Miraidon\n|-supereffective|p2b: Miraidon\n|-damage|p2b: Miraidon|0 fnt\n|faint|p2b: Miraidon\n|move|p2a: Incineroar|Parting Shot|p1a: Koraidon\n|-unboost|p1a: Koraidon|atk|1\n|-unboost|p1a: Koraidon|spa|1\n|-message|spicybuffalowings forfeited.\n|\n|win|TheAndUrgeTheUrge\n|raw|spicybuffalowings's rating: 1460 &rarr; <strong>1446</strong><br />(-14 for losing)\n|raw|TheAndUrgeTheUrge's rating: 1564 &rarr; <strong>1578</strong><br />(+14 for winning)\n|l|\u2606spicybuffalowings\n|player|p1|\n|l|\u2606TheAndUrgeTheUrge\n|player|p2|\n|l| fomtarro\n","uploadtime":1774231440,"views":12,"formatid":"gen9vgc2026regi","rating":1446,"private":0,"password":null}