{"id":"gen9vgc2026regi-2576578368","format":"[Gen 9] VGC 2026 Reg I","players":["SilverSnowDrop","Mirthinion"],"log":"|j|\u2606SilverSnowDrop\n|j|\u2606Mirthinion\n|t:|1775489197\n|gametype|doubles\n|player|p1|SilverSnowDrop|101|1479\n|player|p2|Mirthinion|janitor|1497\n|gen|9\n|tier|[Gen 9] VGC 2026 Reg I\n|rated|\n|rule|Species Clause: Limit one of each Pok\u00e9mon\n|rule|Item Clause: Limit 1 of each item\n|clearpoke\n|poke|p1|Terapagos, L50, M|\n|poke|p1|Calyrex-Shadow, L50|\n|poke|p1|Flutter Mane, L50|\n|poke|p1|Incineroar, L50, M|\n|poke|p1|Rillaboom, L50, F|\n|poke|p1|Amoonguss, L50, F|\n|poke|p2|Calyrex-Shadow, L50|\n|poke|p2|Zamazenta-*, L50|\n|poke|p2|Urshifu-*, L50, M|\n|poke|p2|Incineroar, L50, M|\n|poke|p2|Rillaboom, L50, M|\n|poke|p2|Tornadus, L50, M|\n|teampreview|4\n|inactive|Battle timer is ON: inactive players will automatically lose when time's up. (requested by Mirthinion)\n|inactive|SilverSnowDrop also wants the timer to be on.\nMirthinion rejected open team sheets.\n|inactive|SilverSnowDrop has 60 seconds left.\n|inactive|Mirthinion has 60 seconds left.\n|inactive|SilverSnowDrop has 30 seconds left.\n|inactive|SilverSnowDrop has 20 seconds left.\n|\n|t:|1775489270\n|teamsize|p1|4\n|teamsize|p2|4\n|start\n|switch|p1a: Calyrex|Calyrex-Shadow, L50|100/100\n|switch|p1b: Flutter Mane|Flutter Mane, L50|100/100\n|switch|p2a: Mithrandir|Calyrex-Shadow, L50|100/100\n|switch|p2b: Drambor|Zamazenta-Crowned, L50|100/100\n|-ability|p1a: Calyrex|As One\n|-ability|p1a: Calyrex|Unnerve\n|-ability|p2a: Mithrandir|As One\n|-ability|p2a: Mithrandir|Unnerve\n|-ability|p2b: Drambor|Dauntless Shield|boost\n|-boost|p2b: Drambor|def|1\n|-enditem|p1b: Flutter Mane|Booster Energy\n|-activate|p1b: Flutter Mane|ability: Protosynthesis|[fromitem]\n|-start|p1b: Flutter Mane|protosynthesisspe\n|turn|1\n|\n|t:|1775489292\n|move|p1a: Calyrex|Protect|p1a: Calyrex\n|-singleturn|p1a: Calyrex|Protect\n|move|p2b: Drambor|Wide Guard|p2b: Drambor\n|-singleturn|p2b: Drambor|Wide Guard\n|move|p1b: Flutter Mane|Taunt|p2b: Drambor\n|-start|p2b: Drambor|move: Taunt\n|move|p2a: Mithrandir|Astral Barrage|p1a: Calyrex|[spread] p1b\n|-activate|p1a: Calyrex|move: Protect\n|-supereffective|p1b: Flutter Mane\n|-damage|p1b: Flutter Mane|8/100\n|\n|upkeep\n|turn|2\n|\n|t:|1775489315\n|switch|p2b: Vangwe|Tornadus, L50, M|100/100\n|move|p2a: Mithrandir|Protect|p2a: Mithrandir\n|-singleturn|p2a: Mithrandir|Protect\n|move|p1b: Flutter Mane|Moonblast|p2a: Mithrandir\n|-activate|p2a: Mithrandir|move: Protect\n|move|p1a: Calyrex|Encore||[still]\n|-fail|p1a: Calyrex\n|\n|upkeep\n|turn|3\n|\n|t:|1775489333\n|-end|p1b: Flutter Mane|Protosynthesis|[silent]\n|switch|p1b: Amoonguss|Amoonguss, L50, F|100/100\n|-terastallize|p2a: Mithrandir|Bug\n|-terastallize|p1a: Calyrex|Dark\n|move|p2b: Vangwe|Tailwind|p2b: Vangwe\n|-sidestart|p2: Mirthinion|move: Tailwind\n|move|p2a: Mithrandir|Astral Barrage|p1b: Amoonguss|[spread] p1a,p1b\n|-resisted|p1a: Calyrex\n|-damage|p1a: Calyrex|75/100\n|-damage|p1b: Amoonguss|53/100\n|move|p1a: Calyrex|Astral Barrage|p2b: Vangwe|[spread] p2a,p2b\n|-damage|p2a: Mithrandir|49/100\n|-damage|p2b: Vangwe|44/100\n|\n|upkeep\n|turn|4\n|inactive|SilverSnowDrop has 30 seconds left.\n|\n|t:|1775489363\n|move|p2a: Mithrandir|Protect|p2a: Mithrandir\n|-singleturn|p2a: Mithrandir|Protect\n|move|p1b: Amoonguss|Protect|p1b: Amoonguss\n|-singleturn|p1b: Amoonguss|Protect\n|move|p2b: Vangwe|Taunt|p1b: Amoonguss\n|-activate|p1b: Amoonguss|move: Protect\n|move|p1a: Calyrex|Astral Barrage|p2a: Mithrandir|[spread] p2b\n|-activate|p2a: Mithrandir|move: Protect\n|-damage|p2b: Vangwe|0 fnt\n|faint|p2b: Vangwe\n|-ability|p1a: Calyrex|Grim Neigh|boost\n|-boost|p1a: Calyrex|spa|1\n|\n|upkeep\n|\n|t:|1775489379\n|switch|p2b: Beowulf|Urshifu-Rapid-Strike, L50, M|100/100\n|turn|5\n|\n|t:|1775489394\n|move|p1b: Amoonguss|Rage Powder|p1b: Amoonguss\n|-singleturn|p1b: Amoonguss|move: Rage Powder\n|move|p2a: Mithrandir|Pollen Puff|p1b: Amoonguss\n|-damage|p1b: Amoonguss|5/100\n|move|p2b: Beowulf|Surging Strikes|p1b: Amoonguss\n|-resisted|p1b: Amoonguss\n|-crit|p1b: Amoonguss\n|-damage|p1b: Amoonguss|0 fnt\n|-damage|p2b: Beowulf|84/100|[from] item: Rocky Helmet|[of] p1b: Amoonguss\n|faint|p1b: Amoonguss\n|-hitcount|p1: Amoonguss|1\n|move|p1a: Calyrex|Astral Barrage|p2a: Mithrandir|[spread] p2a,p2b\n|-damage|p2a: Mithrandir|0 fnt\n|-damage|p2b: Beowulf|0 fnt\n|faint|p2a: Mithrandir\n|faint|p2b: Beowulf\n|-ability|p1a: Calyrex|Grim Neigh|boost\n|-boost|p1a: Calyrex|spa|2\n|\n|upkeep\n|\n|t:|1775489413\n|switch|p2b: Drambor|Zamazenta-Crowned, L50|100/100\n|switch|p1b: Flutter Mane|Flutter Mane, L50|8/100\n|turn|6\n|\n|t:|1775489419\n|move|p1a: Calyrex|Protect|p1a: Calyrex\n|-singleturn|p1a: Calyrex|Protect\n|move|p1b: Flutter Mane|Protect|p1b: Flutter Mane\n|-singleturn|p1b: Flutter Mane|Protect\n|move|p2b: Drambor|Body Press|p1a: Calyrex\n|-activate|p1a: Calyrex|move: Protect\n|\n|-sideend|p2: Mirthinion|move: Tailwind\n|upkeep\n|turn|7\n|\n|t:|1775489440\n|move|p1a: Calyrex|Astral Barrage|p2b: Drambor\n|-damage|p2b: Drambor|0 fnt\n|faint|p2b: Drambor\n|\n|win|SilverSnowDrop\n|raw|SilverSnowDrop's rating: 1479 &rarr; <strong>1500</strong><br />(+21 for winning)\n|raw|Mirthinion's rating: 1497 &rarr; <strong>1476</strong><br />(-21 for losing)\n|l|\u2606SilverSnowDrop\n|player|p1|\n|c|\u2606Mirthinion|gg\n","uploadtime":1775489448,"views":48,"formatid":"gen9vgc2026regi","rating":1476,"private":0,"password":null}