{"id":"gen9vgc2026regi-2531007112","format":"[Gen 9] VGC 2026 Reg I","players":["ky123456","bbqsus"],"log":"|j|\u2606ky123456\n|j|\u2606bbqsus\n|t:|1769998455\n|gametype|doubles\n|player|p1|ky123456|cynthia-gen4|1420\n|player|p2|bbqsus|brycenman|1327\n|gen|9\n|tier|[Gen 9] VGC 2026 Reg I\n|rated|\n|rule|Species Clause: Limit one of each Pok\u00e9mon\n|rule|Item Clause: Limit 1 of each item\n|clearpoke\n|poke|p1|Lunala, L50|\n|poke|p1|Torkoal, L50, M|\n|poke|p1|Urshifu-*, L50, M|\n|poke|p1|Indeedee-F, L50, F|\n|poke|p1|Calyrex-Ice, L50|\n|poke|p1|Smeargle, L50, M|\n|poke|p2|Calyrex-Shadow, L50|\n|poke|p2|Smeargle, L50, M|\n|poke|p2|Torkoal, L50, F|\n|poke|p2|Flamigo, L50, M|\n|poke|p2|Eternatus, L50|\n|poke|p2|Muk-Alola, L50, F|\n|teampreview|4\n|inactive|Battle timer is ON: inactive players will automatically lose when time's up. (requested by bbqsus)\n|inactive|ky123456 has 60 seconds left.\n|\n|t:|1769998493\n|teamsize|p1|4\n|teamsize|p2|4\n|start\n|switch|p1a: Calyrex|Calyrex-Ice, L50|100/100\n|switch|p1b: Indeedee|Indeedee-F, L50, F|100/100\n|switch|p2a: Smeargle|Smeargle, L50, M, shiny|100/100\n|switch|p2b: Muk|Muk-Alola, L50, F, shiny|100/100\n|-ability|p1a: Calyrex|As One\n|-ability|p1a: Calyrex|Unnerve\n|-fieldstart|move: Psychic Terrain|[from] ability: Psychic Surge|[of] p1b: Indeedee\n|turn|1\n|\n|t:|1769998503\n|move|p1b: Indeedee|Follow Me|p1b: Indeedee\n|-singleturn|p1b: Indeedee|move: Follow Me\n|move|p2a: Smeargle|Spore|p1b: Indeedee\n|-activate|p1b: Indeedee|item: Safety Goggles|Spore\n|move|p2b: Muk|Minimize|p2b: Muk\n|-boost|p2b: Muk|evasion|2\n|move|p1a: Calyrex|Glacial Lance|p2a: Smeargle|[spread] p2a,p2b\n|-enditem|p2a: Smeargle|Focus Sash\n|-damage|p2a: Smeargle|1/100\n|-damage|p2b: Muk|36/100\n|\n|-heal|p2b: Muk|42/100|[from] item: Leftovers\n|-ability|p2a: Smeargle|Moody|boost\n|-boost|p2a: Smeargle|spd|2\n|-unboost|p2a: Smeargle|spe|1\n|upkeep\n|turn|2\n|inactive|ky123456 has 30 seconds left.\n|\n|t:|1769998536\n|move|p1b: Indeedee|Follow Me|p1b: Indeedee\n|-singleturn|p1b: Indeedee|move: Follow Me\n|move|p2a: Smeargle|Salt Cure|p1b: Indeedee\n|-damage|p1b: Indeedee|97/100\n|-start|p1b: Indeedee|Salt Cure\n|move|p2b: Muk|Minimize|p2b: Muk\n|-boost|p2b: Muk|evasion|2\n|move|p1a: Calyrex|Glacial Lance|p2a: Smeargle|[spread] p2a\n|-miss|p1a: Calyrex|p2b: Muk\n|-damage|p2a: Smeargle|0 fnt\n|faint|p2a: Smeargle\n|-ability|p2b: Muk|Moody|Power of Alchemy|[from] ability: Power of Alchemy|[of] p2a: Smeargle\n|-ability|p1a: Calyrex|Chilling Neigh|boost\n|-boost|p1a: Calyrex|atk|1\n|\n|-heal|p2b: Muk|49/100|[from] item: Leftovers\n|-damage|p1b: Indeedee|85/100|[from] Salt Cure\n|-ability|p2b: Muk|Moody|boost\n|-boost|p2b: Muk|def|2\n|-unboost|p2b: Muk|atk|1\n|upkeep\n|\n|t:|1769998549\n|switch|p2a: Flamigo|Flamigo, L50, M, shiny|100/100\n|-copyboost|p2a: Flamigo|p2b: Muk|[from] ability: Costar\n|-enditem|p2a: Flamigo|White Herb\n|-clearnegativeboost|p2a: Flamigo|[silent]\n|turn|3\n|\n|t:|1769998562\n|move|p2a: Flamigo|Wide Guard|p2a: Flamigo\n|-singleturn|p2a: Flamigo|Wide Guard\n|move|p2b: Muk|Minimize|p2b: Muk\n|-boost|p2b: Muk|evasion|2\n|move|p1a: Calyrex|High Horsepower|p2b: Muk|[miss]\n|-miss|p1a: Calyrex|p2b: Muk\n|move|p1b: Indeedee|Trick Room|p1b: Indeedee\n|-fieldstart|move: Trick Room|[of] p1b: Indeedee\n|\n|-heal|p2b: Muk|55/100|[from] item: Leftovers\n|-damage|p1b: Indeedee|72/100|[from] Salt Cure\n|-ability|p2b: Muk|Moody|boost\n|-boost|p2b: Muk|spe|2\n|-unboost|p2b: Muk|spa|1\n|upkeep\n|turn|4\n|inactive|bbqsus has 30 seconds left.\n|\n|t:|1769998589\n|-terastallize|p2b: Muk|Grass\n|move|p1b: Indeedee|Helping Hand|p1a: Calyrex\n|-singleturn|p1a: Calyrex|Helping Hand|[of] p1b: Indeedee\n|move|p2a: Flamigo|Wide Guard|p2a: Flamigo\n|-singleturn|p2a: Flamigo|Wide Guard\n|move|p1a: Calyrex|Glacial Lance|p2b: Muk|[spread] \n|-activate|p2a: Flamigo|move: Wide Guard\n|-activate|p2b: Muk|move: Wide Guard\n|move|p2b: Muk|Knock Off|p1a: Calyrex\n|-supereffective|p1a: Calyrex\n|-damage|p1a: Calyrex|71/100\n|-enditem|p1a: Calyrex|Clear Amulet|[from] move: Knock Off|[of] p2b: Muk\n|\n|-heal|p2b: Muk|61/100|[from] item: Leftovers\n|-damage|p1b: Indeedee|60/100|[from] Salt Cure\n|-ability|p2b: Muk|Moody|boost\n|-boost|p2b: Muk|def|2\n|-unboost|p2b: Muk|spe|1\n|upkeep\n|turn|5\n|\n|t:|1769998609\n|switch|p1b: Urshifu|Urshifu, L50, M|100/100\n|move|p2a: Flamigo|Wide Guard|p2a: Flamigo\n|-singleturn|p2a: Flamigo|Wide Guard\n|move|p1a: Calyrex|High Horsepower|p2b: Muk|[miss]\n|-miss|p1a: Calyrex|p2b: Muk\n|move|p2b: Muk|Knock Off|p1a: Calyrex\n|-supereffective|p1a: Calyrex\n|-damage|p1a: Calyrex|50/100\n|\n|-heal|p2b: Muk|67/100|[from] item: Leftovers\n|-fieldend|move: Psychic Terrain\n|-ability|p2b: Muk|Moody|boost\n|-boost|p2b: Muk|spe|2\n|-unboost|p2b: Muk|def|1\n|upkeep\n|turn|6\n|\n|t:|1769998628\n|switch|p1a: Indeedee|Indeedee-F, L50, F|60/100\n|-fieldstart|move: Psychic Terrain|[from] ability: Psychic Surge|[of] p1a: Indeedee\n|move|p2a: Flamigo|Wide Guard|p2a: Flamigo\n|-singleturn|p2a: Flamigo|Wide Guard\n|move|p1b: Urshifu|Wicked Blow|p2b: Muk|[miss]\n|-miss|p1b: Urshifu|p2b: Muk\n|move|p2b: Muk|Knock Off|p1b: Urshifu\n|-resisted|p1b: Urshifu\n|-damage|p1b: Urshifu|96/100\n|-enditem|p1b: Urshifu|Choice Band|[from] move: Knock Off|[of] p2b: Muk\n|\n|-heal|p2b: Muk|73/100|[from] item: Leftovers\n|-ability|p2b: Muk|Moody|boost\n|-boost|p2b: Muk|spa|2\n|-unboost|p2b: Muk|spd|1\n|upkeep\n|turn|7\n|inactive|bbqsus has 30 seconds left.\n|\n|t:|1769998658\n|move|p1a: Indeedee|Follow Me|p1a: Indeedee\n|-singleturn|p1a: Indeedee|move: Follow Me\n|move|p1b: Urshifu|Wicked Blow|p2b: Muk\n|-crit|p2b: Muk\n|-damage|p2b: Muk|3/100\n|move|p2a: Flamigo|Brave Bird|p1a: Indeedee\n|-damage|p1a: Indeedee|1/100\n|-damage|p2a: Flamigo|79/100|[from] Recoil\n|move|p2b: Muk|Knock Off|p1a: Indeedee\n|-supereffective|p1a: Indeedee\n|-damage|p1a: Indeedee|0 fnt\n|-enditem|p1a: Indeedee|Safety Goggles|[from] move: Knock Off|[of] p2b: Muk\n|faint|p1a: Indeedee\n|\n|-heal|p2b: Muk|9/100|[from] item: Leftovers\n|-fieldend|move: Trick Room\n|-ability|p2b: Muk|Moody|boost\n|-boost|p2b: Muk|atk|2\n|-unboost|p2b: Muk|def|1\n|upkeep\n|\n|t:|1769998670\n|switch|p1a: Lunala|Lunala, L50|100/100\n|turn|8\n|\n|t:|1769998679\n|move|p2b: Muk|Knock Off|p1a: Lunala\n|-supereffective|p1a: Lunala\n|-damage|p1a: Lunala|30/100\n|-enditem|p1a: Lunala|Power Herb|[from] move: Knock Off|[of] p2b: Muk\n|move|p2a: Flamigo|Brave Bird|p1b: Urshifu\n|-supereffective|p1b: Urshifu\n|-damage|p1b: Urshifu|0 fnt\n|faint|p1b: Urshifu\n|-damage|p2a: Flamigo|37/100|[from] Recoil\n|move|p1a: Lunala|Expanding Force|p2a: Flamigo|[spread] p2a,p2b\n|-supereffective|p2a: Flamigo\n|-damage|p2a: Flamigo|0 fnt\n|-damage|p2b: Muk|0 fnt\n|faint|p2a: Flamigo\n|faint|p2b: Muk\n|\n|upkeep\n|\n|t:|1769998692\n|switch|p1b: Calyrex|Calyrex-Ice, L50|50/100\n|switch|p2b: Calyrex|Calyrex-Shadow, L50|100/100\n|-ability|p2b: Calyrex|As One\n|-ability|p2b: Calyrex|Unnerve\n|-ability|p1b: Calyrex|As One\n|-ability|p1b: Calyrex|Unnerve\n|turn|9\n|\n|t:|1769998714\n|-terastallize|p1b: Calyrex|Fire\n|move|p2b: Calyrex|Astral Barrage|p1b: Calyrex|[spread] p1a,p1b\n|-supereffective|p1a: Lunala\n|-damage|p1a: Lunala|0 fnt\n|-damage|p1b: Calyrex|14/100\n|faint|p1a: Lunala\n|-ability|p2b: Calyrex|Grim Neigh|boost\n|-boost|p2b: Calyrex|spa|1\n|move|p1b: Calyrex|Glacial Lance|p2b: Calyrex\n|-damage|p2b: Calyrex|9/100\n|\n|upkeep\n|turn|10\n|\n|t:|1769998727\n|move|p2b: Calyrex|Astral Barrage|p1b: Calyrex\n|-damage|p1b: Calyrex|0 fnt\n|-enditem|p2b: Calyrex|Sitrus Berry|[eat]\n|-heal|p2b: Calyrex|34/100|[from] item: Sitrus Berry\n|faint|p1b: Calyrex\n|\n|win|bbqsus\n|raw|ky123456's rating: 1420 &rarr; <strong>1395</strong><br />(-25 for losing)\n|raw|bbqsus's rating: 1327 &rarr; <strong>1352</strong><br />(+25 for winning)\n|l|\u2606bbqsus\n|player|p2|\n|l|\u2606ky123456\n|player|p1|\n","uploadtime":1769998976,"views":13,"formatid":"gen9vgc2026regi","rating":1352,"private":0,"password":null}