{"id":"gen9vgc2026regi-2540057442","format":"[Gen 9] VGC 2026 Reg I","players":["lyxxx","ZYJHEN22"],"log":"|j|\u2606lyxxx\n|j|\u2606ZYJHEN22\n|t:|1771153979\n|gametype|doubles\n|player|p1|lyxxx|2|1315\n|player|p2|ZYJHEN22|1|1330\n|gen|9\n|tier|[Gen 9] VGC 2026 Reg I\n|rated|\n|rule|Species Clause: Limit one of each Pok\u00e9mon\n|rule|Item Clause: Limit 1 of each item\n|clearpoke\n|poke|p1|Calyrex-Ice, L50|\n|poke|p1|Kyogre, L50|\n|poke|p1|Smeargle, L50, M|\n|poke|p1|Indeedee-F, L50, F|\n|poke|p1|Urshifu-*, L50, F|\n|poke|p1|Ursaluna-Bloodmoon, L50, M|\n|poke|p2|Miraidon, L50|\n|poke|p2|Calyrex-Ice, L50|\n|poke|p2|Iron Treads, L50|\n|poke|p2|Iron Hands, L50|\n|poke|p2|Grimmsnarl, L50, M|\n|poke|p2|Ogerpon-Hearthflame, L50, F|\n|teampreview|4\n|inactive|Battle timer is ON: inactive players will automatically lose when time's up. (requested by ZYJHEN22)\n|inactive|ZYJHEN22 has 60 seconds left.\n|l|\u2606lyxxx\n|inactive|lyxxx disconnected and has a minute to reconnect!\n|player|p1|\n|inactive|ZYJHEN22 has 30 seconds left.\n|inactive|ZYJHEN22 has 20 seconds left.\n|j|\u2606lyxxx\n|inactive|lyxxx reconnected.\n|player|p1|lyxxx|2|\n|\n|t:|1771154050\n|teamsize|p1|4\n|teamsize|p2|4\n|start\n|switch|p1a: Calyrex|Calyrex-Ice, L50|100/100\n|switch|p1b: Indeedee|Indeedee-F, L50, F|100/100\n|switch|p2a: Calyrex|Calyrex-Ice, L50|100/100\n|switch|p2b: Miraidon|Miraidon, L50|100/100\n|-ability|p2a: Calyrex|As One\n|-ability|p2a: Calyrex|Unnerve\n|-ability|p1a: Calyrex|As One\n|-ability|p1a: Calyrex|Unnerve\n|-fieldstart|move: Electric Terrain|[from] ability: Hadron Engine|[of] p2b: Miraidon\n|-fieldstart|move: Psychic Terrain|[from] ability: Psychic Surge|[of] p1b: Indeedee\n|turn|1\n|\n|t:|1771154070\n|move|p1b: Indeedee|Follow Me|p1b: Indeedee\n|-singleturn|p1b: Indeedee|move: Follow Me\n|move|p2b: Miraidon|Volt Switch|p1b: Indeedee\n|-damage|p1b: Indeedee|49/100\n|\n|t:|1771154084\n|switch|p2b: Grimmsnarl|Grimmsnarl, L50, M|100/100|[from] Volt Switch\n|move|p2a: Calyrex|Glacial Lance|p1b: Indeedee|[spread] p1a,p1b\n|-resisted|p1a: Calyrex\n|-damage|p1a: Calyrex|86/100\n|-damage|p1b: Indeedee|0 fnt\n|faint|p1b: Indeedee\n|-ability|p2a: Calyrex|Chilling Neigh|boost\n|-boost|p2a: Calyrex|atk|1\n|move|p1a: Calyrex|Trick Room|p1a: Calyrex\n|-fieldstart|move: Trick Room|[of] p1a: Calyrex\n|\n|upkeep\n|\n|t:|1771154096\n|switch|p1b: Kyogre|Kyogre, L50|100/100\n|-weather|RainDance|[from] ability: Drizzle|[of] p1b: Kyogre\n|turn|2\n|\n|t:|1771154118\n|-terastallize|p1b: Kyogre|Water\n|move|p2a: Calyrex|Protect|p2a: Calyrex\n|-singleturn|p2a: Calyrex|Protect\n|move|p2b: Grimmsnarl|Light Screen|p2b: Grimmsnarl\n|-sidestart|p2: ZYJHEN22|move: Light Screen\n|move|p1b: Kyogre|Water Spout|p2a: Calyrex|[spread] p2b\n|-activate|p2a: Calyrex|move: Protect\n|-damage|p2b: Grimmsnarl|6/100\n|move|p1a: Calyrex|Glacial Lance|p2b: Grimmsnarl|[spread] p2b\n|-activate|p2a: Calyrex|move: Protect\n|-damage|p2b: Grimmsnarl|0 fnt\n|faint|p2b: Grimmsnarl\n|-ability|p1a: Calyrex|Chilling Neigh|boost\n|-boost|p1a: Calyrex|atk|1\n|\n|-weather|RainDance|[upkeep]\n|upkeep\n|\n|t:|1771154120\n|switch|p2b: Iron Hands|Iron Hands, L50|100/100\n|turn|3\n|inactive|lyxxx has 30 seconds left.\n|inactive|ZYJHEN22 has 30 seconds left.\n|\n|t:|1771154149\n|-terastallize|p2b: Iron Hands|Water\n|move|p1b: Kyogre|Water Spout|p2b: Iron Hands|[spread] p2a,p2b\n|-resisted|p2b: Iron Hands\n|-damage|p2a: Calyrex|39/100\n|-damage|p2b: Iron Hands|76/100\n|move|p1a: Calyrex|Glacial Lance|p2a: Calyrex|[spread] p2a,p2b\n|-resisted|p2a: Calyrex\n|-resisted|p2b: Iron Hands\n|-damage|p2a: Calyrex|12/100\n|-damage|p2b: Iron Hands|49/100\n|move|p2b: Iron Hands|Low Kick|p1b: Kyogre\n|-damage|p1b: Kyogre|44/100\n|move|p2a: Calyrex|Glacial Lance|p1a: Calyrex|[spread] p1a,p1b\n|-resisted|p1a: Calyrex\n|-resisted|p1b: Kyogre\n|-damage|p1a: Calyrex|61/100\n|-damage|p1b: Kyogre|10/100\n|\n|-weather|RainDance|[upkeep]\n|-heal|p2a: Calyrex|17/100|[from] item: Leftovers\n|upkeep\n|turn|4\n|inactive|lyxxx has 30 seconds left.\n|inactive|ZYJHEN22 has 30 seconds left.\n|\n|t:|1771154180\n|move|p2a: Calyrex|Protect|p2a: Calyrex\n|-singleturn|p2a: Calyrex|Protect\n|move|p1b: Kyogre|Thunder|p2b: Iron Hands\n|-supereffective|p2b: Iron Hands\n|-damage|p2b: Iron Hands|14/100\n|move|p1a: Calyrex|Glacial Lance|p2b: Iron Hands|[spread] p2b\n|-activate|p2a: Calyrex|move: Protect\n|-resisted|p2b: Iron Hands\n|-damage|p2b: Iron Hands|0 fnt\n|faint|p2b: Iron Hands\n|-end|p2b: Iron Hands|Quark Drive|[silent]\n|-ability|p1a: Calyrex|Chilling Neigh|boost\n|-boost|p1a: Calyrex|atk|1\n|\n|-weather|RainDance|[upkeep]\n|-heal|p2a: Calyrex|23/100|[from] item: Leftovers\n|upkeep\n|\n|t:|1771154187\n|switch|p2b: Miraidon|Miraidon, L50|100/100\n|-fieldstart|move: Electric Terrain|[from] ability: Hadron Engine|[of] p2b: Miraidon\n|turn|5\n|-message|ZYJHEN22 forfeited.\n|\n|win|lyxxx\n|raw|lyxxx's rating: 1315 &rarr; <strong>1336</strong><br />(+21 for winning)\n|raw|ZYJHEN22's rating: 1330 &rarr; <strong>1309</strong><br />(-21 for losing)\n|l|\u2606ZYJHEN22\n|player|p2|\n|l|\u2606lyxxx\n|player|p1|\n","uploadtime":1771154426,"views":28,"formatid":"gen9vgc2026regi","rating":1309,"private":0,"password":null}