{"id":"gen9vgc2026regi-2573525216","format":"[Gen 9] VGC 2026 Reg I","players":["4Test4","temeister"],"log":"|j|\u26064Test4\n|j|\u2606temeister\n|t:|1775143982\n|gametype|doubles\n|player|p1|4Test4|blue|1234\n|player|p2|temeister|102|1137\n|gen|9\n|tier|[Gen 9] VGC 2026 Reg I\n|rated|\n|rule|Species Clause: Limit one of each Pok\u00e9mon\n|rule|Item Clause: Limit 1 of each item\n|clearpoke\n|poke|p1|Volcarona, L50, F|\n|poke|p1|Miraidon, L50|\n|poke|p1|Calyrex-Ice, L50|\n|poke|p1|Sneasler, L50, F|\n|poke|p1|Whimsicott, L50, F|\n|poke|p1|Ursaluna, L50, F|\n|poke|p2|Calyrex-Ice, L50|\n|poke|p2|Palkia, L50|\n|poke|p2|Ursaluna, L50, F|\n|poke|p2|Urshifu-*, L50, F|\n|poke|p2|Hatterene, L50, F|\n|poke|p2|Indeedee-F, L50, F|\n|teampreview|4\n|\n|t:|1775144018\n|teamsize|p1|4\n|teamsize|p2|4\n|start\n|switch|p1a: Volcarona|Volcarona, L50, F|100/100\n|switch|p1b: Calyrex|Calyrex-Ice, L50|100/100\n|switch|p2a: Calyrex|Calyrex-Ice, L50|100/100\n|switch|p2b: Palkia|Palkia, L50|100/100\n|-ability|p1b: Calyrex|As One\n|-ability|p1b: Calyrex|Unnerve\n|-ability|p2a: Calyrex|As One\n|-ability|p2a: Calyrex|Unnerve\n|-ability|p2b: Palkia|Pressure\n|turn|1\n|\n|t:|1775144033\n|-terastallize|p1a: Volcarona|Water\n|move|p2a: Calyrex|Protect|p2a: Calyrex\n|-singleturn|p2a: Calyrex|Protect\n|move|p1a: Volcarona|Struggle Bug|p2a: Calyrex|[spread] p2b\n|-activate|p2a: Calyrex|move: Protect\n|-damage|p2b: Palkia|89/100\n|-unboost|p2b: Palkia|spa|1\n|move|p2b: Palkia|Hydro Pump|p1a: Volcarona\n|-resisted|p1a: Volcarona\n|-damage|p1a: Volcarona|84/100\n|move|p1b: Calyrex|Leech Seed|p2a: Calyrex\n|-activate|p2a: Calyrex|move: Protect\n|\n|upkeep\n|turn|2\n|\n|t:|1775144059\n|switch|p2a: Urshifu|Urshifu-Rapid-Strike, L50, F|100/100\n|move|p1a: Volcarona|Heat Wave|p2a: Urshifu|[spread] p2a,p2b\n|-resisted|p2a: Urshifu\n|-resisted|p2b: Palkia\n|-damage|p2a: Urshifu|78/100\n|-damage|p2b: Palkia|83/100\n|move|p1b: Calyrex|Leech Seed|p2a: Urshifu\n|-start|p2a: Urshifu|move: Leech Seed\n|move|p2b: Palkia|Trick Room|p2b: Palkia\n|-fieldstart|move: Trick Room|[of] p2b: Palkia\n|\n|-damage|p2a: Urshifu|66/100|[from] Leech Seed|[of] p1b: Calyrex\n|upkeep\n|turn|3\n|\n|t:|1775144079\n|-terastallize|p2a: Urshifu|Water\n|move|p1a: Volcarona|Rage Powder|p1a: Volcarona\n|-singleturn|p1a: Volcarona|move: Rage Powder\n|move|p1b: Calyrex|Glacial Lance|p2b: Palkia|[spread] p2a,p2b\n|-resisted|p2a: Urshifu\n|-damage|p2a: Urshifu|41/100\n|-damage|p2b: Palkia|34/100\n|move|p2a: Urshifu|Surging Strikes|p1a: Volcarona\n|-resisted|p1a: Volcarona\n|-crit|p1a: Volcarona\n|-damage|p1a: Volcarona|63/100\n|-damage|p2a: Urshifu|25/100|[from] item: Rocky Helmet|[of] p1a: Volcarona\n|-resisted|p1a: Volcarona\n|-crit|p1a: Volcarona\n|-damage|p1a: Volcarona|43/100\n|-damage|p2a: Urshifu|8/100|[from] item: Rocky Helmet|[of] p1a: Volcarona\n|-resisted|p1a: Volcarona\n|-crit|p1a: Volcarona\n|-damage|p1a: Volcarona|22/100\n|-damage|p2a: Urshifu|0 fnt|[from] item: Rocky Helmet|[of] p1a: Volcarona\n|faint|p2a: Urshifu\n|-hitcount|p1a: Volcarona|3\n|move|p2b: Palkia|Spacial Rend|p1b: Calyrex\n|-damage|p1b: Calyrex|79/100\n|\n|-heal|p1b: Calyrex|85/100|[from] item: Leftovers\n|upkeep\n|\n|t:|1775144092\n|switch|p2a: Ursaluna|Ursaluna, L50, F|100/100\n|turn|4\n|\n|t:|1775144101\n|move|p2a: Ursaluna|Protect|p2a: Ursaluna\n|-singleturn|p2a: Ursaluna|Protect\n|move|p1a: Volcarona|Rage Powder|p1a: Volcarona\n|-singleturn|p1a: Volcarona|move: Rage Powder\n|move|p1b: Calyrex|Glacial Lance|p2b: Palkia|[spread] p2b\n|-activate|p2a: Ursaluna|move: Protect\n|-damage|p2b: Palkia|0 fnt\n|faint|p2b: Palkia\n|-ability|p1b: Calyrex|Chilling Neigh|boost\n|-boost|p1b: Calyrex|atk|1\n|\n|-heal|p1b: Calyrex|90/100|[from] item: Leftovers\n|-status|p2a: Ursaluna|brn|[from] item: Flame Orb\n|upkeep\n|\n|t:|1775144108\n|switch|p2b: Calyrex|Calyrex-Ice, L50|100/100\n|-ability|p2b: Calyrex|As One\n|-ability|p2b: Calyrex|Unnerve\n|turn|5\n|\n|t:|1775144115\n|move|p1a: Volcarona|Rage Powder|p1a: Volcarona\n|-singleturn|p1a: Volcarona|move: Rage Powder\n|move|p2b: Calyrex|Glacial Lance|p1b: Calyrex|[spread] p1a,p1b\n|-resisted|p1a: Volcarona\n|-resisted|p1b: Calyrex\n|-damage|p1a: Volcarona|0 fnt\n|-damage|p1b: Calyrex|72/100\n|faint|p1a: Volcarona\n|-ability|p2b: Calyrex|Chilling Neigh|boost\n|-boost|p2b: Calyrex|atk|1\n|move|p2a: Ursaluna|Facade|p1b: Calyrex\n|-damage|p1b: Calyrex|0 fnt\n|faint|p1b: Calyrex\n|\n|-damage|p2a: Ursaluna|95/100 brn|[from] brn\n|upkeep\n|\n|t:|1775144119\n|switch|p1b: Miraidon|Miraidon, L50|100/100\n|switch|p1a: Sneasler|Sneasler, L50, F|100/100\n|-fieldstart|move: Electric Terrain|[from] ability: Hadron Engine|[of] p1b: Miraidon\n|-enditem|p1a: Sneasler|Electric Seed\n|-boost|p1a: Sneasler|def|1|[from] item: Electric Seed\n|turn|6\n|\n|t:|1775144143\n|move|p1a: Sneasler|Fake Out|p2b: Calyrex\n|-damage|p2b: Calyrex|92/100\n|cant|p2b: Calyrex|flinch\n|move|p2a: Ursaluna|Facade|p1b: Miraidon\n|-crit|p1b: Miraidon\n|-damage|p1b: Miraidon|0 fnt\n|faint|p1b: Miraidon\n|\n|-damage|p2a: Ursaluna|89/100 brn|[from] brn\n|-fieldend|move: Trick Room\n|upkeep\n|turn|7\n|\n|t:|1775144158\n|move|p1a: Sneasler|Close Combat|p2a: Ursaluna\n|-supereffective|p2a: Ursaluna\n|-damage|p2a: Ursaluna|7/100 brn\n|-unboost|p1a: Sneasler|def|1\n|-unboost|p1a: Sneasler|spd|1\n|move|p2a: Ursaluna|Headlong Rush|p1a: Sneasler\n|-supereffective|p1a: Sneasler\n|-damage|p1a: Sneasler|0 fnt\n|-unboost|p2a: Ursaluna|def|1\n|-unboost|p2a: Ursaluna|spd|1\n|faint|p1a: Sneasler\n|\n|win|temeister\n|raw|4Test4's rating: 1234 &rarr; <strong>1202</strong><br />(-32 for losing)\n|raw|temeister's rating: 1137 &rarr; <strong>1169</strong><br />(+32 for winning)\n|l|\u26064Test4\n|player|p1|\n|l|\u2606temeister\n|player|p2|\n","uploadtime":1775144360,"views":11,"formatid":"gen9vgc2026regi","rating":1169,"private":0,"password":null}