{"id":"gen9vgc2026regi-2547025172","format":"[Gen 9] VGC 2026 Reg I","players":["Xatseye","ScribbleScribble"],"log":"|j|\u2606Xatseye\n|j|\u2606ScribbleScribble\n|t:|1772039799\n|gametype|doubles\n|player|p1|Xatseye|2|1479\n|player|p2|ScribbleScribble|mina-lgpe|1575\n|gen|9\n|tier|[Gen 9] VGC 2026 Reg I\n|rated|\n|rule|Species Clause: Limit one of each Pok\u00e9mon\n|rule|Item Clause: Limit 1 of each item\n|clearpoke\n|poke|p1|Chien-Pao, L50|\n|poke|p1|Calyrex-Shadow, L50|\n|poke|p1|Dondozo, L50, F|\n|poke|p1|Zamazenta-*, L50|\n|poke|p1|Dragonite, L50, M|\n|poke|p1|Tatsugiri, L50, M|\n|poke|p2|Calyrex-Ice, L50|\n|poke|p2|Kyogre, L50|\n|poke|p2|Tornadus, L50, M|\n|poke|p2|Indeedee-F, L50, F|\n|poke|p2|Urshifu-*, L50, M|\n|poke|p2|Landorus, L50, M|\n|teampreview|4\n|inactive|Battle timer is ON: inactive players will automatically lose when time's up. (requested by ScribbleScribble)\n|inactive|Xatseye also wants the timer to be on.\n|inactive|ScribbleScribble has 60 seconds left.\n|\n|t:|1772039839\n|teamsize|p1|4\n|teamsize|p2|4\n|start\n|switch|p1a: Dondozo|Dondozo, L50, F|100/100\n|switch|p1b: Calyrex|Calyrex-Shadow, L50|100/100\n|switch|p2a: Tornadus|Tornadus, L50, M|100/100\n|switch|p2b: Kyogre|Kyogre, L50|100/100\n|-ability|p1b: Calyrex|As One\n|-ability|p1b: Calyrex|Unnerve\n|-weather|RainDance|[from] ability: Drizzle|[of] p2b: Kyogre\n|turn|1\n|\n|t:|1772039861\n|switch|p1b: Tatsugiri|Tatsugiri, L50, M|100/100\n|-activate|p1b: Tatsugiri|ability: Commander|[of] p1a: Dondozo\n|-boost|p1a: Dondozo|atk|2\n|-boost|p1a: Dondozo|spa|2\n|-boost|p1a: Dondozo|spe|2\n|-boost|p1a: Dondozo|def|2\n|-boost|p1a: Dondozo|spd|2\n|move|p2b: Kyogre|Protect|p2b: Kyogre\n|-singleturn|p2b: Kyogre|Protect\n|move|p2a: Tornadus|Bleakwind Storm|p1a: Dondozo|[spread] p1a\n|-miss|p2a: Tornadus|p1b: Tatsugiri\n|-damage|p1a: Dondozo|86/100\n|move|p1a: Dondozo|Order Up|p2b: Kyogre\n|-activate|p2b: Kyogre|move: Protect\n|\n|-weather|RainDance|[upkeep]\n|-heal|p1a: Dondozo|93/100|[from] item: Leftovers\n|upkeep\n|turn|2\n|\n|t:|1772039882\n|move|p2a: Tornadus|Tailwind|p2a: Tornadus\n|-sidestart|p2: ScribbleScribble|move: Tailwind\n|move|p2b: Kyogre|Thunder|p1a: Dondozo\n|-supereffective|p1a: Dondozo\n|-damage|p1a: Dondozo|58/100\n|move|p1a: Dondozo|Liquidation|p2a: Tornadus\n|-enditem|p2a: Tornadus|Focus Sash\n|-damage|p2a: Tornadus|1/100\n|\n|-weather|RainDance|[upkeep]\n|-heal|p1a: Dondozo|64/100|[from] item: Leftovers\n|upkeep\n|turn|3\n|\n|t:|1772039897\n|switch|p2a: Urshifu|Urshifu-Rapid-Strike, L50, M|100/100\n|move|p2b: Kyogre|Thunder|p1a: Dondozo\n|-supereffective|p1a: Dondozo\n|-damage|p1a: Dondozo|30/100\n|move|p1a: Dondozo|Order Up|p2b: Kyogre\n|-damage|p2b: Kyogre|57/100\n|-boost|p1a: Dondozo|atk|1\n|\n|-weather|RainDance|[upkeep]\n|-heal|p1a: Dondozo|36/100|[from] item: Leftovers\n|upkeep\n|turn|4\n|\n|t:|1772039909\n|move|p2b: Kyogre|Thunder|p1a: Dondozo\n|-supereffective|p1a: Dondozo\n|-damage|p1a: Dondozo|2/100\n|-status|p1a: Dondozo|par\n|move|p2a: Urshifu|Surging Strikes|p1a: Dondozo\n|-resisted|p1a: Dondozo\n|-crit|p1a: Dondozo\n|-damage|p1a: Dondozo|0 fnt\n|faint|p1a: Dondozo\n|-hitcount|p1: Dondozo|1\n|\n|-weather|RainDance|[upkeep]\n|upkeep\n|\n|t:|1772039920\n|switch|p1a: Calyrex|Calyrex-Shadow, L50|100/100\n|-ability|p1a: Calyrex|As One\n|-ability|p1a: Calyrex|Unnerve\n|turn|5\n|\n|t:|1772039929\n|move|p1a: Calyrex|Astral Barrage|p2a: Urshifu|[spread] p2a,p2b\n|-damage|p2a: Urshifu|17/100\n|-damage|p2b: Kyogre|13/100\n|move|p2b: Kyogre|Thunder|p1b: Tatsugiri\n|-damage|p1b: Tatsugiri|45/100\n|move|p2a: Urshifu|Surging Strikes|p1a: Calyrex\n|-crit|p1a: Calyrex\n|-damage|p1a: Calyrex|39/100\n|-crit|p1a: Calyrex\n|-damage|p1a: Calyrex|0 fnt\n|faint|p1a: Calyrex\n|-hitcount|p1: Calyrex|2\n|move|p1b: Tatsugiri|Draco Meteor|p2a: Urshifu|[miss]\n|-miss|p1b: Tatsugiri|p2a: Urshifu\n|\n|-weather|none\n|-sideend|p2: ScribbleScribble|move: Tailwind\n|upkeep\n|\n|t:|1772039945\n|switch|p1a: Zamazenta|Zamazenta-Crowned, L50|100/100\n|-ability|p1a: Zamazenta|Dauntless Shield|boost\n|-boost|p1a: Zamazenta|def|1\n|turn|6\n|\n|t:|1772039960\n|move|p1a: Zamazenta|Body Press|p2a: Urshifu\n|-damage|p2a: Urshifu|0 fnt\n|faint|p2a: Urshifu\n|move|p2b: Kyogre|Thunder|p1b: Tatsugiri\n|-damage|p1b: Tatsugiri|0 fnt\n|faint|p1b: Tatsugiri\n|\n|upkeep\n|\n|t:|1772039964\n|switch|p2a: Tornadus|Tornadus, L50, M|1/100\n|turn|7\n|\n|t:|1772039971\n|move|p2a: Tornadus|Tailwind|p2a: Tornadus\n|-sidestart|p2: ScribbleScribble|move: Tailwind\n|move|p2b: Kyogre|Hydro Pump|p1a: Zamazenta|[miss]\n|-miss|p2b: Kyogre|p1a: Zamazenta\n|move|p1a: Zamazenta|Body Press|p2b: Kyogre\n|-damage|p2b: Kyogre|0 fnt\n|faint|p2b: Kyogre\n|\n|upkeep\n|\n|t:|1772039973\n|switch|p2b: Calyrex|Calyrex-Ice, L50|100/100\n|-ability|p2b: Calyrex|As One\n|-ability|p2b: Calyrex|Unnerve\n|turn|8\n|\n|t:|1772039989\n|-terastallize|p2a: Tornadus|Ghost\n|move|p1a: Zamazenta|Protect|p1a: Zamazenta\n|-singleturn|p1a: Zamazenta|Protect\n|move|p2a: Tornadus|Bleakwind Storm|p1a: Zamazenta\n|-activate|p1a: Zamazenta|move: Protect\n|move|p2b: Calyrex|Glacial Lance|p1a: Zamazenta\n|-activate|p1a: Zamazenta|move: Protect\n|\n|upkeep\n|turn|9\n|\n|t:|1772040001\n|move|p2a: Tornadus|Bleakwind Storm|p1a: Zamazenta\n|-damage|p1a: Zamazenta|63/100\n|move|p2b: Calyrex|Glacial Lance|p1a: Zamazenta\n|-resisted|p1a: Zamazenta\n|-damage|p1a: Zamazenta|50/100\n|move|p1a: Zamazenta|Behemoth Bash|p2a: Tornadus\n|-damage|p2a: Tornadus|0 fnt\n|faint|p2a: Tornadus\n|\n|upkeep\n|turn|10\n|\n|t:|1772040012\n|move|p1a: Zamazenta|Behemoth Bash|p2b: Calyrex\n|-supereffective|p2b: Calyrex\n|-damage|p2b: Calyrex|42/100\n|move|p2b: Calyrex|Trick Room|p2b: Calyrex\n|-fieldstart|move: Trick Room|[of] p2b: Calyrex\n|\n|-sideend|p2: ScribbleScribble|move: Tailwind\n|upkeep\n|turn|11\n|\n|t:|1772040019\n|move|p2b: Calyrex|Glacial Lance|p1a: Zamazenta\n|-resisted|p1a: Zamazenta\n|-damage|p1a: Zamazenta|37/100\n|move|p1a: Zamazenta|Behemoth Bash|p2b: Calyrex\n|-supereffective|p2b: Calyrex\n|-damage|p2b: Calyrex|0 fnt\n|faint|p2b: Calyrex\n|\n|win|Xatseye\n|raw|Xatseye's rating: 1479 &rarr; <strong>1504</strong><br />(+25 for winning)\n|raw|ScribbleScribble's rating: 1575 &rarr; <strong>1550</strong><br />(-25 for losing)\n|l|\u2606ScribbleScribble\n|player|p2|\n|l|\u2606Xatseye\n|player|p1|\n","uploadtime":1772040188,"views":19,"formatid":"gen9vgc2026regi","rating":1504,"private":0,"password":null}