{"id":"gen9vgc2026regi-2515176542","format":"[Gen 9] VGC 2026 Reg I","players":["SnorlaxPikachu1","porygon-epilepz"],"log":"|j|\u2606SnorlaxPikachu1\n|j|\u2606porygon-epilepz\n|t:|1767964389\n|gametype|doubles\n|player|p1|SnorlaxPikachu1|palmer|\n|player|p2|porygon-epilepz|ghetsis-gen5bw|\n|gen|9\n|tier|[Gen 9] VGC 2026 Reg I\n|rated|Tournament battle\n|rule|Species Clause: Limit one of each Pok\u00e9mon\n|rule|Item Clause: Limit 1 of each item\n|raw|<div class=\"infobox\"><details class=\"readmore\" open><summary><strong>3 custom rules:</strong></summary> Open Team Sheets, Force Open Team Sheets, !Open Team Sheets</details></div>\n|clearpoke\n|poke|p1|Terapagos, L50, M|\n|poke|p1|Calyrex-Shadow, L50|\n|poke|p1|Incineroar, L50, F|\n|poke|p1|Flutter Mane, L50|\n|poke|p1|Ogerpon-Cornerstone, L50, F|\n|poke|p1|Rillaboom, L50, M|\n|poke|p2|Koraidon, L50|\n|poke|p2|Miraidon, L50|\n|poke|p2|Whimsicott, L50, F|\n|poke|p2|Chi-Yu, L50|\n|poke|p2|Flutter Mane, L50|\n|poke|p2|Iron Hands, L50|\n|teampreview|4\n|showteam|p1|Terapagos||Leftovers|TeraShift|TeraStarstorm,Protect,CalmMind,EarthPower|||M|||50|,,,,,Stellar]Calyrex-Shadow||FocusSash|AsOneSpectrier|AstralBarrage,PollenPuff,WillOWisp,Protect||||||50|,,,,,Ghost]Incineroar||RockyHelmet|Intimidate|FakeOut,KnockOff,PartingShot,WillOWisp|||F|||50|,,,,,Bug]Flutter Mane||BoosterEnergy|Protosynthesis|Moonblast,ThunderWave,Taunt,IcyWind||||||50|,,,,,Dark]Ogerpon-Cornerstone||CornerstoneMask|Sturdy|IvyCudgel,FollowMe,SpikyShield,KnockOff|||F|||50|,,,,,Rock]Rillaboom||AssaultVest|GrassySurge|FakeOut,GrassyGlide,Uturn,WoodHammer|||M|||50|,,,,,Fire\n|showteam|p2|Koraidon||LifeOrb|OrichalcumPulse|CloseCombat,FlareBlitz,FlameCharge,Protect||||||50|,,,,,Fire]Miraidon||ChoiceSpecs|HadronEngine|ElectroDrift,VoltSwitch,DazzlingGleam,DracoMeteor||||||50|,,,,,Fairy]Whimsicott||CovertCloak|Prankster|Tailwind,Taunt,Encore,Moonblast|||F|||50|,,,,,Dark]Chi-Yu||ChoiceScarf|BeadsofRuin|HeatWave,Overheat,DarkPulse,Snarl||||||50|,,,,,Ghost]Flutter Mane||FocusSash|Protosynthesis|IcyWind,Moonblast,ShadowBall,Protect||||||50|,,,,,Normal]Iron Hands||AssaultVest|QuarkDrive|FakeOut,WildCharge,LowKick,DrainPunch||||||50|,,,,,Bug\n|j| ido1234567890\n|j| Unskilled99\n|c|\u2606SnorlaxPikachu1|glhf\n|c|\u2606porygon-epilepz|u2\n|l| Unskilled99\n|\n|t:|1767964428\n|teamsize|p1|4\n|teamsize|p2|4\n|start\n|switch|p1a: Rillaboom|Rillaboom, L50, M|100/100\n|switch|p1b: Calyrex|Calyrex-Shadow, L50|100/100\n|switch|p2a: Chi-Yu|Chi-Yu, L50|100/100\n|switch|p2b: Koraidon|Koraidon, L50|100/100\n|-ability|p1b: Calyrex|As One\n|-ability|p1b: Calyrex|Unnerve\n|-ability|p2a: Chi-Yu|Beads of Ruin\n|-weather|SunnyDay|[from] ability: Orichalcum Pulse|[of] p2b: Koraidon\n|-activate|p2b: Koraidon|Orichalcum Pulse|[source]\n|-fieldstart|move: Grassy Terrain|[from] ability: Grassy Surge|[of] p1a: Rillaboom\n|turn|1\n|c|\u2606porygon-epilepz|first tour in quite a while and already got a finals\n|\n|t:|1767964452\n|-terastallize|p2b: Koraidon|Fire\n|-terastallize|p1a: Rillaboom|Fire\n|move|p1b: Calyrex|Protect|p1b: Calyrex\n|-singleturn|p1b: Calyrex|Protect\n|move|p2a: Chi-Yu|Snarl|p1b: Calyrex|[spread] p1a\n|-activate|p1b: Calyrex|move: Protect\n|-damage|p1a: Rillaboom|84/100\n|-unboost|p1a: Rillaboom|spa|1\n|move|p2b: Koraidon|Flame Charge|p1a: Rillaboom\n|-resisted|p1a: Rillaboom\n|-damage|p1a: Rillaboom|42/100\n|-boost|p2b: Koraidon|spe|1\n|-damage|p2b: Koraidon|91/100|[from] item: Life Orb\n|move|p1a: Rillaboom|Wood Hammer|p2a: Chi-Yu\n|-resisted|p2a: Chi-Yu\n|-damage|p2a: Chi-Yu|38/100\n|-damage|p1a: Rillaboom|29/100|[from] Recoil\n|\n|-weather|SunnyDay|[upkeep]\n|-heal|p2b: Koraidon|96/100|[from] Grassy Terrain\n|-heal|p2a: Chi-Yu|44/100|[from] Grassy Terrain\n|-heal|p1a: Rillaboom|35/100|[from] Grassy Terrain\n|upkeep\n|turn|2\n|j| SharpedoHero\n|\n|t:|1767964506\n|move|p2b: Koraidon|Flame Charge|p1b: Calyrex\n|-enditem|p1b: Calyrex|Focus Sash\n|-damage|p1b: Calyrex|1/100\n|-boost|p2b: Koraidon|spe|1\n|-damage|p2b: Koraidon|87/100|[from] item: Life Orb\n|move|p2a: Chi-Yu|Snarl|p1b: Calyrex|[spread] p1a,p1b\n|-supereffective|p1b: Calyrex\n|-damage|p1a: Rillaboom|16/100\n|-damage|p1b: Calyrex|0 fnt\n|-unboost|p1a: Rillaboom|spa|1\n|faint|p1b: Calyrex\n|move|p1a: Rillaboom|U-turn|p2a: Chi-Yu\n|-damage|p2a: Chi-Yu|5/100\n|\n|t:|1767964510\n|switch|p1a: Ogerpon|Ogerpon-Cornerstone, L50, F|100/100|[from] U-turn\n|\n|-weather|SunnyDay|[upkeep]\n|-heal|p2b: Koraidon|92/100|[from] Grassy Terrain\n|-heal|p2a: Chi-Yu|11/100|[from] Grassy Terrain\n|upkeep\n|\n|t:|1767964512\n|switch|p1b: Rillaboom|Rillaboom, L50, M, tera:Fire|16/100\n|turn|3\n|\n|t:|1767964524\n|move|p2b: Koraidon|Protect|p2b: Koraidon\n|-singleturn|p2b: Koraidon|Protect\n|move|p1b: Rillaboom|Grassy Glide|p2a: Chi-Yu\n|-resisted|p2a: Chi-Yu\n|-damage|p2a: Chi-Yu|0 fnt\n|faint|p2a: Chi-Yu\n|move|p1a: Ogerpon|Ivy Cudgel|p2b: Koraidon|[anim] Ivy Cudgel Rock\n|-activate|p2b: Koraidon|move: Protect\n|\n|-weather|SunnyDay|[upkeep]\n|-heal|p2b: Koraidon|98/100|[from] Grassy Terrain\n|-heal|p1b: Rillaboom|21/100|[from] Grassy Terrain\n|upkeep\n|\n|t:|1767964534\n|switch|p2a: Miraidon|Miraidon, L50|100/100\n|-fieldstart|move: Electric Terrain|[from] ability: Hadron Engine|[of] p2a: Miraidon\n|turn|4\n|\n|t:|1767964565\n|move|p1a: Ogerpon|Spiky Shield|p1a: Ogerpon\n|-singleturn|p1a: Ogerpon|move: Protect\n|move|p2b: Koraidon|Flame Charge|p1a: Ogerpon\n|-activate|p1a: Ogerpon|move: Protect\n|-damage|p2b: Koraidon|86/100|[from] Spiky Shield|[of] p1a: Ogerpon\n|move|p2a: Miraidon|Volt Switch|p1a: Ogerpon\n|-activate|p1a: Ogerpon|move: Protect\n|move|p1b: Rillaboom|U-turn|p2a: Miraidon\n|-damage|p2a: Miraidon|78/100\n|\n|t:|1767964572\n|switch|p1b: Flutter Mane|Flutter Mane, L50|100/100|[from] U-turn\n|-activate|p1b: Flutter Mane|ability: Protosynthesis\n|-start|p1b: Flutter Mane|protosynthesisspe\n|\n|-weather|SunnyDay|[upkeep]\n|upkeep\n|turn|5\n|\n|t:|1767964580\n|switch|p2b: Iron Hands|Iron Hands, L50|100/100\n|-activate|p2b: Iron Hands|ability: Quark Drive\n|-start|p2b: Iron Hands|quarkdriveatk\n|move|p1b: Flutter Mane|Moonblast|p2a: Miraidon\n|-supereffective|p2a: Miraidon\n|-damage|p2a: Miraidon|2/100\n|move|p2a: Miraidon|Volt Switch|p1b: Flutter Mane\n|-damage|p1b: Flutter Mane|2/100\n|j| Unskilled99\n|\n|t:|1767964589\n|switch|p2a: Koraidon|Koraidon, L50, tera:Fire|86/100|[from] Volt Switch\n|-activate|p2a: Koraidon|ability: Orichalcum Pulse\n|move|p1a: Ogerpon|Ivy Cudgel|p2b: Iron Hands|[anim] Ivy Cudgel Rock\n|-resisted|p2b: Iron Hands\n|-damage|p2b: Iron Hands|80/100\n|\n|-weather|none\n|-end|p1b: Flutter Mane|Protosynthesis\n|upkeep\n|-enditem|p1b: Flutter Mane|Booster Energy\n|-activate|p1b: Flutter Mane|ability: Protosynthesis|[fromitem]\n|-start|p1b: Flutter Mane|protosynthesisspe\n|turn|6\n|\n|t:|1767964611\n|move|p1a: Ogerpon|Spiky Shield|p1a: Ogerpon\n|-singleturn|p1a: Ogerpon|move: Protect\n|move|p1b: Flutter Mane|Thunder Wave|p2a: Koraidon\n|-status|p2a: Koraidon|par\n|move|p2a: Koraidon|Flame Charge|p1b: Flutter Mane\n|-damage|p1b: Flutter Mane|0 fnt\n|-boost|p2a: Koraidon|spe|1\n|faint|p1b: Flutter Mane\n|-end|p1b: Flutter Mane|Protosynthesis|[silent]\n|-damage|p2a: Koraidon|76/100 par|[from] item: Life Orb\n|move|p2b: Iron Hands|Drain Punch|p1a: Ogerpon\n|-activate|p1a: Ogerpon|move: Protect\n|-damage|p2b: Iron Hands|67/100|[from] Spiky Shield|[of] p1a: Ogerpon\n|\n|upkeep\n|\n|t:|1767964617\n|switch|p1b: Rillaboom|Rillaboom, L50, M, tera:Fire|21/100\n|-fieldstart|move: Grassy Terrain|[from] ability: Grassy Surge|[of] p1b: Rillaboom\n|-end|p2b: Iron Hands|Quark Drive\n|turn|7\n|\n|t:|1767964627\n|move|p1b: Rillaboom|Fake Out|p2b: Iron Hands\n|-damage|p2b: Iron Hands|59/100\n|move|p1a: Ogerpon|Ivy Cudgel|p2a: Koraidon|[anim] Ivy Cudgel Rock\n|-supereffective|p2a: Koraidon\n|-damage|p2a: Koraidon|0 fnt\n|faint|p2a: Koraidon\n|cant|p2b: Iron Hands|flinch\n|\n|-heal|p1b: Rillaboom|27/100|[from] Grassy Terrain\n|-heal|p2b: Iron Hands|64/100|[from] Grassy Terrain\n|upkeep\n|\n|t:|1767964632\n|switch|p2a: Miraidon|Miraidon, L50|2/100\n|-fieldstart|move: Electric Terrain|[from] ability: Hadron Engine|[of] p2a: Miraidon\n|-activate|p2b: Iron Hands|ability: Quark Drive\n|-start|p2b: Iron Hands|quarkdriveatk\n|turn|8\n|\n|t:|1767964656\n|move|p2a: Miraidon|Electro Drift|p1b: Rillaboom\n|-damage|p1b: Rillaboom|0 fnt\n|faint|p1b: Rillaboom\n|move|p1a: Ogerpon|Ivy Cudgel|p2b: Iron Hands|[anim] Ivy Cudgel Rock\n|-resisted|p2b: Iron Hands\n|-damage|p2b: Iron Hands|44/100\n|move|p2b: Iron Hands|Drain Punch|p1a: Ogerpon\n|-supereffective|p1a: Ogerpon\n|-ability|p1a: Ogerpon|Sturdy\n|-damage|p1a: Ogerpon|1/100\n|-heal|p2b: Iron Hands|78/100|[from] drain|[of] p1a: Ogerpon\n|\n|upkeep\n|turn|9\n|c|\u2606porygon-epilepz|gg\n|l| Unskilled99\n|c|\u2606SnorlaxPikachu1|gg\n|\n|t:|1767964681\n|move|p2b: Iron Hands|Fake Out||[still]\n|-hint|Fake Out only works on your first turn out.\n|-fail|p2b: Iron Hands\n|move|p2a: Miraidon|Electro Drift|p1a: Ogerpon\n|-resisted|p1a: Ogerpon\n|-damage|p1a: Ogerpon|0 fnt\n|faint|p1a: Ogerpon\n|\n|win|porygon-epilepz\n|n|\u2606SnorlaxPikachu1|snorlaxpikachu1\n|n|\u2606porygon-epilepz|porygonepilepz\n|n| ido1234567890|ido1234567890\n|n| SharpedoHero|sharpedohero\n","uploadtime":1767964681,"views":19,"formatid":"gen9vgc2026regi","rating":null,"private":0,"password":null}