{"id":"gen9vgc2026regi-2551685637","format":"[Gen 9] VGC 2026 Reg I","players":["timburr fan","partigiano jonny"],"log":"|j|\u2606timburr fan\n|j|\u2606partigiano jonny\n|t:|1772636218\n|gametype|doubles\n|player|p1|timburr fan|265|1399\n|player|p2|partigiano jonny|volkner|1622\n|gen|9\n|tier|[Gen 9] VGC 2026 Reg I\n|rated|\n|rule|Species Clause: Limit one of each Pok\u00e9mon\n|rule|Item Clause: Limit 1 of each item\n|clearpoke\n|poke|p1|Miraidon, L50|\n|poke|p1|Koraidon, L50|\n|poke|p1|Flutter Mane, L50|\n|poke|p1|Incineroar, L50, M|\n|poke|p1|Whimsicott, L50, M|\n|poke|p1|Amoonguss, L50, F|\n|poke|p2|Terapagos, L50, M|\n|poke|p2|Miraidon, L50|\n|poke|p2|Incineroar, L50, M|\n|poke|p2|Iron Treads, L50|\n|poke|p2|Sinistcha, L50|\n|poke|p2|Urshifu-*, L50, M|\n|teampreview|4\n|inactive|Battle timer is ON: inactive players will automatically lose when time's up. (requested by partigiano jonny)\n|\n|t:|1772636252\n|teamsize|p1|4\n|teamsize|p2|4\n|start\n|switch|p1a: Miraidon|Miraidon, L50|100/100\n|switch|p1b: Whimsicott|Whimsicott, L50, M|100/100\n|switch|p2a: Terapagos|Terapagos, L50, M|100/100\n|switch|p2b: Miraidon|Miraidon, L50|100/100\n|-activate|p2a: Terapagos|ability: Tera Shift\n|detailschange|p2a: Terapagos|Terapagos-Terastal, L50, M\n|-heal|p2a: Terapagos|100/100|[silent]\n|-fieldstart|move: Electric Terrain|[from] ability: Hadron Engine|[of] p1a: Miraidon\n|-enditem|p2a: Terapagos|Electric Seed\n|-boost|p2a: Terapagos|def|1|[from] item: Electric Seed\n|-activate|p2b: Miraidon|ability: Hadron Engine\n|turn|1\n|\n|t:|1772636268\n|-terastallize|p2a: Terapagos|Stellar\n|detailschange|p2a: Terapagos|Terapagos-Stellar, L50, M, tera:Stellar\n|-heal|p2a: Terapagos|100/100|[silent]\n|-ability|p2a: Terapagos|Teraform Zero\n|-fieldend|move: Electric Terrain\n|move|p1b: Whimsicott|Tailwind|p1b: Whimsicott\n|-sidestart|p1: timburr fan|move: Tailwind\n|move|p1a: Miraidon|Draco Meteor|p2b: Miraidon\n|-supereffective|p2b: Miraidon\n|-damage|p2b: Miraidon|0 fnt\n|-unboost|p1a: Miraidon|spa|2\n|faint|p2b: Miraidon\n|move|p2a: Terapagos|Tera Starstorm|p1a: Miraidon|[spread] p1a,p1b\n|-damage|p1a: Miraidon|67/100\n|-damage|p1b: Whimsicott|44/100\n|\n|upkeep\n|\n|t:|1772636287\n|switch|p2b: Sinistcha|Sinistcha, L50|100/100\n|turn|2\n|\n|t:|1772636299\n|switch|p1a: Flutter Mane|Flutter Mane, L50|100/100\n|move|p1b: Whimsicott|Taunt|p2b: Sinistcha\n|-start|p2b: Sinistcha|move: Taunt\n|move|p2a: Terapagos|Tera Starstorm|p1b: Whimsicott|[spread] p1a,p1b\n|-damage|p1a: Flutter Mane|60/100\n|-damage|p1b: Whimsicott|0 fnt\n|faint|p1b: Whimsicott\n|cant|p2b: Sinistcha|move: Taunt|Trick Room\n|\n|upkeep\n|\n|t:|1772636316\n|switch|p1b: Miraidon|Miraidon, L50|67/100\n|-fieldstart|move: Electric Terrain|[from] ability: Hadron Engine|[of] p1b: Miraidon\n|turn|3\n|\n|t:|1772636332\n|switch|p2a: Iron Treads|Iron Treads, L50|100/100\n|-activate|p2a: Iron Treads|ability: Quark Drive\n|-start|p2a: Iron Treads|quarkdrivespe\n|move|p1b: Miraidon|Electro Drift|p2a: Iron Treads\n|-immune|p2a: Iron Treads\n|move|p1a: Flutter Mane|Dazzling Gleam|p2b: Sinistcha|[spread] p2a,p2b\n|-resisted|p2a: Iron Treads\n|-damage|p2a: Iron Treads|77/100\n|-damage|p2b: Sinistcha|64/100\n|move|p2b: Sinistcha|Shadow Ball|p1a: Flutter Mane\n|-supereffective|p1a: Flutter Mane\n|-damage|p1a: Flutter Mane|0 fnt\n|faint|p1a: Flutter Mane\n|-end|p1a: Flutter Mane|Protosynthesis|[silent]\n|\n|upkeep\n|\n|t:|1772636346\n|switch|p1a: Koraidon|Koraidon, L50|100/100\n|-weather|SunnyDay|[from] ability: Orichalcum Pulse|[of] p1a: Koraidon\n|-activate|p1a: Koraidon|Orichalcum Pulse|[source]\n|turn|4\n|\n|t:|1772636368\n|move|p2a: Iron Treads|Protect|p2a: Iron Treads\n|-singleturn|p2a: Iron Treads|Protect\n|move|p1a: Koraidon|Flare Blitz|p2a: Iron Treads\n|-activate|p2a: Iron Treads|move: Protect\n|move|p1b: Miraidon|Electro Drift|p2b: Sinistcha\n|-resisted|p2b: Sinistcha\n|-damage|p2b: Sinistcha|0 fnt\n|faint|p2b: Sinistcha\n|\n|-weather|SunnyDay|[upkeep]\n|-sideend|p1: timburr fan|move: Tailwind\n|upkeep\n|\n|t:|1772636376\n|switch|p2b: Terapagos|Terapagos-Stellar, L50, M, tera:Stellar|100/100\n|turn|5\n|\n|t:|1772636392\n|move|p1a: Koraidon|Flare Blitz|p2a: Iron Treads\n|-supereffective|p2a: Iron Treads\n|-damage|p2a: Iron Treads|0 fnt\n|faint|p2a: Iron Treads\n|-end|p2a: Iron Treads|Quark Drive|[silent]\n|-damage|p1a: Koraidon|78/100|[from] Recoil\n|move|p1b: Miraidon|Electro Drift|p2b: Terapagos\n|-damage|p2b: Terapagos|13/100\n|move|p2b: Terapagos|Tera Starstorm|p1b: Miraidon|[spread] p1a,p1b\n|-damage|p1a: Koraidon|43/100\n|-damage|p1b: Miraidon|32/100\n|\n|-weather|SunnyDay|[upkeep]\n|upkeep\n|turn|6\n|\n|t:|1772636406\n|move|p1a: Koraidon|Flare Blitz|p2b: Terapagos\n|-damage|p2b: Terapagos|0 fnt\n|faint|p2b: Terapagos\n|detailschange|p2: Terapagos|Terapagos, L50, M|[silent]\n|-damage|p1a: Koraidon|37/100|[from] Recoil\n|\n|win|timburr fan\n|raw|timburr fan's rating: 1399 &rarr; <strong>1430</strong><br />(+31 for winning)\n|raw|partigiano jonny's rating: 1622 &rarr; <strong>1591</strong><br />(-31 for losing)\n|l|\u2606partigiano jonny\n|player|p2|\n|l|\u2606timburr fan\n|player|p1|\n","uploadtime":1772636406,"views":14,"formatid":"gen9vgc2026regi","rating":1430,"private":0,"password":null}