{"id":"gen9vgc2026regi-2567939686","format":"[Gen 9] VGC 2026 Reg I","players":["papertheskeleton","blackred123"],"log":"|j|\u2606papertheskeleton\n|j|\u2606blackred123\n|t:|1774535246\n|gametype|doubles\n|player|p1|papertheskeleton|miku-ghost|1246\n|player|p2|blackred123|iono-masters|1390\n|gen|9\n|tier|[Gen 9] VGC 2026 Reg I\n|rated|\n|rule|Species Clause: Limit one of each Pok\u00e9mon\n|rule|Item Clause: Limit 1 of each item\n|clearpoke\n|poke|p1|Groudon, L50|\n|poke|p1|Miraidon, L50|\n|poke|p1|Chien-Pao, L50|\n|poke|p1|Chi-Yu, L50|\n|poke|p1|Bronzong, L50|\n|poke|p1|Iron Hands, L50|\n|poke|p2|Amoonguss, L50, F|\n|poke|p2|Calyrex-Ice, L50|\n|poke|p2|Kyogre, L50|\n|poke|p2|Grimmsnarl, L50, M|\n|poke|p2|Flutter Mane, L50|\n|poke|p2|Basculegion, L50, M|\n|teampreview|4\n|inactive|Battle timer is ON: inactive players will automatically lose when time's up. (requested by papertheskeleton)\n|inactive|blackred123 also wants the timer to be on.\n|inactive|papertheskeleton has 60 seconds left.\n|\n|t:|1774535283\n|teamsize|p1|4\n|teamsize|p2|4\n|start\n|switch|p1a: HATSUNE MIKU!?!?|Miraidon, L50|100/100\n|switch|p1b: Brian Hands|Iron Hands, L50|100/100\n|switch|p2a: Calyrex|Calyrex-Ice, L50|100/100\n|switch|p2b: Grimmsnarl|Grimmsnarl, L50, M|100/100\n|-ability|p2a: Calyrex|As One\n|-ability|p2a: Calyrex|Unnerve\n|-fieldstart|move: Electric Terrain|[from] ability: Hadron Engine|[of] p1a: HATSUNE MIKU!?!?\n|-activate|p1b: Brian Hands|ability: Quark Drive\n|-start|p1b: Brian Hands|quarkdriveatk\n|turn|1\n|\n|t:|1774535303\n|move|p2b: Grimmsnarl|Light Screen|p2b: Grimmsnarl\n|-sidestart|p2: blackred123|move: Light Screen\n|move|p1a: HATSUNE MIKU!?!?|Electro Drift|p2a: Calyrex\n|-damage|p2a: Calyrex|36/100\n|move|p2a: Calyrex|Leech Seed|p1b: Brian Hands\n|-start|p1b: Brian Hands|move: Leech Seed\n|move|p1b: Brian Hands|Low Kick|p2a: Calyrex\n|-damage|p2a: Calyrex|0 fnt\n|faint|p2a: Calyrex\n|\n|upkeep\n|\n|t:|1774535314\n|switch|p2a: Kyogre|Kyogre, L50|100/100\n|-weather|RainDance|[from] ability: Drizzle|[of] p2a: Kyogre\n|turn|2\n|\n|t:|1774535329\n|-terastallize|p2a: Kyogre|Grass\n|move|p2b: Grimmsnarl|Reflect|p2b: Grimmsnarl\n|-sidestart|p2: blackred123|Reflect\n|move|p1a: HATSUNE MIKU!?!?|Electro Drift|p2b: Grimmsnarl\n|-damage|p2b: Grimmsnarl|19/100\n|move|p2a: Kyogre|Origin Pulse|p1a: HATSUNE MIKU!?!?|[spread] p1a,p1b\n|-resisted|p1a: HATSUNE MIKU!?!?\n|-damage|p1a: HATSUNE MIKU!?!?|62/100\n|-damage|p1b: Brian Hands|49/100\n|move|p1b: Brian Hands|Wild Charge|p2b: Grimmsnarl\n|-damage|p2b: Grimmsnarl|0 fnt\n|faint|p2b: Grimmsnarl\n|-damage|p1b: Brian Hands|44/100|[from] Recoil\n|\n|-weather|RainDance|[upkeep]\n|-damage|p1b: Brian Hands|32/100|[from] Leech Seed|[of] p2a: Kyogre\n|upkeep\n|\n|t:|1774535351\n|switch|p2b: Basculegion|Basculegion, L50, M|100/100\n|turn|3\n|\n|t:|1774535358\n|-end|p1b: Brian Hands|Quark Drive|[silent]\n|switch|p1b: ICantSeeTheHorizon|Groudon, L50|100/100\n|-weather|SunnyDay|[from] ability: Drought|[of] p1b: ICantSeeTheHorizon\n|move|p1a: HATSUNE MIKU!?!?|Electro Drift|p2b: Basculegion\n|-supereffective|p2b: Basculegion\n|-damage|p2b: Basculegion|0 fnt\n|faint|p2b: Basculegion\n|move|p2a: Kyogre|Origin Pulse|p1a: HATSUNE MIKU!?!?|[spread] p1a,p1b\n|-resisted|p1a: HATSUNE MIKU!?!?\n|-supereffective|p1b: ICantSeeTheHorizon\n|-damage|p1a: HATSUNE MIKU!?!?|48/100\n|-damage|p1b: ICantSeeTheHorizon|44/100\n|\n|-weather|SunnyDay|[upkeep]\n|upkeep\n|turn|4\n|\n|t:|1774535375\n|move|p1a: HATSUNE MIKU!?!?|Electro Drift|p2a: Kyogre\n|-resisted|p2a: Kyogre\n|-damage|p2a: Kyogre|65/100\n|move|p2a: Kyogre|Origin Pulse|p1b: ICantSeeTheHorizon|[spread] p1a,p1b\n|-resisted|p1a: HATSUNE MIKU!?!?\n|-supereffective|p1b: ICantSeeTheHorizon\n|-damage|p1a: HATSUNE MIKU!?!?|34/100\n|-damage|p1b: ICantSeeTheHorizon|0 fnt\n|faint|p1b: ICantSeeTheHorizon\n|\n|-weather|SunnyDay|[upkeep]\n|upkeep\n|\n|t:|1774535383\n|switch|p1b: Feesh|Chi-Yu, L50|100/100\n|-ability|p1b: Feesh|Beads of Ruin\n|turn|5\n|\n|t:|1774535390\n|move|p1b: Feesh|Overheat|p2a: Kyogre|[miss]\n|-miss|p1b: Feesh|p2a: Kyogre\n|move|p1a: HATSUNE MIKU!?!?|Electro Drift|p2a: Kyogre\n|-resisted|p2a: Kyogre\n|-damage|p2a: Kyogre|14/100\n|move|p2a: Kyogre|Origin Pulse|p1b: Feesh|[spread] p1a,p1b\n|-resisted|p1a: HATSUNE MIKU!?!?\n|-supereffective|p1b: Feesh\n|-damage|p1a: HATSUNE MIKU!?!?|16/100\n|-damage|p1b: Feesh|29/100\n|\n|-weather|SunnyDay|[upkeep]\n|-fieldend|move: Electric Terrain\n|upkeep\n|turn|6\n|-message|blackred123 forfeited.\n|\n|win|papertheskeleton\n|raw|papertheskeleton's rating: 1246 &rarr; <strong>1281</strong><br />(+35 for winning)\n|raw|blackred123's rating: 1390 &rarr; <strong>1362</strong><br />(-28 for losing)\n|l|\u2606blackred123\n|player|p2|\n","uploadtime":1774535406,"views":29,"formatid":"gen9vgc2026regi","rating":1281,"private":0,"password":null}