{"id":"gen9vgc2026regi-2544199367","format":"[Gen 9] VGC 2026 Reg I","players":["BanKingambit69247","zebraschinge"],"log":"|j|\u2606BanKingambit69247\n|j|\u2606zebraschinge\n|t:|1771676672\n|gametype|doubles\n|player|p1|BanKingambit69247|102|1302\n|player|p2|zebraschinge|wallace|1369\n|gen|9\n|tier|[Gen 9] VGC 2026 Reg I\n|rated|\n|rule|Species Clause: Limit one of each Pok\u00e9mon\n|rule|Item Clause: Limit 1 of each item\n|clearpoke\n|poke|p1|Calyrex-Shadow, L50|\n|poke|p1|Zamazenta-*, L50|\n|poke|p1|Chien-Pao, L50|\n|poke|p1|Dragonite, L50, F|\n|poke|p1|Rillaboom, L50, F|\n|poke|p1|Incineroar, L50, F|\n|poke|p2|Miraidon, L50|\n|poke|p2|Grimmsnarl, L50, M|\n|poke|p2|Calyrex-Ice, L50|\n|poke|p2|Farigiraf, L50, F|\n|poke|p2|Murkrow, L50, M|\n|poke|p2|Diglett, L50, F|\n|teampreview|4\n|inactive|Battle timer is ON: inactive players will automatically lose when time's up. (requested by zebraschinge)\n|inactive|zebraschinge has 60 seconds left.\n|inactive|zebraschinge has 30 seconds left.\n|\n|t:|1771676735\n|teamsize|p1|4\n|teamsize|p2|4\n|start\n|switch|p1a: \u8ba9\u4f60\u4eec\u770b\u770b\u672c\u79d1\u751f\u7684\u542b\u91d1\u91cf\ud83d\udc37\ud83d\udc37\ud83d\udc37|Chien-Pao, L50|100/100\n|switch|p1b: \u70ab\u70ab\u70ab\u70ab\u70ab\u70ab\u70ab\u70ab\ud83d\udc36\ud83d\udc36\ud83d\udc36|Zamazenta-Crowned, L50|100/100\n|switch|p2a: Murkrow|Murkrow, L50, M|100/100\n|switch|p2b: Miraidon|Miraidon, L50|100/100\n|-ability|p1a: \u8ba9\u4f60\u4eec\u770b\u770b\u672c\u79d1\u751f\u7684\u542b\u91d1\u91cf\ud83d\udc37\ud83d\udc37\ud83d\udc37|Sword of Ruin\n|-ability|p1b: \u70ab\u70ab\u70ab\u70ab\u70ab\u70ab\u70ab\u70ab\ud83d\udc36\ud83d\udc36\ud83d\udc36|Dauntless Shield|boost\n|-boost|p1b: \u70ab\u70ab\u70ab\u70ab\u70ab\u70ab\u70ab\u70ab\ud83d\udc36\ud83d\udc36\ud83d\udc36|def|1\n|-fieldstart|move: Electric Terrain|[from] ability: Hadron Engine|[of] p2b: Miraidon\n|turn|1\n|\n|t:|1771676759\n|switch|p1a: \u9999\u2642\u8549\u541b|Rillaboom, L50, F|100/100\n|-fieldstart|move: Grassy Terrain|[from] ability: Grassy Surge|[of] p1a: \u9999\u2642\u8549\u541b\n|move|p2b: Miraidon|Protect|p2b: Miraidon\n|-singleturn|p2b: Miraidon|Protect\n|move|p2a: Murkrow|Haze|p2a: Murkrow\n|-clearallboost\n|move|p1b: \u70ab\u70ab\u70ab\u70ab\u70ab\u70ab\u70ab\u70ab\ud83d\udc36\ud83d\udc36\ud83d\udc36|Body Press|p2b: Miraidon\n|-activate|p2b: Miraidon|move: Protect\n|\n|upkeep\n|turn|2\n|inactive|zebraschinge has 30 seconds left.\n|\n|t:|1771676787\n|switch|p2b: Farigiraf|Farigiraf, L50, F|100/100\n|move|p1b: \u70ab\u70ab\u70ab\u70ab\u70ab\u70ab\u70ab\u70ab\ud83d\udc36\ud83d\udc36\ud83d\udc36|Body Press|p2b: Farigiraf\n|-damage|p2b: Farigiraf|63/100\n|move|p1a: \u9999\u2642\u8549\u541b|U-turn|p2a: Murkrow\n|-damage|p2a: Murkrow|72/100\n|\n|t:|1771676792\n|switch|p1a: \u8ba9\u4f60\u4eec\u770b\u770b\u672c\u79d1\u751f\u7684\u542b\u91d1\u91cf\ud83d\udc37\ud83d\udc37\ud83d\udc37|Chien-Pao, L50|100/100|[from] U-turn\n|-ability|p1a: \u8ba9\u4f60\u4eec\u770b\u770b\u672c\u79d1\u751f\u7684\u542b\u91d1\u91cf\ud83d\udc37\ud83d\udc37\ud83d\udc37|Sword of Ruin\n|move|p2a: Murkrow|Foul Play|p1a: \u8ba9\u4f60\u4eec\u770b\u770b\u672c\u79d1\u751f\u7684\u542b\u91d1\u91cf\ud83d\udc37\ud83d\udc37\ud83d\udc37\n|-resisted|p1a: \u8ba9\u4f60\u4eec\u770b\u770b\u672c\u79d1\u751f\u7684\u542b\u91d1\u91cf\ud83d\udc37\ud83d\udc37\ud83d\udc37\n|-damage|p1a: \u8ba9\u4f60\u4eec\u770b\u770b\u672c\u79d1\u751f\u7684\u542b\u91d1\u91cf\ud83d\udc37\ud83d\udc37\ud83d\udc37|72/100\n|\n|-heal|p1a: \u8ba9\u4f60\u4eec\u770b\u770b\u672c\u79d1\u751f\u7684\u542b\u91d1\u91cf\ud83d\udc37\ud83d\udc37\ud83d\udc37|77/100|[from] Grassy Terrain\n|-heal|p2b: Farigiraf|70/100|[from] Grassy Terrain\n|upkeep\n|turn|3\n|inactive|zebraschinge has 30 seconds left.\n|\n|t:|1771676826\n|move|p2a: Murkrow|Tailwind|p2a: Murkrow\n|-sidestart|p2: zebraschinge|move: Tailwind\n|move|p1a: \u8ba9\u4f60\u4eec\u770b\u770b\u672c\u79d1\u751f\u7684\u542b\u91d1\u91cf\ud83d\udc37\ud83d\udc37\ud83d\udc37|Icicle Crash|p2b: Farigiraf\n|-damage|p2b: Farigiraf|27/100\n|-enditem|p2b: Farigiraf|Sitrus Berry|[eat]\n|-heal|p2b: Farigiraf|52/100|[from] item: Sitrus Berry\n|move|p1b: \u70ab\u70ab\u70ab\u70ab\u70ab\u70ab\u70ab\u70ab\ud83d\udc36\ud83d\udc36\ud83d\udc36|Body Press|p2b: Farigiraf\n|-damage|p2b: Farigiraf|0 fnt\n|faint|p2b: Farigiraf\n|\n|-heal|p1a: \u8ba9\u4f60\u4eec\u770b\u770b\u672c\u79d1\u751f\u7684\u542b\u91d1\u91cf\ud83d\udc37\ud83d\udc37\ud83d\udc37|83/100|[from] Grassy Terrain\n|upkeep\n|inactive|zebraschinge has 30 seconds left.\n|\n|t:|1771676851\n|switch|p2b: High Horsepow miss|Calyrex-Ice, L50|100/100\n|-ability|p2b: High Horsepow miss|As One\n|-ability|p2b: High Horsepow miss|Unnerve\n|turn|4\n|\n|t:|1771676875\n|move|p2a: Murkrow|Foul Play|p1a: \u8ba9\u4f60\u4eec\u770b\u770b\u672c\u79d1\u751f\u7684\u542b\u91d1\u91cf\ud83d\udc37\ud83d\udc37\ud83d\udc37\n|-resisted|p1a: \u8ba9\u4f60\u4eec\u770b\u770b\u672c\u79d1\u751f\u7684\u542b\u91d1\u91cf\ud83d\udc37\ud83d\udc37\ud83d\udc37\n|-crit|p1a: \u8ba9\u4f60\u4eec\u770b\u770b\u672c\u79d1\u751f\u7684\u542b\u91d1\u91cf\ud83d\udc37\ud83d\udc37\ud83d\udc37\n|-damage|p1a: \u8ba9\u4f60\u4eec\u770b\u770b\u672c\u79d1\u751f\u7684\u542b\u91d1\u91cf\ud83d\udc37\ud83d\udc37\ud83d\udc37|39/100\n|move|p1a: \u8ba9\u4f60\u4eec\u770b\u770b\u672c\u79d1\u751f\u7684\u542b\u91d1\u91cf\ud83d\udc37\ud83d\udc37\ud83d\udc37|Ruination|p2b: High Horsepow miss\n|-damage|p2b: High Horsepow miss|51/100\n|move|p1b: \u70ab\u70ab\u70ab\u70ab\u70ab\u70ab\u70ab\u70ab\ud83d\udc36\ud83d\udc36\ud83d\udc36|Body Press|p2b: High Horsepow miss\n|-damage|p2b: High Horsepow miss|7/100\n|move|p2b: High Horsepow miss|Glacial Lance|p1b: \u70ab\u70ab\u70ab\u70ab\u70ab\u70ab\u70ab\u70ab\ud83d\udc36\ud83d\udc36\ud83d\udc36|[spread] p1a,p1b\n|-resisted|p1a: \u8ba9\u4f60\u4eec\u770b\u770b\u672c\u79d1\u751f\u7684\u542b\u91d1\u91cf\ud83d\udc37\ud83d\udc37\ud83d\udc37\n|-resisted|p1b: \u70ab\u70ab\u70ab\u70ab\u70ab\u70ab\u70ab\u70ab\ud83d\udc36\ud83d\udc36\ud83d\udc36\n|-damage|p1a: \u8ba9\u4f60\u4eec\u770b\u770b\u672c\u79d1\u751f\u7684\u542b\u91d1\u91cf\ud83d\udc37\ud83d\udc37\ud83d\udc37|0 fnt\n|-damage|p1b: \u70ab\u70ab\u70ab\u70ab\u70ab\u70ab\u70ab\u70ab\ud83d\udc36\ud83d\udc36\ud83d\udc36|79/100\n|faint|p1a: \u8ba9\u4f60\u4eec\u770b\u770b\u672c\u79d1\u751f\u7684\u542b\u91d1\u91cf\ud83d\udc37\ud83d\udc37\ud83d\udc37\n|-ability|p2b: High Horsepow miss|Chilling Neigh|boost\n|-boost|p2b: High Horsepow miss|atk|1\n|\n|-heal|p1b: \u70ab\u70ab\u70ab\u70ab\u70ab\u70ab\u70ab\u70ab\ud83d\udc36\ud83d\udc36\ud83d\udc36|85/100|[from] Grassy Terrain\n|-heal|p2b: High Horsepow miss|13/100|[from] Grassy Terrain\n|upkeep\n|\n|t:|1771676886\n|switch|p1a: \u90a3\u6211\u7f3a\u7684\u5636\u9e23\u8fd9\u4e00\u5757\u8c01\u7ed9\u6211\u8865\u554a\u267f\u267f\u267f|Calyrex-Shadow, L50|100/100\n|-ability|p1a: \u90a3\u6211\u7f3a\u7684\u5636\u9e23\u8fd9\u4e00\u5757\u8c01\u7ed9\u6211\u8865\u554a\u267f\u267f\u267f|As One\n|-ability|p1a: \u90a3\u6211\u7f3a\u7684\u5636\u9e23\u8fd9\u4e00\u5757\u8c01\u7ed9\u6211\u8865\u554a\u267f\u267f\u267f|Unnerve\n|turn|5\n|inactive|zebraschinge has 30 seconds left.\n|inactive|zebraschinge has 20 seconds left.\n|inactive|zebraschinge has 15 seconds left.\n|\n|t:|1771676929\n|move|p1a: \u90a3\u6211\u7f3a\u7684\u5636\u9e23\u8fd9\u4e00\u5757\u8c01\u7ed9\u6211\u8865\u554a\u267f\u267f\u267f|Protect|p1a: \u90a3\u6211\u7f3a\u7684\u5636\u9e23\u8fd9\u4e00\u5757\u8c01\u7ed9\u6211\u8865\u554a\u267f\u267f\u267f\n|-singleturn|p1a: \u90a3\u6211\u7f3a\u7684\u5636\u9e23\u8fd9\u4e00\u5757\u8c01\u7ed9\u6211\u8865\u554a\u267f\u267f\u267f|Protect\n|move|p2a: Murkrow|Foul Play|p1a: \u90a3\u6211\u7f3a\u7684\u5636\u9e23\u8fd9\u4e00\u5757\u8c01\u7ed9\u6211\u8865\u554a\u267f\u267f\u267f\n|-activate|p1a: \u90a3\u6211\u7f3a\u7684\u5636\u9e23\u8fd9\u4e00\u5757\u8c01\u7ed9\u6211\u8865\u554a\u267f\u267f\u267f|move: Protect\n|move|p1b: \u70ab\u70ab\u70ab\u70ab\u70ab\u70ab\u70ab\u70ab\ud83d\udc36\ud83d\udc36\ud83d\udc36|Body Press|p2b: High Horsepow miss\n|-damage|p2b: High Horsepow miss|0 fnt\n|faint|p2b: High Horsepow miss\n|\n|-heal|p1b: \u70ab\u70ab\u70ab\u70ab\u70ab\u70ab\u70ab\u70ab\ud83d\udc36\ud83d\udc36\ud83d\udc36|90/100|[from] Grassy Terrain\n|-fieldend|move: Grassy Terrain\n|upkeep\n|\n|t:|1771676937\n|switch|p2b: Miraidon|Miraidon, L50|100/100\n|-fieldstart|move: Electric Terrain|[from] ability: Hadron Engine|[of] p2b: Miraidon\n|turn|6\n|inactive|zebraschinge has 30 seconds left.\n|\n|t:|1771676962\n|switch|p1a: \u9999\u2642\u8549\u541b|Rillaboom, L50, F|100/100\n|-fieldstart|move: Grassy Terrain|[from] ability: Grassy Surge|[of] p1a: \u9999\u2642\u8549\u541b\n|move|p2b: Miraidon|Dragon Pulse|p1a: \u9999\u2642\u8549\u541b\n|-damage|p1a: \u9999\u2642\u8549\u541b|58/100\n|-damage|p2b: Miraidon|91/100|[from] item: Life Orb\n|move|p2a: Murkrow|Foul Play|p1a: \u9999\u2642\u8549\u541b\n|-damage|p1a: \u9999\u2642\u8549\u541b|15/100\n|move|p1b: \u70ab\u70ab\u70ab\u70ab\u70ab\u70ab\u70ab\u70ab\ud83d\udc36\ud83d\udc36\ud83d\udc36|Heavy Slam|p2a: Murkrow\n|-damage|p2a: Murkrow|6/100\n|\n|-heal|p2b: Miraidon|97/100|[from] Grassy Terrain\n|-heal|p1b: \u70ab\u70ab\u70ab\u70ab\u70ab\u70ab\u70ab\u70ab\ud83d\udc36\ud83d\udc36\ud83d\udc36|96/100|[from] Grassy Terrain\n|-heal|p1a: \u9999\u2642\u8549\u541b|21/100|[from] Grassy Terrain\n|-sideend|p2: zebraschinge|move: Tailwind\n|upkeep\n|turn|7\n|inactive|zebraschinge has 30 seconds left.\n|\n|t:|1771676992\n|move|p1a: \u9999\u2642\u8549\u541b|Fake Out|p2a: Murkrow\n|-damage|p2a: Murkrow|0 fnt\n|faint|p2a: Murkrow\n|move|p1b: \u70ab\u70ab\u70ab\u70ab\u70ab\u70ab\u70ab\u70ab\ud83d\udc36\ud83d\udc36\ud83d\udc36|Body Press|p2b: Miraidon\n|-damage|p2b: Miraidon|58/100\n|move|p2b: Miraidon|Electro Drift|p1b: \u70ab\u70ab\u70ab\u70ab\u70ab\u70ab\u70ab\u70ab\ud83d\udc36\ud83d\udc36\ud83d\udc36\n|-damage|p1b: \u70ab\u70ab\u70ab\u70ab\u70ab\u70ab\u70ab\u70ab\ud83d\udc36\ud83d\udc36\ud83d\udc36|46/100\n|-damage|p2b: Miraidon|48/100|[from] item: Life Orb\n|\n|-heal|p1b: \u70ab\u70ab\u70ab\u70ab\u70ab\u70ab\u70ab\u70ab\ud83d\udc36\ud83d\udc36\ud83d\udc36|52/100|[from] Grassy Terrain\n|-heal|p2b: Miraidon|54/100|[from] Grassy Terrain\n|-heal|p1a: \u9999\u2642\u8549\u541b|27/100|[from] Grassy Terrain\n|upkeep\n|turn|8\n|\n|t:|1771677003\n|switch|p1a: \u90a3\u6211\u7f3a\u7684\u5636\u9e23\u8fd9\u4e00\u5757\u8c01\u7ed9\u6211\u8865\u554a\u267f\u267f\u267f|Calyrex-Shadow, L50|100/100\n|-ability|p1a: \u90a3\u6211\u7f3a\u7684\u5636\u9e23\u8fd9\u4e00\u5757\u8c01\u7ed9\u6211\u8865\u554a\u267f\u267f\u267f|As One\n|-ability|p1a: \u90a3\u6211\u7f3a\u7684\u5636\u9e23\u8fd9\u4e00\u5757\u8c01\u7ed9\u6211\u8865\u554a\u267f\u267f\u267f|Unnerve\n|move|p1b: \u70ab\u70ab\u70ab\u70ab\u70ab\u70ab\u70ab\u70ab\ud83d\udc36\ud83d\udc36\ud83d\udc36|Body Press|p2b: Miraidon\n|-damage|p2b: Miraidon|15/100\n|move|p2b: Miraidon|Parabolic Charge|p1a: \u90a3\u6211\u7f3a\u7684\u5636\u9e23\u8fd9\u4e00\u5757\u8c01\u7ed9\u6211\u8865\u554a\u267f\u267f\u267f|[spread] p1a,p1b\n|-damage|p1a: \u90a3\u6211\u7f3a\u7684\u5636\u9e23\u8fd9\u4e00\u5757\u8c01\u7ed9\u6211\u8865\u554a\u267f\u267f\u267f|62/100\n|-heal|p2b: Miraidon|35/100|[from] drain|[of] p1a: \u90a3\u6211\u7f3a\u7684\u5636\u9e23\u8fd9\u4e00\u5757\u8c01\u7ed9\u6211\u8865\u554a\u267f\u267f\u267f\n|-damage|p1b: \u70ab\u70ab\u70ab\u70ab\u70ab\u70ab\u70ab\u70ab\ud83d\udc36\ud83d\udc36\ud83d\udc36|24/100\n|-heal|p2b: Miraidon|49/100|[from] drain|[of] p1b: \u70ab\u70ab\u70ab\u70ab\u70ab\u70ab\u70ab\u70ab\ud83d\udc36\ud83d\udc36\ud83d\udc36\n|-damage|p2b: Miraidon|40/100|[from] item: Life Orb\n|\n|-heal|p1a: \u90a3\u6211\u7f3a\u7684\u5636\u9e23\u8fd9\u4e00\u5757\u8c01\u7ed9\u6211\u8865\u554a\u267f\u267f\u267f|68/100|[from] Grassy Terrain\n|-heal|p1b: \u70ab\u70ab\u70ab\u70ab\u70ab\u70ab\u70ab\u70ab\ud83d\udc36\ud83d\udc36\ud83d\udc36|30/100|[from] Grassy Terrain\n|-heal|p2b: Miraidon|46/100|[from] Grassy Terrain\n|upkeep\n|turn|9\n|\n|t:|1771677019\n|move|p1a: \u90a3\u6211\u7f3a\u7684\u5636\u9e23\u8fd9\u4e00\u5757\u8c01\u7ed9\u6211\u8865\u554a\u267f\u267f\u267f|Astral Barrage|p2b: Miraidon\n|-damage|p2b: Miraidon|0 fnt\n|faint|p2b: Miraidon\n|\n|win|BanKingambit69247\n|raw|BanKingambit69247's rating: 1302 &rarr; <strong>1326</strong><br />(+24 for winning)\n|raw|zebraschinge's rating: 1369 &rarr; <strong>1345</strong><br />(-24 for losing)\n|l|\u2606BanKingambit69247\n|player|p1|\n|l|\u2606zebraschinge\n|player|p2|\n","uploadtime":1771677282,"views":16,"formatid":"gen9vgc2026regi","rating":1326,"private":0,"password":null}