{"id":"gen9vgc2026regi-2527972771","format":"[Gen 9] VGC 2026 Reg I","players":["i\u2764\u5a1c\u7984forever","guozhi"],"log":"|j|\u2606i\u2764\u5a1c\u7984forever\n|j|\u2606guozhi\n|t:|1769607387\n|gametype|doubles\n|player|p1|i\u2764\u5a1c\u7984forever|youngcouple-gen4dp|1324\n|player|p2|guozhi|1|1445\n|gen|9\n|tier|[Gen 9] VGC 2026 Reg I\n|rated|\n|rule|Species Clause: Limit one of each Pok\u00e9mon\n|rule|Item Clause: Limit 1 of each item\n|clearpoke\n|poke|p1|Groudon, L50|\n|poke|p1|Kyurem-White, L50|\n|poke|p1|Heatran, L50, F|\n|poke|p1|Whimsicott, L50, M|\n|poke|p1|Roaring Moon, L50|\n|poke|p1|Ditto, L50|\n|poke|p2|Calyrex-Shadow, L50|\n|poke|p2|Smeargle, L50, M|\n|poke|p2|Urshifu-*, L50, M|\n|poke|p2|Tornadus, L50, M|\n|poke|p2|Kyogre, L50|\n|poke|p2|Indeedee-F, L50, F|\n|teampreview|4\n|inactive|Battle timer is ON: inactive players will automatically lose when time's up. (requested by guozhi)\n|\n|t:|1769607409\n|teamsize|p1|4\n|teamsize|p2|4\n|start\n|switch|p1a: Whimsicott|Whimsicott, L50, M|100/100\n|switch|p1b: Roaring Moon|Roaring Moon, L50|100/100\n|switch|p2a: Calyrex|Calyrex-Shadow, L50|100/100\n|switch|p2b: Smeargle|Smeargle, L50, M|100/100\n|-ability|p2a: Calyrex|As One\n|-ability|p2a: Calyrex|Unnerve\n|turn|1\n|inactive|i\u2764\u5a1c\u7984forever has 30 seconds left.\n|\n|t:|1769607438\n|-terastallize|p2a: Calyrex|Ghost\n|move|p2b: Smeargle|Fake Out|p1a: Whimsicott\n|-damage|p1a: Whimsicott|93/100\n|move|p1b: Roaring Moon|U-turn|p2b: Smeargle\n|-damage|p2b: Smeargle|38/100\n|\n|t:|1769607450\n|-end|p1b: Roaring Moon|Protosynthesis|[silent]\n|switch|p1b: Groudon|Groudon, L50|100/100|[from] U-turn\n|-weather|SunnyDay|[from] ability: Drought|[of] p1b: Groudon\n|move|p2a: Calyrex|Astral Barrage|p1b: Groudon|[spread] p1a,p1b\n|-damage|p1a: Whimsicott|0 fnt\n|-damage|p1b: Groudon|38/100\n|faint|p1a: Whimsicott\n|-ability|p2a: Calyrex|Grim Neigh|boost\n|-boost|p2a: Calyrex|spa|1\n|\n|-weather|SunnyDay|[upkeep]\n|-ability|p2b: Smeargle|Moody|boost\n|-boost|p2b: Smeargle|atk|2\n|-unboost|p2b: Smeargle|spd|1\n|upkeep\n|\n|t:|1769607461\n|switch|p1a: Roaring Moon|Roaring Moon, L50|100/100\n|-activate|p1a: Roaring Moon|ability: Protosynthesis\n|-start|p1a: Roaring Moon|protosynthesisatk\n|turn|2\n|j| dasabe\u76d6\u6b27\u5361\u4fa0\n|\n|t:|1769607474\n|move|p2b: Smeargle|Wide Guard|p2b: Smeargle\n|-singleturn|p2b: Smeargle|Wide Guard\n|move|p1a: Roaring Moon|Knock Off|p2a: Calyrex\n|-supereffective|p2a: Calyrex\n|-damage|p2a: Calyrex|0 fnt\n|-enditem|p2a: Calyrex|Choice Specs|[from] move: Knock Off|[of] p1a: Roaring Moon\n|faint|p2a: Calyrex\n|move|p1b: Groudon|Precipice Blades|p2b: Smeargle\n|-activate|p2b: Smeargle|move: Wide Guard\n|\n|-weather|SunnyDay|[upkeep]\n|-ability|p2b: Smeargle|Moody|boost\n|-boost|p2b: Smeargle|def|2\n|-unboost|p2b: Smeargle|spd|1\n|upkeep\n|\n|t:|1769607495\n|switch|p2a: Tornadus|Tornadus, L50, M|100/100\n|turn|3\n|inactive|guozhi has 30 seconds left.\n|\n|t:|1769607522\n|move|p2b: Smeargle|Follow Me|p2b: Smeargle\n|-singleturn|p2b: Smeargle|move: Follow Me\n|move|p1a: Roaring Moon|Knock Off|p2b: Smeargle\n|-damage|p2b: Smeargle|0 fnt\n|-enditem|p2b: Smeargle|Focus Sash|[from] move: Knock Off|[of] p1a: Roaring Moon\n|faint|p2b: Smeargle\n|move|p2a: Tornadus|Bleakwind Storm|p1a: Roaring Moon|[spread] p1a\n|-miss|p2a: Tornadus|p1b: Groudon\n|-damage|p1a: Roaring Moon|68/100\n|-unboost|p1a: Roaring Moon|spe|1\n|move|p1b: Groudon|Heat Crash|p2a: Tornadus\n|-damage|p2a: Tornadus|15/100\n|\n|-weather|SunnyDay|[upkeep]\n|upkeep\n|\n|t:|1769607537\n|switch|p2b: Kyogre|Kyogre, L50|100/100\n|-weather|RainDance|[from] ability: Drizzle|[of] p2b: Kyogre\n|-end|p1a: Roaring Moon|Protosynthesis\n|turn|4\n|\n|t:|1769607545\n|switch|p1b: Kyurem|Kyurem-White, L50|100/100\n|-ability|p1b: Kyurem|Turboblaze\n|move|p2a: Tornadus|Tailwind|p2a: Tornadus\n|-sidestart|p2: guozhi|move: Tailwind\n|move|p2b: Kyogre|Water Spout|p1b: Kyurem|[spread] p1a,p1b\n|-resisted|p1a: Roaring Moon\n|-resisted|p1b: Kyurem\n|-damage|p1a: Roaring Moon|16/100\n|-damage|p1b: Kyurem|49/100\n|move|p1a: Roaring Moon|Knock Off|p2b: Kyogre\n|-damage|p2b: Kyogre|44/100\n|-enditem|p2b: Kyogre|Mystic Water|[from] move: Knock Off|[of] p1a: Roaring Moon\n|\n|-weather|RainDance|[upkeep]\n|upkeep\n|turn|5\n|\n|t:|1769607566\n|-end|p1a: Roaring Moon|Protosynthesis|[silent]\n|switch|p1a: Groudon|Groudon, L50|38/100\n|-weather|SunnyDay|[from] ability: Drought|[of] p1a: Groudon\n|move|p2a: Tornadus|Bleakwind Storm|p1b: Kyurem|[spread] p1a,p1b\n|-damage|p1a: Groudon|15/100\n|-damage|p1b: Kyurem|23/100\n|move|p2b: Kyogre|Origin Pulse|p1a: Groudon|[spread] p1a,p1b\n|-supereffective|p1a: Groudon\n|-resisted|p1b: Kyurem\n|-damage|p1a: Groudon|0 fnt\n|-damage|p1b: Kyurem|13/100\n|faint|p1a: Groudon\n|move|p1b: Kyurem|Blizzard|p2b: Kyogre|[spread] p2a,p2b\n|-supereffective|p2a: Tornadus\n|-resisted|p2b: Kyogre\n|-damage|p2a: Tornadus|0 fnt\n|-damage|p2b: Kyogre|25/100\n|faint|p2a: Tornadus\n|\n|-weather|SunnyDay|[upkeep]\n|upkeep\n|-message|guozhi forfeited.\n|\n|win|i\u2764\u5a1c\u7984forever\n|raw|i\u2764\u5a1c\u7984forever's rating: 1324 &rarr; <strong>1351</strong><br />(+27 for winning)\n|raw|guozhi's rating: 1445 &rarr; <strong>1418</strong><br />(-27 for losing)\n|l|\u2606guozhi\n|player|p2|\n|l|\u2606i\u2764\u5a1c\u7984forever\n|player|p1|\n|l| dasabe\u76d6\u6b27\u5361\u4fa0\n","uploadtime":1769607761,"views":12,"formatid":"gen9vgc2026regi","rating":1351,"private":0,"password":null}