{"id":"gen9vgc2026regi-2577688803","format":"[Gen 9] VGC 2026 Reg I","players":["jd8erh","ZJESKIN"],"log":"|j|\u2606jd8erh\n|j|\u2606ZJESKIN\n|t:|1775596444\n|gametype|doubles\n|player|p1|jd8erh|101|1594\n|player|p2|ZJESKIN|101|1414\n|gen|9\n|tier|[Gen 9] VGC 2026 Reg I\n|rated|\n|rule|Species Clause: Limit one of each Pok\u00e9mon\n|rule|Item Clause: Limit 1 of each item\n|clearpoke\n|poke|p1|Calyrex-Ice, L50|\n|poke|p1|Miraidon, L50|\n|poke|p1|Incineroar, L50, M|\n|poke|p1|Farigiraf, L50, M|\n|poke|p1|Volcarona, L50, F|\n|poke|p1|Grimmsnarl, L50, M|\n|poke|p2|Kingambit, L50, F|\n|poke|p2|Kyogre, L50|\n|poke|p2|Rillaboom, L50, M|\n|poke|p2|Landorus, L50, M|\n|poke|p2|Zamazenta-*, L50|\n|poke|p2|Tornadus, L50, M|\n|teampreview|4\n|inactive|Battle timer is ON: inactive players will automatically lose when time's up. (requested by jd8erh)\njd8erh has agreed to open team sheets.\n|inactive|ZJESKIN has 60 seconds left.\n|inactive|ZJESKIN has 30 seconds left.\n|inactive|ZJESKIN has 20 seconds left.\n|\n|t:|1775596519\n|teamsize|p1|4\n|teamsize|p2|4\n|start\n|switch|p1a: Calyrex|Calyrex-Ice, L50|100/100\n|switch|p1b: Grimmsnarl|Grimmsnarl, L50, M|100/100\n|switch|p2a: Landorus|Landorus, L50, M|100/100\n|switch|p2b: Tornadus|Tornadus, L50, M|100/100\n|-ability|p1a: Calyrex|As One\n|-ability|p1a: Calyrex|Unnerve\n|turn|1\n|j| avnil0503\n|\n|t:|1775596540\n|switch|p2b: Zamazenta|Zamazenta-Crowned, L50, shiny|100/100\n|-ability|p2b: Zamazenta|Dauntless Shield|boost\n|-boost|p2b: Zamazenta|def|1\n|move|p2a: Landorus|Protect|p2a: Landorus\n|-singleturn|p2a: Landorus|Protect\n|move|p1b: Grimmsnarl|Light Screen|p1b: Grimmsnarl\n|-sidestart|p1: jd8erh|move: Light Screen\n|move|p1a: Calyrex|Glacial Lance|p2a: Landorus|[spread] p2b\n|-activate|p2a: Landorus|move: Protect\n|-resisted|p2b: Zamazenta\n|-damage|p2b: Zamazenta|88/100\n|\n|upkeep\n|turn|2\n|\n|t:|1775596554\n|move|p2b: Zamazenta|Wide Guard|p2b: Zamazenta\n|-singleturn|p2b: Zamazenta|Wide Guard\n|move|p1b: Grimmsnarl|Reflect|p1b: Grimmsnarl\n|-sidestart|p1: jd8erh|Reflect\n|move|p2a: Landorus|Sandsear Storm|p1a: Calyrex|[spread] p1a,p1b\n|-damage|p1a: Calyrex|75/100\n|-damage|p1b: Grimmsnarl|65/100\n|move|p1a: Calyrex|Glacial Lance|p2a: Landorus|[spread] \n|-activate|p2a: Landorus|move: Wide Guard\n|-activate|p2b: Zamazenta|move: Wide Guard\n|\n|-heal|p1a: Calyrex|81/100|[from] item: Leftovers\n|upkeep\n|turn|3\n|\n|t:|1775596568\n|-terastallize|p1a: Calyrex|Water\n|move|p2b: Zamazenta|Wide Guard|p2b: Zamazenta\n|-singleturn|p2b: Zamazenta|Wide Guard\n|move|p2a: Landorus|Sandsear Storm|p1a: Calyrex|[spread] p1a,p1b\n|-damage|p1a: Calyrex|56/100\n|-damage|p1b: Grimmsnarl|35/100\n|move|p1b: Grimmsnarl|Spirit Break|p2a: Landorus\n|-damage|p2a: Landorus|63/100\n|-unboost|p2a: Landorus|spa|1\n|move|p1a: Calyrex|Glacial Lance|p2a: Landorus|[spread] \n|-activate|p2a: Landorus|move: Wide Guard\n|-activate|p2b: Zamazenta|move: Wide Guard\n|\n|-heal|p1a: Calyrex|62/100|[from] item: Leftovers\n|upkeep\n|turn|4\n|\n|t:|1775596583\n|move|p2b: Zamazenta|Wide Guard|p2b: Zamazenta\n|-singleturn|p2b: Zamazenta|Wide Guard\n|move|p1b: Grimmsnarl|Thunder Wave|p2b: Zamazenta\n|-status|p2b: Zamazenta|par\n|move|p2a: Landorus|Sludge Bomb|p1b: Grimmsnarl\n|-supereffective|p1b: Grimmsnarl\n|-damage|p1b: Grimmsnarl|0 fnt\n|faint|p1b: Grimmsnarl\n|move|p1a: Calyrex|Glacial Lance|p2b: Zamazenta|[spread] \n|-activate|p2a: Landorus|move: Wide Guard\n|-activate|p2b: Zamazenta|move: Wide Guard\n|\n|-heal|p1a: Calyrex|68/100|[from] item: Leftovers\n|upkeep\n|\n|t:|1775596586\n|switch|p1b: Miraidon|Miraidon, L50|100/100\n|-fieldstart|move: Electric Terrain|[from] ability: Hadron Engine|[of] p1b: Miraidon\n|turn|5\n|\n|t:|1775596607\n|move|p2a: Landorus|Protect|p2a: Landorus\n|-singleturn|p2a: Landorus|Protect\n|move|p1b: Miraidon|Volt Switch|p2b: Zamazenta\n|-damage|p2b: Zamazenta|41/100 par\n|\n|t:|1775596612\n|switch|p1b: Farigiraf|Farigiraf, L50, M|100/100|[from] Volt Switch\n|-enditem|p1b: Farigiraf|Electric Seed\n|-boost|p1b: Farigiraf|def|1|[from] item: Electric Seed\n|cant|p2b: Zamazenta|par\n|move|p1a: Calyrex|Glacial Lance|p2a: Landorus|[spread] p2b\n|-activate|p2a: Landorus|move: Protect\n|-resisted|p2b: Zamazenta\n|-damage|p2b: Zamazenta|29/100 par\n|\n|-heal|p1a: Calyrex|73/100|[from] item: Leftovers\n|upkeep\n|turn|6\n|\n|t:|1775596627\n|switch|p2a: Tornadus|Tornadus, L50, M|100/100\n|cant|p2b: Zamazenta|par\n|move|p1b: Farigiraf|Psychic Noise|p2b: Zamazenta\n|-damage|p2b: Zamazenta|4/100 par\n|-start|p2b: Zamazenta|move: Heal Block\n|move|p1a: Calyrex|Glacial Lance|p2b: Zamazenta|[spread] p2a,p2b\n|-supereffective|p2a: Tornadus\n|-resisted|p2b: Zamazenta\n|-damage|p2a: Tornadus|0 fnt\n|-damage|p2b: Zamazenta|0 fnt\n|faint|p2a: Tornadus\n|faint|p2b: Zamazenta\n|-ability|p1a: Calyrex|Chilling Neigh|boost\n|-boost|p1a: Calyrex|atk|2\n|\n|-heal|p1a: Calyrex|79/100|[from] item: Leftovers\n|upkeep\n|\n|t:|1775596635\n|switch|p2b: Landorus|Landorus, L50, M|63/100\n|switch|p2a: Kyogre|Kyogre, L50, shiny|100/100\n|-weather|RainDance|[from] ability: Drizzle|[of] p2a: Kyogre\n|turn|7\n|\n|t:|1775596643\n|-terastallize|p2a: Kyogre|Water\n|move|p1b: Farigiraf|Helping Hand|p1a: Calyrex\n|-singleturn|p1a: Calyrex|Helping Hand|[of] p1b: Farigiraf\n|move|p2a: Kyogre|Water Spout|p1b: Farigiraf|[spread] p1a,p1b\n|-resisted|p1a: Calyrex\n|-damage|p1a: Calyrex|54/100\n|-damage|p1b: Farigiraf|21/100\n|move|p2b: Landorus|Sandsear Storm|p1a: Calyrex|[spread] p1a,p1b\n|-damage|p1a: Calyrex|31/100\n|-damage|p1b: Farigiraf|0 fnt\n|faint|p1b: Farigiraf\n|move|p1a: Calyrex|Glacial Lance|p2b: Landorus|[spread] p2a,p2b\n|-resisted|p2a: Kyogre\n|-supereffective|p2b: Landorus\n|-damage|p2a: Kyogre|9/100\n|-damage|p2b: Landorus|0 fnt\n|faint|p2b: Landorus\n|-ability|p1a: Calyrex|Chilling Neigh|boost\n|-boost|p1a: Calyrex|atk|1\n|\n|-weather|RainDance|[upkeep]\n|-heal|p1a: Calyrex|37/100|[from] item: Leftovers\n|upkeep\n|\n|t:|1775596649\n|switch|p1b: Miraidon|Miraidon, L50|100/100\n|-activate|p1b: Miraidon|ability: Hadron Engine\n|turn|8\n|-message|ZJESKIN forfeited.\n|\n|win|jd8erh\n|raw|jd8erh's rating: 1594 &rarr; <strong>1604</strong><br />(+10 for winning)\n|raw|ZJESKIN's rating: 1414 &rarr; <strong>1404</strong><br />(-10 for losing)\n|l|\u2606ZJESKIN\n|player|p2|\n|l|\u2606jd8erh\n|player|p1|\n|l| avnil0503\n","uploadtime":1775596842,"views":12,"formatid":"gen9vgc2026regi","rating":1404,"private":0,"password":null}