{"id":"gen9vgc2026regi-2544715162","format":"[Gen 9] VGC 2026 Reg I","players":["EllenJoe2026","Lei43"],"log":"|j|\u203dEllenJoe2026\n|j|\u2606Lei43\n|t:|1771744741\n|gametype|doubles\n|player|p1|EllenJoe2026|iono|1409\n|player|p2|Lei43|169|1438\n|gen|9\n|tier|[Gen 9] VGC 2026 Reg I\n|rated|\n|rule|Species Clause: Limit one of each Pok\u00e9mon\n|rule|Item Clause: Limit 1 of each item\n|clearpoke\n|poke|p1|Calyrex-Shadow, L50|\n|poke|p1|Zamazenta-*, L50|\n|poke|p1|Chien-Pao, L50|\n|poke|p1|Dragonite, L50, M|\n|poke|p1|Amoonguss, L50, M|\n|poke|p1|Ogerpon-Cornerstone, L50, F|\n|poke|p2|Miraidon, L50|\n|poke|p2|Calyrex-Ice, L50|\n|poke|p2|Urshifu-*, L50, F|\n|poke|p2|Volcarona, L50, M|\n|poke|p2|Rillaboom, L50, M|\n|poke|p2|Incineroar, L50, M|\n|teampreview|4\n|inactive|Battle timer is ON: inactive players will automatically lose when time's up. (requested by EllenJoe2026)\n|inactive|EllenJoe2026 has 60 seconds left.\n|\n|t:|1771744779\n|teamsize|p1|4\n|teamsize|p2|4\n|start\n|switch|p1a: Dragonite|Dragonite, L50, M|100/100\n|switch|p1b: Chien-Pao|Chien-Pao, L50|100/100\n|switch|p2a: Miraidon|Miraidon, L50, shiny|100/100\n|switch|p2b: Calyrex|Calyrex-Ice, L50|100/100\n|-ability|p2b: Calyrex|As One\n|-ability|p2b: Calyrex|Unnerve\n|-fieldstart|move: Electric Terrain|[from] ability: Hadron Engine|[of] p2a: Miraidon\n|-ability|p1b: Chien-Pao|Sword of Ruin\n|turn|1\n|\n|t:|1771744793\n|switch|p2a: Incineroar|Incineroar, L50, M|100/100\n|-ability|p2a: Incineroar|Intimidate|boost\n|-fail|p1a: Dragonite|unboost|Attack|[from] ability: Inner Focus|[of] p1a: Dragonite\n|-unboost|p1b: Chien-Pao|atk|1\n|switch|p2b: Volcarona|Volcarona, L50, M|100/100\n|-enditem|p2b: Volcarona|Electric Seed\n|-boost|p2b: Volcarona|def|1|[from] item: Electric Seed\n|-terastallize|p1a: Dragonite|Normal\n|move|p1a: Dragonite|Extreme Speed|p2a: Incineroar\n|-damage|p2a: Incineroar|18/100\n|move|p1b: Chien-Pao|Sucker Punch||[still]\n|-fail|p1b: Chien-Pao\n|\n|upkeep\n|turn|2\n|inactive|Lei43 has 30 seconds left.\n|\n|t:|1771744822\n|move|p2a: Incineroar|Fake Out|p1b: Chien-Pao\n|-crit|p1b: Chien-Pao\n|-damage|p1b: Chien-Pao|78/100\n|move|p1a: Dragonite|Extreme Speed|p2a: Incineroar\n|-damage|p2a: Incineroar|0 fnt\n|faint|p2a: Incineroar\n|cant|p1b: Chien-Pao|flinch\n|move|p2b: Volcarona|Quiver Dance|p2b: Volcarona\n|-boost|p2b: Volcarona|spa|1\n|-boost|p2b: Volcarona|spd|1\n|-boost|p2b: Volcarona|spe|1\n|\n|upkeep\n|\n|t:|1771744836\n|switch|p2a: Calyrex|Calyrex-Ice, L50|100/100\n|-ability|p2a: Calyrex|As One\n|-ability|p2a: Calyrex|Unnerve\n|turn|3\n|\n|t:|1771744845\n|move|p1a: Dragonite|Extreme Speed|p2a: Calyrex\n|-damage|p2a: Calyrex|53/100\n|move|p2b: Volcarona|Fiery Dance|p1b: Chien-Pao\n|-supereffective|p1b: Chien-Pao\n|-damage|p1b: Chien-Pao|0 fnt\n|faint|p1b: Chien-Pao\n|move|p2a: Calyrex|Leech Seed|p1a: Dragonite|[miss]\n|-miss|p2a: Calyrex|p1a: Dragonite\n|\n|-heal|p2a: Calyrex|58/100|[from] item: Leftovers\n|upkeep\n|\n|t:|1771744857\n|switch|p1b: Calyrex|Calyrex-Shadow, L50|100/100\n|-ability|p1b: Calyrex|As One\n|-ability|p1b: Calyrex|Unnerve\n|turn|4\n|\n|t:|1771744879\n|move|p2a: Calyrex|Protect|p2a: Calyrex\n|-singleturn|p2a: Calyrex|Protect\n|move|p1a: Dragonite|Extreme Speed|p2b: Volcarona\n|-damage|p2b: Volcarona|48/100\n|move|p2b: Volcarona|Fiery Dance|p1b: Calyrex\n|-damage|p1b: Calyrex|41/100\n|move|p1b: Calyrex|Astral Barrage|p2b: Volcarona|[spread] p2b\n|-activate|p2a: Calyrex|move: Protect\n|-damage|p2b: Volcarona|16/100\n|\n|-heal|p2a: Calyrex|64/100|[from] item: Leftovers\n|upkeep\n|turn|5\n|inactive|EllenJoe2026 has 30 seconds left.\n|inactive|EllenJoe2026 has 20 seconds left.\n|inactive|Lei43 has 30 seconds left.\n|\n|t:|1771744916\n|-terastallize|p2a: Calyrex|Fire\n|move|p1a: Dragonite|Extreme Speed|p2b: Volcarona\n|-damage|p2b: Volcarona|0 fnt\n|faint|p2b: Volcarona\n|move|p1b: Calyrex|Astral Barrage|p2a: Calyrex\n|-damage|p2a: Calyrex|25/100\n|move|p2a: Calyrex|Glacial Lance|p1a: Dragonite|[spread] p1a,p1b\n|-damage|p1a: Dragonite|54/100\n|-damage|p1b: Calyrex|0 fnt\n|faint|p1b: Calyrex\n|-ability|p2a: Calyrex|Chilling Neigh|boost\n|-boost|p2a: Calyrex|atk|1\n|\n|-heal|p2a: Calyrex|31/100|[from] item: Leftovers\n|-fieldend|move: Electric Terrain\n|upkeep\n|\n|t:|1771744930\n|switch|p1b: Zamazenta|Zamazenta-Crowned, L50|100/100\n|switch|p2b: Miraidon|Miraidon, L50, shiny|100/100\n|-fieldstart|move: Electric Terrain|[from] ability: Hadron Engine|[of] p2b: Miraidon\n|-ability|p1b: Zamazenta|Dauntless Shield|boost\n|-boost|p1b: Zamazenta|def|1\n|turn|6\n|inactive|Lei43 has 30 seconds left.\n|\n|t:|1771744964\n|move|p1a: Dragonite|Extreme Speed|p2b: Miraidon\n|-damage|p2b: Miraidon|32/100\n|move|p2b: Miraidon|Electro Drift|p1a: Dragonite\n|-damage|p1a: Dragonite|0 fnt\n|faint|p1a: Dragonite\n|move|p1b: Zamazenta|Body Press|p2b: Miraidon\n|-damage|p2b: Miraidon|0 fnt\n|faint|p2b: Miraidon\n|move|p2a: Calyrex|Leech Seed|p1b: Zamazenta|[miss]\n|-miss|p2a: Calyrex|p1b: Zamazenta\n|\n|-heal|p2a: Calyrex|37/100|[from] item: Leftovers\n|upkeep\n|turn|7\n|\n|t:|1771744979\n|move|p2a: Calyrex|Protect|p2a: Calyrex\n|-singleturn|p2a: Calyrex|Protect\n|move|p1b: Zamazenta|Body Press|p2a: Calyrex\n|-activate|p2a: Calyrex|move: Protect\n|\n|-heal|p2a: Calyrex|43/100|[from] item: Leftovers\n|upkeep\n|turn|8\n|\n|t:|1771744985\n|move|p1b: Zamazenta|Body Press|p2a: Calyrex\n|-damage|p2a: Calyrex|6/100\n|move|p2a: Calyrex|Leech Seed|p1b: Zamazenta\n|-start|p1b: Zamazenta|move: Leech Seed\n|\n|-heal|p2a: Calyrex|12/100|[from] item: Leftovers\n|-damage|p1b: Zamazenta|88/100|[from] Leech Seed|[of] p2a: Calyrex\n|-heal|p2a: Calyrex|24/100|[silent]\n|upkeep\n|turn|9\n|\n|t:|1771744991\n|move|p2a: Calyrex|Protect|p2a: Calyrex\n|-singleturn|p2a: Calyrex|Protect\n|move|p1b: Zamazenta|Body Press|p2a: Calyrex\n|-activate|p2a: Calyrex|move: Protect\n|\n|-heal|p2a: Calyrex|29/100|[from] item: Leftovers\n|-damage|p1b: Zamazenta|76/100|[from] Leech Seed|[of] p2a: Calyrex\n|-heal|p2a: Calyrex|41/100|[silent]\n|upkeep\n|turn|10\n|\n|t:|1771745010\n|move|p1b: Zamazenta|Body Press|p2a: Calyrex\n|-damage|p2a: Calyrex|6/100\n|move|p2a: Calyrex|Glacial Lance|p1b: Zamazenta\n|-resisted|p1b: Zamazenta\n|-damage|p1b: Zamazenta|56/100\n|\n|-heal|p2a: Calyrex|12/100|[from] item: Leftovers\n|-damage|p1b: Zamazenta|44/100|[from] Leech Seed|[of] p2a: Calyrex\n|-heal|p2a: Calyrex|23/100|[silent]\n|-fieldend|move: Electric Terrain\n|upkeep\n|turn|11\n|\n|t:|1771745022\n|move|p2a: Calyrex|Protect|p2a: Calyrex\n|-singleturn|p2a: Calyrex|Protect\n|move|p1b: Zamazenta|Body Press|p2a: Calyrex\n|-activate|p2a: Calyrex|move: Protect\n|\n|-heal|p2a: Calyrex|29/100|[from] item: Leftovers\n|-damage|p1b: Zamazenta|31/100|[from] Leech Seed|[of] p2a: Calyrex\n|-heal|p2a: Calyrex|41/100|[silent]\n|upkeep\n|turn|12\n|\n|t:|1771745033\n|move|p1b: Zamazenta|Body Press|p2a: Calyrex\n|-damage|p2a: Calyrex|2/100\n|move|p2a: Calyrex|Glacial Lance|p1b: Zamazenta\n|-resisted|p1b: Zamazenta\n|-damage|p1b: Zamazenta|14/100\n|\n|-heal|p2a: Calyrex|8/100|[from] item: Leftovers\n|-damage|p1b: Zamazenta|2/100|[from] Leech Seed|[of] p2a: Calyrex\n|-heal|p2a: Calyrex|20/100|[silent]\n|upkeep\n|turn|13\n|-message|EllenJoe2026 forfeited.\n|\n|win|Lei43\n|raw|EllenJoe2026's rating: 1409 &rarr; <strong>1391</strong><br />(-18 for losing)\n|raw|Lei43's rating: 1438 &rarr; <strong>1456</strong><br />(+18 for winning)\n|l|\u203dEllenJoe2026\n|player|p1|\n|l|\u2606Lei43\n|player|p2|\n","uploadtime":1771745194,"views":15,"formatid":"gen9vgc2026regi","rating":1391,"private":0,"password":null}