{"id":"gen9vgc2026regi-2547540630","format":"[Gen 9] VGC 2026 Reg I","players":["tdea","blackred123"],"log":"|j|\u2606tdea\n|j|\u2606blackred123\n|t:|1772105851\n|gametype|doubles\n|player|p1|tdea|veteran|1559\n|player|p2|blackred123|iono-masters|1479\n|gen|9\n|tier|[Gen 9] VGC 2026 Reg I\n|rated|\n|rule|Species Clause: Limit one of each Pok\u00e9mon\n|rule|Item Clause: Limit 1 of each item\n|clearpoke\n|poke|p1|Rillaboom, L50, M|\n|poke|p1|Calyrex-Shadow, L50|\n|poke|p1|Clefairy, L50, F|\n|poke|p1|Urshifu-*, L50, F|\n|poke|p1|Tornadus, L50, M|\n|poke|p1|Zamazenta-*, L50|\n|poke|p2|Calyrex-Shadow, L50|\n|poke|p2|Zamazenta-*, L50|\n|poke|p2|Chien-Pao, L50|\n|poke|p2|Dragonite, L50, M|\n|poke|p2|Amoonguss, L50, F|\n|poke|p2|Ogerpon-Cornerstone, L50, F|\n|teampreview|4\n|inactive|Battle timer is ON: inactive players will automatically lose when time's up. (requested by tdea)\n|inactive|blackred123 also wants the timer to be on.\n|\n|t:|1772105875\n|teamsize|p1|4\n|teamsize|p2|4\n|start\n|switch|p1a: Zamazenta|Zamazenta-Crowned, L50|100/100\n|switch|p1b: Tornadus|Tornadus, L50, M|100/100\n|switch|p2a: Zamazenta|Zamazenta-Crowned, L50|100/100\n|switch|p2b: Chien-Pao|Chien-Pao, L50|100/100\n|-ability|p2b: Chien-Pao|Sword of Ruin\n|-ability|p2a: Zamazenta|Dauntless Shield|boost\n|-boost|p2a: Zamazenta|def|1\n|-ability|p1a: Zamazenta|Dauntless Shield|boost\n|-boost|p1a: Zamazenta|def|1\n|turn|1\n|inactive|blackred123 has 30 seconds left.\n|\n|t:|1772105908\n|-terastallize|p2a: Zamazenta|Dragon\n|move|p1b: Tornadus|Tailwind|p1b: Tornadus\n|-sidestart|p1: tdea|move: Tailwind\n|move|p1a: Zamazenta|Imprison|p1a: Zamazenta\n|-start|p1a: Zamazenta|move: Imprison\n|move|p2b: Chien-Pao|Ice Spinner|p1b: Tornadus\n|-supereffective|p1b: Tornadus\n|-damage|p1b: Tornadus|19/100\n|cant|p2a: Zamazenta|move: Imprison|Body Press\n|\n|upkeep\n|turn|2\n|\n|t:|1772105928\n|switch|p2b: Dragonite|Dragonite, L50, M|100/100\n|move|p1a: Zamazenta|Heavy Slam|p2b: Dragonite\n|-damage|p2b: Dragonite|70/100\n|move|p1b: Tornadus|Bleakwind Storm|p2b: Dragonite|[spread] p2a,p2b\n|-damage|p2a: Zamazenta|78/100\n|-damage|p2b: Dragonite|42/100\n|-unboost|p2b: Dragonite|spe|1\n|move|p2a: Zamazenta|Behemoth Bash|p1b: Tornadus\n|-damage|p1b: Tornadus|0 fnt\n|faint|p1b: Tornadus\n|\n|upkeep\n|\n|t:|1772105944\n|switch|p1b: Calyrex|Calyrex-Shadow, L50|100/100\n|-ability|p1b: Calyrex|As One\n|-ability|p1b: Calyrex|Unnerve\n|turn|3\n|\n|t:|1772105956\n|move|p2a: Zamazenta|Wide Guard|p2a: Zamazenta\n|-singleturn|p2a: Zamazenta|Wide Guard\n|move|p1b: Calyrex|Astral Barrage|p2a: Zamazenta|[spread] \n|-activate|p2a: Zamazenta|move: Wide Guard\n|-activate|p2b: Dragonite|move: Wide Guard\n|move|p1a: Zamazenta|Body Press|p2a: Zamazenta\n|-damage|p2a: Zamazenta|51/100\n|move|p2b: Dragonite|Low Kick|p1a: Zamazenta\n|-supereffective|p1a: Zamazenta\n|-damage|p1a: Zamazenta|48/100\n|\n|upkeep\n|turn|4\n|inactive|blackred123 has 30 seconds left.\n|\n|t:|1772105984\n|move|p1b: Calyrex|Psychic|p2b: Dragonite\n|-damage|p2b: Dragonite|0 fnt\n|faint|p2b: Dragonite\n|-ability|p1b: Calyrex|Grim Neigh|boost\n|-boost|p1b: Calyrex|spa|1\n|-damage|p1b: Calyrex|91/100|[from] item: Life Orb\n|move|p1a: Zamazenta|Body Press|p2a: Zamazenta\n|-damage|p2a: Zamazenta|26/100\n|move|p2a: Zamazenta|Behemoth Bash|p1b: Calyrex\n|-crit|p1b: Calyrex\n|-damage|p1b: Calyrex|38/100\n|\n|-sideend|p1: tdea|move: Tailwind\n|upkeep\n|\n|t:|1772106004\n|switch|p2b: Calyrex|Calyrex-Shadow, L50|100/100\n|-ability|p2b: Calyrex|As One\n|-ability|p2b: Calyrex|Unnerve\n|turn|5\n|\n|t:|1772106025\n|-terastallize|p1b: Calyrex|Dark\n|move|p2a: Zamazenta|Wide Guard|p2a: Zamazenta\n|-singleturn|p2a: Zamazenta|Wide Guard\n|move|p2b: Calyrex|Encore|p1a: Zamazenta\n|-start|p1a: Zamazenta|Encore\n|move|p1b: Calyrex|Psychic|p2b: Calyrex\n|-resisted|p2b: Calyrex\n|-damage|p2b: Calyrex|52/100\n|-damage|p1b: Calyrex|29/100|[from] item: Life Orb\n|move|p1a: Zamazenta|Body Press|p2b: Calyrex\n|-immune|p2b: Calyrex\n|\n|upkeep\n|turn|6\n|inactive|tdea has 30 seconds left.\n|\n|t:|1772106051\n|move|p2a: Zamazenta|Wide Guard|p2a: Zamazenta\n|-singleturn|p2a: Zamazenta|Wide Guard\n|move|p2b: Calyrex|Astral Barrage|p1a: Zamazenta|[spread] p1a,p1b\n|-resisted|p1b: Calyrex\n|-damage|p1a: Zamazenta|8/100\n|-damage|p1b: Calyrex|3/100\n|move|p1b: Calyrex|Astral Barrage|p2b: Calyrex|[spread] \n|-activate|p2a: Zamazenta|move: Wide Guard\n|-activate|p2b: Calyrex|move: Wide Guard\n|move|p1a: Zamazenta|Body Press|p2a: Zamazenta\n|-damage|p2a: Zamazenta|0 fnt\n|faint|p2a: Zamazenta\n|\n|upkeep\n|\n|t:|1772106062\n|switch|p2a: Chien-Pao|Chien-Pao, L50|100/100\n|-ability|p2a: Chien-Pao|Sword of Ruin\n|turn|7\n|\n|t:|1772106072\n|move|p1b: Calyrex|Protect|p1b: Calyrex\n|-singleturn|p1b: Calyrex|Protect\n|move|p2a: Chien-Pao|Sucker Punch||[still]\n|-fail|p2a: Chien-Pao\n|move|p2b: Calyrex|Astral Barrage|p1a: Zamazenta|[spread] p1a\n|-activate|p1b: Calyrex|move: Protect\n|-damage|p1a: Zamazenta|0 fnt\n|faint|p1a: Zamazenta\n|-ability|p2b: Calyrex|Grim Neigh|boost\n|-boost|p2b: Calyrex|spa|1\n|\n|upkeep\n|\n|t:|1772106078\n|switch|p1a: Urshifu|Urshifu-Rapid-Strike, L50, F|100/100\n|turn|8\n|\n|t:|1772106093\n|move|p2a: Chien-Pao|Sucker Punch|p1b: Calyrex\n|-resisted|p1b: Calyrex\n|-damage|p1b: Calyrex|0 fnt\n|faint|p1b: Calyrex\n|move|p1a: Urshifu|Aqua Jet|p2b: Calyrex\n|-damage|p2b: Calyrex|0 fnt\n|faint|p2b: Calyrex\n|\n|upkeep\n|turn|9\n|\n|t:|1772106106\n|move|p1a: Urshifu|Aqua Jet|p2a: Chien-Pao\n|-damage|p2a: Chien-Pao|67/100\n|move|p2a: Chien-Pao|Ruination|p1a: Urshifu\n|-damage|p1a: Urshifu|50/100\n|\n|upkeep\n|turn|10\n|\n|t:|1772106118\n|move|p1a: Urshifu|Aqua Jet|p2a: Chien-Pao\n|-damage|p2a: Chien-Pao|30/100\n|move|p2a: Chien-Pao|Ruination|p1a: Urshifu\n|-damage|p1a: Urshifu|26/100\n|\n|upkeep\n|turn|11\n|\n|t:|1772106125\n|move|p1a: Urshifu|Aqua Jet|p2a: Chien-Pao\n|-damage|p2a: Chien-Pao|0 fnt\n|faint|p2a: Chien-Pao\n|\n|win|tdea\n|raw|tdea's rating: 1559 &rarr; <strong>1574</strong><br />(+15 for winning)\n|raw|blackred123's rating: 1479 &rarr; <strong>1464</strong><br />(-15 for losing)\n|l|\u2606tdea\n|player|p1|\n|l|\u2606blackred123\n|player|p2|\n","uploadtime":1772106311,"views":15,"formatid":"gen9vgc2026regi","rating":1464,"private":0,"password":null}