{"id":"gen9vgc2026regi-2567579402","format":"[Gen 9] VGC 2026 Reg I","players":["fennel_strawborzoi","terafireflareblitz"],"log":"|j|\u2606fennel_strawborzoi\n|j|\u2606terafireflareblitz\n|t:|1774490081\n|gametype|doubles\n|player|p1|fennel_strawborzoi|cynthia-gen4|1442\n|player|p2|terafireflareblitz|sycamore|1554\n|gen|9\n|tier|[Gen 9] VGC 2026 Reg I\n|rated|\n|rule|Species Clause: Limit one of each Pok\u00e9mon\n|rule|Item Clause: Limit 1 of each item\n|clearpoke\n|poke|p1|Calyrex-Shadow, L50|\n|poke|p1|Zamazenta-*, L50|\n|poke|p1|Chien-Pao, L50|\n|poke|p1|Dragonite, L50, M|\n|poke|p1|Raging Bolt, L50|\n|poke|p1|Amoonguss, L50, M|\n|poke|p2|Koraidon, L50|\n|poke|p2|Lunala, L50|\n|poke|p2|Indeedee-F, L50, F|\n|poke|p2|Flutter Mane, L50|\n|poke|p2|Volcarona, L50, M|\n|poke|p2|Ursaluna, L50, M|\n|teampreview|4\n|inactive|Battle timer is ON: inactive players will automatically lose when time's up. (requested by terafireflareblitz)\n|inactive|fennel_strawborzoi has 60 seconds left.\n|\n|t:|1774490126\n|teamsize|p1|4\n|teamsize|p2|4\n|start\n|switch|p1a: Zamazenta|Zamazenta-Crowned, L50|100/100\n|switch|p1b: Chien-Pao|Chien-Pao, L50|100/100\n|switch|p2a: Lunala|Lunala, L50, shiny|100/100\n|switch|p2b: Indeedee|Indeedee-F, L50, F|100/100\n|-ability|p1b: Chien-Pao|Sword of Ruin\n|-ability|p1a: Zamazenta|Dauntless Shield|boost\n|-boost|p1a: Zamazenta|def|1\n|-fieldstart|move: Psychic Terrain|[from] ability: Psychic Surge|[of] p2b: Indeedee\n|turn|1\n|\n|t:|1774490139\n|switch|p2b: Volcarona|Volcarona, L50, M|100/100\n|move|p1b: Chien-Pao|Ice Spinner|p2a: Lunala\n|-damage|p2a: Lunala|81/100\n|-fieldend|move: Psychic Terrain\n|move|p1a: Zamazenta|Body Press|p2b: Volcarona\n|-resisted|p2b: Volcarona\n|-damage|p2b: Volcarona|60/100\n|-damage|p1a: Zamazenta|84/100|[from] item: Rocky Helmet|[of] p2b: Volcarona\n|-status|p1a: Zamazenta|brn|[from] ability: Flame Body|[of] p2b: Volcarona\n|move|p2a: Lunala|Meteor Beam||[still]\n|-prepare|p2a: Lunala|Meteor Beam\n|-boost|p2a: Lunala|spa|1\n|-enditem|p2a: Lunala|Power Herb\n|-anim|p2a: Lunala|Meteor Beam|p1b: Chien-Pao|[miss]\n|-miss|p2a: Lunala|p1b: Chien-Pao\n|\n|-damage|p1a: Zamazenta|78/100 brn|[from] brn\n|upkeep\n|turn|2\n|inactive|fennel_strawborzoi has 30 seconds left.\n|\n|t:|1774490166\n|-terastallize|p2a: Lunala|Water\n|move|p1a: Zamazenta|Wide Guard|p1a: Zamazenta\n|-singleturn|p1a: Zamazenta|Wide Guard\n|move|p1b: Chien-Pao|Ruination|p2a: Lunala|[miss]\n|-miss|p1b: Chien-Pao|p2a: Lunala\n|move|p2a: Lunala|Moongeist Beam|p1b: Chien-Pao\n|-resisted|p1b: Chien-Pao\n|-crit|p1b: Chien-Pao\n|-damage|p1b: Chien-Pao|39/100\n|move|p2b: Volcarona|Struggle Bug|p1a: Zamazenta|[spread] \n|-activate|p1a: Zamazenta|move: Wide Guard\n|-activate|p1b: Chien-Pao|move: Wide Guard\n|\n|-damage|p1a: Zamazenta|72/100 brn|[from] brn\n|upkeep\n|turn|3\n|\n|t:|1774490183\n|move|p1b: Chien-Pao|Ruination|p2a: Lunala\n|-damage|p2a: Lunala|41/100\n|move|p1a: Zamazenta|Body Press|p2a: Lunala\n|-damage|p2a: Lunala|1/100\n|move|p2a: Lunala|Moongeist Beam|p1b: Chien-Pao\n|-resisted|p1b: Chien-Pao\n|-damage|p1b: Chien-Pao|0 fnt\n|faint|p1b: Chien-Pao\n|move|p2b: Volcarona|Tailwind|p2b: Volcarona\n|-sidestart|p2: terafireflareblitz|move: Tailwind\n|\n|-damage|p1a: Zamazenta|66/100 brn|[from] brn\n|upkeep\n|\n|t:|1774490199\n|switch|p1b: Calyrex|Calyrex-Shadow, L50|100/100\n|-ability|p1b: Calyrex|As One\n|-ability|p1b: Calyrex|Unnerve\n|turn|4\n|\n|t:|1774490209\n|move|p2b: Volcarona|Rage Powder|p2b: Volcarona\n|-singleturn|p2b: Volcarona|move: Rage Powder\n|move|p2a: Lunala|Moongeist Beam|p1b: Calyrex\n|-supereffective|p1b: Calyrex\n|-enditem|p1b: Calyrex|Focus Sash\n|-damage|p1b: Calyrex|1/100\n|move|p1b: Calyrex|Psychic|p2b: Volcarona\n|-damage|p2b: Volcarona|18/100\n|move|p1a: Zamazenta|Body Press|p2b: Volcarona\n|-resisted|p2b: Volcarona\n|-damage|p2b: Volcarona|1/100\n|-damage|p1a: Zamazenta|50/100 brn|[from] item: Rocky Helmet|[of] p2b: Volcarona\n|\n|-damage|p1a: Zamazenta|44/100 brn|[from] brn\n|upkeep\n|turn|5\n|\n|t:|1774490225\n|move|p1b: Calyrex|Protect|p1b: Calyrex\n|-singleturn|p1b: Calyrex|Protect\n|move|p2a: Lunala|Moongeist Beam|p1a: Zamazenta\n|-damage|p1a: Zamazenta|0 fnt\n|faint|p1a: Zamazenta\n|move|p2b: Volcarona|Struggle Bug|p1b: Calyrex\n|-activate|p1b: Calyrex|move: Protect\n|\n|upkeep\n|\n|t:|1774490231\n|switch|p1a: Dragonite|Dragonite, L50, M|100/100\n|turn|6\n|\n|t:|1774490236\n|switch|p2b: Indeedee|Indeedee-F, L50, F|100/100\n|-fieldstart|move: Psychic Terrain|[from] ability: Psychic Surge|[of] p2b: Indeedee\n|move|p1b: Calyrex|Protect|p1b: Calyrex\n|-singleturn|p1b: Calyrex|Protect\n|move|p2a: Lunala|Expanding Force|p1a: Dragonite|[spread] p1a\n|-activate|p1b: Calyrex|move: Protect\n|-crit|p1a: Dragonite\n|-damage|p1a: Dragonite|0 fnt\n|faint|p1a: Dragonite\n|\n|-sideend|p2: terafireflareblitz|move: Tailwind\n|upkeep\n|turn|7\n|-message|fennel_strawborzoi forfeited.\n|\n|win|terafireflareblitz\n|raw|fennel_strawborzoi's rating: 1442 &rarr; <strong>1428</strong><br />(-14 for losing)\n|raw|terafireflareblitz's rating: 1554 &rarr; <strong>1568</strong><br />(+14 for winning)\n","uploadtime":1774490242,"views":11,"formatid":"gen9vgc2026regi","rating":1428,"private":0,"password":null}