{"id":"gen9vgc2026regi-2541371704","format":"[Gen 9] VGC 2026 Reg I","players":["klanes1209","j0l0k0"],"log":"|j|\u2606klanes1209\n|j|\u2606j0l0k0\n|t:|1771325599\n|gametype|doubles\n|player|p1|klanes1209|265|1317\n|player|p2|j0l0k0|brycen|1372\n|gen|9\n|tier|[Gen 9] VGC 2026 Reg I\n|rated|\n|rule|Species Clause: Limit one of each Pok\u00e9mon\n|rule|Item Clause: Limit 1 of each item\n|clearpoke\n|poke|p1|Tornadus, L50, M|\n|poke|p1|Chi-Yu, L50|\n|poke|p1|Zacian-*, L50|\n|poke|p1|Walking Wake, L50|\n|poke|p1|Clefairy, L50, M|\n|poke|p1|Koraidon, L50|\n|poke|p2|Calyrex-Ice, L50|\n|poke|p2|Kyogre, L50|\n|poke|p2|Indeedee-F, L50, F|\n|poke|p2|Urshifu-*, L50, F|\n|poke|p2|Amoonguss, L50, F|\n|poke|p2|Landorus, L50, M|\n|teampreview|4\n|inactive|Battle timer is ON: inactive players will automatically lose when time's up. (requested by j0l0k0)\n|inactive|klanes1209 has 60 seconds left.\n|\n|t:|1771325641\n|teamsize|p1|4\n|teamsize|p2|4\n|start\n|switch|p1a: Walking Wake|Walking Wake, L50|100/100\n|switch|p1b: Zacian|Zacian-Crowned, L50|100/100\n|switch|p2a: Indeedee|Indeedee-F, L50, F, shiny|100/100\n|switch|p2b: Calyrex|Calyrex-Ice, L50|100/100\n|-ability|p2b: Calyrex|As One\n|-ability|p2b: Calyrex|Unnerve\n|-ability|p1b: Zacian|Intrepid Sword|boost\n|-boost|p1b: Zacian|atk|1\n|-fieldstart|move: Psychic Terrain|[from] ability: Psychic Surge|[of] p2a: Indeedee\n|turn|1\n|\n|t:|1771325666\n|-end|p1a: Walking Wake|Protosynthesis|[silent]\n|switch|p1a: Koraidon|Koraidon, L50|100/100\n|-weather|SunnyDay|[from] ability: Orichalcum Pulse|[of] p1a: Koraidon\n|-activate|p1a: Koraidon|Orichalcum Pulse|[source]\n|move|p2a: Indeedee|Follow Me|p2a: Indeedee\n|-singleturn|p2a: Indeedee|move: Follow Me\n|move|p1b: Zacian|Behemoth Blade|p2a: Indeedee\n|-damage|p2a: Indeedee|10/100\n|move|p2b: Calyrex|Trick Room|p2b: Calyrex\n|-fieldstart|move: Trick Room|[of] p2b: Calyrex\n|\n|-weather|SunnyDay|[upkeep]\n|upkeep\n|turn|2\n|inactive|klanes1209 has 30 seconds left.\n|\n|t:|1771325692\n|-terastallize|p1a: Koraidon|Fire\n|move|p1b: Zacian|Protect|p1b: Zacian\n|-singleturn|p1b: Zacian|Protect\n|move|p2a: Indeedee|Follow Me|p2a: Indeedee\n|-singleturn|p2a: Indeedee|move: Follow Me\n|move|p2b: Calyrex|Glacial Lance|p1a: Koraidon|[spread] p1a\n|-activate|p1b: Zacian|move: Protect\n|-resisted|p1a: Koraidon\n|-damage|p1a: Koraidon|79/100\n|move|p1a: Koraidon|Substitute|p1a: Koraidon\n|-start|p1a: Koraidon|Substitute\n|-damage|p1a: Koraidon|55/100\n|\n|-weather|SunnyDay|[upkeep]\n|upkeep\n|turn|3\n|inactive|j0l0k0 has 30 seconds left.\n|\n|t:|1771325719\n|move|p2a: Indeedee|Helping Hand|p2b: Calyrex\n|-singleturn|p2b: Calyrex|Helping Hand|[of] p2a: Indeedee\n|move|p1a: Koraidon|Protect|p1a: Koraidon\n|-singleturn|p1a: Koraidon|Protect\n|move|p2b: Calyrex|Glacial Lance|p1b: Zacian|[spread] p1b\n|-activate|p1a: Koraidon|move: Protect\n|-resisted|p1b: Zacian\n|-damage|p1b: Zacian|62/100\n|move|p1b: Zacian|Behemoth Blade|p2b: Calyrex\n|-supereffective|p2b: Calyrex\n|-crit|p2b: Calyrex\n|-damage|p2b: Calyrex|0 fnt\n|faint|p2b: Calyrex\n|\n|-weather|SunnyDay|[upkeep]\n|upkeep\n|\n|t:|1771325728\n|switch|p2b: Kyogre|Kyogre, L50, shiny|100/100\n|-weather|RainDance|[from] ability: Drizzle|[of] p2b: Kyogre\n|turn|4\n|\n|t:|1771325752\n|move|p1b: Zacian|Protect|p1b: Zacian\n|-singleturn|p1b: Zacian|Protect\n|move|p2a: Indeedee|Follow Me|p2a: Indeedee\n|-singleturn|p2a: Indeedee|move: Follow Me\n|move|p2b: Kyogre|Water Spout|p1b: Zacian|[spread] p1a\n|-activate|p1b: Zacian|move: Protect\n|-supereffective|p1a: Koraidon\n|-end|p1a: Koraidon|Substitute\n|move|p1a: Koraidon|Collision Course|p2a: Indeedee\n|-damage|p2a: Indeedee|0 fnt\n|faint|p2a: Indeedee\n|\n|-weather|RainDance|[upkeep]\n|upkeep\n|\n|t:|1771325763\n|switch|p2a: Landorus|Landorus, L50, M, shiny|100/100\n|turn|5\n|\n|t:|1771325778\n|switch|p1a: Walking Wake|Walking Wake, L50|100/100\n|switch|p1b: Clefairy|Clefairy, L50, M|100/100\n|move|p2a: Landorus|Sandsear Storm|p1a: Walking Wake|[spread] p1a,p1b\n|-damage|p1a: Walking Wake|43/100\n|-damage|p1b: Clefairy|46/100\n|move|p2b: Kyogre|Water Spout|p1b: Clefairy|[spread] p1a,p1b\n|-resisted|p1a: Walking Wake\n|-damage|p1a: Walking Wake|18/100\n|-damage|p1b: Clefairy|0 fnt\n|faint|p1b: Clefairy\n|\n|-weather|RainDance|[upkeep]\n|-fieldend|move: Trick Room\n|-fieldend|move: Psychic Terrain\n|upkeep\n|\n|t:|1771325783\n|switch|p1b: Koraidon|Koraidon, L50, tera:Fire|55/100\n|-weather|SunnyDay|[from] ability: Orichalcum Pulse|[of] p1b: Koraidon\n|-activate|p1a: Walking Wake|ability: Protosynthesis\n|-start|p1a: Walking Wake|protosynthesisspe\n|-activate|p1b: Koraidon|Orichalcum Pulse|[source]\n|turn|6\n|\n|t:|1771325801\n|-terastallize|p2a: Landorus|Steel\n|move|p1a: Walking Wake|Hydro Steam|p2a: Landorus\n|-damage|p2a: Landorus|30/100\n|move|p1b: Koraidon|Collision Course|p2b: Kyogre\n|-damage|p2b: Kyogre|29/100\n|move|p2b: Kyogre|Hydro Pump|p1b: Koraidon\n|-supereffective|p1b: Koraidon\n|-damage|p1b: Koraidon|0 fnt\n|faint|p1b: Koraidon\n|move|p2a: Landorus|Sandsear Storm|p1a: Walking Wake\n|-damage|p1a: Walking Wake|0 fnt\n|faint|p1a: Walking Wake\n|-end|p1a: Walking Wake|Protosynthesis|[silent]\n|\n|-weather|SunnyDay|[upkeep]\n|upkeep\n|\n|t:|1771325814\n|switch|p1a: Zacian|Zacian-Crowned, L50|62/100\n|turn|7\n|\n|t:|1771325822\n|move|p1a: Zacian|Behemoth Blade|p2a: Landorus\n|-resisted|p2a: Landorus\n|-damage|p2a: Landorus|0 fnt\n|faint|p2a: Landorus\n|move|p2b: Kyogre|Hydro Pump|p1a: Zacian\n|-damage|p1a: Zacian|32/100\n|\n|-weather|SunnyDay|[upkeep]\n|upkeep\n|turn|8\n|\n|t:|1771325830\n|move|p1a: Zacian|Solar Blade||[still]\n|-prepare|p1a: Zacian|Solar Blade\n|-anim|p1a: Zacian|Solar Blade|p2b: Kyogre\n|-supereffective|p2b: Kyogre\n|-damage|p2b: Kyogre|0 fnt\n|faint|p2b: Kyogre\n|\n|win|klanes1209\n|raw|klanes1209's rating: 1317 &rarr; <strong>1340</strong><br />(+23 for winning)\n|raw|j0l0k0's rating: 1372 &rarr; <strong>1349</strong><br />(-23 for losing)\n|l|\u2606klanes1209\n|player|p1|\n|c|\u2606j0l0k0|ggwp\n|l|\u2606j0l0k0\n|player|p2|\n","uploadtime":1771326076,"views":11,"formatid":"gen9vgc2026regi","rating":1340,"private":0,"password":null}