{"id":"gen9vgc2026regi-2587720927","format":"[Gen 9] VGC 2026 Reg I","players":["BenSon_A27_Zong","mudpoop"],"log":"|j|\u2606BenSon_A27_Zong\n|j|\u2606mudpoop\n|t:|1776557282\n|gametype|doubles\n|player|p1|BenSon_A27_Zong|bugsy|1267\n|player|p2|mudpoop|101|1296\n|gen|9\n|tier|[Gen 9] VGC 2026 Reg I\n|rated|\n|rule|Species Clause: Limit one of each Pok\u00e9mon\n|rule|Item Clause: Limit 1 of each item\n|clearpoke\n|poke|p1|Muk-Alola, L50, M|\n|poke|p1|Flamigo, L50, F|\n|poke|p1|Miraidon, L50|\n|poke|p1|Calyrex-Shadow, L50|\n|poke|p1|Indeedee, L50, M|\n|poke|p1|Smeargle, L50, F|\n|poke|p2|Clefairy, L50, F|\n|poke|p2|Necrozma-Dawn-Wings, L50|\n|poke|p2|Stonjourner, L50, F|\n|poke|p2|Whimsicott, L50, M|\n|poke|p2|Indeedee-F, L50, F|\n|poke|p2|Calyrex-Shadow, L50|\n|teampreview|4\n|inactive|Battle timer is ON: inactive players will automatically lose when time's up. (requested by BenSon_A27_Zong)\n|inactive|BenSon_A27_Zong has 60 seconds left.\n|inactive|mudpoop has 60 seconds left.\n|inactive|mudpoop has 30 seconds left.\n|inactive|mudpoop has 20 seconds left.\n|inactive|mudpoop has 15 seconds left.\n|inactive|mudpoop has 10 seconds left.\n|inactive|mudpoop has 5 seconds left.\n|\n|t:|1776557368\n|teamsize|p1|4\n|teamsize|p2|4\n|start\n|switch|p1a: Smeargle|Smeargle, L50, F|100/100\n|switch|p1b: Indeedee|Indeedee, L50, M|100/100\n|switch|p2a: Whimsicott|Whimsicott, L50, M|100/100\n|switch|p2b: Necrozma|Necrozma-Dawn-Wings, L50|100/100\n|-fieldstart|move: Psychic Terrain|[from] ability: Psychic Surge|[of] p1b: Indeedee\n|turn|1\n|inactive|mudpoop has 30 seconds left.\n|inactive|mudpoop has 20 seconds left.\n|inactive|mudpoop has 15 seconds left.\n|inactive|mudpoop has 10 seconds left.\n|\n|t:|1776557416\n|move|p2a: Whimsicott|Tailwind|p2a: Whimsicott\n|-sidestart|p2: mudpoop|move: Tailwind\n|move|p2b: Necrozma|Expanding Force|p1a: Smeargle|[spread] p1a,p1b\n|-resisted|p1b: Indeedee\n|-enditem|p1a: Smeargle|Focus Sash\n|-damage|p1a: Smeargle|1/100\n|-damage|p1b: Indeedee|56/100\n|move|p1a: Smeargle|Spore|p2b: Necrozma\n|-status|p2b: Necrozma|slp|[from] move: Spore\n|move|p1b: Indeedee|Expanding Force|p2b: Necrozma|[spread] p2a,p2b\n|-resisted|p2b: Necrozma\n|-damage|p2a: Whimsicott|0 fnt\n|-damage|p2b: Necrozma|71/100 slp\n|faint|p2a: Whimsicott\n|\n|-ability|p1a: Smeargle|Moody|boost\n|-boost|p1a: Smeargle|def|2\n|-unboost|p1a: Smeargle|spa|1\n|upkeep\n|inactive|mudpoop has 30 seconds left.\n|inactive|mudpoop has 20 seconds left.\n|inactive|mudpoop has 15 seconds left.\n|\n|t:|1776557457\n|switch|p2a: Calyrex|Calyrex-Shadow, L50|100/100\n|-ability|p2a: Calyrex|As One\n|-ability|p2a: Calyrex|Unnerve\n|turn|2\n|inactive|mudpoop has 30 seconds left.\n|\n|t:|1776557486\n|switch|p1b: Muk|Muk-Alola, L50, M|100/100\n|move|p2a: Calyrex|Expanding Force|p1a: Smeargle|[spread] p1a\n|-immune|p1b: Muk\n|-damage|p1a: Smeargle|0 fnt\n|faint|p1a: Smeargle\n|-ability|p1b: Muk|Moody|Power of Alchemy|[from] ability: Power of Alchemy|[of] p1a: Smeargle\n|-ability|p2a: Calyrex|Grim Neigh|boost\n|-boost|p2a: Calyrex|spa|1\n|cant|p2b: Necrozma|slp\n|\n|-ability|p1b: Muk|Moody|boost\n|-boost|p1b: Muk|def|2\n|-unboost|p1b: Muk|spa|1\n|upkeep\n|\n|t:|1776557492\n|switch|p1a: Indeedee|Indeedee, L50, M|56/100\n|turn|3\n|inactive|mudpoop has 30 seconds left.\n|\n|t:|1776557527\n|move|p2a: Calyrex|Expanding Force|p1a: Indeedee|[spread] p1a\n|-immune|p1b: Muk\n|-resisted|p1a: Indeedee\n|-damage|p1a: Indeedee|0 fnt\n|faint|p1a: Indeedee\n|-ability|p2a: Calyrex|Grim Neigh|boost\n|-boost|p2a: Calyrex|spa|1\n|cant|p2b: Necrozma|slp\n|move|p1b: Muk|Minimize|p1b: Muk\n|-boost|p1b: Muk|evasion|2\n|\n|-ability|p1b: Muk|Moody|boost\n|-boost|p1b: Muk|spa|2\n|-unboost|p1b: Muk|def|1\n|upkeep\n|\n|t:|1776557532\n|switch|p1a: Flamigo|Flamigo, L50, F|100/100\n|-copyboost|p1a: Flamigo|p1b: Muk|[from] ability: Costar\n|turn|4\n|inactive|mudpoop has 30 seconds left.\n|inactive|mudpoop has 20 seconds left.\n|inactive|mudpoop has 15 seconds left.\n|inactive|mudpoop has 10 seconds left.\n|\n|t:|1776557582\n|switch|p2a: Stonjourner|Stonjourner, L50, F, shiny|100/100\n|-curestatus|p2b: Necrozma|slp|[msg]\n|move|p2b: Necrozma|Prismatic Laser|p1a: Flamigo\n|-supereffective|p1a: Flamigo\n|-damage|p1a: Flamigo|0 fnt\n|-mustrecharge|p2b: Necrozma\n|faint|p1a: Flamigo\n|move|p1b: Muk|Minimize|p1b: Muk\n|-boost|p1b: Muk|evasion|2\n|\n|-sideend|p2: mudpoop|move: Tailwind\n|-ability|p1b: Muk|Moody|boost\n|-boost|p1b: Muk|spa|2\n|-unboost|p1b: Muk|atk|1\n|upkeep\n|turn|5\n|\n|t:|1776557604\n|move|p1b: Muk|Protect|p1b: Muk\n|-singleturn|p1b: Muk|Protect\n|cant|p2b: Necrozma|recharge\n|move|p2a: Stonjourner|Body Press|p1b: Muk\n|-activate|p1b: Muk|move: Protect\n|\n|-fieldend|move: Psychic Terrain\n|-ability|p1b: Muk|Moody|boost\n|-boost|p1b: Muk|spa|2\n|-unboost|p1b: Muk|def|1\n|upkeep\n|turn|6\n|inactive|mudpoop has 30 seconds left.\n|inactive|mudpoop has 20 seconds left.\n|inactive|mudpoop has 15 seconds left.\n|\n|t:|1776557649\n|-terastallize|p2b: Necrozma|Normal\n|move|p2a: Stonjourner|Wide Guard|p2a: Stonjourner\n|-singleturn|p2a: Stonjourner|Wide Guard\n|move|p2b: Necrozma|Meteor Beam||[still]\n|-prepare|p2b: Necrozma|Meteor Beam\n|-boost|p2b: Necrozma|spa|1\n|-enditem|p2b: Necrozma|Power Herb\n|-anim|p2b: Necrozma|Meteor Beam|p1b: Muk|[miss]\n|-miss|p2b: Necrozma|p1b: Muk\n|move|p1b: Muk|Minimize|p1b: Muk\n|-boost|p1b: Muk|evasion|2\n|\n|-ability|p1b: Muk|Moody|boost\n|-boost|p1b: Muk|spd|2\n|-unboost|p1b: Muk|spe|1\n|upkeep\n|turn|7\n|inactive|mudpoop has 30 seconds left.\n|\n|t:|1776557677\n|switch|p2a: Calyrex|Calyrex-Shadow, L50|100/100\n|-ability|p2a: Calyrex|As One\n|-ability|p2a: Calyrex|Unnerve\n|move|p2b: Necrozma|Moongeist Beam|p1b: Muk|[miss]\n|-miss|p2b: Necrozma|p1b: Muk\n|move|p1b: Muk|Poison Jab|p2b: Necrozma\n|-damage|p2b: Necrozma|56/100\n|-status|p2b: Necrozma|psn\n|\n|-damage|p2b: Necrozma|44/100 psn|[from] psn\n|-ability|p1b: Muk|Moody|boost\n|-boost|p1b: Muk|spd|2\n|-unboost|p1b: Muk|spe|1\n|upkeep\n|turn|8\n|inactive|mudpoop has 30 seconds left.\n|\n|t:|1776557706\n|move|p2a: Calyrex|Trick|p1b: Muk|[miss]\n|-miss|p2a: Calyrex|p1b: Muk\n|move|p2b: Necrozma|Moongeist Beam|p1b: Muk\n|-resisted|p1b: Muk\n|-damage|p1b: Muk|88/100\n|move|p1b: Muk|Poison Jab|p2a: Calyrex\n|-resisted|p2a: Calyrex\n|-damage|p2a: Calyrex|89/100\n|\n|-heal|p1b: Muk|94/100|[from] item: Leftovers\n|-damage|p2b: Necrozma|32/100 psn|[from] psn\n|-ability|p1b: Muk|Moody|boost\n|-boost|p1b: Muk|spd|2\n|-unboost|p1b: Muk|spe|1\n|upkeep\n|turn|9\n|\n|t:|1776557731\n|switch|p2b: Stonjourner|Stonjourner, L50, F, shiny|100/100\n|move|p2a: Calyrex|Trick|p1b: Muk|[miss]\n|-miss|p2a: Calyrex|p1b: Muk\n|move|p1b: Muk|Poison Jab|p2a: Calyrex\n|-resisted|p2a: Calyrex\n|-damage|p2a: Calyrex|75/100\n|\n|-heal|p1b: Muk|99/100|[from] item: Leftovers\n|-ability|p1b: Muk|Moody|boost\n|-boost|p1b: Muk|atk|2\n|-unboost|p1b: Muk|spa|1\n|upkeep\n|turn|10\n|\n|t:|1776557747\n|move|p2a: Calyrex|Trick|p1b: Muk|[miss]\n|-miss|p2a: Calyrex|p1b: Muk\n|move|p2b: Stonjourner|Body Press|p1b: Muk\n|-damage|p1b: Muk|74/100\n|move|p1b: Muk|Poison Jab|p2a: Calyrex\n|-resisted|p2a: Calyrex\n|-damage|p2a: Calyrex|50/100\n|\n|-heal|p1b: Muk|80/100|[from] item: Leftovers\n|-ability|p1b: Muk|Moody|boost\n|-boost|p1b: Muk|spe|2\n|-unboost|p1b: Muk|spd|1\n|upkeep\n|turn|11\n|\n|t:|1776557761\n|move|p2a: Calyrex|Trick|p1b: Muk|[miss]\n|-miss|p2a: Calyrex|p1b: Muk\n|move|p2b: Stonjourner|Body Press|p1b: Muk|[miss]\n|-miss|p2b: Stonjourner|p1b: Muk\n|move|p1b: Muk|Poison Jab|p2a: Calyrex\n|-resisted|p2a: Calyrex\n|-damage|p2a: Calyrex|23/100\n|-status|p2a: Calyrex|psn\n|\n|-heal|p1b: Muk|86/100|[from] item: Leftovers\n|-damage|p2a: Calyrex|10/100 psn|[from] psn\n|-ability|p1b: Muk|Moody|boost\n|-boost|p1b: Muk|spd|1\n|-unboost|p1b: Muk|spa|1\n|upkeep\n|turn|12\n|\n|t:|1776557785\n|move|p1b: Muk|Protect|p1b: Muk\n|-singleturn|p1b: Muk|Protect\n|move|p2a: Calyrex|Trick|p1b: Muk\n|-activate|p1b: Muk|move: Protect\n|move|p2b: Stonjourner|Body Press|p1b: Muk\n|-activate|p1b: Muk|move: Protect\n|\n|-heal|p1b: Muk|92/100|[from] item: Leftovers\n|-damage|p2a: Calyrex|0 fnt|[from] psn\n|faint|p2a: Calyrex\n|-ability|p1b: Muk|Moody|boost\n|-boost|p1b: Muk|spe|2\n|-unboost|p1b: Muk|atk|1\n|upkeep\n|\n|t:|1776557799\n|switch|p2a: Necrozma|Necrozma-Dawn-Wings, L50, tera:Normal|32/100 psn\n|turn|13\n|\n|t:|1776557808\n|move|p1b: Muk|Poison Jab|p2a: Necrozma\n|-damage|p2a: Necrozma|9/100 psn\n|move|p2a: Necrozma|Moongeist Beam|p1b: Muk|[miss]\n|-miss|p2a: Necrozma|p1b: Muk\n|move|p2b: Stonjourner|Body Press|p1b: Muk|[miss]\n|-miss|p2b: Stonjourner|p1b: Muk\n|\n|-heal|p1b: Muk|98/100|[from] item: Leftovers\n|-damage|p2a: Necrozma|0 fnt|[from] psn\n|faint|p2a: Necrozma\n|-ability|p1b: Muk|Moody|boost\n|-boost|p1b: Muk|def|2\n|-unboost|p1b: Muk|atk|1\n|upkeep\n|turn|14\n|inactive|mudpoop has 30 seconds left.\n|\n|t:|1776557831\n|move|p2b: Stonjourner|Protect|p2b: Stonjourner\n|-singleturn|p2b: Stonjourner|Protect\n|move|p1b: Muk|Poison Jab|p2b: Stonjourner\n|-activate|p2b: Stonjourner|move: Protect\n|\n|-heal|p1b: Muk|100/100|[from] item: Leftovers\n|-ability|p1b: Muk|Moody|boost\n|-boost|p1b: Muk|spa|2\n|-unboost|p1b: Muk|spe|1\n|upkeep\n|turn|15\n|inactive|mudpoop has 25 seconds left this turn.\n|inactive|mudpoop has 20 seconds left.\n|inactive|mudpoop has 15 seconds left.\n|\n|t:|1776557845\n|move|p2b: Stonjourner|Body Press|p1b: Muk\n|-damage|p1b: Muk|89/100\n|move|p1b: Muk|Poison Jab|p2b: Stonjourner\n|-resisted|p2b: Stonjourner\n|-damage|p2b: Stonjourner|95/100\n|\n|-heal|p1b: Muk|95/100|[from] item: Leftovers\n|-ability|p1b: Muk|Moody|boost\n|-boost|p1b: Muk|def|2\n|-unboost|p1b: Muk|atk|1\n|upkeep\n|turn|16\n|inactive|mudpoop has 15 seconds left this turn.\n|inactive|mudpoop has 10 seconds left.\n|\n|t:|1776557855\n|move|p2b: Stonjourner|Protect|p2b: Stonjourner\n|-singleturn|p2b: Stonjourner|Protect\n|move|p1b: Muk|Poison Jab|p2b: Stonjourner\n|-activate|p2b: Stonjourner|move: Protect\n|\n|-heal|p1b: Muk|100/100|[from] item: Leftovers\n|-ability|p1b: Muk|Moody|boost\n|-boost|p1b: Muk|atk|2\n|-unboost|p1b: Muk|spa|1\n|upkeep\n|turn|17\n|inactive|mudpoop has 10 seconds left this turn.\n|inactive|mudpoop has 5 seconds left.\n|-message|mudpoop lost due to inactivity.\n|\n|win|BenSon_A27_Zong\n|raw|BenSon_A27_Zong's rating: 1267 &rarr; <strong>1294</strong><br />(+27 for winning)\n|raw|mudpoop's rating: 1296 &rarr; <strong>1269</strong><br />(-27 for losing)\n|l|\u2606BenSon_A27_Zong\n|player|p1|\n|c|\u2606mudpoop|gg\n|l|\u2606mudpoop\n|player|p2|\n","uploadtime":1776558042,"views":6,"formatid":"gen9vgc2026regi","rating":1269,"private":0,"password":null}