{"id":"gen9vgc2026regi-2559968148","format":"[Gen 9] VGC 2026 Reg I","players":["slimeslatt252","sheeshshane925"],"log":"|j|\u2606slimeslatt252\n|j|\u2606sheeshshane925\n|t:|1773629700\n|gametype|doubles\n|player|p1|slimeslatt252|170|1371\n|player|p2|sheeshshane925|chuck|1383\n|gen|9\n|tier|[Gen 9] VGC 2026 Reg I\n|rated|\n|rule|Species Clause: Limit one of each Pok\u00e9mon\n|rule|Item Clause: Limit 1 of each item\n|clearpoke\n|poke|p1|Miraidon, L50|\n|poke|p1|Calyrex-Ice, L50|\n|poke|p1|Amoonguss, L50, F|\n|poke|p1|Incineroar, L50, M|\n|poke|p1|Urshifu-*, L50, F|\n|poke|p1|Landorus, L50, M|\n|poke|p2|Calyrex-Ice, L50|\n|poke|p2|Miraidon, L50|\n|poke|p2|Farigiraf, L50, F|\n|poke|p2|Iron Hands, L50|\n|poke|p2|Scraggy, L50, F|\n|poke|p2|Iron Bundle, L50|\n|teampreview|4\n|inactive|Battle timer is ON: inactive players will automatically lose when time's up. (requested by slimeslatt252)\n|inactive|sheeshshane925 has 60 seconds left.\n|\n|t:|1773629739\n|teamsize|p1|4\n|teamsize|p2|4\n|start\n|switch|p1a: Calyrex|Calyrex-Ice, L50|100/100\n|switch|p1b: Incineroar|Incineroar, L50, M|100/100\n|switch|p2a: Miraidon|Miraidon, L50, shiny|100/100\n|switch|p2b: Iron Bundle|Iron Bundle, L50|100/100\n|-ability|p1a: Calyrex|As One\n|-ability|p1a: Calyrex|Unnerve\n|-fieldstart|move: Electric Terrain|[from] ability: Hadron Engine|[of] p2a: Miraidon\n|-activate|p2b: Iron Bundle|ability: Quark Drive\n|-start|p2b: Iron Bundle|quarkdrivespe\n|-ability|p1b: Incineroar|Intimidate|boost\n|-unboost|p2a: Miraidon|atk|1\n|-unboost|p2b: Iron Bundle|atk|1\n|turn|1\n|inactive|sheeshshane925 has 30 seconds left.\n|\n|t:|1773629770\n|-end|p2b: Iron Bundle|Quark Drive|[silent]\n|switch|p2b: Calyrex|Calyrex-Ice, L50|100/100\n|-ability|p2b: Calyrex|As One\n|-ability|p2b: Calyrex|Unnerve\n|switch|p2a: Scraggy|Scraggy, L50, F|100/100\n|-ability|p2a: Scraggy|Intimidate|boost\n|-fail|p1a: Calyrex|unboost|[from] item: Clear Amulet|[of] p1a: Calyrex\n|-unboost|p1b: Incineroar|atk|1\n|move|p1b: Incineroar|Flare Blitz|p2a: Scraggy\n|-damage|p2a: Scraggy|71/100\n|-damage|p1b: Incineroar|94/100|[from] Recoil\n|move|p1a: Calyrex|Glacial Lance|p2a: Scraggy|[spread] p2a,p2b\n|-resisted|p2b: Calyrex\n|-damage|p2a: Scraggy|18/100\n|-damage|p2b: Calyrex|83/100\n|\n|upkeep\n|turn|2\n|inactive|sheeshshane925 has 30 seconds left.\n|\n|t:|1773629804\n|-terastallize|p2b: Calyrex|Fire\n|move|p2a: Scraggy|Fake Out|p1a: Calyrex\n|-damage|p1a: Calyrex|96/100\n|move|p1b: Incineroar|Knock Off|p2b: Calyrex\n|-damage|p2b: Calyrex|67/100\n|-enditem|p2b: Calyrex|Clear Amulet|[from] move: Knock Off|[of] p1b: Incineroar\n|cant|p1a: Calyrex|flinch\n|move|p2b: Calyrex|High Horsepower|p1b: Incineroar\n|-supereffective|p1b: Incineroar\n|-damage|p1b: Incineroar|28/100\n|\n|upkeep\n|turn|3\n|j| wrtwgr\n|l| wrtwgr\n|inactive|slimeslatt252 has 30 seconds left.\n|inactive|sheeshshane925 has 30 seconds left.\n|\n|t:|1773629837\n|switch|p2a: Iron Bundle|Iron Bundle, L50|100/100\n|-activate|p2a: Iron Bundle|ability: Quark Drive\n|-start|p2a: Iron Bundle|quarkdrivespe\n|move|p1b: Incineroar|Knock Off|p2b: Calyrex\n|-damage|p2b: Calyrex|57/100\n|move|p1a: Calyrex|Glacial Lance|p2a: Iron Bundle|[spread] p2a,p2b\n|-resisted|p2a: Iron Bundle\n|-resisted|p2b: Calyrex\n|-damage|p2a: Iron Bundle|82/100\n|-damage|p2b: Calyrex|39/100\n|move|p2b: Calyrex|Trick Room|p2b: Calyrex\n|-fieldstart|move: Trick Room|[of] p2b: Calyrex\n|\n|upkeep\n|turn|4\n|\n|t:|1773629857\n|move|p2b: Calyrex|Protect|p2b: Calyrex\n|-singleturn|p2b: Calyrex|Protect\n|move|p1a: Calyrex|High Horsepower|p2b: Calyrex\n|-activate|p2b: Calyrex|move: Protect\n|move|p1b: Incineroar|Knock Off|p2a: Iron Bundle\n|-damage|p2a: Iron Bundle|49/100\n|-enditem|p2a: Iron Bundle|Focus Sash|[from] move: Knock Off|[of] p1b: Incineroar\n|move|p2a: Iron Bundle|Freeze-Dry|p1b: Incineroar\n|-resisted|p1b: Incineroar\n|-damage|p1b: Incineroar|17/100\n|\n|upkeep\n|turn|5\n|-message|sheeshshane925 forfeited.\n|\n|win|slimeslatt252\n|raw|slimeslatt252's rating: 1371 &rarr; <strong>1392</strong><br />(+21 for winning)\n|raw|sheeshshane925's rating: 1383 &rarr; <strong>1362</strong><br />(-21 for losing)\n|l|\u2606sheeshshane925\n|player|p2|\n|c|\u2606slimeslatt252|?\n|l|\u2606slimeslatt252\n|player|p1|\n","uploadtime":1773630096,"views":11,"formatid":"gen9vgc2026regi","rating":1362,"private":0,"password":null}