{"id":"gen9vgc2026regi-2555880489","format":"[Gen 9] VGC 2026 Reg I","players":["therollercoaster","ryo8989"],"log":"|j|\u2606therollercoaster\n|j|\u2606ryo8989\n|t:|1773148205\n|gametype|doubles\n|player|p1|therollercoaster|cynthia|1310\n|player|p2|ryo8989|erika|1326\n|gen|9\n|tier|[Gen 9] VGC 2026 Reg I\n|rated|\n|rule|Species Clause: Limit one of each Pok\u00e9mon\n|rule|Item Clause: Limit 1 of each item\n|clearpoke\n|poke|p1|Tornadus, L50, M|\n|poke|p1|Kyogre, L50|\n|poke|p1|Urshifu-*, L50, M|\n|poke|p1|Miraidon, L50|\n|poke|p1|Farigiraf, L50, M|\n|poke|p1|Archaludon, L50, M|\n|poke|p2|Calyrex-Shadow, L50|\n|poke|p2|Rillaboom, L50, F|\n|poke|p2|Incineroar, L50, F|\n|poke|p2|Clefairy, L50, F|\n|poke|p2|Koraidon, L50|\n|poke|p2|Flutter Mane, L50|\n|teampreview|4\n|\n|t:|1773148278\n|teamsize|p1|4\n|teamsize|p2|4\n|start\n|switch|p1a: Tornadus|Tornadus, L50, M|100/100\n|switch|p1b: Kyogre|Kyogre, L50|100/100\n|switch|p2a: Calyrex|Calyrex-Shadow, L50|100/100\n|switch|p2b: Rillaboom|Rillaboom, L50, F|100/100\n|-ability|p2a: Calyrex|As One\n|-ability|p2a: Calyrex|Unnerve\n|-fieldstart|move: Grassy Terrain|[from] ability: Grassy Surge|[of] p2b: Rillaboom\n|-weather|RainDance|[from] ability: Drizzle|[of] p1b: Kyogre\n|turn|1\n|\n|t:|1773148302\n|move|p1b: Kyogre|Protect|p1b: Kyogre\n|-singleturn|p1b: Kyogre|Protect\n|move|p2b: Rillaboom|Fake Out|p1b: Kyogre\n|-activate|p1b: Kyogre|move: Protect\n|move|p2a: Calyrex|Astral Barrage|p1a: Tornadus|[spread] p1a\n|-activate|p1b: Kyogre|move: Protect\n|-damage|p1a: Tornadus|24/100\n|-damage|p2a: Calyrex|91/100|[from] item: Life Orb\n|move|p1a: Tornadus|Bleakwind Storm|p2a: Calyrex|[spread] p2a,p2b\n|-supereffective|p2b: Rillaboom\n|-damage|p2a: Calyrex|59/100\n|-damage|p2b: Rillaboom|59/100\n|\n|-weather|RainDance|[upkeep]\n|-heal|p2a: Calyrex|65/100|[from] Grassy Terrain\n|-heal|p2b: Rillaboom|65/100|[from] Grassy Terrain\n|upkeep\n|turn|2\n|inactive|Battle timer is ON: inactive players will automatically lose when time's up. (requested by therollercoaster)\n|inactive|therollercoaster has 60 seconds left.\n|\n|t:|1773148336\n|switch|p2b: Koraidon|Koraidon, L50|100/100\n|-weather|SunnyDay|[from] ability: Orichalcum Pulse|[of] p2b: Koraidon\n|-activate|p2b: Koraidon|Orichalcum Pulse|[source]\n|-terastallize|p1b: Kyogre|Grass\n|move|p1a: Tornadus|Tailwind|p1a: Tornadus\n|-sidestart|p1: therollercoaster|move: Tailwind\n|move|p1b: Kyogre|Origin Pulse|p2a: Calyrex|[spread] p2b\n|-miss|p1b: Kyogre|p2a: Calyrex\n|-resisted|p2b: Koraidon\n|-damage|p2b: Koraidon|90/100\n|move|p2a: Calyrex|Astral Barrage|p1b: Kyogre|[spread] p1a,p1b\n|-damage|p1a: Tornadus|0 fnt\n|-damage|p1b: Kyogre|49/100\n|faint|p1a: Tornadus\n|-ability|p2a: Calyrex|Grim Neigh|boost\n|-boost|p2a: Calyrex|spa|1\n|-damage|p2a: Calyrex|56/100|[from] item: Life Orb\n|\n|-weather|SunnyDay|[upkeep]\n|-heal|p1b: Kyogre|55/100|[from] Grassy Terrain\n|-heal|p1b: Kyogre|60/100|[from] item: Leftovers\n|-heal|p2a: Calyrex|62/100|[from] Grassy Terrain\n|-heal|p2b: Koraidon|96/100|[from] Grassy Terrain\n|upkeep\n|\n|t:|1773148355\n|switch|p1a: Miraidon|Miraidon, L50|100/100\n|-fieldstart|move: Electric Terrain|[from] ability: Hadron Engine|[of] p1a: Miraidon\n|turn|3\n|\n|t:|1773148374\n|switch|p2b: Rillaboom|Rillaboom, L50, F|65/100\n|-fieldstart|move: Grassy Terrain|[from] ability: Grassy Surge|[of] p2b: Rillaboom\n|move|p1b: Kyogre|Protect|p1b: Kyogre\n|-singleturn|p1b: Kyogre|Protect\n|move|p2a: Calyrex|Protect|p2a: Calyrex\n|-singleturn|p2a: Calyrex|Protect\n|move|p1a: Miraidon|Dazzling Gleam|p2b: Rillaboom|[spread] p2b\n|-activate|p2a: Calyrex|move: Protect\n|-damage|p2b: Rillaboom|43/100\n|\n|-weather|SunnyDay|[upkeep]\n|-heal|p1b: Kyogre|66/100|[from] Grassy Terrain\n|-heal|p1b: Kyogre|72/100|[from] item: Leftovers\n|-heal|p2a: Calyrex|68/100|[from] Grassy Terrain\n|-heal|p2b: Rillaboom|48/100|[from] Grassy Terrain\n|upkeep\n|turn|4\n|inactive|therollercoaster has 30 seconds left.\n|\n|t:|1773148403\n|switch|p1a: Archaludon|Archaludon, L50, M|100/100\n|move|p2b: Rillaboom|Fake Out|p1a: Archaludon\n|-resisted|p1a: Archaludon\n|-damage|p1a: Archaludon|96/100\n|-ability|p1a: Archaludon|Stamina|boost\n|-boost|p1a: Archaludon|def|1\n|move|p1b: Kyogre|Calm Mind|p1b: Kyogre\n|-boost|p1b: Kyogre|spa|1\n|-boost|p1b: Kyogre|spd|1\n|move|p2a: Calyrex|Astral Barrage|p1b: Kyogre|[spread] p1a,p1b\n|-damage|p1a: Archaludon|12/100\n|-damage|p1b: Kyogre|25/100\n|-ability|p1a: Archaludon|Stamina|boost\n|-boost|p1a: Archaludon|def|1\n|-damage|p2a: Calyrex|59/100|[from] item: Life Orb\n|\n|-weather|SunnyDay|[upkeep]\n|-heal|p1b: Kyogre|31/100|[from] Grassy Terrain\n|-heal|p1b: Kyogre|37/100|[from] item: Leftovers\n|-heal|p1a: Archaludon|18/100|[from] Grassy Terrain\n|-heal|p2a: Calyrex|65/100|[from] Grassy Terrain\n|-heal|p2b: Rillaboom|54/100|[from] Grassy Terrain\n|upkeep\n|turn|5\n|inactive|therollercoaster has 30 seconds left.\n|inactive|ryo8989 has 30 seconds left.\n|inactive|therollercoaster has 20 seconds left.\n|inactive|therollercoaster has 15 seconds left.\n|\n|t:|1773148446\n|switch|p2b: Clefairy|Clefairy, L50, F, shiny|100/100\n|move|p2a: Calyrex|Protect|p2a: Calyrex\n|-singleturn|p2a: Calyrex|Protect\n|move|p1b: Kyogre|Ice Beam|p2b: Clefairy\n|-damage|p2b: Clefairy|56/100\n|move|p1a: Archaludon|Snarl|p2b: Clefairy|[spread] p2b\n|-activate|p2a: Calyrex|move: Protect\n|-resisted|p2b: Clefairy\n|-damage|p2b: Clefairy|50/100\n|-unboost|p2b: Clefairy|spa|1\n|\n|-weather|SunnyDay|[upkeep]\n|-heal|p1b: Kyogre|43/100|[from] Grassy Terrain\n|-heal|p1b: Kyogre|48/100|[from] item: Leftovers\n|-heal|p1a: Archaludon|24/100|[from] Grassy Terrain\n|-heal|p2a: Calyrex|71/100|[from] Grassy Terrain\n|-heal|p2b: Clefairy|56/100|[from] Grassy Terrain\n|-sideend|p1: therollercoaster|move: Tailwind\n|upkeep\n|turn|6\n|inactive|therollercoaster has 30 seconds left.\n|inactive|therollercoaster has 20 seconds left.\n|\n|t:|1773148482\n|move|p2a: Calyrex|Astral Barrage|p1b: Kyogre|[spread] p1a,p1b\n|-damage|p1a: Archaludon|0 fnt\n|-damage|p1b: Kyogre|0 fnt\n|faint|p1a: Archaludon\n|faint|p1b: Kyogre\n|-ability|p2a: Calyrex|Grim Neigh|boost\n|-boost|p2a: Calyrex|spa|2\n|-damage|p2a: Calyrex|61/100|[from] item: Life Orb\n|move|p2b: Clefairy|Life Dew|p2b: Clefairy|[spread] p2a,p2b\n|-heal|p2a: Calyrex|87/100\n|-heal|p2b: Clefairy|81/100\n|\n|-weather|none\n|-heal|p2a: Calyrex|93/100|[from] Grassy Terrain\n|-heal|p2b: Clefairy|87/100|[from] Grassy Terrain\n|upkeep\n|-message|therollercoaster forfeited.\n|\n|win|ryo8989\n|raw|therollercoaster's rating: 1310 &rarr; <strong>1291</strong><br />(-19 for losing)\n|raw|ryo8989's rating: 1326 &rarr; <strong>1345</strong><br />(+19 for winning)\n|l|\u2606therollercoaster\n|player|p1|\n|l|\u2606ryo8989\n|player|p2|\n","uploadtime":1773148644,"views":11,"formatid":"gen9vgc2026regi","rating":1291,"private":0,"password":null}