{"id":"gen9vgc2026regi-2560437312","format":"[Gen 9] VGC 2026 Reg I","players":["dthk1216","EllenJoe2026"],"log":"|j|\u2606dthk1216\n|j|\u2606EllenJoe2026\n|t:|1773687159\n|gametype|doubles\n|player|p1|dthk1216|dawn|1592\n|player|p2|EllenJoe2026|102|1624\n|gen|9\n|tier|[Gen 9] VGC 2026 Reg I\n|rated|\n|rule|Species Clause: Limit one of each Pok\u00e9mon\n|rule|Item Clause: Limit 1 of each item\n|clearpoke\n|poke|p1|Calyrex-Ice, L50|\n|poke|p1|Kyogre, L50|\n|poke|p1|Urshifu-*, L50, M|\n|poke|p1|Rillaboom, L50, F|\n|poke|p1|Grimmsnarl, L50, M|\n|poke|p1|Amoonguss, L50, M|\n|poke|p2|Calyrex-Shadow, L50|\n|poke|p2|Zamazenta-*, L50|\n|poke|p2|Incineroar, L50, F|\n|poke|p2|Rillaboom, L50, F|\n|poke|p2|Ogerpon-Cornerstone, L50, F|\n|poke|p2|Tornadus, L50, M|\n|teampreview|4\n|inactive|Battle timer is ON: inactive players will automatically lose when time's up. (requested by EllenJoe2026)\n|inactive|dthk1216 has 60 seconds left.\n|inactive|dthk1216 has 30 seconds left.\n|inactive|dthk1216 has 20 seconds left.\n|inactive|dthk1216 has 15 seconds left.\n|inactive|dthk1216 has 10 seconds left.\n|\n|t:|1773687241\n|teamsize|p1|4\n|teamsize|p2|4\n|start\n|switch|p1a: Grimmsnarl|Grimmsnarl, L50, M|100/100\n|switch|p1b: Calyrex|Calyrex-Ice, L50|100/100\n|switch|p2a: Rillaboom|Rillaboom, L50, F, shiny|100/100\n|switch|p2b: Zamazenta|Zamazenta-Crowned, L50, shiny|100/100\n|-ability|p1b: Calyrex|As One\n|-ability|p1b: Calyrex|Unnerve\n|-ability|p2b: Zamazenta|Dauntless Shield|boost\n|-boost|p2b: Zamazenta|def|1\n|-fieldstart|move: Grassy Terrain|[from] ability: Grassy Surge|[of] p2a: Rillaboom\n|turn|1\n|\n|t:|1773687258\n|move|p2a: Rillaboom|Fake Out|p1a: Grimmsnarl\n|-damage|p1a: Grimmsnarl|85/100\n|cant|p1a: Grimmsnarl|flinch\n|move|p2b: Zamazenta|Heavy Slam|p1a: Grimmsnarl\n|-supereffective|p1a: Grimmsnarl\n|-damage|p1a: Grimmsnarl|0 fnt\n|faint|p1a: Grimmsnarl\n|move|p1b: Calyrex|Leech Seed|p2b: Zamazenta\n|-start|p2b: Zamazenta|move: Leech Seed\n|\n|-damage|p2b: Zamazenta|88/100|[from] Leech Seed|[of] p1b: Calyrex\n|upkeep\n|\n|t:|1773687269\n|switch|p1a: Amoonguss|Amoonguss, L50, M|100/100\n|turn|2\n|\n|t:|1773687276\n|switch|p2b: Incineroar|Incineroar, L50, F, shiny|100/100\n|-ability|p2b: Incineroar|Intimidate|boost\n|-unboost|p1a: Amoonguss|atk|1\n|-unboost|p1b: Calyrex|atk|1\n|move|p2a: Rillaboom|U-turn|p1b: Calyrex\n|-supereffective|p1b: Calyrex\n|-damage|p1b: Calyrex|72/100\n|\n|t:|1773687284\n|switch|p2a: Zamazenta|Zamazenta-Crowned, L50, shiny|88/100|[from] U-turn\n|move|p1a: Amoonguss|Spore|p2b: Incineroar\n|-activate|p2b: Incineroar|item: Safety Goggles|Spore\n|move|p1b: Calyrex|Trick Room|p1b: Calyrex\n|-fieldstart|move: Trick Room|[of] p1b: Calyrex\n|\n|-heal|p1b: Calyrex|77/100|[from] Grassy Terrain\n|-heal|p1b: Calyrex|83/100|[from] item: Leftovers\n|-heal|p2a: Zamazenta|94/100|[from] Grassy Terrain\n|upkeep\n|turn|3\n|\n|t:|1773687307\n|switch|p1a: Kyogre|Kyogre, L50|100/100\n|-weather|RainDance|[from] ability: Drizzle|[of] p1a: Kyogre\n|switch|p2a: Rillaboom|Rillaboom, L50, F, shiny|100/100\n|move|p1b: Calyrex|Protect|p1b: Calyrex\n|-singleturn|p1b: Calyrex|Protect\n|move|p2b: Incineroar|Fake Out|p1b: Calyrex\n|-activate|p1b: Calyrex|move: Protect\n|\n|-weather|RainDance|[upkeep]\n|-heal|p1b: Calyrex|89/100|[from] Grassy Terrain\n|-heal|p1b: Calyrex|95/100|[from] item: Leftovers\n|upkeep\n|turn|4\n|inactive|EllenJoe2026 has 30 seconds left.\n|inactive|EllenJoe2026 has 20 seconds left.\n|inactive|EllenJoe2026 has 15 seconds left.\n|\n|t:|1773687349\n|move|p1b: Calyrex|Glacial Lance|p2b: Incineroar|[spread] p2a,p2b\n|-supereffective|p2a: Rillaboom\n|-resisted|p2b: Incineroar\n|-damage|p2a: Rillaboom|31/100\n|-damage|p2b: Incineroar|87/100\n|move|p2b: Incineroar|Knock Off|p1b: Calyrex\n|-supereffective|p1b: Calyrex\n|-damage|p1b: Calyrex|48/100\n|-enditem|p1b: Calyrex|Leftovers|[from] move: Knock Off|[of] p2b: Incineroar\n|move|p2a: Rillaboom|Wood Hammer|p1a: Kyogre\n|-supereffective|p1a: Kyogre\n|-damage|p1a: Kyogre|0 fnt\n|faint|p1a: Kyogre\n|-damage|p2a: Rillaboom|0 fnt|[from] Recoil\n|faint|p2a: Rillaboom\n|\n|-weather|RainDance|[upkeep]\n|-heal|p1b: Calyrex|54/100|[from] Grassy Terrain\n|-heal|p2b: Incineroar|93/100|[from] Grassy Terrain\n|upkeep\n|\n|t:|1773687366\n|switch|p2a: Zamazenta|Zamazenta-Crowned, L50, shiny|94/100\n|switch|p1a: Amoonguss|Amoonguss, L50, M|100/100\n|turn|5\n|\n|t:|1773687382\n|-terastallize|p2a: Zamazenta|Grass\n|move|p2a: Zamazenta|Wide Guard|p2a: Zamazenta\n|-singleturn|p2a: Zamazenta|Wide Guard\n|move|p1a: Amoonguss|Pollen Puff|p1b: Calyrex\n|-heal|p1b: Calyrex|100/100\n|move|p1b: Calyrex|Glacial Lance|p2a: Zamazenta|[spread] \n|-activate|p2a: Zamazenta|move: Wide Guard\n|-activate|p2b: Incineroar|move: Wide Guard\n|move|p2b: Incineroar|Taunt|p1b: Calyrex\n|-start|p1b: Calyrex|move: Taunt\n|\n|-weather|RainDance|[upkeep]\n|-heal|p2b: Incineroar|99/100|[from] Grassy Terrain\n|-heal|p2a: Zamazenta|100/100|[from] Grassy Terrain\n|-fieldend|move: Grassy Terrain\n|upkeep\n|turn|6\n|j| Iwobi My Love\n|-message|dthk1216 forfeited.\n|\n|win|EllenJoe2026\n|raw|dthk1216's rating: 1592 &rarr; <strong>1574</strong><br />(-18 for losing)\n|raw|EllenJoe2026's rating: 1624 &rarr; <strong>1642</strong><br />(+18 for winning)\n|l|\u2606dthk1216\n|player|p1|\n|l| Iwobi My Love\n|l|\u2606EllenJoe2026\n|player|p2|\n","uploadtime":1773687658,"views":36,"formatid":"gen9vgc2026regi","rating":1574,"private":0,"password":null}