{"id":"gen9vgc2026regi-2564653133","format":"[Gen 9] VGC 2026 Reg I","players":["neopkmn","blackred123"],"log":"|j|\u2606neopkmn\n|j|\u2606blackred123\n|t:|1774181453\n|gametype|doubles\n|player|p1|neopkmn|102|1319\n|player|p2|blackred123|iono-masters|1380\n|gen|9\n|tier|[Gen 9] VGC 2026 Reg I\n|rated|\n|rule|Species Clause: Limit one of each Pok\u00e9mon\n|rule|Item Clause: Limit 1 of each item\n|clearpoke\n|poke|p1|Kyogre, L50|\n|poke|p1|Zacian-*, L50|\n|poke|p1|Rillaboom, L50, F|\n|poke|p1|Ogerpon-Cornerstone, L50, F|\n|poke|p1|Incineroar, L50, M|\n|poke|p1|Grimmsnarl, L50, M|\n|poke|p2|Groudon, L50|\n|poke|p2|Smeargle, L50, M|\n|poke|p2|Raging Bolt, L50|\n|poke|p2|Chi-Yu, L50|\n|poke|p2|Calyrex-Ice, L50|\n|poke|p2|Flutter Mane, L50|\n|teampreview|4\n|inactive|Battle timer is ON: inactive players will automatically lose when time's up. (requested by blackred123)\n|inactive|neopkmn has 60 seconds left.\n|\n|t:|1774181488\n|teamsize|p1|4\n|teamsize|p2|4\n|start\n|switch|p1a: Zacian|Zacian-Crowned, L50|100/100\n|switch|p1b: Incineroar|Incineroar, L50, M|100/100\n|switch|p2a: Calyrex|Calyrex-Ice, L50|100/100\n|switch|p2b: Smeargle|Smeargle, L50, M|100/100\n|-ability|p2a: Calyrex|As One\n|-ability|p2a: Calyrex|Unnerve\n|-ability|p1a: Zacian|Intrepid Sword|boost\n|-boost|p1a: Zacian|atk|1\n|-ability|p1b: Incineroar|Intimidate|boost\n|-unboost|p2a: Calyrex|atk|1\n|-unboost|p2b: Smeargle|atk|1\n|turn|1\n|\n|t:|1774181512\n|-terastallize|p2a: Calyrex|Water\n|move|p2b: Smeargle|Fake Out|p1b: Incineroar\n|-damage|p1b: Incineroar|98/100\n|-damage|p2b: Smeargle|84/100|[from] item: Rocky Helmet|[of] p1b: Incineroar\n|cant|p1b: Incineroar|flinch\n|move|p1a: Zacian|Behemoth Blade|p2a: Calyrex\n|-resisted|p2a: Calyrex\n|-damage|p2a: Calyrex|74/100\n|move|p2a: Calyrex|Trick Room|p2a: Calyrex\n|-fieldstart|move: Trick Room|[of] p2a: Calyrex\n|\n|-ability|p2b: Smeargle|Moody|boost\n|-boost|p2b: Smeargle|def|2\n|-unboost|p2b: Smeargle|spa|1\n|upkeep\n|turn|2\n|inactive|neopkmn has 30 seconds left.\n|\n|t:|1774181539\n|move|p2a: Calyrex|Protect|p2a: Calyrex\n|-singleturn|p2a: Calyrex|Protect\n|move|p1b: Incineroar|Will-O-Wisp|p2a: Calyrex\n|-activate|p2a: Calyrex|move: Protect\n|move|p2b: Smeargle|Decorate|p2a: Calyrex\n|-boost|p2a: Calyrex|atk|2\n|-boost|p2a: Calyrex|spa|2\n|move|p1a: Zacian|Play Rough|p2a: Calyrex\n|-activate|p2a: Calyrex|move: Protect\n|\n|-ability|p2b: Smeargle|Moody|boost\n|-boost|p2b: Smeargle|def|2\n|-unboost|p2b: Smeargle|atk|1\n|upkeep\n|turn|3\n|\n|t:|1774181555\n|move|p2a: Calyrex|High Horsepower|p1b: Incineroar|[miss]\n|-miss|p2a: Calyrex|p1b: Incineroar\n|move|p1b: Incineroar|Parting Shot|p2a: Calyrex\n|-unboost|p2a: Calyrex|atk|1\n|-unboost|p2a: Calyrex|spa|1\n|\n|t:|1774181560\n|switch|p1b: Rillaboom|Rillaboom, L50, F|100/100|[from] Parting Shot\n|-fieldstart|move: Grassy Terrain|[from] ability: Grassy Surge|[of] p1b: Rillaboom\n|move|p2b: Smeargle|Decorate|p2a: Calyrex\n|-boost|p2a: Calyrex|atk|2\n|-boost|p2a: Calyrex|spa|2\n|move|p1a: Zacian|Play Rough|p2a: Calyrex\n|-damage|p2a: Calyrex|29/100\n|\n|-heal|p2a: Calyrex|34/100|[from] Grassy Terrain\n|-heal|p2b: Smeargle|91/100|[from] Grassy Terrain\n|-ability|p2b: Smeargle|Moody|boost\n|-boost|p2b: Smeargle|def|2\n|-unboost|p2b: Smeargle|spd|1\n|upkeep\n|turn|4\n|\n|t:|1774181577\n|move|p2a: Calyrex|Protect|p2a: Calyrex\n|-singleturn|p2a: Calyrex|Protect\n|move|p1b: Rillaboom|Grassy Glide|p2a: Calyrex\n|-activate|p2a: Calyrex|move: Protect\n|move|p2b: Smeargle|Spore|p1a: Zacian\n|-status|p1a: Zacian|slp|[from] move: Spore\n|cant|p1a: Zacian|slp\n|\n|-heal|p2a: Calyrex|40/100|[from] Grassy Terrain\n|-heal|p2b: Smeargle|97/100|[from] Grassy Terrain\n|-ability|p2b: Smeargle|Moody|boost\n|-boost|p2b: Smeargle|spe|2\n|-unboost|p2b: Smeargle|def|1\n|upkeep\n|turn|5\n|inactive|neopkmn has 30 seconds left.\n|\n|t:|1774181604\n|-terastallize|p1b: Rillaboom|Fire\n|move|p2b: Smeargle|Follow Me|p2b: Smeargle\n|-singleturn|p2b: Smeargle|move: Follow Me\n|move|p2a: Calyrex|High Horsepower|p1a: Zacian\n|-supereffective|p1a: Zacian\n|-damage|p1a: Zacian|0 fnt\n|faint|p1a: Zacian\n|-ability|p2a: Calyrex|Chilling Neigh|boost\n|-boost|p2a: Calyrex|atk|1\n|move|p1b: Rillaboom|Wood Hammer|p2b: Smeargle\n|-damage|p2b: Smeargle|55/100\n|-damage|p1b: Rillaboom|92/100|[from] Recoil\n|\n|-heal|p2a: Calyrex|46/100|[from] Grassy Terrain\n|-heal|p1b: Rillaboom|98/100|[from] Grassy Terrain\n|-heal|p2b: Smeargle|61/100|[from] Grassy Terrain\n|-fieldend|move: Trick Room\n|-ability|p2b: Smeargle|Moody|boost\n|-boost|p2b: Smeargle|atk|2\n|-unboost|p2b: Smeargle|spe|1\n|upkeep\n|\n|t:|1774181616\n|switch|p1a: Gru|Kyogre, L50|100/100\n|-weather|RainDance|[from] ability: Drizzle|[of] p1a: Gru\n|turn|6\n|inactive|neopkmn has 30 seconds left.\n|\n|t:|1774181643\n|move|p2a: Calyrex|Protect|p2a: Calyrex\n|-singleturn|p2a: Calyrex|Protect\n|move|p2b: Smeargle|Spore|p1a: Gru\n|-status|p1a: Gru|slp|[from] move: Spore\n|cant|p1a: Gru|slp\n|move|p1b: Rillaboom|Wood Hammer|p2a: Calyrex\n|-activate|p2a: Calyrex|move: Protect\n|\n|-weather|RainDance|[upkeep]\n|-heal|p2b: Smeargle|67/100|[from] Grassy Terrain\n|-heal|p1b: Rillaboom|100/100|[from] Grassy Terrain\n|-heal|p2a: Calyrex|52/100|[from] Grassy Terrain\n|-ability|p2b: Smeargle|Moody|boost\n|-boost|p2b: Smeargle|atk|2\n|-unboost|p2b: Smeargle|spa|1\n|upkeep\n|turn|7\n|\n|t:|1774181663\n|move|p2b: Smeargle|Follow Me|p2b: Smeargle\n|-singleturn|p2b: Smeargle|move: Follow Me\n|move|p1b: Rillaboom|Grassy Glide|p2b: Smeargle\n|-damage|p2b: Smeargle|48/100\n|cant|p1a: Gru|slp\n|move|p2a: Calyrex|High Horsepower|p1b: Rillaboom\n|-supereffective|p1b: Rillaboom\n|-damage|p1b: Rillaboom|0 fnt\n|faint|p1b: Rillaboom\n|-ability|p2a: Calyrex|Chilling Neigh|boost\n|-boost|p2a: Calyrex|atk|1\n|\n|-weather|RainDance|[upkeep]\n|-heal|p2b: Smeargle|54/100|[from] Grassy Terrain\n|-heal|p2a: Calyrex|58/100|[from] Grassy Terrain\n|-fieldend|move: Grassy Terrain\n|-ability|p2b: Smeargle|Moody|boost\n|-boost|p2b: Smeargle|def|1\n|-unboost|p2b: Smeargle|atk|1\n|upkeep\n|\n|t:|1774181666\n|switch|p1b: Incineroar|Incineroar, L50, M|98/100\n|-ability|p1b: Incineroar|Intimidate|boost\n|-unboost|p2a: Calyrex|atk|1\n|-unboost|p2b: Smeargle|atk|1\n|turn|8\n|-message|neopkmn forfeited.\n|\n|win|blackred123\n|raw|neopkmn's rating: 1319 &rarr; <strong>1302</strong><br />(-17 for losing)\n|raw|blackred123's rating: 1380 &rarr; <strong>1397</strong><br />(+17 for winning)\n|l|\u2606neopkmn\n|player|p1|\n","uploadtime":1774181691,"views":6,"formatid":"gen9vgc2026regi","rating":1302,"private":0,"password":null}