{"id":"gen9vgc2026regi-2560773363","format":"[Gen 9] VGC 2026 Reg I","players":["Walmart999","BanKingambit69247"],"log":"|j|\u2606Walmart999\n|j|\u2606BanKingambit69247\n|t:|1773723880\n|gametype|doubles\n|player|p1|Walmart999|red|1267\n|player|p2|BanKingambit69247|102|1478\n|gen|9\n|tier|[Gen 9] VGC 2026 Reg I\n|rated|\n|rule|Species Clause: Limit one of each Pok\u00e9mon\n|rule|Item Clause: Limit 1 of each item\n|clearpoke\n|poke|p1|Koraidon, L50|\n|poke|p1|Ogerpon-Cornerstone, L50, F|\n|poke|p1|Calyrex-Shadow, L50|\n|poke|p1|Incineroar, L50, F|\n|poke|p1|Whimsicott, L50, F|\n|poke|p1|Raging Bolt, L50|\n|poke|p2|Calyrex-Shadow, L50|\n|poke|p2|Zamazenta-*, L50|\n|poke|p2|Chien-Pao, L50|\n|poke|p2|Dragonite, L50, F|\n|poke|p2|Ogerpon-Wellspring, L50, F|\n|poke|p2|Smeargle, L50, M|\n|teampreview|4\n|inactive|Battle timer is ON: inactive players will automatically lose when time's up. (requested by Walmart999)\n|\n|t:|1773723897\n|teamsize|p1|4\n|teamsize|p2|4\n|start\n|switch|p1a: Calyrex|Calyrex-Shadow, L50|100/100\n|switch|p1b: Whimsicott|Whimsicott, L50, F|100/100\n|switch|p2a: \u6211\u5927\u54e5|Smeargle, L50, M|100/100\n|switch|p2b: \u8bf6\u4f60\u600e\u4e48\u6b7b\u4e86?\u267f\u267f\u267f|Calyrex-Shadow, L50|100/100\n|-ability|p1a: Calyrex|As One\n|-ability|p1a: Calyrex|Unnerve\n|-ability|p2b: \u8bf6\u4f60\u600e\u4e48\u6b7b\u4e86?\u267f\u267f\u267f|As One\n|-ability|p2b: \u8bf6\u4f60\u600e\u4e48\u6b7b\u4e86?\u267f\u267f\u267f|Unnerve\n|turn|1\n|\n|t:|1773723920\n|switch|p1b: Ogerpon|Ogerpon-Cornerstone, L50, F|100/100\n|move|p1a: Calyrex|Protect|p1a: Calyrex\n|-singleturn|p1a: Calyrex|Protect\n|move|p2a: \u6211\u5927\u54e5|Wide Guard|p2a: \u6211\u5927\u54e5\n|-singleturn|p2a: \u6211\u5927\u54e5|Wide Guard\n|move|p2b: \u8bf6\u4f60\u600e\u4e48\u6b7b\u4e86?\u267f\u267f\u267f|Astral Barrage|p1b: Ogerpon|[spread] p1b\n|-activate|p1a: Calyrex|move: Protect\n|-damage|p1b: Ogerpon|10/100\n|\n|upkeep\n|turn|2\n|\n|t:|1773723935\n|-terastallize|p1a: Calyrex|Dark\n|move|p1b: Ogerpon|Spiky Shield|p1b: Ogerpon\n|-singleturn|p1b: Ogerpon|move: Protect\n|move|p2a: \u6211\u5927\u54e5|Wide Guard|p2a: \u6211\u5927\u54e5\n|-singleturn|p2a: \u6211\u5927\u54e5|Wide Guard\n|move|p1a: Calyrex|Psychic|p2a: \u6211\u5927\u54e5\n|-enditem|p2a: \u6211\u5927\u54e5|Focus Sash\n|-damage|p2a: \u6211\u5927\u54e5|1/100\n|move|p2b: \u8bf6\u4f60\u600e\u4e48\u6b7b\u4e86?\u267f\u267f\u267f|Astral Barrage|p1a: Calyrex|[spread] p1a\n|-activate|p1b: Ogerpon|move: Protect\n|-resisted|p1a: Calyrex\n|-damage|p1a: Calyrex|58/100\n|\n|upkeep\n|turn|3\n|\n|t:|1773723952\n|-terastallize|p2b: \u8bf6\u4f60\u600e\u4e48\u6b7b\u4e86?\u267f\u267f\u267f|Ghost\n|move|p1a: Calyrex|Protect|p1a: Calyrex\n|-singleturn|p1a: Calyrex|Protect\n|move|p2a: \u6211\u5927\u54e5|Wide Guard|p2a: \u6211\u5927\u54e5\n|-singleturn|p2a: \u6211\u5927\u54e5|Wide Guard\n|move|p2b: \u8bf6\u4f60\u600e\u4e48\u6b7b\u4e86?\u267f\u267f\u267f|Astral Barrage|p1a: Calyrex|[spread] p1b\n|-activate|p1a: Calyrex|move: Protect\n|-damage|p1b: Ogerpon|0 fnt\n|faint|p1b: Ogerpon\n|-ability|p2b: \u8bf6\u4f60\u600e\u4e48\u6b7b\u4e86?\u267f\u267f\u267f|Grim Neigh|boost\n|-boost|p2b: \u8bf6\u4f60\u600e\u4e48\u6b7b\u4e86?\u267f\u267f\u267f|spa|1\n|\n|upkeep\n|\n|t:|1773723954\n|switch|p1b: Whimsicott|Whimsicott, L50, F|100/100\n|turn|4\n|\n|t:|1773723960\n|move|p2a: \u6211\u5927\u54e5|Wide Guard|p2a: \u6211\u5927\u54e5\n|-singleturn|p2a: \u6211\u5927\u54e5|Wide Guard\n|move|p1b: Whimsicott|Tailwind|p1b: Whimsicott\n|-sidestart|p1: Walmart999|move: Tailwind\n|move|p1a: Calyrex|Psychic|p2a: \u6211\u5927\u54e5\n|-damage|p2a: \u6211\u5927\u54e5|0 fnt\n|faint|p2a: \u6211\u5927\u54e5\n|-ability|p1a: Calyrex|Grim Neigh|boost\n|-boost|p1a: Calyrex|spa|1\n|move|p2b: \u8bf6\u4f60\u600e\u4e48\u6b7b\u4e86?\u267f\u267f\u267f|Astral Barrage|p1b: Whimsicott|[spread] p1a,p1b\n|-resisted|p1a: Calyrex\n|-damage|p1a: Calyrex|0 fnt\n|-damage|p1b: Whimsicott|0 fnt\n|faint|p1a: Calyrex\n|faint|p1b: Whimsicott\n|-ability|p2b: \u8bf6\u4f60\u600e\u4e48\u6b7b\u4e86?\u267f\u267f\u267f|Grim Neigh|boost\n|-boost|p2b: \u8bf6\u4f60\u600e\u4e48\u6b7b\u4e86?\u267f\u267f\u267f|spa|2\n|\n|upkeep\n|\n|t:|1773723964\n|switch|p2a: \u5976\u9f99\u6c34\u725b\u7b11.MP4|Dragonite, L50, F|100/100\n|switch|p1b: Koraidon|Koraidon, L50|100/100\n|-weather|SunnyDay|[from] ability: Orichalcum Pulse|[of] p1b: Koraidon\n|-activate|p1b: Koraidon|Orichalcum Pulse|[source]\n|turn|5\n|-message|Walmart999 forfeited.\n|\n|win|BanKingambit69247\n|raw|Walmart999's rating: 1267 &rarr; <strong>1256</strong><br />(-11 for losing)\n|raw|BanKingambit69247's rating: 1478 &rarr; <strong>1487</strong><br />(+9 for winning)\n|l|\u2606Walmart999\n|player|p1|\n","uploadtime":1773723970,"views":11,"formatid":"gen9vgc2026regi","rating":1256,"private":0,"password":null}