{"id":"gen9vgc2026regi-2573279641","format":"[Gen 9] VGC 2026 Reg I","players":["hajr27","Bman311"],"log":"|j|\u2606hajr27\n|j|\u2606Bman311\n|t:|1775114361\n|gametype|doubles\n|player|p1|hajr27|lucas|1375\n|player|p2|Bman311|265|1459\n|gen|9\n|tier|[Gen 9] VGC 2026 Reg I\n|rated|\n|rule|Species Clause: Limit one of each Pok\u00e9mon\n|rule|Item Clause: Limit 1 of each item\n|clearpoke\n|poke|p1|Calyrex-Ice, L50|\n|poke|p1|Toxapex, L50, F|\n|poke|p1|Incineroar, L50, F|\n|poke|p1|Rillaboom, L50, F|\n|poke|p1|Iron Hands, L50|\n|poke|p1|Lunala, L50|\n|poke|p2|Koraidon, L50|\n|poke|p2|Calyrex-Ice, L50|\n|poke|p2|Incineroar, L50, F|\n|poke|p2|Brute Bonnet, L50|\n|poke|p2|Flutter Mane, L50|\n|poke|p2|Gouging Fire, L50|\n|teampreview|4\n|inactive|Battle timer is ON: inactive players will automatically lose when time's up. (requested by Bman311)\n|\n|t:|1775114385\n|teamsize|p1|4\n|teamsize|p2|4\n|start\n|switch|p1a: Incineroar|Incineroar, L50, F|100/100\n|switch|p1b: Calyrex|Calyrex-Ice, L50|100/100\n|switch|p2a: Flutter Mane|Flutter Mane, L50|100/100\n|switch|p2b: Calyrex|Calyrex-Ice, L50|100/100\n|-ability|p2b: Calyrex|As One\n|-ability|p2b: Calyrex|Unnerve\n|-ability|p1b: Calyrex|As One\n|-ability|p1b: Calyrex|Unnerve\n|-ability|p1a: Incineroar|Intimidate|boost\n|-unboost|p2a: Flutter Mane|atk|1\n|-fail|p2b: Calyrex|unboost|[from] item: Clear Amulet|[of] p2b: Calyrex\n|turn|1\n|\n|t:|1775114398\n|-terastallize|p2b: Calyrex|Water\n|move|p1b: Calyrex|Protect|p1b: Calyrex\n|-singleturn|p1b: Calyrex|Protect\n|move|p2a: Flutter Mane|Taunt|p1b: Calyrex\n|-activate|p1b: Calyrex|move: Protect\n|move|p1a: Incineroar|Will-O-Wisp|p2b: Calyrex|[miss]\n|-miss|p1a: Incineroar|p2b: Calyrex\n|move|p2b: Calyrex|High Horsepower|p1a: Incineroar\n|-supereffective|p1a: Incineroar\n|-damage|p1a: Incineroar|34/100\n|\n|upkeep\n|turn|2\n|c|\u2606hajr27|Llevo tres seguidos fallados, vaya broma\n|inactive|hajr27 has 30 seconds left.\n|inactive|hajr27 has 20 seconds left.\n|\n|t:|1775114434\n|switch|p1a: Lunala|Lunala, L50|100/100\n|move|p2b: Calyrex|Protect|p2b: Calyrex\n|-singleturn|p2b: Calyrex|Protect\n|move|p2a: Flutter Mane|Taunt|p1b: Calyrex\n|-start|p1b: Calyrex|move: Taunt\n|cant|p1b: Calyrex|move: Taunt|Leech Seed\n|\n|upkeep\n|turn|3\n|\n|t:|1775114454\n|switch|p1b: Toxapex|Toxapex, L50, F|100/100\n|move|p2a: Flutter Mane|Shadow Ball|p1a: Lunala\n|-supereffective|p1a: Lunala\n|-damage|p1a: Lunala|38/100\n|move|p1a: Lunala|Moongeist Beam|p2a: Flutter Mane\n|-supereffective|p2a: Flutter Mane\n|-enditem|p2a: Flutter Mane|Focus Sash\n|-damage|p2a: Flutter Mane|1/100\n|move|p2b: Calyrex|High Horsepower|p1a: Lunala\n|-damage|p1a: Lunala|11/100\n|-damage|p2b: Calyrex|84/100|[from] item: Rocky Helmet|[of] p1a: Lunala\n|\n|upkeep\n|turn|4\n|inactive|hajr27 has 30 seconds left.\n|\n|t:|1775114481\n|move|p2a: Flutter Mane|Taunt|p1b: Toxapex\n|-start|p1b: Toxapex|move: Taunt\n|move|p1a: Lunala|Moongeist Beam|p2b: Calyrex\n|-damage|p2b: Calyrex|48/100\n|move|p2b: Calyrex|Glacial Lance|p1a: Lunala|[spread] p1a,p1b\n|-resisted|p1b: Toxapex\n|-damage|p1a: Lunala|0 fnt\n|-damage|p1b: Toxapex|81/100\n|faint|p1a: Lunala\n|-ability|p2b: Calyrex|Chilling Neigh|boost\n|-boost|p2b: Calyrex|atk|1\n|move|p1b: Toxapex|Chilling Water|p2a: Flutter Mane\n|-damage|p2a: Flutter Mane|0 fnt\n|faint|p2a: Flutter Mane\n|-end|p2a: Flutter Mane|Protosynthesis|[silent]\n|\n|-heal|p1b: Toxapex|86/100|[from] item: Black Sludge\n|upkeep\n|\n|t:|1775114494\n|switch|p2a: Brute Bonnet|Brute Bonnet, L50|100/100\n|switch|p1a: Calyrex|Calyrex-Ice, L50|100/100\n|-ability|p1a: Calyrex|As One\n|-ability|p1a: Calyrex|Unnerve\n|turn|5\n|\n|t:|1775114508\n|move|p1a: Calyrex|Protect|p1a: Calyrex\n|-singleturn|p1a: Calyrex|Protect\n|move|p2a: Brute Bonnet|Spore|p1a: Calyrex\n|-activate|p1a: Calyrex|move: Protect\n|move|p2b: Calyrex|High Horsepower|p1b: Toxapex\n|-supereffective|p1b: Toxapex\n|-damage|p1b: Toxapex|0 fnt\n|faint|p1b: Toxapex\n|-ability|p2b: Calyrex|Chilling Neigh|boost\n|-boost|p2b: Calyrex|atk|1\n|\n|upkeep\n|\n|t:|1775114516\n|switch|p1b: Incineroar|Incineroar, L50, F|34/100\n|-ability|p1b: Incineroar|Intimidate|boost\n|-unboost|p2a: Brute Bonnet|atk|1\n|-fail|p2b: Calyrex|unboost|[from] item: Clear Amulet|[of] p2b: Calyrex\n|turn|6\n|\n|t:|1775114525\n|-terastallize|p1a: Calyrex|Grass\n|move|p1b: Incineroar|Fake Out|p2b: Calyrex\n|-damage|p2b: Calyrex|41/100\n|move|p2a: Brute Bonnet|Spore|p1a: Calyrex\n|-immune|p1a: Calyrex\n|cant|p2b: Calyrex|flinch\n|move|p1a: Calyrex|Glacial Lance|p2a: Brute Bonnet|[spread] p2a,p2b\n|-supereffective|p2a: Brute Bonnet\n|-resisted|p2b: Calyrex\n|-damage|p2a: Brute Bonnet|36/100\n|-damage|p2b: Calyrex|26/100\n|\n|upkeep\n|turn|7\n|\n|t:|1775114539\n|move|p1a: Calyrex|Protect|p1a: Calyrex\n|-singleturn|p1a: Calyrex|Protect\n|move|p2a: Brute Bonnet|Rage Powder|p2a: Brute Bonnet\n|-singleturn|p2a: Brute Bonnet|move: Rage Powder\n|move|p1b: Incineroar|Knock Off|p2a: Brute Bonnet\n|-resisted|p2a: Brute Bonnet\n|-damage|p2a: Brute Bonnet|25/100\n|-enditem|p2a: Brute Bonnet|Covert Cloak|[from] move: Knock Off|[of] p1b: Incineroar\n|move|p2b: Calyrex|Glacial Lance|p1b: Incineroar|[spread] p1b\n|-activate|p1a: Calyrex|move: Protect\n|-resisted|p1b: Incineroar\n|-damage|p1b: Incineroar|0 fnt\n|faint|p1b: Incineroar\n|-ability|p2b: Calyrex|Chilling Neigh|boost\n|-boost|p2b: Calyrex|atk|1\n|\n|upkeep\n|turn|8\n|\n|t:|1775114552\n|move|p2a: Brute Bonnet|Sucker Punch|p1a: Calyrex\n|-damage|p1a: Calyrex|88/100\n|move|p2b: Calyrex|Glacial Lance|p1a: Calyrex\n|-supereffective|p1a: Calyrex\n|-damage|p1a: Calyrex|0 fnt\n|faint|p1a: Calyrex\n|\n|win|Bman311\n|raw|hajr27's rating: 1375 &rarr; <strong>1360</strong><br />(-15 for losing)\n|raw|Bman311's rating: 1459 &rarr; <strong>1474</strong><br />(+15 for winning)\n|c|\u2606Bman311|gg\n|l|\u2606hajr27\n|player|p1|\n|l|\u2606Bman311\n|player|p2|\n|j|\u2606Bman311\n|player|p2|Bman311|265|\n|l|\u2606Bman311\n|player|p2|\n","uploadtime":1775114735,"views":11,"formatid":"gen9vgc2026regi","rating":1360,"private":0,"password":null}