{"id":"gen9vgc2026regi-2580699525","format":"[Gen 9] VGC 2026 Reg I","players":["Gittrpping","BleachyBoi_426"],"log":"|j|\u2606Gittrpping\n|j|\u2606BleachyBoi_426\n|t:|1775925300\n|gametype|doubles\n|player|p1|Gittrpping|101|1264\n|player|p2|BleachyBoi_426|n|1390\n|gen|9\n|tier|[Gen 9] VGC 2026 Reg I\n|rated|\n|rule|Species Clause: Limit one of each Pok\u00e9mon\n|rule|Item Clause: Limit 1 of each item\n|clearpoke\n|poke|p1|Terapagos, L50, M|\n|poke|p1|Rillaboom, L50, M|\n|poke|p1|Mimikyu, L50, M|\n|poke|p1|Zamazenta-*, L50|\n|poke|p1|Sneasler, L50, F|\n|poke|p1|Farigiraf, L50, F|\n|poke|p2|Tornadus, L50, M|\n|poke|p2|Kyogre, L50|\n|poke|p2|Zacian-*, L50|\n|poke|p2|Grimmsnarl, L50, M|\n|poke|p2|Urshifu-*, L50, F|\n|poke|p2|Brute Bonnet, L50|\n|teampreview|4\n|\n|t:|1775925355\n|teamsize|p1|4\n|teamsize|p2|4\n|start\n|switch|p1a: Mimikyu|Mimikyu, L50, M|100/100\n|switch|p1b: Zamazenta|Zamazenta-Crowned, L50, shiny|100/100\n|switch|p2a: Sawyer|Zacian-Crowned, L50|100/100\n|switch|p2b: Honey Kiss|Urshifu-Rapid-Strike, L50, F|100/100\n|-ability|p2a: Sawyer|Intrepid Sword|boost\n|-boost|p2a: Sawyer|atk|1\n|-ability|p1b: Zamazenta|Dauntless Shield|boost\n|-boost|p1b: Zamazenta|def|1\n|turn|1\n|\n|t:|1775925382\n|move|p2b: Honey Kiss|U-turn|p1a: Mimikyu\n|-activate|p1a: Mimikyu|ability: Disguise\n|-damage|p1a: Mimikyu|100/100\n|detailschange|p1a: Mimikyu|Mimikyu-Busted, L50, M\n|-damage|p1a: Mimikyu|88/100|[from] pokemon: Mimikyu-Busted\n|\n|t:|1775925388\n|switch|p2b: Karamari|Grimmsnarl, L50, M|100/100|[from] U-turn\n|move|p2a: Sawyer|Behemoth Blade|p1a: Mimikyu\n|-supereffective|p1a: Mimikyu\n|-damage|p1a: Mimikyu|0 fnt\n|faint|p1a: Mimikyu\n|move|p1b: Zamazenta|Iron Defense|p1b: Zamazenta\n|-boost|p1b: Zamazenta|def|2\n|\n|upkeep\n|\n|t:|1775925400\n|switch|p1a: Farigiraf|Farigiraf, L50, F|100/100\n|turn|2\n|\n|t:|1775925417\n|move|p2b: Karamari|Reflect|p2b: Karamari\n|-sidestart|p2: BleachyBoi_426|Reflect\n|move|p2a: Sawyer|Substitute|p2a: Sawyer\n|-start|p2a: Sawyer|Substitute\n|-damage|p2a: Sawyer|75/100\n|move|p1b: Zamazenta|Body Press|p2a: Sawyer\n|-end|p2a: Sawyer|Substitute\n|move|p1a: Farigiraf|Trick Room|p1a: Farigiraf\n|-fieldstart|move: Trick Room|[of] p1a: Farigiraf\n|\n|upkeep\n|turn|3\n|\n|t:|1775925433\n|move|p1a: Farigiraf|Helping Hand|p1b: Zamazenta\n|-singleturn|p1b: Zamazenta|Helping Hand|[of] p1a: Farigiraf\n|move|p2b: Karamari|Light Screen|p2b: Karamari\n|-sidestart|p2: BleachyBoi_426|move: Light Screen\n|move|p1b: Zamazenta|Heavy Slam|p2b: Karamari\n|-supereffective|p2b: Karamari\n|-damage|p2b: Karamari|11/100\n|move|p2a: Sawyer|Behemoth Blade|p1a: Farigiraf\n|-damage|p1a: Farigiraf|36/100\n|\n|upkeep\n|turn|4\n|\n|t:|1775925447\n|move|p2b: Karamari|Foul Play|p1a: Farigiraf\n|-supereffective|p1a: Farigiraf\n|-crit|p1a: Farigiraf\n|-damage|p1a: Farigiraf|0 fnt\n|faint|p1a: Farigiraf\n|move|p1b: Zamazenta|Body Press|p2a: Sawyer\n|-damage|p2a: Sawyer|4/100\n|move|p2a: Sawyer|Behemoth Blade|p1b: Zamazenta\n|-resisted|p1b: Zamazenta\n|-damage|p1b: Zamazenta|90/100\n|\n|upkeep\n|\n|t:|1775925456\n|switch|p1a: Terapagos|Terapagos, L50, M|100/100\n|-activate|p1a: Terapagos|ability: Tera Shift\n|detailschange|p1a: Terapagos|Terapagos-Terastal, L50, M\n|-heal|p1a: Terapagos|100/100|[silent]\n|turn|5\n|\n|t:|1775925472\n|move|p2a: Sawyer|Protect|p2a: Sawyer\n|-singleturn|p2a: Sawyer|Protect\n|move|p2b: Karamari|Thunder Wave|p1b: Zamazenta\n|-status|p1b: Zamazenta|par\n|move|p1b: Zamazenta|Body Press|p2a: Sawyer\n|-activate|p2a: Sawyer|move: Protect\n|move|p1a: Terapagos|Calm Mind|p1a: Terapagos\n|-boost|p1a: Terapagos|spa|1\n|-boost|p1a: Terapagos|spd|1\n|\n|upkeep\n|turn|6\n|\n|t:|1775925485\n|-terastallize|p1a: Terapagos|Stellar\n|detailschange|p1a: Terapagos|Terapagos-Stellar, L50, M, tera:Stellar\n|-heal|p1a: Terapagos|100/100|[silent]\n|move|p2b: Karamari|Thunder Wave|p1a: Terapagos\n|-status|p1a: Terapagos|par\n|cant|p1a: Terapagos|par\n|move|p1b: Zamazenta|Body Press|p2b: Karamari\n|-damage|p2b: Karamari|0 fnt\n|faint|p2b: Karamari\n|move|p2a: Sawyer|Behemoth Blade|p1a: Terapagos\n|-damage|p1a: Terapagos|55/100 par\n|\n|-fieldend|move: Trick Room\n|upkeep\n|\n|t:|1775925506\n|switch|p2b: Honey Kiss|Urshifu-Rapid-Strike, L50, F|100/100\n|turn|7\n|\n|t:|1775925516\n|-terastallize|p2b: Honey Kiss|Ghost\n|move|p1a: Terapagos|Protect|p1a: Terapagos\n|-singleturn|p1a: Terapagos|Protect\n|move|p2b: Honey Kiss|Surging Strikes|p1a: Terapagos\n|-crit|p1a: Terapagos\n|-damage|p1a: Terapagos|44/100 par\n|-crit|p1a: Terapagos\n|-damage|p1a: Terapagos|34/100 par\n|-crit|p1a: Terapagos\n|-damage|p1a: Terapagos|23/100 par\n|-hitcount|p1a: Terapagos|3\n|move|p2a: Sawyer|Behemoth Blade|p1a: Terapagos\n|-activate|p1a: Terapagos|move: Protect\n|move|p1b: Zamazenta|Body Press|p2b: Honey Kiss\n|-immune|p2b: Honey Kiss\n|\n|upkeep\n|turn|8\n|\n|t:|1775925537\n|move|p2b: Honey Kiss|Surging Strikes|p1b: Zamazenta\n|-crit|p1b: Zamazenta\n|-damage|p1b: Zamazenta|76/100 par\n|-crit|p1b: Zamazenta\n|-damage|p1b: Zamazenta|62/100 par\n|-crit|p1b: Zamazenta\n|-damage|p1b: Zamazenta|49/100 par\n|-hitcount|p1b: Zamazenta|3\n|move|p2a: Sawyer|Behemoth Blade|p1a: Terapagos\n|-damage|p1a: Terapagos|0 fnt\n|faint|p1a: Terapagos\n|detailschange|p1: Terapagos|Terapagos, L50, M|[silent]\n|move|p1b: Zamazenta|Body Press|p2a: Sawyer\n|-damage|p2a: Sawyer|0 fnt\n|faint|p2a: Sawyer\n|\n|upkeep\n|\n|t:|1775925548\n|switch|p2a: Royal|Kyogre, L50|100/100\n|-weather|RainDance|[from] ability: Drizzle|[of] p2a: Royal\n|turn|9\n|c|\u2606BleachyBoi_426|gg wp\n|-message|Gittrpping forfeited.\n|\n|win|BleachyBoi_426\n|raw|Gittrpping's rating: 1264 &rarr; <strong>1248</strong><br />(-16 for losing)\n|raw|BleachyBoi_426's rating: 1390 &rarr; <strong>1403</strong><br />(+13 for winning)\n|l|\u2606Gittrpping\n|player|p1|\n|l|\u2606BleachyBoi_426\n|player|p2|\n","uploadtime":1775925803,"views":9,"formatid":"gen9vgc2026regi","rating":1248,"private":0,"password":null}