{"id":"gen9vgc2026regi-2575099055","format":"[Gen 9] VGC 2026 Reg I","players":["asroarri","WilliamguidiVGC"],"log":"|j|\u2606asroarri\n|j|\u2606WilliamguidiVGC\n|t:|1775318897\n|gametype|doubles\n|player|p1|asroarri|dawn|1423\n|player|p2|WilliamguidiVGC|2|1547\n|gen|9\n|tier|[Gen 9] VGC 2026 Reg I\n|rated|\n|rule|Species Clause: Limit one of each Pok\u00e9mon\n|rule|Item Clause: Limit 1 of each item\n|clearpoke\n|poke|p1|Calyrex-Ice, L50|\n|poke|p1|Groudon, L50|\n|poke|p1|Rillaboom, L50, M|\n|poke|p1|Charizard, L50, F|\n|poke|p1|Raging Bolt, L50|\n|poke|p1|Shiftry, L50, F|\n|poke|p2|Calyrex-Shadow, L50|\n|poke|p2|Smeargle, L50, M|\n|poke|p2|Raging Bolt, L50|\n|poke|p2|Rillaboom, L50, M|\n|poke|p2|Tornadus, L50, M|\n|poke|p2|Zamazenta-*, L50|\n|teampreview|4\n|inactive|Battle timer is ON: inactive players will automatically lose when time's up. (requested by asroarri)\n|\n|t:|1775318929\n|teamsize|p1|4\n|teamsize|p2|4\n|start\n|switch|p1a: Calyrex|Calyrex-Ice, L50|100/100\n|switch|p1b: Shiftry|Shiftry, L50, F|100/100\n|switch|p2a: Smeargle|Smeargle, L50, M|100/100\n|switch|p2b: Calyrex|Calyrex-Shadow, L50|100/100\n|-ability|p2b: Calyrex|As One\n|-ability|p2b: Calyrex|Unnerve\n|-ability|p1a: Calyrex|As One\n|-ability|p1a: Calyrex|Unnerve\n|turn|1\n|\n|t:|1775318952\n|-terastallize|p2b: Calyrex|Dark\n|-terastallize|p1a: Calyrex|Dark\n|move|p2a: Smeargle|Fake Out|p1a: Calyrex\n|-damage|p1a: Calyrex|98/100\n|move|p2b: Calyrex|Nasty Plot|p2b: Calyrex\n|-boost|p2b: Calyrex|spa|2\n|move|p1b: Shiftry|Taunt|p2a: Smeargle\n|-start|p2a: Smeargle|move: Taunt\n|cant|p1a: Calyrex|flinch\n|\n|-heal|p1a: Calyrex|100/100|[from] item: Leftovers\n|-ability|p2a: Smeargle|Moody|boost\n|-boost|p2a: Smeargle|def|2\n|-unboost|p2a: Smeargle|spd|1\n|upkeep\n|turn|2\n|\n|t:|1775318977\n|switch|p2a: Zamazenta|Zamazenta-Crowned, L50|100/100\n|-ability|p2a: Zamazenta|Dauntless Shield|boost\n|-boost|p2a: Zamazenta|def|1\n|move|p2b: Calyrex|Astral Barrage|p1a: Calyrex|[spread] p1a,p1b\n|-resisted|p1a: Calyrex\n|-resisted|p1b: Shiftry\n|-damage|p1a: Calyrex|51/100\n|-enditem|p1b: Shiftry|Focus Sash\n|-damage|p1b: Shiftry|1/100\n|-damage|p2b: Calyrex|91/100|[from] item: Life Orb\n|move|p1b: Shiftry|Tailwind|p1b: Shiftry\n|-sidestart|p1: asroarri|move: Tailwind\n|move|p1a: Calyrex|Leech Seed|p2b: Calyrex\n|-start|p2b: Calyrex|move: Leech Seed\n|\n|-heal|p1a: Calyrex|57/100|[from] item: Leftovers\n|-damage|p2b: Calyrex|78/100|[from] Leech Seed|[of] p1a: Calyrex\n|-heal|p1a: Calyrex|67/100|[silent]\n|upkeep\n|turn|3\n|j| Therazer456\n|inactive|asroarri has 30 seconds left.\n|\n|t:|1775319008\n|move|p2a: Zamazenta|Wide Guard|p2a: Zamazenta\n|-singleturn|p2a: Zamazenta|Wide Guard\n|move|p1b: Shiftry|Taunt|p2a: Zamazenta\n|-start|p2a: Zamazenta|move: Taunt\n|move|p2b: Calyrex|Astral Barrage|p1a: Calyrex|[spread] p1a,p1b\n|-resisted|p1a: Calyrex\n|-resisted|p1b: Shiftry\n|-damage|p1a: Calyrex|20/100\n|-damage|p1b: Shiftry|0 fnt\n|faint|p1b: Shiftry\n|-ability|p2b: Calyrex|Grim Neigh|boost\n|-boost|p2b: Calyrex|spa|1\n|-damage|p2b: Calyrex|69/100|[from] item: Life Orb\n|move|p1a: Calyrex|Imprison|p1a: Calyrex\n|-start|p1a: Calyrex|move: Imprison\n|\n|-heal|p1a: Calyrex|26/100|[from] item: Leftovers\n|-damage|p2b: Calyrex|56/100|[from] Leech Seed|[of] p1a: Calyrex\n|-heal|p1a: Calyrex|37/100|[silent]\n|upkeep\n|\n|t:|1775319024\n|switch|p1b: Raging Bolt|Raging Bolt, L50|100/100\n|turn|4\n|\n|t:|1775319041\n|switch|p2b: Smeargle|Smeargle, L50, M|100/100\n|move|p1b: Raging Bolt|Thunderbolt|p2b: Smeargle\n|-enditem|p2b: Smeargle|Focus Sash\n|-damage|p2b: Smeargle|1/100\n|-status|p2b: Smeargle|par\n|move|p1a: Calyrex|Leech Seed|p2a: Zamazenta\n|-start|p2a: Zamazenta|move: Leech Seed\n|move|p2a: Zamazenta|Heavy Slam|p1a: Calyrex\n|-damage|p1a: Calyrex|29/100\n|\n|-heal|p1a: Calyrex|35/100|[from] item: Leftovers\n|-damage|p2a: Zamazenta|88/100|[from] Leech Seed|[of] p1a: Calyrex\n|-heal|p1a: Calyrex|46/100|[silent]\n|-ability|p2b: Smeargle|Moody|boost\n|-boost|p2b: Smeargle|atk|2\n|-unboost|p2b: Smeargle|spe|1\n|upkeep\n|turn|5\n|\n|t:|1775319057\n|switch|p2a: Tornadus|Tornadus, L50, M|100/100\n|move|p1b: Raging Bolt|Thunderbolt|p2a: Tornadus\n|-supereffective|p2a: Tornadus\n|-damage|p2a: Tornadus|0 fnt\n|faint|p2a: Tornadus\n|move|p1a: Calyrex|Glacial Lance|p2b: Smeargle\n|-damage|p2b: Smeargle|0 fnt\n|faint|p2b: Smeargle\n|-ability|p1a: Calyrex|Chilling Neigh|boost\n|-boost|p1a: Calyrex|atk|1\n|\n|-heal|p1a: Calyrex|52/100|[from] item: Leftovers\n|-sideend|p1: asroarri|move: Tailwind\n|upkeep\n|\n|t:|1775319062\n|switch|p2b: Calyrex|Calyrex-Shadow, L50, tera:Dark|56/100\n|switch|p2a: Zamazenta|Zamazenta-Crowned, L50|88/100\n|-ability|p2b: Calyrex|As One\n|-ability|p2b: Calyrex|Unnerve\n|turn|6\n|\n|t:|1775319072\n|move|p2b: Calyrex|Astral Barrage|p1a: Calyrex|[spread] p1a,p1b\n|-resisted|p1a: Calyrex\n|-damage|p1a: Calyrex|26/100\n|-damage|p1b: Raging Bolt|45/100\n|-damage|p2b: Calyrex|47/100|[from] item: Life Orb\n|move|p2a: Zamazenta|Heavy Slam|p1b: Raging Bolt\n|-resisted|p1b: Raging Bolt\n|-damage|p1b: Raging Bolt|38/100\n|move|p1b: Raging Bolt|Thunderbolt|p2b: Calyrex\n|-damage|p2b: Calyrex|0 fnt\n|faint|p2b: Calyrex\n|move|p1a: Calyrex|Leech Seed|p2a: Zamazenta\n|-start|p2a: Zamazenta|move: Leech Seed\n|\n|-heal|p1a: Calyrex|31/100|[from] item: Leftovers\n|-damage|p2a: Zamazenta|76/100|[from] Leech Seed|[of] p1a: Calyrex\n|-heal|p1a: Calyrex|43/100|[silent]\n|upkeep\n|turn|7\n|\n|t:|1775319086\n|move|p2a: Zamazenta|Wide Guard|p2a: Zamazenta\n|-singleturn|p2a: Zamazenta|Wide Guard\n|move|p1b: Raging Bolt|Thunderbolt|p2a: Zamazenta\n|-damage|p2a: Zamazenta|37/100\n|move|p1a: Calyrex|Body Press|p2a: Zamazenta\n|-supereffective|p2a: Zamazenta\n|-damage|p2a: Zamazenta|0 fnt\n|faint|p2a: Zamazenta\n|\n|win|asroarri\n|raw|asroarri's rating: 1423 &rarr; <strong>1450</strong><br />(+27 for winning)\n|raw|WilliamguidiVGC's rating: 1547 &rarr; <strong>1520</strong><br />(-27 for losing)\n|l| Therazer456\n","uploadtime":1775319097,"views":9,"formatid":"gen9vgc2026regi","rating":1450,"private":0,"password":null}