{"id":"gen9vgc2026regi-2552994328","format":"[Gen 9] VGC 2026 Reg I","players":["Vizard103","501JFW"],"log":"|j|\u2606Vizard103\n|j|\u2606501JFW\n|t:|1772781775\n|gametype|doubles\n|player|p1|Vizard103|1|1434\n|player|p2|501JFW|169|1435\n|gen|9\n|tier|[Gen 9] VGC 2026 Reg I\n|rated|\n|rule|Species Clause: Limit one of each Pok\u00e9mon\n|rule|Item Clause: Limit 1 of each item\n|clearpoke\n|poke|p1|Kyogre, L50|\n|poke|p1|Calyrex-Ice, L50|\n|poke|p1|Urshifu-*, L50, M|\n|poke|p1|Amoonguss, L50, F|\n|poke|p1|Rillaboom, L50, M|\n|poke|p1|Iron Jugulis, L50|\n|poke|p2|Lunala, L50|\n|poke|p2|Koraidon, L50|\n|poke|p2|Jumpluff, L50, M|\n|poke|p2|Ogerpon-Cornerstone, L50, F|\n|poke|p2|Raging Bolt, L50|\n|poke|p2|Ursaluna, L50, F|\n|teampreview|4\n|inactive|Battle timer is ON: inactive players will automatically lose when time's up. (requested by 501JFW)\n|inactive|501JFW has 60 seconds left.\n|\n|t:|1772781811\n|teamsize|p1|4\n|teamsize|p2|4\n|start\n|switch|p1a: Calyrex|Calyrex-Ice, L50|100/100\n|switch|p1b: Amoonguss|Amoonguss, L50, F|100/100\n|switch|p2a: Lunala|Lunala, L50, shiny|100/100\n|switch|p2b: Ogerpon|Ogerpon-Cornerstone, L50, F|100/100\n|-ability|p1a: Calyrex|As One\n|-ability|p1a: Calyrex|Unnerve\n|turn|1\n|inactive|Vizard103 has 30 seconds left.\n|\n|t:|1772781844\n|-terastallize|p1a: Calyrex|Fairy\n|move|p2a: Lunala|Meteor Beam||[still]\n|-prepare|p2a: Lunala|Meteor Beam\n|-boost|p2a: Lunala|spa|1\n|-enditem|p2a: Lunala|Power Herb\n|-anim|p2a: Lunala|Meteor Beam|p1a: Calyrex\n|-damage|p1a: Calyrex|59/100\n|move|p2b: Ogerpon|Ivy Cudgel|p1a: Calyrex|[anim] Ivy Cudgel Rock\n|-crit|p1a: Calyrex\n|-damage|p1a: Calyrex|5/100\n|move|p1b: Amoonguss|Spore|p2a: Lunala\n|-status|p2a: Lunala|slp|[from] move: Spore\n|move|p1a: Calyrex|Glacial Lance|p2a: Lunala|[spread] p2a,p2b\n|-supereffective|p2b: Ogerpon\n|-damage|p2a: Lunala|74/100 slp\n|-ability|p2b: Ogerpon|Sturdy\n|-damage|p2b: Ogerpon|1/100\n|\n|upkeep\n|turn|2\n|inactive|Vizard103 has 30 seconds left.\n|inactive|Vizard103 has 20 seconds left.\n|inactive|501JFW has 30 seconds left.\n|inactive|Vizard103 has 15 seconds left.\n|inactive|Vizard103 has 10 seconds left.\n|inactive|Vizard103 has 5 seconds left.\n|\n|t:|1772781896\n|move|p2b: Ogerpon|Spiky Shield|p2b: Ogerpon\n|-singleturn|p2b: Ogerpon|move: Protect\n|move|p1a: Calyrex|Protect|p1a: Calyrex\n|-singleturn|p1a: Calyrex|Protect\n|cant|p2a: Lunala|slp\n|move|p1b: Amoonguss|Pollen Puff|p2b: Ogerpon\n|-activate|p2b: Ogerpon|move: Protect\n|\n|upkeep\n|turn|3\n|\n|t:|1772781915\n|switch|p1b: Kyogre|Kyogre, L50|100/100\n|-weather|RainDance|[from] ability: Drizzle|[of] p1b: Kyogre\n|cant|p2a: Lunala|slp\n|move|p2b: Ogerpon|Ivy Cudgel|p1a: Calyrex|[anim] Ivy Cudgel Rock\n|-damage|p1a: Calyrex|0 fnt\n|faint|p1a: Calyrex\n|\n|-weather|RainDance|[upkeep]\n|upkeep\n|\n|t:|1772781927\n|switch|p1a: Iron Jugulis|Iron Jugulis, L50|100/100\n|-enditem|p1a: Iron Jugulis|Booster Energy\n|-activate|p1a: Iron Jugulis|ability: Quark Drive|[fromitem]\n|-start|p1a: Iron Jugulis|quarkdrivespe\n|turn|4\n|inactive|Vizard103 has 30 seconds left.\n|\n|t:|1772781959\n|switch|p1b: Amoonguss|Amoonguss, L50, F|100/100\n|-curestatus|p2a: Lunala|slp|[msg]\n|move|p2a: Lunala|Wide Guard|p2a: Lunala\n|-singleturn|p2a: Lunala|Wide Guard\n|move|p1a: Iron Jugulis|Snarl|p2b: Ogerpon|[spread] \n|-activate|p2a: Lunala|move: Wide Guard\n|-activate|p2b: Ogerpon|move: Wide Guard\n|move|p2b: Ogerpon|Power Whip|p1b: Amoonguss\n|-resisted|p1b: Amoonguss\n|-damage|p1b: Amoonguss|83/100\n|-damage|p2b: Ogerpon|0 fnt|[from] item: Rocky Helmet|[of] p1b: Amoonguss\n|faint|p2b: Ogerpon\n|\n|-weather|RainDance|[upkeep]\n|upkeep\n|\n|t:|1772781971\n|switch|p2b: Raging Bolt|Raging Bolt, L50|100/100\n|turn|5\n|inactive|Vizard103 has 30 seconds left.\n|inactive|501JFW has 30 seconds left.\n|inactive|501JFW has 20 seconds left.\n|\n|t:|1772782010\n|move|p1a: Iron Jugulis|Protect|p1a: Iron Jugulis\n|-singleturn|p1a: Iron Jugulis|Protect\n|move|p2a: Lunala|Moongeist Beam|p1b: Amoonguss\n|-damage|p1b: Amoonguss|18/100\n|move|p2b: Raging Bolt|Draco Meteor|p1b: Amoonguss\n|-damage|p1b: Amoonguss|0 fnt\n|-unboost|p2b: Raging Bolt|spa|2\n|faint|p1b: Amoonguss\n|\n|-weather|RainDance|[upkeep]\n|upkeep\n|\n|t:|1772782024\n|switch|p1b: Kyogre|Kyogre, L50|100/100\n|turn|6\n|\n|t:|1772782046\n|move|p2a: Lunala|Wide Guard|p2a: Lunala\n|-singleturn|p2a: Lunala|Wide Guard\n|move|p1a: Iron Jugulis|Snarl|p2b: Raging Bolt|[spread] \n|-activate|p2a: Lunala|move: Wide Guard\n|-activate|p2b: Raging Bolt|move: Wide Guard\n|move|p1b: Kyogre|Ice Beam|p2b: Raging Bolt\n|-supereffective|p2b: Raging Bolt\n|-damage|p2b: Raging Bolt|67/100\n|move|p2b: Raging Bolt|Electroweb|p1b: Kyogre|[spread] p1a,p1b\n|-supereffective|p1a: Iron Jugulis\n|-supereffective|p1b: Kyogre\n|-damage|p1a: Iron Jugulis|79/100\n|-damage|p1b: Kyogre|86/100\n|-unboost|p1a: Iron Jugulis|spe|1\n|-unboost|p1b: Kyogre|spe|1\n|\n|-weather|RainDance|[upkeep]\n|upkeep\n|turn|7\n|inactive|Vizard103 has 30 seconds left.\n|\n|t:|1772782074\n|move|p2a: Lunala|Wide Guard|p2a: Lunala\n|-singleturn|p2a: Lunala|Wide Guard\n|move|p1a: Iron Jugulis|Hurricane|p2b: Raging Bolt\n|-resisted|p2b: Raging Bolt\n|-damage|p2b: Raging Bolt|55/100\n|-start|p2b: Raging Bolt|confusion\n|-activate|p2b: Raging Bolt|confusion\n|move|p2b: Raging Bolt|Electroweb|p1b: Kyogre|[spread] p1a,p1b\n|-supereffective|p1a: Iron Jugulis\n|-supereffective|p1b: Kyogre\n|-damage|p1a: Iron Jugulis|55/100\n|-damage|p1b: Kyogre|71/100\n|-unboost|p1a: Iron Jugulis|spe|1\n|-unboost|p1b: Kyogre|spe|1\n|move|p1b: Kyogre|Water Spout|p2a: Lunala|[spread] \n|-activate|p2a: Lunala|move: Wide Guard\n|-activate|p2b: Raging Bolt|move: Wide Guard\n|\n|-weather|none\n|upkeep\n|turn|8\n|inactive|Vizard103 has 30 seconds left.\n|\n|t:|1772782103\n|move|p2a: Lunala|Moongeist Beam|p1b: Kyogre\n|-crit|p1b: Kyogre\n|-damage|p1b: Kyogre|0 fnt\n|faint|p1b: Kyogre\n|move|p1a: Iron Jugulis|Rain Dance|p1a: Iron Jugulis\n|-weather|RainDance\n|-activate|p2b: Raging Bolt|confusion\n|move|p2b: Raging Bolt|Snarl|p1a: Iron Jugulis\n|-resisted|p1a: Iron Jugulis\n|-damage|p1a: Iron Jugulis|51/100\n|-unboost|p1a: Iron Jugulis|spa|1\n|\n|-weather|RainDance|[upkeep]\n|upkeep\n|turn|9\n|-message|Vizard103 forfeited.\n|\n|win|501JFW\n|raw|Vizard103's rating: 1434 &rarr; <strong>1414</strong><br />(-20 for losing)\n|raw|501JFW's rating: 1435 &rarr; <strong>1455</strong><br />(+20 for winning)\n|l|\u2606Vizard103\n|player|p1|\n|j| Piccolo00\n|l| Piccolo00\n|l|\u2606501JFW\n|player|p2|\n","uploadtime":1772782258,"views":15,"formatid":"gen9vgc2026regi","rating":1414,"private":0,"password":null}