{"id":"gen9vgc2026regi-2573394378","format":"[Gen 9] VGC 2026 Reg I","players":["Bman311","TheKoG416"],"log":"|j|\u2606Bman311\n|j|\u2606TheKoG416\n|t:|1775132134\n|gametype|doubles\n|player|p1|Bman311|265|1516\n|player|p2|TheKoG416|102|1480\n|gen|9\n|tier|[Gen 9] VGC 2026 Reg I\n|rated|\n|rule|Species Clause: Limit one of each Pok\u00e9mon\n|rule|Item Clause: Limit 1 of each item\n|clearpoke\n|poke|p1|Koraidon, L50|\n|poke|p1|Calyrex-Ice, L50|\n|poke|p1|Incineroar, L50, F|\n|poke|p1|Brute Bonnet, L50|\n|poke|p1|Flutter Mane, L50|\n|poke|p1|Gouging Fire, L50|\n|poke|p2|Calyrex-Ice, L50|\n|poke|p2|Lunala, L50|\n|poke|p2|Pelipper, L50, F|\n|poke|p2|Rillaboom, L50, M|\n|poke|p2|Grimmsnarl, L50, M|\n|poke|p2|Ursaluna, L50, F|\n|teampreview|4\n|inactive|Battle timer is ON: inactive players will automatically lose when time's up. (requested by TheKoG416)\n|inactive|Bman311 also wants the timer to be on.\nBman311 has agreed to open team sheets.\nTheKoG416 rejected open team sheets.\n|inactive|Bman311 has 60 seconds left.\n|\n|t:|1775132169\n|teamsize|p1|4\n|teamsize|p2|4\n|start\n|switch|p1a: Calyrex|Calyrex-Ice, L50|100/100\n|switch|p1b: Incineroar|Incineroar, L50, F|100/100\n|switch|p2a: Calyrex|Calyrex-Ice, L50|100/100\n|switch|p2b: Lunala|Lunala, L50|100/100\n|-ability|p1a: Calyrex|As One\n|-ability|p1a: Calyrex|Unnerve\n|-ability|p2a: Calyrex|As One\n|-ability|p2a: Calyrex|Unnerve\n|-ability|p1b: Incineroar|Intimidate|boost\n|-fail|p2a: Calyrex|unboost|[from] item: Clear Amulet|[of] p2a: Calyrex\n|-unboost|p2b: Lunala|atk|1\n|turn|1\n|\n|t:|1775132192\n|-terastallize|p2b: Lunala|Fairy\n|-terastallize|p1a: Calyrex|Water\n|move|p2a: Calyrex|Protect|p2a: Calyrex\n|-singleturn|p2a: Calyrex|Protect\n|move|p2b: Lunala|Meteor Beam||[still]\n|-prepare|p2b: Lunala|Meteor Beam\n|-boost|p2b: Lunala|spa|1\n|-enditem|p2b: Lunala|Power Herb\n|-anim|p2b: Lunala|Meteor Beam|p1a: Calyrex\n|-damage|p1a: Calyrex|60/100\n|move|p1b: Incineroar|Knock Off|p2b: Lunala\n|-resisted|p2b: Lunala\n|-damage|p2b: Lunala|96/100\n|move|p1a: Calyrex|Glacial Lance|p2b: Lunala|[spread] p2b\n|-activate|p2a: Calyrex|move: Protect\n|-damage|p2b: Lunala|58/100\n|\n|upkeep\n|turn|2\n|inactive|TheKoG416 has 30 seconds left.\n|inactive|TheKoG416 has 20 seconds left.\n|\n|t:|1775132227\n|move|p2b: Lunala|Moongeist Beam|p1a: Calyrex\n|-damage|p1a: Calyrex|14/100\n|move|p1b: Incineroar|Flare Blitz|p2a: Calyrex\n|-supereffective|p2a: Calyrex\n|-damage|p2a: Calyrex|30/100\n|-damage|p1b: Incineroar|77/100|[from] Recoil\n|move|p1a: Calyrex|Glacial Lance|p2b: Lunala|[spread] p2a,p2b\n|-resisted|p2a: Calyrex\n|-damage|p2a: Calyrex|12/100\n|-damage|p2b: Lunala|18/100\n|move|p2a: Calyrex|High Horsepower|p1b: Incineroar\n|-supereffective|p1b: Incineroar\n|-damage|p1b: Incineroar|7/100\n|\n|upkeep\n|turn|3\n|inactive|TheKoG416 has 30 seconds left.\n|inactive|TheKoG416 has 20 seconds left.\n|\n|t:|1775132265\n|move|p1a: Calyrex|Protect|p1a: Calyrex\n|-singleturn|p1a: Calyrex|Protect\n|move|p2a: Calyrex|Protect|p2a: Calyrex\n|-singleturn|p2a: Calyrex|Protect\n|move|p2b: Lunala|Moongeist Beam|p1a: Calyrex\n|-activate|p1a: Calyrex|move: Protect\n|move|p1b: Incineroar|U-turn|p2a: Calyrex\n|-activate|p2a: Calyrex|move: Protect\n|\n|upkeep\n|turn|4\n|\n|t:|1775132277\n|switch|p1a: Brute Bonnet|Brute Bonnet, L50|100/100\n|switch|p2a: Ursaluna|Ursaluna, L50, F|100/100\n|move|p2b: Lunala|Moongeist Beam|p1a: Brute Bonnet\n|-resisted|p1a: Brute Bonnet\n|-damage|p1a: Brute Bonnet|73/100\n|move|p1b: Incineroar|U-turn|p2a: Ursaluna\n|-damage|p2a: Ursaluna|84/100\n|\n|t:|1775132282\n|switch|p1b: Calyrex|Calyrex-Ice, L50, tera:Water|14/100|[from] U-turn\n|-ability|p1b: Calyrex|As One\n|-ability|p1b: Calyrex|Unnerve\n|\n|-status|p2a: Ursaluna|brn|[from] item: Flame Orb\n|upkeep\n|turn|5\n|\n|t:|1775132294\n|move|p1b: Calyrex|Protect|p1b: Calyrex\n|-singleturn|p1b: Calyrex|Protect\n|move|p2a: Ursaluna|Protect|p2a: Ursaluna\n|-singleturn|p2a: Ursaluna|Protect\n|move|p1a: Brute Bonnet|Spore|p2b: Lunala\n|-status|p2b: Lunala|slp|[from] move: Spore\n|cant|p2b: Lunala|slp\n|\n|-damage|p2a: Ursaluna|78/100 brn|[from] brn\n|upkeep\n|turn|6\n|inactive|TheKoG416 has 30 seconds left.\n|\n|t:|1775132321\n|cant|p2b: Lunala|slp\n|move|p1a: Brute Bonnet|Seed Bomb|p2a: Ursaluna\n|-supereffective|p2a: Ursaluna\n|-damage|p2a: Ursaluna|30/100 brn\n|move|p1b: Calyrex|Glacial Lance|p2b: Lunala|[spread] p2a,p2b\n|-supereffective|p2a: Ursaluna\n|-damage|p2a: Ursaluna|0 fnt\n|-damage|p2b: Lunala|0 fnt\n|faint|p2a: Ursaluna\n|faint|p2b: Lunala\n|-ability|p1b: Calyrex|Chilling Neigh|boost\n|-boost|p1b: Calyrex|atk|2\n|\n|upkeep\n|\n|t:|1775132328\n|switch|p2b: Calyrex|Calyrex-Ice, L50|12/100\n|switch|p2a: Pelipper|Pelipper, L50, F|100/100\n|-ability|p2b: Calyrex|As One\n|-ability|p2b: Calyrex|Unnerve\n|-weather|RainDance|[from] ability: Drizzle|[of] p2a: Pelipper\n|turn|7\n|\n|t:|1775132340\n|move|p1b: Calyrex|Protect|p1b: Calyrex\n|-singleturn|p1b: Calyrex|Protect\n|move|p2b: Calyrex|Protect|p2b: Calyrex\n|-singleturn|p2b: Calyrex|Protect\n|move|p2a: Pelipper|Hurricane|p1a: Brute Bonnet\n|-supereffective|p1a: Brute Bonnet\n|-damage|p1a: Brute Bonnet|15/100\n|move|p1a: Brute Bonnet|Spore|p2a: Pelipper\n|-status|p2a: Pelipper|slp|[from] move: Spore\n|\n|-weather|RainDance|[upkeep]\n|upkeep\n|turn|8\n|\n|t:|1775132356\n|-end|p1a: Brute Bonnet|Protosynthesis|[silent]\n|switch|p1a: Koraidon|Koraidon, L50|100/100\n|-weather|SunnyDay|[from] ability: Orichalcum Pulse|[of] p1a: Koraidon\n|-activate|p1a: Koraidon|Orichalcum Pulse|[source]\n|cant|p2a: Pelipper|slp\n|move|p1b: Calyrex|Glacial Lance|p2a: Pelipper|[spread] p2a,p2b\n|-resisted|p2b: Calyrex\n|-damage|p2a: Pelipper|0 fnt\n|-damage|p2b: Calyrex|0 fnt\n|faint|p2a: Pelipper\n|faint|p2b: Calyrex\n|\n|win|Bman311\n|raw|Bman311's rating: 1516 &rarr; <strong>1534</strong><br />(+18 for winning)\n|raw|TheKoG416's rating: 1480 &rarr; <strong>1462</strong><br />(-18 for losing)\n|l|\u2606TheKoG416\n|player|p2|\n|l|\u2606Bman311\n|player|p1|\n|j|\u2606Bman311\n|player|p1|Bman311|265|\n|l|\u2606Bman311\n|player|p1|\n|j|\u2606Bman311\n|player|p1|Bman311|265|\n|l|\u2606Bman311\n|player|p1|\n","uploadtime":1775132566,"views":12,"formatid":"gen9vgc2026regi","rating":1462,"private":0,"password":null}