{"id":"gen9vgc2026regi-2514776552","format":"[Gen 9] VGC 2026 Reg I","players":["j0l0k0","hunterkiller_474"],"log":"|j|\u2606j0l0k0\n|j|\u2606hunterkiller_474\n|t:|1767906667\n|gametype|doubles\n|player|p1|j0l0k0|266|1272\n|player|p2|hunterkiller_474|1|1254\n|gen|9\n|tier|[Gen 9] VGC 2026 Reg I\n|rated|\n|rule|Species Clause: Limit one of each Pok\u00e9mon\n|rule|Item Clause: Limit 1 of each item\n|clearpoke\n|poke|p1|Calyrex-Ice, L50|\n|poke|p1|Kyogre, L50|\n|poke|p1|Indeedee-F, L50, F|\n|poke|p1|Urshifu-*, L50, F|\n|poke|p1|Amoonguss, L50, F|\n|poke|p1|Annihilape, L50, F|\n|poke|p2|Lunala, L50|\n|poke|p2|Koraidon, L50|\n|poke|p2|Rillaboom, L50, F|\n|poke|p2|Incineroar, L50, F|\n|poke|p2|Chien-Pao, L50|\n|poke|p2|Raging Bolt, L50|\n|teampreview|4\n|inactive|Battle timer is ON: inactive players will automatically lose when time's up. (requested by j0l0k0)\n|\n|t:|1767906691\n|teamsize|p1|4\n|teamsize|p2|4\n|start\n|switch|p1a: Indeedee|Indeedee-F, L50, F, shiny|100/100\n|switch|p1b: Calyrex|Calyrex-Ice, L50|100/100\n|switch|p2a: Rillaboom|Rillaboom, L50, F|100/100\n|switch|p2b: Lunala|Lunala, L50|100/100\n|-ability|p1b: Calyrex|As One\n|-ability|p1b: Calyrex|Unnerve\n|-fieldstart|move: Grassy Terrain|[from] ability: Grassy Surge|[of] p2a: Rillaboom\n|-fieldstart|move: Psychic Terrain|[from] ability: Psychic Surge|[of] p1a: Indeedee\n|turn|1\n|inactive|hunterkiller_474 has 30 seconds left.\n|\n|t:|1767906720\n|-terastallize|p2a: Rillaboom|Water\n|move|p1a: Indeedee|Follow Me|p1a: Indeedee\n|-singleturn|p1a: Indeedee|move: Follow Me\n|move|p2b: Lunala|Calm Mind|p2b: Lunala\n|-boost|p2b: Lunala|spa|1\n|-boost|p2b: Lunala|spd|1\n|move|p2a: Rillaboom|U-turn|p1a: Indeedee\n|-supereffective|p1a: Indeedee\n|-damage|p1a: Indeedee|46/100\n|\n|t:|1767906733\n|switch|p2a: Koraidon|Koraidon, L50|100/100|[from] U-turn\n|-weather|SunnyDay|[from] ability: Orichalcum Pulse|[of] p2a: Koraidon\n|-activate|p2a: Koraidon|Orichalcum Pulse|[source]\n|move|p1b: Calyrex|Trick Room|p1b: Calyrex\n|-fieldstart|move: Trick Room|[of] p1b: Calyrex\n|\n|-weather|SunnyDay|[upkeep]\n|upkeep\n|turn|2\n|\n|t:|1767906758\n|move|p2a: Koraidon|Protect|p2a: Koraidon\n|-singleturn|p2a: Koraidon|Protect\n|move|p1a: Indeedee|Follow Me|p1a: Indeedee\n|-singleturn|p1a: Indeedee|move: Follow Me\n|move|p1b: Calyrex|Glacial Lance|p2b: Lunala|[spread] p2b\n|-activate|p2a: Koraidon|move: Protect\n|-damage|p2b: Lunala|84/100\n|move|p2b: Lunala|Moonblast|p1a: Indeedee\n|-damage|p1a: Indeedee|10/100\n|\n|-weather|SunnyDay|[upkeep]\n|-heal|p2b: Lunala|90/100|[from] item: Leftovers\n|upkeep\n|turn|3\n|\n|t:|1767906778\n|switch|p2a: Rillaboom|Rillaboom, L50, F, tera:Water|100/100\n|-fieldstart|move: Grassy Terrain|[from] ability: Grassy Surge|[of] p2a: Rillaboom\n|move|p1a: Indeedee|Follow Me|p1a: Indeedee\n|-singleturn|p1a: Indeedee|move: Follow Me\n|move|p1b: Calyrex|Crunch|p2b: Lunala\n|-supereffective|p2b: Lunala\n|-damage|p2b: Lunala|12/100\n|-unboost|p2b: Lunala|def|1\n|move|p2b: Lunala|Moonblast|p1a: Indeedee\n|-damage|p1a: Indeedee|0 fnt\n|faint|p1a: Indeedee\n|\n|-weather|SunnyDay|[upkeep]\n|-heal|p2b: Lunala|18/100|[from] Grassy Terrain\n|-heal|p2b: Lunala|24/100|[from] item: Leftovers\n|upkeep\n|c|\u2606hunterkiller_474|bro wtf ahahah\n|\n|t:|1767906795\n|switch|p1a: Kyogre|Kyogre, L50, shiny|100/100\n|-weather|RainDance|[from] ability: Drizzle|[of] p1a: Kyogre\n|turn|4\n|c|\u2606hunterkiller_474|caly crunch?\n|\n|t:|1767906815\n|-terastallize|p1a: Kyogre|Grass\n|move|p2b: Lunala|Protect|p2b: Lunala\n|-singleturn|p2b: Lunala|Protect\n|move|p1b: Calyrex|Crunch|p2b: Lunala\n|-activate|p2b: Lunala|move: Protect\n|move|p1a: Kyogre|Thunder|p2a: Rillaboom\n|-supereffective|p2a: Rillaboom\n|-damage|p2a: Rillaboom|30/100\n|move|p2a: Rillaboom|Wood Hammer|p1a: Kyogre\n|-resisted|p1a: Kyogre\n|-damage|p1a: Kyogre|61/100\n|-damage|p2a: Rillaboom|16/100|[from] Recoil\n|\n|-weather|RainDance|[upkeep]\n|-heal|p1a: Kyogre|67/100|[from] Grassy Terrain\n|-heal|p2a: Rillaboom|22/100|[from] Grassy Terrain\n|-heal|p2b: Lunala|30/100|[from] Grassy Terrain\n|-heal|p2b: Lunala|36/100|[from] item: Leftovers\n|upkeep\n|turn|5\n|inactive|hunterkiller_474 has 30 seconds left.\n|\n|t:|1767906845\n|switch|p2a: Koraidon|Koraidon, L50|100/100\n|-weather|SunnyDay|[from] ability: Orichalcum Pulse|[of] p2a: Koraidon\n|-activate|p2a: Koraidon|Orichalcum Pulse|[source]\n|switch|p2b: Chien-Pao|Chien-Pao, L50|100/100\n|-ability|p2b: Chien-Pao|Sword of Ruin\n|move|p1b: Calyrex|Glacial Lance|p2a: Koraidon|[spread] p2a,p2b\n|-supereffective|p2a: Koraidon\n|-resisted|p2b: Chien-Pao\n|-damage|p2a: Koraidon|0 fnt\n|-damage|p2b: Chien-Pao|59/100\n|faint|p2a: Koraidon\n|-ability|p1b: Calyrex|Chilling Neigh|boost\n|-boost|p1b: Calyrex|atk|1\n|move|p1a: Kyogre|Thunder|p2b: Chien-Pao|[miss]\n|-miss|p1a: Kyogre|p2b: Chien-Pao\n|\n|-weather|SunnyDay|[upkeep]\n|-heal|p1a: Kyogre|73/100|[from] Grassy Terrain\n|-heal|p2b: Chien-Pao|65/100|[from] Grassy Terrain\n|-fieldend|move: Trick Room\n|upkeep\n|\n|t:|1767906863\n|switch|p2a: Rillaboom|Rillaboom, L50, F, tera:Water|22/100\n|turn|6\n|\n|t:|1767906882\n|switch|p1a: Urshifu|Urshifu, L50, F|100/100\n|move|p2a: Rillaboom|Fake Out|p1b: Calyrex\n|-damage|p1b: Calyrex|89/100\n|move|p2b: Chien-Pao|Icicle Crash|p1a: Urshifu\n|-damage|p1a: Urshifu|47/100\n|cant|p1b: Calyrex|flinch\n|\n|-weather|SunnyDay|[upkeep]\n|-heal|p2b: Chien-Pao|71/100|[from] Grassy Terrain\n|-heal|p1a: Urshifu|53/100|[from] Grassy Terrain\n|-heal|p2a: Rillaboom|28/100|[from] Grassy Terrain\n|-heal|p1b: Calyrex|95/100|[from] Grassy Terrain\n|upkeep\n|turn|7\n|inactive|hunterkiller_474 has 30 seconds left.\n|\n|t:|1767906909\n|move|p2b: Chien-Pao|Sucker Punch|p1b: Calyrex\n|-supereffective|p1b: Calyrex\n|-damage|p1b: Calyrex|36/100\n|move|p2a: Rillaboom|Grassy Glide|p1a: Urshifu\n|-damage|p1a: Urshifu|0 fnt\n|faint|p1a: Urshifu\n|move|p1b: Calyrex|Glacial Lance|p2b: Chien-Pao|[spread] p2a,p2b\n|-resisted|p2a: Rillaboom\n|-crit|p2a: Rillaboom\n|-resisted|p2b: Chien-Pao\n|-damage|p2a: Rillaboom|0 fnt\n|-damage|p2b: Chien-Pao|9/100\n|faint|p2a: Rillaboom\n|-ability|p1b: Calyrex|Chilling Neigh|boost\n|-boost|p1b: Calyrex|atk|1\n|\n|-weather|SunnyDay|[upkeep]\n|-heal|p2b: Chien-Pao|15/100|[from] Grassy Terrain\n|-heal|p1b: Calyrex|42/100|[from] Grassy Terrain\n|-fieldend|move: Grassy Terrain\n|upkeep\n|\n|t:|1767906924\n|switch|p1a: Kyogre|Kyogre, L50, shiny, tera:Grass|73/100\n|switch|p2a: Lunala|Lunala, L50|36/100\n|-weather|RainDance|[from] ability: Drizzle|[of] p1a: Kyogre\n|turn|8\n|\n|t:|1767906950\n|move|p2b: Chien-Pao|Icicle Crash|p1a: Kyogre\n|-supereffective|p1a: Kyogre\n|-damage|p1a: Kyogre|0 fnt\n|faint|p1a: Kyogre\n|move|p2a: Lunala|Moongeist Beam|p1b: Calyrex\n|-supereffective|p1b: Calyrex\n|-damage|p1b: Calyrex|0 fnt\n|faint|p1b: Calyrex\n|\n|win|hunterkiller_474\n|raw|j0l0k0's rating: 1272 &rarr; <strong>1246</strong><br />(-26 for losing)\n|raw|hunterkiller_474's rating: 1254 &rarr; <strong>1280</strong><br />(+26 for winning)\n|l|\u2606hunterkiller_474\n|player|p2|\n|l|\u2606j0l0k0\n|player|p1|\n","uploadtime":1767907125,"views":7,"formatid":"gen9vgc2026regi","rating":1246,"private":0,"password":null}