{"id":"gen9vgc2026regi-2525901551","format":"[Gen 9] VGC 2026 Reg I","players":["CyberPig5674","jpto5"],"log":"|j|\u2606CyberPig5674\n|j|\u2606jpto5\n|t:|1769348592\n|gametype|doubles\n|player|p1|CyberPig5674|cynthia|1130\n|player|p2|jpto5|2|1169\n|gen|9\n|tier|[Gen 9] VGC 2026 Reg I\n|rated|\n|rule|Species Clause: Limit one of each Pok\u00e9mon\n|rule|Item Clause: Limit 1 of each item\n|clearpoke\n|poke|p1|Raichu, L50, M|\n|poke|p1|Zamazenta-*, L50|\n|poke|p1|Pelipper, L50, M|\n|poke|p1|Gholdengo, L50|\n|poke|p1|Chien-Pao, L50|\n|poke|p1|Incineroar, L50, M|\n|poke|p2|Tornadus, L50, M|\n|poke|p2|Kyogre, L50|\n|poke|p2|Zacian-*, L50|\n|poke|p2|Basculegion, L50, M|\n|poke|p2|Kilowattrel, L50, F|\n|poke|p2|Overqwil, L50, F|\n|teampreview|4\n|inactive|Battle timer is ON: inactive players will automatically lose when time's up. (requested by jpto5)\n|inactive|jpto5 has 60 seconds left.\n|\n|t:|1769348624\n|teamsize|p1|4\n|teamsize|p2|4\n|start\n|switch|p1a: Zamazenta|Zamazenta-Crowned, L50, shiny|100/100\n|switch|p1b: Raichu|Raichu, L50, M, shiny|100/100\n|switch|p2a: Kilowattrel|Kilowattrel, L50, F, shiny|100/100\n|switch|p2b: Kyogre|Kyogre, L50|100/100\n|-ability|p1a: Zamazenta|Dauntless Shield|boost\n|-boost|p1a: Zamazenta|def|1\n|-weather|RainDance|[from] ability: Drizzle|[of] p2b: Kyogre\n|turn|1\n|\n|t:|1769348646\n|move|p1a: Zamazenta|Protect|p1a: Zamazenta\n|-singleturn|p1a: Zamazenta|Protect\n|move|p1b: Raichu|Fake Out|p2b: Kyogre\n|-damage|p2b: Kyogre|92/100\n|move|p2a: Kilowattrel|Tailwind|p2a: Kilowattrel\n|-sidestart|p2: jpto5|move: Tailwind\n|cant|p2b: Kyogre|flinch\n|\n|-weather|RainDance|[upkeep]\n|upkeep\n|turn|2\n|inactive|CyberPig5674 has 30 seconds left.\n|\n|t:|1769348674\n|move|p2a: Kilowattrel|Hurricane|p1a: Zamazenta\n|-damage|p1a: Zamazenta|66/100\n|-start|p1a: Zamazenta|confusion\n|move|p2b: Kyogre|Water Spout|p1b: Raichu|[spread] p1a,p1b\n|-damage|p1a: Zamazenta|0 fnt\n|-damage|p1b: Raichu|9/100\n|faint|p1a: Zamazenta\n|move|p1b: Raichu|Nuzzle|p2b: Kyogre\n|-supereffective|p2b: Kyogre\n|-damage|p2b: Kyogre|78/100\n|-status|p2b: Kyogre|par\n|\n|-weather|RainDance|[upkeep]\n|upkeep\n|\n|t:|1769348691\n|switch|p1a: Gholdengo|Gholdengo, L50, shiny|100/100\n|turn|3\n|\n|t:|1769348713\n|move|p2a: Kilowattrel|Protect|p2a: Kilowattrel\n|-singleturn|p2a: Kilowattrel|Protect\n|move|p1b: Raichu|Endeavor|p2b: Kyogre\n|-damage|p2b: Kyogre|8/100 par\n|move|p2b: Kyogre|Water Spout|p1a: Gholdengo|[spread] p1a,p1b\n|-crit|p1a: Gholdengo\n|-damage|p1a: Gholdengo|91/100\n|-damage|p1b: Raichu|1/100\n|move|p1a: Gholdengo|Make It Rain|p2a: Kilowattrel|[spread] p2b\n|-activate|p2a: Kilowattrel|move: Protect\n|-resisted|p2b: Kyogre\n|-damage|p2b: Kyogre|0 fnt\n|-unboost|p1a: Gholdengo|spa|1\n|faint|p2b: Kyogre\n|\n|-weather|RainDance|[upkeep]\n|upkeep\n|\n|t:|1769348736\n|switch|p2b: Overqwil|Overqwil, L50, F|100/100\n|turn|4\n|\n|t:|1769348749\n|move|p2b: Overqwil|Throat Chop|p1a: Gholdengo\n|-supereffective|p1a: Gholdengo\n|-damage|p1a: Gholdengo|13/100\n|-start|p1a: Gholdengo|Throat Chop|[silent]\n|move|p2a: Kilowattrel|Hurricane|p1b: Raichu\n|-resisted|p1b: Raichu\n|-damage|p1b: Raichu|0 fnt\n|faint|p1b: Raichu\n|move|p1a: Gholdengo|Nasty Plot|p1a: Gholdengo\n|-boost|p1a: Gholdengo|spa|2\n|\n|-weather|RainDance|[upkeep]\n|-sideend|p2: jpto5|move: Tailwind\n|upkeep\n|\n|t:|1769348761\n|switch|p1b: Pelipper|Pelipper, L50, M, shiny|100/100\n|turn|5\n|\n|t:|1769348782\n|move|p2b: Overqwil|Throat Chop|p1a: Gholdengo\n|-supereffective|p1a: Gholdengo\n|-damage|p1a: Gholdengo|0 fnt\n|faint|p1a: Gholdengo\n|move|p2a: Kilowattrel|Thunder|p1b: Pelipper\n|-supereffective|p1b: Pelipper\n|-damage|p1b: Pelipper|0 fnt\n|faint|p1b: Pelipper\n|\n|win|jpto5\n|raw|CyberPig5674's rating: 1130 &rarr; <strong>1108</strong><br />(-22 for losing)\n|raw|jpto5's rating: 1169 &rarr; <strong>1191</strong><br />(+22 for winning)\n|l|\u2606CyberPig5674\n|player|p1|\n|l|\u2606jpto5\n|player|p2|\n","uploadtime":1769349164,"views":11,"formatid":"gen9vgc2026regi","rating":1108,"private":0,"password":null}