{"id":"gen9vgc2026regi-2562526618","format":"[Gen 9] VGC 2026 Reg I","players":["Ryderrrrr","DJCoolAwesome13"],"log":"|j|\u2606Ryderrrrr\n|j|\u203dDJCoolAwesome13\n|t:|1773927238\n|gametype|doubles\n|player|p1|Ryderrrrr|wallace|1271\n|player|p2|DJCoolAwesome13|2|1364\n|gen|9\n|tier|[Gen 9] VGC 2026 Reg I\n|rated|\n|rule|Species Clause: Limit one of each Pok\u00e9mon\n|rule|Item Clause: Limit 1 of each item\n|clearpoke\n|poke|p1|Miraidon, L50|\n|poke|p1|Kyogre, L50|\n|poke|p1|Iron Jugulis, L50|\n|poke|p1|Basculegion, L50, M|\n|poke|p1|Iron Hands, L50|\n|poke|p1|Farigiraf, L50, M|\n|poke|p2|Lunala, L50|\n|poke|p2|Ursaluna, L50, M|\n|poke|p2|Urshifu-*, L50, F|\n|poke|p2|Miraidon, L50|\n|poke|p2|Grimmsnarl, L50, M|\n|poke|p2|Incineroar, L50, F|\n|teampreview|4\n|inactive|Battle timer is ON: inactive players will automatically lose when time's up. (requested by Ryderrrrr)\n|\n|t:|1773927264\n|teamsize|p1|4\n|teamsize|p2|4\n|start\n|switch|p1a: Iron Jugulis|Iron Jugulis, L50|100/100\n|switch|p1b: Kyogre|Kyogre, L50|100/100\n|switch|p2a: Lunala|Lunala, L50|100/100\n|switch|p2b: Miraidon|Miraidon, L50|100/100\n|-fieldstart|move: Electric Terrain|[from] ability: Hadron Engine|[of] p2b: Miraidon\n|-activate|p1a: Iron Jugulis|ability: Quark Drive\n|-start|p1a: Iron Jugulis|quarkdrivespe\n|-enditem|p2a: Lunala|Electric Seed\n|-boost|p2a: Lunala|def|1|[from] item: Electric Seed\n|-weather|RainDance|[from] ability: Drizzle|[of] p1b: Kyogre\n|turn|1\n|inactive|DJCoolAwesome13 has 30 seconds left.\n|inactive|DJCoolAwesome13 has 20 seconds left.\n|\n|t:|1773927302\n|-terastallize|p2a: Lunala|Fairy\n|move|p1b: Kyogre|Protect|p1b: Kyogre\n|-singleturn|p1b: Kyogre|Protect\n|move|p1a: Iron Jugulis|Taunt|p2a: Lunala\n|-start|p2a: Lunala|move: Taunt\n|move|p2b: Miraidon|Snarl|p1b: Kyogre|[spread] \n|-activate|p1b: Kyogre|move: Protect\n|-miss|p2b: Miraidon|p1a: Iron Jugulis\n|move|p2a: Lunala|Moongeist Beam|p1b: Kyogre\n|-activate|p1b: Kyogre|move: Protect\n|\n|-weather|RainDance|[upkeep]\n|upkeep\n|turn|2\n|inactive|Ryderrrrr has 30 seconds left.\n|\n|t:|1773927336\n|-terastallize|p1b: Kyogre|Grass\n|move|p1a: Iron Jugulis|Snarl|p2a: Lunala|[spread] p2a,p2b\n|-resisted|p2a: Lunala\n|-damage|p2a: Lunala|97/100\n|-damage|p2b: Miraidon|91/100\n|-unboost|p2a: Lunala|spa|1\n|-unboost|p2b: Miraidon|spa|1\n|move|p2b: Miraidon|Volt Switch|p1b: Kyogre\n|-resisted|p1b: Kyogre\n|-damage|p1b: Kyogre|84/100\n|\n|t:|1773927340\n|switch|p2b: Urshifu|Urshifu-Rapid-Strike, L50, F|100/100|[from] Volt Switch\n|move|p2a: Lunala|Moonblast|p1a: Iron Jugulis\n|-supereffective|p1a: Iron Jugulis\n|-damage|p1a: Iron Jugulis|23/100\n|move|p1b: Kyogre|Ice Beam|p2b: Urshifu\n|-resisted|p2b: Urshifu\n|-damage|p2b: Urshifu|76/100\n|\n|-weather|RainDance|[upkeep]\n|upkeep\n|turn|3\n|inactive|DJCoolAwesome13 has 30 seconds left.\n|\n|t:|1773927370\n|-end|p1a: Iron Jugulis|Quark Drive|[silent]\n|switch|p1a: Basculegion|Basculegion, L50, M|100/100\n|move|p2b: Urshifu|Surging Strikes|p1b: Kyogre\n|-resisted|p1b: Kyogre\n|-crit|p1b: Kyogre\n|-damage|p1b: Kyogre|65/100\n|-resisted|p1b: Kyogre\n|-crit|p1b: Kyogre\n|-damage|p1b: Kyogre|45/100\n|-resisted|p1b: Kyogre\n|-crit|p1b: Kyogre\n|-damage|p1b: Kyogre|25/100\n|-hitcount|p1b: Kyogre|3\n|move|p2a: Lunala|Moonblast|p1a: Basculegion\n|-damage|p1a: Basculegion|56/100\n|-unboost|p1a: Basculegion|spa|1\n|move|p1b: Kyogre|Origin Pulse|p2b: Urshifu|[spread] p2a,p2b\n|-resisted|p2b: Urshifu\n|-damage|p2a: Lunala|33/100\n|-damage|p2b: Urshifu|17/100\n|\n|-weather|RainDance|[upkeep]\n|-end|p2a: Lunala|move: Taunt\n|upkeep\n|turn|4\n|\n|t:|1773927393\n|move|p1a: Basculegion|Flip Turn|p2b: Urshifu\n|-resisted|p2b: Urshifu\n|-damage|p2b: Urshifu|0 fnt\n|faint|p2b: Urshifu\n|\n|t:|1773927400\n|switch|p1a: Iron Jugulis|Iron Jugulis, L50|23/100|[from] Flip Turn\n|-activate|p1a: Iron Jugulis|ability: Quark Drive\n|-start|p1a: Iron Jugulis|quarkdrivespe\n|move|p2a: Lunala|Moongeist Beam|p1a: Iron Jugulis\n|-resisted|p1a: Iron Jugulis\n|-damage|p1a: Iron Jugulis|2/100\n|move|p1b: Kyogre|Origin Pulse|p2a: Lunala\n|-damage|p2a: Lunala|0 fnt\n|faint|p2a: Lunala\n|\n|-weather|RainDance|[upkeep]\n|upkeep\n|\n|t:|1773927411\n|switch|p2b: Miraidon|Miraidon, L50|91/100\n|switch|p2a: Ursaluna|Ursaluna, L50, M|100/100\n|-activate|p2b: Miraidon|ability: Hadron Engine\n|turn|5\n|\n|t:|1773927419\n|move|p1b: Kyogre|Protect|p1b: Kyogre\n|-singleturn|p1b: Kyogre|Protect\n|move|p2a: Ursaluna|Protect|p2a: Ursaluna\n|-singleturn|p2a: Ursaluna|Protect\n|move|p1a: Iron Jugulis|Tailwind|p1a: Iron Jugulis\n|-sidestart|p1: Ryderrrrr|move: Tailwind\n|move|p2b: Miraidon|Snarl|p1a: Iron Jugulis|[spread] p1a\n|-activate|p1b: Kyogre|move: Protect\n|-resisted|p1a: Iron Jugulis\n|-damage|p1a: Iron Jugulis|0 fnt\n|faint|p1a: Iron Jugulis\n|-end|p1a: Iron Jugulis|Quark Drive|[silent]\n|\n|-weather|none\n|-fieldend|move: Electric Terrain\n|-status|p2a: Ursaluna|brn|[from] item: Flame Orb\n|upkeep\n|\n|t:|1773927429\n|switch|p1a: Miraidon|Miraidon, L50|100/100\n|-fieldstart|move: Electric Terrain|[from] ability: Hadron Engine|[of] p1a: Miraidon\n|turn|6\n|\n|t:|1773927442\n|move|p1a: Miraidon|Draco Meteor|p2b: Miraidon\n|-supereffective|p2b: Miraidon\n|-damage|p2b: Miraidon|0 fnt\n|-unboost|p1a: Miraidon|spa|2\n|faint|p2b: Miraidon\n|-damage|p1a: Miraidon|91/100|[from] item: Life Orb\n|move|p1b: Kyogre|Origin Pulse|p2a: Ursaluna\n|-supereffective|p2a: Ursaluna\n|-damage|p2a: Ursaluna|0 fnt\n|faint|p2a: Ursaluna\n|\n|win|Ryderrrrr\n|raw|Ryderrrrr's rating: 1271 &rarr; <strong>1303</strong><br />(+32 for winning)\n|raw|DJCoolAwesome13's rating: 1364 &rarr; <strong>1339</strong><br />(-25 for losing)\n|l|\u203dDJCoolAwesome13\n|player|p2|\n|l|\u2606Ryderrrrr\n|player|p1|\n","uploadtime":1773927642,"views":13,"formatid":"gen9vgc2026regi","rating":1303,"private":0,"password":null}