{"id":"gen9vgc2026regi-2542042398","format":"[Gen 9] VGC 2026 Reg I","players":["j0l0k0","raigonjoy"],"log":"|j|\u2606j0l0k0\n|j|\u2606raigonjoy\n|t:|1771404880\n|gametype|doubles\n|player|p1|j0l0k0|brycen|1431\n|player|p2|raigonjoy|1|1479\n|gen|9\n|tier|[Gen 9] VGC 2026 Reg I\n|rated|\n|rule|Species Clause: Limit one of each Pok\u00e9mon\n|rule|Item Clause: Limit 1 of each item\n|clearpoke\n|poke|p1|Calyrex-Ice, L50|\n|poke|p1|Kyogre, L50|\n|poke|p1|Indeedee-F, L50, F|\n|poke|p1|Urshifu-*, L50, F|\n|poke|p1|Amoonguss, L50, F|\n|poke|p1|Landorus, L50, M|\n|poke|p2|Whimsicott, L50, F|\n|poke|p2|Urshifu-*, L50, M|\n|poke|p2|Ursaluna, L50, M|\n|poke|p2|Miraidon, L50|\n|poke|p2|Lunala, L50|\n|poke|p2|Incineroar, L50, M|\n|teampreview|4\n|inactive|Battle timer is ON: inactive players will automatically lose when time's up. (requested by j0l0k0)\n|inactive|raigonjoy has 60 seconds left.\n|\n|t:|1771404923\n|teamsize|p1|4\n|teamsize|p2|4\n|start\n|switch|p1a: Indeedee|Indeedee-F, L50, F, shiny|100/100\n|switch|p1b: Calyrex|Calyrex-Ice, L50|100/100\n|switch|p2a: Urshifu|Urshifu-Rapid-Strike, L50, M|100/100\n|switch|p2b: Lunala|Lunala, L50, shiny|100/100\n|-ability|p1b: Calyrex|As One\n|-ability|p1b: Calyrex|Unnerve\n|-fieldstart|move: Psychic Terrain|[from] ability: Psychic Surge|[of] p1a: Indeedee\n|turn|1\n|\n|t:|1771404941\n|move|p1a: Indeedee|Follow Me|p1a: Indeedee\n|-singleturn|p1a: Indeedee|move: Follow Me\n|move|p2a: Urshifu|U-turn|p1a: Indeedee\n|-supereffective|p1a: Indeedee\n|-damage|p1a: Indeedee|15/100\n|\n|t:|1771404946\n|switch|p2a: Incineroar|Incineroar, L50, M, shiny|100/100|[from] U-turn\n|-ability|p2a: Incineroar|Intimidate|boost\n|-unboost|p1a: Indeedee|atk|1\n|-fail|p1b: Calyrex|unboost|[from] item: Clear Amulet|[of] p1b: Calyrex\n|move|p2b: Lunala|Moongeist Beam|p1a: Indeedee\n|-immune|p1a: Indeedee\n|move|p1b: Calyrex|Glacial Lance|p2b: Lunala|[spread] p2a,p2b\n|-resisted|p2a: Incineroar\n|-damage|p2a: Incineroar|72/100\n|-damage|p2b: Lunala|79/100\n|\n|upkeep\n|turn|2\n|j| Aoi0505\n|\n|t:|1771404964\n|switch|p2b: Miraidon|Miraidon, L50, shiny|100/100\n|-fieldstart|move: Electric Terrain|[from] ability: Hadron Engine|[of] p2b: Miraidon\n|-terastallize|p1b: Calyrex|Normal\n|move|p2a: Incineroar|Fake Out|p1b: Calyrex\n|-damage|p1b: Calyrex|92/100\n|move|p1a: Indeedee|Follow Me|p1a: Indeedee\n|-singleturn|p1a: Indeedee|move: Follow Me\n|cant|p1b: Calyrex|flinch\n|\n|upkeep\n|turn|3\n|inactive|raigonjoy has 30 seconds left.\n|inactive|raigonjoy has 20 seconds left.\n|\n|t:|1771405003\n|switch|p2a: Lunala|Lunala, L50, shiny|79/100\n|-enditem|p2a: Lunala|Electric Seed\n|-boost|p2a: Lunala|def|1|[from] item: Electric Seed\n|move|p1a: Indeedee|Follow Me|p1a: Indeedee\n|-singleturn|p1a: Indeedee|move: Follow Me\n|move|p2b: Miraidon|Volt Switch|p1a: Indeedee\n|-damage|p1a: Indeedee|0 fnt\n|faint|p1a: Indeedee\n|-damage|p2b: Miraidon|91/100|[from] item: Life Orb\n|\n|t:|1771405014\n|switch|p2b: Incineroar|Incineroar, L50, M, shiny|72/100|[from] Volt Switch\n|-ability|p2b: Incineroar|Intimidate|boost\n|-fail|p1b: Calyrex|unboost|[from] item: Clear Amulet|[of] p1b: Calyrex\n|move|p1b: Calyrex|Trick Room|p1b: Calyrex\n|-fieldstart|move: Trick Room|[of] p1b: Calyrex\n|\n|upkeep\n|\n|t:|1771405028\n|switch|p1a: Landorus|Landorus, L50, M, shiny|100/100\n|turn|4\n|\n|t:|1771405040\n|move|p1b: Calyrex|Crunch|p2a: Lunala\n|-supereffective|p2a: Lunala\n|-damage|p2a: Lunala|6/100\n|move|p1a: Landorus|Earth Power|p2b: Incineroar\n|-supereffective|p2b: Incineroar\n|-damage|p2b: Incineroar|0 fnt\n|faint|p2b: Incineroar\n|move|p2a: Lunala|Moongeist Beam|p1a: Landorus\n|-damage|p1a: Landorus|35/100\n|\n|upkeep\n|\n|t:|1771405059\n|switch|p2b: Urshifu|Urshifu-Rapid-Strike, L50, M|100/100\n|turn|5\n|\n|t:|1771405071\n|switch|p2a: Miraidon|Miraidon, L50, shiny|91/100\n|-activate|p2a: Miraidon|ability: Hadron Engine\n|move|p2b: Urshifu|Aqua Jet|p1a: Landorus\n|-supereffective|p1a: Landorus\n|-damage|p1a: Landorus|0 fnt\n|faint|p1a: Landorus\n|move|p1b: Calyrex|Glacial Lance|p2b: Urshifu|[spread] p2a,p2b\n|-supereffective|p2a: Miraidon\n|-resisted|p2b: Urshifu\n|-damage|p2a: Miraidon|0 fnt\n|-damage|p2b: Urshifu|69/100\n|faint|p2a: Miraidon\n|-ability|p1b: Calyrex|Chilling Neigh|boost\n|-boost|p1b: Calyrex|atk|1\n|\n|upkeep\n|\n|t:|1771405082\n|switch|p1a: Kyogre|Kyogre, L50, shiny|100/100\n|switch|p2a: Lunala|Lunala, L50, shiny|6/100\n|-weather|RainDance|[from] ability: Drizzle|[of] p1a: Kyogre\n|turn|6\n|-message|raigonjoy forfeited.\n|\n|win|j0l0k0\n|raw|j0l0k0's rating: 1431 &rarr; <strong>1454</strong><br />(+23 for winning)\n|raw|raigonjoy's rating: 1479 &rarr; <strong>1456</strong><br />(-23 for losing)\n|l|\u2606raigonjoy\n|player|p2|\n|j|\u2606raigonjoy\n|player|p2|raigonjoy|1|\n|l|\u2606j0l0k0\n|player|p1|\n","uploadtime":1771405098,"views":29,"formatid":"gen9vgc2026regi","rating":1454,"private":0,"password":null}