{"id":"gen9vgc2026regi-2582191862","format":"[Gen 9] VGC 2026 Reg I","players":["renfero suicida","Markingdra"],"log":"|j|\u2606renfero suicida\n|j|\u2606Markingdra\n|t:|1776069523\n|gametype|doubles\n|player|p1|renfero suicida|265|1415\n|player|p2|Markingdra|unknown|1577\n|gen|9\n|tier|[Gen 9] VGC 2026 Reg I\n|rated|\n|rule|Species Clause: Limit one of each Pok\u00e9mon\n|rule|Item Clause: Limit 1 of each item\n|clearpoke\n|poke|p1|Incineroar, L50, M|\n|poke|p1|Landorus, L50, M|\n|poke|p1|Calyrex-Shadow, L50|\n|poke|p1|Koraidon, L50|\n|poke|p1|Brute Bonnet, L50|\n|poke|p1|Raging Bolt, L50|\n|poke|p2|Koraidon, L50|\n|poke|p2|Calyrex-Shadow, L50|\n|poke|p2|Incineroar, L50, M|\n|poke|p2|Brute Bonnet, L50|\n|poke|p2|Raging Bolt, L50|\n|poke|p2|Ogerpon-Cornerstone, L50, F|\n|teampreview|4\n|inactive|Battle timer is ON: inactive players will automatically lose when time's up. (requested by renfero suicida)\n|inactive|Markingdra has 60 seconds left.\n|inactive|Markingdra has 30 seconds left.\n|inactive|Markingdra has 20 seconds left.\n|inactive|Markingdra has 15 seconds left.\n|\n|t:|1776069633\n|teamsize|p1|4\n|teamsize|p2|4\n|start\n|switch|p1a: Calyrex|Calyrex-Shadow, L50|100/100\n|switch|p1b: Raging Bolt|Raging Bolt, L50|100/100\n|switch|p2a: Koraidon|Koraidon, L50, shiny|100/100\n|switch|p2b: Ogerpon|Ogerpon-Cornerstone, L50, F|100/100\n|-ability|p1a: Calyrex|As One\n|-ability|p1a: Calyrex|Unnerve\n|-weather|SunnyDay|[from] ability: Orichalcum Pulse|[of] p2a: Koraidon\n|-activate|p1b: Raging Bolt|ability: Protosynthesis\n|-start|p1b: Raging Bolt|protosynthesisspa\n|-activate|p2a: Koraidon|Orichalcum Pulse|[source]\n|turn|1\n|inactive|renfero suicida has 30 seconds left.\n|inactive|renfero suicida has 20 seconds left.\n|inactive|renfero suicida has 15 seconds left.\n|inactive|renfero suicida has 10 seconds left.\n|\n|t:|1776069680\n|-terastallize|p2a: Koraidon|Fire\n|move|p2b: Ogerpon|Follow Me|p2b: Ogerpon\n|-singleturn|p2b: Ogerpon|move: Follow Me\n|move|p1a: Calyrex|Astral Barrage|p2a: Koraidon|[spread] p2a,p2b\n|-damage|p2a: Koraidon|50/100\n|-damage|p2b: Ogerpon|35/100\n|move|p2a: Koraidon|Flame Charge|p1a: Calyrex\n|-damage|p1a: Calyrex|31/100\n|-boost|p2a: Koraidon|spe|1\n|move|p1b: Raging Bolt|Dragon Pulse|p2b: Ogerpon\n|-damage|p2b: Ogerpon|0 fnt\n|faint|p2b: Ogerpon\n|\n|-weather|SunnyDay|[upkeep]\n|upkeep\n|\n|t:|1776069692\n|switch|p2b: Brute Bonnet|Brute Bonnet, L50, shiny|100/100\n|-activate|p2b: Brute Bonnet|ability: Protosynthesis\n|-start|p2b: Brute Bonnet|protosynthesisdef\n|turn|2\n|inactive|renfero suicida has 30 seconds left.\n|inactive|renfero suicida has 20 seconds left.\n|inactive|renfero suicida has 15 seconds left.\n|inactive|renfero suicida has 10 seconds left.\n|inactive|renfero suicida has 5 seconds left.\n|\n|t:|1776069743\n|switch|p1a: Koraidon|Koraidon, L50|100/100\n|-activate|p1a: Koraidon|ability: Orichalcum Pulse\n|move|p2b: Brute Bonnet|Rage Powder|p2b: Brute Bonnet\n|-singleturn|p2b: Brute Bonnet|move: Rage Powder\n|move|p2a: Koraidon|Collision Course|p1b: Raging Bolt\n|-damage|p1b: Raging Bolt|48/100\n|move|p1b: Raging Bolt|Dragon Pulse|p2b: Brute Bonnet\n|-damage|p2b: Brute Bonnet|49/100\n|\n|-weather|SunnyDay|[upkeep]\n|upkeep\n|turn|3\n|inactive|renfero suicida has 30 seconds left.\n|inactive|renfero suicida has 20 seconds left.\n|inactive|renfero suicida has 15 seconds left.\n|inactive|renfero suicida has 10 seconds left.\n|\n|t:|1776069792\n|move|p1b: Raging Bolt|Thunderclap|p2a: Koraidon\n|-damage|p2a: Koraidon|5/100\n|move|p2a: Koraidon|Collision Course|p1a: Koraidon\n|-damage|p1a: Koraidon|44/100\n|move|p1a: Koraidon|Collision Course|p2a: Koraidon\n|-damage|p2a: Koraidon|0 fnt\n|faint|p2a: Koraidon\n|move|p2b: Brute Bonnet|Spore|p1b: Raging Bolt\n|-status|p1b: Raging Bolt|slp|[from] move: Spore\n|\n|-weather|SunnyDay|[upkeep]\n|upkeep\n|\n|t:|1776069798\n|switch|p2a: Calyrex|Calyrex-Shadow, L50|100/100\n|-ability|p2a: Calyrex|As One\n|-ability|p2a: Calyrex|Unnerve\n|turn|4\n|inactive|renfero suicida has 30 seconds left.\n|inactive|renfero suicida has 20 seconds left.\n|\n|t:|1776069835\n|move|p1a: Koraidon|Protect|p1a: Koraidon\n|-singleturn|p1a: Koraidon|Protect\n|move|p2b: Brute Bonnet|Sucker Punch||[still]\n|-fail|p2b: Brute Bonnet\n|move|p2a: Calyrex|Astral Barrage|p1b: Raging Bolt|[spread] p1b\n|-activate|p1a: Koraidon|move: Protect\n|-damage|p1b: Raging Bolt|15/100 slp\n|cant|p1b: Raging Bolt|slp\n|\n|-weather|SunnyDay|[upkeep]\n|upkeep\n|turn|5\n|\n|t:|1776069860\n|move|p2b: Brute Bonnet|Rage Powder|p2b: Brute Bonnet\n|-singleturn|p2b: Brute Bonnet|move: Rage Powder\n|cant|p1b: Raging Bolt|slp\n|move|p2a: Calyrex|Astral Barrage|p1a: Koraidon|[spread] p1a,p1b\n|-damage|p1a: Koraidon|0 fnt\n|-damage|p1b: Raging Bolt|0 fnt\n|faint|p1a: Koraidon\n|faint|p1b: Raging Bolt\n|-end|p1b: Raging Bolt|Protosynthesis|[silent]\n|-ability|p2a: Calyrex|Grim Neigh|boost\n|-boost|p2a: Calyrex|spa|2\n|\n|-weather|none\n|-end|p2b: Brute Bonnet|Protosynthesis\n|upkeep\n|\n|t:|1776069871\n|switch|p1a: Brute Bonnet|Brute Bonnet, L50|100/100\n|switch|p1b: Calyrex|Calyrex-Shadow, L50|31/100\n|-ability|p1b: Calyrex|As One\n|-ability|p1b: Calyrex|Unnerve\n|turn|6\n|\n|t:|1776069882\n|move|p2a: Calyrex|Protect|p2a: Calyrex\n|-singleturn|p2a: Calyrex|Protect\n|move|p1b: Calyrex|Protect|p1b: Calyrex\n|-singleturn|p1b: Calyrex|Protect\n|move|p2b: Brute Bonnet|Sucker Punch||[still]\n|-fail|p2b: Brute Bonnet\n|move|p1a: Brute Bonnet|Spore|p2a: Calyrex\n|-activate|p2a: Calyrex|move: Protect\n|\n|upkeep\n|turn|7\n|\n|t:|1776069894\n|-terastallize|p1b: Calyrex|Normal\n|move|p2b: Brute Bonnet|Sucker Punch||[still]\n|-fail|p2b: Brute Bonnet\n|move|p1b: Calyrex|Encore|p2a: Calyrex\n|-start|p2a: Calyrex|Encore\n|move|p2a: Calyrex|Protect|p2a: Calyrex\n|-singleturn|p2a: Calyrex|Protect\n|move|p1a: Brute Bonnet|Spore|p2a: Calyrex\n|-activate|p2a: Calyrex|move: Protect\n|\n|upkeep\n|turn|8\n|\n|t:|1776069908\n|move|p2a: Calyrex|Protect||[still]\n|-fail|p2a: Calyrex\n|move|p2b: Brute Bonnet|Sucker Punch||[still]\n|-fail|p2b: Brute Bonnet\n|move|p1b: Calyrex|Encore|p2b: Brute Bonnet\n|-start|p2b: Brute Bonnet|Encore\n|move|p1a: Brute Bonnet|Spore|p2a: Calyrex\n|-status|p2a: Calyrex|slp|[from] move: Spore\n|\n|upkeep\n|turn|9\n|\n|t:|1776069922\n|cant|p2a: Calyrex|slp\n|move|p1a: Brute Bonnet|Rage Powder|p1a: Brute Bonnet\n|-singleturn|p1a: Brute Bonnet|move: Rage Powder\n|move|p2b: Brute Bonnet|Sucker Punch|p1b: Calyrex\n|-damage|p1b: Calyrex|0 fnt\n|faint|p1b: Calyrex\n|\n|-end|p2a: Calyrex|Encore\n|upkeep\n|turn|10\n|-message|renfero suicida forfeited.\n|\n|win|Markingdra\n|raw|renfero suicida's rating: 1415 &rarr; <strong>1404</strong><br />(-11 for losing)\n|raw|Markingdra's rating: 1577 &rarr; <strong>1588</strong><br />(+11 for winning)\n|l|\u2606renfero suicida\n|player|p1|\n|l|\u2606Markingdra\n|player|p2|\n","uploadtime":1776070096,"views":9,"formatid":"gen9vgc2026regi","rating":1404,"private":0,"password":null}