{"id":"gen9vgc2026regi-2577745967","format":"[Gen 9] VGC 2026 Reg I","players":["Tempest ash","KaiMVGC"],"log":"|j|\u2606Tempest ash\n|j|\u2606KaiMVGC\n|t:|1775601713\n|gametype|doubles\n|player|p1|Tempest ash|102|1507\n|player|p2|KaiMVGC|boarder|1570\n|gen|9\n|tier|[Gen 9] VGC 2026 Reg I\n|rated|\n|rule|Species Clause: Limit one of each Pok\u00e9mon\n|rule|Item Clause: Limit 1 of each item\n|clearpoke\n|poke|p1|Urshifu-*, L50, M|\n|poke|p1|Smeargle, L50, M|\n|poke|p1|Dialga-Origin, L50|\n|poke|p1|Lugia, L50|\n|poke|p1|Muk-Alola, L50, F|\n|poke|p1|Flutter Mane, L50|\n|poke|p2|Calyrex-Shadow, L50|\n|poke|p2|Zamazenta-*, L50|\n|poke|p2|Rillaboom, L50, F|\n|poke|p2|Raging Bolt, L50|\n|poke|p2|Smeargle, L50, F|\n|poke|p2|Tornadus, L50, M|\n|teampreview|4\n|inactive|Battle timer is ON: inactive players will automatically lose when time's up. (requested by Tempest ash)\n|\n|t:|1775601730\n|teamsize|p1|4\n|teamsize|p2|4\n|start\n|switch|p1a: Muk|Muk-Alola, L50, F|100/100\n|switch|p1b: Smeargle|Smeargle, L50, M|100/100\n|switch|p2a: T-Wind|Tornadus, L50, M|100/100\n|switch|p2b: Dark Void X|Smeargle, L50, F|100/100\n|turn|1\n|\n|t:|1775601747\n|move|p1b: Smeargle|Fake Out|p2b: Dark Void X\n|-damage|p2b: Dark Void X|91/100\n|move|p2a: T-Wind|Taunt|p1b: Smeargle\n|-start|p1b: Smeargle|move: Taunt\n|-enditem|p1b: Smeargle|Mental Herb\n|-end|p1b: Smeargle|move: Taunt\n|cant|p2b: Dark Void X|flinch\n|move|p1a: Muk|Minimize|p1a: Muk\n|-boost|p1a: Muk|evasion|2\n|\n|-ability|p1b: Smeargle|Moody|boost\n|-boost|p1b: Smeargle|spd|2\n|-unboost|p1b: Smeargle|spe|1\n|-ability|p2b: Dark Void X|Moody|boost\n|-boost|p2b: Dark Void X|spe|2\n|-unboost|p2b: Dark Void X|atk|1\n|upkeep\n|turn|2\n|\n|t:|1775601765\n|-terastallize|p1b: Smeargle|Grass\n|move|p1b: Smeargle|Follow Me|p1b: Smeargle\n|-singleturn|p1b: Smeargle|move: Follow Me\n|move|p2a: T-Wind|Taunt|p1b: Smeargle\n|-start|p1b: Smeargle|move: Taunt\n|move|p2b: Dark Void X|Spore|p1b: Smeargle\n|-immune|p1b: Smeargle\n|move|p1a: Muk|Minimize|p1a: Muk\n|-boost|p1a: Muk|evasion|2\n|\n|-ability|p2b: Dark Void X|Moody|boost\n|-boost|p2b: Dark Void X|atk|2\n|-unboost|p2b: Dark Void X|spa|1\n|-ability|p1b: Smeargle|Moody|boost\n|-boost|p1b: Smeargle|def|2\n|-unboost|p1b: Smeargle|spd|1\n|upkeep\n|turn|3\n|inactive|Tempest ash has 30 seconds left.\n|inactive|Tempest ash has 20 seconds left.\n|inactive|Tempest ash has 15 seconds left.\n|\n|t:|1775601808\n|switch|p1b: Dialga|Dialga-Origin, L50|100/100\n|-ability|p1b: Dialga|Pressure\n|move|p2b: Dark Void X|Spore|p1a: Muk\n|-status|p1a: Muk|slp|[from] move: Spore\n|move|p2a: T-Wind|Bleakwind Storm|p1a: Muk|[spread] \n|-miss|p2a: T-Wind|p1a: Muk\n|-miss|p2a: T-Wind|p1b: Dialga\n|cant|p1a: Muk|slp\n|\n|-ability|p2b: Dark Void X|Moody|boost\n|-boost|p2b: Dark Void X|def|2\n|-unboost|p2b: Dark Void X|spa|1\n|upkeep\n|turn|4\n|\n|t:|1775601824\n|switch|p1b: Smeargle|Smeargle, L50, M, tera:Grass|100/100\n|move|p2b: Dark Void X|Spore|p1b: Smeargle\n|-immune|p1b: Smeargle\n|move|p2a: T-Wind|Bleakwind Storm|p1a: Muk|[spread] p1b\n|-miss|p2a: T-Wind|p1a: Muk\n|-supereffective|p1b: Smeargle\n|-damage|p1b: Smeargle|0 fnt\n|faint|p1b: Smeargle\n|-ability|p1a: Muk|Moody|Power of Alchemy|[from] ability: Power of Alchemy|[of] p1b: Smeargle\n|-curestatus|p1a: Muk|slp|[msg]\n|move|p1a: Muk|Minimize|p1a: Muk\n|-boost|p1a: Muk|evasion|2\n|\n|-ability|p2b: Dark Void X|Moody|boost\n|-boost|p2b: Dark Void X|def|2\n|-unboost|p2b: Dark Void X|spa|1\n|-ability|p1a: Muk|Moody|boost\n|-boost|p1a: Muk|spe|2\n|-unboost|p1a: Muk|spa|1\n|upkeep\n|inactive|Tempest ash has 30 seconds left.\n|inactive|Tempest ash has 20 seconds left.\n|inactive|Tempest ash has 15 seconds left.\n|\n|t:|1775601864\n|switch|p1b: Lugia|Lugia, L50|100/100\n|turn|5\n|\n|t:|1775601880\n|move|p1b: Lugia|Protect|p1b: Lugia\n|-singleturn|p1b: Lugia|Protect\n|move|p2a: T-Wind|Taunt|p1b: Lugia\n|-activate|p1b: Lugia|move: Protect\n|move|p2b: Dark Void X|Spore|p1b: Lugia\n|-activate|p1b: Lugia|move: Protect\n|move|p1a: Muk|Drain Punch|p2b: Dark Void X\n|-supereffective|p2b: Dark Void X\n|-damage|p2b: Dark Void X|70/100\n|\n|-ability|p2b: Dark Void X|Moody|boost\n|-boost|p2b: Dark Void X|def|2\n|-unboost|p2b: Dark Void X|spd|1\n|-ability|p1a: Muk|Moody|boost\n|-boost|p1a: Muk|def|2\n|-unboost|p1a: Muk|spa|1\n|upkeep\n|turn|6\n|inactive|Tempest ash has 30 seconds left.\n|\n|t:|1775601914\n|move|p2b: Dark Void X|Spore|p1b: Lugia\n|-status|p1b: Lugia|slp|[from] move: Spore\n|move|p2a: T-Wind|Bleakwind Storm|p1b: Lugia|[spread] \n|-miss|p2a: T-Wind|p1a: Muk\n|-miss|p2a: T-Wind|p1b: Lugia\n|move|p1a: Muk|Toxic|p2b: Dark Void X\n|-status|p2b: Dark Void X|tox\n|cant|p1b: Lugia|slp\n|\n|-damage|p2b: Dark Void X|64/100 tox|[from] psn\n|-ability|p2b: Dark Void X|Moody|boost\n|-boost|p2b: Dark Void X|atk|2\n|-unboost|p2b: Dark Void X|def|1\n|-ability|p1a: Muk|Moody|boost\n|-boost|p1a: Muk|spe|2\n|-unboost|p1a: Muk|atk|1\n|upkeep\n|turn|7\n|\n|t:|1775601925\n|-curestatus|p1b: Lugia|slp|[msg]\n|move|p1b: Lugia|Protect|p1b: Lugia\n|-singleturn|p1b: Lugia|Protect\n|move|p2a: T-Wind|Taunt|p1b: Lugia\n|-activate|p1b: Lugia|move: Protect\n|move|p2b: Dark Void X|Spore|p1a: Muk|[miss]\n|-miss|p2b: Dark Void X|p1a: Muk\n|move|p1a: Muk|Toxic|p2a: T-Wind\n|-status|p2a: T-Wind|tox\n|\n|-damage|p2b: Dark Void X|52/100 tox|[from] psn\n|-damage|p2a: T-Wind|94/100 tox|[from] psn\n|-ability|p2b: Dark Void X|Moody|boost\n|-boost|p2b: Dark Void X|spa|2\n|-unboost|p2b: Dark Void X|spe|1\n|-ability|p1a: Muk|Moody|boost\n|-boost|p1a: Muk|spa|2\n|-unboost|p1a: Muk|spe|1\n|upkeep\n|turn|8\n|\n|t:|1775601944\n|move|p1a: Muk|Protect|p1a: Muk\n|-singleturn|p1a: Muk|Protect\n|move|p2a: T-Wind|Taunt|p1b: Lugia\n|-start|p1b: Lugia|move: Taunt\n|move|p2b: Dark Void X|Spore|p1a: Muk\n|-activate|p1a: Muk|move: Protect\n|cant|p1b: Lugia|move: Taunt|Psych Up\n|\n|-damage|p2b: Dark Void X|33/100 tox|[from] psn\n|-damage|p2a: T-Wind|82/100 tox|[from] psn\n|-ability|p2b: Dark Void X|Moody|boost\n|-boost|p2b: Dark Void X|atk|2\n|-unboost|p2b: Dark Void X|spa|1\n|-ability|p1a: Muk|Moody|boost\n|-boost|p1a: Muk|spa|2\n|-unboost|p1a: Muk|def|1\n|upkeep\n|turn|9\n|\n|t:|1775601957\n|move|p2b: Dark Void X|Spore|p1a: Muk|[miss]\n|-miss|p2b: Dark Void X|p1a: Muk\n|move|p1a: Muk|Drain Punch|p2b: Dark Void X\n|-supereffective|p2b: Dark Void X\n|-damage|p2b: Dark Void X|20/100 tox\n|move|p2a: T-Wind|Bleakwind Storm|p1b: Lugia|[spread] p1b\n|-miss|p2a: T-Wind|p1a: Muk\n|-damage|p1b: Lugia|89/100\n|move|p1b: Lugia|Aeroblast|p2b: Dark Void X\n|-damage|p2b: Dark Void X|0 fnt\n|faint|p2b: Dark Void X\n|\n|-heal|p1b: Lugia|95/100|[from] item: Leftovers\n|-damage|p2a: T-Wind|63/100 tox|[from] psn\n|-ability|p1a: Muk|Moody|boost\n|-boost|p1a: Muk|atk|2\n|-unboost|p1a: Muk|def|1\n|upkeep\n|\n|t:|1775601969\n|switch|p2b: Notorious CSR|Calyrex-Shadow, L50|100/100\n|-ability|p2b: Notorious CSR|As One\n|-ability|p2b: Notorious CSR|Unnerve\n|turn|10\n|\n|t:|1775601980\n|move|p2b: Notorious CSR|Protect|p2b: Notorious CSR\n|-singleturn|p2b: Notorious CSR|Protect\n|move|p2a: T-Wind|Taunt|p1a: Muk\n|-hint|Since gen 7, Dark is immune to Prankster moves.\n|-immune|p1a: Muk\n|move|p1a: Muk|Toxic|p2b: Notorious CSR\n|-activate|p2b: Notorious CSR|move: Protect\n|move|p1b: Lugia|Aeroblast|p2b: Notorious CSR\n|-activate|p2b: Notorious CSR|move: Protect\n|\n|-heal|p1b: Lugia|100/100|[from] item: Leftovers\n|-damage|p2a: T-Wind|38/100 tox|[from] psn\n|-end|p1b: Lugia|move: Taunt\n|-ability|p1a: Muk|Moody|boost\n|-boost|p1a: Muk|def|2\n|-unboost|p1a: Muk|spe|1\n|upkeep\n|turn|11\n|\n|t:|1775601991\n|-terastallize|p2b: Notorious CSR|Dark\n|move|p1b: Lugia|Protect|p1b: Lugia\n|-singleturn|p1b: Lugia|Protect\n|move|p2a: T-Wind|Taunt|p1b: Lugia\n|-activate|p1b: Lugia|move: Protect\n|move|p2b: Notorious CSR|Nasty Plot|p2b: Notorious CSR\n|-boost|p2b: Notorious CSR|spa|2\n|move|p1a: Muk|Toxic|p2b: Notorious CSR\n|-status|p2b: Notorious CSR|tox\n|\n|-damage|p2b: Notorious CSR|94/100 tox|[from] psn\n|-damage|p2a: T-Wind|7/100 tox|[from] psn\n|-ability|p1a: Muk|Moody|boost\n|-boost|p1a: Muk|def|2\n|-unboost|p1a: Muk|spa|1\n|upkeep\n|turn|12\n|\n|t:|1775602010\n|move|p1a: Muk|Protect|p1a: Muk\n|-singleturn|p1a: Muk|Protect\n|move|p1b: Lugia|Protect||[still]\n|-fail|p1b: Lugia\n|move|p2a: T-Wind|Taunt|p1b: Lugia\n|-start|p1b: Lugia|move: Taunt\n|move|p2b: Notorious CSR|Nasty Plot|p2b: Notorious CSR\n|-boost|p2b: Notorious CSR|spa|2\n|\n|-damage|p2b: Notorious CSR|82/100 tox|[from] psn\n|-damage|p2a: T-Wind|0 fnt|[from] psn\n|faint|p2a: T-Wind\n|-ability|p1a: Muk|Moody|boost\n|-boost|p1a: Muk|def|2\n|-unboost|p1a: Muk|atk|1\n|upkeep\n|\n|t:|1775602012\n|switch|p2a: 50 Zent|Zamazenta-Crowned, L50|100/100\n|-ability|p2a: 50 Zent|Dauntless Shield|boost\n|-boost|p2a: 50 Zent|def|1\n|turn|13\n|inactive|Tempest ash has 30 seconds left.\n|inactive|Tempest ash has 20 seconds left.\n|inactive|Tempest ash has 15 seconds left.\n|\n|t:|1775602054\n|switch|p1b: Dialga|Dialga-Origin, L50|100/100\n|-ability|p1b: Dialga|Pressure\n|move|p2b: Notorious CSR|Astral Barrage|p1a: Muk|[spread] p1a,p1b\n|-resisted|p1a: Muk\n|-damage|p1a: Muk|18/100\n|-damage|p1b: Dialga|0 fnt\n|faint|p1b: Dialga\n|-ability|p2b: Notorious CSR|Grim Neigh|boost\n|-boost|p2b: Notorious CSR|spa|1\n|-damage|p2b: Notorious CSR|72/100 tox|[from] item: Life Orb\n|move|p2a: 50 Zent|Body Press|p1a: Muk\n|-damage|p1a: Muk|3/100\n|move|p1a: Muk|Drain Punch|p2a: 50 Zent\n|-supereffective|p2a: 50 Zent\n|-damage|p2a: 50 Zent|85/100\n|-heal|p1a: Muk|10/100|[from] drain|[of] p2a: 50 Zent\n|\n|-heal|p1a: Muk|17/100|[from] item: Black Sludge\n|-damage|p2b: Notorious CSR|54/100 tox|[from] psn\n|-ability|p1a: Muk|Moody|boost\n|-boost|p1a: Muk|spe|2\n|-unboost|p1a: Muk|spd|1\n|upkeep\n|\n|t:|1775602062\n|switch|p1b: Lugia|Lugia, L50|100/100\n|turn|14\n|\n|t:|1775602070\n|move|p1a: Muk|Protect|p1a: Muk\n|-singleturn|p1a: Muk|Protect\n|move|p1b: Lugia|Protect|p1b: Lugia\n|-singleturn|p1b: Lugia|Protect\n|move|p2b: Notorious CSR|Astral Barrage|p1a: Muk|[spread] \n|-activate|p1a: Muk|move: Protect\n|-activate|p1b: Lugia|move: Protect\n|move|p2a: 50 Zent|Body Press|p1a: Muk\n|-activate|p1a: Muk|move: Protect\n|\n|-heal|p1a: Muk|23/100|[from] item: Black Sludge\n|-damage|p2b: Notorious CSR|29/100 tox|[from] psn\n|-ability|p1a: Muk|Moody|boost\n|-boost|p1a: Muk|spa|2\n|-unboost|p1a: Muk|spe|1\n|upkeep\n|turn|15\n|\n|t:|1775602089\n|move|p2b: Notorious CSR|Astral Barrage|p1b: Lugia|[spread] p1a,p1b\n|-resisted|p1a: Muk\n|-supereffective|p1b: Lugia\n|-crit|p1b: Lugia\n|-damage|p1a: Muk|0 fnt\n|-damage|p1b: Lugia|0 fnt\n|faint|p1a: Muk\n|faint|p1b: Lugia\n|-damage|p2b: Notorious CSR|20/100 tox|[from] item: Life Orb\n|\n|win|KaiMVGC\n|raw|Tempest ash's rating: 1507 &rarr; <strong>1491</strong><br />(-16 for losing)\n|raw|KaiMVGC's rating: 1570 &rarr; <strong>1586</strong><br />(+16 for winning)\n|l|\u2606KaiMVGC\n|player|p2|\n|l|\u2606Tempest ash\n|player|p1|\n","uploadtime":1775602361,"views":10,"formatid":"gen9vgc2026regi","rating":1491,"private":0,"password":null}