{"id":"gen9vgc2026regi-2534929814","format":"[Gen 9] VGC 2026 Reg I","players":["mikachu83983","j0l0k0"],"log":"|j|\u2606mikachu83983\n|j|\u2606j0l0k0\n|t:|1770493729\n|gametype|doubles\n|player|p1|mikachu83983|brock|1422\n|player|p2|j0l0k0|brycen|1436\n|gen|9\n|tier|[Gen 9] VGC 2026 Reg I\n|rated|\n|rule|Species Clause: Limit one of each Pok\u00e9mon\n|rule|Item Clause: Limit 1 of each item\n|clearpoke\n|poke|p1|Koraidon, L50|\n|poke|p1|Calyrex-Shadow, L50|\n|poke|p1|Scream Tail, L50|\n|poke|p1|Amoonguss, L50, M|\n|poke|p1|Flutter Mane, L50|\n|poke|p1|Incineroar, L50, M|\n|poke|p2|Calyrex-Ice, L50|\n|poke|p2|Kyogre, L50|\n|poke|p2|Indeedee-F, L50, F|\n|poke|p2|Urshifu-*, L50, F|\n|poke|p2|Amoonguss, L50, F|\n|poke|p2|Landorus, L50, M|\n|teampreview|4\n|inactive|Battle timer is ON: inactive players will automatically lose when time's up. (requested by j0l0k0)\n|\n|t:|1770493739\n|teamsize|p1|4\n|teamsize|p2|4\n|start\n|switch|p1a: Spectral Stallion|Calyrex-Shadow, L50|100/100\n|switch|p1b: Hypnotic Hyphae|Amoonguss, L50, M, shiny|100/100\n|switch|p2a: Indeedee|Indeedee-F, L50, F, shiny|100/100\n|switch|p2b: Calyrex|Calyrex-Ice, L50|100/100\n|-ability|p1a: Spectral Stallion|As One\n|-ability|p1a: Spectral Stallion|Unnerve\n|-ability|p2b: Calyrex|As One\n|-ability|p2b: Calyrex|Unnerve\n|-fieldstart|move: Psychic Terrain|[from] ability: Psychic Surge|[of] p2a: Indeedee\n|turn|1\n|inactive|j0l0k0 has 30 seconds left.\n|inactive|j0l0k0 has 20 seconds left.\n|inactive|mikachu83983 has 30 seconds left.\n|inactive|j0l0k0 has 15 seconds left.\n|\n|t:|1770493785\n|-terastallize|p1a: Spectral Stallion|Water\n|-terastallize|p2b: Calyrex|Normal\n|move|p2a: Indeedee|Follow Me|p2a: Indeedee\n|-singleturn|p2a: Indeedee|move: Follow Me\n|move|p1a: Spectral Stallion|Substitute|p1a: Spectral Stallion\n|-start|p1a: Spectral Stallion|Substitute\n|-damage|p1a: Spectral Stallion|75/100\n|move|p1b: Hypnotic Hyphae|Spore|p2a: Indeedee\n|-activate|p2a: Indeedee|item: Safety Goggles|Spore\n|move|p2b: Calyrex|Trick Room|p2b: Calyrex\n|-fieldstart|move: Trick Room|[of] p2b: Calyrex\n|\n|upkeep\n|turn|2\n|inactive|j0l0k0 has 30 seconds left.\n|inactive|mikachu83983 has 30 seconds left.\n|\n|t:|1770493822\n|move|p1b: Hypnotic Hyphae|Protect|p1b: Hypnotic Hyphae\n|-singleturn|p1b: Hypnotic Hyphae|Protect\n|move|p1a: Spectral Stallion|Protect|p1a: Spectral Stallion\n|-singleturn|p1a: Spectral Stallion|Protect\n|move|p2a: Indeedee|Follow Me|p2a: Indeedee\n|-singleturn|p2a: Indeedee|move: Follow Me\n|move|p2b: Calyrex|Glacial Lance|p1b: Hypnotic Hyphae|[spread] \n|-activate|p1a: Spectral Stallion|move: Protect\n|-activate|p1b: Hypnotic Hyphae|move: Protect\n|\n|upkeep\n|turn|3\n|\n|t:|1770493832\n|move|p2a: Indeedee|Follow Me|p2a: Indeedee\n|-singleturn|p2a: Indeedee|move: Follow Me\n|move|p1b: Hypnotic Hyphae|Pollen Puff|p2a: Indeedee\n|-supereffective|p2a: Indeedee\n|-damage|p2a: Indeedee|70/100\n|move|p2b: Calyrex|Glacial Lance|p1b: Hypnotic Hyphae|[spread] p1a,p1b\n|-resisted|p1a: Spectral Stallion\n|-end|p1a: Spectral Stallion|Substitute\n|-supereffective|p1b: Hypnotic Hyphae\n|-damage|p1b: Hypnotic Hyphae|2/100\n|move|p1a: Spectral Stallion|Pollen Puff|p2a: Indeedee\n|-supereffective|p2a: Indeedee\n|-damage|p2a: Indeedee|10/100\n|\n|upkeep\n|turn|4\n|inactive|mikachu83983 has 30 seconds left.\n|inactive|mikachu83983 has 20 seconds left.\n|\n|t:|1770493871\n|move|p1b: Hypnotic Hyphae|Protect|p1b: Hypnotic Hyphae\n|-singleturn|p1b: Hypnotic Hyphae|Protect\n|move|p2a: Indeedee|Follow Me|p2a: Indeedee\n|-singleturn|p2a: Indeedee|move: Follow Me\n|move|p2b: Calyrex|Glacial Lance|p1a: Spectral Stallion|[spread] p1a\n|-activate|p1b: Hypnotic Hyphae|move: Protect\n|-resisted|p1a: Spectral Stallion\n|-damage|p1a: Spectral Stallion|44/100\n|move|p1a: Spectral Stallion|Pollen Puff|p2a: Indeedee\n|-supereffective|p2a: Indeedee\n|-damage|p2a: Indeedee|0 fnt\n|faint|p2a: Indeedee\n|-ability|p1a: Spectral Stallion|Grim Neigh|boost\n|-boost|p1a: Spectral Stallion|spa|1\n|\n|upkeep\n|\n|t:|1770493878\n|switch|p2a: Landorus|Landorus, L50, M, shiny|100/100\n|turn|5\n|\n|t:|1770493896\n|move|p1a: Spectral Stallion|Protect|p1a: Spectral Stallion\n|-singleturn|p1a: Spectral Stallion|Protect\n|move|p1b: Hypnotic Hyphae|Spore|p2b: Calyrex\n|-status|p2b: Calyrex|slp|[from] move: Spore\n|cant|p2b: Calyrex|slp\n|move|p2a: Landorus|Sandsear Storm|p1a: Spectral Stallion|[spread] p1b\n|-activate|p1a: Spectral Stallion|move: Protect\n|-damage|p1b: Hypnotic Hyphae|0 fnt\n|faint|p1b: Hypnotic Hyphae\n|\n|-fieldend|move: Trick Room\n|-fieldend|move: Psychic Terrain\n|upkeep\n|\n|t:|1770493906\n|switch|p1b: Jiggly Juggernaut|Scream Tail, L50|100/100\n|-enditem|p1b: Jiggly Juggernaut|Booster Energy\n|-activate|p1b: Jiggly Juggernaut|ability: Protosynthesis|[fromitem]\n|-start|p1b: Jiggly Juggernaut|protosynthesisspe\n|turn|6\n|\n|t:|1770493923\n|move|p2a: Landorus|Protect|p2a: Landorus\n|-singleturn|p2a: Landorus|Protect\n|move|p1b: Jiggly Juggernaut|Disable|p2b: Calyrex\n|-start|p2b: Calyrex|Disable|Glacial Lance\n|move|p1a: Spectral Stallion|Astral Barrage|p2a: Landorus|[spread] \n|-activate|p2a: Landorus|move: Protect\n|-immune|p2b: Calyrex\n|cant|p2b: Calyrex|slp\n|\n|upkeep\n|turn|7\n|\n|t:|1770493942\n|switch|p2a: Kyogre|Kyogre, L50, shiny|100/100\n|-weather|RainDance|[from] ability: Drizzle|[of] p2a: Kyogre\n|move|p1b: Jiggly Juggernaut|Encore||[still]\n|-fail|p1b: Jiggly Juggernaut\n|move|p1a: Spectral Stallion|Pollen Puff|p2b: Calyrex\n|-damage|p2b: Calyrex|65/100 slp\n|-curestatus|p2b: Calyrex|slp|[msg]\n|move|p2b: Calyrex|Trick Room|p2b: Calyrex\n|-fieldstart|move: Trick Room|[of] p2b: Calyrex\n|\n|-weather|RainDance|[upkeep]\n|upkeep\n|turn|8\n|inactive|mikachu83983 has 30 seconds left.\n|\n|t:|1770493970\n|-end|p1b: Jiggly Juggernaut|Protosynthesis|[silent]\n|switch|p1b: Primal Predator|Koraidon, L50, shiny|100/100\n|-weather|SunnyDay|[from] ability: Orichalcum Pulse|[of] p1b: Primal Predator\n|-activate|p1b: Primal Predator|Orichalcum Pulse|[source]\n|move|p2b: Calyrex|Close Combat|p1a: Spectral Stallion\n|-damage|p1a: Spectral Stallion|0 fnt\n|-unboost|p2b: Calyrex|def|1\n|-unboost|p2b: Calyrex|spd|1\n|faint|p1a: Spectral Stallion\n|-ability|p2b: Calyrex|Chilling Neigh|boost\n|-boost|p2b: Calyrex|atk|1\n|move|p2a: Kyogre|Water Spout|p1b: Primal Predator\n|-resisted|p1b: Primal Predator\n|-damage|p1b: Primal Predator|78/100\n|\n|-weather|SunnyDay|[upkeep]\n|upkeep\n|\n|t:|1770493978\n|switch|p1a: Jiggly Juggernaut|Scream Tail, L50|100/100\n|-activate|p1a: Jiggly Juggernaut|ability: Protosynthesis\n|-start|p1a: Jiggly Juggernaut|protosynthesisspe\n|turn|9\n|\n|t:|1770494002\n|switch|p2a: Landorus|Landorus, L50, M, shiny|100/100\n|move|p2b: Calyrex|Close Combat|p1b: Primal Predator\n|-damage|p1b: Primal Predator|0 fnt\n|-unboost|p2b: Calyrex|def|1\n|-unboost|p2b: Calyrex|spd|1\n|faint|p1b: Primal Predator\n|-ability|p2b: Calyrex|Chilling Neigh|boost\n|-boost|p2b: Calyrex|atk|1\n|move|p1a: Jiggly Juggernaut|Dazzling Gleam|p2b: Calyrex|[spread] p2a,p2b\n|-damage|p2a: Landorus|86/100\n|-damage|p2b: Calyrex|43/100\n|\n|-weather|SunnyDay|[upkeep]\n|-end|p2b: Calyrex|Disable\n|upkeep\n|turn|10\n|\n|t:|1770494018\n|move|p2b: Calyrex|Crunch|p1a: Jiggly Juggernaut\n|-damage|p1a: Jiggly Juggernaut|43/100\n|move|p2a: Landorus|Sludge Bomb|p1a: Jiggly Juggernaut\n|-supereffective|p1a: Jiggly Juggernaut\n|-damage|p1a: Jiggly Juggernaut|0 fnt\n|faint|p1a: Jiggly Juggernaut\n|-end|p1a: Jiggly Juggernaut|Protosynthesis|[silent]\n|\n|win|j0l0k0\n|raw|mikachu83983's rating: 1422 &rarr; <strong>1403</strong><br />(-19 for losing)\n|raw|j0l0k0's rating: 1436 &rarr; <strong>1455</strong><br />(+19 for winning)\n|l|\u2606j0l0k0\n|player|p2|\n|l|\u2606mikachu83983\n|player|p1|\n","uploadtime":1770494259,"views":31,"formatid":"gen9vgc2026regi","rating":1403,"private":0,"password":null}