{"id":"gen9vgc2026regi-2538715300","format":"[Gen 9] VGC 2026 Reg I","players":["blackred123","TheManOfSausage"],"log":"|j|\u2606blackred123\n|j|\u2606TheManOfSausage\n|t:|1770961616\n|gametype|doubles\n|player|p1|blackred123|iono-masters|1478\n|player|p2|TheManOfSausage|miku-water|1524\n|gen|9\n|tier|[Gen 9] VGC 2026 Reg I\n|rated|\n|rule|Species Clause: Limit one of each Pok\u00e9mon\n|rule|Item Clause: Limit 1 of each item\n|clearpoke\n|poke|p1|Calyrex-Shadow, L50|\n|poke|p1|Zamazenta-*, L50|\n|poke|p1|Roaring Moon, L50|\n|poke|p1|Maushold-Four, L50|\n|poke|p1|Weezing, L50, M|\n|poke|p1|Amoonguss, L50, F|\n|poke|p2|Calyrex-Shadow, L50|\n|poke|p2|Koraidon, L50|\n|poke|p2|Weezing-Galar, L50, M|\n|poke|p2|Walking Wake, L50|\n|poke|p2|Raging Bolt, L50|\n|poke|p2|Chi-Yu, L50|\n|teampreview|4\n|inactive|Battle timer is ON: inactive players will automatically lose when time's up. (requested by blackred123)\n|j| Yancy0721\u56fe\u56fe\u72ac\u4fa0\n|inactive|TheManOfSausage has 60 seconds left.\n|\n|t:|1770961648\n|teamsize|p1|4\n|teamsize|p2|4\n|start\n|switch|p1a: Zamazenta|Zamazenta-Crowned, L50|100/100\n|switch|p1b: Roaring Moon|Roaring Moon, L50, shiny|100/100\n|switch|p2a: Koraidon|Koraidon, L50|100/100\n|switch|p2b: Chi-Yu|Chi-Yu, L50|100/100\n|-ability|p2b: Chi-Yu|Beads of Ruin\n|-weather|SunnyDay|[from] ability: Orichalcum Pulse|[of] p2a: Koraidon\n|-activate|p1b: Roaring Moon|ability: Protosynthesis\n|-start|p1b: Roaring Moon|protosynthesisspe\n|-activate|p2a: Koraidon|Orichalcum Pulse|[source]\n|-ability|p1a: Zamazenta|Dauntless Shield|boost\n|-boost|p1a: Zamazenta|def|1\n|turn|1\n|\n|t:|1770961658\n|-terastallize|p1a: Zamazenta|Dragon\n|move|p1b: Roaring Moon|Tailwind|p1b: Roaring Moon\n|-sidestart|p1: blackred123|move: Tailwind\n|move|p1a: Zamazenta|Body Press|p2b: Chi-Yu\n|-supereffective|p2b: Chi-Yu\n|-damage|p2b: Chi-Yu|0 fnt\n|faint|p2b: Chi-Yu\n|move|p2a: Koraidon|Flame Charge|p1b: Roaring Moon\n|-resisted|p1b: Roaring Moon\n|-damage|p1b: Roaring Moon|78/100\n|-boost|p2a: Koraidon|spe|1\n|\n|-weather|SunnyDay|[upkeep]\n|upkeep\n|\n|t:|1770961667\n|switch|p2b: Raging Bolt|Raging Bolt, L50|100/100\n|-activate|p2b: Raging Bolt|ability: Protosynthesis\n|-start|p2b: Raging Bolt|protosynthesisspa\n|turn|2\n|\n|t:|1770961677\n|move|p2a: Koraidon|Protect|p2a: Koraidon\n|-singleturn|p2a: Koraidon|Protect\n|move|p2b: Raging Bolt|Protect|p2b: Raging Bolt\n|-singleturn|p2b: Raging Bolt|Protect\n|move|p1b: Roaring Moon|Acrobatics|p2a: Koraidon\n|-activate|p2a: Koraidon|move: Protect\n|move|p1a: Zamazenta|Body Press|p2b: Raging Bolt\n|-activate|p2b: Raging Bolt|move: Protect\n|\n|-weather|SunnyDay|[upkeep]\n|upkeep\n|turn|3\n|\n|t:|1770961693\n|move|p1b: Roaring Moon|Knock Off|p2a: Koraidon\n|-resisted|p2a: Koraidon\n|-damage|p2a: Koraidon|79/100\n|-enditem|p2a: Koraidon|Ability Shield|[from] move: Knock Off|[of] p1b: Roaring Moon\n|move|p1a: Zamazenta|Body Press|p2a: Koraidon\n|-damage|p2a: Koraidon|21/100\n|move|p2a: Koraidon|Collision Course|p1b: Roaring Moon\n|-supereffective|p1b: Roaring Moon\n|-crit|p1b: Roaring Moon\n|-damage|p1b: Roaring Moon|0 fnt\n|faint|p1b: Roaring Moon\n|-end|p1b: Roaring Moon|Protosynthesis|[silent]\n|move|p2b: Raging Bolt|Dragon Pulse|p1a: Zamazenta\n|-supereffective|p1a: Zamazenta\n|-damage|p1a: Zamazenta|18/100\n|\n|-weather|SunnyDay|[upkeep]\n|upkeep\n|\n|t:|1770961702\n|switch|p1b: Calyrex|Calyrex-Shadow, L50|100/100\n|-ability|p1b: Calyrex|As One\n|-ability|p1b: Calyrex|Unnerve\n|turn|4\n|\n|t:|1770961714\n|switch|p1a: Maushold|Maushold-Four, L50|100/100\n|move|p2a: Koraidon|Protect|p2a: Koraidon\n|-singleturn|p2a: Koraidon|Protect\n|move|p2b: Raging Bolt|Protect|p2b: Raging Bolt\n|-singleturn|p2b: Raging Bolt|Protect\n|move|p1b: Calyrex|Astral Barrage|p2b: Raging Bolt|[spread] \n|-activate|p2a: Koraidon|move: Protect\n|-activate|p2b: Raging Bolt|move: Protect\n|\n|-weather|SunnyDay|[upkeep]\n|-sideend|p1: blackred123|move: Tailwind\n|upkeep\n|turn|5\n|\n|t:|1770961724\n|move|p1a: Maushold|Follow Me|p1a: Maushold\n|-singleturn|p1a: Maushold|move: Follow Me\n|move|p2a: Koraidon|Flare Blitz|p1a: Maushold\n|-damage|p1a: Maushold|0 fnt\n|faint|p1a: Maushold\n|-damage|p2a: Koraidon|0 fnt|[from] Recoil\n|faint|p2a: Koraidon\n|move|p1b: Calyrex|Astral Barrage|p2b: Raging Bolt\n|-damage|p2b: Raging Bolt|3/100\n|move|p2b: Raging Bolt|Thunderbolt|p1b: Calyrex\n|-damage|p1b: Calyrex|14/100\n|\n|-weather|none\n|-end|p2b: Raging Bolt|Protosynthesis\n|upkeep\n|\n|t:|1770961729\n|switch|p2a: Rice Shower|Calyrex-Shadow, L50|100/100\n|switch|p1a: Zamazenta|Zamazenta-Crowned, L50, tera:Dragon|18/100\n|-ability|p2a: Rice Shower|As One\n|-ability|p2a: Rice Shower|Unnerve\n|turn|6\n|\n|t:|1770961735\n|move|p1a: Zamazenta|Wide Guard|p1a: Zamazenta\n|-singleturn|p1a: Zamazenta|Wide Guard\n|move|p2b: Raging Bolt|Thunderclap|p1b: Calyrex\n|-damage|p1b: Calyrex|0 fnt\n|faint|p1b: Calyrex\n|move|p2a: Rice Shower|Psychic|p1a: Zamazenta\n|-damage|p1a: Zamazenta|0 fnt\n|faint|p1a: Zamazenta\n|\n|win|TheManOfSausage\n|raw|blackred123's rating: 1478 &rarr; <strong>1461</strong><br />(-17 for losing)\n|raw|TheManOfSausage's rating: 1524 &rarr; <strong>1541</strong><br />(+17 for winning)\n|c|\u2606TheManOfSausage|gg\n|l|\u2606blackred123\n|player|p1|\n|l|\u2606TheManOfSausage\n|player|p2|\n|l| Yancy0721\u56fe\u56fe\u72ac\u4fa0\n","uploadtime":1770961941,"views":36,"formatid":"gen9vgc2026regi","rating":1461,"private":0,"password":null}