{"id":"gen9vgc2026regi-2589202770","format":"[Gen 9] VGC 2026 Reg I","players":["mongibongi","Sunny_zong1"],"log":"|j|\u2606mongibongi\n|j|\u2606Sunny_zong1\n|t:|1776706282\n|gametype|doubles\n|player|p1|mongibongi|skierf|1374\n|player|p2|Sunny_zong1|bugsy|1419\n|gen|9\n|tier|[Gen 9] VGC 2026 Reg I\n|rated|\n|rule|Species Clause: Limit one of each Pok\u00e9mon\n|rule|Item Clause: Limit 1 of each item\n|clearpoke\n|poke|p1|Miraidon, L50|\n|poke|p1|Calyrex-Ice, L50|\n|poke|p1|Sinistcha, L50|\n|poke|p1|Toxapex, L50, M|\n|poke|p1|Incineroar, L50, F|\n|poke|p1|Landorus, L50, M|\n|poke|p2|Glimmora, L50, F|\n|poke|p2|Eternatus, L50|\n|poke|p2|Miraidon, L50|\n|poke|p2|Annihilape, L50, F|\n|poke|p2|Wo-Chien, L50|\n|poke|p2|Grimmsnarl, L50, M|\n|teampreview|4\n|inactive|Battle timer is ON: inactive players will automatically lose when time's up. (requested by Sunny_zong1)\n|\n|t:|1776706308\n|teamsize|p1|4\n|teamsize|p2|4\n|start\n|switch|p1a: Miraidon|Miraidon, L50|100/100\n|switch|p1b: Landorus|Landorus, L50, M|100/100\n|switch|p2a: Grimmsnarl|Grimmsnarl, L50, M|100/100\n|switch|p2b: Wo-Chien|Wo-Chien, L50|100/100\n|-fieldstart|move: Electric Terrain|[from] ability: Hadron Engine|[of] p1a: Miraidon\n|-ability|p2b: Wo-Chien|Tablets of Ruin\n|turn|1\n|\n|t:|1776706329\n|move|p2b: Wo-Chien|Protect|p2b: Wo-Chien\n|-singleturn|p2b: Wo-Chien|Protect\n|move|p2a: Grimmsnarl|Light Screen|p2a: Grimmsnarl\n|-sidestart|p2: Sunny_zong1|move: Light Screen\n|move|p1a: Miraidon|Volt Switch|p2a: Grimmsnarl\n|-damage|p2a: Grimmsnarl|66/100\n|\n|t:|1776706334\n|switch|p1a: Toxapex|Toxapex, L50, M|100/100|[from] Volt Switch\n|move|p1b: Landorus|Sludge Bomb|p2a: Grimmsnarl\n|-supereffective|p2a: Grimmsnarl\n|-damage|p2a: Grimmsnarl|13/100\n|\n|upkeep\n|turn|2\n|inactive|Sunny_zong1 has 30 seconds left.\n|inactive|mongibongi has 30 seconds left.\n|\n|t:|1776706365\n|move|p2a: Grimmsnarl|Thunder Wave|p1a: Toxapex\n|-status|p1a: Toxapex|par\n|move|p1b: Landorus|Sludge Bomb|p2a: Grimmsnarl\n|-supereffective|p2a: Grimmsnarl\n|-damage|p2a: Grimmsnarl|0 fnt\n|faint|p2a: Grimmsnarl\n|move|p2b: Wo-Chien|Snarl|p1a: Toxapex|[spread] p1a,p1b\n|-damage|p1a: Toxapex|90/100 par\n|-damage|p1b: Landorus|86/100\n|-unboost|p1a: Toxapex|spa|1\n|-unboost|p1b: Landorus|spa|1\n|cant|p1a: Toxapex|par\n|\n|-heal|p1a: Toxapex|96/100 par|[from] item: Leftovers\n|upkeep\n|\n|t:|1776706379\n|switch|p2a: Eternatus|Eternatus, L50|100/100\n|-ability|p2a: Eternatus|Pressure\n|turn|3\n|\n|t:|1776706390\n|move|p2a: Eternatus|Cosmic Power|p2a: Eternatus\n|-boost|p2a: Eternatus|def|1\n|-boost|p2a: Eternatus|spd|1\n|move|p1b: Landorus|Earth Power|p2a: Eternatus\n|-supereffective|p2a: Eternatus\n|-damage|p2a: Eternatus|71/100\n|move|p2b: Wo-Chien|Snarl|p1a: Toxapex|[spread] p1a,p1b\n|-damage|p1a: Toxapex|86/100 par\n|-damage|p1b: Landorus|73/100\n|-unboost|p1a: Toxapex|spa|1\n|-unboost|p1b: Landorus|spa|1\n|move|p1a: Toxapex|Toxic|p2b: Wo-Chien\n|-status|p2b: Wo-Chien|tox\n|\n|-heal|p2a: Eternatus|77/100|[from] item: Leftovers\n|-heal|p1a: Toxapex|92/100 par|[from] item: Leftovers\n|-damage|p2b: Wo-Chien|94/100 tox|[from] psn\n|upkeep\n|turn|4\n|\n|t:|1776706406\n|switch|p1b: Calyrex|Calyrex-Ice, L50|100/100\n|-ability|p1b: Calyrex|As One\n|-ability|p1b: Calyrex|Unnerve\n|move|p2a: Eternatus|Cosmic Power|p2a: Eternatus\n|-boost|p2a: Eternatus|def|1\n|-boost|p2a: Eternatus|spd|1\n|move|p2b: Wo-Chien|Leech Seed|p1a: Toxapex\n|-start|p1a: Toxapex|move: Leech Seed\n|cant|p1a: Toxapex|par\n|\n|-heal|p2a: Eternatus|83/100|[from] item: Leftovers\n|-heal|p1a: Toxapex|97/100 par|[from] item: Leftovers\n|-damage|p1a: Toxapex|85/100 par|[from] Leech Seed|[of] p2b: Wo-Chien\n|-heal|p2b: Wo-Chien|100/100 tox|[silent]\n|-damage|p2b: Wo-Chien|88/100 tox|[from] psn\n|upkeep\n|turn|5\n|\n|t:|1776706421\n|move|p2a: Eternatus|Cosmic Power|p2a: Eternatus\n|-boost|p2a: Eternatus|def|1\n|-boost|p2a: Eternatus|spd|1\n|move|p2b: Wo-Chien|Leech Seed|p1b: Calyrex\n|-start|p1b: Calyrex|move: Leech Seed\n|move|p1b: Calyrex|Leech Seed|p2a: Eternatus\n|-start|p2a: Eternatus|move: Leech Seed\n|cant|p1a: Toxapex|par\n|\n|-heal|p2a: Eternatus|89/100|[from] item: Leftovers\n|-heal|p1a: Toxapex|91/100 par|[from] item: Leftovers\n|-damage|p2a: Eternatus|77/100|[from] Leech Seed|[of] p1b: Calyrex\n|-damage|p1b: Calyrex|88/100|[from] Leech Seed|[of] p2b: Wo-Chien\n|-heal|p2b: Wo-Chien|100/100 tox|[silent]\n|-damage|p1a: Toxapex|79/100 par|[from] Leech Seed|[of] p2b: Wo-Chien\n|-damage|p2b: Wo-Chien|82/100 tox|[from] psn\n|-fieldend|move: Electric Terrain\n|upkeep\n|turn|6\n|\n|t:|1776706441\n|switch|p1a: Landorus|Landorus, L50, M|73/100\n|move|p2a: Eternatus|Sludge Bomb|p1b: Calyrex\n|-damage|p1b: Calyrex|62/100\n|move|p2b: Wo-Chien|Snarl|p1b: Calyrex|[spread] p1a,p1b\n|-supereffective|p1b: Calyrex\n|-damage|p1a: Landorus|60/100\n|-damage|p1b: Calyrex|46/100\n|-unboost|p1a: Landorus|spa|1\n|move|p1b: Calyrex|Trick Room|p1b: Calyrex\n|-fieldstart|move: Trick Room|[of] p1b: Calyrex\n|\n|-heal|p2a: Eternatus|83/100|[from] item: Leftovers\n|-damage|p1b: Calyrex|34/100|[from] Leech Seed|[of] p2b: Wo-Chien\n|-heal|p2b: Wo-Chien|95/100 tox|[silent]\n|-damage|p2a: Eternatus|71/100|[from] Leech Seed|[of] p1b: Calyrex\n|-heal|p1b: Calyrex|49/100|[silent]\n|-damage|p2b: Wo-Chien|70/100 tox|[from] psn\n|upkeep\n|turn|7\n|\n|t:|1776706458\n|switch|p1b: Toxapex|Toxapex, L50, M|100/100 par\n|switch|p2b: Miraidon|Miraidon, L50|100/100\n|-fieldstart|move: Electric Terrain|[from] ability: Hadron Engine|[of] p2b: Miraidon\n|move|p1a: Landorus|Earth Power|p2a: Eternatus\n|-supereffective|p2a: Eternatus\n|-damage|p2a: Eternatus|54/100\n|move|p2a: Eternatus|Sludge Bomb|p1a: Landorus\n|-resisted|p1a: Landorus\n|-damage|p1a: Landorus|39/100\n|\n|-heal|p2a: Eternatus|60/100|[from] item: Leftovers\n|-damage|p2a: Eternatus|47/100|[from] Leech Seed|[of] p1b: Toxapex\n|upkeep\n|turn|8\n|inactive|Sunny_zong1 has 30 seconds left.\n|\n|t:|1776706488\n|switch|p2a: Wo-Chien|Wo-Chien, L50|70/100 tox\n|-ability|p2a: Wo-Chien|Tablets of Ruin\n|-terastallize|p2b: Miraidon|Fairy\n|move|p1b: Toxapex|Infestation|p2a: Wo-Chien\n|-supereffective|p2a: Wo-Chien\n|-damage|p2a: Wo-Chien|64/100 tox\n|-activate|p2a: Wo-Chien|move: Infestation|[of] p1b: Toxapex\n|-damage|p1b: Toxapex|84/100 par|[from] item: Rocky Helmet|[of] p2a: Wo-Chien\n|move|p1a: Landorus|Sandsear Storm|p2b: Miraidon|[spread] p2a,p2b\n|-resisted|p2a: Wo-Chien\n|-damage|p2a: Wo-Chien|56/100 tox\n|-damage|p2b: Miraidon|76/100\n|move|p2b: Miraidon|Dazzling Gleam|p1a: Landorus|[spread] p1a,p1b\n|-crit|p1a: Landorus\n|-resisted|p1b: Toxapex\n|-damage|p1a: Landorus|0 fnt\n|-damage|p1b: Toxapex|61/100 par\n|faint|p1a: Landorus\n|\n|-heal|p1b: Toxapex|67/100 par|[from] item: Leftovers\n|-damage|p2a: Wo-Chien|49/100 tox|[from] psn\n|-damage|p2a: Wo-Chien|37/100 tox|[from] move: Infestation|[partiallytrapped]\n|-sideend|p2: Sunny_zong1|move: Light Screen\n|upkeep\n|\n|t:|1776706499\n|switch|p1a: Calyrex|Calyrex-Ice, L50|49/100\n|-ability|p1a: Calyrex|As One\n|-ability|p1a: Calyrex|Unnerve\n|turn|9\n|\n|t:|1776706511\n|move|p1b: Toxapex|Baneful Bunker|p1b: Toxapex\n|-singleturn|p1b: Toxapex|move: Protect\n|move|p1a: Calyrex|Glacial Lance|p2a: Wo-Chien|[spread] p2a,p2b\n|-supereffective|p2a: Wo-Chien\n|-damage|p2a: Wo-Chien|0 fnt\n|-damage|p2b: Miraidon|34/100\n|faint|p2a: Wo-Chien\n|-ability|p1a: Calyrex|Chilling Neigh|boost\n|-boost|p1a: Calyrex|atk|1\n|move|p2b: Miraidon|Dazzling Gleam|p1a: Calyrex|[spread] p1a\n|-activate|p1b: Toxapex|move: Protect\n|-damage|p1a: Calyrex|13/100\n|\n|-heal|p1b: Toxapex|72/100 par|[from] item: Leftovers\n|upkeep\n|\n|t:|1776706512\n|switch|p2a: Eternatus|Eternatus, L50|47/100\n|-ability|p2a: Eternatus|Pressure\n|turn|10\n|\n|t:|1776706524\n|move|p1b: Toxapex|Toxic|p2b: Miraidon\n|-status|p2b: Miraidon|tox\n|move|p1a: Calyrex|Glacial Lance|p2a: Eternatus|[spread] p2a,p2b\n|-supereffective|p2a: Eternatus\n|-damage|p2a: Eternatus|0 fnt\n|-damage|p2b: Miraidon|0 fnt\n|faint|p2a: Eternatus\n|faint|p2b: Miraidon\n|\n|win|mongibongi\n|raw|mongibongi's rating: 1374 &rarr; <strong>1397</strong><br />(+23 for winning)\n|raw|Sunny_zong1's rating: 1419 &rarr; <strong>1396</strong><br />(-23 for losing)\n|l|\u2606mongibongi\n|player|p1|\n|l|\u2606Sunny_zong1\n|player|p2|\n","uploadtime":1776706758,"views":9,"formatid":"gen9vgc2026regi","rating":1396,"private":0,"password":null}