{"id":"gen9vgc2026regi-2580342166","format":"[Gen 9] VGC 2026 Reg I","players":["yaochangzhe","malkarion152"],"log":"|j|\u2606yaochangzhe\n|j|\u2606malkarion152\n|t:|1775882775\n|gametype|doubles\n|player|p1|yaochangzhe|1|1469\n|player|p2|malkarion152|grimsley|1361\n|gen|9\n|tier|[Gen 9] VGC 2026 Reg I\n|rated|\n|rule|Species Clause: Limit one of each Pok\u00e9mon\n|rule|Item Clause: Limit 1 of each item\n|clearpoke\n|poke|p1|Calyrex-Ice, L50|\n|poke|p1|Kyogre, L50|\n|poke|p1|Iron Jugulis, L50|\n|poke|p1|Basculegion, L50, M|\n|poke|p1|Smeargle, L50, F|\n|poke|p1|Rillaboom, L50, F|\n|poke|p2|Tyranitar, L50, M|\n|poke|p2|Farigiraf, L50, F|\n|poke|p2|Zamazenta-*, L50|\n|poke|p2|Grimmsnarl, L50, M|\n|poke|p2|Ursaluna, L50, M|\n|poke|p2|Necrozma-Dusk-Mane, L50|\n|teampreview|4\n|inactive|Battle timer is ON: inactive players will automatically lose when time's up. (requested by malkarion152)\n|inactive|yaochangzhe has 60 seconds left.\n|\n|t:|1775882818\n|teamsize|p1|4\n|teamsize|p2|4\n|start\n|switch|p1a: Calyrex|Calyrex-Ice, L50|100/100\n|switch|p1b: Iron Jugulis|Iron Jugulis, L50|100/100\n|switch|p2a: Tyranitar|Tyranitar, L50, M|100/100\n|switch|p2b: Grimmsnarl|Grimmsnarl, L50, M, shiny|100/100\n|-ability|p1a: Calyrex|As One\n|-ability|p1a: Calyrex|Unnerve\n|-weather|Sandstorm|[from] ability: Sand Stream|[of] p2a: Tyranitar\n|-enditem|p1b: Iron Jugulis|Booster Energy\n|-activate|p1b: Iron Jugulis|ability: Quark Drive|[fromitem]\n|-start|p1b: Iron Jugulis|quarkdrivespe\n|turn|1\n|\n|t:|1775882842\n|move|p2b: Grimmsnarl|Reflect|p2b: Grimmsnarl\n|-sidestart|p2: malkarion152|Reflect\n|move|p1b: Iron Jugulis|Tailwind|p1b: Iron Jugulis\n|-sidestart|p1: yaochangzhe|move: Tailwind\n|move|p1a: Calyrex|Leech Seed|p2a: Tyranitar\n|-start|p2a: Tyranitar|move: Leech Seed\n|move|p2a: Tyranitar|Rock Slide|p1b: Iron Jugulis|[spread] p1a,p1b\n|-supereffective|p1a: Calyrex\n|-crit|p1a: Calyrex\n|-supereffective|p1b: Iron Jugulis\n|-damage|p1a: Calyrex|40/100\n|-damage|p1b: Iron Jugulis|39/100\n|\n|-weather|Sandstorm|[upkeep]\n|-damage|p1b: Iron Jugulis|33/100|[from] Sandstorm\n|-damage|p1a: Calyrex|34/100|[from] Sandstorm\n|-heal|p1a: Calyrex|40/100|[from] item: Leftovers\n|-damage|p2a: Tyranitar|88/100|[from] Leech Seed|[of] p1a: Calyrex\n|-heal|p1a: Calyrex|52/100|[silent]\n|upkeep\n|turn|2\n|\n|t:|1775882861\n|-end|p1b: Iron Jugulis|Quark Drive|[silent]\n|switch|p1b: Kyogre|Kyogre, L50|100/100\n|-weather|RainDance|[from] ability: Drizzle|[of] p1b: Kyogre\n|move|p2b: Grimmsnarl|Light Screen|p2b: Grimmsnarl\n|-sidestart|p2: malkarion152|move: Light Screen\n|move|p1a: Calyrex|Leech Seed|p2b: Grimmsnarl\n|-start|p2b: Grimmsnarl|move: Leech Seed\n|move|p2a: Tyranitar|Rock Slide|p1b: Kyogre|[spread] p1a,p1b\n|-supereffective|p1a: Calyrex\n|-damage|p1a: Calyrex|17/100\n|-damage|p1b: Kyogre|69/100\n|\n|-weather|RainDance|[upkeep]\n|-heal|p1a: Calyrex|23/100|[from] item: Leftovers\n|-damage|p2a: Tyranitar|76/100|[from] Leech Seed|[of] p1a: Calyrex\n|-heal|p1a: Calyrex|35/100|[silent]\n|-damage|p2b: Grimmsnarl|88/100|[from] Leech Seed|[of] p1a: Calyrex\n|-heal|p1a: Calyrex|47/100|[silent]\n|upkeep\n|turn|3\n|\n|t:|1775882885\n|switch|p2a: Zamazenta|Zamazenta-Crowned, L50, shiny|100/100\n|-ability|p2a: Zamazenta|Dauntless Shield|boost\n|-boost|p2a: Zamazenta|def|1\n|move|p2b: Grimmsnarl|Parting Shot|p1b: Kyogre\n|-unboost|p1b: Kyogre|atk|1\n|-unboost|p1b: Kyogre|spa|1\n|\n|t:|1775882893\n|switch|p2b: Tyranitar|Tyranitar, L50, M|76/100|[from] Parting Shot\n|-weather|Sandstorm|[from] ability: Sand Stream|[of] p2b: Tyranitar\n|move|p1b: Kyogre|Water Spout|p2a: Zamazenta|[spread] p2a,p2b\n|-supereffective|p2b: Tyranitar\n|-damage|p2a: Zamazenta|84/100\n|-damage|p2b: Tyranitar|59/100\n|move|p1a: Calyrex|Glacial Lance|p2a: Zamazenta|[spread] p2a,p2b\n|-resisted|p2a: Zamazenta\n|-damage|p2a: Zamazenta|77/100\n|-damage|p2b: Tyranitar|31/100\n|\n|-weather|Sandstorm|[upkeep]\n|-damage|p1b: Kyogre|63/100|[from] Sandstorm\n|-damage|p1a: Calyrex|41/100|[from] Sandstorm\n|-heal|p1a: Calyrex|47/100|[from] item: Leftovers\n|upkeep\n|turn|4\n|\n|t:|1775882921\n|move|p1a: Calyrex|Protect|p1a: Calyrex\n|-singleturn|p1a: Calyrex|Protect\n|move|p1b: Kyogre|Hydro Pump|p2b: Tyranitar\n|-supereffective|p2b: Tyranitar\n|-damage|p2b: Tyranitar|3/100\n|move|p2a: Zamazenta|Body Press|p1b: Kyogre\n|-damage|p1b: Kyogre|0 fnt\n|faint|p1b: Kyogre\n|move|p2b: Tyranitar|Crunch|p1a: Calyrex\n|-activate|p1a: Calyrex|move: Protect\n|\n|-weather|Sandstorm|[upkeep]\n|-damage|p1a: Calyrex|41/100|[from] Sandstorm\n|-heal|p1a: Calyrex|47/100|[from] item: Leftovers\n|-sideend|p1: yaochangzhe|move: Tailwind\n|upkeep\n|\n|t:|1775882932\n|switch|p1b: Iron Jugulis|Iron Jugulis, L50|33/100\n|turn|5\n|\n|t:|1775882945\n|-terastallize|p1a: Calyrex|Fairy\n|move|p1b: Iron Jugulis|Tailwind|p1b: Iron Jugulis\n|-sidestart|p1: yaochangzhe|move: Tailwind\n|move|p2a: Zamazenta|Behemoth Bash|p1a: Calyrex\n|-supereffective|p1a: Calyrex\n|-damage|p1a: Calyrex|0 fnt\n|faint|p1a: Calyrex\n|move|p2b: Tyranitar|Rock Slide|p1b: Iron Jugulis\n|-supereffective|p1b: Iron Jugulis\n|-damage|p1b: Iron Jugulis|0 fnt\n|faint|p1b: Iron Jugulis\n|-end|p1b: Iron Jugulis|Quark Drive|[silent]\n|\n|-weather|Sandstorm|[upkeep]\n|-sideend|p2: malkarion152|Reflect\n|upkeep\n|-message|yaochangzhe forfeited.\n|\n|win|malkarion152\n|raw|yaochangzhe's rating: 1469 &rarr; <strong>1443</strong><br />(-26 for losing)\n|raw|malkarion152's rating: 1361 &rarr; <strong>1387</strong><br />(+26 for winning)\n|l|\u2606yaochangzhe\n|player|p1|\n|l|\u2606malkarion152\n|player|p2|\n","uploadtime":1775883165,"views":11,"formatid":"gen9vgc2026regi","rating":1387,"private":0,"password":null}