{"id":"gen9vgc2026regi-2567391541","format":"[Gen 9] VGC 2026 Reg I","players":["M1um","JERRY RIVERA"],"log":"|j|\u2606M1um\n|j|\u2606JERRY RIVERA\n|t:|1774472069\n|gametype|doubles\n|player|p1|M1um|benga|1204\n|player|p2|JERRY RIVERA|silver|1270\n|gen|9\n|tier|[Gen 9] VGC 2026 Reg I\n|rated|\n|rule|Species Clause: Limit one of each Pok\u00e9mon\n|rule|Item Clause: Limit 1 of each item\n|clearpoke\n|poke|p1|Tyranitar, L50, M|\n|poke|p1|Alcremie-Mint-Cream, L50, F|\n|poke|p1|Ogerpon-Cornerstone, L50, F|\n|poke|p1|Excadrill, L50, F|\n|poke|p1|Lunala, L50|\n|poke|p1|Terrakion, L50|\n|poke|p2|Calyrex-Shadow, L50|\n|poke|p2|Kyogre, L50|\n|poke|p2|Ditto, L50|\n|poke|p2|Urshifu-*, L50, F|\n|poke|p2|Tornadus, L50, M|\n|poke|p2|Indeedee-F, L50, F|\n|teampreview|4\n|inactive|Battle timer is ON: inactive players will automatically lose when time's up. (requested by M1um)\nM1um has agreed to open team sheets.\n|inactive|M1um has 60 seconds left.\n|\n|t:|1774472115\n|teamsize|p1|4\n|teamsize|p2|4\n|start\n|switch|p1a: Ogerpon|Ogerpon-Cornerstone, L50, F|100/100\n|switch|p1b: Alcremie|Alcremie-Mint-Cream, L50, F, shiny|100/100\n|switch|p2a: Bukele|Tornadus, L50, M|100/100\n|switch|p2b: Jorginho|Urshifu, L50, F|100/100\n|turn|1\n|\n|t:|1774472132\n|-terastallize|p2b: Jorginho|Poison\n|move|p2a: Bukele|Tailwind|p2a: Bukele\n|-sidestart|p2: JERRY RIVERA|move: Tailwind\n|move|p2b: Jorginho|Poison Jab|p1b: Alcremie\n|-supereffective|p1b: Alcremie\n|-damage|p1b: Alcremie|0 fnt\n|faint|p1b: Alcremie\n|move|p1a: Ogerpon|Ivy Cudgel|p2a: Bukele|[anim] Ivy Cudgel Rock\n|-supereffective|p2a: Bukele\n|-enditem|p2a: Bukele|Focus Sash\n|-damage|p2a: Bukele|1/100\n|\n|upkeep\n|\n|t:|1774472151\n|switch|p1b: Tyranitar|Tyranitar, L50, M|100/100\n|-weather|Sandstorm|[from] ability: Sand Stream|[of] p1b: Tyranitar\n|turn|2\n|\n|t:|1774472173\n|-terastallize|p1b: Tyranitar|Ghost\n|move|p2a: Bukele|Bleakwind Storm|p1b: Tyranitar|[spread] p1b\n|-miss|p2a: Bukele|p1a: Ogerpon\n|-damage|p1b: Tyranitar|77/100\n|move|p2b: Jorginho|Poison Jab|p1a: Ogerpon\n|-damage|p1a: Ogerpon|30/100\n|-status|p1a: Ogerpon|psn\n|move|p1a: Ogerpon|Ivy Cudgel|p2b: Jorginho|[anim] Ivy Cudgel Rock\n|-damage|p2b: Jorginho|48/100\n|move|p1b: Tyranitar|Rock Slide|p2b: Jorginho|[spread] p2a,p2b\n|-supereffective|p2a: Bukele\n|-damage|p2a: Bukele|0 fnt\n|-damage|p2b: Jorginho|23/100\n|faint|p2a: Bukele\n|\n|-weather|Sandstorm|[upkeep]\n|-damage|p2b: Jorginho|17/100|[from] Sandstorm\n|-damage|p1b: Tyranitar|71/100|[from] Sandstorm\n|-damage|p1a: Ogerpon|17/100 psn|[from] psn\n|upkeep\n|\n|t:|1774472188\n|switch|p2a: Jerry Rivera|Kyogre, L50|100/100\n|-weather|RainDance|[from] ability: Drizzle|[of] p2a: Jerry Rivera\n|turn|3\n|\n|t:|1774472207\n|switch|p2b: Vino|Calyrex-Shadow, L50|100/100\n|-ability|p2b: Vino|As One\n|-ability|p2b: Vino|Unnerve\n|switch|p1a: Lunala|Lunala, L50|100/100\n|move|p2a: Jerry Rivera|Water Spout|p1a: Lunala|[spread] p1a,p1b\n|-damage|p1a: Lunala|60/100\n|-damage|p1b: Tyranitar|0 fnt\n|faint|p1b: Tyranitar\n|\n|-weather|RainDance|[upkeep]\n|upkeep\n|\n|t:|1774472222\n|switch|p1b: Ogerpon|Ogerpon-Cornerstone, L50, F|17/100 psn\n|turn|4\n|\n|t:|1774472233\n|move|p1a: Lunala|Wide Guard|p1a: Lunala\n|-singleturn|p1a: Lunala|Wide Guard\n|move|p2b: Vino|Psychic|p1b: Ogerpon\n|-crit|p1b: Ogerpon\n|-damage|p1b: Ogerpon|0 fnt\n|faint|p1b: Ogerpon\n|-ability|p2b: Vino|Grim Neigh|boost\n|-boost|p2b: Vino|spa|1\n|-damage|p2b: Vino|91/100|[from] item: Life Orb\n|move|p2a: Jerry Rivera|Water Spout|p1a: Lunala\n|-activate|p1a: Lunala|move: Wide Guard\n|\n|-weather|RainDance|[upkeep]\n|-sideend|p2: JERRY RIVERA|move: Tailwind\n|upkeep\n|turn|5\n|\n|t:|1774472248\n|switch|p2a: Jorginho|Urshifu, L50, F, tera:Poison|17/100\n|move|p2b: Vino|Astral Barrage|p1a: Lunala\n|-supereffective|p1a: Lunala\n|-damage|p1a: Lunala|0 fnt\n|faint|p1a: Lunala\n|-damage|p2b: Vino|81/100|[from] item: Life Orb\n|\n|win|JERRY RIVERA\n|raw|M1um's rating: 1204 &rarr; <strong>1184</strong><br />(-20 for losing)\n|raw|JERRY RIVERA's rating: 1270 &rarr; <strong>1290</strong><br />(+20 for winning)\n|c|\u2606JERRY RIVERA|gg\n|l|\u2606JERRY RIVERA\n|player|p2|\n|l|\u2606M1um\n|player|p1|\n","uploadtime":1774472498,"views":11,"formatid":"gen9vgc2026regi","rating":1184,"private":0,"password":null}