{"id":"gen9vgc2026regi-2576795122","format":"[Gen 9] VGC 2026 Reg I","players":["TFLuke","Bman311"],"log":"|j|\u2606TFLuke\n|j|\u2606Bman311\n|t:|1775506309\n|gametype|doubles\n|player|p1|TFLuke|2|1497\n|player|p2|Bman311|101|1577\n|gen|9\n|tier|[Gen 9] VGC 2026 Reg I\n|rated|\n|rule|Species Clause: Limit one of each Pok\u00e9mon\n|rule|Item Clause: Limit 1 of each item\n|clearpoke\n|poke|p1|Calyrex-Shadow, L50|\n|poke|p1|Zamazenta-*, L50|\n|poke|p1|Incineroar, L50, M|\n|poke|p1|Rillaboom, L50, F|\n|poke|p1|Primarina, L50, F|\n|poke|p1|Dragonite, L50, F|\n|poke|p2|Koraidon, L50|\n|poke|p2|Calyrex-Ice, L50|\n|poke|p2|Incineroar, L50, F|\n|poke|p2|Brute Bonnet, L50|\n|poke|p2|Flutter Mane, L50|\n|poke|p2|Raging Bolt, L50|\n|teampreview|4\n|inactive|Battle timer is ON: inactive players will automatically lose when time's up. (requested by Bman311)\n|inactive|TFLuke also wants the timer to be on.\nBman311 has agreed to open team sheets.\n|inactive|TFLuke has 60 seconds left.\n|inactive|Bman311 has 60 seconds left.\n|\n|t:|1775506344\n|teamsize|p1|4\n|teamsize|p2|4\n|start\n|switch|p1a: Incineroar|Incineroar, L50, M|100/100\n|switch|p1b: Dragonite|Dragonite, L50, F|100/100\n|switch|p2a: Koraidon|Koraidon, L50|100/100\n|switch|p2b: Flutter Mane|Flutter Mane, L50|100/100\n|-weather|SunnyDay|[from] ability: Orichalcum Pulse|[of] p2a: Koraidon\n|-activate|p2b: Flutter Mane|ability: Protosynthesis\n|-start|p2b: Flutter Mane|protosynthesisspe\n|-activate|p2a: Koraidon|Orichalcum Pulse|[source]\n|-ability|p1a: Incineroar|Intimidate|boost\n|-unboost|p2a: Koraidon|atk|1\n|-unboost|p2b: Flutter Mane|atk|1\n|turn|1\n|\n|t:|1775506365\n|-terastallize|p1b: Dragonite|Fairy\n|move|p1a: Incineroar|Fake Out|p2a: Koraidon\n|-damage|p2a: Koraidon|91/100\n|move|p2b: Flutter Mane|Moonblast|p1b: Dragonite\n|-damage|p1b: Dragonite|77/100\n|cant|p2a: Koraidon|flinch\n|move|p1b: Dragonite|Tailwind|p1b: Dragonite\n|-sidestart|p1: TFLuke|move: Tailwind\n|\n|-weather|SunnyDay|[upkeep]\n|upkeep\n|turn|2\n|inactive|TFLuke has 30 seconds left.\n|\n|t:|1775506394\n|switch|p1a: Calyrex|Calyrex-Shadow, L50|100/100\n|-ability|p1a: Calyrex|As One\n|-ability|p1a: Calyrex|Unnerve\n|move|p2a: Koraidon|Protect|p2a: Koraidon\n|-singleturn|p2a: Koraidon|Protect\n|move|p2b: Flutter Mane|Icy Wind|p1a: Calyrex|[spread] p1a,p1b\n|-damage|p1a: Calyrex|85/100\n|-damage|p1b: Dragonite|62/100\n|-unboost|p1a: Calyrex|spe|1\n|-unboost|p1b: Dragonite|spe|1\n|move|p1b: Dragonite|Ice Spinner|p2b: Flutter Mane\n|-damage|p2b: Flutter Mane|30/100\n|\n|-weather|SunnyDay|[upkeep]\n|upkeep\n|turn|3\n|\n|t:|1775506408\n|-end|p2b: Flutter Mane|Protosynthesis|[silent]\n|switch|p2b: Brute Bonnet|Brute Bonnet, L50|100/100\n|-activate|p2b: Brute Bonnet|ability: Protosynthesis\n|-start|p2b: Brute Bonnet|protosynthesisdef\n|-terastallize|p2a: Koraidon|Fire\n|move|p1a: Calyrex|Astral Barrage|p2b: Brute Bonnet|[spread] p2a,p2b\n|-resisted|p2b: Brute Bonnet\n|-damage|p2a: Koraidon|39/100\n|-damage|p2b: Brute Bonnet|78/100\n|move|p2a: Koraidon|Flare Blitz|p1a: Calyrex\n|-damage|p1a: Calyrex|0 fnt\n|faint|p1a: Calyrex\n|-damage|p2a: Koraidon|11/100|[from] Recoil\n|-damage|p2a: Koraidon|1/100|[from] item: Life Orb\n|move|p1b: Dragonite|Scale Shot|p2a: Koraidon\n|-damage|p2a: Koraidon|0 fnt\n|faint|p2a: Koraidon\n|-hitcount|p2: Koraidon|1\n|-unboost|p1b: Dragonite|def|1\n|-boost|p1b: Dragonite|spe|1\n|\n|-weather|SunnyDay|[upkeep]\n|upkeep\n|\n|t:|1775506420\n|switch|p1a: Zamazenta|Zamazenta-Crowned, L50|100/100\n|switch|p2a: Flutter Mane|Flutter Mane, L50|30/100\n|-ability|p1a: Zamazenta|Dauntless Shield|boost\n|-boost|p1a: Zamazenta|def|1\n|-activate|p2a: Flutter Mane|ability: Protosynthesis\n|-start|p2a: Flutter Mane|protosynthesisspe\n|turn|4\n|\n|t:|1775506430\n|move|p1a: Zamazenta|Body Press|p2b: Brute Bonnet\n|-supereffective|p2b: Brute Bonnet\n|-damage|p2b: Brute Bonnet|3/100\n|move|p2a: Flutter Mane|Moonblast|p1b: Dragonite\n|-damage|p1b: Dragonite|15/100\n|move|p1b: Dragonite|Ice Spinner|p2b: Brute Bonnet\n|-supereffective|p2b: Brute Bonnet\n|-damage|p2b: Brute Bonnet|0 fnt\n|faint|p2b: Brute Bonnet\n|-end|p2b: Brute Bonnet|Protosynthesis|[silent]\n|\n|-weather|SunnyDay|[upkeep]\n|-sideend|p1: TFLuke|move: Tailwind\n|upkeep\n|\n|t:|1775506435\n|switch|p2b: Raging Bolt|Raging Bolt, L50|100/100\n|-activate|p2b: Raging Bolt|ability: Protosynthesis\n|-start|p2b: Raging Bolt|protosynthesisspa\n|turn|5\n|inactive|TFLuke has 30 seconds left.\n|\n|t:|1775506462\n|move|p1b: Dragonite|Protect|p1b: Dragonite\n|-singleturn|p1b: Dragonite|Protect\n|move|p2a: Flutter Mane|Icy Wind|p1a: Zamazenta|[spread] p1a\n|-activate|p1b: Dragonite|move: Protect\n|-resisted|p1a: Zamazenta\n|-damage|p1a: Zamazenta|95/100\n|-unboost|p1a: Zamazenta|spe|1\n|move|p2b: Raging Bolt|Thunderbolt|p1a: Zamazenta\n|-damage|p1a: Zamazenta|48/100\n|move|p1a: Zamazenta|Behemoth Bash|p2a: Flutter Mane\n|-supereffective|p2a: Flutter Mane\n|-damage|p2a: Flutter Mane|0 fnt\n|faint|p2a: Flutter Mane\n|-end|p2a: Flutter Mane|Protosynthesis|[silent]\n|\n|-weather|none\n|-end|p2b: Raging Bolt|Protosynthesis\n|upkeep\n|turn|6\n|\n|t:|1775506478\n|move|p2b: Raging Bolt|Thunderbolt|p1b: Dragonite\n|-damage|p1b: Dragonite|0 fnt\n|faint|p1b: Dragonite\n|move|p1a: Zamazenta|Body Press|p2b: Raging Bolt\n|-damage|p2b: Raging Bolt|46/100\n|\n|upkeep\n|\n|t:|1775506480\n|switch|p1b: Incineroar|Incineroar, L50, M|100/100\n|-ability|p1b: Incineroar|Intimidate|boost\n|-unboost|p2b: Raging Bolt|atk|1\n|turn|7\n|\n|t:|1775506484\n|move|p2b: Raging Bolt|Protect|p2b: Raging Bolt\n|-singleturn|p2b: Raging Bolt|Protect\n|move|p1b: Incineroar|Fake Out|p2b: Raging Bolt\n|-activate|p2b: Raging Bolt|move: Protect\n|move|p1a: Zamazenta|Body Press|p2b: Raging Bolt\n|-activate|p2b: Raging Bolt|move: Protect\n|\n|upkeep\n|turn|8\n|\n|t:|1775506490\n|move|p2b: Raging Bolt|Thunderbolt|p1a: Zamazenta\n|-damage|p1a: Zamazenta|15/100\n|move|p1a: Zamazenta|Body Press|p2b: Raging Bolt\n|-damage|p2b: Raging Bolt|0 fnt\n|faint|p2b: Raging Bolt\n|-end|p2b: Raging Bolt|Protosynthesis|[silent]\n|\n|win|TFLuke\n|raw|TFLuke's rating: 1497 &rarr; <strong>1522</strong><br />(+25 for winning)\n|raw|Bman311's rating: 1577 &rarr; <strong>1552</strong><br />(-25 for losing)\n|l|\u2606Bman311\n|player|p2|\n|l|\u2606TFLuke\n|player|p1|\n","uploadtime":1775506717,"views":8,"formatid":"gen9vgc2026regi","rating":1522,"private":0,"password":null}