{"id":"gen9vgc2026regi-2523259785","format":"[Gen 9] VGC 2026 Reg I","players":["freegr","zonavideovigilada"],"log":"|j|\u2606freegr\n|j|\u2606zonavideovigilada\n|t:|1769008953\n|gametype|doubles\n|player|p1|freegr|dawn|1520\n|player|p2|zonavideovigilada|265|1403\n|gen|9\n|tier|[Gen 9] VGC 2026 Reg I\n|rated|\n|rule|Species Clause: Limit one of each Pok\u00e9mon\n|rule|Item Clause: Limit 1 of each item\n|clearpoke\n|poke|p1|Koraidon, L50|\n|poke|p1|Calyrex-Ice, L50|\n|poke|p1|Incineroar, L50, M|\n|poke|p1|Smeargle, L50, F|\n|poke|p1|Rillaboom, L50, M|\n|poke|p1|Landorus, L50, M|\n|poke|p2|Chien-Pao, L50|\n|poke|p2|Calyrex-Shadow, L50|\n|poke|p2|Zamazenta-*, L50|\n|poke|p2|Amoonguss, L50, M|\n|poke|p2|Chi-Yu, L50|\n|poke|p2|Rillaboom, L50, F|\n|teampreview|4\n|inactive|Battle timer is ON: inactive players will automatically lose when time's up. (requested by freegr)\n|\n|t:|1769008974\n|teamsize|p1|4\n|teamsize|p2|4\n|start\n|switch|p1a: Koraidon|Koraidon, L50, shiny|100/100\n|switch|p1b: Smeargle|Smeargle, L50, F, shiny|100/100\n|switch|p2a: Zamazenta|Zamazenta-Crowned, L50|100/100\n|switch|p2b: Chi-Yu|Chi-Yu, L50|100/100\n|-ability|p2b: Chi-Yu|Beads of Ruin\n|-weather|SunnyDay|[from] ability: Orichalcum Pulse|[of] p1a: Koraidon\n|-activate|p1a: Koraidon|Orichalcum Pulse|[source]\n|-ability|p2a: Zamazenta|Dauntless Shield|boost\n|-boost|p2a: Zamazenta|def|1\n|turn|1\n|\n|t:|1769008990\n|move|p1b: Smeargle|Spiky Shield|p1b: Smeargle\n|-singleturn|p1b: Smeargle|move: Protect\n|move|p2b: Chi-Yu|Heat Wave|p1a: Koraidon|[spread] p1a\n|-activate|p1b: Smeargle|move: Protect\n|-resisted|p1a: Koraidon\n|-damage|p1a: Koraidon|66/100\n|move|p1a: Koraidon|Flame Charge|p2b: Chi-Yu\n|-resisted|p2b: Chi-Yu\n|-damage|p2b: Chi-Yu|71/100\n|-boost|p1a: Koraidon|spe|1\n|move|p2a: Zamazenta|Body Press|p1b: Smeargle\n|-activate|p1b: Smeargle|move: Protect\n|-damage|p2a: Zamazenta|88/100|[from] Spiky Shield|[of] p1b: Smeargle\n|\n|-weather|SunnyDay|[upkeep]\n|-ability|p1b: Smeargle|Moody|boost\n|-boost|p1b: Smeargle|atk|2\n|-unboost|p1b: Smeargle|def|1\n|upkeep\n|turn|2\n|\n|t:|1769009005\n|move|p1a: Koraidon|Collision Course|p2b: Chi-Yu\n|-supereffective|p2b: Chi-Yu\n|-damage|p2b: Chi-Yu|0 fnt\n|faint|p2b: Chi-Yu\n|move|p2a: Zamazenta|Body Press|p1a: Koraidon\n|-damage|p1a: Koraidon|14/100\n|move|p1b: Smeargle|Spore|p2a: Zamazenta\n|-status|p2a: Zamazenta|slp|[from] move: Spore\n|\n|-weather|SunnyDay|[upkeep]\n|-ability|p1b: Smeargle|Moody|boost\n|-boost|p1b: Smeargle|spa|2\n|-unboost|p1b: Smeargle|spe|1\n|upkeep\n|\n|t:|1769009014\n|switch|p2b: Calyrex|Calyrex-Shadow, L50|100/100\n|-ability|p2b: Calyrex|As One\n|-ability|p2b: Calyrex|Unnerve\n|turn|3\n|\n|t:|1769009019\n|move|p2b: Calyrex|Protect|p2b: Calyrex\n|-singleturn|p2b: Calyrex|Protect\n|move|p1a: Koraidon|Collision Course|p2a: Zamazenta\n|-supereffective|p2a: Zamazenta\n|-damage|p2a: Zamazenta|8/100 slp\n|cant|p2a: Zamazenta|slp\n|move|p1b: Smeargle|Spore|p2b: Calyrex\n|-activate|p2b: Calyrex|move: Protect\n|\n|-weather|SunnyDay|[upkeep]\n|-ability|p1b: Smeargle|Moody|boost\n|-boost|p1b: Smeargle|spd|2\n|-unboost|p1b: Smeargle|spa|1\n|upkeep\n|turn|4\n|inactive|zonavideovigilada has 30 seconds left.\n|\n|t:|1769009048\n|cant|p2a: Zamazenta|slp\n|move|p1a: Koraidon|Collision Course|p2a: Zamazenta\n|-supereffective|p2a: Zamazenta\n|-damage|p2a: Zamazenta|0 fnt\n|faint|p2a: Zamazenta\n|move|p2b: Calyrex|Astral Barrage|p1a: Koraidon|[spread] p1a\n|-immune|p1b: Smeargle\n|-damage|p1a: Koraidon|0 fnt\n|faint|p1a: Koraidon\n|-ability|p2b: Calyrex|Grim Neigh|boost\n|-boost|p2b: Calyrex|spa|1\n|move|p1b: Smeargle|Spore|p2b: Calyrex\n|-status|p2b: Calyrex|slp|[from] move: Spore\n|\n|-weather|SunnyDay|[upkeep]\n|-ability|p1b: Smeargle|Moody|boost\n|-boost|p1b: Smeargle|spe|2\n|-unboost|p1b: Smeargle|def|1\n|upkeep\n|\n|t:|1769009056\n|switch|p1a: Calyrex|Calyrex-Ice, L50|100/100\n|switch|p2a: Amoonguss|Amoonguss, L50, M|100/100\n|-ability|p1a: Calyrex|As One\n|-ability|p1a: Calyrex|Unnerve\n|turn|5\n|\n|t:|1769009074\n|-terastallize|p1b: Smeargle|Grass\n|-terastallize|p2a: Amoonguss|Water\n|cant|p2b: Calyrex|slp\n|move|p1b: Smeargle|Ruination|p2b: Calyrex\n|-damage|p2b: Calyrex|50/100 slp\n|move|p1a: Calyrex|Glacial Lance|p2b: Calyrex|[spread] p2a,p2b\n|-resisted|p2a: Amoonguss\n|-damage|p2a: Amoonguss|80/100\n|-damage|p2b: Calyrex|0 fnt\n|faint|p2b: Calyrex\n|-ability|p1a: Calyrex|Chilling Neigh|boost\n|-boost|p1a: Calyrex|atk|1\n|move|p2a: Amoonguss|Spore|p1b: Smeargle\n|-immune|p1b: Smeargle\n|\n|-weather|none\n|-ability|p1b: Smeargle|Moody|boost\n|-boost|p1b: Smeargle|spd|2\n|-unboost|p1b: Smeargle|spe|1\n|upkeep\n|turn|6\n|-message|zonavideovigilada forfeited.\n|\n|win|freegr\n|raw|freegr's rating: 1520 &rarr; <strong>1534</strong><br />(+14 for winning)\n|raw|zonavideovigilada's rating: 1403 &rarr; <strong>1389</strong><br />(-14 for losing)\n|l|\u2606zonavideovigilada\n|player|p2|\n|l|\u2606freegr\n|player|p1|\n","uploadtime":1769009321,"views":16,"formatid":"gen9vgc2026regi","rating":1389,"private":0,"password":null}