{"id":"gen9vgc2026regi-2544004751","format":"[Gen 9] VGC 2026 Reg I","players":["xiaoliyunVGC","u lost da game"],"log":"|j|\u2606xiaoliyunVGC\n|j|\u2606u lost da game\n|t:|1771641519\n|gametype|doubles\n|player|p1|xiaoliyunVGC|liko|1351\n|player|p2|u lost da game|2|1329\n|gen|9\n|tier|[Gen 9] VGC 2026 Reg I\n|rated|\n|rule|Species Clause: Limit one of each Pok\u00e9mon\n|rule|Item Clause: Limit 1 of each item\n|clearpoke\n|poke|p1|Zamazenta-*, L50|\n|poke|p1|Kyogre, L50|\n|poke|p1|Raichu, L50, F|\n|poke|p1|Flutter Mane, L50|\n|poke|p1|Tornadus, L50, M|\n|poke|p1|Kingambit, L50, M|\n|poke|p2|Miraidon, L50|\n|poke|p2|Ursaluna, L50, F|\n|poke|p2|Ho-Oh, L50|\n|poke|p2|Incineroar, L50, M|\n|poke|p2|Flutter Mane, L50|\n|poke|p2|Cresselia, L50, F|\n|teampreview|4\n|inactive|Battle timer is ON: inactive players will automatically lose when time's up. (requested by xiaoliyunVGC)\n|\n|t:|1771641542\n|teamsize|p1|4\n|teamsize|p2|4\n|start\n|switch|p1a: Kyogre|Kyogre, L50|100/100\n|switch|p1b: Raichu|Raichu, L50, F|100/100\n|switch|p2a: Flutter Mane|Flutter Mane, L50|100/100\n|switch|p2b: Cresselia|Cresselia, L50, F|100/100\n|-weather|RainDance|[from] ability: Drizzle|[of] p1a: Kyogre\n|turn|1\n|\n|t:|1771641566\n|-terastallize|p1a: Kyogre|Water\n|-terastallize|p2b: Cresselia|Water\n|move|p1b: Raichu|Fake Out|p2b: Cresselia\n|-damage|p2b: Cresselia|95/100\n|move|p1a: Kyogre|Water Spout|p2b: Cresselia|[spread] p2a,p2b\n|-resisted|p2b: Cresselia\n|-crit|p2b: Cresselia\n|-enditem|p2a: Flutter Mane|Focus Sash\n|-damage|p2a: Flutter Mane|1/100\n|-damage|p2b: Cresselia|39/100\n|-enditem|p2b: Cresselia|Sitrus Berry|[eat]\n|-heal|p2b: Cresselia|63/100|[from] item: Sitrus Berry\n|move|p2a: Flutter Mane|Dazzling Gleam|p1a: Kyogre|[spread] p1a,p1b\n|-damage|p1a: Kyogre|78/100\n|-damage|p1b: Raichu|60/100\n|cant|p2b: Cresselia|flinch\n|\n|-weather|RainDance|[upkeep]\n|upkeep\n|turn|2\n|\n|t:|1771641585\n|-end|p2a: Flutter Mane|Protosynthesis|[silent]\n|switch|p2a: Miraidon|Miraidon, L50|100/100\n|-fieldstart|move: Electric Terrain|[from] ability: Hadron Engine|[of] p2a: Miraidon\n|move|p1a: Kyogre|Water Spout|p2a: Miraidon|[spread] p2a,p2b\n|-resisted|p2a: Miraidon\n|-resisted|p2b: Cresselia\n|-damage|p2a: Miraidon|55/100\n|-damage|p2b: Cresselia|34/100\n|move|p1b: Raichu|Nuzzle|p2b: Cresselia\n|-supereffective|p2b: Cresselia\n|-damage|p2b: Cresselia|23/100\n|-status|p2b: Cresselia|par\n|move|p2b: Cresselia|Trick Room|p2b: Cresselia\n|-fieldstart|move: Trick Room|[of] p2b: Cresselia\n|\n|-weather|RainDance|[upkeep]\n|upkeep\n|turn|3\n|inactive|xiaoliyunVGC has 30 seconds left.\n|\n|t:|1771641612\n|move|p1b: Raichu|Helping Hand|p1a: Kyogre\n|-singleturn|p1a: Kyogre|Helping Hand|[of] p1b: Raichu\n|move|p2b: Cresselia|Lunar Blessing|p2b: Cresselia|[spread] p2a,p2b\n|-heal|p2a: Miraidon|80/100\n|-heal|p2b: Cresselia|48/100 par\n|-curestatus|p2b: Cresselia|par|[msg]\n|move|p2a: Miraidon|Dazzling Gleam|p1b: Raichu|[spread] p1a,p1b\n|-damage|p1a: Kyogre|45/100\n|-damage|p1b: Raichu|4/100\n|move|p1a: Kyogre|Water Spout|p2b: Cresselia|[spread] p2a,p2b\n|-resisted|p2a: Miraidon\n|-resisted|p2b: Cresselia\n|-damage|p2a: Miraidon|39/100\n|-damage|p2b: Cresselia|26/100\n|\n|-weather|RainDance|[upkeep]\n|upkeep\n|turn|4\n|inactive|xiaoliyunVGC has 30 seconds left.\n|inactive|u lost da game has 30 seconds left.\n|\n|t:|1771641645\n|switch|p1a: Kingambit|Kingambit, L50, M|100/100\n|move|p1b: Raichu|Feint|p2b: Cresselia\n|-damage|p2b: Cresselia|22/100\n|move|p2b: Cresselia|Psychic|p1a: Kingambit\n|-immune|p1a: Kingambit\n|move|p2a: Miraidon|Dazzling Gleam|p1a: Kingambit|[spread] p1a,p1b\n|-damage|p1a: Kingambit|53/100\n|-damage|p1b: Raichu|0 fnt\n|faint|p1b: Raichu\n|\n|-weather|RainDance|[upkeep]\n|upkeep\n|\n|t:|1771641658\n|switch|p1b: Flutter Mane|Flutter Mane, L50|100/100\n|-enditem|p1b: Flutter Mane|Booster Energy\n|-activate|p1b: Flutter Mane|ability: Protosynthesis|[fromitem]\n|-start|p1b: Flutter Mane|protosynthesisspe\n|turn|5\n|\n|t:|1771641679\n|switch|p2a: Ursaluna|Ursaluna, L50, F|100/100\n|move|p1a: Kingambit|Kowtow Cleave|p2a: Ursaluna\n|-damage|p2a: Ursaluna|49/100\n|move|p2b: Cresselia|Psychic|p1b: Flutter Mane\n|-damage|p1b: Flutter Mane|73/100\n|-unboost|p1b: Flutter Mane|spd|1\n|move|p1b: Flutter Mane|Moonblast|p2b: Cresselia\n|-damage|p2b: Cresselia|0 fnt\n|faint|p2b: Cresselia\n|\n|-weather|none\n|-status|p2a: Ursaluna|brn|[from] item: Flame Orb\n|upkeep\n|\n|t:|1771641691\n|switch|p2b: Miraidon|Miraidon, L50|39/100\n|-activate|p2b: Miraidon|ability: Hadron Engine\n|turn|6\n|\n|t:|1771641702\n|move|p1b: Flutter Mane|Protect|p1b: Flutter Mane\n|-singleturn|p1b: Flutter Mane|Protect\n|move|p1a: Kingambit|Kowtow Cleave|p2a: Ursaluna\n|-damage|p2a: Ursaluna|0 fnt\n|faint|p2a: Ursaluna\n|move|p2b: Miraidon|Dazzling Gleam|p1b: Flutter Mane|[spread] p1a\n|-activate|p1b: Flutter Mane|move: Protect\n|-damage|p1a: Kingambit|8/100\n|\n|-fieldend|move: Trick Room\n|-fieldend|move: Electric Terrain\n|upkeep\n|\n|t:|1771641711\n|switch|p2a: Flutter Mane|Flutter Mane, L50|1/100\n|turn|7\n|c|\u2606u lost da game|gg\n|\n|t:|1771641719\n|move|p1b: Flutter Mane|Moonblast|p2b: Miraidon\n|-supereffective|p2b: Miraidon\n|-damage|p2b: Miraidon|0 fnt\n|faint|p2b: Miraidon\n|move|p2a: Flutter Mane|Icy Wind|p1b: Flutter Mane|[spread] p1a,p1b\n|-resisted|p1a: Kingambit\n|-damage|p1a: Kingambit|1/100\n|-damage|p1b: Flutter Mane|49/100\n|-unboost|p1a: Kingambit|spe|1\n|-ability|p1a: Kingambit|Defiant|boost\n|-boost|p1a: Kingambit|atk|2\n|-unboost|p1b: Flutter Mane|spe|1\n|move|p1a: Kingambit|Kowtow Cleave|p2a: Flutter Mane\n|-damage|p2a: Flutter Mane|0 fnt\n|faint|p2a: Flutter Mane\n|-end|p2a: Flutter Mane|Protosynthesis|[silent]\n|\n|win|xiaoliyunVGC\n|raw|xiaoliyunVGC's rating: 1351 &rarr; <strong>1370</strong><br />(+19 for winning)\n|raw|u lost da game's rating: 1329 &rarr; <strong>1310</strong><br />(-19 for losing)\n|l|\u2606u lost da game\n|player|p2|\n|l|\u2606xiaoliyunVGC\n|player|p1|\n","uploadtime":1771641935,"views":13,"formatid":"gen9vgc2026regi","rating":1310,"private":0,"password":null}