{"id":"gen9vgc2026regi-2568891866","format":"[Gen 9] VGC 2026 Reg I","players":["ArisHazard","2LOOKKKAP"],"log":"|j|\u2606ArisHazard\n|j|\u26062LOOKKKAP\n|t:|1774631137\n|gametype|doubles\n|player|p1|ArisHazard|170|1508\n|player|p2|2LOOKKKAP|169|1437\n|gen|9\n|tier|[Gen 9] VGC 2026 Reg I\n|rated|\n|rule|Species Clause: Limit one of each Pok\u00e9mon\n|rule|Item Clause: Limit 1 of each item\n|clearpoke\n|poke|p1|Calyrex-Ice, L50|\n|poke|p1|Hitmontop, L50, M|\n|poke|p1|Miraidon, L50|\n|poke|p1|Sableye, L50, F|\n|poke|p1|Ting-Lu, L50|\n|poke|p1|Volcarona, L50, M|\n|poke|p2|Dondozo, L50, M|\n|poke|p2|Tatsugiri, L50, M|\n|poke|p2|Calyrex-Shadow, L50|\n|poke|p2|Kyogre, L50|\n|poke|p2|Rillaboom, L50, M|\n|poke|p2|Raichu, L50, F|\n|teampreview|4\n|inactive|Battle timer is ON: inactive players will automatically lose when time's up. (requested by 2LOOKKKAP)\n|\n|t:|1774631163\n|teamsize|p1|4\n|teamsize|p2|4\n|start\n|switch|p1a: Miraidon|Miraidon, L50|100/100\n|switch|p1b: Ting-Lu|Ting-Lu, L50|100/100\n|switch|p2a: Calyrex|Calyrex-Shadow, L50|100/100\n|switch|p2b: Kyogre|Kyogre, L50|100/100\n|-ability|p2a: Calyrex|As One\n|-ability|p2a: Calyrex|Unnerve\n|-weather|RainDance|[from] ability: Drizzle|[of] p2b: Kyogre\n|-fieldstart|move: Electric Terrain|[from] ability: Hadron Engine|[of] p1a: Miraidon\n|-ability|p1b: Ting-Lu|Vessel of Ruin\n|turn|1\n|\n|t:|1774631179\n|-terastallize|p2a: Calyrex|Ghost\n|move|p1b: Ting-Lu|Protect|p1b: Ting-Lu\n|-singleturn|p1b: Ting-Lu|Protect\n|move|p2b: Kyogre|Water Spout|p1a: Miraidon|[spread] p1a\n|-activate|p1b: Ting-Lu|move: Protect\n|-resisted|p1a: Miraidon\n|-damage|p1a: Miraidon|83/100\n|move|p2a: Calyrex|Astral Barrage|p1b: Ting-Lu|[spread] p1a\n|-activate|p1b: Ting-Lu|move: Protect\n|-damage|p1a: Miraidon|37/100\n|move|p1a: Miraidon|Snarl|p2a: Calyrex|[spread] p2a,p2b\n|-supereffective|p2a: Calyrex\n|-damage|p2a: Calyrex|70/100\n|-damage|p2b: Kyogre|87/100\n|-unboost|p2a: Calyrex|spa|1\n|-unboost|p2b: Kyogre|spa|1\n|\n|-weather|RainDance|[upkeep]\n|upkeep\n|turn|2\n|inactive|ArisHazard has 30 seconds left.\n|\n|t:|1774631207\n|-terastallize|p1b: Ting-Lu|Poison\n|move|p2b: Kyogre|Water Spout|p1b: Ting-Lu|[spread] p1a,p1b\n|-resisted|p1a: Miraidon\n|-damage|p1a: Miraidon|26/100\n|-damage|p1b: Ting-Lu|72/100\n|move|p2a: Calyrex|Astral Barrage|p1a: Miraidon|[spread] p1a,p1b\n|-damage|p1a: Miraidon|0 fnt\n|-damage|p1b: Ting-Lu|34/100\n|faint|p1a: Miraidon\n|-ability|p2a: Calyrex|Grim Neigh|boost\n|-boost|p2a: Calyrex|spa|1\n|move|p1b: Ting-Lu|Sand Tomb|p2b: Kyogre|[miss]\n|-miss|p1b: Ting-Lu|p2b: Kyogre\n|\n|-weather|RainDance|[upkeep]\n|upkeep\n|\n|t:|1774631224\n|switch|p1a: Hitmontop|Hitmontop, L50, M|100/100\n|-ability|p1a: Hitmontop|Intimidate|boost\n|-unboost|p2a: Calyrex|atk|1\n|-unboost|p2b: Kyogre|atk|1\n|turn|3\n|\n|t:|1774631229\n|switch|p2b: Raichu|Raichu, L50, F|100/100\n|-item|p2b: Raichu|Air Balloon\n|switch|p2a: Rillaboom|Rillaboom, L50, M|100/100\n|-fieldstart|move: Grassy Terrain|[from] ability: Grassy Surge|[of] p2a: Rillaboom\n|move|p1a: Hitmontop|Wide Guard|p1a: Hitmontop\n|-singleturn|p1a: Hitmontop|Wide Guard\n|move|p1b: Ting-Lu|Sand Tomb|p2a: Rillaboom\n|-resisted|p2a: Rillaboom\n|-damage|p2a: Rillaboom|94/100\n|-activate|p2a: Rillaboom|move: Sand Tomb|[of] p1b: Ting-Lu\n|\n|-weather|RainDance|[upkeep]\n|-heal|p2a: Rillaboom|99/100|[from] Grassy Terrain\n|-heal|p1b: Ting-Lu|40/100|[from] Grassy Terrain\n|-damage|p2a: Rillaboom|87/100|[from] move: Sand Tomb|[partiallytrapped]\n|upkeep\n|turn|4\n|\n|t:|1774631251\n|switch|p1a: Volcarona|Volcarona, L50, M|100/100\n|move|p1b: Ting-Lu|Protect|p1b: Ting-Lu\n|-singleturn|p1b: Ting-Lu|Protect\n|move|p2b: Raichu|Fake Out|p1a: Volcarona\n|-damage|p1a: Volcarona|93/100\n|move|p2a: Rillaboom|Wood Hammer|p1a: Volcarona\n|-resisted|p1a: Volcarona\n|-crit|p1a: Volcarona\n|-damage|p1a: Volcarona|49/100\n|-damage|p2a: Rillaboom|74/100|[from] Recoil\n|\n|-weather|RainDance|[upkeep]\n|-heal|p1a: Volcarona|56/100|[from] Grassy Terrain\n|-heal|p2a: Rillaboom|80/100|[from] Grassy Terrain\n|-heal|p1b: Ting-Lu|46/100|[from] Grassy Terrain\n|-damage|p2a: Rillaboom|68/100|[from] move: Sand Tomb|[partiallytrapped]\n|upkeep\n|turn|5\n|\n|t:|1774631270\n|move|p1a: Volcarona|Rage Powder|p1a: Volcarona\n|-singleturn|p1a: Volcarona|move: Rage Powder\n|move|p2b: Raichu|Nuzzle|p1a: Volcarona\n|-damage|p1a: Volcarona|50/100\n|-status|p1a: Volcarona|par\n|move|p2a: Rillaboom|Wood Hammer|p1a: Volcarona\n|-resisted|p1a: Volcarona\n|-damage|p1a: Volcarona|23/100 par\n|-status|p2a: Rillaboom|brn|[from] ability: Flame Body|[of] p1a: Volcarona\n|-damage|p2a: Rillaboom|60/100 brn|[from] Recoil\n|move|p1b: Ting-Lu|Sand Tomb|p2b: Raichu\n|-immune|p2b: Raichu\n|\n|-weather|none\n|-heal|p2a: Rillaboom|66/100 brn|[from] Grassy Terrain\n|-heal|p1b: Ting-Lu|52/100|[from] Grassy Terrain\n|-heal|p1a: Volcarona|30/100 par|[from] Grassy Terrain\n|-damage|p2a: Rillaboom|60/100 brn|[from] brn\n|-damage|p2a: Rillaboom|48/100 brn|[from] move: Sand Tomb|[partiallytrapped]\n|upkeep\n|turn|6\n|\n|t:|1774631293\n|move|p1b: Ting-Lu|Protect|p1b: Ting-Lu\n|-singleturn|p1b: Ting-Lu|Protect\n|move|p2b: Raichu|Encore|p1b: Ting-Lu\n|-activate|p1b: Ting-Lu|move: Protect\n|move|p2a: Rillaboom|Wood Hammer|p1a: Volcarona\n|-resisted|p1a: Volcarona\n|-damage|p1a: Volcarona|15/100 par\n|-damage|p2a: Rillaboom|43/100 brn|[from] Recoil\n|move|p1a: Volcarona|Struggle Bug|p2a: Rillaboom|[spread] p2a,p2b\n|-supereffective|p2a: Rillaboom\n|-damage|p2a: Rillaboom|15/100 brn\n|-damage|p2b: Raichu|86/100\n|-unboost|p2a: Rillaboom|spa|1\n|-unboost|p2b: Raichu|spa|1\n|-enditem|p2b: Raichu|Air Balloon\n|\n|-heal|p2b: Raichu|92/100|[from] Grassy Terrain\n|-heal|p2a: Rillaboom|20/100 brn|[from] Grassy Terrain\n|-heal|p1b: Ting-Lu|58/100|[from] Grassy Terrain\n|-heal|p1a: Volcarona|21/100 par|[from] Grassy Terrain\n|-damage|p2a: Rillaboom|15/100 brn|[from] brn\n|-damage|p2a: Rillaboom|2/100 brn|[from] move: Sand Tomb|[partiallytrapped]\n|upkeep\n|turn|7\n|\n|t:|1774631318\n|move|p1a: Volcarona|Rage Powder|p1a: Volcarona\n|-singleturn|p1a: Volcarona|move: Rage Powder\n|move|p2b: Raichu|Encore|p1a: Volcarona\n|-start|p1a: Volcarona|Encore\n|move|p2a: Rillaboom|Wood Hammer|p1a: Volcarona\n|-resisted|p1a: Volcarona\n|-damage|p1a: Volcarona|7/100 par\n|-damage|p2a: Rillaboom|0 fnt|[from] Recoil\n|faint|p2a: Rillaboom\n|move|p1b: Ting-Lu|Sand Tomb|p2b: Raichu\n|-supereffective|p2b: Raichu\n|-damage|p2b: Raichu|47/100\n|-activate|p2b: Raichu|move: Sand Tomb|[of] p1b: Ting-Lu\n|\n|-heal|p2b: Raichu|53/100|[from] Grassy Terrain\n|-heal|p1b: Ting-Lu|65/100|[from] Grassy Terrain\n|-heal|p1a: Volcarona|13/100 par|[from] Grassy Terrain\n|-damage|p2b: Raichu|41/100|[from] move: Sand Tomb|[partiallytrapped]\n|-fieldend|move: Grassy Terrain\n|upkeep\n|\n|t:|1774631332\n|switch|p2a: Calyrex|Calyrex-Shadow, L50, tera:Ghost|70/100\n|-ability|p2a: Calyrex|As One\n|-ability|p2a: Calyrex|Unnerve\n|turn|8\n|\n|t:|1774631350\n|cant|p1a: Volcarona|par\n|move|p2a: Calyrex|Astral Barrage|p1a: Volcarona|[spread] p1a,p1b\n|-damage|p1a: Volcarona|0 fnt\n|-damage|p1b: Ting-Lu|9/100\n|faint|p1a: Volcarona\n|-ability|p2a: Calyrex|Grim Neigh|boost\n|-boost|p2a: Calyrex|spa|1\n|move|p2b: Raichu|Nuzzle|p1b: Ting-Lu\n|-damage|p1b: Ting-Lu|6/100\n|-status|p1b: Ting-Lu|par\n|-damage|p2b: Raichu|25/100|[from] item: Rocky Helmet|[of] p1b: Ting-Lu\n|move|p1b: Ting-Lu|Sand Tomb|p2a: Calyrex\n|-damage|p2a: Calyrex|52/100\n|-activate|p2a: Calyrex|move: Sand Tomb|[of] p1b: Ting-Lu\n|\n|-damage|p2a: Calyrex|40/100|[from] move: Sand Tomb|[partiallytrapped]\n|-damage|p2b: Raichu|13/100|[from] move: Sand Tomb|[partiallytrapped]\n|upkeep\n|\n|t:|1774631370\n|switch|p1a: Hitmontop|Hitmontop, L50, M|100/100\n|-ability|p1a: Hitmontop|Intimidate|boost\n|-unboost|p2a: Calyrex|atk|1\n|-unboost|p2b: Raichu|atk|1\n|turn|9\n|\n|t:|1774631378\n|switch|p2a: Kyogre|Kyogre, L50|87/100\n|-weather|RainDance|[from] ability: Drizzle|[of] p2a: Kyogre\n|move|p1a: Hitmontop|Wide Guard|p1a: Hitmontop\n|-singleturn|p1a: Hitmontop|Wide Guard\n|move|p2b: Raichu|Nuzzle|p1a: Hitmontop\n|-damage|p1a: Hitmontop|96/100\n|move|p1b: Ting-Lu|Stomping Tantrum|p2a: Kyogre\n|-damage|p2a: Kyogre|55/100\n|\n|-weather|RainDance|[upkeep]\n|-damage|p2b: Raichu|1/100|[from] move: Sand Tomb|[partiallytrapped]\n|upkeep\n|turn|10\n|\n|t:|1774631398\n|cant|p1b: Ting-Lu|par\n|move|p2a: Kyogre|Water Pulse|p1b: Ting-Lu\n|-damage|p1b: Ting-Lu|0 fnt\n|faint|p1b: Ting-Lu\n|move|p2b: Raichu|Encore|p1a: Hitmontop\n|-start|p1a: Hitmontop|Encore\n|move|p1a: Hitmontop|Wide Guard||[still]\n|-fail|p1a: Hitmontop\n|\n|-weather|RainDance|[upkeep]\n|-end|p2b: Raichu|Sand Tomb|[partiallytrapped]|[silent]\n|upkeep\n|turn|11\n|-message|ArisHazard forfeited.\n|\n|win|2LOOKKKAP\n|raw|ArisHazard's rating: 1508 &rarr; <strong>1484</strong><br />(-24 for losing)\n|raw|2LOOKKKAP's rating: 1437 &rarr; <strong>1461</strong><br />(+24 for winning)\n|l|\u2606ArisHazard\n|player|p1|\n|l|\u26062LOOKKKAP\n|player|p2|\n","uploadtime":1774631609,"views":15,"formatid":"gen9vgc2026regi","rating":1461,"private":0,"password":null}