{"id":"gen9vgc2026regi-2541351735","format":"[Gen 9] VGC 2026 Reg I","players":["thecheekymeek","EllenJoe2026"],"log":"|j|\u2606thecheekymeek\n|j|\u2606EllenJoe2026\n|t:|1771322351\n|gametype|doubles\n|player|p1|thecheekymeek|265|1440\n|player|p2|EllenJoe2026|iono|1469\n|gen|9\n|tier|[Gen 9] VGC 2026 Reg I\n|rated|\n|rule|Species Clause: Limit one of each Pok\u00e9mon\n|rule|Item Clause: Limit 1 of each item\n|clearpoke\n|poke|p1|Rillaboom, L50, M|\n|poke|p1|Calyrex-Shadow, L50|\n|poke|p1|Incineroar, L50, F|\n|poke|p1|Clefairy, L50, M|\n|poke|p1|Miraidon, L50|\n|poke|p1|Grimmsnarl, L50, M|\n|poke|p2|Calyrex-Ice, L50|\n|poke|p2|Miraidon, L50|\n|poke|p2|Tornadus, L50, M|\n|poke|p2|Urshifu-*, L50, F|\n|poke|p2|Grimmsnarl, L50, M|\n|poke|p2|Iron Hands, L50|\n|teampreview|4\n|inactive|Battle timer is ON: inactive players will automatically lose when time's up. (requested by thecheekymeek)\n|inactive|EllenJoe2026 also wants the timer to be on.\n|\n|t:|1771322381\n|teamsize|p1|4\n|teamsize|p2|4\n|start\n|switch|p1a: Calyrex|Calyrex-Shadow, L50|100/100\n|switch|p1b: Rillaboom|Rillaboom, L50, M|100/100\n|switch|p2a: Calyrex|Calyrex-Ice, L50|100/100\n|switch|p2b: Grimmsnarl|Grimmsnarl, L50, M, shiny|100/100\n|-ability|p1a: Calyrex|As One\n|-ability|p1a: Calyrex|Unnerve\n|-ability|p2a: Calyrex|As One\n|-ability|p2a: Calyrex|Unnerve\n|-fieldstart|move: Grassy Terrain|[from] ability: Grassy Surge|[of] p1b: Rillaboom\n|turn|1\n|\n|t:|1771322399\n|-terastallize|p2a: Calyrex|Grass\n|move|p1b: Rillaboom|Fake Out|p2a: Calyrex\n|-damage|p2a: Calyrex|94/100\n|move|p2b: Grimmsnarl|Taunt|p1a: Calyrex\n|-start|p1a: Calyrex|move: Taunt\n|cant|p1a: Calyrex|move: Taunt|Calm Mind\n|cant|p2a: Calyrex|flinch\n|\n|-heal|p2a: Calyrex|99/100|[from] Grassy Terrain\n|upkeep\n|turn|2\n|\n|t:|1771322423\n|move|p2b: Grimmsnarl|Taunt|p1b: Rillaboom\n|-start|p1b: Rillaboom|move: Taunt\n|move|p1a: Calyrex|Astral Barrage|p2a: Calyrex|[spread] p2a,p2b\n|-resisted|p2b: Grimmsnarl\n|-damage|p2a: Calyrex|65/100\n|-damage|p2b: Grimmsnarl|77/100\n|move|p1b: Rillaboom|U-turn|p2a: Calyrex\n|-supereffective|p2a: Calyrex\n|-damage|p2a: Calyrex|42/100\n|\n|t:|1771322433\n|switch|p1b: Clefairy|Clefairy, L50, M|100/100|[from] U-turn\n|move|p2a: Calyrex|Trick Room|p2a: Calyrex\n|-fieldstart|move: Trick Room|[of] p2a: Calyrex\n|\n|-heal|p2b: Grimmsnarl|83/100|[from] Grassy Terrain\n|-heal|p2a: Calyrex|47/100|[from] Grassy Terrain\n|upkeep\n|turn|3\n|inactive|thecheekymeek has 30 seconds left.\n|\n|t:|1771322460\n|-terastallize|p1a: Calyrex|Fairy\n|move|p1b: Clefairy|Protect|p1b: Clefairy\n|-singleturn|p1b: Clefairy|Protect\n|move|p2b: Grimmsnarl|Light Screen|p2b: Grimmsnarl\n|-sidestart|p2: EllenJoe2026|move: Light Screen\n|move|p2a: Calyrex|Glacial Lance|p1b: Clefairy|[spread] p1a\n|-activate|p1b: Clefairy|move: Protect\n|-damage|p1a: Calyrex|62/100\n|move|p1a: Calyrex|Draining Kiss|p2b: Grimmsnarl\n|-supereffective|p2b: Grimmsnarl\n|-damage|p2b: Grimmsnarl|45/100\n|-heal|p1a: Calyrex|90/100|[from] drain|[of] p2b: Grimmsnarl\n|\n|-heal|p2b: Grimmsnarl|51/100|[from] Grassy Terrain\n|-heal|p2a: Calyrex|53/100|[from] Grassy Terrain\n|-heal|p1a: Calyrex|96/100|[from] Grassy Terrain\n|-end|p1a: Calyrex|move: Taunt\n|upkeep\n|turn|4\n|\n|t:|1771322483\n|move|p1b: Clefairy|Helping Hand|p1a: Calyrex\n|-singleturn|p1a: Calyrex|Helping Hand|[of] p1b: Clefairy\n|move|p2b: Grimmsnarl|Taunt|p1b: Clefairy\n|-start|p1b: Clefairy|move: Taunt\n|move|p2a: Calyrex|Glacial Lance|p1b: Clefairy|[spread] p1a,p1b\n|-damage|p1a: Calyrex|57/100\n|-damage|p1b: Clefairy|54/100\n|move|p1a: Calyrex|Draining Kiss|p2b: Grimmsnarl\n|-supereffective|p2b: Grimmsnarl\n|-damage|p2b: Grimmsnarl|5/100\n|-heal|p1a: Calyrex|92/100|[from] drain|[of] p2b: Grimmsnarl\n|\n|-heal|p1b: Clefairy|61/100|[from] Grassy Terrain\n|-heal|p2b: Grimmsnarl|11/100|[from] Grassy Terrain\n|-heal|p2a: Calyrex|59/100|[from] Grassy Terrain\n|-heal|p1a: Calyrex|98/100|[from] Grassy Terrain\n|upkeep\n|turn|5\n|\n|t:|1771322498\n|move|p1a: Calyrex|Protect|p1a: Calyrex\n|-singleturn|p1a: Calyrex|Protect\n|move|p2b: Grimmsnarl|Taunt|p1a: Calyrex\n|-activate|p1a: Calyrex|move: Protect\n|-activate|p1b: Clefairy|move: Struggle\n|move|p1b: Clefairy|Struggle|p2b: Grimmsnarl\n|-damage|p2b: Grimmsnarl|5/100\n|-damage|p1b: Clefairy|36/100|[from] recoil\n|move|p2a: Calyrex|Glacial Lance|p1a: Calyrex|[spread] p1b\n|-activate|p1a: Calyrex|move: Protect\n|-damage|p1b: Clefairy|0 fnt\n|faint|p1b: Clefairy\n|-ability|p2a: Calyrex|Chilling Neigh|boost\n|-boost|p2a: Calyrex|atk|1\n|\n|-heal|p2b: Grimmsnarl|11/100|[from] Grassy Terrain\n|-heal|p2a: Calyrex|65/100|[from] Grassy Terrain\n|-heal|p1a: Calyrex|100/100|[from] Grassy Terrain\n|-fieldend|move: Grassy Terrain\n|upkeep\n|\n|t:|1771322517\n|switch|p1b: Rillaboom|Rillaboom, L50, M|100/100\n|-fieldstart|move: Grassy Terrain|[from] ability: Grassy Surge|[of] p1b: Rillaboom\n|turn|6\n|\n|t:|1771322527\n|switch|p1a: Miraidon|Miraidon, L50|100/100\n|-fieldstart|move: Electric Terrain|[from] ability: Hadron Engine|[of] p1a: Miraidon\n|move|p1b: Rillaboom|Fake Out|p2a: Calyrex\n|-damage|p2a: Calyrex|58/100\n|move|p2b: Grimmsnarl|Taunt|p1a: Miraidon\n|-start|p1a: Miraidon|move: Taunt\n|cant|p2a: Calyrex|flinch\n|\n|-fieldend|move: Trick Room\n|upkeep\n|turn|7\n|\n|t:|1771322549\n|move|p2b: Grimmsnarl|Reflect|p2b: Grimmsnarl\n|-sidestart|p2: EllenJoe2026|Reflect\n|move|p1a: Miraidon|Draco Meteor|p2a: Calyrex|[miss]\n|-miss|p1a: Miraidon|p2a: Calyrex\n|move|p1b: Rillaboom|U-turn|p2a: Calyrex\n|-supereffective|p2a: Calyrex\n|-damage|p2a: Calyrex|40/100\n|c|\u2606thecheekymeek|Incredibl\n|\n|t:|1771322560\n|switch|p1b: Calyrex|Calyrex-Shadow, L50, tera:Fairy|100/100|[from] U-turn\n|-ability|p1b: Calyrex|As One\n|-ability|p1b: Calyrex|Unnerve\n|move|p2a: Calyrex|Trick Room|p2a: Calyrex\n|-fieldstart|move: Trick Room|[of] p2a: Calyrex\n|\n|upkeep\n|turn|8\n|\n|t:|1771322577\n|move|p2b: Grimmsnarl|Foul Play|p1a: Miraidon\n|-damage|p1a: Miraidon|78/100\n|move|p2a: Calyrex|Glacial Lance|p1b: Calyrex|[spread] p1a,p1b\n|-supereffective|p1a: Miraidon\n|-damage|p1a: Miraidon|0 fnt\n|-damage|p1b: Calyrex|25/100\n|faint|p1a: Miraidon\n|-ability|p2a: Calyrex|Chilling Neigh|boost\n|-boost|p2a: Calyrex|atk|1\n|move|p1b: Calyrex|Astral Barrage|p2a: Calyrex|[spread] p2a,p2b\n|-resisted|p2b: Grimmsnarl\n|-damage|p2a: Calyrex|18/100\n|-damage|p2b: Grimmsnarl|0 fnt\n|faint|p2b: Grimmsnarl\n|-ability|p1b: Calyrex|Grim Neigh|boost\n|-boost|p1b: Calyrex|spa|1\n|\n|upkeep\n|\n|t:|1771322592\n|switch|p2b: Urshifu|Urshifu-Rapid-Strike, L50, F|100/100\n|switch|p1a: Rillaboom|Rillaboom, L50, M|100/100\n|-fieldstart|move: Grassy Terrain|[from] ability: Grassy Surge|[of] p1a: Rillaboom\n|turn|9\n|\n|t:|1771322610\n|move|p1a: Rillaboom|Fake Out|p2a: Calyrex\n|-damage|p2a: Calyrex|14/100\n|cant|p2a: Calyrex|flinch\n|move|p2b: Urshifu|Surging Strikes|p1b: Calyrex\n|-crit|p1b: Calyrex\n|-damage|p1b: Calyrex|0 fnt\n|faint|p1b: Calyrex\n|-hitcount|p1: Calyrex|1\n|\n|-heal|p2a: Calyrex|20/100|[from] Grassy Terrain\n|upkeep\n|turn|10\n|\n|t:|1771322623\n|switch|p2b: Miraidon|Miraidon, L50, shiny|100/100\n|-fieldstart|move: Electric Terrain|[from] ability: Hadron Engine|[of] p2b: Miraidon\n|move|p2a: Calyrex|Glacial Lance|p1a: Rillaboom\n|-supereffective|p1a: Rillaboom\n|-damage|p1a: Rillaboom|0 fnt\n|faint|p1a: Rillaboom\n|\n|win|EllenJoe2026\n|raw|thecheekymeek's rating: 1440 &rarr; <strong>1422</strong><br />(-18 for losing)\n|raw|EllenJoe2026's rating: 1469 &rarr; <strong>1487</strong><br />(+18 for winning)\n|l|\u2606EllenJoe2026\n|player|p2|\n|c|\u2606thecheekymeek|love draco\n|l|\u2606thecheekymeek\n|player|p1|\n","uploadtime":1771322859,"views":14,"formatid":"gen9vgc2026regi","rating":1422,"private":0,"password":null}