{"id":"gen9vgc2026regi-2565270808","format":"[Gen 9] VGC 2026 Reg I","players":["RIAMOO","SycrasisEU"],"log":"|j|\u2606RIAMOO\n|j|\u2606SycrasisEU\n|t:|1774255233\n|gametype|doubles\n|player|p1|RIAMOO|265|1214\n|player|p2|SycrasisEU|byron|1201\n|gen|9\n|tier|[Gen 9] VGC 2026 Reg I\n|rated|\n|rule|Species Clause: Limit one of each Pok\u00e9mon\n|rule|Item Clause: Limit 1 of each item\n|clearpoke\n|poke|p1|Calyrex-Ice, L50|\n|poke|p1|Miraidon, L50|\n|poke|p1|Grimmsnarl, L50, M|\n|poke|p1|Ursaluna, L50, F|\n|poke|p1|Incineroar, L50, M|\n|poke|p1|Landorus, L50, M|\n|poke|p2|Koraidon, L50|\n|poke|p2|Incineroar, L50, F|\n|poke|p2|Ho-Oh, L50|\n|poke|p2|Walking Wake, L50|\n|poke|p2|Ogerpon-Cornerstone, L50, F|\n|poke|p2|Toxapex, L50, F|\n|teampreview|4\nSycrasisEU has agreed to open team sheets.\n|inactive|Battle timer is ON: inactive players will automatically lose when time's up. (requested by SycrasisEU)\n|\n|t:|1774255259\n|teamsize|p1|4\n|teamsize|p2|4\n|start\n|switch|p1a: Miraidon|Miraidon, L50|100/100\n|switch|p1b: Incineroar|Incineroar, L50, M|100/100\n|switch|p2a: Toxapex|Toxapex, L50, F|100/100\n|switch|p2b: Incineroar|Incineroar, L50, F, shiny|100/100\n|-fieldstart|move: Electric Terrain|[from] ability: Hadron Engine|[of] p1a: Miraidon\n|-ability|p1b: Incineroar|Intimidate|boost\n|-unboost|p2a: Toxapex|atk|1\n|-unboost|p2b: Incineroar|atk|1\n|-ability|p2b: Incineroar|Intimidate|boost\n|-unboost|p1a: Miraidon|atk|1\n|-unboost|p1b: Incineroar|atk|1\n|turn|1\n|\n|t:|1774255274\n|move|p2a: Toxapex|Baneful Bunker|p2a: Toxapex\n|-singleturn|p2a: Toxapex|move: Protect\n|move|p1b: Incineroar|Fake Out|p2b: Incineroar\n|-damage|p2b: Incineroar|93/100\n|cant|p2b: Incineroar|flinch\n|move|p1a: Miraidon|Volt Switch|p2a: Toxapex\n|-activate|p2a: Toxapex|move: Protect\n|\n|upkeep\n|turn|2\n|\n|t:|1774255295\n|-terastallize|p2a: Toxapex|Grass\n|move|p1a: Miraidon|Volt Switch|p2a: Toxapex\n|-resisted|p2a: Toxapex\n|-damage|p2a: Toxapex|74/100\n|\n|t:|1774255300\n|switch|p1a: Calyrex|Calyrex-Ice, L50|100/100|[from] Volt Switch\n|-ability|p1a: Calyrex|As One\n|-ability|p1a: Calyrex|Unnerve\n|move|p1b: Incineroar|U-turn|p2b: Incineroar\n|-damage|p2b: Incineroar|79/100\n|\n|t:|1774255307\n|switch|p1b: Miraidon|Miraidon, L50|100/100|[from] U-turn\n|-activate|p1b: Miraidon|ability: Hadron Engine\n|move|p2b: Incineroar|Parting Shot|p1a: Calyrex\n|-unboost|p1a: Calyrex|atk|1\n|-unboost|p1a: Calyrex|spa|1\n|\n|t:|1774255316\n|switch|p2b: Koraidon|Koraidon, L50, shiny|100/100|[from] Parting Shot\n|-weather|SunnyDay|[from] ability: Orichalcum Pulse|[of] p2b: Koraidon\n|-activate|p2b: Koraidon|Orichalcum Pulse|[source]\n|move|p2a: Toxapex|Icy Wind|p1a: Calyrex|[spread] p1a\n|-miss|p2a: Toxapex|p1b: Miraidon\n|-resisted|p1a: Calyrex\n|-damage|p1a: Calyrex|99/100\n|-unboost|p1a: Calyrex|spe|1\n|\n|-weather|SunnyDay|[upkeep]\n|-heal|p2a: Toxapex|79/100|[from] item: Leftovers\n|-heal|p1a: Calyrex|100/100|[from] item: Leftovers\n|upkeep\n|turn|3\n|inactive|SycrasisEU has 30 seconds left.\n|\n|t:|1774255341\n|switch|p2b: Incineroar|Incineroar, L50, F, shiny|79/100\n|-ability|p2b: Incineroar|Intimidate|boost\n|-unboost|p1a: Calyrex|atk|1\n|-unboost|p1b: Miraidon|atk|1\n|switch|p1a: Incineroar|Incineroar, L50, M|100/100\n|-ability|p1a: Incineroar|Intimidate|boost\n|-unboost|p2a: Toxapex|atk|1\n|-unboost|p2b: Incineroar|atk|1\n|move|p1b: Miraidon|Draco Meteor|p2b: Incineroar\n|-damage|p2b: Incineroar|0 fnt\n|-unboost|p1b: Miraidon|spa|2\n|faint|p2b: Incineroar\n|move|p2a: Toxapex|Icy Wind|p1a: Incineroar|[spread] p1a,p1b\n|-resisted|p1a: Incineroar\n|-supereffective|p1b: Miraidon\n|-damage|p1a: Incineroar|99/100\n|-damage|p1b: Miraidon|92/100\n|-unboost|p1a: Incineroar|spe|1\n|-unboost|p1b: Miraidon|spe|1\n|\n|-weather|SunnyDay|[upkeep]\n|-heal|p2a: Toxapex|85/100|[from] item: Leftovers\n|upkeep\n|\n|t:|1774255356\n|switch|p2b: Walking Wake|Walking Wake, L50|100/100\n|-activate|p2b: Walking Wake|ability: Protosynthesis\n|-start|p2b: Walking Wake|protosynthesisspa\n|turn|4\n|\n|t:|1774255371\n|switch|p1b: Calyrex|Calyrex-Ice, L50|100/100\n|-ability|p1b: Calyrex|As One\n|-ability|p1b: Calyrex|Unnerve\n|-terastallize|p1a: Incineroar|Grass\n|move|p2b: Walking Wake|Hydro Steam|p1a: Incineroar\n|-resisted|p1a: Incineroar\n|-damage|p1a: Incineroar|63/100\n|-damage|p2b: Walking Wake|91/100|[from] item: Life Orb\n|move|p1a: Incineroar|Flare Blitz|p2a: Toxapex\n|-supereffective|p2a: Toxapex\n|-damage|p2a: Toxapex|0 fnt\n|faint|p2a: Toxapex\n|-damage|p1a: Incineroar|40/100|[from] Recoil\n|\n|-weather|SunnyDay|[upkeep]\n|upkeep\n|\n|t:|1774255386\n|switch|p2a: Koraidon|Koraidon, L50, shiny|100/100\n|-activate|p2a: Koraidon|ability: Orichalcum Pulse\n|turn|5\n|inactive|RIAMOO has 30 seconds left.\n|inactive|RIAMOO has 20 seconds left.\n|inactive|RIAMOO has 15 seconds left.\n|\n|t:|1774255430\n|switch|p1a: Ursaluna|Ursaluna, L50, F|100/100\n|move|p1b: Calyrex|Protect|p1b: Calyrex\n|-singleturn|p1b: Calyrex|Protect\n|move|p2a: Koraidon|Flare Blitz|p1b: Calyrex\n|-activate|p1b: Calyrex|move: Protect\n|move|p2b: Walking Wake|Flamethrower|p1a: Ursaluna\n|-damage|p1a: Ursaluna|33/100\n|-damage|p2b: Walking Wake|81/100|[from] item: Life Orb\n|\n|-weather|SunnyDay|[upkeep]\n|-fieldend|move: Electric Terrain\n|-status|p1a: Ursaluna|brn|[from] item: Flame Orb\n|upkeep\n|turn|6\n|inactive|SycrasisEU has 30 seconds left.\n|\n|t:|1774255464\n|move|p1a: Ursaluna|Protect|p1a: Ursaluna\n|-singleturn|p1a: Ursaluna|Protect\n|move|p2a: Koraidon|Flare Blitz|p1b: Calyrex\n|-supereffective|p1b: Calyrex\n|-damage|p1b: Calyrex|0 fnt\n|faint|p1b: Calyrex\n|-damage|p2a: Koraidon|62/100|[from] Recoil\n|move|p2b: Walking Wake|Dragon Pulse|p1a: Ursaluna\n|-activate|p1a: Ursaluna|move: Protect\n|\n|-weather|none\n|-end|p2b: Walking Wake|Protosynthesis\n|-damage|p1a: Ursaluna|27/100 brn|[from] brn\n|upkeep\n|\n|t:|1774255478\n|switch|p1b: Miraidon|Miraidon, L50|92/100\n|-fieldstart|move: Electric Terrain|[from] ability: Hadron Engine|[of] p1b: Miraidon\n|turn|7\n|\n|t:|1774255483\n|move|p2a: Koraidon|Flare Blitz|p1a: Ursaluna\n|-damage|p1a: Ursaluna|0 fnt\n|faint|p1a: Ursaluna\n|-damage|p2a: Koraidon|50/100|[from] Recoil\n|move|p2b: Walking Wake|Dragon Pulse|p1b: Miraidon\n|-supereffective|p1b: Miraidon\n|-damage|p1b: Miraidon|12/100\n|-damage|p2b: Walking Wake|71/100|[from] item: Life Orb\n|move|p1b: Miraidon|Dazzling Gleam|p2a: Koraidon|[spread] p2a,p2b\n|-supereffective|p2a: Koraidon\n|-supereffective|p2b: Walking Wake\n|-damage|p2a: Koraidon|0 fnt\n|-damage|p2b: Walking Wake|0 fnt\n|faint|p2a: Koraidon\n|faint|p2b: Walking Wake\n|-end|p2b: Walking Wake|Protosynthesis|[silent]\n|\n|win|RIAMOO\n|raw|RIAMOO's rating: 1214 &rarr; <strong>1238</strong><br />(+24 for winning)\n|raw|SycrasisEU's rating: 1201 &rarr; <strong>1177</strong><br />(-24 for losing)\n|l|\u2606SycrasisEU\n|player|p2|\n|l|\u2606RIAMOO\n|player|p1|\n","uploadtime":1774255686,"views":11,"formatid":"gen9vgc2026regi","rating":1177,"private":0,"password":null}