{"id":"gen9vgc2026regi-2553832998","format":"[Gen 9] VGC 2026 Reg I","players":["g0dGun","xjazuu"],"log":"|j|\u2606g0dGun\n|j|\u2606xjazuu\n|t:|1772888430\n|gametype|doubles\n|player|p1|g0dGun|blue|1488\n|player|p2|xjazuu|youngcouple|1482\n|gen|9\n|tier|[Gen 9] VGC 2026 Reg I\n|rated|\n|rule|Species Clause: Limit one of each Pok\u00e9mon\n|rule|Item Clause: Limit 1 of each item\n|clearpoke\n|poke|p1|Hitmontop, L50, M|\n|poke|p1|Terapagos, L50, M|\n|poke|p1|Calyrex-Shadow, L50|\n|poke|p1|Ogerpon-Cornerstone, L50, F|\n|poke|p1|Urshifu-*, L50, F|\n|poke|p1|Whimsicott, L50, F|\n|poke|p2|Calyrex-Ice, L50|\n|poke|p2|Miraidon, L50|\n|poke|p2|Urshifu-*, L50, M|\n|poke|p2|Grimmsnarl, L50, M|\n|poke|p2|Pelipper, L50, M|\n|poke|p2|Farigiraf, L50, F|\n|teampreview|4\n|inactive|Battle timer is ON: inactive players will automatically lose when time's up. (requested by g0dGun)\n|\n|t:|1772888443\n|teamsize|p1|4\n|teamsize|p2|4\n|start\n|switch|p1a: Hitmontop|Hitmontop, L50, M|100/100\n|switch|p1b: Terapagos|Terapagos, L50, M|100/100\n|switch|p2a: Grimmsnarl|Grimmsnarl, L50, M|100/100\n|switch|p2b: Miraidon|Miraidon, L50|100/100\n|-activate|p1b: Terapagos|ability: Tera Shift\n|detailschange|p1b: Terapagos|Terapagos-Terastal, L50, M\n|-heal|p1b: Terapagos|100/100|[silent]\n|-fieldstart|move: Electric Terrain|[from] ability: Hadron Engine|[of] p2b: Miraidon\n|-ability|p1a: Hitmontop|Intimidate|boost\n|-unboost|p2a: Grimmsnarl|atk|1\n|-unboost|p2b: Miraidon|atk|1\n|turn|1\n|\n|t:|1772888461\n|-terastallize|p1b: Terapagos|Stellar\n|detailschange|p1b: Terapagos|Terapagos-Stellar, L50, M, tera:Stellar\n|-heal|p1b: Terapagos|100/100|[silent]\n|-ability|p1b: Terapagos|Teraform Zero\n|-fieldend|move: Electric Terrain\n|move|p2a: Grimmsnarl|Fake Out|p1b: Terapagos\n|-crit|p1b: Terapagos\n|-damage|p1b: Terapagos|89/100\n|move|p1a: Hitmontop|Vacuum Wave|p1b: Terapagos\n|-supereffective|p1b: Terapagos\n|-damage|p1b: Terapagos|84/100\n|-enditem|p1b: Terapagos|Weakness Policy\n|-boost|p1b: Terapagos|atk|2|[from] item: Weakness Policy\n|-boost|p1b: Terapagos|spa|2|[from] item: Weakness Policy\n|move|p2b: Miraidon|Snarl|p1a: Hitmontop|[spread] p1a,p1b\n|-resisted|p1a: Hitmontop\n|-damage|p1a: Hitmontop|95/100\n|-damage|p1b: Terapagos|74/100\n|-unboost|p1a: Hitmontop|spa|1\n|-unboost|p1b: Terapagos|spa|1\n|-enditem|p1a: Hitmontop|Eject Button\n|inactive|g0dGun has 30 seconds left.\n|\n|t:|1772888486\n|switch|p1a: Calyrex|Calyrex-Shadow, L50|100/100\n|-ability|p1a: Calyrex|As One\n|-ability|p1a: Calyrex|Unnerve\n|cant|p1b: Terapagos|flinch\n|\n|upkeep\n|turn|2\n|\n|t:|1772888498\n|switch|p1a: Hitmontop|Hitmontop, L50, M|95/100\n|-ability|p1a: Hitmontop|Intimidate|boost\n|-unboost|p2a: Grimmsnarl|atk|1\n|-unboost|p2b: Miraidon|atk|1\n|move|p1b: Terapagos|Protect|p1b: Terapagos\n|-singleturn|p1b: Terapagos|Protect\n|move|p2a: Grimmsnarl|Light Screen|p2a: Grimmsnarl\n|-sidestart|p2: xjazuu|move: Light Screen\n|move|p2b: Miraidon|Snarl|p1b: Terapagos|[spread] p1a\n|-activate|p1b: Terapagos|move: Protect\n|-resisted|p1a: Hitmontop\n|-damage|p1a: Hitmontop|88/100\n|-unboost|p1a: Hitmontop|spa|1\n|\n|upkeep\n|turn|3\n|inactive|xjazuu has 30 seconds left.\n|inactive|xjazuu has 20 seconds left.\n|\n|t:|1772888535\n|move|p1a: Hitmontop|Fake Out|p2b: Miraidon\n|-damage|p2b: Miraidon|94/100\n|cant|p2b: Miraidon|flinch\n|move|p1b: Terapagos|Tera Starstorm|p2a: Grimmsnarl|[spread] p2a,p2b\n|-damage|p2a: Grimmsnarl|64/100\n|-damage|p2b: Miraidon|72/100\n|move|p2a: Grimmsnarl|Spirit Break|p1a: Hitmontop\n|-supereffective|p1a: Hitmontop\n|-damage|p1a: Hitmontop|50/100\n|-unboost|p1a: Hitmontop|spa|1\n|\n|upkeep\n|turn|4\n|\n|t:|1772888551\n|move|p1b: Terapagos|Protect|p1b: Terapagos\n|-singleturn|p1b: Terapagos|Protect\n|move|p2b: Miraidon|Dazzling Gleam|p1b: Terapagos|[spread] p1a\n|-activate|p1b: Terapagos|move: Protect\n|-supereffective|p1a: Hitmontop\n|-damage|p1a: Hitmontop|18/100\n|move|p1a: Hitmontop|Brick Break|p2a: Grimmsnarl\n|-sideend|p2: xjazuu|move: Light Screen\n|-damage|p2a: Grimmsnarl|36/100\n|move|p2a: Grimmsnarl|Spirit Break|p1b: Terapagos\n|-activate|p1b: Terapagos|move: Protect\n|\n|upkeep\n|turn|5\n|\n|t:|1772888566\n|move|p1a: Hitmontop|Wide Guard|p1a: Hitmontop\n|-singleturn|p1a: Hitmontop|Wide Guard\n|move|p2a: Grimmsnarl|Light Screen|p2a: Grimmsnarl\n|-sidestart|p2: xjazuu|move: Light Screen\n|move|p2b: Miraidon|Dazzling Gleam|p1a: Hitmontop|[spread] \n|-activate|p1a: Hitmontop|move: Wide Guard\n|-activate|p1b: Terapagos|move: Wide Guard\n|move|p1b: Terapagos|Tera Starstorm|p2a: Grimmsnarl|[spread] p2a,p2b\n|-damage|p2a: Grimmsnarl|0 fnt\n|-damage|p2b: Miraidon|51/100\n|faint|p2a: Grimmsnarl\n|\n|upkeep\n|\n|t:|1772888570\n|switch|p2a: Calyrex|Calyrex-Ice, L50|100/100\n|-ability|p2a: Calyrex|As One\n|-ability|p2a: Calyrex|Unnerve\n|turn|6\n|\n|t:|1772888593\n|move|p2b: Miraidon|Volt Switch|p1a: Hitmontop\n|-damage|p1a: Hitmontop|0 fnt\n|faint|p1a: Hitmontop\n|\n|t:|1772888598\n|switch|p2b: Farigiraf|Farigiraf, L50, F|100/100|[from] Volt Switch\n|move|p1b: Terapagos|Tera Starstorm|p2b: Farigiraf|[spread] p2a,p2b\n|-damage|p2a: Calyrex|72/100\n|-damage|p2b: Farigiraf|62/100\n|move|p2a: Calyrex|Trick Room|p2a: Calyrex\n|-fieldstart|move: Trick Room|[of] p2a: Calyrex\n|\n|-heal|p2a: Calyrex|78/100|[from] item: Leftovers\n|upkeep\n|\n|t:|1772888609\n|switch|p1a: Ogerpon|Ogerpon-Cornerstone, L50, F|100/100\n|turn|7\n|inactive|xjazuu has 30 seconds left.\n|\n|t:|1772888641\n|move|p2a: Calyrex|Protect|p2a: Calyrex\n|-singleturn|p2a: Calyrex|Protect\n|move|p2b: Farigiraf|Dazzling Gleam|p1b: Terapagos|[spread] p1a,p1b\n|-damage|p1a: Ogerpon|79/100\n|-damage|p1b: Terapagos|64/100\n|move|p1b: Terapagos|Tera Starstorm|p2b: Farigiraf|[spread] p2b\n|-activate|p2a: Calyrex|move: Protect\n|-damage|p2b: Farigiraf|24/100\n|move|p1a: Ogerpon|Ivy Cudgel|p2a: Calyrex|[anim] Ivy Cudgel Rock\n|-activate|p2a: Calyrex|move: Protect\n|\n|-heal|p2a: Calyrex|84/100|[from] item: Leftovers\n|upkeep\n|turn|8\n|inactive|g0dGun has 30 seconds left.\n|\n|t:|1772888668\n|move|p2b: Farigiraf|Helping Hand|p2a: Calyrex\n|-singleturn|p2a: Calyrex|Helping Hand|[of] p2b: Farigiraf\n|move|p1a: Ogerpon|Spiky Shield|p1a: Ogerpon\n|-singleturn|p1a: Ogerpon|move: Protect\n|move|p2a: Calyrex|Glacial Lance|p1a: Ogerpon|[spread] p1b\n|-activate|p1a: Ogerpon|move: Protect\n|-damage|p1b: Terapagos|5/100\n|move|p1b: Terapagos|Tera Starstorm|p2b: Farigiraf|[spread] p2a,p2b\n|-damage|p2a: Calyrex|58/100\n|-damage|p2b: Farigiraf|0 fnt\n|faint|p2b: Farigiraf\n|\n|-heal|p2a: Calyrex|64/100|[from] item: Leftovers\n|upkeep\n|\n|t:|1772888677\n|switch|p2b: Miraidon|Miraidon, L50|51/100\n|-fieldstart|move: Electric Terrain|[from] ability: Hadron Engine|[of] p2b: Miraidon\n|turn|9\n|\n|t:|1772888699\n|-terastallize|p2a: Calyrex|Water\n|move|p1b: Terapagos|Protect|p1b: Terapagos\n|-singleturn|p1b: Terapagos|Protect\n|move|p2a: Calyrex|Glacial Lance|p1b: Terapagos|[spread] p1a\n|-activate|p1b: Terapagos|move: Protect\n|-supereffective|p1a: Ogerpon\n|-damage|p1a: Ogerpon|0 fnt\n|faint|p1a: Ogerpon\n|-ability|p2a: Calyrex|Chilling Neigh|boost\n|-boost|p2a: Calyrex|atk|1\n|move|p2b: Miraidon|Dazzling Gleam|p1b: Terapagos\n|-activate|p1b: Terapagos|move: Protect\n|\n|-heal|p2a: Calyrex|70/100|[from] item: Leftovers\n|upkeep\n|\n|t:|1772888715\n|switch|p1a: Calyrex|Calyrex-Shadow, L50|100/100\n|-ability|p1a: Calyrex|As One\n|-ability|p1a: Calyrex|Unnerve\n|turn|10\n|\n|t:|1772888723\n|move|p1b: Terapagos|Protect||[still]\n|-fail|p1b: Terapagos\n|move|p1a: Calyrex|Protect|p1a: Calyrex\n|-singleturn|p1a: Calyrex|Protect\n|move|p2a: Calyrex|Glacial Lance|p1b: Terapagos|[spread] p1b\n|-activate|p1a: Calyrex|move: Protect\n|-damage|p1b: Terapagos|0 fnt\n|faint|p1b: Terapagos\n|detailschange|p1: Terapagos|Terapagos, L50, M|[silent]\n|-ability|p2a: Calyrex|Chilling Neigh|boost\n|-boost|p2a: Calyrex|atk|1\n|move|p2b: Miraidon|Snarl|p1a: Calyrex\n|-activate|p1a: Calyrex|move: Protect\n|\n|-heal|p2a: Calyrex|76/100|[from] item: Leftovers\n|-fieldend|move: Trick Room\n|upkeep\n|turn|11\n|-message|g0dGun forfeited.\n|\n|win|xjazuu\n|raw|g0dGun's rating: 1488 &rarr; <strong>1468</strong><br />(-20 for losing)\n|raw|xjazuu's rating: 1482 &rarr; <strong>1502</strong><br />(+20 for winning)\n|l|\u2606g0dGun\n|player|p1|\n|l|\u2606xjazuu\n|player|p2|\n","uploadtime":1772888953,"views":34,"formatid":"gen9vgc2026regi","rating":1468,"private":0,"password":null}