{"id":"gen9vgc2026regi-2587202790","format":"[Gen 9] VGC 2026 Reg I","players":["mihatelover","Zonavideovigilada"],"log":"|j|\u2606mihatelover\n|j|\u2606Zonavideovigilada\n|t:|1776508348\n|gametype|doubles\n|player|p1|mihatelover|169|1643\n|player|p2|Zonavideovigilada|265|1591\n|gen|9\n|tier|[Gen 9] VGC 2026 Reg I\n|rated|\n|rule|Species Clause: Limit one of each Pok\u00e9mon\n|rule|Item Clause: Limit 1 of each item\n|clearpoke\n|poke|p1|Raging Bolt, L50|\n|poke|p1|Chien-Pao, L50|\n|poke|p1|Calyrex-Shadow, L50|\n|poke|p1|Rillaboom, L50, F|\n|poke|p1|Zamazenta-*, L50|\n|poke|p1|Tornadus, L50, M|\n|poke|p2|Miraidon, L50|\n|poke|p2|Calyrex-Ice, L50|\n|poke|p2|Urshifu-*, L50, M|\n|poke|p2|Ogerpon-Wellspring, L50, F|\n|poke|p2|Talonflame, L50, F|\n|poke|p2|Iron Crown, L50|\n|teampreview|4\n|inactive|Battle timer is ON: inactive players will automatically lose when time's up. (requested by mihatelover)\n|\n|t:|1776508373\n|teamsize|p1|4\n|teamsize|p2|4\n|start\n|switch|p1a: Calyrex|Calyrex-Shadow, L50|100/100\n|switch|p1b: Zamazenta|Zamazenta-Crowned, L50|100/100\n|switch|p2a: Miraidon|Miraidon, L50|100/100\n|switch|p2b: Talonflame|Talonflame, L50, F|100/100\n|-ability|p1a: Calyrex|As One\n|-ability|p1a: Calyrex|Unnerve\n|-fieldstart|move: Electric Terrain|[from] ability: Hadron Engine|[of] p2a: Miraidon\n|-ability|p1b: Zamazenta|Dauntless Shield|boost\n|-boost|p1b: Zamazenta|def|1\n|turn|1\n|\n|t:|1776508386\n|switch|p1a: Rillaboom|Rillaboom, L50, F|100/100\n|-fieldstart|move: Grassy Terrain|[from] ability: Grassy Surge|[of] p1a: Rillaboom\n|move|p1b: Zamazenta|Protect|p1b: Zamazenta\n|-singleturn|p1b: Zamazenta|Protect\n|move|p2a: Miraidon|Snarl|p1b: Zamazenta|[spread] p1a\n|-activate|p1b: Zamazenta|move: Protect\n|-damage|p1a: Rillaboom|90/100\n|-unboost|p1a: Rillaboom|spa|1\n|move|p2b: Talonflame|Will-O-Wisp|p1b: Zamazenta\n|-activate|p1b: Zamazenta|move: Protect\n|\n|-heal|p1a: Rillaboom|96/100|[from] Grassy Terrain\n|upkeep\n|turn|2\n|\n|t:|1776508402\n|switch|p2a: Calyrex|Calyrex-Ice, L50|100/100\n|-ability|p2a: Calyrex|As One\n|-ability|p2a: Calyrex|Unnerve\n|move|p1a: Rillaboom|Fake Out|p2b: Talonflame\n|-damage|p2b: Talonflame|78/100\n|move|p2b: Talonflame|Will-O-Wisp|p1b: Zamazenta|[miss]\n|-miss|p2b: Talonflame|p1b: Zamazenta\n|move|p1b: Zamazenta|Iron Defense|p1b: Zamazenta\n|-boost|p1b: Zamazenta|def|2\n|\n|-heal|p1a: Rillaboom|100/100|[from] Grassy Terrain\n|upkeep\n|turn|3\n|inactive|Zonavideovigilada has 30 seconds left.\n|\n|t:|1776508436\n|-terastallize|p2a: Calyrex|Fire\n|move|p1b: Zamazenta|Protect|p1b: Zamazenta\n|-singleturn|p1b: Zamazenta|Protect\n|move|p2b: Talonflame|Will-O-Wisp|p1a: Rillaboom\n|-status|p1a: Rillaboom|brn\n|move|p1a: Rillaboom|U-turn|p2a: Calyrex\n|-resisted|p2a: Calyrex\n|-damage|p2a: Calyrex|97/100\n|\n|t:|1776508446\n|switch|p1a: Chien-Pao|Chien-Pao, L50|100/100|[from] U-turn\n|-ability|p1a: Chien-Pao|Sword of Ruin\n|move|p2a: Calyrex|Imprison|p2a: Calyrex\n|-start|p2a: Calyrex|move: Imprison\n|\n|-heal|p2a: Calyrex|100/100|[from] Grassy Terrain\n|upkeep\n|turn|4\n|\n|t:|1776508461\n|move|p1a: Chien-Pao|Icicle Crash|p2b: Talonflame\n|-damage|p2b: Talonflame|0 fnt\n|faint|p2b: Talonflame\n|-damage|p1a: Chien-Pao|91/100|[from] item: Life Orb\n|move|p1b: Zamazenta|Iron Defense|p1b: Zamazenta\n|-boost|p1b: Zamazenta|def|2\n|move|p2a: Calyrex|Body Press|p1a: Chien-Pao\n|-supereffective|p1a: Chien-Pao\n|-damage|p1a: Chien-Pao|0 fnt\n|faint|p1a: Chien-Pao\n|-ability|p2a: Calyrex|Chilling Neigh|boost\n|-boost|p2a: Calyrex|atk|1\n|\n|upkeep\n|\n|t:|1776508483\n|switch|p1a: Calyrex|Calyrex-Shadow, L50|100/100\n|switch|p2b: Urshifu|Urshifu, L50, M|100/100\n|-ability|p1a: Calyrex|As One\n|-ability|p1a: Calyrex|Unnerve\n|turn|5\n|\n|t:|1776508497\n|move|p1a: Calyrex|Astral Barrage|p2b: Urshifu|[spread] p2a,p2b\n|-crit|p2a: Calyrex\n|-resisted|p2b: Urshifu\n|-damage|p2a: Calyrex|48/100\n|-damage|p2b: Urshifu|56/100\n|move|p1b: Zamazenta|Behemoth Bash|p2b: Urshifu\n|-damage|p2b: Urshifu|16/100\n|move|p2b: Urshifu|Wicked Blow|p1a: Calyrex\n|-supereffective|p1a: Calyrex\n|-crit|p1a: Calyrex\n|-enditem|p1a: Calyrex|Focus Sash\n|-damage|p1a: Calyrex|1/100\n|move|p2a: Calyrex|Trick Room|p2a: Calyrex\n|-fieldstart|move: Trick Room|[of] p2a: Calyrex\n|\n|-heal|p2a: Calyrex|53/100|[from] Grassy Terrain\n|-heal|p2b: Urshifu|23/100|[from] Grassy Terrain\n|-heal|p1a: Calyrex|7/100|[from] Grassy Terrain\n|-fieldend|move: Grassy Terrain\n|upkeep\n|turn|6\n|inactive|mihatelover has 30 seconds left.\n|inactive|mihatelover has 20 seconds left.\n|\n|t:|1776508536\n|switch|p1a: Rillaboom|Rillaboom, L50, F|100/100 brn\n|-fieldstart|move: Grassy Terrain|[from] ability: Grassy Surge|[of] p1a: Rillaboom\n|move|p2b: Urshifu|Protect|p2b: Urshifu\n|-singleturn|p2b: Urshifu|Protect\n|move|p2a: Calyrex|Glacial Lance|p1b: Zamazenta|[spread] p1a,p1b\n|-supereffective|p1a: Rillaboom\n|-resisted|p1b: Zamazenta\n|-damage|p1a: Rillaboom|0 fnt\n|-damage|p1b: Zamazenta|94/100\n|faint|p1a: Rillaboom\n|-ability|p2a: Calyrex|Chilling Neigh|boost\n|-boost|p2a: Calyrex|atk|1\n|move|p1b: Zamazenta|Behemoth Bash|p2b: Urshifu\n|-activate|p2b: Urshifu|move: Protect\n|\n|-heal|p2a: Calyrex|59/100|[from] Grassy Terrain\n|-heal|p2b: Urshifu|29/100|[from] Grassy Terrain\n|-heal|p1b: Zamazenta|99/100|[from] Grassy Terrain\n|upkeep\n|\n|t:|1776508542\n|switch|p1a: Calyrex|Calyrex-Shadow, L50|7/100\n|-ability|p1a: Calyrex|As One\n|-ability|p1a: Calyrex|Unnerve\n|turn|7\n|\n|t:|1776508563\n|switch|p2b: Miraidon|Miraidon, L50|100/100\n|-fieldstart|move: Electric Terrain|[from] ability: Hadron Engine|[of] p2b: Miraidon\n|move|p2a: Calyrex|Glacial Lance|p1a: Calyrex|[spread] p1a,p1b\n|-resisted|p1b: Zamazenta\n|-damage|p1a: Calyrex|0 fnt\n|-damage|p1b: Zamazenta|91/100\n|faint|p1a: Calyrex\n|-ability|p2a: Calyrex|Chilling Neigh|boost\n|-boost|p2a: Calyrex|atk|1\n|move|p1b: Zamazenta|Behemoth Bash|p2b: Miraidon\n|-resisted|p2b: Miraidon\n|-damage|p2b: Miraidon|82/100\n|\n|upkeep\n|turn|8\n|-message|mihatelover forfeited.\n|\n|win|Zonavideovigilada\n|raw|mihatelover's rating: 1643 &rarr; <strong>1620</strong><br />(-23 for losing)\n|raw|Zonavideovigilada's rating: 1591 &rarr; <strong>1614</strong><br />(+23 for winning)\n|c|\u2606Zonavideovigilada|Gg\n|l|\u2606Zonavideovigilada\n|player|p2|\n|l|\u2606mihatelover\n|player|p1|\n","uploadtime":1776508822,"views":19,"formatid":"gen9vgc2026regi","rating":1614,"private":0,"password":null}