{"id":"gen9vgc2026regi-2529990395","format":"[Gen 9] VGC 2026 Reg I","players":["supergamingpotato","CHR1SPHX"],"log":"|j|\u2606supergamingpotato\n|j|\u2606CHR1SPHX\n|t:|1769859814\n|gametype|doubles\n|player|p1|supergamingpotato|101|1325\n|player|p2|CHR1SPHX|hilbert-wonderlauncher|1365\n|gen|9\n|tier|[Gen 9] VGC 2026 Reg I\n|rated|\n|rule|Species Clause: Limit one of each Pok\u00e9mon\n|rule|Item Clause: Limit 1 of each item\n|clearpoke\n|poke|p1|Farigiraf, L50, M|\n|poke|p1|Calyrex-Ice, L50|\n|poke|p1|Ursaluna-Bloodmoon, L50, M|\n|poke|p1|Kyogre, L50|\n|poke|p1|Basculegion, L50, M|\n|poke|p1|Incineroar, L50, M|\n|poke|p2|Incineroar, L50, M|\n|poke|p2|Koraidon, L50|\n|poke|p2|Flutter Mane, L50|\n|poke|p2|Brute Bonnet, L50|\n|poke|p2|Indeedee-F, L50, F|\n|poke|p2|Calyrex-Ice, L50|\n|teampreview|4\n|inactive|Battle timer is ON: inactive players will automatically lose when time's up. (requested by CHR1SPHX)\n|inactive|supergamingpotato has 60 seconds left.\n|inactive|CHR1SPHX has 60 seconds left.\n|\n|t:|1769859864\n|teamsize|p1|4\n|teamsize|p2|4\n|start\n|switch|p1a: Farigiraf|Farigiraf, L50, M|100/100\n|switch|p1b: Calyrex|Calyrex-Ice, L50|100/100\n|switch|p2a: Brute Bonnet|Brute Bonnet, L50, shiny|100/100\n|switch|p2b: Calyrex|Calyrex-Ice, L50|100/100\n|-ability|p2b: Calyrex|As One\n|-ability|p2b: Calyrex|Unnerve\n|-ability|p1b: Calyrex|As One\n|-ability|p1b: Calyrex|Unnerve\n|turn|1\n|inactive|supergamingpotato has 30 seconds left.\n|\n|t:|1769859892\n|-terastallize|p1a: Farigiraf|Fairy\n|move|p1b: Calyrex|Protect|p1b: Calyrex\n|-singleturn|p1b: Calyrex|Protect\n|move|p2a: Brute Bonnet|Spore|p1b: Calyrex\n|-activate|p1b: Calyrex|move: Protect\n|move|p2b: Calyrex|Glacial Lance|p1a: Farigiraf|[spread] p1a\n|-activate|p1b: Calyrex|move: Protect\n|-damage|p1a: Farigiraf|42/100\n|move|p1a: Farigiraf|Trick Room|p1a: Farigiraf\n|-fieldstart|move: Trick Room|[of] p1a: Farigiraf\n|\n|upkeep\n|turn|2\n|inactive|supergamingpotato has 30 seconds left.\n|\n|t:|1769859919\n|switch|p1a: Kyogre|Kyogre, L50|100/100\n|-weather|RainDance|[from] ability: Drizzle|[of] p1a: Kyogre\n|-terastallize|p2a: Brute Bonnet|Water\n|move|p1b: Calyrex|Glacial Lance|p2b: Calyrex|[spread] p2a,p2b\n|-resisted|p2a: Brute Bonnet\n|-resisted|p2b: Calyrex\n|-damage|p2a: Brute Bonnet|79/100\n|-damage|p2b: Calyrex|83/100\n|move|p2b: Calyrex|Glacial Lance|p1b: Calyrex|[spread] p1a,p1b\n|-resisted|p1a: Kyogre\n|-resisted|p1b: Calyrex\n|-damage|p1a: Kyogre|74/100\n|-damage|p1b: Calyrex|85/100\n|move|p2a: Brute Bonnet|Spore|p1b: Calyrex\n|-status|p1b: Calyrex|slp|[from] move: Spore\n|\n|-weather|RainDance|[upkeep]\n|upkeep\n|turn|3\n|inactive|supergamingpotato has 30 seconds left.\n|inactive|supergamingpotato has 20 seconds left.\n|inactive|supergamingpotato has 15 seconds left.\n|\n|t:|1769859960\n|cant|p1b: Calyrex|slp\n|move|p2b: Calyrex|High Horsepower|p1b: Calyrex\n|-crit|p1b: Calyrex\n|-damage|p1b: Calyrex|51/100 slp\n|move|p2a: Brute Bonnet|Spore|p1a: Kyogre\n|-status|p1a: Kyogre|slp|[from] move: Spore\n|cant|p1a: Kyogre|slp\n|\n|-weather|RainDance|[upkeep]\n|upkeep\n|turn|4\n|\n|t:|1769859972\n|cant|p1b: Calyrex|slp\n|move|p2b: Calyrex|High Horsepower|p1a: Kyogre\n|-damage|p1a: Kyogre|35/100 slp\n|move|p2a: Brute Bonnet|Lash Out|p1b: Calyrex\n|-supereffective|p1b: Calyrex\n|-crit|p1b: Calyrex\n|-damage|p1b: Calyrex|0 fnt\n|faint|p1b: Calyrex\n|cant|p1a: Kyogre|slp\n|\n|-weather|RainDance|[upkeep]\n|upkeep\n|\n|t:|1769859982\n|switch|p1b: Ursaluna|Ursaluna-Bloodmoon, L50, M|100/100\n|turn|5\n|\n|t:|1769859993\n|move|p1b: Ursaluna|Blood Moon|p2a: Brute Bonnet\n|-damage|p2a: Brute Bonnet|0 fnt\n|faint|p2a: Brute Bonnet\n|-end|p2a: Brute Bonnet|Protosynthesis|[silent]\n|-damage|p1b: Ursaluna|90/100|[from] item: Life Orb\n|move|p2b: Calyrex|Glacial Lance|p1b: Ursaluna|[spread] p1a,p1b\n|-resisted|p1a: Kyogre\n|-supereffective|p1b: Ursaluna\n|-damage|p1a: Kyogre|10/100 slp\n|-damage|p1b: Ursaluna|9/100\n|cant|p1a: Kyogre|slp\n|\n|-weather|RainDance|[upkeep]\n|-fieldend|move: Trick Room\n|upkeep\n|\n|t:|1769860005\n|switch|p2a: Flutter Mane|Flutter Mane, L50|100/100\n|turn|6\n|\n|t:|1769860015\n|switch|p1a: Farigiraf|Farigiraf, L50, M, tera:Fairy|42/100\n|switch|p2b: Koraidon|Koraidon, L50|100/100\n|-weather|SunnyDay|[from] ability: Orichalcum Pulse|[of] p2b: Koraidon\n|-activate|p2a: Flutter Mane|ability: Protosynthesis\n|-start|p2a: Flutter Mane|protosynthesisspe\n|-activate|p2b: Koraidon|Orichalcum Pulse|[source]\n|move|p1b: Ursaluna|Protect|p1b: Ursaluna\n|-singleturn|p1b: Ursaluna|Protect\n|move|p2a: Flutter Mane|Dazzling Gleam|p1a: Farigiraf|[spread] p1a\n|-activate|p1b: Ursaluna|move: Protect\n|-damage|p1a: Farigiraf|19/100\n|\n|-weather|SunnyDay|[upkeep]\n|upkeep\n|turn|7\n|\n|t:|1769860036\n|switch|p2b: Calyrex|Calyrex-Ice, L50|83/100\n|-ability|p2b: Calyrex|As One\n|-ability|p2b: Calyrex|Unnerve\n|switch|p1b: Kyogre|Kyogre, L50|10/100 slp\n|-weather|RainDance|[from] ability: Drizzle|[of] p1b: Kyogre\n|-end|p2a: Flutter Mane|Protosynthesis\n|move|p2a: Flutter Mane|Dazzling Gleam|p1a: Farigiraf|[spread] p1a,p1b\n|-damage|p1a: Farigiraf|0 fnt\n|-damage|p1b: Kyogre|0 fnt\n|faint|p1a: Farigiraf\n|faint|p1b: Kyogre\n|\n|-weather|RainDance|[upkeep]\n|upkeep\n|-message|supergamingpotato forfeited.\n|\n|win|CHR1SPHX\n|raw|supergamingpotato's rating: 1325 &rarr; <strong>1307</strong><br />(-18 for losing)\n|raw|CHR1SPHX's rating: 1365 &rarr; <strong>1383</strong><br />(+18 for winning)\n|c|\u2606CHR1SPHX|gg\n|l|\u2606CHR1SPHX\n|player|p2|\n","uploadtime":1769860183,"views":15,"formatid":"gen9vgc2026regi","rating":1307,"private":0,"password":null}