{"id":"gen9vgc2026regi-2578283031","format":"[Gen 9] VGC 2026 Reg I","players":["ppyyy","minamisimp"],"log":"|j|\u2606ppyyy\n|j|\u2606minamisimp\n|html|<table width=\"100%\"><tr><td align=\"left\">ppyyy</td><td align=\"right\">minamisimp</tr><tr><td align=\"left\"><i class=\"fa fa-circle-o\"></i> <i class=\"fa fa-circle-o\"></i> </td><td align=\"right\"><i class=\"fa fa-circle-o\"></i> <i class=\"fa fa-circle\"></i> </tr></table>\n|uhtml|bestof|<h2><strong>Game 2</strong> of <a href=\"/game-bestof3-gen9vgc2026regi-2578277596\">a best-of-3</a></h2>\n|t:|1775665106\n|gametype|doubles\n|player|p1|ppyyy|elesa-gen5bw2|\n|player|p2|minamisimp|102|\n|gen|9\n|tier|[Gen 9] VGC 2026 Reg I\n|rated|Tournament battle\n|rule|Species Clause: Limit one of each Pok\u00e9mon\n|rule|Item Clause: Limit 1 of each item\n|raw|<div class=\"infobox\"><details class=\"readmore\" open><summary><strong>4 custom rules:</strong></summary> Open Team Sheets, Force Open Team Sheets, !Open Team Sheets, Best of = 3</details></div>\n|clearpoke\n|poke|p1|Scream Tail, L50|\n|poke|p1|Rillaboom, L50, M|\n|poke|p1|Urshifu-*, L50, F|\n|poke|p1|Incineroar, L50, M|\n|poke|p1|Lunala, L50|\n|poke|p1|Zamazenta-*, L50|\n|poke|p2|Miraidon, L50|\n|poke|p2|Lunala, L50|\n|poke|p2|Whimsicott, L50, M|\n|poke|p2|Urshifu-*, L50, M|\n|poke|p2|Incineroar, L50, M|\n|poke|p2|Ursaluna, L50, M|\n|teampreview|4\n|showteam|p1|Scream Tail||BoosterEnergy|Protosynthesis|DazzlingGleam,Encore,Disable,Protect||||||50|,,,,,Dark]Rillaboom||AssaultVest|GrassySurge|FakeOut,WoodHammer,GrassyGlide,Uturn|||M|||50|,,,,,Fire]Urshifu-Rapid-Strike||FocusSash|UnseenFist|SurgingStrikes,AquaJet,Taunt,Detect|||F|||50|,,,,,Grass]Incineroar||CovertCloak|Intimidate|FakeOut,WillOWisp,KnockOff,PartingShot|||M|||50|,,,,,Bug]Lunala||Leftovers|ShadowShield|MoongeistBeam,Moonblast,CalmMind,Protect||||||50|,,,,,Fairy]Zamazenta-Crowned||RustedShield|DauntlessShield|BodyPress,HeavySlam,WideGuard,Protect||||||50|,,,,,Water\n|showteam|p2|Miraidon||LifeOrb|HadronEngine|ElectroDrift,DracoMeteor,VoltSwitch,Protect||||||50|,,,,,Electric]Lunala||ElectricSeed|ShadowShield|MoongeistBeam,Moonblast,WideGuard,TrickRoom||||||50|,,,,,Fairy]Whimsicott||CovertCloak|Prankster|Moonblast,Encore,LightScreen,Tailwind|||M|||50|,,,,,Water]Urshifu-Rapid-Strike||ChoiceBand|UnseenFist|SurgingStrikes,CloseCombat,AquaJet,Uturn|||M|||50|,,,,,Ghost]Incineroar||AssaultVest|Intimidate|FlareBlitz,KnockOff,Uturn,FakeOut|||M|||50|,,,,,Bug]Ursaluna||FlameOrb|Guts|Facade,HeadlongRush,Earthquake,Protect|||M|||50|,,,,,Ghost\n|j| nakedbabe\n|\n|t:|1775665127\n|teamsize|p1|4\n|teamsize|p2|4\n|start\n|switch|p1a: Lunala|Lunala, L50|100/100\n|switch|p1b: Incineroar|Incineroar, L50, M|100/100\n|switch|p2a: Incineroar|Incineroar, L50, M|100/100\n|switch|p2b: Urshifu|Urshifu-Rapid-Strike, L50, M|100/100\n|-ability|p2a: Incineroar|Intimidate|boost\n|-unboost|p1a: Lunala|atk|1\n|-unboost|p1b: Incineroar|atk|1\n|-ability|p1b: Incineroar|Intimidate|boost\n|-unboost|p2a: Incineroar|atk|1\n|-unboost|p2b: Urshifu|atk|1\n|turn|1\n|\n|t:|1775665157\n|move|p1b: Incineroar|Fake Out|p2b: Urshifu\n|-damage|p2b: Urshifu|93/100\n|cant|p2b: Urshifu|flinch\n|move|p1a: Lunala|Moongeist Beam|p2b: Urshifu\n|-damage|p2b: Urshifu|14/100\n|move|p2a: Incineroar|Knock Off|p1a: Lunala\n|-supereffective|p1a: Lunala\n|-damage|p1a: Lunala|51/100\n|-enditem|p1a: Lunala|Leftovers|[from] move: Knock Off|[of] p2a: Incineroar\n|\n|upkeep\n|turn|2\n|\n|t:|1775665179\n|switch|p1b: Rillaboom|Rillaboom, L50, M|100/100\n|-fieldstart|move: Grassy Terrain|[from] ability: Grassy Surge|[of] p1b: Rillaboom\n|move|p2b: Urshifu|Surging Strikes|p1b: Rillaboom\n|-resisted|p1b: Rillaboom\n|-crit|p1b: Rillaboom\n|-damage|p1b: Rillaboom|85/100\n|-resisted|p1b: Rillaboom\n|-crit|p1b: Rillaboom\n|-damage|p1b: Rillaboom|69/100\n|-resisted|p1b: Rillaboom\n|-crit|p1b: Rillaboom\n|-damage|p1b: Rillaboom|55/100\n|-hitcount|p1b: Rillaboom|3\n|move|p1a: Lunala|Moonblast|p2b: Urshifu\n|-supereffective|p2b: Urshifu\n|-damage|p2b: Urshifu|0 fnt\n|faint|p2b: Urshifu\n|move|p2a: Incineroar|U-turn|p1a: Lunala\n|-damage|p1a: Lunala|41/100\n|\n|t:|1775665183\n|switch|p2a: Lunala|Lunala, L50|100/100|[from] U-turn\n|\n|-heal|p1a: Lunala|48/100|[from] Grassy Terrain\n|-heal|p1b: Rillaboom|61/100|[from] Grassy Terrain\n|upkeep\n|\n|t:|1775665185\n|switch|p2b: Miraidon|Miraidon, L50|100/100\n|-fieldstart|move: Electric Terrain|[from] ability: Hadron Engine|[of] p2b: Miraidon\n|-enditem|p2a: Lunala|Electric Seed\n|-boost|p2a: Lunala|def|1|[from] item: Electric Seed\n|turn|3\n|\n|t:|1775665218\n|switch|p1b: Incineroar|Incineroar, L50, M|100/100\n|-ability|p1b: Incineroar|Intimidate|boost\n|-unboost|p2a: Lunala|atk|1\n|-unboost|p2b: Miraidon|atk|1\n|move|p1a: Lunala|Protect|p1a: Lunala\n|-singleturn|p1a: Lunala|Protect\n|move|p2b: Miraidon|Electro Drift|p1a: Lunala\n|-activate|p1a: Lunala|move: Protect\n|move|p2a: Lunala|Moongeist Beam|p1a: Lunala\n|-activate|p1a: Lunala|move: Protect\n|\n|upkeep\n|turn|4\n|\n|t:|1775665237\n|-terastallize|p1a: Lunala|Fairy\n|move|p1b: Incineroar|Fake Out|p2b: Miraidon\n|-damage|p2b: Miraidon|90/100\n|cant|p2b: Miraidon|flinch\n|move|p1a: Lunala|Moonblast|p2b: Miraidon\n|-supereffective|p2b: Miraidon\n|-damage|p2b: Miraidon|0 fnt\n|faint|p2b: Miraidon\n|move|p2a: Lunala|Moongeist Beam|p1a: Lunala\n|-damage|p1a: Lunala|12/100\n|\n|upkeep\n|\n|t:|1775665240\n|switch|p2b: Incineroar|Incineroar, L50, M|100/100\n|-ability|p2b: Incineroar|Intimidate|boost\n|-unboost|p1a: Lunala|atk|1\n|-unboost|p1b: Incineroar|atk|1\n|turn|5\n|\n|t:|1775665285\n|-terastallize|p2a: Lunala|Fairy\n|move|p1a: Lunala|Protect|p1a: Lunala\n|-singleturn|p1a: Lunala|Protect\n|move|p2a: Lunala|Moonblast|p1b: Incineroar\n|-damage|p1b: Incineroar|49/100\n|move|p2b: Incineroar|Flare Blitz|p1a: Lunala\n|-activate|p1a: Lunala|move: Protect\n|move|p1b: Incineroar|Parting Shot|p2a: Lunala\n|-unboost|p2a: Lunala|atk|1\n|-unboost|p2a: Lunala|spa|1\n|-message|minamisimp forfeited.\n|\n|win|ppyyy\n|l|\u2606minamisimp\n|player|p2|\n","uploadtime":1775665294,"views":11,"formatid":"gen9vgc2026regi","rating":null,"private":0,"password":null}