{"id":"gen9vgc2026regi-2543527853","format":"[Gen 9] VGC 2026 Reg I","players":["IronAurora","VJ2511"],"log":"|j|\u2606IronAurora\n|j|\u2606VJ2511\n|t:|1771588767\n|gametype|doubles\n|player|p1|IronAurora|1|1446\n|player|p2|VJ2511|red-masters3|1604\n|gen|9\n|tier|[Gen 9] VGC 2026 Reg I\n|rated|\n|rule|Species Clause: Limit one of each Pok\u00e9mon\n|rule|Item Clause: Limit 1 of each item\n|clearpoke\n|poke|p1|Miraidon, L50|\n|poke|p1|Incineroar, L50, F|\n|poke|p1|Grimmsnarl, L50, M|\n|poke|p1|Farigiraf, L50, M|\n|poke|p1|Lunala, L50|\n|poke|p1|Iron Hands, L50|\n|poke|p2|Calyrex-Shadow, L50|\n|poke|p2|Zamazenta-*, L50|\n|poke|p2|Smeargle, L50, F|\n|poke|p2|Incineroar, L50, M|\n|poke|p2|Rillaboom, L50, M|\n|poke|p2|Raging Bolt, L50|\n|teampreview|4\n|inactive|Battle timer is ON: inactive players will automatically lose when time's up. (requested by VJ2511)\n|inactive|IronAurora has 60 seconds left.\n|inactive|VJ2511 has 60 seconds left.\n|\n|t:|1771588825\n|teamsize|p1|4\n|teamsize|p2|4\n|start\n|switch|p1a: Iron Hands|Iron Hands, L50, shiny|100/100\n|switch|p1b: Farigiraf|Farigiraf, L50, M, shiny|100/100\n|switch|p2a: Calyrex|Calyrex-Shadow, L50|100/100\n|switch|p2b: Zamazenta|Zamazenta-Crowned, L50|100/100\n|-ability|p2a: Calyrex|As One\n|-ability|p2a: Calyrex|Unnerve\n|-ability|p2b: Zamazenta|Dauntless Shield|boost\n|-boost|p2b: Zamazenta|def|1\n|turn|1\n|\n|t:|1771588843\n|move|p1a: Iron Hands|Fake Out|p2b: Zamazenta\n|-resisted|p2b: Zamazenta\n|-damage|p2b: Zamazenta|97/100\n|move|p2a: Calyrex|Psychic|p1a: Iron Hands\n|-supereffective|p1a: Iron Hands\n|-damage|p1a: Iron Hands|2/100\n|-damage|p2a: Calyrex|91/100|[from] item: Life Orb\n|cant|p2b: Zamazenta|flinch\n|move|p1b: Farigiraf|Trick Room|p1b: Farigiraf\n|-fieldstart|move: Trick Room|[of] p1b: Farigiraf\n|\n|upkeep\n|turn|2\n|\n|t:|1771588861\n|switch|p2a: Incineroar|Incineroar, L50, M|100/100\n|-ability|p2a: Incineroar|Intimidate|boost\n|-unboost|p1a: Iron Hands|atk|1\n|-unboost|p1b: Farigiraf|atk|1\n|-terastallize|p2b: Zamazenta|Water\n|move|p1a: Iron Hands|Drain Punch|p2b: Zamazenta\n|-damage|p2b: Zamazenta|85/100\n|-heal|p1a: Iron Hands|6/100|[from] drain|[of] p2b: Zamazenta\n|move|p1b: Farigiraf|Foul Play|p2a: Incineroar\n|-resisted|p2a: Incineroar\n|-damage|p2a: Incineroar|92/100\n|move|p2b: Zamazenta|Body Press|p1a: Iron Hands\n|-damage|p1a: Iron Hands|0 fnt\n|faint|p1a: Iron Hands\n|-end|p1a: Iron Hands|Quark Drive|[silent]\n|\n|upkeep\n|\n|t:|1771588885\n|switch|p1a: Lunala|Lunala, L50, shiny|100/100\n|turn|3\n|\n|t:|1771588901\n|switch|p1b: Miraidon|Miraidon, L50, shiny|100/100\n|-fieldstart|move: Electric Terrain|[from] ability: Hadron Engine|[of] p1b: Miraidon\n|-enditem|p1a: Lunala|Electric Seed\n|-boost|p1a: Lunala|def|1|[from] item: Electric Seed\n|-terastallize|p1a: Lunala|Fairy\n|move|p2a: Incineroar|Knock Off|p1a: Lunala\n|-resisted|p1a: Lunala\n|-damage|p1a: Lunala|97/100\n|move|p1a: Lunala|Calm Mind|p1a: Lunala\n|-boost|p1a: Lunala|spa|1\n|-boost|p1a: Lunala|spd|1\n|move|p2b: Zamazenta|Heavy Slam|p1a: Lunala\n|-supereffective|p1a: Lunala\n|-damage|p1a: Lunala|45/100\n|\n|upkeep\n|turn|4\n|inactive|IronAurora has 30 seconds left.\n|inactive|IronAurora has 20 seconds left.\n|inactive|VJ2511 has 30 seconds left.\n|\n|t:|1771588943\n|move|p2a: Incineroar|Knock Off|p1b: Miraidon\n|-damage|p1b: Miraidon|64/100\n|-enditem|p1b: Miraidon|Choice Specs|[from] move: Knock Off|[of] p2a: Incineroar\n|move|p1a: Lunala|Moongeist Beam|p2b: Zamazenta\n|-damage|p2b: Zamazenta|20/100\n|move|p2b: Zamazenta|Heavy Slam|p1a: Lunala\n|-supereffective|p1a: Lunala\n|-damage|p1a: Lunala|0 fnt\n|faint|p1a: Lunala\n|move|p1b: Miraidon|Electro Drift|p2a: Incineroar\n|-damage|p2a: Incineroar|8/100\n|\n|upkeep\n|\n|t:|1771588958\n|switch|p1a: Farigiraf|Farigiraf, L50, M, shiny|100/100\n|turn|5\n|\n|t:|1771588976\n|move|p1a: Farigiraf|Psychic|p2b: Zamazenta\n|-damage|p2b: Zamazenta|0 fnt\n|faint|p2b: Zamazenta\n|move|p2a: Incineroar|Knock Off|p1b: Miraidon\n|-damage|p1b: Miraidon|39/100\n|move|p1b: Miraidon|Dazzling Gleam|p2a: Incineroar\n|-damage|p2a: Incineroar|0 fnt\n|faint|p2a: Incineroar\n|\n|-fieldend|move: Trick Room\n|upkeep\n|\n|t:|1771588981\n|switch|p2b: Calyrex|Calyrex-Shadow, L50|91/100\n|switch|p2a: Raging Bolt|Raging Bolt, L50|100/100\n|-ability|p2b: Calyrex|As One\n|-ability|p2b: Calyrex|Unnerve\n|-enditem|p2a: Raging Bolt|Booster Energy\n|-activate|p2a: Raging Bolt|ability: Protosynthesis|[fromitem]\n|-start|p2a: Raging Bolt|protosynthesisspa\n|turn|6\n|\n|t:|1771588999\n|move|p1b: Miraidon|Dazzling Gleam|p2a: Raging Bolt|[spread] p2a,p2b\n|-supereffective|p2a: Raging Bolt\n|-damage|p2a: Raging Bolt|52/100\n|-damage|p2b: Calyrex|64/100\n|move|p2b: Calyrex|Astral Barrage|p1b: Miraidon|[spread] p1b\n|-immune|p1a: Farigiraf\n|-damage|p1b: Miraidon|0 fnt\n|faint|p1b: Miraidon\n|-ability|p2b: Calyrex|Grim Neigh|boost\n|-boost|p2b: Calyrex|spa|1\n|-damage|p2b: Calyrex|54/100|[from] item: Life Orb\n|move|p2a: Raging Bolt|Thunderbolt|p1a: Farigiraf\n|-damage|p1a: Farigiraf|37/100\n|move|p1a: Farigiraf|Foul Play|p2b: Calyrex\n|-supereffective|p2b: Calyrex\n|-damage|p2b: Calyrex|0 fnt\n|faint|p2b: Calyrex\n|\n|upkeep\n|turn|7\n|inactive|IronAurora has 30 seconds left.\n|inactive|IronAurora has 20 seconds left.\n|\n|t:|1771589034\n|move|p2a: Raging Bolt|Thunderbolt|p1a: Farigiraf\n|-damage|p1a: Farigiraf|0 fnt\n|faint|p1a: Farigiraf\n|\n|win|VJ2511\n|raw|IronAurora's rating: 1446 &rarr; <strong>1435</strong><br />(-11 for losing)\n|raw|VJ2511's rating: 1604 &rarr; <strong>1615</strong><br />(+11 for winning)\n|l|\u2606VJ2511\n|player|p2|\n|l|\u2606IronAurora\n|player|p1|\n","uploadtime":1771589257,"views":15,"formatid":"gen9vgc2026regi","rating":1435,"private":0,"password":null}