{"id":"gen9vgc2026regi-2534182510","format":"[Gen 9] VGC 2026 Reg I","players":["alexit93","ricepresident666"],"log":"|j|\u2606alexit93\n|j|\u2606ricepresident666\n|t:|1770395539\n|gametype|doubles\n|player|p1|alexit93|lucas-gen4pt|1359\n|player|p2|ricepresident666|lucian|1349\n|gen|9\n|tier|[Gen 9] VGC 2026 Reg I\n|rated|\n|rule|Species Clause: Limit one of each Pok\u00e9mon\n|rule|Item Clause: Limit 1 of each item\n|clearpoke\n|poke|p1|Zamazenta-*, L50|\n|poke|p1|Riolu, L50, M|\n|poke|p1|Calyrex-Ice, L50|\n|poke|p1|Rillaboom, L50, F|\n|poke|p1|Incineroar, L50, F|\n|poke|p1|Urshifu-*, L50, M|\n|poke|p2|Koraidon, L50|\n|poke|p2|Lunala, L50|\n|poke|p2|Chi-Yu, L50|\n|poke|p2|Ursaluna, L50, F|\n|poke|p2|Brute Bonnet, L50|\n|poke|p2|Flutter Mane, L50|\n|teampreview|4\n|inactive|Battle timer is ON: inactive players will automatically lose when time's up. (requested by alexit93)\n|\n|t:|1770395591\n|teamsize|p1|4\n|teamsize|p2|4\n|start\n|switch|p1a: Riolu|Riolu, L50, M|100/100\n|switch|p1b: Urshifu|Urshifu-Rapid-Strike, L50, M|100/100\n|switch|p2a: Lunala|Lunala, L50, shiny|100/100\n|switch|p2b: Brute Bonnet|Brute Bonnet, L50, shiny|100/100\n|turn|1\n|inactive|alexit93 has 30 seconds left.\n|\n|t:|1770395618\n|move|p1a: Riolu|Coaching|p1b: Urshifu\n|-boost|p1b: Urshifu|atk|1\n|-boost|p1b: Urshifu|def|1\n|move|p1b: Urshifu|Surging Strikes|p2a: Lunala\n|-crit|p2a: Lunala\n|-damage|p2a: Lunala|88/100\n|-crit|p2a: Lunala\n|-damage|p2a: Lunala|62/100\n|-crit|p2a: Lunala\n|-damage|p2a: Lunala|36/100\n|-hitcount|p2a: Lunala|3\n|move|p2a: Lunala|Meteor Beam||[still]\n|-prepare|p2a: Lunala|Meteor Beam\n|-boost|p2a: Lunala|spa|1\n|-enditem|p2a: Lunala|Power Herb\n|-anim|p2a: Lunala|Meteor Beam|p1b: Urshifu\n|-resisted|p1b: Urshifu\n|-damage|p1b: Urshifu|46/100\n|move|p2b: Brute Bonnet|Spore|p1a: Riolu\n|-status|p1a: Riolu|slp|[from] move: Spore\n|\n|upkeep\n|turn|2\n|\n|t:|1770395638\n|move|p2b: Brute Bonnet|Rage Powder|p2b: Brute Bonnet\n|-singleturn|p2b: Brute Bonnet|move: Rage Powder\n|cant|p1a: Riolu|slp\n|move|p1b: Urshifu|Surging Strikes|p2b: Brute Bonnet\n|-resisted|p2b: Brute Bonnet\n|-crit|p2b: Brute Bonnet\n|-damage|p2b: Brute Bonnet|92/100\n|-resisted|p2b: Brute Bonnet\n|-crit|p2b: Brute Bonnet\n|-damage|p2b: Brute Bonnet|84/100\n|-resisted|p2b: Brute Bonnet\n|-crit|p2b: Brute Bonnet\n|-damage|p2b: Brute Bonnet|74/100\n|-hitcount|p2b: Brute Bonnet|3\n|move|p2a: Lunala|Moongeist Beam|p1b: Urshifu\n|-damage|p1b: Urshifu|0 fnt\n|faint|p1b: Urshifu\n|\n|upkeep\n|\n|t:|1770395643\n|switch|p1b: Zamazenta|Zamazenta-Crowned, L50, shiny|100/100\n|-ability|p1b: Zamazenta|Dauntless Shield|boost\n|-boost|p1b: Zamazenta|def|1\n|turn|3\n|\n|t:|1770395657\n|-curestatus|p1a: Riolu|slp|[msg]\n|move|p1a: Riolu|Coaching|p1b: Zamazenta\n|-boost|p1b: Zamazenta|atk|1\n|-boost|p1b: Zamazenta|def|1\n|move|p1b: Zamazenta|Body Press|p2b: Brute Bonnet\n|-supereffective|p2b: Brute Bonnet\n|-damage|p2b: Brute Bonnet|0 fnt\n|faint|p2b: Brute Bonnet\n|-end|p2b: Brute Bonnet|Protosynthesis|[silent]\n|move|p2a: Lunala|Moongeist Beam|p1a: Riolu\n|-damage|p1a: Riolu|10/100\n|\n|upkeep\n|\n|t:|1770395669\n|switch|p2b: Flutter Mane|Flutter Mane, L50, shiny|100/100\n|turn|4\n|\n|t:|1770395682\n|switch|p1a: Incineroar|Incineroar, L50, F|100/100\n|-ability|p1a: Incineroar|Intimidate|boost\n|-unboost|p2a: Lunala|atk|1\n|-unboost|p2b: Flutter Mane|atk|1\n|move|p2b: Flutter Mane|Icy Wind|p1b: Zamazenta|[spread] p1b\n|-miss|p2b: Flutter Mane|p1a: Incineroar\n|-resisted|p1b: Zamazenta\n|-damage|p1b: Zamazenta|95/100\n|-unboost|p1b: Zamazenta|spe|1\n|move|p1b: Zamazenta|Behemoth Bash|p2a: Lunala\n|-damage|p2a: Lunala|0 fnt\n|faint|p2a: Lunala\n|\n|upkeep\n|\n|t:|1770395695\n|switch|p2a: Koraidon|Koraidon, L50, shiny|100/100\n|-weather|SunnyDay|[from] ability: Orichalcum Pulse|[of] p2a: Koraidon\n|-activate|p2b: Flutter Mane|ability: Protosynthesis\n|-start|p2b: Flutter Mane|protosynthesisspe\n|-activate|p2a: Koraidon|Orichalcum Pulse|[source]\n|turn|5\n|\n|t:|1770395704\n|-terastallize|p2b: Flutter Mane|Stellar\n|move|p1a: Incineroar|Fake Out|p2a: Koraidon\n|-damage|p2a: Koraidon|89/100\n|move|p2b: Flutter Mane|Moonblast|p1b: Zamazenta\n|-damage|p1b: Zamazenta|42/100\n|cant|p2a: Koraidon|flinch\n|move|p1b: Zamazenta|Behemoth Bash|p2b: Flutter Mane\n|-supereffective|p2b: Flutter Mane\n|-enditem|p2b: Flutter Mane|Focus Sash\n|-damage|p2b: Flutter Mane|1/100\n|\n|-weather|SunnyDay|[upkeep]\n|upkeep\n|turn|6\n|\n|t:|1770395714\n|move|p1b: Zamazenta|Protect|p1b: Zamazenta\n|-singleturn|p1b: Zamazenta|Protect\n|move|p2b: Flutter Mane|Moonblast|p1b: Zamazenta\n|-activate|p1b: Zamazenta|move: Protect\n|move|p2a: Koraidon|Close Combat|p1a: Incineroar\n|-supereffective|p1a: Incineroar\n|-damage|p1a: Incineroar|0 fnt\n|-unboost|p2a: Koraidon|def|1\n|-unboost|p2a: Koraidon|spd|1\n|-damage|p2a: Koraidon|73/100|[from] item: Rocky Helmet|[of] p1a: Incineroar\n|faint|p1a: Incineroar\n|-damage|p2a: Koraidon|63/100|[from] item: Life Orb\n|\n|-weather|SunnyDay|[upkeep]\n|upkeep\n|\n|t:|1770395719\n|switch|p1a: Riolu|Riolu, L50, M|10/100\n|turn|7\n|\n|t:|1770395731\n|-terastallize|p1b: Zamazenta|Dragon\n|move|p1a: Riolu|Rain Dance|p1a: Riolu\n|-weather|RainDance\n|-end|p2b: Flutter Mane|Protosynthesis\n|move|p2b: Flutter Mane|Shadow Ball|p1b: Zamazenta\n|-damage|p1b: Zamazenta|0 fnt\n|faint|p1b: Zamazenta\n|move|p2a: Koraidon|Flame Charge|p1a: Riolu\n|-damage|p1a: Riolu|0 fnt\n|-boost|p2a: Koraidon|spe|1\n|faint|p1a: Riolu\n|-damage|p2a: Koraidon|53/100|[from] item: Life Orb\n|\n|win|ricepresident666\n|raw|alexit93's rating: 1359 &rarr; <strong>1338</strong><br />(-21 for losing)\n|raw|ricepresident666's rating: 1349 &rarr; <strong>1370</strong><br />(+21 for winning)\n|l|\u2606alexit93\n|player|p1|\n|l|\u2606ricepresident666\n|player|p2|\n","uploadtime":1770395874,"views":13,"formatid":"gen9vgc2026regi","rating":1338,"private":0,"password":null}