{"id":"gen9vgc2026regi-2557028004","format":"[Gen 9] VGC 2026 Reg I","players":["Simon0123","Riptide_sage"],"log":"|j|\u2606Simon0123\n|j|\u2606Riptide_sage\n|t:|1773271514\n|gametype|doubles\n|player|p1|Simon0123|benga|1330\n|player|p2|Riptide_sage|cynthia|1215\n|gen|9\n|tier|[Gen 9] VGC 2026 Reg I\n|rated|\n|rule|Species Clause: Limit one of each Pok\u00e9mon\n|rule|Item Clause: Limit 1 of each item\n|clearpoke\n|poke|p1|Miraidon, L50|\n|poke|p1|Calyrex-Shadow, L50|\n|poke|p1|Iron Hands, L50|\n|poke|p1|Tornadus, L50, M|\n|poke|p1|Urshifu-*, L50, F|\n|poke|p1|Amoonguss, L50, F|\n|poke|p2|Calyrex-Ice, L50|\n|poke|p2|Torkoal, L50, F|\n|poke|p2|Lilligant-Hisui, L50, F|\n|poke|p2|Indeedee-F, L50, F|\n|poke|p2|Armarouge, L50, M|\n|poke|p2|Raging Bolt, L50|\n|teampreview|4\n|inactive|Battle timer is ON: inactive players will automatically lose when time's up. (requested by Simon0123)\n|inactive|Simon0123 has 60 seconds left.\n|\n|t:|1773271565\n|teamsize|p1|4\n|teamsize|p2|4\n|start\n|switch|p1a: Tornadus|Tornadus, L50, M, shiny|100/100\n|switch|p1b: Urshifu|Urshifu-Rapid-Strike, L50, F|100/100\n|switch|p2a: Armarouge|Armarouge, L50, M|100/100\n|switch|p2b: Calyrex|Calyrex-Ice, L50|100/100\n|-ability|p2b: Calyrex|As One\n|-ability|p2b: Calyrex|Unnerve\n|turn|1\n|inactive|Simon0123 has 30 seconds left.\n|inactive|Simon0123 has 20 seconds left.\n|\n|t:|1773271603\n|-terastallize|p2a: Armarouge|Grass\n|move|p1a: Tornadus|Taunt|p2a: Armarouge\n|-start|p2a: Armarouge|move: Taunt\n|move|p1b: Urshifu|Surging Strikes|p2b: Calyrex\n|-crit|p2b: Calyrex\n|-damage|p2b: Calyrex|84/100\n|-crit|p2b: Calyrex\n|-damage|p2b: Calyrex|69/100\n|-crit|p2b: Calyrex\n|-damage|p2b: Calyrex|54/100\n|-hitcount|p2b: Calyrex|3\n|move|p2b: Calyrex|Glacial Lance|p1b: Urshifu|[spread] p1a,p1b\n|-supereffective|p1a: Tornadus\n|-resisted|p1b: Urshifu\n|-damage|p1a: Tornadus|0 fnt\n|-damage|p1b: Urshifu|70/100\n|faint|p1a: Tornadus\n|-ability|p2b: Calyrex|Chilling Neigh|boost\n|-boost|p2b: Calyrex|atk|1\n|cant|p2a: Armarouge|move: Taunt|Trick Room\n|\n|upkeep\n|\n|t:|1773271626\n|switch|p1a: Calyrex|Calyrex-Shadow, L50|100/100\n|-ability|p1a: Calyrex|As One\n|-ability|p1a: Calyrex|Unnerve\n|turn|2\n|inactive|Riptide_sage has 30 seconds left.\n|\n|t:|1773271656\n|-terastallize|p1b: Urshifu|Grass\n|move|p2b: Calyrex|Protect|p2b: Calyrex\n|-singleturn|p2b: Calyrex|Protect\n|move|p1a: Calyrex|Astral Barrage|p2a: Armarouge|[spread] p2a\n|-activate|p2b: Calyrex|move: Protect\n|-damage|p2a: Armarouge|43/100\n|move|p1b: Urshifu|Close Combat|p2a: Armarouge\n|-damage|p2a: Armarouge|0 fnt\n|-unboost|p1b: Urshifu|def|1\n|-unboost|p1b: Urshifu|spd|1\n|faint|p2a: Armarouge\n|\n|upkeep\n|\n|t:|1773271679\n|switch|p2a: Raging Bolt|Raging Bolt, L50|100/100\n|turn|3\n|\n|t:|1773271693\n|switch|p2b: Torkoal|Torkoal, L50, F|100/100\n|-weather|SunnyDay|[from] ability: Drought|[of] p2b: Torkoal\n|-activate|p2a: Raging Bolt|ability: Protosynthesis\n|-start|p2a: Raging Bolt|protosynthesisspa\n|move|p1a: Calyrex|Astral Barrage|p2a: Raging Bolt|[spread] p2a,p2b\n|-damage|p2a: Raging Bolt|69/100\n|-damage|p2b: Torkoal|28/100\n|move|p1b: Urshifu|Close Combat|p2a: Raging Bolt\n|-damage|p2a: Raging Bolt|23/100\n|-unboost|p1b: Urshifu|def|1\n|-unboost|p1b: Urshifu|spd|1\n|move|p2a: Raging Bolt|Snarl|p1b: Urshifu|[spread] p1a,p1b\n|-supereffective|p1a: Calyrex\n|-crit|p1b: Urshifu\n|-damage|p1a: Calyrex|19/100\n|-damage|p1b: Urshifu|0 fnt\n|-unboost|p1a: Calyrex|spa|1\n|faint|p1b: Urshifu\n|\n|-weather|SunnyDay|[upkeep]\n|upkeep\n|\n|t:|1773271713\n|switch|p1b: Miraidon|Miraidon, L50, shiny|100/100\n|-fieldstart|move: Electric Terrain|[from] ability: Hadron Engine|[of] p1b: Miraidon\n|turn|4\n|\n|t:|1773271727\n|move|p1a: Calyrex|Protect|p1a: Calyrex\n|-singleturn|p1a: Calyrex|Protect\n|move|p2a: Raging Bolt|Thunderclap||[still]\n|-fail|p2a: Raging Bolt\n|move|p1b: Miraidon|Dazzling Gleam|p2a: Raging Bolt|[spread] p2a,p2b\n|-supereffective|p2a: Raging Bolt\n|-resisted|p2b: Torkoal\n|-damage|p2a: Raging Bolt|0 fnt\n|-damage|p2b: Torkoal|0 fnt\n|faint|p2a: Raging Bolt\n|-end|p2a: Raging Bolt|Protosynthesis|[silent]\n|faint|p2b: Torkoal\n|\n|-weather|SunnyDay|[upkeep]\n|upkeep\n|\n|t:|1773271735\n|switch|p2b: Calyrex|Calyrex-Ice, L50|54/100\n|-ability|p2b: Calyrex|As One\n|-ability|p2b: Calyrex|Unnerve\n|turn|5\n|c|\u2606Simon0123|Bro\n|c|\u2606Simon0123|I owned u\n|c|\u2606Simon0123|Hahahahha\n|\n|t:|1773271759\n|move|p1a: Calyrex|Astral Barrage|p2b: Calyrex\n|-supereffective|p2b: Calyrex\n|-damage|p2b: Calyrex|0 fnt\n|faint|p2b: Calyrex\n|\n|win|Simon0123\n|raw|Simon0123's rating: 1330 &rarr; <strong>1344</strong><br />(+14 for winning)\n|raw|Riptide_sage's rating: 1215 &rarr; <strong>1198</strong><br />(-17 for losing)\n|l|\u2606Simon0123\n|player|p1|\n|l|\u2606Riptide_sage\n|player|p2|\n","uploadtime":1773271991,"views":14,"formatid":"gen9vgc2026regi","rating":1198,"private":0,"password":null}