{"id":"gen9vgc2026regi-2558466605","format":"[Gen 9] VGC 2026 Reg I","players":["SeaWolfMikes","cherry786"],"log":"|j|\u2606SeaWolfMikes\n|j|\u2606cherry786\n|t:|1773437363\n|gametype|doubles\n|player|p1|SeaWolfMikes|lucas|\n|player|p2|cherry786|cynthia-gen7|\n|gen|9\n|tier|[Gen 9] VGC 2026 Reg I\n|rated|Tournament battle\n|rule|Species Clause: Limit one of each Pok\u00e9mon\n|rule|Item Clause: Limit 1 of each item\n|raw|<div class=\"infobox\"><details class=\"readmore\" open><summary><strong>3 custom rules:</strong></summary> Open Team Sheets, Force Open Team Sheets, !Open Team Sheets</details></div>\n|clearpoke\n|poke|p1|Flutter Mane, L50|\n|poke|p1|Koraidon, L50|\n|poke|p1|Chi-Yu, L50|\n|poke|p1|Brute Bonnet, L50|\n|poke|p1|Lunala, L50|\n|poke|p1|Ursaluna, L50, F|\n|poke|p2|Zacian-*, L50|\n|poke|p2|Kyogre, L50|\n|poke|p2|Tornadus, L50, M|\n|poke|p2|Farigiraf, L50, M|\n|poke|p2|Incineroar, L50, M|\n|poke|p2|Chesnaught, L50, M|\n|teampreview|4\n|showteam|p1|Flutter Mane||FocusSash|Protosynthesis|Moonblast,ShadowBall,IcyWind,Protect||||||50|,,,,,Stellar]Koraidon||LifeOrb|OrichalcumPulse|CloseCombat,FlareBlitz,FlameCharge,Protect||||||50|,,,,,Fire]Chi-Yu||ChoiceScarf|BeadsofRuin|HeatWave,DarkPulse,Overheat,Snarl||||||50|,,,,,Ghost]Brute Bonnet||SitrusBerry|Protosynthesis|SeedBomb,SuckerPunch,Spore,RagePowder||||||50|,,,,,Water]Lunala||PowerHerb|ShadowShield|MoongeistBeam,MeteorBeam,WideGuard,TrickRoom||||||50|,,,,,Water]Ursaluna||FlameOrb|Guts|Facade,HeadlongRush,Earthquake,Protect|||F|||50|,,,,,Ghost\n|showteam|p2|Zacian-Crowned||RustedSword|IntrepidSword|behemothblade,PlayRough,Protect,SwordsDance||||||50|,,,,,Dragon]Kyogre||MysticWater|Drizzle|HydroPump,OriginPulse,Protect,Thunder||||||50|,,,,,Grass]Tornadus||CovertCloak|Prankster|Tailwind,BleakwindStorm,RainDance,ScaryFace|||M|||50|,,,,,Dark]Farigiraf||SafetyGoggles|ArmorTail|TrickRoom,Gravity,FoulPlay,HelpingHand|||M|||50|,,,,,Fire]Incineroar||RockyHelmet|Intimidate|PartingShot,FakeOut,KnockOff,WillOWisp|||M|||50|,,,,,Grass]Chesnaught||SitrusBerry|Bulletproof|WideGuard,BodyPress,HelpingHand,LeechSeed|||M|||50|,,,,,Fairy\n|inactive|Battle timer is ON: inactive players will automatically lose when time's up. (requested by cherry786)\n|j| christianfinity\n|j| IGoBrokeLikeJoc\n|j| toadsamongmen\n|c|\u2606cherry786|glhf?\n|j| Hockeystick7\n|c|\u2606cherry786|or not\n|l| IGoBrokeLikeJoc\n|c|\u2606SeaWolfMikes|hf\n|\n|t:|1773437387\n|teamsize|p1|4\n|teamsize|p2|4\n|start\n|switch|p1a: Flutter Mane|Flutter Mane, L50|100/100\n|switch|p1b: Lunala|Lunala, L50|100/100\n|switch|p2a: Tornadus|Tornadus, L50, M|100/100\n|switch|p2b: Kyogre|Kyogre, L50, shiny|100/100\n|-weather|RainDance|[from] ability: Drizzle|[of] p2b: Kyogre\n|turn|1\n|\n|t:|1773437398\n|move|p1a: Flutter Mane|Moonblast|p2b: Kyogre\n|-damage|p2b: Kyogre|68/100\n|-unboost|p2b: Kyogre|spa|1\n|move|p2a: Tornadus|Bleakwind Storm|p1b: Lunala|[spread] p1a,p1b\n|-damage|p1a: Flutter Mane|66/100\n|-damage|p1b: Lunala|90/100\n|-unboost|p1b: Lunala|spe|1\n|move|p2b: Kyogre|Origin Pulse|p1b: Lunala|[spread] p1a\n|-miss|p2b: Kyogre|p1b: Lunala\n|-crit|p1a: Flutter Mane\n|-damage|p1a: Flutter Mane|0 fnt\n|faint|p1a: Flutter Mane\n|-end|p1a: Flutter Mane|Protosynthesis|[silent]\n|move|p1b: Lunala|Meteor Beam||[still]\n|-prepare|p1b: Lunala|Meteor Beam\n|-boost|p1b: Lunala|spa|1\n|-enditem|p1b: Lunala|Power Herb\n|-anim|p1b: Lunala|Meteor Beam|p2a: Tornadus\n|-supereffective|p2a: Tornadus\n|-damage|p2a: Tornadus|0 fnt\n|faint|p2a: Tornadus\n|\n|-weather|RainDance|[upkeep]\n|upkeep\n|j| Youmiya Hina\n|j| Actoradoboy fan\n|\n|t:|1773437415\n|switch|p1a: Koraidon|Koraidon, L50|100/100\n|switch|p2a: Chesnaught|Chesnaught, L50, M, shiny|100/100\n|-weather|SunnyDay|[from] ability: Orichalcum Pulse|[of] p1a: Koraidon\n|-activate|p1a: Koraidon|Orichalcum Pulse|[source]\n|turn|2\n|l| Youmiya Hina\n|\n|t:|1773437427\n|switch|p2b: Incineroar|Incineroar, L50, M|100/100\n|-ability|p2b: Incineroar|Intimidate|boost\n|-unboost|p1a: Koraidon|atk|1\n|-unboost|p1b: Lunala|atk|1\n|-terastallize|p2a: Chesnaught|Fairy\n|move|p1a: Koraidon|Close Combat|p2b: Incineroar\n|-supereffective|p2b: Incineroar\n|-damage|p2b: Incineroar|0 fnt\n|-unboost|p1a: Koraidon|def|1\n|-unboost|p1a: Koraidon|spd|1\n|-damage|p1a: Koraidon|84/100|[from] item: Rocky Helmet|[of] p2b: Incineroar\n|faint|p2b: Incineroar\n|-damage|p1a: Koraidon|74/100|[from] item: Life Orb\n|move|p1b: Lunala|Moongeist Beam|p2a: Chesnaught\n|-damage|p2a: Chesnaught|24/100\n|-enditem|p2a: Chesnaught|Sitrus Berry|[eat]\n|-heal|p2a: Chesnaught|49/100|[from] item: Sitrus Berry\n|move|p2a: Chesnaught|Leech Seed|p1b: Lunala|[miss]\n|-miss|p2a: Chesnaught|p1b: Lunala\n|\n|-weather|SunnyDay|[upkeep]\n|upkeep\n|\n|t:|1773437434\n|switch|p2b: Kyogre|Kyogre, L50, shiny|68/100\n|-weather|RainDance|[from] ability: Drizzle|[of] p2b: Kyogre\n|turn|3\n|\n|t:|1773437442\n|switch|p1a: Brute Bonnet|Brute Bonnet, L50|100/100\n|-terastallize|p1b: Lunala|Water\n|move|p2a: Chesnaught|Helping Hand|p2b: Kyogre\n|-singleturn|p2b: Kyogre|Helping Hand|[of] p2a: Chesnaught\n|move|p2b: Kyogre|Origin Pulse|p1a: Brute Bonnet|[spread] p1b\n|-miss|p2b: Kyogre|p1a: Brute Bonnet\n|-resisted|p1b: Lunala\n|-crit|p1b: Lunala\n|-damage|p1b: Lunala|29/100\n|move|p1b: Lunala|Moongeist Beam|p2a: Chesnaught\n|-damage|p2a: Chesnaught|0 fnt\n|faint|p2a: Chesnaught\n|\n|-weather|RainDance|[upkeep]\n|upkeep\n|turn|4\n|j| espatocular\n|c|\u2606cherry786|gg\n|\n|t:|1773437461\n|move|p2b: Kyogre|Thunder|p1b: Lunala\n|-supereffective|p1b: Lunala\n|-damage|p1b: Lunala|0 fnt\n|faint|p1b: Lunala\n|move|p1a: Brute Bonnet|Seed Bomb|p2b: Kyogre\n|-supereffective|p2b: Kyogre\n|-damage|p2b: Kyogre|8/100\n|\n|-weather|RainDance|[upkeep]\n|upkeep\n|\n|t:|1773437463\n|switch|p1b: Koraidon|Koraidon, L50|74/100\n|-weather|SunnyDay|[from] ability: Orichalcum Pulse|[of] p1b: Koraidon\n|-activate|p1a: Brute Bonnet|ability: Protosynthesis\n|-start|p1a: Brute Bonnet|protosynthesisdef\n|-activate|p1b: Koraidon|Orichalcum Pulse|[source]\n|turn|5\n|\n|t:|1773437466\n|move|p1a: Brute Bonnet|Sucker Punch|p2b: Kyogre\n|-damage|p2b: Kyogre|0 fnt\n|faint|p2b: Kyogre\n|\n|win|SeaWolfMikes\n|n|\u2606SeaWolfMikes|seawolfmikes\n|n|\u2606cherry786|cherry786\n|n| christianfinity|christianfinity\n|n| toadsamongmen|toadsamongmen\n|n| Hockeystick7|hockeystick7\n|n| Actoradoboy fan|actoradoboyfan\n|n| espatocular|espatocular\n","uploadtime":1773437466,"views":24,"formatid":"gen9vgc2026regi","rating":null,"private":0,"password":null}