{"id":"gen9vgc2026regi-2582914060","format":"[Gen 9] VGC 2026 Reg I","players":["OpenTeamPlz","jj11j1"],"log":"|j|\u2606OpenTeamPlz\n|j|\u2606jj11j1\n|t:|1776124520\n|gametype|doubles\n|player|p1|OpenTeamPlz|1|1293\n|player|p2|jj11j1|169|1512\n|gen|9\n|tier|[Gen 9] VGC 2026 Reg I\n|rated|\n|rule|Species Clause: Limit one of each Pok\u00e9mon\n|rule|Item Clause: Limit 1 of each item\n|clearpoke\n|poke|p1|Flutter Mane, L50|\n|poke|p1|Torkoal, L50, M|\n|poke|p1|Groudon, L50|\n|poke|p1|Lapras, L50, F|\n|poke|p1|Miraidon, L50|\n|poke|p1|Urshifu-*, L50, F|\n|poke|p2|Kyogre, L50|\n|poke|p2|Calyrex-Ice, L50|\n|poke|p2|Landorus, L50, M|\n|poke|p2|Urshifu-*, L50, F|\n|poke|p2|Smeargle, L50, F|\n|poke|p2|Flutter Mane, L50|\n|teampreview|4\n|inactive|Battle timer is ON: inactive players will automatically lose when time's up. (requested by OpenTeamPlz)\nOpenTeamPlz has agreed to open team sheets.\n|inactive|OpenTeamPlz has 60 seconds left.\n|\n|t:|1776124572\n|teamsize|p1|4\n|teamsize|p2|4\n|start\n|switch|p1a: Focus_Sash|Flutter Mane, L50|100/100\n|switch|p1b: Black_Glasses|Urshifu, L50, F|100/100\n|switch|p2a: Flutter Mane|Flutter Mane, L50|100/100\n|switch|p2b: Smeargle|Smeargle, L50, F|100/100\n|turn|1\n|inactive|jj11j1 has 30 seconds left.\n|\n|t:|1776124602\n|move|p1b: Black_Glasses|Detect|p1b: Black_Glasses\n|-singleturn|p1b: Black_Glasses|Protect\n|move|p2a: Flutter Mane|Moonblast|p1b: Black_Glasses\n|-activate|p1b: Black_Glasses|move: Protect\n|move|p1a: Focus_Sash|Dazzling Gleam|p2a: Flutter Mane|[spread] p2a,p2b\n|-damage|p2a: Flutter Mane|64/100\n|-damage|p2b: Smeargle|38/100\n|move|p2b: Smeargle|Spore|p1a: Focus_Sash\n|-status|p1a: Focus_Sash|slp|[from] move: Spore\n|\n|-ability|p2b: Smeargle|Moody|boost\n|-boost|p2b: Smeargle|spd|2\n|-unboost|p2b: Smeargle|atk|1\n|-enditem|p2b: Smeargle|Eject Pack\n|upkeep\n|\n|t:|1776124619\n|switch|p2b: Calyrex|Calyrex-Ice, L50|100/100\n|-ability|p2b: Calyrex|As One\n|-ability|p2b: Calyrex|Unnerve\n|turn|2\n|\n|t:|1776124630\n|-terastallize|p2b: Calyrex|Grass\n|move|p1b: Black_Glasses|Sucker Punch|p2a: Flutter Mane\n|-damage|p2a: Flutter Mane|0 fnt\n|faint|p2a: Flutter Mane\n|-end|p2a: Flutter Mane|Protosynthesis|[silent]\n|cant|p1a: Focus_Sash|slp\n|move|p2b: Calyrex|Glacial Lance|p1b: Black_Glasses|[spread] p1a,p1b\n|-enditem|p1a: Focus_Sash|Focus Sash\n|-damage|p1a: Focus_Sash|1/100 slp\n|-damage|p1b: Black_Glasses|36/100\n|\n|upkeep\n|\n|t:|1776124644\n|switch|p2a: Smeargle|Smeargle, L50, F|38/100\n|turn|3\n|\n|t:|1776124657\n|move|p1b: Black_Glasses|Detect|p1b: Black_Glasses\n|-singleturn|p1b: Black_Glasses|Protect\n|move|p2a: Smeargle|Fake Out|p1b: Black_Glasses\n|-activate|p1b: Black_Glasses|move: Protect\n|-curestatus|p1a: Focus_Sash|slp|[msg]\n|move|p1a: Focus_Sash|Dazzling Gleam|p2b: Calyrex|[spread] p2a,p2b\n|-damage|p2a: Smeargle|0 fnt\n|-damage|p2b: Calyrex|76/100\n|faint|p2a: Smeargle\n|move|p2b: Calyrex|Trick Room|p2b: Calyrex\n|-fieldstart|move: Trick Room|[of] p2b: Calyrex\n|\n|upkeep\n|\n|t:|1776124668\n|switch|p2a: Kyogre|Kyogre, L50|100/100\n|-weather|RainDance|[from] ability: Drizzle|[of] p2a: Kyogre\n|turn|4\n|\n|t:|1776124677\n|move|p1b: Black_Glasses|Sucker Punch|p2a: Kyogre\n|-crit|p2a: Kyogre\n|-damage|p2a: Kyogre|42/100\n|move|p2a: Kyogre|Water Spout|p1a: Focus_Sash|[spread] p1a,p1b\n|-damage|p1a: Focus_Sash|0 fnt\n|-damage|p1b: Black_Glasses|0 fnt\n|faint|p1a: Focus_Sash\n|-end|p1a: Focus_Sash|Protosynthesis|[silent]\n|faint|p1b: Black_Glasses\n|move|p2b: Calyrex|Glacial Lance|p1: Focus_Sash|[notarget]\n|-fail|p2b: Calyrex\n|\n|-weather|RainDance|[upkeep]\n|upkeep\n|\n|t:|1776124682\n|switch|p1b: Life_Orb|Groudon, L50|100/100\n|switch|p1a: Bright powder|Lapras, L50, F|100/100\n|-weather|SunnyDay|[from] ability: Drought|[of] p1b: Life_Orb\n|turn|5\n|\n|t:|1776124700\n|-terastallize|p1b: Life_Orb|Normal\n|move|p1a: Bright powder|Ice Shard|p2b: Calyrex\n|-supereffective|p2b: Calyrex\n|-damage|p2b: Calyrex|61/100\n|move|p2a: Kyogre|Thunder|p1a: Bright powder\n|-supereffective|p1a: Bright powder\n|-damage|p1a: Bright powder|21/100\n|move|p2b: Calyrex|Glacial Lance|p1a: Bright powder|[spread] p1a,p1b\n|-resisted|p1a: Bright powder\n|-damage|p1a: Bright powder|12/100\n|-damage|p1b: Life_Orb|58/100\n|move|p1b: Life_Orb|Precipice Blades|p2a: Kyogre|[spread] p2a\n|-miss|p1b: Life_Orb|p2b: Calyrex\n|-damage|p2a: Kyogre|0 fnt\n|faint|p2a: Kyogre\n|-damage|p1b: Life_Orb|49/100|[from] item: Life Orb\n|\n|-weather|SunnyDay|[upkeep]\n|upkeep\n|turn|6\n|inactive|jj11j1 has 30 seconds left.\n|\n|t:|1776124727\n|move|p1a: Bright powder|Ice Shard|p2b: Calyrex\n|-supereffective|p2b: Calyrex\n|-damage|p2b: Calyrex|47/100\n|move|p2b: Calyrex|Glacial Lance|p1a: Bright powder|[spread] p1a,p1b\n|-resisted|p1a: Bright powder\n|-damage|p1a: Bright powder|3/100\n|-damage|p1b: Life_Orb|11/100\n|move|p1b: Life_Orb|Heat Crash|p2b: Calyrex\n|-supereffective|p2b: Calyrex\n|-damage|p2b: Calyrex|17/100\n|-damage|p1b: Life_Orb|1/100|[from] item: Life Orb\n|\n|-weather|SunnyDay|[upkeep]\n|upkeep\n|turn|7\n|\n|t:|1776124743\n|move|p1a: Bright powder|Protect|p1a: Bright powder\n|-singleturn|p1a: Bright powder|Protect\n|move|p1b: Life_Orb|Protect|p1b: Life_Orb\n|-singleturn|p1b: Life_Orb|Protect\n|move|p2b: Calyrex|Glacial Lance|p1b: Life_Orb|[spread] \n|-activate|p1a: Bright powder|move: Protect\n|-activate|p1b: Life_Orb|move: Protect\n|\n|-weather|SunnyDay|[upkeep]\n|-fieldend|move: Trick Room\n|upkeep\n|turn|8\n|\n|t:|1776124751\n|move|p1a: Bright powder|Ice Shard|p2b: Calyrex\n|-supereffective|p2b: Calyrex\n|-damage|p2b: Calyrex|1/100\n|move|p1b: Life_Orb|Heat Crash|p2b: Calyrex\n|-supereffective|p2b: Calyrex\n|-damage|p2b: Calyrex|0 fnt\n|faint|p2b: Calyrex\n|-damage|p1b: Life_Orb|0 fnt|[from] item: Life Orb\n|faint|p1b: Life_Orb\n|\n|win|OpenTeamPlz\n|raw|OpenTeamPlz's rating: 1293 &rarr; <strong>1332</strong><br />(+39 for winning)\n|raw|jj11j1's rating: 1512 &rarr; <strong>1481</strong><br />(-31 for losing)\n","uploadtime":1776124762,"views":13,"formatid":"gen9vgc2026regi","rating":1332,"private":0,"password":null}