{"id":"gen9vgc2026regi-2578996519","format":"[Gen 9] VGC 2026 Reg I","players":["Edvinpasta07","Justiceforgreninja"],"log":"|j|\u2606Edvinpasta07\n|j|\u2606Justiceforgreninja\n|t:|1775743813\n|gametype|doubles\n|player|p1|Edvinpasta07|miku-fire|1533\n|player|p2|Justiceforgreninja|266|1566\n|gen|9\n|tier|[Gen 9] VGC 2026 Reg I\n|rated|\n|rule|Species Clause: Limit one of each Pok\u00e9mon\n|rule|Item Clause: Limit 1 of each item\n|clearpoke\n|poke|p1|Miraidon, L50|\n|poke|p1|Zacian-*, L50|\n|poke|p1|Ursaluna-Bloodmoon, L50, M|\n|poke|p1|Whimsicott, L50, M|\n|poke|p1|Farigiraf, L50, F|\n|poke|p1|Incineroar, L50, F|\n|poke|p2|Calyrex-Ice, L50|\n|poke|p2|Miraidon, L50|\n|poke|p2|Ogerpon-Hearthflame, L50, F|\n|poke|p2|Farigiraf, L50, M|\n|poke|p2|Urshifu-*, L50, F|\n|poke|p2|Golem-Alola, L50, F|\n|teampreview|4\n|inactive|Battle timer is ON: inactive players will automatically lose when time's up. (requested by Edvinpasta07)\n|\n|t:|1775743838\n|teamsize|p1|4\n|teamsize|p2|4\n|start\n|switch|p1a: Miraidon|Miraidon, L50|100/100\n|switch|p1b: Zacian|Zacian-Crowned, L50|100/100\n|switch|p2a: Calyrex|Calyrex-Ice, L50|100/100\n|switch|p2b: Ogerpon|Ogerpon-Hearthflame, L50, F|100/100\n|-ability|p2a: Calyrex|As One\n|-ability|p2a: Calyrex|Unnerve\n|-ability|p1b: Zacian|Intrepid Sword|boost\n|-boost|p1b: Zacian|atk|1\n|-fieldstart|move: Electric Terrain|[from] ability: Hadron Engine|[of] p1a: Miraidon\n|-ability|p2b: Ogerpon|Mold Breaker\n|turn|1\n|\n|t:|1775743856\n|-terastallize|p1b: Zacian|Ground\n|move|p2b: Ogerpon|Follow Me|p2b: Ogerpon\n|-singleturn|p2b: Ogerpon|move: Follow Me\n|move|p1b: Zacian|Tera Blast|p2b: Ogerpon|[anim] Tera Blast Ground\n|-damage|p2b: Ogerpon|37/100\n|move|p1a: Miraidon|Discharge|p2a: Calyrex|[spread] p2a,p2b\n|-immune|p1b: Zacian\n|-resisted|p2b: Ogerpon\n|-damage|p2a: Calyrex|43/100\n|-damage|p2b: Ogerpon|0 fnt\n|faint|p2b: Ogerpon\n|move|p2a: Calyrex|Trick Room|p2a: Calyrex\n|-fieldstart|move: Trick Room|[of] p2a: Calyrex\n|\n|upkeep\n|\n|t:|1775743868\n|switch|p2b: Golem|Golem-Alola, L50, F|100/100\n|turn|2\n|\n|t:|1775743875\n|switch|p1a: Incineroar|Incineroar, L50, F|100/100\n|-ability|p1a: Incineroar|Intimidate|boost\n|-fail|p2a: Calyrex|unboost|[from] item: Clear Amulet|[of] p2a: Calyrex\n|-unboost|p2b: Golem|atk|1\n|move|p1b: Zacian|Protect|p1b: Zacian\n|-singleturn|p1b: Zacian|Protect\n|move|p2b: Golem|Rock Slide|p1a: Incineroar|[spread] p1a\n|-activate|p1b: Zacian|move: Protect\n|-supereffective|p1a: Incineroar\n|-damage|p1a: Incineroar|64/100\n|move|p2a: Calyrex|Glacial Lance|p1b: Zacian|[spread] p1a\n|-activate|p1b: Zacian|move: Protect\n|-resisted|p1a: Incineroar\n|-damage|p1a: Incineroar|37/100\n|\n|upkeep\n|turn|3\n|\n|t:|1775743890\n|move|p2a: Calyrex|Protect|p2a: Calyrex\n|-singleturn|p2a: Calyrex|Protect\n|move|p1a: Incineroar|Fake Out|p2a: Calyrex\n|-activate|p2a: Calyrex|move: Protect\n|move|p2b: Golem|Rock Slide|p1a: Incineroar|[spread] p1a\n|-miss|p2b: Golem|p1b: Zacian\n|-supereffective|p1a: Incineroar\n|-damage|p1a: Incineroar|0 fnt\n|faint|p1a: Incineroar\n|move|p1b: Zacian|Tera Blast|p2b: Golem|[anim] Tera Blast Ground\n|-supereffective|p2b: Golem\n|-crit|p2b: Golem\n|-damage|p2b: Golem|0 fnt\n|faint|p2b: Golem\n|\n|upkeep\n|\n|t:|1775743896\n|switch|p2b: Miraidon|Miraidon, L50|100/100\n|switch|p1a: Whimsicott|Whimsicott, L50, M|100/100\n|-activate|p2b: Miraidon|ability: Hadron Engine\n|turn|4\n|\n|t:|1775743910\n|-terastallize|p2b: Miraidon|Fairy\n|move|p1b: Zacian|Protect|p1b: Zacian\n|-singleturn|p1b: Zacian|Protect\n|move|p1a: Whimsicott|Encore|p2a: Calyrex\n|-start|p2a: Calyrex|Encore\n|move|p2a: Calyrex|Protect|p2a: Calyrex\n|-singleturn|p2a: Calyrex|Protect\n|move|p2b: Miraidon|Dazzling Gleam|p1b: Zacian|[spread] p1a\n|-activate|p1b: Zacian|move: Protect\n|-damage|p1a: Whimsicott|9/100\n|\n|upkeep\n|turn|5\n|\n|t:|1775743924\n|move|p2a: Calyrex|Protect||[still]\n|-fail|p2a: Calyrex\n|move|p1a: Whimsicott|Tailwind|p1a: Whimsicott\n|-sidestart|p1: Edvinpasta07|move: Tailwind\n|move|p2b: Miraidon|Dazzling Gleam|p1b: Zacian|[spread] p1a,p1b\n|-damage|p1a: Whimsicott|0 fnt\n|-damage|p1b: Zacian|42/100\n|faint|p1a: Whimsicott\n|move|p1b: Zacian|Behemoth Blade|p2b: Miraidon\n|-supereffective|p2b: Miraidon\n|-damage|p2b: Miraidon|0 fnt\n|faint|p2b: Miraidon\n|\n|-fieldend|move: Trick Room\n|-fieldend|move: Electric Terrain\n|upkeep\n|\n|t:|1775743930\n|switch|p1a: Miraidon|Miraidon, L50|100/100\n|-fieldstart|move: Electric Terrain|[from] ability: Hadron Engine|[of] p1a: Miraidon\n|turn|6\n|-message|Justiceforgreninja forfeited.\n|\n|win|Edvinpasta07\n|raw|Edvinpasta07's rating: 1533 &rarr; <strong>1555</strong><br />(+22 for winning)\n|raw|Justiceforgreninja's rating: 1566 &rarr; <strong>1544</strong><br />(-22 for losing)\n|l|\u2606Justiceforgreninja\n|player|p2|\n|l|\u2606Edvinpasta07\n|player|p1|\n","uploadtime":1775744165,"views":17,"formatid":"gen9vgc2026regi","rating":1544,"private":0,"password":null}