{"id":"gen9vgc2026regi-2549313822","format":"[Gen 9] VGC 2026 Reg I","players":["Billlmads","KingNoahC17"],"log":"|j|\u2606Billlmads\n|j|\u2606KingNoahC17\n|t:|1772342460\n|gametype|doubles\n|player|p1|Billlmads|winona|\n|player|p2|KingNoahC17|lucas|\n|gen|9\n|tier|[Gen 9] VGC 2026 Reg I\n|rated|Tournament battle\n|rule|Species Clause: Limit one of each Pok\u00e9mon\n|rule|Item Clause: Limit 1 of each item\n|clearpoke\n|poke|p1|Miraidon, L50|\n|poke|p1|Lunala, L50|\n|poke|p1|Whimsicott, L50, F|\n|poke|p1|Incineroar, L50, M|\n|poke|p1|Urshifu-*, L50, M|\n|poke|p1|Ursaluna, L50, M|\n|poke|p2|Miraidon, L50|\n|poke|p2|Zamazenta-*, L50|\n|poke|p2|Grimmsnarl, L50, M|\n|poke|p2|Volcarona, L50, F|\n|poke|p2|Ogerpon-Cornerstone, L50, F|\n|poke|p2|Farigiraf, L50, F|\n|teampreview|4\n|inactive|Battle timer is ON: inactive players will automatically lose when time's up. (requested by KingNoahC17)\n|j| Graffiti Boy\n|j| thathorsetho\n|inactive|Billlmads has 60 seconds left.\n|inactive|KingNoahC17 has 60 seconds left.\n|inactive|KingNoahC17 has 30 seconds left.\n|\n|t:|1772342526\n|teamsize|p1|4\n|teamsize|p2|4\n|start\n|switch|p1a: Lunala|Lunala, L50, shiny|100/100\n|switch|p1b: Miraidon|Miraidon, L50|100/100\n|switch|p2a: I Go Brrr|Miraidon, L50|100/100\n|switch|p2b: Ogerpon|Ogerpon-Cornerstone, L50, F|100/100\n|-fieldstart|move: Electric Terrain|[from] ability: Hadron Engine|[of] p2a: I Go Brrr\n|-enditem|p1a: Lunala|Electric Seed\n|-boost|p1a: Lunala|def|1|[from] item: Electric Seed\n|-activate|p1b: Miraidon|ability: Hadron Engine\n|turn|1\n|inactive|KingNoahC17 has 30 seconds left.\n|inactive|Billlmads has 30 seconds left.\n|inactive|KingNoahC17 has 20 seconds left.\n|inactive|KingNoahC17 has 15 seconds left.\n|inactive|Billlmads has 20 seconds left.\n|inactive|KingNoahC17 has 10 seconds left.\n|\n|t:|1772342576\n|move|p2a: I Go Brrr|Snarl|p1b: Miraidon|[spread] p1a,p1b\n|-supereffective|p1a: Lunala\n|-damage|p1a: Lunala|69/100\n|-damage|p1b: Miraidon|85/100\n|-unboost|p1a: Lunala|spa|1\n|-unboost|p1b: Miraidon|spa|1\n|move|p2b: Ogerpon|Ivy Cudgel|p1b: Miraidon|[anim] Ivy Cudgel Rock\n|-damage|p1b: Miraidon|35/100\n|move|p1b: Miraidon|Volt Switch|p2a: I Go Brrr\n|-resisted|p2a: I Go Brrr\n|-damage|p2a: I Go Brrr|91/100\n|\n|t:|1772342586\n|switch|p1b: Ursaluna|Ursaluna, L50, M|100/100|[from] Volt Switch\n|move|p1a: Lunala|Trick Room|p1a: Lunala\n|-fieldstart|move: Trick Room|[of] p1a: Lunala\n|\n|-status|p1b: Ursaluna|brn|[from] item: Flame Orb\n|upkeep\n|turn|2\n|\n|t:|1772342604\n|switch|p2a: Long Neck Friend|Farigiraf, L50, F|100/100\n|-enditem|p2a: Long Neck Friend|Electric Seed\n|-boost|p2a: Long Neck Friend|def|1|[from] item: Electric Seed\n|-terastallize|p1a: Lunala|Fairy\n|move|p2b: Ogerpon|Spiky Shield|p2b: Ogerpon\n|-singleturn|p2b: Ogerpon|move: Protect\n|move|p1b: Ursaluna|Facade|p2a: Long Neck Friend\n|-damage|p2a: Long Neck Friend|40/100\n|move|p1a: Lunala|Moonblast|p2a: Long Neck Friend\n|-damage|p2a: Long Neck Friend|9/100\n|\n|-damage|p1b: Ursaluna|95/100 brn|[from] brn\n|upkeep\n|turn|3\n|j| sille rovert\n|inactive|Billlmads has 30 seconds left.\n|inactive|Billlmads has 20 seconds left.\n|j| Agent 4 Lukachu\n|inactive|Billlmads has 15 seconds left.\n|inactive|Billlmads has 10 seconds left.\n|inactive|KingNoahC17 has 30 seconds left.\n|\n|t:|1772342660\n|switch|p2b: My Dawg|Zamazenta-Crowned, L50|100/100\n|-ability|p2b: My Dawg|Dauntless Shield|boost\n|-boost|p2b: My Dawg|def|1\n|move|p1b: Ursaluna|Earthquake|p2b: My Dawg|[spread] p1a,p2a,p2b\n|-supereffective|p2b: My Dawg\n|-damage|p1a: Lunala|32/100\n|-damage|p2a: Long Neck Friend|0 fnt\n|-damage|p2b: My Dawg|54/100\n|faint|p2a: Long Neck Friend\n|move|p1a: Lunala|Moongeist Beam|p2b: My Dawg\n|-damage|p2b: My Dawg|27/100\n|\n|-damage|p1b: Ursaluna|89/100 brn|[from] brn\n|upkeep\n|\n|t:|1772342672\n|switch|p2a: Ogerpon|Ogerpon-Cornerstone, L50, F|100/100\n|turn|4\n|inactive|Billlmads has 30 seconds left.\n|\n|t:|1772342700\n|move|p2a: Ogerpon|Spiky Shield|p2a: Ogerpon\n|-singleturn|p2a: Ogerpon|move: Protect\n|move|p2b: My Dawg|Protect|p2b: My Dawg\n|-singleturn|p2b: My Dawg|Protect\n|move|p1b: Ursaluna|Headlong Rush|p2a: Ogerpon\n|-activate|p2a: Ogerpon|move: Protect\n|-damage|p1b: Ursaluna|77/100 brn|[from] Spiky Shield|[of] p2a: Ogerpon\n|move|p1a: Lunala|Moongeist Beam|p2b: My Dawg\n|-activate|p2b: My Dawg|move: Protect\n|\n|-damage|p1b: Ursaluna|71/100 brn|[from] brn\n|upkeep\n|turn|5\n|\n|t:|1772342715\n|-terastallize|p2b: My Dawg|Dragon\n|move|p2a: Ogerpon|Follow Me|p2a: Ogerpon\n|-singleturn|p2a: Ogerpon|move: Follow Me\n|move|p1b: Ursaluna|Headlong Rush|p2a: Ogerpon\n|-ability|p2a: Ogerpon|Sturdy\n|-damage|p2a: Ogerpon|1/100\n|-unboost|p1b: Ursaluna|def|1\n|-unboost|p1b: Ursaluna|spd|1\n|move|p1a: Lunala|Moongeist Beam|p2a: Ogerpon\n|-damage|p2a: Ogerpon|0 fnt\n|faint|p2a: Ogerpon\n|move|p2b: My Dawg|Body Press|p1b: Ursaluna\n|-supereffective|p1b: Ursaluna\n|-damage|p1b: Ursaluna|0 fnt\n|faint|p1b: Ursaluna\n|\n|-fieldend|move: Trick Room\n|-fieldend|move: Electric Terrain\n|upkeep\n|\n|t:|1772342722\n|switch|p2a: I Go Brrr|Miraidon, L50|91/100\n|switch|p1b: Incineroar|Incineroar, L50, M, shiny|100/100\n|-fieldstart|move: Electric Terrain|[from] ability: Hadron Engine|[of] p2a: I Go Brrr\n|-ability|p1b: Incineroar|Intimidate|boost\n|-unboost|p2a: I Go Brrr|atk|1\n|-unboost|p2b: My Dawg|atk|1\n|turn|6\n|j| Azorions\n|l| Azorions\n|inactive|KingNoahC17 has 30 seconds left.\n|\n|t:|1772342753\n|move|p1b: Incineroar|Fake Out|p2a: I Go Brrr\n|-damage|p2a: I Go Brrr|80/100\n|move|p2b: My Dawg|Heavy Slam|p1a: Lunala\n|-supereffective|p1a: Lunala\n|-damage|p1a: Lunala|0 fnt\n|faint|p1a: Lunala\n|cant|p2a: I Go Brrr|flinch\n|\n|upkeep\n|\n|t:|1772342760\n|switch|p1a: Miraidon|Miraidon, L50|35/100\n|-activate|p1a: Miraidon|ability: Hadron Engine\n|turn|7\n|j| carlos5455\n|inactive|KingNoahC17 has 30 seconds left.\n|j| biludbiludbilud\n|inactive|KingNoahC17 has 20 seconds left.\n|\n|t:|1772342808\n|move|p2b: My Dawg|Body Press|p1a: Miraidon\n|-damage|p1a: Miraidon|0 fnt\n|faint|p1a: Miraidon\n|move|p2a: I Go Brrr|Draco Meteor|p1b: Incineroar\n|-damage|p1b: Incineroar|49/100\n|-unboost|p2a: I Go Brrr|spa|2\n|move|p1b: Incineroar|Knock Off|p2b: My Dawg\n|-damage|p2b: My Dawg|17/100\n|\n|upkeep\n|turn|8\n|c|\u2606Billlmads|gg\n|l| thathorsetho\n|c|\u2606KingNoahC17|holy sweating my ass of\n|c|\u2606Billlmads|lmao why\n|inactive|KingNoahC17 has 30 seconds left.\n|c|\u2606KingNoahC17|bro mirai mirrors with slow mirai is the scariest shit on earth i swear\n|\n|t:|1772342840\n|move|p2b: My Dawg|Body Press|p1b: Incineroar\n|-supereffective|p1b: Incineroar\n|-damage|p1b: Incineroar|0 fnt\n|faint|p1b: Incineroar\n|\n|win|KingNoahC17\n|n|\u2606Billlmads|billlmads\n|n|\u2606KingNoahC17|kingnoahc17\n|n| Graffiti Boy|graffitiboy\n|n| sille rovert|sillerovert\n|n| Agent 4 Lukachu|agent4lukachu\n|n| carlos5455|carlos5455\n|n| biludbiludbilud|biludbiludbilud\n","uploadtime":1772342840,"views":19,"formatid":"gen9vgc2026regi","rating":null,"private":0,"password":null}