{"id":"gen9vgc2026regi-2568906061","format":"[Gen 9] VGC 2026 Reg I","players":["messi-05","EllenJoe2026"],"log":"|j|\u2606messi-05\n|j|\u2606EllenJoe2026\n|t:|1774632224\n|gametype|doubles\n|player|p1|messi-05|102|1441\n|player|p2|EllenJoe2026|iono|1457\n|gen|9\n|tier|[Gen 9] VGC 2026 Reg I\n|rated|\n|rule|Species Clause: Limit one of each Pok\u00e9mon\n|rule|Item Clause: Limit 1 of each item\n|clearpoke\n|poke|p1|Terapagos, L50, M|\n|poke|p1|Sinistcha, L50|\n|poke|p1|Incineroar, L50, M|\n|poke|p1|Ogerpon-Wellspring, L50, F|\n|poke|p1|Iron Treads, L50|\n|poke|p1|Miraidon, L50|\n|poke|p2|Calyrex-Shadow, L50|\n|poke|p2|Zamazenta-*, L50|\n|poke|p2|Incineroar, L50, F|\n|poke|p2|Rillaboom, L50, F|\n|poke|p2|Ogerpon-Cornerstone, L50, F|\n|poke|p2|Tornadus, L50, M|\n|teampreview|4\n|inactive|Battle timer is ON: inactive players will automatically lose when time's up. (requested by messi-05)\n|inactive|EllenJoe2026 also wants the timer to be on.\n|inactive|EllenJoe2026 has 60 seconds left.\n|inactive|EllenJoe2026 has 30 seconds left.\n|\n|t:|1774632292\n|teamsize|p1|4\n|teamsize|p2|4\n|start\n|switch|p1a: Terapagos|Terapagos, L50, M|100/100\n|switch|p1b: Miraidon|Miraidon, L50|100/100\n|switch|p2a: Incineroar|Incineroar, L50, F, shiny|100/100\n|switch|p2b: Zamazenta|Zamazenta-Crowned, L50, shiny|100/100\n|-activate|p1a: Terapagos|ability: Tera Shift\n|detailschange|p1a: Terapagos|Terapagos-Terastal, L50, M\n|-heal|p1a: Terapagos|100/100|[silent]\n|-fieldstart|move: Electric Terrain|[from] ability: Hadron Engine|[of] p1b: Miraidon\n|-enditem|p1a: Terapagos|Electric Seed\n|-boost|p1a: Terapagos|def|1|[from] item: Electric Seed\n|-ability|p2b: Zamazenta|Dauntless Shield|boost\n|-boost|p2b: Zamazenta|def|1\n|-ability|p2a: Incineroar|Intimidate|boost\n|-unboost|p1a: Terapagos|atk|1\n|-unboost|p1b: Miraidon|atk|1\n|turn|1\n|inactive|EllenJoe2026 has 30 seconds left.\n|inactive|EllenJoe2026 has 20 seconds left.\n|\n|t:|1774632330\n|move|p1b: Miraidon|Volt Switch|p2b: Zamazenta\n|-damage|p2b: Zamazenta|48/100\n|\n|t:|1774632340\n|switch|p1b: Sinistcha|Sinistcha, L50|100/100|[from] Volt Switch\n|move|p2b: Zamazenta|Body Press|p1a: Terapagos\n|-activate|p1a: Terapagos|ability: Tera Shell\n|-resisted|p1a: Terapagos\n|-damage|p1a: Terapagos|82/100\n|move|p1a: Terapagos|Calm Mind|p1a: Terapagos\n|-boost|p1a: Terapagos|spa|1\n|-boost|p1a: Terapagos|spd|1\n|move|p2a: Incineroar|Taunt|p1b: Sinistcha\n|-start|p1b: Sinistcha|move: Taunt\n|\n|upkeep\n|turn|2\n|j| Therazer456\n|inactive|messi-05 has 30 seconds left.\n|inactive|EllenJoe2026 has 30 seconds left.\n|\n|t:|1774632369\n|switch|p1b: Incineroar|Incineroar, L50, M|100/100\n|-ability|p1b: Incineroar|Intimidate|boost\n|-unboost|p2a: Incineroar|atk|1\n|-unboost|p2b: Zamazenta|atk|1\n|-terastallize|p1a: Terapagos|Stellar\n|detailschange|p1a: Terapagos|Terapagos-Stellar, L50, M, tera:Stellar\n|-heal|p1a: Terapagos|86/100|[silent]\n|-ability|p1a: Terapagos|Teraform Zero\n|-fieldend|move: Electric Terrain\n|move|p2b: Zamazenta|Body Press|p1a: Terapagos\n|-supereffective|p1a: Terapagos\n|-damage|p1a: Terapagos|30/100\n|move|p1a: Terapagos|Earth Power|p2b: Zamazenta\n|-supereffective|p2b: Zamazenta\n|-damage|p2b: Zamazenta|0 fnt\n|faint|p2b: Zamazenta\n|move|p2a: Incineroar|Parting Shot|p1b: Incineroar\n|-unboost|p1b: Incineroar|atk|1\n|-unboost|p1b: Incineroar|spa|1\n|\n|t:|1774632393\n|switch|p2a: Rillaboom|Rillaboom, L50, F, shiny|100/100|[from] Parting Shot\n|-fieldstart|move: Grassy Terrain|[from] ability: Grassy Surge|[of] p2a: Rillaboom\n|\n|-heal|p1a: Terapagos|37/100|[from] Grassy Terrain\n|upkeep\n|\n|t:|1774632401\n|switch|p2b: Calyrex|Calyrex-Shadow, L50|100/100\n|-ability|p2b: Calyrex|As One\n|-ability|p2b: Calyrex|Unnerve\n|turn|3\n|\n|t:|1774632439\n|move|p1a: Terapagos|Protect|p1a: Terapagos\n|-singleturn|p1a: Terapagos|Protect\n|move|p2a: Rillaboom|Fake Out|p1b: Incineroar\n|-damage|p1b: Incineroar|88/100\n|move|p2b: Calyrex|Nasty Plot|p2b: Calyrex\n|-boost|p2b: Calyrex|spa|2\n|cant|p1b: Incineroar|flinch\n|\n|-heal|p1a: Terapagos|43/100|[from] Grassy Terrain\n|-heal|p1b: Incineroar|94/100|[from] Grassy Terrain\n|upkeep\n|turn|4\n|\n|t:|1774632453\n|-terastallize|p2b: Calyrex|Dark\n|move|p2a: Rillaboom|Grassy Glide|p1a: Terapagos\n|-damage|p1a: Terapagos|29/100\n|move|p2b: Calyrex|Psychic|p1a: Terapagos\n|-damage|p1a: Terapagos|0 fnt\n|faint|p1a: Terapagos\n|detailschange|p1: Terapagos|Terapagos, L50, M|[silent]\n|-ability|p2b: Calyrex|Grim Neigh|boost\n|-boost|p2b: Calyrex|spa|1\n|-damage|p2b: Calyrex|91/100|[from] item: Life Orb\n|move|p1b: Incineroar|U-turn|p2b: Calyrex\n|-supereffective|p2b: Calyrex\n|-damage|p2b: Calyrex|62/100\n|\n|t:|1774632467\n|switch|p1b: Miraidon|Miraidon, L50|100/100|[from] U-turn\n|-fieldstart|move: Electric Terrain|[from] ability: Hadron Engine|[of] p1b: Miraidon\n|\n|upkeep\n|\n|t:|1774632473\n|switch|p1a: Incineroar|Incineroar, L50, M|94/100\n|-ability|p1a: Incineroar|Intimidate|boost\n|-unboost|p2a: Rillaboom|atk|1\n|-unboost|p2b: Calyrex|atk|1\n|turn|5\n|\n|t:|1774632484\n|switch|p2a: Incineroar|Incineroar, L50, F, shiny|100/100\n|-ability|p2a: Incineroar|Intimidate|boost\n|-unboost|p1a: Incineroar|atk|1\n|-unboost|p1b: Miraidon|atk|1\n|move|p2b: Calyrex|Protect|p2b: Calyrex\n|-singleturn|p2b: Calyrex|Protect\n|move|p1a: Incineroar|Fake Out|p2b: Calyrex\n|-activate|p2b: Calyrex|move: Protect\n|move|p1b: Miraidon|Electro Drift|p2a: Incineroar\n|-damage|p2a: Incineroar|14/100\n|\n|upkeep\n|turn|6\n|\n|t:|1774632504\n|move|p2a: Incineroar|Fake Out|p1b: Miraidon\n|-crit|p1b: Miraidon\n|-damage|p1b: Miraidon|86/100\n|cant|p1b: Miraidon|flinch\n|move|p2b: Calyrex|Astral Barrage|p1a: Incineroar|[spread] p1a,p1b\n|-resisted|p1a: Incineroar\n|-damage|p1a: Incineroar|47/100\n|-damage|p1b: Miraidon|0 fnt\n|faint|p1b: Miraidon\n|-ability|p2b: Calyrex|Grim Neigh|boost\n|-boost|p2b: Calyrex|spa|1\n|-damage|p2b: Calyrex|52/100|[from] item: Life Orb\n|move|p1a: Incineroar|Flare Blitz|p2b: Calyrex\n|-crit|p2b: Calyrex\n|-damage|p2b: Calyrex|0 fnt\n|faint|p2b: Calyrex\n|-damage|p1a: Incineroar|32/100|[from] Recoil\n|\n|upkeep\n|j| eternal eternity\n|\n|t:|1774632522\n|switch|p2b: Rillaboom|Rillaboom, L50, F, shiny|100/100\n|switch|p1b: Sinistcha|Sinistcha, L50|100/100\n|-fieldstart|move: Grassy Terrain|[from] ability: Grassy Surge|[of] p2b: Rillaboom\n|-heal|p1a: Incineroar|56/100|[from] ability: Hospitality|[of] p1b: Sinistcha\n|turn|7\n|inactive|EllenJoe2026 has 30 seconds left.\n|\n|t:|1774632548\n|move|p2b: Rillaboom|Fake Out|p1a: Incineroar\n|-damage|p1a: Incineroar|44/100\n|cant|p1a: Incineroar|flinch\n|move|p1b: Sinistcha|Strength Sap|p2b: Rillaboom\n|-unboost|p2b: Rillaboom|atk|1\n|move|p2a: Incineroar|Knock Off|p1a: Incineroar\n|-resisted|p1a: Incineroar\n|-damage|p1a: Incineroar|26/100\n|-enditem|p1a: Incineroar|Assault Vest|[from] move: Knock Off|[of] p2a: Incineroar\n|\n|-heal|p1a: Incineroar|32/100|[from] Grassy Terrain\n|-heal|p2a: Incineroar|20/100|[from] Grassy Terrain\n|upkeep\n|turn|8\n|\n|t:|1774632569\n|move|p1b: Sinistcha|Rage Powder|p1b: Sinistcha\n|-singleturn|p1b: Sinistcha|move: Rage Powder\n|move|p2b: Rillaboom|U-turn|p1a: Incineroar\n|-damage|p1a: Incineroar|16/100\n|move|p1a: Incineroar|Knock Off|p2a: Incineroar\n|-resisted|p2a: Incineroar\n|-damage|p2a: Incineroar|9/100\n|-enditem|p2a: Incineroar|Safety Goggles|[from] move: Knock Off|[of] p1a: Incineroar\n|move|p2a: Incineroar|Knock Off|p1b: Sinistcha\n|-supereffective|p1b: Sinistcha\n|-damage|p1b: Sinistcha|52/100\n|-enditem|p1b: Sinistcha|Focus Sash|[from] move: Knock Off|[of] p2a: Incineroar\n|\n|-heal|p1a: Incineroar|22/100|[from] Grassy Terrain\n|-heal|p1b: Sinistcha|58/100|[from] Grassy Terrain\n|-heal|p2a: Incineroar|15/100|[from] Grassy Terrain\n|upkeep\n|turn|9\n|inactive|messi-05 has 30 seconds left.\n|\n|t:|1774632600\n|move|p2b: Rillaboom|Wood Hammer|p1a: Incineroar\n|-resisted|p1a: Incineroar\n|-damage|p1a: Incineroar|0 fnt\n|faint|p1a: Incineroar\n|-damage|p2b: Rillaboom|93/100|[from] Recoil\n|move|p1b: Sinistcha|Strength Sap|p2a: Incineroar\n|-unboost|p2a: Incineroar|atk|1\n|-heal|p1b: Sinistcha|100/100\n|move|p2a: Incineroar|Knock Off|p1b: Sinistcha\n|-supereffective|p1b: Sinistcha\n|-damage|p1b: Sinistcha|76/100\n|\n|-heal|p2b: Rillaboom|99/100|[from] Grassy Terrain\n|-heal|p1b: Sinistcha|82/100|[from] Grassy Terrain\n|-heal|p2a: Incineroar|21/100|[from] Grassy Terrain\n|upkeep\n|turn|10\n|\n|t:|1774632616\n|move|p2b: Rillaboom|Wood Hammer|p1b: Sinistcha\n|-resisted|p1b: Sinistcha\n|-damage|p1b: Sinistcha|64/100\n|-damage|p2b: Rillaboom|94/100|[from] Recoil\n|move|p1b: Sinistcha|Strength Sap|p2b: Rillaboom\n|-unboost|p2b: Rillaboom|atk|1\n|-heal|p1b: Sinistcha|100/100\n|move|p2a: Incineroar|Taunt|p1b: Sinistcha\n|-start|p1b: Sinistcha|move: Taunt\n|\n|-heal|p2b: Rillaboom|99/100|[from] Grassy Terrain\n|-heal|p2a: Incineroar|27/100|[from] Grassy Terrain\n|upkeep\n|turn|11\n|\n|t:|1774632628\n|move|p2b: Rillaboom|Wood Hammer|p1b: Sinistcha\n|-resisted|p1b: Sinistcha\n|-damage|p1b: Sinistcha|86/100\n|-damage|p2b: Rillaboom|96/100|[from] Recoil\n|move|p1b: Sinistcha|Shadow Ball|p2a: Incineroar\n|-resisted|p2a: Incineroar\n|-damage|p2a: Incineroar|13/100\n|move|p2a: Incineroar|Parting Shot|p1b: Sinistcha\n|-unboost|p1b: Sinistcha|atk|1\n|-unboost|p1b: Sinistcha|spa|1\n|\n|-heal|p2b: Rillaboom|100/100|[from] Grassy Terrain\n|-heal|p1b: Sinistcha|93/100|[from] Grassy Terrain\n|-heal|p2a: Incineroar|19/100|[from] Grassy Terrain\n|-fieldend|move: Grassy Terrain\n|upkeep\n|turn|12\n|\n|t:|1774632644\n|move|p2b: Rillaboom|U-turn|p1b: Sinistcha\n|-damage|p1b: Sinistcha|85/100\n|move|p1b: Sinistcha|Shadow Ball|p2a: Incineroar\n|-resisted|p2a: Incineroar\n|-damage|p2a: Incineroar|9/100\n|-unboost|p2a: Incineroar|spd|1\n|move|p2a: Incineroar|Knock Off|p1b: Sinistcha\n|-supereffective|p1b: Sinistcha\n|-damage|p1b: Sinistcha|60/100\n|\n|upkeep\n|turn|13\n|\n|t:|1774632661\n|move|p2b: Rillaboom|Wood Hammer|p1b: Sinistcha\n|-resisted|p1b: Sinistcha\n|-damage|p1b: Sinistcha|50/100\n|-damage|p2b: Rillaboom|98/100|[from] Recoil\n|move|p1b: Sinistcha|Shadow Ball|p2a: Incineroar\n|-resisted|p2a: Incineroar\n|-damage|p2a: Incineroar|0 fnt\n|faint|p2a: Incineroar\n|\n|-end|p1b: Sinistcha|move: Taunt\n|upkeep\n|turn|14\n|\n|t:|1774632671\n|move|p2b: Rillaboom|Wood Hammer|p1b: Sinistcha\n|-resisted|p1b: Sinistcha\n|-damage|p1b: Sinistcha|40/100\n|-damage|p2b: Rillaboom|95/100|[from] Recoil\n|move|p1b: Sinistcha|Strength Sap|p2b: Rillaboom\n|-unboost|p2b: Rillaboom|atk|1\n|-heal|p1b: Sinistcha|89/100\n|\n|upkeep\n|turn|15\n|\n|t:|1774632680\n|move|p2b: Rillaboom|Wood Hammer|p1b: Sinistcha\n|-resisted|p1b: Sinistcha\n|-damage|p1b: Sinistcha|81/100\n|-damage|p2b: Rillaboom|92/100|[from] Recoil\n|move|p1b: Sinistcha|Shadow Ball|p2b: Rillaboom\n|-damage|p2b: Rillaboom|79/100\n|-unboost|p2b: Rillaboom|spd|1\n|\n|upkeep\n|turn|16\n|\n|t:|1774632688\n|move|p2b: Rillaboom|Wood Hammer|p1b: Sinistcha\n|-resisted|p1b: Sinistcha\n|-damage|p1b: Sinistcha|72/100\n|-damage|p2b: Rillaboom|77/100|[from] Recoil\n|move|p1b: Sinistcha|Shadow Ball|p2b: Rillaboom\n|-damage|p2b: Rillaboom|57/100\n|\n|upkeep\n|turn|17\n|-message|EllenJoe2026 forfeited.\n|\n|win|messi-05\n|raw|messi-05's rating: 1441 &rarr; <strong>1462</strong><br />(+21 for winning)\n|raw|EllenJoe2026's rating: 1457 &rarr; <strong>1436</strong><br />(-21 for losing)\n|l|\u2606EllenJoe2026\n|player|p2|\n|l|\u2606messi-05\n|player|p1|\n|l| Therazer456\n","uploadtime":1774632851,"views":11,"formatid":"gen9vgc2026regi","rating":1436,"private":0,"password":null}