{"id":"gen9vgc2026regi-2589181249","format":"[Gen 9] VGC 2026 Reg I","players":["wasaad5","iccyman"],"log":"|j|\u2606wasaad5\n|j|\u2606iccyman\n|t:|1776704902\n|gametype|doubles\n|player|p1|wasaad5|blue|1319\n|player|p2|iccyman|ghetsis-gen5bw|1335\n|gen|9\n|tier|[Gen 9] VGC 2026 Reg I\n|rated|\n|rule|Species Clause: Limit one of each Pok\u00e9mon\n|rule|Item Clause: Limit 1 of each item\n|clearpoke\n|poke|p1|Kyurem-White, L50|\n|poke|p1|Zacian-*, L50|\n|poke|p1|Sableye, L50, M|\n|poke|p1|Urshifu-*, L50, M|\n|poke|p1|Amoonguss, L50, M|\n|poke|p1|Incineroar, L50, F|\n|poke|p2|Calyrex-Ice, L50|\n|poke|p2|Miraidon, L50|\n|poke|p2|Urshifu-*, L50, F|\n|poke|p2|Incineroar, L50, F|\n|poke|p2|Landorus, L50, M|\n|poke|p2|Farigiraf, L50, F|\n|teampreview|4\n|inactive|Battle timer is ON: inactive players will automatically lose when time's up. (requested by iccyman)\n|\n|t:|1776704939\n|teamsize|p1|4\n|teamsize|p2|4\n|start\n|switch|p1a: Kyurem|Kyurem-White, L50, shiny|100/100\n|switch|p1b: Amoonguss|Amoonguss, L50, M|100/100\n|switch|p2a: Farigiraf|Farigiraf, L50, F|100/100\n|switch|p2b: Landorus|Landorus, L50, M|100/100\n|-ability|p1a: Kyurem|Turboblaze\n|turn|1\n|\n|t:|1776704964\n|-terastallize|p2b: Landorus|Poison\n|move|p2a: Farigiraf|Helping Hand|p2b: Landorus\n|-singleturn|p2b: Landorus|Helping Hand|[of] p2a: Farigiraf\n|move|p1b: Amoonguss|Rage Powder|p1b: Amoonguss\n|-singleturn|p1b: Amoonguss|move: Rage Powder\n|move|p1a: Kyurem|Ice Beam|p2b: Landorus\n|-damage|p2b: Landorus|24/100\n|-damage|p1a: Kyurem|91/100|[from] item: Life Orb\n|move|p2b: Landorus|Sludge Bomb|p1b: Amoonguss\n|-damage|p1b: Amoonguss|21/100\n|-enditem|p1b: Amoonguss|Sitrus Berry|[eat]\n|-heal|p1b: Amoonguss|46/100|[from] item: Sitrus Berry\n|\n|upkeep\n|turn|2\n|\n|t:|1776704979\n|move|p2b: Landorus|Protect|p2b: Landorus\n|-singleturn|p2b: Landorus|Protect\n|move|p1b: Amoonguss|Protect|p1b: Amoonguss\n|-singleturn|p1b: Amoonguss|Protect\n|move|p1a: Kyurem|Earth Power|p2b: Landorus\n|-activate|p2b: Landorus|move: Protect\n|move|p2a: Farigiraf|Trick Room|p2a: Farigiraf\n|-fieldstart|move: Trick Room|[of] p2a: Farigiraf\n|\n|upkeep\n|turn|3\n|inactive|wasaad5 has 30 seconds left.\n|\n|t:|1776705010\n|move|p1b: Amoonguss|Protect||[still]\n|-fail|p1b: Amoonguss\n|move|p1a: Kyurem|Protect|p1a: Kyurem\n|-singleturn|p1a: Kyurem|Protect\n|move|p2a: Farigiraf|Foul Play|p1b: Amoonguss\n|-damage|p1b: Amoonguss|29/100\n|move|p2b: Landorus|Sludge Bomb|p1b: Amoonguss\n|-damage|p1b: Amoonguss|0 fnt\n|faint|p1b: Amoonguss\n|\n|upkeep\n|\n|t:|1776705014\n|switch|p1b: Incineroar|Incineroar, L50, F|100/100\n|-ability|p1b: Incineroar|Intimidate|boost\n|-unboost|p2a: Farigiraf|atk|1\n|-unboost|p2b: Landorus|atk|1\n|turn|4\n|\n|t:|1776705035\n|move|p2a: Farigiraf|Helping Hand|p2b: Landorus\n|-singleturn|p2b: Landorus|Helping Hand|[of] p2a: Farigiraf\n|move|p1b: Incineroar|Knock Off|p2b: Landorus\n|-damage|p2b: Landorus|0 fnt\n|-enditem|p2b: Landorus|Life Orb|[from] move: Knock Off|[of] p1b: Incineroar\n|faint|p2b: Landorus\n|move|p1a: Kyurem|Ice Beam|p2a: Farigiraf\n|-damage|p2a: Farigiraf|26/100\n|-damage|p1a: Kyurem|81/100|[from] item: Life Orb\n|\n|upkeep\n|\n|t:|1776705044\n|switch|p2b: Calyrex|Calyrex-Ice, L50|100/100\n|-ability|p2b: Calyrex|As One\n|-ability|p2b: Calyrex|Unnerve\n|turn|5\n|\n|t:|1776705054\n|-terastallize|p1a: Kyurem|Fire\n|move|p2a: Farigiraf|Helping Hand|p2b: Calyrex\n|-singleturn|p2b: Calyrex|Helping Hand|[of] p2a: Farigiraf\n|move|p2b: Calyrex|High Horsepower|p1b: Incineroar\n|-supereffective|p1b: Incineroar\n|-damage|p1b: Incineroar|0 fnt\n|faint|p1b: Incineroar\n|-ability|p2b: Calyrex|Chilling Neigh|boost\n|-boost|p2b: Calyrex|atk|1\n|move|p1a: Kyurem|Fusion Flare|p2b: Calyrex\n|-supereffective|p2b: Calyrex\n|-damage|p2b: Calyrex|0 fnt\n|faint|p2b: Calyrex\n|-damage|p1a: Kyurem|71/100|[from] item: Life Orb\n|\n|upkeep\n|\n|t:|1776705067\n|switch|p2b: Miraidon|Miraidon, L50|100/100\n|switch|p1b: Zacian|Zacian-Crowned, L50|100/100\n|-fieldstart|move: Electric Terrain|[from] ability: Hadron Engine|[of] p2b: Miraidon\n|-enditem|p2a: Farigiraf|Electric Seed\n|-boost|p2a: Farigiraf|def|1|[from] item: Electric Seed\n|-ability|p1b: Zacian|Intrepid Sword|boost\n|-boost|p1b: Zacian|atk|1\n|turn|6\n|\n|t:|1776705080\n|move|p2a: Farigiraf|Helping Hand|p2b: Miraidon\n|-singleturn|p2b: Miraidon|Helping Hand|[of] p2a: Farigiraf\n|move|p1b: Zacian|Protect|p1b: Zacian\n|-singleturn|p1b: Zacian|Protect\n|move|p2b: Miraidon|Electro Drift|p1a: Kyurem\n|-damage|p1a: Kyurem|0 fnt\n|faint|p1a: Kyurem\n|\n|-fieldend|move: Trick Room\n|upkeep\n|turn|7\n|\n|t:|1776705097\n|move|p2a: Farigiraf|Helping Hand|p2b: Miraidon\n|-singleturn|p2b: Miraidon|Helping Hand|[of] p2a: Farigiraf\n|move|p1b: Zacian|Play Rough|p2b: Miraidon\n|-supereffective|p2b: Miraidon\n|-damage|p2b: Miraidon|0 fnt\n|faint|p2b: Miraidon\n|\n|upkeep\n|turn|8\n|\n|t:|1776705106\n|move|p1b: Zacian|Behemoth Blade|p2a: Farigiraf\n|-damage|p2a: Farigiraf|0 fnt\n|faint|p2a: Farigiraf\n|\n|win|wasaad5\n|raw|wasaad5's rating: 1319 &rarr; <strong>1340</strong><br />(+21 for winning)\n|raw|iccyman's rating: 1335 &rarr; <strong>1314</strong><br />(-21 for losing)\n|l|\u2606iccyman\n|player|p2|\n|l|\u2606wasaad5\n|player|p1|\n","uploadtime":1776705271,"views":7,"formatid":"gen9vgc2026regi","rating":1314,"private":0,"password":null}