{"id":"gen9vgc2026regi-2559446937","format":"[Gen 9] VGC 2026 Reg I","players":["slimeslatt252","Allien19"],"log":"|j|\u2606slimeslatt252\n|j|\u2606Allien19\n|t:|1773568989\n|gametype|doubles\n|player|p1|slimeslatt252|265|1316\n|player|p2|Allien19|ethan|1412\n|gen|9\n|tier|[Gen 9] VGC 2026 Reg I\n|rated|\n|rule|Species Clause: Limit one of each Pok\u00e9mon\n|rule|Item Clause: Limit 1 of each item\n|clearpoke\n|poke|p1|Miraidon, L50|\n|poke|p1|Calyrex-Ice, L50|\n|poke|p1|Amoonguss, L50, M|\n|poke|p1|Incineroar, L50, F|\n|poke|p1|Urshifu-*, L50, F|\n|poke|p1|Landorus, L50, M|\n|poke|p2|Oricorio-Sensu, L50, F|\n|poke|p2|Volcarona, L50, F|\n|poke|p2|Kyogre, L50|\n|poke|p2|Ditto, L50|\n|poke|p2|Ogerpon-Cornerstone, L50, F|\n|poke|p2|Archaludon, L50, M|\n|teampreview|4\n|inactive|Battle timer is ON: inactive players will automatically lose when time's up. (requested by Allien19)\n|inactive|slimeslatt252 also wants the timer to be on.\n|\n|t:|1773569013\n|teamsize|p1|4\n|teamsize|p2|4\n|start\n|switch|p1a: Miraidon|Miraidon, L50|100/100\n|switch|p1b: Urshifu|Urshifu-Rapid-Strike, L50, F|100/100\n|switch|p2a: Oricorio|Oricorio-Sensu, L50, F, shiny|100/100\n|switch|p2b: Volcarona|Volcarona, L50, F|100/100\n|-fieldstart|move: Electric Terrain|[from] ability: Hadron Engine|[of] p1a: Miraidon\n|turn|1\n|\n|t:|1773569035\n|-terastallize|p2b: Volcarona|Grass\n|move|p2a: Oricorio|Protect|p2a: Oricorio\n|-singleturn|p2a: Oricorio|Protect\n|move|p1a: Miraidon|Volt Switch|p2a: Oricorio\n|-activate|p2a: Oricorio|move: Protect\n|move|p2b: Volcarona|Quiver Dance|p2b: Volcarona\n|-boost|p2b: Volcarona|spa|1\n|-boost|p2b: Volcarona|spd|1\n|-boost|p2b: Volcarona|spe|1\n|-activate|p2a: Oricorio|ability: Dancer\n|move|p2a: Oricorio|Quiver Dance|p2a: Oricorio|[from] ability: Dancer\n|-boost|p2a: Oricorio|spa|1\n|-boost|p2a: Oricorio|spd|1\n|-boost|p2a: Oricorio|spe|1\n|move|p1b: Urshifu|Surging Strikes|p2b: Volcarona\n|-resisted|p2b: Volcarona\n|-crit|p2b: Volcarona\n|-damage|p2b: Volcarona|86/100\n|-status|p1b: Urshifu|brn|[from] ability: Flame Body|[of] p2b: Volcarona\n|-resisted|p2b: Volcarona\n|-crit|p2b: Volcarona\n|-damage|p2b: Volcarona|79/100\n|-resisted|p2b: Volcarona\n|-crit|p2b: Volcarona\n|-damage|p2b: Volcarona|73/100\n|-hitcount|p2b: Volcarona|3\n|\n|-damage|p1b: Urshifu|95/100 brn|[from] brn\n|upkeep\n|turn|2\n|inactive|Allien19 has 30 seconds left.\n|\n|t:|1773569061\n|move|p1b: Urshifu|Aqua Jet|p2a: Oricorio\n|-damage|p2a: Oricorio|82/100\n|move|p1a: Miraidon|Volt Switch|p2a: Oricorio\n|-supereffective|p2a: Oricorio\n|-damage|p2a: Oricorio|0 fnt\n|faint|p2a: Oricorio\n|\n|t:|1773569067\n|switch|p1a: Calyrex|Calyrex-Ice, L50|100/100|[from] Volt Switch\n|-ability|p1a: Calyrex|As One\n|-ability|p1a: Calyrex|Unnerve\n|move|p2b: Volcarona|Fiery Dance|p1a: Calyrex\n|-supereffective|p1a: Calyrex\n|-damage|p1a: Calyrex|25/100\n|-boost|p2b: Volcarona|spa|1\n|\n|-damage|p1b: Urshifu|89/100 brn|[from] brn\n|upkeep\n|\n|t:|1773569079\n|switch|p2a: Ditto|Ditto, L50|100/100\n|-transform|p2a: Ditto|p1b: Urshifu|[from] ability: Imposter\n|turn|3\n|\n|t:|1773569090\n|move|p1b: Urshifu|Aqua Jet|p2a: Ditto\n|-resisted|p2a: Ditto\n|-damage|p2a: Ditto|94/100\n|move|p2b: Volcarona|Giga Drain|p1b: Urshifu\n|-supereffective|p1b: Urshifu\n|-damage|p1b: Urshifu|0 fnt\n|-heal|p2b: Volcarona|100/100|[from] drain|[of] p1b: Urshifu\n|faint|p1b: Urshifu\n|move|p2a: Ditto|Surging Strikes|p1a: Calyrex\n|-crit|p1a: Calyrex\n|-damage|p1a: Calyrex|10/100\n|-crit|p1a: Calyrex\n|-damage|p1a: Calyrex|0 fnt\n|faint|p1a: Calyrex\n|-hitcount|p1: Calyrex|2\n|\n|upkeep\n|\n|t:|1773569095\n|switch|p1b: Landorus|Landorus, L50, M|100/100\n|switch|p1a: Miraidon|Miraidon, L50|100/100\n|-activate|p1a: Miraidon|ability: Hadron Engine\n|turn|4\n|\n|t:|1773569122\n|move|p2a: Ditto|Protect|p2a: Ditto\n|-singleturn|p2a: Ditto|Protect\n|move|p1a: Miraidon|Electro Drift|p2b: Volcarona\n|-resisted|p2b: Volcarona\n|-damage|p2b: Volcarona|71/100\n|-status|p1a: Miraidon|brn|[from] ability: Flame Body|[of] p2b: Volcarona\n|move|p2b: Volcarona|Fiery Dance|p1a: Miraidon\n|-resisted|p1a: Miraidon\n|-damage|p1a: Miraidon|71/100 brn\n|move|p1b: Landorus|Sludge Bomb|p2b: Volcarona\n|-supereffective|p2b: Volcarona\n|-crit|p2b: Volcarona\n|-damage|p2b: Volcarona|0 fnt\n|faint|p2b: Volcarona\n|\n|-damage|p1a: Miraidon|65/100 brn|[from] brn\n|upkeep\n|\n|t:|1773569137\n|switch|p2b: Kyogre|Kyogre, L50|100/100\n|-weather|RainDance|[from] ability: Drizzle|[of] p2b: Kyogre\n|turn|5\n|c|\u2606slimeslatt252|lol\n|inactive|slimeslatt252 has 30 seconds left.\n|\n|t:|1773569162\n|-terastallize|p1b: Landorus|Steel\n|move|p2b: Kyogre|Protect|p2b: Kyogre\n|-singleturn|p2b: Kyogre|Protect\n|move|p1a: Miraidon|Electro Drift|p2a: Ditto\n|-supereffective|p2a: Ditto\n|-damage|p2a: Ditto|0 fnt\n|faint|p2a: Ditto\n|move|p1b: Landorus|Earth Power|p2b: Kyogre\n|-activate|p2b: Kyogre|move: Protect\n|\n|-weather|RainDance|[upkeep]\n|-damage|p1a: Miraidon|60/100 brn|[from] brn\n|-fieldend|move: Electric Terrain\n|upkeep\n|turn|6\n|j| KittyPON2\n|-message|Allien19 forfeited.\n|\n|win|slimeslatt252\n|raw|slimeslatt252's rating: 1316 &rarr; <strong>1341</strong><br />(+25 for winning)\n|raw|Allien19's rating: 1412 &rarr; <strong>1387</strong><br />(-25 for losing)\n|l|\u2606Allien19\n|player|p2|\n|l|\u2606slimeslatt252\n|player|p1|\n","uploadtime":1773569310,"views":15,"formatid":"gen9vgc2026regi","rating":1341,"private":0,"password":null}