{"id":"gen9vgc2026regi-2526742164","format":"[Gen 9] VGC 2026 Reg I","players":["quagzacian","dthk1216"],"log":"|j|\u2606quagzacian\n|j|\u2606dthk1216\n|t:|1769453349\n|gametype|doubles\n|player|p1|quagzacian|265|1414\n|player|p2|dthk1216|dawn|1567\n|gen|9\n|tier|[Gen 9] VGC 2026 Reg I\n|rated|\n|rule|Species Clause: Limit one of each Pok\u00e9mon\n|rule|Item Clause: Limit 1 of each item\n|clearpoke\n|poke|p1|Eternatus, L50|\n|poke|p1|Ho-Oh, L50|\n|poke|p1|Rillaboom, L50, M|\n|poke|p1|Incineroar, L50, M|\n|poke|p1|Ting-Lu, L50|\n|poke|p1|Vaporeon, L50, M|\n|poke|p2|Calyrex-Ice, L50|\n|poke|p2|Kyogre, L50|\n|poke|p2|Urshifu-*, L50, M|\n|poke|p2|Rillaboom, L50, F|\n|poke|p2|Grimmsnarl, L50, M|\n|poke|p2|Amoonguss, L50, F|\n|teampreview|4\n|inactive|Battle timer is ON: inactive players will automatically lose when time's up. (requested by dthk1216)\n|inactive|quagzacian has 60 seconds left.\n|\n|t:|1769453390\n|teamsize|p1|4\n|teamsize|p2|4\n|start\n|switch|p1a: Eternatus|Eternatus, L50|100/100\n|switch|p1b: Incineroar|Incineroar, L50, M|100/100\n|switch|p2a: Grimmsnarl|Grimmsnarl, L50, M|100/100\n|switch|p2b: Calyrex|Calyrex-Ice, L50|100/100\n|-ability|p2b: Calyrex|As One\n|-ability|p2b: Calyrex|Unnerve\n|-ability|p1a: Eternatus|Pressure\n|-ability|p1b: Incineroar|Intimidate|boost\n|-unboost|p2a: Grimmsnarl|atk|1\n|-unboost|p2b: Calyrex|atk|1\n|turn|1\n|\n|t:|1769453405\n|move|p1b: Incineroar|Fake Out|p2a: Grimmsnarl\n|-damage|p2a: Grimmsnarl|89/100\n|cant|p2a: Grimmsnarl|flinch\n|move|p1a: Eternatus|Toxic Spikes|p2b: Calyrex\n|-sidestart|p2: dthk1216|move: Toxic Spikes\n|move|p2b: Calyrex|Glacial Lance|p1b: Incineroar|[spread] p1a,p1b\n|-supereffective|p1a: Eternatus\n|-resisted|p1b: Incineroar\n|-damage|p1a: Eternatus|43/100\n|-damage|p1b: Incineroar|84/100\n|\n|upkeep\n|turn|2\n|\n|t:|1769453422\n|switch|p2a: Amoonguss|Amoonguss, L50, F|100/100\n|-sideend|p2: dthk1216|move: Toxic Spikes|[of] p2a: Amoonguss\n|move|p1a: Eternatus|Recover|p1a: Eternatus\n|-heal|p1a: Eternatus|94/100\n|move|p1b: Incineroar|Knock Off|p2b: Calyrex\n|-supereffective|p2b: Calyrex\n|-damage|p2b: Calyrex|53/100\n|-enditem|p2b: Calyrex|Leftovers|[from] move: Knock Off|[of] p1b: Incineroar\n|move|p2b: Calyrex|Trick Room|p2b: Calyrex\n|-fieldstart|move: Trick Room|[of] p2b: Calyrex\n|\n|upkeep\n|turn|3\n|\n|t:|1769453447\n|move|p2a: Amoonguss|Spore|p1b: Incineroar\n|-status|p1b: Incineroar|slp|[from] move: Spore\n|move|p2b: Calyrex|Leech Seed|p1a: Eternatus\n|-start|p1a: Eternatus|move: Leech Seed\n|cant|p1b: Incineroar|slp\n|move|p1a: Eternatus|Dynamax Cannon|p2a: Amoonguss\n|-damage|p2a: Amoonguss|55/100\n|\n|-damage|p1a: Eternatus|81/100|[from] Leech Seed|[of] p2b: Calyrex\n|-heal|p2b: Calyrex|67/100|[silent]\n|upkeep\n|turn|4\n|\n|t:|1769453458\n|switch|p1a: Vaporeon|Vaporeon, L50, M|100/100\n|move|p2a: Amoonguss|Spore|p1a: Vaporeon\n|-activate|p1a: Vaporeon|item: Safety Goggles|Spore\n|move|p2b: Calyrex|Glacial Lance|p1a: Vaporeon|[spread] p1a,p1b\n|-resisted|p1a: Vaporeon\n|-resisted|p1b: Incineroar\n|-damage|p1a: Vaporeon|87/100\n|-damage|p1b: Incineroar|68/100 slp\n|cant|p1b: Incineroar|slp\n|\n|upkeep\n|turn|5\n|\n|t:|1769453473\n|switch|p2a: Kyogre|Kyogre, L50|100/100\n|-weather|RainDance|[from] ability: Drizzle|[of] p2a: Kyogre\n|move|p2b: Calyrex|Leech Seed|p1a: Vaporeon\n|-start|p1a: Vaporeon|move: Leech Seed\n|cant|p1b: Incineroar|slp\n|move|p1a: Vaporeon|Whirlpool|p2a: Kyogre\n|-resisted|p2a: Kyogre\n|-damage|p2a: Kyogre|93/100\n|-activate|p2a: Kyogre|move: Whirlpool|[of] p1a: Vaporeon\n|\n|-weather|RainDance|[upkeep]\n|-damage|p1a: Vaporeon|75/100|[from] Leech Seed|[of] p2b: Calyrex\n|-heal|p2b: Calyrex|81/100|[silent]\n|-damage|p2a: Kyogre|80/100|[from] move: Whirlpool|[partiallytrapped]\n|upkeep\n|turn|6\n|\n|t:|1769453488\n|switch|p1b: Eternatus|Eternatus, L50|81/100\n|-ability|p1b: Eternatus|Pressure\n|move|p1a: Vaporeon|Detect|p1a: Vaporeon\n|-singleturn|p1a: Vaporeon|Protect\n|move|p2b: Calyrex|Glacial Lance|p1b: Eternatus|[spread] p1b\n|-activate|p1a: Vaporeon|move: Protect\n|-supereffective|p1b: Eternatus\n|-damage|p1b: Eternatus|23/100\n|move|p2a: Kyogre|Water Spout|p1b: Eternatus|[spread] p1b\n|-activate|p1a: Vaporeon|move: Protect\n|-resisted|p1b: Eternatus\n|-damage|p1b: Eternatus|0 fnt\n|faint|p1b: Eternatus\n|\n|-weather|RainDance|[upkeep]\n|-damage|p1a: Vaporeon|63/100|[from] Leech Seed|[of] p2b: Calyrex\n|-heal|p2b: Calyrex|95/100|[silent]\n|-damage|p2a: Kyogre|68/100|[from] move: Whirlpool|[partiallytrapped]\n|-fieldend|move: Trick Room\n|upkeep\n|\n|t:|1769453501\n|switch|p1b: Ho-Oh|Ho-Oh, L50|100/100\n|turn|7\n|\n|t:|1769453509\n|move|p1b: Ho-Oh|Protect|p1b: Ho-Oh\n|-singleturn|p1b: Ho-Oh|Protect\n|move|p2a: Kyogre|Water Spout|p1a: Vaporeon|[spread] \n|-activate|p1b: Ho-Oh|move: Protect\n|-heal|p1a: Vaporeon|87/100|[from] ability: Water Absorb|[of] p2a: Kyogre\n|move|p1a: Vaporeon|Yawn|p2a: Kyogre\n|-start|p2a: Kyogre|move: Yawn|[of] p1a: Vaporeon\n|move|p2b: Calyrex|Leech Seed|p1b: Ho-Oh\n|-activate|p1b: Ho-Oh|move: Protect\n|\n|-weather|RainDance|[upkeep]\n|-damage|p1a: Vaporeon|75/100|[from] Leech Seed|[of] p2b: Calyrex\n|-heal|p2b: Calyrex|100/100|[silent]\n|-damage|p2a: Kyogre|56/100|[from] move: Whirlpool|[partiallytrapped]\n|upkeep\n|turn|8\n|\n|t:|1769453526\n|-terastallize|p1b: Ho-Oh|Grass\n|move|p2a: Kyogre|Water Spout|p1a: Vaporeon|[spread] p1b\n|-heal|p1a: Vaporeon|99/100|[from] ability: Water Absorb|[of] p2a: Kyogre\n|-resisted|p1b: Ho-Oh\n|-damage|p1b: Ho-Oh|77/100\n|-enditem|p1b: Ho-Oh|Red Card|[of] p2a: Kyogre\n|drag|p2a: Grimmsnarl|Grimmsnarl, L50, M|89/100\n|move|p1b: Ho-Oh|Life Dew|p1b: Ho-Oh|[spread] p1b\n|-heal|p1a: Vaporeon|100/100|[from] ability: Water Absorb|[of] p1b: Ho-Oh\n|-heal|p1b: Ho-Oh|100/100\n|move|p1a: Vaporeon|Whirlpool|p2b: Calyrex\n|-damage|p2b: Calyrex|88/100\n|-activate|p2b: Calyrex|move: Whirlpool|[of] p1a: Vaporeon\n|move|p2b: Calyrex|Glacial Lance|p1a: Vaporeon|[spread] p1a,p1b\n|-resisted|p1a: Vaporeon\n|-supereffective|p1b: Ho-Oh\n|-damage|p1a: Vaporeon|87/100\n|-damage|p1b: Ho-Oh|54/100\n|\n|-weather|RainDance|[upkeep]\n|-damage|p1a: Vaporeon|75/100|[from] Leech Seed|[of] p2b: Calyrex\n|-heal|p2b: Calyrex|100/100|[silent]\n|-damage|p2b: Calyrex|88/100|[from] move: Whirlpool|[partiallytrapped]\n|upkeep\n|turn|9\n|-message|quagzacian forfeited.\n|\n|win|dthk1216\n|raw|quagzacian's rating: 1414 &rarr; <strong>1402</strong><br />(-12 for losing)\n|raw|dthk1216's rating: 1567 &rarr; <strong>1579</strong><br />(+12 for winning)\n|l|\u2606quagzacian\n|player|p1|\n|l|\u2606dthk1216\n|player|p2|\n","uploadtime":1769453734,"views":25,"formatid":"gen9vgc2026regi","rating":1402,"private":0,"password":null}