{"id":"gen9vgc2026regi-2534813456","format":"[Gen 9] VGC 2026 Reg I","players":["little_pichu1","j0l0k0"],"log":"|j|\u2606little_pichu1\n|j|\u2606j0l0k0\n|t:|1770480412\n|gametype|doubles\n|player|p1|little_pichu1|miku-fairy|1381\n|player|p2|j0l0k0|brycen|1477\n|gen|9\n|tier|[Gen 9] VGC 2026 Reg I\n|rated|\n|rule|Species Clause: Limit one of each Pok\u00e9mon\n|rule|Item Clause: Limit 1 of each item\n|clearpoke\n|poke|p1|Muk-Alola, L50, F|\n|poke|p1|Smeargle, L50, M|\n|poke|p1|Calyrex-Shadow, L50|\n|poke|p1|Miraidon, L50|\n|poke|p1|Incineroar, L50, F|\n|poke|p1|Flamigo, L50, F|\n|poke|p2|Calyrex-Ice, L50|\n|poke|p2|Kyogre, L50|\n|poke|p2|Indeedee-F, L50, F|\n|poke|p2|Urshifu-*, L50, F|\n|poke|p2|Amoonguss, L50, F|\n|poke|p2|Landorus, L50, M|\n|teampreview|4\n|inactive|Battle timer is ON: inactive players will automatically lose when time's up. (requested by j0l0k0)\n|inactive|little_pichu1 also wants the timer to be on.\n|j| bsobsjsje\n|\n|t:|1770480420\n|teamsize|p1|4\n|teamsize|p2|4\n|start\n|switch|p1a: Smeargle|Smeargle, L50, M|100/100\n|switch|p1b: Muk|Muk-Alola, L50, F|100/100\n|switch|p2a: Indeedee|Indeedee-F, L50, F, shiny|100/100\n|switch|p2b: Calyrex|Calyrex-Ice, L50|100/100\n|-ability|p2b: Calyrex|As One\n|-ability|p2b: Calyrex|Unnerve\n|-fieldstart|move: Psychic Terrain|[from] ability: Psychic Surge|[of] p2a: Indeedee\n|turn|1\n|\n|t:|1770480440\n|move|p1a: Smeargle|Wide Guard|p1a: Smeargle\n|-singleturn|p1a: Smeargle|Wide Guard\n|move|p2a: Indeedee|Follow Me|p2a: Indeedee\n|-singleturn|p2a: Indeedee|move: Follow Me\n|move|p1b: Muk|Minimize|p1b: Muk\n|-boost|p1b: Muk|evasion|2\n|move|p2b: Calyrex|Glacial Lance|p1b: Muk|[spread] \n|-activate|p1a: Smeargle|move: Wide Guard\n|-activate|p1b: Muk|move: Wide Guard\n|\n|-ability|p1a: Smeargle|Moody|boost\n|-boost|p1a: Smeargle|spe|2\n|-unboost|p1a: Smeargle|spd|1\n|upkeep\n|turn|2\n|\n|t:|1770480462\n|move|p1a: Smeargle|Follow Me|p1a: Smeargle\n|-singleturn|p1a: Smeargle|move: Follow Me\n|move|p1b: Muk|Minimize|p1b: Muk\n|-boost|p1b: Muk|evasion|2\n|move|p2b: Calyrex|Close Combat|p1a: Smeargle\n|-supereffective|p1a: Smeargle\n|-damage|p1a: Smeargle|0 fnt\n|-unboost|p2b: Calyrex|def|1\n|-unboost|p2b: Calyrex|spd|1\n|faint|p1a: Smeargle\n|-ability|p1b: Muk|Moody|Power of Alchemy|[from] ability: Power of Alchemy|[of] p1a: Smeargle\n|-ability|p2b: Calyrex|Chilling Neigh|boost\n|-boost|p2b: Calyrex|atk|1\n|move|p2a: Indeedee|Trick Room|p2a: Indeedee\n|-fieldstart|move: Trick Room|[of] p2a: Indeedee\n|\n|-ability|p1b: Muk|Moody|boost\n|-boost|p1b: Muk|spe|2\n|-unboost|p1b: Muk|spa|1\n|upkeep\n|\n|t:|1770480478\n|switch|p1a: Flamigo|Flamigo, L50, F|100/100\n|-copyboost|p1a: Flamigo|p1b: Muk|[from] ability: Costar\n|-enditem|p1a: Flamigo|White Herb\n|-clearnegativeboost|p1a: Flamigo|[silent]\n|turn|3\n|\n|t:|1770480501\n|move|p1a: Flamigo|Wide Guard|p1a: Flamigo\n|-singleturn|p1a: Flamigo|Wide Guard\n|move|p2a: Indeedee|Follow Me|p2a: Indeedee\n|-singleturn|p2a: Indeedee|move: Follow Me\n|move|p2b: Calyrex|Glacial Lance|p1a: Flamigo|[spread] \n|-activate|p1a: Flamigo|move: Wide Guard\n|-activate|p1b: Muk|move: Wide Guard\n|move|p1b: Muk|Knock Off|p2a: Indeedee\n|-supereffective|p2a: Indeedee\n|-damage|p2a: Indeedee|19/100\n|-enditem|p2a: Indeedee|Safety Goggles|[from] move: Knock Off|[of] p1b: Muk\n|\n|-ability|p1b: Muk|Moody|boost\n|-boost|p1b: Muk|spd|2\n|-unboost|p1b: Muk|atk|1\n|upkeep\n|turn|4\n|inactive|little_pichu1 has 30 seconds left.\n|inactive|j0l0k0 has 30 seconds left.\n|inactive|j0l0k0 has 20 seconds left.\n|inactive|j0l0k0 has 15 seconds left.\n|inactive|j0l0k0 has 10 seconds left.\n|\n|t:|1770480549\n|-terastallize|p2b: Calyrex|Normal\n|move|p1a: Flamigo|Protect||[still]\n|-fail|p1a: Flamigo\n|move|p2b: Calyrex|Close Combat|p1b: Muk|[miss]\n|-miss|p2b: Calyrex|p1b: Muk\n|move|p2a: Indeedee|Psychic|p1a: Flamigo|[miss]\n|-miss|p2a: Indeedee|p1a: Flamigo\n|move|p1b: Muk|Minimize|p1b: Muk\n|-boost|p1b: Muk|evasion|2\n|\n|-ability|p1b: Muk|Moody|boost\n|-boost|p1b: Muk|def|2\n|-unboost|p1b: Muk|spd|1\n|upkeep\n|turn|5\n|inactive|j0l0k0 has 30 seconds left.\n|\n|t:|1770480575\n|move|p2a: Indeedee|Follow Me|p2a: Indeedee\n|-singleturn|p2a: Indeedee|move: Follow Me\n|move|p2b: Calyrex|Glacial Lance|p1a: Flamigo|[spread] p1a\n|-miss|p2b: Calyrex|p1b: Muk\n|-supereffective|p1a: Flamigo\n|-crit|p1a: Flamigo\n|-damage|p1a: Flamigo|0 fnt\n|faint|p1a: Flamigo\n|-ability|p2b: Calyrex|Chilling Neigh|boost\n|-boost|p2b: Calyrex|atk|1\n|move|p1b: Muk|Poison Gas|p2a: Indeedee|[spread] p2a,p2b\n|-status|p2a: Indeedee|psn\n|-status|p2b: Calyrex|psn\n|\n|-damage|p2b: Calyrex|88/100 psn|[from] psn\n|-damage|p2a: Indeedee|7/100 psn|[from] psn\n|-fieldend|move: Psychic Terrain\n|-ability|p1b: Muk|Moody|boost\n|-boost|p1b: Muk|atk|2\n|-unboost|p1b: Muk|spe|1\n|upkeep\n|\n|t:|1770480587\n|switch|p1a: Calyrex|Calyrex-Shadow, L50|100/100\n|-ability|p1a: Calyrex|As One\n|-ability|p1a: Calyrex|Unnerve\n|turn|6\n|inactive|j0l0k0 has 30 seconds left.\n|\n|t:|1770480614\n|move|p2a: Indeedee|Helping Hand|p2b: Calyrex\n|-singleturn|p2b: Calyrex|Helping Hand|[of] p2a: Indeedee\n|move|p1b: Muk|Protect|p1b: Muk\n|-singleturn|p1b: Muk|Protect\n|move|p1a: Calyrex|Protect|p1a: Calyrex\n|-singleturn|p1a: Calyrex|Protect\n|move|p2b: Calyrex|Glacial Lance|p1a: Calyrex|[spread] \n|-activate|p1a: Calyrex|move: Protect\n|-activate|p1b: Muk|move: Protect\n|\n|-damage|p2b: Calyrex|76/100 psn|[from] psn\n|-damage|p2a: Indeedee|0 fnt|[from] psn\n|faint|p2a: Indeedee\n|-fieldend|move: Trick Room\n|-ability|p1b: Muk|Moody|boost\n|-boost|p1b: Muk|spe|2\n|-unboost|p1b: Muk|spd|1\n|upkeep\n|inactive|j0l0k0 has 30 seconds left.\n|\n|t:|1770480643\n|switch|p2a: Kyogre|Kyogre, L50, shiny|100/100\n|-weather|RainDance|[from] ability: Drizzle|[of] p2a: Kyogre\n|turn|7\n|\n|t:|1770480656\n|-terastallize|p1b: Muk|Water\n|move|p1a: Calyrex|Psych Up|p1b: Muk\n|-copyboost|p1a: Calyrex|p1b: Muk|[from] move: Psych Up\n|move|p1b: Muk|Knock Off|p2b: Calyrex\n|-damage|p2b: Calyrex|25/100 psn\n|-enditem|p2b: Calyrex|Clear Amulet|[from] move: Knock Off|[of] p1b: Muk\n|move|p2a: Kyogre|Water Spout|p1b: Muk|[spread] p1a,p1b\n|-resisted|p1b: Muk\n|-enditem|p1a: Calyrex|Focus Sash\n|-damage|p1a: Calyrex|1/100\n|-damage|p1b: Muk|63/100\n|move|p2b: Calyrex|Glacial Lance|p1a: Calyrex|[spread] \n|-miss|p2b: Calyrex|p1a: Calyrex\n|-miss|p2b: Calyrex|p1b: Muk\n|\n|-weather|RainDance|[upkeep]\n|-heal|p1b: Muk|69/100|[from] item: Leftovers\n|-damage|p2b: Calyrex|13/100 psn|[from] psn\n|-ability|p1b: Muk|Moody|boost\n|-boost|p1b: Muk|atk|2\n|-unboost|p1b: Muk|spd|1\n|upkeep\n|turn|8\n|inactive|little_pichu1 has 30 seconds left.\n|inactive|j0l0k0 has 30 seconds left.\n|inactive|j0l0k0 has 20 seconds left.\n|\n|t:|1770480696\n|move|p1a: Calyrex|Astral Barrage|p2b: Calyrex|[spread] p2a\n|-immune|p2b: Calyrex\n|-damage|p2a: Kyogre|83/100\n|move|p1b: Muk|Knock Off|p2a: Kyogre\n|-damage|p2a: Kyogre|3/100\n|-enditem|p2a: Kyogre|Assault Vest|[from] move: Knock Off|[of] p1b: Muk\n|move|p2a: Kyogre|Thunder|p1b: Muk\n|-supereffective|p1b: Muk\n|-damage|p1b: Muk|0 fnt\n|faint|p1b: Muk\n|move|p2b: Calyrex|Crunch|p1a: Calyrex\n|-supereffective|p1a: Calyrex\n|-damage|p1a: Calyrex|0 fnt\n|faint|p1a: Calyrex\n|\n|win|j0l0k0\n|raw|little_pichu1's rating: 1381 &rarr; <strong>1366</strong><br />(-15 for losing)\n|raw|j0l0k0's rating: 1477 &rarr; <strong>1492</strong><br />(+15 for winning)\n|l| bsobsjsje\n|l|\u2606j0l0k0\n|player|p2|\n|j| bsobsjsje\n|l| bsobsjsje\n|j| bsobsjsje\n|l| bsobsjsje\n","uploadtime":1770480884,"views":13,"formatid":"gen9vgc2026regi","rating":1366,"private":0,"password":null}