{"id":"gen9vgc2026regi-2563605448","format":"[Gen 9] VGC 2026 Reg I","players":["ppyyy","yuirs gsb"],"log":"|j|\u2606ppyyy\n|j|\u2606yuirs gsb\n|t:|1774041614\n|gametype|doubles\n|player|p1|ppyyy|elesa-gen5bw2|\n|player|p2|yuirs gsb|benga|\n|gen|9\n|tier|[Gen 9] VGC 2026 Reg I\n|rated|Tournament battle\n|rule|Species Clause: Limit one of each Pok\u00e9mon\n|rule|Item Clause: Limit 1 of each item\n|raw|<div class=\"infobox\"><details class=\"readmore\" open><summary><strong>3 custom rules:</strong></summary> Open Team Sheets, Force Open Team Sheets, !Open Team Sheets</details></div>\n|clearpoke\n|poke|p1|Whimsicott, L50, F|\n|poke|p1|Calyrex-Shadow, L50|\n|poke|p1|Incineroar, L50, F|\n|poke|p1|Miraidon, L50|\n|poke|p1|Clefairy, L50, F|\n|poke|p1|Sneasler, L50, F|\n|poke|p2|Smeargle, L50, M|\n|poke|p2|Chien-Pao, L50|\n|poke|p2|Chi-Yu, L50|\n|poke|p2|Ogerpon-Wellspring, L50, F|\n|poke|p2|Calyrex-Shadow, L50|\n|poke|p2|Zamazenta-*, L50|\n|teampreview|4\n|showteam|p1|Whimsicott||CovertCloak|Prankster|Moonblast,Tailwind,FakeTears,Encore|||F|||50|,,,,,Water]Calyrex-Shadow||FocusSash|AsOneSpectrier|AstralBarrage,Psychic,Disable,Protect||||||50|,,,,,Ghost]Incineroar||AssaultVest|Intimidate|KnockOff,Uturn,FlareBlitz,FakeOut|||F|||50|,,,,,Bug]Miraidon||ChoiceSpecs|HadronEngine|ElectroDrift,DracoMeteor,DazzlingGleam,VoltSwitch||||||50|,,,,,Fairy]Clefairy||Eviolite|FriendGuard|AfterYou,HelpingHand,FollowMe,Protect|||F|||50|,,,,,Grass]Sneasler||ElectricSeed|Unburden|GunkShot,CloseCombat,FakeOut,ThroatChop|||F|||50|,,,,,Dark\n|showteam|p2|Smeargle||FocusSash|Moody|Protect,FakeOut,Spore,FollowMe|||M|||50|,,,,,Ghost]Chien-Pao||AssaultVest|SwordofRuin|IcyWind,IcicleCrash,SuckerPunch,ThroatChop||||||50|,,,,,Ghost]Chi-Yu||ChoiceScarf|BeadsofRuin|HeatWave,DarkPulse,Overheat,Snarl||||||50|,,,,,Ghost]Ogerpon-Wellspring||WellspringMask|WaterAbsorb|FollowMe,HornLeech,IvyCudgel,SpikyShield|||F|||50|,,,,,Water]Calyrex-Shadow||SpookyPlate|AsOneSpectrier|DrainingKiss,AstralBarrage,Protect,Encore||||||50|,,,,,Normal]Zamazenta-Crowned||RustedShield|DauntlessShield|WideGuard,behemothbash,BodyPress,Protect||||||50|,,,,,Dragon\n|inactive|Battle timer is ON: inactive players will automatically lose when time's up. (requested by yuirs gsb)\n|c|\u2606yuirs gsb|glhf\n|c|\u2606ppyyy|u2\n|inactive|ppyyy has 60 seconds left.\n|inactive|yuirs gsb has 60 seconds left.\n|\n|t:|1774041656\n|teamsize|p1|4\n|teamsize|p2|4\n|start\n|switch|p1a: Miraidon|Miraidon, L50|100/100\n|switch|p1b: EDM|Sneasler, L50, F|100/100\n|switch|p2a: Chi-Yu|Chi-Yu, L50|100/100\n|switch|p2b: Calyrex|Calyrex-Shadow, L50|100/100\n|-ability|p2b: Calyrex|As One\n|-ability|p2b: Calyrex|Unnerve\n|-ability|p2a: Chi-Yu|Beads of Ruin\n|-fieldstart|move: Electric Terrain|[from] ability: Hadron Engine|[of] p1a: Miraidon\n|-enditem|p1b: EDM|Electric Seed\n|-boost|p1b: EDM|def|1|[from] item: Electric Seed\n|turn|1\n|inactive|ppyyy has 30 seconds left.\n|inactive|ppyyy has 20 seconds left.\n|\n|t:|1774041696\n|-terastallize|p2a: Chi-Yu|Ghost\n|move|p1b: EDM|Fake Out|p2a: Chi-Yu\n|-immune|p2a: Chi-Yu\n|move|p2a: Chi-Yu|Heat Wave|p1a: Miraidon|[spread] p1a,p1b\n|-resisted|p1a: Miraidon\n|-damage|p1a: Miraidon|80/100\n|-damage|p1b: EDM|34/100\n|move|p2b: Calyrex|Astral Barrage|p1b: EDM|[spread] p1a,p1b\n|-damage|p1a: Miraidon|18/100\n|-damage|p1b: EDM|0 fnt\n|faint|p1b: EDM\n|-ability|p2b: Calyrex|Grim Neigh|boost\n|-boost|p2b: Calyrex|spa|1\n|move|p1a: Miraidon|Volt Switch|p2a: Chi-Yu\n|-damage|p2a: Chi-Yu|0 fnt\n|faint|p2a: Chi-Yu\n|\n|t:|1774041700\n|switch|p1a: Hinder Me|Calyrex-Shadow, L50|100/100|[from] Volt Switch\n|-ability|p1a: Hinder Me|As One\n|-ability|p1a: Hinder Me|Unnerve\n|\n|upkeep\n|\n|t:|1774041709\n|switch|p1b: Whimsicott|Whimsicott, L50, F|100/100\n|switch|p2a: Zamazenta|Zamazenta-Crowned, L50|100/100\n|-ability|p2a: Zamazenta|Dauntless Shield|boost\n|-boost|p2a: Zamazenta|def|1\n|turn|2\n|\n|t:|1774041726\n|move|p2a: Zamazenta|Wide Guard|p2a: Zamazenta\n|-singleturn|p2a: Zamazenta|Wide Guard\n|move|p1b: Whimsicott|Encore|p2a: Zamazenta\n|-start|p2a: Zamazenta|Encore\n|move|p1a: Hinder Me|Disable|p2b: Calyrex\n|-start|p2b: Calyrex|Disable|Astral Barrage\n|cant|p2b: Calyrex|Disable|Astral Barrage\n|\n|upkeep\n|turn|3\n|\n|t:|1774041737\n|move|p2a: Zamazenta|Wide Guard|p2a: Zamazenta\n|-singleturn|p2a: Zamazenta|Wide Guard\n|move|p1b: Whimsicott|Encore|p2b: Calyrex\n|-start|p2b: Calyrex|Encore\n|cant|p2b: Calyrex|Disable|Astral Barrage\n|move|p1a: Hinder Me|Psychic|p2a: Zamazenta\n|-damage|p2a: Zamazenta|63/100\n|\n|upkeep\n|turn|4\n|\n|t:|1774041752\n|switch|p2a: Ogerpon|Ogerpon-Wellspring, L50, F|100/100\n|move|p1b: Whimsicott|Fake Tears|p2a: Ogerpon\n|-unboost|p2a: Ogerpon|spd|2\n|move|p1a: Hinder Me|Psychic|p2a: Ogerpon\n|-damage|p2a: Ogerpon|0 fnt\n|faint|p2a: Ogerpon\n|-ability|p1a: Hinder Me|Grim Neigh|boost\n|-boost|p1a: Hinder Me|spa|1\n|-activate|p2b: Calyrex|move: Struggle\n|move|p2b: Calyrex|Struggle|p1a: Hinder Me\n|-damage|p1a: Hinder Me|91/100\n|-damage|p2b: Calyrex|75/100|[from] recoil\n|\n|upkeep\n|\n|t:|1774041759\n|switch|p2a: Zamazenta|Zamazenta-Crowned, L50|63/100\n|turn|5\n|\n|t:|1774041765\n|move|p1b: Whimsicott|Fake Tears|p2b: Calyrex\n|-unboost|p2b: Calyrex|spd|2\n|move|p1a: Hinder Me|Psychic|p2b: Calyrex\n|-resisted|p2b: Calyrex\n|-damage|p2b: Calyrex|0 fnt\n|faint|p2b: Calyrex\n|-ability|p1a: Hinder Me|Grim Neigh|boost\n|-boost|p1a: Hinder Me|spa|1\n|move|p2a: Zamazenta|Behemoth Bash|p1b: Whimsicott\n|-supereffective|p1b: Whimsicott\n|-damage|p1b: Whimsicott|0 fnt\n|faint|p1b: Whimsicott\n|\n|-fieldend|move: Electric Terrain\n|upkeep\n|\n|t:|1774041768\n|switch|p1b: Miraidon|Miraidon, L50|18/100\n|-fieldstart|move: Electric Terrain|[from] ability: Hadron Engine|[of] p1b: Miraidon\n|turn|6\n|\n|t:|1774041776\n|-terastallize|p1a: Hinder Me|Ghost\n|move|p1a: Hinder Me|Astral Barrage|p2a: Zamazenta\n|-damage|p2a: Zamazenta|0 fnt\n|faint|p2a: Zamazenta\n|\n|win|ppyyy\n|n|\u2606ppyyy|ppyyy\n|n|\u2606yuirs gsb|yuirsgsb\n","uploadtime":1774041778,"views":13,"formatid":"gen9vgc2026regi","rating":null,"private":0,"password":null}