{"id":"gen9vgc2026regi-2568597145","format":"[Gen 9] VGC 2026 Reg I","players":["Fayzginger","testhan92"],"log":"|j|\u2606Fayzginger\n|j|\u2606testhan92\n|t:|1774602495\n|gametype|doubles\n|player|p1|Fayzginger|az|1352\n|player|p2|testhan92|2|1452\n|gen|9\n|tier|[Gen 9] VGC 2026 Reg I\n|rated|\n|rule|Species Clause: Limit one of each Pok\u00e9mon\n|rule|Item Clause: Limit 1 of each item\n|clearpoke\n|poke|p1|Koraidon, L50|\n|poke|p1|Calyrex-Shadow, L50|\n|poke|p1|Incineroar, L50, F|\n|poke|p1|Weezing-Galar, L50, F|\n|poke|p1|Chi-Yu, L50|\n|poke|p1|Flutter Mane, L50|\n|poke|p2|Lunala, L50|\n|poke|p2|Incineroar, L50, F|\n|poke|p2|Amoonguss, L50, M|\n|poke|p2|Ursaluna, L50, F|\n|poke|p2|Flutter Mane, L50|\n|poke|p2|Koraidon, L50|\n|teampreview|4\n|inactive|Battle timer is ON: inactive players will automatically lose when time's up. (requested by testhan92)\n|\n|t:|1774602547\n|teamsize|p1|4\n|teamsize|p2|4\n|start\n|switch|p1a: Calyrex|Calyrex-Shadow, L50|100/100\n|switch|p1b: Weezing|Weezing-Galar, L50, F|100/100\n|switch|p2a: Koraidon|Koraidon, L50|100/100\n|switch|p2b: Flutter Mane|Flutter Mane, L50|100/100\n|-ability|p1b: Weezing|Neutralizing Gas\n|-ability|p1a: Calyrex|As One\n|-ability|p1a: Calyrex|Unnerve\n|turn|1\n|\n|t:|1774602562\n|-terastallize|p1a: Calyrex|Dark\n|move|p2a: Koraidon|Protect|p2a: Koraidon\n|-singleturn|p2a: Koraidon|Protect\n|move|p2b: Flutter Mane|Protect|p2b: Flutter Mane\n|-singleturn|p2b: Flutter Mane|Protect\n|move|p1a: Calyrex|Astral Barrage|p2a: Koraidon|[spread] \n|-activate|p2a: Koraidon|move: Protect\n|-activate|p2b: Flutter Mane|move: Protect\n|move|p1b: Weezing|Strange Steam|p2b: Flutter Mane\n|-activate|p2b: Flutter Mane|move: Protect\n|\n|upkeep\n|turn|2\n|\n|t:|1774602578\n|-terastallize|p2a: Koraidon|Fire\n|move|p1a: Calyrex|Protect|p1a: Calyrex\n|-singleturn|p1a: Calyrex|Protect\n|move|p2b: Flutter Mane|Moonblast|p1a: Calyrex\n|-activate|p1a: Calyrex|move: Protect\n|move|p2a: Koraidon|Flame Charge|p1a: Calyrex\n|-activate|p1a: Calyrex|move: Protect\n|move|p1b: Weezing|Poison Gas|p2b: Flutter Mane|[spread] p2a,p2b\n|-status|p2a: Koraidon|psn\n|-status|p2b: Flutter Mane|psn\n|\n|-damage|p2b: Flutter Mane|88/100 psn|[from] psn\n|-damage|p2a: Koraidon|88/100 psn|[from] psn\n|upkeep\n|turn|3\n|\n|t:|1774602593\n|-end|p2b: Flutter Mane|Protosynthesis|[silent]\n|switch|p2b: Incineroar|Incineroar, L50, F|100/100\n|move|p1a: Calyrex|Astral Barrage|p2b: Incineroar|[spread] p2a,p2b\n|-resisted|p2b: Incineroar\n|-damage|p2a: Koraidon|14/100 psn\n|-damage|p2b: Incineroar|75/100\n|-damage|p1a: Calyrex|91/100|[from] item: Life Orb\n|move|p2a: Koraidon|Flame Charge|p1a: Calyrex\n|-damage|p1a: Calyrex|40/100\n|-boost|p2a: Koraidon|spe|1\n|-damage|p2a: Koraidon|4/100 psn|[from] item: Life Orb\n|move|p1b: Weezing|Strange Steam|p2a: Koraidon\n|-resisted|p2a: Koraidon\n|-damage|p2a: Koraidon|0 fnt\n|faint|p2a: Koraidon\n|\n|upkeep\n|\n|t:|1774602607\n|switch|p2a: Lunala|Lunala, L50|100/100\n|turn|4\n|\n|t:|1774602616\n|move|p1a: Calyrex|Protect|p1a: Calyrex\n|-singleturn|p1a: Calyrex|Protect\n|move|p2b: Incineroar|Fake Out|p1a: Calyrex\n|-activate|p1a: Calyrex|move: Protect\n|move|p1b: Weezing|Taunt|p2a: Lunala\n|-start|p2a: Lunala|move: Taunt\n|cant|p2a: Lunala|move: Taunt|Trick Room\n|\n|upkeep\n|turn|5\n|\n|t:|1774602632\n|switch|p2a: Flutter Mane|Flutter Mane, L50|88/100 psn\n|move|p1a: Calyrex|Astral Barrage|p2a: Flutter Mane|[spread] p2a,p2b\n|-supereffective|p2a: Flutter Mane\n|-resisted|p2b: Incineroar\n|-damage|p2a: Flutter Mane|0 fnt\n|-damage|p2b: Incineroar|50/100\n|faint|p2a: Flutter Mane\n|-end|p2a: Flutter Mane|Protosynthesis|[silent]\n|-ability|p1a: Calyrex|Grim Neigh|boost\n|-boost|p1a: Calyrex|spa|1\n|-damage|p1a: Calyrex|31/100|[from] item: Life Orb\n|move|p1b: Weezing|Strange Steam|p2b: Incineroar\n|-damage|p2b: Incineroar|31/100\n|move|p2b: Incineroar|Flare Blitz|p1a: Calyrex\n|-damage|p1a: Calyrex|0 fnt\n|faint|p1a: Calyrex\n|-damage|p2b: Incineroar|22/100|[from] Recoil\n|\n|upkeep\n|\n|t:|1774602646\n|switch|p1a: Koraidon|Koraidon, L50|100/100\n|switch|p2a: Lunala|Lunala, L50|100/100\n|-weather|SunnyDay|[from] ability: Orichalcum Pulse|[of] p1a: Koraidon\n|-activate|p1a: Koraidon|Orichalcum Pulse|[source]\n|turn|6\n|\n|t:|1774602653\n|move|p1a: Koraidon|Flare Blitz|p2a: Lunala\n|-damage|p2a: Lunala|25/100\n|-damage|p1a: Koraidon|67/100|[from] Recoil\n|move|p2a: Lunala|Moonblast|p1a: Koraidon\n|-supereffective|p1a: Koraidon\n|-damage|p1a: Koraidon|0 fnt\n|faint|p1a: Koraidon\n|move|p1b: Weezing|Strange Steam|p2a: Lunala\n|-damage|p2a: Lunala|8/100\n|move|p2b: Incineroar|Flare Blitz|p1b: Weezing\n|-damage|p1b: Weezing|43/100\n|-damage|p2b: Incineroar|5/100|[from] Recoil\n|\n|-weather|SunnyDay|[upkeep]\n|upkeep\n|\n|t:|1774602661\n|switch|p1a: Incineroar|Incineroar, L50, F, shiny|100/100\n|turn|7\n|\n|t:|1774602678\n|move|p1a: Incineroar|Fake Out|p2b: Incineroar\n|-damage|p2b: Incineroar|0 fnt\n|faint|p2b: Incineroar\n|move|p2a: Lunala|Moongeist Beam|p1b: Weezing\n|-damage|p1b: Weezing|0 fnt\n|faint|p1b: Weezing\n|-end|p1b: Weezing|ability: Neutralizing Gas\n|-ability|p1a: Incineroar|Intimidate|boost\n|-unboost|p2a: Lunala|atk|1\n|\n|-weather|SunnyDay|[upkeep]\n|upkeep\n|turn|8\n|\n|t:|1774602690\n|move|p2a: Lunala|Moonblast|p1a: Incineroar\n|-damage|p1a: Incineroar|69/100\n|move|p1a: Incineroar|Knock Off|p2a: Lunala\n|-supereffective|p2a: Lunala\n|-damage|p2a: Lunala|0 fnt\n|-enditem|p2a: Lunala|Covert Cloak|[from] move: Knock Off|[of] p1a: Incineroar\n|faint|p2a: Lunala\n|\n|win|Fayzginger\n|raw|Fayzginger's rating: 1352 &rarr; <strong>1378</strong><br />(+26 for winning)\n|raw|testhan92's rating: 1452 &rarr; <strong>1426</strong><br />(-26 for losing)\n|l|\u2606testhan92\n|player|p2|\n|l|\u2606Fayzginger\n|player|p1|\n","uploadtime":1774602837,"views":10,"formatid":"gen9vgc2026regi","rating":1378,"private":0,"password":null}