{"id":"gen9vgc2026regi-2560157729","format":"[Gen 9] VGC 2026 Reg I","players":["jonen","Denlillaapan"],"log":"|j|\u2606jonen\n|j|\u2606Denlillaapan\n|t:|1773660319\n|gametype|doubles\n|player|p1|jonen|medium|1184\n|player|p2|Denlillaapan|265|1105\n|gen|9\n|tier|[Gen 9] VGC 2026 Reg I\n|rated|\n|rule|Species Clause: Limit one of each Pok\u00e9mon\n|rule|Item Clause: Limit 1 of each item\n|clearpoke\n|poke|p1|Volcarona, L50, M|\n|poke|p1|Groudon, L50|\n|poke|p1|Incineroar, L50, M|\n|poke|p1|Flutter Mane, L50|\n|poke|p1|Grimmsnarl, L50, M|\n|poke|p1|Miraidon, L50|\n|poke|p2|Zoroark-Hisui, L50, F|\n|poke|p2|Gholdengo, L50|\n|poke|p2|Incineroar, L50, M|\n|poke|p2|Dragonite, L50, F|\n|poke|p2|Ursaluna-Bloodmoon, L50, M|\n|poke|p2|Whimsicott, L50, F|\n|teampreview|4\n|\n|t:|1773660348\n|teamsize|p1|4\n|teamsize|p2|4\n|start\n|switch|p1a: Groudon|Groudon, L50|100/100\n|switch|p1b: Flutter Mane|Flutter Mane, L50|100/100\n|switch|p2a: Whimsicott|Whimsicott, L50, F|100/100\n|switch|p2b: Ursaluna|Ursaluna-Bloodmoon, L50, M|100/100\n|-weather|SunnyDay|[from] ability: Drought|[of] p1a: Groudon\n|-activate|p1b: Flutter Mane|ability: Protosynthesis\n|-start|p1b: Flutter Mane|protosynthesisspe\n|turn|1\n|\n|t:|1773660372\n|-terastallize|p2b: Ursaluna|Normal\n|move|p1b: Flutter Mane|Icy Wind|p2a: Whimsicott|[spread] p2a,p2b\n|-damage|p2a: Whimsicott|69/100\n|-damage|p2b: Ursaluna|84/100\n|-unboost|p2a: Whimsicott|spe|1\n|-unboost|p2b: Ursaluna|spe|1\n|replace|p2a: Zoroark|Zoroark-Hisui, L50, F, shiny\n|-end|p2a: Zoroark|Illusion\n|move|p2a: Zoroark|Icy Wind|p1a: Groudon|[spread] p1a,p1b\n|-supereffective|p1a: Groudon\n|-damage|p1a: Groudon|72/100\n|-damage|p1b: Flutter Mane|86/100\n|-unboost|p1b: Flutter Mane|spe|1\n|move|p1a: Groudon|Heat Crash|p2a: Zoroark\n|-crit|p2a: Zoroark\n|-damage|p2a: Zoroark|0 fnt\n|faint|p2a: Zoroark\n|move|p2b: Ursaluna|Blood Moon|p1a: Groudon\n|-damage|p1a: Groudon|0 fnt\n|faint|p1a: Groudon\n|-damage|p2b: Ursaluna|74/100|[from] item: Life Orb\n|\n|-weather|SunnyDay|[upkeep]\n|upkeep\n|\n|t:|1773660395\n|switch|p2a: Whimsicott|Whimsicott, L50, F|100/100\n|switch|p1a: Miraidon|Miraidon, L50|100/100\n|-fieldstart|move: Electric Terrain|[from] ability: Hadron Engine|[of] p1a: Miraidon\n|turn|2\n|\n|t:|1773660409\n|-end|p1b: Flutter Mane|Protosynthesis|[silent]\n|switch|p1b: Incineroar|Incineroar, L50, M|100/100\n|-ability|p1b: Incineroar|Intimidate|boost\n|-unboost|p2a: Whimsicott|atk|1\n|-unboost|p2b: Ursaluna|atk|1\n|move|p2a: Whimsicott|Fake Tears|p1a: Miraidon\n|-unboost|p1a: Miraidon|spd|2\n|move|p1a: Miraidon|Volt Switch|p2b: Ursaluna\n|-damage|p2b: Ursaluna|0 fnt\n|faint|p2b: Ursaluna\n|\n|t:|1773660416\n|switch|p1a: Flutter Mane|Flutter Mane, L50|86/100|[from] Volt Switch\n|-activate|p1a: Flutter Mane|ability: Protosynthesis\n|-start|p1a: Flutter Mane|protosynthesisspe\n|\n|-weather|SunnyDay|[upkeep]\n|upkeep\n|\n|t:|1773660422\n|switch|p2b: Gholdengo|Gholdengo, L50|100/100\n|turn|3\n|\n|t:|1773660434\n|move|p1a: Flutter Mane|Protect|p1a: Flutter Mane\n|-singleturn|p1a: Flutter Mane|Protect\n|move|p2b: Gholdengo|Protect|p2b: Gholdengo\n|-singleturn|p2b: Gholdengo|Protect\n|move|p2a: Whimsicott|Tailwind|p2a: Whimsicott\n|-sidestart|p2: Denlillaapan|move: Tailwind\n|move|p1b: Incineroar|Flare Blitz|p2b: Gholdengo\n|-activate|p2b: Gholdengo|move: Protect\n|\n|-weather|SunnyDay|[upkeep]\n|upkeep\n|turn|4\n|\n|t:|1773660454\n|-end|p1a: Flutter Mane|Protosynthesis|[silent]\n|switch|p1a: Miraidon|Miraidon, L50|100/100\n|-activate|p1a: Miraidon|ability: Hadron Engine\n|move|p2a: Whimsicott|Fake Tears|p1b: Incineroar\n|-hint|Since gen 7, Dark is immune to Prankster moves.\n|-immune|p1b: Incineroar\n|move|p2b: Gholdengo|Make It Rain|p1a: Miraidon|[spread] p1a,p1b\n|-resisted|p1a: Miraidon\n|-resisted|p1b: Incineroar\n|-damage|p1a: Miraidon|86/100\n|-damage|p1b: Incineroar|77/100\n|-unboost|p2b: Gholdengo|spa|1\n|move|p1b: Incineroar|Flare Blitz|p2b: Gholdengo\n|-supereffective|p2b: Gholdengo\n|-crit|p2b: Gholdengo\n|-damage|p2b: Gholdengo|0 fnt\n|faint|p2b: Gholdengo\n|-damage|p1b: Incineroar|51/100|[from] Recoil\n|\n|-weather|SunnyDay|[upkeep]\n|upkeep\n|turn|5\n|\n|t:|1773660469\n|-terastallize|p1a: Miraidon|Electric\n|move|p2a: Whimsicott|Moonblast|p1b: Incineroar\n|-damage|p1b: Incineroar|31/100\n|move|p1a: Miraidon|Electro Drift|p2a: Whimsicott\n|-resisted|p2a: Whimsicott\n|-damage|p2a: Whimsicott|6/100\n|move|p1b: Incineroar|Flare Blitz|p2a: Whimsicott\n|-supereffective|p2a: Whimsicott\n|-damage|p2a: Whimsicott|0 fnt\n|faint|p2a: Whimsicott\n|-damage|p1b: Incineroar|30/100|[from] Recoil\n|\n|win|jonen\n|raw|jonen's rating: 1184 &rarr; <strong>1203</strong><br />(+19 for winning)\n|raw|Denlillaapan's rating: 1105 &rarr; <strong>1086</strong><br />(-19 for losing)\n","uploadtime":1773660469,"views":10,"formatid":"gen9vgc2026regi","rating":1086,"private":0,"password":null}