{"id":"gen9vgc2026regi-2577660760","format":"[Gen 9] VGC 2026 Reg I","players":["Kdc1223","Harry Koekenpan"],"log":"|j|\u2606Kdc1223\n|j|\u2606Harry Koekenpan\n|t:|1775594025\n|gametype|doubles\n|player|p1|Kdc1223|170|1317\n|player|p2|Harry Koekenpan|265|1393\n|gen|9\n|tier|[Gen 9] VGC 2026 Reg I\n|rated|\n|rule|Species Clause: Limit one of each Pok\u00e9mon\n|rule|Item Clause: Limit 1 of each item\n|clearpoke\n|poke|p1|Calyrex-Shadow, L50|\n|poke|p1|Indeedee-F, L50, F|\n|poke|p1|Kyogre, L50|\n|poke|p1|Urshifu-*, L50, F|\n|poke|p1|Tornadus, L50, M|\n|poke|p1|Incineroar, L50, M|\n|poke|p2|Weezing-Galar, L50, F|\n|poke|p2|Calyrex-Shadow, L50|\n|poke|p2|Regigigas, L50|\n|poke|p2|Tatsugiri, L50, M|\n|poke|p2|Dondozo, L50, M|\n|poke|p2|Koraidon, L50|\n|teampreview|4\n|inactive|Battle timer is ON: inactive players will automatically lose when time's up. (requested by Kdc1223)\nKdc1223 has agreed to open team sheets.\n|inactive|Kdc1223 has 60 seconds left.\n|\n|t:|1775594057\n|teamsize|p1|4\n|teamsize|p2|4\n|start\n|switch|p1a: Indeedee|Indeedee-F, L50, F|100/100\n|switch|p1b: Calyrex|Calyrex-Shadow, L50|100/100\n|switch|p2a: Weezing|Weezing-Galar, L50, F|100/100\n|switch|p2b: Regigigas|Regigigas, L50|100/100\n|-ability|p2a: Weezing|Neutralizing Gas\n|-ability|p1b: Calyrex|As One\n|-ability|p1b: Calyrex|Unnerve\n|turn|1\n|inactive|Kdc1223 has 30 seconds left.\n|\n|t:|1775594088\n|-terastallize|p2a: Weezing|Dark\n|move|p2b: Regigigas|Knock Off|p1b: Calyrex\n|-supereffective|p1b: Calyrex\n|-enditem|p1b: Calyrex|Focus Sash\n|-damage|p1b: Calyrex|1/100\n|move|p1b: Calyrex|Psychic|p2a: Weezing\n|-immune|p2a: Weezing\n|move|p1a: Indeedee|Psychic|p2a: Weezing\n|-immune|p2a: Weezing\n|move|p2a: Weezing|Poison Gas|p1b: Calyrex|[spread] p1a,p1b\n|-status|p1a: Indeedee|psn\n|-status|p1b: Calyrex|psn\n|\n|-damage|p1b: Calyrex|0 fnt|[from] psn\n|faint|p1b: Calyrex\n|-damage|p1a: Indeedee|88/100 psn|[from] psn\n|upkeep\n|\n|t:|1775594103\n|switch|p1b: Kyogre|Kyogre, L50|100/100\n|turn|2\n|\n|t:|1775594113\n|switch|p1b: Incineroar|Incineroar, L50, M|100/100\n|move|p2b: Regigigas|Knock Off|p1b: Incineroar\n|-resisted|p1b: Incineroar\n|-damage|p1b: Incineroar|84/100\n|-enditem|p1b: Incineroar|Sitrus Berry|[from] move: Knock Off|[of] p2b: Regigigas\n|move|p2a: Weezing|Sludge Bomb|p1b: Incineroar\n|-damage|p1b: Incineroar|58/100\n|move|p1a: Indeedee|Trick Room|p1a: Indeedee\n|-fieldstart|move: Trick Room|[of] p1a: Indeedee\n|\n|-damage|p1a: Indeedee|76/100 psn|[from] psn\n|upkeep\n|turn|3\n|\n|t:|1775594135\n|move|p1a: Indeedee|Follow Me|p1a: Indeedee\n|-singleturn|p1a: Indeedee|move: Follow Me\n|move|p2a: Weezing|Sludge Bomb|p1a: Indeedee\n|-damage|p1a: Indeedee|46/100 psn\n|move|p1b: Incineroar|Knock Off|p2a: Weezing\n|-resisted|p2a: Weezing\n|-damage|p2a: Weezing|83/100\n|-enditem|p2a: Weezing|Sitrus Berry|[from] move: Knock Off|[of] p1b: Incineroar\n|move|p2b: Regigigas|Knock Off|p1a: Indeedee\n|-supereffective|p1a: Indeedee\n|-damage|p1a: Indeedee|0 fnt\n|-enditem|p1a: Indeedee|Psychic Seed|[from] move: Knock Off|[of] p2b: Regigigas\n|faint|p1a: Indeedee\n|\n|upkeep\n|\n|t:|1775594146\n|switch|p1a: Kyogre|Kyogre, L50|100/100\n|turn|4\n|\n|t:|1775594152\n|move|p2a: Weezing|Poison Gas|p1a: Kyogre|[spread] p1a,p1b\n|-status|p1a: Kyogre|psn\n|-status|p1b: Incineroar|psn\n|move|p1b: Incineroar|Flare Blitz|p2a: Weezing\n|-damage|p2a: Weezing|39/100\n|-damage|p1b: Incineroar|46/100 psn|[from] Recoil\n|move|p2b: Regigigas|Knock Off|p1a: Kyogre\n|-damage|p1a: Kyogre|57/100 psn\n|-enditem|p1a: Kyogre|Choice Scarf|[from] move: Knock Off|[of] p2b: Regigigas\n|move|p1a: Kyogre|Water Spout|p2b: Regigigas|[spread] p2a,p2b\n|-crit|p2b: Regigigas\n|-damage|p2a: Weezing|8/100\n|-damage|p2b: Regigigas|57/100\n|\n|-damage|p1b: Incineroar|33/100 psn|[from] psn\n|-damage|p1a: Kyogre|45/100 psn|[from] psn\n|upkeep\n|turn|5\n|-message|Kdc1223 forfeited.\n|\n|win|Harry Koekenpan\n|raw|Kdc1223's rating: 1317 &rarr; <strong>1301</strong><br />(-16 for losing)\n|raw|Harry Koekenpan's rating: 1393 &rarr; <strong>1409</strong><br />(+16 for winning)\n|l|\u2606Harry Koekenpan\n|player|p2|\n|l|\u2606Kdc1223\n|player|p1|\n","uploadtime":1775594165,"views":20,"formatid":"gen9vgc2026regi","rating":1301,"private":0,"password":null}