{"id":"gen9vgc2026regi-2564470629","format":"[Gen 9] VGC 2026 Reg I","players":["bullgod4ever","chenxiangruxie"],"log":"|j|\u2606bullgod4ever\n|j|\u2606chenxiangruxie\n|t:|1774149724\n|gametype|doubles\n|player|p1|bullgod4ever|169|1500\n|player|p2|chenxiangruxie|dawn-gen4pt|1540\n|gen|9\n|tier|[Gen 9] VGC 2026 Reg I\n|rated|\n|rule|Species Clause: Limit one of each Pok\u00e9mon\n|rule|Item Clause: Limit 1 of each item\n|clearpoke\n|poke|p1|Brute Bonnet, L50|\n|poke|p1|Lunala, L50|\n|poke|p1|Flutter Mane, L50|\n|poke|p1|Landorus, L50, M|\n|poke|p1|Incineroar, L50, M|\n|poke|p1|Koraidon, L50|\n|poke|p2|Tornadus, L50, M|\n|poke|p2|Miraidon, L50|\n|poke|p2|Grimmsnarl, L50, M|\n|poke|p2|Urshifu-*, L50, M|\n|poke|p2|Calyrex-Ice, L50|\n|poke|p2|Landorus-Therian, L50, M|\n|teampreview|4\n|\n|t:|1774149780\n|teamsize|p1|4\n|teamsize|p2|4\n|start\n|switch|p1a: Flutter Mane|Flutter Mane, L50|100/100\n|switch|p1b: Koraidon|Koraidon, L50|100/100\n|switch|p2a: Tornadus|Tornadus, L50, M|100/100\n|switch|p2b: Urshifu|Urshifu-Rapid-Strike, L50, M|100/100\n|-weather|SunnyDay|[from] ability: Orichalcum Pulse|[of] p1b: Koraidon\n|-activate|p1a: Flutter Mane|ability: Protosynthesis\n|-start|p1a: Flutter Mane|protosynthesisspe\n|-activate|p1b: Koraidon|Orichalcum Pulse|[source]\n|turn|1\n|j| JERRY RIVERA\n|inactive|Battle timer is ON: inactive players will automatically lose when time's up. (requested by chenxiangruxie)\n|\n|t:|1774149817\n|-end|p1a: Flutter Mane|Protosynthesis|[silent]\n|switch|p1a: Brute Bonnet|Brute Bonnet, L50|100/100\n|-activate|p1a: Brute Bonnet|ability: Protosynthesis\n|-start|p1a: Brute Bonnet|protosynthesisdef\n|move|p2b: Urshifu|Protect|p2b: Urshifu\n|-singleturn|p2b: Urshifu|Protect\n|move|p1b: Koraidon|Close Combat|p2b: Urshifu\n|-activate|p2b: Urshifu|move: Protect\n|move|p2a: Tornadus|Bleakwind Storm|p1b: Koraidon|[spread] p1a,p1b\n|-supereffective|p1a: Brute Bonnet\n|-supereffective|p1b: Koraidon\n|-damage|p1a: Brute Bonnet|36/100\n|-damage|p1b: Koraidon|22/100\n|-enditem|p1a: Brute Bonnet|Sitrus Berry|[eat]\n|-heal|p1a: Brute Bonnet|61/100|[from] item: Sitrus Berry\n|\n|-weather|SunnyDay|[upkeep]\n|upkeep\n|turn|2\n|inactive|chenxiangruxie has 30 seconds left.\n|\n|t:|1774149852\n|switch|p2b: Miraidon|Miraidon, L50|100/100\n|-fieldstart|move: Electric Terrain|[from] ability: Hadron Engine|[of] p2b: Miraidon\n|move|p1a: Brute Bonnet|Rage Powder|p1a: Brute Bonnet\n|-singleturn|p1a: Brute Bonnet|move: Rage Powder\n|move|p1b: Koraidon|Close Combat|p2b: Miraidon\n|-damage|p2b: Miraidon|0 fnt\n|-unboost|p1b: Koraidon|def|1\n|-unboost|p1b: Koraidon|spd|1\n|faint|p2b: Miraidon\n|-damage|p1b: Koraidon|12/100|[from] item: Life Orb\n|move|p2a: Tornadus|Bleakwind Storm|p1a: Brute Bonnet|[spread] p1a\n|-miss|p2a: Tornadus|p1b: Koraidon\n|-supereffective|p1a: Brute Bonnet\n|-damage|p1a: Brute Bonnet|0 fnt\n|faint|p1a: Brute Bonnet\n|-end|p1a: Brute Bonnet|Protosynthesis|[silent]\n|\n|-weather|SunnyDay|[upkeep]\n|upkeep\n|\n|t:|1774149876\n|switch|p2b: Urshifu|Urshifu-Rapid-Strike, L50, M|100/100\n|switch|p1a: Lunala|Lunala, L50|100/100\n|turn|3\n|\n|t:|1774149893\n|-terastallize|p1a: Lunala|Water\n|move|p2b: Urshifu|Protect|p2b: Urshifu\n|-singleturn|p2b: Urshifu|Protect\n|move|p1b: Koraidon|Close Combat|p2b: Urshifu\n|-activate|p2b: Urshifu|move: Protect\n|move|p2a: Tornadus|Bleakwind Storm|p1b: Koraidon|[spread] p1a,p1b\n|-supereffective|p1b: Koraidon\n|-damage|p1a: Lunala|88/100\n|-damage|p1b: Koraidon|0 fnt\n|faint|p1b: Koraidon\n|move|p1a: Lunala|Meteor Beam||[still]\n|-prepare|p1a: Lunala|Meteor Beam\n|-boost|p1a: Lunala|spa|1\n|-enditem|p1a: Lunala|Power Herb\n|-anim|p1a: Lunala|Meteor Beam|p2a: Tornadus\n|-supereffective|p2a: Tornadus\n|-enditem|p2a: Tornadus|Focus Sash\n|-damage|p2a: Tornadus|1/100\n|\n|-weather|SunnyDay|[upkeep]\n|upkeep\n|\n|t:|1774149912\n|switch|p1b: Flutter Mane|Flutter Mane, L50|100/100\n|-activate|p1b: Flutter Mane|ability: Protosynthesis\n|-start|p1b: Flutter Mane|protosynthesisspe\n|turn|4\n|\n|t:|1774149921\n|-terastallize|p2b: Urshifu|Normal\n|move|p2a: Tornadus|Rain Dance|p2a: Tornadus\n|-weather|RainDance\n|-end|p1b: Flutter Mane|Protosynthesis\n|move|p1b: Flutter Mane|Icy Wind|p2a: Tornadus|[spread] p2a,p2b\n|-supereffective|p2a: Tornadus\n|-damage|p2a: Tornadus|0 fnt\n|-damage|p2b: Urshifu|79/100\n|-unboost|p2b: Urshifu|spe|1\n|faint|p2a: Tornadus\n|move|p1a: Lunala|Moongeist Beam|p2b: Urshifu\n|-immune|p2b: Urshifu\n|move|p2b: Urshifu|Surging Strikes|p1b: Flutter Mane\n|-crit|p1b: Flutter Mane\n|-damage|p1b: Flutter Mane|14/100\n|-crit|p1b: Flutter Mane\n|-damage|p1b: Flutter Mane|0 fnt\n|faint|p1b: Flutter Mane\n|-end|p1b: Flutter Mane|Protosynthesis|[silent]\n|-hitcount|p1: Flutter Mane|2\n|-damage|p2b: Urshifu|69/100|[from] item: Life Orb\n|\n|-weather|RainDance|[upkeep]\n|upkeep\n|\n|t:|1774149939\n|switch|p2a: Calyrex|Calyrex-Ice, L50|100/100\n|-ability|p2a: Calyrex|As One\n|-ability|p2a: Calyrex|Unnerve\n|turn|5\n|c|\u2606bullgod4ever|Literally never seen that gg.\n|\n|t:|1774149957\n|move|p1a: Lunala|Moongeist Beam|p2a: Calyrex\n|-supereffective|p2a: Calyrex\n|-damage|p2a: Calyrex|0 fnt\n|faint|p2a: Calyrex\n|move|p2b: Urshifu|Close Combat|p1a: Lunala\n|-damage|p1a: Lunala|17/100\n|-unboost|p2b: Urshifu|def|1\n|-unboost|p2b: Urshifu|spd|1\n|-damage|p2b: Urshifu|59/100|[from] item: Life Orb\n|\n|-weather|RainDance|[upkeep]\n|upkeep\n|turn|6\n|\n|t:|1774149973\n|move|p1a: Lunala|Meteor Beam||[still]\n|-prepare|p1a: Lunala|Meteor Beam\n|-boost|p1a: Lunala|spa|1\n|move|p2b: Urshifu|Close Combat|p1a: Lunala\n|-damage|p1a: Lunala|0 fnt\n|-unboost|p2b: Urshifu|def|1\n|-unboost|p2b: Urshifu|spd|1\n|faint|p1a: Lunala\n|-damage|p2b: Urshifu|49/100|[from] item: Life Orb\n|\n|win|chenxiangruxie\n|raw|bullgod4ever's rating: 1500 &rarr; <strong>1482</strong><br />(-18 for losing)\n|raw|chenxiangruxie's rating: 1540 &rarr; <strong>1558</strong><br />(+18 for winning)\n|c|\u2606chenxiangruxie|hhhhh\n|c|\u2606chenxiangruxie|thank\n|c|\u2606bullgod4ever|Is that good? Or just closed team sheet cheese?\n|l|\u2606chenxiangruxie\n|player|p2|\n|c|\u2606bullgod4ever|Like literally i have never seen tera normal ursh i dont think haha\n|l|\u2606bullgod4ever\n|player|p1|\n","uploadtime":1774150109,"views":24,"formatid":"gen9vgc2026regi","rating":1482,"private":0,"password":null}