{"id":"gen9vgc2026regi-2579186428","format":"[Gen 9] VGC 2026 Reg I","players":["Rose Gold Joint","fernsthedruids"],"log":"|j|\u2606Rose Gold Joint\n|j|\u2606fernsthedruids\n|t:|1775758883\n|gametype|doubles\n|player|p1|Rose Gold Joint|102|1535\n|player|p2|fernsthedruids|170|1573\n|gen|9\n|tier|[Gen 9] VGC 2026 Reg I\n|rated|\n|rule|Species Clause: Limit one of each Pok\u00e9mon\n|rule|Item Clause: Limit 1 of each item\n|clearpoke\n|poke|p1|Zacian-*, L50|\n|poke|p1|Garganacl, L50, F|\n|poke|p1|Rillaboom, L50, F|\n|poke|p1|Terapagos, L50, M|\n|poke|p1|Landorus, L50, M|\n|poke|p1|Raging Bolt, L50|\n|poke|p2|Kyogre, L50|\n|poke|p2|Calyrex-Ice, L50|\n|poke|p2|Raging Bolt, L50|\n|poke|p2|Tornadus, L50, M|\n|poke|p2|Incineroar, L50, M|\n|poke|p2|Amoonguss, L50, F|\n|teampreview|4\n|\n|t:|1775758918\n|teamsize|p1|4\n|teamsize|p2|4\n|start\n|switch|p1a: Terapagos|Terapagos, L50, M|100/100\n|switch|p1b: Rillaboom|Rillaboom, L50, F|100/100\n|switch|p2a: Incineroar|Incineroar, L50, M|100/100\n|switch|p2b: Kyogre|Kyogre, L50|100/100\n|-activate|p1a: Terapagos|ability: Tera Shift\n|detailschange|p1a: Terapagos|Terapagos-Terastal, L50, M\n|-heal|p1a: Terapagos|100/100|[silent]\n|-weather|RainDance|[from] ability: Drizzle|[of] p2b: Kyogre\n|-fieldstart|move: Grassy Terrain|[from] ability: Grassy Surge|[of] p1b: Rillaboom\n|-ability|p2a: Incineroar|Intimidate|boost\n|-unboost|p1a: Terapagos|atk|1\n|-unboost|p1b: Rillaboom|atk|1\n|turn|1\n|\n|t:|1775758931\n|switch|p2b: Amoonguss|Amoonguss, L50, F|100/100\n|move|p1b: Rillaboom|Fake Out|p2b: Amoonguss\n|-damage|p2b: Amoonguss|92/100\n|move|p2a: Incineroar|Fake Out|p1a: Terapagos\n|-activate|p1a: Terapagos|ability: Tera Shell\n|-resisted|p1a: Terapagos\n|-damage|p1a: Terapagos|96/100\n|cant|p1a: Terapagos|flinch\n|\n|-weather|RainDance|[upkeep]\n|-heal|p1a: Terapagos|100/100|[from] Grassy Terrain\n|-heal|p2b: Amoonguss|98/100|[from] Grassy Terrain\n|upkeep\n|turn|2\n|j| Tarifa Zero\n|\n|t:|1775758945\n|switch|p1a: Garganacl|Garganacl, L50, F, shiny|100/100\n|move|p1b: Rillaboom|U-turn|p2b: Amoonguss\n|-crit|p2b: Amoonguss\n|-damage|p2b: Amoonguss|63/100\n|\n|t:|1775758955\n|switch|p1b: Landorus|Landorus, L50, M|100/100|[from] U-turn\n|move|p2a: Incineroar|Will-O-Wisp|p1b: Landorus\n|-status|p1b: Landorus|brn\n|move|p2b: Amoonguss|Spore|p1a: Garganacl\n|-immune|p1a: Garganacl|[from] ability: Purifying Salt\n|\n|-weather|RainDance|[upkeep]\n|-heal|p2b: Amoonguss|69/100|[from] Grassy Terrain\n|-damage|p1b: Landorus|94/100 brn|[from] brn\n|upkeep\n|turn|3\n|\n|t:|1775758974\n|-terastallize|p2a: Incineroar|Bug\n|move|p2b: Amoonguss|Protect|p2b: Amoonguss\n|-singleturn|p2b: Amoonguss|Protect\n|move|p1b: Landorus|Sandsear Storm|p2b: Amoonguss|[spread] p2a\n|-activate|p2b: Amoonguss|move: Protect\n|-resisted|p2a: Incineroar\n|-damage|p2a: Incineroar|81/100\n|move|p2a: Incineroar|Parting Shot|p1b: Landorus\n|-unboost|p1b: Landorus|atk|1\n|-unboost|p1b: Landorus|spa|1\n|\n|t:|1775758986\n|switch|p2a: Kyogre|Kyogre, L50|100/100|[from] Parting Shot\n|move|p1a: Garganacl|Salt Cure|p2a: Kyogre\n|-damage|p2a: Kyogre|86/100\n|-start|p2a: Kyogre|Salt Cure\n|\n|-weather|RainDance|[upkeep]\n|-heal|p2a: Kyogre|93/100|[from] Grassy Terrain\n|-heal|p2b: Amoonguss|75/100|[from] Grassy Terrain\n|-damage|p1b: Landorus|88/100 brn|[from] brn\n|-damage|p2a: Kyogre|68/100|[from] Salt Cure\n|upkeep\n|turn|4\n|\n|t:|1775758998\n|move|p1a: Garganacl|Wide Guard|p1a: Garganacl\n|-singleturn|p1a: Garganacl|Wide Guard\n|move|p1b: Landorus|Sandsear Storm|p2a: Kyogre|[spread] p2a,p2b\n|-damage|p2a: Kyogre|47/100\n|-damage|p2b: Amoonguss|51/100\n|move|p2a: Kyogre|Origin Pulse|p1a: Garganacl|[spread] \n|-activate|p1a: Garganacl|move: Wide Guard\n|-activate|p1b: Landorus|move: Wide Guard\n|move|p2b: Amoonguss|Pollen Puff|p2a: Kyogre\n|-heal|p2a: Kyogre|97/100\n|\n|-weather|RainDance|[upkeep]\n|-heal|p2a: Kyogre|100/100|[from] Grassy Terrain\n|-heal|p2b: Amoonguss|57/100|[from] Grassy Terrain\n|-damage|p1b: Landorus|82/100 brn|[from] brn\n|-damage|p2a: Kyogre|75/100|[from] Salt Cure\n|upkeep\n|turn|5\n|\n|t:|1775759038\n|move|p1b: Landorus|Sandsear Storm|p2a: Kyogre|[spread] p2a,p2b\n|-damage|p2a: Kyogre|54/100\n|-damage|p2b: Amoonguss|35/100\n|-enditem|p2b: Amoonguss|Sitrus Berry|[eat]\n|-heal|p2b: Amoonguss|60/100|[from] item: Sitrus Berry\n|move|p2a: Kyogre|Hydro Pump|p1a: Garganacl|[miss]\n|-miss|p2a: Kyogre|p1a: Garganacl\n|move|p2b: Amoonguss|Pollen Puff|p2a: Kyogre\n|-heal|p2a: Kyogre|100/100\n|move|p1a: Garganacl|Salt Cure|p2b: Amoonguss\n|-damage|p2b: Amoonguss|48/100\n|-start|p2b: Amoonguss|Salt Cure\n|\n|-weather|none\n|-heal|p2b: Amoonguss|53/100|[from] Grassy Terrain\n|-damage|p1b: Landorus|76/100 brn|[from] brn\n|-damage|p2a: Kyogre|75/100|[from] Salt Cure\n|-damage|p2b: Amoonguss|41/100|[from] Salt Cure\n|-fieldend|move: Grassy Terrain\n|upkeep\n|turn|6\n|\n|t:|1775759057\n|switch|p1b: Terapagos|Terapagos-Terastal, L50, M|100/100\n|switch|p2a: Calyrex|Calyrex-Ice, L50|100/100\n|-ability|p2a: Calyrex|As One\n|-ability|p2a: Calyrex|Unnerve\n|switch|p2b: Incineroar|Incineroar, L50, M, tera:Bug|81/100\n|-ability|p2b: Incineroar|Intimidate|boost\n|-unboost|p1a: Garganacl|atk|1\n|-unboost|p1b: Terapagos|atk|1\n|move|p1a: Garganacl|Protect||[still]\n|-fail|p1a: Garganacl\n|\n|upkeep\n|turn|7\n|\n|t:|1775759079\n|switch|p2a: Amoonguss|Amoonguss, L50, F|74/100\n|move|p2b: Incineroar|Fake Out|p1b: Terapagos\n|-activate|p1b: Terapagos|ability: Tera Shell\n|-resisted|p1b: Terapagos\n|-damage|p1b: Terapagos|97/100\n|cant|p1b: Terapagos|flinch\n|move|p1a: Garganacl|Salt Cure|p2a: Amoonguss\n|-damage|p2a: Amoonguss|66/100\n|-start|p2a: Amoonguss|Salt Cure\n|\n|-heal|p1b: Terapagos|100/100|[from] item: Leftovers\n|-damage|p2a: Amoonguss|54/100|[from] Salt Cure\n|upkeep\n|turn|8\n|\n|t:|1775759097\n|switch|p1b: Landorus|Landorus, L50, M|76/100 brn\n|move|p2b: Incineroar|Will-O-Wisp|p1a: Garganacl\n|-immune|p1a: Garganacl|[from] ability: Purifying Salt\n|move|p2a: Amoonguss|Spore||[still]\n|-fail|p2a: Amoonguss\n|move|p1a: Garganacl|Salt Cure|p2b: Incineroar\n|-supereffective|p2b: Incineroar\n|-damage|p2b: Incineroar|66/100\n|-start|p2b: Incineroar|Salt Cure\n|\n|-damage|p1b: Landorus|70/100 brn|[from] brn\n|-damage|p2b: Incineroar|54/100|[from] Salt Cure\n|-damage|p2a: Amoonguss|42/100|[from] Salt Cure\n|upkeep\n|turn|9\n|\n|t:|1775759156\n|move|p2a: Amoonguss|Protect|p2a: Amoonguss\n|-singleturn|p2a: Amoonguss|Protect\n|move|p1b: Landorus|Sandsear Storm|p2a: Amoonguss|[spread] p2b\n|-activate|p2a: Amoonguss|move: Protect\n|-resisted|p2b: Incineroar\n|-crit|p2b: Incineroar\n|-damage|p2b: Incineroar|23/100\n|move|p2b: Incineroar|Parting Shot|p1b: Landorus\n|-unboost|p1b: Landorus|atk|1\n|-unboost|p1b: Landorus|spa|1\n|\n|t:|1775759165\n|switch|p2b: Kyogre|Kyogre, L50|75/100|[from] Parting Shot\n|-weather|RainDance|[from] ability: Drizzle|[of] p2b: Kyogre\n|move|p1a: Garganacl|Salt Cure|p2b: Kyogre\n|-damage|p2b: Kyogre|66/100\n|-start|p2b: Kyogre|Salt Cure\n|\n|-weather|RainDance|[upkeep]\n|-damage|p1b: Landorus|64/100 brn|[from] brn\n|-damage|p2b: Kyogre|41/100|[from] Salt Cure\n|-damage|p2a: Amoonguss|29/100|[from] Salt Cure\n|upkeep\n|turn|10\n|\n|t:|1775759183\n|switch|p1b: Terapagos|Terapagos-Terastal, L50, M|100/100\n|switch|p2a: Calyrex|Calyrex-Ice, L50|100/100\n|-ability|p2a: Calyrex|As One\n|-ability|p2a: Calyrex|Unnerve\n|switch|p1a: Rillaboom|Rillaboom, L50, F|100/100\n|-fieldstart|move: Grassy Terrain|[from] ability: Grassy Surge|[of] p1a: Rillaboom\n|move|p2b: Kyogre|Hydro Pump|p1a: Rillaboom|[miss]\n|-miss|p2b: Kyogre|p1a: Rillaboom\n|\n|-weather|RainDance|[upkeep]\n|-heal|p2b: Kyogre|47/100|[from] Grassy Terrain\n|-damage|p2b: Kyogre|22/100|[from] Salt Cure\n|upkeep\n|turn|11\n|c|\u2606fernsthedruids|hitting moves is for casuals lol\n|\n|t:|1775759207\n|switch|p2b: Incineroar|Incineroar, L50, M, tera:Bug|23/100\n|-ability|p2b: Incineroar|Intimidate|boost\n|-unboost|p1a: Rillaboom|atk|1\n|-unboost|p1b: Terapagos|atk|1\n|move|p1a: Rillaboom|Fake Out|p2a: Calyrex\n|-damage|p2a: Calyrex|94/100\n|move|p1b: Terapagos|Calm Mind|p1b: Terapagos\n|-boost|p1b: Terapagos|spa|1\n|-boost|p1b: Terapagos|spd|1\n|cant|p2a: Calyrex|flinch\n|\n|-weather|RainDance|[upkeep]\n|-heal|p2b: Incineroar|29/100|[from] Grassy Terrain\n|-heal|p2a: Calyrex|99/100|[from] Grassy Terrain\n|upkeep\n|turn|12\n|\n|t:|1775759226\n|switch|p1a: Garganacl|Garganacl, L50, F, shiny|100/100\n|move|p2b: Incineroar|Fake Out|p1b: Terapagos\n|-activate|p1b: Terapagos|ability: Tera Shell\n|-resisted|p1b: Terapagos\n|-damage|p1b: Terapagos|96/100\n|cant|p1b: Terapagos|flinch\n|move|p2a: Calyrex|Glacial Lance|p1a: Garganacl|[spread] p1a,p1b\n|-damage|p1a: Garganacl|64/100\n|-damage|p1b: Terapagos|50/100\n|\n|-weather|RainDance|[upkeep]\n|-heal|p1b: Terapagos|56/100|[from] Grassy Terrain\n|-heal|p1b: Terapagos|62/100|[from] item: Leftovers\n|-heal|p2b: Incineroar|35/100|[from] Grassy Terrain\n|-heal|p2a: Calyrex|100/100|[from] Grassy Terrain\n|-heal|p1a: Garganacl|70/100|[from] Grassy Terrain\n|upkeep\n|turn|13\n|j| Drascend\n|\n|t:|1775759293\n|move|p1b: Terapagos|Protect|p1b: Terapagos\n|-singleturn|p1b: Terapagos|Protect\n|move|p2b: Incineroar|Parting Shot|p1b: Terapagos\n|-activate|p1b: Terapagos|move: Protect\n|move|p2a: Calyrex|Glacial Lance|p1a: Garganacl|[spread] p1a\n|-activate|p1b: Terapagos|move: Protect\n|-damage|p1a: Garganacl|32/100\n|move|p1a: Garganacl|Recover|p1a: Garganacl\n|-heal|p1a: Garganacl|82/100\n|\n|-weather|none\n|-heal|p1b: Terapagos|68/100|[from] Grassy Terrain\n|-heal|p1b: Terapagos|74/100|[from] item: Leftovers\n|-heal|p2b: Incineroar|41/100|[from] Grassy Terrain\n|-heal|p1a: Garganacl|88/100|[from] Grassy Terrain\n|upkeep\n|turn|14\n|\n|t:|1775759328\n|move|p2a: Calyrex|Protect|p2a: Calyrex\n|-singleturn|p2a: Calyrex|Protect\n|move|p1b: Terapagos|Calm Mind|p1b: Terapagos\n|-boost|p1b: Terapagos|spa|1\n|-boost|p1b: Terapagos|spd|1\n|move|p2b: Incineroar|Parting Shot|p1b: Terapagos\n|-unboost|p1b: Terapagos|atk|1\n|-unboost|p1b: Terapagos|spa|1\n|\n|t:|1775759337\n|switch|p2b: Amoonguss|Amoonguss, L50, F|62/100|[from] Parting Shot\n|move|p1a: Garganacl|Salt Cure|p2b: Amoonguss\n|-damage|p2b: Amoonguss|50/100\n|-start|p2b: Amoonguss|Salt Cure\n|\n|-heal|p1b: Terapagos|80/100|[from] Grassy Terrain\n|-heal|p1b: Terapagos|86/100|[from] item: Leftovers\n|-heal|p2b: Amoonguss|56/100|[from] Grassy Terrain\n|-heal|p1a: Garganacl|94/100|[from] Grassy Terrain\n|-damage|p2b: Amoonguss|44/100|[from] Salt Cure\n|-fieldend|move: Grassy Terrain\n|upkeep\n|turn|15\n|\n|t:|1775759349\n|switch|p2b: Incineroar|Incineroar, L50, M, tera:Bug|41/100\n|-ability|p2b: Incineroar|Intimidate|boost\n|-unboost|p1a: Garganacl|atk|1\n|-unboost|p1b: Terapagos|atk|1\n|move|p1b: Terapagos|Protect|p1b: Terapagos\n|-singleturn|p1b: Terapagos|Protect\n|move|p1a: Garganacl|Salt Cure|p2a: Calyrex\n|-supereffective|p2a: Calyrex\n|-damage|p2a: Calyrex|88/100\n|-start|p2a: Calyrex|Salt Cure\n|move|p2a: Calyrex|Trick Room|p2a: Calyrex\n|-fieldstart|move: Trick Room|[of] p2a: Calyrex\n|\n|-heal|p1b: Terapagos|92/100|[from] item: Leftovers\n|-damage|p2a: Calyrex|76/100|[from] Salt Cure\n|upkeep\n|turn|16\n|\n|t:|1775759368\n|move|p1a: Garganacl|Wide Guard|p1a: Garganacl\n|-singleturn|p1a: Garganacl|Wide Guard\n|move|p2a: Calyrex|Glacial Lance|p1a: Garganacl|[spread] \n|-activate|p1a: Garganacl|move: Wide Guard\n|-activate|p1b: Terapagos|move: Wide Guard\n|move|p2b: Incineroar|Parting Shot|p1b: Terapagos\n|-unboost|p1b: Terapagos|atk|1\n|-unboost|p1b: Terapagos|spa|1\n|\n|t:|1775759371\n|switch|p2b: Amoonguss|Amoonguss, L50, F|77/100|[from] Parting Shot\n|move|p1b: Terapagos|Tera Starstorm|p2a: Calyrex\n|-damage|p2a: Calyrex|41/100\n|\n|-heal|p1b: Terapagos|98/100|[from] item: Leftovers\n|-damage|p2a: Calyrex|29/100|[from] Salt Cure\n|upkeep\n|turn|17\n|l| Drascend\n|\n|t:|1775759390\n|switch|p2a: Kyogre|Kyogre, L50|22/100\n|-weather|RainDance|[from] ability: Drizzle|[of] p2a: Kyogre\n|move|p1b: Terapagos|Protect|p1b: Terapagos\n|-singleturn|p1b: Terapagos|Protect\n|move|p1a: Garganacl|Salt Cure|p2b: Amoonguss\n|-damage|p2b: Amoonguss|67/100\n|-start|p2b: Amoonguss|Salt Cure\n|move|p2b: Amoonguss|Pollen Puff|p2a: Kyogre\n|-heal|p2a: Kyogre|72/100\n|\n|-weather|RainDance|[upkeep]\n|-heal|p1b: Terapagos|100/100|[from] item: Leftovers\n|-damage|p2b: Amoonguss|55/100|[from] Salt Cure\n|upkeep\n|turn|18\n|\n|t:|1775759420\n|switch|p2b: Incineroar|Incineroar, L50, M, tera:Bug|41/100\n|-ability|p2b: Incineroar|Intimidate|boost\n|-unboost|p1a: Garganacl|atk|1\n|-unboost|p1b: Terapagos|atk|1\n|move|p1a: Garganacl|Protect|p1a: Garganacl\n|-singleturn|p1a: Garganacl|Protect\n|move|p1b: Terapagos|Calm Mind|p1b: Terapagos\n|-boost|p1b: Terapagos|spa|1\n|-boost|p1b: Terapagos|spd|1\n|move|p2a: Kyogre|Hydro Pump|p1a: Garganacl\n|-activate|p1a: Garganacl|move: Protect\n|\n|-weather|RainDance|[upkeep]\n|upkeep\n|turn|19\n|j| Deremx\n|\n|t:|1775759443\n|move|p1a: Garganacl|Wide Guard|p1a: Garganacl\n|-singleturn|p1a: Garganacl|Wide Guard\n|move|p2b: Incineroar|Fake Out|p1b: Terapagos\n|-activate|p1b: Terapagos|ability: Tera Shell\n|-resisted|p1b: Terapagos\n|-damage|p1b: Terapagos|96/100\n|cant|p1b: Terapagos|flinch\n|move|p2a: Kyogre|Hydro Pump|p1a: Garganacl\n|-supereffective|p1a: Garganacl\n|-damage|p1a: Garganacl|0 fnt\n|faint|p1a: Garganacl\n|\n|-weather|RainDance|[upkeep]\n|-heal|p1b: Terapagos|100/100|[from] item: Leftovers\n|-fieldend|move: Trick Room\n|upkeep\n|l| Deremx\n|j| Deremx\n|\n|t:|1775759459\n|switch|p1a: Landorus|Landorus, L50, M|64/100 brn\n|turn|20\n|l| Deremx\n|\n|t:|1775759469\n|-terastallize|p1b: Terapagos|Stellar\n|detailschange|p1b: Terapagos|Terapagos-Stellar, L50, M, tera:Stellar\n|-heal|p1b: Terapagos|100/100|[silent]\n|-ability|p1b: Terapagos|Teraform Zero\n|-weather|none\n|move|p1a: Landorus|Earth Power|p2a: Kyogre\n|-damage|p2a: Kyogre|36/100\n|move|p2a: Kyogre|Origin Pulse|p1b: Terapagos|[spread] p1b\n|-miss|p2a: Kyogre|p1a: Landorus\n|-damage|p1b: Terapagos|87/100\n|move|p1b: Terapagos|Tera Starstorm|p2a: Kyogre|[spread] p2a,p2b\n|-supereffective|p2b: Incineroar\n|-damage|p2a: Kyogre|0 fnt\n|-damage|p2b: Incineroar|0 fnt\n|faint|p2a: Kyogre\n|faint|p2b: Incineroar\n|\n|-heal|p1b: Terapagos|93/100|[from] item: Leftovers\n|-damage|p1a: Landorus|58/100 brn|[from] brn\n|upkeep\n|c|\u2606fernsthedruids|the game does NOT like me\n|\n|t:|1775759488\n|switch|p2a: Amoonguss|Amoonguss, L50, F|88/100\n|switch|p2b: Calyrex|Calyrex-Ice, L50|29/100\n|-ability|p2b: Calyrex|As One\n|-ability|p2b: Calyrex|Unnerve\n|turn|21\n|\n|t:|1775759513\n|move|p1b: Terapagos|Protect|p1b: Terapagos\n|-singleturn|p1b: Terapagos|Protect\n|move|p2a: Amoonguss|Rage Powder|p2a: Amoonguss\n|-singleturn|p2a: Amoonguss|move: Rage Powder\n|move|p1a: Landorus|Earth Power|p2a: Amoonguss\n|-damage|p2a: Amoonguss|45/100\n|move|p2b: Calyrex|Trick Room|p2b: Calyrex\n|-fieldstart|move: Trick Room|[of] p2b: Calyrex\n|\n|-heal|p1b: Terapagos|99/100|[from] item: Leftovers\n|-damage|p1a: Landorus|52/100 brn|[from] brn\n|upkeep\n|turn|22\n|\n|t:|1775759528\n|move|p2b: Calyrex|Glacial Lance|p1a: Landorus|[spread] p1a,p1b\n|-supereffective|p1a: Landorus\n|-damage|p1a: Landorus|0 fnt\n|-damage|p1b: Terapagos|63/100\n|faint|p1a: Landorus\n|-ability|p2b: Calyrex|Chilling Neigh|boost\n|-boost|p2b: Calyrex|atk|1\n|move|p2a: Amoonguss|Spore|p1b: Terapagos\n|-status|p1b: Terapagos|slp|[from] move: Spore\n|cant|p1b: Terapagos|slp\n|\n|-heal|p1b: Terapagos|69/100 slp|[from] item: Leftovers\n|upkeep\n|\n|t:|1775759532\n|switch|p1a: Rillaboom|Rillaboom, L50, F|100/100\n|-fieldstart|move: Grassy Terrain|[from] ability: Grassy Surge|[of] p1a: Rillaboom\n|turn|23\n|\n|t:|1775759538\n|move|p1a: Rillaboom|Fake Out|p2b: Calyrex\n|-damage|p2b: Calyrex|19/100\n|cant|p2b: Calyrex|flinch\n|move|p2a: Amoonguss|Pollen Puff|p2b: Calyrex\n|-heal|p2b: Calyrex|69/100\n|cant|p1b: Terapagos|slp\n|\n|-heal|p2b: Calyrex|75/100|[from] Grassy Terrain\n|-heal|p2a: Amoonguss|51/100|[from] Grassy Terrain\n|-heal|p1b: Terapagos|75/100 slp|[from] Grassy Terrain\n|-heal|p1b: Terapagos|81/100 slp|[from] item: Leftovers\n|upkeep\n|turn|24\n|\n|t:|1775759552\n|move|p1a: Rillaboom|Grassy Glide|p2b: Calyrex\n|-damage|p2b: Calyrex|53/100\n|move|p2b: Calyrex|Glacial Lance|p1b: Terapagos|[spread] p1a,p1b\n|-supereffective|p1a: Rillaboom\n|-damage|p1a: Rillaboom|0 fnt\n|-damage|p1b: Terapagos|29/100 slp\n|faint|p1a: Rillaboom\n|-ability|p2b: Calyrex|Chilling Neigh|boost\n|-boost|p2b: Calyrex|atk|1\n|move|p2a: Amoonguss|Pollen Puff|p2b: Calyrex\n|-heal|p2b: Calyrex|100/100\n|-curestatus|p1b: Terapagos|slp|[msg]\n|move|p1b: Terapagos|Tera Starstorm|p2b: Calyrex|[spread] p2a,p2b\n|-crit|p2b: Calyrex\n|-damage|p2a: Amoonguss|3/100\n|-damage|p2b: Calyrex|48/100\n|\n|-heal|p2b: Calyrex|54/100|[from] Grassy Terrain\n|-heal|p2a: Amoonguss|9/100|[from] Grassy Terrain\n|-heal|p1b: Terapagos|35/100|[from] Grassy Terrain\n|-heal|p1b: Terapagos|41/100|[from] item: Leftovers\n|upkeep\n|turn|25\n|\n|t:|1775759571\n|move|p1b: Terapagos|Protect|p1b: Terapagos\n|-singleturn|p1b: Terapagos|Protect\n|move|p2b: Calyrex|Glacial Lance|p1b: Terapagos\n|-activate|p1b: Terapagos|move: Protect\n|move|p2a: Amoonguss|Pollen Puff|p2b: Calyrex\n|-heal|p2b: Calyrex|100/100\n|\n|-heal|p2a: Amoonguss|15/100|[from] Grassy Terrain\n|-heal|p1b: Terapagos|47/100|[from] Grassy Terrain\n|-heal|p1b: Terapagos|53/100|[from] item: Leftovers\n|-fieldend|move: Trick Room\n|upkeep\n|turn|26\n|\n|t:|1775759576\n|move|p2a: Amoonguss|Protect|p2a: Amoonguss\n|-singleturn|p2a: Amoonguss|Protect\n|move|p1b: Terapagos|Tera Starstorm|p2b: Calyrex|[spread] p2b\n|-activate|p2a: Amoonguss|move: Protect\n|-damage|p2b: Calyrex|62/100\n|move|p2b: Calyrex|Trick Room|p2b: Calyrex\n|-fieldstart|move: Trick Room|[of] p2b: Calyrex\n|\n|-heal|p2b: Calyrex|68/100|[from] Grassy Terrain\n|-heal|p2a: Amoonguss|20/100|[from] Grassy Terrain\n|-heal|p1b: Terapagos|59/100|[from] Grassy Terrain\n|-heal|p1b: Terapagos|65/100|[from] item: Leftovers\n|upkeep\n|turn|27\n|\n|t:|1775759587\n|move|p2b: Calyrex|Glacial Lance|p1b: Terapagos\n|-damage|p1b: Terapagos|0 fnt\n|faint|p1b: Terapagos\n|detailschange|p1: Terapagos|Terapagos, L50, M|[silent]\n|\n|win|fernsthedruids\n|raw|Rose Gold Joint's rating: 1535 &rarr; <strong>1517</strong><br />(-18 for losing)\n|raw|fernsthedruids's rating: 1573 &rarr; <strong>1591</strong><br />(+18 for winning)\n|c|\u2606fernsthedruids|gg\n|l| Tarifa Zero\n|c|\u2606Rose Gold Joint|Gg\n|c|\u2606fernsthedruids|I love hydro pump\n|c|\u2606fernsthedruids|oh wait\n|c|\u2606fernsthedruids|maybe not\n|l|\u2606Rose Gold Joint\n|player|p1|\n|l|\u2606fernsthedruids\n|player|p2|\n","uploadtime":1775759840,"views":12,"formatid":"gen9vgc2026regi","rating":1517,"private":0,"password":null}