{"id":"gen9vgc2026regi-2561931564","format":"[Gen 9] VGC 2026 Reg I","players":["DontFuckWithMeBro","myminiman"],"log":"|j|\u2606DontFuckWithMeBro\n|j|\u2606myminiman\n|t:|1773855787\n|gametype|doubles\n|player|p1|DontFuckWithMeBro|1|1348\n|player|p2|myminiman|101|1356\n|gen|9\n|tier|[Gen 9] VGC 2026 Reg I\n|rated|\n|rule|Species Clause: Limit one of each Pok\u00e9mon\n|rule|Item Clause: Limit 1 of each item\n|clearpoke\n|poke|p1|Miraidon, L50|\n|poke|p1|Ursaluna, L50, F|\n|poke|p1|Drifblim, L50, F|\n|poke|p1|Calyrex-Ice, L50|\n|poke|p1|Incineroar, L50, M|\n|poke|p1|Ogerpon-Wellspring, L50, F|\n|poke|p2|Ogerpon-Cornerstone, L50, F|\n|poke|p2|Koraidon, L50|\n|poke|p2|Lunala, L50|\n|poke|p2|Flutter Mane, L50|\n|poke|p2|Chi-Yu, L50|\n|poke|p2|Brute Bonnet, L50|\n|teampreview|4\n|inactive|Battle timer is ON: inactive players will automatically lose when time's up. (requested by DontFuckWithMeBro)\n|inactive|myminiman has 60 seconds left.\n|\n|t:|1773855868\n|teamsize|p1|4\n|teamsize|p2|4\n|start\n|switch|p1a: Drifblim|Drifblim, L50, F|100/100\n|switch|p1b: Miraidon|Miraidon, L50|100/100\n|switch|p2a: Lunala|Lunala, L50|100/100\n|switch|p2b: Ogerpon|Ogerpon-Cornerstone, L50, F|100/100\n|-fieldstart|move: Electric Terrain|[from] ability: Hadron Engine|[of] p1b: Miraidon\n|-enditem|p1a: Drifblim|Electric Seed\n|-boost|p1a: Drifblim|def|1|[from] item: Electric Seed\n|turn|1\n|inactive|DontFuckWithMeBro has 30 seconds left.\n|inactive|DontFuckWithMeBro has 20 seconds left.\n|\n|t:|1773855904\n|-terastallize|p1a: Drifblim|Dark\n|move|p2b: Ogerpon|Follow Me|p2b: Ogerpon\n|-singleturn|p2b: Ogerpon|move: Follow Me\n|move|p1a: Drifblim|Will-O-Wisp|p2b: Ogerpon|[miss]\n|-miss|p1a: Drifblim|p2b: Ogerpon\n|move|p1b: Miraidon|Electro Drift|p2b: Ogerpon\n|-resisted|p2b: Ogerpon\n|-damage|p2b: Ogerpon|20/100\n|-damage|p1b: Miraidon|91/100|[from] item: Life Orb\n|move|p2a: Lunala|Meteor Beam||[still]\n|-prepare|p2a: Lunala|Meteor Beam\n|-boost|p2a: Lunala|spa|1\n|-enditem|p2a: Lunala|Power Herb\n|-anim|p2a: Lunala|Meteor Beam|p1a: Drifblim\n|-damage|p1a: Drifblim|28/100\n|\n|upkeep\n|turn|2\n|inactive|myminiman has 30 seconds left.\n|inactive|myminiman has 20 seconds left.\n|\n|t:|1773855940\n|move|p2b: Ogerpon|Spiky Shield|p2b: Ogerpon\n|-singleturn|p2b: Ogerpon|move: Protect\n|move|p1a: Drifblim|Tailwind|p1a: Drifblim\n|-sidestart|p1: DontFuckWithMeBro|move: Tailwind\n|move|p1b: Miraidon|Volt Switch|p2b: Ogerpon\n|-activate|p2b: Ogerpon|move: Protect\n|move|p2a: Lunala|Moongeist Beam|p1b: Miraidon\n|-damage|p1b: Miraidon|12/100\n|\n|upkeep\n|turn|3\n|\n|t:|1773855955\n|move|p2b: Ogerpon|Follow Me|p2b: Ogerpon\n|-singleturn|p2b: Ogerpon|move: Follow Me\n|move|p1a: Drifblim|Air Slash|p2b: Ogerpon\n|-damage|p2b: Ogerpon|0 fnt\n|faint|p2b: Ogerpon\n|move|p1b: Miraidon|Volt Switch|p2a: Lunala\n|-damage|p2a: Lunala|64/100\n|-damage|p1b: Miraidon|2/100|[from] item: Life Orb\n|\n|t:|1773855959\n|switch|p1b: Incineroar|Incineroar, L50, M|100/100|[from] Volt Switch\n|-ability|p1b: Incineroar|Intimidate|boost\n|-unboost|p2a: Lunala|atk|1\n|move|p2a: Lunala|Moongeist Beam|p1a: Drifblim\n|-resisted|p1a: Drifblim\n|-damage|p1a: Drifblim|0 fnt\n|faint|p1a: Drifblim\n|\n|upkeep\n|\n|t:|1773855966\n|switch|p2b: Koraidon|Koraidon, L50|100/100\n|switch|p1a: Miraidon|Miraidon, L50|2/100\n|-activate|p1a: Miraidon|ability: Hadron Engine\n|-weather|SunnyDay|[from] ability: Orichalcum Pulse|[of] p2b: Koraidon\n|-activate|p2b: Koraidon|Orichalcum Pulse|[source]\n|turn|4\n|inactive|myminiman has 30 seconds left.\n|inactive|myminiman has 20 seconds left.\n|inactive|myminiman has 15 seconds left.\n|\n|t:|1773856010\n|move|p2b: Koraidon|Protect|p2b: Koraidon\n|-singleturn|p2b: Koraidon|Protect\n|move|p1a: Miraidon|Draco Meteor|p2b: Koraidon\n|-activate|p2b: Koraidon|move: Protect\n|move|p1b: Incineroar|Flare Blitz|p2a: Lunala\n|-damage|p2a: Lunala|9/100\n|-status|p2a: Lunala|brn\n|-damage|p1b: Incineroar|79/100|[from] Recoil\n|move|p2a: Lunala|Moongeist Beam|p1a: Miraidon\n|-damage|p1a: Miraidon|0 fnt\n|faint|p1a: Miraidon\n|\n|-weather|SunnyDay|[upkeep]\n|-damage|p2a: Lunala|3/100 brn|[from] brn\n|upkeep\n|\n|t:|1773856013\n|switch|p1a: Calyrex|Calyrex-Ice, L50|100/100\n|-ability|p1a: Calyrex|As One\n|-ability|p1a: Calyrex|Unnerve\n|turn|5\n|inactive|myminiman has 30 seconds left.\n|\n|t:|1773856046\n|-terastallize|p2b: Koraidon|Fire\n|move|p2b: Koraidon|Flare Blitz|p1a: Calyrex\n|-supereffective|p1a: Calyrex\n|-damage|p1a: Calyrex|0 fnt\n|faint|p1a: Calyrex\n|-damage|p2b: Koraidon|62/100|[from] Recoil\n|-damage|p2b: Koraidon|52/100|[from] item: Life Orb\n|move|p1b: Incineroar|Knock Off|p2a: Lunala\n|-supereffective|p2a: Lunala\n|-damage|p2a: Lunala|0 fnt\n|faint|p2a: Lunala\n|\n|-weather|SunnyDay|[upkeep]\n|-sideend|p1: DontFuckWithMeBro|move: Tailwind\n|-fieldend|move: Electric Terrain\n|upkeep\n|-message|DontFuckWithMeBro forfeited.\n|\n|win|myminiman\n|raw|DontFuckWithMeBro's rating: 1348 &rarr; <strong>1328</strong><br />(-20 for losing)\n|raw|myminiman's rating: 1356 &rarr; <strong>1376</strong><br />(+20 for winning)\n|l|\u2606DontFuckWithMeBro\n|player|p1|\n|l|\u2606myminiman\n|player|p2|\n","uploadtime":1773856050,"views":12,"formatid":"gen9vgc2026regi","rating":1328,"private":0,"password":null}