{"id":"gen9vgc2026regi-2567869245","format":"[Gen 9] VGC 2026 Reg I","players":["swordsdanceurshifu","SMK_1106"],"log":"|j|\u2606swordsdanceurshifu\n|j|\u2606SMK_1106\n|t:|1774529119\n|gametype|doubles\n|player|p1|swordsdanceurshifu|169|1391\n|player|p2|SMK_1106|265|1285\n|gen|9\n|tier|[Gen 9] VGC 2026 Reg I\n|rated|\n|rule|Species Clause: Limit one of each Pok\u00e9mon\n|rule|Item Clause: Limit 1 of each item\n|clearpoke\n|poke|p1|Miraidon, L50|\n|poke|p1|Calyrex-Ice, L50|\n|poke|p1|Dondozo, L50, F|\n|poke|p1|Tatsugiri-Droopy, L50, F|\n|poke|p1|Weezing, L50, M|\n|poke|p1|Incineroar, L50, M|\n|poke|p2|Calyrex-Shadow, L50|\n|poke|p2|Incineroar, L50, F|\n|poke|p2|Urshifu-*, L50, M|\n|poke|p2|Rillaboom, L50, F|\n|poke|p2|Farigiraf, L50, M|\n|poke|p2|Raging Bolt, L50|\n|teampreview|4\n|inactive|Battle timer is ON: inactive players will automatically lose when time's up. (requested by swordsdanceurshifu)\n|inactive|swordsdanceurshifu has 60 seconds left.\n|\n|t:|1774529156\n|teamsize|p1|4\n|teamsize|p2|4\n|start\n|switch|p1a: Miraidon|Miraidon, L50|100/100\n|switch|p1b: Goobnut|Weezing, L50, M|100/100\n|switch|p2a: Incineroar|Incineroar, L50, F, shiny|100/100\n|switch|p2b: Calyrex|Calyrex-Shadow, L50|100/100\n|-ability|p1b: Goobnut|Neutralizing Gas\n|-block|p1a: Miraidon|item: Ability Shield\n|-ability|p2b: Calyrex|As One\n|-ability|p2b: Calyrex|Unnerve\n|-fieldstart|move: Electric Terrain|[from] ability: Hadron Engine|[of] p1a: Miraidon\n|turn|1\n|\n|t:|1774529167\n|move|p1a: Miraidon|Protect|p1a: Miraidon\n|-singleturn|p1a: Miraidon|Protect\n|move|p2a: Incineroar|Fake Out|p1a: Miraidon\n|-activate|p1a: Miraidon|move: Protect\n|move|p2b: Calyrex|Nasty Plot|p2b: Calyrex\n|-boost|p2b: Calyrex|spa|2\n|move|p1b: Goobnut|Poison Gas|p2b: Calyrex|[spread] p2a,p2b\n|-status|p2a: Incineroar|psn\n|-status|p2b: Calyrex|psn\n|\n|-damage|p2b: Calyrex|88/100 psn|[from] psn\n|-damage|p2a: Incineroar|88/100 psn|[from] psn\n|upkeep\n|turn|2\n|inactive|swordsdanceurshifu has 30 seconds left.\n|\n|t:|1774529199\n|switch|p1a: Raw|Tatsugiri-Droopy, L50, F|100/100\n|-end|p1b: Goobnut|ability: Neutralizing Gas\n|-ability|p2a: Incineroar|Intimidate|boost\n|-unboost|p1a: Raw|atk|1\n|-unboost|p1b: Goobnut|atk|1\n|switch|p1b: Sheist|Dondozo, L50, F|100/100\n|-activate|p1a: Raw|ability: Commander|[of] p1b: Sheist\n|-boost|p1b: Sheist|atk|2\n|-boost|p1b: Sheist|spa|2\n|-boost|p1b: Sheist|spe|2\n|-boost|p1b: Sheist|def|2\n|-boost|p1b: Sheist|spd|2\n|move|p2a: Incineroar|Helping Hand|p2b: Calyrex\n|-singleturn|p2b: Calyrex|Helping Hand|[of] p2a: Incineroar\n|move|p2b: Calyrex|Astral Barrage|p1a: Raw|[spread] p1b\n|-miss|p2b: Calyrex|p1a: Raw\n|-damage|p1b: Sheist|72/100\n|\n|-heal|p1b: Sheist|78/100|[from] item: Leftovers\n|-damage|p2b: Calyrex|75/100 psn|[from] psn\n|-damage|p2a: Incineroar|76/100 psn|[from] psn\n|upkeep\n|turn|3\n|inactive|SMK_1106 has 30 seconds left.\n|\n|t:|1774529226\n|switch|p2a: Rillaboom|Rillaboom, L50, F|100/100\n|-fieldstart|move: Grassy Terrain|[from] ability: Grassy Surge|[of] p2a: Rillaboom\n|-terastallize|p2b: Calyrex|Water\n|move|p2b: Calyrex|Nasty Plot|p2b: Calyrex\n|-boost|p2b: Calyrex|spa|2\n|move|p1b: Sheist|Body Press|p2a: Rillaboom\n|-damage|p2a: Rillaboom|65/100\n|\n|-heal|p2b: Calyrex|82/100 psn|[from] Grassy Terrain\n|-heal|p1b: Sheist|84/100|[from] Grassy Terrain\n|-heal|p1b: Sheist|91/100|[from] item: Leftovers\n|-heal|p2a: Rillaboom|70/100|[from] Grassy Terrain\n|-damage|p2b: Calyrex|69/100 psn|[from] psn\n|upkeep\n|turn|4\n|\n|t:|1774529241\n|move|p1b: Sheist|Protect|p1b: Sheist\n|-singleturn|p1b: Sheist|Protect\n|move|p2a: Rillaboom|Fake Out|p1b: Sheist\n|-activate|p1b: Sheist|move: Protect\n|move|p2b: Calyrex|Nasty Plot|p2b: Calyrex\n|-boost|p2b: Calyrex|spa|2\n|\n|-heal|p2b: Calyrex|75/100 psn|[from] Grassy Terrain\n|-heal|p1b: Sheist|97/100|[from] Grassy Terrain\n|-heal|p1b: Sheist|100/100|[from] item: Leftovers\n|-heal|p2a: Rillaboom|76/100|[from] Grassy Terrain\n|-damage|p2b: Calyrex|63/100 psn|[from] psn\n|upkeep\n|turn|5\n|\n|t:|1774529248\n|-terastallize|p1b: Sheist|Grass\n|move|p2a: Rillaboom|Grassy Glide|p1b: Sheist\n|-resisted|p1b: Sheist\n|-damage|p1b: Sheist|94/100\n|move|p2b: Calyrex|Astral Barrage|p1a: Raw|[spread] p1b\n|-miss|p2b: Calyrex|p1a: Raw\n|-damage|p1b: Sheist|76/100\n|move|p1b: Sheist|Order Up|p2b: Calyrex\n|-crit|p2b: Calyrex\n|-damage|p2b: Calyrex|0 fnt\n|faint|p2b: Calyrex\n|-boost|p1b: Sheist|def|1\n|\n|-heal|p1b: Sheist|83/100|[from] Grassy Terrain\n|-heal|p1b: Sheist|89/100|[from] item: Leftovers\n|-heal|p2a: Rillaboom|82/100|[from] Grassy Terrain\n|upkeep\n|\n|t:|1774529263\n|switch|p2b: Raging Bolt|Raging Bolt, L50|100/100\n|-enditem|p2b: Raging Bolt|Booster Energy\n|-activate|p2b: Raging Bolt|ability: Protosynthesis|[fromitem]\n|-start|p2b: Raging Bolt|protosynthesisspa\n|turn|6\n|\n|t:|1774529271\n|move|p2b: Raging Bolt|Protect|p2b: Raging Bolt\n|-singleturn|p2b: Raging Bolt|Protect\n|move|p1b: Sheist|Order Up|p2b: Raging Bolt\n|-activate|p2b: Raging Bolt|move: Protect\n|move|p2a: Rillaboom|U-turn|p1b: Sheist\n|-supereffective|p1b: Sheist\n|-damage|p1b: Sheist|76/100\n|\n|t:|1774529277\n|switch|p2a: Incineroar|Incineroar, L50, F, shiny|76/100 psn|[from] U-turn\n|-ability|p2a: Incineroar|Intimidate|boost\n|-unboost|p1a: Raw|atk|1\n|-unboost|p1b: Sheist|atk|1\n|\n|-heal|p1b: Sheist|83/100|[from] Grassy Terrain\n|-heal|p1b: Sheist|89/100|[from] item: Leftovers\n|-heal|p2a: Incineroar|82/100 psn|[from] Grassy Terrain\n|-damage|p2a: Incineroar|69/100 psn|[from] psn\n|upkeep\n|turn|7\n|\n|t:|1774529283\n|move|p1b: Sheist|Protect|p1b: Sheist\n|-singleturn|p1b: Sheist|Protect\n|move|p2b: Raging Bolt|Dragon Pulse|p1b: Sheist\n|-activate|p1b: Sheist|move: Protect\n|move|p2a: Incineroar|Knock Off|p1b: Sheist\n|-activate|p1b: Sheist|move: Protect\n|\n|-heal|p1b: Sheist|95/100|[from] Grassy Terrain\n|-heal|p1b: Sheist|100/100|[from] item: Leftovers\n|-heal|p2a: Incineroar|75/100 psn|[from] Grassy Terrain\n|-damage|p2a: Incineroar|63/100 psn|[from] psn\n|-fieldend|move: Grassy Terrain\n|upkeep\n|turn|8\n|\n|t:|1774529292\n|move|p2a: Incineroar|Helping Hand|p2b: Raging Bolt\n|-singleturn|p2b: Raging Bolt|Helping Hand|[of] p2a: Incineroar\n|move|p1b: Sheist|Body Press|p2a: Incineroar\n|-supereffective|p2a: Incineroar\n|-damage|p2a: Incineroar|0 fnt\n|faint|p2a: Incineroar\n|move|p2b: Raging Bolt|Dragon Pulse|p1b: Sheist\n|-damage|p1b: Sheist|64/100\n|\n|-heal|p1b: Sheist|71/100|[from] item: Leftovers\n|upkeep\n|\n|t:|1774529300\n|switch|p2a: Rillaboom|Rillaboom, L50, F|82/100\n|-fieldstart|move: Grassy Terrain|[from] ability: Grassy Surge|[of] p2a: Rillaboom\n|turn|9\n|-message|SMK_1106 forfeited.\n|\n|win|swordsdanceurshifu\n|raw|swordsdanceurshifu's rating: 1391 &rarr; <strong>1405</strong><br />(+14 for winning)\n|raw|SMK_1106's rating: 1285 &rarr; <strong>1267</strong><br />(-18 for losing)\n|l|\u2606SMK_1106\n|player|p2|\n|l|\u2606swordsdanceurshifu\n|player|p1|\n","uploadtime":1774529565,"views":10,"formatid":"gen9vgc2026regi","rating":1267,"private":0,"password":null}