{"id":"gen9vgc2026regi-2570890994","format":"[Gen 9] VGC 2026 Reg I","players":["D4RKEVA","bigpezzy"],"log":"|j|\u2606D4RKEVA\n|j|\u2606bigpezzy\n|t:|1774865391\n|gametype|doubles\n|player|p1|D4RKEVA|170|1387\n|player|p2|bigpezzy|clay|1359\n|gen|9\n|tier|[Gen 9] VGC 2026 Reg I\n|rated|\n|rule|Species Clause: Limit one of each Pok\u00e9mon\n|rule|Item Clause: Limit 1 of each item\n|clearpoke\n|poke|p1|Lunala, L50|\n|poke|p1|Koraidon, L50|\n|poke|p1|Flutter Mane, L50|\n|poke|p1|Brute Bonnet, L50|\n|poke|p1|Chi-Yu, L50|\n|poke|p1|Ursaluna, L50, F|\n|poke|p2|Calyrex-Shadow, L50|\n|poke|p2|Zamazenta-*, L50|\n|poke|p2|Rillaboom, L50, F|\n|poke|p2|Urshifu-*, L50, F|\n|poke|p2|Tornadus, L50, M|\n|poke|p2|Chien-Pao, L50|\n|teampreview|4\n|inactive|Battle timer is ON: inactive players will automatically lose when time's up. (requested by bigpezzy)\nD4RKEVA rejected open team sheets.\n|c|\u2606bigpezzy|gl\n|inactive|bigpezzy has 60 seconds left.\n|c|\u2606D4RKEVA|u2\n|\n|t:|1774865445\n|teamsize|p1|4\n|teamsize|p2|4\n|start\n|switch|p1a: Clydeon|Koraidon, L50|100/100\n|switch|p1b: Flutter Mane|Flutter Mane, L50|100/100\n|switch|p2a: Chien-Pao|Chien-Pao, L50|100/100\n|switch|p2b: Zamazenta|Zamazenta-Crowned, L50|100/100\n|-weather|SunnyDay|[from] ability: Orichalcum Pulse|[of] p1a: Clydeon\n|-activate|p1b: Flutter Mane|ability: Protosynthesis\n|-start|p1b: Flutter Mane|protosynthesisspe\n|-activate|p1a: Clydeon|Orichalcum Pulse|[source]\n|-ability|p2a: Chien-Pao|Sword of Ruin\n|-ability|p2b: Zamazenta|Dauntless Shield|boost\n|-boost|p2b: Zamazenta|def|1\n|turn|1\n|inactive|bigpezzy has 30 seconds left.\n|\n|t:|1774865477\n|move|p1b: Flutter Mane|Protect|p1b: Flutter Mane\n|-singleturn|p1b: Flutter Mane|Protect\n|move|p1a: Clydeon|Protect|p1a: Clydeon\n|-singleturn|p1a: Clydeon|Protect\n|move|p2a: Chien-Pao|Icicle Crash|p1a: Clydeon\n|-activate|p1a: Clydeon|move: Protect\n|move|p2b: Zamazenta|Heavy Slam|p1b: Flutter Mane\n|-activate|p1b: Flutter Mane|move: Protect\n|\n|-weather|SunnyDay|[upkeep]\n|upkeep\n|turn|2\n|\n|t:|1774865490\n|-terastallize|p1a: Clydeon|Fire\n|move|p2b: Zamazenta|Protect|p2b: Zamazenta\n|-singleturn|p2b: Zamazenta|Protect\n|move|p2a: Chien-Pao|Sucker Punch|p1b: Flutter Mane\n|-enditem|p1b: Flutter Mane|Focus Sash\n|-damage|p1b: Flutter Mane|1/100\n|-damage|p2a: Chien-Pao|91/100|[from] item: Life Orb\n|move|p1b: Flutter Mane|Icy Wind|p2b: Zamazenta|[spread] p2a\n|-activate|p2b: Zamazenta|move: Protect\n|-resisted|p2a: Chien-Pao\n|-damage|p2a: Chien-Pao|79/100\n|-unboost|p2a: Chien-Pao|spe|1\n|move|p1a: Clydeon|Flame Charge|p2b: Zamazenta\n|-activate|p2b: Zamazenta|move: Protect\n|\n|-weather|SunnyDay|[upkeep]\n|upkeep\n|turn|3\n|\n|t:|1774865515\n|-end|p1b: Flutter Mane|Protosynthesis|[silent]\n|switch|p1b: Chi-Yu|Chi-Yu, L50|100/100\n|-ability|p1b: Chi-Yu|Beads of Ruin\n|-terastallize|p2b: Zamazenta|Dragon\n|move|p2a: Chien-Pao|Sucker Punch||[still]\n|-fail|p2a: Chien-Pao\n|move|p1a: Clydeon|Flame Charge|p2a: Chien-Pao\n|-supereffective|p2a: Chien-Pao\n|-damage|p2a: Chien-Pao|0 fnt\n|-boost|p1a: Clydeon|spe|1\n|faint|p2a: Chien-Pao\n|-damage|p1a: Clydeon|91/100|[from] item: Life Orb\n|move|p2b: Zamazenta|Body Press|p1a: Clydeon\n|-damage|p1a: Clydeon|29/100\n|\n|-weather|SunnyDay|[upkeep]\n|upkeep\n|\n|t:|1774865533\n|switch|p2a: Tornadus|Tornadus, L50, M|100/100\n|turn|4\n|\n|t:|1774865550\n|move|p2a: Tornadus|Tailwind|p2a: Tornadus\n|-sidestart|p2: bigpezzy|move: Tailwind\n|move|p2b: Zamazenta|Body Press|p1b: Chi-Yu\n|-supereffective|p1b: Chi-Yu\n|-damage|p1b: Chi-Yu|0 fnt\n|faint|p1b: Chi-Yu\n|move|p1a: Clydeon|Close Combat|p2b: Zamazenta\n|-damage|p2b: Zamazenta|57/100\n|-unboost|p1a: Clydeon|def|1\n|-unboost|p1a: Clydeon|spd|1\n|-damage|p1a: Clydeon|19/100|[from] item: Life Orb\n|\n|-weather|SunnyDay|[upkeep]\n|upkeep\n|\n|t:|1774865558\n|switch|p1b: Flutter Mane|Flutter Mane, L50|1/100\n|-activate|p1b: Flutter Mane|ability: Protosynthesis\n|-start|p1b: Flutter Mane|protosynthesisspe\n|turn|5\n|inactive|bigpezzy has 30 seconds left.\n|inactive|bigpezzy has 20 seconds left.\n|c|\u2606D4RKEVA|pls just end it and win\n|inactive|bigpezzy has 15 seconds left.\n|inactive|bigpezzy has 10 seconds left.\n|\n|t:|1774865604\n|move|p2a: Tornadus|Rain Dance|p2a: Tornadus\n|-weather|RainDance\n|-end|p1b: Flutter Mane|Protosynthesis\n|move|p2b: Zamazenta|Heavy Slam|p1b: Flutter Mane\n|-supereffective|p1b: Flutter Mane\n|-damage|p1b: Flutter Mane|0 fnt\n|faint|p1b: Flutter Mane\n|-end|p1b: Flutter Mane|Protosynthesis|[silent]\n|move|p1a: Clydeon|Flare Blitz|p2a: Tornadus\n|-damage|p2a: Tornadus|54/100\n|-damage|p1a: Clydeon|3/100|[from] Recoil\n|-damage|p1a: Clydeon|0 fnt|[from] item: Life Orb\n|faint|p1a: Clydeon\n|\n|-weather|RainDance|[upkeep]\n|upkeep\n|-message|D4RKEVA forfeited.\n|\n|win|bigpezzy\n|raw|D4RKEVA's rating: 1387 &rarr; <strong>1365</strong><br />(-22 for losing)\n|raw|bigpezzy's rating: 1359 &rarr; <strong>1381</strong><br />(+22 for winning)\n|l|\u2606D4RKEVA\n|player|p1|\n","uploadtime":1774865620,"views":1442,"formatid":"gen9vgc2026regi","rating":1365,"private":0,"password":null}