{"id":"gen9vgc2026regi-2556516789","format":"[Gen 9] VGC 2026 Reg I","players":["drive stone","lucio m"],"log":"|j|\u2606drive stone\n|j|\u2606lucio m\n|t:|1773219451\n|gametype|doubles\n|player|p1|drive stone|cilan|1482\n|player|p2|lucio m|170|1373\n|gen|9\n|tier|[Gen 9] VGC 2026 Reg I\n|rated|\n|rule|Species Clause: Limit one of each Pok\u00e9mon\n|rule|Item Clause: Limit 1 of each item\n|clearpoke\n|poke|p1|Regieleki, L50|\n|poke|p1|Calyrex-Shadow, L50|\n|poke|p1|Koraidon, L50|\n|poke|p1|Incineroar, L50, F|\n|poke|p1|Rillaboom, L50, M|\n|poke|p1|Volcarona, L50, F|\n|poke|p2|Reshiram, L50|\n|poke|p2|Zacian-*, L50|\n|poke|p2|Tornadus, L50, M|\n|poke|p2|Raging Bolt, L50|\n|poke|p2|Rillaboom, L50, F|\n|poke|p2|Landorus, L50, M|\n|teampreview|4\n|inactive|Battle timer is ON: inactive players will automatically lose when time's up. (requested by lucio m)\n|\n|t:|1773219481\n|teamsize|p1|4\n|teamsize|p2|4\n|start\n|switch|p1a: Incineroar|Incineroar, L50, F|100/100\n|switch|p1b: Regieleki|Regieleki, L50|100/100\n|switch|p2a: Reshiram|Reshiram, L50|100/100\n|switch|p2b: Tornadus|Tornadus, L50, M|100/100\n|-ability|p2a: Reshiram|Turboblaze\n|-ability|p1a: Incineroar|Intimidate|boost\n|-unboost|p2a: Reshiram|atk|1\n|-unboost|p2b: Tornadus|atk|1\n|turn|1\n|inactive|lucio m has 30 seconds left.\n|inactive|lucio m has 20 seconds left.\n|\n|t:|1773219516\n|move|p1a: Incineroar|Fake Out|p2a: Reshiram\n|-damage|p2a: Reshiram|91/100\n|move|p2b: Tornadus|Tailwind|p2b: Tornadus\n|-sidestart|p2: lucio m|move: Tailwind\n|move|p1b: Regieleki|Volt Switch|p2b: Tornadus\n|-supereffective|p2b: Tornadus\n|-damage|p2b: Tornadus|4/100\n|\n|t:|1773219526\n|switch|p1b: Calyrex|Calyrex-Shadow, L50|100/100|[from] Volt Switch\n|-ability|p1b: Calyrex|As One\n|-ability|p1b: Calyrex|Unnerve\n|cant|p2a: Reshiram|flinch\n|\n|upkeep\n|turn|2\n|\n|t:|1773219538\n|move|p1b: Calyrex|Protect|p1b: Calyrex\n|-singleturn|p1b: Calyrex|Protect\n|move|p2b: Tornadus|Bleakwind Storm|p1a: Incineroar|[spread] p1a\n|-activate|p1b: Calyrex|move: Protect\n|-damage|p1a: Incineroar|74/100\n|move|p2a: Reshiram|Shadow Ball|p1b: Calyrex\n|-activate|p1b: Calyrex|move: Protect\n|move|p1a: Incineroar|Parting Shot|p2a: Reshiram\n|-unboost|p2a: Reshiram|atk|1\n|-unboost|p2a: Reshiram|spa|1\n|\n|t:|1773219551\n|switch|p1a: Regieleki|Regieleki, L50|100/100|[from] Parting Shot\n|\n|upkeep\n|turn|3\n|inactive|lucio m has 30 seconds left.\n|\n|t:|1773219577\n|move|p2b: Tornadus|Sunny Day|p2b: Tornadus\n|-weather|SunnyDay\n|move|p1a: Regieleki|Electroweb|p2a: Reshiram|[spread] p2a,p2b\n|-resisted|p2a: Reshiram\n|-supereffective|p2b: Tornadus\n|-damage|p2a: Reshiram|85/100\n|-damage|p2b: Tornadus|0 fnt\n|-unboost|p2a: Reshiram|spe|1\n|faint|p2b: Tornadus\n|move|p1b: Calyrex|Astral Barrage|p2a: Reshiram\n|-damage|p2a: Reshiram|41/100\n|-damage|p1b: Calyrex|91/100|[from] item: Life Orb\n|move|p2a: Reshiram|Blue Flare|p1b: Calyrex\n|-damage|p1b: Calyrex|16/100\n|\n|-weather|SunnyDay|[upkeep]\n|upkeep\n|\n|t:|1773219596\n|switch|p2b: Landorus|Landorus, L50, M, shiny|100/100\n|turn|4\n|\n|t:|1773219616\n|move|p1b: Calyrex|Protect|p1b: Calyrex\n|-singleturn|p1b: Calyrex|Protect\n|move|p1a: Regieleki|Volt Switch|p2a: Reshiram\n|-resisted|p2a: Reshiram\n|-damage|p2a: Reshiram|31/100\n|\n|t:|1773219630\n|switch|p1a: Koraidon|Koraidon, L50|100/100|[from] Volt Switch\n|-activate|p1a: Koraidon|ability: Orichalcum Pulse\n|move|p2b: Landorus|Sandsear Storm|p1a: Koraidon|[spread] \n|-activate|p1b: Calyrex|move: Protect\n|-miss|p2b: Landorus|p1a: Koraidon\n|move|p2a: Reshiram|Earth Power|p1a: Koraidon\n|-damage|p1a: Koraidon|81/100\n|\n|-weather|SunnyDay|[upkeep]\n|-sideend|p2: lucio m|move: Tailwind\n|upkeep\n|turn|5\n|\n|t:|1773219649\n|switch|p2a: Zacian|Zacian-Crowned, L50, shiny|100/100\n|-ability|p2a: Zacian|Intrepid Sword|boost\n|-boost|p2a: Zacian|atk|1\n|-terastallize|p1a: Koraidon|Fire\n|move|p1b: Calyrex|Astral Barrage|p2a: Zacian|[spread] p2a,p2b\n|-damage|p2a: Zacian|47/100\n|-damage|p2b: Landorus|36/100\n|-damage|p1b: Calyrex|7/100|[from] item: Life Orb\n|move|p1a: Koraidon|Flare Blitz|p2b: Landorus\n|-damage|p2b: Landorus|0 fnt\n|faint|p2b: Landorus\n|-damage|p1a: Koraidon|70/100|[from] Recoil\n|\n|-weather|SunnyDay|[upkeep]\n|upkeep\n|\n|t:|1773219663\n|switch|p2b: Reshiram|Reshiram, L50|31/100\n|-ability|p2b: Reshiram|Turboblaze\n|turn|6\n|\n|t:|1773219682\n|switch|p1a: Incineroar|Incineroar, L50, F|74/100\n|-ability|p1a: Incineroar|Intimidate|boost\n|-unboost|p2a: Zacian|atk|1\n|-unboost|p2b: Reshiram|atk|1\n|move|p2a: Zacian|Tera Blast|p1b: Calyrex\n|-immune|p1b: Calyrex\n|move|p1b: Calyrex|Astral Barrage|p2b: Reshiram|[spread] p2a,p2b\n|-damage|p2a: Zacian|0 fnt\n|-damage|p2b: Reshiram|0 fnt\n|faint|p2a: Zacian\n|faint|p2b: Reshiram\n|-damage|p1b: Calyrex|0 fnt|[from] item: Life Orb\n|faint|p1b: Calyrex\n|\n|win|drive stone\n|raw|drive stone's rating: 1482 &rarr; <strong>1496</strong><br />(+14 for winning)\n|raw|lucio m's rating: 1373 &rarr; <strong>1359</strong><br />(-14 for losing)\n|l|\u2606lucio m\n|player|p2|\n","uploadtime":1773219842,"views":13,"formatid":"gen9vgc2026regi","rating":1359,"private":0,"password":null}