{"id":"gen9vgc2026regi-2565742094","format":"[Gen 9] VGC 2026 Reg I","players":["Dezmane","Mirthinion"],"log":"|j|\u2606Dezmane\n|j|\u2606Mirthinion\n|t:|1774300135\n|gametype|doubles\n|player|p1|Dezmane|265|1262\n|player|p2|Mirthinion|janitor|1377\n|gen|9\n|tier|[Gen 9] VGC 2026 Reg I\n|rated|\n|rule|Species Clause: Limit one of each Pok\u00e9mon\n|rule|Item Clause: Limit 1 of each item\n|clearpoke\n|poke|p1|Kyogre, L50|\n|poke|p1|Iron Bundle, L50|\n|poke|p1|Miraidon, L50|\n|poke|p1|Kingambit, L50, F|\n|poke|p1|Iron Moth, L50|\n|poke|p1|Scream Tail, L50|\n|poke|p2|Calyrex-Shadow, L50|\n|poke|p2|Zamazenta-*, L50|\n|poke|p2|Urshifu-*, L50, M|\n|poke|p2|Incineroar, L50, M|\n|poke|p2|Rillaboom, L50, M|\n|poke|p2|Tornadus, L50, M|\n|teampreview|4\n|inactive|Battle timer is ON: inactive players will automatically lose when time's up. (requested by Mirthinion)\n|inactive|Dezmane also wants the timer to be on.\nMirthinion rejected open team sheets.\n|\n|t:|1774300158\n|teamsize|p1|4\n|teamsize|p2|4\n|start\n|switch|p1a: Iron Bundle|Iron Bundle, L50|100/100\n|switch|p1b: Miraidon|Miraidon, L50|100/100\n|switch|p2a: Vangwe|Tornadus, L50, M|100/100\n|switch|p2b: Beowulf|Urshifu-Rapid-Strike, L50, M|100/100\n|-fieldstart|move: Electric Terrain|[from] ability: Hadron Engine|[of] p1b: Miraidon\n|-activate|p1a: Iron Bundle|ability: Quark Drive\n|-start|p1a: Iron Bundle|quarkdrivespe\n|turn|1\n|inactive|Dezmane has 30 seconds left.\n|inactive|Mirthinion has 30 seconds left.\n|inactive|Mirthinion has 20 seconds left.\n|inactive|Mirthinion has 15 seconds left.\n|\n|t:|1774300198\n|move|p2a: Vangwe|Tailwind|p2a: Vangwe\n|-sidestart|p2: Mirthinion|move: Tailwind\n|move|p2b: Beowulf|Close Combat|p1a: Iron Bundle\n|-supereffective|p1a: Iron Bundle\n|-enditem|p1a: Iron Bundle|Focus Sash\n|-damage|p1a: Iron Bundle|1/100\n|-unboost|p2b: Beowulf|def|1\n|-unboost|p2b: Beowulf|spd|1\n|move|p1a: Iron Bundle|Icy Wind|p2a: Vangwe|[spread] p2a,p2b\n|-supereffective|p2a: Vangwe\n|-resisted|p2b: Beowulf\n|-damage|p2a: Vangwe|59/100\n|-damage|p2b: Beowulf|77/100\n|-unboost|p2b: Beowulf|spe|1\n|move|p1b: Miraidon|Snarl|p2b: Beowulf|[spread] p2a,p2b\n|-resisted|p2b: Beowulf\n|-damage|p2a: Vangwe|40/100\n|-damage|p2b: Beowulf|54/100\n|-unboost|p2b: Beowulf|spa|1\n|\n|upkeep\n|turn|2\n|inactive|Dezmane has 30 seconds left.\n|inactive|Mirthinion has 30 seconds left.\n|inactive|Dezmane has 20 seconds left.\n|\n|t:|1774300237\n|-end|p1a: Iron Bundle|Quark Drive|[silent]\n|switch|p1a: Kingambit|Kingambit, L50, F|100/100\n|switch|p2b: Drambor|Zamazenta-Crowned, L50|100/100\n|-ability|p2b: Drambor|Dauntless Shield|boost\n|-boost|p2b: Drambor|def|1\n|move|p2a: Vangwe|Bleakwind Storm|p1b: Miraidon|[spread] p1a,p1b\n|-resisted|p1a: Kingambit\n|-resisted|p1b: Miraidon\n|-damage|p1a: Kingambit|84/100\n|-damage|p1b: Miraidon|85/100\n|move|p1b: Miraidon|Electro Drift|p2b: Drambor\n|-damage|p2b: Drambor|25/100\n|\n|upkeep\n|turn|3\n|inactive|Dezmane has 30 seconds left.\n|inactive|Mirthinion has 30 seconds left.\n|\n|t:|1774300269\n|switch|p2a: Beowulf|Urshifu-Rapid-Strike, L50, M|54/100\n|-terastallize|p1a: Kingambit|Fairy\n|move|p1a: Kingambit|Sucker Punch||[still]\n|-fail|p1a: Kingambit\n|move|p2b: Drambor|Body Press|p1a: Kingambit\n|-resisted|p1a: Kingambit\n|-damage|p1a: Kingambit|58/100\n|move|p1b: Miraidon|Electro Drift|p2b: Drambor\n|-damage|p2b: Drambor|0 fnt\n|faint|p2b: Drambor\n|\n|upkeep\n|\n|t:|1774300282\n|switch|p2b: Vangwe|Tornadus, L50, M|40/100\n|turn|4\n|inactive|Dezmane has 30 seconds left.\n|\n|t:|1774300314\n|move|p2b: Vangwe|Rain Dance|p2b: Vangwe\n|-weather|RainDance\n|move|p1a: Kingambit|Sucker Punch||[still]\n|-fail|p1a: Kingambit\n|move|p2a: Beowulf|Surging Strikes|p1a: Kingambit\n|-crit|p1a: Kingambit\n|-damage|p1a: Kingambit|23/100\n|-crit|p1a: Kingambit\n|-damage|p1a: Kingambit|0 fnt\n|faint|p1a: Kingambit\n|-end|p1a: Kingambit|fallenundefined|[silent]\n|-hitcount|p1: Kingambit|2\n|move|p1b: Miraidon|Electro Drift|p2a: Beowulf\n|-supereffective|p2a: Beowulf\n|-damage|p2a: Beowulf|0 fnt\n|faint|p2a: Beowulf\n|\n|-weather|RainDance|[upkeep]\n|-sideend|p2: Mirthinion|move: Tailwind\n|upkeep\n|\n|t:|1774300337\n|switch|p2a: Mithrandir|Calyrex-Shadow, L50|100/100\n|switch|p1a: Iron Bundle|Iron Bundle, L50|1/100\n|-ability|p2a: Mithrandir|As One\n|-ability|p2a: Mithrandir|Unnerve\n|-activate|p1a: Iron Bundle|ability: Quark Drive\n|-start|p1a: Iron Bundle|quarkdrivespe\n|turn|5\n|\n|t:|1774300354\n|move|p1a: Iron Bundle|Protect|p1a: Iron Bundle\n|-singleturn|p1a: Iron Bundle|Protect\n|move|p2b: Vangwe|Tailwind|p2b: Vangwe\n|-sidestart|p2: Mirthinion|move: Tailwind\n|move|p2a: Mithrandir|Astral Barrage|p1b: Miraidon|[spread] p1b\n|-activate|p1a: Iron Bundle|move: Protect\n|-damage|p1b: Miraidon|48/100\n|move|p1b: Miraidon|Snarl|p2a: Mithrandir|[spread] p2a,p2b\n|-supereffective|p2a: Mithrandir\n|-damage|p2a: Mithrandir|24/100\n|-damage|p2b: Vangwe|19/100\n|-unboost|p2a: Mithrandir|spa|1\n|\n|-weather|RainDance|[upkeep]\n|-fieldend|move: Electric Terrain\n|-end|p1a: Iron Bundle|Quark Drive\n|upkeep\n|turn|6\n|\n|t:|1774300378\n|-end|p1a: Iron Bundle|Quark Drive|[silent]\n|switch|p1a: Kyogre|Kyogre, L50|100/100\n|move|p2a: Mithrandir|Astral Barrage|p1a: Kyogre|[spread] p1a,p1b\n|-damage|p1a: Kyogre|86/100\n|-damage|p1b: Miraidon|22/100\n|move|p2b: Vangwe|Bleakwind Storm|p1a: Kyogre|[spread] p1a,p1b\n|-resisted|p1b: Miraidon\n|-damage|p1a: Kyogre|70/100\n|-damage|p1b: Miraidon|7/100\n|-unboost|p1a: Kyogre|spe|1\n|move|p1b: Miraidon|Snarl|p2b: Vangwe|[spread] p2a,p2b\n|-supereffective|p2a: Mithrandir\n|-damage|p2a: Mithrandir|0 fnt\n|-damage|p2b: Vangwe|5/100\n|faint|p2a: Mithrandir\n|\n|-weather|RainDance|[upkeep]\n|upkeep\n|turn|7\n|\n|t:|1774300399\n|move|p2b: Vangwe|Bleakwind Storm|p1b: Miraidon|[spread] p1a,p1b\n|-resisted|p1b: Miraidon\n|-damage|p1a: Kyogre|55/100\n|-damage|p1b: Miraidon|0 fnt\n|faint|p1b: Miraidon\n|move|p1a: Kyogre|Ice Beam|p2b: Vangwe\n|-supereffective|p2b: Vangwe\n|-damage|p2b: Vangwe|0 fnt\n|faint|p2b: Vangwe\n|\n|win|Dezmane\n|raw|Dezmane's rating: 1262 &rarr; <strong>1295</strong><br />(+33 for winning)\n|raw|Mirthinion's rating: 1377 &rarr; <strong>1351</strong><br />(-26 for losing)\n","uploadtime":1774300413,"views":114,"formatid":"gen9vgc2026regi","rating":1295,"private":0,"password":null}