{"id":"gen9vgc2026regi-2560529894","format":"[Gen 9] VGC 2026 Reg I","players":["kfjtdhynd","Shagrathisbeast"],"log":"|j|\u2606kfjtdhynd\n|j|\u2606Shagrathisbeast\n|t:|1773696341\n|gametype|doubles\n|player|p1|kfjtdhynd|2|1326\n|player|p2|Shagrathisbeast|steven|1413\n|gen|9\n|tier|[Gen 9] VGC 2026 Reg I\n|rated|\n|rule|Species Clause: Limit one of each Pok\u00e9mon\n|rule|Item Clause: Limit 1 of each item\n|clearpoke\n|poke|p1|Lunala, L50|\n|poke|p1|Zacian-*, L50|\n|poke|p1|Urshifu-*, L50, F|\n|poke|p1|Incineroar, L50, F|\n|poke|p1|Landorus, L50, M|\n|poke|p1|Tornadus, L50, M|\n|poke|p2|Miraidon, L50|\n|poke|p2|Lunala, L50|\n|poke|p2|Ogerpon-Hearthflame, L50, F|\n|poke|p2|Ursaluna, L50, F|\n|poke|p2|Incineroar, L50, M|\n|poke|p2|Iron Bundle, L50|\n|teampreview|4\nkfjtdhynd rejected open team sheets.\n|inactive|Battle timer is ON: inactive players will automatically lose when time's up. (requested by kfjtdhynd)\n|\n|t:|1773696375\n|teamsize|p1|4\n|teamsize|p2|4\n|start\n|switch|p1a: Lunala|Lunala, L50|100/100\n|switch|p1b: Landorus|Landorus, L50, M|100/100\n|switch|p2a: Iron Bundle|Iron Bundle, L50, shiny|100/100\n|switch|p2b: Miraidon|Miraidon, L50|100/100\n|-fieldstart|move: Electric Terrain|[from] ability: Hadron Engine|[of] p2b: Miraidon\n|-activate|p2a: Iron Bundle|ability: Quark Drive\n|-start|p2a: Iron Bundle|quarkdrivespe\n|turn|1\n|\n|t:|1773696397\n|move|p2a: Iron Bundle|Protect|p2a: Iron Bundle\n|-singleturn|p2a: Iron Bundle|Protect\n|move|p1b: Landorus|Protect|p1b: Landorus\n|-singleturn|p1b: Landorus|Protect\n|move|p2b: Miraidon|Volt Switch|p1a: Lunala\n|-damage|p1a: Lunala|69/100\n|\n|t:|1773696414\n|switch|p2b: Incineroar|Incineroar, L50, M|100/100|[from] Volt Switch\n|-ability|p2b: Incineroar|Intimidate|boost\n|-unboost|p1a: Lunala|atk|1\n|-unboost|p1b: Landorus|atk|1\n|move|p1a: Lunala|Meteor Beam||[still]\n|-prepare|p1a: Lunala|Meteor Beam\n|-boost|p1a: Lunala|spa|1\n|-enditem|p1a: Lunala|Power Herb\n|-anim|p1a: Lunala|Meteor Beam|p2a: Iron Bundle\n|-activate|p2a: Iron Bundle|move: Protect\n|\n|upkeep\n|turn|2\n|\n|t:|1773696435\n|-terastallize|p1b: Landorus|Ghost\n|move|p2b: Incineroar|Fake Out|p1b: Landorus\n|-immune|p1b: Landorus\n|move|p2a: Iron Bundle|Encore|p1a: Lunala\n|-start|p1a: Lunala|Encore\n|move|p1b: Landorus|Earth Power|p2b: Incineroar\n|-supereffective|p2b: Incineroar\n|-damage|p2b: Incineroar|25/100\n|move|p1a: Lunala|Meteor Beam||[still]\n|-prepare|p1a: Lunala|Meteor Beam\n|-boost|p1a: Lunala|spa|1\n|\n|upkeep\n|turn|3\n|inactive|Shagrathisbeast has 30 seconds left.\n|\n|t:|1773696460\n|move|p2a: Iron Bundle|Icy Wind|p1a: Lunala|[spread] p1b\n|-miss|p2a: Iron Bundle|p1a: Lunala\n|-damage|p1b: Landorus|73/100\n|-unboost|p1b: Landorus|spe|1\n|move|p1a: Lunala|Meteor Beam|p2a: Iron Bundle|[from] lockedmove\n|-supereffective|p2a: Iron Bundle\n|-enditem|p2a: Iron Bundle|Focus Sash\n|-damage|p2a: Iron Bundle|1/100\n|move|p1b: Landorus|Earth Power|p2b: Incineroar\n|-supereffective|p2b: Incineroar\n|-damage|p2b: Incineroar|0 fnt\n|faint|p2b: Incineroar\n|\n|upkeep\n|\n|t:|1773696474\n|switch|p2b: Lunala|Lunala, L50, shiny|100/100\n|turn|4\n|\n|t:|1773696484\n|switch|p1a: Incineroar|Incineroar, L50, F|100/100\n|-ability|p1a: Incineroar|Intimidate|boost\n|-unboost|p2a: Iron Bundle|atk|1\n|-unboost|p2b: Lunala|atk|1\n|move|p1b: Landorus|Protect|p1b: Landorus\n|-singleturn|p1b: Landorus|Protect\n|move|p2a: Iron Bundle|Icy Wind|p1b: Landorus|[spread] p1a\n|-activate|p1b: Landorus|move: Protect\n|-resisted|p1a: Incineroar\n|-damage|p1a: Incineroar|92/100\n|-unboost|p1a: Incineroar|spe|1\n|move|p2b: Lunala|Moongeist Beam|p1b: Landorus\n|-activate|p1b: Landorus|move: Protect\n|\n|upkeep\n|turn|5\n|\n|t:|1773696506\n|switch|p1b: Zacian|Zacian-Crowned, L50|100/100\n|-ability|p1b: Zacian|Intrepid Sword|boost\n|-boost|p1b: Zacian|atk|1\n|-terastallize|p2a: Iron Bundle|Ghost\n|move|p2a: Iron Bundle|Encore||[still]\n|-fail|p2a: Iron Bundle\n|move|p2b: Lunala|Meteor Beam||[still]\n|-prepare|p2b: Lunala|Meteor Beam\n|-boost|p2b: Lunala|spa|1\n|-enditem|p2b: Lunala|Power Herb\n|-anim|p2b: Lunala|Meteor Beam|p1a: Incineroar\n|-supereffective|p1a: Incineroar\n|-damage|p1a: Incineroar|0 fnt\n|faint|p1a: Incineroar\n|\n|-fieldend|move: Electric Terrain\n|-end|p2a: Iron Bundle|Quark Drive\n|upkeep\n|\n|t:|1773696517\n|switch|p1a: Landorus|Landorus, L50, M, tera:Ghost|73/100\n|turn|6\n|inactive|kfjtdhynd has 30 seconds left.\n|\n|t:|1773696549\n|move|p1b: Zacian|Protect|p1b: Zacian\n|-singleturn|p1b: Zacian|Protect\n|move|p2a: Iron Bundle|Protect|p2a: Iron Bundle\n|-singleturn|p2a: Iron Bundle|Protect\n|move|p1a: Landorus|Crunch|p2b: Lunala\n|-supereffective|p2b: Lunala\n|-damage|p2b: Lunala|50/100\n|move|p2b: Lunala|Moongeist Beam|p1b: Zacian\n|-activate|p1b: Zacian|move: Protect\n|\n|upkeep\n|turn|7\n|inactive|kfjtdhynd has 30 seconds left.\n|\n|t:|1773696583\n|switch|p1b: Lunala|Lunala, L50|69/100\n|switch|p2b: Miraidon|Miraidon, L50|100/100\n|-fieldstart|move: Electric Terrain|[from] ability: Hadron Engine|[of] p2b: Miraidon\n|-activate|p2a: Iron Bundle|ability: Quark Drive\n|-start|p2a: Iron Bundle|quarkdrivespe\n|move|p2a: Iron Bundle|Encore||[still]\n|-fail|p2a: Iron Bundle\n|move|p1a: Landorus|Crunch|p2a: Iron Bundle\n|-supereffective|p2a: Iron Bundle\n|-damage|p2a: Iron Bundle|0 fnt\n|faint|p2a: Iron Bundle\n|-end|p2a: Iron Bundle|Quark Drive|[silent]\n|\n|upkeep\n|\n|t:|1773696588\n|switch|p2a: Lunala|Lunala, L50, shiny|50/100\n|turn|8\n|\n|t:|1773696600\n|move|p2b: Miraidon|Electro Drift|p1a: Landorus\n|-damage|p1a: Landorus|0 fnt\n|faint|p1a: Landorus\n|move|p2a: Lunala|Moongeist Beam|p1b: Lunala\n|-supereffective|p1b: Lunala\n|-damage|p1b: Lunala|0 fnt\n|faint|p1b: Lunala\n|\n|upkeep\n|\n|t:|1773696603\n|switch|p1b: Zacian|Zacian-Crowned, L50|100/100\n|turn|9\n|\n|t:|1773696615\n|move|p1b: Zacian|Play Rough|p2b: Miraidon\n|-supereffective|p2b: Miraidon\n|-crit|p2b: Miraidon\n|-damage|p2b: Miraidon|0 fnt\n|faint|p2b: Miraidon\n|move|p2a: Lunala|Trick Room|p2a: Lunala\n|-fieldstart|move: Trick Room|[of] p2a: Lunala\n|\n|upkeep\n|turn|10\n|\n|t:|1773696620\n|move|p2a: Lunala|Moongeist Beam|p1b: Zacian\n|-damage|p1b: Zacian|51/100\n|move|p1b: Zacian|Behemoth Blade|p2a: Lunala\n|-damage|p2a: Lunala|10/100\n|\n|upkeep\n|turn|11\n|\n|t:|1773696624\n|move|p2a: Lunala|Moongeist Beam|p1b: Zacian\n|-damage|p1b: Zacian|0 fnt\n|faint|p1b: Zacian\n|\n|win|Shagrathisbeast\n|raw|kfjtdhynd's rating: 1326 &rarr; <strong>1311</strong><br />(-15 for losing)\n|raw|Shagrathisbeast's rating: 1413 &rarr; <strong>1428</strong><br />(+15 for winning)\n|l|\u2606kfjtdhynd\n|player|p1|\n|c|\u2606Shagrathisbeast|dude get the cheese out of here. Crunch tera ghost Lando smh\n|l|\u2606Shagrathisbeast\n|player|p2|\n","uploadtime":1773696801,"views":10,"formatid":"gen9vgc2026regi","rating":1311,"private":0,"password":null}