{"id":"gen9vgc2026regi-2552959835","format":"[Gen 9] VGC 2026 Reg I","players":["jpto5","cokguzzlerman"],"log":"|j|\u2606jpto5\n|j|\u2606cokguzzlerman\n|t:|1772775672\n|gametype|doubles\n|player|p1|jpto5|170|1196\n|player|p2|cokguzzlerman|1|1096\n|gen|9\n|tier|[Gen 9] VGC 2026 Reg I\n|rated|\n|rule|Species Clause: Limit one of each Pok\u00e9mon\n|rule|Item Clause: Limit 1 of each item\n|clearpoke\n|poke|p1|Tornadus, L50, M|\n|poke|p1|Kyogre, L50|\n|poke|p1|Zacian-*, L50|\n|poke|p1|Basculegion, L50, M|\n|poke|p1|Incineroar, L50, F|\n|poke|p1|Archaludon, L50, F|\n|poke|p2|Calyrex-Ice, L50|\n|poke|p2|Kyogre, L50|\n|poke|p2|Tornadus, L50, M|\n|poke|p2|Amoonguss, L50, F|\n|poke|p2|Scraggy, L50, F|\n|poke|p2|Ursaluna, L50, F|\n|teampreview|4\n|inactive|Battle timer is ON: inactive players will automatically lose when time's up. (requested by jpto5)\n|\n|t:|1772775698\n|teamsize|p1|4\n|teamsize|p2|4\n|start\n|switch|p1a: Tornadus|Tornadus, L50, M|100/100\n|switch|p1b: Kyogre|Kyogre, L50|100/100\n|switch|p2a: Ursaluna|Ursaluna, L50, F, shiny|100/100\n|switch|p2b: Calyrex|Calyrex-Ice, L50|100/100\n|-ability|p2b: Calyrex|As One\n|-ability|p2b: Calyrex|Unnerve\n|-weather|RainDance|[from] ability: Drizzle|[of] p1b: Kyogre\n|turn|1\n|\n|t:|1772775716\n|move|p2a: Ursaluna|Protect|p2a: Ursaluna\n|-singleturn|p2a: Ursaluna|Protect\n|move|p1a: Tornadus|Taunt|p2b: Calyrex\n|-start|p2b: Calyrex|move: Taunt\n|move|p1b: Kyogre|Water Spout|p2b: Calyrex|[spread] p2b\n|-activate|p2a: Ursaluna|move: Protect\n|-damage|p2b: Calyrex|23/100\n|move|p2b: Calyrex|Glacial Lance|p1b: Kyogre|[spread] p1a,p1b\n|-supereffective|p1a: Tornadus\n|-resisted|p1b: Kyogre\n|-enditem|p1a: Tornadus|Focus Sash\n|-damage|p1a: Tornadus|1/100\n|-damage|p1b: Kyogre|70/100\n|\n|-weather|RainDance|[upkeep]\n|-status|p2a: Ursaluna|brn|[from] item: Flame Orb\n|upkeep\n|turn|2\n|\n|t:|1772775734\n|switch|p2b: Amoonguss|Amoonguss, L50, F, shiny|100/100\n|-terastallize|p2a: Ursaluna|Normal\n|move|p1a: Tornadus|Bleakwind Storm|p2b: Amoonguss|[spread] p2a,p2b\n|-supereffective|p2b: Amoonguss\n|-damage|p2a: Ursaluna|71/100 brn\n|-damage|p2b: Amoonguss|31/100\n|move|p1b: Kyogre|Water Spout|p2a: Ursaluna|[spread] p2a,p2b\n|-resisted|p2b: Amoonguss\n|-damage|p2a: Ursaluna|10/100 brn\n|-damage|p2b: Amoonguss|0 fnt\n|faint|p2b: Amoonguss\n|move|p2a: Ursaluna|Facade|p1b: Kyogre\n|-damage|p1b: Kyogre|0 fnt\n|faint|p1b: Kyogre\n|\n|-weather|RainDance|[upkeep]\n|-damage|p2a: Ursaluna|4/100 brn|[from] brn\n|upkeep\n|\n|t:|1772775752\n|switch|p1b: Zacian|Zacian-Crowned, L50|100/100\n|switch|p2b: boy|Scraggy, L50, F|100/100\n|-ability|p1b: Zacian|Intrepid Sword|boost\n|-boost|p1b: Zacian|atk|1\n|-ability|p2b: boy|Intimidate|boost\n|-unboost|p1a: Tornadus|atk|1\n|-unboost|p1b: Zacian|atk|1\n|turn|3\n|inactive|jpto5 has 30 seconds left.\n|\n|t:|1772775780\n|move|p2b: boy|Fake Out|p1a: Tornadus\n|-damage|p1a: Tornadus|0 fnt\n|faint|p1a: Tornadus\n|move|p1b: Zacian|Sacred Sword|p2b: boy\n|-supereffective|p2b: boy\n|-damage|p2b: boy|29/100\n|move|p2a: Ursaluna|Drain Punch|p1b: Zacian\n|-damage|p1b: Zacian|55/100\n|-heal|p2a: Ursaluna|23/100 brn|[from] drain|[of] p1b: Zacian\n|\n|-weather|RainDance|[upkeep]\n|-damage|p2a: Ursaluna|17/100 brn|[from] brn\n|upkeep\n|\n|t:|1772775787\n|switch|p1a: Incineroar|Incineroar, L50, F|100/100\n|-ability|p1a: Incineroar|Intimidate|boost\n|-unboost|p2a: Ursaluna|atk|1\n|-unboost|p2b: boy|atk|1\n|turn|4\n|\n|t:|1772775806\n|move|p1a: Incineroar|Fake Out|p2a: Ursaluna\n|-damage|p2a: Ursaluna|8/100 brn\n|move|p1b: Zacian|Sacred Sword|p2b: boy\n|-supereffective|p2b: boy\n|-damage|p2b: boy|0 fnt\n|faint|p2b: boy\n|cant|p2a: Ursaluna|flinch\n|\n|-weather|RainDance|[upkeep]\n|-damage|p2a: Ursaluna|2/100 brn|[from] brn\n|upkeep\n|\n|t:|1772775811\n|switch|p2b: Calyrex|Calyrex-Ice, L50|23/100\n|-ability|p2b: Calyrex|As One\n|-ability|p2b: Calyrex|Unnerve\n|turn|5\n|\n|t:|1772775823\n|move|p1b: Zacian|Behemoth Blade|p2a: Ursaluna\n|-damage|p2a: Ursaluna|0 fnt\n|faint|p2a: Ursaluna\n|move|p2b: Calyrex|High Horsepower|p1b: Zacian\n|-supereffective|p1b: Zacian\n|-damage|p1b: Zacian|0 fnt\n|faint|p1b: Zacian\n|-ability|p2b: Calyrex|Chilling Neigh|boost\n|-boost|p2b: Calyrex|atk|1\n|move|p1a: Incineroar|Knock Off|p2b: Calyrex\n|-supereffective|p2b: Calyrex\n|-damage|p2b: Calyrex|0 fnt\n|-enditem|p2b: Calyrex|Clear Amulet|[from] move: Knock Off|[of] p1a: Incineroar\n|faint|p2b: Calyrex\n|\n|win|jpto5\n|raw|jpto5's rating: 1196 &rarr; <strong>1214</strong><br />(+18 for winning)\n|raw|cokguzzlerman's rating: 1096 &rarr; <strong>1078</strong><br />(-18 for losing)\n|l|\u2606cokguzzlerman\n|player|p2|\n|l|\u2606jpto5\n|player|p1|\n","uploadtime":1772776225,"views":11,"formatid":"gen9vgc2026regi","rating":1078,"private":0,"password":null}