{"id":"gen9vgc2026regi-2567671867","format":"[Gen 9] VGC 2026 Reg I","players":["clefci","MasterbuilderRF"],"log":"|j|\u2606clefci\n|j|\u2606MasterbuilderRF\n|t:|1774501491\n|gametype|doubles\n|player|p1|clefci|102|1344\n|player|p2|MasterbuilderRF|unknown|1230\n|gen|9\n|tier|[Gen 9] VGC 2026 Reg I\n|rated|\n|rule|Species Clause: Limit one of each Pok\u00e9mon\n|rule|Item Clause: Limit 1 of each item\n|clearpoke\n|poke|p1|Groudon, L50|\n|poke|p1|Lunala, L50|\n|poke|p1|Smeargle, L50, F|\n|poke|p1|Tornadus, L50, M|\n|poke|p1|Flutter Mane, L50|\n|poke|p1|Gouging Fire, L50|\n|poke|p2|Rhyperior, L50, M|\n|poke|p2|Calyrex-Ice, L50|\n|poke|p2|Indeedee-F, L50, F|\n|poke|p2|Terapagos, L50, M|\n|poke|p2|Brute Bonnet, L50|\n|poke|p2|Armarouge, L50, F|\n|teampreview|4\n|inactive|Battle timer is ON: inactive players will automatically lose when time's up. (requested by clefci)\n|inactive|MasterbuilderRF has 60 seconds left.\n|\n|t:|1774501552\n|teamsize|p1|4\n|teamsize|p2|4\n|start\n|switch|p1a: Groudon|Groudon, L50|100/100\n|switch|p1b: Smeargle|Smeargle, L50, F|100/100\n|switch|p2a: Indeedee|Indeedee-F, L50, F|100/100\n|switch|p2b: Calyrex|Calyrex-Ice, L50|100/100\n|-ability|p2b: Calyrex|As One\n|-ability|p2b: Calyrex|Unnerve\n|-weather|SunnyDay|[from] ability: Drought|[of] p1a: Groudon\n|-fieldstart|move: Psychic Terrain|[from] ability: Psychic Surge|[of] p2a: Indeedee\n|turn|1\n|inactive|clefci has 30 seconds left.\n|inactive|clefci has 20 seconds left.\n|inactive|clefci has 15 seconds left.\n|inactive|clefci has 10 seconds left.\n|\n|t:|1774501599\n|switch|p2b: Brute Bonnet|Brute Bonnet, L50, shiny|100/100\n|-activate|p2b: Brute Bonnet|ability: Protosynthesis\n|-start|p2b: Brute Bonnet|protosynthesisatk\n|move|p1b: Smeargle|Spore|p2b: Brute Bonnet\n|-immune|p2b: Brute Bonnet\n|move|p1a: Groudon|Precipice Blades|p2a: Indeedee|[spread] p2a,p2b\n|-resisted|p2b: Brute Bonnet\n|-damage|p2a: Indeedee|31/100\n|-damage|p2b: Brute Bonnet|80/100\n|move|p2a: Indeedee|Trick Room|p2a: Indeedee\n|-fieldstart|move: Trick Room|[of] p2a: Indeedee\n|\n|-weather|SunnyDay|[upkeep]\n|-ability|p1b: Smeargle|Moody|boost\n|-boost|p1b: Smeargle|def|2\n|-unboost|p1b: Smeargle|spa|1\n|upkeep\n|turn|2\n|inactive|clefci has 30 seconds left.\n|inactive|MasterbuilderRF has 30 seconds left.\n|inactive|MasterbuilderRF has 20 seconds left.\n|\n|t:|1774501636\n|move|p2a: Indeedee|Helping Hand|p2b: Brute Bonnet\n|-singleturn|p2b: Brute Bonnet|Helping Hand|[of] p2a: Indeedee\n|move|p1b: Smeargle|Follow Me|p1b: Smeargle\n|-singleturn|p1b: Smeargle|move: Follow Me\n|move|p2b: Brute Bonnet|Seed Bomb|p1b: Smeargle\n|-damage|p1b: Smeargle|18/100\n|move|p1a: Groudon|Precipice Blades|p2a: Indeedee|[spread] p2b\n|-miss|p1a: Groudon|p2a: Indeedee\n|-resisted|p2b: Brute Bonnet\n|-damage|p2b: Brute Bonnet|60/100\n|\n|-weather|SunnyDay|[upkeep]\n|-ability|p1b: Smeargle|Moody|boost\n|-boost|p1b: Smeargle|spa|2\n|-unboost|p1b: Smeargle|atk|1\n|upkeep\n|turn|3\n|\n|t:|1774501652\n|move|p2a: Indeedee|Helping Hand|p2b: Brute Bonnet\n|-singleturn|p2b: Brute Bonnet|Helping Hand|[of] p2a: Indeedee\n|move|p1b: Smeargle|Follow Me|p1b: Smeargle\n|-singleturn|p1b: Smeargle|move: Follow Me\n|move|p2b: Brute Bonnet|Seed Bomb|p1b: Smeargle\n|-crit|p1b: Smeargle\n|-damage|p1b: Smeargle|0 fnt\n|faint|p1b: Smeargle\n|move|p1a: Groudon|Precipice Blades|p2a: Indeedee|[spread] p2a,p2b\n|-resisted|p2b: Brute Bonnet\n|-damage|p2a: Indeedee|0 fnt\n|-damage|p2b: Brute Bonnet|38/100\n|-enditem|p2b: Brute Bonnet|Sitrus Berry|[eat]\n|-heal|p2b: Brute Bonnet|62/100|[from] item: Sitrus Berry\n|faint|p2a: Indeedee\n|\n|-weather|SunnyDay|[upkeep]\n|upkeep\n|\n|t:|1774501662\n|switch|p2a: Calyrex|Calyrex-Ice, L50|100/100\n|switch|p1b: Lunala|Lunala, L50|100/100\n|-ability|p2a: Calyrex|As One\n|-ability|p2a: Calyrex|Unnerve\n|turn|4\n|\n|t:|1774501674\n|-terastallize|p1b: Lunala|Fairy\n|move|p2a: Calyrex|Glacial Lance|p1b: Lunala|[spread] p1a,p1b\n|-supereffective|p1a: Groudon\n|-damage|p1a: Groudon|22/100\n|-damage|p1b: Lunala|77/100\n|move|p2b: Brute Bonnet|Crunch|p1b: Lunala\n|-resisted|p1b: Lunala\n|-damage|p1b: Lunala|52/100\n|-unboost|p1b: Lunala|def|1\n|move|p1b: Lunala|Heat Wave|p2a: Calyrex|[spread] p2a,p2b\n|-supereffective|p2a: Calyrex\n|-supereffective|p2b: Brute Bonnet\n|-damage|p2a: Calyrex|5/100\n|-damage|p2b: Brute Bonnet|0 fnt\n|faint|p2b: Brute Bonnet\n|-end|p2b: Brute Bonnet|Protosynthesis|[silent]\n|move|p1a: Groudon|Precipice Blades|p2a: Calyrex\n|-damage|p2a: Calyrex|0 fnt\n|faint|p2a: Calyrex\n|\n|-weather|SunnyDay|[upkeep]\n|upkeep\n|\n|t:|1774501681\n|switch|p2a: Armarouge|Armarouge, L50, F, shiny|100/100\n|-enditem|p2a: Armarouge|Psychic Seed\n|-boost|p2a: Armarouge|spd|1|[from] item: Psychic Seed\n|turn|5\n|\n|t:|1774501702\n|switch|p1a: Gouging Fire|Gouging Fire, L50|100/100\n|-activate|p1a: Gouging Fire|ability: Protosynthesis\n|-start|p1a: Gouging Fire|protosynthesisspe\n|-terastallize|p2a: Armarouge|Grass\n|move|p2a: Armarouge|Expanding Force|p1a: Gouging Fire|[spread] p1a,p1b\n|-damage|p1a: Gouging Fire|42/100\n|-damage|p1b: Lunala|7/100\n|move|p1b: Lunala|Heat Wave|p2a: Armarouge\n|-start|p2a: Armarouge|ability: Flash Fire\n|\n|-weather|none\n|-end|p1a: Gouging Fire|Protosynthesis\n|-fieldend|move: Trick Room\n|-fieldend|move: Psychic Terrain\n|upkeep\n|turn|6\n|\n|t:|1774501724\n|switch|p1b: Groudon|Groudon, L50|22/100\n|-weather|SunnyDay|[from] ability: Drought|[of] p1b: Groudon\n|-activate|p1a: Gouging Fire|ability: Protosynthesis\n|-start|p1a: Gouging Fire|protosynthesisspe\n|move|p1a: Gouging Fire|Snarl|p2a: Armarouge\n|-damage|p2a: Armarouge|94/100\n|-unboost|p2a: Armarouge|spa|1\n|move|p2a: Armarouge|Expanding Force|p1a: Gouging Fire\n|-damage|p1a: Gouging Fire|13/100\n|\n|-weather|SunnyDay|[upkeep]\n|upkeep\n|turn|7\n|\n|t:|1774501749\n|move|p1a: Gouging Fire|Dragon Claw|p2a: Armarouge\n|-damage|p2a: Armarouge|62/100\n|move|p1b: Groudon|Precipice Blades|p2a: Armarouge\n|-resisted|p2a: Armarouge\n|-damage|p2a: Armarouge|33/100\n|move|p2a: Armarouge|Heat Wave|p1a: Gouging Fire|[spread] p1a,p1b\n|-resisted|p1a: Gouging Fire\n|-damage|p1a: Gouging Fire|0 fnt\n|-damage|p1b: Groudon|0 fnt\n|faint|p1a: Gouging Fire\n|-end|p1a: Gouging Fire|Protosynthesis|[silent]\n|faint|p1b: Groudon\n|\n|-weather|SunnyDay|[upkeep]\n|upkeep\n|\n|t:|1774501755\n|switch|p1a: Lunala|Lunala, L50, tera:Fairy|7/100\n|turn|8\n|\n|t:|1774501758\n|move|p1a: Lunala|Moongeist Beam|p2a: Armarouge\n|-damage|p2a: Armarouge|0 fnt\n|faint|p2a: Armarouge\n|\n|win|clefci\n|raw|clefci's rating: 1344 &rarr; <strong>1358</strong><br />(+14 for winning)\n|raw|MasterbuilderRF's rating: 1230 &rarr; <strong>1213</strong><br />(-17 for losing)\n|l|\u2606clefci\n|player|p1|\n|l|\u2606MasterbuilderRF\n|player|p2|\n","uploadtime":1774501955,"views":11,"formatid":"gen9vgc2026regi","rating":1213,"private":0,"password":null}