{"id":"gen9vgc2026regi-2564931629","format":"[Gen 9] VGC 2026 Reg I","players":["rootofsin","BanKingambit69247"],"log":"|j|\u2606rootofsin\n|j|\u2606BanKingambit69247\n|t:|1774211695\n|gametype|doubles\n|player|p1|rootofsin|erika-gen2|1437\n|player|p2|BanKingambit69247|lucas|1515\n|gen|9\n|tier|[Gen 9] VGC 2026 Reg I\n|rated|\n|rule|Species Clause: Limit one of each Pok\u00e9mon\n|rule|Item Clause: Limit 1 of each item\n|clearpoke\n|poke|p1|Kyogre, L50|\n|poke|p1|Lunala, L50|\n|poke|p1|Basculegion, L50, M|\n|poke|p1|Archaludon, L50, M|\n|poke|p1|Sneasler, L50, M|\n|poke|p1|Indeedee-F, L50, F|\n|poke|p2|Calyrex-Shadow, L50|\n|poke|p2|Zamazenta-*, L50|\n|poke|p2|Chien-Pao, L50|\n|poke|p2|Smeargle, L50, M|\n|poke|p2|Dondozo, L50, F|\n|poke|p2|Tatsugiri, L50, M|\n|teampreview|4\n|inactive|Battle timer is ON: inactive players will automatically lose when time's up. (requested by BanKingambit69247)\n|inactive|rootofsin has 60 seconds left.\n|\n|t:|1774211738\n|teamsize|p1|4\n|teamsize|p2|4\n|start\n|switch|p1a: Lunala|Lunala, L50|100/100\n|switch|p1b: Indeedee|Indeedee-F, L50, F, shiny|100/100\n|switch|p2a: \u6211\u5927\u54e5|Smeargle, L50, M|100/100\n|switch|p2b: \u8bf6\u4f60\u600e\u4e48\u6b7b\u4e86?\u267f\u267f\u267f|Calyrex-Shadow, L50|100/100\n|-ability|p2b: \u8bf6\u4f60\u600e\u4e48\u6b7b\u4e86?\u267f\u267f\u267f|As One\n|-ability|p2b: \u8bf6\u4f60\u600e\u4e48\u6b7b\u4e86?\u267f\u267f\u267f|Unnerve\n|-fieldstart|move: Psychic Terrain|[from] ability: Psychic Surge|[of] p1b: Indeedee\n|turn|1\n|inactive|rootofsin has 30 seconds left.\n|\n|t:|1774211768\n|-terastallize|p1b: Indeedee|Grass\n|move|p2a: \u6211\u5927\u54e5|Follow Me|p2a: \u6211\u5927\u54e5\n|-singleturn|p2a: \u6211\u5927\u54e5|move: Follow Me\n|move|p1b: Indeedee|Follow Me|p1b: Indeedee\n|-singleturn|p1b: Indeedee|move: Follow Me\n|move|p2b: \u8bf6\u4f60\u600e\u4e48\u6b7b\u4e86?\u267f\u267f\u267f|Pollen Puff|p1b: Indeedee\n|-supereffective|p1b: Indeedee\n|-damage|p1b: Indeedee|0 fnt\n|faint|p1b: Indeedee\n|-ability|p2b: \u8bf6\u4f60\u600e\u4e48\u6b7b\u4e86?\u267f\u267f\u267f|Grim Neigh|boost\n|-boost|p2b: \u8bf6\u4f60\u600e\u4e48\u6b7b\u4e86?\u267f\u267f\u267f|spa|1\n|move|p1a: Lunala|Moongeist Beam|p2a: \u6211\u5927\u54e5\n|-immune|p2a: \u6211\u5927\u54e5\n|\n|upkeep\n|\n|t:|1774211784\n|switch|p1b: Sneasler|Sneasler, L50, M|100/100\n|-enditem|p1b: Sneasler|Psychic Seed\n|-boost|p1b: Sneasler|spd|1|[from] item: Psychic Seed\n|turn|2\n|\n|t:|1774211808\n|move|p2a: \u6211\u5927\u54e5|Follow Me|p2a: \u6211\u5927\u54e5\n|-singleturn|p2a: \u6211\u5927\u54e5|move: Follow Me\n|move|p1b: Sneasler|Night Slash|p2a: \u6211\u5927\u54e5\n|-damage|p2a: \u6211\u5927\u54e5|24/100\n|move|p2b: \u8bf6\u4f60\u600e\u4e48\u6b7b\u4e86?\u267f\u267f\u267f|Pollen Puff|p1a: Lunala\n|-damage|p1a: Lunala|69/100\n|move|p1a: Lunala|Expanding Force|p2a: \u6211\u5927\u54e5|[spread] p2a,p2b\n|-resisted|p2b: \u8bf6\u4f60\u600e\u4e48\u6b7b\u4e86?\u267f\u267f\u267f\n|-damage|p2a: \u6211\u5927\u54e5|0 fnt\n|-damage|p2b: \u8bf6\u4f60\u600e\u4e48\u6b7b\u4e86?\u267f\u267f\u267f|65/100\n|faint|p2a: \u6211\u5927\u54e5\n|\n|upkeep\n|\n|t:|1774211815\n|switch|p2a: \u773c\u795e\u5446\u6ede\ud83e\udd2a|Dondozo, L50, F, shiny|100/100\n|turn|3\n|\n|t:|1774211835\n|switch|p2b: \u68d5\u8272\u5c0f\u6590\u6d4e\u5317\ud83d\ude0b|Tatsugiri, L50, M, shiny|100/100\n|-activate|p2b: \u68d5\u8272\u5c0f\u6590\u6d4e\u5317\ud83d\ude0b|ability: Commander|[of] p2a: \u773c\u795e\u5446\u6ede\ud83e\udd2a\n|-boost|p2a: \u773c\u795e\u5446\u6ede\ud83e\udd2a|atk|2\n|-boost|p2a: \u773c\u795e\u5446\u6ede\ud83e\udd2a|spa|2\n|-boost|p2a: \u773c\u795e\u5446\u6ede\ud83e\udd2a|spe|2\n|-boost|p2a: \u773c\u795e\u5446\u6ede\ud83e\udd2a|def|2\n|-boost|p2a: \u773c\u795e\u5446\u6ede\ud83e\udd2a|spd|2\n|move|p1b: Sneasler|Dire Claw|p2a: \u773c\u795e\u5446\u6ede\ud83e\udd2a\n|-damage|p2a: \u773c\u795e\u5446\u6ede\ud83e\udd2a|86/100\n|-status|p2a: \u773c\u795e\u5446\u6ede\ud83e\udd2a|slp\n|cant|p2a: \u773c\u795e\u5446\u6ede\ud83e\udd2a|slp\n|move|p1a: Lunala|Expanding Force|p2b: \u68d5\u8272\u5c0f\u6590\u6d4e\u5317\ud83d\ude0b|[spread] p2a\n|-miss|p1a: Lunala|p2b: \u68d5\u8272\u5c0f\u6590\u6d4e\u5317\ud83d\ude0b\n|-damage|p2a: \u773c\u795e\u5446\u6ede\ud83e\udd2a|59/100 slp\n|\n|-heal|p2a: \u773c\u795e\u5446\u6ede\ud83e\udd2a|65/100 slp|[from] item: Leftovers\n|upkeep\n|turn|4\n|j| Chedda Bawls\n|inactive|rootofsin has 30 seconds left.\n|\n|t:|1774211863\n|move|p1b: Sneasler|Close Combat|p2a: \u773c\u795e\u5446\u6ede\ud83e\udd2a\n|-damage|p2a: \u773c\u795e\u5446\u6ede\ud83e\udd2a|43/100 slp\n|-unboost|p1b: Sneasler|def|1\n|-unboost|p1b: Sneasler|spd|1\n|-curestatus|p2a: \u773c\u795e\u5446\u6ede\ud83e\udd2a|slp|[msg]\n|move|p2a: \u773c\u795e\u5446\u6ede\ud83e\udd2a|Earthquake|p1a: Lunala|[spread] p1a,p1b\n|-miss|p2a: \u773c\u795e\u5446\u6ede\ud83e\udd2a|p2b: \u68d5\u8272\u5c0f\u6590\u6d4e\u5317\ud83d\ude0b\n|-supereffective|p1b: Sneasler\n|-crit|p1b: Sneasler\n|-damage|p1a: Lunala|43/100\n|-damage|p1b: Sneasler|0 fnt\n|faint|p1b: Sneasler\n|move|p1a: Lunala|Meteor Beam||[still]\n|-prepare|p1a: Lunala|Meteor Beam\n|-boost|p1a: Lunala|spa|1\n|-enditem|p1a: Lunala|Power Herb\n|-anim|p1a: Lunala|Meteor Beam|p2a: \u773c\u795e\u5446\u6ede\ud83e\udd2a\n|-damage|p2a: \u773c\u795e\u5446\u6ede\ud83e\udd2a|24/100\n|\n|-heal|p2a: \u773c\u795e\u5446\u6ede\ud83e\udd2a|30/100|[from] item: Leftovers\n|upkeep\n|j| dd1123\n|\n|t:|1774211881\n|switch|p1b: Kyogre|Kyogre, L50|100/100\n|-weather|RainDance|[from] ability: Drizzle|[of] p1b: Kyogre\n|turn|5\n|inactive|rootofsin has 30 seconds left.\n|inactive|rootofsin has 20 seconds left.\n|inactive|rootofsin has 15 seconds left.\n|\n|t:|1774211921\n|-terastallize|p2a: \u773c\u795e\u5446\u6ede\ud83e\udd2a|Grass\n|move|p2a: \u773c\u795e\u5446\u6ede\ud83e\udd2a|Wave Crash|p1a: Lunala\n|-damage|p1a: Lunala|0 fnt\n|faint|p1a: Lunala\n|-damage|p2a: \u773c\u795e\u5446\u6ede\ud83e\udd2a|18/100|[from] Recoil\n|move|p1b: Kyogre|Thunder|p2a: \u773c\u795e\u5446\u6ede\ud83e\udd2a\n|-resisted|p2a: \u773c\u795e\u5446\u6ede\ud83e\udd2a\n|-damage|p2a: \u773c\u795e\u5446\u6ede\ud83e\udd2a|10/100\n|\n|-weather|RainDance|[upkeep]\n|-heal|p2a: \u773c\u795e\u5446\u6ede\ud83e\udd2a|16/100|[from] item: Leftovers\n|-fieldend|move: Psychic Terrain\n|upkeep\n|turn|6\n|\n|t:|1774211938\n|move|p2a: \u773c\u795e\u5446\u6ede\ud83e\udd2a|Protect|p2a: \u773c\u795e\u5446\u6ede\ud83e\udd2a\n|-singleturn|p2a: \u773c\u795e\u5446\u6ede\ud83e\udd2a|Protect\n|move|p1b: Kyogre|Water Spout|p2b: \u68d5\u8272\u5c0f\u6590\u6d4e\u5317\ud83d\ude0b|[spread] \n|-miss|p1b: Kyogre|p2b: \u68d5\u8272\u5c0f\u6590\u6d4e\u5317\ud83d\ude0b\n|-activate|p2a: \u773c\u795e\u5446\u6ede\ud83e\udd2a|move: Protect\n|\n|-weather|RainDance|[upkeep]\n|-heal|p2a: \u773c\u795e\u5446\u6ede\ud83e\udd2a|22/100|[from] item: Leftovers\n|upkeep\n|turn|7\n|\n|t:|1774211948\n|move|p2a: \u773c\u795e\u5446\u6ede\ud83e\udd2a|Earthquake|p1b: Kyogre|[spread] p1b\n|-miss|p2a: \u773c\u795e\u5446\u6ede\ud83e\udd2a|p2b: \u68d5\u8272\u5c0f\u6590\u6d4e\u5317\ud83d\ude0b\n|-damage|p1b: Kyogre|70/100\n|move|p1b: Kyogre|Ice Beam|p2a: \u773c\u795e\u5446\u6ede\ud83e\udd2a\n|-supereffective|p2a: \u773c\u795e\u5446\u6ede\ud83e\udd2a\n|-damage|p2a: \u773c\u795e\u5446\u6ede\ud83e\udd2a|0 fnt\n|faint|p2a: \u773c\u795e\u5446\u6ede\ud83e\udd2a\n|\n|-weather|RainDance|[upkeep]\n|upkeep\n|\n|t:|1774211955\n|switch|p2a: \u8bf6\u4f60\u600e\u4e48\u6b7b\u4e86?\u267f\u267f\u267f|Calyrex-Shadow, L50|65/100\n|-ability|p2a: \u8bf6\u4f60\u600e\u4e48\u6b7b\u4e86?\u267f\u267f\u267f|As One\n|-ability|p2a: \u8bf6\u4f60\u600e\u4e48\u6b7b\u4e86?\u267f\u267f\u267f|Unnerve\n|turn|8\n|\n|t:|1774211963\n|move|p2a: \u8bf6\u4f60\u600e\u4e48\u6b7b\u4e86?\u267f\u267f\u267f|Astral Barrage|p1b: Kyogre\n|-damage|p1b: Kyogre|22/100\n|move|p2b: \u68d5\u8272\u5c0f\u6590\u6d4e\u5317\ud83d\ude0b|Dragon Pulse|p1b: Kyogre\n|-damage|p1b: Kyogre|2/100\n|move|p1b: Kyogre|Water Spout|p2b: \u68d5\u8272\u5c0f\u6590\u6d4e\u5317\ud83d\ude0b|[spread] p2a,p2b\n|-resisted|p2b: \u68d5\u8272\u5c0f\u6590\u6d4e\u5317\ud83d\ude0b\n|-damage|p2a: \u8bf6\u4f60\u600e\u4e48\u6b7b\u4e86?\u267f\u267f\u267f|63/100\n|-damage|p2b: \u68d5\u8272\u5c0f\u6590\u6d4e\u5317\ud83d\ude0b|99/100\n|\n|-weather|RainDance|[upkeep]\n|upkeep\n|turn|9\n|\n|t:|1774211975\n|move|p2a: \u8bf6\u4f60\u600e\u4e48\u6b7b\u4e86?\u267f\u267f\u267f|Astral Barrage|p1b: Kyogre\n|-damage|p1b: Kyogre|0 fnt\n|faint|p1b: Kyogre\n|\n|win|BanKingambit69247\n|raw|rootofsin's rating: 1437 &rarr; <strong>1421</strong><br />(-16 for losing)\n|raw|BanKingambit69247's rating: 1515 &rarr; <strong>1531</strong><br />(+16 for winning)\n|l|\u2606BanKingambit69247\n|player|p2|\n|l| Chedda Bawls\n|l|\u2606rootofsin\n|player|p1|\n","uploadtime":1774211980,"views":31,"formatid":"gen9vgc2026regi","rating":1421,"private":0,"password":null}