{"id":"gen9vgc2026regi-2578932495","format":"[Gen 9] VGC 2026 Reg I","players":["vestige666","Jigawoho"],"log":"|j|\u2606vestige666\n|j|\u2606Jigawoho\n|t:|1775737880\n|gametype|doubles\n|player|p1|vestige666|170|1593\n|player|p2|Jigawoho|266|1501\n|gen|9\n|tier|[Gen 9] VGC 2026 Reg I\n|rated|\n|rule|Species Clause: Limit one of each Pok\u00e9mon\n|rule|Item Clause: Limit 1 of each item\n|clearpoke\n|poke|p1|Rayquaza, L50|\n|poke|p1|Calyrex-Shadow, L50|\n|poke|p1|Tornadus, L50, M|\n|poke|p1|Smeargle, L50, F|\n|poke|p1|Urshifu-*, L50, M|\n|poke|p1|Clefairy, L50, M|\n|poke|p2|Koraidon, L50|\n|poke|p2|Calyrex-Shadow, L50|\n|poke|p2|Weezing-Galar, L50, M|\n|poke|p2|Iron Treads, L50|\n|poke|p2|Chi-Yu, L50|\n|poke|p2|Rillaboom, L50, F|\n|teampreview|4\n|j| Taitanium\n|l| Taitanium\n|\n|t:|1775737926\n|teamsize|p1|4\n|teamsize|p2|4\n|start\n|switch|p1a: Kronii|Urshifu-Rapid-Strike, L50, M|100/100\n|switch|p1b: Nerissa|Calyrex-Shadow, L50|100/100\n|switch|p2a: Chi-Yu|Chi-Yu, L50|100/100\n|switch|p2b: Calyrex|Calyrex-Shadow, L50|100/100\n|-ability|p2b: Calyrex|As One\n|-ability|p2b: Calyrex|Unnerve\n|-ability|p1b: Nerissa|As One\n|-ability|p1b: Nerissa|Unnerve\n|-ability|p2a: Chi-Yu|Beads of Ruin\n|turn|1\n|\n|t:|1775737944\n|switch|p1b: Kanade|Rayquaza, L50|100/100\n|-ability|p1b: Kanade|Air Lock\n|switch|p2b: Koraidon|Koraidon, L50|100/100\n|-weather|SunnyDay|[from] ability: Orichalcum Pulse|[of] p2b: Koraidon\n|-activate|p2b: Koraidon|Orichalcum Pulse|[source]\n|-terastallize|p1a: Kronii|Water\n|move|p2a: Chi-Yu|Snarl|p1a: Kronii|[spread] p1a,p1b\n|-damage|p1a: Kronii|54/100\n|-damage|p1b: Kanade|67/100\n|-unboost|p1a: Kronii|spa|1\n|move|p1a: Kronii|Surging Strikes|p2a: Chi-Yu\n|-supereffective|p2a: Chi-Yu\n|-crit|p2a: Chi-Yu\n|-damage|p2a: Chi-Yu|0 fnt\n|faint|p2a: Chi-Yu\n|-hitcount|p2: Chi-Yu|1\n|\n|-weather|SunnyDay|[upkeep]\n|upkeep\n|\n|t:|1775737962\n|switch|p2a: Weezing|Weezing-Galar, L50, M|100/100\n|-ability|p2a: Weezing|Neutralizing Gas\n|-block|p2b: Koraidon|item: Ability Shield\n|turn|2\n|\n|t:|1775737979\n|switch|p1a: Cecilia|Tornadus, L50, M|100/100\n|-terastallize|p2a: Weezing|Water\n|move|p2b: Koraidon|Protect|p2b: Koraidon\n|-singleturn|p2b: Koraidon|Protect\n|move|p1b: Kanade|Swords Dance|p1b: Kanade\n|-boost|p1b: Kanade|atk|2\n|move|p2a: Weezing|Will-O-Wisp|p1b: Kanade\n|-status|p1b: Kanade|brn\n|\n|-weather|SunnyDay|[upkeep]\n|-damage|p1b: Kanade|61/100 brn|[from] brn\n|upkeep\n|turn|3\n|\n|t:|1775738003\n|move|p2b: Koraidon|Flare Blitz|p1a: Cecilia\n|-damage|p1a: Cecilia|0 fnt\n|faint|p1a: Cecilia\n|-damage|p2b: Koraidon|66/100|[from] Recoil\n|move|p1b: Kanade|Dragon Ascent|p2b: Koraidon\n|-supereffective|p2b: Koraidon\n|-damage|p2b: Koraidon|0 fnt\n|-unboost|p1b: Kanade|def|1\n|-unboost|p1b: Kanade|spd|1\n|faint|p2b: Koraidon\n|move|p2a: Weezing|Strange Steam|p1b: Kanade\n|-supereffective|p1b: Kanade\n|-damage|p1b: Kanade|0 fnt\n|faint|p1b: Kanade\n|\n|-weather|SunnyDay|[upkeep]\n|upkeep\n|\n|t:|1775738019\n|switch|p2b: Calyrex|Calyrex-Shadow, L50|100/100\n|switch|p1a: Nerissa|Calyrex-Shadow, L50|100/100\n|switch|p1b: Kronii|Urshifu-Rapid-Strike, L50, M, tera:Water|54/100\n|-ability|p2b: Calyrex|As One\n|-ability|p2b: Calyrex|Unnerve\n|-ability|p1a: Nerissa|As One\n|-ability|p1a: Nerissa|Unnerve\n|turn|4\n|\n|t:|1775738032\n|move|p2b: Calyrex|Protect|p2b: Calyrex\n|-singleturn|p2b: Calyrex|Protect\n|move|p1b: Kronii|Surging Strikes|p2b: Calyrex\n|-activate|p2b: Calyrex|move: Protect\n|move|p1a: Nerissa|Astral Barrage|p2a: Weezing|[spread] p2a\n|-activate|p2b: Calyrex|move: Protect\n|-damage|p2a: Weezing|21/100\n|-damage|p1a: Nerissa|91/100|[from] item: Life Orb\n|move|p2a: Weezing|Will-O-Wisp|p1b: Kronii\n|-status|p1b: Kronii|brn\n|\n|-weather|SunnyDay|[upkeep]\n|-damage|p1b: Kronii|48/100 brn|[from] brn\n|upkeep\n|turn|5\n|\n|t:|1775738049\n|move|p2a: Weezing|Protect|p2a: Weezing\n|-singleturn|p2a: Weezing|Protect\n|move|p1b: Kronii|Surging Strikes|p2b: Calyrex\n|-crit|p2b: Calyrex\n|-damage|p2b: Calyrex|91/100\n|-crit|p2b: Calyrex\n|-damage|p2b: Calyrex|82/100\n|-crit|p2b: Calyrex\n|-damage|p2b: Calyrex|73/100\n|-hitcount|p2b: Calyrex|3\n|move|p2b: Calyrex|Astral Barrage|p1a: Nerissa|[spread] p1a,p1b\n|-supereffective|p1a: Nerissa\n|-damage|p1a: Nerissa|0 fnt\n|-damage|p1b: Kronii|0 fnt\n|faint|p1a: Nerissa\n|faint|p1b: Kronii\n|\n|win|Jigawoho\n|raw|vestige666's rating: 1593 &rarr; <strong>1568</strong><br />(-25 for losing)\n|raw|Jigawoho's rating: 1501 &rarr; <strong>1526</strong><br />(+25 for winning)\n|l|\u2606Jigawoho\n|player|p2|\n","uploadtime":1775738184,"views":12,"formatid":"gen9vgc2026regi","rating":1526,"private":0,"password":null}