{"id":"gen9vgc2026regi-2560299859","format":"[Gen 9] VGC 2026 Reg I","players":["jonen","njr25"],"log":"|j|\u2606jonen\n|j|\u2606njr25\n|t:|1773675186\n|gametype|doubles\n|player|p1|jonen|medium|1136\n|player|p2|njr25|fisherman-gen4|1135\n|gen|9\n|tier|[Gen 9] VGC 2026 Reg I\n|rated|\n|rule|Species Clause: Limit one of each Pok\u00e9mon\n|rule|Item Clause: Limit 1 of each item\n|clearpoke\n|poke|p1|Sneasler, L50, F|\n|poke|p1|Ditto, L50|\n|poke|p1|Calyrex-Ice, L50|\n|poke|p1|Miraidon, L50|\n|poke|p1|Urshifu-*, L50, M|\n|poke|p1|Incineroar, L50, F|\n|poke|p2|Calyrex-Shadow, L50|\n|poke|p2|Miraidon, L50|\n|poke|p2|Urshifu-*, L50, M|\n|poke|p2|Incineroar, L50, M|\n|poke|p2|Indeedee-F, L50, F|\n|poke|p2|Flutter Mane, L50|\n|teampreview|4\n|inactive|Battle timer is ON: inactive players will automatically lose when time's up. (requested by njr25)\nnjr25 rejected open team sheets.\n|\n|t:|1773675215\n|teamsize|p1|4\n|teamsize|p2|4\n|start\n|switch|p1a: Sneasler|Sneasler, L50, F|100/100\n|switch|p1b: Miraidon|Miraidon, L50|100/100\n|switch|p2a: Calyrex|Calyrex-Shadow, L50|100/100\n|switch|p2b: Indeedee|Indeedee-F, L50, F|100/100\n|-ability|p2a: Calyrex|As One\n|-ability|p2a: Calyrex|Unnerve\n|-fieldstart|move: Electric Terrain|[from] ability: Hadron Engine|[of] p1b: Miraidon\n|-enditem|p1a: Sneasler|Electric Seed\n|-boost|p1a: Sneasler|def|1|[from] item: Electric Seed\n|-fieldstart|move: Psychic Terrain|[from] ability: Psychic Surge|[of] p2b: Indeedee\n|-enditem|p2b: Indeedee|Psychic Seed\n|-boost|p2b: Indeedee|spd|1|[from] item: Psychic Seed\n|turn|1\n|\n|t:|1773675238\n|-terastallize|p1a: Sneasler|Dark\n|-terastallize|p2b: Indeedee|Ground\n|move|p2b: Indeedee|Follow Me|p2b: Indeedee\n|-singleturn|p2b: Indeedee|move: Follow Me\n|move|p1a: Sneasler|Throat Chop|p2b: Indeedee\n|-damage|p2b: Indeedee|34/100\n|-start|p2b: Indeedee|Throat Chop|[silent]\n|move|p2a: Calyrex|Expanding Force|p1a: Sneasler|[spread] p1b\n|-immune|p1a: Sneasler\n|-damage|p1b: Miraidon|34/100\n|move|p1b: Miraidon|Volt Switch|p2b: Indeedee\n|-immune|p2b: Indeedee\n|\n|upkeep\n|turn|2\n|inactive|njr25 has 30 seconds left.\n|\n|t:|1773675268\n|move|p1b: Miraidon|Protect|p1b: Miraidon\n|-singleturn|p1b: Miraidon|Protect\n|move|p2b: Indeedee|Follow Me|p2b: Indeedee\n|-singleturn|p2b: Indeedee|move: Follow Me\n|move|p1a: Sneasler|Throat Chop|p2b: Indeedee\n|-damage|p2b: Indeedee|0 fnt\n|faint|p2b: Indeedee\n|move|p2a: Calyrex|Expanding Force|p1a: Sneasler|[spread] \n|-activate|p1b: Miraidon|move: Protect\n|-immune|p1a: Sneasler\n|\n|upkeep\n|\n|t:|1773675282\n|switch|p2b: Flutter Mane|Flutter Mane, L50|100/100\n|-enditem|p2b: Flutter Mane|Booster Energy\n|-activate|p2b: Flutter Mane|ability: Protosynthesis|[fromitem]\n|-start|p2b: Flutter Mane|protosynthesisspe\n|turn|3\n|\n|t:|1773675302\n|switch|p1b: Ditto|Ditto, L50|100/100\n|-transform|p1b: Ditto|p2a: Calyrex|[from] ability: Imposter\n|-ability|p1b: Ditto|As One\n|-ability|p1b: Ditto|Unnerve\n|move|p1a: Sneasler|Throat Chop|p2a: Calyrex\n|-supereffective|p2a: Calyrex\n|-damage|p2a: Calyrex|0 fnt\n|faint|p2a: Calyrex\n|move|p2b: Flutter Mane|Dazzling Gleam|p1b: Ditto|[spread] p1a,p1b\n|-supereffective|p1a: Sneasler\n|-damage|p1a: Sneasler|11/100\n|-damage|p1b: Ditto|67/100\n|\n|upkeep\n|\n|t:|1773675316\n|switch|p2a: Miraidon|Miraidon, L50|100/100\n|-fieldstart|move: Electric Terrain|[from] ability: Hadron Engine|[of] p2a: Miraidon\n|turn|4\n|\n|t:|1773675336\n|move|p2b: Flutter Mane|Protect|p2b: Flutter Mane\n|-singleturn|p2b: Flutter Mane|Protect\n|move|p1a: Sneasler|Dire Claw|p2b: Flutter Mane\n|-activate|p2b: Flutter Mane|move: Protect\n|move|p1b: Ditto|Astral Barrage|p2a: Miraidon|[spread] p2a\n|-activate|p2b: Flutter Mane|move: Protect\n|-damage|p2a: Miraidon|52/100\n|move|p2a: Miraidon|Electro Drift|p1a: Sneasler\n|-damage|p1a: Sneasler|0 fnt\n|faint|p1a: Sneasler\n|\n|upkeep\n|\n|t:|1773675343\n|switch|p1a: Calyrex|Calyrex-Ice, L50|100/100\n|-ability|p1a: Calyrex|As One\n|-ability|p1a: Calyrex|Unnerve\n|turn|5\n|\n|t:|1773675363\n|move|p1b: Ditto|Astral Barrage|p2a: Miraidon|[spread] p2a,p2b\n|-supereffective|p2b: Flutter Mane\n|-damage|p2a: Miraidon|3/100\n|-damage|p2b: Flutter Mane|0 fnt\n|faint|p2b: Flutter Mane\n|-end|p2b: Flutter Mane|Protosynthesis|[silent]\n|-ability|p1b: Ditto|Grim Neigh|boost\n|-boost|p1b: Ditto|spa|1\n|move|p2a: Miraidon|Electro Drift|p1a: Calyrex\n|-damage|p1a: Calyrex|32/100\n|move|p1a: Calyrex|Glacial Lance|p2a: Miraidon\n|-supereffective|p2a: Miraidon\n|-damage|p2a: Miraidon|0 fnt\n|faint|p2a: Miraidon\n|\n|win|jonen\n|raw|jonen's rating: 1136 &rarr; <strong>1161</strong><br />(+25 for winning)\n|raw|njr25's rating: 1135 &rarr; <strong>1110</strong><br />(-25 for losing)\n","uploadtime":1773675363,"views":14,"formatid":"gen9vgc2026regi","rating":1110,"private":0,"password":null}