{"id":"gen9vgc2026regi-2582529146","format":"[Gen 9] VGC 2026 Reg I","players":["WilMorfer","Luca8"],"log":"|j|\u2606WilMorfer\n|j|\u2606Luca8\n|t:|1776097479\n|gametype|doubles\n|player|p1|WilMorfer|crasherwake|1334\n|player|p2|Luca8|flint|1445\n|gen|9\n|tier|[Gen 9] VGC 2026 Reg I\n|rated|\n|rule|Species Clause: Limit one of each Pok\u00e9mon\n|rule|Item Clause: Limit 1 of each item\n|clearpoke\n|poke|p1|Calyrex-Ice, L50|\n|poke|p1|Scraggy, L50, F|\n|poke|p1|Miraidon, L50|\n|poke|p1|Farigiraf, L50, F|\n|poke|p1|Iron Treads, L50|\n|poke|p1|Iron Hands, L50|\n|poke|p2|Zamazenta-*, L50|\n|poke|p2|Indeedee-F, L50, F|\n|poke|p2|Torkoal, L50, M|\n|poke|p2|Fezandipiti, L50, M|\n|poke|p2|Calyrex-Shadow, L50|\n|poke|p2|Pelipper, L50, F|\n|teampreview|4\n|inactive|Battle timer is ON: inactive players will automatically lose when time's up. (requested by WilMorfer)\n|\n|t:|1776097559\n|teamsize|p1|4\n|teamsize|p2|4\n|start\n|switch|p1a: Miraidon|Miraidon, L50|100/100\n|switch|p1b: Iron Treads|Iron Treads, L50|100/100\n|switch|p2a: Indeedee|Indeedee-F, L50, F|100/100\n|switch|p2b: Zamazenta|Zamazenta-Crowned, L50|100/100\n|-fieldstart|move: Electric Terrain|[from] ability: Hadron Engine|[of] p1a: Miraidon\n|-activate|p1b: Iron Treads|ability: Quark Drive\n|-start|p1b: Iron Treads|quarkdrivespe\n|-ability|p2b: Zamazenta|Dauntless Shield|boost\n|-boost|p2b: Zamazenta|def|1\n|-fieldstart|move: Psychic Terrain|[from] ability: Psychic Surge|[of] p2a: Indeedee\n|-end|p1b: Iron Treads|Quark Drive\n|turn|1\n|inactive|Luca8 has 30 seconds left.\n|inactive|Luca8 has 20 seconds left.\n|\n|t:|1776097595\n|-terastallize|p2b: Zamazenta|Fighting\n|move|p1b: Iron Treads|Protect|p1b: Iron Treads\n|-singleturn|p1b: Iron Treads|Protect\n|move|p1a: Miraidon|Volt Switch|p2b: Zamazenta\n|-damage|p2b: Zamazenta|64/100\n|\n|t:|1776097604\n|switch|p1a: Iron Hands|Iron Hands, L50|100/100|[from] Volt Switch\n|move|p2b: Zamazenta|Body Press|p1b: Iron Treads\n|-activate|p1b: Iron Treads|move: Protect\n|move|p2a: Indeedee|Shadow Ball|p1b: Iron Treads\n|-activate|p1b: Iron Treads|move: Protect\n|\n|upkeep\n|turn|2\n|\n|t:|1776097618\n|-end|p1b: Iron Treads|Quark Drive|[silent]\n|switch|p1b: Miraidon|Miraidon, L50|100/100\n|-fieldstart|move: Electric Terrain|[from] ability: Hadron Engine|[of] p1b: Miraidon\n|-activate|p1a: Iron Hands|ability: Quark Drive\n|-start|p1a: Iron Hands|quarkdriveatk\n|switch|p2a: Calyrex|Calyrex-Shadow, L50|100/100\n|-ability|p2a: Calyrex|As One\n|-ability|p2a: Calyrex|Unnerve\n|move|p1a: Iron Hands|Fake Out|p2b: Zamazenta\n|-damage|p2b: Zamazenta|55/100\n|cant|p2b: Zamazenta|flinch\n|\n|upkeep\n|turn|3\n|\n|t:|1776097638\n|switch|p2b: Indeedee|Indeedee-F, L50, F|100/100\n|-fieldstart|move: Psychic Terrain|[from] ability: Psychic Surge|[of] p2b: Indeedee\n|-end|p1a: Iron Hands|Quark Drive\n|-terastallize|p1b: Miraidon|Fairy\n|move|p2a: Calyrex|Expanding Force|p1a: Iron Hands|[spread] p1a,p1b\n|-supereffective|p1a: Iron Hands\n|-damage|p1a: Iron Hands|32/100\n|-damage|p1b: Miraidon|40/100\n|move|p1b: Miraidon|Dazzling Gleam|p2b: Indeedee|[spread] p2a,p2b\n|-crit|p2b: Indeedee\n|-damage|p2a: Calyrex|42/100\n|-damage|p2b: Indeedee|20/100\n|move|p1a: Iron Hands|Wild Charge|p2a: Calyrex\n|-damage|p2a: Calyrex|0 fnt\n|faint|p2a: Calyrex\n|-damage|p1a: Iron Hands|24/100|[from] Recoil\n|\n|upkeep\n|\n|t:|1776097657\n|switch|p2a: Zamazenta|Zamazenta-Crowned, L50, tera:Fighting|55/100\n|turn|4\n|\n|t:|1776097665\n|switch|p1b: Iron Treads|Iron Treads, L50|100/100\n|move|p2a: Zamazenta|Heavy Slam|p1b: Iron Treads\n|-resisted|p1b: Iron Treads\n|-damage|p1b: Iron Treads|84/100\n|move|p2b: Indeedee|Psychic|p1a: Iron Hands\n|-supereffective|p1a: Iron Hands\n|-damage|p1a: Iron Hands|0 fnt\n|faint|p1a: Iron Hands\n|-end|p1a: Iron Hands|Quark Drive|[silent]\n|\n|upkeep\n|\n|t:|1776097676\n|switch|p1a: Calyrex|Calyrex-Ice, L50|100/100\n|-ability|p1a: Calyrex|As One\n|-ability|p1a: Calyrex|Unnerve\n|turn|5\n|\n|t:|1776097689\n|move|p1a: Calyrex|Protect|p1a: Calyrex\n|-singleturn|p1a: Calyrex|Protect\n|move|p1b: Iron Treads|Knock Off|p2b: Indeedee\n|-supereffective|p2b: Indeedee\n|-damage|p2b: Indeedee|0 fnt\n|-enditem|p2b: Indeedee|Safety Goggles|[from] move: Knock Off|[of] p1b: Iron Treads\n|faint|p2b: Indeedee\n|-damage|p1b: Iron Treads|75/100|[from] item: Life Orb\n|move|p2a: Zamazenta|Body Press|p1b: Iron Treads\n|-supereffective|p1b: Iron Treads\n|-damage|p1b: Iron Treads|0 fnt\n|faint|p1b: Iron Treads\n|-end|p1b: Iron Treads|Quark Drive|[silent]\n|\n|upkeep\n|\n|t:|1776097703\n|switch|p1b: Miraidon|Miraidon, L50, tera:Fairy|40/100\n|switch|p2b: Torkoal|Torkoal, L50, M|100/100\n|-fieldstart|move: Electric Terrain|[from] ability: Hadron Engine|[of] p1b: Miraidon\n|-weather|SunnyDay|[from] ability: Drought|[of] p2b: Torkoal\n|turn|6\n|\n|t:|1776097715\n|move|p1b: Miraidon|Dazzling Gleam|p2b: Torkoal|[spread] p2a,p2b\n|-supereffective|p2a: Zamazenta\n|-resisted|p2b: Torkoal\n|-damage|p2a: Zamazenta|0 fnt\n|-damage|p2b: Torkoal|53/100\n|faint|p2a: Zamazenta\n|move|p1a: Calyrex|High Horsepower|p2b: Torkoal\n|-supereffective|p2b: Torkoal\n|-damage|p2b: Torkoal|0 fnt\n|faint|p2b: Torkoal\n|\n|win|WilMorfer\n|raw|WilMorfer's rating: 1334 &rarr; <strong>1360</strong><br />(+26 for winning)\n|raw|Luca8's rating: 1445 &rarr; <strong>1419</strong><br />(-26 for losing)\n|l|\u2606Luca8\n|player|p2|\n|l|\u2606WilMorfer\n|player|p1|\n","uploadtime":1776097981,"views":12,"formatid":"gen9vgc2026regi","rating":1360,"private":0,"password":null}