{"id":"gen9vgc2026regi-2569335919","format":"[Gen 9] VGC 2026 Reg I","players":["Regei","terafireflareblitz"],"log":"|j|\u2606Regei\n|j|\u2606terafireflareblitz\n|t:|1774676201\n|gametype|doubles\n|player|p1|Regei|drayton|1500\n|player|p2|terafireflareblitz|sycamore|1532\n|gen|9\n|tier|[Gen 9] VGC 2026 Reg I\n|rated|\n|rule|Species Clause: Limit one of each Pok\u00e9mon\n|rule|Item Clause: Limit 1 of each item\n|clearpoke\n|poke|p1|Miraidon, L50|\n|poke|p1|Raging Bolt, L50|\n|poke|p1|Koraidon, L50|\n|poke|p1|Whimsicott, L50, M|\n|poke|p1|Iron Bundle, L50|\n|poke|p1|Farigiraf, L50, F|\n|poke|p2|Koraidon, L50|\n|poke|p2|Lunala, L50|\n|poke|p2|Indeedee-F, L50, F|\n|poke|p2|Flutter Mane, L50|\n|poke|p2|Volcarona, L50, F|\n|poke|p2|Ursaluna, L50, F|\n|teampreview|4\n|inactive|Battle timer is ON: inactive players will automatically lose when time's up. (requested by terafireflareblitz)\nRegei has agreed to open team sheets.\n|inactive|Regei has 60 seconds left.\n|j| caster2500\n|\n|t:|1774676236\n|teamsize|p1|4\n|teamsize|p2|4\n|start\n|switch|p1a: Miraidon|Miraidon, L50, shiny|100/100\n|switch|p1b: Iron Bundle|Iron Bundle, L50, shiny|100/100\n|switch|p2a: Lunala|Lunala, L50, shiny|100/100\n|switch|p2b: Indeedee|Indeedee-F, L50, F|100/100\n|-fieldstart|move: Electric Terrain|[from] ability: Hadron Engine|[of] p1a: Miraidon\n|-activate|p1b: Iron Bundle|ability: Quark Drive\n|-start|p1b: Iron Bundle|quarkdrivespe\n|-fieldstart|move: Psychic Terrain|[from] ability: Psychic Surge|[of] p2b: Indeedee\n|-end|p1b: Iron Bundle|Quark Drive\n|turn|1\n|\n|t:|1774676260\n|move|p1b: Iron Bundle|Taunt|p2b: Indeedee\n|-start|p2b: Indeedee|move: Taunt\n|move|p1a: Miraidon|Volt Switch|p2a: Lunala\n|-damage|p2a: Lunala|88/100\n|\n|t:|1774676265\n|switch|p1a: Farigiraf|Farigiraf, L50, F|100/100|[from] Volt Switch\n|move|p2a: Lunala|Meteor Beam||[still]\n|-prepare|p2a: Lunala|Meteor Beam\n|-boost|p2a: Lunala|spa|1\n|-enditem|p2a: Lunala|Power Herb\n|-anim|p2a: Lunala|Meteor Beam|p1b: Iron Bundle\n|-supereffective|p1b: Iron Bundle\n|-enditem|p1b: Iron Bundle|Focus Sash\n|-damage|p1b: Iron Bundle|1/100\n|cant|p2b: Indeedee|move: Taunt|Trick Room\n|\n|upkeep\n|turn|2\n|inactive|Regei has 30 seconds left.\n|\n|t:|1774676292\n|switch|p2b: Ursaluna|Ursaluna, L50, F|100/100\n|move|p1b: Iron Bundle|Freeze-Dry|p2b: Ursaluna\n|-supereffective|p2b: Ursaluna\n|-damage|p2b: Ursaluna|45/100\n|-status|p2b: Ursaluna|frz\n|move|p2a: Lunala|Expanding Force|p1a: Farigiraf|[spread] p1a,p1b\n|-resisted|p1a: Farigiraf\n|-damage|p1a: Farigiraf|50/100\n|-damage|p1b: Iron Bundle|0 fnt\n|faint|p1b: Iron Bundle\n|-end|p1b: Iron Bundle|Quark Drive|[silent]\n|move|p1a: Farigiraf|Roar|p2a: Lunala\n|drag|p2a: Koraidon|Koraidon, L50, shiny|100/100\n|-weather|SunnyDay|[from] ability: Orichalcum Pulse|[of] p2a: Koraidon\n|-activate|p2a: Koraidon|Orichalcum Pulse|[source]\n|\n|-weather|SunnyDay|[upkeep]\n|upkeep\n|inactive|Regei has 30 seconds left.\n|inactive|Regei has 20 seconds left.\n|\n|t:|1774676328\n|switch|p1b: Koraidon|Koraidon, L50, shiny|100/100\n|-activate|p1b: Koraidon|ability: Orichalcum Pulse\n|turn|3\n|\n|t:|1774676345\n|-terastallize|p2a: Koraidon|Fire\n|move|p1a: Farigiraf|Helping Hand|p1b: Koraidon\n|-singleturn|p1b: Koraidon|Helping Hand|[of] p1a: Farigiraf\n|move|p2a: Koraidon|Breaking Swipe|p1b: Koraidon|[spread] p1a,p1b\n|-supereffective|p1b: Koraidon\n|-damage|p1a: Farigiraf|19/100\n|-damage|p1b: Koraidon|34/100\n|-unboost|p1a: Farigiraf|atk|1\n|-unboost|p1b: Koraidon|atk|1\n|-damage|p2a: Koraidon|91/100|[from] item: Life Orb\n|move|p1b: Koraidon|Scale Shot|p2a: Koraidon\n|-damage|p2a: Koraidon|72/100\n|-damage|p2a: Koraidon|53/100\n|-damage|p2a: Koraidon|34/100\n|-damage|p2a: Koraidon|17/100\n|-hitcount|p2a: Koraidon|4\n|-unboost|p1b: Koraidon|def|1\n|-boost|p1b: Koraidon|spe|1\n|cant|p2b: Ursaluna|frz\n|\n|-weather|SunnyDay|[upkeep]\n|upkeep\n|turn|4\n|inactive|Regei has 30 seconds left.\n|inactive|Regei has 20 seconds left.\n|inactive|Regei has 15 seconds left.\n|inactive|Regei has 10 seconds left.\n|\n|t:|1774676393\n|move|p2a: Koraidon|Protect|p2a: Koraidon\n|-singleturn|p2a: Koraidon|Protect\n|move|p1b: Koraidon|Flare Blitz|p2a: Koraidon\n|-activate|p2a: Koraidon|move: Protect\n|move|p1a: Farigiraf|Foul Play|p2b: Ursaluna\n|-damage|p2b: Ursaluna|18/100 frz\n|cant|p2b: Ursaluna|frz\n|\n|-weather|SunnyDay|[upkeep]\n|upkeep\n|turn|5\n|\n|t:|1774676404\n|switch|p2a: Lunala|Lunala, L50, shiny|88/100\n|move|p1b: Koraidon|Collision Course|p2a: Lunala\n|-immune|p2a: Lunala\n|move|p1a: Farigiraf|Foul Play|p2b: Ursaluna\n|-damage|p2b: Ursaluna|0 fnt\n|faint|p2b: Ursaluna\n|\n|-weather|SunnyDay|[upkeep]\n|-fieldend|move: Psychic Terrain\n|upkeep\n|\n|t:|1774676408\n|switch|p2b: Indeedee|Indeedee-F, L50, F|100/100\n|-fieldstart|move: Psychic Terrain|[from] ability: Psychic Surge|[of] p2b: Indeedee\n|turn|6\n|inactive|Regei has 30 seconds left.\n|inactive|Regei has 20 seconds left.\n|inactive|Regei has 15 seconds left.\n|\n|t:|1774676453\n|move|p1b: Koraidon|Protect|p1b: Koraidon\n|-singleturn|p1b: Koraidon|Protect\n|move|p2b: Indeedee|Follow Me|p2b: Indeedee\n|-singleturn|p2b: Indeedee|move: Follow Me\n|move|p2a: Lunala|Moongeist Beam|p1b: Koraidon\n|-activate|p1b: Koraidon|move: Protect\n|move|p1a: Farigiraf|Foul Play|p2b: Indeedee\n|-supereffective|p2b: Indeedee\n|-damage|p2b: Indeedee|82/100\n|\n|-weather|none\n|upkeep\n|turn|7\n|inactive|Regei has 30 seconds left.\n|\n|t:|1774676485\n|switch|p1b: Miraidon|Miraidon, L50, shiny|100/100\n|-fieldstart|move: Electric Terrain|[from] ability: Hadron Engine|[of] p1b: Miraidon\n|-enditem|p1a: Farigiraf|Electric Seed\n|-boost|p1a: Farigiraf|def|1|[from] item: Electric Seed\n|switch|p2b: Koraidon|Koraidon, L50, shiny, tera:Fire|17/100\n|-weather|SunnyDay|[from] ability: Orichalcum Pulse|[of] p2b: Koraidon\n|-activate|p2b: Koraidon|Orichalcum Pulse|[source]\n|move|p2a: Lunala|Expanding Force|p1a: Farigiraf\n|-resisted|p1a: Farigiraf\n|-damage|p1a: Farigiraf|0 fnt\n|faint|p1a: Farigiraf\n|\n|-weather|SunnyDay|[upkeep]\n|upkeep\n|\n|t:|1774676496\n|switch|p1a: Koraidon|Koraidon, L50, shiny|34/100\n|-activate|p1a: Koraidon|ability: Orichalcum Pulse\n|turn|8\n|\n|t:|1774676508\n|-terastallize|p1b: Miraidon|Fairy\n|move|p1a: Koraidon|Protect|p1a: Koraidon\n|-singleturn|p1a: Koraidon|Protect\n|move|p2b: Koraidon|Flare Blitz|p1b: Miraidon\n|-damage|p1b: Miraidon|0 fnt\n|faint|p1b: Miraidon\n|-damage|p2b: Koraidon|0 fnt|[from] Recoil\n|faint|p2b: Koraidon\n|move|p2a: Lunala|Moongeist Beam|p1a: Koraidon\n|-activate|p1a: Koraidon|move: Protect\n|\n|-weather|SunnyDay|[upkeep]\n|upkeep\n|\n|t:|1774676511\n|switch|p2b: Indeedee|Indeedee-F, L50, F|82/100\n|-fieldstart|move: Psychic Terrain|[from] ability: Psychic Surge|[of] p2b: Indeedee\n|turn|9\n|\n|t:|1774676528\n|move|p2b: Indeedee|Follow Me|p2b: Indeedee\n|-singleturn|p2b: Indeedee|move: Follow Me\n|move|p1a: Koraidon|Flare Blitz|p2b: Indeedee\n|-damage|p2b: Indeedee|0 fnt\n|faint|p2b: Indeedee\n|-damage|p1a: Koraidon|8/100|[from] Recoil\n|move|p2a: Lunala|Expanding Force|p1a: Koraidon\n|-supereffective|p1a: Koraidon\n|-damage|p1a: Koraidon|0 fnt\n|faint|p1a: Koraidon\n|\n|win|terafireflareblitz\n|raw|Regei's rating: 1500 &rarr; <strong>1482</strong><br />(-18 for losing)\n|raw|terafireflareblitz's rating: 1532 &rarr; <strong>1550</strong><br />(+18 for winning)\n|l|\u2606terafireflareblitz\n|player|p2|\n","uploadtime":1774676528,"views":72,"formatid":"gen9vgc2026regi","rating":1482,"private":0,"password":null}