{"id":"gen9vgc2026regi-2515058826","format":"[Gen 9] VGC 2026 Reg I","players":["marcxhenry","Rasple19"],"log":"|j|\u2606marcxhenry\n|j|\u2606Rasple19\n|t:|1767945132\n|gametype|doubles\n|player|p1|marcxhenry|hilbert-wonderlauncher|1116\n|player|p2|Rasple19|2|1059\n|gen|9\n|tier|[Gen 9] VGC 2026 Reg I\n|rated|\n|rule|Species Clause: Limit one of each Pok\u00e9mon\n|rule|Item Clause: Limit 1 of each item\n|clearpoke\n|poke|p1|Calyrex-Shadow, L50|\n|poke|p1|Urshifu-*, L50, M|\n|poke|p1|Roaring Moon, L50|\n|poke|p1|Kyogre, L50|\n|poke|p1|Tsareena, L50, F|\n|poke|p1|Kingambit, L50, M|\n|poke|p2|Koraidon, L50|\n|poke|p2|Lunala, L50|\n|poke|p2|Ursaluna, L50, M|\n|poke|p2|Amoonguss, L50, M|\n|poke|p2|Incineroar, L50, F|\n|poke|p2|Flutter Mane, L50|\n|teampreview|4\n|\n|t:|1767945167\n|teamsize|p1|4\n|teamsize|p2|4\n|start\n|switch|p1a: Ludwig|Calyrex-Shadow, L50|100/100\n|switch|p1b: Tripitz|Kyogre, L50, shiny|100/100\n|switch|p2a: Lunala|Lunala, L50, shiny|100/100\n|switch|p2b: Amoonguss|Amoonguss, L50, M, shiny|100/100\n|-ability|p1a: Ludwig|As One\n|-ability|p1a: Ludwig|Unnerve\n|-weather|RainDance|[from] ability: Drizzle|[of] p1b: Tripitz\n|turn|1\n|\n|t:|1767945212\n|-terastallize|p1a: Ludwig|Normal\n|-terastallize|p2a: Lunala|Fairy\n|move|p1a: Ludwig|Psychic|p2b: Amoonguss\n|-supereffective|p2b: Amoonguss\n|-damage|p2b: Amoonguss|11/100\n|move|p1b: Tripitz|Water Spout|p2b: Amoonguss|[spread] p2a,p2b\n|-resisted|p2b: Amoonguss\n|-damage|p2a: Lunala|58/100\n|-damage|p2b: Amoonguss|0 fnt\n|faint|p2b: Amoonguss\n|move|p2a: Lunala|Trick Room|p2a: Lunala\n|-fieldstart|move: Trick Room|[of] p2a: Lunala\n|\n|-weather|RainDance|[upkeep]\n|upkeep\n|\n|t:|1767945224\n|switch|p2b: Ursaluna|Ursaluna, L50, M, shiny|100/100\n|turn|2\n|\n|t:|1767945235\n|move|p1b: Tripitz|Protect|p1b: Tripitz\n|-singleturn|p1b: Tripitz|Protect\n|move|p2a: Lunala|Wide Guard|p2a: Lunala\n|-singleturn|p2a: Lunala|Wide Guard\n|move|p2b: Ursaluna|Earthquake|p1a: Ludwig|[spread] p1a\n|-activate|p2a: Lunala|move: Wide Guard\n|-activate|p1b: Tripitz|move: Protect\n|-damage|p1a: Ludwig|42/100\n|move|p1a: Ludwig|Trick Room|p1a: Ludwig\n|-fieldend|move: Trick Room\n|\n|-weather|RainDance|[upkeep]\n|-status|p2b: Ursaluna|brn|[from] item: Flame Orb\n|upkeep\n|turn|3\n|\n|t:|1767945272\n|move|p1a: Ludwig|Psychic|p2b: Ursaluna\n|-damage|p2b: Ursaluna|52/100 brn\n|move|p1b: Tripitz|Hydro Pump|p2a: Lunala\n|-damage|p2a: Lunala|0 fnt\n|faint|p2a: Lunala\n|move|p2b: Ursaluna|Facade|p1b: Tripitz\n|-damage|p1b: Tripitz|0 fnt\n|faint|p1b: Tripitz\n|\n|-weather|RainDance|[upkeep]\n|-damage|p2b: Ursaluna|46/100 brn|[from] brn\n|upkeep\n|\n|t:|1767945285\n|switch|p1b: Roter Baron|Roaring Moon, L50, shiny|100/100\n|switch|p2a: Koraidon|Koraidon, L50, shiny|100/100\n|-weather|SunnyDay|[from] ability: Orichalcum Pulse|[of] p2a: Koraidon\n|-activate|p1b: Roter Baron|ability: Protosynthesis\n|-start|p1b: Roter Baron|protosynthesisspe\n|-activate|p2a: Koraidon|Orichalcum Pulse|[source]\n|turn|4\n|\n|t:|1767945314\n|move|p1a: Ludwig|Protect|p1a: Ludwig\n|-singleturn|p1a: Ludwig|Protect\n|move|p1b: Roter Baron|Tailwind|p1b: Roter Baron\n|-sidestart|p1: marcxhenry|move: Tailwind\n|move|p2a: Koraidon|Close Combat|p1b: Roter Baron\n|-supereffective|p1b: Roter Baron\n|-damage|p1b: Roter Baron|0 fnt\n|-unboost|p2a: Koraidon|def|1\n|-unboost|p2a: Koraidon|spd|1\n|faint|p1b: Roter Baron\n|-end|p1b: Roter Baron|Protosynthesis|[silent]\n|-damage|p2a: Koraidon|91/100|[from] item: Life Orb\n|move|p2b: Ursaluna|Facade|p1a: Ludwig\n|-activate|p1a: Ludwig|move: Protect\n|\n|-weather|SunnyDay|[upkeep]\n|-damage|p2b: Ursaluna|40/100 brn|[from] brn\n|upkeep\n|\n|t:|1767945329\n|switch|p1b: Eva|Tsareena, L50, F, shiny|100/100\n|turn|5\n|\n|t:|1767945345\n|move|p1a: Ludwig|Psychic|p2a: Koraidon\n|-supereffective|p2a: Koraidon\n|-damage|p2a: Koraidon|0 fnt\n|faint|p2a: Koraidon\n|-ability|p1a: Ludwig|Grim Neigh|boost\n|-boost|p1a: Ludwig|spa|1\n|move|p1b: Eva|Triple Axel|p2b: Ursaluna\n|-supereffective|p2b: Ursaluna\n|-damage|p2b: Ursaluna|29/100 brn\n|-supereffective|p2b: Ursaluna\n|-damage|p2b: Ursaluna|7/100 brn\n|-supereffective|p2b: Ursaluna\n|-damage|p2b: Ursaluna|0 fnt\n|faint|p2b: Ursaluna\n|-hitcount|p2: Ursaluna|3\n|\n|win|marcxhenry\n|raw|marcxhenry's rating: 1116 &rarr; <strong>1137</strong><br />(+21 for winning)\n|raw|Rasple19's rating: 1059 &rarr; <strong>1043</strong><br />(-16 for losing)\n|l|\u2606Rasple19\n|player|p2|\n|l|\u2606marcxhenry\n|player|p1|\n","uploadtime":1767945647,"views":13,"formatid":"gen9vgc2026regi","rating":1043,"private":0,"password":null}