{"id":"gen9vgc2026regi-2531487050","format":"[Gen 9] VGC 2026 Reg I","players":["pzyxhic","no89"],"log":"|j|\u2606pzyxhic\n|j|\u2606no89\n|t:|1770062137\n|gametype|doubles\n|player|p1|pzyxhic|169|1493\n|player|p2|no89|pokemonbreeder-gen4|1438\n|gen|9\n|tier|[Gen 9] VGC 2026 Reg I\n|rated|\n|rule|Species Clause: Limit one of each Pok\u00e9mon\n|rule|Item Clause: Limit 1 of each item\n|clearpoke\n|poke|p1|Calyrex-Shadow, L50|\n|poke|p1|Incineroar, L50, F|\n|poke|p1|Whimsicott, L50, F|\n|poke|p1|Urshifu-*, L50, F|\n|poke|p1|Zapdos, L50|\n|poke|p1|Dialga-Origin, L50|\n|poke|p2|Ho-Oh, L50|\n|poke|p2|Zamazenta-*, L50|\n|poke|p2|Rillaboom, L50, F|\n|poke|p2|Ogerpon-Cornerstone, L50, F|\n|poke|p2|Flutter Mane, L50|\n|poke|p2|Chi-Yu, L50|\n|teampreview|4\n|inactive|Battle timer is ON: inactive players will automatically lose when time's up. (requested by no89)\n|\n|t:|1770062210\n|teamsize|p1|4\n|teamsize|p2|4\n|start\n|switch|p1a: Calyrex|Calyrex-Shadow, L50|100/100\n|switch|p1b: Incineroar|Incineroar, L50, F|100/100\n|switch|p2a: Ogerpon|Ogerpon-Cornerstone, L50, F|100/100\n|switch|p2b: Chi-Yu|Chi-Yu, L50|100/100\n|-ability|p1a: Calyrex|As One\n|-ability|p1a: Calyrex|Unnerve\n|-ability|p2b: Chi-Yu|Beads of Ruin\n|-ability|p1b: Incineroar|Intimidate|boost\n|-unboost|p2a: Ogerpon|atk|1\n|-unboost|p2b: Chi-Yu|atk|1\n|turn|1\n|inactive|pzyxhic has 30 seconds left.\n|\n|t:|1770062242\n|switch|p1a: Zapdos|Zapdos, L50|100/100\n|move|p2a: Ogerpon|Ivy Cudgel|p1b: Incineroar|[anim] Ivy Cudgel Rock\n|-supereffective|p1b: Incineroar\n|-damage|p1b: Incineroar|34/100\n|move|p2b: Chi-Yu|Heat Wave|p1a: Zapdos|[spread] p1a,p1b\n|-resisted|p1b: Incineroar\n|-damage|p1a: Zapdos|48/100\n|-damage|p1b: Incineroar|22/100\n|move|p1b: Incineroar|U-turn|p2b: Chi-Yu\n|-damage|p2b: Chi-Yu|67/100\n|\n|t:|1770062255\n|switch|p1b: Dialga|Dialga-Origin, L50|100/100|[from] U-turn\n|-ability|p1b: Dialga|Pressure\n|\n|-heal|p1a: Zapdos|54/100|[from] item: Leftovers\n|upkeep\n|turn|2\n|\n|t:|1770062273\n|move|p2b: Chi-Yu|Protect|p2b: Chi-Yu\n|-singleturn|p2b: Chi-Yu|Protect\n|move|p1a: Zapdos|Detect|p1a: Zapdos\n|-singleturn|p1a: Zapdos|Protect\n|move|p2a: Ogerpon|Ivy Cudgel|p1a: Zapdos|[anim] Ivy Cudgel Rock\n|-activate|p1a: Zapdos|move: Protect\n|move|p1b: Dialga|Flash Cannon|p2a: Ogerpon\n|-supereffective|p2a: Ogerpon\n|-ability|p2a: Ogerpon|Sturdy\n|-damage|p2a: Ogerpon|1/100\n|\n|-heal|p1a: Zapdos|60/100|[from] item: Leftovers\n|upkeep\n|turn|3\n|inactive|pzyxhic has 30 seconds left.\n|inactive|pzyxhic has 20 seconds left.\n|inactive|pzyxhic has 15 seconds left.\n|\n|t:|1770062314\n|move|p2a: Ogerpon|Follow Me|p2a: Ogerpon\n|-singleturn|p2a: Ogerpon|move: Follow Me\n|move|p2b: Chi-Yu|Snarl|p1b: Dialga|[spread] p1a,p1b\n|-damage|p1a: Zapdos|31/100\n|-damage|p1b: Dialga|79/100\n|-unboost|p1a: Zapdos|spa|1\n|-unboost|p1b: Dialga|spa|1\n|move|p1a: Zapdos|Volt Switch|p2a: Ogerpon\n|-resisted|p2a: Ogerpon\n|-damage|p2a: Ogerpon|0 fnt\n|faint|p2a: Ogerpon\n|\n|t:|1770062330\n|switch|p1a: Calyrex|Calyrex-Shadow, L50|100/100|[from] Volt Switch\n|-ability|p1a: Calyrex|As One\n|-ability|p1a: Calyrex|Unnerve\n|move|p1b: Dialga|Earth Power|p2b: Chi-Yu\n|-supereffective|p2b: Chi-Yu\n|-damage|p2b: Chi-Yu|4/100\n|\n|upkeep\n|\n|t:|1770062337\n|switch|p2a: Flutter Mane|Flutter Mane, L50|100/100\n|-enditem|p2a: Flutter Mane|Booster Energy\n|-activate|p2a: Flutter Mane|ability: Protosynthesis|[fromitem]\n|-start|p2a: Flutter Mane|protosynthesisspe\n|turn|4\n|\n|t:|1770062353\n|switch|p1b: Incineroar|Incineroar, L50, F|22/100\n|-ability|p1b: Incineroar|Intimidate|boost\n|-unboost|p2a: Flutter Mane|atk|1\n|-unboost|p2b: Chi-Yu|atk|1\n|move|p2a: Flutter Mane|Protect|p2a: Flutter Mane\n|-singleturn|p2a: Flutter Mane|Protect\n|move|p2b: Chi-Yu|Protect|p2b: Chi-Yu\n|-singleturn|p2b: Chi-Yu|Protect\n|move|p1a: Calyrex|Astral Barrage|p2b: Chi-Yu|[spread] \n|-activate|p2a: Flutter Mane|move: Protect\n|-activate|p2b: Chi-Yu|move: Protect\n|\n|upkeep\n|turn|5\n|\n|t:|1770062377\n|-terastallize|p2a: Flutter Mane|Fairy\n|move|p1b: Incineroar|Fake Out|p2a: Flutter Mane\n|-damage|p2a: Flutter Mane|76/100\n|move|p1a: Calyrex|Astral Barrage|p2a: Flutter Mane|[spread] p2a,p2b\n|-resisted|p2b: Chi-Yu\n|-crit|p2b: Chi-Yu\n|-damage|p2a: Flutter Mane|0 fnt\n|-damage|p2b: Chi-Yu|0 fnt\n|faint|p2a: Flutter Mane\n|-end|p2a: Flutter Mane|Protosynthesis|[silent]\n|faint|p2b: Chi-Yu\n|-ability|p1a: Calyrex|Grim Neigh|boost\n|-boost|p1a: Calyrex|spa|2\n|\n|upkeep\n|-message|no89 forfeited.\n|\n|win|pzyxhic\n|raw|pzyxhic's rating: 1493 &rarr; <strong>1510</strong><br />(+17 for winning)\n|raw|no89's rating: 1438 &rarr; <strong>1421</strong><br />(-17 for losing)\n|l|\u2606pzyxhic\n|player|p1|\n|l|\u2606no89\n|player|p2|\n","uploadtime":1770062662,"views":31,"formatid":"gen9vgc2026regi","rating":1421,"private":0,"password":null}