{"id":"gen9vgc2026regi-2564612242","format":"[Gen 9] VGC 2026 Reg I","players":["dasabe\u76d6\u6b27\u5361\u4fa0","randomcatFFR"],"log":"|j|\u2606dasabe\u76d6\u6b27\u5361\u4fa0\n|j|\u2606randomcatFFR\n|t:|1774174573\n|gametype|doubles\n|player|p1|dasabe\u76d6\u6b27\u5361\u4fa0|may-masters4|1450\n|player|p2|randomcatFFR|bugcatcher-gen4dp|1415\n|gen|9\n|tier|[Gen 9] VGC 2026 Reg I\n|rated|\n|rule|Species Clause: Limit one of each Pok\u00e9mon\n|rule|Item Clause: Limit 1 of each item\n|clearpoke\n|poke|p1|Zacian-*, L50|\n|poke|p1|Koraidon, L50|\n|poke|p1|Rillaboom, L50, F|\n|poke|p1|Chien-Pao, L50|\n|poke|p1|Tornadus, L50, M|\n|poke|p1|Walking Wake, L50|\n|poke|p2|Calyrex-Shadow, L50|\n|poke|p2|Zamazenta-*, L50|\n|poke|p2|Chi-Yu, L50|\n|poke|p2|Indeedee-F, L50, F|\n|poke|p2|Amoonguss, L50, M|\n|poke|p2|Raging Bolt, L50|\n|teampreview|4\nrandomcatFFR has agreed to open team sheets.\n|j| blackred123\ndasabe\u76d6\u6b27\u5361\u4fa0 has agreed to open team sheets.\n|showteam|p1|Zacian-Crowned||RustedSword|IntrepidSword|Protect,SwordsDance,behemothblade,PlayRough||||||50|,,,,,Normal]Koraidon||ClearAmulet|OrichalcumPulse|CollisionCourse,Protect,FlameCharge,FlareBlitz||||||50|,,,,,Fire]Rillaboom||AssaultVest|GrassySurge|WoodHammer,Uturn,GrassyGlide,FakeOut|||F|||50|,,,,,Fire]Chien-Pao||FocusSash|SwordofRuin|IceSpinner,SuckerPunch,Protect,Taunt||||||50|,,,,,Ghost]Tornadus||SkyPlate|Prankster|BleakwindStorm,Tailwind,Taunt,SunnyDay|||M|||50|,,,,,Dark]Walking Wake||LifeOrb|Protosynthesis|DragonPulse,HydroSteam,Protect,WeatherBall||||||50|,,,,,Water\n|showteam|p2|Calyrex-Shadow||LifeOrb|AsOneSpectrier|AstralBarrage,Psychic,NastyPlot,Protect||||||50|,,,,,Dark]Zamazenta-Crowned||RustedShield|DauntlessShield|HeavySlam,BodyPress,WideGuard,Protect||||||50|,,,,,Water]Chi-Yu||ChoiceScarf|BeadsofRuin|HeatWave,Snarl,Ruination,Flamethrower||||||50|,,,,,Fire]Indeedee-F||SafetyGoggles|PsychicSurge|FollowMe,DazzlingGleam,TrickRoom,HelpingHand|||F|||50|,,,,,Water]Amoonguss||SitrusBerry|Regenerator|Spore,RagePowder,PollenPuff,Protect|||M|||50|,,,,,Water]Raging Bolt||AssaultVest|Protosynthesis|Snarl,Electroweb,Thunderclap,DracoMeteor||||||50|,,,,,Fairy\n|j| Ryaanng\n|\n|t:|1774174684\n|teamsize|p1|4\n|teamsize|p2|4\n|start\n|switch|p1a: \u9a82\u8c01\u542b\u5251|Zacian-Crowned, L50|100/100\n|switch|p1b: \u829d\u58eb\u96ea\u8c79|Chien-Pao, L50|100/100\n|switch|p2a: Zamazenta|Zamazenta-Crowned, L50|100/100\n|switch|p2b: Indeedee|Indeedee-F, L50, F|100/100\n|-ability|p1a: \u9a82\u8c01\u542b\u5251|Intrepid Sword|boost\n|-boost|p1a: \u9a82\u8c01\u542b\u5251|atk|1\n|-ability|p1b: \u829d\u58eb\u96ea\u8c79|Sword of Ruin\n|-ability|p2a: Zamazenta|Dauntless Shield|boost\n|-boost|p2a: Zamazenta|def|1\n|-fieldstart|move: Psychic Terrain|[from] ability: Psychic Surge|[of] p2b: Indeedee\n|turn|1\n|\n|t:|1774174701\n|move|p1a: \u9a82\u8c01\u542b\u5251|Behemoth Blade|p2b: Indeedee\n|-damage|p2b: Indeedee|0 fnt\n|faint|p2b: Indeedee\n|move|p1b: \u829d\u58eb\u96ea\u8c79|Ice Spinner|p2a: Zamazenta\n|-resisted|p2a: Zamazenta\n|-damage|p2a: Zamazenta|90/100\n|-fieldend|move: Psychic Terrain\n|move|p2a: Zamazenta|Heavy Slam|p1b: \u829d\u58eb\u96ea\u8c79\n|-supereffective|p1b: \u829d\u58eb\u96ea\u8c79\n|-enditem|p1b: \u829d\u58eb\u96ea\u8c79|Focus Sash\n|-damage|p1b: \u829d\u58eb\u96ea\u8c79|1/100\n|\n|upkeep\n|\n|t:|1774174732\n|switch|p2b: Calyrex|Calyrex-Shadow, L50|100/100\n|-ability|p2b: Calyrex|As One\n|-ability|p2b: Calyrex|Unnerve\n|turn|2\n|\n|t:|1774174767\n|switch|p2b: Raging Bolt|Raging Bolt, L50|100/100\n|move|p1a: \u9a82\u8c01\u542b\u5251|Protect|p1a: \u9a82\u8c01\u542b\u5251\n|-singleturn|p1a: \u9a82\u8c01\u542b\u5251|Protect\n|move|p1b: \u829d\u58eb\u96ea\u8c79|Protect|p1b: \u829d\u58eb\u96ea\u8c79\n|-singleturn|p1b: \u829d\u58eb\u96ea\u8c79|Protect\n|move|p2a: Zamazenta|Heavy Slam|p1b: \u829d\u58eb\u96ea\u8c79\n|-activate|p1b: \u829d\u58eb\u96ea\u8c79|move: Protect\n|\n|upkeep\n|turn|3\n|\n|t:|1774174794\n|move|p1b: \u829d\u58eb\u96ea\u8c79|Sucker Punch|p2b: Raging Bolt\n|-damage|p2b: Raging Bolt|60/100\n|move|p2b: Raging Bolt|Thunderclap||[still]\n|-fail|p2b: Raging Bolt\n|move|p1a: \u9a82\u8c01\u542b\u5251|Behemoth Blade|p2b: Raging Bolt\n|-resisted|p2b: Raging Bolt\n|-damage|p2b: Raging Bolt|14/100\n|move|p2a: Zamazenta|Body Press|p1a: \u9a82\u8c01\u542b\u5251\n|-damage|p1a: \u9a82\u8c01\u542b\u5251|19/100\n|\n|upkeep\n|turn|4\n|\n|t:|1774174829\n|move|p2b: Raging Bolt|Thunderclap|p1a: \u9a82\u8c01\u542b\u5251\n|-damage|p1a: \u9a82\u8c01\u542b\u5251|0 fnt\n|faint|p1a: \u9a82\u8c01\u542b\u5251\n|move|p1b: \u829d\u58eb\u96ea\u8c79|Ice Spinner|p2b: Raging Bolt\n|-supereffective|p2b: Raging Bolt\n|-damage|p2b: Raging Bolt|0 fnt\n|faint|p2b: Raging Bolt\n|-end|p2b: Raging Bolt|Protosynthesis|[silent]\n|move|p2a: Zamazenta|Heavy Slam|p1b: \u829d\u58eb\u96ea\u8c79\n|-supereffective|p1b: \u829d\u58eb\u96ea\u8c79\n|-damage|p1b: \u829d\u58eb\u96ea\u8c79|0 fnt\n|faint|p1b: \u829d\u58eb\u96ea\u8c79\n|\n|upkeep\n|\n|t:|1774174844\n|switch|p1a: \u5927\u6ce2\u597d\u8d62\u8361|Walking Wake, L50|100/100\n|switch|p1b: \u6545\u5927\u5305\u52d2|Koraidon, L50|100/100\n|switch|p2b: Calyrex|Calyrex-Shadow, L50|100/100\n|-ability|p2b: Calyrex|As One\n|-ability|p2b: Calyrex|Unnerve\n|-weather|SunnyDay|[from] ability: Orichalcum Pulse|[of] p1b: \u6545\u5927\u5305\u52d2\n|-activate|p1a: \u5927\u6ce2\u597d\u8d62\u8361|ability: Protosynthesis\n|-start|p1a: \u5927\u6ce2\u597d\u8d62\u8361|protosynthesisspe\n|-activate|p1b: \u6545\u5927\u5305\u52d2|Orichalcum Pulse|[source]\n|turn|5\n|\n|t:|1774174876\n|-terastallize|p2a: Zamazenta|Water\n|-terastallize|p1b: \u6545\u5927\u5305\u52d2|Fire\n|move|p1a: \u5927\u6ce2\u597d\u8d62\u8361|Protect|p1a: \u5927\u6ce2\u597d\u8d62\u8361\n|-singleturn|p1a: \u5927\u6ce2\u597d\u8d62\u8361|Protect\n|move|p2b: Calyrex|Protect|p2b: Calyrex\n|-singleturn|p2b: Calyrex|Protect\n|move|p2a: Zamazenta|Body Press|p1a: \u5927\u6ce2\u597d\u8d62\u8361\n|-activate|p1a: \u5927\u6ce2\u597d\u8d62\u8361|move: Protect\n|move|p1b: \u6545\u5927\u5305\u52d2|Flame Charge|p2b: Calyrex\n|-activate|p2b: Calyrex|move: Protect\n|\n|-weather|SunnyDay|[upkeep]\n|upkeep\n|turn|6\n|\n|t:|1774174886\n|move|p1a: \u5927\u6ce2\u597d\u8d62\u8361|Hydro Steam|p2b: Calyrex\n|-damage|p2b: Calyrex|28/100\n|-damage|p1a: \u5927\u6ce2\u597d\u8d62\u8361|91/100|[from] item: Life Orb\n|move|p2b: Calyrex|Astral Barrage|p1b: \u6545\u5927\u5305\u52d2|[spread] p1a,p1b\n|-damage|p1a: \u5927\u6ce2\u597d\u8d62\u8361|10/100\n|-damage|p1b: \u6545\u5927\u5305\u52d2|50/100\n|-damage|p2b: Calyrex|19/100|[from] item: Life Orb\n|move|p2a: Zamazenta|Body Press|p1a: \u5927\u6ce2\u597d\u8d62\u8361\n|-damage|p1a: \u5927\u6ce2\u597d\u8d62\u8361|0 fnt\n|faint|p1a: \u5927\u6ce2\u597d\u8d62\u8361\n|-end|p1a: \u5927\u6ce2\u597d\u8d62\u8361|Protosynthesis|[silent]\n|move|p1b: \u6545\u5927\u5305\u52d2|Flame Charge|p2b: Calyrex\n|-crit|p2b: Calyrex\n|-damage|p2b: Calyrex|0 fnt\n|-boost|p1b: \u6545\u5927\u5305\u52d2|spe|1\n|faint|p2b: Calyrex\n|\n|-weather|SunnyDay|[upkeep]\n|upkeep\n|turn|7\n|\n|t:|1774174895\n|move|p1b: \u6545\u5927\u5305\u52d2|Collision Course|p2a: Zamazenta\n|-damage|p2a: Zamazenta|63/100\n|move|p2a: Zamazenta|Body Press|p1b: \u6545\u5927\u5305\u52d2\n|-damage|p1b: \u6545\u5927\u5305\u52d2|0 fnt\n|faint|p1b: \u6545\u5927\u5305\u52d2\n|\n|win|randomcatFFR\n|raw|dasabe\u76d6\u6b27\u5361\u4fa0's rating: 1450 &rarr; <strong>1428</strong><br />(-22 for losing)\n|raw|randomcatFFR's rating: 1415 &rarr; <strong>1437</strong><br />(+22 for winning)\n|l|\u2606dasabe\u76d6\u6b27\u5361\u4fa0\n|player|p1|\n|c|\u2606randomcatFFR|gg\n|l|\u2606randomcatFFR\n|player|p2|\n|l| Ryaanng\n","uploadtime":1774175122,"views":11,"formatid":"gen9vgc2026regi","rating":1428,"private":0,"password":null}