{"id":"gen9vgc2026regi-2527689080","format":"[Gen 9] VGC 2026 Reg I","players":["inb_178","EduLm"],"log":"|j|\u2606inb_178\n|j|\u2606EduLm\n|t:|1769564059\n|gametype|doubles\n|player|p1|inb_178|266|1333\n|player|p2|EduLm|blue|1213\n|gen|9\n|tier|[Gen 9] VGC 2026 Reg I\n|rated|\n|rule|Species Clause: Limit one of each Pok\u00e9mon\n|rule|Item Clause: Limit 1 of each item\n|clearpoke\n|poke|p1|Miraidon, L50|\n|poke|p1|Calyrex-Shadow, L50|\n|poke|p1|Incineroar, L50, M|\n|poke|p1|Rillaboom, L50, F|\n|poke|p1|Clefairy, L50, F|\n|poke|p1|Volcarona, L50, M|\n|poke|p2|Dialga-Origin, L50|\n|poke|p2|Kyurem-White, L50|\n|poke|p2|Ninetales-Alola, L50, F|\n|poke|p2|Decidueye-Hisui, L50, M|\n|poke|p2|Milotic, L50, F|\n|poke|p2|Talonflame, L50, M|\n|teampreview|4\n|inactive|Battle timer is ON: inactive players will automatically lose when time's up. (requested by EduLm)\n|\n|t:|1769564108\n|teamsize|p1|4\n|teamsize|p2|4\n|start\n|switch|p1a: Calyrex|Calyrex-Shadow, L50|100/100\n|switch|p1b: Miraidon|Miraidon, L50|100/100\n|switch|p2a: Kyurem|Kyurem-White, L50, shiny|100/100\n|switch|p2b: Ninetales|Ninetales-Alola, L50, F, shiny|100/100\n|-ability|p1a: Calyrex|As One\n|-ability|p1a: Calyrex|Unnerve\n|-fieldstart|move: Electric Terrain|[from] ability: Hadron Engine|[of] p1b: Miraidon\n|-weather|Snowscape|[from] ability: Snow Warning|[of] p2b: Ninetales\n|-ability|p2a: Kyurem|Turboblaze\n|turn|1\n|\n|t:|1769564133\n|-terastallize|p2a: Kyurem|Fairy\n|move|p1b: Miraidon|Volt Switch|p2b: Ninetales\n|-damage|p2b: Ninetales|22/100\n|\n|t:|1769564137\n|switch|p1b: Volcarona|Volcarona, L50, M|100/100|[from] Volt Switch\n|move|p1a: Calyrex|Calm Mind|p1a: Calyrex\n|-boost|p1a: Calyrex|spa|1\n|-boost|p1a: Calyrex|spd|1\n|move|p2b: Ninetales|Aurora Veil|p2b: Ninetales\n|-sidestart|p2: EduLm|move: Aurora Veil\n|move|p2a: Kyurem|Blizzard|p1a: Calyrex|[spread] p1a,p1b\n|-crit|p1a: Calyrex\n|-resisted|p1b: Volcarona\n|-damage|p1a: Calyrex|31/100\n|-damage|p1b: Volcarona|77/100\n|\n|-weather|Snowscape|[upkeep]\n|upkeep\n|turn|2\n|\n|t:|1769564156\n|move|p1a: Calyrex|Protect|p1a: Calyrex\n|-singleturn|p1a: Calyrex|Protect\n|move|p2b: Ninetales|Icy Wind|p1a: Calyrex|[spread] p1b\n|-activate|p1a: Calyrex|move: Protect\n|-resisted|p1b: Volcarona\n|-damage|p1b: Volcarona|72/100\n|-unboost|p1b: Volcarona|spe|1\n|move|p2a: Kyurem|Blizzard|p1b: Volcarona|[spread] p1b\n|-activate|p1a: Calyrex|move: Protect\n|-resisted|p1b: Volcarona\n|-damage|p1b: Volcarona|47/100\n|move|p1b: Volcarona|Struggle Bug|p2b: Ninetales|[spread] p2a,p2b\n|-resisted|p2a: Kyurem\n|-resisted|p2b: Ninetales\n|-damage|p2a: Kyurem|98/100\n|-damage|p2b: Ninetales|16/100\n|-unboost|p2a: Kyurem|spa|1\n|-unboost|p2b: Ninetales|spa|1\n|\n|-weather|Snowscape|[upkeep]\n|upkeep\n|turn|3\n|inactive|inb_178 has 30 seconds left.\n|\n|t:|1769564183\n|switch|p1b: Clefairy|Clefairy, L50, F|100/100\n|-terastallize|p1a: Calyrex|Fairy\n|move|p1a: Calyrex|Draining Kiss|p2a: Kyurem\n|-damage|p2a: Kyurem|81/100\n|-heal|p1a: Calyrex|44/100|[from] drain|[of] p2a: Kyurem\n|move|p2b: Ninetales|Icy Wind|p1b: Clefairy|[spread] p1a,p1b\n|-damage|p1a: Calyrex|40/100\n|-damage|p1b: Clefairy|93/100\n|-unboost|p1b: Clefairy|spe|1\n|move|p2a: Kyurem|Blizzard|p1a: Calyrex|[spread] p1a,p1b\n|-damage|p1a: Calyrex|17/100\n|-damage|p1b: Clefairy|59/100\n|\n|-weather|Snowscape|[upkeep]\n|upkeep\n|turn|4\n|\n|t:|1769564202\n|move|p1a: Calyrex|Protect|p1a: Calyrex\n|-singleturn|p1a: Calyrex|Protect\n|move|p2b: Ninetales|Blizzard|p1b: Clefairy|[spread] p1b\n|-activate|p1a: Calyrex|move: Protect\n|-damage|p1b: Clefairy|47/100\n|move|p2a: Kyurem|Blizzard|p1a: Calyrex|[spread] p1b\n|-activate|p1a: Calyrex|move: Protect\n|-damage|p1b: Clefairy|17/100\n|move|p1b: Clefairy|Life Dew|p1b: Clefairy|[spread] p1a,p1b\n|-heal|p1a: Calyrex|42/100\n|-heal|p1b: Clefairy|42/100\n|\n|-weather|Snowscape|[upkeep]\n|upkeep\n|turn|5\n|\n|t:|1769564219\n|move|p1a: Calyrex|Astral Barrage|p2b: Ninetales|[spread] p2a,p2b\n|-damage|p2a: Kyurem|54/100\n|-damage|p2b: Ninetales|0 fnt\n|faint|p2b: Ninetales\n|-ability|p1a: Calyrex|Grim Neigh|boost\n|-boost|p1a: Calyrex|spa|1\n|move|p2a: Kyurem|Blizzard|p1a: Calyrex|[spread] p1a,p1b\n|-damage|p1a: Calyrex|20/100\n|-damage|p1b: Clefairy|8/100\n|move|p1b: Clefairy|Life Dew|p1b: Clefairy|[spread] p1a,p1b\n|-heal|p1a: Calyrex|45/100\n|-heal|p1b: Clefairy|33/100\n|\n|-weather|none\n|-fieldend|move: Electric Terrain\n|upkeep\n|\n|t:|1769564227\n|switch|p2b: Talonflame|Talonflame, L50, M, shiny|100/100\n|turn|6\n|inactive|inb_178 has 30 seconds left.\n|\n|t:|1769564254\n|move|p1b: Clefairy|Follow Me|p1b: Clefairy\n|-singleturn|p1b: Clefairy|move: Follow Me\n|move|p2b: Talonflame|Tailwind|p2b: Talonflame\n|-sidestart|p2: EduLm|move: Tailwind\n|move|p2a: Kyurem|Fusion Flare|p1b: Clefairy\n|-damage|p1b: Clefairy|8/100\n|move|p1a: Calyrex|Astral Barrage|p2a: Kyurem|[spread] p2a,p2b\n|-damage|p2a: Kyurem|19/100\n|-damage|p2b: Talonflame|31/100\n|\n|upkeep\n|turn|7\n|inactive|inb_178 has 30 seconds left.\n|\n|t:|1769564281\n|switch|p2a: Decidueye|Decidueye-Hisui, L50, M, shiny|100/100\n|move|p1b: Clefairy|Follow Me|p1b: Clefairy\n|-singleturn|p1b: Clefairy|move: Follow Me\n|move|p2b: Talonflame|Brave Bird|p1b: Clefairy\n|-damage|p1b: Clefairy|0 fnt\n|faint|p1b: Clefairy\n|-damage|p2b: Talonflame|28/100|[from] Recoil\n|move|p1a: Calyrex|Astral Barrage|p2b: Talonflame|[spread] p2a,p2b\n|-damage|p2a: Decidueye|36/100\n|-damage|p2b: Talonflame|0 fnt\n|faint|p2b: Talonflame\n|-ability|p1a: Calyrex|Grim Neigh|boost\n|-boost|p1a: Calyrex|spa|1\n|\n|upkeep\n|\n|t:|1769564298\n|switch|p2b: Kyurem|Kyurem-White, L50, shiny, tera:Fairy|19/100\n|switch|p1b: Volcarona|Volcarona, L50, M|47/100\n|-ability|p2b: Kyurem|Turboblaze\n|turn|8\n|\n|t:|1769564309\n|move|p1b: Volcarona|Rage Powder|p1b: Volcarona\n|-singleturn|p1b: Volcarona|move: Rage Powder\n|move|p2b: Kyurem|Blizzard|p1a: Calyrex|[spread] p1a,p1b\n|-resisted|p1b: Volcarona\n|-damage|p1a: Calyrex|10/100\n|-damage|p1b: Volcarona|21/100\n|move|p1a: Calyrex|Astral Barrage|p2b: Kyurem|[spread] p2a,p2b\n|-damage|p2a: Decidueye|0 fnt\n|-damage|p2b: Kyurem|0 fnt\n|faint|p2a: Decidueye\n|faint|p2b: Kyurem\n|\n|win|inb_178\n|raw|inb_178's rating: 1333 &rarr; <strong>1346</strong><br />(+13 for winning)\n|raw|EduLm's rating: 1213 &rarr; <strong>1196</strong><br />(-17 for losing)\n|l|\u2606EduLm\n|player|p2|\n|l|\u2606inb_178\n|player|p1|\n","uploadtime":1769564485,"views":16,"formatid":"gen9vgc2026regi","rating":1196,"private":0,"password":null}