{"id":"gen9vgc2026regi-2547127427","format":"[Gen 9] VGC 2026 Reg I","players":["bearhug6672","Schimmli"],"log":"|j|\u2606bearhug6672\n|j|\u2606Schimmli\n|t:|1772049132\n|gametype|doubles\n|player|p1|bearhug6672|doubleteam|1307\n|player|p2|Schimmli|2|1409\n|gen|9\n|tier|[Gen 9] VGC 2026 Reg I\n|rated|\n|rule|Species Clause: Limit one of each Pok\u00e9mon\n|rule|Item Clause: Limit 1 of each item\n|clearpoke\n|poke|p1|Terapagos, L50, M|\n|poke|p1|Calyrex-Shadow, L50|\n|poke|p1|Incineroar, L50, M|\n|poke|p1|Rillaboom, L50, M|\n|poke|p1|Volcarona, L50, F|\n|poke|p1|Clefairy, L50, F|\n|poke|p2|Lugia, L50|\n|poke|p2|Miraidon, L50|\n|poke|p2|Iron Hands, L50|\n|poke|p2|Entei, L50|\n|poke|p2|Chien-Pao, L50|\n|poke|p2|Whimsicott, L50, F|\n|teampreview|4\n|inactive|Battle timer is ON: inactive players will automatically lose when time's up. (requested by bearhug6672)\n|inactive|Schimmli has 60 seconds left.\n|\n|t:|1772049211\n|teamsize|p1|4\n|teamsize|p2|4\n|start\n|switch|p1a: Calyrex|Calyrex-Shadow, L50|100/100\n|switch|p1b: Incineroar|Incineroar, L50, M|100/100\n|switch|p2a: Miraidon|Miraidon, L50|100/100\n|switch|p2b: Entei|Entei, L50|100/100\n|-ability|p1a: Calyrex|As One\n|-ability|p1a: Calyrex|Unnerve\n|-fieldstart|move: Electric Terrain|[from] ability: Hadron Engine|[of] p2a: Miraidon\n|-ability|p1b: Incineroar|Intimidate|boost\n|-unboost|p2a: Miraidon|atk|1\n|-fail|p2b: Entei|unboost|Attack|[from] ability: Inner Focus|[of] p2b: Entei\n|turn|1\n|inactive|bearhug6672 has 30 seconds left.\n|inactive|Schimmli has 30 seconds left.\n|inactive|Schimmli has 20 seconds left.\n|inactive|bearhug6672 has 20 seconds left.\n|inactive|Schimmli has 15 seconds left.\n|inactive|bearhug6672 has 15 seconds left.\n|\n|t:|1772049257\n|move|p1a: Calyrex|Protect|p1a: Calyrex\n|-singleturn|p1a: Calyrex|Protect\n|move|p2a: Miraidon|Volt Switch|p1a: Calyrex\n|-activate|p1a: Calyrex|move: Protect\n|move|p2b: Entei|Sacred Fire|p1a: Calyrex\n|-activate|p1a: Calyrex|move: Protect\n|move|p1b: Incineroar|Parting Shot|p2a: Miraidon\n|-unboost|p2a: Miraidon|atk|1\n|-unboost|p2a: Miraidon|spa|1\n|\n|t:|1772049266\n|switch|p1b: Rillaboom|Rillaboom, L50, M|100/100|[from] Parting Shot\n|-fieldstart|move: Grassy Terrain|[from] ability: Grassy Surge|[of] p1b: Rillaboom\n|\n|upkeep\n|turn|2\n|\n|t:|1772049280\n|switch|p1b: Incineroar|Incineroar, L50, M|100/100\n|-ability|p1b: Incineroar|Intimidate|boost\n|-unboost|p2a: Miraidon|atk|1\n|-fail|p2b: Entei|unboost|Attack|[from] ability: Inner Focus|[of] p2b: Entei\n|move|p1a: Calyrex|Disable|p2a: Miraidon\n|-start|p2a: Miraidon|Disable|Volt Switch\n|cant|p2a: Miraidon|Disable|Volt Switch\n|move|p2b: Entei|Sacred Fire|p1a: Calyrex\n|-damage|p1a: Calyrex|10/100\n|\n|-heal|p1a: Calyrex|16/100|[from] Grassy Terrain\n|upkeep\n|turn|3\n|inactive|Schimmli has 30 seconds left.\n|\n|t:|1772049306\n|switch|p2a: Whimsicott|Whimsicott, L50, F|100/100\n|move|p1a: Calyrex|Disable|p2b: Entei\n|-start|p2b: Entei|Disable|Sacred Fire\n|cant|p2b: Entei|Disable|Sacred Fire\n|move|p1b: Incineroar|Parting Shot|p2b: Entei\n|-unboost|p2b: Entei|atk|1\n|-unboost|p2b: Entei|spa|1\n|\n|t:|1772049316\n|switch|p1b: Rillaboom|Rillaboom, L50, M|100/100|[from] Parting Shot\n|\n|-heal|p1a: Calyrex|22/100|[from] Grassy Terrain\n|upkeep\n|turn|4\n|\n|t:|1772049324\n|switch|p2b: Lugia|Lugia, L50|100/100\n|move|p1b: Rillaboom|Fake Out|p2a: Whimsicott\n|-damage|p2a: Whimsicott|84/100\n|move|p2a: Whimsicott|Encore|p1a: Calyrex\n|-start|p1a: Calyrex|Encore\n|move|p1a: Calyrex|Disable||[still]\n|-fail|p1a: Calyrex\n|\n|-heal|p1a: Calyrex|28/100|[from] Grassy Terrain\n|-heal|p2a: Whimsicott|90/100|[from] Grassy Terrain\n|upkeep\n|turn|5\n|\n|t:|1772049340\n|switch|p1b: Incineroar|Incineroar, L50, M|100/100\n|-ability|p1b: Incineroar|Intimidate|boost\n|-unboost|p2a: Whimsicott|atk|1\n|-unboost|p2b: Lugia|atk|1\n|move|p2a: Whimsicott|Light Screen|p2a: Whimsicott\n|-sidestart|p2: Schimmli|move: Light Screen\n|move|p1a: Calyrex|Disable|p2a: Whimsicott\n|-start|p2a: Whimsicott|Disable|Light Screen\n|move|p2b: Lugia|Calm Mind|p2b: Lugia\n|-boost|p2b: Lugia|spa|1\n|-boost|p2b: Lugia|spd|1\n|\n|-heal|p1a: Calyrex|35/100|[from] Grassy Terrain\n|-heal|p2a: Whimsicott|95/100|[from] Grassy Terrain\n|-fieldend|move: Grassy Terrain\n|upkeep\n|turn|6\n|\n|t:|1772049363\n|switch|p1a: Rillaboom|Rillaboom, L50, M|100/100\n|-fieldstart|move: Grassy Terrain|[from] ability: Grassy Surge|[of] p1a: Rillaboom\n|move|p2a: Whimsicott|Tailwind|p2a: Whimsicott\n|-sidestart|p2: Schimmli|move: Tailwind\n|move|p2b: Lugia|Aeroblast|p1b: Incineroar|[miss]\n|-miss|p2b: Lugia|p1b: Incineroar\n|move|p1b: Incineroar|Knock Off|p2b: Lugia\n|-supereffective|p2b: Lugia\n|-damage|p2b: Lugia|68/100\n|-enditem|p2b: Lugia|Electric Seed|[from] move: Knock Off|[of] p1b: Incineroar\n|\n|-heal|p2a: Whimsicott|100/100|[from] Grassy Terrain\n|upkeep\n|turn|7\n|\n|t:|1772049384\n|move|p2a: Whimsicott|Moonblast|p1b: Incineroar\n|-damage|p1b: Incineroar|79/100\n|-unboost|p1b: Incineroar|spa|1\n|move|p2b: Lugia|Calm Mind|p2b: Lugia\n|-boost|p2b: Lugia|spa|1\n|-boost|p2b: Lugia|spd|1\n|move|p1a: Rillaboom|U-turn|p2a: Whimsicott\n|-damage|p2a: Whimsicott|69/100\n|\n|t:|1772049395\n|switch|p1a: Calyrex|Calyrex-Shadow, L50|35/100|[from] U-turn\n|-ability|p1a: Calyrex|As One\n|-ability|p1a: Calyrex|Unnerve\n|move|p1b: Incineroar|Flare Blitz|p2a: Whimsicott\n|-supereffective|p2a: Whimsicott\n|-damage|p2a: Whimsicott|0 fnt\n|faint|p2a: Whimsicott\n|-damage|p1b: Incineroar|61/100|[from] Recoil\n|\n|-heal|p1a: Calyrex|41/100|[from] Grassy Terrain\n|-heal|p1b: Incineroar|67/100|[from] Grassy Terrain\n|upkeep\n|\n|t:|1772049411\n|switch|p2a: Miraidon|Miraidon, L50|100/100\n|-fieldstart|move: Electric Terrain|[from] ability: Hadron Engine|[of] p2a: Miraidon\n|turn|8\n|\n|t:|1772049420\n|switch|p1b: Rillaboom|Rillaboom, L50, M|100/100\n|-fieldstart|move: Grassy Terrain|[from] ability: Grassy Surge|[of] p1b: Rillaboom\n|move|p1a: Calyrex|Protect|p1a: Calyrex\n|-singleturn|p1a: Calyrex|Protect\n|move|p2a: Miraidon|Electro Drift|p1a: Calyrex\n|-activate|p1a: Calyrex|move: Protect\n|move|p2b: Lugia|Aeroblast|p1b: Rillaboom\n|-supereffective|p1b: Rillaboom\n|-damage|p1b: Rillaboom|0 fnt\n|faint|p1b: Rillaboom\n|\n|-heal|p1a: Calyrex|47/100|[from] Grassy Terrain\n|upkeep\n|\n|t:|1772049434\n|switch|p1b: Incineroar|Incineroar, L50, M|67/100\n|-ability|p1b: Incineroar|Intimidate|boost\n|-unboost|p2a: Miraidon|atk|1\n|-unboost|p2b: Lugia|atk|1\n|turn|9\n|\n|t:|1772049453\n|move|p1b: Incineroar|Fake Out|p2a: Miraidon\n|-damage|p2a: Miraidon|90/100\n|cant|p2a: Miraidon|flinch\n|move|p2b: Lugia|Aeroblast|p1a: Calyrex\n|-damage|p1a: Calyrex|0 fnt\n|faint|p1a: Calyrex\n|\n|-heal|p2a: Miraidon|96/100|[from] Grassy Terrain\n|-heal|p1b: Incineroar|73/100|[from] Grassy Terrain\n|-sideend|p2: Schimmli|move: Light Screen\n|-sideend|p2: Schimmli|move: Tailwind\n|upkeep\n|\n|t:|1772049463\n|switch|p1a: Terapagos|Terapagos, L50, M|100/100\n|-activate|p1a: Terapagos|ability: Tera Shift\n|detailschange|p1a: Terapagos|Terapagos-Terastal, L50, M\n|-heal|p1a: Terapagos|100/100|[silent]\n|turn|10\n|\n|t:|1772049478\n|move|p2a: Miraidon|Electro Drift|p1b: Incineroar\n|-crit|p1b: Incineroar\n|-damage|p1b: Incineroar|0 fnt\n|faint|p1b: Incineroar\n|move|p2b: Lugia|Aeroblast|p1a: Terapagos\n|-activate|p1a: Terapagos|ability: Tera Shell\n|-resisted|p1a: Terapagos\n|-damage|p1a: Terapagos|63/100\n|move|p1a: Terapagos|Calm Mind|p1a: Terapagos\n|-boost|p1a: Terapagos|spa|1\n|-boost|p1a: Terapagos|spd|1\n|\n|-heal|p2a: Miraidon|100/100|[from] Grassy Terrain\n|-heal|p1a: Terapagos|69/100|[from] Grassy Terrain\n|upkeep\n|turn|11\n|\n|t:|1772049500\n|move|p1a: Terapagos|Protect|p1a: Terapagos\n|-singleturn|p1a: Terapagos|Protect\n|move|p2a: Miraidon|Electro Drift|p1a: Terapagos\n|-activate|p1a: Terapagos|move: Protect\n|move|p2b: Lugia|Aeroblast|p1a: Terapagos\n|-activate|p1a: Terapagos|move: Protect\n|\n|-heal|p1a: Terapagos|75/100|[from] Grassy Terrain\n|upkeep\n|turn|12\n|\n|t:|1772049512\n|-terastallize|p1a: Terapagos|Stellar\n|detailschange|p1a: Terapagos|Terapagos-Stellar, L50, M, tera:Stellar\n|-heal|p1a: Terapagos|82/100|[silent]\n|-ability|p1a: Terapagos|Teraform Zero\n|-fieldend|move: Grassy Terrain\n|move|p2a: Miraidon|Electro Drift|p1a: Terapagos\n|-damage|p1a: Terapagos|41/100\n|move|p2b: Lugia|Aeroblast|p1a: Terapagos|[miss]\n|-miss|p2b: Lugia|p1a: Terapagos\n|move|p1a: Terapagos|Earth Power|p2a: Miraidon\n|-supereffective|p2a: Miraidon\n|-damage|p2a: Miraidon|6/100\n|\n|upkeep\n|turn|13\n|\n|t:|1772049536\n|switch|p2a: Entei|Entei, L50|100/100\n|move|p2b: Lugia|Calm Mind|p2b: Lugia\n|-boost|p2b: Lugia|spa|1\n|-boost|p2b: Lugia|spd|1\n|move|p1a: Terapagos|Tera Starstorm|p2b: Lugia|[spread] p2a,p2b\n|-damage|p2a: Entei|35/100\n|-damage|p2b: Lugia|53/100\n|\n|upkeep\n|turn|14\n|\n|t:|1772049552\n|move|p2b: Lugia|Aeroblast|p1a: Terapagos\n|-damage|p1a: Terapagos|0 fnt\n|faint|p1a: Terapagos\n|detailschange|p1: Terapagos|Terapagos, L50, M|[silent]\n|\n|win|Schimmli\n|raw|bearhug6672's rating: 1307 &rarr; <strong>1293</strong><br />(-14 for losing)\n|raw|Schimmli's rating: 1409 &rarr; <strong>1423</strong><br />(+14 for winning)\n|l|\u2606bearhug6672\n|player|p1|\n|l|\u2606Schimmli\n|player|p2|\n","uploadtime":1772049717,"views":13,"formatid":"gen9vgc2026regi","rating":1293,"private":0,"password":null}