{"id":"gen9vgc2026regi-2576543365","format":"[Gen 9] VGC 2026 Reg I","players":["KantineVGC","Bicentenario"],"log":"|j|\u2606KantineVGC\n|j|\u2606Bicentenario\n|t:|1775486209\n|gametype|doubles\n|player|p1|KantineVGC|roughneck-gen4|1461\n|player|p2|Bicentenario|1|1598\n|gen|9\n|tier|[Gen 9] VGC 2026 Reg I\n|rated|\n|rule|Species Clause: Limit one of each Pok\u00e9mon\n|rule|Item Clause: Limit 1 of each item\n|clearpoke\n|poke|p1|Iron Bundle, L50|\n|poke|p1|Farigiraf, L50, M|\n|poke|p1|Calyrex-Ice, L50|\n|poke|p1|Miraidon, L50|\n|poke|p1|Iron Hands, L50|\n|poke|p1|Annihilape, L50, F|\n|poke|p2|Calyrex-Ice, L50|\n|poke|p2|Indeedee-F, L50, F|\n|poke|p2|Urshifu-*, L50, F|\n|poke|p2|Lunala, L50|\n|poke|p2|Torkoal, L50, F|\n|poke|p2|Smeargle, L50, F|\n|teampreview|4\n|\n|t:|1775486234\n|teamsize|p1|4\n|teamsize|p2|4\n|start\n|switch|p1a: Farigiraf|Farigiraf, L50, M|100/100\n|switch|p1b: Annihilape|Annihilape, L50, F|100/100\n|switch|p2a: Indeedee|Indeedee-F, L50, F|100/100\n|switch|p2b: Calyrex|Calyrex-Ice, L50|100/100\n|-ability|p2b: Calyrex|As One\n|-ability|p2b: Calyrex|Unnerve\n|-fieldstart|move: Psychic Terrain|[from] ability: Psychic Surge|[of] p2a: Indeedee\n|turn|1\n|inactive|Battle timer is ON: inactive players will automatically lose when time's up. (requested by Bicentenario)\n|\n|t:|1775486248\n|move|p2a: Indeedee|Follow Me|p2a: Indeedee\n|-singleturn|p2a: Indeedee|move: Follow Me\n|move|p1b: Annihilape|Final Gambit|p2a: Indeedee\n|-damage|p2a: Indeedee|0 fnt\n|faint|p1b: Annihilape\n|faint|p2a: Indeedee\n|move|p2b: Calyrex|Glacial Lance|p1a: Farigiraf\n|-damage|p1a: Farigiraf|35/100\n|move|p1a: Farigiraf|Roar|p2b: Calyrex\n|drag|p2b: Lunala|Lunala, L50|100/100\n|\n|upkeep\n|\n|t:|1775486264\n|switch|p1b: Miraidon|Miraidon, L50|100/100\n|switch|p2a: Urshifu|Urshifu, L50, F|100/100\n|-fieldstart|move: Electric Terrain|[from] ability: Hadron Engine|[of] p1b: Miraidon\n|-enditem|p1a: Farigiraf|Electric Seed\n|-boost|p1a: Farigiraf|def|1|[from] item: Electric Seed\n|turn|2\n|\n|t:|1775486279\n|-terastallize|p1b: Miraidon|Electric\n|move|p2a: Urshifu|Detect|p2a: Urshifu\n|-singleturn|p2a: Urshifu|Protect\n|move|p1b: Miraidon|Volt Switch|p2a: Urshifu\n|-activate|p2a: Urshifu|move: Protect\n|move|p1a: Farigiraf|Roar|p2b: Lunala\n|drag|p2b: Calyrex|Calyrex-Ice, L50|100/100\n|-ability|p2b: Calyrex|As One\n|-ability|p2b: Calyrex|Unnerve\n|\n|upkeep\n|turn|3\n|\n|t:|1775486298\n|-terastallize|p2b: Calyrex|Grass\n|move|p1b: Miraidon|Electro Drift|p2b: Calyrex\n|-resisted|p2b: Calyrex\n|-damage|p2b: Calyrex|46/100\n|-damage|p1b: Miraidon|91/100|[from] item: Life Orb\n|move|p1a: Farigiraf|Foul Play|p2a: Urshifu\n|-resisted|p2a: Urshifu\n|-damage|p2a: Urshifu|93/100\n|move|p2a: Urshifu|Wicked Blow|p1a: Farigiraf\n|-supereffective|p1a: Farigiraf\n|-crit|p1a: Farigiraf\n|-damage|p1a: Farigiraf|0 fnt\n|faint|p1a: Farigiraf\n|move|p2b: Calyrex|Trick Room|p2b: Calyrex\n|-fieldstart|move: Trick Room|[of] p2b: Calyrex\n|\n|upkeep\n|\n|t:|1775486300\n|switch|p1a: Calyrex|Calyrex-Ice, L50|100/100\n|-ability|p1a: Calyrex|As One\n|-ability|p1a: Calyrex|Unnerve\n|turn|4\n|\n|t:|1775486316\n|move|p1b: Miraidon|Protect|p1b: Miraidon\n|-singleturn|p1b: Miraidon|Protect\n|move|p2a: Urshifu|Wicked Blow|p1a: Calyrex\n|-supereffective|p1a: Calyrex\n|-crit|p1a: Calyrex\n|-damage|p1a: Calyrex|25/100\n|move|p2b: Calyrex|High Horsepower|p1b: Miraidon\n|-activate|p1b: Miraidon|move: Protect\n|move|p1a: Calyrex|Glacial Lance|p2a: Urshifu|[spread] p2a,p2b\n|-supereffective|p2b: Calyrex\n|-damage|p2a: Urshifu|46/100\n|-damage|p2b: Calyrex|0 fnt\n|faint|p2b: Calyrex\n|-ability|p1a: Calyrex|Chilling Neigh|boost\n|-boost|p1a: Calyrex|atk|1\n|\n|upkeep\n|\n|t:|1775486321\n|switch|p2b: Lunala|Lunala, L50|100/100\n|turn|5\n|\n|t:|1775486335\n|move|p2a: Urshifu|Wicked Blow|p1b: Miraidon\n|-crit|p1b: Miraidon\n|-damage|p1b: Miraidon|22/100\n|move|p1a: Calyrex|Glacial Lance|p2b: Lunala|[spread] p2a,p2b\n|-damage|p2a: Urshifu|0 fnt\n|-damage|p2b: Lunala|65/100\n|faint|p2a: Urshifu\n|-ability|p1a: Calyrex|Chilling Neigh|boost\n|-boost|p1a: Calyrex|atk|1\n|move|p2b: Lunala|Moongeist Beam|p1a: Calyrex\n|-supereffective|p1a: Calyrex\n|-damage|p1a: Calyrex|0 fnt\n|faint|p1a: Calyrex\n|move|p1b: Miraidon|Electro Drift|p2b: Lunala\n|-damage|p2b: Lunala|0 fnt\n|faint|p2b: Lunala\n|-damage|p1b: Miraidon|12/100|[from] item: Life Orb\n|\n|win|KantineVGC\n|raw|KantineVGC's rating: 1461 &rarr; <strong>1489</strong><br />(+28 for winning)\n|raw|Bicentenario's rating: 1598 &rarr; <strong>1570</strong><br />(-28 for losing)\n|l|\u2606Bicentenario\n|player|p2|\n|l|\u2606KantineVGC\n|player|p1|\n|j|\u2606KantineVGC\n|player|p1|KantineVGC|roughneck-gen4|\n|l|\u2606KantineVGC\n|player|p1|\n|j|\u2606KantineVGC\n|player|p1|KantineVGC|roughneck-gen4|\n","uploadtime":1775486476,"views":20,"formatid":"gen9vgc2026regi","rating":1489,"private":0,"password":null}