{"id":"gen9vgc2026regi-2530494597","format":"[Gen 9] VGC 2026 Reg I","players":["Yiry","SEITA"],"log":"|j|\u2606Yiry\n|j|\u2606SEITA\n|t:|1769925932\n|gametype|doubles\n|player|p1|Yiry|may-masters4|1157\n|player|p2|SEITA|169|1212\n|gen|9\n|tier|[Gen 9] VGC 2026 Reg I\n|rated|\n|rule|Species Clause: Limit one of each Pok\u00e9mon\n|rule|Item Clause: Limit 1 of each item\n|clearpoke\n|poke|p1|Whimsicott, L50, F|\n|poke|p1|Calyrex-Shadow, L50|\n|poke|p1|Miraidon, L50|\n|poke|p1|Iron Hands, L50|\n|poke|p1|Chi-Yu, L50|\n|poke|p1|Farigiraf, L50, F|\n|poke|p2|Zamazenta-*, L50|\n|poke|p2|Kyogre, L50|\n|poke|p2|Grimmsnarl, L50, M|\n|poke|p2|Landorus, L50, M|\n|poke|p2|Wo-Chien, L50|\n|poke|p2|Ditto, L50|\n|teampreview|4\n|\n|t:|1769925985\n|teamsize|p1|4\n|teamsize|p2|4\n|start\n|switch|p1a: Keiichi|Whimsicott, L50, F, shiny|100/100\n|switch|p1b: Rena|Miraidon, L50|100/100\n|switch|p2a: Grimmsnarl|Grimmsnarl, L50, M|100/100\n|switch|p2b: Kyogre|Kyogre, L50|100/100\n|-fieldstart|move: Electric Terrain|[from] ability: Hadron Engine|[of] p1b: Rena\n|-weather|RainDance|[from] ability: Drizzle|[of] p2b: Kyogre\n|turn|1\n|\n|t:|1769926016\n|-terastallize|p1b: Rena|Fairy\n|-terastallize|p2b: Kyogre|Grass\n|move|p1a: Keiichi|Tailwind|p1a: Keiichi\n|-sidestart|p1: Yiry|move: Tailwind\n|move|p2a: Grimmsnarl|Light Screen|p2a: Grimmsnarl\n|-sidestart|p2: SEITA|move: Light Screen\n|move|p1b: Rena|Dazzling Gleam|p2a: Grimmsnarl|[spread] p2a,p2b\n|-supereffective|p2a: Grimmsnarl\n|-damage|p2a: Grimmsnarl|9/100\n|-damage|p2b: Kyogre|76/100\n|move|p2b: Kyogre|Ice Beam|p1b: Rena\n|-damage|p1b: Rena|71/100\n|\n|-weather|RainDance|[upkeep]\n|upkeep\n|turn|2\n|\n|t:|1769926034\n|move|p1a: Keiichi|Fake Tears|p2b: Kyogre\n|-unboost|p2b: Kyogre|spd|2\n|move|p2a: Grimmsnarl|Parting Shot|p1b: Rena\n|-unboost|p1b: Rena|atk|1\n|-unboost|p1b: Rena|spa|1\n|\n|t:|1769926042\n|switch|p2a: Landorus|Landorus, L50, M|100/100|[from] Parting Shot\n|move|p1b: Rena|Dazzling Gleam|p2a: Landorus|[spread] p2a,p2b\n|-damage|p2a: Landorus|68/100\n|-damage|p2b: Kyogre|41/100\n|move|p2b: Kyogre|Origin Pulse|p1b: Rena|[spread] p1a,p1b\n|-resisted|p1a: Keiichi\n|-damage|p1a: Keiichi|56/100\n|-damage|p1b: Rena|11/100\n|\n|-weather|RainDance|[upkeep]\n|upkeep\n|turn|3\n|\n|t:|1769926083\n|move|p1a: Keiichi|Fake Tears|p2a: Landorus\n|-unboost|p2a: Landorus|spd|2\n|move|p1b: Rena|Dazzling Gleam|p2b: Kyogre|[spread] p2a,p2b\n|-damage|p2a: Landorus|6/100\n|-damage|p2b: Kyogre|7/100\n|move|p2a: Landorus|Sandsear Storm|p1a: Keiichi|[spread] p1a,p1b\n|-resisted|p1a: Keiichi\n|-damage|p1a: Keiichi|12/100\n|-damage|p1b: Rena|0 fnt\n|faint|p1b: Rena\n|move|p2b: Kyogre|Ice Beam|p1a: Keiichi\n|-supereffective|p1a: Keiichi\n|-damage|p1a: Keiichi|0 fnt\n|faint|p1a: Keiichi\n|\n|-weather|RainDance|[upkeep]\n|upkeep\n|\n|t:|1769926091\n|switch|p1b: Mion|Calyrex-Shadow, L50|100/100\n|switch|p1a: Satoko|Iron Hands, L50, shiny|100/100\n|-ability|p1b: Mion|As One\n|-ability|p1b: Mion|Unnerve\n|-activate|p1a: Satoko|ability: Quark Drive\n|-start|p1a: Satoko|quarkdriveatk\n|turn|4\n|\n|t:|1769926110\n|switch|p2b: Wo-Chien|Wo-Chien, L50|100/100\n|-ability|p2b: Wo-Chien|Tablets of Ruin\n|move|p2a: Landorus|Protect|p2a: Landorus\n|-singleturn|p2a: Landorus|Protect\n|move|p1b: Mion|Astral Barrage|p2a: Landorus|[spread] p2b\n|-activate|p2a: Landorus|move: Protect\n|-resisted|p2b: Wo-Chien\n|-damage|p2b: Wo-Chien|86/100\n|move|p1a: Satoko|Low Kick|p2b: Wo-Chien\n|-supereffective|p2b: Wo-Chien\n|-damage|p2b: Wo-Chien|17/100\n|\n|-weather|RainDance|[upkeep]\n|-heal|p2b: Wo-Chien|23/100|[from] item: Leftovers\n|-sideend|p1: Yiry|move: Tailwind\n|upkeep\n|turn|5\n|\n|t:|1769926158\n|switch|p2a: Kyogre|Kyogre, L50, tera:Grass|7/100\n|move|p2b: Wo-Chien|Protect|p2b: Wo-Chien\n|-singleturn|p2b: Wo-Chien|Protect\n|move|p1b: Mion|Astral Barrage|p2a: Kyogre|[spread] p2a\n|-activate|p2b: Wo-Chien|move: Protect\n|-damage|p2a: Kyogre|0 fnt\n|faint|p2a: Kyogre\n|-ability|p1b: Mion|Grim Neigh|boost\n|-boost|p1b: Mion|spa|1\n|move|p1a: Satoko|Drain Punch|p2b: Wo-Chien\n|-activate|p2b: Wo-Chien|move: Protect\n|\n|-weather|none\n|-heal|p2b: Wo-Chien|29/100|[from] item: Leftovers\n|-fieldend|move: Electric Terrain\n|-end|p1a: Satoko|Quark Drive\n|upkeep\n|\n|t:|1769926181\n|switch|p2a: Landorus|Landorus, L50, M|6/100\n|turn|6\n|\n|t:|1769926190\n|move|p1b: Mion|Protect|p1b: Mion\n|-singleturn|p1b: Mion|Protect\n|move|p2a: Landorus|Protect|p2a: Landorus\n|-singleturn|p2a: Landorus|Protect\n|move|p2b: Wo-Chien|Foul Play|p1b: Mion\n|-activate|p1b: Mion|move: Protect\n|move|p1a: Satoko|Drain Punch|p2b: Wo-Chien\n|-supereffective|p2b: Wo-Chien\n|-damage|p2b: Wo-Chien|0 fnt\n|faint|p2b: Wo-Chien\n|\n|upkeep\n|\n|t:|1769926203\n|switch|p2b: Grimmsnarl|Grimmsnarl, L50, M|9/100\n|turn|7\n|\n|t:|1769926212\n|move|p2b: Grimmsnarl|Parting Shot|p1b: Mion\n|-unboost|p1b: Mion|atk|1\n|-unboost|p1b: Mion|spa|1\n|move|p1b: Mion|Astral Barrage|p2a: Landorus|[spread] p2a,p2b\n|-resisted|p2b: Grimmsnarl\n|-damage|p2a: Landorus|0 fnt\n|-damage|p2b: Grimmsnarl|0 fnt\n|faint|p2a: Landorus\n|faint|p2b: Grimmsnarl\n|\n|win|Yiry\n|raw|Yiry's rating: 1157 &rarr; <strong>1186</strong><br />(+29 for winning)\n|raw|SEITA's rating: 1212 &rarr; <strong>1183</strong><br />(-29 for losing)\n|l|\u2606SEITA\n|player|p2|\n|l|\u2606Yiry\n|player|p1|\n","uploadtime":1769926553,"views":12,"formatid":"gen9vgc2026regi","rating":1183,"private":0,"password":null}