{"id":"gen9vgc2026regi-2560469552","format":"[Gen 9] VGC 2026 Reg I","players":["deboroh","itastelikeiron"],"log":"|j|\u2606deboroh\n|j|\u2606itastelikeiron\n|t:|1773690132\n|gametype|doubles\n|player|p1|deboroh|blackbelt-gen4dp|1139\n|player|p2|itastelikeiron|1|1235\n|gen|9\n|tier|[Gen 9] VGC 2026 Reg I\n|rated|\n|rule|Species Clause: Limit one of each Pok\u00e9mon\n|rule|Item Clause: Limit 1 of each item\n|clearpoke\n|poke|p1|Lunala, L50|\n|poke|p1|Ursaluna, L50, F|\n|poke|p1|Urshifu-*, L50, F|\n|poke|p1|Miraidon, L50|\n|poke|p1|Grimmsnarl, L50, M|\n|poke|p1|Incineroar, L50, M|\n|poke|p2|Tsareena, L50, F|\n|poke|p2|Kyogre, L50|\n|poke|p2|Grimmsnarl, L50, M|\n|poke|p2|Tornadus, L50, M|\n|poke|p2|Incineroar, L50, M|\n|poke|p2|Zacian-*, L50|\n|teampreview|4\n|inactive|Battle timer is ON: inactive players will automatically lose when time's up. (requested by deboroh)\n|inactive|deboroh has 60 seconds left.\n|\n|t:|1773690180\n|teamsize|p1|4\n|teamsize|p2|4\n|start\n|switch|p1a: Incineroar|Incineroar, L50, M|100/100\n|switch|p1b: Grimmsnarl|Grimmsnarl, L50, M|100/100\n|switch|p2a: Incineroar|Incineroar, L50, M|100/100\n|switch|p2b: Zacian|Zacian-Crowned, L50|100/100\n|-ability|p2b: Zacian|Intrepid Sword|boost\n|-boost|p2b: Zacian|atk|1\n|-ability|p2a: Incineroar|Intimidate|boost\n|-unboost|p1a: Incineroar|atk|1\n|-unboost|p1b: Grimmsnarl|atk|1\n|-ability|p1a: Incineroar|Intimidate|boost\n|-unboost|p2a: Incineroar|atk|1\n|-unboost|p2b: Zacian|atk|1\n|turn|1\n|\n|t:|1773690208\n|move|p2a: Incineroar|Fake Out|p1a: Incineroar\n|-damage|p1a: Incineroar|95/100\n|-damage|p2a: Incineroar|84/100|[from] item: Rocky Helmet|[of] p1a: Incineroar\n|cant|p1a: Incineroar|flinch\n|move|p1b: Grimmsnarl|Reflect|p1b: Grimmsnarl\n|-sidestart|p1: deboroh|Reflect\n|move|p2b: Zacian|Behemoth Blade|p1b: Grimmsnarl\n|-supereffective|p1b: Grimmsnarl\n|-damage|p1b: Grimmsnarl|22/100\n|\n|upkeep\n|turn|2\n|\n|t:|1773690233\n|switch|p2b: Grimmsnarl|Grimmsnarl, L50, M|100/100\n|switch|p1b: Urshifu|Urshifu-Rapid-Strike, L50, F|100/100\n|move|p2a: Incineroar|U-turn|p1b: Urshifu\n|-resisted|p1b: Urshifu\n|-damage|p1b: Urshifu|97/100\n|\n|t:|1773690242\n|switch|p2a: Kyogre|Kyogre, L50|100/100|[from] U-turn\n|-weather|RainDance|[from] ability: Drizzle|[of] p2a: Kyogre\n|move|p1a: Incineroar|Will-O-Wisp|p2b: Grimmsnarl\n|-status|p2b: Grimmsnarl|brn\n|\n|-weather|RainDance|[upkeep]\n|-damage|p2b: Grimmsnarl|95/100 brn|[from] brn\n|upkeep\n|turn|3\n|\n|t:|1773690264\n|switch|p1a: Miraidon|Miraidon, L50|100/100\n|-fieldstart|move: Electric Terrain|[from] ability: Hadron Engine|[of] p1a: Miraidon\n|-terastallize|p2a: Kyogre|Water\n|move|p2b: Grimmsnarl|Light Screen|p2b: Grimmsnarl\n|-sidestart|p2: itastelikeiron|move: Light Screen\n|move|p2a: Kyogre|Water Spout|p1b: Urshifu|[spread] p1a,p1b\n|-resisted|p1a: Miraidon\n|-resisted|p1b: Urshifu\n|-damage|p1a: Miraidon|67/100\n|-damage|p1b: Urshifu|12/100\n|move|p1b: Urshifu|Surging Strikes|p2b: Grimmsnarl\n|-crit|p2b: Grimmsnarl\n|-damage|p2b: Grimmsnarl|41/100 brn\n|-crit|p2b: Grimmsnarl\n|-damage|p2b: Grimmsnarl|0 fnt\n|faint|p2b: Grimmsnarl\n|-hitcount|p2: Grimmsnarl|2\n|\n|-weather|RainDance|[upkeep]\n|upkeep\n|\n|t:|1773690289\n|switch|p2b: Incineroar|Incineroar, L50, M|84/100\n|-ability|p2b: Incineroar|Intimidate|boost\n|-unboost|p1a: Miraidon|atk|1\n|-unboost|p1b: Urshifu|atk|1\n|turn|4\n|inactive|deboroh has 30 seconds left.\n|inactive|deboroh has 20 seconds left.\n|inactive|deboroh has 15 seconds left.\n|\n|t:|1773690330\n|move|p2b: Incineroar|Fake Out|p1a: Miraidon\n|-damage|p1a: Miraidon|60/100\n|move|p2a: Kyogre|Water Spout|p1b: Urshifu|[spread] p1a,p1b\n|-resisted|p1a: Miraidon\n|-resisted|p1b: Urshifu\n|-damage|p1a: Miraidon|28/100\n|-damage|p1b: Urshifu|0 fnt\n|faint|p1b: Urshifu\n|cant|p1a: Miraidon|flinch\n|\n|-weather|RainDance|[upkeep]\n|upkeep\n|\n|t:|1773690337\n|switch|p1b: Incineroar|Incineroar, L50, M|95/100\n|-ability|p1b: Incineroar|Intimidate|boost\n|-unboost|p2a: Kyogre|atk|1\n|-unboost|p2b: Incineroar|atk|1\n|turn|5\n|inactive|deboroh has 30 seconds left.\n|\n|t:|1773690362\n|switch|p2a: Zacian|Zacian-Crowned, L50|100/100\n|move|p1a: Miraidon|Volt Switch|p2a: Zacian\n|-damage|p2a: Zacian|63/100\n|\n|t:|1773690367\n|switch|p1a: Grimmsnarl|Grimmsnarl, L50, M|22/100|[from] Volt Switch\n|move|p2b: Incineroar|U-turn|p1a: Grimmsnarl\n|-damage|p1a: Grimmsnarl|13/100\n|\n|t:|1773690371\n|switch|p2b: Kyogre|Kyogre, L50, tera:Water|100/100|[from] U-turn\n|move|p1b: Incineroar|Will-O-Wisp|p2a: Zacian\n|-status|p2a: Zacian|brn\n|\n|-weather|RainDance|[upkeep]\n|-damage|p2a: Zacian|57/100 brn|[from] brn\n|upkeep\n|turn|6\n|inactive|deboroh has 30 seconds left.\n|inactive|deboroh has 20 seconds left.\n|inactive|deboroh has 15 seconds left.\n|inactive|deboroh has 10 seconds left.\n|\n|t:|1773690422\n|-terastallize|p1b: Incineroar|Bug\n|move|p1a: Grimmsnarl|Light Screen|p1a: Grimmsnarl\n|-sidestart|p1: deboroh|move: Light Screen\n|move|p2b: Kyogre|Water Spout|p1b: Incineroar|[spread] p1a,p1b\n|-damage|p1a: Grimmsnarl|0 fnt\n|-damage|p1b: Incineroar|6/100\n|faint|p1a: Grimmsnarl\n|move|p2a: Zacian|Behemoth Blade|p1b: Incineroar\n|-damage|p1b: Incineroar|0 fnt\n|-damage|p2a: Zacian|40/100 brn|[from] item: Rocky Helmet|[of] p1b: Incineroar\n|faint|p1b: Incineroar\n|\n|-weather|none\n|-damage|p2a: Zacian|34/100 brn|[from] brn\n|upkeep\n|\n|t:|1773690430\n|switch|p1b: Miraidon|Miraidon, L50|28/100\n|-activate|p1b: Miraidon|ability: Hadron Engine\n|turn|7\n|\n|t:|1773690437\n|switch|p2b: Incineroar|Incineroar, L50, M|84/100\n|-ability|p2b: Incineroar|Intimidate|boost\n|-unboost|p1b: Miraidon|atk|1\n|move|p2a: Zacian|Protect|p2a: Zacian\n|-singleturn|p2a: Zacian|Protect\n|move|p1b: Miraidon|Electro Drift|p2b: Incineroar\n|-damage|p2b: Incineroar|49/100\n|\n|-damage|p2a: Zacian|28/100 brn|[from] brn\n|-fieldend|move: Electric Terrain\n|upkeep\n|turn|8\n|\n|t:|1773690450\n|move|p2b: Incineroar|Fake Out|p1b: Miraidon\n|-damage|p1b: Miraidon|22/100\n|move|p2a: Zacian|Sacred Sword|p1b: Miraidon\n|-damage|p1b: Miraidon|12/100\n|cant|p1b: Miraidon|flinch\n|\n|-damage|p2a: Zacian|23/100 brn|[from] brn\n|-sideend|p1: deboroh|Reflect\n|upkeep\n|turn|9\n|-message|deboroh forfeited.\n|\n|win|itastelikeiron\n|raw|deboroh's rating: 1139 &rarr; <strong>1121</strong><br />(-18 for losing)\n|raw|itastelikeiron's rating: 1235 &rarr; <strong>1253</strong><br />(+18 for winning)\n|l|\u2606deboroh\n|player|p1|\n","uploadtime":1773690457,"views":10,"formatid":"gen9vgc2026regi","rating":1121,"private":0,"password":null}