{"id":"gen9vgc2026regi-2560660127","format":"[Gen 9] VGC 2026 Reg I","players":["sleemo2","It'sJustKen VGC"],"log":"|j|\u2606sleemo2\n|j|\u2606It'sJustKen VGC\n|t:|1773709535\n|gametype|doubles\n|player|p1|sleemo2|acetrainerf|1379\n|player|p2|It'sJustKen VGC|2|1393\n|gen|9\n|tier|[Gen 9] VGC 2026 Reg I\n|rated|\n|rule|Species Clause: Limit one of each Pok\u00e9mon\n|rule|Item Clause: Limit 1 of each item\n|clearpoke\n|poke|p1|Koraidon, L50|\n|poke|p1|Lunala, L50|\n|poke|p1|Flutter Mane, L50|\n|poke|p1|Chi-Yu, L50|\n|poke|p1|Ursaluna, L50, F|\n|poke|p1|Brute Bonnet, L50|\n|poke|p2|Smeargle, L50, F|\n|poke|p2|Terapagos, L50, M|\n|poke|p2|Talonflame, L50, M|\n|poke|p2|Indeedee-F, L50, F|\n|poke|p2|Tatsugiri, L50, M|\n|poke|p2|Dondozo, L50, M|\n|teampreview|4\n|inactive|Battle timer is ON: inactive players will automatically lose when time's up. (requested by It'sJustKen VGC)\n|inactive|sleemo2 has 60 seconds left.\n|\n|t:|1773709571\n|teamsize|p1|4\n|teamsize|p2|4\n|start\n|switch|p1a: Chi-Yu|Chi-Yu, L50|100/100\n|switch|p1b: Flutter Mane|Flutter Mane, L50|100/100\n|switch|p2a: Smeargle|Smeargle, L50, F|100/100\n|switch|p2b: Terapagos|Terapagos, L50, M|100/100\n|-activate|p2b: Terapagos|ability: Tera Shift\n|detailschange|p2b: Terapagos|Terapagos-Terastal, L50, M\n|-heal|p2b: Terapagos|100/100|[silent]\n|-ability|p1a: Chi-Yu|Beads of Ruin\n|turn|1\n|\n|t:|1773709588\n|-terastallize|p1a: Chi-Yu|Ghost\n|-terastallize|p2b: Terapagos|Stellar\n|detailschange|p2b: Terapagos|Terapagos-Stellar, L50, M, tera:Stellar\n|-heal|p2b: Terapagos|100/100|[silent]\n|move|p1a: Chi-Yu|Snarl|p2a: Smeargle|[spread] p2a,p2b\n|-damage|p2a: Smeargle|33/100\n|-damage|p2b: Terapagos|80/100\n|-unboost|p2a: Smeargle|spa|1\n|-unboost|p2b: Terapagos|spa|1\n|move|p1b: Flutter Mane|Moonblast|p2a: Smeargle\n|-damage|p2a: Smeargle|0 fnt\n|faint|p2a: Smeargle\n|move|p2b: Terapagos|Tera Starstorm|p1a: Chi-Yu|[spread] p1a,p1b\n|-supereffective|p1a: Chi-Yu\n|-damage|p1a: Chi-Yu|10/100\n|-damage|p1b: Flutter Mane|46/100\n|\n|upkeep\n|\n|t:|1773709594\n|switch|p2a: Talonflame|Talonflame, L50, M|100/100\n|turn|2\n|\n|t:|1773709609\n|move|p2a: Talonflame|Tailwind|p2a: Talonflame\n|-sidestart|p2: It'sJustKen VGC|move: Tailwind\n|move|p2b: Terapagos|Tera Starstorm|p1b: Flutter Mane|[spread] p1a,p1b\n|-supereffective|p1a: Chi-Yu\n|-damage|p1a: Chi-Yu|0 fnt\n|-damage|p1b: Flutter Mane|0 fnt\n|faint|p1a: Chi-Yu\n|faint|p1b: Flutter Mane\n|-end|p1b: Flutter Mane|Protosynthesis|[silent]\n|\n|upkeep\n|\n|t:|1773709613\n|switch|p1b: Lunala|Lunala, L50|100/100\n|switch|p1a: Koraidon|Koraidon, L50|100/100\n|-weather|SunnyDay|[from] ability: Orichalcum Pulse|[of] p1a: Koraidon\n|-activate|p1a: Koraidon|Orichalcum Pulse|[source]\n|turn|3\n|\n|t:|1773709625\n|move|p1a: Koraidon|Protect|p1a: Koraidon\n|-singleturn|p1a: Koraidon|Protect\n|move|p2a: Talonflame|Taunt|p1b: Lunala\n|-start|p1b: Lunala|move: Taunt\n|move|p2b: Terapagos|Tera Starstorm|p1a: Koraidon|[spread] p1b\n|-activate|p1a: Koraidon|move: Protect\n|-damage|p1b: Lunala|88/100\n|cant|p1b: Lunala|move: Taunt|Trick Room\n|\n|-weather|SunnyDay|[upkeep]\n|upkeep\n|turn|4\n|\n|t:|1773709633\n|move|p2a: Talonflame|Air Slash|p1a: Koraidon\n|-supereffective|p1a: Koraidon\n|-damage|p1a: Koraidon|56/100\n|move|p2b: Terapagos|Tera Starstorm|p1b: Lunala|[spread] p1a,p1b\n|-damage|p1a: Koraidon|15/100\n|-damage|p1b: Lunala|64/100\n|move|p1a: Koraidon|Close Combat|p2b: Terapagos\n|-supereffective|p2b: Terapagos\n|-damage|p2b: Terapagos|0 fnt\n|-unboost|p1a: Koraidon|def|1\n|-unboost|p1a: Koraidon|spd|1\n|faint|p2b: Terapagos\n|detailschange|p2: Terapagos|Terapagos, L50, M|[silent]\n|-damage|p1a: Koraidon|5/100|[from] item: Life Orb\n|move|p1b: Lunala|Meteor Beam||[still]\n|-prepare|p1b: Lunala|Meteor Beam\n|-boost|p1b: Lunala|spa|1\n|-enditem|p1b: Lunala|Power Herb\n|-anim|p1b: Lunala|Meteor Beam|p2a: Talonflame\n|-supereffective|p2a: Talonflame\n|-damage|p2a: Talonflame|0 fnt\n|faint|p2a: Talonflame\n|\n|-weather|SunnyDay|[upkeep]\n|upkeep\n|\n|t:|1773709637\n|switch|p2a: Indeedee|Indeedee-F, L50, F|100/100\n|-fieldstart|move: Psychic Terrain|[from] ability: Psychic Surge|[of] p2a: Indeedee\n|-enditem|p2a: Indeedee|Psychic Seed\n|-boost|p2a: Indeedee|spd|1|[from] item: Psychic Seed\n|turn|5\n|inactive|sleemo2 has 30 seconds left.\n|inactive|sleemo2 has 20 seconds left.\n|\n|t:|1773709675\n|move|p1a: Koraidon|Protect|p1a: Koraidon\n|-singleturn|p1a: Koraidon|Protect\n|move|p2a: Indeedee|Psychic|p1b: Lunala\n|-resisted|p1b: Lunala\n|-damage|p1b: Lunala|52/100\n|move|p1b: Lunala|Meteor Beam||[still]\n|-prepare|p1b: Lunala|Meteor Beam\n|-boost|p1b: Lunala|spa|1\n|\n|-weather|SunnyDay|[upkeep]\n|-end|p1b: Lunala|move: Taunt\n|-sideend|p2: It'sJustKen VGC|move: Tailwind\n|upkeep\n|turn|6\n|inactive|It'sJustKen VGC has 30 seconds left.\n|\n|t:|1773709708\n|move|p1a: Koraidon|Close Combat|p2a: Indeedee\n|-damage|p2a: Indeedee|0 fnt\n|-unboost|p1a: Koraidon|def|1\n|-unboost|p1a: Koraidon|spd|1\n|faint|p2a: Indeedee\n|-damage|p1a: Koraidon|0 fnt|[from] item: Life Orb\n|faint|p1a: Koraidon\n|\n|win|sleemo2\n|raw|sleemo2's rating: 1379 &rarr; <strong>1400</strong><br />(+21 for winning)\n|raw|It&apos;sJustKen VGC's rating: 1393 &rarr; <strong>1372</strong><br />(-21 for losing)\n|l|\u2606It'sJustKen VGC\n|player|p2|\n|l|\u2606sleemo2\n|player|p1|\n","uploadtime":1773709873,"views":16,"formatid":"gen9vgc2026regi","rating":1372,"private":0,"password":null}