{"id":"gen9vgc2026regi-2564572080","format":"[Gen 9] VGC 2026 Reg I","players":["kojimuranishi","Erseo05"],"log":"|j|\u2606kojimuranishi\n|j|\u2606Erseo05\n|t:|1774166475\n|gametype|doubles\n|player|p1|kojimuranishi|265|1475\n|player|p2|Erseo05|1|1440\n|gen|9\n|tier|[Gen 9] VGC 2026 Reg I\n|rated|\n|rule|Species Clause: Limit one of each Pok\u00e9mon\n|rule|Item Clause: Limit 1 of each item\n|clearpoke\n|poke|p1|Whimsicott, L50, M|\n|poke|p1|Calyrex-Ice, L50|\n|poke|p1|Miraidon, L50|\n|poke|p1|Chi-Yu, L50|\n|poke|p1|Landorus, L50, M|\n|poke|p1|Iron Bundle, L50|\n|poke|p2|Calyrex-Ice, L50|\n|poke|p2|Indeedee-F, L50, F|\n|poke|p2|Lunala, L50|\n|poke|p2|Torkoal, L50, M|\n|poke|p2|Brute Bonnet, L50|\n|poke|p2|Incineroar, L50, F|\n|teampreview|4\n|inactive|Battle timer is ON: inactive players will automatically lose when time's up. (requested by kojimuranishi)\n|\n|t:|1774166497\n|teamsize|p1|4\n|teamsize|p2|4\n|start\n|switch|p1a: Chi-Yu|Chi-Yu, L50|100/100\n|switch|p1b: Landorus|Landorus, L50, M|100/100\n|switch|p2a: Calyrex|Calyrex-Ice, L50|100/100\n|switch|p2b: Indeedee|Indeedee-F, L50, F|100/100\n|-ability|p2a: Calyrex|As One\n|-ability|p2a: Calyrex|Unnerve\n|-ability|p1a: Chi-Yu|Beads of Ruin\n|-fieldstart|move: Psychic Terrain|[from] ability: Psychic Surge|[of] p2b: Indeedee\n|turn|1\n|inactive|kojimuranishi has 30 seconds left.\n|inactive|Erseo05 has 30 seconds left.\n|inactive|Erseo05 has 20 seconds left.\n|\n|t:|1774166534\n|switch|p2b: Lunala|Lunala, L50|100/100\n|-terastallize|p2a: Calyrex|Water\n|move|p1b: Landorus|Sandsear Storm|p2b: Lunala|[spread] p2a,p2b\n|-damage|p2a: Calyrex|40/100\n|-damage|p2b: Lunala|69/100\n|move|p1a: Chi-Yu|Heat Wave|p2b: Lunala|[spread] p2a,p2b\n|-resisted|p2a: Calyrex\n|-damage|p2a: Calyrex|14/100\n|-damage|p2b: Lunala|5/100\n|move|p2a: Calyrex|Trick Room|p2a: Calyrex\n|-fieldstart|move: Trick Room|[of] p2a: Calyrex\n|\n|-heal|p2b: Lunala|12/100|[from] item: Leftovers\n|upkeep\n|turn|2\n|inactive|kojimuranishi has 30 seconds left.\n|inactive|Erseo05 has 30 seconds left.\n|\n|t:|1774166565\n|-terastallize|p1b: Landorus|Water\n|move|p2b: Lunala|Wide Guard|p2b: Lunala\n|-singleturn|p2b: Lunala|Wide Guard\n|move|p2a: Calyrex|Glacial Lance|p1a: Chi-Yu|[spread] p1a,p1b\n|-resisted|p1a: Chi-Yu\n|-resisted|p1b: Landorus\n|-damage|p1a: Chi-Yu|52/100\n|-damage|p1b: Landorus|61/100\n|move|p1a: Chi-Yu|Heat Wave|p2a: Calyrex|[spread] \n|-activate|p2a: Calyrex|move: Wide Guard\n|-activate|p2b: Lunala|move: Wide Guard\n|move|p1b: Landorus|Sandsear Storm|p2a: Calyrex|[spread] \n|-activate|p2a: Calyrex|move: Wide Guard\n|-activate|p2b: Lunala|move: Wide Guard\n|\n|-heal|p2b: Lunala|18/100|[from] item: Leftovers\n|upkeep\n|turn|3\n|inactive|Erseo05 has 30 seconds left.\n|inactive|Erseo05 has 20 seconds left.\n|\n|t:|1774166603\n|move|p2a: Calyrex|High Horsepower|p1a: Chi-Yu\n|-supereffective|p1a: Chi-Yu\n|-damage|p1a: Chi-Yu|0 fnt\n|faint|p1a: Chi-Yu\n|-ability|p2a: Calyrex|Chilling Neigh|boost\n|-boost|p2a: Calyrex|atk|1\n|move|p2b: Lunala|Expanding Force|p1b: Landorus\n|-damage|p1b: Landorus|0 fnt\n|faint|p1b: Landorus\n|\n|-heal|p2b: Lunala|24/100|[from] item: Leftovers\n|upkeep\n|j| ido1234567890\n|\n|t:|1774166615\n|switch|p1a: Whimsicott|Whimsicott, L50, M|100/100\n|switch|p1b: Calyrex|Calyrex-Ice, L50|100/100\n|-ability|p1b: Calyrex|As One\n|-ability|p1b: Calyrex|Unnerve\n|turn|4\n|\n|t:|1774166630\n|move|p2b: Lunala|Wide Guard|p2b: Lunala\n|-singleturn|p2b: Lunala|Wide Guard\n|move|p2a: Calyrex|Glacial Lance|p1a: Whimsicott|[spread] p1a,p1b\n|-supereffective|p1a: Whimsicott\n|-resisted|p1b: Calyrex\n|-enditem|p1a: Whimsicott|Focus Sash\n|-damage|p1a: Whimsicott|1/100\n|-damage|p1b: Calyrex|68/100\n|move|p1b: Calyrex|Icicle Crash|p2b: Lunala\n|-damage|p2b: Lunala|0 fnt\n|faint|p2b: Lunala\n|-ability|p1b: Calyrex|Chilling Neigh|boost\n|-boost|p1b: Calyrex|atk|1\n|move|p1a: Whimsicott|Trick Room|p1a: Whimsicott\n|-fieldend|move: Trick Room\n|\n|upkeep\n|\n|t:|1774166642\n|switch|p2b: Indeedee|Indeedee-F, L50, F|100/100\n|turn|5\n|l| ido1234567890\n|inactive|Erseo05 has 30 seconds left.\n|\n|t:|1774166670\n|move|p1b: Calyrex|Icicle Crash|p2b: Indeedee\n|-damage|p2b: Indeedee|0 fnt\n|faint|p2b: Indeedee\n|-ability|p1b: Calyrex|Chilling Neigh|boost\n|-boost|p1b: Calyrex|atk|1\n|move|p1a: Whimsicott|Trick Room|p1a: Whimsicott\n|-fieldstart|move: Trick Room|[of] p1a: Whimsicott\n|move|p2a: Calyrex|Trick Room|p2a: Calyrex\n|-fieldend|move: Trick Room\n|\n|-fieldend|move: Psychic Terrain\n|upkeep\n|\n|t:|1774166674\n|switch|p2b: Torkoal|Torkoal, L50, M|100/100\n|-weather|SunnyDay|[from] ability: Drought|[of] p2b: Torkoal\n|turn|6\n|\n|t:|1774166690\n|move|p2a: Calyrex|Protect|p2a: Calyrex\n|-singleturn|p2a: Calyrex|Protect\n|move|p1a: Whimsicott|Moonblast|p2a: Calyrex\n|-activate|p2a: Calyrex|move: Protect\n|move|p1b: Calyrex|Icicle Crash|p2b: Torkoal\n|-resisted|p2b: Torkoal\n|-damage|p2b: Torkoal|39/100\n|move|p2b: Torkoal|Weather Ball|p1b: Calyrex\n|-supereffective|p1b: Calyrex\n|-damage|p1b: Calyrex|0 fnt\n|faint|p1b: Calyrex\n|\n|-weather|SunnyDay|[upkeep]\n|upkeep\n|turn|7\n|\n|t:|1774166706\n|move|p1a: Whimsicott|Moonblast|p2a: Calyrex\n|-damage|p2a: Calyrex|0 fnt\n|faint|p2a: Calyrex\n|move|p2b: Torkoal|Weather Ball|p1a: Whimsicott\n|-supereffective|p1a: Whimsicott\n|-damage|p1a: Whimsicott|0 fnt\n|faint|p1a: Whimsicott\n|\n|win|Erseo05\n|raw|kojimuranishi's rating: 1475 &rarr; <strong>1453</strong><br />(-22 for losing)\n|raw|Erseo05's rating: 1440 &rarr; <strong>1462</strong><br />(+22 for winning)\n|l|\u2606kojimuranishi\n|player|p1|\n|c|\u2606Erseo05|That was choice band?\n|l|\u2606Erseo05\n|player|p2|\n","uploadtime":1774166955,"views":13,"formatid":"gen9vgc2026regi","rating":1453,"private":0,"password":null}