{"id":"gen9vgc2026regi-2540747967","format":"[Gen 9] VGC 2026 Reg I","players":["Shuriky","kojimuranishi"],"log":"|j|\u2606Shuriky\n|j|\u2606kojimuranishi\n|t:|1771249293\n|gametype|doubles\n|player|p1|Shuriky|skierf|1328\n|player|p2|kojimuranishi|102|1397\n|gen|9\n|tier|[Gen 9] VGC 2026 Reg I\n|rated|\n|rule|Species Clause: Limit one of each Pok\u00e9mon\n|rule|Item Clause: Limit 1 of each item\n|clearpoke\n|poke|p1|Miraidon, L50|\n|poke|p1|Kyogre, L50|\n|poke|p1|Whimsicott, L50, M|\n|poke|p1|Incineroar, L50, F|\n|poke|p1|Clefairy, L50, M|\n|poke|p1|Urshifu-*, L50, M|\n|poke|p2|Whimsicott, L50, F|\n|poke|p2|Calyrex-Ice, L50|\n|poke|p2|Miraidon, L50|\n|poke|p2|Chi-Yu, L50|\n|poke|p2|Landorus, L50, M|\n|poke|p2|Iron Hands, L50|\n|teampreview|4\n|inactive|Battle timer is ON: inactive players will automatically lose when time's up. (requested by kojimuranishi)\n|\n|t:|1771249322\n|teamsize|p1|4\n|teamsize|p2|4\n|start\n|switch|p1a: Larry|Miraidon, L50|100/100\n|switch|p1b: Trollsicott|Whimsicott, L50, M, shiny|100/100\n|switch|p2a: Miraidon|Miraidon, L50|100/100\n|switch|p2b: Iron Hands|Iron Hands, L50|100/100\n|-fieldstart|move: Electric Terrain|[from] ability: Hadron Engine|[of] p2a: Miraidon\n|-activate|p2b: Iron Hands|ability: Quark Drive\n|-start|p2b: Iron Hands|quarkdriveatk\n|-activate|p1a: Larry|ability: Hadron Engine\n|turn|1\n|inactive|kojimuranishi has 30 seconds left.\n|inactive|kojimuranishi has 20 seconds left.\n|\n|t:|1771249362\n|move|p1a: Larry|Protect|p1a: Larry\n|-singleturn|p1a: Larry|Protect\n|move|p1b: Trollsicott|Tailwind|p1b: Trollsicott\n|-sidestart|p1: Shuriky|move: Tailwind\n|move|p2a: Miraidon|Snarl|p1b: Trollsicott|[spread] p1b\n|-activate|p1a: Larry|move: Protect\n|-resisted|p1b: Trollsicott\n|-damage|p1b: Trollsicott|84/100\n|-unboost|p1b: Trollsicott|spa|1\n|move|p2b: Iron Hands|Low Kick|p1a: Larry\n|-activate|p1a: Larry|move: Protect\n|\n|upkeep\n|turn|2\n|inactive|Shuriky has 30 seconds left.\n|\n|t:|1771249389\n|switch|p2a: Whimsicott|Whimsicott, L50, F|100/100\n|-terastallize|p1a: Larry|Fairy\n|move|p1a: Larry|Dazzling Gleam|p2a: Whimsicott|[spread] p2a,p2b\n|-supereffective|p2b: Iron Hands\n|-damage|p2a: Whimsicott|2/100\n|-damage|p2b: Iron Hands|38/100\n|-damage|p1a: Larry|91/100|[from] item: Life Orb\n|move|p1b: Trollsicott|Moonblast|p2a: Whimsicott\n|-damage|p2a: Whimsicott|0 fnt\n|faint|p2a: Whimsicott\n|move|p2b: Iron Hands|Low Kick|p1a: Larry\n|-resisted|p1a: Larry\n|-damage|p1a: Larry|44/100\n|\n|upkeep\n|\n|t:|1771249405\n|switch|p2a: Calyrex|Calyrex-Ice, L50|100/100\n|-ability|p2a: Calyrex|As One\n|-ability|p2a: Calyrex|Unnerve\n|turn|3\n|\n|t:|1771249423\n|move|p1a: Larry|Dazzling Gleam|p2a: Calyrex|[spread] p2a,p2b\n|-supereffective|p2b: Iron Hands\n|-damage|p2a: Calyrex|51/100\n|-damage|p2b: Iron Hands|0 fnt\n|faint|p2b: Iron Hands\n|-end|p2b: Iron Hands|Quark Drive|[silent]\n|-damage|p1a: Larry|35/100|[from] item: Life Orb\n|move|p1b: Trollsicott|Endeavor|p2a: Calyrex\n|-immune|p2a: Calyrex\n|move|p2a: Calyrex|Glacial Lance|p1a: Larry|[spread] p1a,p1b\n|-supereffective|p1b: Trollsicott\n|-damage|p1a: Larry|0 fnt\n|-damage|p1b: Trollsicott|0 fnt\n|faint|p1a: Larry\n|faint|p1b: Trollsicott\n|-ability|p2a: Calyrex|Chilling Neigh|boost\n|-boost|p2a: Calyrex|atk|2\n|\n|upkeep\n|\n|t:|1771249440\n|switch|p1a: Fih|Kyogre, L50, shiny|100/100\n|switch|p1b: Imagine Trick Room|Clefairy, L50, M|100/100\n|switch|p2b: Miraidon|Miraidon, L50|100/100\n|-weather|RainDance|[from] ability: Drizzle|[of] p1a: Fih\n|-activate|p2b: Miraidon|ability: Hadron Engine\n|-enditem|p1a: Fih|Electric Seed\n|-boost|p1a: Fih|def|1|[from] item: Electric Seed\n|turn|4\n|inactive|Shuriky has 30 seconds left.\n|\n|t:|1771249474\n|-terastallize|p2a: Calyrex|Ice\n|move|p1b: Imagine Trick Room|Follow Me|p1b: Imagine Trick Room\n|-singleturn|p1b: Imagine Trick Room|move: Follow Me\n|move|p1a: Fih|Water Spout|p2a: Calyrex|[spread] p2a,p2b\n|-resisted|p2b: Miraidon\n|-crit|p2b: Miraidon\n|-damage|p2a: Calyrex|0 fnt\n|-damage|p2b: Miraidon|33/100\n|faint|p2a: Calyrex\n|move|p2b: Miraidon|Snarl|p1a: Fih|[spread] p1a,p1b\n|-resisted|p1b: Imagine Trick Room\n|-damage|p1a: Fih|88/100\n|-damage|p1b: Imagine Trick Room|94/100\n|-unboost|p1a: Fih|spa|1\n|-unboost|p1b: Imagine Trick Room|spa|1\n|\n|-weather|RainDance|[upkeep]\n|-sideend|p1: Shuriky|move: Tailwind\n|upkeep\n|turn|5\n|-message|kojimuranishi forfeited.\n|\n|win|Shuriky\n|raw|Shuriky's rating: 1328 &rarr; <strong>1352</strong><br />(+24 for winning)\n|raw|kojimuranishi's rating: 1397 &rarr; <strong>1373</strong><br />(-24 for losing)\n|l|\u2606kojimuranishi\n|player|p2|\n|l|\u2606Shuriky\n|player|p1|\n","uploadtime":1771249692,"views":35,"formatid":"gen9vgc2026regi","rating":1352,"private":0,"password":null}