{"id":"gen9vgc2026regi-2576787873","format":"[Gen 9] VGC 2026 Reg I","players":["nklp","N jordan"],"log":"|j|\u2606nklp\n|j|\u2606N jordan\n|t:|1775505713\n|gametype|doubles\n|player|p1|nklp|skyla|1263\n|player|p2|N jordan|n|1374\n|gen|9\n|tier|[Gen 9] VGC 2026 Reg I\n|rated|\n|rule|Species Clause: Limit one of each Pok\u00e9mon\n|rule|Item Clause: Limit 1 of each item\n|clearpoke\n|poke|p1|Miraidon, L50|\n|poke|p1|Ditto, L50|\n|poke|p1|Zamazenta-*, L50|\n|poke|p1|Torkoal, L50, F|\n|poke|p1|Ceruledge, L50, M|\n|poke|p1|Flutter Mane, L50|\n|poke|p2|Calyrex-Ice, L50|\n|poke|p2|Grimmsnarl, L50, M|\n|poke|p2|Incineroar, L50, F|\n|poke|p2|Pelipper, L50, F|\n|poke|p2|Kyurem-Black, L50|\n|poke|p2|Rillaboom, L50, M|\n|teampreview|4\n|inactive|Battle timer is ON: inactive players will automatically lose when time's up. (requested by nklp)\n|inactive|N jordan has 60 seconds left.\n|inactive|N jordan has 30 seconds left.\n|inactive|N jordan has 20 seconds left.\n|inactive|N jordan has 15 seconds left.\n|inactive|N jordan has 10 seconds left.\n|inactive|N jordan has 5 seconds left.\n|\n|t:|1775505799\n|teamsize|p1|4\n|teamsize|p2|4\n|start\n|switch|p1a: Flutter Mane|Flutter Mane, L50|100/100\n|switch|p1b: Miraidon|Miraidon, L50|100/100\n|switch|p2a: Rillaboom|Rillaboom, L50, M|100/100\n|switch|p2b: Grimmsnarl|Grimmsnarl, L50, M|100/100\n|-fieldstart|move: Electric Terrain|[from] ability: Hadron Engine|[of] p1b: Miraidon\n|-fieldstart|move: Grassy Terrain|[from] ability: Grassy Surge|[of] p2a: Rillaboom\n|-enditem|p1a: Flutter Mane|Booster Energy\n|-activate|p1a: Flutter Mane|ability: Protosynthesis|[fromitem]\n|-start|p1a: Flutter Mane|protosynthesisspe\n|turn|1\n|inactive|nklp has 30 seconds left.\n|\n|t:|1775505826\n|move|p2b: Grimmsnarl|Light Screen|p2b: Grimmsnarl\n|-sidestart|p2: N jordan|move: Light Screen\n|move|p1a: Flutter Mane|Moonblast|p2b: Grimmsnarl\n|-supereffective|p2b: Grimmsnarl\n|-damage|p2b: Grimmsnarl|29/100\n|-unboost|p2b: Grimmsnarl|spa|1\n|move|p1b: Miraidon|Dazzling Gleam|p2b: Grimmsnarl|[spread] p2a,p2b\n|-supereffective|p2b: Grimmsnarl\n|-damage|p2a: Rillaboom|88/100\n|-damage|p2b: Grimmsnarl|0 fnt\n|faint|p2b: Grimmsnarl\n|move|p2a: Rillaboom|Wood Hammer|p1a: Flutter Mane\n|-damage|p1a: Flutter Mane|0 fnt\n|faint|p1a: Flutter Mane\n|-end|p1a: Flutter Mane|Protosynthesis|[silent]\n|-damage|p2a: Rillaboom|68/100|[from] Recoil\n|\n|-heal|p2a: Rillaboom|73/100|[from] Grassy Terrain\n|upkeep\n|inactive|N jordan has 30 seconds left.\n|inactive|N jordan has 20 seconds left.\n|\n|t:|1775505864\n|switch|p1a: Ceruledge|Ceruledge, L50, M|100/100\n|switch|p2b: Calyrex|Calyrex-Ice, L50|100/100\n|-ability|p2b: Calyrex|As One\n|-ability|p2b: Calyrex|Unnerve\n|turn|2\n|inactive|nklp has 30 seconds left.\n|\n|t:|1775505894\n|-terastallize|p2b: Calyrex|Water\n|move|p1b: Miraidon|Draco Meteor|p2a: Rillaboom\n|-damage|p2a: Rillaboom|37/100\n|-unboost|p1b: Miraidon|spa|2\n|-enditem|p2a: Rillaboom|Sitrus Berry|[eat]\n|-heal|p2a: Rillaboom|61/100|[from] item: Sitrus Berry\n|move|p2a: Rillaboom|Knock Off|p1a: Ceruledge\n|-supereffective|p1a: Ceruledge\n|-damage|p1a: Ceruledge|27/100\n|-enditem|p1a: Ceruledge|Life Orb|[from] move: Knock Off|[of] p2a: Rillaboom\n|move|p1a: Ceruledge|Will-O-Wisp|p2b: Calyrex\n|-status|p2b: Calyrex|brn\n|move|p2b: Calyrex|Glacial Lance|p1a: Ceruledge|[spread] p1a,p1b\n|-resisted|p1a: Ceruledge\n|-supereffective|p1b: Miraidon\n|-damage|p1a: Ceruledge|11/100\n|-damage|p1b: Miraidon|48/100\n|\n|-heal|p1b: Miraidon|54/100|[from] Grassy Terrain\n|-heal|p1a: Ceruledge|17/100|[from] Grassy Terrain\n|-heal|p2a: Rillaboom|67/100|[from] Grassy Terrain\n|-damage|p2b: Calyrex|95/100 brn|[from] brn\n|upkeep\n|turn|3\n|inactive|nklp has 30 seconds left.\n|inactive|N jordan has 30 seconds left.\n|inactive|nklp has 20 seconds left.\n|\n|t:|1775505930\n|move|p1b: Miraidon|Electro Drift|p2b: Calyrex\n|-supereffective|p2b: Calyrex\n|-damage|p2b: Calyrex|69/100 brn\n|move|p2a: Rillaboom|Bulk Up|p2a: Rillaboom\n|-boost|p2a: Rillaboom|atk|1\n|-boost|p2a: Rillaboom|def|1\n|move|p1a: Ceruledge|Bitter Blade|p2a: Rillaboom\n|-supereffective|p2a: Rillaboom\n|-damage|p2a: Rillaboom|6/100\n|-heal|p1a: Ceruledge|56/100|[from] drain|[of] p2a: Rillaboom\n|move|p2b: Calyrex|Glacial Lance|p1b: Miraidon|[spread] p1a,p1b\n|-resisted|p1a: Ceruledge\n|-supereffective|p1b: Miraidon\n|-damage|p1a: Ceruledge|40/100\n|-damage|p1b: Miraidon|7/100\n|\n|-heal|p1b: Miraidon|13/100|[from] Grassy Terrain\n|-heal|p1a: Ceruledge|47/100|[from] Grassy Terrain\n|-heal|p2a: Rillaboom|12/100|[from] Grassy Terrain\n|-heal|p2b: Calyrex|75/100 brn|[from] Grassy Terrain\n|-damage|p2b: Calyrex|69/100 brn|[from] brn\n|upkeep\n|turn|4\n|inactive|nklp has 30 seconds left.\n|inactive|N jordan has 30 seconds left.\n|inactive|nklp has 20 seconds left.\n|inactive|nklp has 15 seconds left.\n|inactive|nklp has 10 seconds left.\n|\n|t:|1775505975\n|move|p1a: Ceruledge|Shadow Sneak|p2a: Rillaboom\n|-damage|p2a: Rillaboom|0 fnt\n|faint|p2a: Rillaboom\n|move|p1b: Miraidon|Electro Drift|p2b: Calyrex\n|-supereffective|p2b: Calyrex\n|-damage|p2b: Calyrex|43/100 brn\n|move|p2b: Calyrex|Glacial Lance|p1a: Ceruledge|[spread] p1a,p1b\n|-resisted|p1a: Ceruledge\n|-supereffective|p1b: Miraidon\n|-damage|p1a: Ceruledge|30/100\n|-damage|p1b: Miraidon|0 fnt\n|faint|p1b: Miraidon\n|-ability|p2b: Calyrex|Chilling Neigh|boost\n|-boost|p2b: Calyrex|atk|1\n|\n|-heal|p1a: Ceruledge|36/100|[from] Grassy Terrain\n|-heal|p2b: Calyrex|49/100 brn|[from] Grassy Terrain\n|-damage|p2b: Calyrex|43/100 brn|[from] brn\n|upkeep\n|\n|t:|1775505995\n|switch|p1b: Ditto|Ditto, L50|100/100\n|switch|p2a: Kyurem|Kyurem-Black, L50|100/100\n|-transform|p1b: Ditto|p2a: Kyurem|[from] ability: Imposter\n|-ability|p1b: Ditto|Teravolt\n|-ability|p2a: Kyurem|Teravolt\n|turn|5\n|inactive|nklp has 30 seconds left.\n|\n|t:|1775506020\n|move|p1b: Ditto|Fusion Bolt|p2b: Calyrex\n|-supereffective|p2b: Calyrex\n|-damage|p2b: Calyrex|0 fnt\n|faint|p2b: Calyrex\n|move|p2a: Kyurem|Outrage|p1a: Ceruledge\n|-damage|p1a: Ceruledge|0 fnt\n|faint|p1a: Ceruledge\n|\n|-fieldend|move: Grassy Terrain\n|upkeep\n|turn|6\n|\n|t:|1775506033\n|-terastallize|p1b: Ditto|Water\n|move|p1b: Ditto|Fusion Bolt|p2a: Kyurem\n|-resisted|p2a: Kyurem\n|-damage|p2a: Kyurem|81/100\n|move|p2a: Kyurem|Outrage|p1b: Ditto|[from] lockedmove\n|-damage|p1b: Ditto|0 fnt\n|faint|p1b: Ditto\n|-start|p2a: Kyurem|confusion|[fatigue]\n|\n|win|N jordan\n|raw|nklp's rating: 1263 &rarr; <strong>1246</strong><br />(-17 for losing)\n|raw|N jordan's rating: 1374 &rarr; <strong>1388</strong><br />(+14 for winning)\n|l|\u2606nklp\n|player|p1|\n|l|\u2606N jordan\n|player|p2|\n","uploadtime":1775506301,"views":3,"formatid":"gen9vgc2026regi","rating":1246,"private":0,"password":null}