{"id":"gen9vgc2026regi-2558632244","format":"[Gen 9] VGC 2026 Reg I","players":["pigs2fly","Tb0lt"],"log":"|j|\u2606pigs2fly\n|j|\u2606Tb0lt\n|html|<table width=\"100%\"><tr><td align=\"left\">pigs2fly</td><td align=\"right\">Tb0lt</tr><tr><td align=\"left\"><i class=\"fa fa-circle\"></i> <i class=\"fa fa-circle-o\"></i> </td><td align=\"right\"><i class=\"fa fa-circle-o\"></i> <i class=\"fa fa-circle-o\"></i> </tr></table>\n|uhtml|bestof|<h2><strong>Game 2</strong> of <a href=\"/game-bestof3-gen9vgc2026regi-2558630609\">a best-of-3</a></h2>\n|t:|1773456237\n|gametype|doubles\n|player|p1|pigs2fly|dexio|\n|player|p2|Tb0lt|#tb0lt|\n|gen|9\n|tier|[Gen 9] VGC 2026 Reg I\n|rated|Tournament battle\n|rule|Species Clause: Limit one of each Pok\u00e9mon\n|rule|Item Clause: Limit 1 of each item\n|raw|<div class=\"infobox\"><details class=\"readmore\" open><summary><strong>4 custom rules:</strong></summary> Open Team Sheets, Force Open Team Sheets, !Open Team Sheets, Best of = 3</details></div>\n|clearpoke\n|poke|p1|Annihilape, L50, M|\n|poke|p1|Tornadus, L50, M|\n|poke|p1|Dondozo, L50, M|\n|poke|p1|Tatsugiri, L50, M|\n|poke|p1|Zacian-*, L50|\n|poke|p1|Kyogre, L50|\n|poke|p2|Incineroar, L50, F|\n|poke|p2|Amoonguss, L50, F|\n|poke|p2|Rillaboom, L50, F|\n|poke|p2|Terapagos, L50, M|\n|poke|p2|Calyrex-Shadow, L50|\n|poke|p2|Ogerpon-Cornerstone, L50, F|\n|teampreview|4\n|showteam|p1|Annihilape||ChoiceScarf|Defiant|FinalGambit,Coaching,CloseCombat,ShadowClaw|||M|||50|,,,,,Ground]Tornadus||AbilityShield|Prankster|Protect,Tailwind,Hurricane,RainDance|||M|||50|,,,,,Steel]Dondozo||Leftovers|Unaware|Protect,OrderUp,Earthquake,WaveCrash|||M|||50|,,,,,Grass]Tatsugiri||FocusSash|Commander|Protect,Taunt,MuddyWater,DragonPulse|||M|||50|,,,,,Stellar]Zacian-Crowned||RustedSword|IntrepidSword|Protect,Substitute,PlayRough,behemothblade||||||50|,,,,,Fairy]Kyogre||ChoiceSpecs|Drizzle|IceBeam,HydroPump,OriginPulse,WaterSpout||||||50|,,,,,Ghost\n|showteam|p2|Incineroar||SafetyGoggles|Intimidate|FlareBlitz,KnockOff,PartingShot,FakeOut|||F|||50|,,,,,Water]Amoonguss||RockyHelmet|Regenerator|Protect,SludgeBomb,RagePowder,Spore|||F|||50|,,,,,Water]Rillaboom||AssaultVest|GrassySurge|WoodHammer,GrassyGlide,HighHorsepower,FakeOut|||F|||50|,,,,,Fire]Terapagos||Leftovers|TeraShift|TeraStarstorm,EarthPower,CalmMind,Protect|||M|||50|,,,,,Stellar]Calyrex-Shadow||FocusSash|AsOneSpectrier|AstralBarrage,Protect,Disable,Encore||||||50|,,,,,Ghost]Ogerpon-Cornerstone||CornerstoneMask|Sturdy|IvyCudgel,KnockOff,FollowMe,SpikyShield|||F|||50|,,,,,Rock\n|j| Ali_0009\n|c|\u2606Tb0lt|hf\n|j| TheGuyWithACloak\n|c| TheGuyWithACloak|tbolt pls I wanna face you\n|c|\u2606pigs2fly|U2\n|c|\u2606Tb0lt|tornogre lead is not simple\n|j| maxdeesevgc\n|j| 801344244a\n|j| Unskilled99\n|j|+Flarefox\n|\n|t:|1773456389\n|teamsize|p1|4\n|teamsize|p2|4\n|start\n|switch|p1a: Kyogre|Kyogre, L50|100/100\n|switch|p1b: Tornadus|Tornadus, L50, M|100/100\n|switch|p2a: Incineroar|Incineroar, L50, F|100/100\n|switch|p2b: Ogerpon|Ogerpon-Cornerstone, L50, F|100/100\n|-weather|RainDance|[from] ability: Drizzle|[of] p1a: Kyogre\n|-ability|p2a: Incineroar|Intimidate|boost\n|-unboost|p1a: Kyogre|atk|1\n|-unboost|p1b: Tornadus|atk|1\n|turn|1\n|c|\u2606pigs2fly|It's not a simple matchup, it's probably one of my worst. But I've played it with a good friend. So we know the gambles, you have to take. 50/50 honestly\n|\n|t:|1773456411\n|switch|p2a: Rillaboom|Rillaboom, L50, F|100/100\n|-fieldstart|move: Grassy Terrain|[from] ability: Grassy Surge|[of] p2a: Rillaboom\n|-terastallize|p1a: Kyogre|Ghost\n|move|p1b: Tornadus|Protect|p1b: Tornadus\n|-singleturn|p1b: Tornadus|Protect\n|move|p2b: Ogerpon|Ivy Cudgel|p1a: Kyogre|[anim] Ivy Cudgel Rock\n|-damage|p1a: Kyogre|42/100\n|move|p1a: Kyogre|Origin Pulse|p2a: Rillaboom|[spread] p2a,p2b\n|-resisted|p2a: Rillaboom\n|-damage|p2a: Rillaboom|61/100\n|-ability|p2b: Ogerpon|Sturdy\n|-damage|p2b: Ogerpon|1/100\n|\n|-weather|RainDance|[upkeep]\n|-heal|p2b: Ogerpon|7/100|[from] Grassy Terrain\n|-heal|p1a: Kyogre|49/100|[from] Grassy Terrain\n|-heal|p2a: Rillaboom|67/100|[from] Grassy Terrain\n|upkeep\n|turn|2\n|l| maxdeesevgc\n|\n|t:|1773456432\n|switch|p1a: Zacian|Zacian-Crowned, L50, shiny|100/100\n|-ability|p1a: Zacian|Intrepid Sword|boost\n|-boost|p1a: Zacian|atk|1\n|move|p2a: Rillaboom|Fake Out|p1b: Tornadus\n|-damage|p1b: Tornadus|79/100\n|cant|p1b: Tornadus|flinch\n|move|p2b: Ogerpon|Knock Off|p1a: Zacian\n|-resisted|p1a: Zacian\n|-damage|p1a: Zacian|90/100\n|\n|-weather|RainDance|[upkeep]\n|-heal|p1a: Zacian|96/100|[from] Grassy Terrain\n|-heal|p2b: Ogerpon|13/100|[from] Grassy Terrain\n|-heal|p2a: Rillaboom|73/100|[from] Grassy Terrain\n|upkeep\n|turn|3\n|\n|t:|1773456444\n|switch|p2a: Incineroar|Incineroar, L50, F|100/100\n|-ability|p2a: Incineroar|Intimidate|boost\n|-unboost|p1a: Zacian|atk|1\n|-unboost|p1b: Tornadus|atk|1\n|move|p2b: Ogerpon|Spiky Shield|p2b: Ogerpon\n|-singleturn|p2b: Ogerpon|move: Protect\n|move|p1a: Zacian|Behemoth Blade|p2b: Ogerpon\n|-activate|p2b: Ogerpon|move: Protect\n|-damage|p1a: Zacian|84/100|[from] Spiky Shield|[of] p2b: Ogerpon\n|move|p1b: Tornadus|Hurricane|p2a: Incineroar\n|-damage|p2a: Incineroar|50/100\n|-start|p2a: Incineroar|confusion\n|\n|-weather|RainDance|[upkeep]\n|-heal|p1a: Zacian|90/100|[from] Grassy Terrain\n|-heal|p2b: Ogerpon|18/100|[from] Grassy Terrain\n|-heal|p2a: Incineroar|56/100|[from] Grassy Terrain\n|upkeep\n|turn|4\n|\n|t:|1773456458\n|switch|p2b: Rillaboom|Rillaboom, L50, F|73/100\n|move|p1b: Tornadus|Protect|p1b: Tornadus\n|-singleturn|p1b: Tornadus|Protect\n|move|p1a: Zacian|Play Rough|p2b: Rillaboom\n|-damage|p2b: Rillaboom|25/100\n|-activate|p2a: Incineroar|confusion\n|-damage|p2a: Incineroar|48/100|[from] confusion\n|\n|-weather|RainDance|[upkeep]\n|-heal|p1a: Zacian|96/100|[from] Grassy Terrain\n|-heal|p2b: Rillaboom|31/100|[from] Grassy Terrain\n|-heal|p2a: Incineroar|53/100|[from] Grassy Terrain\n|upkeep\n|turn|5\n|\n|t:|1773456491\n|switch|p2b: Ogerpon|Ogerpon-Cornerstone, L50, F|18/100\n|move|p1a: Zacian|Substitute|p1a: Zacian\n|-start|p1a: Zacian|Substitute\n|-damage|p1a: Zacian|71/100\n|move|p1b: Tornadus|Hurricane|p2b: Ogerpon\n|-damage|p2b: Ogerpon|0 fnt\n|faint|p2b: Ogerpon\n|-activate|p2a: Incineroar|confusion\n|-damage|p2a: Incineroar|46/100|[from] confusion\n|\n|-weather|none\n|-heal|p1a: Zacian|77/100|[from] Grassy Terrain\n|-heal|p2a: Incineroar|51/100|[from] Grassy Terrain\n|-fieldend|move: Grassy Terrain\n|upkeep\n|\n|t:|1773456494\n|switch|p2b: Calyrex|Calyrex-Shadow, L50|100/100\n|-ability|p2b: Calyrex|As One\n|-ability|p2b: Calyrex|Unnerve\n|turn|6\n|\n|t:|1773456504\n|switch|p2a: Rillaboom|Rillaboom, L50, F|31/100\n|-fieldstart|move: Grassy Terrain|[from] ability: Grassy Surge|[of] p2a: Rillaboom\n|move|p1b: Tornadus|Tailwind|p1b: Tornadus\n|-sidestart|p1: pigs2fly|move: Tailwind\n|move|p1a: Zacian|Behemoth Blade|p2b: Calyrex\n|-damage|p2b: Calyrex|25/100\n|move|p2b: Calyrex|Astral Barrage|p1b: Tornadus|[spread] p1a,p1b\n|-end|p1a: Zacian|Substitute\n|-damage|p1b: Tornadus|4/100\n|\n|-heal|p1a: Zacian|83/100|[from] Grassy Terrain\n|-heal|p2b: Calyrex|32/100|[from] Grassy Terrain\n|-heal|p2a: Rillaboom|36/100|[from] Grassy Terrain\n|upkeep\n|turn|7\n|\n|t:|1773456518\n|switch|p2b: Incineroar|Incineroar, L50, F|51/100\n|-ability|p2b: Incineroar|Intimidate|boost\n|-unboost|p1a: Zacian|atk|1\n|-unboost|p1b: Tornadus|atk|1\n|move|p2a: Rillaboom|Fake Out|p1b: Tornadus\n|-damage|p1b: Tornadus|0 fnt\n|faint|p1b: Tornadus\n|move|p1a: Zacian|Behemoth Blade|p2b: Incineroar\n|-resisted|p2b: Incineroar\n|-damage|p2b: Incineroar|37/100\n|\n|-heal|p1a: Zacian|89/100|[from] Grassy Terrain\n|-heal|p2a: Rillaboom|42/100|[from] Grassy Terrain\n|-heal|p2b: Incineroar|43/100|[from] Grassy Terrain\n|upkeep\n|\n|t:|1773456526\n|switch|p1b: Annihilape|Annihilape, L50, M|100/100\n|turn|8\n|\n|t:|1773456541\n|move|p1b: Annihilape|Close Combat|p2a: Rillaboom\n|-damage|p2a: Rillaboom|0 fnt\n|-unboost|p1b: Annihilape|def|1\n|-unboost|p1b: Annihilape|spd|1\n|faint|p2a: Rillaboom\n|move|p1a: Zacian|Behemoth Blade|p2b: Incineroar\n|-resisted|p2b: Incineroar\n|-damage|p2b: Incineroar|28/100\n|move|p2b: Incineroar|Knock Off|p1b: Annihilape\n|-damage|p1b: Annihilape|39/100\n|-enditem|p1b: Annihilape|Choice Scarf|[from] move: Knock Off|[of] p2b: Incineroar\n|\n|-heal|p1a: Zacian|95/100|[from] Grassy Terrain\n|-heal|p1b: Annihilape|45/100|[from] Grassy Terrain\n|-heal|p2b: Incineroar|34/100|[from] Grassy Terrain\n|upkeep\n|\n|t:|1773456543\n|switch|p2a: Calyrex|Calyrex-Shadow, L50|32/100\n|-ability|p2a: Calyrex|As One\n|-ability|p2a: Calyrex|Unnerve\n|turn|9\n|\n|t:|1773456560\n|switch|p1b: Kyogre|Kyogre, L50, tera:Ghost|49/100\n|-weather|RainDance|[from] ability: Drizzle|[of] p1b: Kyogre\n|-terastallize|p2b: Incineroar|Water\n|move|p1a: Zacian|Protect|p1a: Zacian\n|-singleturn|p1a: Zacian|Protect\n|move|p2a: Calyrex|Protect|p2a: Calyrex\n|-singleturn|p2a: Calyrex|Protect\n|move|p2b: Incineroar|Flare Blitz|p1a: Zacian\n|-activate|p1a: Zacian|move: Protect\n|\n|-weather|RainDance|[upkeep]\n|-heal|p1a: Zacian|100/100|[from] Grassy Terrain\n|-heal|p1b: Kyogre|55/100|[from] Grassy Terrain\n|-heal|p2a: Calyrex|38/100|[from] Grassy Terrain\n|-heal|p2b: Incineroar|40/100|[from] Grassy Terrain\n|-sideend|p1: pigs2fly|move: Tailwind\n|upkeep\n|turn|10\n|\n|t:|1773456568\n|move|p2a: Calyrex|Astral Barrage|p1a: Zacian|[spread] p1a,p1b\n|-supereffective|p1b: Kyogre\n|-damage|p1a: Zacian|52/100\n|-damage|p1b: Kyogre|0 fnt\n|faint|p1b: Kyogre\n|-ability|p2a: Calyrex|Grim Neigh|boost\n|-boost|p2a: Calyrex|spa|1\n|move|p1a: Zacian|Behemoth Blade|p2a: Calyrex\n|-damage|p2a: Calyrex|0 fnt\n|faint|p2a: Calyrex\n|move|p2b: Incineroar|Flare Blitz|p1a: Zacian\n|-supereffective|p1a: Zacian\n|-damage|p1a: Zacian|19/100\n|-status|p1a: Zacian|brn\n|-damage|p2b: Incineroar|29/100|[from] Recoil\n|\n|-weather|RainDance|[upkeep]\n|-heal|p1a: Zacian|25/100 brn|[from] Grassy Terrain\n|-heal|p2b: Incineroar|35/100|[from] Grassy Terrain\n|-damage|p1a: Zacian|19/100 brn|[from] brn\n|-fieldend|move: Grassy Terrain\n|upkeep\n|\n|t:|1773456571\n|switch|p1b: Annihilape|Annihilape, L50, M|45/100\n|turn|11\n|\n|t:|1773456578\n|move|p1a: Zacian|Play Rough|p2b: Incineroar\n|-damage|p2b: Incineroar|22/100\n|move|p1b: Annihilape|Close Combat|p2b: Incineroar\n|-damage|p2b: Incineroar|0 fnt\n|-unboost|p1b: Annihilape|def|1\n|-unboost|p1b: Annihilape|spd|1\n|faint|p2b: Incineroar\n|\n|win|pigs2fly\n","uploadtime":1773456581,"views":14,"formatid":"gen9vgc2026regi","rating":null,"private":0,"password":null}