{"id":"gen9vgc2026regi-2563363590","format":"[Gen 9] VGC 2026 Reg I","players":["SirLuce","Pigduckeater"],"log":"|j|\u2606SirLuce\n|j|\u2606Pigduckeater\n|t:|1774019867\n|gametype|doubles\n|player|p1|SirLuce|1|1359\n|player|p2|Pigduckeater|170|1443\n|gen|9\n|tier|[Gen 9] VGC 2026 Reg I\n|rated|\n|rule|Species Clause: Limit one of each Pok\u00e9mon\n|rule|Item Clause: Limit 1 of each item\n|clearpoke\n|poke|p1|Necrozma-Dawn-Wings, L50|\n|poke|p1|Indeedee-F, L50, F|\n|poke|p1|Calyrex-Ice, L50|\n|poke|p1|Ursaluna, L50, F|\n|poke|p1|Tornadus, L50, M|\n|poke|p1|Urshifu-*, L50, M|\n|poke|p2|Incineroar, L50, M|\n|poke|p2|Weezing-Galar, L50, F|\n|poke|p2|Miraidon, L50|\n|poke|p2|Calyrex-Shadow, L50|\n|poke|p2|Flamigo, L50, F|\n|poke|p2|Oranguru, L50, M|\n|teampreview|4\n|\n|t:|1774019892\n|teamsize|p1|4\n|teamsize|p2|4\n|start\n|switch|p1a: Necrozma|Necrozma-Dawn-Wings, L50, shiny|100/100\n|switch|p1b: Indeedee|Indeedee-F, L50, F|100/100\n|switch|p2a: Calyrex|Calyrex-Shadow, L50|100/100\n|switch|p2b: Miraidon|Miraidon, L50|100/100\n|-ability|p2a: Calyrex|As One\n|-ability|p2a: Calyrex|Unnerve\n|-fieldstart|move: Electric Terrain|[from] ability: Hadron Engine|[of] p2b: Miraidon\n|-enditem|p2b: Miraidon|Electric Seed\n|-boost|p2b: Miraidon|def|1|[from] item: Electric Seed\n|-fieldstart|move: Psychic Terrain|[from] ability: Psychic Surge|[of] p1b: Indeedee\n|turn|1\n|\n|t:|1774019908\n|switch|p1a: Ursaluna|Ursaluna, L50, F|100/100\n|move|p2a: Calyrex|Trick|p1a: Ursaluna\n|-activate|p2a: Calyrex|move: Trick|[of] p1a: Ursaluna\n|-item|p1a: Ursaluna|Choice Scarf|[from] move: Trick\n|-item|p2a: Calyrex|Flame Orb|[from] move: Trick\n|move|p2b: Miraidon|Calm Mind|p2b: Miraidon\n|-boost|p2b: Miraidon|spa|1\n|-boost|p2b: Miraidon|spd|1\n|move|p1b: Indeedee|Trick Room|p1b: Indeedee\n|-fieldstart|move: Trick Room|[of] p1b: Indeedee\n|\n|-status|p2a: Calyrex|brn|[from] item: Flame Orb\n|upkeep\n|turn|2\n|\n|t:|1774019926\n|switch|p2a: Incineroar|Incineroar, L50, M|100/100\n|-ability|p2a: Incineroar|Intimidate|boost\n|-unboost|p1a: Ursaluna|atk|1\n|-unboost|p1b: Indeedee|atk|1\n|-terastallize|p2b: Miraidon|Fairy\n|move|p1b: Indeedee|Helping Hand|p1a: Ursaluna\n|-singleturn|p1a: Ursaluna|Helping Hand|[of] p1b: Indeedee\n|move|p1a: Ursaluna|Earthquake|p2b: Miraidon|[spread] p1b,p2a,p2b\n|-supereffective|p2a: Incineroar\n|-damage|p1b: Indeedee|51/100\n|-damage|p2a: Incineroar|29/100\n|-damage|p2b: Miraidon|80/100\n|move|p2b: Miraidon|Calm Mind|p2b: Miraidon\n|-boost|p2b: Miraidon|spa|1\n|-boost|p2b: Miraidon|spd|1\n|\n|upkeep\n|turn|3\n|\n|t:|1774019955\n|switch|p2a: Weezing|Weezing-Galar, L50, F|100/100\n|-ability|p2a: Weezing|Neutralizing Gas\n|move|p1b: Indeedee|Helping Hand|p1a: Ursaluna\n|-singleturn|p1a: Ursaluna|Helping Hand|[of] p1b: Indeedee\n|move|p1a: Ursaluna|Earthquake|p2b: Miraidon|[spread] p1b,p2a,p2b\n|-supereffective|p2a: Weezing\n|-damage|p1b: Indeedee|4/100\n|-damage|p2a: Weezing|24/100\n|-damage|p2b: Miraidon|57/100\n|move|p2b: Miraidon|Parabolic Charge|p1a: Ursaluna|[spread] p2a,p1b\n|-immune|p1a: Ursaluna\n|-damage|p2a: Weezing|0 fnt\n|-heal|p2b: Miraidon|68/100|[from] drain|[of] p2a: Weezing\n|-damage|p1b: Indeedee|0 fnt\n|-heal|p2b: Miraidon|69/100|[from] drain|[of] p1b: Indeedee\n|faint|p2a: Weezing\n|-end|p2a: Weezing|ability: Neutralizing Gas\n|-fieldstart|move: Electric Terrain|[from] ability: Hadron Engine|[of] p2b: Miraidon\n|faint|p1b: Indeedee\n|\n|upkeep\n|\n|t:|1774019976\n|switch|p2a: Incineroar|Incineroar, L50, M|29/100\n|switch|p1b: Calyrex|Calyrex-Ice, L50|100/100\n|-ability|p1b: Calyrex|As One\n|-ability|p1b: Calyrex|Unnerve\n|-ability|p2a: Incineroar|Intimidate|boost\n|-unboost|p1a: Ursaluna|atk|1\n|-fail|p1b: Calyrex|unboost|[from] item: Clear Amulet|[of] p1b: Calyrex\n|turn|4\n|\n|t:|1774019986\n|move|p2a: Incineroar|Fake Out|p1b: Calyrex\n|-damage|p1b: Calyrex|94/100\n|cant|p1b: Calyrex|flinch\n|move|p1a: Ursaluna|Earthquake|p2a: Incineroar|[spread] p1b,p2a,p2b\n|-supereffective|p2a: Incineroar\n|-damage|p1b: Calyrex|79/100\n|-damage|p2a: Incineroar|0 fnt\n|-damage|p2b: Miraidon|60/100\n|faint|p2a: Incineroar\n|move|p2b: Miraidon|Dragon Pulse|p1a: Ursaluna\n|-damage|p1a: Ursaluna|0 fnt\n|faint|p1a: Ursaluna\n|\n|upkeep\n|\n|t:|1774019997\n|switch|p1a: Necrozma|Necrozma-Dawn-Wings, L50, shiny|100/100\n|switch|p2a: Calyrex|Calyrex-Shadow, L50|100/100 brn\n|-ability|p2a: Calyrex|As One\n|-ability|p2a: Calyrex|Unnerve\n|turn|5\n|\n|t:|1774020009\n|move|p1b: Calyrex|Glacial Lance|p2b: Miraidon|[spread] p2a,p2b\n|-damage|p2a: Calyrex|37/100 brn\n|-damage|p2b: Miraidon|30/100\n|move|p1a: Necrozma|Meteor Beam||[still]\n|-prepare|p1a: Necrozma|Meteor Beam\n|-boost|p1a: Necrozma|spa|1\n|-enditem|p1a: Necrozma|Power Herb\n|-anim|p1a: Necrozma|Meteor Beam|p2b: Miraidon|[miss]\n|-miss|p1a: Necrozma|p2b: Miraidon\n|move|p2b: Miraidon|Parabolic Charge|p1b: Calyrex|[spread] p2a,p1a,p1b\n|-damage|p2a: Calyrex|0 fnt\n|-heal|p2b: Miraidon|47/100|[from] drain|[of] p2a: Calyrex\n|-damage|p1a: Necrozma|40/100\n|-heal|p2b: Miraidon|79/100|[from] drain|[of] p1a: Necrozma\n|-damage|p1b: Calyrex|21/100\n|-heal|p2b: Miraidon|100/100|[from] drain|[of] p1b: Calyrex\n|faint|p2a: Calyrex\n|\n|-fieldend|move: Trick Room\n|upkeep\n|turn|6\n|\n|t:|1774020029\n|move|p2b: Miraidon|Parabolic Charge|p1a: Necrozma|[spread] p1a,p1b\n|-damage|p1a: Necrozma|0 fnt\n|-damage|p1b: Calyrex|0 fnt\n|faint|p1a: Necrozma\n|faint|p1b: Calyrex\n|\n|win|Pigduckeater\n|raw|SirLuce's rating: 1359 &rarr; <strong>1344</strong><br />(-15 for losing)\n|raw|Pigduckeater's rating: 1443 &rarr; <strong>1458</strong><br />(+15 for winning)\n|l|\u2606SirLuce\n|player|p1|\n|l|\u2606Pigduckeater\n|player|p2|\n","uploadtime":1774020186,"views":13,"formatid":"gen9vgc2026regi","rating":1344,"private":0,"password":null}