{"id":"gen9vgc2026regi-2561242900","format":"[Gen 9] VGC 2026 Reg I","players":["yutarotaku","Mirthinion"],"log":"|j|\u2606yutarotaku\n|j|\u2606Mirthinion\n|t:|1773776610\n|gametype|doubles\n|player|p1|yutarotaku|102|1454\n|player|p2|Mirthinion|janitor|1426\n|gen|9\n|tier|[Gen 9] VGC 2026 Reg I\n|rated|\n|rule|Species Clause: Limit one of each Pok\u00e9mon\n|rule|Item Clause: Limit 1 of each item\n|clearpoke\n|poke|p1|Zamazenta-*, L50|\n|poke|p1|Landorus, L50, M|\n|poke|p1|Rillaboom, L50, M|\n|poke|p1|Kyogre, L50|\n|poke|p1|Tornadus, L50, M|\n|poke|p1|Brute Bonnet, L50|\n|poke|p2|Calyrex-Shadow, L50|\n|poke|p2|Zamazenta-*, L50|\n|poke|p2|Urshifu-*, L50, M|\n|poke|p2|Incineroar, L50, M|\n|poke|p2|Rillaboom, L50, M|\n|poke|p2|Tornadus, L50, M|\n|teampreview|4\n|inactive|Battle timer is ON: inactive players will automatically lose when time's up. (requested by Mirthinion)\n|\n|t:|1773776628\n|teamsize|p1|4\n|teamsize|p2|4\n|start\n|switch|p1a: Tornadus|Tornadus, L50, M|100/100\n|switch|p1b: Kyogre|Kyogre, L50|100/100\n|switch|p2a: Vangwe|Tornadus, L50, M|100/100\n|switch|p2b: Beowulf|Urshifu-Rapid-Strike, L50, M|100/100\n|-weather|RainDance|[from] ability: Drizzle|[of] p1b: Kyogre\n|turn|1\n|\n|t:|1773776647\n|switch|p1a: Brute Bonnet|Brute Bonnet, L50|100/100\n|-enditem|p1a: Brute Bonnet|Booster Energy\n|-activate|p1a: Brute Bonnet|ability: Protosynthesis|[fromitem]\n|-start|p1a: Brute Bonnet|protosynthesisdef\n|move|p2a: Vangwe|Tailwind|p2a: Vangwe\n|-sidestart|p2: Mirthinion|move: Tailwind\n|move|p2b: Beowulf|Close Combat|p1b: Kyogre\n|-damage|p1b: Kyogre|3/100\n|-unboost|p2b: Beowulf|def|1\n|-unboost|p2b: Beowulf|spd|1\n|move|p1b: Kyogre|Origin Pulse|p2a: Vangwe|[spread] p2a\n|-miss|p1b: Kyogre|p2b: Beowulf\n|-damage|p2a: Vangwe|17/100\n|\n|-weather|RainDance|[upkeep]\n|upkeep\n|turn|2\n|inactive|yutarotaku has 30 seconds left.\n|inactive|yutarotaku has 20 seconds left.\n|inactive|yutarotaku has 15 seconds left.\n|inactive|yutarotaku has 10 seconds left.\n|inactive|yutarotaku has 5 seconds left.\n|\n|t:|1773776699\n|switch|p1b: Zamazenta|Zamazenta-Crowned, L50|100/100\n|-ability|p1b: Zamazenta|Dauntless Shield|boost\n|-boost|p1b: Zamazenta|def|1\n|move|p1a: Brute Bonnet|Sucker Punch|p2a: Vangwe\n|-damage|p2a: Vangwe|0 fnt\n|faint|p2a: Vangwe\n|move|p2b: Beowulf|Close Combat|p1a: Brute Bonnet\n|-supereffective|p1a: Brute Bonnet\n|-damage|p1a: Brute Bonnet|0 fnt\n|-unboost|p2b: Beowulf|def|1\n|-unboost|p2b: Beowulf|spd|1\n|faint|p1a: Brute Bonnet\n|-end|p1a: Brute Bonnet|Protosynthesis|[silent]\n|\n|-weather|RainDance|[upkeep]\n|upkeep\n|\n|t:|1773776717\n|switch|p2a: Mithrandir|Calyrex-Shadow, L50|100/100\n|switch|p1a: Tornadus|Tornadus, L50, M|100/100\n|-ability|p2a: Mithrandir|As One\n|-ability|p2a: Mithrandir|Unnerve\n|turn|3\n|\n|t:|1773776740\n|-terastallize|p1b: Zamazenta|Grass\n|move|p2a: Mithrandir|Astral Barrage|p1a: Tornadus|[spread] p1a,p1b\n|-damage|p1a: Tornadus|44/100\n|-damage|p1b: Zamazenta|66/100\n|move|p2b: Beowulf|Close Combat|p1a: Tornadus\n|-resisted|p1a: Tornadus\n|-damage|p1a: Tornadus|2/100\n|-unboost|p2b: Beowulf|def|1\n|-unboost|p2b: Beowulf|spd|1\n|move|p1b: Zamazenta|Heavy Slam|p2a: Mithrandir\n|-damage|p2a: Mithrandir|47/100\n|move|p1a: Tornadus|Bleakwind Storm|p2a: Mithrandir|[spread] p2a,p2b\n|-supereffective|p2b: Beowulf\n|-damage|p2a: Mithrandir|12/100\n|-damage|p2b: Beowulf|0 fnt\n|faint|p2b: Beowulf\n|\n|-weather|RainDance|[upkeep]\n|upkeep\n|\n|t:|1773776757\n|switch|p2b: Drambor|Zamazenta-Crowned, L50|100/100\n|-ability|p2b: Drambor|Dauntless Shield|boost\n|-boost|p2b: Drambor|def|1\n|turn|4\n|\n|t:|1773776769\n|-terastallize|p2a: Mithrandir|Bug\n|move|p1b: Zamazenta|Protect|p1b: Zamazenta\n|-singleturn|p1b: Zamazenta|Protect\n|move|p1a: Tornadus|Tailwind|p1a: Tornadus\n|-sidestart|p1: yutarotaku|move: Tailwind\n|move|p2a: Mithrandir|Pollen Puff|p1b: Zamazenta\n|-activate|p1b: Zamazenta|move: Protect\n|move|p2b: Drambor|Behemoth Bash|p1a: Tornadus\n|-damage|p1a: Tornadus|0 fnt\n|faint|p1a: Tornadus\n|\n|-weather|RainDance|[upkeep]\n|-sideend|p2: Mirthinion|move: Tailwind\n|upkeep\n|\n|t:|1773776781\n|switch|p1a: Kyogre|Kyogre, L50|3/100\n|turn|5\n|\n|t:|1773776798\n|move|p2a: Mithrandir|Protect|p2a: Mithrandir\n|-singleturn|p2a: Mithrandir|Protect\n|move|p1b: Zamazenta|Heavy Slam|p2a: Mithrandir\n|-activate|p2a: Mithrandir|move: Protect\n|move|p1a: Kyogre|Hydro Pump|p2b: Drambor|[miss]\n|-miss|p1a: Kyogre|p2b: Drambor\n|move|p2b: Drambor|Body Press|p1a: Kyogre\n|-damage|p1a: Kyogre|0 fnt\n|faint|p1a: Kyogre\n|\n|-weather|none\n|upkeep\n|turn|6\n|-message|yutarotaku forfeited.\n|\n|win|Mirthinion\n|raw|yutarotaku's rating: 1454 &rarr; <strong>1432</strong><br />(-22 for losing)\n|raw|Mirthinion's rating: 1426 &rarr; <strong>1448</strong><br />(+22 for winning)\n|l|\u2606yutarotaku\n|player|p1|\n","uploadtime":1773776811,"views":86,"formatid":"gen9vgc2026regi","rating":1432,"private":0,"password":null}