{"id":"gen9vgc2026regi-2561494494","format":"[Gen 9] VGC 2026 Reg I","players":["It'sJustKen VGC","FarigirafArmorTail"],"log":"|j|\u2606It'sJustKen VGC\n|j|\u2606FarigirafArmorTail\n|t:|1773802772\n|gametype|doubles\n|player|p1|It'sJustKen VGC|1|1438\n|player|p2|FarigirafArmorTail|elesa|1412\n|gen|9\n|tier|[Gen 9] VGC 2026 Reg I\n|rated|\n|rule|Species Clause: Limit one of each Pok\u00e9mon\n|rule|Item Clause: Limit 1 of each item\n|clearpoke\n|poke|p1|Iron Hands, L50|\n|poke|p1|Incineroar, L50, M|\n|poke|p1|Calyrex-Shadow, L50|\n|poke|p1|Whimsicott, L50, M|\n|poke|p1|Farigiraf, L50, F|\n|poke|p1|Miraidon, L50|\n|poke|p2|Farigiraf, L50, F|\n|poke|p2|Incineroar, L50, M|\n|poke|p2|Ogerpon-Wellspring, L50, F|\n|poke|p2|Whimsicott, L50, F|\n|poke|p2|Calyrex-Shadow, L50|\n|poke|p2|Zacian-*, L50|\n|teampreview|4\n|inactive|Battle timer is ON: inactive players will automatically lose when time's up. (requested by It'sJustKen VGC)\n|inactive|FarigirafArmorTail has 60 seconds left.\n|\n|t:|1773802813\n|teamsize|p1|4\n|teamsize|p2|4\n|start\n|switch|p1a: Farigiraf|Farigiraf, L50, F|100/100\n|switch|p1b: Miraidon|Miraidon, L50, shiny|100/100\n|switch|p2a: Whimsicott|Whimsicott, L50, F, shiny|100/100\n|switch|p2b: Calyrex|Calyrex-Shadow, L50|100/100\n|-ability|p2b: Calyrex|As One\n|-ability|p2b: Calyrex|Unnerve\n|-fieldstart|move: Electric Terrain|[from] ability: Hadron Engine|[of] p1b: Miraidon\n|-enditem|p1a: Farigiraf|Electric Seed\n|-boost|p1a: Farigiraf|def|1|[from] item: Electric Seed\n|turn|1\n|inactive|It'sJustKen VGC has 30 seconds left.\n|inactive|It'sJustKen VGC has 20 seconds left.\n|inactive|It'sJustKen VGC has 15 seconds left.\n|inactive|It'sJustKen VGC has 10 seconds left.\n|inactive|It'sJustKen VGC has 5 seconds left.\n|\n|t:|1773802868\n|move|p2a: Whimsicott|Light Screen|p2a: Whimsicott\n|-sidestart|p2: FarigirafArmorTail|move: Light Screen\n|move|p2b: Calyrex|Pollen Puff|p1a: Farigiraf\n|-supereffective|p1a: Farigiraf\n|-damage|p1a: Farigiraf|5/100\n|-damage|p2b: Calyrex|91/100|[from] item: Life Orb\n|move|p1b: Miraidon|Electro Drift|p2a: Whimsicott\n|-resisted|p2a: Whimsicott\n|-damage|p2a: Whimsicott|35/100\n|move|p1a: Farigiraf|Psychic|p2a: Whimsicott\n|-damage|p2a: Whimsicott|3/100\n|\n|upkeep\n|turn|2\n|\n|t:|1773802890\n|switch|p1a: Iron Hands|Iron Hands, L50|100/100\n|-activate|p1a: Iron Hands|ability: Quark Drive\n|-start|p1a: Iron Hands|quarkdriveatk\n|move|p2a: Whimsicott|Tailwind|p2a: Whimsicott\n|-sidestart|p2: FarigirafArmorTail|move: Tailwind\n|move|p2b: Calyrex|Pollen Puff|p1a: Iron Hands\n|-resisted|p1a: Iron Hands\n|-damage|p1a: Iron Hands|88/100\n|-damage|p2b: Calyrex|81/100|[from] item: Life Orb\n|move|p1b: Miraidon|Electro Drift|p2b: Calyrex\n|-damage|p2b: Calyrex|0 fnt\n|faint|p2b: Calyrex\n|\n|upkeep\n|\n|t:|1773802901\n|switch|p2b: Espresso|Zacian-Crowned, L50|100/100\n|-ability|p2b: Espresso|Intrepid Sword|boost\n|-boost|p2b: Espresso|atk|1\n|turn|3\n|inactive|It'sJustKen VGC has 30 seconds left.\n|inactive|FarigirafArmorTail has 30 seconds left.\n|inactive|It'sJustKen VGC has 20 seconds left.\n|\n|t:|1773802936\n|-terastallize|p1b: Miraidon|Fairy\n|move|p2b: Espresso|Protect|p2b: Espresso\n|-singleturn|p2b: Espresso|Protect\n|move|p1a: Iron Hands|Fake Out|p2a: Whimsicott\n|-damage|p2a: Whimsicott|0 fnt\n|faint|p2a: Whimsicott\n|move|p1b: Miraidon|Electro Drift|p2b: Espresso\n|-activate|p2b: Espresso|move: Protect\n|\n|upkeep\n|\n|t:|1773802939\n|switch|p2a: Incineroar|Incineroar, L50, M, shiny|100/100\n|-ability|p2a: Incineroar|Intimidate|boost\n|-unboost|p1a: Iron Hands|atk|1\n|-unboost|p1b: Miraidon|atk|1\n|turn|4\n|\n|t:|1773802945\n|switch|p1b: Farigiraf|Farigiraf, L50, F|5/100\n|-end|p1a: Iron Hands|Quark Drive|[silent]\n|switch|p1a: Incineroar|Incineroar, L50, M|100/100\n|-ability|p1a: Incineroar|Intimidate|boost\n|-unboost|p2a: Incineroar|atk|1\n|-unboost|p2b: Espresso|atk|1\n|move|p2b: Espresso|Play Rough|p1a: Incineroar\n|-damage|p1a: Incineroar|62/100\n|-damage|p2b: Espresso|84/100|[from] item: Rocky Helmet|[of] p1a: Incineroar\n|move|p2a: Incineroar|Knock Off|p1b: Farigiraf\n|-supereffective|p1b: Farigiraf\n|-damage|p1b: Farigiraf|0 fnt\n|faint|p1b: Farigiraf\n|\n|upkeep\n|\n|t:|1773802948\n|switch|p1b: Iron Hands|Iron Hands, L50|88/100\n|-activate|p1b: Iron Hands|ability: Quark Drive\n|-start|p1b: Iron Hands|quarkdriveatk\n|turn|5\n|\n|t:|1773802965\n|move|p2b: Espresso|Protect|p2b: Espresso\n|-singleturn|p2b: Espresso|Protect\n|move|p1a: Incineroar|Fake Out|p2a: Incineroar\n|-damage|p2a: Incineroar|91/100\n|cant|p2a: Incineroar|flinch\n|move|p1b: Iron Hands|Drain Punch|p2a: Incineroar\n|-supereffective|p2a: Incineroar\n|-crit|p2a: Incineroar\n|-damage|p2a: Incineroar|0 fnt\n|-heal|p1b: Iron Hands|100/100|[from] drain|[of] p2a: Incineroar\n|faint|p2a: Incineroar\n|\n|-sideend|p2: FarigirafArmorTail|move: Light Screen\n|-sideend|p2: FarigirafArmorTail|move: Tailwind\n|-fieldend|move: Electric Terrain\n|-end|p1b: Iron Hands|Quark Drive\n|upkeep\n|turn|6\n|-message|FarigirafArmorTail forfeited.\n|\n|win|It'sJustKen VGC\n|raw|It&apos;sJustKen VGC's rating: 1438 &rarr; <strong>1457</strong><br />(+19 for winning)\n|raw|FarigirafArmorTail's rating: 1412 &rarr; <strong>1393</strong><br />(-19 for losing)\n","uploadtime":1773803004,"views":10,"formatid":"gen9vgc2026regi","rating":1393,"private":0,"password":null}