{"id":"gen9vgc2026regi-2547550681","format":"[Gen 9] VGC 2026 Reg I","players":["Erseo05","blackred123"],"log":"|j|\u2606Erseo05\n|j|\u2606blackred123\n|t:|1772107366\n|gametype|doubles\n|player|p1|Erseo05|lucas|1465\n|player|p2|blackred123|iono-masters|1473\n|gen|9\n|tier|[Gen 9] VGC 2026 Reg I\n|rated|\n|rule|Species Clause: Limit one of each Pok\u00e9mon\n|rule|Item Clause: Limit 1 of each item\n|clearpoke\n|poke|p1|Calyrex-Ice, L50|\n|poke|p1|Indeedee-F, L50, F|\n|poke|p1|Lunala, L50|\n|poke|p1|Ursaluna, L50, F|\n|poke|p1|Incineroar, L50, M|\n|poke|p1|Torkoal, L50, M|\n|poke|p2|Zamazenta-*, L50|\n|poke|p2|Calyrex-Shadow, L50|\n|poke|p2|Tornadus, L50, M|\n|poke|p2|Rillaboom, L50, F|\n|poke|p2|Smeargle, L50, M|\n|poke|p2|Raging Bolt, L50|\n|teampreview|4\n|inactive|Battle timer is ON: inactive players will automatically lose when time's up. (requested by blackred123)\n|inactive|Erseo05 has 60 seconds left.\n|j| Yancy0721\u56fe\u56fe\u72ac\u4fa0\n|\n|t:|1772107407\n|teamsize|p1|4\n|teamsize|p2|4\n|start\n|switch|p1a: Lunala|Lunala, L50|100/100\n|switch|p1b: Indeedee|Indeedee-F, L50, F|100/100\n|switch|p2a: \u9a6c\u6b7b\u4e86|Calyrex-Shadow, L50|100/100\n|switch|p2b: \u556a\u53fd\u556a\uff08\u5657\u53fd\u58f0\uff09|Zamazenta-Crowned, L50|100/100\n|-ability|p2a: \u9a6c\u6b7b\u4e86|As One\n|-ability|p2a: \u9a6c\u6b7b\u4e86|Unnerve\n|-ability|p2b: \u556a\u53fd\u556a\uff08\u5657\u53fd\u58f0\uff09|Dauntless Shield|boost\n|-boost|p2b: \u556a\u53fd\u556a\uff08\u5657\u53fd\u58f0\uff09|def|1\n|-fieldstart|move: Psychic Terrain|[from] ability: Psychic Surge|[of] p1b: Indeedee\n|turn|1\n|\n|t:|1772107416\n|-terastallize|p1a: Lunala|Grass\n|move|p1b: Indeedee|Follow Me|p1b: Indeedee\n|-singleturn|p1b: Indeedee|move: Follow Me\n|move|p2a: \u9a6c\u6b7b\u4e86|Astral Barrage|p1a: Lunala|[spread] p1a\n|-immune|p1b: Indeedee\n|-damage|p1a: Lunala|75/100\n|-damage|p2a: \u9a6c\u6b7b\u4e86|91/100|[from] item: Life Orb\n|move|p2b: \u556a\u53fd\u556a\uff08\u5657\u53fd\u58f0\uff09|Body Press|p1b: Indeedee\n|-damage|p1b: Indeedee|34/100\n|-enditem|p1b: Indeedee|Eject Button\n|\n|t:|1772107429\n|switch|p1b: Ursaluna|Ursaluna, L50, F|100/100\n|move|p1a: Lunala|Trick Room|p1a: Lunala\n|-fieldstart|move: Trick Room|[of] p1a: Lunala\n|\n|-heal|p1a: Lunala|81/100|[from] item: Leftovers\n|-status|p1b: Ursaluna|brn|[from] item: Flame Orb\n|upkeep\n|turn|2\n|\n|t:|1772107450\n|switch|p1a: Calyrex|Calyrex-Ice, L50|100/100\n|-ability|p1a: Calyrex|As One\n|-ability|p1a: Calyrex|Unnerve\n|move|p2a: \u9a6c\u6b7b\u4e86|Protect|p2a: \u9a6c\u6b7b\u4e86\n|-singleturn|p2a: \u9a6c\u6b7b\u4e86|Protect\n|move|p1b: Ursaluna|Facade|p2a: \u9a6c\u6b7b\u4e86\n|-activate|p2a: \u9a6c\u6b7b\u4e86|move: Protect\n|move|p2b: \u556a\u53fd\u556a\uff08\u5657\u53fd\u58f0\uff09|Body Press|p1b: Ursaluna\n|-supereffective|p1b: Ursaluna\n|-damage|p1b: Ursaluna|0 fnt\n|faint|p1b: Ursaluna\n|\n|upkeep\n|\n|t:|1772107459\n|switch|p1b: Lunala|Lunala, L50, tera:Grass|81/100\n|turn|3\n|\n|t:|1772107478\n|-terastallize|p2a: \u9a6c\u6b7b\u4e86|Dark\n|move|p2b: \u556a\u53fd\u556a\uff08\u5657\u53fd\u58f0\uff09|Wide Guard|p2b: \u556a\u53fd\u556a\uff08\u5657\u53fd\u58f0\uff09\n|-singleturn|p2b: \u556a\u53fd\u556a\uff08\u5657\u53fd\u58f0\uff09|Wide Guard\n|move|p1a: Calyrex|Glacial Lance|p2a: \u9a6c\u6b7b\u4e86|[spread] \n|-activate|p2a: \u9a6c\u6b7b\u4e86|move: Wide Guard\n|-activate|p2b: \u556a\u53fd\u556a\uff08\u5657\u53fd\u58f0\uff09|move: Wide Guard\n|move|p1b: Lunala|Moongeist Beam|p2b: \u556a\u53fd\u556a\uff08\u5657\u53fd\u58f0\uff09\n|-damage|p2b: \u556a\u53fd\u556a\uff08\u5657\u53fd\u58f0\uff09|62/100\n|move|p2a: \u9a6c\u6b7b\u4e86|Astral Barrage|p1b: Lunala|[spread] p1a,p1b\n|-supereffective|p1a: Calyrex\n|-damage|p1a: Calyrex|6/100\n|-damage|p1b: Lunala|32/100\n|-damage|p2a: \u9a6c\u6b7b\u4e86|81/100|[from] item: Life Orb\n|\n|-heal|p1b: Lunala|39/100|[from] item: Leftovers\n|upkeep\n|turn|4\n|\n|t:|1772107503\n|move|p2a: \u9a6c\u6b7b\u4e86|Protect|p2a: \u9a6c\u6b7b\u4e86\n|-singleturn|p2a: \u9a6c\u6b7b\u4e86|Protect\n|move|p1a: Calyrex|Close Combat|p2b: \u556a\u53fd\u556a\uff08\u5657\u53fd\u58f0\uff09\n|-supereffective|p2b: \u556a\u53fd\u556a\uff08\u5657\u53fd\u58f0\uff09\n|-damage|p2b: \u556a\u53fd\u556a\uff08\u5657\u53fd\u58f0\uff09|17/100\n|-unboost|p1a: Calyrex|def|1\n|-unboost|p1a: Calyrex|spd|1\n|move|p1b: Lunala|Moongeist Beam|p2b: \u556a\u53fd\u556a\uff08\u5657\u53fd\u58f0\uff09\n|-damage|p2b: \u556a\u53fd\u556a\uff08\u5657\u53fd\u58f0\uff09|0 fnt\n|faint|p2b: \u556a\u53fd\u556a\uff08\u5657\u53fd\u58f0\uff09\n|\n|-heal|p1b: Lunala|45/100|[from] item: Leftovers\n|upkeep\n|\n|t:|1772107515\n|switch|p2b: \u9694\u58c1\u8001\u738b\u7231\u9001\u8349\u539f|Rillaboom, L50, F|100/100\n|-fieldstart|move: Grassy Terrain|[from] ability: Grassy Surge|[of] p2b: \u9694\u58c1\u8001\u738b\u7231\u9001\u8349\u539f\n|turn|5\n|\n|t:|1772107519\n|switch|p1b: Indeedee|Indeedee-F, L50, F|34/100\n|-fieldstart|move: Psychic Terrain|[from] ability: Psychic Surge|[of] p1b: Indeedee\n|move|p2b: \u9694\u58c1\u8001\u738b\u7231\u9001\u8349\u539f|Fake Out|p1a: Calyrex\n|-activate|p1a: Calyrex|move: Psychic Terrain\n|move|p1a: Calyrex|Close Combat|p2a: \u9a6c\u6b7b\u4e86\n|-supereffective|p2a: \u9a6c\u6b7b\u4e86\n|-damage|p2a: \u9a6c\u6b7b\u4e86|0 fnt\n|-unboost|p1a: Calyrex|def|1\n|-unboost|p1a: Calyrex|spd|1\n|faint|p2a: \u9a6c\u6b7b\u4e86\n|-ability|p1a: Calyrex|Chilling Neigh|boost\n|-boost|p1a: Calyrex|atk|1\n|\n|-fieldend|move: Trick Room\n|upkeep\n|\n|t:|1772107523\n|switch|p2a: \u7acb\u4e86|Raging Bolt, L50|100/100\n|-enditem|p2a: \u7acb\u4e86|Booster Energy\n|-activate|p2a: \u7acb\u4e86|ability: Protosynthesis|[fromitem]\n|-start|p2a: \u7acb\u4e86|protosynthesisspa\n|turn|6\n|j| darkbanana49\n|\n|t:|1772107547\n|switch|p1a: Lunala|Lunala, L50, tera:Grass|45/100\n|move|p1b: Indeedee|Follow Me|p1b: Indeedee\n|-singleturn|p1b: Indeedee|move: Follow Me\n|move|p2b: \u9694\u58c1\u8001\u738b\u7231\u9001\u8349\u539f|Wood Hammer|p1b: Indeedee\n|-damage|p1b: Indeedee|0 fnt\n|faint|p1b: Indeedee\n|-damage|p2b: \u9694\u58c1\u8001\u738b\u7231\u9001\u8349\u539f|91/100|[from] Recoil\n|move|p2a: \u7acb\u4e86|Thunderbolt|p1a: Lunala\n|-resisted|p1a: Lunala\n|-damage|p1a: Lunala|20/100\n|-status|p1a: Lunala|par\n|\n|-heal|p1a: Lunala|26/100 par|[from] item: Leftovers\n|upkeep\n|\n|t:|1772107554\n|switch|p1b: Calyrex|Calyrex-Ice, L50|6/100\n|-ability|p1b: Calyrex|As One\n|-ability|p1b: Calyrex|Unnerve\n|turn|7\n|inactive|blackred123 has 30 seconds left.\n|inactive|blackred123 has 20 seconds left.\n|\n|t:|1772107595\n|move|p2b: \u9694\u58c1\u8001\u738b\u7231\u9001\u8349\u539f|Wood Hammer|p1a: Lunala\n|-resisted|p1a: Lunala\n|-damage|p1a: Lunala|4/100 par\n|-damage|p2b: \u9694\u58c1\u8001\u738b\u7231\u9001\u8349\u539f|83/100|[from] Recoil\n|move|p2a: \u7acb\u4e86|Draco Meteor|p1a: Lunala|[miss]\n|-miss|p2a: \u7acb\u4e86|p1a: Lunala\n|move|p1b: Calyrex|Glacial Lance|p2a: \u7acb\u4e86|[spread] p2a,p2b\n|-supereffective|p2a: \u7acb\u4e86\n|-supereffective|p2b: \u9694\u58c1\u8001\u738b\u7231\u9001\u8349\u539f\n|-crit|p2b: \u9694\u58c1\u8001\u738b\u7231\u9001\u8349\u539f\n|-damage|p2a: \u7acb\u4e86|0 fnt\n|-damage|p2b: \u9694\u58c1\u8001\u738b\u7231\u9001\u8349\u539f|0 fnt\n|faint|p2a: \u7acb\u4e86\n|-end|p2a: \u7acb\u4e86|Protosynthesis|[silent]\n|faint|p2b: \u9694\u58c1\u8001\u738b\u7231\u9001\u8349\u539f\n|\n|win|Erseo05\n|raw|Erseo05's rating: 1465 &rarr; <strong>1485</strong><br />(+20 for winning)\n|raw|blackred123's rating: 1473 &rarr; <strong>1453</strong><br />(-20 for losing)\n|l|\u2606blackred123\n|player|p2|\n|l| Yancy0721\u56fe\u56fe\u72ac\u4fa0\n|l|\u2606Erseo05\n|player|p1|\n|l| darkbanana49\n","uploadtime":1772107801,"views":17,"formatid":"gen9vgc2026regi","rating":1453,"private":0,"password":null}