{"id":"gen9vgc2026regi-2534559181","format":"[Gen 9] VGC 2026 Reg I","players":["VJ2511","lalo's pollos"],"log":"|j|\u2606VJ2511\n|j|\u2606lalo's pollos\n|t:|1770436961\n|gametype|doubles\n|player|p1|VJ2511|red-masters3|1613\n|player|p2|lalo's pollos|1|1499\n|gen|9\n|tier|[Gen 9] VGC 2026 Reg I\n|rated|\n|rule|Species Clause: Limit one of each Pok\u00e9mon\n|rule|Item Clause: Limit 1 of each item\n|clearpoke\n|poke|p1|Calyrex-Shadow, L50|\n|poke|p1|Zamazenta-*, L50|\n|poke|p1|Chien-Pao, L50|\n|poke|p1|Dragonite, L50, M|\n|poke|p1|Raging Bolt, L50|\n|poke|p1|Amoonguss, L50, M|\n|poke|p2|Zamazenta-*, L50|\n|poke|p2|Lunala, L50|\n|poke|p2|Rillaboom, L50, F|\n|poke|p2|Incineroar, L50, M|\n|poke|p2|Urshifu-*, L50, F|\n|poke|p2|Tornadus, L50, M|\n|teampreview|4\n|inactive|Battle timer is ON: inactive players will automatically lose when time's up. (requested by VJ2511)\n|inactive|lalo's pollos has 60 seconds left.\n|\n|t:|1770437015\n|teamsize|p1|4\n|teamsize|p2|4\n|start\n|switch|p1a: Zamazenta|Zamazenta-Crowned, L50|100/100\n|switch|p1b: Chien-Pao|Chien-Pao, L50|100/100\n|switch|p2a: Zamazenta|Zamazenta-Crowned, L50|100/100\n|switch|p2b: Tornadus|Tornadus, L50, M|100/100\n|-ability|p1b: Chien-Pao|Sword of Ruin\n|-ability|p2a: Zamazenta|Dauntless Shield|boost\n|-boost|p2a: Zamazenta|def|1\n|-ability|p1a: Zamazenta|Dauntless Shield|boost\n|-boost|p1a: Zamazenta|def|1\n|turn|1\n|\n|t:|1770437030\n|-terastallize|p1b: Chien-Pao|Poison\n|move|p1b: Chien-Pao|Ruination|p2a: Zamazenta\n|-damage|p2a: Zamazenta|51/100\n|move|p2b: Tornadus|Bleakwind Storm|p1a: Zamazenta|[spread] p1a,p1b\n|-crit|p1b: Chien-Pao\n|-damage|p1a: Zamazenta|77/100\n|-damage|p1b: Chien-Pao|46/100\n|move|p2a: Zamazenta|Body Press|p1a: Zamazenta\n|-supereffective|p1a: Zamazenta\n|-damage|p1a: Zamazenta|10/100\n|move|p1a: Zamazenta|Body Press|p2a: Zamazenta\n|-supereffective|p2a: Zamazenta\n|-damage|p2a: Zamazenta|0 fnt\n|faint|p2a: Zamazenta\n|\n|upkeep\n|\n|t:|1770437039\n|switch|p2a: Lunala|Lunala, L50|100/100\n|turn|2\n|\n|t:|1770437056\n|-terastallize|p2a: Lunala|Fairy\n|move|p1a: Zamazenta|Protect|p1a: Zamazenta\n|-singleturn|p1a: Zamazenta|Protect\n|move|p1b: Chien-Pao|Ice Spinner|p2b: Tornadus\n|-supereffective|p2b: Tornadus\n|-enditem|p2b: Tornadus|Focus Sash\n|-damage|p2b: Tornadus|1/100\n|move|p2b: Tornadus|Bleakwind Storm|p1b: Chien-Pao|[spread] p1b\n|-activate|p1a: Zamazenta|move: Protect\n|-damage|p1b: Chien-Pao|12/100\n|move|p2a: Lunala|Calm Mind|p2a: Lunala\n|-boost|p2a: Lunala|spa|1\n|-boost|p2a: Lunala|spd|1\n|\n|upkeep\n|turn|3\n|\n|t:|1770437069\n|move|p2b: Tornadus|Tailwind|p2b: Tornadus\n|-sidestart|p2: lalo's pollos|move: Tailwind\n|move|p2a: Lunala|Moongeist Beam|p1b: Chien-Pao\n|-damage|p1b: Chien-Pao|0 fnt\n|faint|p1b: Chien-Pao\n|move|p1a: Zamazenta|Heavy Slam|p2a: Lunala\n|-supereffective|p2a: Lunala\n|-damage|p2a: Lunala|62/100\n|\n|-heal|p2a: Lunala|68/100|[from] item: Leftovers\n|upkeep\n|\n|t:|1770437076\n|switch|p1b: Calyrex|Calyrex-Shadow, L50|100/100\n|-ability|p1b: Calyrex|As One\n|-ability|p1b: Calyrex|Unnerve\n|turn|4\n|\n|t:|1770437093\n|move|p1a: Zamazenta|Wide Guard|p1a: Zamazenta\n|-singleturn|p1a: Zamazenta|Wide Guard\n|move|p2b: Tornadus|Bleakwind Storm|p1b: Calyrex|[spread] \n|-activate|p1a: Zamazenta|move: Wide Guard\n|-activate|p1b: Calyrex|move: Wide Guard\n|move|p2a: Lunala|Moonblast|p1b: Calyrex\n|-damage|p1b: Calyrex|16/100\n|move|p1b: Calyrex|Astral Barrage|p2b: Tornadus|[spread] p2a,p2b\n|-damage|p2a: Lunala|41/100\n|-damage|p2b: Tornadus|0 fnt\n|faint|p2b: Tornadus\n|-ability|p1b: Calyrex|Grim Neigh|boost\n|-boost|p1b: Calyrex|spa|1\n|\n|-heal|p2a: Lunala|47/100|[from] item: Leftovers\n|upkeep\n|\n|t:|1770437097\n|switch|p2b: Incineroar|Incineroar, L50, M|100/100\n|-ability|p2b: Incineroar|Intimidate|boost\n|-unboost|p1a: Zamazenta|atk|1\n|-unboost|p1b: Calyrex|atk|1\n|turn|5\n|\n|t:|1770437112\n|move|p1b: Calyrex|Protect|p1b: Calyrex\n|-singleturn|p1b: Calyrex|Protect\n|move|p1a: Zamazenta|Protect||[still]\n|-fail|p1a: Zamazenta\n|move|p2b: Incineroar|Fake Out|p1a: Zamazenta\n|-resisted|p1a: Zamazenta\n|-damage|p1a: Zamazenta|8/100\n|move|p2a: Lunala|Moongeist Beam|p1b: Calyrex\n|-activate|p1b: Calyrex|move: Protect\n|\n|-heal|p2a: Lunala|53/100|[from] item: Leftovers\n|upkeep\n|turn|6\n|j| Ganoes24\n|\n|t:|1770437128\n|move|p2a: Lunala|Moongeist Beam|p1a: Zamazenta\n|-damage|p1a: Zamazenta|0 fnt\n|faint|p1a: Zamazenta\n|move|p1b: Calyrex|Astral Barrage|p2a: Lunala|[spread] p2a,p2b\n|-resisted|p2b: Incineroar\n|-damage|p2a: Lunala|13/100\n|-damage|p2b: Incineroar|69/100\n|move|p2b: Incineroar|Knock Off|p1b: Calyrex\n|-supereffective|p1b: Calyrex\n|-damage|p1b: Calyrex|0 fnt\n|-enditem|p1b: Calyrex|Focus Sash|[from] move: Knock Off|[of] p2b: Incineroar\n|faint|p1b: Calyrex\n|\n|-heal|p2a: Lunala|19/100|[from] item: Leftovers\n|-sideend|p2: lalo's pollos|move: Tailwind\n|upkeep\n|\n|t:|1770437133\n|switch|p1a: Raging Bolt|Raging Bolt, L50|100/100\n|-enditem|p1a: Raging Bolt|Booster Energy\n|-activate|p1a: Raging Bolt|ability: Protosynthesis|[fromitem]\n|-start|p1a: Raging Bolt|protosynthesisspa\n|turn|7\n|c|\u2606VJ2511|fast ass incin\n|l| Ganoes24\n|c|\u2606lalo's pollos|bleh\n|\n|t:|1770437150\n|move|p2a: Lunala|Protect|p2a: Lunala\n|-singleturn|p2a: Lunala|Protect\n|move|p1a: Raging Bolt|Thunderbolt|p2a: Lunala\n|-activate|p2a: Lunala|move: Protect\n|move|p2b: Incineroar|Parting Shot|p1a: Raging Bolt\n|-unboost|p1a: Raging Bolt|atk|1\n|-unboost|p1a: Raging Bolt|spa|1\n|\n|-heal|p2a: Lunala|25/100|[from] item: Leftovers\n|upkeep\n|turn|8\n|\n|t:|1770437164\n|move|p2a: Lunala|Moonblast|p1a: Raging Bolt\n|-supereffective|p1a: Raging Bolt\n|-damage|p1a: Raging Bolt|0 fnt\n|faint|p1a: Raging Bolt\n|-end|p1a: Raging Bolt|Protosynthesis|[silent]\n|\n|win|lalo's pollos\n|raw|VJ2511's rating: 1613 &rarr; <strong>1587</strong><br />(-26 for losing)\n|raw|lalo&apos;s pollos's rating: 1499 &rarr; <strong>1525</strong><br />(+26 for winning)\n|c|\u2606VJ2511|gg wp\n|c|\u2606lalo's pollos|gg\n|l|\u2606VJ2511\n|player|p1|\n","uploadtime":1770437400,"views":40,"formatid":"gen9vgc2026regi","rating":1525,"private":0,"password":null}