{"id":"gen9vgc2026regi-2547215868","format":"[Gen 9] VGC 2026 Reg I","players":["GojiraFanBoy","kojimuranishi"],"log":"|j|\u2606GojiraFanBoy\n|j|\u2606kojimuranishi\n|t:|1772058135\n|gametype|doubles\n|player|p1|GojiraFanBoy|101|1405\n|player|p2|kojimuranishi|169|1465\n|gen|9\n|tier|[Gen 9] VGC 2026 Reg I\n|rated|\n|rule|Species Clause: Limit one of each Pok\u00e9mon\n|rule|Item Clause: Limit 1 of each item\n|clearpoke\n|poke|p1|Koraidon, L50|\n|poke|p1|Calyrex-Shadow, L50|\n|poke|p1|Gothitelle, L50, F|\n|poke|p1|Scream Tail, L50|\n|poke|p1|Amoonguss, L50, M|\n|poke|p1|Incineroar, L50, F|\n|poke|p2|Raging Bolt, L50|\n|poke|p2|Calyrex-Ice, L50|\n|poke|p2|Kyogre, L50|\n|poke|p2|Indeedee-F, L50, F|\n|poke|p2|Ursaluna, L50, F|\n|poke|p2|Urshifu-*, L50, F|\n|teampreview|4\n|inactive|Battle timer is ON: inactive players will automatically lose when time's up. (requested by kojimuranishi)\n|\n|t:|1772058155\n|teamsize|p1|4\n|teamsize|p2|4\n|start\n|switch|p1a: Scream Tail|Scream Tail, L50|100/100\n|switch|p1b: Gothitelle|Gothitelle, L50, F|100/100\n|switch|p2a: Indeedee|Indeedee-F, L50, F|100/100\n|switch|p2b: Kyogre|Kyogre, L50|100/100\n|-weather|RainDance|[from] ability: Drizzle|[of] p2b: Kyogre\n|-fieldstart|move: Psychic Terrain|[from] ability: Psychic Surge|[of] p2a: Indeedee\n|-enditem|p1a: Scream Tail|Booster Energy\n|-activate|p1a: Scream Tail|ability: Protosynthesis|[fromitem]\n|-start|p1a: Scream Tail|protosynthesisspe\n|turn|1\n|j| HibikiVGC\n|inactive|kojimuranishi has 30 seconds left.\n|inactive|GojiraFanBoy has 30 seconds left.\n|\n|t:|1772058192\n|-terastallize|p2b: Kyogre|Water\n|-terastallize|p1b: Gothitelle|Water\n|move|p1a: Scream Tail|Protect|p1a: Scream Tail\n|-singleturn|p1a: Scream Tail|Protect\n|move|p2b: Kyogre|Water Spout|p1b: Gothitelle|[spread] p1b\n|-activate|p1a: Scream Tail|move: Protect\n|-resisted|p1b: Gothitelle\n|-damage|p1b: Gothitelle|46/100\n|move|p1b: Gothitelle|Taunt|p2a: Indeedee\n|-start|p2a: Indeedee|move: Taunt\n|move|p2a: Indeedee|Psychic|p1a: Scream Tail\n|-activate|p1a: Scream Tail|move: Protect\n|\n|-weather|RainDance|[upkeep]\n|-heal|p1b: Gothitelle|52/100|[from] item: Leftovers\n|upkeep\n|turn|2\n|\n|t:|1772058212\n|move|p1b: Gothitelle|Protect|p1b: Gothitelle\n|-singleturn|p1b: Gothitelle|Protect\n|move|p1a: Scream Tail|Disable|p2b: Kyogre\n|-start|p2b: Kyogre|Disable|Water Spout\n|cant|p2b: Kyogre|Disable|Water Spout\n|move|p2a: Indeedee|Psychic|p1a: Scream Tail\n|-resisted|p1a: Scream Tail\n|-damage|p1a: Scream Tail|88/100\n|\n|-weather|RainDance|[upkeep]\n|-heal|p1b: Gothitelle|58/100|[from] item: Leftovers\n|upkeep\n|turn|3\n|\n|t:|1772058228\n|move|p1a: Scream Tail|Encore|p2b: Kyogre\n|-start|p2b: Kyogre|Encore\n|-activate|p2b: Kyogre|move: Struggle\n|move|p2b: Kyogre|Struggle|p1b: Gothitelle\n|-damage|p1b: Gothitelle|51/100\n|-damage|p2b: Kyogre|75/100|[from] recoil\n|move|p1b: Gothitelle|Psychic|p2b: Kyogre\n|-damage|p2b: Kyogre|46/100\n|-unboost|p2b: Kyogre|spd|1\n|move|p2a: Indeedee|Psychic|p1b: Gothitelle\n|-damage|p1b: Gothitelle|15/100\n|\n|-weather|RainDance|[upkeep]\n|-heal|p1b: Gothitelle|21/100|[from] item: Leftovers\n|-end|p2a: Indeedee|move: Taunt\n|upkeep\n|turn|4\n|\n|t:|1772058251\n|move|p1a: Scream Tail|Disable|p2a: Indeedee\n|-start|p2a: Indeedee|Disable|Psychic\n|-activate|p2b: Kyogre|move: Struggle\n|move|p2b: Kyogre|Struggle|p1a: Scream Tail\n|-damage|p1a: Scream Tail|81/100\n|-damage|p2b: Kyogre|21/100|[from] recoil\n|move|p1b: Gothitelle|Psychic|p2b: Kyogre\n|-damage|p2b: Kyogre|0 fnt\n|faint|p2b: Kyogre\n|cant|p2a: Indeedee|Disable|Psychic\n|\n|-weather|RainDance|[upkeep]\n|-heal|p1b: Gothitelle|27/100|[from] item: Leftovers\n|upkeep\n|\n|t:|1772058266\n|switch|p2b: Calyrex|Calyrex-Ice, L50|100/100\n|-ability|p2b: Calyrex|As One\n|-ability|p2b: Calyrex|Unnerve\n|turn|5\n|\n|t:|1772058282\n|switch|p1b: Incineroar|Incineroar, L50, F|100/100\n|-ability|p1b: Incineroar|Intimidate|boost\n|-unboost|p2a: Indeedee|atk|1\n|-unboost|p2b: Calyrex|atk|1\n|move|p2a: Indeedee|Protect|p2a: Indeedee\n|-singleturn|p2a: Indeedee|Protect\n|move|p1a: Scream Tail|Perish Song|p1a: Scream Tail\n|-start|p1a: Scream Tail|perish3|[silent]\n|-start|p1b: Incineroar|perish3|[silent]\n|-start|p2a: Indeedee|perish3|[silent]\n|-start|p2b: Calyrex|perish3|[silent]\n|-fieldactivate|move: Perish Song\n|move|p2b: Calyrex|Trick Room|p2b: Calyrex\n|-fieldstart|move: Trick Room|[of] p2b: Calyrex\n|\n|-weather|none\n|-start|p2b: Calyrex|perish3\n|-start|p1b: Incineroar|perish3\n|-start|p2a: Indeedee|perish3\n|-start|p1a: Scream Tail|perish3\n|-fieldend|move: Psychic Terrain\n|upkeep\n|turn|6\n|inactive|kojimuranishi has 30 seconds left.\n|\n|t:|1772058309\n|switch|p2a: Ursaluna|Ursaluna, L50, F|100/100\n|-end|p1a: Scream Tail|Protosynthesis|[silent]\n|switch|p1a: Gothitelle|Gothitelle, L50, F, tera:Water|27/100\n|move|p1b: Incineroar|Fake Out|p2b: Calyrex\n|-damage|p2b: Calyrex|94/100\n|cant|p2b: Calyrex|flinch\n|\n|-heal|p2b: Calyrex|99/100|[from] item: Leftovers\n|-heal|p1a: Gothitelle|33/100|[from] item: Leftovers\n|-start|p2b: Calyrex|perish2\n|-start|p1b: Incineroar|perish2\n|-status|p2a: Ursaluna|brn|[from] item: Flame Orb\n|upkeep\n|turn|7\n|\n|t:|1772058334\n|move|p1a: Gothitelle|Protect|p1a: Gothitelle\n|-singleturn|p1a: Gothitelle|Protect\n|move|p2b: Calyrex|Glacial Lance|p1b: Incineroar|[spread] p1b\n|-activate|p1a: Gothitelle|move: Protect\n|-resisted|p1b: Incineroar\n|-crit|p1b: Incineroar\n|-damage|p1b: Incineroar|68/100\n|move|p2a: Ursaluna|Facade|p1b: Incineroar\n|-damage|p1b: Incineroar|0 fnt\n|faint|p1b: Incineroar\n|\n|-heal|p2b: Calyrex|100/100|[from] item: Leftovers\n|-heal|p1a: Gothitelle|39/100|[from] item: Leftovers\n|-damage|p2a: Ursaluna|95/100 brn|[from] brn\n|-start|p2b: Calyrex|perish1\n|upkeep\n|\n|t:|1772058349\n|switch|p1b: Scream Tail|Scream Tail, L50|81/100\n|turn|8\n|\n|t:|1772058358\n|move|p1a: Gothitelle|Protect||[still]\n|-fail|p1a: Gothitelle\n|move|p2a: Ursaluna|Facade|p1b: Scream Tail\n|-damage|p1b: Scream Tail|0 fnt\n|faint|p1b: Scream Tail\n|-end|p1b: Scream Tail|Protosynthesis|[silent]\n|move|p2b: Calyrex|Glacial Lance|p1a: Gothitelle\n|-resisted|p1a: Gothitelle\n|-damage|p1a: Gothitelle|23/100\n|\n|-heal|p1a: Gothitelle|29/100|[from] item: Leftovers\n|-damage|p2a: Ursaluna|89/100 brn|[from] brn\n|-start|p2b: Calyrex|perish0\n|faint|p2b: Calyrex\n|upkeep\n|\n|t:|1772058372\n|switch|p2b: Indeedee|Indeedee-F, L50, F|100/100\n|switch|p1b: Koraidon|Koraidon, L50|100/100\n|-fieldstart|move: Psychic Terrain|[from] ability: Psychic Surge|[of] p2b: Indeedee\n|-weather|SunnyDay|[from] ability: Orichalcum Pulse|[of] p1b: Koraidon\n|-activate|p1b: Koraidon|Orichalcum Pulse|[source]\n|turn|9\n|inactive|kojimuranishi has 30 seconds left.\n|inactive|kojimuranishi has 20 seconds left.\n|inactive|kojimuranishi has 15 seconds left.\n|\n|t:|1772058416\n|move|p1a: Gothitelle|Protect|p1a: Gothitelle\n|-singleturn|p1a: Gothitelle|Protect\n|move|p1b: Koraidon|Protect|p1b: Koraidon\n|-singleturn|p1b: Koraidon|Protect\n|move|p2a: Ursaluna|Facade|p1b: Koraidon\n|-activate|p1b: Koraidon|move: Protect\n|move|p2b: Indeedee|Psychic|p1a: Gothitelle\n|-activate|p1a: Gothitelle|move: Protect\n|\n|-weather|SunnyDay|[upkeep]\n|-heal|p1a: Gothitelle|35/100|[from] item: Leftovers\n|-damage|p2a: Ursaluna|83/100 brn|[from] brn\n|-fieldend|move: Trick Room\n|upkeep\n|turn|10\n|\n|t:|1772058438\n|move|p2a: Ursaluna|Protect|p2a: Ursaluna\n|-singleturn|p2a: Ursaluna|Protect\n|move|p1b: Koraidon|Flare Blitz|p2b: Indeedee\n|-damage|p2b: Indeedee|0 fnt\n|-damage|p1b: Koraidon|84/100|[from] item: Rocky Helmet|[of] p2b: Indeedee\n|faint|p2b: Indeedee\n|-damage|p1b: Koraidon|51/100|[from] Recoil\n|-damage|p1b: Koraidon|41/100|[from] item: Life Orb\n|move|p1a: Gothitelle|Psychic|p2a: Ursaluna\n|-activate|p2a: Ursaluna|move: Protect\n|\n|-weather|SunnyDay|[upkeep]\n|-heal|p1a: Gothitelle|41/100|[from] item: Leftovers\n|-damage|p2a: Ursaluna|77/100 brn|[from] brn\n|upkeep\n|turn|11\n|c|\u2606GojiraFanBoy|gg\n|\n|t:|1772058455\n|move|p1b: Koraidon|Close Combat|p2a: Ursaluna\n|-supereffective|p2a: Ursaluna\n|-crit|p2a: Ursaluna\n|-damage|p2a: Ursaluna|0 fnt\n|-unboost|p1b: Koraidon|def|1\n|-unboost|p1b: Koraidon|spd|1\n|faint|p2a: Ursaluna\n|-damage|p1b: Koraidon|32/100|[from] item: Life Orb\n|\n|win|GojiraFanBoy\n|raw|GojiraFanBoy's rating: 1405 &rarr; <strong>1428</strong><br />(+23 for winning)\n|raw|kojimuranishi's rating: 1465 &rarr; <strong>1442</strong><br />(-23 for losing)\n|l|\u2606kojimuranishi\n|player|p2|\n|l| HibikiVGC\n|l|\u2606GojiraFanBoy\n|player|p1|\n","uploadtime":1772058666,"views":7,"formatid":"gen9vgc2026regi","rating":1428,"private":0,"password":null}