{"id":"gen9vgc2026regi-2561197149","format":"[Gen 9] VGC 2026 Reg I","players":["KDB007","Mirthinion"],"log":"|j|\u2606KDB007\n|j|\u2606Mirthinion\n|t:|1773772695\n|gametype|doubles\n|player|p1|KDB007|2|1354\n|player|p2|Mirthinion|janitor|1397\n|gen|9\n|tier|[Gen 9] VGC 2026 Reg I\n|rated|\n|rule|Species Clause: Limit one of each Pok\u00e9mon\n|rule|Item Clause: Limit 1 of each item\n|clearpoke\n|poke|p1|Calyrex-Ice, L50|\n|poke|p1|Miraidon, L50|\n|poke|p1|Grimmsnarl, L50, M|\n|poke|p1|Urshifu-*, L50, M|\n|poke|p1|Incineroar, L50, F|\n|poke|p1|Landorus, L50, M|\n|poke|p2|Calyrex-Shadow, L50|\n|poke|p2|Zamazenta-*, L50|\n|poke|p2|Urshifu-*, L50, M|\n|poke|p2|Incineroar, L50, M|\n|poke|p2|Rillaboom, L50, M|\n|poke|p2|Tornadus, L50, M|\n|teampreview|4\n|inactive|Battle timer is ON: inactive players will automatically lose when time's up. (requested by Mirthinion)\nMirthinion rejected open team sheets.\n|inactive|Mirthinion has 60 seconds left.\n|inactive|Mirthinion has 30 seconds left.\n|inactive|Mirthinion has 20 seconds left.\n|inactive|Mirthinion has 15 seconds left.\n|\n|t:|1773772775\n|teamsize|p1|4\n|teamsize|p2|4\n|start\n|switch|p1a: Miraidon|Miraidon, L50|100/100\n|switch|p1b: Incineroar|Incineroar, L50, F|100/100\n|switch|p2a: Hoplite|Rillaboom, L50, M|100/100\n|switch|p2b: Drambor|Zamazenta-Crowned, L50|100/100\n|-ability|p2b: Drambor|Dauntless Shield|boost\n|-boost|p2b: Drambor|def|1\n|-fieldstart|move: Electric Terrain|[from] ability: Hadron Engine|[of] p1a: Miraidon\n|-ability|p1b: Incineroar|Intimidate|boost\n|-unboost|p2a: Hoplite|atk|1\n|-unboost|p2b: Drambor|atk|1\n|-fieldstart|move: Grassy Terrain|[from] ability: Grassy Surge|[of] p2a: Hoplite\n|turn|1\n|inactive|KDB007 has 30 seconds left.\n|\n|t:|1773772802\n|move|p1b: Incineroar|Fake Out|p2a: Hoplite\n|-damage|p2a: Hoplite|90/100\n|cant|p2a: Hoplite|flinch\n|move|p2b: Drambor|Body Press|p1b: Incineroar\n|-supereffective|p1b: Incineroar\n|-damage|p1b: Incineroar|0 fnt\n|faint|p1b: Incineroar\n|move|p1a: Miraidon|Draco Meteor|p2a: Hoplite\n|-damage|p2a: Hoplite|19/100\n|-unboost|p1a: Miraidon|spa|2\n|\n|-heal|p2a: Hoplite|25/100|[from] Grassy Terrain\n|upkeep\n|\n|t:|1773772821\n|switch|p1b: Calyrex|Calyrex-Ice, L50|100/100\n|-ability|p1b: Calyrex|As One\n|-ability|p1b: Calyrex|Unnerve\n|turn|2\n|\n|t:|1773772843\n|switch|p1a: Grimmsnarl|Grimmsnarl, L50, M|100/100\n|move|p1b: Calyrex|Protect|p1b: Calyrex\n|-singleturn|p1b: Calyrex|Protect\n|move|p2b: Drambor|Body Press|p1b: Calyrex\n|-activate|p1b: Calyrex|move: Protect\n|move|p2a: Hoplite|Wood Hammer|p1b: Calyrex\n|-activate|p1b: Calyrex|move: Protect\n|\n|-heal|p2a: Hoplite|31/100|[from] Grassy Terrain\n|upkeep\n|turn|3\n|\n|t:|1773772859\n|move|p1a: Grimmsnarl|Reflect|p1a: Grimmsnarl\n|-sidestart|p1: KDB007|Reflect\n|move|p2b: Drambor|Body Press|p1b: Calyrex\n|-crit|p1b: Calyrex\n|-damage|p1b: Calyrex|39/100\n|move|p2a: Hoplite|U-turn|p1b: Calyrex\n|-supereffective|p1b: Calyrex\n|-damage|p1b: Calyrex|26/100\n|\n|t:|1773772866\n|switch|p2a: Beowulf|Urshifu-Rapid-Strike, L50, M|100/100|[from] U-turn\n|move|p1b: Calyrex|Trick Room|p1b: Calyrex\n|-fieldstart|move: Trick Room|[of] p1b: Calyrex\n|\n|-heal|p1b: Calyrex|32/100|[from] Grassy Terrain\n|-heal|p1b: Calyrex|38/100|[from] item: Leftovers\n|upkeep\n|turn|4\n|inactive|KDB007 has 30 seconds left.\n|inactive|Mirthinion has 30 seconds left.\n|\n|t:|1773772898\n|-terastallize|p2a: Beowulf|Ghost\n|move|p1b: Calyrex|Glacial Lance|p2a: Beowulf|[spread] p2a,p2b\n|-resisted|p2b: Drambor\n|-damage|p2a: Beowulf|47/100\n|-damage|p2b: Drambor|90/100\n|move|p1a: Grimmsnarl|Spirit Break|p2a: Beowulf\n|-damage|p2a: Beowulf|15/100\n|-unboost|p2a: Beowulf|spa|1\n|move|p2a: Beowulf|Surging Strikes|p1b: Calyrex\n|-crit|p1b: Calyrex\n|-damage|p1b: Calyrex|18/100\n|-crit|p1b: Calyrex\n|-damage|p1b: Calyrex|1/100\n|-crit|p1b: Calyrex\n|-damage|p1b: Calyrex|0 fnt\n|faint|p1b: Calyrex\n|-hitcount|p1: Calyrex|3\n|move|p2b: Drambor|Body Press|p1a: Grimmsnarl\n|-damage|p1a: Grimmsnarl|53/100\n|\n|-heal|p1a: Grimmsnarl|59/100|[from] Grassy Terrain\n|-heal|p2a: Beowulf|21/100|[from] Grassy Terrain\n|-heal|p2b: Drambor|96/100|[from] Grassy Terrain\n|upkeep\n|\n|t:|1773772914\n|switch|p1b: Miraidon|Miraidon, L50|100/100\n|-fieldstart|move: Electric Terrain|[from] ability: Hadron Engine|[of] p1b: Miraidon\n|turn|5\n|\n|t:|1773772937\n|switch|p2a: Hoplite|Rillaboom, L50, M|31/100\n|-fieldstart|move: Grassy Terrain|[from] ability: Grassy Surge|[of] p2a: Hoplite\n|-terastallize|p1b: Miraidon|Fairy\n|move|p2b: Drambor|Protect|p2b: Drambor\n|-singleturn|p2b: Drambor|Protect\n|move|p1a: Grimmsnarl|Thunder Wave|p2b: Drambor\n|-activate|p2b: Drambor|move: Protect\n|move|p1b: Miraidon|Dazzling Gleam|p2b: Drambor|[spread] p2a\n|-activate|p2b: Drambor|move: Protect\n|-damage|p2a: Hoplite|0 fnt\n|faint|p2a: Hoplite\n|\n|-heal|p1a: Grimmsnarl|65/100|[from] Grassy Terrain\n|-heal|p2b: Drambor|100/100|[from] Grassy Terrain\n|upkeep\n|\n|t:|1773772954\n|switch|p2a: Mithrandir|Calyrex-Shadow, L50|100/100\n|-ability|p2a: Mithrandir|As One\n|-ability|p2a: Mithrandir|Unnerve\n|turn|6\n|\n|t:|1773772964\n|move|p2b: Drambor|Wide Guard|p2b: Drambor\n|-singleturn|p2b: Drambor|Wide Guard\n|move|p1a: Grimmsnarl|Thunder Wave|p2b: Drambor\n|-status|p2b: Drambor|par\n|move|p1b: Miraidon|Dazzling Gleam|p2b: Drambor|[spread] \n|-activate|p2a: Mithrandir|move: Wide Guard\n|-activate|p2b: Drambor|move: Wide Guard\n|move|p2a: Mithrandir|Nasty Plot|p2a: Mithrandir\n|-boost|p2a: Mithrandir|spa|2\n|\n|-heal|p1a: Grimmsnarl|71/100|[from] Grassy Terrain\n|upkeep\n|turn|7\n|\n|t:|1773772980\n|cant|p2b: Drambor|par\n|move|p1a: Grimmsnarl|Thunder Wave|p2a: Mithrandir\n|-status|p2a: Mithrandir|par\n|cant|p2a: Mithrandir|par\n|move|p1b: Miraidon|Dazzling Gleam|p2a: Mithrandir|[spread] p2a,p2b\n|-damage|p2a: Mithrandir|60/100 par\n|-damage|p2b: Drambor|68/100 par\n|\n|-heal|p1a: Grimmsnarl|77/100|[from] Grassy Terrain\n|-heal|p2b: Drambor|75/100 par|[from] Grassy Terrain\n|-heal|p2a: Mithrandir|66/100 par|[from] Grassy Terrain\n|-fieldend|move: Trick Room\n|upkeep\n|turn|8\n|\n|t:|1773772999\n|move|p2b: Drambor|Wide Guard|p2b: Drambor\n|-singleturn|p2b: Drambor|Wide Guard\n|move|p1a: Grimmsnarl|Light Screen|p1a: Grimmsnarl\n|-sidestart|p1: KDB007|move: Light Screen\n|move|p1b: Miraidon|Dazzling Gleam|p2a: Mithrandir|[spread] \n|-activate|p2a: Mithrandir|move: Wide Guard\n|-activate|p2b: Drambor|move: Wide Guard\n|move|p2a: Mithrandir|Astral Barrage|p1b: Miraidon|[spread] p1a,p1b\n|-resisted|p1a: Grimmsnarl\n|-damage|p1a: Grimmsnarl|48/100\n|-damage|p1b: Miraidon|52/100\n|\n|-heal|p1b: Miraidon|58/100|[from] Grassy Terrain\n|-heal|p2a: Mithrandir|72/100 par|[from] Grassy Terrain\n|-heal|p2b: Drambor|81/100 par|[from] Grassy Terrain\n|-heal|p1a: Grimmsnarl|53/100|[from] Grassy Terrain\n|upkeep\n|turn|9\n|\n|t:|1773773014\n|move|p2b: Drambor|Wide Guard|p2b: Drambor\n|-singleturn|p2b: Drambor|Wide Guard\n|move|p1b: Miraidon|Dazzling Gleam|p2a: Mithrandir|[spread] \n|-activate|p2a: Mithrandir|move: Wide Guard\n|-activate|p2b: Drambor|move: Wide Guard\n|move|p2a: Mithrandir|Astral Barrage|p1b: Miraidon|[spread] p1a,p1b\n|-resisted|p1a: Grimmsnarl\n|-damage|p1a: Grimmsnarl|26/100\n|-damage|p1b: Miraidon|16/100\n|move|p1a: Grimmsnarl|Spirit Break|p2a: Mithrandir\n|-damage|p2a: Mithrandir|43/100 par\n|-unboost|p2a: Mithrandir|spa|1\n|\n|-heal|p1b: Miraidon|21/100|[from] Grassy Terrain\n|-heal|p2a: Mithrandir|49/100 par|[from] Grassy Terrain\n|-heal|p2b: Drambor|87/100 par|[from] Grassy Terrain\n|-heal|p1a: Grimmsnarl|32/100|[from] Grassy Terrain\n|-fieldend|move: Grassy Terrain\n|upkeep\n|turn|10\n|\n|t:|1773773033\n|cant|p2b: Drambor|par\n|move|p1b: Miraidon|Dazzling Gleam|p2b: Drambor|[spread] p2a,p2b\n|-damage|p2a: Mithrandir|7/100 par\n|-damage|p2b: Drambor|53/100 par\n|move|p2a: Mithrandir|Astral Barrage|p1a: Grimmsnarl|[spread] p1a,p1b\n|-resisted|p1a: Grimmsnarl\n|-damage|p1a: Grimmsnarl|12/100\n|-damage|p1b: Miraidon|0 fnt\n|faint|p1b: Miraidon\n|-ability|p2a: Mithrandir|Grim Neigh|boost\n|-boost|p2a: Mithrandir|spa|1\n|move|p1a: Grimmsnarl|Spirit Break|p2a: Mithrandir\n|-damage|p2a: Mithrandir|0 fnt\n|faint|p2a: Mithrandir\n|\n|-sideend|p1: KDB007|Reflect\n|upkeep\n|\n|t:|1773773047\n|switch|p2a: Beowulf|Urshifu-Rapid-Strike, L50, M, tera:Ghost|21/100\n|turn|11\n|\n|t:|1773773053\n|move|p2a: Beowulf|Surging Strikes|p1a: Grimmsnarl\n|-crit|p1a: Grimmsnarl\n|-damage|p1a: Grimmsnarl|0 fnt\n|faint|p1a: Grimmsnarl\n|-hitcount|p1: Grimmsnarl|1\n|\n|win|Mirthinion\n|raw|KDB007's rating: 1354 &rarr; <strong>1336</strong><br />(-18 for losing)\n|raw|Mirthinion's rating: 1397 &rarr; <strong>1415</strong><br />(+18 for winning)\n|l|\u2606KDB007\n|player|p1|\n","uploadtime":1773773059,"views":97,"formatid":"gen9vgc2026regi","rating":1336,"private":0,"password":null}