{"id":"gen9vgc2026regi-2568441216","format":"[Gen 9] VGC 2026 Reg I","players":["JereyQ123456789","realcomrade379"],"log":"|j|\u2606JereyQ123456789\n|j|\u2606realcomrade379\n|t:|1774578794\n|gametype|doubles\n|player|p1|JereyQ123456789|169|\n|player|p2|realcomrade379|shadowtriad|\n|gen|9\n|tier|[Gen 9] VGC 2026 Reg I\n|rated|Tournament battle\n|rule|Species Clause: Limit one of each Pok\u00e9mon\n|rule|Item Clause: Limit 1 of each item\n|raw|<div class=\"infobox\"><details class=\"readmore\" open><summary><strong>3 custom rules:</strong></summary> Open Team Sheets, Force Open Team Sheets, !Open Team Sheets</details></div>\n|clearpoke\n|poke|p1|Miraidon, L50|\n|poke|p1|Zamazenta-*, L50|\n|poke|p1|Incineroar, L50, F|\n|poke|p1|Urshifu-*, L50, F|\n|poke|p1|Whimsicott, L50, F|\n|poke|p1|Iron Hands, L50|\n|poke|p2|Miraidon, L50|\n|poke|p2|Calyrex-Ice, L50|\n|poke|p2|Ogerpon-Wellspring, L50, F|\n|poke|p2|Incineroar, L50, F|\n|poke|p2|Landorus, L50, M|\n|poke|p2|Grimmsnarl, L50, M|\n|teampreview|4\n|showteam|p1|Miraidon||ChoiceSpecs|HadronEngine|ElectroDrift,Discharge,DracoMeteor,VoltSwitch||||||50|,,,,,Electric]Zamazenta-Crowned||RustedShield|DauntlessShield|BodyPress,WideGuard,IronDefense,HeavySlam||||||50|,,,,,Water]Incineroar||SitrusBerry|Intimidate|PartingShot,KnockOff,FakeOut,HelpingHand|||F|||50|,,,,,Grass]Urshifu-Rapid-Strike||ChoiceBand|UnseenFist|SurgingStrikes,AquaJet,Uturn,CloseCombat|||F|||50|,,,,,Water]Whimsicott||FocusSash|Prankster|Tailwind,Protect,Encore,FakeTears|||F|||50|,,,,,Ghost]Iron Hands||AssaultVest|QuarkDrive|DrainPunch,ThunderPunch,FakeOut,CloseCombat||||||50|,,,,,Water\n|showteam|p2|Miraidon||AssaultVest|HadronEngine|ElectroDrift,DracoMeteor,VoltSwitch,Snarl||||||50|,,,,,Electric]Calyrex-Ice||Leftovers|AsOneGlastrier|Protect,TrickRoom,LeechSeed,GlacialLance||||||50|,,,,,Fairy]Ogerpon-Wellspring||WellspringMask|WaterAbsorb|SpikyShield,FollowMe,HornLeech,IvyCudgel|||F|||50|,,,,,Water]Incineroar||RockyHelmet|Intimidate|KnockOff,FlareBlitz,PartingShot,FakeOut|||F|||50|,,,,,Grass]Landorus||LifeOrb|SheerForce|Protect,Taunt,SludgeBomb,EarthPower|||M|||50|,,,,,Water]Grimmsnarl||LightClay|Prankster|SpiritBreak,LightScreen,Reflect,ThunderWave|||M|||50|,,,,,Ghost\n|inactive|Battle timer is ON: inactive players will automatically lose when time's up. (requested by realcomrade379)\n|j| yourwelcomethank\n|\n|t:|1774578818\n|teamsize|p1|4\n|teamsize|p2|4\n|start\n|switch|p1a: Miraidon|Miraidon, L50|100/100\n|switch|p1b: Whimsicott|Whimsicott, L50, F|100/100\n|switch|p2a: Miraidon|Miraidon, L50|100/100\n|switch|p2b: Grimmsnarl|Grimmsnarl, L50, M|100/100\n|-fieldstart|move: Electric Terrain|[from] ability: Hadron Engine|[of] p1a: Miraidon\n|-activate|p2a: Miraidon|ability: Hadron Engine\n|turn|1\n|j| elgra\n|\n|t:|1774578842\n|-terastallize|p2a: Miraidon|Electric\n|move|p1b: Whimsicott|Tailwind|p1b: Whimsicott\n|-sidestart|p1: JereyQ123456789|move: Tailwind\n|move|p2b: Grimmsnarl|Light Screen|p2b: Grimmsnarl\n|-sidestart|p2: realcomrade379|move: Light Screen\n|move|p1a: Miraidon|Volt Switch|p2b: Grimmsnarl\n|-damage|p2b: Grimmsnarl|40/100\n|\n|t:|1774578852\n|switch|p1a: Zamazenta|Zamazenta-Crowned, L50|100/100|[from] Volt Switch\n|-ability|p1a: Zamazenta|Dauntless Shield|boost\n|-boost|p1a: Zamazenta|def|1\n|move|p2a: Miraidon|Volt Switch|p1b: Whimsicott\n|-resisted|p1b: Whimsicott\n|-damage|p1b: Whimsicott|30/100\n|\n|t:|1774578859\n|switch|p2a: Landorus|Landorus, L50, M|100/100|[from] Volt Switch\n|\n|upkeep\n|turn|2\n|inactive|JereyQ123456789 has 30 seconds left.\n|\n|t:|1774578886\n|-terastallize|p1a: Zamazenta|Water\n|move|p1b: Whimsicott|Protect|p1b: Whimsicott\n|-singleturn|p1b: Whimsicott|Protect\n|move|p2b: Grimmsnarl|Reflect|p2b: Grimmsnarl\n|-sidestart|p2: realcomrade379|Reflect\n|move|p1a: Zamazenta|Iron Defense|p1a: Zamazenta\n|-boost|p1a: Zamazenta|def|2\n|move|p2a: Landorus|Earth Power|p1a: Zamazenta\n|-damage|p1a: Zamazenta|56/100\n|\n|upkeep\n|turn|3\n|\n|t:|1774578906\n|switch|p1b: Miraidon|Miraidon, L50|100/100\n|-activate|p1b: Miraidon|ability: Hadron Engine\n|move|p2b: Grimmsnarl|Thunder Wave|p1a: Zamazenta\n|-status|p1a: Zamazenta|par\n|move|p1a: Zamazenta|Body Press|p2b: Grimmsnarl\n|-damage|p2b: Grimmsnarl|0 fnt\n|faint|p2b: Grimmsnarl\n|move|p2a: Landorus|Sludge Bomb|p1b: Miraidon\n|-damage|p1b: Miraidon|52/100\n|\n|upkeep\n|\n|t:|1774578917\n|switch|p2b: Miraidon|Miraidon, L50, tera:Electric|100/100\n|-activate|p2b: Miraidon|ability: Hadron Engine\n|turn|4\n|l| elgra\n|\n|t:|1774578936\n|switch|p2b: Calyrex|Calyrex-Ice, L50|100/100\n|-ability|p2b: Calyrex|As One\n|-ability|p2b: Calyrex|Unnerve\n|move|p1b: Miraidon|Volt Switch|p2b: Calyrex\n|-damage|p2b: Calyrex|64/100\n|\n|t:|1774578945\n|switch|p1b: Incineroar|Incineroar, L50, F|100/100|[from] Volt Switch\n|-ability|p1b: Incineroar|Intimidate|boost\n|-unboost|p2a: Landorus|atk|1\n|-unboost|p2b: Calyrex|atk|1\n|move|p1a: Zamazenta|Body Press|p2b: Calyrex\n|-damage|p2b: Calyrex|17/100\n|move|p2a: Landorus|Earth Power|p1b: Incineroar\n|-supereffective|p1b: Incineroar\n|-damage|p1b: Incineroar|0 fnt\n|faint|p1b: Incineroar\n|\n|-heal|p2b: Calyrex|22/100|[from] item: Leftovers\n|-sideend|p1: JereyQ123456789|move: Tailwind\n|upkeep\n|\n|t:|1774578959\n|switch|p1b: Miraidon|Miraidon, L50|52/100\n|-activate|p1b: Miraidon|ability: Hadron Engine\n|turn|5\n|\n|t:|1774578974\n|move|p1b: Miraidon|Volt Switch|p2b: Calyrex\n|-damage|p2b: Calyrex|0 fnt\n|faint|p2b: Calyrex\n|\n|t:|1774578978\n|switch|p1b: Whimsicott|Whimsicott, L50, F|30/100|[from] Volt Switch\n|move|p2a: Landorus|Earth Power|p1b: Whimsicott\n|-resisted|p1b: Whimsicott\n|-damage|p1b: Whimsicott|0 fnt\n|faint|p1b: Whimsicott\n|move|p1a: Zamazenta|Body Press|p2a: Landorus\n|-resisted|p2a: Landorus\n|-damage|p2a: Landorus|67/100\n|\n|-fieldend|move: Electric Terrain\n|upkeep\n|\n|t:|1774578989\n|switch|p1b: Miraidon|Miraidon, L50|52/100\n|switch|p2b: Miraidon|Miraidon, L50, tera:Electric|100/100\n|-fieldstart|move: Electric Terrain|[from] ability: Hadron Engine|[of] p1b: Miraidon\n|-activate|p2b: Miraidon|ability: Hadron Engine\n|turn|6\n|\n|t:|1774579008\n|move|p1b: Miraidon|Draco Meteor|p2a: Landorus\n|-damage|p2a: Landorus|0 fnt\n|-unboost|p1b: Miraidon|spa|2\n|faint|p2a: Landorus\n|move|p2b: Miraidon|Electro Drift|p1a: Zamazenta\n|-supereffective|p1a: Zamazenta\n|-damage|p1a: Zamazenta|0 fnt\n|faint|p1a: Zamazenta\n|\n|upkeep\n|turn|7\n|\n|t:|1774579019\n|move|p1b: Miraidon|Draco Meteor|p2b: Miraidon\n|-damage|p2b: Miraidon|77/100\n|-unboost|p1b: Miraidon|spa|2\n|move|p2b: Miraidon|Draco Meteor|p1b: Miraidon\n|-supereffective|p1b: Miraidon\n|-damage|p1b: Miraidon|0 fnt\n|-unboost|p2b: Miraidon|spa|2\n|faint|p1b: Miraidon\n|\n|win|realcomrade379\n|n|\u2606JereyQ123456789|jereyq123456789\n|n|\u2606realcomrade379|realcomrade379\n|n| yourwelcomethank|yourwelcomethank\n","uploadtime":1774579023,"views":13,"formatid":"gen9vgc2026regi","rating":null,"private":0,"password":null}