{"id":"gen9vgc2026regi-2544182075","format":"[Gen 9] VGC 2026 Reg I","players":["SEITA","Unskilled99"],"log":"|j|\u2606SEITA\n|j|\u2606Unskilled99\n|t:|1771673507\n|gametype|doubles\n|player|p1|SEITA|lucas-gen4pt|1772\n|player|p2|Unskilled99|unknown|1430\n|gen|9\n|tier|[Gen 9] VGC 2026 Reg I\n|rated|\n|rule|Species Clause: Limit one of each Pok\u00e9mon\n|rule|Item Clause: Limit 1 of each item\n|clearpoke\n|poke|p1|Zacian-*, L50|\n|poke|p1|Kyogre, L50|\n|poke|p1|Tornadus, L50, M|\n|poke|p1|Raging Bolt, L50|\n|poke|p1|Landorus, L50, M|\n|poke|p1|Chien-Pao, L50|\n|poke|p2|Incineroar, L50, F|\n|poke|p2|Rillaboom, L50, M|\n|poke|p2|Landorus, L50, M|\n|poke|p2|Smeargle, L50, F|\n|poke|p2|Koraidon, L50|\n|poke|p2|Calyrex-Ice, L50|\n|teampreview|4\n|\n|t:|1771673548\n|teamsize|p1|4\n|teamsize|p2|4\n|start\n|switch|p1a: Zacian|Zacian-Crowned, L50|100/100\n|switch|p1b: Chien-Pao|Chien-Pao, L50|100/100\n|switch|p2a: Rillaboom|Rillaboom, L50, M|100/100\n|switch|p2b: Smeargle|Smeargle, L50, F|100/100\n|-ability|p1a: Zacian|Intrepid Sword|boost\n|-boost|p1a: Zacian|atk|1\n|-ability|p1b: Chien-Pao|Sword of Ruin\n|-fieldstart|move: Grassy Terrain|[from] ability: Grassy Surge|[of] p2a: Rillaboom\n|turn|1\n|\n|t:|1771673569\n|switch|p2a: Calyrex|Calyrex-Ice, L50|100/100\n|-ability|p2a: Calyrex|As One\n|-ability|p2a: Calyrex|Unnerve\n|move|p1a: Zacian|Protect|p1a: Zacian\n|-singleturn|p1a: Zacian|Protect\n|move|p1b: Chien-Pao|Protect|p1b: Chien-Pao\n|-singleturn|p1b: Chien-Pao|Protect\n|move|p2b: Smeargle|Spiky Shield||[still]\n|-fail|p2b: Smeargle\n|\n|-ability|p2b: Smeargle|Moody|boost\n|-boost|p2b: Smeargle|def|2\n|-unboost|p2b: Smeargle|atk|1\n|upkeep\n|turn|2\n|\n|t:|1771673602\n|move|p2b: Smeargle|Follow Me|p2b: Smeargle\n|-singleturn|p2b: Smeargle|move: Follow Me\n|move|p1a: Zacian|Behemoth Blade|p2b: Smeargle\n|-enditem|p2b: Smeargle|Focus Sash\n|-damage|p2b: Smeargle|1/100\n|move|p1b: Chien-Pao|Ice Spinner|p2b: Smeargle\n|-damage|p2b: Smeargle|0 fnt\n|-fieldend|move: Grassy Terrain\n|faint|p2b: Smeargle\n|move|p2a: Calyrex|Trick Room|p2a: Calyrex\n|-fieldstart|move: Trick Room|[of] p2a: Calyrex\n|\n|upkeep\n|\n|t:|1771673624\n|switch|p2b: Koraidon|Koraidon, L50|100/100\n|-weather|SunnyDay|[from] ability: Orichalcum Pulse|[of] p2b: Koraidon\n|-activate|p2b: Koraidon|Orichalcum Pulse|[source]\n|turn|3\n|\n|t:|1771673652\n|switch|p1b: Kyogre|Kyogre, L50|100/100\n|-weather|RainDance|[from] ability: Drizzle|[of] p1b: Kyogre\n|move|p2a: Calyrex|Leech Seed|p1b: Kyogre\n|-start|p1b: Kyogre|move: Leech Seed\n|move|p2b: Koraidon|Low Kick|p1a: Zacian\n|-damage|p1a: Zacian|39/100\n|move|p1a: Zacian|Behemoth Blade|p2a: Calyrex\n|-supereffective|p2a: Calyrex\n|-damage|p2a: Calyrex|0 fnt\n|faint|p2a: Calyrex\n|\n|-weather|RainDance|[upkeep]\n|upkeep\n|\n|t:|1771673663\n|switch|p2a: Rillaboom|Rillaboom, L50, M|100/100\n|-fieldstart|move: Grassy Terrain|[from] ability: Grassy Surge|[of] p2a: Rillaboom\n|turn|4\n|\n|t:|1771673697\n|-terastallize|p1b: Kyogre|Grass\n|move|p1a: Zacian|Protect|p1a: Zacian\n|-singleturn|p1a: Zacian|Protect\n|move|p1b: Kyogre|Ice Beam|p2b: Koraidon\n|-supereffective|p2b: Koraidon\n|-damage|p2b: Koraidon|35/100\n|move|p2a: Rillaboom|Wood Hammer|p1b: Kyogre\n|-resisted|p1b: Kyogre\n|-damage|p1b: Kyogre|69/100\n|-damage|p2a: Rillaboom|89/100|[from] Recoil\n|move|p2b: Koraidon|Low Kick|p1a: Zacian\n|-activate|p1a: Zacian|move: Protect\n|\n|-weather|RainDance|[upkeep]\n|-heal|p1b: Kyogre|74/100|[from] Grassy Terrain\n|-heal|p2a: Rillaboom|95/100|[from] Grassy Terrain\n|-heal|p2b: Koraidon|41/100|[from] Grassy Terrain\n|-heal|p1a: Zacian|45/100|[from] Grassy Terrain\n|-damage|p1b: Kyogre|62/100|[from] Leech Seed|[of] p2a: Rillaboom\n|-heal|p2a: Rillaboom|100/100|[silent]\n|upkeep\n|turn|5\n|\n|t:|1771673728\n|-terastallize|p2b: Koraidon|Fire\n|move|p1b: Kyogre|Water Spout|p2b: Koraidon|[spread] p2a,p2b\n|-resisted|p2a: Rillaboom\n|-supereffective|p2b: Koraidon\n|-damage|p2a: Rillaboom|74/100\n|-damage|p2b: Koraidon|0 fnt\n|faint|p2b: Koraidon\n|move|p2a: Rillaboom|U-turn|p1b: Kyogre\n|-supereffective|p1b: Kyogre\n|-damage|p1b: Kyogre|21/100\n|move|p1a: Zacian|Behemoth Blade|p2a: Rillaboom\n|-damage|p2a: Rillaboom|0 fnt\n|faint|p2a: Rillaboom\n|\n|win|SEITA\n|raw|SEITA's rating: 1772 &rarr; <strong>1777</strong><br />(+5 for winning)\n|raw|Unskilled99's rating: 1430 &rarr; <strong>1425</strong><br />(-5 for losing)\n|l|\u2606SEITA\n|player|p1|\n|l|\u2606Unskilled99\n|player|p2|\n","uploadtime":1771673894,"views":70,"formatid":"gen9vgc2026regi","rating":1425,"private":0,"password":null}