{"id":"gen9vgc2026regi-2587640809","format":"[Gen 9] VGC 2026 Reg I","players":["kyoshimon","be_011"],"log":"|j|\u2606kyoshimon\n|j|\u2606be_011\n|t:|1776549526\n|gametype|doubles\n|player|p1|kyoshimon|steven|1428\n|player|p2|be_011|265|1371\n|gen|9\n|tier|[Gen 9] VGC 2026 Reg I\n|rated|\n|rule|Species Clause: Limit one of each Pok\u00e9mon\n|rule|Item Clause: Limit 1 of each item\n|clearpoke\n|poke|p1|Kyogre, L50|\n|poke|p1|Chien-Pao, L50|\n|poke|p1|Landorus, L50, M|\n|poke|p1|Zamazenta-*, L50|\n|poke|p1|Iron Jugulis, L50|\n|poke|p1|Amoonguss, L50, F|\n|poke|p2|Tyranitar, L50, F|\n|poke|p2|Ho-Oh, L50|\n|poke|p2|Ogerpon-Cornerstone, L50, F|\n|poke|p2|Rillaboom, L50, F|\n|poke|p2|Zacian-*, L50|\n|poke|p2|Hitmontop, L50, M|\n|teampreview|4\n|inactive|Battle timer is ON: inactive players will automatically lose when time's up. (requested by kyoshimon)\n|\n|t:|1776549551\n|teamsize|p1|4\n|teamsize|p2|4\n|start\n|switch|p1a: Chien-Pao|Chien-Pao, L50|100/100\n|switch|p1b: Zamazenta|Zamazenta-Crowned, L50|100/100\n|switch|p2a: Tyranitar|Tyranitar, L50, F|100/100\n|switch|p2b: Rillaboom|Rillaboom, L50, F|100/100\n|-ability|p1a: Chien-Pao|Sword of Ruin\n|-ability|p1b: Zamazenta|Dauntless Shield|boost\n|-boost|p1b: Zamazenta|def|1\n|-fieldstart|move: Grassy Terrain|[from] ability: Grassy Surge|[of] p2b: Rillaboom\n|-weather|Sandstorm|[from] ability: Sand Stream|[of] p2a: Tyranitar\n|turn|1\n|\n|t:|1776549568\n|-terastallize|p2a: Tyranitar|Flying\n|move|p2b: Rillaboom|Fake Out|p1b: Zamazenta\n|-resisted|p1b: Zamazenta\n|-damage|p1b: Zamazenta|97/100\n|move|p1a: Chien-Pao|Ice Spinner|p2b: Rillaboom\n|-supereffective|p2b: Rillaboom\n|-damage|p2b: Rillaboom|7/100\n|-fieldend|move: Grassy Terrain\n|cant|p1b: Zamazenta|flinch\n|move|p2a: Tyranitar|Rock Slide|p1b: Zamazenta|[spread] p1a,p1b\n|-supereffective|p1a: Chien-Pao\n|-resisted|p1b: Zamazenta\n|-damage|p1a: Chien-Pao|15/100\n|-damage|p1b: Zamazenta|94/100\n|\n|-weather|Sandstorm|[upkeep]\n|-damage|p1a: Chien-Pao|10/100|[from] Sandstorm\n|-damage|p2b: Rillaboom|1/100|[from] Sandstorm\n|-damage|p2a: Tyranitar|95/100|[from] Sandstorm\n|-heal|p2a: Tyranitar|100/100|[from] item: Leftovers\n|upkeep\n|turn|2\n|\n|t:|1776549583\n|switch|p2b: Hitmontop|Hitmontop, L50, M|100/100\n|-ability|p2b: Hitmontop|Intimidate|boost\n|-unboost|p1a: Chien-Pao|atk|1\n|-unboost|p1b: Zamazenta|atk|1\n|move|p2a: Tyranitar|Protect|p2a: Tyranitar\n|-singleturn|p2a: Tyranitar|Protect\n|move|p1a: Chien-Pao|Ice Spinner|p2a: Tyranitar\n|-activate|p2a: Tyranitar|move: Protect\n|move|p1b: Zamazenta|Body Press|p2b: Hitmontop\n|-damage|p2b: Hitmontop|14/100\n|-enditem|p2b: Hitmontop|Sitrus Berry|[eat]\n|-heal|p2b: Hitmontop|39/100|[from] item: Sitrus Berry\n|\n|-weather|Sandstorm|[upkeep]\n|-damage|p1a: Chien-Pao|4/100|[from] Sandstorm\n|-damage|p2b: Hitmontop|33/100|[from] Sandstorm\n|-damage|p2a: Tyranitar|95/100|[from] Sandstorm\n|-heal|p2a: Tyranitar|100/100|[from] item: Leftovers\n|upkeep\n|turn|3\n|inactive|be_011 has 30 seconds left.\n|\n|t:|1776549614\n|switch|p1a: Kyogre|Kyogre, L50|100/100\n|-weather|RainDance|[from] ability: Drizzle|[of] p1a: Kyogre\n|-terastallize|p1b: Zamazenta|Grass\n|move|p2b: Hitmontop|Fake Out|p1a: Kyogre\n|-damage|p1a: Kyogre|91/100\n|move|p1b: Zamazenta|Body Press|p2b: Hitmontop\n|-damage|p2b: Hitmontop|0 fnt\n|faint|p2b: Hitmontop\n|move|p2a: Tyranitar|Taunt|p1b: Zamazenta\n|-start|p1b: Zamazenta|move: Taunt\n|\n|-weather|RainDance|[upkeep]\n|upkeep\n|\n|t:|1776549626\n|switch|p2b: Rillaboom|Rillaboom, L50, F|1/100\n|-fieldstart|move: Grassy Terrain|[from] ability: Grassy Surge|[of] p2b: Rillaboom\n|turn|4\n|\n|t:|1776549635\n|switch|p2a: Zacian|Zacian-Crowned, L50|100/100\n|-ability|p2a: Zacian|Intrepid Sword|boost\n|-boost|p2a: Zacian|atk|1\n|move|p1a: Kyogre|Protect|p1a: Kyogre\n|-singleturn|p1a: Kyogre|Protect\n|move|p2b: Rillaboom|Fake Out|p1b: Zamazenta\n|-damage|p1b: Zamazenta|89/100\n|cant|p1b: Zamazenta|flinch\n|\n|-weather|RainDance|[upkeep]\n|-heal|p1b: Zamazenta|95/100|[from] Grassy Terrain\n|-heal|p1a: Kyogre|97/100|[from] Grassy Terrain\n|-heal|p2b: Rillaboom|7/100|[from] Grassy Terrain\n|upkeep\n|turn|5\n|\n|t:|1776549652\n|switch|p1a: Chien-Pao|Chien-Pao, L50|4/100\n|-ability|p1a: Chien-Pao|Sword of Ruin\n|switch|p2b: Tyranitar|Tyranitar, L50, F, tera:Flying|100/100\n|-weather|Sandstorm|[from] ability: Sand Stream|[of] p2b: Tyranitar\n|move|p2a: Zacian|Play Rough|p1a: Chien-Pao|[miss]\n|-miss|p2a: Zacian|p1a: Chien-Pao\n|move|p1b: Zamazenta|Body Press|p2a: Zacian\n|-damage|p2a: Zacian|18/100\n|\n|-weather|Sandstorm|[upkeep]\n|-damage|p1a: Chien-Pao|0 fnt|[from] Sandstorm\n|-damage|p1b: Zamazenta|89/100|[from] Sandstorm\n|-damage|p2b: Tyranitar|95/100|[from] Sandstorm\n|faint|p1a: Chien-Pao\n|-heal|p2a: Zacian|24/100|[from] Grassy Terrain\n|-heal|p1b: Zamazenta|95/100|[from] Grassy Terrain\n|-heal|p2b: Tyranitar|100/100|[from] item: Leftovers\n|upkeep\n|\n|t:|1776549665\n|switch|p1a: Kyogre|Kyogre, L50|97/100\n|-weather|RainDance|[from] ability: Drizzle|[of] p1a: Kyogre\n|turn|6\n|\n|t:|1776549678\n|move|p1a: Kyogre|Protect|p1a: Kyogre\n|-singleturn|p1a: Kyogre|Protect\n|move|p2a: Zacian|Play Rough|p1a: Kyogre\n|-activate|p1a: Kyogre|move: Protect\n|move|p1b: Zamazenta|Body Press|p2a: Zacian\n|-damage|p2a: Zacian|0 fnt\n|faint|p2a: Zacian\n|move|p2b: Tyranitar|Rock Slide|p1b: Zamazenta|[spread] p1b\n|-activate|p1a: Kyogre|move: Protect\n|-damage|p1b: Zamazenta|84/100\n|\n|-weather|RainDance|[upkeep]\n|-heal|p1b: Zamazenta|90/100|[from] Grassy Terrain\n|-heal|p1a: Kyogre|100/100|[from] Grassy Terrain\n|-end|p1b: Zamazenta|move: Taunt\n|upkeep\n|\n|t:|1776549680\n|switch|p2a: Rillaboom|Rillaboom, L50, F|7/100\n|turn|7\n|-message|be_011 forfeited.\n|\n|win|kyoshimon\n|raw|kyoshimon's rating: 1428 &rarr; <strong>1445</strong><br />(+17 for winning)\n|raw|be_011's rating: 1371 &rarr; <strong>1354</strong><br />(-17 for losing)\n|l|\u2606be_011\n|player|p2|\n|l|\u2606kyoshimon\n|player|p1|\n","uploadtime":1776549905,"views":7,"formatid":"gen9vgc2026regi","rating":1354,"private":0,"password":null}