{"id":"gen9vgc2026regi-2529540161","format":"[Gen 9] VGC 2026 Reg I","players":["fu1111111","jd8erh"],"log":"|j|\u2606fu1111111\n|j|\u2606jd8erh\n|t:|1769797063\n|gametype|doubles\n|player|p1|fu1111111|265|1099\n|player|p2|jd8erh|102|1106\n|gen|9\n|tier|[Gen 9] VGC 2026 Reg I\n|rated|\n|rule|Species Clause: Limit one of each Pok\u00e9mon\n|rule|Item Clause: Limit 1 of each item\n|clearpoke\n|poke|p1|Sableye, L50, M|\n|poke|p1|Wo-Chien, L50|\n|poke|p1|Calyrex-Shadow, L50|\n|poke|p1|Clefairy, L50, M|\n|poke|p1|Miraidon, L50|\n|poke|p1|Hariyama, L50, F|\n|poke|p2|Miraidon, L50|\n|poke|p2|Calyrex-Ice, L50|\n|poke|p2|Urshifu-*, L50, M|\n|poke|p2|Incineroar, L50, M|\n|poke|p2|Farigiraf, L50, F|\n|poke|p2|Ogerpon-Hearthflame, L50, F|\n|teampreview|4\n|inactive|Battle timer is ON: inactive players will automatically lose when time's up. (requested by jd8erh)\n|inactive|fu1111111 has 60 seconds left.\n|c|\u2606jd8erh|Glhf\n|inactive|fu1111111 has 30 seconds left.\n|\n|t:|1769797129\n|teamsize|p1|4\n|teamsize|p2|4\n|start\n|switch|p1a: Wo-Chien|Wo-Chien, L50|100/100\n|switch|p1b: Miraidon|Miraidon, L50|100/100\n|switch|p2a: Farigiraf|Farigiraf, L50, F|100/100\n|switch|p2b: Incineroar|Incineroar, L50, M|100/100\n|-fieldstart|move: Electric Terrain|[from] ability: Hadron Engine|[of] p1b: Miraidon\n|-enditem|p2a: Farigiraf|Electric Seed\n|-boost|p2a: Farigiraf|def|1|[from] item: Electric Seed\n|-ability|p1a: Wo-Chien|Tablets of Ruin\n|-ability|p2b: Incineroar|Intimidate|boost\n|-unboost|p1a: Wo-Chien|atk|1\n|-unboost|p1b: Miraidon|atk|1\n|turn|1\n|inactive|fu1111111 has 30 seconds left.\n|inactive|fu1111111 has 20 seconds left.\n|inactive|fu1111111 has 15 seconds left.\n|\n|t:|1769797173\n|move|p2b: Incineroar|Fake Out|p1b: Miraidon\n|-damage|p1b: Miraidon|92/100\n|cant|p1b: Miraidon|flinch\n|move|p1a: Wo-Chien|Foul Play|p2a: Farigiraf\n|-supereffective|p2a: Farigiraf\n|-damage|p2a: Farigiraf|77/100\n|move|p2a: Farigiraf|Trick Room|p2a: Farigiraf\n|-fieldstart|move: Trick Room|[of] p2a: Farigiraf\n|\n|upkeep\n|turn|2\n|inactive|fu1111111 has 30 seconds left.\n|inactive|fu1111111 has 20 seconds left.\n|inactive|fu1111111 has 15 seconds left.\n|inactive|fu1111111 has 10 seconds left.\n|\n|t:|1769797222\n|-terastallize|p1a: Wo-Chien|Fire\n|move|p2a: Farigiraf|Helping Hand|p2b: Incineroar\n|-singleturn|p2b: Incineroar|Helping Hand|[of] p2a: Farigiraf\n|move|p2b: Incineroar|Knock Off|p1b: Miraidon\n|-damage|p1b: Miraidon|51/100\n|-enditem|p1b: Miraidon|Choice Scarf|[from] move: Knock Off|[of] p2b: Incineroar\n|move|p1a: Wo-Chien|Leech Seed|p2b: Incineroar\n|-start|p2b: Incineroar|move: Leech Seed\n|move|p1b: Miraidon|Electro Drift|p2a: Farigiraf\n|-damage|p2a: Farigiraf|0 fnt\n|faint|p2a: Farigiraf\n|\n|-damage|p2b: Incineroar|88/100|[from] Leech Seed|[of] p1a: Wo-Chien\n|upkeep\n|\n|t:|1769797232\n|switch|p2a: Calyrex|Calyrex-Ice, L50|100/100\n|-ability|p2a: Calyrex|As One\n|-ability|p2a: Calyrex|Unnerve\n|turn|3\n|inactive|fu1111111 has 30 seconds left.\n|\n|t:|1769797263\n|switch|p1b: Hariyama|Hariyama, L50, F|100/100\n|-terastallize|p2a: Calyrex|Water\n|move|p2a: Calyrex|Glacial Lance|p1b: Hariyama|[spread] p1a,p1b\n|-resisted|p1a: Wo-Chien\n|-damage|p1a: Wo-Chien|81/100\n|-damage|p1b: Hariyama|81/100\n|move|p2b: Incineroar|U-turn|p1b: Hariyama\n|-resisted|p1b: Hariyama\n|-damage|p1b: Hariyama|75/100\n|\n|t:|1769797270\n|switch|p2b: Urshifu|Urshifu-Rapid-Strike, L50, M|100/100|[from] U-turn\n|move|p1a: Wo-Chien|Leech Seed|p2a: Calyrex\n|-start|p2a: Calyrex|move: Leech Seed\n|\n|-heal|p1a: Wo-Chien|87/100|[from] item: Leftovers\n|-damage|p2a: Calyrex|88/100|[from] Leech Seed|[of] p1a: Wo-Chien\n|-heal|p1a: Wo-Chien|100/100|[silent]\n|upkeep\n|turn|4\n|inactive|fu1111111 has 30 seconds left.\n|inactive|fu1111111 has 20 seconds left.\n|inactive|fu1111111 has 15 seconds left.\n|\n|t:|1769797315\n|switch|p2a: Incineroar|Incineroar, L50, M|88/100\n|-ability|p2a: Incineroar|Intimidate|boost\n|-unboost|p1a: Wo-Chien|atk|1\n|-fail|p1b: Hariyama|unboost|[from] item: Clear Amulet|[of] p1b: Hariyama\n|move|p1b: Hariyama|Fake Out|p2b: Urshifu\n|-damage|p2b: Urshifu|92/100\n|move|p1a: Wo-Chien|Foul Play|p2a: Incineroar\n|-resisted|p2a: Incineroar\n|-damage|p2a: Incineroar|73/100\n|cant|p2b: Urshifu|flinch\n|\n|upkeep\n|turn|5\n|\n|t:|1769797338\n|switch|p1a: Miraidon|Miraidon, L50|51/100\n|-activate|p1a: Miraidon|ability: Hadron Engine\n|move|p2a: Incineroar|Fake Out|p1b: Hariyama\n|-damage|p1b: Hariyama|66/100\n|cant|p1b: Hariyama|flinch\n|move|p2b: Urshifu|Surging Strikes|p1a: Miraidon\n|-resisted|p1a: Miraidon\n|-crit|p1a: Miraidon\n|-damage|p1a: Miraidon|39/100\n|-resisted|p1a: Miraidon\n|-crit|p1a: Miraidon\n|-damage|p1a: Miraidon|29/100\n|-resisted|p1a: Miraidon\n|-crit|p1a: Miraidon\n|-damage|p1a: Miraidon|19/100\n|-hitcount|p1a: Miraidon|3\n|\n|-fieldend|move: Trick Room\n|-fieldend|move: Electric Terrain\n|upkeep\n|turn|6\n|inactive|fu1111111 has 30 seconds left.\n|\n|t:|1769797370\n|move|p2b: Urshifu|Detect|p2b: Urshifu\n|-singleturn|p2b: Urshifu|Protect\n|move|p1a: Miraidon|Electro Drift|p2b: Urshifu\n|-activate|p2b: Urshifu|move: Protect\n|move|p1b: Hariyama|Drain Punch|p2a: Incineroar\n|-supereffective|p2a: Incineroar\n|-damage|p2a: Incineroar|15/100\n|-heal|p1b: Hariyama|90/100|[from] drain|[of] p2a: Incineroar\n|move|p2a: Incineroar|Knock Off|p1a: Miraidon\n|-damage|p1a: Miraidon|0 fnt\n|faint|p1a: Miraidon\n|\n|upkeep\n|\n|t:|1769797385\n|switch|p1a: Calyrex|Calyrex-Shadow, L50|100/100\n|-ability|p1a: Calyrex|As One\n|-ability|p1a: Calyrex|Unnerve\n|turn|7\n|\n|t:|1769797403\n|move|p1a: Calyrex|Astral Barrage|p2a: Incineroar|[spread] p2a,p2b\n|-resisted|p2a: Incineroar\n|-damage|p2a: Incineroar|0 fnt\n|-damage|p2b: Urshifu|35/100\n|faint|p2a: Incineroar\n|-ability|p1a: Calyrex|Grim Neigh|boost\n|-boost|p1a: Calyrex|spa|1\n|move|p2b: Urshifu|Surging Strikes|p1a: Calyrex\n|-crit|p1a: Calyrex\n|-damage|p1a: Calyrex|83/100\n|-crit|p1a: Calyrex\n|-damage|p1a: Calyrex|63/100\n|-crit|p1a: Calyrex\n|-damage|p1a: Calyrex|43/100\n|-enditem|p1a: Calyrex|Sitrus Berry|[eat]\n|-heal|p1a: Calyrex|67/100|[from] item: Sitrus Berry\n|-hitcount|p1a: Calyrex|3\n|move|p1b: Hariyama|Drain Punch|p2b: Urshifu\n|-damage|p2b: Urshifu|1/100\n|-heal|p1b: Hariyama|100/100|[from] drain|[of] p2b: Urshifu\n|\n|upkeep\n|\n|t:|1769797410\n|switch|p2a: Calyrex|Calyrex-Ice, L50, tera:Water|88/100\n|-ability|p2a: Calyrex|As One\n|-ability|p2a: Calyrex|Unnerve\n|turn|8\n|inactive|fu1111111 has 30 seconds left.\n|\n|t:|1769797444\n|move|p2b: Urshifu|Detect|p2b: Urshifu\n|-singleturn|p2b: Urshifu|Protect\n|move|p1b: Hariyama|Feint|p2b: Urshifu\n|-activate|p2b: Urshifu|move: Feint\n|-damage|p2b: Urshifu|0 fnt\n|faint|p2b: Urshifu\n|move|p1a: Calyrex|Astral Barrage|p2a: Calyrex\n|-damage|p2a: Calyrex|20/100\n|move|p2a: Calyrex|Trick Room|p2a: Calyrex\n|-fieldstart|move: Trick Room|[of] p2a: Calyrex\n|\n|upkeep\n|turn|9\n|\n|t:|1769797462\n|move|p1b: Hariyama|Wide Guard|p1b: Hariyama\n|-singleturn|p1b: Hariyama|Wide Guard\n|move|p2a: Calyrex|Glacial Lance|p1a: Calyrex|[spread] \n|-activate|p1a: Calyrex|move: Wide Guard\n|-activate|p1b: Hariyama|move: Wide Guard\n|move|p1a: Calyrex|Astral Barrage|p2a: Calyrex\n|-damage|p2a: Calyrex|0 fnt\n|faint|p2a: Calyrex\n|\n|win|fu1111111\n|raw|fu1111111's rating: 1099 &rarr; <strong>1125</strong><br />(+26 for winning)\n|raw|jd8erh's rating: 1106 &rarr; <strong>1080</strong><br />(-26 for losing)\n|l|\u2606jd8erh\n|player|p2|\n|l|\u2606fu1111111\n|player|p1|\n","uploadtime":1769797654,"views":11,"formatid":"gen9vgc2026regi","rating":1080,"private":0,"password":null}