{"id":"gen9vgc2026regi-2546152608","format":"[Gen 9] VGC 2026 Reg I","players":["kazu1003","dthk1216"],"log":"|j|\u2606kazu1003\n|j|\u2606dthk1216\n|t:|1771936616\n|gametype|doubles\n|player|p1|kazu1003|ethan|1505\n|player|p2|dthk1216|dawn|1614\n|gen|9\n|tier|[Gen 9] VGC 2026 Reg I\n|rated|\n|rule|Species Clause: Limit one of each Pok\u00e9mon\n|rule|Item Clause: Limit 1 of each item\n|clearpoke\n|poke|p1|Miraidon, L50|\n|poke|p1|Calyrex-Ice, L50|\n|poke|p1|Incineroar, L50, M|\n|poke|p1|Urshifu-*, L50, F|\n|poke|p1|Whimsicott, L50, M|\n|poke|p1|Volcarona, L50, M|\n|poke|p2|Calyrex-Ice, L50|\n|poke|p2|Kyogre, L50|\n|poke|p2|Urshifu-*, L50, F|\n|poke|p2|Rillaboom, L50, M|\n|poke|p2|Grimmsnarl, L50, M|\n|poke|p2|Amoonguss, L50, F|\n|teampreview|4\n|inactive|Battle timer is ON: inactive players will automatically lose when time's up. (requested by kazu1003)\n|\n|t:|1771936641\n|teamsize|p1|4\n|teamsize|p2|4\n|start\n|switch|p1a: Calyrex|Calyrex-Ice, L50|100/100\n|switch|p1b: Urshifu|Urshifu, L50, F|100/100\n|switch|p2a: Rillaboom|Rillaboom, L50, M|100/100\n|switch|p2b: Calyrex|Calyrex-Ice, L50|100/100\n|-ability|p1a: Calyrex|As One\n|-ability|p1a: Calyrex|Unnerve\n|-ability|p2b: Calyrex|As One\n|-ability|p2b: Calyrex|Unnerve\n|-fieldstart|move: Grassy Terrain|[from] ability: Grassy Surge|[of] p2a: Rillaboom\n|turn|1\n|\n|t:|1771936662\n|switch|p2b: Grimmsnarl|Grimmsnarl, L50, M|100/100\n|move|p1b: Urshifu|Detect|p1b: Urshifu\n|-singleturn|p1b: Urshifu|Protect\n|move|p1a: Calyrex|Protect|p1a: Calyrex\n|-singleturn|p1a: Calyrex|Protect\n|move|p2a: Rillaboom|U-turn|p1a: Calyrex\n|-activate|p1a: Calyrex|move: Protect\n|\n|upkeep\n|turn|2\n|inactive|dthk1216 has 30 seconds left.\n|\n|t:|1771936690\n|move|p2b: Grimmsnarl|Reflect|p2b: Grimmsnarl\n|-sidestart|p2: dthk1216|Reflect\n|move|p1b: Urshifu|Close Combat|p2b: Grimmsnarl\n|-damage|p2b: Grimmsnarl|52/100\n|-unboost|p1b: Urshifu|def|1\n|-unboost|p1b: Urshifu|spd|1\n|move|p2a: Rillaboom|U-turn|p1a: Calyrex\n|-supereffective|p1a: Calyrex\n|-damage|p1a: Calyrex|72/100\n|\n|t:|1771936698\n|switch|p2a: Calyrex|Calyrex-Ice, L50|100/100|[from] U-turn\n|-ability|p2a: Calyrex|As One\n|-ability|p2a: Calyrex|Unnerve\n|move|p1a: Calyrex|Glacial Lance|p2b: Grimmsnarl|[spread] p2a,p2b\n|-resisted|p2a: Calyrex\n|-damage|p2a: Calyrex|89/100\n|-damage|p2b: Grimmsnarl|14/100\n|\n|-heal|p1a: Calyrex|78/100|[from] Grassy Terrain\n|-heal|p2b: Grimmsnarl|20/100|[from] Grassy Terrain\n|-heal|p2a: Calyrex|95/100|[from] Grassy Terrain\n|-heal|p2a: Calyrex|100/100|[from] item: Leftovers\n|upkeep\n|turn|3\n|\n|t:|1771936721\n|move|p1b: Urshifu|Wicked Blow|p2a: Calyrex\n|-supereffective|p2a: Calyrex\n|-crit|p2a: Calyrex\n|-damage|p2a: Calyrex|25/100\n|move|p1a: Calyrex|Glacial Lance|p2b: Grimmsnarl|[spread] p2a,p2b\n|-resisted|p2a: Calyrex\n|-damage|p2a: Calyrex|14/100\n|-damage|p2b: Grimmsnarl|0 fnt\n|faint|p2b: Grimmsnarl\n|-ability|p1a: Calyrex|Chilling Neigh|boost\n|-boost|p1a: Calyrex|atk|1\n|move|p2a: Calyrex|Glacial Lance|p1a: Calyrex|[spread] p1a,p1b\n|-resisted|p1a: Calyrex\n|-damage|p1a: Calyrex|62/100\n|-damage|p1b: Urshifu|24/100\n|\n|-heal|p1b: Urshifu|30/100|[from] Grassy Terrain\n|-heal|p1a: Calyrex|68/100|[from] Grassy Terrain\n|-heal|p2a: Calyrex|20/100|[from] Grassy Terrain\n|-heal|p2a: Calyrex|26/100|[from] item: Leftovers\n|upkeep\n|inactive|dthk1216 has 30 seconds left.\n|\n|t:|1771936747\n|switch|p2b: Rillaboom|Rillaboom, L50, M|100/100\n|turn|4\n|\n|t:|1771936768\n|-terastallize|p1b: Urshifu|Ghost\n|move|p2b: Rillaboom|Fake Out|p1a: Calyrex\n|-damage|p1a: Calyrex|58/100\n|move|p1b: Urshifu|Wicked Blow|p2a: Calyrex\n|-supereffective|p2a: Calyrex\n|-crit|p2a: Calyrex\n|-damage|p2a: Calyrex|0 fnt\n|faint|p2a: Calyrex\n|cant|p1a: Calyrex|flinch\n|\n|-heal|p1b: Urshifu|36/100|[from] Grassy Terrain\n|-heal|p1a: Calyrex|64/100|[from] Grassy Terrain\n|upkeep\n|\n|t:|1771936774\n|switch|p2a: Kyogre|Kyogre, L50|100/100\n|-weather|RainDance|[from] ability: Drizzle|[of] p2a: Kyogre\n|turn|5\n|\n|t:|1771936789\n|move|p2b: Rillaboom|Grassy Glide|p1b: Urshifu\n|-damage|p1b: Urshifu|0 fnt\n|faint|p1b: Urshifu\n|move|p2a: Kyogre|Water Spout|p1a: Calyrex\n|-damage|p1a: Calyrex|0 fnt\n|faint|p1a: Calyrex\n|\n|-weather|RainDance|[upkeep]\n|-fieldend|move: Grassy Terrain\n|upkeep\n|\n|t:|1771936792\n|switch|p1b: Whimsicott|Whimsicott, L50, M|100/100\n|switch|p1a: Miraidon|Miraidon, L50, shiny|100/100\n|-fieldstart|move: Electric Terrain|[from] ability: Hadron Engine|[of] p1a: Miraidon\n|turn|6\n|\n|t:|1771936805\n|-terastallize|p2a: Kyogre|Grass\n|move|p1b: Whimsicott|Encore|p2b: Rillaboom\n|-start|p2b: Rillaboom|Encore\n|move|p1a: Miraidon|Electro Drift|p2a: Kyogre\n|-resisted|p2a: Kyogre\n|-damage|p2a: Kyogre|54/100\n|-damage|p1a: Miraidon|91/100|[from] item: Life Orb\n|move|p2a: Kyogre|Water Spout|p1a: Miraidon|[spread] p1a,p1b\n|-resisted|p1a: Miraidon\n|-resisted|p1b: Whimsicott\n|-damage|p1a: Miraidon|54/100\n|-damage|p1b: Whimsicott|57/100\n|move|p2b: Rillaboom|Grassy Glide|p1a: Miraidon\n|-resisted|p1a: Miraidon\n|-crit|p1a: Miraidon\n|-damage|p1a: Miraidon|33/100\n|\n|-weather|RainDance|[upkeep]\n|upkeep\n|turn|7\n|\n|t:|1771936822\n|move|p1b: Whimsicott|Light Screen|p1b: Whimsicott\n|-sidestart|p1: kazu1003|move: Light Screen\n|move|p1a: Miraidon|Draco Meteor|p2a: Kyogre\n|-damage|p2a: Kyogre|0 fnt\n|-unboost|p1a: Miraidon|spa|2\n|faint|p2a: Kyogre\n|-damage|p1a: Miraidon|24/100|[from] item: Life Orb\n|move|p2b: Rillaboom|Grassy Glide|p1a: Miraidon\n|-resisted|p1a: Miraidon\n|-damage|p1a: Miraidon|11/100\n|\n|-weather|RainDance|[upkeep]\n|upkeep\n|turn|8\n|-message|dthk1216 forfeited.\n|\n|win|kazu1003\n|raw|kazu1003's rating: 1505 &rarr; <strong>1531</strong><br />(+26 for winning)\n|raw|dthk1216's rating: 1614 &rarr; <strong>1588</strong><br />(-26 for losing)\n|l|\u2606dthk1216\n|player|p2|\n","uploadtime":1771936834,"views":23,"formatid":"gen9vgc2026regi","rating":1531,"private":0,"password":null}