{"id":"gen9vgc2026regi-2519928474","format":"[Gen 9] VGC 2026 Reg I","players":["kojimuranishi","liam.2025"],"log":"|j|\u2606kojimuranishi\n|j|\u2606liam.2025\n|t:|1768571490\n|gametype|doubles\n|player|p1|kojimuranishi|102|1529\n|player|p2|liam.2025|policeman|1446\n|gen|9\n|tier|[Gen 9] VGC 2026 Reg I\n|rated|\n|rule|Species Clause: Limit one of each Pok\u00e9mon\n|rule|Item Clause: Limit 1 of each item\n|clearpoke\n|poke|p1|Miraidon, L50|\n|poke|p1|Lunala, L50|\n|poke|p1|Chien-Pao, L50|\n|poke|p1|Dragonite, L50, M|\n|poke|p1|Ursaluna, L50, M|\n|poke|p1|Urshifu-*, L50, F|\n|poke|p2|Murkrow, L50, F|\n|poke|p2|Weezing-Galar, L50, F|\n|poke|p2|Terapagos, L50, M|\n|poke|p2|Smeargle, L50, F|\n|poke|p2|Calyrex-Ice, L50|\n|poke|p2|Ursaluna, L50, F|\n|teampreview|4\n|inactive|Battle timer is ON: inactive players will automatically lose when time's up. (requested by kojimuranishi)\n|\n|t:|1768571519\n|teamsize|p1|4\n|teamsize|p2|4\n|start\n|switch|p1a: Urshifu|Urshifu-Rapid-Strike, L50, F|100/100\n|switch|p1b: Chien-Pao|Chien-Pao, L50|100/100\n|switch|p2a: Murkrow|Murkrow, L50, F|100/100\n|switch|p2b: Weezing|Weezing-Galar, L50, F|100/100\n|-ability|p2b: Weezing|Neutralizing Gas\n|-block|p2a: Murkrow|item: Ability Shield\n|turn|1\n|\n|t:|1768571536\n|move|p2a: Murkrow|Protect|p2a: Murkrow\n|-singleturn|p2a: Murkrow|Protect\n|move|p1b: Chien-Pao|Ice Spinner|p2a: Murkrow\n|-activate|p2a: Murkrow|move: Protect\n|move|p1a: Urshifu|Surging Strikes|p2b: Weezing\n|-crit|p2b: Weezing\n|-damage|p2b: Weezing|77/100\n|-crit|p2b: Weezing\n|-damage|p2b: Weezing|51/100\n|-crit|p2b: Weezing\n|-damage|p2b: Weezing|25/100\n|-hitcount|p2b: Weezing|3\n|move|p2b: Weezing|Strange Steam|p1b: Chien-Pao\n|-supereffective|p1b: Chien-Pao\n|-damage|p1b: Chien-Pao|0 fnt\n|faint|p1b: Chien-Pao\n|-damage|p2b: Weezing|15/100|[from] item: Life Orb\n|\n|upkeep\n|inactive|kojimuranishi has 30 seconds left.\n|inactive|kojimuranishi has 20 seconds left.\n|\n|t:|1768571572\n|switch|p1b: Lunala|Lunala, L50|100/100\n|turn|2\n|\n|t:|1768571582\n|move|p2a: Murkrow|Tailwind|p2a: Murkrow\n|-sidestart|p2: liam.2025|move: Tailwind\n|move|p2b: Weezing|Misty Explosion|p1b: Lunala|[spread] p2a,p1a,p1b\n|-supereffective|p2a: Murkrow\n|-supereffective|p1a: Urshifu\n|-damage|p2a: Murkrow|0 fnt\n|-enditem|p1a: Urshifu|Focus Sash\n|-damage|p1a: Urshifu|1/100\n|-damage|p1b: Lunala|74/100\n|faint|p2b: Weezing\n|-end|p2b: Weezing|ability: Neutralizing Gas\n|faint|p2a: Murkrow\n|move|p1a: Urshifu|Surging Strikes|p2: Murkrow|[notarget]\n|-fail|p1a: Urshifu\n|move|p1b: Lunala|Meteor Beam||[still]\n|-prepare|p1b: Lunala|Meteor Beam\n|-boost|p1b: Lunala|spa|1\n|-enditem|p1b: Lunala|Power Herb\n|-anim|p1b: Lunala|Meteor Beam|p2: Murkrow|[notarget]\n|-fail|p1b: Lunala\n|\n|upkeep\n|\n|t:|1768571597\n|switch|p2b: Smeargle|Smeargle, L50, F|100/100\n|switch|p2a: Terapagos|Terapagos, L50, M|100/100\n|-activate|p2a: Terapagos|ability: Tera Shift\n|detailschange|p2a: Terapagos|Terapagos-Terastal, L50, M\n|-heal|p2a: Terapagos|100/100|[silent]\n|turn|3\n|inactive|kojimuranishi has 30 seconds left.\n|\n|t:|1768571624\n|-terastallize|p2a: Terapagos|Stellar\n|detailschange|p2a: Terapagos|Terapagos-Stellar, L50, M, tera:Stellar\n|-heal|p2a: Terapagos|100/100|[silent]\n|move|p1a: Urshifu|Detect|p1a: Urshifu\n|-singleturn|p1a: Urshifu|Protect\n|move|p2b: Smeargle|Feint|p1a: Urshifu\n|-activate|p1a: Urshifu|move: Feint\n|-damage|p1a: Urshifu|0 fnt\n|faint|p1a: Urshifu\n|move|p2a: Terapagos|Tera Starstorm|p1b: Lunala\n|-damage|p1b: Lunala|23/100\n|move|p1b: Lunala|Trick Room|p1b: Lunala\n|-fieldstart|move: Trick Room|[of] p1b: Lunala\n|\n|upkeep\n|\n|t:|1768571639\n|switch|p1a: Ursaluna|Ursaluna, L50, M|100/100\n|turn|4\n|\n|t:|1768571651\n|move|p1a: Ursaluna|Rock Slide|p2a: Terapagos|[spread] p2a,p2b\n|-crit|p2b: Smeargle\n|-damage|p2a: Terapagos|86/100\n|-damage|p2b: Smeargle|7/100\n|move|p1b: Lunala|Moonblast|p2b: Smeargle\n|-damage|p2b: Smeargle|0 fnt\n|faint|p2b: Smeargle\n|cant|p2a: Terapagos|flinch\n|\n|-status|p1a: Ursaluna|brn|[from] item: Flame Orb\n|upkeep\n|turn|5\n|\n|t:|1768571666\n|move|p1a: Ursaluna|Facade|p2a: Terapagos\n|-damage|p2a: Terapagos|6/100\n|move|p1b: Lunala|Moonblast|p2a: Terapagos\n|-damage|p2a: Terapagos|0 fnt\n|faint|p2a: Terapagos\n|detailschange|p2: Terapagos|Terapagos, L50, M|[silent]\n|\n|win|kojimuranishi\n|raw|kojimuranishi's rating: 1529 &rarr; <strong>1544</strong><br />(+15 for winning)\n|raw|liam.2025's rating: 1446 &rarr; <strong>1431</strong><br />(-15 for losing)\n|l|\u2606liam.2025\n|player|p2|\n|l|\u2606kojimuranishi\n|player|p1|\n","uploadtime":1768571856,"views":23,"formatid":"gen9vgc2026regi","rating":1431,"private":0,"password":null}