{"id":"gen9vgc2026regi-2557941788","format":"[Gen 9] VGC 2026 Reg I","players":["soten soten","lalo's pollos"],"log":"|j|\u2606soten soten\n|j|\u2606lalo's pollos\n|t:|1773377217\n|gametype|doubles\n|player|p1|soten soten|hilbert|1407\n|player|p2|lalo's pollos|266|1553\n|gen|9\n|tier|[Gen 9] VGC 2026 Reg I\n|rated|\n|rule|Species Clause: Limit one of each Pok\u00e9mon\n|rule|Item Clause: Limit 1 of each item\n|clearpoke\n|poke|p1|Terapagos, L50, M|\n|poke|p1|Eternatus, L50|\n|poke|p1|Incineroar, L50, F|\n|poke|p1|Grimmsnarl, L50, M|\n|poke|p1|Rillaboom, L50, F|\n|poke|p1|Urshifu-*, L50, M|\n|poke|p2|Miraidon, L50|\n|poke|p2|Landorus, L50, M|\n|poke|p2|Incineroar, L50, M|\n|poke|p2|Iron Bundle, L50|\n|poke|p2|Farigiraf, L50, F|\n|poke|p2|Calyrex-Ice, L50|\n|teampreview|4\n|inactive|Battle timer is ON: inactive players will automatically lose when time's up. (requested by soten soten)\n|\n|t:|1773377226\n|teamsize|p1|4\n|teamsize|p2|4\n|start\n|switch|p1a: Terapagos|Terapagos, L50, M|100/100\n|switch|p1b: Rillaboom|Rillaboom, L50, F|100/100\n|switch|p2a: Calyrex|Calyrex-Ice, L50|100/100\n|switch|p2b: Co-Star|Miraidon, L50|100/100\n|-activate|p1a: Terapagos|ability: Tera Shift\n|detailschange|p1a: Terapagos|Terapagos-Terastal, L50, M\n|-heal|p1a: Terapagos|100/100|[silent]\n|-ability|p2a: Calyrex|As One\n|-ability|p2a: Calyrex|Unnerve\n|-fieldstart|move: Electric Terrain|[from] ability: Hadron Engine|[of] p2b: Co-Star\n|-fieldstart|move: Grassy Terrain|[from] ability: Grassy Surge|[of] p1b: Rillaboom\n|turn|1\n|\n|t:|1773377232\n|switch|p2b: the Manager|Farigiraf, L50, F|100/100\n|move|p1b: Rillaboom|U-turn|p2a: Calyrex\n|-supereffective|p2a: Calyrex\n|-damage|p2a: Calyrex|63/100\n|\n|t:|1773377235\n|switch|p1b: Incineroar|Incineroar, L50, F|100/100|[from] U-turn\n|-ability|p1b: Incineroar|Intimidate|boost\n|-fail|p2a: Calyrex|unboost|[from] item: Clear Amulet|[of] p2a: Calyrex\n|-unboost|p2b: the Manager|atk|1\n|move|p1a: Terapagos|Toxic|p2a: Calyrex\n|-status|p2a: Calyrex|tox\n|move|p2a: Calyrex|Glacial Lance|p1b: Incineroar|[spread] p1a,p1b\n|-activate|p1a: Terapagos|ability: Tera Shell\n|-resisted|p1a: Terapagos\n|-resisted|p1b: Incineroar\n|-damage|p1a: Terapagos|75/100\n|-damage|p1b: Incineroar|76/100\n|\n|-heal|p1a: Terapagos|82/100|[from] Grassy Terrain\n|-heal|p1a: Terapagos|88/100|[from] item: Leftovers\n|-heal|p1b: Incineroar|82/100|[from] Grassy Terrain\n|-heal|p2a: Calyrex|69/100 tox|[from] Grassy Terrain\n|-damage|p2a: Calyrex|63/100 tox|[from] psn\n|upkeep\n|turn|2\n|\n|t:|1773377252\n|switch|p2a: Landorus|Landorus, L50, M|100/100\n|move|p1a: Terapagos|Substitute|p1a: Terapagos\n|-start|p1a: Terapagos|Substitute\n|-damage|p1a: Terapagos|63/100\n|move|p1b: Incineroar|Knock Off|p2a: Landorus\n|-damage|p2a: Landorus|58/100\n|-enditem|p2a: Landorus|Life Orb|[from] move: Knock Off|[of] p1b: Incineroar\n|move|p2b: the Manager|Psychic|p1a: Terapagos\n|-end|p1a: Terapagos|Substitute\n|\n|-heal|p1a: Terapagos|69/100|[from] Grassy Terrain\n|-heal|p1a: Terapagos|75/100|[from] item: Leftovers\n|-heal|p1b: Incineroar|88/100|[from] Grassy Terrain\n|upkeep\n|turn|3\n|\n|t:|1773377266\n|switch|p1b: Rillaboom|Rillaboom, L50, F|100/100\n|-terastallize|p1a: Terapagos|Stellar\n|detailschange|p1a: Terapagos|Terapagos-Stellar, L50, M, tera:Stellar\n|-heal|p1a: Terapagos|82/100|[silent]\n|-ability|p1a: Terapagos|Teraform Zero\n|-fieldend|move: Grassy Terrain\n|move|p2b: the Manager|Helping Hand|p2a: Landorus\n|-singleturn|p2a: Landorus|Helping Hand|[of] p2b: the Manager\n|move|p2a: Landorus|Sandsear Storm|p1a: Terapagos|[spread] p1a,p1b\n|-resisted|p1b: Rillaboom\n|-damage|p1a: Terapagos|39/100\n|-damage|p1b: Rillaboom|76/100\n|move|p1a: Terapagos|Tera Starstorm|p2b: the Manager|[spread] p2a,p2b\n|-damage|p2a: Landorus|10/100\n|-damage|p2b: the Manager|74/100\n|\n|-heal|p1a: Terapagos|45/100|[from] item: Leftovers\n|upkeep\n|turn|4\n|\n|t:|1773377287\n|move|p2b: the Manager|Helping Hand|p2a: Landorus\n|-singleturn|p2a: Landorus|Helping Hand|[of] p2b: the Manager\n|move|p1a: Terapagos|Protect|p1a: Terapagos\n|-singleturn|p1a: Terapagos|Protect\n|move|p2a: Landorus|Sludge Bomb|p1b: Rillaboom\n|-supereffective|p1b: Rillaboom\n|-damage|p1b: Rillaboom|0 fnt\n|faint|p1b: Rillaboom\n|\n|-heal|p1a: Terapagos|51/100|[from] item: Leftovers\n|upkeep\n|\n|t:|1773377292\n|switch|p1b: Eternatus|Eternatus, L50|100/100\n|-ability|p1b: Eternatus|Pressure\n|turn|5\n|\n|t:|1773377303\n|move|p2b: the Manager|Helping Hand|p2a: Landorus\n|-singleturn|p2a: Landorus|Helping Hand|[of] p2b: the Manager\n|move|p1b: Eternatus|Dynamax Cannon|p2a: Landorus\n|-damage|p2a: Landorus|0 fnt\n|faint|p2a: Landorus\n|move|p1a: Terapagos|Substitute|p1a: Terapagos\n|-start|p1a: Terapagos|Substitute\n|-damage|p1a: Terapagos|26/100\n|\n|-heal|p1a: Terapagos|32/100|[from] item: Leftovers\n|upkeep\n|\n|t:|1773377310\n|switch|p2a: Co-Star|Miraidon, L50|100/100\n|-fieldstart|move: Electric Terrain|[from] ability: Hadron Engine|[of] p2a: Co-Star\n|turn|6\n|\n|t:|1773377319\n|move|p1b: Eternatus|Protect|p1b: Eternatus\n|-singleturn|p1b: Eternatus|Protect\n|move|p1a: Terapagos|Protect|p1a: Terapagos\n|-singleturn|p1a: Terapagos|Protect\n|move|p2a: Co-Star|Draco Meteor|p1b: Eternatus\n|-activate|p1b: Eternatus|move: Protect\n|move|p2b: the Manager|Psychic|p1a: Terapagos\n|-activate|p1a: Terapagos|move: Protect\n|\n|-heal|p1a: Terapagos|39/100|[from] item: Leftovers\n|upkeep\n|turn|7\n|\n|t:|1773377330\n|switch|p1b: Incineroar|Incineroar, L50, F|88/100\n|-ability|p1b: Incineroar|Intimidate|boost\n|-unboost|p2a: Co-Star|atk|1\n|-unboost|p2b: the Manager|atk|1\n|move|p2a: Co-Star|Draco Meteor|p1b: Incineroar\n|-damage|p1b: Incineroar|0 fnt\n|-unboost|p2a: Co-Star|spa|2\n|faint|p1b: Incineroar\n|move|p1a: Terapagos|Tera Starstorm|p2a: Co-Star|[spread] p2a,p2b\n|-damage|p2a: Co-Star|62/100\n|-damage|p2b: the Manager|46/100\n|move|p2b: the Manager|Psychic|p1a: Terapagos\n|-activate|p1a: Terapagos|move: Substitute|[damage]\n|\n|-heal|p1a: Terapagos|45/100|[from] item: Leftovers\n|upkeep\n|\n|t:|1773377332\n|switch|p1b: Eternatus|Eternatus, L50|100/100\n|-ability|p1b: Eternatus|Pressure\n|turn|8\n|\n|t:|1773377341\n|move|p2b: the Manager|Helping Hand|p2a: Co-Star\n|-singleturn|p2a: Co-Star|Helping Hand|[of] p2b: the Manager\n|move|p1b: Eternatus|Protect|p1b: Eternatus\n|-singleturn|p1b: Eternatus|Protect\n|move|p2a: Co-Star|Draco Meteor|p1b: Eternatus\n|-activate|p1b: Eternatus|move: Protect\n|move|p1a: Terapagos|Tera Starstorm|p2b: the Manager|[spread] p2a,p2b\n|-damage|p2a: Co-Star|25/100\n|-damage|p2b: the Manager|16/100\n|\n|-heal|p1a: Terapagos|51/100|[from] item: Leftovers\n|upkeep\n|turn|9\n|\n|t:|1773377347\n|move|p2b: the Manager|Helping Hand|p2a: Co-Star\n|-singleturn|p2a: Co-Star|Helping Hand|[of] p2b: the Manager\n|move|p1b: Eternatus|Protect||[still]\n|-fail|p1b: Eternatus\n|move|p2a: Co-Star|Draco Meteor|p1b: Eternatus\n|-supereffective|p1b: Eternatus\n|-damage|p1b: Eternatus|0 fnt\n|-unboost|p2a: Co-Star|spa|2\n|faint|p1b: Eternatus\n|move|p1a: Terapagos|Tera Starstorm|p2a: Co-Star|[spread] p2a,p2b\n|-damage|p2a: Co-Star|0 fnt\n|-damage|p2b: the Manager|0 fnt\n|faint|p2a: Co-Star\n|faint|p2b: the Manager\n|\n|-heal|p1a: Terapagos|57/100|[from] item: Leftovers\n|upkeep\n|\n|t:|1773377349\n|switch|p2b: Calyrex|Calyrex-Ice, L50|63/100 tox\n|-ability|p2b: Calyrex|As One\n|-ability|p2b: Calyrex|Unnerve\n|turn|10\n|\n|t:|1773377352\n|move|p1a: Terapagos|Protect|p1a: Terapagos\n|-singleturn|p1a: Terapagos|Protect\n|move|p2b: Calyrex|Glacial Lance|p1a: Terapagos\n|-activate|p1a: Terapagos|move: Protect\n|\n|-heal|p1a: Terapagos|64/100|[from] item: Leftovers\n|-damage|p2b: Calyrex|57/100 tox|[from] psn\n|-fieldend|move: Electric Terrain\n|upkeep\n|turn|11\n|-message|lalo's pollos forfeited.\n|\n|win|soten soten\n|raw|soten soten's rating: 1407 &rarr; <strong>1435</strong><br />(+28 for winning)\n|raw|lalo&apos;s pollos's rating: 1553 &rarr; <strong>1525</strong><br />(-28 for losing)\n|l|\u2606lalo's pollos\n|player|p2|\n|l|\u2606soten soten\n|player|p1|\n","uploadtime":1773377575,"views":21,"formatid":"gen9vgc2026regi","rating":1435,"private":0,"password":null}