{"id":"gen9vgc2026regi-2570919346","format":"[Gen 9] VGC 2026 Reg I","players":["daunting david","swordsdanceurshifu"],"log":"|j|\u2606daunting david\n|j|\u2606swordsdanceurshifu\n|t:|1774869347\n|gametype|doubles\n|player|p1|daunting david|hilbert-wonderlauncher|1393\n|player|p2|swordsdanceurshifu|1|1400\n|gen|9\n|tier|[Gen 9] VGC 2026 Reg I\n|rated|\n|rule|Species Clause: Limit one of each Pok\u00e9mon\n|rule|Item Clause: Limit 1 of each item\n|clearpoke\n|poke|p1|Calyrex-Shadow, L50|\n|poke|p1|Miraidon, L50|\n|poke|p1|Grimmsnarl, L50, M|\n|poke|p1|Iron Jugulis, L50|\n|poke|p1|Iron Hands, L50|\n|poke|p1|Iron Treads, L50|\n|poke|p2|Miraidon, L50|\n|poke|p2|Iron Bundle, L50|\n|poke|p2|Koraidon, L50|\n|poke|p2|Toxapex, L50, F|\n|poke|p2|Incineroar, L50, M|\n|poke|p2|Landorus, L50, M|\n|teampreview|4\n|inactive|Battle timer is ON: inactive players will automatically lose when time's up. (requested by swordsdanceurshifu)\n|inactive|swordsdanceurshifu has 60 seconds left.\n|\n|t:|1774869394\n|teamsize|p1|4\n|teamsize|p2|4\n|start\n|switch|p1a: Miraidon|Miraidon, L50|100/100\n|switch|p1b: Grimmsnarl|Grimmsnarl, L50, M|100/100\n|switch|p2a: Miraidon|Miraidon, L50|100/100\n|switch|p2b: Incineroar|Incineroar, L50, M|100/100\n|-fieldstart|move: Electric Terrain|[from] ability: Hadron Engine|[of] p2a: Miraidon\n|-activate|p1a: Miraidon|ability: Hadron Engine\n|-ability|p2b: Incineroar|Intimidate|boost\n|-unboost|p1a: Miraidon|atk|1\n|-unboost|p1b: Grimmsnarl|atk|1\n|turn|1\n|inactive|daunting david has 30 seconds left.\n|inactive|daunting david has 20 seconds left.\n|\n|t:|1774869431\n|-terastallize|p1a: Miraidon|Fairy\n|move|p2b: Incineroar|Fake Out|p1a: Miraidon\n|-damage|p1a: Miraidon|92/100\n|move|p1b: Grimmsnarl|Light Screen|p1b: Grimmsnarl\n|-sidestart|p1: daunting david|move: Light Screen\n|move|p2a: Miraidon|Volt Switch|p1b: Grimmsnarl\n|-damage|p1b: Grimmsnarl|44/100\n|-damage|p2a: Miraidon|91/100|[from] item: Life Orb\n|\n|t:|1774869449\n|switch|p2a: Landorus|Landorus, L50, M|100/100|[from] Volt Switch\n|cant|p1a: Miraidon|flinch\n|\n|upkeep\n|turn|2\n|inactive|swordsdanceurshifu has 30 seconds left.\n|\n|t:|1774869479\n|move|p2a: Landorus|Sludge Bomb|p1a: Miraidon\n|-supereffective|p1a: Miraidon\n|-crit|p1a: Miraidon\n|-damage|p1a: Miraidon|4/100\n|move|p1a: Miraidon|Dazzling Gleam|p2b: Incineroar|[spread] p2a,p2b\n|-damage|p2a: Landorus|27/100\n|-damage|p2b: Incineroar|69/100\n|move|p1b: Grimmsnarl|Spirit Break|p2a: Landorus\n|-crit|p2a: Landorus\n|-damage|p2a: Landorus|0 fnt\n|faint|p2a: Landorus\n|move|p2b: Incineroar|U-turn|p1a: Miraidon\n|-resisted|p1a: Miraidon\n|-damage|p1a: Miraidon|0 fnt\n|faint|p1a: Miraidon\n|\n|t:|1774869491\n|switch|p2b: Miraidon|Miraidon, L50|91/100|[from] U-turn\n|-activate|p2b: Miraidon|ability: Hadron Engine\n|\n|upkeep\n|\n|t:|1774869500\n|switch|p1a: Calyrex|Calyrex-Shadow, L50|100/100\n|switch|p2a: Iron Bundle|Iron Bundle, L50|100/100\n|-ability|p1a: Calyrex|As One\n|-ability|p1a: Calyrex|Unnerve\n|-enditem|p1a: Calyrex|Electric Seed\n|-boost|p1a: Calyrex|def|1|[from] item: Electric Seed\n|-activate|p2a: Iron Bundle|ability: Quark Drive\n|-start|p2a: Iron Bundle|quarkdrivespe\n|turn|3\n|\n|t:|1774869517\n|move|p2a: Iron Bundle|Protect|p2a: Iron Bundle\n|-singleturn|p2a: Iron Bundle|Protect\n|move|p2b: Miraidon|Protect|p2b: Miraidon\n|-singleturn|p2b: Miraidon|Protect\n|move|p1b: Grimmsnarl|Thunder Wave|p2a: Iron Bundle\n|-activate|p2a: Iron Bundle|move: Protect\n|move|p1a: Calyrex|Astral Barrage|p2a: Iron Bundle|[spread] \n|-activate|p2a: Iron Bundle|move: Protect\n|-activate|p2b: Miraidon|move: Protect\n|\n|upkeep\n|turn|4\n|\n|t:|1774869529\n|-terastallize|p2b: Miraidon|Electric\n|move|p1b: Grimmsnarl|Thunder Wave|p2a: Iron Bundle\n|-status|p2a: Iron Bundle|par\n|move|p2b: Miraidon|Electro Drift|p1a: Calyrex\n|-damage|p1a: Calyrex|11/100\n|-damage|p2b: Miraidon|81/100|[from] item: Life Orb\n|move|p1a: Calyrex|Astral Barrage|p2a: Iron Bundle|[spread] p2a,p2b\n|-enditem|p2a: Iron Bundle|Focus Sash\n|-damage|p2a: Iron Bundle|1/100 par\n|-damage|p2b: Miraidon|37/100\n|move|p2a: Iron Bundle|Icy Wind|p1b: Grimmsnarl|[spread] p1a,p1b\n|-damage|p1a: Calyrex|0 fnt\n|-damage|p1b: Grimmsnarl|29/100\n|-unboost|p1b: Grimmsnarl|spe|1\n|faint|p1a: Calyrex\n|\n|upkeep\n|\n|t:|1774869537\n|switch|p1a: Iron Hands|Iron Hands, L50|100/100\n|-activate|p1a: Iron Hands|ability: Quark Drive\n|-start|p1a: Iron Hands|quarkdriveatk\n|turn|5\n|\n|t:|1774869559\n|move|p2b: Miraidon|Protect|p2b: Miraidon\n|-singleturn|p2b: Miraidon|Protect\n|move|p1a: Iron Hands|Fake Out|p2b: Miraidon\n|-activate|p2b: Miraidon|move: Protect\n|move|p2a: Iron Bundle|Encore|p1a: Iron Hands\n|-start|p1a: Iron Hands|Encore\n|move|p1b: Grimmsnarl|Spirit Break|p2b: Miraidon\n|-activate|p2b: Miraidon|move: Protect\n|\n|-fieldend|move: Electric Terrain\n|-end|p2a: Iron Bundle|Quark Drive\n|-end|p1a: Iron Hands|Quark Drive\n|upkeep\n|turn|6\n|\n|t:|1774869572\n|move|p1a: Iron Hands|Fake Out||[still]\n|-hint|Fake Out only works on your first turn out.\n|-fail|p1a: Iron Hands\n|move|p2b: Miraidon|Volt Switch|p1b: Grimmsnarl\n|-damage|p1b: Grimmsnarl|0 fnt\n|faint|p1b: Grimmsnarl\n|-damage|p2b: Miraidon|27/100|[from] item: Life Orb\n|-message|daunting david forfeited.\n|\n|win|swordsdanceurshifu\n|raw|daunting david's rating: 1393 &rarr; <strong>1373</strong><br />(-20 for losing)\n|raw|swordsdanceurshifu's rating: 1400 &rarr; <strong>1420</strong><br />(+20 for winning)\n|l|\u2606daunting david\n|player|p1|\n","uploadtime":1774869581,"views":13,"formatid":"gen9vgc2026regi","rating":1373,"private":0,"password":null}