{"id":"gen9vgc2026regi-2576512029","format":"[Gen 9] VGC 2026 Reg I","players":["henitusec","TheNamesBetty"],"log":"|j|\u2606henitusec\n|j|\u2606TheNamesBetty\n|t:|1775483269\n|gametype|doubles\n|player|p1|henitusec|diantha|1372\n|player|p2|TheNamesBetty|koga|1453\n|gen|9\n|tier|[Gen 9] VGC 2026 Reg I\n|rated|\n|rule|Species Clause: Limit one of each Pok\u00e9mon\n|rule|Item Clause: Limit 1 of each item\n|clearpoke\n|poke|p1|Calyrex-Shadow, L50|\n|poke|p1|Zamazenta-*, L50|\n|poke|p1|Chien-Pao, L50|\n|poke|p1|Dragonite, L50, M|\n|poke|p1|Raging Bolt, L50|\n|poke|p1|Amoonguss, L50, F|\n|poke|p2|Koraidon, L50|\n|poke|p2|Calyrex-Shadow, L50|\n|poke|p2|Tornadus, L50, M|\n|poke|p2|Chi-Yu, L50|\n|poke|p2|Clefairy, L50, M|\n|poke|p2|Dewgong, L50, F|\n|teampreview|4\n|inactive|Battle timer is ON: inactive players will automatically lose when time's up. (requested by henitusec)\nhenitusec rejected open team sheets.\n|\n|t:|1775483296\n|teamsize|p1|4\n|teamsize|p2|4\n|start\n|switch|p1a: PinkPonyClub|Calyrex-Shadow, L50|100/100\n|switch|p1b: protec|Zamazenta-Crowned, L50|100/100\n|switch|p2a: Ch\u010di-ju|Chi-Yu, L50, shiny|100/100\n|switch|p2b: Koloto\u010d|Clefairy, L50, M|100/100\n|-ability|p1a: PinkPonyClub|As One\n|-ability|p1a: PinkPonyClub|Unnerve\n|-ability|p2a: Ch\u010di-ju|Beads of Ruin\n|-ability|p1b: protec|Dauntless Shield|boost\n|-boost|p1b: protec|def|1\n|turn|1\n|\n|t:|1775483320\n|move|p1b: protec|Protect|p1b: protec\n|-singleturn|p1b: protec|Protect\n|move|p2b: Koloto\u010d|Protect|p2b: Koloto\u010d\n|-singleturn|p2b: Koloto\u010d|Protect\n|move|p2a: Ch\u010di-ju|Overheat|p1b: protec\n|-activate|p1b: protec|move: Protect\n|move|p1a: PinkPonyClub|Astral Barrage|p2a: Ch\u010di-ju|[spread] p2a\n|-activate|p2b: Koloto\u010d|move: Protect\n|-resisted|p2a: Ch\u010di-ju\n|-damage|p2a: Ch\u010di-ju|78/100\n|\n|upkeep\n|turn|2\n|\n|t:|1775483345\n|-terastallize|p1b: protec|Dragon\n|move|p2b: Koloto\u010d|Helping Hand|p2a: Ch\u010di-ju\n|-singleturn|p2a: Ch\u010di-ju|Helping Hand|[of] p2b: Koloto\u010d\n|move|p2a: Ch\u010di-ju|Overheat|p1b: protec\n|-resisted|p1b: protec\n|-damage|p1b: protec|52/100\n|-unboost|p2a: Ch\u010di-ju|spa|2\n|move|p1a: PinkPonyClub|Astral Barrage|p2b: Koloto\u010d|[spread] p2a,p2b\n|-resisted|p2a: Ch\u010di-ju\n|-damage|p2a: Ch\u010di-ju|56/100\n|-damage|p2b: Koloto\u010d|36/100\n|move|p1b: protec|Heavy Slam|p2b: Koloto\u010d\n|-supereffective|p2b: Koloto\u010d\n|-damage|p2b: Koloto\u010d|0 fnt\n|faint|p2b: Koloto\u010d\n|\n|upkeep\n|\n|t:|1775483367\n|switch|p2b: Kedluben|Calyrex-Shadow, L50|100/100\n|-ability|p2b: Kedluben|As One\n|-ability|p2b: Kedluben|Unnerve\n|turn|3\n|\n|t:|1775483372\n|-terastallize|p2b: Kedluben|Dark\n|move|p1b: protec|Wide Guard|p1b: protec\n|-singleturn|p1b: protec|Wide Guard\n|move|p2a: Ch\u010di-ju|Overheat|p1a: PinkPonyClub\n|-damage|p1a: PinkPonyClub|52/100\n|-unboost|p2a: Ch\u010di-ju|spa|2\n|move|p2b: Kedluben|Astral Barrage|p1b: protec|[spread] \n|-activate|p1a: PinkPonyClub|move: Wide Guard\n|-activate|p1b: protec|move: Wide Guard\n|move|p1a: PinkPonyClub|Astral Barrage|p2b: Kedluben|[spread] p2a,p2b\n|-resisted|p2a: Ch\u010di-ju\n|-resisted|p2b: Kedluben\n|-damage|p2a: Ch\u010di-ju|21/100\n|-damage|p2b: Kedluben|63/100\n|\n|upkeep\n|turn|4\n|\n|t:|1775483393\n|switch|p2a: Jan\u017di\u017ekaZTrocnova|Koraidon, L50|100/100\n|-weather|SunnyDay|[from] ability: Orichalcum Pulse|[of] p2a: Jan\u017di\u017ekaZTrocnova\n|-activate|p2a: Jan\u017di\u017ekaZTrocnova|Orichalcum Pulse|[source]\n|move|p1a: PinkPonyClub|Protect|p1a: PinkPonyClub\n|-singleturn|p1a: PinkPonyClub|Protect\n|move|p2b: Kedluben|Astral Barrage|p1b: protec|[spread] p1b\n|-activate|p1a: PinkPonyClub|move: Protect\n|-damage|p1b: protec|7/100\n|-damage|p2b: Kedluben|54/100|[from] item: Life Orb\n|move|p1b: protec|Body Press|p2b: Kedluben\n|-supereffective|p2b: Kedluben\n|-damage|p2b: Kedluben|0 fnt\n|faint|p2b: Kedluben\n|\n|-weather|SunnyDay|[upkeep]\n|upkeep\n|\n|t:|1775483402\n|switch|p2b: Ch\u010di-ju|Chi-Yu, L50, shiny|21/100\n|-ability|p2b: Ch\u010di-ju|Beads of Ruin\n|turn|5\n|\n|t:|1775483419\n|move|p1b: protec|Wide Guard|p1b: protec\n|-singleturn|p1b: protec|Wide Guard\n|move|p2b: Ch\u010di-ju|Dark Pulse|p1a: PinkPonyClub\n|-supereffective|p1a: PinkPonyClub\n|-damage|p1a: PinkPonyClub|0 fnt\n|faint|p1a: PinkPonyClub\n|move|p2a: Jan\u017di\u017ekaZTrocnova|Flame Charge|p1b: protec\n|-resisted|p1b: protec\n|-damage|p1b: protec|0 fnt\n|-boost|p2a: Jan\u017di\u017ekaZTrocnova|spe|1\n|faint|p1b: protec\n|\n|-weather|SunnyDay|[upkeep]\n|upkeep\n|\n|t:|1775483425\n|switch|p1a: night|Dragonite, L50, M|100/100\n|switch|p1b: tera ghost|Chien-Pao, L50|100/100\n|-ability|p1b: tera ghost|Sword of Ruin\n|turn|6\n|\n|t:|1775483444\n|move|p1a: night|Extreme Speed|p2a: Jan\u017di\u017ekaZTrocnova\n|-damage|p2a: Jan\u017di\u017ekaZTrocnova|53/100\n|move|p1b: tera ghost|Sucker Punch|p2b: Ch\u010di-ju\n|-resisted|p2b: Ch\u010di-ju\n|-damage|p2b: Ch\u010di-ju|0 fnt\n|faint|p2b: Ch\u010di-ju\n|move|p2a: Jan\u017di\u017ekaZTrocnova|Flame Charge|p1b: tera ghost\n|-supereffective|p1b: tera ghost\n|-damage|p1b: tera ghost|0 fnt\n|-boost|p2a: Jan\u017di\u017ekaZTrocnova|spe|1\n|faint|p1b: tera ghost\n|\n|-weather|SunnyDay|[upkeep]\n|upkeep\n|turn|7\n|\n|t:|1775483454\n|move|p2a: Jan\u017di\u017ekaZTrocnova|Protect|p2a: Jan\u017di\u017ekaZTrocnova\n|-singleturn|p2a: Jan\u017di\u017ekaZTrocnova|Protect\n|move|p1a: night|Extreme Speed|p2a: Jan\u017di\u017ekaZTrocnova\n|-activate|p2a: Jan\u017di\u017ekaZTrocnova|move: Protect\n|\n|-weather|SunnyDay|[upkeep]\n|upkeep\n|turn|8\n|\n|t:|1775483475\n|move|p2a: Jan\u017di\u017ekaZTrocnova|Protect||[still]\n|-fail|p2a: Jan\u017di\u017ekaZTrocnova\n|move|p1a: night|Extreme Speed|p2a: Jan\u017di\u017ekaZTrocnova\n|-damage|p2a: Jan\u017di\u017ekaZTrocnova|18/100\n|\n|-weather|none\n|upkeep\n|turn|9\n|\n|t:|1775483482\n|move|p2a: Jan\u017di\u017ekaZTrocnova|Protect|p2a: Jan\u017di\u017ekaZTrocnova\n|-singleturn|p2a: Jan\u017di\u017ekaZTrocnova|Protect\n|move|p1a: night|Extreme Speed|p2a: Jan\u017di\u017ekaZTrocnova\n|-activate|p2a: Jan\u017di\u017ekaZTrocnova|move: Protect\n|\n|upkeep\n|turn|10\n|\n|t:|1775483484\n|move|p2a: Jan\u017di\u017ekaZTrocnova|Protect||[still]\n|-fail|p2a: Jan\u017di\u017ekaZTrocnova\n|move|p1a: night|Extreme Speed|p2a: Jan\u017di\u017ekaZTrocnova\n|-damage|p2a: Jan\u017di\u017ekaZTrocnova|0 fnt\n|faint|p2a: Jan\u017di\u017ekaZTrocnova\n|\n|win|henitusec\n|raw|henitusec's rating: 1372 &rarr; <strong>1397</strong><br />(+25 for winning)\n|raw|TheNamesBetty's rating: 1453 &rarr; <strong>1428</strong><br />(-25 for losing)\n","uploadtime":1775483486,"views":7,"formatid":"gen9vgc2026regi","rating":1397,"private":0,"password":null}