{"id":"gen9vgc2026regi-2584603956","format":"[Gen 9] VGC 2026 Reg I","players":["Simon0123","SmellYaLadder"],"log":"|j|\u2606Simon0123\n|j|\u2606SmellYaLadder\n|t:|1776271557\n|gametype|doubles\n|player|p1|Simon0123|benga|1545\n|player|p2|SmellYaLadder|blue-gen2|1431\n|gen|9\n|tier|[Gen 9] VGC 2026 Reg I\n|rated|\n|rule|Species Clause: Limit one of each Pok\u00e9mon\n|rule|Item Clause: Limit 1 of each item\n|clearpoke\n|poke|p1|Zacian-*, L50|\n|poke|p1|Kyogre, L50|\n|poke|p1|Tornadus, L50, M|\n|poke|p1|Urshifu-*, L50, F|\n|poke|p1|Incineroar, L50, F|\n|poke|p1|Rillaboom, L50, M|\n|poke|p2|Miraidon, L50|\n|poke|p2|Zoroark-Hisui, L50, M|\n|poke|p2|Iron Hands, L50|\n|poke|p2|Calyrex-Ice, L50|\n|poke|p2|Farigiraf, L50, F|\n|poke|p2|Ursaluna, L50, M|\n|teampreview|4\n|inactive|Battle timer is ON: inactive players will automatically lose when time's up. (requested by Simon0123)\n|inactive|Simon0123 has 60 seconds left.\n|inactive|SmellYaLadder has 60 seconds left.\n|\n|t:|1776271596\n|teamsize|p1|4\n|teamsize|p2|4\n|start\n|switch|p1a: Tornadus|Tornadus, L50, M, shiny|100/100\n|switch|p1b: Kyogre|Kyogre, L50, shiny|100/100\n|switch|p2a: KolejYesterday|Miraidon, L50|100/100\n|switch|p2b: DvaRychl\u00fdVlaky|Iron Hands, L50|100/100\n|-fieldstart|move: Electric Terrain|[from] ability: Hadron Engine|[of] p2a: KolejYesterday\n|-activate|p2b: DvaRychl\u00fdVlaky|ability: Quark Drive\n|-start|p2b: DvaRychl\u00fdVlaky|quarkdriveatk\n|-weather|RainDance|[from] ability: Drizzle|[of] p1b: Kyogre\n|turn|1\n|inactive|SmellYaLadder has 30 seconds left.\n|\n|t:|1776271625\n|move|p1a: Tornadus|Protect|p1a: Tornadus\n|-singleturn|p1a: Tornadus|Protect\n|move|p1b: Kyogre|Protect|p1b: Kyogre\n|-singleturn|p1b: Kyogre|Protect\n|move|p2b: DvaRychl\u00fdVlaky|Fake Out|p1a: Tornadus\n|-activate|p1a: Tornadus|move: Protect\n|move|p2a: KolejYesterday|Snarl|p1b: Kyogre|[spread] \n|-activate|p1a: Tornadus|move: Protect\n|-activate|p1b: Kyogre|move: Protect\n|\n|-weather|RainDance|[upkeep]\n|upkeep\n|turn|2\n|\n|t:|1776271641\n|move|p1a: Tornadus|Tailwind|p1a: Tornadus\n|-sidestart|p1: Simon0123|move: Tailwind\n|move|p2a: KolejYesterday|Snarl|p1a: Tornadus|[spread] p1a,p1b\n|-damage|p1a: Tornadus|73/100\n|-damage|p1b: Kyogre|86/100\n|-unboost|p1a: Tornadus|spa|1\n|-unboost|p1b: Kyogre|spa|1\n|move|p1b: Kyogre|Water Spout|p2b: DvaRychl\u00fdVlaky|[spread] p2a,p2b\n|-resisted|p2a: KolejYesterday\n|-damage|p2a: KolejYesterday|70/100\n|-damage|p2b: DvaRychl\u00fdVlaky|56/100\n|move|p2b: DvaRychl\u00fdVlaky|Wild Charge|p1b: Kyogre\n|-supereffective|p1b: Kyogre\n|-damage|p1b: Kyogre|0 fnt\n|faint|p1b: Kyogre\n|-damage|p2b: DvaRychl\u00fdVlaky|42/100|[from] Recoil\n|\n|-weather|RainDance|[upkeep]\n|upkeep\n|\n|t:|1776271657\n|switch|p1b: Zacian|Zacian-Crowned, L50, shiny|100/100\n|-ability|p1b: Zacian|Intrepid Sword|boost\n|-boost|p1b: Zacian|atk|1\n|turn|3\n|\n|t:|1776271682\n|switch|p1a: Incineroar|Incineroar, L50, F, shiny|100/100\n|-ability|p1a: Incineroar|Intimidate|boost\n|-unboost|p2a: KolejYesterday|atk|1\n|-unboost|p2b: DvaRychl\u00fdVlaky|atk|1\n|switch|p2a: \u010cernejPasa\u017e\u00e9r|Farigiraf, L50, F|100/100\n|-enditem|p2a: \u010cernejPasa\u017e\u00e9r|Electric Seed\n|-boost|p2a: \u010cernejPasa\u017e\u00e9r|def|1|[from] item: Electric Seed\n|move|p1b: Zacian|Play Rough|p2b: DvaRychl\u00fdVlaky\n|-supereffective|p2b: DvaRychl\u00fdVlaky\n|-damage|p2b: DvaRychl\u00fdVlaky|0 fnt\n|faint|p2b: DvaRychl\u00fdVlaky\n|-end|p2b: DvaRychl\u00fdVlaky|Quark Drive|[silent]\n|\n|-weather|RainDance|[upkeep]\n|upkeep\n|\n|t:|1776271695\n|switch|p2b: Vlakem Na Kol\u00edn|Calyrex-Ice, L50|100/100\n|-ability|p2b: Vlakem Na Kol\u00edn|As One\n|-ability|p2b: Vlakem Na Kol\u00edn|Unnerve\n|turn|4\n|inactive|Simon0123 has 30 seconds left.\n|\n|t:|1776271724\n|-terastallize|p2b: Vlakem Na Kol\u00edn|Water\n|move|p1b: Zacian|Behemoth Blade|p2b: Vlakem Na Kol\u00edn\n|-resisted|p2b: Vlakem Na Kol\u00edn\n|-damage|p2b: Vlakem Na Kol\u00edn|80/100\n|move|p1a: Incineroar|Knock Off|p2a: \u010cernejPasa\u017e\u00e9r\n|-supereffective|p2a: \u010cernejPasa\u017e\u00e9r\n|-damage|p2a: \u010cernejPasa\u017e\u00e9r|63/100\n|move|p2a: \u010cernejPasa\u017e\u00e9r|Foul Play|p1b: Zacian\n|-resisted|p1b: Zacian\n|-damage|p1b: Zacian|78/100\n|move|p2b: Vlakem Na Kol\u00edn|Trick Room|p2b: Vlakem Na Kol\u00edn\n|-fieldstart|move: Trick Room|[of] p2b: Vlakem Na Kol\u00edn\n|\n|-weather|RainDance|[upkeep]\n|-heal|p2b: Vlakem Na Kol\u00edn|86/100|[from] item: Leftovers\n|upkeep\n|turn|5\n|\n|t:|1776271746\n|move|p1b: Zacian|Protect|p1b: Zacian\n|-singleturn|p1b: Zacian|Protect\n|move|p2b: Vlakem Na Kol\u00edn|Leech Seed|p1b: Zacian\n|-activate|p1b: Zacian|move: Protect\n|move|p2a: \u010cernejPasa\u017e\u00e9r|Psychic|p1b: Zacian\n|-activate|p1b: Zacian|move: Protect\n|move|p1a: Incineroar|Parting Shot|p2b: Vlakem Na Kol\u00edn\n|-unboost|p2b: Vlakem Na Kol\u00edn|atk|1\n|-unboost|p2b: Vlakem Na Kol\u00edn|spa|1\n|\n|t:|1776271756\n|switch|p1a: Tornadus|Tornadus, L50, M, shiny|73/100|[from] Parting Shot\n|\n|-weather|none\n|-heal|p2b: Vlakem Na Kol\u00edn|91/100|[from] item: Leftovers\n|-sideend|p1: Simon0123|move: Tailwind\n|-fieldend|move: Electric Terrain\n|upkeep\n|turn|6\n|\n|t:|1776271773\n|switch|p1a: Incineroar|Incineroar, L50, F, shiny|100/100\n|-ability|p1a: Incineroar|Intimidate|boost\n|-unboost|p2a: \u010cernejPasa\u017e\u00e9r|atk|1\n|-unboost|p2b: Vlakem Na Kol\u00edn|atk|1\n|move|p2b: Vlakem Na Kol\u00edn|Glacial Lance|p1a: Incineroar|[spread] p1a,p1b\n|-resisted|p1a: Incineroar\n|-resisted|p1b: Zacian\n|-damage|p1a: Incineroar|91/100\n|-damage|p1b: Zacian|66/100\n|move|p2a: \u010cernejPasa\u017e\u00e9r|Psychic|p1b: Zacian\n|-resisted|p1b: Zacian\n|-damage|p1b: Zacian|52/100\n|move|p1b: Zacian|Play Rough|p2b: Vlakem Na Kol\u00edn\n|-damage|p2b: Vlakem Na Kol\u00edn|56/100\n|\n|-heal|p2b: Vlakem Na Kol\u00edn|62/100|[from] item: Leftovers\n|upkeep\n|turn|7\n|\n|t:|1776271797\n|move|p1b: Zacian|Protect|p1b: Zacian\n|-singleturn|p1b: Zacian|Protect\n|move|p1a: Incineroar|Flare Blitz|p2a: \u010cernejPasa\u017e\u00e9r\n|-damage|p2a: \u010cernejPasa\u017e\u00e9r|29/100\n|-damage|p1a: Incineroar|78/100|[from] Recoil\n|move|p2b: Vlakem Na Kol\u00edn|Trick Room|p2b: Vlakem Na Kol\u00edn\n|-fieldend|move: Trick Room\n|move|p2a: \u010cernejPasa\u017e\u00e9r|Trick Room|p2a: \u010cernejPasa\u017e\u00e9r\n|-fieldstart|move: Trick Room|[of] p2a: \u010cernejPasa\u017e\u00e9r\n|\n|-heal|p2b: Vlakem Na Kol\u00edn|68/100|[from] item: Leftovers\n|upkeep\n|turn|8\n|\n|t:|1776271817\n|move|p2b: Vlakem Na Kol\u00edn|Leech Seed|p1b: Zacian|[miss]\n|-miss|p2b: Vlakem Na Kol\u00edn|p1b: Zacian\n|move|p2a: \u010cernejPasa\u017e\u00e9r|Foul Play|p1a: Incineroar\n|-resisted|p1a: Incineroar\n|-damage|p1a: Incineroar|68/100\n|move|p1a: Incineroar|Parting Shot|p2b: Vlakem Na Kol\u00edn\n|-unboost|p2b: Vlakem Na Kol\u00edn|atk|1\n|-unboost|p2b: Vlakem Na Kol\u00edn|spa|1\n|\n|t:|1776271825\n|switch|p1a: Tornadus|Tornadus, L50, M, shiny|73/100|[from] Parting Shot\n|move|p1b: Zacian|Behemoth Blade|p2a: \u010cernejPasa\u017e\u00e9r\n|-damage|p2a: \u010cernejPasa\u017e\u00e9r|0 fnt\n|faint|p2a: \u010cernejPasa\u017e\u00e9r\n|\n|-heal|p2b: Vlakem Na Kol\u00edn|73/100|[from] item: Leftovers\n|upkeep\n|\n|t:|1776271834\n|switch|p2a: KolejYesterday|Miraidon, L50|70/100\n|-fieldstart|move: Electric Terrain|[from] ability: Hadron Engine|[of] p2a: KolejYesterday\n|turn|9\n|\n|t:|1776271859\n|move|p1a: Tornadus|Protect|p1a: Tornadus\n|-singleturn|p1a: Tornadus|Protect\n|move|p2b: Vlakem Na Kol\u00edn|Leech Seed|p1b: Zacian\n|-start|p1b: Zacian|move: Leech Seed\n|move|p1b: Zacian|Play Rough|p2a: KolejYesterday\n|-supereffective|p2a: KolejYesterday\n|-damage|p2a: KolejYesterday|0 fnt\n|faint|p2a: KolejYesterday\n|\n|-heal|p2b: Vlakem Na Kol\u00edn|79/100|[from] item: Leftovers\n|-damage|p1b: Zacian|40/100|[from] Leech Seed|[of] p2b: Vlakem Na Kol\u00edn\n|-heal|p2b: Vlakem Na Kol\u00edn|90/100|[silent]\n|upkeep\n|turn|10\n|inactive|Simon0123 has 30 seconds left.\n|\n|t:|1776271886\n|switch|p1b: Incineroar|Incineroar, L50, F, shiny|68/100\n|-ability|p1b: Incineroar|Intimidate|boost\n|-unboost|p2b: Vlakem Na Kol\u00edn|atk|1\n|move|p2b: Vlakem Na Kol\u00edn|Leech Seed|p1a: Tornadus\n|-start|p1a: Tornadus|move: Leech Seed\n|move|p1a: Tornadus|Bleakwind Storm|p2b: Vlakem Na Kol\u00edn|[miss]\n|-miss|p1a: Tornadus|p2b: Vlakem Na Kol\u00edn\n|\n|-heal|p2b: Vlakem Na Kol\u00edn|96/100|[from] item: Leftovers\n|-damage|p1a: Tornadus|60/100|[from] Leech Seed|[of] p2b: Vlakem Na Kol\u00edn\n|-heal|p2b: Vlakem Na Kol\u00edn|100/100|[silent]\n|upkeep\n|turn|11\n|\n|t:|1776271903\n|switch|p1a: Zacian|Zacian-Crowned, L50, shiny|40/100\n|move|p2b: Vlakem Na Kol\u00edn|Protect|p2b: Vlakem Na Kol\u00edn\n|-singleturn|p2b: Vlakem Na Kol\u00edn|Protect\n|move|p1b: Incineroar|Fake Out|p2b: Vlakem Na Kol\u00edn\n|-activate|p2b: Vlakem Na Kol\u00edn|move: Protect\n|\n|-fieldend|move: Trick Room\n|upkeep\n|turn|12\n|\n|t:|1776271914\n|move|p1a: Zacian|Play Rough|p2b: Vlakem Na Kol\u00edn\n|-damage|p2b: Vlakem Na Kol\u00edn|73/100\n|move|p1b: Incineroar|Knock Off|p2b: Vlakem Na Kol\u00edn\n|-damage|p2b: Vlakem Na Kol\u00edn|57/100\n|-enditem|p2b: Vlakem Na Kol\u00edn|Leftovers|[from] move: Knock Off|[of] p1b: Incineroar\n|move|p2b: Vlakem Na Kol\u00edn|Trick Room|p2b: Vlakem Na Kol\u00edn\n|-fieldstart|move: Trick Room|[of] p2b: Vlakem Na Kol\u00edn\n|\n|upkeep\n|turn|13\n|\n|t:|1776271929\n|move|p2b: Vlakem Na Kol\u00edn|Leech Seed|p1b: Incineroar\n|-start|p1b: Incineroar|move: Leech Seed\n|move|p1b: Incineroar|Knock Off|p2b: Vlakem Na Kol\u00edn\n|-crit|p2b: Vlakem Na Kol\u00edn\n|-damage|p2b: Vlakem Na Kol\u00edn|36/100\n|move|p1a: Zacian|Play Rough|p2b: Vlakem Na Kol\u00edn\n|-damage|p2b: Vlakem Na Kol\u00edn|11/100\n|\n|-damage|p1b: Incineroar|56/100|[from] Leech Seed|[of] p2b: Vlakem Na Kol\u00edn\n|-heal|p2b: Vlakem Na Kol\u00edn|23/100|[silent]\n|-fieldend|move: Electric Terrain\n|upkeep\n|turn|14\n|\n|t:|1776271941\n|switch|p1b: Tornadus|Tornadus, L50, M, shiny|60/100\n|move|p2b: Vlakem Na Kol\u00edn|Leech Seed|p1a: Zacian\n|-start|p1a: Zacian|move: Leech Seed\n|move|p1a: Zacian|Play Rough|p2b: Vlakem Na Kol\u00edn\n|-damage|p2b: Vlakem Na Kol\u00edn|0 fnt\n|faint|p2b: Vlakem Na Kol\u00edn\n|\n|win|Simon0123\n|raw|Simon0123's rating: 1545 &rarr; <strong>1559</strong><br />(+14 for winning)\n|raw|SmellYaLadder's rating: 1431 &rarr; <strong>1417</strong><br />(-14 for losing)\n|c|\u2606Simon0123|So heavy\n|c|\u2606Simon0123|Bye\n|c|\u2606Simon0123|Noob\n|c|\u2606SmellYaLadder|yeah\n|c|\u2606SmellYaLadder|lol\n|c|\u2606SmellYaLadder|bye\n|c|\u2606SmellYaLadder|cool\n|c|\u2606Simon0123|Bye bye\n|c|\u2606Simon0123|Kid\n","uploadtime":1776271970,"views":9,"formatid":"gen9vgc2026regi","rating":1417,"private":0,"password":null}