{"id":"gen9vgc2026regi-2576583492","format":"[Gen 9] VGC 2026 Reg I","players":["lctrem","Mirthinion"],"log":"|j|\u2606lctrem\n|j|\u2606Mirthinion\n|t:|1775489626\n|gametype|doubles\n|player|p1|lctrem|ghetsis-gen5bw|1565\n|player|p2|Mirthinion|janitor|1476\n|gen|9\n|tier|[Gen 9] VGC 2026 Reg I\n|rated|\n|rule|Species Clause: Limit one of each Pok\u00e9mon\n|rule|Item Clause: Limit 1 of each item\n|clearpoke\n|poke|p1|Calyrex-Shadow, L50|\n|poke|p1|Terapagos, L50, M|\n|poke|p1|Incineroar, L50, M|\n|poke|p1|Ogerpon-Cornerstone, L50, F|\n|poke|p1|Rillaboom, L50, M|\n|poke|p1|Amoonguss, L50, F|\n|poke|p2|Calyrex-Shadow, L50|\n|poke|p2|Zamazenta-*, L50|\n|poke|p2|Urshifu-*, L50, M|\n|poke|p2|Incineroar, L50, M|\n|poke|p2|Rillaboom, L50, M|\n|poke|p2|Tornadus, L50, M|\n|teampreview|4\n|inactive|Battle timer is ON: inactive players will automatically lose when time's up. (requested by Mirthinion)\nMirthinion rejected open team sheets.\n|inactive|lctrem has 60 seconds left.\n|inactive|Mirthinion has 60 seconds left.\n|\n|t:|1775489664\n|teamsize|p1|4\n|teamsize|p2|4\n|start\n|switch|p1a: Terapagos|Terapagos, L50, M|100/100\n|switch|p1b: Incineroar|Incineroar, L50, M|100/100\n|switch|p2a: Vangwe|Tornadus, L50, M|100/100\n|switch|p2b: Beowulf|Urshifu-Rapid-Strike, L50, M|100/100\n|-activate|p1a: Terapagos|ability: Tera Shift\n|detailschange|p1a: Terapagos|Terapagos-Terastal, L50, M\n|-heal|p1a: Terapagos|100/100|[silent]\n|-ability|p1b: Incineroar|Intimidate|boost\n|-unboost|p2a: Vangwe|atk|1\n|-unboost|p2b: Beowulf|atk|1\n|turn|1\n|\n|t:|1775489682\n|-terastallize|p2b: Beowulf|Ghost\n|move|p1b: Incineroar|Fake Out|p2b: Beowulf\n|-immune|p2b: Beowulf\n|move|p2a: Vangwe|Tailwind|p2a: Vangwe\n|-sidestart|p2: Mirthinion|move: Tailwind\n|move|p2b: Beowulf|Surging Strikes|p1a: Terapagos\n|-activate|p1a: Terapagos|ability: Tera Shell\n|-resisted|p1a: Terapagos\n|-crit|p1a: Terapagos\n|-damage|p1a: Terapagos|88/100\n|-resisted|p1a: Terapagos\n|-crit|p1a: Terapagos\n|-damage|p1a: Terapagos|75/100\n|-resisted|p1a: Terapagos\n|-crit|p1a: Terapagos\n|-damage|p1a: Terapagos|64/100\n|-hitcount|p1a: Terapagos|3\n|move|p1a: Terapagos|Calm Mind|p1a: Terapagos\n|-boost|p1a: Terapagos|spa|1\n|-boost|p1a: Terapagos|spd|1\n|\n|-heal|p1a: Terapagos|70/100|[from] item: Leftovers\n|upkeep\n|turn|2\n|inactive|lctrem has 30 seconds left.\n|inactive|lctrem has 20 seconds left.\n|\n|t:|1775489718\n|-terastallize|p1a: Terapagos|Stellar\n|detailschange|p1a: Terapagos|Terapagos-Stellar, L50, M, tera:Stellar\n|-heal|p1a: Terapagos|78/100|[silent]\n|move|p2a: Vangwe|Rain Dance|p2a: Vangwe\n|-weather|RainDance\n|move|p2b: Beowulf|Surging Strikes|p1a: Terapagos\n|-crit|p1a: Terapagos\n|-damage|p1a: Terapagos|51/100\n|-crit|p1a: Terapagos\n|-damage|p1a: Terapagos|23/100\n|-crit|p1a: Terapagos\n|-damage|p1a: Terapagos|0 fnt\n|faint|p1a: Terapagos\n|detailschange|p1: Terapagos|Terapagos, L50, M|[silent]\n|-hitcount|p1: Terapagos|3\n|move|p1b: Incineroar|Parting Shot|p2a: Vangwe\n|-unboost|p2a: Vangwe|atk|1\n|-unboost|p2a: Vangwe|spa|1\n|\n|t:|1775489731\n|switch|p1b: Calyrex|Calyrex-Shadow, L50|100/100|[from] Parting Shot\n|-ability|p1b: Calyrex|As One\n|-ability|p1b: Calyrex|Unnerve\n|\n|-weather|RainDance|[upkeep]\n|upkeep\n|\n|t:|1775489733\n|switch|p1a: Amoonguss|Amoonguss, L50, F|100/100\n|turn|3\n|\n|t:|1775489749\n|switch|p2b: Mithrandir|Calyrex-Shadow, L50|100/100\n|-ability|p2b: Mithrandir|As One\n|-ability|p2b: Mithrandir|Unnerve\n|move|p1a: Amoonguss|Rage Powder|p1a: Amoonguss\n|-singleturn|p1a: Amoonguss|move: Rage Powder\n|move|p2a: Vangwe|Taunt|p1a: Amoonguss\n|-start|p1a: Amoonguss|move: Taunt\n|move|p1b: Calyrex|Astral Barrage|p2a: Vangwe|[spread] p2a,p2b\n|-supereffective|p2b: Mithrandir\n|-damage|p2a: Vangwe|39/100\n|-enditem|p2b: Mithrandir|Focus Sash\n|-damage|p2b: Mithrandir|1/100\n|\n|-weather|RainDance|[upkeep]\n|upkeep\n|turn|4\n|\n|t:|1775489767\n|move|p1b: Calyrex|Protect|p1b: Calyrex\n|-singleturn|p1b: Calyrex|Protect\n|move|p2b: Mithrandir|Astral Barrage|p1a: Amoonguss|[spread] p1a\n|-activate|p1b: Calyrex|move: Protect\n|-damage|p1a: Amoonguss|61/100\n|move|p2a: Vangwe|Bleakwind Storm|p1a: Amoonguss|[spread] p1a\n|-activate|p1b: Calyrex|move: Protect\n|-supereffective|p1a: Amoonguss\n|-damage|p1a: Amoonguss|24/100\n|move|p1a: Amoonguss|Pollen Puff|p2b: Mithrandir\n|-damage|p2b: Mithrandir|0 fnt\n|faint|p2b: Mithrandir\n|\n|-weather|RainDance|[upkeep]\n|-sideend|p2: Mirthinion|move: Tailwind\n|upkeep\n|\n|t:|1775489783\n|switch|p2b: Beowulf|Urshifu-Rapid-Strike, L50, M, tera:Ghost|100/100\n|turn|5\n|\n|t:|1775489788\n|switch|p1a: Incineroar|Incineroar, L50, M|100/100\n|-ability|p1a: Incineroar|Intimidate|boost\n|-unboost|p2a: Vangwe|atk|1\n|-unboost|p2b: Beowulf|atk|1\n|move|p2a: Vangwe|Tailwind|p2a: Vangwe\n|-sidestart|p2: Mirthinion|move: Tailwind\n|move|p2b: Beowulf|Surging Strikes|p1b: Calyrex\n|-crit|p1b: Calyrex\n|-damage|p1b: Calyrex|42/100\n|-crit|p1b: Calyrex\n|-damage|p1b: Calyrex|0 fnt\n|faint|p1b: Calyrex\n|-hitcount|p1: Calyrex|2\n|\n|-weather|RainDance|[upkeep]\n|upkeep\n|\n|t:|1775489801\n|switch|p1b: Amoonguss|Amoonguss, L50, F|58/100\n|turn|6\n|\n|t:|1775489807\n|move|p1b: Amoonguss|Rage Powder|p1b: Amoonguss\n|-singleturn|p1b: Amoonguss|move: Rage Powder\n|move|p2b: Beowulf|Surging Strikes|p1b: Amoonguss\n|-resisted|p1b: Amoonguss\n|-crit|p1b: Amoonguss\n|-damage|p1b: Amoonguss|38/100\n|-damage|p2b: Beowulf|84/100|[from] item: Rocky Helmet|[of] p1b: Amoonguss\n|-resisted|p1b: Amoonguss\n|-crit|p1b: Amoonguss\n|-damage|p1b: Amoonguss|19/100\n|-damage|p2b: Beowulf|68/100|[from] item: Rocky Helmet|[of] p1b: Amoonguss\n|-resisted|p1b: Amoonguss\n|-crit|p1b: Amoonguss\n|-damage|p1b: Amoonguss|0 fnt\n|-damage|p2b: Beowulf|51/100|[from] item: Rocky Helmet|[of] p1b: Amoonguss\n|faint|p1b: Amoonguss\n|-hitcount|p1: Amoonguss|3\n|move|p2a: Vangwe|Bleakwind Storm|p1a: Incineroar\n|-damage|p1a: Incineroar|73/100\n|-unboost|p1a: Incineroar|spe|1\n|move|p1a: Incineroar|Knock Off|p2b: Beowulf\n|-supereffective|p2b: Beowulf\n|-damage|p2b: Beowulf|0 fnt\n|-enditem|p2b: Beowulf|Choice Band|[from] move: Knock Off|[of] p1a: Incineroar\n|faint|p2b: Beowulf\n|\n|-weather|none\n|upkeep\n|\n|t:|1775489828\n|switch|p2b: Drambor|Zamazenta-Crowned, L50|100/100\n|-ability|p2b: Drambor|Dauntless Shield|boost\n|-boost|p2b: Drambor|def|1\n|turn|7\n|-message|lctrem forfeited.\n|\n|win|Mirthinion\n|raw|lctrem's rating: 1565 &rarr; <strong>1540</strong><br />(-25 for losing)\n|raw|Mirthinion's rating: 1476 &rarr; <strong>1501</strong><br />(+25 for winning)\n|l|\u2606lctrem\n|player|p1|\n","uploadtime":1775490063,"views":31,"formatid":"gen9vgc2026regi","rating":1501,"private":0,"password":null}