{"id":"gen9vgc2026regi-2540001969","format":"[Gen 9] VGC 2026 Reg I","players":["WHERE IS MY WALLET","SEITA"],"log":"|j|\u203dWHERE IS MY WALLET\n|j|\u2606SEITA\n|t:|1771142136\n|gametype|doubles\n|player|p1|WHERE IS MY WALLET|miku-fire|1293\n|player|p2|SEITA|lucas-gen4pt|1428\n|gen|9\n|tier|[Gen 9] VGC 2026 Reg I\n|rated|\n|rule|Species Clause: Limit one of each Pok\u00e9mon\n|rule|Item Clause: Limit 1 of each item\n|clearpoke\n|poke|p1|Calyrex-Ice, L50|\n|poke|p1|Indeedee-F, L50, F|\n|poke|p1|Smeargle, L50, M|\n|poke|p1|Urshifu-*, L50, M|\n|poke|p1|Torkoal, L50, F|\n|poke|p1|Lunala, L50|\n|poke|p2|Zamazenta-*, L50|\n|poke|p2|Kyogre, L50|\n|poke|p2|Wo-Chien, L50|\n|poke|p2|Grimmsnarl, L50, M|\n|poke|p2|Rhyperior, L50, M|\n|poke|p2|Ditto, L50|\n|teampreview|4\n|\n|t:|1771142183\n|teamsize|p1|4\n|teamsize|p2|4\n|start\n|switch|p1a: Calyrex|Calyrex-Ice, L50|100/100\n|switch|p1b: Smeargle|Smeargle, L50, M|100/100\n|switch|p2a: Grimmsnarl|Grimmsnarl, L50, M|100/100\n|switch|p2b: Zamazenta|Zamazenta-Crowned, L50|100/100\n|-ability|p1a: Calyrex|As One\n|-ability|p1a: Calyrex|Unnerve\n|-ability|p2b: Zamazenta|Dauntless Shield|boost\n|-boost|p2b: Zamazenta|def|1\n|turn|1\n|\n|t:|1771142200\n|move|p1a: Calyrex|Protect|p1a: Calyrex\n|-singleturn|p1a: Calyrex|Protect\n|move|p2a: Grimmsnarl|Reflect|p2a: Grimmsnarl\n|-sidestart|p2: SEITA|Reflect\n|move|p2b: Zamazenta|Iron Defense|p2b: Zamazenta\n|-boost|p2b: Zamazenta|def|2\n|move|p1b: Smeargle|Spore|p2b: Zamazenta\n|-status|p2b: Zamazenta|slp|[from] move: Spore\n|\n|upkeep\n|turn|2\n|\n|t:|1771142223\n|cant|p2b: Zamazenta|slp\n|move|p1b: Smeargle|Decorate|p1a: Calyrex\n|-boost|p1a: Calyrex|atk|2\n|-boost|p1a: Calyrex|spa|2\n|move|p2a: Grimmsnarl|Spirit Break|p1b: Smeargle\n|-damage|p1b: Smeargle|43/100\n|-unboost|p1b: Smeargle|spa|1\n|move|p1a: Calyrex|Trick Room|p1a: Calyrex\n|-fieldstart|move: Trick Room|[of] p1a: Calyrex\n|\n|upkeep\n|turn|3\n|\n|t:|1771142243\n|move|p1a: Calyrex|Glacial Lance|p2a: Grimmsnarl|[spread] p2a,p2b\n|-resisted|p2b: Zamazenta\n|-damage|p2a: Grimmsnarl|36/100\n|-damage|p2b: Zamazenta|91/100 slp\n|move|p2a: Grimmsnarl|Spirit Break|p1b: Smeargle\n|-damage|p1b: Smeargle|0 fnt\n|faint|p1b: Smeargle\n|cant|p2b: Zamazenta|slp\n|\n|upkeep\n|\n|t:|1771142256\n|switch|p1b: Torkoal|Torkoal, L50, F|100/100\n|-weather|SunnyDay|[from] ability: Drought|[of] p1b: Torkoal\n|turn|4\n|\n|t:|1771142281\n|cant|p2b: Zamazenta|slp\n|move|p2a: Grimmsnarl|Parting Shot|p1b: Torkoal\n|-unboost|p1b: Torkoal|atk|1\n|-unboost|p1b: Torkoal|spa|1\n|\n|t:|1771142286\n|switch|p2a: Kyogre|Kyogre, L50|100/100|[from] Parting Shot\n|-weather|RainDance|[from] ability: Drizzle|[of] p2a: Kyogre\n|move|p1b: Torkoal|Earth Power|p2b: Zamazenta\n|-supereffective|p2b: Zamazenta\n|-damage|p2b: Zamazenta|54/100 slp\n|move|p1a: Calyrex|Close Combat|p2b: Zamazenta\n|-supereffective|p2b: Zamazenta\n|-crit|p2b: Zamazenta\n|-damage|p2b: Zamazenta|0 fnt\n|-unboost|p1a: Calyrex|def|1\n|-unboost|p1a: Calyrex|spd|1\n|faint|p2b: Zamazenta\n|-ability|p1a: Calyrex|Chilling Neigh|boost\n|-boost|p1a: Calyrex|atk|1\n|\n|-weather|RainDance|[upkeep]\n|upkeep\n|\n|t:|1771142306\n|switch|p2b: Wo-Chien|Wo-Chien, L50|100/100\n|-ability|p2b: Wo-Chien|Tablets of Ruin\n|turn|5\n|\n|t:|1771142320\n|switch|p1b: Lunala|Lunala, L50|100/100\n|-terastallize|p2b: Wo-Chien|Poison\n|move|p1a: Calyrex|Glacial Lance|p2a: Kyogre|[spread] p2a,p2b\n|-resisted|p2a: Kyogre\n|-damage|p2a: Kyogre|70/100\n|-damage|p2b: Wo-Chien|42/100\n|move|p2a: Kyogre|Origin Pulse|p1a: Calyrex|[spread] p1a,p1b\n|-damage|p1a: Calyrex|33/100\n|-damage|p1b: Lunala|79/100\n|move|p2b: Wo-Chien|Foul Play|p1a: Calyrex\n|-supereffective|p1a: Calyrex\n|-damage|p1a: Calyrex|0 fnt\n|faint|p1a: Calyrex\n|\n|-weather|RainDance|[upkeep]\n|-heal|p2a: Kyogre|75/100|[from] item: Leftovers\n|upkeep\n|\n|t:|1771142331\n|switch|p1a: Torkoal|Torkoal, L50, F|100/100\n|-weather|SunnyDay|[from] ability: Drought|[of] p1a: Torkoal\n|turn|6\n|\n|t:|1771142345\n|switch|p2a: Grimmsnarl|Grimmsnarl, L50, M|36/100\n|move|p2b: Wo-Chien|Protect|p2b: Wo-Chien\n|-singleturn|p2b: Wo-Chien|Protect\n|move|p1a: Torkoal|Eruption|p2a: Grimmsnarl|[spread] p2a\n|-activate|p2b: Wo-Chien|move: Protect\n|-damage|p2a: Grimmsnarl|0 fnt\n|faint|p2a: Grimmsnarl\n|move|p1b: Lunala|Moongeist Beam|p2b: Wo-Chien\n|-activate|p2b: Wo-Chien|move: Protect\n|\n|-weather|SunnyDay|[upkeep]\n|-fieldend|move: Trick Room\n|upkeep\n|\n|t:|1771142361\n|switch|p2a: Kyogre|Kyogre, L50|75/100\n|-weather|RainDance|[from] ability: Drizzle|[of] p2a: Kyogre\n|turn|7\n|\n|t:|1771142370\n|move|p1b: Lunala|Expanding Force|p2b: Wo-Chien\n|-supereffective|p2b: Wo-Chien\n|-damage|p2b: Wo-Chien|0 fnt\n|faint|p2b: Wo-Chien\n|move|p2a: Kyogre|Origin Pulse|p1b: Lunala|[spread] p1a,p1b\n|-supereffective|p1a: Torkoal\n|-damage|p1a: Torkoal|0 fnt\n|-damage|p1b: Lunala|36/100\n|faint|p1a: Torkoal\n|\n|-weather|RainDance|[upkeep]\n|-heal|p2a: Kyogre|81/100|[from] item: Leftovers\n|upkeep\n|turn|8\n|\n|t:|1771142386\n|move|p1b: Lunala|Wide Guard|p1b: Lunala\n|-singleturn|p1b: Lunala|Wide Guard\n|move|p2a: Kyogre|Thunder|p1b: Lunala\n|-damage|p1b: Lunala|9/100\n|-status|p1b: Lunala|par\n|\n|-weather|RainDance|[upkeep]\n|-heal|p2a: Kyogre|87/100|[from] item: Leftovers\n|-sideend|p2: SEITA|Reflect\n|upkeep\n|turn|9\n|-message|WHERE IS MY WALLET forfeited.\n|\n|win|SEITA\n|raw|WHERE IS MY WALLET's rating: 1293 &rarr; <strong>1277</strong><br />(-16 for losing)\n|raw|SEITA's rating: 1428 &rarr; <strong>1441</strong><br />(+13 for winning)\n|l|\u203dWHERE IS MY WALLET\n|player|p1|\n","uploadtime":1771142556,"views":30,"formatid":"gen9vgc2026regi","rating":1277,"private":0,"password":null}