{"id":"gen9vgc2026regi-2559454758","format":"[Gen 9] VGC 2026 Reg I","players":["Jonen","plebston mcbacon"],"log":"|j|\u2606Jonen\n|j|\u2606plebston mcbacon\n|t:|1773570501\n|gametype|doubles\n|player|p1|Jonen|hiker-gen4|1206\n|player|p2|plebston mcbacon|265|1229\n|gen|9\n|tier|[Gen 9] VGC 2026 Reg I\n|rated|\n|rule|Species Clause: Limit one of each Pok\u00e9mon\n|rule|Item Clause: Limit 1 of each item\n|clearpoke\n|poke|p1|Calyrex-Ice, L50|\n|poke|p1|Scraggy, L50, F|\n|poke|p1|Miraidon, L50|\n|poke|p1|Farigiraf, L50, M|\n|poke|p1|Iron Treads, L50|\n|poke|p1|Iron Hands, L50|\n|poke|p2|Terapagos, L50, M|\n|poke|p2|Farigiraf, L50, F|\n|poke|p2|Chi-Yu, L50|\n|poke|p2|Calyrex-Ice, L50|\n|poke|p2|Urshifu-*, L50, M|\n|poke|p2|Ogerpon, L50, F|\n|teampreview|4\n|inactive|Battle timer is ON: inactive players will automatically lose when time's up. (requested by plebston mcbacon)\n|inactive|Jonen has 60 seconds left.\n|\n|t:|1773570537\n|teamsize|p1|4\n|teamsize|p2|4\n|start\n|switch|p1a: Calyrex|Calyrex-Ice, L50|100/100\n|switch|p1b: Iron Hands|Iron Hands, L50|100/100\n|switch|p2a: Falafel|Farigiraf, L50, F, shiny|100/100\n|switch|p2b: Honse & friend|Calyrex-Ice, L50|100/100\n|-ability|p2b: Honse & friend|As One\n|-ability|p2b: Honse & friend|Unnerve\n|-ability|p1a: Calyrex|As One\n|-ability|p1a: Calyrex|Unnerve\n|turn|1\n|\n|t:|1773570551\n|move|p2a: Falafel|Psychic|p1b: Iron Hands\n|-supereffective|p1b: Iron Hands\n|-damage|p1b: Iron Hands|62/100\n|-unboost|p1b: Iron Hands|spd|1\n|move|p1b: Iron Hands|Low Kick|p2b: Honse & friend\n|-damage|p2b: Honse & friend|55/100\n|move|p1a: Calyrex|Glacial Lance|p2a: Falafel|[spread] p2a,p2b\n|-resisted|p2b: Honse & friend\n|-damage|p2a: Falafel|39/100\n|-damage|p2b: Honse & friend|35/100\n|move|p2b: Honse & friend|Leech Seed|p1a: Calyrex\n|-start|p1a: Calyrex|move: Leech Seed\n|\n|-heal|p2b: Honse & friend|41/100|[from] item: Leftovers\n|-damage|p1a: Calyrex|88/100|[from] Leech Seed|[of] p2b: Honse & friend\n|-heal|p2b: Honse & friend|54/100|[silent]\n|upkeep\n|turn|2\n|inactive|Jonen has 30 seconds left.\n|\n|t:|1773570578\n|switch|p1a: Scraggy|Scraggy, L50, F|100/100\n|-ability|p1a: Scraggy|Intimidate|boost\n|-unboost|p2a: Falafel|atk|1\n|-unboost|p2b: Honse & friend|atk|1\n|-terastallize|p1b: Iron Hands|Water\n|move|p2b: Honse & friend|Protect|p2b: Honse & friend\n|-singleturn|p2b: Honse & friend|Protect\n|move|p2a: Falafel|Psychic|p1b: Iron Hands\n|-damage|p1b: Iron Hands|35/100\n|-unboost|p1b: Iron Hands|spd|1\n|move|p1b: Iron Hands|Low Kick|p2a: Falafel\n|-damage|p2a: Falafel|0 fnt\n|faint|p2a: Falafel\n|\n|-heal|p2b: Honse & friend|60/100|[from] item: Leftovers\n|upkeep\n|\n|t:|1773570595\n|switch|p2a: Straw muncher|Terapagos, L50, M|100/100\n|-activate|p2a: Straw muncher|ability: Tera Shift\n|detailschange|p2a: Straw muncher|Terapagos-Terastal, L50, M\n|-heal|p2a: Straw muncher|100/100|[silent]\n|turn|3\n|\n|t:|1773570617\n|-end|p1b: Iron Hands|Quark Drive|[silent]\n|switch|p1b: Calyrex|Calyrex-Ice, L50|88/100\n|-ability|p1b: Calyrex|As One\n|-ability|p1b: Calyrex|Unnerve\n|switch|p2b: Eliza|Chi-Yu, L50|100/100\n|-ability|p2b: Eliza|Beads of Ruin\n|move|p2a: Straw muncher|Dazzling Gleam|p1b: Calyrex|[spread] p1a,p1b\n|-supereffective|p1a: Scraggy\n|-damage|p1a: Scraggy|0 fnt\n|-damage|p1b: Calyrex|67/100\n|faint|p1a: Scraggy\n|-damage|p2a: Straw muncher|90/100|[from] item: Life Orb\n|\n|upkeep\n|\n|t:|1773570632\n|switch|p1a: Miraidon|Miraidon, L50|100/100\n|-fieldstart|move: Electric Terrain|[from] ability: Hadron Engine|[of] p1a: Miraidon\n|turn|4\n|inactive|plebston mcbacon has 30 seconds left.\n|\n|t:|1773570662\n|-terastallize|p2a: Straw muncher|Stellar\n|detailschange|p2a: Straw muncher|Terapagos-Stellar, L50, M, tera:Stellar\n|-heal|p2a: Straw muncher|93/100|[silent]\n|-ability|p2a: Straw muncher|Teraform Zero\n|-fieldend|move: Electric Terrain\n|move|p1b: Calyrex|Protect|p1b: Calyrex\n|-singleturn|p1b: Calyrex|Protect\n|move|p2b: Eliza|Heat Wave|p1b: Calyrex|[spread] p1a\n|-activate|p1b: Calyrex|move: Protect\n|-resisted|p1a: Miraidon\n|-damage|p1a: Miraidon|81/100\n|move|p1a: Miraidon|Electro Drift|p2b: Eliza\n|-damage|p2b: Eliza|6/100\n|move|p2a: Straw muncher|Dazzling Gleam|p1b: Calyrex|[spread] p1a\n|-activate|p1b: Calyrex|move: Protect\n|-supereffective|p1a: Miraidon\n|-damage|p1a: Miraidon|10/100\n|-damage|p2a: Straw muncher|83/100|[from] item: Life Orb\n|\n|upkeep\n|turn|5\n|\n|t:|1773570686\n|switch|p1a: Iron Hands|Iron Hands, L50, tera:Water|35/100\n|move|p2b: Eliza|Heat Wave|p1b: Calyrex|[spread] p1a,p1b\n|-resisted|p1a: Iron Hands\n|-supereffective|p1b: Calyrex\n|-damage|p1a: Iron Hands|23/100\n|-damage|p1b: Calyrex|2/100\n|move|p2a: Straw muncher|Tera Starstorm|p1b: Calyrex|[spread] p1a,p1b\n|-supereffective|p1a: Iron Hands\n|-crit|p1a: Iron Hands\n|-damage|p1a: Iron Hands|0 fnt\n|-damage|p1b: Calyrex|0 fnt\n|faint|p1a: Iron Hands\n|-end|p1a: Iron Hands|Quark Drive|[silent]\n|faint|p1b: Calyrex\n|-damage|p2a: Straw muncher|73/100|[from] item: Life Orb\n|\n|upkeep\n|\n|t:|1773570693\n|switch|p1b: Miraidon|Miraidon, L50|10/100\n|-fieldstart|move: Electric Terrain|[from] ability: Hadron Engine|[of] p1b: Miraidon\n|turn|6\n|c|\u2606Jonen|gg\n|c|\u2606plebston mcbacon|ggs\n|\n|t:|1773570709\n|move|p2b: Eliza|Overheat|p1b: Miraidon\n|-resisted|p1b: Miraidon\n|-damage|p1b: Miraidon|0 fnt\n|-unboost|p2b: Eliza|spa|2\n|faint|p1b: Miraidon\n|\n|win|plebston mcbacon\n|raw|Jonen's rating: 1206 &rarr; <strong>1183</strong><br />(-23 for losing)\n|raw|plebston mcbacon's rating: 1229 &rarr; <strong>1252</strong><br />(+23 for winning)\n","uploadtime":1773570709,"views":15,"formatid":"gen9vgc2026regi","rating":1183,"private":0,"password":null}