{"id":"gen9vgc2026regi-2560942919","format":"[Gen 9] VGC 2026 Reg I","players":["Jonen","LinkXswords"],"log":"|j|\u2606Jonen\n|j|\u2606LinkXswords\n|t:|1773750206\n|gametype|doubles\n|player|p1|Jonen|hiker-gen4|1322\n|player|p2|LinkXswords|zinnia|1318\n|gen|9\n|tier|[Gen 9] VGC 2026 Reg I\n|rated|\n|rule|Species Clause: Limit one of each Pok\u00e9mon\n|rule|Item Clause: Limit 1 of each item\n|clearpoke\n|poke|p1|Groudon, L50|\n|poke|p1|Lunala, L50|\n|poke|p1|Sableye, L50, M|\n|poke|p1|Chi-Yu, L50|\n|poke|p1|Rillaboom, L50, M|\n|poke|p1|Jumpluff, L50, M|\n|poke|p2|Calyrex-Ice, L50|\n|poke|p2|Miraidon, L50|\n|poke|p2|Iron Hands, L50|\n|poke|p2|Farigiraf, L50, M|\n|poke|p2|Ogerpon-Hearthflame, L50, F|\n|poke|p2|Urshifu-*, L50, M|\n|teampreview|4\n|\n|t:|1773750221\n|teamsize|p1|4\n|teamsize|p2|4\n|start\n|switch|p1a: Groudon|Groudon, L50|100/100\n|switch|p1b: Jumpluff|Jumpluff, L50, M|100/100\n|switch|p2a: Belmonda|Miraidon, L50|100/100\n|switch|p2b: Rafa|Farigiraf, L50, M, shiny|100/100\n|-fieldstart|move: Electric Terrain|[from] ability: Hadron Engine|[of] p2a: Belmonda\n|-weather|SunnyDay|[from] ability: Drought|[of] p1a: Groudon\n|turn|1\n|\n|t:|1773750236\n|-terastallize|p2a: Belmonda|Fairy\n|move|p1b: Jumpluff|Tailwind|p1b: Jumpluff\n|-sidestart|p1: Jonen|move: Tailwind\n|move|p1a: Groudon|High Horsepower|p2a: Belmonda\n|-damage|p2a: Belmonda|24/100\n|-damage|p1a: Groudon|91/100|[from] item: Life Orb\n|move|p2a: Belmonda|Dazzling Gleam|p1a: Groudon|[spread] p1a,p1b\n|-damage|p1a: Groudon|10/100\n|-damage|p1b: Jumpluff|27/100\n|move|p2b: Rafa|Trick Room|p2b: Rafa\n|-fieldstart|move: Trick Room|[of] p2b: Rafa\n|\n|-weather|SunnyDay|[upkeep]\n|upkeep\n|turn|2\n|\n|t:|1773750260\n|move|p1b: Jumpluff|Rage Powder|p1b: Jumpluff\n|-singleturn|p1b: Jumpluff|move: Rage Powder\n|move|p2b: Rafa|Hyper Voice|p1a: Groudon|[spread] p1a,p1b\n|-crit|p1b: Jumpluff\n|-damage|p1a: Groudon|0 fnt\n|-damage|p1b: Jumpluff|0 fnt\n|faint|p1a: Groudon\n|faint|p1b: Jumpluff\n|-enditem|p2b: Rafa|Throat Spray\n|-boost|p2b: Rafa|spa|1|[from] item: Throat Spray\n|move|p2a: Belmonda|Dazzling Gleam|p1: Groudon|[notarget]\n|-fail|p2a: Belmonda\n|\n|-weather|SunnyDay|[upkeep]\n|upkeep\n|\n|t:|1773750265\n|switch|p1a: Rillaboom|Rillaboom, L50, M|100/100\n|switch|p1b: Lunala|Lunala, L50|100/100\n|-fieldstart|move: Grassy Terrain|[from] ability: Grassy Surge|[of] p1a: Rillaboom\n|turn|3\n|\n|t:|1773750271\n|move|p2b: Rafa|Foul Play|p1b: Lunala\n|-supereffective|p1b: Lunala\n|-damage|p1b: Lunala|61/100\n|move|p2a: Belmonda|Dazzling Gleam|p1b: Lunala|[spread] p1a,p1b\n|-damage|p1a: Rillaboom|67/100\n|-damage|p1b: Lunala|21/100\n|move|p1a: Rillaboom|Wood Hammer|p2b: Rafa\n|-damage|p2b: Rafa|41/100\n|-damage|p1a: Rillaboom|46/100|[from] Recoil\n|move|p1b: Lunala|Meteor Beam||[still]\n|-prepare|p1b: Lunala|Meteor Beam\n|-boost|p1b: Lunala|spa|1\n|-enditem|p1b: Lunala|Power Herb\n|-anim|p1b: Lunala|Meteor Beam|p2a: Belmonda\n|-damage|p2a: Belmonda|0 fnt\n|faint|p2a: Belmonda\n|\n|-weather|SunnyDay|[upkeep]\n|-heal|p2b: Rafa|47/100|[from] Grassy Terrain\n|-heal|p1a: Rillaboom|52/100|[from] Grassy Terrain\n|-heal|p1b: Lunala|27/100|[from] Grassy Terrain\n|upkeep\n|\n|t:|1773750277\n|switch|p2a: Cabez\u00f3n|Calyrex-Ice, L50|100/100\n|-ability|p2a: Cabez\u00f3n|As One\n|-ability|p2a: Cabez\u00f3n|Unnerve\n|turn|4\n|\n|t:|1773750284\n|-terastallize|p1a: Rillaboom|Water\n|move|p1b: Lunala|Protect|p1b: Lunala\n|-singleturn|p1b: Lunala|Protect\n|move|p2a: Cabez\u00f3n|Glacial Lance|p1b: Lunala|[spread] p1a\n|-activate|p1b: Lunala|move: Protect\n|-resisted|p1a: Rillaboom\n|-damage|p1a: Rillaboom|22/100\n|move|p2b: Rafa|Foul Play|p1b: Lunala\n|-activate|p1b: Lunala|move: Protect\n|move|p1a: Rillaboom|Wood Hammer|p2b: Rafa\n|-damage|p2b: Rafa|0 fnt\n|faint|p2b: Rafa\n|-damage|p1a: Rillaboom|5/100|[from] Recoil\n|\n|-weather|SunnyDay|[upkeep]\n|-heal|p1a: Rillaboom|11/100|[from] Grassy Terrain\n|-heal|p1b: Lunala|34/100|[from] Grassy Terrain\n|-sideend|p1: Jonen|move: Tailwind\n|upkeep\n|\n|t:|1773750289\n|switch|p2b: Ibai|Iron Hands, L50|100/100\n|turn|5\n|\n|t:|1773750299\n|move|p1b: Lunala|Protect||[still]\n|-fail|p1b: Lunala\n|move|p2b: Ibai|Fake Out|p1a: Rillaboom\n|-damage|p1a: Rillaboom|0 fnt\n|faint|p1a: Rillaboom\n|move|p2a: Cabez\u00f3n|Glacial Lance|p1b: Lunala\n|-crit|p1b: Lunala\n|-damage|p1b: Lunala|0 fnt\n|faint|p1b: Lunala\n|\n|win|LinkXswords\n|raw|Jonen's rating: 1322 &rarr; <strong>1302</strong><br />(-20 for losing)\n|raw|LinkXswords's rating: 1318 &rarr; <strong>1338</strong><br />(+20 for winning)\n","uploadtime":1773750299,"views":10,"formatid":"gen9vgc2026regi","rating":1302,"private":0,"password":null}