{"id":"gen9vgc2026regi-2562440882","format":"[Gen 9] VGC 2026 Reg I","players":["swordsdanceurshifu","Ice124567890"],"log":"|j|\u2606swordsdanceurshifu\n|j|\u2606Ice124567890\n|t:|1773917411\n|gametype|doubles\n|player|p1|swordsdanceurshifu|169|1279\n|player|p2|Ice124567890|169|1311\n|gen|9\n|tier|[Gen 9] VGC 2026 Reg I\n|rated|\n|rule|Species Clause: Limit one of each Pok\u00e9mon\n|rule|Item Clause: Limit 1 of each item\n|clearpoke\n|poke|p1|Miraidon, L50|\n|poke|p1|Iron Bundle, L50|\n|poke|p1|Incineroar, L50, F|\n|poke|p1|Koraidon, L50|\n|poke|p1|Toxapex, L50, M|\n|poke|p1|Landorus, L50, M|\n|poke|p2|Clefairy, L50, M|\n|poke|p2|Rillaboom, L50, M|\n|poke|p2|Calyrex-Shadow, L50|\n|poke|p2|Incineroar, L50, F|\n|poke|p2|Flutter Mane, L50|\n|poke|p2|Koraidon, L50|\n|teampreview|4\n|inactive|Battle timer is ON: inactive players will automatically lose when time's up. (requested by swordsdanceurshifu)\n|inactive|Ice124567890 also wants the timer to be on.\n|inactive|swordsdanceurshifu has 60 seconds left.\n|\n|t:|1773917463\n|teamsize|p1|4\n|teamsize|p2|4\n|start\n|switch|p1a: Miraidon|Miraidon, L50|100/100\n|switch|p1b: Iron Bundle|Iron Bundle, L50|100/100\n|switch|p2a: Calyrex|Calyrex-Shadow, L50|100/100\n|switch|p2b: Incineroar|Incineroar, L50, F|100/100\n|-ability|p2a: Calyrex|As One\n|-ability|p2a: Calyrex|Unnerve\n|-fieldstart|move: Electric Terrain|[from] ability: Hadron Engine|[of] p1a: Miraidon\n|-activate|p1b: Iron Bundle|ability: Quark Drive\n|-start|p1b: Iron Bundle|quarkdrivespe\n|-ability|p2b: Incineroar|Intimidate|boost\n|-unboost|p1a: Miraidon|atk|1\n|-unboost|p1b: Iron Bundle|atk|1\n|turn|1\n|\n|t:|1773917482\n|move|p1a: Miraidon|Protect|p1a: Miraidon\n|-singleturn|p1a: Miraidon|Protect\n|move|p2b: Incineroar|Fake Out|p1a: Miraidon\n|-activate|p1a: Miraidon|move: Protect\n|move|p1b: Iron Bundle|Encore|p2b: Incineroar\n|-start|p2b: Incineroar|Encore\n|move|p2a: Calyrex|Astral Barrage|p1a: Miraidon|[spread] p1b\n|-activate|p1a: Miraidon|move: Protect\n|-enditem|p1b: Iron Bundle|Focus Sash\n|-damage|p1b: Iron Bundle|1/100\n|-damage|p2a: Calyrex|91/100|[from] item: Life Orb\n|\n|upkeep\n|turn|2\n|\n|t:|1773917496\n|switch|p2b: Clefairy|Clefairy, L50, M|100/100\n|move|p2a: Calyrex|Protect|p2a: Calyrex\n|-singleturn|p2a: Calyrex|Protect\n|move|p1b: Iron Bundle|Icy Wind|p2a: Calyrex|[spread] p2b\n|-activate|p2a: Calyrex|move: Protect\n|-damage|p2b: Clefairy|84/100\n|-unboost|p2b: Clefairy|spe|1\n|move|p1a: Miraidon|Electro Drift|p2a: Calyrex\n|-activate|p2a: Calyrex|move: Protect\n|\n|upkeep\n|turn|3\n|\n|t:|1773917515\n|move|p2b: Clefairy|Follow Me|p2b: Clefairy\n|-singleturn|p2b: Clefairy|move: Follow Me\n|move|p1b: Iron Bundle|Ice Beam|p2b: Clefairy\n|-damage|p2b: Clefairy|47/100\n|move|p2a: Calyrex|Astral Barrage|p1b: Iron Bundle|[spread] p1a,p1b\n|-damage|p1a: Miraidon|36/100\n|-damage|p1b: Iron Bundle|0 fnt\n|faint|p1b: Iron Bundle\n|-end|p1b: Iron Bundle|Quark Drive|[silent]\n|-ability|p2a: Calyrex|Grim Neigh|boost\n|-boost|p2a: Calyrex|spa|1\n|-damage|p2a: Calyrex|81/100|[from] item: Life Orb\n|move|p1a: Miraidon|Volt Switch|p2b: Clefairy\n|-damage|p2b: Clefairy|0 fnt\n|faint|p2b: Clefairy\n|-damage|p1a: Miraidon|27/100|[from] item: Life Orb\n|\n|t:|1773917533\n|switch|p1a: Toxapex|Toxapex, L50, M|100/100|[from] Volt Switch\n|\n|upkeep\n|\n|t:|1773917551\n|switch|p1b: Miraidon|Miraidon, L50|27/100\n|switch|p2b: Incineroar|Incineroar, L50, F|100/100\n|-activate|p1b: Miraidon|ability: Hadron Engine\n|-ability|p2b: Incineroar|Intimidate|boost\n|-unboost|p1a: Toxapex|atk|1\n|-unboost|p1b: Miraidon|atk|1\n|turn|4\n|\n|t:|1773917557\n|move|p1b: Miraidon|Protect|p1b: Miraidon\n|-singleturn|p1b: Miraidon|Protect\n|move|p1a: Toxapex|Baneful Bunker|p1a: Toxapex\n|-singleturn|p1a: Toxapex|move: Protect\n|move|p2b: Incineroar|Fake Out|p1b: Miraidon\n|-activate|p1b: Miraidon|move: Protect\n|move|p2a: Calyrex|Astral Barrage|p1b: Miraidon|[spread] \n|-activate|p1a: Toxapex|move: Protect\n|-activate|p1b: Miraidon|move: Protect\n|\n|upkeep\n|turn|5\n|\n|t:|1773917569\n|move|p2b: Incineroar|Helping Hand|p2a: Calyrex\n|-singleturn|p2a: Calyrex|Helping Hand|[of] p2b: Incineroar\n|move|p1a: Toxapex|Wide Guard|p1a: Toxapex\n|-singleturn|p1a: Toxapex|Wide Guard\n|move|p2a: Calyrex|Astral Barrage|p1a: Toxapex|[spread] \n|-activate|p1a: Toxapex|move: Wide Guard\n|-activate|p1b: Miraidon|move: Wide Guard\n|move|p1b: Miraidon|Electro Drift|p2a: Calyrex\n|-damage|p2a: Calyrex|0 fnt\n|faint|p2a: Calyrex\n|-damage|p1b: Miraidon|17/100|[from] item: Life Orb\n|\n|-fieldend|move: Electric Terrain\n|upkeep\n|inactive|Ice124567890 has 30 seconds left.\n|\n|t:|1773917596\n|switch|p2a: Koraidon|Koraidon, L50|100/100\n|-weather|SunnyDay|[from] ability: Orichalcum Pulse|[of] p2a: Koraidon\n|-activate|p2a: Koraidon|Orichalcum Pulse|[source]\n|turn|6\n|\n|t:|1773917617\n|-terastallize|p2a: Koraidon|Fire\n|move|p1a: Toxapex|Baneful Bunker|p1a: Toxapex\n|-singleturn|p1a: Toxapex|move: Protect\n|move|p1b: Miraidon|Volt Switch|p2b: Incineroar\n|-damage|p2b: Incineroar|55/100\n|-damage|p1b: Miraidon|7/100|[from] item: Life Orb\n|\n|t:|1773917624\n|switch|p1b: Incineroar|Incineroar, L50, F|100/100|[from] Volt Switch\n|-ability|p1b: Incineroar|Intimidate|boost\n|-fail|p2a: Koraidon|unboost|[from] item: Clear Amulet|[of] p2a: Koraidon\n|-unboost|p2b: Incineroar|atk|1\n|move|p2a: Koraidon|Flame Charge|p1b: Incineroar\n|-resisted|p1b: Incineroar\n|-damage|p1b: Incineroar|73/100\n|-boost|p2a: Koraidon|spe|1\n|move|p2b: Incineroar|Knock Off|p1a: Toxapex\n|-activate|p1a: Toxapex|move: Protect\n|-status|p2b: Incineroar|psn\n|\n|-weather|SunnyDay|[upkeep]\n|-damage|p2b: Incineroar|43/100 psn|[from] psn\n|upkeep\n|turn|7\n|inactive|Ice124567890 has 30 seconds left.\n|\n|t:|1773917650\n|move|p2a: Koraidon|Protect|p2a: Koraidon\n|-singleturn|p2a: Koraidon|Protect\n|move|p1b: Incineroar|Fake Out|p2a: Koraidon\n|-activate|p2a: Koraidon|move: Protect\n|move|p2b: Incineroar|Knock Off|p1a: Toxapex\n|-damage|p1a: Toxapex|81/100\n|-damage|p2b: Incineroar|27/100 psn|[from] item: Rocky Helmet|[of] p1a: Toxapex\n|-enditem|p1a: Toxapex|Rocky Helmet|[from] move: Knock Off|[of] p2b: Incineroar\n|move|p1a: Toxapex|Infestation|p2a: Koraidon\n|-activate|p2a: Koraidon|move: Protect\n|\n|-weather|SunnyDay|[upkeep]\n|-damage|p2b: Incineroar|15/100 psn|[from] psn\n|upkeep\n|turn|8\n|\n|t:|1773917673\n|-terastallize|p1b: Incineroar|Bug\n|move|p2b: Incineroar|Helping Hand|p2a: Koraidon\n|-singleturn|p2a: Koraidon|Helping Hand|[of] p2b: Incineroar\n|move|p2a: Koraidon|Low Kick|p1b: Incineroar\n|-resisted|p1b: Incineroar\n|-damage|p1b: Incineroar|37/100\n|move|p1b: Incineroar|Knock Off|p2a: Koraidon\n|-damage|p2a: Koraidon|66/100\n|-enditem|p2a: Koraidon|Clear Amulet|[from] move: Knock Off|[of] p1b: Incineroar\n|move|p1a: Toxapex|Infestation|p2a: Koraidon\n|-resisted|p2a: Koraidon\n|-damage|p2a: Koraidon|65/100\n|-activate|p2a: Koraidon|move: Infestation|[of] p1a: Toxapex\n|\n|-weather|SunnyDay|[upkeep]\n|-damage|p2b: Incineroar|3/100 psn|[from] psn\n|-damage|p2a: Koraidon|53/100|[from] move: Infestation|[partiallytrapped]\n|upkeep\n|turn|9\n|\n|t:|1773917694\n|switch|p1b: Miraidon|Miraidon, L50|7/100\n|-fieldstart|move: Electric Terrain|[from] ability: Hadron Engine|[of] p1b: Miraidon\n|move|p1a: Toxapex|Baneful Bunker|p1a: Toxapex\n|-singleturn|p1a: Toxapex|move: Protect\n|move|p2a: Koraidon|Flame Charge|p1b: Miraidon\n|-resisted|p1b: Miraidon\n|-damage|p1b: Miraidon|0 fnt\n|-boost|p2a: Koraidon|spe|1\n|faint|p1b: Miraidon\n|move|p2b: Incineroar|Knock Off|p1a: Toxapex\n|-activate|p1a: Toxapex|move: Protect\n|\n|-weather|SunnyDay|[upkeep]\n|-damage|p2b: Incineroar|0 fnt|[from] psn\n|faint|p2b: Incineroar\n|-damage|p2a: Koraidon|41/100|[from] move: Infestation|[partiallytrapped]\n|upkeep\n|\n|t:|1773917701\n|switch|p1b: Incineroar|Incineroar, L50, F, tera:Bug|37/100\n|-ability|p1b: Incineroar|Intimidate|boost\n|-unboost|p2a: Koraidon|atk|1\n|turn|10\n|\n|t:|1773917715\n|move|p2a: Koraidon|Protect|p2a: Koraidon\n|-singleturn|p2a: Koraidon|Protect\n|move|p1b: Incineroar|Fake Out|p2a: Koraidon\n|-activate|p2a: Koraidon|move: Protect\n|move|p1a: Toxapex|Recover|p1a: Toxapex\n|-heal|p1a: Toxapex|100/100\n|\n|-weather|none\n|-damage|p2a: Koraidon|29/100|[from] move: Infestation|[partiallytrapped]\n|upkeep\n|turn|11\n|\n|t:|1773917721\n|move|p2a: Koraidon|Flame Charge|p1b: Incineroar\n|-supereffective|p1b: Incineroar\n|-damage|p1b: Incineroar|1/100\n|-boost|p2a: Koraidon|spe|1\n|move|p1b: Incineroar|Knock Off|p2a: Koraidon\n|-damage|p2a: Koraidon|5/100\n|move|p1a: Toxapex|Infestation|p2a: Koraidon\n|-resisted|p2a: Koraidon\n|-damage|p2a: Koraidon|4/100\n|\n|-damage|p2a: Koraidon|0 fnt|[from] move: Infestation|[partiallytrapped]\n|faint|p2a: Koraidon\n|\n|win|swordsdanceurshifu\n|raw|swordsdanceurshifu's rating: 1279 &rarr; <strong>1306</strong><br />(+27 for winning)\n|raw|Ice124567890's rating: 1311 &rarr; <strong>1289</strong><br />(-22 for losing)\n|l|\u2606swordsdanceurshifu\n|player|p1|\n|l|\u2606Ice124567890\n|player|p2|\n","uploadtime":1773917878,"views":10,"formatid":"gen9vgc2026regi","rating":1289,"private":0,"password":null}