{"id":"gen9vgc2026regi-2566779683","format":"[Gen 9] VGC 2026 Reg I","players":["terafireflareblitz","magyomi"],"log":"|j|\u2606terafireflareblitz\n|j|\u2606magyomi\n|t:|1774408229\n|gametype|doubles\n|player|p1|terafireflareblitz|sycamore|1527\n|player|p2|magyomi|266|1586\n|gen|9\n|tier|[Gen 9] VGC 2026 Reg I\n|rated|\n|rule|Species Clause: Limit one of each Pok\u00e9mon\n|rule|Item Clause: Limit 1 of each item\n|clearpoke\n|poke|p1|Koraidon, L50|\n|poke|p1|Lunala, L50|\n|poke|p1|Indeedee-F, L50, F|\n|poke|p1|Flutter Mane, L50|\n|poke|p1|Volcarona, L50, F|\n|poke|p1|Ursaluna, L50, F|\n|poke|p2|Miraidon, L50|\n|poke|p2|Calyrex-Ice, L50|\n|poke|p2|Sneasler, L50, M|\n|poke|p2|Incineroar, L50, F|\n|poke|p2|Amoonguss, L50, M|\n|poke|p2|Urshifu-*, L50, F|\n|teampreview|4\n|inactive|Battle timer is ON: inactive players will automatically lose when time's up. (requested by terafireflareblitz)\n|inactive|terafireflareblitz has 60 seconds left.\n|\n|t:|1774408285\n|teamsize|p1|4\n|teamsize|p2|4\n|start\n|switch|p1a: Lunala|Lunala, L50, shiny|100/100\n|switch|p1b: Indeedee|Indeedee-F, L50, F|100/100\n|switch|p2a: Miraidon|Miraidon, L50|100/100\n|switch|p2b: Sneasler|Sneasler, L50, M|100/100\n|-fieldstart|move: Electric Terrain|[from] ability: Hadron Engine|[of] p2a: Miraidon\n|-enditem|p2b: Sneasler|Electric Seed\n|-boost|p2b: Sneasler|def|1|[from] item: Electric Seed\n|-fieldstart|move: Psychic Terrain|[from] ability: Psychic Surge|[of] p1b: Indeedee\n|turn|1\n|\n|t:|1774408302\n|move|p2b: Sneasler|Toxic Spikes|p1b: Indeedee\n|-sidestart|p1: terafireflareblitz|move: Toxic Spikes\n|move|p2a: Miraidon|Snarl|p1b: Indeedee|[spread] p1a,p1b\n|-supereffective|p1a: Lunala\n|-supereffective|p1b: Indeedee\n|-damage|p1a: Lunala|80/100\n|-damage|p1b: Indeedee|70/100\n|-unboost|p1a: Lunala|spa|1\n|-unboost|p1b: Indeedee|spa|1\n|move|p1a: Lunala|Meteor Beam||[still]\n|-prepare|p1a: Lunala|Meteor Beam\n|-boost|p1a: Lunala|spa|1\n|-enditem|p1a: Lunala|Power Herb\n|-anim|p1a: Lunala|Meteor Beam|p2b: Sneasler\n|-resisted|p2b: Sneasler\n|-damage|p2b: Sneasler|69/100\n|move|p1b: Indeedee|Trick Room|p1b: Indeedee\n|-fieldstart|move: Trick Room|[of] p1b: Indeedee\n|\n|upkeep\n|turn|2\n|inactive|magyomi has 30 seconds left.\n|\n|t:|1774408328\n|switch|p1b: Ursaluna|Ursaluna, L50, F|100/100\n|-status|p1b: Ursaluna|psn\n|switch|p2a: Incineroar|Incineroar, L50, F|100/100\n|-ability|p2a: Incineroar|Intimidate|boost\n|-unboost|p1a: Lunala|atk|1\n|-unboost|p1b: Ursaluna|atk|1\n|move|p1a: Lunala|Expanding Force|p2b: Sneasler|[spread] p2b\n|-immune|p2a: Incineroar\n|-supereffective|p2b: Sneasler\n|-damage|p2b: Sneasler|0 fnt\n|faint|p2b: Sneasler\n|\n|-damage|p1b: Ursaluna|88/100 psn|[from] psn\n|upkeep\n|\n|t:|1774408343\n|switch|p2b: Calyrex|Calyrex-Ice, L50|100/100\n|-ability|p2b: Calyrex|As One\n|-ability|p2b: Calyrex|Unnerve\n|turn|3\n|\n|t:|1774408351\n|-terastallize|p2a: Incineroar|Bug\n|-terastallize|p1a: Lunala|Water\n|move|p1a: Lunala|Wide Guard|p1a: Lunala\n|-singleturn|p1a: Lunala|Wide Guard\n|move|p2b: Calyrex|Glacial Lance|p1b: Ursaluna|[spread] \n|-activate|p1a: Lunala|move: Wide Guard\n|-activate|p1b: Ursaluna|move: Wide Guard\n|move|p1b: Ursaluna|Earthquake|p2b: Calyrex|[spread] p2a,p2b\n|-activate|p1a: Lunala|move: Wide Guard\n|-resisted|p2a: Incineroar\n|-damage|p2a: Incineroar|87/100\n|-damage|p2b: Calyrex|76/100\n|move|p2a: Incineroar|Knock Off|p1a: Lunala\n|-damage|p1a: Lunala|57/100\n|\n|-heal|p2b: Calyrex|82/100|[from] item: Leftovers\n|-damage|p1b: Ursaluna|76/100 psn|[from] psn\n|upkeep\n|turn|4\n|\n|t:|1774408375\n|move|p1b: Ursaluna|Facade|p2a: Incineroar\n|-damage|p2a: Incineroar|31/100\n|move|p2b: Calyrex|Glacial Lance|p1a: Lunala|[spread] p1a,p1b\n|-resisted|p1a: Lunala\n|-supereffective|p1b: Ursaluna\n|-crit|p1b: Ursaluna\n|-damage|p1a: Lunala|39/100\n|-damage|p1b: Ursaluna|0 fnt\n|faint|p1b: Ursaluna\n|-ability|p2b: Calyrex|Chilling Neigh|boost\n|-boost|p2b: Calyrex|atk|1\n|move|p2a: Incineroar|Knock Off|p1a: Lunala\n|-damage|p1a: Lunala|18/100\n|move|p1a: Lunala|Moongeist Beam|p2b: Calyrex\n|-supereffective|p2b: Calyrex\n|-damage|p2b: Calyrex|18/100\n|\n|-heal|p2b: Calyrex|24/100|[from] item: Leftovers\n|upkeep\n|\n|t:|1774408384\n|switch|p1b: Koraidon|Koraidon, L50, shiny|100/100\n|-status|p1b: Koraidon|psn\n|-weather|SunnyDay|[from] ability: Orichalcum Pulse|[of] p1b: Koraidon\n|-activate|p1b: Koraidon|Orichalcum Pulse|[source]\n|turn|5\n|\n|t:|1774408401\n|move|p2b: Calyrex|Protect|p2b: Calyrex\n|-singleturn|p2b: Calyrex|Protect\n|move|p1a: Lunala|Wide Guard|p1a: Lunala\n|-singleturn|p1a: Lunala|Wide Guard\n|move|p2a: Incineroar|U-turn|p1b: Koraidon\n|-resisted|p1b: Koraidon\n|-damage|p1b: Koraidon|88/100 psn\n|\n|t:|1774408408\n|switch|p2a: Miraidon|Miraidon, L50|100/100|[from] U-turn\n|-fieldstart|move: Electric Terrain|[from] ability: Hadron Engine|[of] p2a: Miraidon\n|move|p1b: Koraidon|Breaking Swipe|p2a: Miraidon|[spread] p2a\n|-activate|p2b: Calyrex|move: Protect\n|-supereffective|p2a: Miraidon\n|-damage|p2a: Miraidon|21/100\n|-unboost|p2a: Miraidon|atk|1\n|-damage|p1b: Koraidon|79/100 psn|[from] item: Life Orb\n|\n|-weather|SunnyDay|[upkeep]\n|-heal|p2b: Calyrex|29/100|[from] item: Leftovers\n|-damage|p1b: Koraidon|67/100 psn|[from] psn\n|-fieldend|move: Trick Room\n|upkeep\n|turn|6\n|\n|t:|1774408429\n|move|p2a: Miraidon|Volt Switch|p1a: Lunala\n|-supereffective|p1a: Lunala\n|-damage|p1a: Lunala|0 fnt\n|faint|p1a: Lunala\n|\n|t:|1774408434\n|switch|p2a: Incineroar|Incineroar, L50, F, tera:Bug|31/100|[from] Volt Switch\n|-ability|p2a: Incineroar|Intimidate|boost\n|-unboost|p1b: Koraidon|atk|1\n|move|p1b: Koraidon|Flare Blitz|p2b: Calyrex\n|-supereffective|p2b: Calyrex\n|-damage|p2b: Calyrex|0 fnt\n|faint|p2b: Calyrex\n|-damage|p1b: Koraidon|55/100 psn|[from] Recoil\n|-damage|p1b: Koraidon|46/100 psn|[from] item: Life Orb\n|\n|-weather|SunnyDay|[upkeep]\n|-damage|p1b: Koraidon|34/100 psn|[from] psn\n|upkeep\n|\n|t:|1774408448\n|switch|p1a: Indeedee|Indeedee-F, L50, F|70/100\n|switch|p2b: Miraidon|Miraidon, L50|21/100\n|-activate|p2b: Miraidon|ability: Hadron Engine\n|-status|p1a: Indeedee|psn\n|-fieldstart|move: Psychic Terrain|[from] ability: Psychic Surge|[of] p1a: Indeedee\n|turn|7\n|\n|t:|1774408461\n|move|p1a: Indeedee|Follow Me|p1a: Indeedee\n|-singleturn|p1a: Indeedee|move: Follow Me\n|move|p2b: Miraidon|Snarl|p1b: Koraidon|[spread] p1a\n|-miss|p2b: Miraidon|p1b: Koraidon\n|-supereffective|p1a: Indeedee\n|-damage|p1a: Indeedee|39/100 psn\n|-unboost|p1a: Indeedee|spa|1\n|move|p1b: Koraidon|Breaking Swipe|p2a: Incineroar|[spread] p2a,p2b\n|-supereffective|p2b: Miraidon\n|-damage|p2a: Incineroar|13/100\n|-damage|p2b: Miraidon|0 fnt\n|-unboost|p2a: Incineroar|atk|1\n|faint|p2b: Miraidon\n|-damage|p1b: Koraidon|24/100 psn|[from] item: Life Orb\n|move|p2a: Incineroar|Knock Off|p1a: Indeedee\n|-supereffective|p1a: Indeedee\n|-damage|p1a: Indeedee|0 fnt\n|-enditem|p1a: Indeedee|Safety Goggles|[from] move: Knock Off|[of] p2a: Incineroar\n|faint|p1a: Indeedee\n|\n|-weather|SunnyDay|[upkeep]\n|-damage|p1b: Koraidon|12/100 psn|[from] psn\n|upkeep\n|turn|8\n|\n|t:|1774408484\n|move|p1b: Koraidon|Flare Blitz|p2a: Incineroar\n|-supereffective|p2a: Incineroar\n|-damage|p2a: Incineroar|0 fnt\n|faint|p2a: Incineroar\n|-damage|p1b: Koraidon|7/100 psn|[from] Recoil\n|-damage|p1b: Koraidon|0 fnt|[from] item: Life Orb\n|faint|p1b: Koraidon\n|\n|win|terafireflareblitz\n|raw|terafireflareblitz's rating: 1527 &rarr; <strong>1550</strong><br />(+23 for winning)\n|raw|magyomi's rating: 1586 &rarr; <strong>1563</strong><br />(-23 for losing)\n","uploadtime":1774408484,"views":16,"formatid":"gen9vgc2026regi","rating":1550,"private":0,"password":null}