{"id":"gen9vgc2026regi-2571103406","format":"[Gen 9] VGC 2026 Reg I","players":["4Test4","dramfather clock"],"log":"|j|\u26064Test4\n|j|\u2606dramfather clock\n|html|<table width=\"100%\"><tr><td align=\"left\">4Test4</td><td align=\"right\">dramfather clock</tr><tr><td align=\"left\"><i class=\"fa fa-circle-o\"></i> <i class=\"fa fa-circle-o\"></i> </td><td align=\"right\"><i class=\"fa fa-circle-o\"></i> <i class=\"fa fa-circle-o\"></i> </tr></table>\n|uhtml|bestof|<h2><strong>Game 1</strong> of <a href=\"/game-bestof3-gen9vgc2026regi-2571103405\">a best-of-3</a></h2>\n|t:|1774886464\n|gametype|doubles\n|player|p1|4Test4|blue|\n|player|p2|dramfather clock|2|\n|gen|9\n|tier|[Gen 9] VGC 2026 Reg I\n|rated|Tournament battle\n|rule|Species Clause: Limit one of each Pok\u00e9mon\n|rule|Item Clause: Limit 1 of each item\n|raw|<div class=\"infobox\"><details class=\"readmore\" open><summary><strong>4 custom rules:</strong></summary> Open Team Sheets, Force Open Team Sheets, !Open Team Sheets, Best of = 3</details></div>\n|clearpoke\n|poke|p1|Calyrex-Ice, L50|\n|poke|p1|Miraidon, L50|\n|poke|p1|Klefki, L50, M|\n|poke|p1|Iron Hands, L50|\n|poke|p1|Farigiraf, L50, F|\n|poke|p1|Iron Treads, L50|\n|poke|p2|Calyrex-Shadow, L50|\n|poke|p2|Zamazenta-*, L50|\n|poke|p2|Urshifu-*, L50, M|\n|poke|p2|Landorus, L50, M|\n|poke|p2|Incineroar, L50, M|\n|poke|p2|Whimsicott, L50, M|\n|teampreview|4\n|showteam|p1|Calyrex-Ice||ElectricSeed|AsOneGlastrier|LeechSeed,GlacialLance,TrickRoom,Protect||||||50|,,,,,Normal]Miraidon||Leftovers|HadronEngine|ParabolicCharge,Snarl,CalmMind,Protect||||||50|,,,,,Electric]Klefki||LightClay|Prankster|Reflect,LightScreen,DazzlingGleam,ThunderWave|||M|||50|,,,,,Water]Iron Hands||AssaultVest|QuarkDrive|DrainPunch,FakeOut,LowKick,WildCharge||||||50|,,,,,Bug]Farigiraf||MentalHerb|ArmorTail|HelpingHand,TrickRoom,Imprison,NightShade|||F|||50|,,,,,Fairy]Iron Treads||ChoiceBand|QuarkDrive|HeavySlam,HighHorsepower,KnockOff,Megahorn||||||50|,,,,,Ghost\n|showteam|p2|Calyrex-Shadow||FocusSash|AsOneSpectrier|AstralBarrage,Psychic,Disable,Protect||||||50|,,,,,Ghost]Zamazenta-Crowned||RustedShield|DauntlessShield|BodyPress,HeavySlam,WideGuard,Protect||||||50|,,,,,Dragon]Urshifu-Rapid-Strike||MysticWater|UnseenFist|SurgingStrikes,AquaJet,Taunt,Protect|||M|||50|,,,,,Water]Landorus||LifeOrb|SheerForce|EarthPower,SludgeBomb,Substitute,Protect|||M|||50|,,,,,Water]Incineroar||AssaultVest|Intimidate|FlareBlitz,KnockOff,Uturn,FakeOut|||M|||50|,,,,,Bug]Whimsicott||CovertCloak|Prankster|Tailwind,Moonblast,Encore,Protect|||M|||50|,,,,,Fire\n|\n|t:|1774886489\n|teamsize|p1|4\n|teamsize|p2|4\n|start\n|switch|p1a: Iron Hands|Iron Hands, L50|100/100\n|switch|p1b: Farigiraf|Farigiraf, L50, F|100/100\n|switch|p2a: Incineroar|Incineroar, L50, M|100/100\n|switch|p2b: Landorus|Landorus, L50, M|100/100\n|-ability|p2a: Incineroar|Intimidate|boost\n|-unboost|p1a: Iron Hands|atk|1\n|-unboost|p1b: Farigiraf|atk|1\n|turn|1\n|\n|t:|1774886501\n|move|p1a: Iron Hands|Fake Out|p2a: Incineroar\n|-damage|p2a: Incineroar|90/100\n|move|p2b: Landorus|Substitute|p2b: Landorus\n|-start|p2b: Landorus|Substitute\n|-damage|p2b: Landorus|76/100\n|cant|p2a: Incineroar|flinch\n|move|p1b: Farigiraf|Trick Room|p1b: Farigiraf\n|-fieldstart|move: Trick Room|[of] p1b: Farigiraf\n|\n|upkeep\n|turn|2\n|j| Gordan sun\n|\n|t:|1774886517\n|move|p1a: Iron Hands|Drain Punch|p2b: Landorus\n|-resisted|p2b: Landorus\n|-activate|p2b: Landorus|move: Substitute|[damage]\n|move|p1b: Farigiraf|Night Shade|p2b: Landorus\n|-end|p2b: Landorus|Substitute\n|move|p2a: Incineroar|Knock Off|p1b: Farigiraf\n|-supereffective|p1b: Farigiraf\n|-damage|p1b: Farigiraf|37/100\n|-enditem|p1b: Farigiraf|Mental Herb|[from] move: Knock Off|[of] p2a: Incineroar\n|move|p2b: Landorus|Earth Power|p1a: Iron Hands\n|-supereffective|p1a: Iron Hands\n|-damage|p1a: Iron Hands|25/100\n|\n|upkeep\n|turn|3\n|\n|t:|1774886531\n|move|p1b: Farigiraf|Helping Hand|p1a: Iron Hands\n|-singleturn|p1a: Iron Hands|Helping Hand|[of] p1b: Farigiraf\n|move|p1a: Iron Hands|Drain Punch|p2a: Incineroar\n|-supereffective|p2a: Incineroar\n|-damage|p2a: Incineroar|0 fnt\n|-heal|p1a: Iron Hands|56/100|[from] drain|[of] p2a: Incineroar\n|faint|p2a: Incineroar\n|move|p2b: Landorus|Substitute|p2b: Landorus\n|-start|p2b: Landorus|Substitute\n|-damage|p2b: Landorus|51/100\n|\n|upkeep\n|j| ghostistheman\n|\n|t:|1774886538\n|switch|p2a: Zamazenta|Zamazenta-Crowned, L50|100/100\n|-ability|p2a: Zamazenta|Dauntless Shield|boost\n|-boost|p2a: Zamazenta|def|1\n|turn|4\n|l| Gordan sun\n|\n|t:|1774886557\n|-terastallize|p2a: Zamazenta|Dragon\n|move|p1a: Iron Hands|Low Kick|p2a: Zamazenta\n|-damage|p2a: Zamazenta|81/100\n|move|p1b: Farigiraf|Night Shade|p2b: Landorus\n|-end|p2b: Landorus|Substitute\n|move|p2b: Landorus|Earth Power|p1a: Iron Hands\n|-supereffective|p1a: Iron Hands\n|-damage|p1a: Iron Hands|0 fnt\n|faint|p1a: Iron Hands\n|-end|p1a: Iron Hands|Quark Drive|[silent]\n|move|p2a: Zamazenta|Body Press|p1b: Farigiraf\n|-damage|p1b: Farigiraf|0 fnt\n|faint|p1b: Farigiraf\n|\n|upkeep\n|\n|t:|1774886568\n|switch|p1a: Miraidon|Miraidon, L50|100/100\n|switch|p1b: Calyrex|Calyrex-Ice, L50|100/100\n|-ability|p1b: Calyrex|As One\n|-ability|p1b: Calyrex|Unnerve\n|-fieldstart|move: Electric Terrain|[from] ability: Hadron Engine|[of] p1a: Miraidon\n|-enditem|p1b: Calyrex|Electric Seed\n|-boost|p1b: Calyrex|def|1|[from] item: Electric Seed\n|turn|5\n|\n|t:|1774886584\n|move|p2a: Zamazenta|Wide Guard|p2a: Zamazenta\n|-singleturn|p2a: Zamazenta|Wide Guard\n|move|p1b: Calyrex|Leech Seed|p2b: Landorus\n|-start|p2b: Landorus|move: Leech Seed\n|move|p2b: Landorus|Substitute|p2b: Landorus\n|-start|p2b: Landorus|Substitute\n|-damage|p2b: Landorus|27/100\n|move|p1a: Miraidon|Calm Mind|p1a: Miraidon\n|-boost|p1a: Miraidon|spa|1\n|-boost|p1a: Miraidon|spd|1\n|\n|-damage|p2b: Landorus|14/100|[from] Leech Seed|[of] p1b: Calyrex\n|-fieldend|move: Trick Room\n|upkeep\n|turn|6\n|\n|t:|1774886594\n|move|p1a: Miraidon|Protect|p1a: Miraidon\n|-singleturn|p1a: Miraidon|Protect\n|move|p1b: Calyrex|Protect|p1b: Calyrex\n|-singleturn|p1b: Calyrex|Protect\n|move|p2a: Zamazenta|Wide Guard|p2a: Zamazenta\n|-singleturn|p2a: Zamazenta|Wide Guard\n|move|p2b: Landorus|Earth Power|p1a: Miraidon\n|-activate|p1a: Miraidon|move: Protect\n|\n|-damage|p2b: Landorus|2/100|[from] Leech Seed|[of] p1b: Calyrex\n|upkeep\n|turn|7\n|\n|t:|1774886617\n|move|p2a: Zamazenta|Body Press|p1a: Miraidon\n|-damage|p1a: Miraidon|46/100\n|move|p1a: Miraidon|Calm Mind|p1a: Miraidon\n|-boost|p1a: Miraidon|spa|1\n|-boost|p1a: Miraidon|spd|1\n|move|p2b: Landorus|Earth Power|p1a: Miraidon\n|-supereffective|p1a: Miraidon\n|-damage|p1a: Miraidon|0 fnt\n|faint|p1a: Miraidon\n|move|p1b: Calyrex|Leech Seed|p2a: Zamazenta\n|-start|p2a: Zamazenta|move: Leech Seed\n|\n|-damage|p2a: Zamazenta|69/100|[from] Leech Seed|[of] p1b: Calyrex\n|-damage|p2b: Landorus|0 fnt|[from] Leech Seed|[of] p1b: Calyrex\n|faint|p2b: Landorus\n|upkeep\n|\n|t:|1774886619\n|switch|p2b: Calyrex|Calyrex-Shadow, L50|100/100\n|-ability|p2b: Calyrex|As One\n|-ability|p2b: Calyrex|Unnerve\n|turn|8\n|\n|t:|1774886648\n|-terastallize|p1b: Calyrex|Normal\n|move|p2b: Calyrex|Psychic|p1b: Calyrex\n|-damage|p1b: Calyrex|70/100\n|move|p2a: Zamazenta|Body Press|p1b: Calyrex\n|-supereffective|p1b: Calyrex\n|-damage|p1b: Calyrex|24/100\n|move|p1b: Calyrex|Trick Room|p1b: Calyrex\n|-fieldstart|move: Trick Room|[of] p1b: Calyrex\n|\n|-damage|p2a: Zamazenta|57/100|[from] Leech Seed|[of] p1b: Calyrex\n|-heal|p1b: Calyrex|34/100|[silent]\n|upkeep\n|turn|9\n|\n|t:|1774886662\n|move|p1b: Calyrex|Protect|p1b: Calyrex\n|-singleturn|p1b: Calyrex|Protect\n|move|p2a: Zamazenta|Body Press|p1b: Calyrex\n|-activate|p1b: Calyrex|move: Protect\n|move|p2b: Calyrex|Psychic|p1b: Calyrex\n|-activate|p1b: Calyrex|move: Protect\n|\n|-damage|p2a: Zamazenta|45/100|[from] Leech Seed|[of] p1b: Calyrex\n|-heal|p1b: Calyrex|44/100|[silent]\n|-fieldend|move: Electric Terrain\n|upkeep\n|turn|10\n|j| atwilko\n|\n|t:|1774886677\n|move|p2a: Zamazenta|Wide Guard|p2a: Zamazenta\n|-singleturn|p2a: Zamazenta|Wide Guard\n|move|p1b: Calyrex|Glacial Lance|p2a: Zamazenta|[spread] \n|-activate|p2a: Zamazenta|move: Wide Guard\n|-activate|p2b: Calyrex|move: Wide Guard\n|move|p2b: Calyrex|Psychic|p1b: Calyrex\n|-damage|p1b: Calyrex|10/100\n|\n|-damage|p2a: Zamazenta|33/100|[from] Leech Seed|[of] p1b: Calyrex\n|-heal|p1b: Calyrex|20/100|[silent]\n|upkeep\n|turn|11\n|\n|t:|1774886684\n|move|p1b: Calyrex|Protect|p1b: Calyrex\n|-singleturn|p1b: Calyrex|Protect\n|move|p2a: Zamazenta|Wide Guard|p2a: Zamazenta\n|-singleturn|p2a: Zamazenta|Wide Guard\n|move|p2b: Calyrex|Psychic|p1b: Calyrex\n|-activate|p1b: Calyrex|move: Protect\n|\n|-damage|p2a: Zamazenta|21/100|[from] Leech Seed|[of] p1b: Calyrex\n|-heal|p1b: Calyrex|30/100|[silent]\n|upkeep\n|turn|12\n|\n|t:|1774886689\n|move|p2a: Zamazenta|Wide Guard|p2a: Zamazenta\n|-singleturn|p2a: Zamazenta|Wide Guard\n|move|p1b: Calyrex|Leech Seed|p2b: Calyrex\n|-start|p2b: Calyrex|move: Leech Seed\n|move|p2b: Calyrex|Psychic|p1b: Calyrex\n|-damage|p1b: Calyrex|0 fnt\n|faint|p1b: Calyrex\n|\n|win|dramfather clock\n||dramfather clock is ready for game 2.\n|j| TG511\n|l|\u26064Test4\n|player|p1|\n|l| atwilko\n|inactive|4Test4 has 30 seconds to confirm battle start!\n||4Test4 is ready for game 2.\n|uhtml|next|Next: <a href=\"/battle-gen9vgc2026regi-2571106417\"><strong>Game 2 of 3</strong></a>\n|l| TG511\n|l|\u2606dramfather clock\n|player|p2|\n|j| aurora ltd\n","uploadtime":1774886956,"views":8,"formatid":"gen9vgc2026regi","rating":null,"private":0,"password":null}