{"id":"gen9vgc2026regi-2568854741","format":"[Gen 9] VGC 2026 Reg I","players":["isthis6thgood","BanKingambit69247"],"log":"|j|\u2606isthis6thgood\n|j|\u2606BanKingambit69247\n|t:|1774628227\n|gametype|doubles\n|player|p1|isthis6thgood|102|1549\n|player|p2|BanKingambit69247|1|1558\n|gen|9\n|tier|[Gen 9] VGC 2026 Reg I\n|rated|\n|rule|Species Clause: Limit one of each Pok\u00e9mon\n|rule|Item Clause: Limit 1 of each item\n|clearpoke\n|poke|p1|Miraidon, L50|\n|poke|p1|Lunala, L50|\n|poke|p1|Whimsicott, L50, F|\n|poke|p1|Urshifu-*, L50, M|\n|poke|p1|Incineroar, L50, F|\n|poke|p1|Ursaluna, L50, F|\n|poke|p2|Calyrex-Shadow, L50|\n|poke|p2|Zamazenta-*, L50|\n|poke|p2|Chien-Pao, L50|\n|poke|p2|Ogerpon-Wellspring, L50, F|\n|poke|p2|Smeargle, L50, F|\n|poke|p2|Indeedee-F, L50, F|\n|teampreview|4\n|inactive|Battle timer is ON: inactive players will automatically lose when time's up. (requested by BanKingambit69247)\n|j| We Dull Test\n|\n|t:|1774628243\n|teamsize|p1|4\n|teamsize|p2|4\n|start\n|switch|p1a: Lunala|Lunala, L50|100/100\n|switch|p1b: Miraidon|Miraidon, L50|100/100\n|switch|p2a: \u6211\u5927\u54e5|Smeargle, L50, F|100/100\n|switch|p2b: \u8bf6\u4f60\u600e\u4e48\u6b7b\u4e86?\u267f\u267f\u267f|Calyrex-Shadow, L50|100/100\n|-ability|p2b: \u8bf6\u4f60\u600e\u4e48\u6b7b\u4e86?\u267f\u267f\u267f|As One\n|-ability|p2b: \u8bf6\u4f60\u600e\u4e48\u6b7b\u4e86?\u267f\u267f\u267f|Unnerve\n|-fieldstart|move: Electric Terrain|[from] ability: Hadron Engine|[of] p1b: Miraidon\n|-enditem|p1a: Lunala|Electric Seed\n|-boost|p1a: Lunala|def|1|[from] item: Electric Seed\n|turn|1\n|inactive|isthis6thgood has 30 seconds left.\n|\n|t:|1774628275\n|switch|p1b: Ursaluna|Ursaluna, L50, F|100/100\n|-terastallize|p2b: \u8bf6\u4f60\u600e\u4e48\u6b7b\u4e86?\u267f\u267f\u267f|Ghost\n|move|p2a: \u6211\u5927\u54e5|Feint|p1b: Ursaluna\n|-damage|p1b: Ursaluna|93/100\n|move|p2b: \u8bf6\u4f60\u600e\u4e48\u6b7b\u4e86?\u267f\u267f\u267f|Astral Barrage|p1b: Ursaluna|[spread] p1a\n|-immune|p1b: Ursaluna\n|-supereffective|p1a: Lunala\n|-damage|p1a: Lunala|0 fnt\n|faint|p1a: Lunala\n|-ability|p2b: \u8bf6\u4f60\u600e\u4e48\u6b7b\u4e86?\u267f\u267f\u267f|Grim Neigh|boost\n|-boost|p2b: \u8bf6\u4f60\u600e\u4e48\u6b7b\u4e86?\u267f\u267f\u267f|spa|1\n|\n|-status|p1b: Ursaluna|brn|[from] item: Flame Orb\n|upkeep\n|\n|t:|1774628294\n|switch|p1a: Incineroar|Incineroar, L50, F|100/100\n|-ability|p1a: Incineroar|Intimidate|boost\n|-unboost|p2a: \u6211\u5927\u54e5|atk|1\n|-unboost|p2b: \u8bf6\u4f60\u600e\u4e48\u6b7b\u4e86?\u267f\u267f\u267f|atk|1\n|turn|2\n|l| We Dull Test\n|\n|t:|1774628316\n|switch|p2b: \u5f3a\u8005\u5c31\u662f\u8981\u7f9e\u8fb1\u5f31\u8005\ud83d\udc36\ud83d\udc36\ud83d\udc36|Zamazenta-Crowned, L50|100/100\n|-ability|p2b: \u5f3a\u8005\u5c31\u662f\u8981\u7f9e\u8fb1\u5f31\u8005\ud83d\udc36\ud83d\udc36\ud83d\udc36|Dauntless Shield|boost\n|-boost|p2b: \u5f3a\u8005\u5c31\u662f\u8981\u7f9e\u8fb1\u5f31\u8005\ud83d\udc36\ud83d\udc36\ud83d\udc36|def|1\n|move|p2a: \u6211\u5927\u54e5|Follow Me|p2a: \u6211\u5927\u54e5\n|-singleturn|p2a: \u6211\u5927\u54e5|move: Follow Me\n|move|p1a: Incineroar|Knock Off|p2a: \u6211\u5927\u54e5\n|-enditem|p2a: \u6211\u5927\u54e5|Focus Sash\n|-damage|p2a: \u6211\u5927\u54e5|1/100\n|move|p1b: Ursaluna|Facade|p2a: \u6211\u5927\u54e5\n|-damage|p2a: \u6211\u5927\u54e5|0 fnt\n|faint|p2a: \u6211\u5927\u54e5\n|\n|-damage|p1b: Ursaluna|87/100 brn|[from] brn\n|upkeep\n|\n|t:|1774628318\n|switch|p2a: \u8bf6\u4f60\u600e\u4e48\u6b7b\u4e86?\u267f\u267f\u267f|Calyrex-Shadow, L50, tera:Ghost|100/100\n|-ability|p2a: \u8bf6\u4f60\u600e\u4e48\u6b7b\u4e86?\u267f\u267f\u267f|As One\n|-ability|p2a: \u8bf6\u4f60\u600e\u4e48\u6b7b\u4e86?\u267f\u267f\u267f|Unnerve\n|turn|3\n|\n|t:|1774628340\n|-terastallize|p1a: Incineroar|Bug\n|move|p1b: Ursaluna|Protect|p1b: Ursaluna\n|-singleturn|p1b: Ursaluna|Protect\n|move|p2a: \u8bf6\u4f60\u600e\u4e48\u6b7b\u4e86?\u267f\u267f\u267f|Astral Barrage|p1b: Ursaluna|[spread] p1a\n|-activate|p1b: Ursaluna|move: Protect\n|-damage|p1a: Incineroar|32/100\n|move|p2b: \u5f3a\u8005\u5c31\u662f\u8981\u7f9e\u8fb1\u5f31\u8005\ud83d\udc36\ud83d\udc36\ud83d\udc36|Body Press|p1b: Ursaluna\n|-activate|p1b: Ursaluna|move: Protect\n|move|p1a: Incineroar|Knock Off|p2a: \u8bf6\u4f60\u600e\u4e48\u6b7b\u4e86?\u267f\u267f\u267f\n|-supereffective|p2a: \u8bf6\u4f60\u600e\u4e48\u6b7b\u4e86?\u267f\u267f\u267f\n|-damage|p2a: \u8bf6\u4f60\u600e\u4e48\u6b7b\u4e86?\u267f\u267f\u267f|0 fnt\n|-enditem|p2a: \u8bf6\u4f60\u600e\u4e48\u6b7b\u4e86?\u267f\u267f\u267f|Choice Specs|[from] move: Knock Off|[of] p1a: Incineroar\n|faint|p2a: \u8bf6\u4f60\u600e\u4e48\u6b7b\u4e86?\u267f\u267f\u267f\n|\n|-damage|p1b: Ursaluna|81/100 brn|[from] brn\n|upkeep\n|\n|t:|1774628346\n|switch|p2a: \u60f3\u51ff\u5384\u8be1\u692a(\u76f4\u7403)|Ogerpon-Wellspring, L50, F|100/100\n|turn|4\n|\n|t:|1774628367\n|move|p2b: \u5f3a\u8005\u5c31\u662f\u8981\u7f9e\u8fb1\u5f31\u8005\ud83d\udc36\ud83d\udc36\ud83d\udc36|Body Press|p1b: Ursaluna\n|-supereffective|p1b: Ursaluna\n|-damage|p1b: Ursaluna|0 fnt\n|faint|p1b: Ursaluna\n|move|p2a: \u60f3\u51ff\u5384\u8be1\u692a(\u76f4\u7403)|Ivy Cudgel|p1a: Incineroar|[anim] Ivy Cudgel Water\n|-damage|p1a: Incineroar|0 fnt\n|faint|p1a: Incineroar\n|\n|upkeep\n|\n|t:|1774628377\n|switch|p1b: Miraidon|Miraidon, L50|100/100\n|-activate|p1b: Miraidon|ability: Hadron Engine\n|turn|5\n|\n|t:|1774628383\n|move|p2a: \u60f3\u51ff\u5384\u8be1\u692a(\u76f4\u7403)|Follow Me|p2a: \u60f3\u51ff\u5384\u8be1\u692a(\u76f4\u7403)\n|-singleturn|p2a: \u60f3\u51ff\u5384\u8be1\u692a(\u76f4\u7403)|move: Follow Me\n|move|p1b: Miraidon|Electro Drift|p2a: \u60f3\u51ff\u5384\u8be1\u692a(\u76f4\u7403)\n|-damage|p2a: \u60f3\u51ff\u5384\u8be1\u692a(\u76f4\u7403)|0 fnt\n|faint|p2a: \u60f3\u51ff\u5384\u8be1\u692a(\u76f4\u7403)\n|-damage|p1b: Miraidon|91/100|[from] item: Life Orb\n|move|p2b: \u5f3a\u8005\u5c31\u662f\u8981\u7f9e\u8fb1\u5f31\u8005\ud83d\udc36\ud83d\udc36\ud83d\udc36|Body Press|p1b: Miraidon\n|-damage|p1b: Miraidon|20/100\n|\n|-fieldend|move: Electric Terrain\n|upkeep\n|turn|6\n|\n|t:|1774628396\n|move|p1b: Miraidon|Electro Drift|p2b: \u5f3a\u8005\u5c31\u662f\u8981\u7f9e\u8fb1\u5f31\u8005\ud83d\udc36\ud83d\udc36\ud83d\udc36\n|-damage|p2b: \u5f3a\u8005\u5c31\u662f\u8981\u7f9e\u8fb1\u5f31\u8005\ud83d\udc36\ud83d\udc36\ud83d\udc36|47/100\n|-damage|p1b: Miraidon|11/100|[from] item: Life Orb\n|move|p2b: \u5f3a\u8005\u5c31\u662f\u8981\u7f9e\u8fb1\u5f31\u8005\ud83d\udc36\ud83d\udc36\ud83d\udc36|Body Press|p1b: Miraidon\n|-damage|p1b: Miraidon|0 fnt\n|faint|p1b: Miraidon\n|\n|win|BanKingambit69247\n|raw|isthis6thgood's rating: 1549 &rarr; <strong>1530</strong><br />(-19 for losing)\n|raw|BanKingambit69247's rating: 1558 &rarr; <strong>1577</strong><br />(+19 for winning)\n|l|\u2606BanKingambit69247\n|player|p2|\n|l|\u2606isthis6thgood\n|player|p1|\n","uploadtime":1774628583,"views":30,"formatid":"gen9vgc2026regi","rating":1530,"private":0,"password":null}