{"id":"gen9vgc2026regi-2565749124","format":"[Gen 9] VGC 2026 Reg I","players":["AstralFrottage","sheeshshane925"],"log":"|j|\u2606AstralFrottage\n|j|\u2606sheeshshane925\n|t:|1774300757\n|gametype|doubles\n|player|p1|AstralFrottage|101|1509\n|player|p2|sheeshshane925|chuck|1490\n|gen|9\n|tier|[Gen 9] VGC 2026 Reg I\n|rated|\n|rule|Species Clause: Limit one of each Pok\u00e9mon\n|rule|Item Clause: Limit 1 of each item\n|clearpoke\n|poke|p1|Sneasler, L50, M|\n|poke|p1|Tatsugiri, L50, F|\n|poke|p1|Dondozo, L50, M|\n|poke|p1|Miraidon, L50|\n|poke|p1|Whimsicott, L50, M|\n|poke|p1|Calyrex-Shadow, L50|\n|poke|p2|Calyrex-Ice, L50|\n|poke|p2|Miraidon, L50|\n|poke|p2|Farigiraf, L50, M|\n|poke|p2|Iron Hands, L50|\n|poke|p2|Scraggy, L50, F|\n|poke|p2|Iron Bundle, L50|\n|teampreview|4\n|\n|t:|1774300781\n|teamsize|p1|4\n|teamsize|p2|4\n|start\n|switch|p1a: Hot Topic|Sneasler, L50, M|100/100\n|switch|p1b: The Porche|Miraidon, L50|100/100\n|switch|p2a: Iron Hands|Iron Hands, L50|100/100\n|switch|p2b: Farigiraf|Farigiraf, L50, M, shiny|100/100\n|-fieldstart|move: Electric Terrain|[from] ability: Hadron Engine|[of] p1b: The Porche\n|-enditem|p1a: Hot Topic|Electric Seed\n|-boost|p1a: Hot Topic|def|1|[from] item: Electric Seed\n|-enditem|p2b: Farigiraf|Electric Seed\n|-boost|p2b: Farigiraf|def|1|[from] item: Electric Seed\n|-activate|p2a: Iron Hands|ability: Quark Drive\n|-start|p2a: Iron Hands|quarkdriveatk\n|turn|1\n|inactive|Battle timer is ON: inactive players will automatically lose when time's up. (requested by sheeshshane925)\n|\n|t:|1774300815\n|move|p2a: Iron Hands|Fake Out|p1b: The Porche\n|-damage|p1b: The Porche|82/100\n|move|p1a: Hot Topic|Toxic Spikes|p2a: Iron Hands\n|-sidestart|p2: sheeshshane925|move: Toxic Spikes\n|cant|p1b: The Porche|flinch\n|move|p2b: Farigiraf|Trick Room|p2b: Farigiraf\n|-fieldstart|move: Trick Room|[of] p2b: Farigiraf\n|\n|upkeep\n|turn|2\n|\n|t:|1774300832\n|move|p2a: Iron Hands|Low Kick|p1b: The Porche\n|-damage|p1b: The Porche|10/100\n|move|p2b: Farigiraf|Psychic|p1a: Hot Topic\n|-supereffective|p1a: Hot Topic\n|-damage|p1a: Hot Topic|0 fnt\n|faint|p1a: Hot Topic\n|move|p1b: The Porche|Electro Drift|p2b: Farigiraf\n|-damage|p2b: Farigiraf|16/100\n|\n|upkeep\n|\n|t:|1774300837\n|switch|p1a: Me|Dondozo, L50, M|100/100\n|turn|3\n|\n|t:|1774300862\n|switch|p1b: And Who?|Tatsugiri, L50, F|100/100\n|-activate|p1b: And Who?|ability: Commander|[of] p1a: Me\n|-boost|p1a: Me|atk|2\n|-boost|p1a: Me|spa|2\n|-boost|p1a: Me|spe|2\n|-boost|p1a: Me|def|2\n|-boost|p1a: Me|spd|2\n|move|p2a: Iron Hands|Low Kick|p1a: Me\n|-damage|p1a: Me|72/100\n|move|p2b: Farigiraf|Psychic|p1b: And Who?|[miss]\n|-miss|p2b: Farigiraf|p1b: And Who?\n|move|p1a: Me|Earthquake|p2a: Iron Hands|[spread] p2a,p2b\n|-miss|p1a: Me|p1b: And Who?\n|-supereffective|p2a: Iron Hands\n|-damage|p2a: Iron Hands|51/100\n|-damage|p2b: Farigiraf|0 fnt\n|faint|p2b: Farigiraf\n|\n|-heal|p1a: Me|78/100|[from] item: Leftovers\n|upkeep\n|\n|t:|1774300880\n|switch|p2b: Calyrex|Calyrex-Ice, L50|100/100\n|-ability|p2b: Calyrex|As One\n|-ability|p2b: Calyrex|Unnerve\n|-status|p2b: Calyrex|psn\n|turn|4\n|\n|t:|1774300891\n|move|p1a: Me|Protect|p1a: Me\n|-singleturn|p1a: Me|Protect\n|move|p2a: Iron Hands|Wild Charge|p1a: Me\n|-activate|p1a: Me|move: Protect\n|move|p2b: Calyrex|High Horsepower|p1a: Me\n|-activate|p1a: Me|move: Protect\n|\n|-heal|p1a: Me|84/100|[from] item: Leftovers\n|-damage|p2b: Calyrex|88/100 psn|[from] psn\n|upkeep\n|turn|5\n|\n|t:|1774300915\n|-terastallize|p1a: Me|Electric\n|move|p2b: Calyrex|Glacial Lance|p1a: Me|[spread] p1a\n|-miss|p2b: Calyrex|p1b: And Who?\n|-damage|p1a: Me|62/100\n|move|p2a: Iron Hands|Low Kick|p1a: Me\n|-damage|p1a: Me|31/100\n|move|p1a: Me|Earthquake|p2b: Calyrex|[spread] p2a,p2b\n|-miss|p1a: Me|p1b: And Who?\n|-supereffective|p2a: Iron Hands\n|-damage|p2a: Iron Hands|1/100\n|-damage|p2b: Calyrex|63/100 psn\n|\n|-heal|p1a: Me|37/100|[from] item: Leftovers\n|-damage|p2b: Calyrex|51/100 psn|[from] psn\n|-fieldend|move: Trick Room\n|-fieldend|move: Electric Terrain\n|-end|p2a: Iron Hands|Quark Drive\n|upkeep\n|turn|6\n|\n|t:|1774300936\n|-end|p2a: Iron Hands|Quark Drive|[silent]\n|switch|p2a: Scraggy|Scraggy, L50, F|100/100\n|-status|p2a: Scraggy|psn\n|-ability|p2a: Scraggy|Intimidate|boost\n|-unboost|p1a: Me|atk|1\n|-unboost|p1b: And Who?|atk|1\n|move|p1a: Me|Earthquake|p2b: Calyrex|[spread] p2a,p2b\n|-miss|p1a: Me|p1b: And Who?\n|-damage|p2a: Scraggy|73/100 psn\n|-damage|p2b: Calyrex|34/100 psn\n|move|p2b: Calyrex|Trick Room|p2b: Calyrex\n|-fieldstart|move: Trick Room|[of] p2b: Calyrex\n|\n|-heal|p1a: Me|43/100|[from] item: Leftovers\n|-damage|p2a: Scraggy|61/100 psn|[from] psn\n|-damage|p2b: Calyrex|22/100 psn|[from] psn\n|upkeep\n|turn|7\n|\n|t:|1774300955\n|move|p1a: Me|Protect|p1a: Me\n|-singleturn|p1a: Me|Protect\n|move|p2a: Scraggy|Foul Play|p1a: Me\n|-activate|p1a: Me|move: Protect\n|move|p2b: Calyrex|Glacial Lance|p1a: Me|[spread] \n|-miss|p2b: Calyrex|p1b: And Who?\n|-activate|p1a: Me|move: Protect\n|\n|-heal|p1a: Me|49/100|[from] item: Leftovers\n|-damage|p2a: Scraggy|49/100 psn|[from] psn\n|-damage|p2b: Calyrex|10/100 psn|[from] psn\n|upkeep\n|turn|8\n|\n|t:|1774300972\n|move|p2a: Scraggy|Endeavor|p1a: Me\n|-damage|p1a: Me|26/100\n|move|p2b: Calyrex|Glacial Lance|p1b: And Who?|[spread] p1a\n|-miss|p2b: Calyrex|p1b: And Who?\n|-damage|p1a: Me|6/100\n|move|p1a: Me|Earthquake|p2a: Scraggy|[spread] p2a,p2b\n|-miss|p1a: Me|p1b: And Who?\n|-damage|p2a: Scraggy|20/100 psn\n|-damage|p2b: Calyrex|0 fnt\n|faint|p2b: Calyrex\n|\n|-heal|p1a: Me|12/100|[from] item: Leftovers\n|-damage|p2a: Scraggy|8/100 psn|[from] psn\n|upkeep\n|\n|t:|1774300980\n|switch|p2b: Iron Hands|Iron Hands, L50|1/100\n|-status|p2b: Iron Hands|psn\n|turn|9\n|-message|sheeshshane925 forfeited.\n|\n|win|AstralFrottage\n|raw|AstralFrottage's rating: 1509 &rarr; <strong>1528</strong><br />(+19 for winning)\n|raw|sheeshshane925's rating: 1490 &rarr; <strong>1471</strong><br />(-19 for losing)\n|l|\u2606sheeshshane925\n|player|p2|\n|l|\u2606AstralFrottage\n|player|p1|\n|j|\u2606AstralFrottage\n|player|p1|AstralFrottage|101|\n|l|\u2606AstralFrottage\n|player|p1|\n","uploadtime":1774301071,"views":18,"formatid":"gen9vgc2026regi","rating":1471,"private":0,"password":null}