{"id":"gen9vgc2026regi-2587501471","format":"[Gen 9] VGC 2026 Reg I","players":["LeafStoned","pumpkinflame"],"log":"|j|\u2606LeafStoned\n|j|\u2606pumpkinflame\n|t:|1776537200\n|gametype|doubles\n|player|p1|LeafStoned|1|1451\n|player|p2|pumpkinflame|adaman-masters|1447\n|gen|9\n|tier|[Gen 9] VGC 2026 Reg I\n|rated|\n|rule|Species Clause: Limit one of each Pok\u00e9mon\n|rule|Item Clause: Limit 1 of each item\n|clearpoke\n|poke|p1|Amoonguss, L50, F|\n|poke|p1|Incineroar, L50, M|\n|poke|p1|Scream Tail, L50|\n|poke|p1|Koraidon, L50|\n|poke|p1|Calyrex-Shadow, L50|\n|poke|p1|Gothitelle, L50, F|\n|poke|p2|Kyogre, L50|\n|poke|p2|Archaludon, L50, F|\n|poke|p2|Rillaboom, L50, F|\n|poke|p2|Roaring Moon, L50|\n|poke|p2|Calyrex-Ice, L50|\n|poke|p2|Incineroar, L50, F|\n|teampreview|4\n|\n|t:|1776537310\n|teamsize|p1|4\n|teamsize|p2|4\n|start\n|switch|p1a: Incineroar|Incineroar, L50, M|100/100\n|switch|p1b: Gothitelle|Gothitelle, L50, F|100/100\n|switch|p2a: Salamence Megav2|Roaring Moon, L50|100/100\n|switch|p2b: Freak|Incineroar, L50, F|100/100\n|-ability|p2b: Freak|Intimidate|boost\n|-unboost|p1a: Incineroar|atk|1\n|-unboost|p1b: Gothitelle|atk|1\n|-ability|p1a: Incineroar|Intimidate|boost\n|-unboost|p2a: Salamence Megav2|atk|1\n|-unboost|p2b: Freak|atk|1\n|-enditem|p2a: Salamence Megav2|Booster Energy\n|-activate|p2a: Salamence Megav2|ability: Protosynthesis|[fromitem]\n|-start|p2a: Salamence Megav2|protosynthesisspe\n|turn|1\n|\n|t:|1776537365\n|-terastallize|p1b: Gothitelle|Water\n|move|p1b: Gothitelle|Fake Out|p2a: Salamence Megav2\n|-damage|p2a: Salamence Megav2|96/100\n|cant|p2a: Salamence Megav2|flinch\n|move|p2b: Freak|Knock Off|p1b: Gothitelle\n|-crit|p1b: Gothitelle\n|-damage|p1b: Gothitelle|46/100\n|-enditem|p1b: Gothitelle|Leftovers|[from] move: Knock Off|[of] p2b: Freak\n|move|p1a: Incineroar|Parting Shot|p2a: Salamence Megav2\n|-unboost|p2a: Salamence Megav2|atk|1\n|-unboost|p2a: Salamence Megav2|spa|1\n|\n|t:|1776537403\n|switch|p1a: Koraidon|Koraidon, L50|100/100|[from] Parting Shot\n|-weather|SunnyDay|[from] ability: Orichalcum Pulse|[of] p1a: Koraidon\n|-activate|p1a: Koraidon|Orichalcum Pulse|[source]\n|\n|-weather|SunnyDay|[upkeep]\n|upkeep\n|turn|2\n|\n|t:|1776537426\n|switch|p1b: Incineroar|Incineroar, L50, M|100/100\n|-ability|p1b: Incineroar|Intimidate|boost\n|-unboost|p2a: Salamence Megav2|atk|1\n|-unboost|p2b: Freak|atk|1\n|move|p2a: Salamence Megav2|Tailwind|p2a: Salamence Megav2\n|-sidestart|p2: pumpkinflame|move: Tailwind\n|move|p1a: Koraidon|Close Combat|p2b: Freak\n|-supereffective|p2b: Freak\n|-damage|p2b: Freak|0 fnt\n|-unboost|p1a: Koraidon|def|1\n|-unboost|p1a: Koraidon|spd|1\n|-damage|p1a: Koraidon|84/100|[from] item: Rocky Helmet|[of] p2b: Freak\n|faint|p2b: Freak\n|-damage|p1a: Koraidon|74/100|[from] item: Life Orb\n|\n|-weather|SunnyDay|[upkeep]\n|upkeep\n|inactive|Battle timer is ON: inactive players will automatically lose when time's up. (requested by LeafStoned)\n|\n|t:|1776537442\n|switch|p2b: K.O|Kyogre, L50|100/100\n|-weather|RainDance|[from] ability: Drizzle|[of] p2b: K.O\n|turn|3\n|\n|t:|1776537452\n|switch|p1a: Scream Tail|Scream Tail, L50|100/100\n|-enditem|p1a: Scream Tail|Booster Energy\n|-activate|p1a: Scream Tail|ability: Protosynthesis|[fromitem]\n|-start|p1a: Scream Tail|protosynthesisspe\n|-terastallize|p2a: Salamence Megav2|Flying\n|move|p2b: K.O|Protect|p2b: K.O\n|-singleturn|p2b: K.O|Protect\n|move|p1b: Incineroar|Fake Out|p2b: K.O\n|-activate|p2b: K.O|move: Protect\n|move|p2a: Salamence Megav2|Acrobatics|p1a: Scream Tail\n|-damage|p1a: Scream Tail|80/100\n|\n|-weather|RainDance|[upkeep]\n|upkeep\n|turn|4\n|\n|t:|1776537478\n|move|p2a: Salamence Megav2|Knock Off|p1a: Scream Tail\n|-damage|p1a: Scream Tail|69/100\n|move|p1a: Scream Tail|Encore|p2b: K.O\n|-start|p2b: K.O|Encore\n|move|p2b: K.O|Protect|p2b: K.O\n|-singleturn|p2b: K.O|Protect\n|move|p1b: Incineroar|Parting Shot|p2a: Salamence Megav2\n|-unboost|p2a: Salamence Megav2|atk|1\n|-unboost|p2a: Salamence Megav2|spa|1\n|\n|t:|1776537489\n|switch|p1b: Gothitelle|Gothitelle, L50, F, tera:Water|46/100|[from] Parting Shot\n|\n|-weather|RainDance|[upkeep]\n|upkeep\n|turn|5\n|inactive|LeafStoned has 30 seconds left.\n|inactive|LeafStoned has 20 seconds left.\n|\n|t:|1776537529\n|move|p2b: K.O|Protect||[still]\n|-fail|p2b: K.O\n|move|p1b: Gothitelle|Fake Out|p2a: Salamence Megav2\n|-damage|p2a: Salamence Megav2|89/100\n|cant|p2a: Salamence Megav2|flinch\n|move|p1a: Scream Tail|Perish Song|p1a: Scream Tail\n|-start|p1a: Scream Tail|perish3|[silent]\n|-start|p1b: Gothitelle|perish3|[silent]\n|-start|p2a: Salamence Megav2|perish3|[silent]\n|-start|p2b: K.O|perish3|[silent]\n|-fieldactivate|move: Perish Song\n|\n|-weather|RainDance|[upkeep]\n|-start|p2a: Salamence Megav2|perish3\n|-start|p1a: Scream Tail|perish3\n|-start|p2b: K.O|perish3\n|-start|p1b: Gothitelle|perish3\n|-sideend|p2: pumpkinflame|move: Tailwind\n|upkeep\n|turn|6\n|inactive|LeafStoned has 30 seconds left.\n|inactive|pumpkinflame has 30 seconds left.\n|inactive|LeafStoned has 20 seconds left.\n|inactive|pumpkinflame has 20 seconds left.\n|inactive|LeafStoned has 15 seconds left.\n|inactive|pumpkinflame has 15 seconds left.\n|inactive|pumpkinflame has 10 seconds left.\n|\n|t:|1776537576\n|move|p2b: K.O|Protect|p2b: K.O\n|-singleturn|p2b: K.O|Protect\n|move|p1b: Gothitelle|Protect|p1b: Gothitelle\n|-singleturn|p1b: Gothitelle|Protect\n|move|p2a: Salamence Megav2|Acrobatics|p1b: Gothitelle\n|-activate|p1b: Gothitelle|move: Protect\n|move|p1a: Scream Tail|Encore|p2a: Salamence Megav2\n|-start|p2a: Salamence Megav2|Encore\n|\n|-weather|RainDance|[upkeep]\n|-end|p2b: K.O|Encore\n|-start|p2a: Salamence Megav2|perish2\n|-start|p1a: Scream Tail|perish2\n|-start|p2b: K.O|perish2\n|-start|p1b: Gothitelle|perish2\n|upkeep\n|turn|7\n|inactive|LeafStoned has 30 seconds left.\n|inactive|pumpkinflame has 30 seconds left.\n|\n|t:|1776537603\n|move|p1b: Gothitelle|Protect|p1b: Gothitelle\n|-singleturn|p1b: Gothitelle|Protect\n|move|p2a: Salamence Megav2|Acrobatics|p1a: Scream Tail\n|-damage|p1a: Scream Tail|52/100\n|move|p1a: Scream Tail|Encore|p2b: K.O\n|-start|p2b: K.O|Encore\n|move|p2b: K.O|Protect||[still]\n|-fail|p2b: K.O\n|\n|-weather|none\n|-start|p2a: Salamence Megav2|perish1\n|-start|p1a: Scream Tail|perish1\n|-start|p2b: K.O|perish1\n|-start|p1b: Gothitelle|perish1\n|upkeep\n|turn|8\n|\n|t:|1776537622\n|-end|p1a: Scream Tail|Protosynthesis|[silent]\n|switch|p1a: Koraidon|Koraidon, L50|74/100\n|-weather|SunnyDay|[from] ability: Orichalcum Pulse|[of] p1a: Koraidon\n|-activate|p1a: Koraidon|Orichalcum Pulse|[source]\n|switch|p1b: Incineroar|Incineroar, L50, M|100/100\n|-ability|p1b: Incineroar|Intimidate|boost\n|-unboost|p2a: Salamence Megav2|atk|1\n|-unboost|p2b: K.O|atk|1\n|move|p2b: K.O|Protect|p2b: K.O\n|-singleturn|p2b: K.O|Protect\n|move|p2a: Salamence Megav2|Acrobatics|p1a: Koraidon\n|-supereffective|p1a: Koraidon\n|-damage|p1a: Koraidon|42/100\n|\n|-weather|SunnyDay|[upkeep]\n|-start|p2a: Salamence Megav2|perish0\n|-start|p2b: K.O|perish0\n|faint|p2a: Salamence Megav2\n|-end|p2a: Salamence Megav2|Protosynthesis|[silent]\n|faint|p2b: K.O\n|upkeep\n|\n|t:|1776537637\n|switch|p2a: Chilly and Willy|Calyrex-Ice, L50|100/100\n|-ability|p2a: Chilly and Willy|As One\n|-ability|p2a: Chilly and Willy|Unnerve\n|turn|9\n|\n|t:|1776537649\n|move|p2a: Chilly and Willy|Protect|p2a: Chilly and Willy\n|-singleturn|p2a: Chilly and Willy|Protect\n|move|p1a: Koraidon|Flare Blitz|p2a: Chilly and Willy\n|-activate|p2a: Chilly and Willy|move: Protect\n|move|p1b: Incineroar|Flare Blitz|p2a: Chilly and Willy\n|-activate|p2a: Chilly and Willy|move: Protect\n|\n|-weather|SunnyDay|[upkeep]\n|upkeep\n|turn|10\n|\n|t:|1776537656\n|move|p1a: Koraidon|Flare Blitz|p2a: Chilly and Willy\n|-supereffective|p2a: Chilly and Willy\n|-damage|p2a: Chilly and Willy|0 fnt\n|faint|p2a: Chilly and Willy\n|-damage|p1a: Koraidon|3/100|[from] Recoil\n|-damage|p1a: Koraidon|0 fnt|[from] item: Life Orb\n|faint|p1a: Koraidon\n|\n|win|LeafStoned\n|raw|LeafStoned's rating: 1451 &rarr; <strong>1471</strong><br />(+20 for winning)\n|raw|pumpkinflame's rating: 1447 &rarr; <strong>1427</strong><br />(-20 for losing)\n|l|\u2606pumpkinflame\n|player|p2|\n|l|\u2606LeafStoned\n|player|p1|\n","uploadtime":1776537919,"views":8,"formatid":"gen9vgc2026regi","rating":1427,"private":0,"password":null}