{"id":"gen9vgc2026regi-2553153482","format":"[Gen 9] VGC 2026 Reg I","players":["battlership","ryo8989"],"log":"|j|\u2606battlership\n|j|\u2606ryo8989\n|t:|1772804887\n|gametype|doubles\n|player|p1|battlership|bellelba|1242\n|player|p2|ryo8989|erika|1345\n|gen|9\n|tier|[Gen 9] VGC 2026 Reg I\n|rated|\n|rule|Species Clause: Limit one of each Pok\u00e9mon\n|rule|Item Clause: Limit 1 of each item\n|clearpoke\n|poke|p1|Ursaluna-Bloodmoon, L50, M|\n|poke|p1|Indeedee-F, L50, F|\n|poke|p1|Calyrex-Ice, L50|\n|poke|p1|Incineroar, L50, M|\n|poke|p1|Gastrodon, L50, F|\n|poke|p1|Necrozma-Dawn-Wings, L50|\n|poke|p2|Calyrex-Shadow, L50|\n|poke|p2|Rillaboom, L50, F|\n|poke|p2|Incineroar, L50, F|\n|poke|p2|Clefairy, L50, M|\n|poke|p2|Koraidon, L50|\n|poke|p2|Flutter Mane, L50|\n|teampreview|4\n|\n|t:|1772804916\n|teamsize|p1|4\n|teamsize|p2|4\n|start\n|switch|p1a: Incineroar|Incineroar, L50, M, shiny|100/100\n|switch|p1b: Necrozma|Necrozma-Dawn-Wings, L50|100/100\n|switch|p2a: Calyrex|Calyrex-Shadow, L50|100/100\n|switch|p2b: Incineroar|Incineroar, L50, F|100/100\n|-ability|p2a: Calyrex|As One\n|-ability|p2a: Calyrex|Unnerve\n|-ability|p2b: Incineroar|Intimidate|boost\n|-unboost|p1a: Incineroar|atk|1\n|-unboost|p1b: Necrozma|atk|1\n|-ability|p1a: Incineroar|Intimidate|boost\n|-unboost|p2a: Calyrex|atk|1\n|-unboost|p2b: Incineroar|atk|1\n|turn|1\n|inactive|Battle timer is ON: inactive players will automatically lose when time's up. (requested by battlership)\n|\n|t:|1772804940\n|-terastallize|p2a: Calyrex|Dark\n|move|p1b: Necrozma|Protect|p1b: Necrozma\n|-singleturn|p1b: Necrozma|Protect\n|move|p2b: Incineroar|Fake Out|p1a: Incineroar\n|-damage|p1a: Incineroar|94/100\n|move|p2a: Calyrex|Astral Barrage|p1b: Necrozma|[spread] p1a\n|-activate|p1b: Necrozma|move: Protect\n|-resisted|p1a: Incineroar\n|-damage|p1a: Incineroar|66/100\n|-damage|p2a: Calyrex|91/100|[from] item: Life Orb\n|cant|p1a: Incineroar|flinch\n|\n|upkeep\n|turn|2\n|\n|t:|1772804961\n|switch|p1b: Ursaluna|Ursaluna-Bloodmoon, L50, M|100/100\n|move|p2a: Calyrex|Astral Barrage|p1a: Incineroar|[spread] p1a\n|-immune|p1b: Ursaluna\n|-resisted|p1a: Incineroar\n|-crit|p1a: Incineroar\n|-damage|p1a: Incineroar|27/100\n|-damage|p2a: Calyrex|82/100|[from] item: Life Orb\n|move|p2b: Incineroar|U-turn|p1a: Incineroar\n|-damage|p1a: Incineroar|14/100\n|\n|t:|1772804973\n|switch|p2b: Clefairy|Clefairy, L50, M, shiny|100/100|[from] U-turn\n|move|p1a: Incineroar|Knock Off|p2a: Calyrex\n|-resisted|p2a: Calyrex\n|-damage|p2a: Calyrex|71/100\n|-enditem|p2a: Calyrex|Life Orb|[from] move: Knock Off|[of] p1a: Incineroar\n|\n|upkeep\n|turn|3\n|\n|t:|1772804991\n|-terastallize|p1b: Ursaluna|Normal\n|move|p1a: Incineroar|Protect|p1a: Incineroar\n|-singleturn|p1a: Incineroar|Protect\n|move|p2b: Clefairy|Follow Me|p2b: Clefairy\n|-singleturn|p2b: Clefairy|move: Follow Me\n|move|p2a: Calyrex|Astral Barrage|p1a: Incineroar|[spread] \n|-activate|p1a: Incineroar|move: Protect\n|-immune|p1b: Ursaluna\n|move|p1b: Ursaluna|Hyper Voice|p2b: Clefairy|[spread] p2a,p2b\n|-damage|p2a: Calyrex|16/100\n|-damage|p2b: Clefairy|39/100\n|-damage|p1b: Ursaluna|90/100|[from] item: Life Orb\n|\n|upkeep\n|turn|4\n|\n|t:|1772805012\n|move|p2b: Clefairy|Protect|p2b: Clefairy\n|-singleturn|p2b: Clefairy|Protect\n|move|p2a: Calyrex|Psychic|p1b: Ursaluna\n|-damage|p1b: Ursaluna|18/100\n|move|p1a: Incineroar|Parting Shot|p2b: Clefairy\n|-activate|p2b: Clefairy|move: Protect\n|move|p1b: Ursaluna|Hyper Voice|p2b: Clefairy|[spread] p2a\n|-activate|p2b: Clefairy|move: Protect\n|-damage|p2a: Calyrex|0 fnt\n|faint|p2a: Calyrex\n|-damage|p1b: Ursaluna|8/100|[from] item: Life Orb\n|\n|upkeep\n|\n|t:|1772805027\n|switch|p2a: Rillaboom|Rillaboom, L50, F|100/100\n|-fieldstart|move: Grassy Terrain|[from] ability: Grassy Surge|[of] p2a: Rillaboom\n|turn|5\n|\n|t:|1772805037\n|move|p1b: Ursaluna|Protect|p1b: Ursaluna\n|-singleturn|p1b: Ursaluna|Protect\n|move|p2a: Rillaboom|U-turn|p1b: Ursaluna\n|-activate|p1b: Ursaluna|move: Protect\n|move|p1a: Incineroar|Parting Shot|p2a: Rillaboom\n|-unboost|p2a: Rillaboom|atk|1\n|-unboost|p2a: Rillaboom|spa|1\n|\n|t:|1772805044\n|switch|p1a: Necrozma|Necrozma-Dawn-Wings, L50|100/100|[from] Parting Shot\n|move|p2b: Clefairy|Life Dew||[still]|[spread] p2a,p2b\n|-fail|p2a: Rillaboom|heal\n|-heal|p2b: Clefairy|64/100\n|\n|-heal|p1b: Ursaluna|14/100|[from] Grassy Terrain\n|-heal|p2b: Clefairy|70/100|[from] Grassy Terrain\n|upkeep\n|turn|6\n|\n|t:|1772805061\n|switch|p1b: Incineroar|Incineroar, L50, M, shiny|14/100\n|-ability|p1b: Incineroar|Intimidate|boost\n|-unboost|p2a: Rillaboom|atk|1\n|-unboost|p2b: Clefairy|atk|1\n|move|p2a: Rillaboom|U-turn|p1b: Incineroar\n|-damage|p1b: Incineroar|4/100\n|\n|t:|1772805067\n|switch|p2a: Incineroar|Incineroar, L50, F|100/100|[from] U-turn\n|-ability|p2a: Incineroar|Intimidate|boost\n|-unboost|p1a: Necrozma|atk|1\n|-unboost|p1b: Incineroar|atk|1\n|move|p2b: Clefairy|Life Dew||[still]|[spread] p2a,p2b\n|-fail|p2a: Incineroar|heal\n|-heal|p2b: Clefairy|95/100\n|move|p1a: Necrozma|Trick Room|p1a: Necrozma\n|-fieldstart|move: Trick Room|[of] p1a: Necrozma\n|\n|-heal|p2b: Clefairy|100/100|[from] Grassy Terrain\n|-heal|p1b: Incineroar|10/100|[from] Grassy Terrain\n|upkeep\n|turn|7\n|inactive|ryo8989 has 30 seconds left.\n|\n|t:|1772805098\n|move|p1b: Incineroar|Protect|p1b: Incineroar\n|-singleturn|p1b: Incineroar|Protect\n|move|p2b: Clefairy|Life Dew||[still]|[still]|[spread] \n|-fail|p2a: Incineroar|heal\n|-fail|p2b: Clefairy|heal\n|move|p2a: Incineroar|Knock Off|p1a: Necrozma\n|-supereffective|p1a: Necrozma\n|-damage|p1a: Necrozma|2/100\n|-enditem|p1a: Necrozma|Covert Cloak|[from] move: Knock Off|[of] p2a: Incineroar\n|move|p1a: Necrozma|Photon Geyser|p2b: Clefairy\n|-damage|p2b: Clefairy|53/100\n|\n|-heal|p2b: Clefairy|59/100|[from] Grassy Terrain\n|-heal|p1b: Incineroar|16/100|[from] Grassy Terrain\n|-heal|p1a: Necrozma|8/100|[from] Grassy Terrain\n|upkeep\n|turn|8\n|inactive|battlership has 30 seconds left.\n|\n|t:|1772805130\n|move|p2b: Clefairy|Life Dew||[still]|[spread] p2a,p2b\n|-fail|p2a: Incineroar|heal\n|-heal|p2b: Clefairy|84/100\n|move|p2a: Incineroar|U-turn|p1a: Necrozma\n|-damage|p1a: Necrozma|0 fnt\n|faint|p1a: Necrozma\n|\n|t:|1772805137\n|switch|p2a: Rillaboom|Rillaboom, L50, F|100/100|[from] U-turn\n|move|p1b: Incineroar|Knock Off|p2a: Rillaboom\n|-damage|p2a: Rillaboom|83/100\n|-enditem|p2a: Rillaboom|Assault Vest|[from] move: Knock Off|[of] p1b: Incineroar\n|\n|-heal|p2b: Clefairy|90/100|[from] Grassy Terrain\n|-heal|p1b: Incineroar|22/100|[from] Grassy Terrain\n|-heal|p2a: Rillaboom|89/100|[from] Grassy Terrain\n|upkeep\n|\n|t:|1772805147\n|switch|p1a: Calyrex|Calyrex-Ice, L50|100/100\n|-ability|p1a: Calyrex|As One\n|-ability|p1a: Calyrex|Unnerve\n|turn|9\n|\n|t:|1772805159\n|move|p2b: Clefairy|After You|p2a: Rillaboom\n|-activate|p2a: Rillaboom|move: After You\n|move|p2a: Rillaboom|U-turn|p1b: Incineroar\n|-damage|p1b: Incineroar|0 fnt\n|faint|p1b: Incineroar\n|\n|t:|1772805165\n|switch|p2a: Incineroar|Incineroar, L50, F|100/100|[from] U-turn\n|-ability|p2a: Incineroar|Intimidate|boost\n|-unboost|p1a: Calyrex|atk|1\n|move|p1a: Calyrex|Glacial Lance|p2b: Clefairy|[spread] p2a,p2b\n|-resisted|p2a: Incineroar\n|-damage|p2a: Incineroar|89/100\n|-damage|p2b: Clefairy|56/100\n|\n|-heal|p2b: Clefairy|63/100|[from] Grassy Terrain\n|-heal|p2a: Incineroar|95/100|[from] Grassy Terrain\n|-fieldend|move: Grassy Terrain\n|upkeep\n|\n|t:|1772805175\n|switch|p1b: Ursaluna|Ursaluna-Bloodmoon, L50, M, tera:Normal|14/100\n|turn|10\n|\n|t:|1772805194\n|move|p2a: Incineroar|Fake Out|p1b: Ursaluna\n|-damage|p1b: Ursaluna|6/100\n|move|p2b: Clefairy|Life Dew|p2b: Clefairy|[spread] p2a,p2b\n|-heal|p2a: Incineroar|100/100\n|-heal|p2b: Clefairy|88/100\n|move|p1a: Calyrex|Glacial Lance|p2b: Clefairy|[spread] p2a,p2b\n|-resisted|p2a: Incineroar\n|-damage|p2a: Incineroar|90/100\n|-damage|p2b: Clefairy|55/100\n|cant|p1b: Ursaluna|flinch\n|\n|-fieldend|move: Trick Room\n|upkeep\n|turn|11\n|inactive|battlership has 30 seconds left.\n|inactive|ryo8989 has 30 seconds left.\n|\n|t:|1772805221\n|move|p2b: Clefairy|Protect|p2b: Clefairy\n|-singleturn|p2b: Clefairy|Protect\n|move|p2a: Incineroar|Knock Off|p1b: Ursaluna\n|-damage|p1b: Ursaluna|0 fnt\n|-enditem|p1b: Ursaluna|Life Orb|[from] move: Knock Off|[of] p2a: Incineroar\n|faint|p1b: Ursaluna\n|move|p1a: Calyrex|High Horsepower|p2a: Incineroar\n|-supereffective|p2a: Incineroar\n|-damage|p2a: Incineroar|56/100\n|\n|upkeep\n|turn|12\n|-message|battlership forfeited.\n|\n|win|ryo8989\n|raw|battlership's rating: 1242 &rarr; <strong>1224</strong><br />(-18 for losing)\n|raw|ryo8989's rating: 1345 &rarr; <strong>1359</strong><br />(+14 for winning)\n|l|\u2606battlership\n|player|p1|\n|l|\u2606ryo8989\n|player|p2|\n","uploadtime":1772805439,"views":14,"formatid":"gen9vgc2026regi","rating":1224,"private":0,"password":null}