{"id":"gen9vgc2026regi-2576799936","format":"[Gen 9] VGC 2026 Reg I","players":["ScribbleScribble","Bman311"],"log":"|j|\u2606ScribbleScribble\n|j|\u2606Bman311\n|t:|1775506699\n|gametype|doubles\n|player|p1|ScribbleScribble|mina-lgpe|1684\n|player|p2|Bman311|101|1531\n|gen|9\n|tier|[Gen 9] VGC 2026 Reg I\n|rated|\n|rule|Species Clause: Limit one of each Pok\u00e9mon\n|rule|Item Clause: Limit 1 of each item\n|clearpoke\n|poke|p1|Calyrex-Ice, L50|\n|poke|p1|Kyogre, L50|\n|poke|p1|Tornadus, L50, M|\n|poke|p1|Indeedee-F, L50, F|\n|poke|p1|Urshifu-*, L50, M|\n|poke|p1|Landorus, L50, M|\n|poke|p2|Koraidon, L50|\n|poke|p2|Calyrex-Ice, L50|\n|poke|p2|Incineroar, L50, M|\n|poke|p2|Brute Bonnet, L50|\n|poke|p2|Flutter Mane, L50|\n|poke|p2|Raging Bolt, L50|\n|teampreview|4\n|inactive|Battle timer is ON: inactive players will automatically lose when time's up. (requested by Bman311)\n|inactive|ScribbleScribble also wants the timer to be on.\nBman311 has agreed to open team sheets.\n|\n|t:|1775506714\n|teamsize|p1|4\n|teamsize|p2|4\n|start\n|switch|p1a: Calyrex|Calyrex-Ice, L50|100/100\n|switch|p1b: Tornadus|Tornadus, L50, M|100/100\n|switch|p2a: Calyrex|Calyrex-Ice, L50|100/100\n|switch|p2b: Incineroar|Incineroar, L50, M|100/100\n|-ability|p1a: Calyrex|As One\n|-ability|p1a: Calyrex|Unnerve\n|-ability|p2a: Calyrex|As One\n|-ability|p2a: Calyrex|Unnerve\n|-ability|p2b: Incineroar|Intimidate|boost\n|-fail|p1a: Calyrex|unboost|[from] item: Clear Amulet|[of] p1a: Calyrex\n|-unboost|p1b: Tornadus|atk|1\n|turn|1\n|\n|t:|1775506732\n|move|p2b: Incineroar|Fake Out|p1a: Calyrex\n|-damage|p1a: Calyrex|91/100\n|move|p1b: Tornadus|Bleakwind Storm|p2a: Calyrex|[spread] p2a,p2b\n|-damage|p2a: Calyrex|76/100\n|-damage|p2b: Incineroar|77/100\n|cant|p1a: Calyrex|flinch\n|move|p2a: Calyrex|Glacial Lance|p1a: Calyrex|[spread] p1a,p1b\n|-resisted|p1a: Calyrex\n|-supereffective|p1b: Tornadus\n|-damage|p1a: Calyrex|72/100\n|-enditem|p1b: Tornadus|Focus Sash\n|-damage|p1b: Tornadus|1/100\n|\n|upkeep\n|turn|2\n|\n|t:|1775506742\n|move|p1b: Tornadus|Tailwind|p1b: Tornadus\n|-sidestart|p1: ScribbleScribble|move: Tailwind\n|move|p1a: Calyrex|Imprison|p1a: Calyrex\n|-start|p1a: Calyrex|move: Imprison\n|move|p2b: Incineroar|Knock Off|p1a: Calyrex\n|-supereffective|p1a: Calyrex\n|-damage|p1a: Calyrex|18/100\n|-enditem|p1a: Calyrex|Clear Amulet|[from] move: Knock Off|[of] p2b: Incineroar\n|cant|p2a: Calyrex|move: Imprison|Glacial Lance\n|\n|upkeep\n|turn|3\n|\n|t:|1775506755\n|move|p1b: Tornadus|Bleakwind Storm|p2a: Calyrex|[spread] p2a,p2b\n|-damage|p2a: Calyrex|54/100\n|-damage|p2b: Incineroar|52/100\n|move|p1a: Calyrex|Glacial Lance|p2a: Calyrex|[spread] p2a,p2b\n|-resisted|p2a: Calyrex\n|-resisted|p2b: Incineroar\n|-damage|p2a: Calyrex|38/100\n|-damage|p2b: Incineroar|29/100\n|move|p2b: Incineroar|U-turn|p1b: Tornadus\n|-resisted|p1b: Tornadus\n|-damage|p1b: Tornadus|0 fnt\n|faint|p1b: Tornadus\n|\n|t:|1775506760\n|switch|p2b: Raging Bolt|Raging Bolt, L50|100/100|[from] U-turn\n|move|p2a: Calyrex|High Horsepower|p1a: Calyrex\n|-damage|p1a: Calyrex|0 fnt\n|faint|p1a: Calyrex\n|-ability|p2a: Calyrex|Chilling Neigh|boost\n|-boost|p2a: Calyrex|atk|1\n|\n|upkeep\n|\n|t:|1775506763\n|switch|p1b: Landorus|Landorus, L50, M|100/100\n|switch|p1a: Kyogre|Kyogre, L50|100/100\n|-weather|RainDance|[from] ability: Drizzle|[of] p1a: Kyogre\n|turn|4\n|\n|t:|1775506783\n|-terastallize|p1a: Kyogre|Grass\n|move|p2a: Calyrex|Protect|p2a: Calyrex\n|-singleturn|p2a: Calyrex|Protect\n|move|p2b: Raging Bolt|Thunderclap|p1a: Kyogre\n|-resisted|p1a: Kyogre\n|-damage|p1a: Kyogre|88/100\n|move|p1a: Kyogre|Water Spout|p2a: Calyrex|[spread] p2b\n|-activate|p2a: Calyrex|move: Protect\n|-resisted|p2b: Raging Bolt\n|-crit|p2b: Raging Bolt\n|-damage|p2b: Raging Bolt|35/100\n|move|p1b: Landorus|Sandsear Storm|p2b: Raging Bolt|[spread] p2b\n|-activate|p2a: Calyrex|move: Protect\n|-supereffective|p2b: Raging Bolt\n|-damage|p2b: Raging Bolt|0 fnt\n|faint|p2b: Raging Bolt\n|-end|p2b: Raging Bolt|Protosynthesis|[silent]\n|\n|-weather|RainDance|[upkeep]\n|upkeep\n|\n|t:|1775506786\n|switch|p2b: Koraidon|Koraidon, L50|100/100\n|-weather|SunnyDay|[from] ability: Orichalcum Pulse|[of] p2b: Koraidon\n|-activate|p2b: Koraidon|Orichalcum Pulse|[source]\n|turn|5\n|\n|t:|1775506805\n|switch|p2a: Incineroar|Incineroar, L50, M|29/100\n|-ability|p2a: Incineroar|Intimidate|boost\n|-unboost|p1a: Kyogre|atk|1\n|-unboost|p1b: Landorus|atk|1\n|move|p1a: Kyogre|Water Spout|p2a: Incineroar|[spread] p2a,p2b\n|-supereffective|p2a: Incineroar\n|-resisted|p2b: Koraidon\n|-damage|p2a: Incineroar|0 fnt\n|-damage|p2b: Koraidon|84/100\n|faint|p2a: Incineroar\n|move|p1b: Landorus|Sandsear Storm|p2b: Koraidon\n|-damage|p2b: Koraidon|0 fnt\n|faint|p2b: Koraidon\n|\n|-weather|SunnyDay|[upkeep]\n|-sideend|p1: ScribbleScribble|move: Tailwind\n|upkeep\n|\n|t:|1775506812\n|switch|p2b: Calyrex|Calyrex-Ice, L50|38/100\n|-ability|p2b: Calyrex|As One\n|-ability|p2b: Calyrex|Unnerve\n|turn|6\n|\n|t:|1775506815\n|-terastallize|p2b: Calyrex|Water\n|move|p1a: Kyogre|Water Spout|p2b: Calyrex\n|-resisted|p2b: Calyrex\n|-damage|p2b: Calyrex|24/100\n|move|p1b: Landorus|Earth Power|p2b: Calyrex\n|-damage|p2b: Calyrex|0 fnt\n|faint|p2b: Calyrex\n|\n|win|ScribbleScribble\n|raw|ScribbleScribble's rating: 1684 &rarr; <strong>1696</strong><br />(+12 for winning)\n|raw|Bman311's rating: 1531 &rarr; <strong>1519</strong><br />(-12 for losing)\n|l|\u2606ScribbleScribble\n|player|p1|\n|l|\u2606Bman311\n|player|p2|\n","uploadtime":1775506995,"views":13,"formatid":"gen9vgc2026regi","rating":1519,"private":0,"password":null}