{"id":"gen9vgc2026regi-2586967965","format":"[Gen 9] VGC 2026 Reg I","players":["kdjfalkcsd","kyoshimon"],"log":"|j|\u2606kdjfalkcsd\n|j|\u2606kyoshimon\n|t:|1776476596\n|gametype|doubles\n|player|p1|kdjfalkcsd|266|1353\n|player|p2|kyoshimon|lucas-gen4pt|1394\n|gen|9\n|tier|[Gen 9] VGC 2026 Reg I\n|rated|\n|rule|Species Clause: Limit one of each Pok\u00e9mon\n|rule|Item Clause: Limit 1 of each item\n|clearpoke\n|poke|p1|Ting-Lu, L50|\n|poke|p1|Ho-Oh, L50|\n|poke|p1|Amoonguss, L50, F|\n|poke|p1|Grimmsnarl, L50, M|\n|poke|p1|Raging Bolt, L50|\n|poke|p1|Lunala, L50|\n|poke|p2|Kyogre, L50|\n|poke|p2|Chien-Pao, L50|\n|poke|p2|Landorus, L50, M|\n|poke|p2|Zamazenta-*, L50|\n|poke|p2|Iron Jugulis, L50|\n|poke|p2|Amoonguss, L50, F|\n|teampreview|4\n|j| ChilledLotusA\n|inactive|Battle timer is ON: inactive players will automatically lose when time's up. (requested by kyoshimon)\n|inactive|kdjfalkcsd has 60 seconds left.\n|\n|t:|1776476644\n|teamsize|p1|4\n|teamsize|p2|4\n|start\n|switch|p1a: Raging Bolt|Raging Bolt, L50|100/100\n|switch|p1b: Lunala|Lunala, L50|100/100\n|switch|p2a: Zamazenta|Zamazenta-Crowned, L50|100/100\n|switch|p2b: Chien-Pao|Chien-Pao, L50|100/100\n|-ability|p2b: Chien-Pao|Sword of Ruin\n|-ability|p2a: Zamazenta|Dauntless Shield|boost\n|-boost|p2a: Zamazenta|def|1\n|turn|1\n|j| tortilllachips\n|inactive|kdjfalkcsd has 30 seconds left.\n|inactive|kyoshimon has 30 seconds left.\n|inactive|kdjfalkcsd has 20 seconds left.\n|inactive|kdjfalkcsd has 15 seconds left.\n|inactive|kdjfalkcsd has 10 seconds left.\n|\n|t:|1776476693\n|-terastallize|p1a: Raging Bolt|Electric\n|move|p2b: Chien-Pao|Ruination|p1b: Lunala\n|-damage|p1b: Lunala|50/100\n|move|p2a: Zamazenta|Body Press|p1a: Raging Bolt\n|-damage|p1a: Raging Bolt|24/100\n|move|p1a: Raging Bolt|Thunderbolt|p2a: Zamazenta\n|-damage|p2a: Zamazenta|54/100\n|move|p1b: Lunala|Trick Room|p1b: Lunala\n|-fieldstart|move: Trick Room|[of] p1b: Lunala\n|\n|-heal|p1b: Lunala|57/100|[from] item: Leftovers\n|upkeep\n|turn|2\n|inactive|kdjfalkcsd has 30 seconds left.\n|inactive|kdjfalkcsd has 20 seconds left.\n|\n|t:|1776476729\n|-end|p1a: Raging Bolt|Protosynthesis|[silent]\n|switch|p1a: Ho-Oh|Ho-Oh, L50|100/100\n|switch|p2b: Amoonguss|Amoonguss, L50, F|100/100\n|-terastallize|p2a: Zamazenta|Grass\n|move|p1b: Lunala|Moonblast|p2b: Amoonguss\n|-resisted|p2b: Amoonguss\n|-damage|p2b: Amoonguss|82/100\n|move|p2a: Zamazenta|Behemoth Bash|p1b: Lunala\n|-damage|p1b: Lunala|22/100\n|\n|-heal|p1b: Lunala|28/100|[from] item: Leftovers\n|upkeep\n|turn|3\n|inactive|kdjfalkcsd has 30 seconds left.\n|inactive|kdjfalkcsd has 20 seconds left.\n|\n|t:|1776476767\n|switch|p1b: Ting-Lu|Ting-Lu, L50|100/100\n|-ability|p1b: Ting-Lu|Vessel of Ruin\n|move|p2b: Amoonguss|Spore|p1a: Ho-Oh\n|-status|p1a: Ho-Oh|slp|[from] move: Spore\n|cant|p1a: Ho-Oh|slp\n|move|p2a: Zamazenta|Behemoth Bash|p1b: Ting-Lu\n|-damage|p1b: Ting-Lu|77/100\n|\n|upkeep\n|turn|4\n|\n|t:|1776476786\n|move|p1b: Ting-Lu|Protect|p1b: Ting-Lu\n|-singleturn|p1b: Ting-Lu|Protect\n|move|p2b: Amoonguss|Spore|p1b: Ting-Lu\n|-activate|p1b: Ting-Lu|move: Protect\n|-curestatus|p1a: Ho-Oh|slp|[msg]\n|move|p1a: Ho-Oh|Sacred Fire|p2a: Zamazenta\n|-supereffective|p2a: Zamazenta\n|-damage|p2a: Zamazenta|13/100\n|move|p2a: Zamazenta|Body Press|p1b: Ting-Lu\n|-activate|p1b: Ting-Lu|move: Protect\n|\n|upkeep\n|turn|5\n|l| tortilllachips\n|inactive|kdjfalkcsd has 30 seconds left.\n|inactive|kdjfalkcsd has 20 seconds left.\n|\n|t:|1776476824\n|switch|p2b: Kyogre|Kyogre, L50|100/100\n|-weather|RainDance|[from] ability: Drizzle|[of] p2b: Kyogre\n|move|p2a: Zamazenta|Protect|p2a: Zamazenta\n|-singleturn|p2a: Zamazenta|Protect\n|move|p1b: Ting-Lu|Ruination|p2b: Kyogre\n|-damage|p2b: Kyogre|51/100\n|move|p1a: Ho-Oh|Sacred Fire|p2b: Kyogre\n|-resisted|p2b: Kyogre\n|-damage|p2b: Kyogre|40/100\n|-status|p2b: Kyogre|brn\n|\n|-weather|RainDance|[upkeep]\n|-damage|p2b: Kyogre|34/100 brn|[from] brn\n|-fieldend|move: Trick Room\n|upkeep\n|turn|6\n|inactive|kdjfalkcsd has 30 seconds left.\n|\n|t:|1776476858\n|move|p1a: Ho-Oh|Protect|p1a: Ho-Oh\n|-singleturn|p1a: Ho-Oh|Protect\n|move|p2a: Zamazenta|Body Press|p1b: Ting-Lu\n|-supereffective|p1b: Ting-Lu\n|-damage|p1b: Ting-Lu|1/100\n|-enditem|p1b: Ting-Lu|Sitrus Berry|[eat]\n|-heal|p1b: Ting-Lu|26/100|[from] item: Sitrus Berry\n|move|p2b: Kyogre|Origin Pulse|p1b: Ting-Lu|[spread] \n|-activate|p1a: Ho-Oh|move: Protect\n|-miss|p2b: Kyogre|p1b: Ting-Lu\n|move|p1b: Ting-Lu|Snarl|p2a: Zamazenta|[spread] p2a,p2b\n|-damage|p2a: Zamazenta|8/100\n|-damage|p2b: Kyogre|27/100 brn\n|-unboost|p2a: Zamazenta|spa|1\n|-unboost|p2b: Kyogre|spa|1\n|\n|-weather|RainDance|[upkeep]\n|-damage|p2b: Kyogre|21/100 brn|[from] brn\n|upkeep\n|turn|7\n|l| ChilledLotusA\n|inactive|kdjfalkcsd has 30 seconds left.\n|\n|t:|1776476891\n|switch|p1a: Lunala|Lunala, L50|28/100\n|move|p2a: Zamazenta|Body Press|p1b: Ting-Lu\n|-supereffective|p1b: Ting-Lu\n|-damage|p1b: Ting-Lu|0 fnt\n|faint|p1b: Ting-Lu\n|move|p2b: Kyogre|Origin Pulse|p1a: Lunala\n|-damage|p1a: Lunala|0 fnt\n|faint|p1a: Lunala\n|\n|-weather|RainDance|[upkeep]\n|-damage|p2b: Kyogre|15/100 brn|[from] brn\n|upkeep\n|\n|t:|1776476899\n|switch|p1a: Raging Bolt|Raging Bolt, L50, tera:Electric|24/100\n|switch|p1b: Ho-Oh|Ho-Oh, L50|100/100\n|turn|8\n|\n|t:|1776476924\n|move|p2b: Kyogre|Protect|p2b: Kyogre\n|-singleturn|p2b: Kyogre|Protect\n|move|p1a: Raging Bolt|Thunderclap|p2a: Zamazenta\n|-resisted|p2a: Zamazenta\n|-damage|p2a: Zamazenta|0 fnt\n|faint|p2a: Zamazenta\n|move|p1b: Ho-Oh|Brave Bird|p2b: Kyogre\n|-activate|p2b: Kyogre|move: Protect\n|\n|-weather|RainDance|[upkeep]\n|-damage|p2b: Kyogre|9/100 brn|[from] brn\n|upkeep\n|\n|t:|1776476928\n|switch|p2a: Chien-Pao|Chien-Pao, L50|100/100\n|-ability|p2a: Chien-Pao|Sword of Ruin\n|turn|9\n|inactive|kdjfalkcsd has 30 seconds left.\n|\n|t:|1776476955\n|move|p2b: Kyogre|Protect||[still]\n|-fail|p2b: Kyogre\n|move|p2a: Chien-Pao|Sucker Punch|p1a: Raging Bolt\n|-damage|p1a: Raging Bolt|0 fnt\n|faint|p1a: Raging Bolt\n|-end|p1a: Raging Bolt|Protosynthesis|[silent]\n|move|p1b: Ho-Oh|Brave Bird|p2b: Kyogre\n|-damage|p2b: Kyogre|0 fnt\n|faint|p2b: Kyogre\n|-damage|p1b: Ho-Oh|98/100|[from] Recoil\n|\n|-weather|none\n|upkeep\n|\n|t:|1776476959\n|switch|p2b: Amoonguss|Amoonguss, L50, F|100/100\n|turn|10\n|\n|t:|1776476975\n|move|p2a: Chien-Pao|Ruination|p1b: Ho-Oh\n|-damage|p1b: Ho-Oh|49/100\n|move|p1b: Ho-Oh|Brave Bird|p2b: Amoonguss\n|-supereffective|p2b: Amoonguss\n|-damage|p2b: Amoonguss|0 fnt\n|-damage|p1b: Ho-Oh|33/100|[from] item: Rocky Helmet|[of] p2b: Amoonguss\n|faint|p2b: Amoonguss\n|-damage|p1b: Ho-Oh|0 fnt|[from] Recoil\n|faint|p1b: Ho-Oh\n|\n|win|kyoshimon\n|raw|kdjfalkcsd's rating: 1353 &rarr; <strong>1335</strong><br />(-18 for losing)\n|raw|kyoshimon's rating: 1394 &rarr; <strong>1412</strong><br />(+18 for winning)\n","uploadtime":1776476986,"views":108,"formatid":"gen9vgc2026regi","rating":1335,"private":0,"password":null}