{"id":"gen9vgc2026regi-2578733101","format":"[Gen 9] VGC 2026 Reg I","players":["rkmu","dpsicieu"],"log":"|j|\u2606rkmu\n|j|\u2606dpsicieu\n|t:|1775709742\n|gametype|doubles\n|player|p1|rkmu|lucas|1473\n|player|p2|dpsicieu|169|1540\n|gen|9\n|tier|[Gen 9] VGC 2026 Reg I\n|rated|\n|rule|Species Clause: Limit one of each Pok\u00e9mon\n|rule|Item Clause: Limit 1 of each item\n|clearpoke\n|poke|p1|Incineroar, L50, M|\n|poke|p1|Tyranitar, L50, M|\n|poke|p1|Zamazenta-*, L50|\n|poke|p1|Amoonguss, L50, F|\n|poke|p1|Calyrex-Shadow, L50|\n|poke|p1|Araquanid, L50, M|\n|poke|p2|Calyrex-Ice, L50|\n|poke|p2|Miraidon, L50|\n|poke|p2|Iron Hands, L50|\n|poke|p2|Farigiraf, L50, F|\n|poke|p2|Torkoal, L50, M|\n|poke|p2|Smeargle, L50, F|\n|teampreview|4\n|inactive|Battle timer is ON: inactive players will automatically lose when time's up. (requested by dpsicieu)\n|\n|t:|1775709764\n|teamsize|p1|4\n|teamsize|p2|4\n|start\n|switch|p1a: Tyranitar|Tyranitar, L50, M|100/100\n|switch|p1b: Zamazenta|Zamazenta-Crowned, L50|100/100\n|switch|p2a: Calyrex|Calyrex-Ice, L50|100/100\n|switch|p2b: Miraidon|Miraidon, L50|100/100\n|-ability|p2a: Calyrex|As One\n|-ability|p2a: Calyrex|Unnerve\n|-fieldstart|move: Electric Terrain|[from] ability: Hadron Engine|[of] p2b: Miraidon\n|-ability|p1b: Zamazenta|Dauntless Shield|boost\n|-boost|p1b: Zamazenta|def|1\n|-weather|Sandstorm|[from] ability: Sand Stream|[of] p1a: Tyranitar\n|turn|1\n|\n|t:|1775709786\n|-terastallize|p2a: Calyrex|Ground\n|move|p1b: Zamazenta|Protect|p1b: Zamazenta\n|-singleturn|p1b: Zamazenta|Protect\n|move|p2b: Miraidon|Volt Switch|p1b: Zamazenta\n|-activate|p1b: Zamazenta|move: Protect\n|move|p1a: Tyranitar|Knock Off|p2a: Calyrex\n|-damage|p2a: Calyrex|66/100\n|-enditem|p2a: Calyrex|Clear Amulet|[from] move: Knock Off|[of] p1a: Tyranitar\n|move|p2a: Calyrex|Trick Room|p2a: Calyrex\n|-fieldstart|move: Trick Room|[of] p2a: Calyrex\n|\n|-weather|Sandstorm|[upkeep]\n|-damage|p2b: Miraidon|94/100|[from] Sandstorm\n|upkeep\n|turn|2\n|inactive|rkmu has 30 seconds left.\n|inactive|rkmu has 20 seconds left.\n|inactive|rkmu has 15 seconds left.\n|\n|t:|1775709827\n|move|p2a: Calyrex|High Horsepower|p1a: Tyranitar\n|-supereffective|p1a: Tyranitar\n|-damage|p1a: Tyranitar|1/100\n|move|p1a: Tyranitar|Knock Off|p2b: Miraidon\n|-damage|p2b: Miraidon|46/100\n|-enditem|p2b: Miraidon|Choice Scarf|[from] move: Knock Off|[of] p1a: Tyranitar\n|move|p2b: Miraidon|Volt Switch|p1a: Tyranitar\n|-damage|p1a: Tyranitar|0 fnt\n|faint|p1a: Tyranitar\n|\n|t:|1775709839\n|switch|p2b: Torkoal|Torkoal, L50, M|100/100|[from] Volt Switch\n|-weather|SunnyDay|[from] ability: Drought|[of] p2b: Torkoal\n|move|p1b: Zamazenta|Body Press|p2a: Calyrex\n|-damage|p2a: Calyrex|25/100\n|\n|-weather|SunnyDay|[upkeep]\n|upkeep\n|\n|t:|1775709846\n|switch|p1a: Calyrex|Calyrex-Shadow, L50|100/100\n|-ability|p1a: Calyrex|As One\n|-ability|p1a: Calyrex|Unnerve\n|turn|3\n|\n|t:|1775709870\n|move|p1b: Zamazenta|Wide Guard|p1b: Zamazenta\n|-singleturn|p1b: Zamazenta|Wide Guard\n|move|p2b: Torkoal|Weather Ball|p1a: Calyrex\n|-enditem|p1a: Calyrex|Focus Sash\n|-damage|p1a: Calyrex|1/100\n|move|p2a: Calyrex|High Horsepower|p1a: Calyrex\n|-damage|p1a: Calyrex|0 fnt\n|faint|p1a: Calyrex\n|-ability|p2a: Calyrex|Chilling Neigh|boost\n|-boost|p2a: Calyrex|atk|1\n|\n|-weather|SunnyDay|[upkeep]\n|upkeep\n|\n|t:|1775709879\n|switch|p1a: Araquanid|Araquanid, L50, M, shiny|100/100\n|turn|4\n|\n|t:|1775709893\n|move|p1b: Zamazenta|Wide Guard|p1b: Zamazenta\n|-singleturn|p1b: Zamazenta|Wide Guard\n|move|p2b: Torkoal|Weather Ball|p1b: Zamazenta\n|-supereffective|p1b: Zamazenta\n|-damage|p1b: Zamazenta|0 fnt\n|faint|p1b: Zamazenta\n|move|p1a: Araquanid|Liquidation|p2b: Torkoal\n|-supereffective|p2b: Torkoal\n|-damage|p2b: Torkoal|55/100\n|move|p2a: Calyrex|High Horsepower|p1a: Araquanid\n|-resisted|p1a: Araquanid\n|-damage|p1a: Araquanid|50/100\n|\n|-weather|SunnyDay|[upkeep]\n|upkeep\n|turn|5\n|\n|t:|1775709906\n|move|p2a: Calyrex|Protect|p2a: Calyrex\n|-singleturn|p2a: Calyrex|Protect\n|move|p2b: Torkoal|Weather Ball|p1a: Araquanid\n|-damage|p1a: Araquanid|12/100\n|move|p1a: Araquanid|Liquidation|p2b: Torkoal\n|-supereffective|p2b: Torkoal\n|-damage|p2b: Torkoal|8/100\n|\n|-weather|SunnyDay|[upkeep]\n|-fieldend|move: Trick Room\n|-fieldend|move: Electric Terrain\n|upkeep\n|turn|6\n|-message|rkmu forfeited.\n|\n|win|dpsicieu\n|raw|rkmu's rating: 1473 &rarr; <strong>1457</strong><br />(-16 for losing)\n|raw|dpsicieu's rating: 1540 &rarr; <strong>1556</strong><br />(+16 for winning)\n|l|\u2606dpsicieu\n|player|p2|\n|l|\u2606rkmu\n|player|p1|\n","uploadtime":1775710095,"views":8,"formatid":"gen9vgc2026regi","rating":1457,"private":0,"password":null}