{"id":"gen9vgc2026regi-2560021672","format":"[Gen 9] VGC 2026 Reg I","players":["TheManOfSausage","Lpolk965"],"log":"|j|\u2606TheManOfSausage\n|j|\u2606Lpolk965\n|t:|1773637365\n|gametype|doubles\n|player|p1|TheManOfSausage|miku-water|1410\n|player|p2|Lpolk965|lucas|1383\n|gen|9\n|tier|[Gen 9] VGC 2026 Reg I\n|rated|\n|rule|Species Clause: Limit one of each Pok\u00e9mon\n|rule|Item Clause: Limit 1 of each item\n|clearpoke\n|poke|p1|Calyrex-Shadow, L50|\n|poke|p1|Koraidon, L50|\n|poke|p1|Clefairy, L50, M|\n|poke|p1|Rillaboom, L50, M|\n|poke|p1|Incineroar, L50, M|\n|poke|p1|Raging Bolt, L50|\n|poke|p2|Calyrex-Ice, L50|\n|poke|p2|Kyogre, L50|\n|poke|p2|Grimmsnarl, L50, M|\n|poke|p2|Rillaboom, L50, M|\n|poke|p2|Urshifu-*, L50, M|\n|poke|p2|Amoonguss, L50, F|\n|teampreview|4\nTheManOfSausage has agreed to open team sheets.\n|\n|t:|1773637396\n|teamsize|p1|4\n|teamsize|p2|4\n|start\n|switch|p1a: Rice s|Calyrex-Shadow, L50|100/100\n|switch|p1b: Rillaboom|Rillaboom, L50, M|100/100\n|switch|p2a: Calyrex|Calyrex-Ice, L50|100/100\n|switch|p2b: Kyogre|Kyogre, L50|100/100\n|-ability|p1a: Rice s|As One\n|-ability|p1a: Rice s|Unnerve\n|-ability|p2a: Calyrex|As One\n|-ability|p2a: Calyrex|Unnerve\n|-weather|RainDance|[from] ability: Drizzle|[of] p2b: Kyogre\n|-fieldstart|move: Grassy Terrain|[from] ability: Grassy Surge|[of] p1b: Rillaboom\n|turn|1\n|\n|t:|1773637405\n|switch|p2b: Amoonguss|Amoonguss, L50, F|100/100\n|-terastallize|p2a: Calyrex|Grass\n|move|p1a: Rice s|Calm Mind|p1a: Rice s\n|-boost|p1a: Rice s|spa|1\n|-boost|p1a: Rice s|spd|1\n|move|p1b: Rillaboom|U-turn|p2a: Calyrex\n|-supereffective|p2a: Calyrex\n|-damage|p2a: Calyrex|74/100\n|\n|t:|1773637411\n|switch|p1b: Clefairy|Clefairy, L50, M|100/100|[from] U-turn\n|move|p2a: Calyrex|Trick Room|p2a: Calyrex\n|-fieldstart|move: Trick Room|[of] p2a: Calyrex\n|\n|-weather|RainDance|[upkeep]\n|-heal|p2a: Calyrex|80/100|[from] Grassy Terrain\n|-heal|p2a: Calyrex|86/100|[from] item: Leftovers\n|upkeep\n|turn|2\n|\n|t:|1773637435\n|move|p1b: Clefairy|Follow Me|p1b: Clefairy\n|-singleturn|p1b: Clefairy|move: Follow Me\n|move|p2b: Amoonguss|Spore|p1b: Clefairy\n|-status|p1b: Clefairy|slp|[from] move: Spore\n|move|p2a: Calyrex|Glacial Lance|p1a: Rice s|[spread] p1a,p1b\n|-damage|p1a: Rice s|55/100\n|-damage|p1b: Clefairy|50/100 slp\n|move|p1a: Rice s|Astral Barrage|p2a: Calyrex|[spread] p2a,p2b\n|-damage|p2a: Calyrex|38/100\n|-damage|p2b: Amoonguss|18/100\n|\n|-weather|RainDance|[upkeep]\n|-heal|p2b: Amoonguss|24/100|[from] Grassy Terrain\n|-heal|p1b: Clefairy|57/100 slp|[from] Grassy Terrain\n|-heal|p2a: Calyrex|43/100|[from] Grassy Terrain\n|-heal|p2a: Calyrex|49/100|[from] item: Leftovers\n|-heal|p1a: Rice s|61/100|[from] Grassy Terrain\n|upkeep\n|turn|3\n|\n|t:|1773637452\n|cant|p1b: Clefairy|slp\n|move|p1a: Rice s|Protect|p1a: Rice s\n|-singleturn|p1a: Rice s|Protect\n|move|p2b: Amoonguss|Spore|p1a: Rice s\n|-activate|p1a: Rice s|move: Protect\n|move|p2a: Calyrex|Glacial Lance|p1a: Rice s|[spread] p1b\n|-activate|p1a: Rice s|move: Protect\n|-damage|p1b: Clefairy|5/100 slp\n|\n|-weather|RainDance|[upkeep]\n|-heal|p2b: Amoonguss|30/100|[from] Grassy Terrain\n|-heal|p1b: Clefairy|11/100 slp|[from] Grassy Terrain\n|-heal|p2a: Calyrex|55/100|[from] Grassy Terrain\n|-heal|p2a: Calyrex|61/100|[from] item: Leftovers\n|-heal|p1a: Rice s|67/100|[from] Grassy Terrain\n|upkeep\n|turn|4\n|\n|t:|1773637463\n|cant|p1b: Clefairy|slp\n|move|p2b: Amoonguss|Spore|p1a: Rice s\n|-status|p1a: Rice s|slp|[from] move: Spore\n|move|p2a: Calyrex|Glacial Lance|p1a: Rice s|[spread] p1a,p1b\n|-damage|p1a: Rice s|16/100 slp\n|-damage|p1b: Clefairy|0 fnt\n|faint|p1b: Clefairy\n|-ability|p2a: Calyrex|Chilling Neigh|boost\n|-boost|p2a: Calyrex|atk|1\n|cant|p1a: Rice s|slp\n|\n|-weather|RainDance|[upkeep]\n|-heal|p2b: Amoonguss|36/100|[from] Grassy Terrain\n|-heal|p2a: Calyrex|67/100|[from] Grassy Terrain\n|-heal|p2a: Calyrex|72/100|[from] item: Leftovers\n|-heal|p1a: Rice s|22/100 slp|[from] Grassy Terrain\n|upkeep\n|\n|t:|1773637469\n|switch|p1b: Rillaboom|Rillaboom, L50, M|100/100\n|turn|5\n|\n|t:|1773637483\n|switch|p2b: Rillaboom|Rillaboom, L50, M|100/100\n|move|p2a: Calyrex|Protect|p2a: Calyrex\n|-singleturn|p2a: Calyrex|Protect\n|move|p1b: Rillaboom|Fake Out|p2a: Calyrex\n|-activate|p2a: Calyrex|move: Protect\n|cant|p1a: Rice s|slp\n|\n|-weather|none\n|-heal|p2a: Calyrex|78/100|[from] Grassy Terrain\n|-heal|p2a: Calyrex|84/100|[from] item: Leftovers\n|-heal|p1a: Rice s|28/100 slp|[from] Grassy Terrain\n|-fieldend|move: Trick Room\n|-fieldend|move: Grassy Terrain\n|upkeep\n|turn|6\n|\n|t:|1773637505\n|move|p2b: Rillaboom|Fake Out|p1b: Rillaboom\n|-damage|p1b: Rillaboom|88/100\n|-curestatus|p1a: Rice s|slp|[msg]\n|move|p1a: Rice s|Astral Barrage|p2a: Calyrex|[spread] p2a,p2b\n|-damage|p2a: Calyrex|35/100\n|-damage|p2b: Rillaboom|49/100\n|cant|p1b: Rillaboom|flinch\n|move|p2a: Calyrex|Trick Room|p2a: Calyrex\n|-fieldstart|move: Trick Room|[of] p2a: Calyrex\n|\n|-heal|p2a: Calyrex|41/100|[from] item: Leftovers\n|upkeep\n|turn|7\n|\n|t:|1773637519\n|-terastallize|p1b: Rillaboom|Fire\n|move|p2a: Calyrex|Protect|p2a: Calyrex\n|-singleturn|p2a: Calyrex|Protect\n|move|p1a: Rice s|Protect|p1a: Rice s\n|-singleturn|p1a: Rice s|Protect\n|move|p1b: Rillaboom|U-turn|p2a: Calyrex\n|-activate|p2a: Calyrex|move: Protect\n|move|p2b: Rillaboom|U-turn|p1b: Rillaboom\n|-resisted|p1b: Rillaboom\n|-damage|p1b: Rillaboom|78/100\n|\n|t:|1773637528\n|switch|p2b: Amoonguss|Amoonguss, L50, F|69/100|[from] U-turn\n|\n|-heal|p2a: Calyrex|46/100|[from] item: Leftovers\n|upkeep\n|turn|8\n|c|\u2606TheManOfSausage|gg\n|-message|TheManOfSausage forfeited.\n|\n|win|Lpolk965\n|raw|TheManOfSausage's rating: 1410 &rarr; <strong>1388</strong><br />(-22 for losing)\n|raw|Lpolk965's rating: 1383 &rarr; <strong>1405</strong><br />(+22 for winning)\n|l|\u2606TheManOfSausage\n|player|p1|\n|l|\u2606Lpolk965\n|player|p2|\n","uploadtime":1773637734,"views":11,"formatid":"gen9vgc2026regi","rating":1388,"private":0,"password":null}