{"id":"gen9vgc2026regi-2587224661","format":"[Gen 9] VGC 2026 Reg I","players":["yubanmeiqin","mihatelover"],"log":"|j|\u2606yubanmeiqin\n|j|\u2606mihatelover\n|t:|1776511265\n|gametype|doubles\n|player|p1|yubanmeiqin|lillie-masters2|1617\n|player|p2|mihatelover|169|1635\n|gen|9\n|tier|[Gen 9] VGC 2026 Reg I\n|rated|\n|rule|Species Clause: Limit one of each Pok\u00e9mon\n|rule|Item Clause: Limit 1 of each item\n|clearpoke\n|poke|p1|Koraidon, L50|\n|poke|p1|Lunala, L50|\n|poke|p1|Tornadus, L50, M|\n|poke|p1|Raging Bolt, L50|\n|poke|p1|Rillaboom, L50, F|\n|poke|p1|Incineroar, L50, F|\n|poke|p2|Raging Bolt, L50|\n|poke|p2|Chien-Pao, L50|\n|poke|p2|Calyrex-Shadow, L50|\n|poke|p2|Rillaboom, L50, F|\n|poke|p2|Zamazenta-*, L50|\n|poke|p2|Tornadus, L50, M|\n|teampreview|4\n|inactive|Battle timer is ON: inactive players will automatically lose when time's up. (requested by mihatelover)\n|\n|t:|1776511287\n|teamsize|p1|4\n|teamsize|p2|4\n|start\n|switch|p1a: \u9759\u5e0c\u8349\u5341\u90ce|Tornadus, L50, M|100/100\n|switch|p1b: \u4f24\u75db\u4e4b\u8d64|Koraidon, L50, shiny|100/100\n|switch|p2a: Tornadus|Tornadus, L50, M|100/100\n|switch|p2b: Calyrex|Calyrex-Shadow, L50|100/100\n|-ability|p2b: Calyrex|As One\n|-ability|p2b: Calyrex|Unnerve\n|-weather|SunnyDay|[from] ability: Orichalcum Pulse|[of] p1b: \u4f24\u75db\u4e4b\u8d64\n|-activate|p1b: \u4f24\u75db\u4e4b\u8d64|Orichalcum Pulse|[source]\n|turn|1\n|\n|t:|1776511293\n|switch|p1b: \u85e4\u59d0|Incineroar, L50, F|100/100\n|-ability|p1b: \u85e4\u59d0|Intimidate|boost\n|-unboost|p2a: Tornadus|atk|1\n|-unboost|p2b: Calyrex|atk|1\n|move|p2a: Tornadus|Rain Dance|p2a: Tornadus\n|-weather|RainDance\n|move|p2b: Calyrex|Astral Barrage|p1b: \u85e4\u59d0|[spread] p1a,p1b\n|-resisted|p1b: \u85e4\u59d0\n|-damage|p1a: \u9759\u5e0c\u8349\u5341\u90ce|24/100\n|-damage|p1b: \u85e4\u59d0|82/100\n|move|p1a: \u9759\u5e0c\u8349\u5341\u90ce|Bleakwind Storm|p2b: Calyrex|[spread] p2a,p2b\n|-damage|p2a: Tornadus|69/100\n|-damage|p2b: Calyrex|58/100\n|-unboost|p2b: Calyrex|spe|1\n|\n|-weather|RainDance|[upkeep]\n|upkeep\n|turn|2\n|\n|t:|1776511312\n|switch|p2b: Zamazenta|Zamazenta-Crowned, L50|100/100\n|-ability|p2b: Zamazenta|Dauntless Shield|boost\n|-boost|p2b: Zamazenta|def|1\n|move|p1a: \u9759\u5e0c\u8349\u5341\u90ce|Tailwind|p1a: \u9759\u5e0c\u8349\u5341\u90ce\n|-sidestart|p1: yubanmeiqin|move: Tailwind\n|move|p1b: \u85e4\u59d0|Knock Off|p2b: Zamazenta\n|-resisted|p2b: Zamazenta\n|-damage|p2b: Zamazenta|96/100\n|move|p2a: Tornadus|Bleakwind Storm|p1b: \u85e4\u59d0|[spread] p1a,p1b\n|-damage|p1a: \u9759\u5e0c\u8349\u5341\u90ce|0 fnt\n|-damage|p1b: \u85e4\u59d0|62/100\n|faint|p1a: \u9759\u5e0c\u8349\u5341\u90ce\n|\n|-weather|RainDance|[upkeep]\n|upkeep\n|\n|t:|1776511324\n|switch|p1a: \u4f24\u75db\u4e4b\u8d64|Koraidon, L50, shiny|100/100\n|-weather|SunnyDay|[from] ability: Orichalcum Pulse|[of] p1a: \u4f24\u75db\u4e4b\u8d64\n|-activate|p1a: \u4f24\u75db\u4e4b\u8d64|Orichalcum Pulse|[source]\n|turn|3\n|inactive|yubanmeiqin has 30 seconds left.\n|\n|t:|1776511354\n|-terastallize|p2b: Zamazenta|Dragon\n|move|p2a: Tornadus|Rain Dance|p2a: Tornadus\n|-weather|RainDance\n|move|p1a: \u4f24\u75db\u4e4b\u8d64|Collision Course|p2b: Zamazenta\n|-damage|p2b: Zamazenta|73/100\n|move|p1b: \u85e4\u59d0|U-turn|p2a: Tornadus\n|-resisted|p2a: Tornadus\n|-damage|p2a: Tornadus|58/100\n|\n|t:|1776511358\n|switch|p1b: \u82cd\u5d0e\u9752\u5b50|Lunala, L50|100/100|[from] U-turn\n|move|p2b: Zamazenta|Iron Defense|p2b: Zamazenta\n|-boost|p2b: Zamazenta|def|2\n|\n|-weather|RainDance|[upkeep]\n|upkeep\n|turn|4\n|inactive|yubanmeiqin has 30 seconds left.\n|inactive|yubanmeiqin has 20 seconds left.\n|inactive|mihatelover has 30 seconds left.\n|\n|t:|1776511394\n|move|p1a: \u4f24\u75db\u4e4b\u8d64|Protect|p1a: \u4f24\u75db\u4e4b\u8d64\n|-singleturn|p1a: \u4f24\u75db\u4e4b\u8d64|Protect\n|move|p2a: Tornadus|Tailwind|p2a: Tornadus\n|-sidestart|p2: mihatelover|move: Tailwind\n|move|p2b: Zamazenta|Body Press|p1a: \u4f24\u75db\u4e4b\u8d64\n|-activate|p1a: \u4f24\u75db\u4e4b\u8d64|move: Protect\n|move|p1b: \u82cd\u5d0e\u9752\u5b50|Meteor Beam||[still]\n|-prepare|p1b: \u82cd\u5d0e\u9752\u5b50|Meteor Beam\n|-boost|p1b: \u82cd\u5d0e\u9752\u5b50|spa|1\n|-enditem|p1b: \u82cd\u5d0e\u9752\u5b50|Power Herb\n|-anim|p1b: \u82cd\u5d0e\u9752\u5b50|Meteor Beam|p2a: Tornadus\n|-supereffective|p2a: Tornadus\n|-damage|p2a: Tornadus|0 fnt\n|faint|p2a: Tornadus\n|\n|-weather|RainDance|[upkeep]\n|upkeep\n|\n|t:|1776511397\n|switch|p2a: Calyrex|Calyrex-Shadow, L50|58/100\n|-ability|p2a: Calyrex|As One\n|-ability|p2a: Calyrex|Unnerve\n|turn|5\n|\n|t:|1776511412\n|switch|p1a: \u85e4\u59d0|Incineroar, L50, F|62/100\n|-ability|p1a: \u85e4\u59d0|Intimidate|boost\n|-unboost|p2a: Calyrex|atk|1\n|-unboost|p2b: Zamazenta|atk|1\n|-terastallize|p1b: \u82cd\u5d0e\u9752\u5b50|Fairy\n|move|p2a: Calyrex|Astral Barrage|p1a: \u85e4\u59d0|[spread] p1a,p1b\n|-resisted|p1a: \u85e4\u59d0\n|-damage|p1a: \u85e4\u59d0|44/100\n|-damage|p1b: \u82cd\u5d0e\u9752\u5b50|77/100\n|move|p2b: Zamazenta|Body Press|p1a: \u85e4\u59d0\n|-supereffective|p1a: \u85e4\u59d0\n|-damage|p1a: \u85e4\u59d0|0 fnt\n|faint|p1a: \u85e4\u59d0\n|move|p1b: \u82cd\u5d0e\u9752\u5b50|Moonblast|p2b: Zamazenta\n|-supereffective|p2b: Zamazenta\n|-damage|p2b: Zamazenta|0 fnt\n|faint|p2b: Zamazenta\n|\n|-weather|RainDance|[upkeep]\n|-sideend|p1: yubanmeiqin|move: Tailwind\n|upkeep\n|\n|t:|1776511426\n|switch|p2b: Chien-Pao|Chien-Pao, L50|100/100\n|switch|p1a: \u4f24\u75db\u4e4b\u8d64|Koraidon, L50, shiny|100/100\n|-ability|p2b: Chien-Pao|Sword of Ruin\n|-weather|SunnyDay|[from] ability: Orichalcum Pulse|[of] p1a: \u4f24\u75db\u4e4b\u8d64\n|-activate|p1a: \u4f24\u75db\u4e4b\u8d64|Orichalcum Pulse|[source]\n|turn|6\n|\n|t:|1776511436\n|move|p2a: Calyrex|Astral Barrage|p1b: \u82cd\u5d0e\u9752\u5b50|[spread] p1a,p1b\n|-damage|p1a: \u4f24\u75db\u4e4b\u8d64|52/100\n|-damage|p1b: \u82cd\u5d0e\u9752\u5b50|34/100\n|move|p2b: Chien-Pao|Icicle Crash|p1b: \u82cd\u5d0e\u9752\u5b50\n|-damage|p1b: \u82cd\u5d0e\u9752\u5b50|0 fnt\n|faint|p1b: \u82cd\u5d0e\u9752\u5b50\n|-damage|p2b: Chien-Pao|91/100|[from] item: Life Orb\n|move|p1a: \u4f24\u75db\u4e4b\u8d64|Flare Blitz|p2a: Calyrex\n|-damage|p2a: Calyrex|0 fnt\n|faint|p2a: Calyrex\n|-damage|p1a: \u4f24\u75db\u4e4b\u8d64|36/100|[from] Recoil\n|\n|-weather|SunnyDay|[upkeep]\n|upkeep\n|turn|7\n|\n|t:|1776511449\n|move|p1a: \u4f24\u75db\u4e4b\u8d64|Protect|p1a: \u4f24\u75db\u4e4b\u8d64\n|-singleturn|p1a: \u4f24\u75db\u4e4b\u8d64|Protect\n|move|p2b: Chien-Pao|Icicle Crash|p1a: \u4f24\u75db\u4e4b\u8d64\n|-activate|p1a: \u4f24\u75db\u4e4b\u8d64|move: Protect\n|\n|-weather|SunnyDay|[upkeep]\n|-sideend|p2: mihatelover|move: Tailwind\n|upkeep\n|turn|8\n|\n|t:|1776511452\n|move|p2b: Chien-Pao|Sacred Sword|p1a: \u4f24\u75db\u4e4b\u8d64\n|-crit|p1a: \u4f24\u75db\u4e4b\u8d64\n|-damage|p1a: \u4f24\u75db\u4e4b\u8d64|0 fnt\n|faint|p1a: \u4f24\u75db\u4e4b\u8d64\n|-damage|p2b: Chien-Pao|81/100|[from] item: Life Orb\n|\n|win|mihatelover\n|raw|yubanmeiqin's rating: 1617 &rarr; <strong>1598</strong><br />(-19 for losing)\n|raw|mihatelover's rating: 1635 &rarr; <strong>1654</strong><br />(+19 for winning)\n|l|\u2606yubanmeiqin\n|player|p1|\n","uploadtime":1776511705,"views":28,"formatid":"gen9vgc2026regi","rating":1598,"private":0,"password":null}