{"id":"gen9vgc2026regi-2559519439","format":"[Gen 9] VGC 2026 Reg I","players":["BanKingambit69247","b3testing"],"log":"|j|\u2606BanKingambit69247\n|j|\u2606b3testing\n|t:|1773581133\n|gametype|doubles\n|player|p1|BanKingambit69247|102|1514\n|player|p2|b3testing|170|1626\n|gen|9\n|tier|[Gen 9] VGC 2026 Reg I\n|rated|\n|rule|Species Clause: Limit one of each Pok\u00e9mon\n|rule|Item Clause: Limit 1 of each item\n|clearpoke\n|poke|p1|Calyrex-Shadow, L50|\n|poke|p1|Zamazenta-*, L50|\n|poke|p1|Chien-Pao, L50|\n|poke|p1|Smeargle, L50, F|\n|poke|p1|Tatsugiri-Droopy, L50, F|\n|poke|p1|Dondozo, L50, F|\n|poke|p2|Terapagos, L50, M|\n|poke|p2|Calyrex-Shadow, L50|\n|poke|p2|Incineroar, L50, F|\n|poke|p2|Amoonguss, L50, F|\n|poke|p2|Tornadus, L50, M|\n|poke|p2|Smeargle, L50, M|\n|teampreview|4\n|inactive|Battle timer is ON: inactive players will automatically lose when time's up. (requested by b3testing)\n|inactive|b3testing has 60 seconds left.\n|\n|t:|1773581164\n|teamsize|p1|4\n|teamsize|p2|4\n|start\n|switch|p1a: \u5582\u5582\u5582?\u5582\u5582\u5582?\ud83d\udc37\ud83d\udc37\ud83d\udc37|Chien-Pao, L50|100/100\n|switch|p1b: \u9a6c\u5934\u725b\u903c\ud83d\udc36\ud83d\udc36\ud83d\udc36|Zamazenta-Crowned, L50|100/100\n|switch|p2a: Tornadus|Tornadus, L50, M|100/100\n|switch|p2b: Smeargle|Smeargle, L50, M|100/100\n|-ability|p1a: \u5582\u5582\u5582?\u5582\u5582\u5582?\ud83d\udc37\ud83d\udc37\ud83d\udc37|Sword of Ruin\n|-ability|p1b: \u9a6c\u5934\u725b\u903c\ud83d\udc36\ud83d\udc36\ud83d\udc36|Dauntless Shield|boost\n|-boost|p1b: \u9a6c\u5934\u725b\u903c\ud83d\udc36\ud83d\udc36\ud83d\udc36|def|1\n|turn|1\n|\n|t:|1773581170\n|-terastallize|p1b: \u9a6c\u5934\u725b\u903c\ud83d\udc36\ud83d\udc36\ud83d\udc36|Grass\n|move|p2a: Tornadus|Tailwind|p2a: Tornadus\n|-sidestart|p2: b3testing|move: Tailwind\n|move|p2b: Smeargle|Spore|p1a: \u5582\u5582\u5582?\u5582\u5582\u5582?\ud83d\udc37\ud83d\udc37\ud83d\udc37\n|-status|p1a: \u5582\u5582\u5582?\u5582\u5582\u5582?\ud83d\udc37\ud83d\udc37\ud83d\udc37|slp|[from] move: Spore\n|cant|p1a: \u5582\u5582\u5582?\u5582\u5582\u5582?\ud83d\udc37\ud83d\udc37\ud83d\udc37|slp\n|move|p1b: \u9a6c\u5934\u725b\u903c\ud83d\udc36\ud83d\udc36\ud83d\udc36|Heavy Slam|p2b: Smeargle\n|-enditem|p2b: Smeargle|Focus Sash\n|-damage|p2b: Smeargle|1/100\n|\n|-ability|p2b: Smeargle|Moody|boost\n|-boost|p2b: Smeargle|def|2\n|-unboost|p2b: Smeargle|spa|1\n|upkeep\n|turn|2\n|\n|t:|1773581184\n|move|p1b: \u9a6c\u5934\u725b\u903c\ud83d\udc36\ud83d\udc36\ud83d\udc36|Wide Guard|p1b: \u9a6c\u5934\u725b\u903c\ud83d\udc36\ud83d\udc36\ud83d\udc36\n|-singleturn|p1b: \u9a6c\u5934\u725b\u903c\ud83d\udc36\ud83d\udc36\ud83d\udc36|Wide Guard\n|move|p2b: Smeargle|Decorate|p2a: Tornadus\n|-boost|p2a: Tornadus|atk|2\n|-boost|p2a: Tornadus|spa|2\n|move|p2a: Tornadus|Bleakwind Storm|p1a: \u5582\u5582\u5582?\u5582\u5582\u5582?\ud83d\udc37\ud83d\udc37\ud83d\udc37|[spread] \n|-activate|p1a: \u5582\u5582\u5582?\u5582\u5582\u5582?\ud83d\udc37\ud83d\udc37\ud83d\udc37|move: Wide Guard\n|-activate|p1b: \u9a6c\u5934\u725b\u903c\ud83d\udc36\ud83d\udc36\ud83d\udc36|move: Wide Guard\n|cant|p1a: \u5582\u5582\u5582?\u5582\u5582\u5582?\ud83d\udc37\ud83d\udc37\ud83d\udc37|slp\n|\n|-ability|p2b: Smeargle|Moody|boost\n|-boost|p2b: Smeargle|spd|2\n|-unboost|p2b: Smeargle|atk|1\n|upkeep\n|turn|3\n|\n|t:|1773581202\n|move|p1b: \u9a6c\u5934\u725b\u903c\ud83d\udc36\ud83d\udc36\ud83d\udc36|Wide Guard|p1b: \u9a6c\u5934\u725b\u903c\ud83d\udc36\ud83d\udc36\ud83d\udc36\n|-singleturn|p1b: \u9a6c\u5934\u725b\u903c\ud83d\udc36\ud83d\udc36\ud83d\udc36|Wide Guard\n|move|p2b: Smeargle|Follow Me|p2b: Smeargle\n|-singleturn|p2b: Smeargle|move: Follow Me\n|move|p2a: Tornadus|Taunt|p1b: \u9a6c\u5934\u725b\u903c\ud83d\udc36\ud83d\udc36\ud83d\udc36\n|-start|p1b: \u9a6c\u5934\u725b\u903c\ud83d\udc36\ud83d\udc36\ud83d\udc36|move: Taunt\n|-curestatus|p1a: \u5582\u5582\u5582?\u5582\u5582\u5582?\ud83d\udc37\ud83d\udc37\ud83d\udc37|slp|[msg]\n|move|p1a: \u5582\u5582\u5582?\u5582\u5582\u5582?\ud83d\udc37\ud83d\udc37\ud83d\udc37|Icy Wind|p2a: Tornadus|[spread] p2a,p2b\n|-supereffective|p2a: Tornadus\n|-damage|p2a: Tornadus|74/100\n|-damage|p2b: Smeargle|0 fnt\n|-unboost|p2a: Tornadus|spe|1\n|faint|p2b: Smeargle\n|\n|upkeep\n|\n|t:|1773581209\n|switch|p2b: Calyrex|Calyrex-Shadow, L50|100/100\n|-ability|p2b: Calyrex|As One\n|-ability|p2b: Calyrex|Unnerve\n|turn|4\n|\n|t:|1773581219\n|move|p1a: \u5582\u5582\u5582?\u5582\u5582\u5582?\ud83d\udc37\ud83d\udc37\ud83d\udc37|Sucker Punch|p2a: Tornadus\n|-damage|p2a: Tornadus|30/100\n|move|p2b: Calyrex|Encore|p1b: \u9a6c\u5934\u725b\u903c\ud83d\udc36\ud83d\udc36\ud83d\udc36\n|-start|p1b: \u9a6c\u5934\u725b\u903c\ud83d\udc36\ud83d\udc36\ud83d\udc36|Encore\n|move|p2a: Tornadus|Bleakwind Storm|p1b: \u9a6c\u5934\u725b\u903c\ud83d\udc36\ud83d\udc36\ud83d\udc36|[spread] p1b\n|-miss|p2a: Tornadus|p1a: \u5582\u5582\u5582?\u5582\u5582\u5582?\ud83d\udc37\ud83d\udc37\ud83d\udc37\n|-supereffective|p1b: \u9a6c\u5934\u725b\u903c\ud83d\udc36\ud83d\udc36\ud83d\udc36\n|-damage|p1b: \u9a6c\u5934\u725b\u903c\ud83d\udc36\ud83d\udc36\ud83d\udc36|0 fnt\n|faint|p1b: \u9a6c\u5934\u725b\u903c\ud83d\udc36\ud83d\udc36\ud83d\udc36\n|\n|-sideend|p2: b3testing|move: Tailwind\n|upkeep\n|\n|t:|1773581230\n|switch|p1b: \u773c\u795e\u5446\u6ede\ud83e\udd2a|Dondozo, L50, F, shiny|100/100\n|turn|5\n|\n|t:|1773581244\n|move|p2a: Tornadus|Tailwind|p2a: Tornadus\n|-sidestart|p2: b3testing|move: Tailwind\n|move|p2b: Calyrex|Encore|p1a: \u5582\u5582\u5582?\u5582\u5582\u5582?\ud83d\udc37\ud83d\udc37\ud83d\udc37\n|-start|p1a: \u5582\u5582\u5582?\u5582\u5582\u5582?\ud83d\udc37\ud83d\udc37\ud83d\udc37|Encore\n|move|p1a: \u5582\u5582\u5582?\u5582\u5582\u5582?\ud83d\udc37\ud83d\udc37\ud83d\udc37|Sucker Punch||[still]\n|-fail|p1a: \u5582\u5582\u5582?\u5582\u5582\u5582?\ud83d\udc37\ud83d\udc37\ud83d\udc37\n|move|p1b: \u773c\u795e\u5446\u6ede\ud83e\udd2a|Heavy Slam|p2a: Tornadus\n|-damage|p2a: Tornadus|3/100\n|\n|upkeep\n|turn|6\n|\n|t:|1773581261\n|move|p1a: \u5582\u5582\u5582?\u5582\u5582\u5582?\ud83d\udc37\ud83d\udc37\ud83d\udc37|Sucker Punch|p2a: Tornadus\n|-damage|p2a: Tornadus|0 fnt\n|faint|p2a: Tornadus\n|move|p2b: Calyrex|Astral Barrage|p1a: \u5582\u5582\u5582?\u5582\u5582\u5582?\ud83d\udc37\ud83d\udc37\ud83d\udc37|[spread] p1a,p1b\n|-resisted|p1a: \u5582\u5582\u5582?\u5582\u5582\u5582?\ud83d\udc37\ud83d\udc37\ud83d\udc37\n|-damage|p1a: \u5582\u5582\u5582?\u5582\u5582\u5582?\ud83d\udc37\ud83d\udc37\ud83d\udc37|70/100\n|-damage|p1b: \u773c\u795e\u5446\u6ede\ud83e\udd2a|48/100\n|-damage|p2b: Calyrex|91/100|[from] item: Life Orb\n|move|p1b: \u773c\u795e\u5446\u6ede\ud83e\udd2a|Heavy Slam|p2b: Calyrex\n|-damage|p2b: Calyrex|50/100\n|\n|-heal|p1b: \u773c\u795e\u5446\u6ede\ud83e\udd2a|55/100|[from] item: Leftovers\n|upkeep\n|\n|t:|1773581265\n|switch|p2a: Amoonguss|Amoonguss, L50, F|100/100\n|turn|7\n|\n|t:|1773581283\n|switch|p1a: \u767d\u8272\u5c0f\u6590\u6d4e\u5317\ud83d\ude0b|Tatsugiri-Droopy, L50, F, shiny|100/100\n|-activate|p1a: \u767d\u8272\u5c0f\u6590\u6d4e\u5317\ud83d\ude0b|ability: Commander|[of] p1b: \u773c\u795e\u5446\u6ede\ud83e\udd2a\n|-boost|p1b: \u773c\u795e\u5446\u6ede\ud83e\udd2a|atk|2\n|-boost|p1b: \u773c\u795e\u5446\u6ede\ud83e\udd2a|spa|2\n|-boost|p1b: \u773c\u795e\u5446\u6ede\ud83e\udd2a|spe|2\n|-boost|p1b: \u773c\u795e\u5446\u6ede\ud83e\udd2a|def|2\n|-boost|p1b: \u773c\u795e\u5446\u6ede\ud83e\udd2a|spd|2\n|move|p2a: Amoonguss|Rage Powder|p2a: Amoonguss\n|-singleturn|p2a: Amoonguss|move: Rage Powder\n|move|p2b: Calyrex|Astral Barrage|p1a: \u767d\u8272\u5c0f\u6590\u6d4e\u5317\ud83d\ude0b|[spread] p1b\n|-miss|p2b: Calyrex|p1a: \u767d\u8272\u5c0f\u6590\u6d4e\u5317\ud83d\ude0b\n|-damage|p1b: \u773c\u795e\u5446\u6ede\ud83e\udd2a|24/100\n|-damage|p2b: Calyrex|40/100|[from] item: Life Orb\n|move|p1b: \u773c\u795e\u5446\u6ede\ud83e\udd2a|Heavy Slam|p2a: Amoonguss\n|-damage|p2a: Amoonguss|59/100\n|-damage|p1b: \u773c\u795e\u5446\u6ede\ud83e\udd2a|8/100|[from] item: Rocky Helmet|[of] p2a: Amoonguss\n|\n|-heal|p1b: \u773c\u795e\u5446\u6ede\ud83e\udd2a|14/100|[from] item: Leftovers\n|upkeep\n|turn|8\n|inactive|b3testing has 30 seconds left.\n|\n|t:|1773581310\n|move|p2b: Calyrex|Disable|p1b: \u773c\u795e\u5446\u6ede\ud83e\udd2a\n|-start|p1b: \u773c\u795e\u5446\u6ede\ud83e\udd2a|Disable|Heavy Slam\n|cant|p1b: \u773c\u795e\u5446\u6ede\ud83e\udd2a|Disable|Heavy Slam\n|move|p2a: Amoonguss|Pollen Puff|p2b: Calyrex\n|-heal|p2b: Calyrex|90/100\n|\n|-heal|p1b: \u773c\u795e\u5446\u6ede\ud83e\udd2a|20/100|[from] item: Leftovers\n|-sideend|p2: b3testing|move: Tailwind\n|upkeep\n|turn|9\n|j| ashtonauts\n|\n|t:|1773581326\n|move|p2a: Amoonguss|Rage Powder|p2a: Amoonguss\n|-singleturn|p2a: Amoonguss|move: Rage Powder\n|move|p2b: Calyrex|Astral Barrage|p1b: \u773c\u795e\u5446\u6ede\ud83e\udd2a|[spread] p1b\n|-miss|p2b: Calyrex|p1a: \u767d\u8272\u5c0f\u6590\u6d4e\u5317\ud83d\ude0b\n|-damage|p1b: \u773c\u795e\u5446\u6ede\ud83e\udd2a|0 fnt\n|faint|p1b: \u773c\u795e\u5446\u6ede\ud83e\udd2a\n|-ability|p2b: Calyrex|Grim Neigh|boost\n|-boost|p2b: Calyrex|spa|1\n|-damage|p2b: Calyrex|81/100|[from] item: Life Orb\n|\n|upkeep\n|\n|t:|1773581330\n|switch|p1b: \u5582\u5582\u5582?\u5582\u5582\u5582?\ud83d\udc37\ud83d\udc37\ud83d\udc37|Chien-Pao, L50|70/100\n|-ability|p1b: \u5582\u5582\u5582?\u5582\u5582\u5582?\ud83d\udc37\ud83d\udc37\ud83d\udc37|Sword of Ruin\n|turn|10\n|inactive|b3testing has 30 seconds left.\n|inactive|BanKingambit69247 has 30 seconds left.\n|\n|t:|1773581367\n|-terastallize|p2a: Amoonguss|Water\n|move|p2a: Amoonguss|Rage Powder|p2a: Amoonguss\n|-singleturn|p2a: Amoonguss|move: Rage Powder\n|move|p2b: Calyrex|Astral Barrage|p1a: \u767d\u8272\u5c0f\u6590\u6d4e\u5317\ud83d\ude0b|[spread] p1a,p1b\n|-resisted|p1b: \u5582\u5582\u5582?\u5582\u5582\u5582?\ud83d\udc37\ud83d\udc37\ud83d\udc37\n|-damage|p1a: \u767d\u8272\u5c0f\u6590\u6d4e\u5317\ud83d\ude0b|0 fnt\n|-damage|p1b: \u5582\u5582\u5582?\u5582\u5582\u5582?\ud83d\udc37\ud83d\udc37\ud83d\udc37|28/100\n|faint|p1a: \u767d\u8272\u5c0f\u6590\u6d4e\u5317\ud83d\ude0b\n|-ability|p2b: Calyrex|Grim Neigh|boost\n|-boost|p2b: Calyrex|spa|1\n|-damage|p2b: Calyrex|71/100|[from] item: Life Orb\n|move|p1b: \u5582\u5582\u5582?\u5582\u5582\u5582?\ud83d\udc37\ud83d\udc37\ud83d\udc37|Ice Spinner|p2a: Amoonguss\n|-resisted|p2a: Amoonguss\n|-damage|p2a: Amoonguss|43/100\n|-damage|p1b: \u5582\u5582\u5582?\u5582\u5582\u5582?\ud83d\udc37\ud83d\udc37\ud83d\udc37|11/100|[from] item: Rocky Helmet|[of] p2a: Amoonguss\n|\n|upkeep\n|turn|11\n|-message|BanKingambit69247 forfeited.\n|\n|win|b3testing\n|raw|BanKingambit69247's rating: 1514 &rarr; <strong>1500</strong><br />(-14 for losing)\n|raw|b3testing's rating: 1626 &rarr; <strong>1640</strong><br />(+14 for winning)\n|l|\u2606BanKingambit69247\n|player|p1|\n|l|\u2606b3testing\n|player|p2|\n|l| ashtonauts\n","uploadtime":1773581528,"views":17,"formatid":"gen9vgc2026regi","rating":1500,"private":0,"password":null}