{"id":"gen9vgc2026regi-2564519088","format":"[Gen 9] VGC 2026 Reg I","players":["eriksp","TheManOfSausage"],"log":"|j|\u2606eriksp\n|j|\u2606TheManOfSausage\n|t:|1774156462\n|gametype|doubles\n|player|p1|eriksp|cynthia-masters4|1370\n|player|p2|TheManOfSausage|miku-water|1480\n|gen|9\n|tier|[Gen 9] VGC 2026 Reg I\n|rated|\n|rule|Species Clause: Limit one of each Pok\u00e9mon\n|rule|Item Clause: Limit 1 of each item\n|clearpoke\n|poke|p1|Miraidon, L50|\n|poke|p1|Whimsicott, L50, F|\n|poke|p1|Volcarona, L50, M|\n|poke|p1|Calyrex-Ice, L50|\n|poke|p1|Incineroar, L50, M|\n|poke|p1|Urshifu-*, L50, F|\n|poke|p2|Calyrex-Shadow, L50|\n|poke|p2|Koraidon, L50|\n|poke|p2|Weezing-Galar, L50, M|\n|poke|p2|Brute Bonnet, L50|\n|poke|p2|Chi-Yu, L50|\n|poke|p2|Walking Wake, L50|\n|teampreview|4\nTheManOfSausage has agreed to open team sheets.\neriksp has agreed to open team sheets.\n|showteam|p1|Miraidon||LifeOrb|HadronEngine|DracoMeteor,ElectroDrift,VoltSwitch,Protect||||||50|,,,,,Electric]Whimsicott||CovertCloak|Prankster|Moonblast,Tailwind,LightScreen,Encore|||F|||50|,,,,,Water]Volcarona||ElectricSeed|FlameBody|FieryDance,GigaDrain,QuiverDance,Protect|||M|||50|,,,,,Grass]Calyrex-Ice||ClearAmulet|AsOneGlastrier|GlacialLance,HighHorsepower,Protect,TrickRoom||||||50|,,,,,Fire]Incineroar||AssaultVest|Intimidate|FlareBlitz,KnockOff,FakeOut,Uturn|||M|||50|,,,,,Bug]Urshifu-Rapid-Strike||ChoiceBand|UnseenFist|SurgingStrikes,CloseCombat,AquaJet,Uturn|||F|||50|,,,,,Ghost\n|showteam|p2|Calyrex-Shadow||FocusSash|AsOneSpectrier|AstralBarrage,Psychic,Encore,Protect||||||50|,,,,,Ghost]Koraidon||AbilityShield|OrichalcumPulse|CollisionCourse,FlareBlitz,FlameCharge,Protect||||||50|,,,,,Fire]Weezing-Galar||RockyHelmet|NeutralizingGas|SludgeBomb,Taunt,ToxicSpikes,Protect|||M|||50|,,,,,Dark]Brute Bonnet||CovertCloak|Protosynthesis|SeedBomb,SuckerPunch,Spore,RagePowder||||||50|,,,,,Water]Chi-Yu||ChoiceScarf|BeadsofRuin|DarkPulse,Snarl,Overheat,HeatWave||||||50|,,,,,Ghost]Walking Wake||ChoiceSpecs|Protosynthesis|HydroSteam,DragonPulse,WeatherBall,FlipTurn||||||50|,,,,,Water\n|\n|t:|1774156548\n|teamsize|p1|4\n|teamsize|p2|4\n|start\n|switch|p1a: Dagger|Calyrex-Ice, L50|100/100\n|switch|p1b: Airbag|Incineroar, L50, M, shiny|100/100\n|switch|p2a: Koraidon|Koraidon, L50|100/100\n|switch|p2b: Weezing|Weezing-Galar, L50, M|100/100\n|-ability|p2b: Weezing|Neutralizing Gas\n|-block|p2a: Koraidon|item: Ability Shield\n|-ability|p1a: Dagger|As One\n|-ability|p1a: Dagger|Unnerve\n|-weather|SunnyDay|[from] ability: Orichalcum Pulse|[of] p2a: Koraidon\n|-activate|p2a: Koraidon|Orichalcum Pulse|[source]\n|turn|1\n|\n|t:|1774156560\n|-terastallize|p2a: Koraidon|Fire\n|-terastallize|p1a: Dagger|Fire\n|move|p1b: Airbag|Fake Out|p2a: Koraidon\n|-damage|p2a: Koraidon|90/100\n|cant|p2a: Koraidon|flinch\n|move|p2b: Weezing|Taunt|p1a: Dagger\n|-start|p1a: Dagger|move: Taunt\n|move|p1a: Dagger|High Horsepower|p2b: Weezing\n|-supereffective|p2b: Weezing\n|-damage|p2b: Weezing|44/100\n|-damage|p1a: Dagger|84/100|[from] item: Rocky Helmet|[of] p2b: Weezing\n|\n|-weather|SunnyDay|[upkeep]\n|upkeep\n|turn|2\n|\n|t:|1774156575\n|switch|p1b: Alison|Whimsicott, L50, F, shiny|100/100\n|move|p2a: Koraidon|Collision Course|p1b: Alison\n|-resisted|p1b: Alison\n|-damage|p1b: Alison|59/100\n|move|p2b: Weezing|Toxic Spikes|p1b: Alison\n|-sidestart|p1: eriksp|move: Toxic Spikes\n|move|p1a: Dagger|High Horsepower|p2b: Weezing\n|-supereffective|p2b: Weezing\n|-damage|p2b: Weezing|0 fnt\n|-damage|p1a: Dagger|67/100|[from] item: Rocky Helmet|[of] p2b: Weezing\n|faint|p2b: Weezing\n|-end|p2b: Weezing|ability: Neutralizing Gas\n|-ability|p1a: Dagger|Chilling Neigh|boost\n|-boost|p1a: Dagger|atk|1\n|\n|-weather|SunnyDay|[upkeep]\n|upkeep\n|\n|t:|1774156584\n|switch|p2b: Rice Shower|Calyrex-Shadow, L50|100/100\n|-ability|p2b: Rice Shower|As One\n|-ability|p2b: Rice Shower|Unnerve\n|turn|3\n|\n|t:|1774156589\n|move|p1b: Alison|Tailwind|p1b: Alison\n|-sidestart|p1: eriksp|move: Tailwind\n|move|p2b: Rice Shower|Astral Barrage|p1b: Alison|[spread] p1a,p1b\n|-damage|p1a: Dagger|32/100\n|-damage|p1b: Alison|0 fnt\n|faint|p1b: Alison\n|-ability|p2b: Rice Shower|Grim Neigh|boost\n|-boost|p2b: Rice Shower|spa|1\n|move|p2a: Koraidon|Flame Charge|p1a: Dagger\n|-resisted|p1a: Dagger\n|-damage|p1a: Dagger|10/100\n|-boost|p2a: Koraidon|spe|1\n|move|p1a: Dagger|Glacial Lance|p2b: Rice Shower|[spread] p2a,p2b\n|-resisted|p2a: Koraidon\n|-damage|p2a: Koraidon|55/100\n|-enditem|p2b: Rice Shower|Focus Sash\n|-damage|p2b: Rice Shower|1/100\n|\n|-weather|SunnyDay|[upkeep]\n|-end|p1a: Dagger|move: Taunt\n|upkeep\n|\n|t:|1774156597\n|switch|p1b: Overkill|Miraidon, L50|100/100\n|-status|p1b: Overkill|psn\n|-fieldstart|move: Electric Terrain|[from] ability: Hadron Engine|[of] p1b: Overkill\n|turn|4\n|\n|t:|1774156603\n|move|p2a: Koraidon|Protect|p2a: Koraidon\n|-singleturn|p2a: Koraidon|Protect\n|move|p2b: Rice Shower|Protect|p2b: Rice Shower\n|-singleturn|p2b: Rice Shower|Protect\n|move|p1b: Overkill|Volt Switch|p2b: Rice Shower\n|-activate|p2b: Rice Shower|move: Protect\n|move|p1a: Dagger|High Horsepower|p2a: Koraidon\n|-activate|p2a: Koraidon|move: Protect\n|\n|-weather|SunnyDay|[upkeep]\n|-damage|p1b: Overkill|88/100 psn|[from] psn\n|upkeep\n|turn|5\n|\n|t:|1774156614\n|move|p1b: Overkill|Volt Switch|p2b: Rice Shower\n|-damage|p2b: Rice Shower|0 fnt\n|faint|p2b: Rice Shower\n|-damage|p1b: Overkill|79/100 psn|[from] item: Life Orb\n|\n|t:|1774156619\n|switch|p1b: Airbag|Incineroar, L50, M, shiny|100/100|[from] Volt Switch\n|-status|p1b: Airbag|psn\n|-ability|p1b: Airbag|Intimidate|boost\n|-unboost|p2a: Koraidon|atk|1\n|move|p2a: Koraidon|Collision Course|p1a: Dagger\n|-damage|p1a: Dagger|0 fnt\n|faint|p1a: Dagger\n|\n|-weather|none\n|-damage|p1b: Airbag|88/100 psn|[from] psn\n|upkeep\n|\n|t:|1774156627\n|switch|p2b: Chi-Yu|Chi-Yu, L50|100/100\n|switch|p1a: Overkill|Miraidon, L50|79/100 psn\n|-activate|p1a: Overkill|ability: Hadron Engine\n|-ability|p2b: Chi-Yu|Beads of Ruin\n|turn|6\n|\n|t:|1774156638\n|move|p1a: Overkill|Electro Drift|p2b: Chi-Yu\n|-damage|p2b: Chi-Yu|0 fnt\n|faint|p2b: Chi-Yu\n|-damage|p1a: Overkill|69/100 psn|[from] item: Life Orb\n|move|p2a: Koraidon|Collision Course|p1a: Overkill\n|-damage|p1a: Overkill|34/100 psn\n|move|p1b: Airbag|Knock Off|p2a: Koraidon\n|-damage|p2a: Koraidon|19/100\n|-enditem|p2a: Koraidon|Ability Shield|[from] move: Knock Off|[of] p1b: Airbag\n|\n|-damage|p1a: Overkill|22/100 psn|[from] psn\n|-damage|p1b: Airbag|76/100 psn|[from] psn\n|-sideend|p1: eriksp|move: Tailwind\n|upkeep\n|turn|7\n|\n|t:|1774156644\n|move|p2a: Koraidon|Protect|p2a: Koraidon\n|-singleturn|p2a: Koraidon|Protect\n|move|p1a: Overkill|Electro Drift|p2a: Koraidon\n|-activate|p2a: Koraidon|move: Protect\n|move|p1b: Airbag|Knock Off|p2a: Koraidon\n|-activate|p2a: Koraidon|move: Protect\n|\n|-damage|p1a: Overkill|10/100 psn|[from] psn\n|-damage|p1b: Airbag|63/100 psn|[from] psn\n|upkeep\n|turn|8\n|\n|t:|1774156654\n|move|p2a: Koraidon|Collision Course|p1b: Airbag\n|-supereffective|p1b: Airbag\n|-damage|p1b: Airbag|0 fnt\n|faint|p1b: Airbag\n|move|p1a: Overkill|Electro Drift|p2a: Koraidon\n|-damage|p2a: Koraidon|0 fnt\n|faint|p2a: Koraidon\n|-damage|p1a: Overkill|0 fnt|[from] item: Life Orb\n|faint|p1a: Overkill\n|\n|win|eriksp\n|raw|eriksp's rating: 1370 &rarr; <strong>1396</strong><br />(+26 for winning)\n|raw|TheManOfSausage's rating: 1480 &rarr; <strong>1454</strong><br />(-26 for losing)\n|c|\u2606TheManOfSausage|gg\n|l|\u2606TheManOfSausage\n|player|p2|\n|c|\u2606eriksp|gg\n|l|\u2606eriksp\n|player|p1|\n","uploadtime":1774156654,"views":15,"formatid":"gen9vgc2026regi","rating":1396,"private":0,"password":null}