{"id":"gen9vgc2026regi-2553284693","format":"[Gen 9] VGC 2026 Reg I","players":["bighamsterbaseball","ryo8989"],"log":"|j|\u203dbighamsterbaseball\n|j|\u2606ryo8989\n|t:|1772817045\n|gametype|doubles\n|player|p1|bighamsterbaseball|pokemaniac|1352\n|player|p2|ryo8989|erika|1346\n|gen|9\n|tier|[Gen 9] VGC 2026 Reg I\n|rated|\n|rule|Species Clause: Limit one of each Pok\u00e9mon\n|rule|Item Clause: Limit 1 of each item\n|clearpoke\n|poke|p1|Eternatus, L50|\n|poke|p1|Ho-Oh, L50|\n|poke|p1|Tinkaton, L50, F|\n|poke|p1|Ogerpon-Cornerstone, L50, F|\n|poke|p1|Araquanid, L50, M|\n|poke|p1|Flutter Mane, L50|\n|poke|p2|Calyrex-Shadow, L50|\n|poke|p2|Rillaboom, L50, M|\n|poke|p2|Incineroar, L50, M|\n|poke|p2|Clefairy, L50, F|\n|poke|p2|Koraidon, L50|\n|poke|p2|Flutter Mane, L50|\n|teampreview|4\n|\n|t:|1772817068\n|teamsize|p1|4\n|teamsize|p2|4\n|start\n|switch|p1a: Ho-Oh|Ho-Oh, L50|100/100\n|switch|p1b: Araquanid|Araquanid, L50, M|100/100\n|switch|p2a: Calyrex|Calyrex-Shadow, L50|100/100\n|switch|p2b: Incineroar|Incineroar, L50, M|100/100\n|-ability|p2a: Calyrex|As One\n|-ability|p2a: Calyrex|Unnerve\n|-ability|p2b: Incineroar|Intimidate|boost\n|-fail|p1a: Ho-Oh|unboost|[from] item: Clear Amulet|[of] p1a: Ho-Oh\n|-unboost|p1b: Araquanid|atk|1\n|turn|1\n|\n|t:|1772817094\n|move|p1b: Araquanid|Protect|p1b: Araquanid\n|-singleturn|p1b: Araquanid|Protect\n|move|p2b: Incineroar|Fake Out|p1b: Araquanid\n|-activate|p1b: Araquanid|move: Protect\n|move|p2a: Calyrex|Astral Barrage|p1b: Araquanid|[spread] p1a\n|-activate|p1b: Araquanid|move: Protect\n|-damage|p1a: Ho-Oh|54/100\n|-damage|p2a: Calyrex|91/100|[from] item: Life Orb\n|move|p1a: Ho-Oh|Brave Bird|p2a: Calyrex\n|-damage|p2a: Calyrex|29/100\n|-damage|p1a: Ho-Oh|37/100|[from] Recoil\n|\n|upkeep\n|turn|2\n|\n|t:|1772817121\n|switch|p2b: Clefairy|Clefairy, L50, F, shiny|100/100\n|move|p1a: Ho-Oh|Protect|p1a: Ho-Oh\n|-singleturn|p1a: Ho-Oh|Protect\n|move|p2a: Calyrex|Astral Barrage|p1b: Araquanid|[spread] p1b\n|-activate|p1a: Ho-Oh|move: Protect\n|-damage|p1b: Araquanid|34/100\n|-damage|p2a: Calyrex|19/100|[from] item: Life Orb\n|move|p1b: Araquanid|Sticky Web|p2b: Clefairy\n|-sidestart|p2: ryo8989|move: Sticky Web\n|\n|upkeep\n|turn|3\n|\n|t:|1772817141\n|switch|p1a: Flutter Mane|Flutter Mane, L50|100/100\n|-enditem|p1a: Flutter Mane|Booster Energy\n|-activate|p1a: Flutter Mane|ability: Protosynthesis|[fromitem]\n|-start|p1a: Flutter Mane|protosynthesisspe\n|move|p1b: Araquanid|Wide Guard|p1b: Araquanid\n|-singleturn|p1b: Araquanid|Wide Guard\n|move|p2a: Calyrex|Psychic|p1a: Flutter Mane\n|-damage|p1a: Flutter Mane|29/100\n|-damage|p2a: Calyrex|10/100|[from] item: Life Orb\n|move|p2b: Clefairy|Life Dew||[still]|[spread] p2a,p2b\n|-heal|p2a: Calyrex|35/100\n|-fail|p2b: Clefairy|heal\n|\n|upkeep\n|turn|4\n|\n|t:|1772817179\n|move|p2b: Clefairy|Follow Me|p2b: Clefairy\n|-singleturn|p2b: Clefairy|move: Follow Me\n|move|p1a: Flutter Mane|Icy Wind|p2a: Calyrex|[spread] p2a,p2b\n|-damage|p2a: Calyrex|26/100\n|-damage|p2b: Clefairy|90/100\n|-unboost|p2a: Calyrex|spe|1\n|-unboost|p2b: Clefairy|spe|1\n|move|p2a: Calyrex|Psychic|p1a: Flutter Mane\n|-damage|p1a: Flutter Mane|0 fnt\n|faint|p1a: Flutter Mane\n|-end|p1a: Flutter Mane|Protosynthesis|[silent]\n|-ability|p2a: Calyrex|Grim Neigh|boost\n|-boost|p2a: Calyrex|spa|1\n|-damage|p2a: Calyrex|17/100|[from] item: Life Orb\n|move|p1b: Araquanid|Liquidation|p2b: Clefairy\n|-damage|p2b: Clefairy|59/100\n|-unboost|p2b: Clefairy|def|1\n|\n|upkeep\n|\n|t:|1772817191\n|switch|p1a: Eternatus|Eternatus, L50|100/100\n|-ability|p1a: Eternatus|Pressure\n|turn|5\n|\n|t:|1772817233\n|move|p1b: Araquanid|Wide Guard|p1b: Araquanid\n|-singleturn|p1b: Araquanid|Wide Guard\n|move|p2b: Clefairy|Follow Me|p2b: Clefairy\n|-singleturn|p2b: Clefairy|move: Follow Me\n|move|p1a: Eternatus|Sludge Wave|p2a: Calyrex|[spread] p2a,p2b\n|-activate|p1b: Araquanid|move: Wide Guard\n|-resisted|p2a: Calyrex\n|-supereffective|p2b: Clefairy\n|-damage|p2a: Calyrex|0 fnt\n|-damage|p2b: Clefairy|0 fnt\n|faint|p2a: Calyrex\n|faint|p2b: Clefairy\n|\n|upkeep\n|\n|t:|1772817245\n|switch|p2a: Rillaboom|Rillaboom, L50, M|100/100\n|switch|p2b: Incineroar|Incineroar, L50, M|100/100\n|-activate|p2a: Rillaboom|move: Sticky Web\n|-unboost|p2a: Rillaboom|spe|1\n|-fieldstart|move: Grassy Terrain|[from] ability: Grassy Surge|[of] p2a: Rillaboom\n|-activate|p2b: Incineroar|move: Sticky Web\n|-unboost|p2b: Incineroar|spe|1\n|-ability|p2b: Incineroar|Intimidate|boost\n|-unboost|p1a: Eternatus|atk|1\n|-unboost|p1b: Araquanid|atk|1\n|turn|6\n|-message|ryo8989 forfeited.\n|\n|win|bighamsterbaseball\n|raw|bighamsterbaseball's rating: 1352 &rarr; <strong>1372</strong><br />(+20 for winning)\n|raw|ryo8989's rating: 1346 &rarr; <strong>1326</strong><br />(-20 for losing)\n|l|\u2606ryo8989\n|player|p2|\n|l|\u203dbighamsterbaseball\n|player|p1|\n","uploadtime":1772817265,"views":19,"formatid":"gen9vgc2026regi","rating":1326,"private":0,"password":null}