{"id":"gen9vgc2026regi-2549422077","format":"[Gen 9] VGC 2026 Reg I","players":["xiaoliyunVGC","kojimuranishi"],"log":"|j|\u2606xiaoliyunVGC\n|j|\u2606kojimuranishi\n|t:|1772364391\n|gametype|doubles\n|player|p1|xiaoliyunVGC|liko|1462\n|player|p2|kojimuranishi|102|1433\n|gen|9\n|tier|[Gen 9] VGC 2026 Reg I\n|rated|\n|rule|Species Clause: Limit one of each Pok\u00e9mon\n|rule|Item Clause: Limit 1 of each item\n|clearpoke\n|poke|p1|Zamazenta-*, L50|\n|poke|p1|Kyogre, L50|\n|poke|p1|Raichu, L50, F|\n|poke|p1|Flutter Mane, L50|\n|poke|p1|Tornadus, L50, M|\n|poke|p1|Urshifu-*, L50, M|\n|poke|p2|Raging Bolt, L50|\n|poke|p2|Calyrex-Ice, L50|\n|poke|p2|Kyogre, L50|\n|poke|p2|Indeedee-F, L50, F|\n|poke|p2|Ursaluna, L50, M|\n|poke|p2|Torkoal, L50, F|\n|teampreview|4\n|inactive|Battle timer is ON: inactive players will automatically lose when time's up. (requested by xiaoliyunVGC)\n|\n|t:|1772364408\n|teamsize|p1|4\n|teamsize|p2|4\n|start\n|switch|p1a: Urshifu|Urshifu, L50, M|100/100\n|switch|p1b: Flutter Mane|Flutter Mane, L50|100/100\n|switch|p2a: Indeedee|Indeedee-F, L50, F|100/100\n|switch|p2b: Calyrex|Calyrex-Ice, L50|100/100\n|-ability|p2b: Calyrex|As One\n|-ability|p2b: Calyrex|Unnerve\n|-fieldstart|move: Psychic Terrain|[from] ability: Psychic Surge|[of] p2a: Indeedee\n|-enditem|p1b: Flutter Mane|Booster Energy\n|-activate|p1b: Flutter Mane|ability: Protosynthesis|[fromitem]\n|-start|p1b: Flutter Mane|protosynthesisspe\n|turn|1\n|\n|t:|1772364428\n|-terastallize|p2b: Calyrex|Fairy\n|move|p1b: Flutter Mane|Taunt|p2a: Indeedee\n|-start|p2a: Indeedee|move: Taunt\n|move|p1a: Urshifu|Wicked Blow|p2b: Calyrex\n|-resisted|p2b: Calyrex\n|-crit|p2b: Calyrex\n|-damage|p2b: Calyrex|74/100\n|move|p2b: Calyrex|Glacial Lance|p1b: Flutter Mane|[spread] p1a,p1b\n|-damage|p1a: Urshifu|61/100\n|-damage|p1b: Flutter Mane|0 fnt\n|faint|p1b: Flutter Mane\n|-end|p1b: Flutter Mane|Protosynthesis|[silent]\n|-ability|p2b: Calyrex|Chilling Neigh|boost\n|-boost|p2b: Calyrex|atk|1\n|cant|p2a: Indeedee|move: Taunt|Trick Room\n|\n|-heal|p2b: Calyrex|80/100|[from] item: Leftovers\n|upkeep\n|\n|t:|1772364437\n|switch|p1b: Kyogre|Kyogre, L50|100/100\n|-weather|RainDance|[from] ability: Drizzle|[of] p1b: Kyogre\n|turn|2\n|\n|t:|1772364457\n|switch|p1b: Zamazenta|Zamazenta-Crowned, L50, shiny|100/100\n|-ability|p1b: Zamazenta|Dauntless Shield|boost\n|-boost|p1b: Zamazenta|def|1\n|switch|p2a: Torkoal|Torkoal, L50, F|100/100\n|-weather|SunnyDay|[from] ability: Drought|[of] p2a: Torkoal\n|-terastallize|p1a: Urshifu|Steel\n|move|p1a: Urshifu|Wicked Blow|p2a: Torkoal\n|-crit|p2a: Torkoal\n|-damage|p2a: Torkoal|32/100\n|move|p2b: Calyrex|Trick Room|p2b: Calyrex\n|-fieldstart|move: Trick Room|[of] p2b: Calyrex\n|\n|-weather|SunnyDay|[upkeep]\n|-heal|p2b: Calyrex|86/100|[from] item: Leftovers\n|upkeep\n|turn|3\n|\n|t:|1772364481\n|switch|p1a: Kyogre|Kyogre, L50|100/100\n|-weather|RainDance|[from] ability: Drizzle|[of] p1a: Kyogre\n|move|p2a: Torkoal|Weather Ball|p1a: Kyogre\n|-resisted|p1a: Kyogre\n|-damage|p1a: Kyogre|76/100\n|move|p2b: Calyrex|Leech Seed|p1b: Zamazenta\n|-start|p1b: Zamazenta|move: Leech Seed\n|move|p1b: Zamazenta|Behemoth Bash|p2b: Calyrex\n|-supereffective|p2b: Calyrex\n|-damage|p2b: Calyrex|37/100\n|\n|-weather|RainDance|[upkeep]\n|-heal|p2b: Calyrex|43/100|[from] item: Leftovers\n|-damage|p1b: Zamazenta|88/100|[from] Leech Seed|[of] p2b: Calyrex\n|-heal|p2b: Calyrex|54/100|[silent]\n|upkeep\n|turn|4\n|\n|t:|1772364505\n|switch|p2a: Indeedee|Indeedee-F, L50, F|100/100\n|move|p2b: Calyrex|Protect|p2b: Calyrex\n|-singleturn|p2b: Calyrex|Protect\n|move|p1b: Zamazenta|Behemoth Bash|p2b: Calyrex\n|-activate|p2b: Calyrex|move: Protect\n|move|p1a: Kyogre|Origin Pulse|p2a: Indeedee|[spread] p2a\n|-activate|p2b: Calyrex|move: Protect\n|-damage|p2a: Indeedee|34/100\n|\n|-weather|RainDance|[upkeep]\n|-heal|p2b: Calyrex|60/100|[from] item: Leftovers\n|-damage|p1b: Zamazenta|76/100|[from] Leech Seed|[of] p2b: Calyrex\n|-heal|p2b: Calyrex|72/100|[silent]\n|upkeep\n|turn|5\n|\n|t:|1772364525\n|move|p2b: Calyrex|Leech Seed|p1a: Kyogre\n|-start|p1a: Kyogre|move: Leech Seed\n|move|p2a: Indeedee|Heal Pulse|p2b: Calyrex\n|-heal|p2b: Calyrex|100/100\n|move|p1b: Zamazenta|Behemoth Bash|p2b: Calyrex\n|-supereffective|p2b: Calyrex\n|-damage|p2b: Calyrex|50/100\n|move|p1a: Kyogre|Origin Pulse|p2a: Indeedee|[spread] p2a,p2b\n|-damage|p2a: Indeedee|0 fnt\n|-damage|p2b: Calyrex|8/100\n|faint|p2a: Indeedee\n|\n|-weather|RainDance|[upkeep]\n|-heal|p2b: Calyrex|14/100|[from] item: Leftovers\n|-damage|p1b: Zamazenta|64/100|[from] Leech Seed|[of] p2b: Calyrex\n|-heal|p2b: Calyrex|25/100|[silent]\n|-damage|p1a: Kyogre|64/100|[from] Leech Seed|[of] p2b: Calyrex\n|-heal|p2b: Calyrex|36/100|[silent]\n|-fieldend|move: Psychic Terrain\n|upkeep\n|\n|t:|1772364544\n|switch|p2a: Torkoal|Torkoal, L50, F|32/100\n|-weather|SunnyDay|[from] ability: Drought|[of] p2a: Torkoal\n|turn|6\n|\n|t:|1772364551\n|move|p1b: Zamazenta|Protect|p1b: Zamazenta\n|-singleturn|p1b: Zamazenta|Protect\n|move|p2a: Torkoal|Weather Ball|p1b: Zamazenta\n|-activate|p1b: Zamazenta|move: Protect\n|move|p2b: Calyrex|Glacial Lance|p1b: Zamazenta|[spread] p1a\n|-activate|p1b: Zamazenta|move: Protect\n|-resisted|p1a: Kyogre\n|-damage|p1a: Kyogre|27/100\n|move|p1a: Kyogre|Origin Pulse|p2a: Torkoal|[spread] p2a,p2b\n|-supereffective|p2a: Torkoal\n|-damage|p2a: Torkoal|0 fnt\n|-damage|p2b: Calyrex|24/100\n|faint|p2a: Torkoal\n|\n|-weather|SunnyDay|[upkeep]\n|-heal|p2b: Calyrex|29/100|[from] item: Leftovers\n|-damage|p1b: Zamazenta|52/100|[from] Leech Seed|[of] p2b: Calyrex\n|-heal|p2b: Calyrex|41/100|[silent]\n|-damage|p1a: Kyogre|14/100|[from] Leech Seed|[of] p2b: Calyrex\n|-heal|p2b: Calyrex|52/100|[silent]\n|-fieldend|move: Trick Room\n|upkeep\n|\n|t:|1772364572\n|switch|p2a: Ursaluna|Ursaluna, L50, M|100/100\n|turn|7\n|\n|t:|1772364581\n|move|p2a: Ursaluna|Protect|p2a: Ursaluna\n|-singleturn|p2a: Ursaluna|Protect\n|move|p1a: Kyogre|Origin Pulse|p2b: Calyrex|[spread] p2b\n|-activate|p2a: Ursaluna|move: Protect\n|-damage|p2b: Calyrex|40/100\n|move|p1b: Zamazenta|Behemoth Bash|p2b: Calyrex\n|-supereffective|p2b: Calyrex\n|-damage|p2b: Calyrex|0 fnt\n|faint|p2b: Calyrex\n|\n|-weather|SunnyDay|[upkeep]\n|-status|p2a: Ursaluna|brn|[from] item: Flame Orb\n|upkeep\n|turn|8\n|-message|kojimuranishi forfeited.\n|\n|win|xiaoliyunVGC\n|raw|xiaoliyunVGC's rating: 1462 &rarr; <strong>1480</strong><br />(+18 for winning)\n|raw|kojimuranishi's rating: 1433 &rarr; <strong>1415</strong><br />(-18 for losing)\n|l|\u2606kojimuranishi\n|player|p2|\n|l|\u2606xiaoliyunVGC\n|player|p1|\n","uploadtime":1772364791,"views":16,"formatid":"gen9vgc2026regi","rating":1415,"private":0,"password":null}