{"id":"gen9vgc2026regi-2513826774","format":"[Gen 9] VGC 2026 Reg I","players":["Fuck Cops","Schimmli"],"log":"|j|\u2606Fuck Cops\n|j|\u2606Schimmli\n|t:|1767789070\n|gametype|doubles\n|player|p1|Fuck Cops|101|1308\n|player|p2|Schimmli|101|1259\n|gen|9\n|tier|[Gen 9] VGC 2026 Reg I\n|rated|\n|rule|Species Clause: Limit one of each Pok\u00e9mon\n|rule|Item Clause: Limit 1 of each item\n|clearpoke\n|poke|p1|Kyogre, L50|\n|poke|p1|Whimsicott, L50, F|\n|poke|p1|Urshifu-*, L50, F|\n|poke|p1|Landorus, L50, M|\n|poke|p1|Zacian-*, L50|\n|poke|p1|Roaring Moon, L50|\n|poke|p2|Farigiraf, L50, M|\n|poke|p2|Miraidon, L50|\n|poke|p2|Rayquaza, L50|\n|poke|p2|Chien-Pao, L50|\n|poke|p2|Iron Hands, L50|\n|poke|p2|Volcarona, L50, F|\n|teampreview|4\n|inactive|Battle timer is ON: inactive players will automatically lose when time's up. (requested by Fuck Cops)\n|inactive|Fuck Cops has 60 seconds left.\n|\n|t:|1767789114\n|teamsize|p1|4\n|teamsize|p2|4\n|start\n|switch|p1a: Whimsicott|Whimsicott, L50, F|100/100\n|switch|p1b: Kyogre|Kyogre, L50|100/100\n|switch|p2a: Miraidon|Miraidon, L50|100/100\n|switch|p2b: Iron Hands|Iron Hands, L50|100/100\n|-fieldstart|move: Electric Terrain|[from] ability: Hadron Engine|[of] p2a: Miraidon\n|-activate|p2b: Iron Hands|ability: Quark Drive\n|-start|p2b: Iron Hands|quarkdriveatk\n|-weather|RainDance|[from] ability: Drizzle|[of] p1b: Kyogre\n|turn|1\n|\n|t:|1767789135\n|-terastallize|p1b: Kyogre|Ghost\n|move|p1a: Whimsicott|Tailwind|p1a: Whimsicott\n|-sidestart|p1: Fuck Cops|move: Tailwind\n|move|p1b: Kyogre|Water Spout|p2b: Iron Hands|[spread] p2a,p2b\n|-resisted|p2a: Miraidon\n|-crit|p2b: Iron Hands\n|-damage|p2a: Miraidon|63/100\n|-damage|p2b: Iron Hands|24/100\n|move|p2a: Miraidon|Volt Switch|p1a: Whimsicott\n|-resisted|p1a: Whimsicott\n|-damage|p1a: Whimsicott|52/100\n|\n|t:|1767789146\n|switch|p2a: Volcarona|Volcarona, L50, F|100/100|[from] Volt Switch\n|move|p2b: Iron Hands|Wild Charge|p1b: Kyogre\n|-damage|p1b: Kyogre|8/100\n|-damage|p2b: Iron Hands|6/100|[from] Recoil\n|\n|-weather|RainDance|[upkeep]\n|upkeep\n|turn|2\n|\n|t:|1767789170\n|-terastallize|p2a: Volcarona|Dragon\n|move|p1a: Whimsicott|Light Screen|p1a: Whimsicott\n|-sidestart|p1: Fuck Cops|move: Light Screen\n|move|p1b: Kyogre|Origin Pulse|p2a: Volcarona|[spread] p2a,p2b\n|-resisted|p2a: Volcarona\n|-damage|p2a: Volcarona|68/100\n|-damage|p2b: Iron Hands|0 fnt\n|faint|p2b: Iron Hands\n|-end|p2b: Iron Hands|Quark Drive|[silent]\n|move|p2a: Volcarona|Struggle Bug|p1a: Whimsicott|[spread] p1a,p1b\n|-crit|p1a: Whimsicott\n|-resisted|p1b: Kyogre\n|-damage|p1a: Whimsicott|18/100\n|-damage|p1b: Kyogre|5/100\n|-unboost|p1b: Kyogre|spa|1\n|\n|-weather|RainDance|[upkeep]\n|upkeep\n|\n|t:|1767789185\n|switch|p2b: Rayquaza|Rayquaza, L50|100/100\n|-ability|p2b: Rayquaza|Air Lock\n|turn|3\n|\n|t:|1767789201\n|move|p2b: Rayquaza|Protect|p2b: Rayquaza\n|-singleturn|p2b: Rayquaza|Protect\n|move|p1a: Whimsicott|Moonblast|p2a: Volcarona\n|-supereffective|p2a: Volcarona\n|-damage|p2a: Volcarona|16/100\n|-unboost|p2a: Volcarona|spa|1\n|move|p1b: Kyogre|Ice Beam|p2b: Rayquaza\n|-activate|p2b: Rayquaza|move: Protect\n|move|p2a: Volcarona|Struggle Bug|p1a: Whimsicott|[spread] p1a,p1b\n|-resisted|p1b: Kyogre\n|-damage|p1a: Whimsicott|6/100\n|-damage|p1b: Kyogre|3/100\n|-unboost|p1b: Kyogre|spa|1\n|\n|-weather|RainDance|[upkeep]\n|upkeep\n|turn|4\n|\n|t:|1767789220\n|move|p2b: Rayquaza|Extreme Speed|p1a: Whimsicott\n|-damage|p1a: Whimsicott|0 fnt\n|faint|p1a: Whimsicott\n|move|p2a: Volcarona|Rage Powder|p2a: Volcarona\n|-singleturn|p2a: Volcarona|move: Rage Powder\n|move|p1b: Kyogre|Ice Beam|p2a: Volcarona\n|-supereffective|p2a: Volcarona\n|-damage|p2a: Volcarona|0 fnt\n|faint|p2a: Volcarona\n|\n|-weather|RainDance|[upkeep]\n|-sideend|p1: Fuck Cops|move: Tailwind\n|upkeep\n|\n|t:|1767789228\n|switch|p1a: Zacian|Zacian-Crowned, L50|100/100\n|switch|p2a: Miraidon|Miraidon, L50|63/100\n|-activate|p2a: Miraidon|ability: Hadron Engine\n|-ability|p1a: Zacian|Intrepid Sword|boost\n|-boost|p1a: Zacian|atk|1\n|turn|5\n|\n|t:|1767789236\n|switch|p1b: Landorus|Landorus, L50, M|100/100\n|move|p2b: Rayquaza|Protect|p2b: Rayquaza\n|-singleturn|p2b: Rayquaza|Protect\n|move|p2a: Miraidon|Electro Drift|p1a: Zacian\n|-damage|p1a: Zacian|45/100\n|move|p1a: Zacian|Play Rough|p2a: Miraidon\n|-supereffective|p2a: Miraidon\n|-damage|p2a: Miraidon|0 fnt\n|faint|p2a: Miraidon\n|\n|-weather|none\n|-fieldend|move: Electric Terrain\n|upkeep\n|turn|6\n|\n|t:|1767789264\n|move|p1a: Zacian|Protect|p1a: Zacian\n|-singleturn|p1a: Zacian|Protect\n|move|p2b: Rayquaza|Swords Dance|p2b: Rayquaza\n|-boost|p2b: Rayquaza|atk|2\n|move|p1b: Landorus|Taunt|p2b: Rayquaza\n|-start|p2b: Rayquaza|move: Taunt\n|\n|-sideend|p1: Fuck Cops|move: Light Screen\n|upkeep\n|turn|7\n|\n|t:|1767789282\n|switch|p1b: Kyogre|Kyogre, L50, tera:Ghost|3/100\n|-weather|RainDance|[from] ability: Drizzle|[of] p1b: Kyogre\n|move|p1a: Zacian|Play Rough|p2b: Rayquaza\n|-supereffective|p2b: Rayquaza\n|-damage|p2b: Rayquaza|0 fnt\n|faint|p2b: Rayquaza\n|\n|win|Fuck Cops\n|raw|Fuck Cops's rating: 1308 &rarr; <strong>1325</strong><br />(+17 for winning)\n|raw|Schimmli's rating: 1259 &rarr; <strong>1238</strong><br />(-21 for losing)\n|l|\u2606Schimmli\n|player|p2|\n|l|\u2606Fuck Cops\n|player|p1|\n","uploadtime":1767789440,"views":87,"formatid":"gen9vgc2026regi","rating":1238,"private":0,"password":null}