{"id":"gen9vgc2026regi-2573328720","format":"[Gen 9] VGC 2026 Reg I","players":["Dragoonlong","Freecko99"],"log":"|j|\u2606Dragoonlong\n|j|\u2606Freecko99\n|t:|1775122850\n|gametype|doubles\n|player|p1|Dragoonlong|cynthia|1396\n|player|p2|Freecko99|ethan|1429\n|gen|9\n|tier|[Gen 9] VGC 2026 Reg I\n|rated|\n|rule|Species Clause: Limit one of each Pok\u00e9mon\n|rule|Item Clause: Limit 1 of each item\n|clearpoke\n|poke|p1|Muk-Alola, L50, F|\n|poke|p1|Smeargle, L50, F|\n|poke|p1|Calyrex-Shadow, L50|\n|poke|p1|Rayquaza, L50|\n|poke|p1|Flamigo, L50, F|\n|poke|p1|Rillaboom, L50, F|\n|poke|p2|Incineroar, L50, F|\n|poke|p2|Calyrex-Ice, L50|\n|poke|p2|Rillaboom, L50, M|\n|poke|p2|Smeargle, L50, F|\n|poke|p2|Landorus, L50, M|\n|poke|p2|Koraidon, L50|\n|teampreview|4\n|inactive|Battle timer is ON: inactive players will automatically lose when time's up. (requested by Freecko99)\n|inactive|Freecko99 has 60 seconds left.\n|\n|t:|1775122896\n|teamsize|p1|4\n|teamsize|p2|4\n|start\n|switch|p1a: Muk|Muk-Alola, L50, F|100/100\n|switch|p1b: Smeargle|Smeargle, L50, F|100/100\n|switch|p2a: Incineroar|Incineroar, L50, F|100/100\n|switch|p2b: Calyrex|Calyrex-Ice, L50|100/100\n|-ability|p2b: Calyrex|As One\n|-ability|p2b: Calyrex|Unnerve\n|-ability|p2a: Incineroar|Intimidate|boost\n|-unboost|p1a: Muk|atk|1\n|-unboost|p1b: Smeargle|atk|1\n|turn|1\n|inactive|Dragoonlong has 30 seconds left.\n|inactive|Dragoonlong has 20 seconds left.\n|inactive|Dragoonlong has 15 seconds left.\n|inactive|Dragoonlong has 10 seconds left.\n|\n|t:|1775122943\n|move|p1b: Smeargle|Fake Out|p2b: Calyrex\n|-damage|p2b: Calyrex|99/100\n|move|p2a: Incineroar|Fake Out|p1b: Smeargle\n|-damage|p1b: Smeargle|81/100\n|move|p1a: Muk|Minimize|p1a: Muk\n|-boost|p1a: Muk|evasion|2\n|cant|p2b: Calyrex|flinch\n|\n|-heal|p2b: Calyrex|100/100|[from] item: Leftovers\n|-ability|p1b: Smeargle|Moody|boost\n|-boost|p1b: Smeargle|spa|2\n|-unboost|p1b: Smeargle|atk|1\n|upkeep\n|turn|2\n|inactive|Dragoonlong has 30 seconds left.\n|\n|t:|1775122970\n|move|p1b: Smeargle|Spore|p2b: Calyrex\n|-status|p2b: Calyrex|slp|[from] move: Spore\n|move|p2a: Incineroar|Knock Off|p1b: Smeargle\n|-damage|p1b: Smeargle|12/100\n|-enditem|p1b: Smeargle|Focus Sash|[from] move: Knock Off|[of] p2a: Incineroar\n|move|p1a: Muk|Minimize|p1a: Muk\n|-boost|p1a: Muk|evasion|2\n|cant|p2b: Calyrex|slp\n|\n|-ability|p1b: Smeargle|Moody|boost\n|-boost|p1b: Smeargle|spe|2\n|-unboost|p1b: Smeargle|spd|1\n|upkeep\n|turn|3\n|inactive|Freecko99 has 30 seconds left.\n|inactive|Freecko99 has 20 seconds left.\n|inactive|Freecko99 has 15 seconds left.\n|\n|t:|1775123012\n|move|p1b: Smeargle|Spore|p2a: Incineroar\n|-activate|p2a: Incineroar|item: Safety Goggles|Spore\n|move|p2a: Incineroar|Knock Off|p1a: Muk\n|-resisted|p1a: Muk\n|-damage|p1a: Muk|87/100\n|-enditem|p1a: Muk|Leftovers|[from] move: Knock Off|[of] p2a: Incineroar\n|move|p1a: Muk|Minimize|p1a: Muk\n|-boost|p1a: Muk|evasion|2\n|-curestatus|p2b: Calyrex|slp|[msg]\n|move|p2b: Calyrex|Leech Seed|p1a: Muk|[miss]\n|-miss|p2b: Calyrex|p1a: Muk\n|\n|-ability|p1b: Smeargle|Moody|boost\n|-boost|p1b: Smeargle|atk|2\n|-unboost|p1b: Smeargle|spa|1\n|upkeep\n|turn|4\n|inactive|Dragoonlong has 30 seconds left.\n|\n|t:|1775123041\n|move|p2b: Calyrex|Protect|p2b: Calyrex\n|-singleturn|p2b: Calyrex|Protect\n|move|p1b: Smeargle|Spore|p2b: Calyrex\n|-activate|p2b: Calyrex|move: Protect\n|move|p2a: Incineroar|Parting Shot|p1a: Muk|[miss]\n|-miss|p2a: Incineroar|p1a: Muk\n|move|p1a: Muk|Poison Gas|p2b: Calyrex|[spread] p2a\n|-activate|p2b: Calyrex|move: Protect\n|-status|p2a: Incineroar|psn\n|\n|-damage|p2a: Incineroar|88/100 psn|[from] psn\n|-ability|p1b: Smeargle|Moody|boost\n|-boost|p1b: Smeargle|def|2\n|-unboost|p1b: Smeargle|spd|1\n|upkeep\n|turn|5\n|inactive|Freecko99 has 30 seconds left.\n|\n|t:|1775123069\n|switch|p2b: Rillaboom|Rillaboom, L50, M|100/100\n|-fieldstart|move: Grassy Terrain|[from] ability: Grassy Surge|[of] p2b: Rillaboom\n|move|p1b: Smeargle|Spore|p2b: Rillaboom\n|-immune|p2b: Rillaboom\n|move|p2a: Incineroar|Parting Shot|p1a: Muk|[miss]\n|-miss|p2a: Incineroar|p1a: Muk\n|move|p1a: Muk|Knock Off|p2b: Rillaboom\n|-damage|p2b: Rillaboom|77/100\n|-enditem|p2b: Rillaboom|Assault Vest|[from] move: Knock Off|[of] p1a: Muk\n|\n|-heal|p1b: Smeargle|18/100|[from] Grassy Terrain\n|-heal|p2b: Rillaboom|83/100|[from] Grassy Terrain\n|-heal|p2a: Incineroar|94/100 psn|[from] Grassy Terrain\n|-heal|p1a: Muk|93/100|[from] Grassy Terrain\n|-damage|p2a: Incineroar|82/100 psn|[from] psn\n|-ability|p1b: Smeargle|Moody|boost\n|-boost|p1b: Smeargle|spe|2\n|-unboost|p1b: Smeargle|def|1\n|upkeep\n|turn|6\n|\n|t:|1775123094\n|switch|p2a: Calyrex|Calyrex-Ice, L50|100/100\n|-ability|p2a: Calyrex|As One\n|-ability|p2a: Calyrex|Unnerve\n|move|p2b: Rillaboom|Fake Out|p1a: Muk\n|-damage|p1a: Muk|84/100\n|move|p1b: Smeargle|Salt Cure|p2a: Calyrex\n|-supereffective|p2a: Calyrex\n|-damage|p2a: Calyrex|97/100\n|-start|p2a: Calyrex|Salt Cure\n|cant|p1a: Muk|flinch\n|\n|-heal|p1b: Smeargle|24/100|[from] Grassy Terrain\n|-heal|p2b: Rillaboom|89/100|[from] Grassy Terrain\n|-heal|p1a: Muk|90/100|[from] Grassy Terrain\n|-heal|p2a: Calyrex|100/100|[from] Grassy Terrain\n|-damage|p2a: Calyrex|88/100|[from] Salt Cure\n|-ability|p1b: Smeargle|Moody|boost\n|-boost|p1b: Smeargle|spe|2\n|-unboost|p1b: Smeargle|atk|1\n|upkeep\n|turn|7\n|\n|t:|1775123114\n|switch|p2a: Incineroar|Incineroar, L50, F|82/100 psn\n|-ability|p2a: Incineroar|Intimidate|boost\n|-unboost|p1a: Muk|atk|1\n|-unboost|p1b: Smeargle|atk|1\n|move|p2b: Rillaboom|Grassy Glide|p1b: Smeargle\n|-damage|p1b: Smeargle|0 fnt\n|faint|p1b: Smeargle\n|-ability|p1a: Muk|Moody|Power of Alchemy|[from] ability: Power of Alchemy|[of] p1b: Smeargle\n|move|p1a: Muk|Knock Off|p2a: Incineroar\n|-resisted|p2a: Incineroar\n|-crit|p2a: Incineroar\n|-damage|p2a: Incineroar|61/100 psn\n|-enditem|p2a: Incineroar|Safety Goggles|[from] move: Knock Off|[of] p1a: Muk\n|\n|-heal|p2b: Rillaboom|95/100|[from] Grassy Terrain\n|-heal|p2a: Incineroar|67/100 psn|[from] Grassy Terrain\n|-heal|p1a: Muk|96/100|[from] Grassy Terrain\n|-damage|p2a: Incineroar|54/100 psn|[from] psn\n|-ability|p1a: Muk|Moody|boost\n|-boost|p1a: Muk|spa|2\n|-unboost|p1a: Muk|spd|1\n|upkeep\n|inactive|Dragoonlong has 30 seconds left.\n|\n|t:|1775123144\n|switch|p1b: \u6709\u8010\u4e45|Calyrex-Shadow, L50|100/100\n|-ability|p1b: \u6709\u8010\u4e45|As One\n|-ability|p1b: \u6709\u8010\u4e45|Unnerve\n|turn|8\n|inactive|Dragoonlong has 30 seconds left.\n|inactive|Dragoonlong has 20 seconds left.\n|\n|t:|1775123181\n|move|p1b: \u6709\u8010\u4e45|Protect|p1b: \u6709\u8010\u4e45\n|-singleturn|p1b: \u6709\u8010\u4e45|Protect\n|move|p2b: Rillaboom|Grassy Glide|p1b: \u6709\u8010\u4e45\n|-activate|p1b: \u6709\u8010\u4e45|move: Protect\n|move|p2a: Incineroar|Knock Off|p1b: \u6709\u8010\u4e45\n|-activate|p1b: \u6709\u8010\u4e45|move: Protect\n|move|p1a: Muk|Poison Gas|p2b: Rillaboom|[spread] p2a,p2b\n|-fail|p2a: Incineroar|psn\n|-status|p2b: Rillaboom|psn\n|\n|-heal|p2b: Rillaboom|100/100 psn|[from] Grassy Terrain\n|-heal|p2a: Incineroar|60/100 psn|[from] Grassy Terrain\n|-heal|p1a: Muk|100/100|[from] Grassy Terrain\n|-damage|p2b: Rillaboom|88/100 psn|[from] psn\n|-damage|p2a: Incineroar|48/100 psn|[from] psn\n|-ability|p1a: Muk|Moody|boost\n|-boost|p1a: Muk|spa|2\n|-unboost|p1a: Muk|spe|1\n|upkeep\n|turn|9\n|inactive|Freecko99 has 30 seconds left.\n|\n|t:|1775123209\n|move|p1b: \u6709\u8010\u4e45|Psych Up|p1a: Muk\n|-copyboost|p1b: \u6709\u8010\u4e45|p1a: Muk|[from] move: Psych Up\n|move|p2b: Rillaboom|U-turn|p1b: \u6709\u8010\u4e45|[miss]\n|-miss|p2b: Rillaboom|p1b: \u6709\u8010\u4e45\n|move|p2a: Incineroar|Knock Off|p1b: \u6709\u8010\u4e45|[miss]\n|-miss|p2a: Incineroar|p1b: \u6709\u8010\u4e45\n|move|p1a: Muk|Knock Off|p2b: Rillaboom\n|-damage|p2b: Rillaboom|77/100 psn\n|\n|-heal|p2b: Rillaboom|83/100 psn|[from] Grassy Terrain\n|-heal|p2a: Incineroar|54/100 psn|[from] Grassy Terrain\n|-damage|p2b: Rillaboom|70/100 psn|[from] psn\n|-damage|p2a: Incineroar|42/100 psn|[from] psn\n|-fieldend|move: Grassy Terrain\n|-ability|p1a: Muk|Moody|boost\n|-boost|p1a: Muk|def|2\n|-unboost|p1a: Muk|spe|1\n|upkeep\n|turn|10\n|\n|t:|1775123229\n|move|p1b: \u6709\u8010\u4e45|Protect|p1b: \u6709\u8010\u4e45\n|-singleturn|p1b: \u6709\u8010\u4e45|Protect\n|move|p2b: Rillaboom|U-turn|p1b: \u6709\u8010\u4e45\n|-activate|p1b: \u6709\u8010\u4e45|move: Protect\n|move|p2a: Incineroar|Knock Off|p1b: \u6709\u8010\u4e45\n|-activate|p1b: \u6709\u8010\u4e45|move: Protect\n|move|p1a: Muk|Knock Off|p2b: Rillaboom\n|-damage|p2b: Rillaboom|58/100 psn\n|\n|-damage|p2b: Rillaboom|46/100 psn|[from] psn\n|-damage|p2a: Incineroar|29/100 psn|[from] psn\n|-ability|p1a: Muk|Moody|boost\n|-boost|p1a: Muk|atk|2\n|-unboost|p1a: Muk|spd|1\n|upkeep\n|turn|11\n|inactive|Dragoonlong has 30 seconds left.\n|inactive|Dragoonlong has 20 seconds left.\n|inactive|Dragoonlong has 15 seconds left.\n|\n|t:|1775123270\n|move|p1a: Muk|Protect|p1a: Muk\n|-singleturn|p1a: Muk|Protect\n|move|p2b: Rillaboom|U-turn|p1b: \u6709\u8010\u4e45|[miss]\n|-miss|p2b: Rillaboom|p1b: \u6709\u8010\u4e45\n|move|p1b: \u6709\u8010\u4e45|Astral Barrage|p2a: Incineroar|[spread] p2a,p2b\n|-resisted|p2a: Incineroar\n|-damage|p2a: Incineroar|0 fnt\n|-damage|p2b: Rillaboom|0 fnt\n|faint|p2a: Incineroar\n|faint|p2b: Rillaboom\n|-ability|p1b: \u6709\u8010\u4e45|Grim Neigh|boost\n|-boost|p1b: \u6709\u8010\u4e45|spa|2\n|\n|-ability|p1a: Muk|Moody|boost\n|-boost|p1a: Muk|spd|2\n|-unboost|p1a: Muk|atk|1\n|upkeep\n|\n|t:|1775123285\n|switch|p2b: Koraidon|Koraidon, L50|100/100\n|switch|p2a: Calyrex|Calyrex-Ice, L50|88/100\n|-ability|p2a: Calyrex|As One\n|-ability|p2a: Calyrex|Unnerve\n|-weather|SunnyDay|[from] ability: Orichalcum Pulse|[of] p2b: Koraidon\n|-activate|p2b: Koraidon|Orichalcum Pulse|[source]\n|turn|12\n|inactive|Freecko99 has 30 seconds left.\n|\n|t:|1775123313\n|-terastallize|p2a: Calyrex|Fairy\n|move|p2b: Koraidon|Protect|p2b: Koraidon\n|-singleturn|p2b: Koraidon|Protect\n|move|p1b: \u6709\u8010\u4e45|Astral Barrage|p2b: Koraidon|[spread] p2a\n|-activate|p2b: Koraidon|move: Protect\n|-crit|p2a: Calyrex\n|-damage|p2a: Calyrex|0 fnt\n|faint|p2a: Calyrex\n|move|p1a: Muk|Knock Off|p2b: Koraidon\n|-activate|p2b: Koraidon|move: Protect\n|\n|-weather|SunnyDay|[upkeep]\n|-ability|p1a: Muk|Moody|boost\n|-boost|p1a: Muk|atk|2\n|-unboost|p1a: Muk|spa|1\n|upkeep\n|turn|13\n|\n|t:|1775123329\n|move|p2b: Koraidon|Flare Blitz|p1b: \u6709\u8010\u4e45|[miss]\n|-miss|p2b: Koraidon|p1b: \u6709\u8010\u4e45\n|move|p1b: \u6709\u8010\u4e45|Astral Barrage|p2b: Koraidon\n|-crit|p2b: Koraidon\n|-damage|p2b: Koraidon|0 fnt\n|faint|p2b: Koraidon\n|\n|win|Dragoonlong\n|raw|Dragoonlong's rating: 1396 &rarr; <strong>1418</strong><br />(+22 for winning)\n|raw|Freecko99's rating: 1429 &rarr; <strong>1407</strong><br />(-22 for losing)\n|l|\u2606Freecko99\n|player|p2|\n|l|\u2606Dragoonlong\n|player|p1|\n","uploadtime":1775123468,"views":17,"formatid":"gen9vgc2026regi","rating":1407,"private":0,"password":null}