{"id":"gen9vgc2026regi-2550127127","format":"[Gen 9] VGC 2026 Reg I","players":["drive stone","Tritonfrostbane"],"log":"|j|\u2606drive stone\n|j|\u2606Tritonfrostbane\n|t:|1772458257\n|gametype|doubles\n|player|p1|drive stone|cilan|1573\n|player|p2|Tritonfrostbane|102|1464\n|gen|9\n|tier|[Gen 9] VGC 2026 Reg I\n|rated|\n|rule|Species Clause: Limit one of each Pok\u00e9mon\n|rule|Item Clause: Limit 1 of each item\n|clearpoke\n|poke|p1|Calyrex-Ice, L50|\n|poke|p1|Farigiraf, L50, M|\n|poke|p1|Scraggy, L50, M|\n|poke|p1|Iron Treads, L50|\n|poke|p1|Iron Hands, L50|\n|poke|p1|Miraidon, L50|\n|poke|p2|Calyrex-Ice, L50|\n|poke|p2|Indeedee-F, L50, F|\n|poke|p2|Lunala, L50|\n|poke|p2|Torkoal, L50, F|\n|poke|p2|Smeargle, L50, M|\n|poke|p2|Urshifu-*, L50, F|\n|teampreview|4\n|inactive|Battle timer is ON: inactive players will automatically lose when time's up. (requested by Tritonfrostbane)\n|\n|t:|1772458296\n|teamsize|p1|4\n|teamsize|p2|4\n|start\n|switch|p1a: Iron Treads|Iron Treads, L50|100/100\n|switch|p1b: Miraidon|Miraidon, L50|100/100\n|switch|p2a: Smeargle|Smeargle, L50, M|100/100\n|switch|p2b: Lunala|Lunala, L50, shiny|100/100\n|-fieldstart|move: Electric Terrain|[from] ability: Hadron Engine|[of] p1b: Miraidon\n|-activate|p1a: Iron Treads|ability: Quark Drive\n|-start|p1a: Iron Treads|quarkdrivespe\n|turn|1\n|j| Qaiseasy\n|\n|t:|1772458319\n|-terastallize|p2b: Lunala|Grass\n|move|p2a: Smeargle|Fake Out|p1a: Iron Treads\n|-resisted|p1a: Iron Treads\n|-damage|p1a: Iron Treads|97/100\n|cant|p1a: Iron Treads|flinch\n|move|p1b: Miraidon|Volt Switch|p2a: Smeargle\n|-enditem|p2a: Smeargle|Focus Sash\n|-damage|p2a: Smeargle|1/100\n|\n|t:|1772458330\n|switch|p1b: Calyrex|Calyrex-Ice, L50|100/100|[from] Volt Switch\n|-ability|p1b: Calyrex|As One\n|-ability|p1b: Calyrex|Unnerve\n|move|p2b: Lunala|Trick Room|p2b: Lunala\n|-fieldstart|move: Trick Room|[of] p2b: Lunala\n|\n|upkeep\n|turn|2\n|\n|t:|1772458345\n|-end|p1a: Iron Treads|Quark Drive|[silent]\n|switch|p1a: Iron Hands|Iron Hands, L50|100/100\n|-activate|p1a: Iron Hands|ability: Quark Drive\n|-start|p1a: Iron Hands|quarkdriveatk\n|move|p2a: Smeargle|Follow Me|p2a: Smeargle\n|-singleturn|p2a: Smeargle|move: Follow Me\n|move|p1b: Calyrex|High Horsepower|p2a: Smeargle\n|-damage|p2a: Smeargle|0 fnt\n|faint|p2a: Smeargle\n|-ability|p1b: Calyrex|Chilling Neigh|boost\n|-boost|p1b: Calyrex|atk|1\n|move|p2b: Lunala|Meteor Beam||[still]\n|-prepare|p2b: Lunala|Meteor Beam\n|-boost|p2b: Lunala|spa|1\n|-enditem|p2b: Lunala|Power Herb\n|-anim|p2b: Lunala|Meteor Beam|p1b: Calyrex\n|-supereffective|p1b: Calyrex\n|-damage|p1b: Calyrex|13/100\n|\n|upkeep\n|l| Qaiseasy\n|\n|t:|1772458367\n|switch|p2a: Urshifu|Urshifu, L50, F|100/100\n|turn|3\n|\n|t:|1772458373\n|move|p1a: Iron Hands|Fake Out|p2a: Urshifu\n|-damage|p2a: Urshifu|84/100\n|cant|p2a: Urshifu|flinch\n|move|p1b: Calyrex|Glacial Lance|p2b: Lunala|[spread] p2a,p2b\n|-supereffective|p2b: Lunala\n|-damage|p2a: Urshifu|11/100\n|-damage|p2b: Lunala|34/100\n|move|p2b: Lunala|Expanding Force|p1a: Iron Hands\n|-supereffective|p1a: Iron Hands\n|-damage|p1a: Iron Hands|37/100\n|\n|upkeep\n|turn|4\n|\n|t:|1772458396\n|move|p2a: Urshifu|Sucker Punch|p1b: Calyrex\n|-supereffective|p1b: Calyrex\n|-damage|p1b: Calyrex|0 fnt\n|faint|p1b: Calyrex\n|move|p1a: Iron Hands|Drain Punch|p2b: Lunala\n|-damage|p2b: Lunala|0 fnt\n|-heal|p1a: Iron Hands|54/100|[from] drain|[of] p2b: Lunala\n|faint|p2b: Lunala\n|\n|upkeep\n|\n|t:|1772458407\n|switch|p1b: Miraidon|Miraidon, L50|100/100\n|switch|p2b: Torkoal|Torkoal, L50, F|100/100\n|-weather|SunnyDay|[from] ability: Drought|[of] p2b: Torkoal\n|-activate|p1b: Miraidon|ability: Hadron Engine\n|turn|5\n|\n|t:|1772458421\n|-terastallize|p1a: Iron Hands|Water\n|move|p2a: Urshifu|Sucker Punch|p1b: Miraidon\n|-damage|p1b: Miraidon|60/100\n|move|p2b: Torkoal|Eruption|p1b: Miraidon|[spread] p1a,p1b\n|-resisted|p1a: Iron Hands\n|-crit|p1a: Iron Hands\n|-resisted|p1b: Miraidon\n|-damage|p1a: Iron Hands|9/100\n|-damage|p1b: Miraidon|16/100\n|move|p1a: Iron Hands|Drain Punch|p2a: Urshifu\n|-supereffective|p2a: Urshifu\n|-damage|p2a: Urshifu|0 fnt\n|-heal|p1a: Iron Hands|14/100|[from] drain|[of] p2a: Urshifu\n|faint|p2a: Urshifu\n|move|p1b: Miraidon|Volt Switch|p2b: Torkoal\n|-damage|p2b: Torkoal|0 fnt\n|faint|p2b: Torkoal\n|\n|win|drive stone\n|raw|drive stone's rating: 1573 &rarr; <strong>1587</strong><br />(+14 for winning)\n|raw|Tritonfrostbane's rating: 1464 &rarr; <strong>1450</strong><br />(-14 for losing)\n|l|\u2606Tritonfrostbane\n|player|p2|\n|l|\u2606drive stone\n|player|p1|\n","uploadtime":1772458605,"views":15,"formatid":"gen9vgc2026regi","rating":1450,"private":0,"password":null}