{"id":"gen9vgc2026regi-2559211641","format":"[Gen 9] VGC 2026 Reg I","players":["TinkerBilll","jd8erh"],"log":"|j|\u2606TinkerBilll\n|j|\u2606jd8erh\n|t:|1773533114\n|gametype|doubles\n|player|p1|TinkerBilll|red|1577\n|player|p2|jd8erh|266|1519\n|gen|9\n|tier|[Gen 9] VGC 2026 Reg I\n|rated|\n|rule|Species Clause: Limit one of each Pok\u00e9mon\n|rule|Item Clause: Limit 1 of each item\n|clearpoke\n|poke|p1|Calyrex-Ice, L50|\n|poke|p1|Miraidon, L50|\n|poke|p1|Grimmsnarl, L50, M|\n|poke|p1|Incineroar, L50, M|\n|poke|p1|Sneasler, L50, F|\n|poke|p1|Ditto, L50|\n|poke|p2|Calyrex-Ice, L50|\n|poke|p2|Miraidon, L50|\n|poke|p2|Incineroar, L50, F|\n|poke|p2|Farigiraf, L50, M|\n|poke|p2|Volcarona, L50, F|\n|poke|p2|Grimmsnarl, L50, M|\n|teampreview|4\n|inactive|Battle timer is ON: inactive players will automatically lose when time's up. (requested by jd8erh)\njd8erh has agreed to open team sheets.\n|inactive|TinkerBilll has 60 seconds left.\n|\n|t:|1773533170\n|teamsize|p1|4\n|teamsize|p2|4\n|start\n|switch|p1a: Miraidon|Miraidon, L50|100/100\n|switch|p1b: Incineroar|Incineroar, L50, M, shiny|100/100\n|switch|p2a: Farigiraf|Farigiraf, L50, M|100/100\n|switch|p2b: Miraidon|Miraidon, L50|100/100\n|-fieldstart|move: Electric Terrain|[from] ability: Hadron Engine|[of] p2b: Miraidon\n|-enditem|p2a: Farigiraf|Electric Seed\n|-boost|p2a: Farigiraf|def|1|[from] item: Electric Seed\n|-activate|p1a: Miraidon|ability: Hadron Engine\n|-ability|p1b: Incineroar|Intimidate|boost\n|-unboost|p2a: Farigiraf|atk|1\n|-unboost|p2b: Miraidon|atk|1\n|turn|1\n|\n|t:|1773533188\n|-terastallize|p1a: Miraidon|Electric\n|move|p2b: Miraidon|Draco Meteor|p1a: Miraidon\n|-damage|p1a: Miraidon|59/100\n|-unboost|p2b: Miraidon|spa|2\n|move|p1a: Miraidon|Volt Switch|p2a: Farigiraf\n|-damage|p2a: Farigiraf|22/100\n|\n|t:|1773533197\n|switch|p1a: Ditto|Ditto, L50|100/100|[from] Volt Switch\n|-transform|p1a: Ditto|p2b: Miraidon|[from] ability: Imposter\n|-activate|p1a: Ditto|ability: Hadron Engine\n|move|p1b: Incineroar|Knock Off|p2a: Farigiraf\n|-supereffective|p2a: Farigiraf\n|-damage|p2a: Farigiraf|0 fnt\n|faint|p2a: Farigiraf\n|\n|upkeep\n|\n|t:|1773533199\n|switch|p2a: Calyrex|Calyrex-Ice, L50|100/100\n|-ability|p2a: Calyrex|As One\n|-ability|p2a: Calyrex|Unnerve\n|turn|2\n|\n|t:|1773533220\n|switch|p2b: Incineroar|Incineroar, L50, F|100/100\n|-ability|p2b: Incineroar|Intimidate|boost\n|-unboost|p1a: Ditto|atk|1\n|-unboost|p1b: Incineroar|atk|1\n|move|p2a: Calyrex|Protect|p2a: Calyrex\n|-singleturn|p2a: Calyrex|Protect\n|move|p1a: Ditto|Volt Switch|p2a: Calyrex\n|-activate|p2a: Calyrex|move: Protect\n|move|p1b: Incineroar|Knock Off|p2a: Calyrex\n|-activate|p2a: Calyrex|move: Protect\n|\n|upkeep\n|turn|3\n|\n|t:|1773533240\n|switch|p1a: Calyrex|Calyrex-Ice, L50|100/100\n|-ability|p1a: Calyrex|As One\n|-ability|p1a: Calyrex|Unnerve\n|move|p2b: Incineroar|Fake Out|p1b: Incineroar\n|-damage|p1b: Incineroar|91/100\n|-damage|p2b: Incineroar|84/100|[from] item: Rocky Helmet|[of] p1b: Incineroar\n|cant|p1b: Incineroar|flinch\n|move|p2a: Calyrex|Trick Room|p2a: Calyrex\n|-fieldstart|move: Trick Room|[of] p2a: Calyrex\n|\n|upkeep\n|turn|4\n|\n|t:|1773533261\n|-terastallize|p2a: Calyrex|Water\n|move|p2a: Calyrex|Leech Seed|p1a: Calyrex\n|-start|p1a: Calyrex|move: Leech Seed\n|move|p1a: Calyrex|Leech Seed|p2a: Calyrex\n|-start|p2a: Calyrex|move: Leech Seed\n|move|p2b: Incineroar|Knock Off|p1a: Calyrex\n|-supereffective|p1a: Calyrex\n|-damage|p1a: Calyrex|53/100\n|-enditem|p1a: Calyrex|Leftovers|[from] move: Knock Off|[of] p2b: Incineroar\n|move|p1b: Incineroar|Parting Shot|p2b: Incineroar\n|-unboost|p2b: Incineroar|atk|1\n|-unboost|p2b: Incineroar|spa|1\n|\n|t:|1773533272\n|switch|p1b: Miraidon|Miraidon, L50, tera:Electric|59/100|[from] Parting Shot\n|-activate|p1b: Miraidon|ability: Hadron Engine\n|\n|-damage|p2a: Calyrex|88/100|[from] Leech Seed|[of] p1a: Calyrex\n|-heal|p1a: Calyrex|65/100|[silent]\n|-damage|p1a: Calyrex|53/100|[from] Leech Seed|[of] p2a: Calyrex\n|-heal|p2a: Calyrex|100/100|[silent]\n|upkeep\n|turn|5\n|\n|t:|1773533279\n|switch|p1a: Incineroar|Incineroar, L50, M, shiny|91/100\n|-ability|p1a: Incineroar|Intimidate|boost\n|-unboost|p2a: Calyrex|atk|1\n|-unboost|p2b: Incineroar|atk|1\n|move|p2a: Calyrex|Glacial Lance|p1a: Incineroar|[spread] p1a,p1b\n|-resisted|p1a: Incineroar\n|-damage|p1a: Incineroar|75/100\n|-damage|p1b: Miraidon|32/100\n|move|p2b: Incineroar|Knock Off|p1b: Miraidon\n|-damage|p1b: Miraidon|16/100\n|-enditem|p1b: Miraidon|Assault Vest|[from] move: Knock Off|[of] p2b: Incineroar\n|move|p1b: Miraidon|Volt Switch|p2b: Incineroar\n|-damage|p2b: Incineroar|37/100\n|\n|t:|1773533299\n|switch|p1b: Ditto|Ditto, L50|100/100|[from] Volt Switch\n|-transform|p1b: Ditto|p2a: Calyrex|[from] ability: Imposter\n|-ability|p1b: Ditto|As One\n|-ability|p1b: Ditto|Unnerve\n|\n|-damage|p2a: Calyrex|88/100|[from] Leech Seed|[of] p1a: Incineroar\n|-heal|p1a: Incineroar|88/100|[silent]\n|-fieldend|move: Electric Terrain\n|upkeep\n|-start|p1b: Ditto|typechange|Psychic/Ice|[silent]\n|turn|6\n|\n|t:|1773533317\n|move|p1a: Incineroar|Fake Out|p2b: Incineroar\n|-damage|p2b: Incineroar|26/100\n|move|p1b: Ditto|Glacial Lance|p2a: Calyrex|[spread] p2a,p2b\n|-resisted|p2a: Calyrex\n|-resisted|p2b: Incineroar\n|-damage|p2a: Calyrex|79/100\n|-damage|p2b: Incineroar|10/100\n|move|p2a: Calyrex|Leech Seed|p1b: Ditto\n|-start|p1b: Ditto|move: Leech Seed\n|cant|p2b: Incineroar|flinch\n|\n|-heal|p2a: Calyrex|85/100|[from] item: Leftovers\n|-damage|p2a: Calyrex|72/100|[from] Leech Seed|[of] p1a: Incineroar\n|-heal|p1a: Incineroar|99/100|[silent]\n|-damage|p1b: Ditto|88/100|[from] Leech Seed|[of] p2a: Calyrex\n|-heal|p2a: Calyrex|82/100|[silent]\n|upkeep\n|turn|7\n|\n|t:|1773533341\n|move|p1b: Ditto|Glacial Lance|p2b: Incineroar|[spread] p2a,p2b\n|-resisted|p2a: Calyrex\n|-resisted|p2b: Incineroar\n|-damage|p2a: Calyrex|71/100\n|-damage|p2b: Incineroar|0 fnt\n|faint|p2b: Incineroar\n|-ability|p1b: Ditto|Chilling Neigh|boost\n|-boost|p1b: Ditto|atk|1\n|move|p2a: Calyrex|Glacial Lance|p1a: Incineroar|[spread] p1a,p1b\n|-resisted|p1a: Incineroar\n|-resisted|p1b: Ditto\n|-damage|p1a: Incineroar|84/100\n|-damage|p1b: Ditto|73/100\n|move|p1a: Incineroar|Parting Shot|p2a: Calyrex\n|-unboost|p2a: Calyrex|atk|1\n|-unboost|p2a: Calyrex|spa|1\n|\n|t:|1773533359\n|switch|p1a: Calyrex|Calyrex-Ice, L50|53/100|[from] Parting Shot\n|-ability|p1a: Calyrex|As One\n|-ability|p1a: Calyrex|Unnerve\n|\n|-heal|p2a: Calyrex|77/100|[from] item: Leftovers\n|-damage|p1b: Ditto|61/100|[from] Leech Seed|[of] p2a: Calyrex\n|-heal|p2a: Calyrex|86/100|[silent]\n|-damage|p2a: Calyrex|74/100|[from] Leech Seed|[of] p1a: Calyrex\n|-heal|p1a: Calyrex|65/100|[silent]\n|-fieldend|move: Trick Room\n|upkeep\n|\n|t:|1773533361\n|switch|p2b: Miraidon|Miraidon, L50|100/100\n|-fieldstart|move: Electric Terrain|[from] ability: Hadron Engine|[of] p2b: Miraidon\n|turn|8\n|\n|t:|1773533367\n|move|p2b: Miraidon|Electro Drift|p1a: Calyrex\n|-damage|p1a: Calyrex|20/100\n|move|p1a: Calyrex|Glacial Lance|p2b: Miraidon|[spread] p2a,p2b\n|-resisted|p2a: Calyrex\n|-supereffective|p2b: Miraidon\n|-damage|p2a: Calyrex|61/100\n|-damage|p2b: Miraidon|17/100\n|move|p2a: Calyrex|Glacial Lance|p1a: Calyrex|[spread] p1a,p1b\n|-resisted|p1a: Calyrex\n|-resisted|p1b: Ditto\n|-damage|p1a: Calyrex|11/100\n|-damage|p1b: Ditto|50/100\n|move|p1b: Ditto|Glacial Lance|p2b: Miraidon|[spread] p2a,p2b\n|-resisted|p2a: Calyrex\n|-supereffective|p2b: Miraidon\n|-damage|p2a: Calyrex|44/100\n|-damage|p2b: Miraidon|0 fnt\n|faint|p2b: Miraidon\n|-ability|p1b: Ditto|Chilling Neigh|boost\n|-boost|p1b: Ditto|atk|1\n|\n|-heal|p2a: Calyrex|50/100|[from] item: Leftovers\n|-damage|p2a: Calyrex|38/100|[from] Leech Seed|[of] p1a: Calyrex\n|-heal|p1a: Calyrex|23/100|[silent]\n|-damage|p1b: Ditto|37/100|[from] Leech Seed|[of] p2a: Calyrex\n|-heal|p2a: Calyrex|47/100|[silent]\n|upkeep\n|turn|9\n|\n|t:|1773533388\n|switch|p1b: Incineroar|Incineroar, L50, M, shiny|84/100\n|-ability|p1b: Incineroar|Intimidate|boost\n|-unboost|p2a: Calyrex|atk|1\n|move|p1a: Calyrex|Glacial Lance|p2a: Calyrex\n|-resisted|p2a: Calyrex\n|-damage|p2a: Calyrex|27/100\n|move|p2a: Calyrex|Glacial Lance|p1b: Incineroar|[spread] p1a,p1b\n|-resisted|p1a: Calyrex\n|-resisted|p1b: Incineroar\n|-damage|p1a: Calyrex|16/100\n|-damage|p1b: Incineroar|75/100\n|\n|-heal|p2a: Calyrex|33/100|[from] item: Leftovers\n|-damage|p2a: Calyrex|21/100|[from] Leech Seed|[of] p1a: Calyrex\n|-heal|p1a: Calyrex|29/100|[silent]\n|upkeep\n|turn|10\n|-message|jd8erh forfeited.\n|\n|win|TinkerBilll\n|raw|TinkerBilll's rating: 1577 &rarr; <strong>1594</strong><br />(+17 for winning)\n|raw|jd8erh's rating: 1519 &rarr; <strong>1502</strong><br />(-17 for losing)\n|c|\u2606jd8erh|Gg\n|c|\u2606TinkerBilll|ggs\n|l|\u2606jd8erh\n|player|p2|\n","uploadtime":1773533639,"views":20,"formatid":"gen9vgc2026regi","rating":1502,"private":0,"password":null}