{"id":"gen9vgc2026regi-2548715606","format":"[Gen 9] VGC 2026 Reg I","players":["Galact7adi","cadekroeker"],"log":"|j|\u2606Galact7adi\n|j|\u2606cadekroeker\n|t:|1772246537\n|gametype|doubles\n|player|p1|Galact7adi|102|1291\n|player|p2|cadekroeker|flannery|1323\n|gen|9\n|tier|[Gen 9] VGC 2026 Reg I\n|rated|\n|rule|Species Clause: Limit one of each Pok\u00e9mon\n|rule|Item Clause: Limit 1 of each item\n|clearpoke\n|poke|p1|Miraidon, L50|\n|poke|p1|Incineroar, L50, M|\n|poke|p1|Whimsicott, L50, F|\n|poke|p1|Urshifu-*, L50, F|\n|poke|p1|Lunala, L50|\n|poke|p1|Ursaluna, L50, M|\n|poke|p2|Calyrex-Ice, L50|\n|poke|p2|Torkoal, L50, F|\n|poke|p2|Indeedee-F, L50, F|\n|poke|p2|Hatterene, L50, F|\n|poke|p2|Miraidon, L50|\n|poke|p2|Whimsicott, L50, M|\n|teampreview|4\n|inactive|Battle timer is ON: inactive players will automatically lose when time's up. (requested by cadekroeker)\n|inactive|Galact7adi also wants the timer to be on.\n|\n|t:|1772246559\n|teamsize|p1|4\n|teamsize|p2|4\n|start\n|switch|p1a: Incineroar|Incineroar, L50, M|100/100\n|switch|p1b: Lunala|Lunala, L50|100/100\n|switch|p2a: Whimsicott|Whimsicott, L50, M|100/100\n|switch|p2b: Miraidon|Miraidon, L50|100/100\n|-fieldstart|move: Electric Terrain|[from] ability: Hadron Engine|[of] p2b: Miraidon\n|-enditem|p1b: Lunala|Electric Seed\n|-boost|p1b: Lunala|def|1|[from] item: Electric Seed\n|-ability|p1a: Incineroar|Intimidate|boost\n|-unboost|p2a: Whimsicott|atk|1\n|-unboost|p2b: Miraidon|atk|1\n|turn|1\n|\n|t:|1772246576\n|-terastallize|p1b: Lunala|Fairy\n|move|p1a: Incineroar|Fake Out|p2b: Miraidon\n|-damage|p2b: Miraidon|90/100\n|move|p2a: Whimsicott|Fake Tears|p1b: Lunala\n|-unboost|p1b: Lunala|spd|2\n|cant|p2b: Miraidon|flinch\n|move|p1b: Lunala|Moonblast|p2b: Miraidon\n|-supereffective|p2b: Miraidon\n|-damage|p2b: Miraidon|2/100\n|-unboost|p2b: Miraidon|spa|1\n|\n|upkeep\n|turn|2\n|l|\u2606Galact7adi\n|inactive|Galact7adi disconnected and has a minute to reconnect!\n|player|p1|\n|inactive|Galact7adi has 30 seconds left.\n|inactive|cadekroeker has 30 seconds left.\n|inactive|Galact7adi has 20 seconds left.\n|inactive|cadekroeker has 20 seconds left.\n|inactive|Galact7adi has 15 seconds left.\n|inactive|cadekroeker has 15 seconds left.\n|j|\u2606Galact7adi\n|inactive|Galact7adi reconnected and has 15 seconds left.\n|player|p1|Galact7adi|102|\n|inactive|Galact7adi has 10 seconds left.\n|\n|t:|1772246625\n|switch|p1b: Ursaluna|Ursaluna, L50, M|100/100\n|move|p2a: Whimsicott|Moonblast|p1b: Ursaluna\n|-damage|p1b: Ursaluna|79/100\n|move|p2b: Miraidon|Electro Drift|p1a: Incineroar\n|-damage|p1a: Incineroar|41/100\n|move|p1a: Incineroar|Flare Blitz|p2a: Whimsicott\n|-supereffective|p2a: Whimsicott\n|-damage|p2a: Whimsicott|0 fnt\n|faint|p2a: Whimsicott\n|-damage|p1a: Incineroar|17/100|[from] Recoil\n|\n|-status|p1b: Ursaluna|brn|[from] item: Flame Orb\n|upkeep\n|\n|t:|1772246638\n|switch|p2a: Hatterene|Hatterene, L50, F|100/100\n|turn|3\n|\n|t:|1772246659\n|move|p2a: Hatterene|Protect|p2a: Hatterene\n|-singleturn|p2a: Hatterene|Protect\n|move|p2b: Miraidon|Electro Drift|p1a: Incineroar\n|-damage|p1a: Incineroar|0 fnt\n|faint|p1a: Incineroar\n|move|p1b: Ursaluna|Earthquake|p2a: Hatterene|[spread] p2b\n|-activate|p2a: Hatterene|move: Protect\n|-supereffective|p2b: Miraidon\n|-damage|p2b: Miraidon|0 fnt\n|faint|p2b: Miraidon\n|\n|-damage|p1b: Ursaluna|73/100 brn|[from] brn\n|upkeep\n|\n|t:|1772246666\n|switch|p2b: Indeedee|Indeedee-F, L50, F|100/100\n|switch|p1a: Miraidon|Miraidon, L50|100/100\n|-activate|p1a: Miraidon|ability: Hadron Engine\n|-fieldstart|move: Psychic Terrain|[from] ability: Psychic Surge|[of] p2b: Indeedee\n|turn|4\n|\n|t:|1772246686\n|move|p2b: Indeedee|Helping Hand|p2a: Hatterene\n|-singleturn|p2a: Hatterene|Helping Hand|[of] p2b: Indeedee\n|move|p1a: Miraidon|Volt Switch|p2b: Indeedee\n|-damage|p2b: Indeedee|16/100\n|\n|t:|1772246692\n|switch|p1a: Lunala|Lunala, L50, tera:Fairy|100/100|[from] Volt Switch\n|move|p1b: Ursaluna|Facade|p2b: Indeedee\n|-damage|p2b: Indeedee|0 fnt\n|faint|p2b: Indeedee\n|move|p2a: Hatterene|Dazzling Gleam|p1a: Lunala|[spread] p1a,p1b\n|-damage|p1a: Lunala|77/100\n|-damage|p1b: Ursaluna|14/100 brn\n|-damage|p2a: Hatterene|91/100|[from] item: Life Orb\n|\n|-damage|p1b: Ursaluna|8/100 brn|[from] brn\n|upkeep\n|turn|5\n|\n|t:|1772246711\n|move|p2a: Hatterene|Protect|p2a: Hatterene\n|-singleturn|p2a: Hatterene|Protect\n|move|p1a: Lunala|Moongeist Beam|p2a: Hatterene\n|-activate|p2a: Hatterene|move: Protect\n|move|p1b: Ursaluna|Facade|p2a: Hatterene\n|-activate|p2a: Hatterene|move: Protect\n|\n|-damage|p1b: Ursaluna|2/100 brn|[from] brn\n|upkeep\n|turn|6\n|\n|t:|1772246722\n|move|p2a: Hatterene|Protect|p2a: Hatterene\n|-singleturn|p2a: Hatterene|Protect\n|move|p1a: Lunala|Moongeist Beam|p2a: Hatterene\n|-activate|p2a: Hatterene|move: Protect\n|move|p1b: Ursaluna|Headlong Rush|p2a: Hatterene\n|-activate|p2a: Hatterene|move: Protect\n|\n|-damage|p1b: Ursaluna|0 fnt|[from] brn\n|faint|p1b: Ursaluna\n|upkeep\n|\n|t:|1772246724\n|switch|p1b: Miraidon|Miraidon, L50|100/100\n|-fieldstart|move: Electric Terrain|[from] ability: Hadron Engine|[of] p1b: Miraidon\n|turn|7\n|\n|t:|1772246730\n|-terastallize|p2a: Hatterene|Normal\n|move|p1b: Miraidon|Electro Drift|p2a: Hatterene\n|-damage|p2a: Hatterene|0 fnt\n|faint|p2a: Hatterene\n|\n|win|Galact7adi\n|raw|Galact7adi's rating: 1291 &rarr; <strong>1318</strong><br />(+27 for winning)\n|raw|cadekroeker's rating: 1323 &rarr; <strong>1301</strong><br />(-22 for losing)\n|c|\u2606Galact7adi|Gg wp\n|l|\u2606Galact7adi\n|player|p1|\n|c|\u2606cadekroeker|gg\n|l|\u2606cadekroeker\n|player|p2|\n","uploadtime":1772247000,"views":15,"formatid":"gen9vgc2026regi","rating":1301,"private":0,"password":null}