{"id":"gen9vgc2026regi-2576559082","format":"[Gen 9] VGC 2026 Reg I","players":["PR340Test","Nasihasi"],"log":"|j|\u2606PR340Test\n|j|\u2606Nasihasi\n|t:|1775487564\n|gametype|doubles\n|player|p1|PR340Test|hiker-gen4|1317\n|player|p2|Nasihasi|hiker-gen4|1388\n|gen|9\n|tier|[Gen 9] VGC 2026 Reg I\n|rated|\n|rule|Species Clause: Limit one of each Pok\u00e9mon\n|rule|Item Clause: Limit 1 of each item\n|clearpoke\n|poke|p1|Farigiraf, L50, F|\n|poke|p1|Miraidon, L50|\n|poke|p1|Incineroar, L50, F|\n|poke|p1|Zoroark-Hisui, L50, F|\n|poke|p1|Calyrex-Ice, L50|\n|poke|p1|Flutter Mane, L50|\n|poke|p2|Calyrex-Shadow, L50|\n|poke|p2|Zamazenta-*, L50|\n|poke|p2|Rillaboom, L50, M|\n|poke|p2|Raging Bolt, L50|\n|poke|p2|Ogerpon-Hearthflame, L50, F|\n|poke|p2|Incineroar, L50, M|\n|teampreview|4\n|\n|t:|1775487582\n|teamsize|p1|4\n|teamsize|p2|4\n|start\n|switch|p1a: Farigiraf|Farigiraf, L50, F|100/100\n|switch|p1b: Miraidon|Miraidon, L50|100/100\n|switch|p2a: Zamazenta|Zamazenta-Crowned, L50|100/100\n|switch|p2b: Rillaboom|Rillaboom, L50, M|100/100\n|-fieldstart|move: Electric Terrain|[from] ability: Hadron Engine|[of] p1b: Miraidon\n|-ability|p2a: Zamazenta|Dauntless Shield|boost\n|-boost|p2a: Zamazenta|def|1\n|-fieldstart|move: Grassy Terrain|[from] ability: Grassy Surge|[of] p2b: Rillaboom\n|turn|1\n|\n|t:|1775487600\n|move|p2b: Rillaboom|Fake Out|p1b: Miraidon\n|-crit|p1b: Miraidon\n|-damage|p1b: Miraidon|83/100\n|cant|p1b: Miraidon|flinch\n|move|p1a: Farigiraf|Icy Wind|p2a: Zamazenta|[spread] p2a,p2b\n|-resisted|p2a: Zamazenta\n|-supereffective|p2b: Rillaboom\n|-damage|p2a: Zamazenta|96/100\n|-damage|p2b: Rillaboom|84/100\n|-unboost|p2a: Zamazenta|spe|1\n|-unboost|p2b: Rillaboom|spe|1\n|move|p2a: Zamazenta|Heavy Slam|p1a: Farigiraf\n|-enditem|p1a: Farigiraf|Focus Sash\n|-damage|p1a: Farigiraf|1/100\n|replace|p1a: Zoroark|Zoroark-Hisui, L50, F, shiny\n|-end|p1a: Zoroark|Illusion\n|\n|-heal|p1b: Miraidon|89/100|[from] Grassy Terrain\n|-heal|p1a: Zoroark|7/100|[from] Grassy Terrain\n|-heal|p2a: Zamazenta|100/100|[from] Grassy Terrain\n|-heal|p2b: Rillaboom|90/100|[from] Grassy Terrain\n|upkeep\n|turn|2\n|c|\u2606PR340Test|wow you knew that wa zoroark?\n|\n|t:|1775487628\n|move|p2b: Rillaboom|Grassy Glide|p1a: Zoroark\n|-damage|p1a: Zoroark|0 fnt\n|faint|p1a: Zoroark\n|move|p1b: Miraidon|Volt Switch|p2a: Zamazenta\n|-damage|p2a: Zamazenta|72/100\n|\n|t:|1775487636\n|switch|p1b: Calyrex|Calyrex-Ice, L50|100/100|[from] Volt Switch\n|-ability|p1b: Calyrex|As One\n|-ability|p1b: Calyrex|Unnerve\n|move|p2a: Zamazenta|Body Press|p1b: Calyrex\n|-damage|p1b: Calyrex|57/100\n|\n|-heal|p2a: Zamazenta|78/100|[from] Grassy Terrain\n|-heal|p2b: Rillaboom|96/100|[from] Grassy Terrain\n|-heal|p1b: Calyrex|63/100|[from] Grassy Terrain\n|upkeep\n|\n|t:|1775487637\n|switch|p1a: Miraidon|Miraidon, L50|89/100\n|-fieldstart|move: Electric Terrain|[from] ability: Hadron Engine|[of] p1a: Miraidon\n|turn|3\n|\n|t:|1775487652\n|switch|p2b: Incineroar|Incineroar, L50, M|100/100\n|-ability|p2b: Incineroar|Intimidate|boost\n|-unboost|p1a: Miraidon|atk|1\n|-unboost|p1b: Calyrex|atk|1\n|-terastallize|p1a: Miraidon|Electric\n|move|p2a: Zamazenta|Protect|p2a: Zamazenta\n|-singleturn|p2a: Zamazenta|Protect\n|move|p1a: Miraidon|Electro Drift|p2a: Zamazenta\n|-activate|p2a: Zamazenta|move: Protect\n|move|p1b: Calyrex|Glacial Lance|p2a: Zamazenta|[spread] p2b\n|-activate|p2a: Zamazenta|move: Protect\n|-resisted|p2b: Incineroar\n|-damage|p2b: Incineroar|85/100\n|\n|upkeep\n|turn|4\n|\n|t:|1775487676\n|switch|p2a: Rillaboom|Rillaboom, L50, M|96/100\n|-fieldstart|move: Grassy Terrain|[from] ability: Grassy Surge|[of] p2a: Rillaboom\n|move|p1a: Miraidon|Electro Drift|p2a: Rillaboom\n|-resisted|p2a: Rillaboom\n|-damage|p2a: Rillaboom|71/100\n|move|p2b: Incineroar|Parting Shot|p1b: Calyrex\n|-unboost|p1b: Calyrex|atk|1\n|-unboost|p1b: Calyrex|spa|1\n|\n|t:|1775487686\n|switch|p2b: Calyrex|Calyrex-Shadow, L50|100/100|[from] Parting Shot\n|-ability|p2b: Calyrex|As One\n|-ability|p2b: Calyrex|Unnerve\n|move|p1b: Calyrex|Trick Room|p1b: Calyrex\n|-fieldstart|move: Trick Room|[of] p1b: Calyrex\n|\n|-heal|p1b: Calyrex|69/100|[from] Grassy Terrain\n|-heal|p2a: Rillaboom|77/100|[from] Grassy Terrain\n|-heal|p1a: Miraidon|95/100|[from] Grassy Terrain\n|upkeep\n|turn|5\n|\n|t:|1775487709\n|switch|p2b: Incineroar|Incineroar, L50, M|85/100\n|-ability|p2b: Incineroar|Intimidate|boost\n|-unboost|p1a: Miraidon|atk|1\n|-unboost|p1b: Calyrex|atk|1\n|-terastallize|p2a: Rillaboom|Fire\n|move|p1b: Calyrex|Glacial Lance|p2a: Rillaboom|[spread] p2a,p2b\n|-resisted|p2a: Rillaboom\n|-resisted|p2b: Incineroar\n|-damage|p2a: Rillaboom|66/100\n|-damage|p2b: Incineroar|76/100\n|move|p2a: Rillaboom|U-turn|p1b: Calyrex\n|-supereffective|p1b: Calyrex\n|-damage|p1b: Calyrex|39/100\n|-enditem|p1b: Calyrex|Sitrus Berry|[eat]\n|-heal|p1b: Calyrex|64/100|[from] item: Sitrus Berry\n|\n|t:|1775487723\n|switch|p2a: Zamazenta|Zamazenta-Crowned, L50|78/100|[from] U-turn\n|move|p1a: Miraidon|Electro Drift|p2b: Incineroar\n|-damage|p2b: Incineroar|18/100\n|-damage|p1a: Miraidon|78/100|[from] item: Rocky Helmet|[of] p2b: Incineroar\n|\n|-heal|p1b: Calyrex|70/100|[from] Grassy Terrain\n|-heal|p2b: Incineroar|24/100|[from] Grassy Terrain\n|-heal|p2a: Zamazenta|84/100|[from] Grassy Terrain\n|-heal|p1a: Miraidon|84/100|[from] Grassy Terrain\n|upkeep\n|turn|6\n|\n|t:|1775487743\n|move|p1b: Calyrex|High Horsepower|p2b: Incineroar\n|-supereffective|p2b: Incineroar\n|-damage|p2b: Incineroar|0 fnt\n|-damage|p1b: Calyrex|53/100|[from] item: Rocky Helmet|[of] p2b: Incineroar\n|faint|p2b: Incineroar\n|-ability|p1b: Calyrex|Chilling Neigh|boost\n|-boost|p1b: Calyrex|atk|1\n|move|p2a: Zamazenta|Body Press|p1a: Miraidon\n|-damage|p1a: Miraidon|39/100\n|move|p1a: Miraidon|Electro Drift|p2a: Zamazenta\n|-damage|p2a: Zamazenta|34/100\n|\n|-heal|p1b: Calyrex|59/100|[from] Grassy Terrain\n|-heal|p2a: Zamazenta|40/100|[from] Grassy Terrain\n|-heal|p1a: Miraidon|45/100|[from] Grassy Terrain\n|upkeep\n|\n|t:|1775487759\n|switch|p2b: Rillaboom|Rillaboom, L50, M, tera:Fire|66/100\n|turn|7\n|\n|t:|1775487784\n|switch|p1b: Farigiraf|Farigiraf, L50, F|100/100\n|move|p2b: Rillaboom|Wood Hammer|p1a: Miraidon\n|-damage|p1a: Miraidon|0 fnt\n|faint|p1a: Miraidon\n|-damage|p2b: Rillaboom|52/100|[from] Recoil\n|move|p2a: Zamazenta|Body Press|p1b: Farigiraf\n|-damage|p1b: Farigiraf|61/100\n|\n|-heal|p1b: Farigiraf|68/100|[from] Grassy Terrain\n|-heal|p2b: Rillaboom|58/100|[from] Grassy Terrain\n|-heal|p2a: Zamazenta|46/100|[from] Grassy Terrain\n|upkeep\n|\n|t:|1775487788\n|switch|p1a: Calyrex|Calyrex-Ice, L50|59/100\n|-ability|p1a: Calyrex|As One\n|-ability|p1a: Calyrex|Unnerve\n|turn|8\n|\n|t:|1775487805\n|switch|p2b: Calyrex|Calyrex-Shadow, L50|100/100\n|-ability|p2b: Calyrex|As One\n|-ability|p2b: Calyrex|Unnerve\n|move|p1a: Calyrex|High Horsepower|p2a: Zamazenta\n|-supereffective|p2a: Zamazenta\n|-damage|p2a: Zamazenta|2/100\n|move|p1b: Farigiraf|Hyper Voice|p2b: Calyrex|[spread] p2a\n|-immune|p2b: Calyrex\n|-resisted|p2a: Zamazenta\n|-damage|p2a: Zamazenta|0 fnt\n|faint|p2a: Zamazenta\n|-enditem|p1b: Farigiraf|Throat Spray\n|-boost|p1b: Farigiraf|spa|1|[from] item: Throat Spray\n|\n|-heal|p1a: Calyrex|65/100|[from] Grassy Terrain\n|-heal|p1b: Farigiraf|74/100|[from] Grassy Terrain\n|-fieldend|move: Trick Room\n|-fieldend|move: Grassy Terrain\n|upkeep\n|\n|t:|1775487821\n|switch|p2a: Rillaboom|Rillaboom, L50, M, tera:Fire|58/100\n|-fieldstart|move: Grassy Terrain|[from] ability: Grassy Surge|[of] p2a: Rillaboom\n|turn|9\n|\n|t:|1775487831\n|move|p2b: Calyrex|Psychic|p1b: Farigiraf\n|-resisted|p1b: Farigiraf\n|-damage|p1b: Farigiraf|34/100\n|-damage|p2b: Calyrex|91/100|[from] item: Life Orb\n|move|p2a: Rillaboom|Wood Hammer|p1b: Farigiraf\n|-damage|p1b: Farigiraf|0 fnt\n|faint|p1b: Farigiraf\n|-damage|p2a: Rillaboom|47/100|[from] Recoil\n|move|p1a: Calyrex|Glacial Lance|p2a: Rillaboom|[spread] p2a,p2b\n|-resisted|p2a: Rillaboom\n|-damage|p2a: Rillaboom|23/100\n|-damage|p2b: Calyrex|24/100\n|\n|-heal|p2b: Calyrex|30/100|[from] Grassy Terrain\n|-heal|p2a: Rillaboom|29/100|[from] Grassy Terrain\n|-heal|p1a: Calyrex|71/100|[from] Grassy Terrain\n|upkeep\n|turn|10\n|\n|t:|1775487843\n|move|p1a: Calyrex|Protect|p1a: Calyrex\n|-singleturn|p1a: Calyrex|Protect\n|move|p2b: Calyrex|Astral Barrage|p1a: Calyrex\n|-activate|p1a: Calyrex|move: Protect\n|move|p2a: Rillaboom|Wood Hammer|p1a: Calyrex\n|-activate|p1a: Calyrex|move: Protect\n|\n|-heal|p2b: Calyrex|36/100|[from] Grassy Terrain\n|-heal|p2a: Rillaboom|34/100|[from] Grassy Terrain\n|-heal|p1a: Calyrex|77/100|[from] Grassy Terrain\n|upkeep\n|turn|11\n|\n|t:|1775487847\n|move|p2b: Calyrex|Astral Barrage|p1a: Calyrex\n|-supereffective|p1a: Calyrex\n|-damage|p1a: Calyrex|0 fnt\n|faint|p1a: Calyrex\n|-damage|p2b: Calyrex|27/100|[from] item: Life Orb\n|\n|win|Nasihasi\n|raw|PR340Test's rating: 1317 &rarr; <strong>1301</strong><br />(-16 for losing)\n|raw|Nasihasi's rating: 1388 &rarr; <strong>1404</strong><br />(+16 for winning)\n|l|\u2606PR340Test\n|player|p1|\n","uploadtime":1775487855,"views":8,"formatid":"gen9vgc2026regi","rating":1301,"private":0,"password":null}