{"id":"gen9vgc2026regi-2531801936","format":"[Gen 9] VGC 2026 Reg I","players":["yamato-tak","palhunter"],"log":"|j|\u2606yamato-tak\n|j|\u2606palhunter\n|t:|1770101278\n|gametype|doubles\n|player|p1|yamato-tak|170|1538\n|player|p2|palhunter|dawn|1597\n|gen|9\n|tier|[Gen 9] VGC 2026 Reg I\n|rated|\n|rule|Species Clause: Limit one of each Pok\u00e9mon\n|rule|Item Clause: Limit 1 of each item\n|clearpoke\n|poke|p1|Miraidon, L50|\n|poke|p1|Calyrex-Ice, L50|\n|poke|p1|Volcarona, L50, M|\n|poke|p1|Araquanid, L50, M|\n|poke|p1|Grimmsnarl, L50, M|\n|poke|p1|Entei, L50|\n|poke|p2|Miraidon, L50|\n|poke|p2|Amoonguss, L50, F|\n|poke|p2|Calyrex-Ice, L50|\n|poke|p2|Urshifu-*, L50, F|\n|poke|p2|Incineroar, L50, F|\n|poke|p2|Landorus, L50, M|\n|teampreview|4\n|inactive|Battle timer is ON: inactive players will automatically lose when time's up. (requested by yamato-tak)\n|inactive|palhunter has 60 seconds left.\n|\n|t:|1770101330\n|teamsize|p1|4\n|teamsize|p2|4\n|start\n|switch|p1a: Grimmsnarl|Grimmsnarl, L50, M, shiny|100/100\n|switch|p1b: Miraidon|Miraidon, L50, shiny|100/100\n|switch|p2a: Miraidon|Miraidon, L50|100/100\n|switch|p2b: Urshifu|Urshifu-Rapid-Strike, L50, F|100/100\n|-fieldstart|move: Electric Terrain|[from] ability: Hadron Engine|[of] p2a: Miraidon\n|-activate|p1b: Miraidon|ability: Hadron Engine\n|turn|1\n|inactive|yamato-tak has 30 seconds left.\n|\n|t:|1770101361\n|move|p1a: Grimmsnarl|Fake Out|p2a: Miraidon\n|-damage|p2a: Miraidon|88/100\n|cant|p2a: Miraidon|flinch\n|move|p1b: Miraidon|Calm Mind|p1b: Miraidon\n|-boost|p1b: Miraidon|spa|1\n|-boost|p1b: Miraidon|spd|1\n|move|p2b: Urshifu|Surging Strikes|p1b: Miraidon\n|-resisted|p1b: Miraidon\n|-crit|p1b: Miraidon\n|-damage|p1b: Miraidon|92/100\n|-resisted|p1b: Miraidon\n|-crit|p1b: Miraidon\n|-damage|p1b: Miraidon|83/100\n|-resisted|p1b: Miraidon\n|-crit|p1b: Miraidon\n|-damage|p1b: Miraidon|74/100\n|-hitcount|p1b: Miraidon|3\n|\n|upkeep\n|turn|2\n|j| iihavetoes\n|\n|t:|1770101381\n|move|p1a: Grimmsnarl|Parting Shot|p2a: Miraidon\n|-unboost|p2a: Miraidon|atk|1\n|-unboost|p2a: Miraidon|spa|1\n|\n|t:|1770101385\n|switch|p1a: Araquanid|Araquanid, L50, M, shiny|100/100|[from] Parting Shot\n|move|p2a: Miraidon|Draco Meteor|p1b: Miraidon\n|-supereffective|p1b: Miraidon\n|-damage|p1b: Miraidon|0 fnt\n|-unboost|p2a: Miraidon|spa|2\n|faint|p1b: Miraidon\n|move|p2b: Urshifu|Surging Strikes|p1a: Araquanid\n|-resisted|p1a: Araquanid\n|-crit|p1a: Araquanid\n|-damage|p1a: Araquanid|90/100\n|-damage|p2b: Urshifu|84/100|[from] item: Rocky Helmet|[of] p1a: Araquanid\n|-resisted|p1a: Araquanid\n|-crit|p1a: Araquanid\n|-damage|p1a: Araquanid|78/100\n|-damage|p2b: Urshifu|68/100|[from] item: Rocky Helmet|[of] p1a: Araquanid\n|-resisted|p1a: Araquanid\n|-crit|p1a: Araquanid\n|-damage|p1a: Araquanid|67/100\n|-damage|p2b: Urshifu|51/100|[from] item: Rocky Helmet|[of] p1a: Araquanid\n|-hitcount|p1a: Araquanid|3\n|\n|upkeep\n|\n|t:|1770101391\n|switch|p1b: Calyrex|Calyrex-Ice, L50|100/100\n|-ability|p1b: Calyrex|As One\n|-ability|p1b: Calyrex|Unnerve\n|turn|3\n|\n|t:|1770101403\n|switch|p2a: Incineroar|Incineroar, L50, F, shiny|100/100\n|-ability|p2a: Incineroar|Intimidate|boost\n|-unboost|p1a: Araquanid|atk|1\n|-fail|p1b: Calyrex|unboost|[from] item: Clear Amulet|[of] p1b: Calyrex\n|switch|p1a: Grimmsnarl|Grimmsnarl, L50, M, shiny|100/100\n|move|p2b: Urshifu|Surging Strikes|p1b: Calyrex\n|-crit|p1b: Calyrex\n|-damage|p1b: Calyrex|87/100\n|-crit|p1b: Calyrex\n|-damage|p1b: Calyrex|72/100\n|-crit|p1b: Calyrex\n|-damage|p1b: Calyrex|59/100\n|-hitcount|p1b: Calyrex|3\n|move|p1b: Calyrex|Glacial Lance|p2a: Incineroar|[spread] p2a,p2b\n|-resisted|p2a: Incineroar\n|-resisted|p2b: Urshifu\n|-damage|p2a: Incineroar|75/100\n|-damage|p2b: Urshifu|25/100\n|\n|upkeep\n|turn|4\n|\n|t:|1770101425\n|switch|p2b: Calyrex|Calyrex-Ice, L50|100/100\n|-ability|p2b: Calyrex|As One\n|-ability|p2b: Calyrex|Unnerve\n|move|p1a: Grimmsnarl|Fake Out|p2a: Incineroar\n|-damage|p2a: Incineroar|65/100\n|cant|p2a: Incineroar|flinch\n|move|p1b: Calyrex|Trick Room|p1b: Calyrex\n|-fieldstart|move: Trick Room|[of] p1b: Calyrex\n|\n|upkeep\n|turn|5\n|\n|t:|1770101442\n|-terastallize|p2a: Incineroar|Bug\n|move|p1a: Grimmsnarl|Reflect|p1a: Grimmsnarl\n|-sidestart|p1: yamato-tak|Reflect\n|move|p2b: Calyrex|Glacial Lance|p1a: Grimmsnarl|[spread] p1a,p1b\n|-resisted|p1b: Calyrex\n|-damage|p1a: Grimmsnarl|61/100\n|-damage|p1b: Calyrex|48/100\n|move|p1b: Calyrex|Leech Seed|p2b: Calyrex|[miss]\n|-miss|p1b: Calyrex|p2b: Calyrex\n|move|p2a: Incineroar|Knock Off|p1b: Calyrex\n|-supereffective|p1b: Calyrex\n|-damage|p1b: Calyrex|13/100\n|-enditem|p1b: Calyrex|Clear Amulet|[from] move: Knock Off|[of] p2a: Incineroar\n|\n|-fieldend|move: Electric Terrain\n|upkeep\n|turn|6\n|\n|t:|1770101463\n|move|p1a: Grimmsnarl|Parting Shot|p2a: Incineroar\n|-unboost|p2a: Incineroar|atk|1\n|-unboost|p2a: Incineroar|spa|1\n|\n|t:|1770101465\n|switch|p1a: Araquanid|Araquanid, L50, M, shiny|67/100|[from] Parting Shot\n|move|p2b: Calyrex|High Horsepower|p1b: Calyrex\n|-damage|p1b: Calyrex|0 fnt\n|faint|p1b: Calyrex\n|-ability|p2b: Calyrex|Chilling Neigh|boost\n|-boost|p2b: Calyrex|atk|1\n|move|p2a: Incineroar|U-turn|p1a: Araquanid\n|-damage|p1a: Araquanid|50/100\n|-damage|p2a: Incineroar|48/100|[from] item: Rocky Helmet|[of] p1a: Araquanid\n|-message|yamato-tak forfeited.\n|\n|win|palhunter\n|raw|yamato-tak's rating: 1538 &rarr; <strong>1521</strong><br />(-17 for losing)\n|raw|palhunter's rating: 1597 &rarr; <strong>1614</strong><br />(+17 for winning)\n|l|\u2606palhunter\n|player|p2|\n|l|\u2606yamato-tak\n|player|p1|\n|l| iihavetoes\n","uploadtime":1770101656,"views":40,"formatid":"gen9vgc2026regi","rating":1521,"private":0,"password":null}