{"id":"gen9vgc2026regi-2564073026","format":"[Gen 9] VGC 2026 Reg I","players":["bbqsus","Galact7adi"],"log":"|j|\u2606bbqsus\n|j|\u2606Galact7adi\n|t:|1774106925\n|gametype|doubles\n|player|p1|bbqsus|brycenman|1415\n|player|p2|Galact7adi|266|1520\n|gen|9\n|tier|[Gen 9] VGC 2026 Reg I\n|rated|\n|rule|Species Clause: Limit one of each Pok\u00e9mon\n|rule|Item Clause: Limit 1 of each item\n|clearpoke\n|poke|p1|Calyrex-Shadow, L50|\n|poke|p1|Smeargle, L50, F|\n|poke|p1|Torkoal, L50, M|\n|poke|p1|Flamigo, L50, F|\n|poke|p1|Dialga-Origin, L50|\n|poke|p1|Muk-Alola, L50, M|\n|poke|p2|Miraidon, L50|\n|poke|p2|Incineroar, L50, M|\n|poke|p2|Whimsicott, L50, M|\n|poke|p2|Urshifu-*, L50, F|\n|poke|p2|Lunala, L50|\n|poke|p2|Ursaluna, L50, F|\n|teampreview|4\n|inactive|Battle timer is ON: inactive players will automatically lose when time's up. (requested by Galact7adi)\n|inactive|Galact7adi has 60 seconds left.\n|\n|t:|1774106975\n|teamsize|p1|4\n|teamsize|p2|4\n|start\n|switch|p1a: Smeargle|Smeargle, L50, F, shiny|100/100\n|switch|p1b: Muk|Muk-Alola, L50, M, shiny|100/100\n|switch|p2a: Urshifu|Urshifu-Rapid-Strike, L50, F|100/100\n|switch|p2b: Lunala|Lunala, L50|100/100\n|turn|1\n|\n|t:|1774106987\n|-terastallize|p2a: Urshifu|Ghost\n|-terastallize|p1b: Muk|Grass\n|move|p1a: Smeargle|Spore|p2b: Lunala\n|-status|p2b: Lunala|slp|[from] move: Spore\n|move|p2a: Urshifu|Surging Strikes|p1b: Muk\n|-resisted|p1b: Muk\n|-crit|p1b: Muk\n|-damage|p1b: Muk|85/100\n|-resisted|p1b: Muk\n|-crit|p1b: Muk\n|-damage|p1b: Muk|68/100\n|-resisted|p1b: Muk\n|-crit|p1b: Muk\n|-damage|p1b: Muk|50/100\n|-hitcount|p1b: Muk|3\n|cant|p2b: Lunala|slp\n|move|p1b: Muk|Minimize|p1b: Muk\n|-boost|p1b: Muk|evasion|2\n|\n|-heal|p1b: Muk|57/100|[from] item: Leftovers\n|-ability|p1a: Smeargle|Moody|boost\n|-boost|p1a: Smeargle|spe|2\n|-unboost|p1a: Smeargle|atk|1\n|upkeep\n|turn|2\n|\n|t:|1774107011\n|switch|p2a: Miraidon|Miraidon, L50|100/100\n|-fieldstart|move: Electric Terrain|[from] ability: Hadron Engine|[of] p2a: Miraidon\n|-enditem|p2b: Lunala|Electric Seed\n|-boost|p2b: Lunala|def|1|[from] item: Electric Seed\n|switch|p2b: Whimsicott|Whimsicott, L50, M|100/100\n|move|p1a: Smeargle|Salt Cure|p2b: Whimsicott\n|-damage|p2b: Whimsicott|97/100\n|move|p1b: Muk|Minimize|p1b: Muk\n|-boost|p1b: Muk|evasion|2\n|\n|-heal|p1b: Muk|63/100|[from] item: Leftovers\n|-ability|p1a: Smeargle|Moody|boost\n|-boost|p1a: Smeargle|def|2\n|-unboost|p1a: Smeargle|spd|1\n|upkeep\n|turn|3\n|inactive|Galact7adi has 30 seconds left.\n|\n|t:|1774107037\n|move|p1a: Smeargle|Follow Me|p1a: Smeargle\n|-singleturn|p1a: Smeargle|move: Follow Me\n|move|p2b: Whimsicott|Encore|p1a: Smeargle\n|-start|p1a: Smeargle|Encore\n|move|p2a: Miraidon|Volt Switch|p1a: Smeargle\n|-damage|p1a: Smeargle|0 fnt\n|faint|p1a: Smeargle\n|-ability|p1b: Muk|Moody|Power of Alchemy|[from] ability: Power of Alchemy|[of] p1a: Smeargle\n|\n|t:|1774107045\n|switch|p2a: Lunala|Lunala, L50|100/100 slp|[from] Volt Switch\n|move|p1b: Muk|Minimize|p1b: Muk\n|-boost|p1b: Muk|evasion|2\n|\n|-heal|p1b: Muk|69/100|[from] item: Leftovers\n|-ability|p1b: Muk|Moody|boost\n|-boost|p1b: Muk|spd|2\n|-unboost|p1b: Muk|spe|1\n|upkeep\n|\n|t:|1774107057\n|switch|p1a: Flamigo|Flamigo, L50, F, shiny|100/100\n|-copyboost|p1a: Flamigo|p1b: Muk|[from] ability: Costar\n|-enditem|p1a: Flamigo|White Herb\n|-clearnegativeboost|p1a: Flamigo|[silent]\n|turn|4\n|\n|t:|1774107071\n|move|p2b: Whimsicott|Encore|p1b: Muk|[miss]\n|-miss|p2b: Whimsicott|p1b: Muk\n|move|p1a: Flamigo|Brave Bird|p2b: Whimsicott\n|-supereffective|p2b: Whimsicott\n|-damage|p2b: Whimsicott|0 fnt\n|faint|p2b: Whimsicott\n|-damage|p1a: Flamigo|67/100|[from] Recoil\n|-curestatus|p2a: Lunala|slp|[msg]\n|move|p2a: Lunala|Moonblast|p1a: Flamigo|[miss]\n|-miss|p2a: Lunala|p1a: Flamigo\n|move|p1b: Muk|Knock Off|p2a: Lunala\n|-supereffective|p2a: Lunala\n|-damage|p2a: Lunala|66/100\n|\n|-heal|p1b: Muk|75/100|[from] item: Leftovers\n|-ability|p1b: Muk|Moody|boost\n|-boost|p1b: Muk|def|2\n|-unboost|p1b: Muk|atk|1\n|upkeep\n|\n|t:|1774107078\n|switch|p2b: Miraidon|Miraidon, L50|100/100\n|-activate|p2b: Miraidon|ability: Hadron Engine\n|turn|5\n|\n|t:|1774107082\n|move|p1b: Muk|Protect|p1b: Muk\n|-singleturn|p1b: Muk|Protect\n|move|p2b: Miraidon|Draco Meteor|p1b: Muk\n|-activate|p1b: Muk|move: Protect\n|move|p1a: Flamigo|Tailwind|p1a: Flamigo\n|-sidestart|p1: bbqsus|move: Tailwind\n|move|p2a: Lunala|Moonblast|p1a: Flamigo\n|-supereffective|p1a: Flamigo\n|-damage|p1a: Flamigo|8/100\n|\n|-heal|p1b: Muk|81/100|[from] item: Leftovers\n|-ability|p1b: Muk|Moody|boost\n|-boost|p1b: Muk|atk|2\n|-unboost|p1b: Muk|def|1\n|upkeep\n|turn|6\n|\n|t:|1774107094\n|move|p1a: Flamigo|Brave Bird|p2a: Lunala\n|-crit|p2a: Lunala\n|-damage|p2a: Lunala|8/100\n|-damage|p1a: Flamigo|0 fnt|[from] Recoil\n|faint|p1a: Flamigo\n|move|p2b: Miraidon|Draco Meteor|p1b: Muk\n|-damage|p1b: Muk|50/100\n|-unboost|p2b: Miraidon|spa|2\n|move|p2a: Lunala|Moonblast|p1b: Muk|[miss]\n|-miss|p2a: Lunala|p1b: Muk\n|move|p1b: Muk|Knock Off|p2a: Lunala\n|-supereffective|p2a: Lunala\n|-damage|p2a: Lunala|0 fnt\n|faint|p2a: Lunala\n|\n|-heal|p1b: Muk|56/100|[from] item: Leftovers\n|-fieldend|move: Electric Terrain\n|-ability|p1b: Muk|Moody|boost\n|-boost|p1b: Muk|atk|2\n|-unboost|p1b: Muk|spe|1\n|upkeep\n|\n|t:|1774107103\n|switch|p1a: Calyrex|Calyrex-Shadow, L50|100/100\n|switch|p2a: Urshifu|Urshifu-Rapid-Strike, L50, F, tera:Ghost|100/100\n|-ability|p1a: Calyrex|As One\n|-ability|p1a: Calyrex|Unnerve\n|turn|7\n|\n|t:|1774107109\n|move|p1a: Calyrex|Astral Barrage|p2b: Miraidon|[spread] p2a,p2b\n|-supereffective|p2a: Urshifu\n|-damage|p2a: Urshifu|0 fnt\n|-damage|p2b: Miraidon|51/100\n|faint|p2a: Urshifu\n|-ability|p1a: Calyrex|Grim Neigh|boost\n|-boost|p1a: Calyrex|spa|1\n|move|p2b: Miraidon|Draco Meteor|p1b: Muk\n|-damage|p1b: Muk|43/100\n|-unboost|p2b: Miraidon|spa|2\n|move|p1b: Muk|Knock Off|p2b: Miraidon\n|-damage|p2b: Miraidon|0 fnt\n|-enditem|p2b: Miraidon|Choice Scarf|[from] move: Knock Off|[of] p1b: Muk\n|faint|p2b: Miraidon\n|\n|win|bbqsus\n|raw|bbqsus's rating: 1415 &rarr; <strong>1441</strong><br />(+26 for winning)\n|raw|Galact7adi's rating: 1520 &rarr; <strong>1494</strong><br />(-26 for losing)\n|l|\u2606Galact7adi\n|player|p2|\n|l|\u2606bbqsus\n|player|p1|\n","uploadtime":1774107267,"views":17,"formatid":"gen9vgc2026regi","rating":1441,"private":0,"password":null}