{"id":"gen9vgc2026regi-2551705235","format":"[Gen 9] VGC 2026 Reg I","players":["rshawn","partigiano jonny"],"log":"|j|\u2606rshawn\n|j|\u2606partigiano jonny\n|t:|1772638059\n|gametype|doubles\n|player|p1|rshawn|101|1374\n|player|p2|partigiano jonny|volkner|1615\n|gen|9\n|tier|[Gen 9] VGC 2026 Reg I\n|rated|\n|rule|Species Clause: Limit one of each Pok\u00e9mon\n|rule|Item Clause: Limit 1 of each item\n|clearpoke\n|poke|p1|Alcremie, L50, F|\n|poke|p1|Calyrex-Ice, L50|\n|poke|p1|Kyogre, L50|\n|poke|p1|Rillaboom, L50, F|\n|poke|p1|Iron Jugulis, L50|\n|poke|p1|Basculegion, L50, M|\n|poke|p2|Terapagos, L50, M|\n|poke|p2|Miraidon, L50|\n|poke|p2|Incineroar, L50, M|\n|poke|p2|Iron Treads, L50|\n|poke|p2|Sinistcha, L50|\n|poke|p2|Urshifu-*, L50, F|\n|teampreview|4\n|\n|t:|1772638110\n|teamsize|p1|4\n|teamsize|p2|4\n|start\n|switch|p1a: Iron Jugulis|Iron Jugulis, L50|100/100\n|switch|p1b: Rillaboom|Rillaboom, L50, F|100/100\n|switch|p2a: Terapagos|Terapagos, L50, M|100/100\n|switch|p2b: Incineroar|Incineroar, L50, M|100/100\n|-activate|p2a: Terapagos|ability: Tera Shift\n|detailschange|p2a: Terapagos|Terapagos-Terastal, L50, M\n|-heal|p2a: Terapagos|100/100|[silent]\n|-fieldstart|move: Grassy Terrain|[from] ability: Grassy Surge|[of] p1b: Rillaboom\n|-ability|p2b: Incineroar|Intimidate|boost\n|-unboost|p1a: Iron Jugulis|atk|1\n|-unboost|p1b: Rillaboom|atk|1\n|-enditem|p1a: Iron Jugulis|Booster Energy\n|-activate|p1a: Iron Jugulis|ability: Quark Drive|[fromitem]\n|-start|p1a: Iron Jugulis|quarkdrivespe\n|turn|1\n|\n|t:|1772638118\n|move|p2a: Terapagos|Protect|p2a: Terapagos\n|-singleturn|p2a: Terapagos|Protect\n|move|p1b: Rillaboom|Fake Out|p2b: Incineroar\n|-damage|p2b: Incineroar|93/100\n|-damage|p1b: Rillaboom|84/100|[from] item: Rocky Helmet|[of] p2b: Incineroar\n|move|p1a: Iron Jugulis|Taunt|p2a: Terapagos\n|-activate|p2a: Terapagos|move: Protect\n|cant|p2b: Incineroar|flinch\n|\n|-heal|p1b: Rillaboom|90/100|[from] Grassy Terrain\n|-heal|p2b: Incineroar|99/100|[from] Grassy Terrain\n|upkeep\n|turn|2\n|\n|t:|1772638131\n|move|p1a: Iron Jugulis|Snarl|p2a: Terapagos|[spread] p2a,p2b\n|-activate|p2a: Terapagos|ability: Tera Shell\n|-resisted|p2a: Terapagos\n|-resisted|p2b: Incineroar\n|-damage|p2a: Terapagos|93/100\n|-damage|p2b: Incineroar|92/100\n|-unboost|p2a: Terapagos|spa|1\n|-unboost|p2b: Incineroar|spa|1\n|move|p1b: Rillaboom|U-turn|p2a: Terapagos\n|-damage|p2a: Terapagos|81/100\n|\n|t:|1772638147\n|switch|p1b: Kyogre|Kyogre, L50|100/100|[from] U-turn\n|-weather|RainDance|[from] ability: Drizzle|[of] p1b: Kyogre\n|move|p2a: Terapagos|Calm Mind|p2a: Terapagos\n|-boost|p2a: Terapagos|spa|1\n|-boost|p2a: Terapagos|spd|1\n|move|p2b: Incineroar|Parting Shot|p1b: Kyogre\n|-unboost|p1b: Kyogre|atk|1\n|-unboost|p1b: Kyogre|spa|1\n|\n|t:|1772638157\n|switch|p2b: Miraidon|Miraidon, L50|100/100|[from] Parting Shot\n|-fieldstart|move: Electric Terrain|[from] ability: Hadron Engine|[of] p2b: Miraidon\n|-enditem|p2a: Terapagos|Electric Seed\n|-boost|p2a: Terapagos|def|1|[from] item: Electric Seed\n|\n|-weather|RainDance|[upkeep]\n|upkeep\n|turn|3\n|\n|t:|1772638172\n|switch|p1b: Rillaboom|Rillaboom, L50, F|90/100\n|-fieldstart|move: Grassy Terrain|[from] ability: Grassy Surge|[of] p1b: Rillaboom\n|-terastallize|p2a: Terapagos|Stellar\n|detailschange|p2a: Terapagos|Terapagos-Stellar, L50, M, tera:Stellar\n|-heal|p2a: Terapagos|86/100|[silent]\n|-ability|p2a: Terapagos|Teraform Zero\n|-weather|none\n|-fieldend|move: Grassy Terrain\n|move|p1a: Iron Jugulis|Snarl|p2a: Terapagos|[spread] p2a,p2b\n|-damage|p2a: Terapagos|79/100\n|-damage|p2b: Miraidon|91/100\n|-unboost|p2a: Terapagos|spa|1\n|-unboost|p2b: Miraidon|spa|1\n|move|p2b: Miraidon|Electro Drift|p1a: Iron Jugulis\n|-supereffective|p1a: Iron Jugulis\n|-crit|p1a: Iron Jugulis\n|-damage|p1a: Iron Jugulis|0 fnt\n|faint|p1a: Iron Jugulis\n|-end|p1a: Iron Jugulis|Quark Drive|[silent]\n|move|p2a: Terapagos|Calm Mind|p2a: Terapagos\n|-boost|p2a: Terapagos|spa|1\n|-boost|p2a: Terapagos|spd|1\n|\n|upkeep\n|\n|t:|1772638177\n|switch|p1a: Calyrex|Calyrex-Ice, L50|100/100\n|-ability|p1a: Calyrex|As One\n|-ability|p1a: Calyrex|Unnerve\n|turn|4\n|\n|t:|1772638197\n|switch|p2b: Incineroar|Incineroar, L50, M|92/100\n|-ability|p2b: Incineroar|Intimidate|boost\n|-unboost|p1a: Calyrex|atk|1\n|-unboost|p1b: Rillaboom|atk|1\n|move|p2a: Terapagos|Protect|p2a: Terapagos\n|-singleturn|p2a: Terapagos|Protect\n|move|p1b: Rillaboom|U-turn|p2b: Incineroar\n|-damage|p2b: Incineroar|80/100\n|-damage|p1b: Rillaboom|73/100|[from] item: Rocky Helmet|[of] p2b: Incineroar\n|\n|t:|1772638199\n|switch|p1b: Kyogre|Kyogre, L50|100/100|[from] U-turn\n|-weather|RainDance|[from] ability: Drizzle|[of] p1b: Kyogre\n|move|p1a: Calyrex|Glacial Lance|p2b: Incineroar|[spread] p2b\n|-activate|p2a: Terapagos|move: Protect\n|-resisted|p2b: Incineroar\n|-damage|p2b: Incineroar|68/100\n|\n|-weather|RainDance|[upkeep]\n|upkeep\n|turn|5\n|\n|t:|1772638217\n|move|p1b: Kyogre|Protect|p1b: Kyogre\n|-singleturn|p1b: Kyogre|Protect\n|move|p2b: Incineroar|Fake Out|p1b: Kyogre\n|-activate|p1b: Kyogre|move: Protect\n|move|p2a: Terapagos|Calm Mind|p2a: Terapagos\n|-boost|p2a: Terapagos|spa|1\n|-boost|p2a: Terapagos|spd|1\n|move|p1a: Calyrex|Trick Room|p1a: Calyrex\n|-fieldstart|move: Trick Room|[of] p1a: Calyrex\n|\n|-weather|RainDance|[upkeep]\n|upkeep\n|turn|6\n|\n|t:|1772638233\n|switch|p1b: Rillaboom|Rillaboom, L50, F|73/100\n|-fieldstart|move: Grassy Terrain|[from] ability: Grassy Surge|[of] p1b: Rillaboom\n|move|p1a: Calyrex|Leech Seed|p2a: Terapagos\n|-start|p2a: Terapagos|move: Leech Seed\n|move|p2b: Incineroar|Parting Shot|p1a: Calyrex\n|-unboost|p1a: Calyrex|atk|1\n|-unboost|p1a: Calyrex|spa|1\n|\n|t:|1772638243\n|switch|p2b: Urshifu|Urshifu-Rapid-Strike, L50, F|100/100|[from] Parting Shot\n|move|p2a: Terapagos|Tera Starstorm|p1b: Rillaboom|[spread] p1a,p1b\n|-damage|p1a: Calyrex|66/100\n|-damage|p1b: Rillaboom|30/100\n|\n|-weather|RainDance|[upkeep]\n|-heal|p1a: Calyrex|72/100|[from] Grassy Terrain\n|-heal|p1a: Calyrex|78/100|[from] item: Leftovers\n|-heal|p2a: Terapagos|85/100|[from] Grassy Terrain\n|-heal|p1b: Rillaboom|36/100|[from] Grassy Terrain\n|-damage|p2a: Terapagos|73/100|[from] Leech Seed|[of] p1a: Calyrex\n|-heal|p1a: Calyrex|94/100|[silent]\n|upkeep\n|turn|7\n|\n|t:|1772638258\n|switch|p1a: Kyogre|Kyogre, L50|100/100\n|move|p2a: Terapagos|Tera Starstorm|p1a: Kyogre|[spread] p1a,p1b\n|-damage|p1a: Kyogre|65/100\n|-damage|p1b: Rillaboom|0 fnt\n|faint|p1b: Rillaboom\n|move|p2b: Urshifu|Surging Strikes|p1a: Kyogre\n|-resisted|p1a: Kyogre\n|-crit|p1a: Kyogre\n|-damage|p1a: Kyogre|46/100\n|-resisted|p1a: Kyogre\n|-crit|p1a: Kyogre\n|-damage|p1a: Kyogre|28/100\n|-resisted|p1a: Kyogre\n|-crit|p1a: Kyogre\n|-damage|p1a: Kyogre|9/100\n|-hitcount|p1a: Kyogre|3\n|\n|-weather|RainDance|[upkeep]\n|-heal|p2a: Terapagos|79/100|[from] Grassy Terrain\n|-heal|p1a: Kyogre|16/100|[from] Grassy Terrain\n|-damage|p2a: Terapagos|67/100|[from] Leech Seed|[of] p1a: Kyogre\n|-heal|p1a: Kyogre|33/100|[silent]\n|upkeep\n|\n|t:|1772638260\n|switch|p1b: Calyrex|Calyrex-Ice, L50|94/100\n|-ability|p1b: Calyrex|As One\n|-ability|p1b: Calyrex|Unnerve\n|turn|8\n|-message|rshawn forfeited.\n|\n|win|partigiano jonny\n|raw|rshawn's rating: 1374 &rarr; <strong>1366</strong><br />(-8 for losing)\n|raw|partigiano jonny's rating: 1615 &rarr; <strong>1623</strong><br />(+8 for winning)\n","uploadtime":1772638266,"views":14,"formatid":"gen9vgc2026regi","rating":1366,"private":0,"password":null}