{"id":"gen9vgc2026regi-2515734056","format":"[Gen 9] VGC 2026 Reg I","players":["fogdocker","flaaavgc"],"log":"|j|\u2606fogdocker\n|j|\u2606flaaavgc\n|t:|1768028860\n|gametype|doubles\n|player|p1|fogdocker|101|1151\n|player|p2|flaaavgc|red|1222\n|gen|9\n|tier|[Gen 9] VGC 2026 Reg I\n|rated|\n|rule|Species Clause: Limit one of each Pok\u00e9mon\n|rule|Item Clause: Limit 1 of each item\n|clearpoke\n|poke|p1|Calyrex-Shadow, L50|\n|poke|p1|Zacian-*, L50|\n|poke|p1|Incineroar, L50, M|\n|poke|p1|Ogerpon-Wellspring, L50, F|\n|poke|p1|Landorus, L50, M|\n|poke|p1|Tornadus, L50, M|\n|poke|p2|Calyrex-Shadow, L50|\n|poke|p2|Tornadus, L50, M|\n|poke|p2|Rillaboom, L50, F|\n|poke|p2|Urshifu-*, L50, F|\n|poke|p2|Incineroar, L50, F|\n|poke|p2|Zamazenta-*, L50|\n|teampreview|4\n|\n|t:|1768028907\n|teamsize|p1|4\n|teamsize|p2|4\n|start\n|switch|p1a: Calyrex|Calyrex-Shadow, L50|100/100\n|switch|p1b: Tornadus|Tornadus, L50, M|100/100\n|switch|p2a: Tornadus|Tornadus, L50, M, shiny|100/100\n|switch|p2b: Dead knight|Calyrex-Shadow, L50|100/100\n|-ability|p2b: Dead knight|As One\n|-ability|p2b: Dead knight|Unnerve\n|-ability|p1a: Calyrex|As One\n|-ability|p1a: Calyrex|Unnerve\n|turn|1\n|inactive|Battle timer is ON: inactive players will automatically lose when time's up. (requested by fogdocker)\n|inactive|flaaavgc has 60 seconds left.\n|inactive|flaaavgc has 30 seconds left.\n|inactive|flaaavgc has 20 seconds left.\n|\n|t:|1768029032\n|switch|p2b: Incineroar|Incineroar, L50, F|100/100\n|-ability|p2b: Incineroar|Intimidate|boost\n|-unboost|p1a: Calyrex|atk|1\n|-unboost|p1b: Tornadus|atk|1\n|-terastallize|p1a: Calyrex|Normal\n|move|p2a: Tornadus|Tailwind|p2a: Tornadus\n|-sidestart|p2: flaaavgc|move: Tailwind\n|move|p1b: Tornadus|Tailwind|p1b: Tornadus\n|-sidestart|p1: fogdocker|move: Tailwind\n|move|p1a: Calyrex|Astral Barrage|p2a: Tornadus|[spread] p2a,p2b\n|-resisted|p2b: Incineroar\n|-damage|p2a: Tornadus|30/100\n|-damage|p2b: Incineroar|71/100\n|\n|upkeep\n|turn|2\n|inactive|flaaavgc has 30 seconds left.\n|\n|t:|1768029059\n|switch|p1b: Landorus|Landorus, L50, M|100/100\n|move|p1a: Calyrex|Protect|p1a: Calyrex\n|-singleturn|p1a: Calyrex|Protect\n|move|p2b: Incineroar|Fake Out|p1a: Calyrex\n|-activate|p1a: Calyrex|move: Protect\n|move|p2a: Tornadus|Bleakwind Storm|p1a: Calyrex|[spread] p1b\n|-activate|p1a: Calyrex|move: Protect\n|-damage|p1b: Landorus|62/100\n|\n|upkeep\n|turn|3\n|\n|t:|1768029074\n|move|p1a: Calyrex|Astral Barrage|p2b: Incineroar|[spread] p2a,p2b\n|-resisted|p2b: Incineroar\n|-damage|p2a: Tornadus|0 fnt\n|-damage|p2b: Incineroar|41/100\n|faint|p2a: Tornadus\n|-ability|p1a: Calyrex|Grim Neigh|boost\n|-boost|p1a: Calyrex|spa|1\n|move|p1b: Landorus|Earth Power|p2b: Incineroar\n|-supereffective|p2b: Incineroar\n|-damage|p2b: Incineroar|0 fnt\n|faint|p2b: Incineroar\n|\n|upkeep\n|\n|t:|1768029083\n|switch|p2a: Dead knight|Calyrex-Shadow, L50|100/100\n|switch|p2b: Zamazenta|Zamazenta-Crowned, L50|100/100\n|-ability|p2a: Dead knight|As One\n|-ability|p2a: Dead knight|Unnerve\n|-ability|p2b: Zamazenta|Dauntless Shield|boost\n|-boost|p2b: Zamazenta|def|1\n|turn|4\n|inactive|fogdocker has 30 seconds left.\n|\n|t:|1768029111\n|switch|p1b: Tornadus|Tornadus, L50, M|100/100\n|-terastallize|p2a: Dead knight|Ghost\n|move|p1a: Calyrex|Protect|p1a: Calyrex\n|-singleturn|p1a: Calyrex|Protect\n|move|p2a: Dead knight|Astral Barrage|p1b: Tornadus|[spread] p1b\n|-activate|p1a: Calyrex|move: Protect\n|-damage|p1b: Tornadus|13/100\n|move|p2b: Zamazenta|Body Press|p1a: Calyrex\n|-activate|p1a: Calyrex|move: Protect\n|\n|-sideend|p1: fogdocker|move: Tailwind\n|-sideend|p2: flaaavgc|move: Tailwind\n|upkeep\n|turn|5\n|\n|t:|1768029132\n|move|p2b: Zamazenta|Wide Guard|p2b: Zamazenta\n|-singleturn|p2b: Zamazenta|Wide Guard\n|move|p1b: Tornadus|Taunt|p2b: Zamazenta\n|-start|p2b: Zamazenta|move: Taunt\n|move|p1a: Calyrex|Astral Barrage|p2b: Zamazenta|[spread] \n|-activate|p2a: Dead knight|move: Wide Guard\n|-activate|p2b: Zamazenta|move: Wide Guard\n|move|p2a: Dead knight|Psychic|p1a: Calyrex\n|-damage|p1a: Calyrex|43/100\n|-unboost|p1a: Calyrex|spd|1\n|\n|upkeep\n|turn|6\n|\n|t:|1768029150\n|move|p1b: Tornadus|Tailwind|p1b: Tornadus\n|-sidestart|p1: fogdocker|move: Tailwind\n|move|p1a: Calyrex|Encore|p2b: Zamazenta\n|-start|p2b: Zamazenta|Encore\n|move|p2a: Dead knight|Psychic|p1a: Calyrex\n|-damage|p1a: Calyrex|0 fnt\n|faint|p1a: Calyrex\n|-ability|p2a: Dead knight|Grim Neigh|boost\n|-boost|p2a: Dead knight|spa|1\n|cant|p2b: Zamazenta|move: Taunt|Wide Guard\n|\n|upkeep\n|\n|t:|1768029159\n|switch|p1a: Ogerpon|Ogerpon-Wellspring, L50, F|100/100\n|turn|7\n|\n|t:|1768029165\n|move|p2a: Dead knight|Protect|p2a: Dead knight\n|-singleturn|p2a: Dead knight|Protect\n|move|p1a: Ogerpon|Ivy Cudgel|p2a: Dead knight|[anim] Ivy Cudgel Water\n|-activate|p2a: Dead knight|move: Protect\n|move|p1b: Tornadus|Bleakwind Storm|p2b: Zamazenta|[spread] p2b\n|-activate|p2a: Dead knight|move: Protect\n|-damage|p2b: Zamazenta|73/100\n|-activate|p2b: Zamazenta|move: Struggle\n|move|p2b: Zamazenta|Struggle|p1a: Ogerpon\n|-damage|p1a: Ogerpon|87/100\n|-damage|p2b: Zamazenta|48/100|[from] recoil\n|\n|upkeep\n|turn|8\n|\n|t:|1768029181\n|move|p1a: Ogerpon|Wood Hammer|p2a: Dead knight\n|-damage|p2a: Dead knight|25/100\n|-damage|p1a: Ogerpon|63/100|[from] Recoil\n|move|p1b: Tornadus|Bleakwind Storm|p2a: Dead knight|[spread] p2a,p2b\n|-crit|p2a: Dead knight\n|-damage|p2a: Dead knight|0 fnt\n|-damage|p2b: Zamazenta|21/100\n|faint|p2a: Dead knight\n|-activate|p2b: Zamazenta|move: Struggle\n|move|p2b: Zamazenta|Struggle|p1a: Ogerpon\n|-damage|p1a: Ogerpon|50/100\n|-damage|p2b: Zamazenta|0 fnt|[from] recoil\n|faint|p2b: Zamazenta\n|\n|win|fogdocker\n|raw|fogdocker's rating: 1151 &rarr; <strong>1181</strong><br />(+30 for winning)\n|raw|flaaavgc's rating: 1222 &rarr; <strong>1192</strong><br />(-30 for losing)\n|l|\u2606fogdocker\n|player|p1|\n","uploadtime":1768029592,"views":8,"formatid":"gen9vgc2026regi","rating":1181,"private":0,"password":null}