{"id":"gen9vgc2026regi-2533150233","format":"[Gen 9] VGC 2026 Reg I","players":["not world","lalo's pollos"],"log":"|j|\u2606not world\n|j|\u2606lalo's pollos\n|t:|1770263558\n|gametype|doubles\n|player|p1|not world|caitlin|1521\n|player|p2|lalo's pollos|170|1555\n|gen|9\n|tier|[Gen 9] VGC 2026 Reg I\n|rated|\n|rule|Species Clause: Limit one of each Pok\u00e9mon\n|rule|Item Clause: Limit 1 of each item\n|clearpoke\n|poke|p1|Calyrex-Ice, L50|\n|poke|p1|Kyogre, L50|\n|poke|p1|Urshifu-*, L50, F|\n|poke|p1|Tornadus, L50, M|\n|poke|p1|Rillaboom, L50, F|\n|poke|p1|Amoonguss, L50, F|\n|poke|p2|Zamazenta-*, L50|\n|poke|p2|Lunala, L50|\n|poke|p2|Rillaboom, L50, F|\n|poke|p2|Incineroar, L50, F|\n|poke|p2|Urshifu-*, L50, M|\n|poke|p2|Tornadus, L50, M|\n|teampreview|4\n|\n|t:|1770263587\n|teamsize|p1|4\n|teamsize|p2|4\n|start\n|switch|p1a: Kyogre|Kyogre, L50, shiny|100/100\n|switch|p1b: Tornadus|Tornadus, L50, M, shiny|100/100\n|switch|p2a: Zamazenta|Zamazenta-Crowned, L50|100/100\n|switch|p2b: Tornadus|Tornadus, L50, M|100/100\n|-ability|p2a: Zamazenta|Dauntless Shield|boost\n|-boost|p2a: Zamazenta|def|1\n|-weather|RainDance|[from] ability: Drizzle|[of] p1a: Kyogre\n|turn|1\n|\n|t:|1770263612\n|move|p1a: Kyogre|Protect|p1a: Kyogre\n|-singleturn|p1a: Kyogre|Protect\n|move|p2b: Tornadus|Taunt|p1b: Tornadus\n|-start|p1b: Tornadus|move: Taunt\n|cant|p1b: Tornadus|move: Taunt|Taunt\n|move|p2a: Zamazenta|Body Press|p1a: Kyogre\n|-activate|p1a: Kyogre|move: Protect\n|\n|-weather|RainDance|[upkeep]\n|upkeep\n|turn|2\n|\n|t:|1770263630\n|move|p2b: Tornadus|Bleakwind Storm|p1b: Tornadus|[spread] p1a,p1b\n|-damage|p1a: Kyogre|75/100\n|-damage|p1b: Tornadus|46/100\n|move|p1b: Tornadus|Bleakwind Storm|p2b: Tornadus|[spread] p2a,p2b\n|-damage|p2a: Zamazenta|73/100\n|-damage|p2b: Tornadus|51/100\n|-unboost|p2a: Zamazenta|spe|1\n|-unboost|p2b: Tornadus|spe|1\n|move|p2a: Zamazenta|Body Press|p1a: Kyogre\n|-damage|p1a: Kyogre|7/100\n|move|p1a: Kyogre|Hydro Pump|p2a: Zamazenta\n|-damage|p2a: Zamazenta|0 fnt\n|faint|p2a: Zamazenta\n|\n|-weather|RainDance|[upkeep]\n|upkeep\n|\n|t:|1770263646\n|switch|p2a: Lunala|Lunala, L50|100/100\n|turn|3\n|\n|t:|1770263667\n|switch|p1b: Amoonguss|Amoonguss, L50, F, shiny|100/100\n|switch|p1a: Urshifu|Urshifu-Rapid-Strike, L50, F|100/100\n|move|p2b: Tornadus|Tailwind|p2b: Tornadus\n|-sidestart|p2: lalo's pollos|move: Tailwind\n|move|p2a: Lunala|Moongeist Beam|p1a: Urshifu\n|-damage|p1a: Urshifu|17/100\n|\n|-weather|RainDance|[upkeep]\n|upkeep\n|turn|4\n|\n|t:|1770263681\n|-terastallize|p1a: Urshifu|Water\n|move|p1a: Urshifu|Aqua Jet|p2b: Tornadus\n|-damage|p2b: Tornadus|0 fnt\n|faint|p2b: Tornadus\n|move|p2a: Lunala|Moongeist Beam|p1b: Amoonguss\n|-damage|p1b: Amoonguss|46/100\n|move|p1b: Amoonguss|Spore|p2a: Lunala\n|-status|p2a: Lunala|slp|[from] move: Spore\n|\n|-weather|RainDance|[upkeep]\n|upkeep\n|\n|t:|1770263689\n|switch|p2b: Urshifu|Urshifu-Rapid-Strike, L50, M|100/100\n|turn|5\n|\n|t:|1770263705\n|switch|p1a: Tornadus|Tornadus, L50, M, shiny|46/100\n|move|p1b: Amoonguss|Rage Powder|p1b: Amoonguss\n|-singleturn|p1b: Amoonguss|move: Rage Powder\n|move|p2b: Urshifu|Surging Strikes|p1b: Amoonguss\n|-resisted|p1b: Amoonguss\n|-crit|p1b: Amoonguss\n|-damage|p1b: Amoonguss|31/100\n|-damage|p2b: Urshifu|84/100|[from] item: Rocky Helmet|[of] p1b: Amoonguss\n|-resisted|p1b: Amoonguss\n|-crit|p1b: Amoonguss\n|-damage|p1b: Amoonguss|15/100\n|-damage|p2b: Urshifu|67/100|[from] item: Rocky Helmet|[of] p1b: Amoonguss\n|-resisted|p1b: Amoonguss\n|-crit|p1b: Amoonguss\n|-damage|p1b: Amoonguss|0 fnt\n|-damage|p2b: Urshifu|51/100|[from] item: Rocky Helmet|[of] p1b: Amoonguss\n|faint|p1b: Amoonguss\n|-hitcount|p1: Amoonguss|3\n|cant|p2a: Lunala|slp\n|\n|-weather|none\n|upkeep\n|\n|t:|1770263727\n|switch|p1b: Kyogre|Kyogre, L50, shiny|7/100\n|-weather|RainDance|[from] ability: Drizzle|[of] p1b: Kyogre\n|turn|6\n|\n|t:|1770263739\n|-terastallize|p2b: Urshifu|Water\n|move|p2b: Urshifu|Aqua Jet|p1b: Kyogre\n|-resisted|p1b: Kyogre\n|-damage|p1b: Kyogre|0 fnt\n|faint|p1b: Kyogre\n|move|p1a: Tornadus|Tailwind|p1a: Tornadus\n|-sidestart|p1: not world|move: Tailwind\n|-curestatus|p2a: Lunala|slp|[msg]\n|move|p2a: Lunala|Moongeist Beam|p1a: Tornadus\n|-damage|p1a: Tornadus|0 fnt\n|faint|p1a: Tornadus\n|\n|-weather|RainDance|[upkeep]\n|-sideend|p2: lalo's pollos|move: Tailwind\n|upkeep\n|\n|t:|1770263747\n|switch|p1b: Urshifu|Urshifu-Rapid-Strike, L50, F, tera:Water|17/100\n|turn|7\n|-message|not world forfeited.\n|\n|win|lalo's pollos\n|raw|not world's rating: 1521 &rarr; <strong>1503</strong><br />(-18 for losing)\n|raw|lalo&apos;s pollos's rating: 1555 &rarr; <strong>1573</strong><br />(+18 for winning)\n|l|\u2606not world\n|player|p1|\n","uploadtime":1770263938,"views":34,"formatid":"gen9vgc2026regi","rating":1503,"private":0,"password":null}