{"id":"gen9vgc2026regi-2571302439","format":"[Gen 9] VGC 2026 Reg I","players":["Snowsquall brute","Highkage2"],"log":"|j|\u2606Snowsquall brute\n|j|\u203dHighkage2\n|t:|1774901872\n|gametype|doubles\n|player|p1|Snowsquall brute|veteran|1484\n|player|p2|Highkage2|doubleteam|1667\n|gen|9\n|tier|[Gen 9] VGC 2026 Reg I\n|rated|\n|rule|Species Clause: Limit one of each Pok\u00e9mon\n|rule|Item Clause: Limit 1 of each item\n|clearpoke\n|poke|p1|Miraidon, L50|\n|poke|p1|Landorus-Therian, L50, M|\n|poke|p1|Kingambit, L50, M|\n|poke|p1|Lunala, L50|\n|poke|p2|Incineroar, L50, M|\n|poke|p2|Calyrex-Ice, L50|\n|poke|p2|Miraidon, L50|\n|poke|p2|Iron Treads, L50|\n|poke|p2|Volcarona, L50, F|\n|poke|p2|Farigiraf, L50, M|\n|teampreview|4\n|j| Pepinopequeno\n|inactive|Battle timer is ON: inactive players will automatically lose when time's up. (requested by Highkage2)\n|\n|t:|1774901906\n|teamsize|p1|4\n|teamsize|p2|4\n|start\n|switch|p1a: Miraidon|Miraidon, L50|100/100\n|switch|p1b: Landorus|Landorus-Therian, L50, M|100/100\n|switch|p2a: Miraidon|Miraidon, L50|100/100\n|switch|p2b: Incineroar|Incineroar, L50, M|100/100\n|-fieldstart|move: Electric Terrain|[from] ability: Hadron Engine|[of] p2a: Miraidon\n|-enditem|p1a: Miraidon|Electric Seed\n|-boost|p1a: Miraidon|def|1|[from] item: Electric Seed\n|-activate|p1a: Miraidon|ability: Hadron Engine\n|-ability|p1b: Landorus|Intimidate|boost\n|-unboost|p2a: Miraidon|atk|1\n|-unboost|p2b: Incineroar|atk|1\n|-ability|p2b: Incineroar|Intimidate|boost\n|-unboost|p1a: Miraidon|atk|1\n|-unboost|p1b: Landorus|atk|1\n|turn|1\n|\n|t:|1774901926\n|-terastallize|p1a: Miraidon|Electric\n|move|p2b: Incineroar|Fake Out|p1b: Landorus\n|-damage|p1b: Landorus|93/100\n|move|p2a: Miraidon|Draco Meteor|p1a: Miraidon\n|-damage|p1a: Miraidon|20/100\n|-unboost|p2a: Miraidon|spa|2\n|move|p1a: Miraidon|Parabolic Charge|p2a: Miraidon|[spread] p2a,p2b\n|-immune|p1b: Landorus\n|-resisted|p2a: Miraidon\n|-damage|p2a: Miraidon|90/100\n|-heal|p1a: Miraidon|25/100|[from] drain|[of] p2a: Miraidon\n|-damage|p2b: Incineroar|73/100\n|-heal|p1a: Miraidon|38/100|[from] drain|[of] p2b: Incineroar\n|cant|p1b: Landorus|flinch\n|\n|upkeep\n|turn|2\n|inactive|Highkage2 has 30 seconds left.\n|inactive|Highkage2 has 20 seconds left.\n|\n|t:|1774901963\n|move|p1a: Miraidon|Protect|p1a: Miraidon\n|-singleturn|p1a: Miraidon|Protect\n|move|p2a: Miraidon|Draco Meteor|p1a: Miraidon\n|-activate|p1a: Miraidon|move: Protect\n|move|p1b: Landorus|Rock Tomb|p2a: Miraidon\n|-damage|p2a: Miraidon|77/100\n|-unboost|p2a: Miraidon|spe|1\n|move|p2b: Incineroar|U-turn|p1b: Landorus\n|-resisted|p1b: Landorus\n|-damage|p1b: Landorus|88/100\n|\n|t:|1774901971\n|switch|p2b: Iron Treads|Iron Treads, L50|100/100|[from] U-turn\n|-activate|p2b: Iron Treads|ability: Quark Drive\n|-start|p2b: Iron Treads|quarkdrivespe\n|\n|upkeep\n|turn|3\n|\n|t:|1774901978\n|switch|p2a: Incineroar|Incineroar, L50, M|73/100\n|-ability|p2a: Incineroar|Intimidate|boost\n|-unboost|p1a: Miraidon|atk|1\n|-unboost|p1b: Landorus|atk|1\n|move|p2b: Iron Treads|High Horsepower|p1a: Miraidon\n|-supereffective|p1a: Miraidon\n|-damage|p1a: Miraidon|0 fnt\n|faint|p1a: Miraidon\n|move|p1b: Landorus|Earthquake|p2b: Iron Treads|[spread] p2a,p2b\n|-supereffective|p2a: Incineroar\n|-supereffective|p2b: Iron Treads\n|-damage|p2a: Incineroar|40/100\n|-damage|p2b: Iron Treads|64/100\n|\n|upkeep\n|\n|t:|1774901981\n|switch|p1a: Lunala|Lunala, L50|100/100\n|turn|4\n|\n|t:|1774902005\n|move|p2b: Iron Treads|High Horsepower|p1a: Lunala\n|-damage|p1a: Lunala|78/100\n|-damage|p2b: Iron Treads|48/100|[from] item: Rocky Helmet|[of] p1a: Lunala\n|move|p1a: Lunala|Moongeist Beam|p2b: Iron Treads\n|-damage|p2b: Iron Treads|0 fnt\n|faint|p2b: Iron Treads\n|-end|p2b: Iron Treads|Quark Drive|[silent]\n|move|p1b: Landorus|Stomping Tantrum|p2a: Incineroar\n|-supereffective|p2a: Incineroar\n|-damage|p2a: Incineroar|7/100\n|move|p2a: Incineroar|Knock Off|p1a: Lunala\n|-supereffective|p1a: Lunala\n|-damage|p1a: Lunala|0 fnt\n|-damage|p2a: Incineroar|0 fnt|[from] item: Rocky Helmet|[of] p1a: Lunala\n|faint|p1a: Lunala\n|faint|p2a: Incineroar\n|\n|upkeep\n|\n|t:|1774902017\n|switch|p2b: Miraidon|Miraidon, L50|77/100\n|switch|p1a: Kingambit|Kingambit, L50, M|100/100\n|switch|p2a: Calyrex|Calyrex-Ice, L50|100/100\n|-ability|p2a: Calyrex|As One\n|-ability|p2a: Calyrex|Unnerve\n|-activate|p2b: Miraidon|ability: Hadron Engine\n|turn|5\n|\n|t:|1774902035\n|-terastallize|p2a: Calyrex|Fairy\n|move|p1a: Kingambit|Protect|p1a: Kingambit\n|-singleturn|p1a: Kingambit|Protect\n|move|p2b: Miraidon|Electro Drift|p1a: Kingambit\n|-activate|p1a: Kingambit|move: Protect\n|move|p1b: Landorus|Earthquake|p2b: Miraidon|[spread] p2a,p2b\n|-activate|p1a: Kingambit|move: Protect\n|-supereffective|p2b: Miraidon\n|-damage|p2a: Calyrex|87/100\n|-damage|p2b: Miraidon|37/100\n|move|p2a: Calyrex|Glacial Lance|p1b: Landorus|[spread] p1b\n|-activate|p1a: Kingambit|move: Protect\n|-supereffective|p1b: Landorus\n|-damage|p1b: Landorus|0 fnt\n|faint|p1b: Landorus\n|-ability|p2a: Calyrex|Chilling Neigh|boost\n|-boost|p2a: Calyrex|atk|1\n|\n|-heal|p2a: Calyrex|93/100|[from] item: Leftovers\n|-fieldend|move: Electric Terrain\n|upkeep\n|turn|6\n|\n|t:|1774902044\n|move|p1a: Kingambit|Sucker Punch|p2b: Miraidon\n|-damage|p2b: Miraidon|0 fnt\n|faint|p2b: Miraidon\n|move|p2a: Calyrex|Leech Seed|p1a: Kingambit\n|-start|p1a: Kingambit|move: Leech Seed\n|\n|-heal|p2a: Calyrex|99/100|[from] item: Leftovers\n|-damage|p1a: Kingambit|88/100|[from] Leech Seed|[of] p2a: Calyrex\n|-heal|p2a: Calyrex|100/100|[silent]\n|upkeep\n|turn|7\n|\n|t:|1774902052\n|move|p2a: Calyrex|Protect|p2a: Calyrex\n|-singleturn|p2a: Calyrex|Protect\n|move|p1a: Kingambit|Iron Head|p2a: Calyrex\n|-activate|p2a: Calyrex|move: Protect\n|\n|-damage|p1a: Kingambit|76/100|[from] Leech Seed|[of] p2a: Calyrex\n|upkeep\n|turn|8\n|\n|t:|1774902057\n|move|p1a: Kingambit|Iron Head|p2a: Calyrex\n|-supereffective|p2a: Calyrex\n|-damage|p2a: Calyrex|45/100\n|cant|p2a: Calyrex|flinch\n|\n|-heal|p2a: Calyrex|51/100|[from] item: Leftovers\n|-damage|p1a: Kingambit|64/100|[from] Leech Seed|[of] p2a: Calyrex\n|-heal|p2a: Calyrex|63/100|[silent]\n|upkeep\n|turn|9\n|\n|t:|1774902063\n|move|p2a: Calyrex|Protect|p2a: Calyrex\n|-singleturn|p2a: Calyrex|Protect\n|move|p1a: Kingambit|Iron Head|p2a: Calyrex\n|-activate|p2a: Calyrex|move: Protect\n|\n|-heal|p2a: Calyrex|69/100|[from] item: Leftovers\n|-damage|p1a: Kingambit|52/100|[from] Leech Seed|[of] p2a: Calyrex\n|-heal|p2a: Calyrex|81/100|[silent]\n|upkeep\n|turn|10\n|\n|t:|1774902069\n|move|p1a: Kingambit|Iron Head|p2a: Calyrex\n|-supereffective|p2a: Calyrex\n|-damage|p2a: Calyrex|26/100\n|move|p2a: Calyrex|Glacial Lance|p1a: Kingambit\n|-resisted|p1a: Kingambit\n|-damage|p1a: Kingambit|13/100\n|\n|-heal|p2a: Calyrex|32/100|[from] item: Leftovers\n|-damage|p1a: Kingambit|0 fnt|[from] Leech Seed|[of] p2a: Calyrex\n|-heal|p2a: Calyrex|44/100|[silent]\n|faint|p1a: Kingambit\n|\n|win|Highkage2\n|raw|Snowsquall brute's rating: 1484 &rarr; <strong>1474</strong><br />(-10 for losing)\n|raw|Highkage2's rating: 1667 &rarr; <strong>1677</strong><br />(+10 for winning)\n|l|\u2606Snowsquall brute\n|player|p1|\n|l| Pepinopequeno\n","uploadtime":1774902334,"views":15,"formatid":"gen9vgc2026regi","rating":1474,"private":0,"password":null}