{"id":"gen9vgc2026regi-2544839326","format":"[Gen 9] VGC 2026 Reg I","players":["Simon0123","xyyyyyz"],"log":"|j|\u2606Simon0123\n|j|\u2606xyyyyyz\n|t:|1771768740\n|gametype|doubles\n|player|p1|Simon0123|benga|1075\n|player|p2|xyyyyyz|miku-fire|1106\n|gen|9\n|tier|[Gen 9] VGC 2026 Reg I\n|rated|\n|rule|Species Clause: Limit one of each Pok\u00e9mon\n|rule|Item Clause: Limit 1 of each item\n|clearpoke\n|poke|p1|Miraidon, L50|\n|poke|p1|Flutter Mane, L50|\n|poke|p1|Incineroar, L50, M|\n|poke|p1|Urshifu-*, L50, M|\n|poke|p1|Tornadus, L50, M|\n|poke|p1|Amoonguss, L50, F|\n|poke|p2|Calyrex-Shadow, L50|\n|poke|p2|Indeedee-F, L50, F|\n|poke|p2|Incineroar, L50, M|\n|poke|p2|Mewtwo, L50|\n|poke|p2|Roaring Moon, L50|\n|poke|p2|Amoonguss, L50, M|\n|teampreview|4\n|inactive|Battle timer is ON: inactive players will automatically lose when time's up. (requested by xyyyyyz)\n|inactive|Simon0123 has 60 seconds left.\n|inactive|xyyyyyz has 60 seconds left.\n|\n|t:|1771768793\n|teamsize|p1|4\n|teamsize|p2|4\n|start\n|switch|p1a: Tornadus|Tornadus, L50, M|100/100\n|switch|p1b: Miraidon|Miraidon, L50|100/100\n|switch|p2a: Calyrex|Calyrex-Shadow, L50|100/100\n|switch|p2b: Incineroar|Incineroar, L50, M|100/100\n|-ability|p2a: Calyrex|As One\n|-ability|p2a: Calyrex|Unnerve\n|-fieldstart|move: Electric Terrain|[from] ability: Hadron Engine|[of] p1b: Miraidon\n|-ability|p2b: Incineroar|Intimidate|boost\n|-unboost|p1a: Tornadus|atk|1\n|-unboost|p1b: Miraidon|atk|1\n|turn|1\n|inactive|Simon0123 has 30 seconds left.\n|inactive|Simon0123 has 20 seconds left.\n|\n|t:|1771768831\n|switch|p1b: Incineroar|Incineroar, L50, M|100/100\n|-ability|p1b: Incineroar|Intimidate|boost\n|-unboost|p2a: Calyrex|atk|1\n|-unboost|p2b: Incineroar|atk|1\n|move|p1a: Tornadus|Taunt|p2b: Incineroar\n|-hint|Since gen 7, Dark is immune to Prankster moves.\n|-immune|p2b: Incineroar\n|move|p2a: Calyrex|Astral Barrage|p1b: Incineroar|[spread] p1a,p1b\n|-resisted|p1b: Incineroar\n|-damage|p1a: Tornadus|16/100\n|-damage|p1b: Incineroar|75/100\n|-damage|p2a: Calyrex|91/100|[from] item: Life Orb\n|move|p2b: Incineroar|Knock Off|p1b: Incineroar\n|-resisted|p1b: Incineroar\n|-damage|p1b: Incineroar|65/100\n|-enditem|p1b: Incineroar|Safety Goggles|[from] move: Knock Off|[of] p2b: Incineroar\n|\n|upkeep\n|turn|2\n|inactive|Simon0123 has 30 seconds left.\n|inactive|Simon0123 has 20 seconds left.\n|\n|t:|1771768866\n|move|p2a: Calyrex|Protect|p2a: Calyrex\n|-singleturn|p2a: Calyrex|Protect\n|move|p1b: Incineroar|Fake Out|p2b: Incineroar\n|-damage|p2b: Incineroar|91/100\n|move|p1a: Tornadus|Tailwind|p1a: Tornadus\n|-sidestart|p1: Simon0123|move: Tailwind\n|cant|p2b: Incineroar|flinch\n|\n|upkeep\n|turn|3\n|\n|t:|1771768887\n|-terastallize|p2a: Calyrex|Fairy\n|move|p1a: Tornadus|Taunt|p2a: Calyrex\n|-start|p2a: Calyrex|move: Taunt\n|move|p2a: Calyrex|Draining Kiss|p1b: Incineroar\n|-damage|p1b: Incineroar|26/100\n|-heal|p2a: Calyrex|100/100|[from] drain|[of] p1b: Incineroar\n|-damage|p2a: Calyrex|91/100|[from] item: Life Orb\n|move|p1b: Incineroar|Parting Shot|p2a: Calyrex\n|-unboost|p2a: Calyrex|atk|1\n|-unboost|p2a: Calyrex|spa|1\n|\n|t:|1771768902\n|switch|p1b: Miraidon|Miraidon, L50|100/100|[from] Parting Shot\n|-activate|p1b: Miraidon|ability: Hadron Engine\n|move|p2b: Incineroar|Knock Off|p1a: Tornadus\n|-damage|p1a: Tornadus|0 fnt\n|-enditem|p1a: Tornadus|Covert Cloak|[from] move: Knock Off|[of] p2b: Incineroar\n|faint|p1a: Tornadus\n|\n|upkeep\n|\n|t:|1771768915\n|switch|p1a: Incineroar|Incineroar, L50, M|26/100\n|-ability|p1a: Incineroar|Intimidate|boost\n|-unboost|p2a: Calyrex|atk|1\n|-unboost|p2b: Incineroar|atk|1\n|turn|4\n|\n|t:|1771768923\n|switch|p2a: Indeedee|Indeedee-F, L50, F|100/100\n|-fieldstart|move: Psychic Terrain|[from] ability: Psychic Surge|[of] p2a: Indeedee\n|-terastallize|p1b: Miraidon|Electric\n|move|p1a: Incineroar|Fake Out|p2b: Incineroar\n|-activate|p2b: Incineroar|move: Psychic Terrain\n|move|p1b: Miraidon|Electro Drift|p2a: Indeedee\n|-damage|p2a: Indeedee|30/100\n|move|p2b: Incineroar|Knock Off|p1b: Miraidon\n|-damage|p1b: Miraidon|79/100\n|-enditem|p1b: Miraidon|Choice Specs|[from] move: Knock Off|[of] p2b: Incineroar\n|\n|upkeep\n|turn|5\n|inactive|Simon0123 has 30 seconds left.\n|inactive|Simon0123 has 20 seconds left.\n|inactive|Simon0123 has 15 seconds left.\n|inactive|Simon0123 has 10 seconds left.\n|\n|t:|1771768971\n|move|p1b: Miraidon|Electro Drift|p2b: Incineroar\n|-damage|p2b: Incineroar|57/100\n|move|p1a: Incineroar|Knock Off|p2a: Indeedee\n|-supereffective|p2a: Indeedee\n|-damage|p2a: Indeedee|0 fnt\n|-enditem|p2a: Indeedee|Safety Goggles|[from] move: Knock Off|[of] p1a: Incineroar\n|faint|p2a: Indeedee\n|move|p2b: Incineroar|U-turn|p1b: Miraidon\n|-damage|p1b: Miraidon|70/100\n|\n|t:|1771768978\n|switch|p2b: Calyrex|Calyrex-Shadow, L50, tera:Fairy|91/100|[from] U-turn\n|-ability|p2b: Calyrex|As One\n|-ability|p2b: Calyrex|Unnerve\n|\n|-sideend|p1: Simon0123|move: Tailwind\n|upkeep\n|\n|t:|1771768981\n|switch|p2a: Mewtwo|Mewtwo, L50|100/100\n|-ability|p2a: Mewtwo|Unnerve\n|turn|6\n|inactive|Simon0123 has 30 seconds left.\n|\n|t:|1771769014\n|switch|p1a: Urshifu|Urshifu-Rapid-Strike, L50, M|100/100\n|move|p2a: Mewtwo|Aura Sphere|p1a: Urshifu\n|-damage|p1a: Urshifu|54/100\n|move|p2b: Calyrex|Astral Barrage|p1a: Urshifu|[spread] p1a,p1b\n|-damage|p1a: Urshifu|0 fnt\n|-damage|p1b: Miraidon|6/100\n|faint|p1a: Urshifu\n|-ability|p2b: Calyrex|Grim Neigh|boost\n|-boost|p2b: Calyrex|spa|1\n|-damage|p2b: Calyrex|81/100|[from] item: Life Orb\n|move|p1b: Miraidon|Volt Switch|p2b: Calyrex\n|-damage|p2b: Calyrex|28/100\n|\n|t:|1771769032\n|switch|p1b: Incineroar|Incineroar, L50, M|26/100|[from] Volt Switch\n|-ability|p1b: Incineroar|Intimidate|boost\n|-unboost|p2a: Mewtwo|atk|1\n|-unboost|p2b: Calyrex|atk|1\n|\n|upkeep\n|\n|t:|1771769038\n|switch|p1a: Miraidon|Miraidon, L50, tera:Electric|6/100\n|-fieldstart|move: Electric Terrain|[from] ability: Hadron Engine|[of] p1a: Miraidon\n|turn|7\n|\n|t:|1771769060\n|move|p1b: Incineroar|Fake Out|p2b: Calyrex\n|-damage|p2b: Calyrex|16/100\n|move|p2a: Mewtwo|Aura Sphere|p1a: Miraidon\n|-damage|p1a: Miraidon|0 fnt\n|faint|p1a: Miraidon\n|cant|p2b: Calyrex|flinch\n|\n|upkeep\n|turn|8\n|inactive|Simon0123 has 30 seconds left.\n|c|\u2606Simon0123|Why are u faster with M2?\n|c|\u2606Simon0123|Scarf?\n|inactive|Simon0123 has 20 seconds left.\n|inactive|Simon0123 has 15 seconds left.\n|\n|t:|1771769101\n|move|p2a: Mewtwo|Aura Sphere|p1b: Incineroar\n|-supereffective|p1b: Incineroar\n|-damage|p1b: Incineroar|0 fnt\n|faint|p1b: Incineroar\n|\n|win|xyyyyyz\n|raw|Simon0123's rating: 1075 &rarr; <strong>1056</strong><br />(-19 for losing)\n|raw|xyyyyyz's rating: 1106 &rarr; <strong>1129</strong><br />(+23 for winning)\n|l|\u2606Simon0123\n|player|p1|\n|l|\u2606xyyyyyz\n|player|p2|\n","uploadtime":1771769396,"views":13,"formatid":"gen9vgc2026regi","rating":1056,"private":0,"password":null}