{"id":"gen9vgc2026regi-2573760397","format":"[Gen 9] VGC 2026 Reg I","players":["Rabble!","EllenJoe2026"],"log":"|j|\u2606Rabble!\n|j|\u2606EllenJoe2026\n|t:|1775162555\n|gametype|doubles\n|player|p1|Rabble!|266|1397\n|player|p2|EllenJoe2026|elesa|1541\n|gen|9\n|tier|[Gen 9] VGC 2026 Reg I\n|rated|\n|rule|Species Clause: Limit one of each Pok\u00e9mon\n|rule|Item Clause: Limit 1 of each item\n|clearpoke\n|poke|p1|Terapagos, L50, M|\n|poke|p1|Calyrex-Shadow, L50|\n|poke|p1|Comfey, L50, F|\n|poke|p1|Whimsicott, L50, F|\n|poke|p1|Rillaboom, L50, F|\n|poke|p1|Incineroar, L50, M|\n|poke|p2|Calyrex-Ice, L50|\n|poke|p2|Miraidon, L50|\n|poke|p2|Tornadus, L50, M|\n|poke|p2|Urshifu-*, L50, F|\n|poke|p2|Volcarona, L50, F|\n|poke|p2|Indeedee-F, L50, F|\n|teampreview|4\n|inactive|Battle timer is ON: inactive players will automatically lose when time's up. (requested by EllenJoe2026)\n|inactive|Rabble! has 60 seconds left.\n|\n|t:|1775162591\n|teamsize|p1|4\n|teamsize|p2|4\n|start\n|switch|p1a: Rillaboom|Rillaboom, L50, F|100/100\n|switch|p1b: Calyrex|Calyrex-Shadow, L50|100/100\n|switch|p2a: Miraidon|Miraidon, L50, shiny|100/100\n|switch|p2b: Tornadus|Tornadus, L50, M, shiny|100/100\n|-ability|p1b: Calyrex|As One\n|-ability|p1b: Calyrex|Unnerve\n|-fieldstart|move: Electric Terrain|[from] ability: Hadron Engine|[of] p2a: Miraidon\n|-fieldstart|move: Grassy Terrain|[from] ability: Grassy Surge|[of] p1a: Rillaboom\n|turn|1\n|inactive|Rabble! has 30 seconds left.\n|inactive|EllenJoe2026 has 30 seconds left.\n|inactive|EllenJoe2026 has 20 seconds left.\n|\n|t:|1775162629\n|switch|p2a: Calyrex|Calyrex-Ice, L50|100/100\n|-ability|p2a: Calyrex|As One\n|-ability|p2a: Calyrex|Unnerve\n|move|p2b: Tornadus|Tailwind|p2b: Tornadus\n|-sidestart|p2: EllenJoe2026|move: Tailwind\n|move|p1b: Calyrex|Astral Barrage|p2a: Calyrex|[spread] p2a,p2b\n|-supereffective|p2a: Calyrex\n|-damage|p2a: Calyrex|31/100\n|-damage|p2b: Tornadus|37/100\n|move|p1a: Rillaboom|U-turn|p2a: Calyrex\n|-supereffective|p2a: Calyrex\n|-damage|p2a: Calyrex|0 fnt\n|faint|p2a: Calyrex\n|\n|t:|1775162647\n|switch|p1a: Terapagos|Terapagos, L50, M|100/100|[from] U-turn\n|-activate|p1a: Terapagos|ability: Tera Shift\n|detailschange|p1a: Terapagos|Terapagos-Terastal, L50, M\n|-heal|p1a: Terapagos|100/100|[silent]\n|\n|upkeep\n|\n|t:|1775162656\n|switch|p2a: Urshifu|Urshifu-Rapid-Strike, L50, F|100/100\n|turn|2\n|\n|t:|1775162672\n|move|p2a: Urshifu|U-turn|p1b: Calyrex\n|-damage|p1b: Calyrex|71/100\n|\n|t:|1775162689\n|switch|p2a: Miraidon|Miraidon, L50, shiny|100/100|[from] U-turn\n|-fieldstart|move: Electric Terrain|[from] ability: Hadron Engine|[of] p2a: Miraidon\n|move|p2b: Tornadus|Dark Pulse|p1b: Calyrex\n|-supereffective|p1b: Calyrex\n|-damage|p1b: Calyrex|0 fnt\n|faint|p1b: Calyrex\n|move|p1a: Terapagos|Calm Mind|p1a: Terapagos\n|-boost|p1a: Terapagos|spa|1\n|-boost|p1a: Terapagos|spd|1\n|\n|upkeep\n|\n|t:|1775162700\n|switch|p1b: Rillaboom|Rillaboom, L50, F|100/100\n|-fieldstart|move: Grassy Terrain|[from] ability: Grassy Surge|[of] p1b: Rillaboom\n|turn|3\n|\n|t:|1775162721\n|-terastallize|p2a: Miraidon|Ghost\n|move|p1b: Rillaboom|Fake Out|p2a: Miraidon\n|-immune|p2a: Miraidon\n|move|p2b: Tornadus|Taunt|p1a: Terapagos\n|-start|p1a: Terapagos|move: Taunt\n|move|p2a: Miraidon|Volt Switch|p1a: Terapagos\n|-activate|p1a: Terapagos|ability: Tera Shell\n|-resisted|p1a: Terapagos\n|-damage|p1a: Terapagos|86/100\n|\n|t:|1775162731\n|switch|p2a: Urshifu|Urshifu-Rapid-Strike, L50, F|100/100|[from] Volt Switch\n|cant|p1a: Terapagos|move: Taunt|Calm Mind\n|\n|-heal|p1a: Terapagos|92/100|[from] Grassy Terrain\n|upkeep\n|turn|4\n|\n|t:|1775162751\n|switch|p2b: Miraidon|Miraidon, L50, shiny, tera:Ghost|100/100\n|-fieldstart|move: Electric Terrain|[from] ability: Hadron Engine|[of] p2b: Miraidon\n|-terastallize|p1a: Terapagos|Stellar\n|detailschange|p1a: Terapagos|Terapagos-Stellar, L50, M, tera:Stellar\n|-heal|p1a: Terapagos|94/100|[silent]\n|-ability|p1a: Terapagos|Teraform Zero\n|-fieldend|move: Electric Terrain\n|move|p2a: Urshifu|Close Combat|p1a: Terapagos\n|-supereffective|p1a: Terapagos\n|-damage|p1a: Terapagos|6/100\n|-unboost|p2a: Urshifu|def|1\n|-unboost|p2a: Urshifu|spd|1\n|move|p1b: Rillaboom|U-turn|p2a: Urshifu\n|-resisted|p2a: Urshifu\n|-damage|p2a: Urshifu|79/100\n|\n|t:|1775162766\n|switch|p1b: Comfey|Comfey, L50, F|100/100|[from] U-turn\n|move|p1a: Terapagos|Tera Starstorm|p2a: Urshifu|[spread] p2a,p2b\n|-supereffective|p2b: Miraidon\n|-damage|p2a: Urshifu|0 fnt\n|-damage|p2b: Miraidon|0 fnt\n|faint|p2a: Urshifu\n|faint|p2b: Miraidon\n|\n|-sideend|p2: EllenJoe2026|move: Tailwind\n|upkeep\n|inactive|EllenJoe2026 has 30 seconds left.\n|inactive|EllenJoe2026 has 20 seconds left.\n|inactive|EllenJoe2026 has 15 seconds left.\n|inactive|EllenJoe2026 has 10 seconds left.\n|inactive|EllenJoe2026 has 5 seconds left.\n|\n|t:|1775162821\n|switch|p2a: Tornadus|Tornadus, L50, M, shiny|37/100\n|turn|5\n|inactive|EllenJoe2026 has 30 seconds left.\n|inactive|EllenJoe2026 has 20 seconds left.\n|inactive|EllenJoe2026 has 15 seconds left.\n|inactive|EllenJoe2026 has 10 seconds left.\n|inactive|EllenJoe2026 has 5 seconds left.\n|\n|t:|1775162877\n|move|p1b: Comfey|Floral Healing|p1a: Terapagos\n|-heal|p1a: Terapagos|56/100\n|move|p2a: Tornadus|Dark Pulse|p1b: Comfey\n|-resisted|p1b: Comfey\n|-damage|p1b: Comfey|84/100\n|move|p1a: Terapagos|Tera Starstorm|p2a: Tornadus\n|-damage|p2a: Tornadus|0 fnt\n|faint|p2a: Tornadus\n|\n|win|Rabble!\n|raw|Rabble!'s rating: 1397 &rarr; <strong>1425</strong><br />(+28 for winning)\n|raw|EllenJoe2026's rating: 1535 &rarr; <strong>1507</strong><br />(-28 for losing)\n|l|\u2606Rabble!\n|player|p1|\n|l|\u2606EllenJoe2026\n|player|p2|\n","uploadtime":1775163097,"views":9,"formatid":"gen9vgc2026regi","rating":1425,"private":0,"password":null}