{"id":"gen9vgc2026regi-2532980828","format":"[Gen 9] VGC 2026 Reg I","players":["salmonpepsi","lalo's pollos"],"log":"|j|\u2606salmonpepsi\n|j|\u2606lalo's pollos\n|t:|1770242702\n|gametype|doubles\n|player|p1|salmonpepsi|hiker-gen4|1401\n|player|p2|lalo's pollos|2|1521\n|gen|9\n|tier|[Gen 9] VGC 2026 Reg I\n|rated|\n|rule|Species Clause: Limit one of each Pok\u00e9mon\n|rule|Item Clause: Limit 1 of each item\n|clearpoke\n|poke|p1|Groudon, L50|\n|poke|p1|Miraidon, L50|\n|poke|p1|Tatsugiri, L50, M|\n|poke|p1|Dondozo, L50, F|\n|poke|p1|Sneasler, L50, M|\n|poke|p1|Garganacl, L50, F|\n|poke|p2|Zamazenta-*, L50|\n|poke|p2|Lunala, L50|\n|poke|p2|Rillaboom, L50, F|\n|poke|p2|Incineroar, L50, F|\n|poke|p2|Urshifu-*, L50, F|\n|poke|p2|Tornadus, L50, M|\n|teampreview|4\n|\n|t:|1770242763\n|teamsize|p1|4\n|teamsize|p2|4\n|start\n|switch|p1a: Miraidon|Miraidon, L50, shiny|100/100\n|switch|p1b: Groudon|Groudon, L50, shiny|100/100\n|switch|p2a: Lunala|Lunala, L50|100/100\n|switch|p2b: Tornadus|Tornadus, L50, M|100/100\n|-fieldstart|move: Electric Terrain|[from] ability: Hadron Engine|[of] p1a: Miraidon\n|-weather|SunnyDay|[from] ability: Drought|[of] p1b: Groudon\n|turn|1\n|\n|t:|1770242808\n|move|p2a: Lunala|Protect|p2a: Lunala\n|-singleturn|p2a: Lunala|Protect\n|move|p2b: Tornadus|Tailwind|p2b: Tornadus\n|-sidestart|p2: lalo's pollos|move: Tailwind\n|move|p1a: Miraidon|Discharge|p2b: Tornadus|[spread] p2b\n|-activate|p2a: Lunala|move: Protect\n|-immune|p1b: Groudon\n|-supereffective|p2b: Tornadus\n|-enditem|p2b: Tornadus|Focus Sash\n|-damage|p2b: Tornadus|1/100\n|move|p1b: Groudon|Stone Edge|p2b: Tornadus\n|-supereffective|p2b: Tornadus\n|-damage|p2b: Tornadus|0 fnt\n|faint|p2b: Tornadus\n|\n|-weather|SunnyDay|[upkeep]\n|upkeep\n|\n|t:|1770242817\n|switch|p2b: Rillaboom|Rillaboom, L50, F|100/100\n|-fieldstart|move: Grassy Terrain|[from] ability: Grassy Surge|[of] p2b: Rillaboom\n|turn|2\n|\n|t:|1770242837\n|move|p2b: Rillaboom|Fake Out|p1b: Groudon\n|-damage|p1b: Groudon|92/100\n|move|p2a: Lunala|Calm Mind|p2a: Lunala\n|-boost|p2a: Lunala|spa|1\n|-boost|p2a: Lunala|spd|1\n|move|p1a: Miraidon|Discharge|p2b: Rillaboom|[spread] p2a,p2b\n|-immune|p1b: Groudon\n|-resisted|p2b: Rillaboom\n|-damage|p2a: Lunala|89/100\n|-damage|p2b: Rillaboom|82/100\n|cant|p1b: Groudon|flinch\n|\n|-weather|SunnyDay|[upkeep]\n|-heal|p2a: Lunala|95/100|[from] Grassy Terrain\n|-heal|p2a: Lunala|100/100|[from] item: Leftovers\n|-heal|p2b: Rillaboom|88/100|[from] Grassy Terrain\n|-heal|p1b: Groudon|98/100|[from] Grassy Terrain\n|upkeep\n|turn|3\n|\n|t:|1770242851\n|-terastallize|p2a: Lunala|Fairy\n|move|p2a: Lunala|Moonblast|p1a: Miraidon\n|-supereffective|p1a: Miraidon\n|-damage|p1a: Miraidon|0 fnt\n|faint|p1a: Miraidon\n|move|p2b: Rillaboom|Wood Hammer|p1b: Groudon\n|-supereffective|p1b: Groudon\n|-damage|p1b: Groudon|8/100\n|-damage|p2b: Rillaboom|58/100|[from] Recoil\n|move|p1b: Groudon|Heat Crash|p2b: Rillaboom\n|-supereffective|p2b: Rillaboom\n|-damage|p2b: Rillaboom|0 fnt\n|faint|p2b: Rillaboom\n|\n|-weather|SunnyDay|[upkeep]\n|-heal|p1b: Groudon|14/100|[from] Grassy Terrain\n|upkeep\n|\n|t:|1770242859\n|switch|p1a: Dondozo|Dondozo, L50, F, shiny|100/100\n|switch|p2b: Zamazenta|Zamazenta-Crowned, L50|100/100\n|-ability|p2b: Zamazenta|Dauntless Shield|boost\n|-boost|p2b: Zamazenta|def|1\n|turn|4\n|\n|t:|1770242867\n|switch|p1b: Tatsugiri|Tatsugiri, L50, M, shiny|100/100\n|-activate|p1b: Tatsugiri|ability: Commander|[of] p1a: Dondozo\n|-boost|p1a: Dondozo|atk|2\n|-boost|p1a: Dondozo|spa|2\n|-boost|p1a: Dondozo|spe|2\n|-boost|p1a: Dondozo|def|2\n|-boost|p1a: Dondozo|spd|2\n|move|p2b: Zamazenta|Body Press|p1a: Dondozo\n|-damage|p1a: Dondozo|83/100\n|move|p2a: Lunala|Moongeist Beam|p1a: Dondozo\n|-damage|p1a: Dondozo|52/100\n|move|p1a: Dondozo|Order Up|p2b: Zamazenta\n|-resisted|p2b: Zamazenta\n|-damage|p2b: Zamazenta|86/100\n|-boost|p1a: Dondozo|atk|1\n|\n|-weather|SunnyDay|[upkeep]\n|-heal|p2b: Zamazenta|92/100|[from] Grassy Terrain\n|-heal|p1a: Dondozo|58/100|[from] Grassy Terrain\n|-heal|p1a: Dondozo|65/100|[from] item: Leftovers\n|-sideend|p2: lalo's pollos|move: Tailwind\n|upkeep\n|turn|5\n|\n|t:|1770242894\n|move|p1a: Dondozo|Protect|p1a: Dondozo\n|-singleturn|p1a: Dondozo|Protect\n|move|p2b: Zamazenta|Body Press|p1a: Dondozo\n|-activate|p1a: Dondozo|move: Protect\n|move|p2a: Lunala|Moonblast|p1a: Dondozo\n|-activate|p1a: Dondozo|move: Protect\n|\n|-weather|none\n|-heal|p2b: Zamazenta|98/100|[from] Grassy Terrain\n|-heal|p1a: Dondozo|71/100|[from] Grassy Terrain\n|-heal|p1a: Dondozo|77/100|[from] item: Leftovers\n|upkeep\n|turn|6\n|\n|t:|1770242904\n|move|p2b: Zamazenta|Protect|p2b: Zamazenta\n|-singleturn|p2b: Zamazenta|Protect\n|move|p2a: Lunala|Moongeist Beam|p1a: Dondozo\n|-damage|p1a: Dondozo|43/100\n|move|p1a: Dondozo|Wave Crash|p2b: Zamazenta\n|-activate|p2b: Zamazenta|move: Protect\n|\n|-heal|p2b: Zamazenta|100/100|[from] Grassy Terrain\n|-heal|p1a: Dondozo|49/100|[from] Grassy Terrain\n|-heal|p1a: Dondozo|55/100|[from] item: Leftovers\n|-fieldend|move: Grassy Terrain\n|upkeep\n|turn|7\n|\n|t:|1770242918\n|-terastallize|p1a: Dondozo|Ground\n|move|p2b: Zamazenta|Body Press|p1a: Dondozo\n|-damage|p1a: Dondozo|38/100\n|move|p2a: Lunala|Moonblast|p1a: Dondozo\n|-damage|p1a: Dondozo|16/100\n|move|p1a: Dondozo|Earthquake|p2a: Lunala|[spread] p2a,p2b\n|-miss|p1a: Dondozo|p1b: Tatsugiri\n|-supereffective|p2b: Zamazenta\n|-damage|p2a: Lunala|69/100\n|-damage|p2b: Zamazenta|15/100\n|\n|-heal|p2a: Lunala|75/100|[from] item: Leftovers\n|-heal|p1a: Dondozo|23/100|[from] item: Leftovers\n|upkeep\n|turn|8\n|\n|t:|1770242948\n|move|p1a: Dondozo|Protect|p1a: Dondozo\n|-singleturn|p1a: Dondozo|Protect\n|move|p2b: Zamazenta|Body Press|p1a: Dondozo\n|-activate|p1a: Dondozo|move: Protect\n|move|p2a: Lunala|Moongeist Beam|p1a: Dondozo\n|-activate|p1a: Dondozo|move: Protect\n|\n|-heal|p2a: Lunala|81/100|[from] item: Leftovers\n|-heal|p1a: Dondozo|29/100|[from] item: Leftovers\n|upkeep\n|turn|9\n|inactive|Battle timer is ON: inactive players will automatically lose when time's up. (requested by salmonpepsi)\n|\n|t:|1770242954\n|move|p2b: Zamazenta|Body Press|p1a: Dondozo\n|-damage|p1a: Dondozo|14/100\n|move|p2a: Lunala|Moongeist Beam|p1a: Dondozo\n|-damage|p1a: Dondozo|0 fnt\n|faint|p1a: Dondozo\n|\n|-heal|p2a: Lunala|87/100|[from] item: Leftovers\n|upkeep\n|\n|t:|1770242959\n|switch|p1a: Groudon|Groudon, L50, shiny|14/100\n|-weather|SunnyDay|[from] ability: Drought|[of] p1a: Groudon\n|turn|10\n|\n|t:|1770242969\n|move|p2a: Lunala|Protect|p2a: Lunala\n|-singleturn|p2a: Lunala|Protect\n|move|p2b: Zamazenta|Body Press|p1a: Groudon\n|-damage|p1a: Groudon|0 fnt\n|faint|p1a: Groudon\n|move|p1b: Tatsugiri|Dragon Pulse|p2b: Zamazenta\n|-resisted|p2b: Zamazenta\n|-damage|p2b: Zamazenta|0 fnt\n|faint|p2b: Zamazenta\n|\n|-weather|SunnyDay|[upkeep]\n|-heal|p2a: Lunala|93/100|[from] item: Leftovers\n|upkeep\n|turn|11\n|-message|salmonpepsi forfeited.\n|\n|win|lalo's pollos\n|raw|salmonpepsi's rating: 1401 &rarr; <strong>1388</strong><br />(-13 for losing)\n|raw|lalo&apos;s pollos's rating: 1521 &rarr; <strong>1534</strong><br />(+13 for winning)\n|l|\u2606salmonpepsi\n|player|p1|\n","uploadtime":1770243162,"views":17,"formatid":"gen9vgc2026regi","rating":1388,"private":0,"password":null}