{"id":"gen9vgc2026regi-2518318291","format":"[Gen 9] VGC 2026 Reg I","players":["mgndnr","kojimuranishi"],"log":"|j|\u2606mgndnr\n|j|\u2606kojimuranishi\n|t:|1768369239\n|gametype|doubles\n|player|p1|mgndnr|medium|1200\n|player|p2|kojimuranishi|1|1307\n|gen|9\n|tier|[Gen 9] VGC 2026 Reg I\n|rated|\n|rule|Species Clause: Limit one of each Pok\u00e9mon\n|rule|Item Clause: Limit 1 of each item\n|clearpoke\n|poke|p1|Dialga-Origin, L50|\n|poke|p1|Ursaluna, L50, F|\n|poke|p1|Koraidon, L50|\n|poke|p1|Brute Bonnet, L50|\n|poke|p1|Flutter Mane, L50|\n|poke|p1|Entei, L50|\n|poke|p2|Raging Bolt, L50|\n|poke|p2|Calyrex-Ice, L50|\n|poke|p2|Kyogre, L50|\n|poke|p2|Indeedee-F, L50, F|\n|poke|p2|Ursaluna, L50, F|\n|poke|p2|Urshifu-*, L50, F|\n|teampreview|4\n|inactive|Battle timer is ON: inactive players will automatically lose when time's up. (requested by kojimuranishi)\n|inactive|mgndnr has 60 seconds left.\n|inactive|mgndnr has 30 seconds left.\n|inactive|mgndnr has 20 seconds left.\n|inactive|mgndnr has 15 seconds left.\n|inactive|mgndnr has 10 seconds left.\n|\n|t:|1768369325\n|teamsize|p1|4\n|teamsize|p2|4\n|start\n|switch|p1a: Flutter Mane|Flutter Mane, L50, shiny|100/100\n|switch|p1b: Entei|Entei, L50, shiny|100/100\n|switch|p2a: Calyrex|Calyrex-Ice, L50|100/100\n|switch|p2b: Urshifu|Urshifu-Rapid-Strike, L50, F|100/100\n|-ability|p2a: Calyrex|As One\n|-ability|p2a: Calyrex|Unnerve\n|-enditem|p1a: Flutter Mane|Booster Energy\n|-activate|p1a: Flutter Mane|ability: Protosynthesis|[fromitem]\n|-start|p1a: Flutter Mane|protosynthesisspe\n|turn|1\n|\n|t:|1768369347\n|switch|p1b: Brute Bonnet|Brute Bonnet, L50, shiny|100/100\n|-terastallize|p2a: Calyrex|Fairy\n|move|p1a: Flutter Mane|Shadow Ball|p2a: Calyrex\n|-damage|p2a: Calyrex|79/100\n|-unboost|p2a: Calyrex|spd|1\n|move|p2b: Urshifu|Surging Strikes|p1b: Brute Bonnet\n|-resisted|p1b: Brute Bonnet\n|-crit|p1b: Brute Bonnet\n|-damage|p1b: Brute Bonnet|93/100\n|-resisted|p1b: Brute Bonnet\n|-crit|p1b: Brute Bonnet\n|-damage|p1b: Brute Bonnet|86/100\n|-resisted|p1b: Brute Bonnet\n|-crit|p1b: Brute Bonnet\n|-damage|p1b: Brute Bonnet|79/100\n|-hitcount|p1b: Brute Bonnet|3\n|move|p2a: Calyrex|Trick Room|p2a: Calyrex\n|-fieldstart|move: Trick Room|[of] p2a: Calyrex\n|-enditem|p1b: Brute Bonnet|Room Service\n|-unboost|p1b: Brute Bonnet|spe|1|[from] item: Room Service\n|\n|-heal|p2a: Calyrex|85/100|[from] item: Leftovers\n|upkeep\n|turn|2\n|inactive|mgndnr has 30 seconds left.\n|\n|t:|1768369379\n|switch|p2b: Ursaluna|Ursaluna, L50, F|100/100\n|-end|p1a: Flutter Mane|Protosynthesis|[silent]\n|switch|p1a: Koraidon|Koraidon, L50, shiny|100/100\n|-weather|SunnyDay|[from] ability: Orichalcum Pulse|[of] p1a: Koraidon\n|-activate|p1b: Brute Bonnet|ability: Protosynthesis\n|-start|p1b: Brute Bonnet|protosynthesisatk\n|-activate|p1a: Koraidon|Orichalcum Pulse|[source]\n|move|p1b: Brute Bonnet|Spore|p2a: Calyrex\n|-status|p2a: Calyrex|slp|[from] move: Spore\n|cant|p2a: Calyrex|slp\n|\n|-weather|SunnyDay|[upkeep]\n|-heal|p2a: Calyrex|90/100 slp|[from] item: Leftovers\n|-status|p2b: Ursaluna|brn|[from] item: Flame Orb\n|upkeep\n|turn|3\n|\n|t:|1768369403\n|move|p1b: Brute Bonnet|Seed Bomb|p2b: Ursaluna\n|-supereffective|p2b: Ursaluna\n|-damage|p2b: Ursaluna|29/100 brn\n|cant|p2a: Calyrex|slp\n|move|p2b: Ursaluna|Facade|p1a: Koraidon\n|-damage|p1a: Koraidon|0 fnt\n|faint|p1a: Koraidon\n|\n|-weather|SunnyDay|[upkeep]\n|-heal|p2a: Calyrex|96/100 slp|[from] item: Leftovers\n|-damage|p2b: Ursaluna|23/100 brn|[from] brn\n|upkeep\n|\n|t:|1768369416\n|switch|p1a: Entei|Entei, L50, shiny|100/100\n|turn|4\n|\n|t:|1768369440\n|switch|p2a: Kyogre|Kyogre, L50|100/100\n|-weather|RainDance|[from] ability: Drizzle|[of] p2a: Kyogre\n|-end|p1b: Brute Bonnet|Protosynthesis\n|-terastallize|p1b: Brute Bonnet|Poison\n|move|p2b: Ursaluna|Protect|p2b: Ursaluna\n|-singleturn|p2b: Ursaluna|Protect\n|move|p1a: Entei|Extreme Speed|p2b: Ursaluna\n|-activate|p2b: Ursaluna|move: Protect\n|move|p1b: Brute Bonnet|Seed Bomb|p2a: Kyogre\n|-supereffective|p2a: Kyogre\n|-damage|p2a: Kyogre|21/100\n|\n|-weather|RainDance|[upkeep]\n|-damage|p2b: Ursaluna|17/100 brn|[from] brn\n|upkeep\n|turn|5\n|inactive|mgndnr has 30 seconds left.\n|inactive|kojimuranishi has 30 seconds left.\n|\n|t:|1768369475\n|switch|p2a: Calyrex|Calyrex-Ice, L50, tera:Fairy|96/100 slp\n|-ability|p2a: Calyrex|As One\n|-ability|p2a: Calyrex|Unnerve\n|move|p1a: Entei|Extreme Speed|p2b: Ursaluna\n|-damage|p2b: Ursaluna|0 fnt\n|faint|p2b: Ursaluna\n|move|p1b: Brute Bonnet|Sucker Punch||[still]\n|-fail|p1b: Brute Bonnet\n|\n|-weather|RainDance|[upkeep]\n|-heal|p2a: Calyrex|100/100 slp|[from] item: Leftovers\n|-fieldend|move: Trick Room\n|upkeep\n|\n|t:|1768369489\n|switch|p2b: Urshifu|Urshifu-Rapid-Strike, L50, F|100/100\n|turn|6\n|inactive|mgndnr has 30 seconds left.\n|inactive|mgndnr has 20 seconds left.\n|\n|t:|1768369525\n|move|p1a: Entei|Extreme Speed|p2b: Urshifu\n|-damage|p2b: Urshifu|73/100\n|move|p2b: Urshifu|Surging Strikes|p1b: Brute Bonnet\n|-crit|p1b: Brute Bonnet\n|-damage|p1b: Brute Bonnet|56/100\n|-crit|p1b: Brute Bonnet\n|-damage|p1b: Brute Bonnet|31/100\n|-crit|p1b: Brute Bonnet\n|-damage|p1b: Brute Bonnet|6/100\n|-hitcount|p1b: Brute Bonnet|3\n|-curestatus|p2a: Calyrex|slp|[msg]\n|move|p2a: Calyrex|Glacial Lance|p1b: Brute Bonnet|[spread] p1a,p1b\n|-resisted|p1a: Entei\n|-damage|p1a: Entei|79/100\n|-damage|p1b: Brute Bonnet|0 fnt\n|faint|p1b: Brute Bonnet\n|-end|p1b: Brute Bonnet|Protosynthesis|[silent]\n|-ability|p2a: Calyrex|Chilling Neigh|boost\n|-boost|p2a: Calyrex|atk|1\n|\n|-weather|RainDance|[upkeep]\n|upkeep\n|\n|t:|1768369538\n|switch|p1b: Flutter Mane|Flutter Mane, L50, shiny|100/100\n|turn|7\n|\n|t:|1768369547\n|move|p2b: Urshifu|Detect|p2b: Urshifu\n|-singleturn|p2b: Urshifu|Protect\n|move|p1b: Flutter Mane|Dazzling Gleam|p2b: Urshifu|[spread] p2a\n|-activate|p2b: Urshifu|move: Protect\n|-damage|p2a: Calyrex|83/100\n|move|p1a: Entei|Sacred Fire|p2a: Calyrex\n|-damage|p2a: Calyrex|68/100\n|-status|p2a: Calyrex|brn\n|move|p2a: Calyrex|Glacial Lance|p1a: Entei|[spread] p1a,p1b\n|-resisted|p1a: Entei\n|-damage|p1a: Entei|61/100\n|-damage|p1b: Flutter Mane|30/100\n|\n|-weather|RainDance|[upkeep]\n|-heal|p2a: Calyrex|73/100 brn|[from] item: Leftovers\n|-damage|p2a: Calyrex|68/100 brn|[from] brn\n|upkeep\n|turn|8\n|\n|t:|1768369569\n|move|p1a: Entei|Extreme Speed|p2a: Calyrex\n|-damage|p2a: Calyrex|50/100 brn\n|move|p1b: Flutter Mane|Shadow Ball|p2a: Calyrex\n|-crit|p2a: Calyrex\n|-damage|p2a: Calyrex|17/100 brn\n|-unboost|p2a: Calyrex|spd|1\n|move|p2b: Urshifu|Surging Strikes|p1a: Entei\n|-supereffective|p1a: Entei\n|-crit|p1a: Entei\n|-damage|p1a: Entei|0 fnt\n|faint|p1a: Entei\n|-hitcount|p1: Entei|1\n|move|p2a: Calyrex|Glacial Lance|p1b: Flutter Mane\n|-damage|p1b: Flutter Mane|0 fnt\n|faint|p1b: Flutter Mane\n|-end|p1b: Flutter Mane|Protosynthesis|[silent]\n|\n|win|kojimuranishi\n|raw|mgndnr's rating: 1200 &rarr; <strong>1182</strong><br />(-18 for losing)\n|raw|kojimuranishi's rating: 1307 &rarr; <strong>1321</strong><br />(+14 for winning)\n|l|\u2606mgndnr\n|player|p1|\n|l|\u2606kojimuranishi\n|player|p2|\n|j|\u2606kojimuranishi\n|player|p2|kojimuranishi|1|\n|l|\u2606kojimuranishi\n|player|p2|\n","uploadtime":1768369830,"views":13,"formatid":"gen9vgc2026regi","rating":1182,"private":0,"password":null}