{"id":"gen9vgc2026regi-2551443196","format":"[Gen 9] VGC 2026 Reg I","players":["CHR1SPHX","DudeGaming 25"],"log":"|j|\u2606CHR1SPHX\n|j|\u2606DudeGaming 25\n|t:|1772602471\n|gametype|doubles\n|player|p1|CHR1SPHX|hilbert|1226\n|player|p2|DudeGaming 25|hugh|1313\n|gen|9\n|tier|[Gen 9] VGC 2026 Reg I\n|rated|\n|rule|Species Clause: Limit one of each Pok\u00e9mon\n|rule|Item Clause: Limit 1 of each item\n|clearpoke\n|poke|p1|Lunala, L50|\n|poke|p1|Amoonguss, L50, M|\n|poke|p1|Ursaluna-Bloodmoon, L50, M|\n|poke|p1|Incineroar, L50, M|\n|poke|p1|Koraidon, L50|\n|poke|p1|Flutter Mane, L50|\n|poke|p2|Calyrex-Ice, L50|\n|poke|p2|Kyogre, L50|\n|poke|p2|Ursaluna-Bloodmoon, L50, M|\n|poke|p2|Urshifu-*, L50, M|\n|poke|p2|Indeedee-F, L50, F|\n|poke|p2|Smeargle, L50, F|\n|teampreview|4\n|inactive|Battle timer is ON: inactive players will automatically lose when time's up. (requested by CHR1SPHX)\n|\n|t:|1772602493\n|teamsize|p1|4\n|teamsize|p2|4\n|start\n|switch|p1a: Lunala|Lunala, L50, shiny|100/100\n|switch|p1b: Incineroar|Incineroar, L50, M|100/100\n|switch|p2a: Calyrex|Calyrex-Ice, L50|100/100\n|switch|p2b: Smeargle|Smeargle, L50, F, shiny|100/100\n|-ability|p2a: Calyrex|As One\n|-ability|p2a: Calyrex|Unnerve\n|-ability|p1b: Incineroar|Intimidate|boost\n|-fail|p2a: Calyrex|unboost|[from] item: Clear Amulet|[of] p2a: Calyrex\n|-unboost|p2b: Smeargle|atk|1\n|turn|1\n|\n|t:|1772602516\n|move|p2a: Calyrex|Protect|p2a: Calyrex\n|-singleturn|p2a: Calyrex|Protect\n|move|p1b: Incineroar|Fake Out|p2b: Smeargle\n|-crit|p2b: Smeargle\n|-damage|p2b: Smeargle|50/100\n|cant|p2b: Smeargle|flinch\n|move|p1a: Lunala|Moonblast|p2b: Smeargle\n|-damage|p2b: Smeargle|0 fnt\n|faint|p2b: Smeargle\n|\n|upkeep\n|\n|t:|1772602529\n|switch|p2b: Indeedee|Indeedee-F, L50, F|100/100\n|-fieldstart|move: Psychic Terrain|[from] ability: Psychic Surge|[of] p2b: Indeedee\n|turn|2\n|\n|t:|1772602552\n|move|p1a: Lunala|Wide Guard|p1a: Lunala\n|-singleturn|p1a: Lunala|Wide Guard\n|move|p2b: Indeedee|Follow Me|p2b: Indeedee\n|-singleturn|p2b: Indeedee|move: Follow Me\n|move|p1b: Incineroar|Taunt|p2b: Indeedee\n|-start|p2b: Indeedee|move: Taunt\n|move|p2a: Calyrex|Trick Room|p2a: Calyrex\n|-fieldstart|move: Trick Room|[of] p2a: Calyrex\n|\n|upkeep\n|turn|3\n|\n|t:|1772602570\n|switch|p2b: Kyogre|Kyogre, L50|100/100\n|-weather|RainDance|[from] ability: Drizzle|[of] p2b: Kyogre\n|-terastallize|p2a: Calyrex|Ice\n|move|p1a: Lunala|Wide Guard|p1a: Lunala\n|-singleturn|p1a: Lunala|Wide Guard\n|move|p2a: Calyrex|High Horsepower|p1b: Incineroar\n|-supereffective|p1b: Incineroar\n|-damage|p1b: Incineroar|26/100\n|move|p1b: Incineroar|Knock Off|p2a: Calyrex\n|-damage|p2a: Calyrex|77/100\n|-enditem|p2a: Calyrex|Clear Amulet|[from] move: Knock Off|[of] p1b: Incineroar\n|\n|-weather|RainDance|[upkeep]\n|upkeep\n|turn|4\n|\n|t:|1772602591\n|switch|p1b: Amoonguss|Amoonguss, L50, M, shiny|100/100\n|move|p1a: Lunala|Wide Guard|p1a: Lunala\n|-singleturn|p1a: Lunala|Wide Guard\n|move|p2a: Calyrex|High Horsepower|p1b: Amoonguss\n|-damage|p1b: Amoonguss|67/100\n|-damage|p2a: Calyrex|61/100|[from] item: Rocky Helmet|[of] p1b: Amoonguss\n|move|p2b: Kyogre|Water Spout|p1a: Lunala|[spread] \n|-activate|p1a: Lunala|move: Wide Guard\n|-activate|p1b: Amoonguss|move: Wide Guard\n|\n|-weather|RainDance|[upkeep]\n|upkeep\n|turn|5\n|\n|t:|1772602611\n|-terastallize|p1a: Lunala|Fairy\n|move|p1b: Amoonguss|Spore|p2b: Kyogre\n|-status|p2b: Kyogre|slp|[from] move: Spore\n|move|p2a: Calyrex|High Horsepower|p1b: Amoonguss\n|-damage|p1b: Amoonguss|32/100\n|-damage|p2a: Calyrex|44/100|[from] item: Rocky Helmet|[of] p1b: Amoonguss\n|cant|p2b: Kyogre|slp\n|move|p1a: Lunala|Moonblast|p2a: Calyrex\n|-damage|p2a: Calyrex|8/100\n|\n|-weather|RainDance|[upkeep]\n|upkeep\n|turn|6\n|\n|t:|1772602630\n|move|p2a: Calyrex|Protect|p2a: Calyrex\n|-singleturn|p2a: Calyrex|Protect\n|move|p1b: Amoonguss|Sludge Bomb|p2a: Calyrex\n|-activate|p2a: Calyrex|move: Protect\n|cant|p2b: Kyogre|slp\n|move|p1a: Lunala|Moonblast|p2b: Kyogre\n|-damage|p2b: Kyogre|62/100 slp\n|-unboost|p2b: Kyogre|spa|1\n|\n|-weather|RainDance|[upkeep]\n|-fieldend|move: Trick Room\n|-fieldend|move: Psychic Terrain\n|upkeep\n|turn|7\n|\n|t:|1772602647\n|switch|p1b: Koraidon|Koraidon, L50|100/100\n|-weather|SunnyDay|[from] ability: Orichalcum Pulse|[of] p1b: Koraidon\n|-activate|p1b: Koraidon|Orichalcum Pulse|[source]\n|move|p1a: Lunala|Moonblast|p2a: Calyrex\n|-damage|p2a: Calyrex|0 fnt\n|faint|p2a: Calyrex\n|-curestatus|p2b: Kyogre|slp|[msg]\n|move|p2b: Kyogre|Origin Pulse|p1b: Koraidon|[spread] p1a,p1b\n|-crit|p1a: Lunala\n|-resisted|p1b: Koraidon\n|-damage|p1a: Lunala|84/100\n|-damage|p1b: Koraidon|92/100\n|\n|-weather|SunnyDay|[upkeep]\n|upkeep\n|\n|t:|1772602663\n|switch|p2a: Indeedee|Indeedee-F, L50, F|100/100\n|-fieldstart|move: Psychic Terrain|[from] ability: Psychic Surge|[of] p2a: Indeedee\n|turn|8\n|\n|t:|1772602675\n|move|p2b: Kyogre|Protect|p2b: Kyogre\n|-singleturn|p2b: Kyogre|Protect\n|move|p1b: Koraidon|Close Combat|p2b: Kyogre\n|-activate|p2b: Kyogre|move: Protect\n|move|p1a: Lunala|Moonblast|p2b: Kyogre\n|-activate|p2b: Kyogre|move: Protect\n|move|p2a: Indeedee|Trick Room|p2a: Indeedee\n|-fieldstart|move: Trick Room|[of] p2a: Indeedee\n|\n|-weather|SunnyDay|[upkeep]\n|upkeep\n|turn|9\n|\n|t:|1772602691\n|switch|p1b: Amoonguss|Amoonguss, L50, M, shiny|65/100\n|move|p2a: Indeedee|Helping Hand|p2b: Kyogre\n|-singleturn|p2b: Kyogre|Helping Hand|[of] p2a: Indeedee\n|move|p2b: Kyogre|Thunderbolt|p1b: Amoonguss\n|-resisted|p1b: Amoonguss\n|-damage|p1b: Amoonguss|48/100\n|move|p1a: Lunala|Moonblast|p2b: Kyogre\n|-damage|p2b: Kyogre|24/100\n|-unboost|p2b: Kyogre|spa|1\n|\n|-weather|SunnyDay|[upkeep]\n|upkeep\n|turn|10\n|\n|t:|1772602711\n|move|p2a: Indeedee|Helping Hand|p2b: Kyogre\n|-singleturn|p2b: Kyogre|Helping Hand|[of] p2a: Indeedee\n|move|p1b: Amoonguss|Spore|p2a: Indeedee\n|-activate|p2a: Indeedee|item: Safety Goggles|Spore\n|move|p2b: Kyogre|Origin Pulse|p1b: Amoonguss|[spread] p1b\n|-miss|p2b: Kyogre|p1a: Lunala\n|-resisted|p1b: Amoonguss\n|-damage|p1b: Amoonguss|40/100\n|move|p1a: Lunala|Moonblast|p2b: Kyogre\n|-damage|p2b: Kyogre|0 fnt\n|faint|p2b: Kyogre\n|\n|-weather|SunnyDay|[upkeep]\n|upkeep\n|turn|11\n|-message|DudeGaming 25 forfeited.\n|\n|win|CHR1SPHX\n|raw|CHR1SPHX's rating: 1226 &rarr; <strong>1257</strong><br />(+31 for winning)\n|raw|DudeGaming 25's rating: 1313 &rarr; <strong>1288</strong><br />(-25 for losing)\n|l|\u2606DudeGaming 25\n|player|p2|\n|l|\u2606CHR1SPHX\n|player|p1|\n","uploadtime":1772602851,"views":15,"formatid":"gen9vgc2026regi","rating":1257,"private":0,"password":null}