{"id":"gen9vgc2026regi-2556152451","format":"[Gen 9] VGC 2026 Reg I","players":["Glimme","Galact7adi"],"log":"|j|\u2606Glimme\n|j|\u2606Galact7adi\n|t:|1773172302\n|gametype|doubles\n|player|p1|Glimme|scientist-gen4dp|1447\n|player|p2|Galact7adi|1|1445\n|gen|9\n|tier|[Gen 9] VGC 2026 Reg I\n|rated|\n|rule|Species Clause: Limit one of each Pok\u00e9mon\n|rule|Item Clause: Limit 1 of each item\n|clearpoke\n|poke|p1|Calyrex-Shadow, L50|\n|poke|p1|Koraidon, L50|\n|poke|p1|Weezing-Galar, L50, M|\n|poke|p1|Brute Bonnet, L50|\n|poke|p1|Raging Bolt, L50|\n|poke|p1|Incineroar, L50, M|\n|poke|p2|Brute Bonnet, L50|\n|poke|p2|Lunala, L50|\n|poke|p2|Ursaluna, L50, M|\n|poke|p2|Chi-Yu, L50|\n|poke|p2|Koraidon, L50|\n|poke|p2|Flutter Mane, L50|\n|teampreview|4\n|inactive|Battle timer is ON: inactive players will automatically lose when time's up. (requested by Glimme)\n|inactive|Galact7adi also wants the timer to be on.\n|inactive|Glimme has 60 seconds left.\n|inactive|Galact7adi has 60 seconds left.\n|\n|t:|1773172348\n|teamsize|p1|4\n|teamsize|p2|4\n|start\n|switch|p1a: Koraidon|Koraidon, L50, shiny|100/100\n|switch|p1b: Weezing|Weezing-Galar, L50, M|100/100\n|switch|p2a: Chi-Yu|Chi-Yu, L50|100/100\n|switch|p2b: Flutter Mane|Flutter Mane, L50|100/100\n|-ability|p1b: Weezing|Neutralizing Gas\n|-block|p1a: Koraidon|item: Ability Shield\n|-weather|SunnyDay|[from] ability: Orichalcum Pulse|[of] p1a: Koraidon\n|-activate|p1a: Koraidon|Orichalcum Pulse|[source]\n|turn|1\n|inactive|Galact7adi has 30 seconds left.\n|\n|t:|1773172382\n|-terastallize|p1a: Koraidon|Fire\n|move|p1b: Weezing|Protect|p1b: Weezing\n|-singleturn|p1b: Weezing|Protect\n|move|p2a: Chi-Yu|Overheat|p1b: Weezing\n|-activate|p1b: Weezing|move: Protect\n|move|p2b: Flutter Mane|Icy Wind|p1a: Koraidon|[spread] p1a\n|-activate|p1b: Weezing|move: Protect\n|-resisted|p1a: Koraidon\n|-damage|p1a: Koraidon|94/100\n|-unboost|p1a: Koraidon|spe|1\n|move|p1a: Koraidon|Flame Charge|p2b: Flutter Mane\n|-enditem|p2b: Flutter Mane|Focus Sash\n|-damage|p2b: Flutter Mane|1/100\n|-boost|p1a: Koraidon|spe|1\n|\n|-weather|SunnyDay|[upkeep]\n|upkeep\n|turn|2\n|\n|t:|1773172395\n|-end|p1b: Weezing|ability: Neutralizing Gas\n|-ability|p2a: Chi-Yu|Beads of Ruin\n|-activate|p2b: Flutter Mane|ability: Protosynthesis\n|-start|p2b: Flutter Mane|protosynthesisspe\n|switch|p1b: Raging Bolt|Raging Bolt, L50|100/100\n|-activate|p1b: Raging Bolt|ability: Protosynthesis\n|-start|p1b: Raging Bolt|protosynthesisspa\n|move|p2b: Flutter Mane|Icy Wind|p1a: Koraidon|[spread] p1a,p1b\n|-resisted|p1a: Koraidon\n|-supereffective|p1b: Raging Bolt\n|-damage|p1a: Koraidon|83/100\n|-damage|p1b: Raging Bolt|79/100\n|-unboost|p1a: Koraidon|spe|1\n|-unboost|p1b: Raging Bolt|spe|1\n|move|p2a: Chi-Yu|Overheat|p1b: Raging Bolt\n|-resisted|p1b: Raging Bolt\n|-damage|p1b: Raging Bolt|31/100\n|-unboost|p2a: Chi-Yu|spa|2\n|move|p1a: Koraidon|Flame Charge|p2b: Flutter Mane\n|-damage|p2b: Flutter Mane|0 fnt\n|-boost|p1a: Koraidon|spe|1\n|faint|p2b: Flutter Mane\n|-end|p2b: Flutter Mane|Protosynthesis|[silent]\n|\n|-weather|SunnyDay|[upkeep]\n|upkeep\n|\n|t:|1773172415\n|switch|p2b: Koraidon|Koraidon, L50|100/100\n|-activate|p2b: Koraidon|ability: Orichalcum Pulse\n|turn|3\n|\n|t:|1773172432\n|switch|p2a: Lunala|Lunala, L50|100/100\n|move|p2b: Koraidon|Protect|p2b: Koraidon\n|-singleturn|p2b: Koraidon|Protect\n|move|p1a: Koraidon|Protect|p1a: Koraidon\n|-singleturn|p1a: Koraidon|Protect\n|move|p1b: Raging Bolt|Thunderclap||[still]\n|-fail|p1b: Raging Bolt\n|\n|-weather|SunnyDay|[upkeep]\n|upkeep\n|turn|4\n|\n|t:|1773172444\n|-end|p1b: Raging Bolt|Protosynthesis|[silent]\n|switch|p1b: Weezing|Weezing-Galar, L50, M|100/100\n|-ability|p1b: Weezing|Neutralizing Gas\n|-block|p1a: Koraidon|item: Ability Shield\n|move|p2b: Koraidon|Close Combat|p1b: Weezing\n|-resisted|p1b: Weezing\n|-damage|p1b: Weezing|85/100\n|-unboost|p2b: Koraidon|def|1\n|-unboost|p2b: Koraidon|spd|1\n|-damage|p2b: Koraidon|91/100|[from] item: Life Orb\n|move|p1a: Koraidon|Flare Blitz|p2a: Lunala\n|-damage|p2a: Lunala|8/100\n|-damage|p1a: Koraidon|45/100|[from] Recoil\n|move|p2a: Lunala|Meteor Beam||[still]\n|-prepare|p2a: Lunala|Meteor Beam\n|-boost|p2a: Lunala|spa|1\n|-enditem|p2a: Lunala|Power Herb\n|-anim|p2a: Lunala|Meteor Beam|p1a: Koraidon\n|-supereffective|p1a: Koraidon\n|-damage|p1a: Koraidon|0 fnt\n|faint|p1a: Koraidon\n|\n|-weather|SunnyDay|[upkeep]\n|upkeep\n|\n|t:|1773172466\n|switch|p1a: Raging Bolt|Raging Bolt, L50|31/100\n|turn|5\n|inactive|Galact7adi has 30 seconds left.\n|\n|t:|1773172506\n|switch|p2a: Chi-Yu|Chi-Yu, L50|100/100\n|move|p2b: Koraidon|Protect|p2b: Koraidon\n|-singleturn|p2b: Koraidon|Protect\n|move|p1a: Raging Bolt|Thunderclap||[still]\n|-fail|p1a: Raging Bolt\n|move|p1b: Weezing|Strange Steam|p2b: Koraidon\n|-activate|p2b: Koraidon|move: Protect\n|\n|-weather|none\n|upkeep\n|turn|6\n|\n|t:|1773172520\n|switch|p2b: Lunala|Lunala, L50|8/100\n|move|p1a: Raging Bolt|Thunderclap|p2a: Chi-Yu\n|-damage|p2a: Chi-Yu|54/100\n|move|p2a: Chi-Yu|Dark Pulse|p1a: Raging Bolt\n|-damage|p1a: Raging Bolt|5/100\n|move|p1b: Weezing|Strange Steam|p2a: Chi-Yu\n|-damage|p2a: Chi-Yu|23/100\n|\n|upkeep\n|turn|7\n|\n|t:|1773172536\n|move|p1a: Raging Bolt|Thunderclap|p2b: Lunala\n|-damage|p2b: Lunala|0 fnt\n|faint|p2b: Lunala\n|move|p2a: Chi-Yu|Dark Pulse|p1a: Raging Bolt\n|-damage|p1a: Raging Bolt|0 fnt\n|faint|p1a: Raging Bolt\n|-end|p1a: Raging Bolt|Protosynthesis|[silent]\n|move|p1b: Weezing|Strange Steam|p2a: Chi-Yu\n|-damage|p2a: Chi-Yu|0 fnt\n|faint|p2a: Chi-Yu\n|\n|upkeep\n|\n|t:|1773172543\n|switch|p2b: Koraidon|Koraidon, L50|91/100\n|switch|p1a: Calyrex|Calyrex-Shadow, L50|100/100\n|-ability|p1a: Calyrex|As One\n|-ability|p1a: Calyrex|Unnerve\n|turn|8\n|\n|t:|1773172554\n|move|p1a: Calyrex|Protect|p1a: Calyrex\n|-singleturn|p1a: Calyrex|Protect\n|move|p2b: Koraidon|Protect|p2b: Koraidon\n|-singleturn|p2b: Koraidon|Protect\n|move|p1b: Weezing|Strange Steam|p2b: Koraidon\n|-activate|p2b: Koraidon|move: Protect\n|\n|upkeep\n|turn|9\n|\n|t:|1773172561\n|-terastallize|p2b: Koraidon|Fire\n|move|p1a: Calyrex|Psychic|p2b: Koraidon\n|-damage|p2b: Koraidon|12/100\n|-damage|p1a: Calyrex|91/100|[from] item: Life Orb\n|move|p2b: Koraidon|Flare Blitz|p1a: Calyrex\n|-damage|p1a: Calyrex|0 fnt\n|faint|p1a: Calyrex\n|-damage|p2b: Koraidon|0 fnt|[from] Recoil\n|faint|p2b: Koraidon\n|\n|win|Glimme\n|raw|Glimme's rating: 1447 &rarr; <strong>1467</strong><br />(+20 for winning)\n|raw|Galact7adi's rating: 1445 &rarr; <strong>1425</strong><br />(-20 for losing)\n","uploadtime":1773172561,"views":27,"formatid":"gen9vgc2026regi","rating":1425,"private":0,"password":null}