{"id":"gen9vgc2026regi-2531716492","format":"[Gen 9] VGC 2026 Reg I","players":["lalo's pollos","konkonmatcha"],"log":"|j|\u2606lalo's pollos\n|j|\u2606konkonmatcha\n|t:|1770087833\n|gametype|doubles\n|player|p1|lalo's pollos|2|1369\n|player|p2|konkonmatcha|101|1274\n|gen|9\n|tier|[Gen 9] VGC 2026 Reg I\n|rated|\n|rule|Species Clause: Limit one of each Pok\u00e9mon\n|rule|Item Clause: Limit 1 of each item\n|clearpoke\n|poke|p1|Miraidon, L50|\n|poke|p1|Landorus, L50, M|\n|poke|p1|Incineroar, L50, M|\n|poke|p1|Iron Bundle, L50|\n|poke|p1|Farigiraf, L50, M|\n|poke|p1|Calyrex-Ice, L50|\n|poke|p2|Groudon, L50|\n|poke|p2|Calyrex-Shadow, L50|\n|poke|p2|Sableye, L50, M|\n|poke|p2|Whimsicott, L50, M|\n|poke|p2|Incineroar, L50, M|\n|poke|p2|Raikou, L50|\n|teampreview|4\n|inactive|Battle timer is ON: inactive players will automatically lose when time's up. (requested by lalo's pollos)\n|\n|t:|1770087898\n|teamsize|p1|4\n|teamsize|p2|4\n|start\n|switch|p1a: Incineroar|Incineroar, L50, M|100/100\n|switch|p1b: the Manager|Farigiraf, L50, M|100/100\n|switch|p2a: Incineroar|Incineroar, L50, M|100/100\n|switch|p2b: Raikou|Raikou, L50|100/100\n|-ability|p2a: Incineroar|Intimidate|boost\n|-unboost|p1a: Incineroar|atk|1\n|-unboost|p1b: the Manager|atk|1\n|-ability|p1a: Incineroar|Intimidate|boost\n|-unboost|p2a: Incineroar|atk|1\n|-fail|p2b: Raikou|unboost|Attack|[from] ability: Inner Focus|[of] p2b: Raikou\n|turn|1\n|inactive|konkonmatcha has 30 seconds left.\n|\n|t:|1770087925\n|move|p2b: Raikou|Volt Switch|p1b: the Manager\n|-damage|p1b: the Manager|75/100\n|\n|t:|1770087927\n|switch|p2b: Groudon|Groudon, L50|100/100|[from] Volt Switch\n|-weather|SunnyDay|[from] ability: Drought|[of] p2b: Groudon\n|move|p2a: Incineroar|Taunt|p1b: the Manager\n|-start|p1b: the Manager|move: Taunt\n|-enditem|p1b: the Manager|Mental Herb\n|-end|p1b: the Manager|move: Taunt\n|move|p1a: Incineroar|U-turn|p2a: Incineroar\n|-damage|p2a: Incineroar|87/100\n|\n|t:|1770087935\n|switch|p1a: Calyrex|Calyrex-Ice, L50|100/100|[from] U-turn\n|-ability|p1a: Calyrex|As One\n|-ability|p1a: Calyrex|Unnerve\n|move|p1b: the Manager|Trick Room|p1b: the Manager\n|-fieldstart|move: Trick Room|[of] p1b: the Manager\n|\n|-weather|SunnyDay|[upkeep]\n|upkeep\n|turn|2\n|\n|t:|1770087954\n|switch|p2a: Raikou|Raikou, L50|100/100\n|move|p1b: the Manager|Helping Hand|p1a: Calyrex\n|-singleturn|p1a: Calyrex|Helping Hand|[of] p1b: the Manager\n|move|p2b: Groudon|Protect|p2b: Groudon\n|-singleturn|p2b: Groudon|Protect\n|move|p1a: Calyrex|High Horsepower|p2a: Raikou\n|-supereffective|p2a: Raikou\n|-damage|p2a: Raikou|0 fnt\n|faint|p2a: Raikou\n|-ability|p1a: Calyrex|Chilling Neigh|boost\n|-boost|p1a: Calyrex|atk|1\n|\n|-weather|SunnyDay|[upkeep]\n|upkeep\n|\n|t:|1770087968\n|switch|p2a: Incineroar|Incineroar, L50, M|87/100\n|-ability|p2a: Incineroar|Intimidate|boost\n|-fail|p1a: Calyrex|unboost|[from] item: Clear Amulet|[of] p1a: Calyrex\n|-unboost|p1b: the Manager|atk|1\n|turn|3\n|\n|t:|1770087990\n|-terastallize|p1a: Calyrex|Water\n|move|p1b: the Manager|Helping Hand|p1a: Calyrex\n|-singleturn|p1a: Calyrex|Helping Hand|[of] p1b: the Manager\n|move|p1a: Calyrex|High Horsepower|p2a: Incineroar\n|-supereffective|p2a: Incineroar\n|-damage|p2a: Incineroar|0 fnt\n|faint|p2a: Incineroar\n|-ability|p1a: Calyrex|Chilling Neigh|boost\n|-boost|p1a: Calyrex|atk|1\n|move|p2b: Groudon|Precipice Blades|p1b: the Manager|[spread] p1a,p1b\n|-damage|p1a: Calyrex|70/100\n|-damage|p1b: the Manager|20/100\n|\n|-weather|SunnyDay|[upkeep]\n|upkeep\n|\n|t:|1770088002\n|switch|p2a: Calyrex|Calyrex-Shadow, L50|100/100\n|-ability|p2a: Calyrex|As One\n|-ability|p2a: Calyrex|Unnerve\n|turn|4\n|inactive|konkonmatcha has 30 seconds left.\n|inactive|konkonmatcha has 20 seconds left.\n|\n|t:|1770088040\n|move|p2b: Groudon|Protect|p2b: Groudon\n|-singleturn|p2b: Groudon|Protect\n|move|p1a: Calyrex|High Horsepower|p2b: Groudon\n|-activate|p2b: Groudon|move: Protect\n|move|p1b: the Manager|Psychic|p2b: Groudon\n|-activate|p2b: Groudon|move: Protect\n|move|p2a: Calyrex|Tera Blast|p1b: the Manager\n|-damage|p1b: the Manager|0 fnt\n|faint|p1b: the Manager\n|-ability|p2a: Calyrex|Grim Neigh|boost\n|-boost|p2a: Calyrex|spa|1\n|\n|-weather|SunnyDay|[upkeep]\n|upkeep\n|\n|t:|1770088050\n|switch|p1b: Incineroar|Incineroar, L50, M|100/100\n|-ability|p1b: Incineroar|Intimidate|boost\n|-unboost|p2a: Calyrex|atk|1\n|-fail|p2b: Groudon|unboost|[from] item: Clear Amulet|[of] p2b: Groudon\n|turn|5\n|\n|t:|1770088061\n|move|p2b: Groudon|Protect||[still]\n|-fail|p2b: Groudon\n|move|p2a: Calyrex|Protect|p2a: Calyrex\n|-singleturn|p2a: Calyrex|Protect\n|move|p1a: Calyrex|Glacial Lance|p2a: Calyrex|[spread] p2b\n|-activate|p2a: Calyrex|move: Protect\n|-supereffective|p2b: Groudon\n|-damage|p2b: Groudon|0 fnt\n|faint|p2b: Groudon\n|-ability|p1a: Calyrex|Chilling Neigh|boost\n|-boost|p1a: Calyrex|atk|1\n|move|p1b: Incineroar|Knock Off|p2a: Calyrex\n|-activate|p2a: Calyrex|move: Protect\n|\n|-weather|none\n|-fieldend|move: Trick Room\n|upkeep\n|turn|6\n|inactive|konkonmatcha has 30 seconds left.\n|\n|t:|1770088087\n|-terastallize|p2a: Calyrex|Fighting\n|move|p2a: Calyrex|Tera Blast|p1b: Incineroar|[anim] Tera Blast Fighting\n|-supereffective|p1b: Incineroar\n|-damage|p1b: Incineroar|11/100\n|move|p1b: Incineroar|Flare Blitz|p2a: Calyrex\n|-damage|p2a: Calyrex|42/100\n|-damage|p1b: Incineroar|0 fnt|[from] Recoil\n|faint|p1b: Incineroar\n|move|p1a: Calyrex|Trick Room|p1a: Calyrex\n|-fieldstart|move: Trick Room|[of] p1a: Calyrex\n|\n|upkeep\n|\n|t:|1770088094\n|switch|p1b: Landorus|Landorus, L50, M|100/100\n|turn|7\n|\n|t:|1770088099\n|move|p2a: Calyrex|Protect|p2a: Calyrex\n|-singleturn|p2a: Calyrex|Protect\n|move|p1a: Calyrex|Glacial Lance|p2a: Calyrex\n|-activate|p2a: Calyrex|move: Protect\n|move|p1b: Landorus|Earth Power|p2a: Calyrex\n|-activate|p2a: Calyrex|move: Protect\n|\n|upkeep\n|turn|8\n|\n|t:|1770088106\n|move|p2a: Calyrex|Protect|p2a: Calyrex\n|-singleturn|p2a: Calyrex|Protect\n|move|p1a: Calyrex|Glacial Lance|p2a: Calyrex\n|-activate|p2a: Calyrex|move: Protect\n|move|p1b: Landorus|Earth Power|p2a: Calyrex\n|-activate|p2a: Calyrex|move: Protect\n|\n|upkeep\n|turn|9\n|\n|t:|1770088114\n|move|p2a: Calyrex|Protect||[still]\n|-fail|p2a: Calyrex\n|move|p1a: Calyrex|Glacial Lance|p2a: Calyrex\n|-crit|p2a: Calyrex\n|-damage|p2a: Calyrex|0 fnt\n|faint|p2a: Calyrex\n|\n|win|lalo's pollos\n|raw|lalo&apos;s pollos's rating: 1369 &rarr; <strong>1384</strong><br />(+15 for winning)\n|raw|konkonmatcha's rating: 1274 &rarr; <strong>1256</strong><br />(-18 for losing)\n|c|\u2606konkonmatcha|gg\n|c|\u2606lalo's pollos|gg\n|l|\u2606konkonmatcha\n|player|p2|\n|l|\u2606lalo's pollos\n|player|p1|\n","uploadtime":1770088380,"views":21,"formatid":"gen9vgc2026regi","rating":1256,"private":0,"password":null}