{"id":"gen9vgc2026regi-2567913583","format":"[Gen 9] VGC 2026 Reg I","players":["clefci","sheeshshane925"],"log":"|j|\u2606clefci\n|j|\u2606sheeshshane925\n|t:|1774533100\n|gametype|doubles\n|player|p1|clefci|101|1541\n|player|p2|sheeshshane925|chuck|1598\n|gen|9\n|tier|[Gen 9] VGC 2026 Reg I\n|rated|\n|rule|Species Clause: Limit one of each Pok\u00e9mon\n|rule|Item Clause: Limit 1 of each item\n|clearpoke\n|poke|p1|Groudon, L50|\n|poke|p1|Lunala, L50|\n|poke|p1|Flutter Mane, L50|\n|poke|p1|Gouging Fire, L50|\n|poke|p1|Jumpluff, L50, M|\n|poke|p1|Raging Bolt, L50|\n|poke|p2|Calyrex-Ice, L50|\n|poke|p2|Miraidon, L50|\n|poke|p2|Farigiraf, L50, M|\n|poke|p2|Iron Hands, L50|\n|poke|p2|Scraggy, L50, M|\n|poke|p2|Iron Bundle, L50|\n|teampreview|4\n|inactive|Battle timer is ON: inactive players will automatically lose when time's up. (requested by clefci)\n|\n|t:|1774533121\n|teamsize|p1|4\n|teamsize|p2|4\n|start\n|switch|p1a: Groudon|Groudon, L50|100/100\n|switch|p1b: Lunala|Lunala, L50|100/100\n|switch|p2a: Miraidon|Miraidon, L50, shiny|100/100\n|switch|p2b: Farigiraf|Farigiraf, L50, M, shiny|100/100\n|-fieldstart|move: Electric Terrain|[from] ability: Hadron Engine|[of] p2a: Miraidon\n|-enditem|p2b: Farigiraf|Electric Seed\n|-boost|p2b: Farigiraf|def|1|[from] item: Electric Seed\n|-weather|SunnyDay|[from] ability: Drought|[of] p1a: Groudon\n|turn|1\n|\n|t:|1774533138\n|move|p2a: Miraidon|Electro Drift|p1b: Lunala\n|-damage|p1b: Lunala|52/100\n|-damage|p2a: Miraidon|91/100|[from] item: Life Orb\n|move|p1a: Groudon|Precipice Blades|p2a: Miraidon|[spread] p2a\n|-miss|p1a: Groudon|p2b: Farigiraf\n|-supereffective|p2a: Miraidon\n|-damage|p2a: Miraidon|9/100\n|move|p1b: Lunala|Heat Wave|p2b: Farigiraf|[spread] p2a,p2b\n|-resisted|p2a: Miraidon\n|-damage|p2a: Miraidon|0 fnt\n|-damage|p2b: Farigiraf|39/100\n|faint|p2a: Miraidon\n|move|p2b: Farigiraf|Foul Play|p1b: Lunala\n|-supereffective|p1b: Lunala\n|-damage|p1b: Lunala|0 fnt\n|faint|p1b: Lunala\n|\n|-weather|SunnyDay|[upkeep]\n|upkeep\n|\n|t:|1774533154\n|switch|p2a: Calyrex|Calyrex-Ice, L50|100/100\n|switch|p1b: Gouging Fire|Gouging Fire, L50|100/100\n|-ability|p2a: Calyrex|As One\n|-ability|p2a: Calyrex|Unnerve\n|-activate|p1b: Gouging Fire|ability: Protosynthesis\n|-start|p1b: Gouging Fire|protosynthesisspe\n|turn|2\n|\n|t:|1774533171\n|switch|p2b: Scraggy|Scraggy, L50, M|100/100\n|-ability|p2b: Scraggy|Intimidate|boost\n|-unboost|p1a: Groudon|atk|1\n|-unboost|p1b: Gouging Fire|atk|1\n|move|p2a: Calyrex|Protect|p2a: Calyrex\n|-singleturn|p2a: Calyrex|Protect\n|move|p1b: Gouging Fire|Flare Blitz|p2b: Scraggy\n|-damage|p2b: Scraggy|43/100\n|-status|p2b: Scraggy|brn\n|-damage|p1b: Gouging Fire|88/100|[from] Recoil\n|move|p1a: Groudon|Will-O-Wisp|p2a: Calyrex\n|-activate|p2a: Calyrex|move: Protect\n|\n|-weather|SunnyDay|[upkeep]\n|-damage|p2b: Scraggy|37/100 brn|[from] brn\n|upkeep\n|turn|3\n|\n|t:|1774533194\n|switch|p2b: Farigiraf|Farigiraf, L50, M, shiny|39/100\n|-terastallize|p2a: Calyrex|Fire\n|move|p1b: Gouging Fire|Flare Blitz|p2b: Farigiraf\n|-damage|p2b: Farigiraf|0 fnt\n|faint|p2b: Farigiraf\n|-damage|p1b: Gouging Fire|73/100|[from] Recoil\n|move|p1a: Groudon|Will-O-Wisp|p2a: Calyrex\n|-immune|p2a: Calyrex\n|move|p2a: Calyrex|Trick Room|p2a: Calyrex\n|-fieldstart|move: Trick Room|[of] p2a: Calyrex\n|\n|-weather|SunnyDay|[upkeep]\n|upkeep\n|\n|t:|1774533198\n|switch|p2b: Scraggy|Scraggy, L50, M|37/100 brn\n|-ability|p2b: Scraggy|Intimidate|boost\n|-unboost|p1a: Groudon|atk|1\n|-unboost|p1b: Gouging Fire|atk|1\n|turn|4\n|\n|t:|1774533217\n|switch|p1a: Flutter Mane|Flutter Mane, L50|100/100\n|-activate|p1a: Flutter Mane|ability: Protosynthesis\n|-start|p1a: Flutter Mane|protosynthesisspe\n|move|p2b: Scraggy|Coaching|p2a: Calyrex\n|-boost|p2a: Calyrex|atk|1\n|-boost|p2a: Calyrex|def|1\n|move|p2a: Calyrex|Glacial Lance|p1b: Gouging Fire|[spread] p1a,p1b\n|-crit|p1a: Flutter Mane\n|-damage|p1a: Flutter Mane|0 fnt\n|-damage|p1b: Gouging Fire|8/100\n|faint|p1a: Flutter Mane\n|-end|p1a: Flutter Mane|Protosynthesis|[silent]\n|-ability|p2a: Calyrex|Chilling Neigh|boost\n|-boost|p2a: Calyrex|atk|1\n|move|p1b: Gouging Fire|Flare Blitz|p2b: Scraggy\n|-damage|p2b: Scraggy|0 fnt\n|faint|p2b: Scraggy\n|-damage|p1b: Gouging Fire|0 fnt|[from] Recoil\n|faint|p1b: Gouging Fire\n|-end|p1b: Gouging Fire|Protosynthesis|[silent]\n|\n|-weather|SunnyDay|[upkeep]\n|upkeep\n|\n|t:|1774533233\n|switch|p1a: Groudon|Groudon, L50|100/100\n|turn|5\n|\n|t:|1774533240\n|-terastallize|p1a: Groudon|Water\n|move|p2a: Calyrex|Glacial Lance|p1a: Groudon\n|-resisted|p1a: Groudon\n|-damage|p1a: Groudon|51/100\n|move|p1a: Groudon|Precipice Blades|p2a: Calyrex\n|-supereffective|p2a: Calyrex\n|-damage|p2a: Calyrex|45/100\n|\n|-weather|none\n|-fieldend|move: Electric Terrain\n|upkeep\n|turn|6\n|\n|t:|1774533250\n|move|p2a: Calyrex|High Horsepower|p1a: Groudon\n|-damage|p1a: Groudon|0 fnt\n|faint|p1a: Groudon\n|\n|win|sheeshshane925\n|raw|clefci's rating: 1541 &rarr; <strong>1524</strong><br />(-17 for losing)\n|raw|sheeshshane925's rating: 1598 &rarr; <strong>1615</strong><br />(+17 for winning)\n|l|\u2606clefci\n|player|p1|\n","uploadtime":1774533268,"views":25,"formatid":"gen9vgc2026regi","rating":1524,"private":0,"password":null}