{"id":"gen9vgc2026regi-2567459667","format":"[Gen 9] VGC 2026 Reg I","players":["GzRekt","ArisHazard"],"log":"|j|\u2606GzRekt\n|j|\u2606ArisHazard\n|t:|1774478021\n|gametype|doubles\n|player|p1|GzRekt|fisherman-gen4|1411\n|player|p2|ArisHazard|101|1370\n|gen|9\n|tier|[Gen 9] VGC 2026 Reg I\n|rated|\n|rule|Species Clause: Limit one of each Pok\u00e9mon\n|rule|Item Clause: Limit 1 of each item\n|clearpoke\n|poke|p1|Koraidon, L50|\n|poke|p1|Calyrex-Ice, L50|\n|poke|p1|Incineroar, L50, F|\n|poke|p1|Brute Bonnet, L50|\n|poke|p1|Scream Tail, L50|\n|poke|p1|Gothitelle, L50, M|\n|poke|p2|Calyrex-Ice, L50|\n|poke|p2|Hitmontop, L50, M|\n|poke|p2|Miraidon, L50|\n|poke|p2|Sableye, L50, M|\n|poke|p2|Ting-Lu, L50|\n|poke|p2|Volcarona, L50, M|\n|teampreview|4\n|inactive|Battle timer is ON: inactive players will automatically lose when time's up. (requested by GzRekt)\n|\n|t:|1774478049\n|teamsize|p1|4\n|teamsize|p2|4\n|start\n|switch|p1a: Gothitelle|Gothitelle, L50, M|100/100\n|switch|p1b: Scream Tail|Scream Tail, L50|100/100\n|switch|p2a: Miraidon|Miraidon, L50|100/100\n|switch|p2b: Sableye|Sableye, L50, M|100/100\n|-fieldstart|move: Electric Terrain|[from] ability: Hadron Engine|[of] p2a: Miraidon\n|-enditem|p1b: Scream Tail|Booster Energy\n|-activate|p1b: Scream Tail|ability: Protosynthesis|[fromitem]\n|-start|p1b: Scream Tail|protosynthesisspe\n|turn|1\n|inactive|GzRekt has 30 seconds left.\n|\n|t:|1774478080\n|move|p2b: Sableye|Protect|p2b: Sableye\n|-singleturn|p2b: Sableye|Protect\n|move|p1b: Scream Tail|Protect|p1b: Scream Tail\n|-singleturn|p1b: Scream Tail|Protect\n|move|p1a: Gothitelle|Protect|p1a: Gothitelle\n|-singleturn|p1a: Gothitelle|Protect\n|move|p2a: Miraidon|Electro Drift|p1a: Gothitelle\n|-activate|p1a: Gothitelle|move: Protect\n|\n|upkeep\n|turn|2\n|\n|t:|1774478106\n|-terastallize|p1b: Scream Tail|Dark\n|move|p2b: Sableye|Encore|p1a: Gothitelle\n|-start|p1a: Gothitelle|Encore\n|move|p1b: Scream Tail|Disable|p2a: Miraidon\n|-start|p2a: Miraidon|Disable|Electro Drift\n|move|p2a: Miraidon|Snarl|p1b: Scream Tail|[spread] p1a,p1b\n|-supereffective|p1a: Gothitelle\n|-resisted|p1b: Scream Tail\n|-damage|p1a: Gothitelle|64/100\n|-damage|p1b: Scream Tail|93/100\n|-unboost|p1a: Gothitelle|spa|1\n|-unboost|p1b: Scream Tail|spa|1\n|move|p1a: Gothitelle|Protect||[still]\n|-fail|p1a: Gothitelle\n|\n|-heal|p1a: Gothitelle|71/100|[from] item: Leftovers\n|upkeep\n|turn|3\n|inactive|ArisHazard has 30 seconds left.\n|inactive|ArisHazard has 20 seconds left.\n|inactive|GzRekt has 30 seconds left.\n|\n|t:|1774478151\n|move|p1a: Gothitelle|Protect|p1a: Gothitelle\n|-singleturn|p1a: Gothitelle|Protect\n|move|p2b: Sableye|Encore|p1b: Scream Tail\n|-hint|Since gen 7, Dark is immune to Prankster moves.\n|-immune|p1b: Scream Tail\n|move|p1b: Scream Tail|Perish Song|p1b: Scream Tail\n|-start|p1a: Gothitelle|perish3|[silent]\n|-start|p1b: Scream Tail|perish3|[silent]\n|-start|p2a: Miraidon|perish3|[silent]\n|-start|p2b: Sableye|perish3|[silent]\n|-fieldactivate|move: Perish Song\n|move|p2a: Miraidon|Draco Meteor|p1b: Scream Tail\n|-damage|p1b: Scream Tail|26/100\n|-unboost|p2a: Miraidon|spa|2\n|\n|-heal|p1a: Gothitelle|77/100|[from] item: Leftovers\n|-start|p1b: Scream Tail|perish3\n|-start|p2a: Miraidon|perish3\n|-start|p1a: Gothitelle|perish3\n|-start|p2b: Sableye|perish3\n|upkeep\n|turn|4\n|\n|t:|1774478175\n|-end|p1b: Scream Tail|Protosynthesis|[silent]\n|switch|p1b: Incineroar|Incineroar, L50, F|100/100\n|-ability|p1b: Incineroar|Intimidate|boost\n|-unboost|p2a: Miraidon|atk|1\n|-unboost|p2b: Sableye|atk|1\n|move|p1a: Gothitelle|Protect||[still]\n|-fail|p1a: Gothitelle\n|move|p2a: Miraidon|Snarl|p1a: Gothitelle|[spread] p1a,p1b\n|-supereffective|p1a: Gothitelle\n|-resisted|p1b: Incineroar\n|-damage|p1a: Gothitelle|60/100\n|-damage|p1b: Incineroar|96/100\n|-unboost|p1a: Gothitelle|spa|1\n|-unboost|p1b: Incineroar|spa|1\n|move|p2b: Sableye|Foul Play|p1a: Gothitelle\n|-supereffective|p1a: Gothitelle\n|-damage|p1a: Gothitelle|25/100\n|\n|-heal|p1a: Gothitelle|31/100|[from] item: Leftovers\n|-end|p1a: Gothitelle|Encore\n|-start|p2a: Miraidon|perish2\n|-start|p1a: Gothitelle|perish2\n|-start|p2b: Sableye|perish2\n|upkeep\n|turn|5\n|\n|t:|1774478198\n|switch|p1a: Brute Bonnet|Brute Bonnet, L50|100/100\n|move|p2b: Sableye|Encore|p1a: Brute Bonnet\n|-hint|Since gen 7, Dark is immune to Prankster moves.\n|-immune|p1a: Brute Bonnet\n|move|p2a: Miraidon|Volt Switch|p1b: Incineroar\n|-damage|p1b: Incineroar|61/100\n|\n|t:|1774478206\n|switch|p2a: Volcarona|Volcarona, L50, M|100/100|[from] Volt Switch\n|move|p1b: Incineroar|Parting Shot|p2a: Volcarona\n|-unboost|p2a: Volcarona|atk|1\n|-unboost|p2a: Volcarona|spa|1\n|\n|t:|1774478212\n|switch|p1b: Scream Tail|Scream Tail, L50, tera:Dark|26/100|[from] Parting Shot\n|\n|-start|p2b: Sableye|perish1\n|-fieldend|move: Electric Terrain\n|upkeep\n|turn|6\n|inactive|GzRekt has 30 seconds left.\n|\n|t:|1774478243\n|switch|p2b: Miraidon|Miraidon, L50|100/100\n|-fieldstart|move: Electric Terrain|[from] ability: Hadron Engine|[of] p2b: Miraidon\n|-end|p1a: Brute Bonnet|Protosynthesis|[silent]\n|switch|p1a: Gothitelle|Gothitelle, L50, M|31/100\n|move|p1b: Scream Tail|Perish Song|p1b: Scream Tail\n|-start|p1a: Gothitelle|perish3|[silent]\n|-start|p1b: Scream Tail|perish3|[silent]\n|-start|p2a: Volcarona|perish3|[silent]\n|-start|p2b: Miraidon|perish3|[silent]\n|-fieldactivate|move: Perish Song\n|move|p2a: Volcarona|Struggle Bug|p1a: Gothitelle|[spread] p1a,p1b\n|-supereffective|p1a: Gothitelle\n|-supereffective|p1b: Scream Tail\n|-damage|p1a: Gothitelle|13/100\n|-damage|p1b: Scream Tail|12/100\n|-unboost|p1a: Gothitelle|spa|1\n|-unboost|p1b: Scream Tail|spa|1\n|\n|-heal|p1a: Gothitelle|19/100|[from] item: Leftovers\n|-start|p1b: Scream Tail|perish3\n|-start|p2b: Miraidon|perish3\n|-start|p2a: Volcarona|perish3\n|-start|p1a: Gothitelle|perish3\n|upkeep\n|turn|7\n|\n|t:|1774478267\n|move|p1a: Gothitelle|Fake Out|p2b: Miraidon\n|-damage|p2b: Miraidon|95/100\n|move|p1b: Scream Tail|Disable|p2a: Volcarona\n|-start|p2a: Volcarona|Disable|Struggle Bug\n|cant|p2b: Miraidon|flinch\n|cant|p2a: Volcarona|Disable|Struggle Bug\n|\n|-heal|p1a: Gothitelle|25/100|[from] item: Leftovers\n|-start|p1b: Scream Tail|perish2\n|-start|p2b: Miraidon|perish2\n|-start|p2a: Volcarona|perish2\n|-start|p1a: Gothitelle|perish2\n|upkeep\n|turn|8\n|inactive|GzRekt has 30 seconds left.\n|\n|t:|1774478295\n|move|p1a: Gothitelle|Protect|p1a: Gothitelle\n|-singleturn|p1a: Gothitelle|Protect\n|move|p1b: Scream Tail|Encore|p2a: Volcarona\n|-start|p2a: Volcarona|Encore\n|move|p2b: Miraidon|Electro Drift|p1a: Gothitelle\n|-activate|p1a: Gothitelle|move: Protect\n|cant|p2a: Volcarona|Disable|Struggle Bug\n|\n|-heal|p1a: Gothitelle|32/100|[from] item: Leftovers\n|-start|p1b: Scream Tail|perish1\n|-start|p2b: Miraidon|perish1\n|-start|p2a: Volcarona|perish1\n|-start|p1a: Gothitelle|perish1\n|upkeep\n|turn|9\n|inactive|GzRekt has 30 seconds left.\n|\n|t:|1774478321\n|-end|p1b: Scream Tail|Protosynthesis|[silent]\n|switch|p1b: Brute Bonnet|Brute Bonnet, L50|100/100\n|switch|p1a: Incineroar|Incineroar, L50, F|61/100\n|-ability|p1a: Incineroar|Intimidate|boost\n|-unboost|p2a: Volcarona|atk|1\n|-unboost|p2b: Miraidon|atk|1\n|move|p2b: Miraidon|Volt Switch|p1a: Incineroar\n|-damage|p1a: Incineroar|0 fnt\n|faint|p1a: Incineroar\n|\n|t:|1774478332\n|switch|p2b: Sableye|Sableye, L50, M|100/100|[from] Volt Switch\n|-activate|p2a: Volcarona|move: Struggle\n|move|p2a: Volcarona|Struggle|p1b: Brute Bonnet\n|-damage|p1b: Brute Bonnet|98/100\n|-damage|p2a: Volcarona|75/100|[from] recoil\n|\n|-start|p2a: Volcarona|perish0\n|faint|p2a: Volcarona\n|upkeep\n|\n|t:|1774478342\n|switch|p2a: Miraidon|Miraidon, L50|95/100\n|switch|p1a: Scream Tail|Scream Tail, L50, tera:Dark|12/100\n|-activate|p2a: Miraidon|ability: Hadron Engine\n|turn|10\n|\n|t:|1774478356\n|move|p1b: Brute Bonnet|Rage Powder|p1b: Brute Bonnet\n|-singleturn|p1b: Brute Bonnet|move: Rage Powder\n|move|p1a: Scream Tail|Perish Song|p1a: Scream Tail\n|-start|p1a: Scream Tail|perish3|[silent]\n|-start|p1b: Brute Bonnet|perish3|[silent]\n|-start|p2a: Miraidon|perish3|[silent]\n|-start|p2b: Sableye|perish3|[silent]\n|-fieldactivate|move: Perish Song\n|move|p2a: Miraidon|Volt Switch|p1b: Brute Bonnet\n|-resisted|p1b: Brute Bonnet\n|-damage|p1b: Brute Bonnet|70/100\n|\n|t:|1774478363\n|switch|p2a: Calyrex|Calyrex-Ice, L50|100/100|[from] Volt Switch\n|-ability|p2a: Calyrex|As One\n|-ability|p2a: Calyrex|Unnerve\n|move|p2b: Sableye|Foul Play|p1b: Brute Bonnet\n|-resisted|p1b: Brute Bonnet\n|-damage|p1b: Brute Bonnet|57/100\n|\n|-start|p1a: Scream Tail|perish3\n|-start|p2b: Sableye|perish3\n|-start|p1b: Brute Bonnet|perish3\n|-fieldend|move: Electric Terrain\n|upkeep\n|turn|11\n|\n|t:|1774478383\n|switch|p2a: Miraidon|Miraidon, L50|95/100\n|-fieldstart|move: Electric Terrain|[from] ability: Hadron Engine|[of] p2a: Miraidon\n|move|p2b: Sableye|Encore|p1a: Scream Tail\n|-hint|Since gen 7, Dark is immune to Prankster moves.\n|-immune|p1a: Scream Tail\n|move|p1a: Scream Tail|Perish Song|p1a: Scream Tail\n|-start|p2a: Miraidon|perish3|[silent]\n|-fieldactivate|move: Perish Song\n|move|p1b: Brute Bonnet|Spore|p2a: Miraidon\n|-activate|p2a: Miraidon|move: Electric Terrain\n|\n|-start|p1a: Scream Tail|perish2\n|-start|p2a: Miraidon|perish3\n|-start|p2b: Sableye|perish2\n|-start|p1b: Brute Bonnet|perish2\n|upkeep\n|turn|12\n|\n|t:|1774478405\n|move|p1a: Scream Tail|Protect|p1a: Scream Tail\n|-singleturn|p1a: Scream Tail|Protect\n|move|p1b: Brute Bonnet|Protect|p1b: Brute Bonnet\n|-singleturn|p1b: Brute Bonnet|Protect\n|move|p2a: Miraidon|Volt Switch|p1a: Scream Tail\n|-activate|p1a: Scream Tail|move: Protect\n|move|p2b: Sableye|Foul Play|p1b: Brute Bonnet\n|-activate|p1b: Brute Bonnet|move: Protect\n|\n|-start|p1a: Scream Tail|perish1\n|-start|p2a: Miraidon|perish2\n|-start|p2b: Sableye|perish1\n|-start|p1b: Brute Bonnet|perish1\n|upkeep\n|turn|13\n|j| KaiMVGC\n|inactive|GzRekt has 30 seconds left.\n|inactive|ArisHazard has 30 seconds left.\n|\n|t:|1774478437\n|-end|p1b: Brute Bonnet|Protosynthesis|[silent]\n|switch|p1b: Gothitelle|Gothitelle, L50, M|32/100\n|move|p1a: Scream Tail|Disable|p2a: Miraidon\n|-start|p2a: Miraidon|Disable|Volt Switch\n|move|p2a: Miraidon|Electro Drift|p1a: Scream Tail\n|-damage|p1a: Scream Tail|0 fnt\n|faint|p1a: Scream Tail\n|-end|p1a: Scream Tail|Protosynthesis|[silent]\n|move|p2b: Sableye|Foul Play|p1b: Gothitelle\n|-supereffective|p1b: Gothitelle\n|-damage|p1b: Gothitelle|0 fnt\n|faint|p1b: Gothitelle\n|\n|-start|p2a: Miraidon|perish1\n|-start|p2b: Sableye|perish0\n|faint|p2b: Sableye\n|upkeep\n|c|\u2606ArisHazard|Gg\n|\n|t:|1774478457\n|switch|p1b: Brute Bonnet|Brute Bonnet, L50|57/100\n|switch|p2b: Calyrex|Calyrex-Ice, L50|100/100\n|-ability|p2b: Calyrex|As One\n|-ability|p2b: Calyrex|Unnerve\n|turn|14\n|\n|t:|1774478471\n|-terastallize|p2b: Calyrex|Fire\n|move|p1b: Brute Bonnet|Protect|p1b: Brute Bonnet\n|-singleturn|p1b: Brute Bonnet|Protect\n|move|p2a: Miraidon|Electro Drift|p1b: Brute Bonnet\n|-activate|p1b: Brute Bonnet|move: Protect\n|move|p2b: Calyrex|Glacial Lance|p1b: Brute Bonnet\n|-activate|p1b: Brute Bonnet|move: Protect\n|\n|-start|p2a: Miraidon|perish0\n|faint|p2a: Miraidon\n|upkeep\n|turn|15\n|\n|t:|1774478485\n|move|p1b: Brute Bonnet|Protect|p1b: Brute Bonnet\n|-singleturn|p1b: Brute Bonnet|Protect\n|move|p2b: Calyrex|Glacial Lance|p1b: Brute Bonnet\n|-activate|p1b: Brute Bonnet|move: Protect\n|\n|-fieldend|move: Electric Terrain\n|upkeep\n|turn|16\n|\n|t:|1774478493\n|move|p1b: Brute Bonnet|Spore|p2b: Calyrex\n|-status|p2b: Calyrex|slp|[from] move: Spore\n|cant|p2b: Calyrex|slp\n|\n|upkeep\n|turn|17\n|\n|t:|1774478499\n|move|p1b: Brute Bonnet|Crunch|p2b: Calyrex\n|-damage|p2b: Calyrex|78/100 slp\n|cant|p2b: Calyrex|slp\n|\n|upkeep\n|turn|18\n|\n|t:|1774478510\n|move|p1b: Brute Bonnet|Protect|p1b: Brute Bonnet\n|-singleturn|p1b: Brute Bonnet|Protect\n|-curestatus|p2b: Calyrex|slp|[msg]\n|move|p2b: Calyrex|Glacial Lance|p1b: Brute Bonnet\n|-activate|p1b: Brute Bonnet|move: Protect\n|\n|upkeep\n|turn|19\n|\n|t:|1774478516\n|move|p2b: Calyrex|Protect|p2b: Calyrex\n|-singleturn|p2b: Calyrex|Protect\n|move|p1b: Brute Bonnet|Spore|p2b: Calyrex\n|-activate|p2b: Calyrex|move: Protect\n|\n|upkeep\n|turn|20\n|\n|t:|1774478524\n|move|p1b: Brute Bonnet|Spore|p2b: Calyrex\n|-status|p2b: Calyrex|slp|[from] move: Spore\n|cant|p2b: Calyrex|slp\n|\n|upkeep\n|turn|21\n|\n|t:|1774478530\n|move|p1b: Brute Bonnet|Crunch|p2b: Calyrex\n|-damage|p2b: Calyrex|56/100 slp\n|cant|p2b: Calyrex|slp\n|\n|upkeep\n|turn|22\n|\n|t:|1774478535\n|move|p1b: Brute Bonnet|Crunch|p2b: Calyrex\n|-damage|p2b: Calyrex|34/100 slp\n|-curestatus|p2b: Calyrex|slp|[msg]\n|move|p2b: Calyrex|Trick Room|p2b: Calyrex\n|-fieldstart|move: Trick Room|[of] p2b: Calyrex\n|\n|upkeep\n|turn|23\n|\n|t:|1774478543\n|move|p2b: Calyrex|Glacial Lance|p1b: Brute Bonnet\n|-supereffective|p1b: Brute Bonnet\n|-damage|p1b: Brute Bonnet|0 fnt\n|faint|p1b: Brute Bonnet\n|-end|p1b: Brute Bonnet|Protosynthesis|[silent]\n|\n|win|ArisHazard\n|raw|GzRekt's rating: 1411 &rarr; <strong>1389</strong><br />(-22 for losing)\n|raw|ArisHazard's rating: 1370 &rarr; <strong>1392</strong><br />(+22 for winning)\n|l| KaiMVGC\n|l|\u2606GzRekt\n|player|p1|\n|l|\u2606ArisHazard\n|player|p2|\n","uploadtime":1774478767,"views":14,"formatid":"gen9vgc2026regi","rating":1389,"private":0,"password":null}