{"id":"gen9vgc2026regi-2553335092","format":"[Gen 9] VGC 2026 Reg I","players":["Shagrathisbeast","theminesoftagawa"],"log":"|j|\u2606Shagrathisbeast\n|j|\u2606theminesoftagawa\n|t:|1772821475\n|gametype|doubles\n|player|p1|Shagrathisbeast|steven|1435\n|player|p2|theminesoftagawa|266|1373\n|gen|9\n|tier|[Gen 9] VGC 2026 Reg I\n|rated|\n|rule|Species Clause: Limit one of each Pok\u00e9mon\n|rule|Item Clause: Limit 1 of each item\n|clearpoke\n|poke|p1|Kyogre, L50|\n|poke|p1|Regieleki, L50|\n|poke|p1|Ogerpon-Cornerstone, L50, F|\n|poke|p1|Farigiraf, L50, M|\n|poke|p1|Calyrex-Ice, L50|\n|poke|p1|Landorus, L50, M|\n|poke|p2|Ting-Lu, L50|\n|poke|p2|Sneasler, L50, F|\n|poke|p2|Tatsugiri-Droopy, L50, F|\n|poke|p2|Calyrex-Ice, L50|\n|poke|p2|Miraidon, L50|\n|poke|p2|Dondozo, L50, M|\n|teampreview|4\n|\n|t:|1772821500\n|teamsize|p1|4\n|teamsize|p2|4\n|start\n|switch|p1a: Ogerpon|Ogerpon-Cornerstone, L50, F|100/100\n|switch|p1b: Calyrex|Calyrex-Ice, L50|100/100\n|switch|p2a: Dondozo|Dondozo, L50, M, shiny|100/100\n|switch|p2b: Sneasler|Sneasler, L50, F, shiny|100/100\n|-ability|p1b: Calyrex|As One\n|-ability|p1b: Calyrex|Unnerve\n|turn|1\n|\n|t:|1772821517\n|move|p1a: Ogerpon|Spiky Shield|p1a: Ogerpon\n|-singleturn|p1a: Ogerpon|move: Protect\n|move|p1b: Calyrex|Protect|p1b: Calyrex\n|-singleturn|p1b: Calyrex|Protect\n|move|p2a: Dondozo|Protect|p2a: Dondozo\n|-singleturn|p2a: Dondozo|Protect\n|move|p2b: Sneasler|Toxic Spikes|p1a: Ogerpon\n|-sidestart|p1: Shagrathisbeast|move: Toxic Spikes\n|\n|upkeep\n|turn|2\n|j| Normal Cello\n|\n|t:|1772821565\n|switch|p2b: Tatsugiri|Tatsugiri-Droopy, L50, F, shiny|100/100\n|-activate|p2b: Tatsugiri|ability: Commander|[of] p2a: Dondozo\n|-boost|p2a: Dondozo|atk|2\n|-boost|p2a: Dondozo|spa|2\n|-boost|p2a: Dondozo|spe|2\n|-boost|p2a: Dondozo|def|2\n|-boost|p2a: Dondozo|spd|2\n|move|p1a: Ogerpon|Horn Leech|p2a: Dondozo\n|-supereffective|p2a: Dondozo\n|-damage|p2a: Dondozo|76/100\n|move|p2a: Dondozo|Body Press|p1a: Ogerpon\n|-supereffective|p1a: Ogerpon\n|-ability|p1a: Ogerpon|Sturdy\n|-damage|p1a: Ogerpon|1/100\n|move|p1b: Calyrex|Trick Room|p1b: Calyrex\n|-fieldstart|move: Trick Room|[of] p1b: Calyrex\n|\n|-heal|p2a: Dondozo|82/100|[from] item: Leftovers\n|upkeep\n|turn|3\n|\n|t:|1772821621\n|switch|p1b: Landorus|Landorus, L50, M|100/100\n|move|p2a: Dondozo|Order Up|p1a: Ogerpon\n|-damage|p1a: Ogerpon|0 fnt\n|faint|p1a: Ogerpon\n|-boost|p2a: Dondozo|def|1\n|\n|-heal|p2a: Dondozo|88/100|[from] item: Leftovers\n|upkeep\n|\n|t:|1772821630\n|switch|p1a: Kyogre|Kyogre, L50, shiny|100/100\n|-status|p1a: Kyogre|psn\n|-weather|RainDance|[from] ability: Drizzle|[of] p1a: Kyogre\n|turn|4\n|\n|t:|1772821640\n|move|p2a: Dondozo|Protect|p2a: Dondozo\n|-singleturn|p2a: Dondozo|Protect\n|move|p1a: Kyogre|Water Spout|p2b: Tatsugiri|[spread] \n|-miss|p1a: Kyogre|p2b: Tatsugiri\n|-activate|p2a: Dondozo|move: Protect\n|move|p1b: Landorus|Sandsear Storm|p2a: Dondozo|[spread] \n|-miss|p1b: Landorus|p2b: Tatsugiri\n|-activate|p2a: Dondozo|move: Protect\n|\n|-weather|RainDance|[upkeep]\n|-heal|p2a: Dondozo|94/100|[from] item: Leftovers\n|-damage|p1a: Kyogre|88/100 psn|[from] psn\n|upkeep\n|turn|5\n|\n|t:|1772821662\n|-terastallize|p2a: Dondozo|Grass\n|-terastallize|p1a: Kyogre|Water\n|move|p2a: Dondozo|Body Press|p1a: Kyogre\n|-damage|p1a: Kyogre|14/100 psn\n|move|p1a: Kyogre|Water Spout|p2b: Tatsugiri|[spread] p2a\n|-miss|p1a: Kyogre|p2b: Tatsugiri\n|-resisted|p2a: Dondozo\n|-damage|p2a: Dondozo|89/100\n|move|p1b: Landorus|Sandsear Storm|p2a: Dondozo|[spread] p2a\n|-miss|p1b: Landorus|p2b: Tatsugiri\n|-resisted|p2a: Dondozo\n|-damage|p2a: Dondozo|77/100\n|\n|-weather|RainDance|[upkeep]\n|-heal|p2a: Dondozo|84/100|[from] item: Leftovers\n|-damage|p1a: Kyogre|2/100 psn|[from] psn\n|upkeep\n|turn|6\n|\n|t:|1772821680\n|move|p1b: Landorus|Protect|p1b: Landorus\n|-singleturn|p1b: Landorus|Protect\n|move|p1a: Kyogre|Origin Pulse|p2a: Dondozo|[spread] \n|-miss|p1a: Kyogre|p2b: Tatsugiri\n|-miss|p1a: Kyogre|p2a: Dondozo\n|move|p2a: Dondozo|Order Up|p1b: Landorus\n|-activate|p1b: Landorus|move: Protect\n|\n|-weather|RainDance|[upkeep]\n|-heal|p2a: Dondozo|90/100|[from] item: Leftovers\n|-damage|p1a: Kyogre|0 fnt|[from] psn\n|faint|p1a: Kyogre\n|-fieldend|move: Trick Room\n|upkeep\n|\n|t:|1772821683\n|switch|p1a: Calyrex|Calyrex-Ice, L50|100/100\n|-ability|p1a: Calyrex|As One\n|-ability|p1a: Calyrex|Unnerve\n|-status|p1a: Calyrex|psn\n|turn|7\n|\n|t:|1772821696\n|move|p1b: Landorus|Sludge Bomb|p2a: Dondozo\n|-supereffective|p2a: Dondozo\n|-damage|p2a: Dondozo|46/100\n|move|p2a: Dondozo|Body Press|p1a: Calyrex\n|-damage|p1a: Calyrex|56/100 psn\n|move|p1a: Calyrex|Glacial Lance|p2a: Dondozo|[spread] p2a\n|-miss|p1a: Calyrex|p2b: Tatsugiri\n|-supereffective|p2a: Dondozo\n|-damage|p2a: Dondozo|22/100\n|\n|-weather|RainDance|[upkeep]\n|-heal|p2a: Dondozo|28/100|[from] item: Leftovers\n|-damage|p1a: Calyrex|44/100 psn|[from] psn\n|upkeep\n|turn|8\n|\n|t:|1772821709\n|move|p2a: Dondozo|Protect|p2a: Dondozo\n|-singleturn|p2a: Dondozo|Protect\n|move|p1b: Landorus|Sludge Bomb|p2a: Dondozo\n|-activate|p2a: Dondozo|move: Protect\n|move|p1a: Calyrex|Trick Room|p1a: Calyrex\n|-fieldstart|move: Trick Room|[of] p1a: Calyrex\n|\n|-weather|none\n|-heal|p2a: Dondozo|35/100|[from] item: Leftovers\n|-damage|p1a: Calyrex|31/100 psn|[from] psn\n|upkeep\n|turn|9\n|\n|t:|1772821722\n|move|p1a: Calyrex|Glacial Lance|p2b: Tatsugiri|[spread] p2a\n|-miss|p1a: Calyrex|p2b: Tatsugiri\n|-supereffective|p2a: Dondozo\n|-damage|p2a: Dondozo|10/100\n|move|p2a: Dondozo|Order Up|p1b: Landorus\n|-damage|p1b: Landorus|58/100\n|-boost|p2a: Dondozo|def|1\n|move|p1b: Landorus|Sludge Bomb|p2a: Dondozo\n|-supereffective|p2a: Dondozo\n|-damage|p2a: Dondozo|0 fnt\n|faint|p2a: Dondozo\n|\n|-damage|p1a: Calyrex|19/100 psn|[from] psn\n|upkeep\n|\n|t:|1772821726\n|switch|p2a: Calyrex|Calyrex-Ice, L50|100/100\n|-ability|p2a: Calyrex|As One\n|-ability|p2a: Calyrex|Unnerve\n|turn|10\n|-message|Shagrathisbeast forfeited.\n|\n|win|theminesoftagawa\n|raw|Shagrathisbeast's rating: 1435 &rarr; <strong>1411</strong><br />(-24 for losing)\n|raw|theminesoftagawa's rating: 1373 &rarr; <strong>1397</strong><br />(+24 for winning)\n|l|\u2606Shagrathisbeast\n|player|p1|\n|l|\u2606theminesoftagawa\n|player|p2|\n|l| Normal Cello\n","uploadtime":1772821911,"views":14,"formatid":"gen9vgc2026regi","rating":1397,"private":0,"password":null}