{"id":"gen9vgc2026regi-2537358446","format":"[Gen 9] VGC 2026 Reg I","players":["huanyu0.0","chaoszarde"],"log":"|j|\u2606huanyu0.0\n|j|\u2606chaoszarde\n|t:|1770803723\n|gametype|doubles\n|player|p1|huanyu0.0|169|1340\n|player|p2|chaoszarde|turo-ai|1421\n|gen|9\n|tier|[Gen 9] VGC 2026 Reg I\n|rated|\n|rule|Species Clause: Limit one of each Pok\u00e9mon\n|rule|Item Clause: Limit 1 of each item\n|clearpoke\n|poke|p1|Miraidon, L50|\n|poke|p1|Whimsicott, L50, F|\n|poke|p1|Urshifu-*, L50, M|\n|poke|p1|Lunala, L50|\n|poke|p1|Incineroar, L50, F|\n|poke|p1|Ursaluna, L50, F|\n|poke|p2|Koraidon, L50|\n|poke|p2|Calyrex-Shadow, L50|\n|poke|p2|Heatran, L50, F|\n|poke|p2|Flutter Mane, L50|\n|poke|p2|Rillaboom, L50, M|\n|poke|p2|Raging Bolt, L50|\n|teampreview|4\n|inactive|Battle timer is ON: inactive players will automatically lose when time's up. (requested by huanyu0.0)\n|inactive|huanyu0.0 has 60 seconds left.\n|\n|t:|1770803769\n|teamsize|p1|4\n|teamsize|p2|4\n|start\n|switch|p1a: Lunala|Lunala, L50|100/100\n|switch|p1b: Miraidon|Miraidon, L50|100/100\n|switch|p2a: Rillaboom|Rillaboom, L50, M|100/100\n|switch|p2b: Calyrex|Calyrex-Shadow, L50|100/100\n|-ability|p2b: Calyrex|As One\n|-ability|p2b: Calyrex|Unnerve\n|-fieldstart|move: Electric Terrain|[from] ability: Hadron Engine|[of] p1b: Miraidon\n|-enditem|p1a: Lunala|Electric Seed\n|-boost|p1a: Lunala|def|1|[from] item: Electric Seed\n|-fieldstart|move: Grassy Terrain|[from] ability: Grassy Surge|[of] p2a: Rillaboom\n|turn|1\n|j| lunala fairy ghost\n|inactive|huanyu0.0 has 30 seconds left.\n|inactive|huanyu0.0 has 20 seconds left.\n|\n|t:|1770803807\n|switch|p1b: Incineroar|Incineroar, L50, F|100/100\n|-ability|p1b: Incineroar|Intimidate|boost\n|-unboost|p2a: Rillaboom|atk|1\n|-unboost|p2b: Calyrex|atk|1\n|-terastallize|p2b: Calyrex|Fairy\n|-terastallize|p1a: Lunala|Fairy\n|move|p2a: Rillaboom|Fake Out|p1b: Incineroar\n|-damage|p1b: Incineroar|92/100\n|move|p2b: Calyrex|Astral Barrage|p1b: Incineroar|[spread] p1a,p1b\n|-resisted|p1b: Incineroar\n|-damage|p1a: Lunala|80/100\n|-damage|p1b: Incineroar|74/100\n|move|p1a: Lunala|Trick Room|p1a: Lunala\n|-fieldstart|move: Trick Room|[of] p1a: Lunala\n|\n|-heal|p1b: Incineroar|80/100|[from] Grassy Terrain\n|-heal|p1a: Lunala|87/100|[from] Grassy Terrain\n|upkeep\n|turn|2\n|inactive|huanyu0.0 has 30 seconds left.\n|inactive|chaoszarde has 30 seconds left.\n|inactive|huanyu0.0 has 20 seconds left.\n|\n|t:|1770803847\n|switch|p2b: Heatran|Heatran, L50, F|100/100\n|move|p2a: Rillaboom|Drum Beating|p2b: Heatran\n|-resisted|p2b: Heatran\n|-damage|p2b: Heatran|94/100\n|-unboost|p2b: Heatran|spe|1\n|move|p1b: Incineroar|U-turn|p2a: Rillaboom\n|-supereffective|p2a: Rillaboom\n|-damage|p2a: Rillaboom|65/100\n|\n|t:|1770803865\n|switch|p1b: Miraidon|Miraidon, L50|100/100|[from] U-turn\n|-fieldstart|move: Electric Terrain|[from] ability: Hadron Engine|[of] p1b: Miraidon\n|move|p1a: Lunala|Moongeist Beam|p2a: Rillaboom\n|-damage|p2a: Rillaboom|29/100\n|\n|-heal|p2b: Heatran|100/100|[from] item: Leftovers\n|upkeep\n|turn|3\n|\n|t:|1770803882\n|switch|p2a: Calyrex|Calyrex-Shadow, L50, tera:Fairy|100/100\n|-ability|p2a: Calyrex|As One\n|-ability|p2a: Calyrex|Unnerve\n|switch|p1a: Incineroar|Incineroar, L50, F|80/100\n|-ability|p1a: Incineroar|Intimidate|boost\n|-unboost|p2a: Calyrex|atk|1\n|-unboost|p2b: Heatran|atk|1\n|move|p2b: Heatran|Protect|p2b: Heatran\n|-singleturn|p2b: Heatran|Protect\n|move|p1b: Miraidon|Volt Switch|p2a: Calyrex\n|-damage|p2a: Calyrex|18/100\n|-damage|p1b: Miraidon|91/100|[from] item: Life Orb\n|\n|t:|1770803898\n|switch|p1b: Ursaluna|Ursaluna, L50, F|100/100|[from] Volt Switch\n|\n|-status|p1b: Ursaluna|brn|[from] item: Flame Orb\n|upkeep\n|turn|4\n|\n|t:|1770803923\n|move|p1b: Ursaluna|Facade|p2b: Heatran\n|-resisted|p2b: Heatran\n|-damage|p2b: Heatran|49/100\n|move|p2b: Heatran|Earth Power|p1a: Incineroar\n|-supereffective|p1a: Incineroar\n|-damage|p1a: Incineroar|38/100\n|move|p1a: Incineroar|Flare Blitz|p2a: Calyrex\n|-damage|p2a: Calyrex|0 fnt\n|faint|p2a: Calyrex\n|-damage|p1a: Incineroar|33/100|[from] Recoil\n|\n|-heal|p2b: Heatran|55/100|[from] item: Leftovers\n|-damage|p1b: Ursaluna|95/100 brn|[from] brn\n|upkeep\n|\n|t:|1770803932\n|switch|p2a: Rillaboom|Rillaboom, L50, M|29/100\n|-fieldstart|move: Grassy Terrain|[from] ability: Grassy Surge|[of] p2a: Rillaboom\n|turn|5\n|\n|t:|1770803954\n|move|p1b: Ursaluna|Protect|p1b: Ursaluna\n|-singleturn|p1b: Ursaluna|Protect\n|move|p2a: Rillaboom|Fake Out|p1b: Ursaluna\n|-activate|p1b: Ursaluna|move: Protect\n|move|p2b: Heatran|Earth Power|p1a: Incineroar\n|-supereffective|p1a: Incineroar\n|-damage|p1a: Incineroar|0 fnt\n|faint|p1a: Incineroar\n|\n|-heal|p1b: Ursaluna|100/100 brn|[from] Grassy Terrain\n|-heal|p2b: Heatran|61/100|[from] Grassy Terrain\n|-heal|p2b: Heatran|67/100|[from] item: Leftovers\n|-heal|p2a: Rillaboom|34/100|[from] Grassy Terrain\n|-damage|p1b: Ursaluna|95/100 brn|[from] brn\n|-fieldend|move: Trick Room\n|upkeep\n|\n|t:|1770803971\n|switch|p1a: Miraidon|Miraidon, L50|91/100\n|-fieldstart|move: Electric Terrain|[from] ability: Hadron Engine|[of] p1a: Miraidon\n|turn|6\n|\n|t:|1770803991\n|switch|p2a: Koraidon|Koraidon, L50, shiny|100/100\n|-weather|SunnyDay|[from] ability: Orichalcum Pulse|[of] p2a: Koraidon\n|-activate|p2a: Koraidon|Orichalcum Pulse|[source]\n|move|p2b: Heatran|Protect|p2b: Heatran\n|-singleturn|p2b: Heatran|Protect\n|move|p1a: Miraidon|Electro Drift|p2a: Koraidon\n|-resisted|p2a: Koraidon\n|-damage|p2a: Koraidon|44/100\n|-damage|p1a: Miraidon|81/100|[from] item: Life Orb\n|move|p1b: Ursaluna|Headlong Rush|p2b: Heatran\n|-activate|p2b: Heatran|move: Protect\n|\n|-weather|SunnyDay|[upkeep]\n|-heal|p2b: Heatran|73/100|[from] item: Leftovers\n|-damage|p1b: Ursaluna|89/100 brn|[from] brn\n|upkeep\n|turn|7\n|inactive|huanyu0.0 has 30 seconds left.\n|inactive|chaoszarde has 30 seconds left.\n|inactive|huanyu0.0 has 20 seconds left.\n|inactive|chaoszarde has 20 seconds left.\n|inactive|huanyu0.0 has 15 seconds left.\n|inactive|chaoszarde has 15 seconds left.\n|inactive|huanyu0.0 has 10 seconds left.\n|inactive|chaoszarde has 10 seconds left.\n|inactive|huanyu0.0 has 5 seconds left.\n|\n|t:|1770804044\n|move|p2a: Koraidon|Close Combat|p1a: Miraidon\n|-damage|p1a: Miraidon|0 fnt\n|-unboost|p2a: Koraidon|def|1\n|-unboost|p2a: Koraidon|spd|1\n|faint|p1a: Miraidon\n|-damage|p2a: Koraidon|35/100|[from] item: Life Orb\n|move|p2b: Heatran|Heat Wave|p1b: Ursaluna\n|-damage|p1b: Ursaluna|12/100 brn\n|move|p1b: Ursaluna|Facade|p2b: Heatran\n|-resisted|p2b: Heatran\n|-damage|p2b: Heatran|24/100\n|\n|-weather|SunnyDay|[upkeep]\n|-heal|p2b: Heatran|30/100|[from] item: Leftovers\n|-damage|p1b: Ursaluna|6/100 brn|[from] brn\n|upkeep\n|\n|t:|1770804061\n|switch|p1a: Lunala|Lunala, L50, tera:Fairy|87/100\n|turn|8\n|\n|t:|1770804087\n|switch|p2a: Rillaboom|Rillaboom, L50, M|34/100\n|-fieldstart|move: Grassy Terrain|[from] ability: Grassy Surge|[of] p2a: Rillaboom\n|move|p2b: Heatran|Protect|p2b: Heatran\n|-singleturn|p2b: Heatran|Protect\n|move|p1a: Lunala|Moongeist Beam|p2a: Rillaboom\n|-damage|p2a: Rillaboom|0 fnt\n|faint|p2a: Rillaboom\n|move|p1b: Ursaluna|Headlong Rush|p2b: Heatran\n|-activate|p2b: Heatran|move: Protect\n|\n|-weather|SunnyDay|[upkeep]\n|-heal|p1a: Lunala|93/100|[from] Grassy Terrain\n|-heal|p2b: Heatran|36/100|[from] Grassy Terrain\n|-heal|p2b: Heatran|42/100|[from] item: Leftovers\n|-heal|p1b: Ursaluna|12/100 brn|[from] Grassy Terrain\n|-damage|p1b: Ursaluna|6/100 brn|[from] brn\n|upkeep\n|\n|t:|1770804093\n|switch|p2a: Koraidon|Koraidon, L50, shiny|35/100\n|-activate|p2a: Koraidon|ability: Orichalcum Pulse\n|turn|9\n|inactive|huanyu0.0 has 30 seconds left.\n|\n|t:|1770804121\n|move|p2a: Koraidon|Flare Blitz|p1a: Lunala\n|-damage|p1a: Lunala|8/100\n|-status|p1a: Lunala|brn\n|-damage|p2a: Koraidon|0 fnt|[from] Recoil\n|faint|p2a: Koraidon\n|move|p1a: Lunala|Moongeist Beam|p2b: Heatran\n|-damage|p2b: Heatran|0 fnt\n|faint|p2b: Heatran\n|\n|win|huanyu0.0\n|raw|huanyu0.0's rating: 1340 &rarr; <strong>1365</strong><br />(+25 for winning)\n|raw|chaoszarde's rating: 1421 &rarr; <strong>1396</strong><br />(-25 for losing)\n|l| lunala fairy ghost\n|l|\u2606huanyu0.0\n|player|p1|\n","uploadtime":1770804132,"views":11,"formatid":"gen9vgc2026regi","rating":1365,"private":0,"password":null}