{"id":"gen9vgc2026regi-2580386017","format":"[Gen 9] VGC 2026 Reg I","players":["FRESHmustard","a123as"],"log":"|j|\u2606FRESHmustard\n|j|\u2606a123as\n|t:|1775888732\n|gametype|doubles\n|player|p1|FRESHmustard|clair|1448\n|player|p2|a123as|265|1404\n|gen|9\n|tier|[Gen 9] VGC 2026 Reg I\n|rated|\n|rule|Species Clause: Limit one of each Pok\u00e9mon\n|rule|Item Clause: Limit 1 of each item\n|clearpoke\n|poke|p1|Lunala, L50|\n|poke|p1|Ursaluna, L50, F|\n|poke|p1|Urshifu-*, L50, F|\n|poke|p1|Miraidon, L50|\n|poke|p1|Grimmsnarl, L50, M|\n|poke|p1|Incineroar, L50, M|\n|poke|p2|Incineroar, L50, M|\n|poke|p2|Landorus, L50, M|\n|poke|p2|Calyrex-Shadow, L50|\n|poke|p2|Koraidon, L50|\n|poke|p2|Brute Bonnet, L50|\n|poke|p2|Raging Bolt, L50|\n|teampreview|4\n|\n|t:|1775888745\n|teamsize|p1|4\n|teamsize|p2|4\n|start\n|switch|p1a: Lunala|Lunala, L50|100/100\n|switch|p1b: Incineroar|Incineroar, L50, M|100/100\n|switch|p2a: Incineroar|Incineroar, L50, M|100/100\n|switch|p2b: Raging Bolt|Raging Bolt, L50|100/100\n|-ability|p2a: Incineroar|Intimidate|boost\n|-unboost|p1a: Lunala|atk|1\n|-unboost|p1b: Incineroar|atk|1\n|-ability|p1b: Incineroar|Intimidate|boost\n|-unboost|p2a: Incineroar|atk|1\n|-unboost|p2b: Raging Bolt|atk|1\n|turn|1\n|\n|t:|1775888770\n|-terastallize|p1a: Lunala|Fairy\n|move|p1b: Incineroar|Fake Out|p2a: Incineroar\n|-damage|p2a: Incineroar|95/100\n|-damage|p1b: Incineroar|84/100|[from] item: Rocky Helmet|[of] p2a: Incineroar\n|move|p1a: Lunala|Moonblast|p2b: Raging Bolt\n|-supereffective|p2b: Raging Bolt\n|-damage|p2b: Raging Bolt|34/100\n|move|p2b: Raging Bolt|Dragon Pulse|p1b: Incineroar\n|-damage|p1b: Incineroar|38/100\n|cant|p2a: Incineroar|flinch\n|\n|upkeep\n|turn|2\n|\n|t:|1775888804\n|move|p2b: Raging Bolt|Volt Switch|p1a: Lunala\n|-damage|p1a: Lunala|86/100\n|\n|t:|1775888808\n|-end|p2b: Raging Bolt|Protosynthesis|[silent]\n|switch|p2b: Landorus|Landorus, L50, M|100/100|[from] Volt Switch\n|move|p2a: Incineroar|Parting Shot|p1b: Incineroar\n|-unboost|p1b: Incineroar|atk|1\n|-unboost|p1b: Incineroar|spa|1\n|\n|t:|1775888815\n|switch|p2a: Raging Bolt|Raging Bolt, L50|34/100|[from] Parting Shot\n|move|p1b: Incineroar|Parting Shot|p2b: Landorus\n|-unboost|p2b: Landorus|atk|1\n|-unboost|p2b: Landorus|spa|1\n|\n|t:|1775888820\n|switch|p1b: Ursaluna|Ursaluna, L50, F|100/100|[from] Parting Shot\n|move|p1a: Lunala|Trick Room|p1a: Lunala\n|-fieldstart|move: Trick Room|[of] p1a: Lunala\n|\n|-status|p1b: Ursaluna|brn|[from] item: Flame Orb\n|upkeep\n|turn|3\n|\n|t:|1775888839\n|-end|p2a: Raging Bolt|Protosynthesis|[silent]\n|switch|p2a: Incineroar|Incineroar, L50, M|95/100\n|-ability|p2a: Incineroar|Intimidate|boost\n|-unboost|p1a: Lunala|atk|1\n|-unboost|p1b: Ursaluna|atk|1\n|move|p2b: Landorus|Protect|p2b: Landorus\n|-singleturn|p2b: Landorus|Protect\n|move|p1b: Ursaluna|Facade|p2b: Landorus\n|-activate|p2b: Landorus|move: Protect\n|move|p1a: Lunala|Moonblast|p2a: Incineroar\n|-damage|p2a: Incineroar|48/100\n|-unboost|p2a: Incineroar|spa|1\n|\n|-damage|p1b: Ursaluna|95/100 brn|[from] brn\n|upkeep\n|turn|4\n|\n|t:|1775888858\n|move|p1b: Ursaluna|Protect|p1b: Ursaluna\n|-singleturn|p1b: Ursaluna|Protect\n|move|p2a: Incineroar|Fake Out|p1b: Ursaluna\n|-activate|p1b: Ursaluna|move: Protect\n|move|p1a: Lunala|Moonblast|p2a: Incineroar\n|-damage|p2a: Incineroar|2/100\n|move|p2b: Landorus|Sludge Bomb|p1a: Lunala\n|-supereffective|p1a: Lunala\n|-damage|p1a: Lunala|41/100\n|\n|-damage|p1b: Ursaluna|89/100 brn|[from] brn\n|upkeep\n|turn|5\n|\n|t:|1775888883\n|move|p2b: Landorus|Protect|p2b: Landorus\n|-singleturn|p2b: Landorus|Protect\n|move|p1b: Ursaluna|Rock Slide|p2b: Landorus|[spread] p2a\n|-activate|p2b: Landorus|move: Protect\n|-supereffective|p2a: Incineroar\n|-damage|p2a: Incineroar|0 fnt\n|faint|p2a: Incineroar\n|move|p1a: Lunala|Moongeist Beam|p2b: Landorus\n|-activate|p2b: Landorus|move: Protect\n|\n|-damage|p1b: Ursaluna|83/100 brn|[from] brn\n|upkeep\n|\n|t:|1775888899\n|switch|p2a: Raging Bolt|Raging Bolt, L50|34/100\n|turn|6\n|\n|t:|1775888915\n|switch|p1a: Miraidon|Miraidon, L50|100/100\n|-fieldstart|move: Electric Terrain|[from] ability: Hadron Engine|[of] p1a: Miraidon\n|-terastallize|p2a: Raging Bolt|Electric\n|move|p2a: Raging Bolt|Thunderclap||[still]\n|-fail|p2a: Raging Bolt\n|move|p1b: Ursaluna|Facade|p2b: Landorus\n|-damage|p2b: Landorus|23/100\n|move|p2b: Landorus|Earth Power|p1b: Ursaluna\n|-damage|p1b: Ursaluna|44/100 brn\n|\n|-damage|p1b: Ursaluna|38/100 brn|[from] brn\n|-fieldend|move: Trick Room\n|upkeep\n|turn|7\n|\n|t:|1775888945\n|switch|p1b: Incineroar|Incineroar, L50, M|38/100\n|-ability|p1b: Incineroar|Intimidate|boost\n|-unboost|p2a: Raging Bolt|atk|1\n|-unboost|p2b: Landorus|atk|1\n|move|p1a: Miraidon|Draco Meteor|p2b: Landorus\n|-damage|p2b: Landorus|0 fnt\n|-unboost|p1a: Miraidon|spa|2\n|faint|p2b: Landorus\n|move|p2a: Raging Bolt|Dragon Pulse|p1a: Miraidon\n|-supereffective|p1a: Miraidon\n|-damage|p1a: Miraidon|54/100\n|\n|upkeep\n|\n|t:|1775888958\n|switch|p2b: Calyrex|Calyrex-Shadow, L50|100/100\n|-ability|p2b: Calyrex|As One\n|-ability|p2b: Calyrex|Unnerve\n|turn|8\n|\n|t:|1775888975\n|move|p1b: Incineroar|Fake Out|p2a: Raging Bolt\n|-damage|p2a: Raging Bolt|26/100\n|move|p2b: Calyrex|Astral Barrage|p1a: Miraidon|[spread] p1a,p1b\n|-resisted|p1b: Incineroar\n|-crit|p1b: Incineroar\n|-damage|p1a: Miraidon|26/100\n|-damage|p1b: Incineroar|0 fnt\n|faint|p1b: Incineroar\n|-ability|p2b: Calyrex|Grim Neigh|boost\n|-boost|p2b: Calyrex|spa|1\n|move|p1a: Miraidon|Snarl|p2b: Calyrex|[spread] p2a,p2b\n|-supereffective|p2b: Calyrex\n|-damage|p2a: Raging Bolt|19/100\n|-damage|p2b: Calyrex|60/100\n|-unboost|p2a: Raging Bolt|spa|1\n|-unboost|p2b: Calyrex|spa|1\n|cant|p2a: Raging Bolt|flinch\n|\n|upkeep\n|\n|t:|1775888986\n|switch|p1b: Lunala|Lunala, L50, tera:Fairy|41/100\n|-enditem|p1b: Lunala|Electric Seed\n|-boost|p1b: Lunala|def|1|[from] item: Electric Seed\n|turn|9\n|\n|t:|1775889003\n|move|p1b: Lunala|Wide Guard|p1b: Lunala\n|-singleturn|p1b: Lunala|Wide Guard\n|move|p2b: Calyrex|Astral Barrage|p1b: Lunala|[spread] \n|-activate|p1a: Miraidon|move: Wide Guard\n|-activate|p1b: Lunala|move: Wide Guard\n|move|p1a: Miraidon|Snarl|p2b: Calyrex|[spread] p2b\n|-miss|p1a: Miraidon|p2a: Raging Bolt\n|-supereffective|p2b: Calyrex\n|-damage|p2b: Calyrex|16/100\n|-unboost|p2b: Calyrex|spa|1\n|move|p2a: Raging Bolt|Dragon Pulse|p1a: Miraidon\n|-supereffective|p1a: Miraidon\n|-damage|p1a: Miraidon|0 fnt\n|faint|p1a: Miraidon\n|\n|upkeep\n|\n|t:|1775889016\n|switch|p1a: Ursaluna|Ursaluna, L50, F|38/100 brn\n|turn|10\n|\n|t:|1775889035\n|move|p2b: Calyrex|Psychic|p1b: Lunala\n|-damage|p1b: Lunala|14/100\n|move|p1b: Lunala|Moongeist Beam|p2b: Calyrex\n|-supereffective|p2b: Calyrex\n|-damage|p2b: Calyrex|0 fnt\n|faint|p2b: Calyrex\n|move|p2a: Raging Bolt|Dragon Pulse|p1a: Ursaluna\n|-damage|p1a: Ursaluna|8/100 brn\n|move|p1a: Ursaluna|Rock Slide|p2a: Raging Bolt|[miss]\n|-miss|p1a: Ursaluna|p2a: Raging Bolt\n|\n|-damage|p1a: Ursaluna|2/100 brn|[from] brn\n|-fieldend|move: Electric Terrain\n|upkeep\n|turn|11\n|c|\u2606FRESHmustard|gg\n|\n|t:|1775889054\n|move|p2a: Raging Bolt|Thunderclap|p1b: Lunala\n|-damage|p1b: Lunala|0 fnt\n|faint|p1b: Lunala\n|move|p1a: Ursaluna|Facade|p2a: Raging Bolt\n|-damage|p2a: Raging Bolt|0 fnt\n|faint|p2a: Raging Bolt\n|-end|p2a: Raging Bolt|Protosynthesis|[silent]\n|\n|win|FRESHmustard\n|raw|FRESHmustard's rating: 1448 &rarr; <strong>1465</strong><br />(+17 for winning)\n|raw|a123as's rating: 1404 &rarr; <strong>1387</strong><br />(-17 for losing)\n|l|\u2606a123as\n|player|p2|\n|l|\u2606FRESHmustard\n|player|p1|\n","uploadtime":1775889204,"views":12,"formatid":"gen9vgc2026regi","rating":1387,"private":0,"password":null}