{"id":"gen9vgc2026regi-2560588144","format":"[Gen 9] VGC 2026 Reg I","players":["raparent3","sheeshshane925"],"log":"|j|\u2606raparent3\n|j|\u2606sheeshshane925\n|t:|1773701943\n|gametype|doubles\n|player|p1|raparent3|2|1409\n|player|p2|sheeshshane925|chuck|1522\n|gen|9\n|tier|[Gen 9] VGC 2026 Reg I\n|rated|\n|rule|Species Clause: Limit one of each Pok\u00e9mon\n|rule|Item Clause: Limit 1 of each item\n|clearpoke\n|poke|p1|Iron Treads, L50|\n|poke|p1|Kyogre, L50|\n|poke|p1|Amoonguss, L50, M|\n|poke|p1|Calyrex-Ice, L50|\n|poke|p1|Incineroar, L50, F|\n|poke|p1|Scream Tail, L50|\n|poke|p2|Calyrex-Ice, L50|\n|poke|p2|Miraidon, L50|\n|poke|p2|Farigiraf, L50, F|\n|poke|p2|Iron Hands, L50|\n|poke|p2|Scraggy, L50, F|\n|poke|p2|Iron Bundle, L50|\n|teampreview|4\n|inactive|Battle timer is ON: inactive players will automatically lose when time's up. (requested by raparent3)\n|inactive|raparent3 has 60 seconds left.\n|inactive|sheeshshane925 has 60 seconds left.\n|\n|t:|1773701984\n|teamsize|p1|4\n|teamsize|p2|4\n|start\n|switch|p1a: Iron Treads|Iron Treads, L50|100/100\n|switch|p1b: Scream Tail|Scream Tail, L50|100/100\n|switch|p2a: Miraidon|Miraidon, L50, shiny|100/100\n|switch|p2b: Iron Bundle|Iron Bundle, L50|100/100\n|-fieldstart|move: Electric Terrain|[from] ability: Hadron Engine|[of] p2a: Miraidon\n|-activate|p2b: Iron Bundle|ability: Quark Drive\n|-start|p2b: Iron Bundle|quarkdrivespe\n|-activate|p1a: Iron Treads|ability: Quark Drive\n|-start|p1a: Iron Treads|quarkdrivespe\n|turn|1\n|\n|t:|1773701998\n|-terastallize|p1a: Iron Treads|Ghost\n|move|p2a: Miraidon|Protect|p2a: Miraidon\n|-singleturn|p2a: Miraidon|Protect\n|move|p2b: Iron Bundle|Icy Wind|p1a: Iron Treads|[spread] p1a,p1b\n|-damage|p1a: Iron Treads|77/100\n|-damage|p1b: Scream Tail|89/100\n|-unboost|p1a: Iron Treads|spe|1\n|move|p1a: Iron Treads|High Horsepower|p2a: Miraidon\n|-activate|p2a: Miraidon|move: Protect\n|move|p1b: Scream Tail|Dazzling Gleam|p2a: Miraidon|[spread] p2b\n|-activate|p2a: Miraidon|move: Protect\n|-damage|p2b: Iron Bundle|77/100\n|\n|upkeep\n|turn|2\n|inactive|sheeshshane925 has 30 seconds left.\n|\n|t:|1773702033\n|-end|p1a: Iron Treads|Quark Drive|[silent]\n|switch|p1a: Calyrex|Calyrex-Ice, L50|100/100\n|-ability|p1a: Calyrex|As One\n|-ability|p1a: Calyrex|Unnerve\n|-terastallize|p2a: Miraidon|Fairy\n|move|p2b: Iron Bundle|Icy Wind|p1b: Scream Tail|[spread] p1a,p1b\n|-resisted|p1a: Calyrex\n|-damage|p1a: Calyrex|93/100\n|-damage|p1b: Scream Tail|78/100\n|move|p2a: Miraidon|Electro Drift|p1a: Calyrex\n|-damage|p1a: Calyrex|5/100\n|-damage|p2a: Miraidon|91/100|[from] item: Life Orb\n|move|p1b: Scream Tail|Trick Room|p1b: Scream Tail\n|-fieldstart|move: Trick Room|[of] p1b: Scream Tail\n|\n|upkeep\n|turn|3\n|inactive|raparent3 has 30 seconds left.\n|inactive|raparent3 has 20 seconds left.\n|\n|t:|1773702069\n|switch|p2a: Scraggy|Scraggy, L50, F|100/100\n|-ability|p2a: Scraggy|Intimidate|boost\n|-fail|p1a: Calyrex|unboost|[from] item: Clear Amulet|[of] p1a: Calyrex\n|-unboost|p1b: Scream Tail|atk|1\n|-end|p2b: Iron Bundle|Quark Drive|[silent]\n|switch|p2b: Calyrex|Calyrex-Ice, L50|100/100\n|-ability|p2b: Calyrex|As One\n|-ability|p2b: Calyrex|Unnerve\n|move|p1a: Calyrex|Protect|p1a: Calyrex\n|-singleturn|p1a: Calyrex|Protect\n|move|p1b: Scream Tail|Dazzling Gleam|p2a: Scraggy|[spread] p2a,p2b\n|-supereffective|p2a: Scraggy\n|-damage|p2a: Scraggy|62/100\n|-damage|p2b: Calyrex|93/100\n|\n|upkeep\n|turn|4\n|inactive|raparent3 has 30 seconds left.\n|\n|t:|1773702096\n|switch|p1a: Iron Treads|Iron Treads, L50, tera:Ghost|77/100\n|-activate|p1a: Iron Treads|ability: Quark Drive\n|-start|p1a: Iron Treads|quarkdrivespe\n|move|p2a: Scraggy|Coaching|p2b: Calyrex\n|-boost|p2b: Calyrex|atk|1\n|-boost|p2b: Calyrex|def|1\n|move|p2b: Calyrex|Glacial Lance|p1b: Scream Tail|[spread] p1a,p1b\n|-damage|p1a: Iron Treads|14/100\n|-damage|p1b: Scream Tail|7/100\n|move|p1b: Scream Tail|Thunder Wave|p2b: Calyrex\n|-status|p2b: Calyrex|par\n|\n|upkeep\n|turn|5\n|\n|t:|1773702116\n|move|p1a: Iron Treads|Protect|p1a: Iron Treads\n|-singleturn|p1a: Iron Treads|Protect\n|move|p2b: Calyrex|Glacial Lance|p1a: Iron Treads|[spread] p1b\n|-activate|p1a: Iron Treads|move: Protect\n|-damage|p1b: Scream Tail|0 fnt\n|faint|p1b: Scream Tail\n|-end|p1b: Scream Tail|Protosynthesis|[silent]\n|-ability|p2b: Calyrex|Chilling Neigh|boost\n|-boost|p2b: Calyrex|atk|1\n|move|p2a: Scraggy|Foul Play|p1a: Iron Treads\n|-activate|p1a: Iron Treads|move: Protect\n|\n|-fieldend|move: Electric Terrain\n|-end|p1a: Iron Treads|Quark Drive\n|upkeep\n|-enditem|p1a: Iron Treads|Booster Energy\n|-activate|p1a: Iron Treads|ability: Quark Drive|[fromitem]\n|-start|p1a: Iron Treads|quarkdrivespe\n|\n|t:|1773702124\n|switch|p1b: Kyogre|Kyogre, L50|100/100\n|-weather|RainDance|[from] ability: Drizzle|[of] p1b: Kyogre\n|turn|6\n|\n|t:|1773702139\n|-end|p1a: Iron Treads|Quark Drive|[silent]\n|switch|p1a: Calyrex|Calyrex-Ice, L50|5/100\n|-ability|p1a: Calyrex|As One\n|-ability|p1a: Calyrex|Unnerve\n|move|p1b: Kyogre|Protect|p1b: Kyogre\n|-singleturn|p1b: Kyogre|Protect\n|move|p2b: Calyrex|Glacial Lance|p1a: Calyrex|[spread] p1a\n|-activate|p1b: Kyogre|move: Protect\n|-resisted|p1a: Calyrex\n|-damage|p1a: Calyrex|0 fnt\n|faint|p1a: Calyrex\n|-ability|p2b: Calyrex|Chilling Neigh|boost\n|-boost|p2b: Calyrex|atk|1\n|move|p2a: Scraggy|Endeavor|p1b: Kyogre\n|-activate|p1b: Kyogre|move: Protect\n|\n|-weather|RainDance|[upkeep]\n|-fieldend|move: Trick Room\n|upkeep\n|\n|t:|1773702149\n|switch|p1a: Iron Treads|Iron Treads, L50, tera:Ghost|14/100\n|turn|7\n|\n|t:|1773702174\n|move|p1a: Iron Treads|High Horsepower|p2a: Scraggy|[miss]\n|-miss|p1a: Iron Treads|p2a: Scraggy\n|move|p1b: Kyogre|Water Spout|p2b: Calyrex|[spread] p2a,p2b\n|-damage|p2a: Scraggy|0 fnt\n|-damage|p2b: Calyrex|28/100 par\n|faint|p2a: Scraggy\n|move|p2b: Calyrex|Glacial Lance|p1a: Iron Treads|[spread] p1a,p1b\n|-resisted|p1b: Kyogre\n|-damage|p1a: Iron Treads|0 fnt\n|-damage|p1b: Kyogre|34/100\n|faint|p1a: Iron Treads\n|-end|p1a: Iron Treads|Quark Drive|[silent]\n|-ability|p2b: Calyrex|Chilling Neigh|boost\n|-boost|p2b: Calyrex|atk|1\n|\n|-weather|RainDance|[upkeep]\n|upkeep\n|\n|t:|1773702185\n|switch|p2a: Miraidon|Miraidon, L50, shiny, tera:Fairy|91/100\n|-fieldstart|move: Electric Terrain|[from] ability: Hadron Engine|[of] p2a: Miraidon\n|turn|8\n|-message|raparent3 forfeited.\n|\n|win|sheeshshane925\n|raw|raparent3's rating: 1409 &rarr; <strong>1395</strong><br />(-14 for losing)\n|raw|sheeshshane925's rating: 1522 &rarr; <strong>1536</strong><br />(+14 for winning)\n|l|\u2606raparent3\n|player|p1|\n|l|\u2606sheeshshane925\n|player|p2|\n","uploadtime":1773702428,"views":11,"formatid":"gen9vgc2026regi","rating":1395,"private":0,"password":null}