{"id":"gen9vgc2026regi-2587451685","format":"[Gen 9] VGC 2026 Reg I","players":["FemdomEnjoyer","BenSon_A27_Zong"],"log":"|j|\u2606FemdomEnjoyer\n|j|\u2606BenSon_A27_Zong\n|t:|1776532958\n|gametype|doubles\n|player|p1|FemdomEnjoyer|n|1224\n|player|p2|BenSon_A27_Zong|bugsy|1191\n|gen|9\n|tier|[Gen 9] VGC 2026 Reg I\n|rated|\n|rule|Species Clause: Limit one of each Pok\u00e9mon\n|rule|Item Clause: Limit 1 of each item\n|clearpoke\n|poke|p1|Lunala, L50|\n|poke|p1|Ursaluna, L50, F|\n|poke|p1|Urshifu-*, L50, F|\n|poke|p1|Miraidon, L50|\n|poke|p1|Grimmsnarl, L50, M|\n|poke|p1|Incineroar, L50, M|\n|poke|p2|Muk-Alola, L50, F|\n|poke|p2|Dondozo, L50, F|\n|poke|p2|Grimmsnarl, L50, M|\n|poke|p2|Incineroar, L50, M|\n|poke|p2|Tatsugiri, L50, M|\n|poke|p2|Smeargle, L50, F|\n|teampreview|4\n|inactive|Battle timer is ON: inactive players will automatically lose when time's up. (requested by BenSon_A27_Zong)\n|inactive|FemdomEnjoyer also wants the timer to be on.\n|inactive|FemdomEnjoyer has 60 seconds left.\n|inactive|FemdomEnjoyer has 30 seconds left.\n|\n|t:|1776533025\n|teamsize|p1|4\n|teamsize|p2|4\n|start\n|switch|p1a: Grimmsnarl|Grimmsnarl, L50, M|100/100\n|switch|p1b: Urshifu|Urshifu-Rapid-Strike, L50, F|100/100\n|switch|p2a: Grimmsnarl|Grimmsnarl, L50, M|100/100\n|switch|p2b: Incineroar|Incineroar, L50, M|100/100\n|-ability|p2b: Incineroar|Intimidate|boost\n|-unboost|p1a: Grimmsnarl|atk|1\n|-unboost|p1b: Urshifu|atk|1\n|turn|1\n|\n|t:|1776533044\n|move|p2b: Incineroar|Fake Out|p1b: Urshifu\n|-damage|p1b: Urshifu|91/100\n|move|p1a: Grimmsnarl|Reflect|p1a: Grimmsnarl\n|-sidestart|p1: FemdomEnjoyer|Reflect\n|cant|p1b: Urshifu|flinch\n|move|p2a: Grimmsnarl|Spirit Break|p1b: Urshifu\n|-supereffective|p1b: Urshifu\n|-damage|p1b: Urshifu|34/100\n|-unboost|p1b: Urshifu|spa|1\n|\n|upkeep\n|turn|2\n|\n|t:|1776533064\n|move|p2a: Grimmsnarl|Reflect|p2a: Grimmsnarl\n|-sidestart|p2: BenSon_A27_Zong|Reflect\n|move|p1b: Urshifu|Surging Strikes|p2b: Incineroar\n|-supereffective|p2b: Incineroar\n|-crit|p2b: Incineroar\n|-damage|p2b: Incineroar|38/100\n|-enditem|p2b: Incineroar|Sitrus Berry|[eat]\n|-heal|p2b: Incineroar|63/100|[from] item: Sitrus Berry\n|-supereffective|p2b: Incineroar\n|-crit|p2b: Incineroar\n|-damage|p2b: Incineroar|5/100\n|-supereffective|p2b: Incineroar\n|-crit|p2b: Incineroar\n|-damage|p2b: Incineroar|0 fnt\n|faint|p2b: Incineroar\n|-hitcount|p2: Incineroar|3\n|move|p1a: Grimmsnarl|Spirit Break|p2a: Grimmsnarl\n|-supereffective|p2a: Grimmsnarl\n|-damage|p2a: Grimmsnarl|68/100\n|-unboost|p2a: Grimmsnarl|spa|1\n|\n|upkeep\n|\n|t:|1776533079\n|switch|p2b: Dondozo|Dondozo, L50, F|100/100\n|turn|3\n|\n|t:|1776533101\n|switch|p2b: Tatsugiri|Tatsugiri, L50, M|100/100\n|move|p2a: Grimmsnarl|Light Screen|p2a: Grimmsnarl\n|-sidestart|p2: BenSon_A27_Zong|move: Light Screen\n|move|p1a: Grimmsnarl|Thunder Wave|p2b: Tatsugiri\n|-status|p2b: Tatsugiri|par\n|move|p1b: Urshifu|Surging Strikes|p2a: Grimmsnarl\n|-crit|p2a: Grimmsnarl\n|-damage|p2a: Grimmsnarl|27/100\n|-crit|p2a: Grimmsnarl\n|-damage|p2a: Grimmsnarl|0 fnt\n|faint|p2a: Grimmsnarl\n|-hitcount|p2: Grimmsnarl|2\n|\n|upkeep\n|\n|t:|1776533105\n|switch|p2a: Dondozo|Dondozo, L50, F|100/100\n|-activate|p2b: Tatsugiri|ability: Commander|[of] p2a: Dondozo\n|-boost|p2a: Dondozo|atk|2\n|-boost|p2a: Dondozo|spa|2\n|-boost|p2a: Dondozo|spe|2\n|-boost|p2a: Dondozo|def|2\n|-boost|p2a: Dondozo|spd|2\n|turn|4\n|\n|t:|1776533126\n|move|p1a: Grimmsnarl|Thunder Wave|p2a: Dondozo|[miss]\n|-miss|p1a: Grimmsnarl|p2a: Dondozo\n|move|p2a: Dondozo|Order Up|p1b: Urshifu\n|-damage|p1b: Urshifu|0 fnt\n|faint|p1b: Urshifu\n|-boost|p2a: Dondozo|atk|1\n|\n|upkeep\n|\n|t:|1776533138\n|switch|p1b: Incineroar|Incineroar, L50, M|100/100\n|-ability|p1b: Incineroar|Intimidate|boost\n|-fail|p2a: Dondozo|unboost|[from] item: Clear Amulet|[of] p2a: Dondozo\n|-unboost|p2b: Tatsugiri|atk|1\n|turn|5\n|\n|t:|1776533150\n|move|p1b: Incineroar|Fake Out|p2a: Dondozo\n|-damage|p2a: Dondozo|98/100\n|move|p1a: Grimmsnarl|Thunder Wave|p2a: Dondozo\n|-status|p2a: Dondozo|par\n|cant|p2a: Dondozo|flinch\n|\n|upkeep\n|turn|6\n|\n|t:|1776533164\n|move|p1a: Grimmsnarl|Light Screen|p1a: Grimmsnarl\n|-sidestart|p1: FemdomEnjoyer|move: Light Screen\n|move|p2a: Dondozo|Earthquake|p1a: Grimmsnarl|[spread] p1a,p1b\n|-miss|p2a: Dondozo|p2b: Tatsugiri\n|-supereffective|p1b: Incineroar\n|-crit|p1b: Incineroar\n|-damage|p1a: Grimmsnarl|59/100\n|-damage|p1b: Incineroar|0 fnt\n|faint|p1b: Incineroar\n|\n|upkeep\n|\n|t:|1776533171\n|switch|p1b: Miraidon|Miraidon, L50|100/100\n|-fieldstart|move: Electric Terrain|[from] ability: Hadron Engine|[of] p1b: Miraidon\n|turn|7\n|\n|t:|1776533183\n|-terastallize|p1b: Miraidon|Electric\n|-terastallize|p2a: Dondozo|Grass\n|move|p1b: Miraidon|Electro Drift|p2a: Dondozo\n|-resisted|p2a: Dondozo\n|-damage|p2a: Dondozo|72/100 par\n|cant|p2a: Dondozo|par\n|move|p1a: Grimmsnarl|Spirit Break|p2a: Dondozo\n|-damage|p2a: Dondozo|64/100 par\n|\n|upkeep\n|turn|8\n|\n|t:|1776533201\n|move|p1b: Miraidon|Electro Drift|p2a: Dondozo\n|-resisted|p2a: Dondozo\n|-damage|p2a: Dondozo|40/100 par\n|move|p2a: Dondozo|Earthquake|p1a: Grimmsnarl|[spread] p1a,p1b\n|-miss|p2a: Dondozo|p2b: Tatsugiri\n|-supereffective|p1b: Miraidon\n|-damage|p1a: Grimmsnarl|17/100\n|-damage|p1b: Miraidon|29/100\n|move|p1a: Grimmsnarl|Spirit Break|p2a: Dondozo\n|-damage|p2a: Dondozo|32/100 par\n|\n|-sideend|p1: FemdomEnjoyer|Reflect\n|upkeep\n|turn|9\n|inactive|FemdomEnjoyer has 30 seconds left.\n|inactive|FemdomEnjoyer has 20 seconds left.\n|inactive|FemdomEnjoyer has 15 seconds left.\n|inactive|FemdomEnjoyer has 10 seconds left.\n|\n|t:|1776533247\n|move|p1b: Miraidon|Electro Drift|p2a: Dondozo\n|-resisted|p2a: Dondozo\n|-damage|p2a: Dondozo|8/100 par\n|move|p2a: Dondozo|Earthquake|p1a: Grimmsnarl|[spread] p1a,p1b\n|-miss|p2a: Dondozo|p2b: Tatsugiri\n|-supereffective|p1b: Miraidon\n|-damage|p1a: Grimmsnarl|0 fnt\n|-damage|p1b: Miraidon|0 fnt\n|faint|p1a: Grimmsnarl\n|faint|p1b: Miraidon\n|\n|win|BenSon_A27_Zong\n|raw|FemdomEnjoyer's rating: 1224 &rarr; <strong>1197</strong><br />(-27 for losing)\n|raw|BenSon_A27_Zong's rating: 1191 &rarr; <strong>1218</strong><br />(+27 for winning)\n|l|\u2606BenSon_A27_Zong\n|player|p2|\n|l|\u2606FemdomEnjoyer\n|player|p1|\n","uploadtime":1776533516,"views":9,"formatid":"gen9vgc2026regi","rating":1197,"private":0,"password":null}