{"id":"gen9vgc2026regi-2566688869","format":"[Gen 9] VGC 2026 Reg I","players":["jumento480","kyoshi4"],"log":"|j|\u2606jumento480\n|j|\u2606kyoshi4\n|t:|1774398448\n|gametype|doubles\n|player|p1|jumento480|eusine|1282\n|player|p2|kyoshi4|cynthia-gen4|1286\n|gen|9\n|tier|[Gen 9] VGC 2026 Reg I\n|rated|\n|rule|Species Clause: Limit one of each Pok\u00e9mon\n|rule|Item Clause: Limit 1 of each item\n|clearpoke\n|poke|p1|Incineroar, L50, M|\n|poke|p1|Meowscarada, L50, F|\n|poke|p1|Sceptile, L50, M|\n|poke|p1|Miraidon, L50|\n|poke|p1|Calyrex-Shadow, L50|\n|poke|p1|Iron Valiant, L50|\n|poke|p2|Chien-Pao, L50|\n|poke|p2|Zacian-*, L50|\n|poke|p2|Kyogre, L50|\n|poke|p2|Roaring Moon, L50|\n|poke|p2|Amoonguss, L50, M|\n|poke|p2|Urshifu-*, L50, M|\n|teampreview|4\n|inactive|Battle timer is ON: inactive players will automatically lose when time's up. (requested by kyoshi4)\n|\n|t:|1774398483\n|teamsize|p1|4\n|teamsize|p2|4\n|start\n|switch|p1a: Sceptile|Sceptile, L50, M|100/100\n|switch|p1b: Miraidon|Miraidon, L50|100/100\n|switch|p2a: Roaring Moon|Roaring Moon, L50|100/100\n|switch|p2b: Kyogre|Kyogre, L50|100/100\n|-fieldstart|move: Electric Terrain|[from] ability: Hadron Engine|[of] p1b: Miraidon\n|-enditem|p1a: Sceptile|Electric Seed\n|-boost|p1a: Sceptile|def|1|[from] item: Electric Seed\n|-weather|RainDance|[from] ability: Drizzle|[of] p2b: Kyogre\n|-enditem|p2a: Roaring Moon|Booster Energy\n|-activate|p2a: Roaring Moon|ability: Protosynthesis|[fromitem]\n|-start|p2a: Roaring Moon|protosynthesisspe\n|turn|1\n|\n|t:|1774398505\n|-terastallize|p2a: Roaring Moon|Flying\n|move|p1a: Sceptile|Grass Knot|p2b: Kyogre\n|-supereffective|p2b: Kyogre\n|-damage|p2b: Kyogre|17/100\n|move|p2a: Roaring Moon|Tailwind|p2a: Roaring Moon\n|-sidestart|p2: kyoshi4|move: Tailwind\n|move|p2b: Kyogre|Water Spout|p1a: Sceptile|[spread] p1a,p1b\n|-resisted|p1a: Sceptile\n|-resisted|p1b: Miraidon\n|-damage|p1a: Sceptile|87/100\n|-damage|p1b: Miraidon|92/100\n|move|p1b: Miraidon|Dazzling Gleam|p2a: Roaring Moon|[spread] p2a,p2b\n|-damage|p2a: Roaring Moon|61/100\n|-damage|p2b: Kyogre|0 fnt\n|faint|p2b: Kyogre\n|\n|-weather|RainDance|[upkeep]\n|upkeep\n|\n|t:|1774398522\n|switch|p2b: Zacian|Zacian-Crowned, L50|100/100\n|-ability|p2b: Zacian|Intrepid Sword|boost\n|-boost|p2b: Zacian|atk|1\n|turn|2\n|\n|t:|1774398530\n|switch|p1b: Incineroar|Incineroar, L50, M|100/100\n|-ability|p1b: Incineroar|Intimidate|boost\n|-unboost|p2a: Roaring Moon|atk|1\n|-unboost|p2b: Zacian|atk|1\n|move|p2a: Roaring Moon|Acrobatics|p1a: Sceptile\n|-supereffective|p1a: Sceptile\n|-damage|p1a: Sceptile|5/100\n|move|p2b: Zacian|Play Rough|p1b: Incineroar\n|-damage|p1b: Incineroar|51/100\n|move|p1a: Sceptile|Shed Tail|p1a: Sceptile\n|-fail|p1a: Sceptile|move: Shed Tail|[weak]\n|\n|-weather|RainDance|[upkeep]\n|upkeep\n|turn|3\n|inactive|jumento480 has 30 seconds left.\n|inactive|kyoshi4 has 30 seconds left.\n|\n|t:|1774398563\n|move|p2a: Roaring Moon|Protect|p2a: Roaring Moon\n|-singleturn|p2a: Roaring Moon|Protect\n|move|p2b: Zacian|Swords Dance|p2b: Zacian\n|-boost|p2b: Zacian|atk|2\n|move|p1a: Sceptile|Dragon Pulse|p2a: Roaring Moon\n|-activate|p2a: Roaring Moon|move: Protect\n|move|p1b: Incineroar|Flare Blitz|p2b: Zacian\n|-supereffective|p2b: Zacian\n|-damage|p2b: Zacian|46/100\n|-damage|p1b: Incineroar|35/100|[from] Recoil\n|\n|-weather|RainDance|[upkeep]\n|upkeep\n|turn|4\n|inactive|jumento480 has 30 seconds left.\n|inactive|kyoshi4 has 30 seconds left.\n|\n|t:|1774398590\n|switch|p1b: Miraidon|Miraidon, L50|92/100\n|-activate|p1b: Miraidon|ability: Hadron Engine\n|move|p1a: Sceptile|Protect|p1a: Sceptile\n|-singleturn|p1a: Sceptile|Protect\n|move|p2a: Roaring Moon|Knock Off|p1a: Sceptile\n|-activate|p1a: Sceptile|move: Protect\n|move|p2b: Zacian|Play Rough|p1b: Miraidon\n|-supereffective|p1b: Miraidon\n|-damage|p1b: Miraidon|0 fnt\n|faint|p1b: Miraidon\n|\n|-weather|RainDance|[upkeep]\n|-sideend|p2: kyoshi4|move: Tailwind\n|upkeep\n|\n|t:|1774398606\n|switch|p1b: Calyrex|Calyrex-Shadow, L50|100/100\n|-ability|p1b: Calyrex|As One\n|-ability|p1b: Calyrex|Unnerve\n|turn|5\n|\n|t:|1774398622\n|-terastallize|p1a: Sceptile|Dragon\n|move|p1a: Sceptile|Dragon Pulse|p2a: Roaring Moon\n|-damage|p2a: Roaring Moon|20/100\n|move|p2a: Roaring Moon|Tailwind|p2a: Roaring Moon\n|-sidestart|p2: kyoshi4|move: Tailwind\n|move|p2b: Zacian|Behemoth Blade|p1a: Sceptile\n|-damage|p1a: Sceptile|0 fnt\n|faint|p1a: Sceptile\n|move|p1b: Calyrex|Astral Barrage|p2a: Roaring Moon|[spread] p2a,p2b\n|-damage|p2a: Roaring Moon|0 fnt\n|-damage|p2b: Zacian|0 fnt\n|faint|p2a: Roaring Moon\n|-end|p2a: Roaring Moon|Protosynthesis|[silent]\n|faint|p2b: Zacian\n|-ability|p1b: Calyrex|Grim Neigh|boost\n|-boost|p1b: Calyrex|spa|2\n|\n|-weather|none\n|-fieldend|move: Electric Terrain\n|upkeep\n|inactive|kyoshi4 has 30 seconds left.\n|\n|t:|1774398655\n|switch|p2b: Vulcan|Urshifu-Rapid-Strike, L50, M|100/100\n|switch|p1a: Incineroar|Incineroar, L50, M|35/100\n|-ability|p1a: Incineroar|Intimidate|boost\n|-unboost|p2b: Vulcan|atk|1\n|turn|6\n|\n|t:|1774398664\n|move|p2b: Vulcan|Detect|p2b: Vulcan\n|-singleturn|p2b: Vulcan|Protect\n|move|p1a: Incineroar|Fake Out|p2b: Vulcan\n|-activate|p2b: Vulcan|move: Protect\n|move|p1b: Calyrex|Astral Barrage|p2b: Vulcan\n|-activate|p2b: Vulcan|move: Protect\n|\n|upkeep\n|turn|7\n|\n|t:|1774398684\n|move|p2b: Vulcan|Surging Strikes|p1b: Calyrex\n|-crit|p1b: Calyrex\n|-damage|p1b: Calyrex|72/100\n|-crit|p1b: Calyrex\n|-damage|p1b: Calyrex|44/100\n|-crit|p1b: Calyrex\n|-damage|p1b: Calyrex|13/100\n|-hitcount|p1b: Calyrex|3\n|move|p1b: Calyrex|Astral Barrage|p2b: Vulcan\n|-damage|p2b: Vulcan|0 fnt\n|faint|p2b: Vulcan\n|\n|win|jumento480\n|raw|jumento480's rating: 1282 &rarr; <strong>1307</strong><br />(+25 for winning)\n|raw|kyoshi4's rating: 1286 &rarr; <strong>1261</strong><br />(-25 for losing)\n|l|\u2606kyoshi4\n|player|p2|\n|l|\u2606jumento480\n|player|p1|\n","uploadtime":1774398874,"views":14,"formatid":"gen9vgc2026regi","rating":1261,"private":0,"password":null}