{"id":"gen9vgc2026regi-2533099268","format":"[Gen 9] VGC 2026 Reg I","players":["mnmnmnmnm6","yubanmeiqin"],"log":"|j|\u2606mnmnmnmnm6\n|j|\u2606yubanmeiqin\n|t:|1770256847\n|gametype|doubles\n|player|p1|mnmnmnmnm6|chuck|1351\n|player|p2|yubanmeiqin|iono-masters|1431\n|gen|9\n|tier|[Gen 9] VGC 2026 Reg I\n|rated|\n|rule|Species Clause: Limit one of each Pok\u00e9mon\n|rule|Item Clause: Limit 1 of each item\n|clearpoke\n|poke|p1|Miraidon, L50|\n|poke|p1|Landorus-Therian, L50, M|\n|poke|p1|Farigiraf, L50, F|\n|poke|p1|Chi-Yu, L50|\n|poke|p1|Rillaboom, L50, M|\n|poke|p1|Zamazenta-*, L50|\n|poke|p2|Zacian-*, L50|\n|poke|p2|Kyogre, L50|\n|poke|p2|Amoonguss, L50, M|\n|poke|p2|Incineroar, L50, M|\n|poke|p2|Urshifu-*, L50, M|\n|poke|p2|Iron Jugulis, L50|\n|teampreview|4\n|inactive|Battle timer is ON: inactive players will automatically lose when time's up. (requested by mnmnmnmnm6)\n|inactive|mnmnmnmnm6 has 60 seconds left.\n|inactive|yubanmeiqin has 60 seconds left.\n|\n|t:|1770256879\n|teamsize|p1|4\n|teamsize|p2|4\n|start\n|switch|p1a: Zamazenta|Zamazenta-Crowned, L50|100/100\n|switch|p1b: Rillaboom|Rillaboom, L50, M|100/100\n|switch|p2a: \u53eb\u6211\u4e3b\u4eba\ud83d\ude21|Urshifu-Rapid-Strike, L50, M|100/100\n|switch|p2b: \u6211\u559c\u6b22\u4f60|Amoonguss, L50, M|100/100\n|-ability|p1a: Zamazenta|Dauntless Shield|boost\n|-boost|p1a: Zamazenta|def|1\n|-fieldstart|move: Grassy Terrain|[from] ability: Grassy Surge|[of] p1b: Rillaboom\n|turn|1\n|\n|t:|1770256901\n|move|p1a: Zamazenta|Protect|p1a: Zamazenta\n|-singleturn|p1a: Zamazenta|Protect\n|move|p1b: Rillaboom|Grassy Glide|p2a: \u53eb\u6211\u4e3b\u4eba\ud83d\ude21\n|-supereffective|p2a: \u53eb\u6211\u4e3b\u4eba\ud83d\ude21\n|-damage|p2a: \u53eb\u6211\u4e3b\u4eba\ud83d\ude21|0 fnt\n|faint|p2a: \u53eb\u6211\u4e3b\u4eba\ud83d\ude21\n|move|p2b: \u6211\u559c\u6b22\u4f60|Spore|p1a: Zamazenta\n|-activate|p1a: Zamazenta|move: Protect\n|\n|upkeep\n|\n|t:|1770256907\n|switch|p2a: \u963f\u5c14\u6258\u8389\u96c5|Zacian-Crowned, L50, shiny|100/100\n|-ability|p2a: \u963f\u5c14\u6258\u8389\u96c5|Intrepid Sword|boost\n|-boost|p2a: \u963f\u5c14\u6258\u8389\u96c5|atk|1\n|turn|2\n|\n|t:|1770256923\n|switch|p1b: Miraidon|Miraidon, L50|100/100\n|-fieldstart|move: Electric Terrain|[from] ability: Hadron Engine|[of] p1b: Miraidon\n|move|p2a: \u963f\u5c14\u6258\u8389\u96c5|Play Rough|p1b: Miraidon\n|-supereffective|p1b: Miraidon\n|-damage|p1b: Miraidon|0 fnt\n|faint|p1b: Miraidon\n|move|p1a: Zamazenta|Body Press|p2a: \u963f\u5c14\u6258\u8389\u96c5\n|-damage|p2a: \u963f\u5c14\u6258\u8389\u96c5|35/100\n|move|p2b: \u6211\u559c\u6b22\u4f60|Pollen Puff|p2a: \u963f\u5c14\u6258\u8389\u96c5\n|-heal|p2a: \u963f\u5c14\u6258\u8389\u96c5|85/100\n|\n|upkeep\n|\n|t:|1770256936\n|switch|p1b: Landorus|Landorus-Therian, L50, M|100/100\n|-ability|p1b: Landorus|Intimidate|boost\n|-unboost|p2a: \u963f\u5c14\u6258\u8389\u96c5|atk|1\n|-unboost|p2b: \u6211\u559c\u6b22\u4f60|atk|1\n|turn|3\n|\n|t:|1770256956\n|-terastallize|p1b: Landorus|Water\n|move|p2a: \u963f\u5c14\u6258\u8389\u96c5|Protect|p2a: \u963f\u5c14\u6258\u8389\u96c5\n|-singleturn|p2a: \u963f\u5c14\u6258\u8389\u96c5|Protect\n|move|p1a: Zamazenta|Protect|p1a: Zamazenta\n|-singleturn|p1a: Zamazenta|Protect\n|move|p1b: Landorus|Bulldoze|p2b: \u6211\u559c\u6b22\u4f60|[spread] p2b\n|-activate|p1a: Zamazenta|move: Protect\n|-activate|p2a: \u963f\u5c14\u6258\u8389\u96c5|move: Protect\n|-damage|p2b: \u6211\u559c\u6b22\u4f60|77/100\n|-unboost|p2b: \u6211\u559c\u6b22\u4f60|spe|1\n|move|p2b: \u6211\u559c\u6b22\u4f60|Spore|p1b: Landorus\n|-activate|p1b: Landorus|move: Electric Terrain\n|\n|upkeep\n|turn|4\n|inactive|yubanmeiqin has 30 seconds left.\n|\n|t:|1770256985\n|switch|p2a: \u9a6c\u5243\u5929\u7231\u661f|Kyogre, L50, shiny|100/100\n|-weather|RainDance|[from] ability: Drizzle|[of] p2a: \u9a6c\u5243\u5929\u7231\u661f\n|move|p1a: Zamazenta|Body Press|p2a: \u9a6c\u5243\u5929\u7231\u661f\n|-damage|p2a: \u9a6c\u5243\u5929\u7231\u661f|38/100\n|move|p1b: Landorus|Stomping Tantrum|p2a: \u9a6c\u5243\u5929\u7231\u661f\n|-damage|p2a: \u9a6c\u5243\u5929\u7231\u661f|2/100\n|move|p2b: \u6211\u559c\u6b22\u4f60|Pollen Puff|p2a: \u9a6c\u5243\u5929\u7231\u661f\n|-heal|p2a: \u9a6c\u5243\u5929\u7231\u661f|52/100\n|\n|-weather|RainDance|[upkeep]\n|upkeep\n|turn|5\n|\n|t:|1770257007\n|move|p1a: Zamazenta|Wide Guard|p1a: Zamazenta\n|-singleturn|p1a: Zamazenta|Wide Guard\n|move|p2b: \u6211\u559c\u6b22\u4f60|Rage Powder|p2b: \u6211\u559c\u6b22\u4f60\n|-singleturn|p2b: \u6211\u559c\u6b22\u4f60|move: Rage Powder\n|move|p2a: \u9a6c\u5243\u5929\u7231\u661f|Thunder|p1b: Landorus\n|-supereffective|p1b: Landorus\n|-damage|p1b: Landorus|32/100\n|-status|p1b: Landorus|par\n|move|p1b: Landorus|Bulldoze|p2a: \u9a6c\u5243\u5929\u7231\u661f|[spread] p2a,p2b\n|-activate|p1a: Zamazenta|move: Wide Guard\n|-damage|p2a: \u9a6c\u5243\u5929\u7231\u661f|30/100\n|-damage|p2b: \u6211\u559c\u6b22\u4f60|54/100\n|-unboost|p2a: \u9a6c\u5243\u5929\u7231\u661f|spe|1\n|-unboost|p2b: \u6211\u559c\u6b22\u4f60|spe|1\n|\n|-weather|RainDance|[upkeep]\n|upkeep\n|turn|6\n|\n|t:|1770257030\n|switch|p2a: \u963f\u5c14\u6258\u8389\u96c5|Zacian-Crowned, L50, shiny|85/100\n|move|p1a: Zamazenta|Body Press|p2a: \u963f\u5c14\u6258\u8389\u96c5\n|-damage|p2a: \u963f\u5c14\u6258\u8389\u96c5|25/100\n|move|p1b: Landorus|Stomping Tantrum|p2b: \u6211\u559c\u6b22\u4f60\n|-damage|p2b: \u6211\u559c\u6b22\u4f60|15/100\n|-damage|p1b: Landorus|15/100 par|[from] item: Rocky Helmet|[of] p2b: \u6211\u559c\u6b22\u4f60\n|move|p2b: \u6211\u559c\u6b22\u4f60|Pollen Puff|p2a: \u963f\u5c14\u6258\u8389\u96c5\n|-heal|p2a: \u963f\u5c14\u6258\u8389\u96c5|75/100\n|\n|-weather|RainDance|[upkeep]\n|-fieldend|move: Electric Terrain\n|upkeep\n|turn|7\n|\n|t:|1770257050\n|move|p1a: Zamazenta|Protect|p1a: Zamazenta\n|-singleturn|p1a: Zamazenta|Protect\n|move|p2b: \u6211\u559c\u6b22\u4f60|Protect|p2b: \u6211\u559c\u6b22\u4f60\n|-singleturn|p2b: \u6211\u559c\u6b22\u4f60|Protect\n|move|p2a: \u963f\u5c14\u6258\u8389\u96c5|Behemoth Blade|p1b: Landorus\n|-resisted|p1b: Landorus\n|-damage|p1b: Landorus|0 fnt\n|faint|p1b: Landorus\n|\n|-weather|RainDance|[upkeep]\n|upkeep\n|\n|t:|1770257059\n|switch|p1b: Rillaboom|Rillaboom, L50, M|100/100\n|-fieldstart|move: Grassy Terrain|[from] ability: Grassy Surge|[of] p1b: Rillaboom\n|turn|8\n|\n|t:|1770257070\n|switch|p2b: \u9a6c\u5243\u5929\u7231\u661f|Kyogre, L50, shiny|30/100\n|move|p2a: \u963f\u5c14\u6258\u8389\u96c5|Protect|p2a: \u963f\u5c14\u6258\u8389\u96c5\n|-singleturn|p2a: \u963f\u5c14\u6258\u8389\u96c5|Protect\n|move|p1b: Rillaboom|Grassy Glide|p2b: \u9a6c\u5243\u5929\u7231\u661f\n|-supereffective|p2b: \u9a6c\u5243\u5929\u7231\u661f\n|-damage|p2b: \u9a6c\u5243\u5929\u7231\u661f|0 fnt\n|faint|p2b: \u9a6c\u5243\u5929\u7231\u661f\n|move|p1a: Zamazenta|Body Press|p2a: \u963f\u5c14\u6258\u8389\u96c5\n|-activate|p2a: \u963f\u5c14\u6258\u8389\u96c5|move: Protect\n|\n|-weather|none\n|-heal|p2a: \u963f\u5c14\u6258\u8389\u96c5|81/100|[from] Grassy Terrain\n|upkeep\n|\n|t:|1770257076\n|switch|p2b: \u6211\u559c\u6b22\u4f60|Amoonguss, L50, M|48/100\n|turn|9\n|\n|t:|1770257090\n|move|p2b: \u6211\u559c\u6b22\u4f60|Rage Powder|p2b: \u6211\u559c\u6b22\u4f60\n|-singleturn|p2b: \u6211\u559c\u6b22\u4f60|move: Rage Powder\n|move|p1b: Rillaboom|Grassy Glide|p2b: \u6211\u559c\u6b22\u4f60\n|-resisted|p2b: \u6211\u559c\u6b22\u4f60\n|-damage|p2b: \u6211\u559c\u6b22\u4f60|36/100\n|-damage|p1b: Rillaboom|84/100|[from] item: Rocky Helmet|[of] p2b: \u6211\u559c\u6b22\u4f60\n|move|p2a: \u963f\u5c14\u6258\u8389\u96c5|Behemoth Blade|p1b: Rillaboom\n|-damage|p1b: Rillaboom|26/100\n|move|p1a: Zamazenta|Body Press|p2b: \u6211\u559c\u6b22\u4f60\n|-resisted|p2b: \u6211\u559c\u6b22\u4f60\n|-damage|p2b: \u6211\u559c\u6b22\u4f60|4/100\n|-damage|p1a: Zamazenta|84/100|[from] item: Rocky Helmet|[of] p2b: \u6211\u559c\u6b22\u4f60\n|\n|-heal|p2a: \u963f\u5c14\u6258\u8389\u96c5|87/100|[from] Grassy Terrain\n|-heal|p1a: Zamazenta|90/100|[from] Grassy Terrain\n|-heal|p1b: Rillaboom|32/100|[from] Grassy Terrain\n|-heal|p2b: \u6211\u559c\u6b22\u4f60|10/100|[from] Grassy Terrain\n|upkeep\n|turn|10\n|\n|t:|1770257107\n|move|p2b: \u6211\u559c\u6b22\u4f60|Protect|p2b: \u6211\u559c\u6b22\u4f60\n|-singleturn|p2b: \u6211\u559c\u6b22\u4f60|Protect\n|move|p1b: Rillaboom|Grassy Glide|p2b: \u6211\u559c\u6b22\u4f60\n|-activate|p2b: \u6211\u559c\u6b22\u4f60|move: Protect\n|move|p2a: \u963f\u5c14\u6258\u8389\u96c5|Behemoth Blade|p1b: Rillaboom\n|-damage|p1b: Rillaboom|0 fnt\n|faint|p1b: Rillaboom\n|move|p1a: Zamazenta|Body Press|p2a: \u963f\u5c14\u6258\u8389\u96c5\n|-damage|p2a: \u963f\u5c14\u6258\u8389\u96c5|21/100\n|\n|-heal|p2a: \u963f\u5c14\u6258\u8389\u96c5|27/100|[from] Grassy Terrain\n|-heal|p1a: Zamazenta|96/100|[from] Grassy Terrain\n|-heal|p2b: \u6211\u559c\u6b22\u4f60|15/100|[from] Grassy Terrain\n|upkeep\n|turn|11\n|\n|t:|1770257121\n|move|p2b: \u6211\u559c\u6b22\u4f60|Rage Powder|p2b: \u6211\u559c\u6b22\u4f60\n|-singleturn|p2b: \u6211\u559c\u6b22\u4f60|move: Rage Powder\n|move|p2a: \u963f\u5c14\u6258\u8389\u96c5|Sacred Sword|p1a: Zamazenta\n|-supereffective|p1a: Zamazenta\n|-crit|p1a: Zamazenta\n|-damage|p1a: Zamazenta|38/100\n|move|p1a: Zamazenta|Body Press|p2b: \u6211\u559c\u6b22\u4f60\n|-resisted|p2b: \u6211\u559c\u6b22\u4f60\n|-damage|p2b: \u6211\u559c\u6b22\u4f60|0 fnt\n|-damage|p1a: Zamazenta|22/100|[from] item: Rocky Helmet|[of] p2b: \u6211\u559c\u6b22\u4f60\n|faint|p2b: \u6211\u559c\u6b22\u4f60\n|\n|-heal|p2a: \u963f\u5c14\u6258\u8389\u96c5|33/100|[from] Grassy Terrain\n|-heal|p1a: Zamazenta|27/100|[from] Grassy Terrain\n|upkeep\n|turn|12\n|\n|t:|1770257133\n|move|p1a: Zamazenta|Protect|p1a: Zamazenta\n|-singleturn|p1a: Zamazenta|Protect\n|move|p2a: \u963f\u5c14\u6258\u8389\u96c5|Sacred Sword|p1a: Zamazenta\n|-activate|p1a: Zamazenta|move: Protect\n|\n|-heal|p2a: \u963f\u5c14\u6258\u8389\u96c5|40/100|[from] Grassy Terrain\n|-heal|p1a: Zamazenta|33/100|[from] Grassy Terrain\n|-fieldend|move: Grassy Terrain\n|upkeep\n|turn|13\n|\n|t:|1770257141\n|move|p2a: \u963f\u5c14\u6258\u8389\u96c5|Sacred Sword|p1a: Zamazenta\n|-supereffective|p1a: Zamazenta\n|-damage|p1a: Zamazenta|0 fnt\n|faint|p1a: Zamazenta\n|\n|win|yubanmeiqin\n|raw|mnmnmnmnm6's rating: 1351 &rarr; <strong>1336</strong><br />(-15 for losing)\n|raw|yubanmeiqin's rating: 1431 &rarr; <strong>1446</strong><br />(+15 for winning)\n|l|\u2606yubanmeiqin\n|player|p2|\n|l|\u2606mnmnmnmnm6\n|player|p1|\n","uploadtime":1770257337,"views":13,"formatid":"gen9vgc2026regi","rating":1336,"private":0,"password":null}