{"id":"gen9vgc2026regi-2573839640","format":"[Gen 9] VGC 2026 Reg I","players":["Dezmane","WilliamguidiVGC"],"log":"|j|\u2606Dezmane\n|j|\u2606WilliamguidiVGC\n|t:|1775169942\n|gametype|doubles\n|player|p1|Dezmane|102|1417\n|player|p2|WilliamguidiVGC|2|1492\n|gen|9\n|tier|[Gen 9] VGC 2026 Reg I\n|rated|\n|rule|Species Clause: Limit one of each Pok\u00e9mon\n|rule|Item Clause: Limit 1 of each item\n|clearpoke\n|poke|p1|Kyogre, L50|\n|poke|p1|Miraidon, L50|\n|poke|p1|Kingambit, L50, F|\n|poke|p1|Ogerpon-Hearthflame, L50, F|\n|poke|p1|Iron Bundle, L50|\n|poke|p1|Landorus-Therian, L50, M|\n|poke|p2|Calyrex-Shadow, L50|\n|poke|p2|Smeargle, L50, F|\n|poke|p2|Raging Bolt, L50|\n|poke|p2|Rillaboom, L50, M|\n|poke|p2|Tornadus, L50, M|\n|poke|p2|Zamazenta-*, L50|\n|teampreview|4\n|inactive|Battle timer is ON: inactive players will automatically lose when time's up. (requested by Dezmane)\n|\n|t:|1775169971\n|teamsize|p1|4\n|teamsize|p2|4\n|start\n|switch|p1a: Miraidon|Miraidon, L50|100/100\n|switch|p1b: Ogerpon|Ogerpon-Hearthflame, L50, F|100/100\n|switch|p2a: Calyrex|Calyrex-Shadow, L50|100/100\n|switch|p2b: Smeargle|Smeargle, L50, F|100/100\n|-ability|p2a: Calyrex|As One\n|-ability|p2a: Calyrex|Unnerve\n|-fieldstart|move: Electric Terrain|[from] ability: Hadron Engine|[of] p1a: Miraidon\n|-ability|p1b: Ogerpon|Mold Breaker\n|turn|1\n|\n|t:|1775169994\n|move|p2b: Smeargle|Fake Out|p1b: Ogerpon\n|-damage|p1b: Ogerpon|96/100\n|move|p2a: Calyrex|Astral Barrage|p1a: Miraidon|[spread] p1a,p1b\n|-damage|p1a: Miraidon|34/100\n|-damage|p1b: Ogerpon|37/100\n|-damage|p2a: Calyrex|91/100|[from] item: Life Orb\n|move|p1a: Miraidon|Snarl|p2b: Smeargle|[spread] p2a,p2b\n|-supereffective|p2a: Calyrex\n|-damage|p2a: Calyrex|22/100\n|-damage|p2b: Smeargle|47/100\n|-unboost|p2a: Calyrex|spa|1\n|-unboost|p2b: Smeargle|spa|1\n|cant|p1b: Ogerpon|flinch\n|\n|-ability|p2b: Smeargle|Moody|boost\n|-boost|p2b: Smeargle|def|2\n|-unboost|p2b: Smeargle|spd|1\n|upkeep\n|turn|2\n|\n|t:|1775170019\n|switch|p2a: Rillaboom|Rillaboom, L50, M|100/100\n|-fieldstart|move: Grassy Terrain|[from] ability: Grassy Surge|[of] p2a: Rillaboom\n|switch|p1b: Kyogre|Kyogre, L50|100/100\n|-weather|RainDance|[from] ability: Drizzle|[of] p1b: Kyogre\n|move|p1a: Miraidon|Snarl|p2b: Smeargle|[spread] p2a,p2b\n|-damage|p2a: Rillaboom|91/100\n|-damage|p2b: Smeargle|0 fnt\n|-unboost|p2a: Rillaboom|spa|1\n|faint|p2b: Smeargle\n|\n|-weather|RainDance|[upkeep]\n|-heal|p1a: Miraidon|39/100|[from] Grassy Terrain\n|-heal|p2a: Rillaboom|97/100|[from] Grassy Terrain\n|upkeep\n|\n|t:|1775170024\n|switch|p2b: Calyrex|Calyrex-Shadow, L50|22/100\n|-ability|p2b: Calyrex|As One\n|-ability|p2b: Calyrex|Unnerve\n|turn|3\n|inactive|Dezmane has 30 seconds left.\n|\n|t:|1775170053\n|-terastallize|p1b: Kyogre|Dragon\n|move|p1a: Miraidon|Protect|p1a: Miraidon\n|-singleturn|p1a: Miraidon|Protect\n|move|p2a: Rillaboom|Fake Out|p1b: Kyogre\n|-damage|p1b: Kyogre|89/100\n|move|p2b: Calyrex|Astral Barrage|p1b: Kyogre|[spread] p1b\n|-activate|p1a: Miraidon|move: Protect\n|-damage|p1b: Kyogre|68/100\n|-damage|p2b: Calyrex|12/100|[from] item: Life Orb\n|cant|p1b: Kyogre|flinch\n|\n|-weather|RainDance|[upkeep]\n|-heal|p2b: Calyrex|18/100|[from] Grassy Terrain\n|-heal|p1a: Miraidon|45/100|[from] Grassy Terrain\n|-heal|p2a: Rillaboom|100/100|[from] Grassy Terrain\n|-heal|p1b: Kyogre|74/100|[from] Grassy Terrain\n|upkeep\n|turn|4\n|inactive|WilliamguidiVGC has 30 seconds left.\n|inactive|WilliamguidiVGC has 20 seconds left.\n|\n|t:|1775170089\n|switch|p1a: Landorus|Landorus-Therian, L50, M|100/100\n|-ability|p1a: Landorus|Intimidate|boost\n|-unboost|p2a: Rillaboom|atk|1\n|-unboost|p2b: Calyrex|atk|1\n|move|p2b: Calyrex|Protect|p2b: Calyrex\n|-singleturn|p2b: Calyrex|Protect\n|move|p2a: Rillaboom|Wood Hammer|p1b: Kyogre\n|-resisted|p1b: Kyogre\n|-damage|p1b: Kyogre|52/100\n|-damage|p2a: Rillaboom|93/100|[from] Recoil\n|move|p1b: Kyogre|Origin Pulse|p2b: Calyrex|[spread] p2a\n|-activate|p2b: Calyrex|move: Protect\n|-resisted|p2a: Rillaboom\n|-damage|p2a: Rillaboom|72/100\n|\n|-weather|RainDance|[upkeep]\n|-heal|p2b: Calyrex|24/100|[from] Grassy Terrain\n|-heal|p2a: Rillaboom|78/100|[from] Grassy Terrain\n|-heal|p1b: Kyogre|58/100|[from] Grassy Terrain\n|upkeep\n|turn|5\n|\n|t:|1775170110\n|move|p1a: Landorus|Stomping Tantrum|p2b: Calyrex\n|-damage|p2b: Calyrex|0 fnt\n|faint|p2b: Calyrex\n|move|p2a: Rillaboom|Wood Hammer|p1b: Kyogre\n|-resisted|p1b: Kyogre\n|-damage|p1b: Kyogre|34/100\n|-damage|p2a: Rillaboom|70/100|[from] Recoil\n|move|p1b: Kyogre|Ice Beam|p2a: Rillaboom\n|-supereffective|p2a: Rillaboom\n|-damage|p2a: Rillaboom|29/100\n|-status|p2a: Rillaboom|frz\n|\n|-weather|RainDance|[upkeep]\n|-heal|p2a: Rillaboom|34/100 frz|[from] Grassy Terrain\n|-heal|p1b: Kyogre|40/100|[from] Grassy Terrain\n|upkeep\n|-message|WilliamguidiVGC forfeited.\n|\n|win|Dezmane\n|raw|Dezmane's rating: 1417 &rarr; <strong>1441</strong><br />(+24 for winning)\n|raw|WilliamguidiVGC's rating: 1492 &rarr; <strong>1468</strong><br />(-24 for losing)\n|l|\u2606WilliamguidiVGC\n|player|p2|\n","uploadtime":1775170174,"views":13,"formatid":"gen9vgc2026regi","rating":1441,"private":0,"password":null}