{"id":"gen9vgc2026regi-2553778671","format":"[Gen 9] VGC 2026 Reg I","players":["Erseo05","wasaad5"],"log":"|j|\u2606Erseo05\n|j|\u2606wasaad5\n|t:|1772878897\n|gametype|doubles\n|player|p1|Erseo05|lucas|1505\n|player|p2|wasaad5|blue|1356\n|gen|9\n|tier|[Gen 9] VGC 2026 Reg I\n|rated|\n|rule|Species Clause: Limit one of each Pok\u00e9mon\n|rule|Item Clause: Limit 1 of each item\n|clearpoke\n|poke|p1|Kyogre, L50|\n|poke|p1|Tornadus, L50, M|\n|poke|p1|Landorus, L50, M|\n|poke|p1|Calyrex-Shadow, L50|\n|poke|p1|Amoonguss, L50, F|\n|poke|p1|Indeedee-F, L50, F|\n|poke|p2|Kyurem-White, L50|\n|poke|p2|Zacian-*, L50|\n|poke|p2|Sableye, L50, F|\n|poke|p2|Urshifu-*, L50, F|\n|poke|p2|Amoonguss, L50, F|\n|poke|p2|Incineroar, L50, F|\n|teampreview|4\n|inactive|Battle timer is ON: inactive players will automatically lose when time's up. (requested by Erseo05)\n|\n|t:|1772878926\n|teamsize|p1|4\n|teamsize|p2|4\n|start\n|switch|p1a: Tornadus|Tornadus, L50, M|100/100\n|switch|p1b: Landorus|Landorus, L50, M|100/100\n|switch|p2a: Urshifu|Urshifu-Rapid-Strike, L50, F|100/100\n|switch|p2b: Sableye|Sableye, L50, F|100/100\n|turn|1\n|\n|t:|1772878949\n|-terastallize|p2a: Urshifu|Water\n|-terastallize|p1b: Landorus|Steel\n|move|p2b: Sableye|Quash|p1b: Landorus\n|-activate|p1b: Landorus|move: Quash\n|move|p2a: Urshifu|Surging Strikes|p1b: Landorus\n|-crit|p1b: Landorus\n|-damage|p1b: Landorus|62/100\n|-crit|p1b: Landorus\n|-damage|p1b: Landorus|23/100\n|-crit|p1b: Landorus\n|-damage|p1b: Landorus|0 fnt\n|faint|p1b: Landorus\n|-hitcount|p1: Landorus|3\n|move|p1a: Tornadus|Bleakwind Storm|p2a: Urshifu|[spread] p2a,p2b\n|-damage|p2a: Urshifu|39/100\n|-damage|p2b: Sableye|32/100\n|\n|upkeep\n|\n|t:|1772878964\n|switch|p1b: Kyogre|Kyogre, L50|100/100\n|-weather|RainDance|[from] ability: Drizzle|[of] p1b: Kyogre\n|turn|2\n|\n|t:|1772878986\n|move|p1a: Tornadus|Tailwind|p1a: Tornadus\n|-sidestart|p1: Erseo05|move: Tailwind\n|move|p2b: Sableye|Quash|p1b: Kyogre\n|-activate|p1b: Kyogre|move: Quash\n|move|p2a: Urshifu|Surging Strikes|p1b: Kyogre\n|-resisted|p1b: Kyogre\n|-crit|p1b: Kyogre\n|-damage|p1b: Kyogre|77/100\n|-resisted|p1b: Kyogre\n|-crit|p1b: Kyogre\n|-damage|p1b: Kyogre|53/100\n|-resisted|p1b: Kyogre\n|-crit|p1b: Kyogre\n|-damage|p1b: Kyogre|30/100\n|-hitcount|p1b: Kyogre|3\n|move|p1b: Kyogre|Thunder|p2a: Urshifu\n|-supereffective|p2a: Urshifu\n|-damage|p2a: Urshifu|0 fnt\n|faint|p2a: Urshifu\n|\n|-weather|RainDance|[upkeep]\n|upkeep\n|\n|t:|1772878991\n|switch|p2a: Zacian|Zacian-Crowned, L50|100/100\n|-ability|p2a: Zacian|Intrepid Sword|boost\n|-boost|p2a: Zacian|atk|1\n|turn|3\n|inactive|wasaad5 has 30 seconds left.\n|inactive|wasaad5 has 20 seconds left.\n|\n|t:|1772879032\n|move|p2b: Sableye|Quash|p1b: Kyogre\n|-activate|p1b: Kyogre|move: Quash\n|move|p1a: Tornadus|Bleakwind Storm|p2b: Sableye|[spread] p2a,p2b\n|-resisted|p2a: Zacian\n|-damage|p2a: Zacian|81/100\n|-damage|p2b: Sableye|0 fnt\n|faint|p2b: Sableye\n|move|p2a: Zacian|Play Rough|p1b: Kyogre\n|-damage|p1b: Kyogre|0 fnt\n|faint|p1b: Kyogre\n|\n|-weather|RainDance|[upkeep]\n|upkeep\n|\n|t:|1772879040\n|switch|p1b: Calyrex|Calyrex-Shadow, L50|100/100\n|switch|p2b: Kyurem|Kyurem-White, L50, shiny|100/100\n|-ability|p1b: Calyrex|As One\n|-ability|p1b: Calyrex|Unnerve\n|-ability|p2b: Kyurem|Turboblaze\n|turn|4\n|\n|t:|1772879048\n|move|p2a: Zacian|Protect|p2a: Zacian\n|-singleturn|p2a: Zacian|Protect\n|move|p1b: Calyrex|Astral Barrage|p2b: Kyurem|[spread] p2b\n|-activate|p2a: Zacian|move: Protect\n|-damage|p2b: Kyurem|72/100\n|move|p1a: Tornadus|Bleakwind Storm|p2b: Kyurem|[spread] p2b\n|-activate|p2a: Zacian|move: Protect\n|-damage|p2b: Kyurem|50/100\n|move|p2b: Kyurem|Blizzard|p1b: Calyrex|[spread] p1a\n|-miss|p2b: Kyurem|p1b: Calyrex\n|-supereffective|p1a: Tornadus\n|-damage|p1a: Tornadus|0 fnt\n|faint|p1a: Tornadus\n|\n|-weather|RainDance|[upkeep]\n|upkeep\n|turn|5\n|j| globalfish39\n|\n|t:|1772879068\n|move|p1b: Calyrex|Encore|p2a: Zacian\n|-start|p2a: Zacian|Encore\n|move|p2a: Zacian|Protect|p2a: Zacian\n|-singleturn|p2a: Zacian|Protect\n|move|p2b: Kyurem|Freeze-Dry|p1b: Calyrex\n|-damage|p1b: Calyrex|59/100\n|-status|p1b: Calyrex|frz\n|\n|-weather|RainDance|[upkeep]\n|-sideend|p1: Erseo05|move: Tailwind\n|upkeep\n|turn|6\n|\n|t:|1772879077\n|move|p2a: Zacian|Protect||[still]\n|-fail|p2a: Zacian\n|cant|p1b: Calyrex|frz\n|move|p2b: Kyurem|Freeze-Dry|p1b: Calyrex\n|-damage|p1b: Calyrex|16/100 frz\n|\n|-weather|none\n|upkeep\n|turn|7\n|\n|t:|1772879083\n|move|p2a: Zacian|Protect|p2a: Zacian\n|-singleturn|p2a: Zacian|Protect\n|-curestatus|p1b: Calyrex|frz|[msg]\n|move|p1b: Calyrex|Astral Barrage|p2b: Kyurem|[spread] p2b\n|-activate|p2a: Zacian|move: Protect\n|-damage|p2b: Kyurem|21/100\n|move|p2b: Kyurem|Freeze-Dry|p1b: Calyrex\n|-damage|p1b: Calyrex|0 fnt\n|faint|p1b: Calyrex\n|\n|win|wasaad5\n|raw|Erseo05's rating: 1505 &rarr; <strong>1477</strong><br />(-28 for losing)\n|raw|wasaad5's rating: 1356 &rarr; <strong>1384</strong><br />(+28 for winning)\n|l|\u2606wasaad5\n|player|p2|\n|l|\u2606Erseo05\n|player|p1|\n","uploadtime":1772879323,"views":13,"formatid":"gen9vgc2026regi","rating":1384,"private":0,"password":null}