{"id":"gen9vgc2026regi-2588029980","format":"[Gen 9] VGC 2026 Reg I","players":["Galact7adi","chue3"],"log":"|j|\u2606Galact7adi\n|j|\u2606chue3\n|t:|1776595302\n|gametype|doubles\n|player|p1|Galact7adi|hilbert|1564\n|player|p2|chue3|102|1460\n|gen|9\n|tier|[Gen 9] VGC 2026 Reg I\n|rated|\n|rule|Species Clause: Limit one of each Pok\u00e9mon\n|rule|Item Clause: Limit 1 of each item\n|clearpoke\n|poke|p1|Brute Bonnet, L50|\n|poke|p1|Lunala, L50|\n|poke|p1|Ursaluna, L50, M|\n|poke|p1|Chi-Yu, L50|\n|poke|p1|Koraidon, L50|\n|poke|p1|Flutter Mane, L50|\n|poke|p2|Muk-Alola, L50, F|\n|poke|p2|Smeargle, L50, F|\n|poke|p2|Calyrex-Shadow, L50|\n|poke|p2|Flamigo, L50, F|\n|poke|p2|Miraidon, L50|\n|poke|p2|Volcarona, L50, F|\n|teampreview|4\n|inactive|Battle timer is ON: inactive players will automatically lose when time's up. (requested by Galact7adi)\n|inactive|chue3 also wants the timer to be on.\n|\n|t:|1776595332\n|teamsize|p1|4\n|teamsize|p2|4\n|start\n|switch|p1a: Chi-Yu|Chi-Yu, L50|100/100\n|switch|p1b: Flutter Mane|Flutter Mane, L50|100/100\n|switch|p2a: Smeargle|Smeargle, L50, F|100/100\n|switch|p2b: Muk|Muk-Alola, L50, F|100/100\n|-ability|p1a: Chi-Yu|Beads of Ruin\n|turn|1\n|\n|t:|1776595353\n|-terastallize|p1a: Chi-Yu|Ghost\n|-terastallize|p2b: Muk|Water\n|move|p2a: Smeargle|Fake Out|p1a: Chi-Yu\n|-immune|p1a: Chi-Yu\n|move|p1a: Chi-Yu|Heat Wave|p2b: Muk|[spread] p2b\n|-miss|p1a: Chi-Yu|p2a: Smeargle\n|-resisted|p2b: Muk\n|-damage|p2b: Muk|79/100\n|move|p1b: Flutter Mane|Moonblast|p2a: Smeargle\n|-enditem|p2a: Smeargle|Focus Sash\n|-damage|p2a: Smeargle|1/100\n|-unboost|p2a: Smeargle|spa|1\n|move|p2b: Muk|Minimize|p2b: Muk\n|-boost|p2b: Muk|evasion|2\n|\n|-heal|p2b: Muk|85/100|[from] item: Leftovers\n|-ability|p2a: Smeargle|Moody|boost\n|-boost|p2a: Smeargle|atk|2\n|-unboost|p2a: Smeargle|def|1\n|upkeep\n|turn|2\n|inactive|chue3 has 30 seconds left.\n|\n|t:|1776595379\n|switch|p1a: Brute Bonnet|Brute Bonnet, L50|100/100\n|move|p2a: Smeargle|Follow Me|p2a: Smeargle\n|-singleturn|p2a: Smeargle|move: Follow Me\n|move|p1b: Flutter Mane|Moonblast|p2a: Smeargle\n|-damage|p2a: Smeargle|0 fnt\n|faint|p2a: Smeargle\n|-ability|p2b: Muk|Moody|Power of Alchemy|[from] ability: Power of Alchemy|[of] p2a: Smeargle\n|move|p2b: Muk|Minimize|p2b: Muk\n|-boost|p2b: Muk|evasion|2\n|\n|-heal|p2b: Muk|91/100|[from] item: Leftovers\n|-ability|p2b: Muk|Moody|boost\n|-boost|p2b: Muk|spd|2\n|-unboost|p2b: Muk|spa|1\n|upkeep\n|\n|t:|1776595397\n|switch|p2a: Flamigo|Flamigo, L50, F|100/100\n|-copyboost|p2a: Flamigo|p2b: Muk|[from] ability: Costar\n|-enditem|p2a: Flamigo|White Herb\n|-clearnegativeboost|p2a: Flamigo|[silent]\n|turn|3\n|\n|t:|1776595412\n|move|p1b: Flutter Mane|Moonblast|p2a: Flamigo|[miss]\n|-miss|p1b: Flutter Mane|p2a: Flamigo\n|move|p2a: Flamigo|Acrobatics|p1a: Brute Bonnet\n|-supereffective|p1a: Brute Bonnet\n|-damage|p1a: Brute Bonnet|38/100\n|-enditem|p1a: Brute Bonnet|Sitrus Berry|[eat]\n|-heal|p1a: Brute Bonnet|63/100|[from] item: Sitrus Berry\n|move|p1a: Brute Bonnet|Spore|p2b: Muk|[miss]\n|-miss|p1a: Brute Bonnet|p2b: Muk\n|move|p2b: Muk|Poison Gas|p1b: Flutter Mane|[spread] p1a,p1b\n|-status|p1a: Brute Bonnet|psn\n|-status|p1b: Flutter Mane|psn\n|\n|-heal|p2b: Muk|97/100|[from] item: Leftovers\n|-damage|p1b: Flutter Mane|88/100 psn|[from] psn\n|-damage|p1a: Brute Bonnet|51/100 psn|[from] psn\n|-ability|p2b: Muk|Moody|boost\n|-boost|p2b: Muk|atk|2\n|-unboost|p2b: Muk|spe|1\n|upkeep\n|turn|4\n|\n|t:|1776595437\n|move|p1b: Flutter Mane|Moonblast|p2a: Flamigo|[miss]\n|-miss|p1b: Flutter Mane|p2a: Flamigo\n|move|p2a: Flamigo|Acrobatics|p1b: Flutter Mane\n|-damage|p1b: Flutter Mane|0 fnt\n|faint|p1b: Flutter Mane\n|-end|p1b: Flutter Mane|Protosynthesis|[silent]\n|move|p1a: Brute Bonnet|Spore|p2b: Muk\n|-status|p2b: Muk|slp|[from] move: Spore\n|cant|p2b: Muk|slp\n|\n|-heal|p2b: Muk|100/100 slp|[from] item: Leftovers\n|-damage|p1a: Brute Bonnet|39/100 psn|[from] psn\n|-ability|p2b: Muk|Moody|boost\n|-boost|p2b: Muk|def|2\n|-unboost|p2b: Muk|atk|1\n|upkeep\n|\n|t:|1776595451\n|switch|p1b: Chi-Yu|Chi-Yu, L50, tera:Ghost|100/100\n|-ability|p1b: Chi-Yu|Beads of Ruin\n|turn|5\n|\n|t:|1776595469\n|move|p1b: Chi-Yu|Heat Wave|p2a: Flamigo|[spread] p2b\n|-miss|p1b: Chi-Yu|p2a: Flamigo\n|-resisted|p2b: Muk\n|-damage|p2b: Muk|91/100 slp\n|move|p2a: Flamigo|Acrobatics|p1b: Chi-Yu\n|-damage|p1b: Chi-Yu|22/100\n|move|p1a: Brute Bonnet|Spore|p2a: Flamigo\n|-status|p2a: Flamigo|slp|[from] move: Spore\n|cant|p2b: Muk|slp\n|\n|-heal|p2b: Muk|97/100 slp|[from] item: Leftovers\n|-damage|p1a: Brute Bonnet|26/100 psn|[from] psn\n|-ability|p2b: Muk|Moody|boost\n|-boost|p2b: Muk|atk|2\n|-unboost|p2b: Muk|spa|1\n|upkeep\n|turn|6\n|\n|t:|1776595494\n|cant|p2a: Flamigo|slp\n|move|p1b: Chi-Yu|Heat Wave|p2a: Flamigo|[spread] p2a\n|-miss|p1b: Chi-Yu|p2b: Muk\n|-damage|p2a: Flamigo|59/100 slp\n|move|p1a: Brute Bonnet|Seed Bomb|p2b: Muk|[miss]\n|-miss|p1a: Brute Bonnet|p2b: Muk\n|-curestatus|p2b: Muk|slp|[msg]\n|move|p2b: Muk|Minimize|p2b: Muk\n|-boost|p2b: Muk|evasion|2\n|\n|-heal|p2b: Muk|100/100|[from] item: Leftovers\n|-damage|p1a: Brute Bonnet|14/100 psn|[from] psn\n|-ability|p2b: Muk|Moody|boost\n|-boost|p2b: Muk|def|2\n|-unboost|p2b: Muk|spe|1\n|upkeep\n|turn|7\n|\n|t:|1776595517\n|move|p1b: Chi-Yu|Heat Wave|p2a: Flamigo|[spread] \n|-miss|p1b: Chi-Yu|p2a: Flamigo\n|-miss|p1b: Chi-Yu|p2b: Muk\n|cant|p2a: Flamigo|slp\n|move|p1a: Brute Bonnet|Spore|p2b: Muk|[miss]\n|-miss|p1a: Brute Bonnet|p2b: Muk\n|move|p2b: Muk|Knock Off|p1b: Chi-Yu\n|-supereffective|p1b: Chi-Yu\n|-damage|p1b: Chi-Yu|0 fnt\n|-enditem|p1b: Chi-Yu|Choice Scarf|[from] move: Knock Off|[of] p2b: Muk\n|faint|p1b: Chi-Yu\n|\n|-damage|p1a: Brute Bonnet|2/100 psn|[from] psn\n|-ability|p2b: Muk|Moody|boost\n|-boost|p2b: Muk|spa|2\n|-unboost|p2b: Muk|atk|1\n|upkeep\n|\n|t:|1776595521\n|switch|p1b: Koraidon|Koraidon, L50|100/100\n|-weather|SunnyDay|[from] ability: Orichalcum Pulse|[of] p1b: Koraidon\n|-activate|p1a: Brute Bonnet|ability: Protosynthesis\n|-start|p1a: Brute Bonnet|protosynthesisdef\n|-activate|p1b: Koraidon|Orichalcum Pulse|[source]\n|turn|8\n|inactive|chue3 has 30 seconds left.\n|\n|t:|1776595550\n|move|p2b: Muk|Protect|p2b: Muk\n|-singleturn|p2b: Muk|Protect\n|move|p1b: Koraidon|Flame Charge|p2a: Flamigo|[miss]\n|-miss|p1b: Koraidon|p2a: Flamigo\n|cant|p2a: Flamigo|slp\n|move|p1a: Brute Bonnet|Spore|p2b: Muk\n|-activate|p2b: Muk|move: Protect\n|\n|-weather|SunnyDay|[upkeep]\n|-damage|p1a: Brute Bonnet|0 fnt|[from] psn\n|faint|p1a: Brute Bonnet\n|-end|p1a: Brute Bonnet|Protosynthesis|[silent]\n|-ability|p2b: Muk|Moody|boost\n|-boost|p2b: Muk|def|2\n|-unboost|p2b: Muk|atk|1\n|upkeep\n|turn|9\n|\n|t:|1776595570\n|move|p1b: Koraidon|Flame Charge|p2a: Flamigo|[miss]\n|-miss|p1b: Koraidon|p2a: Flamigo\n|-curestatus|p2a: Flamigo|slp|[msg]\n|move|p2a: Flamigo|Acrobatics|p1b: Koraidon\n|-supereffective|p1b: Koraidon\n|-damage|p1b: Koraidon|4/100\n|move|p2b: Muk|Knock Off|p1b: Koraidon\n|-resisted|p1b: Koraidon\n|-damage|p1b: Koraidon|0 fnt\n|-enditem|p1b: Koraidon|Life Orb|[from] move: Knock Off|[of] p2b: Muk\n|faint|p1b: Koraidon\n|\n|win|chue3\n|raw|Galact7adi's rating: 1564 &rarr; <strong>1538</strong><br />(-26 for losing)\n|raw|chue3's rating: 1460 &rarr; <strong>1486</strong><br />(+26 for winning)\n|c|\u2606Galact7adi|Cringe staller lol\n|l|\u2606Galact7adi\n|player|p1|\n|l|\u2606chue3\n|player|p2|\n|j|\u2606chue3\n|player|p2|chue3|102|\n","uploadtime":1776595774,"views":9,"formatid":"gen9vgc2026regi","rating":1486,"private":0,"password":null}