{"id":"gen9vgc2026regi-2558057696","format":"[Gen 9] VGC 2026 Reg I","players":["jj11j1","rsemukae"],"log":"|j|\u2606jj11j1\n|j|\u2606rsemukae\n|t:|1773397203\n|gametype|doubles\n|player|p1|jj11j1|1|1340\n|player|p2|rsemukae|2|1283\n|gen|9\n|tier|[Gen 9] VGC 2026 Reg I\n|rated|\n|rule|Species Clause: Limit one of each Pok\u00e9mon\n|rule|Item Clause: Limit 1 of each item\n|clearpoke\n|poke|p1|Kyogre, L50|\n|poke|p1|Calyrex-Ice, L50|\n|poke|p1|Landorus, L50, M|\n|poke|p1|Urshifu-*, L50, F|\n|poke|p1|Smeargle, L50, M|\n|poke|p1|Flutter Mane, L50|\n|poke|p2|Calyrex-Shadow, L50|\n|poke|p2|Ogerpon, L50, F|\n|poke|p2|Incineroar, L50, M|\n|poke|p2|Grimmsnarl, L50, M|\n|poke|p2|Whimsicott, L50, F|\n|poke|p2|Landorus-Therian, L50, M|\n|teampreview|4\n|\n|t:|1773397239\n|teamsize|p1|4\n|teamsize|p2|4\n|start\n|switch|p1a: Urshifu|Urshifu-Rapid-Strike, L50, F|100/100\n|switch|p1b: Smeargle|Smeargle, L50, M|100/100\n|switch|p2a: Grimmsnarl|Grimmsnarl, L50, M|100/100\n|switch|p2b: Incineroar|Incineroar, L50, M|100/100\n|-ability|p2b: Incineroar|Intimidate|boost\n|-unboost|p1a: Urshifu|atk|1\n|-unboost|p1b: Smeargle|atk|1\n|-enditem|p1b: Smeargle|Eject Pack\n|inactive|Battle timer is ON: inactive players will automatically lose when time's up. (requested by jj11j1)\n|\n|t:|1773397252\n|switch|p1b: Kyogre|Kyogre, L50|100/100\n|-weather|RainDance|[from] ability: Drizzle|[of] p1b: Kyogre\n|turn|1\n|inactive|jj11j1 has 30 seconds left.\n|\n|t:|1773397285\n|move|p2b: Incineroar|Fake Out|p1b: Kyogre\n|-damage|p1b: Kyogre|91/100\n|move|p2a: Grimmsnarl|Reflect|p2a: Grimmsnarl\n|-sidestart|p2: rsemukae|Reflect\n|move|p1a: Urshifu|U-turn|p2a: Grimmsnarl\n|-damage|p2a: Grimmsnarl|88/100\n|\n|t:|1773397292\n|switch|p1a: Smeargle|Smeargle, L50, M|100/100|[from] U-turn\n|cant|p1b: Kyogre|flinch\n|\n|-weather|RainDance|[upkeep]\n|-ability|p1a: Smeargle|Moody|boost\n|-boost|p1a: Smeargle|spe|2\n|-unboost|p1a: Smeargle|spd|1\n|upkeep\n|turn|2\n|\n|t:|1773397316\n|switch|p1b: Calyrex|Calyrex-Ice, L50|100/100\n|-ability|p1b: Calyrex|As One\n|-ability|p1b: Calyrex|Unnerve\n|move|p2a: Grimmsnarl|Trick|p1b: Calyrex\n|-activate|p2a: Grimmsnarl|move: Trick|[of] p1b: Calyrex\n|-item|p1b: Calyrex|Lagging Tail|[from] move: Trick\n|-item|p2a: Grimmsnarl|Clear Amulet|[from] move: Trick\n|move|p1a: Smeargle|Spore|p2b: Incineroar\n|-status|p2b: Incineroar|slp|[from] move: Spore\n|cant|p2b: Incineroar|slp\n|\n|-weather|RainDance|[upkeep]\n|-ability|p1a: Smeargle|Moody|boost\n|-boost|p1a: Smeargle|spa|2\n|-unboost|p1a: Smeargle|spd|1\n|upkeep\n|turn|3\n|inactive|rsemukae has 30 seconds left.\n|inactive|rsemukae has 20 seconds left.\n|\n|t:|1773397352\n|move|p1a: Smeargle|Spore|p2a: Grimmsnarl\n|-status|p2a: Grimmsnarl|slp|[from] move: Spore\n|cant|p2b: Incineroar|slp\n|cant|p2a: Grimmsnarl|slp\n|move|p1b: Calyrex|Glacial Lance|p2a: Grimmsnarl|[spread] p2a,p2b\n|-resisted|p2b: Incineroar\n|-damage|p2a: Grimmsnarl|46/100 slp\n|-damage|p2b: Incineroar|83/100 slp\n|\n|-weather|RainDance|[upkeep]\n|-heal|p2b: Incineroar|89/100 slp|[from] item: Leftovers\n|-ability|p1a: Smeargle|Moody|boost\n|-boost|p1a: Smeargle|spd|2\n|-unboost|p1a: Smeargle|def|1\n|upkeep\n|turn|4\n|\n|t:|1773397376\n|move|p1a: Smeargle|Follow Me|p1a: Smeargle\n|-singleturn|p1a: Smeargle|move: Follow Me\n|cant|p2b: Incineroar|slp\n|cant|p2a: Grimmsnarl|slp\n|move|p1b: Calyrex|Trick Room|p1b: Calyrex\n|-fieldstart|move: Trick Room|[of] p1b: Calyrex\n|\n|-weather|RainDance|[upkeep]\n|-heal|p2b: Incineroar|95/100 slp|[from] item: Leftovers\n|-ability|p1a: Smeargle|Moody|boost\n|-boost|p1a: Smeargle|spd|2\n|-unboost|p1a: Smeargle|def|1\n|upkeep\n|turn|5\n|\n|t:|1773397392\n|switch|p1a: Kyogre|Kyogre, L50|91/100\n|-curestatus|p2a: Grimmsnarl|slp|[msg]\n|move|p2a: Grimmsnarl|Spirit Break|p1a: Kyogre\n|-damage|p1a: Kyogre|65/100\n|-unboost|p1a: Kyogre|spa|1\n|-curestatus|p2b: Incineroar|slp|[msg]\n|move|p2b: Incineroar|Flare Blitz|p1b: Calyrex\n|-supereffective|p1b: Calyrex\n|-damage|p1b: Calyrex|73/100\n|-damage|p2b: Incineroar|86/100|[from] Recoil\n|move|p1b: Calyrex|Glacial Lance|p2a: Grimmsnarl|[spread] p2a,p2b\n|-resisted|p2b: Incineroar\n|-damage|p2a: Grimmsnarl|3/100\n|-damage|p2b: Incineroar|69/100\n|\n|-weather|none\n|-heal|p2b: Incineroar|75/100|[from] item: Leftovers\n|-sideend|p2: rsemukae|Reflect\n|upkeep\n|turn|6\n|inactive|jj11j1 has 30 seconds left.\n|inactive|rsemukae has 30 seconds left.\n|\n|t:|1773397427\n|-terastallize|p1a: Kyogre|Water\n|move|p2a: Grimmsnarl|Light Screen|p2a: Grimmsnarl\n|-sidestart|p2: rsemukae|move: Light Screen\n|move|p1a: Kyogre|Water Spout|p2b: Incineroar|[spread] p2a,p2b\n|-supereffective|p2b: Incineroar\n|-damage|p2a: Grimmsnarl|0 fnt\n|-damage|p2b: Incineroar|32/100\n|faint|p2a: Grimmsnarl\n|move|p2b: Incineroar|Flare Blitz|p1b: Calyrex\n|-supereffective|p1b: Calyrex\n|-damage|p1b: Calyrex|17/100\n|-damage|p2b: Incineroar|13/100|[from] Recoil\n|move|p1b: Calyrex|Glacial Lance|p2b: Incineroar\n|-resisted|p2b: Incineroar\n|-damage|p2b: Incineroar|0 fnt\n|faint|p2b: Incineroar\n|-ability|p1b: Calyrex|Chilling Neigh|boost\n|-boost|p1b: Calyrex|atk|1\n|\n|upkeep\n|\n|t:|1773397447\n|switch|p2a: Calyrex|Calyrex-Shadow, L50|100/100\n|switch|p2b: Ogerpon|Ogerpon, L50, F|100/100\n|-ability|p2a: Calyrex|As One\n|-ability|p2a: Calyrex|Unnerve\n|turn|7\n|\n|t:|1773397467\n|-terastallize|p2b: Ogerpon|Grass\n|detailschange|p2b: Ogerpon|Ogerpon-Teal-Tera, L50, F, tera:Grass\n|-ability|p2b: Ogerpon|Embody Aspect (Teal)|boost\n|-boost|p2b: Ogerpon|spe|1\n|move|p1a: Kyogre|Water Spout|p2a: Calyrex|[spread] p2a,p2b\n|-resisted|p2b: Ogerpon\n|-damage|p2a: Calyrex|71/100\n|-damage|p2b: Ogerpon|83/100\n|move|p2a: Calyrex|Astral Barrage|p1a: Kyogre|[spread] p1a,p1b\n|-supereffective|p1b: Calyrex\n|-damage|p1a: Kyogre|8/100\n|-damage|p1b: Calyrex|0 fnt\n|faint|p1b: Calyrex\n|-ability|p2a: Calyrex|Grim Neigh|boost\n|-boost|p2a: Calyrex|spa|1\n|move|p2b: Ogerpon|Play Rough|p1a: Kyogre|[miss]\n|-miss|p2b: Ogerpon|p1a: Kyogre\n|\n|upkeep\n|\n|t:|1773397489\n|switch|p1b: Smeargle|Smeargle, L50, M|100/100\n|turn|8\n|\n|t:|1773397505\n|move|p1b: Smeargle|Wide Guard|p1b: Smeargle\n|-singleturn|p1b: Smeargle|Wide Guard\n|move|p1a: Kyogre|Hydro Pump|p2b: Ogerpon\n|-resisted|p2b: Ogerpon\n|-damage|p2b: Ogerpon|60/100\n|move|p2a: Calyrex|Astral Barrage|p1a: Kyogre|[spread] \n|-activate|p1a: Kyogre|move: Wide Guard\n|-activate|p1b: Smeargle|move: Wide Guard\n|move|p2b: Ogerpon|Ivy Cudgel|p1b: Smeargle\n|-damage|p1b: Smeargle|0 fnt\n|faint|p1b: Smeargle\n|\n|-fieldend|move: Trick Room\n|upkeep\n|\n|t:|1773397521\n|switch|p1b: Urshifu|Urshifu-Rapid-Strike, L50, F|100/100\n|turn|9\n|\n|t:|1773397532\n|move|p1a: Kyogre|Protect|p1a: Kyogre\n|-singleturn|p1a: Kyogre|Protect\n|move|p2b: Ogerpon|Ivy Cudgel|p1b: Urshifu\n|-supereffective|p1b: Urshifu\n|-damage|p1b: Urshifu|0 fnt\n|faint|p1b: Urshifu\n|move|p2a: Calyrex|Astral Barrage|p1a: Kyogre\n|-activate|p1a: Kyogre|move: Protect\n|\n|upkeep\n|turn|10\n|-message|jj11j1 forfeited.\n|\n|win|rsemukae\n|raw|jj11j1's rating: 1340 &rarr; <strong>1317</strong><br />(-23 for losing)\n|raw|rsemukae's rating: 1283 &rarr; <strong>1312</strong><br />(+29 for winning)\n|l|\u2606jj11j1\n|player|p1|\n|l|\u2606rsemukae\n|player|p2|\n","uploadtime":1773397741,"views":16,"formatid":"gen9vgc2026regi","rating":1312,"private":0,"password":null}