{"id":"gen9vgc2026regi-2547229669","format":"[Gen 9] VGC 2026 Reg I","players":["inb_178","lalo's pollos"],"log":"|j|\u2606inb_178\n|j|\u2606lalo's pollos\n|t:|1772059687\n|gametype|doubles\n|player|p1|inb_178|101|1372\n|player|p2|lalo's pollos|266|1403\n|gen|9\n|tier|[Gen 9] VGC 2026 Reg I\n|rated|\n|rule|Species Clause: Limit one of each Pok\u00e9mon\n|rule|Item Clause: Limit 1 of each item\n|clearpoke\n|poke|p1|Miraidon, L50|\n|poke|p1|Groudon, L50|\n|poke|p1|Incineroar, L50, F|\n|poke|p1|Sneasler, L50, M|\n|poke|p1|Walking Wake, L50|\n|poke|p1|Iron Bundle, L50|\n|poke|p2|Zamazenta-*, L50|\n|poke|p2|Lunala, L50|\n|poke|p2|Rillaboom, L50, M|\n|poke|p2|Incineroar, L50, M|\n|poke|p2|Urshifu-*, L50, F|\n|poke|p2|Tornadus, L50, M|\n|teampreview|4\n|\n|t:|1772059715\n|teamsize|p1|4\n|teamsize|p2|4\n|start\n|switch|p1a: Miraidon|Miraidon, L50|100/100\n|switch|p1b: Groudon|Groudon, L50|100/100\n|switch|p2a: Lunala|Lunala, L50|100/100\n|switch|p2b: Rillaboom|Rillaboom, L50, M|100/100\n|-fieldstart|move: Electric Terrain|[from] ability: Hadron Engine|[of] p1a: Miraidon\n|-fieldstart|move: Grassy Terrain|[from] ability: Grassy Surge|[of] p2b: Rillaboom\n|-weather|SunnyDay|[from] ability: Drought|[of] p1b: Groudon\n|turn|1\n|\n|t:|1772059732\n|move|p2b: Rillaboom|Fake Out|p1b: Groudon\n|-damage|p1b: Groudon|92/100\n|move|p1a: Miraidon|Volt Switch|p2a: Lunala\n|-damage|p2a: Lunala|86/100\n|\n|t:|1772059738\n|switch|p1a: Walking Wake|Walking Wake, L50|100/100|[from] Volt Switch\n|-activate|p1a: Walking Wake|ability: Protosynthesis\n|-start|p1a: Walking Wake|protosynthesisspe\n|move|p2a: Lunala|Calm Mind|p2a: Lunala\n|-boost|p2a: Lunala|spa|1\n|-boost|p2a: Lunala|spd|1\n|cant|p1b: Groudon|flinch\n|\n|-weather|SunnyDay|[upkeep]\n|-heal|p2a: Lunala|92/100|[from] Grassy Terrain\n|-heal|p2a: Lunala|98/100|[from] item: Leftovers\n|-heal|p1b: Groudon|98/100|[from] Grassy Terrain\n|upkeep\n|turn|2\n|c|\u2606lalo's pollos|mmmh\n|\n|t:|1772059757\n|move|p2a: Lunala|Protect|p2a: Lunala\n|-singleturn|p2a: Lunala|Protect\n|move|p1a: Walking Wake|Hydro Steam|p2a: Lunala\n|-activate|p2a: Lunala|move: Protect\n|move|p2b: Rillaboom|Wood Hammer|p1b: Groudon\n|-supereffective|p1b: Groudon\n|-damage|p1b: Groudon|14/100\n|-damage|p2b: Rillaboom|71/100|[from] Recoil\n|move|p1b: Groudon|Heat Crash|p2b: Rillaboom\n|-supereffective|p2b: Rillaboom\n|-damage|p2b: Rillaboom|0 fnt\n|faint|p2b: Rillaboom\n|\n|-weather|SunnyDay|[upkeep]\n|-heal|p2a: Lunala|100/100|[from] Grassy Terrain\n|-heal|p1b: Groudon|20/100|[from] Grassy Terrain\n|upkeep\n|\n|t:|1772059770\n|switch|p2b: Tornadus|Tornadus, L50, M|100/100\n|turn|3\n|\n|t:|1772059781\n|move|p1a: Walking Wake|Hydro Steam|p2b: Tornadus\n|-damage|p2b: Tornadus|23/100\n|move|p2b: Tornadus|Bleakwind Storm|p1b: Groudon|[spread] p1a\n|-miss|p2b: Tornadus|p1b: Groudon\n|-damage|p1a: Walking Wake|57/100\n|move|p2a: Lunala|Moonblast|p1a: Walking Wake\n|-supereffective|p1a: Walking Wake\n|-damage|p1a: Walking Wake|0 fnt\n|faint|p1a: Walking Wake\n|-end|p1a: Walking Wake|Protosynthesis|[silent]\n|move|p1b: Groudon|High Horsepower|p2a: Lunala\n|-damage|p2a: Lunala|76/100\n|\n|-weather|SunnyDay|[upkeep]\n|-heal|p2a: Lunala|82/100|[from] Grassy Terrain\n|-heal|p2a: Lunala|88/100|[from] item: Leftovers\n|-heal|p1b: Groudon|26/100|[from] Grassy Terrain\n|upkeep\n|\n|t:|1772059801\n|switch|p1a: Miraidon|Miraidon, L50|100/100\n|-fieldstart|move: Electric Terrain|[from] ability: Hadron Engine|[of] p1a: Miraidon\n|turn|4\n|\n|t:|1772059812\n|-terastallize|p1a: Miraidon|Electric\n|move|p2a: Lunala|Protect|p2a: Lunala\n|-singleturn|p2a: Lunala|Protect\n|move|p2b: Tornadus|Tailwind|p2b: Tornadus\n|-sidestart|p2: lalo's pollos|move: Tailwind\n|move|p1a: Miraidon|Parabolic Charge|p2b: Tornadus|[spread] p2b\n|-activate|p2a: Lunala|move: Protect\n|-immune|p1b: Groudon\n|-supereffective|p2b: Tornadus\n|-damage|p2b: Tornadus|0 fnt\n|faint|p2b: Tornadus\n|move|p1b: Groudon|High Horsepower|p2a: Lunala\n|-activate|p2a: Lunala|move: Protect\n|\n|-weather|SunnyDay|[upkeep]\n|-heal|p2a: Lunala|94/100|[from] item: Leftovers\n|upkeep\n|\n|t:|1772059815\n|switch|p2b: Zamazenta|Zamazenta-Crowned, L50|100/100\n|-ability|p2b: Zamazenta|Dauntless Shield|boost\n|-boost|p2b: Zamazenta|def|1\n|turn|5\n|\n|t:|1772059851\n|-terastallize|p2a: Lunala|Fairy\n|move|p2b: Zamazenta|Body Press|p1a: Miraidon\n|-damage|p1a: Miraidon|35/100\n|move|p2a: Lunala|Moonblast|p1a: Miraidon\n|-damage|p1a: Miraidon|0 fnt\n|faint|p1a: Miraidon\n|move|p1b: Groudon|Precipice Blades|p2b: Zamazenta|[spread] p2a,p2b\n|-supereffective|p2b: Zamazenta\n|-damage|p2a: Lunala|46/100\n|-damage|p2b: Zamazenta|53/100\n|\n|-weather|none\n|-heal|p2a: Lunala|52/100|[from] item: Leftovers\n|upkeep\n|\n|t:|1772059865\n|switch|p1a: Sneasler|Sneasler, L50, M|100/100\n|-enditem|p1a: Sneasler|Electric Seed\n|-boost|p1a: Sneasler|def|1|[from] item: Electric Seed\n|turn|6\n|\n|t:|1772059877\n|move|p2a: Lunala|Protect|p2a: Lunala\n|-singleturn|p2a: Lunala|Protect\n|move|p1b: Groudon|Protect|p1b: Groudon\n|-singleturn|p1b: Groudon|Protect\n|move|p2b: Zamazenta|Body Press|p1b: Groudon\n|-activate|p1b: Groudon|move: Protect\n|move|p1a: Sneasler|Dire Claw|p2a: Lunala\n|-activate|p2a: Lunala|move: Protect\n|\n|-heal|p2a: Lunala|58/100|[from] item: Leftovers\n|upkeep\n|turn|7\n|\n|t:|1772059893\n|move|p2b: Zamazenta|Body Press|p1b: Groudon\n|-damage|p1b: Groudon|0 fnt\n|faint|p1b: Groudon\n|move|p1a: Sneasler|Dire Claw|p2a: Lunala\n|-supereffective|p2a: Lunala\n|-damage|p2a: Lunala|0 fnt\n|faint|p2a: Lunala\n|\n|-sideend|p2: lalo's pollos|move: Tailwind\n|upkeep\n|turn|8\n|\n|t:|1772059904\n|move|p1a: Sneasler|Low Kick|p2b: Zamazenta\n|-supereffective|p2b: Zamazenta\n|-damage|p2b: Zamazenta|0 fnt\n|faint|p2b: Zamazenta\n|\n|win|inb_178\n|raw|inb_178's rating: 1372 &rarr; <strong>1394</strong><br />(+22 for winning)\n|raw|lalo&apos;s pollos's rating: 1403 &rarr; <strong>1381</strong><br />(-22 for losing)\n|l|\u2606inb_178\n|player|p1|\n|l|\u2606lalo's pollos\n|player|p2|\n","uploadtime":1772060163,"views":12,"formatid":"gen9vgc2026regi","rating":1381,"private":0,"password":null}