{"id":"gen9vgc2026regi-2551444344","format":"[Gen 9] VGC 2026 Reg I","players":["I\u2764\ufe0f\u5a1c\u7984forever","lalo's pollos"],"log":"|j|\u2606I\u2764\ufe0f\u5a1c\u7984forever\n|j|\u2606lalo's pollos\n|t:|1772602651\n|gametype|doubles\n|player|p1|I\u2764\ufe0f\u5a1c\u7984forever|youngcouple-gen4dp|1432\n|player|p2|lalo's pollos|169|1561\n|gen|9\n|tier|[Gen 9] VGC 2026 Reg I\n|rated|\n|rule|Species Clause: Limit one of each Pok\u00e9mon\n|rule|Item Clause: Limit 1 of each item\n|clearpoke\n|poke|p1|Groudon, L50|\n|poke|p1|Kyurem-White, L50|\n|poke|p1|Heatran, L50, M|\n|poke|p1|Whimsicott, L50, M|\n|poke|p1|Roaring Moon, L50|\n|poke|p1|Ditto, L50|\n|poke|p2|Zamazenta-*, L50|\n|poke|p2|Lunala, L50|\n|poke|p2|Rillaboom, L50, F|\n|poke|p2|Incineroar, L50, F|\n|poke|p2|Urshifu-*, L50, F|\n|poke|p2|Tornadus, L50, M|\n|teampreview|4\n|\n|t:|1772602679\n|teamsize|p1|4\n|teamsize|p2|4\n|start\n|switch|p1a: Kyurem|Kyurem-White, L50|100/100\n|switch|p1b: Heatran|Heatran, L50, M|100/100\n|switch|p2a: Tornadus|Tornadus, L50, M|100/100\n|switch|p2b: Zamazenta|Zamazenta-Crowned, L50|100/100\n|-ability|p2b: Zamazenta|Dauntless Shield|boost\n|-boost|p2b: Zamazenta|def|1\n|-ability|p1a: Kyurem|Turboblaze\n|turn|1\n|\n|t:|1772602700\n|-terastallize|p1a: Kyurem|Ghost\n|move|p2b: Zamazenta|Protect|p2b: Zamazenta\n|-singleturn|p2b: Zamazenta|Protect\n|move|p2a: Tornadus|Bleakwind Storm|p1b: Heatran|[spread] p1b\n|-miss|p2a: Tornadus|p1a: Kyurem\n|-resisted|p1b: Heatran\n|-damage|p1b: Heatran|87/100\n|move|p1a: Kyurem|Blizzard|p2a: Tornadus|[spread] \n|-activate|p2b: Zamazenta|move: Protect\n|-miss|p1a: Kyurem|p2a: Tornadus\n|-enditem|p1a: Kyurem|Blunder Policy\n|-boost|p1a: Kyurem|spe|2\n|move|p1b: Heatran|Substitute|p1b: Heatran\n|-start|p1b: Heatran|Substitute\n|-damage|p1b: Heatran|62/100\n|\n|-heal|p1b: Heatran|68/100|[from] item: Leftovers\n|upkeep\n|turn|2\n|\n|t:|1772602722\n|switch|p1a: Ditto|Ditto, L50|100/100\n|-transform|p1a: Ditto|p2b: Zamazenta|[from] ability: Imposter\n|-ability|p1a: Ditto|Dauntless Shield|boost\n|-boost|p1a: Ditto|def|1\n|-terastallize|p2b: Zamazenta|Water\n|move|p2a: Tornadus|Tailwind|p2a: Tornadus\n|-sidestart|p2: lalo's pollos|move: Tailwind\n|move|p2b: Zamazenta|Body Press|p1b: Heatran\n|-supereffective|p1b: Heatran\n|-end|p1b: Heatran|Substitute\n|move|p1b: Heatran|Heat Wave|p2b: Zamazenta|[spread] p2a,p2b\n|-resisted|p2b: Zamazenta\n|-damage|p2a: Tornadus|46/100\n|-damage|p2b: Zamazenta|86/100\n|\n|-heal|p1b: Heatran|74/100|[from] item: Leftovers\n|upkeep\n|turn|3\n|\n|t:|1772602743\n|move|p1b: Heatran|Protect|p1b: Heatran\n|-singleturn|p1b: Heatran|Protect\n|move|p2a: Tornadus|Bleakwind Storm|p1a: Ditto|[spread] p1a\n|-activate|p1b: Heatran|move: Protect\n|-damage|p1a: Ditto|65/100\n|move|p2b: Zamazenta|Body Press|p1a: Ditto\n|-supereffective|p1a: Ditto\n|-damage|p1a: Ditto|19/100\n|move|p1a: Ditto|Body Press|p2b: Zamazenta\n|-damage|p2b: Zamazenta|49/100\n|\n|-heal|p1b: Heatran|80/100|[from] item: Leftovers\n|upkeep\n|turn|4\n|\n|t:|1772602766\n|switch|p1a: Kyurem|Kyurem-White, L50, tera:Ghost|100/100\n|-ability|p1a: Kyurem|Turboblaze\n|move|p2a: Tornadus|Bleakwind Storm|p1b: Heatran|[spread] p1a,p1b\n|-resisted|p1b: Heatran\n|-damage|p1a: Kyurem|72/100\n|-damage|p1b: Heatran|65/100\n|move|p2b: Zamazenta|Body Press|p1b: Heatran\n|-supereffective|p1b: Heatran\n|-damage|p1b: Heatran|0 fnt\n|faint|p1b: Heatran\n|\n|upkeep\n|\n|t:|1772602785\n|switch|p1b: Groudon|Groudon, L50|100/100\n|-weather|SunnyDay|[from] ability: Drought|[of] p1b: Groudon\n|turn|5\n|\n|t:|1772602791\n|move|p2a: Tornadus|Bleakwind Storm|p1a: Kyurem|[spread] p1a\n|-miss|p2a: Tornadus|p1b: Groudon\n|-damage|p1a: Kyurem|41/100\n|move|p2b: Zamazenta|Body Press|p1b: Groudon\n|-damage|p1b: Groudon|50/100\n|move|p1a: Kyurem|Blizzard|p2a: Tornadus|[spread] p2a\n|-miss|p1a: Kyurem|p2b: Zamazenta\n|-supereffective|p2a: Tornadus\n|-damage|p2a: Tornadus|0 fnt\n|faint|p2a: Tornadus\n|move|p1b: Groudon|Precipice Blades|p2b: Zamazenta\n|-damage|p2b: Zamazenta|20/100\n|\n|-weather|SunnyDay|[upkeep]\n|-sideend|p2: lalo's pollos|move: Tailwind\n|upkeep\n|\n|t:|1772602797\n|switch|p2a: Lunala|Lunala, L50|100/100\n|turn|6\n|\n|t:|1772602809\n|move|p2b: Zamazenta|Body Press|p1b: Groudon\n|-damage|p1b: Groudon|4/100\n|move|p2a: Lunala|Moongeist Beam|p1a: Kyurem\n|-supereffective|p1a: Kyurem\n|-damage|p1a: Kyurem|0 fnt\n|faint|p1a: Kyurem\n|move|p1b: Groudon|Crunch|p2a: Lunala\n|-supereffective|p2a: Lunala\n|-damage|p2a: Lunala|45/100\n|-unboost|p2a: Lunala|def|1\n|\n|-weather|SunnyDay|[upkeep]\n|-heal|p2a: Lunala|51/100|[from] item: Leftovers\n|upkeep\n|\n|t:|1772602817\n|switch|p1a: Ditto|Ditto, L50|19/100\n|-transform|p1a: Ditto|p2b: Zamazenta|[from] ability: Imposter\n|-start|p1a: Ditto|typechange|Fighting/Steel|[silent]\n|turn|7\n|\n|t:|1772602829\n|move|p2a: Lunala|Protect|p2a: Lunala\n|-singleturn|p2a: Lunala|Protect\n|move|p1a: Ditto|Body Press|p2b: Zamazenta\n|-damage|p2b: Zamazenta|0 fnt\n|faint|p2b: Zamazenta\n|move|p1b: Groudon|Crunch|p2a: Lunala\n|-activate|p2a: Lunala|move: Protect\n|\n|-weather|SunnyDay|[upkeep]\n|-heal|p2a: Lunala|57/100|[from] item: Leftovers\n|upkeep\n|\n|t:|1772602835\n|switch|p2b: Incineroar|Incineroar, L50, F|100/100\n|-ability|p2b: Incineroar|Intimidate|boost\n|-unboost|p1a: Ditto|atk|1\n|-unboost|p1b: Groudon|atk|1\n|turn|8\n|\n|t:|1772602846\n|move|p1a: Ditto|Protect|p1a: Ditto\n|-singleturn|p1a: Ditto|Protect\n|move|p2b: Incineroar|Fake Out|p1a: Ditto\n|-activate|p1a: Ditto|move: Protect\n|move|p2a: Lunala|Moongeist Beam|p1b: Groudon\n|-damage|p1b: Groudon|0 fnt\n|faint|p1b: Groudon\n|\n|-weather|SunnyDay|[upkeep]\n|-heal|p2a: Lunala|63/100|[from] item: Leftovers\n|upkeep\n|turn|9\n|\n|t:|1772602864\n|move|p2a: Lunala|Protect|p2a: Lunala\n|-singleturn|p2a: Lunala|Protect\n|move|p1a: Ditto|Body Press|p2b: Incineroar\n|-supereffective|p2b: Incineroar\n|-damage|p2b: Incineroar|0 fnt\n|faint|p2b: Incineroar\n|\n|-weather|none\n|-heal|p2a: Lunala|69/100|[from] item: Leftovers\n|upkeep\n|turn|10\n|\n|t:|1772602875\n|move|p1a: Ditto|Heavy Slam|p2a: Lunala\n|-damage|p2a: Lunala|30/100\n|move|p2a: Lunala|Moongeist Beam|p1a: Ditto\n|-damage|p1a: Ditto|0 fnt\n|faint|p1a: Ditto\n|\n|win|lalo's pollos\n|raw|I\u2764\ufe0f\u5a1c\u7984forever's rating: 1432 &rarr; <strong>1419</strong><br />(-13 for losing)\n|raw|lalo&apos;s pollos's rating: 1561 &rarr; <strong>1574</strong><br />(+13 for winning)\n|l|\u2606I\u2764\ufe0f\u5a1c\u7984forever\n|player|p1|\n","uploadtime":1772603122,"views":20,"formatid":"gen9vgc2026regi","rating":1419,"private":0,"password":null}