{"id":"gen9vgc2026regi-2552560177","format":"[Gen 9] VGC 2026 Reg I","players":["stanhoff","pzyxhic"],"log":"|j|\u2606stanhoff\n|j|\u2606pzyxhic\n|t:|1772732490\n|gametype|doubles\n|player|p1|stanhoff|falkner|1389\n|player|p2|pzyxhic|1|1408\n|gen|9\n|tier|[Gen 9] VGC 2026 Reg I\n|rated|\n|rule|Species Clause: Limit one of each Pok\u00e9mon\n|rule|Item Clause: Limit 1 of each item\n|clearpoke\n|poke|p1|Calyrex-Shadow, L50|\n|poke|p1|Miraidon, L50|\n|poke|p1|Indeedee-F, L50, F|\n|poke|p1|Brute Bonnet, L50|\n|poke|p1|Iron Bundle, L50|\n|poke|p1|Sneasler, L50, M|\n|poke|p2|Calyrex-Shadow, L50|\n|poke|p2|Chi-Yu, L50|\n|poke|p2|Whimsicott, L50, F|\n|poke|p2|Urshifu-*, L50, F|\n|poke|p2|Farigiraf, L50, F|\n|poke|p2|Kyurem-White, L50|\n|teampreview|4\n|inactive|Battle timer is ON: inactive players will automatically lose when time's up. (requested by stanhoff)\n|\n|t:|1772732508\n|teamsize|p1|4\n|teamsize|p2|4\n|start\n|switch|p1a: Miraidon|Miraidon, L50|100/100\n|switch|p1b: Sneasler|Sneasler, L50, M|100/100\n|switch|p2a: Whimsicott|Whimsicott, L50, F|100/100\n|switch|p2b: Kyurem|Kyurem-White, L50|100/100\n|-fieldstart|move: Electric Terrain|[from] ability: Hadron Engine|[of] p1a: Miraidon\n|-enditem|p1b: Sneasler|Electric Seed\n|-boost|p1b: Sneasler|def|1|[from] item: Electric Seed\n|-ability|p2b: Kyurem|Turboblaze\n|turn|1\n|\n|t:|1772732527\n|-terastallize|p1a: Miraidon|Fairy\n|move|p2b: Kyurem|Protect|p2b: Kyurem\n|-singleturn|p2b: Kyurem|Protect\n|move|p2a: Whimsicott|Tailwind|p2a: Whimsicott\n|-sidestart|p2: pzyxhic|move: Tailwind\n|move|p1b: Sneasler|Dire Claw|p2a: Whimsicott\n|-supereffective|p2a: Whimsicott\n|-damage|p2a: Whimsicott|0 fnt\n|faint|p2a: Whimsicott\n|move|p1a: Miraidon|Dazzling Gleam|p2b: Kyurem\n|-activate|p2b: Kyurem|move: Protect\n|\n|upkeep\n|\n|t:|1772732541\n|switch|p2a: Calyrex|Calyrex-Shadow, L50|100/100\n|-ability|p2a: Calyrex|As One\n|-ability|p2a: Calyrex|Unnerve\n|turn|2\n|\n|t:|1772732557\n|-terastallize|p2a: Calyrex|Ghost\n|move|p2a: Calyrex|Astral Barrage|p1a: Miraidon|[spread] p1a,p1b\n|-damage|p1a: Miraidon|30/100\n|-damage|p1b: Sneasler|10/100\n|move|p2b: Kyurem|Freeze-Dry|p1a: Miraidon\n|-damage|p1a: Miraidon|0 fnt\n|faint|p1a: Miraidon\n|-damage|p2b: Kyurem|91/100|[from] item: Life Orb\n|move|p1b: Sneasler|Dire Claw|p2b: Kyurem\n|-damage|p2b: Kyurem|50/100\n|\n|upkeep\n|\n|t:|1772732570\n|switch|p1a: Brute Bonnet|Brute Bonnet, L50|100/100\n|turn|3\n|\n|t:|1772732588\n|switch|p2a: Chi-Yu|Chi-Yu, L50|100/100\n|-ability|p2a: Chi-Yu|Beads of Ruin\n|move|p1a: Brute Bonnet|Sucker Punch||[still]\n|-fail|p1a: Brute Bonnet\n|move|p2b: Kyurem|Freeze-Dry|p1a: Brute Bonnet\n|-supereffective|p1a: Brute Bonnet\n|-damage|p1a: Brute Bonnet|0 fnt\n|faint|p1a: Brute Bonnet\n|-end|p1a: Brute Bonnet|Protosynthesis|[silent]\n|-damage|p2b: Kyurem|40/100|[from] item: Life Orb\n|move|p1b: Sneasler|Dire Claw|p2b: Kyurem\n|-damage|p2b: Kyurem|0 fnt\n|faint|p2b: Kyurem\n|\n|upkeep\n|\n|t:|1772732607\n|switch|p2b: Calyrex|Calyrex-Shadow, L50, tera:Ghost|100/100\n|switch|p1a: Calyrex|Calyrex-Shadow, L50|100/100\n|-ability|p2b: Calyrex|As One\n|-ability|p2b: Calyrex|Unnerve\n|-ability|p1a: Calyrex|As One\n|-ability|p1a: Calyrex|Unnerve\n|turn|4\n|inactive|stanhoff has 30 seconds left.\n|inactive|stanhoff has 20 seconds left.\n|inactive|stanhoff has 15 seconds left.\n|\n|t:|1772732652\n|move|p1a: Calyrex|Protect|p1a: Calyrex\n|-singleturn|p1a: Calyrex|Protect\n|move|p2b: Calyrex|Astral Barrage|p1a: Calyrex|[spread] p1b\n|-activate|p1a: Calyrex|move: Protect\n|-damage|p1b: Sneasler|0 fnt\n|faint|p1b: Sneasler\n|-ability|p2b: Calyrex|Grim Neigh|boost\n|-boost|p2b: Calyrex|spa|1\n|move|p2a: Chi-Yu|Dark Pulse|p1a: Calyrex\n|-activate|p1a: Calyrex|move: Protect\n|\n|-sideend|p2: pzyxhic|move: Tailwind\n|upkeep\n|turn|5\n|\n|t:|1772732669\n|move|p2b: Calyrex|Astral Barrage|p1a: Calyrex\n|-supereffective|p1a: Calyrex\n|-enditem|p1a: Calyrex|Focus Sash\n|-damage|p1a: Calyrex|1/100\n|move|p1a: Calyrex|Astral Barrage|p2a: Chi-Yu|[spread] p2a,p2b\n|-resisted|p2a: Chi-Yu\n|-supereffective|p2b: Calyrex\n|-damage|p2a: Chi-Yu|76/100\n|-damage|p2b: Calyrex|0 fnt\n|faint|p2b: Calyrex\n|-ability|p1a: Calyrex|Grim Neigh|boost\n|-boost|p1a: Calyrex|spa|1\n|move|p2a: Chi-Yu|Dark Pulse|p1a: Calyrex\n|-supereffective|p1a: Calyrex\n|-damage|p1a: Calyrex|0 fnt\n|faint|p1a: Calyrex\n|\n|win|pzyxhic\n|raw|stanhoff's rating: 1389 &rarr; <strong>1370</strong><br />(-19 for losing)\n|raw|pzyxhic's rating: 1408 &rarr; <strong>1427</strong><br />(+19 for winning)\n|l|\u2606stanhoff\n|player|p1|\n|l|\u2606pzyxhic\n|player|p2|\n","uploadtime":1772732903,"views":14,"formatid":"gen9vgc2026regi","rating":1370,"private":0,"password":null}