{"id":"gen9vgc2026regi-2545796522","format":"[Gen 9] VGC 2026 Reg I","players":["Simon0123","Beiphong"],"log":"|j|\u2606Simon0123\n|j|\u2606Beiphong\n|t:|1771886000\n|gametype|doubles\n|player|p1|Simon0123|169|1202\n|player|p2|Beiphong|101|1186\n|gen|9\n|tier|[Gen 9] VGC 2026 Reg I\n|rated|\n|rule|Species Clause: Limit one of each Pok\u00e9mon\n|rule|Item Clause: Limit 1 of each item\n|clearpoke\n|poke|p1|Miraidon, L50|\n|poke|p1|Flutter Mane, L50|\n|poke|p1|Incineroar, L50, F|\n|poke|p1|Urshifu-*, L50, M|\n|poke|p1|Tornadus, L50, M|\n|poke|p1|Amoonguss, L50, M|\n|poke|p2|Incineroar, L50, M|\n|poke|p2|Lurantis, L50, F|\n|poke|p2|Indeedee-F, L50, F|\n|poke|p2|Ursaluna-Bloodmoon, L50, M|\n|poke|p2|Amoonguss, L50, F|\n|poke|p2|Calyrex-Shadow, L50|\n|teampreview|4\n|inactive|Battle timer is ON: inactive players will automatically lose when time's up. (requested by Simon0123)\n|inactive|Simon0123 has 60 seconds left.\n|\n|t:|1771886065\n|teamsize|p1|4\n|teamsize|p2|4\n|start\n|switch|p1a: Miraidon|Miraidon, L50|100/100\n|switch|p1b: Incineroar|Incineroar, L50, F|100/100\n|switch|p2a: Incineroar slayer|Lurantis, L50, F, shiny|100/100\n|switch|p2b: Indeedee|Indeedee-F, L50, F|100/100\n|-fieldstart|move: Electric Terrain|[from] ability: Hadron Engine|[of] p1a: Miraidon\n|-fieldstart|move: Psychic Terrain|[from] ability: Psychic Surge|[of] p2b: Indeedee\n|-ability|p1b: Incineroar|Intimidate|boost\n|-boost|p2a: Incineroar slayer|atk|1\n|-unboost|p2b: Indeedee|atk|1\n|turn|1\n|inactive|Simon0123 has 30 seconds left.\n|inactive|Beiphong has 30 seconds left.\n|\n|t:|1771886097\n|move|p2b: Indeedee|Follow Me|p2b: Indeedee\n|-singleturn|p2b: Indeedee|move: Follow Me\n|move|p1a: Miraidon|Volt Switch|p2b: Indeedee\n|-damage|p2b: Indeedee|52/100\n|\n|t:|1771886105\n|switch|p1a: Urshifu|Urshifu-Rapid-Strike, L50, M|100/100|[from] Volt Switch\n|move|p1b: Incineroar|Flare Blitz|p2b: Indeedee\n|-damage|p2b: Indeedee|0 fnt\n|faint|p2b: Indeedee\n|-damage|p1b: Incineroar|86/100|[from] Recoil\n|move|p2a: Incineroar slayer|Superpower|p1b: Incineroar\n|-supereffective|p1b: Incineroar\n|-damage|p1b: Incineroar|0 fnt\n|-boost|p2a: Incineroar slayer|atk|1\n|-boost|p2a: Incineroar slayer|def|1\n|faint|p1b: Incineroar\n|\n|upkeep\n|\n|t:|1771886117\n|switch|p2b: Incineroar|Incineroar, L50, M|100/100\n|switch|p1b: Miraidon|Miraidon, L50|100/100\n|-fieldstart|move: Electric Terrain|[from] ability: Hadron Engine|[of] p1b: Miraidon\n|-ability|p2b: Incineroar|Intimidate|boost\n|-unboost|p1a: Urshifu|atk|1\n|-unboost|p1b: Miraidon|atk|1\n|turn|2\n|\n|t:|1771886129\n|switch|p1b: Flutter Mane|Flutter Mane, L50|100/100\n|move|p2b: Incineroar|Fake Out|p1b: Flutter Mane\n|-immune|p1b: Flutter Mane\n|move|p1a: Urshifu|Surging Strikes|p2b: Incineroar\n|-supereffective|p2b: Incineroar\n|-crit|p2b: Incineroar\n|-damage|p2b: Incineroar|61/100\n|-supereffective|p2b: Incineroar\n|-crit|p2b: Incineroar\n|-damage|p2b: Incineroar|24/100\n|-supereffective|p2b: Incineroar\n|-crit|p2b: Incineroar\n|-damage|p2b: Incineroar|0 fnt\n|faint|p2b: Incineroar\n|-hitcount|p2: Incineroar|3\n|move|p2a: Incineroar slayer|Petal Blizzard|p1a: Urshifu|[spread] p1a,p1b\n|-supereffective|p1a: Urshifu\n|-damage|p1a: Urshifu|0 fnt\n|-enditem|p1b: Flutter Mane|Focus Sash\n|-damage|p1b: Flutter Mane|1/100\n|faint|p1a: Urshifu\n|\n|upkeep\n|\n|t:|1771886149\n|switch|p1a: Miraidon|Miraidon, L50|100/100\n|switch|p2b: Amoonguss|Amoonguss, L50, F|100/100\n|-activate|p1a: Miraidon|ability: Hadron Engine\n|turn|3\n|inactive|Simon0123 has 30 seconds left.\n|inactive|Simon0123 has 20 seconds left.\n|\n|t:|1771886187\n|move|p1b: Flutter Mane|Protect|p1b: Flutter Mane\n|-singleturn|p1b: Flutter Mane|Protect\n|move|p2b: Amoonguss|Rage Powder|p2b: Amoonguss\n|-singleturn|p2b: Amoonguss|move: Rage Powder\n|move|p1a: Miraidon|Draco Meteor|p2b: Amoonguss\n|-damage|p2b: Amoonguss|0 fnt\n|-unboost|p1a: Miraidon|spa|2\n|faint|p2b: Amoonguss\n|move|p2a: Incineroar slayer|Petal Blizzard|p1a: Miraidon|[spread] p1a\n|-activate|p1b: Flutter Mane|move: Protect\n|-resisted|p1a: Miraidon\n|-crit|p1a: Miraidon\n|-damage|p1a: Miraidon|49/100\n|\n|upkeep\n|turn|4\n|inactive|Beiphong has 30 seconds left.\n|\n|t:|1771886213\n|-terastallize|p1b: Flutter Mane|Fairy\n|move|p1a: Miraidon|Draco Meteor|p2a: Incineroar slayer\n|-damage|p2a: Incineroar slayer|51/100\n|-unboost|p1a: Miraidon|spa|2\n|move|p1b: Flutter Mane|Moonblast|p2a: Incineroar slayer\n|-damage|p2a: Incineroar slayer|3/100\n|move|p2a: Incineroar slayer|Petal Blizzard|p1b: Flutter Mane|[spread] p1a,p1b\n|-resisted|p1a: Miraidon\n|-damage|p1a: Miraidon|20/100\n|-damage|p1b: Flutter Mane|0 fnt\n|faint|p1b: Flutter Mane\n|-end|p1b: Flutter Mane|Protosynthesis|[silent]\n|\n|upkeep\n|turn|5\n|\n|t:|1771886236\n|move|p1a: Miraidon|Draco Meteor|p2a: Incineroar slayer\n|-damage|p2a: Incineroar slayer|0 fnt\n|-unboost|p1a: Miraidon|spa|2\n|faint|p2a: Incineroar slayer\n|\n|win|Simon0123\n|raw|Simon0123's rating: 1202 &rarr; <strong>1226</strong><br />(+24 for winning)\n|raw|Beiphong's rating: 1186 &rarr; <strong>1162</strong><br />(-24 for losing)\n|l|\u2606Simon0123\n|player|p1|\n|l|\u2606Beiphong\n|player|p2|\n","uploadtime":1771886243,"views":12,"formatid":"gen9vgc2026regi","rating":1162,"private":0,"password":null}