{"id":"gen9vgc2026regi-2547046078","format":"[Gen 9] VGC 2026 Reg I","players":["jepeg","ll \u76f4\u7403\u3067SHI\u3060 ll"],"log":"|j|\u2606jepeg\n|j|\u2606ll \u76f4\u7403\u3067SHI\u3060 ll\n|t:|1772041677\n|gametype|doubles\n|player|p1|jepeg|beauty-gen4dp|1308\n|player|p2|ll \u76f4\u7403\u3067SHI\u3060 ll|waiter|1249\n|gen|9\n|tier|[Gen 9] VGC 2026 Reg I\n|rated|\n|rule|Species Clause: Limit one of each Pok\u00e9mon\n|rule|Item Clause: Limit 1 of each item\n|clearpoke\n|poke|p1|Calyrex-Shadow, L50|\n|poke|p1|Oranguru, L50, F|\n|poke|p1|Miraidon, L50|\n|poke|p1|Ogerpon-Hearthflame, L50, F|\n|poke|p1|Bruxish, L50, F|\n|poke|p1|Torkoal, L50, F|\n|poke|p2|Tornadus, L50, M|\n|poke|p2|Kyogre, L50|\n|poke|p2|Miraidon, L50|\n|poke|p2|Iron Hands, L50|\n|poke|p2|Tsareena, L50, F|\n|poke|p2|Urshifu-*, L50, F|\n|teampreview|4\n|inactive|Battle timer is ON: inactive players will automatically lose when time's up. (requested by ll \u76f4\u7403\u3067SHI\u3060 ll)\n|inactive|jepeg has 60 seconds left.\n|\n|t:|1772041721\n|teamsize|p1|4\n|teamsize|p2|4\n|start\n|switch|p1a: Calyrex|Calyrex-Shadow, L50|100/100\n|switch|p1b: Bruxish|Bruxish, L50, F, shiny|100/100\n|switch|p2a: Tornadus|Tornadus, L50, M|100/100\n|switch|p2b: Tsareena|Tsareena, L50, F, shiny|100/100\n|-ability|p1a: Calyrex|As One\n|-ability|p1a: Calyrex|Unnerve\n|turn|1\n|\n|t:|1772041741\n|-terastallize|p1a: Calyrex|Fire\n|move|p2a: Tornadus|Tailwind|p2a: Tornadus\n|-sidestart|p2: ll \u76f4\u7403\u3067SHI\u3060 ll|move: Tailwind\n|move|p2b: Tsareena|Power Whip|p1b: Bruxish\n|-supereffective|p1b: Bruxish\n|-damage|p1b: Bruxish|0 fnt\n|faint|p1b: Bruxish\n|move|p1a: Calyrex|Astral Barrage|p2a: Tornadus|[spread] p2a,p2b\n|-damage|p2a: Tornadus|29/100\n|-damage|p2b: Tsareena|36/100\n|\n|upkeep\n|\n|t:|1772041754\n|switch|p1b: Miraidon|Miraidon, L50|100/100\n|-fieldstart|move: Electric Terrain|[from] ability: Hadron Engine|[of] p1b: Miraidon\n|turn|2\n|\n|t:|1772041760\n|move|p2a: Tornadus|Hurricane|p1a: Calyrex|[miss]\n|-miss|p2a: Tornadus|p1a: Calyrex\n|move|p2b: Tsareena|Triple Axel|p1b: Miraidon\n|-supereffective|p1b: Miraidon\n|-damage|p1b: Miraidon|89/100\n|-supereffective|p1b: Miraidon\n|-damage|p1b: Miraidon|67/100\n|-supereffective|p1b: Miraidon\n|-damage|p1b: Miraidon|32/100\n|-hitcount|p1b: Miraidon|3\n|move|p1a: Calyrex|Astral Barrage|p2a: Tornadus|[spread] p2a,p2b\n|-damage|p2a: Tornadus|0 fnt\n|-damage|p2b: Tsareena|0 fnt\n|faint|p2a: Tornadus\n|faint|p2b: Tsareena\n|-ability|p1a: Calyrex|Grim Neigh|boost\n|-boost|p1a: Calyrex|spa|2\n|move|p1b: Miraidon|Calm Mind|p1b: Miraidon\n|-boost|p1b: Miraidon|spa|1\n|-boost|p1b: Miraidon|spd|1\n|\n|upkeep\n|\n|t:|1772041773\n|switch|p2a: Iron Hands|Iron Hands, L50, shiny|100/100\n|switch|p2b: Kyogre|Kyogre, L50|100/100\n|-weather|RainDance|[from] ability: Drizzle|[of] p2b: Kyogre\n|-activate|p2a: Iron Hands|ability: Quark Drive\n|-start|p2a: Iron Hands|quarkdriveatk\n|turn|3\n|\n|t:|1772041782\n|move|p1a: Calyrex|Protect|p1a: Calyrex\n|-singleturn|p1a: Calyrex|Protect\n|move|p2a: Iron Hands|Fake Out|p1b: Miraidon\n|-damage|p1b: Miraidon|15/100\n|move|p2b: Kyogre|Water Spout|p1b: Miraidon|[spread] p1b\n|-activate|p1a: Calyrex|move: Protect\n|-resisted|p1b: Miraidon\n|-damage|p1b: Miraidon|0 fnt\n|faint|p1b: Miraidon\n|\n|-weather|RainDance|[upkeep]\n|upkeep\n|\n|t:|1772041791\n|switch|p1b: Ogerpon|Ogerpon-Hearthflame, L50, F|100/100\n|-ability|p1b: Ogerpon|Mold Breaker\n|turn|4\n|\n|t:|1772041801\n|move|p1a: Calyrex|Protect||[still]\n|-fail|p1a: Calyrex\n|move|p1b: Ogerpon|Spiky Shield|p1b: Ogerpon\n|-singleturn|p1b: Ogerpon|move: Protect\n|move|p2b: Kyogre|Water Spout|p1b: Ogerpon|[spread] p1a\n|-activate|p1b: Ogerpon|move: Protect\n|-supereffective|p1a: Calyrex\n|-damage|p1a: Calyrex|0 fnt\n|faint|p1a: Calyrex\n|move|p2a: Iron Hands|Wild Charge|p1b: Ogerpon\n|-activate|p1b: Ogerpon|move: Protect\n|-damage|p2a: Iron Hands|88/100|[from] Spiky Shield|[of] p1b: Ogerpon\n|\n|-weather|RainDance|[upkeep]\n|-sideend|p2: ll \u76f4\u7403\u3067SHI\u3060 ll|move: Tailwind\n|upkeep\n|turn|5\n|-message|jepeg forfeited.\n|\n|win|ll \u76f4\u7403\u3067SHI\u3060 ll\n|raw|jepeg's rating: 1308 &rarr; <strong>1285</strong><br />(-23 for losing)\n|raw|ll \u76f4\u7403\u3067SHI\u3060 ll's rating: 1249 &rarr; <strong>1278</strong><br />(+29 for winning)\n|l|\u2606jepeg\n|player|p1|\n|l|\u2606ll \u76f4\u7403\u3067SHI\u3060 ll\n|player|p2|\n","uploadtime":1772041979,"views":12,"formatid":"gen9vgc2026regi","rating":1278,"private":0,"password":null}