{"id":"gen9vgc2026regi-2519233247","format":"[Gen 9] VGC 2026 Reg I","players":["blackred123\u5415\u5e03\u4fa0","Dragoonlong"],"log":"|j|\u2606blackred123\u5415\u5e03\u4fa0\n|j|\u2606Dragoonlong\n|t:|1768486972\n|gametype|doubles\n|player|p1|blackred123\u5415\u5e03\u4fa0|iono-masters|1260\n|player|p2|Dragoonlong|cynthia|1254\n|gen|9\n|tier|[Gen 9] VGC 2026 Reg I\n|rated|\n|rule|Species Clause: Limit one of each Pok\u00e9mon\n|rule|Item Clause: Limit 1 of each item\n|clearpoke\n|poke|p1|Lunala, L50|\n|poke|p1|Koraidon, L50|\n|poke|p1|Chi-Yu, L50|\n|poke|p1|Flutter Mane, L50|\n|poke|p1|Brute Bonnet, L50|\n|poke|p1|Ursaluna, L50, F|\n|poke|p2|Muk-Alola, L50, F|\n|poke|p2|Smeargle, L50, F|\n|poke|p2|Calyrex-Shadow, L50|\n|poke|p2|Rayquaza, L50|\n|poke|p2|Flamigo, L50, F|\n|poke|p2|Rillaboom, L50, F|\n|teampreview|4\n|inactive|Battle timer is ON: inactive players will automatically lose when time's up. (requested by blackred123\u5415\u5e03\u4fa0)\n|inactive|blackred123\u5415\u5e03\u4fa0 has 60 seconds left.\n|inactive|Dragoonlong has 60 seconds left.\n|\n|t:|1768487019\n|teamsize|p1|4\n|teamsize|p2|4\n|start\n|switch|p1a: Lunala|Lunala, L50, shiny|100/100\n|switch|p1b: Ursaluna|Ursaluna, L50, F, shiny|100/100\n|switch|p2a: Muk|Muk-Alola, L50, F|100/100\n|switch|p2b: Smeargle|Smeargle, L50, F|100/100\n|turn|1\n|\n|t:|1768487034\n|move|p1b: Ursaluna|Protect|p1b: Ursaluna\n|-singleturn|p1b: Ursaluna|Protect\n|move|p2b: Smeargle|Salt Cure|p1a: Lunala\n|-damage|p1a: Lunala|99/100\n|-start|p1a: Lunala|Salt Cure\n|move|p2a: Muk|Minimize|p2a: Muk\n|-boost|p2a: Muk|evasion|2\n|move|p1a: Lunala|Trick Room|p1a: Lunala\n|-fieldstart|move: Trick Room|[of] p1a: Lunala\n|\n|-damage|p1a: Lunala|87/100|[from] Salt Cure\n|-status|p1b: Ursaluna|brn|[from] item: Flame Orb\n|-ability|p2b: Smeargle|Moody|boost\n|-boost|p2b: Smeargle|spe|2\n|-unboost|p2b: Smeargle|def|1\n|upkeep\n|turn|2\n|\n|t:|1768487055\n|move|p2a: Muk|Protect|p2a: Muk\n|-singleturn|p2a: Muk|Protect\n|move|p1a: Lunala|Wide Guard|p1a: Lunala\n|-singleturn|p1a: Lunala|Wide Guard\n|move|p1b: Ursaluna|Earthquake|p2b: Smeargle|[spread] p2b\n|-activate|p1a: Lunala|move: Wide Guard\n|-activate|p2a: Muk|move: Protect\n|-crit|p2b: Smeargle\n|-enditem|p2b: Smeargle|Focus Sash\n|-damage|p2b: Smeargle|1/100\n|move|p2b: Smeargle|Salt Cure|p1b: Ursaluna\n|-resisted|p1b: Ursaluna\n|-damage|p1b: Ursaluna|99/100 brn\n|-start|p1b: Ursaluna|Salt Cure\n|\n|-damage|p1b: Ursaluna|93/100 brn|[from] brn\n|-damage|p1b: Ursaluna|81/100 brn|[from] Salt Cure\n|-damage|p1a: Lunala|75/100|[from] Salt Cure\n|-ability|p2b: Smeargle|Moody|boost\n|-boost|p2b: Smeargle|atk|2\n|-unboost|p2b: Smeargle|spa|1\n|upkeep\n|turn|3\n|\n|t:|1768487077\n|-terastallize|p2a: Muk|Water\n|move|p1a: Lunala|Wide Guard|p1a: Lunala\n|-singleturn|p1a: Lunala|Wide Guard\n|move|p2b: Smeargle|Follow Me|p2b: Smeargle\n|-singleturn|p2b: Smeargle|move: Follow Me\n|move|p1b: Ursaluna|Earthquake|p2b: Smeargle|[spread] p2a,p2b\n|-activate|p1a: Lunala|move: Wide Guard\n|-damage|p2a: Muk|49/100\n|-damage|p2b: Smeargle|0 fnt\n|faint|p2b: Smeargle\n|-ability|p2a: Muk|Moody|Power of Alchemy|[from] ability: Power of Alchemy|[of] p2b: Smeargle\n|move|p2a: Muk|Minimize|p2a: Muk\n|-boost|p2a: Muk|evasion|2\n|\n|-heal|p2a: Muk|55/100|[from] item: Leftovers\n|-damage|p1b: Ursaluna|75/100 brn|[from] brn\n|-damage|p1b: Ursaluna|63/100 brn|[from] Salt Cure\n|-damage|p1a: Lunala|63/100|[from] Salt Cure\n|-ability|p2a: Muk|Moody|boost\n|-boost|p2a: Muk|spa|2\n|-unboost|p2a: Muk|spe|1\n|upkeep\n|\n|t:|1768487092\n|switch|p2b: \u6709\u8010\u4e45|Calyrex-Shadow, L50|100/100\n|-ability|p2b: \u6709\u8010\u4e45|As One\n|-ability|p2b: \u6709\u8010\u4e45|Unnerve\n|turn|4\n|\n|t:|1768487102\n|move|p2b: \u6709\u8010\u4e45|Protect|p2b: \u6709\u8010\u4e45\n|-singleturn|p2b: \u6709\u8010\u4e45|Protect\n|move|p2a: Muk|Minimize|p2a: Muk\n|-boost|p2a: Muk|evasion|2\n|move|p1b: Ursaluna|Facade|p2a: Muk|[miss]\n|-miss|p1b: Ursaluna|p2a: Muk\n|move|p1a: Lunala|Moongeist Beam|p2b: \u6709\u8010\u4e45\n|-activate|p2b: \u6709\u8010\u4e45|move: Protect\n|\n|-heal|p2a: Muk|61/100|[from] item: Leftovers\n|-damage|p1b: Ursaluna|57/100 brn|[from] brn\n|-damage|p1b: Ursaluna|45/100 brn|[from] Salt Cure\n|-damage|p1a: Lunala|50/100|[from] Salt Cure\n|-ability|p2a: Muk|Moody|boost\n|-boost|p2a: Muk|spd|2\n|-unboost|p2a: Muk|def|1\n|upkeep\n|turn|5\n|\n|t:|1768487124\n|switch|p1a: Chi-Yu|Chi-Yu, L50|100/100\n|-ability|p1a: Chi-Yu|Beads of Ruin\n|switch|p2b: Rayquaza|Rayquaza, L50|100/100\n|-ability|p2b: Rayquaza|Air Lock\n|move|p2a: Muk|Knock Off|p1b: Ursaluna\n|-damage|p1b: Ursaluna|18/100 brn\n|-enditem|p1b: Ursaluna|Flame Orb|[from] move: Knock Off|[of] p2a: Muk\n|move|p1b: Ursaluna|Facade|p2a: Muk|[miss]\n|-miss|p1b: Ursaluna|p2a: Muk\n|\n|-heal|p2a: Muk|67/100|[from] item: Leftovers\n|-damage|p1b: Ursaluna|13/100 brn|[from] brn\n|-damage|p1b: Ursaluna|0 fnt|[from] Salt Cure\n|faint|p1b: Ursaluna\n|-fieldend|move: Trick Room\n|-ability|p2a: Muk|Moody|boost\n|-boost|p2a: Muk|atk|2\n|-unboost|p2a: Muk|def|1\n|upkeep\n|\n|t:|1768487139\n|switch|p1b: Koraidon|Koraidon, L50|100/100\n|-weather|SunnyDay|[from] ability: Orichalcum Pulse|[of] p1b: Koraidon\n|-activate|p1b: Koraidon|Orichalcum Pulse|[source]\n|turn|6\n|\n|t:|1768487162\n|-terastallize|p1b: Koraidon|Fire\n|move|p2b: Rayquaza|Protect|p2b: Rayquaza\n|-singleturn|p2b: Rayquaza|Protect\n|move|p1a: Chi-Yu|Dark Pulse|p2b: Rayquaza\n|-activate|p2b: Rayquaza|move: Protect\n|move|p1b: Koraidon|Flame Charge|p2b: Rayquaza\n|-activate|p2b: Rayquaza|move: Protect\n|move|p2a: Muk|Poison Gas|p1a: Chi-Yu|[spread] p1a,p1b\n|-status|p1a: Chi-Yu|psn\n|-status|p1b: Koraidon|psn\n|\n|-weather|SunnyDay|[upkeep]\n|-heal|p2a: Muk|74/100|[from] item: Leftovers\n|-damage|p1a: Chi-Yu|88/100 psn|[from] psn\n|-damage|p1b: Koraidon|88/100 psn|[from] psn\n|-ability|p2a: Muk|Moody|boost\n|-boost|p2a: Muk|spa|2\n|-unboost|p2a: Muk|atk|1\n|upkeep\n|turn|7\n|inactive|Dragoonlong has 30 seconds left.\n|\n|t:|1768487188\n|move|p2b: Rayquaza|Extreme Speed|p1b: Koraidon\n|-damage|p1b: Koraidon|59/100 psn\n|move|p1a: Chi-Yu|Dark Pulse|p2b: Rayquaza\n|-damage|p2b: Rayquaza|42/100\n|move|p1b: Koraidon|Close Combat|p2a: Muk|[miss]\n|-miss|p1b: Koraidon|p2a: Muk\n|move|p2a: Muk|Knock Off|p1b: Koraidon\n|-damage|p1b: Koraidon|11/100 psn\n|-enditem|p1b: Koraidon|Life Orb|[from] move: Knock Off|[of] p2a: Muk\n|\n|-weather|SunnyDay|[upkeep]\n|-heal|p2a: Muk|80/100|[from] item: Leftovers\n|-damage|p1a: Chi-Yu|76/100 psn|[from] psn\n|-damage|p1b: Koraidon|0 fnt|[from] psn\n|faint|p1b: Koraidon\n|-ability|p2a: Muk|Moody|boost\n|-boost|p2a: Muk|spa|2\n|-unboost|p2a: Muk|def|1\n|upkeep\n|\n|t:|1768487197\n|switch|p1b: Lunala|Lunala, L50, shiny|50/100\n|turn|8\n|\n|t:|1768487207\n|move|p2b: Rayquaza|Protect|p2b: Rayquaza\n|-singleturn|p2b: Rayquaza|Protect\n|move|p1a: Chi-Yu|Dark Pulse|p2b: Rayquaza\n|-activate|p2b: Rayquaza|move: Protect\n|move|p1b: Lunala|Meteor Beam||[still]\n|-prepare|p1b: Lunala|Meteor Beam\n|-boost|p1b: Lunala|spa|1\n|-enditem|p1b: Lunala|Power Herb\n|-anim|p1b: Lunala|Meteor Beam|p2a: Muk\n|-damage|p2a: Muk|41/100\n|move|p2a: Muk|Knock Off|p1b: Lunala\n|-supereffective|p1b: Lunala\n|-damage|p1b: Lunala|0 fnt\n|faint|p1b: Lunala\n|\n|-weather|SunnyDay|[upkeep]\n|-heal|p2a: Muk|47/100|[from] item: Leftovers\n|-damage|p1a: Chi-Yu|63/100 psn|[from] psn\n|-ability|p2a: Muk|Moody|boost\n|-boost|p2a: Muk|def|2\n|-unboost|p2a: Muk|atk|1\n|upkeep\n|turn|9\n|-message|blackred123\u5415\u5e03\u4fa0 forfeited.\n|\n|win|Dragoonlong\n|raw|blackred123\u5415\u5e03\u4fa0's rating: 1260 &rarr; <strong>1235</strong><br />(-25 for losing)\n|raw|Dragoonlong's rating: 1254 &rarr; <strong>1279</strong><br />(+25 for winning)\n|l|\u2606blackred123\u5415\u5e03\u4fa0\n|player|p1|\n|l|\u2606Dragoonlong\n|player|p2|\n","uploadtime":1768487414,"views":11,"formatid":"gen9vgc2026regi","rating":1235,"private":0,"password":null}