{"id":"gen9vgc2026regi-2558673521","format":"[Gen 9] VGC 2026 Reg I","players":["GAPDHD","BossKingE"],"log":"|j|\u2606GAPDHD\n|j|\u2606BossKingE\n|t:|1773461658\n|gametype|doubles\n|player|p1|GAPDHD|ruinmaniac|1075\n|player|p2|BossKingE|red|1098\n|gen|9\n|tier|[Gen 9] VGC 2026 Reg I\n|rated|\n|rule|Species Clause: Limit one of each Pok\u00e9mon\n|rule|Item Clause: Limit 1 of each item\n|clearpoke\n|poke|p1|Lunala, L50|\n|poke|p1|Groudon, L50|\n|poke|p1|Indeedee-F, L50, F|\n|poke|p1|Walking Wake, L50|\n|poke|p1|Urshifu-*, L50, M|\n|poke|p1|Incineroar, L50, F|\n|poke|p2|Koraidon, L50|\n|poke|p2|Flutter Mane, L50|\n|poke|p2|Lunala, L50|\n|poke|p2|Chi-Yu, L50|\n|poke|p2|Corviknight, L50, F|\n|poke|p2|Scrafty, L50, M|\n|teampreview|4\n|inactive|Battle timer is ON: inactive players will automatically lose when time's up. (requested by BossKingE)\nGAPDHD has agreed to open team sheets.\nBossKingE has agreed to open team sheets.\n|showteam|p1|Lunala||PowerHerb|ShadowShield|MeteorBeam,MoongeistBeam,WideGuard,TrickRoom||||||50|,,,,,Dark]Groudon||ChoiceBand|Drought|PrecipiceBlades,HeatCrash,RockSlide,HighHorsepower||||||50|,,,,,Fairy]Indeedee-F||RockyHelmet|PsychicSurge|FollowMe,HelpingHand,TrickRoom,DazzlingGleam|||F|||50|,,,,,Water]Walking Wake||LifeOrb|Protosynthesis|HydroSteam,DracoMeteor,Protect,Snarl||||||50|,,,,,Water]Urshifu||BlackGlasses|UnseenFist|WickedBlow,SuckerPunch,Detect,CloseCombat|||M|||50|,,,,,Dark]Incineroar||SafetyGoggles|Intimidate|FakeOut,KnockOff,Taunt,FlareBlitz|||F|||50|,,,,,Water\n|showteam|p2|Koraidon||ClearAmulet|OrichalcumPulse|CollisionCourse,FlameCharge,FlareBlitz,Protect||||||50|,,,,,Fire]Flutter Mane||FocusSash|Protosynthesis|Moonblast,ShadowBall,IcyWind,Protect||||||50|,,,,,Fairy]Lunala||PowerHerb|ShadowShield|MoongeistBeam,MeteorBeam,WideGuard,TrickRoom||||||50|,,,,,Water]Chi-Yu||ChoiceScarf|BeadsofRuin|Snarl,HeatWave,Overheat,TeraBlast||||||50|,,,,,Grass]Corviknight||CovertCloak|MirrorArmor|Tailwind,BraveBird,BodyPress,Roost|||F|||50|,,,,,Dragon]Scrafty||Leftovers|Intimidate|FakeOut,BrickBreak,KnockOff,Taunt|||M|||50|,,,,,Steel\n|inactive|GAPDHD has 60 seconds left.\n|inactive|BossKingE has 60 seconds left.\n|\n|t:|1773461716\n|teamsize|p1|4\n|teamsize|p2|4\n|start\n|switch|p1a: Lunala|Lunala, L50|100/100\n|switch|p1b: Indeedee|Indeedee-F, L50, F|100/100\n|switch|p2a: Koraidon|Koraidon, L50|100/100\n|switch|p2b: Scrafty|Scrafty, L50, M|100/100\n|-weather|SunnyDay|[from] ability: Orichalcum Pulse|[of] p2a: Koraidon\n|-activate|p2a: Koraidon|Orichalcum Pulse|[source]\n|-fieldstart|move: Psychic Terrain|[from] ability: Psychic Surge|[of] p1b: Indeedee\n|-ability|p2b: Scrafty|Intimidate|boost\n|-unboost|p1a: Lunala|atk|1\n|-unboost|p1b: Indeedee|atk|1\n|turn|1\n|\n|t:|1773461735\n|-terastallize|p1a: Lunala|Dark\n|move|p1b: Indeedee|Follow Me|p1b: Indeedee\n|-singleturn|p1b: Indeedee|move: Follow Me\n|move|p2a: Koraidon|Collision Course|p1b: Indeedee\n|-damage|p1b: Indeedee|29/100\n|-damage|p2a: Koraidon|84/100|[from] item: Rocky Helmet|[of] p1b: Indeedee\n|move|p2b: Scrafty|Taunt|p1b: Indeedee\n|-start|p1b: Indeedee|move: Taunt\n|move|p1a: Lunala|Trick Room|p1a: Lunala\n|-fieldstart|move: Trick Room|[of] p1a: Lunala\n|\n|-weather|SunnyDay|[upkeep]\n|upkeep\n|turn|2\n|inactive|BossKingE has 30 seconds left.\n|inactive|BossKingE has 20 seconds left.\n|\n|t:|1773461771\n|move|p2a: Koraidon|Protect|p2a: Koraidon\n|-singleturn|p2a: Koraidon|Protect\n|move|p1b: Indeedee|Dazzling Gleam|p2b: Scrafty|[spread] p2b\n|-activate|p2a: Koraidon|move: Protect\n|-supereffective|p2b: Scrafty\n|-damage|p2b: Scrafty|46/100\n|move|p2b: Scrafty|Knock Off|p1b: Indeedee\n|-supereffective|p1b: Indeedee\n|-damage|p1b: Indeedee|0 fnt\n|-damage|p2b: Scrafty|30/100|[from] item: Rocky Helmet|[of] p1b: Indeedee\n|-enditem|p1b: Indeedee|Rocky Helmet|[from] move: Knock Off|[of] p2b: Scrafty\n|faint|p1b: Indeedee\n|move|p1a: Lunala|Meteor Beam||[still]\n|-prepare|p1a: Lunala|Meteor Beam\n|-boost|p1a: Lunala|spa|1\n|-enditem|p1a: Lunala|Power Herb\n|-anim|p1a: Lunala|Meteor Beam|p2a: Koraidon\n|-activate|p2a: Koraidon|move: Protect\n|\n|-weather|SunnyDay|[upkeep]\n|-heal|p2b: Scrafty|36/100|[from] item: Leftovers\n|upkeep\n|\n|t:|1773461779\n|switch|p1b: Groudon|Groudon, L50|100/100\n|turn|3\n|\n|t:|1773461793\n|move|p2a: Koraidon|Protect||[still]\n|-fail|p2a: Koraidon\n|move|p2b: Scrafty|Knock Off|p1b: Groudon\n|-damage|p1b: Groudon|74/100\n|-enditem|p1b: Groudon|Choice Band|[from] move: Knock Off|[of] p2b: Scrafty\n|move|p1b: Groudon|Precipice Blades|p2a: Koraidon|[spread] p2a,p2b\n|-damage|p2a: Koraidon|27/100\n|-damage|p2b: Scrafty|0 fnt\n|faint|p2b: Scrafty\n|move|p1a: Lunala|Moongeist Beam|p2a: Koraidon\n|-damage|p2a: Koraidon|0 fnt\n|faint|p2a: Koraidon\n|\n|-weather|SunnyDay|[upkeep]\n|upkeep\n|\n|t:|1773461798\n|switch|p2b: Flutter Mane|Flutter Mane, L50, shiny|100/100\n|switch|p2a: Chi-Yu|Chi-Yu, L50, shiny|100/100\n|-ability|p2a: Chi-Yu|Beads of Ruin\n|-activate|p2b: Flutter Mane|ability: Protosynthesis\n|-start|p2b: Flutter Mane|protosynthesisspe\n|turn|4\n|\n|t:|1773461815\n|-terastallize|p2a: Chi-Yu|Grass\n|move|p2b: Flutter Mane|Protect|p2b: Flutter Mane\n|-singleturn|p2b: Flutter Mane|Protect\n|move|p1b: Groudon|Precipice Blades|p2b: Flutter Mane|[spread] p2a\n|-activate|p2b: Flutter Mane|move: Protect\n|-resisted|p2a: Chi-Yu\n|-damage|p2a: Chi-Yu|57/100\n|move|p1a: Lunala|Moongeist Beam|p2b: Flutter Mane\n|-activate|p2b: Flutter Mane|move: Protect\n|move|p2a: Chi-Yu|Overheat|p1a: Lunala\n|-damage|p1a: Lunala|54/100\n|-unboost|p2a: Chi-Yu|spa|2\n|\n|-weather|SunnyDay|[upkeep]\n|upkeep\n|turn|5\n|\n|t:|1773461832\n|move|p2b: Flutter Mane|Protect||[still]\n|-fail|p2b: Flutter Mane\n|move|p1b: Groudon|Precipice Blades|p2b: Flutter Mane|[spread] p2a,p2b\n|-resisted|p2a: Chi-Yu\n|-damage|p2a: Chi-Yu|11/100\n|-enditem|p2b: Flutter Mane|Focus Sash\n|-damage|p2b: Flutter Mane|1/100\n|move|p1a: Lunala|Moongeist Beam|p2b: Flutter Mane\n|-supereffective|p2b: Flutter Mane\n|-damage|p2b: Flutter Mane|0 fnt\n|faint|p2b: Flutter Mane\n|-end|p2b: Flutter Mane|Protosynthesis|[silent]\n|move|p2a: Chi-Yu|Overheat|p1a: Lunala\n|-damage|p1a: Lunala|5/100\n|-unboost|p2a: Chi-Yu|spa|2\n|\n|-weather|none\n|-fieldend|move: Trick Room\n|-fieldend|move: Psychic Terrain\n|upkeep\n|turn|6\n|-message|BossKingE forfeited.\n|\n|win|GAPDHD\n|raw|GAPDHD's rating: 1075 &rarr; <strong>1106</strong><br />(+31 for winning)\n|raw|BossKingE's rating: 1098 &rarr; <strong>1072</strong><br />(-26 for losing)\n|l|\u2606GAPDHD\n|player|p1|\n|l|\u2606BossKingE\n|player|p2|\n","uploadtime":1773461838,"views":43,"formatid":"gen9vgc2026regi","rating":1072,"private":0,"password":null}