{"id":"gen9vgc2026regi-2561919092","format":"[Gen 9] VGC 2026 Reg I","players":["indiecollin","Rillabossman"],"log":"|j|\u2606indiecollin\n|j|\u2606Rillabossman\n|t:|1773854735\n|gametype|doubles\n|player|p1|indiecollin|266|1324\n|player|p2|Rillabossman|burglar|1445\n|gen|9\n|tier|[Gen 9] VGC 2026 Reg I\n|rated|\n|rule|Species Clause: Limit one of each Pok\u00e9mon\n|rule|Item Clause: Limit 1 of each item\n|clearpoke\n|poke|p1|Weezing, L50, F|\n|poke|p1|Toedscruel, L50, F|\n|poke|p1|Porygon2, L50|\n|poke|p1|Grimmsnarl, L50, M|\n|poke|p1|Calyrex-Shadow, L50|\n|poke|p1|Zamazenta-*, L50|\n|poke|p2|Rayquaza, L50|\n|poke|p2|Urshifu-*, L50, F|\n|poke|p2|Calyrex-Ice, L50|\n|poke|p2|Tinkaton, L50, F|\n|poke|p2|Gouging Fire, L50|\n|poke|p2|Ogerpon-Cornerstone, L50, F|\n|teampreview|4\n|c|\u2606Rillabossman|glhf\n|\n|t:|1773854761\n|teamsize|p1|4\n|teamsize|p2|4\n|start\n|switch|p1a: Calyrex|Calyrex-Shadow, L50|100/100\n|switch|p1b: Zamazenta|Zamazenta-Crowned, L50|100/100\n|switch|p2a: Calyrex|Calyrex-Ice, L50|100/100\n|switch|p2b: Ogerpon|Ogerpon-Cornerstone, L50, F|100/100\n|-ability|p1a: Calyrex|As One\n|-ability|p1a: Calyrex|Unnerve\n|-ability|p2a: Calyrex|As One\n|-ability|p2a: Calyrex|Unnerve\n|-ability|p1b: Zamazenta|Dauntless Shield|boost\n|-boost|p1b: Zamazenta|def|1\n|turn|1\n|\n|t:|1773854772\n|switch|p1a: Weezing|Weezing, L50, F|100/100\n|-ability|p1a: Weezing|Neutralizing Gas\n|-terastallize|p2a: Calyrex|Fairy\n|move|p1b: Zamazenta|Body Press|p2b: Ogerpon\n|-supereffective|p2b: Ogerpon\n|-damage|p2b: Ogerpon|0 fnt\n|faint|p2b: Ogerpon\n|move|p2a: Calyrex|Glacial Lance|p1b: Zamazenta|[spread] p1a,p1b\n|-resisted|p1b: Zamazenta\n|-crit|p1b: Zamazenta\n|-damage|p1a: Weezing|46/100\n|-damage|p1b: Zamazenta|79/100\n|\n|-heal|p1a: Weezing|52/100|[from] item: Leftovers\n|upkeep\n|\n|t:|1773854785\n|switch|p2b: Tinkaton|Tinkaton, L50, F|100/100\n|turn|2\n|\n|t:|1773854803\n|move|p1a: Weezing|Protect|p1a: Weezing\n|-singleturn|p1a: Weezing|Protect\n|move|p1b: Zamazenta|Behemoth Bash|p2a: Calyrex\n|-supereffective|p2a: Calyrex\n|-damage|p2a: Calyrex|53/100\n|move|p2b: Tinkaton|Gigaton Hammer|p1a: Weezing\n|-activate|p1a: Weezing|move: Protect\n|move|p2a: Calyrex|Leech Seed|p1b: Zamazenta\n|-start|p1b: Zamazenta|move: Leech Seed\n|\n|-heal|p1a: Weezing|58/100|[from] item: Leftovers\n|-heal|p2a: Calyrex|59/100|[from] item: Leftovers\n|-damage|p1b: Zamazenta|66/100|[from] Leech Seed|[of] p2a: Calyrex\n|-heal|p2a: Calyrex|70/100|[silent]\n|upkeep\n|turn|3\n|\n|t:|1773854831\n|move|p2b: Tinkaton|Feint|p1a: Weezing\n|-damage|p1a: Weezing|49/100\n|move|p1b: Zamazenta|Body Press|p2b: Tinkaton\n|-damage|p2b: Tinkaton|32/100\n|move|p1a: Weezing|Will-O-Wisp|p2a: Calyrex|[miss]\n|-miss|p1a: Weezing|p2a: Calyrex\n|move|p2a: Calyrex|Glacial Lance|p1b: Zamazenta|[spread] p1a,p1b\n|-resisted|p1b: Zamazenta\n|-damage|p1a: Weezing|0 fnt\n|-damage|p1b: Zamazenta|56/100\n|faint|p1a: Weezing\n|-end|p1a: Weezing|ability: Neutralizing Gas\n|-ability|p2b: Tinkaton|Mold Breaker\n|-ability|p2a: Calyrex|Chilling Neigh|boost\n|-boost|p2a: Calyrex|atk|1\n|\n|-heal|p2a: Calyrex|76/100|[from] item: Leftovers\n|-damage|p1b: Zamazenta|44/100|[from] Leech Seed|[of] p2a: Calyrex\n|-heal|p2a: Calyrex|87/100|[silent]\n|upkeep\n|\n|t:|1773854840\n|switch|p1a: Toedscruel|Toedscruel, L50, F|100/100\n|turn|4\n|\n|t:|1773854851\n|move|p2b: Tinkaton|Feint|p1a: Toedscruel\n|-damage|p1a: Toedscruel|90/100\n|move|p1b: Zamazenta|Body Press|p2b: Tinkaton\n|-damage|p2b: Tinkaton|0 fnt\n|faint|p2b: Tinkaton\n|move|p2a: Calyrex|Glacial Lance|p1a: Toedscruel|[spread] p1a,p1b\n|-supereffective|p1a: Toedscruel\n|-resisted|p1b: Zamazenta\n|-damage|p1a: Toedscruel|0 fnt\n|-damage|p1b: Zamazenta|29/100\n|faint|p1a: Toedscruel\n|-ability|p2a: Calyrex|Chilling Neigh|boost\n|-boost|p2a: Calyrex|atk|1\n|\n|-heal|p2a: Calyrex|93/100|[from] item: Leftovers\n|-damage|p1b: Zamazenta|17/100|[from] Leech Seed|[of] p2a: Calyrex\n|-heal|p2a: Calyrex|100/100|[silent]\n|upkeep\n|\n|t:|1773854856\n|switch|p1a: Calyrex|Calyrex-Shadow, L50|100/100\n|switch|p2b: Rayquaza|Rayquaza, L50, shiny|100/100\n|-ability|p1a: Calyrex|As One\n|-ability|p1a: Calyrex|Unnerve\n|-ability|p2b: Rayquaza|Air Lock\n|turn|5\n|\n|t:|1773854866\n|move|p1a: Calyrex|Astral Barrage|p2b: Rayquaza|[spread] p2a,p2b\n|-damage|p2a: Calyrex|62/100\n|-damage|p2b: Rayquaza|56/100\n|move|p1b: Zamazenta|Behemoth Bash|p2a: Calyrex\n|-supereffective|p2a: Calyrex\n|-damage|p2a: Calyrex|16/100\n|move|p2b: Rayquaza|Draco Meteor|p1a: Calyrex\n|-damage|p1a: Calyrex|33/100\n|-unboost|p2b: Rayquaza|spa|2\n|move|p2a: Calyrex|Leech Seed|p1a: Calyrex\n|-start|p1a: Calyrex|move: Leech Seed\n|\n|-heal|p2a: Calyrex|21/100|[from] item: Leftovers\n|-damage|p1a: Calyrex|21/100|[from] Leech Seed|[of] p2a: Calyrex\n|-heal|p2a: Calyrex|32/100|[silent]\n|-damage|p1b: Zamazenta|4/100|[from] Leech Seed|[of] p2a: Calyrex\n|-heal|p2a: Calyrex|43/100|[silent]\n|upkeep\n|turn|6\n|\n|t:|1773854894\n|-terastallize|p1b: Zamazenta|Ghost\n|move|p2b: Rayquaza|Extreme Speed|p1b: Zamazenta\n|-immune|p1b: Zamazenta\n|move|p1a: Calyrex|Astral Barrage|p2b: Rayquaza|[spread] p2a,p2b\n|-damage|p2a: Calyrex|8/100\n|-damage|p2b: Rayquaza|17/100\n|move|p1b: Zamazenta|Behemoth Bash|p2b: Rayquaza\n|-damage|p2b: Rayquaza|0 fnt\n|faint|p2b: Rayquaza\n|move|p2a: Calyrex|Glacial Lance|p1a: Calyrex|[spread] p1a,p1b\n|-damage|p1a: Calyrex|0 fnt\n|-damage|p1b: Zamazenta|0 fnt\n|faint|p1a: Calyrex\n|faint|p1b: Zamazenta\n|\n|win|Rillabossman\n|raw|indiecollin's rating: 1324 &rarr; <strong>1311</strong><br />(-13 for losing)\n|raw|Rillabossman's rating: 1445 &rarr; <strong>1458</strong><br />(+13 for winning)\n|l|\u2606indiecollin\n|player|p1|\n|j|\u2606indiecollin\n|player|p1|indiecollin|266|\n|l|\u2606indiecollin\n|player|p1|\n|l|\u2606Rillabossman\n|player|p2|\n","uploadtime":1773855070,"views":12,"formatid":"gen9vgc2026regi","rating":1311,"private":0,"password":null}