{"id":"gen9vgc2026regi-2560047023","format":"[Gen 9] VGC 2026 Reg I","players":["freegr","navinsachump"],"log":"|j|\u2606freegr\n|j|\u2606navinsachump\n|t:|1773642041\n|gametype|doubles\n|player|p1|freegr|dawn|1478\n|player|p2|navinsachump|102|1525\n|gen|9\n|tier|[Gen 9] VGC 2026 Reg I\n|rated|\n|rule|Species Clause: Limit one of each Pok\u00e9mon\n|rule|Item Clause: Limit 1 of each item\n|clearpoke\n|poke|p1|Calyrex-Shadow, L50|\n|poke|p1|Zamazenta-*, L50|\n|poke|p1|Chien-Pao, L50|\n|poke|p1|Raging Bolt, L50|\n|poke|p1|Whimsicott, L50, F|\n|poke|p1|Ogerpon-Cornerstone, L50, F|\n|poke|p2|Calyrex-Ice, L50|\n|poke|p2|Miraidon, L50|\n|poke|p2|Incineroar, L50, F|\n|poke|p2|Landorus, L50, M|\n|poke|p2|Whimsicott, L50, F|\n|poke|p2|Urshifu-*, L50, F|\n|teampreview|4\n|inactive|Battle timer is ON: inactive players will automatically lose when time's up. (requested by navinsachump)\n|inactive|freegr has 60 seconds left.\n|inactive|freegr has 30 seconds left.\n|\n|t:|1773642116\n|teamsize|p1|4\n|teamsize|p2|4\n|start\n|switch|p1a: Calyrex|Calyrex-Shadow, L50|100/100\n|switch|p1b: Whimsicott|Whimsicott, L50, F, shiny|100/100\n|switch|p2a: Calyrex|Calyrex-Ice, L50|100/100\n|switch|p2b: Incineroar|Incineroar, L50, F|100/100\n|-ability|p1a: Calyrex|As One\n|-ability|p1a: Calyrex|Unnerve\n|-ability|p2a: Calyrex|As One\n|-ability|p2a: Calyrex|Unnerve\n|-ability|p2b: Incineroar|Intimidate|boost\n|-unboost|p1a: Calyrex|atk|1\n|-unboost|p1b: Whimsicott|atk|1\n|turn|1\n|inactive|navinsachump has 30 seconds left.\n|\n|t:|1773642148\n|switch|p1b: Zamazenta|Zamazenta-Crowned, L50, shiny|100/100\n|-ability|p1b: Zamazenta|Dauntless Shield|boost\n|-boost|p1b: Zamazenta|def|1\n|-terastallize|p2a: Calyrex|Normal\n|move|p1a: Calyrex|Protect|p1a: Calyrex\n|-singleturn|p1a: Calyrex|Protect\n|move|p2b: Incineroar|Knock Off|p1a: Calyrex\n|-activate|p1a: Calyrex|move: Protect\n|move|p2a: Calyrex|Glacial Lance|p1a: Calyrex|[spread] p1b\n|-activate|p1a: Calyrex|move: Protect\n|-resisted|p1b: Zamazenta\n|-damage|p1b: Zamazenta|90/100\n|\n|upkeep\n|turn|2\n|inactive|freegr has 30 seconds left.\n|inactive|navinsachump has 30 seconds left.\n|\n|t:|1773642179\n|move|p2a: Calyrex|Protect|p2a: Calyrex\n|-singleturn|p2a: Calyrex|Protect\n|move|p1a: Calyrex|Psychic|p2a: Calyrex\n|-activate|p2a: Calyrex|move: Protect\n|move|p1b: Zamazenta|Body Press|p2b: Incineroar\n|-supereffective|p2b: Incineroar\n|-damage|p2b: Incineroar|0 fnt\n|-damage|p1b: Zamazenta|73/100|[from] item: Rocky Helmet|[of] p2b: Incineroar\n|faint|p2b: Incineroar\n|\n|upkeep\n|\n|t:|1773642188\n|switch|p2b: Landorus|Landorus, L50, M|100/100\n|turn|3\n|\n|t:|1773642198\n|move|p1b: Zamazenta|Protect|p1b: Zamazenta\n|-singleturn|p1b: Zamazenta|Protect\n|move|p1a: Calyrex|Encore|p2a: Calyrex\n|-start|p2a: Calyrex|Encore\n|move|p2b: Landorus|Earth Power|p1b: Zamazenta\n|-activate|p1b: Zamazenta|move: Protect\n|move|p2a: Calyrex|Protect||[still]\n|-fail|p2a: Calyrex\n|\n|upkeep\n|turn|4\n|\n|t:|1773642205\n|switch|p2a: Miraidon|Miraidon, L50|100/100\n|-fieldstart|move: Electric Terrain|[from] ability: Hadron Engine|[of] p2a: Miraidon\n|-terastallize|p1b: Zamazenta|Dragon\n|move|p1a: Calyrex|Astral Barrage|p2b: Landorus|[spread] p2a,p2b\n|-damage|p2a: Miraidon|67/100\n|-damage|p2b: Landorus|42/100\n|move|p1b: Zamazenta|Body Press|p2a: Miraidon\n|-damage|p2a: Miraidon|3/100\n|move|p2b: Landorus|Crunch|p1a: Calyrex\n|-supereffective|p1a: Calyrex\n|-enditem|p1a: Calyrex|Focus Sash\n|-damage|p1a: Calyrex|1/100\n|\n|upkeep\n|turn|5\n|\n|t:|1773642230\n|switch|p1b: Whimsicott|Whimsicott, L50, F, shiny|100/100\n|move|p1a: Calyrex|Protect|p1a: Calyrex\n|-singleturn|p1a: Calyrex|Protect\n|move|p2a: Miraidon|Draco Meteor|p1b: Whimsicott\n|-immune|p1b: Whimsicott\n|move|p2b: Landorus|Crunch|p1a: Calyrex\n|-activate|p1a: Calyrex|move: Protect\n|\n|upkeep\n|turn|6\n|\n|t:|1773642248\n|switch|p2a: Calyrex|Calyrex-Ice, L50, tera:Normal|100/100\n|-ability|p2a: Calyrex|As One\n|-ability|p2a: Calyrex|Unnerve\n|move|p2b: Landorus|Protect|p2b: Landorus\n|-singleturn|p2b: Landorus|Protect\n|move|p1b: Whimsicott|Tailwind|p1b: Whimsicott\n|-sidestart|p1: freegr|move: Tailwind\n|move|p1a: Calyrex|Astral Barrage|p2b: Landorus|[spread] \n|-activate|p2b: Landorus|move: Protect\n|-immune|p2a: Calyrex\n|\n|upkeep\n|turn|7\n|l|\u2606freegr\n|inactive|freegr disconnected and has a minute to reconnect!\n|player|p1|\n|j|\u2606freegr\n|inactive|freegr reconnected and has 40 seconds left.\n|player|p1|freegr|dawn|\n|inactive|freegr has 30 seconds left.\n|inactive|navinsachump has 30 seconds left.\n|\n|t:|1773642282\n|move|p1a: Calyrex|Astral Barrage|p2b: Landorus|[spread] p2b\n|-immune|p2a: Calyrex\n|-damage|p2b: Landorus|0 fnt\n|faint|p2b: Landorus\n|-ability|p1a: Calyrex|Grim Neigh|boost\n|-boost|p1a: Calyrex|spa|1\n|move|p1b: Whimsicott|Moonblast|p2a: Calyrex\n|-damage|p2a: Calyrex|85/100\n|move|p2a: Calyrex|Trick Room|p2a: Calyrex\n|-fieldstart|move: Trick Room|[of] p2a: Calyrex\n|\n|upkeep\n|\n|t:|1773642291\n|switch|p2b: Miraidon|Miraidon, L50|3/100\n|-activate|p2b: Miraidon|ability: Hadron Engine\n|turn|8\n|\n|t:|1773642302\n|move|p2a: Calyrex|Protect|p2a: Calyrex\n|-singleturn|p2a: Calyrex|Protect\n|move|p1b: Whimsicott|Encore|p2a: Calyrex\n|-activate|p2a: Calyrex|move: Protect\n|move|p2b: Miraidon|Dazzling Gleam|p1a: Calyrex|[spread] p1a,p1b\n|-damage|p1a: Calyrex|0 fnt\n|-damage|p1b: Whimsicott|68/100\n|faint|p1a: Calyrex\n|\n|-fieldend|move: Electric Terrain\n|upkeep\n|\n|t:|1773642321\n|switch|p1a: Raging Bolt|Raging Bolt, L50|100/100\n|-enditem|p1a: Raging Bolt|Booster Energy\n|-activate|p1a: Raging Bolt|ability: Protosynthesis|[fromitem]\n|-start|p1a: Raging Bolt|protosynthesisspa\n|turn|9\n|\n|t:|1773642325\n|move|p1a: Raging Bolt|Thunderclap|p2b: Miraidon\n|-resisted|p2b: Miraidon\n|-damage|p2b: Miraidon|0 fnt\n|faint|p2b: Miraidon\n|move|p1b: Whimsicott|Encore|p2a: Calyrex\n|-start|p2a: Calyrex|Encore\n|move|p2a: Calyrex|Protect||[still]\n|-fail|p2a: Calyrex\n|\n|-sideend|p1: freegr|move: Tailwind\n|upkeep\n|turn|10\n|\n|t:|1773642332\n|move|p2a: Calyrex|Protect|p2a: Calyrex\n|-singleturn|p2a: Calyrex|Protect\n|move|p1a: Raging Bolt|Thunderbolt|p2a: Calyrex\n|-activate|p2a: Calyrex|move: Protect\n|move|p1b: Whimsicott|Moonblast|p2a: Calyrex\n|-activate|p2a: Calyrex|move: Protect\n|\n|upkeep\n|turn|11\n|\n|t:|1773642336\n|move|p2a: Calyrex|Protect||[still]\n|-fail|p2a: Calyrex\n|move|p1a: Raging Bolt|Thunderbolt|p2a: Calyrex\n|-damage|p2a: Calyrex|37/100\n|move|p1b: Whimsicott|Moonblast|p2a: Calyrex\n|-damage|p2a: Calyrex|19/100\n|\n|-end|p2a: Calyrex|Encore\n|-fieldend|move: Trick Room\n|upkeep\n|turn|12\n|-message|navinsachump forfeited.\n|\n|win|freegr\n|raw|freegr's rating: 1478 &rarr; <strong>1501</strong><br />(+23 for winning)\n|raw|navinsachump's rating: 1525 &rarr; <strong>1502</strong><br />(-23 for losing)\n|l|\u2606navinsachump\n|player|p2|\n|l|\u2606freegr\n|player|p1|\n","uploadtime":1773642546,"views":17,"formatid":"gen9vgc2026regi","rating":1501,"private":0,"password":null}