{"id":"gen9vgc2026regi-2558500044","format":"[Gen 9] VGC 2026 Reg I","players":["fodw","Sheevp"],"log":"|j|\u2606fodw\n|j|\u2606Sheevp\n|t:|1773440861\n|gametype|doubles\n|player|p1|fodw|101|1262\n|player|p2|Sheevp|170|1219\n|gen|9\n|tier|[Gen 9] VGC 2026 Reg I\n|rated|\n|rule|Species Clause: Limit one of each Pok\u00e9mon\n|rule|Item Clause: Limit 1 of each item\n|clearpoke\n|poke|p1|Calyrex-Shadow, L50|\n|poke|p1|Lunala, L50|\n|poke|p1|Rillaboom, L50, M|\n|poke|p1|Chi-Yu, L50|\n|poke|p1|Urshifu-*, L50, F|\n|poke|p1|Ninetales-Alola, L50, F|\n|poke|p2|Zamazenta-*, L50|\n|poke|p2|Roaring Moon, L50|\n|poke|p2|Basculegion, L50, M|\n|poke|p2|Chien-Pao, L50|\n|poke|p2|Raichu, L50, M|\n|poke|p2|Kyogre, L50|\n|teampreview|4\n|inactive|Battle timer is ON: inactive players will automatically lose when time's up. (requested by fodw)\n|\n|t:|1773440888\n|teamsize|p1|4\n|teamsize|p2|4\n|start\n|switch|p1a: Rillaboom|Rillaboom, L50, M|100/100\n|switch|p1b: Lunala|Lunala, L50|100/100\n|switch|p2a: Roaring Moon|Roaring Moon, L50|100/100\n|switch|p2b: Zamazenta|Zamazenta-Crowned, L50|100/100\n|-ability|p2b: Zamazenta|Dauntless Shield|boost\n|-boost|p2b: Zamazenta|def|1\n|-fieldstart|move: Grassy Terrain|[from] ability: Grassy Surge|[of] p1a: Rillaboom\n|-enditem|p2a: Roaring Moon|Booster Energy\n|-activate|p2a: Roaring Moon|ability: Protosynthesis|[fromitem]\n|-start|p2a: Roaring Moon|protosynthesisspe\n|turn|1\n|inactive|fodw has 30 seconds left.\n|\n|t:|1773440918\n|-terastallize|p1b: Lunala|Dark\n|move|p1a: Rillaboom|Fake Out|p2b: Zamazenta\n|-resisted|p2b: Zamazenta\n|-damage|p2b: Zamazenta|98/100\n|move|p2a: Roaring Moon|Knock Off|p1b: Lunala\n|-resisted|p1b: Lunala\n|-damage|p1b: Lunala|92/100\n|-enditem|p1b: Lunala|Leftovers|[from] move: Knock Off|[of] p2a: Roaring Moon\n|cant|p2b: Zamazenta|flinch\n|move|p1b: Lunala|Moonblast|p2a: Roaring Moon\n|-supereffective|p2a: Roaring Moon\n|-damage|p2a: Roaring Moon|0 fnt\n|faint|p2a: Roaring Moon\n|-end|p2a: Roaring Moon|Protosynthesis|[silent]\n|\n|-heal|p2b: Zamazenta|100/100|[from] Grassy Terrain\n|-heal|p1b: Lunala|98/100|[from] Grassy Terrain\n|upkeep\n|\n|t:|1773440925\n|switch|p2a: Kyogre|Kyogre, L50|100/100\n|-weather|RainDance|[from] ability: Drizzle|[of] p2a: Kyogre\n|turn|2\n|\n|t:|1773440947\n|-terastallize|p2a: Kyogre|Grass\n|move|p1b: Lunala|Wide Guard|p1b: Lunala\n|-singleturn|p1b: Lunala|Wide Guard\n|move|p1a: Rillaboom|Grassy Glide|p2a: Kyogre\n|-resisted|p2a: Kyogre\n|-damage|p2a: Kyogre|81/100\n|move|p2b: Zamazenta|Body Press|p1b: Lunala\n|-supereffective|p1b: Lunala\n|-damage|p1b: Lunala|0 fnt\n|faint|p1b: Lunala\n|move|p2a: Kyogre|Ice Beam|p1a: Rillaboom\n|-supereffective|p1a: Rillaboom\n|-damage|p1a: Rillaboom|0 fnt\n|faint|p1a: Rillaboom\n|\n|-weather|RainDance|[upkeep]\n|-heal|p2a: Kyogre|87/100|[from] Grassy Terrain\n|upkeep\n|\n|t:|1773440962\n|switch|p1a: Ninetales|Ninetales-Alola, L50, F|100/100\n|switch|p1b: Calyrex|Calyrex-Shadow, L50|100/100\n|-ability|p1b: Calyrex|As One\n|-ability|p1b: Calyrex|Unnerve\n|-weather|Snowscape|[from] ability: Snow Warning|[of] p1a: Ninetales\n|turn|3\n|inactive|Sheevp has 30 seconds left.\n|inactive|Sheevp has 20 seconds left.\n|inactive|Sheevp has 15 seconds left.\n|\n|t:|1773441007\n|move|p1b: Calyrex|Astral Barrage|p2a: Kyogre|[spread] p2a,p2b\n|-damage|p2a: Kyogre|42/100\n|-damage|p2b: Zamazenta|61/100\n|move|p1a: Ninetales|Aurora Veil|p1a: Ninetales\n|-sidestart|p1: fodw|move: Aurora Veil\n|move|p2b: Zamazenta|Heavy Slam|p1a: Ninetales\n|-supereffective|p1a: Ninetales\n|-damage|p1a: Ninetales|0 fnt\n|faint|p1a: Ninetales\n|move|p2a: Kyogre|Ice Beam|p1b: Calyrex\n|-damage|p1b: Calyrex|62/100\n|\n|-weather|Snowscape|[upkeep]\n|-heal|p1b: Calyrex|68/100|[from] Grassy Terrain\n|-heal|p2b: Zamazenta|67/100|[from] Grassy Terrain\n|-heal|p2a: Kyogre|48/100|[from] Grassy Terrain\n|upkeep\n|turn|4\n|\n|t:|1773441020\n|move|p2b: Zamazenta|Wide Guard|p2b: Zamazenta\n|-singleturn|p2b: Zamazenta|Wide Guard\n|move|p1b: Calyrex|Astral Barrage|p2b: Zamazenta|[spread] \n|-activate|p2a: Kyogre|move: Wide Guard\n|-activate|p2b: Zamazenta|move: Wide Guard\n|move|p2a: Kyogre|Ice Beam|p1b: Calyrex\n|-damage|p1b: Calyrex|34/100\n|\n|-weather|Snowscape|[upkeep]\n|-heal|p1b: Calyrex|40/100|[from] Grassy Terrain\n|-heal|p2b: Zamazenta|73/100|[from] Grassy Terrain\n|-heal|p2a: Kyogre|54/100|[from] Grassy Terrain\n|upkeep\n|turn|5\n|\n|t:|1773441030\n|move|p1b: Calyrex|Expanding Force|p2a: Kyogre\n|-damage|p2a: Kyogre|12/100\n|move|p2b: Zamazenta|Heavy Slam|p1b: Calyrex\n|-damage|p1b: Calyrex|0 fnt\n|faint|p1b: Calyrex\n|\n|win|Sheevp\n|raw|fodw's rating: 1262 &rarr; <strong>1234</strong><br />(-28 for losing)\n|raw|Sheevp's rating: 1219 &rarr; <strong>1247</strong><br />(+28 for winning)\n|c|\u2606fodw|caly sweeps\n|c|\u2606fodw|watch\n|l|\u2606Sheevp\n|player|p2|\n|l|\u2606fodw\n|player|p1|\n","uploadtime":1773441254,"views":13,"formatid":"gen9vgc2026regi","rating":1234,"private":0,"password":null}