{"id":"gen9vgc2026regi-2566928981","format":"[Gen 9] VGC 2026 Reg I","players":["MoralesManco","MDYFeiJu"],"log":"|j|\u2606MoralesManco\n|j|\u2606MDYFeiJu\n|t:|1774431081\n|gametype|doubles\n|player|p1|MoralesManco|miku-ghost|1240\n|player|p2|MDYFeiJu|169|1242\n|gen|9\n|tier|[Gen 9] VGC 2026 Reg I\n|rated|\n|rule|Species Clause: Limit one of each Pok\u00e9mon\n|rule|Item Clause: Limit 1 of each item\n|clearpoke\n|poke|p1|Calyrex-Ice, L50|\n|poke|p1|Scraggy, L50, F|\n|poke|p1|Miraidon, L50|\n|poke|p1|Farigiraf, L50, M|\n|poke|p1|Iron Treads, L50|\n|poke|p1|Iron Hands, L50|\n|poke|p2|Calyrex-Ice, L50|\n|poke|p2|Incineroar, L50, F|\n|poke|p2|Miraidon, L50|\n|poke|p2|Landorus, L50, M|\n|poke|p2|Urshifu-*, L50, M|\n|poke|p2|Grimmsnarl, L50, M|\n|teampreview|4\n|inactive|Battle timer is ON: inactive players will automatically lose when time's up. (requested by MoralesManco)\n|inactive|MoralesManco has 60 seconds left.\n|\n|t:|1774431139\n|teamsize|p1|4\n|teamsize|p2|4\n|start\n|switch|p1a: Calyrex|Calyrex-Ice, L50|100/100\n|switch|p1b: Scraggy|Scraggy, L50, F|100/100\n|switch|p2a: Incineroar|Incineroar, L50, F|100/100\n|switch|p2b: Grimmsnarl|Grimmsnarl, L50, M|100/100\n|-ability|p1a: Calyrex|As One\n|-ability|p1a: Calyrex|Unnerve\n|-ability|p2a: Incineroar|Intimidate|boost\n|-fail|p1a: Calyrex|unboost|[from] item: Clear Amulet|[of] p1a: Calyrex\n|-unboost|p1b: Scraggy|atk|1\n|-ability|p1b: Scraggy|Intimidate|boost\n|-unboost|p2a: Incineroar|atk|1\n|-unboost|p2b: Grimmsnarl|atk|1\n|turn|1\n|\n|t:|1774431161\n|move|p1b: Scraggy|Fake Out|p2b: Grimmsnarl\n|-damage|p2b: Grimmsnarl|96/100\n|cant|p2b: Grimmsnarl|flinch\n|move|p2a: Incineroar|Will-O-Wisp|p1a: Calyrex\n|-status|p1a: Calyrex|brn\n|move|p1a: Calyrex|Glacial Lance|p2b: Grimmsnarl|[spread] p2a,p2b\n|-resisted|p2a: Incineroar\n|-crit|p2a: Incineroar\n|-damage|p2a: Incineroar|80/100\n|-damage|p2b: Grimmsnarl|64/100\n|\n|-damage|p1a: Calyrex|95/100 brn|[from] brn\n|upkeep\n|turn|2\n|inactive|MDYFeiJu has 30 seconds left.\n|\n|t:|1774431187\n|move|p2b: Grimmsnarl|Reflect|p2b: Grimmsnarl\n|-sidestart|p2: MDYFeiJu|Reflect\n|move|p2a: Incineroar|Knock Off|p1a: Calyrex\n|-supereffective|p1a: Calyrex\n|-damage|p1a: Calyrex|62/100 brn\n|-enditem|p1a: Calyrex|Clear Amulet|[from] move: Knock Off|[of] p2a: Incineroar\n|move|p1a: Calyrex|Glacial Lance|p2a: Incineroar|[spread] p2a,p2b\n|-resisted|p2a: Incineroar\n|-damage|p2a: Incineroar|72/100\n|-damage|p2b: Grimmsnarl|43/100\n|move|p1b: Scraggy|Coaching|p1a: Calyrex\n|-boost|p1a: Calyrex|atk|1\n|-boost|p1a: Calyrex|def|1\n|\n|-damage|p1a: Calyrex|56/100 brn|[from] brn\n|upkeep\n|turn|3\n|\n|t:|1774431210\n|move|p2b: Grimmsnarl|Spirit Break|p1b: Scraggy\n|-supereffective|p1b: Scraggy\n|-damage|p1b: Scraggy|15/100\n|-unboost|p1b: Scraggy|spa|1\n|move|p2a: Incineroar|Parting Shot|p1a: Calyrex\n|-unboost|p1a: Calyrex|atk|1\n|-unboost|p1a: Calyrex|spa|1\n|\n|t:|1774431218\n|switch|p2a: Calyrex|Calyrex-Ice, L50|100/100|[from] Parting Shot\n|-ability|p2a: Calyrex|As One\n|-ability|p2a: Calyrex|Unnerve\n|move|p1a: Calyrex|High Horsepower|p2a: Calyrex\n|-damage|p2a: Calyrex|91/100\n|move|p1b: Scraggy|Coaching|p1a: Calyrex\n|-boost|p1a: Calyrex|atk|1\n|-boost|p1a: Calyrex|def|1\n|\n|-heal|p2a: Calyrex|97/100|[from] item: Leftovers\n|-damage|p1a: Calyrex|50/100 brn|[from] brn\n|upkeep\n|turn|4\n|inactive|MoralesManco has 30 seconds left.\n|\n|t:|1774431251\n|switch|p2b: Incineroar|Incineroar, L50, F|72/100\n|-ability|p2b: Incineroar|Intimidate|boost\n|-unboost|p1a: Calyrex|atk|1\n|-unboost|p1b: Scraggy|atk|1\n|-terastallize|p1b: Scraggy|Poison\n|move|p2a: Calyrex|Leech Seed|p1a: Calyrex\n|-start|p1a: Calyrex|move: Leech Seed\n|move|p1a: Calyrex|Glacial Lance|p2b: Incineroar|[spread] p2a,p2b\n|-resisted|p2a: Calyrex\n|-resisted|p2b: Incineroar\n|-damage|p2a: Calyrex|91/100\n|-damage|p2b: Incineroar|63/100\n|move|p1b: Scraggy|Endeavor|p2a: Calyrex\n|-damage|p2a: Calyrex|9/100\n|\n|-heal|p2a: Calyrex|15/100|[from] item: Leftovers\n|-damage|p1a: Calyrex|38/100 brn|[from] Leech Seed|[of] p2a: Calyrex\n|-heal|p2a: Calyrex|27/100|[silent]\n|-damage|p1a: Calyrex|32/100 brn|[from] brn\n|upkeep\n|turn|5\n|inactive|MDYFeiJu has 30 seconds left.\n|\n|t:|1774431277\n|move|p2b: Incineroar|Fake Out|p1b: Scraggy\n|-damage|p1b: Scraggy|5/100\n|move|p2a: Calyrex|Leech Seed|p1b: Scraggy\n|-start|p1b: Scraggy|move: Leech Seed\n|move|p1a: Calyrex|High Horsepower|p2b: Incineroar\n|-supereffective|p2b: Incineroar\n|-damage|p2b: Incineroar|40/100\n|cant|p1b: Scraggy|flinch\n|\n|-heal|p2a: Calyrex|33/100|[from] item: Leftovers\n|-damage|p1a: Calyrex|20/100 brn|[from] Leech Seed|[of] p2a: Calyrex\n|-heal|p2a: Calyrex|45/100|[silent]\n|-damage|p1b: Scraggy|0 fnt|[from] Leech Seed|[of] p2a: Calyrex\n|-heal|p2a: Calyrex|48/100|[silent]\n|faint|p1b: Scraggy\n|-damage|p1a: Calyrex|15/100 brn|[from] brn\n|upkeep\n|\n|t:|1774431287\n|switch|p1b: Miraidon|Miraidon, L50|100/100\n|-fieldstart|move: Electric Terrain|[from] ability: Hadron Engine|[of] p1b: Miraidon\n|turn|6\n|inactive|MDYFeiJu has 30 seconds left.\n|\n|t:|1774431315\n|switch|p2b: Grimmsnarl|Grimmsnarl, L50, M|43/100\n|move|p1b: Miraidon|Electro Drift|p2a: Calyrex\n|-damage|p2a: Calyrex|0 fnt\n|faint|p2a: Calyrex\n|move|p1a: Calyrex|High Horsepower|p2b: Grimmsnarl\n|-damage|p2b: Grimmsnarl|29/100\n|\n|-damage|p1a: Calyrex|9/100 brn|[from] brn\n|upkeep\n|\n|t:|1774431330\n|switch|p2a: Landorus|Landorus, L50, M|100/100\n|turn|7\n|\n|t:|1774431338\n|move|p2a: Landorus|Protect|p2a: Landorus\n|-singleturn|p2a: Landorus|Protect\n|move|p1b: Miraidon|Electro Drift|p2b: Grimmsnarl\n|-damage|p2b: Grimmsnarl|0 fnt\n|faint|p2b: Grimmsnarl\n|move|p1a: Calyrex|Glacial Lance|p2a: Landorus\n|-activate|p2a: Landorus|move: Protect\n|\n|-damage|p1a: Calyrex|0 fnt|[from] Leech Seed|[of] p2a: Landorus\n|faint|p1a: Calyrex\n|upkeep\n|\n|t:|1774431353\n|switch|p2b: Incineroar|Incineroar, L50, F|40/100\n|switch|p1a: Iron Treads|Iron Treads, L50|100/100\n|-ability|p2b: Incineroar|Intimidate|boost\n|-unboost|p1a: Iron Treads|atk|1\n|-unboost|p1b: Miraidon|atk|1\n|-activate|p1a: Iron Treads|ability: Quark Drive\n|-start|p1a: Iron Treads|quarkdrivespe\n|turn|8\n|\n|t:|1774431368\n|move|p2b: Incineroar|Fake Out|p1a: Iron Treads\n|-resisted|p1a: Iron Treads\n|-damage|p1a: Iron Treads|96/100\n|cant|p1a: Iron Treads|flinch\n|move|p1b: Miraidon|Electro Drift|p2b: Incineroar\n|-damage|p2b: Incineroar|0 fnt\n|faint|p2b: Incineroar\n|move|p2a: Landorus|Earth Power|p1b: Miraidon\n|-supereffective|p1b: Miraidon\n|-damage|p1b: Miraidon|0 fnt\n|faint|p1b: Miraidon\n|\n|upkeep\n|turn|9\n|inactive|MDYFeiJu has 30 seconds left.\n|\n|t:|1774431394\n|move|p1a: Iron Treads|Protect|p1a: Iron Treads\n|-singleturn|p1a: Iron Treads|Protect\n|move|p2a: Landorus|Protect||[still]\n|-fail|p2a: Landorus\n|\n|-sideend|p2: MDYFeiJu|Reflect\n|upkeep\n|turn|10\n|\n|t:|1774431405\n|move|p1a: Iron Treads|Knock Off|p2a: Landorus\n|-damage|p2a: Landorus|72/100\n|-enditem|p2a: Landorus|Life Orb|[from] move: Knock Off|[of] p1a: Iron Treads\n|-damage|p1a: Iron Treads|87/100|[from] item: Life Orb\n|move|p2a: Landorus|Earth Power|p1a: Iron Treads\n|-supereffective|p1a: Iron Treads\n|-damage|p1a: Iron Treads|0 fnt\n|faint|p1a: Iron Treads\n|-end|p1a: Iron Treads|Quark Drive|[silent]\n|\n|win|MDYFeiJu\n|raw|MoralesManco's rating: 1240 &rarr; <strong>1215</strong><br />(-25 for losing)\n|raw|MDYFeiJu's rating: 1242 &rarr; <strong>1267</strong><br />(+25 for winning)\n|l|\u2606MoralesManco\n|player|p1|\n|l|\u2606MDYFeiJu\n|player|p2|\n","uploadtime":1774431662,"views":9,"formatid":"gen9vgc2026regi","rating":1215,"private":0,"password":null}