{"id":"gen9vgc2026regi-2549027393","format":"[Gen 9] VGC 2026 Reg I","players":["Muttonhead","partigiano jonny"],"log":"|j|\u2606Muttonhead\n|j|\u2606partigiano jonny\n|t:|1772297684\n|gametype|doubles\n|player|p1|Muttonhead|swimmerf|1456\n|player|p2|partigiano jonny|volkner|1534\n|gen|9\n|tier|[Gen 9] VGC 2026 Reg I\n|rated|\n|rule|Species Clause: Limit one of each Pok\u00e9mon\n|rule|Item Clause: Limit 1 of each item\n|clearpoke\n|poke|p1|Miraidon, L50|\n|poke|p1|Whimsicott, L50, F|\n|poke|p1|Farigiraf, L50, F|\n|poke|p1|Iron Hands, L50|\n|poke|p1|Calyrex-Shadow, L50|\n|poke|p1|Chi-Yu, L50|\n|poke|p2|Terapagos, L50, M|\n|poke|p2|Miraidon, L50|\n|poke|p2|Incineroar, L50, F|\n|poke|p2|Iron Treads, L50|\n|poke|p2|Sinistcha, L50|\n|poke|p2|Urshifu-*, L50, M|\n|teampreview|4\n|inactive|Battle timer is ON: inactive players will automatically lose when time's up. (requested by Muttonhead)\n|inactive|Muttonhead has 60 seconds left.\n|\n|t:|1772297724\n|teamsize|p1|4\n|teamsize|p2|4\n|start\n|switch|p1a: Miraidon|Miraidon, L50|100/100\n|switch|p1b: Whimsicott|Whimsicott, L50, F|100/100\n|switch|p2a: Terapagos|Terapagos, L50, M|100/100\n|switch|p2b: Miraidon|Miraidon, L50|100/100\n|-activate|p2a: Terapagos|ability: Tera Shift\n|detailschange|p2a: Terapagos|Terapagos-Terastal, L50, M\n|-heal|p2a: Terapagos|100/100|[silent]\n|-fieldstart|move: Electric Terrain|[from] ability: Hadron Engine|[of] p1a: Miraidon\n|-enditem|p2a: Terapagos|Electric Seed\n|-boost|p2a: Terapagos|def|1|[from] item: Electric Seed\n|-activate|p2b: Miraidon|ability: Hadron Engine\n|turn|1\n|\n|t:|1772297749\n|move|p1b: Whimsicott|Light Screen|p1b: Whimsicott\n|-sidestart|p1: Muttonhead|move: Light Screen\n|move|p1a: Miraidon|Volt Switch|p2a: Terapagos\n|-activate|p2a: Terapagos|ability: Tera Shell\n|-resisted|p2a: Terapagos\n|-damage|p2a: Terapagos|60/100\n|\n|t:|1772297756\n|switch|p1a: Calyrex|Calyrex-Shadow, L50|100/100|[from] Volt Switch\n|-ability|p1a: Calyrex|As One\n|-ability|p1a: Calyrex|Unnerve\n|move|p2b: Miraidon|Draco Meteor|p1a: Calyrex\n|-damage|p1a: Calyrex|39/100\n|-unboost|p2b: Miraidon|spa|2\n|move|p2a: Terapagos|Tera Starstorm|p1b: Whimsicott\n|-damage|p1b: Whimsicott|50/100\n|\n|upkeep\n|turn|2\n|\n|t:|1772297775\n|-terastallize|p2a: Terapagos|Stellar\n|detailschange|p2a: Terapagos|Terapagos-Stellar, L50, M, tera:Stellar\n|-heal|p2a: Terapagos|70/100|[silent]\n|-ability|p2a: Terapagos|Teraform Zero\n|-fieldend|move: Electric Terrain\n|move|p1a: Calyrex|Astral Barrage|p2b: Miraidon|[spread] p2b\n|-immune|p2a: Terapagos\n|-damage|p2b: Miraidon|69/100\n|move|p2b: Miraidon|Volt Switch|p1b: Whimsicott\n|-resisted|p1b: Whimsicott\n|-damage|p1b: Whimsicott|42/100\n|\n|t:|1772297788\n|switch|p2b: Sinistcha|Sinistcha, L50|100/100|[from] Volt Switch\n|-heal|p2a: Terapagos|95/100|[from] ability: Hospitality|[of] p2b: Sinistcha\n|move|p1b: Whimsicott|Moonblast|p2b: Sinistcha\n|-damage|p2b: Sinistcha|69/100\n|move|p2a: Terapagos|Tera Starstorm|p1a: Calyrex|[spread] p1a,p1b\n|-damage|p1a: Calyrex|12/100\n|-damage|p1b: Whimsicott|9/100\n|\n|upkeep\n|turn|3\n|\n|t:|1772297805\n|switch|p2b: Incineroar|Incineroar, L50, F|100/100\n|-ability|p2b: Incineroar|Intimidate|boost\n|-unboost|p1a: Calyrex|atk|1\n|-unboost|p1b: Whimsicott|atk|1\n|move|p1b: Whimsicott|Tailwind|p1b: Whimsicott\n|-sidestart|p1: Muttonhead|move: Tailwind\n|move|p1a: Calyrex|Astral Barrage|p2b: Incineroar|[spread] p2b\n|-immune|p2a: Terapagos\n|-resisted|p2b: Incineroar\n|-damage|p2b: Incineroar|74/100\n|move|p2a: Terapagos|Tera Starstorm|p1b: Whimsicott|[spread] p1a,p1b\n|-damage|p1a: Calyrex|0 fnt\n|-damage|p1b: Whimsicott|0 fnt\n|faint|p1a: Calyrex\n|faint|p1b: Whimsicott\n|\n|upkeep\n|\n|t:|1772297818\n|switch|p1a: Chi-Yu|Chi-Yu, L50|100/100\n|switch|p1b: Miraidon|Miraidon, L50|100/100\n|-ability|p1a: Chi-Yu|Beads of Ruin\n|-fieldstart|move: Electric Terrain|[from] ability: Hadron Engine|[of] p1b: Miraidon\n|turn|4\n|\n|t:|1772297841\n|-terastallize|p1a: Chi-Yu|Ghost\n|move|p2b: Incineroar|Fake Out|p1b: Miraidon\n|-damage|p1b: Miraidon|90/100\n|move|p1a: Chi-Yu|Dark Pulse|p2a: Terapagos\n|-damage|p2a: Terapagos|58/100\n|cant|p1b: Miraidon|flinch\n|cant|p2a: Terapagos|flinch\n|\n|upkeep\n|turn|5\n|inactive|Muttonhead has 30 seconds left.\n|\n|t:|1772297872\n|switch|p2b: Sinistcha|Sinistcha, L50|69/100\n|-heal|p2a: Terapagos|83/100|[from] ability: Hospitality|[of] p2b: Sinistcha\n|move|p2a: Terapagos|Protect|p2a: Terapagos\n|-singleturn|p2a: Terapagos|Protect\n|move|p1a: Chi-Yu|Dark Pulse|p2a: Terapagos\n|-activate|p2a: Terapagos|move: Protect\n|move|p1b: Miraidon|Draco Meteor|p2b: Sinistcha\n|-damage|p2b: Sinistcha|0 fnt\n|-unboost|p1b: Miraidon|spa|2\n|faint|p2b: Sinistcha\n|\n|-sideend|p1: Muttonhead|move: Light Screen\n|upkeep\n|\n|t:|1772297886\n|switch|p2b: Incineroar|Incineroar, L50, F|74/100\n|-ability|p2b: Incineroar|Intimidate|boost\n|-unboost|p1a: Chi-Yu|atk|1\n|-unboost|p1b: Miraidon|atk|1\n|turn|6\n|\n|t:|1772297893\n|move|p2b: Incineroar|Fake Out|p1b: Miraidon\n|-damage|p1b: Miraidon|78/100\n|move|p1a: Chi-Yu|Dark Pulse|p2a: Terapagos\n|-damage|p2a: Terapagos|42/100\n|cant|p1b: Miraidon|flinch\n|move|p2a: Terapagos|Tera Starstorm|p1a: Chi-Yu|[spread] p1a,p1b\n|-supereffective|p1a: Chi-Yu\n|-crit|p1b: Miraidon\n|-damage|p1a: Chi-Yu|4/100\n|-damage|p1b: Miraidon|12/100\n|\n|-sideend|p1: Muttonhead|move: Tailwind\n|upkeep\n|turn|7\n|\n|t:|1772297914\n|move|p1a: Chi-Yu|Dark Pulse|p2a: Terapagos\n|-damage|p2a: Terapagos|5/100\n|move|p1b: Miraidon|Draco Meteor|p2b: Incineroar\n|-damage|p2b: Incineroar|0 fnt\n|-unboost|p1b: Miraidon|spa|2\n|faint|p2b: Incineroar\n|move|p2a: Terapagos|Tera Starstorm|p1b: Miraidon|[spread] p1a,p1b\n|-supereffective|p1a: Chi-Yu\n|-damage|p1a: Chi-Yu|0 fnt\n|-damage|p1b: Miraidon|0 fnt\n|faint|p1a: Chi-Yu\n|faint|p1b: Miraidon\n|\n|win|partigiano jonny\n|raw|Muttonhead's rating: 1456 &rarr; <strong>1440</strong><br />(-16 for losing)\n|raw|partigiano jonny's rating: 1534 &rarr; <strong>1550</strong><br />(+16 for winning)\n","uploadtime":1772297915,"views":13,"formatid":"gen9vgc2026regi","rating":1440,"private":0,"password":null}