{"id":"gen9vgc2026regi-2578792571","format":"[Gen 9] VGC 2026 Reg I","players":["gigicipolla","yaochangzhe"],"log":"|j|\u2606gigicipolla\n|j|\u2606yaochangzhe\n|t:|1775718905\n|gametype|doubles\n|player|p1|gigicipolla|gambler|1305\n|player|p2|yaochangzhe|170|1380\n|gen|9\n|tier|[Gen 9] VGC 2026 Reg I\n|rated|\n|rule|Species Clause: Limit one of each Pok\u00e9mon\n|rule|Item Clause: Limit 1 of each item\n|clearpoke\n|poke|p1|Rillaboom, L50, F|\n|poke|p1|Oranguru, L50, M|\n|poke|p1|Calyrex-Ice, L50|\n|poke|p1|Torkoal, L50, F|\n|poke|p1|Kyogre, L50|\n|poke|p1|Raging Bolt, L50|\n|poke|p2|Dondozo, L50, M|\n|poke|p2|Tatsugiri, L50, M|\n|poke|p2|Incineroar, L50, M|\n|poke|p2|Iron Bundle, L50|\n|poke|p2|Calyrex-Ice, L50|\n|poke|p2|Miraidon, L50|\n|teampreview|4\n|\n|t:|1775718932\n|teamsize|p1|4\n|teamsize|p2|4\n|start\n|switch|p1a: Oranguru|Oranguru, L50, M|100/100\n|switch|p1b: Calyrex|Calyrex-Ice, L50|100/100\n|switch|p2a: Tatsugiri|Tatsugiri, L50, M, shiny|100/100\n|switch|p2b: Miraidon|Miraidon, L50|100/100\n|-ability|p1b: Calyrex|As One\n|-ability|p1b: Calyrex|Unnerve\n|-fieldstart|move: Electric Terrain|[from] ability: Hadron Engine|[of] p2b: Miraidon\n|turn|1\n|\n|t:|1775718980\n|move|p2a: Tatsugiri|Soak|p1a: Oranguru\n|-start|p1a: Oranguru|typechange|Water\n|move|p2b: Miraidon|Volt Switch|p1a: Oranguru\n|-supereffective|p1a: Oranguru\n|-damage|p1a: Oranguru|0 fnt\n|faint|p1a: Oranguru\n|\n|t:|1775718988\n|switch|p2b: Calyrex|Calyrex-Ice, L50|100/100|[from] Volt Switch\n|-ability|p2b: Calyrex|As One\n|-ability|p2b: Calyrex|Unnerve\n|move|p1b: Calyrex|Trick Room|p1b: Calyrex\n|-fieldstart|move: Trick Room|[of] p1b: Calyrex\n|\n|upkeep\n|\n|t:|1775718992\n|switch|p1a: Torkoal|Torkoal, L50, F|100/100\n|-weather|SunnyDay|[from] ability: Drought|[of] p1a: Torkoal\n|turn|2\n|inactive|Battle timer is ON: inactive players will automatically lose when time's up. (requested by yaochangzhe)\n|\n|t:|1775719007\n|-terastallize|p1a: Torkoal|Fire\n|move|p2b: Calyrex|Protect|p2b: Calyrex\n|-singleturn|p2b: Calyrex|Protect\n|move|p1a: Torkoal|Eruption|p2a: Tatsugiri|[spread] p2a\n|-activate|p2b: Calyrex|move: Protect\n|-resisted|p2a: Tatsugiri\n|-damage|p2a: Tatsugiri|70/100\n|move|p1b: Calyrex|Glacial Lance|p2b: Calyrex|[spread] p2a\n|-activate|p2b: Calyrex|move: Protect\n|-damage|p2a: Tatsugiri|0 fnt\n|faint|p2a: Tatsugiri\n|-ability|p1b: Calyrex|Chilling Neigh|boost\n|-boost|p1b: Calyrex|atk|1\n|\n|-weather|SunnyDay|[upkeep]\n|upkeep\n|\n|t:|1775719014\n|switch|p2a: Dondozo|Dondozo, L50, M, shiny|100/100\n|turn|3\n|inactive|gigicipolla has 30 seconds left.\n|\n|t:|1775719042\n|-terastallize|p2b: Calyrex|Fire\n|move|p2a: Dondozo|Protect|p2a: Dondozo\n|-singleturn|p2a: Dondozo|Protect\n|move|p1a: Torkoal|Eruption|p2a: Dondozo|[spread] p2b\n|-activate|p2a: Dondozo|move: Protect\n|-resisted|p2b: Calyrex\n|-damage|p2b: Calyrex|62/100\n|move|p1b: Calyrex|Close Combat|p2b: Calyrex\n|-damage|p2b: Calyrex|15/100\n|-unboost|p1b: Calyrex|def|1\n|-unboost|p1b: Calyrex|spd|1\n|move|p2b: Calyrex|Trick Room|p2b: Calyrex\n|-fieldend|move: Trick Room\n|\n|-weather|SunnyDay|[upkeep]\n|upkeep\n|turn|4\n|\n|t:|1775719065\n|move|p2a: Dondozo|Order Up|p1b: Calyrex\n|-damage|p1b: Calyrex|85/100\n|move|p2b: Calyrex|High Horsepower|p1a: Torkoal\n|-supereffective|p1a: Torkoal\n|-damage|p1a: Torkoal|38/100\n|move|p1a: Torkoal|Eruption|p2a: Dondozo|[spread] p2a,p2b\n|-resisted|p2a: Dondozo\n|-resisted|p2b: Calyrex\n|-damage|p2a: Dondozo|83/100\n|-damage|p2b: Calyrex|1/100\n|move|p1b: Calyrex|Trick Room|p1b: Calyrex\n|-fieldstart|move: Trick Room|[of] p1b: Calyrex\n|\n|-weather|SunnyDay|[upkeep]\n|-heal|p2a: Dondozo|89/100|[from] item: Leftovers\n|upkeep\n|turn|5\n|inactive|gigicipolla has 30 seconds left.\n|\n|t:|1775719090\n|move|p2b: Calyrex|Protect|p2b: Calyrex\n|-singleturn|p2b: Calyrex|Protect\n|move|p1a: Torkoal|Earth Power|p2a: Dondozo\n|-damage|p2a: Dondozo|69/100\n|move|p1b: Calyrex|Glacial Lance|p2a: Dondozo|[spread] p2a\n|-activate|p2b: Calyrex|move: Protect\n|-resisted|p2a: Dondozo\n|-damage|p2a: Dondozo|50/100\n|move|p2a: Dondozo|Earthquake|p1a: Torkoal|[spread] p1a,p1b\n|-activate|p2b: Calyrex|move: Protect\n|-supereffective|p1a: Torkoal\n|-damage|p1a: Torkoal|2/100\n|-damage|p1b: Calyrex|72/100\n|\n|-weather|SunnyDay|[upkeep]\n|-heal|p2a: Dondozo|57/100|[from] item: Leftovers\n|-fieldend|move: Electric Terrain\n|upkeep\n|turn|6\n|inactive|yaochangzhe has 30 seconds left.\n|\n|t:|1775719125\n|move|p2b: Calyrex|Protect|p2b: Calyrex\n|-singleturn|p2b: Calyrex|Protect\n|move|p1a: Torkoal|Earth Power|p2a: Dondozo\n|-damage|p2a: Dondozo|35/100\n|move|p1b: Calyrex|Glacial Lance|p2a: Dondozo|[spread] p2a\n|-activate|p2b: Calyrex|move: Protect\n|-resisted|p2a: Dondozo\n|-damage|p2a: Dondozo|16/100\n|move|p2a: Dondozo|Earthquake|p1a: Torkoal|[spread] p1a,p1b\n|-activate|p2b: Calyrex|move: Protect\n|-supereffective|p1a: Torkoal\n|-damage|p1a: Torkoal|0 fnt\n|-damage|p1b: Calyrex|59/100\n|faint|p1a: Torkoal\n|\n|-weather|none\n|-heal|p2a: Dondozo|23/100|[from] item: Leftovers\n|upkeep\n|\n|t:|1775719129\n|switch|p1a: Raging Bolt|Raging Bolt, L50|100/100\n|turn|7\n|\n|t:|1775719140\n|move|p1a: Raging Bolt|Thunderclap|p2a: Dondozo\n|-supereffective|p2a: Dondozo\n|-damage|p2a: Dondozo|0 fnt\n|faint|p2a: Dondozo\n|move|p2b: Calyrex|Glacial Lance|p1a: Raging Bolt|[spread] p1a,p1b\n|-supereffective|p1a: Raging Bolt\n|-crit|p1a: Raging Bolt\n|-resisted|p1b: Calyrex\n|-damage|p1a: Raging Bolt|0 fnt\n|-damage|p1b: Calyrex|31/100\n|faint|p1a: Raging Bolt\n|-end|p1a: Raging Bolt|Protosynthesis|[silent]\n|-ability|p2b: Calyrex|Chilling Neigh|boost\n|-boost|p2b: Calyrex|atk|1\n|move|p1b: Calyrex|Glacial Lance|p2b: Calyrex\n|-resisted|p2b: Calyrex\n|-damage|p2b: Calyrex|0 fnt\n|faint|p2b: Calyrex\n|-ability|p1b: Calyrex|Chilling Neigh|boost\n|-boost|p1b: Calyrex|atk|1\n|\n|upkeep\n|\n|t:|1775719147\n|switch|p2b: Miraidon|Miraidon, L50|100/100\n|-fieldstart|move: Electric Terrain|[from] ability: Hadron Engine|[of] p2b: Miraidon\n|turn|8\n|\n|t:|1775719165\n|move|p1b: Calyrex|Glacial Lance|p2b: Miraidon\n|-supereffective|p2b: Miraidon\n|-damage|p2b: Miraidon|0 fnt\n|faint|p2b: Miraidon\n|\n|win|gigicipolla\n|raw|gigicipolla's rating: 1305 &rarr; <strong>1329</strong><br />(+24 for winning)\n|raw|yaochangzhe's rating: 1380 &rarr; <strong>1356</strong><br />(-24 for losing)\n|c|\u2606gigicipolla|gg\n|l|\u2606gigicipolla\n|player|p1|\n","uploadtime":1775719308,"views":8,"formatid":"gen9vgc2026regi","rating":1329,"private":0,"password":null}