{"id":"gen9vgc2026regi-2568511106","format":"[Gen 9] VGC 2026 Reg I","players":["chang21","pigs2fly"],"log":"|j|\u2606chang21\n|j|\u2606pigs2fly\n|t:|1774587896\n|gametype|doubles\n|player|p1|chang21|265|1427\n|player|p2|pigs2fly|dexio|1580\n|gen|9\n|tier|[Gen 9] VGC 2026 Reg I\n|rated|\n|rule|Species Clause: Limit one of each Pok\u00e9mon\n|rule|Item Clause: Limit 1 of each item\n|clearpoke\n|poke|p1|Brute Bonnet, L50|\n|poke|p1|Lunala, L50|\n|poke|p1|Ursaluna, L50, M|\n|poke|p1|Chi-Yu, L50|\n|poke|p1|Koraidon, L50|\n|poke|p1|Flutter Mane, L50|\n|poke|p2|Annihilape, L50, M|\n|poke|p2|Tornadus, L50, M|\n|poke|p2|Dondozo, L50, M|\n|poke|p2|Tatsugiri, L50, F|\n|poke|p2|Zacian-*, L50|\n|poke|p2|Kyogre, L50|\n|teampreview|4\n|inactive|Battle timer is ON: inactive players will automatically lose when time's up. (requested by chang21)\n|inactive|chang21 has 60 seconds left.\n|\n|t:|1774587946\n|teamsize|p1|4\n|teamsize|p2|4\n|start\n|switch|p1a: Lunala|Lunala, L50|100/100\n|switch|p1b: Brute Bonnet|Brute Bonnet, L50|100/100\n|switch|p2a: Kyogre|Kyogre, L50|100/100\n|switch|p2b: Zacian|Zacian-Crowned, L50, shiny|100/100\n|-ability|p2b: Zacian|Intrepid Sword|boost\n|-boost|p2b: Zacian|atk|1\n|-weather|RainDance|[from] ability: Drizzle|[of] p2a: Kyogre\n|turn|1\n|inactive|chang21 has 30 seconds left.\n|\n|t:|1774587977\n|-terastallize|p1a: Lunala|Water\n|move|p1b: Brute Bonnet|Rage Powder|p1b: Brute Bonnet\n|-singleturn|p1b: Brute Bonnet|move: Rage Powder\n|move|p2b: Zacian|Crunch|p1b: Brute Bonnet\n|-resisted|p1b: Brute Bonnet\n|-damage|p1b: Brute Bonnet|86/100\n|-unboost|p1b: Brute Bonnet|def|1\n|move|p2a: Kyogre|Origin Pulse|p1a: Lunala|[spread] p1a,p1b\n|-resisted|p1a: Lunala\n|-crit|p1a: Lunala\n|-resisted|p1b: Brute Bonnet\n|-damage|p1a: Lunala|83/100\n|-damage|p1b: Brute Bonnet|51/100\n|move|p1a: Lunala|Trick Room|p1a: Lunala\n|-fieldstart|move: Trick Room|[of] p1a: Lunala\n|\n|-weather|RainDance|[upkeep]\n|upkeep\n|turn|2\n|\n|t:|1774588001\n|move|p1b: Brute Bonnet|Spore|p2b: Zacian\n|-status|p2b: Zacian|slp|[from] move: Spore\n|move|p2a: Kyogre|Ice Beam|p1b: Brute Bonnet\n|-supereffective|p1b: Brute Bonnet\n|-damage|p1b: Brute Bonnet|0 fnt\n|faint|p1b: Brute Bonnet\n|-end|p1b: Brute Bonnet|Protosynthesis|[silent]\n|move|p1a: Lunala|Meteor Beam||[still]\n|-prepare|p1a: Lunala|Meteor Beam\n|-boost|p1a: Lunala|spa|1\n|-enditem|p1a: Lunala|Power Herb\n|-anim|p1a: Lunala|Meteor Beam|p2a: Kyogre\n|-damage|p2a: Kyogre|70/100\n|cant|p2b: Zacian|slp\n|\n|-weather|RainDance|[upkeep]\n|upkeep\n|\n|t:|1774588013\n|switch|p1b: Koraidon|Koraidon, L50|100/100\n|-weather|SunnyDay|[from] ability: Orichalcum Pulse|[of] p1b: Koraidon\n|-activate|p1b: Koraidon|Orichalcum Pulse|[source]\n|turn|3\n|j| clefci\n|\n|t:|1774588030\n|switch|p1b: Ursaluna|Ursaluna, L50, M|100/100\n|move|p2a: Kyogre|Origin Pulse|p1b: Ursaluna|[spread] p1b\n|-miss|p2a: Kyogre|p1a: Lunala\n|-supereffective|p1b: Ursaluna\n|-damage|p1b: Ursaluna|57/100\n|move|p1a: Lunala|Moongeist Beam|p2a: Kyogre\n|-damage|p2a: Kyogre|34/100\n|cant|p2b: Zacian|slp\n|\n|-weather|SunnyDay|[upkeep]\n|-status|p1b: Ursaluna|brn|[from] item: Flame Orb\n|upkeep\n|turn|4\n|\n|t:|1774588043\n|-curestatus|p2b: Zacian|slp|[msg]\n|move|p2b: Zacian|Protect|p2b: Zacian\n|-singleturn|p2b: Zacian|Protect\n|move|p1a: Lunala|Wide Guard|p1a: Lunala\n|-singleturn|p1a: Lunala|Wide Guard\n|move|p1b: Ursaluna|Earthquake|p2b: Zacian|[spread] p2a\n|-activate|p1a: Lunala|move: Wide Guard\n|-activate|p2b: Zacian|move: Protect\n|-damage|p2a: Kyogre|0 fnt\n|faint|p2a: Kyogre\n|\n|-weather|SunnyDay|[upkeep]\n|-damage|p1b: Ursaluna|51/100 brn|[from] brn\n|upkeep\n|\n|t:|1774588045\n|switch|p2a: Dondozo|Dondozo, L50, M|100/100\n|turn|5\n|inactive|chang21 has 30 seconds left.\n|\n|t:|1774588076\n|switch|p2b: Tatsugiri|Tatsugiri, L50, F|100/100\n|-activate|p2b: Tatsugiri|ability: Commander|[of] p2a: Dondozo\n|-boost|p2a: Dondozo|atk|2\n|-boost|p2a: Dondozo|spa|2\n|-boost|p2a: Dondozo|spe|2\n|-boost|p2a: Dondozo|def|2\n|-boost|p2a: Dondozo|spd|2\n|move|p2a: Dondozo|Protect|p2a: Dondozo\n|-singleturn|p2a: Dondozo|Protect\n|move|p1b: Ursaluna|Headlong Rush|p2b: Tatsugiri|[miss]\n|-miss|p1b: Ursaluna|p2b: Tatsugiri\n|move|p1a: Lunala|Moongeist Beam|p2a: Dondozo\n|-activate|p2a: Dondozo|move: Protect\n|\n|-weather|SunnyDay|[upkeep]\n|-damage|p1b: Ursaluna|45/100 brn|[from] brn\n|-fieldend|move: Trick Room\n|upkeep\n|turn|6\n|\n|t:|1774588086\n|move|p1b: Ursaluna|Protect|p1b: Ursaluna\n|-singleturn|p1b: Ursaluna|Protect\n|move|p2a: Dondozo|Order Up|p1a: Lunala\n|-damage|p1a: Lunala|46/100\n|-boost|p2a: Dondozo|atk|1\n|move|p1a: Lunala|Trick Room|p1a: Lunala\n|-fieldstart|move: Trick Room|[of] p1a: Lunala\n|\n|-weather|SunnyDay|[upkeep]\n|-damage|p1b: Ursaluna|39/100 brn|[from] brn\n|upkeep\n|turn|7\n|\n|t:|1774588099\n|move|p2a: Dondozo|Protect|p2a: Dondozo\n|-singleturn|p2a: Dondozo|Protect\n|move|p1b: Ursaluna|Facade|p2a: Dondozo\n|-activate|p2a: Dondozo|move: Protect\n|move|p1a: Lunala|Moongeist Beam|p2a: Dondozo\n|-activate|p2a: Dondozo|move: Protect\n|\n|-weather|none\n|-damage|p1b: Ursaluna|33/100 brn|[from] brn\n|upkeep\n|turn|8\n|\n|t:|1774588109\n|move|p1b: Ursaluna|Facade|p2a: Dondozo\n|-damage|p2a: Dondozo|60/100\n|move|p1a: Lunala|Moongeist Beam|p2a: Dondozo\n|-damage|p2a: Dondozo|29/100\n|move|p2a: Dondozo|Earthquake|p1a: Lunala|[spread] p1a,p1b\n|-miss|p2a: Dondozo|p2b: Tatsugiri\n|-damage|p1a: Lunala|6/100\n|-damage|p1b: Ursaluna|0 fnt\n|faint|p1b: Ursaluna\n|\n|-heal|p2a: Dondozo|35/100|[from] item: Leftovers\n|upkeep\n|\n|t:|1774588119\n|switch|p1b: Koraidon|Koraidon, L50|100/100\n|-weather|SunnyDay|[from] ability: Orichalcum Pulse|[of] p1b: Koraidon\n|-activate|p1b: Koraidon|Orichalcum Pulse|[source]\n|turn|9\n|\n|t:|1774588124\n|move|p2a: Dondozo|Protect|p2a: Dondozo\n|-singleturn|p2a: Dondozo|Protect\n|move|p1a: Lunala|Moongeist Beam|p2a: Dondozo\n|-activate|p2a: Dondozo|move: Protect\n|move|p1b: Koraidon|Close Combat|p2a: Dondozo\n|-activate|p2a: Dondozo|move: Protect\n|\n|-weather|SunnyDay|[upkeep]\n|-heal|p2a: Dondozo|42/100|[from] item: Leftovers\n|upkeep\n|turn|10\n|\n|t:|1774588139\n|move|p1a: Lunala|Moongeist Beam|p2a: Dondozo\n|-damage|p2a: Dondozo|10/100\n|move|p2a: Dondozo|Order Up|p1a: Lunala\n|-damage|p1a: Lunala|0 fnt\n|faint|p1a: Lunala\n|-boost|p2a: Dondozo|atk|1\n|move|p1b: Koraidon|Close Combat|p2a: Dondozo\n|-damage|p2a: Dondozo|0 fnt\n|-unboost|p1b: Koraidon|def|1\n|-unboost|p1b: Koraidon|spd|1\n|faint|p2a: Dondozo\n|-damage|p1b: Koraidon|91/100|[from] item: Life Orb\n|\n|-weather|SunnyDay|[upkeep]\n|-fieldend|move: Trick Room\n|upkeep\n|\n|t:|1774588141\n|switch|p2a: Zacian|Zacian-Crowned, L50, shiny|100/100\n|turn|11\n|\n|t:|1774588159\n|-terastallize|p2b: Tatsugiri|Stellar\n|move|p1b: Koraidon|Flare Blitz|p2a: Zacian\n|-supereffective|p2a: Zacian\n|-damage|p2a: Zacian|0 fnt\n|faint|p2a: Zacian\n|-damage|p1b: Koraidon|54/100|[from] Recoil\n|-damage|p1b: Koraidon|44/100|[from] item: Life Orb\n|move|p2b: Tatsugiri|Dragon Pulse|p1b: Koraidon\n|-supereffective|p1b: Koraidon\n|-damage|p1b: Koraidon|0 fnt\n|faint|p1b: Koraidon\n|\n|win|pigs2fly\n|raw|chang21's rating: 1427 &rarr; <strong>1415</strong><br />(-12 for losing)\n|raw|pigs2fly's rating: 1580 &rarr; <strong>1592</strong><br />(+12 for winning)\n|l|\u2606chang21\n|player|p1|\n|l|\u2606pigs2fly\n|player|p2|\n|l| clefci\n","uploadtime":1774588396,"views":7,"formatid":"gen9vgc2026regi","rating":1415,"private":0,"password":null}