{"id":"gen9vgc2026regi-2563786339","format":"[Gen 9] VGC 2026 Reg I","players":["Bayo93","SnorlaxPikachu1"],"log":"|j|\u2606Bayo93\n|j|\u2606SnorlaxPikachu1\n|t:|1774062117\n|gametype|doubles\n|player|p1|Bayo93|170|1400\n|player|p2|SnorlaxPikachu1|palmer|1673\n|gen|9\n|tier|[Gen 9] VGC 2026 Reg I\n|rated|\n|rule|Species Clause: Limit one of each Pok\u00e9mon\n|rule|Item Clause: Limit 1 of each item\n|clearpoke\n|poke|p1|Zacian-*, L50|\n|poke|p1|Kyogre, L50|\n|poke|p1|Landorus, L50, M|\n|poke|p1|Chien-Pao, L50|\n|poke|p1|Tornadus, L50, M|\n|poke|p1|Roaring Moon, L50|\n|poke|p2|Koraidon, L50|\n|poke|p2|Calyrex-Shadow, L50|\n|poke|p2|Roaring Moon, L50|\n|poke|p2|Ogerpon-Hearthflame, L50, F|\n|poke|p2|Incineroar, L50, M|\n|poke|p2|Flutter Mane, L50|\n|teampreview|4\n|inactive|Battle timer is ON: inactive players will automatically lose when time's up. (requested by SnorlaxPikachu1)\n|\n|t:|1774062193\n|teamsize|p1|4\n|teamsize|p2|4\n|start\n|switch|p1a: Tornadus|Tornadus, L50, M|100/100\n|switch|p1b: Chien-Pao|Chien-Pao, L50, shiny|100/100\n|switch|p2a: Roaring Moon|Roaring Moon, L50|100/100\n|switch|p2b: Calyrex|Calyrex-Shadow, L50|100/100\n|-ability|p2b: Calyrex|As One\n|-ability|p2b: Calyrex|Unnerve\n|-ability|p1b: Chien-Pao|Sword of Ruin\n|turn|1\n|\n|t:|1774062212\n|-terastallize|p2b: Calyrex|Ghost\n|move|p1a: Tornadus|Taunt|p2a: Roaring Moon\n|-hint|Since gen 7, Dark is immune to Prankster moves.\n|-immune|p2a: Roaring Moon\n|move|p2b: Calyrex|Astral Barrage|p1b: Chien-Pao|[spread] p1a,p1b\n|-resisted|p1b: Chien-Pao\n|-damage|p1a: Tornadus|7/100\n|-damage|p1b: Chien-Pao|40/100\n|move|p1b: Chien-Pao|Icicle Crash|p2a: Roaring Moon\n|-supereffective|p2a: Roaring Moon\n|-damage|p2a: Roaring Moon|0 fnt\n|faint|p2a: Roaring Moon\n|-end|p2a: Roaring Moon|Protosynthesis|[silent]\n|\n|upkeep\n|\n|t:|1774062222\n|switch|p2a: Ogerpon|Ogerpon-Hearthflame, L50, F|100/100\n|-ability|p2a: Ogerpon|Mold Breaker\n|turn|2\n|inactive|Bayo93 has 30 seconds left.\n|inactive|Bayo93 has 20 seconds left.\n|\n|t:|1774062258\n|move|p2a: Ogerpon|Follow Me|p2a: Ogerpon\n|-singleturn|p2a: Ogerpon|move: Follow Me\n|move|p1a: Tornadus|Tailwind|p1a: Tornadus\n|-sidestart|p1: Bayo93|move: Tailwind\n|move|p1b: Chien-Pao|Icicle Crash|p2a: Ogerpon\n|-damage|p2a: Ogerpon|52/100\n|move|p2b: Calyrex|Astral Barrage|p1a: Tornadus|[spread] p1a,p1b\n|-resisted|p1b: Chien-Pao\n|-damage|p1a: Tornadus|0 fnt\n|-damage|p1b: Chien-Pao|0 fnt\n|faint|p1a: Tornadus\n|faint|p1b: Chien-Pao\n|-ability|p2b: Calyrex|Grim Neigh|boost\n|-boost|p2b: Calyrex|spa|2\n|\n|upkeep\n|\n|t:|1774062265\n|switch|p1b: Kyogre|Kyogre, L50|100/100\n|switch|p1a: Zacian|Zacian-Crowned, L50|100/100\n|-ability|p1a: Zacian|Intrepid Sword|boost\n|-boost|p1a: Zacian|atk|1\n|-weather|RainDance|[from] ability: Drizzle|[of] p1b: Kyogre\n|turn|3\n|inactive|Bayo93 has 30 seconds left.\n|inactive|Bayo93 has 20 seconds left.\n|inactive|Bayo93 has 15 seconds left.\n|inactive|Bayo93 has 10 seconds left.\n|inactive|Bayo93 has 5 seconds left.\n|\n|t:|1774062316\n|-terastallize|p1a: Zacian|Normal\n|move|p2b: Calyrex|Protect|p2b: Calyrex\n|-singleturn|p2b: Calyrex|Protect\n|move|p2a: Ogerpon|Spiky Shield|p2a: Ogerpon\n|-singleturn|p2a: Ogerpon|move: Protect\n|move|p1a: Zacian|Behemoth Blade|p2b: Calyrex\n|-activate|p2b: Calyrex|move: Protect\n|move|p1b: Kyogre|Water Spout|p2b: Calyrex|[spread] \n|-activate|p2a: Ogerpon|move: Protect\n|-activate|p2b: Calyrex|move: Protect\n|\n|-weather|RainDance|[upkeep]\n|upkeep\n|turn|4\n|\n|t:|1774062336\n|move|p2a: Ogerpon|Follow Me|p2a: Ogerpon\n|-singleturn|p2a: Ogerpon|move: Follow Me\n|move|p1a: Zacian|Behemoth Blade|p2a: Ogerpon\n|-resisted|p2a: Ogerpon\n|-damage|p2a: Ogerpon|11/100\n|move|p1b: Kyogre|Water Spout|p2a: Ogerpon|[spread] p2a,p2b\n|-damage|p2a: Ogerpon|0 fnt\n|-enditem|p2b: Calyrex|Focus Sash\n|-damage|p2b: Calyrex|1/100\n|faint|p2a: Ogerpon\n|move|p2b: Calyrex|Astral Barrage|p1a: Zacian|[spread] p1b\n|-immune|p1a: Zacian\n|-damage|p1b: Kyogre|0 fnt\n|faint|p1b: Kyogre\n|-ability|p2b: Calyrex|Grim Neigh|boost\n|-boost|p2b: Calyrex|spa|1\n|\n|-weather|RainDance|[upkeep]\n|upkeep\n|\n|t:|1774062343\n|switch|p2a: Koraidon|Koraidon, L50|100/100\n|-weather|SunnyDay|[from] ability: Orichalcum Pulse|[of] p2a: Koraidon\n|-activate|p2a: Koraidon|Orichalcum Pulse|[source]\n|turn|5\n|\n|t:|1774062347\n|move|p2b: Calyrex|Protect|p2b: Calyrex\n|-singleturn|p2b: Calyrex|Protect\n|move|p2a: Koraidon|Protect|p2a: Koraidon\n|-singleturn|p2a: Koraidon|Protect\n|move|p1a: Zacian|Substitute|p1a: Zacian\n|-start|p1a: Zacian|Substitute\n|-damage|p1a: Zacian|76/100\n|\n|-weather|SunnyDay|[upkeep]\n|-sideend|p1: Bayo93|move: Tailwind\n|upkeep\n|turn|6\n|\n|t:|1774062361\n|move|p2b: Calyrex|Encore|p1a: Zacian\n|-start|p1a: Zacian|Encore\n|move|p1a: Zacian|Substitute|p1a: Zacian\n|-fail|p1a: Zacian|move: Substitute\n|move|p2a: Koraidon|Flame Charge|p1a: Zacian\n|-end|p1a: Zacian|Substitute\n|-boost|p2a: Koraidon|spe|1\n|-damage|p2a: Koraidon|91/100|[from] item: Life Orb\n|\n|-weather|SunnyDay|[upkeep]\n|upkeep\n|turn|7\n|-message|Bayo93 forfeited.\n|\n|win|SnorlaxPikachu1\n|raw|Bayo93's rating: 1400 &rarr; <strong>1393</strong><br />(-7 for losing)\n|raw|SnorlaxPikachu1's rating: 1673 &rarr; <strong>1680</strong><br />(+7 for winning)\n|l|\u2606Bayo93\n|player|p1|\n|l|\u2606SnorlaxPikachu1\n|player|p2|\n","uploadtime":1774062609,"views":17,"formatid":"gen9vgc2026regi","rating":1393,"private":0,"password":null}