{"id":"gen9vgc2026regi-2540752816","format":"[Gen 9] VGC 2026 Reg I","players":["kojimuranishi","pitty boi"],"log":"|j|\u2606kojimuranishi\n|j|\u2606pitty boi\n|t:|1771249923\n|gametype|doubles\n|player|p1|kojimuranishi|102|1357\n|player|p2|pitty boi|170|1356\n|gen|9\n|tier|[Gen 9] VGC 2026 Reg I\n|rated|\n|rule|Species Clause: Limit one of each Pok\u00e9mon\n|rule|Item Clause: Limit 1 of each item\n|clearpoke\n|poke|p1|Whimsicott, L50, M|\n|poke|p1|Calyrex-Ice, L50|\n|poke|p1|Miraidon, L50|\n|poke|p1|Chi-Yu, L50|\n|poke|p1|Landorus, L50, M|\n|poke|p1|Iron Hands, L50|\n|poke|p2|Calyrex-Shadow, L50|\n|poke|p2|Zamazenta-*, L50|\n|poke|p2|Weezing-Galar, L50, F|\n|poke|p2|Urshifu-*, L50, F|\n|poke|p2|Rillaboom, L50, F|\n|poke|p2|Volcarona, L50, F|\n|teampreview|4\n|inactive|Battle timer is ON: inactive players will automatically lose when time's up. (requested by kojimuranishi)\n|inactive|pitty boi has 60 seconds left.\n|\n|t:|1771249968\n|teamsize|p1|4\n|teamsize|p2|4\n|start\n|switch|p1a: Whimsicott|Whimsicott, L50, M|100/100\n|switch|p1b: Chi-Yu|Chi-Yu, L50|100/100\n|switch|p2a: Weezing|Weezing-Galar, L50, F|100/100\n|switch|p2b: Calyrex|Calyrex-Shadow, L50|100/100\n|-ability|p2a: Weezing|Neutralizing Gas\n|-ability|p2b: Calyrex|As One\n|-ability|p2b: Calyrex|Unnerve\n|turn|1\n|\n|t:|1771249989\n|move|p2b: Calyrex|Protect|p2b: Calyrex\n|-singleturn|p2b: Calyrex|Protect\n|move|p1a: Whimsicott|Tailwind|p1a: Whimsicott\n|-sidestart|p1: kojimuranishi|move: Tailwind\n|move|p1b: Chi-Yu|Heat Wave|p2b: Calyrex|[spread] p2a\n|-activate|p2b: Calyrex|move: Protect\n|-damage|p2a: Weezing|46/100\n|move|p2a: Weezing|Taunt|p1a: Whimsicott\n|-start|p1a: Whimsicott|move: Taunt\n|\n|upkeep\n|turn|2\n|inactive|pitty boi has 30 seconds left.\n|inactive|pitty boi has 20 seconds left.\n|\n|t:|1771250029\n|move|p1a: Whimsicott|Moonblast|p2b: Calyrex\n|-damage|p2b: Calyrex|59/100\n|move|p1b: Chi-Yu|Heat Wave|p2b: Calyrex|[spread] p2b\n|-miss|p1b: Chi-Yu|p2a: Weezing\n|-damage|p2b: Calyrex|0 fnt\n|faint|p2b: Calyrex\n|move|p2a: Weezing|Strange Steam|p1a: Whimsicott\n|-damage|p1a: Whimsicott|51/100\n|\n|upkeep\n|\n|t:|1771250038\n|switch|p2b: Zamazenta|Zamazenta-Crowned, L50|100/100\n|turn|3\n|\n|t:|1771250050\n|switch|p1a: Landorus|Landorus, L50, M|100/100\n|move|p2b: Zamazenta|Wide Guard|p2b: Zamazenta\n|-singleturn|p2b: Zamazenta|Wide Guard\n|move|p1b: Chi-Yu|Heat Wave|p2a: Weezing|[spread] \n|-activate|p2a: Weezing|move: Wide Guard\n|-activate|p2b: Zamazenta|move: Wide Guard\n|move|p2a: Weezing|Strange Steam|p1a: Landorus\n|-damage|p1a: Landorus|68/100\n|\n|upkeep\n|turn|4\n|\n|t:|1771250067\n|-terastallize|p2b: Zamazenta|Dragon\n|move|p2a: Weezing|Protect|p2a: Weezing\n|-singleturn|p2a: Weezing|Protect\n|move|p1a: Landorus|Earth Power|p2b: Zamazenta\n|-damage|p2b: Zamazenta|62/100\n|-unboost|p2b: Zamazenta|spd|1\n|-damage|p1a: Landorus|58/100|[from] item: Life Orb\n|move|p1b: Chi-Yu|Heat Wave|p2a: Weezing|[spread] p2b\n|-activate|p2a: Weezing|move: Protect\n|-resisted|p2b: Zamazenta\n|-damage|p2b: Zamazenta|31/100\n|move|p2b: Zamazenta|Body Press|p1b: Chi-Yu\n|-supereffective|p1b: Chi-Yu\n|-damage|p1b: Chi-Yu|0 fnt\n|faint|p1b: Chi-Yu\n|\n|-sideend|p1: kojimuranishi|move: Tailwind\n|upkeep\n|\n|t:|1771250090\n|switch|p1b: Whimsicott|Whimsicott, L50, M|51/100\n|turn|5\n|\n|t:|1771250114\n|switch|p2b: Rillaboom|Rillaboom, L50, F|100/100\n|move|p1b: Whimsicott|Tailwind|p1b: Whimsicott\n|-sidestart|p1: kojimuranishi|move: Tailwind\n|move|p1a: Landorus|Sandsear Storm|p2b: Rillaboom|[spread] p2a\n|-miss|p1a: Landorus|p2b: Rillaboom\n|-supereffective|p2a: Weezing\n|-damage|p2a: Weezing|0 fnt\n|faint|p2a: Weezing\n|-end|p2a: Weezing|ability: Neutralizing Gas\n|-fieldstart|move: Grassy Terrain|[from] ability: Grassy Surge|[of] p2b: Rillaboom\n|-damage|p1a: Landorus|48/100|[from] item: Life Orb\n|\n|-heal|p1b: Whimsicott|57/100|[from] Grassy Terrain\n|upkeep\n|\n|t:|1771250124\n|switch|p2a: Zamazenta|Zamazenta-Crowned, L50, tera:Dragon|31/100\n|-ability|p2a: Zamazenta|Dauntless Shield|boost\n|-boost|p2a: Zamazenta|def|1\n|turn|6\n|\n|t:|1771250136\n|-terastallize|p1b: Whimsicott|Ghost\n|move|p2b: Rillaboom|Fake Out|p1a: Landorus\n|-damage|p1a: Landorus|32/100\n|move|p1b: Whimsicott|Moonblast|p2a: Zamazenta\n|-supereffective|p2a: Zamazenta\n|-damage|p2a: Zamazenta|0 fnt\n|faint|p2a: Zamazenta\n|cant|p1a: Landorus|flinch\n|\n|-heal|p1b: Whimsicott|63/100|[from] Grassy Terrain\n|upkeep\n|turn|7\n|\n|t:|1771250150\n|move|p1b: Whimsicott|Encore|p2b: Rillaboom\n|-start|p2b: Rillaboom|Encore\n|move|p2b: Rillaboom|Fake Out||[still]\n|-hint|Fake Out only works on your first turn out.\n|-fail|p2b: Rillaboom\n|move|p1a: Landorus|Sludge Bomb|p2b: Rillaboom\n|-supereffective|p2b: Rillaboom\n|-damage|p2b: Rillaboom|30/100\n|\n|-heal|p1b: Whimsicott|69/100|[from] Grassy Terrain\n|-heal|p2b: Rillaboom|36/100|[from] Grassy Terrain\n|upkeep\n|turn|8\n|c|\u2606pitty boi|gg\n|-message|pitty boi forfeited.\n|\n|win|kojimuranishi\n|raw|kojimuranishi's rating: 1357 &rarr; <strong>1377</strong><br />(+20 for winning)\n|raw|pitty boi's rating: 1356 &rarr; <strong>1336</strong><br />(-20 for losing)\n|l|\u2606pitty boi\n|player|p2|\n","uploadtime":1771250380,"views":33,"formatid":"gen9vgc2026regi","rating":1336,"private":0,"password":null}