{"id":"gen9vgc2026regi-2564860673","format":"[Gen 9] VGC 2026 Reg I","players":["Yoohohohobrook","Jonen"],"log":"|j|\u2606Yoohohohobrook\n|j|\u2606Jonen\n|t:|1774204837\n|gametype|doubles\n|player|p1|Yoohohohobrook|170|1321\n|player|p2|Jonen|hiker-gen4|1352\n|gen|9\n|tier|[Gen 9] VGC 2026 Reg I\n|rated|\n|rule|Species Clause: Limit one of each Pok\u00e9mon\n|rule|Item Clause: Limit 1 of each item\n|clearpoke\n|poke|p1|Groudon, L50|\n|poke|p1|Rillaboom, L50, F|\n|poke|p1|Calyrex-Ice, L50|\n|poke|p1|Flutter Mane, L50|\n|poke|p1|Raging Bolt, L50|\n|poke|p1|Incineroar, L50, M|\n|poke|p2|Zacian-*, L50|\n|poke|p2|Kyogre, L50|\n|poke|p2|Iron Hands, L50|\n|poke|p2|Amoonguss, L50, F|\n|poke|p2|Whimsicott, L50, F|\n|poke|p2|Ditto, L50|\n|teampreview|4\n|\n|t:|1774204887\n|teamsize|p1|4\n|teamsize|p2|4\n|start\n|switch|p1a: Calyrex|Calyrex-Ice, L50|100/100\n|switch|p1b: Raging Bolt|Raging Bolt, L50|100/100\n|switch|p2a: Whimsicott|Whimsicott, L50, F|100/100\n|switch|p2b: Zacian|Zacian-Crowned, L50|100/100\n|-ability|p1a: Calyrex|As One\n|-ability|p1a: Calyrex|Unnerve\n|-ability|p2b: Zacian|Intrepid Sword|boost\n|-boost|p2b: Zacian|atk|1\n|turn|1\n|\n|t:|1774204927\n|switch|p2a: Iron Hands|Iron Hands, L50|100/100\n|-terastallize|p1a: Calyrex|Water\n|move|p1b: Raging Bolt|Thunderclap|p2b: Zacian\n|-damage|p2b: Zacian|54/100\n|-damage|p1b: Raging Bolt|91/100|[from] item: Life Orb\n|move|p2b: Zacian|Behemoth Blade|p1a: Calyrex\n|-resisted|p1a: Calyrex\n|-damage|p1a: Calyrex|77/100\n|move|p1a: Calyrex|Glacial Lance|p2b: Zacian|[spread] p2a,p2b\n|-resisted|p2b: Zacian\n|-damage|p2a: Iron Hands|66/100\n|-damage|p2b: Zacian|34/100\n|\n|-heal|p1a: Calyrex|83/100|[from] item: Leftovers\n|upkeep\n|turn|2\n|\n|t:|1774204946\n|move|p1b: Raging Bolt|Protect|p1b: Raging Bolt\n|-singleturn|p1b: Raging Bolt|Protect\n|move|p1a: Calyrex|Protect|p1a: Calyrex\n|-singleturn|p1a: Calyrex|Protect\n|move|p2b: Zacian|Swords Dance|p2b: Zacian\n|-boost|p2b: Zacian|atk|2\n|move|p2a: Iron Hands|Wild Charge|p1a: Calyrex\n|-activate|p1a: Calyrex|move: Protect\n|\n|-heal|p1a: Calyrex|89/100|[from] item: Leftovers\n|upkeep\n|turn|3\n|\n|t:|1774204973\n|move|p2b: Zacian|Protect|p2b: Zacian\n|-singleturn|p2b: Zacian|Protect\n|move|p1b: Raging Bolt|Thunderclap||[still]\n|-fail|p1b: Raging Bolt\n|move|p2a: Iron Hands|Wild Charge|p1a: Calyrex\n|-supereffective|p1a: Calyrex\n|-damage|p1a: Calyrex|37/100\n|-damage|p2a: Iron Hands|56/100|[from] Recoil\n|move|p1a: Calyrex|Trick Room|p1a: Calyrex\n|-fieldstart|move: Trick Room|[of] p1a: Calyrex\n|\n|-heal|p1a: Calyrex|43/100|[from] item: Leftovers\n|upkeep\n|turn|4\n|\n|t:|1774204992\n|move|p1a: Calyrex|Protect|p1a: Calyrex\n|-singleturn|p1a: Calyrex|Protect\n|move|p2a: Iron Hands|Wild Charge|p1a: Calyrex\n|-activate|p1a: Calyrex|move: Protect\n|move|p1b: Raging Bolt|Thunderbolt|p2b: Zacian\n|-damage|p2b: Zacian|0 fnt\n|faint|p2b: Zacian\n|-damage|p1b: Raging Bolt|81/100|[from] item: Life Orb\n|\n|-heal|p1a: Calyrex|48/100|[from] item: Leftovers\n|upkeep\n|\n|t:|1774205000\n|switch|p2b: Whimsicott|Whimsicott, L50, F|100/100\n|turn|5\n|\n|t:|1774205013\n|switch|p1a: Rillaboom|Rillaboom, L50, F|100/100\n|-fieldstart|move: Grassy Terrain|[from] ability: Grassy Surge|[of] p1a: Rillaboom\n|move|p2b: Whimsicott|Encore||[still]\n|-fail|p2b: Whimsicott\n|move|p2a: Iron Hands|Low Kick|p1b: Raging Bolt\n|-damage|p1b: Raging Bolt|18/100\n|move|p1b: Raging Bolt|Draco Meteor|p2a: Iron Hands|[miss]\n|-miss|p1b: Raging Bolt|p2a: Iron Hands\n|\n|-heal|p2a: Iron Hands|62/100|[from] Grassy Terrain\n|-heal|p1b: Raging Bolt|24/100|[from] Grassy Terrain\n|upkeep\n|turn|6\n|\n|t:|1774205028\n|move|p1a: Rillaboom|Fake Out|p2a: Iron Hands\n|-crit|p2a: Iron Hands\n|-damage|p2a: Iron Hands|47/100\n|move|p2b: Whimsicott|Encore|p1b: Raging Bolt\n|-start|p1b: Raging Bolt|Encore\n|cant|p2a: Iron Hands|flinch\n|move|p1b: Raging Bolt|Draco Meteor|p2a: Iron Hands\n|-damage|p2a: Iron Hands|0 fnt\n|-unboost|p1b: Raging Bolt|spa|2\n|faint|p2a: Iron Hands\n|-end|p2a: Iron Hands|Quark Drive|[silent]\n|-damage|p1b: Raging Bolt|15/100|[from] item: Life Orb\n|\n|-heal|p1b: Raging Bolt|21/100|[from] Grassy Terrain\n|upkeep\n|\n|t:|1774205036\n|switch|p2a: Kyogre|Kyogre, L50|100/100\n|-weather|RainDance|[from] ability: Drizzle|[of] p2a: Kyogre\n|turn|7\n|\n|t:|1774205046\n|-end|p1b: Raging Bolt|Protosynthesis|[silent]\n|switch|p1b: Groudon|Groudon, L50|100/100\n|-weather|SunnyDay|[from] ability: Drought|[of] p1b: Groudon\n|move|p1a: Rillaboom|Grassy Glide|p2a: Kyogre\n|-supereffective|p2a: Kyogre\n|-damage|p2a: Kyogre|30/100\n|move|p2b: Whimsicott|Encore|p1a: Rillaboom\n|-start|p1a: Rillaboom|Encore\n|move|p2a: Kyogre|Water Spout|p1b: Groudon|[spread] p1a,p1b\n|-resisted|p1a: Rillaboom\n|-supereffective|p1b: Groudon\n|-damage|p1a: Rillaboom|96/100\n|-damage|p1b: Groudon|82/100\n|\n|-weather|SunnyDay|[upkeep]\n|-heal|p1a: Rillaboom|100/100|[from] Grassy Terrain\n|-heal|p1b: Groudon|87/100|[from] Grassy Terrain\n|-heal|p2a: Kyogre|36/100|[from] Grassy Terrain\n|-fieldend|move: Trick Room\n|upkeep\n|turn|8\n|\n|t:|1774205061\n|-terastallize|p2a: Kyogre|Grass\n|move|p2b: Whimsicott|Tailwind|p2b: Whimsicott\n|-sidestart|p2: Jonen|move: Tailwind\n|move|p1a: Rillaboom|Grassy Glide|p2a: Kyogre\n|-resisted|p2a: Kyogre\n|-crit|p2a: Kyogre\n|-damage|p2a: Kyogre|13/100\n|move|p2a: Kyogre|Origin Pulse|p1a: Rillaboom|[spread] p1a,p1b\n|-resisted|p1a: Rillaboom\n|-supereffective|p1b: Groudon\n|-damage|p1a: Rillaboom|90/100\n|-damage|p1b: Groudon|42/100\n|move|p1b: Groudon|Heat Crash|p2b: Whimsicott\n|-supereffective|p2b: Whimsicott\n|-damage|p2b: Whimsicott|0 fnt\n|faint|p2b: Whimsicott\n|\n|-weather|SunnyDay|[upkeep]\n|-heal|p2a: Kyogre|19/100|[from] Grassy Terrain\n|-heal|p1b: Groudon|48/100|[from] Grassy Terrain\n|-heal|p1a: Rillaboom|96/100|[from] Grassy Terrain\n|upkeep\n|turn|9\n|\n|t:|1774205074\n|move|p1a: Rillaboom|Grassy Glide|p2a: Kyogre\n|-resisted|p2a: Kyogre\n|-damage|p2a: Kyogre|2/100\n|move|p2a: Kyogre|Origin Pulse|p1a: Rillaboom|[spread] p1a,p1b\n|-resisted|p1a: Rillaboom\n|-supereffective|p1b: Groudon\n|-damage|p1a: Rillaboom|85/100\n|-damage|p1b: Groudon|0 fnt\n|faint|p1b: Groudon\n|\n|-weather|SunnyDay|[upkeep]\n|-heal|p2a: Kyogre|8/100|[from] Grassy Terrain\n|-heal|p1a: Rillaboom|90/100|[from] Grassy Terrain\n|-fieldend|move: Grassy Terrain\n|upkeep\n|c|\u2606Jonen|gg\n|\n|t:|1774205084\n|switch|p1b: Raging Bolt|Raging Bolt, L50|21/100\n|-activate|p1b: Raging Bolt|ability: Protosynthesis\n|-start|p1b: Raging Bolt|protosynthesisspa\n|turn|10\n|\n|t:|1774205092\n|move|p1b: Raging Bolt|Thunderclap|p2a: Kyogre\n|-resisted|p2a: Kyogre\n|-damage|p2a: Kyogre|0 fnt\n|faint|p2a: Kyogre\n|-damage|p1b: Raging Bolt|12/100|[from] item: Life Orb\n|\n|win|Yoohohohobrook\n|raw|Yoohohohobrook's rating: 1321 &rarr; <strong>1343</strong><br />(+22 for winning)\n|raw|Jonen's rating: 1352 &rarr; <strong>1330</strong><br />(-22 for losing)\n","uploadtime":1774205092,"views":11,"formatid":"gen9vgc2026regi","rating":1330,"private":0,"password":null}