{"id":"gen9vgc2026regi-2560752578","format":"[Gen 9] VGC 2026 Reg I","players":["It'sJustKen VGC","kdan_7"],"log":"|j|\u2606It'sJustKen VGC\n|j|\u2606kdan_7\n|t:|1773720680\n|gametype|doubles\n|player|p1|It'sJustKen VGC|1|1353\n|player|p2|kdan_7|shauntal|1335\n|gen|9\n|tier|[Gen 9] VGC 2026 Reg I\n|rated|\n|rule|Species Clause: Limit one of each Pok\u00e9mon\n|rule|Item Clause: Limit 1 of each item\n|clearpoke\n|poke|p1|Koraidon, L50|\n|poke|p1|Incineroar, L50, F|\n|poke|p1|Raging Bolt, L50|\n|poke|p1|Amoonguss, L50, M|\n|poke|p1|Flutter Mane, L50|\n|poke|p1|Lunala, L50|\n|poke|p2|Calyrex-Shadow, L50|\n|poke|p2|Zamazenta-*, L50|\n|poke|p2|Rillaboom, L50, F|\n|poke|p2|Incineroar, L50, M|\n|poke|p2|Raging Bolt, L50|\n|poke|p2|Ogerpon-Hearthflame, L50, F|\n|teampreview|4\n|inactive|Battle timer is ON: inactive players will automatically lose when time's up. (requested by It'sJustKen VGC)\n|j| Therazer456\n|inactive|kdan_7 has 60 seconds left.\n|\n|t:|1773720740\n|teamsize|p1|4\n|teamsize|p2|4\n|start\n|switch|p1a: Koraidon|Koraidon, L50|100/100\n|switch|p1b: Flutter Mane|Flutter Mane, L50|100/100\n|switch|p2a: Calyrex|Calyrex-Shadow, L50|100/100\n|switch|p2b: Incineroar|Incineroar, L50, M|100/100\n|-ability|p2a: Calyrex|As One\n|-ability|p2a: Calyrex|Unnerve\n|-weather|SunnyDay|[from] ability: Orichalcum Pulse|[of] p1a: Koraidon\n|-activate|p1b: Flutter Mane|ability: Protosynthesis\n|-start|p1b: Flutter Mane|protosynthesisspe\n|-activate|p1a: Koraidon|Orichalcum Pulse|[source]\n|-ability|p2b: Incineroar|Intimidate|boost\n|-fail|p1a: Koraidon|unboost|[from] item: Clear Amulet|[of] p1a: Koraidon\n|-unboost|p1b: Flutter Mane|atk|1\n|turn|1\n|\n|t:|1773720757\n|move|p1b: Flutter Mane|Protect|p1b: Flutter Mane\n|-singleturn|p1b: Flutter Mane|Protect\n|move|p2a: Calyrex|Protect|p2a: Calyrex\n|-singleturn|p2a: Calyrex|Protect\n|move|p1a: Koraidon|Protect|p1a: Koraidon\n|-singleturn|p1a: Koraidon|Protect\n|move|p2b: Incineroar|Parting Shot|p1b: Flutter Mane\n|-activate|p1b: Flutter Mane|move: Protect\n|\n|-weather|SunnyDay|[upkeep]\n|upkeep\n|turn|2\n|\n|t:|1773720777\n|switch|p2a: Gawain|Ogerpon-Hearthflame, L50, F|100/100\n|-ability|p2a: Gawain|Mold Breaker\n|move|p1b: Flutter Mane|Shadow Ball|p2a: Gawain\n|-damage|p2a: Gawain|57/100\n|move|p1a: Koraidon|Close Combat|p2b: Incineroar\n|-supereffective|p2b: Incineroar\n|-damage|p2b: Incineroar|0 fnt\n|-unboost|p1a: Koraidon|def|1\n|-unboost|p1a: Koraidon|spd|1\n|-damage|p1a: Koraidon|84/100|[from] item: Rocky Helmet|[of] p2b: Incineroar\n|faint|p2b: Incineroar\n|\n|-weather|SunnyDay|[upkeep]\n|upkeep\n|\n|t:|1773720785\n|switch|p2b: Calyrex|Calyrex-Shadow, L50|100/100\n|-ability|p2b: Calyrex|As One\n|-ability|p2b: Calyrex|Unnerve\n|turn|3\n|inactive|It'sJustKen VGC has 30 seconds left.\n|\n|t:|1773720814\n|move|p1a: Koraidon|Protect|p1a: Koraidon\n|-singleturn|p1a: Koraidon|Protect\n|move|p2a: Gawain|Follow Me|p2a: Gawain\n|-singleturn|p2a: Gawain|move: Follow Me\n|move|p1b: Flutter Mane|Shadow Ball|p2a: Gawain\n|-damage|p2a: Gawain|17/100\n|move|p2b: Calyrex|Astral Barrage|p1b: Flutter Mane|[spread] p1b\n|-activate|p1a: Koraidon|move: Protect\n|-supereffective|p1b: Flutter Mane\n|-enditem|p1b: Flutter Mane|Focus Sash\n|-damage|p1b: Flutter Mane|1/100\n|-damage|p2b: Calyrex|91/100|[from] item: Life Orb\n|\n|-weather|SunnyDay|[upkeep]\n|upkeep\n|turn|4\n|inactive|kdan_7 has 30 seconds left.\n|inactive|kdan_7 has 20 seconds left.\n|\n|t:|1773720851\n|switch|p1a: Incineroar|Incineroar, L50, F|100/100\n|-ability|p1a: Incineroar|Intimidate|boost\n|-unboost|p2a: Gawain|atk|1\n|-unboost|p2b: Calyrex|atk|1\n|move|p2a: Gawain|Follow Me|p2a: Gawain\n|-singleturn|p2a: Gawain|move: Follow Me\n|move|p1b: Flutter Mane|Icy Wind|p2a: Gawain|[spread] p2a,p2b\n|-damage|p2a: Gawain|3/100\n|-damage|p2b: Calyrex|76/100\n|-unboost|p2a: Gawain|spe|1\n|-unboost|p2b: Calyrex|spe|1\n|move|p2b: Calyrex|Astral Barrage|p1b: Flutter Mane|[spread] p1a,p1b\n|-resisted|p1a: Incineroar\n|-crit|p1a: Incineroar\n|-supereffective|p1b: Flutter Mane\n|-damage|p1a: Incineroar|66/100\n|-damage|p1b: Flutter Mane|0 fnt\n|faint|p1b: Flutter Mane\n|-end|p1b: Flutter Mane|Protosynthesis|[silent]\n|-ability|p2b: Calyrex|Grim Neigh|boost\n|-boost|p2b: Calyrex|spa|1\n|-damage|p2b: Calyrex|66/100|[from] item: Life Orb\n|\n|-weather|SunnyDay|[upkeep]\n|upkeep\n|\n|t:|1773720868\n|switch|p1b: Lunala|Lunala, L50|100/100\n|turn|5\n|\n|t:|1773720881\n|move|p1b: Lunala|Wide Guard|p1b: Lunala\n|-singleturn|p1b: Lunala|Wide Guard\n|move|p2b: Calyrex|Astral Barrage|p1a: Incineroar|[spread] \n|-activate|p1a: Incineroar|move: Wide Guard\n|-activate|p1b: Lunala|move: Wide Guard\n|move|p2a: Gawain|Ivy Cudgel|p1b: Lunala|[anim] Ivy Cudgel Fire\n|-damage|p1b: Lunala|74/100\n|move|p1a: Incineroar|U-turn|p2b: Calyrex\n|-damage|p2b: Calyrex|40/100\n|\n|t:|1773720885\n|switch|p1a: Koraidon|Koraidon, L50|84/100|[from] U-turn\n|-activate|p1a: Koraidon|ability: Orichalcum Pulse\n|\n|-weather|none\n|upkeep\n|turn|6\n|\n|t:|1773720898\n|move|p1a: Koraidon|Flame Charge|p2a: Gawain\n|-damage|p2a: Gawain|0 fnt\n|-boost|p1a: Koraidon|spe|1\n|faint|p2a: Gawain\n|move|p1b: Lunala|Meteor Beam||[still]\n|-prepare|p1b: Lunala|Meteor Beam\n|-boost|p1b: Lunala|spa|1\n|-enditem|p1b: Lunala|Power Herb\n|-anim|p1b: Lunala|Meteor Beam|p2b: Calyrex\n|-damage|p2b: Calyrex|0 fnt\n|faint|p2b: Calyrex\n|\n|upkeep\n|-message|kdan_7 forfeited.\n|\n|win|It'sJustKen VGC\n|raw|It&apos;sJustKen VGC's rating: 1353 &rarr; <strong>1372</strong><br />(+19 for winning)\n|raw|kdan_7's rating: 1335 &rarr; <strong>1316</strong><br />(-19 for losing)\n|l|\u2606kdan_7\n|player|p2|\n|l|\u2606It'sJustKen VGC\n|player|p1|\n","uploadtime":1773720950,"views":10,"formatid":"gen9vgc2026regi","rating":1316,"private":0,"password":null}