{"id":"gen9vgc2026regi-2548870610","format":"[Gen 9] VGC 2026 Reg I","players":["TheManOfSausage","Ice124567890"],"log":"|j|\u2606TheManOfSausage\n|j|\u2606Ice124567890\n|t:|1772273818\n|gametype|doubles\n|player|p1|TheManOfSausage|miku-water|1467\n|player|p2|Ice124567890|265|1440\n|gen|9\n|tier|[Gen 9] VGC 2026 Reg I\n|rated|\n|rule|Species Clause: Limit one of each Pok\u00e9mon\n|rule|Item Clause: Limit 1 of each item\n|clearpoke\n|poke|p1|Calyrex-Shadow, L50|\n|poke|p1|Koraidon, L50|\n|poke|p1|Whimsicott, L50, M|\n|poke|p1|Incineroar, L50, M|\n|poke|p1|Landorus, L50, M|\n|poke|p1|Raging Bolt, L50|\n|poke|p2|Koraidon, L50|\n|poke|p2|Iron Treads, L50|\n|poke|p2|Incineroar, L50, F|\n|poke|p2|Raging Bolt, L50|\n|poke|p2|Flutter Mane, L50|\n|poke|p2|Ho-Oh, L50|\n|teampreview|4\n|inactive|Battle timer is ON: inactive players will automatically lose when time's up. (requested by Ice124567890)\n|inactive|Ice124567890 has 60 seconds left.\n|\n|t:|1772273857\n|teamsize|p1|4\n|teamsize|p2|4\n|start\n|switch|p1a: Whimsicott|Whimsicott, L50, M|100/100\n|switch|p1b: Rice Shower|Calyrex-Shadow, L50|100/100\n|switch|p2a: Ho-Oh|Ho-Oh, L50|100/100\n|switch|p2b: Incineroar|Incineroar, L50, F|100/100\n|-ability|p1b: Rice Shower|As One\n|-ability|p1b: Rice Shower|Unnerve\n|-ability|p2b: Incineroar|Intimidate|boost\n|-unboost|p1a: Whimsicott|atk|1\n|-unboost|p1b: Rice Shower|atk|1\n|turn|1\n|\n|t:|1772273866\n|move|p1b: Rice Shower|Protect|p1b: Rice Shower\n|-singleturn|p1b: Rice Shower|Protect\n|move|p1a: Whimsicott|Fake Tears|p2a: Ho-Oh\n|-fail|p2a: Ho-Oh|unboost|[from] item: Clear Amulet|[of] p2a: Ho-Oh\n|move|p2a: Ho-Oh|Sacred Fire|p1a: Whimsicott\n|-supereffective|p1a: Whimsicott\n|-damage|p1a: Whimsicott|0 fnt\n|faint|p1a: Whimsicott\n|move|p2b: Incineroar|Parting Shot|p1b: Rice Shower\n|-activate|p1b: Rice Shower|move: Protect\n|\n|upkeep\n|\n|t:|1772273873\n|switch|p1a: Koraidon|Koraidon, L50|100/100\n|-weather|SunnyDay|[from] ability: Orichalcum Pulse|[of] p1a: Koraidon\n|-activate|p1a: Koraidon|Orichalcum Pulse|[source]\n|turn|2\n|\n|t:|1772273883\n|move|p1b: Rice Shower|Astral Barrage|p2a: Ho-Oh|[spread] p2a,p2b\n|-resisted|p2b: Incineroar\n|-damage|p2a: Ho-Oh|67/100\n|-damage|p2b: Incineroar|80/100\n|move|p1a: Koraidon|Collision Course|p2b: Incineroar\n|-supereffective|p2b: Incineroar\n|-damage|p2b: Incineroar|0 fnt\n|-damage|p1a: Koraidon|84/100|[from] item: Rocky Helmet|[of] p2b: Incineroar\n|faint|p2b: Incineroar\n|move|p2a: Ho-Oh|Tailwind|p2a: Ho-Oh\n|-sidestart|p2: Ice124567890|move: Tailwind\n|\n|-weather|SunnyDay|[upkeep]\n|upkeep\n|\n|t:|1772273894\n|switch|p2b: Koraidon|Koraidon, L50|100/100\n|-activate|p2b: Koraidon|ability: Orichalcum Pulse\n|turn|3\n|\n|t:|1772273898\n|switch|p1a: Raging Bolt|Raging Bolt, L50|100/100\n|-activate|p1a: Raging Bolt|ability: Protosynthesis\n|-start|p1a: Raging Bolt|protosynthesisspa\n|move|p1b: Rice Shower|Protect|p1b: Rice Shower\n|-singleturn|p1b: Rice Shower|Protect\n|move|p2b: Koraidon|Scale Shot|p1b: Rice Shower\n|-activate|p1b: Rice Shower|move: Protect\n|move|p2a: Ho-Oh|Brave Bird|p1a: Raging Bolt\n|-resisted|p1a: Raging Bolt\n|-damage|p1a: Raging Bolt|73/100\n|-damage|p2a: Ho-Oh|57/100|[from] Recoil\n|\n|-weather|SunnyDay|[upkeep]\n|upkeep\n|turn|4\n|\n|t:|1772273910\n|move|p1a: Raging Bolt|Thunderclap|p2a: Ho-Oh\n|-supereffective|p2a: Ho-Oh\n|-crit|p2a: Ho-Oh\n|-damage|p2a: Ho-Oh|0 fnt\n|faint|p2a: Ho-Oh\n|move|p2b: Koraidon|Scale Shot|p1a: Raging Bolt\n|-supereffective|p1a: Raging Bolt\n|-damage|p1a: Raging Bolt|41/100\n|-supereffective|p1a: Raging Bolt\n|-damage|p1a: Raging Bolt|10/100\n|-supereffective|p1a: Raging Bolt\n|-damage|p1a: Raging Bolt|0 fnt\n|faint|p1a: Raging Bolt\n|-end|p1a: Raging Bolt|Protosynthesis|[silent]\n|-hitcount|p1: Raging Bolt|3\n|-unboost|p2b: Koraidon|def|1\n|-boost|p2b: Koraidon|spe|1\n|move|p1b: Rice Shower|Astral Barrage|p2b: Koraidon\n|-damage|p2b: Koraidon|23/100\n|\n|-weather|SunnyDay|[upkeep]\n|upkeep\n|\n|t:|1772273913\n|switch|p2a: Raging Bolt|Raging Bolt, L50|100/100\n|switch|p1a: Koraidon|Koraidon, L50|84/100\n|-activate|p1a: Koraidon|ability: Orichalcum Pulse\n|-activate|p2a: Raging Bolt|ability: Protosynthesis\n|-start|p2a: Raging Bolt|protosynthesisspa\n|turn|5\n|\n|t:|1772273923\n|move|p1b: Rice Shower|Protect|p1b: Rice Shower\n|-singleturn|p1b: Rice Shower|Protect\n|move|p1a: Koraidon|Protect|p1a: Koraidon\n|-singleturn|p1a: Koraidon|Protect\n|move|p2b: Koraidon|Scale Shot|p1a: Koraidon\n|-activate|p1a: Koraidon|move: Protect\n|move|p2a: Raging Bolt|Snarl|p1a: Koraidon|[spread] \n|-activate|p1a: Koraidon|move: Protect\n|-activate|p1b: Rice Shower|move: Protect\n|\n|-weather|SunnyDay|[upkeep]\n|-sideend|p2: Ice124567890|move: Tailwind\n|upkeep\n|turn|6\n|\n|t:|1772273935\n|-terastallize|p1a: Koraidon|Fire\n|move|p2b: Koraidon|Scale Shot|p1a: Koraidon\n|-damage|p1a: Koraidon|69/100\n|-damage|p1a: Koraidon|54/100\n|-damage|p1a: Koraidon|39/100\n|-damage|p1a: Koraidon|23/100\n|-hitcount|p1a: Koraidon|4\n|-unboost|p2b: Koraidon|def|1\n|-boost|p2b: Koraidon|spe|1\n|move|p1b: Rice Shower|Astral Barrage|p2a: Raging Bolt|[spread] p2a,p2b\n|-damage|p2a: Raging Bolt|71/100\n|-damage|p2b: Koraidon|0 fnt\n|faint|p2b: Koraidon\n|-ability|p1b: Rice Shower|Grim Neigh|boost\n|-boost|p1b: Rice Shower|spa|1\n|move|p1a: Koraidon|Collision Course|p2a: Raging Bolt\n|-damage|p2a: Raging Bolt|4/100\n|move|p2a: Raging Bolt|Snarl|p1a: Koraidon|[spread] p1a,p1b\n|-supereffective|p1b: Rice Shower\n|-damage|p1a: Koraidon|3/100\n|-damage|p1b: Rice Shower|10/100\n|-unboost|p1b: Rice Shower|spa|1\n|\n|-weather|none\n|-end|p2a: Raging Bolt|Protosynthesis\n|upkeep\n|turn|7\n|\n|t:|1772273949\n|move|p1b: Rice Shower|Astral Barrage|p2a: Raging Bolt\n|-damage|p2a: Raging Bolt|0 fnt\n|faint|p2a: Raging Bolt\n|-end|p2a: Raging Bolt|Protosynthesis|[silent]\n|\n|win|TheManOfSausage\n|raw|TheManOfSausage's rating: 1467 &rarr; <strong>1485</strong><br />(+18 for winning)\n|raw|Ice124567890's rating: 1440 &rarr; <strong>1422</strong><br />(-18 for losing)\n|c|\u2606TheManOfSausage|gg\n|l|\u2606Ice124567890\n|player|p2|\n|l|\u2606TheManOfSausage\n|player|p1|\n","uploadtime":1772274158,"views":17,"formatid":"gen9vgc2026regi","rating":1422,"private":0,"password":null}