{"id":"gen9vgc2026regi-2518531366","format":"[Gen 9] VGC 2026 Reg I","players":["kojimuranishi","Billlmadz"],"log":"|j|\u2606kojimuranishi\n|j|\u2606Billlmadz\n|t:|1768401806\n|gametype|doubles\n|player|p1|kojimuranishi|1|1442\n|player|p2|Billlmadz|red|1402\n|gen|9\n|tier|[Gen 9] VGC 2026 Reg I\n|rated|\n|rule|Species Clause: Limit one of each Pok\u00e9mon\n|rule|Item Clause: Limit 1 of each item\n|clearpoke\n|poke|p1|Zamazenta-*, L50|\n|poke|p1|Lunala, L50|\n|poke|p1|Chien-Pao, L50|\n|poke|p1|Dragonite, L50, M|\n|poke|p1|Chi-Yu, L50|\n|poke|p1|Urshifu-*, L50, M|\n|poke|p2|Miraidon, L50|\n|poke|p2|Zamazenta-*, L50|\n|poke|p2|Chien-Pao, L50|\n|poke|p2|Entei, L50|\n|poke|p2|Iron Hands, L50|\n|poke|p2|Farigiraf, L50, F|\n|teampreview|4\n|inactive|Battle timer is ON: inactive players will automatically lose when time's up. (requested by kojimuranishi)\n|\n|t:|1768401833\n|teamsize|p1|4\n|teamsize|p2|4\n|start\n|switch|p1a: Lunala|Lunala, L50|100/100\n|switch|p1b: Chien-Pao|Chien-Pao, L50|100/100\n|switch|p2a: Miraidon|Miraidon, L50|100/100\n|switch|p2b: Zamazenta|Zamazenta-Crowned, L50|100/100\n|-fieldstart|move: Electric Terrain|[from] ability: Hadron Engine|[of] p2a: Miraidon\n|-ability|p1b: Chien-Pao|Sword of Ruin\n|-ability|p2b: Zamazenta|Dauntless Shield|boost\n|-boost|p2b: Zamazenta|def|1\n|turn|1\n|\n|t:|1768401849\n|move|p2a: Miraidon|Volt Switch|p1a: Lunala\n|-damage|p1a: Lunala|77/100\n|\n|t:|1768401853\n|switch|p2a: Farigiraf|Farigiraf, L50, F, shiny|100/100|[from] Volt Switch\n|-enditem|p2a: Farigiraf|Electric Seed\n|-boost|p2a: Farigiraf|def|1|[from] item: Electric Seed\n|move|p1b: Chien-Pao|Ice Spinner|p2a: Farigiraf\n|-damage|p2a: Farigiraf|58/100\n|-fieldend|move: Electric Terrain\n|-damage|p1b: Chien-Pao|91/100|[from] item: Life Orb\n|move|p2b: Zamazenta|Behemoth Bash|p1b: Chien-Pao\n|-supereffective|p1b: Chien-Pao\n|-damage|p1b: Chien-Pao|0 fnt\n|faint|p1b: Chien-Pao\n|move|p1a: Lunala|Meteor Beam||[still]\n|-prepare|p1a: Lunala|Meteor Beam\n|-boost|p1a: Lunala|spa|1\n|-enditem|p1a: Lunala|Power Herb\n|-anim|p1a: Lunala|Meteor Beam|p2a: Farigiraf\n|-damage|p2a: Farigiraf|5/100\n|\n|upkeep\n|inactive|kojimuranishi has 30 seconds left.\n|\n|t:|1768401881\n|switch|p1b: Urshifu|Urshifu-Rapid-Strike, L50, M|100/100\n|turn|2\n|\n|t:|1768401895\n|move|p2b: Zamazenta|Body Press|p1b: Urshifu\n|-damage|p1b: Urshifu|28/100\n|move|p1b: Urshifu|Surging Strikes|p2a: Farigiraf\n|-crit|p2a: Farigiraf\n|-damage|p2a: Farigiraf|0 fnt\n|faint|p2a: Farigiraf\n|-hitcount|p2: Farigiraf|1\n|move|p1a: Lunala|Trick Room|p1a: Lunala\n|-fieldstart|move: Trick Room|[of] p1a: Lunala\n|\n|upkeep\n|\n|t:|1768401901\n|switch|p2a: Iron Hands|Iron Hands, L50|100/100\n|turn|3\n|inactive|kojimuranishi has 30 seconds left.\n|inactive|kojimuranishi has 20 seconds left.\n|\n|t:|1768401936\n|move|p1b: Urshifu|Detect|p1b: Urshifu\n|-singleturn|p1b: Urshifu|Protect\n|move|p2a: Iron Hands|Low Kick|p1b: Urshifu\n|-activate|p1b: Urshifu|move: Protect\n|move|p1a: Lunala|Moonblast|p2a: Iron Hands\n|-supereffective|p2a: Iron Hands\n|-damage|p2a: Iron Hands|48/100\n|move|p2b: Zamazenta|Behemoth Bash|p1a: Lunala\n|-damage|p1a: Lunala|47/100\n|\n|upkeep\n|turn|4\n|\n|t:|1768401954\n|switch|p1b: Dragonite|Dragonite, L50, M|100/100\n|move|p2a: Iron Hands|Wild Charge|p1a: Lunala\n|-damage|p1a: Lunala|9/100\n|-damage|p2a: Iron Hands|39/100|[from] Recoil\n|move|p1a: Lunala|Moonblast|p2a: Iron Hands\n|-supereffective|p2a: Iron Hands\n|-damage|p2a: Iron Hands|0 fnt\n|faint|p2a: Iron Hands\n|-end|p2a: Iron Hands|Quark Drive|[silent]\n|move|p2b: Zamazenta|Body Press|p1b: Dragonite\n|-resisted|p1b: Dragonite\n|-damage|p1b: Dragonite|85/100\n|\n|upkeep\n|\n|t:|1768401965\n|switch|p2a: Miraidon|Miraidon, L50|100/100\n|-fieldstart|move: Electric Terrain|[from] ability: Hadron Engine|[of] p2a: Miraidon\n|turn|5\n|inactive|kojimuranishi has 30 seconds left.\n|inactive|kojimuranishi has 20 seconds left.\n|\n|t:|1768402000\n|-terastallize|p2a: Miraidon|Electric\n|move|p1b: Dragonite|Low Kick|p2a: Miraidon\n|-damage|p2a: Miraidon|38/100\n|move|p1a: Lunala|Moongeist Beam|p2a: Miraidon\n|-damage|p2a: Miraidon|0 fnt\n|faint|p2a: Miraidon\n|move|p2b: Zamazenta|Behemoth Bash|p1a: Lunala\n|-damage|p1a: Lunala|0 fnt\n|faint|p1a: Lunala\n|\n|upkeep\n|\n|t:|1768402013\n|switch|p1a: Urshifu|Urshifu-Rapid-Strike, L50, M|28/100\n|turn|6\n|\n|t:|1768402018\n|move|p2b: Zamazenta|Protect|p2b: Zamazenta\n|-singleturn|p2b: Zamazenta|Protect\n|move|p1b: Dragonite|Low Kick|p2b: Zamazenta\n|-activate|p2b: Zamazenta|move: Protect\n|move|p1a: Urshifu|Surging Strikes|p2b: Zamazenta\n|-crit|p2b: Zamazenta\n|-damage|p2b: Zamazenta|87/100\n|-crit|p2b: Zamazenta\n|-damage|p2b: Zamazenta|71/100\n|-crit|p2b: Zamazenta\n|-damage|p2b: Zamazenta|56/100\n|-hitcount|p2b: Zamazenta|3\n|\n|-fieldend|move: Trick Room\n|upkeep\n|turn|7\n|\n|t:|1768402032\n|move|p1a: Urshifu|Detect|p1a: Urshifu\n|-singleturn|p1a: Urshifu|Protect\n|move|p2b: Zamazenta|Body Press|p1b: Dragonite\n|-resisted|p1b: Dragonite\n|-damage|p1b: Dragonite|52/100\n|move|p1b: Dragonite|Low Kick|p2b: Zamazenta\n|-supereffective|p2b: Zamazenta\n|-damage|p2b: Zamazenta|0 fnt\n|faint|p2b: Zamazenta\n|\n|win|kojimuranishi\n|raw|kojimuranishi's rating: 1442 &rarr; <strong>1460</strong><br />(+18 for winning)\n|raw|Billlmadz's rating: 1402 &rarr; <strong>1384</strong><br />(-18 for losing)\n|l|\u2606kojimuranishi\n|player|p1|\n","uploadtime":1768402176,"views":17,"formatid":"gen9vgc2026regi","rating":1384,"private":0,"password":null}