{"id":"gen9vgc2026regi-2551654261","format":"[Gen 9] VGC 2026 Reg I","players":["Zorse Mentality","Tepig_nNz_498"],"log":"|j|\u2606Zorse Mentality\n|j|\u2606Tepig_nNz_498\n|t:|1772633113\n|gametype|doubles\n|player|p1|Zorse Mentality|266|1371\n|player|p2|Tepig_nNz_498|102|1312\n|gen|9\n|tier|[Gen 9] VGC 2026 Reg I\n|rated|\n|rule|Species Clause: Limit one of each Pok\u00e9mon\n|rule|Item Clause: Limit 1 of each item\n|clearpoke\n|poke|p1|Miraidon, L50|\n|poke|p1|Tatsugiri, L50, F|\n|poke|p1|Raichu-Alola, L50, F|\n|poke|p1|Dondozo, L50, M|\n|poke|p1|Calyrex-Shadow, L50|\n|poke|p1|Weezing-Galar, L50, M|\n|poke|p2|Whimsicott, L50, F|\n|poke|p2|Reshiram, L50|\n|poke|p2|Incineroar, L50, M|\n|poke|p2|Lilligant-Hisui, L50, F|\n|poke|p2|Brute Bonnet, L50|\n|poke|p2|Koraidon, L50|\n|teampreview|4\n|inactive|Battle timer is ON: inactive players will automatically lose when time's up. (requested by Tepig_nNz_498)\n|\n|t:|1772633144\n|teamsize|p1|4\n|teamsize|p2|4\n|start\n|switch|p1a: Calyrex|Calyrex-Shadow, L50|100/100\n|switch|p1b: Weezing|Weezing-Galar, L50, M|100/100\n|switch|p2a: Brute Bonnet|Brute Bonnet, L50|100/100\n|switch|p2b: Reshiram|Reshiram, L50|100/100\n|-ability|p1b: Weezing|Neutralizing Gas\n|-ability|p1a: Calyrex|As One\n|-ability|p1a: Calyrex|Unnerve\n|turn|1\n|inactive|Zorse Mentality has 30 seconds left.\n|inactive|Zorse Mentality has 20 seconds left.\n|inactive|Zorse Mentality has 15 seconds left.\n|inactive|Zorse Mentality has 10 seconds left.\n|\n|t:|1772633190\n|move|p1a: Calyrex|Protect|p1a: Calyrex\n|-singleturn|p1a: Calyrex|Protect\n|move|p1b: Weezing|Protect|p1b: Weezing\n|-singleturn|p1b: Weezing|Protect\n|move|p2b: Reshiram|Heat Wave|p1a: Calyrex|[spread] \n|-activate|p1a: Calyrex|move: Protect\n|-activate|p1b: Weezing|move: Protect\n|move|p2a: Brute Bonnet|Pollen Puff|p2b: Reshiram\n|\n|upkeep\n|turn|2\n|inactive|Zorse Mentality has 30 seconds left.\n|inactive|Zorse Mentality has 20 seconds left.\n|inactive|Zorse Mentality has 15 seconds left.\n|\n|t:|1772633231\n|-end|p1b: Weezing|ability: Neutralizing Gas\n|-ability|p2b: Reshiram|Turboblaze\n|switch|p1b: Miraidon|Miraidon, L50|100/100\n|-fieldstart|move: Electric Terrain|[from] ability: Hadron Engine|[of] p1b: Miraidon\n|-terastallize|p1a: Calyrex|Ground\n|move|p1a: Calyrex|Tera Blast|p2b: Reshiram|[anim] Tera Blast Ground\n|-supereffective|p2b: Reshiram\n|-damage|p2b: Reshiram|9/100\n|-damage|p1a: Calyrex|91/100|[from] item: Life Orb\n|move|p2b: Reshiram|Heat Wave|p1a: Calyrex|[spread] p1a,p1b\n|-resisted|p1b: Miraidon\n|-damage|p1a: Calyrex|35/100\n|-damage|p1b: Miraidon|75/100\n|-damage|p2b: Reshiram|0 fnt|[from] item: Life Orb\n|faint|p2b: Reshiram\n|move|p2a: Brute Bonnet|Pollen Puff|p2: Reshiram|[notarget]\n|-fail|p2a: Brute Bonnet\n|\n|upkeep\n|\n|t:|1772633250\n|switch|p2b: Koraidon|Koraidon, L50|100/100\n|-weather|SunnyDay|[from] ability: Orichalcum Pulse|[of] p2b: Koraidon\n|-activate|p2a: Brute Bonnet|ability: Protosynthesis\n|-start|p2a: Brute Bonnet|protosynthesisdef\n|-activate|p2b: Koraidon|Orichalcum Pulse|[source]\n|turn|3\n|inactive|Zorse Mentality has 30 seconds left.\n|\n|t:|1772633276\n|move|p1b: Miraidon|Protect|p1b: Miraidon\n|-singleturn|p1b: Miraidon|Protect\n|move|p1a: Calyrex|Astral Barrage|p2a: Brute Bonnet|[spread] p2a,p2b\n|-resisted|p2a: Brute Bonnet\n|-damage|p2a: Brute Bonnet|75/100\n|-damage|p2b: Koraidon|27/100\n|-damage|p1a: Calyrex|25/100|[from] item: Life Orb\n|move|p2b: Koraidon|Close Combat|p1b: Miraidon\n|-activate|p1b: Miraidon|move: Protect\n|move|p2a: Brute Bonnet|Crunch|p1a: Calyrex\n|-damage|p1a: Calyrex|0 fnt\n|faint|p1a: Calyrex\n|\n|-weather|SunnyDay|[upkeep]\n|upkeep\n|\n|t:|1772633293\n|switch|p1a: Raichu|Raichu-Alola, L50, F|100/100\n|turn|4\n|\n|t:|1772633303\n|move|p2b: Koraidon|Protect|p2b: Koraidon\n|-singleturn|p2b: Koraidon|Protect\n|move|p1a: Raichu|Fake Out|p2b: Koraidon\n|-activate|p2b: Koraidon|move: Protect\n|move|p1b: Miraidon|Parabolic Charge|p2b: Koraidon|[spread] p1a,p2a\n|-activate|p2b: Koraidon|move: Protect\n|-resisted|p1a: Raichu\n|-resisted|p2a: Brute Bonnet\n|-damage|p1a: Raichu|65/100\n|-heal|p1b: Miraidon|92/100|[from] drain|[of] p1a: Raichu\n|-damage|p2a: Brute Bonnet|56/100\n|-heal|p1b: Miraidon|100/100|[from] drain|[of] p2a: Brute Bonnet\n|move|p2a: Brute Bonnet|Crunch|p1a: Raichu\n|-supereffective|p1a: Raichu\n|-damage|p1a: Raichu|0 fnt\n|faint|p1a: Raichu\n|\n|-weather|SunnyDay|[upkeep]\n|upkeep\n|\n|t:|1772633321\n|switch|p1a: Weezing|Weezing-Galar, L50, M|100/100\n|-ability|p1a: Weezing|Neutralizing Gas\n|turn|5\n|inactive|Zorse Mentality has 30 seconds left.\n|\n|t:|1772633352\n|move|p2b: Koraidon|Dragon Claw|p1b: Miraidon\n|-supereffective|p1b: Miraidon\n|-damage|p1b: Miraidon|15/100\n|move|p1b: Miraidon|Parabolic Charge|p2a: Brute Bonnet|[spread] p1a,p2a,p2b\n|-resisted|p2a: Brute Bonnet\n|-resisted|p2b: Koraidon\n|-damage|p1a: Weezing|46/100\n|-heal|p1b: Miraidon|42/100|[from] drain|[of] p1a: Weezing\n|-damage|p2a: Brute Bonnet|39/100\n|-heal|p1b: Miraidon|52/100|[from] drain|[of] p2a: Brute Bonnet\n|-damage|p2b: Koraidon|6/100\n|-heal|p1b: Miraidon|63/100|[from] drain|[of] p2b: Koraidon\n|move|p1a: Weezing|Strange Steam|p2a: Brute Bonnet\n|-supereffective|p2a: Brute Bonnet\n|-damage|p2a: Brute Bonnet|1/100\n|move|p2a: Brute Bonnet|Pollen Puff|p2b: Koraidon\n|-heal|p2b: Koraidon|56/100\n|\n|-weather|SunnyDay|[upkeep]\n|-heal|p1a: Weezing|52/100|[from] item: Leftovers\n|upkeep\n|turn|6\n|inactive|Tepig_nNz_498 has 30 seconds left.\n|inactive|Tepig_nNz_498 has 20 seconds left.\n|inactive|Tepig_nNz_498 has 15 seconds left.\n|inactive|Zorse Mentality has 30 seconds left.\n|inactive|Tepig_nNz_498 has 10 seconds left.\n|inactive|Tepig_nNz_498 has 5 seconds left.\n|\n|t:|1772633402\n|-terastallize|p2b: Koraidon|Fire\n|move|p1b: Miraidon|Protect|p1b: Miraidon\n|-singleturn|p1b: Miraidon|Protect\n|move|p2a: Brute Bonnet|Rage Powder|p2a: Brute Bonnet\n|-singleturn|p2a: Brute Bonnet|move: Rage Powder\n|move|p2b: Koraidon|Dragon Claw|p1b: Miraidon\n|-activate|p1b: Miraidon|move: Protect\n|move|p1a: Weezing|Poison Gas|p2b: Koraidon|[spread] p2a,p2b\n|-status|p2a: Brute Bonnet|psn\n|-status|p2b: Koraidon|psn\n|\n|-weather|SunnyDay|[upkeep]\n|-heal|p1a: Weezing|58/100|[from] item: Leftovers\n|-damage|p2b: Koraidon|43/100 psn|[from] psn\n|-damage|p2a: Brute Bonnet|0 fnt|[from] psn\n|faint|p2a: Brute Bonnet\n|-end|p2a: Brute Bonnet|Protosynthesis|[silent]\n|-fieldend|move: Electric Terrain\n|upkeep\n|\n|t:|1772633414\n|switch|p2a: Lilligant|Lilligant-Hisui, L50, F|100/100\n|turn|7\n|inactive|Zorse Mentality has 30 seconds left.\n|inactive|Zorse Mentality has 20 seconds left.\n|\n|t:|1772633450\n|move|p1b: Miraidon|Protect||[still]\n|-fail|p1b: Miraidon\n|move|p2b: Koraidon|Dragon Claw|p1b: Miraidon\n|-supereffective|p1b: Miraidon\n|-damage|p1b: Miraidon|0 fnt\n|faint|p1b: Miraidon\n|move|p2a: Lilligant|Sleep Powder|p1a: Weezing|[miss]\n|-miss|p2a: Lilligant|p1a: Weezing\n|move|p1a: Weezing|Strange Steam|p2a: Lilligant\n|-supereffective|p2a: Lilligant\n|-damage|p2a: Lilligant|18/100\n|\n|-weather|none\n|-heal|p1a: Weezing|64/100|[from] item: Leftovers\n|-damage|p2b: Koraidon|31/100 psn|[from] psn\n|upkeep\n|turn|8\n|\n|t:|1772633469\n|move|p1a: Weezing|Protect|p1a: Weezing\n|-singleturn|p1a: Weezing|Protect\n|move|p2b: Koraidon|Flare Blitz|p1a: Weezing\n|-activate|p1a: Weezing|move: Protect\n|move|p2a: Lilligant|Sleep Powder|p1a: Weezing\n|-activate|p1a: Weezing|move: Protect\n|\n|-heal|p1a: Weezing|70/100|[from] item: Leftovers\n|-damage|p2b: Koraidon|18/100 psn|[from] psn\n|upkeep\n|turn|9\n|\n|t:|1772633483\n|move|p2b: Koraidon|Flare Blitz|p1a: Weezing\n|-damage|p1a: Weezing|27/100\n|-damage|p2b: Koraidon|4/100 psn|[from] Recoil\n|move|p2a: Lilligant|Sleep Powder|p1a: Weezing\n|-status|p1a: Weezing|slp|[from] move: Sleep Powder\n|cant|p1a: Weezing|slp\n|\n|-heal|p1a: Weezing|33/100 slp|[from] item: Leftovers\n|-damage|p2b: Koraidon|0 fnt|[from] psn\n|faint|p2b: Koraidon\n|upkeep\n|turn|10\n|\n|t:|1772633500\n|cant|p1a: Weezing|slp\n|move|p2a: Lilligant|Close Combat|p1a: Weezing\n|-resisted|p1a: Weezing\n|-damage|p1a: Weezing|24/100 slp\n|-unboost|p2a: Lilligant|def|1\n|-unboost|p2a: Lilligant|spd|1\n|\n|-heal|p1a: Weezing|30/100 slp|[from] item: Leftovers\n|upkeep\n|turn|11\n|\n|t:|1772633509\n|-curestatus|p1a: Weezing|slp|[msg]\n|move|p1a: Weezing|Protect|p1a: Weezing\n|-singleturn|p1a: Weezing|Protect\n|move|p2a: Lilligant|Close Combat|p1a: Weezing\n|-activate|p1a: Weezing|move: Protect\n|\n|-heal|p1a: Weezing|35/100|[from] item: Leftovers\n|upkeep\n|turn|12\n|-message|Tepig_nNz_498 forfeited.\n|\n|win|Zorse Mentality\n|raw|Zorse Mentality's rating: 1371 &rarr; <strong>1388</strong><br />(+17 for winning)\n|raw|Tepig_nNz_498's rating: 1312 &rarr; <strong>1295</strong><br />(-17 for losing)\n|l|\u2606Tepig_nNz_498\n|player|p2|\n|l|\u2606Zorse Mentality\n|player|p1|\n","uploadtime":1772633733,"views":12,"formatid":"gen9vgc2026regi","rating":1295,"private":0,"password":null}