{"id":"gen9vgc2026regi-2559434797","format":"[Gen 9] VGC 2026 Reg I","players":["itszachstone","TheManOfSausage"],"log":"|j|\u2606itszachstone\n|j|\u2606TheManOfSausage\n|t:|1773566571\n|gametype|doubles\n|player|p1|itszachstone|flannery|1353\n|player|p2|TheManOfSausage|miku-water|1477\n|gen|9\n|tier|[Gen 9] VGC 2026 Reg I\n|rated|\n|rule|Species Clause: Limit one of each Pok\u00e9mon\n|rule|Item Clause: Limit 1 of each item\n|clearpoke\n|poke|p1|Calyrex-Ice, L50|\n|poke|p1|Iron Bundle, L50|\n|poke|p1|Miraidon, L50|\n|poke|p1|Ogerpon-Hearthflame, L50, F|\n|poke|p1|Incineroar, L50, F|\n|poke|p1|Landorus, L50, M|\n|poke|p2|Zamazenta-*, L50|\n|poke|p2|Miraidon, L50|\n|poke|p2|Ogerpon-Cornerstone, L50, F|\n|poke|p2|Incineroar, L50, M|\n|poke|p2|Volcarona, L50, M|\n|poke|p2|Iron Bundle, L50|\n|teampreview|4\n|inactive|Battle timer is ON: inactive players will automatically lose when time's up. (requested by itszachstone)\nTheManOfSausage has agreed to open team sheets.\n|inactive|itszachstone has 60 seconds left.\n|\n|t:|1773566613\n|teamsize|p1|4\n|teamsize|p2|4\n|start\n|switch|p1a: Miraidon|Miraidon, L50|100/100\n|switch|p1b: Incineroar|Incineroar, L50, F|100/100\n|switch|p2a: Magical Mirai|Miraidon, L50|100/100\n|switch|p2b: Iron Bundle|Iron Bundle, L50|100/100\n|-fieldstart|move: Electric Terrain|[from] ability: Hadron Engine|[of] p2a: Magical Mirai\n|-activate|p2b: Iron Bundle|ability: Quark Drive\n|-start|p2b: Iron Bundle|quarkdrivespe\n|-activate|p1a: Miraidon|ability: Hadron Engine\n|-ability|p1b: Incineroar|Intimidate|boost\n|-unboost|p2a: Magical Mirai|atk|1\n|-unboost|p2b: Iron Bundle|atk|1\n|turn|1\n|\n|t:|1773566635\n|-terastallize|p2a: Magical Mirai|Electric\n|-terastallize|p1a: Miraidon|Electric\n|move|p1b: Incineroar|Fake Out|p2a: Magical Mirai\n|-damage|p2a: Magical Mirai|91/100\n|move|p2b: Iron Bundle|Icy Wind|p1a: Miraidon|[spread] p1a,p1b\n|-resisted|p1b: Incineroar\n|-damage|p1a: Miraidon|90/100\n|-damage|p1b: Incineroar|92/100\n|-unboost|p1a: Miraidon|spe|1\n|-unboost|p1b: Incineroar|spe|1\n|cant|p2a: Magical Mirai|flinch\n|move|p1a: Miraidon|Volt Switch|p2b: Iron Bundle\n|-supereffective|p2b: Iron Bundle\n|-enditem|p2b: Iron Bundle|Focus Sash\n|-damage|p2b: Iron Bundle|1/100\n|\n|t:|1773566650\n|switch|p1a: Calyrex|Calyrex-Ice, L50|100/100|[from] Volt Switch\n|-ability|p1a: Calyrex|As One\n|-ability|p1a: Calyrex|Unnerve\n|\n|upkeep\n|turn|2\n|\n|t:|1773566662\n|move|p2b: Iron Bundle|Freeze-Dry|p1a: Calyrex\n|-resisted|p1a: Calyrex\n|-damage|p1a: Calyrex|91/100\n|move|p2a: Magical Mirai|Electro Drift|p1a: Calyrex\n|-damage|p1a: Calyrex|16/100\n|move|p1b: Incineroar|Parting Shot|p2a: Magical Mirai\n|-unboost|p2a: Magical Mirai|atk|1\n|-unboost|p2a: Magical Mirai|spa|1\n|\n|t:|1773566673\n|switch|p1b: Miraidon|Miraidon, L50, tera:Electric|90/100|[from] Parting Shot\n|-activate|p1b: Miraidon|ability: Hadron Engine\n|move|p1a: Calyrex|Trick Room|p1a: Calyrex\n|-fieldstart|move: Trick Room|[of] p1a: Calyrex\n|\n|-heal|p1a: Calyrex|22/100|[from] item: Leftovers\n|upkeep\n|turn|3\n|\n|t:|1773566683\n|switch|p2a: Zamazenta|Zamazenta-Crowned, L50|100/100\n|-ability|p2a: Zamazenta|Dauntless Shield|boost\n|-boost|p2a: Zamazenta|def|1\n|move|p2b: Iron Bundle|Protect|p2b: Iron Bundle\n|-singleturn|p2b: Iron Bundle|Protect\n|move|p1a: Calyrex|Glacial Lance|p2a: Zamazenta|[spread] p2a\n|-activate|p2b: Iron Bundle|move: Protect\n|-resisted|p2a: Zamazenta\n|-damage|p2a: Zamazenta|91/100\n|move|p1b: Miraidon|Draco Meteor|p2a: Zamazenta\n|-resisted|p2a: Zamazenta\n|-damage|p2a: Zamazenta|54/100\n|-unboost|p1b: Miraidon|spa|2\n|\n|-heal|p1a: Calyrex|28/100|[from] item: Leftovers\n|upkeep\n|turn|4\n|inactive|itszachstone has 30 seconds left.\n|\n|t:|1773566713\n|move|p1a: Calyrex|Glacial Lance|p2a: Zamazenta|[spread] p2a,p2b\n|-resisted|p2a: Zamazenta\n|-resisted|p2b: Iron Bundle\n|-damage|p2a: Zamazenta|44/100\n|-damage|p2b: Iron Bundle|0 fnt\n|faint|p2b: Iron Bundle\n|-end|p2b: Iron Bundle|Quark Drive|[silent]\n|-ability|p1a: Calyrex|Chilling Neigh|boost\n|-boost|p1a: Calyrex|atk|1\n|move|p1b: Miraidon|Electro Drift|p2a: Zamazenta\n|-damage|p2a: Zamazenta|0 fnt\n|faint|p2a: Zamazenta\n|\n|-heal|p1a: Calyrex|34/100|[from] item: Leftovers\n|upkeep\n|\n|t:|1773566717\n|switch|p2a: Magical Mirai|Miraidon, L50, tera:Electric|91/100\n|switch|p2b: Ogerpon|Ogerpon-Cornerstone, L50, F|100/100\n|-activate|p2a: Magical Mirai|ability: Hadron Engine\n|turn|5\n|c|\u2606TheManOfSausage|gg\n|-message|TheManOfSausage forfeited.\n|\n|win|itszachstone\n|raw|itszachstone's rating: 1353 &rarr; <strong>1380</strong><br />(+27 for winning)\n|raw|TheManOfSausage's rating: 1477 &rarr; <strong>1450</strong><br />(-27 for losing)\n|l|\u2606TheManOfSausage\n|player|p2|\n|l|\u2606itszachstone\n|player|p1|\n","uploadtime":1773566928,"views":16,"formatid":"gen9vgc2026regi","rating":1380,"private":0,"password":null}