{"id":"gen9vgc2026regi-2559449848","format":"[Gen 9] VGC 2026 Reg I","players":["glonkus","Jonen"],"log":"|j|\u2606glonkus\n|j|\u2606Jonen\n|t:|1773569550\n|gametype|doubles\n|player|p1|glonkus|ingo|1172\n|player|p2|Jonen|hiker-gen4|1243\n|gen|9\n|tier|[Gen 9] VGC 2026 Reg I\n|rated|\n|rule|Species Clause: Limit one of each Pok\u00e9mon\n|rule|Item Clause: Limit 1 of each item\n|clearpoke\n|poke|p1|Lunala, L50|\n|poke|p1|Calyrex-Ice, L50|\n|poke|p1|Whimsicott, L50, M|\n|poke|p1|Terrakion, L50|\n|poke|p1|Moltres-Galar, L50|\n|poke|p1|Hariyama, L50, M|\n|poke|p2|Groudon, L50|\n|poke|p2|Lunala, L50|\n|poke|p2|Sableye, L50, F|\n|poke|p2|Chi-Yu, L50|\n|poke|p2|Rillaboom, L50, F|\n|poke|p2|Jumpluff, L50, F|\n|teampreview|4\n|inactive|Battle timer is ON: inactive players will automatically lose when time's up. (requested by glonkus)\n|inactive|glonkus has 60 seconds left.\n|inactive|Jonen has 60 seconds left.\n|\n|t:|1773569591\n|teamsize|p1|4\n|teamsize|p2|4\n|start\n|switch|p1a: Whimsicott|Whimsicott, L50, M|100/100\n|switch|p1b: Terrakion|Terrakion, L50|100/100\n|switch|p2a: Lunala|Lunala, L50|100/100\n|switch|p2b: Sableye|Sableye, L50, F|100/100\n|turn|1\n|inactive|glonkus has 30 seconds left.\n|inactive|glonkus has 20 seconds left.\n|\n|t:|1773569629\n|-terastallize|p1b: Terrakion|Fairy\n|move|p2b: Sableye|Gravity|p2b: Sableye\n|-fieldstart|move: Gravity\n|move|p1a: Whimsicott|Beat Up|p1b: Terrakion\n|-resisted|p1b: Terrakion\n|-damage|p1b: Terrakion|99/100\n|-ability|p1b: Terrakion|Justified|boost\n|-boost|p1b: Terrakion|atk|1\n|-resisted|p1b: Terrakion\n|-damage|p1b: Terrakion|98/100\n|-ability|p1b: Terrakion|Justified|boost\n|-boost|p1b: Terrakion|atk|1\n|-resisted|p1b: Terrakion\n|-damage|p1b: Terrakion|97/100\n|-ability|p1b: Terrakion|Justified|boost\n|-boost|p1b: Terrakion|atk|1\n|-resisted|p1b: Terrakion\n|-damage|p1b: Terrakion|95/100\n|-ability|p1b: Terrakion|Justified|boost\n|-boost|p1b: Terrakion|atk|1\n|-hitcount|p1b: Terrakion|4\n|move|p1b: Terrakion|Rock Slide|p2a: Lunala|[spread] p2a,p2b\n|-damage|p2a: Lunala|65/100\n|-damage|p2b: Sableye|25/100\n|move|p2a: Lunala|Hypnosis|p1b: Terrakion\n|-status|p1b: Terrakion|slp|[from] move: Hypnosis\n|\n|upkeep\n|turn|2\n|inactive|glonkus has 30 seconds left.\n|inactive|Jonen has 30 seconds left.\n|c|\u2606glonkus|nahhhh wait thats actualy evil\n|inactive|glonkus has 20 seconds left.\n|inactive|glonkus has 15 seconds left.\n|c|\u2606Jonen|:)\n|inactive|glonkus has 10 seconds left.\n|\n|t:|1773569674\n|switch|p2b: Groudon|Groudon, L50|100/100\n|-weather|SunnyDay|[from] ability: Drought|[of] p2b: Groudon\n|move|p1a: Whimsicott|Moonblast|p2b: Groudon\n|-damage|p2b: Groudon|71/100\n|cant|p1b: Terrakion|slp\n|move|p2a: Lunala|Moongeist Beam|p1a: Whimsicott\n|-damage|p1a: Whimsicott|30/100\n|\n|-weather|SunnyDay|[upkeep]\n|upkeep\n|turn|3\n|\n|t:|1773569689\n|move|p2a: Lunala|Protect|p2a: Lunala\n|-singleturn|p2a: Lunala|Protect\n|move|p1a: Whimsicott|Beat Up|p1b: Terrakion\n|-resisted|p1b: Terrakion\n|-damage|p1b: Terrakion|94/100 slp\n|-ability|p1b: Terrakion|Justified|boost\n|-boost|p1b: Terrakion|atk|1\n|-resisted|p1b: Terrakion\n|-damage|p1b: Terrakion|92/100 slp\n|-ability|p1b: Terrakion|Justified|boost\n|-boost|p1b: Terrakion|atk|1\n|-resisted|p1b: Terrakion\n|-damage|p1b: Terrakion|91/100 slp\n|-hitcount|p1b: Terrakion|3\n|cant|p1b: Terrakion|slp\n|move|p2b: Groudon|Precipice Blades|p1b: Terrakion|[spread] p1a,p1b\n|-resisted|p1a: Whimsicott\n|-damage|p1a: Whimsicott|0 fnt\n|-damage|p1b: Terrakion|0 fnt\n|faint|p1a: Whimsicott\n|faint|p1b: Terrakion\n|\n|-weather|SunnyDay|[upkeep]\n|upkeep\n|\n|t:|1773569706\n|switch|p1a: Lunala|Lunala, L50|100/100\n|switch|p1b: Calyrex|Calyrex-Ice, L50|100/100\n|-ability|p1b: Calyrex|As One\n|-ability|p1b: Calyrex|Unnerve\n|turn|4\n|\n|t:|1773569715\n|-terastallize|p2b: Groudon|Fire\n|move|p1a: Lunala|Wide Guard|p1a: Lunala\n|-singleturn|p1a: Lunala|Wide Guard\n|move|p2a: Lunala|Hypnosis|p1a: Lunala\n|-status|p1a: Lunala|slp|[from] move: Hypnosis\n|move|p2b: Groudon|Precipice Blades|p1b: Calyrex|[spread] \n|-activate|p1a: Lunala|move: Wide Guard\n|-activate|p1b: Calyrex|move: Wide Guard\n|move|p1b: Calyrex|Trick Room|p1b: Calyrex\n|-fieldstart|move: Trick Room|[of] p1b: Calyrex\n|\n|-weather|SunnyDay|[upkeep]\n|upkeep\n|turn|5\n|\n|t:|1773569737\n|move|p2a: Lunala|Protect|p2a: Lunala\n|-singleturn|p2a: Lunala|Protect\n|move|p1b: Calyrex|High Horsepower|p2b: Groudon\n|-supereffective|p2b: Groudon\n|-damage|p2b: Groudon|23/100\n|cant|p1a: Lunala|slp\n|move|p2b: Groudon|Precipice Blades|p1b: Calyrex|[spread] p1a,p1b\n|-damage|p1a: Lunala|69/100 slp\n|-damage|p1b: Calyrex|52/100\n|\n|-weather|SunnyDay|[upkeep]\n|-fieldend|move: Gravity\n|upkeep\n|turn|6\n|\n|t:|1773569751\n|move|p1b: Calyrex|High Horsepower|p2b: Groudon|[miss]\n|-miss|p1b: Calyrex|p2b: Groudon\n|cant|p1a: Lunala|slp\n|move|p2b: Groudon|Precipice Blades|p1a: Lunala|[spread] p1a,p1b\n|-damage|p1a: Lunala|7/100 slp\n|-damage|p1b: Calyrex|5/100\n|move|p2a: Lunala|Moongeist Beam|p1b: Calyrex\n|-supereffective|p1b: Calyrex\n|-damage|p1b: Calyrex|0 fnt\n|faint|p1b: Calyrex\n|\n|-weather|none\n|upkeep\n|turn|7\n|c|\u2606Jonen|oof sorry\n|c|\u2606glonkus|ggs\n|inactive|glonkus has 30 seconds left.\n|c|\u2606glonkus|it is what it is gotta expect it if it isnt 100% accuate\n|\n|t:|1773569781\n|-curestatus|p1a: Lunala|slp|[msg]\n|move|p1a: Lunala|Moongeist Beam|p2a: Lunala\n|-supereffective|p2a: Lunala\n|-damage|p2a: Lunala|0 fnt\n|faint|p2a: Lunala\n|move|p2b: Groudon|Precipice Blades|p1a: Lunala\n|-damage|p1a: Lunala|0 fnt\n|faint|p1a: Lunala\n|\n|win|Jonen\n|raw|glonkus's rating: 1172 &rarr; <strong>1152</strong><br />(-20 for losing)\n|raw|Jonen's rating: 1243 &rarr; <strong>1263</strong><br />(+20 for winning)\n","uploadtime":1773569781,"views":15,"formatid":"gen9vgc2026regi","rating":1152,"private":0,"password":null}