{"id":"gen9vgc2026regi-2577867831","format":"[Gen 9] VGC 2026 Reg I","players":["Aylawayla","Luca8"],"log":"|j|\u2606Aylawayla\n|j|\u2606Luca8\n|t:|1775614264\n|gametype|doubles\n|player|p1|Aylawayla|1|1295\n|player|p2|Luca8|flint|1370\n|gen|9\n|tier|[Gen 9] VGC 2026 Reg I\n|rated|\n|rule|Species Clause: Limit one of each Pok\u00e9mon\n|rule|Item Clause: Limit 1 of each item\n|clearpoke\n|poke|p1|Calyrex-Shadow, L50|\n|poke|p1|Zacian-*, L50|\n|poke|p1|Rillaboom, L50, F|\n|poke|p1|Incineroar, L50, M|\n|poke|p1|Scream Tail, L50|\n|poke|p1|Ursaluna, L50, F|\n|poke|p2|Zamazenta-*, L50|\n|poke|p2|Calyrex-Shadow, L50|\n|poke|p2|Indeedee-F, L50, F|\n|poke|p2|Torkoal, L50, F|\n|poke|p2|Fezandipiti, L50, M|\n|poke|p2|Pelipper, L50, F|\n|teampreview|4\n|\n|t:|1775614307\n|teamsize|p1|4\n|teamsize|p2|4\n|start\n|switch|p1a: Zacian|Zacian-Crowned, L50|100/100\n|switch|p1b: Incineroar|Incineroar, L50, M|100/100\n|switch|p2a: Fezandipiti|Fezandipiti, L50, M|100/100\n|switch|p2b: Zamazenta|Zamazenta-Crowned, L50|100/100\n|-ability|p1a: Zacian|Intrepid Sword|boost\n|-boost|p1a: Zacian|atk|1\n|-ability|p2b: Zamazenta|Dauntless Shield|boost\n|-boost|p2b: Zamazenta|def|1\n|-ability|p1b: Incineroar|Intimidate|boost\n|-unboost|p2a: Fezandipiti|atk|1\n|-unboost|p2b: Zamazenta|atk|1\n|turn|1\n|\n|t:|1775614332\n|switch|p2a: Indeedee|Indeedee-F, L50, F|100/100\n|-fieldstart|move: Psychic Terrain|[from] ability: Psychic Surge|[of] p2a: Indeedee\n|switch|p1b: Calyrex|Calyrex-Shadow, L50|100/100\n|-ability|p1b: Calyrex|As One\n|-ability|p1b: Calyrex|Unnerve\n|-terastallize|p2b: Zamazenta|Fighting\n|move|p1a: Zacian|Behemoth Blade|p2a: Indeedee\n|-damage|p2a: Indeedee|21/100\n|-damage|p1a: Zacian|84/100|[from] item: Rocky Helmet|[of] p2a: Indeedee\n|move|p2b: Zamazenta|Body Press|p1a: Zacian\n|-crit|p1a: Zacian\n|-damage|p1a: Zacian|0 fnt\n|faint|p1a: Zacian\n|\n|upkeep\n|\n|t:|1775614354\n|switch|p1a: Rillaboom|Rillaboom, L50, F|100/100\n|-fieldstart|move: Grassy Terrain|[from] ability: Grassy Surge|[of] p1a: Rillaboom\n|turn|2\n|\n|t:|1775614389\n|move|p1a: Rillaboom|Fake Out|p2a: Indeedee\n|-damage|p2a: Indeedee|7/100\n|-damage|p1a: Rillaboom|84/100|[from] item: Rocky Helmet|[of] p2a: Indeedee\n|cant|p2a: Indeedee|flinch\n|move|p1b: Calyrex|Encore|p2b: Zamazenta\n|-start|p2b: Zamazenta|Encore\n|move|p2b: Zamazenta|Body Press|p1a: Rillaboom\n|-crit|p1a: Rillaboom\n|-damage|p1a: Rillaboom|0 fnt\n|faint|p1a: Rillaboom\n|\n|-heal|p2a: Indeedee|13/100|[from] Grassy Terrain\n|upkeep\n|\n|t:|1775614404\n|switch|p1a: Incineroar|Incineroar, L50, M|100/100\n|-ability|p1a: Incineroar|Intimidate|boost\n|-unboost|p2a: Indeedee|atk|1\n|-unboost|p2b: Zamazenta|atk|1\n|turn|3\n|\n|t:|1775614421\n|-terastallize|p1a: Incineroar|Bug\n|move|p2a: Indeedee|Follow Me|p2a: Indeedee\n|-singleturn|p2a: Indeedee|move: Follow Me\n|move|p1b: Calyrex|Astral Barrage|p2b: Zamazenta|[spread] p2b\n|-immune|p2a: Indeedee\n|-damage|p2b: Zamazenta|67/100\n|move|p2b: Zamazenta|Body Press|p1a: Incineroar\n|-resisted|p1a: Incineroar\n|-damage|p1a: Incineroar|62/100\n|move|p1a: Incineroar|Knock Off|p2a: Indeedee\n|-supereffective|p2a: Indeedee\n|-damage|p2a: Indeedee|0 fnt\n|-damage|p1a: Incineroar|46/100|[from] item: Rocky Helmet|[of] p2a: Indeedee\n|-enditem|p2a: Indeedee|Rocky Helmet|[from] move: Knock Off|[of] p1a: Incineroar\n|faint|p2a: Indeedee\n|\n|-heal|p2b: Zamazenta|73/100|[from] Grassy Terrain\n|-heal|p1a: Incineroar|51/100|[from] Grassy Terrain\n|upkeep\n|\n|t:|1775614446\n|switch|p2a: Fezandipiti|Fezandipiti, L50, M|100/100\n|turn|4\n|\n|t:|1775614466\n|move|p1b: Calyrex|Astral Barrage|p2b: Zamazenta|[spread] p2a,p2b\n|-damage|p2a: Fezandipiti|65/100\n|-damage|p2b: Zamazenta|43/100\n|move|p2b: Zamazenta|Body Press|p1a: Incineroar\n|-resisted|p1a: Incineroar\n|-damage|p1a: Incineroar|17/100\n|move|p2a: Fezandipiti|Tailwind|p2a: Fezandipiti\n|-sidestart|p2: Luca8|move: Tailwind\n|move|p1a: Incineroar|Flare Blitz|p2a: Fezandipiti\n|-damage|p2a: Fezandipiti|22/100\n|-damage|p1a: Incineroar|3/100|[from] Recoil\n|\n|-heal|p2b: Zamazenta|49/100|[from] Grassy Terrain\n|-heal|p2a: Fezandipiti|28/100|[from] Grassy Terrain\n|-heal|p1a: Incineroar|9/100|[from] Grassy Terrain\n|-end|p2b: Zamazenta|Encore\n|upkeep\n|turn|5\n|-message|Aylawayla forfeited.\n|\n|win|Luca8\n|raw|Aylawayla's rating: 1295 &rarr; <strong>1275</strong><br />(-20 for losing)\n|raw|Luca8's rating: 1370 &rarr; <strong>1386</strong><br />(+16 for winning)\n|l|\u2606Aylawayla\n|player|p1|\n|l|\u2606Luca8\n|player|p2|\n","uploadtime":1775614645,"views":10,"formatid":"gen9vgc2026regi","rating":1275,"private":0,"password":null}