{"id":"gen9vgc2026regi-2547460952","format":"[Gen 9] VGC 2026 Reg I","players":["lalo's pollos","palHunter"],"log":"|j|\u2606lalo's pollos\n|j|\u2606palHunter\n|t:|1772092579\n|gametype|doubles\n|player|p1|lalo's pollos|265|1462\n|player|p2|palHunter|dawn|1683\n|gen|9\n|tier|[Gen 9] VGC 2026 Reg I\n|rated|\n|rule|Species Clause: Limit one of each Pok\u00e9mon\n|rule|Item Clause: Limit 1 of each item\n|clearpoke\n|poke|p1|Zamazenta-*, L50|\n|poke|p1|Lunala, L50|\n|poke|p1|Rillaboom, L50, F|\n|poke|p1|Incineroar, L50, M|\n|poke|p1|Urshifu-*, L50, F|\n|poke|p1|Tornadus, L50, M|\n|poke|p2|Miraidon, L50|\n|poke|p2|Amoonguss, L50, F|\n|poke|p2|Calyrex-Ice, L50|\n|poke|p2|Urshifu-*, L50, F|\n|poke|p2|Incineroar, L50, F|\n|poke|p2|Landorus, L50, M|\n|teampreview|4\n|inactive|Battle timer is ON: inactive players will automatically lose when time's up. (requested by palHunter)\n|inactive|lalo's pollos has 60 seconds left.\n|inactive|palHunter has 60 seconds left.\n|\n|t:|1772092638\n|teamsize|p1|4\n|teamsize|p2|4\n|start\n|switch|p1a: Rillaboom|Rillaboom, L50, F|100/100\n|switch|p1b: Lunala|Lunala, L50|100/100\n|switch|p2a: Calyrex|Calyrex-Ice, L50|100/100\n|switch|p2b: Amoonguss|Amoonguss, L50, F, shiny|100/100\n|-ability|p2a: Calyrex|As One\n|-ability|p2a: Calyrex|Unnerve\n|-fieldstart|move: Grassy Terrain|[from] ability: Grassy Surge|[of] p1a: Rillaboom\n|turn|1\n|\n|t:|1772092661\n|switch|p1a: Incineroar|Incineroar, L50, M|100/100\n|-ability|p1a: Incineroar|Intimidate|boost\n|-fail|p2a: Calyrex|unboost|[from] item: Clear Amulet|[of] p2a: Calyrex\n|-unboost|p2b: Amoonguss|atk|1\n|switch|p2b: Incineroar|Incineroar, L50, F, shiny|100/100\n|-ability|p2b: Incineroar|Intimidate|boost\n|-unboost|p1a: Incineroar|atk|1\n|-unboost|p1b: Lunala|atk|1\n|move|p1b: Lunala|Protect|p1b: Lunala\n|-singleturn|p1b: Lunala|Protect\n|move|p2a: Calyrex|Protect||[still]\n|-fail|p2a: Calyrex\n|\n|upkeep\n|turn|2\n|inactive|lalo's pollos has 30 seconds left.\n|inactive|palHunter has 30 seconds left.\n|inactive|palHunter has 20 seconds left.\n|\n|t:|1772092701\n|move|p2a: Calyrex|Protect|p2a: Calyrex\n|-singleturn|p2a: Calyrex|Protect\n|move|p1a: Incineroar|Fake Out|p2b: Incineroar\n|-damage|p2b: Incineroar|94/100\n|move|p1b: Lunala|Calm Mind|p1b: Lunala\n|-boost|p1b: Lunala|spa|1\n|-boost|p1b: Lunala|spd|1\n|cant|p2b: Incineroar|flinch\n|\n|-heal|p2b: Incineroar|99/100|[from] Grassy Terrain\n|upkeep\n|turn|3\n|\n|t:|1772092723\n|-terastallize|p2a: Calyrex|Fire\n|move|p1b: Lunala|Protect|p1b: Lunala\n|-singleturn|p1b: Lunala|Protect\n|move|p2b: Incineroar|Flare Blitz|p1b: Lunala\n|-activate|p1b: Lunala|move: Protect\n|move|p1a: Incineroar|Knock Off|p2a: Calyrex\n|-damage|p2a: Calyrex|86/100\n|-enditem|p2a: Calyrex|Clear Amulet|[from] move: Knock Off|[of] p1a: Incineroar\n|move|p2a: Calyrex|Trick Room|p2a: Calyrex\n|-fieldstart|move: Trick Room|[of] p2a: Calyrex\n|\n|-heal|p2a: Calyrex|91/100|[from] Grassy Terrain\n|-heal|p2b: Incineroar|100/100|[from] Grassy Terrain\n|upkeep\n|turn|4\n|inactive|lalo's pollos has 30 seconds left.\n|\n|t:|1772092754\n|-terastallize|p1b: Lunala|Fairy\n|move|p2a: Calyrex|Protect|p2a: Calyrex\n|-singleturn|p2a: Calyrex|Protect\n|move|p1a: Incineroar|Parting Shot|p2a: Calyrex\n|-activate|p2a: Calyrex|move: Protect\n|move|p2b: Incineroar|Flare Blitz|p1b: Lunala\n|-damage|p1b: Lunala|77/100\n|-status|p1b: Lunala|brn\n|-damage|p2b: Incineroar|92/100|[from] Recoil\n|move|p1b: Lunala|Moonblast|p2b: Incineroar\n|-damage|p2b: Incineroar|40/100\n|\n|-heal|p2a: Calyrex|97/100|[from] Grassy Terrain\n|-heal|p2b: Incineroar|46/100|[from] Grassy Terrain\n|-heal|p1b: Lunala|83/100 brn|[from] Grassy Terrain\n|-heal|p1b: Lunala|89/100 brn|[from] item: Leftovers\n|-damage|p1b: Lunala|83/100 brn|[from] brn\n|upkeep\n|turn|5\n|c|\u2606lalo's pollos|nooooo\n|inactive|palHunter has 30 seconds left.\n|\n|t:|1772092782\n|move|p1b: Lunala|Protect|p1b: Lunala\n|-singleturn|p1b: Lunala|Protect\n|move|p2a: Calyrex|High Horsepower|p1a: Incineroar\n|-supereffective|p1a: Incineroar\n|-damage|p1a: Incineroar|29/100\n|move|p1a: Incineroar|Parting Shot|p2a: Calyrex\n|-unboost|p2a: Calyrex|atk|1\n|-unboost|p2a: Calyrex|spa|1\n|\n|t:|1772092790\n|switch|p1a: Zamazenta|Zamazenta-Crowned, L50|100/100|[from] Parting Shot\n|-ability|p1a: Zamazenta|Dauntless Shield|boost\n|-boost|p1a: Zamazenta|def|1\n|move|p2b: Incineroar|U-turn|p1a: Zamazenta\n|-resisted|p1a: Zamazenta\n|-damage|p1a: Zamazenta|98/100\n|\n|t:|1772092798\n|switch|p2b: Amoonguss|Amoonguss, L50, F, shiny|100/100|[from] U-turn\n|\n|-heal|p2a: Calyrex|100/100|[from] Grassy Terrain\n|-heal|p1b: Lunala|89/100 brn|[from] Grassy Terrain\n|-heal|p1b: Lunala|95/100 brn|[from] item: Leftovers\n|-heal|p1a: Zamazenta|100/100|[from] Grassy Terrain\n|-damage|p1b: Lunala|89/100 brn|[from] brn\n|-fieldend|move: Grassy Terrain\n|upkeep\n|turn|6\n|\n|t:|1772092811\n|move|p2b: Amoonguss|Spore||[still]\n|-fail|p2b: Amoonguss\n|move|p2a: Calyrex|Glacial Lance|p1a: Zamazenta|[spread] p1a,p1b\n|-resisted|p1a: Zamazenta\n|-damage|p1a: Zamazenta|94/100\n|-damage|p1b: Lunala|58/100 brn\n|move|p1b: Lunala|Moongeist Beam|p2a: Calyrex\n|-damage|p2a: Calyrex|45/100\n|move|p1a: Zamazenta|Body Press|p2a: Calyrex\n|-damage|p2a: Calyrex|1/100\n|\n|-heal|p1b: Lunala|64/100 brn|[from] item: Leftovers\n|-damage|p1b: Lunala|58/100 brn|[from] brn\n|upkeep\n|turn|7\n|\n|t:|1772092834\n|switch|p2a: Incineroar|Incineroar, L50, F, shiny|46/100\n|-ability|p2a: Incineroar|Intimidate|boost\n|-unboost|p1a: Zamazenta|atk|1\n|-unboost|p1b: Lunala|atk|1\n|move|p1b: Lunala|Protect|p1b: Lunala\n|-singleturn|p1b: Lunala|Protect\n|move|p1a: Zamazenta|Protect|p1a: Zamazenta\n|-singleturn|p1a: Zamazenta|Protect\n|move|p2b: Amoonguss|Spore|p1a: Zamazenta\n|-activate|p1a: Zamazenta|move: Protect\n|\n|-heal|p1b: Lunala|64/100 brn|[from] item: Leftovers\n|-damage|p1b: Lunala|58/100 brn|[from] brn\n|-fieldend|move: Trick Room\n|upkeep\n|turn|8\n|\n|t:|1772092858\n|switch|p1a: Incineroar|Incineroar, L50, M|29/100\n|-ability|p1a: Incineroar|Intimidate|boost\n|-unboost|p2a: Incineroar|atk|1\n|-unboost|p2b: Amoonguss|atk|1\n|move|p2a: Incineroar|Fake Out|p1a: Incineroar\n|-damage|p1a: Incineroar|22/100\n|move|p1b: Lunala|Moonblast|p2a: Incineroar\n|-damage|p2a: Incineroar|0 fnt\n|faint|p2a: Incineroar\n|move|p2b: Amoonguss|Spore|p1a: Incineroar\n|-activate|p1a: Incineroar|item: Safety Goggles|Spore\n|\n|-heal|p1b: Lunala|64/100 brn|[from] item: Leftovers\n|-damage|p1b: Lunala|58/100 brn|[from] brn\n|upkeep\n|-message|palHunter forfeited.\n|\n|win|lalo's pollos\n|raw|lalo&apos;s pollos's rating: 1462 &rarr; <strong>1493</strong><br />(+31 for winning)\n|raw|palHunter's rating: 1683 &rarr; <strong>1652</strong><br />(-31 for losing)\n|l|\u2606palHunter\n|player|p2|\n|l|\u2606lalo's pollos\n|player|p1|\n","uploadtime":1772092880,"views":16,"formatid":"gen9vgc2026regi","rating":1493,"private":0,"password":null}