{"id":"gen9vgc2026regi-2526022585","format":"[Gen 9] VGC 2026 Reg I","players":["jpto5","Grant wifi"],"log":"|j|\u2606jpto5\n|j|\u2606Grant wifi\n|t:|1769363632\n|gametype|doubles\n|player|p1|jpto5|1|1104\n|player|p2|Grant wifi|170|1139\n|gen|9\n|tier|[Gen 9] VGC 2026 Reg I\n|rated|\n|rule|Species Clause: Limit one of each Pok\u00e9mon\n|rule|Item Clause: Limit 1 of each item\n|clearpoke\n|poke|p1|Tornadus, L50, M|\n|poke|p1|Kyogre, L50|\n|poke|p1|Zacian-*, L50|\n|poke|p1|Basculegion, L50, M|\n|poke|p1|Gallade, L50, M|\n|poke|p1|Iron Bundle, L50|\n|poke|p2|Chien-Pao, L50|\n|poke|p2|Raging Bolt, L50|\n|poke|p2|Kyogre, L50|\n|poke|p2|Zamazenta-*, L50|\n|poke|p2|Comfey, L50, F|\n|poke|p2|Whimsicott, L50, F|\n|teampreview|4\n|inactive|Battle timer is ON: inactive players will automatically lose when time's up. (requested by jpto5)\n|\n|t:|1769363652\n|teamsize|p1|4\n|teamsize|p2|4\n|start\n|switch|p1a: Iron Bundle|Iron Bundle, L50|100/100\n|switch|p1b: Zacian|Zacian-Crowned, L50|100/100\n|switch|p2a: Raging Bolt|Raging Bolt, L50|100/100\n|switch|p2b: Kyogre|Kyogre, L50|100/100\n|-ability|p1b: Zacian|Intrepid Sword|boost\n|-boost|p1b: Zacian|atk|1\n|-weather|RainDance|[from] ability: Drizzle|[of] p2b: Kyogre\n|-enditem|p1a: Iron Bundle|Booster Energy\n|-activate|p1a: Iron Bundle|ability: Quark Drive|[fromitem]\n|-start|p1a: Iron Bundle|quarkdrivespa\n|turn|1\n|\n|t:|1769363677\n|switch|p2b: Zamazenta|Zamazenta-Crowned, L50|100/100\n|-ability|p2b: Zamazenta|Dauntless Shield|boost\n|-boost|p2b: Zamazenta|def|1\n|move|p1a: Iron Bundle|Protect|p1a: Iron Bundle\n|-singleturn|p1a: Iron Bundle|Protect\n|move|p1b: Zacian|Play Rough|p2a: Raging Bolt\n|-supereffective|p2a: Raging Bolt\n|-damage|p2a: Raging Bolt|0 fnt\n|faint|p2a: Raging Bolt\n|-end|p2a: Raging Bolt|Protosynthesis|[silent]\n|\n|-weather|RainDance|[upkeep]\n|upkeep\n|\n|t:|1769363688\n|switch|p2a: Whimsicott|Whimsicott, L50, F, shiny|100/100\n|turn|2\n|\n|t:|1769363708\n|move|p2a: Whimsicott|Tailwind|p2a: Whimsicott\n|-sidestart|p2: Grant wifi|move: Tailwind\n|move|p2b: Zamazenta|Behemoth Bash|p1b: Zacian\n|-damage|p1b: Zacian|65/100\n|move|p1b: Zacian|Sacred Sword|p2b: Zamazenta\n|-supereffective|p2b: Zamazenta\n|-damage|p2b: Zamazenta|20/100\n|move|p1a: Iron Bundle|Freeze-Dry|p2a: Whimsicott\n|-supereffective|p2a: Whimsicott\n|-enditem|p2a: Whimsicott|Focus Sash\n|-damage|p2a: Whimsicott|1/100\n|\n|-weather|RainDance|[upkeep]\n|upkeep\n|turn|3\n|inactive|jpto5 has 30 seconds left.\n|\n|t:|1769363733\n|move|p2b: Zamazenta|Behemoth Bash|p1b: Zacian\n|-damage|p1b: Zacian|24/100\n|move|p2a: Whimsicott|Giga Drain|p1a: Iron Bundle\n|-supereffective|p1a: Iron Bundle\n|-damage|p1a: Iron Bundle|0 fnt\n|-heal|p2a: Whimsicott|50/100|[from] drain|[of] p1a: Iron Bundle\n|faint|p1a: Iron Bundle\n|-end|p1a: Iron Bundle|Quark Drive|[silent]\n|move|p1b: Zacian|Sacred Sword|p2b: Zamazenta\n|-supereffective|p2b: Zamazenta\n|-damage|p2b: Zamazenta|0 fnt\n|faint|p2b: Zamazenta\n|\n|-weather|RainDance|[upkeep]\n|upkeep\n|\n|t:|1769363752\n|switch|p2b: Kyogre|Kyogre, L50|100/100\n|switch|p1a: Tornadus|Tornadus, L50, M|100/100\n|turn|4\n|\n|t:|1769363769\n|-terastallize|p1a: Tornadus|Dark\n|move|p2a: Whimsicott|Fake Tears|p1a: Tornadus\n|-hint|Since gen 7, Dark is immune to Prankster moves.\n|-immune|p1a: Tornadus\n|move|p1a: Tornadus|Tailwind|p1a: Tornadus\n|-sidestart|p1: jpto5|move: Tailwind\n|move|p1b: Zacian|Behemoth Blade|p2a: Whimsicott\n|-supereffective|p2a: Whimsicott\n|-damage|p2a: Whimsicott|0 fnt\n|faint|p2a: Whimsicott\n|move|p2b: Kyogre|Water Spout|p1b: Zacian|[spread] p1a,p1b\n|-enditem|p1a: Tornadus|Focus Sash\n|-damage|p1a: Tornadus|1/100\n|-damage|p1b: Zacian|0 fnt\n|faint|p1b: Zacian\n|\n|-weather|RainDance|[upkeep]\n|upkeep\n|\n|t:|1769363778\n|switch|p1b: Gallade|Gallade, L50, M|100/100\n|turn|5\n|inactive|Grant wifi has 30 seconds left.\n|inactive|Grant wifi has 20 seconds left.\n|inactive|Grant wifi has 15 seconds left.\n|\n|t:|1769363820\n|move|p1b: Gallade|Wide Guard|p1b: Gallade\n|-singleturn|p1b: Gallade|Wide Guard\n|move|p1a: Tornadus|Bleakwind Storm|p2b: Kyogre\n|-damage|p2b: Kyogre|76/100\n|move|p2b: Kyogre|Water Spout|p1a: Tornadus|[spread] \n|-activate|p1a: Tornadus|move: Wide Guard\n|-activate|p1b: Gallade|move: Wide Guard\n|\n|-weather|none\n|-sideend|p2: Grant wifi|move: Tailwind\n|upkeep\n|turn|6\n|\n|t:|1769363831\n|move|p1a: Tornadus|Bleakwind Storm|p2b: Kyogre|[miss]\n|-miss|p1a: Tornadus|p2b: Kyogre\n|move|p1b: Gallade|Leaf Blade|p2b: Kyogre\n|-supereffective|p2b: Kyogre\n|-damage|p2b: Kyogre|0 fnt\n|faint|p2b: Kyogre\n|\n|win|jpto5\n|raw|jpto5's rating: 1104 &rarr; <strong>1132</strong><br />(+28 for winning)\n|raw|Grant wifi's rating: 1139 &rarr; <strong>1111</strong><br />(-28 for losing)\n|l|\u2606Grant wifi\n|player|p2|\n|l|\u2606jpto5\n|player|p1|\n","uploadtime":1769364124,"views":12,"formatid":"gen9vgc2026regi","rating":1111,"private":0,"password":null}