{"id":"gen9vgc2026regi-2553183789","format":"[Gen 9] VGC 2026 Reg I","players":["SiamCat","ryo8989"],"log":"|j|\u2606SiamCat\n|j|\u2606ryo8989\n|t:|1772807907\n|gametype|doubles\n|player|p1|SiamCat|ltsurge|1307\n|player|p2|ryo8989|erika|1373\n|gen|9\n|tier|[Gen 9] VGC 2026 Reg I\n|rated|\n|rule|Species Clause: Limit one of each Pok\u00e9mon\n|rule|Item Clause: Limit 1 of each item\n|clearpoke\n|poke|p1|Miraidon, L50|\n|poke|p1|Oranguru, L50, F|\n|poke|p1|Groudon, L50|\n|poke|p1|Sinistcha-Masterpiece, L50|\n|poke|p1|Iron Treads, L50|\n|poke|p1|Incineroar, L50, M|\n|poke|p2|Calyrex-Shadow, L50|\n|poke|p2|Rillaboom, L50, M|\n|poke|p2|Incineroar, L50, M|\n|poke|p2|Clefairy, L50, F|\n|poke|p2|Koraidon, L50|\n|poke|p2|Flutter Mane, L50|\n|teampreview|4\n|inactive|Battle timer is ON: inactive players will automatically lose when time's up. (requested by SiamCat)\n|\n|t:|1772807924\n|teamsize|p1|4\n|teamsize|p2|4\n|start\n|switch|p1a: BMW|Miraidon, L50, shiny|100/100\n|switch|p1b: oRANGE|Oranguru, L50, F, shiny|100/100\n|switch|p2a: Calyrex|Calyrex-Shadow, L50|100/100\n|switch|p2b: Rillaboom|Rillaboom, L50, M|100/100\n|-ability|p2a: Calyrex|As One\n|-ability|p2a: Calyrex|Unnerve\n|-fieldstart|move: Electric Terrain|[from] ability: Hadron Engine|[of] p1a: BMW\n|-enditem|p1a: BMW|Electric Seed\n|-boost|p1a: BMW|def|1|[from] item: Electric Seed\n|-activate|p1b: oRANGE|ability: Symbiosis|Covert Cloak|[of] p1a: BMW\n|-fieldstart|move: Grassy Terrain|[from] ability: Grassy Surge|[of] p2b: Rillaboom\n|turn|1\n|\n|t:|1772807944\n|move|p2a: Calyrex|Pollen Puff|p1b: oRANGE\n|-supereffective|p1b: oRANGE\n|-damage|p1b: oRANGE|17/100\n|-damage|p2a: Calyrex|91/100|[from] item: Life Orb\n|move|p1a: BMW|Calm Mind|p1a: BMW\n|-boost|p1a: BMW|spa|1\n|-boost|p1a: BMW|spd|1\n|move|p2b: Rillaboom|U-turn|p1b: oRANGE\n|-supereffective|p1b: oRANGE\n|-damage|p1b: oRANGE|0 fnt\n|faint|p1b: oRANGE\n|\n|t:|1772807960\n|switch|p2b: Koraidon|Koraidon, L50|100/100|[from] U-turn\n|-weather|SunnyDay|[from] ability: Orichalcum Pulse|[of] p2b: Koraidon\n|-activate|p2b: Koraidon|Orichalcum Pulse|[source]\n|\n|-weather|SunnyDay|[upkeep]\n|-heal|p2a: Calyrex|97/100|[from] Grassy Terrain\n|upkeep\n|\n|t:|1772807967\n|switch|p1b: protein shake|Sinistcha-Masterpiece, L50, shiny|100/100\n|turn|2\n|\n|t:|1772807989\n|-terastallize|p1b: protein shake|Normal\n|move|p2a: Calyrex|Astral Barrage|p1a: BMW|[spread] p1a\n|-immune|p1b: protein shake\n|-damage|p1a: BMW|65/100\n|-damage|p2a: Calyrex|88/100|[from] item: Life Orb\n|move|p2b: Koraidon|Flame Charge|p1b: protein shake\n|-damage|p1b: protein shake|72/100\n|-boost|p2b: Koraidon|spe|1\n|-damage|p2b: Koraidon|84/100|[from] item: Rocky Helmet|[of] p1b: protein shake\n|move|p1a: BMW|Dragon Pulse|p2b: Koraidon\n|-supereffective|p2b: Koraidon\n|-damage|p2b: Koraidon|0 fnt\n|faint|p2b: Koraidon\n|move|p1b: protein shake|Curse|p1b: protein shake\n|-unboost|p1b: protein shake|spe|1\n|-boost|p1b: protein shake|atk|1\n|-boost|p1b: protein shake|def|1\n|\n|-weather|SunnyDay|[upkeep]\n|-heal|p2a: Calyrex|94/100|[from] Grassy Terrain\n|-heal|p1a: BMW|70/100|[from] Grassy Terrain\n|-heal|p1b: protein shake|79/100|[from] Grassy Terrain\n|upkeep\n|inactive|ryo8989 has 30 seconds left.\n|\n|t:|1772808014\n|switch|p2b: Clefairy|Clefairy, L50, F, shiny|100/100\n|turn|3\n|\n|t:|1772808039\n|move|p2b: Clefairy|Follow Me|p2b: Clefairy\n|-singleturn|p2b: Clefairy|move: Follow Me\n|move|p2a: Calyrex|Astral Barrage|p1a: BMW|[spread] p1a\n|-immune|p1b: protein shake\n|-damage|p1a: BMW|33/100\n|-damage|p2a: Calyrex|84/100|[from] item: Life Orb\n|move|p1a: BMW|Parabolic Charge|p2b: Clefairy|[spread] p1b,p2a,p2b\n|-damage|p1b: protein shake|42/100\n|-heal|p1a: BMW|49/100|[from] drain|[of] p1b: protein shake\n|-damage|p2a: Calyrex|60/100\n|-heal|p1a: BMW|59/100|[from] drain|[of] p2a: Calyrex\n|-damage|p2b: Clefairy|71/100\n|-heal|p1a: BMW|72/100|[from] drain|[of] p2b: Clefairy\n|move|p1b: protein shake|Matcha Gotcha|p2a: Calyrex|[spread] p2b\n|-miss|p1b: protein shake|p2a: Calyrex\n|-crit|p2b: Clefairy\n|-damage|p2b: Clefairy|30/100\n|-heal|p1b: protein shake|62/100|[from] drain|[of] p2b: Clefairy\n|-status|p2b: Clefairy|brn\n|\n|-weather|SunnyDay|[upkeep]\n|-heal|p2a: Calyrex|66/100|[from] Grassy Terrain\n|-heal|p1a: BMW|78/100|[from] Grassy Terrain\n|-heal|p1b: protein shake|68/100|[from] Grassy Terrain\n|-heal|p2b: Clefairy|37/100 brn|[from] Grassy Terrain\n|-damage|p2b: Clefairy|30/100 brn|[from] brn\n|upkeep\n|turn|4\n|inactive|SiamCat has 30 seconds left.\n|inactive|ryo8989 has 30 seconds left.\n|inactive|ryo8989 has 20 seconds left.\n|\n|t:|1772808074\n|move|p1a: BMW|Protect|p1a: BMW\n|-singleturn|p1a: BMW|Protect\n|move|p2a: Calyrex|Psychic|p1b: protein shake\n|-damage|p1b: protein shake|0 fnt\n|faint|p1b: protein shake\n|-ability|p2a: Calyrex|Grim Neigh|boost\n|-boost|p2a: Calyrex|spa|1\n|-damage|p2a: Calyrex|57/100|[from] item: Life Orb\n|move|p2b: Clefairy|Life Dew|p2b: Clefairy|[spread] p2a,p2b\n|-heal|p2a: Calyrex|82/100\n|-heal|p2b: Clefairy|55/100 brn\n|\n|-weather|SunnyDay|[upkeep]\n|-heal|p2a: Calyrex|88/100|[from] Grassy Terrain\n|-heal|p1a: BMW|84/100|[from] Grassy Terrain\n|-heal|p2b: Clefairy|62/100 brn|[from] Grassy Terrain\n|-damage|p2b: Clefairy|55/100 brn|[from] brn\n|upkeep\n|\n|t:|1772808089\n|switch|p1b: Groudon|Groudon, L50, shiny|100/100\n|turn|5\n|\n|t:|1772808106\n|move|p2a: Calyrex|Astral Barrage|p1a: BMW|[spread] p1a,p1b\n|-damage|p1a: BMW|31/100\n|-damage|p1b: Groudon|15/100\n|-damage|p2a: Calyrex|79/100|[from] item: Life Orb\n|move|p1a: BMW|Parabolic Charge|p2a: Calyrex|[spread] p2a,p2b\n|-immune|p1b: Groudon\n|-damage|p2a: Calyrex|56/100\n|-heal|p1a: BMW|41/100|[from] drain|[of] p2a: Calyrex\n|-damage|p2b: Clefairy|23/100 brn\n|-heal|p1a: BMW|55/100|[from] drain|[of] p2b: Clefairy\n|move|p1b: Groudon|Precipice Blades|p2b: Clefairy|[spread] p2a,p2b\n|-damage|p2a: Calyrex|18/100\n|-damage|p2b: Clefairy|0 fnt\n|faint|p2b: Clefairy\n|\n|-weather|none\n|-heal|p2a: Calyrex|24/100|[from] Grassy Terrain\n|-heal|p1a: BMW|61/100|[from] Grassy Terrain\n|-heal|p1b: Groudon|21/100|[from] Grassy Terrain\n|-fieldend|move: Grassy Terrain\n|upkeep\n|\n|t:|1772808126\n|switch|p2b: Rillaboom|Rillaboom, L50, M|100/100\n|-fieldstart|move: Grassy Terrain|[from] ability: Grassy Surge|[of] p2b: Rillaboom\n|turn|6\n|\n|t:|1772808148\n|move|p2b: Rillaboom|Fake Out|p1a: BMW\n|-damage|p1a: BMW|55/100\n|move|p2a: Calyrex|Astral Barrage|p1b: Groudon|[spread] p1a,p1b\n|-damage|p1a: BMW|0 fnt\n|-damage|p1b: Groudon|0 fnt\n|faint|p1a: BMW\n|faint|p1b: Groudon\n|-damage|p2a: Calyrex|14/100|[from] item: Life Orb\n|\n|win|ryo8989\n|raw|SiamCat's rating: 1307 &rarr; <strong>1291</strong><br />(-16 for losing)\n|raw|ryo8989's rating: 1373 &rarr; <strong>1389</strong><br />(+16 for winning)\n|l|\u2606SiamCat\n|player|p1|\n|l|\u2606ryo8989\n|player|p2|\n","uploadtime":1772808325,"views":10,"formatid":"gen9vgc2026regi","rating":1291,"private":0,"password":null}