{"id":"gen9vgc2026regi-2589247301","format":"[Gen 9] VGC 2026 Reg I","players":["dekukun12","Himmafridge"],"log":"|j|\u2606dekukun12\n|j|\u2606Himmafridge\n|t:|1776709175\n|gametype|doubles\n|player|p1|dekukun12|nate|1498\n|player|p2|Himmafridge|hiker-gen4|1598\n|gen|9\n|tier|[Gen 9] VGC 2026 Reg I\n|rated|\n|rule|Species Clause: Limit one of each Pok\u00e9mon\n|rule|Item Clause: Limit 1 of each item\n|clearpoke\n|poke|p1|Calyrex-Shadow, L50|\n|poke|p1|Zamazenta-*, L50|\n|poke|p1|Incineroar, L50, F|\n|poke|p1|Rillaboom, L50, M|\n|poke|p1|Urshifu-*, L50, M|\n|poke|p1|Iron Valiant, L50|\n|poke|p2|Zacian-*, L50|\n|poke|p2|Regidrago, L50|\n|poke|p2|Smeargle, L50, F|\n|poke|p2|Tornadus, L50, M|\n|poke|p2|Groudon, L50|\n|poke|p2|Ditto, L50|\n|teampreview|4\n|\n|t:|1776709220\n|teamsize|p1|4\n|teamsize|p2|4\n|start\n|switch|p1a: Incineroar|Incineroar, L50, F|100/100\n|switch|p1b: Iron Valiant|Iron Valiant, L50|100/100\n|switch|p2a: Groudon|Groudon, L50|100/100\n|switch|p2b: Smeargle|Smeargle, L50, F|100/100\n|-weather|SunnyDay|[from] ability: Drought|[of] p2a: Groudon\n|-ability|p1a: Incineroar|Intimidate|boost\n|-unboost|p2a: Groudon|atk|1\n|-unboost|p2b: Smeargle|atk|1\n|-enditem|p1b: Iron Valiant|Booster Energy\n|-activate|p1b: Iron Valiant|ability: Quark Drive|[fromitem]\n|-start|p1b: Iron Valiant|quarkdrivespe\n|turn|1\n|\n|t:|1776709235\n|move|p2b: Smeargle|Fake Out|p1b: Iron Valiant\n|-damage|p1b: Iron Valiant|97/100\n|move|p1a: Incineroar|Fake Out|p2a: Groudon\n|-damage|p2a: Groudon|94/100\n|cant|p1b: Iron Valiant|flinch\n|cant|p2a: Groudon|flinch\n|\n|-weather|SunnyDay|[upkeep]\n|-ability|p2b: Smeargle|Moody|boost\n|-boost|p2b: Smeargle|atk|2\n|-unboost|p2b: Smeargle|spd|1\n|upkeep\n|turn|2\n|\n|t:|1776709250\n|move|p1b: Iron Valiant|Taunt|p2b: Smeargle\n|-start|p2b: Smeargle|move: Taunt\n|cant|p2b: Smeargle|move: Taunt|Decorate\n|move|p2a: Groudon|Precipice Blades|p1b: Iron Valiant|[spread] p1a,p1b\n|-supereffective|p1a: Incineroar\n|-damage|p1a: Incineroar|46/100\n|-damage|p1b: Iron Valiant|60/100\n|move|p1a: Incineroar|Knock Off|p2a: Groudon\n|-damage|p2a: Groudon|69/100\n|-enditem|p2a: Groudon|Assault Vest|[from] move: Knock Off|[of] p1a: Incineroar\n|\n|-weather|SunnyDay|[upkeep]\n|-ability|p2b: Smeargle|Moody|boost\n|-boost|p2b: Smeargle|spa|2\n|-unboost|p2b: Smeargle|atk|1\n|upkeep\n|turn|3\n|\n|t:|1776709268\n|switch|p2b: Zacian|Zacian-Crowned, L50|100/100\n|-ability|p2b: Zacian|Intrepid Sword|boost\n|-boost|p2b: Zacian|atk|1\n|move|p1b: Iron Valiant|Wide Guard|p1b: Iron Valiant\n|-singleturn|p1b: Iron Valiant|Wide Guard\n|move|p2a: Groudon|Precipice Blades|p1a: Incineroar|[spread] \n|-activate|p1a: Incineroar|move: Wide Guard\n|-activate|p1b: Iron Valiant|move: Wide Guard\n|move|p1a: Incineroar|Flare Blitz|p2a: Groudon\n|-damage|p2a: Groudon|27/100\n|-damage|p1a: Incineroar|32/100|[from] Recoil\n|\n|-weather|SunnyDay|[upkeep]\n|upkeep\n|turn|4\n|\n|t:|1776709286\n|switch|p1a: Calyrex|Calyrex-Shadow, L50|100/100\n|-ability|p1a: Calyrex|As One\n|-ability|p1a: Calyrex|Unnerve\n|move|p1b: Iron Valiant|Wide Guard|p1b: Iron Valiant\n|-singleturn|p1b: Iron Valiant|Wide Guard\n|move|p2b: Zacian|Behemoth Blade|p1b: Iron Valiant\n|-supereffective|p1b: Iron Valiant\n|-damage|p1b: Iron Valiant|0 fnt\n|faint|p1b: Iron Valiant\n|-end|p1b: Iron Valiant|Quark Drive|[silent]\n|move|p2a: Groudon|High Horsepower|p1a: Calyrex\n|-damage|p1a: Calyrex|61/100\n|\n|-weather|SunnyDay|[upkeep]\n|upkeep\n|\n|t:|1776709303\n|switch|p1b: Incineroar|Incineroar, L50, F|32/100\n|-ability|p1b: Incineroar|Intimidate|boost\n|-unboost|p2a: Groudon|atk|1\n|-unboost|p2b: Zacian|atk|1\n|turn|5\n|\n|t:|1776709316\n|switch|p2a: Smeargle|Smeargle, L50, F|100/100\n|move|p2b: Zacian|Protect|p2b: Zacian\n|-singleturn|p2b: Zacian|Protect\n|move|p1b: Incineroar|Fake Out|p2b: Zacian\n|-activate|p2b: Zacian|move: Protect\n|move|p1a: Calyrex|Astral Barrage|p2b: Zacian|[spread] \n|-activate|p2b: Zacian|move: Protect\n|-immune|p2a: Smeargle\n|\n|-weather|none\n|-ability|p2a: Smeargle|Moody|boost\n|-boost|p2a: Smeargle|spe|2\n|-unboost|p2a: Smeargle|atk|1\n|upkeep\n|turn|6\n|\n|t:|1776709349\n|move|p2a: Smeargle|Spore|p1a: Calyrex\n|-status|p1a: Calyrex|slp|[from] move: Spore\n|cant|p1a: Calyrex|slp\n|move|p2b: Zacian|Sacred Sword|p1b: Incineroar\n|-supereffective|p1b: Incineroar\n|-damage|p1b: Incineroar|0 fnt\n|faint|p1b: Incineroar\n|\n|-ability|p2a: Smeargle|Moody|boost\n|-boost|p2a: Smeargle|spa|2\n|-unboost|p2a: Smeargle|atk|1\n|upkeep\n|-message|dekukun12 forfeited.\n|\n|win|Himmafridge\n|raw|dekukun12's rating: 1498 &rarr; <strong>1484</strong><br />(-14 for losing)\n|raw|Himmafridge's rating: 1598 &rarr; <strong>1612</strong><br />(+14 for winning)\n|l|\u2606dekukun12\n|player|p1|\n|l|\u2606Himmafridge\n|player|p2|\n","uploadtime":1776709600,"views":11,"formatid":"gen9vgc2026regi","rating":1484,"private":0,"password":null}