{"id":"gen9vgc2026regi-2560780393","format":"[Gen 9] VGC 2026 Reg I","players":["BanKingambit69247","Yx3003"],"log":"|j|\u2606BanKingambit69247\n|j|\u203dYx3003\n|t:|1773725074\n|gametype|doubles\n|player|p1|BanKingambit69247|102|1486\n|player|p2|Yx3003|bugcatcher-gen4dp|1430\n|gen|9\n|tier|[Gen 9] VGC 2026 Reg I\n|rated|\n|rule|Species Clause: Limit one of each Pok\u00e9mon\n|rule|Item Clause: Limit 1 of each item\n|clearpoke\n|poke|p1|Calyrex-Shadow, L50|\n|poke|p1|Zamazenta-*, L50|\n|poke|p1|Chien-Pao, L50|\n|poke|p1|Dragonite, L50, M|\n|poke|p1|Ogerpon-Wellspring, L50, F|\n|poke|p1|Smeargle, L50, M|\n|poke|p2|Koraidon, L50|\n|poke|p2|Lunala, L50|\n|poke|p2|Brute Bonnet, L50|\n|poke|p2|Incineroar, L50, F|\n|poke|p2|Flutter Mane, L50|\n|poke|p2|Raging Bolt, L50|\n|teampreview|4\n|inactive|Battle timer is ON: inactive players will automatically lose when time's up. (requested by Yx3003)\n|j| everlaur\n|j| d3us b1d00f\n|l| everlaur\n|l| d3us b1d00f\n|\n|t:|1773725102\n|teamsize|p1|4\n|teamsize|p2|4\n|start\n|switch|p1a: \u6211\u5927\u54e5|Smeargle, L50, M|100/100\n|switch|p1b: \u8bf6\u4f60\u600e\u4e48\u6b7b\u4e86?\u267f\u267f\u267f|Calyrex-Shadow, L50|100/100\n|switch|p2a: Koraidon|Koraidon, L50|100/100\n|switch|p2b: Brute Bonnet|Brute Bonnet, L50|100/100\n|-ability|p1b: \u8bf6\u4f60\u600e\u4e48\u6b7b\u4e86?\u267f\u267f\u267f|As One\n|-ability|p1b: \u8bf6\u4f60\u600e\u4e48\u6b7b\u4e86?\u267f\u267f\u267f|Unnerve\n|-weather|SunnyDay|[from] ability: Orichalcum Pulse|[of] p2a: Koraidon\n|-activate|p2b: Brute Bonnet|ability: Protosynthesis\n|-start|p2b: Brute Bonnet|protosynthesisdef\n|-activate|p2a: Koraidon|Orichalcum Pulse|[source]\n|turn|1\n|\n|t:|1773725116\n|-terastallize|p1b: \u8bf6\u4f60\u600e\u4e48\u6b7b\u4e86?\u267f\u267f\u267f|Ghost\n|move|p2a: Koraidon|Protect|p2a: Koraidon\n|-singleturn|p2a: Koraidon|Protect\n|move|p1a: \u6211\u5927\u54e5|Follow Me|p1a: \u6211\u5927\u54e5\n|-singleturn|p1a: \u6211\u5927\u54e5|move: Follow Me\n|move|p1b: \u8bf6\u4f60\u600e\u4e48\u6b7b\u4e86?\u267f\u267f\u267f|Astral Barrage|p2a: Koraidon|[spread] p2b\n|-activate|p2a: Koraidon|move: Protect\n|-resisted|p2b: Brute Bonnet\n|-damage|p2b: Brute Bonnet|56/100\n|move|p2b: Brute Bonnet|Spore|p1a: \u6211\u5927\u54e5\n|-status|p1a: \u6211\u5927\u54e5|slp|[from] move: Spore\n|\n|-weather|SunnyDay|[upkeep]\n|upkeep\n|turn|2\n|inactive|Yx3003 has 30 seconds left.\n|\n|t:|1773725145\n|switch|p1b: \u6211\u7684\u5de8\u517d\u5f39\u56de\u6765\u5566!\ud83d\udc37\ud83d\udc37\ud83d\udc37|Chien-Pao, L50|100/100\n|-ability|p1b: \u6211\u7684\u5de8\u517d\u5f39\u56de\u6765\u5566!\ud83d\udc37\ud83d\udc37\ud83d\udc37|Sword of Ruin\n|cant|p1a: \u6211\u5927\u54e5|slp\n|move|p2b: Brute Bonnet|Sucker Punch||[still]\n|-fail|p2b: Brute Bonnet\n|move|p2a: Koraidon|Flame Charge|p1b: \u6211\u7684\u5de8\u517d\u5f39\u56de\u6765\u5566!\ud83d\udc37\ud83d\udc37\ud83d\udc37\n|-supereffective|p1b: \u6211\u7684\u5de8\u517d\u5f39\u56de\u6765\u5566!\ud83d\udc37\ud83d\udc37\ud83d\udc37\n|-damage|p1b: \u6211\u7684\u5de8\u517d\u5f39\u56de\u6765\u5566!\ud83d\udc37\ud83d\udc37\ud83d\udc37|0 fnt\n|-boost|p2a: Koraidon|spe|1\n|faint|p1b: \u6211\u7684\u5de8\u517d\u5f39\u56de\u6765\u5566!\ud83d\udc37\ud83d\udc37\ud83d\udc37\n|-damage|p2a: Koraidon|91/100|[from] item: Life Orb\n|\n|-weather|SunnyDay|[upkeep]\n|upkeep\n|\n|t:|1773725150\n|switch|p1b: \u8bf6\u4f60\u600e\u4e48\u6b7b\u4e86?\u267f\u267f\u267f|Calyrex-Shadow, L50, tera:Ghost|100/100\n|-ability|p1b: \u8bf6\u4f60\u600e\u4e48\u6b7b\u4e86?\u267f\u267f\u267f|As One\n|-ability|p1b: \u8bf6\u4f60\u600e\u4e48\u6b7b\u4e86?\u267f\u267f\u267f|Unnerve\n|turn|3\n|\n|t:|1773725161\n|move|p2a: Koraidon|Protect|p2a: Koraidon\n|-singleturn|p2a: Koraidon|Protect\n|cant|p1a: \u6211\u5927\u54e5|slp\n|move|p2b: Brute Bonnet|Sucker Punch|p1b: \u8bf6\u4f60\u600e\u4e48\u6b7b\u4e86?\u267f\u267f\u267f\n|-supereffective|p1b: \u8bf6\u4f60\u600e\u4e48\u6b7b\u4e86?\u267f\u267f\u267f\n|-damage|p1b: \u8bf6\u4f60\u600e\u4e48\u6b7b\u4e86?\u267f\u267f\u267f|24/100\n|move|p1b: \u8bf6\u4f60\u600e\u4e48\u6b7b\u4e86?\u267f\u267f\u267f|Astral Barrage|p2b: Brute Bonnet|[spread] p2b\n|-activate|p2a: Koraidon|move: Protect\n|-resisted|p2b: Brute Bonnet\n|-damage|p2b: Brute Bonnet|15/100\n|\n|-weather|SunnyDay|[upkeep]\n|upkeep\n|turn|4\n|inactive|Yx3003 has 30 seconds left.\n|\n|t:|1773725190\n|-curestatus|p1a: \u6211\u5927\u54e5|slp|[msg]\n|move|p1a: \u6211\u5927\u54e5|Follow Me|p1a: \u6211\u5927\u54e5\n|-singleturn|p1a: \u6211\u5927\u54e5|move: Follow Me\n|move|p2b: Brute Bonnet|Sucker Punch||[still]\n|-fail|p2b: Brute Bonnet\n|move|p2a: Koraidon|Flame Charge|p1a: \u6211\u5927\u54e5\n|-enditem|p1a: \u6211\u5927\u54e5|Focus Sash\n|-damage|p1a: \u6211\u5927\u54e5|1/100\n|-boost|p2a: Koraidon|spe|1\n|-damage|p2a: Koraidon|81/100|[from] item: Life Orb\n|move|p1b: \u8bf6\u4f60\u600e\u4e48\u6b7b\u4e86?\u267f\u267f\u267f|Astral Barrage|p2a: Koraidon|[spread] p2a,p2b\n|-resisted|p2b: Brute Bonnet\n|-damage|p2a: Koraidon|0 fnt\n|-damage|p2b: Brute Bonnet|0 fnt\n|faint|p2a: Koraidon\n|faint|p2b: Brute Bonnet\n|-end|p2b: Brute Bonnet|Protosynthesis|[silent]\n|-ability|p1b: \u8bf6\u4f60\u600e\u4e48\u6b7b\u4e86?\u267f\u267f\u267f|Grim Neigh|boost\n|-boost|p1b: \u8bf6\u4f60\u600e\u4e48\u6b7b\u4e86?\u267f\u267f\u267f|spa|2\n|\n|-weather|SunnyDay|[upkeep]\n|upkeep\n|\n|t:|1773725192\n|switch|p2a: Incineroar|Incineroar, L50, F|100/100\n|switch|p2b: Lunala|Lunala, L50|100/100\n|-ability|p2a: Incineroar|Intimidate|boost\n|-unboost|p1a: \u6211\u5927\u54e5|atk|1\n|-unboost|p1b: \u8bf6\u4f60\u600e\u4e48\u6b7b\u4e86?\u267f\u267f\u267f|atk|1\n|turn|5\n|\n|t:|1773725210\n|-terastallize|p2b: Lunala|Fairy\n|move|p2a: Incineroar|Fake Out|p1a: \u6211\u5927\u54e5\n|-damage|p1a: \u6211\u5927\u54e5|0 fnt\n|faint|p1a: \u6211\u5927\u54e5\n|move|p1b: \u8bf6\u4f60\u600e\u4e48\u6b7b\u4e86?\u267f\u267f\u267f|Astral Barrage|p2a: Incineroar|[spread] p2a,p2b\n|-resisted|p2a: Incineroar\n|-damage|p2a: Incineroar|29/100\n|-damage|p2b: Lunala|21/100\n|move|p2b: Lunala|Trick Room|p2b: Lunala\n|-fieldstart|move: Trick Room|[of] p2b: Lunala\n|\n|-weather|none\n|upkeep\n|\n|t:|1773725214\n|switch|p1a: \u5f3a\u8005\u5c31\u662f\u8981\u7f9e\u8fb1\u5f31\u8005\ud83d\udc36\ud83d\udc36\ud83d\udc36|Zamazenta-Crowned, L50|100/100\n|-ability|p1a: \u5f3a\u8005\u5c31\u662f\u8981\u7f9e\u8fb1\u5f31\u8005\ud83d\udc36\ud83d\udc36\ud83d\udc36|Dauntless Shield|boost\n|-boost|p1a: \u5f3a\u8005\u5c31\u662f\u8981\u7f9e\u8fb1\u5f31\u8005\ud83d\udc36\ud83d\udc36\ud83d\udc36|def|1\n|turn|6\n|\n|t:|1773725228\n|move|p2a: Incineroar|Flare Blitz|p1a: \u5f3a\u8005\u5c31\u662f\u8981\u7f9e\u8fb1\u5f31\u8005\ud83d\udc36\ud83d\udc36\ud83d\udc36\n|-supereffective|p1a: \u5f3a\u8005\u5c31\u662f\u8981\u7f9e\u8fb1\u5f31\u8005\ud83d\udc36\ud83d\udc36\ud83d\udc36\n|-damage|p1a: \u5f3a\u8005\u5c31\u662f\u8981\u7f9e\u8fb1\u5f31\u8005\ud83d\udc36\ud83d\udc36\ud83d\udc36|58/100\n|-damage|p2a: Incineroar|16/100|[from] Recoil\n|move|p2b: Lunala|Moongeist Beam|p1b: \u8bf6\u4f60\u600e\u4e48\u6b7b\u4e86?\u267f\u267f\u267f\n|-supereffective|p1b: \u8bf6\u4f60\u600e\u4e48\u6b7b\u4e86?\u267f\u267f\u267f\n|-damage|p1b: \u8bf6\u4f60\u600e\u4e48\u6b7b\u4e86?\u267f\u267f\u267f|0 fnt\n|faint|p1b: \u8bf6\u4f60\u600e\u4e48\u6b7b\u4e86?\u267f\u267f\u267f\n|move|p1a: \u5f3a\u8005\u5c31\u662f\u8981\u7f9e\u8fb1\u5f31\u8005\ud83d\udc36\ud83d\udc36\ud83d\udc36|Heavy Slam|p2b: Lunala\n|-supereffective|p2b: Lunala\n|-damage|p2b: Lunala|0 fnt\n|faint|p2b: Lunala\n|\n|upkeep\n|turn|7\n|\n|t:|1773725232\n|move|p2a: Incineroar|Flare Blitz|p1a: \u5f3a\u8005\u5c31\u662f\u8981\u7f9e\u8fb1\u5f31\u8005\ud83d\udc36\ud83d\udc36\ud83d\udc36\n|-supereffective|p1a: \u5f3a\u8005\u5c31\u662f\u8981\u7f9e\u8fb1\u5f31\u8005\ud83d\udc36\ud83d\udc36\ud83d\udc36\n|-damage|p1a: \u5f3a\u8005\u5c31\u662f\u8981\u7f9e\u8fb1\u5f31\u8005\ud83d\udc36\ud83d\udc36\ud83d\udc36|13/100\n|-damage|p2a: Incineroar|2/100|[from] Recoil\n|move|p1a: \u5f3a\u8005\u5c31\u662f\u8981\u7f9e\u8fb1\u5f31\u8005\ud83d\udc36\ud83d\udc36\ud83d\udc36|Body Press|p2a: Incineroar\n|-supereffective|p2a: Incineroar\n|-damage|p2a: Incineroar|0 fnt\n|faint|p2a: Incineroar\n|\n|win|BanKingambit69247\n|raw|BanKingambit69247's rating: 1486 &rarr; <strong>1503</strong><br />(+17 for winning)\n|raw|Yx3003's rating: 1430 &rarr; <strong>1413</strong><br />(-17 for losing)\n","uploadtime":1773725237,"views":13,"formatid":"gen9vgc2026regi","rating":1413,"private":0,"password":null}