{"id":"gen9vgc2026regi-2574088032","format":"[Gen 9] VGC 2026 Reg I","players":["highkage2","loosecannon69"],"log":"|j|\u203dhighkage2\n|j|\u2606loosecannon69\n|t:|1775199789\n|gametype|doubles\n|player|p1|highkage2|doubleteam|1511\n|player|p2|loosecannon69|serena|1384\n|gen|9\n|tier|[Gen 9] VGC 2026 Reg I\n|rated|\n|rule|Species Clause: Limit one of each Pok\u00e9mon\n|rule|Item Clause: Limit 1 of each item\n|clearpoke\n|poke|p1|Incineroar, L50, F|\n|poke|p1|Rillaboom, L50, M|\n|poke|p1|Landorus, L50, M|\n|poke|p1|Smeargle, L50, F|\n|poke|p1|Koraidon, L50|\n|poke|p1|Calyrex-Ice, L50|\n|poke|p2|Miraidon, L50|\n|poke|p2|Whimsicott, L50, F|\n|poke|p2|Ogerpon-Hearthflame, L50, F|\n|poke|p2|Farigiraf, L50, F|\n|poke|p2|Iron Hands, L50|\n|poke|p2|Calyrex-Ice, L50|\n|teampreview|4\n|inactive|Battle timer is ON: inactive players will automatically lose when time's up. (requested by highkage2)\n|\n|t:|1775199814\n|teamsize|p1|4\n|teamsize|p2|4\n|start\n|switch|p1a: Rillaboom|Rillaboom, L50, M|100/100\n|switch|p1b: Calyrex|Calyrex-Ice, L50|100/100\n|switch|p2a: Ogerpon|Ogerpon-Hearthflame, L50, F|100/100\n|switch|p2b: Iron Hands|Iron Hands, L50|100/100\n|-ability|p1b: Calyrex|As One\n|-ability|p1b: Calyrex|Unnerve\n|-ability|p2a: Ogerpon|Mold Breaker\n|-fieldstart|move: Grassy Terrain|[from] ability: Grassy Surge|[of] p1a: Rillaboom\n|turn|1\n|\n|t:|1775199831\n|switch|p1a: Incineroar|Incineroar, L50, F|100/100\n|-ability|p1a: Incineroar|Intimidate|boost\n|-unboost|p2a: Ogerpon|atk|1\n|-unboost|p2b: Iron Hands|atk|1\n|move|p2a: Ogerpon|Spiky Shield|p2a: Ogerpon\n|-singleturn|p2a: Ogerpon|move: Protect\n|move|p1b: Calyrex|Glacial Lance|p2a: Ogerpon|[spread] p2b\n|-activate|p2a: Ogerpon|move: Protect\n|-damage|p2b: Iron Hands|62/100\n|move|p2b: Iron Hands|Low Kick|p1b: Calyrex\n|-damage|p1b: Calyrex|73/100\n|\n|-heal|p1b: Calyrex|79/100|[from] Grassy Terrain\n|-heal|p1b: Calyrex|85/100|[from] item: Leftovers\n|-heal|p2b: Iron Hands|67/100|[from] Grassy Terrain\n|upkeep\n|turn|2\n|\n|t:|1775199855\n|switch|p2a: Calyrex|Calyrex-Ice, L50|100/100\n|-ability|p2a: Calyrex|As One\n|-ability|p2a: Calyrex|Unnerve\n|move|p1b: Calyrex|Protect|p1b: Calyrex\n|-singleturn|p1b: Calyrex|Protect\n|move|p1a: Incineroar|Parting Shot|p2b: Iron Hands\n|-unboost|p2b: Iron Hands|atk|1\n|-unboost|p2b: Iron Hands|spa|1\n|\n|t:|1775199865\n|switch|p1a: Rillaboom|Rillaboom, L50, M|100/100|[from] Parting Shot\n|move|p2b: Iron Hands|Drain Punch|p1a: Rillaboom\n|-damage|p1a: Rillaboom|80/100\n|-heal|p2b: Iron Hands|76/100|[from] drain|[of] p1a: Rillaboom\n|\n|-heal|p1a: Rillaboom|86/100|[from] Grassy Terrain\n|-heal|p1b: Calyrex|90/100|[from] Grassy Terrain\n|-heal|p1b: Calyrex|96/100|[from] item: Leftovers\n|-heal|p2b: Iron Hands|82/100|[from] Grassy Terrain\n|upkeep\n|turn|3\n|\n|t:|1775199881\n|-end|p2b: Iron Hands|Quark Drive|[silent]\n|switch|p2b: Ogerpon|Ogerpon-Hearthflame, L50, F|100/100\n|-ability|p2b: Ogerpon|Mold Breaker\n|move|p1a: Rillaboom|U-turn|p2b: Ogerpon\n|-damage|p2b: Ogerpon|70/100\n|\n|t:|1775199887\n|switch|p1a: Incineroar|Incineroar, L50, F|100/100|[from] U-turn\n|-ability|p1a: Incineroar|Intimidate|boost\n|-fail|p2a: Calyrex|unboost|[from] item: Clear Amulet|[of] p2a: Calyrex\n|-unboost|p2b: Ogerpon|atk|1\n|move|p2a: Calyrex|Glacial Lance|p1a: Incineroar|[spread] p1a,p1b\n|-resisted|p1a: Incineroar\n|-resisted|p1b: Calyrex\n|-damage|p1a: Incineroar|80/100\n|-damage|p1b: Calyrex|81/100\n|move|p1b: Calyrex|Leech Seed|p2a: Calyrex\n|-start|p2a: Calyrex|move: Leech Seed\n|\n|-heal|p2b: Ogerpon|76/100|[from] Grassy Terrain\n|-heal|p1a: Incineroar|86/100|[from] Grassy Terrain\n|-heal|p1b: Calyrex|87/100|[from] Grassy Terrain\n|-heal|p1b: Calyrex|93/100|[from] item: Leftovers\n|-damage|p2a: Calyrex|88/100|[from] Leech Seed|[of] p1b: Calyrex\n|-heal|p1b: Calyrex|100/100|[silent]\n|upkeep\n|turn|4\n|inactive|highkage2 has 30 seconds left.\n|\n|t:|1775199914\n|switch|p2a: Iron Hands|Iron Hands, L50|82/100\n|move|p2b: Ogerpon|Spiky Shield|p2b: Ogerpon\n|-singleturn|p2b: Ogerpon|move: Protect\n|move|p1a: Incineroar|Knock Off|p2a: Iron Hands\n|-resisted|p2a: Iron Hands\n|-damage|p2a: Iron Hands|69/100\n|-enditem|p2a: Iron Hands|Assault Vest|[from] move: Knock Off|[of] p1a: Incineroar\n|move|p1b: Calyrex|Glacial Lance|p2b: Ogerpon|[spread] p2a\n|-activate|p2b: Ogerpon|move: Protect\n|-damage|p2a: Iron Hands|30/100\n|\n|-heal|p2b: Ogerpon|82/100|[from] Grassy Terrain\n|-heal|p1a: Incineroar|92/100|[from] Grassy Terrain\n|-heal|p2a: Iron Hands|36/100|[from] Grassy Terrain\n|upkeep\n|turn|5\n|inactive|highkage2 has 30 seconds left.\n|\n|t:|1775199948\n|switch|p2b: Miraidon|Miraidon, L50|100/100\n|-fieldstart|move: Electric Terrain|[from] ability: Hadron Engine|[of] p2b: Miraidon\n|-activate|p2a: Iron Hands|ability: Quark Drive\n|-start|p2a: Iron Hands|quarkdriveatk\n|move|p1b: Calyrex|Protect|p1b: Calyrex\n|-singleturn|p1b: Calyrex|Protect\n|move|p2a: Iron Hands|Fake Out|p1b: Calyrex\n|-activate|p1b: Calyrex|move: Protect\n|move|p1a: Incineroar|Parting Shot|p2a: Iron Hands\n|-unboost|p2a: Iron Hands|atk|1\n|-unboost|p2a: Iron Hands|spa|1\n|\n|t:|1775199961\n|switch|p1a: Rillaboom|Rillaboom, L50, M|86/100|[from] Parting Shot\n|-fieldstart|move: Grassy Terrain|[from] ability: Grassy Surge|[of] p1a: Rillaboom\n|-end|p2a: Iron Hands|Quark Drive\n|\n|-heal|p1a: Rillaboom|92/100|[from] Grassy Terrain\n|-heal|p2a: Iron Hands|42/100|[from] Grassy Terrain\n|upkeep\n|turn|6\n|\n|t:|1775199972\n|switch|p2b: Ogerpon|Ogerpon-Hearthflame, L50, F|82/100\n|-ability|p2b: Ogerpon|Mold Breaker\n|-end|p2a: Iron Hands|Quark Drive|[silent]\n|switch|p2a: Calyrex|Calyrex-Ice, L50|88/100\n|-ability|p2a: Calyrex|As One\n|-ability|p2a: Calyrex|Unnerve\n|move|p1a: Rillaboom|U-turn|p2a: Calyrex\n|-supereffective|p2a: Calyrex\n|-damage|p2a: Calyrex|64/100\n|\n|t:|1775199985\n|switch|p1a: Incineroar|Incineroar, L50, F|92/100|[from] U-turn\n|-ability|p1a: Incineroar|Intimidate|boost\n|-fail|p2a: Calyrex|unboost|[from] item: Clear Amulet|[of] p2a: Calyrex\n|-unboost|p2b: Ogerpon|atk|1\n|move|p1b: Calyrex|Glacial Lance|p2b: Ogerpon|[spread] p2a,p2b\n|-resisted|p2a: Calyrex\n|-damage|p2a: Calyrex|49/100\n|-damage|p2b: Ogerpon|8/100\n|\n|-heal|p2b: Ogerpon|13/100|[from] Grassy Terrain\n|-heal|p1a: Incineroar|98/100|[from] Grassy Terrain\n|-heal|p2a: Calyrex|55/100|[from] Grassy Terrain\n|upkeep\n|turn|7\n|\n|t:|1775200003\n|move|p2a: Calyrex|Protect|p2a: Calyrex\n|-singleturn|p2a: Calyrex|Protect\n|move|p1a: Incineroar|Fake Out|p2b: Ogerpon\n|-damage|p2b: Ogerpon|0 fnt\n|faint|p2b: Ogerpon\n|move|p1b: Calyrex|Glacial Lance|p2a: Calyrex\n|-activate|p2a: Calyrex|move: Protect\n|\n|-heal|p1a: Incineroar|100/100|[from] Grassy Terrain\n|-heal|p2a: Calyrex|60/100|[from] Grassy Terrain\n|upkeep\n|\n|t:|1775200008\n|switch|p2b: Miraidon|Miraidon, L50|100/100\n|-fieldstart|move: Electric Terrain|[from] ability: Hadron Engine|[of] p2b: Miraidon\n|turn|8\n|\n|t:|1775200030\n|switch|p1a: Rillaboom|Rillaboom, L50, M|92/100\n|-fieldstart|move: Grassy Terrain|[from] ability: Grassy Surge|[of] p1a: Rillaboom\n|move|p2b: Miraidon|Draco Meteor|p1b: Calyrex\n|-crit|p1b: Calyrex\n|-damage|p1b: Calyrex|0 fnt\n|-unboost|p2b: Miraidon|spa|2\n|faint|p1b: Calyrex\n|move|p2a: Calyrex|High Horsepower|p1a: Rillaboom\n|-resisted|p1a: Rillaboom\n|-damage|p1a: Rillaboom|74/100\n|\n|-heal|p1a: Rillaboom|80/100|[from] Grassy Terrain\n|-heal|p2a: Calyrex|66/100|[from] Grassy Terrain\n|upkeep\n|\n|t:|1775200043\n|switch|p1b: Koraidon|Koraidon, L50|100/100\n|-weather|SunnyDay|[from] ability: Orichalcum Pulse|[of] p1b: Koraidon\n|-activate|p1b: Koraidon|Orichalcum Pulse|[source]\n|turn|9\n|inactive|highkage2 has 30 seconds left.\n|\n|t:|1775200070\n|switch|p2b: Iron Hands|Iron Hands, L50|42/100\n|-terastallize|p1b: Koraidon|Fire\n|-terastallize|p2a: Calyrex|Fire\n|move|p1b: Koraidon|Low Kick|p2b: Iron Hands\n|-damage|p2b: Iron Hands|0 fnt\n|faint|p2b: Iron Hands\n|-end|p2b: Iron Hands|Quark Drive|[silent]\n|move|p1a: Rillaboom|U-turn|p2a: Calyrex\n|-resisted|p2a: Calyrex\n|-damage|p2a: Calyrex|60/100\n|\n|t:|1775200082\n|switch|p1a: Incineroar|Incineroar, L50, F|100/100|[from] U-turn\n|-ability|p1a: Incineroar|Intimidate|boost\n|-fail|p2a: Calyrex|unboost|[from] item: Clear Amulet|[of] p2a: Calyrex\n|move|p2a: Calyrex|Trick Room|p2a: Calyrex\n|-fieldstart|move: Trick Room|[of] p2a: Calyrex\n|\n|-weather|SunnyDay|[upkeep]\n|-heal|p2a: Calyrex|66/100|[from] Grassy Terrain\n|upkeep\n|\n|t:|1775200088\n|switch|p2b: Miraidon|Miraidon, L50|100/100\n|-fieldstart|move: Electric Terrain|[from] ability: Hadron Engine|[of] p2b: Miraidon\n|turn|10\n|\n|t:|1775200103\n|move|p1a: Incineroar|Fake Out|p2b: Miraidon\n|-damage|p2b: Miraidon|90/100\n|move|p2a: Calyrex|High Horsepower|p1a: Incineroar\n|-supereffective|p1a: Incineroar\n|-damage|p1a: Incineroar|47/100\n|move|p1b: Koraidon|Low Kick|p2b: Miraidon\n|-damage|p2b: Miraidon|0 fnt\n|faint|p2b: Miraidon\n|\n|-weather|SunnyDay|[upkeep]\n|upkeep\n|turn|11\n|\n|t:|1775200123\n|move|p2a: Calyrex|High Horsepower|p1b: Koraidon\n|-supereffective|p1b: Koraidon\n|-damage|p1b: Koraidon|33/100\n|move|p1a: Incineroar|Knock Off|p2a: Calyrex\n|-damage|p2a: Calyrex|43/100\n|-enditem|p2a: Calyrex|Clear Amulet|[from] move: Knock Off|[of] p1a: Incineroar\n|move|p1b: Koraidon|Low Kick|p2a: Calyrex\n|-damage|p2a: Calyrex|0 fnt\n|faint|p2a: Calyrex\n|\n|win|highkage2\n|raw|highkage2's rating: 1511 &rarr; <strong>1524</strong><br />(+13 for winning)\n|raw|loosecannon69's rating: 1384 &rarr; <strong>1371</strong><br />(-13 for losing)\n|l|\u2606loosecannon69\n|player|p2|\n","uploadtime":1775200353,"views":12,"formatid":"gen9vgc2026regi","rating":1371,"private":0,"password":null}