{"id":"gen9vgc2026regi-2518576035","format":"[Gen 9] VGC 2026 Reg I","players":["bescheiro","ScribbleScribble"],"log":"|j|\u2606bescheiro\n|j|\u2606ScribbleScribble\n|t:|1768406257\n|gametype|doubles\n|player|p1|bescheiro|101|1263\n|player|p2|ScribbleScribble|mina-lgpe|1387\n|gen|9\n|tier|[Gen 9] VGC 2026 Reg I\n|rated|\n|rule|Species Clause: Limit one of each Pok\u00e9mon\n|rule|Item Clause: Limit 1 of each item\n|clearpoke\n|poke|p1|Koraidon, L50|\n|poke|p1|Lunala, L50|\n|poke|p1|Chi-Yu, L50|\n|poke|p1|Flutter Mane, L50|\n|poke|p1|Brute Bonnet, L50|\n|poke|p1|Ursaluna, L50, M|\n|poke|p2|Calyrex-Ice, L50|\n|poke|p2|Kyogre, L50|\n|poke|p2|Tornadus, L50, M|\n|poke|p2|Indeedee-F, L50, F|\n|poke|p2|Urshifu-*, L50, M|\n|poke|p2|Landorus, L50, M|\n|teampreview|4\n|inactive|Battle timer is ON: inactive players will automatically lose when time's up. (requested by ScribbleScribble)\n|inactive|bescheiro also wants the timer to be on.\n|inactive|bescheiro has 60 seconds left.\n|\n|t:|1768406303\n|teamsize|p1|4\n|teamsize|p2|4\n|start\n|switch|p1a: Chi-Yu|Chi-Yu, L50|100/100\n|switch|p1b: Brute Bonnet|Brute Bonnet, L50|100/100\n|switch|p2a: Tornadus|Tornadus, L50, M|100/100\n|switch|p2b: Landorus|Landorus, L50, M|100/100\n|-ability|p1a: Chi-Yu|Beads of Ruin\n|turn|1\n|inactive|bescheiro has 30 seconds left.\n|\n|t:|1768406330\n|-terastallize|p2b: Landorus|Poison\n|-terastallize|p1b: Brute Bonnet|Water\n|move|p2a: Tornadus|Tailwind|p2a: Tornadus\n|-sidestart|p2: ScribbleScribble|move: Tailwind\n|move|p2b: Landorus|Sludge Bomb|p1b: Brute Bonnet\n|-damage|p1b: Brute Bonnet|25/100\n|-enditem|p1b: Brute Bonnet|Sitrus Berry|[eat]\n|-heal|p1b: Brute Bonnet|50/100|[from] item: Sitrus Berry\n|move|p1a: Chi-Yu|Overheat|p2b: Landorus\n|-damage|p2b: Landorus|0 fnt\n|-unboost|p1a: Chi-Yu|spa|2\n|faint|p2b: Landorus\n|move|p1b: Brute Bonnet|Spore|p2a: Tornadus\n|-status|p2a: Tornadus|slp|[from] move: Spore\n|\n|upkeep\n|inactive|ScribbleScribble has 30 seconds left.\n|inactive|ScribbleScribble has 20 seconds left.\n|inactive|ScribbleScribble has 15 seconds left.\n|inactive|ScribbleScribble has 10 seconds left.\n|inactive|ScribbleScribble has 5 seconds left.\n|\n|t:|1768406384\n|switch|p2b: Kyogre|Kyogre, L50|100/100\n|-weather|RainDance|[from] ability: Drizzle|[of] p2b: Kyogre\n|turn|2\n|\n|t:|1768406392\n|switch|p1a: Koraidon|Koraidon, L50|100/100\n|-weather|SunnyDay|[from] ability: Orichalcum Pulse|[of] p1a: Koraidon\n|-activate|p1b: Brute Bonnet|ability: Protosynthesis\n|-start|p1b: Brute Bonnet|protosynthesisdef\n|-activate|p1a: Koraidon|Orichalcum Pulse|[source]\n|cant|p2a: Tornadus|slp\n|move|p2b: Kyogre|Thunder|p1b: Brute Bonnet\n|-supereffective|p1b: Brute Bonnet\n|-damage|p1b: Brute Bonnet|0 fnt\n|faint|p1b: Brute Bonnet\n|-end|p1b: Brute Bonnet|Protosynthesis|[silent]\n|\n|-weather|SunnyDay|[upkeep]\n|upkeep\n|\n|t:|1768406404\n|switch|p1b: Chi-Yu|Chi-Yu, L50|100/100\n|-ability|p1b: Chi-Yu|Beads of Ruin\n|turn|3\n|\n|t:|1768406427\n|move|p2b: Kyogre|Protect|p2b: Kyogre\n|-singleturn|p2b: Kyogre|Protect\n|cant|p2a: Tornadus|slp\n|move|p1b: Chi-Yu|Heat Wave|p2b: Kyogre|[spread] p2a\n|-activate|p2b: Kyogre|move: Protect\n|-enditem|p2a: Tornadus|Focus Sash\n|-damage|p2a: Tornadus|1/100 slp\n|move|p1a: Koraidon|Close Combat|p2b: Kyogre\n|-activate|p2b: Kyogre|move: Protect\n|\n|-weather|SunnyDay|[upkeep]\n|upkeep\n|turn|4\n|inactive|bescheiro has 30 seconds left.\n|inactive|bescheiro has 20 seconds left.\n|inactive|bescheiro has 15 seconds left.\n|inactive|bescheiro has 10 seconds left.\n|\n|t:|1768406476\n|-curestatus|p2a: Tornadus|slp|[msg]\n|move|p2a: Tornadus|Rain Dance|p2a: Tornadus\n|-weather|RainDance\n|move|p2b: Kyogre|Water Spout|p1b: Chi-Yu|[spread] p1a,p1b\n|-resisted|p1a: Koraidon\n|-supereffective|p1b: Chi-Yu\n|-damage|p1a: Koraidon|19/100\n|-damage|p1b: Chi-Yu|0 fnt\n|faint|p1b: Chi-Yu\n|move|p1a: Koraidon|Close Combat|p2b: Kyogre\n|-damage|p2b: Kyogre|18/100\n|-unboost|p1a: Koraidon|def|1\n|-unboost|p1a: Koraidon|spd|1\n|-damage|p1a: Koraidon|10/100|[from] item: Life Orb\n|\n|-weather|RainDance|[upkeep]\n|-sideend|p2: ScribbleScribble|move: Tailwind\n|upkeep\n|\n|t:|1768406485\n|switch|p1b: Flutter Mane|Flutter Mane, L50|100/100\n|turn|5\n|\n|t:|1768406498\n|move|p2a: Tornadus|Tailwind|p2a: Tornadus\n|-sidestart|p2: ScribbleScribble|move: Tailwind\n|move|p2b: Kyogre|Water Spout|p1b: Flutter Mane|[spread] p1a,p1b\n|-resisted|p1a: Koraidon\n|-damage|p1a: Koraidon|0 fnt\n|-damage|p1b: Flutter Mane|77/100\n|faint|p1a: Koraidon\n|move|p1b: Flutter Mane|Icy Wind|p2b: Kyogre|[spread] p2a,p2b\n|-supereffective|p2a: Tornadus\n|-resisted|p2b: Kyogre\n|-damage|p2a: Tornadus|0 fnt\n|-damage|p2b: Kyogre|13/100\n|-unboost|p2b: Kyogre|spe|1\n|faint|p2a: Tornadus\n|\n|-weather|RainDance|[upkeep]\n|upkeep\n|\n|t:|1768406500\n|switch|p2a: Calyrex|Calyrex-Ice, L50|100/100\n|-ability|p2a: Calyrex|As One\n|-ability|p2a: Calyrex|Unnerve\n|turn|6\n|\n|t:|1768406516\n|move|p2a: Calyrex|Glacial Lance|p1b: Flutter Mane\n|-damage|p1b: Flutter Mane|0 fnt\n|faint|p1b: Flutter Mane\n|-end|p1b: Flutter Mane|Protosynthesis|[silent]\n|\n|win|ScribbleScribble\n|raw|bescheiro's rating: 1263 &rarr; <strong>1246</strong><br />(-17 for losing)\n|raw|ScribbleScribble's rating: 1381 &rarr; <strong>1394</strong><br />(+13 for winning)\n|l|\u2606bescheiro\n|player|p1|\n|l|\u2606ScribbleScribble\n|player|p2|\n","uploadtime":1768406654,"views":12,"formatid":"gen9vgc2026regi","rating":1246,"private":0,"password":null}