{"id":"gen9vgc2026regi-2515891492","format":"[Gen 9] VGC 2026 Reg I","players":["ragionBolte","blackred123\u6c38\u96cf\u5854\u83f2\u4fa0"],"log":"|j|\u2606ragionBolte\n|j|\u2606blackred123\u6c38\u96cf\u5854\u83f2\u4fa0\n|t:|1768056942\n|gametype|doubles\n|player|p1|ragionBolte|266|1306\n|player|p2|blackred123\u6c38\u96cf\u5854\u83f2\u4fa0|iono-masters|1382\n|gen|9\n|tier|[Gen 9] VGC 2026 Reg I\n|rated|\n|rule|Species Clause: Limit one of each Pok\u00e9mon\n|rule|Item Clause: Limit 1 of each item\n|clearpoke\n|poke|p1|Calyrex-Shadow, L50|\n|poke|p1|Dragonite, L50, M|\n|poke|p1|Incineroar, L50, M|\n|poke|p1|Ho-Oh, L50|\n|poke|p1|Ogerpon-Wellspring, L50, F|\n|poke|p1|Urshifu-*, L50, M|\n|poke|p2|Calyrex-Shadow, L50|\n|poke|p2|Koraidon, L50|\n|poke|p2|Brute Bonnet, L50|\n|poke|p2|Landorus, L50, M|\n|poke|p2|Raging Bolt, L50|\n|poke|p2|Incineroar, L50, M|\n|teampreview|4\n|inactive|Battle timer is ON: inactive players will automatically lose when time's up. (requested by blackred123\u6c38\u96cf\u5854\u83f2\u4fa0)\n|inactive|blackred123\u6c38\u96cf\u5854\u83f2\u4fa0 has 60 seconds left.\n|\n|t:|1768056977\n|teamsize|p1|4\n|teamsize|p2|4\n|start\n|switch|p1a: Calyrex|Calyrex-Shadow, L50|100/100\n|switch|p1b: Ho-Oh|Ho-Oh, L50|100/100\n|switch|p2a: Koraidon|Koraidon, L50|100/100\n|switch|p2b: \u5146\u7ea7\u7535\u538b|Raging Bolt, L50|100/100\n|-ability|p1a: Calyrex|As One\n|-ability|p1a: Calyrex|Unnerve\n|-weather|SunnyDay|[from] ability: Orichalcum Pulse|[of] p2a: Koraidon\n|-activate|p2b: \u5146\u7ea7\u7535\u538b|ability: Protosynthesis\n|-start|p2b: \u5146\u7ea7\u7535\u538b|protosynthesisspa\n|-activate|p2a: Koraidon|Orichalcum Pulse|[source]\n|turn|1\n|inactive|ragionBolte has 30 seconds left.\n|inactive|blackred123\u6c38\u96cf\u5854\u83f2\u4fa0 has 30 seconds left.\n|inactive|blackred123\u6c38\u96cf\u5854\u83f2\u4fa0 has 20 seconds left.\n|\n|t:|1768057014\n|-terastallize|p2a: Koraidon|Fire\n|move|p1a: Calyrex|Protect|p1a: Calyrex\n|-singleturn|p1a: Calyrex|Protect\n|move|p2b: \u5146\u7ea7\u7535\u538b|Thunderclap||[still]\n|-fail|p2b: \u5146\u7ea7\u7535\u538b\n|move|p2a: Koraidon|Flame Charge|p1a: Calyrex\n|-activate|p1a: Calyrex|move: Protect\n|move|p1b: Ho-Oh|Tailwind|p1b: Ho-Oh\n|-sidestart|p1: ragionBolte|move: Tailwind\n|\n|-weather|SunnyDay|[upkeep]\n|upkeep\n|turn|2\n|\n|t:|1768057037\n|move|p2b: \u5146\u7ea7\u7535\u538b|Thunderclap|p1a: Calyrex\n|-damage|p1a: Calyrex|49/100\n|move|p1a: Calyrex|Astral Barrage|p2a: Koraidon|[spread] p2a,p2b\n|-damage|p2a: Koraidon|57/100\n|-damage|p2b: \u5146\u7ea7\u7535\u538b|73/100\n|move|p1b: Ho-Oh|Brave Bird|p2a: Koraidon\n|-damage|p2a: Koraidon|9/100\n|-damage|p1b: Ho-Oh|85/100|[from] Recoil\n|move|p2a: Koraidon|Flame Charge|p1a: Calyrex\n|-damage|p1a: Calyrex|0 fnt\n|-boost|p2a: Koraidon|spe|1\n|faint|p1a: Calyrex\n|\n|-weather|SunnyDay|[upkeep]\n|upkeep\n|\n|t:|1768057059\n|switch|p1a: Dragonite|Dragonite, L50, M|100/100\n|turn|3\n|\n|t:|1768057071\n|-terastallize|p1b: Ho-Oh|Grass\n|move|p2a: Koraidon|Protect|p2a: Koraidon\n|-singleturn|p2a: Koraidon|Protect\n|move|p1a: Dragonite|Extreme Speed|p2a: Koraidon\n|-activate|p2a: Koraidon|move: Protect\n|move|p2b: \u5146\u7ea7\u7535\u538b|Thunderclap|p1b: Ho-Oh\n|-resisted|p1b: Ho-Oh\n|-damage|p1b: Ho-Oh|70/100\n|move|p1b: Ho-Oh|Sacred Fire|p2b: \u5146\u7ea7\u7535\u538b\n|-resisted|p2b: \u5146\u7ea7\u7535\u538b\n|-damage|p2b: \u5146\u7ea7\u7535\u538b|40/100\n|-status|p2b: \u5146\u7ea7\u7535\u538b|brn\n|\n|-weather|SunnyDay|[upkeep]\n|-damage|p2b: \u5146\u7ea7\u7535\u538b|34/100 brn|[from] brn\n|upkeep\n|turn|4\n|\n|t:|1768057095\n|switch|p2a: Incineroar|Incineroar, L50, M|100/100\n|-ability|p2a: Incineroar|Intimidate|boost\n|-unboost|p1a: Dragonite|atk|1\n|-fail|p1b: Ho-Oh|unboost|[from] item: Clear Amulet|[of] p1b: Ho-Oh\n|move|p1a: Dragonite|Extreme Speed|p2a: Incineroar\n|-damage|p2a: Incineroar|80/100\n|-damage|p1a: Dragonite|84/100|[from] item: Rocky Helmet|[of] p2a: Incineroar\n|move|p2b: \u5146\u7ea7\u7535\u538b|Thunderclap||[still]\n|-fail|p2b: \u5146\u7ea7\u7535\u538b\n|move|p1b: Ho-Oh|Sacred Fire|p2a: Incineroar\n|-resisted|p2a: Incineroar\n|-crit|p2a: Incineroar\n|-damage|p2a: Incineroar|17/100\n|\n|-weather|SunnyDay|[upkeep]\n|-damage|p2b: \u5146\u7ea7\u7535\u538b|28/100 brn|[from] brn\n|-sideend|p1: ragionBolte|move: Tailwind\n|upkeep\n|turn|5\n|\n|t:|1768057120\n|switch|p1a: Ogerpon|Ogerpon-Wellspring, L50, F|100/100\n|move|p1b: Ho-Oh|Protect|p1b: Ho-Oh\n|-singleturn|p1b: Ho-Oh|Protect\n|move|p2a: Incineroar|Fake Out|p1a: Ogerpon\n|-damage|p1a: Ogerpon|91/100\n|move|p2b: \u5146\u7ea7\u7535\u538b|Thunderbolt|p1a: Ogerpon\n|-damage|p1a: Ogerpon|33/100\n|\n|-weather|none\n|-end|p2b: \u5146\u7ea7\u7535\u538b|Protosynthesis\n|-damage|p2b: \u5146\u7ea7\u7535\u538b|22/100 brn|[from] brn\n|upkeep\n|turn|6\n|\n|t:|1768057140\n|move|p2a: Incineroar|Helping Hand|p2b: \u5146\u7ea7\u7535\u538b\n|-singleturn|p2b: \u5146\u7ea7\u7535\u538b|Helping Hand|[of] p2a: Incineroar\n|move|p1a: Ogerpon|Follow Me|p1a: Ogerpon\n|-singleturn|p1a: Ogerpon|move: Follow Me\n|move|p2b: \u5146\u7ea7\u7535\u538b|Thunderclap||[still]\n|-fail|p2b: \u5146\u7ea7\u7535\u538b\n|move|p1b: Ho-Oh|Tailwind|p1b: Ho-Oh\n|-sidestart|p1: ragionBolte|move: Tailwind\n|\n|-damage|p2b: \u5146\u7ea7\u7535\u538b|15/100 brn|[from] brn\n|upkeep\n|turn|7\n|inactive|blackred123\u6c38\u96cf\u5854\u83f2\u4fa0 has 30 seconds left.\n|\n|t:|1768057166\n|switch|p2a: Koraidon|Koraidon, L50, tera:Fire|9/100\n|-weather|SunnyDay|[from] ability: Orichalcum Pulse|[of] p2a: Koraidon\n|-activate|p2b: \u5146\u7ea7\u7535\u538b|ability: Protosynthesis\n|-start|p2b: \u5146\u7ea7\u7535\u538b|protosynthesisspa\n|-activate|p2a: Koraidon|Orichalcum Pulse|[source]\n|move|p2b: \u5146\u7ea7\u7535\u538b|Thunderclap|p1a: Ogerpon\n|-damage|p1a: Ogerpon|0 fnt\n|faint|p1a: Ogerpon\n|move|p1b: Ho-Oh|Sacred Fire|p2a: Koraidon\n|-resisted|p2a: Koraidon\n|-crit|p2a: Koraidon\n|-damage|p2a: Koraidon|0 fnt\n|faint|p2a: Koraidon\n|\n|-weather|SunnyDay|[upkeep]\n|-damage|p2b: \u5146\u7ea7\u7535\u538b|9/100 brn|[from] brn\n|upkeep\n|\n|t:|1768057182\n|switch|p2a: Incineroar|Incineroar, L50, M|17/100\n|switch|p1a: Dragonite|Dragonite, L50, M|84/100\n|-ability|p2a: Incineroar|Intimidate|boost\n|-unboost|p1a: Dragonite|atk|1\n|-fail|p1b: Ho-Oh|unboost|[from] item: Clear Amulet|[of] p1b: Ho-Oh\n|turn|8\n|\n|t:|1768057206\n|move|p2a: Incineroar|Fake Out|p1a: Dragonite\n|-damage|p1a: Dragonite|73/100\n|cant|p1a: Dragonite|flinch\n|move|p1b: Ho-Oh|Brave Bird|p2b: \u5146\u7ea7\u7535\u538b\n|-resisted|p2b: \u5146\u7ea7\u7535\u538b\n|-damage|p2b: \u5146\u7ea7\u7535\u538b|0 fnt\n|faint|p2b: \u5146\u7ea7\u7535\u538b\n|-end|p2b: \u5146\u7ea7\u7535\u538b|Protosynthesis|[silent]\n|-damage|p1b: Ho-Oh|67/100|[from] Recoil\n|\n|-weather|SunnyDay|[upkeep]\n|upkeep\n|\n|t:|1768057213\n|switch|p2b: Calyrex|Calyrex-Shadow, L50|100/100\n|-ability|p2b: Calyrex|As One\n|-ability|p2b: Calyrex|Unnerve\n|turn|9\n|\n|t:|1768057235\n|move|p2a: Incineroar|Helping Hand|p2b: Calyrex\n|-singleturn|p2b: Calyrex|Helping Hand|[of] p2a: Incineroar\n|move|p1a: Dragonite|Scale Shot|p2a: Incineroar\n|-damage|p2a: Incineroar|6/100\n|-damage|p2a: Incineroar|0 fnt\n|faint|p2a: Incineroar\n|-hitcount|p2: Incineroar|2\n|-unboost|p1a: Dragonite|def|1\n|-boost|p1a: Dragonite|spe|1\n|move|p1b: Ho-Oh|Sacred Fire|p2b: Calyrex\n|-enditem|p2b: Calyrex|Focus Sash\n|-damage|p2b: Calyrex|1/100\n|-status|p2b: Calyrex|brn\n|move|p2b: Calyrex|Astral Barrage|p1a: Dragonite|[spread] p1a,p1b\n|-damage|p1a: Dragonite|0 fnt\n|-damage|p1b: Ho-Oh|24/100\n|faint|p1a: Dragonite\n|-ability|p2b: Calyrex|Grim Neigh|boost\n|-boost|p2b: Calyrex|spa|1\n|\n|-weather|SunnyDay|[upkeep]\n|-damage|p2b: Calyrex|0 fnt|[from] brn\n|faint|p2b: Calyrex\n|\n|win|ragionBolte\n|raw|ragionBolte's rating: 1306 &rarr; <strong>1330</strong><br />(+24 for winning)\n|raw|blackred123\u6c38\u96cf\u5854\u83f2\u4fa0's rating: 1382 &rarr; <strong>1358</strong><br />(-24 for losing)\n|j| QAQeee\u5609\u7136\u4fa0\n|l| QAQeee\u5609\u7136\u4fa0\n|j| QAQeee\u5609\u7136\u4fa0\n|l| QAQeee\u5609\u7136\u4fa0\n","uploadtime":1768057285,"views":17,"formatid":"gen9vgc2026regi","rating":1330,"private":0,"password":null}