{"id":"gen9vgc2026regi-2530603520","format":"[Gen 9] VGC 2026 Reg I","players":["wmjjqz","blackred123"],"log":"|j|\u2606wmjjqz\n|j|\u2606blackred123\n|t:|1769947943\n|gametype|doubles\n|player|p1|wmjjqz|furisodegirl-black|\n|player|p2|blackred123|iono-masters|\n|gen|9\n|tier|[Gen 9] VGC 2026 Reg I\n|rule|Species Clause: Limit one of each Pok\u00e9mon\n|rule|Item Clause: Limit 1 of each item\n|clearpoke\n|poke|p1|Zacian-*, L50|\n|poke|p1|Kyogre, L50|\n|poke|p1|Amoonguss, L50, F|\n|poke|p1|Incineroar, L50, M|\n|poke|p1|Urshifu-*, L50, M|\n|poke|p1|Iron Jugulis, L50|\n|poke|p2|Incineroar, L50, F|\n|poke|p2|Miraidon, L50|\n|poke|p2|Calyrex-Ice, L50|\n|poke|p2|Urshifu-*, L50, M|\n|poke|p2|Landorus, L50, M|\n|poke|p2|Amoonguss, L50, F|\n|teampreview|4\n|inactive|Battle timer is ON: inactive players will automatically lose when time's up. (requested by blackred123)\n|inactive|wmjjqz also wants the timer to be on.\n|inactive|wmjjqz has 60 seconds left.\n|inactive|blackred123 has 60 seconds left.\n|\n|t:|1769947995\n|teamsize|p1|4\n|teamsize|p2|4\n|start\n|switch|p1a: \u4e3b\u4eba\ud83d\ude2d\ud83e\udd75|Incineroar, L50, M|100/100\n|switch|p1b: \u53eb\u6211\u4e3b\u4eba\ud83d\ude21|Urshifu-Rapid-Strike, L50, M|100/100\n|switch|p2a: Urshifu|Urshifu-Rapid-Strike, L50, M|100/100\n|switch|p2b: Incineroar|Incineroar, L50, F|100/100\n|-ability|p1a: \u4e3b\u4eba\ud83d\ude2d\ud83e\udd75|Intimidate|boost\n|-unboost|p2a: Urshifu|atk|1\n|-unboost|p2b: Incineroar|atk|1\n|-ability|p2b: Incineroar|Intimidate|boost\n|-unboost|p1a: \u4e3b\u4eba\ud83d\ude2d\ud83e\udd75|atk|1\n|-unboost|p1b: \u53eb\u6211\u4e3b\u4eba\ud83d\ude21|atk|1\n|turn|1\n|inactive|blackred123 has 30 seconds left.\n|inactive|wmjjqz has 30 seconds left.\n|\n|t:|1769948026\n|switch|p2a: Miraidon|Miraidon, L50|100/100\n|-fieldstart|move: Electric Terrain|[from] ability: Hadron Engine|[of] p2a: Miraidon\n|move|p1a: \u4e3b\u4eba\ud83d\ude2d\ud83e\udd75|Fake Out|p2a: Miraidon\n|-damage|p2a: Miraidon|94/100\n|move|p2b: Incineroar|Fake Out|p1b: \u53eb\u6211\u4e3b\u4eba\ud83d\ude21\n|-damage|p1b: \u53eb\u6211\u4e3b\u4eba\ud83d\ude21|93/100\n|cant|p1b: \u53eb\u6211\u4e3b\u4eba\ud83d\ude21|flinch\n|\n|upkeep\n|turn|2\n|inactive|blackred123 has 30 seconds left.\n|\n|t:|1769948057\n|switch|p2b: Urshifu|Urshifu-Rapid-Strike, L50, M|100/100\n|move|p2a: Miraidon|Volt Switch|p1a: \u4e3b\u4eba\ud83d\ude2d\ud83e\udd75\n|-damage|p1a: \u4e3b\u4eba\ud83d\ude2d\ud83e\udd75|32/100\n|\n|t:|1769948063\n|switch|p2a: Incineroar|Incineroar, L50, F|100/100|[from] Volt Switch\n|-ability|p2a: Incineroar|Intimidate|boost\n|-unboost|p1a: \u4e3b\u4eba\ud83d\ude2d\ud83e\udd75|atk|1\n|-unboost|p1b: \u53eb\u6211\u4e3b\u4eba\ud83d\ude21|atk|1\n|move|p1b: \u53eb\u6211\u4e3b\u4eba\ud83d\ude21|Surging Strikes|p2b: Urshifu\n|-resisted|p2b: Urshifu\n|-crit|p2b: Urshifu\n|-damage|p2b: Urshifu|91/100\n|-resisted|p2b: Urshifu\n|-crit|p2b: Urshifu\n|-damage|p2b: Urshifu|80/100\n|-resisted|p2b: Urshifu\n|-crit|p2b: Urshifu\n|-damage|p2b: Urshifu|70/100\n|-hitcount|p2b: Urshifu|3\n|move|p1a: \u4e3b\u4eba\ud83d\ude2d\ud83e\udd75|Parting Shot|p2a: Incineroar\n|-unboost|p2a: Incineroar|atk|1\n|-unboost|p2a: Incineroar|spa|1\n|\n|t:|1769948087\n|switch|p1a: \u9a6c\u5243\u5929\u7231\u661f|Kyogre, L50, shiny|100/100|[from] Parting Shot\n|-weather|RainDance|[from] ability: Drizzle|[of] p1a: \u9a6c\u5243\u5929\u7231\u661f\n|\n|-weather|RainDance|[upkeep]\n|upkeep\n|turn|3\n|j| QAQeee\u603b\u5bfc\u6f14\n|c| QAQeee\u603b\u5bfc\u6f14|\ud83d\udc40\n|inactive|blackred123 has 30 seconds left.\n|j| h1119\n|inactive|blackred123 has 20 seconds left.\n|\n|t:|1769948123\n|switch|p1b: \u4e3b\u4eba\ud83d\ude2d\ud83e\udd75|Incineroar, L50, M|32/100\n|-ability|p1b: \u4e3b\u4eba\ud83d\ude2d\ud83e\udd75|Intimidate|boost\n|-unboost|p2a: Incineroar|atk|1\n|-unboost|p2b: Urshifu|atk|1\n|switch|p2a: Miraidon|Miraidon, L50|94/100\n|-activate|p2a: Miraidon|ability: Hadron Engine\n|move|p2b: Urshifu|Close Combat|p1a: \u9a6c\u5243\u5929\u7231\u661f\n|-damage|p1a: \u9a6c\u5243\u5929\u7231\u661f|59/100\n|-unboost|p2b: Urshifu|def|1\n|-unboost|p2b: Urshifu|spd|1\n|move|p1a: \u9a6c\u5243\u5929\u7231\u661f|Origin Pulse|p2a: Miraidon|[spread] p2a,p2b\n|-resisted|p2a: Miraidon\n|-resisted|p2b: Urshifu\n|-damage|p2a: Miraidon|67/100\n|-damage|p2b: Urshifu|0 fnt\n|faint|p2b: Urshifu\n|\n|-weather|RainDance|[upkeep]\n|upkeep\n|\n|t:|1769948141\n|switch|p2b: Calyrex|Calyrex-Ice, L50|100/100\n|-ability|p2b: Calyrex|As One\n|-ability|p2b: Calyrex|Unnerve\n|turn|4\n|\n|t:|1769948156\n|-terastallize|p2a: Miraidon|Electric\n|-terastallize|p1a: \u9a6c\u5243\u5929\u7231\u661f|Electric\n|move|p2a: Miraidon|Electro Drift|p1a: \u9a6c\u5243\u5929\u7231\u661f\n|-resisted|p1a: \u9a6c\u5243\u5929\u7231\u661f\n|-damage|p1a: \u9a6c\u5243\u5929\u7231\u661f|30/100\n|move|p1a: \u9a6c\u5243\u5929\u7231\u661f|Ice Beam|p2a: Miraidon\n|-damage|p2a: Miraidon|37/100\n|move|p1b: \u4e3b\u4eba\ud83d\ude2d\ud83e\udd75|Will-O-Wisp|p2b: Calyrex|[miss]\n|-miss|p1b: \u4e3b\u4eba\ud83d\ude2d\ud83e\udd75|p2b: Calyrex\n|move|p2b: Calyrex|Trick Room|p2b: Calyrex\n|-fieldstart|move: Trick Room|[of] p2b: Calyrex\n|\n|-weather|RainDance|[upkeep]\n|upkeep\n|turn|5\n|inactive|wmjjqz has 30 seconds left.\n|inactive|blackred123 has 30 seconds left.\n|inactive|wmjjqz has 20 seconds left.\n|inactive|blackred123 has 20 seconds left.\n|inactive|wmjjqz has 15 seconds left.\n|inactive|blackred123 has 15 seconds left.\n|inactive|wmjjqz has 10 seconds left.\n|inactive|blackred123 has 10 seconds left.\n|inactive|wmjjqz has 5 seconds left.\n|\n|t:|1769948207\n|move|p2b: Calyrex|Glacial Lance|p1a: \u9a6c\u5243\u5929\u7231\u661f|[spread] p1a,p1b\n|-resisted|p1b: \u4e3b\u4eba\ud83d\ude2d\ud83e\udd75\n|-damage|p1a: \u9a6c\u5243\u5929\u7231\u661f|0 fnt\n|-damage|p1b: \u4e3b\u4eba\ud83d\ude2d\ud83e\udd75|2/100\n|faint|p1a: \u9a6c\u5243\u5929\u7231\u661f\n|-ability|p2b: Calyrex|Chilling Neigh|boost\n|-boost|p2b: Calyrex|atk|1\n|move|p1b: \u4e3b\u4eba\ud83d\ude2d\ud83e\udd75|Knock Off|p2b: Calyrex\n|-supereffective|p2b: Calyrex\n|-damage|p2b: Calyrex|56/100\n|-enditem|p2b: Calyrex|Leftovers|[from] move: Knock Off|[of] p1b: \u4e3b\u4eba\ud83d\ude2d\ud83e\udd75\n|move|p2a: Miraidon|Electro Drift|p1b: \u4e3b\u4eba\ud83d\ude2d\ud83e\udd75\n|-damage|p1b: \u4e3b\u4eba\ud83d\ude2d\ud83e\udd75|0 fnt\n|faint|p1b: \u4e3b\u4eba\ud83d\ude2d\ud83e\udd75\n|\n|-weather|RainDance|[upkeep]\n|-fieldend|move: Electric Terrain\n|upkeep\n|\n|t:|1769948221\n|switch|p1b: \u53eb\u6211\u4e3b\u4eba\ud83d\ude21|Urshifu-Rapid-Strike, L50, M|93/100\n|switch|p1a: \u963f\u5c14\u6258\u8389\u96c5|Zacian-Crowned, L50, shiny|100/100\n|-ability|p1a: \u963f\u5c14\u6258\u8389\u96c5|Intrepid Sword|boost\n|-boost|p1a: \u963f\u5c14\u6258\u8389\u96c5|atk|1\n|turn|6\n|inactive|blackred123 has 30 seconds left.\n|inactive|wmjjqz has 30 seconds left.\n|\n|t:|1769948261\n|switch|p2a: Incineroar|Incineroar, L50, F|100/100\n|-ability|p2a: Incineroar|Intimidate|boost\n|-unboost|p1a: \u963f\u5c14\u6258\u8389\u96c5|atk|1\n|-unboost|p1b: \u53eb\u6211\u4e3b\u4eba\ud83d\ude21|atk|1\n|move|p1a: \u963f\u5c14\u6258\u8389\u96c5|Behemoth Blade|p2a: Incineroar\n|-resisted|p2a: Incineroar\n|-damage|p2a: Incineroar|74/100\n|move|p1b: \u53eb\u6211\u4e3b\u4eba\ud83d\ude21|Surging Strikes|p2b: Calyrex\n|-crit|p2b: Calyrex\n|-damage|p2b: Calyrex|38/100\n|-crit|p2b: Calyrex\n|-damage|p2b: Calyrex|20/100\n|-crit|p2b: Calyrex\n|-damage|p2b: Calyrex|1/100\n|-hitcount|p2b: Calyrex|3\n|move|p2b: Calyrex|Trick Room|p2b: Calyrex\n|-fieldend|move: Trick Room\n|\n|-weather|none\n|upkeep\n|turn|7\n|inactive|blackred123 has 30 seconds left.\n|inactive|blackred123 has 20 seconds left.\n|inactive|blackred123 has 15 seconds left.\n|\n|t:|1769948306\n|move|p2a: Incineroar|Fake Out|p1a: \u963f\u5c14\u6258\u8389\u96c5\n|-resisted|p1a: \u963f\u5c14\u6258\u8389\u96c5\n|-damage|p1a: \u963f\u5c14\u6258\u8389\u96c5|95/100\n|move|p1b: \u53eb\u6211\u4e3b\u4eba\ud83d\ude21|Surging Strikes|p2b: Calyrex\n|-crit|p2b: Calyrex\n|-damage|p2b: Calyrex|0 fnt\n|faint|p2b: Calyrex\n|-hitcount|p2: Calyrex|1\n|cant|p1a: \u963f\u5c14\u6258\u8389\u96c5|flinch\n|\n|upkeep\n|\n|t:|1769948311\n|switch|p2b: Miraidon|Miraidon, L50, tera:Electric|37/100\n|-fieldstart|move: Electric Terrain|[from] ability: Hadron Engine|[of] p2b: Miraidon\n|turn|8\n|inactive|blackred123 has 30 seconds left.\n|inactive|blackred123 has 20 seconds left.\n|\n|t:|1769948347\n|move|p2b: Miraidon|Electro Drift|p1a: \u963f\u5c14\u6258\u8389\u96c5\n|-damage|p1a: \u963f\u5c14\u6258\u8389\u96c5|0 fnt\n|faint|p1a: \u963f\u5c14\u6258\u8389\u96c5\n|move|p1b: \u53eb\u6211\u4e3b\u4eba\ud83d\ude21|Surging Strikes|p2a: Incineroar\n|-supereffective|p2a: Incineroar\n|-crit|p2a: Incineroar\n|-damage|p2a: Incineroar|39/100\n|-supereffective|p2a: Incineroar\n|-crit|p2a: Incineroar\n|-damage|p2a: Incineroar|8/100\n|-supereffective|p2a: Incineroar\n|-crit|p2a: Incineroar\n|-damage|p2a: Incineroar|0 fnt\n|faint|p2a: Incineroar\n|-hitcount|p2: Incineroar|3\n|\n|upkeep\n|turn|9\n|\n|t:|1769948358\n|move|p2b: Miraidon|Electro Drift|p1b: \u53eb\u6211\u4e3b\u4eba\ud83d\ude21\n|-supereffective|p1b: \u53eb\u6211\u4e3b\u4eba\ud83d\ude21\n|-damage|p1b: \u53eb\u6211\u4e3b\u4eba\ud83d\ude21|0 fnt\n|faint|p1b: \u53eb\u6211\u4e3b\u4eba\ud83d\ude21\n|\n|win|blackred123\n","uploadtime":1769948363,"views":11,"formatid":"gen9vgc2026regi","rating":null,"private":0,"password":null}