{"id":"gen9vgc2026regi-2541348987","format":"[Gen 9] VGC 2026 Reg I","players":["EllenJoe2026","Low Tier Goodra"],"log":"|j|\u2606EllenJoe2026\n|j|\u2606Low Tier Goodra\n|t:|1771321890\n|gametype|doubles\n|player|p1|EllenJoe2026|iono|1431\n|player|p2|Low Tier Goodra|jasmine|1464\n|gen|9\n|tier|[Gen 9] VGC 2026 Reg I\n|rated|\n|rule|Species Clause: Limit one of each Pok\u00e9mon\n|rule|Item Clause: Limit 1 of each item\n|clearpoke\n|poke|p1|Calyrex-Ice, L50|\n|poke|p1|Miraidon, L50|\n|poke|p1|Tornadus, L50, M|\n|poke|p1|Urshifu-*, L50, F|\n|poke|p1|Grimmsnarl, L50, M|\n|poke|p1|Iron Hands, L50|\n|poke|p2|Calyrex-Ice, L50|\n|poke|p2|Kyogre, L50|\n|poke|p2|Sinistcha-Masterpiece, L50|\n|poke|p2|Rillaboom, L50, M|\n|poke|p2|Ursaluna, L50, M|\n|poke|p2|Incineroar, L50, M|\n|teampreview|4\n|inactive|Battle timer is ON: inactive players will automatically lose when time's up. (requested by EllenJoe2026)\n|\n|t:|1771321914\n|teamsize|p1|4\n|teamsize|p2|4\n|start\n|switch|p1a: Calyrex|Calyrex-Ice, L50|100/100\n|switch|p1b: Tornadus|Tornadus, L50, M, shiny|100/100\n|switch|p2a: Calyrex|Calyrex-Ice, L50|100/100\n|switch|p2b: Rillaboom|Rillaboom, L50, M|100/100\n|-ability|p1a: Calyrex|As One\n|-ability|p1a: Calyrex|Unnerve\n|-ability|p2a: Calyrex|As One\n|-ability|p2a: Calyrex|Unnerve\n|-fieldstart|move: Grassy Terrain|[from] ability: Grassy Surge|[of] p2b: Rillaboom\n|turn|1\n|\n|t:|1771321932\n|switch|p1b: Urshifu|Urshifu-Rapid-Strike, L50, F|100/100\n|move|p2b: Rillaboom|Fake Out|p1a: Calyrex\n|-damage|p1a: Calyrex|91/100\n|cant|p1a: Calyrex|flinch\n|move|p2a: Calyrex|Trick Room|p2a: Calyrex\n|-fieldstart|move: Trick Room|[of] p2a: Calyrex\n|\n|-heal|p1a: Calyrex|97/100|[from] Grassy Terrain\n|upkeep\n|turn|2\n|\n|t:|1771321956\n|switch|p1b: Tornadus|Tornadus, L50, M, shiny|100/100\n|-terastallize|p2b: Rillaboom|Water\n|move|p2a: Calyrex|Leech Seed|p1a: Calyrex\n|-start|p1a: Calyrex|move: Leech Seed\n|move|p1a: Calyrex|Imprison|p1a: Calyrex\n|-start|p1a: Calyrex|move: Imprison\n|move|p2b: Rillaboom|Wood Hammer|p1b: Tornadus\n|-resisted|p1b: Tornadus\n|-damage|p1b: Tornadus|59/100\n|-damage|p2b: Rillaboom|86/100|[from] Recoil\n|\n|-heal|p1a: Calyrex|100/100|[from] Grassy Terrain\n|-heal|p2b: Rillaboom|92/100|[from] Grassy Terrain\n|-damage|p1a: Calyrex|88/100|[from] Leech Seed|[of] p2a: Calyrex\n|upkeep\n|turn|3\n|inactive|EllenJoe2026 has 30 seconds left.\n|\n|t:|1771321986\n|switch|p1b: Urshifu|Urshifu-Rapid-Strike, L50, F|100/100\n|move|p2a: Calyrex|Leech Seed|p1b: Urshifu\n|-start|p1b: Urshifu|move: Leech Seed\n|move|p1a: Calyrex|Seed Bomb|p2b: Rillaboom\n|-supereffective|p2b: Rillaboom\n|-damage|p2b: Rillaboom|6/100\n|move|p2b: Rillaboom|Taunt|p1a: Calyrex\n|-start|p1a: Calyrex|move: Taunt\n|\n|-heal|p1a: Calyrex|94/100|[from] Grassy Terrain\n|-heal|p2b: Rillaboom|12/100|[from] Grassy Terrain\n|-damage|p1a: Calyrex|82/100|[from] Leech Seed|[of] p2a: Calyrex\n|-damage|p1b: Urshifu|88/100|[from] Leech Seed|[of] p2a: Calyrex\n|upkeep\n|turn|4\n|\n|t:|1771322008\n|switch|p1b: Tornadus|Tornadus, L50, M, shiny|59/100\n|move|p2a: Calyrex|Leech Seed|p1b: Tornadus\n|-start|p1b: Tornadus|move: Leech Seed\n|move|p1a: Calyrex|Glacial Lance|p2a: Calyrex|[spread] p2a,p2b\n|-resisted|p2a: Calyrex\n|-resisted|p2b: Rillaboom\n|-damage|p2a: Calyrex|85/100\n|-damage|p2b: Rillaboom|0 fnt\n|faint|p2b: Rillaboom\n|-ability|p1a: Calyrex|Chilling Neigh|boost\n|-boost|p1a: Calyrex|atk|1\n|\n|-heal|p2a: Calyrex|90/100|[from] Grassy Terrain\n|-heal|p1a: Calyrex|88/100|[from] Grassy Terrain\n|-damage|p1a: Calyrex|76/100|[from] Leech Seed|[of] p2a: Calyrex\n|-heal|p2a: Calyrex|100/100|[silent]\n|-damage|p1b: Tornadus|46/100|[from] Leech Seed|[of] p2a: Calyrex\n|upkeep\n|\n|t:|1771322015\n|switch|p2b: Kyogre|Kyogre, L50|100/100\n|-weather|RainDance|[from] ability: Drizzle|[of] p2b: Kyogre\n|turn|5\n|\n|t:|1771322023\n|move|p1b: Tornadus|Sunny Day|p1b: Tornadus\n|-weather|SunnyDay\n|move|p2b: Kyogre|Water Spout|p1a: Calyrex|[spread] p1a,p1b\n|-damage|p1a: Calyrex|53/100\n|-damage|p1b: Tornadus|16/100\n|move|p2a: Calyrex|Leech Seed||[still]\n|-fail|p2a: Calyrex\n|move|p1a: Calyrex|Seed Bomb|p2b: Kyogre\n|-supereffective|p2b: Kyogre\n|-damage|p2b: Kyogre|0 fnt\n|faint|p2b: Kyogre\n|-ability|p1a: Calyrex|Chilling Neigh|boost\n|-boost|p1a: Calyrex|atk|1\n|\n|-weather|SunnyDay|[upkeep]\n|-heal|p1a: Calyrex|58/100|[from] Grassy Terrain\n|-damage|p1a: Calyrex|46/100|[from] Leech Seed|[of] p2a: Calyrex\n|-damage|p1b: Tornadus|3/100|[from] Leech Seed|[of] p2a: Calyrex\n|-fieldend|move: Trick Room\n|-fieldend|move: Grassy Terrain\n|upkeep\n|\n|t:|1771322038\n|switch|p2b: Sinistcha|Sinistcha-Masterpiece, L50|100/100\n|turn|6\n|\n|t:|1771322051\n|switch|p1a: Urshifu|Urshifu-Rapid-Strike, L50, F|88/100\n|move|p2a: Calyrex|Protect|p2a: Calyrex\n|-singleturn|p2a: Calyrex|Protect\n|move|p1b: Tornadus|Tailwind|p1b: Tornadus\n|-sidestart|p1: EllenJoe2026|move: Tailwind\n|move|p2b: Sinistcha|Shadow Ball|p1a: Urshifu\n|-damage|p1a: Urshifu|16/100\n|-unboost|p1a: Urshifu|spd|1\n|\n|-weather|SunnyDay|[upkeep]\n|-damage|p1b: Tornadus|0 fnt|[from] Leech Seed|[of] p2a: Calyrex\n|faint|p1b: Tornadus\n|upkeep\n|\n|t:|1771322054\n|switch|p1b: Calyrex|Calyrex-Ice, L50|46/100\n|-ability|p1b: Calyrex|As One\n|-ability|p1b: Calyrex|Unnerve\n|turn|7\n|inactive|Low Tier Goodra has 30 seconds left.\n|inactive|Low Tier Goodra has 20 seconds left.\n|\n|t:|1771322090\n|-terastallize|p1b: Calyrex|Grass\n|move|p1a: Urshifu|U-turn|p2a: Calyrex\n|-supereffective|p2a: Calyrex\n|-damage|p2a: Calyrex|52/100\n|\n|t:|1771322095\n|switch|p1a: Miraidon|Miraidon, L50, shiny|100/100|[from] U-turn\n|-fieldstart|move: Electric Terrain|[from] ability: Hadron Engine|[of] p1a: Miraidon\n|move|p1b: Calyrex|Imprison|p1b: Calyrex\n|-start|p1b: Calyrex|move: Imprison\n|move|p2b: Sinistcha|Matcha Gotcha|p1a: Miraidon|[spread] p1a,p1b\n|-resisted|p1a: Miraidon\n|-resisted|p1b: Calyrex\n|-damage|p1a: Miraidon|87/100\n|-damage|p1b: Calyrex|36/100\n|-status|p1b: Calyrex|brn\n|move|p2a: Calyrex|Leech Seed|p1b: Calyrex\n|-immune|p1b: Calyrex\n|\n|-weather|SunnyDay|[upkeep]\n|-damage|p1b: Calyrex|30/100 brn|[from] brn\n|upkeep\n|turn|8\n|-message|Low Tier Goodra forfeited.\n|\n|win|EllenJoe2026\n|raw|EllenJoe2026's rating: 1431 &rarr; <strong>1453</strong><br />(+22 for winning)\n|raw|Low Tier Goodra's rating: 1464 &rarr; <strong>1442</strong><br />(-22 for losing)\n|l|\u2606Low Tier Goodra\n|player|p2|\n|l|\u2606EllenJoe2026\n|player|p1|\n","uploadtime":1771322300,"views":21,"formatid":"gen9vgc2026regi","rating":1442,"private":0,"password":null}