{"id":"gen9vgc2026regi-2567537109","format":"[Gen 9] VGC 2026 Reg I","players":["terafireflareblitz","Professor Hen"],"log":"|j|\u2606terafireflareblitz\n|j|\u2606Professor Hen\n|t:|1774485625\n|gametype|doubles\n|player|p1|terafireflareblitz|sycamore|1532\n|player|p2|Professor Hen|102|1384\n|gen|9\n|tier|[Gen 9] VGC 2026 Reg I\n|rated|\n|rule|Species Clause: Limit one of each Pok\u00e9mon\n|rule|Item Clause: Limit 1 of each item\n|clearpoke\n|poke|p1|Koraidon, L50|\n|poke|p1|Lunala, L50|\n|poke|p1|Indeedee-F, L50, F|\n|poke|p1|Flutter Mane, L50|\n|poke|p1|Volcarona, L50, F|\n|poke|p1|Ursaluna, L50, F|\n|poke|p2|Ditto, L50|\n|poke|p2|Whimsicott, L50, F|\n|poke|p2|Iron Bundle, L50|\n|poke|p2|Grimmsnarl, L50, M|\n|poke|p2|Calyrex-Shadow, L50|\n|poke|p2|Miraidon, L50|\n|teampreview|4\n|inactive|Battle timer is ON: inactive players will automatically lose when time's up. (requested by terafireflareblitz)\n|inactive|Professor Hen has 60 seconds left.\n|\n|t:|1774485665\n|teamsize|p1|4\n|teamsize|p2|4\n|start\n|switch|p1a: Lunala|Lunala, L50, shiny|100/100\n|switch|p1b: Indeedee|Indeedee-F, L50, F|100/100\n|switch|p2a: Grimmsnarl|Grimmsnarl, L50, M|100/100\n|switch|p2b: Miraidon|Miraidon, L50|100/100\n|-fieldstart|move: Electric Terrain|[from] ability: Hadron Engine|[of] p2b: Miraidon\n|-enditem|p2a: Grimmsnarl|Electric Seed\n|-boost|p2a: Grimmsnarl|def|1|[from] item: Electric Seed\n|-fieldstart|move: Psychic Terrain|[from] ability: Psychic Surge|[of] p1b: Indeedee\n|turn|1\n|\n|t:|1774485677\n|switch|p1a: Ursaluna|Ursaluna, L50, F|100/100\n|move|p2a: Grimmsnarl|Light Screen|p2a: Grimmsnarl\n|-sidestart|p2: Professor Hen|move: Light Screen\n|move|p2b: Miraidon|Volt Switch|p1a: Ursaluna\n|-immune|p1a: Ursaluna\n|move|p1b: Indeedee|Trick Room|p1b: Indeedee\n|-fieldstart|move: Trick Room|[of] p1b: Indeedee\n|\n|-status|p1a: Ursaluna|brn|[from] item: Flame Orb\n|upkeep\n|turn|2\n|inactive|Professor Hen has 30 seconds left.\n|inactive|Professor Hen has 20 seconds left.\n|inactive|Professor Hen has 15 seconds left.\n|inactive|Professor Hen has 10 seconds left.\n|\n|t:|1774485728\n|switch|p2a: Whimsicott|Whimsicott, L50, F|100/100\n|switch|p2b: Ditto|Ditto, L50|100/100\n|-transform|p2b: Ditto|p1a: Ursaluna|[from] ability: Imposter\n|-enditem|p2b: Ditto|Room Service\n|-unboost|p2b: Ditto|spe|1|[from] item: Room Service\n|move|p1b: Indeedee|Helping Hand|p1a: Ursaluna\n|-singleturn|p1a: Ursaluna|Helping Hand|[of] p1b: Indeedee\n|move|p1a: Ursaluna|Facade|p2a: Whimsicott\n|-damage|p2a: Whimsicott|0 fnt\n|faint|p2a: Whimsicott\n|\n|-damage|p1a: Ursaluna|95/100 brn|[from] brn\n|upkeep\n|inactive|Professor Hen has 30 seconds left.\n|\n|t:|1774485754\n|switch|p2a: Miraidon|Miraidon, L50|100/100\n|-fieldstart|move: Electric Terrain|[from] ability: Hadron Engine|[of] p2a: Miraidon\n|turn|3\n|\n|t:|1774485777\n|switch|p2a: Grimmsnarl|Grimmsnarl, L50, M|100/100\n|move|p1b: Indeedee|Follow Me|p1b: Indeedee\n|-singleturn|p1b: Indeedee|move: Follow Me\n|move|p2b: Ditto|Earthquake|p1b: Indeedee|[spread] p2a,p1a,p1b\n|-damage|p2a: Grimmsnarl|60/100\n|-damage|p1a: Ursaluna|64/100 brn\n|-damage|p1b: Indeedee|59/100\n|move|p1a: Ursaluna|Facade|p2b: Ditto\n|-damage|p2b: Ditto|0 fnt\n|faint|p2b: Ditto\n|\n|-damage|p1a: Ursaluna|58/100 brn|[from] brn\n|upkeep\n|\n|t:|1774485790\n|switch|p2b: Miraidon|Miraidon, L50|100/100\n|-activate|p2b: Miraidon|ability: Hadron Engine\n|turn|4\n|\n|t:|1774485814\n|switch|p1b: Lunala|Lunala, L50, shiny|100/100\n|-terastallize|p2b: Miraidon|Fairy\n|move|p2a: Grimmsnarl|Fake Out|p1a: Ursaluna\n|-damage|p1a: Ursaluna|50/100 brn\n|cant|p1a: Ursaluna|flinch\n|move|p2b: Miraidon|Dazzling Gleam|p1a: Ursaluna|[spread] p1a,p1b\n|-damage|p1a: Ursaluna|0 fnt\n|-damage|p1b: Lunala|80/100\n|faint|p1a: Ursaluna\n|\n|upkeep\n|\n|t:|1774485822\n|switch|p1a: Koraidon|Koraidon, L50, shiny|100/100\n|-weather|SunnyDay|[from] ability: Orichalcum Pulse|[of] p1a: Koraidon\n|-activate|p1a: Koraidon|Orichalcum Pulse|[source]\n|turn|5\n|inactive|Professor Hen has 30 seconds left.\n|\n|t:|1774485849\n|switch|p1b: Indeedee|Indeedee-F, L50, F|59/100\n|-fieldstart|move: Psychic Terrain|[from] ability: Psychic Surge|[of] p1b: Indeedee\n|-terastallize|p1a: Koraidon|Fire\n|move|p2a: Grimmsnarl|Thunder Wave|p1a: Koraidon\n|-activate|p1a: Koraidon|move: Psychic Terrain\n|move|p1a: Koraidon|Flare Blitz|p2a: Grimmsnarl\n|-damage|p2a: Grimmsnarl|0 fnt\n|faint|p2a: Grimmsnarl\n|-damage|p1a: Koraidon|78/100|[from] Recoil\n|-damage|p1a: Koraidon|68/100|[from] item: Life Orb\n|move|p2b: Miraidon|Dazzling Gleam|p1a: Koraidon|[spread] p1a,p1b\n|-resisted|p1a: Koraidon\n|-damage|p1a: Koraidon|42/100\n|-damage|p1b: Indeedee|12/100\n|\n|-weather|SunnyDay|[upkeep]\n|-sideend|p2: Professor Hen|move: Light Screen\n|-fieldend|move: Trick Room\n|upkeep\n|turn|6\n|\n|t:|1774485861\n|move|p1b: Indeedee|Helping Hand|p1a: Koraidon\n|-singleturn|p1a: Koraidon|Helping Hand|[of] p1b: Indeedee\n|move|p2b: Miraidon|Dazzling Gleam|p1a: Koraidon|[spread] p1a,p1b\n|-resisted|p1a: Koraidon\n|-damage|p1a: Koraidon|18/100\n|-damage|p1b: Indeedee|0 fnt\n|faint|p1b: Indeedee\n|move|p1a: Koraidon|Flare Blitz|p2b: Miraidon\n|-damage|p2b: Miraidon|0 fnt\n|faint|p2b: Miraidon\n|-damage|p1a: Koraidon|0 fnt|[from] Recoil\n|faint|p1a: Koraidon\n|\n|win|terafireflareblitz\n|raw|terafireflareblitz's rating: 1532 &rarr; <strong>1544</strong><br />(+12 for winning)\n|raw|Professor Hen's rating: 1384 &rarr; <strong>1372</strong><br />(-12 for losing)\n","uploadtime":1774485862,"views":11,"formatid":"gen9vgc2026regi","rating":1372,"private":0,"password":null}