{"id":"gen9vgc2026regi-2574618125","format":"[Gen 9] VGC 2026 Reg I","players":["chrisjhall12","Purple_Starr"],"log":"|j|\u2606chrisjhall12\n|j|\u2606Purple_Starr\n|t:|1775256358\n|gametype|doubles\n|player|p1|chrisjhall12|dawn|1363\n|player|p2|Purple_Starr|ghetsis-gen5bw|1289\n|gen|9\n|tier|[Gen 9] VGC 2026 Reg I\n|rated|\n|rule|Species Clause: Limit one of each Pok\u00e9mon\n|rule|Item Clause: Limit 1 of each item\n|clearpoke\n|poke|p1|Zamazenta-*, L50|\n|poke|p1|Miraidon, L50|\n|poke|p1|Chien-Pao, L50|\n|poke|p1|Whimsicott, L50, M|\n|poke|p1|Urshifu-*, L50, F|\n|poke|p1|Ogerpon-Hearthflame, L50, F|\n|poke|p2|Calyrex-Shadow, L50|\n|poke|p2|Koraidon, L50|\n|poke|p2|Chi-Yu, L50|\n|poke|p2|Raging Bolt, L50|\n|poke|p2|Whimsicott, L50, F|\n|poke|p2|Ogerpon-Cornerstone, L50, F|\n|teampreview|4\n|inactive|Battle timer is ON: inactive players will automatically lose when time's up. (requested by Purple_Starr)\nPurple_Starr has agreed to open team sheets.\n|inactive|chrisjhall12 has 60 seconds left.\n|inactive|Purple_Starr has 60 seconds left.\n|\n|t:|1775256407\n|teamsize|p1|4\n|teamsize|p2|4\n|start\n|switch|p1a: Miraidon|Miraidon, L50|100/100\n|switch|p1b: Whimsicott|Whimsicott, L50, M|100/100\n|switch|p2a: Chi-Yu|Chi-Yu, L50|100/100\n|switch|p2b: Raging Bolt|Raging Bolt, L50|100/100\n|-ability|p2a: Chi-Yu|Beads of Ruin\n|-fieldstart|move: Electric Terrain|[from] ability: Hadron Engine|[of] p1a: Miraidon\n|turn|1\n|inactive|Purple_Starr has 30 seconds left.\n|\n|t:|1775256441\n|-terastallize|p2b: Raging Bolt|Fairy\n|move|p1b: Whimsicott|Tailwind|p1b: Whimsicott\n|-sidestart|p1: chrisjhall12|move: Tailwind\n|move|p1a: Miraidon|Volt Switch|p2a: Chi-Yu\n|-damage|p2a: Chi-Yu|0 fnt\n|faint|p2a: Chi-Yu\n|\n|t:|1775256450\n|switch|p1a: Ogerpon|Ogerpon-Hearthflame, L50, F|100/100|[from] Volt Switch\n|-ability|p1a: Ogerpon|Mold Breaker\n|move|p2b: Raging Bolt|Draco Meteor|p1a: Ogerpon\n|-damage|p1a: Ogerpon|21/100\n|-unboost|p2b: Raging Bolt|spa|2\n|\n|upkeep\n|\n|t:|1775256464\n|switch|p2a: Whimsicott|Whimsicott, L50, F|100/100\n|turn|2\n|\n|t:|1775256487\n|-end|p2b: Raging Bolt|Protosynthesis|[silent]\n|switch|p2b: Koraidon|Koraidon, L50|100/100\n|-weather|SunnyDay|[from] ability: Orichalcum Pulse|[of] p2b: Koraidon\n|-activate|p2b: Koraidon|Orichalcum Pulse|[source]\n|move|p2a: Whimsicott|Tailwind|p2a: Whimsicott\n|-sidestart|p2: Purple_Starr|move: Tailwind\n|move|p1b: Whimsicott|Moonblast|p2b: Koraidon\n|-supereffective|p2b: Koraidon\n|-damage|p2b: Koraidon|0 fnt\n|faint|p2b: Koraidon\n|move|p1a: Ogerpon|Ivy Cudgel|p2a: Whimsicott|[anim] Ivy Cudgel Fire\n|-supereffective|p2a: Whimsicott\n|-damage|p2a: Whimsicott|0 fnt\n|faint|p2a: Whimsicott\n|\n|-weather|SunnyDay|[upkeep]\n|upkeep\n|\n|t:|1775256498\n|switch|p2b: Raging Bolt|Raging Bolt, L50, tera:Fairy|100/100\n|-activate|p2b: Raging Bolt|ability: Protosynthesis\n|-start|p2b: Raging Bolt|protosynthesisspa\n|turn|3\n|\n|t:|1775256510\n|move|p1b: Whimsicott|Light Screen|p1b: Whimsicott\n|-sidestart|p1: chrisjhall12|move: Light Screen\n|move|p2b: Raging Bolt|Thunderclap|p1a: Ogerpon\n|-resisted|p1a: Ogerpon\n|-damage|p1a: Ogerpon|0 fnt\n|faint|p1a: Ogerpon\n|\n|-weather|SunnyDay|[upkeep]\n|upkeep\n|\n|t:|1775256514\n|switch|p1a: Miraidon|Miraidon, L50|100/100\n|-activate|p1a: Miraidon|ability: Hadron Engine\n|turn|4\n|\n|t:|1775256527\n|move|p1b: Whimsicott|Encore|p2b: Raging Bolt\n|-start|p2b: Raging Bolt|Encore\n|move|p1a: Miraidon|Electro Drift|p2b: Raging Bolt\n|-damage|p2b: Raging Bolt|20/100\n|move|p2b: Raging Bolt|Thunderclap||[still]\n|-fail|p2b: Raging Bolt\n|\n|-weather|SunnyDay|[upkeep]\n|-sideend|p1: chrisjhall12|move: Tailwind\n|upkeep\n|turn|5\n|\n|t:|1775256537\n|move|p2b: Raging Bolt|Thunderclap|p1a: Miraidon\n|-resisted|p1a: Miraidon\n|-damage|p1a: Miraidon|90/100\n|move|p1a: Miraidon|Electro Drift|p2b: Raging Bolt\n|-damage|p2b: Raging Bolt|0 fnt\n|faint|p2b: Raging Bolt\n|-end|p2b: Raging Bolt|Protosynthesis|[silent]\n|\n|win|chrisjhall12\n|raw|chrisjhall12's rating: 1363 &rarr; <strong>1379</strong><br />(+16 for winning)\n|raw|Purple_Starr's rating: 1289 &rarr; <strong>1269</strong><br />(-20 for losing)\n","uploadtime":1775256541,"views":13,"formatid":"gen9vgc2026regi","rating":1269,"private":0,"password":null}