{"id":"gen9vgc2026regi-2559450584","format":"[Gen 9] VGC 2026 Reg I","players":["benniOVY","fogdocker"],"log":"|j|\u2606benniOVY\n|j|\u2606fogdocker\n|t:|1773569694\n|gametype|doubles\n|player|p1|benniOVY|psychic-gen4|1396\n|player|p2|fogdocker|169|1426\n|gen|9\n|tier|[Gen 9] VGC 2026 Reg I\n|rated|\n|rule|Species Clause: Limit one of each Pok\u00e9mon\n|rule|Item Clause: Limit 1 of each item\n|clearpoke\n|poke|p1|Zamazenta-*, L50|\n|poke|p1|Calyrex-Shadow, L50|\n|poke|p1|Incineroar, L50, M|\n|poke|p1|Rillaboom, L50, F|\n|poke|p1|Chien-Pao, L50|\n|poke|p1|Urshifu-*, L50, F|\n|poke|p2|Calyrex-Ice, L50|\n|poke|p2|Koraidon, L50|\n|poke|p2|Flutter Mane, L50|\n|poke|p2|Incineroar, L50, F|\n|poke|p2|Rillaboom, L50, F|\n|poke|p2|Annihilape, L50, M|\n|teampreview|4\n|c|\u2606benniOVY|glhf\nbenniOVY has agreed to open team sheets.\n|\n|t:|1773569739\n|teamsize|p1|4\n|teamsize|p2|4\n|start\n|switch|p1a: Rillaboom|Rillaboom, L50, F|100/100\n|switch|p1b: Calyrex|Calyrex-Shadow, L50|100/100\n|switch|p2a: Flutter Mane|Flutter Mane, L50|100/100\n|switch|p2b: Annihilape|Annihilape, L50, M|100/100\n|-ability|p1b: Calyrex|As One\n|-ability|p1b: Calyrex|Unnerve\n|-fieldstart|move: Grassy Terrain|[from] ability: Grassy Surge|[of] p1a: Rillaboom\n|turn|1\n|\n|t:|1773569754\n|move|p1b: Calyrex|Protect|p1b: Calyrex\n|-singleturn|p1b: Calyrex|Protect\n|move|p2a: Flutter Mane|Protect|p2a: Flutter Mane\n|-singleturn|p2a: Flutter Mane|Protect\n|move|p2b: Annihilape|U-turn|p1a: Rillaboom\n|-supereffective|p1a: Rillaboom\n|-damage|p1a: Rillaboom|66/100\n|\n|t:|1773569765\n|switch|p2b: Koraidon|Koraidon, L50|100/100|[from] U-turn\n|-weather|SunnyDay|[from] ability: Orichalcum Pulse|[of] p2b: Koraidon\n|-activate|p2a: Flutter Mane|ability: Protosynthesis\n|-start|p2a: Flutter Mane|protosynthesisspe\n|-activate|p2b: Koraidon|Orichalcum Pulse|[source]\n|move|p1a: Rillaboom|Wood Hammer|p2a: Flutter Mane\n|-activate|p2a: Flutter Mane|move: Protect\n|\n|-weather|SunnyDay|[upkeep]\n|-heal|p1a: Rillaboom|72/100|[from] Grassy Terrain\n|upkeep\n|turn|2\n|\n|t:|1773569776\n|switch|p1b: Incineroar|Incineroar, L50, M|100/100\n|-ability|p1b: Incineroar|Intimidate|boost\n|-unboost|p2a: Flutter Mane|atk|1\n|-unboost|p2b: Koraidon|atk|1\n|move|p1a: Rillaboom|Grassy Glide|p2a: Flutter Mane\n|-damage|p2a: Flutter Mane|27/100\n|move|p2a: Flutter Mane|Icy Wind|p1a: Rillaboom|[spread] p1a,p1b\n|-supereffective|p1a: Rillaboom\n|-resisted|p1b: Incineroar\n|-damage|p1a: Rillaboom|54/100\n|-damage|p1b: Incineroar|94/100\n|-unboost|p1a: Rillaboom|spe|1\n|-unboost|p1b: Incineroar|spe|1\n|move|p2b: Koraidon|Flare Blitz|p1b: Incineroar\n|-resisted|p1b: Incineroar\n|-damage|p1b: Incineroar|68/100\n|-damage|p2b: Koraidon|91/100|[from] Recoil\n|-damage|p2b: Koraidon|81/100|[from] item: Life Orb\n|\n|-weather|SunnyDay|[upkeep]\n|-heal|p2a: Flutter Mane|33/100|[from] Grassy Terrain\n|-heal|p2b: Koraidon|87/100|[from] Grassy Terrain\n|-heal|p1a: Rillaboom|60/100|[from] Grassy Terrain\n|-heal|p1b: Incineroar|74/100|[from] Grassy Terrain\n|upkeep\n|turn|3\n|\n|t:|1773569787\n|-end|p2a: Flutter Mane|Protosynthesis|[silent]\n|switch|p2a: Incineroar|Incineroar, L50, F|100/100\n|-ability|p2a: Incineroar|Intimidate|boost\n|-unboost|p1a: Rillaboom|atk|1\n|-unboost|p1b: Incineroar|atk|1\n|move|p2b: Koraidon|Protect|p2b: Koraidon\n|-singleturn|p2b: Koraidon|Protect\n|move|p1b: Incineroar|Fake Out|p2b: Koraidon\n|-activate|p2b: Koraidon|move: Protect\n|move|p1a: Rillaboom|Grassy Glide|p2a: Incineroar\n|-resisted|p2a: Incineroar\n|-damage|p2a: Incineroar|92/100\n|\n|-weather|SunnyDay|[upkeep]\n|-heal|p2b: Koraidon|92/100|[from] Grassy Terrain\n|-heal|p1a: Rillaboom|66/100|[from] Grassy Terrain\n|-heal|p2a: Incineroar|98/100|[from] Grassy Terrain\n|-heal|p1b: Incineroar|80/100|[from] Grassy Terrain\n|upkeep\n|turn|4\n|\n|t:|1773569812\n|switch|p1b: Calyrex|Calyrex-Shadow, L50|100/100\n|-ability|p1b: Calyrex|As One\n|-ability|p1b: Calyrex|Unnerve\n|move|p2b: Koraidon|Close Combat|p1b: Calyrex\n|-immune|p1b: Calyrex\n|move|p1a: Rillaboom|U-turn|p2b: Koraidon\n|-resisted|p2b: Koraidon\n|-damage|p2b: Koraidon|86/100\n|\n|t:|1773569822\n|switch|p1a: Incineroar|Incineroar, L50, M|80/100|[from] U-turn\n|-ability|p1a: Incineroar|Intimidate|boost\n|-unboost|p2a: Incineroar|atk|1\n|-unboost|p2b: Koraidon|atk|1\n|move|p2a: Incineroar|Flare Blitz|p1a: Incineroar\n|-resisted|p1a: Incineroar\n|-damage|p1a: Incineroar|62/100\n|-damage|p2a: Incineroar|92/100|[from] Recoil\n|\n|-weather|SunnyDay|[upkeep]\n|-heal|p2b: Koraidon|91/100|[from] Grassy Terrain\n|-heal|p1a: Incineroar|68/100|[from] Grassy Terrain\n|-heal|p2a: Incineroar|98/100|[from] Grassy Terrain\n|upkeep\n|turn|5\n|\n|t:|1773569842\n|move|p2b: Koraidon|Protect|p2b: Koraidon\n|-singleturn|p2b: Koraidon|Protect\n|move|p1a: Incineroar|Fake Out|p2a: Incineroar\n|-damage|p2a: Incineroar|89/100\n|move|p1b: Calyrex|Nasty Plot|p1b: Calyrex\n|-boost|p1b: Calyrex|spa|2\n|cant|p2a: Incineroar|flinch\n|\n|-weather|none\n|-heal|p2b: Koraidon|97/100|[from] Grassy Terrain\n|-heal|p1a: Incineroar|74/100|[from] Grassy Terrain\n|-heal|p2a: Incineroar|95/100|[from] Grassy Terrain\n|-fieldend|move: Grassy Terrain\n|upkeep\n|turn|6\n|\n|t:|1773569862\n|-terastallize|p1b: Calyrex|Dark\n|move|p1b: Calyrex|Astral Barrage|p2b: Koraidon|[spread] p2a,p2b\n|-resisted|p2a: Incineroar\n|-crit|p2b: Koraidon\n|-damage|p2a: Incineroar|40/100\n|-damage|p2b: Koraidon|0 fnt\n|faint|p2b: Koraidon\n|-ability|p1b: Calyrex|Grim Neigh|boost\n|-boost|p1b: Calyrex|spa|1\n|move|p1a: Incineroar|Knock Off|p2a: Incineroar\n|-resisted|p2a: Incineroar\n|-damage|p2a: Incineroar|25/100\n|-enditem|p2a: Incineroar|Safety Goggles|[from] move: Knock Off|[of] p1a: Incineroar\n|move|p2a: Incineroar|Knock Off|p1b: Calyrex\n|-resisted|p1b: Calyrex\n|-damage|p1b: Calyrex|85/100\n|-enditem|p1b: Calyrex|Spell Tag|[from] move: Knock Off|[of] p2a: Incineroar\n|\n|upkeep\n|\n|t:|1773569872\n|switch|p2b: Annihilape|Annihilape, L50, M|100/100\n|turn|7\n|\n|t:|1773569890\n|switch|p1b: Rillaboom|Rillaboom, L50, F|66/100\n|-fieldstart|move: Grassy Terrain|[from] ability: Grassy Surge|[of] p1b: Rillaboom\n|move|p2b: Annihilape|Close Combat|p1b: Rillaboom\n|-damage|p1b: Rillaboom|18/100\n|-unboost|p2b: Annihilape|def|1\n|-unboost|p2b: Annihilape|spd|1\n|move|p1a: Incineroar|Knock Off|p2b: Annihilape\n|-damage|p2b: Annihilape|48/100\n|-enditem|p2b: Annihilape|Choice Scarf|[from] move: Knock Off|[of] p1a: Incineroar\n|move|p2a: Incineroar|Parting Shot|p1a: Incineroar\n|-unboost|p1a: Incineroar|atk|1\n|-unboost|p1a: Incineroar|spa|1\n|\n|t:|1773569901\n|switch|p2a: Flutter Mane|Flutter Mane, L50|33/100|[from] Parting Shot\n|\n|-heal|p2a: Flutter Mane|39/100|[from] Grassy Terrain\n|-heal|p2b: Annihilape|53/100|[from] Grassy Terrain\n|-heal|p1b: Rillaboom|24/100|[from] Grassy Terrain\n|-heal|p1a: Incineroar|80/100|[from] Grassy Terrain\n|upkeep\n|turn|8\n|\n|t:|1773569912\n|move|p2a: Flutter Mane|Protect|p2a: Flutter Mane\n|-singleturn|p2a: Flutter Mane|Protect\n|move|p2b: Annihilape|Close Combat|p1a: Incineroar\n|-supereffective|p1a: Incineroar\n|-damage|p1a: Incineroar|8/100\n|-unboost|p2b: Annihilape|def|1\n|-unboost|p2b: Annihilape|spd|1\n|move|p1b: Rillaboom|Wood Hammer|p2b: Annihilape\n|-damage|p2b: Annihilape|0 fnt\n|faint|p2b: Annihilape\n|-damage|p1b: Rillaboom|5/100|[from] Recoil\n|move|p1a: Incineroar|Parting Shot|p2a: Flutter Mane\n|-activate|p2a: Flutter Mane|move: Protect\n|\n|-heal|p2a: Flutter Mane|45/100|[from] Grassy Terrain\n|-heal|p1b: Rillaboom|11/100|[from] Grassy Terrain\n|-heal|p1a: Incineroar|14/100|[from] Grassy Terrain\n|upkeep\n|\n|t:|1773569919\n|switch|p2b: Incineroar|Incineroar, L50, F|25/100\n|-ability|p2b: Incineroar|Intimidate|boost\n|-unboost|p1a: Incineroar|atk|1\n|-unboost|p1b: Rillaboom|atk|1\n|turn|9\n|\n|t:|1773569927\n|move|p2b: Incineroar|Fake Out|p1b: Rillaboom\n|-damage|p1b: Rillaboom|1/100\n|cant|p1b: Rillaboom|flinch\n|move|p2a: Flutter Mane|Moonblast|p1a: Incineroar\n|-damage|p1a: Incineroar|0 fnt\n|faint|p1a: Incineroar\n|\n|-heal|p2a: Flutter Mane|51/100|[from] Grassy Terrain\n|-heal|p1b: Rillaboom|7/100|[from] Grassy Terrain\n|-heal|p2b: Incineroar|31/100|[from] Grassy Terrain\n|upkeep\n|\n|t:|1773569934\n|switch|p1a: Calyrex|Calyrex-Shadow, L50, tera:Dark|85/100\n|-ability|p1a: Calyrex|As One\n|-ability|p1a: Calyrex|Unnerve\n|turn|10\n|\n|t:|1773569946\n|-terastallize|p2a: Flutter Mane|Normal\n|move|p1a: Calyrex|Astral Barrage|p2b: Incineroar|[spread] p2b\n|-immune|p2a: Flutter Mane\n|-resisted|p2b: Incineroar\n|-crit|p2b: Incineroar\n|-damage|p2b: Incineroar|0 fnt\n|faint|p2b: Incineroar\n|-ability|p1a: Calyrex|Grim Neigh|boost\n|-boost|p1a: Calyrex|spa|1\n|move|p2a: Flutter Mane|Moonblast|p1a: Calyrex\n|-supereffective|p1a: Calyrex\n|-damage|p1a: Calyrex|0 fnt\n|faint|p1a: Calyrex\n|move|p1b: Rillaboom|Wood Hammer|p2a: Flutter Mane\n|-damage|p2a: Flutter Mane|0 fnt\n|faint|p2a: Flutter Mane\n|-end|p2a: Flutter Mane|Protosynthesis|[silent]\n|-damage|p1b: Rillaboom|0 fnt|[from] Recoil\n|faint|p1b: Rillaboom\n|\n|win|benniOVY\n|raw|benniOVY's rating: 1396 &rarr; <strong>1418</strong><br />(+22 for winning)\n|raw|fogdocker's rating: 1426 &rarr; <strong>1404</strong><br />(-22 for losing)\n|c|\u2606benniOVY|ggs\n|l|\u2606fogdocker\n|player|p2|\n|c|\u2606benniOVY|blitz in reg i is intresting\n|l|\u2606benniOVY\n|player|p1|\n","uploadtime":1773570150,"views":19,"formatid":"gen9vgc2026regi","rating":1404,"private":0,"password":null}