{"id":"gen9vgc2026regi-2578249959","format":"[Gen 9] VGC 2026 Reg I","players":["Hao_poke","blackred123"],"log":"|j|\u2606Hao_poke\n|j|\u2606blackred123\n|t:|1775662399\n|gametype|doubles\n|player|p1|Hao_poke|2|1366\n|player|p2|blackred123|iono-masters|1520\n|gen|9\n|tier|[Gen 9] VGC 2026 Reg I\n|rated|\n|rule|Species Clause: Limit one of each Pok\u00e9mon\n|rule|Item Clause: Limit 1 of each item\n|clearpoke\n|poke|p1|Indeedee-F, L50, F|\n|poke|p1|Calyrex-Ice, L50|\n|poke|p1|Kyogre, L50|\n|poke|p1|Hatterene, L50, F|\n|poke|p1|Ditto, L50|\n|poke|p1|Flutter Mane, L50|\n|poke|p2|Calyrex-Shadow, L50|\n|poke|p2|Zamazenta-*, L50|\n|poke|p2|Incineroar, L50, M|\n|poke|p2|Rillaboom, L50, F|\n|poke|p2|Ogerpon-Cornerstone, L50, F|\n|poke|p2|Tornadus, L50, M|\n|teampreview|4\n|inactive|Battle timer is ON: inactive players will automatically lose when time's up. (requested by blackred123)\n|\n|t:|1775662425\n|teamsize|p1|4\n|teamsize|p2|4\n|start\n|switch|p1a: Indeedee|Indeedee-F, L50, F|100/100\n|switch|p1b: Hatterene|Hatterene, L50, F|100/100\n|switch|p2a: \u54c7\u8884\uff08\u72d7\u53eb\u58f0\uff09|Zamazenta-Crowned, L50|100/100\n|switch|p2b: \u5e05otto\u5e05|Incineroar, L50, M|100/100\n|-ability|p2a: \u54c7\u8884\uff08\u72d7\u53eb\u58f0\uff09|Dauntless Shield|boost\n|-boost|p2a: \u54c7\u8884\uff08\u72d7\u53eb\u58f0\uff09|def|1\n|-fieldstart|move: Psychic Terrain|[from] ability: Psychic Surge|[of] p1a: Indeedee\n|-ability|p2b: \u5e05otto\u5e05|Intimidate|boost\n|-unboost|p1a: Indeedee|atk|1\n|-unboost|p1b: Hatterene|atk|1\n|turn|1\n|\n|t:|1775662446\n|-terastallize|p1a: Indeedee|Grass\n|move|p2a: \u54c7\u8884\uff08\u72d7\u53eb\u58f0\uff09|Body Press|p1a: Indeedee\n|-damage|p1a: Indeedee|10/100\n|move|p2b: \u5e05otto\u5e05|Taunt|p1b: Hatterene\n|move|p1b: Hatterene|Taunt|p2b: \u5e05otto\u5e05|[from] ability: Magic Bounce\n|-start|p2b: \u5e05otto\u5e05|move: Taunt\n|move|p1b: Hatterene|Psychic|p2a: \u54c7\u8884\uff08\u72d7\u53eb\u58f0\uff09\n|-damage|p2a: \u54c7\u8884\uff08\u72d7\u53eb\u58f0\uff09|37/100\n|-damage|p1b: Hatterene|91/100|[from] item: Life Orb\n|move|p1a: Indeedee|Trick Room|p1a: Indeedee\n|-fieldstart|move: Trick Room|[of] p1a: Indeedee\n|\n|upkeep\n|turn|2\n|inactive|Hao_poke has 30 seconds left.\n|\n|t:|1775662471\n|switch|p1a: Calyrex|Calyrex-Ice, L50|100/100\n|-ability|p1a: Calyrex|As One\n|-ability|p1a: Calyrex|Unnerve\n|move|p2a: \u54c7\u8884\uff08\u72d7\u53eb\u58f0\uff09|Protect|p2a: \u54c7\u8884\uff08\u72d7\u53eb\u58f0\uff09\n|-singleturn|p2a: \u54c7\u8884\uff08\u72d7\u53eb\u58f0\uff09|Protect\n|move|p1b: Hatterene|Expanding Force|p2b: \u5e05otto\u5e05|[spread] \n|-activate|p2a: \u54c7\u8884\uff08\u72d7\u53eb\u58f0\uff09|move: Protect\n|-immune|p2b: \u5e05otto\u5e05\n|move|p2b: \u5e05otto\u5e05|Knock Off|p1b: Hatterene\n|-damage|p1b: Hatterene|47/100\n|-enditem|p1b: Hatterene|Life Orb|[from] move: Knock Off|[of] p2b: \u5e05otto\u5e05\n|\n|upkeep\n|turn|3\n|\n|t:|1775662488\n|move|p2a: \u54c7\u8884\uff08\u72d7\u53eb\u58f0\uff09|Wide Guard|p2a: \u54c7\u8884\uff08\u72d7\u53eb\u58f0\uff09\n|-singleturn|p2a: \u54c7\u8884\uff08\u72d7\u53eb\u58f0\uff09|Wide Guard\n|move|p1b: Hatterene|Psychic|p2a: \u54c7\u8884\uff08\u72d7\u53eb\u58f0\uff09\n|-damage|p2a: \u54c7\u8884\uff08\u72d7\u53eb\u58f0\uff09|0 fnt\n|faint|p2a: \u54c7\u8884\uff08\u72d7\u53eb\u58f0\uff09\n|move|p1a: Calyrex|High Horsepower|p2b: \u5e05otto\u5e05\n|-supereffective|p2b: \u5e05otto\u5e05\n|-damage|p2b: \u5e05otto\u5e05|39/100\n|-damage|p1a: Calyrex|84/100|[from] item: Rocky Helmet|[of] p2b: \u5e05otto\u5e05\n|move|p2b: \u5e05otto\u5e05|Knock Off|p1a: Calyrex\n|-supereffective|p1a: Calyrex\n|-damage|p1a: Calyrex|38/100\n|-enditem|p1a: Calyrex|Clear Amulet|[from] move: Knock Off|[of] p2b: \u5e05otto\u5e05\n|\n|upkeep\n|\n|t:|1775662508\n|switch|p2a: \u90a3\u6211\u7f3a\u7684\u8425\u517b\u8fd9\u5757\u8c01\u7ed9\u6211\u8865\u554a\uff08\u6307\u8349\u573a\uff09|Rillaboom, L50, F|100/100\n|-fieldstart|move: Grassy Terrain|[from] ability: Grassy Surge|[of] p2a: \u90a3\u6211\u7f3a\u7684\u8425\u517b\u8fd9\u5757\u8c01\u7ed9\u6211\u8865\u554a\uff08\u6307\u8349\u573a\uff09\n|turn|4\n|\n|t:|1775662521\n|switch|p1b: Indeedee|Indeedee-F, L50, F, tera:Grass|10/100\n|-fieldstart|move: Psychic Terrain|[from] ability: Psychic Surge|[of] p1b: Indeedee\n|switch|p2b: \u5636\u9a6c\u51a0\u54e5|Calyrex-Shadow, L50|100/100\n|-ability|p2b: \u5636\u9a6c\u51a0\u54e5|As One\n|-ability|p2b: \u5636\u9a6c\u51a0\u54e5|Unnerve\n|move|p2a: \u90a3\u6211\u7f3a\u7684\u8425\u517b\u8fd9\u5757\u8c01\u7ed9\u6211\u8865\u554a\uff08\u6307\u8349\u573a\uff09|Fake Out|p1a: Calyrex\n|-activate|p1a: Calyrex|move: Psychic Terrain\n|move|p1a: Calyrex|Glacial Lance|p2a: \u90a3\u6211\u7f3a\u7684\u8425\u517b\u8fd9\u5757\u8c01\u7ed9\u6211\u8865\u554a\uff08\u6307\u8349\u573a\uff09|[spread] p2a,p2b\n|-supereffective|p2a: \u90a3\u6211\u7f3a\u7684\u8425\u517b\u8fd9\u5757\u8c01\u7ed9\u6211\u8865\u554a\uff08\u6307\u8349\u573a\uff09\n|-damage|p2a: \u90a3\u6211\u7f3a\u7684\u8425\u517b\u8fd9\u5757\u8c01\u7ed9\u6211\u8865\u554a\uff08\u6307\u8349\u573a\uff09|0 fnt\n|-damage|p2b: \u5636\u9a6c\u51a0\u54e5|34/100\n|faint|p2a: \u90a3\u6211\u7f3a\u7684\u8425\u517b\u8fd9\u5757\u8c01\u7ed9\u6211\u8865\u554a\uff08\u6307\u8349\u573a\uff09\n|-ability|p1a: Calyrex|Chilling Neigh|boost\n|-boost|p1a: Calyrex|atk|1\n|\n|upkeep\n|\n|t:|1775662526\n|switch|p2a: \u5e05otto\u5e05|Incineroar, L50, M|39/100\n|-ability|p2a: \u5e05otto\u5e05|Intimidate|boost\n|-unboost|p1a: Calyrex|atk|1\n|-unboost|p1b: Indeedee|atk|1\n|turn|5\n|inactive|Hao_poke has 30 seconds left.\n|\n|t:|1775662554\n|move|p1b: Indeedee|Helping Hand|p1a: Calyrex\n|-singleturn|p1a: Calyrex|Helping Hand|[of] p1b: Indeedee\n|move|p2b: \u5636\u9a6c\u51a0\u54e5|Protect|p2b: \u5636\u9a6c\u51a0\u54e5\n|-singleturn|p2b: \u5636\u9a6c\u51a0\u54e5|Protect\n|move|p1a: Calyrex|Glacial Lance|p2a: \u5e05otto\u5e05|[spread] p2a\n|-activate|p2b: \u5636\u9a6c\u51a0\u54e5|move: Protect\n|-resisted|p2a: \u5e05otto\u5e05\n|-damage|p2a: \u5e05otto\u5e05|5/100\n|move|p2a: \u5e05otto\u5e05|Knock Off|p1b: Indeedee\n|-damage|p1b: Indeedee|0 fnt\n|-enditem|p1b: Indeedee|Mental Herb|[from] move: Knock Off|[of] p2a: \u5e05otto\u5e05\n|faint|p1b: Indeedee\n|\n|-fieldend|move: Trick Room\n|upkeep\n|\n|t:|1775662566\n|switch|p1b: Hatterene|Hatterene, L50, F|47/100\n|turn|6\n|\n|t:|1775662581\n|move|p2b: \u5636\u9a6c\u51a0\u54e5|Astral Barrage|p1a: Calyrex|[spread] p1a,p1b\n|-supereffective|p1a: Calyrex\n|-supereffective|p1b: Hatterene\n|-damage|p1a: Calyrex|0 fnt\n|-damage|p1b: Hatterene|0 fnt\n|faint|p1a: Calyrex\n|faint|p1b: Hatterene\n|-ability|p2b: \u5636\u9a6c\u51a0\u54e5|Grim Neigh|boost\n|-boost|p2b: \u5636\u9a6c\u51a0\u54e5|spa|2\n|move|p2a: \u5e05otto\u5e05|Knock Off|p1: Calyrex|[notarget]\n|-fail|p2a: \u5e05otto\u5e05\n|\n|upkeep\n|\n|t:|1775662584\n|switch|p1b: Ditto|Ditto, L50|100/100\n|-transform|p1b: Ditto|p2a: \u5e05otto\u5e05|[from] ability: Imposter\n|-ability|p1b: Ditto|Intimidate|boost\n|-unboost|p2a: \u5e05otto\u5e05|atk|1\n|-unboost|p2b: \u5636\u9a6c\u51a0\u54e5|atk|1\n|turn|7\n|\n|t:|1775662598\n|-terastallize|p2b: \u5636\u9a6c\u51a0\u54e5|Dark\n|move|p2b: \u5636\u9a6c\u51a0\u54e5|Astral Barrage|p1b: Ditto\n|-resisted|p1b: Ditto\n|-damage|p1b: Ditto|1/100\n|move|p1b: Ditto|Knock Off|p2b: \u5636\u9a6c\u51a0\u54e5\n|-resisted|p2b: \u5636\u9a6c\u51a0\u54e5\n|-damage|p2b: \u5636\u9a6c\u51a0\u54e5|15/100\n|-enditem|p2b: \u5636\u9a6c\u51a0\u54e5|Spooky Plate|[from] move: Knock Off|[of] p1b: Ditto\n|move|p2a: \u5e05otto\u5e05|Knock Off|p1b: Ditto\n|-resisted|p1b: Ditto\n|-damage|p1b: Ditto|0 fnt\n|-enditem|p1b: Ditto|Choice Specs|[from] move: Knock Off|[of] p2a: \u5e05otto\u5e05\n|faint|p1b: Ditto\n|\n|win|blackred123\n|raw|Hao_poke's rating: 1366 &rarr; <strong>1354</strong><br />(-12 for losing)\n|raw|blackred123's rating: 1520 &rarr; <strong>1532</strong><br />(+12 for winning)\n|l|\u2606Hao_poke\n|player|p1|\n","uploadtime":1775662613,"views":7,"formatid":"gen9vgc2026regi","rating":1354,"private":0,"password":null}