{"id":"gen9vgc2026regi-2561949506","format":"[Gen 9] VGC 2026 Reg I","players":["Mirthinion","Realfrytki"],"log":"|j|\u2606Mirthinion\n|j|\u2606Realfrytki\n|t:|1773857351\n|gametype|doubles\n|player|p1|Mirthinion|janitor|1459\n|player|p2|Realfrytki|veteranf|1563\n|gen|9\n|tier|[Gen 9] VGC 2026 Reg I\n|rated|\n|rule|Species Clause: Limit one of each Pok\u00e9mon\n|rule|Item Clause: Limit 1 of each item\n|clearpoke\n|poke|p1|Calyrex-Shadow, L50|\n|poke|p1|Zamazenta-*, L50|\n|poke|p1|Urshifu-*, L50, M|\n|poke|p1|Incineroar, L50, M|\n|poke|p1|Rillaboom, L50, M|\n|poke|p1|Tornadus, L50, M|\n|poke|p2|Terapagos, L50, M|\n|poke|p2|Grimmsnarl, L50, M|\n|poke|p2|Volcarona, L50, F|\n|poke|p2|Miraidon, L50|\n|poke|p2|Iron Hands, L50|\n|poke|p2|Amoonguss, L50, M|\n|teampreview|4\n|inactive|Battle timer is ON: inactive players will automatically lose when time's up. (requested by Mirthinion)\n|\n|t:|1773857380\n|teamsize|p1|4\n|teamsize|p2|4\n|start\n|switch|p1a: Drambor|Zamazenta-Crowned, L50|100/100\n|switch|p1b: Hoplite|Rillaboom, L50, M|100/100\n|switch|p2a: Grimmsnarl|Grimmsnarl, L50, M|100/100\n|switch|p2b: Terapagos|Terapagos, L50, M|100/100\n|-activate|p2b: Terapagos|ability: Tera Shift\n|detailschange|p2b: Terapagos|Terapagos-Terastal, L50, M\n|-heal|p2b: Terapagos|100/100|[silent]\n|-ability|p1a: Drambor|Dauntless Shield|boost\n|-boost|p1a: Drambor|def|1\n|-fieldstart|move: Grassy Terrain|[from] ability: Grassy Surge|[of] p1b: Hoplite\n|turn|1\n|\n|t:|1773857398\n|move|p1b: Hoplite|Fake Out|p2a: Grimmsnarl\n|-damage|p2a: Grimmsnarl|86/100\n|move|p2a: Grimmsnarl|Fake Out|p1a: Drambor\n|-resisted|p1a: Drambor\n|-damage|p1a: Drambor|98/100\n|cant|p1a: Drambor|flinch\n|move|p2b: Terapagos|Tera Starstorm|p1b: Hoplite\n|-damage|p1b: Hoplite|35/100\n|\n|-heal|p1a: Drambor|100/100|[from] Grassy Terrain\n|-heal|p1b: Hoplite|41/100|[from] Grassy Terrain\n|-heal|p2a: Grimmsnarl|92/100|[from] Grassy Terrain\n|upkeep\n|turn|2\n|\n|t:|1773857412\n|switch|p2b: Volcarona|Volcarona, L50, F|100/100\n|move|p1b: Hoplite|Grassy Glide|p2b: Volcarona\n|-resisted|p2b: Volcarona\n|-damage|p2b: Volcarona|90/100\n|-status|p1b: Hoplite|brn|[from] ability: Flame Body|[of] p2b: Volcarona\n|move|p2a: Grimmsnarl|Thunder Wave|p1a: Drambor\n|-status|p1a: Drambor|par\n|move|p1a: Drambor|Body Press|p2b: Volcarona\n|-resisted|p2b: Volcarona\n|-damage|p2b: Volcarona|54/100\n|\n|-heal|p2b: Volcarona|60/100|[from] Grassy Terrain\n|-heal|p2b: Volcarona|66/100|[from] item: Leftovers\n|-heal|p1b: Hoplite|47/100 brn|[from] Grassy Terrain\n|-heal|p2a: Grimmsnarl|98/100|[from] Grassy Terrain\n|-damage|p1b: Hoplite|41/100 brn|[from] brn\n|upkeep\n|turn|3\n|inactive|Mirthinion has 30 seconds left.\n|inactive|Realfrytki has 30 seconds left.\n|\n|t:|1773857440\n|move|p2b: Volcarona|Quiver Dance|p2b: Volcarona\n|-boost|p2b: Volcarona|spa|1\n|-boost|p2b: Volcarona|spd|1\n|-boost|p2b: Volcarona|spe|1\n|move|p1b: Hoplite|Wood Hammer|p2a: Grimmsnarl\n|-damage|p2a: Grimmsnarl|53/100\n|-damage|p1b: Hoplite|27/100 brn|[from] Recoil\n|cant|p1a: Drambor|par\n|move|p2a: Grimmsnarl|Foul Play|p1b: Hoplite\n|-damage|p1b: Hoplite|0 fnt\n|faint|p1b: Hoplite\n|\n|-heal|p2b: Volcarona|72/100|[from] Grassy Terrain\n|-heal|p2b: Volcarona|79/100|[from] item: Leftovers\n|-heal|p2a: Grimmsnarl|59/100|[from] Grassy Terrain\n|upkeep\n|\n|t:|1773857455\n|switch|p1b: Beowulf|Urshifu-Rapid-Strike, L50, M|100/100\n|turn|4\n|\n|t:|1773857465\n|-terastallize|p2b: Volcarona|Grass\n|move|p2a: Grimmsnarl|Thunder Wave|p1b: Beowulf|[miss]\n|-miss|p2a: Grimmsnarl|p1b: Beowulf\n|move|p2b: Volcarona|Fiery Dance|p1a: Drambor\n|-supereffective|p1a: Drambor\n|-damage|p1a: Drambor|25/100 par\n|move|p1b: Beowulf|Close Combat|p2b: Volcarona\n|-damage|p2b: Volcarona|0 fnt\n|-unboost|p1b: Beowulf|def|1\n|-unboost|p1b: Beowulf|spd|1\n|faint|p2b: Volcarona\n|move|p1a: Drambor|Body Press|p2a: Grimmsnarl\n|-crit|p2a: Grimmsnarl\n|-damage|p2a: Grimmsnarl|0 fnt\n|faint|p2a: Grimmsnarl\n|\n|-heal|p1a: Drambor|31/100 par|[from] Grassy Terrain\n|upkeep\n|\n|t:|1773857483\n|switch|p2b: Miraidon|Miraidon, L50|100/100\n|switch|p2a: Terapagos|Terapagos-Terastal, L50, M|100/100\n|-fieldstart|move: Electric Terrain|[from] ability: Hadron Engine|[of] p2b: Miraidon\n|turn|5\n|inactive|Mirthinion has 30 seconds left.\n|\n|t:|1773857510\n|switch|p1b: Mithrandir|Calyrex-Shadow, L50|100/100\n|-ability|p1b: Mithrandir|As One\n|-ability|p1b: Mithrandir|Unnerve\n|-terastallize|p1a: Drambor|Grass\n|move|p2b: Miraidon|Electro Drift|p1b: Mithrandir\n|-enditem|p1b: Mithrandir|Focus Sash\n|-damage|p1b: Mithrandir|1/100\n|-damage|p2b: Miraidon|90/100|[from] item: Life Orb\n|move|p2a: Terapagos|Earth Power|p1a: Drambor\n|-resisted|p1a: Drambor\n|-damage|p1a: Drambor|16/100 par\n|-unboost|p1a: Drambor|spd|1\n|move|p1a: Drambor|Body Press|p2b: Miraidon\n|-damage|p2b: Miraidon|29/100\n|\n|upkeep\n|turn|6\n|inactive|Mirthinion has 30 seconds left.\n|inactive|Mirthinion has 20 seconds left.\n|\n|t:|1773857550\n|move|p2b: Miraidon|Protect|p2b: Miraidon\n|-singleturn|p2b: Miraidon|Protect\n|move|p1b: Mithrandir|Astral Barrage|p2b: Miraidon|[spread] \n|-activate|p2b: Miraidon|move: Protect\n|-immune|p2a: Terapagos\n|move|p2a: Terapagos|Earth Power|p1b: Mithrandir\n|-damage|p1b: Mithrandir|0 fnt\n|faint|p1b: Mithrandir\n|cant|p1a: Drambor|par\n|\n|upkeep\n|\n|t:|1773857561\n|switch|p1b: Beowulf|Urshifu-Rapid-Strike, L50, M|100/100\n|turn|7\n|\n|t:|1773857569\n|move|p1b: Beowulf|Aqua Jet|p2a: Terapagos\n|-activate|p2a: Terapagos|ability: Tera Shell\n|-resisted|p2a: Terapagos\n|-damage|p2a: Terapagos|85/100\n|move|p2b: Miraidon|Electro Drift|p1b: Beowulf\n|-supereffective|p1b: Beowulf\n|-damage|p1b: Beowulf|0 fnt\n|faint|p1b: Beowulf\n|-damage|p2b: Miraidon|19/100|[from] item: Life Orb\n|move|p2a: Terapagos|Earth Power|p1a: Drambor\n|-resisted|p1a: Drambor\n|-damage|p1a: Drambor|0 fnt\n|faint|p1a: Drambor\n|\n|win|Realfrytki\n|raw|Mirthinion's rating: 1459 &rarr; <strong>1445</strong><br />(-14 for losing)\n|raw|Realfrytki's rating: 1563 &rarr; <strong>1577</strong><br />(+14 for winning)\n|l|\u2606Realfrytki\n|player|p2|\n|l|\u2606Mirthinion\n|player|p1|\n","uploadtime":1773857583,"views":84,"formatid":"gen9vgc2026regi","rating":1445,"private":0,"password":null}