{"id":"gen9vgc2026regi-2565308835","format":"[Gen 9] VGC 2026 Reg I","players":["ev_evan","ScribbleScribble"],"log":"|j|\u2606ev_evan\n|j|\u2606ScribbleScribble\n|t:|1774261039\n|gametype|doubles\n|player|p1|ev_evan|101|1446\n|player|p2|ScribbleScribble|mina-lgpe|1622\n|gen|9\n|tier|[Gen 9] VGC 2026 Reg I\n|rated|\n|rule|Species Clause: Limit one of each Pok\u00e9mon\n|rule|Item Clause: Limit 1 of each item\n|clearpoke\n|poke|p1|Raging Bolt, L50|\n|poke|p1|Miraidon, L50|\n|poke|p1|Calyrex-Ice, L50|\n|poke|p1|Incineroar, L50, F|\n|poke|p1|Iron Jugulis, L50|\n|poke|p1|Farigiraf, L50, M|\n|poke|p2|Calyrex-Ice, L50|\n|poke|p2|Kyogre, L50|\n|poke|p2|Tornadus, L50, M|\n|poke|p2|Indeedee-F, L50, F|\n|poke|p2|Urshifu-*, L50, M|\n|poke|p2|Landorus, L50, M|\n|teampreview|4\n|inactive|Battle timer is ON: inactive players will automatically lose when time's up. (requested by ScribbleScribble)\n|inactive|ev_evan also wants the timer to be on.\n|j| ido1234567890\n|l| ido1234567890\n|j| vuongggg\n|j| KittyPON2\n|inactive|ScribbleScribble has 60 seconds left.\n|\n|t:|1774261078\n|teamsize|p1|4\n|teamsize|p2|4\n|start\n|switch|p1a: Iron Jugulis|Iron Jugulis, L50|100/100\n|switch|p1b: Raging Bolt|Raging Bolt, L50|100/100\n|switch|p2a: Calyrex|Calyrex-Ice, L50|100/100\n|switch|p2b: Indeedee|Indeedee-F, L50, F, shiny|100/100\n|-ability|p2a: Calyrex|As One\n|-ability|p2a: Calyrex|Unnerve\n|-fieldstart|move: Psychic Terrain|[from] ability: Psychic Surge|[of] p2b: Indeedee\n|-enditem|p2b: Indeedee|Psychic Seed\n|-boost|p2b: Indeedee|spd|1|[from] item: Psychic Seed\n|turn|1\n|inactive|ev_evan has 30 seconds left.\n|\n|t:|1774261109\n|move|p2b: Indeedee|Follow Me|p2b: Indeedee\n|-singleturn|p2b: Indeedee|move: Follow Me\n|move|p1a: Iron Jugulis|Taunt|p2b: Indeedee\n|-start|p2b: Indeedee|move: Taunt\n|move|p2a: Calyrex|Imprison|p2a: Calyrex\n|-start|p2a: Calyrex|move: Imprison\n|move|p1b: Raging Bolt|Rising Voltage|p2b: Indeedee\n|-damage|p2b: Indeedee|67/100\n|-damage|p1b: Raging Bolt|91/100|[from] item: Life Orb\n|\n|upkeep\n|turn|2\n|\n|t:|1774261123\n|-end|p1a: Iron Jugulis|Quark Drive|[silent]\n|switch|p1a: Miraidon|Miraidon, L50|100/100\n|-fieldstart|move: Electric Terrain|[from] ability: Hadron Engine|[of] p1a: Miraidon\n|switch|p2b: Tornadus|Tornadus, L50, M|100/100\n|-terastallize|p1b: Raging Bolt|Electric\n|move|p2a: Calyrex|Glacial Lance|p1b: Raging Bolt|[spread] p1a,p1b\n|-supereffective|p1a: Miraidon\n|-damage|p1a: Miraidon|0 fnt\n|-damage|p1b: Raging Bolt|43/100\n|faint|p1a: Miraidon\n|-ability|p2a: Calyrex|Chilling Neigh|boost\n|-boost|p2a: Calyrex|atk|1\n|move|p1b: Raging Bolt|Rising Voltage|p2a: Calyrex\n|-hint|Rising Voltage's BP doubled on grounded target.\n|-damage|p2a: Calyrex|0 fnt\n|faint|p2a: Calyrex\n|-damage|p1b: Raging Bolt|33/100|[from] item: Life Orb\n|\n|upkeep\n|l| KittyPON2\n|\n|t:|1774261146\n|switch|p1a: Calyrex|Calyrex-Ice, L50|100/100\n|switch|p2a: Landorus|Landorus, L50, M|100/100\n|-ability|p1a: Calyrex|As One\n|-ability|p1a: Calyrex|Unnerve\n|turn|3\n|\n|t:|1774261159\n|switch|p2b: Indeedee|Indeedee-F, L50, F, shiny|67/100\n|-fieldstart|move: Psychic Terrain|[from] ability: Psychic Surge|[of] p2b: Indeedee\n|-terastallize|p2a: Landorus|Poison\n|move|p1b: Raging Bolt|Thunderclap||[still]\n|-fail|p1b: Raging Bolt\n|move|p2a: Landorus|Sandsear Storm|p1a: Calyrex|[spread] p1a,p1b\n|-supereffective|p1b: Raging Bolt\n|-crit|p1b: Raging Bolt\n|-damage|p1a: Calyrex|54/100\n|-damage|p1b: Raging Bolt|0 fnt\n|faint|p1b: Raging Bolt\n|-end|p1b: Raging Bolt|Protosynthesis|[silent]\n|move|p1a: Calyrex|Glacial Lance|p2a: Landorus|[spread] p2a,p2b\n|-damage|p2a: Landorus|54/100\n|-damage|p2b: Indeedee|22/100\n|\n|-heal|p1a: Calyrex|59/100|[from] item: Leftovers\n|upkeep\n|\n|t:|1774261170\n|switch|p1b: Iron Jugulis|Iron Jugulis, L50|100/100\n|turn|4\n|\n|t:|1774261185\n|move|p2b: Indeedee|Helping Hand|p2a: Landorus\n|-singleturn|p2a: Landorus|Helping Hand|[of] p2b: Indeedee\n|move|p1a: Calyrex|Protect|p1a: Calyrex\n|-singleturn|p1a: Calyrex|Protect\n|move|p1b: Iron Jugulis|Snarl|p2b: Indeedee|[spread] p2a,p2b\n|-supereffective|p2b: Indeedee\n|-damage|p2a: Landorus|34/100\n|-damage|p2b: Indeedee|0 fnt\n|-unboost|p2a: Landorus|spa|1\n|faint|p2b: Indeedee\n|move|p2a: Landorus|Earth Power|p1a: Calyrex\n|-activate|p1a: Calyrex|move: Protect\n|\n|-heal|p1a: Calyrex|65/100|[from] item: Leftovers\n|upkeep\n|\n|t:|1774261189\n|switch|p2b: Tornadus|Tornadus, L50, M|100/100\n|turn|5\n|\n|t:|1774261206\n|move|p2b: Tornadus|Bleakwind Storm|p1a: Calyrex|[spread] p1b\n|-miss|p2b: Tornadus|p1a: Calyrex\n|-damage|p1b: Iron Jugulis|59/100\n|move|p1b: Iron Jugulis|Snarl|p2a: Landorus|[spread] p2a,p2b\n|-damage|p2a: Landorus|15/100\n|-damage|p2b: Tornadus|75/100\n|-unboost|p2a: Landorus|spa|1\n|-unboost|p2b: Tornadus|spa|1\n|move|p2a: Landorus|Earth Power|p1a: Calyrex\n|-damage|p1a: Calyrex|39/100\n|move|p1a: Calyrex|Glacial Lance|p2a: Landorus|[spread] p2a,p2b\n|-supereffective|p2b: Tornadus\n|-crit|p2b: Tornadus\n|-damage|p2a: Landorus|0 fnt\n|-damage|p2b: Tornadus|0 fnt\n|faint|p2a: Landorus\n|faint|p2b: Tornadus\n|\n|win|ev_evan\n|raw|ev_evan's rating: 1419 &rarr; <strong>1450</strong><br />(+31 for winning)\n|raw|ScribbleScribble's rating: 1622 &rarr; <strong>1591</strong><br />(-31 for losing)\n|l|\u2606ScribbleScribble\n|player|p2|\n|l| vuongggg\n|l|\u2606ev_evan\n|player|p1|\n","uploadtime":1774261448,"views":13,"formatid":"gen9vgc2026regi","rating":1450,"private":0,"password":null}