{"id":"gen9vgc2026regi-2525713431","format":"[Gen 9] VGC 2026 Reg I","players":["Bman311","Unskilled99"],"log":"|j|\u2606Bman311\n|j|\u2606Unskilled99\n|t:|1769314089\n|gametype|doubles\n|player|p1|Bman311|cynthia-gen7|1460\n|player|p2|Unskilled99|unknown|1608\n|gen|9\n|tier|[Gen 9] VGC 2026 Reg I\n|rated|\n|rule|Species Clause: Limit one of each Pok\u00e9mon\n|rule|Item Clause: Limit 1 of each item\n|clearpoke\n|poke|p1|Calyrex-Shadow, L50|\n|poke|p1|Zamazenta-*, L50|\n|poke|p1|Maushold-Four, L50|\n|poke|p1|Rillaboom, L50, F|\n|poke|p1|Incineroar, L50, F|\n|poke|p1|Raging Bolt, L50|\n|poke|p2|Calyrex-Shadow, L50|\n|poke|p2|Zamazenta-*, L50|\n|poke|p2|Chien-Pao, L50|\n|poke|p2|Dragonite, L50, M|\n|poke|p2|Raging Bolt, L50|\n|poke|p2|Amoonguss, L50, F|\n|teampreview|4\n|inactive|Battle timer is ON: inactive players will automatically lose when time's up. (requested by Bman311)\n|inactive|Unskilled99 has 60 seconds left.\n|\n|t:|1769314125\n|teamsize|p1|4\n|teamsize|p2|4\n|start\n|switch|p1a: Calyrex|Calyrex-Shadow, L50|100/100\n|switch|p1b: Maushold|Maushold-Four, L50|100/100\n|switch|p2a: Chien-Pao|Chien-Pao, L50|100/100\n|switch|p2b: Zamazenta|Zamazenta-Crowned, L50|100/100\n|-ability|p1a: Calyrex|As One\n|-ability|p1a: Calyrex|Unnerve\n|-ability|p2a: Chien-Pao|Sword of Ruin\n|-ability|p2b: Zamazenta|Dauntless Shield|boost\n|-boost|p2b: Zamazenta|def|1\n|turn|1\n|j| riyuezi\n|inactive|Bman311 has 30 seconds left.\n|\n|t:|1769314150\n|-terastallize|p1a: Calyrex|Dark\n|move|p1b: Maushold|Feint|p2a: Chien-Pao\n|-damage|p2a: Chien-Pao|89/100\n|move|p1a: Calyrex|Astral Barrage|p2a: Chien-Pao|[spread] p2a,p2b\n|-resisted|p2a: Chien-Pao\n|-damage|p2a: Chien-Pao|59/100\n|-damage|p2b: Zamazenta|54/100\n|-damage|p1a: Calyrex|91/100|[from] item: Life Orb\n|move|p2a: Chien-Pao|Icy Wind|p1b: Maushold|[spread] p1a,p1b\n|-damage|p1a: Calyrex|84/100\n|-damage|p1b: Maushold|87/100\n|-unboost|p1a: Calyrex|spe|1\n|-unboost|p1b: Maushold|spe|1\n|move|p2b: Zamazenta|Body Press|p1b: Maushold\n|-supereffective|p1b: Maushold\n|-damage|p1b: Maushold|0 fnt\n|faint|p1b: Maushold\n|\n|upkeep\n|\n|t:|1769314163\n|switch|p1b: Incineroar|Incineroar, L50, F|100/100\n|-ability|p1b: Incineroar|Intimidate|boost\n|-unboost|p2a: Chien-Pao|atk|1\n|-unboost|p2b: Zamazenta|atk|1\n|turn|2\n|\n|t:|1769314172\n|switch|p1a: Zamazenta|Zamazenta-Crowned, L50|100/100\n|-ability|p1a: Zamazenta|Dauntless Shield|boost\n|-boost|p1a: Zamazenta|def|1\n|move|p2b: Zamazenta|Protect|p2b: Zamazenta\n|-singleturn|p2b: Zamazenta|Protect\n|move|p1b: Incineroar|Fake Out|p2b: Zamazenta\n|-activate|p2b: Zamazenta|move: Protect\n|move|p2a: Chien-Pao|Ruination|p1b: Incineroar\n|-damage|p1b: Incineroar|50/100\n|\n|upkeep\n|turn|3\n|\n|t:|1769314184\n|move|p1a: Zamazenta|Protect|p1a: Zamazenta\n|-singleturn|p1a: Zamazenta|Protect\n|move|p2a: Chien-Pao|Ruination|p1a: Zamazenta\n|-activate|p1a: Zamazenta|move: Protect\n|move|p2b: Zamazenta|Body Press|p1b: Incineroar\n|-supereffective|p1b: Incineroar\n|-damage|p1b: Incineroar|0 fnt\n|faint|p1b: Incineroar\n|\n|upkeep\n|\n|t:|1769314191\n|switch|p1b: Calyrex|Calyrex-Shadow, L50, tera:Dark|84/100\n|-ability|p1b: Calyrex|As One\n|-ability|p1b: Calyrex|Unnerve\n|turn|4\n|\n|t:|1769314207\n|move|p1b: Calyrex|Psychic|p2b: Zamazenta\n|-damage|p2b: Zamazenta|10/100\n|-damage|p1b: Calyrex|74/100|[from] item: Life Orb\n|move|p2a: Chien-Pao|Ruination|p1a: Zamazenta\n|-damage|p1a: Zamazenta|51/100\n|move|p1a: Zamazenta|Body Press|p2a: Chien-Pao\n|-supereffective|p2a: Chien-Pao\n|-damage|p2a: Chien-Pao|0 fnt\n|faint|p2a: Chien-Pao\n|move|p2b: Zamazenta|Body Press|p1a: Zamazenta\n|-supereffective|p1a: Zamazenta\n|-damage|p1a: Zamazenta|1/100\n|\n|upkeep\n|l| riyuezi\n|inactive|Unskilled99 has 30 seconds left.\n|c|\u2606Unskilled99|ah\n|inactive|Unskilled99 has 20 seconds left.\n|\n|t:|1769314244\n|switch|p2a: Calyrex|Calyrex-Shadow, L50|100/100\n|-ability|p2a: Calyrex|As One\n|-ability|p2a: Calyrex|Unnerve\n|turn|5\n|\n|t:|1769314258\n|move|p1a: Zamazenta|Protect|p1a: Zamazenta\n|-singleturn|p1a: Zamazenta|Protect\n|move|p2a: Calyrex|Encore|p1b: Calyrex\n|-start|p1b: Calyrex|Encore\n|move|p1b: Calyrex|Psychic|p2b: Zamazenta\n|-damage|p2b: Zamazenta|0 fnt\n|faint|p2b: Zamazenta\n|-ability|p1b: Calyrex|Grim Neigh|boost\n|-boost|p1b: Calyrex|spa|1\n|-damage|p1b: Calyrex|64/100|[from] item: Life Orb\n|\n|upkeep\n|\n|t:|1769314265\n|switch|p2b: Raging Bolt|Raging Bolt, L50|100/100\n|-enditem|p2b: Raging Bolt|Booster Energy\n|-activate|p2b: Raging Bolt|ability: Protosynthesis|[fromitem]\n|-start|p2b: Raging Bolt|protosynthesisspa\n|turn|6\n|\n|t:|1769314275\n|-terastallize|p2b: Raging Bolt|Electric\n|move|p1a: Zamazenta|Wide Guard|p1a: Zamazenta\n|-singleturn|p1a: Zamazenta|Wide Guard\n|move|p2b: Raging Bolt|Thunderclap|p1b: Calyrex\n|-damage|p1b: Calyrex|0 fnt\n|faint|p1b: Calyrex\n|move|p2a: Calyrex|Psychic|p1a: Zamazenta\n|-damage|p1a: Zamazenta|0 fnt\n|faint|p1a: Zamazenta\n|\n|win|Unskilled99\n|raw|Bman311's rating: 1460 &rarr; <strong>1448</strong><br />(-12 for losing)\n|raw|Unskilled99's rating: 1608 &rarr; <strong>1620</strong><br />(+12 for winning)\n|l|\u2606Bman311\n|player|p1|\n|l|\u2606Unskilled99\n|player|p2|\n","uploadtime":1769314427,"views":37,"formatid":"gen9vgc2026regi","rating":1448,"private":0,"password":null}