{"id":"gen9vgc2026regi-2552545477","format":"[Gen 9] VGC 2026 Reg I","players":["Feenir","VJ2511"],"log":"|j|\u2606Feenir\n|j|\u2606VJ2511\n|t:|1772731221\n|gametype|doubles\n|player|p1|Feenir|2|1478\n|player|p2|VJ2511|red-masters3|1596\n|gen|9\n|tier|[Gen 9] VGC 2026 Reg I\n|rated|\n|rule|Species Clause: Limit one of each Pok\u00e9mon\n|rule|Item Clause: Limit 1 of each item\n|clearpoke\n|poke|p1|Miraidon, L50|\n|poke|p1|Landorus, L50, M|\n|poke|p1|Ursaluna, L50, F|\n|poke|p1|Calyrex-Ice, L50|\n|poke|p1|Whimsicott, L50, F|\n|poke|p1|Farigiraf, L50, M|\n|poke|p2|Calyrex-Shadow, L50|\n|poke|p2|Zamazenta-*, L50|\n|poke|p2|Chien-Pao, L50|\n|poke|p2|Dragonite, L50, F|\n|poke|p2|Raging Bolt, L50|\n|poke|p2|Amoonguss, L50, F|\n|teampreview|4\n|inactive|Battle timer is ON: inactive players will automatically lose when time's up. (requested by VJ2511)\n|\n|t:|1772731247\n|teamsize|p1|4\n|teamsize|p2|4\n|start\n|switch|p1a: Calyrex|Calyrex-Ice, L50|100/100\n|switch|p1b: Landorus|Landorus, L50, M|100/100\n|switch|p2a: Zamazenta|Zamazenta-Crowned, L50|100/100\n|switch|p2b: Chien-Pao|Chien-Pao, L50|100/100\n|-ability|p1a: Calyrex|As One\n|-ability|p1a: Calyrex|Unnerve\n|-ability|p2b: Chien-Pao|Sword of Ruin\n|-ability|p2a: Zamazenta|Dauntless Shield|boost\n|-boost|p2a: Zamazenta|def|1\n|turn|1\n|inactive|Feenir has 30 seconds left.\n|inactive|Feenir has 20 seconds left.\n|\n|t:|1772731286\n|-terastallize|p2a: Zamazenta|Dragon\n|-terastallize|p1b: Landorus|Fairy\n|move|p1a: Calyrex|Protect|p1a: Calyrex\n|-singleturn|p1a: Calyrex|Protect\n|move|p2b: Chien-Pao|Ruination|p1a: Calyrex\n|-activate|p1a: Calyrex|move: Protect\n|move|p2a: Zamazenta|Body Press|p1a: Calyrex\n|-activate|p1a: Calyrex|move: Protect\n|move|p1b: Landorus|Earth Power|p2a: Zamazenta\n|-damage|p2a: Zamazenta|48/100\n|\n|upkeep\n|turn|2\n|\n|t:|1772731305\n|switch|p1a: Farigiraf|Farigiraf, L50, M|100/100\n|move|p2b: Chien-Pao|Ruination|p1a: Farigiraf\n|-damage|p1a: Farigiraf|51/100\n|move|p2a: Zamazenta|Body Press|p1a: Farigiraf\n|-damage|p1a: Farigiraf|0 fnt\n|faint|p1a: Farigiraf\n|move|p1b: Landorus|Earth Power|p2a: Zamazenta\n|-damage|p2a: Zamazenta|0 fnt\n|faint|p2a: Zamazenta\n|\n|upkeep\n|\n|t:|1772731312\n|switch|p2a: Calyrex|Calyrex-Shadow, L50|100/100\n|switch|p1a: Miraidon|Miraidon, L50|100/100\n|-ability|p2a: Calyrex|As One\n|-ability|p2a: Calyrex|Unnerve\n|-fieldstart|move: Electric Terrain|[from] ability: Hadron Engine|[of] p1a: Miraidon\n|turn|3\n|\n|t:|1772731323\n|move|p2a: Calyrex|Protect|p2a: Calyrex\n|-singleturn|p2a: Calyrex|Protect\n|move|p1a: Miraidon|Dazzling Gleam|p2a: Calyrex|[spread] p2b\n|-activate|p2a: Calyrex|move: Protect\n|-supereffective|p2b: Chien-Pao\n|-damage|p2b: Chien-Pao|47/100\n|move|p2b: Chien-Pao|Ice Spinner|p1a: Miraidon\n|-supereffective|p1a: Miraidon\n|-crit|p1a: Miraidon\n|-damage|p1a: Miraidon|0 fnt\n|-fieldend|move: Electric Terrain\n|faint|p1a: Miraidon\n|move|p1b: Landorus|Earth Power|p2a: Calyrex\n|-activate|p2a: Calyrex|move: Protect\n|\n|upkeep\n|\n|t:|1772731325\n|switch|p1a: Calyrex|Calyrex-Ice, L50|100/100\n|-ability|p1a: Calyrex|As One\n|-ability|p1a: Calyrex|Unnerve\n|turn|4\n|\n|t:|1772731338\n|move|p2a: Calyrex|Astral Barrage|p1b: Landorus|[spread] p1a,p1b\n|-supereffective|p1a: Calyrex\n|-damage|p1a: Calyrex|31/100\n|-damage|p1b: Landorus|40/100\n|move|p2b: Chien-Pao|Ruination|p1b: Landorus\n|-damage|p1b: Landorus|20/100\n|move|p1b: Landorus|Earth Power|p2a: Calyrex\n|-damage|p2a: Calyrex|20/100\n|move|p1a: Calyrex|Glacial Lance|p2b: Chien-Pao|[spread] p2a,p2b\n|-resisted|p2b: Chien-Pao\n|-damage|p2a: Calyrex|0 fnt\n|-damage|p2b: Chien-Pao|7/100\n|faint|p2a: Calyrex\n|-ability|p1a: Calyrex|Chilling Neigh|boost\n|-boost|p1a: Calyrex|atk|1\n|\n|upkeep\n|c|\u2606Feenir|gg\n|\n|t:|1772731341\n|switch|p2a: Dragonite|Dragonite, L50, F, shiny|100/100\n|turn|5\n|c|\u2606VJ2511|?\n|c|\u2606VJ2511|games not over yet\n|inactive|Feenir has 30 seconds left.\n|c|\u2606Feenir|e-speed and chien pao\n|inactive|Feenir has 20 seconds left.\n|c|\u2606VJ2511|lets see if it kos\n|inactive|Feenir has 15 seconds left.\n|\n|t:|1772731384\n|move|p1a: Calyrex|Protect|p1a: Calyrex\n|-singleturn|p1a: Calyrex|Protect\n|move|p2a: Dragonite|Extreme Speed|p1a: Calyrex\n|-activate|p1a: Calyrex|move: Protect\n|move|p2b: Chien-Pao|Ice Spinner|p1b: Landorus\n|-damage|p1b: Landorus|0 fnt\n|faint|p1b: Landorus\n|\n|upkeep\n|turn|6\n|c|\u2606VJ2511|dont need to see ig\n|c|\u2606VJ2511|ggs\n|\n|t:|1772731398\n|move|p2a: Dragonite|Extreme Speed|p1a: Calyrex\n|-damage|p1a: Calyrex|0 fnt\n|faint|p1a: Calyrex\n|\n|win|VJ2511\n|raw|Feenir's rating: 1478 &rarr; <strong>1465</strong><br />(-13 for losing)\n|raw|VJ2511's rating: 1596 &rarr; <strong>1609</strong><br />(+13 for winning)\n|c|\u2606Feenir|gg\n|l|\u2606VJ2511\n|player|p2|\n|l|\u2606Feenir\n|player|p1|\n","uploadtime":1772731664,"views":15,"formatid":"gen9vgc2026regi","rating":1465,"private":0,"password":null}