{"id":"gen9vgc2026regi-2568811326","format":"[Gen 9] VGC 2026 Reg I","players":["bbqsus","Binky11"],"log":"|j|\u2606bbqsus\n|j|\u2606Binky11\n|t:|1774624863\n|gametype|doubles\n|player|p1|bbqsus|brycenman|1440\n|player|p2|Binky11|miku-ice|1566\n|gen|9\n|tier|[Gen 9] VGC 2026 Reg I\n|rated|\n|rule|Species Clause: Limit one of each Pok\u00e9mon\n|rule|Item Clause: Limit 1 of each item\n|clearpoke\n|poke|p1|Calyrex-Shadow, L50|\n|poke|p1|Smeargle, L50, M|\n|poke|p1|Torkoal, L50, M|\n|poke|p1|Flamigo, L50, F|\n|poke|p1|Dialga-Origin, L50|\n|poke|p1|Muk-Alola, L50, F|\n|poke|p2|Kyogre, L50|\n|poke|p2|Necrozma-Dusk-Mane, L50|\n|poke|p2|Amoonguss, L50, M|\n|poke|p2|Iron Jugulis, L50|\n|poke|p2|Raging Bolt, L50|\n|poke|p2|Urshifu-*, L50, F|\n|teampreview|4\n|inactive|Battle timer is ON: inactive players will automatically lose when time's up. (requested by bbqsus)\n|\n|t:|1774624892\n|teamsize|p1|4\n|teamsize|p2|4\n|start\n|switch|p1a: Smeargle|Smeargle, L50, M, shiny|100/100\n|switch|p1b: Muk|Muk-Alola, L50, F, shiny|100/100\n|switch|p2a: Iron Jugulis|Iron Jugulis, L50|100/100\n|switch|p2b: Urshifu|Urshifu-Rapid-Strike, L50, F|100/100\n|-enditem|p2a: Iron Jugulis|Booster Energy\n|-activate|p2a: Iron Jugulis|ability: Quark Drive|[fromitem]\n|-start|p2a: Iron Jugulis|quarkdrivespe\n|turn|1\n|l|\u2606bbqsus\n|inactive|bbqsus disconnected and has a minute to reconnect!\n|player|p1|\n|j|\u2606bbqsus\n|inactive|bbqsus reconnected and has 40 seconds left.\n|player|p1|bbqsus|brycenman|\n|inactive|bbqsus has 30 seconds left.\n|\n|t:|1774624922\n|-terastallize|p1b: Muk|Grass\n|move|p1a: Smeargle|Fake Out|p2a: Iron Jugulis\n|-damage|p2a: Iron Jugulis|95/100\n|cant|p2a: Iron Jugulis|flinch\n|move|p2b: Urshifu|Taunt|p1a: Smeargle\n|-start|p1a: Smeargle|move: Taunt\n|move|p1b: Muk|Minimize|p1b: Muk\n|-boost|p1b: Muk|evasion|2\n|\n|-ability|p1a: Smeargle|Moody|boost\n|-boost|p1a: Smeargle|spd|2\n|-unboost|p1a: Smeargle|spe|1\n|upkeep\n|turn|2\n|\n|t:|1774624946\n|move|p2a: Iron Jugulis|Tailwind|p2a: Iron Jugulis\n|-sidestart|p2: Binky11|move: Tailwind\n|move|p2b: Urshifu|Surging Strikes|p1a: Smeargle\n|-crit|p1a: Smeargle\n|-damage|p1a: Smeargle|45/100\n|-crit|p1a: Smeargle\n|-damage|p1a: Smeargle|0 fnt\n|faint|p1a: Smeargle\n|-ability|p1b: Muk|Moody|Power of Alchemy|[from] ability: Power of Alchemy|[of] p1a: Smeargle\n|-hitcount|p1: Smeargle|2\n|move|p1b: Muk|Minimize|p1b: Muk\n|-boost|p1b: Muk|evasion|2\n|\n|-ability|p1b: Muk|Moody|boost\n|-boost|p1b: Muk|atk|2\n|-unboost|p1b: Muk|spd|1\n|upkeep\n|\n|t:|1774624960\n|switch|p1a: Flamigo|Flamigo, L50, F, shiny|100/100\n|-copyboost|p1a: Flamigo|p1b: Muk|[from] ability: Costar\n|-enditem|p1a: Flamigo|White Herb\n|-clearnegativeboost|p1a: Flamigo|[silent]\n|turn|3\n|j| Machinationz\n|\n|t:|1774624976\n|switch|p2b: Kyogre|Kyogre, L50|100/100\n|-weather|RainDance|[from] ability: Drizzle|[of] p2b: Kyogre\n|move|p2a: Iron Jugulis|Hurricane|p1a: Flamigo\n|-supereffective|p1a: Flamigo\n|-damage|p1a: Flamigo|0 fnt\n|faint|p1a: Flamigo\n|move|p1b: Muk|Minimize|p1b: Muk\n|-boost|p1b: Muk|evasion|2\n|\n|-weather|RainDance|[upkeep]\n|-ability|p1b: Muk|Moody|boost\n|-boost|p1b: Muk|spa|2\n|-unboost|p1b: Muk|spd|1\n|upkeep\n|\n|t:|1774624984\n|switch|p1a: Calyrex|Calyrex-Shadow, L50|100/100\n|-ability|p1a: Calyrex|As One\n|-ability|p1a: Calyrex|Unnerve\n|turn|4\n|\n|t:|1774624993\n|move|p1a: Calyrex|Protect|p1a: Calyrex\n|-singleturn|p1a: Calyrex|Protect\n|move|p2a: Iron Jugulis|Hurricane|p1b: Muk\n|-supereffective|p1b: Muk\n|-damage|p1b: Muk|0 fnt\n|faint|p1b: Muk\n|move|p2b: Kyogre|Water Spout|p1a: Calyrex\n|-activate|p1a: Calyrex|move: Protect\n|\n|-weather|RainDance|[upkeep]\n|upkeep\n|turn|5\n|-message|bbqsus forfeited.\n|\n|win|Binky11\n|raw|bbqsus's rating: 1440 &rarr; <strong>1427</strong><br />(-13 for losing)\n|raw|Binky11's rating: 1566 &rarr; <strong>1579</strong><br />(+13 for winning)\n|l|\u2606bbqsus\n|player|p1|\n|l|\u2606Binky11\n|player|p2|\n|l| Machinationz\n","uploadtime":1774625012,"views":30,"formatid":"gen9vgc2026regi","rating":1427,"private":0,"password":null}