{"id":"gen9vgc2026regi-2528185401","format":"[Gen 9] VGC 2026 Reg I","players":["CHR1SPHX","Electroely"],"log":"|j|\u2606CHR1SPHX\n|j|\u2606Electroely\n|t:|1769628062\n|gametype|doubles\n|player|p1|CHR1SPHX|hilbert-wonderlauncher|1296\n|player|p2|Electroely|hiker-gen4|1249\n|gen|9\n|tier|[Gen 9] VGC 2026 Reg I\n|rated|\n|rule|Species Clause: Limit one of each Pok\u00e9mon\n|rule|Item Clause: Limit 1 of each item\n|clearpoke\n|poke|p1|Incineroar, L50, M|\n|poke|p1|Koraidon, L50|\n|poke|p1|Flutter Mane, L50|\n|poke|p1|Brute Bonnet, L50|\n|poke|p1|Indeedee-F, L50, F|\n|poke|p1|Groudon, L50|\n|poke|p2|Grimmsnarl, L50, M|\n|poke|p2|Okidogi, L50, M|\n|poke|p2|Sinistcha, L50|\n|poke|p2|Miraidon, L50|\n|poke|p2|Incineroar, L50, F|\n|poke|p2|Terapagos, L50, M|\n|teampreview|4\n|inactive|Battle timer is ON: inactive players will automatically lose when time's up. (requested by Electroely)\n|inactive|CHR1SPHX also wants the timer to be on.\n|inactive|CHR1SPHX has 60 seconds left.\n|inactive|Electroely has 60 seconds left.\n|\n|t:|1769628117\n|teamsize|p1|4\n|teamsize|p2|4\n|start\n|switch|p1a: Groudon|Groudon, L50|100/100\n|switch|p1b: Flutter Mane|Flutter Mane, L50|100/100\n|switch|p2a: Grimmsnarl|Grimmsnarl, L50, M|100/100\n|switch|p2b: Incineroar|Incineroar, L50, F|100/100\n|-weather|SunnyDay|[from] ability: Drought|[of] p1a: Groudon\n|-activate|p1b: Flutter Mane|ability: Protosynthesis\n|-start|p1b: Flutter Mane|protosynthesisspe\n|-ability|p2b: Incineroar|Intimidate|boost\n|-fail|p1a: Groudon|unboost|[from] item: Clear Amulet|[of] p1a: Groudon\n|-unboost|p1b: Flutter Mane|atk|1\n|turn|1\n|\n|t:|1769628130\n|-end|p1b: Flutter Mane|Protosynthesis|[silent]\n|switch|p1b: Indeedee|Indeedee-F, L50, F|100/100\n|-fieldstart|move: Psychic Terrain|[from] ability: Psychic Surge|[of] p1b: Indeedee\n|move|p2b: Incineroar|Fake Out|p1a: Groudon\n|-activate|p1a: Groudon|move: Psychic Terrain\n|move|p2a: Grimmsnarl|Light Screen|p2a: Grimmsnarl\n|-sidestart|p2: Electroely|move: Light Screen\n|move|p1a: Groudon|Stealth Rock|p2a: Grimmsnarl\n|-sidestart|p2: Electroely|move: Stealth Rock\n|\n|-weather|SunnyDay|[upkeep]\n|upkeep\n|turn|2\n|\n|t:|1769628145\n|move|p1b: Indeedee|Helping Hand|p1a: Groudon\n|-singleturn|p1a: Groudon|Helping Hand|[of] p1b: Indeedee\n|move|p2a: Grimmsnarl|Reflect|p2a: Grimmsnarl\n|-sidestart|p2: Electroely|Reflect\n|move|p1a: Groudon|Precipice Blades|p2b: Incineroar|[spread] p2a,p2b\n|-supereffective|p2b: Incineroar\n|-damage|p2a: Grimmsnarl|44/100\n|-damage|p2b: Incineroar|13/100\n|move|p2b: Incineroar|U-turn|p1b: Indeedee\n|-supereffective|p1b: Indeedee\n|-damage|p1b: Indeedee|68/100\n|\n|t:|1769628149\n|switch|p2b: Okidogi|Okidogi, L50, M|100/100|[from] U-turn\n|-damage|p2b: Okidogi|94/100|[from] Stealth Rock\n|\n|-weather|SunnyDay|[upkeep]\n|upkeep\n|turn|3\n|j| riyuezi\n|\n|t:|1769628168\n|-terastallize|p2b: Okidogi|Dark\n|move|p1b: Indeedee|Helping Hand|p1a: Groudon\n|-singleturn|p1a: Groudon|Helping Hand|[of] p1b: Indeedee\n|move|p2a: Grimmsnarl|Misty Terrain|p2a: Grimmsnarl\n|-fieldstart|move: Misty Terrain\n|move|p1a: Groudon|Precipice Blades|p2a: Grimmsnarl|[spread] p2a,p2b\n|-damage|p2a: Grimmsnarl|0 fnt\n|-damage|p2b: Okidogi|48/100\n|-enditem|p2b: Okidogi|Sitrus Berry|[eat]\n|-heal|p2b: Okidogi|73/100|[from] item: Sitrus Berry\n|faint|p2a: Grimmsnarl\n|move|p2b: Okidogi|Bulk Up|p2b: Okidogi\n|-boost|p2b: Okidogi|atk|1\n|-boost|p2b: Okidogi|def|1\n|\n|-weather|SunnyDay|[upkeep]\n|upkeep\n|\n|t:|1769628178\n|switch|p2a: Incineroar|Incineroar, L50, F|13/100\n|-damage|p2a: Incineroar|0 fnt|[from] Stealth Rock\n|faint|p2a: Incineroar\n|\n|t:|1769628180\n|switch|p2a: Miraidon|Miraidon, L50|100/100\n|-damage|p2a: Miraidon|88/100|[from] Stealth Rock\n|-fieldstart|move: Electric Terrain|[from] ability: Hadron Engine|[of] p2a: Miraidon\n|turn|4\n|\n|t:|1769628197\n|switch|p1a: Incineroar|Incineroar, L50, M|100/100\n|-ability|p1a: Incineroar|Intimidate|boost\n|-unboost|p2a: Miraidon|atk|1\n|-ability|p2b: Okidogi|Guard Dog|boost\n|-boost|p2b: Okidogi|atk|1\n|-terastallize|p1b: Indeedee|Ground\n|move|p2a: Miraidon|Draco Meteor|p1a: Incineroar\n|-damage|p1a: Incineroar|23/100\n|-unboost|p2a: Miraidon|spa|2\n|-enditem|p1a: Incineroar|Aguav Berry|[eat]\n|-heal|p1a: Incineroar|56/100|[from] item: Aguav Berry\n|move|p2b: Okidogi|Bulk Up|p2b: Okidogi\n|-boost|p2b: Okidogi|atk|1\n|-boost|p2b: Okidogi|def|1\n|move|p1b: Indeedee|Trick Room|p1b: Indeedee\n|-fieldstart|move: Trick Room|[of] p1b: Indeedee\n|\n|-weather|SunnyDay|[upkeep]\n|upkeep\n|turn|5\n|\n|t:|1769628221\n|move|p1a: Incineroar|Fake Out|p2b: Okidogi\n|-damage|p2b: Okidogi|69/100\n|cant|p2b: Okidogi|flinch\n|move|p1b: Indeedee|Dazzling Gleam|p2a: Miraidon|[spread] p2a,p2b\n|-supereffective|p2a: Miraidon\n|-supereffective|p2b: Okidogi\n|-damage|p2a: Miraidon|72/100\n|-damage|p2b: Okidogi|53/100\n|move|p2a: Miraidon|Draco Meteor|p1a: Incineroar\n|-damage|p1a: Incineroar|15/100\n|-unboost|p2a: Miraidon|spa|2\n|\n|-weather|none\n|upkeep\n|turn|6\n|l| riyuezi\n|\n|t:|1769628241\n|move|p1a: Incineroar|Flare Blitz|p2b: Okidogi\n|-damage|p2b: Okidogi|37/100\n|-damage|p1a: Incineroar|10/100|[from] Recoil\n|move|p2b: Okidogi|Drain Punch|p1b: Indeedee\n|-damage|p1b: Indeedee|0 fnt\n|-heal|p2b: Okidogi|68/100|[from] drain|[of] p1b: Indeedee\n|faint|p1b: Indeedee\n|move|p2a: Miraidon|Draco Meteor|p1a: Incineroar\n|-damage|p1a: Incineroar|0 fnt\n|-unboost|p2a: Miraidon|spa|2\n|faint|p1a: Incineroar\n|\n|upkeep\n|\n|t:|1769628249\n|switch|p1a: Groudon|Groudon, L50|100/100\n|switch|p1b: Flutter Mane|Flutter Mane, L50|100/100\n|-weather|SunnyDay|[from] ability: Drought|[of] p1a: Groudon\n|-activate|p1b: Flutter Mane|ability: Protosynthesis\n|-start|p1b: Flutter Mane|protosynthesisspe\n|turn|7\n|\n|t:|1769628256\n|move|p2b: Okidogi|Gunk Shot|p1b: Flutter Mane\n|-enditem|p1b: Flutter Mane|Focus Sash\n|-damage|p1b: Flutter Mane|1/100\n|move|p1a: Groudon|Precipice Blades|p2b: Okidogi|[spread] p2a,p2b\n|-supereffective|p2a: Miraidon\n|-crit|p2b: Okidogi\n|-damage|p2a: Miraidon|1/100\n|-damage|p2b: Okidogi|1/100\n|move|p1b: Flutter Mane|Dazzling Gleam|p2a: Miraidon|[spread] p2a,p2b\n|-supereffective|p2a: Miraidon\n|-supereffective|p2b: Okidogi\n|-damage|p2a: Miraidon|0 fnt\n|-damage|p2b: Okidogi|0 fnt\n|faint|p2a: Miraidon\n|faint|p2b: Okidogi\n|\n|win|CHR1SPHX\n|raw|CHR1SPHX's rating: 1296 &rarr; <strong>1318</strong><br />(+22 for winning)\n|raw|Electroely's rating: 1249 &rarr; <strong>1227</strong><br />(-22 for losing)\n|c|\u2606CHR1SPHX|gg\n|l|\u2606CHR1SPHX\n|player|p1|\n","uploadtime":1769628431,"views":21,"formatid":"gen9vgc2026regi","rating":1227,"private":0,"password":null}