{"id":"gen9vgc2026regi-2514740420","format":"[Gen 9] VGC 2026 Reg I","players":["SnorlaxPikachu1","alxback"],"log":"|j|\u2606SnorlaxPikachu1\n|j|\u203dalxback\n|t:|1767903117\n|gametype|doubles\n|player|p1|SnorlaxPikachu1|palmer|1404\n|player|p2|alxback|swimmer|1277\n|gen|9\n|tier|[Gen 9] VGC 2026 Reg I\n|rated|\n|rule|Species Clause: Limit one of each Pok\u00e9mon\n|rule|Item Clause: Limit 1 of each item\n|clearpoke\n|poke|p1|Terapagos, L50, M|\n|poke|p1|Calyrex-Shadow, L50|\n|poke|p1|Incineroar, L50, F|\n|poke|p1|Flutter Mane, L50|\n|poke|p1|Ogerpon-Cornerstone, L50, F|\n|poke|p1|Rillaboom, L50, M|\n|poke|p2|Calyrex-Shadow, L50|\n|poke|p2|Zamazenta-*, L50|\n|poke|p2|Raging Bolt, L50|\n|poke|p2|Rillaboom, L50, M|\n|poke|p2|Tornadus, L50, M|\n|poke|p2|Smeargle, L50, M|\n|teampreview|4\n|inactive|Battle timer is ON: inactive players will automatically lose when time's up. (requested by alxback)\n|inactive|SnorlaxPikachu1 has 60 seconds left.\n|\n|t:|1767903158\n|teamsize|p1|4\n|teamsize|p2|4\n|start\n|switch|p1a: Incineroar|Incineroar, L50, F|100/100\n|switch|p1b: Calyrex|Calyrex-Shadow, L50|100/100\n|switch|p2a: Calyrex|Calyrex-Shadow, L50|100/100\n|switch|p2b: Smeargle|Smeargle, L50, M|100/100\n|-ability|p1b: Calyrex|As One\n|-ability|p1b: Calyrex|Unnerve\n|-ability|p2a: Calyrex|As One\n|-ability|p2a: Calyrex|Unnerve\n|-ability|p1a: Incineroar|Intimidate|boost\n|-unboost|p2a: Calyrex|atk|1\n|-unboost|p2b: Smeargle|atk|1\n|turn|1\n|inactive|alxback has 30 seconds left.\n|\n|t:|1767903184\n|-terastallize|p2a: Calyrex|Dark\n|move|p2b: Smeargle|Fake Out|p1b: Calyrex\n|-immune|p1b: Calyrex\n|move|p1a: Incineroar|Fake Out|p2b: Smeargle\n|-damage|p2b: Smeargle|79/100\n|move|p1b: Calyrex|Pollen Puff|p2a: Calyrex\n|-supereffective|p2a: Calyrex\n|-damage|p2a: Calyrex|30/100\n|move|p2a: Calyrex|Nasty Plot|p2a: Calyrex\n|-boost|p2a: Calyrex|spa|2\n|\n|-ability|p2b: Smeargle|Moody|boost\n|-boost|p2b: Smeargle|spa|2\n|-unboost|p2b: Smeargle|spe|1\n|upkeep\n|turn|2\n|\n|t:|1767903203\n|move|p2b: Smeargle|Follow Me|p2b: Smeargle\n|-singleturn|p2b: Smeargle|move: Follow Me\n|move|p1b: Calyrex|Pollen Puff|p2b: Smeargle\n|-damage|p2b: Smeargle|0 fnt\n|faint|p2b: Smeargle\n|-ability|p1b: Calyrex|Grim Neigh|boost\n|-boost|p1b: Calyrex|spa|1\n|move|p2a: Calyrex|Astral Barrage|p1b: Calyrex|[spread] p1a,p1b\n|-resisted|p1a: Incineroar\n|-supereffective|p1b: Calyrex\n|-damage|p1a: Incineroar|49/100\n|-enditem|p1b: Calyrex|Focus Sash\n|-damage|p1b: Calyrex|1/100\n|move|p1a: Incineroar|Knock Off|p2a: Calyrex\n|-resisted|p2a: Calyrex\n|-damage|p2a: Calyrex|11/100\n|-enditem|p2a: Calyrex|Covert Cloak|[from] move: Knock Off|[of] p1a: Incineroar\n|\n|upkeep\n|\n|t:|1767903219\n|switch|p2b: Rillaboom|Rillaboom, L50, M|100/100\n|-fieldstart|move: Grassy Terrain|[from] ability: Grassy Surge|[of] p2b: Rillaboom\n|turn|3\n|\n|t:|1767903236\n|switch|p1a: Terapagos|Terapagos, L50, M|100/100\n|-activate|p1a: Terapagos|ability: Tera Shift\n|detailschange|p1a: Terapagos|Terapagos-Terastal, L50, M\n|-heal|p1a: Terapagos|100/100|[silent]\n|move|p1b: Calyrex|Protect|p1b: Calyrex\n|-singleturn|p1b: Calyrex|Protect\n|move|p2b: Rillaboom|Grassy Glide|p1b: Calyrex\n|-activate|p1b: Calyrex|move: Protect\n|move|p2a: Calyrex|Astral Barrage|p1b: Calyrex|[spread] \n|-activate|p1b: Calyrex|move: Protect\n|-immune|p1a: Terapagos\n|\n|-heal|p1b: Calyrex|7/100|[from] Grassy Terrain\n|-heal|p2a: Calyrex|17/100|[from] Grassy Terrain\n|upkeep\n|turn|4\n|\n|t:|1767903247\n|move|p2b: Rillaboom|Grassy Glide|p1b: Calyrex\n|-damage|p1b: Calyrex|0 fnt\n|faint|p1b: Calyrex\n|move|p2a: Calyrex|Psychic|p1a: Terapagos\n|-activate|p1a: Terapagos|ability: Tera Shell\n|-resisted|p1a: Terapagos\n|-crit|p1a: Terapagos\n|-damage|p1a: Terapagos|32/100\n|move|p1a: Terapagos|Tera Starstorm|p2a: Calyrex\n|-damage|p2a: Calyrex|0 fnt\n|faint|p2a: Calyrex\n|\n|-heal|p1a: Terapagos|39/100|[from] Grassy Terrain\n|-heal|p1a: Terapagos|45/100|[from] item: Leftovers\n|upkeep\n|\n|t:|1767903259\n|switch|p1b: Flutter Mane|Flutter Mane, L50|100/100\n|switch|p2a: Zamazenta|Zamazenta-Crowned, L50|100/100\n|-ability|p2a: Zamazenta|Dauntless Shield|boost\n|-boost|p2a: Zamazenta|def|1\n|-enditem|p1b: Flutter Mane|Booster Energy\n|-activate|p1b: Flutter Mane|ability: Protosynthesis|[fromitem]\n|-start|p1b: Flutter Mane|protosynthesisspe\n|turn|5\n|\n|t:|1767903274\n|-end|p1b: Flutter Mane|Protosynthesis|[silent]\n|switch|p1b: Incineroar|Incineroar, L50, F|49/100\n|-ability|p1b: Incineroar|Intimidate|boost\n|-unboost|p2a: Zamazenta|atk|1\n|-unboost|p2b: Rillaboom|atk|1\n|move|p1a: Terapagos|Protect|p1a: Terapagos\n|-singleturn|p1a: Terapagos|Protect\n|move|p2a: Zamazenta|Body Press|p1a: Terapagos\n|-activate|p1a: Terapagos|move: Protect\n|move|p2b: Rillaboom|Wood Hammer|p1b: Incineroar\n|-resisted|p1b: Incineroar\n|-damage|p1b: Incineroar|31/100\n|-damage|p2b: Rillaboom|84/100|[from] item: Rocky Helmet|[of] p1b: Incineroar\n|-damage|p2b: Rillaboom|78/100|[from] Recoil\n|\n|-heal|p2b: Rillaboom|84/100|[from] Grassy Terrain\n|-heal|p1a: Terapagos|51/100|[from] Grassy Terrain\n|-heal|p1a: Terapagos|57/100|[from] item: Leftovers\n|-heal|p1b: Incineroar|37/100|[from] Grassy Terrain\n|upkeep\n|turn|6\n|\n|t:|1767903285\n|move|p1b: Incineroar|Fake Out|p2a: Zamazenta\n|-resisted|p2a: Zamazenta\n|-damage|p2a: Zamazenta|99/100\n|cant|p2a: Zamazenta|flinch\n|move|p2b: Rillaboom|Wood Hammer|p1a: Terapagos\n|-damage|p1a: Terapagos|22/100\n|-damage|p2b: Rillaboom|73/100|[from] Recoil\n|move|p1a: Terapagos|Calm Mind|p1a: Terapagos\n|-boost|p1a: Terapagos|spa|1\n|-boost|p1a: Terapagos|spd|1\n|\n|-heal|p2a: Zamazenta|100/100|[from] Grassy Terrain\n|-heal|p2b: Rillaboom|79/100|[from] Grassy Terrain\n|-heal|p1a: Terapagos|29/100|[from] Grassy Terrain\n|-heal|p1a: Terapagos|35/100|[from] item: Leftovers\n|-heal|p1b: Incineroar|43/100|[from] Grassy Terrain\n|upkeep\n|turn|7\n|\n|t:|1767903309\n|-terastallize|p1b: Incineroar|Bug\n|move|p2a: Zamazenta|Body Press|p1b: Incineroar\n|-resisted|p1b: Incineroar\n|-damage|p1b: Incineroar|16/100\n|-damage|p2a: Zamazenta|84/100|[from] item: Rocky Helmet|[of] p1b: Incineroar\n|move|p2b: Rillaboom|Wood Hammer|p1a: Terapagos\n|-damage|p1a: Terapagos|2/100\n|-damage|p2b: Rillaboom|69/100|[from] Recoil\n|move|p1a: Terapagos|Earth Power|p2a: Zamazenta\n|-supereffective|p2a: Zamazenta\n|-damage|p2a: Zamazenta|30/100\n|move|p1b: Incineroar|Parting Shot|p2b: Rillaboom\n|-unboost|p2b: Rillaboom|atk|1\n|-unboost|p2b: Rillaboom|spa|1\n|\n|t:|1767903320\n|switch|p1b: Flutter Mane|Flutter Mane, L50|100/100|[from] Parting Shot\n|\n|-heal|p2a: Zamazenta|36/100|[from] Grassy Terrain\n|-heal|p2b: Rillaboom|75/100|[from] Grassy Terrain\n|-heal|p1a: Terapagos|8/100|[from] Grassy Terrain\n|-heal|p1a: Terapagos|14/100|[from] item: Leftovers\n|-fieldend|move: Grassy Terrain\n|upkeep\n|turn|8\n|\n|t:|1767903333\n|move|p1a: Terapagos|Protect|p1a: Terapagos\n|-singleturn|p1a: Terapagos|Protect\n|move|p2a: Zamazenta|Wide Guard|p2a: Zamazenta\n|-singleturn|p2a: Zamazenta|Wide Guard\n|move|p1b: Flutter Mane|Thunder Wave|p2a: Zamazenta\n|-status|p2a: Zamazenta|par\n|move|p2b: Rillaboom|Wood Hammer|p1a: Terapagos\n|-activate|p1a: Terapagos|move: Protect\n|\n|-heal|p1a: Terapagos|20/100|[from] item: Leftovers\n|upkeep\n|turn|9\n|-message|alxback forfeited.\n|\n|win|SnorlaxPikachu1\n|raw|SnorlaxPikachu1's rating: 1404 &rarr; <strong>1417</strong><br />(+13 for winning)\n|raw|alxback's rating: 1277 &rarr; <strong>1261</strong><br />(-16 for losing)\n|l|\u203dalxback\n|player|p2|\n|l|\u2606SnorlaxPikachu1\n|player|p1|\n","uploadtime":1767903547,"views":14,"formatid":"gen9vgc2026regi","rating":1261,"private":0,"password":null}