{"id":"gen9vgc2026regi-2564724619","format":"[Gen 9] VGC 2026 Reg I","players":["dasabe\u76d6\u6b27\u5361\u4fa0","Zkprep"],"log":"|j|\u2606dasabe\u76d6\u6b27\u5361\u4fa0\n|j|\u2606Zkprep\n|t:|1774190949\n|gametype|doubles\n|player|p1|dasabe\u76d6\u6b27\u5361\u4fa0|may-masters4|1545\n|player|p2|Zkprep|169|1503\n|gen|9\n|tier|[Gen 9] VGC 2026 Reg I\n|rated|\n|rule|Species Clause: Limit one of each Pok\u00e9mon\n|rule|Item Clause: Limit 1 of each item\n|clearpoke\n|poke|p1|Kyogre, L50|\n|poke|p1|Miraidon, L50|\n|poke|p1|Whimsicott, L50, F|\n|poke|p1|Iron Hands, L50|\n|poke|p1|Farigiraf, L50, M|\n|poke|p1|Urshifu-*, L50, M|\n|poke|p2|Calyrex-Shadow, L50|\n|poke|p2|Miraidon, L50|\n|poke|p2|Whimsicott, L50, F|\n|poke|p2|Chien-Pao, L50|\n|poke|p2|Chi-Yu, L50|\n|poke|p2|Ogerpon-Wellspring, L50, F|\n|teampreview|4\n|inactive|Battle timer is ON: inactive players will automatically lose when time's up. (requested by Zkprep)\n|\n|t:|1774190964\n|teamsize|p1|4\n|teamsize|p2|4\n|start\n|switch|p1a: \u624b\u94f6|Iron Hands, L50|100/100\n|switch|p1b: \u5c0f\u5934\u63a7\u5927\u5934|Farigiraf, L50, M|100/100\n|switch|p2a: Calyrex|Calyrex-Shadow, L50|100/100\n|switch|p2b: Whimsicott|Whimsicott, L50, F|100/100\n|-ability|p2a: Calyrex|As One\n|-ability|p2a: Calyrex|Unnerve\n|turn|1\n|inactive|Zkprep has 30 seconds left.\n|j| SGillfish\n|inactive|Zkprep has 20 seconds left.\n|\n|t:|1774191000\n|-terastallize|p1a: \u624b\u94f6|Water\n|move|p2a: Calyrex|Taunt|p1b: \u5c0f\u5934\u63a7\u5927\u5934\n|-start|p1b: \u5c0f\u5934\u63a7\u5927\u5934|move: Taunt\n|move|p2b: Whimsicott|Moonblast|p1a: \u624b\u94f6\n|-damage|p1a: \u624b\u94f6|88/100\n|move|p1a: \u624b\u94f6|Wild Charge|p2a: Calyrex\n|-damage|p2a: Calyrex|33/100\n|-damage|p1a: \u624b\u94f6|75/100|[from] Recoil\n|cant|p1b: \u5c0f\u5934\u63a7\u5927\u5934|move: Taunt|Trick Room\n|\n|upkeep\n|turn|2\n|inactive|Zkprep has 30 seconds left.\n|\n|t:|1774191029\n|switch|p2a: Miraidon|Miraidon, L50|100/100\n|-fieldstart|move: Electric Terrain|[from] ability: Hadron Engine|[of] p2a: Miraidon\n|-enditem|p1b: \u5c0f\u5934\u63a7\u5927\u5934|Electric Seed\n|-boost|p1b: \u5c0f\u5934\u63a7\u5927\u5934|def|1|[from] item: Electric Seed\n|-activate|p1a: \u624b\u94f6|ability: Quark Drive\n|-start|p1a: \u624b\u94f6|quarkdriveatk\n|move|p2b: Whimsicott|Tailwind|p2b: Whimsicott\n|-sidestart|p2: Zkprep|move: Tailwind\n|move|p1b: \u5c0f\u5934\u63a7\u5927\u5934|Psychic|p2b: Whimsicott\n|-damage|p2b: Whimsicott|49/100\n|move|p1a: \u624b\u94f6|Drain Punch|p2b: Whimsicott\n|-resisted|p2b: Whimsicott\n|-damage|p2b: Whimsicott|13/100\n|-heal|p1a: \u624b\u94f6|86/100|[from] drain|[of] p2b: Whimsicott\n|\n|upkeep\n|turn|3\n|inactive|Zkprep has 30 seconds left.\n|inactive|Zkprep has 20 seconds left.\n|inactive|Zkprep has 15 seconds left.\n|inactive|Zkprep has 10 seconds left.\n|\n|t:|1774191076\n|switch|p2b: Ogerpon|Ogerpon-Wellspring, L50, F|100/100\n|-end|p1a: \u624b\u94f6|Quark Drive|[silent]\n|switch|p1a: \u94f6\u91d1\u5996\u86c7|Miraidon, L50, shiny|100/100\n|-activate|p1a: \u94f6\u91d1\u5996\u86c7|ability: Hadron Engine\n|move|p2a: Miraidon|Electro Drift|p1a: \u94f6\u91d1\u5996\u86c7\n|-resisted|p1a: \u94f6\u91d1\u5996\u86c7\n|-damage|p1a: \u94f6\u91d1\u5996\u86c7|80/100\n|move|p1b: \u5c0f\u5934\u63a7\u5927\u5934|Psychic|p2a: Miraidon\n|-damage|p2a: Miraidon|81/100\n|\n|-end|p1b: \u5c0f\u5934\u63a7\u5927\u5934|move: Taunt\n|upkeep\n|turn|4\n|inactive|Zkprep has 30 seconds left.\n|\n|t:|1774191109\n|-terastallize|p2a: Miraidon|Fairy\n|move|p1b: \u5c0f\u5934\u63a7\u5927\u5934|Helping Hand|p1a: \u94f6\u91d1\u5996\u86c7\n|-singleturn|p1a: \u94f6\u91d1\u5996\u86c7|Helping Hand|[of] p1b: \u5c0f\u5934\u63a7\u5927\u5934\n|move|p2a: Miraidon|Electro Drift|p1b: \u5c0f\u5934\u63a7\u5927\u5934\n|-damage|p1b: \u5c0f\u5934\u63a7\u5927\u5934|27/100\n|move|p2b: Ogerpon|Ivy Cudgel|p1b: \u5c0f\u5934\u63a7\u5927\u5934|[anim] Ivy Cudgel Water\n|-damage|p1b: \u5c0f\u5934\u63a7\u5927\u5934|0 fnt\n|faint|p1b: \u5c0f\u5934\u63a7\u5927\u5934\n|move|p1a: \u94f6\u91d1\u5996\u86c7|Dazzling Gleam|p2a: Miraidon|[spread] p2a,p2b\n|-damage|p2a: Miraidon|42/100\n|-damage|p2b: Ogerpon|25/100\n|-damage|p1a: \u94f6\u91d1\u5996\u86c7|70/100|[from] item: Life Orb\n|\n|upkeep\n|\n|t:|1774191117\n|switch|p1b: \u624b\u94f6|Iron Hands, L50, tera:Water|86/100\n|-activate|p1b: \u624b\u94f6|ability: Quark Drive\n|-start|p1b: \u624b\u94f6|quarkdriveatk\n|turn|5\n|inactive|Zkprep has 30 seconds left.\n|\n|t:|1774191142\n|move|p2b: Ogerpon|Spiky Shield|p2b: Ogerpon\n|-singleturn|p2b: Ogerpon|move: Protect\n|move|p1b: \u624b\u94f6|Fake Out|p2a: Miraidon\n|-damage|p2a: Miraidon|22/100\n|cant|p2a: Miraidon|flinch\n|move|p1a: \u94f6\u91d1\u5996\u86c7|Dazzling Gleam|p2a: Miraidon|[spread] p2a\n|-activate|p2b: Ogerpon|move: Protect\n|-damage|p2a: Miraidon|0 fnt\n|faint|p2a: Miraidon\n|-damage|p1a: \u94f6\u91d1\u5996\u86c7|60/100|[from] item: Life Orb\n|\n|-sideend|p2: Zkprep|move: Tailwind\n|upkeep\n|inactive|Zkprep has 30 seconds left.\n|inactive|Zkprep has 20 seconds left.\n|\n|t:|1774191179\n|switch|p2a: Calyrex|Calyrex-Shadow, L50|33/100\n|-ability|p2a: Calyrex|As One\n|-ability|p2a: Calyrex|Unnerve\n|turn|6\n|\n|t:|1774191202\n|move|p2a: Calyrex|Astral Barrage|p1a: \u94f6\u91d1\u5996\u86c7|[spread] p1a,p1b\n|-damage|p1a: \u94f6\u91d1\u5996\u86c7|11/100\n|-damage|p1b: \u624b\u94f6|57/100\n|move|p2b: Ogerpon|Horn Leech|p1a: \u94f6\u91d1\u5996\u86c7\n|-resisted|p1a: \u94f6\u91d1\u5996\u86c7\n|-damage|p1a: \u94f6\u91d1\u5996\u86c7|0 fnt\n|-heal|p2b: Ogerpon|31/100|[from] drain|[of] p1a: \u94f6\u91d1\u5996\u86c7\n|faint|p1a: \u94f6\u91d1\u5996\u86c7\n|move|p1b: \u624b\u94f6|Wild Charge|p2a: Calyrex\n|-damage|p2a: Calyrex|0 fnt\n|faint|p2a: Calyrex\n|-damage|p1b: \u624b\u94f6|52/100|[from] Recoil\n|\n|-fieldend|move: Electric Terrain\n|-end|p1b: \u624b\u94f6|Quark Drive\n|upkeep\n|\n|t:|1774191218\n|switch|p2a: Whimsicott|Whimsicott, L50, F|13/100\n|switch|p1a: \u4e94\u5bfc\u718a\u6e7f|Urshifu, L50, M|100/100\n|turn|7\n|\n|t:|1774191241\n|move|p1a: \u4e94\u5bfc\u718a\u6e7f|Sucker Punch|p2a: Whimsicott\n|-resisted|p2a: Whimsicott\n|-damage|p2a: Whimsicott|0 fnt\n|faint|p2a: Whimsicott\n|move|p2b: Ogerpon|Horn Leech|p1b: \u624b\u94f6\n|-supereffective|p1b: \u624b\u94f6\n|-damage|p1b: \u624b\u94f6|0 fnt\n|-heal|p2b: Ogerpon|71/100|[from] drain|[of] p1b: \u624b\u94f6\n|faint|p1b: \u624b\u94f6\n|-end|p1b: \u624b\u94f6|Quark Drive|[silent]\n|\n|upkeep\n|turn|8\n|\n|t:|1774191261\n|move|p1a: \u4e94\u5bfc\u718a\u6e7f|Sucker Punch|p2b: Ogerpon\n|-damage|p2b: Ogerpon|0 fnt\n|faint|p2b: Ogerpon\n|\n|win|dasabe\u76d6\u6b27\u5361\u4fa0\n|raw|dasabe\u76d6\u6b27\u5361\u4fa0's rating: 1545 &rarr; <strong>1563</strong><br />(+18 for winning)\n|raw|Zkprep's rating: 1503 &rarr; <strong>1485</strong><br />(-18 for losing)\n|l| SGillfish\n|l|\u2606Zkprep\n|player|p2|\n|l|\u2606dasabe\u76d6\u6b27\u5361\u4fa0\n|player|p1|\n","uploadtime":1774191515,"views":12,"formatid":"gen9vgc2026regi","rating":1485,"private":0,"password":null}