{"id":"gen9vgc2026regi-2539500454","format":"[Gen 9] VGC 2026 Reg I","players":["Luca8","LilligantFangirl"],"log":"|j|\u2606Luca8\n|j|\u2606LilligantFangirl\n|t:|1771071588\n|gametype|doubles\n|player|p1|Luca8|flint|1303\n|player|p2|LilligantFangirl|nurseryaide|1267\n|gen|9\n|tier|[Gen 9] VGC 2026 Reg I\n|rated|\n|rule|Species Clause: Limit one of each Pok\u00e9mon\n|rule|Item Clause: Limit 1 of each item\n|clearpoke\n|poke|p1|Whimsicott, L50, M|\n|poke|p1|Kyogre, L50|\n|poke|p1|Volcarona, L50, F|\n|poke|p1|Landorus, L50, M|\n|poke|p1|Lunala, L50|\n|poke|p1|Farigiraf, L50, M|\n|poke|p2|Dialga-Origin, L50|\n|poke|p2|Pelipper, L50, M|\n|poke|p2|Ogerpon-Cornerstone, L50, F|\n|poke|p2|Calyrex-Ice, L50|\n|poke|p2|Goodra-Hisui, L50, M|\n|poke|p2|Farigiraf, L50, M|\n|teampreview|4\n|\n|t:|1771071623\n|teamsize|p1|4\n|teamsize|p2|4\n|start\n|switch|p1a: Lunala|Lunala, L50|100/100\n|switch|p1b: Farigiraf|Farigiraf, L50, M|100/100\n|switch|p2a: Calyrex|Calyrex-Ice, L50|100/100\n|switch|p2b: Dialga|Dialga-Origin, L50|100/100\n|-ability|p2a: Calyrex|As One\n|-ability|p2a: Calyrex|Unnerve\n|turn|1\n|inactive|Battle timer is ON: inactive players will automatically lose when time's up. (requested by LilligantFangirl)\n|\n|t:|1771071654\n|-terastallize|p2a: Calyrex|Water\n|move|p1a: Lunala|Will-O-Wisp|p2a: Calyrex\n|-status|p2a: Calyrex|brn\n|move|p1b: Farigiraf|Imprison|p1b: Farigiraf\n|-start|p1b: Farigiraf|move: Imprison\n|move|p2b: Dialga|Flash Cannon|p1a: Lunala\n|-damage|p1a: Lunala|76/100\n|move|p2a: Calyrex|Glacial Lance|p1b: Farigiraf|[spread] p1a,p1b\n|-damage|p1a: Lunala|47/100\n|-damage|p1b: Farigiraf|68/100\n|\n|-damage|p2a: Calyrex|94/100 brn|[from] brn\n|upkeep\n|turn|2\n|\n|t:|1771071677\n|move|p1a: Lunala|Meteor Beam||[still]\n|-prepare|p1a: Lunala|Meteor Beam\n|-boost|p1a: Lunala|spa|1\n|-enditem|p1a: Lunala|Power Herb\n|-anim|p1a: Lunala|Meteor Beam|p2a: Calyrex\n|-damage|p2a: Calyrex|46/100 brn\n|move|p1b: Farigiraf|Hyper Voice|p2a: Calyrex|[spread] p2a,p2b\n|-resisted|p2b: Dialga\n|-damage|p2a: Calyrex|24/100 brn\n|-damage|p2b: Dialga|87/100\n|-enditem|p1b: Farigiraf|Throat Spray\n|-boost|p1b: Farigiraf|spa|1|[from] item: Throat Spray\n|move|p2b: Dialga|Flash Cannon|p1b: Farigiraf\n|-damage|p1b: Farigiraf|0 fnt\n|faint|p1b: Farigiraf\n|move|p2a: Calyrex|Glacial Lance|p1a: Lunala\n|-damage|p1a: Lunala|13/100\n|\n|-damage|p2a: Calyrex|18/100 brn|[from] brn\n|upkeep\n|\n|t:|1771071698\n|switch|p1b: Volcarona|Volcarona, L50, F|100/100\n|turn|3\n|\n|t:|1771071720\n|move|p1a: Lunala|Moongeist Beam|p2b: Dialga\n|-damage|p2b: Dialga|20/100\n|move|p1b: Volcarona|Quiver Dance|p1b: Volcarona\n|-boost|p1b: Volcarona|spa|1\n|-boost|p1b: Volcarona|spd|1\n|-boost|p1b: Volcarona|spe|1\n|move|p2b: Dialga|Flash Cannon|p1a: Lunala\n|-damage|p1a: Lunala|0 fnt\n|faint|p1a: Lunala\n|move|p2a: Calyrex|Trick Room|p2a: Calyrex\n|-fieldstart|move: Trick Room|[of] p2a: Calyrex\n|\n|-damage|p2a: Calyrex|11/100 brn|[from] brn\n|upkeep\n|\n|t:|1771071734\n|switch|p1a: Kyogre|Kyogre, L50|100/100\n|-weather|RainDance|[from] ability: Drizzle|[of] p1a: Kyogre\n|turn|4\n|\n|t:|1771071744\n|move|p2a: Calyrex|Glacial Lance|p1b: Volcarona|[spread] p1a,p1b\n|-resisted|p1a: Kyogre\n|-resisted|p1b: Volcarona\n|-damage|p1a: Kyogre|83/100\n|-damage|p1b: Volcarona|87/100\n|move|p2b: Dialga|Draco Meteor|p1a: Kyogre|[miss]\n|-miss|p2b: Dialga|p1a: Kyogre\n|move|p1b: Volcarona|Struggle Bug|p2a: Calyrex|[spread] p2a,p2b\n|-resisted|p2b: Dialga\n|-damage|p2a: Calyrex|0 fnt\n|-damage|p2b: Dialga|10/100\n|-unboost|p2b: Dialga|spa|1\n|faint|p2a: Calyrex\n|move|p1a: Kyogre|Water Spout|p2b: Dialga\n|-resisted|p2b: Dialga\n|-damage|p2b: Dialga|0 fnt\n|faint|p2b: Dialga\n|\n|-weather|RainDance|[upkeep]\n|upkeep\n|\n|t:|1771071763\n|switch|p2a: Ogerpon|Ogerpon-Cornerstone, L50, F|100/100\n|switch|p2b: Farigiraf|Farigiraf, L50, M|100/100\n|turn|5\n|inactive|LilligantFangirl has 30 seconds left.\n|inactive|LilligantFangirl has 20 seconds left.\n|inactive|LilligantFangirl has 15 seconds left.\n|\n|t:|1771071808\n|-terastallize|p1a: Kyogre|Grass\n|move|p2a: Ogerpon|Ivy Cudgel|p1b: Volcarona|[anim] Ivy Cudgel Rock\n|-supereffective|p1b: Volcarona\n|-damage|p1b: Volcarona|0 fnt\n|faint|p1b: Volcarona\n|move|p1a: Kyogre|Water Spout|p2a: Ogerpon|[spread] p2a,p2b\n|-damage|p2a: Ogerpon|7/100\n|-damage|p2b: Farigiraf|29/100\n|move|p2b: Farigiraf|Trick Room|p2b: Farigiraf\n|-fieldend|move: Trick Room\n|\n|-weather|RainDance|[upkeep]\n|upkeep\n|turn|6\n|\n|t:|1771071826\n|move|p2b: Farigiraf|Helping Hand|p2a: Ogerpon\n|-singleturn|p2a: Ogerpon|Helping Hand|[of] p2b: Farigiraf\n|move|p1a: Kyogre|Water Spout|p2a: Ogerpon|[spread] p2a,p2b\n|-damage|p2a: Ogerpon|0 fnt\n|-damage|p2b: Farigiraf|0 fnt\n|faint|p2a: Ogerpon\n|faint|p2b: Farigiraf\n|\n|win|Luca8\n|raw|Luca8's rating: 1303 &rarr; <strong>1321</strong><br />(+18 for winning)\n|raw|LilligantFangirl's rating: 1267 &rarr; <strong>1245</strong><br />(-22 for losing)\n|l|\u2606LilligantFangirl\n|player|p2|\n|l|\u2606Luca8\n|player|p1|\n","uploadtime":1771072006,"views":24,"formatid":"gen9vgc2026regi","rating":1245,"private":0,"password":null}