{"id":"gen9vgc2026regi-2560970247","format":"[Gen 9] VGC 2026 Reg I","players":["legionpoggers","Jonen"],"log":"|j|\u2606legionpoggers\n|j|\u2606Jonen\n|t:|1773753331\n|gametype|doubles\n|player|p1|legionpoggers|lucas|1304\n|player|p2|Jonen|hiker-gen4|1404\n|gen|9\n|tier|[Gen 9] VGC 2026 Reg I\n|rated|\n|rule|Species Clause: Limit one of each Pok\u00e9mon\n|rule|Item Clause: Limit 1 of each item\n|clearpoke\n|poke|p1|Calyrex-Shadow, L50|\n|poke|p1|Zamazenta-*, L50|\n|poke|p1|Smeargle, L50, F|\n|poke|p1|Urshifu-*, L50, F|\n|poke|p1|Indeedee-F, L50, F|\n|poke|p1|Whimsicott, L50, F|\n|poke|p2|Sneasler, L50, M|\n|poke|p2|Ditto, L50|\n|poke|p2|Calyrex-Ice, L50|\n|poke|p2|Miraidon, L50|\n|poke|p2|Urshifu-*, L50, M|\n|poke|p2|Incineroar, L50, F|\n|teampreview|4\n|\n|t:|1773753393\n|teamsize|p1|4\n|teamsize|p2|4\n|start\n|switch|p1a: Calyrex|Calyrex-Shadow, L50|100/100\n|switch|p1b: Indeedee|Indeedee-F, L50, F, shiny|100/100\n|switch|p2a: Ditto|Ditto, L50|100/100\n|switch|p2b: Miraidon|Miraidon, L50|100/100\n|-ability|p1a: Calyrex|As One\n|-ability|p1a: Calyrex|Unnerve\n|-fieldstart|move: Electric Terrain|[from] ability: Hadron Engine|[of] p2b: Miraidon\n|-transform|p2a: Ditto|p1b: Indeedee|[from] ability: Imposter\n|-fieldstart|move: Psychic Terrain|[from] ability: Psychic Surge|[of] p2a: Ditto\n|-enditem|p1b: Indeedee|Psychic Seed\n|-boost|p1b: Indeedee|spd|1|[from] item: Psychic Seed\n|turn|1\n|\n|t:|1773753425\n|move|p1b: Indeedee|Follow Me|p1b: Indeedee\n|-singleturn|p1b: Indeedee|move: Follow Me\n|move|p1a: Calyrex|Nasty Plot|p1a: Calyrex\n|-boost|p1a: Calyrex|spa|2\n|move|p2b: Miraidon|Volt Switch|p1b: Indeedee\n|-damage|p1b: Indeedee|67/100\n|-damage|p2b: Miraidon|91/100|[from] item: Life Orb\n|\n|t:|1773753431\n|switch|p2b: Calyrex|Calyrex-Ice, L50|100/100|[from] Volt Switch\n|-ability|p2b: Calyrex|As One\n|-ability|p2b: Calyrex|Unnerve\n|move|p2a: Ditto|Trick Room|p2a: Ditto\n|-fieldstart|move: Trick Room|[of] p2a: Ditto\n|\n|upkeep\n|turn|2\n|\n|t:|1773753446\n|switch|p1b: Zamazenta|Zamazenta-Crowned, L50|100/100\n|-ability|p1b: Zamazenta|Dauntless Shield|boost\n|-boost|p1b: Zamazenta|def|1\n|switch|p2a: Miraidon|Miraidon, L50|91/100\n|-fieldstart|move: Electric Terrain|[from] ability: Hadron Engine|[of] p2a: Miraidon\n|-terastallize|p2b: Calyrex|Water\n|move|p2b: Calyrex|Glacial Lance|p1b: Zamazenta|[spread] p1a,p1b\n|-resisted|p1b: Zamazenta\n|-damage|p1a: Calyrex|32/100\n|-damage|p1b: Zamazenta|88/100\n|move|p1a: Calyrex|Astral Barrage|p2b: Calyrex|[spread] p2a,p2b\n|-damage|p2a: Miraidon|0 fnt\n|-damage|p2b: Calyrex|11/100\n|faint|p2a: Miraidon\n|-ability|p1a: Calyrex|Grim Neigh|boost\n|-boost|p1a: Calyrex|spa|1\n|-damage|p1a: Calyrex|22/100|[from] item: Life Orb\n|\n|upkeep\n|\n|t:|1773753466\n|switch|p2a: Ditto|Ditto, L50|100/100\n|-transform|p2a: Ditto|p1b: Zamazenta|[from] ability: Imposter\n|-ability|p2a: Ditto|Dauntless Shield|boost\n|-boost|p2a: Ditto|def|1\n|turn|3\n|\n|t:|1773753485\n|switch|p1a: Indeedee|Indeedee-F, L50, F, shiny|67/100\n|-fieldstart|move: Psychic Terrain|[from] ability: Psychic Surge|[of] p1a: Indeedee\n|move|p2b: Calyrex|High Horsepower|p1a: Indeedee\n|-damage|p1a: Indeedee|28/100\n|move|p1b: Zamazenta|Body Press|p2b: Calyrex\n|-damage|p2b: Calyrex|0 fnt\n|faint|p2b: Calyrex\n|move|p2a: Ditto|Body Press|p1b: Zamazenta\n|-supereffective|p1b: Zamazenta\n|-damage|p1b: Zamazenta|9/100\n|\n|upkeep\n|\n|t:|1773753492\n|switch|p2b: Sneasler|Sneasler, L50, M|100/100\n|turn|4\n|\n|t:|1773753546\n|move|p2b: Sneasler|Protect|p2b: Sneasler\n|-singleturn|p2b: Sneasler|Protect\n|move|p1a: Indeedee|Psychic|p2b: Sneasler\n|-activate|p2b: Sneasler|move: Protect\n|move|p1b: Zamazenta|Body Press|p2a: Ditto\n|-supereffective|p2a: Ditto\n|-damage|p2a: Ditto|50/100\n|move|p2a: Ditto|Body Press|p1a: Indeedee\n|-damage|p1a: Indeedee|0 fnt\n|faint|p1a: Indeedee\n|\n|upkeep\n|\n|t:|1773753549\n|switch|p1a: Calyrex|Calyrex-Shadow, L50|22/100\n|-ability|p1a: Calyrex|As One\n|-ability|p1a: Calyrex|Unnerve\n|turn|5\n|\n|t:|1773753580\n|switch|p1b: Whimsicott|Whimsicott, L50, F|100/100\n|move|p1a: Calyrex|Protect|p1a: Calyrex\n|-singleturn|p1a: Calyrex|Protect\n|move|p2b: Sneasler|Throat Chop|p1a: Calyrex\n|-activate|p1a: Calyrex|move: Protect\n|move|p2a: Ditto|Body Press|p1b: Whimsicott\n|-resisted|p1b: Whimsicott\n|-damage|p1b: Whimsicott|37/100\n|\n|-fieldend|move: Trick Room\n|upkeep\n|turn|6\n|\n|t:|1773753594\n|move|p1b: Whimsicott|Tailwind|p1b: Whimsicott\n|-sidestart|p1: legionpoggers|move: Tailwind\n|move|p1a: Calyrex|Expanding Force|p2b: Sneasler|[spread] p2a,p2b\n|-supereffective|p2b: Sneasler\n|-damage|p2a: Ditto|0 fnt\n|-damage|p2b: Sneasler|0 fnt\n|faint|p2a: Ditto\n|faint|p2b: Sneasler\n|-damage|p1a: Calyrex|12/100|[from] item: Life Orb\n|\n|win|legionpoggers\n|raw|legionpoggers's rating: 1304 &rarr; <strong>1330</strong><br />(+26 for winning)\n|raw|Jonen's rating: 1404 &rarr; <strong>1378</strong><br />(-26 for losing)\n","uploadtime":1773753594,"views":10,"formatid":"gen9vgc2026regi","rating":1330,"private":0,"password":null}