{"id":"gen9vgc2026regi-2569967888","format":"[Gen 9] VGC 2026 Reg I","players":["kaseypocius","Snowsquall brute"],"log":"|j|\u2606kaseypocius\n|j|\u2606Snowsquall brute\n|t:|1774751409\n|gametype|doubles\n|player|p1|kaseypocius|ariana|1378\n|player|p2|Snowsquall brute|veteran|1320\n|gen|9\n|tier|[Gen 9] VGC 2026 Reg I\n|rated|\n|rule|Species Clause: Limit one of each Pok\u00e9mon\n|rule|Item Clause: Limit 1 of each item\n|clearpoke\n|poke|p1|Incineroar, L50, M|\n|poke|p1|Rillaboom, L50, F|\n|poke|p1|Ursaluna-Bloodmoon, L50, M|\n|poke|p1|Calyrex-Ice, L50|\n|poke|p1|Lunala, L50|\n|poke|p1|Indeedee-F, L50, F|\n|poke|p2|Miraidon, L50|\n|poke|p2|Landorus-Therian, L50, M|\n|poke|p2|Kingambit, L50, F|\n|poke|p2|Lunala, L50|\n|teampreview|4\n|\n|t:|1774751445\n|teamsize|p1|4\n|teamsize|p2|4\n|start\n|switch|p1a: Rillaboom|Rillaboom, L50, F|100/100\n|switch|p1b: Lunala|Lunala, L50|100/100\n|switch|p2a: Miraidon|Miraidon, L50|100/100\n|switch|p2b: Landorus|Landorus-Therian, L50, M|100/100\n|-fieldstart|move: Electric Terrain|[from] ability: Hadron Engine|[of] p2a: Miraidon\n|-enditem|p2a: Miraidon|Electric Seed\n|-boost|p2a: Miraidon|def|1|[from] item: Electric Seed\n|-ability|p2b: Landorus|Intimidate|boost\n|-unboost|p1a: Rillaboom|atk|1\n|-unboost|p1b: Lunala|atk|1\n|-fieldstart|move: Grassy Terrain|[from] ability: Grassy Surge|[of] p1a: Rillaboom\n|turn|1\n|\n|t:|1774751464\n|move|p1a: Rillaboom|Fake Out|p2b: Landorus\n|-damage|p2b: Landorus|93/100\n|move|p2a: Miraidon|Calm Mind|p2a: Miraidon\n|-boost|p2a: Miraidon|spa|1\n|-boost|p2a: Miraidon|spd|1\n|cant|p2b: Landorus|flinch\n|move|p1b: Lunala|Trick Room|p1b: Lunala\n|-fieldstart|move: Trick Room|[of] p1b: Lunala\n|\n|upkeep\n|turn|2\n|\n|t:|1774751488\n|move|p2a: Miraidon|Protect|p2a: Miraidon\n|-singleturn|p2a: Miraidon|Protect\n|move|p1b: Lunala|Meteor Beam||[still]\n|-prepare|p1b: Lunala|Meteor Beam\n|-boost|p1b: Lunala|spa|1\n|-enditem|p1b: Lunala|Power Herb\n|-anim|p1b: Lunala|Meteor Beam|p2b: Landorus\n|-damage|p2b: Landorus|47/100\n|move|p1a: Rillaboom|U-turn|p2a: Miraidon\n|-activate|p2a: Miraidon|move: Protect\n|move|p2b: Landorus|U-turn|p1b: Lunala\n|-damage|p1b: Lunala|90/100\n|\n|t:|1774751495\n|switch|p2b: Kingambit|Kingambit, L50, F|100/100|[from] U-turn\n|\n|-heal|p1b: Lunala|96/100|[from] Grassy Terrain\n|upkeep\n|turn|3\n|\n|t:|1774751509\n|-terastallize|p1b: Lunala|Fairy\n|move|p2b: Kingambit|Kowtow Cleave|p1b: Lunala\n|-resisted|p1b: Lunala\n|-damage|p1b: Lunala|75/100\n|move|p1b: Lunala|Moongeist Beam|p2a: Miraidon\n|-damage|p2a: Miraidon|61/100\n|move|p1a: Rillaboom|U-turn|p2b: Kingambit\n|-damage|p2b: Kingambit|90/100\n|\n|t:|1774751519\n|switch|p1a: Ursaluna|Ursaluna-Bloodmoon, L50, M|100/100|[from] U-turn\n|move|p2a: Miraidon|Calm Mind|p2a: Miraidon\n|-boost|p2a: Miraidon|spa|1\n|-boost|p2a: Miraidon|spd|1\n|\n|-heal|p2b: Kingambit|96/100|[from] Grassy Terrain\n|-heal|p1b: Lunala|82/100|[from] Grassy Terrain\n|-heal|p2a: Miraidon|67/100|[from] Grassy Terrain\n|upkeep\n|turn|4\n|\n|t:|1774751531\n|move|p2a: Miraidon|Protect|p2a: Miraidon\n|-singleturn|p2a: Miraidon|Protect\n|move|p1a: Ursaluna|Earth Power|p2b: Kingambit\n|-supereffective|p2b: Kingambit\n|-damage|p2b: Kingambit|0 fnt\n|faint|p2b: Kingambit\n|-damage|p1a: Ursaluna|90/100|[from] item: Life Orb\n|move|p1b: Lunala|Moongeist Beam|p2a: Miraidon\n|-activate|p2a: Miraidon|move: Protect\n|\n|-heal|p1a: Ursaluna|96/100|[from] Grassy Terrain\n|-heal|p1b: Lunala|88/100|[from] Grassy Terrain\n|-heal|p2a: Miraidon|73/100|[from] Grassy Terrain\n|upkeep\n|\n|t:|1774751537\n|switch|p2b: Lunala|Lunala, L50|100/100\n|turn|5\n|\n|t:|1774751548\n|-terastallize|p2a: Miraidon|Electric\n|move|p2b: Lunala|Wide Guard|p2b: Lunala\n|-singleturn|p2b: Lunala|Wide Guard\n|move|p1a: Ursaluna|Earth Power|p2a: Miraidon\n|-supereffective|p2a: Miraidon\n|-damage|p2a: Miraidon|22/100\n|-damage|p1a: Ursaluna|86/100|[from] item: Life Orb\n|move|p1b: Lunala|Moongeist Beam|p2a: Miraidon\n|-damage|p2a: Miraidon|0 fnt\n|faint|p2a: Miraidon\n|\n|-heal|p1a: Ursaluna|92/100|[from] Grassy Terrain\n|-heal|p1b: Lunala|94/100|[from] Grassy Terrain\n|-fieldend|move: Trick Room\n|-fieldend|move: Grassy Terrain\n|upkeep\n|-message|Snowsquall brute forfeited.\n|\n|win|kaseypocius\n|raw|kaseypocius's rating: 1378 &rarr; <strong>1395</strong><br />(+17 for winning)\n|raw|Snowsquall brute's rating: 1320 &rarr; <strong>1303</strong><br />(-17 for losing)\n|l|\u2606Snowsquall brute\n|player|p2|\n","uploadtime":1774751771,"views":12,"formatid":"gen9vgc2026regi","rating":1303,"private":0,"password":null}