{"id":"gen9vgc2026regi-2564982302","format":"[Gen 9] VGC 2026 Reg I","players":["sheeshshane925","Bman311"],"log":"|j|\u2606sheeshshane925\n|j|\u2606Bman311\n|t:|1774216656\n|gametype|doubles\n|player|p1|sheeshshane925|chuck|1492\n|player|p2|Bman311|cynthia-gen7|1485\n|gen|9\n|tier|[Gen 9] VGC 2026 Reg I\n|rated|\n|rule|Species Clause: Limit one of each Pok\u00e9mon\n|rule|Item Clause: Limit 1 of each item\n|clearpoke\n|poke|p1|Calyrex-Ice, L50|\n|poke|p1|Miraidon, L50|\n|poke|p1|Farigiraf, L50, M|\n|poke|p1|Iron Hands, L50|\n|poke|p1|Scraggy, L50, M|\n|poke|p1|Iron Bundle, L50|\n|poke|p2|Koraidon, L50|\n|poke|p2|Calyrex-Ice, L50|\n|poke|p2|Incineroar, L50, M|\n|poke|p2|Brute Bonnet, L50|\n|poke|p2|Flutter Mane, L50|\n|poke|p2|Ursaluna, L50, F|\n|teampreview|4\n|inactive|Battle timer is ON: inactive players will automatically lose when time's up. (requested by Bman311)\n|inactive|Bman311 has 60 seconds left.\n|\n|t:|1774216690\n|teamsize|p1|4\n|teamsize|p2|4\n|start\n|switch|p1a: Miraidon|Miraidon, L50, shiny|100/100\n|switch|p1b: Iron Bundle|Iron Bundle, L50|100/100\n|switch|p2a: Calyrex|Calyrex-Ice, L50|100/100\n|switch|p2b: Flutter Mane|Flutter Mane, L50|100/100\n|-ability|p2a: Calyrex|As One\n|-ability|p2a: Calyrex|Unnerve\n|-fieldstart|move: Electric Terrain|[from] ability: Hadron Engine|[of] p1a: Miraidon\n|-activate|p1b: Iron Bundle|ability: Quark Drive\n|-start|p1b: Iron Bundle|quarkdrivespe\n|turn|1\n|inactive|sheeshshane925 has 30 seconds left.\n|\n|t:|1774216717\n|move|p1b: Iron Bundle|Icy Wind|p2b: Flutter Mane|[spread] p2a,p2b\n|-resisted|p2a: Calyrex\n|-damage|p2a: Calyrex|94/100\n|-damage|p2b: Flutter Mane|77/100\n|-unboost|p2b: Flutter Mane|spe|1\n|move|p1a: Miraidon|Volt Switch|p2b: Flutter Mane\n|-damage|p2b: Flutter Mane|0 fnt\n|faint|p2b: Flutter Mane\n|-end|p2b: Flutter Mane|Protosynthesis|[silent]\n|-damage|p1a: Miraidon|91/100|[from] item: Life Orb\n|inactive|sheeshshane925 has 30 seconds left.\n|\n|t:|1774216746\n|switch|p1a: Calyrex|Calyrex-Ice, L50|100/100|[from] Volt Switch\n|-ability|p1a: Calyrex|As One\n|-ability|p1a: Calyrex|Unnerve\n|move|p2a: Calyrex|Glacial Lance|p1b: Iron Bundle|[spread] p1a,p1b\n|-resisted|p1a: Calyrex\n|-resisted|p1b: Iron Bundle\n|-damage|p1a: Calyrex|83/100\n|-damage|p1b: Iron Bundle|82/100\n|\n|upkeep\n|\n|t:|1774216755\n|switch|p2b: Koraidon|Koraidon, L50|100/100\n|-weather|SunnyDay|[from] ability: Orichalcum Pulse|[of] p2b: Koraidon\n|-activate|p2b: Koraidon|Orichalcum Pulse|[source]\n|turn|2\n|inactive|sheeshshane925 has 30 seconds left.\n|inactive|sheeshshane925 has 20 seconds left.\n|\n|t:|1774216791\n|switch|p2a: Ursaluna|Ursaluna, L50, F|100/100\n|-terastallize|p2b: Koraidon|Fire\n|-terastallize|p1a: Calyrex|Fire\n|move|p1b: Iron Bundle|Freeze-Dry|p2b: Koraidon\n|-resisted|p2b: Koraidon\n|-damage|p2b: Koraidon|81/100\n|move|p2b: Koraidon|Close Combat|p1a: Calyrex\n|-damage|p1a: Calyrex|20/100\n|-unboost|p2b: Koraidon|def|1\n|-unboost|p2b: Koraidon|spd|1\n|-damage|p2b: Koraidon|71/100|[from] item: Life Orb\n|move|p1a: Calyrex|Trick Room|p1a: Calyrex\n|-fieldstart|move: Trick Room|[of] p1a: Calyrex\n|\n|-weather|SunnyDay|[upkeep]\n|-status|p2a: Ursaluna|brn|[from] item: Flame Orb\n|upkeep\n|turn|3\n|\n|t:|1774216808\n|move|p1a: Calyrex|Protect|p1a: Calyrex\n|-singleturn|p1a: Calyrex|Protect\n|move|p2b: Koraidon|Protect|p2b: Koraidon\n|-singleturn|p2b: Koraidon|Protect\n|move|p2a: Ursaluna|Earthquake|p1b: Iron Bundle|[spread] p1b\n|-activate|p2b: Koraidon|move: Protect\n|-activate|p1a: Calyrex|move: Protect\n|-damage|p1b: Iron Bundle|7/100\n|move|p1b: Iron Bundle|Freeze-Dry|p2a: Ursaluna\n|-supereffective|p2a: Ursaluna\n|-damage|p2a: Ursaluna|36/100 brn\n|\n|-weather|SunnyDay|[upkeep]\n|-damage|p2a: Ursaluna|30/100 brn|[from] brn\n|upkeep\n|turn|4\n|inactive|sheeshshane925 has 30 seconds left.\n|inactive|sheeshshane925 has 20 seconds left.\n|\n|t:|1774216844\n|switch|p2b: Calyrex|Calyrex-Ice, L50|94/100\n|-ability|p2b: Calyrex|As One\n|-ability|p2b: Calyrex|Unnerve\n|-end|p1b: Iron Bundle|Quark Drive|[silent]\n|switch|p1b: Scraggy|Scraggy, L50, M|100/100\n|-ability|p1b: Scraggy|Intimidate|boost\n|-unboost|p2a: Ursaluna|atk|1\n|-fail|p2b: Calyrex|unboost|[from] item: Clear Amulet|[of] p2b: Calyrex\n|move|p2a: Ursaluna|Earthquake|p1b: Scraggy|[spread] p2b,p1a,p1b\n|-supereffective|p1a: Calyrex\n|-damage|p2b: Calyrex|65/100\n|-damage|p1a: Calyrex|0 fnt\n|-damage|p1b: Scraggy|58/100\n|faint|p1a: Calyrex\n|\n|-weather|SunnyDay|[upkeep]\n|-damage|p2a: Ursaluna|24/100 brn|[from] brn\n|upkeep\n|\n|t:|1774216852\n|switch|p1a: Miraidon|Miraidon, L50, shiny|91/100\n|-activate|p1a: Miraidon|ability: Hadron Engine\n|turn|5\n|\n|t:|1774216868\n|move|p1a: Miraidon|Protect|p1a: Miraidon\n|-singleturn|p1a: Miraidon|Protect\n|move|p1b: Scraggy|Foul Play|p2a: Ursaluna\n|-damage|p2a: Ursaluna|0 fnt\n|faint|p2a: Ursaluna\n|move|p2b: Calyrex|Glacial Lance|p1a: Miraidon|[spread] p1b\n|-activate|p1a: Miraidon|move: Protect\n|-damage|p1b: Scraggy|4/100\n|\n|-weather|SunnyDay|[upkeep]\n|-fieldend|move: Electric Terrain\n|upkeep\n|\n|t:|1774216870\n|switch|p2a: Koraidon|Koraidon, L50, tera:Fire|71/100\n|-activate|p2a: Koraidon|ability: Orichalcum Pulse\n|turn|6\n|inactive|sheeshshane925 has 30 seconds left.\n|\n|t:|1774216900\n|move|p1a: Miraidon|Protect||[still]\n|-fail|p1a: Miraidon\n|move|p1b: Scraggy|Foul Play|p2b: Calyrex\n|-supereffective|p2b: Calyrex\n|-damage|p2b: Calyrex|0 fnt\n|faint|p2b: Calyrex\n|move|p2a: Koraidon|Flame Charge|p1a: Miraidon\n|-resisted|p1a: Miraidon\n|-damage|p1a: Miraidon|55/100\n|-boost|p2a: Koraidon|spe|1\n|-damage|p2a: Koraidon|62/100|[from] item: Life Orb\n|\n|-weather|none\n|-fieldend|move: Trick Room\n|upkeep\n|turn|7\n|\n|t:|1774216918\n|move|p1a: Miraidon|Protect|p1a: Miraidon\n|-singleturn|p1a: Miraidon|Protect\n|move|p2a: Koraidon|Close Combat|p1a: Miraidon\n|-activate|p1a: Miraidon|move: Protect\n|move|p1b: Scraggy|Endeavor|p2a: Koraidon\n|-damage|p2a: Koraidon|3/100\n|\n|upkeep\n|turn|8\n|\n|t:|1774216930\n|move|p2a: Koraidon|Flame Charge|p1b: Scraggy\n|-damage|p1b: Scraggy|0 fnt\n|-boost|p2a: Koraidon|spe|1\n|faint|p1b: Scraggy\n|-damage|p2a: Koraidon|0 fnt|[from] item: Life Orb\n|faint|p2a: Koraidon\n|\n|win|sheeshshane925\n|raw|sheeshshane925's rating: 1492 &rarr; <strong>1512</strong><br />(+20 for winning)\n|raw|Bman311's rating: 1485 &rarr; <strong>1465</strong><br />(-20 for losing)\n|l|\u2606Bman311\n|player|p2|\n|l|\u2606sheeshshane925\n|player|p1|\n","uploadtime":1774217186,"views":14,"formatid":"gen9vgc2026regi","rating":1465,"private":0,"password":null}