{"id":"gen9vgc2026regi-2523620821","format":"[Gen 9] VGC 2026 Reg I","players":["Trem_ble1000","bullgod4ever"],"log":"|j|\u2606Trem_ble1000\n|j|\u2606bullgod4ever\n|t:|1769045162\n|gametype|doubles\n|player|p1|Trem_ble1000|101|1245\n|player|p2|bullgod4ever|1|1436\n|gen|9\n|tier|[Gen 9] VGC 2026 Reg I\n|rated|\n|rule|Species Clause: Limit one of each Pok\u00e9mon\n|rule|Item Clause: Limit 1 of each item\n|clearpoke\n|poke|p1|Whimsicott, L50, M|\n|poke|p1|Typhlosion-Hisui, L50, M|\n|poke|p1|Farigiraf, L50, F|\n|poke|p1|Clefairy, L50, F|\n|poke|p1|Ursaluna-Bloodmoon, L50, M|\n|poke|p1|Annihilape, L50, F|\n|poke|p2|Calyrex-Shadow, L50|\n|poke|p2|Zamazenta-*, L50|\n|poke|p2|Chien-Pao, L50|\n|poke|p2|Dragonite, L50, M|\n|poke|p2|Amoonguss, L50, F|\n|poke|p2|Ogerpon-Cornerstone, L50, F|\n|teampreview|4\n|inactive|Battle timer is ON: inactive players will automatically lose when time's up. (requested by Trem_ble1000)\n|\n|t:|1769045191\n|teamsize|p1|4\n|teamsize|p2|4\n|start\n|switch|p1a: Whimsicott|Whimsicott, L50, M|100/100\n|switch|p1b: Typhlosion|Typhlosion-Hisui, L50, M|100/100\n|switch|p2a: Chien-Pao|Chien-Pao, L50|100/100\n|switch|p2b: Dragonite|Dragonite, L50, M|100/100\n|-ability|p2a: Chien-Pao|Sword of Ruin\n|turn|1\n|\n|t:|1769045209\n|switch|p1b: Farigiraf|Farigiraf, L50, F|100/100\n|move|p2b: Dragonite|Extreme Speed||[still]\n|cant|p1b: Farigiraf|ability: Armor Tail|Extreme Speed|[of] p2b: Dragonite\n|move|p2a: Chien-Pao|Sucker Punch||[still]\n|cant|p1b: Farigiraf|ability: Armor Tail|Sucker Punch|[of] p2a: Chien-Pao\n|move|p1a: Whimsicott|Tailwind|p1a: Whimsicott\n|-sidestart|p1: Trem_ble1000|move: Tailwind\n|\n|upkeep\n|turn|2\n|\n|t:|1769045223\n|switch|p2b: Zamazenta|Zamazenta-Crowned, L50|100/100\n|-ability|p2b: Zamazenta|Dauntless Shield|boost\n|-boost|p2b: Zamazenta|def|1\n|move|p1a: Whimsicott|Moonblast|p2b: Zamazenta\n|-damage|p2b: Zamazenta|81/100\n|move|p2a: Chien-Pao|Ice Spinner|p1a: Whimsicott\n|-supereffective|p1a: Whimsicott\n|-damage|p1a: Whimsicott|24/100\n|move|p1b: Farigiraf|Hyper Voice|p2b: Zamazenta|[spread] p2a,p2b\n|-resisted|p2b: Zamazenta\n|-damage|p2a: Chien-Pao|81/100\n|-damage|p2b: Zamazenta|72/100\n|-enditem|p1b: Farigiraf|Throat Spray\n|-boost|p1b: Farigiraf|spa|1|[from] item: Throat Spray\n|\n|upkeep\n|turn|3\n|\n|t:|1769045241\n|move|p1a: Whimsicott|Moonblast|p2a: Chien-Pao\n|-supereffective|p2a: Chien-Pao\n|-damage|p2a: Chien-Pao|35/100\n|-unboost|p2a: Chien-Pao|spa|1\n|move|p2a: Chien-Pao|Ice Spinner|p1a: Whimsicott\n|-supereffective|p1a: Whimsicott\n|-damage|p1a: Whimsicott|0 fnt\n|faint|p1a: Whimsicott\n|move|p2b: Zamazenta|Body Press|p1b: Farigiraf\n|-damage|p1b: Farigiraf|6/100\n|move|p1b: Farigiraf|Hyper Voice|p2a: Chien-Pao|[spread] p2a,p2b\n|-resisted|p2b: Zamazenta\n|-damage|p2a: Chien-Pao|3/100\n|-damage|p2b: Zamazenta|58/100\n|\n|upkeep\n|\n|t:|1769045261\n|switch|p1a: Annihilape|Annihilape, L50, F|100/100\n|turn|4\n|\n|t:|1769045275\n|move|p2b: Zamazenta|Protect|p2b: Zamazenta\n|-singleturn|p2b: Zamazenta|Protect\n|move|p1b: Farigiraf|Protect|p1b: Farigiraf\n|-singleturn|p1b: Farigiraf|Protect\n|move|p1a: Annihilape|Drain Punch|p2b: Zamazenta\n|-activate|p2b: Zamazenta|move: Protect\n|move|p2a: Chien-Pao|Ice Spinner|p1b: Farigiraf\n|-activate|p1b: Farigiraf|move: Protect\n|\n|-sideend|p1: Trem_ble1000|move: Tailwind\n|upkeep\n|turn|5\n|\n|t:|1769045294\n|switch|p1b: Typhlosion|Typhlosion-Hisui, L50, M|100/100\n|move|p2a: Chien-Pao|Sucker Punch|p1a: Annihilape\n|-damage|p1a: Annihilape|62/100\n|move|p2b: Zamazenta|Body Press|p1b: Typhlosion\n|-immune|p1b: Typhlosion\n|move|p1a: Annihilape|Drain Punch|p2a: Chien-Pao\n|-supereffective|p2a: Chien-Pao\n|-damage|p2a: Chien-Pao|0 fnt\n|-heal|p1a: Annihilape|63/100|[from] drain|[of] p2a: Chien-Pao\n|faint|p2a: Chien-Pao\n|\n|upkeep\n|\n|t:|1769045313\n|switch|p2a: Calyrex|Calyrex-Shadow, L50|100/100\n|-ability|p2a: Calyrex|As One\n|-ability|p2a: Calyrex|Unnerve\n|turn|6\n|\n|t:|1769045334\n|-terastallize|p2a: Calyrex|Ghost\n|-terastallize|p1a: Annihilape|Fire\n|move|p2b: Zamazenta|Protect|p2b: Zamazenta\n|-singleturn|p2b: Zamazenta|Protect\n|move|p2a: Calyrex|Astral Barrage|p1a: Annihilape|[spread] p1a,p1b\n|-supereffective|p1b: Typhlosion\n|-damage|p1a: Annihilape|20/100\n|-damage|p1b: Typhlosion|0 fnt\n|faint|p1b: Typhlosion\n|-ability|p2a: Calyrex|Grim Neigh|boost\n|-boost|p2a: Calyrex|spa|1\n|move|p1a: Annihilape|Rage Fist|p2a: Calyrex\n|-supereffective|p2a: Calyrex\n|-enditem|p2a: Calyrex|Focus Sash\n|-damage|p2a: Calyrex|1/100\n|\n|upkeep\n|\n|t:|1769045352\n|switch|p1b: Farigiraf|Farigiraf, L50, F|6/100\n|turn|7\n|l|\u2606Trem_ble1000\n|inactive|Trem_ble1000 disconnected and has a minute to reconnect!\n|player|p1|\n|inactive|Trem_ble1000 has 30 seconds left.\n|inactive|Trem_ble1000 has 20 seconds left.\n|inactive|Trem_ble1000 has 15 seconds left.\n|inactive|Trem_ble1000 has 10 seconds left.\n|inactive|Trem_ble1000 has 5 seconds left.\n|-message|Trem_ble1000 lost due to inactivity.\n|\n|win|bullgod4ever\n|raw|Trem_ble1000's rating: 1245 &rarr; <strong>1233</strong><br />(-12 for losing)\n|raw|bullgod4ever's rating: 1436 &rarr; <strong>1446</strong><br />(+10 for winning)\n|l|\u2606bullgod4ever\n|player|p2|\n","uploadtime":1769045623,"views":13,"formatid":"gen9vgc2026regi","rating":1233,"private":0,"password":null}