{"id":"gen9vgc2026regi-2588830074","format":"[Gen 9] VGC 2026 Reg I","players":["strangemarowak","KCLord"],"log":"|j|\u2606strangemarowak\n|j|\u2606KCLord\n|t:|1776676044\n|gametype|doubles\n|player|p1|strangemarowak|iris-gen5bw2|1458\n|player|p2|KCLord|266|1456\n|gen|9\n|tier|[Gen 9] VGC 2026 Reg I\n|rated|\n|rule|Species Clause: Limit one of each Pok\u00e9mon\n|rule|Item Clause: Limit 1 of each item\n|clearpoke\n|poke|p1|Calyrex-Ice, L50|\n|poke|p1|Miraidon, L50|\n|poke|p1|Grimmsnarl, L50, M|\n|poke|p1|Urshifu-*, L50, M|\n|poke|p1|Incineroar, L50, M|\n|poke|p1|Landorus, L50, M|\n|poke|p2|Zamazenta-*, L50|\n|poke|p2|Chien-Pao, L50|\n|poke|p2|Amoonguss, L50, F|\n|poke|p2|Calyrex-Shadow, L50|\n|poke|p2|Dragonite, L50, M|\n|poke|p2|Raging Bolt, L50|\n|teampreview|4\n|inactive|Battle timer is ON: inactive players will automatically lose when time's up. (requested by strangemarowak)\nstrangemarowak has agreed to open team sheets.\n|\n|t:|1776676075\n|teamsize|p1|4\n|teamsize|p2|4\n|start\n|switch|p1a: Calyrex|Calyrex-Ice, L50|100/100\n|switch|p1b: Grimmsnarl|Grimmsnarl, L50, M, shiny|100/100\n|switch|p2a: Dragonite|Dragonite, L50, M|100/100\n|switch|p2b: Zamazenta|Zamazenta-Crowned, L50|100/100\n|-ability|p1a: Calyrex|As One\n|-ability|p1a: Calyrex|Unnerve\n|-ability|p2b: Zamazenta|Dauntless Shield|boost\n|-boost|p2b: Zamazenta|def|1\n|turn|1\n|inactive|strangemarowak has 30 seconds left.\n|\n|t:|1776676101\n|-terastallize|p2a: Dragonite|Normal\n|move|p2a: Dragonite|Extreme Speed|p1b: Grimmsnarl\n|-damage|p1b: Grimmsnarl|30/100\n|move|p1b: Grimmsnarl|Thunder Wave|p2a: Dragonite\n|-status|p2a: Dragonite|par\n|move|p2b: Zamazenta|Body Press|p1a: Calyrex\n|-damage|p1a: Calyrex|57/100\n|move|p1a: Calyrex|Leech Seed|p2b: Zamazenta\n|-start|p2b: Zamazenta|move: Leech Seed\n|\n|-heal|p1a: Calyrex|63/100|[from] item: Leftovers\n|-damage|p2b: Zamazenta|88/100|[from] Leech Seed|[of] p1a: Calyrex\n|-heal|p1a: Calyrex|74/100|[silent]\n|upkeep\n|turn|2\n|inactive|KCLord has 30 seconds left.\n|inactive|KCLord has 20 seconds left.\n|inactive|KCLord has 15 seconds left.\n|inactive|KCLord has 10 seconds left.\n|inactive|KCLord has 5 seconds left.\n|\n|t:|1776676152\n|switch|p2b: Calyrex|Calyrex-Shadow, L50|100/100\n|-ability|p2b: Calyrex|As One\n|-ability|p2b: Calyrex|Unnerve\n|move|p2a: Dragonite|Extreme Speed|p1b: Grimmsnarl\n|-damage|p1b: Grimmsnarl|0 fnt\n|faint|p1b: Grimmsnarl\n|move|p1a: Calyrex|Glacial Lance|p2b: Calyrex|[spread] p2a,p2b\n|-damage|p2a: Dragonite|43/100 par\n|-damage|p2b: Calyrex|40/100\n|\n|-heal|p1a: Calyrex|80/100|[from] item: Leftovers\n|upkeep\n|\n|t:|1776676168\n|switch|p1b: Miraidon|Miraidon, L50, shiny|100/100\n|-fieldstart|move: Electric Terrain|[from] ability: Hadron Engine|[of] p1b: Miraidon\n|turn|3\n|\n|t:|1776676178\n|-terastallize|p1b: Miraidon|Fairy\n|move|p2b: Calyrex|Protect|p2b: Calyrex\n|-singleturn|p2b: Calyrex|Protect\n|move|p2a: Dragonite|Extreme Speed|p1b: Miraidon\n|-damage|p1b: Miraidon|40/100\n|move|p1b: Miraidon|Dazzling Gleam|p2a: Dragonite|[spread] p2a\n|-activate|p2b: Calyrex|move: Protect\n|-damage|p2a: Dragonite|0 fnt\n|faint|p2a: Dragonite\n|move|p1a: Calyrex|Glacial Lance|p2b: Calyrex\n|-activate|p2b: Calyrex|move: Protect\n|\n|-heal|p1a: Calyrex|86/100|[from] item: Leftovers\n|upkeep\n|\n|t:|1776676192\n|switch|p2a: Zamazenta|Zamazenta-Crowned, L50|88/100\n|turn|4\n|\n|t:|1776676215\n|switch|p1b: Incineroar|Incineroar, L50, M, shiny|100/100\n|-ability|p1b: Incineroar|Intimidate|boost\n|-unboost|p2a: Zamazenta|atk|1\n|-unboost|p2b: Calyrex|atk|1\n|move|p2a: Zamazenta|Wide Guard|p2a: Zamazenta\n|-singleturn|p2a: Zamazenta|Wide Guard\n|move|p2b: Calyrex|Encore|p1a: Calyrex\n|-start|p1a: Calyrex|Encore\n|move|p1a: Calyrex|Glacial Lance|p2a: Zamazenta|[spread] \n|-activate|p2a: Zamazenta|move: Wide Guard\n|-activate|p2b: Calyrex|move: Wide Guard\n|\n|-heal|p1a: Calyrex|92/100|[from] item: Leftovers\n|upkeep\n|turn|5\n|inactive|KCLord has 30 seconds left.\n|\n|t:|1776676240\n|move|p2b: Calyrex|Protect|p2b: Calyrex\n|-singleturn|p2b: Calyrex|Protect\n|move|p1b: Incineroar|Fake Out|p2a: Zamazenta\n|-resisted|p2a: Zamazenta\n|-damage|p2a: Zamazenta|85/100\n|cant|p2a: Zamazenta|flinch\n|move|p1a: Calyrex|Glacial Lance|p2a: Zamazenta|[spread] p2a\n|-activate|p2b: Calyrex|move: Protect\n|-resisted|p2a: Zamazenta\n|-damage|p2a: Zamazenta|69/100\n|\n|-heal|p1a: Calyrex|98/100|[from] item: Leftovers\n|upkeep\n|turn|6\n|\n|t:|1776676262\n|move|p2a: Zamazenta|Wide Guard|p2a: Zamazenta\n|-singleturn|p2a: Zamazenta|Wide Guard\n|move|p2b: Calyrex|Encore|p1b: Incineroar\n|-start|p1b: Incineroar|Encore\n|move|p1b: Incineroar|Fake Out||[still]\n|-hint|Fake Out only works on your first turn out.\n|-fail|p1b: Incineroar\n|move|p1a: Calyrex|Glacial Lance|p2b: Calyrex|[spread] \n|-activate|p2a: Zamazenta|move: Wide Guard\n|-activate|p2b: Calyrex|move: Wide Guard\n|\n|-heal|p1a: Calyrex|100/100|[from] item: Leftovers\n|-end|p1a: Calyrex|Encore\n|upkeep\n|turn|7\n|\n|t:|1776676278\n|switch|p1b: Miraidon|Miraidon, L50, shiny, tera:Fairy|40/100\n|-activate|p1b: Miraidon|ability: Hadron Engine\n|move|p2a: Zamazenta|Wide Guard|p2a: Zamazenta\n|-singleturn|p2a: Zamazenta|Wide Guard\n|move|p2b: Calyrex|Encore|p1a: Calyrex\n|-start|p1a: Calyrex|Encore\n|move|p1a: Calyrex|Glacial Lance|p2a: Zamazenta|[spread] \n|-activate|p2a: Zamazenta|move: Wide Guard\n|-activate|p2b: Calyrex|move: Wide Guard\n|\n|-fieldend|move: Electric Terrain\n|upkeep\n|turn|8\n|inactive|KCLord has 30 seconds left.\n|inactive|KCLord has 20 seconds left.\n|inactive|KCLord has 15 seconds left.\n|inactive|KCLord has 10 seconds left.\n|inactive|KCLord has 5 seconds left.\n|\n|t:|1776676330\n|switch|p1a: Incineroar|Incineroar, L50, M, shiny|100/100\n|-ability|p1a: Incineroar|Intimidate|boost\n|-unboost|p2a: Zamazenta|atk|1\n|-unboost|p2b: Calyrex|atk|1\n|move|p2b: Calyrex|Protect|p2b: Calyrex\n|-singleturn|p2b: Calyrex|Protect\n|move|p1b: Miraidon|Volt Switch|p2b: Calyrex\n|-activate|p2b: Calyrex|move: Protect\n|move|p2a: Zamazenta|Heavy Slam|p1b: Miraidon\n|-supereffective|p1b: Miraidon\n|-damage|p1b: Miraidon|11/100\n|\n|upkeep\n|turn|9\n|inactive|KCLord has 30 seconds left.\n|\n|t:|1776676360\n|switch|p2b: Amoonguss|Amoonguss, L50, F|100/100\n|move|p1b: Miraidon|Volt Switch|p2a: Zamazenta\n|-damage|p2a: Zamazenta|36/100\n|\n|t:|1776676365\n|switch|p1b: Calyrex|Calyrex-Ice, L50|100/100|[from] Volt Switch\n|-ability|p1b: Calyrex|As One\n|-ability|p1b: Calyrex|Unnerve\n|move|p2a: Zamazenta|Body Press|p1a: Incineroar\n|-supereffective|p1a: Incineroar\n|-damage|p1a: Incineroar|7/100\n|move|p1a: Incineroar|Flare Blitz|p2b: Amoonguss\n|-supereffective|p2b: Amoonguss\n|-damage|p2b: Amoonguss|24/100\n|-status|p2b: Amoonguss|brn\n|-damage|p1a: Incineroar|0 fnt|[from] item: Rocky Helmet|[of] p2b: Amoonguss\n|faint|p1a: Incineroar\n|\n|-damage|p2b: Amoonguss|18/100 brn|[from] brn\n|upkeep\n|\n|t:|1776676368\n|switch|p1a: Miraidon|Miraidon, L50, shiny, tera:Fairy|11/100\n|-fieldstart|move: Electric Terrain|[from] ability: Hadron Engine|[of] p1a: Miraidon\n|turn|10\n|inactive|KCLord has 30 seconds left.\n|\n|t:|1776676395\n|move|p2a: Zamazenta|Protect|p2a: Zamazenta\n|-singleturn|p2a: Zamazenta|Protect\n|move|p2b: Amoonguss|Protect|p2b: Amoonguss\n|-singleturn|p2b: Amoonguss|Protect\n|move|p1a: Miraidon|Electro Drift|p2a: Zamazenta\n|-activate|p2a: Zamazenta|move: Protect\n|move|p1b: Calyrex|Glacial Lance|p2b: Amoonguss|[spread] \n|-activate|p2a: Zamazenta|move: Protect\n|-activate|p2b: Amoonguss|move: Protect\n|\n|-damage|p2b: Amoonguss|12/100 brn|[from] brn\n|upkeep\n|turn|11\n|inactive|KCLord has 30 seconds left.\n|\n|t:|1776676423\n|move|p2b: Amoonguss|Rage Powder|p2b: Amoonguss\n|-singleturn|p2b: Amoonguss|move: Rage Powder\n|move|p1a: Miraidon|Electro Drift|p2b: Amoonguss\n|-resisted|p2b: Amoonguss\n|-damage|p2b: Amoonguss|0 fnt\n|-damage|p1a: Miraidon|0 fnt|[from] item: Rocky Helmet|[of] p2b: Amoonguss\n|faint|p2b: Amoonguss\n|faint|p1a: Miraidon\n|move|p2a: Zamazenta|Body Press|p1b: Calyrex\n|-damage|p1b: Calyrex|71/100\n|move|p1b: Calyrex|Trick Room|p1b: Calyrex\n|-fieldstart|move: Trick Room|[of] p1b: Calyrex\n|\n|-heal|p1b: Calyrex|77/100|[from] item: Leftovers\n|upkeep\n|\n|t:|1776676437\n|switch|p2b: Calyrex|Calyrex-Shadow, L50|40/100\n|-ability|p2b: Calyrex|As One\n|-ability|p2b: Calyrex|Unnerve\n|turn|12\n|\n|t:|1776676460\n|move|p2a: Zamazenta|Wide Guard|p2a: Zamazenta\n|-singleturn|p2a: Zamazenta|Wide Guard\n|move|p1b: Calyrex|Leech Seed|p2b: Calyrex\n|-start|p2b: Calyrex|move: Leech Seed\n|move|p2b: Calyrex|Encore|p1b: Calyrex\n|-start|p1b: Calyrex|Encore\n|\n|-heal|p1b: Calyrex|83/100|[from] item: Leftovers\n|-damage|p2b: Calyrex|28/100|[from] Leech Seed|[of] p1b: Calyrex\n|-heal|p1b: Calyrex|93/100|[silent]\n|upkeep\n|turn|13\n|\n|t:|1776676471\n|move|p1b: Calyrex|Leech Seed|p2a: Zamazenta\n|-start|p2a: Zamazenta|move: Leech Seed\n|move|p2a: Zamazenta|Body Press|p1b: Calyrex\n|-damage|p1b: Calyrex|64/100\n|move|p2b: Calyrex|Astral Barrage|p1b: Calyrex\n|-supereffective|p1b: Calyrex\n|-damage|p1b: Calyrex|0 fnt\n|faint|p1b: Calyrex\n|\n|win|KCLord\n|raw|strangemarowak's rating: 1458 &rarr; <strong>1438</strong><br />(-20 for losing)\n|raw|KCLord's rating: 1456 &rarr; <strong>1476</strong><br />(+20 for winning)\n|l|\u2606strangemarowak\n|player|p1|\n|c|\u2606KCLord|gg\n|l|\u2606KCLord\n|player|p2|\n","uploadtime":1776676669,"views":12,"formatid":"gen9vgc2026regi","rating":1438,"private":0,"password":null}