{"id":"gen9vgc2026regi-2530884392","format":"[Gen 9] VGC 2026 Reg I","players":["neinbosa","bullgod4ever"],"log":"|j|\u2606neinbosa\n|j|\u2606bullgod4ever\n|t:|1769983210\n|gametype|doubles\n|player|p1|neinbosa|102|1382\n|player|p2|bullgod4ever|265|1510\n|gen|9\n|tier|[Gen 9] VGC 2026 Reg I\n|rated|\n|rule|Species Clause: Limit one of each Pok\u00e9mon\n|rule|Item Clause: Limit 1 of each item\n|clearpoke\n|poke|p1|Calyrex-Shadow, L50|\n|poke|p1|Indeedee-F, L50, F|\n|poke|p1|Tatsugiri-Droopy, L50, F|\n|poke|p1|Dondozo, L50, M|\n|poke|p1|Weezing-Galar, L50, F|\n|poke|p1|Urshifu-*, L50, M|\n|poke|p2|Calyrex-Shadow, L50|\n|poke|p2|Zamazenta-*, L50|\n|poke|p2|Chien-Pao, L50|\n|poke|p2|Dragonite, L50, M|\n|poke|p2|Amoonguss, L50, M|\n|poke|p2|Ogerpon-Cornerstone, L50, F|\n|teampreview|4\n|\n|t:|1769983238\n|teamsize|p1|4\n|teamsize|p2|4\n|start\n|switch|p1a: Weezing|Weezing-Galar, L50, F|100/100\n|switch|p1b: Urshifu|Urshifu-Rapid-Strike, L50, M|100/100\n|switch|p2a: Chien-Pao|Chien-Pao, L50|100/100\n|switch|p2b: Dragonite|Dragonite, L50, M|100/100\n|-ability|p1a: Weezing|Neutralizing Gas\n|turn|1\n|\n|t:|1769983276\n|-terastallize|p2b: Dragonite|Normal\n|move|p2b: Dragonite|Extreme Speed|p1b: Urshifu\n|-damage|p1b: Urshifu|29/100\n|move|p1b: Urshifu|Surging Strikes|p2a: Chien-Pao\n|-crit|p2a: Chien-Pao\n|-damage|p2a: Chien-Pao|80/100\n|-crit|p2a: Chien-Pao\n|-damage|p2a: Chien-Pao|56/100\n|-crit|p2a: Chien-Pao\n|-damage|p2a: Chien-Pao|32/100\n|-hitcount|p2a: Chien-Pao|3\n|move|p2a: Chien-Pao|Ice Spinner|p1b: Urshifu\n|-resisted|p1b: Urshifu\n|-damage|p1b: Urshifu|14/100\n|move|p1a: Weezing|Poison Gas|p2a: Chien-Pao|[spread] p2b\n|-miss|p1a: Weezing|p2a: Chien-Pao\n|-status|p2b: Dragonite|psn\n|\n|-damage|p2b: Dragonite|88/100 psn|[from] psn\n|upkeep\n|turn|2\n|\n|t:|1769983312\n|move|p2b: Dragonite|Extreme Speed|p1b: Urshifu\n|-damage|p1b: Urshifu|0 fnt\n|faint|p1b: Urshifu\n|move|p2a: Chien-Pao|Ice Spinner|p1a: Weezing\n|-damage|p1a: Weezing|74/100\n|move|p1a: Weezing|Toxic Spikes|p2a: Chien-Pao\n|-sidestart|p2: bullgod4ever|move: Toxic Spikes\n|\n|-damage|p2b: Dragonite|76/100 psn|[from] psn\n|upkeep\n|\n|t:|1769983330\n|switch|p1b: Dondozo|Dondozo, L50, M|100/100\n|turn|3\n|\n|t:|1769983340\n|move|p1b: Dondozo|Protect|p1b: Dondozo\n|-singleturn|p1b: Dondozo|Protect\n|move|p2b: Dragonite|Extreme Speed|p1b: Dondozo\n|-activate|p1b: Dondozo|move: Protect\n|move|p2a: Chien-Pao|Ruination|p1b: Dondozo\n|-activate|p1b: Dondozo|move: Protect\n|move|p1a: Weezing|Toxic Spikes|p2b: Dragonite\n|-sidestart|p2: bullgod4ever|move: Toxic Spikes\n|\n|-damage|p2b: Dragonite|64/100 psn|[from] psn\n|upkeep\n|turn|4\n|\n|t:|1769983380\n|-end|p1a: Weezing|ability: Neutralizing Gas\n|-ability|p2a: Chien-Pao|Sword of Ruin\n|switch|p1a: Tatsugiri|Tatsugiri-Droopy, L50, F|100/100\n|-activate|p1a: Tatsugiri|ability: Commander|[of] p1b: Dondozo\n|-boost|p1b: Dondozo|atk|2\n|-boost|p1b: Dondozo|spa|2\n|-boost|p1b: Dondozo|spe|2\n|-boost|p1b: Dondozo|def|2\n|-boost|p1b: Dondozo|spd|2\n|move|p2b: Dragonite|Extreme Speed|p1b: Dondozo\n|-damage|p1b: Dondozo|74/100\n|move|p2a: Chien-Pao|Ruination|p1b: Dondozo|[miss]\n|-miss|p2a: Chien-Pao|p1b: Dondozo\n|move|p1b: Dondozo|Order Up|p2a: Chien-Pao\n|-damage|p2a: Chien-Pao|0 fnt\n|faint|p2a: Chien-Pao\n|-boost|p1b: Dondozo|def|1\n|\n|-heal|p1b: Dondozo|80/100|[from] item: Leftovers\n|-damage|p2b: Dragonite|52/100 psn|[from] psn\n|upkeep\n|\n|t:|1769983407\n|switch|p2a: Ogerpon|Ogerpon-Cornerstone, L50, F|100/100\n|-status|p2a: Ogerpon|tox\n|turn|5\n|\n|t:|1769983416\n|move|p1b: Dondozo|Protect|p1b: Dondozo\n|-singleturn|p1b: Dondozo|Protect\n|move|p2b: Dragonite|Extreme Speed|p1b: Dondozo\n|-activate|p1b: Dondozo|move: Protect\n|move|p2a: Ogerpon|Power Whip|p1b: Dondozo\n|-activate|p1b: Dondozo|move: Protect\n|\n|-heal|p1b: Dondozo|86/100|[from] item: Leftovers\n|-damage|p2a: Ogerpon|95/100 tox|[from] psn\n|-damage|p2b: Dragonite|40/100 psn|[from] psn\n|upkeep\n|turn|6\n|c|\u2606bullgod4ever|Ruin miss ugr\n|\n|t:|1769983443\n|-terastallize|p1b: Dondozo|Grass\n|move|p2b: Dragonite|Extreme Speed|p1b: Dondozo\n|-damage|p1b: Dondozo|70/100\n|move|p2a: Ogerpon|Power Whip|p1b: Dondozo\n|-resisted|p1b: Dondozo\n|-damage|p1b: Dondozo|62/100\n|move|p1b: Dondozo|Order Up|p2b: Dragonite\n|-damage|p2b: Dragonite|6/100 psn\n|-boost|p1b: Dondozo|def|1\n|\n|-heal|p1b: Dondozo|68/100|[from] item: Leftovers\n|-damage|p2a: Ogerpon|84/100 tox|[from] psn\n|-damage|p2b: Dragonite|0 fnt|[from] psn\n|faint|p2b: Dragonite\n|upkeep\n|\n|t:|1769983459\n|switch|p2b: Calyrex|Calyrex-Shadow, L50|100/100\n|-ability|p2b: Calyrex|As One\n|-ability|p2b: Calyrex|Unnerve\n|-status|p2b: Calyrex|tox\n|turn|7\n|\n|t:|1769983474\n|move|p1b: Dondozo|Protect|p1b: Dondozo\n|-singleturn|p1b: Dondozo|Protect\n|move|p2b: Calyrex|Astral Barrage|p1a: Tatsugiri|[spread] \n|-miss|p2b: Calyrex|p1a: Tatsugiri\n|-activate|p1b: Dondozo|move: Protect\n|move|p2a: Ogerpon|Ivy Cudgel|p1b: Dondozo|[anim] Ivy Cudgel Rock\n|-activate|p1b: Dondozo|move: Protect\n|\n|-heal|p1b: Dondozo|74/100|[from] item: Leftovers\n|-damage|p2b: Calyrex|94/100 tox|[from] psn\n|-damage|p2a: Ogerpon|67/100 tox|[from] psn\n|upkeep\n|turn|8\n|\n|t:|1769983495\n|move|p2b: Calyrex|Encore|p1b: Dondozo\n|-start|p1b: Dondozo|Encore\n|move|p2a: Ogerpon|Ivy Cudgel|p1b: Dondozo|[anim] Ivy Cudgel Rock\n|-damage|p1b: Dondozo|63/100\n|move|p1b: Dondozo|Protect||[still]\n|-fail|p1b: Dondozo\n|\n|-heal|p1b: Dondozo|70/100|[from] item: Leftovers\n|-damage|p2b: Calyrex|82/100 tox|[from] psn\n|-damage|p2a: Ogerpon|44/100 tox|[from] psn\n|upkeep\n|turn|9\n|\n|t:|1769983515\n|move|p1b: Dondozo|Protect|p1b: Dondozo\n|-singleturn|p1b: Dondozo|Protect\n|move|p2a: Ogerpon|Follow Me|p2a: Ogerpon\n|-singleturn|p2a: Ogerpon|move: Follow Me\n|move|p2b: Calyrex|Psychic|p1b: Dondozo\n|-activate|p1b: Dondozo|move: Protect\n|\n|-heal|p1b: Dondozo|76/100|[from] item: Leftovers\n|-damage|p2b: Calyrex|63/100 tox|[from] psn\n|-damage|p2a: Ogerpon|16/100 tox|[from] psn\n|upkeep\n|turn|10\n|\n|t:|1769983541\n|move|p1b: Dondozo|Protect||[still]\n|-fail|p1b: Dondozo\n|move|p2b: Calyrex|Astral Barrage|p1b: Dondozo|[spread] p1b\n|-miss|p2b: Calyrex|p1a: Tatsugiri\n|-damage|p1b: Dondozo|52/100\n|move|p2a: Ogerpon|Ivy Cudgel|p1b: Dondozo|[anim] Ivy Cudgel Rock\n|-damage|p1b: Dondozo|42/100\n|\n|-heal|p1b: Dondozo|48/100|[from] item: Leftovers\n|-damage|p2b: Calyrex|38/100 tox|[from] psn\n|-damage|p2a: Ogerpon|0 fnt|[from] psn\n|faint|p2a: Ogerpon\n|-end|p1b: Dondozo|Encore\n|upkeep\n|turn|11\n|-message|bullgod4ever forfeited.\n|\n|win|neinbosa\n|raw|neinbosa's rating: 1382 &rarr; <strong>1409</strong><br />(+27 for winning)\n|raw|bullgod4ever's rating: 1510 &rarr; <strong>1483</strong><br />(-27 for losing)\n|l|\u2606bullgod4ever\n|player|p2|\n|l|\u2606neinbosa\n|player|p1|\n","uploadtime":1769983747,"views":19,"formatid":"gen9vgc2026regi","rating":1409,"private":0,"password":null}