{"id":"gen9vgc2026regi-2552227742","format":"[Gen 9] VGC 2026 Reg I","players":["togahasakikotoga","I\u2764\ufe0f\u5a1c\u7984forever"],"log":"|j|\u2606togahasakikotoga\n|j|\u2606I\u2764\ufe0f\u5a1c\u7984forever\n|t:|1772692957\n|gametype|doubles\n|player|p1|togahasakikotoga|caitlin|1394\n|player|p2|I\u2764\ufe0f\u5a1c\u7984forever|youngcouple-gen4dp|1410\n|gen|9\n|tier|[Gen 9] VGC 2026 Reg I\n|rated|\n|rule|Species Clause: Limit one of each Pok\u00e9mon\n|rule|Item Clause: Limit 1 of each item\n|clearpoke\n|poke|p1|Calyrex-Shadow, L50|\n|poke|p1|Flamigo, L50, F|\n|poke|p1|Smeargle, L50, F|\n|poke|p1|Muk-Alola, L50, F|\n|poke|p1|Miraidon, L50|\n|poke|p1|Volcarona, L50, F|\n|poke|p2|Groudon, L50|\n|poke|p2|Kyurem-White, L50|\n|poke|p2|Heatran, L50, M|\n|poke|p2|Whimsicott, L50, F|\n|poke|p2|Roaring Moon, L50|\n|poke|p2|Ditto, L50|\n|teampreview|4\n|inactive|Battle timer is ON: inactive players will automatically lose when time's up. (requested by togahasakikotoga)\n|\n|t:|1772692977\n|teamsize|p1|4\n|teamsize|p2|4\n|start\n|switch|p1a: Smeargle|Smeargle, L50, F, shiny|100/100\n|switch|p1b: Muk|Muk-Alola, L50, F, shiny|100/100\n|switch|p2a: Kyurem|Kyurem-White, L50|100/100\n|switch|p2b: Roaring Moon|Roaring Moon, L50|100/100\n|-ability|p2a: Kyurem|Turboblaze\n|turn|1\n|\n|t:|1772692995\n|move|p2b: Roaring Moon|Knock Off|p1b: Muk\n|-resisted|p1b: Muk\n|-damage|p1b: Muk|76/100\n|-enditem|p1b: Muk|Leftovers|[from] move: Knock Off|[of] p2b: Roaring Moon\n|move|p1a: Smeargle|Spore|p2a: Kyurem\n|-status|p2a: Kyurem|slp|[from] move: Spore\n|cant|p2a: Kyurem|slp\n|move|p1b: Muk|Minimize|p1b: Muk\n|-boost|p1b: Muk|evasion|2\n|\n|-ability|p1a: Smeargle|Moody|boost\n|-boost|p1a: Smeargle|spe|2\n|-unboost|p1a: Smeargle|atk|1\n|upkeep\n|turn|2\n|\n|t:|1772693009\n|move|p1a: Smeargle|Spore|p2b: Roaring Moon\n|-status|p2b: Roaring Moon|slp|[from] move: Spore\n|cant|p2b: Roaring Moon|slp\n|-curestatus|p2a: Kyurem|slp|[msg]\n|move|p2a: Kyurem|Blizzard|p1b: Muk|[spread] p1a\n|-miss|p2a: Kyurem|p1b: Muk\n|-enditem|p2a: Kyurem|Blunder Policy\n|-boost|p2a: Kyurem|spe|2\n|-enditem|p1a: Smeargle|Focus Sash\n|-damage|p1a: Smeargle|1/100\n|move|p1b: Muk|Minimize|p1b: Muk\n|-boost|p1b: Muk|evasion|2\n|\n|-ability|p1a: Smeargle|Moody|boost\n|-boost|p1a: Smeargle|def|2\n|-unboost|p1a: Smeargle|atk|1\n|upkeep\n|turn|3\n|\n|t:|1772693028\n|move|p1a: Smeargle|Spore|p2a: Kyurem\n|-status|p2a: Kyurem|slp|[from] move: Spore\n|cant|p2a: Kyurem|slp\n|-curestatus|p2b: Roaring Moon|slp|[msg]\n|move|p2b: Roaring Moon|Knock Off|p1b: Muk|[miss]\n|-miss|p2b: Roaring Moon|p1b: Muk\n|move|p1b: Muk|Minimize|p1b: Muk\n|-boost|p1b: Muk|evasion|2\n|\n|-ability|p1a: Smeargle|Moody|boost\n|-boost|p1a: Smeargle|atk|2\n|-unboost|p1a: Smeargle|spe|1\n|upkeep\n|turn|4\n|\n|t:|1772693043\n|-curestatus|p2a: Kyurem|slp|[msg]\n|move|p2a: Kyurem|Blizzard|p1b: Muk|[spread] \n|-miss|p2a: Kyurem|p1a: Smeargle\n|-miss|p2a: Kyurem|p1b: Muk\n|move|p1a: Smeargle|Spore|p2b: Roaring Moon\n|-status|p2b: Roaring Moon|slp|[from] move: Spore\n|cant|p2b: Roaring Moon|slp\n|move|p1b: Muk|Poison Gas||[still]|[spread] p2a,p2b\n|-status|p2a: Kyurem|psn\n|-fail|p1b: Muk\n|\n|-damage|p2a: Kyurem|88/100 psn|[from] psn\n|-ability|p1a: Smeargle|Moody|boost\n|-boost|p1a: Smeargle|spd|2\n|-unboost|p1a: Smeargle|spe|1\n|upkeep\n|turn|5\n|\n|t:|1772693064\n|move|p1b: Muk|Protect|p1b: Muk\n|-singleturn|p1b: Muk|Protect\n|move|p2a: Kyurem|Blizzard|p1b: Muk|[spread] p1a\n|-activate|p1b: Muk|move: Protect\n|-damage|p1a: Smeargle|0 fnt\n|faint|p1a: Smeargle\n|-ability|p1b: Muk|Moody|Power of Alchemy|[from] ability: Power of Alchemy|[of] p1a: Smeargle\n|cant|p2b: Roaring Moon|slp\n|\n|-damage|p2a: Kyurem|75/100 psn|[from] psn\n|-ability|p1b: Muk|Moody|boost\n|-boost|p1b: Muk|spd|2\n|-unboost|p1b: Muk|atk|1\n|upkeep\n|\n|t:|1772693078\n|switch|p1a: Flamigo|Flamigo, L50, F, shiny|100/100\n|-copyboost|p1a: Flamigo|p1b: Muk|[from] ability: Costar\n|-enditem|p1a: Flamigo|White Herb\n|-clearnegativeboost|p1a: Flamigo|[silent]\n|turn|6\n|\n|t:|1772693088\n|move|p2a: Kyurem|Blizzard|p1b: Muk|[spread] \n|-miss|p2a: Kyurem|p1a: Flamigo\n|-miss|p2a: Kyurem|p1b: Muk\n|move|p1a: Flamigo|Substitute|p1a: Flamigo\n|-start|p1a: Flamigo|Substitute\n|-damage|p1a: Flamigo|76/100\n|-curestatus|p2b: Roaring Moon|slp|[msg]\n|move|p2b: Roaring Moon|Knock Off|p1b: Muk|[miss]\n|-miss|p2b: Roaring Moon|p1b: Muk\n|move|p1b: Muk|Knock Off|p2b: Roaring Moon\n|-resisted|p2b: Roaring Moon\n|-damage|p2b: Roaring Moon|91/100\n|-enditem|p2b: Roaring Moon|Choice Band|[from] move: Knock Off|[of] p1b: Muk\n|\n|-damage|p2a: Kyurem|63/100 psn|[from] psn\n|-ability|p1b: Muk|Moody|boost\n|-boost|p1b: Muk|spd|2\n|-unboost|p1b: Muk|def|1\n|upkeep\n|turn|7\n|\n|t:|1772693112\n|move|p1b: Muk|Protect|p1b: Muk\n|-singleturn|p1b: Muk|Protect\n|move|p2a: Kyurem|Blizzard|p1b: Muk|[spread] \n|-activate|p1b: Muk|move: Protect\n|-miss|p2a: Kyurem|p1a: Flamigo\n|move|p1a: Flamigo|Close Combat|p2b: Roaring Moon\n|-supereffective|p2b: Roaring Moon\n|-damage|p2b: Roaring Moon|0 fnt\n|-unboost|p1a: Flamigo|def|1\n|-unboost|p1a: Flamigo|spd|1\n|faint|p2b: Roaring Moon\n|-end|p2b: Roaring Moon|Protosynthesis|[silent]\n|\n|-damage|p2a: Kyurem|50/100 psn|[from] psn\n|-ability|p1b: Muk|Moody|boost\n|-boost|p1b: Muk|spe|2\n|-unboost|p1b: Muk|spd|1\n|upkeep\n|\n|t:|1772693126\n|switch|p2b: Groudon|Groudon, L50|100/100\n|-weather|SunnyDay|[from] ability: Drought|[of] p2b: Groudon\n|turn|8\n|inactive|togahasakikotoga has 30 seconds left.\n|\n|t:|1772693155\n|switch|p2a: Ditto|Ditto, L50|100/100\n|-transform|p2a: Ditto|p1b: Muk|[from] ability: Imposter\n|move|p1b: Muk|Protect||[still]\n|-fail|p1b: Muk\n|move|p1a: Flamigo|Close Combat|p2a: Ditto|[miss]\n|-miss|p1a: Flamigo|p2a: Ditto\n|move|p2b: Groudon|Heat Crash|p1b: Muk\n|-damage|p1b: Muk|0 fnt\n|faint|p1b: Muk\n|\n|-weather|SunnyDay|[upkeep]\n|-ability|p2a: Ditto|Moody|boost\n|-boost|p2a: Ditto|spe|2\n|-unboost|p2a: Ditto|spa|1\n|upkeep\n|\n|t:|1772693170\n|switch|p1b: Calyrex|Calyrex-Shadow, L50|100/100\n|-ability|p1b: Calyrex|As One\n|-ability|p1b: Calyrex|Unnerve\n|turn|9\n|\n|t:|1772693184\n|move|p1a: Flamigo|Wide Guard|p1a: Flamigo\n|-singleturn|p1a: Flamigo|Wide Guard\n|move|p1b: Calyrex|Psych Up|p1a: Flamigo\n|-copyboost|p1b: Calyrex|p1a: Flamigo|[from] move: Psych Up\n|move|p2a: Ditto|Knock Off|p1b: Calyrex|[miss]\n|-miss|p2a: Ditto|p1b: Calyrex\n|move|p2b: Groudon|Iron Head|p1b: Calyrex|[miss]\n|-miss|p2b: Groudon|p1b: Calyrex\n|\n|-weather|SunnyDay|[upkeep]\n|-ability|p2a: Ditto|Moody|boost\n|-boost|p2a: Ditto|atk|2\n|-unboost|p2a: Ditto|spe|1\n|upkeep\n|turn|10\n|\n|t:|1772693205\n|-terastallize|p1b: Calyrex|Grass\n|move|p1b: Calyrex|Giga Drain|p2b: Groudon\n|-supereffective|p2b: Groudon\n|-damage|p2b: Groudon|48/100\n|move|p2a: Ditto|Knock Off|p1b: Calyrex|[miss]\n|-miss|p2a: Ditto|p1b: Calyrex\n|move|p1a: Flamigo|Close Combat|p2b: Groudon\n|-damage|p2b: Groudon|12/100\n|-unboost|p1a: Flamigo|def|1\n|-unboost|p1a: Flamigo|spd|1\n|move|p2b: Groudon|Heat Crash|p1b: Calyrex|[miss]\n|-miss|p2b: Groudon|p1b: Calyrex\n|\n|-weather|SunnyDay|[upkeep]\n|-ability|p2a: Ditto|Moody|boost\n|-boost|p2a: Ditto|spd|2\n|-unboost|p2a: Ditto|def|1\n|upkeep\n|turn|11\n|inactive|I\u2764\ufe0f\u5a1c\u7984forever has 30 seconds left.\n|\n|t:|1772693230\n|move|p1b: Calyrex|Astral Barrage|p2a: Ditto|[spread] p2a,p2b\n|-resisted|p2a: Ditto\n|-damage|p2a: Ditto|90/100\n|-damage|p2b: Groudon|0 fnt\n|faint|p2b: Groudon\n|-ability|p1b: Calyrex|Grim Neigh|boost\n|-boost|p1b: Calyrex|spa|1\n|move|p2a: Ditto|Knock Off|p1b: Calyrex\n|-damage|p1b: Calyrex|1/100\n|-enditem|p1b: Calyrex|Spell Tag|[from] move: Knock Off|[of] p2a: Ditto\n|move|p1a: Flamigo|Close Combat|p2a: Ditto|[miss]\n|-miss|p1a: Flamigo|p2a: Ditto\n|\n|-weather|SunnyDay|[upkeep]\n|-ability|p2a: Ditto|Moody|boost\n|-boost|p2a: Ditto|spd|1\n|-unboost|p2a: Ditto|spa|1\n|upkeep\n|\n|t:|1772693244\n|switch|p2b: Kyurem|Kyurem-White, L50|50/100 psn\n|-ability|p2b: Kyurem|Turboblaze\n|turn|12\n|\n|t:|1772693264\n|-terastallize|p2b: Kyurem|Ghost\n|move|p1b: Calyrex|Protect|p1b: Calyrex\n|-singleturn|p1b: Calyrex|Protect\n|move|p2a: Ditto|Knock Off|p1b: Calyrex\n|-activate|p1b: Calyrex|move: Protect\n|move|p1a: Flamigo|Close Combat|p2b: Kyurem\n|-immune|p2b: Kyurem\n|move|p2b: Kyurem|Blizzard|p1b: Calyrex|[spread] \n|-activate|p1b: Calyrex|move: Protect\n|-miss|p2b: Kyurem|p1a: Flamigo\n|\n|-weather|none\n|-damage|p2b: Kyurem|38/100 psn|[from] psn\n|-ability|p2a: Ditto|Moody|boost\n|-boost|p2a: Ditto|spa|2\n|-unboost|p2a: Ditto|spe|1\n|upkeep\n|turn|13\n|\n|t:|1772693285\n|move|p1b: Calyrex|Astral Barrage|p2b: Kyurem|[spread] p2b\n|-miss|p1b: Calyrex|p2a: Ditto\n|-supereffective|p2b: Kyurem\n|-damage|p2b: Kyurem|0 fnt\n|faint|p2b: Kyurem\n|-ability|p1b: Calyrex|Grim Neigh|boost\n|-boost|p1b: Calyrex|spa|1\n|move|p1a: Flamigo|Acrobatics|p2a: Ditto|[miss]\n|-miss|p1a: Flamigo|p2a: Ditto\n|move|p2a: Ditto|Knock Off|p1b: Calyrex\n|-damage|p1b: Calyrex|0 fnt\n|faint|p1b: Calyrex\n|\n|-ability|p2a: Ditto|Moody|boost\n|-boost|p2a: Ditto|def|2\n|-unboost|p2a: Ditto|spd|1\n|upkeep\n|turn|14\n|\n|t:|1772693306\n|move|p2a: Ditto|Protect|p2a: Ditto\n|-singleturn|p2a: Ditto|Protect\n|move|p1a: Flamigo|Close Combat|p2a: Ditto\n|-activate|p2a: Ditto|move: Protect\n|\n|-ability|p2a: Ditto|Moody|boost\n|-boost|p2a: Ditto|spe|2\n|-unboost|p2a: Ditto|atk|1\n|upkeep\n|turn|15\n|\n|t:|1772693321\n|move|p2a: Ditto|Minimize|p2a: Ditto\n|-boost|p2a: Ditto|evasion|0\n|move|p1a: Flamigo|Acrobatics|p2a: Ditto|[miss]\n|-miss|p1a: Flamigo|p2a: Ditto\n|\n|-ability|p2a: Ditto|Moody|boost\n|-boost|p2a: Ditto|def|2\n|-unboost|p2a: Ditto|spe|1\n|upkeep\n|turn|16\n|\n|t:|1772693331\n|move|p2a: Ditto|Protect|p2a: Ditto\n|-singleturn|p2a: Ditto|Protect\n|move|p1a: Flamigo|Wide Guard||[still]\n|-fail|p1a: Flamigo\n|\n|-ability|p2a: Ditto|Moody|boost\n|-boost|p2a: Ditto|spd|1\n|-unboost|p2a: Ditto|spe|1\n|upkeep\n|turn|17\n|\n|t:|1772693340\n|move|p1a: Flamigo|Close Combat|p2a: Ditto|[miss]\n|-miss|p1a: Flamigo|p2a: Ditto\n|move|p2a: Ditto|Minimize|p2a: Ditto\n|-boost|p2a: Ditto|evasion|0\n|\n|-ability|p2a: Ditto|Moody|boost\n|-boost|p2a: Ditto|atk|2\n|-unboost|p2a: Ditto|spe|1\n|upkeep\n|turn|18\n|\n|t:|1772693349\n|move|p1a: Flamigo|Wide Guard|p1a: Flamigo\n|-singleturn|p1a: Flamigo|Wide Guard\n|move|p2a: Ditto|Minimize|p2a: Ditto\n|-boost|p2a: Ditto|evasion|0\n|\n|-ability|p2a: Ditto|Moody|boost\n|-boost|p2a: Ditto|atk|2\n|-unboost|p2a: Ditto|spe|1\n|upkeep\n|turn|19\n|\n|t:|1772693358\n|move|p2a: Ditto|Protect|p2a: Ditto\n|-singleturn|p2a: Ditto|Protect\n|move|p1a: Flamigo|Wide Guard||[still]\n|-fail|p1a: Flamigo\n|\n|-ability|p2a: Ditto|Moody|boost\n|-boost|p2a: Ditto|spe|2\n|-unboost|p2a: Ditto|spa|1\n|upkeep\n|turn|20\n|\n|t:|1772693367\n|move|p1a: Flamigo|Close Combat|p2a: Ditto\n|-damage|p2a: Ditto|59/100\n|-unboost|p1a: Flamigo|def|1\n|-unboost|p1a: Flamigo|spd|1\n|move|p2a: Ditto|Minimize|p2a: Ditto\n|-boost|p2a: Ditto|evasion|0\n|\n|-ability|p2a: Ditto|Moody|boost\n|-boost|p2a: Ditto|def|2\n|-unboost|p2a: Ditto|spe|1\n|upkeep\n|turn|21\n|\n|t:|1772693377\n|move|p2a: Ditto|Protect|p2a: Ditto\n|-singleturn|p2a: Ditto|Protect\n|move|p1a: Flamigo|Acrobatics|p2a: Ditto\n|-activate|p2a: Ditto|move: Protect\n|\n|-ability|p2a: Ditto|Moody|boost\n|-boost|p2a: Ditto|def|2\n|-unboost|p2a: Ditto|spd|1\n|upkeep\n|turn|22\n|\n|t:|1772693388\n|move|p1a: Flamigo|Acrobatics|p2a: Ditto|[miss]\n|-miss|p1a: Flamigo|p2a: Ditto\n|move|p2a: Ditto|Poison Gas|p1a: Flamigo|[miss]\n|-miss|p2a: Ditto|p1a: Flamigo\n|\n|-ability|p2a: Ditto|Moody|boost\n|-boost|p2a: Ditto|spa|2\n|-unboost|p2a: Ditto|spe|1\n|upkeep\n|turn|23\n|inactive|togahasakikotoga has 30 seconds left.\n|c|\u2606togahasakikotoga|\u5168\u90e8\u53ea\u67098\u4e2app\uff0c\u4f18\u52bf\u5728\u6211\n|l|\u2606togahasakikotoga\n|inactive|togahasakikotoga disconnected and has a minute to reconnect!\n|player|p1|\n|inactive|togahasakikotoga has 20 seconds left.\n|inactive|togahasakikotoga has 15 seconds left.\n|inactive|togahasakikotoga has 10 seconds left.\n|inactive|togahasakikotoga has 5 seconds left.\n|j|\u2606togahasakikotoga\n|inactive|togahasakikotoga reconnected and has 5 seconds left.\n|player|p1|togahasakikotoga|caitlin|\n|c|\u2606I\u2764\ufe0f\u5a1c\u7984forever|\uff1f\n|\n|t:|1772693443\n|move|p1a: Flamigo|Acrobatics|p2a: Ditto\n|-crit|p2a: Ditto\n|-damage|p2a: Ditto|0 fnt\n|faint|p2a: Ditto\n|\n|win|togahasakikotoga\n|raw|togahasakikotoga's rating: 1394 &rarr; <strong>1415</strong><br />(+21 for winning)\n|raw|I\u2764\ufe0f\u5a1c\u7984forever's rating: 1410 &rarr; <strong>1389</strong><br />(-21 for losing)\n|c|\u2606I\u2764\ufe0f\u5a1c\u7984forever|gg\n|l|\u2606I\u2764\ufe0f\u5a1c\u7984forever\n|player|p2|\n|l|\u2606togahasakikotoga\n|player|p1|\n","uploadtime":1772693675,"views":12,"formatid":"gen9vgc2026regi","rating":1389,"private":0,"password":null}