{"id":"gen9vgc2026regi-2576644340","format":"[Gen 9] VGC 2026 Reg I","players":["testhan92","shanhuxin"],"log":"|j|\u2606testhan92\n|j|\u2606shanhuxin\n|t:|1775494494\n|gametype|doubles\n|player|p1|testhan92|2|1401\n|player|p2|shanhuxin|caitlin|1407\n|gen|9\n|tier|[Gen 9] VGC 2026 Reg I\n|rated|\n|rule|Species Clause: Limit one of each Pok\u00e9mon\n|rule|Item Clause: Limit 1 of each item\n|clearpoke\n|poke|p1|Calyrex-Shadow, L50|\n|poke|p1|Koraidon, L50|\n|poke|p1|Ogerpon-Hearthflame, L50, F|\n|poke|p1|Raging Bolt, L50|\n|poke|p1|Rillaboom, L50, M|\n|poke|p1|Incineroar, L50, M|\n|poke|p2|Calyrex-Ice, L50|\n|poke|p2|Kyogre, L50|\n|poke|p2|Amoonguss, L50, M|\n|poke|p2|Farigiraf, L50, F|\n|poke|p2|Incineroar, L50, F|\n|poke|p2|Rillaboom, L50, F|\n|teampreview|4\n|inactive|Battle timer is ON: inactive players will automatically lose when time's up. (requested by shanhuxin)\n|\n|t:|1775494522\n|teamsize|p1|4\n|teamsize|p2|4\n|start\n|switch|p1a: Calyrex|Calyrex-Shadow, L50|100/100\n|switch|p1b: Incineroar|Incineroar, L50, M|100/100\n|switch|p2a: Calyrex|Calyrex-Ice, L50|100/100\n|switch|p2b: Farigiraf|Farigiraf, L50, F|100/100\n|-ability|p1a: Calyrex|As One\n|-ability|p1a: Calyrex|Unnerve\n|-ability|p2a: Calyrex|As One\n|-ability|p2a: Calyrex|Unnerve\n|-ability|p1b: Incineroar|Intimidate|boost\n|-unboost|p2a: Calyrex|atk|1\n|-unboost|p2b: Farigiraf|atk|1\n|turn|1\n|inactive|shanhuxin has 30 seconds left.\n|\n|t:|1775494555\n|switch|p2a: Incineroar|Incineroar, L50, F|100/100\n|-ability|p2a: Incineroar|Intimidate|boost\n|-unboost|p1a: Calyrex|atk|1\n|-unboost|p1b: Incineroar|atk|1\n|-terastallize|p2b: Farigiraf|Normal\n|move|p1a: Calyrex|Nasty Plot|p1a: Calyrex\n|-boost|p1a: Calyrex|spa|2\n|move|p1b: Incineroar|Knock Off|p2a: Incineroar\n|-resisted|p2a: Incineroar\n|-damage|p2a: Incineroar|89/100\n|-enditem|p2a: Incineroar|Assault Vest|[from] move: Knock Off|[of] p1b: Incineroar\n|move|p2b: Farigiraf|Trick Room|p2b: Farigiraf\n|-fieldstart|move: Trick Room|[of] p2b: Farigiraf\n|\n|upkeep\n|turn|2\n|inactive|shanhuxin has 30 seconds left.\n|\n|t:|1775494583\n|move|p1a: Calyrex|Protect|p1a: Calyrex\n|-singleturn|p1a: Calyrex|Protect\n|move|p1b: Incineroar|Knock Off|p2b: Farigiraf\n|-damage|p2b: Farigiraf|71/100\n|-enditem|p2b: Farigiraf|Safety Goggles|[from] move: Knock Off|[of] p1b: Incineroar\n|move|p2b: Farigiraf|Expanding Force|p1a: Calyrex\n|-activate|p1a: Calyrex|move: Protect\n|move|p2a: Incineroar|Knock Off|p1a: Calyrex\n|-activate|p1a: Calyrex|move: Protect\n|\n|upkeep\n|turn|3\n|inactive|testhan92 has 30 seconds left.\n|\n|t:|1775494611\n|switch|p1a: Rillaboom|Rillaboom, L50, M|100/100\n|-fieldstart|move: Grassy Terrain|[from] ability: Grassy Surge|[of] p1a: Rillaboom\n|move|p1b: Incineroar|Parting Shot|p2a: Incineroar\n|-unboost|p2a: Incineroar|atk|1\n|-unboost|p2a: Incineroar|spa|1\n|\n|t:|1775494617\n|switch|p1b: Calyrex|Calyrex-Shadow, L50|100/100|[from] Parting Shot\n|-ability|p1b: Calyrex|As One\n|-ability|p1b: Calyrex|Unnerve\n|move|p2b: Farigiraf|Expanding Force|p1a: Rillaboom\n|-damage|p1a: Rillaboom|80/100\n|move|p2a: Incineroar|Knock Off|p1a: Rillaboom\n|-damage|p1a: Rillaboom|56/100\n|-enditem|p1a: Rillaboom|Assault Vest|[from] move: Knock Off|[of] p2a: Incineroar\n|\n|-heal|p2b: Farigiraf|78/100|[from] Grassy Terrain\n|-heal|p2a: Incineroar|95/100|[from] Grassy Terrain\n|-heal|p1a: Rillaboom|62/100|[from] Grassy Terrain\n|upkeep\n|turn|4\n|inactive|testhan92 has 30 seconds left.\n|inactive|testhan92 has 20 seconds left.\n|inactive|shanhuxin has 30 seconds left.\n|inactive|testhan92 has 15 seconds left.\n|inactive|testhan92 has 10 seconds left.\n|\n|t:|1775494664\n|switch|p2b: Calyrex|Calyrex-Ice, L50|100/100\n|-ability|p2b: Calyrex|As One\n|-ability|p2b: Calyrex|Unnerve\n|switch|p1b: Incineroar|Incineroar, L50, M|100/100\n|-ability|p1b: Incineroar|Intimidate|boost\n|-unboost|p2a: Incineroar|atk|1\n|-unboost|p2b: Calyrex|atk|1\n|move|p2a: Incineroar|Knock Off|p1b: Incineroar\n|-resisted|p1b: Incineroar\n|-damage|p1b: Incineroar|94/100\n|-damage|p2a: Incineroar|78/100|[from] item: Rocky Helmet|[of] p1b: Incineroar\n|-enditem|p1b: Incineroar|Rocky Helmet|[from] move: Knock Off|[of] p2a: Incineroar\n|move|p1a: Rillaboom|Wood Hammer|p2b: Calyrex\n|-damage|p2b: Calyrex|58/100\n|-damage|p1a: Rillaboom|48/100|[from] Recoil\n|\n|-heal|p1b: Incineroar|99/100|[from] Grassy Terrain\n|-heal|p2b: Calyrex|64/100|[from] Grassy Terrain\n|-heal|p2a: Incineroar|84/100|[from] Grassy Terrain\n|-heal|p1a: Rillaboom|54/100|[from] Grassy Terrain\n|upkeep\n|turn|5\n|inactive|testhan92 has 30 seconds left.\n|inactive|testhan92 has 20 seconds left.\n|\n|t:|1775494700\n|move|p1b: Incineroar|Fake Out|p2b: Calyrex\n|-crit|p2b: Calyrex\n|-damage|p2b: Calyrex|54/100\n|cant|p2b: Calyrex|flinch\n|move|p2a: Incineroar|U-turn|p1b: Incineroar\n|-damage|p1b: Incineroar|93/100\n|\n|t:|1775494709\n|switch|p2a: Farigiraf|Farigiraf, L50, F, tera:Normal|78/100|[from] U-turn\n|move|p1a: Rillaboom|U-turn|p2a: Farigiraf\n|-damage|p2a: Farigiraf|54/100\n|\n|t:|1775494718\n|switch|p1a: Calyrex|Calyrex-Shadow, L50|100/100|[from] U-turn\n|-ability|p1a: Calyrex|As One\n|-ability|p1a: Calyrex|Unnerve\n|\n|-heal|p1b: Incineroar|99/100|[from] Grassy Terrain\n|-heal|p2b: Calyrex|60/100|[from] Grassy Terrain\n|-heal|p2a: Farigiraf|60/100|[from] Grassy Terrain\n|-fieldend|move: Trick Room\n|upkeep\n|turn|6\n|\n|t:|1775494743\n|move|p2b: Calyrex|Protect|p2b: Calyrex\n|-singleturn|p2b: Calyrex|Protect\n|move|p1a: Calyrex|Astral Barrage|p2a: Farigiraf|[spread] \n|-activate|p2b: Calyrex|move: Protect\n|-immune|p2a: Farigiraf\n|move|p1b: Incineroar|Knock Off|p2a: Farigiraf\n|-damage|p2a: Farigiraf|35/100\n|move|p2a: Farigiraf|Trick Room|p2a: Farigiraf\n|-fieldstart|move: Trick Room|[of] p2a: Farigiraf\n|\n|-heal|p1b: Incineroar|100/100|[from] Grassy Terrain\n|-heal|p2b: Calyrex|66/100|[from] Grassy Terrain\n|-heal|p2a: Farigiraf|41/100|[from] Grassy Terrain\n|upkeep\n|turn|7\n|inactive|testhan92 has 30 seconds left.\n|inactive|testhan92 has 20 seconds left.\n|inactive|testhan92 has 15 seconds left.\n|\n|t:|1775494785\n|move|p1b: Incineroar|Will-O-Wisp|p2b: Calyrex\n|-status|p2b: Calyrex|brn\n|move|p2b: Calyrex|Glacial Lance|p1a: Calyrex|[spread] p1a,p1b\n|-resisted|p1b: Incineroar\n|-damage|p1a: Calyrex|70/100\n|-damage|p1b: Incineroar|93/100\n|move|p2a: Farigiraf|Expanding Force|p1a: Calyrex\n|-resisted|p1a: Calyrex\n|-damage|p1a: Calyrex|52/100\n|move|p1a: Calyrex|Psychic|p2a: Farigiraf\n|-damage|p2a: Farigiraf|4/100\n|-unboost|p2a: Farigiraf|spd|1\n|\n|-heal|p1b: Incineroar|99/100|[from] Grassy Terrain\n|-heal|p2b: Calyrex|72/100 brn|[from] Grassy Terrain\n|-heal|p2a: Farigiraf|10/100|[from] Grassy Terrain\n|-heal|p1a: Calyrex|58/100|[from] Grassy Terrain\n|-damage|p2b: Calyrex|66/100 brn|[from] brn\n|-fieldend|move: Grassy Terrain\n|upkeep\n|turn|8\n|inactive|shanhuxin has 30 seconds left.\n|\n|t:|1775494820\n|switch|p2b: Incineroar|Incineroar, L50, F|84/100\n|-ability|p2b: Incineroar|Intimidate|boost\n|-unboost|p1a: Calyrex|atk|1\n|-unboost|p1b: Incineroar|atk|1\n|move|p2a: Farigiraf|Protect|p2a: Farigiraf\n|-singleturn|p2a: Farigiraf|Protect\n|move|p1b: Incineroar|Knock Off|p2a: Farigiraf\n|-activate|p2a: Farigiraf|move: Protect\n|move|p1a: Calyrex|Astral Barrage|p2a: Farigiraf|[spread] p2b\n|-activate|p2a: Farigiraf|move: Protect\n|-resisted|p2b: Incineroar\n|-damage|p2b: Incineroar|63/100\n|\n|upkeep\n|turn|9\n|inactive|shanhuxin has 30 seconds left.\n|inactive|testhan92 has 30 seconds left.\n|inactive|shanhuxin has 20 seconds left.\n|inactive|testhan92 has 20 seconds left.\n|inactive|shanhuxin has 15 seconds left.\n|\n|t:|1775494872\n|move|p1a: Calyrex|Protect|p1a: Calyrex\n|-singleturn|p1a: Calyrex|Protect\n|move|p1b: Incineroar|Knock Off|p2a: Farigiraf\n|-damage|p2a: Farigiraf|0 fnt\n|faint|p2a: Farigiraf\n|move|p2b: Incineroar|U-turn|p1b: Incineroar\n|-damage|p1b: Incineroar|86/100\n|\n|t:|1775494882\n|switch|p2b: Kyogre|Kyogre, L50|100/100|[from] U-turn\n|-weather|RainDance|[from] ability: Drizzle|[of] p2b: Kyogre\n|\n|-weather|RainDance|[upkeep]\n|upkeep\n|\n|t:|1775494889\n|switch|p2a: Calyrex|Calyrex-Ice, L50|66/100 brn\n|-ability|p2a: Calyrex|As One\n|-ability|p2a: Calyrex|Unnerve\n|turn|10\n|\n|t:|1775494909\n|switch|p1a: Koraidon|Koraidon, L50|100/100\n|-weather|SunnyDay|[from] ability: Orichalcum Pulse|[of] p1a: Koraidon\n|-activate|p1a: Koraidon|Orichalcum Pulse|[source]\n|move|p2b: Kyogre|Water Spout|p1b: Incineroar|[spread] p1a,p1b\n|-resisted|p1a: Koraidon\n|-supereffective|p1b: Incineroar\n|-damage|p1a: Koraidon|85/100\n|-damage|p1b: Incineroar|23/100\n|move|p1b: Incineroar|Parting Shot|p2a: Calyrex\n|-unboost|p2a: Calyrex|atk|1\n|-unboost|p2a: Calyrex|spa|1\n|\n|t:|1775494924\n|switch|p1b: Rillaboom|Rillaboom, L50, M|54/100|[from] Parting Shot\n|-fieldstart|move: Grassy Terrain|[from] ability: Grassy Surge|[of] p1b: Rillaboom\n|move|p2a: Calyrex|Glacial Lance|p1b: Rillaboom|[spread] p1a,p1b\n|-supereffective|p1a: Koraidon\n|-supereffective|p1b: Rillaboom\n|-damage|p1a: Koraidon|47/100\n|-damage|p1b: Rillaboom|8/100\n|\n|-weather|SunnyDay|[upkeep]\n|-heal|p2a: Calyrex|72/100 brn|[from] Grassy Terrain\n|-heal|p1b: Rillaboom|14/100|[from] Grassy Terrain\n|-heal|p1a: Koraidon|53/100|[from] Grassy Terrain\n|-damage|p2a: Calyrex|66/100 brn|[from] brn\n|-fieldend|move: Trick Room\n|upkeep\n|turn|11\n|inactive|testhan92 has 30 seconds left.\n|inactive|testhan92 has 20 seconds left.\n|inactive|testhan92 has 15 seconds left.\n|inactive|testhan92 has 10 seconds left.\n|\n|t:|1775494970\n|switch|p2a: Incineroar|Incineroar, L50, F|63/100\n|-ability|p2a: Incineroar|Intimidate|boost\n|-fail|p1a: Koraidon|unboost|[from] item: Clear Amulet|[of] p1a: Koraidon\n|-unboost|p1b: Rillaboom|atk|1\n|-terastallize|p1a: Koraidon|Fire\n|move|p2b: Kyogre|Protect|p2b: Kyogre\n|-singleturn|p2b: Kyogre|Protect\n|move|p1b: Rillaboom|Fake Out|p2a: Incineroar\n|-damage|p2a: Incineroar|55/100\n|move|p1a: Koraidon|Low Kick|p2b: Kyogre\n|-activate|p2b: Kyogre|move: Protect\n|\n|-weather|SunnyDay|[upkeep]\n|-heal|p1a: Koraidon|59/100|[from] Grassy Terrain\n|-heal|p1b: Rillaboom|20/100|[from] Grassy Terrain\n|-heal|p2a: Incineroar|61/100|[from] Grassy Terrain\n|upkeep\n|turn|12\n|inactive|shanhuxin has 30 seconds left.\n|inactive|shanhuxin has 20 seconds left.\n|inactive|shanhuxin has 15 seconds left.\n|inactive|shanhuxin has 10 seconds left.\n|inactive|shanhuxin has 5 seconds left.\n|\n|t:|1775495021\n|move|p1a: Koraidon|Protect|p1a: Koraidon\n|-singleturn|p1a: Koraidon|Protect\n|move|p2a: Incineroar|Fake Out|p1a: Koraidon\n|-activate|p1a: Koraidon|move: Protect\n|move|p1b: Rillaboom|Wood Hammer|p2b: Kyogre\n|-supereffective|p2b: Kyogre\n|-damage|p2b: Kyogre|5/100\n|-damage|p1b: Rillaboom|0 fnt|[from] Recoil\n|faint|p1b: Rillaboom\n|move|p2b: Kyogre|Origin Pulse|p1a: Koraidon\n|-activate|p1a: Koraidon|move: Protect\n|\n|-weather|SunnyDay|[upkeep]\n|-heal|p1a: Koraidon|65/100|[from] Grassy Terrain\n|-heal|p2a: Incineroar|67/100|[from] Grassy Terrain\n|-heal|p2b: Kyogre|11/100|[from] Grassy Terrain\n|upkeep\n|\n|t:|1775495031\n|switch|p1b: Calyrex|Calyrex-Shadow, L50|58/100\n|-ability|p1b: Calyrex|As One\n|-ability|p1b: Calyrex|Unnerve\n|turn|13\n|\n|t:|1775495055\n|move|p1b: Calyrex|Astral Barrage|p2b: Kyogre|[spread] p2a,p2b\n|-resisted|p2a: Incineroar\n|-damage|p2a: Incineroar|50/100\n|-damage|p2b: Kyogre|0 fnt\n|faint|p2b: Kyogre\n|-ability|p1b: Calyrex|Grim Neigh|boost\n|-boost|p1b: Calyrex|spa|1\n|move|p1a: Koraidon|Low Kick|p2a: Incineroar\n|-supereffective|p2a: Incineroar\n|-damage|p2a: Incineroar|0 fnt\n|faint|p2a: Incineroar\n|\n|-weather|SunnyDay|[upkeep]\n|-heal|p1b: Calyrex|64/100|[from] Grassy Terrain\n|-heal|p1a: Koraidon|72/100|[from] Grassy Terrain\n|upkeep\n|\n|t:|1775495066\n|switch|p2b: Calyrex|Calyrex-Ice, L50|66/100 brn\n|-ability|p2b: Calyrex|As One\n|-ability|p2b: Calyrex|Unnerve\n|turn|14\n|\n|t:|1775495069\n|move|p1b: Calyrex|Astral Barrage|p2b: Calyrex\n|-supereffective|p2b: Calyrex\n|-damage|p2b: Calyrex|0 fnt\n|faint|p2b: Calyrex\n|\n|win|testhan92\n|raw|testhan92's rating: 1401 &rarr; <strong>1421</strong><br />(+20 for winning)\n|raw|shanhuxin's rating: 1407 &rarr; <strong>1387</strong><br />(-20 for losing)\n","uploadtime":1775495070,"views":8,"formatid":"gen9vgc2026regi","rating":1387,"private":0,"password":null}