{"id":"gen9vgc2026regi-2551038325","format":"[Gen 9] VGC 2026 Reg I","players":["Dux-El52","kojimuranishi"],"log":"|j|\u2606Dux-El52\n|j|\u2606kojimuranishi\n|t:|1772559577\n|gametype|doubles\n|player|p1|Dux-El52|2|1382\n|player|p2|kojimuranishi|1|1515\n|gen|9\n|tier|[Gen 9] VGC 2026 Reg I\n|rated|\n|rule|Species Clause: Limit one of each Pok\u00e9mon\n|rule|Item Clause: Limit 1 of each item\n|clearpoke\n|poke|p1|Zamazenta-*, L50|\n|poke|p1|Miraidon, L50|\n|poke|p1|Farigiraf, L50, M|\n|poke|p1|Ursaluna-Bloodmoon, L50, M|\n|poke|p1|Incineroar, L50, F|\n|poke|p1|Ogerpon-Wellspring, L50, F|\n|poke|p2|Raging Bolt, L50|\n|poke|p2|Calyrex-Ice, L50|\n|poke|p2|Kyogre, L50|\n|poke|p2|Indeedee-F, L50, F|\n|poke|p2|Ursaluna, L50, M|\n|poke|p2|Chien-Pao, L50|\n|teampreview|4\n|inactive|Battle timer is ON: inactive players will automatically lose when time's up. (requested by kojimuranishi)\n|inactive|Dux-El52 has 60 seconds left.\n|j| fukan123\n|inactive|Dux-El52 has 30 seconds left.\n|\n|t:|1772559648\n|teamsize|p1|4\n|teamsize|p2|4\n|start\n|switch|p1a: Farigiraf|Farigiraf, L50, M, shiny|100/100\n|switch|p1b: Zamazenta|Zamazenta-Crowned, L50, shiny|100/100\n|switch|p2a: Raging Bolt|Raging Bolt, L50|100/100\n|switch|p2b: Calyrex|Calyrex-Ice, L50|100/100\n|-ability|p2b: Calyrex|As One\n|-ability|p2b: Calyrex|Unnerve\n|-ability|p1b: Zamazenta|Dauntless Shield|boost\n|-boost|p1b: Zamazenta|def|1\n|turn|1\n|inactive|kojimuranishi has 30 seconds left.\n|\n|t:|1772559680\n|move|p1b: Zamazenta|Body Press|p2a: Raging Bolt\n|-damage|p2a: Raging Bolt|37/100\n|move|p2a: Raging Bolt|Thunderbolt|p1a: Farigiraf\n|-damage|p1a: Farigiraf|34/100\n|-damage|p2a: Raging Bolt|27/100|[from] item: Life Orb\n|move|p1a: Farigiraf|Imprison|p1a: Farigiraf\n|-start|p1a: Farigiraf|move: Imprison\n|move|p2b: Calyrex|Leech Seed|p1b: Zamazenta\n|-start|p1b: Zamazenta|move: Leech Seed\n|\n|-damage|p1b: Zamazenta|88/100|[from] Leech Seed|[of] p2b: Calyrex\n|upkeep\n|turn|2\n|\n|t:|1772559699\n|move|p2a: Raging Bolt|Protect|p2a: Raging Bolt\n|-singleturn|p2a: Raging Bolt|Protect\n|move|p1b: Zamazenta|Body Press|p2a: Raging Bolt\n|-activate|p2a: Raging Bolt|move: Protect\n|move|p1a: Farigiraf|Foul Play|p2b: Calyrex\n|-supereffective|p2b: Calyrex\n|-crit|p2b: Calyrex\n|-damage|p2b: Calyrex|38/100\n|move|p2b: Calyrex|Leech Seed|p1a: Farigiraf\n|-start|p1a: Farigiraf|move: Leech Seed\n|\n|-heal|p2b: Calyrex|43/100|[from] item: Leftovers\n|-damage|p1b: Zamazenta|75/100|[from] Leech Seed|[of] p2b: Calyrex\n|-heal|p2b: Calyrex|55/100|[silent]\n|-damage|p1a: Farigiraf|21/100|[from] Leech Seed|[of] p2b: Calyrex\n|-heal|p2b: Calyrex|68/100|[silent]\n|upkeep\n|turn|3\n|inactive|kojimuranishi has 30 seconds left.\n|inactive|kojimuranishi has 20 seconds left.\n|inactive|kojimuranishi has 15 seconds left.\n|inactive|kojimuranishi has 10 seconds left.\n|inactive|kojimuranishi has 5 seconds left.\n|\n|t:|1772559750\n|-end|p2a: Raging Bolt|Protosynthesis|[silent]\n|switch|p2a: Indeedee|Indeedee-F, L50, F|100/100\n|-fieldstart|move: Psychic Terrain|[from] ability: Psychic Surge|[of] p2a: Indeedee\n|-terastallize|p2b: Calyrex|Water\n|move|p1b: Zamazenta|Body Press|p2a: Indeedee\n|-damage|p2a: Indeedee|29/100\n|move|p1a: Farigiraf|Foul Play|p2b: Calyrex\n|-damage|p2b: Calyrex|48/100\n|move|p2b: Calyrex|Glacial Lance|p1a: Farigiraf|[spread] p1a,p1b\n|-resisted|p1b: Zamazenta\n|-damage|p1a: Farigiraf|0 fnt\n|-damage|p1b: Zamazenta|66/100\n|faint|p1a: Farigiraf\n|-ability|p2b: Calyrex|Chilling Neigh|boost\n|-boost|p2b: Calyrex|atk|1\n|\n|-heal|p2b: Calyrex|54/100|[from] item: Leftovers\n|-damage|p1b: Zamazenta|54/100|[from] Leech Seed|[of] p2b: Calyrex\n|-heal|p2b: Calyrex|66/100|[silent]\n|upkeep\n|\n|t:|1772559764\n|switch|p1a: Ogerpon|Ogerpon-Wellspring, L50, F|100/100\n|turn|4\n|\n|t:|1772559784\n|move|p2a: Indeedee|Protect|p2a: Indeedee\n|-singleturn|p2a: Indeedee|Protect\n|move|p2b: Calyrex|Protect|p2b: Calyrex\n|-singleturn|p2b: Calyrex|Protect\n|move|p1b: Zamazenta|Wide Guard|p1b: Zamazenta\n|-singleturn|p1b: Zamazenta|Wide Guard\n|move|p1a: Ogerpon|Horn Leech|p2a: Indeedee\n|-activate|p2a: Indeedee|move: Protect\n|\n|-heal|p2b: Calyrex|72/100|[from] item: Leftovers\n|-damage|p1b: Zamazenta|41/100|[from] Leech Seed|[of] p2b: Calyrex\n|-heal|p2b: Calyrex|83/100|[silent]\n|upkeep\n|turn|5\n|\n|t:|1772559804\n|move|p1a: Ogerpon|Ivy Cudgel|p2a: Indeedee|[anim] Ivy Cudgel Water\n|-damage|p2a: Indeedee|0 fnt\n|faint|p2a: Indeedee\n|move|p1b: Zamazenta|Body Press|p2b: Calyrex\n|-damage|p2b: Calyrex|42/100\n|move|p2b: Calyrex|Trick Room|p2b: Calyrex\n|-fieldstart|move: Trick Room|[of] p2b: Calyrex\n|\n|-heal|p2b: Calyrex|48/100|[from] item: Leftovers\n|-damage|p1b: Zamazenta|29/100|[from] Leech Seed|[of] p2b: Calyrex\n|-heal|p2b: Calyrex|59/100|[silent]\n|upkeep\n|\n|t:|1772559817\n|switch|p2a: Ursaluna|Ursaluna, L50, M|100/100\n|turn|6\n|inactive|Dux-El52 has 30 seconds left.\n|inactive|Dux-El52 has 20 seconds left.\n|\n|t:|1772559853\n|-terastallize|p1a: Ogerpon|Water\n|detailschange|p1a: Ogerpon|Ogerpon-Wellspring-Tera, L50, F, tera:Water\n|-ability|p1a: Ogerpon|Embody Aspect (Wellspring)|boost\n|-boost|p1a: Ogerpon|spd|1\n|move|p2b: Calyrex|Protect|p2b: Calyrex\n|-singleturn|p2b: Calyrex|Protect\n|move|p2a: Ursaluna|Protect|p2a: Ursaluna\n|-singleturn|p2a: Ursaluna|Protect\n|move|p1b: Zamazenta|Body Press|p2b: Calyrex\n|-activate|p2b: Calyrex|move: Protect\n|move|p1a: Ogerpon|Horn Leech|p2b: Calyrex\n|-activate|p2b: Calyrex|move: Protect\n|\n|-heal|p2b: Calyrex|65/100|[from] item: Leftovers\n|-damage|p1b: Zamazenta|16/100|[from] Leech Seed|[of] p2b: Calyrex\n|-heal|p2b: Calyrex|77/100|[silent]\n|-status|p2a: Ursaluna|brn|[from] item: Flame Orb\n|upkeep\n|turn|7\n|\n|t:|1772559875\n|move|p1a: Ogerpon|Spiky Shield|p1a: Ogerpon\n|-singleturn|p1a: Ogerpon|move: Protect\n|move|p2b: Calyrex|Glacial Lance|p1b: Zamazenta|[spread] p1b\n|-activate|p1a: Ogerpon|move: Protect\n|-resisted|p1b: Zamazenta\n|-damage|p1b: Zamazenta|4/100\n|move|p2a: Ursaluna|Facade|p1a: Ogerpon\n|-activate|p1a: Ogerpon|move: Protect\n|-damage|p2a: Ursaluna|88/100 brn|[from] Spiky Shield|[of] p1a: Ogerpon\n|move|p1b: Zamazenta|Body Press|p2a: Ursaluna\n|-supereffective|p2a: Ursaluna\n|-damage|p2a: Ursaluna|0 fnt\n|faint|p2a: Ursaluna\n|\n|-heal|p2b: Calyrex|83/100|[from] item: Leftovers\n|-damage|p1b: Zamazenta|0 fnt|[from] Leech Seed|[of] p2b: Calyrex\n|-heal|p2b: Calyrex|86/100|[silent]\n|faint|p1b: Zamazenta\n|-fieldend|move: Psychic Terrain\n|upkeep\n|\n|t:|1772559895\n|switch|p2a: Raging Bolt|Raging Bolt, L50|27/100\n|switch|p1b: Ursaluna|Ursaluna-Bloodmoon, L50, M|100/100\n|turn|8\n|inactive|kojimuranishi has 30 seconds left.\n|\n|t:|1772559922\n|move|p1a: Ogerpon|Follow Me|p1a: Ogerpon\n|-singleturn|p1a: Ogerpon|move: Follow Me\n|move|p2b: Calyrex|Glacial Lance|p1a: Ogerpon|[spread] p1a,p1b\n|-resisted|p1a: Ogerpon\n|-supereffective|p1b: Ursaluna\n|-damage|p1a: Ogerpon|65/100\n|-damage|p1b: Ursaluna|0 fnt\n|faint|p1b: Ursaluna\n|-ability|p2b: Calyrex|Chilling Neigh|boost\n|-boost|p2b: Calyrex|atk|1\n|move|p2a: Raging Bolt|Thunderbolt|p1a: Ogerpon\n|-supereffective|p1a: Ogerpon\n|-damage|p1a: Ogerpon|0 fnt\n|faint|p1a: Ogerpon\n|detailschange|p1: Ogerpon|Ogerpon-Wellspring, L50, F|[silent]\n|-damage|p2a: Raging Bolt|18/100|[from] item: Life Orb\n|\n|win|kojimuranishi\n|raw|Dux-El52's rating: 1382 &rarr; <strong>1369</strong><br />(-13 for losing)\n|raw|kojimuranishi's rating: 1515 &rarr; <strong>1528</strong><br />(+13 for winning)\n|l|\u2606Dux-El52\n|player|p1|\n|l| fukan123\n|l|\u2606kojimuranishi\n|player|p2|\n","uploadtime":1772560187,"views":15,"formatid":"gen9vgc2026regi","rating":1369,"private":0,"password":null}