{"id":"gen9vgc2026regi-2569001617","format":"[Gen 9] VGC 2026 Reg I","players":["fernsthedruids","pskire"],"log":"|j|\u2606fernsthedruids\n|j|\u2606pskire\n|t:|1774639948\n|gametype|doubles\n|player|p1|fernsthedruids|169|1365\n|player|p2|pskire|cynthia-masters4|1466\n|gen|9\n|tier|[Gen 9] VGC 2026 Reg I\n|rated|\n|rule|Species Clause: Limit one of each Pok\u00e9mon\n|rule|Item Clause: Limit 1 of each item\n|clearpoke\n|poke|p1|Kyogre, L50|\n|poke|p1|Calyrex-Ice, L50|\n|poke|p1|Raging Bolt, L50|\n|poke|p1|Tornadus, L50, M|\n|poke|p1|Incineroar, L50, F|\n|poke|p1|Amoonguss, L50, F|\n|poke|p2|Calyrex-Shadow, L50|\n|poke|p2|Koraidon, L50|\n|poke|p2|Rillaboom, L50, F|\n|poke|p2|Incineroar, L50, F|\n|poke|p2|Volcarona, L50, F|\n|poke|p2|Regieleki, L50|\n|teampreview|4\npskire has agreed to open team sheets.\n|\n|t:|1774639982\n|teamsize|p1|4\n|teamsize|p2|4\n|start\n|switch|p1a: Incineroar|Incineroar, L50, F|100/100\n|switch|p1b: Calyrex|Calyrex-Ice, L50|100/100\n|switch|p2a: Calyrex|Calyrex-Shadow, L50|100/100\n|switch|p2b: Incineroar|Incineroar, L50, F|100/100\n|-ability|p2a: Calyrex|As One\n|-ability|p2a: Calyrex|Unnerve\n|-ability|p1b: Calyrex|As One\n|-ability|p1b: Calyrex|Unnerve\n|-ability|p2b: Incineroar|Intimidate|boost\n|-unboost|p1a: Incineroar|atk|1\n|-fail|p1b: Calyrex|unboost|[from] item: Clear Amulet|[of] p1b: Calyrex\n|-ability|p1a: Incineroar|Intimidate|boost\n|-unboost|p2a: Calyrex|atk|1\n|-unboost|p2b: Incineroar|atk|1\n|turn|1\n|\n|t:|1774640038\n|switch|p1b: Amoonguss|Amoonguss, L50, F|100/100\n|-terastallize|p2a: Calyrex|Dark\n|move|p2b: Incineroar|Fake Out|p1b: Amoonguss\n|-damage|p1b: Amoonguss|94/100\n|move|p2a: Calyrex|Nasty Plot|p2a: Calyrex\n|-boost|p2a: Calyrex|spa|2\n|move|p1a: Incineroar|Parting Shot|p2a: Calyrex\n|-unboost|p2a: Calyrex|atk|1\n|-unboost|p2a: Calyrex|spa|1\n|\n|t:|1774640049\n|switch|p1a: Kyogre|Kyogre, L50|100/100|[from] Parting Shot\n|-weather|RainDance|[from] ability: Drizzle|[of] p1a: Kyogre\n|\n|-weather|RainDance|[upkeep]\n|upkeep\n|turn|2\n|\n|t:|1774640093\n|switch|p1a: Incineroar|Incineroar, L50, F|100/100\n|-ability|p1a: Incineroar|Intimidate|boost\n|-unboost|p2a: Calyrex|atk|1\n|-unboost|p2b: Incineroar|atk|1\n|switch|p2b: Koraidon|Koraidon, L50|100/100\n|-weather|SunnyDay|[from] ability: Orichalcum Pulse|[of] p2b: Koraidon\n|-activate|p2b: Koraidon|Orichalcum Pulse|[source]\n|-terastallize|p1b: Amoonguss|Dark\n|move|p2a: Calyrex|Psychic|p1b: Amoonguss\n|-immune|p1b: Amoonguss\n|move|p1b: Amoonguss|Spore|p2a: Calyrex\n|-status|p2a: Calyrex|slp|[from] move: Spore\n|\n|-weather|SunnyDay|[upkeep]\n|upkeep\n|turn|3\n|inactive|Battle timer is ON: inactive players will automatically lose when time's up. (requested by pskire)\n|\n|t:|1774640145\n|switch|p1b: Kyogre|Kyogre, L50|100/100\n|-weather|RainDance|[from] ability: Drizzle|[of] p1b: Kyogre\n|move|p2b: Koraidon|Protect|p2b: Koraidon\n|-singleturn|p2b: Koraidon|Protect\n|move|p1a: Incineroar|Fake Out|p2b: Koraidon\n|-activate|p2b: Koraidon|move: Protect\n|cant|p2a: Calyrex|slp\n|\n|-weather|RainDance|[upkeep]\n|upkeep\n|turn|4\n|inactive|fernsthedruids has 30 seconds left.\n|\n|t:|1774640171\n|cant|p2a: Calyrex|slp\n|move|p2b: Koraidon|Collision Course|p1a: Incineroar\n|-supereffective|p1a: Incineroar\n|-damage|p1a: Incineroar|0 fnt\n|faint|p1a: Incineroar\n|move|p1b: Kyogre|Origin Pulse|p2b: Koraidon|[spread] p2b\n|-miss|p1b: Kyogre|p2a: Calyrex\n|-resisted|p2b: Koraidon\n|-damage|p2b: Koraidon|64/100\n|\n|-weather|RainDance|[upkeep]\n|upkeep\n|\n|t:|1774640179\n|switch|p1a: Amoonguss|Amoonguss, L50, F, tera:Dark|100/100\n|turn|5\n|\n|t:|1774640186\n|move|p1a: Amoonguss|Rage Powder|p1a: Amoonguss\n|-singleturn|p1a: Amoonguss|move: Rage Powder\n|-curestatus|p2a: Calyrex|slp|[msg]\n|move|p2a: Calyrex|Astral Barrage|p1b: Kyogre|[spread] p1a,p1b\n|-resisted|p1a: Amoonguss\n|-damage|p1a: Amoonguss|64/100\n|-damage|p1b: Kyogre|35/100\n|-damage|p2a: Calyrex|91/100|[from] item: Life Orb\n|move|p2b: Koraidon|Collision Course|p1a: Amoonguss\n|-supereffective|p1a: Amoonguss\n|-damage|p1a: Amoonguss|0 fnt\n|faint|p1a: Amoonguss\n|move|p1b: Kyogre|Water Spout|p2a: Calyrex|[spread] p2a,p2b\n|-resisted|p2b: Koraidon\n|-damage|p2a: Calyrex|55/100\n|-damage|p2b: Koraidon|45/100\n|\n|-weather|RainDance|[upkeep]\n|upkeep\n|-message|fernsthedruids forfeited.\n|\n|win|pskire\n|raw|fernsthedruids's rating: 1365 &rarr; <strong>1351</strong><br />(-14 for losing)\n|raw|pskire's rating: 1466 &rarr; <strong>1480</strong><br />(+14 for winning)\n","uploadtime":1774640194,"views":13,"formatid":"gen9vgc2026regi","rating":1351,"private":0,"password":null}