{"id":"gen9vgc2026regi-2559351463","format":"[Gen 9] VGC 2026 Reg I","players":["sheeshshane925","Odddish262"],"log":"|j|\u2606sheeshshane925\n|j|\u2606Odddish262\n|t:|1773550573\n|gametype|doubles\n|player|p1|sheeshshane925|chuck|1330\n|player|p2|Odddish262|caitlin|1326\n|gen|9\n|tier|[Gen 9] VGC 2026 Reg I\n|rated|\n|rule|Species Clause: Limit one of each Pok\u00e9mon\n|rule|Item Clause: Limit 1 of each item\n|clearpoke\n|poke|p1|Calyrex-Ice, L50|\n|poke|p1|Miraidon, L50|\n|poke|p1|Farigiraf, L50, F|\n|poke|p1|Iron Hands, L50|\n|poke|p1|Scraggy, L50, M|\n|poke|p1|Iron Bundle, L50|\n|poke|p2|Groudon, L50|\n|poke|p2|Chi-Yu, L50|\n|poke|p2|Flutter Mane, L50|\n|poke|p2|Raging Bolt, L50|\n|poke|p2|Calyrex-Ice, L50|\n|poke|p2|Jumpluff, L50, M|\n|teampreview|4\n|inactive|Battle timer is ON: inactive players will automatically lose when time's up. (requested by Odddish262)\n|inactive|sheeshshane925 has 60 seconds left.\n|inactive|Odddish262 has 60 seconds left.\n|\n|t:|1773550627\n|teamsize|p1|4\n|teamsize|p2|4\n|start\n|switch|p1a: Miraidon|Miraidon, L50, shiny|100/100\n|switch|p1b: Farigiraf|Farigiraf, L50, F, shiny|100/100\n|switch|p2a: suh|Calyrex-Ice, L50|100/100\n|switch|p2b: juh|Jumpluff, L50, M|100/100\n|-ability|p2a: suh|As One\n|-ability|p2a: suh|Unnerve\n|-fieldstart|move: Electric Terrain|[from] ability: Hadron Engine|[of] p1a: Miraidon\n|-enditem|p1b: Farigiraf|Electric Seed\n|-boost|p1b: Farigiraf|def|1|[from] item: Electric Seed\n|turn|1\n|inactive|Odddish262 has 30 seconds left.\n|\n|t:|1773550653\n|move|p1b: Farigiraf|Helping Hand|p1a: Miraidon\n|-singleturn|p1a: Miraidon|Helping Hand|[of] p1b: Farigiraf\n|move|p2b: juh|Tailwind|p2b: juh\n|-sidestart|p2: Odddish262|move: Tailwind\n|move|p2a: suh|Glacial Lance|p1a: Miraidon|[spread] p1a,p1b\n|-supereffective|p1a: Miraidon\n|-damage|p1a: Miraidon|16/100\n|-damage|p1b: Farigiraf|76/100\n|move|p1a: Miraidon|Electro Drift|p2a: suh\n|-damage|p2a: suh|0 fnt\n|faint|p2a: suh\n|-damage|p1a: Miraidon|7/100|[from] item: Life Orb\n|\n|upkeep\n|\n|t:|1773550666\n|switch|p2a: buh|Groudon, L50|100/100\n|-weather|SunnyDay|[from] ability: Drought|[of] p2a: buh\n|turn|2\n|\n|t:|1773550676\n|move|p1a: Miraidon|Protect|p1a: Miraidon\n|-singleturn|p1a: Miraidon|Protect\n|move|p2b: juh|Encore|p1b: Farigiraf\n|-start|p1b: Farigiraf|Encore\n|move|p2a: buh|Precipice Blades|p1b: Farigiraf|[spread] p1b\n|-activate|p1a: Miraidon|move: Protect\n|-damage|p1b: Farigiraf|48/100\n|move|p1b: Farigiraf|Helping Hand||[still]\n|-fail|p1b: Farigiraf\n|\n|-weather|SunnyDay|[upkeep]\n|upkeep\n|turn|3\n|\n|t:|1773550692\n|switch|p1a: Calyrex|Calyrex-Ice, L50|100/100\n|-ability|p1a: Calyrex|As One\n|-ability|p1a: Calyrex|Unnerve\n|switch|p1b: Scraggy|Scraggy, L50, M|100/100\n|-ability|p1b: Scraggy|Intimidate|boost\n|-unboost|p2a: buh|atk|1\n|-unboost|p2b: juh|atk|1\n|move|p2b: juh|Pollen Puff|p1b: Scraggy\n|-damage|p1b: Scraggy|89/100\n|move|p2a: buh|Precipice Blades|p1b: Scraggy|[spread] p1a,p1b\n|-damage|p1a: Calyrex|80/100\n|-damage|p1b: Scraggy|55/100\n|\n|-weather|SunnyDay|[upkeep]\n|upkeep\n|turn|4\n|\n|t:|1773550712\n|move|p1b: Scraggy|Fake Out|p2a: buh\n|-damage|p2a: buh|95/100\n|move|p2b: juh|Pollen Puff|p1a: Calyrex\n|-supereffective|p1a: Calyrex\n|-damage|p1a: Calyrex|61/100\n|cant|p2a: buh|flinch\n|move|p1a: Calyrex|Glacial Lance|p2b: juh|[spread] p2a,p2b\n|-supereffective|p2a: buh\n|-supereffective|p2b: juh\n|-crit|p2b: juh\n|-damage|p2a: buh|16/100\n|-damage|p2b: juh|0 fnt\n|faint|p2b: juh\n|-ability|p1a: Calyrex|Chilling Neigh|boost\n|-boost|p1a: Calyrex|atk|1\n|\n|-weather|SunnyDay|[upkeep]\n|-sideend|p2: Odddish262|move: Tailwind\n|upkeep\n|\n|t:|1773550715\n|switch|p2b: fuh|Flutter Mane, L50|100/100\n|-activate|p2b: fuh|ability: Protosynthesis\n|-start|p2b: fuh|protosynthesisspe\n|turn|5\n|\n|t:|1773550734\n|switch|p1b: Farigiraf|Farigiraf, L50, F, shiny|48/100\n|move|p1a: Calyrex|Protect|p1a: Calyrex\n|-singleturn|p1a: Calyrex|Protect\n|move|p2b: fuh|Moonblast|p1a: Calyrex\n|-activate|p1a: Calyrex|move: Protect\n|move|p2a: buh|Precipice Blades|p1b: Farigiraf|[spread] p1b\n|-activate|p1a: Calyrex|move: Protect\n|-damage|p1b: Farigiraf|21/100\n|\n|-weather|SunnyDay|[upkeep]\n|-fieldend|move: Electric Terrain\n|upkeep\n|turn|6\n|inactive|sheeshshane925 has 30 seconds left.\n|inactive|sheeshshane925 has 20 seconds left.\n|inactive|sheeshshane925 has 15 seconds left.\n|\n|t:|1773550778\n|switch|p1b: Scraggy|Scraggy, L50, M|55/100\n|-ability|p1b: Scraggy|Intimidate|boost\n|-unboost|p2a: buh|atk|1\n|-unboost|p2b: fuh|atk|1\n|-terastallize|p1a: Calyrex|Fire\n|move|p2b: fuh|Moonblast|p1b: Scraggy\n|-supereffective|p1b: Scraggy\n|-damage|p1b: Scraggy|0 fnt\n|faint|p1b: Scraggy\n|move|p2a: buh|Precipice Blades|p1a: Calyrex\n|-supereffective|p1a: Calyrex\n|-damage|p1a: Calyrex|18/100\n|move|p1a: Calyrex|Trick Room|p1a: Calyrex\n|-fieldstart|move: Trick Room|[of] p1a: Calyrex\n|\n|-weather|none\n|-end|p2b: fuh|Protosynthesis\n|upkeep\n|\n|t:|1773550781\n|switch|p1b: Farigiraf|Farigiraf, L50, F, shiny|21/100\n|turn|7\n|\n|t:|1773550796\n|-terastallize|p2a: buh|Fire\n|move|p1b: Farigiraf|Helping Hand|p1a: Calyrex\n|-singleturn|p1a: Calyrex|Helping Hand|[of] p1b: Farigiraf\n|move|p1a: Calyrex|Glacial Lance|p2b: fuh|[spread] p2a,p2b\n|-resisted|p2a: buh\n|-damage|p2a: buh|0 fnt\n|-enditem|p2b: fuh|Focus Sash\n|-damage|p2b: fuh|1/100\n|faint|p2a: buh\n|-ability|p1a: Calyrex|Chilling Neigh|boost\n|-boost|p1a: Calyrex|atk|1\n|move|p2b: fuh|Shadow Ball|p1a: Calyrex\n|-damage|p1a: Calyrex|0 fnt\n|faint|p1a: Calyrex\n|\n|upkeep\n|\n|t:|1773550804\n|switch|p1a: Miraidon|Miraidon, L50, shiny|7/100\n|-fieldstart|move: Electric Terrain|[from] ability: Hadron Engine|[of] p1a: Miraidon\n|turn|8\n|\n|t:|1773550811\n|move|p1b: Farigiraf|Psychic|p2b: fuh\n|-damage|p2b: fuh|0 fnt\n|faint|p2b: fuh\n|-end|p2b: fuh|Protosynthesis|[silent]\n|\n|win|sheeshshane925\n|raw|sheeshshane925's rating: 1330 &rarr; <strong>1350</strong><br />(+20 for winning)\n|raw|Odddish262's rating: 1326 &rarr; <strong>1306</strong><br />(-20 for losing)\n|l|\u2606Odddish262\n|player|p2|\n|l|\u2606sheeshshane925\n|player|p1|\n","uploadtime":1773551047,"views":12,"formatid":"gen9vgc2026regi","rating":1306,"private":0,"password":null}