{"id":"gen9vgc2026regi-2558429233","format":"[Gen 9] VGC 2026 Reg I","players":["rumu11","Shagrathisbeast"],"log":"|j|\u2606rumu11\n|j|\u2606Shagrathisbeast\n|t:|1773433634\n|gametype|doubles\n|player|p1|rumu11|waitress-gen4|1312\n|player|p2|Shagrathisbeast|steven|1397\n|gen|9\n|tier|[Gen 9] VGC 2026 Reg I\n|rated|\n|rule|Species Clause: Limit one of each Pok\u00e9mon\n|rule|Item Clause: Limit 1 of each item\n|clearpoke\n|poke|p1|Calyrex-Ice, L50|\n|poke|p1|Smeargle, L50, F|\n|poke|p1|Zacian-*, L50|\n|poke|p1|Flamigo, L50, F|\n|poke|p1|Torkoal, L50, F|\n|poke|p1|Flutter Mane, L50|\n|poke|p2|Giratina-Origin, L50|\n|poke|p2|Zamazenta-*, L50|\n|poke|p2|Chien-Pao, L50|\n|poke|p2|Urshifu-*, L50, M|\n|poke|p2|Rillaboom, L50, F|\n|poke|p2|Entei, L50|\n|teampreview|4\n|inactive|Battle timer is ON: inactive players will automatically lose when time's up. (requested by rumu11)\n|inactive|rumu11 has 60 seconds left.\n|inactive|Shagrathisbeast has 60 seconds left.\n|\n|t:|1773433677\n|teamsize|p1|4\n|teamsize|p2|4\n|start\n|switch|p1a: Smortstack|Torkoal, L50, F|100/100\n|switch|p1b: Flutter Dame|Flutter Mane, L50|100/100\n|switch|p2a: Giratina|Giratina-Origin, L50, shiny|100/100\n|switch|p2b: Entei|Entei, L50|100/100\n|-weather|SunnyDay|[from] ability: Drought|[of] p1a: Smortstack\n|-activate|p1b: Flutter Dame|ability: Protosynthesis\n|-start|p1b: Flutter Dame|protosynthesisspe\n|turn|1\n|\n|t:|1773433693\n|move|p2b: Entei|Protect|p2b: Entei\n|-singleturn|p2b: Entei|Protect\n|move|p2a: Giratina|Protect|p2a: Giratina\n|-singleturn|p2a: Giratina|Protect\n|move|p1b: Flutter Dame|Moonblast|p2a: Giratina\n|-activate|p2a: Giratina|move: Protect\n|move|p1a: Smortstack|Yawn|p2b: Entei\n|-activate|p2b: Entei|move: Protect\n|\n|-weather|SunnyDay|[upkeep]\n|upkeep\n|turn|2\n|inactive|Shagrathisbeast has 30 seconds left.\n|\n|t:|1773433719\n|-terastallize|p2a: Giratina|Fire\n|move|p1b: Flutter Dame|Moonblast|p2a: Giratina\n|-resisted|p2a: Giratina\n|-damage|p2a: Giratina|74/100\n|-unboost|p2a: Giratina|spa|1\n|move|p2b: Entei|Sacred Fire|p1b: Flutter Dame\n|-damage|p1b: Flutter Dame|0 fnt\n|faint|p1b: Flutter Dame\n|-end|p1b: Flutter Dame|Protosynthesis|[silent]\n|-damage|p2b: Entei|91/100|[from] item: Life Orb\n|move|p2a: Giratina|Poltergeist|p1a: Smortstack\n|-activate|p1a: Smortstack|move: Poltergeist|Charcoal\n|-damage|p1a: Smortstack|51/100\n|move|p1a: Smortstack|Eruption|p2b: Entei|[spread] p2a,p2b\n|-resisted|p2a: Giratina\n|-resisted|p2b: Entei\n|-damage|p2a: Giratina|59/100\n|-damage|p2b: Entei|67/100\n|\n|-weather|SunnyDay|[upkeep]\n|upkeep\n|\n|t:|1773433739\n|switch|p1b: Ice Ice Themby|Calyrex-Ice, L50|100/100\n|-ability|p1b: Ice Ice Themby|As One\n|-ability|p1b: Ice Ice Themby|Unnerve\n|turn|3\n|inactive|Shagrathisbeast has 30 seconds left.\n|\n|t:|1773433767\n|-terastallize|p1a: Smortstack|Fire\n|move|p2b: Entei|Sacred Fire|p1b: Ice Ice Themby\n|-supereffective|p1b: Ice Ice Themby\n|-damage|p1b: Ice Ice Themby|0 fnt\n|faint|p1b: Ice Ice Themby\n|-damage|p2b: Entei|57/100|[from] item: Life Orb\n|move|p2a: Giratina|Poltergeist|p1a: Smortstack\n|-activate|p1a: Smortstack|move: Poltergeist|Charcoal\n|-damage|p1a: Smortstack|0 fnt\n|faint|p1a: Smortstack\n|\n|-weather|SunnyDay|[upkeep]\n|upkeep\n|c|\u2606rumu11|that was the wrong pokemon to tera... oops\n|\n|t:|1773433789\n|switch|p1b: Trans Rights|Zacian-Crowned, L50|100/100\n|-ability|p1b: Trans Rights|Intrepid Sword|boost\n|-boost|p1b: Trans Rights|atk|1\n|turn|4\n|\n|t:|1773433804\n|move|p2b: Entei|Protect|p2b: Entei\n|-singleturn|p2b: Entei|Protect\n|move|p1b: Trans Rights|Wild Charge|p2a: Giratina\n|-damage|p2a: Giratina|24/100\n|-damage|p1b: Trans Rights|90/100|[from] Recoil\n|move|p2a: Giratina|Poltergeist|p1b: Trans Rights\n|-activate|p1b: Trans Rights|move: Poltergeist|Rusted Sword\n|-damage|p1b: Trans Rights|40/100\n|\n|-weather|SunnyDay|[upkeep]\n|upkeep\n|turn|5\n|\n|t:|1773433817\n|move|p2a: Giratina|Shadow Sneak|p1b: Trans Rights\n|-damage|p1b: Trans Rights|20/100\n|move|p1b: Trans Rights|Wild Charge|p2a: Giratina\n|-damage|p2a: Giratina|0 fnt\n|faint|p2a: Giratina\n|-damage|p1b: Trans Rights|13/100|[from] Recoil\n|move|p2b: Entei|Sacred Fire|p1b: Trans Rights\n|-supereffective|p1b: Trans Rights\n|-damage|p1b: Trans Rights|0 fnt\n|faint|p1b: Trans Rights\n|-damage|p2b: Entei|48/100|[from] item: Life Orb\n|\n|win|Shagrathisbeast\n|raw|rumu11's rating: 1312 &rarr; <strong>1297</strong><br />(-15 for losing)\n|raw|Shagrathisbeast's rating: 1397 &rarr; <strong>1412</strong><br />(+15 for winning)\n|c|\u2606Shagrathisbeast|ggwp\n|l|\u2606Shagrathisbeast\n|player|p2|\n|l|\u2606rumu11\n|player|p1|\n","uploadtime":1773434089,"views":16,"formatid":"gen9vgc2026regi","rating":1297,"private":0,"password":null}