{"id":"gen9vgc2026regi-2588843255","format":"[Gen 9] VGC 2026 Reg I","players":["kekitokeko","mariuusss"],"log":"|j|\u2606kekitokeko\n|j|\u2606mariuusss\n|t:|1776677603\n|gametype|doubles\n|player|p1|kekitokeko|dragontamer|1330\n|player|p2|mariuusss|1|1378\n|gen|9\n|tier|[Gen 9] VGC 2026 Reg I\n|rated|\n|rule|Species Clause: Limit one of each Pok\u00e9mon\n|rule|Item Clause: Limit 1 of each item\n|clearpoke\n|poke|p1|Calyrex-Ice, L50|\n|poke|p1|Miraidon, L50|\n|poke|p1|Grimmsnarl, L50, M|\n|poke|p1|Urshifu-*, L50, F|\n|poke|p1|Incineroar, L50, M|\n|poke|p1|Landorus, L50, M|\n|poke|p2|Kyogre, L50|\n|poke|p2|Lunala, L50|\n|poke|p2|Archaludon, L50, M|\n|poke|p2|Indeedee-F, L50, F|\n|poke|p2|Amoonguss, L50, M|\n|poke|p2|Kingambit, L50, M|\n|teampreview|4\n|inactive|Battle timer is ON: inactive players will automatically lose when time's up. (requested by mariuusss)\nmariuusss rejected open team sheets.\n|\n|t:|1776677644\n|teamsize|p1|4\n|teamsize|p2|4\n|start\n|switch|p1a: Grimmsnarl|Grimmsnarl, L50, M|100/100\n|switch|p1b: Miraidon|Miraidon, L50|100/100\n|switch|p2a: Lunala|Lunala, L50, shiny|100/100\n|switch|p2b: Kingambit|Kingambit, L50, M, shiny|100/100\n|-fieldstart|move: Electric Terrain|[from] ability: Hadron Engine|[of] p1b: Miraidon\n|turn|1\n|inactive|kekitokeko has 30 seconds left.\n|\n|t:|1776677678\n|move|p1a: Grimmsnarl|Thunder Wave|p2a: Lunala\n|-status|p2a: Lunala|par\n|move|p1b: Miraidon|Electro Drift|p2b: Kingambit\n|-damage|p2b: Kingambit|0 fnt\n|faint|p2b: Kingambit\n|move|p2a: Lunala|Moongeist Beam|p1b: Miraidon\n|-damage|p1b: Miraidon|60/100\n|\n|upkeep\n|\n|t:|1776677689\n|switch|p2b: Indeedee|Indeedee-F, L50, F, shiny|100/100\n|-fieldstart|move: Psychic Terrain|[from] ability: Psychic Surge|[of] p2b: Indeedee\n|-enditem|p2b: Indeedee|Psychic Seed\n|-boost|p2b: Indeedee|spd|1|[from] item: Psychic Seed\n|turn|2\n|\n|t:|1776677704\n|move|p1a: Grimmsnarl|Light Screen|p1a: Grimmsnarl\n|-sidestart|p1: kekitokeko|move: Light Screen\n|move|p1b: Miraidon|Electro Drift|p2a: Lunala\n|-damage|p2a: Lunala|73/100 par\n|move|p2a: Lunala|Expanding Force|p1a: Grimmsnarl|[spread] p1b\n|-immune|p1a: Grimmsnarl\n|-damage|p1b: Miraidon|27/100\n|move|p2b: Indeedee|Trick Room|p2b: Indeedee\n|-fieldstart|move: Trick Room|[of] p2b: Indeedee\n|\n|upkeep\n|turn|3\n|\n|t:|1776677724\n|switch|p2b: Kyogre|Kyogre, L50, shiny|100/100\n|-weather|RainDance|[from] ability: Drizzle|[of] p2b: Kyogre\n|switch|p1b: Incineroar|Incineroar, L50, M|100/100\n|-ability|p1b: Incineroar|Intimidate|boost\n|-unboost|p2a: Lunala|atk|1\n|-unboost|p2b: Kyogre|atk|1\n|cant|p2a: Lunala|par\n|move|p1a: Grimmsnarl|Spirit Break|p2a: Lunala\n|-damage|p2a: Lunala|51/100 par\n|-unboost|p2a: Lunala|spa|1\n|\n|-weather|RainDance|[upkeep]\n|upkeep\n|turn|4\n|inactive|kekitokeko has 30 seconds left.\n|inactive|mariuusss has 30 seconds left.\n|\n|t:|1776677757\n|move|p2b: Kyogre|Protect|p2b: Kyogre\n|-singleturn|p2b: Kyogre|Protect\n|move|p1b: Incineroar|Fake Out|p2b: Kyogre\n|-activate|p2b: Kyogre|move: Psychic Terrain\n|move|p2a: Lunala|Moongeist Beam|p1b: Incineroar\n|-resisted|p1b: Incineroar\n|-damage|p1b: Incineroar|91/100\n|move|p1a: Grimmsnarl|Spirit Break|p2b: Kyogre\n|-activate|p2b: Kyogre|move: Protect\n|\n|-weather|RainDance|[upkeep]\n|upkeep\n|turn|5\n|\n|t:|1776677779\n|switch|p2a: Indeedee|Indeedee-F, L50, F, shiny|100/100\n|move|p1a: Grimmsnarl|Spirit Break|p2b: Kyogre\n|-damage|p2b: Kyogre|71/100\n|-unboost|p2b: Kyogre|spa|1\n|move|p2b: Kyogre|Water Spout|p1b: Incineroar|[spread] p1a,p1b\n|-supereffective|p1b: Incineroar\n|-damage|p1a: Grimmsnarl|69/100\n|-damage|p1b: Incineroar|48/100\n|move|p1b: Incineroar|U-turn|p2b: Kyogre\n|-damage|p2b: Kyogre|54/100\n|\n|t:|1776677792\n|switch|p1b: Calyrex|Calyrex-Ice, L50|100/100|[from] U-turn\n|-ability|p1b: Calyrex|As One\n|-ability|p1b: Calyrex|Unnerve\n|\n|-weather|RainDance|[upkeep]\n|-heal|p2b: Kyogre|59/100|[from] item: Leftovers\n|upkeep\n|turn|6\n|\n|t:|1776677806\n|move|p2b: Kyogre|Protect|p2b: Kyogre\n|-singleturn|p2b: Kyogre|Protect\n|move|p1b: Calyrex|Leech Seed|p2b: Kyogre\n|-activate|p2b: Kyogre|move: Protect\n|move|p1a: Grimmsnarl|Spirit Break|p2a: Indeedee\n|-damage|p2a: Indeedee|70/100\n|-unboost|p2a: Indeedee|spa|1\n|move|p2a: Indeedee|Hyper Voice|p1b: Calyrex|[spread] p1a,p1b\n|-damage|p1a: Grimmsnarl|60/100\n|-damage|p1b: Calyrex|95/100\n|\n|-weather|RainDance|[upkeep]\n|-heal|p1b: Calyrex|100/100|[from] item: Leftovers\n|-heal|p2b: Kyogre|65/100|[from] item: Leftovers\n|-fieldend|move: Trick Room\n|-fieldend|move: Psychic Terrain\n|upkeep\n|turn|7\n|inactive|kekitokeko has 30 seconds left.\n|\n|t:|1776677835\n|move|p2a: Indeedee|Helping Hand|p2b: Kyogre\n|-singleturn|p2b: Kyogre|Helping Hand|[of] p2a: Indeedee\n|move|p2b: Kyogre|Origin Pulse|p1a: Grimmsnarl|[spread] p1a,p1b\n|-damage|p1a: Grimmsnarl|13/100\n|-damage|p1b: Calyrex|69/100\n|move|p1a: Grimmsnarl|Spirit Break|p2b: Kyogre\n|-damage|p2b: Kyogre|36/100\n|-unboost|p2b: Kyogre|spa|1\n|move|p1b: Calyrex|Leech Seed|p2b: Kyogre\n|-start|p2b: Kyogre|move: Leech Seed\n|\n|-weather|none\n|-heal|p2b: Kyogre|42/100|[from] item: Leftovers\n|-heal|p1b: Calyrex|75/100|[from] item: Leftovers\n|-damage|p2b: Kyogre|29/100|[from] Leech Seed|[of] p1b: Calyrex\n|-heal|p1b: Calyrex|87/100|[silent]\n|upkeep\n|turn|8\n|inactive|kekitokeko has 30 seconds left.\n|\n|t:|1776677864\n|switch|p2b: Lunala|Lunala, L50, shiny|51/100 par\n|switch|p1a: Incineroar|Incineroar, L50, M|48/100\n|-ability|p1a: Incineroar|Intimidate|boost\n|-unboost|p2a: Indeedee|atk|1\n|-unboost|p2b: Lunala|atk|1\n|move|p1b: Calyrex|Leech Seed|p2a: Indeedee\n|-start|p2a: Indeedee|move: Leech Seed\n|move|p2a: Indeedee|Trick Room|p2a: Indeedee\n|-fieldstart|move: Trick Room|[of] p2a: Indeedee\n|\n|-heal|p1b: Calyrex|93/100|[from] item: Leftovers\n|-damage|p2a: Indeedee|58/100|[from] Leech Seed|[of] p1b: Calyrex\n|-heal|p1b: Calyrex|100/100|[silent]\n|upkeep\n|turn|9\n|inactive|kekitokeko has 30 seconds left.\n|\n|t:|1776677894\n|-terastallize|p2b: Lunala|Ghost\n|move|p2a: Indeedee|Helping Hand|p2b: Lunala\n|-singleturn|p2b: Lunala|Helping Hand|[of] p2a: Indeedee\n|move|p1a: Incineroar|Fake Out|p2a: Indeedee\n|-damage|p2a: Indeedee|47/100\n|move|p2b: Lunala|Moongeist Beam|p1b: Calyrex\n|-supereffective|p1b: Calyrex\n|-damage|p1b: Calyrex|5/100\n|move|p1b: Calyrex|Leech Seed|p2b: Lunala\n|-start|p2b: Lunala|move: Leech Seed\n|\n|-heal|p1b: Calyrex|11/100|[from] item: Leftovers\n|-damage|p2b: Lunala|39/100 par|[from] Leech Seed|[of] p1b: Calyrex\n|-heal|p1b: Calyrex|26/100|[silent]\n|-damage|p2a: Indeedee|35/100|[from] Leech Seed|[of] p1b: Calyrex\n|-heal|p1b: Calyrex|36/100|[silent]\n|-sideend|p1: kekitokeko|move: Light Screen\n|upkeep\n|turn|10\n|inactive|kekitokeko has 30 seconds left.\n|\n|t:|1776677922\n|switch|p2a: Kyogre|Kyogre, L50, shiny|29/100\n|-weather|RainDance|[from] ability: Drizzle|[of] p2a: Kyogre\n|move|p1b: Calyrex|Protect|p1b: Calyrex\n|-singleturn|p1b: Calyrex|Protect\n|cant|p2b: Lunala|par\n|move|p1a: Incineroar|U-turn|p2a: Kyogre\n|-damage|p2a: Kyogre|12/100\n|-message|mariuusss forfeited.\n|\n|win|kekitokeko\n|raw|kekitokeko's rating: 1330 &rarr; <strong>1353</strong><br />(+23 for winning)\n|raw|mariuusss's rating: 1378 &rarr; <strong>1355</strong><br />(-23 for losing)\n|l|\u2606mariuusss\n|player|p2|\n|l|\u2606kekitokeko\n|player|p1|\n","uploadtime":1776678176,"views":6,"formatid":"gen9vgc2026regi","rating":1353,"private":0,"password":null}