{"id":"gen9vgc2026regi-2536500443","format":"[Gen 9] VGC 2026 Reg I","players":["13579HXM","lalo's pollos"],"log":"|j|\u260613579HXM\n|j|\u2606lalo's pollos\n|t:|1770695865\n|gametype|doubles\n|player|p1|13579HXM|dawn|1342\n|player|p2|lalo's pollos|102|1498\n|gen|9\n|tier|[Gen 9] VGC 2026 Reg I\n|rated|\n|rule|Species Clause: Limit one of each Pok\u00e9mon\n|rule|Item Clause: Limit 1 of each item\n|clearpoke\n|poke|p1|Kyogre, L50|\n|poke|p1|Zacian-*, L50|\n|poke|p1|Chien-Pao, L50|\n|poke|p1|Rillaboom, L50, F|\n|poke|p1|Tornadus, L50, M|\n|poke|p1|Incineroar, L50, F|\n|poke|p2|Miraidon, L50|\n|poke|p2|Landorus, L50, M|\n|poke|p2|Incineroar, L50, F|\n|poke|p2|Iron Bundle, L50|\n|poke|p2|Farigiraf, L50, F|\n|poke|p2|Calyrex-Ice, L50|\n|teampreview|4\n|\n|t:|1770695877\n|teamsize|p1|4\n|teamsize|p2|4\n|start\n|switch|p1a: Kyogre|Kyogre, L50|100/100\n|switch|p1b: Tornadus|Tornadus, L50, M|100/100\n|switch|p2a: Calyrex|Calyrex-Ice, L50|100/100\n|switch|p2b: Co-Star|Miraidon, L50|100/100\n|-ability|p2a: Calyrex|As One\n|-ability|p2a: Calyrex|Unnerve\n|-fieldstart|move: Electric Terrain|[from] ability: Hadron Engine|[of] p2b: Co-Star\n|-weather|RainDance|[from] ability: Drizzle|[of] p1a: Kyogre\n|turn|1\n|\n|t:|1770695915\n|-terastallize|p2a: Calyrex|Water\n|move|p1a: Kyogre|Protect|p1a: Kyogre\n|-singleturn|p1a: Kyogre|Protect\n|move|p1b: Tornadus|Tailwind|p1b: Tornadus\n|-sidestart|p1: 13579HXM|move: Tailwind\n|move|p2b: Co-Star|Volt Switch|p1a: Kyogre\n|-activate|p1a: Kyogre|move: Protect\n|move|p2a: Calyrex|Glacial Lance|p1b: Tornadus|[spread] p1b\n|-activate|p1a: Kyogre|move: Protect\n|-supereffective|p1b: Tornadus\n|-damage|p1b: Tornadus|0 fnt\n|faint|p1b: Tornadus\n|-ability|p2a: Calyrex|Chilling Neigh|boost\n|-boost|p2a: Calyrex|atk|1\n|\n|-weather|RainDance|[upkeep]\n|upkeep\n|\n|t:|1770695934\n|switch|p1b: Zacian|Zacian-Crowned, L50|100/100\n|-ability|p1b: Zacian|Intrepid Sword|boost\n|-boost|p1b: Zacian|atk|1\n|turn|2\n|\n|t:|1770695945\n|switch|p2b: the Manager|Farigiraf, L50, F|100/100\n|move|p1b: Zacian|Play Rough|p2b: the Manager\n|-damage|p2b: the Manager|4/100\n|move|p1a: Kyogre|Water Spout|p2b: the Manager|[spread] p2a,p2b\n|-resisted|p2a: Calyrex\n|-crit|p2b: the Manager\n|-damage|p2a: Calyrex|62/100\n|-damage|p2b: the Manager|0 fnt\n|faint|p2b: the Manager\n|move|p2a: Calyrex|Trick Room|p2a: Calyrex\n|-fieldstart|move: Trick Room|[of] p2a: Calyrex\n|\n|-weather|RainDance|[upkeep]\n|upkeep\n|\n|t:|1770695949\n|switch|p2b: Co-Star|Miraidon, L50|100/100\n|-activate|p2b: Co-Star|ability: Hadron Engine\n|turn|3\n|\n|t:|1770695980\n|move|p1a: Kyogre|Protect|p1a: Kyogre\n|-singleturn|p1a: Kyogre|Protect\n|move|p2a: Calyrex|High Horsepower|p1b: Zacian\n|-supereffective|p1b: Zacian\n|-damage|p1b: Zacian|0 fnt\n|faint|p1b: Zacian\n|-ability|p2a: Calyrex|Chilling Neigh|boost\n|-boost|p2a: Calyrex|atk|1\n|move|p2b: Co-Star|Electro Drift|p1a: Kyogre\n|-activate|p1a: Kyogre|move: Protect\n|\n|-weather|RainDance|[upkeep]\n|upkeep\n|\n|t:|1770695994\n|switch|p1b: Chien-Pao|Chien-Pao, L50|100/100\n|-ability|p1b: Chien-Pao|Sword of Ruin\n|turn|4\n|\n|t:|1770696002\n|move|p1b: Chien-Pao|Protect|p1b: Chien-Pao\n|-singleturn|p1b: Chien-Pao|Protect\n|move|p2a: Calyrex|Glacial Lance|p1b: Chien-Pao|[spread] p1a\n|-activate|p1b: Chien-Pao|move: Protect\n|-resisted|p1a: Kyogre\n|-damage|p1a: Kyogre|20/100\n|move|p2b: Co-Star|Electro Drift|p1a: Kyogre\n|-supereffective|p1a: Kyogre\n|-damage|p1a: Kyogre|0 fnt\n|faint|p1a: Kyogre\n|\n|-weather|RainDance|[upkeep]\n|-sideend|p1: 13579HXM|move: Tailwind\n|upkeep\n|turn|5\n|\n|t:|1770696018\n|move|p2a: Calyrex|Glacial Lance|p1b: Chien-Pao\n|-resisted|p1b: Chien-Pao\n|-enditem|p1b: Chien-Pao|Focus Sash\n|-damage|p1b: Chien-Pao|1/100\n|move|p1b: Chien-Pao|Icicle Crash|p2b: Co-Star\n|-supereffective|p2b: Co-Star\n|-damage|p2b: Co-Star|0 fnt\n|faint|p2b: Co-Star\n|\n|-weather|none\n|-fieldend|move: Electric Terrain\n|upkeep\n|\n|t:|1770696031\n|switch|p2b: the Star|Iron Bundle, L50|100/100\n|turn|6\n|-message|13579HXM forfeited.\n|\n|win|lalo's pollos\n|raw|13579HXM's rating: 1342 &rarr; <strong>1330</strong><br />(-12 for losing)\n|raw|lalo&apos;s pollos's rating: 1498 &rarr; <strong>1510</strong><br />(+12 for winning)\n|l|\u260613579HXM\n|player|p1|\n","uploadtime":1770696308,"views":11,"formatid":"gen9vgc2026regi","rating":1330,"private":0,"password":null}