{"id":"gen9vgc2026regi-2577753364","format":"[Gen 9] VGC 2026 Reg I","players":["JBClodsireYT","N jordan"],"log":"|j|\u2606JBClodsireYT\n|j|\u2606N jordan\n|t:|1775602441\n|gametype|doubles\n|player|p1|JBClodsireYT|cynthia-gen4|1356\n|player|p2|N jordan|n|1296\n|gen|9\n|tier|[Gen 9] VGC 2026 Reg I\n|rated|\n|rule|Species Clause: Limit one of each Pok\u00e9mon\n|rule|Item Clause: Limit 1 of each item\n|clearpoke\n|poke|p1|Poliwag, L50, F|\n|poke|p1|Kyogre, L50|\n|poke|p1|Tsareena, L50, F|\n|poke|p1|Zacian-*, L50|\n|poke|p1|Incineroar, L50, M|\n|poke|p1|Raichu, L50, F|\n|poke|p2|Koraidon, L50|\n|poke|p2|Grimmsnarl, L50, M|\n|poke|p2|Farigiraf, L50, M|\n|poke|p2|Volcarona, L50, F|\n|poke|p2|Terapagos, L50, M|\n|poke|p2|Rillaboom, L50, M|\n|teampreview|4\n|inactive|Battle timer is ON: inactive players will automatically lose when time's up. (requested by JBClodsireYT)\n|inactive|N jordan has 60 seconds left.\n|\n|t:|1775602478\n|teamsize|p1|4\n|teamsize|p2|4\n|start\n|switch|p1a: Poliwag|Poliwag, L50, F|100/100\n|switch|p1b: Tsareena|Tsareena, L50, F|100/100\n|switch|p2a: USA's tax money|Grimmsnarl, L50, M|100/100\n|switch|p2b: goons|Rillaboom, L50, M|100/100\n|-fieldstart|move: Grassy Terrain|[from] ability: Grassy Surge|[of] p2b: goons\n|-enditem|p2b: goons|Grassy Seed\n|-boost|p2b: goons|def|1|[from] item: Grassy Seed\n|turn|1\n|inactive|N jordan has 30 seconds left.\n|\n|t:|1775602510\n|move|p1a: Poliwag|Protect|p1a: Poliwag\n|-singleturn|p1a: Poliwag|Protect\n|move|p2a: USA's tax money|Reflect|p2a: USA's tax money\n|-sidestart|p2: N jordan|Reflect\n|move|p1b: Tsareena|Taunt|p2a: USA's tax money\n|-start|p2a: USA's tax money|move: Taunt\n|move|p2b: goons|Bulk Up|p2b: goons\n|-boost|p2b: goons|atk|1\n|-boost|p2b: goons|def|1\n|\n|upkeep\n|turn|2\n|\n|t:|1775602532\n|move|p1a: Poliwag|Encore|p2b: goons\n|-start|p2b: goons|Encore\n|move|p1b: Tsareena|Bullet Seed|p2a: USA's tax money\n|-damage|p2a: USA's tax money|86/100\n|-damage|p2a: USA's tax money|72/100\n|-damage|p2a: USA's tax money|58/100\n|-damage|p2a: USA's tax money|46/100\n|-hitcount|p2a: USA's tax money|4\n|move|p2b: goons|Bulk Up|p2b: goons\n|-boost|p2b: goons|atk|1\n|-boost|p2b: goons|def|1\n|move|p2a: USA's tax money|Spirit Break|p1b: Tsareena\n|-damage|p1b: Tsareena|55/100\n|-unboost|p1b: Tsareena|spa|1\n|\n|-heal|p1b: Tsareena|61/100|[from] Grassy Terrain\n|-heal|p2a: USA's tax money|52/100|[from] Grassy Terrain\n|upkeep\n|turn|3\n|\n|t:|1775602552\n|switch|p2a: Koraidon|Koraidon, L50|100/100\n|-weather|SunnyDay|[from] ability: Orichalcum Pulse|[of] p2a: Koraidon\n|-activate|p2a: Koraidon|Orichalcum Pulse|[source]\n|move|p1a: Poliwag|Endeavor|p2b: goons\n|-damage|p2b: goons|49/100\n|move|p1b: Tsareena|Bullet Seed|p2a: Koraidon\n|-resisted|p2a: Koraidon\n|-damage|p2a: Koraidon|96/100\n|-resisted|p2a: Koraidon\n|-damage|p2a: Koraidon|91/100\n|-resisted|p2a: Koraidon\n|-crit|p2a: Koraidon\n|-damage|p2a: Koraidon|80/100\n|-resisted|p2a: Koraidon\n|-damage|p2a: Koraidon|75/100\n|-hitcount|p2a: Koraidon|4\n|move|p2b: goons|Bulk Up|p2b: goons\n|-boost|p2b: goons|atk|1\n|-boost|p2b: goons|def|1\n|\n|-weather|SunnyDay|[upkeep]\n|-heal|p2a: Koraidon|82/100|[from] Grassy Terrain\n|-heal|p1b: Tsareena|67/100|[from] Grassy Terrain\n|-heal|p2b: goons|55/100|[from] Grassy Terrain\n|upkeep\n|turn|4\n|\n|t:|1775602572\n|-terastallize|p1b: Tsareena|Fire\n|move|p1a: Poliwag|Protect|p1a: Poliwag\n|-singleturn|p1a: Poliwag|Protect\n|move|p2a: Koraidon|Collision Course|p1a: Poliwag\n|-activate|p1a: Poliwag|move: Protect\n|move|p1b: Tsareena|Triple Axel|p2b: goons\n|-supereffective|p2b: goons\n|-damage|p2b: goons|51/100\n|-supereffective|p2b: goons\n|-damage|p2b: goons|46/100\n|-supereffective|p2b: goons\n|-damage|p2b: goons|38/100\n|-hitcount|p2b: goons|3\n|move|p2b: goons|Bulk Up|p2b: goons\n|-boost|p2b: goons|atk|1\n|-boost|p2b: goons|def|1\n|\n|-weather|SunnyDay|[upkeep]\n|-heal|p2a: Koraidon|88/100|[from] Grassy Terrain\n|-heal|p1b: Tsareena|72/100|[from] Grassy Terrain\n|-heal|p2b: goons|43/100|[from] Grassy Terrain\n|-end|p2b: goons|Encore\n|upkeep\n|turn|5\n|inactive|N jordan has 30 seconds left.\n|\n|t:|1775602605\n|move|p2a: Koraidon|Scale Shot|p1a: Poliwag|[miss]\n|-miss|p2a: Koraidon|p1a: Poliwag\n|move|p1a: Poliwag|Encore|p2b: goons\n|-start|p2b: goons|Encore\n|move|p1b: Tsareena|Triple Axel|p2a: Koraidon\n|-supereffective|p2a: Koraidon\n|-damage|p2a: Koraidon|81/100\n|-supereffective|p2a: Koraidon\n|-damage|p2a: Koraidon|65/100\n|-supereffective|p2a: Koraidon\n|-damage|p2a: Koraidon|41/100\n|-hitcount|p2a: Koraidon|3\n|move|p2b: goons|Bulk Up|p2b: goons\n|-boost|p2b: goons|atk|1\n|-boost|p2b: goons|def|1\n|\n|-weather|SunnyDay|[upkeep]\n|-heal|p2a: Koraidon|48/100|[from] Grassy Terrain\n|-heal|p1b: Tsareena|78/100|[from] Grassy Terrain\n|-heal|p2b: goons|49/100|[from] Grassy Terrain\n|-fieldend|move: Grassy Terrain\n|upkeep\n|turn|6\n|\n|t:|1775602625\n|move|p1a: Poliwag|Protect|p1a: Poliwag\n|-singleturn|p1a: Poliwag|Protect\n|move|p2a: Koraidon|Scale Shot|p1b: Tsareena\n|-damage|p1b: Tsareena|61/100\n|-damage|p1b: Tsareena|42/100\n|-damage|p1b: Tsareena|24/100\n|-hitcount|p1b: Tsareena|3\n|-unboost|p2a: Koraidon|def|1\n|-boost|p2a: Koraidon|spe|1\n|move|p1b: Tsareena|Triple Axel|p2a: Koraidon\n|-supereffective|p2a: Koraidon\n|-damage|p2a: Koraidon|36/100\n|-supereffective|p2a: Koraidon\n|-damage|p2a: Koraidon|11/100\n|-supereffective|p2a: Koraidon\n|-damage|p2a: Koraidon|0 fnt\n|faint|p2a: Koraidon\n|-hitcount|p2: Koraidon|3\n|move|p2b: goons|Bulk Up|p2b: goons\n|-boost|p2b: goons|atk|1\n|-boost|p2b: goons|def|0\n|\n|-weather|SunnyDay|[upkeep]\n|upkeep\n|\n|t:|1775602643\n|switch|p2a: USA's tax money|Grimmsnarl, L50, M|52/100\n|turn|7\n|-message|N jordan forfeited.\n|\n|win|JBClodsireYT\n|raw|JBClodsireYT's rating: 1356 &rarr; <strong>1373</strong><br />(+17 for winning)\n|raw|N jordan's rating: 1296 &rarr; <strong>1275</strong><br />(-21 for losing)\n|l|\u2606N jordan\n|player|p2|\n|l|\u2606JBClodsireYT\n|player|p1|\n","uploadtime":1775602911,"views":7,"formatid":"gen9vgc2026regi","rating":1275,"private":0,"password":null}