{"id":"gen9vgc2026regi-2537526409","format":"[Gen 9] VGC 2026 Reg I","players":["fulgrim2024","j0l0k0"],"log":"|j|\u2606fulgrim2024\n|j|\u2606j0l0k0\n|t:|1770824296\n|gametype|doubles\n|player|p1|fulgrim2024|nate|1320\n|player|p2|j0l0k0|brycen|1482\n|gen|9\n|tier|[Gen 9] VGC 2026 Reg I\n|rated|\n|rule|Species Clause: Limit one of each Pok\u00e9mon\n|rule|Item Clause: Limit 1 of each item\n|clearpoke\n|poke|p1|Miraidon, L50|\n|poke|p1|Necrozma-Dusk-Mane, L50|\n|poke|p1|Grimmsnarl, L50, M|\n|poke|p1|Iron Hands, L50|\n|poke|p1|Ogerpon-Hearthflame, L50, F|\n|poke|p1|Chien-Pao, L50|\n|poke|p2|Calyrex-Ice, L50|\n|poke|p2|Kyogre, L50|\n|poke|p2|Indeedee-F, L50, F|\n|poke|p2|Urshifu-*, L50, F|\n|poke|p2|Amoonguss, L50, F|\n|poke|p2|Landorus, L50, M|\n|teampreview|4\n|inactive|Battle timer is ON: inactive players will automatically lose when time's up. (requested by j0l0k0)\n|inactive|fulgrim2024 has 60 seconds left.\n|\n|t:|1770824337\n|teamsize|p1|4\n|teamsize|p2|4\n|start\n|switch|p1a: Chien-Pao|Chien-Pao, L50|100/100\n|switch|p1b: Miraidon|Miraidon, L50|100/100\n|switch|p2a: Kyogre|Kyogre, L50, shiny|100/100\n|switch|p2b: Landorus|Landorus, L50, M, shiny|100/100\n|-ability|p1a: Chien-Pao|Sword of Ruin\n|-fieldstart|move: Electric Terrain|[from] ability: Hadron Engine|[of] p1b: Miraidon\n|-weather|RainDance|[from] ability: Drizzle|[of] p2a: Kyogre\n|turn|1\n|inactive|fulgrim2024 has 30 seconds left.\n|\n|t:|1770824365\n|-terastallize|p2a: Kyogre|Grass\n|move|p2b: Landorus|Protect|p2b: Landorus\n|-singleturn|p2b: Landorus|Protect\n|move|p1a: Chien-Pao|Icicle Crash|p2b: Landorus\n|-activate|p2b: Landorus|move: Protect\n|move|p1b: Miraidon|Volt Switch|p2a: Kyogre\n|-resisted|p2a: Kyogre\n|-damage|p2a: Kyogre|80/100\n|\n|t:|1770824373\n|switch|p1b: Iron Hands|Iron Hands, L50|100/100|[from] Volt Switch\n|-activate|p1b: Iron Hands|ability: Quark Drive\n|-start|p1b: Iron Hands|quarkdriveatk\n|move|p2a: Kyogre|Water Spout|p1b: Iron Hands|[spread] p1a,p1b\n|-enditem|p1a: Chien-Pao|Focus Sash\n|-damage|p1a: Chien-Pao|1/100\n|-damage|p1b: Iron Hands|56/100\n|\n|-weather|RainDance|[upkeep]\n|upkeep\n|turn|2\n|\n|t:|1770824390\n|switch|p2b: Calyrex|Calyrex-Ice, L50|100/100\n|-ability|p2b: Calyrex|As One\n|-ability|p2b: Calyrex|Unnerve\n|move|p1b: Iron Hands|Fake Out|p2a: Kyogre\n|-crit|p2a: Kyogre\n|-damage|p2a: Kyogre|42/100\n|move|p1a: Chien-Pao|Icicle Crash|p2b: Calyrex\n|-resisted|p2b: Calyrex\n|-damage|p2b: Calyrex|83/100\n|cant|p2a: Kyogre|flinch\n|\n|-weather|RainDance|[upkeep]\n|upkeep\n|turn|3\n|\n|t:|1770824412\n|move|p1a: Chien-Pao|Icicle Crash|p2a: Kyogre\n|-supereffective|p2a: Kyogre\n|-damage|p2a: Kyogre|0 fnt\n|faint|p2a: Kyogre\n|move|p1b: Iron Hands|Low Kick|p2b: Calyrex\n|-damage|p2b: Calyrex|8/100\n|move|p2b: Calyrex|Trick Room|p2b: Calyrex\n|-fieldstart|move: Trick Room|[of] p2b: Calyrex\n|\n|-weather|RainDance|[upkeep]\n|upkeep\n|\n|t:|1770824417\n|switch|p2a: Landorus|Landorus, L50, M, shiny|100/100\n|turn|4\n|inactive|fulgrim2024 has 30 seconds left.\n|\n|t:|1770824444\n|-terastallize|p1b: Iron Hands|Bug\n|move|p1a: Chien-Pao|Sucker Punch|p2b: Calyrex\n|-supereffective|p2b: Calyrex\n|-damage|p2b: Calyrex|0 fnt\n|faint|p2b: Calyrex\n|move|p1b: Iron Hands|Low Kick|p2a: Landorus\n|-resisted|p2a: Landorus\n|-damage|p2a: Landorus|58/100\n|move|p2a: Landorus|Sandsear Storm|p1a: Chien-Pao|[spread] p1a,p1b\n|-resisted|p1b: Iron Hands\n|-damage|p1a: Chien-Pao|0 fnt\n|-damage|p1b: Iron Hands|39/100\n|faint|p1a: Chien-Pao\n|\n|-weather|RainDance|[upkeep]\n|upkeep\n|\n|t:|1770824456\n|switch|p2b: Urshifu|Urshifu, L50, F|100/100\n|switch|p1a: Necrozma|Necrozma-Dusk-Mane, L50|100/100\n|turn|5\n|\n|t:|1770824477\n|move|p1b: Iron Hands|Low Kick|p2b: Urshifu\n|-supereffective|p2b: Urshifu\n|-enditem|p2b: Urshifu|Focus Sash\n|-damage|p2b: Urshifu|1/100\n|move|p2a: Landorus|Earth Power|p1a: Necrozma\n|-supereffective|p1a: Necrozma\n|-damage|p1a: Necrozma|11/100\n|move|p1a: Necrozma|Sunsteel Strike|p2a: Landorus\n|-damage|p2a: Landorus|0 fnt\n|faint|p2a: Landorus\n|move|p2b: Urshifu|Wicked Blow|p1a: Necrozma\n|-supereffective|p1a: Necrozma\n|-crit|p1a: Necrozma\n|-damage|p1a: Necrozma|0 fnt\n|faint|p1a: Necrozma\n|\n|-weather|none\n|-fieldend|move: Electric Terrain\n|-end|p1b: Iron Hands|Quark Drive\n|upkeep\n|\n|t:|1770824490\n|switch|p1a: Miraidon|Miraidon, L50|100/100\n|-fieldstart|move: Electric Terrain|[from] ability: Hadron Engine|[of] p1a: Miraidon\n|-activate|p1b: Iron Hands|ability: Quark Drive\n|-start|p1b: Iron Hands|quarkdriveatk\n|turn|6\n|\n|t:|1770824495\n|move|p2b: Urshifu|Protect|p2b: Urshifu\n|-singleturn|p2b: Urshifu|Protect\n|move|p1b: Iron Hands|Drain Punch|p2b: Urshifu\n|-activate|p2b: Urshifu|move: Protect\n|move|p1a: Miraidon|Electro Drift|p2b: Urshifu\n|-activate|p2b: Urshifu|move: Protect\n|\n|upkeep\n|turn|7\n|\n|t:|1770824500\n|move|p2b: Urshifu|Protect||[still]\n|-fail|p2b: Urshifu\n|move|p1b: Iron Hands|Drain Punch|p2b: Urshifu\n|-supereffective|p2b: Urshifu\n|-damage|p2b: Urshifu|0 fnt\n|-heal|p1b: Iron Hands|40/100|[from] drain|[of] p2b: Urshifu\n|faint|p2b: Urshifu\n|\n|win|fulgrim2024\n|raw|fulgrim2024's rating: 1320 &rarr; <strong>1349</strong><br />(+29 for winning)\n|raw|j0l0k0's rating: 1482 &rarr; <strong>1453</strong><br />(-29 for losing)\n|l|\u2606j0l0k0\n|player|p2|\n|l|\u2606fulgrim2024\n|player|p1|\n","uploadtime":1770824706,"views":11,"formatid":"gen9vgc2026regi","rating":1349,"private":0,"password":null}