{"id":"gen9vgc2026regi-2563940904","format":"[Gen 9] VGC 2026 Reg I","players":["curfy317","Galact7adi"],"log":"|j|\u2606curfy317\n|j|\u2606Galact7adi\n|t:|1774088770\n|gametype|doubles\n|player|p1|curfy317|101|1475\n|player|p2|Galact7adi|169|1549\n|gen|9\n|tier|[Gen 9] VGC 2026 Reg I\n|rated|\n|rule|Species Clause: Limit one of each Pok\u00e9mon\n|rule|Item Clause: Limit 1 of each item\n|clearpoke\n|poke|p1|Zacian-*, L50|\n|poke|p1|Lunala, L50|\n|poke|p1|Umbreon, L50, F|\n|poke|p1|Urshifu-*, L50, M|\n|poke|p1|Rillaboom, L50, F|\n|poke|p1|Thundurus, L50, M|\n|poke|p2|Calyrex-Shadow, L50|\n|poke|p2|Zamazenta-*, L50|\n|poke|p2|Chien-Pao, L50|\n|poke|p2|Dragonite, L50, M|\n|poke|p2|Raging Bolt, L50|\n|poke|p2|Amoonguss, L50, M|\n|teampreview|4\n|inactive|Battle timer is ON: inactive players will automatically lose when time's up. (requested by curfy317)\n|inactive|Galact7adi also wants the timer to be on.\n|inactive|Galact7adi has 60 seconds left.\n|\n|t:|1774088812\n|teamsize|p1|4\n|teamsize|p2|4\n|start\n|switch|p1a: Thundurus|Thundurus, L50, M|100/100\n|switch|p1b: Urshifu|Urshifu-Rapid-Strike, L50, M|100/100\n|switch|p2a: Zamazenta|Zamazenta-Crowned, L50|100/100\n|switch|p2b: Chien-Pao|Chien-Pao, L50|100/100\n|-ability|p2b: Chien-Pao|Sword of Ruin\n|-ability|p2a: Zamazenta|Dauntless Shield|boost\n|-boost|p2a: Zamazenta|def|1\n|turn|1\n|\n|t:|1774088828\n|switch|p2b: Amoonguss|Amoonguss, L50, M|100/100\n|-terastallize|p1b: Urshifu|Ghost\n|move|p1a: Thundurus|Rain Dance|p1a: Thundurus\n|-weather|RainDance\n|move|p1b: Urshifu|Surging Strikes|p2b: Amoonguss\n|-resisted|p2b: Amoonguss\n|-crit|p2b: Amoonguss\n|-damage|p2b: Amoonguss|85/100\n|-damage|p1b: Urshifu|84/100|[from] item: Rocky Helmet|[of] p2b: Amoonguss\n|-resisted|p2b: Amoonguss\n|-crit|p2b: Amoonguss\n|-damage|p2b: Amoonguss|70/100\n|-damage|p1b: Urshifu|68/100|[from] item: Rocky Helmet|[of] p2b: Amoonguss\n|-resisted|p2b: Amoonguss\n|-crit|p2b: Amoonguss\n|-damage|p2b: Amoonguss|57/100\n|-damage|p1b: Urshifu|51/100|[from] item: Rocky Helmet|[of] p2b: Amoonguss\n|-hitcount|p2b: Amoonguss|3\n|move|p2a: Zamazenta|Body Press|p1b: Urshifu\n|-immune|p1b: Urshifu\n|\n|-weather|RainDance|[upkeep]\n|upkeep\n|turn|2\n|inactive|curfy317 has 30 seconds left.\n|inactive|Galact7adi has 30 seconds left.\n|\n|t:|1774088868\n|-terastallize|p2a: Zamazenta|Dragon\n|move|p1b: Urshifu|Surging Strikes|p2b: Amoonguss\n|-resisted|p2b: Amoonguss\n|-crit|p2b: Amoonguss\n|-damage|p2b: Amoonguss|43/100\n|-damage|p1b: Urshifu|35/100|[from] item: Rocky Helmet|[of] p2b: Amoonguss\n|-resisted|p2b: Amoonguss\n|-crit|p2b: Amoonguss\n|-damage|p2b: Amoonguss|29/100\n|-damage|p1b: Urshifu|18/100|[from] item: Rocky Helmet|[of] p2b: Amoonguss\n|-resisted|p2b: Amoonguss\n|-crit|p2b: Amoonguss\n|-damage|p2b: Amoonguss|16/100\n|-damage|p1b: Urshifu|2/100|[from] item: Rocky Helmet|[of] p2b: Amoonguss\n|-hitcount|p2b: Amoonguss|3\n|move|p1a: Thundurus|Wildbolt Storm|p2a: Zamazenta|[spread] p2a,p2b\n|-resisted|p2a: Zamazenta\n|-resisted|p2b: Amoonguss\n|-damage|p2a: Zamazenta|91/100\n|-damage|p2b: Amoonguss|2/100\n|move|p2a: Zamazenta|Heavy Slam|p1b: Urshifu\n|-damage|p1b: Urshifu|0 fnt\n|faint|p1b: Urshifu\n|move|p2b: Amoonguss|Spore|p1a: Thundurus\n|-status|p1a: Thundurus|slp|[from] move: Spore\n|\n|-weather|RainDance|[upkeep]\n|upkeep\n|inactive|curfy317 has 30 seconds left.\n|\n|t:|1774088895\n|switch|p1b: Lunala|Lunala, L50|100/100\n|turn|3\n|\n|t:|1774088912\n|cant|p1a: Thundurus|slp\n|move|p2a: Zamazenta|Heavy Slam|p1b: Lunala\n|-damage|p1b: Lunala|83/100\n|move|p1b: Lunala|Meteor Beam||[still]\n|-prepare|p1b: Lunala|Meteor Beam\n|-boost|p1b: Lunala|spa|1\n|-enditem|p1b: Lunala|Power Herb\n|-anim|p1b: Lunala|Meteor Beam|p2b: Amoonguss\n|-damage|p2b: Amoonguss|0 fnt\n|faint|p2b: Amoonguss\n|\n|-weather|RainDance|[upkeep]\n|upkeep\n|\n|t:|1774088922\n|switch|p2b: Calyrex|Calyrex-Shadow, L50|100/100\n|-ability|p2b: Calyrex|As One\n|-ability|p2b: Calyrex|Unnerve\n|turn|4\n|\n|t:|1774088944\n|move|p1b: Lunala|Wide Guard|p1b: Lunala\n|-singleturn|p1b: Lunala|Wide Guard\n|cant|p1a: Thundurus|slp\n|move|p2b: Calyrex|Psychic|p1a: Thundurus\n|-damage|p1a: Thundurus|44/100 slp\n|move|p2a: Zamazenta|Heavy Slam|p1b: Lunala\n|-damage|p1b: Lunala|42/100\n|\n|-weather|RainDance|[upkeep]\n|upkeep\n|turn|5\n|j| ky123456\n|inactive|Galact7adi has 30 seconds left.\n|\n|t:|1774088969\n|move|p2a: Zamazenta|Protect|p2a: Zamazenta\n|-singleturn|p2a: Zamazenta|Protect\n|cant|p1a: Thundurus|slp\n|move|p2b: Calyrex|Encore|p1b: Lunala\n|-start|p1b: Lunala|Encore\n|move|p1b: Lunala|Wide Guard||[still]\n|-fail|p1b: Lunala\n|\n|-weather|none\n|upkeep\n|turn|6\n|\n|t:|1774088988\n|switch|p2b: Chien-Pao|Chien-Pao, L50|100/100\n|-ability|p2b: Chien-Pao|Sword of Ruin\n|switch|p1b: Zacian|Zacian-Crowned, L50|100/100\n|-ability|p1b: Zacian|Intrepid Sword|boost\n|-boost|p1b: Zacian|atk|1\n|-curestatus|p1a: Thundurus|slp|[msg]\n|move|p1a: Thundurus|Thunder Wave|p2b: Chien-Pao\n|-hint|Since gen 7, Dark is immune to Prankster moves.\n|-immune|p2b: Chien-Pao\n|move|p2a: Zamazenta|Heavy Slam|p1b: Zacian\n|-damage|p1b: Zacian|73/100\n|\n|upkeep\n|turn|7\n|inactive|curfy317 has 30 seconds left.\n|inactive|Galact7adi has 30 seconds left.\n|\n|t:|1774089017\n|move|p1b: Zacian|Behemoth Blade|p2b: Chien-Pao\n|-supereffective|p2b: Chien-Pao\n|-damage|p2b: Chien-Pao|0 fnt\n|faint|p2b: Chien-Pao\n|move|p1a: Thundurus|Wildbolt Storm|p2a: Zamazenta\n|-resisted|p2a: Zamazenta\n|-damage|p2a: Zamazenta|77/100\n|move|p2a: Zamazenta|Body Press|p1b: Zacian\n|-damage|p1b: Zacian|13/100\n|\n|upkeep\n|\n|t:|1774089021\n|switch|p2b: Calyrex|Calyrex-Shadow, L50|100/100\n|-ability|p2b: Calyrex|As One\n|-ability|p2b: Calyrex|Unnerve\n|turn|8\n|\n|t:|1774089039\n|move|p2b: Calyrex|Protect|p2b: Calyrex\n|-singleturn|p2b: Calyrex|Protect\n|move|p1a: Thundurus|Thunder Wave|p2b: Calyrex\n|-activate|p2b: Calyrex|move: Protect\n|move|p1b: Zacian|Play Rough|p2a: Zamazenta\n|-supereffective|p2a: Zamazenta\n|-damage|p2a: Zamazenta|24/100\n|move|p2a: Zamazenta|Body Press|p1b: Zacian\n|-damage|p1b: Zacian|0 fnt\n|faint|p1b: Zacian\n|\n|upkeep\n|\n|t:|1774089053\n|switch|p1b: Lunala|Lunala, L50|42/100\n|turn|9\n|\n|t:|1774089063\n|move|p1a: Thundurus|Thunder Wave|p2b: Calyrex\n|-status|p2b: Calyrex|par\n|move|p2a: Zamazenta|Heavy Slam|p1b: Lunala\n|-damage|p1b: Lunala|3/100\n|move|p1b: Lunala|Moongeist Beam|p2b: Calyrex\n|-supereffective|p2b: Calyrex\n|-enditem|p2b: Calyrex|Focus Sash\n|-damage|p2b: Calyrex|1/100 par\n|move|p2b: Calyrex|Psychic|p1a: Thundurus\n|-damage|p1a: Thundurus|0 fnt\n|faint|p1a: Thundurus\n|-ability|p2b: Calyrex|Grim Neigh|boost\n|-boost|p2b: Calyrex|spa|1\n|\n|upkeep\n|turn|10\n|c|\u2606Galact7adi|Gg wp\n|-message|curfy317 forfeited.\n|\n|win|Galact7adi\n|raw|curfy317's rating: 1475 &rarr; <strong>1459</strong><br />(-16 for losing)\n|raw|Galact7adi's rating: 1549 &rarr; <strong>1565</strong><br />(+16 for winning)\n|l|\u2606curfy317\n|player|p1|\n|l|\u2606Galact7adi\n|player|p2|\n|l| ky123456\n","uploadtime":1774089324,"views":14,"formatid":"gen9vgc2026regi","rating":1459,"private":0,"password":null}