{"id":"gen9vgc2026regi-2537290449","format":"[Gen 9] VGC 2026 Reg I","players":["ZJESKIN","501JFW"],"log":"|j|\u2606ZJESKIN\n|j|\u2606501JFW\n|t:|1770791786\n|gametype|doubles\n|player|p1|ZJESKIN|blue-masters|1332\n|player|p2|501JFW|1|1460\n|gen|9\n|tier|[Gen 9] VGC 2026 Reg I\n|rated|\n|rule|Species Clause: Limit one of each Pok\u00e9mon\n|rule|Item Clause: Limit 1 of each item\n|clearpoke\n|poke|p1|Zamazenta-*, L50|\n|poke|p1|Rillaboom, L50, M|\n|poke|p1|Milotic, L50, M|\n|poke|p1|Calyrex-Shadow, L50|\n|poke|p1|Incineroar, L50, F|\n|poke|p1|Comfey, L50, F|\n|poke|p2|Kyogre, L50|\n|poke|p2|Calyrex-Ice, L50|\n|poke|p2|Amoonguss, L50, F|\n|poke|p2|Iron Jugulis, L50|\n|poke|p2|Urshifu-*, L50, M|\n|poke|p2|Indeedee-F, L50, F|\n|teampreview|4\n|inactive|Battle timer is ON: inactive players will automatically lose when time's up. (requested by ZJESKIN)\n|\n|t:|1770791806\n|teamsize|p1|4\n|teamsize|p2|4\n|start\n|switch|p1a: Rillaboom|Rillaboom, L50, M, shiny|100/100\n|switch|p1b: Comfey|Comfey, L50, F, shiny|100/100\n|switch|p2a: Calyrex|Calyrex-Ice, L50|100/100\n|switch|p2b: Indeedee|Indeedee-F, L50, F, shiny|100/100\n|-ability|p2a: Calyrex|As One\n|-ability|p2a: Calyrex|Unnerve\n|-fieldstart|move: Grassy Terrain|[from] ability: Grassy Surge|[of] p1a: Rillaboom\n|-fieldstart|move: Psychic Terrain|[from] ability: Psychic Surge|[of] p2b: Indeedee\n|-enditem|p2b: Indeedee|Psychic Seed\n|-boost|p2b: Indeedee|spd|1|[from] item: Psychic Seed\n|turn|1\n|\n|t:|1770791824\n|switch|p1b: Zamazenta|Zamazenta-Crowned, L50, shiny|100/100\n|-ability|p1b: Zamazenta|Dauntless Shield|boost\n|-boost|p1b: Zamazenta|def|1\n|move|p1a: Rillaboom|U-turn|p2b: Indeedee\n|-supereffective|p2b: Indeedee\n|-damage|p2b: Indeedee|56/100\n|\n|t:|1770791831\n|switch|p1a: Comfey|Comfey, L50, F, shiny|100/100|[from] U-turn\n|move|p2a: Calyrex|Swords Dance|p2a: Calyrex\n|-boost|p2a: Calyrex|atk|2\n|move|p2b: Indeedee|Trick Room|p2b: Indeedee\n|-fieldstart|move: Trick Room|[of] p2b: Indeedee\n|\n|upkeep\n|turn|2\n|\n|t:|1770791845\n|switch|p2b: Amoonguss|Amoonguss, L50, F, shiny|100/100\n|move|p1a: Comfey|Protect|p1a: Comfey\n|-singleturn|p1a: Comfey|Protect\n|move|p2a: Calyrex|Icicle Spear|p1a: Comfey\n|-activate|p1a: Comfey|move: Protect\n|move|p1b: Zamazenta|Iron Defense|p1b: Zamazenta\n|-boost|p1b: Zamazenta|def|2\n|\n|upkeep\n|turn|3\n|\n|t:|1770791869\n|switch|p1a: Rillaboom|Rillaboom, L50, M, shiny|100/100\n|-fieldstart|move: Grassy Terrain|[from] ability: Grassy Surge|[of] p1a: Rillaboom\n|move|p2b: Amoonguss|Spore|p1a: Rillaboom\n|-immune|p1a: Rillaboom\n|move|p2a: Calyrex|Glacial Lance|p1a: Rillaboom|[spread] p1a,p1b\n|-supereffective|p1a: Rillaboom\n|-resisted|p1b: Zamazenta\n|-damage|p1a: Rillaboom|0 fnt\n|-damage|p1b: Zamazenta|83/100\n|faint|p1a: Rillaboom\n|-ability|p2a: Calyrex|Chilling Neigh|boost\n|-boost|p2a: Calyrex|atk|1\n|move|p1b: Zamazenta|Body Press|p2a: Calyrex\n|-damage|p2a: Calyrex|44/100\n|\n|-heal|p2a: Calyrex|50/100|[from] Grassy Terrain\n|-heal|p1b: Zamazenta|89/100|[from] Grassy Terrain\n|upkeep\n|\n|t:|1770791884\n|switch|p1a: Calyrex|Calyrex-Shadow, L50|100/100\n|-ability|p1a: Calyrex|As One\n|-ability|p1a: Calyrex|Unnerve\n|turn|4\n|\n|t:|1770791898\n|move|p1a: Calyrex|Protect|p1a: Calyrex\n|-singleturn|p1a: Calyrex|Protect\n|move|p2b: Amoonguss|Spore|p1b: Zamazenta\n|-status|p1b: Zamazenta|slp|[from] move: Spore\n|move|p2a: Calyrex|Icicle Spear|p1a: Calyrex\n|-activate|p1a: Calyrex|move: Protect\n|cant|p1b: Zamazenta|slp\n|\n|-heal|p2a: Calyrex|56/100|[from] Grassy Terrain\n|-heal|p1b: Zamazenta|95/100 slp|[from] Grassy Terrain\n|upkeep\n|turn|5\n|\n|t:|1770791913\n|switch|p1a: Comfey|Comfey, L50, F, shiny|100/100\n|move|p2b: Amoonguss|Spore|p1a: Comfey\n|-status|p1a: Comfey|slp|[from] move: Spore\n|move|p2a: Calyrex|Glacial Lance|p1b: Zamazenta|[spread] p1a,p1b\n|-resisted|p1b: Zamazenta\n|-damage|p1a: Comfey|0 fnt\n|-damage|p1b: Zamazenta|74/100 slp\n|faint|p1a: Comfey\n|-ability|p2a: Calyrex|Chilling Neigh|boost\n|-boost|p2a: Calyrex|atk|1\n|cant|p1b: Zamazenta|slp\n|\n|-heal|p2a: Calyrex|61/100|[from] Grassy Terrain\n|-heal|p1b: Zamazenta|80/100 slp|[from] Grassy Terrain\n|-fieldend|move: Trick Room\n|upkeep\n|\n|t:|1770791922\n|switch|p1a: Calyrex|Calyrex-Shadow, L50|100/100\n|-ability|p1a: Calyrex|As One\n|-ability|p1a: Calyrex|Unnerve\n|turn|6\n|\n|t:|1770791928\n|-terastallize|p2a: Calyrex|Grass\n|move|p2b: Amoonguss|Rage Powder|p2b: Amoonguss\n|-singleturn|p2b: Amoonguss|move: Rage Powder\n|move|p1a: Calyrex|Astral Barrage|p2a: Calyrex|[spread] p2a,p2b\n|-damage|p2a: Calyrex|26/100\n|-damage|p2b: Amoonguss|43/100\n|cant|p1b: Zamazenta|slp\n|move|p2a: Calyrex|Trick Room|p2a: Calyrex\n|-fieldstart|move: Trick Room|[of] p2a: Calyrex\n|\n|-heal|p2b: Amoonguss|48/100|[from] Grassy Terrain\n|-heal|p2a: Calyrex|32/100|[from] Grassy Terrain\n|-heal|p1b: Zamazenta|86/100 slp|[from] Grassy Terrain\n|upkeep\n|turn|7\n|\n|t:|1770791951\n|move|p1a: Calyrex|Protect|p1a: Calyrex\n|-singleturn|p1a: Calyrex|Protect\n|move|p2b: Amoonguss|Rage Powder|p2b: Amoonguss\n|-singleturn|p2b: Amoonguss|move: Rage Powder\n|move|p2a: Calyrex|Icicle Spear|p1a: Calyrex\n|-activate|p1a: Calyrex|move: Protect\n|-curestatus|p1b: Zamazenta|slp|[msg]\n|move|p1b: Zamazenta|Heavy Slam|p2b: Amoonguss\n|-damage|p2b: Amoonguss|14/100\n|-damage|p1b: Zamazenta|70/100|[from] item: Rocky Helmet|[of] p2b: Amoonguss\n|\n|-heal|p2b: Amoonguss|20/100|[from] Grassy Terrain\n|-heal|p2a: Calyrex|38/100|[from] Grassy Terrain\n|-heal|p1b: Zamazenta|76/100|[from] Grassy Terrain\n|-fieldend|move: Grassy Terrain\n|upkeep\n|turn|8\n|\n|t:|1770791968\n|move|p2b: Amoonguss|Pollen Puff|p2a: Calyrex\n|-heal|p2a: Calyrex|87/100\n|move|p2a: Calyrex|Icicle Spear|p1a: Calyrex\n|-damage|p1a: Calyrex|28/100\n|-damage|p1a: Calyrex|0 fnt\n|faint|p1a: Calyrex\n|-ability|p2a: Calyrex|Chilling Neigh|boost\n|-boost|p2a: Calyrex|atk|1\n|-hitcount|p1: Calyrex|2\n|move|p1b: Zamazenta|Body Press|p2b: Amoonguss\n|-resisted|p2b: Amoonguss\n|-damage|p2b: Amoonguss|0 fnt\n|-damage|p1b: Zamazenta|59/100|[from] item: Rocky Helmet|[of] p2b: Amoonguss\n|faint|p2b: Amoonguss\n|\n|upkeep\n|\n|t:|1770791978\n|switch|p2b: Kyogre|Kyogre, L50, shiny|100/100\n|-weather|RainDance|[from] ability: Drizzle|[of] p2b: Kyogre\n|turn|9\n|\n|t:|1770791988\n|move|p1b: Zamazenta|Wide Guard|p1b: Zamazenta\n|-singleturn|p1b: Zamazenta|Wide Guard\n|move|p2a: Calyrex|Icicle Spear|p1b: Zamazenta\n|-resisted|p1b: Zamazenta\n|-damage|p1b: Zamazenta|50/100\n|-resisted|p1b: Zamazenta\n|-damage|p1b: Zamazenta|41/100\n|-resisted|p1b: Zamazenta\n|-damage|p1b: Zamazenta|32/100\n|-hitcount|p1b: Zamazenta|3\n|move|p2b: Kyogre|Water Spout|p1b: Zamazenta\n|-activate|p1b: Zamazenta|move: Wide Guard\n|\n|-weather|RainDance|[upkeep]\n|upkeep\n|turn|10\n|\n|t:|1770791994\n|move|p1b: Zamazenta|Wide Guard|p1b: Zamazenta\n|-singleturn|p1b: Zamazenta|Wide Guard\n|move|p2a: Calyrex|Icicle Spear|p1b: Zamazenta\n|-resisted|p1b: Zamazenta\n|-damage|p1b: Zamazenta|23/100\n|-resisted|p1b: Zamazenta\n|-damage|p1b: Zamazenta|14/100\n|-resisted|p1b: Zamazenta\n|-damage|p1b: Zamazenta|5/100\n|-resisted|p1b: Zamazenta\n|-damage|p1b: Zamazenta|0 fnt\n|faint|p1b: Zamazenta\n|-hitcount|p1: Zamazenta|4\n|\n|win|501JFW\n|raw|ZJESKIN's rating: 1332 &rarr; <strong>1319</strong><br />(-13 for losing)\n|raw|501JFW's rating: 1460 &rarr; <strong>1473</strong><br />(+13 for winning)\n|l|\u2606ZJESKIN\n|player|p1|\n|l|\u2606501JFW\n|player|p2|\n","uploadtime":1770792186,"views":24,"formatid":"gen9vgc2026regi","rating":1319,"private":0,"password":null}