{"id":"gen9vgc2026regi-2567693474","format":"[Gen 9] VGC 2026 Reg I","players":["jumento480","myminiman"],"log":"|j|\u2606jumento480\n|j|\u2606myminiman\n|t:|1774505052\n|gametype|doubles\n|player|p1|jumento480|eusine|1259\n|player|p2|myminiman|bea|1367\n|gen|9\n|tier|[Gen 9] VGC 2026 Reg I\n|rated|\n|rule|Species Clause: Limit one of each Pok\u00e9mon\n|rule|Item Clause: Limit 1 of each item\n|clearpoke\n|poke|p1|Incineroar, L50, M|\n|poke|p1|Meowscarada, L50, F|\n|poke|p1|Sceptile, L50, M|\n|poke|p1|Miraidon, L50|\n|poke|p1|Calyrex-Shadow, L50|\n|poke|p1|Iron Valiant, L50|\n|poke|p2|Calyrex-Ice, L50|\n|poke|p2|Kyogre, L50|\n|poke|p2|Raging Bolt, L50|\n|poke|p2|Urshifu-*, L50, M|\n|poke|p2|Incineroar, L50, F|\n|poke|p2|Rillaboom, L50, M|\n|teampreview|4\n|inactive|Battle timer is ON: inactive players will automatically lose when time's up. (requested by jumento480)\n|\n|t:|1774505114\n|teamsize|p1|4\n|teamsize|p2|4\n|start\n|switch|p1a: Calyrex|Calyrex-Shadow, L50|100/100\n|switch|p1b: Iron Valiant|Iron Valiant, L50|100/100\n|switch|p2a: Calyrex|Calyrex-Ice, L50|100/100\n|switch|p2b: Rillaboom|Rillaboom, L50, M|100/100\n|-ability|p1a: Calyrex|As One\n|-ability|p1a: Calyrex|Unnerve\n|-ability|p2a: Calyrex|As One\n|-ability|p2a: Calyrex|Unnerve\n|-fieldstart|move: Grassy Terrain|[from] ability: Grassy Surge|[of] p2b: Rillaboom\n|turn|1\n|inactive|myminiman has 30 seconds left.\n|\n|t:|1774505144\n|-terastallize|p1b: Iron Valiant|Fire\n|-terastallize|p2a: Calyrex|Grass\n|move|p1a: Calyrex|Nasty Plot|p1a: Calyrex\n|-boost|p1a: Calyrex|spa|2\n|move|p1b: Iron Valiant|Imprison|p1b: Iron Valiant\n|-start|p1b: Iron Valiant|move: Imprison\n|move|p2b: Rillaboom|Wood Hammer|p1a: Calyrex\n|-damage|p1a: Calyrex|3/100\n|-damage|p2b: Rillaboom|73/100|[from] Recoil\n|cant|p2a: Calyrex|move: Imprison|Trick Room\n|\n|-heal|p1a: Calyrex|8/100|[from] Grassy Terrain\n|-heal|p2b: Rillaboom|79/100|[from] Grassy Terrain\n|upkeep\n|turn|2\n|\n|t:|1774505165\n|move|p2b: Rillaboom|Grassy Glide|p1a: Calyrex\n|-damage|p1a: Calyrex|0 fnt\n|faint|p1a: Calyrex\n|move|p1b: Iron Valiant|Aura Sphere|p2a: Calyrex\n|-damage|p2a: Calyrex|78/100\n|move|p2a: Calyrex|Glacial Lance|p1b: Iron Valiant\n|-resisted|p1b: Iron Valiant\n|-damage|p1b: Iron Valiant|69/100\n|\n|-heal|p1b: Iron Valiant|75/100|[from] Grassy Terrain\n|-heal|p2b: Rillaboom|85/100|[from] Grassy Terrain\n|-heal|p2a: Calyrex|84/100|[from] Grassy Terrain\n|upkeep\n|\n|t:|1774505179\n|switch|p1a: Incineroar|Incineroar, L50, M|100/100\n|-ability|p1a: Incineroar|Intimidate|boost\n|-fail|p2a: Calyrex|unboost|[from] item: Clear Amulet|[of] p2a: Calyrex\n|-unboost|p2b: Rillaboom|atk|1\n|turn|3\n|\n|t:|1774505195\n|switch|p2b: Incineroar|Incineroar, L50, F|100/100\n|-ability|p2b: Incineroar|Intimidate|boost\n|-unboost|p1a: Incineroar|atk|1\n|-unboost|p1b: Iron Valiant|atk|1\n|move|p1b: Iron Valiant|Aura Sphere|p2a: Calyrex\n|-damage|p2a: Calyrex|63/100\n|move|p1a: Incineroar|Flare Blitz|p2a: Calyrex\n|-supereffective|p2a: Calyrex\n|-damage|p2a: Calyrex|9/100\n|-damage|p1a: Incineroar|83/100|[from] Recoil\n|move|p2a: Calyrex|Leech Seed|p1a: Incineroar\n|-start|p1a: Incineroar|move: Leech Seed\n|\n|-heal|p1b: Iron Valiant|81/100|[from] Grassy Terrain\n|-heal|p1a: Incineroar|89/100|[from] Grassy Terrain\n|-heal|p2a: Calyrex|15/100|[from] Grassy Terrain\n|-damage|p1a: Incineroar|76/100|[from] Leech Seed|[of] p2a: Calyrex\n|-heal|p2a: Calyrex|27/100|[silent]\n|upkeep\n|turn|4\n|\n|t:|1774505215\n|move|p2a: Calyrex|Protect|p2a: Calyrex\n|-singleturn|p2a: Calyrex|Protect\n|move|p2b: Incineroar|Fake Out|p1a: Incineroar\n|-damage|p1a: Incineroar|65/100\n|move|p1b: Iron Valiant|Aura Sphere|p2b: Incineroar\n|-supereffective|p2b: Incineroar\n|-damage|p2b: Incineroar|53/100\n|cant|p1a: Incineroar|flinch\n|\n|-heal|p1b: Iron Valiant|87/100|[from] Grassy Terrain\n|-heal|p2b: Incineroar|59/100|[from] Grassy Terrain\n|-heal|p1a: Incineroar|71/100|[from] Grassy Terrain\n|-heal|p2a: Calyrex|33/100|[from] Grassy Terrain\n|-damage|p1a: Incineroar|58/100|[from] Leech Seed|[of] p2a: Calyrex\n|-heal|p2a: Calyrex|45/100|[silent]\n|upkeep\n|turn|5\n|\n|t:|1774505232\n|move|p1b: Iron Valiant|Aura Sphere|p2b: Incineroar\n|-supereffective|p2b: Incineroar\n|-damage|p2b: Incineroar|10/100\n|move|p2b: Incineroar|Parting Shot|p1a: Incineroar\n|-unboost|p1a: Incineroar|atk|1\n|-unboost|p1a: Incineroar|spa|1\n|\n|t:|1774505238\n|switch|p2b: Kyogre|Kyogre, L50|100/100|[from] Parting Shot\n|-weather|RainDance|[from] ability: Drizzle|[of] p2b: Kyogre\n|move|p1a: Incineroar|U-turn|p2a: Calyrex\n|-supereffective|p2a: Calyrex\n|-damage|p2a: Calyrex|31/100\n|\n|t:|1774505247\n|switch|p1a: Miraidon|Miraidon, L50|100/100|[from] U-turn\n|-fieldstart|move: Electric Terrain|[from] ability: Hadron Engine|[of] p1a: Miraidon\n|-activate|p1b: Iron Valiant|ability: Quark Drive\n|-start|p1b: Iron Valiant|quarkdrivespe\n|move|p2a: Calyrex|Glacial Lance|p1a: Miraidon|[spread] p1a,p1b\n|-supereffective|p1a: Miraidon\n|-resisted|p1b: Iron Valiant\n|-damage|p1a: Miraidon|0 fnt\n|-damage|p1b: Iron Valiant|62/100\n|faint|p1a: Miraidon\n|-ability|p2a: Calyrex|Chilling Neigh|boost\n|-boost|p2a: Calyrex|atk|1\n|\n|-weather|RainDance|[upkeep]\n|upkeep\n|\n|t:|1774505262\n|switch|p1a: Incineroar|Incineroar, L50, M|58/100\n|-ability|p1a: Incineroar|Intimidate|boost\n|-fail|p2a: Calyrex|unboost|[from] item: Clear Amulet|[of] p2a: Calyrex\n|-unboost|p2b: Kyogre|atk|1\n|turn|6\n|\n|t:|1774505273\n|move|p1a: Incineroar|Fake Out|p2b: Kyogre\n|-damage|p2b: Kyogre|86/100\n|move|p1b: Iron Valiant|Aura Sphere|p2a: Calyrex\n|-damage|p2a: Calyrex|7/100\n|cant|p2b: Kyogre|flinch\n|move|p2a: Calyrex|Leech Seed|p1a: Incineroar\n|-start|p1a: Incineroar|move: Leech Seed\n|\n|-weather|RainDance|[upkeep]\n|-damage|p1a: Incineroar|46/100|[from] Leech Seed|[of] p2a: Calyrex\n|-heal|p2a: Calyrex|19/100|[silent]\n|upkeep\n|turn|7\n|-message|jumento480 forfeited.\n|\n|win|myminiman\n|raw|jumento480's rating: 1259 &rarr; <strong>1242</strong><br />(-17 for losing)\n|raw|myminiman's rating: 1367 &rarr; <strong>1381</strong><br />(+14 for winning)\n|l|\u2606jumento480\n|player|p1|\n|l|\u2606myminiman\n|player|p2|\n","uploadtime":1774505458,"views":13,"formatid":"gen9vgc2026regi","rating":1242,"private":0,"password":null}