{"id":"gen9vgc2026regi-2515697960","format":"[Gen 9] VGC 2026 Reg I","players":["ky123456","pkmzbx"],"log":"|j|\u2606ky123456\n|j|\u2606pkmzbx\n|t:|1768022433\n|gametype|doubles\n|player|p1|ky123456|cynthia-gen4|1209\n|player|p2|pkmzbx|101|1177\n|gen|9\n|tier|[Gen 9] VGC 2026 Reg I\n|rated|\n|rule|Species Clause: Limit one of each Pok\u00e9mon\n|rule|Item Clause: Limit 1 of each item\n|clearpoke\n|poke|p1|Lunala, L50|\n|poke|p1|Miraidon, L50|\n|poke|p1|Whimsicott, L50, M|\n|poke|p1|Ursaluna, L50, M|\n|poke|p1|Urshifu-*, L50, M|\n|poke|p1|Incineroar, L50, M|\n|poke|p2|Mamoswine, L50, M|\n|poke|p2|Zamazenta-*, L50|\n|poke|p2|Palkia-Origin, L50|\n|poke|p2|Toxtricity, L50, F|\n|poke|p2|Indeedee-F, L50, F|\n|poke|p2|Tornadus, L50, M|\n|teampreview|4\n|\n|t:|1768022453\n|teamsize|p1|4\n|teamsize|p2|4\n|start\n|switch|p1a: Lunala|Lunala, L50|100/100\n|switch|p1b: Miraidon|Miraidon, L50|100/100\n|switch|p2a: Mamoswine|Mamoswine, L50, M|100/100\n|switch|p2b: Indeedee|Indeedee-F, L50, F|100/100\n|-fieldstart|move: Electric Terrain|[from] ability: Hadron Engine|[of] p1b: Miraidon\n|-enditem|p1a: Lunala|Electric Seed\n|-boost|p1a: Lunala|def|1|[from] item: Electric Seed\n|-fieldstart|move: Psychic Terrain|[from] ability: Psychic Surge|[of] p2b: Indeedee\n|turn|1\n|\n|t:|1768022474\n|move|p2b: Indeedee|Helping Hand|p2a: Mamoswine\n|-singleturn|p2a: Mamoswine|Helping Hand|[of] p2b: Indeedee\n|move|p1b: Miraidon|Volt Switch|p2b: Indeedee\n|-damage|p2b: Indeedee|46/100\n|\n|t:|1768022480\n|switch|p1b: Incineroar|Incineroar, L50, M|100/100|[from] Volt Switch\n|-ability|p1b: Incineroar|Intimidate|boost\n|-fail|p2a: Mamoswine|unboost|Attack|[from] ability: Oblivious|[of] p2a: Mamoswine\n|-unboost|p2b: Indeedee|atk|1\n|move|p1a: Lunala|Moongeist Beam|p2a: Mamoswine\n|-damage|p2a: Mamoswine|62/100\n|move|p2a: Mamoswine|Knock Off|p1a: Lunala\n|-supereffective|p1a: Lunala\n|-damage|p1a: Lunala|67/100\n|\n|upkeep\n|turn|2\n|\n|t:|1768022498\n|-terastallize|p1a: Lunala|Fairy\n|move|p2b: Indeedee|Helping Hand|p2a: Mamoswine\n|-singleturn|p2a: Mamoswine|Helping Hand|[of] p2b: Indeedee\n|move|p2a: Mamoswine|High Horsepower|p1b: Incineroar\n|-supereffective|p1b: Incineroar\n|-damage|p1b: Incineroar|0 fnt\n|faint|p1b: Incineroar\n|move|p1a: Lunala|Trick Room|p1a: Lunala\n|-fieldstart|move: Trick Room|[of] p1a: Lunala\n|\n|upkeep\n|\n|t:|1768022505\n|switch|p1b: Ursaluna|Ursaluna, L50, M|100/100\n|turn|3\n|\n|t:|1768022523\n|move|p1b: Ursaluna|Protect|p1b: Ursaluna\n|-singleturn|p1b: Ursaluna|Protect\n|move|p2a: Mamoswine|Icicle Crash|p1a: Lunala\n|-damage|p1a: Lunala|41/100\n|move|p1a: Lunala|Moongeist Beam|p2a: Mamoswine\n|-damage|p2a: Mamoswine|20/100\n|move|p2b: Indeedee|Trick Room|p2b: Indeedee\n|-fieldend|move: Trick Room\n|\n|-status|p1b: Ursaluna|brn|[from] item: Flame Orb\n|upkeep\n|turn|4\n|\n|t:|1768022546\n|move|p2b: Indeedee|Helping Hand|p2a: Mamoswine\n|-singleturn|p2a: Mamoswine|Helping Hand|[of] p2b: Indeedee\n|move|p2a: Mamoswine|Icicle Crash|p1b: Ursaluna\n|-supereffective|p1b: Ursaluna\n|-damage|p1b: Ursaluna|0 fnt\n|faint|p1b: Ursaluna\n|move|p1a: Lunala|Trick Room|p1a: Lunala\n|-fieldstart|move: Trick Room|[of] p1a: Lunala\n|\n|upkeep\n|\n|t:|1768022552\n|switch|p1b: Miraidon|Miraidon, L50|100/100\n|-fieldstart|move: Electric Terrain|[from] ability: Hadron Engine|[of] p1b: Miraidon\n|turn|5\n|\n|t:|1768022559\n|move|p2b: Indeedee|Follow Me|p2b: Indeedee\n|-singleturn|p2b: Indeedee|move: Follow Me\n|move|p2a: Mamoswine|Icicle Crash|p1b: Miraidon|[miss]\n|-miss|p2a: Mamoswine|p1b: Miraidon\n|move|p1a: Lunala|Moonblast|p2b: Indeedee\n|-damage|p2b: Indeedee|0 fnt\n|faint|p2b: Indeedee\n|move|p1b: Miraidon|Electro Drift|p2a: Mamoswine\n|-immune|p2a: Mamoswine\n|\n|upkeep\n|\n|t:|1768022575\n|switch|p2b: Palkia|Palkia-Origin, L50|100/100\n|turn|6\n|\n|t:|1768022587\n|-terastallize|p2b: Palkia|Water\n|move|p2a: Mamoswine|Icicle Crash|p1b: Miraidon\n|-supereffective|p1b: Miraidon\n|-damage|p1b: Miraidon|7/100\n|move|p2b: Palkia|Hydro Pump|p1a: Lunala|[miss]\n|-miss|p2b: Palkia|p1a: Lunala\n|move|p1b: Miraidon|Electro Drift|p2b: Palkia\n|-supereffective|p2b: Palkia\n|-damage|p2b: Palkia|0 fnt\n|faint|p2b: Palkia\n|move|p1a: Lunala|Trick Room|p1a: Lunala\n|-fieldend|move: Trick Room\n|\n|upkeep\n|\n|t:|1768022600\n|switch|p2b: Zamazenta|Zamazenta-Crowned, L50|100/100\n|-ability|p2b: Zamazenta|Dauntless Shield|boost\n|-boost|p2b: Zamazenta|def|1\n|turn|7\n|\n|t:|1768022608\n|move|p2a: Mamoswine|Ice Shard|p1b: Miraidon\n|-supereffective|p1b: Miraidon\n|-damage|p1b: Miraidon|0 fnt\n|faint|p1b: Miraidon\n|move|p2b: Zamazenta|Heavy Slam|p1a: Lunala\n|-supereffective|p1a: Lunala\n|-damage|p1a: Lunala|0 fnt\n|faint|p1a: Lunala\n|\n|win|pkmzbx\n|raw|ky123456's rating: 1209 &rarr; <strong>1182</strong><br />(-27 for losing)\n|raw|pkmzbx's rating: 1177 &rarr; <strong>1204</strong><br />(+27 for winning)\n|l|\u2606pkmzbx\n|player|p2|\n|l|\u2606ky123456\n|player|p1|\n","uploadtime":1768022855,"views":11,"formatid":"gen9vgc2026regi","rating":1182,"private":0,"password":null}