{"id":"gen9vgc2026regi-2578828533","format":"[Gen 9] VGC 2026 Reg I","players":["SycrasisEU","benniguds"],"log":"|j|\u2606SycrasisEU\n|j|\u2606benniguds\n|t:|1775724296\n|gametype|doubles\n|player|p1|SycrasisEU|byron|1369\n|player|p2|benniguds|gambler|1322\n|gen|9\n|tier|[Gen 9] VGC 2026 Reg I\n|rated|\n|rule|Species Clause: Limit one of each Pok\u00e9mon\n|rule|Item Clause: Limit 1 of each item\n|clearpoke\n|poke|p1|Terapagos, L50, M|\n|poke|p1|Rillaboom, L50, F|\n|poke|p1|Incineroar, L50, M|\n|poke|p1|Clefairy, L50, F|\n|poke|p1|Zamazenta-*, L50|\n|poke|p1|Sinistcha, L50|\n|poke|p2|Lunala, L50|\n|poke|p2|Groudon, L50|\n|poke|p2|Whimsicott, L50, F|\n|poke|p2|Raging Bolt, L50|\n|poke|p2|Typhlosion-Hisui, L50, M|\n|poke|p2|Kingambit, L50, M|\n|teampreview|4\n|inactive|Battle timer is ON: inactive players will automatically lose when time's up. (requested by SycrasisEU)\nSycrasisEU has agreed to open team sheets.\n|\n|t:|1775724315\n|teamsize|p1|4\n|teamsize|p2|4\n|start\n|switch|p1a: Terapagos|Terapagos, L50, M|100/100\n|switch|p1b: Rillaboom|Rillaboom, L50, F|100/100\n|switch|p2a: Lunala|Lunala, L50, shiny|100/100\n|switch|p2b: Whimsicott|Whimsicott, L50, F|100/100\n|-activate|p1a: Terapagos|ability: Tera Shift\n|detailschange|p1a: Terapagos|Terapagos-Terastal, L50, M\n|-heal|p1a: Terapagos|100/100|[silent]\n|-fieldstart|move: Grassy Terrain|[from] ability: Grassy Surge|[of] p1b: Rillaboom\n|turn|1\n|\n|t:|1775724340\n|-terastallize|p2a: Lunala|Fairy\n|move|p1b: Rillaboom|Fake Out|p2b: Whimsicott\n|-damage|p2b: Whimsicott|74/100\n|cant|p2b: Whimsicott|flinch\n|move|p2a: Lunala|Dazzling Gleam|p1a: Terapagos|[spread] p1a,p1b\n|-activate|p1a: Terapagos|ability: Tera Shell\n|-resisted|p1a: Terapagos\n|-damage|p1a: Terapagos|78/100\n|-damage|p1b: Rillaboom|59/100\n|move|p1a: Terapagos|Calm Mind|p1a: Terapagos\n|-boost|p1a: Terapagos|spa|1\n|-boost|p1a: Terapagos|spd|1\n|\n|-heal|p2b: Whimsicott|80/100|[from] Grassy Terrain\n|-heal|p1b: Rillaboom|65/100|[from] Grassy Terrain\n|-heal|p1a: Terapagos|84/100|[from] Grassy Terrain\n|-heal|p1a: Terapagos|90/100|[from] item: Leftovers\n|upkeep\n|turn|2\n|\n|t:|1775724362\n|move|p1a: Terapagos|Protect|p1a: Terapagos\n|-singleturn|p1a: Terapagos|Protect\n|move|p2b: Whimsicott|Encore|p1a: Terapagos\n|-activate|p1a: Terapagos|move: Protect\n|move|p2a: Lunala|Dazzling Gleam|p1a: Terapagos|[spread] p1b\n|-activate|p1a: Terapagos|move: Protect\n|-damage|p1b: Rillaboom|23/100\n|move|p1b: Rillaboom|U-turn|p2a: Lunala\n|-resisted|p2a: Lunala\n|-damage|p2a: Lunala|95/100\n|\n|t:|1775724372\n|switch|p1b: Clefairy|Clefairy, L50, F|100/100|[from] U-turn\n|\n|-heal|p2b: Whimsicott|85/100|[from] Grassy Terrain\n|-heal|p2a: Lunala|100/100|[from] Grassy Terrain\n|-heal|p1a: Terapagos|96/100|[from] Grassy Terrain\n|-heal|p1a: Terapagos|100/100|[from] item: Leftovers\n|upkeep\n|turn|3\n|\n|t:|1775724377\n|-terastallize|p1a: Terapagos|Stellar\n|detailschange|p1a: Terapagos|Terapagos-Stellar, L50, M, tera:Stellar\n|-heal|p1a: Terapagos|100/100|[silent]\n|-ability|p1a: Terapagos|Teraform Zero\n|-fieldend|move: Grassy Terrain\n|move|p1b: Clefairy|Follow Me|p1b: Clefairy\n|-singleturn|p1b: Clefairy|move: Follow Me\n|move|p2b: Whimsicott|Encore|p1b: Clefairy\n|-start|p1b: Clefairy|Encore\n|move|p2a: Lunala|Dazzling Gleam|p1b: Clefairy|[spread] p1a,p1b\n|-damage|p1a: Terapagos|84/100\n|-damage|p1b: Clefairy|69/100\n|move|p1a: Terapagos|Tera Starstorm|p2b: Whimsicott|[spread] p2a,p2b\n|-supereffective|p2a: Lunala\n|-damage|p2a: Lunala|53/100\n|-damage|p2b: Whimsicott|0 fnt\n|faint|p2b: Whimsicott\n|\n|-heal|p1a: Terapagos|90/100|[from] item: Leftovers\n|upkeep\n|\n|t:|1775724390\n|switch|p2b: Groudon|Groudon, L50|100/100\n|-weather|SunnyDay|[from] ability: Drought|[of] p2b: Groudon\n|turn|4\n|\n|t:|1775724401\n|switch|p2a: Typhlosion|Typhlosion-Hisui, L50, M|100/100\n|-item|p1a: Terapagos|Leftovers|[from] ability: Frisk|[of] p2a: Typhlosion\n|-item|p1b: Clefairy|Eviolite|[from] ability: Frisk|[of] p2a: Typhlosion\n|move|p1b: Clefairy|Follow Me|p1b: Clefairy\n|-singleturn|p1b: Clefairy|move: Follow Me\n|move|p2b: Groudon|Precipice Blades|p1b: Clefairy|[spread] p1a,p1b\n|-crit|p1b: Clefairy\n|-damage|p1a: Terapagos|62/100\n|-damage|p1b: Clefairy|0 fnt\n|faint|p1b: Clefairy\n|move|p1a: Terapagos|Tera Starstorm|p2a: Typhlosion|[spread] p2a,p2b\n|-damage|p2a: Typhlosion|13/100\n|-damage|p2b: Groudon|37/100\n|\n|-weather|SunnyDay|[upkeep]\n|-heal|p1a: Terapagos|68/100|[from] item: Leftovers\n|upkeep\n|\n|t:|1775724414\n|switch|p1b: Rillaboom|Rillaboom, L50, F|23/100\n|-fieldstart|move: Grassy Terrain|[from] ability: Grassy Surge|[of] p1b: Rillaboom\n|turn|5\n|\n|t:|1775724435\n|move|p1b: Rillaboom|Fake Out|p2b: Groudon\n|-damage|p2b: Groudon|27/100\n|move|p2a: Typhlosion|Overheat|p1b: Rillaboom\n|-supereffective|p1b: Rillaboom\n|-damage|p1b: Rillaboom|0 fnt\n|-unboost|p2a: Typhlosion|spa|2\n|faint|p1b: Rillaboom\n|move|p2b: Groudon|Heat Crash|p1a: Terapagos\n|-damage|p1a: Terapagos|21/100\n|move|p1a: Terapagos|Tera Starstorm|p2a: Typhlosion|[spread] p2a,p2b\n|-damage|p2a: Typhlosion|0 fnt\n|-damage|p2b: Groudon|0 fnt\n|faint|p2a: Typhlosion\n|faint|p2b: Groudon\n|\n|-weather|SunnyDay|[upkeep]\n|-heal|p1a: Terapagos|27/100|[from] Grassy Terrain\n|-heal|p1a: Terapagos|33/100|[from] item: Leftovers\n|upkeep\n|\n|t:|1775724451\n|switch|p2b: Lunala|Lunala, L50, shiny, tera:Fairy|53/100\n|switch|p1b: Zamazenta|Zamazenta-Crowned, L50|100/100\n|-ability|p1b: Zamazenta|Dauntless Shield|boost\n|-boost|p1b: Zamazenta|def|1\n|turn|6\n|\n|t:|1775724457\n|move|p2b: Lunala|Wide Guard|p2b: Lunala\n|-singleturn|p2b: Lunala|Wide Guard\n|move|p1b: Zamazenta|Heavy Slam|p2b: Lunala\n|-supereffective|p2b: Lunala\n|-damage|p2b: Lunala|0 fnt\n|faint|p2b: Lunala\n|\n|win|SycrasisEU\n|raw|SycrasisEU's rating: 1369 &rarr; <strong>1386</strong><br />(+17 for winning)\n|raw|benniguds's rating: 1322 &rarr; <strong>1305</strong><br />(-17 for losing)\n|l|\u2606benniguds\n|player|p2|\n|l|\u2606SycrasisEU\n|player|p1|\n","uploadtime":1775724629,"views":9,"formatid":"gen9vgc2026regi","rating":1305,"private":0,"password":null}