{"id":"gen9vgc2026regi-2576832163","format":"[Gen 9] VGC 2026 Reg I","players":["Sheevp","Dorkeva"],"log":"|j|\u2606Sheevp\n|j|\u2606Dorkeva\n|t:|1775509370\n|gametype|doubles\n|player|p1|Sheevp|2|1408\n|player|p2|Dorkeva|102|1501\n|gen|9\n|tier|[Gen 9] VGC 2026 Reg I\n|rated|\n|rule|Species Clause: Limit one of each Pok\u00e9mon\n|rule|Item Clause: Limit 1 of each item\n|clearpoke\n|poke|p1|Koraidon, L50|\n|poke|p1|Calyrex-Ice, L50|\n|poke|p1|Iron Treads, L50|\n|poke|p1|Volcarona, L50, F|\n|poke|p1|Brute Bonnet, L50|\n|poke|p1|Regieleki, L50|\n|poke|p2|Lunala, L50|\n|poke|p2|Koraidon, L50|\n|poke|p2|Flutter Mane, L50|\n|poke|p2|Brute Bonnet, L50|\n|poke|p2|Chi-Yu, L50|\n|poke|p2|Ursaluna, L50, F|\n|teampreview|4\n|inactive|Battle timer is ON: inactive players will automatically lose when time's up. (requested by Dorkeva)\nDorkeva rejected open team sheets.\n|j| paradoxguardiola\n|inactive|Sheevp has 60 seconds left.\n|inactive|Dorkeva has 60 seconds left.\n|\n|t:|1775509409\n|teamsize|p1|4\n|teamsize|p2|4\n|start\n|switch|p1a: Brute Bonnet|Brute Bonnet, L50|100/100\n|switch|p1b: Calyrex|Calyrex-Ice, L50|100/100\n|switch|p2a: Clydeon|Koraidon, L50|100/100\n|switch|p2b: Flutter Mane|Flutter Mane, L50|100/100\n|-ability|p1b: Calyrex|As One\n|-ability|p1b: Calyrex|Unnerve\n|-weather|SunnyDay|[from] ability: Orichalcum Pulse|[of] p2a: Clydeon\n|-activate|p2b: Flutter Mane|ability: Protosynthesis\n|-start|p2b: Flutter Mane|protosynthesisspe\n|-activate|p1a: Brute Bonnet|ability: Protosynthesis\n|-start|p1a: Brute Bonnet|protosynthesisdef\n|-activate|p2a: Clydeon|Orichalcum Pulse|[source]\n|turn|1\n|\n|t:|1775509426\n|-terastallize|p1a: Brute Bonnet|Water\n|move|p1a: Brute Bonnet|Rage Powder|p1a: Brute Bonnet\n|-singleturn|p1a: Brute Bonnet|move: Rage Powder\n|move|p2b: Flutter Mane|Moonblast|p1a: Brute Bonnet\n|-damage|p1a: Brute Bonnet|61/100\n|-unboost|p1a: Brute Bonnet|spa|1\n|move|p2a: Clydeon|Close Combat|p1a: Brute Bonnet\n|-damage|p1a: Brute Bonnet|3/100\n|-unboost|p2a: Clydeon|def|1\n|-unboost|p2a: Clydeon|spd|1\n|-enditem|p1a: Brute Bonnet|Sitrus Berry|[eat]\n|-heal|p1a: Brute Bonnet|28/100|[from] item: Sitrus Berry\n|-damage|p2a: Clydeon|91/100|[from] item: Life Orb\n|move|p1b: Calyrex|Trick Room|p1b: Calyrex\n|-fieldstart|move: Trick Room|[of] p1b: Calyrex\n|\n|-weather|SunnyDay|[upkeep]\n|upkeep\n|turn|2\n|inactive|Dorkeva has 30 seconds left.\n|\n|t:|1775509453\n|-terastallize|p2a: Clydeon|Fire\n|move|p1b: Calyrex|Glacial Lance|p2a: Clydeon|[spread] p2a,p2b\n|-resisted|p2a: Clydeon\n|-damage|p2a: Clydeon|55/100\n|-enditem|p2b: Flutter Mane|Focus Sash\n|-damage|p2b: Flutter Mane|1/100\n|move|p1a: Brute Bonnet|Spore|p2a: Clydeon\n|-status|p2a: Clydeon|slp|[from] move: Spore\n|cant|p2a: Clydeon|slp\n|move|p2b: Flutter Mane|Shadow Ball|p1b: Calyrex\n|-supereffective|p1b: Calyrex\n|-damage|p1b: Calyrex|47/100\n|\n|-weather|SunnyDay|[upkeep]\n|-heal|p1b: Calyrex|53/100|[from] item: Leftovers\n|upkeep\n|turn|3\n|\n|t:|1775509477\n|move|p2b: Flutter Mane|Protect|p2b: Flutter Mane\n|-singleturn|p2b: Flutter Mane|Protect\n|move|p1b: Calyrex|Glacial Lance|p2a: Clydeon|[spread] p2a\n|-activate|p2b: Flutter Mane|move: Protect\n|-resisted|p2a: Clydeon\n|-damage|p2a: Clydeon|18/100 slp\n|move|p1a: Brute Bonnet|Seed Bomb|p2a: Clydeon\n|-resisted|p2a: Clydeon\n|-damage|p2a: Clydeon|0 fnt\n|faint|p2a: Clydeon\n|\n|-weather|SunnyDay|[upkeep]\n|-heal|p1b: Calyrex|59/100|[from] item: Leftovers\n|upkeep\n|\n|t:|1775509486\n|switch|p2a: Brute Bonnie|Brute Bonnet, L50|100/100\n|-activate|p2a: Brute Bonnie|ability: Protosynthesis\n|-start|p2a: Brute Bonnie|protosynthesisdef\n|turn|4\n|\n|t:|1775509493\n|move|p2b: Flutter Mane|Protect||[still]\n|-fail|p2b: Flutter Mane\n|move|p1b: Calyrex|Glacial Lance|p2b: Flutter Mane|[spread] p2a,p2b\n|-supereffective|p2a: Brute Bonnie\n|-crit|p2b: Flutter Mane\n|-damage|p2a: Brute Bonnie|41/100\n|-damage|p2b: Flutter Mane|0 fnt\n|faint|p2b: Flutter Mane\n|-end|p2b: Flutter Mane|Protosynthesis|[silent]\n|-ability|p1b: Calyrex|Chilling Neigh|boost\n|-boost|p1b: Calyrex|atk|1\n|move|p1a: Brute Bonnet|Spore|p2a: Brute Bonnie\n|-immune|p2a: Brute Bonnie\n|move|p2a: Brute Bonnie|Spore|p1b: Calyrex\n|-status|p1b: Calyrex|slp|[from] move: Spore\n|\n|-weather|SunnyDay|[upkeep]\n|-heal|p1b: Calyrex|65/100 slp|[from] item: Leftovers\n|upkeep\n|\n|t:|1775509495\n|switch|p2b: Chi-Yu|Chi-Yu, L50|100/100\n|-ability|p2b: Chi-Yu|Beads of Ruin\n|turn|5\n|\n|t:|1775509509\n|move|p2a: Brute Bonnie|Rage Powder|p2a: Brute Bonnie\n|-singleturn|p2a: Brute Bonnie|move: Rage Powder\n|cant|p1b: Calyrex|slp\n|move|p1a: Brute Bonnet|Spore|p2a: Brute Bonnie\n|-immune|p2a: Brute Bonnie\n|move|p2b: Chi-Yu|Heat Wave|p1a: Brute Bonnet|[spread] p1b\n|-miss|p2b: Chi-Yu|p1a: Brute Bonnet\n|-supereffective|p1b: Calyrex\n|-damage|p1b: Calyrex|0 fnt\n|-enditem|p2a: Brute Bonnie|Sitrus Berry|[eat]\n|-heal|p2a: Brute Bonnie|66/100|[from] item: Sitrus Berry\n|faint|p1b: Calyrex\n|\n|-weather|none\n|-end|p1a: Brute Bonnet|Protosynthesis\n|-end|p2a: Brute Bonnie|Protosynthesis\n|-fieldend|move: Trick Room\n|upkeep\n|\n|t:|1775509518\n|switch|p1b: Koraidon|Koraidon, L50|100/100\n|-weather|SunnyDay|[from] ability: Orichalcum Pulse|[of] p1b: Koraidon\n|-activate|p2a: Brute Bonnie|ability: Protosynthesis\n|-start|p2a: Brute Bonnie|protosynthesisdef\n|-activate|p1a: Brute Bonnet|ability: Protosynthesis\n|-start|p1a: Brute Bonnet|protosynthesisdef\n|-activate|p1b: Koraidon|Orichalcum Pulse|[source]\n|turn|6\n|\n|t:|1775509543\n|move|p1b: Koraidon|Protect|p1b: Koraidon\n|-singleturn|p1b: Koraidon|Protect\n|move|p2b: Chi-Yu|Heat Wave|p1b: Koraidon|[spread] p1a\n|-activate|p1b: Koraidon|move: Protect\n|-resisted|p1a: Brute Bonnet\n|-damage|p1a: Brute Bonnet|0 fnt\n|faint|p1a: Brute Bonnet\n|-end|p1a: Brute Bonnet|Protosynthesis|[silent]\n|move|p2a: Brute Bonnie|Spore|p1b: Koraidon\n|-activate|p1b: Koraidon|move: Protect\n|\n|-weather|SunnyDay|[upkeep]\n|upkeep\n|\n|t:|1775509553\n|switch|p1a: Volcarona|Volcarona, L50, F|100/100\n|turn|7\n|\n|t:|1775509580\n|move|p2a: Brute Bonnie|Rage Powder|p2a: Brute Bonnie\n|-singleturn|p2a: Brute Bonnie|move: Rage Powder\n|move|p2b: Chi-Yu|Heat Wave|p1b: Koraidon|[spread] p1b\n|-miss|p2b: Chi-Yu|p1a: Volcarona\n|-resisted|p1b: Koraidon\n|-damage|p1b: Koraidon|66/100\n|move|p1b: Koraidon|Flare Blitz|p2a: Brute Bonnie\n|-supereffective|p2a: Brute Bonnie\n|-damage|p2a: Brute Bonnie|0 fnt\n|faint|p2a: Brute Bonnie\n|-end|p2a: Brute Bonnie|Protosynthesis|[silent]\n|-damage|p1b: Koraidon|43/100|[from] Recoil\n|move|p1a: Volcarona|Bug Buzz|p2b: Chi-Yu\n|-damage|p2b: Chi-Yu|50/100\n|\n|-weather|SunnyDay|[upkeep]\n|upkeep\n|turn|8\n|c|\u2606Dorkeva|2 heatwave misses qq\n|\n|t:|1775509599\n|move|p2b: Chi-Yu|Heat Wave|p1a: Volcarona|[spread] p1a,p1b\n|-resisted|p1b: Koraidon\n|-damage|p1a: Volcarona|23/100\n|-damage|p1b: Koraidon|8/100\n|move|p1b: Koraidon|Flare Blitz|p2b: Chi-Yu\n|-resisted|p2b: Chi-Yu\n|-damage|p2b: Chi-Yu|0 fnt\n|faint|p2b: Chi-Yu\n|-damage|p1b: Koraidon|0 fnt|[from] Recoil\n|faint|p1b: Koraidon\n|\n|win|Sheevp\n|raw|Sheevp's rating: 1408 &rarr; <strong>1433</strong><br />(+25 for winning)\n|raw|Dorkeva's rating: 1501 &rarr; <strong>1476</strong><br />(-25 for losing)\n|l|\u2606Sheevp\n|player|p1|\n","uploadtime":1775509611,"views":157,"formatid":"gen9vgc2026regi","rating":1433,"private":0,"password":null}