{"id":"gen9vgc2026regi-2553422511","format":"[Gen 9] VGC 2026 Reg I","players":["Javike","g0dGun"],"log":"|j|\u2606Javike\n|j|\u2606g0dGun\n|t:|1772829539\n|gametype|doubles\n|player|p1|Javike|crasherwake|1332\n|player|p2|g0dGun|blue|1400\n|gen|9\n|tier|[Gen 9] VGC 2026 Reg I\n|rated|\n|rule|Species Clause: Limit one of each Pok\u00e9mon\n|rule|Item Clause: Limit 1 of each item\n|clearpoke\n|poke|p1|Kyogre, L50|\n|poke|p1|Miraidon, L50|\n|poke|p1|Farigiraf, L50, M|\n|poke|p1|Whimsicott, L50, F|\n|poke|p1|Incineroar, L50, F|\n|poke|p1|Sneasler, L50, M|\n|poke|p2|Hitmontop, L50, M|\n|poke|p2|Terapagos, L50, M|\n|poke|p2|Calyrex-Shadow, L50|\n|poke|p2|Ogerpon-Cornerstone, L50, F|\n|poke|p2|Urshifu-*, L50, F|\n|poke|p2|Whimsicott, L50, F|\n|teampreview|4\n|inactive|Battle timer is ON: inactive players will automatically lose when time's up. (requested by g0dGun)\n|inactive|Javike also wants the timer to be on.\n|\n|t:|1772829567\n|teamsize|p1|4\n|teamsize|p2|4\n|start\n|switch|p1a: Sneasler|Sneasler, L50, M|100/100\n|switch|p1b: Kyogre|Kyogre, L50|100/100\n|switch|p2a: Hitmontop|Hitmontop, L50, M|100/100\n|switch|p2b: Terapagos|Terapagos, L50, M|100/100\n|-activate|p2b: Terapagos|ability: Tera Shift\n|detailschange|p2b: Terapagos|Terapagos-Terastal, L50, M\n|-heal|p2b: Terapagos|100/100|[silent]\n|-weather|RainDance|[from] ability: Drizzle|[of] p1b: Kyogre\n|-ability|p2a: Hitmontop|Intimidate|boost\n|-unboost|p1a: Sneasler|atk|1\n|-unboost|p1b: Kyogre|atk|1\n|turn|1\n|inactive|g0dGun has 30 seconds left.\n|inactive|Javike has 30 seconds left.\n|\n|t:|1772829598\n|move|p1a: Sneasler|Fake Out|p2a: Hitmontop\n|-enditem|p1a: Sneasler|Normal Gem|[from] gem\n|-damage|p2a: Hitmontop|85/100\n|-enditem|p2a: Hitmontop|Eject Button\n|\n|t:|1772829603\n|switch|p2a: Whimsicott|Whimsicott, L50, F|100/100\n|move|p1b: Kyogre|Water Spout|p2b: Terapagos|[spread] p2a,p2b\n|-resisted|p2a: Whimsicott\n|-activate|p2b: Terapagos|ability: Tera Shell\n|-resisted|p2b: Terapagos\n|-damage|p2a: Whimsicott|31/100\n|-damage|p2b: Terapagos|58/100\n|move|p2b: Terapagos|Rock Polish|p2b: Terapagos\n|-boost|p2b: Terapagos|spe|2\n|\n|-weather|RainDance|[upkeep]\n|upkeep\n|turn|2\n|\n|t:|1772829623\n|-terastallize|p2b: Terapagos|Stellar\n|detailschange|p2b: Terapagos|Terapagos-Stellar, L50, M, tera:Stellar\n|-heal|p2b: Terapagos|69/100|[silent]\n|-ability|p2b: Terapagos|Teraform Zero\n|-weather|none\n|move|p2a: Whimsicott|Encore|p1a: Sneasler\n|-start|p1a: Sneasler|Encore\n|move|p1a: Sneasler|Fake Out||[still]\n|-hint|Fake Out only works on your first turn out.\n|-fail|p1a: Sneasler\n|move|p1b: Kyogre|Water Spout|p2a: Whimsicott|[spread] p2a,p2b\n|-resisted|p2a: Whimsicott\n|-damage|p2a: Whimsicott|0 fnt\n|-damage|p2b: Terapagos|26/100\n|faint|p2a: Whimsicott\n|move|p2b: Terapagos|Tera Starstorm|p1b: Kyogre|[spread] p1a,p1b\n|-damage|p1a: Sneasler|54/100\n|-damage|p1b: Kyogre|70/100\n|\n|upkeep\n|\n|t:|1772829642\n|switch|p2a: Hitmontop|Hitmontop, L50, M|85/100\n|-ability|p2a: Hitmontop|Intimidate|boost\n|-unboost|p1a: Sneasler|atk|1\n|-unboost|p1b: Kyogre|atk|1\n|turn|3\n|\n|t:|1772829651\n|switch|p1a: Farigiraf|Farigiraf, L50, M|100/100\n|move|p2a: Hitmontop|Wide Guard|p2a: Hitmontop\n|-singleturn|p2a: Hitmontop|Wide Guard\n|move|p1b: Kyogre|Water Spout|p2b: Terapagos|[spread] \n|-activate|p2a: Hitmontop|move: Wide Guard\n|-activate|p2b: Terapagos|move: Wide Guard\n|move|p2b: Terapagos|Tera Starstorm|p1b: Kyogre|[spread] p1a,p1b\n|-damage|p1a: Farigiraf|65/100\n|-damage|p1b: Kyogre|36/100\n|\n|upkeep\n|turn|4\n|\n|t:|1772829673\n|switch|p1b: Sneasler|Sneasler, L50, M|54/100\n|move|p2a: Hitmontop|Wide Guard|p2a: Hitmontop\n|-singleturn|p2a: Hitmontop|Wide Guard\n|move|p2b: Terapagos|Tera Starstorm|p1b: Sneasler|[spread] p1a,p1b\n|-damage|p1a: Farigiraf|24/100\n|-damage|p1b: Sneasler|6/100\n|move|p1a: Farigiraf|Hyper Voice|p2a: Hitmontop|[spread] \n|-activate|p2a: Hitmontop|move: Wide Guard\n|-activate|p2b: Terapagos|move: Wide Guard\n|\n|upkeep\n|turn|5\n|inactive|g0dGun has 30 seconds left.\n|inactive|Javike has 30 seconds left.\n|inactive|g0dGun has 20 seconds left.\n|inactive|g0dGun has 15 seconds left.\n|\n|t:|1772829716\n|switch|p2a: Calyrex|Calyrex-Shadow, L50|100/100\n|-ability|p2a: Calyrex|As One\n|-ability|p2a: Calyrex|Unnerve\n|switch|p1a: Miraidon|Miraidon, L50|100/100\n|-fieldstart|move: Electric Terrain|[from] ability: Hadron Engine|[of] p1a: Miraidon\n|move|p1b: Sneasler|Fake Out|p2b: Terapagos\n|-damage|p2b: Terapagos|16/100\n|cant|p2b: Terapagos|flinch\n|\n|upkeep\n|turn|6\n|inactive|Javike has 30 seconds left.\n|\n|t:|1772829741\n|switch|p1b: Farigiraf|Farigiraf, L50, M|24/100\n|-terastallize|p1a: Miraidon|Fairy\n|move|p2b: Terapagos|Earth Power|p1a: Miraidon\n|-damage|p1a: Miraidon|63/100\n|move|p2a: Calyrex|Astral Barrage|p1a: Miraidon|[spread] p1a\n|-immune|p1b: Farigiraf\n|-crit|p1a: Miraidon\n|-damage|p1a: Miraidon|0 fnt\n|faint|p1a: Miraidon\n|-ability|p2a: Calyrex|Grim Neigh|boost\n|-boost|p2a: Calyrex|spa|1\n|\n|upkeep\n|\n|t:|1772829763\n|switch|p1a: Kyogre|Kyogre, L50|36/100\n|-weather|RainDance|[from] ability: Drizzle|[of] p1a: Kyogre\n|turn|7\n|\n|t:|1772829773\n|move|p2b: Terapagos|Protect|p2b: Terapagos\n|-singleturn|p2b: Terapagos|Protect\n|move|p1a: Kyogre|Origin Pulse|p2a: Calyrex|[spread] p2a\n|-activate|p2b: Terapagos|move: Protect\n|-damage|p2a: Calyrex|25/100\n|move|p2a: Calyrex|Psychic|p1a: Kyogre\n|-damage|p1a: Kyogre|0 fnt\n|faint|p1a: Kyogre\n|-ability|p2a: Calyrex|Grim Neigh|boost\n|-boost|p2a: Calyrex|spa|1\n|move|p1b: Farigiraf|Shadow Ball|p2a: Calyrex\n|-supereffective|p2a: Calyrex\n|-damage|p2a: Calyrex|0 fnt\n|faint|p2a: Calyrex\n|\n|-weather|RainDance|[upkeep]\n|upkeep\n|inactive|Javike has 30 seconds left.\n|\n|t:|1772829801\n|switch|p2a: Hitmontop|Hitmontop, L50, M|85/100\n|switch|p1a: Sneasler|Sneasler, L50, M|6/100\n|-ability|p2a: Hitmontop|Intimidate|boost\n|-unboost|p1a: Sneasler|atk|1\n|-unboost|p1b: Farigiraf|atk|1\n|turn|8\n|\n|t:|1772829815\n|move|p1a: Sneasler|Fake Out|p2b: Terapagos\n|-damage|p2b: Terapagos|9/100\n|move|p2a: Hitmontop|Wide Guard|p2a: Hitmontop\n|-singleturn|p2a: Hitmontop|Wide Guard\n|cant|p2b: Terapagos|flinch\n|move|p1b: Farigiraf|Hyper Voice|p2a: Hitmontop|[spread] \n|-activate|p2a: Hitmontop|move: Wide Guard\n|-activate|p2b: Terapagos|move: Wide Guard\n|\n|-weather|RainDance|[upkeep]\n|upkeep\n|turn|9\n|\n|t:|1772829840\n|move|p2b: Terapagos|Tera Starstorm|p1b: Farigiraf|[spread] p1a,p1b\n|-damage|p1a: Sneasler|0 fnt\n|-damage|p1b: Farigiraf|0 fnt\n|faint|p1a: Sneasler\n|faint|p1b: Farigiraf\n|\n|win|g0dGun\n|raw|Javike's rating: 1332 &rarr; <strong>1316</strong><br />(-16 for losing)\n|raw|g0dGun's rating: 1400 &rarr; <strong>1416</strong><br />(+16 for winning)\n|l|\u2606Javike\n|player|p1|\n","uploadtime":1772829853,"views":15,"formatid":"gen9vgc2026regi","rating":1316,"private":0,"password":null}