{"id":"gen9vgc2026regi-2580076956","format":"[Gen 9] VGC 2026 Reg I","players":["sunny_zong4","mvba"],"log":"|j|\u2606sunny_zong4\n|j|\u2606mvba\n|t:|1775852002\n|gametype|doubles\n|player|p1|sunny_zong4|265|1401\n|player|p2|mvba|265|1332\n|gen|9\n|tier|[Gen 9] VGC 2026 Reg I\n|rated|\n|rule|Species Clause: Limit one of each Pok\u00e9mon\n|rule|Item Clause: Limit 1 of each item\n|clearpoke\n|poke|p1|Grimmsnarl, L50, M|\n|poke|p1|Miraidon, L50|\n|poke|p1|Groudon, L50|\n|poke|p1|Wo-Chien, L50|\n|poke|p1|Ting-Lu, L50|\n|poke|p1|Landorus-Therian, L50, M|\n|poke|p2|Lilligant-Hisui, L50, F|\n|poke|p2|Flutter Mane, L50|\n|poke|p2|Avalugg-Hisui, L50, F|\n|poke|p2|Koraidon, L50|\n|poke|p2|Calyrex-Shadow, L50|\n|poke|p2|Entei, L50|\n|teampreview|4\n|inactive|Battle timer is ON: inactive players will automatically lose when time's up. (requested by sunny_zong4)\n|inactive|mvba has 60 seconds left.\n|\n|t:|1775852047\n|teamsize|p1|4\n|teamsize|p2|4\n|start\n|switch|p1a: Wo-Chien|Wo-Chien, L50|100/100\n|switch|p1b: Grimmsnarl|Grimmsnarl, L50, M|100/100\n|switch|p2a: Lilligant|Lilligant-Hisui, L50, F|100/100\n|switch|p2b: Koraidon|Koraidon, L50|100/100\n|-weather|SunnyDay|[from] ability: Orichalcum Pulse|[of] p2b: Koraidon\n|-activate|p2b: Koraidon|Orichalcum Pulse|[source]\n|-ability|p1a: Wo-Chien|Tablets of Ruin\n|turn|1\n|\n|t:|1775852066\n|move|p2b: Koraidon|Protect|p2b: Koraidon\n|-singleturn|p2b: Koraidon|Protect\n|move|p1a: Wo-Chien|Protect|p1a: Wo-Chien\n|-singleturn|p1a: Wo-Chien|Protect\n|move|p1b: Grimmsnarl|Reflect|p1b: Grimmsnarl\n|-sidestart|p1: sunny_zong4|Reflect\n|move|p2a: Lilligant|Sleep Powder|p1b: Grimmsnarl\n|-status|p1b: Grimmsnarl|slp|[from] move: Sleep Powder\n|\n|-weather|SunnyDay|[upkeep]\n|upkeep\n|turn|2\n|inactive|sunny_zong4 has 30 seconds left.\n|inactive|sunny_zong4 has 20 seconds left.\n|\n|t:|1775852101\n|switch|p1a: Groudon|Groudon, L50|100/100\n|cant|p1b: Grimmsnarl|slp\n|move|p2a: Lilligant|Leaf Blade|p1b: Grimmsnarl\n|-damage|p1b: Grimmsnarl|70/100 slp\n|move|p2b: Koraidon|Close Combat|p1a: Groudon\n|-damage|p1a: Groudon|62/100\n|-unboost|p2b: Koraidon|def|1\n|-unboost|p2b: Koraidon|spd|1\n|\n|-weather|SunnyDay|[upkeep]\n|upkeep\n|turn|3\n|\n|t:|1775852119\n|-terastallize|p1a: Groudon|Fire\n|-curestatus|p1b: Grimmsnarl|slp|[msg]\n|move|p1b: Grimmsnarl|Light Screen|p1b: Grimmsnarl\n|-sidestart|p1: sunny_zong4|move: Light Screen\n|move|p2a: Lilligant|Sleep Powder|p1a: Groudon|[miss]\n|-miss|p2a: Lilligant|p1a: Groudon\n|move|p2b: Koraidon|Close Combat|p1b: Grimmsnarl\n|-damage|p1b: Grimmsnarl|0 fnt\n|-unboost|p2b: Koraidon|def|1\n|-unboost|p2b: Koraidon|spd|1\n|faint|p1b: Grimmsnarl\n|move|p1a: Groudon|Precipice Blades|p2a: Lilligant|[spread] p2b\n|-miss|p1a: Groudon|p2a: Lilligant\n|-damage|p2b: Koraidon|0 fnt\n|faint|p2b: Koraidon\n|\n|-weather|SunnyDay|[upkeep]\n|upkeep\n|inactive|sunny_zong4 has 30 seconds left.\n|\n|t:|1775852151\n|switch|p2b: Calyrex|Calyrex-Shadow, L50|100/100\n|switch|p1b: Wo-Chien|Wo-Chien, L50|100/100\n|-ability|p2b: Calyrex|As One\n|-ability|p2b: Calyrex|Unnerve\n|-ability|p1b: Wo-Chien|Tablets of Ruin\n|turn|4\n|inactive|mvba has 30 seconds left.\n|\n|t:|1775852178\n|switch|p1a: Miraidon|Miraidon, L50|100/100\n|-fieldstart|move: Electric Terrain|[from] ability: Hadron Engine|[of] p1a: Miraidon\n|move|p2b: Calyrex|Protect|p2b: Calyrex\n|-singleturn|p2b: Calyrex|Protect\n|move|p2a: Lilligant|Close Combat|p1b: Wo-Chien\n|-supereffective|p1b: Wo-Chien\n|-damage|p1b: Wo-Chien|52/100\n|-unboost|p2a: Lilligant|def|1\n|-unboost|p2a: Lilligant|spd|1\n|move|p1b: Wo-Chien|Snarl|p2a: Lilligant|[spread] p2a\n|-activate|p2b: Calyrex|move: Protect\n|-resisted|p2a: Lilligant\n|-damage|p2a: Lilligant|86/100\n|-unboost|p2a: Lilligant|spa|1\n|\n|-weather|SunnyDay|[upkeep]\n|-heal|p1b: Wo-Chien|58/100|[from] item: Leftovers\n|upkeep\n|turn|5\n|inactive|sunny_zong4 has 30 seconds left.\n|inactive|mvba has 30 seconds left.\n|\n|t:|1775852210\n|move|p1b: Wo-Chien|Protect|p1b: Wo-Chien\n|-singleturn|p1b: Wo-Chien|Protect\n|move|p2a: Lilligant|Leaf Blade|p1b: Wo-Chien\n|-activate|p1b: Wo-Chien|move: Protect\n|move|p2b: Calyrex|Astral Barrage|p1a: Miraidon|[spread] p1a\n|-activate|p1b: Wo-Chien|move: Protect\n|-damage|p1a: Miraidon|70/100\n|move|p1a: Miraidon|Dazzling Gleam|p2a: Lilligant|[spread] p2a,p2b\n|-supereffective|p2a: Lilligant\n|-crit|p2b: Calyrex\n|-damage|p2a: Lilligant|0 fnt\n|-damage|p2b: Calyrex|39/100\n|faint|p2a: Lilligant\n|-damage|p1a: Miraidon|60/100|[from] item: Life Orb\n|\n|-weather|none\n|-heal|p1b: Wo-Chien|65/100|[from] item: Leftovers\n|upkeep\n|\n|t:|1775852227\n|switch|p2a: Flutter Mane|Flutter Mane, L50|100/100\n|turn|6\n|\n|t:|1775852238\n|move|p2b: Calyrex|Astral Barrage|p1b: Wo-Chien|[spread] p1a,p1b\n|-resisted|p1b: Wo-Chien\n|-damage|p1a: Miraidon|28/100\n|-damage|p1b: Wo-Chien|54/100\n|move|p2a: Flutter Mane|Dazzling Gleam|p1b: Wo-Chien|[spread] p1a,p1b\n|-supereffective|p1a: Miraidon\n|-supereffective|p1b: Wo-Chien\n|-damage|p1a: Miraidon|0 fnt\n|-damage|p1b: Wo-Chien|18/100\n|faint|p1a: Miraidon\n|move|p1b: Wo-Chien|Snarl|p2b: Calyrex|[spread] p2a,p2b\n|-supereffective|p2b: Calyrex\n|-damage|p2a: Flutter Mane|84/100\n|-damage|p2b: Calyrex|0 fnt\n|-unboost|p2a: Flutter Mane|spa|1\n|faint|p2b: Calyrex\n|\n|-heal|p1b: Wo-Chien|24/100|[from] item: Leftovers\n|upkeep\n|\n|t:|1775852240\n|switch|p1a: Groudon|Groudon, L50, tera:Fire|62/100\n|-weather|SunnyDay|[from] ability: Drought|[of] p1a: Groudon\n|-activate|p2a: Flutter Mane|ability: Protosynthesis\n|-start|p2a: Flutter Mane|protosynthesisspe\n|turn|7\n|-message|mvba forfeited.\n|\n|win|sunny_zong4\n|raw|sunny_zong4's rating: 1401 &rarr; <strong>1417</strong><br />(+16 for winning)\n|raw|mvba's rating: 1332 &rarr; <strong>1316</strong><br />(-16 for losing)\n|l|\u2606mvba\n|player|p2|\n|l|\u2606sunny_zong4\n|player|p1|\n","uploadtime":1775852438,"views":14,"formatid":"gen9vgc2026regi","rating":1316,"private":0,"password":null}