{"id":"gen9vgc2026regi-2550035753","format":"[Gen 9] VGC 2026 Reg I","players":["b3testing","BHeast42"],"log":"|j|\u2606b3testing\n|j|\u2606BHeast42\n|t:|1772445452\n|gametype|doubles\n|player|p1|b3testing|266|1447\n|player|p2|BHeast42|102|1397\n|gen|9\n|tier|[Gen 9] VGC 2026 Reg I\n|rated|\n|rule|Species Clause: Limit one of each Pok\u00e9mon\n|rule|Item Clause: Limit 1 of each item\n|clearpoke\n|poke|p1|Terapagos, L50, M|\n|poke|p1|Calyrex-Shadow, L50|\n|poke|p1|Incineroar, L50, F|\n|poke|p1|Amoonguss, L50, F|\n|poke|p1|Tornadus, L50, M|\n|poke|p1|Smeargle, L50, F|\n|poke|p2|Koraidon, L50|\n|poke|p2|Entei, L50|\n|poke|p2|Rillaboom, L50, M|\n|poke|p2|Raging Bolt, L50|\n|poke|p2|Calyrex-Shadow, L50|\n|poke|p2|Walking Wake, L50|\n|teampreview|4\n|inactive|Battle timer is ON: inactive players will automatically lose when time's up. (requested by b3testing)\n|inactive|BHeast42 also wants the timer to be on.\n|inactive|b3testing has 60 seconds left.\n|\n|t:|1772445484\n|teamsize|p1|4\n|teamsize|p2|4\n|start\n|switch|p1a: Smeargle|Smeargle, L50, F|100/100\n|switch|p1b: Terapagos|Terapagos, L50, M|100/100\n|switch|p2a: Calyrex|Calyrex-Shadow, L50|100/100\n|switch|p2b: Entei|Entei, L50|100/100\n|-activate|p1b: Terapagos|ability: Tera Shift\n|detailschange|p1b: Terapagos|Terapagos-Terastal, L50, M\n|-heal|p1b: Terapagos|100/100|[silent]\n|-ability|p2a: Calyrex|As One\n|-ability|p2a: Calyrex|Unnerve\n|turn|1\n|\n|t:|1772445503\n|switch|p1a: Incineroar|Incineroar, L50, F|100/100\n|-ability|p1a: Incineroar|Intimidate|boost\n|-unboost|p2a: Calyrex|atk|1\n|-fail|p2b: Entei|unboost|Attack|[from] ability: Inner Focus|[of] p2b: Entei\n|move|p1b: Terapagos|Protect|p1b: Terapagos\n|-singleturn|p1b: Terapagos|Protect\n|move|p2a: Calyrex|Psychic|p1a: Incineroar\n|-immune|p1a: Incineroar\n|move|p2b: Entei|Snarl|p1a: Incineroar|[spread] p1a\n|-activate|p1b: Terapagos|move: Protect\n|-resisted|p1a: Incineroar\n|-damage|p1a: Incineroar|99/100\n|-unboost|p1a: Incineroar|spa|1\n|\n|upkeep\n|turn|2\n|\n|t:|1772445521\n|move|p2a: Calyrex|Protect|p2a: Calyrex\n|-singleturn|p2a: Calyrex|Protect\n|move|p2b: Entei|Snarl|p1b: Terapagos|[spread] p1a,p1b\n|-resisted|p1a: Incineroar\n|-activate|p1b: Terapagos|ability: Tera Shell\n|-resisted|p1b: Terapagos\n|-damage|p1a: Incineroar|96/100\n|-damage|p1b: Terapagos|97/100\n|-unboost|p1a: Incineroar|spa|1\n|move|p1b: Terapagos|Calm Mind|p1b: Terapagos\n|-boost|p1b: Terapagos|spa|1\n|-boost|p1b: Terapagos|spd|1\n|move|p1a: Incineroar|Knock Off|p2a: Calyrex\n|-activate|p2a: Calyrex|move: Protect\n|\n|upkeep\n|turn|3\n|inactive|b3testing has 30 seconds left.\n|\n|t:|1772445546\n|move|p1b: Terapagos|Protect|p1b: Terapagos\n|-singleturn|p1b: Terapagos|Protect\n|move|p2a: Calyrex|Psychic|p1b: Terapagos\n|-activate|p1b: Terapagos|move: Protect\n|move|p2b: Entei|Sacred Fire|p1b: Terapagos\n|-activate|p1b: Terapagos|move: Protect\n|move|p1a: Incineroar|Knock Off|p2a: Calyrex\n|-supereffective|p2a: Calyrex\n|-enditem|p2a: Calyrex|Focus Sash\n|-damage|p2a: Calyrex|1/100\n|\n|upkeep\n|turn|4\n|\n|t:|1772445568\n|move|p2a: Calyrex|Psychic|p1b: Terapagos\n|-damage|p1b: Terapagos|63/100\n|move|p2b: Entei|Sacred Fire|p1b: Terapagos\n|-damage|p1b: Terapagos|23/100\n|move|p1b: Terapagos|Earth Power|p2b: Entei\n|-supereffective|p2b: Entei\n|-damage|p2b: Entei|46/100\n|move|p1a: Incineroar|U-turn|p2a: Calyrex\n|-damage|p2a: Calyrex|0 fnt\n|faint|p2a: Calyrex\n|\n|t:|1772445574\n|switch|p1a: Smeargle|Smeargle, L50, F|100/100|[from] U-turn\n|\n|-ability|p1a: Smeargle|Moody|boost\n|-boost|p1a: Smeargle|spe|2\n|-unboost|p1a: Smeargle|def|1\n|upkeep\n|\n|t:|1772445586\n|switch|p2a: Koraidon|Koraidon, L50|100/100\n|-weather|SunnyDay|[from] ability: Orichalcum Pulse|[of] p2a: Koraidon\n|-activate|p2a: Koraidon|Orichalcum Pulse|[source]\n|turn|5\n|\n|t:|1772445598\n|switch|p2a: Walking Wake|Walking Wake, L50|100/100\n|-activate|p2a: Walking Wake|ability: Protosynthesis\n|-start|p2a: Walking Wake|protosynthesisspe\n|-terastallize|p1b: Terapagos|Stellar\n|detailschange|p1b: Terapagos|Terapagos-Stellar, L50, M, tera:Stellar\n|-heal|p1b: Terapagos|42/100|[silent]\n|-ability|p1b: Terapagos|Teraform Zero\n|-weather|none\n|-end|p2a: Walking Wake|Protosynthesis\n|move|p1a: Smeargle|Spore|p2a: Walking Wake\n|-status|p2a: Walking Wake|slp|[from] move: Spore\n|move|p2b: Entei|Sacred Fire|p1b: Terapagos\n|-damage|p1b: Terapagos|7/100\n|move|p1b: Terapagos|Tera Starstorm|p2b: Entei|[spread] p2a,p2b\n|-damage|p2a: Walking Wake|33/100 slp\n|-damage|p2b: Entei|4/100\n|\n|-ability|p1a: Smeargle|Moody|boost\n|-boost|p1a: Smeargle|def|2\n|-unboost|p1a: Smeargle|spe|1\n|upkeep\n|turn|6\n|\n|t:|1772445622\n|move|p1b: Terapagos|Protect|p1b: Terapagos\n|-singleturn|p1b: Terapagos|Protect\n|move|p2b: Entei|Extreme Speed|p1b: Terapagos\n|-activate|p1b: Terapagos|move: Protect\n|move|p1a: Smeargle|Spore|p2b: Entei\n|-status|p2b: Entei|slp|[from] move: Spore\n|cant|p2a: Walking Wake|slp\n|\n|-ability|p1a: Smeargle|Moody|boost\n|-boost|p1a: Smeargle|spa|2\n|-unboost|p1a: Smeargle|spe|1\n|upkeep\n|turn|7\n|\n|t:|1772445640\n|switch|p2b: Koraidon|Koraidon, L50|100/100\n|-weather|SunnyDay|[from] ability: Orichalcum Pulse|[of] p2b: Koraidon\n|-activate|p2a: Walking Wake|ability: Protosynthesis\n|-start|p2a: Walking Wake|protosynthesisspe\n|-activate|p2b: Koraidon|Orichalcum Pulse|[source]\n|move|p1a: Smeargle|Follow Me|p1a: Smeargle\n|-singleturn|p1a: Smeargle|move: Follow Me\n|-curestatus|p2a: Walking Wake|slp|[msg]\n|move|p2a: Walking Wake|Hydro Steam|p1a: Smeargle\n|-enditem|p1a: Smeargle|Focus Sash\n|-damage|p1a: Smeargle|1/100\n|move|p1b: Terapagos|Tera Starstorm|p2b: Koraidon|[spread] p2a,p2b\n|-damage|p2a: Walking Wake|0 fnt\n|-damage|p2b: Koraidon|45/100\n|faint|p2a: Walking Wake\n|-end|p2a: Walking Wake|Protosynthesis|[silent]\n|\n|-weather|SunnyDay|[upkeep]\n|-ability|p1a: Smeargle|Moody|boost\n|-boost|p1a: Smeargle|def|2\n|-unboost|p1a: Smeargle|spe|1\n|upkeep\n|\n|t:|1772445658\n|switch|p2a: Entei|Entei, L50|4/100 slp\n|turn|8\n|\n|t:|1772445667\n|cant|p2a: Entei|slp\n|move|p1a: Smeargle|Follow Me|p1a: Smeargle\n|-singleturn|p1a: Smeargle|move: Follow Me\n|move|p2b: Koraidon|Flame Charge|p1a: Smeargle\n|-damage|p1a: Smeargle|0 fnt\n|-boost|p2b: Koraidon|spe|1\n|faint|p1a: Smeargle\n|move|p1b: Terapagos|Tera Starstorm|p2a: Entei|[spread] p2a,p2b\n|-crit|p2b: Koraidon\n|-damage|p2a: Entei|0 fnt\n|-damage|p2b: Koraidon|0 fnt\n|faint|p2a: Entei\n|faint|p2b: Koraidon\n|\n|win|b3testing\n|raw|b3testing's rating: 1447 &rarr; <strong>1464</strong><br />(+17 for winning)\n|raw|BHeast42's rating: 1397 &rarr; <strong>1380</strong><br />(-17 for losing)\n|l|\u2606BHeast42\n|player|p2|\n|l|\u2606b3testing\n|player|p1|\n","uploadtime":1772445846,"views":9,"formatid":"gen9vgc2026regi","rating":1380,"private":0,"password":null}