{"id":"gen9vgc2026regi-2540378536","format":"[Gen 9] VGC 2026 Reg I","players":["trbroisbro","SEITA"],"log":"|j|\u2606trbroisbro\n|j|\u2606SEITA\n|t:|1771194859\n|gametype|doubles\n|player|p1|trbroisbro|266|1353\n|player|p2|SEITA|lucas-gen4pt|1460\n|gen|9\n|tier|[Gen 9] VGC 2026 Reg I\n|rated|\n|rule|Species Clause: Limit one of each Pok\u00e9mon\n|rule|Item Clause: Limit 1 of each item\n|clearpoke\n|poke|p1|Koraidon, L50|\n|poke|p1|Flutter Mane, L50|\n|poke|p1|Brute Bonnet, L50|\n|poke|p1|Raging Bolt, L50|\n|poke|p1|Incineroar, L50, F|\n|poke|p1|Solgaleo, L50|\n|poke|p2|Zamazenta-*, L50|\n|poke|p2|Kyogre, L50|\n|poke|p2|Wo-Chien, L50|\n|poke|p2|Grimmsnarl, L50, M|\n|poke|p2|Rhyperior, L50, F|\n|poke|p2|Ditto, L50|\n|teampreview|4\n|\n|t:|1771194896\n|teamsize|p1|4\n|teamsize|p2|4\n|start\n|switch|p1a: Brute Bonnet|Brute Bonnet, L50|100/100\n|switch|p1b: Raging Bolt|Raging Bolt, L50|100/100\n|switch|p2a: Grimmsnarl|Grimmsnarl, L50, M|100/100\n|switch|p2b: Zamazenta|Zamazenta-Crowned, L50|100/100\n|-ability|p2b: Zamazenta|Dauntless Shield|boost\n|-boost|p2b: Zamazenta|def|1\n|turn|1\n|inactive|Battle timer is ON: inactive players will automatically lose when time's up. (requested by trbroisbro)\n|\n|t:|1771194923\n|-terastallize|p2b: Zamazenta|Grass\n|-terastallize|p1a: Brute Bonnet|Grass\n|move|p2a: Grimmsnarl|Light Screen|p2a: Grimmsnarl\n|-sidestart|p2: SEITA|move: Light Screen\n|move|p2b: Zamazenta|Iron Defense|p2b: Zamazenta\n|-boost|p2b: Zamazenta|def|2\n|move|p1b: Raging Bolt|Thunderbolt|p2a: Grimmsnarl\n|-damage|p2a: Grimmsnarl|58/100\n|move|p1a: Brute Bonnet|Seed Bomb|p2a: Grimmsnarl\n|-damage|p2a: Grimmsnarl|17/100\n|\n|upkeep\n|turn|2\n|inactive|trbroisbro has 30 seconds left.\n|\n|t:|1771194951\n|move|p2a: Grimmsnarl|Reflect|p2a: Grimmsnarl\n|-sidestart|p2: SEITA|Reflect\n|move|p2b: Zamazenta|Iron Defense|p2b: Zamazenta\n|-boost|p2b: Zamazenta|def|2\n|move|p1b: Raging Bolt|Thunderbolt|p2b: Zamazenta\n|-resisted|p2b: Zamazenta\n|-damage|p2b: Zamazenta|89/100\n|-status|p2b: Zamazenta|par\n|move|p1a: Brute Bonnet|Seed Bomb|p2a: Grimmsnarl\n|-damage|p2a: Grimmsnarl|0 fnt\n|faint|p2a: Grimmsnarl\n|\n|upkeep\n|\n|t:|1771194965\n|switch|p2a: Kyogre|Kyogre, L50|100/100\n|-weather|RainDance|[from] ability: Drizzle|[of] p2a: Kyogre\n|turn|3\n|\n|t:|1771194971\n|-end|p1a: Brute Bonnet|Protosynthesis|[silent]\n|switch|p1a: Koraidon|Koraidon, L50|100/100\n|-weather|SunnyDay|[from] ability: Orichalcum Pulse|[of] p1a: Koraidon\n|-activate|p1b: Raging Bolt|ability: Protosynthesis\n|-start|p1b: Raging Bolt|protosynthesisspa\n|-activate|p1a: Koraidon|Orichalcum Pulse|[source]\n|move|p2a: Kyogre|Protect|p2a: Kyogre\n|-singleturn|p2a: Kyogre|Protect\n|move|p1b: Raging Bolt|Tera Blast|p2b: Zamazenta\n|-damage|p2b: Zamazenta|70/100 par\n|move|p2b: Zamazenta|Body Press|p1a: Koraidon\n|-damage|p1a: Koraidon|0 fnt\n|faint|p1a: Koraidon\n|\n|-weather|SunnyDay|[upkeep]\n|upkeep\n|\n|t:|1771194991\n|switch|p1a: Brute Bonnet|Brute Bonnet, L50, tera:Grass|100/100\n|-activate|p1a: Brute Bonnet|ability: Protosynthesis\n|-start|p1a: Brute Bonnet|protosynthesisatk\n|turn|4\n|\n|t:|1771195006\n|switch|p2a: Wo-Chien|Wo-Chien, L50|100/100\n|-ability|p2a: Wo-Chien|Tablets of Ruin\n|move|p2b: Zamazenta|Protect|p2b: Zamazenta\n|-singleturn|p2b: Zamazenta|Protect\n|move|p1a: Brute Bonnet|Sucker Punch||[still]\n|-fail|p1a: Brute Bonnet\n|move|p1b: Raging Bolt|Draco Meteor|p2b: Zamazenta\n|-activate|p2b: Zamazenta|move: Protect\n|\n|-weather|SunnyDay|[upkeep]\n|upkeep\n|turn|5\n|\n|t:|1771195027\n|switch|p2a: Kyogre|Kyogre, L50|100/100\n|-weather|RainDance|[from] ability: Drizzle|[of] p2a: Kyogre\n|-end|p1b: Raging Bolt|Protosynthesis\n|-end|p1a: Brute Bonnet|Protosynthesis\n|move|p1b: Raging Bolt|Draco Meteor|p2b: Zamazenta|[miss]\n|-miss|p1b: Raging Bolt|p2b: Zamazenta\n|move|p2b: Zamazenta|Body Press|p1b: Raging Bolt\n|-damage|p1b: Raging Bolt|0 fnt\n|faint|p1b: Raging Bolt\n|-end|p1b: Raging Bolt|Protosynthesis|[silent]\n|move|p1a: Brute Bonnet|Spore|p2a: Kyogre\n|-status|p2a: Kyogre|slp|[from] move: Spore\n|\n|-weather|RainDance|[upkeep]\n|upkeep\n|\n|t:|1771195035\n|switch|p1b: Solgaleo|Solgaleo, L50|100/100\n|turn|6\n|\n|t:|1771195053\n|move|p1a: Brute Bonnet|Sucker Punch|p2b: Zamazenta\n|-damage|p2b: Zamazenta|66/100 par\n|move|p1b: Solgaleo|Sunsteel Strike|p2b: Zamazenta\n|-damage|p2b: Zamazenta|60/100 par\n|cant|p2a: Kyogre|slp\n|move|p2b: Zamazenta|Body Press|p1a: Brute Bonnet\n|-damage|p1a: Brute Bonnet|0 fnt\n|faint|p1a: Brute Bonnet\n|-end|p1a: Brute Bonnet|Protosynthesis|[silent]\n|\n|-weather|RainDance|[upkeep]\n|upkeep\n|turn|7\n|-message|trbroisbro forfeited.\n|\n|win|SEITA\n|raw|trbroisbro's rating: 1353 &rarr; <strong>1339</strong><br />(-14 for losing)\n|raw|SEITA's rating: 1460 &rarr; <strong>1474</strong><br />(+14 for winning)\n|l|\u2606trbroisbro\n|player|p1|\n|l|\u2606SEITA\n|player|p2|\n","uploadtime":1771195295,"views":38,"formatid":"gen9vgc2026regi","rating":1339,"private":0,"password":null}