{"id":"gen9vgc2026regi-2525847312","format":"[Gen 9] VGC 2026 Reg I","players":["hegelian anprim","blackred123"],"log":"|j|\u2606hegelian anprim\n|j|\u2606blackred123\n|t:|1769339002\n|gametype|doubles\n|player|p1|hegelian anprim|hilbert|1191\n|player|p2|blackred123|iono-masters|1255\n|gen|9\n|tier|[Gen 9] VGC 2026 Reg I\n|rated|\n|rule|Species Clause: Limit one of each Pok\u00e9mon\n|rule|Item Clause: Limit 1 of each item\n|clearpoke\n|poke|p1|Weezing-Galar, L50, M|\n|poke|p1|Calyrex-Shadow, L50|\n|poke|p1|Chi-Yu, L50|\n|poke|p1|Koraidon, L50|\n|poke|p1|Tornadus, L50, M|\n|poke|p1|Iron Treads, L50|\n|poke|p2|Zamazenta-*, L50|\n|poke|p2|Calyrex-Shadow, L50|\n|poke|p2|Tornadus, L50, M|\n|poke|p2|Rillaboom, L50, F|\n|poke|p2|Smeargle, L50, M|\n|poke|p2|Raging Bolt, L50|\n|teampreview|4\n|inactive|Battle timer is ON: inactive players will automatically lose when time's up. (requested by hegelian anprim)\n|inactive|blackred123 also wants the timer to be on.\n|\n|t:|1769339021\n|teamsize|p1|4\n|teamsize|p2|4\n|start\n|switch|p1a: Tornadus|Tornadus, L50, M|100/100\n|switch|p1b: Calyrex|Calyrex-Shadow, L50|100/100\n|switch|p2a: \u9a6c\u6b7b\u4e86|Calyrex-Shadow, L50|100/100\n|switch|p2b: \u7d2b\u5c3e\u723d\u98de|Tornadus, L50, M|100/100\n|-ability|p1b: Calyrex|As One\n|-ability|p1b: Calyrex|Unnerve\n|-ability|p2a: \u9a6c\u6b7b\u4e86|As One\n|-ability|p2a: \u9a6c\u6b7b\u4e86|Unnerve\n|turn|1\n|\n|t:|1769339038\n|-terastallize|p2a: \u9a6c\u6b7b\u4e86|Dark\n|-terastallize|p1a: Tornadus|Dark\n|move|p1b: Calyrex|Protect|p1b: Calyrex\n|-singleturn|p1b: Calyrex|Protect\n|move|p1a: Tornadus|Taunt|p2b: \u7d2b\u5c3e\u723d\u98de\n|-start|p2b: \u7d2b\u5c3e\u723d\u98de|move: Taunt\n|cant|p2b: \u7d2b\u5c3e\u723d\u98de|move: Taunt|Taunt\n|move|p2a: \u9a6c\u6b7b\u4e86|Nasty Plot|p2a: \u9a6c\u6b7b\u4e86\n|-boost|p2a: \u9a6c\u6b7b\u4e86|spa|2\n|\n|upkeep\n|turn|2\n|\n|t:|1769339056\n|move|p1a: Tornadus|Tailwind|p1a: Tornadus\n|-sidestart|p1: hegelian anprim|move: Tailwind\n|move|p1b: Calyrex|Draining Kiss|p2a: \u9a6c\u6b7b\u4e86\n|-supereffective|p2a: \u9a6c\u6b7b\u4e86\n|-damage|p2a: \u9a6c\u6b7b\u4e86|65/100\n|move|p2a: \u9a6c\u6b7b\u4e86|Astral Barrage|p1a: Tornadus|[spread] p1a,p1b\n|-resisted|p1a: Tornadus\n|-supereffective|p1b: Calyrex\n|-damage|p1a: Tornadus|24/100\n|-enditem|p1b: Calyrex|Focus Sash\n|-damage|p1b: Calyrex|1/100\n|-damage|p2a: \u9a6c\u6b7b\u4e86|55/100|[from] item: Life Orb\n|move|p2b: \u7d2b\u5c3e\u723d\u98de|Bleakwind Storm|p1a: Tornadus|[spread] p1b\n|-miss|p2b: \u7d2b\u5c3e\u723d\u98de|p1a: Tornadus\n|-damage|p1b: Calyrex|0 fnt\n|faint|p1b: Calyrex\n|\n|upkeep\n|\n|t:|1769339075\n|switch|p1b: Koraidon|Koraidon, L50|100/100\n|-weather|SunnyDay|[from] ability: Orichalcum Pulse|[of] p1b: Koraidon\n|-activate|p1b: Koraidon|Orichalcum Pulse|[source]\n|turn|3\n|\n|t:|1769339087\n|switch|p2b: \u7acb\u4e86|Raging Bolt, L50|100/100\n|-activate|p2b: \u7acb\u4e86|ability: Protosynthesis\n|-start|p2b: \u7acb\u4e86|protosynthesisspa\n|move|p2a: \u9a6c\u6b7b\u4e86|Protect|p2a: \u9a6c\u6b7b\u4e86\n|-singleturn|p2a: \u9a6c\u6b7b\u4e86|Protect\n|move|p1b: Koraidon|Flare Blitz|p2a: \u9a6c\u6b7b\u4e86\n|-activate|p2a: \u9a6c\u6b7b\u4e86|move: Protect\n|move|p1a: Tornadus|Bleakwind Storm|p2b: \u7acb\u4e86|[spread] p2b\n|-activate|p2a: \u9a6c\u6b7b\u4e86|move: Protect\n|-resisted|p2b: \u7acb\u4e86\n|-damage|p2b: \u7acb\u4e86|88/100\n|-unboost|p2b: \u7acb\u4e86|spe|1\n|\n|-weather|SunnyDay|[upkeep]\n|upkeep\n|turn|4\n|inactive|hegelian anprim has 30 seconds left.\n|inactive|blackred123 has 30 seconds left.\n|inactive|hegelian anprim has 20 seconds left.\n|\n|t:|1769339123\n|move|p1a: Tornadus|Rain Dance|p1a: Tornadus\n|-weather|RainDance\n|-end|p2b: \u7acb\u4e86|Protosynthesis\n|-enditem|p2b: \u7acb\u4e86|Booster Energy\n|-activate|p2b: \u7acb\u4e86|ability: Protosynthesis|[fromitem]\n|-start|p2b: \u7acb\u4e86|protosynthesisspa\n|move|p2b: \u7acb\u4e86|Thunderclap||[still]\n|-fail|p2b: \u7acb\u4e86\n|move|p1b: Koraidon|Flare Blitz|p2a: \u9a6c\u6b7b\u4e86\n|-damage|p2a: \u9a6c\u6b7b\u4e86|32/100\n|-status|p2a: \u9a6c\u6b7b\u4e86|brn\n|-damage|p1b: Koraidon|92/100|[from] Recoil\n|move|p2a: \u9a6c\u6b7b\u4e86|Psychic|p1b: Koraidon\n|-supereffective|p1b: Koraidon\n|-damage|p1b: Koraidon|0 fnt\n|faint|p1b: Koraidon\n|-ability|p2a: \u9a6c\u6b7b\u4e86|Grim Neigh|boost\n|-boost|p2a: \u9a6c\u6b7b\u4e86|spa|1\n|-damage|p2a: \u9a6c\u6b7b\u4e86|23/100 brn|[from] item: Life Orb\n|\n|-weather|RainDance|[upkeep]\n|-damage|p2a: \u9a6c\u6b7b\u4e86|17/100 brn|[from] brn\n|upkeep\n|\n|t:|1769339138\n|switch|p1b: Chi-Yu|Chi-Yu, L50|100/100\n|-ability|p1b: Chi-Yu|Beads of Ruin\n|turn|5\n|-message|hegelian anprim forfeited.\n|\n|win|blackred123\n|raw|hegelian anprim's rating: 1191 &rarr; <strong>1171</strong><br />(-20 for losing)\n|raw|blackred123's rating: 1255 &rarr; <strong>1275</strong><br />(+20 for winning)\n|l|\u2606hegelian anprim\n|player|p1|\n","uploadtime":1769339151,"views":14,"formatid":"gen9vgc2026regi","rating":1171,"private":0,"password":null}