{"id":"gen9vgc2026regi-2529209967","format":"[Gen 9] VGC 2026 Reg I","players":["VJ2511","kedaruma"],"log":"|j|\u2606VJ2511\n|j|\u2606kedaruma\n|t:|1769753880\n|gametype|doubles\n|player|p1|VJ2511|red-masters3|1457\n|player|p2|kedaruma|265|1363\n|gen|9\n|tier|[Gen 9] VGC 2026 Reg I\n|rated|\n|rule|Species Clause: Limit one of each Pok\u00e9mon\n|rule|Item Clause: Limit 1 of each item\n|clearpoke\n|poke|p1|Calyrex-Shadow, L50|\n|poke|p1|Zamazenta-*, L50|\n|poke|p1|Chien-Pao, L50|\n|poke|p1|Dragonite, L50, F|\n|poke|p1|Raging Bolt, L50|\n|poke|p1|Amoonguss, L50, F|\n|poke|p2|Calyrex-Shadow, L50|\n|poke|p2|Zamazenta-*, L50|\n|poke|p2|Raging Bolt, L50|\n|poke|p2|Smeargle, L50, F|\n|poke|p2|Rillaboom, L50, M|\n|poke|p2|Tornadus, L50, M|\n|teampreview|4\n|inactive|Battle timer is ON: inactive players will automatically lose when time's up. (requested by kedaruma)\n|\n|t:|1769753898\n|teamsize|p1|4\n|teamsize|p2|4\n|start\n|switch|p1a: Raging Bolt|Raging Bolt, L50|100/100\n|switch|p1b: Chien-Pao|Chien-Pao, L50|100/100\n|switch|p2a: Smeargle|Smeargle, L50, F, shiny|100/100\n|switch|p2b: Zamazenta|Zamazenta-Crowned, L50, shiny|100/100\n|-ability|p1b: Chien-Pao|Sword of Ruin\n|-ability|p2b: Zamazenta|Dauntless Shield|boost\n|-boost|p2b: Zamazenta|def|1\n|-enditem|p1a: Raging Bolt|Booster Energy\n|-activate|p1a: Raging Bolt|ability: Protosynthesis|[fromitem]\n|-start|p1a: Raging Bolt|protosynthesisspa\n|turn|1\n|\n|t:|1769753918\n|-terastallize|p1b: Chien-Pao|Poison\n|move|p1b: Chien-Pao|Icy Wind|p2a: Smeargle|[spread] p2a,p2b\n|-resisted|p2b: Zamazenta\n|-damage|p2a: Smeargle|76/100\n|-damage|p2b: Zamazenta|97/100\n|-unboost|p2a: Smeargle|spe|1\n|-unboost|p2b: Zamazenta|spe|1\n|move|p1a: Raging Bolt|Thunderbolt|p2a: Smeargle\n|-damage|p2a: Smeargle|0 fnt\n|faint|p2a: Smeargle\n|move|p2b: Zamazenta|Body Press|p1b: Chien-Pao\n|-resisted|p1b: Chien-Pao\n|-damage|p1b: Chien-Pao|55/100\n|\n|upkeep\n|\n|t:|1769753933\n|switch|p2a: Calyrex|Calyrex-Shadow, L50|100/100\n|-ability|p2a: Calyrex|As One\n|-ability|p2a: Calyrex|Unnerve\n|turn|2\n|\n|t:|1769753948\n|move|p2a: Calyrex|Protect|p2a: Calyrex\n|-singleturn|p2a: Calyrex|Protect\n|move|p1b: Chien-Pao|Sucker Punch||[still]\n|-fail|p1b: Chien-Pao\n|move|p1a: Raging Bolt|Thunderclap||[still]\n|-fail|p1a: Raging Bolt\n|move|p2b: Zamazenta|Body Press|p1a: Raging Bolt\n|-damage|p1a: Raging Bolt|31/100\n|\n|upkeep\n|turn|3\n|inactive|kedaruma has 30 seconds left.\n|\n|t:|1769753981\n|-terastallize|p2a: Calyrex|Dark\n|move|p1a: Raging Bolt|Protect|p1a: Raging Bolt\n|-singleturn|p1a: Raging Bolt|Protect\n|move|p2a: Calyrex|Astral Barrage|p1a: Raging Bolt|[spread] p1b\n|-activate|p1a: Raging Bolt|move: Protect\n|-damage|p1b: Chien-Pao|0 fnt\n|faint|p1b: Chien-Pao\n|-ability|p2a: Calyrex|Grim Neigh|boost\n|-boost|p2a: Calyrex|spa|1\n|-damage|p2a: Calyrex|91/100|[from] item: Life Orb\n|move|p2b: Zamazenta|Heavy Slam|p1a: Raging Bolt\n|-activate|p1a: Raging Bolt|move: Protect\n|\n|upkeep\n|\n|t:|1769753992\n|switch|p1b: Zamazenta|Zamazenta-Crowned, L50|100/100\n|-ability|p1b: Zamazenta|Dauntless Shield|boost\n|-boost|p1b: Zamazenta|def|1\n|turn|4\n|\n|t:|1769754005\n|move|p2a: Calyrex|Protect|p2a: Calyrex\n|-singleturn|p2a: Calyrex|Protect\n|move|p1a: Raging Bolt|Thunderclap|p2b: Zamazenta\n|-damage|p2b: Zamazenta|66/100\n|move|p1b: Zamazenta|Body Press|p2a: Calyrex\n|-activate|p2a: Calyrex|move: Protect\n|move|p2b: Zamazenta|Body Press|p1b: Zamazenta\n|-supereffective|p1b: Zamazenta\n|-damage|p1b: Zamazenta|52/100\n|\n|upkeep\n|turn|5\n|\n|t:|1769754022\n|move|p1a: Raging Bolt|Thunderclap|p2a: Calyrex\n|-damage|p2a: Calyrex|42/100\n|move|p2a: Calyrex|Psychic|p1b: Zamazenta\n|-damage|p1b: Zamazenta|0 fnt\n|faint|p1b: Zamazenta\n|-ability|p2a: Calyrex|Grim Neigh|boost\n|-boost|p2a: Calyrex|spa|1\n|-damage|p2a: Calyrex|32/100|[from] item: Life Orb\n|move|p2b: Zamazenta|Body Press|p1a: Raging Bolt\n|-damage|p1a: Raging Bolt|0 fnt\n|faint|p1a: Raging Bolt\n|-end|p1a: Raging Bolt|Protosynthesis|[silent]\n|\n|upkeep\n|\n|t:|1769754025\n|switch|p1a: Calyrex|Calyrex-Shadow, L50|100/100\n|-ability|p1a: Calyrex|As One\n|-ability|p1a: Calyrex|Unnerve\n|turn|6\n|\n|t:|1769754042\n|move|p2a: Calyrex|Protect|p2a: Calyrex\n|-singleturn|p2a: Calyrex|Protect\n|move|p1a: Calyrex|Encore|p2b: Zamazenta\n|-start|p2b: Zamazenta|Encore\n|move|p2b: Zamazenta|Body Press|p1a: Calyrex\n|-immune|p1a: Calyrex\n|\n|upkeep\n|turn|7\n|\n|t:|1769754052\n|switch|p2a: Rillaboom|Rillaboom, L50, M, shiny|100/100\n|-fieldstart|move: Grassy Terrain|[from] ability: Grassy Surge|[of] p2a: Rillaboom\n|move|p1a: Calyrex|Astral Barrage|p2a: Rillaboom|[spread] p2a,p2b\n|-damage|p2a: Rillaboom|62/100\n|-damage|p2b: Zamazenta|34/100\n|move|p2b: Zamazenta|Body Press|p1a: Calyrex\n|-immune|p1a: Calyrex\n|\n|-heal|p2a: Rillaboom|68/100|[from] Grassy Terrain\n|-heal|p2b: Zamazenta|40/100|[from] Grassy Terrain\n|upkeep\n|turn|8\n|\n|t:|1769754061\n|move|p1a: Calyrex|Astral Barrage|p2b: Zamazenta|[spread] p2a,p2b\n|-damage|p2a: Rillaboom|31/100\n|-damage|p2b: Zamazenta|8/100\n|move|p2a: Rillaboom|Wood Hammer|p1a: Calyrex\n|-enditem|p1a: Calyrex|Focus Sash\n|-damage|p1a: Calyrex|1/100\n|-damage|p2a: Rillaboom|0 fnt|[from] Recoil\n|faint|p2a: Rillaboom\n|move|p2b: Zamazenta|Body Press|p1a: Calyrex\n|-immune|p1a: Calyrex\n|\n|-heal|p1a: Calyrex|7/100|[from] Grassy Terrain\n|-heal|p2b: Zamazenta|14/100|[from] Grassy Terrain\n|-end|p2b: Zamazenta|Encore\n|upkeep\n|\n|t:|1769754065\n|switch|p2a: Calyrex|Calyrex-Shadow, L50, tera:Dark|32/100\n|-ability|p2a: Calyrex|As One\n|-ability|p2a: Calyrex|Unnerve\n|turn|9\n|\n|t:|1769754072\n|move|p1a: Calyrex|Protect|p1a: Calyrex\n|-singleturn|p1a: Calyrex|Protect\n|move|p2b: Zamazenta|Wide Guard|p2b: Zamazenta\n|-singleturn|p2b: Zamazenta|Wide Guard\n|move|p2a: Calyrex|Astral Barrage|p1a: Calyrex\n|-activate|p1a: Calyrex|move: Protect\n|\n|-heal|p1a: Calyrex|14/100|[from] Grassy Terrain\n|-heal|p2a: Calyrex|38/100|[from] Grassy Terrain\n|-heal|p2b: Zamazenta|20/100|[from] Grassy Terrain\n|upkeep\n|turn|10\n|\n|t:|1769754081\n|move|p2a: Calyrex|Protect|p2a: Calyrex\n|-singleturn|p2a: Calyrex|Protect\n|move|p1a: Calyrex|Psychic|p2b: Zamazenta\n|-damage|p2b: Zamazenta|0 fnt\n|faint|p2b: Zamazenta\n|-ability|p1a: Calyrex|Grim Neigh|boost\n|-boost|p1a: Calyrex|spa|1\n|\n|-heal|p1a: Calyrex|20/100|[from] Grassy Terrain\n|-heal|p2a: Calyrex|45/100|[from] Grassy Terrain\n|upkeep\n|turn|11\n|\n|t:|1769754088\n|move|p1a: Calyrex|Encore|p2a: Calyrex\n|-start|p2a: Calyrex|Encore\n|move|p2a: Calyrex|Protect||[still]\n|-fail|p2a: Calyrex\n|\n|-heal|p1a: Calyrex|26/100|[from] Grassy Terrain\n|-heal|p2a: Calyrex|51/100|[from] Grassy Terrain\n|-fieldend|move: Grassy Terrain\n|upkeep\n|turn|12\n|-message|kedaruma forfeited.\n|\n|win|VJ2511\n|raw|VJ2511's rating: 1457 &rarr; <strong>1472</strong><br />(+15 for winning)\n|raw|kedaruma's rating: 1363 &rarr; <strong>1348</strong><br />(-15 for losing)\n|l|\u2606kedaruma\n|player|p2|\n|l|\u2606VJ2511\n|player|p1|\n","uploadtime":1769754314,"views":12,"formatid":"gen9vgc2026regi","rating":1348,"private":0,"password":null}