{"id":"gen9vgc2026regi-2573455134","format":"[Gen 9] VGC 2026 Reg I","players":["Padhijesp","Frannykidnappedme"],"log":"|j|\u2606Padhijesp\n|j|\u2606Frannykidnappedme\n|t:|1775138216\n|gametype|doubles\n|player|p1|Padhijesp|265|1557\n|player|p2|Frannykidnappedme|kieran|1501\n|gen|9\n|tier|[Gen 9] VGC 2026 Reg I\n|rated|\n|rule|Species Clause: Limit one of each Pok\u00e9mon\n|rule|Item Clause: Limit 1 of each item\n|clearpoke\n|poke|p1|Tyranitar, L50, F|\n|poke|p1|Rillaboom, L50, M|\n|poke|p1|Talonflame, L50, F|\n|poke|p1|Landorus, L50, M|\n|poke|p1|Lunala, L50|\n|poke|p1|Zamazenta-*, L50|\n|poke|p2|Lunala, L50|\n|poke|p2|Tornadus, L50, M|\n|poke|p2|Kyogre, L50|\n|poke|p2|Indeedee-F, L50, F|\n|poke|p2|Chien-Pao, L50|\n|poke|p2|Dragonite, L50, M|\n|teampreview|4\n|inactive|Battle timer is ON: inactive players will automatically lose when time's up. (requested by Frannykidnappedme)\n|inactive|Frannykidnappedme has 60 seconds left.\n|\n|t:|1775138250\n|teamsize|p1|4\n|teamsize|p2|4\n|start\n|switch|p1a: Lunala|Lunala, L50|100/100\n|switch|p1b: Rillaboom|Rillaboom, L50, M|100/100\n|switch|p2a: Kyogre|Kyogre, L50|100/100\n|switch|p2b: Tornadus|Tornadus, L50, M|100/100\n|-weather|RainDance|[from] ability: Drizzle|[of] p2a: Kyogre\n|-fieldstart|move: Grassy Terrain|[from] ability: Grassy Surge|[of] p1b: Rillaboom\n|turn|1\n|inactive|Frannykidnappedme has 30 seconds left.\n|inactive|Frannykidnappedme has 20 seconds left.\n|\n|t:|1775138287\n|-terastallize|p2a: Kyogre|Water\n|move|p1b: Rillaboom|Fake Out|p2a: Kyogre\n|-damage|p2a: Kyogre|84/100\n|move|p2b: Tornadus|Bleakwind Storm|p1a: Lunala|[spread] p1a,p1b\n|-supereffective|p1b: Rillaboom\n|-damage|p1a: Lunala|87/100\n|-damage|p1b: Rillaboom|43/100\n|cant|p2a: Kyogre|flinch\n|move|p1a: Lunala|Meteor Beam||[still]\n|-prepare|p1a: Lunala|Meteor Beam\n|-boost|p1a: Lunala|spa|1\n|-enditem|p1a: Lunala|Power Herb\n|-anim|p1a: Lunala|Meteor Beam|p2b: Tornadus\n|-supereffective|p2b: Tornadus\n|-enditem|p2b: Tornadus|Focus Sash\n|-damage|p2b: Tornadus|1/100\n|\n|-weather|RainDance|[upkeep]\n|-heal|p2a: Kyogre|90/100|[from] Grassy Terrain\n|-heal|p1a: Lunala|94/100|[from] Grassy Terrain\n|-heal|p1b: Rillaboom|49/100|[from] Grassy Terrain\n|upkeep\n|turn|2\n|\n|t:|1775138307\n|switch|p2b: Indeedee|Indeedee-F, L50, F|100/100\n|-fieldstart|move: Psychic Terrain|[from] ability: Psychic Surge|[of] p2b: Indeedee\n|move|p1a: Lunala|Wide Guard|p1a: Lunala\n|-singleturn|p1a: Lunala|Wide Guard\n|move|p2a: Kyogre|Origin Pulse|p1a: Lunala|[spread] \n|-activate|p1a: Lunala|move: Wide Guard\n|-activate|p1b: Rillaboom|move: Wide Guard\n|move|p1b: Rillaboom|Grassy Glide|p2a: Kyogre\n|-supereffective|p2a: Kyogre\n|-damage|p2a: Kyogre|18/100\n|\n|-weather|RainDance|[upkeep]\n|upkeep\n|turn|3\n|\n|t:|1775138329\n|switch|p2a: Lunala|Lunala, L50|100/100\n|move|p1a: Lunala|Dazzling Gleam|p2b: Indeedee|[spread] p2a,p2b\n|-damage|p2a: Lunala|87/100\n|-damage|p2b: Indeedee|68/100\n|move|p1b: Rillaboom|U-turn|p2b: Indeedee\n|-supereffective|p2b: Indeedee\n|-crit|p2b: Indeedee\n|-damage|p2b: Indeedee|0 fnt\n|faint|p2b: Indeedee\n|\n|t:|1775138333\n|switch|p1b: Tyranitar|Tyranitar, L50, F, shiny|100/100|[from] U-turn\n|-weather|Sandstorm|[from] ability: Sand Stream|[of] p1b: Tyranitar\n|\n|-weather|Sandstorm|[upkeep]\n|-damage|p2a: Lunala|81/100|[from] Sandstorm\n|-damage|p1a: Lunala|87/100|[from] Sandstorm\n|upkeep\n|\n|t:|1775138340\n|switch|p2b: Kyogre|Kyogre, L50, tera:Water|18/100\n|-weather|RainDance|[from] ability: Drizzle|[of] p2b: Kyogre\n|turn|4\n|\n|t:|1775138360\n|-terastallize|p1a: Lunala|Fairy\n|move|p1a: Lunala|Wide Guard|p1a: Lunala\n|-singleturn|p1a: Lunala|Wide Guard\n|move|p2a: Lunala|Meteor Beam||[still]\n|-prepare|p2a: Lunala|Meteor Beam\n|-boost|p2a: Lunala|spa|1\n|-enditem|p2a: Lunala|Power Herb\n|-anim|p2a: Lunala|Meteor Beam|p1b: Tyranitar\n|-damage|p1b: Tyranitar|31/100\n|move|p2b: Kyogre|Hydro Pump|p1a: Lunala\n|-damage|p1a: Lunala|0 fnt\n|faint|p1a: Lunala\n|move|p1b: Tyranitar|Crunch|p2a: Lunala\n|-supereffective|p2a: Lunala\n|-damage|p2a: Lunala|0 fnt\n|faint|p2a: Lunala\n|\n|-weather|RainDance|[upkeep]\n|upkeep\n|\n|t:|1775138375\n|switch|p2a: Tornadus|Tornadus, L50, M|1/100\n|switch|p1a: Rillaboom|Rillaboom, L50, M|49/100\n|-fieldstart|move: Grassy Terrain|[from] ability: Grassy Surge|[of] p1a: Rillaboom\n|turn|5\n|-message|Frannykidnappedme forfeited.\n|\n|win|Padhijesp\n|raw|Padhijesp's rating: 1557 &rarr; <strong>1574</strong><br />(+17 for winning)\n|raw|Frannykidnappedme's rating: 1501 &rarr; <strong>1484</strong><br />(-17 for losing)\n|l|\u2606Frannykidnappedme\n|player|p2|\n|l|\u2606Padhijesp\n|player|p1|\n","uploadtime":1775138530,"views":16,"formatid":"gen9vgc2026regi","rating":1484,"private":0,"password":null}