{"id":"gen9vgc2026regi-2516745904","format":"[Gen 9] VGC 2026 Reg I","players":["Cello L.","The3xiledPoro"],"log":"|j|\u2606Cello L.\n|j|\u2606The3xiledPoro\n|t:|1768176604\n|gametype|doubles\n|player|p1|Cello L.|cynthia-gen4|1440\n|player|p2|The3xiledPoro|1|1318\n|gen|9\n|tier|[Gen 9] VGC 2026 Reg I\n|rated|\n|rule|Species Clause: Limit one of each Pok\u00e9mon\n|rule|Item Clause: Limit 1 of each item\n|clearpoke\n|poke|p1|Calyrex-Shadow, L50|\n|poke|p1|Zamazenta-*, L50|\n|poke|p1|Chien-Pao, L50|\n|poke|p1|Dragonite, L50, F|\n|poke|p1|Raging Bolt, L50|\n|poke|p1|Amoonguss, L50, F|\n|poke|p2|Raging Bolt, L50|\n|poke|p2|Landorus, L50, M|\n|poke|p2|Calyrex-Shadow, L50|\n|poke|p2|Brute Bonnet, L50|\n|poke|p2|Koraidon, L50|\n|poke|p2|Incineroar, L50, F|\n|teampreview|4\n|\n|t:|1768176631\n|teamsize|p1|4\n|teamsize|p2|4\n|start\n|switch|p1a: Zamazenta|Zamazenta-Crowned, L50|100/100\n|switch|p1b: Chien-Pao|Chien-Pao, L50|100/100\n|switch|p2a: Calyrex|Calyrex-Shadow, L50|100/100\n|switch|p2b: Brute Bonnet|Brute Bonnet, L50|100/100\n|-ability|p2a: Calyrex|As One\n|-ability|p2a: Calyrex|Unnerve\n|-ability|p1b: Chien-Pao|Sword of Ruin\n|-ability|p1a: Zamazenta|Dauntless Shield|boost\n|-boost|p1a: Zamazenta|def|1\n|turn|1\n|\n|t:|1768176646\n|switch|p2a: Incineroar|Incineroar, L50, F|100/100\n|-ability|p2a: Incineroar|Intimidate|boost\n|-unboost|p1a: Zamazenta|atk|1\n|-unboost|p1b: Chien-Pao|atk|1\n|-terastallize|p2b: Brute Bonnet|Water\n|move|p1b: Chien-Pao|Ruination|p2b: Brute Bonnet\n|-damage|p2b: Brute Bonnet|51/100\n|move|p1a: Zamazenta|Body Press|p2b: Brute Bonnet\n|-damage|p2b: Brute Bonnet|0 fnt\n|faint|p2b: Brute Bonnet\n|-end|p2b: Brute Bonnet|Protosynthesis|[silent]\n|\n|upkeep\n|\n|t:|1768176658\n|switch|p2b: Koraidon|Koraidon, L50|100/100\n|-weather|SunnyDay|[from] ability: Orichalcum Pulse|[of] p2b: Koraidon\n|-activate|p2b: Koraidon|Orichalcum Pulse|[source]\n|turn|2\n|\n|t:|1768176677\n|move|p1a: Zamazenta|Protect|p1a: Zamazenta\n|-singleturn|p1a: Zamazenta|Protect\n|move|p2a: Incineroar|Fake Out|p1a: Zamazenta\n|-activate|p1a: Zamazenta|move: Protect\n|move|p1b: Chien-Pao|Icy Wind|p2b: Koraidon|[spread] p2a,p2b\n|-resisted|p2a: Incineroar\n|-supereffective|p2b: Koraidon\n|-damage|p2a: Incineroar|97/100\n|-damage|p2b: Koraidon|75/100\n|-unboost|p2a: Incineroar|spe|1\n|move|p2b: Koraidon|Flame Charge|p1b: Chien-Pao\n|-supereffective|p1b: Chien-Pao\n|-damage|p1b: Chien-Pao|10/100\n|-boost|p2b: Koraidon|spe|1\n|\n|-weather|SunnyDay|[upkeep]\n|upkeep\n|turn|3\n|\n|t:|1768176698\n|move|p2b: Koraidon|Collision Course|p1a: Zamazenta\n|-supereffective|p1a: Zamazenta\n|-damage|p1a: Zamazenta|9/100\n|move|p1b: Chien-Pao|Ice Spinner|p2b: Koraidon\n|-supereffective|p2b: Koraidon\n|-damage|p2b: Koraidon|16/100\n|move|p1a: Zamazenta|Body Press|p2b: Koraidon\n|-damage|p2b: Koraidon|0 fnt\n|faint|p2b: Koraidon\n|move|p2a: Incineroar|Knock Off|p1b: Chien-Pao\n|-resisted|p1b: Chien-Pao\n|-damage|p1b: Chien-Pao|0 fnt\n|-enditem|p1b: Chien-Pao|Assault Vest|[from] move: Knock Off|[of] p2a: Incineroar\n|faint|p1b: Chien-Pao\n|\n|-weather|SunnyDay|[upkeep]\n|upkeep\n|\n|t:|1768176716\n|switch|p2b: Calyrex|Calyrex-Shadow, L50|100/100\n|switch|p1b: Dragonite|Dragonite, L50, F|100/100\n|-ability|p2b: Calyrex|As One\n|-ability|p2b: Calyrex|Unnerve\n|turn|4\n|\n|t:|1768176750\n|-terastallize|p1b: Dragonite|Normal\n|move|p1a: Zamazenta|Protect|p1a: Zamazenta\n|-singleturn|p1a: Zamazenta|Protect\n|move|p2b: Calyrex|Psychic|p1a: Zamazenta\n|-activate|p1a: Zamazenta|move: Protect\n|move|p1b: Dragonite|Outrage|p2a: Incineroar\n|-damage|p2a: Incineroar|0 fnt\n|-damage|p1b: Dragonite|84/100|[from] item: Rocky Helmet|[of] p2a: Incineroar\n|faint|p2a: Incineroar\n|\n|-weather|SunnyDay|[upkeep]\n|upkeep\n|turn|5\n|\n|t:|1768176763\n|move|p2b: Calyrex|Encore|p1a: Zamazenta\n|-start|p1a: Zamazenta|Encore\n|move|p1a: Zamazenta|Protect||[still]\n|-fail|p1a: Zamazenta\n|move|p1b: Dragonite|Outrage|p2b: Calyrex|[from] lockedmove\n|-enditem|p2b: Calyrex|Focus Sash\n|-damage|p2b: Calyrex|1/100\n|\n|-weather|SunnyDay|[upkeep]\n|upkeep\n|turn|6\n|\n|t:|1768176774\n|move|p1a: Zamazenta|Protect|p1a: Zamazenta\n|-singleturn|p1a: Zamazenta|Protect\n|move|p2b: Calyrex|Psychic|p1b: Dragonite\n|-damage|p1b: Dragonite|32/100\n|move|p1b: Dragonite|Outrage|p2b: Calyrex|[from] lockedmove\n|-damage|p2b: Calyrex|0 fnt\n|faint|p2b: Calyrex\n|-start|p1b: Dragonite|confusion|[fatigue]\n|\n|win|Cello L.\n|raw|Cello L.'s rating: 1440 &rarr; <strong>1453</strong><br />(+13 for winning)\n|raw|The3xiledPoro's rating: 1318 &rarr; <strong>1305</strong><br />(-13 for losing)\n|l|\u2606The3xiledPoro\n|player|p2|\n|l|\u2606Cello L.\n|player|p1|\n","uploadtime":1768176913,"views":12,"formatid":"gen9vgc2026regi","rating":1305,"private":0,"password":null}