{"id":"gen9vgc2026regi-2545323254","format":"[Gen 9] VGC 2026 Reg I","players":["alexit93","johnkharkiv"],"log":"|j|\u2606alexit93\n|j|\u203djohnkharkiv\n|t:|1771830105\n|gametype|doubles\n|player|p1|alexit93|lucas-gen4pt|1261\n|player|p2|johnkharkiv|swimmerf-gen4dp|1165\n|gen|9\n|tier|[Gen 9] VGC 2026 Reg I\n|rated|\n|rule|Species Clause: Limit one of each Pok\u00e9mon\n|rule|Item Clause: Limit 1 of each item\n|clearpoke\n|poke|p1|Zamazenta-*, L50|\n|poke|p1|Riolu, L50, F|\n|poke|p1|Calyrex-Ice, L50|\n|poke|p1|Rillaboom, L50, F|\n|poke|p1|Incineroar, L50, M|\n|poke|p1|Urshifu-*, L50, F|\n|poke|p2|Miraidon, L50|\n|poke|p2|Groudon, L50|\n|poke|p2|Tornadus, L50, M|\n|poke|p2|Charizard, L50, M|\n|poke|p2|Oranguru, L50, F|\n|poke|p2|Iron Valiant, L50|\n|teampreview|4\n|\n|t:|1771830145\n|teamsize|p1|4\n|teamsize|p2|4\n|start\n|switch|p1a: Calyrex|Calyrex-Ice, L50|100/100\n|switch|p1b: Rillaboom|Rillaboom, L50, F|100/100\n|switch|p2a: Iron Valiant|Iron Valiant, L50|100/100\n|switch|p2b: Groudon|Groudon, L50|100/100\n|-ability|p1a: Calyrex|As One\n|-ability|p1a: Calyrex|Unnerve\n|-fieldstart|move: Grassy Terrain|[from] ability: Grassy Surge|[of] p1b: Rillaboom\n|-weather|SunnyDay|[from] ability: Drought|[of] p2b: Groudon\n|turn|1\n|\n|t:|1771830169\n|switch|p2b: Miraidon|Miraidon, L50|100/100\n|-fieldstart|move: Electric Terrain|[from] ability: Hadron Engine|[of] p2b: Miraidon\n|-activate|p2a: Iron Valiant|ability: Quark Drive\n|-start|p2a: Iron Valiant|quarkdrivespe\n|move|p1a: Calyrex|Protect|p1a: Calyrex\n|-singleturn|p1a: Calyrex|Protect\n|move|p2a: Iron Valiant|Spirit Break|p1b: Rillaboom\n|-damage|p1b: Rillaboom|61/100\n|-unboost|p1b: Rillaboom|spa|1\n|move|p1b: Rillaboom|Wood Hammer|p2a: Iron Valiant\n|-damage|p2a: Iron Valiant|28/100\n|-damage|p1b: Rillaboom|40/100|[from] Recoil\n|\n|-weather|SunnyDay|[upkeep]\n|upkeep\n|turn|2\n|\n|t:|1771830196\n|switch|p1b: Zamazenta|Zamazenta-Crowned, L50, shiny|100/100\n|-ability|p1b: Zamazenta|Dauntless Shield|boost\n|-boost|p1b: Zamazenta|def|1\n|-terastallize|p1a: Calyrex|Ground\n|move|p2a: Iron Valiant|Encore|p1a: Calyrex\n|-start|p1a: Calyrex|Encore\n|move|p2b: Miraidon|Volt Switch|p1a: Calyrex\n|-immune|p1a: Calyrex\n|move|p1a: Calyrex|Protect||[still]\n|-fail|p1a: Calyrex\n|\n|-weather|SunnyDay|[upkeep]\n|upkeep\n|turn|3\n|\n|t:|1771830214\n|switch|p1a: Rillaboom|Rillaboom, L50, F|40/100\n|-fieldstart|move: Grassy Terrain|[from] ability: Grassy Surge|[of] p1a: Rillaboom\n|-end|p2a: Iron Valiant|Quark Drive\n|move|p2b: Miraidon|Volt Switch|p1b: Zamazenta\n|-damage|p1b: Zamazenta|52/100\n|\n|t:|1771830223\n|switch|p2b: Oranguru|Oranguru, L50, F, shiny|100/100|[from] Volt Switch\n|move|p1b: Zamazenta|Behemoth Bash|p2a: Iron Valiant\n|-supereffective|p2a: Iron Valiant\n|-damage|p2a: Iron Valiant|0 fnt\n|faint|p2a: Iron Valiant\n|-end|p2a: Iron Valiant|Quark Drive|[silent]\n|\n|-weather|SunnyDay|[upkeep]\n|-heal|p1b: Zamazenta|58/100|[from] Grassy Terrain\n|-heal|p1a: Rillaboom|46/100|[from] Grassy Terrain\n|upkeep\n|\n|t:|1771830243\n|switch|p2a: Groudon|Groudon, L50|100/100\n|turn|4\n|\n|t:|1771830263\n|-terastallize|p2b: Oranguru|Ghost\n|move|p2a: Groudon|Protect|p2a: Groudon\n|-singleturn|p2a: Groudon|Protect\n|move|p1a: Rillaboom|Fake Out|p2a: Groudon\n|-activate|p2a: Groudon|move: Protect\n|move|p1b: Zamazenta|Body Press|p2a: Groudon\n|-activate|p2a: Groudon|move: Protect\n|move|p2b: Oranguru|Foul Play|p1a: Rillaboom\n|-damage|p1a: Rillaboom|10/100\n|\n|-weather|SunnyDay|[upkeep]\n|-heal|p1b: Zamazenta|64/100|[from] Grassy Terrain\n|-heal|p1a: Rillaboom|16/100|[from] Grassy Terrain\n|upkeep\n|turn|5\n|\n|t:|1771830302\n|move|p1b: Zamazenta|Wide Guard|p1b: Zamazenta\n|-singleturn|p1b: Zamazenta|Wide Guard\n|move|p1a: Rillaboom|U-turn|p2b: Oranguru\n|-resisted|p2b: Oranguru\n|-damage|p2b: Oranguru|91/100\n|\n|t:|1771830307\n|switch|p1a: Calyrex|Calyrex-Ice, L50, tera:Ground|100/100|[from] U-turn\n|-ability|p1a: Calyrex|As One\n|-ability|p1a: Calyrex|Unnerve\n|move|p2a: Groudon|Earthquake|p1a: Calyrex|[spread] \n|-activate|p1a: Calyrex|move: Wide Guard\n|-activate|p1b: Zamazenta|move: Wide Guard\n|-activate|p2b: Oranguru|ability: Telepathy\n|move|p2b: Oranguru|Instruct|p2a: Groudon\n|-singleturn|p2a: Groudon|move: Instruct|[of] p2b: Oranguru\n|move|p2a: Groudon|Earthquake|p1b: Zamazenta|[spread] \n|-activate|p1a: Calyrex|move: Wide Guard\n|-activate|p1b: Zamazenta|move: Wide Guard\n|-activate|p2b: Oranguru|ability: Telepathy\n|\n|-weather|none\n|-heal|p1b: Zamazenta|70/100|[from] Grassy Terrain\n|-heal|p2b: Oranguru|97/100|[from] Grassy Terrain\n|upkeep\n|turn|6\n|\n|t:|1771830323\n|move|p1b: Zamazenta|Wide Guard|p1b: Zamazenta\n|-singleturn|p1b: Zamazenta|Wide Guard\n|move|p2a: Groudon|Crunch|p1a: Calyrex\n|-damage|p1a: Calyrex|82/100\n|move|p2b: Oranguru|Encore|p1b: Zamazenta\n|-start|p1b: Zamazenta|Encore\n|move|p1a: Calyrex|Trick Room|p1a: Calyrex\n|-fieldstart|move: Trick Room|[of] p1a: Calyrex\n|-enditem|p2b: Oranguru|Room Service\n|-unboost|p2b: Oranguru|spe|1|[from] item: Room Service\n|\n|-heal|p2b: Oranguru|100/100|[from] Grassy Terrain\n|-heal|p1a: Calyrex|88/100|[from] Grassy Terrain\n|-heal|p1b: Zamazenta|76/100|[from] Grassy Terrain\n|upkeep\n|turn|7\n|\n|t:|1771830344\n|switch|p1a: Rillaboom|Rillaboom, L50, F|16/100\n|move|p1b: Zamazenta|Wide Guard|p1b: Zamazenta\n|-singleturn|p1b: Zamazenta|Wide Guard\n|move|p2b: Oranguru|Encore||[still]\n|-fail|p2b: Oranguru\n|move|p2a: Groudon|Crunch|p1a: Rillaboom\n|-damage|p1a: Rillaboom|0 fnt\n|faint|p1a: Rillaboom\n|\n|-heal|p1b: Zamazenta|82/100|[from] Grassy Terrain\n|-fieldend|move: Grassy Terrain\n|upkeep\n|\n|t:|1771830348\n|switch|p1a: Calyrex|Calyrex-Ice, L50, tera:Ground|88/100\n|-ability|p1a: Calyrex|As One\n|-ability|p1a: Calyrex|Unnerve\n|turn|8\n|\n|t:|1771830398\n|move|p1b: Zamazenta|Wide Guard|p1b: Zamazenta\n|-singleturn|p1b: Zamazenta|Wide Guard\n|move|p1a: Calyrex|Glacial Lance|p2a: Groudon|[spread] p2a,p2b\n|-supereffective|p2a: Groudon\n|-damage|p2a: Groudon|5/100\n|-damage|p2b: Oranguru|50/100\n|move|p2a: Groudon|Crunch|p1a: Calyrex\n|-damage|p1a: Calyrex|71/100\n|move|p2b: Oranguru|Trick Room|p2b: Oranguru\n|-fieldend|move: Trick Room\n|\n|upkeep\n|turn|9\n|\n|t:|1771830426\n|move|p1a: Calyrex|Protect|p1a: Calyrex\n|-singleturn|p1a: Calyrex|Protect\n|move|p1b: Zamazenta|Wide Guard|p1b: Zamazenta\n|-singleturn|p1b: Zamazenta|Wide Guard\n|move|p2a: Groudon|Crunch|p1a: Calyrex\n|-activate|p1a: Calyrex|move: Protect\n|move|p2b: Oranguru|Foul Play|p1a: Calyrex\n|-activate|p1a: Calyrex|move: Protect\n|\n|-end|p1b: Zamazenta|Encore\n|upkeep\n|turn|10\n|\n|t:|1771830437\n|move|p1b: Zamazenta|Body Press|p2a: Groudon\n|-damage|p2a: Groudon|0 fnt\n|faint|p2a: Groudon\n|move|p1a: Calyrex|Glacial Lance|p2b: Oranguru\n|-crit|p2b: Oranguru\n|-damage|p2b: Oranguru|0 fnt\n|faint|p2b: Oranguru\n|-ability|p1a: Calyrex|Chilling Neigh|boost\n|-boost|p1a: Calyrex|atk|1\n|\n|upkeep\n|\n|t:|1771830440\n|switch|p2b: Miraidon|Miraidon, L50|100/100\n|-fieldstart|move: Electric Terrain|[from] ability: Hadron Engine|[of] p2b: Miraidon\n|turn|11\n|\n|t:|1771830452\n|move|p1b: Zamazenta|Protect|p1b: Zamazenta\n|-singleturn|p1b: Zamazenta|Protect\n|move|p1a: Calyrex|Protect|p1a: Calyrex\n|-singleturn|p1a: Calyrex|Protect\n|move|p2b: Miraidon|Overheat|p1a: Calyrex\n|-activate|p1a: Calyrex|move: Protect\n|\n|upkeep\n|turn|12\n|\n|t:|1771830461\n|move|p2b: Miraidon|Overheat|p1a: Calyrex\n|-damage|p1a: Calyrex|8/100\n|-unboost|p2b: Miraidon|spa|2\n|move|p1b: Zamazenta|Body Press|p2b: Miraidon\n|-damage|p2b: Miraidon|23/100\n|move|p1a: Calyrex|High Horsepower|p2b: Miraidon\n|-supereffective|p2b: Miraidon\n|-damage|p2b: Miraidon|0 fnt\n|faint|p2b: Miraidon\n|\n|win|alexit93\n|raw|alexit93's rating: 1261 &rarr; <strong>1279</strong><br />(+18 for winning)\n|raw|johnkharkiv's rating: 1165 &rarr; <strong>1147</strong><br />(-18 for losing)\n|l|\u203djohnkharkiv\n|player|p2|\n|l|\u2606alexit93\n|player|p1|\n","uploadtime":1771830803,"views":12,"formatid":"gen9vgc2026regi","rating":1147,"private":0,"password":null}