{"id":"gen9vgc2026regi-2548247229","format":"[Gen 9] VGC 2026 Reg I","players":["bormanda","ky123456"],"log":"|j|\u2606bormanda\n|j|\u2606ky123456\n|t:|1772193566\n|gametype|doubles\n|player|p1|bormanda|101|1409\n|player|p2|ky123456|cynthia-gen4|1554\n|gen|9\n|tier|[Gen 9] VGC 2026 Reg I\n|rated|\n|rule|Species Clause: Limit one of each Pok\u00e9mon\n|rule|Item Clause: Limit 1 of each item\n|clearpoke\n|poke|p1|Calyrex-Shadow, L50|\n|poke|p1|Zamazenta-*, L50|\n|poke|p1|Tornadus, L50, M|\n|poke|p1|Urshifu-*, L50, F|\n|poke|p1|Incineroar, L50, M|\n|poke|p1|Clefairy, L50, M|\n|poke|p2|Kyogre, L50|\n|poke|p2|Calyrex-Ice, L50|\n|poke|p2|Grimmsnarl, L50, M|\n|poke|p2|Rillaboom, L50, M|\n|poke|p2|Landorus, L50, M|\n|poke|p2|Urshifu-*, L50, M|\n|teampreview|4\n|\n|t:|1772193595\n|teamsize|p1|4\n|teamsize|p2|4\n|start\n|switch|p1a: Urshifu|Urshifu-Rapid-Strike, L50, F|100/100\n|switch|p1b: Zamazenta|Zamazenta-Crowned, L50|100/100\n|switch|p2a: Calyrex|Calyrex-Ice, L50|100/100\n|switch|p2b: Grimmsnarl|Grimmsnarl, L50, M|100/100\n|-ability|p2a: Calyrex|As One\n|-ability|p2a: Calyrex|Unnerve\n|-ability|p1b: Zamazenta|Dauntless Shield|boost\n|-boost|p1b: Zamazenta|def|1\n|turn|1\n|\n|t:|1772193641\n|-terastallize|p2a: Calyrex|Grass\n|move|p2b: Grimmsnarl|Reflect|p2b: Grimmsnarl\n|-sidestart|p2: ky123456|Reflect\n|move|p1a: Urshifu|Surging Strikes|p2a: Calyrex\n|-resisted|p2a: Calyrex\n|-crit|p2a: Calyrex\n|-damage|p2a: Calyrex|93/100\n|-resisted|p2a: Calyrex\n|-crit|p2a: Calyrex\n|-damage|p2a: Calyrex|86/100\n|-resisted|p2a: Calyrex\n|-crit|p2a: Calyrex\n|-damage|p2a: Calyrex|79/100\n|-hitcount|p2a: Calyrex|3\n|move|p1b: Zamazenta|Body Press|p2a: Calyrex\n|-damage|p2a: Calyrex|52/100\n|move|p2a: Calyrex|Leech Seed|p1b: Zamazenta|[miss]\n|-miss|p2a: Calyrex|p1b: Zamazenta\n|\n|-heal|p2a: Calyrex|58/100|[from] item: Leftovers\n|upkeep\n|turn|2\n|\n|t:|1772193659\n|move|p2b: Grimmsnarl|Light Screen|p2b: Grimmsnarl\n|-sidestart|p2: ky123456|move: Light Screen\n|move|p1a: Urshifu|Surging Strikes|p2b: Grimmsnarl\n|-crit|p2b: Grimmsnarl\n|-damage|p2b: Grimmsnarl|80/100\n|-crit|p2b: Grimmsnarl\n|-damage|p2b: Grimmsnarl|58/100\n|-crit|p2b: Grimmsnarl\n|-damage|p2b: Grimmsnarl|39/100\n|-hitcount|p2b: Grimmsnarl|3\n|move|p1b: Zamazenta|Body Press|p2a: Calyrex\n|-damage|p2a: Calyrex|27/100\n|move|p2a: Calyrex|Leech Seed|p1b: Zamazenta\n|-start|p1b: Zamazenta|move: Leech Seed\n|\n|-heal|p2a: Calyrex|33/100|[from] item: Leftovers\n|-damage|p1b: Zamazenta|88/100|[from] Leech Seed|[of] p2a: Calyrex\n|-heal|p2a: Calyrex|43/100|[silent]\n|upkeep\n|turn|3\n|\n|t:|1772193674\n|move|p2a: Calyrex|Protect|p2a: Calyrex\n|-singleturn|p2a: Calyrex|Protect\n|move|p2b: Grimmsnarl|Thunder Wave|p1a: Urshifu\n|-status|p1a: Urshifu|par\n|move|p1b: Zamazenta|Body Press|p2a: Calyrex\n|-activate|p2a: Calyrex|move: Protect\n|move|p1a: Urshifu|Surging Strikes|p2b: Grimmsnarl\n|-crit|p2b: Grimmsnarl\n|-damage|p2b: Grimmsnarl|20/100\n|-crit|p2b: Grimmsnarl\n|-damage|p2b: Grimmsnarl|0 fnt\n|faint|p2b: Grimmsnarl\n|-hitcount|p2: Grimmsnarl|2\n|\n|-heal|p2a: Calyrex|49/100|[from] item: Leftovers\n|-damage|p1b: Zamazenta|76/100|[from] Leech Seed|[of] p2a: Calyrex\n|-heal|p2a: Calyrex|60/100|[silent]\n|upkeep\n|\n|t:|1772193685\n|switch|p2b: Kyogre|Kyogre, L50|100/100\n|-weather|RainDance|[from] ability: Drizzle|[of] p2b: Kyogre\n|turn|4\n|\n|t:|1772193696\n|switch|p1b: Clefairy|Clefairy, L50, M|100/100\n|move|p2b: Kyogre|Thunder|p1a: Urshifu\n|-supereffective|p1a: Urshifu\n|-damage|p1a: Urshifu|0 fnt\n|faint|p1a: Urshifu\n|move|p2a: Calyrex|Glacial Lance|p1b: Clefairy\n|-damage|p1b: Clefairy|39/100\n|\n|-weather|RainDance|[upkeep]\n|-heal|p2a: Calyrex|66/100|[from] item: Leftovers\n|upkeep\n|\n|t:|1772193703\n|switch|p1a: Calyrex|Calyrex-Shadow, L50|100/100\n|-ability|p1a: Calyrex|As One\n|-ability|p1a: Calyrex|Unnerve\n|turn|5\n|\n|t:|1772193709\n|move|p1b: Clefairy|Follow Me|p1b: Clefairy\n|-singleturn|p1b: Clefairy|move: Follow Me\n|move|p1a: Calyrex|Nasty Plot|p1a: Calyrex\n|-boost|p1a: Calyrex|spa|2\n|move|p2b: Kyogre|Origin Pulse|p1b: Clefairy|[spread] p1b\n|-miss|p2b: Kyogre|p1a: Calyrex\n|-damage|p1b: Clefairy|0 fnt\n|faint|p1b: Clefairy\n|move|p2a: Calyrex|Glacial Lance|p1a: Calyrex\n|-damage|p1a: Calyrex|18/100\n|\n|-weather|RainDance|[upkeep]\n|-heal|p2a: Calyrex|72/100|[from] item: Leftovers\n|upkeep\n|\n|t:|1772193717\n|switch|p1b: Zamazenta|Zamazenta-Crowned, L50|76/100\n|turn|6\n|\n|t:|1772193726\n|move|p1a: Calyrex|Astral Barrage|p2a: Calyrex|[spread] p2a,p2b\n|-damage|p2a: Calyrex|10/100\n|-damage|p2b: Kyogre|57/100\n|-damage|p1a: Calyrex|8/100|[from] item: Life Orb\n|move|p1b: Zamazenta|Body Press|p2b: Kyogre\n|-damage|p2b: Kyogre|28/100\n|move|p2b: Kyogre|Thunder|p1a: Calyrex\n|-damage|p1a: Calyrex|0 fnt\n|faint|p1a: Calyrex\n|move|p2a: Calyrex|Leech Seed|p1b: Zamazenta\n|-start|p1b: Zamazenta|move: Leech Seed\n|\n|-weather|RainDance|[upkeep]\n|-heal|p2a: Calyrex|15/100|[from] item: Leftovers\n|-damage|p1b: Zamazenta|64/100|[from] Leech Seed|[of] p2a: Calyrex\n|-heal|p2a: Calyrex|26/100|[silent]\n|upkeep\n|turn|7\n|-message|bormanda forfeited.\n|\n|win|ky123456\n|raw|bormanda's rating: 1409 &rarr; <strong>1397</strong><br />(-12 for losing)\n|raw|ky123456's rating: 1554 &rarr; <strong>1566</strong><br />(+12 for winning)\n|l|\u2606bormanda\n|player|p1|\n|l|\u2606ky123456\n|player|p2|\n","uploadtime":1772193910,"views":12,"formatid":"gen9vgc2026regi","rating":1397,"private":0,"password":null}