{"id":"gen9vgc2026regi-2563355552","format":"[Gen 9] VGC 2026 Reg I","players":["SmogonSetsAreTrash","shecallmedada"],"log":"|j|\u2606SmogonSetsAreTrash\n|j|\u2606shecallmedada\n|t:|1774019164\n|gametype|doubles\n|player|p1|SmogonSetsAreTrash|265|1423\n|player|p2|shecallmedada|burglar-gen1rb|1350\n|gen|9\n|tier|[Gen 9] VGC 2026 Reg I\n|rated|\n|rule|Species Clause: Limit one of each Pok\u00e9mon\n|rule|Item Clause: Limit 1 of each item\n|clearpoke\n|poke|p1|Lunala, L50|\n|poke|p1|Kyogre, L50|\n|poke|p1|Incineroar, L50, M|\n|poke|p1|Rillaboom, L50, F|\n|poke|p1|Amoonguss, L50, F|\n|poke|p1|Tornadus, L50, M|\n|poke|p2|Koraidon, L50|\n|poke|p2|Miraidon, L50|\n|poke|p2|Incineroar, L50, F|\n|poke|p2|Iron Bundle, L50|\n|poke|p2|Toxapex, L50, M|\n|poke|p2|Landorus, L50, M|\n|teampreview|4\n|inactive|Battle timer is ON: inactive players will automatically lose when time's up. (requested by SmogonSetsAreTrash)\n|inactive|SmogonSetsAreTrash has 60 seconds left.\n|inactive|shecallmedada has 60 seconds left.\n|\n|t:|1774019203\n|teamsize|p1|4\n|teamsize|p2|4\n|start\n|switch|p1a: Rillaboom|Rillaboom, L50, F|100/100\n|switch|p1b: Lunala|Lunala, L50|100/100\n|switch|p2a: Miraidon|Miraidon, L50|100/100\n|switch|p2b: Iron Bundle|Iron Bundle, L50|100/100\n|-fieldstart|move: Electric Terrain|[from] ability: Hadron Engine|[of] p2a: Miraidon\n|-activate|p2b: Iron Bundle|ability: Quark Drive\n|-start|p2b: Iron Bundle|quarkdrivespe\n|-fieldstart|move: Grassy Terrain|[from] ability: Grassy Surge|[of] p1a: Rillaboom\n|-end|p2b: Iron Bundle|Quark Drive\n|turn|1\n|\n|t:|1774019223\n|-terastallize|p1b: Lunala|Fairy\n|move|p2a: Miraidon|Protect|p2a: Miraidon\n|-singleturn|p2a: Miraidon|Protect\n|move|p2b: Iron Bundle|Encore||[still]\n|-fail|p2b: Iron Bundle\n|move|p1a: Rillaboom|Drum Beating|p2b: Iron Bundle\n|-supereffective|p2b: Iron Bundle\n|-enditem|p2b: Iron Bundle|Focus Sash\n|-damage|p2b: Iron Bundle|1/100\n|-unboost|p2b: Iron Bundle|spe|1\n|move|p1b: Lunala|Moonblast|p2a: Miraidon\n|-activate|p2a: Miraidon|move: Protect\n|\n|-heal|p2b: Iron Bundle|7/100|[from] Grassy Terrain\n|upkeep\n|turn|2\n|\n|t:|1774019239\n|-end|p2b: Iron Bundle|Quark Drive|[silent]\n|switch|p2b: Koraidon|Koraidon, L50|100/100\n|-weather|SunnyDay|[from] ability: Orichalcum Pulse|[of] p2b: Koraidon\n|-activate|p2b: Koraidon|Orichalcum Pulse|[source]\n|move|p1a: Rillaboom|Grassy Glide|p2b: Koraidon\n|-resisted|p2b: Koraidon\n|-damage|p2b: Koraidon|90/100\n|move|p2a: Miraidon|Volt Switch|p1b: Lunala\n|-damage|p1b: Lunala|80/100\n|-damage|p2a: Miraidon|91/100|[from] item: Life Orb\n|\n|t:|1774019249\n|switch|p2a: Toxapex|Toxapex, L50, M|100/100|[from] Volt Switch\n|move|p1b: Lunala|Calm Mind|p1b: Lunala\n|-boost|p1b: Lunala|spa|1\n|-boost|p1b: Lunala|spd|1\n|\n|-weather|SunnyDay|[upkeep]\n|-heal|p2b: Koraidon|96/100|[from] Grassy Terrain\n|-heal|p1b: Lunala|86/100|[from] Grassy Terrain\n|-heal|p1b: Lunala|92/100|[from] item: Leftovers\n|upkeep\n|turn|3\n|\n|t:|1774019272\n|switch|p2b: Iron Bundle|Iron Bundle, L50|7/100\n|switch|p1a: Kyogre|Kyogre, L50|100/100\n|-weather|RainDance|[from] ability: Drizzle|[of] p1a: Kyogre\n|move|p1b: Lunala|Protect|p1b: Lunala\n|-singleturn|p1b: Lunala|Protect\n|move|p2a: Toxapex|Infestation|p1b: Lunala\n|-activate|p1b: Lunala|move: Protect\n|\n|-weather|RainDance|[upkeep]\n|-heal|p2b: Iron Bundle|13/100|[from] Grassy Terrain\n|-heal|p1b: Lunala|98/100|[from] Grassy Terrain\n|-heal|p1b: Lunala|100/100|[from] item: Leftovers\n|upkeep\n|turn|4\n|\n|t:|1774019284\n|move|p1a: Kyogre|Water Spout|p2b: Iron Bundle|[spread] p2a,p2b\n|-resisted|p2a: Toxapex\n|-resisted|p2b: Iron Bundle\n|-damage|p2a: Toxapex|67/100\n|-damage|p2b: Iron Bundle|0 fnt\n|faint|p2b: Iron Bundle\n|-end|p2b: Iron Bundle|Quark Drive|[silent]\n|move|p1b: Lunala|Moongeist Beam|p2a: Toxapex\n|-damage|p2a: Toxapex|2/100\n|move|p2a: Toxapex|Infestation|p1a: Kyogre\n|-damage|p1a: Kyogre|98/100\n|-activate|p1a: Kyogre|move: Infestation|[of] p2a: Toxapex\n|\n|-weather|RainDance|[upkeep]\n|-heal|p1a: Kyogre|100/100|[from] Grassy Terrain\n|-heal|p2a: Toxapex|8/100|[from] Grassy Terrain\n|-damage|p1a: Kyogre|88/100|[from] move: Infestation|[partiallytrapped]\n|upkeep\n|\n|t:|1774019293\n|switch|p2b: Miraidon|Miraidon, L50|91/100\n|-fieldstart|move: Electric Terrain|[from] ability: Hadron Engine|[of] p2b: Miraidon\n|turn|5\n|-message|shecallmedada forfeited.\n|\n|win|SmogonSetsAreTrash\n|raw|SmogonSetsAreTrash's rating: 1423 &rarr; <strong>1439</strong><br />(+16 for winning)\n|raw|shecallmedada's rating: 1350 &rarr; <strong>1334</strong><br />(-16 for losing)\n|l|\u2606shecallmedada\n|player|p2|\n","uploadtime":1774019305,"views":27,"formatid":"gen9vgc2026regi","rating":1334,"private":0,"password":null}