{"id":"gen9vgc2026regi-2526646736","format":"[Gen 9] VGC 2026 Reg I","players":["i\u2764\u5a1c\u7984forever","ice spice rider"],"log":"|j|\u2606i\u2764\u5a1c\u7984forever\n|j|\u2606ice spice rider\n|t:|1769444204\n|gametype|doubles\n|player|p1|i\u2764\u5a1c\u7984forever|youngcouple-gen4dp|1350\n|player|p2|ice spice rider|2|1435\n|gen|9\n|tier|[Gen 9] VGC 2026 Reg I\n|rated|\n|rule|Species Clause: Limit one of each Pok\u00e9mon\n|rule|Item Clause: Limit 1 of each item\n|clearpoke\n|poke|p1|Groudon, L50|\n|poke|p1|Kyurem-White, L50|\n|poke|p1|Brute Bonnet, L50|\n|poke|p1|Heatran, L50, F|\n|poke|p1|Whimsicott, L50, F|\n|poke|p1|Flutter Mane, L50|\n|poke|p2|Calyrex-Shadow, L50|\n|poke|p2|Zamazenta-*, L50|\n|poke|p2|Ting-Lu, L50|\n|poke|p2|Dondozo, L50, F|\n|poke|p2|Chien-Pao, L50|\n|poke|p2|Ogerpon-Hearthflame, L50, F|\n|teampreview|4\n|\n|t:|1769444241\n|teamsize|p1|4\n|teamsize|p2|4\n|start\n|switch|p1a: Whimsicott|Whimsicott, L50, F|100/100\n|switch|p1b: Kyurem|Kyurem-White, L50|100/100\n|switch|p2a: Jordan 96/97|Ting-Lu, L50|100/100\n|switch|p2b: Ivan Karamazov|Dondozo, L50, F|100/100\n|-ability|p1b: Kyurem|Turboblaze\n|-ability|p2a: Jordan 96/97|Vessel of Ruin\n|turn|1\n|\n|t:|1769444254\n|-terastallize|p2a: Jordan 96/97|Fairy\n|move|p1a: Whimsicott|Endeavor|p2a: Jordan 96/97\n|-damage|p2a: Jordan 96/97|47/100\n|-damage|p1a: Whimsicott|84/100|[from] item: Rocky Helmet|[of] p2a: Jordan 96/97\n|move|p1b: Kyurem|Blizzard|p2a: Jordan 96/97|[spread] p2b\n|-miss|p1b: Kyurem|p2a: Jordan 96/97\n|-enditem|p1b: Kyurem|Blunder Policy\n|-boost|p1b: Kyurem|spe|2\n|-resisted|p2b: Ivan Karamazov\n|-damage|p2b: Ivan Karamazov|86/100\n|move|p2a: Jordan 96/97|Sand Tomb|p1a: Whimsicott\n|-resisted|p1a: Whimsicott\n|-damage|p1a: Whimsicott|72/100\n|-activate|p1a: Whimsicott|move: Sand Tomb|[of] p2a: Jordan 96/97\n|move|p2b: Ivan Karamazov|Yawn|p1b: Kyurem\n|-start|p1b: Kyurem|move: Yawn|[of] p2b: Ivan Karamazov\n|\n|-heal|p2b: Ivan Karamazov|92/100|[from] item: Leftovers\n|-damage|p1a: Whimsicott|60/100|[from] move: Sand Tomb|[partiallytrapped]\n|upkeep\n|turn|2\n|\n|t:|1769444278\n|switch|p1b: Groudon|Groudon, L50|100/100\n|-weather|SunnyDay|[from] ability: Drought|[of] p1b: Groudon\n|move|p1a: Whimsicott|Endeavor|p2b: Ivan Karamazov\n|-damage|p2b: Ivan Karamazov|28/100\n|move|p2a: Jordan 96/97|Sand Tomb|p1b: Groudon\n|-damage|p1b: Groudon|91/100\n|-activate|p1b: Groudon|move: Sand Tomb|[of] p2a: Jordan 96/97\n|move|p2b: Ivan Karamazov|Yawn|p1a: Whimsicott\n|-start|p1a: Whimsicott|move: Yawn|[of] p2b: Ivan Karamazov\n|\n|-weather|SunnyDay|[upkeep]\n|-heal|p2b: Ivan Karamazov|34/100|[from] item: Leftovers\n|-damage|p1a: Whimsicott|47/100|[from] move: Sand Tomb|[partiallytrapped]\n|-damage|p1b: Groudon|79/100|[from] move: Sand Tomb|[partiallytrapped]\n|upkeep\n|turn|3\n|\n|t:|1769444300\n|move|p2a: Jordan 96/97|Protect|p2a: Jordan 96/97\n|-singleturn|p2a: Jordan 96/97|Protect\n|move|p2b: Ivan Karamazov|Protect|p2b: Ivan Karamazov\n|-singleturn|p2b: Ivan Karamazov|Protect\n|move|p1a: Whimsicott|Endeavor|p2a: Jordan 96/97\n|-activate|p2a: Jordan 96/97|move: Protect\n|move|p1b: Groudon|Precipice Blades|p2a: Jordan 96/97|[spread] \n|-activate|p2a: Jordan 96/97|move: Protect\n|-activate|p2b: Ivan Karamazov|move: Protect\n|\n|-weather|SunnyDay|[upkeep]\n|-heal|p2b: Ivan Karamazov|41/100|[from] item: Leftovers\n|-damage|p1a: Whimsicott|35/100|[from] move: Sand Tomb|[partiallytrapped]\n|-damage|p1b: Groudon|67/100|[from] move: Sand Tomb|[partiallytrapped]\n|-end|p1a: Whimsicott|move: Yawn|[silent]\n|-status|p1a: Whimsicott|slp\n|upkeep\n|turn|4\n|\n|t:|1769444323\n|cant|p1a: Whimsicott|slp\n|move|p1b: Groudon|Precipice Blades|p2b: Ivan Karamazov|[spread] p2a,p2b\n|-damage|p2a: Jordan 96/97|21/100\n|-damage|p2b: Ivan Karamazov|10/100\n|move|p2a: Jordan 96/97|Stealth Rock|p1a: Whimsicott\n|-sidestart|p1: i\u2764\u5a1c\u7984forever|move: Stealth Rock\n|move|p2b: Ivan Karamazov|Yawn|p1b: Groudon\n|-start|p1b: Groudon|move: Yawn|[of] p2b: Ivan Karamazov\n|\n|-weather|SunnyDay|[upkeep]\n|-heal|p2b: Ivan Karamazov|16/100|[from] item: Leftovers\n|-damage|p1a: Whimsicott|22/100 slp|[from] move: Sand Tomb|[partiallytrapped]\n|-damage|p1b: Groudon|55/100|[from] move: Sand Tomb|[partiallytrapped]\n|upkeep\n|turn|5\n|\n|t:|1769444351\n|move|p2b: Ivan Karamazov|Protect|p2b: Ivan Karamazov\n|-singleturn|p2b: Ivan Karamazov|Protect\n|-curestatus|p1a: Whimsicott|slp|[msg]\n|move|p1a: Whimsicott|Tailwind|p1a: Whimsicott\n|-sidestart|p1: i\u2764\u5a1c\u7984forever|move: Tailwind\n|move|p1b: Groudon|Precipice Blades|p2a: Jordan 96/97|[spread] p2a\n|-activate|p2b: Ivan Karamazov|move: Protect\n|-damage|p2a: Jordan 96/97|0 fnt\n|faint|p2a: Jordan 96/97\n|\n|-weather|SunnyDay|[upkeep]\n|-heal|p2b: Ivan Karamazov|22/100|[from] item: Leftovers\n|-end|p1a: Whimsicott|Sand Tomb|[partiallytrapped]|[silent]\n|-end|p1b: Groudon|Sand Tomb|[partiallytrapped]|[silent]\n|-end|p1b: Groudon|move: Yawn|[silent]\n|-status|p1b: Groudon|slp\n|upkeep\n|\n|t:|1769444361\n|switch|p2a: 221 speed|Calyrex-Shadow, L50|100/100\n|-ability|p2a: 221 speed|As One\n|-ability|p2a: 221 speed|Unnerve\n|turn|6\n|\n|t:|1769444369\n|move|p1a: Whimsicott|Energy Ball|p2b: Ivan Karamazov\n|-supereffective|p2b: Ivan Karamazov\n|-damage|p2b: Ivan Karamazov|0 fnt\n|faint|p2b: Ivan Karamazov\n|cant|p1b: Groudon|slp\n|move|p2a: 221 speed|Astral Barrage|p1b: Groudon|[spread] p1a,p1b\n|-crit|p1a: Whimsicott\n|-damage|p1a: Whimsicott|0 fnt\n|-damage|p1b: Groudon|23/100 slp\n|faint|p1a: Whimsicott\n|-ability|p2a: 221 speed|Grim Neigh|boost\n|-boost|p2a: 221 speed|spa|1\n|\n|-weather|none\n|upkeep\n|\n|t:|1769444380\n|switch|p1a: Kyurem|Kyurem-White, L50|100/100\n|switch|p2b: Magnus Carlsen|Zamazenta-Crowned, L50|100/100\n|-damage|p1a: Kyurem|75/100|[from] Stealth Rock\n|-ability|p1a: Kyurem|Turboblaze\n|-ability|p2b: Magnus Carlsen|Dauntless Shield|boost\n|-boost|p2b: Magnus Carlsen|def|1\n|turn|7\n|\n|t:|1769444403\n|move|p1a: Kyurem|Shadow Ball|p2a: 221 speed\n|-supereffective|p2a: 221 speed\n|-enditem|p2a: 221 speed|Focus Sash\n|-damage|p2a: 221 speed|1/100\n|-unboost|p2a: 221 speed|spd|1\n|-curestatus|p1b: Groudon|slp|[msg]\n|move|p1b: Groudon|Precipice Blades|p2a: 221 speed|[spread] p2a,p2b\n|-supereffective|p2b: Magnus Carlsen\n|-damage|p2a: 221 speed|0 fnt\n|-damage|p2b: Magnus Carlsen|56/100\n|faint|p2a: 221 speed\n|move|p2b: Magnus Carlsen|Body Press|p1a: Kyurem\n|-supereffective|p1a: Kyurem\n|-damage|p1a: Kyurem|0 fnt\n|faint|p1a: Kyurem\n|\n|upkeep\n|\n|t:|1769444417\n|switch|p1a: Heatran|Heatran, L50, F|100/100\n|-damage|p1a: Heatran|88/100|[from] Stealth Rock\n|turn|8\n|\n|t:|1769444430\n|-terastallize|p1a: Heatran|Fire\n|move|p2b: Magnus Carlsen|Protect|p2b: Magnus Carlsen\n|-singleturn|p2b: Magnus Carlsen|Protect\n|move|p1b: Groudon|Precipice Blades|p2b: Magnus Carlsen\n|-activate|p2b: Magnus Carlsen|move: Protect\n|move|p1a: Heatran|Substitute|p1a: Heatran\n|-start|p1a: Heatran|Substitute\n|-damage|p1a: Heatran|64/100\n|\n|-heal|p1a: Heatran|70/100|[from] item: Leftovers\n|-sideend|p1: i\u2764\u5a1c\u7984forever|move: Tailwind\n|upkeep\n|turn|9\n|\n|t:|1769444442\n|move|p2b: Magnus Carlsen|Body Press|p1b: Groudon\n|-crit|p1b: Groudon\n|-damage|p1b: Groudon|0 fnt\n|faint|p1b: Groudon\n|move|p1a: Heatran|Heat Wave|p2b: Magnus Carlsen\n|-supereffective|p2b: Magnus Carlsen\n|-damage|p2b: Magnus Carlsen|0 fnt\n|faint|p2b: Magnus Carlsen\n|\n|win|i\u2764\u5a1c\u7984forever\n|raw|i\u2764\u5a1c\u7984forever's rating: 1350 &rarr; <strong>1375</strong><br />(+25 for winning)\n|raw|ice spice rider's rating: 1435 &rarr; <strong>1410</strong><br />(-25 for losing)\n|l|\u2606ice spice rider\n|player|p2|\n|l|\u2606i\u2764\u5a1c\u7984forever\n|player|p1|\n","uploadtime":1769444638,"views":13,"formatid":"gen9vgc2026regi","rating":1375,"private":0,"password":null}