{"id":"gen9vgc2026regi-2577920866","format":"[Gen 9] VGC 2026 Reg I","players":["white__w0lf","navinsachump"],"log":"|j|\u2606white__w0lf\n|j|\u2606navinsachump\n|t:|1775620784\n|gametype|doubles\n|player|p1|white__w0lf|iris|1390\n|player|p2|navinsachump|265|1505\n|gen|9\n|tier|[Gen 9] VGC 2026 Reg I\n|rated|\n|rule|Species Clause: Limit one of each Pok\u00e9mon\n|rule|Item Clause: Limit 1 of each item\n|clearpoke\n|poke|p1|Ho-Oh, L50|\n|poke|p1|Miraidon, L50|\n|poke|p1|Torterra, L50, M|\n|poke|p1|Raichu-Alola, L50, F|\n|poke|p1|Farigiraf, L50, F|\n|poke|p1|Kingambit, L50, F|\n|poke|p2|Calyrex-Shadow, L50|\n|poke|p2|Koraidon, L50|\n|poke|p2|Raging Bolt, L50|\n|poke|p2|Brute Bonnet, L50|\n|poke|p2|Landorus, L50, M|\n|poke|p2|Incineroar, L50, M|\n|teampreview|4\n|inactive|Battle timer is ON: inactive players will automatically lose when time's up. (requested by white__w0lf)\n|\n|t:|1775620809\n|teamsize|p1|4\n|teamsize|p2|4\n|start\n|switch|p1a: Miraidon|Miraidon, L50|100/100\n|switch|p1b: Raichu|Raichu-Alola, L50, F|100/100\n|switch|p2a: Calyrex|Calyrex-Shadow, L50|100/100\n|switch|p2b: Raging Bolt|Raging Bolt, L50|100/100\n|-ability|p2a: Calyrex|As One\n|-ability|p2a: Calyrex|Unnerve\n|-fieldstart|move: Electric Terrain|[from] ability: Hadron Engine|[of] p1a: Miraidon\n|turn|1\n|inactive|white__w0lf has 30 seconds left.\n|inactive|white__w0lf has 20 seconds left.\n|\n|t:|1775620847\n|-terastallize|p2b: Raging Bolt|Electric\n|move|p1b: Raichu|Fake Out|p2b: Raging Bolt\n|-damage|p2b: Raging Bolt|95/100\n|move|p2a: Calyrex|Astral Barrage|p1a: Miraidon|[spread] p1a,p1b\n|-supereffective|p1b: Raichu\n|-crit|p1b: Raichu\n|-damage|p1a: Miraidon|52/100\n|-enditem|p1b: Raichu|Focus Sash\n|-damage|p1b: Raichu|1/100\n|move|p1a: Miraidon|Electro Drift|p2a: Calyrex\n|-crit|p2a: Calyrex\n|-enditem|p2a: Calyrex|Focus Sash\n|-damage|p2a: Calyrex|1/100\n|cant|p2b: Raging Bolt|flinch\n|\n|upkeep\n|turn|2\n|inactive|white__w0lf has 30 seconds left.\n|inactive|white__w0lf has 20 seconds left.\n|\n|t:|1775620886\n|switch|p1a: Ho-Oh|Ho-Oh, L50|100/100\n|move|p1b: Raichu|Electroweb|p2b: Raging Bolt|[spread] p2a,p2b\n|-resisted|p2b: Raging Bolt\n|-damage|p2a: Calyrex|0 fnt\n|-damage|p2b: Raging Bolt|88/100\n|-unboost|p2b: Raging Bolt|spe|1\n|faint|p2a: Calyrex\n|move|p2b: Raging Bolt|Dragon Pulse|p1a: Ho-Oh\n|-damage|p1a: Ho-Oh|70/100\n|\n|upkeep\n|\n|t:|1775620900\n|switch|p2a: Koraidon|Koraidon, L50|100/100\n|-weather|SunnyDay|[from] ability: Orichalcum Pulse|[of] p2a: Koraidon\n|-activate|p2b: Raging Bolt|ability: Protosynthesis\n|-start|p2b: Raging Bolt|protosynthesisspa\n|-activate|p2a: Koraidon|Orichalcum Pulse|[source]\n|turn|3\n|inactive|white__w0lf has 30 seconds left.\n|inactive|white__w0lf has 20 seconds left.\n|inactive|white__w0lf has 15 seconds left.\n|inactive|white__w0lf has 10 seconds left.\n|\n|t:|1775620948\n|move|p1b: Raichu|Encore|p2b: Raging Bolt\n|-start|p2b: Raging Bolt|Encore\n|move|p2a: Koraidon|Flame Charge|p1b: Raichu\n|-damage|p1b: Raichu|0 fnt\n|-boost|p2a: Koraidon|spe|1\n|faint|p1b: Raichu\n|move|p1a: Ho-Oh|Tailwind|p1a: Ho-Oh\n|-sidestart|p1: white__w0lf|move: Tailwind\n|move|p2b: Raging Bolt|Dragon Pulse|p1a: Ho-Oh\n|-damage|p1a: Ho-Oh|35/100\n|\n|-weather|SunnyDay|[upkeep]\n|upkeep\n|inactive|white__w0lf has 30 seconds left.\n|inactive|white__w0lf has 20 seconds left.\n|inactive|white__w0lf has 15 seconds left.\n|\n|t:|1775620990\n|switch|p1b: Miraidon|Miraidon, L50|52/100\n|-activate|p1b: Miraidon|ability: Hadron Engine\n|turn|4\n|\n|t:|1775621014\n|switch|p1a: Torterra|Torterra, L50, M|100/100\n|-terastallize|p1b: Miraidon|Fairy\n|move|p2a: Koraidon|Protect|p2a: Koraidon\n|-singleturn|p2a: Koraidon|Protect\n|move|p1b: Miraidon|Dazzling Gleam|p2a: Koraidon|[spread] p2b\n|-activate|p2a: Koraidon|move: Protect\n|-damage|p2b: Raging Bolt|42/100\n|move|p2b: Raging Bolt|Dragon Pulse|p1a: Torterra\n|-damage|p1a: Torterra|41/100\n|\n|-weather|SunnyDay|[upkeep]\n|upkeep\n|turn|5\n|\n|t:|1775621029\n|switch|p2a: Landorus|Landorus, L50, M|100/100\n|move|p1b: Miraidon|Dazzling Gleam|p2a: Landorus|[spread] p2a,p2b\n|-damage|p2a: Landorus|38/100\n|-damage|p2b: Raging Bolt|0 fnt\n|faint|p2b: Raging Bolt\n|-end|p2b: Raging Bolt|Protosynthesis|[silent]\n|move|p1a: Torterra|Headlong Rush|p2a: Landorus\n|-immune|p2a: Landorus\n|\n|-weather|SunnyDay|[upkeep]\n|-fieldend|move: Electric Terrain\n|upkeep\n|\n|t:|1775621034\n|switch|p2b: Koraidon|Koraidon, L50|100/100\n|-activate|p2b: Koraidon|ability: Orichalcum Pulse\n|turn|6\n|\n|t:|1775621045\n|switch|p1a: Ho-Oh|Ho-Oh, L50|68/100\n|move|p2b: Koraidon|Protect|p2b: Koraidon\n|-singleturn|p2b: Koraidon|Protect\n|move|p2a: Landorus|Protect|p2a: Landorus\n|-singleturn|p2a: Landorus|Protect\n|move|p1b: Miraidon|Dazzling Gleam|p2a: Landorus|[spread] \n|-activate|p2a: Landorus|move: Protect\n|-activate|p2b: Koraidon|move: Protect\n|\n|-weather|SunnyDay|[upkeep]\n|-sideend|p1: white__w0lf|move: Tailwind\n|upkeep\n|turn|7\n|inactive|white__w0lf has 30 seconds left.\n|\n|t:|1775621076\n|switch|p1b: Torterra|Torterra, L50, M|41/100\n|move|p2b: Koraidon|Flare Blitz|p1b: Torterra\n|-supereffective|p1b: Torterra\n|-damage|p1b: Torterra|0 fnt\n|faint|p1b: Torterra\n|-damage|p2b: Koraidon|87/100|[from] Recoil\n|move|p2a: Landorus|Sludge Bomb|p1a: Ho-Oh\n|-damage|p1a: Ho-Oh|39/100\n|move|p1a: Ho-Oh|Tailwind|p1a: Ho-Oh\n|-sidestart|p1: white__w0lf|move: Tailwind\n|\n|-weather|none\n|upkeep\n|\n|t:|1775621079\n|switch|p1b: Miraidon|Miraidon, L50, tera:Fairy|52/100\n|-fieldstart|move: Electric Terrain|[from] ability: Hadron Engine|[of] p1b: Miraidon\n|turn|8\n|-message|navinsachump forfeited.\n|\n|win|white__w0lf\n|raw|white__w0lf's rating: 1390 &rarr; <strong>1416</strong><br />(+26 for winning)\n|raw|navinsachump's rating: 1505 &rarr; <strong>1479</strong><br />(-26 for losing)\n|l|\u2606navinsachump\n|player|p2|\n|l|\u2606white__w0lf\n|player|p1|\n","uploadtime":1775621359,"views":12,"formatid":"gen9vgc2026regi","rating":1416,"private":0,"password":null}