{"id":"gen9vgc2026regi-2546918286","format":"[Gen 9] VGC 2026 Reg I","players":["dasabe\u76d6\u6b27\u5361\u4fa0","KogaAF1219"],"log":"|j|\u2606dasabe\u76d6\u6b27\u5361\u4fa0\n|j|\u2606KogaAF1219\n|t:|1772029584\n|gametype|doubles\n|player|p1|dasabe\u76d6\u6b27\u5361\u4fa0|may-masters4|1569\n|player|p2|KogaAF1219|266|1493\n|gen|9\n|tier|[Gen 9] VGC 2026 Reg I\n|rated|\n|rule|Species Clause: Limit one of each Pok\u00e9mon\n|rule|Item Clause: Limit 1 of each item\n|clearpoke\n|poke|p1|Kyogre, L50|\n|poke|p1|Miraidon, L50|\n|poke|p1|Whimsicott, L50, F|\n|poke|p1|Iron Hands, L50|\n|poke|p1|Farigiraf, L50, F|\n|poke|p1|Urshifu-*, L50, M|\n|poke|p2|Rotom-Fan, L50|\n|poke|p2|Groudon, L50|\n|poke|p2|Calyrex-Shadow, L50|\n|poke|p2|Indeedee, L50, M|\n|poke|p2|Hitmontop, L50, M|\n|poke|p2|Ogerpon-Cornerstone, L50, F|\n|teampreview|4\n|j| eggyhvevo\n|inactive|Battle timer is ON: inactive players will automatically lose when time's up. (requested by KogaAF1219)\n|\n|t:|1772029622\n|teamsize|p1|4\n|teamsize|p2|4\n|start\n|switch|p1a: \u5996\u820d\u7cbe\u62c9|Whimsicott, L50, F, shiny|100/100\n|switch|p1b: \u4e94\u5bfc\u718a\u6e7f|Urshifu, L50, M|100/100\n|switch|p2a: Rotom|Rotom-Fan, L50|100/100\n|switch|p2b: Hitmontop|Hitmontop, L50, M|100/100\n|-ability|p2b: Hitmontop|Intimidate|boost\n|-unboost|p1a: \u5996\u820d\u7cbe\u62c9|atk|1\n|-unboost|p1b: \u4e94\u5bfc\u718a\u6e7f|atk|1\n|turn|1\n|\n|t:|1772029631\n|move|p2b: Hitmontop|Fake Out|p1b: \u4e94\u5bfc\u718a\u6e7f\n|-damage|p1b: \u4e94\u5bfc\u718a\u6e7f|87/100\n|move|p1a: \u5996\u820d\u7cbe\u62c9|Encore|p2b: Hitmontop\n|-start|p2b: Hitmontop|Encore\n|move|p2a: Rotom|Discharge|p1b: \u4e94\u5bfc\u718a\u6e7f|[spread] p2b,p1a,p1b\n|-resisted|p1a: \u5996\u820d\u7cbe\u62c9\n|-damage|p2b: Hitmontop|78/100\n|-damage|p1a: \u5996\u820d\u7cbe\u62c9|78/100\n|-damage|p1b: \u4e94\u5bfc\u718a\u6e7f|53/100\n|-enditem|p2b: Hitmontop|Eject Button\n|\n|t:|1772029643\n|switch|p2b: Calyrex|Calyrex-Shadow, L50|100/100\n|-ability|p2b: Calyrex|As One\n|-ability|p2b: Calyrex|Unnerve\n|cant|p1b: \u4e94\u5bfc\u718a\u6e7f|flinch\n|\n|upkeep\n|turn|2\n|j| westtail_VGC\n|l| westtail_VGC\n|l| eggyhvevo\n|inactive|dasabe\u76d6\u6b27\u5361\u4fa0 has 30 seconds left.\n|\n|t:|1772029668\n|-terastallize|p2b: Calyrex|Ground\n|move|p1a: \u5996\u820d\u7cbe\u62c9|Tailwind|p1a: \u5996\u820d\u7cbe\u62c9\n|-sidestart|p1: dasabe\u76d6\u6b27\u5361\u4fa0|move: Tailwind\n|move|p1b: \u4e94\u5bfc\u718a\u6e7f|Wicked Blow|p2a: Rotom\n|-crit|p2a: Rotom\n|-damage|p2a: Rotom|0 fnt\n|faint|p2a: Rotom\n|move|p2b: Calyrex|Astral Barrage|p1a: \u5996\u820d\u7cbe\u62c9|[spread] p1a,p1b\n|-resisted|p1b: \u4e94\u5bfc\u718a\u6e7f\n|-damage|p1a: \u5996\u820d\u7cbe\u62c9|0 fnt\n|-damage|p1b: \u4e94\u5bfc\u718a\u6e7f|0 fnt\n|faint|p1a: \u5996\u820d\u7cbe\u62c9\n|faint|p1b: \u4e94\u5bfc\u718a\u6e7f\n|-ability|p2b: Calyrex|Grim Neigh|boost\n|-boost|p2b: Calyrex|spa|2\n|-damage|p2b: Calyrex|91/100|[from] item: Life Orb\n|\n|upkeep\n|\n|t:|1772029678\n|switch|p1a: \u6210\u90fd\u8001\u76d6|Kyogre, L50, shiny|100/100\n|switch|p2a: Hitmontop|Hitmontop, L50, M|78/100\n|switch|p1b: \u94f6\u91d1\u5996\u86c7|Miraidon, L50, shiny|100/100\n|-fieldstart|move: Electric Terrain|[from] ability: Hadron Engine|[of] p1b: \u94f6\u91d1\u5996\u86c7\n|-weather|RainDance|[from] ability: Drizzle|[of] p1a: \u6210\u90fd\u8001\u76d6\n|-ability|p2a: Hitmontop|Intimidate|boost\n|-unboost|p1a: \u6210\u90fd\u8001\u76d6|atk|1\n|-unboost|p1b: \u94f6\u91d1\u5996\u86c7|atk|1\n|turn|3\n|\n|t:|1772029698\n|switch|p2b: Groudon|Groudon, L50, shiny|100/100\n|-weather|SunnyDay|[from] ability: Drought|[of] p2b: Groudon\n|move|p2a: Hitmontop|Fake Out|p1a: \u6210\u90fd\u8001\u76d6\n|-damage|p1a: \u6210\u90fd\u8001\u76d6|86/100\n|move|p1b: \u94f6\u91d1\u5996\u86c7|Draco Meteor|p2b: Groudon\n|-damage|p2b: Groudon|0 fnt\n|-unboost|p1b: \u94f6\u91d1\u5996\u86c7|spa|2\n|faint|p2b: Groudon\n|-damage|p1b: \u94f6\u91d1\u5996\u86c7|91/100|[from] item: Life Orb\n|cant|p1a: \u6210\u90fd\u8001\u76d6|flinch\n|\n|-weather|SunnyDay|[upkeep]\n|upkeep\n|j| westtail_VGC\n|\n|t:|1772029708\n|switch|p2b: Calyrex|Calyrex-Shadow, L50, tera:Ground|91/100\n|-ability|p2b: Calyrex|As One\n|-ability|p2b: Calyrex|Unnerve\n|turn|4\n|\n|t:|1772029716\n|-terastallize|p1a: \u6210\u90fd\u8001\u76d6|Water\n|move|p2a: Hitmontop|Wide Guard|p2a: Hitmontop\n|-singleturn|p2a: Hitmontop|Wide Guard\n|move|p1b: \u94f6\u91d1\u5996\u86c7|Electro Drift|p2a: Hitmontop\n|-damage|p2a: Hitmontop|8/100\n|-damage|p1b: \u94f6\u91d1\u5996\u86c7|81/100|[from] item: Life Orb\n|move|p1a: \u6210\u90fd\u8001\u76d6|Hydro Pump|p2b: Calyrex\n|-supereffective|p2b: Calyrex\n|-damage|p2b: Calyrex|0 fnt\n|faint|p2b: Calyrex\n|\n|-weather|SunnyDay|[upkeep]\n|upkeep\n|turn|5\n|j| alex20101010\u65e0\u538b\u529b\u4e4b\u4eba\n|-message|KogaAF1219 forfeited.\n|\n|win|dasabe\u76d6\u6b27\u5361\u4fa0\n|raw|dasabe\u76d6\u6b27\u5361\u4fa0's rating: 1569 &rarr; <strong>1585</strong><br />(+16 for winning)\n|raw|KogaAF1219's rating: 1493 &rarr; <strong>1477</strong><br />(-16 for losing)\n|l|\u2606KogaAF1219\n|player|p2|\n|l| alex20101010\u65e0\u538b\u529b\u4e4b\u4eba\n|l|\u2606dasabe\u76d6\u6b27\u5361\u4fa0\n|player|p1|\n|j|\u2606KogaAF1219\n|player|p2|KogaAF1219|266|\n|l|\u2606KogaAF1219\n|player|p2|\n|j| Yancy0721\u56fe\u56fe\u72ac\u4fa0\n|j| mysterious xmx\n|l| westtail_VGC\n|j| vaehang\n|l| vaehang\n","uploadtime":1772029912,"views":16,"formatid":"gen9vgc2026regi","rating":1477,"private":0,"password":null}