{"id":"gen9vgc2026regi-2564411933","format":"[Gen 9] VGC 2026 Reg I","players":["BanKingambit69247","Todra507"],"log":"|j|\u2606BanKingambit69247\n|j|\u2606Todra507\n|t:|1774142572\n|gametype|doubles\n|player|p1|BanKingambit69247|lucas|1433\n|player|p2|Todra507|swimmer-gen4|1453\n|gen|9\n|tier|[Gen 9] VGC 2026 Reg I\n|rated|\n|rule|Species Clause: Limit one of each Pok\u00e9mon\n|rule|Item Clause: Limit 1 of each item\n|clearpoke\n|poke|p1|Calyrex-Shadow, L50|\n|poke|p1|Zamazenta-*, L50|\n|poke|p1|Chien-Pao, L50|\n|poke|p1|Dragonite, L50, F|\n|poke|p1|Ogerpon-Wellspring, L50, F|\n|poke|p1|Smeargle, L50, M|\n|poke|p2|Koraidon, L50|\n|poke|p2|Ho-Oh, L50|\n|poke|p2|Iron Treads, L50|\n|poke|p2|Incineroar, L50, F|\n|poke|p2|Raging Bolt, L50|\n|poke|p2|Flutter Mane, L50|\n|teampreview|4\n|inactive|Battle timer is ON: inactive players will automatically lose when time's up. (requested by Todra507)\n|inactive|Todra507 has 60 seconds left.\n|\n|t:|1774142619\n|teamsize|p1|4\n|teamsize|p2|4\n|start\n|switch|p1a: \u6211\u5927\u54e5|Smeargle, L50, M|100/100\n|switch|p1b: \u8bf6\u4f60\u600e\u4e48\u6b7b\u4e86?\u267f\u267f\u267f|Calyrex-Shadow, L50|100/100\n|switch|p2a: Flutter Mane|Flutter Mane, L50|100/100\n|switch|p2b: Ho-Oh|Ho-Oh, L50|100/100\n|-ability|p1b: \u8bf6\u4f60\u600e\u4e48\u6b7b\u4e86?\u267f\u267f\u267f|As One\n|-ability|p1b: \u8bf6\u4f60\u600e\u4e48\u6b7b\u4e86?\u267f\u267f\u267f|Unnerve\n|turn|1\n|\n|t:|1774142630\n|-terastallize|p1b: \u8bf6\u4f60\u600e\u4e48\u6b7b\u4e86?\u267f\u267f\u267f|Ghost\n|move|p1a: \u6211\u5927\u54e5|Fake Out|p2b: Ho-Oh\n|-damage|p2b: Ho-Oh|89/100\n|move|p1b: \u8bf6\u4f60\u600e\u4e48\u6b7b\u4e86?\u267f\u267f\u267f|Astral Barrage|p2b: Ho-Oh|[spread] p2a,p2b\n|-supereffective|p2a: Flutter Mane\n|-enditem|p2a: Flutter Mane|Focus Sash\n|-damage|p2a: Flutter Mane|1/100\n|-damage|p2b: Ho-Oh|23/100\n|move|p2a: Flutter Mane|Taunt|p1a: \u6211\u5927\u54e5\n|-start|p1a: \u6211\u5927\u54e5|move: Taunt\n|cant|p2b: Ho-Oh|flinch\n|\n|upkeep\n|turn|2\n|\n|t:|1774142643\n|switch|p1b: \u6211\u7684\u5de8\u517d\u5f39\u56de\u6765\u5566!\ud83d\udc37\ud83d\udc37\ud83d\udc37|Chien-Pao, L50|100/100\n|-ability|p1b: \u6211\u7684\u5de8\u517d\u5f39\u56de\u6765\u5566!\ud83d\udc37\ud83d\udc37\ud83d\udc37|Sword of Ruin\n|switch|p2b: Raging Bolt|Raging Bolt, L50|100/100\n|move|p1a: \u6211\u5927\u54e5|Feint|p2b: Raging Bolt\n|-damage|p2b: Raging Bolt|89/100\n|move|p2a: Flutter Mane|Icy Wind|p1b: \u6211\u7684\u5de8\u517d\u5f39\u56de\u6765\u5566!\ud83d\udc37\ud83d\udc37\ud83d\udc37|[spread] p1a,p1b\n|-resisted|p1b: \u6211\u7684\u5de8\u517d\u5f39\u56de\u6765\u5566!\ud83d\udc37\ud83d\udc37\ud83d\udc37\n|-damage|p1a: \u6211\u5927\u54e5|65/100\n|-damage|p1b: \u6211\u7684\u5de8\u517d\u5f39\u56de\u6765\u5566!\ud83d\udc37\ud83d\udc37\ud83d\udc37|94/100\n|-unboost|p1a: \u6211\u5927\u54e5|spe|1\n|-unboost|p1b: \u6211\u7684\u5de8\u517d\u5f39\u56de\u6765\u5566!\ud83d\udc37\ud83d\udc37\ud83d\udc37|spe|1\n|\n|upkeep\n|turn|3\n|\n|t:|1774142658\n|switch|p1a: \u5f3a\u8005\u5c31\u662f\u8981\u7f9e\u8fb1\u5f31\u8005\ud83d\udc36\ud83d\udc36\ud83d\udc36|Zamazenta-Crowned, L50|100/100\n|-ability|p1a: \u5f3a\u8005\u5c31\u662f\u8981\u7f9e\u8fb1\u5f31\u8005\ud83d\udc36\ud83d\udc36\ud83d\udc36|Dauntless Shield|boost\n|-boost|p1a: \u5f3a\u8005\u5c31\u662f\u8981\u7f9e\u8fb1\u5f31\u8005\ud83d\udc36\ud83d\udc36\ud83d\udc36|def|1\n|move|p2a: Flutter Mane|Moonblast|p1b: \u6211\u7684\u5de8\u517d\u5f39\u56de\u6765\u5566!\ud83d\udc37\ud83d\udc37\ud83d\udc37\n|-supereffective|p1b: \u6211\u7684\u5de8\u517d\u5f39\u56de\u6765\u5566!\ud83d\udc37\ud83d\udc37\ud83d\udc37\n|-damage|p1b: \u6211\u7684\u5de8\u517d\u5f39\u56de\u6765\u5566!\ud83d\udc37\ud83d\udc37\ud83d\udc37|0 fnt\n|faint|p1b: \u6211\u7684\u5de8\u517d\u5f39\u56de\u6765\u5566!\ud83d\udc37\ud83d\udc37\ud83d\udc37\n|move|p2b: Raging Bolt|Electroweb|p1a: \u5f3a\u8005\u5c31\u662f\u8981\u7f9e\u8fb1\u5f31\u8005\ud83d\udc36\ud83d\udc36\ud83d\udc36\n|-damage|p1a: \u5f3a\u8005\u5c31\u662f\u8981\u7f9e\u8fb1\u5f31\u8005\ud83d\udc36\ud83d\udc36\ud83d\udc36|79/100\n|-unboost|p1a: \u5f3a\u8005\u5c31\u662f\u8981\u7f9e\u8fb1\u5f31\u8005\ud83d\udc36\ud83d\udc36\ud83d\udc36|spe|1\n|\n|upkeep\n|\n|t:|1774142677\n|switch|p1b: \u8bf6\u4f60\u600e\u4e48\u6b7b\u4e86?\u267f\u267f\u267f|Calyrex-Shadow, L50, tera:Ghost|100/100\n|-ability|p1b: \u8bf6\u4f60\u600e\u4e48\u6b7b\u4e86?\u267f\u267f\u267f|As One\n|-ability|p1b: \u8bf6\u4f60\u600e\u4e48\u6b7b\u4e86?\u267f\u267f\u267f|Unnerve\n|turn|4\n|\n|t:|1774142686\n|-terastallize|p2b: Raging Bolt|Fairy\n|move|p2a: Flutter Mane|Protect|p2a: Flutter Mane\n|-singleturn|p2a: Flutter Mane|Protect\n|move|p1b: \u8bf6\u4f60\u600e\u4e48\u6b7b\u4e86?\u267f\u267f\u267f|Astral Barrage|p2a: Flutter Mane|[spread] p2b\n|-activate|p2a: Flutter Mane|move: Protect\n|-crit|p2b: Raging Bolt\n|-damage|p2b: Raging Bolt|0 fnt\n|faint|p2b: Raging Bolt\n|-end|p2b: Raging Bolt|Protosynthesis|[silent]\n|-ability|p1b: \u8bf6\u4f60\u600e\u4e48\u6b7b\u4e86?\u267f\u267f\u267f|Grim Neigh|boost\n|-boost|p1b: \u8bf6\u4f60\u600e\u4e48\u6b7b\u4e86?\u267f\u267f\u267f|spa|1\n|move|p1a: \u5f3a\u8005\u5c31\u662f\u8981\u7f9e\u8fb1\u5f31\u8005\ud83d\udc36\ud83d\udc36\ud83d\udc36|Body Press|p2a: Flutter Mane\n|-activate|p2a: Flutter Mane|move: Protect\n|\n|upkeep\n|\n|t:|1774142693\n|switch|p2b: Koraidon|Koraidon, L50|100/100\n|-weather|SunnyDay|[from] ability: Orichalcum Pulse|[of] p2b: Koraidon\n|-activate|p2a: Flutter Mane|ability: Protosynthesis\n|-start|p2a: Flutter Mane|protosynthesisspe\n|-activate|p2b: Koraidon|Orichalcum Pulse|[source]\n|turn|5\n|\n|t:|1774142707\n|move|p1a: \u5f3a\u8005\u5c31\u662f\u8981\u7f9e\u8fb1\u5f31\u8005\ud83d\udc36\ud83d\udc36\ud83d\udc36|Wide Guard|p1a: \u5f3a\u8005\u5c31\u662f\u8981\u7f9e\u8fb1\u5f31\u8005\ud83d\udc36\ud83d\udc36\ud83d\udc36\n|-singleturn|p1a: \u5f3a\u8005\u5c31\u662f\u8981\u7f9e\u8fb1\u5f31\u8005\ud83d\udc36\ud83d\udc36\ud83d\udc36|Wide Guard\n|move|p2a: Flutter Mane|Icy Wind|p1a: \u5f3a\u8005\u5c31\u662f\u8981\u7f9e\u8fb1\u5f31\u8005\ud83d\udc36\ud83d\udc36\ud83d\udc36|[spread] \n|-activate|p1a: \u5f3a\u8005\u5c31\u662f\u8981\u7f9e\u8fb1\u5f31\u8005\ud83d\udc36\ud83d\udc36\ud83d\udc36|move: Wide Guard\n|-activate|p1b: \u8bf6\u4f60\u600e\u4e48\u6b7b\u4e86?\u267f\u267f\u267f|move: Wide Guard\n|move|p1b: \u8bf6\u4f60\u600e\u4e48\u6b7b\u4e86?\u267f\u267f\u267f|Astral Barrage|p2a: Flutter Mane|[spread] p2a,p2b\n|-supereffective|p2a: Flutter Mane\n|-damage|p2a: Flutter Mane|0 fnt\n|-damage|p2b: Koraidon|0 fnt\n|faint|p2a: Flutter Mane\n|-end|p2a: Flutter Mane|Protosynthesis|[silent]\n|faint|p2b: Koraidon\n|-ability|p1b: \u8bf6\u4f60\u600e\u4e48\u6b7b\u4e86?\u267f\u267f\u267f|Grim Neigh|boost\n|-boost|p1b: \u8bf6\u4f60\u600e\u4e48\u6b7b\u4e86?\u267f\u267f\u267f|spa|2\n|\n|-weather|SunnyDay|[upkeep]\n|upkeep\n|-message|Todra507 forfeited.\n|\n|win|BanKingambit69247\n|raw|BanKingambit69247's rating: 1433 &rarr; <strong>1454</strong><br />(+21 for winning)\n|raw|Todra507's rating: 1453 &rarr; <strong>1432</strong><br />(-21 for losing)\n|l|\u2606Todra507\n|player|p2|\n","uploadtime":1774142715,"views":12,"formatid":"gen9vgc2026regi","rating":1432,"private":0,"password":null}