{"id":"gen9vgc2026regi-2553387657","format":"[Gen 9] VGC 2026 Reg I","players":["Auroraa82","Pokemonst3r"],"log":"|j|\u2606Auroraa82\n|j|\u2606Pokemonst3r\n|t:|1772826201\n|gametype|doubles\n|player|p1|Auroraa82|wallace|1382\n|player|p2|Pokemonst3r|101|1578\n|gen|9\n|tier|[Gen 9] VGC 2026 Reg I\n|rated|\n|rule|Species Clause: Limit one of each Pok\u00e9mon\n|rule|Item Clause: Limit 1 of each item\n|clearpoke\n|poke|p1|Amoonguss, L50, F|\n|poke|p1|Calyrex-Ice, L50|\n|poke|p1|Kyogre, L50|\n|poke|p1|Grimmsnarl, L50, M|\n|poke|p1|Flutter Mane, L50|\n|poke|p1|Basculegion, L50, M|\n|poke|p2|Chien-Pao, L50|\n|poke|p2|Calyrex-Shadow, L50|\n|poke|p2|Dondozo, L50, F|\n|poke|p2|Zamazenta-*, L50|\n|poke|p2|Dragonite, L50, M|\n|poke|p2|Tatsugiri, L50, M|\n|teampreview|4\n|inactive|Battle timer is ON: inactive players will automatically lose when time's up. (requested by Pokemonst3r)\n|inactive|Auroraa82 also wants the timer to be on.\n|inactive|Pokemonst3r has 60 seconds left.\n|\n|t:|1772826245\n|teamsize|p1|4\n|teamsize|p2|4\n|start\n|switch|p1a: Kyogre|Kyogre, L50|100/100\n|switch|p1b: Grimmsnarl|Grimmsnarl, L50, M|100/100\n|switch|p2a: Chien-Pao|Chien-Pao, L50|100/100\n|switch|p2b: Dragonite|Dragonite, L50, M|100/100\n|-ability|p2a: Chien-Pao|Sword of Ruin\n|-weather|RainDance|[from] ability: Drizzle|[of] p1a: Kyogre\n|turn|1\n|\n|t:|1772826262\n|-terastallize|p2b: Dragonite|Normal\n|move|p2b: Dragonite|Extreme Speed|p1a: Kyogre\n|-damage|p1a: Kyogre|4/100\n|move|p1b: Grimmsnarl|Reflect|p1b: Grimmsnarl\n|-sidestart|p1: Auroraa82|Reflect\n|move|p2a: Chien-Pao|Taunt|p1b: Grimmsnarl\n|-start|p1b: Grimmsnarl|move: Taunt\n|move|p1a: Kyogre|Origin Pulse|p2a: Chien-Pao|[spread] p2a,p2b\n|-enditem|p2a: Chien-Pao|Focus Sash\n|-damage|p2a: Chien-Pao|1/100\n|-damage|p2b: Dragonite|11/100\n|\n|-weather|RainDance|[upkeep]\n|upkeep\n|turn|2\n|\n|t:|1772826285\n|move|p1a: Kyogre|Protect|p1a: Kyogre\n|-singleturn|p1a: Kyogre|Protect\n|move|p2b: Dragonite|Extreme Speed|p1b: Grimmsnarl\n|-damage|p1b: Grimmsnarl|39/100\n|move|p2a: Chien-Pao|Ice Spinner|p1b: Grimmsnarl\n|-damage|p1b: Grimmsnarl|0 fnt\n|faint|p1b: Grimmsnarl\n|\n|-weather|RainDance|[upkeep]\n|upkeep\n|\n|t:|1772826297\n|switch|p1b: Basculegion|Basculegion, L50, M|100/100\n|turn|3\n|\n|t:|1772826311\n|move|p2b: Dragonite|Extreme Speed|p1a: Kyogre\n|-damage|p1a: Kyogre|0 fnt\n|faint|p1a: Kyogre\n|move|p1b: Basculegion|Aqua Jet|p2b: Dragonite\n|-crit|p2b: Dragonite\n|-damage|p2b: Dragonite|0 fnt\n|faint|p2b: Dragonite\n|-damage|p1b: Basculegion|91/100|[from] item: Life Orb\n|move|p2a: Chien-Pao|Sucker Punch||[still]\n|-fail|p2a: Chien-Pao\n|\n|-weather|RainDance|[upkeep]\n|upkeep\n|\n|t:|1772826322\n|switch|p1a: Calyrex|Calyrex-Ice, L50|100/100\n|switch|p2b: Zamazenta|Zamazenta-Crowned, L50|100/100\n|-ability|p1a: Calyrex|As One\n|-ability|p1a: Calyrex|Unnerve\n|-ability|p2b: Zamazenta|Dauntless Shield|boost\n|-boost|p2b: Zamazenta|def|1\n|turn|4\n|\n|t:|1772826346\n|move|p2b: Zamazenta|Protect|p2b: Zamazenta\n|-singleturn|p2b: Zamazenta|Protect\n|move|p1b: Basculegion|Aqua Jet|p2a: Chien-Pao\n|-damage|p2a: Chien-Pao|0 fnt\n|faint|p2a: Chien-Pao\n|-damage|p1b: Basculegion|81/100|[from] item: Life Orb\n|move|p1a: Calyrex|Leech Seed|p2b: Zamazenta\n|-activate|p2b: Zamazenta|move: Protect\n|\n|-weather|RainDance|[upkeep]\n|upkeep\n|\n|t:|1772826355\n|switch|p2a: Calyrex|Calyrex-Shadow, L50|100/100\n|-ability|p2a: Calyrex|As One\n|-ability|p2a: Calyrex|Unnerve\n|turn|5\n|\n|t:|1772826379\n|-terastallize|p1a: Calyrex|Fairy\n|move|p2a: Calyrex|Astral Barrage|p1b: Basculegion|[spread] p1a,p1b\n|-supereffective|p1b: Basculegion\n|-damage|p1a: Calyrex|65/100\n|-damage|p1b: Basculegion|0 fnt\n|faint|p1b: Basculegion\n|-ability|p2a: Calyrex|Grim Neigh|boost\n|-boost|p2a: Calyrex|spa|1\n|move|p2b: Zamazenta|Behemoth Bash|p1a: Calyrex\n|-supereffective|p1a: Calyrex\n|-damage|p1a: Calyrex|38/100\n|move|p1a: Calyrex|Trick Room|p1a: Calyrex\n|-fieldstart|move: Trick Room|[of] p1a: Calyrex\n|\n|-weather|none\n|-heal|p1a: Calyrex|43/100|[from] item: Leftovers\n|upkeep\n|turn|6\n|\n|t:|1772826394\n|move|p1a: Calyrex|Glacial Lance|p2a: Calyrex|[spread] p2a,p2b\n|-resisted|p2b: Zamazenta\n|-damage|p2a: Calyrex|40/100\n|-damage|p2b: Zamazenta|91/100\n|move|p2b: Zamazenta|Behemoth Bash|p1a: Calyrex\n|-supereffective|p1a: Calyrex\n|-damage|p1a: Calyrex|15/100\n|move|p2a: Calyrex|Astral Barrage|p1a: Calyrex\n|-damage|p1a: Calyrex|0 fnt\n|faint|p1a: Calyrex\n|\n|win|Pokemonst3r\n|raw|Auroraa82's rating: 1382 &rarr; <strong>1372</strong><br />(-10 for losing)\n|raw|Pokemonst3r's rating: 1578 &rarr; <strong>1588</strong><br />(+10 for winning)\n|l|\u2606Auroraa82\n|player|p1|\n|l|\u2606Pokemonst3r\n|player|p2|\n","uploadtime":1772826590,"views":15,"formatid":"gen9vgc2026regi","rating":1372,"private":0,"password":null}