{"id":"gen9vgc2026regi-2559705480","format":"[Gen 9] VGC 2026 Reg I","players":["gigameka","TheNamesBetty"],"log":"|j|\u2606gigameka\n|j|\u2606TheNamesBetty\n|t:|1773601585\n|gametype|doubles\n|player|p1|gigameka|1|1082\n|player|p2|TheNamesBetty|koga|1119\n|gen|9\n|tier|[Gen 9] VGC 2026 Reg I\n|rated|\n|rule|Species Clause: Limit one of each Pok\u00e9mon\n|rule|Item Clause: Limit 1 of each item\n|clearpoke\n|poke|p1|Amoonguss, L50, F|\n|poke|p1|Incineroar, L50, M|\n|poke|p1|Urshifu-*, L50, F|\n|poke|p1|Porygon2, L50|\n|poke|p1|Flutter Mane, L50|\n|poke|p1|Ursaluna, L50, M|\n|poke|p2|Eternatus, L50|\n|poke|p2|Ho-Oh, L50|\n|poke|p2|Gastrodon, L50, F|\n|poke|p2|Grimmsnarl, L50, M|\n|poke|p2|Ting-Lu, L50|\n|poke|p2|Rhydon, L50, F|\n|teampreview|4\nTheNamesBetty has agreed to open team sheets.\n|\n|t:|1773601604\n|teamsize|p1|4\n|teamsize|p2|4\n|start\n|switch|p1a: Incineroar|Incineroar, L50, M|100/100\n|switch|p1b: Urshifu|Urshifu-Rapid-Strike, L50, F|100/100\n|switch|p2a: Ptakopysk|Eternatus, L50|100/100\n|switch|p2b: Kret\u00e9n Pojeban\u00fd|Grimmsnarl, L50, M|100/100\n|-ability|p2a: Ptakopysk|Pressure\n|-ability|p1a: Incineroar|Intimidate|boost\n|-unboost|p2a: Ptakopysk|atk|1\n|-unboost|p2b: Kret\u00e9n Pojeban\u00fd|atk|1\n|turn|1\n|\n|t:|1773601635\n|switch|p2b: Risk je Slizk|Gastrodon, L50, F|100/100\n|move|p1a: Incineroar|Fake Out|p2b: Risk je Slizk\n|-damage|p2b: Risk je Slizk|86/100\n|move|p2a: Ptakopysk|Cosmic Power|p2a: Ptakopysk\n|-boost|p2a: Ptakopysk|def|1\n|-boost|p2a: Ptakopysk|spd|1\n|move|p1b: Urshifu|Surging Strikes|p2b: Risk je Slizk\n|-ability|p2b: Risk je Slizk|Storm Drain|boost\n|-boost|p2b: Risk je Slizk|spa|1\n|\n|-heal|p2b: Risk je Slizk|92/100|[from] item: Leftovers\n|upkeep\n|turn|2\n|\n|t:|1773601660\n|switch|p1b: Porygon2|Porygon2, L50|100/100\n|-ability|p1b: Porygon2|Download|boost\n|-boost|p1b: Porygon2|atk|1\n|move|p2a: Ptakopysk|Fire Spin|p1b: Porygon2|[miss]\n|-miss|p2a: Ptakopysk|p1b: Porygon2\n|move|p1a: Incineroar|Knock Off|p2b: Risk je Slizk\n|-damage|p2b: Risk je Slizk|43/100\n|-enditem|p2b: Risk je Slizk|Leftovers|[from] move: Knock Off|[of] p1a: Incineroar\n|move|p2b: Risk je Slizk|Earth Power|p1a: Incineroar\n|-supereffective|p1a: Incineroar\n|-damage|p1a: Incineroar|47/100\n|\n|upkeep\n|turn|3\n|\n|t:|1773601684\n|move|p2b: Risk je Slizk|Protect|p2b: Risk je Slizk\n|-singleturn|p2b: Risk je Slizk|Protect\n|move|p2a: Ptakopysk|Sludge Wave|p1a: Incineroar|[spread] p1a,p1b\n|-activate|p2b: Risk je Slizk|move: Protect\n|-damage|p1a: Incineroar|24/100\n|-damage|p1b: Porygon2|78/100\n|move|p1a: Incineroar|U-turn|p2b: Risk je Slizk\n|-activate|p2b: Risk je Slizk|move: Protect\n|move|p1b: Porygon2|Ice Beam|p2b: Risk je Slizk\n|-activate|p2b: Risk je Slizk|move: Protect\n|\n|upkeep\n|turn|4\n|\n|t:|1773601703\n|switch|p2b: H\u00fa h\u00fa|Ho-Oh, L50|100/100\n|move|p2a: Ptakopysk|Cosmic Power|p2a: Ptakopysk\n|-boost|p2a: Ptakopysk|def|1\n|-boost|p2a: Ptakopysk|spd|1\n|move|p1a: Incineroar|U-turn|p2b: H\u00fa h\u00fa\n|-resisted|p2b: H\u00fa h\u00fa\n|-damage|p2b: H\u00fa h\u00fa|96/100\n|-damage|p1a: Incineroar|8/100|[from] item: Rocky Helmet|[of] p2b: H\u00fa h\u00fa\n|\n|t:|1773601715\n|switch|p1a: Ursaluna|Ursaluna, L50, M|100/100|[from] U-turn\n|move|p1b: Porygon2|Ice Beam|p2b: H\u00fa h\u00fa\n|-damage|p2b: H\u00fa h\u00fa|79/100\n|\n|-status|p1a: Ursaluna|brn|[from] item: Flame Orb\n|upkeep\n|turn|5\n|\n|t:|1773601735\n|move|p2a: Ptakopysk|Fire Spin|p1a: Ursaluna\n|-damage|p1a: Ursaluna|90/100 brn\n|-activate|p1a: Ursaluna|move: Fire Spin|[of] p2a: Ptakopysk\n|move|p2b: H\u00fa h\u00fa|Sacred Fire|p1a: Ursaluna\n|-damage|p1a: Ursaluna|60/100 brn\n|move|p1b: Porygon2|Ice Beam|p2a: Ptakopysk\n|-supereffective|p2a: Ptakopysk\n|-damage|p2a: Ptakopysk|83/100\n|move|p1a: Ursaluna|Facade|p2b: H\u00fa h\u00fa\n|-damage|p2b: H\u00fa h\u00fa|0 fnt\n|-damage|p1a: Ursaluna|43/100 brn|[from] item: Rocky Helmet|[of] p2b: H\u00fa h\u00fa\n|faint|p2b: H\u00fa h\u00fa\n|\n|-damage|p1a: Ursaluna|37/100 brn|[from] brn\n|-damage|p1a: Ursaluna|25/100 brn|[from] move: Fire Spin|[partiallytrapped]\n|upkeep\n|\n|t:|1773601753\n|switch|p2b: Kret\u00e9n Pojeban\u00fd|Grimmsnarl, L50, M|100/100\n|turn|6\n|\n|t:|1773601765\n|move|p1a: Ursaluna|Protect|p1a: Ursaluna\n|-singleturn|p1a: Ursaluna|Protect\n|move|p2a: Ptakopysk|Fire Spin|p1b: Porygon2\n|-damage|p1b: Porygon2|71/100\n|-activate|p1b: Porygon2|move: Fire Spin|[of] p2a: Ptakopysk\n|move|p2b: Kret\u00e9n Pojeban\u00fd|Foul Play|p1a: Ursaluna\n|-activate|p1a: Ursaluna|move: Protect\n|move|p1b: Porygon2|Trick Room|p1b: Porygon2\n|-fieldstart|move: Trick Room|[of] p1b: Porygon2\n|\n|-damage|p1a: Ursaluna|19/100 brn|[from] brn\n|-damage|p1a: Ursaluna|7/100 brn|[from] move: Fire Spin|[partiallytrapped]\n|-damage|p1b: Porygon2|59/100|[from] move: Fire Spin|[partiallytrapped]\n|upkeep\n|turn|7\n|\n|t:|1773601785\n|move|p2b: Kret\u00e9n Pojeban\u00fd|Reflect|p2b: Kret\u00e9n Pojeban\u00fd\n|-sidestart|p2: TheNamesBetty|Reflect\n|move|p1a: Ursaluna|Facade|p2a: Ptakopysk\n|-damage|p2a: Ptakopysk|49/100\n|move|p1b: Porygon2|Ice Beam|p2a: Ptakopysk\n|-supereffective|p2a: Ptakopysk\n|-damage|p2a: Ptakopysk|32/100\n|move|p2a: Ptakopysk|Recover|p2a: Ptakopysk\n|-heal|p2a: Ptakopysk|82/100\n|\n|-damage|p1a: Ursaluna|1/100 brn|[from] brn\n|-damage|p1a: Ursaluna|0 fnt|[from] move: Fire Spin|[partiallytrapped]\n|faint|p1a: Ursaluna\n|-damage|p1b: Porygon2|46/100|[from] move: Fire Spin|[partiallytrapped]\n|upkeep\n|\n|t:|1773601798\n|switch|p1a: Urshifu|Urshifu-Rapid-Strike, L50, F|100/100\n|turn|8\n|\n|t:|1773601816\n|switch|p2b: Risk je Slizk|Gastrodon, L50, F|43/100\n|move|p1a: Urshifu|Detect|p1a: Urshifu\n|-singleturn|p1a: Urshifu|Protect\n|move|p1b: Porygon2|Recover|p1b: Porygon2\n|-heal|p1b: Porygon2|96/100\n|move|p2a: Ptakopysk|Fire Spin|p1a: Urshifu\n|-activate|p1a: Urshifu|move: Protect\n|\n|-damage|p1b: Porygon2|84/100|[from] move: Fire Spin|[partiallytrapped]\n|upkeep\n|turn|9\n|\n|t:|1773601858\n|move|p2b: Risk je Slizk|Recover|p2b: Risk je Slizk\n|-heal|p2b: Risk je Slizk|93/100\n|move|p1b: Porygon2|Ice Beam|p2a: Ptakopysk\n|-supereffective|p2a: Ptakopysk\n|-damage|p2a: Ptakopysk|64/100\n|move|p1a: Urshifu|Surging Strikes|p2b: Risk je Slizk\n|-activate|p2b: Risk je Slizk|ability: Storm Drain\n|-ability|p2b: Risk je Slizk|Storm Drain|boost\n|-boost|p2b: Risk je Slizk|spa|1\n|move|p2a: Ptakopysk|Fire Spin|p1a: Urshifu\n|-resisted|p1a: Urshifu\n|-damage|p1a: Urshifu|92/100\n|-activate|p1a: Urshifu|move: Fire Spin|[of] p2a: Ptakopysk\n|\n|-damage|p1b: Porygon2|71/100|[from] move: Fire Spin|[partiallytrapped]\n|-damage|p1a: Urshifu|79/100|[from] move: Fire Spin|[partiallytrapped]\n|upkeep\n|turn|10\n|\n|t:|1773601884\n|move|p2b: Risk je Slizk|Earth Power|p1b: Porygon2\n|-damage|p1b: Porygon2|43/100\n|move|p1b: Porygon2|Ice Beam|p2b: Risk je Slizk\n|-damage|p2b: Risk je Slizk|73/100\n|move|p1a: Urshifu|Close Combat|p2b: Risk je Slizk\n|-damage|p2b: Risk je Slizk|25/100\n|-unboost|p1a: Urshifu|def|1\n|-unboost|p1a: Urshifu|spd|1\n|move|p2a: Ptakopysk|Cosmic Power|p2a: Ptakopysk\n|-boost|p2a: Ptakopysk|def|1\n|-boost|p2a: Ptakopysk|spd|1\n|\n|-end|p1b: Porygon2|Fire Spin|[partiallytrapped]\n|-damage|p1a: Urshifu|67/100|[from] move: Fire Spin|[partiallytrapped]\n|-fieldend|move: Trick Room\n|upkeep\n|turn|11\n|\n|t:|1773601903\n|move|p2b: Risk je Slizk|Protect|p2b: Risk je Slizk\n|-singleturn|p2b: Risk je Slizk|Protect\n|move|p2a: Ptakopysk|Sludge Wave|p1b: Porygon2|[spread] p1a,p1b\n|-activate|p2b: Risk je Slizk|move: Protect\n|-damage|p1a: Urshifu|0 fnt\n|-damage|p1b: Porygon2|21/100\n|faint|p1a: Urshifu\n|move|p1b: Porygon2|Recover|p1b: Porygon2\n|-heal|p1b: Porygon2|71/100\n|\n|upkeep\n|-message|gigameka forfeited.\n|\n|win|TheNamesBetty\n|raw|gigameka's rating: 1082 &rarr; <strong>1062</strong><br />(-20 for losing)\n|raw|TheNamesBetty's rating: 1119 &rarr; <strong>1141</strong><br />(+22 for winning)\n|l|\u2606gigameka\n|player|p1|\n|l|\u2606TheNamesBetty\n|player|p2|\n","uploadtime":1773602171,"views":10,"formatid":"gen9vgc2026regi","rating":1062,"private":0,"password":null}