{"id":"gen9vgc2026regi-2558799389","format":"[Gen 9] VGC 2026 Reg I","players":["curfy197","fogdocker"],"log":"|j|\u2606curfy197\n|j|\u2606fogdocker\n|t:|1773484898\n|gametype|doubles\n|player|p1|curfy197|266|1343\n|player|p2|fogdocker|265|1573\n|gen|9\n|tier|[Gen 9] VGC 2026 Reg I\n|rated|\n|rule|Species Clause: Limit one of each Pok\u00e9mon\n|rule|Item Clause: Limit 1 of each item\n|clearpoke\n|poke|p1|Zacian-*, L50|\n|poke|p1|Lunala, L50|\n|poke|p1|Umbreon, L50, M|\n|poke|p1|Urshifu-*, L50, M|\n|poke|p1|Rillaboom, L50, F|\n|poke|p1|Thundurus, L50, M|\n|poke|p2|Calyrex-Ice, L50|\n|poke|p2|Koraidon, L50|\n|poke|p2|Flutter Mane, L50|\n|poke|p2|Incineroar, L50, M|\n|poke|p2|Rillaboom, L50, M|\n|poke|p2|Annihilape, L50, F|\n|teampreview|4\n|inactive|Battle timer is ON: inactive players will automatically lose when time's up. (requested by curfy197)\n|inactive|curfy197 has 60 seconds left.\n|inactive|fogdocker has 60 seconds left.\n|\n|t:|1773484957\n|teamsize|p1|4\n|teamsize|p2|4\n|start\n|switch|p1a: Thundurus|Thundurus, L50, M|100/100\n|switch|p1b: Urshifu|Urshifu-Rapid-Strike, L50, M|100/100\n|switch|p2a: Calyrex|Calyrex-Ice, L50|100/100\n|switch|p2b: Incineroar|Incineroar, L50, M|100/100\n|-ability|p2a: Calyrex|As One\n|-ability|p2a: Calyrex|Unnerve\n|-ability|p2b: Incineroar|Intimidate|boost\n|-unboost|p1a: Thundurus|atk|1\n|-unboost|p1b: Urshifu|atk|1\n|turn|1\n|inactive|curfy197 has 30 seconds left.\n|\n|t:|1773484985\n|-terastallize|p1b: Urshifu|Ghost\n|move|p2b: Incineroar|Fake Out|p1b: Urshifu\n|-immune|p1b: Urshifu\n|move|p1a: Thundurus|Rain Dance|p1a: Thundurus\n|-weather|RainDance\n|move|p1b: Urshifu|Surging Strikes|p2a: Calyrex\n|-crit|p2a: Calyrex\n|-damage|p2a: Calyrex|84/100\n|-crit|p2a: Calyrex\n|-damage|p2a: Calyrex|67/100\n|-crit|p2a: Calyrex\n|-damage|p2a: Calyrex|49/100\n|-hitcount|p2a: Calyrex|3\n|move|p2a: Calyrex|Glacial Lance|p1a: Thundurus|[spread] p1a,p1b\n|-supereffective|p1a: Thundurus\n|-damage|p1a: Thundurus|4/100\n|-damage|p1b: Urshifu|50/100\n|\n|-weather|RainDance|[upkeep]\n|-heal|p2a: Calyrex|55/100|[from] item: Leftovers\n|upkeep\n|turn|2\n|inactive|curfy197 has 30 seconds left.\n|\n|t:|1773485014\n|switch|p1b: Zacian|Zacian-Crowned, L50|100/100\n|-ability|p1b: Zacian|Intrepid Sword|boost\n|-boost|p1b: Zacian|atk|1\n|switch|p1a: Lunala|Lunala, L50|100/100\n|switch|p2b: Koraidon|Koraidon, L50|100/100\n|-weather|SunnyDay|[from] ability: Orichalcum Pulse|[of] p2b: Koraidon\n|-activate|p2b: Koraidon|Orichalcum Pulse|[source]\n|move|p2a: Calyrex|Glacial Lance|p1b: Zacian|[spread] p1a,p1b\n|-resisted|p1b: Zacian\n|-damage|p1a: Lunala|83/100\n|-damage|p1b: Zacian|81/100\n|\n|-weather|SunnyDay|[upkeep]\n|-heal|p2a: Calyrex|61/100|[from] item: Leftovers\n|upkeep\n|turn|3\n|inactive|curfy197 has 30 seconds left.\n|inactive|fogdocker has 30 seconds left.\n|inactive|fogdocker has 20 seconds left.\n|inactive|fogdocker has 15 seconds left.\n|inactive|fogdocker has 10 seconds left.\n|\n|t:|1773485063\n|switch|p2a: Incineroar|Incineroar, L50, M|100/100\n|-ability|p2a: Incineroar|Intimidate|boost\n|-unboost|p1a: Lunala|atk|1\n|-unboost|p1b: Zacian|atk|1\n|-terastallize|p2b: Koraidon|Fire\n|move|p1b: Zacian|Protect|p1b: Zacian\n|-singleturn|p1b: Zacian|Protect\n|move|p2b: Koraidon|Flare Blitz|p1a: Lunala\n|-damage|p1a: Lunala|0 fnt\n|faint|p1a: Lunala\n|-damage|p2b: Koraidon|63/100|[from] Recoil\n|-damage|p2b: Koraidon|53/100|[from] item: Life Orb\n|\n|-weather|SunnyDay|[upkeep]\n|upkeep\n|\n|t:|1773485081\n|switch|p1a: Thundurus|Thundurus, L50, M|4/100\n|turn|4\n|\n|t:|1773485092\n|switch|p1a: Urshifu|Urshifu-Rapid-Strike, L50, M, tera:Ghost|50/100\n|move|p2a: Incineroar|Fake Out|p1b: Zacian\n|-resisted|p1b: Zacian\n|-crit|p1b: Zacian\n|-damage|p1b: Zacian|73/100\n|cant|p1b: Zacian|flinch\n|move|p2b: Koraidon|Flame Charge|p1a: Urshifu\n|-damage|p1a: Urshifu|0 fnt\n|-boost|p2b: Koraidon|spe|1\n|faint|p1a: Urshifu\n|-damage|p2b: Koraidon|43/100|[from] item: Life Orb\n|\n|-weather|SunnyDay|[upkeep]\n|upkeep\n|\n|t:|1773485108\n|switch|p1a: Thundurus|Thundurus, L50, M|4/100\n|turn|5\n|\n|t:|1773485115\n|switch|p2a: Calyrex|Calyrex-Ice, L50|61/100\n|-ability|p2a: Calyrex|As One\n|-ability|p2a: Calyrex|Unnerve\n|move|p1a: Thundurus|Rain Dance|p1a: Thundurus\n|-weather|RainDance\n|move|p2b: Koraidon|Flame Charge|p1a: Thundurus\n|-damage|p1a: Thundurus|0 fnt\n|-boost|p2b: Koraidon|spe|1\n|faint|p1a: Thundurus\n|-damage|p2b: Koraidon|34/100|[from] item: Life Orb\n|move|p1b: Zacian|Sacred Sword|p2b: Koraidon\n|-damage|p2b: Koraidon|1/100\n|\n|-weather|RainDance|[upkeep]\n|-heal|p2a: Calyrex|67/100|[from] item: Leftovers\n|upkeep\n|turn|6\n|-message|curfy197 forfeited.\n|\n|win|fogdocker\n|raw|curfy197's rating: 1343 &rarr; <strong>1335</strong><br />(-8 for losing)\n|raw|fogdocker's rating: 1573 &rarr; <strong>1581</strong><br />(+8 for winning)\n|l|\u2606curfy197\n|player|p1|\n|l|\u2606fogdocker\n|player|p2|\n","uploadtime":1773485289,"views":16,"formatid":"gen9vgc2026regi","rating":1335,"private":0,"password":null}