{"id":"gen9vgc2026regi-2559406443","format":"[Gen 9] VGC 2026 Reg I","players":["Silencedkill","terafireflareblitz"],"log":"|j|\u2606Silencedkill\n|j|\u2606terafireflareblitz\n|t:|1773560569\n|gametype|doubles\n|player|p1|Silencedkill|265|1148\n|player|p2|terafireflareblitz|sycamore|1298\n|gen|9\n|tier|[Gen 9] VGC 2026 Reg I\n|rated|\n|rule|Species Clause: Limit one of each Pok\u00e9mon\n|rule|Item Clause: Limit 1 of each item\n|clearpoke\n|poke|p1|Koraidon, L50|\n|poke|p1|Chi-Yu, L50|\n|poke|p1|Flutter Mane, L50|\n|poke|p1|Rillaboom, L50, M|\n|poke|p1|Lunala, L50|\n|poke|p1|Ursaluna, L50, F|\n|poke|p2|Koraidon, L50|\n|poke|p2|Lunala, L50|\n|poke|p2|Indeedee-F, L50, F|\n|poke|p2|Flutter Mane, L50|\n|poke|p2|Chi-Yu, L50|\n|poke|p2|Ursaluna, L50, M|\n|teampreview|4\n|inactive|Battle timer is ON: inactive players will automatically lose when time's up. (requested by terafireflareblitz)\n|inactive|Silencedkill has 60 seconds left.\n|\n|t:|1773560602\n|teamsize|p1|4\n|teamsize|p2|4\n|start\n|switch|p1a: Rillaboom|Rillaboom, L50, M|100/100\n|switch|p1b: Lunala|Lunala, L50, shiny|100/100\n|switch|p2a: Lunala|Lunala, L50, shiny|100/100\n|switch|p2b: Indeedee|Indeedee-F, L50, F, shiny|100/100\n|-fieldstart|move: Psychic Terrain|[from] ability: Psychic Surge|[of] p2b: Indeedee\n|-fieldstart|move: Grassy Terrain|[from] ability: Grassy Surge|[of] p1a: Rillaboom\n|-enditem|p1b: Lunala|Grassy Seed\n|-boost|p1b: Lunala|def|1|[from] item: Grassy Seed\n|turn|1\n|\n|t:|1773560621\n|switch|p2b: Koraidon|Koraidon, L50, shiny|100/100\n|-weather|SunnyDay|[from] ability: Orichalcum Pulse|[of] p2b: Koraidon\n|-activate|p2b: Koraidon|Orichalcum Pulse|[source]\n|move|p1a: Rillaboom|Fake Out|p2b: Koraidon\n|-damage|p2b: Koraidon|87/100\n|move|p2a: Lunala|Meteor Beam||[still]\n|-prepare|p2a: Lunala|Meteor Beam\n|-boost|p2a: Lunala|spa|1\n|-enditem|p2a: Lunala|Power Herb\n|-anim|p2a: Lunala|Meteor Beam|p1a: Rillaboom|[miss]\n|-miss|p2a: Lunala|p1a: Rillaboom\n|move|p1b: Lunala|Moongeist Beam|p2a: Lunala\n|-supereffective|p2a: Lunala\n|-damage|p2a: Lunala|19/100\n|\n|-weather|SunnyDay|[upkeep]\n|-heal|p2b: Koraidon|93/100|[from] Grassy Terrain\n|-heal|p2a: Lunala|25/100|[from] Grassy Terrain\n|upkeep\n|turn|2\n|inactive|Silencedkill has 30 seconds left.\n|inactive|Silencedkill has 20 seconds left.\n|inactive|Silencedkill has 15 seconds left.\n|inactive|Silencedkill has 10 seconds left.\n|\n|t:|1773560671\n|switch|p1a: Koraidon|Koraidon, L50|100/100\n|-activate|p1a: Koraidon|ability: Orichalcum Pulse\n|-terastallize|p1b: Lunala|Dark\n|move|p2b: Koraidon|Breaking Swipe|p1b: Lunala|[spread] p1a,p1b\n|-supereffective|p1a: Koraidon\n|-damage|p1a: Koraidon|19/100\n|-damage|p1b: Lunala|90/100\n|-unboost|p1a: Koraidon|atk|1\n|-unboost|p1b: Lunala|atk|1\n|-damage|p2b: Koraidon|83/100|[from] item: Life Orb\n|move|p2a: Lunala|Moongeist Beam|p1b: Lunala\n|-resisted|p1b: Lunala\n|-damage|p1b: Lunala|59/100\n|move|p1b: Lunala|Moonblast|p2b: Koraidon\n|-supereffective|p2b: Koraidon\n|-damage|p2b: Koraidon|0 fnt\n|faint|p2b: Koraidon\n|\n|-weather|SunnyDay|[upkeep]\n|-heal|p1a: Koraidon|24/100|[from] Grassy Terrain\n|-heal|p2a: Lunala|31/100|[from] Grassy Terrain\n|-heal|p1b: Lunala|65/100|[from] Grassy Terrain\n|upkeep\n|\n|t:|1773560682\n|switch|p2b: Flutter Mane|Flutter Mane, L50, shiny|100/100\n|-activate|p2b: Flutter Mane|ability: Protosynthesis\n|-start|p2b: Flutter Mane|protosynthesisspe\n|turn|3\n|inactive|Silencedkill has 30 seconds left.\n|inactive|Silencedkill has 20 seconds left.\n|inactive|Silencedkill has 15 seconds left.\n|\n|t:|1773560725\n|switch|p1b: Rillaboom|Rillaboom, L50, M|100/100\n|-terastallize|p2a: Lunala|Water\n|move|p1a: Koraidon|Protect|p1a: Koraidon\n|-singleturn|p1a: Koraidon|Protect\n|move|p2b: Flutter Mane|Moonblast|p1b: Rillaboom\n|-crit|p1b: Rillaboom\n|-damage|p1b: Rillaboom|44/100\n|move|p2a: Lunala|Moongeist Beam|p1a: Koraidon\n|-activate|p1a: Koraidon|move: Protect\n|\n|-weather|SunnyDay|[upkeep]\n|-heal|p1a: Koraidon|30/100|[from] Grassy Terrain\n|-heal|p2a: Lunala|37/100|[from] Grassy Terrain\n|-heal|p1b: Rillaboom|50/100|[from] Grassy Terrain\n|upkeep\n|turn|4\n|inactive|Silencedkill has 30 seconds left.\n|inactive|Silencedkill has 20 seconds left.\n|\n|t:|1773560762\n|-end|p2b: Flutter Mane|Protosynthesis|[silent]\n|switch|p2b: Indeedee|Indeedee-F, L50, F, shiny|100/100\n|-fieldstart|move: Psychic Terrain|[from] ability: Psychic Surge|[of] p2b: Indeedee\n|switch|p1a: Lunala|Lunala, L50, shiny, tera:Dark|65/100\n|move|p2a: Lunala|Expanding Force|p1a: Lunala|[spread] p1b\n|-immune|p1a: Lunala\n|-damage|p1b: Rillaboom|0 fnt\n|faint|p1b: Rillaboom\n|\n|-weather|SunnyDay|[upkeep]\n|upkeep\n|\n|t:|1773560780\n|switch|p1b: Koraidon|Koraidon, L50|30/100\n|-activate|p1b: Koraidon|ability: Orichalcum Pulse\n|turn|5\n|\n|t:|1773560795\n|move|p1a: Lunala|Wide Guard|p1a: Lunala\n|-singleturn|p1a: Lunala|Wide Guard\n|move|p2b: Indeedee|Follow Me|p2b: Indeedee\n|-singleturn|p2b: Indeedee|move: Follow Me\n|move|p1b: Koraidon|Flare Blitz|p2b: Indeedee\n|-damage|p2b: Indeedee|0 fnt\n|faint|p2b: Indeedee\n|-damage|p1b: Koraidon|0 fnt|[from] Recoil\n|faint|p1b: Koraidon\n|move|p2a: Lunala|Moongeist Beam|p1a: Lunala\n|-resisted|p1a: Lunala\n|-damage|p1a: Lunala|32/100\n|\n|-weather|none\n|upkeep\n|\n|t:|1773560814\n|switch|p1b: Chi-Yu|Chi-Yu, L50|100/100\n|switch|p2b: Flutter Mane|Flutter Mane, L50, shiny|100/100\n|-ability|p1b: Chi-Yu|Beads of Ruin\n|turn|6\n|inactive|Silencedkill has 30 seconds left.\n|\n|t:|1773560840\n|move|p1b: Chi-Yu|Dark Pulse|p2a: Lunala\n|-damage|p2a: Lunala|0 fnt\n|faint|p2a: Lunala\n|move|p2b: Flutter Mane|Moonblast|p1a: Lunala\n|-supereffective|p1a: Lunala\n|-damage|p1a: Lunala|0 fnt\n|faint|p1a: Lunala\n|\n|upkeep\n|turn|7\n|\n|t:|1773560848\n|move|p1b: Chi-Yu|Dark Pulse|p2b: Flutter Mane\n|-damage|p2b: Flutter Mane|40/100\n|cant|p2b: Flutter Mane|flinch\n|\n|upkeep\n|turn|8\n|-message|terafireflareblitz forfeited.\n|\n|win|Silencedkill\n|raw|Silencedkill's rating: 1148 &rarr; <strong>1183</strong><br />(+35 for winning)\n|raw|terafireflareblitz's rating: 1298 &rarr; <strong>1263</strong><br />(-35 for losing)\n","uploadtime":1773560855,"views":17,"formatid":"gen9vgc2026regi","rating":1183,"private":0,"password":null}