{"id":"gen9vgc2026regi-2545007711","format":"[Gen 9] VGC 2026 Reg I","players":["Johten","snorlaxpikachu1"],"log":"|j|\u2606Johten\n|j|\u2606snorlaxpikachu1\n|t:|1771789431\n|gametype|doubles\n|player|p1|Johten|veteran|1335\n|player|p2|snorlaxpikachu1|palmer|1545\n|gen|9\n|tier|[Gen 9] VGC 2026 Reg I\n|rated|\n|rule|Species Clause: Limit one of each Pok\u00e9mon\n|rule|Item Clause: Limit 1 of each item\n|clearpoke\n|poke|p1|Rayquaza, L50|\n|poke|p1|Terapagos, L50, M|\n|poke|p1|Volcarona, L50, M|\n|poke|p1|Rillaboom, L50, F|\n|poke|p1|Urshifu-*, L50, M|\n|poke|p1|Grimmsnarl, L50, M|\n|poke|p2|Lunala, L50|\n|poke|p2|Zamazenta-*, L50|\n|poke|p2|Rillaboom, L50, M|\n|poke|p2|Incineroar, L50, M|\n|poke|p2|Ogerpon-Hearthflame, L50, F|\n|poke|p2|Chien-Pao, L50|\n|teampreview|4\n|\n|t:|1771789458\n|teamsize|p1|4\n|teamsize|p2|4\n|start\n|switch|p1a: Grimmsnarl|Grimmsnarl, L50, M|100/100\n|switch|p1b: Rayquaza|Rayquaza, L50, shiny|100/100\n|switch|p2a: Chien-Pao|Chien-Pao, L50|100/100\n|switch|p2b: Lunala|Lunala, L50|100/100\n|-ability|p2a: Chien-Pao|Sword of Ruin\n|-ability|p1b: Rayquaza|Air Lock\n|turn|1\n|\n|t:|1771789469\n|switch|p1b: Volcarona|Volcarona, L50, M|100/100\n|move|p1a: Grimmsnarl|Light Screen|p1a: Grimmsnarl\n|-sidestart|p1: Johten|move: Light Screen\n|move|p2a: Chien-Pao|Taunt|p1a: Grimmsnarl\n|-start|p1a: Grimmsnarl|move: Taunt\n|move|p2b: Lunala|Calm Mind|p2b: Lunala\n|-boost|p2b: Lunala|spa|1\n|-boost|p2b: Lunala|spd|1\n|\n|upkeep\n|turn|2\n|\n|t:|1771789491\n|-terastallize|p2b: Lunala|Fairy\n|move|p2a: Chien-Pao|Taunt|p1b: Volcarona\n|-start|p1b: Volcarona|move: Taunt\n|move|p1b: Volcarona|Struggle Bug|p2a: Chien-Pao|[spread] p2a,p2b\n|-supereffective|p2a: Chien-Pao\n|-resisted|p2b: Lunala\n|-damage|p2a: Chien-Pao|49/100\n|-damage|p2b: Lunala|99/100\n|-unboost|p2a: Chien-Pao|spa|1\n|-unboost|p2b: Lunala|spa|1\n|move|p2b: Lunala|Calm Mind|p2b: Lunala\n|-boost|p2b: Lunala|spa|1\n|-boost|p2b: Lunala|spd|1\n|move|p1a: Grimmsnarl|Foul Play|p2b: Lunala\n|-resisted|p2b: Lunala\n|-damage|p2b: Lunala|87/100\n|\n|-heal|p2b: Lunala|93/100|[from] item: Leftovers\n|upkeep\n|turn|3\n|\n|t:|1771789507\n|switch|p2a: Zamazenta|Zamazenta-Crowned, L50|100/100\n|-ability|p2a: Zamazenta|Dauntless Shield|boost\n|-boost|p2a: Zamazenta|def|1\n|move|p1b: Volcarona|Struggle Bug|p2b: Lunala|[spread] p2a,p2b\n|-resisted|p2a: Zamazenta\n|-resisted|p2b: Lunala\n|-damage|p2a: Zamazenta|97/100\n|-damage|p2b: Lunala|90/100\n|-unboost|p2a: Zamazenta|spa|1\n|-unboost|p2b: Lunala|spa|1\n|move|p2b: Lunala|Calm Mind|p2b: Lunala\n|-boost|p2b: Lunala|spa|1\n|-boost|p2b: Lunala|spd|1\n|move|p1a: Grimmsnarl|Foul Play|p2b: Lunala\n|-resisted|p2b: Lunala\n|-damage|p2b: Lunala|80/100\n|\n|-heal|p2b: Lunala|87/100|[from] item: Leftovers\n|upkeep\n|turn|4\n|\n|t:|1771789526\n|switch|p1a: Rayquaza|Rayquaza, L50, shiny|100/100\n|-ability|p1a: Rayquaza|Air Lock\n|move|p2a: Zamazenta|Heavy Slam|p1a: Rayquaza\n|-damage|p1a: Rayquaza|71/100\n|move|p1b: Volcarona|Overheat|p2a: Zamazenta\n|-supereffective|p2a: Zamazenta\n|-damage|p2a: Zamazenta|12/100\n|-unboost|p1b: Volcarona|spa|2\n|move|p2b: Lunala|Moonblast|p1a: Rayquaza\n|-supereffective|p1a: Rayquaza\n|-damage|p1a: Rayquaza|6/100\n|\n|-heal|p2b: Lunala|93/100|[from] item: Leftovers\n|-end|p1b: Volcarona|move: Taunt\n|upkeep\n|turn|5\n|\n|t:|1771789551\n|move|p1b: Volcarona|Rage Powder|p1b: Volcarona\n|-singleturn|p1b: Volcarona|move: Rage Powder\n|move|p2a: Zamazenta|Body Press|p1b: Volcarona\n|-resisted|p1b: Volcarona\n|-damage|p1b: Volcarona|71/100\n|-damage|p2a: Zamazenta|0 fnt|[from] item: Rocky Helmet|[of] p1b: Volcarona\n|faint|p2a: Zamazenta\n|move|p1a: Rayquaza|Dragon Ascent|p2b: Lunala\n|-damage|p2b: Lunala|48/100\n|-unboost|p1a: Rayquaza|def|1\n|-unboost|p1a: Rayquaza|spd|1\n|move|p2b: Lunala|Moongeist Beam|p1b: Volcarona\n|-damage|p1b: Volcarona|30/100\n|\n|-heal|p2b: Lunala|54/100|[from] item: Leftovers\n|upkeep\n|\n|t:|1771789566\n|switch|p2a: Incineroar|Incineroar, L50, M|100/100\n|-ability|p2a: Incineroar|Intimidate|boost\n|-unboost|p1a: Rayquaza|atk|1\n|-unboost|p1b: Volcarona|atk|1\n|turn|6\n|\n|t:|1771789576\n|switch|p1a: Grimmsnarl|Grimmsnarl, L50, M|100/100\n|move|p1b: Volcarona|Protect|p1b: Volcarona\n|-singleturn|p1b: Volcarona|Protect\n|move|p2a: Incineroar|Fake Out|p1b: Volcarona\n|-activate|p1b: Volcarona|move: Protect\n|move|p2b: Lunala|Moongeist Beam|p1b: Volcarona\n|-activate|p1b: Volcarona|move: Protect\n|\n|-heal|p2b: Lunala|60/100|[from] item: Leftovers\n|upkeep\n|turn|7\n|\n|t:|1771789591\n|move|p2b: Lunala|Protect|p2b: Lunala\n|-singleturn|p2b: Lunala|Protect\n|move|p1a: Grimmsnarl|Reflect|p1a: Grimmsnarl\n|-sidestart|p1: Johten|Reflect\n|move|p1b: Volcarona|Struggle Bug|p2a: Incineroar|[spread] p2a\n|-activate|p2b: Lunala|move: Protect\n|-damage|p2a: Incineroar|94/100\n|-unboost|p2a: Incineroar|spa|1\n|move|p2a: Incineroar|Knock Off|p1b: Volcarona\n|-damage|p1b: Volcarona|7/100\n|-damage|p2a: Incineroar|78/100|[from] item: Rocky Helmet|[of] p1b: Volcarona\n|-enditem|p1b: Volcarona|Rocky Helmet|[from] move: Knock Off|[of] p2a: Incineroar\n|\n|-heal|p2b: Lunala|67/100|[from] item: Leftovers\n|upkeep\n|turn|8\n|\n|t:|1771789610\n|move|p1a: Grimmsnarl|Scary Face|p2b: Lunala\n|-unboost|p2b: Lunala|spe|2\n|move|p1b: Volcarona|Struggle Bug|p2b: Lunala|[spread] p2a,p2b\n|-resisted|p2b: Lunala\n|-damage|p2a: Incineroar|71/100\n|-damage|p2b: Lunala|65/100\n|-unboost|p2a: Incineroar|spa|1\n|-unboost|p2b: Lunala|spa|1\n|move|p2a: Incineroar|Knock Off|p1b: Volcarona\n|-damage|p1b: Volcarona|0 fnt\n|faint|p1b: Volcarona\n|move|p2b: Lunala|Calm Mind|p2b: Lunala\n|-boost|p2b: Lunala|spa|1\n|-boost|p2b: Lunala|spd|1\n|\n|-heal|p2b: Lunala|72/100|[from] item: Leftovers\n|-sideend|p1: Johten|move: Light Screen\n|upkeep\n|\n|t:|1771789624\n|switch|p1b: Urshifu|Urshifu-Rapid-Strike, L50, M|100/100\n|turn|9\n|\n|t:|1771789634\n|-terastallize|p1b: Urshifu|Water\n|move|p1a: Grimmsnarl|Light Screen|p1a: Grimmsnarl\n|-sidestart|p1: Johten|move: Light Screen\n|move|p1b: Urshifu|Surging Strikes|p2b: Lunala\n|-crit|p2b: Lunala\n|-damage|p2b: Lunala|43/100\n|-crit|p2b: Lunala\n|-damage|p2b: Lunala|13/100\n|-crit|p2b: Lunala\n|-damage|p2b: Lunala|0 fnt\n|faint|p2b: Lunala\n|-hitcount|p2: Lunala|3\n|move|p2a: Incineroar|Will-O-Wisp|p1b: Urshifu\n|-status|p1b: Urshifu|brn\n|\n|-damage|p1b: Urshifu|94/100 brn|[from] brn\n|upkeep\n|\n|t:|1771789642\n|switch|p2b: Chien-Pao|Chien-Pao, L50|49/100\n|-ability|p2b: Chien-Pao|Sword of Ruin\n|turn|10\n|\n|t:|1771789653\n|move|p2b: Chien-Pao|Icicle Crash|p1b: Urshifu\n|-resisted|p1b: Urshifu\n|-damage|p1b: Urshifu|77/100 brn\n|cant|p1b: Urshifu|flinch\n|move|p1a: Grimmsnarl|Foul Play|p2b: Chien-Pao\n|-resisted|p2b: Chien-Pao\n|-damage|p2b: Chien-Pao|15/100\n|move|p2a: Incineroar|Knock Off|p1b: Urshifu\n|-damage|p1b: Urshifu|46/100 brn\n|-enditem|p1b: Urshifu|Choice Band|[from] move: Knock Off|[of] p2a: Incineroar\n|\n|-damage|p1b: Urshifu|40/100 brn|[from] brn\n|upkeep\n|turn|11\n|\n|t:|1771789675\n|move|p2b: Chien-Pao|Sucker Punch|p1b: Urshifu\n|-damage|p1b: Urshifu|8/100 brn\n|move|p1b: Urshifu|Surging Strikes|p2a: Incineroar\n|-supereffective|p2a: Incineroar\n|-crit|p2a: Incineroar\n|-damage|p2a: Incineroar|38/100\n|-enditem|p2a: Incineroar|Sitrus Berry|[eat]\n|-heal|p2a: Incineroar|62/100|[from] item: Sitrus Berry\n|-supereffective|p2a: Incineroar\n|-crit|p2a: Incineroar\n|-damage|p2a: Incineroar|29/100\n|-supereffective|p2a: Incineroar\n|-crit|p2a: Incineroar\n|-damage|p2a: Incineroar|0 fnt\n|faint|p2a: Incineroar\n|-hitcount|p2: Incineroar|3\n|move|p1a: Grimmsnarl|Foul Play|p2b: Chien-Pao\n|-resisted|p2b: Chien-Pao\n|-damage|p2b: Chien-Pao|0 fnt\n|faint|p2b: Chien-Pao\n|\n|win|Johten\n|raw|Johten's rating: 1335 &rarr; <strong>1366</strong><br />(+31 for winning)\n|raw|snorlaxpikachu1's rating: 1545 &rarr; <strong>1514</strong><br />(-31 for losing)\n|l|\u2606snorlaxpikachu1\n|player|p2|\n","uploadtime":1771789695,"views":33,"formatid":"gen9vgc2026regi","rating":1366,"private":0,"password":null}