{"id":"gen9vgc2026regi-2545839547","format":"[Gen 9] VGC 2026 Reg I","players":["messi-05","BanKingambit69247"],"log":"|j|\u2606messi-05\n|j|\u2606BanKingambit69247\n|t:|1771890893\n|gametype|doubles\n|player|p1|messi-05|101|1330\n|player|p2|BanKingambit69247|1|1475\n|gen|9\n|tier|[Gen 9] VGC 2026 Reg I\n|rated|\n|rule|Species Clause: Limit one of each Pok\u00e9mon\n|rule|Item Clause: Limit 1 of each item\n|clearpoke\n|poke|p1|Terapagos, L50, M|\n|poke|p1|Sinistcha, L50|\n|poke|p1|Incineroar, L50, M|\n|poke|p1|Ogerpon-Wellspring, L50, F|\n|poke|p1|Iron Treads, L50|\n|poke|p1|Miraidon, L50|\n|poke|p2|Calyrex-Shadow, L50|\n|poke|p2|Zamazenta-*, L50|\n|poke|p2|Chien-Pao, L50|\n|poke|p2|Smeargle, L50, F|\n|poke|p2|Tatsugiri-Droopy, L50, M|\n|poke|p2|Dondozo, L50, M|\n|teampreview|4\n|inactive|Battle timer is ON: inactive players will automatically lose when time's up. (requested by messi-05)\n|inactive|messi-05 has 60 seconds left.\n|inactive|messi-05 has 30 seconds left.\n|inactive|messi-05 has 20 seconds left.\n|inactive|messi-05 has 15 seconds left.\n|inactive|messi-05 has 10 seconds left.\n|\n|t:|1771890977\n|teamsize|p1|4\n|teamsize|p2|4\n|start\n|switch|p1a: Terapagos|Terapagos, L50, M|100/100\n|switch|p1b: Miraidon|Miraidon, L50|100/100\n|switch|p2a: \u8bf6\u4f60\u600e\u4e48\u6b7b\u4e86?\u267f\u267f\u267f|Calyrex-Shadow, L50|100/100\n|switch|p2b: \u773c\u795e\u5446\u6ede\ud83e\udd2a|Dondozo, L50, M, shiny|100/100\n|-activate|p1a: Terapagos|ability: Tera Shift\n|detailschange|p1a: Terapagos|Terapagos-Terastal, L50, M\n|-heal|p1a: Terapagos|100/100|[silent]\n|-ability|p2a: \u8bf6\u4f60\u600e\u4e48\u6b7b\u4e86?\u267f\u267f\u267f|As One\n|-ability|p2a: \u8bf6\u4f60\u600e\u4e48\u6b7b\u4e86?\u267f\u267f\u267f|Unnerve\n|-fieldstart|move: Electric Terrain|[from] ability: Hadron Engine|[of] p1b: Miraidon\n|-enditem|p1a: Terapagos|Electric Seed\n|-boost|p1a: Terapagos|def|1|[from] item: Electric Seed\n|turn|1\n|\n|t:|1771890994\n|-terastallize|p2a: \u8bf6\u4f60\u600e\u4e48\u6b7b\u4e86?\u267f\u267f\u267f|Ghost\n|move|p1b: Miraidon|Snarl|p2a: \u8bf6\u4f60\u600e\u4e48\u6b7b\u4e86?\u267f\u267f\u267f|[spread] p2a,p2b\n|-supereffective|p2a: \u8bf6\u4f60\u600e\u4e48\u6b7b\u4e86?\u267f\u267f\u267f\n|-damage|p2a: \u8bf6\u4f60\u600e\u4e48\u6b7b\u4e86?\u267f\u267f\u267f|54/100\n|-damage|p2b: \u773c\u795e\u5446\u6ede\ud83e\udd2a|84/100\n|-unboost|p2a: \u8bf6\u4f60\u600e\u4e48\u6b7b\u4e86?\u267f\u267f\u267f|spa|1\n|-unboost|p2b: \u773c\u795e\u5446\u6ede\ud83e\udd2a|spa|1\n|move|p2a: \u8bf6\u4f60\u600e\u4e48\u6b7b\u4e86?\u267f\u267f\u267f|Astral Barrage|p1a: Terapagos|[spread] p1b\n|-immune|p1a: Terapagos\n|-damage|p1b: Miraidon|47/100\n|move|p1a: Terapagos|Calm Mind|p1a: Terapagos\n|-boost|p1a: Terapagos|spa|1\n|-boost|p1a: Terapagos|spd|1\n|move|p2b: \u773c\u795e\u5446\u6ede\ud83e\udd2a|Order Up|p1a: Terapagos\n|-activate|p1a: Terapagos|ability: Tera Shell\n|-resisted|p1a: Terapagos\n|-damage|p1a: Terapagos|93/100\n|\n|-heal|p2b: \u773c\u795e\u5446\u6ede\ud83e\udd2a|90/100|[from] item: Leftovers\n|upkeep\n|turn|2\n|inactive|messi-05 has 30 seconds left.\n|\n|t:|1771891020\n|switch|p1b: Incineroar|Incineroar, L50, M|100/100\n|-ability|p1b: Incineroar|Intimidate|boost\n|-unboost|p2a: \u8bf6\u4f60\u600e\u4e48\u6b7b\u4e86?\u267f\u267f\u267f|atk|1\n|-unboost|p2b: \u773c\u795e\u5446\u6ede\ud83e\udd2a|atk|1\n|-terastallize|p1a: Terapagos|Stellar\n|detailschange|p1a: Terapagos|Terapagos-Stellar, L50, M, tera:Stellar\n|-heal|p1a: Terapagos|95/100|[silent]\n|-ability|p1a: Terapagos|Teraform Zero\n|-fieldend|move: Electric Terrain\n|move|p2a: \u8bf6\u4f60\u600e\u4e48\u6b7b\u4e86?\u267f\u267f\u267f|Astral Barrage|p1a: Terapagos|[spread] p1b\n|-immune|p1a: Terapagos\n|-resisted|p1b: Incineroar\n|-damage|p1b: Incineroar|80/100\n|move|p1a: Terapagos|Tera Starstorm|p2b: \u773c\u795e\u5446\u6ede\ud83e\udd2a|[spread] p2a,p2b\n|-supereffective|p2a: \u8bf6\u4f60\u600e\u4e48\u6b7b\u4e86?\u267f\u267f\u267f\n|-damage|p2a: \u8bf6\u4f60\u600e\u4e48\u6b7b\u4e86?\u267f\u267f\u267f|0 fnt\n|-damage|p2b: \u773c\u795e\u5446\u6ede\ud83e\udd2a|57/100\n|faint|p2a: \u8bf6\u4f60\u600e\u4e48\u6b7b\u4e86?\u267f\u267f\u267f\n|move|p2b: \u773c\u795e\u5446\u6ede\ud83e\udd2a|Order Up|p1a: Terapagos\n|-damage|p1a: Terapagos|88/100\n|\n|-heal|p2b: \u773c\u795e\u5446\u6ede\ud83e\udd2a|63/100|[from] item: Leftovers\n|upkeep\n|\n|t:|1771891028\n|switch|p2a: \u767d\u8272\u5c0f\u6590\u6d4e\u5317\ud83d\ude0b|Tatsugiri-Droopy, L50, M, shiny|100/100\n|-activate|p2a: \u767d\u8272\u5c0f\u6590\u6d4e\u5317\ud83d\ude0b|ability: Commander|[of] p2b: \u773c\u795e\u5446\u6ede\ud83e\udd2a\n|-boost|p2b: \u773c\u795e\u5446\u6ede\ud83e\udd2a|atk|2\n|-boost|p2b: \u773c\u795e\u5446\u6ede\ud83e\udd2a|spa|2\n|-boost|p2b: \u773c\u795e\u5446\u6ede\ud83e\udd2a|spe|2\n|-boost|p2b: \u773c\u795e\u5446\u6ede\ud83e\udd2a|def|2\n|-boost|p2b: \u773c\u795e\u5446\u6ede\ud83e\udd2a|spd|2\n|turn|3\n|\n|t:|1771891050\n|move|p2b: \u773c\u795e\u5446\u6ede\ud83e\udd2a|Protect|p2b: \u773c\u795e\u5446\u6ede\ud83e\udd2a\n|-singleturn|p2b: \u773c\u795e\u5446\u6ede\ud83e\udd2a|Protect\n|move|p1b: Incineroar|Fake Out|p2b: \u773c\u795e\u5446\u6ede\ud83e\udd2a\n|-activate|p2b: \u773c\u795e\u5446\u6ede\ud83e\udd2a|move: Protect\n|move|p1a: Terapagos|Calm Mind|p1a: Terapagos\n|-boost|p1a: Terapagos|spa|1\n|-boost|p1a: Terapagos|spd|1\n|\n|-heal|p2b: \u773c\u795e\u5446\u6ede\ud83e\udd2a|69/100|[from] item: Leftovers\n|upkeep\n|turn|4\n|\n|t:|1771891067\n|move|p2b: \u773c\u795e\u5446\u6ede\ud83e\udd2a|Body Press|p1b: Incineroar\n|-supereffective|p1b: Incineroar\n|-damage|p1b: Incineroar|0 fnt\n|faint|p1b: Incineroar\n|move|p1a: Terapagos|Tera Starstorm|p2a: \u767d\u8272\u5c0f\u6590\u6d4e\u5317\ud83d\ude0b|[spread] p2b\n|-miss|p1a: Terapagos|p2a: \u767d\u8272\u5c0f\u6590\u6d4e\u5317\ud83d\ude0b\n|-damage|p2b: \u773c\u795e\u5446\u6ede\ud83e\udd2a|55/100\n|\n|-heal|p2b: \u773c\u795e\u5446\u6ede\ud83e\udd2a|61/100|[from] item: Leftovers\n|upkeep\n|\n|t:|1771891076\n|switch|p1b: Miraidon|Miraidon, L50|47/100\n|-fieldstart|move: Electric Terrain|[from] ability: Hadron Engine|[of] p1b: Miraidon\n|turn|5\n|\n|t:|1771891084\n|move|p2b: \u773c\u795e\u5446\u6ede\ud83e\udd2a|Protect|p2b: \u773c\u795e\u5446\u6ede\ud83e\udd2a\n|-singleturn|p2b: \u773c\u795e\u5446\u6ede\ud83e\udd2a|Protect\n|move|p1b: Miraidon|Electro Drift|p2b: \u773c\u795e\u5446\u6ede\ud83e\udd2a\n|-activate|p2b: \u773c\u795e\u5446\u6ede\ud83e\udd2a|move: Protect\n|move|p1a: Terapagos|Calm Mind|p1a: Terapagos\n|-boost|p1a: Terapagos|spa|1\n|-boost|p1a: Terapagos|spd|1\n|\n|-heal|p2b: \u773c\u795e\u5446\u6ede\ud83e\udd2a|67/100|[from] item: Leftovers\n|upkeep\n|turn|6\n|\n|t:|1771891091\n|move|p1b: Miraidon|Electro Drift|p2b: \u773c\u795e\u5446\u6ede\ud83e\udd2a\n|-supereffective|p2b: \u773c\u795e\u5446\u6ede\ud83e\udd2a\n|-crit|p2b: \u773c\u795e\u5446\u6ede\ud83e\udd2a\n|-damage|p2b: \u773c\u795e\u5446\u6ede\ud83e\udd2a|0 fnt\n|faint|p2b: \u773c\u795e\u5446\u6ede\ud83e\udd2a\n|move|p1a: Terapagos|Tera Starstorm|p2a: \u767d\u8272\u5c0f\u6590\u6d4e\u5317\ud83d\ude0b\n|-damage|p2a: \u767d\u8272\u5c0f\u6590\u6d4e\u5317\ud83d\ude0b|0 fnt\n|faint|p2a: \u767d\u8272\u5c0f\u6590\u6d4e\u5317\ud83d\ude0b\n|\n|upkeep\n|\n|t:|1771891095\n|switch|p2a: \u9a6c\u5934\u725b\u903c\ud83d\udc36\ud83d\udc36\ud83d\udc36|Zamazenta-Crowned, L50|100/100\n|-ability|p2a: \u9a6c\u5934\u725b\u903c\ud83d\udc36\ud83d\udc36\ud83d\udc36|Dauntless Shield|boost\n|-boost|p2a: \u9a6c\u5934\u725b\u903c\ud83d\udc36\ud83d\udc36\ud83d\udc36|def|1\n|turn|7\n|\n|t:|1771891107\n|move|p1a: Terapagos|Protect|p1a: Terapagos\n|-singleturn|p1a: Terapagos|Protect\n|move|p1b: Miraidon|Electro Drift|p2a: \u9a6c\u5934\u725b\u903c\ud83d\udc36\ud83d\udc36\ud83d\udc36\n|-damage|p2a: \u9a6c\u5934\u725b\u903c\ud83d\udc36\ud83d\udc36\ud83d\udc36|35/100\n|move|p2a: \u9a6c\u5934\u725b\u903c\ud83d\udc36\ud83d\udc36\ud83d\udc36|Body Press|p1b: Miraidon\n|-damage|p1b: Miraidon|0 fnt\n|faint|p1b: Miraidon\n|\n|upkeep\n|\n|t:|1771891116\n|switch|p1b: Sinistcha|Sinistcha, L50|100/100\n|-heal|p1a: Terapagos|100/100|[from] ability: Hospitality|[of] p1b: Sinistcha\n|turn|8\n|-message|BanKingambit69247 forfeited.\n|\n|win|messi-05\n|raw|messi-05's rating: 1330 &rarr; <strong>1358</strong><br />(+28 for winning)\n|raw|BanKingambit69247's rating: 1475 &rarr; <strong>1447</strong><br />(-28 for losing)\n|l|\u2606BanKingambit69247\n|player|p2|\n|l|\u2606messi-05\n|player|p1|\n","uploadtime":1771891285,"views":13,"formatid":"gen9vgc2026regi","rating":1358,"private":0,"password":null}