{"id":"gen9vgc2026regi-2519330537","format":"[Gen 9] VGC 2026 Reg I","players":["chlorine with iron","BanKingambit69247"],"log":"|j|\u2606chlorine with iron\n|j|\u2606BanKingambit69247\n|t:|1768496348\n|gametype|doubles\n|player|p1|chlorine with iron|102|1093\n|player|p2|BanKingambit69247|102|1179\n|gen|9\n|tier|[Gen 9] VGC 2026 Reg I\n|rated|\n|rule|Species Clause: Limit one of each Pok\u00e9mon\n|rule|Item Clause: Limit 1 of each item\n|clearpoke\n|poke|p1|Miraidon, L50|\n|poke|p1|Whimsicott, L50, M|\n|poke|p1|Kyogre, L50|\n|poke|p1|Sableye, L50, F|\n|poke|p2|Calyrex-Ice, L50|\n|poke|p2|Koraidon, L50|\n|poke|p2|Incineroar, L50, F|\n|poke|p2|Rillaboom, L50, F|\n|poke|p2|Chi-Yu, L50|\n|poke|p2|Flutter Mane, L50|\n|teampreview|4\n|inactive|Battle timer is ON: inactive players will automatically lose when time's up. (requested by BanKingambit69247)\n|\n|t:|1768496361\n|teamsize|p1|4\n|teamsize|p2|4\n|start\n|switch|p1a: Kyogre|Kyogre, L50|100/100\n|switch|p1b: Sableye|Sableye, L50, F|100/100\n|switch|p2a: Rillaboom|Rillaboom, L50, F|100/100\n|switch|p2b: Calyrex|Calyrex-Ice, L50|100/100\n|-ability|p2b: Calyrex|As One\n|-ability|p2b: Calyrex|Unnerve\n|-weather|RainDance|[from] ability: Drizzle|[of] p1a: Kyogre\n|-fieldstart|move: Grassy Terrain|[from] ability: Grassy Surge|[of] p2a: Rillaboom\n|turn|1\n|\n|t:|1768496371\n|switch|p1a: Miraidon|Miraidon, L50|100/100\n|-fieldstart|move: Electric Terrain|[from] ability: Hadron Engine|[of] p1a: Miraidon\n|switch|p2b: Koraidon|Koraidon, L50|100/100\n|-weather|SunnyDay|[from] ability: Orichalcum Pulse|[of] p2b: Koraidon\n|-activate|p2b: Koraidon|Orichalcum Pulse|[source]\n|move|p1b: Sableye|Will-O-Wisp|p2b: Koraidon\n|-status|p2b: Koraidon|brn\n|move|p2a: Rillaboom|Wood Hammer|p1b: Sableye\n|-damage|p1b: Sableye|43/100\n|-damage|p2a: Rillaboom|86/100|[from] Recoil\n|\n|-weather|SunnyDay|[upkeep]\n|-damage|p2b: Koraidon|94/100 brn|[from] brn\n|upkeep\n|turn|2\n|\n|t:|1768496388\n|-terastallize|p1a: Miraidon|Fairy\n|move|p1b: Sableye|Will-O-Wisp|p2a: Rillaboom\n|-status|p2a: Rillaboom|brn\n|move|p2b: Koraidon|Flare Blitz|p1b: Sableye\n|-damage|p1b: Sableye|0 fnt\n|faint|p1b: Sableye\n|-damage|p2b: Koraidon|82/100 brn|[from] Recoil\n|move|p1a: Miraidon|Dazzling Gleam|p2b: Koraidon|[spread] p2a,p2b\n|-supereffective|p2b: Koraidon\n|-crit|p2b: Koraidon\n|-damage|p2a: Rillaboom|50/100 brn\n|-damage|p2b: Koraidon|0 fnt\n|faint|p2b: Koraidon\n|-damage|p1a: Miraidon|91/100|[from] item: Life Orb\n|move|p2a: Rillaboom|U-turn|p1a: Miraidon\n|-resisted|p1a: Miraidon\n|-damage|p1a: Miraidon|85/100\n|\n|t:|1768496396\n|switch|p2a: Calyrex|Calyrex-Ice, L50|100/100|[from] U-turn\n|-ability|p2a: Calyrex|As One\n|-ability|p2a: Calyrex|Unnerve\n|\n|-weather|SunnyDay|[upkeep]\n|upkeep\n|\n|t:|1768496407\n|switch|p2b: Rillaboom|Rillaboom, L50, F|50/100 brn\n|switch|p1b: Kyogre|Kyogre, L50|100/100\n|-weather|RainDance|[from] ability: Drizzle|[of] p1b: Kyogre\n|-fieldstart|move: Grassy Terrain|[from] ability: Grassy Surge|[of] p2b: Rillaboom\n|turn|3\n|\n|t:|1768496421\n|move|p1a: Miraidon|Protect|p1a: Miraidon\n|-singleturn|p1a: Miraidon|Protect\n|move|p2b: Rillaboom|Grassy Glide|p1b: Kyogre\n|-supereffective|p1b: Kyogre\n|-damage|p1b: Kyogre|60/100\n|move|p1b: Kyogre|Water Spout|p2b: Rillaboom|[spread] p2a,p2b\n|-resisted|p2b: Rillaboom\n|-damage|p2a: Calyrex|43/100\n|-damage|p2b: Rillaboom|25/100 brn\n|move|p2a: Calyrex|Trick Room|p2a: Calyrex\n|-fieldstart|move: Trick Room|[of] p2a: Calyrex\n|\n|-weather|RainDance|[upkeep]\n|-heal|p2a: Calyrex|49/100|[from] Grassy Terrain\n|-heal|p2a: Calyrex|55/100|[from] item: Leftovers\n|-heal|p2b: Rillaboom|30/100 brn|[from] Grassy Terrain\n|-heal|p1b: Kyogre|66/100|[from] Grassy Terrain\n|-heal|p1a: Miraidon|91/100|[from] Grassy Terrain\n|-damage|p2b: Rillaboom|25/100 brn|[from] brn\n|upkeep\n|turn|4\n|\n|t:|1768496431\n|move|p2a: Calyrex|Glacial Lance|p1a: Miraidon|[spread] p1a,p1b\n|-resisted|p1b: Kyogre\n|-damage|p1a: Miraidon|31/100\n|-damage|p1b: Kyogre|35/100\n|move|p2b: Rillaboom|Wood Hammer|p1b: Kyogre\n|-supereffective|p1b: Kyogre\n|-damage|p1b: Kyogre|0 fnt\n|faint|p1b: Kyogre\n|-damage|p2b: Rillaboom|15/100 brn|[from] Recoil\n|move|p1a: Miraidon|Dazzling Gleam|p2b: Rillaboom|[spread] p2a,p2b\n|-damage|p2a: Calyrex|23/100\n|-damage|p2b: Rillaboom|0 fnt\n|faint|p2b: Rillaboom\n|-damage|p1a: Miraidon|21/100|[from] item: Life Orb\n|\n|-weather|RainDance|[upkeep]\n|-heal|p2a: Calyrex|29/100|[from] Grassy Terrain\n|-heal|p2a: Calyrex|35/100|[from] item: Leftovers\n|-heal|p1a: Miraidon|27/100|[from] Grassy Terrain\n|upkeep\n|\n|t:|1768496437\n|switch|p2b: Flutter Mane|Flutter Mane, L50|100/100\n|switch|p1b: Whimsicott|Whimsicott, L50, M|100/100\n|turn|5\n|\n|t:|1768496448\n|move|p2a: Calyrex|Glacial Lance|p1a: Miraidon|[spread] p1a,p1b\n|-supereffective|p1b: Whimsicott\n|-damage|p1a: Miraidon|0 fnt\n|-enditem|p1b: Whimsicott|Focus Sash\n|-damage|p1b: Whimsicott|1/100\n|faint|p1a: Miraidon\n|-ability|p2a: Calyrex|Chilling Neigh|boost\n|-boost|p2a: Calyrex|atk|1\n|move|p1b: Whimsicott|Moonblast|p2a: Calyrex\n|-damage|p2a: Calyrex|12/100\n|-unboost|p2a: Calyrex|spa|1\n|move|p2b: Flutter Mane|Moonblast|p1b: Whimsicott\n|-crit|p1b: Whimsicott\n|-damage|p1b: Whimsicott|0 fnt\n|faint|p1b: Whimsicott\n|\n|win|BanKingambit69247\n|raw|chlorine with iron's rating: 1093 &rarr; <strong>1075</strong><br />(-18 for losing)\n|raw|BanKingambit69247's rating: 1179 &rarr; <strong>1198</strong><br />(+19 for winning)\n|l|\u2606chlorine with iron\n|player|p1|\n","uploadtime":1768496451,"views":25,"formatid":"gen9vgc2026regi","rating":1075,"private":0,"password":null}