{"id":"gen9vgc2026regi-2590062401","format":"[Gen 9] VGC 2026 Reg I","players":["Harry Koekenpan","Sunny_zong1"],"log":"|j|\u2606Harry Koekenpan\n|j|\u2606Sunny_zong1\n|t:|1776784539\n|gametype|doubles\n|player|p1|Harry Koekenpan|2|1408\n|player|p2|Sunny_zong1|bugsy|1550\n|gen|9\n|tier|[Gen 9] VGC 2026 Reg I\n|rated|\n|rule|Species Clause: Limit one of each Pok\u00e9mon\n|rule|Item Clause: Limit 1 of each item\n|clearpoke\n|poke|p1|Weezing-Galar, L50, F|\n|poke|p1|Calyrex-Shadow, L50|\n|poke|p1|Regigigas, L50|\n|poke|p1|Koraidon, L50|\n|poke|p1|Chi-Yu, L50|\n|poke|p1|Brute Bonnet, L50|\n|poke|p2|Annihilape, L50, F|\n|poke|p2|Miraidon, L50|\n|poke|p2|Calyrex-Shadow, L50|\n|poke|p2|Wo-Chien, L50|\n|poke|p2|Ting-Lu, L50|\n|poke|p2|Grimmsnarl, L50, M|\n|teampreview|4\n|inactive|Battle timer is ON: inactive players will automatically lose when time's up. (requested by Sunny_zong1)\n|\n|t:|1776784566\n|teamsize|p1|4\n|teamsize|p2|4\n|start\n|switch|p1a: Weezing|Weezing-Galar, L50, F|100/100\n|switch|p1b: Regigigas|Regigigas, L50|100/100\n|switch|p2a: Grimmsnarl|Grimmsnarl, L50, M|100/100\n|switch|p2b: Annihilape|Annihilape, L50, F|100/100\n|-ability|p1a: Weezing|Neutralizing Gas\n|turn|1\n|inactive|Sunny_zong1 has 30 seconds left.\n|\n|t:|1776784596\n|move|p2b: Annihilape|Final Gambit|p1b: Regigigas\n|-damage|p1b: Regigigas|0 fnt\n|faint|p2b: Annihilape\n|faint|p1b: Regigigas\n|-end|p1b: Regigigas|Slow Start|[silent]\n|move|p2a: Grimmsnarl|Reflect|p2a: Grimmsnarl\n|-sidestart|p2: Sunny_zong1|Reflect\n|move|p1a: Weezing|Toxic Spikes|p2a: Grimmsnarl\n|-sidestart|p2: Sunny_zong1|move: Toxic Spikes\n|\n|upkeep\n|\n|t:|1776784608\n|switch|p2b: Miraidon|Miraidon, L50|100/100\n|switch|p1b: Koraidon|Koraidon, L50|100/100\n|-status|p2b: Miraidon|psn\n|-weather|SunnyDay|[from] ability: Orichalcum Pulse|[of] p1b: Koraidon\n|-activate|p1b: Koraidon|Orichalcum Pulse|[source]\n|turn|2\n|\n|t:|1776784626\n|move|p1b: Koraidon|Protect|p1b: Koraidon\n|-singleturn|p1b: Koraidon|Protect\n|move|p2b: Miraidon|Dazzling Gleam|p1a: Weezing|[spread] p1a\n|-activate|p1b: Koraidon|move: Protect\n|-resisted|p1a: Weezing\n|-damage|p1a: Weezing|88/100\n|-damage|p2b: Miraidon|91/100 psn|[from] item: Life Orb\n|move|p1a: Weezing|Sludge Bomb|p2a: Grimmsnarl\n|-supereffective|p2a: Grimmsnarl\n|-damage|p2a: Grimmsnarl|62/100\n|-status|p2a: Grimmsnarl|psn\n|move|p2a: Grimmsnarl|Light Screen|p2a: Grimmsnarl\n|-sidestart|p2: Sunny_zong1|move: Light Screen\n|\n|-weather|SunnyDay|[upkeep]\n|-damage|p2b: Miraidon|79/100 psn|[from] psn\n|-damage|p2a: Grimmsnarl|50/100 psn|[from] psn\n|upkeep\n|turn|3\n|inactive|Harry Koekenpan has 30 seconds left.\n|inactive|Sunny_zong1 has 30 seconds left.\n|\n|t:|1776784657\n|-terastallize|p1b: Koraidon|Fire\n|move|p2b: Miraidon|Dazzling Gleam|p1b: Koraidon|[spread] p1a,p1b\n|-resisted|p1a: Weezing\n|-resisted|p1b: Koraidon\n|-damage|p1a: Weezing|75/100\n|-damage|p1b: Koraidon|86/100\n|-damage|p2b: Miraidon|69/100 psn|[from] item: Life Orb\n|move|p1b: Koraidon|Flare Blitz|p2b: Miraidon\n|-resisted|p2b: Miraidon\n|-damage|p2b: Miraidon|23/100 psn\n|-damage|p1b: Koraidon|71/100|[from] Recoil\n|move|p1a: Weezing|Sludge Bomb|p2b: Miraidon\n|-damage|p2b: Miraidon|6/100 psn\n|move|p2a: Grimmsnarl|Thunder Wave|p1b: Koraidon\n|-status|p1b: Koraidon|par\n|\n|-weather|SunnyDay|[upkeep]\n|-damage|p2b: Miraidon|0 fnt|[from] psn\n|faint|p2b: Miraidon\n|-damage|p2a: Grimmsnarl|37/100 psn|[from] psn\n|upkeep\n|\n|t:|1776784659\n|switch|p2b: Calyrex|Calyrex-Shadow, L50|100/100\n|-ability|p2b: Calyrex|As One\n|-ability|p2b: Calyrex|Unnerve\n|-status|p2b: Calyrex|psn\n|turn|4\n|inactive|Harry Koekenpan has 30 seconds left.\n|\n|t:|1776784691\n|-terastallize|p2b: Calyrex|Ghost\n|move|p1b: Koraidon|Protect|p1b: Koraidon\n|-singleturn|p1b: Koraidon|Protect\n|move|p1a: Weezing|Protect|p1a: Weezing\n|-singleturn|p1a: Weezing|Protect\n|move|p2b: Calyrex|Astral Barrage|p1a: Weezing|[spread] \n|-activate|p1a: Weezing|move: Protect\n|-activate|p1b: Koraidon|move: Protect\n|move|p2a: Grimmsnarl|Foul Play|p1a: Weezing\n|-activate|p1a: Weezing|move: Protect\n|\n|-weather|SunnyDay|[upkeep]\n|-damage|p2b: Calyrex|88/100 psn|[from] psn\n|-damage|p2a: Grimmsnarl|25/100 psn|[from] psn\n|upkeep\n|turn|5\n|\n|t:|1776784702\n|move|p2b: Calyrex|Astral Barrage|p1b: Koraidon|[spread] p1a,p1b\n|-damage|p1a: Weezing|0 fnt\n|-damage|p1b: Koraidon|0 fnt\n|faint|p1a: Weezing\n|-end|p1a: Weezing|ability: Neutralizing Gas\n|faint|p1b: Koraidon\n|-ability|p2b: Calyrex|Grim Neigh|boost\n|-boost|p2b: Calyrex|spa|2\n|move|p2a: Grimmsnarl|Foul Play|p1: Weezing|[notarget]\n|-fail|p2a: Grimmsnarl\n|\n|-weather|SunnyDay|[upkeep]\n|-damage|p2b: Calyrex|76/100 psn|[from] psn\n|-damage|p2a: Grimmsnarl|12/100 psn|[from] psn\n|upkeep\n|\n|t:|1776784719\n|switch|p1b: Chi-Yu|Chi-Yu, L50|100/100\n|-ability|p1b: Chi-Yu|Beads of Ruin\n|turn|6\n|\n|t:|1776784724\n|move|p1b: Chi-Yu|Protect|p1b: Chi-Yu\n|-singleturn|p1b: Chi-Yu|Protect\n|move|p2b: Calyrex|Astral Barrage|p1b: Chi-Yu\n|-activate|p1b: Chi-Yu|move: Protect\n|move|p2a: Grimmsnarl|Foul Play|p1b: Chi-Yu\n|-activate|p1b: Chi-Yu|move: Protect\n|\n|-weather|none\n|-damage|p2b: Calyrex|64/100 psn|[from] psn\n|-damage|p2a: Grimmsnarl|0 fnt|[from] psn\n|faint|p2a: Grimmsnarl\n|upkeep\n|turn|7\n|\n|t:|1776784749\n|move|p2b: Calyrex|Astral Barrage|p1b: Chi-Yu\n|-resisted|p1b: Chi-Yu\n|-enditem|p1b: Chi-Yu|Focus Sash\n|-damage|p1b: Chi-Yu|1/100\n|move|p1b: Chi-Yu|Overheat|p2b: Calyrex\n|-damage|p2b: Calyrex|0 fnt\n|-unboost|p1b: Chi-Yu|spa|2\n|faint|p2b: Calyrex\n|\n|win|Harry Koekenpan\n|raw|Harry Koekenpan's rating: 1408 &rarr; <strong>1436</strong><br />(+28 for winning)\n|raw|Sunny_zong1's rating: 1550 &rarr; <strong>1522</strong><br />(-28 for losing)\n|l|\u2606Sunny_zong1\n|player|p2|\n|l|\u2606Harry Koekenpan\n|player|p1|\n","uploadtime":1776785015,"views":11,"formatid":"gen9vgc2026regi","rating":1436,"private":0,"password":null}