{"id":"gen9vgc2026regi-2566487635","format":"[Gen 9] VGC 2026 Reg I","players":["BreakTheShadowWall","Sh1k3"],"log":"|j|\u2606BreakTheShadowWall\n|j|\u2606Sh1k3\n|t:|1774380238\n|gametype|doubles\n|player|p1|BreakTheShadowWall|elesa|1463\n|player|p2|Sh1k3|101|1503\n|gen|9\n|tier|[Gen 9] VGC 2026 Reg I\n|rated|\n|rule|Species Clause: Limit one of each Pok\u00e9mon\n|rule|Item Clause: Limit 1 of each item\n|clearpoke\n|poke|p1|Miraidon, L50|\n|poke|p1|Iron Bundle, L50|\n|poke|p1|Lunala, L50|\n|poke|p1|Incineroar, L50, M|\n|poke|p1|Urshifu-*, L50, F|\n|poke|p1|Ursaluna, L50, F|\n|poke|p2|Groudon, L50|\n|poke|p2|Chi-Yu, L50|\n|poke|p2|Flutter Mane, L50|\n|poke|p2|Raging Bolt, L50|\n|poke|p2|Calyrex-Ice, L50|\n|poke|p2|Jumpluff, L50, M|\n|teampreview|4\n|inactive|Battle timer is ON: inactive players will automatically lose when time's up. (requested by Sh1k3)\n|inactive|Sh1k3 has 60 seconds left.\n|\n|t:|1774380280\n|teamsize|p1|4\n|teamsize|p2|4\n|start\n|switch|p1a: Iron Bundle|Iron Bundle, L50|100/100\n|switch|p1b: Miraidon|Miraidon, L50|100/100\n|switch|p2a: Flutter Mane|Flutter Mane, L50|100/100\n|switch|p2b: Groudon|Groudon, L50|100/100\n|-fieldstart|move: Electric Terrain|[from] ability: Hadron Engine|[of] p1b: Miraidon\n|-activate|p1a: Iron Bundle|ability: Quark Drive\n|-start|p1a: Iron Bundle|quarkdrivespe\n|-weather|SunnyDay|[from] ability: Drought|[of] p2b: Groudon\n|-activate|p2a: Flutter Mane|ability: Protosynthesis\n|-start|p2a: Flutter Mane|protosynthesisspe\n|turn|1\n|\n|t:|1774380301\n|-terastallize|p1b: Miraidon|Fairy\n|move|p2a: Flutter Mane|Protect|p2a: Flutter Mane\n|-singleturn|p2a: Flutter Mane|Protect\n|move|p1a: Iron Bundle|Icy Wind|p2b: Groudon|[spread] p2b\n|-activate|p2a: Flutter Mane|move: Protect\n|-supereffective|p2b: Groudon\n|-damage|p2b: Groudon|76/100\n|-unboost|p2b: Groudon|spe|1\n|move|p1b: Miraidon|Volt Switch|p2a: Flutter Mane\n|-activate|p2a: Flutter Mane|move: Protect\n|move|p2b: Groudon|Precipice Blades|p1a: Iron Bundle|[spread] p1a,p1b\n|-damage|p1a: Iron Bundle|39/100\n|-damage|p1b: Miraidon|46/100\n|\n|-weather|SunnyDay|[upkeep]\n|upkeep\n|turn|2\n|inactive|BreakTheShadowWall has 30 seconds left.\n|inactive|Sh1k3 has 30 seconds left.\n|inactive|Sh1k3 has 20 seconds left.\n|inactive|Sh1k3 has 15 seconds left.\n|inactive|Sh1k3 has 10 seconds left.\n|\n|t:|1774380348\n|-end|p2a: Flutter Mane|Protosynthesis|[silent]\n|switch|p2a: Raging Bolt|Raging Bolt, L50|100/100\n|-activate|p2a: Raging Bolt|ability: Protosynthesis\n|-start|p2a: Raging Bolt|protosynthesisspa\n|move|p1a: Iron Bundle|Icy Wind|p2a: Raging Bolt|[spread] p2a,p2b\n|-supereffective|p2a: Raging Bolt\n|-supereffective|p2b: Groudon\n|-damage|p2a: Raging Bolt|62/100\n|-damage|p2b: Groudon|52/100\n|-unboost|p2a: Raging Bolt|spe|1\n|-unboost|p2b: Groudon|spe|1\n|move|p1b: Miraidon|Volt Switch|p2a: Raging Bolt\n|-resisted|p2a: Raging Bolt\n|-crit|p2a: Raging Bolt\n|-damage|p2a: Raging Bolt|30/100\n|\n|t:|1774380360\n|switch|p1b: Lunala|Lunala, L50, shiny|100/100|[from] Volt Switch\n|-enditem|p1b: Lunala|Electric Seed\n|-boost|p1b: Lunala|def|1|[from] item: Electric Seed\n|move|p2b: Groudon|Precipice Blades|p1a: Iron Bundle|[spread] p1b\n|-miss|p2b: Groudon|p1a: Iron Bundle\n|-damage|p1b: Lunala|85/100\n|\n|-weather|SunnyDay|[upkeep]\n|upkeep\n|turn|3\n|inactive|BreakTheShadowWall has 30 seconds left.\n|inactive|Sh1k3 has 30 seconds left.\n|inactive|BreakTheShadowWall has 20 seconds left.\n|\n|t:|1774380398\n|move|p1a: Iron Bundle|Protect|p1a: Iron Bundle\n|-singleturn|p1a: Iron Bundle|Protect\n|move|p2a: Raging Bolt|Thunderclap||[still]\n|-fail|p2a: Raging Bolt\n|move|p1b: Lunala|Moongeist Beam|p2a: Raging Bolt\n|-damage|p2a: Raging Bolt|0 fnt\n|faint|p2a: Raging Bolt\n|-end|p2a: Raging Bolt|Protosynthesis|[silent]\n|move|p2b: Groudon|Precipice Blades|p1b: Lunala|[spread] p1b\n|-activate|p1a: Iron Bundle|move: Protect\n|-damage|p1b: Lunala|53/100\n|\n|-weather|SunnyDay|[upkeep]\n|upkeep\n|inactive|Sh1k3 has 30 seconds left.\n|\n|t:|1774380427\n|switch|p2a: Flutter Mane|Flutter Mane, L50|100/100\n|-activate|p2a: Flutter Mane|ability: Protosynthesis\n|-start|p2a: Flutter Mane|protosynthesisspe\n|turn|4\n|\n|t:|1774380444\n|move|p1a: Iron Bundle|Icy Wind|p2b: Groudon|[spread] p2a,p2b\n|-supereffective|p2b: Groudon\n|-damage|p2a: Flutter Mane|79/100\n|-damage|p2b: Groudon|26/100\n|-unboost|p2a: Flutter Mane|spe|1\n|-unboost|p2b: Groudon|spe|1\n|move|p2a: Flutter Mane|Moonblast|p1a: Iron Bundle\n|-damage|p1a: Iron Bundle|0 fnt\n|faint|p1a: Iron Bundle\n|-end|p1a: Iron Bundle|Quark Drive|[silent]\n|move|p1b: Lunala|Moongeist Beam|p2b: Groudon\n|-damage|p2b: Groudon|0 fnt\n|faint|p2b: Groudon\n|\n|-weather|SunnyDay|[upkeep]\n|upkeep\n|\n|t:|1774380458\n|switch|p1a: Incineroar|Incineroar, L50, M|100/100\n|switch|p2b: Chi-Yu|Chi-Yu, L50|100/100\n|-ability|p2b: Chi-Yu|Beads of Ruin\n|-ability|p1a: Incineroar|Intimidate|boost\n|-unboost|p2a: Flutter Mane|atk|1\n|-unboost|p2b: Chi-Yu|atk|1\n|turn|5\n|inactive|BreakTheShadowWall has 30 seconds left.\n|inactive|Sh1k3 has 30 seconds left.\n|inactive|BreakTheShadowWall has 20 seconds left.\n|inactive|BreakTheShadowWall has 15 seconds left.\n|\n|t:|1774380499\n|move|p2b: Chi-Yu|Heat Wave|p1a: Incineroar|[spread] p1a,p1b\n|-resisted|p1a: Incineroar\n|-damage|p1a: Incineroar|74/100\n|-damage|p1b: Lunala|0 fnt\n|faint|p1b: Lunala\n|move|p2a: Flutter Mane|Shadow Ball|p1a: Incineroar\n|-resisted|p1a: Incineroar\n|-damage|p1a: Incineroar|54/100\n|-unboost|p1a: Incineroar|spd|1\n|move|p1a: Incineroar|Knock Off|p2b: Chi-Yu\n|-resisted|p2b: Chi-Yu\n|-damage|p2b: Chi-Yu|71/100\n|-enditem|p2b: Chi-Yu|Choice Scarf|[from] move: Knock Off|[of] p1a: Incineroar\n|\n|-weather|none\n|-end|p2a: Flutter Mane|Protosynthesis\n|-fieldend|move: Electric Terrain\n|upkeep\n|\n|t:|1774380513\n|switch|p1b: Miraidon|Miraidon, L50, tera:Fairy|46/100\n|-fieldstart|move: Electric Terrain|[from] ability: Hadron Engine|[of] p1b: Miraidon\n|turn|6\n|\n|t:|1774380529\n|move|p1b: Miraidon|Dazzling Gleam|p2a: Flutter Mane|[spread] p2a,p2b\n|-damage|p2a: Flutter Mane|1/100\n|-damage|p2b: Chi-Yu|3/100\n|move|p2b: Chi-Yu|Heat Wave|p1b: Miraidon|[spread] p1a,p1b\n|-resisted|p1a: Incineroar\n|-damage|p1a: Incineroar|28/100\n|-damage|p1b: Miraidon|0 fnt\n|faint|p1b: Miraidon\n|move|p2a: Flutter Mane|Moonblast|p1a: Incineroar\n|-crit|p1a: Incineroar\n|-damage|p1a: Incineroar|0 fnt\n|faint|p1a: Incineroar\n|\n|win|Sh1k3\n|raw|BreakTheShadowWall's rating: 1463 &rarr; <strong>1445</strong><br />(-18 for losing)\n|raw|Sh1k3's rating: 1503 &rarr; <strong>1521</strong><br />(+18 for winning)\n|c|\u2606BreakTheShadowWall|no way\n|l|\u2606BreakTheShadowWall\n|player|p1|\n","uploadtime":1774380571,"views":36,"formatid":"gen9vgc2026regi","rating":1445,"private":0,"password":null}