{"id":"gen9vgc2026regi-2540591855","format":"[Gen 9] VGC 2026 Reg I","players":["blackred123","cy2rexfiy"],"log":"|j|\u2606blackred123\n|j|\u2606cy2rexfiy\n|t:|1771223330\n|gametype|doubles\n|player|p1|blackred123|iono-masters|1320\n|player|p2|cy2rexfiy|1|1304\n|gen|9\n|tier|[Gen 9] VGC 2026 Reg I\n|rated|\n|rule|Species Clause: Limit one of each Pok\u00e9mon\n|rule|Item Clause: Limit 1 of each item\n|clearpoke\n|poke|p1|Lunala, L50|\n|poke|p1|Ursaluna, L50, M|\n|poke|p1|Urshifu-*, L50, M|\n|poke|p1|Miraidon, L50|\n|poke|p1|Grimmsnarl, L50, M|\n|poke|p1|Incineroar, L50, F|\n|poke|p2|Calyrex-Ice, L50|\n|poke|p2|Rillaboom, L50, F|\n|poke|p2|Incineroar, L50, M|\n|poke|p2|Terapagos, L50, M|\n|poke|p2|Walking Wake, L50|\n|poke|p2|Smeargle, L50, M|\n|teampreview|4\n|inactive|Battle timer is ON: inactive players will automatically lose when time's up. (requested by blackred123)\n|\n|t:|1771223349\n|teamsize|p1|4\n|teamsize|p2|4\n|start\n|switch|p1a: Miraidon|Miraidon, L50|100/100\n|switch|p1b: Grimmsnarl|Grimmsnarl, L50, M|100/100\n|switch|p2a: Terapagos|Terapagos, L50, M|100/100\n|switch|p2b: Incineroar|Incineroar, L50, M|100/100\n|-activate|p2a: Terapagos|ability: Tera Shift\n|detailschange|p2a: Terapagos|Terapagos-Terastal, L50, M\n|-heal|p2a: Terapagos|100/100|[silent]\n|-fieldstart|move: Electric Terrain|[from] ability: Hadron Engine|[of] p1a: Miraidon\n|-ability|p2b: Incineroar|Intimidate|boost\n|-unboost|p1a: Miraidon|atk|1\n|-unboost|p1b: Grimmsnarl|atk|1\n|turn|1\n|\n|t:|1771223360\n|move|p2b: Incineroar|Fake Out|p1a: Miraidon\n|-damage|p1a: Miraidon|89/100\n|cant|p1a: Miraidon|flinch\n|move|p2a: Terapagos|Calm Mind|p2a: Terapagos\n|-boost|p2a: Terapagos|spa|1\n|-boost|p2a: Terapagos|spd|1\n|move|p1b: Grimmsnarl|Spirit Break|p2a: Terapagos\n|-activate|p2a: Terapagos|ability: Tera Shell\n|-resisted|p2a: Terapagos\n|-damage|p2a: Terapagos|93/100\n|-unboost|p2a: Terapagos|spa|1\n|\n|-heal|p2a: Terapagos|99/100|[from] item: Leftovers\n|upkeep\n|turn|2\n|\n|t:|1771223378\n|switch|p2b: Rillaboom|Rillaboom, L50, F|100/100\n|-fieldstart|move: Grassy Terrain|[from] ability: Grassy Surge|[of] p2b: Rillaboom\n|move|p1b: Grimmsnarl|Thunder Wave|p2a: Terapagos\n|-status|p2a: Terapagos|par\n|move|p1a: Miraidon|Volt Switch|p2b: Rillaboom\n|-resisted|p2b: Rillaboom\n|-damage|p2b: Rillaboom|88/100\n|\n|t:|1771223390\n|switch|p1a: Lunala|Lunala, L50|100/100|[from] Volt Switch\n|cant|p2a: Terapagos|par\n|\n|-heal|p2b: Rillaboom|94/100|[from] Grassy Terrain\n|-heal|p2a: Terapagos|100/100 par|[from] Grassy Terrain\n|upkeep\n|turn|3\n|\n|t:|1771223407\n|move|p1b: Grimmsnarl|Reflect|p1b: Grimmsnarl\n|-sidestart|p1: blackred123|Reflect\n|move|p1a: Lunala|Moongeist Beam|p2b: Rillaboom\n|-damage|p2b: Rillaboom|57/100\n|move|p2b: Rillaboom|U-turn|p1a: Lunala\n|-damage|p1a: Lunala|95/100\n|j| Yancy0721\u56fe\u56fe\u72ac\u4fa0\n|\n|t:|1771223425\n|switch|p2b: Incineroar|Incineroar, L50, M|100/100|[from] U-turn\n|-ability|p2b: Incineroar|Intimidate|boost\n|-unboost|p1a: Lunala|atk|1\n|-unboost|p1b: Grimmsnarl|atk|1\n|move|p2a: Terapagos|Calm Mind|p2a: Terapagos\n|-boost|p2a: Terapagos|spa|1\n|-boost|p2a: Terapagos|spd|1\n|\n|-heal|p1a: Lunala|100/100|[from] Grassy Terrain\n|upkeep\n|turn|4\n|\n|t:|1771223436\n|move|p1b: Grimmsnarl|Light Screen|p1b: Grimmsnarl\n|-sidestart|p1: blackred123|move: Light Screen\n|move|p1a: Lunala|Moonblast|p2a: Terapagos\n|-activate|p2a: Terapagos|ability: Tera Shell\n|-resisted|p2a: Terapagos\n|-damage|p2a: Terapagos|93/100 par\n|move|p2b: Incineroar|Snarl|p1a: Lunala|[spread] p1a,p1b\n|-supereffective|p1a: Lunala\n|-resisted|p1b: Grimmsnarl\n|-damage|p1a: Lunala|90/100\n|-damage|p1b: Grimmsnarl|99/100\n|-unboost|p1a: Lunala|spa|1\n|-unboost|p1b: Grimmsnarl|spa|1\n|move|p2a: Terapagos|Calm Mind|p2a: Terapagos\n|-boost|p2a: Terapagos|spa|1\n|-boost|p2a: Terapagos|spd|1\n|\n|-heal|p1a: Lunala|96/100|[from] Grassy Terrain\n|-heal|p1b: Grimmsnarl|100/100|[from] Grassy Terrain\n|-heal|p2a: Terapagos|99/100 par|[from] Grassy Terrain\n|-heal|p2a: Terapagos|100/100 par|[from] item: Leftovers\n|upkeep\n|turn|5\n|inactive|cy2rexfiy has 30 seconds left.\n|inactive|cy2rexfiy has 20 seconds left.\n|inactive|blackred123 has 30 seconds left.\n|\n|t:|1771223478\n|switch|p1a: Incineroar|Incineroar, L50, F|100/100\n|-ability|p1a: Incineroar|Intimidate|boost\n|-unboost|p2a: Terapagos|atk|1\n|-unboost|p2b: Incineroar|atk|1\n|switch|p1b: Miraidon|Miraidon, L50|89/100\n|-fieldstart|move: Electric Terrain|[from] ability: Hadron Engine|[of] p1b: Miraidon\n|move|p2b: Incineroar|Knock Off|p1a: Incineroar\n|-resisted|p1a: Incineroar\n|-damage|p1a: Incineroar|95/100\n|-damage|p2b: Incineroar|84/100|[from] item: Rocky Helmet|[of] p1a: Incineroar\n|-enditem|p1a: Incineroar|Rocky Helmet|[from] move: Knock Off|[of] p2b: Incineroar\n|move|p2a: Terapagos|Tera Starstorm|p1b: Miraidon\n|-damage|p1b: Miraidon|52/100\n|\n|upkeep\n|turn|6\n|\n|t:|1771223500\n|switch|p2b: Rillaboom|Rillaboom, L50, F|57/100\n|-fieldstart|move: Grassy Terrain|[from] ability: Grassy Surge|[of] p2b: Rillaboom\n|move|p1b: Miraidon|Electro Drift|p2b: Rillaboom\n|-resisted|p2b: Rillaboom\n|-damage|p2b: Rillaboom|41/100\n|move|p1a: Incineroar|Parting Shot|p2a: Terapagos\n|-unboost|p2a: Terapagos|atk|1\n|-unboost|p2a: Terapagos|spa|1\n|\n|t:|1771223514\n|switch|p1a: Lunala|Lunala, L50|96/100|[from] Parting Shot\n|move|p2a: Terapagos|Earth Power|p1a: Lunala\n|-damage|p1a: Lunala|77/100\n|\n|-heal|p1b: Miraidon|58/100|[from] Grassy Terrain\n|-heal|p1a: Lunala|83/100|[from] Grassy Terrain\n|-heal|p2b: Rillaboom|47/100|[from] Grassy Terrain\n|upkeep\n|turn|7\n|\n|t:|1771223528\n|switch|p1b: Grimmsnarl|Grimmsnarl, L50, M|100/100\n|switch|p2b: Incineroar|Incineroar, L50, M|84/100\n|-ability|p2b: Incineroar|Intimidate|boost\n|-unboost|p1a: Lunala|atk|1\n|-unboost|p1b: Grimmsnarl|atk|1\n|move|p1a: Lunala|Moonblast|p2b: Incineroar\n|-damage|p2b: Incineroar|49/100\n|move|p2a: Terapagos|Tera Starstorm|p1b: Grimmsnarl\n|-damage|p1b: Grimmsnarl|53/100\n|\n|-heal|p1a: Lunala|89/100|[from] Grassy Terrain\n|-heal|p1b: Grimmsnarl|59/100|[from] Grassy Terrain\n|-heal|p2b: Incineroar|55/100|[from] Grassy Terrain\n|upkeep\n|turn|8\n|\n|t:|1771223545\n|move|p1a: Lunala|Moonblast|p2b: Incineroar\n|-damage|p2b: Incineroar|21/100\n|move|p1b: Grimmsnarl|Spirit Break|p2a: Terapagos\n|-activate|p2a: Terapagos|ability: Tera Shell\n|-resisted|p2a: Terapagos\n|-damage|p2a: Terapagos|93/100 par\n|-unboost|p2a: Terapagos|spa|1\n|move|p2b: Incineroar|Snarl|p1a: Lunala|[spread] p1a,p1b\n|-supereffective|p1a: Lunala\n|-resisted|p1b: Grimmsnarl\n|-damage|p1a: Lunala|67/100\n|-damage|p1b: Grimmsnarl|57/100\n|-unboost|p1a: Lunala|spa|1\n|-unboost|p1b: Grimmsnarl|spa|1\n|move|p2a: Terapagos|Calm Mind|p2a: Terapagos\n|-boost|p2a: Terapagos|spa|1\n|-boost|p2a: Terapagos|spd|1\n|\n|-heal|p1a: Lunala|73/100|[from] Grassy Terrain\n|-heal|p1b: Grimmsnarl|63/100|[from] Grassy Terrain\n|-heal|p2b: Incineroar|27/100|[from] Grassy Terrain\n|-heal|p2a: Terapagos|99/100 par|[from] Grassy Terrain\n|-heal|p2a: Terapagos|100/100 par|[from] item: Leftovers\n|upkeep\n|turn|9\n|\n|t:|1771223569\n|move|p2a: Terapagos|Protect|p2a: Terapagos\n|-singleturn|p2a: Terapagos|Protect\n|move|p1a: Lunala|Moonblast|p2b: Incineroar\n|-crit|p2b: Incineroar\n|-damage|p2b: Incineroar|0 fnt\n|faint|p2b: Incineroar\n|move|p1b: Grimmsnarl|Spirit Break|p2a: Terapagos\n|-activate|p2a: Terapagos|move: Protect\n|\n|-heal|p1a: Lunala|79/100|[from] Grassy Terrain\n|-heal|p1b: Grimmsnarl|69/100|[from] Grassy Terrain\n|upkeep\n|\n|t:|1771223576\n|switch|p2b: Calyrex|Calyrex-Ice, L50|100/100\n|-ability|p2b: Calyrex|As One\n|-ability|p2b: Calyrex|Unnerve\n|turn|10\n|\n|t:|1771223586\n|move|p1b: Grimmsnarl|Thunder Wave|p2b: Calyrex\n|-status|p2b: Calyrex|par\n|move|p1a: Lunala|Moongeist Beam|p2b: Calyrex\n|-supereffective|p2b: Calyrex\n|-damage|p2b: Calyrex|54/100 par\n|move|p2a: Terapagos|Earth Power|p1a: Lunala\n|-damage|p1a: Lunala|59/100\n|cant|p2b: Calyrex|par\n|\n|-heal|p1a: Lunala|66/100|[from] Grassy Terrain\n|-heal|p1b: Grimmsnarl|75/100|[from] Grassy Terrain\n|-heal|p2b: Calyrex|60/100 par|[from] Grassy Terrain\n|-sideend|p1: blackred123|Reflect\n|-fieldend|move: Grassy Terrain\n|upkeep\n|turn|11\n|\n|t:|1771223604\n|move|p1a: Lunala|Moongeist Beam|p2b: Calyrex\n|-supereffective|p2b: Calyrex\n|-damage|p2b: Calyrex|16/100 par\n|move|p1b: Grimmsnarl|Spirit Break|p2a: Terapagos\n|-activate|p2a: Terapagos|ability: Tera Shell\n|-resisted|p2a: Terapagos\n|-damage|p2a: Terapagos|93/100 par\n|-unboost|p2a: Terapagos|spa|1\n|move|p2a: Terapagos|Earth Power|p1a: Lunala\n|-damage|p1a: Lunala|51/100\n|move|p2b: Calyrex|Glacial Lance|p1a: Lunala|[spread] p1a,p1b\n|-damage|p1a: Lunala|10/100\n|-damage|p1b: Grimmsnarl|17/100\n|\n|-heal|p2a: Terapagos|99/100 par|[from] item: Leftovers\n|-sideend|p1: blackred123|move: Light Screen\n|upkeep\n|turn|12\n|\n|t:|1771223626\n|move|p2b: Calyrex|Protect|p2b: Calyrex\n|-singleturn|p2b: Calyrex|Protect\n|move|p1b: Grimmsnarl|Light Screen|p1b: Grimmsnarl\n|-sidestart|p1: blackred123|move: Light Screen\n|move|p1a: Lunala|Moongeist Beam|p2b: Calyrex\n|-activate|p2b: Calyrex|move: Protect\n|cant|p2a: Terapagos|par\n|\n|-heal|p2a: Terapagos|100/100 par|[from] item: Leftovers\n|upkeep\n|turn|13\n|\n|t:|1771223638\n|move|p1a: Lunala|Moongeist Beam|p2b: Calyrex\n|-supereffective|p2b: Calyrex\n|-damage|p2b: Calyrex|0 fnt\n|faint|p2b: Calyrex\n|move|p1b: Grimmsnarl|Spirit Break|p2a: Terapagos\n|-activate|p2a: Terapagos|ability: Tera Shell\n|-resisted|p2a: Terapagos\n|-damage|p2a: Terapagos|93/100 par\n|-unboost|p2a: Terapagos|spa|1\n|move|p2a: Terapagos|Earth Power|p1a: Lunala\n|-damage|p1a: Lunala|1/100\n|\n|-heal|p2a: Terapagos|99/100 par|[from] item: Leftovers\n|upkeep\n|\n|t:|1771223648\n|switch|p2b: Rillaboom|Rillaboom, L50, F|47/100\n|-fieldstart|move: Grassy Terrain|[from] ability: Grassy Surge|[of] p2b: Rillaboom\n|turn|14\n|\n|t:|1771223661\n|switch|p1b: Miraidon|Miraidon, L50|58/100\n|-fieldstart|move: Electric Terrain|[from] ability: Hadron Engine|[of] p1b: Miraidon\n|-enditem|p1a: Lunala|Electric Seed\n|-boost|p1a: Lunala|def|1|[from] item: Electric Seed\n|move|p2b: Rillaboom|Fake Out|p1b: Miraidon\n|-damage|p1b: Miraidon|47/100\n|move|p1a: Lunala|Moongeist Beam|p2b: Rillaboom\n|-damage|p2b: Rillaboom|26/100\n|move|p2a: Terapagos|Earth Power|p1a: Lunala\n|-damage|p1a: Lunala|0 fnt\n|faint|p1a: Lunala\n|\n|-heal|p2a: Terapagos|100/100 par|[from] item: Leftovers\n|upkeep\n|\n|t:|1771223677\n|switch|p1a: Incineroar|Incineroar, L50, F|95/100\n|-ability|p1a: Incineroar|Intimidate|boost\n|-unboost|p2a: Terapagos|atk|1\n|-unboost|p2b: Rillaboom|atk|1\n|turn|15\n|inactive|cy2rexfiy has 30 seconds left.\n|inactive|cy2rexfiy has 20 seconds left.\n|inactive|cy2rexfiy has 15 seconds left.\n|\n|t:|1771223719\n|-terastallize|p2a: Terapagos|Stellar\n|detailschange|p2a: Terapagos|Terapagos-Stellar, L50, M, tera:Stellar\n|-heal|p2a: Terapagos|100/100 par|[silent]\n|-ability|p2a: Terapagos|Teraform Zero\n|-fieldend|move: Electric Terrain\n|move|p1a: Incineroar|Fake Out|p2a: Terapagos\n|-damage|p2a: Terapagos|95/100 par\n|move|p1b: Miraidon|Draco Meteor|p2b: Rillaboom\n|-damage|p2b: Rillaboom|0 fnt\n|-unboost|p1b: Miraidon|spa|2\n|faint|p2b: Rillaboom\n|cant|p2a: Terapagos|flinch\n|\n|-heal|p2a: Terapagos|100/100 par|[from] item: Leftovers\n|upkeep\n|turn|16\n|\n|t:|1771223737\n|switch|p1b: Grimmsnarl|Grimmsnarl, L50, M|17/100\n|move|p1a: Incineroar|Parting Shot|p2a: Terapagos\n|-unboost|p2a: Terapagos|atk|1\n|-unboost|p2a: Terapagos|spa|1\n|\n|t:|1771223743\n|switch|p1a: Miraidon|Miraidon, L50|47/100|[from] Parting Shot\n|-fieldstart|move: Electric Terrain|[from] ability: Hadron Engine|[of] p1a: Miraidon\n|move|p2a: Terapagos|Tera Starstorm|p1a: Miraidon|[spread] p1a,p1b\n|-damage|p1a: Miraidon|41/100\n|-damage|p1b: Grimmsnarl|6/100\n|\n|upkeep\n|turn|17\n|inactive|cy2rexfiy has 30 seconds left.\n|inactive|cy2rexfiy has 20 seconds left.\n|inactive|cy2rexfiy has 15 seconds left.\n|inactive|cy2rexfiy has 10 seconds left.\n|\n|t:|1771223795\n|switch|p1a: Incineroar|Incineroar, L50, F|95/100\n|-ability|p1a: Incineroar|Intimidate|boost\n|-unboost|p2a: Terapagos|atk|1\n|move|p1b: Grimmsnarl|Spirit Break|p2a: Terapagos\n|-damage|p2a: Terapagos|83/100 par\n|-unboost|p2a: Terapagos|spa|1\n|move|p2a: Terapagos|Tera Starstorm|p1b: Grimmsnarl|[spread] p1a,p1b\n|-damage|p1a: Incineroar|85/100\n|-damage|p1b: Grimmsnarl|0 fnt\n|faint|p1b: Grimmsnarl\n|\n|-heal|p2a: Terapagos|89/100 par|[from] item: Leftovers\n|upkeep\n|\n|t:|1771223806\n|switch|p1b: Miraidon|Miraidon, L50|41/100\n|-activate|p1b: Miraidon|ability: Hadron Engine\n|turn|18\n|j| QUQeee\n|\n|t:|1771223826\n|move|p2a: Terapagos|Protect|p2a: Terapagos\n|-singleturn|p2a: Terapagos|Protect\n|move|p1b: Miraidon|Snarl|p2a: Terapagos\n|-activate|p2a: Terapagos|move: Protect\n|move|p1a: Incineroar|Parting Shot|p2a: Terapagos\n|-activate|p2a: Terapagos|move: Protect\n|\n|-heal|p2a: Terapagos|95/100 par|[from] item: Leftovers\n|upkeep\n|turn|19\n|\n|t:|1771223842\n|move|p1b: Miraidon|Snarl|p2a: Terapagos\n|-damage|p2a: Terapagos|90/100 par\n|-unboost|p2a: Terapagos|spa|1\n|move|p1a: Incineroar|Parting Shot|p2a: Terapagos\n|-unboost|p2a: Terapagos|atk|1\n|-unboost|p2a: Terapagos|spa|1\n|move|p2a: Terapagos|Tera Starstorm|p1b: Miraidon|[spread] p1a,p1b\n|-damage|p1a: Incineroar|77/100\n|-damage|p1b: Miraidon|37/100\n|\n|-heal|p2a: Terapagos|96/100 par|[from] item: Leftovers\n|-sideend|p1: blackred123|move: Light Screen\n|upkeep\n|turn|20\n|\n|t:|1771223859\n|move|p1b: Miraidon|Electro Drift|p2a: Terapagos\n|-damage|p2a: Terapagos|78/100 par\n|move|p1a: Incineroar|Knock Off|p2a: Terapagos\n|-damage|p2a: Terapagos|57/100 par\n|-enditem|p2a: Terapagos|Leftovers|[from] move: Knock Off|[of] p1a: Incineroar\n|move|p2a: Terapagos|Earth Power|p1b: Miraidon\n|-supereffective|p1b: Miraidon\n|-damage|p1b: Miraidon|26/100\n|\n|-fieldend|move: Electric Terrain\n|upkeep\n|turn|21\n|\n|t:|1771223873\n|move|p1b: Miraidon|Electro Drift|p2a: Terapagos\n|-damage|p2a: Terapagos|46/100 par\n|move|p1a: Incineroar|Knock Off|p2a: Terapagos\n|-damage|p2a: Terapagos|29/100 par\n|move|p2a: Terapagos|Earth Power|p1b: Miraidon\n|-supereffective|p1b: Miraidon\n|-damage|p1b: Miraidon|13/100\n|\n|upkeep\n|turn|22\n|\n|t:|1771223885\n|move|p1b: Miraidon|Electro Drift|p2a: Terapagos\n|-damage|p2a: Terapagos|17/100 par\n|move|p1a: Incineroar|Knock Off|p2a: Terapagos\n|-damage|p2a: Terapagos|2/100 par\n|move|p2a: Terapagos|Earth Power|p1a: Incineroar\n|-supereffective|p1a: Incineroar\n|-damage|p1a: Incineroar|57/100\n|\n|upkeep\n|turn|23\n|-message|cy2rexfiy forfeited.\n|\n|win|blackred123\n|raw|blackred123's rating: 1320 &rarr; <strong>1339</strong><br />(+19 for winning)\n|raw|cy2rexfiy's rating: 1304 &rarr; <strong>1285</strong><br />(-19 for losing)\n|l|\u2606cy2rexfiy\n|player|p2|\n","uploadtime":1771223953,"views":26,"formatid":"gen9vgc2026regi","rating":1285,"private":0,"password":null}