{"id":"gen9vgc2026regi-2581737223","format":"[Gen 9] VGC 2026 Reg I","players":["Shagrathisbeast","koudaimiluyou"],"log":"|j|\u2606Shagrathisbeast\n|j|\u2606koudaimiluyou\n|t:|1776024530\n|gametype|doubles\n|player|p1|Shagrathisbeast|2|1542\n|player|p2|koudaimiluyou|elesa|1565\n|gen|9\n|tier|[Gen 9] VGC 2026 Reg I\n|rated|\n|rule|Species Clause: Limit one of each Pok\u00e9mon\n|rule|Item Clause: Limit 1 of each item\n|clearpoke\n|poke|p1|Lunala, L50|\n|poke|p1|Miraidon, L50|\n|poke|p1|Ursaluna, L50, F|\n|poke|p1|Urshifu-*, L50, F|\n|poke|p1|Incineroar, L50, F|\n|poke|p1|Whimsicott, L50, M|\n|poke|p2|Calyrex-Shadow, L50|\n|poke|p2|Koraidon, L50|\n|poke|p2|Clefairy, L50, F|\n|poke|p2|Indeedee-F, L50, F|\n|poke|p2|Iron Valiant, L50|\n|poke|p2|Raging Bolt, L50|\n|teampreview|4\n|inactive|Battle timer is ON: inactive players will automatically lose when time's up. (requested by koudaimiluyou)\n|\n|t:|1776024572\n|teamsize|p1|4\n|teamsize|p2|4\n|start\n|switch|p1a: Miraidon|Miraidon, L50|100/100\n|switch|p1b: Lunala|Lunala, L50, shiny|100/100\n|switch|p2a: Koraidon|Koraidon, L50|100/100\n|switch|p2b: Indeedee|Indeedee-F, L50, F|100/100\n|-fieldstart|move: Electric Terrain|[from] ability: Hadron Engine|[of] p1a: Miraidon\n|-enditem|p1b: Lunala|Electric Seed\n|-boost|p1b: Lunala|def|1|[from] item: Electric Seed\n|-weather|SunnyDay|[from] ability: Orichalcum Pulse|[of] p2a: Koraidon\n|-activate|p2a: Koraidon|Orichalcum Pulse|[source]\n|-fieldstart|move: Psychic Terrain|[from] ability: Psychic Surge|[of] p2b: Indeedee\n|-enditem|p2a: Koraidon|Psychic Seed\n|-boost|p2a: Koraidon|spd|1|[from] item: Psychic Seed\n|turn|1\n|inactive|koudaimiluyou has 30 seconds left.\n|inactive|Shagrathisbeast has 30 seconds left.\n|inactive|koudaimiluyou has 20 seconds left.\n|inactive|koudaimiluyou has 15 seconds left.\n|inactive|koudaimiluyou has 10 seconds left.\n|\n|t:|1776024620\n|switch|p1a: Incineroar|Incineroar, L50, F|100/100\n|-ability|p1a: Incineroar|Intimidate|boost\n|-unboost|p2a: Koraidon|atk|1\n|-unboost|p2b: Indeedee|atk|1\n|move|p2a: Koraidon|Protect|p2a: Koraidon\n|-singleturn|p2a: Koraidon|Protect\n|move|p2b: Indeedee|Light Screen|p2b: Indeedee\n|-sidestart|p2: koudaimiluyou|move: Light Screen\n|move|p1b: Lunala|Trick Room|p1b: Lunala\n|-fieldstart|move: Trick Room|[of] p1b: Lunala\n|\n|-weather|SunnyDay|[upkeep]\n|upkeep\n|turn|2\n|inactive|Shagrathisbeast has 30 seconds left.\n|\n|t:|1776024645\n|-terastallize|p2a: Koraidon|Fire\n|move|p1a: Incineroar|Knock Off|p2b: Indeedee\n|-supereffective|p2b: Indeedee\n|-damage|p2b: Indeedee|23/100\n|-enditem|p2b: Indeedee|Safety Goggles|[from] move: Knock Off|[of] p1a: Incineroar\n|move|p2b: Indeedee|Light Screen||[still]\n|-fail|p2b: Indeedee\n|move|p1b: Lunala|Moonblast|p2a: Koraidon\n|-resisted|p2a: Koraidon\n|-damage|p2a: Koraidon|93/100\n|-unboost|p2a: Koraidon|spa|1\n|move|p2a: Koraidon|Swords Dance|p2a: Koraidon\n|-boost|p2a: Koraidon|atk|2\n|\n|-weather|SunnyDay|[upkeep]\n|upkeep\n|turn|3\n|\n|t:|1776024661\n|switch|p2b: Clefairy|Clefairy, L50, F|100/100\n|move|p1a: Incineroar|U-turn|p2b: Clefairy\n|-resisted|p2b: Clefairy\n|-damage|p2b: Clefairy|93/100\n|\n|t:|1776024664\n|switch|p1a: Ursaluna|Ursaluna, L50, F, shiny|100/100|[from] U-turn\n|move|p1b: Lunala|Moongeist Beam|p2a: Koraidon\n|-damage|p2a: Koraidon|72/100\n|move|p2a: Koraidon|Drain Punch|p1a: Ursaluna\n|-supereffective|p1a: Ursaluna\n|-damage|p1a: Ursaluna|0 fnt\n|-heal|p2a: Koraidon|100/100|[from] drain|[of] p1a: Ursaluna\n|faint|p1a: Ursaluna\n|\n|-weather|SunnyDay|[upkeep]\n|upkeep\n|\n|t:|1776024668\n|switch|p1a: Incineroar|Incineroar, L50, F|100/100\n|-ability|p1a: Incineroar|Intimidate|boost\n|-unboost|p2a: Koraidon|atk|1\n|-unboost|p2b: Clefairy|atk|1\n|turn|4\n|\n|t:|1776024689\n|-terastallize|p1a: Incineroar|Grass\n|move|p2b: Clefairy|Follow Me|p2b: Clefairy\n|-singleturn|p2b: Clefairy|move: Follow Me\n|move|p1a: Incineroar|Knock Off|p2b: Clefairy\n|-resisted|p2b: Clefairy\n|-damage|p2b: Clefairy|76/100\n|-enditem|p2b: Clefairy|Eviolite|[from] move: Knock Off|[of] p1a: Incineroar\n|move|p1b: Lunala|Moongeist Beam|p2b: Clefairy\n|-damage|p2b: Clefairy|32/100\n|move|p2a: Koraidon|Drain Punch|p1a: Incineroar\n|-damage|p1a: Incineroar|58/100\n|\n|-weather|SunnyDay|[upkeep]\n|upkeep\n|turn|5\n|j| duduzilabr34\n|inactive|Shagrathisbeast has 30 seconds left.\n|\n|t:|1776024717\n|move|p2b: Clefairy|Life Dew||[still]|[spread] p2a,p2b\n|-fail|p2a: Koraidon|heal\n|-heal|p2b: Clefairy|56/100\n|move|p1a: Incineroar|Flare Blitz|p2b: Clefairy\n|-damage|p2b: Clefairy|0 fnt\n|faint|p2b: Clefairy\n|-damage|p1a: Incineroar|42/100|[from] Recoil\n|move|p1b: Lunala|Moongeist Beam|p2a: Koraidon\n|-damage|p2a: Koraidon|81/100\n|move|p2a: Koraidon|Flame Charge|p1a: Incineroar\n|-supereffective|p1a: Incineroar\n|-crit|p1a: Incineroar\n|-damage|p1a: Incineroar|0 fnt\n|-boost|p2a: Koraidon|spe|1\n|faint|p1a: Incineroar\n|\n|-weather|none\n|-sideend|p2: koudaimiluyou|move: Light Screen\n|-fieldend|move: Trick Room\n|-fieldend|move: Psychic Terrain\n|upkeep\n|\n|t:|1776024731\n|switch|p1a: Miraidon|Miraidon, L50|100/100\n|switch|p2b: Indeedee|Indeedee-F, L50, F|23/100\n|-fieldstart|move: Electric Terrain|[from] ability: Hadron Engine|[of] p1a: Miraidon\n|-fieldstart|move: Psychic Terrain|[from] ability: Psychic Surge|[of] p2b: Indeedee\n|turn|6\n|\n|t:|1776024751\n|move|p2a: Koraidon|Drain Punch|p1a: Miraidon\n|-damage|p1a: Miraidon|61/100\n|-heal|p2a: Koraidon|98/100|[from] drain|[of] p1a: Miraidon\n|move|p1a: Miraidon|Electro Drift|p2b: Indeedee\n|-damage|p2b: Indeedee|0 fnt\n|faint|p2b: Indeedee\n|-damage|p1a: Miraidon|52/100|[from] item: Life Orb\n|move|p1b: Lunala|Trick Room|p1b: Lunala\n|-fieldstart|move: Trick Room|[of] p1b: Lunala\n|\n|upkeep\n|\n|t:|1776024754\n|switch|p2b: Calyrex|Calyrex-Shadow, L50|100/100\n|-ability|p2b: Calyrex|As One\n|-ability|p2b: Calyrex|Unnerve\n|turn|7\n|\n|t:|1776024774\n|move|p2b: Calyrex|Protect|p2b: Calyrex\n|-singleturn|p2b: Calyrex|Protect\n|move|p1b: Lunala|Moongeist Beam|p2b: Calyrex\n|-activate|p2b: Calyrex|move: Protect\n|move|p1a: Miraidon|Electro Drift|p2b: Calyrex\n|-activate|p2b: Calyrex|move: Protect\n|move|p2a: Koraidon|Swords Dance|p2a: Koraidon\n|-boost|p2a: Koraidon|atk|2\n|\n|upkeep\n|turn|8\n|\n|t:|1776024789\n|move|p1b: Lunala|Moongeist Beam|p2b: Calyrex\n|-supereffective|p2b: Calyrex\n|-enditem|p2b: Calyrex|Focus Sash\n|-damage|p2b: Calyrex|1/100\n|move|p1a: Miraidon|Electro Drift|p2b: Calyrex\n|-damage|p2b: Calyrex|0 fnt\n|faint|p2b: Calyrex\n|-damage|p1a: Miraidon|42/100|[from] item: Life Orb\n|move|p2a: Koraidon|Drain Punch|p1a: Miraidon\n|-damage|p1a: Miraidon|0 fnt\n|-heal|p2a: Koraidon|100/100|[from] drain|[of] p1a: Miraidon\n|faint|p1a: Miraidon\n|\n|upkeep\n|turn|9\n|\n|t:|1776024808\n|move|p2a: Koraidon|Protect|p2a: Koraidon\n|-singleturn|p2a: Koraidon|Protect\n|move|p1b: Lunala|Moongeist Beam|p2a: Koraidon\n|-activate|p2a: Koraidon|move: Protect\n|\n|upkeep\n|turn|10\n|\n|t:|1776024810\n|move|p1b: Lunala|Moongeist Beam|p2a: Koraidon\n|-damage|p2a: Koraidon|72/100\n|move|p2a: Koraidon|Flame Charge|p1b: Lunala\n|-damage|p1b: Lunala|83/100\n|-boost|p2a: Koraidon|spe|1\n|\n|-fieldend|move: Trick Room\n|-fieldend|move: Psychic Terrain\n|upkeep\n|turn|11\n|\n|t:|1776024816\n|move|p2a: Koraidon|Flame Charge|p1b: Lunala\n|-damage|p1b: Lunala|53/100\n|-boost|p2a: Koraidon|spe|1\n|move|p1b: Lunala|Moongeist Beam|p2a: Koraidon\n|-damage|p2a: Koraidon|40/100\n|\n|upkeep\n|turn|12\n|\n|t:|1776024824\n|move|p2a: Koraidon|Flame Charge|p1b: Lunala\n|-damage|p1b: Lunala|20/100\n|-boost|p2a: Koraidon|spe|1\n|move|p1b: Lunala|Moonblast|p2a: Koraidon\n|-resisted|p2a: Koraidon\n|-damage|p2a: Koraidon|31/100\n|\n|upkeep\n|turn|13\n|-message|Shagrathisbeast forfeited.\n|\n|win|koudaimiluyou\n|raw|Shagrathisbeast's rating: 1542 &rarr; <strong>1523</strong><br />(-19 for losing)\n|raw|koudaimiluyou's rating: 1565 &rarr; <strong>1584</strong><br />(+19 for winning)\n|l|\u2606Shagrathisbeast\n|player|p1|\n|l| duduzilabr34\n|l|\u2606koudaimiluyou\n|player|p2|\n","uploadtime":1776024989,"views":17,"formatid":"gen9vgc2026regi","rating":1523,"private":0,"password":null}