{"id":"gen9vgc2026regi-2542357275","format":"[Gen 9] VGC 2026 Reg I","players":["fomtarro","EllenJoe2026"],"log":"|j|\u2606fomtarro\n|j|\u203dEllenJoe2026\n|t:|1771441139\n|gametype|doubles\n|player|p1|fomtarro|1|1363\n|player|p2|EllenJoe2026|iono|1464\n|gen|9\n|tier|[Gen 9] VGC 2026 Reg I\n|rated|\n|rule|Species Clause: Limit one of each Pok\u00e9mon\n|rule|Item Clause: Limit 1 of each item\n|clearpoke\n|poke|p1|Koraidon, L50|\n|poke|p1|Ho-Oh, L50|\n|poke|p1|Walking Wake, L50|\n|poke|p1|Rillaboom, L50, F|\n|poke|p1|Sandy Shocks, L50|\n|poke|p1|Cobalion, L50|\n|poke|p2|Calyrex-Ice, L50|\n|poke|p2|Miraidon, L50|\n|poke|p2|Tornadus, L50, M|\n|poke|p2|Urshifu-*, L50, F|\n|poke|p2|Grimmsnarl, L50, M|\n|poke|p2|Indeedee-F, L50, F|\n|teampreview|4\n|inactive|Battle timer is ON: inactive players will automatically lose when time's up. (requested by EllenJoe2026)\n|\n|t:|1771441169\n|teamsize|p1|4\n|teamsize|p2|4\n|start\n|switch|p1a: Rillaboom|Rillaboom, L50, F|100/100\n|switch|p1b: Cobalion|Cobalion, L50|100/100\n|switch|p2a: Tornadus|Tornadus, L50, M, shiny|100/100\n|switch|p2b: Urshifu|Urshifu-Rapid-Strike, L50, F|100/100\n|-fieldstart|move: Grassy Terrain|[from] ability: Grassy Surge|[of] p1a: Rillaboom\n|-enditem|p1b: Cobalion|Grassy Seed\n|-boost|p1b: Cobalion|def|1|[from] item: Grassy Seed\n|turn|1\n|\n|t:|1771441185\n|-terastallize|p2b: Urshifu|Ghost\n|move|p1a: Rillaboom|Fake Out|p2b: Urshifu\n|-immune|p2b: Urshifu\n|move|p2a: Tornadus|Rain Dance|p2a: Tornadus\n|-weather|RainDance\n|move|p2b: Urshifu|Surging Strikes|p1b: Cobalion\n|-crit|p1b: Cobalion\n|-damage|p1b: Cobalion|73/100\n|-crit|p1b: Cobalion\n|-damage|p1b: Cobalion|44/100\n|-crit|p1b: Cobalion\n|-damage|p1b: Cobalion|12/100\n|-hitcount|p1b: Cobalion|3\n|move|p1b: Cobalion|Iron Defense|p1b: Cobalion\n|-boost|p1b: Cobalion|def|2\n|\n|-weather|RainDance|[upkeep]\n|-heal|p1b: Cobalion|19/100|[from] Grassy Terrain\n|upkeep\n|turn|2\n|inactive|EllenJoe2026 has 30 seconds left.\n|\n|t:|1771441218\n|switch|p2b: Miraidon|Miraidon, L50, shiny|100/100\n|-fieldstart|move: Electric Terrain|[from] ability: Hadron Engine|[of] p2b: Miraidon\n|move|p2a: Tornadus|Tailwind|p2a: Tornadus\n|-sidestart|p2: EllenJoe2026|move: Tailwind\n|move|p1b: Cobalion|Body Press|p2a: Tornadus\n|-resisted|p2a: Tornadus\n|-damage|p2a: Tornadus|13/100\n|move|p1a: Rillaboom|Grassy Glide|p2b: Miraidon\n|-resisted|p2b: Miraidon\n|-damage|p2b: Miraidon|88/100\n|\n|-weather|RainDance|[upkeep]\n|upkeep\n|turn|3\n|inactive|fomtarro has 30 seconds left.\n|\n|t:|1771441246\n|switch|p2a: Urshifu|Urshifu-Rapid-Strike, L50, F, tera:Ghost|100/100\n|move|p2b: Miraidon|Draco Meteor|p1a: Rillaboom\n|-damage|p1a: Rillaboom|25/100\n|-unboost|p2b: Miraidon|spa|2\n|move|p1b: Cobalion|Body Press|p2b: Miraidon\n|-damage|p2b: Miraidon|0 fnt\n|faint|p2b: Miraidon\n|move|p1a: Rillaboom|U-turn|p2a: Urshifu\n|-resisted|p2a: Urshifu\n|-damage|p2a: Urshifu|87/100\n|\n|t:|1771441262\n|switch|p1a: Ho-Oh|Ho-Oh, L50|100/100|[from] U-turn\n|\n|-weather|RainDance|[upkeep]\n|upkeep\n|\n|t:|1771441268\n|switch|p2b: Calyrex|Calyrex-Ice, L50|100/100\n|-ability|p2b: Calyrex|As One\n|-ability|p2b: Calyrex|Unnerve\n|turn|4\n|inactive|fomtarro has 30 seconds left.\n|inactive|EllenJoe2026 has 30 seconds left.\n|inactive|fomtarro has 20 seconds left.\n|inactive|EllenJoe2026 has 20 seconds left.\n|\n|t:|1771441303\n|switch|p1b: Koraidon|Koraidon, L50|100/100\n|-weather|SunnyDay|[from] ability: Orichalcum Pulse|[of] p1b: Koraidon\n|-activate|p1b: Koraidon|Orichalcum Pulse|[source]\n|move|p2a: Urshifu|Surging Strikes|p1b: Koraidon\n|-resisted|p1b: Koraidon\n|-crit|p1b: Koraidon\n|-damage|p1b: Koraidon|94/100\n|-resisted|p1b: Koraidon\n|-crit|p1b: Koraidon\n|-damage|p1b: Koraidon|86/100\n|-resisted|p1b: Koraidon\n|-crit|p1b: Koraidon\n|-damage|p1b: Koraidon|79/100\n|-hitcount|p1b: Koraidon|3\n|move|p2b: Calyrex|Glacial Lance|p1b: Koraidon|[spread] p1a,p1b\n|-supereffective|p1b: Koraidon\n|-damage|p1a: Ho-Oh|54/100\n|-damage|p1b: Koraidon|0 fnt\n|faint|p1b: Koraidon\n|-ability|p2b: Calyrex|Chilling Neigh|boost\n|-boost|p2b: Calyrex|atk|1\n|move|p1a: Ho-Oh|Sacred Fire|p2b: Calyrex\n|-supereffective|p2b: Calyrex\n|-damage|p2b: Calyrex|4/100\n|-status|p2b: Calyrex|brn\n|\n|-weather|SunnyDay|[upkeep]\n|-damage|p2b: Calyrex|0 fnt|[from] brn\n|faint|p2b: Calyrex\n|upkeep\n|\n|t:|1771441311\n|switch|p1b: Rillaboom|Rillaboom, L50, F|25/100\n|switch|p2b: Tornadus|Tornadus, L50, M, shiny|13/100\n|-fieldstart|move: Grassy Terrain|[from] ability: Grassy Surge|[of] p1b: Rillaboom\n|turn|5\n|\n|t:|1771441332\n|-terastallize|p1a: Ho-Oh|Grass\n|move|p2b: Tornadus|Rain Dance|p2b: Tornadus\n|-weather|RainDance\n|move|p1b: Rillaboom|Grassy Glide|p2b: Tornadus\n|-resisted|p2b: Tornadus\n|-damage|p2b: Tornadus|0 fnt\n|faint|p2b: Tornadus\n|move|p2a: Urshifu|Surging Strikes|p1a: Ho-Oh\n|-resisted|p1a: Ho-Oh\n|-crit|p1a: Ho-Oh\n|-damage|p1a: Ho-Oh|34/100\n|-resisted|p1a: Ho-Oh\n|-crit|p1a: Ho-Oh\n|-damage|p1a: Ho-Oh|13/100\n|-resisted|p1a: Ho-Oh\n|-crit|p1a: Ho-Oh\n|-damage|p1a: Ho-Oh|0 fnt\n|faint|p1a: Ho-Oh\n|-hitcount|p1: Ho-Oh|3\n|\n|-weather|RainDance|[upkeep]\n|-heal|p2a: Urshifu|94/100|[from] Grassy Terrain\n|-heal|p1b: Rillaboom|30/100|[from] Grassy Terrain\n|-sideend|p2: EllenJoe2026|move: Tailwind\n|upkeep\n|\n|t:|1771441345\n|switch|p1a: Cobalion|Cobalion, L50|19/100\n|turn|6\n|inactive|fomtarro has 30 seconds left.\n|inactive|fomtarro has 20 seconds left.\n|\n|t:|1771441382\n|move|p1b: Rillaboom|Grassy Glide|p2a: Urshifu\n|-damage|p2a: Urshifu|57/100\n|move|p2a: Urshifu|Surging Strikes|p1b: Rillaboom\n|-resisted|p1b: Rillaboom\n|-crit|p1b: Rillaboom\n|-damage|p1b: Rillaboom|8/100\n|-resisted|p1b: Rillaboom\n|-crit|p1b: Rillaboom\n|-damage|p1b: Rillaboom|0 fnt\n|faint|p1b: Rillaboom\n|-hitcount|p1: Rillaboom|2\n|move|p1a: Cobalion|Coaching|p1: Rillaboom|[notarget]\n|-fail|p1a: Cobalion\n|\n|-weather|RainDance|[upkeep]\n|-heal|p2a: Urshifu|64/100|[from] Grassy Terrain\n|-heal|p1a: Cobalion|25/100|[from] Grassy Terrain\n|upkeep\n|turn|7\n|c|\u2606fomtarro|Gg!\n|\n|t:|1771441401\n|move|p2a: Urshifu|Surging Strikes|p1a: Cobalion\n|-crit|p1a: Cobalion\n|-damage|p1a: Cobalion|0 fnt\n|faint|p1a: Cobalion\n|-hitcount|p1: Cobalion|1\n|\n|win|EllenJoe2026\n|raw|fomtarro's rating: 1363 &rarr; <strong>1349</strong><br />(-14 for losing)\n|raw|EllenJoe2026's rating: 1464 &rarr; <strong>1478</strong><br />(+14 for winning)\n|l|\u203dEllenJoe2026\n|player|p2|\n","uploadtime":1771441603,"views":17,"formatid":"gen9vgc2026regi","rating":1349,"private":0,"password":null}