{"id":"gen9vgc2026regi-2542674075","format":"[Gen 9] VGC 2026 Reg I","players":["kelii","kojimuranishi"],"log":"|j|\u2606kelii\n|j|\u2606kojimuranishi\n|t:|1771477266\n|gametype|doubles\n|player|p1|kelii|dawn|1432\n|player|p2|kojimuranishi|102|1454\n|gen|9\n|tier|[Gen 9] VGC 2026 Reg I\n|rated|\n|rule|Species Clause: Limit one of each Pok\u00e9mon\n|rule|Item Clause: Limit 1 of each item\n|clearpoke\n|poke|p1|Koraidon, L50|\n|poke|p1|Lunala, L50|\n|poke|p1|Ursaluna, L50, F|\n|poke|p1|Flutter Mane, L50|\n|poke|p1|Brute Bonnet, L50|\n|poke|p1|Chi-Yu, L50|\n|poke|p2|Flutter Mane, L50|\n|poke|p2|Koraidon, L50|\n|poke|p2|Chi-Yu, L50|\n|poke|p2|Lunala, L50|\n|poke|p2|Ursaluna, L50, F|\n|poke|p2|Brute Bonnet, L50|\n|teampreview|4\n|inactive|Battle timer is ON: inactive players will automatically lose when time's up. (requested by kelii)\n|inactive|kojimuranishi has 60 seconds left.\n|\n|t:|1771477323\n|teamsize|p1|4\n|teamsize|p2|4\n|start\n|switch|p1a: Lunala|Lunala, L50, shiny|100/100\n|switch|p1b: Chi-Yu|Chi-Yu, L50|100/100\n|switch|p2a: Lunala|Lunala, L50|100/100\n|switch|p2b: Brute Bonnet|Brute Bonnet, L50|100/100\n|-ability|p1b: Chi-Yu|Beads of Ruin\n|turn|1\n|inactive|kelii has 30 seconds left.\n|inactive|kojimuranishi has 30 seconds left.\n|\n|t:|1771477350\n|-terastallize|p1a: Lunala|Water\n|-terastallize|p2b: Brute Bonnet|Water\n|move|p1b: Chi-Yu|Heat Wave|p2b: Brute Bonnet|[spread] p2a\n|-miss|p1b: Chi-Yu|p2b: Brute Bonnet\n|-damage|p2a: Lunala|83/100\n|move|p1a: Lunala|Moongeist Beam|p2a: Lunala\n|-supereffective|p2a: Lunala\n|-damage|p2a: Lunala|0 fnt\n|faint|p2a: Lunala\n|move|p2b: Brute Bonnet|Spore|p1a: Lunala\n|-status|p1a: Lunala|slp|[from] move: Spore\n|\n|upkeep\n|\n|t:|1771477367\n|switch|p2a: Ursaluna|Ursaluna, L50, F|100/100\n|turn|2\n|inactive|kelii has 30 seconds left.\n|\n|t:|1771477396\n|switch|p1a: Brute Bonnet|Brute Bonnet, L50, shiny|100/100\n|move|p2a: Ursaluna|Protect|p2a: Ursaluna\n|-singleturn|p2a: Ursaluna|Protect\n|move|p1b: Chi-Yu|Heat Wave|p2a: Ursaluna|[spread] p2b\n|-activate|p2a: Ursaluna|move: Protect\n|-resisted|p2b: Brute Bonnet\n|-damage|p2b: Brute Bonnet|85/100\n|move|p2b: Brute Bonnet|Spore|p1b: Chi-Yu\n|-status|p1b: Chi-Yu|slp|[from] move: Spore\n|\n|-status|p2a: Ursaluna|brn|[from] item: Flame Orb\n|upkeep\n|turn|3\n|inactive|kojimuranishi has 30 seconds left.\n|\n|t:|1771477422\n|-end|p2b: Brute Bonnet|Protosynthesis|[silent]\n|switch|p2b: Koraidon|Koraidon, L50|100/100\n|-weather|SunnyDay|[from] ability: Orichalcum Pulse|[of] p2b: Koraidon\n|-activate|p1a: Brute Bonnet|ability: Protosynthesis\n|-start|p1a: Brute Bonnet|protosynthesisdef\n|-activate|p2b: Koraidon|Orichalcum Pulse|[source]\n|cant|p1b: Chi-Yu|slp\n|move|p1a: Brute Bonnet|Seed Bomb|p2b: Koraidon\n|-resisted|p2b: Koraidon\n|-damage|p2b: Koraidon|85/100\n|move|p2a: Ursaluna|Facade|p1a: Brute Bonnet\n|-damage|p1a: Brute Bonnet|33/100\n|\n|-weather|SunnyDay|[upkeep]\n|-damage|p2a: Ursaluna|95/100 brn|[from] brn\n|upkeep\n|turn|4\n|\n|t:|1771477444\n|cant|p1b: Chi-Yu|slp\n|move|p2b: Koraidon|Flame Charge|p1a: Brute Bonnet\n|-supereffective|p1a: Brute Bonnet\n|-damage|p1a: Brute Bonnet|0 fnt\n|-boost|p2b: Koraidon|spe|1\n|faint|p1a: Brute Bonnet\n|-end|p1a: Brute Bonnet|Protosynthesis|[silent]\n|-damage|p2b: Koraidon|75/100|[from] item: Life Orb\n|move|p2a: Ursaluna|Facade|p1b: Chi-Yu\n|-damage|p1b: Chi-Yu|0 fnt\n|faint|p1b: Chi-Yu\n|\n|-weather|SunnyDay|[upkeep]\n|-damage|p2a: Ursaluna|89/100 brn|[from] brn\n|upkeep\n|\n|t:|1771477449\n|switch|p1b: Lunala|Lunala, L50, shiny, tera:Water|100/100 slp\n|switch|p1a: Koraidon|Koraidon, L50, shiny|100/100\n|-activate|p1a: Koraidon|ability: Orichalcum Pulse\n|turn|5\n|inactive|kojimuranishi has 30 seconds left.\n|inactive|kojimuranishi has 20 seconds left.\n|inactive|kojimuranishi has 15 seconds left.\n|inactive|kojimuranishi has 10 seconds left.\n|inactive|kojimuranishi has 5 seconds left.\n|\n|t:|1771477503\n|move|p2b: Koraidon|Close Combat|p1a: Koraidon\n|-damage|p1a: Koraidon|0 fnt\n|-unboost|p2b: Koraidon|def|1\n|-unboost|p2b: Koraidon|spd|1\n|faint|p1a: Koraidon\n|-damage|p2b: Koraidon|66/100|[from] item: Life Orb\n|cant|p1b: Lunala|slp\n|move|p2a: Ursaluna|Facade|p1b: Lunala\n|-damage|p1b: Lunala|48/100 slp\n|\n|-weather|SunnyDay|[upkeep]\n|-damage|p2a: Ursaluna|83/100 brn|[from] brn\n|upkeep\n|turn|6\n|-message|kelii forfeited.\n|\n|win|kojimuranishi\n|raw|kelii's rating: 1432 &rarr; <strong>1413</strong><br />(-19 for losing)\n|raw|kojimuranishi's rating: 1454 &rarr; <strong>1473</strong><br />(+19 for winning)\n|l|\u2606kelii\n|player|p1|\n|l|\u2606kojimuranishi\n|player|p2|\n","uploadtime":1771477764,"views":13,"formatid":"gen9vgc2026regi","rating":1413,"private":0,"password":null}