{"id":"gen9vgc2026regi-2560098808","format":"[Gen 9] VGC 2026 Reg I","players":["slimeslatt252","mr_nuggat_meister"],"log":"|j|\u2606slimeslatt252\n|j|\u2606mr_nuggat_meister\n|t:|1773651543\n|gametype|doubles\n|player|p1|slimeslatt252|170|1369\n|player|p2|mr_nuggat_meister|170|1285\n|gen|9\n|tier|[Gen 9] VGC 2026 Reg I\n|rated|\n|rule|Species Clause: Limit one of each Pok\u00e9mon\n|rule|Item Clause: Limit 1 of each item\n|clearpoke\n|poke|p1|Miraidon, L50|\n|poke|p1|Calyrex-Ice, L50|\n|poke|p1|Amoonguss, L50, F|\n|poke|p1|Incineroar, L50, F|\n|poke|p1|Urshifu-*, L50, F|\n|poke|p1|Landorus, L50, M|\n|poke|p2|Indeedee-F, L50, F|\n|poke|p2|Calyrex-Shadow, L50|\n|poke|p2|Chien-Pao, L50|\n|poke|p2|Zamazenta-*, L50|\n|poke|p2|Iron Hands, L50|\n|poke|p2|Amoonguss, L50, F|\n|teampreview|4\n|inactive|Battle timer is ON: inactive players will automatically lose when time's up. (requested by slimeslatt252)\n|inactive|slimeslatt252 has 60 seconds left.\n|inactive|mr_nuggat_meister has 60 seconds left.\n|\n|t:|1773651598\n|teamsize|p1|4\n|teamsize|p2|4\n|start\n|switch|p1a: Calyrex|Calyrex-Ice, L50|100/100\n|switch|p1b: Amoonguss|Amoonguss, L50, F|100/100\n|switch|p2a: Iron Hands|Iron Hands, L50|100/100\n|switch|p2b: Zamazenta|Zamazenta-Crowned, L50|100/100\n|-ability|p1a: Calyrex|As One\n|-ability|p1a: Calyrex|Unnerve\n|-ability|p2b: Zamazenta|Dauntless Shield|boost\n|-boost|p2b: Zamazenta|def|1\n|turn|1\n|\n|t:|1773651618\n|move|p1a: Calyrex|Protect|p1a: Calyrex\n|-singleturn|p1a: Calyrex|Protect\n|move|p1b: Amoonguss|Protect|p1b: Amoonguss\n|-singleturn|p1b: Amoonguss|Protect\n|move|p2a: Iron Hands|Fake Out|p1b: Amoonguss\n|-activate|p1b: Amoonguss|move: Protect\n|move|p2b: Zamazenta|Body Press|p1a: Calyrex\n|-activate|p1a: Calyrex|move: Protect\n|\n|upkeep\n|turn|2\n|inactive|mr_nuggat_meister has 30 seconds left.\n|inactive|mr_nuggat_meister has 20 seconds left.\n|\n|t:|1773651654\n|move|p1b: Amoonguss|Rage Powder|p1b: Amoonguss\n|-singleturn|p1b: Amoonguss|move: Rage Powder\n|move|p2b: Zamazenta|Heavy Slam|p1b: Amoonguss\n|-damage|p1b: Amoonguss|56/100\n|-damage|p2b: Zamazenta|84/100|[from] item: Rocky Helmet|[of] p1b: Amoonguss\n|move|p2a: Iron Hands|Wild Charge|p1b: Amoonguss\n|-resisted|p1b: Amoonguss\n|-damage|p1b: Amoonguss|32/100\n|-damage|p2a: Iron Hands|84/100|[from] item: Rocky Helmet|[of] p1b: Amoonguss\n|-damage|p2a: Iron Hands|79/100|[from] Recoil\n|move|p1a: Calyrex|Trick Room|p1a: Calyrex\n|-fieldstart|move: Trick Room|[of] p1a: Calyrex\n|\n|upkeep\n|turn|3\n|inactive|mr_nuggat_meister has 30 seconds left.\n|\n|t:|1773651679\n|move|p1b: Amoonguss|Spore|p2b: Zamazenta\n|-status|p2b: Zamazenta|slp|[from] move: Spore\n|move|p1a: Calyrex|High Horsepower|p2a: Iron Hands\n|-supereffective|p2a: Iron Hands\n|-damage|p2a: Iron Hands|18/100\n|move|p2a: Iron Hands|Wild Charge|p1b: Amoonguss\n|-resisted|p1b: Amoonguss\n|-damage|p1b: Amoonguss|9/100\n|-damage|p2a: Iron Hands|1/100|[from] item: Rocky Helmet|[of] p1b: Amoonguss\n|-damage|p2a: Iron Hands|0 fnt|[from] Recoil\n|faint|p2a: Iron Hands\n|-end|p2a: Iron Hands|Quark Drive|[silent]\n|cant|p2b: Zamazenta|slp\n|\n|upkeep\n|\n|t:|1773651692\n|switch|p2a: Chien-Pao|Chien-Pao, L50|100/100\n|-ability|p2a: Chien-Pao|Sword of Ruin\n|turn|4\n|\n|t:|1773651726\n|switch|p1b: Landorus|Landorus, L50, M|100/100\n|-curestatus|p2b: Zamazenta|slp|[msg]\n|move|p2b: Zamazenta|Wide Guard|p2b: Zamazenta\n|-singleturn|p2b: Zamazenta|Wide Guard\n|move|p1a: Calyrex|High Horsepower|p2b: Zamazenta\n|-supereffective|p2b: Zamazenta\n|-damage|p2b: Zamazenta|36/100\n|move|p2a: Chien-Pao|Ice Spinner|p1b: Landorus\n|-supereffective|p1b: Landorus\n|-crit|p1b: Landorus\n|-damage|p1b: Landorus|0 fnt\n|faint|p1b: Landorus\n|\n|upkeep\n|\n|t:|1773651735\n|switch|p1b: Amoonguss|Amoonguss, L50, F|43/100\n|turn|5\n|\n|t:|1773651750\n|move|p2b: Zamazenta|Protect||[still]\n|-fail|p2b: Zamazenta\n|move|p2a: Chien-Pao|Protect|p2a: Chien-Pao\n|-singleturn|p2a: Chien-Pao|Protect\n|move|p1b: Amoonguss|Spore|p2a: Chien-Pao\n|-activate|p2a: Chien-Pao|move: Protect\n|move|p1a: Calyrex|High Horsepower|p2b: Zamazenta\n|-supereffective|p2b: Zamazenta\n|-crit|p2b: Zamazenta\n|-damage|p2b: Zamazenta|0 fnt\n|faint|p2b: Zamazenta\n|-ability|p1a: Calyrex|Chilling Neigh|boost\n|-boost|p1a: Calyrex|atk|1\n|\n|upkeep\n|\n|t:|1773651762\n|switch|p2b: Calyrex|Calyrex-Shadow, L50|100/100\n|-ability|p2b: Calyrex|As One\n|-ability|p2b: Calyrex|Unnerve\n|turn|6\n|\n|t:|1773651782\n|-terastallize|p1a: Calyrex|Fire\n|move|p2b: Calyrex|Protect|p2b: Calyrex\n|-singleturn|p2b: Calyrex|Protect\n|move|p2a: Chien-Pao|Sucker Punch|p1a: Calyrex\n|-damage|p1a: Calyrex|67/100\n|move|p1b: Amoonguss|Spore|p2a: Chien-Pao\n|-status|p2a: Chien-Pao|slp|[from] move: Spore\n|move|p1a: Calyrex|Glacial Lance|p2a: Chien-Pao|[spread] p2a\n|-activate|p2b: Calyrex|move: Protect\n|-resisted|p2a: Chien-Pao\n|-damage|p2a: Chien-Pao|43/100 slp\n|\n|-fieldend|move: Trick Room\n|upkeep\n|turn|7\n|inactive|slimeslatt252 has 30 seconds left.\n|inactive|mr_nuggat_meister has 30 seconds left.\n|\n|t:|1773651810\n|cant|p2a: Chien-Pao|slp\n|move|p2b: Calyrex|Astral Barrage|p1b: Amoonguss|[spread] p1a,p1b\n|-crit|p1b: Amoonguss\n|-damage|p1a: Calyrex|17/100\n|-damage|p1b: Amoonguss|0 fnt\n|faint|p1b: Amoonguss\n|-ability|p2b: Calyrex|Grim Neigh|boost\n|-boost|p2b: Calyrex|spa|1\n|-damage|p2b: Calyrex|91/100|[from] item: Life Orb\n|move|p1a: Calyrex|Glacial Lance|p2a: Chien-Pao|[spread] p2a,p2b\n|-resisted|p2a: Chien-Pao\n|-damage|p2a: Chien-Pao|0 fnt\n|-damage|p2b: Calyrex|0 fnt\n|faint|p2a: Chien-Pao\n|faint|p2b: Calyrex\n|\n|win|slimeslatt252\n|raw|slimeslatt252's rating: 1369 &rarr; <strong>1384</strong><br />(+15 for winning)\n|raw|mr_nuggat_meister's rating: 1285 &rarr; <strong>1266</strong><br />(-19 for losing)\n|l|\u2606mr_nuggat_meister\n|player|p2|\n|l|\u2606slimeslatt252\n|player|p1|\n","uploadtime":1773651997,"views":10,"formatid":"gen9vgc2026regi","rating":1266,"private":0,"password":null}