{"id":"gen9vgc2026regi-2522534970","format":"[Gen 9] VGC 2026 Reg I","players":["1zha","Unskilled99"],"log":"|j|\u26061zha\n|j|\u2606Unskilled99\n|t:|1768920362\n|gametype|doubles\n|player|p1|1zha|170|1383\n|player|p2|Unskilled99|unknown|1543\n|gen|9\n|tier|[Gen 9] VGC 2026 Reg I\n|rated|\n|rule|Species Clause: Limit one of each Pok\u00e9mon\n|rule|Item Clause: Limit 1 of each item\n|clearpoke\n|poke|p1|Kyogre, L50|\n|poke|p1|Calyrex-Ice, L50|\n|poke|p1|Landorus, L50, M|\n|poke|p1|Urshifu-*, L50, M|\n|poke|p1|Smeargle, L50, M|\n|poke|p1|Indeedee-F, L50, F|\n|poke|p2|Calyrex-Shadow, L50|\n|poke|p2|Zamazenta-*, L50|\n|poke|p2|Chien-Pao, L50|\n|poke|p2|Dragonite, L50, F|\n|poke|p2|Raging Bolt, L50|\n|poke|p2|Amoonguss, L50, F|\n|teampreview|4\n|j| Codeco\n|inactive|Battle timer is ON: inactive players will automatically lose when time's up. (requested by 1zha)\n|inactive|Unskilled99 has 60 seconds left.\n|\n|t:|1768920426\n|teamsize|p1|4\n|teamsize|p2|4\n|start\n|switch|p1a: Calyrex|Calyrex-Ice, L50|100/100\n|switch|p1b: Indeedee|Indeedee-F, L50, F|100/100\n|switch|p2a: Chien-Pao|Chien-Pao, L50|100/100\n|switch|p2b: Zamazenta|Zamazenta-Crowned, L50|100/100\n|-ability|p1a: Calyrex|As One\n|-ability|p1a: Calyrex|Unnerve\n|-ability|p2a: Chien-Pao|Sword of Ruin\n|-ability|p2b: Zamazenta|Dauntless Shield|boost\n|-boost|p2b: Zamazenta|def|1\n|-fieldstart|move: Psychic Terrain|[from] ability: Psychic Surge|[of] p1b: Indeedee\n|turn|1\n|\n|t:|1768920436\n|move|p1b: Indeedee|Follow Me|p1b: Indeedee\n|-singleturn|p1b: Indeedee|move: Follow Me\n|move|p2a: Chien-Pao|Ice Spinner|p1b: Indeedee\n|-damage|p1b: Indeedee|53/100\n|-fieldend|move: Psychic Terrain\n|move|p2b: Zamazenta|Body Press|p1b: Indeedee\n|-damage|p1b: Indeedee|0 fnt\n|faint|p1b: Indeedee\n|move|p1a: Calyrex|Trick Room|p1a: Calyrex\n|-fieldstart|move: Trick Room|[of] p1a: Calyrex\n|\n|upkeep\n|\n|t:|1768920449\n|switch|p1b: Kyogre|Kyogre, L50|100/100\n|-weather|RainDance|[from] ability: Drizzle|[of] p1b: Kyogre\n|turn|2\n|\n|t:|1768920469\n|move|p2b: Zamazenta|Protect|p2b: Zamazenta\n|-singleturn|p2b: Zamazenta|Protect\n|move|p1b: Kyogre|Thunder|p2a: Chien-Pao\n|-damage|p2a: Chien-Pao|55/100\n|move|p1a: Calyrex|High Horsepower|p2a: Chien-Pao\n|-damage|p2a: Chien-Pao|1/100\n|move|p2a: Chien-Pao|Ruination|p1a: Calyrex\n|-damage|p1a: Calyrex|51/100\n|\n|-weather|RainDance|[upkeep]\n|upkeep\n|turn|3\n|\n|t:|1768920485\n|move|p2a: Chien-Pao|Sucker Punch|p1a: Calyrex\n|-supereffective|p1a: Calyrex\n|-damage|p1a: Calyrex|1/100\n|move|p1b: Kyogre|Water Spout|p2b: Zamazenta|[spread] p2a,p2b\n|-damage|p2a: Chien-Pao|0 fnt\n|-damage|p2b: Zamazenta|35/100\n|faint|p2a: Chien-Pao\n|move|p1a: Calyrex|Glacial Lance|p2b: Zamazenta\n|-resisted|p2b: Zamazenta\n|-damage|p2b: Zamazenta|19/100\n|move|p2b: Zamazenta|Body Press|p1b: Kyogre\n|-damage|p1b: Kyogre|40/100\n|\n|-weather|RainDance|[upkeep]\n|upkeep\n|\n|t:|1768920491\n|switch|p2a: Amoonguss|Amoonguss, L50, F|100/100\n|turn|4\n|\n|t:|1768920513\n|-terastallize|p1a: Calyrex|Grass\n|move|p2a: Amoonguss|Sludge Bomb|p1a: Calyrex\n|-supereffective|p1a: Calyrex\n|-damage|p1a: Calyrex|0 fnt\n|faint|p1a: Calyrex\n|move|p1b: Kyogre|Origin Pulse|p2a: Amoonguss|[spread] p2a,p2b\n|-resisted|p2a: Amoonguss\n|-damage|p2a: Amoonguss|71/100\n|-damage|p2b: Zamazenta|0 fnt\n|faint|p2b: Zamazenta\n|\n|-weather|RainDance|[upkeep]\n|upkeep\n|\n|t:|1768920521\n|switch|p1a: Landorus|Landorus, L50, M|100/100\n|switch|p2b: Calyrex|Calyrex-Shadow, L50|100/100\n|-ability|p2b: Calyrex|As One\n|-ability|p2b: Calyrex|Unnerve\n|turn|5\n|\n|t:|1768920534\n|move|p2b: Calyrex|Protect|p2b: Calyrex\n|-singleturn|p2b: Calyrex|Protect\n|move|p2a: Amoonguss|Spore|p1a: Landorus\n|-status|p1a: Landorus|slp|[from] move: Spore\n|move|p1b: Kyogre|Origin Pulse|p2b: Calyrex|[spread] p2a\n|-activate|p2b: Calyrex|move: Protect\n|-resisted|p2a: Amoonguss\n|-damage|p2a: Amoonguss|41/100\n|cant|p1a: Landorus|slp\n|\n|-weather|RainDance|[upkeep]\n|-fieldend|move: Trick Room\n|upkeep\n|turn|6\n|\n|t:|1768920549\n|-terastallize|p2b: Calyrex|Ghost\n|cant|p1a: Landorus|slp\n|move|p1b: Kyogre|Protect|p1b: Kyogre\n|-singleturn|p1b: Kyogre|Protect\n|move|p2b: Calyrex|Astral Barrage|p1b: Kyogre|[spread] p1a\n|-activate|p1b: Kyogre|move: Protect\n|-damage|p1a: Landorus|8/100 slp\n|move|p2a: Amoonguss|Sludge Bomb|p1a: Landorus\n|-resisted|p1a: Landorus\n|-damage|p1a: Landorus|0 fnt\n|faint|p1a: Landorus\n|\n|-weather|none\n|upkeep\n|turn|7\n|-message|1zha forfeited.\n|\n|win|Unskilled99\n|raw|1zha's rating: 1383 &rarr; <strong>1372</strong><br />(-11 for losing)\n|raw|Unskilled99's rating: 1543 &rarr; <strong>1554</strong><br />(+11 for winning)\n|l|\u26061zha\n|player|p1|\n|l|\u2606Unskilled99\n|player|p2|\n|l| Codeco\n","uploadtime":1768920745,"views":24,"formatid":"gen9vgc2026regi","rating":1372,"private":0,"password":null}