{"id":"gen9vgc2026regi-2561330200","format":"[Gen 9] VGC 2026 Reg I","players":["vizard103","Realfrytki"],"log":"|j|\u2606vizard103\n|j|\u2606Realfrytki\n|t:|1773784747\n|gametype|doubles\n|player|p1|vizard103|170|1499\n|player|p2|Realfrytki|veteranf|1589\n|gen|9\n|tier|[Gen 9] VGC 2026 Reg I\n|rated|\n|rule|Species Clause: Limit one of each Pok\u00e9mon\n|rule|Item Clause: Limit 1 of each item\n|clearpoke\n|poke|p1|Kyogre, L50|\n|poke|p1|Calyrex-Ice, L50|\n|poke|p1|Landorus, L50, M|\n|poke|p1|Amoonguss, L50, F|\n|poke|p1|Rillaboom, L50, F|\n|poke|p1|Iron Jugulis, L50|\n|poke|p2|Terapagos, L50, M|\n|poke|p2|Grimmsnarl, L50, M|\n|poke|p2|Volcarona, L50, F|\n|poke|p2|Miraidon, L50|\n|poke|p2|Iron Hands, L50|\n|poke|p2|Ogerpon-Cornerstone, L50, F|\n|teampreview|4\n|inactive|Battle timer is ON: inactive players will automatically lose when time's up. (requested by vizard103)\n|inactive|vizard103 has 60 seconds left.\n|inactive|vizard103 has 30 seconds left.\n|inactive|vizard103 has 20 seconds left.\n|inactive|vizard103 has 15 seconds left.\n|inactive|vizard103 has 10 seconds left.\n|inactive|vizard103 has 5 seconds left.\n|\n|t:|1773784834\n|teamsize|p1|4\n|teamsize|p2|4\n|start\n|switch|p1a: Calyrex|Calyrex-Ice, L50|100/100\n|switch|p1b: Iron Jugulis|Iron Jugulis, L50|100/100\n|switch|p2a: Grimmsnarl|Grimmsnarl, L50, M|100/100\n|switch|p2b: Miraidon|Miraidon, L50|100/100\n|-ability|p1a: Calyrex|As One\n|-ability|p1a: Calyrex|Unnerve\n|-fieldstart|move: Electric Terrain|[from] ability: Hadron Engine|[of] p2b: Miraidon\n|-activate|p1b: Iron Jugulis|ability: Quark Drive\n|-start|p1b: Iron Jugulis|quarkdrivespe\n|turn|1\n|inactive|vizard103 has 30 seconds left.\n|\n|t:|1773784867\n|-end|p1b: Iron Jugulis|Quark Drive|[silent]\n|switch|p1b: Rillaboom|Rillaboom, L50, F|100/100\n|-fieldstart|move: Grassy Terrain|[from] ability: Grassy Surge|[of] p1b: Rillaboom\n|move|p2b: Miraidon|Electro Drift|p1a: Calyrex\n|-damage|p1a: Calyrex|55/100\n|-damage|p2b: Miraidon|91/100|[from] item: Life Orb\n|move|p2a: Grimmsnarl|Foul Play|p1a: Calyrex\n|-supereffective|p1a: Calyrex\n|-damage|p1a: Calyrex|0 fnt\n|faint|p1a: Calyrex\n|\n|-heal|p2b: Miraidon|97/100|[from] Grassy Terrain\n|upkeep\n|\n|t:|1773784881\n|switch|p1a: Kyogre|Kyogre, L50|100/100\n|-weather|RainDance|[from] ability: Drizzle|[of] p1a: Kyogre\n|turn|2\n|\n|t:|1773784895\n|move|p2b: Miraidon|Protect|p2b: Miraidon\n|-singleturn|p2b: Miraidon|Protect\n|move|p1b: Rillaboom|Fake Out|p2b: Miraidon\n|-activate|p2b: Miraidon|move: Protect\n|move|p2a: Grimmsnarl|Fake Tears|p1a: Kyogre\n|-unboost|p1a: Kyogre|spd|2\n|move|p1a: Kyogre|Water Spout|p2a: Grimmsnarl|[spread] p2a\n|-activate|p2b: Miraidon|move: Protect\n|-damage|p2a: Grimmsnarl|0 fnt\n|faint|p2a: Grimmsnarl\n|\n|-weather|RainDance|[upkeep]\n|-heal|p2b: Miraidon|100/100|[from] Grassy Terrain\n|upkeep\n|\n|t:|1773784907\n|switch|p2a: Terapagos|Terapagos, L50, M|100/100\n|-activate|p2a: Terapagos|ability: Tera Shift\n|detailschange|p2a: Terapagos|Terapagos-Terastal, L50, M\n|-heal|p2a: Terapagos|100/100|[silent]\n|turn|3\n|inactive|vizard103 has 30 seconds left.\n|\n|t:|1773784934\n|-terastallize|p2a: Terapagos|Stellar\n|detailschange|p2a: Terapagos|Terapagos-Stellar, L50, M, tera:Stellar\n|-heal|p2a: Terapagos|100/100|[silent]\n|-ability|p2a: Terapagos|Teraform Zero\n|-weather|none\n|-fieldend|move: Grassy Terrain\n|move|p1a: Kyogre|Protect|p1a: Kyogre\n|-singleturn|p1a: Kyogre|Protect\n|move|p2b: Miraidon|Volt Switch|p1b: Rillaboom\n|-resisted|p1b: Rillaboom\n|-damage|p1b: Rillaboom|82/100\n|-damage|p2b: Miraidon|91/100|[from] item: Life Orb\n|\n|t:|1773784945\n|switch|p2b: Ogerpon|Ogerpon-Cornerstone, L50, F|100/100|[from] Volt Switch\n|move|p2a: Terapagos|Tera Starstorm|p1b: Rillaboom|[spread] p1b\n|-activate|p1a: Kyogre|move: Protect\n|-damage|p1b: Rillaboom|38/100\n|move|p1b: Rillaboom|U-turn|p2a: Terapagos\n|-damage|p2a: Terapagos|83/100\n|\n|t:|1773784954\n|switch|p1b: Iron Jugulis|Iron Jugulis, L50|100/100|[from] U-turn\n|-enditem|p1b: Iron Jugulis|Booster Energy\n|-activate|p1b: Iron Jugulis|ability: Quark Drive|[fromitem]\n|-start|p1b: Iron Jugulis|quarkdrivespe\n|\n|upkeep\n|turn|4\n|inactive|vizard103 has 30 seconds left.\n|inactive|vizard103 has 20 seconds left.\n|\n|t:|1773784991\n|switch|p1a: Rillaboom|Rillaboom, L50, F|38/100\n|-fieldstart|move: Grassy Terrain|[from] ability: Grassy Surge|[of] p1a: Rillaboom\n|move|p1b: Iron Jugulis|Snarl|p2b: Ogerpon|[spread] p2b\n|-miss|p1b: Iron Jugulis|p2a: Terapagos\n|-damage|p2b: Ogerpon|79/100\n|-unboost|p2b: Ogerpon|spa|1\n|move|p2b: Ogerpon|Ivy Cudgel|p1a: Rillaboom|[anim] Ivy Cudgel Rock\n|-damage|p1a: Rillaboom|0 fnt\n|faint|p1a: Rillaboom\n|move|p2a: Terapagos|Tera Starstorm|p1b: Iron Jugulis\n|-damage|p1b: Iron Jugulis|23/100\n|\n|-heal|p2b: Ogerpon|85/100|[from] Grassy Terrain\n|-heal|p2a: Terapagos|89/100|[from] Grassy Terrain\n|upkeep\n|\n|t:|1773785006\n|switch|p1a: Kyogre|Kyogre, L50|100/100\n|-weather|RainDance|[from] ability: Drizzle|[of] p1a: Kyogre\n|turn|5\n|\n|t:|1773785029\n|move|p1a: Kyogre|Protect|p1a: Kyogre\n|-singleturn|p1a: Kyogre|Protect\n|move|p1b: Iron Jugulis|Hurricane|p2b: Ogerpon\n|-damage|p2b: Ogerpon|24/100\n|move|p2b: Ogerpon|Power Whip|p1a: Kyogre\n|-activate|p1a: Kyogre|move: Protect\n|move|p2a: Terapagos|Tera Starstorm|p1b: Iron Jugulis|[spread] p1b\n|-activate|p1a: Kyogre|move: Protect\n|-damage|p1b: Iron Jugulis|0 fnt\n|faint|p1b: Iron Jugulis\n|-end|p1b: Iron Jugulis|Quark Drive|[silent]\n|\n|-weather|RainDance|[upkeep]\n|-heal|p2b: Ogerpon|30/100|[from] Grassy Terrain\n|-heal|p2a: Terapagos|95/100|[from] Grassy Terrain\n|upkeep\n|turn|6\n|j| KittyPON2\n|\n|t:|1773785045\n|-terastallize|p1a: Kyogre|Grass\n|move|p2b: Ogerpon|Power Whip|p1a: Kyogre|[miss]\n|-miss|p2b: Ogerpon|p1a: Kyogre\n|move|p2a: Terapagos|Tera Starstorm|p1a: Kyogre\n|-supereffective|p1a: Kyogre\n|-damage|p1a: Kyogre|0 fnt\n|faint|p1a: Kyogre\n|\n|win|Realfrytki\n|raw|vizard103's rating: 1499 &rarr; <strong>1484</strong><br />(-15 for losing)\n|raw|Realfrytki's rating: 1589 &rarr; <strong>1604</strong><br />(+15 for winning)\n|l|\u2606Realfrytki\n|player|p2|\n|l|\u2606vizard103\n|player|p1|\n","uploadtime":1773785321,"views":11,"formatid":"gen9vgc2026regi","rating":1484,"private":0,"password":null}