{"id":"gen9vgc2026regi-2540577720","format":"[Gen 9] VGC 2026 Reg I","players":["Dfhvng","SEITA"],"log":"|j|\u2606Dfhvng\n|j|\u2606SEITA\n|t:|1771220875\n|gametype|doubles\n|player|p1|Dfhvng|1|1317\n|player|p2|SEITA|lucas-gen4pt|1526\n|gen|9\n|tier|[Gen 9] VGC 2026 Reg I\n|rated|\n|rule|Species Clause: Limit one of each Pok\u00e9mon\n|rule|Item Clause: Limit 1 of each item\n|clearpoke\n|poke|p1|Lunala, L50|\n|poke|p1|Calyrex-Ice, L50|\n|poke|p1|Smeargle, L50, F|\n|poke|p1|Indeedee-F, L50, F|\n|poke|p1|Torkoal, L50, F|\n|poke|p1|Urshifu-*, L50, F|\n|poke|p2|Zamazenta-*, L50|\n|poke|p2|Kyogre, L50|\n|poke|p2|Wo-Chien, L50|\n|poke|p2|Grimmsnarl, L50, M|\n|poke|p2|Rhyperior, L50, F|\n|poke|p2|Ditto, L50|\n|teampreview|4\n|inactive|Battle timer is ON: inactive players will automatically lose when time's up. (requested by Dfhvng)\n|\n|t:|1771220888\n|teamsize|p1|4\n|teamsize|p2|4\n|start\n|switch|p1a: Torkoal|Torkoal, L50, F|100/100\n|switch|p1b: Lunala|Lunala, L50|100/100\n|switch|p2a: Grimmsnarl|Grimmsnarl, L50, M|100/100\n|switch|p2b: Zamazenta|Zamazenta-Crowned, L50|100/100\n|-ability|p2b: Zamazenta|Dauntless Shield|boost\n|-boost|p2b: Zamazenta|def|1\n|-weather|SunnyDay|[from] ability: Drought|[of] p1a: Torkoal\n|turn|1\n|inactive|SEITA has 30 seconds left.\n|\n|t:|1771220915\n|switch|p2b: Kyogre|Kyogre, L50|100/100\n|-weather|RainDance|[from] ability: Drizzle|[of] p2b: Kyogre\n|switch|p1a: Indeedee|Indeedee-F, L50, F|100/100\n|-fieldstart|move: Psychic Terrain|[from] ability: Psychic Surge|[of] p1a: Indeedee\n|move|p2a: Grimmsnarl|Light Screen|p2a: Grimmsnarl\n|-sidestart|p2: SEITA|move: Light Screen\n|move|p1b: Lunala|Trick Room|p1b: Lunala\n|-fieldstart|move: Trick Room|[of] p1b: Lunala\n|\n|-weather|RainDance|[upkeep]\n|upkeep\n|turn|2\n|inactive|Dfhvng has 30 seconds left.\n|\n|t:|1771220948\n|-terastallize|p1b: Lunala|Grass\n|move|p1a: Indeedee|Helping Hand|p1b: Lunala\n|-singleturn|p1b: Lunala|Helping Hand|[of] p1a: Indeedee\n|move|p2a: Grimmsnarl|Spirit Break|p1b: Lunala\n|-crit|p1b: Lunala\n|-damage|p1b: Lunala|81/100\n|-unboost|p1b: Lunala|spa|1\n|move|p1b: Lunala|Meteor Beam||[still]\n|-prepare|p1b: Lunala|Meteor Beam\n|-boost|p1b: Lunala|spa|1\n|-enditem|p1b: Lunala|Power Herb\n|-anim|p1b: Lunala|Meteor Beam|p2b: Kyogre\n|-damage|p2b: Kyogre|68/100\n|move|p2b: Kyogre|Origin Pulse|p1b: Lunala|[spread] p1a,p1b\n|-resisted|p1b: Lunala\n|-damage|p1a: Indeedee|28/100\n|-damage|p1b: Lunala|58/100\n|\n|-weather|RainDance|[upkeep]\n|-heal|p2b: Kyogre|74/100|[from] item: Leftovers\n|upkeep\n|turn|3\n|inactive|SEITA has 30 seconds left.\n|\n|t:|1771220975\n|move|p1a: Indeedee|Follow Me|p1a: Indeedee\n|-singleturn|p1a: Indeedee|move: Follow Me\n|move|p2a: Grimmsnarl|Spirit Break|p1a: Indeedee\n|-damage|p1a: Indeedee|0 fnt\n|-damage|p2a: Grimmsnarl|84/100|[from] item: Rocky Helmet|[of] p1a: Indeedee\n|faint|p1a: Indeedee\n|move|p1b: Lunala|Expanding Force|p2b: Kyogre|[spread] p2b\n|-immune|p2a: Grimmsnarl\n|-damage|p2b: Kyogre|42/100\n|move|p2b: Kyogre|Ice Beam|p1b: Lunala\n|-supereffective|p1b: Lunala\n|-damage|p1b: Lunala|10/100\n|\n|-weather|RainDance|[upkeep]\n|-heal|p2b: Kyogre|47/100|[from] item: Leftovers\n|upkeep\n|\n|t:|1771220993\n|switch|p1a: Torkoal|Torkoal, L50, F|100/100\n|-weather|SunnyDay|[from] ability: Drought|[of] p1a: Torkoal\n|turn|4\n|\n|t:|1771221011\n|switch|p1b: Calyrex|Calyrex-Ice, L50|100/100\n|-ability|p1b: Calyrex|As One\n|-ability|p1b: Calyrex|Unnerve\n|switch|p2b: Wo-Chien|Wo-Chien, L50|100/100\n|-ability|p2b: Wo-Chien|Tablets of Ruin\n|move|p1a: Torkoal|Eruption|p2a: Grimmsnarl|[spread] p2a,p2b\n|-supereffective|p2b: Wo-Chien\n|-damage|p2a: Grimmsnarl|7/100\n|-damage|p2b: Wo-Chien|0 fnt\n|faint|p2b: Wo-Chien\n|move|p2a: Grimmsnarl|Spirit Break|p1b: Calyrex\n|-damage|p1b: Calyrex|80/100\n|\n|-weather|SunnyDay|[upkeep]\n|upkeep\n|\n|t:|1771221032\n|switch|p2b: Kyogre|Kyogre, L50|47/100\n|-weather|RainDance|[from] ability: Drizzle|[of] p2b: Kyogre\n|turn|5\n|\n|t:|1771221046\n|switch|p2a: Zamazenta|Zamazenta-Crowned, L50|100/100\n|move|p1a: Torkoal|Eruption|p2b: Kyogre|[spread] p2a,p2b\n|-supereffective|p2a: Zamazenta\n|-resisted|p2b: Kyogre\n|-damage|p2a: Zamazenta|70/100\n|-damage|p2b: Kyogre|39/100\n|move|p1b: Calyrex|Glacial Lance|p2a: Zamazenta|[spread] p2a,p2b\n|-resisted|p2a: Zamazenta\n|-resisted|p2b: Kyogre\n|-damage|p2a: Zamazenta|52/100\n|-damage|p2b: Kyogre|15/100\n|move|p2b: Kyogre|Origin Pulse|p1a: Torkoal|[spread] p1a,p1b\n|-supereffective|p1a: Torkoal\n|-damage|p1a: Torkoal|0 fnt\n|-damage|p1b: Calyrex|34/100\n|faint|p1a: Torkoal\n|\n|-weather|RainDance|[upkeep]\n|-heal|p2b: Kyogre|20/100|[from] item: Leftovers\n|-fieldend|move: Trick Room\n|-fieldend|move: Psychic Terrain\n|upkeep\n|\n|t:|1771221059\n|switch|p1a: Lunala|Lunala, L50, tera:Grass|10/100\n|turn|6\n|\n|t:|1771221071\n|move|p1b: Calyrex|Protect|p1b: Calyrex\n|-singleturn|p1b: Calyrex|Protect\n|move|p2a: Zamazenta|Body Press|p1a: Lunala\n|-damage|p1a: Lunala|0 fnt\n|faint|p1a: Lunala\n|move|p2b: Kyogre|Thunder|p1b: Calyrex\n|-activate|p1b: Calyrex|move: Protect\n|\n|-weather|RainDance|[upkeep]\n|-heal|p2b: Kyogre|26/100|[from] item: Leftovers\n|upkeep\n|turn|7\n|\n|t:|1771221086\n|move|p2a: Zamazenta|Body Press|p1b: Calyrex\n|-damage|p1b: Calyrex|9/100\n|move|p2b: Kyogre|Thunder|p1b: Calyrex\n|-damage|p1b: Calyrex|0 fnt\n|faint|p1b: Calyrex\n|\n|win|SEITA\n|raw|Dfhvng's rating: 1317 &rarr; <strong>1308</strong><br />(-9 for losing)\n|raw|SEITA's rating: 1526 &rarr; <strong>1535</strong><br />(+9 for winning)\n","uploadtime":1771221311,"views":27,"formatid":"gen9vgc2026regi","rating":1308,"private":0,"password":null}