{"id":"gen9vgc2026regi-2573701740","format":"[Gen 9] VGC 2026 Reg I","players":["Chadrola18","ScribbleScribble"],"log":"|j|\u2606Chadrola18\n|j|\u2606ScribbleScribble\n|t:|1775157768\n|gametype|doubles\n|player|p1|Chadrola18|steven|1496\n|player|p2|ScribbleScribble|mina-lgpe|1596\n|gen|9\n|tier|[Gen 9] VGC 2026 Reg I\n|rated|\n|rule|Species Clause: Limit one of each Pok\u00e9mon\n|rule|Item Clause: Limit 1 of each item\n|clearpoke\n|poke|p1|Incineroar, L50, F|\n|poke|p1|Calyrex-Shadow, L50|\n|poke|p1|Raging Bolt, L50|\n|poke|p1|Landorus, L50, M|\n|poke|p1|Brute Bonnet, L50|\n|poke|p1|Koraidon, L50|\n|poke|p2|Calyrex-Ice, L50|\n|poke|p2|Kyogre, L50|\n|poke|p2|Tornadus, L50, M|\n|poke|p2|Indeedee-F, L50, F|\n|poke|p2|Landorus, L50, M|\n|poke|p2|Urshifu-*, L50, M|\n|teampreview|4\n|inactive|Battle timer is ON: inactive players will automatically lose when time's up. (requested by ScribbleScribble)\n|inactive|Chadrola18 also wants the timer to be on.\n|j|+Radio Free C-Side\n|inactive|Chadrola18 has 60 seconds left.\n|\n|t:|1775157804\n|teamsize|p1|4\n|teamsize|p2|4\n|start\n|switch|p1a: Brute Bonnet|Brute Bonnet, L50|100/100\n|switch|p1b: Calyrex|Calyrex-Shadow, L50|100/100\n|switch|p2a: Tornadus|Tornadus, L50, M|100/100\n|switch|p2b: Landorus|Landorus, L50, M|100/100\n|-ability|p1b: Calyrex|As One\n|-ability|p1b: Calyrex|Unnerve\n|turn|1\n|\n|t:|1775157825\n|-terastallize|p2b: Landorus|Poison\n|move|p1b: Calyrex|Protect|p1b: Calyrex\n|-singleturn|p1b: Calyrex|Protect\n|move|p2a: Tornadus|Tailwind|p2a: Tornadus\n|-sidestart|p2: ScribbleScribble|move: Tailwind\n|move|p2b: Landorus|Sludge Bomb|p1a: Brute Bonnet\n|-supereffective|p1a: Brute Bonnet\n|-damage|p1a: Brute Bonnet|0 fnt\n|faint|p1a: Brute Bonnet\n|-end|p1a: Brute Bonnet|Protosynthesis|[silent]\n|\n|upkeep\n|\n|t:|1775157834\n|switch|p1a: Incineroar|Incineroar, L50, F|100/100\n|-ability|p1a: Incineroar|Intimidate|boost\n|-unboost|p2a: Tornadus|atk|1\n|-unboost|p2b: Landorus|atk|1\n|turn|2\n|\n|t:|1775157858\n|-terastallize|p1b: Calyrex|Ghost\n|move|p2b: Landorus|Protect|p2b: Landorus\n|-singleturn|p2b: Landorus|Protect\n|move|p2a: Tornadus|Bleakwind Storm|p1b: Calyrex|[spread] p1a,p1b\n|-damage|p1a: Incineroar|68/100\n|-damage|p1b: Calyrex|60/100\n|move|p1b: Calyrex|Astral Barrage|p2a: Tornadus|[spread] p2a\n|-activate|p2b: Landorus|move: Protect\n|-damage|p2a: Tornadus|5/100\n|move|p1a: Incineroar|Knock Off|p2b: Landorus\n|-activate|p2b: Landorus|move: Protect\n|\n|upkeep\n|turn|3\n|\n|t:|1775157878\n|move|p2a: Tornadus|Bleakwind Storm|p1a: Incineroar|[spread] p1a,p1b\n|-damage|p1a: Incineroar|39/100\n|-damage|p1b: Calyrex|19/100\n|-unboost|p1b: Calyrex|spe|1\n|move|p2b: Landorus|Earth Power|p1a: Incineroar\n|-supereffective|p1a: Incineroar\n|-damage|p1a: Incineroar|0 fnt\n|faint|p1a: Incineroar\n|move|p1b: Calyrex|Astral Barrage|p2a: Tornadus|[spread] p2a,p2b\n|-damage|p2a: Tornadus|0 fnt\n|-damage|p2b: Landorus|20/100\n|faint|p2a: Tornadus\n|-ability|p1b: Calyrex|Grim Neigh|boost\n|-boost|p1b: Calyrex|spa|1\n|\n|upkeep\n|\n|t:|1775157884\n|switch|p2a: Calyrex|Calyrex-Ice, L50|100/100\n|switch|p1a: Koraidon|Koraidon, L50|100/100\n|-ability|p2a: Calyrex|As One\n|-ability|p2a: Calyrex|Unnerve\n|-weather|SunnyDay|[from] ability: Orichalcum Pulse|[of] p1a: Koraidon\n|-activate|p1a: Koraidon|Orichalcum Pulse|[source]\n|turn|4\n|j| Keltr1ck\n|\n|t:|1775157897\n|move|p1b: Calyrex|Protect|p1b: Calyrex\n|-singleturn|p1b: Calyrex|Protect\n|move|p2b: Landorus|Earth Power|p1a: Koraidon\n|-damage|p1a: Koraidon|32/100\n|move|p2a: Calyrex|Glacial Lance|p1b: Calyrex|[spread] p1a\n|-activate|p1b: Calyrex|move: Protect\n|-supereffective|p1a: Koraidon\n|-damage|p1a: Koraidon|0 fnt\n|faint|p1a: Koraidon\n|-ability|p2a: Calyrex|Chilling Neigh|boost\n|-boost|p2a: Calyrex|atk|1\n|\n|-weather|SunnyDay|[upkeep]\n|-sideend|p2: ScribbleScribble|move: Tailwind\n|upkeep\n|turn|5\n|\n|t:|1775157904\n|move|p1b: Calyrex|Astral Barrage|p2b: Landorus|[spread] p2a,p2b\n|-supereffective|p2a: Calyrex\n|-damage|p2a: Calyrex|0 fnt\n|-damage|p2b: Landorus|0 fnt\n|faint|p2a: Calyrex\n|faint|p2b: Landorus\n|-ability|p1b: Calyrex|Grim Neigh|boost\n|-boost|p1b: Calyrex|spa|2\n|\n|-weather|SunnyDay|[upkeep]\n|upkeep\n|\n|t:|1775157906\n|switch|p2b: Kyogre|Kyogre, L50|100/100\n|-weather|RainDance|[from] ability: Drizzle|[of] p2b: Kyogre\n|turn|6\n|\n|t:|1775157909\n|move|p2b: Kyogre|Water Spout|p1b: Calyrex\n|-damage|p1b: Calyrex|0 fnt\n|faint|p1b: Calyrex\n|\n|win|ScribbleScribble\n|raw|Chadrola18's rating: 1496 &rarr; <strong>1480</strong><br />(-16 for losing)\n|raw|ScribbleScribble's rating: 1571 &rarr; <strong>1587</strong><br />(+16 for winning)\n|l|\u2606ScribbleScribble\n|player|p2|\n|l|+Radio Free C-Side\n|l|\u2606Chadrola18\n|player|p1|\n|l| Keltr1ck\n|j| Keltr1ck\n","uploadtime":1775158162,"views":17,"formatid":"gen9vgc2026regi","rating":1480,"private":0,"password":null}