{"id":"gen9vgc2026regi-2564893222","format":"[Gen 9] VGC 2026 Reg I","players":["Jonen","Ceraida"],"log":"|j|\u2606Jonen\n|j|\u2606Ceraida\n|t:|1774207990\n|gametype|doubles\n|player|p1|Jonen|hiker-gen4|1393\n|player|p2|Ceraida|veteran|1423\n|gen|9\n|tier|[Gen 9] VGC 2026 Reg I\n|rated|\n|rule|Species Clause: Limit one of each Pok\u00e9mon\n|rule|Item Clause: Limit 1 of each item\n|clearpoke\n|poke|p1|Groudon, L50|\n|poke|p1|Lunala, L50|\n|poke|p1|Sableye, L50, F|\n|poke|p1|Chi-Yu, L50|\n|poke|p1|Rillaboom, L50, F|\n|poke|p1|Jumpluff, L50, F|\n|poke|p2|Calyrex-Shadow, L50|\n|poke|p2|Zamazenta-*, L50|\n|poke|p2|Indeedee-F, L50, F|\n|poke|p2|Rillaboom, L50, F|\n|poke|p2|Roaring Moon, L50|\n|poke|p2|Volcarona, L50, M|\n|teampreview|4\n|\n|t:|1774208045\n|teamsize|p1|4\n|teamsize|p2|4\n|start\n|switch|p1a: Groudon|Groudon, L50|100/100\n|switch|p1b: Jumpluff|Jumpluff, L50, F|100/100\n|switch|p2a: Sirius|Zamazenta-Crowned, L50|100/100\n|switch|p2b: Crossaint|Indeedee-F, L50, F|100/100\n|-ability|p2a: Sirius|Dauntless Shield|boost\n|-boost|p2a: Sirius|def|1\n|-weather|SunnyDay|[from] ability: Drought|[of] p1a: Groudon\n|-fieldstart|move: Psychic Terrain|[from] ability: Psychic Surge|[of] p2b: Crossaint\n|turn|1\n|\n|t:|1774208073\n|-terastallize|p2a: Sirius|Grass\n|move|p2b: Crossaint|Helping Hand|p2a: Sirius\n|-singleturn|p2a: Sirius|Helping Hand|[of] p2b: Crossaint\n|move|p1b: Jumpluff|Sleep Powder|p2a: Sirius\n|-immune|p2a: Sirius\n|move|p2a: Sirius|Body Press|p1a: Groudon\n|-damage|p1a: Groudon|27/100\n|move|p1a: Groudon|Substitute|p1a: Groudon\n|-start|p1a: Groudon|Substitute\n|-damage|p1a: Groudon|2/100\n|\n|-weather|SunnyDay|[upkeep]\n|upkeep\n|turn|2\n|\n|t:|1774208106\n|move|p2a: Sirius|Protect|p2a: Sirius\n|-singleturn|p2a: Sirius|Protect\n|move|p2b: Crossaint|Protect|p2b: Crossaint\n|-singleturn|p2b: Crossaint|Protect\n|move|p1b: Jumpluff|Pollen Puff|p1a: Groudon\n|-heal|p1a: Groudon|52/100\n|move|p1a: Groudon|Precipice Blades|p2b: Crossaint|[spread] \n|-activate|p2a: Sirius|move: Protect\n|-activate|p2b: Crossaint|move: Protect\n|\n|-weather|SunnyDay|[upkeep]\n|upkeep\n|turn|3\n|\n|t:|1774208132\n|move|p1b: Jumpluff|Encore|p2a: Sirius\n|-start|p2a: Sirius|Encore\n|move|p2a: Sirius|Protect|p2a: Sirius\n|-singleturn|p2a: Sirius|Protect\n|move|p1a: Groudon|Precipice Blades|p2a: Sirius|[spread] p2b\n|-activate|p2a: Sirius|move: Protect\n|-damage|p2b: Crossaint|29/100\n|-damage|p1a: Groudon|42/100|[from] item: Life Orb\n|move|p2b: Crossaint|Alluring Voice|p1b: Jumpluff\n|-crit|p1b: Jumpluff\n|-damage|p1b: Jumpluff|75/100\n|\n|-weather|SunnyDay|[upkeep]\n|upkeep\n|turn|4\n|\n|t:|1774208163\n|switch|p2a: Nexus|Calyrex-Shadow, L50|100/100\n|-ability|p2a: Nexus|As One\n|-ability|p2a: Nexus|Unnerve\n|switch|p2b: Volcarona|Volcarona, L50, M|100/100\n|move|p1b: Jumpluff|Sleep Powder|p2a: Nexus\n|-status|p2a: Nexus|slp|[from] move: Sleep Powder\n|move|p1a: Groudon|Precipice Blades|p2a: Nexus|[spread] p2a,p2b\n|-damage|p2a: Nexus|18/100 slp\n|-damage|p2b: Volcarona|17/100\n|-damage|p1a: Groudon|32/100|[from] item: Life Orb\n|\n|-weather|SunnyDay|[upkeep]\n|upkeep\n|turn|5\n|-message|Ceraida forfeited.\n|\n|win|Jonen\n|raw|Jonen's rating: 1393 &rarr; <strong>1415</strong><br />(+22 for winning)\n|raw|Ceraida's rating: 1423 &rarr; <strong>1401</strong><br />(-22 for losing)\n|l|\u2606Ceraida\n|player|p2|\n","uploadtime":1774208168,"views":20,"formatid":"gen9vgc2026regi","rating":1401,"private":0,"password":null}