{"id":"gen9vgc2026regi-2575452163","format":"[Gen 9] VGC 2026 Reg I","players":["kaseypocius","fernsthedruids"],"log":"|j|\u2606kaseypocius\n|j|\u2606fernsthedruids\n|t:|1775353921\n|gametype|doubles\n|player|p1|kaseypocius|ariana|1400\n|player|p2|fernsthedruids|102|1561\n|gen|9\n|tier|[Gen 9] VGC 2026 Reg I\n|rated|\n|rule|Species Clause: Limit one of each Pok\u00e9mon\n|rule|Item Clause: Limit 1 of each item\n|clearpoke\n|poke|p1|Incineroar, L50, M|\n|poke|p1|Rillaboom, L50, M|\n|poke|p1|Ursaluna-Bloodmoon, L50, M|\n|poke|p1|Calyrex-Ice, L50|\n|poke|p1|Lunala, L50|\n|poke|p1|Indeedee-F, L50, F|\n|poke|p2|Kyogre, L50|\n|poke|p2|Calyrex-Ice, L50|\n|poke|p2|Raging Bolt, L50|\n|poke|p2|Tornadus, L50, M|\n|poke|p2|Incineroar, L50, F|\n|poke|p2|Amoonguss, L50, M|\n|teampreview|4\n|\n|t:|1775353953\n|teamsize|p1|4\n|teamsize|p2|4\n|start\n|switch|p1a: Rillaboom|Rillaboom, L50, M|100/100\n|switch|p1b: Lunala|Lunala, L50|100/100\n|switch|p2a: Incineroar|Incineroar, L50, F|100/100\n|switch|p2b: Kyogre|Kyogre, L50|100/100\n|-weather|RainDance|[from] ability: Drizzle|[of] p2b: Kyogre\n|-fieldstart|move: Grassy Terrain|[from] ability: Grassy Surge|[of] p1a: Rillaboom\n|-ability|p2a: Incineroar|Intimidate|boost\n|-unboost|p1a: Rillaboom|atk|1\n|-unboost|p1b: Lunala|atk|1\n|turn|1\n|inactive|Battle timer is ON: inactive players will automatically lose when time's up. (requested by kaseypocius)\n|\n|t:|1775353967\n|switch|p2a: Amoonguss|Amoonguss, L50, M|100/100\n|move|p2b: Kyogre|Protect|p2b: Kyogre\n|-singleturn|p2b: Kyogre|Protect\n|move|p1a: Rillaboom|Fake Out|p2a: Amoonguss\n|-damage|p2a: Amoonguss|92/100\n|move|p1b: Lunala|Trick Room|p1b: Lunala\n|-fieldstart|move: Trick Room|[of] p1b: Lunala\n|\n|-weather|RainDance|[upkeep]\n|-heal|p2a: Amoonguss|98/100|[from] Grassy Terrain\n|upkeep\n|turn|2\n|inactive|kaseypocius has 30 seconds left.\n|inactive|kaseypocius has 20 seconds left.\n|\n|t:|1775354004\n|switch|p1a: Indeedee|Indeedee-F, L50, F|100/100\n|-fieldstart|move: Psychic Terrain|[from] ability: Psychic Surge|[of] p1a: Indeedee\n|switch|p2b: Calyrex|Calyrex-Ice, L50|100/100\n|-ability|p2b: Calyrex|As One\n|-ability|p2b: Calyrex|Unnerve\n|move|p2a: Amoonguss|Spore|p1b: Lunala\n|-status|p1b: Lunala|slp|[from] move: Spore\n|cant|p1b: Lunala|slp\n|\n|-weather|RainDance|[upkeep]\n|upkeep\n|turn|3\n|l|\u2606fernsthedruids\n|inactive|fernsthedruids disconnected and has a minute to reconnect!\n|player|p2|\n|inactive|fernsthedruids has 30 seconds left.\n|inactive|fernsthedruids has 20 seconds left.\n|j|\u2606fernsthedruids\n|inactive|fernsthedruids reconnected and has 20 seconds left.\n|player|p2|fernsthedruids|102|\n|inactive|fernsthedruids has 15 seconds left.\n|\n|t:|1775354046\n|switch|p2a: Incineroar|Incineroar, L50, F|100/100\n|-ability|p2a: Incineroar|Intimidate|boost\n|-unboost|p1a: Indeedee|atk|1\n|-unboost|p1b: Lunala|atk|1\n|move|p1a: Indeedee|Protect|p1a: Indeedee\n|-singleturn|p1a: Indeedee|Protect\n|move|p2b: Calyrex|Glacial Lance|p1b: Lunala|[spread] p1b\n|-activate|p1a: Indeedee|move: Protect\n|-damage|p1b: Lunala|77/100 slp\n|cant|p1b: Lunala|slp\n|\n|-weather|RainDance|[upkeep]\n|upkeep\n|turn|4\n|\n|t:|1775354069\n|switch|p1a: Calyrex|Calyrex-Ice, L50|100/100\n|-ability|p1a: Calyrex|As One\n|-ability|p1a: Calyrex|Unnerve\n|move|p2b: Calyrex|Protect|p2b: Calyrex\n|-singleturn|p2b: Calyrex|Protect\n|move|p2a: Incineroar|Knock Off|p1b: Lunala\n|-supereffective|p1b: Lunala\n|-damage|p1b: Lunala|0 fnt\n|-enditem|p1b: Lunala|Power Herb|[from] move: Knock Off|[of] p2a: Incineroar\n|faint|p1b: Lunala\n|\n|-weather|RainDance|[upkeep]\n|upkeep\n|\n|t:|1775354080\n|switch|p1b: Indeedee|Indeedee-F, L50, F|100/100\n|turn|5\n|\n|t:|1775354093\n|move|p1b: Indeedee|Protect|p1b: Indeedee\n|-singleturn|p1b: Indeedee|Protect\n|move|p1a: Calyrex|Leech Seed|p2b: Calyrex\n|-start|p2b: Calyrex|move: Leech Seed\n|move|p2b: Calyrex|Glacial Lance|p1b: Indeedee|[spread] p1a\n|-activate|p1b: Indeedee|move: Protect\n|-resisted|p1a: Calyrex\n|-damage|p1a: Calyrex|85/100\n|move|p2a: Incineroar|Parting Shot|p1a: Calyrex\n|-unboost|p1a: Calyrex|atk|1\n|-unboost|p1a: Calyrex|spa|1\n|\n|t:|1775354107\n|switch|p2a: Kyogre|Kyogre, L50|100/100|[from] Parting Shot\n|\n|-weather|none\n|-heal|p1a: Calyrex|91/100|[from] item: Leftovers\n|-damage|p2b: Calyrex|88/100|[from] Leech Seed|[of] p1a: Calyrex\n|-heal|p1a: Calyrex|100/100|[silent]\n|-fieldend|move: Trick Room\n|upkeep\n|turn|6\n|\n|t:|1775354120\n|switch|p1b: Rillaboom|Rillaboom, L50, M|100/100\n|-fieldstart|move: Grassy Terrain|[from] ability: Grassy Surge|[of] p1b: Rillaboom\n|switch|p2b: Incineroar|Incineroar, L50, F|100/100\n|-ability|p2b: Incineroar|Intimidate|boost\n|-unboost|p1a: Calyrex|atk|1\n|-unboost|p1b: Rillaboom|atk|1\n|-terastallize|p2a: Kyogre|Grass\n|move|p2a: Kyogre|Water Spout|p1b: Rillaboom|[spread] p1a,p1b\n|-resisted|p1b: Rillaboom\n|-damage|p1a: Calyrex|45/100\n|-damage|p1b: Rillaboom|76/100\n|move|p1a: Calyrex|Leech Seed|p2a: Kyogre\n|-immune|p2a: Kyogre\n|\n|-heal|p1b: Rillaboom|82/100|[from] Grassy Terrain\n|-heal|p1a: Calyrex|51/100|[from] Grassy Terrain\n|-heal|p1a: Calyrex|57/100|[from] item: Leftovers\n|upkeep\n|turn|7\n|\n|t:|1775354142\n|-terastallize|p1a: Calyrex|Water\n|move|p2a: Kyogre|Water Spout|p1a: Calyrex|[spread] p1a,p1b\n|-resisted|p1a: Calyrex\n|-resisted|p1b: Rillaboom\n|-damage|p1a: Calyrex|30/100\n|-damage|p1b: Rillaboom|56/100\n|move|p1b: Rillaboom|U-turn|p2a: Kyogre\n|-supereffective|p2a: Kyogre\n|-damage|p2a: Kyogre|70/100\n|\n|t:|1775354150\n|switch|p1b: Indeedee|Indeedee-F, L50, F|100/100|[from] U-turn\n|-fieldstart|move: Psychic Terrain|[from] ability: Psychic Surge|[of] p1b: Indeedee\n|move|p2b: Incineroar|Knock Off|p1a: Calyrex\n|-crit|p1a: Calyrex\n|-damage|p1a: Calyrex|0 fnt\n|-enditem|p1a: Calyrex|Leftovers|[from] move: Knock Off|[of] p2b: Incineroar\n|faint|p1a: Calyrex\n|\n|upkeep\n|\n|t:|1775354158\n|switch|p1a: Rillaboom|Rillaboom, L50, M|56/100\n|-fieldstart|move: Grassy Terrain|[from] ability: Grassy Surge|[of] p1a: Rillaboom\n|turn|8\n|\n|t:|1775354181\n|move|p1b: Indeedee|Helping Hand|p1a: Rillaboom\n|-singleturn|p1a: Rillaboom|Helping Hand|[of] p1b: Indeedee\n|move|p2a: Kyogre|Protect|p2a: Kyogre\n|-singleturn|p2a: Kyogre|Protect\n|move|p1a: Rillaboom|U-turn|p2a: Kyogre\n|-activate|p2a: Kyogre|move: Protect\n|move|p2b: Incineroar|Will-O-Wisp|p1a: Rillaboom\n|-status|p1a: Rillaboom|brn\n|\n|-heal|p2a: Kyogre|77/100|[from] Grassy Terrain\n|-heal|p1a: Rillaboom|62/100 brn|[from] Grassy Terrain\n|-damage|p1a: Rillaboom|56/100 brn|[from] brn\n|upkeep\n|turn|9\n|\n|t:|1775354197\n|move|p1b: Indeedee|Protect|p1b: Indeedee\n|-singleturn|p1b: Indeedee|Protect\n|move|p2a: Kyogre|Water Spout|p1b: Indeedee|[spread] p1a\n|-activate|p1b: Indeedee|move: Protect\n|-resisted|p1a: Rillaboom\n|-damage|p1a: Rillaboom|36/100 brn\n|move|p1a: Rillaboom|U-turn|p2a: Kyogre\n|-supereffective|p2a: Kyogre\n|-damage|p2a: Kyogre|56/100\n|move|p2b: Incineroar|Knock Off|p1a: Rillaboom\n|-damage|p1a: Rillaboom|0 fnt\n|-enditem|p1a: Rillaboom|Assault Vest|[from] move: Knock Off|[of] p2b: Incineroar\n|faint|p1a: Rillaboom\n|\n|-heal|p2a: Kyogre|62/100|[from] Grassy Terrain\n|upkeep\n|turn|10\n|\n|t:|1775354213\n|move|p2a: Kyogre|Water Spout|p1b: Indeedee\n|-damage|p1b: Indeedee|56/100\n|move|p2b: Incineroar|Knock Off|p1b: Indeedee\n|-supereffective|p1b: Indeedee\n|-damage|p1b: Indeedee|0 fnt\n|-enditem|p1b: Indeedee|Focus Sash|[from] move: Knock Off|[of] p2b: Incineroar\n|faint|p1b: Indeedee\n|\n|win|fernsthedruids\n|raw|kaseypocius's rating: 1400 &rarr; <strong>1389</strong><br />(-11 for losing)\n|raw|fernsthedruids's rating: 1561 &rarr; <strong>1572</strong><br />(+11 for winning)\n|c|\u2606kaseypocius|gg\n|c|\u2606fernsthedruids|gg\n|c|\u2606fernsthedruids|incin 4 kos\n|c|\u2606fernsthedruids|lol\n|c|\u2606kaseypocius|i love vgc\n|c|\u2606fernsthedruids|me too\n","uploadtime":1775354223,"views":10,"formatid":"gen9vgc2026regi","rating":1389,"private":0,"password":null}