{"id":"gen9vgc2026regi-2580035426","format":"[Gen 9] VGC 2026 Reg I","players":["N Jordan","Tempest ash"],"log":"|j|\u2606N Jordan\n|j|\u2606Tempest ash\n|t:|1775848344\n|gametype|doubles\n|player|p1|N Jordan|n|1515\n|player|p2|Tempest ash|101|1516\n|gen|9\n|tier|[Gen 9] VGC 2026 Reg I\n|rated|\n|rule|Species Clause: Limit one of each Pok\u00e9mon\n|rule|Item Clause: Limit 1 of each item\n|clearpoke\n|poke|p1|Zacian-*, L50|\n|poke|p1|Kyogre, L50|\n|poke|p1|Grimmsnarl, L50, M|\n|poke|p1|Ursaluna-Bloodmoon, L50, M|\n|poke|p1|Iron Hands, L50|\n|poke|p1|Urshifu-*, L50, F|\n|poke|p2|Muk-Alola, L50, M|\n|poke|p2|Flamigo, L50, F|\n|poke|p2|Smeargle, L50, F|\n|poke|p2|Calyrex-Shadow, L50|\n|poke|p2|Eternatus, L50|\n|poke|p2|Clefairy, L50, F|\n|teampreview|4\n|inactive|Battle timer is ON: inactive players will automatically lose when time's up. (requested by Tempest ash)\nTempest ash rejected open team sheets.\n|inactive|N Jordan has 60 seconds left.\n|\n|t:|1775848396\n|teamsize|p1|4\n|teamsize|p2|4\n|start\n|switch|p1a: Zacian|Zacian-Crowned, L50|100/100\n|switch|p1b: Urshifu|Urshifu, L50, F|100/100\n|switch|p2a: Clefairy|Clefairy, L50, F|100/100\n|switch|p2b: Eternatus|Eternatus, L50|100/100\n|-ability|p1a: Zacian|Intrepid Sword|boost\n|-boost|p1a: Zacian|atk|1\n|-ability|p2b: Eternatus|Pressure\n|turn|1\n|inactive|Tempest ash has 30 seconds left.\n|\n|t:|1775848424\n|move|p1a: Zacian|Behemoth Blade|p2a: Clefairy\n|-supereffective|p2a: Clefairy\n|-damage|p2a: Clefairy|0 fnt\n|faint|p2a: Clefairy\n|move|p2b: Eternatus|Cosmic Power|p2b: Eternatus\n|-boost|p2b: Eternatus|def|1\n|-boost|p2b: Eternatus|spd|1\n|move|p1b: Urshifu|Wicked Blow|p2b: Eternatus\n|-crit|p2b: Eternatus\n|-damage|p2b: Eternatus|57/100\n|\n|-heal|p2b: Eternatus|63/100|[from] item: Black Sludge\n|upkeep\n|\n|t:|1775848434\n|switch|p2a: Flamigo|Flamigo, L50, F|100/100\n|-copyboost|p2a: Flamigo|p2b: Eternatus|[from] ability: Costar\n|turn|2\n|inactive|N Jordan has 30 seconds left.\n|inactive|N Jordan has 20 seconds left.\n|\n|t:|1775848471\n|move|p1a: Zacian|Behemoth Blade|p2b: Eternatus\n|-damage|p2b: Eternatus|16/100\n|move|p2a: Flamigo|Low Kick|p1b: Urshifu\n|-supereffective|p1b: Urshifu\n|-damage|p1b: Urshifu|4/100\n|move|p2b: Eternatus|Recover|p2b: Eternatus\n|-heal|p2b: Eternatus|66/100\n|move|p1b: Urshifu|Wicked Blow|p2b: Eternatus\n|-crit|p2b: Eternatus\n|-damage|p2b: Eternatus|21/100\n|\n|-heal|p2b: Eternatus|27/100|[from] item: Black Sludge\n|upkeep\n|turn|3\n|inactive|Tempest ash has 30 seconds left.\n|\n|t:|1775848496\n|move|p1b: Urshifu|Sucker Punch|p2a: Flamigo\n|-resisted|p2a: Flamigo\n|-damage|p2a: Flamigo|82/100\n|move|p1a: Zacian|Play Rough|p2a: Flamigo\n|-supereffective|p2a: Flamigo\n|-damage|p2a: Flamigo|0 fnt\n|faint|p2a: Flamigo\n|move|p2b: Eternatus|Recover|p2b: Eternatus\n|-heal|p2b: Eternatus|77/100\n|\n|-heal|p2b: Eternatus|83/100|[from] item: Black Sludge\n|upkeep\n|\n|t:|1775848503\n|switch|p2a: Calyrex|Calyrex-Shadow, L50|100/100\n|-ability|p2a: Calyrex|As One\n|-ability|p2a: Calyrex|Unnerve\n|turn|4\n|\n|t:|1775848515\n|move|p1b: Urshifu|Sucker Punch|p2a: Calyrex\n|-supereffective|p2a: Calyrex\n|-enditem|p2a: Calyrex|Focus Sash\n|-damage|p2a: Calyrex|1/100\n|move|p2a: Calyrex|Astral Barrage|p1a: Zacian|[spread] p1a,p1b\n|-resisted|p1b: Urshifu\n|-damage|p1a: Zacian|59/100\n|-damage|p1b: Urshifu|0 fnt\n|faint|p1b: Urshifu\n|-ability|p2a: Calyrex|Grim Neigh|boost\n|-boost|p2a: Calyrex|spa|1\n|move|p1a: Zacian|Behemoth Blade|p2b: Eternatus\n|-damage|p2b: Eternatus|41/100\n|move|p2b: Eternatus|Cosmic Power|p2b: Eternatus\n|-boost|p2b: Eternatus|def|1\n|-boost|p2b: Eternatus|spd|1\n|\n|-heal|p2b: Eternatus|47/100|[from] item: Black Sludge\n|upkeep\n|\n|t:|1775848521\n|switch|p1b: Kyogre|Kyogre, L50|100/100\n|-weather|RainDance|[from] ability: Drizzle|[of] p1b: Kyogre\n|turn|5\n|inactive|Tempest ash has 30 seconds left.\n|\n|t:|1775848547\n|move|p2a: Calyrex|Protect|p2a: Calyrex\n|-singleturn|p2a: Calyrex|Protect\n|move|p1a: Zacian|Behemoth Blade|p2b: Eternatus\n|-damage|p2b: Eternatus|11/100\n|move|p2b: Eternatus|Cosmic Power|p2b: Eternatus\n|-boost|p2b: Eternatus|def|1\n|-boost|p2b: Eternatus|spd|1\n|move|p1b: Kyogre|Water Spout|p2b: Eternatus|[spread] p2b\n|-activate|p2a: Calyrex|move: Protect\n|-resisted|p2b: Eternatus\n|-damage|p2b: Eternatus|0 fnt\n|faint|p2b: Eternatus\n|\n|-weather|RainDance|[upkeep]\n|upkeep\n|turn|6\n|inactive|N Jordan has 30 seconds left.\n|inactive|N Jordan has 20 seconds left.\n|\n|t:|1775848586\n|move|p2a: Calyrex|Astral Barrage|p1b: Kyogre|[spread] p1a,p1b\n|-damage|p1a: Zacian|0 fnt\n|-damage|p1b: Kyogre|63/100\n|faint|p1a: Zacian\n|-ability|p2a: Calyrex|Grim Neigh|boost\n|-boost|p2a: Calyrex|spa|1\n|move|p1b: Kyogre|Thunder|p2a: Calyrex\n|-damage|p2a: Calyrex|0 fnt\n|faint|p2a: Calyrex\n|\n|win|N Jordan\n|raw|N Jordan's rating: 1515 &rarr; <strong>1535</strong><br />(+20 for winning)\n|raw|Tempest ash's rating: 1516 &rarr; <strong>1496</strong><br />(-20 for losing)\n|l|\u2606N Jordan\n|player|p1|\n|l|\u2606Tempest ash\n|player|p2|\n","uploadtime":1775848725,"views":13,"formatid":"gen9vgc2026regi","rating":1496,"private":0,"password":null}