{"id":"gen9vgc2026regi-2551592113","format":"[Gen 9] VGC 2026 Reg I","players":["CHR1SPHX","Erseo05"],"log":"|j|\u2606CHR1SPHX\n|j|\u2606Erseo05\n|t:|1772625864\n|gametype|doubles\n|player|p1|CHR1SPHX|hilbert-wonderlauncher|1311\n|player|p2|Erseo05|lucas|1319\n|gen|9\n|tier|[Gen 9] VGC 2026 Reg I\n|rated|\n|rule|Species Clause: Limit one of each Pok\u00e9mon\n|rule|Item Clause: Limit 1 of each item\n|clearpoke\n|poke|p1|Lunala, L50|\n|poke|p1|Amoonguss, L50, M|\n|poke|p1|Ursaluna-Bloodmoon, L50, M|\n|poke|p1|Incineroar, L50, M|\n|poke|p1|Koraidon, L50|\n|poke|p1|Flutter Mane, L50|\n|poke|p2|Calyrex-Ice, L50|\n|poke|p2|Indeedee-F, L50, F|\n|poke|p2|Lunala, L50|\n|poke|p2|Ursaluna, L50, M|\n|poke|p2|Raging Bolt, L50|\n|poke|p2|Torkoal, L50, F|\n|teampreview|4\n|inactive|Battle timer is ON: inactive players will automatically lose when time's up. (requested by CHR1SPHX)\n|inactive|Erseo05 has 60 seconds left.\n|\n|t:|1772625897\n|teamsize|p1|4\n|teamsize|p2|4\n|start\n|switch|p1a: Lunala|Lunala, L50, shiny|100/100\n|switch|p1b: Flutter Mane|Flutter Mane, L50|100/100\n|switch|p2a: Calyrex|Calyrex-Ice, L50|100/100\n|switch|p2b: Indeedee|Indeedee-F, L50, F|100/100\n|-ability|p2a: Calyrex|As One\n|-ability|p2a: Calyrex|Unnerve\n|-fieldstart|move: Psychic Terrain|[from] ability: Psychic Surge|[of] p2b: Indeedee\n|turn|1\n|inactive|CHR1SPHX has 30 seconds left.\n|\n|t:|1772625931\n|-end|p1b: Flutter Mane|Protosynthesis|[silent]\n|switch|p1b: Ursaluna|Ursaluna-Bloodmoon, L50, M|100/100\n|move|p1a: Lunala|Wide Guard|p1a: Lunala\n|-singleturn|p1a: Lunala|Wide Guard\n|move|p2b: Indeedee|Follow Me|p2b: Indeedee\n|-singleturn|p2b: Indeedee|move: Follow Me\n|move|p2a: Calyrex|Trick Room|p2a: Calyrex\n|-fieldstart|move: Trick Room|[of] p2a: Calyrex\n|\n|upkeep\n|turn|2\n|\n|t:|1772625949\n|switch|p2b: Lunala|Lunala, L50|100/100\n|move|p1a: Lunala|Wide Guard|p1a: Lunala\n|-singleturn|p1a: Lunala|Wide Guard\n|move|p1b: Ursaluna|Hyper Voice|p2a: Calyrex|[spread] p2a,p2b\n|-damage|p2a: Calyrex|68/100\n|-damage|p2b: Lunala|81/100\n|-damage|p1b: Ursaluna|91/100|[from] item: Life Orb\n|move|p2a: Calyrex|Close Combat|p1b: Ursaluna\n|-supereffective|p1b: Ursaluna\n|-damage|p1b: Ursaluna|11/100\n|-unboost|p2a: Calyrex|def|1\n|-unboost|p2a: Calyrex|spd|1\n|\n|-heal|p2b: Lunala|88/100|[from] item: Leftovers\n|upkeep\n|turn|3\n|inactive|CHR1SPHX has 30 seconds left.\n|inactive|Erseo05 has 30 seconds left.\n|inactive|Erseo05 has 20 seconds left.\n|\n|t:|1772625987\n|-terastallize|p1a: Lunala|Fairy\n|move|p2a: Calyrex|Protect|p2a: Calyrex\n|-singleturn|p2a: Calyrex|Protect\n|move|p1b: Ursaluna|Blood Moon|p2a: Calyrex\n|-activate|p2a: Calyrex|move: Protect\n|move|p1a: Lunala|Moongeist Beam|p2b: Lunala\n|-supereffective|p2b: Lunala\n|-damage|p2b: Lunala|0 fnt\n|faint|p2b: Lunala\n|\n|upkeep\n|\n|t:|1772625999\n|switch|p2b: Torkoal|Torkoal, L50, F|100/100\n|-weather|SunnyDay|[from] ability: Drought|[of] p2b: Torkoal\n|turn|4\n|\n|t:|1772626022\n|move|p1a: Lunala|Wide Guard|p1a: Lunala\n|-singleturn|p1a: Lunala|Wide Guard\n|move|p2b: Torkoal|Weather Ball|p1b: Ursaluna\n|-crit|p1b: Ursaluna\n|-damage|p1b: Ursaluna|0 fnt\n|faint|p1b: Ursaluna\n|move|p2a: Calyrex|Close Combat|p1a: Lunala\n|-resisted|p1a: Lunala\n|-damage|p1a: Lunala|90/100\n|-unboost|p2a: Calyrex|def|1\n|-unboost|p2a: Calyrex|spd|1\n|\n|-weather|SunnyDay|[upkeep]\n|upkeep\n|\n|t:|1772626036\n|switch|p1b: Flutter Mane|Flutter Mane, L50|100/100\n|-activate|p1b: Flutter Mane|ability: Protosynthesis\n|-start|p1b: Flutter Mane|protosynthesisspe\n|turn|5\n|\n|t:|1772626054\n|-terastallize|p2b: Torkoal|Fire\n|move|p1b: Flutter Mane|Protect|p1b: Flutter Mane\n|-singleturn|p1b: Flutter Mane|Protect\n|move|p1a: Lunala|Wide Guard|p1a: Lunala\n|-singleturn|p1a: Lunala|Wide Guard\n|move|p2b: Torkoal|Weather Ball|p1a: Lunala\n|-damage|p1a: Lunala|16/100\n|move|p2a: Calyrex|Glacial Lance|p1a: Lunala|[spread] \n|-activate|p1a: Lunala|move: Wide Guard\n|-activate|p1b: Flutter Mane|move: Wide Guard\n|\n|-weather|SunnyDay|[upkeep]\n|-fieldend|move: Trick Room\n|-fieldend|move: Psychic Terrain\n|upkeep\n|turn|6\n|inactive|CHR1SPHX has 30 seconds left.\n|\n|t:|1772626082\n|switch|p2a: Indeedee|Indeedee-F, L50, F|100/100\n|-fieldstart|move: Psychic Terrain|[from] ability: Psychic Surge|[of] p2a: Indeedee\n|move|p2b: Torkoal|Protect|p2b: Torkoal\n|-singleturn|p2b: Torkoal|Protect\n|move|p1b: Flutter Mane|Dazzling Gleam|p2a: Indeedee|[spread] p2a\n|-activate|p2b: Torkoal|move: Protect\n|-damage|p2a: Indeedee|71/100\n|-enditem|p2a: Indeedee|Eject Button\n|\n|t:|1772626093\n|switch|p2a: Calyrex|Calyrex-Ice, L50|68/100\n|-ability|p2a: Calyrex|As One\n|-ability|p2a: Calyrex|Unnerve\n|move|p1a: Lunala|Moongeist Beam|p2b: Torkoal\n|-activate|p2b: Torkoal|move: Protect\n|\n|-weather|SunnyDay|[upkeep]\n|upkeep\n|turn|7\n|inactive|CHR1SPHX has 30 seconds left.\n|inactive|Erseo05 has 30 seconds left.\n|inactive|CHR1SPHX has 20 seconds left.\n|\n|t:|1772626129\n|move|p2a: Calyrex|Protect|p2a: Calyrex\n|-singleturn|p2a: Calyrex|Protect\n|move|p1b: Flutter Mane|Shadow Ball|p2b: Torkoal\n|-damage|p2b: Torkoal|46/100\n|move|p1a: Lunala|Moongeist Beam|p2a: Calyrex\n|-activate|p2a: Calyrex|move: Protect\n|move|p2b: Torkoal|Eruption|p1a: Lunala|[spread] p1a,p1b\n|-damage|p1a: Lunala|0 fnt\n|-damage|p1b: Flutter Mane|47/100\n|faint|p1a: Lunala\n|\n|-weather|SunnyDay|[upkeep]\n|upkeep\n|\n|t:|1772626132\n|switch|p1a: Koraidon|Koraidon, L50|100/100\n|-activate|p1a: Koraidon|ability: Orichalcum Pulse\n|turn|8\n|\n|t:|1772626157\n|switch|p2a: Indeedee|Indeedee-F, L50, F|71/100\n|move|p2b: Torkoal|Protect|p2b: Torkoal\n|-singleturn|p2b: Torkoal|Protect\n|move|p1b: Flutter Mane|Shadow Ball|p2b: Torkoal\n|-activate|p2b: Torkoal|move: Protect\n|move|p1a: Koraidon|Flare Blitz|p2a: Indeedee\n|-damage|p2a: Indeedee|1/100\n|-damage|p1a: Koraidon|79/100|[from] Recoil\n|\n|-weather|none\n|-end|p1b: Flutter Mane|Protosynthesis\n|upkeep\n|turn|9\n|inactive|Erseo05 has 30 seconds left.\n|inactive|Erseo05 has 20 seconds left.\n|\n|t:|1772626194\n|move|p1b: Flutter Mane|Protect|p1b: Flutter Mane\n|-singleturn|p1b: Flutter Mane|Protect\n|move|p2a: Indeedee|Follow Me|p2a: Indeedee\n|-singleturn|p2a: Indeedee|move: Follow Me\n|move|p1a: Koraidon|Collision Course|p2a: Indeedee\n|-damage|p2a: Indeedee|0 fnt\n|faint|p2a: Indeedee\n|move|p2b: Torkoal|Earth Power|p1a: Koraidon\n|-damage|p1a: Koraidon|57/100\n|\n|upkeep\n|\n|t:|1772626205\n|switch|p2a: Calyrex|Calyrex-Ice, L50|68/100\n|-ability|p2a: Calyrex|As One\n|-ability|p2a: Calyrex|Unnerve\n|turn|10\n|\n|t:|1772626223\n|move|p1b: Flutter Mane|Shadow Ball|p2b: Torkoal\n|-damage|p2b: Torkoal|0 fnt\n|faint|p2b: Torkoal\n|move|p1a: Koraidon|Flare Blitz|p2a: Calyrex\n|-supereffective|p2a: Calyrex\n|-crit|p2a: Calyrex\n|-damage|p2a: Calyrex|0 fnt\n|faint|p2a: Calyrex\n|-damage|p1a: Koraidon|33/100|[from] Recoil\n|\n|win|CHR1SPHX\n|raw|CHR1SPHX's rating: 1311 &rarr; <strong>1331</strong><br />(+20 for winning)\n|raw|Erseo05's rating: 1319 &rarr; <strong>1299</strong><br />(-20 for losing)\n|l|\u2606Erseo05\n|player|p2|\n","uploadtime":1772626251,"views":13,"formatid":"gen9vgc2026regi","rating":1299,"private":0,"password":null}