{"id":"gen9vgc2026regi-2558817148","format":"[Gen 9] VGC 2026 Reg I","players":["Ice124567890","TheManOfSausage"],"log":"|j|\u2606Ice124567890\n|j|\u2606TheManOfSausage\n|t:|1773488034\n|gametype|doubles\n|player|p1|Ice124567890|265|1509\n|player|p2|TheManOfSausage|miku-water|1416\n|gen|9\n|tier|[Gen 9] VGC 2026 Reg I\n|rated|\n|rule|Species Clause: Limit one of each Pok\u00e9mon\n|rule|Item Clause: Limit 1 of each item\n|clearpoke\n|poke|p1|Zacian-*, L50|\n|poke|p1|Calyrex-Shadow, L50|\n|poke|p1|Tornadus, L50, M|\n|poke|p1|Landorus, L50, M|\n|poke|p1|Urshifu-*, L50, M|\n|poke|p1|Incineroar, L50, M|\n|poke|p2|Calyrex-Shadow, L50|\n|poke|p2|Zamazenta-*, L50|\n|poke|p2|Rillaboom, L50, M|\n|poke|p2|Smeargle, L50, M|\n|poke|p2|Urshifu-*, L50, M|\n|poke|p2|Tornadus, L50, M|\n|teampreview|4\n|inactive|Battle timer is ON: inactive players will automatically lose when time's up. (requested by Ice124567890)\nTheManOfSausage has agreed to open team sheets.\n|\n|t:|1773488053\n|teamsize|p1|4\n|teamsize|p2|4\n|start\n|switch|p1a: Landorus|Landorus, L50, M|100/100\n|switch|p1b: Incineroar|Incineroar, L50, M|100/100\n|switch|p2a: Tornadus|Tornadus, L50, M|100/100\n|switch|p2b: Urshifu|Urshifu-Rapid-Strike, L50, M|100/100\n|-ability|p1b: Incineroar|Intimidate|boost\n|-unboost|p2a: Tornadus|atk|1\n|-unboost|p2b: Urshifu|atk|1\n|turn|1\n|\n|t:|1773488064\n|move|p1b: Incineroar|Fake Out|p2b: Urshifu\n|-damage|p2b: Urshifu|88/100\n|cant|p2b: Urshifu|flinch\n|move|p2a: Tornadus|Bleakwind Storm|p1b: Incineroar|[spread] p1a,p1b\n|-damage|p1a: Landorus|48/100\n|-damage|p1b: Incineroar|72/100\n|-unboost|p1b: Incineroar|spe|1\n|move|p1a: Landorus|Sludge Bomb|p2a: Tornadus\n|-damage|p2a: Tornadus|44/100\n|\n|upkeep\n|turn|2\n|\n|t:|1773488083\n|move|p2a: Tornadus|Tailwind|p2a: Tornadus\n|-sidestart|p2: TheManOfSausage|move: Tailwind\n|move|p2b: Urshifu|Surging Strikes|p1b: Incineroar\n|-supereffective|p1b: Incineroar\n|-crit|p1b: Incineroar\n|-damage|p1b: Incineroar|35/100\n|-supereffective|p1b: Incineroar\n|-crit|p1b: Incineroar\n|-damage|p1b: Incineroar|0 fnt\n|faint|p1b: Incineroar\n|-hitcount|p1: Incineroar|2\n|move|p1a: Landorus|Sludge Bomb|p2a: Tornadus\n|-damage|p2a: Tornadus|0 fnt\n|faint|p2a: Tornadus\n|\n|upkeep\n|\n|t:|1773488089\n|switch|p2a: Rice Shower|Calyrex-Shadow, L50|100/100\n|switch|p1b: Zacian|Zacian-Crowned, L50|100/100\n|-ability|p2a: Rice Shower|As One\n|-ability|p2a: Rice Shower|Unnerve\n|-ability|p1b: Zacian|Intrepid Sword|boost\n|-boost|p1b: Zacian|atk|1\n|turn|3\n|\n|t:|1773488097\n|-terastallize|p2b: Urshifu|Water\n|move|p1a: Landorus|Protect|p1a: Landorus\n|-singleturn|p1a: Landorus|Protect\n|move|p2b: Urshifu|Surging Strikes|p1b: Zacian\n|-crit|p1b: Zacian\n|-damage|p1b: Zacian|76/100\n|-crit|p1b: Zacian\n|-damage|p1b: Zacian|51/100\n|-crit|p1b: Zacian\n|-damage|p1b: Zacian|27/100\n|-hitcount|p1b: Zacian|3\n|move|p2a: Rice Shower|Astral Barrage|p1b: Zacian|[spread] p1b\n|-activate|p1a: Landorus|move: Protect\n|-damage|p1b: Zacian|0 fnt\n|faint|p1b: Zacian\n|-ability|p2a: Rice Shower|Grim Neigh|boost\n|-boost|p2a: Rice Shower|spa|1\n|-damage|p2a: Rice Shower|91/100|[from] item: Life Orb\n|\n|upkeep\n|\n|t:|1773488098\n|switch|p1b: Calyrex|Calyrex-Shadow, L50|100/100\n|-ability|p1b: Calyrex|As One\n|-ability|p1b: Calyrex|Unnerve\n|turn|4\n|\n|t:|1773488106\n|move|p1b: Calyrex|Protect|p1b: Calyrex\n|-singleturn|p1b: Calyrex|Protect\n|move|p1a: Landorus|Protect|p1a: Landorus\n|-singleturn|p1a: Landorus|Protect\n|move|p2b: Urshifu|Surging Strikes|p1b: Calyrex\n|-crit|p1b: Calyrex\n|-damage|p1b: Calyrex|66/100\n|-crit|p1b: Calyrex\n|-damage|p1b: Calyrex|29/100\n|-crit|p1b: Calyrex\n|-damage|p1b: Calyrex|0 fnt\n|faint|p1b: Calyrex\n|-hitcount|p1: Calyrex|3\n|move|p2a: Rice Shower|Astral Barrage|p1a: Landorus\n|-activate|p1a: Landorus|move: Protect\n|\n|upkeep\n|turn|5\n|c|\u2606TheManOfSausage|gg\n|-message|Ice124567890 forfeited.\n|\n|win|TheManOfSausage\n|raw|Ice124567890's rating: 1509 &rarr; <strong>1484</strong><br />(-25 for losing)\n|raw|TheManOfSausage's rating: 1416 &rarr; <strong>1441</strong><br />(+25 for winning)\n|l|\u2606Ice124567890\n|player|p1|\n|l|\u2606TheManOfSausage\n|player|p2|\n","uploadtime":1773488372,"views":16,"formatid":"gen9vgc2026regi","rating":1441,"private":0,"password":null}