{"id":"gen9vgc2026regi-2568491994","format":"[Gen 9] VGC 2026 Reg I","players":["tuzi_19","TheNamesBetty"],"log":"|j|\u2606tuzi_19\n|j|\u2606TheNamesBetty\n|t:|1774585034\n|gametype|doubles\n|player|p1|tuzi_19|fantina|1222\n|player|p2|TheNamesBetty|koga|1257\n|gen|9\n|tier|[Gen 9] VGC 2026 Reg I\n|rated|\n|rule|Species Clause: Limit one of each Pok\u00e9mon\n|rule|Item Clause: Limit 1 of each item\n|clearpoke\n|poke|p1|Whimsicott, L50, F|\n|poke|p1|Urshifu-*, L50, M|\n|poke|p1|Ursaluna, L50, F|\n|poke|p1|Miraidon, L50|\n|poke|p1|Lunala, L50|\n|poke|p1|Incineroar, L50, F|\n|poke|p2|Tornadus, L50, M|\n|poke|p2|Calyrex-Shadow, L50|\n|poke|p2|Indeedee-F, L50, F|\n|poke|p2|Dragonite, L50, F|\n|poke|p2|Zamazenta-*, L50|\n|poke|p2|Cramorant, L50, F|\n|teampreview|4\nTheNamesBetty has agreed to open team sheets.\ntuzi_19 has agreed to open team sheets.\n|showteam|p1|Whimsicott||CovertCloak|Prankster|Moonblast,Tailwind,LightScreen,Encore|||F|||50|,,,,,Water]Urshifu-Rapid-Strike||ChoiceBand|UnseenFist|SurgingStrikes,Uturn,AquaJet,CloseCombat|||M|||50|,,,,,Ghost]Ursaluna||FlameOrb|Guts|Facade,HeadlongRush,Earthquake,Protect|||F|||50|,,,,,Ghost]Miraidon||ChoiceSpecs|HadronEngine|ElectroDrift,VoltSwitch,DracoMeteor,DazzlingGleam||||||50|,,,,,Fairy]Lunala||ElectricSeed|ShadowShield|TrickRoom,Moonblast,WideGuard,MoongeistBeam||||||50|,,,,,Fairy]Incineroar||AssaultVest|Intimidate|Uturn,KnockOff,FlareBlitz,FakeOut|||F|||50|,,,,,Bug\n|showteam|p2|Tornadus||FocusSash|Prankster|Tailwind,RainDance,BleakwindStorm,Taunt|||M|||50|,,,,,Ghost]Calyrex-Shadow||LifeOrb|AsOneSpectrier|AstralBarrage,DarkPulse,Encore,Psychic||||||50|,,,,,Dark]Indeedee-F||SafetyGoggles|PsychicSurge|Psychic,HelpingHand,FollowMe,FakeOut|||F|||50|,,,,,Fairy]Dragonite||ChoiceBand|InnerFocus|ExtremeSpeed,Outrage,RockSlide,BreakingSwipe|||F|||50|,,,,,Normal]Zamazenta-Crowned||RustedShield|DauntlessShield|BodyPress,WideGuard,HeavySlam,IronDefense||||||50|,,,,,Fighting]Cramorant||ChoiceScarf|GulpMissile|Surf,FeatherDance,BraveBird,ThroatChop|||F|||50|,,,,,Dark\n|\n|t:|1774585089\n|teamsize|p1|4\n|teamsize|p2|4\n|start\n|switch|p1a: Miraidon|Miraidon, L50|100/100\n|switch|p1b: Whimsicott|Whimsicott, L50, F|100/100\n|switch|p2a: Leti\u0161t\u011b|Tornadus, L50, M|100/100\n|switch|p2b: Motor\u00e1\u010dek|Dragonite, L50, F|100/100\n|-fieldstart|move: Electric Terrain|[from] ability: Hadron Engine|[of] p1a: Miraidon\n|turn|1\n|\n|t:|1774585112\n|-terastallize|p2b: Motor\u00e1\u010dek|Normal\n|move|p2b: Motor\u00e1\u010dek|Extreme Speed|p1a: Miraidon\n|-damage|p1a: Miraidon|32/100\n|move|p2a: Leti\u0161t\u011b|Tailwind|p2a: Leti\u0161t\u011b\n|-sidestart|p2: TheNamesBetty|move: Tailwind\n|move|p1b: Whimsicott|Tailwind|p1b: Whimsicott\n|-sidestart|p1: tuzi_19|move: Tailwind\n|move|p1a: Miraidon|Volt Switch|p2a: Leti\u0161t\u011b\n|-supereffective|p2a: Leti\u0161t\u011b\n|-enditem|p2a: Leti\u0161t\u011b|Focus Sash\n|-damage|p2a: Leti\u0161t\u011b|1/100\n|\n|t:|1774585126\n|switch|p1a: Lunala|Lunala, L50|100/100|[from] Volt Switch\n|-enditem|p1a: Lunala|Electric Seed\n|-boost|p1a: Lunala|def|1|[from] item: Electric Seed\n|\n|upkeep\n|turn|2\n|\n|t:|1774585144\n|move|p1a: Lunala|Wide Guard|p1a: Lunala\n|-singleturn|p1a: Lunala|Wide Guard\n|move|p2b: Motor\u00e1\u010dek|Extreme Speed|p1b: Whimsicott\n|-damage|p1b: Whimsicott|41/100\n|move|p2a: Leti\u0161t\u011b|Taunt|p1a: Lunala\n|-start|p1a: Lunala|move: Taunt\n|move|p1b: Whimsicott|Moonblast|p2a: Leti\u0161t\u011b\n|-damage|p2a: Leti\u0161t\u011b|0 fnt\n|faint|p2a: Leti\u0161t\u011b\n|\n|upkeep\n|\n|t:|1774585156\n|switch|p2a: Kedluben na Koni|Calyrex-Shadow, L50|100/100\n|-ability|p2a: Kedluben na Koni|As One\n|-ability|p2a: Kedluben na Koni|Unnerve\n|turn|3\n|\n|t:|1774585195\n|switch|p2b: Pesa|Zamazenta-Crowned, L50|100/100\n|-ability|p2b: Pesa|Dauntless Shield|boost\n|-boost|p2b: Pesa|def|1\n|-terastallize|p1a: Lunala|Fairy\n|move|p1b: Whimsicott|Light Screen|p1b: Whimsicott\n|-sidestart|p1: tuzi_19|move: Light Screen\n|move|p2a: Kedluben na Koni|Astral Barrage|p1a: Lunala|[spread] p1a,p1b\n|-damage|p1a: Lunala|85/100\n|-damage|p1b: Whimsicott|0 fnt\n|faint|p1b: Whimsicott\n|-ability|p2a: Kedluben na Koni|Grim Neigh|boost\n|-boost|p2a: Kedluben na Koni|spa|1\n|-damage|p2a: Kedluben na Koni|91/100|[from] item: Life Orb\n|move|p1a: Lunala|Moongeist Beam|p2a: Kedluben na Koni\n|-supereffective|p2a: Kedluben na Koni\n|-damage|p2a: Kedluben na Koni|0 fnt\n|faint|p2a: Kedluben na Koni\n|\n|upkeep\n|\n|t:|1774585223\n|switch|p2a: Motor\u00e1\u010dek|Dragonite, L50, F, tera:Normal|100/100\n|switch|p1b: Miraidon|Miraidon, L50|32/100\n|-activate|p1b: Miraidon|ability: Hadron Engine\n|turn|4\n|\n|t:|1774585242\n|switch|p1a: Urshifu|Urshifu-Rapid-Strike, L50, M|100/100\n|move|p2a: Motor\u00e1\u010dek|Extreme Speed|p1b: Miraidon\n|-damage|p1b: Miraidon|0 fnt\n|faint|p1b: Miraidon\n|move|p2b: Pesa|Heavy Slam|p1a: Urshifu\n|-resisted|p1a: Urshifu\n|-damage|p1a: Urshifu|76/100\n|\n|-sideend|p2: TheNamesBetty|move: Tailwind\n|-sideend|p1: tuzi_19|move: Tailwind\n|upkeep\n|\n|t:|1774585248\n|switch|p1b: Lunala|Lunala, L50, tera:Fairy|85/100\n|turn|5\n|\n|t:|1774585269\n|move|p2a: Motor\u00e1\u010dek|Extreme Speed|p1a: Urshifu\n|-damage|p1a: Urshifu|4/100\n|move|p2b: Pesa|Heavy Slam|p1b: Lunala\n|-supereffective|p1b: Lunala\n|-damage|p1b: Lunala|11/100\n|move|p1a: Urshifu|Surging Strikes|p2b: Pesa\n|-crit|p2b: Pesa\n|-damage|p2b: Pesa|79/100\n|-crit|p2b: Pesa\n|-damage|p2b: Pesa|59/100\n|-crit|p2b: Pesa\n|-damage|p2b: Pesa|37/100\n|-hitcount|p2b: Pesa|3\n|move|p1b: Lunala|Moonblast|p2a: Motor\u00e1\u010dek\n|-damage|p2a: Motor\u00e1\u010dek|35/100\n|\n|-fieldend|move: Electric Terrain\n|upkeep\n|turn|6\n|\n|t:|1774585287\n|move|p2a: Motor\u00e1\u010dek|Extreme Speed|p1a: Urshifu\n|-damage|p1a: Urshifu|0 fnt\n|faint|p1a: Urshifu\n|move|p2b: Pesa|Heavy Slam|p1b: Lunala\n|-supereffective|p1b: Lunala\n|-damage|p1b: Lunala|0 fnt\n|faint|p1b: Lunala\n|\n|win|TheNamesBetty\n|raw|tuzi_19's rating: 1222 &rarr; <strong>1200</strong><br />(-22 for losing)\n|raw|TheNamesBetty's rating: 1257 &rarr; <strong>1279</strong><br />(+22 for winning)\n|l|\u2606TheNamesBetty\n|player|p2|\n|l|\u2606tuzi_19\n|player|p1|\n","uploadtime":1774585516,"views":10,"formatid":"gen9vgc2026regi","rating":1200,"private":0,"password":null}