{"id":"gen9vgc2026regi-2575692250","format":"[Gen 9] VGC 2026 Reg I","players":["Fgiu","sheevpprague"],"log":"|j|\u2606Fgiu\n|j|\u2606sheevpprague\n|t:|1775388804\n|gametype|doubles\n|player|p1|Fgiu|265|1151\n|player|p2|sheevpprague|2|1295\n|gen|9\n|tier|[Gen 9] VGC 2026 Reg I\n|rated|\n|rule|Species Clause: Limit one of each Pok\u00e9mon\n|rule|Item Clause: Limit 1 of each item\n|clearpoke\n|poke|p1|Eternatus, L50|\n|poke|p1|Urshifu-*, L50, M|\n|poke|p1|Incineroar, L50, M|\n|poke|p1|Lunala, L50|\n|poke|p1|Glimmora, L50, M|\n|poke|p1|Rillaboom, L50, F|\n|poke|p2|Koraidon, L50|\n|poke|p2|Calyrex-Ice, L50|\n|poke|p2|Brute Bonnet, L50|\n|poke|p2|Heatran, L50, F|\n|poke|p2|Walking Wake, L50|\n|teampreview|4\n|\n|t:|1775388831\n|teamsize|p1|4\n|teamsize|p2|4\n|start\n|switch|p1a: Eternatus|Eternatus, L50|100/100\n|switch|p1b: Glimmora|Glimmora, L50, M|100/100\n|switch|p2a: Brute Bonnet|Brute Bonnet, L50|100/100\n|switch|p2b: Heatran|Heatran, L50, F|100/100\n|-ability|p1a: Eternatus|Pressure\n|turn|1\n|\n|t:|1775388878\n|move|p2b: Heatran|Protect|p2b: Heatran\n|-singleturn|p2b: Heatran|Protect\n|move|p1a: Eternatus|Cosmic Power|p1a: Eternatus\n|-boost|p1a: Eternatus|def|1\n|-boost|p1a: Eternatus|spd|1\n|move|p1b: Glimmora|Earth Power|p2b: Heatran\n|-activate|p2b: Heatran|move: Protect\n|move|p2a: Brute Bonnet|Spore|p1a: Eternatus\n|-status|p1a: Eternatus|slp|[from] move: Spore\n|\n|upkeep\n|turn|2\n|\n|t:|1775388896\n|cant|p1a: Eternatus|slp\n|move|p1b: Glimmora|Earth Power|p2b: Heatran\n|-supereffective|p2b: Heatran\n|-damage|p2b: Heatran|0 fnt\n|faint|p2b: Heatran\n|move|p2a: Brute Bonnet|Spore|p1b: Glimmora\n|-status|p1b: Glimmora|slp|[from] move: Spore\n|\n|upkeep\n|\n|t:|1775388901\n|switch|p2b: Walking Wake|Walking Wake, L50|100/100\n|turn|3\n|\n|t:|1775388919\n|-end|p2a: Brute Bonnet|Protosynthesis|[silent]\n|switch|p2a: Koraidon|Koraidon, L50|100/100\n|-weather|SunnyDay|[from] ability: Orichalcum Pulse|[of] p2a: Koraidon\n|-activate|p2b: Walking Wake|ability: Protosynthesis\n|-start|p2b: Walking Wake|protosynthesisspa\n|-activate|p2a: Koraidon|Orichalcum Pulse|[source]\n|-terastallize|p1a: Eternatus|Steel\n|move|p2b: Walking Wake|Draco Meteor|p1a: Eternatus\n|-resisted|p1a: Eternatus\n|-damage|p1a: Eternatus|74/100 slp\n|-unboost|p2b: Walking Wake|spa|2\n|cant|p1a: Eternatus|slp\n|cant|p1b: Glimmora|slp\n|\n|-weather|SunnyDay|[upkeep]\n|upkeep\n|turn|4\n|\n|t:|1775388954\n|-end|p2b: Walking Wake|Protosynthesis|[silent]\n|switch|p2b: Brute Bonnet|Brute Bonnet, L50|100/100\n|-activate|p2b: Brute Bonnet|ability: Protosynthesis\n|-start|p2b: Brute Bonnet|protosynthesisdef\n|-terastallize|p2a: Koraidon|Fire\n|cant|p1a: Eternatus|slp\n|move|p2a: Koraidon|Flame Charge|p1a: Eternatus\n|-supereffective|p1a: Eternatus\n|-damage|p1a: Eternatus|17/100 slp\n|-boost|p2a: Koraidon|spe|1\n|-curestatus|p1b: Glimmora|slp|[msg]\n|move|p1b: Glimmora|Mortal Spin|p2b: Brute Bonnet|[spread] p2a,p2b\n|-supereffective|p2b: Brute Bonnet\n|-damage|p2a: Koraidon|97/100\n|-damage|p2b: Brute Bonnet|97/100\n|-status|p2a: Koraidon|psn\n|-status|p2b: Brute Bonnet|psn\n|\n|-weather|SunnyDay|[upkeep]\n|-damage|p2a: Koraidon|85/100 psn|[from] psn\n|-damage|p2b: Brute Bonnet|84/100 psn|[from] psn\n|upkeep\n|turn|5\n|\n|t:|1775388987\n|switch|p1a: Incineroar|Incineroar, L50, M|100/100\n|-ability|p1a: Incineroar|Intimidate|boost\n|-fail|p2a: Koraidon|unboost|[from] item: Clear Amulet|[of] p2a: Koraidon\n|-unboost|p2b: Brute Bonnet|atk|1\n|move|p2a: Koraidon|Protect|p2a: Koraidon\n|-singleturn|p2a: Koraidon|Protect\n|move|p1b: Glimmora|Earth Power|p2a: Koraidon\n|-activate|p2a: Koraidon|move: Protect\n|move|p2b: Brute Bonnet|Spore|p1b: Glimmora\n|-status|p1b: Glimmora|slp|[from] move: Spore\n|\n|-weather|SunnyDay|[upkeep]\n|-damage|p2a: Koraidon|73/100 psn|[from] psn\n|-damage|p2b: Brute Bonnet|72/100 psn|[from] psn\n|upkeep\n|turn|6\n|\n|t:|1775389014\n|move|p2a: Koraidon|Low Kick|p1a: Incineroar\n|-supereffective|p1a: Incineroar\n|-damage|p1a: Incineroar|0 fnt\n|faint|p1a: Incineroar\n|cant|p1b: Glimmora|slp\n|move|p2b: Brute Bonnet|Spore|p1b: Glimmora\n|-fail|p1b: Glimmora|slp\n|\n|-weather|SunnyDay|[upkeep]\n|-damage|p2a: Koraidon|60/100 psn|[from] psn\n|-damage|p2b: Brute Bonnet|60/100 psn|[from] psn\n|upkeep\n|\n|t:|1775389030\n|switch|p1a: Lunala|Lunala, L50|100/100\n|turn|7\n|\n|t:|1775389042\n|move|p1a: Lunala|Protect|p1a: Lunala\n|-singleturn|p1a: Lunala|Protect\n|move|p2b: Brute Bonnet|Sucker Punch||[still]\n|-fail|p2b: Brute Bonnet\n|move|p2a: Koraidon|Flare Blitz|p1a: Lunala\n|-activate|p1a: Lunala|move: Protect\n|-curestatus|p1b: Glimmora|slp|[msg]\n|move|p1b: Glimmora|Power Gem|p2a: Koraidon\n|-supereffective|p2a: Koraidon\n|-damage|p2a: Koraidon|0 fnt\n|faint|p2a: Koraidon\n|\n|-weather|none\n|-end|p2b: Brute Bonnet|Protosynthesis\n|-damage|p2b: Brute Bonnet|47/100 psn|[from] psn\n|upkeep\n|-enditem|p2b: Brute Bonnet|Sitrus Berry|[eat]\n|-heal|p2b: Brute Bonnet|72/100 psn|[from] item: Sitrus Berry\n|\n|t:|1775389044\n|switch|p2a: Walking Wake|Walking Wake, L50|100/100\n|turn|8\n|\n|t:|1775389090\n|switch|p1a: Eternatus|Eternatus, L50, tera:Steel|17/100 slp\n|-ability|p1a: Eternatus|Pressure\n|move|p2a: Walking Wake|Hydro Steam|p1b: Glimmora\n|-supereffective|p1b: Glimmora\n|-enditem|p1b: Glimmora|Focus Sash\n|-damage|p1b: Glimmora|1/100\n|move|p1b: Glimmora|Mortal Spin|p2b: Brute Bonnet|[spread] p2a,p2b\n|-supereffective|p2b: Brute Bonnet\n|-damage|p2a: Walking Wake|95/100\n|-damage|p2b: Brute Bonnet|67/100 psn\n|-status|p2a: Walking Wake|psn\n|move|p2b: Brute Bonnet|Spore|p1a: Eternatus\n|-fail|p1a: Eternatus|slp\n|\n|-damage|p2a: Walking Wake|83/100 psn|[from] psn\n|-damage|p2b: Brute Bonnet|54/100 psn|[from] psn\n|upkeep\n|turn|9\n|\n|t:|1775389116\n|move|p1b: Glimmora|Spiky Shield|p1b: Glimmora\n|-singleturn|p1b: Glimmora|move: Protect\n|move|p2b: Brute Bonnet|Sucker Punch|p1a: Eternatus\n|-damage|p1a: Eternatus|4/100 slp\n|move|p2a: Walking Wake|Hydro Steam|p1b: Glimmora\n|-activate|p1b: Glimmora|move: Protect\n|-curestatus|p1a: Eternatus|slp|[msg]\n|move|p1a: Eternatus|Fire Spin|p2b: Brute Bonnet\n|-supereffective|p2b: Brute Bonnet\n|-damage|p2b: Brute Bonnet|38/100 psn\n|-activate|p2b: Brute Bonnet|move: Fire Spin|[of] p1a: Eternatus\n|\n|-damage|p2a: Walking Wake|71/100 psn|[from] psn\n|-damage|p2b: Brute Bonnet|25/100 psn|[from] psn\n|-damage|p2b: Brute Bonnet|9/100 psn|[from] move: Fire Spin|[partiallytrapped]\n|upkeep\n|turn|10\n|\n|t:|1775389133\n|move|p1a: Eternatus|Protect|p1a: Eternatus\n|-singleturn|p1a: Eternatus|Protect\n|move|p2b: Brute Bonnet|Sucker Punch||[still]\n|-fail|p2b: Brute Bonnet\n|move|p2a: Walking Wake|Hydro Steam|p1b: Glimmora\n|-supereffective|p1b: Glimmora\n|-damage|p1b: Glimmora|0 fnt\n|faint|p1b: Glimmora\n|\n|-damage|p2a: Walking Wake|59/100 psn|[from] psn\n|-damage|p2b: Brute Bonnet|0 fnt|[from] psn\n|faint|p2b: Brute Bonnet\n|-end|p2b: Brute Bonnet|Protosynthesis|[silent]\n|upkeep\n|\n|t:|1775389141\n|switch|p1b: Lunala|Lunala, L50|100/100\n|turn|11\n|\n|t:|1775389149\n|move|p2a: Walking Wake|Hydro Steam|p1b: Lunala\n|-damage|p1b: Lunala|81/100\n|move|p1a: Eternatus|Fire Spin|p2a: Walking Wake\n|-resisted|p2a: Walking Wake\n|-damage|p2a: Walking Wake|56/100 psn\n|-activate|p2a: Walking Wake|move: Fire Spin|[of] p1a: Eternatus\n|move|p1b: Lunala|Dazzling Gleam|p2a: Walking Wake\n|-supereffective|p2a: Walking Wake\n|-damage|p2a: Walking Wake|0 fnt\n|faint|p2a: Walking Wake\n|-end|p2a: Walking Wake|Protosynthesis|[silent]\n|\n|win|Fgiu\n|raw|Fgiu's rating: 1151 &rarr; <strong>1186</strong><br />(+35 for winning)\n|raw|sheevpprague's rating: 1295 &rarr; <strong>1260</strong><br />(-35 for losing)\n|l|\u2606sheevpprague\n|player|p2|\n","uploadtime":1775389164,"views":8,"formatid":"gen9vgc2026regi","rating":1186,"private":0,"password":null}