{"id":"gen9vgc2026regi-2551095197","format":"[Gen 9] VGC 2026 Reg I","players":["Pokemonst3r","kojimuranishi"],"log":"|j|\u2606Pokemonst3r\n|j|\u2606kojimuranishi\n|t:|1772564348\n|gametype|doubles\n|player|p1|Pokemonst3r|170|1455\n|player|p2|kojimuranishi|1|1575\n|gen|9\n|tier|[Gen 9] VGC 2026 Reg I\n|rated|\n|rule|Species Clause: Limit one of each Pok\u00e9mon\n|rule|Item Clause: Limit 1 of each item\n|clearpoke\n|poke|p1|Chien-Pao, L50|\n|poke|p1|Calyrex-Shadow, L50|\n|poke|p1|Dondozo, L50, F|\n|poke|p1|Zamazenta-*, L50|\n|poke|p1|Dragonite, L50, M|\n|poke|p1|Tatsugiri, L50, F|\n|poke|p2|Raging Bolt, L50|\n|poke|p2|Calyrex-Ice, L50|\n|poke|p2|Kyogre, L50|\n|poke|p2|Indeedee-F, L50, F|\n|poke|p2|Ursaluna, L50, F|\n|poke|p2|Chien-Pao, L50|\n|teampreview|4\n|inactive|Battle timer is ON: inactive players will automatically lose when time's up. (requested by Pokemonst3r)\n|\n|t:|1772564378\n|teamsize|p1|4\n|teamsize|p2|4\n|start\n|switch|p1a: Dondozo|Dondozo, L50, F|100/100\n|switch|p1b: Calyrex|Calyrex-Shadow, L50|100/100\n|switch|p2a: Calyrex|Calyrex-Ice, L50|100/100\n|switch|p2b: Kyogre|Kyogre, L50|100/100\n|-ability|p1b: Calyrex|As One\n|-ability|p1b: Calyrex|Unnerve\n|-ability|p2a: Calyrex|As One\n|-ability|p2a: Calyrex|Unnerve\n|-weather|RainDance|[from] ability: Drizzle|[of] p2b: Kyogre\n|turn|1\n|inactive|kojimuranishi has 30 seconds left.\n|\n|t:|1772564405\n|-terastallize|p2a: Calyrex|Water\n|move|p1a: Dondozo|Protect|p1a: Dondozo\n|-singleturn|p1a: Dondozo|Protect\n|move|p1b: Calyrex|Trick|p2a: Calyrex\n|-activate|p1b: Calyrex|move: Trick|[of] p2a: Calyrex\n|-item|p2a: Calyrex|Choice Scarf|[from] move: Trick\n|-item|p1b: Calyrex|Leftovers|[from] move: Trick\n|move|p2b: Kyogre|Water Spout|p1a: Dondozo|[spread] p1b\n|-activate|p1a: Dondozo|move: Protect\n|-damage|p1b: Calyrex|0 fnt\n|faint|p1b: Calyrex\n|move|p2a: Calyrex|Leech Seed|p1a: Dondozo\n|-activate|p1a: Dondozo|move: Protect\n|\n|-weather|RainDance|[upkeep]\n|upkeep\n|\n|t:|1772564419\n|switch|p1b: Tatsugiri|Tatsugiri, L50, F|100/100\n|-activate|p1b: Tatsugiri|ability: Commander|[of] p1a: Dondozo\n|-boost|p1a: Dondozo|atk|2\n|-boost|p1a: Dondozo|spa|2\n|-boost|p1a: Dondozo|spe|2\n|-boost|p1a: Dondozo|def|2\n|-boost|p1a: Dondozo|spd|2\n|turn|2\n|inactive|kojimuranishi has 30 seconds left.\n|\n|t:|1772564446\n|switch|p2b: Indeedee|Indeedee-F, L50, F|100/100\n|-fieldstart|move: Psychic Terrain|[from] ability: Psychic Surge|[of] p2b: Indeedee\n|switch|p2a: Raging Bolt|Raging Bolt, L50|100/100\n|-terastallize|p1a: Dondozo|Grass\n|move|p1a: Dondozo|Order Up|p2b: Indeedee\n|-damage|p2b: Indeedee|57/100\n|-boost|p1a: Dondozo|atk|1\n|\n|-weather|RainDance|[upkeep]\n|upkeep\n|turn|3\n|inactive|kojimuranishi has 30 seconds left.\n|\n|t:|1772564475\n|move|p1a: Dondozo|Substitute|p1a: Dondozo\n|-start|p1a: Dondozo|Substitute\n|-damage|p1a: Dondozo|75/100\n|move|p2a: Raging Bolt|Draco Meteor|p1a: Dondozo\n|-end|p1a: Dondozo|Substitute\n|-unboost|p2a: Raging Bolt|spa|2\n|-damage|p2a: Raging Bolt|91/100|[from] item: Life Orb\n|move|p2b: Indeedee|Trick Room|p2b: Indeedee\n|-fieldstart|move: Trick Room|[of] p2b: Indeedee\n|\n|-weather|RainDance|[upkeep]\n|-heal|p1a: Dondozo|82/100|[from] item: Leftovers\n|upkeep\n|turn|4\n|\n|t:|1772564490\n|switch|p2b: Calyrex|Calyrex-Ice, L50, tera:Water|100/100\n|-ability|p2b: Calyrex|As One\n|-ability|p2b: Calyrex|Unnerve\n|move|p2a: Raging Bolt|Draco Meteor|p1a: Dondozo\n|-damage|p1a: Dondozo|43/100\n|-unboost|p2a: Raging Bolt|spa|2\n|-damage|p2a: Raging Bolt|81/100|[from] item: Life Orb\n|move|p1a: Dondozo|Earthquake|p2b: Calyrex|[spread] p2a,p2b\n|-miss|p1a: Dondozo|p1b: Tatsugiri\n|-supereffective|p2a: Raging Bolt\n|-crit|p2a: Raging Bolt\n|-damage|p2a: Raging Bolt|0 fnt\n|-damage|p2b: Calyrex|69/100\n|faint|p2a: Raging Bolt\n|-end|p2a: Raging Bolt|Protosynthesis|[silent]\n|\n|-weather|RainDance|[upkeep]\n|-heal|p1a: Dondozo|49/100|[from] item: Leftovers\n|upkeep\n|\n|t:|1772564511\n|switch|p2a: Indeedee|Indeedee-F, L50, F|57/100\n|turn|5\n|\n|t:|1772564515\n|move|p2a: Indeedee|Protect|p2a: Indeedee\n|-singleturn|p2a: Indeedee|Protect\n|move|p1a: Dondozo|Protect|p1a: Dondozo\n|-singleturn|p1a: Dondozo|Protect\n|move|p2b: Calyrex|Glacial Lance|p1a: Dondozo|[spread] \n|-miss|p2b: Calyrex|p1b: Tatsugiri\n|-activate|p1a: Dondozo|move: Protect\n|\n|-weather|none\n|-heal|p1a: Dondozo|56/100|[from] item: Leftovers\n|upkeep\n|turn|6\n|\n|t:|1772564528\n|move|p2b: Calyrex|Glacial Lance|p1b: Tatsugiri|[spread] p1a\n|-miss|p2b: Calyrex|p1b: Tatsugiri\n|-supereffective|p1a: Dondozo\n|-crit|p1a: Dondozo\n|-damage|p1a: Dondozo|0 fnt\n|faint|p1a: Dondozo\n|-ability|p2b: Calyrex|Chilling Neigh|boost\n|-boost|p2b: Calyrex|atk|1\n|move|p2a: Indeedee|Psychic|p1b: Tatsugiri\n|-damage|p1b: Tatsugiri|63/100\n|\n|-fieldend|move: Psychic Terrain\n|upkeep\n|\n|t:|1772564538\n|switch|p1a: Zamazenta|Zamazenta-Crowned, L50|100/100\n|-ability|p1a: Zamazenta|Dauntless Shield|boost\n|-boost|p1a: Zamazenta|def|1\n|turn|7\n|\n|t:|1772564556\n|move|p1a: Zamazenta|Wide Guard|p1a: Zamazenta\n|-singleturn|p1a: Zamazenta|Wide Guard\n|move|p2b: Calyrex|Glacial Lance|p1b: Tatsugiri|[spread] \n|-activate|p1a: Zamazenta|move: Wide Guard\n|-activate|p1b: Tatsugiri|move: Wide Guard\n|move|p2a: Indeedee|Psychic|p1b: Tatsugiri\n|-damage|p1b: Tatsugiri|35/100\n|move|p1b: Tatsugiri|Muddy Water|p2b: Calyrex|[spread] p2a,p2b\n|-resisted|p2b: Calyrex\n|-crit|p2b: Calyrex\n|-damage|p2a: Indeedee|28/100\n|-damage|p2b: Calyrex|54/100\n|\n|-fieldend|move: Trick Room\n|upkeep\n|turn|8\n|\n|t:|1772564580\n|move|p2a: Indeedee|Protect|p2a: Indeedee\n|-singleturn|p2a: Indeedee|Protect\n|move|p1a: Zamazenta|Wide Guard|p1a: Zamazenta\n|-singleturn|p1a: Zamazenta|Wide Guard\n|move|p1b: Tatsugiri|Muddy Water|p2a: Indeedee|[spread] p2b\n|-activate|p2a: Indeedee|move: Protect\n|-resisted|p2b: Calyrex\n|-damage|p2b: Calyrex|45/100\n|move|p2b: Calyrex|Glacial Lance|p1a: Zamazenta|[spread] \n|-activate|p1a: Zamazenta|move: Wide Guard\n|-activate|p1b: Tatsugiri|move: Wide Guard\n|\n|upkeep\n|turn|9\n|\n|t:|1772564599\n|move|p1a: Zamazenta|Body Press|p2b: Calyrex\n|-damage|p2b: Calyrex|4/100\n|move|p1b: Tatsugiri|Muddy Water|p2b: Calyrex|[spread] p2a,p2b\n|-resisted|p2b: Calyrex\n|-damage|p2a: Indeedee|0 fnt\n|-damage|p2b: Calyrex|0 fnt\n|faint|p2a: Indeedee\n|faint|p2b: Calyrex\n|\n|upkeep\n|\n|t:|1772564609\n|switch|p2a: Kyogre|Kyogre, L50|100/100\n|-weather|RainDance|[from] ability: Drizzle|[of] p2a: Kyogre\n|turn|10\n|\n|t:|1772564621\n|move|p2a: Kyogre|Hydro Pump|p1a: Zamazenta|[miss]\n|-miss|p2a: Kyogre|p1a: Zamazenta\n|move|p1a: Zamazenta|Body Press|p2a: Kyogre\n|-damage|p2a: Kyogre|18/100\n|move|p1b: Tatsugiri|Draco Meteor|p2a: Kyogre|[miss]\n|-miss|p1b: Tatsugiri|p2a: Kyogre\n|\n|-weather|RainDance|[upkeep]\n|upkeep\n|turn|11\n|-message|kojimuranishi forfeited.\n|\n|win|Pokemonst3r\n|raw|Pokemonst3r's rating: 1455 &rarr; <strong>1482</strong><br />(+27 for winning)\n|raw|kojimuranishi's rating: 1575 &rarr; <strong>1548</strong><br />(-27 for losing)\n|l|\u2606kojimuranishi\n|player|p2|\n|l|\u2606Pokemonst3r\n|player|p1|\n","uploadtime":1772564785,"views":17,"formatid":"gen9vgc2026regi","rating":1482,"private":0,"password":null}