{"id":"gen9vgc2026regi-2543472999","format":"[Gen 9] VGC 2026 Reg I","players":["Tepig_nNz_498","marcxhenry"],"log":"|j|\u2606Tepig_nNz_498\n|j|\u2606marcxhenry\n|t:|1771579975\n|gametype|doubles\n|player|p1|Tepig_nNz_498|169|1311\n|player|p2|marcxhenry|hilbert-wonderlauncher|1397\n|gen|9\n|tier|[Gen 9] VGC 2026 Reg I\n|rated|\n|rule|Species Clause: Limit one of each Pok\u00e9mon\n|rule|Item Clause: Limit 1 of each item\n|clearpoke\n|poke|p1|Calyrex-Ice, L50|\n|poke|p1|Incineroar, L50, M|\n|poke|p1|Slowking, L50, M|\n|poke|p1|Kyurem-White, L50|\n|poke|p1|Ninetales-Alola, L50, M|\n|poke|p1|Cetitan, L50, M|\n|poke|p2|Calyrex-Shadow, L50|\n|poke|p2|Urshifu-*, L50, M|\n|poke|p2|Roaring Moon, L50|\n|poke|p2|Kyogre, L50|\n|poke|p2|Tsareena, L50, F|\n|poke|p2|Kingambit, L50, M|\n|teampreview|4\n|\n|t:|1771579999\n|teamsize|p1|4\n|teamsize|p2|4\n|start\n|switch|p1a: Incineroar|Incineroar, L50, M|100/100\n|switch|p1b: Slowking|Slowking, L50, M|100/100\n|switch|p2a: Hermann|Kingambit, L50, M, shiny|100/100\n|switch|p2b: Hitmonshe|Tsareena, L50, F, shiny|100/100\n|-ability|p1a: Incineroar|Intimidate|boost\n|-unboost|p2a: Hermann|atk|1\n|-ability|p2a: Hermann|Defiant|boost\n|-boost|p2a: Hermann|atk|2\n|-unboost|p2b: Hitmonshe|atk|1\n|turn|1\n|\n|t:|1771580017\n|-terastallize|p1b: Slowking|Ground\n|move|p2b: Hitmonshe|Taunt|p1b: Slowking\n|-immune|p1b: Slowking|[from] ability: Oblivious\n|move|p1a: Incineroar|Will-O-Wisp|p2a: Hermann\n|-status|p2a: Hermann|brn\n|move|p2a: Hermann|Brick Break|p1a: Incineroar\n|-supereffective|p1a: Incineroar\n|-damage|p1a: Incineroar|63/100\n|move|p1b: Slowking|Trick Room|p1b: Slowking\n|-fieldstart|move: Trick Room|[of] p1b: Slowking\n|\n|-damage|p2a: Hermann|95/100 brn|[from] brn\n|upkeep\n|turn|2\n|\n|t:|1771580040\n|-prepare|p1b: Slowking|Chilly Reception|[premajor]\n|move|p1b: Slowking|Chilly Reception|p1b: Slowking\n|-weather|Snowscape\n|\n|t:|1771580044\n|switch|p1b: Calyrex|Calyrex-Ice, L50|100/100|[from] Chilly Reception\n|-ability|p1b: Calyrex|As One\n|-ability|p1b: Calyrex|Unnerve\n|move|p2a: Hermann|Kowtow Cleave|p1b: Calyrex\n|-supereffective|p1b: Calyrex\n|-damage|p1b: Calyrex|72/100\n|move|p1a: Incineroar|Knock Off|p2b: Hitmonshe\n|-damage|p2b: Hitmonshe|58/100\n|-enditem|p2b: Hitmonshe|Wide Lens|[from] move: Knock Off|[of] p1a: Incineroar\n|move|p2b: Hitmonshe|Power Whip|p1b: Calyrex\n|-damage|p1b: Calyrex|54/100\n|\n|-weather|Snowscape|[upkeep]\n|-damage|p2a: Hermann|89/100 brn|[from] brn\n|upkeep\n|turn|3\n|\n|t:|1771580078\n|move|p2b: Hitmonshe|Protect|p2b: Hitmonshe\n|-singleturn|p2b: Hitmonshe|Protect\n|move|p1b: Calyrex|Glacial Lance|p2a: Hermann|[spread] p2a\n|-activate|p2b: Hitmonshe|move: Protect\n|-resisted|p2a: Hermann\n|-damage|p2a: Hermann|67/100 brn\n|move|p2a: Hermann|Iron Head|p1b: Calyrex\n|-supereffective|p1b: Calyrex\n|-damage|p1b: Calyrex|24/100\n|move|p1a: Incineroar|Knock Off|p2a: Hermann\n|-resisted|p2a: Hermann\n|-damage|p2a: Hermann|52/100 brn\n|-enditem|p2a: Hermann|Assault Vest|[from] move: Knock Off|[of] p1a: Incineroar\n|\n|-weather|Snowscape|[upkeep]\n|-damage|p2a: Hermann|46/100 brn|[from] brn\n|upkeep\n|turn|4\n|\n|t:|1771580108\n|switch|p2b: Tripitz|Kyogre, L50, shiny|100/100\n|-weather|RainDance|[from] ability: Drizzle|[of] p2b: Tripitz\n|move|p2a: Hermann|Sucker Punch|p1b: Calyrex\n|-supereffective|p1b: Calyrex\n|-damage|p1b: Calyrex|0 fnt\n|faint|p1b: Calyrex\n|move|p1a: Incineroar|Will-O-Wisp|p2b: Tripitz\n|-status|p2b: Tripitz|brn\n|\n|-weather|RainDance|[upkeep]\n|-damage|p2a: Hermann|40/100 brn|[from] brn\n|-damage|p2b: Tripitz|94/100 brn|[from] brn\n|upkeep\n|\n|t:|1771580119\n|switch|p1b: Slowking|Slowking, L50, M, tera:Ground|100/100\n|turn|5\n|\n|t:|1771580131\n|move|p2b: Tripitz|Protect|p2b: Tripitz\n|-singleturn|p2b: Tripitz|Protect\n|-prepare|p1b: Slowking|Chilly Reception|[premajor]\n|move|p1b: Slowking|Chilly Reception|p1b: Slowking\n|-weather|Snowscape\n|\n|t:|1771580137\n|switch|p1b: Kyurem|Kyurem-White, L50|100/100|[from] Chilly Reception\n|-ability|p1b: Kyurem|Turboblaze\n|move|p2a: Hermann|Kowtow Cleave|p1b: Kyurem\n|-damage|p1b: Kyurem|79/100\n|move|p1a: Incineroar|Knock Off|p2b: Tripitz\n|-activate|p2b: Tripitz|move: Protect\n|\n|-weather|Snowscape|[upkeep]\n|-damage|p2a: Hermann|34/100 brn|[from] brn\n|-damage|p2b: Tripitz|88/100 brn|[from] brn\n|-fieldend|move: Trick Room\n|upkeep\n|turn|6\n|\n|t:|1771580159\n|switch|p2b: Hitmonshe|Tsareena, L50, F, shiny|58/100\n|move|p1b: Kyurem|Blizzard|p2a: Hermann|[spread] p2a,p2b\n|-resisted|p2a: Hermann\n|-supereffective|p2b: Hitmonshe\n|-damage|p2a: Hermann|6/100 brn\n|-damage|p2b: Hitmonshe|0 fnt\n|faint|p2b: Hitmonshe\n|move|p1a: Incineroar|Parting Shot|p2a: Hermann\n|-unboost|p2a: Hermann|atk|1\n|-ability|p2a: Hermann|Defiant|boost\n|-boost|p2a: Hermann|atk|2\n|-unboost|p2a: Hermann|spa|1\n|-ability|p2a: Hermann|Defiant|boost\n|-boost|p2a: Hermann|atk|2\n|\n|t:|1771580170\n|switch|p1a: Slowking|Slowking, L50, M, tera:Ground|100/100|[from] Parting Shot\n|move|p2a: Hermann|Iron Head|p1b: Kyurem\n|-supereffective|p1b: Kyurem\n|-damage|p1b: Kyurem|5/100\n|\n|-weather|Snowscape|[upkeep]\n|-damage|p2a: Hermann|0 fnt|[from] brn\n|faint|p2a: Hermann\n|upkeep\n|\n|t:|1771580179\n|switch|p2b: Tripitz|Kyogre, L50, shiny|88/100 brn\n|switch|p2a: Ludwig|Calyrex-Shadow, L50|100/100\n|-ability|p2a: Ludwig|As One\n|-ability|p2a: Ludwig|Unnerve\n|-weather|RainDance|[from] ability: Drizzle|[of] p2b: Tripitz\n|turn|7\n|-message|Tepig_nNz_498 forfeited.\n|\n|win|marcxhenry\n|raw|Tepig_nNz_498's rating: 1311 &rarr; <strong>1296</strong><br />(-15 for losing)\n|raw|marcxhenry's rating: 1397 &rarr; <strong>1412</strong><br />(+15 for winning)\n|l|\u2606Tepig_nNz_498\n|player|p1|\n|l|\u2606marcxhenry\n|player|p2|\n","uploadtime":1771580315,"views":12,"formatid":"gen9vgc2026regi","rating":1296,"private":0,"password":null}