{"id":"gen9vgc2026regi-2526420033","format":"[Gen 9] VGC 2026 Reg I","players":["VJ2511","no89"],"log":"|j|\u2606VJ2511\n|j|\u2606no89\n|t:|1769411490\n|gametype|doubles\n|player|p1|VJ2511|red-masters3|1298\n|player|p2|no89|pokemonbreeder-gen4|1360\n|gen|9\n|tier|[Gen 9] VGC 2026 Reg I\n|rated|\n|rule|Species Clause: Limit one of each Pok\u00e9mon\n|rule|Item Clause: Limit 1 of each item\n|clearpoke\n|poke|p1|Calyrex-Shadow, L50|\n|poke|p1|Zamazenta-*, L50|\n|poke|p1|Chien-Pao, L50|\n|poke|p1|Rillaboom, L50, F|\n|poke|p1|Amoonguss, L50, F|\n|poke|p1|Raging Bolt, L50|\n|poke|p2|Ho-Oh, L50|\n|poke|p2|Zamazenta-*, L50|\n|poke|p2|Rillaboom, L50, F|\n|poke|p2|Ogerpon-Cornerstone, L50, F|\n|poke|p2|Flutter Mane, L50|\n|poke|p2|Chi-Yu, L50|\n|teampreview|4\n|inactive|Battle timer is ON: inactive players will automatically lose when time's up. (requested by VJ2511)\n|\n|t:|1769411524\n|teamsize|p1|4\n|teamsize|p2|4\n|start\n|switch|p1a: Zamazenta|Zamazenta-Crowned, L50|100/100\n|switch|p1b: Raging Bolt|Raging Bolt, L50|100/100\n|switch|p2a: Ogerpon|Ogerpon-Cornerstone, L50, F|100/100\n|switch|p2b: Chi-Yu|Chi-Yu, L50|100/100\n|-ability|p2b: Chi-Yu|Beads of Ruin\n|-ability|p1a: Zamazenta|Dauntless Shield|boost\n|-boost|p1a: Zamazenta|def|1\n|-enditem|p1b: Raging Bolt|Booster Energy\n|-activate|p1b: Raging Bolt|ability: Protosynthesis|[fromitem]\n|-start|p1b: Raging Bolt|protosynthesisspa\n|turn|1\n|\n|t:|1769411540\n|-terastallize|p1a: Zamazenta|Water\n|move|p2a: Ogerpon|Spiky Shield|p2a: Ogerpon\n|-singleturn|p2a: Ogerpon|move: Protect\n|move|p2b: Chi-Yu|Protect|p2b: Chi-Yu\n|-singleturn|p2b: Chi-Yu|Protect\n|move|p1b: Raging Bolt|Protect|p1b: Raging Bolt\n|-singleturn|p1b: Raging Bolt|Protect\n|move|p1a: Zamazenta|Body Press|p2a: Ogerpon\n|-activate|p2a: Ogerpon|move: Protect\n|-damage|p1a: Zamazenta|88/100|[from] Spiky Shield|[of] p2a: Ogerpon\n|\n|upkeep\n|turn|2\n|\n|t:|1769411548\n|move|p1a: Zamazenta|Protect|p1a: Zamazenta\n|-singleturn|p1a: Zamazenta|Protect\n|move|p2a: Ogerpon|Wood Hammer|p1a: Zamazenta\n|-activate|p1a: Zamazenta|move: Protect\n|move|p2b: Chi-Yu|Snarl|p1b: Raging Bolt|[spread] p1b\n|-activate|p1a: Zamazenta|move: Protect\n|-damage|p1b: Raging Bolt|76/100\n|-unboost|p1b: Raging Bolt|spa|1\n|move|p1b: Raging Bolt|Thunderbolt|p2b: Chi-Yu\n|-damage|p2b: Chi-Yu|47/100\n|\n|upkeep\n|turn|3\n|\n|t:|1769411560\n|move|p2a: Ogerpon|Wood Hammer|p1a: Zamazenta\n|-supereffective|p1a: Zamazenta\n|-damage|p1a: Zamazenta|36/100\n|-damage|p2a: Ogerpon|79/100|[from] Recoil\n|move|p2b: Chi-Yu|Snarl|p1a: Zamazenta|[spread] p1a,p1b\n|-damage|p1a: Zamazenta|17/100\n|-damage|p1b: Raging Bolt|54/100\n|-unboost|p1a: Zamazenta|spa|1\n|-unboost|p1b: Raging Bolt|spa|1\n|move|p1a: Zamazenta|Body Press|p2a: Ogerpon\n|-supereffective|p2a: Ogerpon\n|-damage|p2a: Ogerpon|0 fnt\n|faint|p2a: Ogerpon\n|move|p1b: Raging Bolt|Dragon Pulse|p2b: Chi-Yu\n|-damage|p2b: Chi-Yu|7/100\n|\n|upkeep\n|\n|t:|1769411568\n|switch|p2a: Flutter Mane|Flutter Mane, L50|100/100\n|-enditem|p2a: Flutter Mane|Booster Energy\n|-activate|p2a: Flutter Mane|ability: Protosynthesis|[fromitem]\n|-start|p2a: Flutter Mane|protosynthesisspe\n|turn|4\n|\n|t:|1769411577\n|move|p1b: Raging Bolt|Thunderclap|p2b: Chi-Yu\n|-damage|p2b: Chi-Yu|0 fnt\n|faint|p2b: Chi-Yu\n|move|p2a: Flutter Mane|Moonblast|p1a: Zamazenta\n|-damage|p1a: Zamazenta|0 fnt\n|faint|p1a: Zamazenta\n|\n|upkeep\n|\n|t:|1769411585\n|switch|p2b: Ho-Oh|Ho-Oh, L50|100/100\n|switch|p1a: Chien-Pao|Chien-Pao, L50|100/100\n|-ability|p1a: Chien-Pao|Sword of Ruin\n|turn|5\n|\n|t:|1769411595\n|move|p2a: Flutter Mane|Protect|p2a: Flutter Mane\n|-singleturn|p2a: Flutter Mane|Protect\n|move|p1b: Raging Bolt|Thunderclap|p2b: Ho-Oh\n|-supereffective|p2b: Ho-Oh\n|-damage|p2b: Ho-Oh|71/100\n|move|p1a: Chien-Pao|Ice Spinner|p2b: Ho-Oh\n|-damage|p2b: Ho-Oh|14/100\n|-damage|p1a: Chien-Pao|91/100|[from] item: Life Orb\n|move|p2b: Ho-Oh|Sacred Fire|p1a: Chien-Pao\n|-supereffective|p1a: Chien-Pao\n|-damage|p1a: Chien-Pao|0 fnt\n|faint|p1a: Chien-Pao\n|\n|upkeep\n|\n|t:|1769411603\n|switch|p1a: Calyrex|Calyrex-Shadow, L50|100/100\n|-ability|p1a: Calyrex|As One\n|-ability|p1a: Calyrex|Unnerve\n|turn|6\n|\n|t:|1769411613\n|-terastallize|p2a: Flutter Mane|Fairy\n|move|p1b: Raging Bolt|Thunderclap|p2a: Flutter Mane\n|-damage|p2a: Flutter Mane|72/100\n|move|p2a: Flutter Mane|Shadow Ball|p1a: Calyrex\n|-supereffective|p1a: Calyrex\n|-enditem|p1a: Calyrex|Focus Sash\n|-damage|p1a: Calyrex|1/100\n|-unboost|p1a: Calyrex|spd|1\n|move|p1a: Calyrex|Astral Barrage|p2b: Ho-Oh|[spread] p2a,p2b\n|-damage|p2a: Flutter Mane|9/100\n|-damage|p2b: Ho-Oh|0 fnt\n|faint|p2b: Ho-Oh\n|-ability|p1a: Calyrex|Grim Neigh|boost\n|-boost|p1a: Calyrex|spa|1\n|\n|upkeep\n|turn|7\n|\n|t:|1769411628\n|move|p1b: Raging Bolt|Thunderclap|p2a: Flutter Mane\n|-damage|p2a: Flutter Mane|0 fnt\n|faint|p2a: Flutter Mane\n|-end|p2a: Flutter Mane|Protosynthesis|[silent]\n|\n|win|VJ2511\n|raw|VJ2511's rating: 1298 &rarr; <strong>1327</strong><br />(+29 for winning)\n|raw|no89's rating: 1360 &rarr; <strong>1336</strong><br />(-24 for losing)\n|l|\u2606VJ2511\n|player|p1|\n","uploadtime":1769411855,"views":12,"formatid":"gen9vgc2026regi","rating":1327,"private":0,"password":null}