{"id":"gen9vgc2026regi-2528964080","format":"[Gen 9] VGC 2026 Reg I","players":["zonavideovigilada","BellsproutFanWill"],"log":"|j|\u2606zonavideovigilada\n|j|\u203dBellsproutFanWill\n|t:|1769722204\n|gametype|doubles\n|player|p1|zonavideovigilada|2|1548\n|player|p2|BellsproutFanWill|101|1565\n|gen|9\n|tier|[Gen 9] VGC 2026 Reg I\n|rated|\n|rule|Species Clause: Limit one of each Pok\u00e9mon\n|rule|Item Clause: Limit 1 of each item\n|clearpoke\n|poke|p1|Calyrex-Shadow, L50|\n|poke|p1|Zamazenta-*, L50|\n|poke|p1|Amoonguss, L50, F|\n|poke|p1|Chi-Yu, L50|\n|poke|p1|Rillaboom, L50, M|\n|poke|p1|Chien-Pao, L50|\n|poke|p2|Terapagos, L50, M|\n|poke|p2|Rillaboom, L50, M|\n|poke|p2|Grimmsnarl, L50, M|\n|poke|p2|Incineroar, L50, M|\n|poke|p2|Chi-Yu, L50|\n|poke|p2|Calyrex-Shadow, L50|\n|teampreview|4\n|inactive|Battle timer is ON: inactive players will automatically lose when time's up. (requested by zonavideovigilada)\n|\n|t:|1769722239\n|teamsize|p1|4\n|teamsize|p2|4\n|start\n|switch|p1a: Chi-Yu|Chi-Yu, L50|100/100\n|switch|p1b: Zamazenta|Zamazenta-Crowned, L50|100/100\n|switch|p2a: Terapagos|Terapagos, L50, M|100/100\n|switch|p2b: Chi-Yu|Chi-Yu, L50|100/100\n|-activate|p2a: Terapagos|ability: Tera Shift\n|detailschange|p2a: Terapagos|Terapagos-Terastal, L50, M\n|-heal|p2a: Terapagos|100/100|[silent]\n|-ability|p1a: Chi-Yu|Beads of Ruin\n|-ability|p2b: Chi-Yu|Beads of Ruin\n|-ability|p1b: Zamazenta|Dauntless Shield|boost\n|-boost|p1b: Zamazenta|def|1\n|turn|1\n|\n|t:|1769722257\n|switch|p2a: Grimmsnarl|Grimmsnarl, L50, M|100/100\n|move|p1b: Zamazenta|Protect|p1b: Zamazenta\n|-singleturn|p1b: Zamazenta|Protect\n|move|p1a: Chi-Yu|Snarl|p2b: Chi-Yu|[spread] p2a,p2b\n|-resisted|p2a: Grimmsnarl\n|-resisted|p2b: Chi-Yu\n|-crit|p2b: Chi-Yu\n|-damage|p2a: Grimmsnarl|94/100\n|-damage|p2b: Chi-Yu|77/100\n|-unboost|p2a: Grimmsnarl|spa|1\n|-unboost|p2b: Chi-Yu|spa|1\n|move|p2b: Chi-Yu|Overheat|p1b: Zamazenta\n|-activate|p1b: Zamazenta|move: Protect\n|\n|upkeep\n|turn|2\n|inactive|zonavideovigilada has 30 seconds left.\n|\n|t:|1769722283\n|-terastallize|p1b: Zamazenta|Dragon\n|move|p2a: Grimmsnarl|Reflect|p2a: Grimmsnarl\n|-sidestart|p2: BellsproutFanWill|Reflect\n|move|p2b: Chi-Yu|Overheat|p1b: Zamazenta\n|-resisted|p1b: Zamazenta\n|-damage|p1b: Zamazenta|78/100\n|-unboost|p2b: Chi-Yu|spa|2\n|move|p1a: Chi-Yu|Snarl|p2a: Grimmsnarl|[spread] p2a,p2b\n|-resisted|p2a: Grimmsnarl\n|-resisted|p2b: Chi-Yu\n|-damage|p2a: Grimmsnarl|86/100\n|-damage|p2b: Chi-Yu|64/100\n|-unboost|p2a: Grimmsnarl|spa|1\n|-unboost|p2b: Chi-Yu|spa|1\n|move|p1b: Zamazenta|Heavy Slam|p2a: Grimmsnarl\n|-supereffective|p2a: Grimmsnarl\n|-damage|p2a: Grimmsnarl|30/100\n|\n|upkeep\n|turn|3\n|inactive|zonavideovigilada has 30 seconds left.\n|inactive|BellsproutFanWill has 30 seconds left.\n|\n|t:|1769722311\n|move|p2a: Grimmsnarl|Thunder Wave|p1b: Zamazenta\n|-status|p1b: Zamazenta|par\n|move|p1a: Chi-Yu|Snarl|p2a: Grimmsnarl|[spread] p2a,p2b\n|-resisted|p2a: Grimmsnarl\n|-resisted|p2b: Chi-Yu\n|-damage|p2a: Grimmsnarl|22/100\n|-damage|p2b: Chi-Yu|50/100\n|-unboost|p2a: Grimmsnarl|spa|1\n|-unboost|p2b: Chi-Yu|spa|1\n|move|p2b: Chi-Yu|Overheat|p1a: Chi-Yu\n|-resisted|p1a: Chi-Yu\n|-damage|p1a: Chi-Yu|87/100\n|-unboost|p2b: Chi-Yu|spa|1\n|cant|p1b: Zamazenta|par\n|\n|upkeep\n|turn|4\n|\n|t:|1769722328\n|switch|p2b: Terapagos|Terapagos-Terastal, L50, M|100/100\n|move|p1a: Chi-Yu|Snarl|p2a: Grimmsnarl|[spread] p2a,p2b\n|-resisted|p2a: Grimmsnarl\n|-activate|p2b: Terapagos|ability: Tera Shell\n|-resisted|p2b: Terapagos\n|-damage|p2a: Grimmsnarl|15/100\n|-damage|p2b: Terapagos|86/100\n|-unboost|p2a: Grimmsnarl|spa|1\n|-unboost|p2b: Terapagos|spa|1\n|move|p1b: Zamazenta|Body Press|p2a: Grimmsnarl\n|-damage|p2a: Grimmsnarl|0 fnt\n|faint|p2a: Grimmsnarl\n|\n|-heal|p2b: Terapagos|92/100|[from] item: Leftovers\n|upkeep\n|\n|t:|1769722342\n|switch|p2a: Chi-Yu|Chi-Yu, L50|50/100\n|-ability|p2a: Chi-Yu|Beads of Ruin\n|turn|5\n|\n|t:|1769722356\n|-terastallize|p2b: Terapagos|Stellar\n|detailschange|p2b: Terapagos|Terapagos-Stellar, L50, M, tera:Stellar\n|-heal|p2b: Terapagos|94/100|[silent]\n|move|p1a: Chi-Yu|Snarl|p2a: Chi-Yu|[spread] p2b\n|-miss|p1a: Chi-Yu|p2a: Chi-Yu\n|-damage|p2b: Terapagos|73/100\n|-unboost|p2b: Terapagos|spa|1\n|move|p2a: Chi-Yu|Ruination|p1b: Zamazenta|[miss]\n|-miss|p2a: Chi-Yu|p1b: Zamazenta\n|move|p2b: Terapagos|Tera Starstorm|p1a: Chi-Yu|[spread] p1a,p1b\n|-crit|p1a: Chi-Yu\n|-supereffective|p1b: Zamazenta\n|-damage|p1a: Chi-Yu|28/100\n|-damage|p1b: Zamazenta|62/100 par\n|move|p1b: Zamazenta|Body Press|p2a: Chi-Yu\n|-supereffective|p2a: Chi-Yu\n|-damage|p2a: Chi-Yu|0 fnt\n|faint|p2a: Chi-Yu\n|\n|-heal|p2b: Terapagos|79/100|[from] item: Leftovers\n|upkeep\n|\n|t:|1769722375\n|switch|p2a: Calyrex|Calyrex-Shadow, L50|100/100\n|-ability|p2a: Calyrex|As One\n|-ability|p2a: Calyrex|Unnerve\n|turn|6\n|\n|t:|1769722382\n|move|p2a: Calyrex|Protect|p2a: Calyrex\n|-singleturn|p2a: Calyrex|Protect\n|cant|p1b: Zamazenta|par\n|move|p1a: Chi-Yu|Snarl|p2a: Calyrex|[spread] p2b\n|-activate|p2a: Calyrex|move: Protect\n|-damage|p2b: Terapagos|58/100\n|-unboost|p2b: Terapagos|spa|1\n|move|p2b: Terapagos|Tera Starstorm|p1a: Chi-Yu|[spread] p1a,p1b\n|-supereffective|p1b: Zamazenta\n|-damage|p1a: Chi-Yu|0 fnt\n|-damage|p1b: Zamazenta|46/100 par\n|faint|p1a: Chi-Yu\n|\n|-heal|p2b: Terapagos|65/100|[from] item: Leftovers\n|upkeep\n|\n|t:|1769722404\n|switch|p1a: Chien-Pao|Chien-Pao, L50|100/100\n|-ability|p1a: Chien-Pao|Sword of Ruin\n|turn|7\n|\n|t:|1769722412\n|move|p1b: Zamazenta|Wide Guard|p1b: Zamazenta\n|-singleturn|p1b: Zamazenta|Wide Guard\n|move|p2a: Calyrex|Astral Barrage|p1a: Chien-Pao|[spread] \n|-activate|p1a: Chien-Pao|move: Wide Guard\n|-activate|p1b: Zamazenta|move: Wide Guard\n|move|p1a: Chien-Pao|Crunch|p2a: Calyrex\n|-supereffective|p2a: Calyrex\n|-enditem|p2a: Calyrex|Focus Sash\n|-damage|p2a: Calyrex|1/100\n|move|p2b: Terapagos|Tera Starstorm|p1a: Chien-Pao|[spread] \n|-activate|p1a: Chien-Pao|move: Wide Guard\n|-activate|p1b: Zamazenta|move: Wide Guard\n|\n|-heal|p2b: Terapagos|71/100|[from] item: Leftovers\n|upkeep\n|turn|8\n|\n|t:|1769722432\n|move|p1a: Chien-Pao|Ice Shard|p2a: Calyrex\n|-damage|p2a: Calyrex|0 fnt\n|faint|p2a: Calyrex\n|move|p2b: Terapagos|Tera Starstorm|p1a: Chien-Pao|[spread] p1a,p1b\n|-supereffective|p1b: Zamazenta\n|-damage|p1a: Chien-Pao|74/100\n|-damage|p1b: Zamazenta|25/100 par\n|move|p1b: Zamazenta|Body Press|p2b: Terapagos\n|-supereffective|p2b: Terapagos\n|-damage|p2b: Terapagos|0 fnt\n|faint|p2b: Terapagos\n|detailschange|p2: Terapagos|Terapagos, L50, M|[silent]\n|\n|win|zonavideovigilada\n|raw|zonavideovigilada's rating: 1548 &rarr; <strong>1569</strong><br />(+21 for winning)\n|raw|BellsproutFanWill's rating: 1565 &rarr; <strong>1544</strong><br />(-21 for losing)\n|l|\u203dBellsproutFanWill\n|player|p2|\n|l|\u2606zonavideovigilada\n|player|p1|\n","uploadtime":1769722644,"views":68,"formatid":"gen9vgc2026regi","rating":1544,"private":0,"password":null}