{"id":"gen9vgc2026regi-2531876801","format":"[Gen 9] VGC 2026 Reg I","players":["kedaruma","marcxhenry"],"log":"|j|\u2606kedaruma\n|j|\u2606marcxhenry\n|t:|1770114458\n|gametype|doubles\n|player|p1|kedaruma|101|1340\n|player|p2|marcxhenry|hilbert-wonderlauncher|1553\n|gen|9\n|tier|[Gen 9] VGC 2026 Reg I\n|rated|\n|rule|Species Clause: Limit one of each Pok\u00e9mon\n|rule|Item Clause: Limit 1 of each item\n|clearpoke\n|poke|p1|Calyrex-Shadow, L50|\n|poke|p1|Zamazenta-*, L50|\n|poke|p1|Raging Bolt, L50|\n|poke|p1|Smeargle, L50, M|\n|poke|p1|Rillaboom, L50, M|\n|poke|p1|Tornadus, L50, M|\n|poke|p2|Calyrex-Shadow, L50|\n|poke|p2|Urshifu-*, L50, M|\n|poke|p2|Roaring Moon, L50|\n|poke|p2|Kyogre, L50|\n|poke|p2|Tsareena, L50, F|\n|poke|p2|Kingambit, L50, M|\n|teampreview|4\n|inactive|Battle timer is ON: inactive players will automatically lose when time's up. (requested by kedaruma)\n|inactive|kedaruma has 60 seconds left.\n|\n|t:|1770114506\n|teamsize|p1|4\n|teamsize|p2|4\n|start\n|switch|p1a: Zamazenta|Zamazenta-Crowned, L50, shiny|100/100\n|switch|p1b: Smeargle|Smeargle, L50, M, shiny|100/100\n|switch|p2a: Ludwig|Calyrex-Shadow, L50|100/100\n|switch|p2b: Eva|Tsareena, L50, F, shiny|100/100\n|-ability|p2a: Ludwig|As One\n|-ability|p2a: Ludwig|Unnerve\n|-ability|p1a: Zamazenta|Dauntless Shield|boost\n|-boost|p1a: Zamazenta|def|1\n|turn|1\n|inactive|marcxhenry has 30 seconds left.\n|\n|t:|1770114538\n|move|p2a: Ludwig|Protect|p2a: Ludwig\n|-singleturn|p2a: Ludwig|Protect\n|move|p1a: Zamazenta|Body Press|p2b: Eva\n|-damage|p2b: Eva|28/100\n|move|p1b: Smeargle|Spore|p2a: Ludwig\n|-activate|p2a: Ludwig|move: Protect\n|move|p2b: Eva|Triple Axel|p1b: Smeargle\n|-damage|p1b: Smeargle|81/100\n|-damage|p1b: Smeargle|48/100\n|-damage|p1b: Smeargle|0 fnt\n|faint|p1b: Smeargle\n|-hitcount|p1: Smeargle|3\n|\n|upkeep\n|\n|t:|1770114555\n|switch|p1b: Calyrex|Calyrex-Shadow, L50|100/100\n|-ability|p1b: Calyrex|As One\n|-ability|p1b: Calyrex|Unnerve\n|turn|2\n|\n|t:|1770114565\n|-terastallize|p2a: Ludwig|Normal\n|-terastallize|p1b: Calyrex|Dark\n|move|p2b: Eva|Protect|p2b: Eva\n|-singleturn|p2b: Eva|Protect\n|move|p1b: Calyrex|Astral Barrage|p2b: Eva|[spread] \n|-activate|p2b: Eva|move: Protect\n|-immune|p2a: Ludwig\n|move|p1a: Zamazenta|Heavy Slam|p2a: Ludwig\n|-damage|p2a: Ludwig|40/100\n|move|p2a: Ludwig|Trick Room|p2a: Ludwig\n|-fieldstart|move: Trick Room|[of] p2a: Ludwig\n|\n|upkeep\n|turn|3\n|\n|t:|1770114586\n|switch|p1b: Tornadus|Tornadus, L50, M, shiny|100/100\n|move|p2a: Ludwig|Protect|p2a: Ludwig\n|-singleturn|p2a: Ludwig|Protect\n|move|p2b: Eva|Taunt|p1a: Zamazenta\n|-start|p1a: Zamazenta|move: Taunt\n|move|p1a: Zamazenta|Body Press|p2a: Ludwig\n|-activate|p2a: Ludwig|move: Protect\n|\n|upkeep\n|turn|4\n|\n|t:|1770114603\n|switch|p2a: Hermann|Kingambit, L50, M, shiny|100/100\n|move|p2b: Eva|Triple Axel|p1b: Tornadus\n|-supereffective|p1b: Tornadus\n|-damage|p1b: Tornadus|81/100\n|-supereffective|p1b: Tornadus\n|-damage|p1b: Tornadus|45/100\n|-supereffective|p1b: Tornadus\n|-damage|p1b: Tornadus|0 fnt\n|faint|p1b: Tornadus\n|-hitcount|p1: Tornadus|3\n|move|p1a: Zamazenta|Body Press|p2a: Hermann\n|-supereffective|p2a: Hermann\n|-damage|p2a: Hermann|0 fnt\n|faint|p2a: Hermann\n|\n|upkeep\n|\n|t:|1770114619\n|switch|p2a: Tripitz|Kyogre, L50, shiny|100/100\n|switch|p1b: Calyrex|Calyrex-Shadow, L50, tera:Dark|100/100\n|-ability|p1b: Calyrex|As One\n|-ability|p1b: Calyrex|Unnerve\n|-weather|RainDance|[from] ability: Drizzle|[of] p2a: Tripitz\n|turn|5\n|\n|t:|1770114632\n|move|p2b: Eva|Triple Axel|p1b: Calyrex\n|-damage|p1b: Calyrex|92/100\n|-damage|p1b: Calyrex|76/100\n|-damage|p1b: Calyrex|52/100\n|-hitcount|p1b: Calyrex|3\n|move|p2a: Tripitz|Water Spout|p1a: Zamazenta|[spread] p1a,p1b\n|-damage|p1a: Zamazenta|23/100\n|-damage|p1b: Calyrex|0 fnt\n|faint|p1b: Calyrex\n|move|p1a: Zamazenta|Body Press|p2a: Tripitz\n|-crit|p2a: Tripitz\n|-damage|p2a: Tripitz|0 fnt\n|faint|p2a: Tripitz\n|\n|-weather|RainDance|[upkeep]\n|-end|p1a: Zamazenta|move: Taunt\n|upkeep\n|-message|kedaruma forfeited.\n|\n|win|marcxhenry\n|raw|kedaruma's rating: 1340 &rarr; <strong>1331</strong><br />(-9 for losing)\n|raw|marcxhenry's rating: 1553 &rarr; <strong>1562</strong><br />(+9 for winning)\n|l|\u2606kedaruma\n|player|p1|\n|l|\u2606marcxhenry\n|player|p2|\n","uploadtime":1770114832,"views":11,"formatid":"gen9vgc2026regi","rating":1331,"private":0,"password":null}