{"id":"gen9vgc2026regi-2541384000","format":"[Gen 9] VGC 2026 Reg I","players":["j0l0k0","RyushinYuki"],"log":"|j|\u2606j0l0k0\n|j|\u2606RyushinYuki\n|t:|1771327523\n|gametype|doubles\n|player|p1|j0l0k0|brycen|1402\n|player|p2|RyushinYuki|roxie|1441\n|gen|9\n|tier|[Gen 9] VGC 2026 Reg I\n|rated|\n|rule|Species Clause: Limit one of each Pok\u00e9mon\n|rule|Item Clause: Limit 1 of each item\n|clearpoke\n|poke|p1|Calyrex-Ice, L50|\n|poke|p1|Kyogre, L50|\n|poke|p1|Indeedee-F, L50, F|\n|poke|p1|Urshifu-*, L50, F|\n|poke|p1|Amoonguss, L50, F|\n|poke|p1|Landorus, L50, M|\n|poke|p2|Calyrex-Ice, L50|\n|poke|p2|Indeedee-F, L50, F|\n|poke|p2|Lunala, L50|\n|poke|p2|Smeargle, L50, M|\n|poke|p2|Ursaluna, L50, F|\n|poke|p2|Murkrow, L50, M|\n|teampreview|4\n|inactive|Battle timer is ON: inactive players will automatically lose when time's up. (requested by j0l0k0)\n|inactive|j0l0k0 has 60 seconds left.\n|\n|t:|1771327559\n|teamsize|p1|4\n|teamsize|p2|4\n|start\n|switch|p1a: Indeedee|Indeedee-F, L50, F, shiny|100/100\n|switch|p1b: Calyrex|Calyrex-Ice, L50|100/100\n|switch|p2a: Lunala|Lunala, L50|100/100\n|switch|p2b: Calyrex|Calyrex-Ice, L50|100/100\n|-ability|p2b: Calyrex|As One\n|-ability|p2b: Calyrex|Unnerve\n|-ability|p1b: Calyrex|As One\n|-ability|p1b: Calyrex|Unnerve\n|-fieldstart|move: Psychic Terrain|[from] ability: Psychic Surge|[of] p1a: Indeedee\n|turn|1\n|inactive|j0l0k0 has 30 seconds left.\n|inactive|RyushinYuki has 30 seconds left.\n|\n|t:|1771327588\n|move|p1a: Indeedee|Follow Me|p1a: Indeedee\n|-singleturn|p1a: Indeedee|move: Follow Me\n|move|p2a: Lunala|Expanding Force|p1a: Indeedee|[spread] p1a,p1b\n|-resisted|p1a: Indeedee\n|-resisted|p1b: Calyrex\n|-damage|p1a: Indeedee|73/100\n|-damage|p1b: Calyrex|76/100\n|move|p2b: Calyrex|Glacial Lance|p1a: Indeedee|[spread] p1a,p1b\n|-crit|p1a: Indeedee\n|-resisted|p1b: Calyrex\n|-damage|p1a: Indeedee|0 fnt\n|-damage|p1b: Calyrex|59/100\n|faint|p1a: Indeedee\n|-ability|p2b: Calyrex|Chilling Neigh|boost\n|-boost|p2b: Calyrex|atk|1\n|move|p1b: Calyrex|Glacial Lance|p2b: Calyrex|[spread] p2a,p2b\n|-resisted|p2b: Calyrex\n|-damage|p2a: Lunala|77/100\n|-damage|p2b: Calyrex|82/100\n|\n|-heal|p2a: Lunala|83/100|[from] item: Leftovers\n|upkeep\n|\n|t:|1771327602\n|switch|p1a: Kyogre|Kyogre, L50, shiny|100/100\n|-weather|RainDance|[from] ability: Drizzle|[of] p1a: Kyogre\n|turn|2\n|\n|t:|1771327615\n|-terastallize|p2a: Lunala|Water\n|move|p2b: Calyrex|Protect|p2b: Calyrex\n|-singleturn|p2b: Calyrex|Protect\n|move|p2a: Lunala|Expanding Force|p1b: Calyrex|[spread] p1a,p1b\n|-resisted|p1b: Calyrex\n|-damage|p1a: Kyogre|68/100\n|-damage|p1b: Calyrex|34/100\n|move|p1a: Kyogre|Hydro Pump|p2b: Calyrex\n|-activate|p2b: Calyrex|move: Protect\n|move|p1b: Calyrex|Crunch|p2a: Lunala\n|-damage|p2a: Lunala|55/100\n|-unboost|p2a: Lunala|def|1\n|\n|-weather|RainDance|[upkeep]\n|-heal|p2a: Lunala|61/100|[from] item: Leftovers\n|upkeep\n|turn|3\n|inactive|RyushinYuki has 30 seconds left.\n|\n|t:|1771327646\n|move|p2a: Lunala|Moongeist Beam|p1a: Kyogre\n|-damage|p1a: Kyogre|42/100\n|move|p1a: Kyogre|Thunder|p2a: Lunala\n|-supereffective|p2a: Lunala\n|-damage|p2a: Lunala|0 fnt\n|faint|p2a: Lunala\n|move|p2b: Calyrex|Close Combat|p1a: Kyogre\n|-damage|p1a: Kyogre|0 fnt\n|-unboost|p2b: Calyrex|def|1\n|-unboost|p2b: Calyrex|spd|1\n|faint|p1a: Kyogre\n|-ability|p2b: Calyrex|Chilling Neigh|boost\n|-boost|p2b: Calyrex|atk|1\n|move|p1b: Calyrex|Trick Room|p1b: Calyrex\n|-fieldstart|move: Trick Room|[of] p1b: Calyrex\n|\n|-weather|RainDance|[upkeep]\n|upkeep\n|\n|t:|1771327670\n|switch|p1a: Amoonguss|Amoonguss, L50, F, shiny|100/100\n|switch|p2a: Indeedee|Indeedee-F, L50, F|100/100\n|turn|4\n|\n|t:|1771327693\n|-terastallize|p1a: Amoonguss|Water\n|move|p2a: Indeedee|Follow Me|p2a: Indeedee\n|-singleturn|p2a: Indeedee|move: Follow Me\n|move|p1a: Amoonguss|Spore|p2a: Indeedee\n|-activate|p2a: Indeedee|item: Safety Goggles|Spore\n|move|p1b: Calyrex|Glacial Lance|p2b: Calyrex|[spread] p2a,p2b\n|-resisted|p2b: Calyrex\n|-damage|p2a: Indeedee|42/100\n|-damage|p2b: Calyrex|56/100\n|move|p2b: Calyrex|Glacial Lance|p1b: Calyrex|[spread] p1a,p1b\n|-resisted|p1a: Amoonguss\n|-resisted|p1b: Calyrex\n|-crit|p1b: Calyrex\n|-damage|p1a: Amoonguss|47/100\n|-damage|p1b: Calyrex|0 fnt\n|faint|p1b: Calyrex\n|-ability|p2b: Calyrex|Chilling Neigh|boost\n|-boost|p2b: Calyrex|atk|1\n|\n|-weather|RainDance|[upkeep]\n|upkeep\n|turn|5\n|\n|t:|1771327706\n|move|p2a: Indeedee|Follow Me|p2a: Indeedee\n|-singleturn|p2a: Indeedee|move: Follow Me\n|move|p1a: Amoonguss|Clear Smog|p2a: Indeedee\n|-damage|p2a: Indeedee|25/100\n|-clearboost|p2a: Indeedee\n|move|p2b: Calyrex|Glacial Lance|p1a: Amoonguss\n|-resisted|p1a: Amoonguss\n|-damage|p1a: Amoonguss|0 fnt\n|faint|p1a: Amoonguss\n|\n|win|RyushinYuki\n|raw|j0l0k0's rating: 1402 &rarr; <strong>1384</strong><br />(-18 for losing)\n|raw|RyushinYuki's rating: 1441 &rarr; <strong>1459</strong><br />(+18 for winning)\n|c|\u2606j0l0k0|ggwp\n|l|\u2606j0l0k0\n|player|p1|\n|l|\u2606RyushinYuki\n|player|p2|\n","uploadtime":1771327894,"views":13,"formatid":"gen9vgc2026regi","rating":1384,"private":0,"password":null}