{"id":"gen9vgc2026regi-2561755864","format":"[Gen 9] VGC 2026 Reg I","players":["colombarda","Jonen"],"log":"|j|\u2606colombarda\n|j|\u2606Jonen\n|t:|1773840622\n|gametype|doubles\n|player|p1|colombarda|blaine|1259\n|player|p2|Jonen|hiker-gen4|1276\n|gen|9\n|tier|[Gen 9] VGC 2026 Reg I\n|rated|\n|rule|Species Clause: Limit one of each Pok\u00e9mon\n|rule|Item Clause: Limit 1 of each item\n|clearpoke\n|poke|p1|Reshiram, L50|\n|poke|p1|Groudon, L50|\n|poke|p1|Raging Bolt, L50|\n|poke|p1|Grimmsnarl, L50, M|\n|poke|p1|Whimsicott, L50, F|\n|poke|p1|Ogerpon-Wellspring, L50, F|\n|poke|p2|Groudon, L50|\n|poke|p2|Lunala, L50|\n|poke|p2|Sableye, L50, F|\n|poke|p2|Chi-Yu, L50|\n|poke|p2|Rillaboom, L50, M|\n|poke|p2|Jumpluff, L50, F|\n|teampreview|4\n|inactive|Battle timer is ON: inactive players will automatically lose when time's up. (requested by colombarda)\n|\n|t:|1773840653\n|teamsize|p1|4\n|teamsize|p2|4\n|start\n|switch|p1a: Whimsicott|Whimsicott, L50, F|100/100\n|switch|p1b: Reshiram|Reshiram, L50, shiny|100/100\n|switch|p2a: Groudon|Groudon, L50|100/100\n|switch|p2b: Sableye|Sableye, L50, F|100/100\n|-weather|SunnyDay|[from] ability: Drought|[of] p2a: Groudon\n|-ability|p1b: Reshiram|Turboblaze\n|turn|1\n|inactive|Jonen has 30 seconds left.\n|\n|t:|1773840685\n|-terastallize|p2a: Groudon|Fire\n|move|p1b: Reshiram|Protect|p1b: Reshiram\n|-singleturn|p1b: Reshiram|Protect\n|move|p1a: Whimsicott|Tailwind|p1a: Whimsicott\n|-sidestart|p1: colombarda|move: Tailwind\n|move|p2b: Sableye|Gravity|p2b: Sableye\n|-fieldstart|move: Gravity\n|move|p2a: Groudon|Precipice Blades|p1a: Whimsicott|[spread] p1a\n|-activate|p1b: Reshiram|move: Protect\n|-resisted|p1a: Whimsicott\n|-damage|p1a: Whimsicott|54/100\n|-damage|p2a: Groudon|91/100|[from] item: Life Orb\n|\n|-weather|SunnyDay|[upkeep]\n|upkeep\n|turn|2\n|\n|t:|1773840695\n|switch|p1b: Grimmsnarl|Grimmsnarl, L50, M|100/100\n|move|p2b: Sableye|Quash|p1b: Grimmsnarl\n|-hint|Since gen 7, Dark is immune to Prankster moves.\n|-immune|p1b: Grimmsnarl\n|move|p1a: Whimsicott|Moonblast|p2b: Sableye\n|-supereffective|p2b: Sableye\n|-damage|p2b: Sableye|18/100\n|-unboost|p2b: Sableye|spa|1\n|move|p2a: Groudon|Precipice Blades|p1a: Whimsicott|[spread] p1a,p1b\n|-resisted|p1a: Whimsicott\n|-damage|p1a: Whimsicott|12/100\n|-damage|p1b: Grimmsnarl|36/100\n|-damage|p2a: Groudon|81/100|[from] item: Life Orb\n|\n|-weather|SunnyDay|[upkeep]\n|upkeep\n|turn|3\n|\n|t:|1773840706\n|move|p1b: Grimmsnarl|Reflect|p1b: Grimmsnarl\n|-sidestart|p1: colombarda|Reflect\n|move|p2b: Sableye|Disable|p1a: Whimsicott\n|-start|p1a: Whimsicott|Disable|Moonblast\n|cant|p1a: Whimsicott|Disable|Moonblast\n|move|p2a: Groudon|Precipice Blades|p1b: Grimmsnarl|[spread] p1a,p1b\n|-resisted|p1a: Whimsicott\n|-damage|p1a: Whimsicott|0 fnt\n|-damage|p1b: Grimmsnarl|0 fnt\n|faint|p1a: Whimsicott\n|faint|p1b: Grimmsnarl\n|-damage|p2a: Groudon|71/100|[from] item: Life Orb\n|\n|-weather|SunnyDay|[upkeep]\n|upkeep\n|\n|t:|1773840709\n|switch|p1a: Groudon|Groudon, L50|100/100\n|switch|p1b: Reshiram|Reshiram, L50, shiny|100/100\n|-ability|p1b: Reshiram|Turboblaze\n|turn|4\n|\n|t:|1773840721\n|switch|p2b: Lunala|Lunala, L50|100/100\n|move|p2a: Groudon|Protect|p2a: Groudon\n|-singleturn|p2a: Groudon|Protect\n|move|p1b: Reshiram|Heat Wave|p2a: Groudon|[spread] p2b\n|-activate|p2a: Groudon|move: Protect\n|-damage|p2b: Lunala|65/100\n|-damage|p1b: Reshiram|91/100|[from] item: Life Orb\n|move|p1a: Groudon|Precipice Blades|p2a: Groudon|[spread] p2b\n|-activate|p2a: Groudon|move: Protect\n|-damage|p2b: Lunala|15/100\n|\n|-weather|SunnyDay|[upkeep]\n|-sideend|p1: colombarda|move: Tailwind\n|upkeep\n|turn|5\n|\n|t:|1773840740\n|move|p1b: Reshiram|Protect|p1b: Reshiram\n|-singleturn|p1b: Reshiram|Protect\n|move|p2b: Lunala|Hypnosis|p1a: Groudon\n|-status|p1a: Groudon|slp|[from] move: Hypnosis\n|move|p2a: Groudon|Precipice Blades|p1b: Reshiram|[spread] p1a\n|-activate|p1b: Reshiram|move: Protect\n|-damage|p1a: Groudon|66/100 slp\n|-damage|p2a: Groudon|62/100|[from] item: Life Orb\n|cant|p1a: Groudon|slp\n|\n|-weather|none\n|-fieldend|move: Gravity\n|upkeep\n|turn|6\n|\n|t:|1773840751\n|move|p2b: Lunala|Meteor Beam||[still]\n|-prepare|p2b: Lunala|Meteor Beam\n|-boost|p2b: Lunala|spa|1\n|-enditem|p2b: Lunala|Power Herb\n|-anim|p2b: Lunala|Meteor Beam|p1b: Reshiram\n|-supereffective|p1b: Reshiram\n|-damage|p1b: Reshiram|0 fnt\n|faint|p1b: Reshiram\n|move|p2a: Groudon|Precipice Blades|p1a: Groudon\n|-damage|p1a: Groudon|18/100 slp\n|-damage|p2a: Groudon|52/100|[from] item: Life Orb\n|-curestatus|p1a: Groudon|slp|[msg]\n|move|p1a: Groudon|Precipice Blades|p2b: Lunala|[spread] p2a,p2b\n|-supereffective|p2a: Groudon\n|-damage|p2a: Groudon|0 fnt\n|-damage|p2b: Lunala|0 fnt\n|faint|p2a: Groudon\n|faint|p2b: Lunala\n|\n|upkeep\n|\n|t:|1773840762\n|switch|p2b: Sableye|Sableye, L50, F|18/100\n|switch|p2a: Chi-Yu|Chi-Yu, L50|100/100\n|-ability|p2a: Chi-Yu|Beads of Ruin\n|turn|7\n|\n|t:|1773840766\n|-terastallize|p1a: Groudon|Water\n|move|p2b: Sableye|Gravity|p2b: Sableye\n|-fieldstart|move: Gravity\n|move|p2a: Chi-Yu|Fire Blast|p1a: Groudon\n|-resisted|p1a: Groudon\n|-damage|p1a: Groudon|0 fnt\n|faint|p1a: Groudon\n|\n|win|Jonen\n|raw|colombarda's rating: 1259 &rarr; <strong>1235</strong><br />(-24 for losing)\n|raw|Jonen's rating: 1276 &rarr; <strong>1300</strong><br />(+24 for winning)\n","uploadtime":1773840766,"views":10,"formatid":"gen9vgc2026regi","rating":1235,"private":0,"password":null}