{"id":"gen9vgc2026regi-2523072315","format":"[Gen 9] VGC 2026 Reg I","players":["Fogdocker","kojimuranishi"],"log":"|j|\u2606Fogdocker\n|j|\u2606kojimuranishi\n|t:|1768982401\n|gametype|doubles\n|player|p1|Fogdocker|170|1510\n|player|p2|kojimuranishi|265|1495\n|gen|9\n|tier|[Gen 9] VGC 2026 Reg I\n|rated|\n|rule|Species Clause: Limit one of each Pok\u00e9mon\n|rule|Item Clause: Limit 1 of each item\n|clearpoke\n|poke|p1|Calyrex-Ice, L50|\n|poke|p1|Kyogre, L50|\n|poke|p1|Urshifu-*, L50, F|\n|poke|p1|Rillaboom, L50, F|\n|poke|p1|Landorus, L50, M|\n|poke|p1|Tornadus, L50, M|\n|poke|p2|Zamazenta-*, L50|\n|poke|p2|Lunala, L50|\n|poke|p2|Chien-Pao, L50|\n|poke|p2|Dragonite, L50, F|\n|poke|p2|Landorus, L50, M|\n|poke|p2|Urshifu-*, L50, F|\n|teampreview|4\n|inactive|Battle timer is ON: inactive players will automatically lose when time's up. (requested by kojimuranishi)\n|inactive|Fogdocker has 60 seconds left.\n|\n|t:|1768982453\n|teamsize|p1|4\n|teamsize|p2|4\n|start\n|switch|p1a: Calyrex|Calyrex-Ice, L50|100/100\n|switch|p1b: Urshifu|Urshifu-Rapid-Strike, L50, F|100/100\n|switch|p2a: Dragonite|Dragonite, L50, F|100/100\n|switch|p2b: Chien-Pao|Chien-Pao, L50|100/100\n|-ability|p1a: Calyrex|As One\n|-ability|p1a: Calyrex|Unnerve\n|-ability|p2b: Chien-Pao|Sword of Ruin\n|turn|1\n|\n|t:|1768982474\n|-terastallize|p2a: Dragonite|Normal\n|-terastallize|p1a: Calyrex|Water\n|move|p2a: Dragonite|Extreme Speed|p1b: Urshifu\n|-damage|p1b: Urshifu|10/100\n|move|p2b: Chien-Pao|Crunch|p1b: Urshifu\n|-resisted|p1b: Urshifu\n|-damage|p1b: Urshifu|0 fnt\n|faint|p1b: Urshifu\n|-damage|p2b: Chien-Pao|91/100|[from] item: Life Orb\n|move|p1a: Calyrex|Glacial Lance|p2a: Dragonite|[spread] p2a,p2b\n|-resisted|p2b: Chien-Pao\n|-damage|p2a: Dragonite|67/100\n|-damage|p2b: Chien-Pao|56/100\n|\n|upkeep\n|\n|t:|1768982489\n|switch|p1b: Kyogre|Kyogre, L50|100/100\n|-weather|RainDance|[from] ability: Drizzle|[of] p1b: Kyogre\n|turn|2\n|j| riyuezi\n|\n|t:|1768982496\n|move|p1b: Kyogre|Protect|p1b: Kyogre\n|-singleturn|p1b: Kyogre|Protect\n|move|p2a: Dragonite|Extreme Speed|p1b: Kyogre\n|-activate|p1b: Kyogre|move: Protect\n|move|p2b: Chien-Pao|Crunch|p1a: Calyrex\n|-damage|p1a: Calyrex|60/100\n|-damage|p2b: Chien-Pao|47/100|[from] item: Life Orb\n|move|p1a: Calyrex|Trick Room|p1a: Calyrex\n|-fieldstart|move: Trick Room|[of] p1a: Calyrex\n|\n|-weather|RainDance|[upkeep]\n|-heal|p1a: Calyrex|66/100|[from] item: Leftovers\n|upkeep\n|turn|3\n|\n|t:|1768982521\n|move|p2a: Dragonite|Extreme Speed|p1b: Kyogre\n|-damage|p1b: Kyogre|16/100\n|move|p2b: Chien-Pao|Sucker Punch|p1a: Calyrex\n|-damage|p1a: Calyrex|30/100\n|-damage|p2b: Chien-Pao|37/100|[from] item: Life Orb\n|move|p1a: Calyrex|Glacial Lance|p2a: Dragonite|[spread] p2a,p2b\n|-resisted|p2b: Chien-Pao\n|-damage|p2a: Dragonite|0 fnt\n|-damage|p2b: Chien-Pao|0 fnt\n|faint|p2a: Dragonite\n|faint|p2b: Chien-Pao\n|-ability|p1a: Calyrex|Chilling Neigh|boost\n|-boost|p1a: Calyrex|atk|2\n|move|p1b: Kyogre|Origin Pulse|p2: Dragonite|[notarget]\n|-fail|p1b: Kyogre\n|\n|-weather|RainDance|[upkeep]\n|-heal|p1a: Calyrex|36/100|[from] item: Leftovers\n|upkeep\n|\n|t:|1768982540\n|switch|p2a: Lunala|Lunala, L50|100/100\n|switch|p2b: Zamazenta|Zamazenta-Crowned, L50|100/100\n|-ability|p2b: Zamazenta|Dauntless Shield|boost\n|-boost|p2b: Zamazenta|def|1\n|turn|4\n|l| riyuezi\n|\n|t:|1768982551\n|move|p2b: Zamazenta|Wide Guard|p2b: Zamazenta\n|-singleturn|p2b: Zamazenta|Wide Guard\n|move|p1a: Calyrex|Leech Seed|p2a: Lunala\n|-start|p2a: Lunala|move: Leech Seed\n|move|p1b: Kyogre|Thunder|p2a: Lunala\n|-damage|p2a: Lunala|87/100\n|move|p2a: Lunala|Trick Room|p2a: Lunala\n|-fieldend|move: Trick Room\n|\n|-weather|RainDance|[upkeep]\n|-heal|p1a: Calyrex|42/100|[from] item: Leftovers\n|-damage|p2a: Lunala|74/100|[from] Leech Seed|[of] p1a: Calyrex\n|-heal|p1a: Calyrex|57/100|[silent]\n|upkeep\n|turn|5\n|\n|t:|1768982571\n|move|p1a: Calyrex|Protect|p1a: Calyrex\n|-singleturn|p1a: Calyrex|Protect\n|move|p2b: Zamazenta|Body Press|p1a: Calyrex\n|-activate|p1a: Calyrex|move: Protect\n|move|p2a: Lunala|Meteor Beam||[still]\n|-prepare|p2a: Lunala|Meteor Beam\n|-boost|p2a: Lunala|spa|1\n|-enditem|p2a: Lunala|Power Herb\n|-anim|p2a: Lunala|Meteor Beam|p1a: Calyrex\n|-activate|p1a: Calyrex|move: Protect\n|move|p1b: Kyogre|Origin Pulse|p2b: Zamazenta|[spread] p2a,p2b\n|-damage|p2a: Lunala|14/100\n|-damage|p2b: Zamazenta|49/100\n|\n|-weather|RainDance|[upkeep]\n|-heal|p1a: Calyrex|62/100|[from] item: Leftovers\n|-damage|p2a: Lunala|1/100|[from] Leech Seed|[of] p1a: Calyrex\n|-heal|p1a: Calyrex|77/100|[silent]\n|upkeep\n|turn|6\n|\n|t:|1768982593\n|move|p2b: Zamazenta|Body Press|p1a: Calyrex\n|-damage|p1a: Calyrex|39/100\n|move|p2a: Lunala|Moongeist Beam|p1a: Calyrex\n|-damage|p1a: Calyrex|0 fnt\n|faint|p1a: Calyrex\n|move|p1b: Kyogre|Thunder|p2b: Zamazenta\n|-crit|p2b: Zamazenta\n|-damage|p2b: Zamazenta|8/100\n|\n|-weather|none\n|upkeep\n|\n|t:|1768982600\n|switch|p1a: Landorus|Landorus, L50, M|100/100\n|turn|7\n|\n|t:|1768982613\n|move|p1a: Landorus|Protect|p1a: Landorus\n|-singleturn|p1a: Landorus|Protect\n|move|p1b: Kyogre|Protect|p1b: Kyogre\n|-singleturn|p1b: Kyogre|Protect\n|move|p2b: Zamazenta|Body Press|p1b: Kyogre\n|-activate|p1b: Kyogre|move: Protect\n|move|p2a: Lunala|Moongeist Beam|p1a: Landorus\n|-activate|p1a: Landorus|move: Protect\n|\n|-damage|p2a: Lunala|0 fnt|[from] Leech Seed|[of] p1a: Landorus\n|faint|p2a: Lunala\n|upkeep\n|turn|8\n|-message|kojimuranishi forfeited.\n|\n|win|Fogdocker\n|raw|Fogdocker's rating: 1510 &rarr; <strong>1529</strong><br />(+19 for winning)\n|raw|kojimuranishi's rating: 1495 &rarr; <strong>1476</strong><br />(-19 for losing)\n|l|\u2606kojimuranishi\n|player|p2|\n|l|\u2606Fogdocker\n|player|p1|\n","uploadtime":1768982836,"views":20,"formatid":"gen9vgc2026regi","rating":1476,"private":0,"password":null}