{"id":"gen9vgc2026regi-2540946375","format":"[Gen 9] VGC 2026 Reg I","players":["lalo's pollos","alzombie"],"log":"|j|\u2606lalo's pollos\n|j|\u2606alzombie\n|t:|1771269747\n|gametype|doubles\n|player|p1|lalo's pollos|169|1521\n|player|p2|alzombie|102|1625\n|gen|9\n|tier|[Gen 9] VGC 2026 Reg I\n|rated|\n|rule|Species Clause: Limit one of each Pok\u00e9mon\n|rule|Item Clause: Limit 1 of each item\n|clearpoke\n|poke|p1|Zamazenta-*, L50|\n|poke|p1|Lunala, L50|\n|poke|p1|Rillaboom, L50, M|\n|poke|p1|Incineroar, L50, F|\n|poke|p1|Urshifu-*, L50, M|\n|poke|p1|Tornadus, L50, M|\n|poke|p2|Lunala, L50|\n|poke|p2|Ursaluna, L50, M|\n|poke|p2|Urshifu-*, L50, F|\n|poke|p2|Miraidon, L50|\n|poke|p2|Grimmsnarl, L50, M|\n|poke|p2|Incineroar, L50, F|\n|teampreview|4\n|inactive|Battle timer is ON: inactive players will automatically lose when time's up. (requested by alzombie)\n|inactive|lalo's pollos has 60 seconds left.\n|\n|t:|1771269819\n|teamsize|p1|4\n|teamsize|p2|4\n|start\n|switch|p1a: Lunala|Lunala, L50|100/100\n|switch|p1b: Rillaboom|Rillaboom, L50, M|100/100\n|switch|p2a: Grimmsnarl|Grimmsnarl, L50, M|100/100\n|switch|p2b: Lunala|Lunala, L50|100/100\n|-fieldstart|move: Grassy Terrain|[from] ability: Grassy Surge|[of] p1b: Rillaboom\n|turn|1\n|\n|t:|1771269840\n|switch|p2a: Incineroar|Incineroar, L50, F|100/100\n|-ability|p2a: Incineroar|Intimidate|boost\n|-unboost|p1a: Lunala|atk|1\n|-unboost|p1b: Rillaboom|atk|1\n|-terastallize|p1a: Lunala|Fairy\n|-terastallize|p2b: Lunala|Fairy\n|move|p1a: Lunala|Calm Mind|p1a: Lunala\n|-boost|p1a: Lunala|spa|1\n|-boost|p1a: Lunala|spd|1\n|move|p1b: Rillaboom|Wood Hammer|p2b: Lunala\n|-damage|p2b: Lunala|85/100\n|-damage|p1b: Rillaboom|95/100|[from] Recoil\n|move|p2b: Lunala|Moongeist Beam|p1a: Lunala\n|-damage|p1a: Lunala|86/100\n|\n|-heal|p1a: Lunala|92/100|[from] Grassy Terrain\n|-heal|p1a: Lunala|98/100|[from] item: Leftovers\n|-heal|p1b: Rillaboom|100/100|[from] Grassy Terrain\n|-heal|p2b: Lunala|91/100|[from] Grassy Terrain\n|upkeep\n|turn|2\n|inactive|alzombie has 30 seconds left.\n|\n|t:|1771269869\n|switch|p2b: Grimmsnarl|Grimmsnarl, L50, M|100/100\n|move|p1a: Lunala|Protect|p1a: Lunala\n|-singleturn|p1a: Lunala|Protect\n|move|p1b: Rillaboom|U-turn|p2b: Grimmsnarl\n|-damage|p2b: Grimmsnarl|87/100\n|\n|t:|1771269877\n|switch|p1b: Urshifu|Urshifu-Rapid-Strike, L50, M|100/100|[from] U-turn\n|move|p2a: Incineroar|Roar|p1a: Lunala\n|drag|p1a: Tornadus|Tornadus, L50, M|100/100\n|\n|-heal|p2b: Grimmsnarl|93/100|[from] Grassy Terrain\n|upkeep\n|turn|3\n|c|\u2606lalo's pollos|._.\n|\n|t:|1771269899\n|switch|p2a: Miraidon|Miraidon, L50|100/100\n|-fieldstart|move: Electric Terrain|[from] ability: Hadron Engine|[of] p2a: Miraidon\n|move|p1a: Tornadus|Rain Dance|p1a: Tornadus\n|-weather|RainDance\n|move|p2b: Grimmsnarl|Light Screen|p2b: Grimmsnarl\n|-sidestart|p2: alzombie|move: Light Screen\n|move|p1b: Urshifu|Surging Strikes|p2a: Miraidon\n|-resisted|p2a: Miraidon\n|-crit|p2a: Miraidon\n|-damage|p2a: Miraidon|85/100\n|-resisted|p2a: Miraidon\n|-crit|p2a: Miraidon\n|-damage|p2a: Miraidon|68/100\n|-resisted|p2a: Miraidon\n|-crit|p2a: Miraidon\n|-damage|p2a: Miraidon|52/100\n|-hitcount|p2a: Miraidon|3\n|\n|-weather|RainDance|[upkeep]\n|upkeep\n|turn|4\n|\n|t:|1771269931\n|move|p1b: Urshifu|Detect|p1b: Urshifu\n|-singleturn|p1b: Urshifu|Protect\n|move|p1a: Tornadus|Tailwind|p1a: Tornadus\n|-sidestart|p1: lalo's pollos|move: Tailwind\n|move|p2b: Grimmsnarl|Reflect|p2b: Grimmsnarl\n|-sidestart|p2: alzombie|Reflect\n|move|p2a: Miraidon|Volt Switch|p1b: Urshifu\n|-activate|p1b: Urshifu|move: Protect\n|\n|-weather|RainDance|[upkeep]\n|upkeep\n|turn|5\n|\n|t:|1771269958\n|switch|p1b: Rillaboom|Rillaboom, L50, M|100/100\n|-fieldstart|move: Grassy Terrain|[from] ability: Grassy Surge|[of] p1b: Rillaboom\n|move|p1a: Tornadus|Bleakwind Storm|p2b: Grimmsnarl|[spread] p2a,p2b\n|-resisted|p2a: Miraidon\n|-damage|p2a: Miraidon|45/100\n|-damage|p2b: Grimmsnarl|70/100\n|move|p2a: Miraidon|Volt Switch|p1a: Tornadus\n|-supereffective|p1a: Tornadus\n|-enditem|p1a: Tornadus|Focus Sash\n|-damage|p1a: Tornadus|1/100\n|\n|t:|1771269970\n|switch|p2a: Incineroar|Incineroar, L50, F|100/100|[from] Volt Switch\n|-ability|p2a: Incineroar|Intimidate|boost\n|-unboost|p1a: Tornadus|atk|1\n|-unboost|p1b: Rillaboom|atk|1\n|move|p2b: Grimmsnarl|Spirit Break|p1b: Rillaboom\n|-damage|p1b: Rillaboom|77/100\n|-unboost|p1b: Rillaboom|spa|1\n|\n|-weather|RainDance|[upkeep]\n|-heal|p1b: Rillaboom|83/100|[from] Grassy Terrain\n|-heal|p2b: Grimmsnarl|76/100|[from] Grassy Terrain\n|upkeep\n|turn|6\n|\n|t:|1771269991\n|switch|p1a: Urshifu|Urshifu-Rapid-Strike, L50, M|100/100\n|move|p1b: Rillaboom|Fake Out|p2b: Grimmsnarl\n|-damage|p2b: Grimmsnarl|71/100\n|cant|p2b: Grimmsnarl|flinch\n|move|p2a: Incineroar|Knock Off|p1b: Rillaboom\n|-damage|p1b: Rillaboom|54/100\n|-enditem|p1b: Rillaboom|Assault Vest|[from] move: Knock Off|[of] p2a: Incineroar\n|\n|-weather|RainDance|[upkeep]\n|-heal|p1b: Rillaboom|60/100|[from] Grassy Terrain\n|-heal|p2b: Grimmsnarl|77/100|[from] Grassy Terrain\n|upkeep\n|turn|7\n|\n|t:|1771270012\n|switch|p2a: Miraidon|Miraidon, L50|45/100\n|-fieldstart|move: Electric Terrain|[from] ability: Hadron Engine|[of] p2a: Miraidon\n|move|p1a: Urshifu|Surging Strikes|p2b: Grimmsnarl\n|-crit|p2b: Grimmsnarl\n|-damage|p2b: Grimmsnarl|36/100\n|-crit|p2b: Grimmsnarl\n|-damage|p2b: Grimmsnarl|0 fnt\n|faint|p2b: Grimmsnarl\n|-hitcount|p2: Grimmsnarl|2\n|move|p1b: Rillaboom|U-turn|p2a: Miraidon\n|-damage|p2a: Miraidon|37/100\n|\n|t:|1771270030\n|switch|p1b: Lunala|Lunala, L50, tera:Fairy|98/100|[from] U-turn\n|\n|-weather|none\n|-heal|p1b: Lunala|100/100|[from] item: Leftovers\n|-sideend|p1: lalo's pollos|move: Tailwind\n|upkeep\n|\n|t:|1771270041\n|switch|p2b: Lunala|Lunala, L50, tera:Fairy|91/100\n|-enditem|p2b: Lunala|Electric Seed\n|-boost|p2b: Lunala|def|1|[from] item: Electric Seed\n|turn|8\n|\n|t:|1771270054\n|move|p1a: Urshifu|Detect|p1a: Urshifu\n|-singleturn|p1a: Urshifu|Protect\n|move|p2a: Miraidon|Snarl|p1b: Lunala|[spread] p1b\n|-activate|p1a: Urshifu|move: Protect\n|-resisted|p1b: Lunala\n|-damage|p1b: Lunala|97/100\n|-unboost|p1b: Lunala|spa|1\n|move|p1b: Lunala|Moonblast|p2a: Miraidon\n|-supereffective|p2a: Miraidon\n|-damage|p2a: Miraidon|15/100\n|move|p2b: Lunala|Trick Room|p2b: Lunala\n|-fieldstart|move: Trick Room|[of] p2b: Lunala\n|\n|-heal|p1b: Lunala|100/100|[from] item: Leftovers\n|upkeep\n|turn|9\n|\n|t:|1771270074\n|switch|p1a: Rillaboom|Rillaboom, L50, M|60/100\n|-fieldstart|move: Grassy Terrain|[from] ability: Grassy Surge|[of] p1a: Rillaboom\n|switch|p2a: Incineroar|Incineroar, L50, F|100/100\n|-ability|p2a: Incineroar|Intimidate|boost\n|-unboost|p1a: Rillaboom|atk|1\n|-unboost|p1b: Lunala|atk|1\n|move|p2b: Lunala|Moonblast|p1a: Rillaboom\n|-damage|p1a: Rillaboom|0 fnt\n|faint|p1a: Rillaboom\n|move|p1b: Lunala|Moonblast|p2a: Incineroar\n|-damage|p2a: Incineroar|79/100\n|-unboost|p2a: Incineroar|spa|1\n|\n|-heal|p2a: Incineroar|85/100|[from] Grassy Terrain\n|-heal|p2b: Lunala|97/100|[from] Grassy Terrain\n|upkeep\n|\n|t:|1771270086\n|switch|p1a: Urshifu|Urshifu-Rapid-Strike, L50, M|100/100\n|turn|10\n|\n|t:|1771270099\n|move|p1a: Urshifu|Detect|p1a: Urshifu\n|-singleturn|p1a: Urshifu|Protect\n|move|p2a: Incineroar|Knock Off|p1b: Lunala\n|-resisted|p1b: Lunala\n|-damage|p1b: Lunala|93/100\n|-enditem|p1b: Lunala|Leftovers|[from] move: Knock Off|[of] p2a: Incineroar\n|move|p2b: Lunala|Moonblast|p1a: Urshifu\n|-activate|p1a: Urshifu|move: Protect\n|move|p1b: Lunala|Calm Mind|p1b: Lunala\n|-boost|p1b: Lunala|spa|1\n|-boost|p1b: Lunala|spd|1\n|\n|-heal|p2a: Incineroar|91/100|[from] Grassy Terrain\n|-heal|p2b: Lunala|100/100|[from] Grassy Terrain\n|-heal|p1b: Lunala|99/100|[from] Grassy Terrain\n|-sideend|p2: alzombie|move: Light Screen\n|upkeep\n|turn|11\n|inactive|lalo's pollos has 30 seconds left.\n|\n|t:|1771270129\n|move|p1a: Urshifu|Detect||[still]\n|-fail|p1a: Urshifu\n|move|p2b: Lunala|Moonblast|p1a: Urshifu\n|-supereffective|p1a: Urshifu\n|-damage|p1a: Urshifu|0 fnt\n|faint|p1a: Urshifu\n|move|p1b: Lunala|Moonblast|p2a: Incineroar\n|-damage|p2a: Incineroar|40/100\n|-unboost|p2a: Incineroar|spa|1\n|move|p2a: Incineroar|Roar|p1b: Lunala\n|drag|p1b: Tornadus|Tornadus, L50, M|1/100\n|\n|-heal|p2a: Incineroar|46/100|[from] Grassy Terrain\n|-sideend|p2: alzombie|Reflect\n|upkeep\n|\n|t:|1771270135\n|switch|p1a: Lunala|Lunala, L50, tera:Fairy|99/100\n|turn|12\n|inactive|alzombie has 30 seconds left.\n|inactive|lalo's pollos has 30 seconds left.\n|\n|t:|1771270169\n|move|p1b: Tornadus|Tailwind|p1b: Tornadus\n|-sidestart|p1: lalo's pollos|move: Tailwind\n|move|p2a: Incineroar|Parting Shot|p1a: Lunala\n|-unboost|p1a: Lunala|atk|1\n|-unboost|p1a: Lunala|spa|1\n|\n|t:|1771270174\n|switch|p2a: Miraidon|Miraidon, L50|15/100|[from] Parting Shot\n|-fieldstart|move: Electric Terrain|[from] ability: Hadron Engine|[of] p2a: Miraidon\n|move|p2b: Lunala|Moonblast|p1a: Lunala\n|-damage|p1a: Lunala|60/100\n|move|p1a: Lunala|Moonblast|p2a: Miraidon\n|-supereffective|p2a: Miraidon\n|-damage|p2a: Miraidon|0 fnt\n|faint|p2a: Miraidon\n|\n|-fieldend|move: Trick Room\n|upkeep\n|\n|t:|1771270187\n|switch|p2a: Incineroar|Incineroar, L50, F|46/100\n|-ability|p2a: Incineroar|Intimidate|boost\n|-unboost|p1a: Lunala|atk|1\n|-unboost|p1b: Tornadus|atk|1\n|turn|13\n|\n|t:|1771270199\n|move|p1b: Tornadus|Taunt|p2b: Lunala\n|-start|p2b: Lunala|move: Taunt\n|move|p1a: Lunala|Calm Mind|p1a: Lunala\n|-boost|p1a: Lunala|spa|1\n|-boost|p1a: Lunala|spd|1\n|move|p2b: Lunala|Moonblast|p1a: Lunala\n|-damage|p1a: Lunala|33/100\n|move|p2a: Incineroar|Knock Off|p1b: Tornadus\n|-damage|p1b: Tornadus|0 fnt\n|faint|p1b: Tornadus\n|\n|upkeep\n|turn|14\n|-message|lalo's pollos forfeited.\n|\n|win|alzombie\n|raw|lalo&apos;s pollos's rating: 1521 &rarr; <strong>1507</strong><br />(-14 for losing)\n|raw|alzombie's rating: 1625 &rarr; <strong>1639</strong><br />(+14 for winning)\n|l|\u2606lalo's pollos\n|player|p1|\n|l|\u2606alzombie\n|player|p2|\n","uploadtime":1771270434,"views":41,"formatid":"gen9vgc2026regi","rating":1507,"private":0,"password":null}