{"id":"gen9vgc2026regi-2540257497","format":"[Gen 9] VGC 2026 Reg I","players":["SEITA","okidogoat"],"log":"|j|\u2606SEITA\n|j|\u2606okidogoat\n|t:|1771181540\n|gametype|doubles\n|player|p1|SEITA|lucas-gen4pt|1500\n|player|p2|okidogoat|yellow|1403\n|gen|9\n|tier|[Gen 9] VGC 2026 Reg I\n|rated|\n|rule|Species Clause: Limit one of each Pok\u00e9mon\n|rule|Item Clause: Limit 1 of each item\n|clearpoke\n|poke|p1|Zamazenta-*, L50|\n|poke|p1|Kyogre, L50|\n|poke|p1|Wo-Chien, L50|\n|poke|p1|Grimmsnarl, L50, M|\n|poke|p1|Rhyperior, L50, F|\n|poke|p1|Ditto, L50|\n|poke|p2|Miraidon, L50|\n|poke|p2|Calyrex-Ice, L50|\n|poke|p2|Iron Hands, L50|\n|poke|p2|Scraggy, L50, F|\n|poke|p2|Farigiraf, L50, F|\n|poke|p2|Iron Treads, L50|\n|teampreview|4\n|inactive|Battle timer is ON: inactive players will automatically lose when time's up. (requested by okidogoat)\n|inactive|SEITA has 60 seconds left.\n|\n|t:|1771181579\n|teamsize|p1|4\n|teamsize|p2|4\n|start\n|switch|p1a: Grimmsnarl|Grimmsnarl, L50, M|100/100\n|switch|p1b: Zamazenta|Zamazenta-Crowned, L50|100/100\n|switch|p2a: Miraidon|Miraidon, L50|100/100\n|switch|p2b: Iron Treads|Iron Treads, L50|100/100\n|-ability|p1b: Zamazenta|Dauntless Shield|boost\n|-boost|p1b: Zamazenta|def|1\n|-fieldstart|move: Electric Terrain|[from] ability: Hadron Engine|[of] p2a: Miraidon\n|-activate|p2b: Iron Treads|ability: Quark Drive\n|-start|p2b: Iron Treads|quarkdrivespe\n|turn|1\n|inactive|SEITA has 30 seconds left.\n|\n|t:|1771181604\n|-terastallize|p2a: Miraidon|Fairy\n|move|p1a: Grimmsnarl|Parting Shot|p2a: Miraidon\n|-unboost|p2a: Miraidon|atk|1\n|-unboost|p2a: Miraidon|spa|1\n|\n|t:|1771181610\n|switch|p1a: Rhyperior|Rhyperior, L50, F|100/100|[from] Parting Shot\n|move|p2b: Iron Treads|High Horsepower|p1b: Zamazenta\n|-supereffective|p1b: Zamazenta\n|-damage|p1b: Zamazenta|56/100\n|-damage|p2b: Iron Treads|91/100|[from] item: Life Orb\n|move|p1b: Zamazenta|Body Press|p2b: Iron Treads\n|-supereffective|p2b: Iron Treads\n|-damage|p2b: Iron Treads|0 fnt\n|faint|p2b: Iron Treads\n|-end|p2b: Iron Treads|Quark Drive|[silent]\n|move|p2a: Miraidon|Dazzling Gleam|p1b: Zamazenta|[spread] p1a,p1b\n|-damage|p1a: Rhyperior|67/100\n|-damage|p1b: Zamazenta|23/100\n|\n|upkeep\n|\n|t:|1771181627\n|switch|p2b: Iron Hands|Iron Hands, L50|100/100\n|-activate|p2b: Iron Hands|ability: Quark Drive\n|-start|p2b: Iron Hands|quarkdriveatk\n|turn|2\n|inactive|SEITA has 30 seconds left.\n|inactive|SEITA has 20 seconds left.\n|\n|t:|1771181665\n|switch|p2a: Calyrex|Calyrex-Ice, L50|100/100\n|-ability|p2a: Calyrex|As One\n|-ability|p2a: Calyrex|Unnerve\n|-terastallize|p1a: Rhyperior|Water\n|move|p1b: Zamazenta|Heavy Slam|p2a: Calyrex\n|-supereffective|p2a: Calyrex\n|-crit|p2a: Calyrex\n|-damage|p2a: Calyrex|68/100\n|move|p1a: Rhyperior|High Horsepower|p2b: Iron Hands\n|-supereffective|p2b: Iron Hands\n|-damage|p2b: Iron Hands|19/100\n|move|p2b: Iron Hands|Drain Punch|p1a: Rhyperior\n|-damage|p1a: Rhyperior|27/100\n|-heal|p2b: Iron Hands|37/100|[from] drain|[of] p1a: Rhyperior\n|\n|upkeep\n|turn|3\n|inactive|SEITA has 30 seconds left.\n|inactive|okidogoat has 30 seconds left.\n|\n|t:|1771181699\n|switch|p1a: Kyogre|Kyogre, L50|100/100\n|-weather|RainDance|[from] ability: Drizzle|[of] p1a: Kyogre\n|-end|p2b: Iron Hands|Quark Drive|[silent]\n|switch|p2b: Miraidon|Miraidon, L50, tera:Fairy|100/100\n|-activate|p2b: Miraidon|ability: Hadron Engine\n|move|p1b: Zamazenta|Body Press|p2b: Miraidon\n|-resisted|p2b: Miraidon\n|-damage|p2b: Miraidon|74/100\n|move|p2a: Calyrex|High Horsepower|p1b: Zamazenta\n|-supereffective|p1b: Zamazenta\n|-damage|p1b: Zamazenta|0 fnt\n|faint|p1b: Zamazenta\n|-ability|p2a: Calyrex|Chilling Neigh|boost\n|-boost|p2a: Calyrex|atk|1\n|\n|-weather|RainDance|[upkeep]\n|upkeep\n|\n|t:|1771181723\n|switch|p1b: Grimmsnarl|Grimmsnarl, L50, M|100/100\n|turn|4\n|inactive|SEITA has 30 seconds left.\n|inactive|SEITA has 20 seconds left.\n|\n|t:|1771181762\n|move|p1b: Grimmsnarl|Light Screen|p1b: Grimmsnarl\n|-sidestart|p1: SEITA|move: Light Screen\n|move|p2b: Miraidon|Draco Meteor|p1a: Kyogre|[miss]\n|-miss|p2b: Miraidon|p1a: Kyogre\n|move|p1a: Kyogre|Origin Pulse|p2b: Miraidon|[spread] p2a,p2b\n|-damage|p2a: Calyrex|19/100\n|-damage|p2b: Miraidon|24/100\n|move|p2a: Calyrex|Glacial Lance|p1a: Kyogre|[spread] p1a,p1b\n|-resisted|p1a: Kyogre\n|-damage|p1a: Kyogre|67/100\n|-damage|p1b: Grimmsnarl|32/100\n|\n|-weather|RainDance|[upkeep]\n|-heal|p1a: Kyogre|73/100|[from] item: Leftovers\n|upkeep\n|turn|5\n|\n|t:|1771181783\n|move|p1b: Grimmsnarl|Parting Shot|p2b: Miraidon\n|-unboost|p2b: Miraidon|atk|1\n|-unboost|p2b: Miraidon|spa|1\n|\n|t:|1771181787\n|switch|p1b: Rhyperior|Rhyperior, L50, F, tera:Water|27/100|[from] Parting Shot\n|move|p2b: Miraidon|Draco Meteor|p1a: Kyogre\n|-damage|p1a: Kyogre|27/100\n|-unboost|p2b: Miraidon|spa|2\n|move|p1a: Kyogre|Origin Pulse|p2b: Miraidon|[spread] p2a\n|-miss|p1a: Kyogre|p2b: Miraidon\n|-damage|p2a: Calyrex|0 fnt\n|faint|p2a: Calyrex\n|\n|-weather|RainDance|[upkeep]\n|-heal|p1a: Kyogre|33/100|[from] item: Leftovers\n|-fieldend|move: Electric Terrain\n|upkeep\n|\n|t:|1771181798\n|switch|p2a: Iron Hands|Iron Hands, L50|37/100\n|turn|6\n|j| lunala fairy ghost\n|inactive|SEITA has 30 seconds left.\n|\n|t:|1771181825\n|move|p1a: Kyogre|Protect|p1a: Kyogre\n|-singleturn|p1a: Kyogre|Protect\n|move|p2a: Iron Hands|Fake Out|p1a: Kyogre\n|-activate|p1a: Kyogre|move: Protect\n|move|p2b: Miraidon|Draco Meteor|p1b: Rhyperior\n|-damage|p1b: Rhyperior|6/100\n|-unboost|p2b: Miraidon|spa|2\n|move|p1b: Rhyperior|High Horsepower|p2a: Iron Hands\n|-supereffective|p2a: Iron Hands\n|-damage|p2a: Iron Hands|0 fnt\n|faint|p2a: Iron Hands\n|-end|p2a: Iron Hands|Quark Drive|[silent]\n|\n|-weather|RainDance|[upkeep]\n|-heal|p1a: Kyogre|39/100|[from] item: Leftovers\n|upkeep\n|turn|7\n|-message|okidogoat forfeited.\n|\n|win|SEITA\n|raw|SEITA's rating: 1500 &rarr; <strong>1515</strong><br />(+15 for winning)\n|raw|okidogoat's rating: 1403 &rarr; <strong>1388</strong><br />(-15 for losing)\n|l|\u2606okidogoat\n|player|p2|\n|l|\u2606SEITA\n|player|p1|\n|l| lunala fairy ghost\n|j|\u2606okidogoat\n|player|p2|okidogoat|yellow|\n","uploadtime":1771182044,"views":34,"formatid":"gen9vgc2026regi","rating":1388,"private":0,"password":null}