{"id":"gen9vgc2026regi-2589071174","format":"[Gen 9] VGC 2026 Reg I","players":["JD Pope","sevaag"],"log":"|j|\u2606JD Pope\n|j|\u2606sevaag\n|t:|1776697725\n|gametype|doubles\n|player|p1|JD Pope|101|1514\n|player|p2|sevaag|clerkf|1590\n|gen|9\n|tier|[Gen 9] VGC 2026 Reg I\n|rated|\n|rule|Species Clause: Limit one of each Pok\u00e9mon\n|rule|Item Clause: Limit 1 of each item\n|clearpoke\n|poke|p1|Kyogre, L50|\n|poke|p1|Basculegion, L50, M|\n|poke|p1|Iron Jugulis, L50|\n|poke|p1|Archaludon, L50, M|\n|poke|p1|Miraidon, L50|\n|poke|p1|Iron Hands, L50|\n|poke|p2|Miraidon, L50|\n|poke|p2|Lunala, L50|\n|poke|p2|Whimsicott, L50, M|\n|poke|p2|Urshifu-*, L50, M|\n|poke|p2|Incineroar, L50, F|\n|poke|p2|Ursaluna, L50, F|\n|teampreview|4\n|inactive|Battle timer is ON: inactive players will automatically lose when time's up. (requested by JD Pope)\n|\n|t:|1776697780\n|teamsize|p1|4\n|teamsize|p2|4\n|start\n|switch|p1a: Kyogre|Kyogre, L50|100/100\n|switch|p1b: Iron Jugulis|Iron Jugulis, L50|100/100\n|switch|p2a: Whimsicott|Whimsicott, L50, M|100/100\n|switch|p2b: Miraidon|Miraidon, L50|100/100\n|-fieldstart|move: Electric Terrain|[from] ability: Hadron Engine|[of] p2b: Miraidon\n|-activate|p1b: Iron Jugulis|ability: Quark Drive\n|-start|p1b: Iron Jugulis|quarkdrivespe\n|-weather|RainDance|[from] ability: Drizzle|[of] p1a: Kyogre\n|turn|1\n|\n|t:|1776697798\n|move|p2a: Whimsicott|Light Screen|p2a: Whimsicott\n|-sidestart|p2: sevaag|move: Light Screen\n|move|p1b: Iron Jugulis|Tailwind|p1b: Iron Jugulis\n|-sidestart|p1: JD Pope|move: Tailwind\n|move|p1a: Kyogre|Water Spout|p2a: Whimsicott|[spread] p2a,p2b\n|-resisted|p2a: Whimsicott\n|-resisted|p2b: Miraidon\n|-damage|p2a: Whimsicott|57/100\n|-damage|p2b: Miraidon|60/100\n|move|p2b: Miraidon|Electro Drift|p1b: Iron Jugulis\n|-supereffective|p1b: Iron Jugulis\n|-damage|p1b: Iron Jugulis|0 fnt\n|faint|p1b: Iron Jugulis\n|-end|p1b: Iron Jugulis|Quark Drive|[silent]\n|-damage|p2b: Miraidon|51/100|[from] item: Life Orb\n|\n|-weather|RainDance|[upkeep]\n|upkeep\n|\n|t:|1776697822\n|switch|p1b: Miraidon|Miraidon, L50|100/100\n|-activate|p1b: Miraidon|ability: Hadron Engine\n|turn|2\n|inactive|JD Pope has 30 seconds left.\n|inactive|sevaag has 30 seconds left.\n|inactive|JD Pope has 20 seconds left.\n|inactive|sevaag has 20 seconds left.\n|inactive|sevaag has 15 seconds left.\n|inactive|sevaag has 10 seconds left.\n|inactive|sevaag has 5 seconds left.\n|\n|t:|1776697877\n|move|p1a: Kyogre|Protect|p1a: Kyogre\n|-singleturn|p1a: Kyogre|Protect\n|move|p1b: Miraidon|Volt Switch|p2b: Miraidon\n|-resisted|p2b: Miraidon\n|-damage|p2b: Miraidon|35/100\n|\n|t:|1776697882\n|switch|p1b: Iron Hands|Iron Hands, L50|100/100|[from] Volt Switch\n|-activate|p1b: Iron Hands|ability: Quark Drive\n|-start|p1b: Iron Hands|quarkdriveatk\n|move|p2b: Miraidon|Electro Drift|p1b: Iron Hands\n|-resisted|p1b: Iron Hands\n|-damage|p1b: Iron Hands|68/100\n|-damage|p2b: Miraidon|26/100|[from] item: Life Orb\n|move|p2a: Whimsicott|Moonblast|p1a: Kyogre\n|-activate|p1a: Kyogre|move: Protect\n|\n|-weather|RainDance|[upkeep]\n|upkeep\n|turn|3\n|\n|t:|1776697900\n|move|p1b: Iron Hands|Fake Out|p2b: Miraidon\n|-damage|p2b: Miraidon|7/100\n|move|p2a: Whimsicott|Encore|p1a: Kyogre\n|-start|p1a: Kyogre|Encore\n|move|p1a: Kyogre|Protect|p1a: Kyogre\n|-singleturn|p1a: Kyogre|Protect\n|cant|p2b: Miraidon|flinch\n|\n|-weather|RainDance|[upkeep]\n|upkeep\n|turn|4\n|\n|t:|1776697919\n|-end|p1b: Iron Hands|Quark Drive|[silent]\n|switch|p1b: Miraidon|Miraidon, L50|100/100\n|-activate|p1b: Miraidon|ability: Hadron Engine\n|move|p1a: Kyogre|Protect||[still]\n|-fail|p1a: Kyogre\n|move|p2b: Miraidon|Draco Meteor|p1b: Miraidon\n|-supereffective|p1b: Miraidon\n|-damage|p1b: Miraidon|0 fnt\n|-unboost|p2b: Miraidon|spa|2\n|faint|p1b: Miraidon\n|-damage|p2b: Miraidon|0 fnt|[from] item: Life Orb\n|faint|p2b: Miraidon\n|move|p2a: Whimsicott|Moonblast|p1a: Kyogre\n|-damage|p1a: Kyogre|80/100\n|\n|-weather|RainDance|[upkeep]\n|-sideend|p1: JD Pope|move: Tailwind\n|upkeep\n|inactive|sevaag has 30 seconds left.\n|inactive|sevaag has 20 seconds left.\n|\n|t:|1776697956\n|switch|p1b: Iron Hands|Iron Hands, L50|68/100\n|switch|p2b: Lunala|Lunala, L50|100/100\n|-enditem|p2b: Lunala|Electric Seed\n|-boost|p2b: Lunala|def|1|[from] item: Electric Seed\n|-activate|p1b: Iron Hands|ability: Quark Drive\n|-start|p1b: Iron Hands|quarkdriveatk\n|turn|5\n|\n|t:|1776697976\n|-terastallize|p1b: Iron Hands|Water\n|move|p1a: Kyogre|Protect|p1a: Kyogre\n|-singleturn|p1a: Kyogre|Protect\n|move|p2a: Whimsicott|Moonblast|p1b: Iron Hands\n|-damage|p1b: Iron Hands|54/100\n|move|p2b: Lunala|Moonblast|p1b: Iron Hands\n|-damage|p1b: Iron Hands|35/100\n|move|p1b: Iron Hands|Drain Punch|p2a: Whimsicott\n|-resisted|p2a: Whimsicott\n|-damage|p2a: Whimsicott|19/100\n|-heal|p1b: Iron Hands|48/100|[from] drain|[of] p2a: Whimsicott\n|\n|-weather|none\n|-end|p1a: Kyogre|Encore\n|-sideend|p2: sevaag|move: Light Screen\n|-fieldend|move: Electric Terrain\n|-end|p1b: Iron Hands|Quark Drive\n|upkeep\n|turn|6\n|inactive|JD Pope has 30 seconds left.\n|\n|t:|1776698013\n|move|p1a: Kyogre|Protect|p1a: Kyogre\n|-singleturn|p1a: Kyogre|Protect\n|move|p2a: Whimsicott|Encore|p1a: Kyogre\n|-activate|p1a: Kyogre|move: Protect\n|move|p2b: Lunala|Moongeist Beam|p1b: Iron Hands\n|-damage|p1b: Iron Hands|18/100\n|move|p1b: Iron Hands|Drain Punch|p2a: Whimsicott\n|-resisted|p2a: Whimsicott\n|-damage|p2a: Whimsicott|0 fnt\n|-heal|p1b: Iron Hands|24/100|[from] drain|[of] p2a: Whimsicott\n|faint|p2a: Whimsicott\n|\n|upkeep\n|\n|t:|1776698021\n|switch|p2a: Ursaluna|Ursaluna, L50, F|100/100\n|turn|7\n|inactive|sevaag has 30 seconds left.\n|inactive|sevaag has 20 seconds left.\n|\n|t:|1776698058\n|move|p2a: Ursaluna|Protect|p2a: Ursaluna\n|-singleturn|p2a: Ursaluna|Protect\n|move|p1a: Kyogre|Water Spout|p2a: Ursaluna|[spread] p2b\n|-activate|p2a: Ursaluna|move: Protect\n|-damage|p2b: Lunala|77/100\n|move|p2b: Lunala|Moongeist Beam|p1b: Iron Hands\n|-damage|p1b: Iron Hands|0 fnt\n|faint|p1b: Iron Hands\n|-end|p1b: Iron Hands|Quark Drive|[silent]\n|\n|-status|p2a: Ursaluna|brn|[from] item: Flame Orb\n|upkeep\n|turn|8\n|inactive|sevaag has 30 seconds left.\n|\n|t:|1776698089\n|-terastallize|p2a: Ursaluna|Ghost\n|move|p2b: Lunala|Wide Guard|p2b: Lunala\n|-singleturn|p2b: Lunala|Wide Guard\n|move|p1a: Kyogre|Hydro Pump|p2a: Ursaluna\n|-damage|p2a: Ursaluna|28/100 brn\n|move|p2a: Ursaluna|Facade|p1a: Kyogre\n|-damage|p1a: Kyogre|0 fnt\n|faint|p1a: Kyogre\n|\n|win|sevaag\n|raw|JD Pope's rating: 1514 &rarr; <strong>1498</strong><br />(-16 for losing)\n|raw|sevaag's rating: 1590 &rarr; <strong>1606</strong><br />(+16 for winning)\n|l|\u2606JD Pope\n|player|p1|\n","uploadtime":1776698349,"views":9,"formatid":"gen9vgc2026regi","rating":1498,"private":0,"password":null}