{"id":"gen9vgc2026regi-2559337580","format":"[Gen 9] VGC 2026 Reg I","players":["H3llp m4","sheeshshane925"],"log":"|j|\u2606H3llp m4\n|j|\u2606sheeshshane925\n|t:|1773548582\n|gametype|doubles\n|player|p1|H3llp m4|hiker-gen4|1207\n|player|p2|sheeshshane925|chuck|1358\n|gen|9\n|tier|[Gen 9] VGC 2026 Reg I\n|rated|\n|rule|Species Clause: Limit one of each Pok\u00e9mon\n|rule|Item Clause: Limit 1 of each item\n|clearpoke\n|poke|p1|Kyogre, L50|\n|poke|p1|Whimsicott, L50, M|\n|poke|p1|Archaludon, L50, M|\n|poke|p1|Zacian-*, L50|\n|poke|p1|Rillaboom, L50, F|\n|poke|p1|Urshifu-*, L50, F|\n|poke|p2|Calyrex-Ice, L50|\n|poke|p2|Miraidon, L50|\n|poke|p2|Farigiraf, L50, F|\n|poke|p2|Iron Hands, L50|\n|poke|p2|Scraggy, L50, M|\n|poke|p2|Iron Bundle, L50|\n|teampreview|4\n|inactive|Battle timer is ON: inactive players will automatically lose when time's up. (requested by H3llp m4)\n|inactive|sheeshshane925 has 60 seconds left.\n|\n|t:|1773548633\n|teamsize|p1|4\n|teamsize|p2|4\n|start\n|switch|p1a: Zacian|Zacian-Crowned, L50, shiny|100/100\n|switch|p1b: Whimsicott|Whimsicott, L50, M|100/100\n|switch|p2a: Miraidon|Miraidon, L50, shiny|100/100\n|switch|p2b: Farigiraf|Farigiraf, L50, F, shiny|100/100\n|-ability|p1a: Zacian|Intrepid Sword|boost\n|-boost|p1a: Zacian|atk|1\n|-fieldstart|move: Electric Terrain|[from] ability: Hadron Engine|[of] p2a: Miraidon\n|-enditem|p2b: Farigiraf|Electric Seed\n|-boost|p2b: Farigiraf|def|1|[from] item: Electric Seed\n|turn|1\n|\n|t:|1773548650\n|move|p2a: Miraidon|Protect|p2a: Miraidon\n|-singleturn|p2a: Miraidon|Protect\n|move|p1b: Whimsicott|Tailwind|p1b: Whimsicott\n|-sidestart|p1: H3llp m4|move: Tailwind\n|move|p1a: Zacian|Play Rough|p2a: Miraidon\n|-activate|p2a: Miraidon|move: Protect\n|move|p2b: Farigiraf|Trick Room|p2b: Farigiraf\n|-fieldstart|move: Trick Room|[of] p2b: Farigiraf\n|\n|upkeep\n|turn|2\n|inactive|H3llp m4 has 30 seconds left.\n|\n|t:|1773548683\n|move|p2b: Farigiraf|Psychic|p1b: Whimsicott\n|-damage|p1b: Whimsicott|56/100\n|move|p2a: Miraidon|Electro Drift|p1a: Zacian\n|-damage|p1a: Zacian|0 fnt\n|faint|p1a: Zacian\n|-damage|p2a: Miraidon|91/100|[from] item: Life Orb\n|move|p1b: Whimsicott|Moonblast|p2b: Farigiraf\n|-damage|p2b: Farigiraf|75/100\n|\n|upkeep\n|inactive|H3llp m4 has 30 seconds left.\n|\n|t:|1773548710\n|switch|p1a: Kyogre|Kyogre, L50|100/100\n|-weather|RainDance|[from] ability: Drizzle|[of] p1a: Kyogre\n|turn|3\n|\n|t:|1773548725\n|-terastallize|p1a: Kyogre|Grass\n|move|p2b: Farigiraf|Helping Hand|p2a: Miraidon\n|-singleturn|p2a: Miraidon|Helping Hand|[of] p2b: Farigiraf\n|move|p2a: Miraidon|Dazzling Gleam|p1a: Kyogre|[spread] p1a,p1b\n|-damage|p1a: Kyogre|61/100\n|-damage|p1b: Whimsicott|0 fnt\n|faint|p1b: Whimsicott\n|-damage|p2a: Miraidon|81/100|[from] item: Life Orb\n|move|p1a: Kyogre|Water Spout|p2a: Miraidon|[spread] p2a,p2b\n|-resisted|p2a: Miraidon\n|-damage|p2a: Miraidon|59/100\n|-damage|p2b: Farigiraf|20/100\n|\n|-weather|RainDance|[upkeep]\n|upkeep\n|\n|t:|1773548743\n|switch|p1b: Urshifu|Urshifu, L50, F|100/100\n|turn|4\n|\n|t:|1773548754\n|move|p2b: Farigiraf|Helping Hand|p2a: Miraidon\n|-singleturn|p2a: Miraidon|Helping Hand|[of] p2b: Farigiraf\n|move|p1a: Kyogre|Protect|p1a: Kyogre\n|-singleturn|p1a: Kyogre|Protect\n|move|p1b: Urshifu|Detect|p1b: Urshifu\n|-singleturn|p1b: Urshifu|Protect\n|move|p2a: Miraidon|Dazzling Gleam|p1a: Kyogre|[spread] \n|-activate|p1a: Kyogre|move: Protect\n|-activate|p1b: Urshifu|move: Protect\n|\n|-weather|RainDance|[upkeep]\n|-sideend|p1: H3llp m4|move: Tailwind\n|upkeep\n|turn|5\n|inactive|H3llp m4 has 30 seconds left.\n|inactive|H3llp m4 has 20 seconds left.\n|inactive|H3llp m4 has 15 seconds left.\n|inactive|H3llp m4 has 10 seconds left.\n|inactive|H3llp m4 has 5 seconds left.\n|\n|t:|1773548809\n|move|p2b: Farigiraf|Psychic|p1a: Kyogre\n|-damage|p1a: Kyogre|39/100\n|move|p1a: Kyogre|Water Spout|p2a: Miraidon|[spread] p2a,p2b\n|-resisted|p2a: Miraidon\n|-crit|p2a: Miraidon\n|-damage|p2a: Miraidon|39/100\n|-damage|p2b: Farigiraf|0 fnt\n|faint|p2b: Farigiraf\n|move|p2a: Miraidon|Dazzling Gleam|p1b: Urshifu|[spread] p1a,p1b\n|-supereffective|p1b: Urshifu\n|-damage|p1a: Kyogre|10/100\n|-enditem|p1b: Urshifu|Focus Sash\n|-damage|p1b: Urshifu|1/100\n|-enditem|p1a: Kyogre|Iapapa Berry|[eat]\n|-heal|p1a: Kyogre|43/100|[from] item: Iapapa Berry\n|-damage|p2a: Miraidon|29/100|[from] item: Life Orb\n|move|p1b: Urshifu|Wicked Blow|p2a: Miraidon\n|-crit|p2a: Miraidon\n|-damage|p2a: Miraidon|0 fnt\n|faint|p2a: Miraidon\n|\n|-weather|RainDance|[upkeep]\n|-fieldend|move: Trick Room\n|-fieldend|move: Electric Terrain\n|upkeep\n|\n|t:|1773548818\n|switch|p2a: Calyrex|Calyrex-Ice, L50|100/100\n|switch|p2b: Iron Hands|Iron Hands, L50|100/100\n|-ability|p2a: Calyrex|As One\n|-ability|p2a: Calyrex|Unnerve\n|turn|6\n|inactive|H3llp m4 has 30 seconds left.\n|inactive|H3llp m4 has 20 seconds left.\n|inactive|H3llp m4 has 15 seconds left.\n|inactive|H3llp m4 has 10 seconds left.\n|inactive|H3llp m4 has 5 seconds left.\n|\n|t:|1773548873\n|-terastallize|p2a: Calyrex|Fire\n|move|p2b: Iron Hands|Fake Out|p1a: Kyogre\n|-damage|p1a: Kyogre|31/100\n|move|p1b: Urshifu|Wicked Blow|p2a: Calyrex\n|-crit|p2a: Calyrex\n|-damage|p2a: Calyrex|63/100\n|cant|p1a: Kyogre|flinch\n|move|p2a: Calyrex|Trick Room|p2a: Calyrex\n|-fieldstart|move: Trick Room|[of] p2a: Calyrex\n|\n|-weather|RainDance|[upkeep]\n|upkeep\n|turn|7\n|inactive|H3llp m4 has 30 seconds left.\n|inactive|H3llp m4 has 20 seconds left.\n|inactive|H3llp m4 has 15 seconds left.\n|inactive|H3llp m4 has 10 seconds left.\n|inactive|H3llp m4 has 5 seconds left.\n|\n|t:|1773548928\n|move|p2b: Iron Hands|Low Kick|p1a: Kyogre\n|-damage|p1a: Kyogre|0 fnt\n|faint|p1a: Kyogre\n|move|p2a: Calyrex|Glacial Lance|p1b: Urshifu\n|-damage|p1b: Urshifu|0 fnt\n|faint|p1b: Urshifu\n|\n|win|sheeshshane925\n|raw|H3llp m4's rating: 1207 &rarr; <strong>1192</strong><br />(-15 for losing)\n|raw|sheeshshane925's rating: 1358 &rarr; <strong>1370</strong><br />(+12 for winning)\n|l|\u2606sheeshshane925\n|player|p2|\n|l|\u2606H3llp m4\n|player|p1|\n","uploadtime":1773549148,"views":11,"formatid":"gen9vgc2026regi","rating":1192,"private":0,"password":null}