{"id":"gen9vgc2026regi-2560021993","format":"[Gen 9] VGC 2026 Reg I","players":["saavin4","It'sJustKen VGC"],"log":"|j|\u2606saavin4\n|j|\u2606It'sJustKen VGC\n|t:|1773637415\n|gametype|doubles\n|player|p1|saavin4|101|1355\n|player|p2|It'sJustKen VGC|102|1426\n|gen|9\n|tier|[Gen 9] VGC 2026 Reg I\n|rated|\n|rule|Species Clause: Limit one of each Pok\u00e9mon\n|rule|Item Clause: Limit 1 of each item\n|clearpoke\n|poke|p1|Miraidon, L50|\n|poke|p1|Kyogre, L50|\n|poke|p1|Whimsicott, L50, F|\n|poke|p1|Chien-Pao, L50|\n|poke|p1|Urshifu-*, L50, F|\n|poke|p1|Landorus, L50, M|\n|poke|p2|Landorus, L50, M|\n|poke|p2|Amoonguss, L50, M|\n|poke|p2|Calyrex-Ice, L50|\n|poke|p2|Incineroar, L50, F|\n|poke|p2|Urshifu-*, L50, M|\n|poke|p2|Miraidon, L50|\n|teampreview|4\n|inactive|Battle timer is ON: inactive players will automatically lose when time's up. (requested by saavin4)\n|inactive|It'sJustKen VGC also wants the timer to be on.\n|inactive|saavin4 has 60 seconds left.\n|\n|t:|1773637449\n|teamsize|p1|4\n|teamsize|p2|4\n|start\n|switch|p1a: Kyogre|Kyogre, L50|100/100\n|switch|p1b: Landorus|Landorus, L50, M|100/100\n|switch|p2a: Antonelli|Miraidon, L50|100/100\n|switch|p2b: Verstappen|Urshifu-Rapid-Strike, L50, M|100/100\n|-fieldstart|move: Electric Terrain|[from] ability: Hadron Engine|[of] p2a: Antonelli\n|-weather|RainDance|[from] ability: Drizzle|[of] p1a: Kyogre\n|turn|1\n|\n|t:|1773637464\n|-terastallize|p2a: Antonelli|Electric\n|-terastallize|p1a: Kyogre|Ground\n|move|p2a: Antonelli|Volt Switch|p1a: Kyogre\n|-immune|p1a: Kyogre\n|move|p1a: Kyogre|Thunder|p2b: Verstappen\n|-supereffective|p2b: Verstappen\n|-enditem|p2b: Verstappen|Focus Sash\n|-damage|p2b: Verstappen|1/100\n|move|p2b: Verstappen|Surging Strikes|p1b: Landorus\n|-supereffective|p1b: Landorus\n|-crit|p1b: Landorus\n|-damage|p1b: Landorus|39/100\n|-supereffective|p1b: Landorus\n|-crit|p1b: Landorus\n|-damage|p1b: Landorus|0 fnt\n|faint|p1b: Landorus\n|-hitcount|p1: Landorus|2\n|\n|-weather|RainDance|[upkeep]\n|upkeep\n|\n|t:|1773637485\n|switch|p1b: Miraidon|Miraidon, L50|100/100\n|-activate|p1b: Miraidon|ability: Hadron Engine\n|turn|2\n|\n|t:|1773637490\n|move|p2b: Verstappen|Aqua Jet|p1a: Kyogre\n|-supereffective|p1a: Kyogre\n|-damage|p1a: Kyogre|21/100\n|move|p2a: Antonelli|Volt Switch|p1b: Miraidon\n|-resisted|p1b: Miraidon\n|-damage|p1b: Miraidon|79/100\n|\n|t:|1773637493\n|switch|p2a: Hamilton|Incineroar, L50, F|100/100|[from] Volt Switch\n|-ability|p2a: Hamilton|Intimidate|boost\n|-unboost|p1a: Kyogre|atk|1\n|-unboost|p1b: Miraidon|atk|1\n|move|p1a: Kyogre|Thunder|p2b: Verstappen\n|-supereffective|p2b: Verstappen\n|-crit|p2b: Verstappen\n|-damage|p2b: Verstappen|0 fnt\n|faint|p2b: Verstappen\n|move|p1b: Miraidon|Draco Meteor|p2a: Hamilton\n|-damage|p2a: Hamilton|9/100\n|-unboost|p1b: Miraidon|spa|2\n|\n|-weather|RainDance|[upkeep]\n|upkeep\n|\n|t:|1773637495\n|switch|p2b: Russel|Calyrex-Ice, L50|100/100\n|-ability|p2b: Russel|As One\n|-ability|p2b: Russel|Unnerve\n|turn|3\n|\n|t:|1773637501\n|switch|p1a: Urshifu|Urshifu-Rapid-Strike, L50, F|100/100\n|move|p2a: Hamilton|Fake Out|p1b: Miraidon\n|-damage|p1b: Miraidon|65/100\n|cant|p1b: Miraidon|flinch\n|move|p2b: Russel|Trick Room|p2b: Russel\n|-fieldstart|move: Trick Room|[of] p2b: Russel\n|\n|-weather|RainDance|[upkeep]\n|upkeep\n|turn|4\n|\n|t:|1773637518\n|switch|p1b: Kyogre|Kyogre, L50, tera:Ground|21/100\n|move|p1a: Urshifu|Aqua Jet|p2a: Hamilton\n|-supereffective|p2a: Hamilton\n|-damage|p2a: Hamilton|0 fnt\n|faint|p2a: Hamilton\n|move|p2b: Russel|Glacial Lance|p1b: Kyogre|[spread] p1a,p1b\n|-resisted|p1a: Urshifu\n|-supereffective|p1b: Kyogre\n|-damage|p1a: Urshifu|70/100\n|-damage|p1b: Kyogre|0 fnt\n|faint|p1b: Kyogre\n|-ability|p2b: Russel|Chilling Neigh|boost\n|-boost|p2b: Russel|atk|1\n|\n|-weather|RainDance|[upkeep]\n|upkeep\n|\n|t:|1773637523\n|switch|p2a: Antonelli|Miraidon, L50, tera:Electric|100/100\n|switch|p1b: Miraidon|Miraidon, L50|65/100\n|-activate|p1b: Miraidon|ability: Hadron Engine\n|-activate|p2a: Antonelli|ability: Hadron Engine\n|turn|5\n|\n|t:|1773637539\n|move|p1a: Urshifu|Protect|p1a: Urshifu\n|-singleturn|p1a: Urshifu|Protect\n|move|p2b: Russel|Glacial Lance|p1a: Urshifu|[spread] p1b\n|-activate|p1a: Urshifu|move: Protect\n|-supereffective|p1b: Miraidon\n|-damage|p1b: Miraidon|0 fnt\n|faint|p1b: Miraidon\n|-ability|p2b: Russel|Chilling Neigh|boost\n|-boost|p2b: Russel|atk|1\n|move|p2a: Antonelli|Electro Drift|p1a: Urshifu\n|-activate|p1a: Urshifu|move: Protect\n|\n|-weather|none\n|-fieldend|move: Electric Terrain\n|upkeep\n|turn|6\n|-message|saavin4 forfeited.\n|\n|win|It'sJustKen VGC\n|raw|saavin4's rating: 1355 &rarr; <strong>1339</strong><br />(-16 for losing)\n|raw|It&apos;sJustKen VGC's rating: 1426 &rarr; <strong>1442</strong><br />(+16 for winning)\n|l|\u2606saavin4\n|player|p1|\n|l|\u2606It'sJustKen VGC\n|player|p2|\n","uploadtime":1773637551,"views":14,"formatid":"gen9vgc2026regi","rating":1339,"private":0,"password":null}