{"id":"gen9vgc2026regi-2519244590","format":"[Gen 9] VGC 2026 Reg I","players":["lianyunbai","dasabe\u76d6\u6b27\u5361\u4fa0"],"log":"|j|\u2606lianyunbai\n|j|\u2606dasabe\u76d6\u6b27\u5361\u4fa0\n|t:|1768488161\n|gametype|doubles\n|player|p1|lianyunbai|169|1231\n|player|p2|dasabe\u76d6\u6b27\u5361\u4fa0|may-masters4|1410\n|gen|9\n|tier|[Gen 9] VGC 2026 Reg I\n|rated|\n|rule|Species Clause: Limit one of each Pok\u00e9mon\n|rule|Item Clause: Limit 1 of each item\n|clearpoke\n|poke|p1|Incineroar, L50, F|\n|poke|p1|Landorus, L50, M|\n|poke|p1|Calyrex-Shadow, L50|\n|poke|p1|Koraidon, L50|\n|poke|p1|Brute Bonnet, L50|\n|poke|p1|Raging Bolt, L50|\n|poke|p2|Kyogre, L50|\n|poke|p2|Miraidon, L50|\n|poke|p2|Whimsicott, L50, F|\n|poke|p2|Iron Hands, L50|\n|poke|p2|Farigiraf, L50, F|\n|poke|p2|Urshifu-*, L50, M|\n|teampreview|4\n|inactive|Battle timer is ON: inactive players will automatically lose when time's up. (requested by lianyunbai)\n|j| BanKingambit69247\n|inactive|lianyunbai has 60 seconds left.\n|\n|t:|1768488215\n|teamsize|p1|4\n|teamsize|p2|4\n|start\n|switch|p1a: Koraidon|Koraidon, L50|100/100\n|switch|p1b: Incineroar|Incineroar, L50, F|100/100\n|switch|p2a: \u5996\u820d\u7cbe\u62c9|Whimsicott, L50, F, shiny|100/100\n|switch|p2b: \u94f6\u91d1\u5996\u86c7|Miraidon, L50, shiny|100/100\n|-weather|SunnyDay|[from] ability: Orichalcum Pulse|[of] p1a: Koraidon\n|-activate|p1a: Koraidon|Orichalcum Pulse|[source]\n|-fieldstart|move: Electric Terrain|[from] ability: Hadron Engine|[of] p2b: \u94f6\u91d1\u5996\u86c7\n|-ability|p1b: Incineroar|Intimidate|boost\n|-unboost|p2a: \u5996\u820d\u7cbe\u62c9|atk|1\n|-unboost|p2b: \u94f6\u91d1\u5996\u86c7|atk|1\n|turn|1\n|\n|t:|1768488225\n|move|p2b: \u94f6\u91d1\u5996\u86c7|Protect|p2b: \u94f6\u91d1\u5996\u86c7\n|-singleturn|p2b: \u94f6\u91d1\u5996\u86c7|Protect\n|move|p1b: Incineroar|Fake Out|p2b: \u94f6\u91d1\u5996\u86c7\n|-activate|p2b: \u94f6\u91d1\u5996\u86c7|move: Protect\n|move|p2a: \u5996\u820d\u7cbe\u62c9|Tailwind|p2a: \u5996\u820d\u7cbe\u62c9\n|-sidestart|p2: dasabe\u76d6\u6b27\u5361\u4fa0|move: Tailwind\n|move|p1a: Koraidon|Flare Blitz|p2a: \u5996\u820d\u7cbe\u62c9\n|-supereffective|p2a: \u5996\u820d\u7cbe\u62c9\n|-enditem|p2a: \u5996\u820d\u7cbe\u62c9|Focus Sash\n|-damage|p2a: \u5996\u820d\u7cbe\u62c9|1/100\n|-damage|p1a: Koraidon|80/100|[from] Recoil\n|\n|-weather|SunnyDay|[upkeep]\n|upkeep\n|turn|2\n|\n|t:|1768488242\n|-terastallize|p2b: \u94f6\u91d1\u5996\u86c7|Fairy\n|move|p1a: Koraidon|Protect|p1a: Koraidon\n|-singleturn|p1a: Koraidon|Protect\n|move|p2a: \u5996\u820d\u7cbe\u62c9|Endeavor|p1b: Incineroar\n|-damage|p1b: Incineroar|1/100\n|-damage|p2a: \u5996\u820d\u7cbe\u62c9|0 fnt|[from] item: Rocky Helmet|[of] p1b: Incineroar\n|faint|p2a: \u5996\u820d\u7cbe\u62c9\n|move|p2b: \u94f6\u91d1\u5996\u86c7|Dazzling Gleam|p1b: Incineroar|[spread] p1b\n|-activate|p1a: Koraidon|move: Protect\n|-damage|p1b: Incineroar|0 fnt\n|faint|p1b: Incineroar\n|-damage|p2b: \u94f6\u91d1\u5996\u86c7|91/100|[from] item: Life Orb\n|\n|-weather|SunnyDay|[upkeep]\n|upkeep\n|\n|t:|1768488255\n|switch|p2a: \u6210\u90fd\u8001\u76d6|Kyogre, L50, shiny|100/100\n|switch|p1b: Landorus|Landorus, L50, M|100/100\n|-weather|RainDance|[from] ability: Drizzle|[of] p2a: \u6210\u90fd\u8001\u76d6\n|turn|3\n|\n|t:|1768488267\n|switch|p1a: Raging Bolt|Raging Bolt, L50|100/100\n|-terastallize|p1b: Landorus|Water\n|move|p2b: \u94f6\u91d1\u5996\u86c7|Dazzling Gleam|p1b: Landorus|[spread] p1a,p1b\n|-supereffective|p1a: Raging Bolt\n|-damage|p1a: Raging Bolt|33/100\n|-damage|p1b: Landorus|48/100\n|-damage|p2b: \u94f6\u91d1\u5996\u86c7|81/100|[from] item: Life Orb\n|move|p2a: \u6210\u90fd\u8001\u76d6|Water Spout|p1b: Landorus|[spread] p1a,p1b\n|-resisted|p1a: Raging Bolt\n|-resisted|p1b: Landorus\n|-damage|p1a: Raging Bolt|0 fnt\n|-damage|p1b: Landorus|0 fnt\n|faint|p1a: Raging Bolt\n|-end|p1a: Raging Bolt|Protosynthesis|[silent]\n|faint|p1b: Landorus\n|\n|-weather|RainDance|[upkeep]\n|upkeep\n|\n|t:|1768488281\n|switch|p1b: Koraidon|Koraidon, L50|80/100\n|-weather|SunnyDay|[from] ability: Orichalcum Pulse|[of] p1b: Koraidon\n|-activate|p1b: Koraidon|Orichalcum Pulse|[source]\n|turn|4\n|l| BanKingambit69247\n|\n|t:|1768488288\n|switch|p2a: \u5c0f\u5934\u63a7\u5927\u5934|Farigiraf, L50, F, shiny|100/100\n|-enditem|p2a: \u5c0f\u5934\u63a7\u5927\u5934|Electric Seed\n|-boost|p2a: \u5c0f\u5934\u63a7\u5927\u5934|def|1|[from] item: Electric Seed\n|move|p1b: Koraidon|Protect|p1b: Koraidon\n|-singleturn|p1b: Koraidon|Protect\n|move|p2b: \u94f6\u91d1\u5996\u86c7|Dazzling Gleam|p1b: Koraidon\n|-activate|p1b: Koraidon|move: Protect\n|\n|-weather|SunnyDay|[upkeep]\n|-sideend|p2: dasabe\u76d6\u6b27\u5361\u4fa0|move: Tailwind\n|upkeep\n|turn|5\n|\n|t:|1768488292\n|switch|p2a: \u6210\u90fd\u8001\u76d6|Kyogre, L50, shiny|100/100\n|-weather|RainDance|[from] ability: Drizzle|[of] p2a: \u6210\u90fd\u8001\u76d6\n|move|p1b: Koraidon|Collision Course|p2b: \u94f6\u91d1\u5996\u86c7\n|-resisted|p2b: \u94f6\u91d1\u5996\u86c7\n|-damage|p2b: \u94f6\u91d1\u5996\u86c7|57/100\n|move|p2b: \u94f6\u91d1\u5996\u86c7|Dazzling Gleam|p1b: Koraidon\n|-supereffective|p1b: Koraidon\n|-damage|p1b: Koraidon|0 fnt\n|faint|p1b: Koraidon\n|-damage|p2b: \u94f6\u91d1\u5996\u86c7|47/100|[from] item: Life Orb\n|\n|win|dasabe\u76d6\u6b27\u5361\u4fa0\n|raw|lianyunbai's rating: 1231 &rarr; <strong>1218</strong><br />(-13 for losing)\n|raw|dasabe\u76d6\u6b27\u5361\u4fa0's rating: 1410 &rarr; <strong>1421</strong><br />(+11 for winning)\n|l|\u2606lianyunbai\n|player|p1|\n|l|\u2606dasabe\u76d6\u6b27\u5361\u4fa0\n|player|p2|\n","uploadtime":1768488494,"views":12,"formatid":"gen9vgc2026regi","rating":1218,"private":0,"password":null}