{"id":"gen9vgc2026regi-2550117056","format":"[Gen 9] VGC 2026 Reg I","players":["nachetefilete","Simon0123"],"log":"|j|\u2606nachetefilete\n|j|\u2606Simon0123\n|t:|1772457086\n|gametype|doubles\n|player|p1|nachetefilete|hilbert|1230\n|player|p2|Simon0123|benga|1282\n|gen|9\n|tier|[Gen 9] VGC 2026 Reg I\n|rated|\n|rule|Species Clause: Limit one of each Pok\u00e9mon\n|rule|Item Clause: Limit 1 of each item\n|clearpoke\n|poke|p1|Sneasler, L50, F|\n|poke|p1|Calyrex-Shadow, L50|\n|poke|p1|Dondozo, L50, F|\n|poke|p1|Tatsugiri-Droopy, L50, M|\n|poke|p1|Chi-Yu, L50|\n|poke|p1|Miraidon, L50|\n|poke|p2|Terapagos, L50, M|\n|poke|p2|Calyrex-Ice, L50|\n|poke|p2|Amoonguss, L50, F|\n|poke|p2|Farigiraf, L50, F|\n|poke|p2|Incineroar, L50, M|\n|poke|p2|Urshifu-*, L50, M|\n|teampreview|4\n|inactive|Battle timer is ON: inactive players will automatically lose when time's up. (requested by nachetefilete)\n|inactive|Simon0123 also wants the timer to be on.\n|c|\u2606nachetefilete|gl\n|inactive|Simon0123 has 60 seconds left.\n|inactive|Simon0123 has 30 seconds left.\n|\n|t:|1772457154\n|teamsize|p1|4\n|teamsize|p2|4\n|start\n|switch|p1a: Miraidon|Miraidon, L50|100/100\n|switch|p1b: Sneasler|Sneasler, L50, F|100/100\n|switch|p2a: Farigiraf|Farigiraf, L50, F|100/100\n|switch|p2b: Incineroar|Incineroar, L50, M|100/100\n|-fieldstart|move: Electric Terrain|[from] ability: Hadron Engine|[of] p1a: Miraidon\n|-enditem|p1b: Sneasler|Electric Seed\n|-boost|p1b: Sneasler|def|1|[from] item: Electric Seed\n|-ability|p2b: Incineroar|Intimidate|boost\n|-unboost|p1a: Miraidon|atk|1\n|-unboost|p1b: Sneasler|atk|1\n|turn|1\n|\n|t:|1772457176\n|move|p2b: Incineroar|Fake Out|p1b: Sneasler\n|-damage|p1b: Sneasler|90/100\n|cant|p1b: Sneasler|flinch\n|move|p1a: Miraidon|Electro Drift|p2b: Incineroar\n|-damage|p2b: Incineroar|36/100\n|-enditem|p2b: Incineroar|Sitrus Berry|[eat]\n|-heal|p2b: Incineroar|61/100|[from] item: Sitrus Berry\n|move|p2a: Farigiraf|Trick Room|p2a: Farigiraf\n|-fieldstart|move: Trick Room|[of] p2a: Farigiraf\n|\n|upkeep\n|turn|2\n|c|\u2606Simon0123|Buenas suerte Nachete\n|inactive|Simon0123 has 30 seconds left.\n|\n|t:|1772457210\n|move|p2a: Farigiraf|Psychic|p1b: Sneasler\n|-supereffective|p1b: Sneasler\n|-damage|p1b: Sneasler|0 fnt\n|faint|p1b: Sneasler\n|move|p2b: Incineroar|Knock Off|p1a: Miraidon\n|-damage|p1a: Miraidon|65/100\n|-enditem|p1a: Miraidon|Assault Vest|[from] move: Knock Off|[of] p2b: Incineroar\n|move|p1a: Miraidon|Electro Drift|p2b: Incineroar\n|-damage|p2b: Incineroar|0 fnt\n|faint|p2b: Incineroar\n|\n|upkeep\n|\n|t:|1772457222\n|switch|p2b: Calyrex|Calyrex-Ice, L50|100/100\n|switch|p1b: Dondozo|Dondozo, L50, F|100/100\n|-ability|p2b: Calyrex|As One\n|-ability|p2b: Calyrex|Unnerve\n|turn|3\n|\n|t:|1772457236\n|-terastallize|p1a: Miraidon|Fairy\n|move|p2a: Farigiraf|Helping Hand|p2b: Calyrex\n|-singleturn|p2b: Calyrex|Helping Hand|[of] p2a: Farigiraf\n|move|p1b: Dondozo|Protect|p1b: Dondozo\n|-singleturn|p1b: Dondozo|Protect\n|move|p2b: Calyrex|Glacial Lance|p1a: Miraidon|[spread] p1a\n|-activate|p1b: Dondozo|move: Protect\n|-damage|p1a: Miraidon|0 fnt\n|faint|p1a: Miraidon\n|-ability|p2b: Calyrex|Chilling Neigh|boost\n|-boost|p2b: Calyrex|atk|1\n|\n|upkeep\n|\n|t:|1772457248\n|switch|p1a: Tatsugiri|Tatsugiri-Droopy, L50, M|100/100\n|-activate|p1a: Tatsugiri|ability: Commander|[of] p1b: Dondozo\n|-boost|p1b: Dondozo|atk|2\n|-boost|p1b: Dondozo|spa|2\n|-boost|p1b: Dondozo|spe|2\n|-boost|p1b: Dondozo|def|2\n|-boost|p1b: Dondozo|spd|2\n|turn|4\n|\n|t:|1772457258\n|move|p2a: Farigiraf|Helping Hand|p2b: Calyrex\n|-singleturn|p2b: Calyrex|Helping Hand|[of] p2a: Farigiraf\n|move|p2b: Calyrex|High Horsepower|p1b: Dondozo\n|-damage|p1b: Dondozo|84/100\n|move|p1b: Dondozo|Order Up|p2b: Calyrex\n|-damage|p2b: Calyrex|78/100\n|-boost|p1b: Dondozo|def|1\n|\n|-heal|p1b: Dondozo|90/100|[from] item: Leftovers\n|upkeep\n|turn|5\n|\n|t:|1772457275\n|move|p2b: Calyrex|High Horsepower|p1b: Dondozo\n|-damage|p1b: Dondozo|81/100\n|move|p2a: Farigiraf|Psychic|p1b: Dondozo\n|-damage|p1b: Dondozo|66/100\n|move|p1b: Dondozo|Order Up|p2b: Calyrex\n|-damage|p2b: Calyrex|57/100\n|-boost|p1b: Dondozo|def|1\n|\n|-heal|p1b: Dondozo|72/100|[from] item: Leftovers\n|-fieldend|move: Trick Room\n|-fieldend|move: Electric Terrain\n|upkeep\n|turn|6\n|\n|t:|1772457288\n|move|p2b: Calyrex|Protect|p2b: Calyrex\n|-singleturn|p2b: Calyrex|Protect\n|move|p1b: Dondozo|Body Press|p2b: Calyrex\n|-activate|p2b: Calyrex|move: Protect\n|move|p2a: Farigiraf|Trick Room|p2a: Farigiraf\n|-fieldstart|move: Trick Room|[of] p2a: Farigiraf\n|\n|-heal|p1b: Dondozo|78/100|[from] item: Leftovers\n|upkeep\n|turn|7\n|\n|t:|1772457307\n|move|p2b: Calyrex|High Horsepower|p1b: Dondozo\n|-damage|p1b: Dondozo|70/100\n|move|p2a: Farigiraf|Psychic|p1b: Dondozo\n|-damage|p1b: Dondozo|56/100\n|move|p1b: Dondozo|Body Press|p2b: Calyrex\n|-damage|p2b: Calyrex|9/100\n|\n|-heal|p1b: Dondozo|62/100|[from] item: Leftovers\n|upkeep\n|turn|8\n|\n|t:|1772457320\n|move|p1b: Dondozo|Protect|p1b: Dondozo\n|-singleturn|p1b: Dondozo|Protect\n|move|p2b: Calyrex|High Horsepower|p1b: Dondozo\n|-activate|p1b: Dondozo|move: Protect\n|move|p2a: Farigiraf|Psychic|p1b: Dondozo\n|-activate|p1b: Dondozo|move: Protect\n|\n|-heal|p1b: Dondozo|68/100|[from] item: Leftovers\n|upkeep\n|turn|9\n|\n|t:|1772457330\n|move|p2b: Calyrex|High Horsepower|p1b: Dondozo\n|-damage|p1b: Dondozo|61/100\n|move|p2a: Farigiraf|Psychic|p1b: Dondozo\n|-damage|p1b: Dondozo|46/100\n|move|p1b: Dondozo|Earthquake|p2b: Calyrex|[spread] p2a,p2b\n|-miss|p1b: Dondozo|p1a: Tatsugiri\n|-damage|p2a: Farigiraf|69/100\n|-damage|p2b: Calyrex|0 fnt\n|faint|p2b: Calyrex\n|\n|-heal|p1b: Dondozo|52/100|[from] item: Leftovers\n|upkeep\n|\n|t:|1772457340\n|switch|p2b: Terapagos|Terapagos, L50, M|100/100\n|-activate|p2b: Terapagos|ability: Tera Shift\n|detailschange|p2b: Terapagos|Terapagos-Terastal, L50, M\n|-heal|p2b: Terapagos|100/100|[silent]\n|turn|10\n|inactive|Simon0123 has 30 seconds left.\n|\n|t:|1772457366\n|move|p1b: Dondozo|Protect|p1b: Dondozo\n|-singleturn|p1b: Dondozo|Protect\n|move|p2a: Farigiraf|Psychic|p1b: Dondozo\n|-activate|p1b: Dondozo|move: Protect\n|move|p2b: Terapagos|Calm Mind|p2b: Terapagos\n|-boost|p2b: Terapagos|spa|1\n|-boost|p2b: Terapagos|spd|1\n|\n|-heal|p1b: Dondozo|58/100|[from] item: Leftovers\n|-fieldend|move: Trick Room\n|upkeep\n|turn|11\n|\n|t:|1772457378\n|move|p1b: Dondozo|Body Press|p2a: Farigiraf\n|-damage|p2a: Farigiraf|2/100\n|move|p2b: Terapagos|Calm Mind|p2b: Terapagos\n|-boost|p2b: Terapagos|spa|1\n|-boost|p2b: Terapagos|spd|1\n|move|p2a: Farigiraf|Trick Room|p2a: Farigiraf\n|-fieldstart|move: Trick Room|[of] p2a: Farigiraf\n|\n|-heal|p1b: Dondozo|64/100|[from] item: Leftovers\n|upkeep\n|turn|12\n|\n|t:|1772457394\n|-terastallize|p2b: Terapagos|Stellar\n|detailschange|p2b: Terapagos|Terapagos-Stellar, L50, M, tera:Stellar\n|-heal|p2b: Terapagos|100/100|[silent]\n|move|p2a: Farigiraf|Helping Hand|p2b: Terapagos\n|-singleturn|p2b: Terapagos|Helping Hand|[of] p2a: Farigiraf\n|move|p2b: Terapagos|Tera Starstorm|p1b: Dondozo|[spread] p1b\n|-miss|p2b: Terapagos|p1a: Tatsugiri\n|-damage|p1b: Dondozo|35/100\n|move|p1b: Dondozo|Earthquake|p2b: Terapagos|[spread] p2a,p2b\n|-miss|p1b: Dondozo|p1a: Tatsugiri\n|-damage|p2a: Farigiraf|0 fnt\n|-damage|p2b: Terapagos|79/100\n|faint|p2a: Farigiraf\n|\n|-heal|p2b: Terapagos|85/100|[from] item: Leftovers\n|-heal|p1b: Dondozo|41/100|[from] item: Leftovers\n|upkeep\n|turn|13\n|\n|t:|1772457414\n|move|p1b: Dondozo|Protect|p1b: Dondozo\n|-singleturn|p1b: Dondozo|Protect\n|move|p2b: Terapagos|Calm Mind|p2b: Terapagos\n|-boost|p2b: Terapagos|spa|1\n|-boost|p2b: Terapagos|spd|1\n|\n|-heal|p2b: Terapagos|91/100|[from] item: Leftovers\n|-heal|p1b: Dondozo|47/100|[from] item: Leftovers\n|upkeep\n|turn|14\n|\n|t:|1772457431\n|move|p2b: Terapagos|Tera Starstorm|p1b: Dondozo|[spread] p1b\n|-miss|p2b: Terapagos|p1a: Tatsugiri\n|-damage|p1b: Dondozo|27/100\n|move|p1b: Dondozo|Body Press|p2b: Terapagos\n|-supereffective|p2b: Terapagos\n|-damage|p2b: Terapagos|0 fnt\n|faint|p2b: Terapagos\n|detailschange|p2: Terapagos|Terapagos, L50, M|[silent]\n|\n|win|nachetefilete\n|raw|nachetefilete's rating: 1230 &rarr; <strong>1259</strong><br />(+29 for winning)\n|raw|Simon0123's rating: 1282 &rarr; <strong>1253</strong><br />(-29 for losing)\n|c|\u2606nachetefilete|gg\n|l|\u2606nachetefilete\n|player|p1|\n|l|\u2606Simon0123\n|player|p2|\n","uploadtime":1772457644,"views":12,"formatid":"gen9vgc2026regi","rating":1253,"private":0,"password":null}