{"id":"gen9vgc2026regi-2514407379","format":"[Gen 9] VGC 2026 Reg I","players":["tchillz","Voth"],"log":"|j|\u2606tchillz\n|j|\u2606Voth\n|t:|1767864605\n|gametype|doubles\n|player|p1|tchillz|lucas|1346\n|player|p2|Voth|dawn|1253\n|gen|9\n|tier|[Gen 9] VGC 2026 Reg I\n|rated|\n|rule|Species Clause: Limit one of each Pok\u00e9mon\n|rule|Item Clause: Limit 1 of each item\n|clearpoke\n|poke|p1|Koraidon, L50|\n|poke|p1|Lunala, L50|\n|poke|p1|Flutter Mane, L50|\n|poke|p1|Brute Bonnet, L50|\n|poke|p1|Chi-Yu, L50|\n|poke|p1|Ursaluna-Bloodmoon, L50, M|\n|poke|p2|Urshifu-*, L50, M|\n|poke|p2|Calyrex-Ice, L50|\n|poke|p2|Tornadus, L50, M|\n|poke|p2|Landorus, L50, M|\n|poke|p2|Rillaboom, L50, F|\n|poke|p2|Kyogre, L50|\n|teampreview|4\n|\n|t:|1767864631\n|teamsize|p1|4\n|teamsize|p2|4\n|start\n|switch|p1a: Lunala|Lunala, L50|100/100\n|switch|p1b: Brute Bonnet|Brute Bonnet, L50|100/100\n|switch|p2a: Aang|Tornadus, L50, M|100/100\n|switch|p2b: Mr miyagi|Urshifu-Rapid-Strike, L50, M|100/100\n|turn|1\n|inactive|Battle timer is ON: inactive players will automatically lose when time's up. (requested by tchillz)\n|\n|t:|1767864674\n|move|p2a: Aang|Rain Dance|p2a: Aang\n|-weather|RainDance\n|move|p2b: Mr miyagi|Surging Strikes|p1a: Lunala\n|-crit|p1a: Lunala\n|-damage|p1a: Lunala|81/100\n|-crit|p1a: Lunala\n|-damage|p1a: Lunala|43/100\n|-crit|p1a: Lunala\n|-damage|p1a: Lunala|6/100\n|-hitcount|p1a: Lunala|3\n|move|p1a: Lunala|Meteor Beam||[still]\n|-prepare|p1a: Lunala|Meteor Beam\n|-boost|p1a: Lunala|spa|1\n|-enditem|p1a: Lunala|Power Herb\n|-anim|p1a: Lunala|Meteor Beam|p2a: Aang\n|-supereffective|p2a: Aang\n|-damage|p2a: Aang|0 fnt\n|faint|p2a: Aang\n|move|p1b: Brute Bonnet|Spore|p2b: Mr miyagi\n|-status|p2b: Mr miyagi|slp|[from] move: Spore\n|\n|-weather|RainDance|[upkeep]\n|upkeep\n|\n|t:|1767864687\n|switch|p2a: Korra|Calyrex-Ice, L50|100/100\n|-ability|p2a: Korra|As One\n|-ability|p2a: Korra|Unnerve\n|turn|2\n|\n|t:|1767864705\n|move|p2a: Korra|Protect|p2a: Korra\n|-singleturn|p2a: Korra|Protect\n|move|p1b: Brute Bonnet|Sucker Punch||[still]\n|-fail|p1b: Brute Bonnet\n|cant|p2b: Mr miyagi|slp\n|move|p1a: Lunala|Moongeist Beam|p2a: Korra\n|-activate|p2a: Korra|move: Protect\n|\n|-weather|RainDance|[upkeep]\n|upkeep\n|turn|3\n|inactive|Voth has 30 seconds left.\n|\n|t:|1767864731\n|-terastallize|p2a: Korra|Water\n|-curestatus|p2b: Mr miyagi|slp|[msg]\n|move|p2b: Mr miyagi|Surging Strikes|p1b: Brute Bonnet\n|-resisted|p1b: Brute Bonnet\n|-crit|p1b: Brute Bonnet\n|-damage|p1b: Brute Bonnet|85/100\n|-damage|p2b: Mr miyagi|84/100|[from] item: Rocky Helmet|[of] p1b: Brute Bonnet\n|-resisted|p1b: Brute Bonnet\n|-crit|p1b: Brute Bonnet\n|-damage|p1b: Brute Bonnet|69/100\n|-damage|p2b: Mr miyagi|68/100|[from] item: Rocky Helmet|[of] p1b: Brute Bonnet\n|-resisted|p1b: Brute Bonnet\n|-crit|p1b: Brute Bonnet\n|-damage|p1b: Brute Bonnet|53/100\n|-damage|p2b: Mr miyagi|51/100|[from] item: Rocky Helmet|[of] p1b: Brute Bonnet\n|-hitcount|p1b: Brute Bonnet|3\n|move|p1a: Lunala|Moongeist Beam|p2a: Korra\n|-damage|p2a: Korra|46/100\n|move|p1b: Brute Bonnet|Spore|p2a: Korra\n|-status|p2a: Korra|slp|[from] move: Spore\n|cant|p2a: Korra|slp\n|\n|-weather|RainDance|[upkeep]\n|-heal|p2a: Korra|52/100 slp|[from] item: Leftovers\n|upkeep\n|turn|4\n|inactive|tchillz has 30 seconds left.\n|inactive|tchillz has 20 seconds left.\n|inactive|tchillz has 15 seconds left.\n|\n|t:|1767864774\n|move|p1b: Brute Bonnet|Rage Powder|p1b: Brute Bonnet\n|-singleturn|p1b: Brute Bonnet|move: Rage Powder\n|move|p2b: Mr miyagi|Surging Strikes|p1b: Brute Bonnet\n|-resisted|p1b: Brute Bonnet\n|-crit|p1b: Brute Bonnet\n|-damage|p1b: Brute Bonnet|38/100\n|-damage|p2b: Mr miyagi|35/100|[from] item: Rocky Helmet|[of] p1b: Brute Bonnet\n|-resisted|p1b: Brute Bonnet\n|-crit|p1b: Brute Bonnet\n|-damage|p1b: Brute Bonnet|24/100\n|-damage|p2b: Mr miyagi|18/100|[from] item: Rocky Helmet|[of] p1b: Brute Bonnet\n|-resisted|p1b: Brute Bonnet\n|-crit|p1b: Brute Bonnet\n|-damage|p1b: Brute Bonnet|9/100\n|-damage|p2b: Mr miyagi|2/100|[from] item: Rocky Helmet|[of] p1b: Brute Bonnet\n|-hitcount|p1b: Brute Bonnet|3\n|move|p1a: Lunala|Moonblast|p2b: Mr miyagi\n|-supereffective|p2b: Mr miyagi\n|-damage|p2b: Mr miyagi|0 fnt\n|faint|p2b: Mr miyagi\n|cant|p2a: Korra|slp\n|\n|-weather|RainDance|[upkeep]\n|-heal|p2a: Korra|58/100 slp|[from] item: Leftovers\n|upkeep\n|\n|t:|1767864778\n|switch|p2b: Nuke|Kyogre, L50|100/100\n|turn|5\n|inactive|tchillz has 30 seconds left.\n|\n|t:|1767864803\n|move|p1a: Lunala|Wide Guard|p1a: Lunala\n|-singleturn|p1a: Lunala|Wide Guard\n|move|p2b: Nuke|Thunder|p1b: Brute Bonnet\n|-resisted|p1b: Brute Bonnet\n|-damage|p1b: Brute Bonnet|0 fnt\n|faint|p1b: Brute Bonnet\n|-end|p1b: Brute Bonnet|Protosynthesis|[silent]\n|cant|p2a: Korra|slp\n|\n|-weather|none\n|-heal|p2a: Korra|64/100 slp|[from] item: Leftovers\n|upkeep\n|\n|t:|1767864816\n|switch|p1b: Koraidon|Koraidon, L50|100/100\n|-weather|SunnyDay|[from] ability: Orichalcum Pulse|[of] p1b: Koraidon\n|-activate|p1b: Koraidon|Orichalcum Pulse|[source]\n|turn|6\n|\n|t:|1767864836\n|move|p1b: Koraidon|Collision Course|p2a: Korra\n|-damage|p2a: Korra|5/100 slp\n|-damage|p1b: Koraidon|91/100|[from] item: Life Orb\n|move|p1a: Lunala|Moongeist Beam|p2a: Korra\n|-damage|p2a: Korra|0 fnt\n|faint|p2a: Korra\n|move|p2b: Nuke|Thunder|p1a: Lunala\n|-damage|p1a: Lunala|0 fnt\n|faint|p1a: Lunala\n|\n|-weather|SunnyDay|[upkeep]\n|upkeep\n|\n|t:|1767864851\n|switch|p1a: Ursaluna|Ursaluna-Bloodmoon, L50, M|100/100\n|turn|7\n|\n|t:|1767864858\n|move|p1b: Koraidon|Collision Course|p2b: Nuke\n|-damage|p2b: Nuke|7/100\n|-damage|p1b: Koraidon|81/100|[from] item: Life Orb\n|move|p2b: Nuke|Origin Pulse|p1b: Koraidon|[spread] p1a,p1b\n|-supereffective|p1a: Ursaluna\n|-resisted|p1b: Koraidon\n|-damage|p1a: Ursaluna|50/100\n|-damage|p1b: Koraidon|65/100\n|move|p1a: Ursaluna|Blood Moon|p2b: Nuke\n|-damage|p2b: Nuke|0 fnt\n|faint|p2b: Nuke\n|\n|win|tchillz\n|raw|tchillz's rating: 1346 &rarr; <strong>1361</strong><br />(+15 for winning)\n|raw|Voth's rating: 1253 &rarr; <strong>1235</strong><br />(-18 for losing)\n|l|\u2606tchillz\n|player|p1|\n","uploadtime":1767865005,"views":13,"formatid":"gen9vgc2026regi","rating":1235,"private":0,"password":null}