{"id":"gen9vgc2026regi-2561448456","format":"[Gen 9] VGC 2026 Reg I","players":["Bman311","bbqsus"],"log":"|j|\u2606Bman311\n|j|\u2606bbqsus\n|t:|1773797344\n|gametype|doubles\n|player|p1|Bman311|cynthia-gen7|1475\n|player|p2|bbqsus|brycenman|1431\n|gen|9\n|tier|[Gen 9] VGC 2026 Reg I\n|rated|\n|rule|Species Clause: Limit one of each Pok\u00e9mon\n|rule|Item Clause: Limit 1 of each item\n|clearpoke\n|poke|p1|Miraidon, L50|\n|poke|p1|Calyrex-Ice, L50|\n|poke|p1|Incineroar, L50, M|\n|poke|p1|Farigiraf, L50, M|\n|poke|p1|Iron Valiant, L50|\n|poke|p1|Ursaluna, L50, F|\n|poke|p2|Calyrex-Shadow, L50|\n|poke|p2|Smeargle, L50, F|\n|poke|p2|Torkoal, L50, F|\n|poke|p2|Flamigo, L50, F|\n|poke|p2|Dialga-Origin, L50|\n|poke|p2|Muk-Alola, L50, F|\n|teampreview|4\n|inactive|Battle timer is ON: inactive players will automatically lose when time's up. (requested by Bman311)\n|l|\u2606Bman311\n|inactive|Bman311 disconnected and has a minute to reconnect!\n|player|p1|\n|j|\u2606Bman311\n|inactive|Bman311 reconnected and has 70 seconds left.\n|player|p1|Bman311|cynthia-gen7|\n|inactive|Bman311 has 60 seconds left.\n|\n|t:|1773797378\n|teamsize|p1|4\n|teamsize|p2|4\n|start\n|switch|p1a: Miraidon|Miraidon, L50|100/100\n|switch|p1b: Farigiraf|Farigiraf, L50, M|100/100\n|switch|p2a: Smeargle|Smeargle, L50, F, shiny|100/100\n|switch|p2b: Muk|Muk-Alola, L50, F, shiny|100/100\n|-fieldstart|move: Electric Terrain|[from] ability: Hadron Engine|[of] p1a: Miraidon\n|-enditem|p1b: Farigiraf|Electric Seed\n|-boost|p1b: Farigiraf|def|1|[from] item: Electric Seed\n|turn|1\n|\n|t:|1773797389\n|move|p2a: Smeargle|Follow Me|p2a: Smeargle\n|-singleturn|p2a: Smeargle|move: Follow Me\n|move|p1a: Miraidon|Volt Switch|p2a: Smeargle\n|-damage|p2a: Smeargle|0 fnt\n|faint|p2a: Smeargle\n|-ability|p2b: Muk|Moody|Power of Alchemy|[from] ability: Power of Alchemy|[of] p2a: Smeargle\n|\n|t:|1773797391\n|switch|p1a: Iron Valiant|Iron Valiant, L50|100/100|[from] Volt Switch\n|-activate|p1a: Iron Valiant|ability: Quark Drive\n|-start|p1a: Iron Valiant|quarkdrivespe\n|move|p1b: Farigiraf|Foul Play|p2b: Muk\n|-resisted|p2b: Muk\n|-damage|p2b: Muk|89/100\n|move|p2b: Muk|Minimize|p2b: Muk\n|-boost|p2b: Muk|evasion|2\n|\n|-heal|p2b: Muk|95/100|[from] item: Leftovers\n|-ability|p2b: Muk|Moody|boost\n|-boost|p2b: Muk|spd|2\n|-unboost|p2b: Muk|def|1\n|upkeep\n|\n|t:|1773797398\n|switch|p2a: Calyrex|Calyrex-Shadow, L50|100/100\n|-ability|p2a: Calyrex|As One\n|-ability|p2a: Calyrex|Unnerve\n|turn|2\n|\n|t:|1773797417\n|switch|p1b: Ursaluna|Ursaluna, L50, F|100/100\n|move|p2a: Calyrex|Protect|p2a: Calyrex\n|-singleturn|p2a: Calyrex|Protect\n|move|p1a: Iron Valiant|Encore|p2b: Muk\n|-start|p2b: Muk|Encore\n|move|p2b: Muk|Minimize|p2b: Muk\n|-boost|p2b: Muk|evasion|2\n|\n|-heal|p2b: Muk|100/100|[from] item: Leftovers\n|-status|p1b: Ursaluna|brn|[from] item: Flame Orb\n|-ability|p2b: Muk|Moody|boost\n|-boost|p2b: Muk|spa|2\n|-unboost|p2b: Muk|spe|1\n|upkeep\n|turn|3\n|\n|t:|1773797429\n|switch|p2a: Flamigo|Flamigo, L50, F, shiny|100/100\n|-copyboost|p2a: Flamigo|p2b: Muk|[from] ability: Costar\n|-enditem|p2a: Flamigo|White Herb\n|-clearnegativeboost|p2a: Flamigo|[silent]\n|-terastallize|p2b: Muk|Grass\n|move|p1a: Iron Valiant|Encore|p2a: Flamigo|[miss]\n|-miss|p1a: Iron Valiant|p2a: Flamigo\n|move|p1b: Ursaluna|Facade|p2b: Muk|[miss]\n|-miss|p1b: Ursaluna|p2b: Muk\n|move|p2b: Muk|Minimize|p2b: Muk\n|-boost|p2b: Muk|evasion|2\n|\n|-damage|p1b: Ursaluna|95/100 brn|[from] brn\n|-ability|p2b: Muk|Moody|boost\n|-boost|p2b: Muk|atk|2\n|-unboost|p2b: Muk|spa|1\n|upkeep\n|turn|4\n|j| bionicfox\n|\n|t:|1773797451\n|-terastallize|p1b: Ursaluna|Ghost\n|move|p1a: Iron Valiant|Icy Wind|p2b: Muk|[spread] p2a\n|-miss|p1a: Iron Valiant|p2b: Muk\n|-supereffective|p2a: Flamigo\n|-damage|p2a: Flamigo|83/100\n|-unboost|p2a: Flamigo|spe|1\n|move|p2a: Flamigo|Brave Bird|p1a: Iron Valiant\n|-supereffective|p1a: Iron Valiant\n|-enditem|p1a: Iron Valiant|Focus Sash\n|-damage|p1a: Iron Valiant|1/100\n|-damage|p2a: Flamigo|51/100|[from] Recoil\n|move|p1b: Ursaluna|Facade|p2a: Flamigo|[miss]\n|-miss|p1b: Ursaluna|p2a: Flamigo\n|move|p2b: Muk|Minimize|p2b: Muk\n|-boost|p2b: Muk|evasion|0\n|\n|-damage|p1b: Ursaluna|89/100 brn|[from] brn\n|-end|p2b: Muk|Encore\n|-ability|p2b: Muk|Moody|boost\n|-boost|p2b: Muk|spe|2\n|-unboost|p2b: Muk|spd|1\n|upkeep\n|turn|5\n|\n|t:|1773797470\n|move|p1a: Iron Valiant|Encore|p2b: Muk|[miss]\n|-miss|p1a: Iron Valiant|p2b: Muk\n|move|p2b: Muk|Knock Off|p1a: Iron Valiant\n|-resisted|p1a: Iron Valiant\n|-damage|p1a: Iron Valiant|0 fnt\n|faint|p1a: Iron Valiant\n|-end|p1a: Iron Valiant|Quark Drive|[silent]\n|move|p2a: Flamigo|Tailwind|p2a: Flamigo\n|-sidestart|p2: bbqsus|move: Tailwind\n|move|p1b: Ursaluna|Facade|p2a: Flamigo\n|-damage|p2a: Flamigo|0 fnt\n|faint|p2a: Flamigo\n|\n|-damage|p1b: Ursaluna|83/100 brn|[from] brn\n|-fieldend|move: Electric Terrain\n|-ability|p2b: Muk|Moody|boost\n|-boost|p2b: Muk|spa|2\n|-unboost|p2b: Muk|spe|1\n|upkeep\n|\n|t:|1773797481\n|switch|p1a: Miraidon|Miraidon, L50|100/100\n|switch|p2a: Calyrex|Calyrex-Shadow, L50|100/100\n|-ability|p2a: Calyrex|As One\n|-ability|p2a: Calyrex|Unnerve\n|-fieldstart|move: Electric Terrain|[from] ability: Hadron Engine|[of] p1a: Miraidon\n|turn|6\n|\n|t:|1773797488\n|switch|p1b: Farigiraf|Farigiraf, L50, M|100/100\n|move|p2a: Calyrex|Psych Up|p2b: Muk\n|-copyboost|p2a: Calyrex|p2b: Muk|[from] move: Psych Up\n|move|p1a: Miraidon|Electro Drift|p2a: Calyrex|[miss]\n|-miss|p1a: Miraidon|p2a: Calyrex\n|move|p2b: Muk|Knock Off|p1b: Farigiraf\n|-supereffective|p1b: Farigiraf\n|-damage|p1b: Farigiraf|18/100\n|\n|-ability|p2b: Muk|Moody|boost\n|-boost|p2b: Muk|def|2\n|-unboost|p2b: Muk|spa|1\n|upkeep\n|turn|7\n|\n|t:|1773797502\n|move|p2a: Calyrex|Draining Kiss|p1a: Miraidon\n|-supereffective|p1a: Miraidon\n|-damage|p1a: Miraidon|13/100\n|move|p1a: Miraidon|Electro Drift|p2a: Calyrex|[miss]\n|-miss|p1a: Miraidon|p2a: Calyrex\n|move|p2b: Muk|Knock Off|p1b: Farigiraf\n|-supereffective|p1b: Farigiraf\n|-crit|p1b: Farigiraf\n|-damage|p1b: Farigiraf|0 fnt\n|faint|p1b: Farigiraf\n|\n|-ability|p2b: Muk|Moody|boost\n|-boost|p2b: Muk|spa|2\n|-unboost|p2b: Muk|atk|1\n|upkeep\n|\n|t:|1773797508\n|switch|p1b: Ursaluna|Ursaluna, L50, F, tera:Ghost|83/100 brn\n|turn|8\n|\n|t:|1773797511\n|move|p2a: Calyrex|Astral Barrage|p1a: Miraidon|[spread] p1a,p1b\n|-supereffective|p1b: Ursaluna\n|-damage|p1a: Miraidon|0 fnt\n|-damage|p1b: Ursaluna|0 fnt\n|faint|p1a: Miraidon\n|faint|p1b: Ursaluna\n|\n|win|bbqsus\n|raw|Bman311's rating: 1475 &rarr; <strong>1452</strong><br />(-23 for losing)\n|raw|bbqsus's rating: 1431 &rarr; <strong>1454</strong><br />(+23 for winning)\n|l|\u2606bbqsus\n|player|p2|\n|l|\u2606Bman311\n|player|p1|\n","uploadtime":1773797771,"views":11,"formatid":"gen9vgc2026regi","rating":1452,"private":0,"password":null}