{"id":"gen9vgc2026regi-2578983409","format":"[Gen 9] VGC 2026 Reg I","players":["jacobthesexything","jj11j1"],"log":"|j|\u2606jacobthesexything\n|j|\u2606jj11j1\n|t:|1775742700\n|gametype|doubles\n|player|p1|jacobthesexything|rood|1372\n|player|p2|jj11j1|101|1445\n|gen|9\n|tier|[Gen 9] VGC 2026 Reg I\n|rated|\n|rule|Species Clause: Limit one of each Pok\u00e9mon\n|rule|Item Clause: Limit 1 of each item\n|clearpoke\n|poke|p1|Grimmsnarl, L50, M|\n|poke|p1|Urshifu-*, L50, F|\n|poke|p1|Tornadus, L50, M|\n|poke|p1|Calyrex-Shadow, L50|\n|poke|p1|Kyogre, L50|\n|poke|p1|Enamorus, L50, F|\n|poke|p2|Ho-Oh, L50|\n|poke|p2|Calyrex-Ice, L50|\n|poke|p2|Overqwil, L50, F|\n|poke|p2|Ting-Lu, L50|\n|poke|p2|Rillaboom, L50, M|\n|poke|p2|Ogerpon-Wellspring, L50, F|\n|teampreview|4\n|inactive|Battle timer is ON: inactive players will automatically lose when time's up. (requested by jacobthesexything)\njacobthesexything has agreed to open team sheets.\n|c|\u2606jacobthesexything|glhf\n|inactive|jj11j1 has 60 seconds left.\n|\n|t:|1775742735\n|teamsize|p1|4\n|teamsize|p2|4\n|start\n|switch|p1a: Grimmsnarl|Grimmsnarl, L50, M|100/100\n|switch|p1b: Enamorus|Enamorus, L50, F|100/100\n|switch|p2a: Overqwil|Overqwil, L50, F|100/100\n|switch|p2b: Rillaboom|Rillaboom, L50, M|100/100\n|-fieldstart|move: Grassy Terrain|[from] ability: Grassy Surge|[of] p2b: Rillaboom\n|-ability|p2a: Overqwil|Intimidate|boost\n|-unboost|p1a: Grimmsnarl|atk|1\n|-boost|p1b: Enamorus|atk|1\n|turn|1\n|inactive|jacobthesexything has 30 seconds left.\n|\n|t:|1775742763\n|-terastallize|p1a: Grimmsnarl|Steel\n|move|p1b: Enamorus|Protect|p1b: Enamorus\n|-singleturn|p1b: Enamorus|Protect\n|move|p2b: Rillaboom|Fake Out|p1b: Enamorus\n|-activate|p1b: Enamorus|move: Protect\n|move|p1a: Grimmsnarl|Light Screen|p1a: Grimmsnarl\n|-sidestart|p1: jacobthesexything|move: Light Screen\n|move|p2a: Overqwil|Barb Barrage|p1b: Enamorus\n|-activate|p1b: Enamorus|move: Protect\n|\n|upkeep\n|turn|2\n|\n|t:|1775742780\n|move|p1a: Grimmsnarl|Parting Shot|p1b: Enamorus\n|-boost|p1b: Enamorus|atk|1\n|-boost|p1b: Enamorus|spa|1\n|\n|t:|1775742785\n|switch|p1a: Kyogre|Kyogre, L50|100/100|[from] Parting Shot\n|-weather|RainDance|[from] ability: Drizzle|[of] p1a: Kyogre\n|move|p1b: Enamorus|Springtide Storm|p2a: Overqwil|[spread] p2a\n|-miss|p1b: Enamorus|p2b: Rillaboom\n|-damage|p2a: Overqwil|24/100\n|-damage|p1b: Enamorus|90/100|[from] item: Life Orb\n|move|p2b: Rillaboom|U-turn|p1a: Kyogre\n|-damage|p1a: Kyogre|74/100\n|\n|t:|1775742796\n|switch|p2b: Calyrex|Calyrex-Ice, L50|100/100|[from] U-turn\n|-ability|p2b: Calyrex|As One\n|-ability|p2b: Calyrex|Unnerve\n|move|p2a: Overqwil|Barb Barrage|p1b: Enamorus\n|-supereffective|p1b: Enamorus\n|-damage|p1b: Enamorus|18/100\n|\n|-weather|RainDance|[upkeep]\n|-heal|p1a: Kyogre|80/100|[from] Grassy Terrain\n|-heal|p2a: Overqwil|31/100|[from] Grassy Terrain\n|-heal|p2a: Overqwil|37/100|[from] item: Black Sludge\n|upkeep\n|turn|3\n|\n|t:|1775742816\n|-terastallize|p2b: Calyrex|Water\n|move|p2a: Overqwil|Protect|p2a: Overqwil\n|-singleturn|p2a: Overqwil|Protect\n|move|p1a: Kyogre|Water Spout|p2a: Overqwil|[spread] p2b\n|-activate|p2a: Overqwil|move: Protect\n|-resisted|p2b: Calyrex\n|-damage|p2b: Calyrex|77/100\n|move|p1b: Enamorus|Springtide Storm|p2b: Calyrex|[spread] p2b\n|-activate|p2a: Overqwil|move: Protect\n|-damage|p2b: Calyrex|27/100\n|-damage|p1b: Enamorus|8/100|[from] item: Life Orb\n|move|p2b: Calyrex|Trick Room|p2b: Calyrex\n|-fieldstart|move: Trick Room|[of] p2b: Calyrex\n|\n|-weather|RainDance|[upkeep]\n|-heal|p2b: Calyrex|33/100|[from] Grassy Terrain\n|-heal|p2b: Calyrex|39/100|[from] item: Leftovers\n|-heal|p2a: Overqwil|43/100|[from] Grassy Terrain\n|-heal|p2a: Overqwil|49/100|[from] item: Black Sludge\n|-heal|p1a: Kyogre|86/100|[from] Grassy Terrain\n|upkeep\n|turn|4\n|\n|t:|1775742841\n|move|p1b: Enamorus|Protect|p1b: Enamorus\n|-singleturn|p1b: Enamorus|Protect\n|move|p2b: Calyrex|Leech Seed|p1a: Kyogre\n|-start|p1a: Kyogre|move: Leech Seed\n|move|p2a: Overqwil|Barb Barrage|p1b: Enamorus\n|-activate|p1b: Enamorus|move: Protect\n|move|p1a: Kyogre|Water Spout|p2a: Overqwil|[spread] p2a,p2b\n|-resisted|p2b: Calyrex\n|-damage|p2a: Overqwil|0 fnt\n|-damage|p2b: Calyrex|15/100\n|faint|p2a: Overqwil\n|\n|-weather|RainDance|[upkeep]\n|-heal|p2b: Calyrex|21/100|[from] Grassy Terrain\n|-heal|p2b: Calyrex|27/100|[from] item: Leftovers\n|-heal|p1a: Kyogre|91/100|[from] Grassy Terrain\n|-damage|p1a: Kyogre|79/100|[from] Leech Seed|[of] p2b: Calyrex\n|-heal|p2b: Calyrex|37/100|[silent]\n|upkeep\n|\n|t:|1775742863\n|switch|p2a: Ting-Lu|Ting-Lu, L50|100/100\n|-ability|p2a: Ting-Lu|Vessel of Ruin\n|turn|5\n|\n|t:|1775742871\n|move|p2b: Calyrex|Glacial Lance|p1b: Enamorus|[spread] p1a,p1b\n|-resisted|p1a: Kyogre\n|-supereffective|p1b: Enamorus\n|-damage|p1a: Kyogre|55/100\n|-damage|p1b: Enamorus|0 fnt\n|faint|p1b: Enamorus\n|-ability|p2b: Calyrex|Chilling Neigh|boost\n|-boost|p2b: Calyrex|atk|1\n|move|p2a: Ting-Lu|Stomping Tantrum|p1a: Kyogre\n|-damage|p1a: Kyogre|0 fnt\n|faint|p1a: Kyogre\n|\n|-weather|RainDance|[upkeep]\n|-heal|p2b: Calyrex|43/100|[from] Grassy Terrain\n|-heal|p2b: Calyrex|49/100|[from] item: Leftovers\n|-fieldend|move: Grassy Terrain\n|upkeep\n|c|\u2606jacobthesexything|gg\n|\n|t:|1775742885\n|switch|p1a: Grimmsnarl|Grimmsnarl, L50, M, tera:Steel|100/100\n|switch|p1b: Calyrex|Calyrex-Shadow, L50|100/100\n|-ability|p1b: Calyrex|As One\n|-ability|p1b: Calyrex|Unnerve\n|turn|6\n|\n|t:|1775742902\n|move|p1a: Grimmsnarl|Parting Shot|p2b: Calyrex\n|-unboost|p2b: Calyrex|atk|1\n|-unboost|p2b: Calyrex|spa|1\n|move|p2b: Calyrex|Leech Seed|p1a: Grimmsnarl\n|-start|p1a: Grimmsnarl|move: Leech Seed\n|move|p2a: Ting-Lu|Stomping Tantrum|p1a: Grimmsnarl\n|-supereffective|p1a: Grimmsnarl\n|-damage|p1a: Grimmsnarl|0 fnt\n|faint|p1a: Grimmsnarl\n|move|p1b: Calyrex|Astral Barrage|p2a: Ting-Lu|[spread] p2a,p2b\n|-resisted|p2a: Ting-Lu\n|-damage|p2a: Ting-Lu|84/100\n|-damage|p2b: Calyrex|21/100\n|\n|-weather|none\n|-heal|p2b: Calyrex|27/100|[from] item: Leftovers\n|upkeep\n|turn|7\n|-message|jacobthesexything forfeited.\n|\n|win|jj11j1\n|raw|jacobthesexything's rating: 1372 &rarr; <strong>1356</strong><br />(-16 for losing)\n|raw|jj11j1's rating: 1445 &rarr; <strong>1461</strong><br />(+16 for winning)\n|l|\u2606jacobthesexything\n|player|p1|\n|l|\u2606jj11j1\n|player|p2|\n","uploadtime":1775743076,"views":10,"formatid":"gen9vgc2026regi","rating":1356,"private":0,"password":null}