{"id":"gen9vgc2026regi-2546818336","format":"[Gen 9] VGC 2026 Reg I","players":["marcxhenry","EllenJoe2026"],"log":"|j|\u2606marcxhenry\n|j|\u2606EllenJoe2026\n|t:|1772016484\n|gametype|doubles\n|player|p1|marcxhenry|hilbert-wonderlauncher|1595\n|player|p2|EllenJoe2026|iono|1547\n|gen|9\n|tier|[Gen 9] VGC 2026 Reg I\n|rated|\n|rule|Species Clause: Limit one of each Pok\u00e9mon\n|rule|Item Clause: Limit 1 of each item\n|clearpoke\n|poke|p1|Calyrex-Shadow, L50|\n|poke|p1|Urshifu-*, L50, M|\n|poke|p1|Roaring Moon, L50|\n|poke|p1|Kyogre, L50|\n|poke|p1|Tsareena, L50, F|\n|poke|p1|Kingambit, L50, M|\n|poke|p2|Calyrex-Shadow, L50|\n|poke|p2|Zamazenta-*, L50|\n|poke|p2|Incineroar, L50, F|\n|poke|p2|Rillaboom, L50, F|\n|poke|p2|Ogerpon-Cornerstone, L50, F|\n|poke|p2|Tornadus, L50, M|\n|teampreview|4\n|inactive|Battle timer is ON: inactive players will automatically lose when time's up. (requested by EllenJoe2026)\n|\n|t:|1772016500\n|teamsize|p1|4\n|teamsize|p2|4\n|start\n|switch|p1a: Ludwig|Calyrex-Shadow, L50|100/100\n|switch|p1b: Tripitz|Kyogre, L50, shiny|100/100\n|switch|p2a: Rillaboom|Rillaboom, L50, F, shiny|100/100\n|switch|p2b: Zamazenta|Zamazenta-Crowned, L50, shiny|100/100\n|-ability|p1a: Ludwig|As One\n|-ability|p1a: Ludwig|Unnerve\n|-ability|p2b: Zamazenta|Dauntless Shield|boost\n|-boost|p2b: Zamazenta|def|1\n|-weather|RainDance|[from] ability: Drizzle|[of] p1b: Tripitz\n|-fieldstart|move: Grassy Terrain|[from] ability: Grassy Surge|[of] p2a: Rillaboom\n|turn|1\n|\n|t:|1772016522\n|move|p1a: Ludwig|Protect|p1a: Ludwig\n|-singleturn|p1a: Ludwig|Protect\n|move|p2b: Zamazenta|Wide Guard|p2b: Zamazenta\n|-singleturn|p2b: Zamazenta|Wide Guard\n|move|p1b: Tripitz|Origin Pulse|p2a: Rillaboom|[spread] \n|-activate|p2a: Rillaboom|move: Wide Guard\n|-activate|p2b: Zamazenta|move: Wide Guard\n|move|p2a: Rillaboom|Wood Hammer|p1a: Ludwig\n|-activate|p1a: Ludwig|move: Protect\n|\n|-weather|RainDance|[upkeep]\n|upkeep\n|turn|2\n|\n|t:|1772016541\n|switch|p1b: Hitmonshe|Tsareena, L50, F, shiny|100/100\n|move|p2b: Zamazenta|Wide Guard|p2b: Zamazenta\n|-singleturn|p2b: Zamazenta|Wide Guard\n|move|p1a: Ludwig|Psychic|p2b: Zamazenta\n|-damage|p2b: Zamazenta|59/100\n|move|p2a: Rillaboom|Wood Hammer|p1a: Ludwig\n|-enditem|p1a: Ludwig|Focus Sash\n|-damage|p1a: Ludwig|1/100\n|-damage|p2a: Rillaboom|73/100|[from] Recoil\n|\n|-weather|RainDance|[upkeep]\n|-heal|p1a: Ludwig|7/100|[from] Grassy Terrain\n|-heal|p2b: Zamazenta|65/100|[from] Grassy Terrain\n|-heal|p2a: Rillaboom|79/100|[from] Grassy Terrain\n|upkeep\n|turn|3\n|inactive|EllenJoe2026 has 30 seconds left.\n|inactive|EllenJoe2026 has 20 seconds left.\n|\n|t:|1772016579\n|move|p1a: Ludwig|Protect|p1a: Ludwig\n|-singleturn|p1a: Ludwig|Protect\n|move|p2b: Zamazenta|Wide Guard|p2b: Zamazenta\n|-singleturn|p2b: Zamazenta|Wide Guard\n|move|p1b: Hitmonshe|Triple Axel|p2a: Rillaboom\n|-supereffective|p2a: Rillaboom\n|-damage|p2a: Rillaboom|64/100\n|-supereffective|p2a: Rillaboom\n|-damage|p2a: Rillaboom|35/100\n|-supereffective|p2a: Rillaboom\n|-damage|p2a: Rillaboom|0 fnt\n|faint|p2a: Rillaboom\n|-hitcount|p2: Rillaboom|3\n|\n|-weather|RainDance|[upkeep]\n|-heal|p1a: Ludwig|12/100|[from] Grassy Terrain\n|-heal|p2b: Zamazenta|71/100|[from] Grassy Terrain\n|upkeep\n|\n|t:|1772016585\n|switch|p2a: Calyrex|Calyrex-Shadow, L50|100/100\n|-ability|p2a: Calyrex|As One\n|-ability|p2a: Calyrex|Unnerve\n|turn|4\n|inactive|EllenJoe2026 has 30 seconds left.\n|\n|t:|1772016616\n|-terastallize|p1a: Ludwig|Normal\n|-terastallize|p2a: Calyrex|Dark\n|move|p1b: Hitmonshe|Protect|p1b: Hitmonshe\n|-singleturn|p1b: Hitmonshe|Protect\n|move|p2a: Calyrex|Astral Barrage|p1a: Ludwig|[spread] \n|-activate|p1b: Hitmonshe|move: Protect\n|-immune|p1a: Ludwig\n|move|p2b: Zamazenta|Body Press|p1b: Hitmonshe\n|-activate|p1b: Hitmonshe|move: Protect\n|move|p1a: Ludwig|Trick Room|p1a: Ludwig\n|-fieldstart|move: Trick Room|[of] p1a: Ludwig\n|\n|-weather|RainDance|[upkeep]\n|-heal|p2b: Zamazenta|77/100|[from] Grassy Terrain\n|-heal|p1a: Ludwig|18/100|[from] Grassy Terrain\n|upkeep\n|turn|5\n|\n|t:|1772016640\n|switch|p1a: Rhein\u00fcbung|Urshifu-Rapid-Strike, L50, M|100/100\n|move|p1b: Hitmonshe|Taunt|p2b: Zamazenta\n|-start|p2b: Zamazenta|move: Taunt\n|move|p2b: Zamazenta|Body Press|p1a: Rhein\u00fcbung\n|-damage|p1a: Rhein\u00fcbung|31/100\n|move|p2a: Calyrex|Astral Barrage|p1a: Rhein\u00fcbung|[spread] p1a,p1b\n|-damage|p1a: Rhein\u00fcbung|0 fnt\n|-damage|p1b: Hitmonshe|29/100\n|faint|p1a: Rhein\u00fcbung\n|-ability|p2a: Calyrex|Grim Neigh|boost\n|-boost|p2a: Calyrex|spa|1\n|\n|-weather|none\n|-heal|p1b: Hitmonshe|35/100|[from] Grassy Terrain\n|-heal|p2b: Zamazenta|83/100|[from] Grassy Terrain\n|-fieldend|move: Grassy Terrain\n|upkeep\n|\n|t:|1772016656\n|switch|p1a: Tripitz|Kyogre, L50, shiny|100/100\n|-weather|RainDance|[from] ability: Drizzle|[of] p1a: Tripitz\n|turn|6\n|\n|t:|1772016665\n|switch|p2b: Tornadus|Tornadus, L50, M, shiny|100/100\n|move|p2a: Calyrex|Protect|p2a: Calyrex\n|-singleturn|p2a: Calyrex|Protect\n|move|p1b: Hitmonshe|Triple Axel|p2a: Calyrex\n|-activate|p2a: Calyrex|move: Protect\n|move|p1a: Tripitz|Water Spout|p2b: Tornadus|[spread] p2b\n|-activate|p2a: Calyrex|move: Protect\n|-damage|p2b: Tornadus|0 fnt\n|faint|p2b: Tornadus\n|\n|-weather|RainDance|[upkeep]\n|upkeep\n|\n|t:|1772016671\n|switch|p2b: Zamazenta|Zamazenta-Crowned, L50, shiny|83/100\n|turn|7\n|\n|t:|1772016681\n|move|p2b: Zamazenta|Wide Guard|p2b: Zamazenta\n|-singleturn|p2b: Zamazenta|Wide Guard\n|move|p1b: Hitmonshe|Power Whip|p2a: Calyrex|[miss]\n|-miss|p1b: Hitmonshe|p2a: Calyrex\n|move|p1a: Tripitz|Hydro Pump|p2a: Calyrex\n|-damage|p2a: Calyrex|0 fnt\n|faint|p2a: Calyrex\n|\n|-weather|RainDance|[upkeep]\n|upkeep\n|turn|8\n|-message|EllenJoe2026 forfeited.\n|\n|win|marcxhenry\n|raw|marcxhenry's rating: 1595 &rarr; <strong>1612</strong><br />(+17 for winning)\n|raw|EllenJoe2026's rating: 1547 &rarr; <strong>1530</strong><br />(-17 for losing)\n|l|\u2606EllenJoe2026\n|player|p2|\n|l|\u2606marcxhenry\n|player|p1|\n","uploadtime":1772016926,"views":28,"formatid":"gen9vgc2026regi","rating":1530,"private":0,"password":null}