{"id":"gen9vgc2026regi-2588513320","format":"[Gen 9] VGC 2026 Reg I","players":["LewyyyG13","jj11j1"],"log":"|j|\u2606LewyyyG13\n|j|\u2606jj11j1\n|t:|1776640440\n|gametype|doubles\n|player|p1|LewyyyG13|169|1409\n|player|p2|jj11j1|169|1580\n|gen|9\n|tier|[Gen 9] VGC 2026 Reg I\n|rated|\n|rule|Species Clause: Limit one of each Pok\u00e9mon\n|rule|Item Clause: Limit 1 of each item\n|clearpoke\n|poke|p1|Kyogre, L50|\n|poke|p1|Tornadus, L50, M|\n|poke|p1|Rillaboom, L50, F|\n|poke|p1|Urshifu-*, L50, F|\n|poke|p1|Flutter Mane, L50|\n|poke|p1|Zacian-*, L50|\n|poke|p2|Ho-Oh, L50|\n|poke|p2|Calyrex-Ice, L50|\n|poke|p2|Overqwil, L50, F|\n|poke|p2|Ting-Lu, L50|\n|poke|p2|Rillaboom, L50, M|\n|poke|p2|Ogerpon-Wellspring, L50, F|\n|teampreview|4\n|inactive|Battle timer is ON: inactive players will automatically lose when time's up. (requested by LewyyyG13)\n|\n|t:|1776640505\n|teamsize|p1|4\n|teamsize|p2|4\n|start\n|switch|p1a: Kyogre|Kyogre, L50|100/100\n|switch|p1b: Tornadus|Tornadus, L50, M|100/100\n|switch|p2a: Rillaboom|Rillaboom, L50, M|100/100\n|switch|p2b: Calyrex|Calyrex-Ice, L50|100/100\n|-ability|p2b: Calyrex|As One\n|-ability|p2b: Calyrex|Unnerve\n|-weather|RainDance|[from] ability: Drizzle|[of] p1a: Kyogre\n|-fieldstart|move: Grassy Terrain|[from] ability: Grassy Surge|[of] p2a: Rillaboom\n|turn|1\n|inactive|LewyyyG13 has 30 seconds left.\n|inactive|jj11j1 has 30 seconds left.\n|inactive|LewyyyG13 has 20 seconds left.\n|inactive|LewyyyG13 has 15 seconds left.\n|inactive|LewyyyG13 has 10 seconds left.\n|inactive|LewyyyG13 has 5 seconds left.\n|\n|t:|1776640556\n|-terastallize|p2b: Calyrex|Water\n|move|p1a: Kyogre|Protect|p1a: Kyogre\n|-singleturn|p1a: Kyogre|Protect\n|move|p2a: Rillaboom|Fake Out|p1a: Kyogre\n|-activate|p1a: Kyogre|move: Protect\n|move|p1b: Tornadus|Taunt|p2b: Calyrex\n|-start|p2b: Calyrex|move: Taunt\n|cant|p2b: Calyrex|move: Taunt|Trick Room\n|\n|-weather|RainDance|[upkeep]\n|upkeep\n|turn|2\n|inactive|LewyyyG13 has 30 seconds left.\n|inactive|LewyyyG13 has 20 seconds left.\n|inactive|LewyyyG13 has 15 seconds left.\n|inactive|LewyyyG13 has 10 seconds left.\n|\n|t:|1776640605\n|-terastallize|p1a: Kyogre|Grass\n|move|p1b: Tornadus|Bleakwind Storm|p2b: Calyrex|[spread] p2a,p2b\n|-supereffective|p2a: Rillaboom\n|-damage|p2a: Rillaboom|51/100\n|-damage|p2b: Calyrex|78/100\n|move|p1a: Kyogre|Origin Pulse|p2a: Rillaboom|[spread] p2a,p2b\n|-resisted|p2a: Rillaboom\n|-resisted|p2b: Calyrex\n|-damage|p2a: Rillaboom|24/100\n|-damage|p2b: Calyrex|55/100\n|move|p2a: Rillaboom|Wood Hammer|p1a: Kyogre\n|-resisted|p1a: Kyogre\n|-damage|p1a: Kyogre|63/100\n|-damage|p2a: Rillaboom|12/100|[from] Recoil\n|move|p2b: Calyrex|Glacial Lance|p1a: Kyogre|[spread] p1a,p1b\n|-supereffective|p1a: Kyogre\n|-supereffective|p1b: Tornadus\n|-damage|p1a: Kyogre|0 fnt\n|-enditem|p1b: Tornadus|Focus Sash\n|-damage|p1b: Tornadus|1/100\n|faint|p1a: Kyogre\n|-ability|p2b: Calyrex|Chilling Neigh|boost\n|-boost|p2b: Calyrex|atk|1\n|\n|-weather|RainDance|[upkeep]\n|-heal|p2a: Rillaboom|18/100|[from] Grassy Terrain\n|-heal|p2b: Calyrex|60/100|[from] Grassy Terrain\n|-heal|p2b: Calyrex|66/100|[from] item: Leftovers\n|upkeep\n|inactive|LewyyyG13 has 30 seconds left.\n|inactive|LewyyyG13 has 20 seconds left.\n|inactive|LewyyyG13 has 15 seconds left.\n|\n|t:|1776640647\n|switch|p1a: Zacian|Zacian-Crowned, L50|100/100\n|-ability|p1a: Zacian|Intrepid Sword|boost\n|-boost|p1a: Zacian|atk|1\n|turn|3\n|\n|t:|1776640671\n|switch|p2a: Overqwil|Overqwil, L50, F|100/100\n|-ability|p2a: Overqwil|Intimidate|boost\n|-unboost|p1a: Zacian|atk|1\n|-unboost|p1b: Tornadus|atk|1\n|switch|p2b: Ho-Oh|Ho-Oh, L50|100/100\n|move|p1b: Tornadus|Protect|p1b: Tornadus\n|-singleturn|p1b: Tornadus|Protect\n|move|p1a: Zacian|Behemoth Blade|p2a: Overqwil\n|-damage|p2a: Overqwil|44/100\n|\n|-weather|RainDance|[upkeep]\n|-heal|p2a: Overqwil|50/100|[from] Grassy Terrain\n|-heal|p2a: Overqwil|57/100|[from] item: Black Sludge\n|upkeep\n|turn|4\n|inactive|LewyyyG13 has 30 seconds left.\n|inactive|jj11j1 has 30 seconds left.\n|\n|t:|1776640704\n|move|p2a: Overqwil|Protect|p2a: Overqwil\n|-singleturn|p2a: Overqwil|Protect\n|move|p1a: Zacian|Play Rough|p2a: Overqwil\n|-activate|p2a: Overqwil|move: Protect\n|move|p1b: Tornadus|Bleakwind Storm|p2b: Ho-Oh|[spread] p2b\n|-activate|p2a: Overqwil|move: Protect\n|-crit|p2b: Ho-Oh\n|-damage|p2b: Ho-Oh|70/100\n|move|p2b: Ho-Oh|Sacred Fire|p1a: Zacian\n|-supereffective|p1a: Zacian\n|-damage|p1a: Zacian|60/100\n|\n|-weather|RainDance|[upkeep]\n|-heal|p1a: Zacian|67/100|[from] Grassy Terrain\n|-heal|p2a: Overqwil|63/100|[from] Grassy Terrain\n|-heal|p2a: Overqwil|69/100|[from] item: Black Sludge\n|upkeep\n|turn|5\n|inactive|jj11j1 has 30 seconds left.\n|\n|t:|1776640729\n|move|p1a: Zacian|Play Rough|p2a: Overqwil\n|-damage|p2a: Overqwil|19/100\n|move|p1b: Tornadus|Bleakwind Storm|p2a: Overqwil|[spread] p2a,p2b\n|-damage|p2a: Overqwil|0 fnt\n|-damage|p2b: Ho-Oh|49/100\n|faint|p2a: Overqwil\n|move|p2b: Ho-Oh|Life Dew|p2b: Ho-Oh\n|-heal|p2b: Ho-Oh|74/100\n|\n|-weather|none\n|-heal|p1a: Zacian|73/100|[from] Grassy Terrain\n|-fieldend|move: Grassy Terrain\n|upkeep\n|\n|t:|1776640743\n|switch|p2a: Rillaboom|Rillaboom, L50, M|18/100\n|-fieldstart|move: Grassy Terrain|[from] ability: Grassy Surge|[of] p2a: Rillaboom\n|turn|6\n|inactive|LewyyyG13 has 30 seconds left.\n|\n|t:|1776640771\n|move|p1b: Tornadus|Protect|p1b: Tornadus\n|-singleturn|p1b: Tornadus|Protect\n|move|p1a: Zacian|Play Rough|p2a: Rillaboom\n|-damage|p2a: Rillaboom|0 fnt\n|faint|p2a: Rillaboom\n|move|p2b: Ho-Oh|Life Dew|p2b: Ho-Oh\n|-heal|p2b: Ho-Oh|99/100\n|\n|-heal|p1a: Zacian|79/100|[from] Grassy Terrain\n|upkeep\n|\n|t:|1776640782\n|switch|p2a: Calyrex|Calyrex-Ice, L50, tera:Water|66/100\n|-ability|p2a: Calyrex|As One\n|-ability|p2a: Calyrex|Unnerve\n|turn|7\n|inactive|LewyyyG13 has 30 seconds left.\n|\n|t:|1776640815\n|move|p2a: Calyrex|Protect|p2a: Calyrex\n|-singleturn|p2a: Calyrex|Protect\n|move|p1a: Zacian|Play Rough|p2a: Calyrex\n|-activate|p2a: Calyrex|move: Protect\n|move|p1b: Tornadus|Bleakwind Storm|p2a: Calyrex|[spread] p2b\n|-activate|p2a: Calyrex|move: Protect\n|-damage|p2b: Ho-Oh|77/100\n|-unboost|p2b: Ho-Oh|spe|1\n|move|p2b: Ho-Oh|Sacred Fire|p1b: Tornadus\n|-damage|p1b: Tornadus|0 fnt\n|faint|p1b: Tornadus\n|\n|-heal|p1a: Zacian|85/100|[from] Grassy Terrain\n|-heal|p2a: Calyrex|72/100|[from] Grassy Terrain\n|-heal|p2a: Calyrex|78/100|[from] item: Leftovers\n|upkeep\n|\n|t:|1776640832\n|switch|p1b: Urshifu|Urshifu, L50, F|100/100\n|turn|8\n|\n|t:|1776640847\n|move|p1a: Zacian|Protect|p1a: Zacian\n|-singleturn|p1a: Zacian|Protect\n|move|p1b: Urshifu|Wicked Blow|p2a: Calyrex\n|-crit|p2a: Calyrex\n|-damage|p2a: Calyrex|47/100\n|move|p2b: Ho-Oh|Sacred Fire|p1b: Urshifu\n|-damage|p1b: Urshifu|57/100\n|move|p2a: Calyrex|Trick Room|p2a: Calyrex\n|-fieldstart|move: Trick Room|[of] p2a: Calyrex\n|\n|-heal|p2a: Calyrex|53/100|[from] Grassy Terrain\n|-heal|p2a: Calyrex|58/100|[from] item: Leftovers\n|-heal|p1a: Zacian|91/100|[from] Grassy Terrain\n|-heal|p1b: Urshifu|64/100|[from] Grassy Terrain\n|upkeep\n|turn|9\n|\n|t:|1776640868\n|move|p2a: Calyrex|Glacial Lance|p1b: Urshifu|[spread] p1a,p1b\n|-resisted|p1a: Zacian\n|-damage|p1a: Zacian|70/100\n|-damage|p1b: Urshifu|12/100\n|move|p2b: Ho-Oh|Sacred Fire|p1b: Urshifu\n|-damage|p1b: Urshifu|0 fnt\n|faint|p1b: Urshifu\n|move|p1a: Zacian|Play Rough|p2a: Calyrex\n|-damage|p2a: Calyrex|34/100\n|\n|-heal|p2a: Calyrex|40/100|[from] Grassy Terrain\n|-heal|p2a: Calyrex|45/100|[from] item: Leftovers\n|-heal|p1a: Zacian|76/100|[from] Grassy Terrain\n|upkeep\n|turn|10\n|-message|LewyyyG13 forfeited.\n|\n|win|jj11j1\n|raw|LewyyyG13's rating: 1409 &rarr; <strong>1398</strong><br />(-11 for losing)\n|raw|jj11j1's rating: 1580 &rarr; <strong>1591</strong><br />(+11 for winning)\n|l|\u2606LewyyyG13\n|player|p1|\n|l|\u2606jj11j1\n|player|p2|\n","uploadtime":1776641107,"views":6,"formatid":"gen9vgc2026regi","rating":1398,"private":0,"password":null}