{"id":"gen9vgc2026regi-2548365284","format":"[Gen 9] VGC 2026 Reg I","players":["tryashy","drive stone"],"log":"|j|\u2606tryashy\n|j|\u2606drive stone\n|t:|1772207803\n|gametype|doubles\n|player|p1|tryashy|dawn|1454\n|player|p2|drive stone|cilan|1374\n|gen|9\n|tier|[Gen 9] VGC 2026 Reg I\n|rated|\n|rule|Species Clause: Limit one of each Pok\u00e9mon\n|rule|Item Clause: Limit 1 of each item\n|clearpoke\n|poke|p1|Calyrex-Ice, L50|\n|poke|p1|Kyogre, L50|\n|poke|p1|Rillaboom, L50, M|\n|poke|p1|Grimmsnarl, L50, M|\n|poke|p1|Golduck, L50, M|\n|poke|p1|Amoonguss, L50, M|\n|poke|p2|Calyrex-Ice, L50|\n|poke|p2|Ho-Oh, L50|\n|poke|p2|Overqwil, L50, M|\n|poke|p2|Rillaboom, L50, M|\n|poke|p2|Ting-Lu, L50|\n|poke|p2|Ogerpon-Wellspring, L50, F|\n|teampreview|4\n|inactive|Battle timer is ON: inactive players will automatically lose when time's up. (requested by tryashy)\n|\n|t:|1772207824\n|teamsize|p1|4\n|teamsize|p2|4\n|start\n|switch|p1a: Calyrex|Calyrex-Ice, L50|100/100\n|switch|p1b: Grimmsnarl|Grimmsnarl, L50, M|100/100\n|switch|p2a: Calyrex|Calyrex-Ice, L50|100/100\n|switch|p2b: Ogerpon|Ogerpon-Wellspring, L50, F|100/100\n|-ability|p1a: Calyrex|As One\n|-ability|p1a: Calyrex|Unnerve\n|-ability|p2a: Calyrex|As One\n|-ability|p2a: Calyrex|Unnerve\n|turn|1\n|\n|t:|1772207847\n|switch|p2b: Overqwil|Overqwil, L50, M|100/100\n|-ability|p2b: Overqwil|Intimidate|boost\n|-fail|p1a: Calyrex|unboost|[from] item: Clear Amulet|[of] p1a: Calyrex\n|-unboost|p1b: Grimmsnarl|atk|1\n|-terastallize|p2a: Calyrex|Water\n|move|p1b: Grimmsnarl|Taunt|p2a: Calyrex\n|-start|p2a: Calyrex|move: Taunt\n|move|p1a: Calyrex|Glacial Lance|p2b: Overqwil|[spread] p2a,p2b\n|-resisted|p2a: Calyrex\n|-damage|p2a: Calyrex|87/100\n|-damage|p2b: Overqwil|45/100\n|cant|p2a: Calyrex|move: Taunt|Leech Seed\n|\n|-heal|p2b: Overqwil|52/100|[from] item: Black Sludge\n|-heal|p2a: Calyrex|93/100|[from] item: Leftovers\n|upkeep\n|turn|2\n|\n|t:|1772207867\n|move|p1b: Grimmsnarl|Reflect|p1b: Grimmsnarl\n|-sidestart|p1: tryashy|Reflect\n|move|p2b: Overqwil|Barb Barrage|p1b: Grimmsnarl\n|-supereffective|p1b: Grimmsnarl\n|-crit|p1b: Grimmsnarl\n|-damage|p1b: Grimmsnarl|34/100\n|-status|p1b: Grimmsnarl|psn\n|move|p1a: Calyrex|Leech Seed|p2a: Calyrex\n|-start|p2a: Calyrex|move: Leech Seed\n|move|p2a: Calyrex|Glacial Lance|p1b: Grimmsnarl|[spread] p1a,p1b\n|-resisted|p1a: Calyrex\n|-damage|p1a: Calyrex|91/100\n|-damage|p1b: Grimmsnarl|3/100 psn\n|\n|-heal|p2b: Overqwil|58/100|[from] item: Black Sludge\n|-heal|p2a: Calyrex|99/100|[from] item: Leftovers\n|-damage|p2a: Calyrex|86/100|[from] Leech Seed|[of] p1a: Calyrex\n|-heal|p1a: Calyrex|100/100|[silent]\n|-damage|p1b: Grimmsnarl|0 fnt|[from] psn\n|faint|p1b: Grimmsnarl\n|upkeep\n|\n|t:|1772207878\n|switch|p1b: Kyogre|Kyogre, L50|100/100\n|-weather|RainDance|[from] ability: Drizzle|[of] p1b: Kyogre\n|turn|3\n|\n|t:|1772207894\n|switch|p2a: Ogerpon|Ogerpon-Wellspring, L50, F|100/100\n|move|p1b: Kyogre|Water Spout|p2b: Overqwil|[spread] p2b\n|-immune|p2a: Ogerpon|[from] ability: Water Absorb\n|-damage|p2b: Overqwil|0 fnt\n|faint|p2b: Overqwil\n|move|p1a: Calyrex|Glacial Lance|p2a: Ogerpon\n|-damage|p2a: Ogerpon|28/100\n|\n|-weather|RainDance|[upkeep]\n|upkeep\n|\n|t:|1772207907\n|switch|p2b: Calyrex|Calyrex-Ice, L50, tera:Water|86/100\n|-ability|p2b: Calyrex|As One\n|-ability|p2b: Calyrex|Unnerve\n|turn|4\n|\n|t:|1772207929\n|move|p1b: Kyogre|Protect|p1b: Kyogre\n|-singleturn|p1b: Kyogre|Protect\n|move|p2a: Ogerpon|Horn Leech|p1b: Kyogre\n|-activate|p1b: Kyogre|move: Protect\n|move|p1a: Calyrex|Glacial Lance|p2b: Calyrex|[spread] p2a,p2b\n|-resisted|p2b: Calyrex\n|-damage|p2a: Ogerpon|0 fnt\n|-damage|p2b: Calyrex|73/100\n|faint|p2a: Ogerpon\n|-ability|p1a: Calyrex|Chilling Neigh|boost\n|-boost|p1a: Calyrex|atk|1\n|move|p2b: Calyrex|Leech Seed|p1a: Calyrex\n|-start|p1a: Calyrex|move: Leech Seed\n|\n|-weather|RainDance|[upkeep]\n|-heal|p2b: Calyrex|79/100|[from] item: Leftovers\n|-damage|p1a: Calyrex|88/100|[from] Leech Seed|[of] p2b: Calyrex\n|-heal|p2b: Calyrex|91/100|[silent]\n|upkeep\n|\n|t:|1772207947\n|switch|p2a: Rillaboom|Rillaboom, L50, M|100/100\n|-fieldstart|move: Grassy Terrain|[from] ability: Grassy Surge|[of] p2a: Rillaboom\n|turn|5\n|\n|t:|1772207968\n|-terastallize|p1b: Kyogre|Grass\n|move|p2a: Rillaboom|Fake Out|p1a: Calyrex\n|-damage|p1a: Calyrex|83/100\n|move|p1b: Kyogre|Water Spout|p2a: Rillaboom|[spread] p2a,p2b\n|-resisted|p2a: Rillaboom\n|-resisted|p2b: Calyrex\n|-damage|p2a: Rillaboom|60/100\n|-damage|p2b: Calyrex|53/100\n|cant|p1a: Calyrex|flinch\n|move|p2b: Calyrex|Leech Seed|p1b: Kyogre\n|-immune|p1b: Kyogre\n|\n|-weather|RainDance|[upkeep]\n|-heal|p2a: Rillaboom|66/100|[from] Grassy Terrain\n|-heal|p1a: Calyrex|88/100|[from] Grassy Terrain\n|-heal|p2b: Calyrex|59/100|[from] Grassy Terrain\n|-heal|p2b: Calyrex|65/100|[from] item: Leftovers\n|-damage|p1a: Calyrex|76/100|[from] Leech Seed|[of] p2b: Calyrex\n|-heal|p2b: Calyrex|77/100|[silent]\n|upkeep\n|turn|6\n|\n|t:|1772207981\n|move|p1b: Kyogre|Water Spout|p2b: Calyrex|[spread] p2a,p2b\n|-resisted|p2a: Rillaboom\n|-resisted|p2b: Calyrex\n|-damage|p2a: Rillaboom|24/100\n|-damage|p2b: Calyrex|40/100\n|move|p2a: Rillaboom|U-turn|p1a: Calyrex\n|-supereffective|p1a: Calyrex\n|-damage|p1a: Calyrex|58/100\n|move|p1a: Calyrex|Glacial Lance|p2b: Calyrex|[spread] p2a,p2b\n|-supereffective|p2a: Rillaboom\n|-crit|p2a: Rillaboom\n|-resisted|p2b: Calyrex\n|-damage|p2a: Rillaboom|0 fnt\n|-damage|p2b: Calyrex|19/100\n|faint|p2a: Rillaboom\n|-ability|p1a: Calyrex|Chilling Neigh|boost\n|-boost|p1a: Calyrex|atk|1\n|move|p2b: Calyrex|Glacial Lance|p1b: Kyogre|[spread] p1a,p1b\n|-resisted|p1a: Calyrex\n|-supereffective|p1b: Kyogre\n|-damage|p1a: Calyrex|48/100\n|-damage|p1b: Kyogre|36/100\n|\n|-weather|RainDance|[upkeep]\n|-heal|p1b: Kyogre|42/100|[from] Grassy Terrain\n|-heal|p1a: Calyrex|54/100|[from] Grassy Terrain\n|-heal|p2b: Calyrex|25/100|[from] Grassy Terrain\n|-heal|p2b: Calyrex|30/100|[from] item: Leftovers\n|-damage|p1a: Calyrex|42/100|[from] Leech Seed|[of] p2b: Calyrex\n|-heal|p2b: Calyrex|43/100|[silent]\n|upkeep\n|turn|7\n|inactive|tryashy has 30 seconds left.\n|\n|t:|1772208006\n|move|p2b: Calyrex|Protect|p2b: Calyrex\n|-singleturn|p2b: Calyrex|Protect\n|move|p1b: Kyogre|Thunder|p2b: Calyrex\n|-activate|p2b: Calyrex|move: Protect\n|move|p1a: Calyrex|Glacial Lance|p2b: Calyrex\n|-activate|p2b: Calyrex|move: Protect\n|\n|-weather|none\n|-heal|p1b: Kyogre|48/100|[from] Grassy Terrain\n|-heal|p1a: Calyrex|48/100|[from] Grassy Terrain\n|-heal|p2b: Calyrex|48/100|[from] Grassy Terrain\n|-heal|p2b: Calyrex|54/100|[from] item: Leftovers\n|-damage|p1a: Calyrex|36/100|[from] Leech Seed|[of] p2b: Calyrex\n|-heal|p2b: Calyrex|66/100|[silent]\n|upkeep\n|turn|8\n|\n|t:|1772208016\n|move|p1b: Kyogre|Thunder|p2b: Calyrex\n|-supereffective|p2b: Calyrex\n|-damage|p2b: Calyrex|10/100\n|move|p1a: Calyrex|Glacial Lance|p2b: Calyrex\n|-resisted|p2b: Calyrex\n|-damage|p2b: Calyrex|0 fnt\n|faint|p2b: Calyrex\n|\n|win|tryashy\n|raw|tryashy's rating: 1454 &rarr; <strong>1469</strong><br />(+15 for winning)\n|raw|drive stone's rating: 1374 &rarr; <strong>1359</strong><br />(-15 for losing)\n|l|\u2606tryashy\n|player|p1|\n|l|\u2606drive stone\n|player|p2|\n","uploadtime":1772208190,"views":13,"formatid":"gen9vgc2026regi","rating":1359,"private":0,"password":null}