{"id":"gen9vgc2026regi-2513864727","format":"[Gen 9] VGC 2026 Reg I","players":["blackred123\u6c38\u96cf\u5854\u83f2\u4fa0","we all hate ursf"],"log":"|j|\u2606blackred123\u6c38\u96cf\u5854\u83f2\u4fa0\n|j|\u203dwe all hate ursf\n|t:|1767794137\n|gametype|doubles\n|player|p1|blackred123\u6c38\u96cf\u5854\u83f2\u4fa0|iono-masters|1127\n|player|p2|we all hate ursf|shadowtriad|1213\n|gen|9\n|tier|[Gen 9] VGC 2026 Reg I\n|rated|\n|rule|Species Clause: Limit one of each Pok\u00e9mon\n|rule|Item Clause: Limit 1 of each item\n|clearpoke\n|poke|p1|Calyrex-Shadow, L50|\n|poke|p1|Zamazenta-*, L50|\n|poke|p1|Chien-Pao, L50|\n|poke|p1|Dragonite, L50, F|\n|poke|p1|Amoonguss, L50, F|\n|poke|p1|Ogerpon-Cornerstone, L50, F|\n|poke|p2|Groudon, L50|\n|poke|p2|Calyrex-Ice, L50|\n|poke|p2|Lilligant-Hisui, L50, F|\n|poke|p2|Flutter Mane, L50|\n|poke|p2|Chi-Yu, L50|\n|poke|p2|Raging Bolt, L50|\n|teampreview|4\n|inactive|Battle timer is ON: inactive players will automatically lose when time's up. (requested by we all hate ursf)\n|inactive|blackred123\u6c38\u96cf\u5854\u83f2\u4fa0 also wants the timer to be on.\n|\n|t:|1767794164\n|teamsize|p1|4\n|teamsize|p2|4\n|start\n|switch|p1a: Zamazenta|Zamazenta-Crowned, L50|100/100\n|switch|p1b: Chien-Pao|Chien-Pao, L50|100/100\n|switch|p2a: Groudon|Groudon, L50, shiny|100/100\n|switch|p2b: Lilligant|Lilligant-Hisui, L50, F, shiny|100/100\n|-ability|p1b: Chien-Pao|Sword of Ruin\n|-ability|p1a: Zamazenta|Dauntless Shield|boost\n|-boost|p1a: Zamazenta|def|1\n|-weather|SunnyDay|[from] ability: Drought|[of] p2a: Groudon\n|turn|1\n|\n|t:|1767794187\n|-terastallize|p1a: Zamazenta|Dragon\n|-terastallize|p2a: Groudon|Fire\n|move|p2b: Lilligant|Sleep Powder|p1a: Zamazenta\n|-status|p1a: Zamazenta|slp|[from] move: Sleep Powder\n|move|p1b: Chien-Pao|Ruination|p2a: Groudon\n|-damage|p2a: Groudon|50/100\n|cant|p1a: Zamazenta|slp\n|move|p2a: Groudon|Heat Crash|p1b: Chien-Pao\n|-supereffective|p1b: Chien-Pao\n|-damage|p1b: Chien-Pao|0 fnt\n|faint|p1b: Chien-Pao\n|\n|-weather|SunnyDay|[upkeep]\n|upkeep\n|\n|t:|1767794205\n|switch|p1b: Calyrex|Calyrex-Shadow, L50|100/100\n|-ability|p1b: Calyrex|As One\n|-ability|p1b: Calyrex|Unnerve\n|turn|2\n|\n|t:|1767794212\n|move|p2b: Lilligant|Sleep Powder|p1b: Calyrex\n|-status|p1b: Calyrex|slp|[from] move: Sleep Powder\n|cant|p1b: Calyrex|slp\n|-curestatus|p1a: Zamazenta|slp|[msg]\n|move|p1a: Zamazenta|Body Press|p2b: Lilligant\n|-damage|p2b: Lilligant|10/100\n|move|p2a: Groudon|Precipice Blades|p1b: Calyrex|[spread] \n|-miss|p2a: Groudon|p1a: Zamazenta\n|-miss|p2a: Groudon|p1b: Calyrex\n|\n|-weather|SunnyDay|[upkeep]\n|upkeep\n|turn|3\n|\n|t:|1767794226\n|move|p2b: Lilligant|After You|p2a: Groudon\n|-activate|p2a: Groudon|move: After You\n|move|p2a: Groudon|Precipice Blades|p1b: Calyrex|[spread] p1a,p1b\n|-damage|p1a: Zamazenta|83/100\n|-damage|p1b: Calyrex|41/100 slp\n|cant|p1b: Calyrex|slp\n|move|p1a: Zamazenta|Body Press|p2a: Groudon\n|-damage|p2a: Groudon|2/100\n|\n|-weather|SunnyDay|[upkeep]\n|upkeep\n|turn|4\n|\n|t:|1767794241\n|move|p1a: Zamazenta|Wide Guard|p1a: Zamazenta\n|-singleturn|p1a: Zamazenta|Wide Guard\n|move|p2b: Lilligant|Sleep Powder|p1a: Zamazenta\n|-status|p1a: Zamazenta|slp|[from] move: Sleep Powder\n|-curestatus|p1b: Calyrex|slp|[msg]\n|move|p1b: Calyrex|Astral Barrage|p2b: Lilligant|[spread] p2a,p2b\n|-damage|p2a: Groudon|0 fnt\n|-damage|p2b: Lilligant|0 fnt\n|faint|p2a: Groudon\n|faint|p2b: Lilligant\n|-ability|p1b: Calyrex|Grim Neigh|boost\n|-boost|p1b: Calyrex|spa|2\n|\n|-weather|SunnyDay|[upkeep]\n|upkeep\n|\n|t:|1767794244\n|switch|p2b: Chi-Yu|Chi-Yu, L50, shiny|100/100\n|switch|p2a: Calyrex|Calyrex-Ice, L50|100/100\n|-ability|p2a: Calyrex|As One\n|-ability|p2a: Calyrex|Unnerve\n|-ability|p2b: Chi-Yu|Beads of Ruin\n|turn|5\n|\n|t:|1767794267\n|cant|p1a: Zamazenta|slp\n|move|p2b: Chi-Yu|Heat Wave|p1b: Calyrex|[spread] p1a,p1b\n|-resisted|p1a: Zamazenta\n|-damage|p1a: Zamazenta|58/100 slp\n|-damage|p1b: Calyrex|0 fnt\n|faint|p1b: Calyrex\n|move|p2a: Calyrex|Leech Seed|p1a: Zamazenta\n|-start|p1a: Zamazenta|move: Leech Seed\n|\n|-weather|none\n|-damage|p1a: Zamazenta|46/100 slp|[from] Leech Seed|[of] p2a: Calyrex\n|upkeep\n|\n|t:|1767794271\n|switch|p1b: Dragonite|Dragonite, L50, F|100/100\n|turn|6\n|\n|t:|1767794278\n|move|p2b: Chi-Yu|Heat Wave|p1a: Zamazenta|[spread] p1a,p1b\n|-resisted|p1a: Zamazenta\n|-resisted|p1b: Dragonite\n|-damage|p1a: Zamazenta|28/100 slp\n|-damage|p1b: Dragonite|76/100\n|cant|p1a: Zamazenta|slp\n|move|p1b: Dragonite|Outrage|p2a: Calyrex\n|-damage|p2a: Calyrex|41/100\n|move|p2a: Calyrex|Leech Seed|p1b: Dragonite\n|-start|p1b: Dragonite|move: Leech Seed\n|\n|-heal|p2a: Calyrex|47/100|[from] item: Leftovers\n|-damage|p1a: Zamazenta|16/100 slp|[from] Leech Seed|[of] p2a: Calyrex\n|-heal|p2a: Calyrex|58/100|[silent]\n|-damage|p1b: Dragonite|63/100|[from] Leech Seed|[of] p2a: Calyrex\n|-heal|p2a: Calyrex|69/100|[silent]\n|upkeep\n|turn|7\n|\n|t:|1767794293\n|move|p2a: Calyrex|Protect|p2a: Calyrex\n|-singleturn|p2a: Calyrex|Protect\n|-curestatus|p1a: Zamazenta|slp|[msg]\n|move|p1a: Zamazenta|Wide Guard|p1a: Zamazenta\n|-singleturn|p1a: Zamazenta|Wide Guard\n|move|p2b: Chi-Yu|Heat Wave|p1a: Zamazenta|[spread] \n|-activate|p1a: Zamazenta|move: Wide Guard\n|-activate|p1b: Dragonite|move: Wide Guard\n|move|p1b: Dragonite|Outrage|p2b: Chi-Yu|[from] lockedmove\n|-damage|p2b: Chi-Yu|0 fnt\n|faint|p2b: Chi-Yu\n|\n|-heal|p2a: Calyrex|75/100|[from] item: Leftovers\n|-damage|p1a: Zamazenta|4/100|[from] Leech Seed|[of] p2a: Calyrex\n|-heal|p2a: Calyrex|87/100|[silent]\n|-damage|p1b: Dragonite|51/100|[from] Leech Seed|[of] p2a: Calyrex\n|-heal|p2a: Calyrex|98/100|[silent]\n|upkeep\n|turn|8\n|\n|t:|1767794310\n|move|p1a: Zamazenta|Body Press|p2a: Calyrex\n|-damage|p2a: Calyrex|56/100\n|move|p1b: Dragonite|Outrage|p2a: Calyrex|[from] lockedmove\n|-damage|p2a: Calyrex|0 fnt\n|faint|p2a: Calyrex\n|-start|p1b: Dragonite|confusion|[fatigue]\n|\n|win|blackred123\u6c38\u96cf\u5854\u83f2\u4fa0\n|raw|blackred123\u6c38\u96cf\u5854\u83f2\u4fa0's rating: 1127 &rarr; <strong>1158</strong><br />(+31 for winning)\n|raw|we all hate ursf's rating: 1213 &rarr; <strong>1182</strong><br />(-31 for losing)\n|l|\u203dwe all hate ursf\n|player|p2|\n","uploadtime":1767794321,"views":18,"formatid":"gen9vgc2026regi","rating":1158,"private":0,"password":null}