{"id":"gen9vgc2026regi-2540059296","format":"[Gen 9] VGC 2026 Reg I","players":["lyxxx","Erp_01"],"log":"|j|\u2606lyxxx\n|j|\u2606Erp_01\n|t:|1771154349\n|gametype|doubles\n|player|p1|lyxxx|2|1336\n|player|p2|Erp_01|harlequin|1309\n|gen|9\n|tier|[Gen 9] VGC 2026 Reg I\n|rated|\n|rule|Species Clause: Limit one of each Pok\u00e9mon\n|rule|Item Clause: Limit 1 of each item\n|clearpoke\n|poke|p1|Calyrex-Ice, L50|\n|poke|p1|Kyogre, L50|\n|poke|p1|Smeargle, L50, M|\n|poke|p1|Indeedee-F, L50, F|\n|poke|p1|Urshifu-*, L50, F|\n|poke|p1|Ursaluna-Bloodmoon, L50, M|\n|poke|p2|Koraidon, L50|\n|poke|p2|Flutter Mane, L50|\n|poke|p2|Chi-Yu, L50|\n|poke|p2|Terapagos, L50, M|\n|poke|p2|Roaring Moon, L50|\n|poke|p2|Brute Bonnet, L50|\n|teampreview|4\n|inactive|Battle timer is ON: inactive players will automatically lose when time's up. (requested by lyxxx)\n|\n|t:|1771154395\n|teamsize|p1|4\n|teamsize|p2|4\n|start\n|switch|p1a: Calyrex|Calyrex-Ice, L50|100/100\n|switch|p1b: Smeargle|Smeargle, L50, M|100/100\n|switch|p2a: Chi-Yu|Chi-Yu, L50, shiny|100/100\n|switch|p2b: Terapagos|Terapagos, L50, M|100/100\n|-activate|p2b: Terapagos|ability: Tera Shift\n|detailschange|p2b: Terapagos|Terapagos-Terastal, L50, M\n|-heal|p2b: Terapagos|100/100|[silent]\n|-ability|p1a: Calyrex|As One\n|-ability|p1a: Calyrex|Unnerve\n|-ability|p2a: Chi-Yu|Beads of Ruin\n|turn|1\n|l|\u2606lyxxx\n|inactive|lyxxx disconnected and has a minute to reconnect!\n|player|p1|\n|j|\u2606lyxxx\n|inactive|lyxxx reconnected and has 40 seconds left.\n|player|p1|lyxxx|2|\n|inactive|lyxxx has 30 seconds left.\n|inactive|lyxxx has 20 seconds left.\n|inactive|lyxxx has 15 seconds left.\n|inactive|Erp_01 has 30 seconds left.\n|inactive|Erp_01 has 20 seconds left.\n|inactive|Erp_01 has 15 seconds left.\n|\n|t:|1771154454\n|-terastallize|p2b: Terapagos|Stellar\n|detailschange|p2b: Terapagos|Terapagos-Stellar, L50, M, tera:Stellar\n|-heal|p2b: Terapagos|100/100|[silent]\n|move|p1b: Smeargle|Wide Guard|p1b: Smeargle\n|-singleturn|p1b: Smeargle|Wide Guard\n|move|p2a: Chi-Yu|Heat Wave|p1a: Calyrex|[spread] \n|-activate|p1a: Calyrex|move: Wide Guard\n|-activate|p1b: Smeargle|move: Wide Guard\n|move|p2b: Terapagos|Tera Starstorm|p1a: Calyrex|[spread] \n|-activate|p1a: Calyrex|move: Wide Guard\n|-activate|p1b: Smeargle|move: Wide Guard\n|move|p1a: Calyrex|Glacial Lance|p2a: Chi-Yu|[spread] p2a,p2b\n|-resisted|p2a: Chi-Yu\n|-crit|p2a: Chi-Yu\n|-damage|p2a: Chi-Yu|26/100\n|-damage|p2b: Terapagos|63/100\n|\n|-ability|p1b: Smeargle|Moody|boost\n|-boost|p1b: Smeargle|atk|2\n|-unboost|p1b: Smeargle|spd|1\n|upkeep\n|turn|2\n|\n|t:|1771154477\n|move|p1b: Smeargle|Wide Guard|p1b: Smeargle\n|-singleturn|p1b: Smeargle|Wide Guard\n|move|p2a: Chi-Yu|Heat Wave|p1b: Smeargle|[spread] \n|-activate|p1a: Calyrex|move: Wide Guard\n|-activate|p1b: Smeargle|move: Wide Guard\n|move|p2b: Terapagos|Meteor Beam||[still]\n|-prepare|p2b: Terapagos|Meteor Beam\n|-boost|p2b: Terapagos|spa|1\n|-enditem|p2b: Terapagos|Power Herb\n|-anim|p2b: Terapagos|Meteor Beam|p1a: Calyrex\n|-supereffective|p1a: Calyrex\n|-damage|p1a: Calyrex|0 fnt\n|faint|p1a: Calyrex\n|\n|-ability|p1b: Smeargle|Moody|boost\n|-boost|p1b: Smeargle|def|2\n|-unboost|p1b: Smeargle|spd|1\n|upkeep\n|\n|t:|1771154497\n|switch|p1a: Urshifu|Urshifu-Rapid-Strike, L50, F|100/100\n|turn|3\n|\n|t:|1771154507\n|switch|p2a: Koraidon|Koraidon, L50, shiny|100/100\n|-weather|SunnyDay|[from] ability: Orichalcum Pulse|[of] p2a: Koraidon\n|-activate|p2a: Koraidon|Orichalcum Pulse|[source]\n|switch|p2b: Flutter Mane|Flutter Mane, L50|100/100\n|-activate|p2b: Flutter Mane|ability: Protosynthesis\n|-start|p2b: Flutter Mane|protosynthesisspe\n|move|p1b: Smeargle|Wide Guard|p1b: Smeargle\n|-singleturn|p1b: Smeargle|Wide Guard\n|move|p1a: Urshifu|Close Combat|p2b: Flutter Mane\n|-immune|p2b: Flutter Mane\n|\n|-weather|SunnyDay|[upkeep]\n|-ability|p1b: Smeargle|Moody|boost\n|-boost|p1b: Smeargle|atk|2\n|-unboost|p1b: Smeargle|spd|1\n|upkeep\n|turn|4\n|inactive|lyxxx has 30 seconds left.\n|\n|t:|1771154536\n|switch|p1b: Kyogre|Kyogre, L50|100/100\n|-weather|RainDance|[from] ability: Drizzle|[of] p1b: Kyogre\n|-end|p2b: Flutter Mane|Protosynthesis\n|-terastallize|p1a: Urshifu|Water\n|move|p1a: Urshifu|Aqua Jet|p2b: Flutter Mane\n|-enditem|p2b: Flutter Mane|Focus Sash\n|-damage|p2b: Flutter Mane|1/100\n|-damage|p1a: Urshifu|91/100|[from] item: Life Orb\n|move|p2b: Flutter Mane|Moonblast|p1a: Urshifu\n|-damage|p1a: Urshifu|37/100\n|move|p2a: Koraidon|Flame Charge|p1b: Kyogre\n|-resisted|p1b: Kyogre\n|-damage|p1b: Kyogre|96/100\n|-boost|p2a: Koraidon|spe|1\n|\n|-weather|RainDance|[upkeep]\n|upkeep\n|turn|5\n|inactive|lyxxx has 30 seconds left.\n|inactive|Erp_01 has 30 seconds left.\n|inactive|Erp_01 has 20 seconds left.\n|\n|t:|1771154573\n|-end|p2b: Flutter Mane|Protosynthesis|[silent]\n|switch|p2b: Chi-Yu|Chi-Yu, L50, shiny|26/100\n|-ability|p2b: Chi-Yu|Beads of Ruin\n|move|p1a: Urshifu|Aqua Jet|p2b: Chi-Yu\n|-supereffective|p2b: Chi-Yu\n|-damage|p2b: Chi-Yu|0 fnt\n|faint|p2b: Chi-Yu\n|-damage|p1a: Urshifu|27/100|[from] item: Life Orb\n|move|p2a: Koraidon|Collision Course|p1a: Urshifu\n|-damage|p1a: Urshifu|0 fnt\n|faint|p1a: Urshifu\n|move|p1b: Kyogre|Water Spout|p2a: Koraidon\n|-resisted|p2a: Koraidon\n|-damage|p2a: Koraidon|33/100\n|\n|-weather|RainDance|[upkeep]\n|upkeep\n|\n|t:|1771154591\n|switch|p2b: Terapagos|Terapagos-Stellar, L50, M, tera:Stellar|63/100\n|switch|p1a: Smeargle|Smeargle, L50, M|100/100\n|turn|6\n|\n|t:|1771154607\n|switch|p2a: Flutter Mane|Flutter Mane, L50|1/100\n|move|p2b: Terapagos|Protect|p2b: Terapagos\n|-singleturn|p2b: Terapagos|Protect\n|move|p1b: Kyogre|Protect|p1b: Kyogre\n|-singleturn|p1b: Kyogre|Protect\n|move|p1a: Smeargle|Spore|p2b: Terapagos\n|-activate|p2b: Terapagos|move: Protect\n|\n|-weather|RainDance|[upkeep]\n|-ability|p1a: Smeargle|Moody|boost\n|-boost|p1a: Smeargle|spe|2\n|-unboost|p1a: Smeargle|def|1\n|upkeep\n|turn|7\n|\n|t:|1771154628\n|move|p1a: Smeargle|Follow Me|p1a: Smeargle\n|-singleturn|p1a: Smeargle|move: Follow Me\n|move|p2a: Flutter Mane|Moonblast|p1a: Smeargle\n|-damage|p1a: Smeargle|2/100\n|move|p2b: Terapagos|Tera Starstorm|p1a: Smeargle|[spread] p1a,p1b\n|-damage|p1a: Smeargle|0 fnt\n|-damage|p1b: Kyogre|71/100\n|faint|p1a: Smeargle\n|move|p1b: Kyogre|Origin Pulse|p2b: Terapagos|[spread] p2a,p2b\n|-damage|p2a: Flutter Mane|0 fnt\n|-damage|p2b: Terapagos|16/100\n|faint|p2a: Flutter Mane\n|-end|p2a: Flutter Mane|Protosynthesis|[silent]\n|\n|-weather|RainDance|[upkeep]\n|upkeep\n|\n|t:|1771154633\n|switch|p2a: Koraidon|Koraidon, L50, shiny|33/100\n|-weather|SunnyDay|[from] ability: Orichalcum Pulse|[of] p2a: Koraidon\n|-activate|p2a: Koraidon|Orichalcum Pulse|[source]\n|turn|8\n|-message|lyxxx forfeited.\n|\n|win|Erp_01\n|raw|lyxxx's rating: 1336 &rarr; <strong>1314</strong><br />(-22 for losing)\n|raw|Erp_01's rating: 1309 &rarr; <strong>1331</strong><br />(+22 for winning)\n|l|\u2606lyxxx\n|player|p1|\n|l|\u2606Erp_01\n|player|p2|\n","uploadtime":1771154847,"views":29,"formatid":"gen9vgc2026regi","rating":1314,"private":0,"password":null}