{"id":"gen9vgc2026regi-2542463640","format":"[Gen 9] VGC 2026 Reg I","players":["wtacrv","EllenJoe2026"],"log":"|j|\u2606wtacrv\n|j|\u2606EllenJoe2026\n|t:|1771451247\n|gametype|doubles\n|player|p1|wtacrv|biker-gen4|1471\n|player|p2|EllenJoe2026|iono|1475\n|gen|9\n|tier|[Gen 9] VGC 2026 Reg I\n|rated|\n|rule|Species Clause: Limit one of each Pok\u00e9mon\n|rule|Item Clause: Limit 1 of each item\n|clearpoke\n|poke|p1|Calyrex-Ice, L50|\n|poke|p1|Moltres-Galar, L50|\n|poke|p1|Groudon, L50|\n|poke|p1|Chi-Yu, L50|\n|poke|p1|Sinistcha, L50|\n|poke|p1|Rillaboom, L50, M|\n|poke|p2|Calyrex-Ice, L50|\n|poke|p2|Miraidon, L50|\n|poke|p2|Tornadus, L50, M|\n|poke|p2|Urshifu-*, L50, F|\n|poke|p2|Grimmsnarl, L50, M|\n|poke|p2|Indeedee-F, L50, F|\n|teampreview|4\n|inactive|Battle timer is ON: inactive players will automatically lose when time's up. (requested by EllenJoe2026)\n|inactive|wtacrv also wants the timer to be on.\n|\n|t:|1771451270\n|teamsize|p1|4\n|teamsize|p2|4\n|start\n|switch|p1a: Chi-Yu|Chi-Yu, L50|100/100\n|switch|p1b: Groudon|Groudon, L50|100/100\n|switch|p2a: Tornadus|Tornadus, L50, M, shiny|100/100\n|switch|p2b: Calyrex|Calyrex-Ice, L50|100/100\n|-ability|p2b: Calyrex|As One\n|-ability|p2b: Calyrex|Unnerve\n|-ability|p1a: Chi-Yu|Beads of Ruin\n|-weather|SunnyDay|[from] ability: Drought|[of] p1b: Groudon\n|turn|1\n|\n|t:|1771451286\n|-terastallize|p2b: Calyrex|Grass\n|move|p2a: Tornadus|Rain Dance|p2a: Tornadus\n|-weather|RainDance\n|move|p1a: Chi-Yu|Heat Wave|p2b: Calyrex|[spread] p2a,p2b\n|-supereffective|p2b: Calyrex\n|-damage|p2a: Tornadus|64/100\n|-damage|p2b: Calyrex|63/100\n|-status|p2a: Tornadus|brn\n|move|p2b: Calyrex|Glacial Lance|p1a: Chi-Yu|[spread] p1a,p1b\n|-resisted|p1a: Chi-Yu\n|-supereffective|p1b: Groudon\n|-damage|p1a: Chi-Yu|54/100\n|-damage|p1b: Groudon|20/100\n|move|p1b: Groudon|Precipice Blades|p2a: Tornadus|[spread] p2b\n|-immune|p2a: Tornadus\n|-resisted|p2b: Calyrex\n|-damage|p2b: Calyrex|40/100\n|-damage|p1b: Groudon|11/100|[from] item: Life Orb\n|\n|-weather|RainDance|[upkeep]\n|-damage|p2a: Tornadus|58/100 brn|[from] brn\n|upkeep\n|turn|2\n|\n|t:|1771451307\n|move|p1b: Groudon|Protect|p1b: Groudon\n|-singleturn|p1b: Groudon|Protect\n|move|p2a: Tornadus|Tailwind|p2a: Tornadus\n|-sidestart|p2: EllenJoe2026|move: Tailwind\n|move|p2b: Calyrex|Glacial Lance|p1b: Groudon|[spread] p1a\n|-activate|p1b: Groudon|move: Protect\n|-resisted|p1a: Chi-Yu\n|-damage|p1a: Chi-Yu|7/100\n|move|p1a: Chi-Yu|Heat Wave|p2b: Calyrex|[spread] p2a,p2b\n|-supereffective|p2b: Calyrex\n|-damage|p2a: Tornadus|17/100 brn\n|-damage|p2b: Calyrex|5/100\n|\n|-weather|RainDance|[upkeep]\n|-damage|p2a: Tornadus|11/100 brn|[from] brn\n|upkeep\n|turn|3\n|inactive|wtacrv has 30 seconds left.\n|\n|t:|1771451335\n|switch|p1b: Calyrex|Calyrex-Ice, L50|100/100\n|-ability|p1b: Calyrex|As One\n|-ability|p1b: Calyrex|Unnerve\n|move|p1a: Chi-Yu|Protect|p1a: Chi-Yu\n|-singleturn|p1a: Chi-Yu|Protect\n|move|p2a: Tornadus|Dark Pulse|p1a: Chi-Yu\n|-activate|p1a: Chi-Yu|move: Protect\n|move|p2b: Calyrex|Glacial Lance|p1b: Calyrex|[spread] p1b\n|-activate|p1a: Chi-Yu|move: Protect\n|-resisted|p1b: Calyrex\n|-damage|p1b: Calyrex|85/100\n|\n|-weather|RainDance|[upkeep]\n|-damage|p2a: Tornadus|6/100 brn|[from] brn\n|upkeep\n|turn|4\n|\n|t:|1771451356\n|-terastallize|p1b: Calyrex|Water\n|move|p2a: Tornadus|Dark Pulse|p1a: Chi-Yu\n|-resisted|p1a: Chi-Yu\n|-damage|p1a: Chi-Yu|0 fnt\n|faint|p1a: Chi-Yu\n|move|p2b: Calyrex|Imprison|p2b: Calyrex\n|-start|p2b: Calyrex|move: Imprison\n|cant|p1b: Calyrex|move: Imprison|Trick Room\n|\n|-weather|RainDance|[upkeep]\n|-damage|p2a: Tornadus|0 fnt|[from] brn\n|faint|p2a: Tornadus\n|upkeep\n|\n|t:|1771451370\n|switch|p2a: Miraidon|Miraidon, L50, shiny|100/100\n|switch|p1a: Rillaboom|Rillaboom, L50, M|100/100\n|-fieldstart|move: Electric Terrain|[from] ability: Hadron Engine|[of] p2a: Miraidon\n|-fieldstart|move: Grassy Terrain|[from] ability: Grassy Surge|[of] p1a: Rillaboom\n|turn|5\n|\n|t:|1771451392\n|switch|p1b: Groudon|Groudon, L50|11/100\n|-weather|SunnyDay|[from] ability: Drought|[of] p1b: Groudon\n|move|p1a: Rillaboom|Fake Out|p2b: Calyrex\n|-damage|p2b: Calyrex|0 fnt\n|faint|p2b: Calyrex\n|move|p2a: Miraidon|Electro Drift|p1b: Groudon\n|-immune|p1b: Groudon\n|\n|-weather|SunnyDay|[upkeep]\n|-heal|p1b: Groudon|16/100|[from] Grassy Terrain\n|-sideend|p2: EllenJoe2026|move: Tailwind\n|upkeep\n|\n|t:|1771451398\n|switch|p2b: Urshifu|Urshifu-Rapid-Strike, L50, F|100/100\n|turn|6\n|\n|t:|1771451416\n|move|p2a: Miraidon|Electro Drift|p1a: Rillaboom\n|-resisted|p1a: Rillaboom\n|-damage|p1a: Rillaboom|55/100\n|move|p2b: Urshifu|Close Combat|p1b: Groudon\n|-damage|p1b: Groudon|0 fnt\n|-unboost|p2b: Urshifu|def|1\n|-unboost|p2b: Urshifu|spd|1\n|faint|p1b: Groudon\n|move|p1a: Rillaboom|Wood Hammer|p2b: Urshifu\n|-supereffective|p2b: Urshifu\n|-damage|p2b: Urshifu|0 fnt\n|faint|p2b: Urshifu\n|-damage|p1a: Rillaboom|27/100|[from] Recoil\n|\n|-weather|SunnyDay|[upkeep]\n|-heal|p1a: Rillaboom|33/100|[from] Grassy Terrain\n|upkeep\n|\n|t:|1771451431\n|switch|p1b: Calyrex|Calyrex-Ice, L50, tera:Water|85/100\n|-ability|p1b: Calyrex|As One\n|-ability|p1b: Calyrex|Unnerve\n|turn|7\n|\n|t:|1771451440\n|move|p1b: Calyrex|Protect|p1b: Calyrex\n|-singleturn|p1b: Calyrex|Protect\n|move|p2a: Miraidon|Electro Drift|p1b: Calyrex\n|-activate|p1b: Calyrex|move: Protect\n|move|p1a: Rillaboom|High Horsepower|p2a: Miraidon\n|-supereffective|p2a: Miraidon\n|-damage|p2a: Miraidon|34/100\n|\n|-weather|SunnyDay|[upkeep]\n|-heal|p2a: Miraidon|40/100|[from] Grassy Terrain\n|-heal|p1a: Rillaboom|39/100|[from] Grassy Terrain\n|-heal|p1b: Calyrex|90/100|[from] Grassy Terrain\n|upkeep\n|turn|8\n|\n|t:|1771451454\n|move|p2a: Miraidon|Electro Drift|p1b: Calyrex\n|-supereffective|p1b: Calyrex\n|-damage|p1b: Calyrex|0 fnt\n|faint|p1b: Calyrex\n|move|p1a: Rillaboom|High Horsepower|p2a: Miraidon|[miss]\n|-miss|p1a: Rillaboom|p2a: Miraidon\n|\n|-weather|SunnyDay|[upkeep]\n|-heal|p2a: Miraidon|46/100|[from] Grassy Terrain\n|-heal|p1a: Rillaboom|44/100|[from] Grassy Terrain\n|upkeep\n|turn|9\n|\n|t:|1771451474\n|move|p2a: Miraidon|Electro Drift|p1a: Rillaboom\n|-resisted|p1a: Rillaboom\n|-damage|p1a: Rillaboom|3/100\n|move|p1a: Rillaboom|High Horsepower|p2a: Miraidon\n|-supereffective|p2a: Miraidon\n|-damage|p2a: Miraidon|0 fnt\n|faint|p2a: Miraidon\n|\n|win|wtacrv\n|raw|wtacrv's rating: 1471 &rarr; <strong>1491</strong><br />(+20 for winning)\n|raw|EllenJoe2026's rating: 1475 &rarr; <strong>1455</strong><br />(-20 for losing)\n|l|\u2606EllenJoe2026\n|player|p2|\n|l|\u2606wtacrv\n|player|p1|\n","uploadtime":1771451706,"views":23,"formatid":"gen9vgc2026regi","rating":1455,"private":0,"password":null}