{"id":"gen9vgc2026regi-2527201163","format":"[Gen 9] VGC 2026 Reg I","players":["not world","Fogdocker"],"log":"|j|\u2606not world\n|j|\u2606Fogdocker\n|t:|1769512439\n|gametype|doubles\n|player|p1|not world|caitlin|1456\n|player|p2|Fogdocker|101|1415\n|gen|9\n|tier|[Gen 9] VGC 2026 Reg I\n|rated|\n|rule|Species Clause: Limit one of each Pok\u00e9mon\n|rule|Item Clause: Limit 1 of each item\n|clearpoke\n|poke|p1|Calyrex-Ice, L50|\n|poke|p1|Kyogre, L50|\n|poke|p1|Urshifu-*, L50, F|\n|poke|p1|Tornadus, L50, M|\n|poke|p1|Rillaboom, L50, M|\n|poke|p1|Amoonguss, L50, F|\n|poke|p2|Calyrex-Ice, L50|\n|poke|p2|Koraidon, L50|\n|poke|p2|Flutter Mane, L50|\n|poke|p2|Incineroar, L50, M|\n|poke|p2|Rillaboom, L50, M|\n|poke|p2|Amoonguss, L50, F|\n|teampreview|4\n|\n|t:|1769512491\n|teamsize|p1|4\n|teamsize|p2|4\n|start\n|switch|p1a: Tornadus|Tornadus, L50, M, shiny|100/100\n|switch|p1b: Urshifu|Urshifu-Rapid-Strike, L50, F|100/100\n|switch|p2a: Rillaboom|Rillaboom, L50, M|100/100\n|switch|p2b: Calyrex|Calyrex-Ice, L50|100/100\n|-ability|p2b: Calyrex|As One\n|-ability|p2b: Calyrex|Unnerve\n|-fieldstart|move: Grassy Terrain|[from] ability: Grassy Surge|[of] p2a: Rillaboom\n|turn|1\n|\n|t:|1769512520\n|move|p2a: Rillaboom|Fake Out|p1b: Urshifu\n|-damage|p1b: Urshifu|87/100\n|move|p1a: Tornadus|Bleakwind Storm|p2a: Rillaboom|[spread] p2a,p2b\n|-supereffective|p2a: Rillaboom\n|-damage|p2a: Rillaboom|57/100\n|-damage|p2b: Calyrex|77/100\n|cant|p1b: Urshifu|flinch\n|move|p2b: Calyrex|Glacial Lance|p1b: Urshifu|[spread] p1a,p1b\n|-supereffective|p1a: Tornadus\n|-resisted|p1b: Urshifu\n|-enditem|p1a: Tornadus|Focus Sash\n|-damage|p1a: Tornadus|1/100\n|-damage|p1b: Urshifu|65/100\n|\n|-heal|p1b: Urshifu|71/100|[from] Grassy Terrain\n|-heal|p2a: Rillaboom|63/100|[from] Grassy Terrain\n|-heal|p2b: Calyrex|83/100|[from] Grassy Terrain\n|-heal|p2b: Calyrex|89/100|[from] item: Leftovers\n|upkeep\n|turn|2\n|\n|t:|1769512540\n|-terastallize|p1b: Urshifu|Water\n|move|p1a: Tornadus|Rain Dance|p1a: Tornadus\n|-weather|RainDance\n|move|p2a: Rillaboom|Grassy Glide|p1b: Urshifu\n|-supereffective|p1b: Urshifu\n|-damage|p1b: Urshifu|2/100\n|move|p1b: Urshifu|Surging Strikes|p2b: Calyrex\n|-crit|p2b: Calyrex\n|-damage|p2b: Calyrex|52/100\n|-crit|p2b: Calyrex\n|-damage|p2b: Calyrex|16/100\n|-crit|p2b: Calyrex\n|-damage|p2b: Calyrex|0 fnt\n|faint|p2b: Calyrex\n|-hitcount|p2: Calyrex|3\n|\n|-weather|RainDance|[upkeep]\n|-heal|p1b: Urshifu|8/100|[from] Grassy Terrain\n|-heal|p2a: Rillaboom|69/100|[from] Grassy Terrain\n|upkeep\n|\n|t:|1769512558\n|switch|p2b: Koraidon|Koraidon, L50|100/100\n|-weather|SunnyDay|[from] ability: Orichalcum Pulse|[of] p2b: Koraidon\n|-activate|p2b: Koraidon|Orichalcum Pulse|[source]\n|turn|3\n|\n|t:|1769512571\n|switch|p1b: Calyrex|Calyrex-Ice, L50|100/100\n|-ability|p1b: Calyrex|As One\n|-ability|p1b: Calyrex|Unnerve\n|move|p1a: Tornadus|Rain Dance|p1a: Tornadus\n|-weather|RainDance\n|move|p2a: Rillaboom|Grassy Glide|p1a: Tornadus\n|-resisted|p1a: Tornadus\n|-damage|p1a: Tornadus|0 fnt\n|faint|p1a: Tornadus\n|move|p2b: Koraidon|Close Combat|p1b: Calyrex\n|-damage|p1b: Calyrex|49/100\n|-unboost|p2b: Koraidon|def|1\n|-unboost|p2b: Koraidon|spd|1\n|-damage|p2b: Koraidon|91/100|[from] item: Life Orb\n|\n|-weather|RainDance|[upkeep]\n|-heal|p2b: Koraidon|96/100|[from] Grassy Terrain\n|-heal|p2a: Rillaboom|75/100|[from] Grassy Terrain\n|-heal|p1b: Calyrex|55/100|[from] Grassy Terrain\n|upkeep\n|\n|t:|1769512584\n|switch|p1a: Kyogre|Kyogre, L50, shiny|100/100\n|turn|4\n|\n|t:|1769512621\n|move|p2b: Koraidon|Protect|p2b: Koraidon\n|-singleturn|p2b: Koraidon|Protect\n|move|p1b: Calyrex|Protect|p1b: Calyrex\n|-singleturn|p1b: Calyrex|Protect\n|move|p1a: Kyogre|Origin Pulse|p2b: Koraidon|[spread] p2a\n|-activate|p2b: Koraidon|move: Protect\n|-resisted|p2a: Rillaboom\n|-damage|p2a: Rillaboom|48/100\n|move|p2a: Rillaboom|U-turn|p1a: Kyogre\n|-damage|p1a: Kyogre|80/100\n|\n|t:|1769512630\n|switch|p2a: Incineroar|Incineroar, L50, M|100/100|[from] U-turn\n|-ability|p2a: Incineroar|Intimidate|boost\n|-unboost|p1a: Kyogre|atk|1\n|-fail|p1b: Calyrex|unboost|[from] item: Clear Amulet|[of] p1b: Calyrex\n|\n|-weather|RainDance|[upkeep]\n|-heal|p2b: Koraidon|100/100|[from] Grassy Terrain\n|-heal|p1a: Kyogre|86/100|[from] Grassy Terrain\n|-heal|p1b: Calyrex|60/100|[from] Grassy Terrain\n|upkeep\n|turn|5\n|\n|t:|1769512647\n|-terastallize|p2b: Koraidon|Fire\n|move|p2a: Incineroar|Fake Out|p1a: Kyogre\n|-damage|p1a: Kyogre|77/100\n|move|p2b: Koraidon|Close Combat|p1b: Calyrex\n|-damage|p1b: Calyrex|7/100\n|-unboost|p2b: Koraidon|def|1\n|-unboost|p2b: Koraidon|spd|1\n|-damage|p2b: Koraidon|91/100|[from] item: Life Orb\n|cant|p1a: Kyogre|flinch\n|move|p1b: Calyrex|Trick Room|p1b: Calyrex\n|-fieldstart|move: Trick Room|[of] p1b: Calyrex\n|\n|-weather|RainDance|[upkeep]\n|-heal|p1b: Calyrex|13/100|[from] Grassy Terrain\n|-heal|p1a: Kyogre|83/100|[from] Grassy Terrain\n|-heal|p2b: Koraidon|96/100|[from] Grassy Terrain\n|-fieldend|move: Grassy Terrain\n|upkeep\n|turn|6\n|\n|t:|1769512676\n|move|p1b: Calyrex|Protect|p1b: Calyrex\n|-singleturn|p1b: Calyrex|Protect\n|move|p2b: Koraidon|Protect|p2b: Koraidon\n|-singleturn|p2b: Koraidon|Protect\n|move|p2a: Incineroar|Knock Off|p1b: Calyrex\n|-activate|p1b: Calyrex|move: Protect\n|move|p1a: Kyogre|Origin Pulse|p2a: Incineroar|[spread] p2a\n|-activate|p2b: Koraidon|move: Protect\n|-supereffective|p2a: Incineroar\n|-damage|p2a: Incineroar|0 fnt\n|faint|p2a: Incineroar\n|\n|-weather|RainDance|[upkeep]\n|upkeep\n|\n|t:|1769512679\n|switch|p2a: Rillaboom|Rillaboom, L50, M|48/100\n|-fieldstart|move: Grassy Terrain|[from] ability: Grassy Surge|[of] p2a: Rillaboom\n|turn|7\n|\n|t:|1769512709\n|move|p1a: Kyogre|Protect|p1a: Kyogre\n|-singleturn|p1a: Kyogre|Protect\n|move|p2a: Rillaboom|Grassy Glide|p1b: Calyrex\n|-damage|p1b: Calyrex|0 fnt\n|faint|p1b: Calyrex\n|move|p2b: Koraidon|Close Combat|p1a: Kyogre\n|-activate|p1a: Kyogre|move: Protect\n|\n|-weather|none\n|-heal|p2a: Rillaboom|54/100|[from] Grassy Terrain\n|-heal|p1a: Kyogre|89/100|[from] Grassy Terrain\n|-heal|p2b: Koraidon|100/100|[from] Grassy Terrain\n|upkeep\n|\n|t:|1769512714\n|switch|p1b: Urshifu|Urshifu-Rapid-Strike, L50, F, tera:Water|8/100\n|turn|8\n|\n|t:|1769512727\n|move|p2a: Rillaboom|Grassy Glide|p1a: Kyogre\n|-supereffective|p1a: Kyogre\n|-damage|p1a: Kyogre|28/100\n|move|p1a: Kyogre|Origin Pulse|p2b: Koraidon|[spread] p2a,p2b\n|-resisted|p2a: Rillaboom\n|-supereffective|p2b: Koraidon\n|-damage|p2a: Rillaboom|36/100\n|-damage|p2b: Koraidon|0 fnt\n|faint|p2b: Koraidon\n|move|p1b: Urshifu|Surging Strikes|p2a: Rillaboom\n|-resisted|p2a: Rillaboom\n|-crit|p2a: Rillaboom\n|-damage|p2a: Rillaboom|15/100\n|-resisted|p2a: Rillaboom\n|-crit|p2a: Rillaboom\n|-damage|p2a: Rillaboom|0 fnt\n|faint|p2a: Rillaboom\n|-hitcount|p2: Rillaboom|2\n|\n|win|not world\n|raw|not world's rating: 1456 &rarr; <strong>1474</strong><br />(+18 for winning)\n|raw|Fogdocker's rating: 1415 &rarr; <strong>1397</strong><br />(-18 for losing)\n|l|\u2606Fogdocker\n|player|p2|\n|l|\u2606not world\n|player|p1|\n","uploadtime":1769512931,"views":13,"formatid":"gen9vgc2026regi","rating":1397,"private":0,"password":null}