{"id":"gen9vgc2026regi-2556684623","format":"[Gen 9] VGC 2026 Reg I","players":["blackred123\u6c38\u96cf\u5854\u83f2\u4fa0","RLisdumb"],"log":"|j|\u2606blackred123\u6c38\u96cf\u5854\u83f2\u4fa0\n|j|\u2606RLisdumb\n|t:|1773239849\n|gametype|doubles\n|player|p1|blackred123\u6c38\u96cf\u5854\u83f2\u4fa0|iono-masters|1449\n|player|p2|RLisdumb|265|1380\n|gen|9\n|tier|[Gen 9] VGC 2026 Reg I\n|rated|\n|rule|Species Clause: Limit one of each Pok\u00e9mon\n|rule|Item Clause: Limit 1 of each item\n|clearpoke\n|poke|p1|Groudon, L50|\n|poke|p1|Volcarona, L50, F|\n|poke|p1|Rillaboom, L50, M|\n|poke|p1|Incineroar, L50, M|\n|poke|p1|Miraidon, L50|\n|poke|p1|Tornadus, L50, M|\n|poke|p2|Miraidon, L50|\n|poke|p2|Calyrex-Ice, L50|\n|poke|p2|Flutter Mane, L50|\n|poke|p2|Chi-Yu, L50|\n|poke|p2|Urshifu-*, L50, M|\n|poke|p2|Iron Hands, L50|\n|teampreview|4\n|inactive|Battle timer is ON: inactive players will automatically lose when time's up. (requested by blackred123\u6c38\u96cf\u5854\u83f2\u4fa0)\n|\n|t:|1773239874\n|teamsize|p1|4\n|teamsize|p2|4\n|start\n|switch|p1a: \u6c38\u96cf\u5854\u83f2|Groudon, L50|100/100\n|switch|p1b: \u629b\u4e0b\u864e\u54e5\u5578\u7a74|Incineroar, L50, M|100/100\n|switch|p2a: Miraidon|Miraidon, L50|100/100\n|switch|p2b: Chi-Yu|Chi-Yu, L50|100/100\n|-ability|p2b: Chi-Yu|Beads of Ruin\n|-fieldstart|move: Electric Terrain|[from] ability: Hadron Engine|[of] p2a: Miraidon\n|-weather|SunnyDay|[from] ability: Drought|[of] p1a: \u6c38\u96cf\u5854\u83f2\n|-ability|p1b: \u629b\u4e0b\u864e\u54e5\u5578\u7a74|Intimidate|boost\n|-unboost|p2a: Miraidon|atk|1\n|-unboost|p2b: Chi-Yu|atk|1\n|turn|1\n|\n|t:|1773239895\n|-terastallize|p2b: Chi-Yu|Ghost\n|-terastallize|p1a: \u6c38\u96cf\u5854\u83f2|Fire\n|move|p1b: \u629b\u4e0b\u864e\u54e5\u5578\u7a74|Fake Out|p2a: Miraidon\n|-crit|p2a: Miraidon\n|-damage|p2a: Miraidon|83/100\n|move|p2b: Chi-Yu|Heat Wave|p1b: \u629b\u4e0b\u864e\u54e5\u5578\u7a74|[spread] p1a,p1b\n|-resisted|p1a: \u6c38\u96cf\u5854\u83f2\n|-resisted|p1b: \u629b\u4e0b\u864e\u54e5\u5578\u7a74\n|-damage|p1a: \u6c38\u96cf\u5854\u83f2|76/100\n|-damage|p1b: \u629b\u4e0b\u864e\u54e5\u5578\u7a74|63/100\n|move|p2a: Miraidon|Volt Switch|p1b: \u629b\u4e0b\u864e\u54e5\u5578\u7a74\n|-damage|p1b: \u629b\u4e0b\u864e\u54e5\u5578\u7a74|0 fnt\n|faint|p1b: \u629b\u4e0b\u864e\u54e5\u5578\u7a74\n|\n|t:|1773239909\n|switch|p2a: Urshifu|Urshifu, L50, M|100/100|[from] Volt Switch\n|move|p1a: \u6c38\u96cf\u5854\u83f2|Precipice Blades|p2b: Chi-Yu|[spread] p2a,p2b\n|-damage|p2a: Urshifu|44/100\n|-damage|p2b: Chi-Yu|10/100\n|\n|-weather|SunnyDay|[upkeep]\n|upkeep\n|\n|t:|1773239922\n|switch|p1b: \u94f6\u91d1\u7535\u86c7|Miraidon, L50, shiny|100/100\n|-activate|p1b: \u94f6\u91d1\u7535\u86c7|ability: Hadron Engine\n|turn|2\n|\n|t:|1773239938\n|switch|p1a: \u733f\u795e\uff01\u542f\u52a8\uff01|Rillaboom, L50, M|100/100\n|-fieldstart|move: Grassy Terrain|[from] ability: Grassy Surge|[of] p1a: \u733f\u795e\uff01\u542f\u52a8\uff01\n|move|p2a: Urshifu|Sucker Punch||[still]\n|-fail|p2a: Urshifu\n|move|p1b: \u94f6\u91d1\u7535\u86c7|Dazzling Gleam|p2a: Urshifu|[spread] p2a,p2b\n|-supereffective|p2a: Urshifu\n|-damage|p2a: Urshifu|0 fnt\n|-damage|p2b: Chi-Yu|0 fnt\n|faint|p2a: Urshifu\n|faint|p2b: Chi-Yu\n|\n|-weather|SunnyDay|[upkeep]\n|upkeep\n|\n|t:|1773239942\n|switch|p2b: Calyrex|Calyrex-Ice, L50|100/100\n|switch|p2a: Miraidon|Miraidon, L50|83/100\n|-ability|p2b: Calyrex|As One\n|-ability|p2b: Calyrex|Unnerve\n|-fieldstart|move: Electric Terrain|[from] ability: Hadron Engine|[of] p2a: Miraidon\n|turn|3\n|\n|t:|1773239959\n|move|p1a: \u733f\u795e\uff01\u542f\u52a8\uff01|Fake Out|p2b: Calyrex\n|-damage|p2b: Calyrex|91/100\n|move|p1b: \u94f6\u91d1\u7535\u86c7|Dazzling Gleam|p2b: Calyrex|[spread] p2a,p2b\n|-supereffective|p2a: Miraidon\n|-damage|p2a: Miraidon|37/100\n|-damage|p2b: Calyrex|74/100\n|move|p2a: Miraidon|Draco Meteor|p1b: \u94f6\u91d1\u7535\u86c7\n|-supereffective|p1b: \u94f6\u91d1\u7535\u86c7\n|-damage|p1b: \u94f6\u91d1\u7535\u86c7|0 fnt\n|-unboost|p2a: Miraidon|spa|2\n|faint|p1b: \u94f6\u91d1\u7535\u86c7\n|cant|p2b: Calyrex|flinch\n|\n|-weather|SunnyDay|[upkeep]\n|upkeep\n|\n|t:|1773239968\n|switch|p1b: \u6c38\u96cf\u5854\u83f2|Groudon, L50, tera:Fire|76/100\n|turn|4\n|\n|t:|1773239975\n|move|p2a: Miraidon|Draco Meteor|p1b: \u6c38\u96cf\u5854\u83f2|[miss]\n|-miss|p2a: Miraidon|p1b: \u6c38\u96cf\u5854\u83f2\n|move|p1b: \u6c38\u96cf\u5854\u83f2|Precipice Blades|p2a: Miraidon|[spread] p2a,p2b\n|-supereffective|p2a: Miraidon\n|-damage|p2a: Miraidon|0 fnt\n|-damage|p2b: Calyrex|41/100\n|faint|p2a: Miraidon\n|move|p1a: \u733f\u795e\uff01\u542f\u52a8\uff01|U-turn|p2b: Calyrex\n|-supereffective|p2b: Calyrex\n|-damage|p2b: Calyrex|10/100\n|move|p2b: Calyrex|Glacial Lance|p1b: \u6c38\u96cf\u5854\u83f2|[spread] p1a,p1b\n|-supereffective|p1a: \u733f\u795e\uff01\u542f\u52a8\uff01\n|-resisted|p1b: \u6c38\u96cf\u5854\u83f2\n|-damage|p1a: \u733f\u795e\uff01\u542f\u52a8\uff01|7/100\n|-damage|p1b: \u6c38\u96cf\u5854\u83f2|58/100\n|\n|-weather|SunnyDay|[upkeep]\n|upkeep\n|turn|5\n|\n|t:|1773239990\n|move|p1b: \u6c38\u96cf\u5854\u83f2|Precipice Blades|p2b: Calyrex\n|-crit|p2b: Calyrex\n|-damage|p2b: Calyrex|0 fnt\n|faint|p2b: Calyrex\n|\n|win|blackred123\u6c38\u96cf\u5854\u83f2\u4fa0\n|raw|blackred123\u6c38\u96cf\u5854\u83f2\u4fa0's rating: 1449 &rarr; <strong>1465</strong><br />(+16 for winning)\n|raw|RLisdumb's rating: 1380 &rarr; <strong>1364</strong><br />(-16 for losing)\n|l|\u2606RLisdumb\n|player|p2|\n|j| QVQ\u6c34\u83b2Lana\n","uploadtime":1773239998,"views":10,"formatid":"gen9vgc2026regi","rating":1364,"private":0,"password":null}