{"id":"gen9vgc2026regi-2571504173","format":"[Gen 9] VGC 2026 Reg I","players":["nowaythisistaken","lstdddsg"],"log":"|j|\u2606nowaythisistaken\n|j|\u2606lstdddsg\n|t:|1774926117\n|gametype|doubles\n|player|p1|nowaythisistaken|ninjaboy|1413\n|player|p2|lstdddsg|riley|1521\n|gen|9\n|tier|[Gen 9] VGC 2026 Reg I\n|rated|\n|rule|Species Clause: Limit one of each Pok\u00e9mon\n|rule|Item Clause: Limit 1 of each item\n|clearpoke\n|poke|p1|Kyogre, L50|\n|poke|p1|Tsareena, L50, F|\n|poke|p1|Urshifu-*, L50, M|\n|poke|p1|Zacian-*, L50|\n|poke|p1|Tornadus, L50, M|\n|poke|p1|Iron Hands, L50|\n|poke|p2|Giratina-Origin, L50|\n|poke|p2|Zamazenta-*, L50|\n|poke|p2|Chien-Pao, L50|\n|poke|p2|Entei, L50|\n|poke|p2|Urshifu-*, L50, F|\n|poke|p2|Rillaboom, L50, F|\n|teampreview|4\n|inactive|Battle timer is ON: inactive players will automatically lose when time's up. (requested by lstdddsg)\n|inactive|lstdddsg has 60 seconds left.\n|inactive|lstdddsg has 30 seconds left.\n|inactive|lstdddsg has 20 seconds left.\n|\n|t:|1774926187\n|teamsize|p1|4\n|teamsize|p2|4\n|start\n|switch|p1a: Tornadus|Tornadus, L50, M|100/100\n|switch|p1b: Zacian|Zacian-Crowned, L50|100/100\n|switch|p2a: Zamazenta|Zamazenta-Crowned, L50|100/100\n|switch|p2b: Chien-Pao|Chien-Pao, L50|100/100\n|-ability|p1b: Zacian|Intrepid Sword|boost\n|-boost|p1b: Zacian|atk|1\n|-ability|p2b: Chien-Pao|Sword of Ruin\n|-ability|p2a: Zamazenta|Dauntless Shield|boost\n|-boost|p2a: Zamazenta|def|1\n|turn|1\n|inactive|nowaythisistaken has 30 seconds left.\n|inactive|lstdddsg has 30 seconds left.\n|inactive|nowaythisistaken has 20 seconds left.\n|inactive|nowaythisistaken has 15 seconds left.\n|inactive|lstdddsg has 20 seconds left.\n|inactive|nowaythisistaken has 10 seconds left.\n|inactive|lstdddsg has 15 seconds left.\n|inactive|nowaythisistaken has 5 seconds left.\n|inactive|lstdddsg has 10 seconds left.\n|inactive|lstdddsg has 5 seconds left.\n|\n|t:|1774926248\n|-terastallize|p2a: Zamazenta|Ghost\n|-terastallize|p1a: Tornadus|Dark\n|move|p1a: Tornadus|Tailwind|p1a: Tornadus\n|-sidestart|p1: nowaythisistaken|move: Tailwind\n|move|p1b: Zacian|Behemoth Blade|p2b: Chien-Pao\n|-supereffective|p2b: Chien-Pao\n|-enditem|p2b: Chien-Pao|Focus Sash\n|-damage|p2b: Chien-Pao|1/100\n|move|p2b: Chien-Pao|Icicle Crash|p1a: Tornadus\n|-damage|p1a: Tornadus|47/100\n|move|p2a: Zamazenta|Body Press|p1b: Zacian\n|-damage|p1b: Zacian|20/100\n|\n|upkeep\n|turn|2\n|inactive|lstdddsg has 30 seconds left.\n|\n|t:|1774926278\n|move|p1b: Zacian|Protect|p1b: Zacian\n|-singleturn|p1b: Zacian|Protect\n|move|p2b: Chien-Pao|Protect|p2b: Chien-Pao\n|-singleturn|p2b: Chien-Pao|Protect\n|move|p1a: Tornadus|Taunt|p2a: Zamazenta\n|-start|p2a: Zamazenta|move: Taunt\n|move|p2a: Zamazenta|Body Press|p1a: Tornadus\n|-supereffective|p1a: Tornadus\n|-damage|p1a: Tornadus|0 fnt\n|faint|p1a: Tornadus\n|\n|upkeep\n|\n|t:|1774926286\n|switch|p1a: Kyogre|Kyogre, L50|100/100\n|-weather|RainDance|[from] ability: Drizzle|[of] p1a: Kyogre\n|turn|3\n|inactive|lstdddsg has 30 seconds left.\n|\n|t:|1774926313\n|switch|p1b: Tsareena|Tsareena, L50, F|100/100\n|switch|p2a: Rillaboom|Rillaboom, L50, F|100/100\n|-fieldstart|move: Grassy Terrain|[from] ability: Grassy Surge|[of] p2a: Rillaboom\n|move|p2b: Chien-Pao|Sucker Punch||[still]\n|cant|p1b: Tsareena|ability: Queenly Majesty|Sucker Punch|[of] p2b: Chien-Pao\n|move|p1a: Kyogre|Water Spout|p2a: Rillaboom|[spread] p2a,p2b\n|-resisted|p2a: Rillaboom\n|-damage|p2a: Rillaboom|52/100\n|-damage|p2b: Chien-Pao|0 fnt\n|faint|p2b: Chien-Pao\n|\n|-weather|RainDance|[upkeep]\n|-heal|p2a: Rillaboom|58/100|[from] Grassy Terrain\n|upkeep\n|\n|t:|1774926331\n|switch|p2b: Zamazenta|Zamazenta-Crowned, L50, tera:Ghost|100/100\n|turn|4\n|\n|t:|1774926350\n|switch|p1a: Zacian|Zacian-Crowned, L50|20/100\n|move|p2b: Zamazenta|Protect|p2b: Zamazenta\n|-singleturn|p2b: Zamazenta|Protect\n|move|p1b: Tsareena|Triple Axel|p2a: Rillaboom\n|-supereffective|p2a: Rillaboom\n|-damage|p2a: Rillaboom|46/100\n|-supereffective|p2a: Rillaboom\n|-damage|p2a: Rillaboom|22/100\n|-supereffective|p2a: Rillaboom\n|-crit|p2a: Rillaboom\n|-damage|p2a: Rillaboom|0 fnt\n|faint|p2a: Rillaboom\n|-hitcount|p2: Rillaboom|3\n|\n|-weather|RainDance|[upkeep]\n|-heal|p1a: Zacian|26/100|[from] Grassy Terrain\n|-sideend|p1: nowaythisistaken|move: Tailwind\n|upkeep\n|\n|t:|1774926367\n|switch|p2a: Urshifu|Urshifu-Rapid-Strike, L50, F|100/100\n|turn|5\n|inactive|lstdddsg has 30 seconds left.\n|\n|t:|1774926395\n|move|p2a: Urshifu|Coaching|p2b: Zamazenta\n|-boost|p2b: Zamazenta|atk|1\n|-boost|p2b: Zamazenta|def|1\n|move|p1a: Zacian|Play Rough|p2a: Urshifu\n|-supereffective|p2a: Urshifu\n|-damage|p2a: Urshifu|0 fnt\n|faint|p2a: Urshifu\n|move|p2b: Zamazenta|Body Press|p1b: Tsareena\n|-damage|p1b: Tsareena|26/100\n|move|p1b: Tsareena|Power Whip|p2b: Zamazenta\n|-damage|p2b: Zamazenta|68/100\n|\n|-weather|RainDance|[upkeep]\n|-heal|p1a: Zacian|33/100|[from] Grassy Terrain\n|-heal|p2b: Zamazenta|74/100|[from] Grassy Terrain\n|-heal|p1b: Tsareena|32/100|[from] Grassy Terrain\n|upkeep\n|turn|6\n|\n|t:|1774926413\n|move|p1b: Tsareena|Helping Hand|p1a: Zacian\n|-singleturn|p1a: Zacian|Helping Hand|[of] p1b: Tsareena\n|move|p2b: Zamazenta|Protect|p2b: Zamazenta\n|-singleturn|p2b: Zamazenta|Protect\n|move|p1a: Zacian|Behemoth Blade|p2b: Zamazenta\n|-activate|p2b: Zamazenta|move: Protect\n|\n|-weather|RainDance|[upkeep]\n|-heal|p1a: Zacian|39/100|[from] Grassy Terrain\n|-heal|p2b: Zamazenta|80/100|[from] Grassy Terrain\n|-heal|p1b: Tsareena|38/100|[from] Grassy Terrain\n|upkeep\n|turn|7\n|\n|t:|1774926427\n|move|p1b: Tsareena|Helping Hand|p1a: Zacian\n|-singleturn|p1a: Zacian|Helping Hand|[of] p1b: Tsareena\n|move|p1a: Zacian|Behemoth Blade|p2b: Zamazenta\n|-damage|p2b: Zamazenta|46/100\n|move|p2b: Zamazenta|Body Press|p1a: Zacian\n|-damage|p1a: Zacian|0 fnt\n|faint|p1a: Zacian\n|\n|-weather|none\n|-heal|p2b: Zamazenta|52/100|[from] Grassy Terrain\n|-heal|p1b: Tsareena|43/100|[from] Grassy Terrain\n|-fieldend|move: Grassy Terrain\n|upkeep\n|\n|t:|1774926434\n|switch|p1a: Kyogre|Kyogre, L50|100/100\n|-weather|RainDance|[from] ability: Drizzle|[of] p1a: Kyogre\n|turn|8\n|\n|t:|1774926447\n|move|p2b: Zamazenta|Protect|p2b: Zamazenta\n|-singleturn|p2b: Zamazenta|Protect\n|move|p1a: Kyogre|Origin Pulse|p2b: Zamazenta\n|-activate|p2b: Zamazenta|move: Protect\n|move|p1b: Tsareena|Power Whip|p2b: Zamazenta\n|-activate|p2b: Zamazenta|move: Protect\n|\n|-weather|RainDance|[upkeep]\n|upkeep\n|turn|9\n|\n|t:|1774926458\n|move|p1b: Tsareena|Helping Hand|p1a: Kyogre\n|-singleturn|p1a: Kyogre|Helping Hand|[of] p1b: Tsareena\n|move|p2b: Zamazenta|Body Press|p1a: Kyogre\n|-crit|p1a: Kyogre\n|-damage|p1a: Kyogre|0 fnt\n|faint|p1a: Kyogre\n|\n|-weather|RainDance|[upkeep]\n|upkeep\n|turn|10\n|\n|t:|1774926472\n|move|p1b: Tsareena|Helping Hand|p1: Kyogre|[notarget]\n|-fail|p1b: Tsareena\n|move|p2b: Zamazenta|Body Press|p1b: Tsareena\n|-damage|p1b: Tsareena|0 fnt\n|faint|p1b: Tsareena\n|\n|win|lstdddsg\n|raw|nowaythisistaken's rating: 1413 &rarr; <strong>1399</strong><br />(-14 for losing)\n|raw|lstdddsg's rating: 1521 &rarr; <strong>1535</strong><br />(+14 for winning)\n|l|\u2606lstdddsg\n|player|p2|\n","uploadtime":1774926494,"views":14,"formatid":"gen9vgc2026regi","rating":1399,"private":0,"password":null}