{"id":"gen9vgc2026regi-2565199066","format":"[Gen 9] VGC 2026 Reg I","players":["lstdddsg","Graves Wu"],"log":"|j|\u2606lstdddsg\n|j|\u2606Graves Wu\n|t:|1774242297\n|gametype|doubles\n|player|p1|lstdddsg|riley|1456\n|player|p2|Graves Wu|steven|1412\n|gen|9\n|tier|[Gen 9] VGC 2026 Reg I\n|rated|\n|rule|Species Clause: Limit one of each Pok\u00e9mon\n|rule|Item Clause: Limit 1 of each item\n|clearpoke\n|poke|p1|Giratina-Origin, L50|\n|poke|p1|Zamazenta-*, L50|\n|poke|p1|Chien-Pao, L50|\n|poke|p1|Entei, L50|\n|poke|p1|Urshifu-*, L50, M|\n|poke|p1|Rillaboom, L50, M|\n|poke|p2|Koraidon, L50|\n|poke|p2|Chi-Yu, L50|\n|poke|p2|Flutter Mane, L50|\n|poke|p2|Raging Bolt, L50|\n|poke|p2|Calyrex-Ice, L50|\n|poke|p2|Brute Bonnet, L50|\n|teampreview|4\n|inactive|Battle timer is ON: inactive players will automatically lose when time's up. (requested by Graves Wu)\n|inactive|lstdddsg also wants the timer to be on.\n|inactive|Graves Wu has 60 seconds left.\n|\n|t:|1774242331\n|teamsize|p1|4\n|teamsize|p2|4\n|start\n|switch|p1a: Entei|Entei, L50|100/100\n|switch|p1b: Chien-Pao|Chien-Pao, L50|100/100\n|switch|p2a: Koraidon|Koraidon, L50, shiny|100/100\n|switch|p2b: Flutter Mane|Flutter Mane, L50|100/100\n|-ability|p1b: Chien-Pao|Sword of Ruin\n|-weather|SunnyDay|[from] ability: Orichalcum Pulse|[of] p2a: Koraidon\n|-activate|p2b: Flutter Mane|ability: Protosynthesis\n|-start|p2b: Flutter Mane|protosynthesisspe\n|-activate|p2a: Koraidon|Orichalcum Pulse|[source]\n|turn|1\n|inactive|lstdddsg has 30 seconds left.\n|\n|t:|1774242356\n|move|p1b: Chien-Pao|Protect|p1b: Chien-Pao\n|-singleturn|p1b: Chien-Pao|Protect\n|move|p1a: Entei|Protect|p1a: Entei\n|-singleturn|p1a: Entei|Protect\n|move|p2b: Flutter Mane|Icy Wind|p1a: Entei|[spread] \n|-activate|p1a: Entei|move: Protect\n|-activate|p1b: Chien-Pao|move: Protect\n|move|p2a: Koraidon|Close Combat|p1a: Entei\n|-activate|p1a: Entei|move: Protect\n|\n|-weather|SunnyDay|[upkeep]\n|upkeep\n|turn|2\n|\n|t:|1774242379\n|switch|p1a: Giratina|Giratina-Origin, L50|100/100\n|move|p1b: Chien-Pao|Sucker Punch|p2b: Flutter Mane\n|-damage|p2b: Flutter Mane|7/100\n|move|p2b: Flutter Mane|Moonblast|p1b: Chien-Pao\n|-supereffective|p1b: Chien-Pao\n|-enditem|p1b: Chien-Pao|Focus Sash\n|-damage|p1b: Chien-Pao|1/100\n|move|p2a: Koraidon|Flame Charge|p1b: Chien-Pao\n|-supereffective|p1b: Chien-Pao\n|-damage|p1b: Chien-Pao|0 fnt\n|-boost|p2a: Koraidon|spe|1\n|faint|p1b: Chien-Pao\n|-damage|p2a: Koraidon|91/100|[from] item: Life Orb\n|\n|-weather|SunnyDay|[upkeep]\n|upkeep\n|\n|t:|1774242398\n|switch|p1b: Entei|Entei, L50|100/100\n|turn|3\n|\n|t:|1774242408\n|-terastallize|p1a: Giratina|Fire\n|move|p2b: Flutter Mane|Protect|p2b: Flutter Mane\n|-singleturn|p2b: Flutter Mane|Protect\n|move|p1b: Entei|Protect|p1b: Entei\n|-singleturn|p1b: Entei|Protect\n|move|p2a: Koraidon|Close Combat|p1b: Entei\n|-activate|p1b: Entei|move: Protect\n|move|p1a: Giratina|Draco Meteor|p2a: Koraidon\n|-supereffective|p2a: Koraidon\n|-damage|p2a: Koraidon|0 fnt\n|-unboost|p1a: Giratina|spa|2\n|faint|p2a: Koraidon\n|\n|-weather|SunnyDay|[upkeep]\n|upkeep\n|\n|t:|1774242426\n|switch|p2a: Brute Bonnet|Brute Bonnet, L50, shiny|100/100\n|-activate|p2a: Brute Bonnet|ability: Protosynthesis\n|-start|p2a: Brute Bonnet|protosynthesisdef\n|turn|4\n|\n|t:|1774242447\n|-terastallize|p2a: Brute Bonnet|Fire\n|move|p2b: Flutter Mane|Shadow Ball|p1b: Entei\n|-damage|p1b: Entei|56/100\n|move|p1b: Entei|Sacred Fire|p2b: Flutter Mane\n|-damage|p2b: Flutter Mane|0 fnt\n|faint|p2b: Flutter Mane\n|-end|p2b: Flutter Mane|Protosynthesis|[silent]\n|-damage|p1b: Entei|46/100|[from] item: Life Orb\n|move|p1a: Giratina|Poltergeist|p2a: Brute Bonnet\n|-activate|p2a: Brute Bonnet|move: Poltergeist|Sitrus Berry\n|-damage|p2a: Brute Bonnet|66/100\n|move|p2a: Brute Bonnet|Spore|p1a: Giratina\n|-status|p1a: Giratina|slp|[from] move: Spore\n|\n|-weather|SunnyDay|[upkeep]\n|upkeep\n|\n|t:|1774242463\n|switch|p2b: Calyrex|Calyrex-Ice, L50|100/100\n|-ability|p2b: Calyrex|As One\n|-ability|p2b: Calyrex|Unnerve\n|turn|5\n|\n|t:|1774242481\n|move|p1b: Entei|Protect|p1b: Entei\n|-singleturn|p1b: Entei|Protect\n|move|p2a: Brute Bonnet|Rage Powder|p2a: Brute Bonnet\n|-singleturn|p2a: Brute Bonnet|move: Rage Powder\n|cant|p1a: Giratina|slp\n|move|p2b: Calyrex|High Horsepower|p1b: Entei\n|-activate|p1b: Entei|move: Protect\n|\n|-weather|none\n|-end|p2a: Brute Bonnet|Protosynthesis\n|upkeep\n|turn|6\n|\n|t:|1774242499\n|switch|p1b: Zamazenta|Zamazenta-Crowned, L50|100/100\n|-ability|p1b: Zamazenta|Dauntless Shield|boost\n|-boost|p1b: Zamazenta|def|1\n|move|p2a: Brute Bonnet|Rage Powder|p2a: Brute Bonnet\n|-singleturn|p2a: Brute Bonnet|move: Rage Powder\n|cant|p1a: Giratina|slp\n|move|p2b: Calyrex|High Horsepower|p1b: Zamazenta\n|-supereffective|p1b: Zamazenta\n|-damage|p1b: Zamazenta|70/100\n|\n|upkeep\n|turn|7\n|\n|t:|1774242516\n|move|p1b: Zamazenta|Body Press|p2a: Brute Bonnet\n|-damage|p2a: Brute Bonnet|20/100\n|-enditem|p2a: Brute Bonnet|Sitrus Berry|[eat]\n|-heal|p2a: Brute Bonnet|45/100|[from] item: Sitrus Berry\n|cant|p1a: Giratina|slp\n|move|p2a: Brute Bonnet|Spore|p1b: Zamazenta\n|-status|p1b: Zamazenta|slp|[from] move: Spore\n|move|p2b: Calyrex|Trick Room|p2b: Calyrex\n|-fieldstart|move: Trick Room|[of] p2b: Calyrex\n|\n|upkeep\n|turn|8\n|\n|t:|1774242536\n|cant|p1b: Zamazenta|slp\n|move|p2a: Brute Bonnet|Sucker Punch|p1a: Giratina\n|-damage|p1a: Giratina|77/100 slp\n|move|p2b: Calyrex|High Horsepower|p1b: Zamazenta\n|-supereffective|p1b: Zamazenta\n|-damage|p1b: Zamazenta|39/100 slp\n|-curestatus|p1a: Giratina|slp|[msg]\n|move|p1a: Giratina|Poltergeist|p2b: Calyrex\n|-activate|p2b: Calyrex|move: Poltergeist|Clear Amulet\n|-supereffective|p2b: Calyrex\n|-damage|p2b: Calyrex|8/100\n|\n|upkeep\n|turn|9\n|inactive|lstdddsg has 30 seconds left.\n|-message|Graves Wu forfeited.\n|\n|win|lstdddsg\n|raw|lstdddsg's rating: 1456 &rarr; <strong>1473</strong><br />(+17 for winning)\n|raw|Graves Wu's rating: 1412 &rarr; <strong>1395</strong><br />(-17 for losing)\n|l|\u2606Graves Wu\n|player|p2|\n|l|\u2606lstdddsg\n|player|p1|\n","uploadtime":1774242760,"views":10,"formatid":"gen9vgc2026regi","rating":1395,"private":0,"password":null}