{"id":"gen9vgc2026regi-2573649605","format":"[Gen 9] VGC 2026 Reg I","players":["the gamblerler","EllenJoe2026"],"log":"|j|\u2606the gamblerler\n|j|\u2606EllenJoe2026\n|t:|1775153706\n|gametype|doubles\n|player|p1|the gamblerler|giovanni|1472\n|player|p2|EllenJoe2026|elesa|1553\n|gen|9\n|tier|[Gen 9] VGC 2026 Reg I\n|rated|\n|rule|Species Clause: Limit one of each Pok\u00e9mon\n|rule|Item Clause: Limit 1 of each item\n|clearpoke\n|poke|p1|Calyrex-Shadow, L50|\n|poke|p1|Miraidon, L50|\n|poke|p1|Incineroar, L50, F|\n|poke|p1|Sneasler, L50, M|\n|poke|p1|Araquanid, L50, M|\n|poke|p1|Whimsicott, L50, F|\n|poke|p2|Calyrex-Ice, L50|\n|poke|p2|Miraidon, L50|\n|poke|p2|Tornadus, L50, M|\n|poke|p2|Urshifu-*, L50, F|\n|poke|p2|Volcarona, L50, F|\n|poke|p2|Indeedee-F, L50, F|\n|teampreview|4\n|inactive|Battle timer is ON: inactive players will automatically lose when time's up. (requested by the gamblerler)\n|inactive|EllenJoe2026 also wants the timer to be on.\n|\n|t:|1775153736\n|teamsize|p1|4\n|teamsize|p2|4\n|start\n|switch|p1a: Calyrex|Calyrex-Shadow, L50|100/100\n|switch|p1b: Incineroar|Incineroar, L50, F|100/100\n|switch|p2a: Urshifu|Urshifu-Rapid-Strike, L50, F|100/100\n|switch|p2b: Tornadus|Tornadus, L50, M, shiny|100/100\n|-ability|p1a: Calyrex|As One\n|-ability|p1a: Calyrex|Unnerve\n|-ability|p1b: Incineroar|Intimidate|boost\n|-unboost|p2a: Urshifu|atk|1\n|-unboost|p2b: Tornadus|atk|1\n|turn|1\n|\n|t:|1775153743\n|-terastallize|p2a: Urshifu|Ghost\n|-terastallize|p1a: Calyrex|Ghost\n|move|p1b: Incineroar|Fake Out|p2a: Urshifu\n|-immune|p2a: Urshifu\n|move|p2b: Tornadus|Rain Dance|p2b: Tornadus\n|-weather|RainDance\n|move|p2a: Urshifu|Surging Strikes|p1a: Calyrex\n|-crit|p1a: Calyrex\n|-damage|p1a: Calyrex|59/100\n|-crit|p1a: Calyrex\n|-damage|p1a: Calyrex|19/100\n|-crit|p1a: Calyrex\n|-damage|p1a: Calyrex|0 fnt\n|faint|p1a: Calyrex\n|-hitcount|p1: Calyrex|3\n|\n|-weather|RainDance|[upkeep]\n|upkeep\n|\n|t:|1775153747\n|switch|p1a: Miraidon|Miraidon, L50|100/100\n|-fieldstart|move: Electric Terrain|[from] ability: Hadron Engine|[of] p1a: Miraidon\n|turn|2\n|\n|t:|1775153760\n|switch|p1b: Araquanid|Araquanid, L50, M|100/100\n|move|p2b: Tornadus|Tailwind|p2b: Tornadus\n|-sidestart|p2: EllenJoe2026|move: Tailwind\n|move|p2a: Urshifu|Surging Strikes|p1b: Araquanid\n|-resisted|p1b: Araquanid\n|-crit|p1b: Araquanid\n|-damage|p1b: Araquanid|85/100\n|-resisted|p1b: Araquanid\n|-crit|p1b: Araquanid\n|-damage|p1b: Araquanid|69/100\n|-resisted|p1b: Araquanid\n|-crit|p1b: Araquanid\n|-damage|p1b: Araquanid|53/100\n|-hitcount|p1b: Araquanid|3\n|move|p1a: Miraidon|Volt Switch|p2b: Tornadus\n|-supereffective|p2b: Tornadus\n|-damage|p2b: Tornadus|0 fnt\n|faint|p2b: Tornadus\n|\n|t:|1775153762\n|switch|p1a: Incineroar|Incineroar, L50, F|100/100|[from] Volt Switch\n|-ability|p1a: Incineroar|Intimidate|boost\n|-unboost|p2a: Urshifu|atk|1\n|\n|-weather|RainDance|[upkeep]\n|upkeep\n|\n|t:|1775153766\n|switch|p2b: Miraidon|Miraidon, L50, shiny|100/100\n|-activate|p2b: Miraidon|ability: Hadron Engine\n|turn|3\n|\n|t:|1775153773\n|move|p1a: Incineroar|Fake Out|p2b: Miraidon\n|-damage|p2b: Miraidon|90/100\n|move|p2a: Urshifu|Surging Strikes|p1a: Incineroar\n|-supereffective|p1a: Incineroar\n|-crit|p1a: Incineroar\n|-damage|p1a: Incineroar|35/100\n|-supereffective|p1a: Incineroar\n|-crit|p1a: Incineroar\n|-damage|p1a: Incineroar|0 fnt\n|faint|p1a: Incineroar\n|-hitcount|p1: Incineroar|2\n|cant|p2b: Miraidon|flinch\n|move|p1b: Araquanid|Liquidation|p2a: Urshifu\n|-damage|p2a: Urshifu|10/100\n|-unboost|p2a: Urshifu|def|1\n|\n|-weather|RainDance|[upkeep]\n|upkeep\n|\n|t:|1775153775\n|switch|p1a: Miraidon|Miraidon, L50|100/100\n|-activate|p1a: Miraidon|ability: Hadron Engine\n|turn|4\n|\n|t:|1775153788\n|move|p1b: Araquanid|Wide Guard|p1b: Araquanid\n|-singleturn|p1b: Araquanid|Wide Guard\n|move|p2a: Urshifu|Surging Strikes|p1a: Miraidon\n|-resisted|p1a: Miraidon\n|-crit|p1a: Miraidon\n|-damage|p1a: Miraidon|85/100\n|-resisted|p1a: Miraidon\n|-crit|p1a: Miraidon\n|-damage|p1a: Miraidon|70/100\n|-resisted|p1a: Miraidon\n|-crit|p1a: Miraidon\n|-damage|p1a: Miraidon|56/100\n|-hitcount|p1a: Miraidon|3\n|move|p2b: Miraidon|Volt Switch|p1b: Araquanid\n|-supereffective|p1b: Araquanid\n|-damage|p1b: Araquanid|0 fnt\n|faint|p1b: Araquanid\n|\n|t:|1775153802\n|switch|p2b: Calyrex|Calyrex-Ice, L50|100/100|[from] Volt Switch\n|-ability|p2b: Calyrex|As One\n|-ability|p2b: Calyrex|Unnerve\n|move|p1a: Miraidon|Dazzling Gleam|p2b: Calyrex|[spread] p2a,p2b\n|-damage|p2a: Urshifu|0 fnt\n|-damage|p2b: Calyrex|77/100\n|faint|p2a: Urshifu\n|\n|-weather|RainDance|[upkeep]\n|upkeep\n|\n|t:|1775153806\n|switch|p2a: Miraidon|Miraidon, L50, shiny|90/100\n|-activate|p2a: Miraidon|ability: Hadron Engine\n|turn|5\n|\n|t:|1775153815\n|move|p2a: Miraidon|Electro Drift|p1a: Miraidon\n|-resisted|p1a: Miraidon\n|-damage|p1a: Miraidon|28/100\n|move|p1a: Miraidon|Dazzling Gleam|p2a: Miraidon|[spread] p2a,p2b\n|-supereffective|p2a: Miraidon\n|-damage|p2a: Miraidon|34/100\n|-damage|p2b: Calyrex|51/100\n|move|p2b: Calyrex|Glacial Lance|p1a: Miraidon\n|-supereffective|p1a: Miraidon\n|-damage|p1a: Miraidon|0 fnt\n|faint|p1a: Miraidon\n|\n|win|EllenJoe2026\n|raw|the gamblerler's rating: 1472 &rarr; <strong>1457</strong><br />(-15 for losing)\n|raw|EllenJoe2026's rating: 1553 &rarr; <strong>1568</strong><br />(+15 for winning)\n|l|\u2606the gamblerler\n|player|p1|\n|l|\u2606EllenJoe2026\n|player|p2|\n","uploadtime":1775154025,"views":16,"formatid":"gen9vgc2026regi","rating":1457,"private":0,"password":null}