{"id":"gen9vgc2026regi-2556510338","format":"[Gen 9] VGC 2026 Reg I","players":["defrnm","b3testing"],"log":"|j|\u2606defrnm\n|j|\u2606b3testing\n|t:|1773218388\n|gametype|doubles\n|player|p1|defrnm|iris-gen5bw2|1373\n|player|p2|b3testing|102|1618\n|gen|9\n|tier|[Gen 9] VGC 2026 Reg I\n|rated|\n|rule|Species Clause: Limit one of each Pok\u00e9mon\n|rule|Item Clause: Limit 1 of each item\n|clearpoke\n|poke|p1|Calyrex-Shadow, L50|\n|poke|p1|Zamazenta-*, L50|\n|poke|p1|Urshifu-*, L50, F|\n|poke|p1|Ogerpon-Hearthflame, L50, F|\n|poke|p1|Chien-Pao, L50|\n|poke|p1|Raging Bolt, L50|\n|poke|p2|Terapagos, L50, M|\n|poke|p2|Calyrex-Shadow, L50|\n|poke|p2|Incineroar, L50, M|\n|poke|p2|Amoonguss, L50, F|\n|poke|p2|Tornadus, L50, M|\n|poke|p2|Smeargle, L50, M|\n|teampreview|4\n|inactive|Battle timer is ON: inactive players will automatically lose when time's up. (requested by b3testing)\n|inactive|defrnm also wants the timer to be on.\n|\n|t:|1773218408\n|teamsize|p1|4\n|teamsize|p2|4\n|start\n|switch|p1a: Zamazenta|Zamazenta-Crowned, L50, shiny|100/100\n|switch|p1b: Raging Bolt|Raging Bolt, L50|100/100\n|switch|p2a: Tornadus|Tornadus, L50, M|100/100\n|switch|p2b: Smeargle|Smeargle, L50, M|100/100\n|-ability|p1a: Zamazenta|Dauntless Shield|boost\n|-boost|p1a: Zamazenta|def|1\n|turn|1\n|\n|t:|1773218421\n|move|p2a: Tornadus|Tailwind|p2a: Tornadus\n|-sidestart|p2: b3testing|move: Tailwind\n|move|p2b: Smeargle|Spore|p1a: Zamazenta\n|-status|p1a: Zamazenta|slp|[from] move: Spore\n|cant|p1a: Zamazenta|slp\n|move|p1b: Raging Bolt|Electroweb|p2a: Tornadus|[spread] p2a,p2b\n|-supereffective|p2a: Tornadus\n|-damage|p2a: Tornadus|54/100\n|-damage|p2b: Smeargle|50/100\n|-unboost|p2a: Tornadus|spe|1\n|-unboost|p2b: Smeargle|spe|1\n|\n|-ability|p2b: Smeargle|Moody|boost\n|-boost|p2b: Smeargle|spa|2\n|-unboost|p2b: Smeargle|atk|1\n|upkeep\n|turn|2\n|\n|t:|1773218442\n|switch|p2a: Terapagos|Terapagos, L50, M|100/100\n|-activate|p2a: Terapagos|ability: Tera Shift\n|detailschange|p2a: Terapagos|Terapagos-Terastal, L50, M\n|-heal|p2a: Terapagos|100/100|[silent]\n|move|p2b: Smeargle|Spore|p1b: Raging Bolt\n|-status|p1b: Raging Bolt|slp|[from] move: Spore\n|cant|p1a: Zamazenta|slp\n|cant|p1b: Raging Bolt|slp\n|\n|-ability|p2b: Smeargle|Moody|boost\n|-boost|p2b: Smeargle|def|2\n|-unboost|p2b: Smeargle|spe|1\n|upkeep\n|turn|3\n|\n|t:|1773218456\n|move|p2a: Terapagos|Earth Power|p1a: Zamazenta\n|-supereffective|p1a: Zamazenta\n|-damage|p1a: Zamazenta|62/100 slp\n|cant|p1a: Zamazenta|slp\n|move|p2b: Smeargle|Decorate|p2a: Terapagos\n|-boost|p2a: Terapagos|atk|2\n|-boost|p2a: Terapagos|spa|2\n|-curestatus|p1b: Raging Bolt|slp|[msg]\n|move|p1b: Raging Bolt|Electroweb|p2a: Terapagos|[spread] p2a,p2b\n|-activate|p2a: Terapagos|ability: Tera Shell\n|-resisted|p2a: Terapagos\n|-damage|p2a: Terapagos|91/100\n|-damage|p2b: Smeargle|1/100\n|-unboost|p2b: Smeargle|spe|1\n|\n|-ability|p2b: Smeargle|Moody|boost\n|-boost|p2b: Smeargle|spd|2\n|-unboost|p2b: Smeargle|atk|1\n|upkeep\n|turn|4\n|inactive|defrnm has 30 seconds left.\n|\n|t:|1773218486\n|-terastallize|p2a: Terapagos|Stellar\n|detailschange|p2a: Terapagos|Terapagos-Stellar, L50, M, tera:Stellar\n|-heal|p2a: Terapagos|94/100|[silent]\n|-curestatus|p1a: Zamazenta|slp|[msg]\n|move|p1a: Zamazenta|Protect|p1a: Zamazenta\n|-singleturn|p1a: Zamazenta|Protect\n|move|p2b: Smeargle|Follow Me|p2b: Smeargle\n|-singleturn|p2b: Smeargle|move: Follow Me\n|move|p2a: Terapagos|Tera Starstorm|p1b: Raging Bolt|[spread] p1b\n|-activate|p1a: Zamazenta|move: Protect\n|-damage|p1b: Raging Bolt|48/100\n|move|p1b: Raging Bolt|Electroweb|p2b: Smeargle|[spread] p2a,p2b\n|-damage|p2a: Terapagos|78/100\n|-damage|p2b: Smeargle|0 fnt\n|faint|p2b: Smeargle\n|\n|-sideend|p2: b3testing|move: Tailwind\n|upkeep\n|\n|t:|1773218492\n|switch|p2b: Tornadus|Tornadus, L50, M|54/100\n|turn|5\n|\n|t:|1773218502\n|move|p1a: Zamazenta|Wide Guard|p1a: Zamazenta\n|-singleturn|p1a: Zamazenta|Wide Guard\n|move|p2b: Tornadus|Tailwind|p2b: Tornadus\n|-sidestart|p2: b3testing|move: Tailwind\n|move|p2a: Terapagos|Earth Power|p1a: Zamazenta\n|-supereffective|p1a: Zamazenta\n|-damage|p1a: Zamazenta|0 fnt\n|faint|p1a: Zamazenta\n|move|p1b: Raging Bolt|Thunderbolt|p2a: Terapagos\n|-damage|p2a: Terapagos|46/100\n|\n|upkeep\n|\n|t:|1773218519\n|switch|p1a: Calyrex|Calyrex-Shadow, L50|100/100\n|-ability|p1a: Calyrex|As One\n|-ability|p1a: Calyrex|Unnerve\n|turn|6\n|inactive|defrnm has 30 seconds left.\n|\n|t:|1773218549\n|move|p1b: Raging Bolt|Thunderclap|p2a: Terapagos\n|-damage|p2a: Terapagos|23/100\n|move|p2b: Tornadus|Bleakwind Storm|p1b: Raging Bolt|[spread] p1a,p1b\n|-resisted|p1b: Raging Bolt\n|-damage|p1a: Calyrex|62/100\n|-damage|p1b: Raging Bolt|36/100\n|move|p2a: Terapagos|Tera Starstorm|p1a: Calyrex|[spread] p1a,p1b\n|-damage|p1a: Calyrex|0 fnt\n|-damage|p1b: Raging Bolt|0 fnt\n|faint|p1a: Calyrex\n|faint|p1b: Raging Bolt\n|-end|p1b: Raging Bolt|Protosynthesis|[silent]\n|\n|upkeep\n|\n|t:|1773218558\n|switch|p1b: Urshifu|Urshifu-Rapid-Strike, L50, F|100/100\n|turn|7\n|\n|t:|1773218563\n|move|p2b: Tornadus|Bleakwind Storm|p1b: Urshifu|[miss]\n|-miss|p2b: Tornadus|p1b: Urshifu\n|move|p2a: Terapagos|Tera Starstorm|p1b: Urshifu\n|-damage|p1b: Urshifu|0 fnt\n|faint|p1b: Urshifu\n|\n|win|b3testing\n|raw|defrnm's rating: 1373 &rarr; <strong>1365</strong><br />(-8 for losing)\n|raw|b3testing's rating: 1618 &rarr; <strong>1626</strong><br />(+8 for winning)\n|l|\u2606defrnm\n|player|p1|\n|l|\u2606b3testing\n|player|p2|\n","uploadtime":1773218746,"views":11,"formatid":"gen9vgc2026regi","rating":1365,"private":0,"password":null}