{"id":"gen9vgc2026regi-2545535905","format":"[Gen 9] VGC 2026 Reg I","players":["Simon0123","evdawg000"],"log":"|j|\u2606Simon0123\n|j|\u2606evdawg000\n|t:|1771860949\n|gametype|doubles\n|player|p1|Simon0123|benga|1177\n|player|p2|evdawg000|fisherman-gen4|1114\n|gen|9\n|tier|[Gen 9] VGC 2026 Reg I\n|rated|\n|rule|Species Clause: Limit one of each Pok\u00e9mon\n|rule|Item Clause: Limit 1 of each item\n|clearpoke\n|poke|p1|Miraidon, L50|\n|poke|p1|Flutter Mane, L50|\n|poke|p1|Incineroar, L50, F|\n|poke|p1|Urshifu-*, L50, M|\n|poke|p1|Tornadus, L50, M|\n|poke|p1|Amoonguss, L50, M|\n|poke|p2|Calyrex-Shadow, L50|\n|poke|p2|Mewtwo, L50|\n|poke|p2|Indeedee, L50, M|\n|poke|p2|Tornadus, L50, M|\n|poke|p2|Roaring Moon, L50|\n|poke|p2|Incineroar, L50, F|\n|teampreview|4\n|inactive|Battle timer is ON: inactive players will automatically lose when time's up. (requested by evdawg000)\n|inactive|Simon0123 also wants the timer to be on.\n|\n|t:|1771860970\n|teamsize|p1|4\n|teamsize|p2|4\n|start\n|switch|p1a: Tornadus|Tornadus, L50, M|100/100\n|switch|p1b: Miraidon|Miraidon, L50|100/100\n|switch|p2a: Tornadus|Tornadus, L50, M|100/100\n|switch|p2b: Indeedee|Indeedee, L50, M|100/100\n|-fieldstart|move: Electric Terrain|[from] ability: Hadron Engine|[of] p1b: Miraidon\n|-fieldstart|move: Psychic Terrain|[from] ability: Psychic Surge|[of] p2b: Indeedee\n|turn|1\n|inactive|Simon0123 has 30 seconds left.\n|\n|t:|1771860999\n|-terastallize|p1b: Miraidon|Electric\n|move|p2a: Tornadus|Tailwind|p2a: Tornadus\n|-sidestart|p2: evdawg000|move: Tailwind\n|move|p2b: Indeedee|Expanding Force|p1b: Miraidon|[spread] p1a,p1b\n|-damage|p1a: Tornadus|44/100\n|-damage|p1b: Miraidon|54/100\n|move|p1b: Miraidon|Electro Drift|p2b: Indeedee\n|-damage|p2b: Indeedee|0 fnt\n|faint|p2b: Indeedee\n|move|p1a: Tornadus|Bleakwind Storm|p2a: Tornadus|[miss]\n|-miss|p1a: Tornadus|p2a: Tornadus\n|\n|upkeep\n|\n|t:|1771861013\n|switch|p2b: Calyrex|Calyrex-Shadow, L50|100/100\n|-ability|p2b: Calyrex|As One\n|-ability|p2b: Calyrex|Unnerve\n|turn|2\n|\n|t:|1771861029\n|switch|p1b: Incineroar|Incineroar, L50, F|100/100\n|-ability|p1b: Incineroar|Intimidate|boost\n|-unboost|p2a: Tornadus|atk|1\n|-unboost|p2b: Calyrex|atk|1\n|move|p1a: Tornadus|Tailwind|p1a: Tornadus\n|-sidestart|p1: Simon0123|move: Tailwind\n|move|p2b: Calyrex|Astral Barrage|p1a: Tornadus|[spread] p1a,p1b\n|-crit|p1a: Tornadus\n|-resisted|p1b: Incineroar\n|-damage|p1a: Tornadus|0 fnt\n|-damage|p1b: Incineroar|78/100\n|faint|p1a: Tornadus\n|-ability|p2b: Calyrex|Grim Neigh|boost\n|-boost|p2b: Calyrex|spa|1\n|move|p2a: Tornadus|Bleakwind Storm|p1b: Incineroar\n|-damage|p1b: Incineroar|47/100\n|\n|upkeep\n|\n|t:|1771861031\n|switch|p1a: Flutter Mane|Flutter Mane, L50|100/100\n|turn|3\n|\n|t:|1771861056\n|move|p1b: Incineroar|Fake Out|p2a: Tornadus\n|-hint|Psychic Terrain doesn't affect Pok\u00e9mon immune to Ground.\n|-damage|p2a: Tornadus|88/100\n|move|p2a: Tornadus|Scary Face|p1a: Flutter Mane\n|-activate|p1a: Flutter Mane|move: Psychic Terrain\n|move|p2b: Calyrex|Astral Barrage|p1b: Incineroar|[spread] p1a,p1b\n|-supereffective|p1a: Flutter Mane\n|-resisted|p1b: Incineroar\n|-enditem|p1a: Flutter Mane|Focus Sash\n|-damage|p1a: Flutter Mane|1/100\n|-damage|p1b: Incineroar|15/100\n|move|p1a: Flutter Mane|Icy Wind|p2a: Tornadus|[spread] p2a,p2b\n|-supereffective|p2a: Tornadus\n|-damage|p2a: Tornadus|64/100\n|-damage|p2b: Calyrex|86/100\n|-unboost|p2b: Calyrex|spe|1\n|\n|upkeep\n|turn|4\n|inactive|evdawg000 has 30 seconds left.\n|\n|t:|1771861088\n|switch|p2b: Mewtwo|Mewtwo, L50|100/100\n|-ability|p2b: Mewtwo|Pressure\n|move|p1a: Flutter Mane|Shadow Ball|p2b: Mewtwo\n|-supereffective|p2b: Mewtwo\n|-damage|p2b: Mewtwo|6/100\n|move|p2a: Tornadus|Bleakwind Storm|p1a: Flutter Mane|[spread] \n|-miss|p2a: Tornadus|p1a: Flutter Mane\n|-miss|p2a: Tornadus|p1b: Incineroar\n|move|p1b: Incineroar|Knock Off|p2b: Mewtwo\n|-supereffective|p2b: Mewtwo\n|-damage|p2b: Mewtwo|0 fnt\n|-enditem|p2b: Mewtwo|Life Orb|[from] move: Knock Off|[of] p1b: Incineroar\n|faint|p2b: Mewtwo\n|\n|-sideend|p2: evdawg000|move: Tailwind\n|upkeep\n|\n|t:|1771861105\n|switch|p2b: Calyrex|Calyrex-Shadow, L50|86/100\n|-ability|p2b: Calyrex|As One\n|-ability|p2b: Calyrex|Unnerve\n|turn|5\n|-message|Simon0123 forfeited.\n|\n|win|evdawg000\n|raw|Simon0123's rating: 1177 &rarr; <strong>1148</strong><br />(-29 for losing)\n|raw|evdawg000's rating: 1114 &rarr; <strong>1143</strong><br />(+29 for winning)\n|l|\u2606Simon0123\n|player|p1|\n|l|\u2606evdawg000\n|player|p2|\n","uploadtime":1771861342,"views":13,"formatid":"gen9vgc2026regi","rating":1143,"private":0,"password":null}