{"id":"gen9vgc2026regi-2588541685","format":"[Gen 9] VGC 2026 Reg I","players":["jj11j1","Lolpoopypants"],"log":"|j|\u2606jj11j1\n|j|\u2606Lolpoopypants\n|t:|1776643189\n|gametype|doubles\n|player|p1|jj11j1|169|1543\n|player|p2|Lolpoopypants|102|1521\n|gen|9\n|tier|[Gen 9] VGC 2026 Reg I\n|rated|\n|rule|Species Clause: Limit one of each Pok\u00e9mon\n|rule|Item Clause: Limit 1 of each item\n|clearpoke\n|poke|p1|Ho-Oh, L50|\n|poke|p1|Calyrex-Ice, L50|\n|poke|p1|Overqwil, L50, F|\n|poke|p1|Ting-Lu, L50|\n|poke|p1|Rillaboom, L50, F|\n|poke|p1|Ogerpon-Wellspring, L50, F|\n|poke|p2|Calyrex-Shadow, L50|\n|poke|p2|Zamazenta-*, L50|\n|poke|p2|Chien-Pao, L50|\n|poke|p2|Dragonite, L50, M|\n|poke|p2|Amoonguss, L50, F|\n|poke|p2|Ogerpon-Cornerstone, L50, F|\n|teampreview|4\n|inactive|Battle timer is ON: inactive players will automatically lose when time's up. (requested by Lolpoopypants)\n|inactive|Lolpoopypants has 60 seconds left.\n|inactive|Lolpoopypants has 30 seconds left.\n|inactive|Lolpoopypants has 20 seconds left.\n|inactive|Lolpoopypants has 15 seconds left.\n|inactive|Lolpoopypants has 10 seconds left.\n|inactive|Lolpoopypants has 5 seconds left.\n|\n|t:|1776643279\n|teamsize|p1|4\n|teamsize|p2|4\n|start\n|switch|p1a: Overqwil|Overqwil, L50, F|100/100\n|switch|p1b: Ho-Oh|Ho-Oh, L50|100/100\n|switch|p2a: Calyrex|Calyrex-Shadow, L50|100/100\n|switch|p2b: Zamazenta|Zamazenta-Crowned, L50|100/100\n|-ability|p2a: Calyrex|As One\n|-ability|p2a: Calyrex|Unnerve\n|-ability|p2b: Zamazenta|Dauntless Shield|boost\n|-boost|p2b: Zamazenta|def|1\n|-ability|p1a: Overqwil|Intimidate|boost\n|-unboost|p2a: Calyrex|atk|1\n|-unboost|p2b: Zamazenta|atk|1\n|turn|1\n|inactive|jj11j1 has 30 seconds left.\n|inactive|Lolpoopypants has 30 seconds left.\n|inactive|Lolpoopypants has 20 seconds left.\n|inactive|Lolpoopypants has 15 seconds left.\n|inactive|Lolpoopypants has 10 seconds left.\n|inactive|Lolpoopypants has 5 seconds left.\n|\n|t:|1776643334\n|move|p1a: Overqwil|Protect|p1a: Overqwil\n|-singleturn|p1a: Overqwil|Protect\n|move|p2a: Calyrex|Astral Barrage|p1b: Ho-Oh|[spread] p1b\n|-activate|p1a: Overqwil|move: Protect\n|-damage|p1b: Ho-Oh|71/100\n|move|p2b: Zamazenta|Body Press|p1b: Ho-Oh\n|-resisted|p1b: Ho-Oh\n|-damage|p1b: Ho-Oh|50/100\n|-damage|p2b: Zamazenta|84/100|[from] item: Rocky Helmet|[of] p1b: Ho-Oh\n|move|p1b: Ho-Oh|Sacred Fire|p2a: Calyrex\n|-damage|p2a: Calyrex|50/100\n|-status|p2a: Calyrex|brn\n|\n|-damage|p2a: Calyrex|44/100 brn|[from] brn\n|upkeep\n|turn|2\n|inactive|jj11j1 has 30 seconds left.\n|inactive|jj11j1 has 20 seconds left.\n|\n|t:|1776643371\n|move|p2a: Calyrex|Psychic|p1b: Ho-Oh\n|-damage|p1b: Ho-Oh|19/100\n|move|p2b: Zamazenta|Body Press|p1a: Overqwil\n|-damage|p1a: Overqwil|39/100\n|move|p1b: Ho-Oh|Sacred Fire|p2b: Zamazenta\n|-supereffective|p2b: Zamazenta\n|-damage|p2b: Zamazenta|52/100\n|-status|p2b: Zamazenta|brn\n|move|p1a: Overqwil|Throat Chop|p2a: Calyrex\n|-supereffective|p2a: Calyrex\n|-damage|p2a: Calyrex|0 fnt\n|faint|p2a: Calyrex\n|\n|-heal|p1a: Overqwil|45/100|[from] item: Black Sludge\n|-damage|p2b: Zamazenta|46/100 brn|[from] brn\n|upkeep\n|\n|t:|1776643376\n|switch|p2a: Dragonite|Dragonite, L50, M|100/100\n|turn|3\n|inactive|jj11j1 has 30 seconds left.\n|\n|t:|1776643408\n|-terastallize|p2a: Dragonite|Normal\n|move|p2a: Dragonite|Extreme Speed|p1b: Ho-Oh\n|-damage|p1b: Ho-Oh|0 fnt\n|-damage|p2a: Dragonite|84/100|[from] item: Rocky Helmet|[of] p1b: Ho-Oh\n|faint|p1b: Ho-Oh\n|move|p2b: Zamazenta|Body Press|p1a: Overqwil\n|-damage|p1a: Overqwil|14/100\n|move|p1a: Overqwil|Toxic Spikes|p2b: Zamazenta\n|-sidestart|p2: Lolpoopypants|move: Toxic Spikes\n|\n|-heal|p1a: Overqwil|20/100|[from] item: Black Sludge\n|-damage|p2b: Zamazenta|39/100 brn|[from] brn\n|upkeep\n|\n|t:|1776643429\n|switch|p1b: Ting-Lu|Ting-Lu, L50|100/100\n|-ability|p1b: Ting-Lu|Vessel of Ruin\n|turn|4\n|\n|t:|1776643447\n|move|p2a: Dragonite|Extreme Speed|p1a: Overqwil\n|-damage|p1a: Overqwil|0 fnt\n|faint|p1a: Overqwil\n|move|p2b: Zamazenta|Body Press|p1b: Ting-Lu\n|-supereffective|p1b: Ting-Lu\n|-damage|p1b: Ting-Lu|59/100\n|move|p1b: Ting-Lu|Stomping Tantrum|p2a: Dragonite\n|-damage|p2a: Dragonite|27/100\n|\n|-damage|p2b: Zamazenta|33/100 brn|[from] brn\n|upkeep\n|\n|t:|1776643460\n|switch|p1a: Calyrex|Calyrex-Ice, L50|100/100\n|-ability|p1a: Calyrex|As One\n|-ability|p1a: Calyrex|Unnerve\n|turn|5\n|\n|t:|1776643479\n|-terastallize|p1b: Ting-Lu|Fire\n|move|p2a: Dragonite|Extreme Speed|p1a: Calyrex\n|-damage|p1a: Calyrex|64/100\n|move|p2b: Zamazenta|Body Press|p1b: Ting-Lu\n|-damage|p1b: Ting-Lu|40/100\n|move|p1b: Ting-Lu|Stomping Tantrum|p2a: Dragonite\n|-damage|p2a: Dragonite|0 fnt\n|faint|p2a: Dragonite\n|move|p1a: Calyrex|Trick Room|p1a: Calyrex\n|-fieldstart|move: Trick Room|[of] p1a: Calyrex\n|\n|-heal|p1a: Calyrex|70/100|[from] item: Leftovers\n|-damage|p2b: Zamazenta|27/100 brn|[from] brn\n|upkeep\n|\n|t:|1776643488\n|switch|p2a: Chien-Pao|Chien-Pao, L50|100/100\n|-status|p2a: Chien-Pao|psn\n|-ability|p2a: Chien-Pao|Sword of Ruin\n|turn|6\n|\n|t:|1776643504\n|move|p1a: Calyrex|Leech Seed|p2a: Chien-Pao\n|-start|p2a: Chien-Pao|move: Leech Seed\n|move|p1b: Ting-Lu|Stomping Tantrum|p2b: Zamazenta\n|-supereffective|p2b: Zamazenta\n|-damage|p2b: Zamazenta|0 fnt\n|faint|p2b: Zamazenta\n|move|p2a: Chien-Pao|Throat Chop|p1a: Calyrex\n|-supereffective|p1a: Calyrex\n|-damage|p1a: Calyrex|26/100\n|-start|p1a: Calyrex|Throat Chop|[silent]\n|\n|-heal|p1a: Calyrex|32/100|[from] item: Leftovers\n|-damage|p2a: Chien-Pao|88/100 psn|[from] Leech Seed|[of] p1a: Calyrex\n|-heal|p1a: Calyrex|43/100|[silent]\n|-damage|p2a: Chien-Pao|76/100 psn|[from] psn\n|upkeep\n|turn|7\n|\n|t:|1776643526\n|move|p1a: Calyrex|Glacial Lance|p2a: Chien-Pao\n|-resisted|p2a: Chien-Pao\n|-damage|p2a: Chien-Pao|37/100 psn\n|move|p1b: Ting-Lu|Stomping Tantrum|p2a: Chien-Pao\n|-damage|p2a: Chien-Pao|0 fnt\n|faint|p2a: Chien-Pao\n|\n|win|jj11j1\n|raw|jj11j1's rating: 1543 &rarr; <strong>1562</strong><br />(+19 for winning)\n|raw|Lolpoopypants's rating: 1521 &rarr; <strong>1502</strong><br />(-19 for losing)\n|l|\u2606Lolpoopypants\n|player|p2|\n|l|\u2606jj11j1\n|player|p1|\n","uploadtime":1776643762,"views":8,"formatid":"gen9vgc2026regi","rating":1502,"private":0,"password":null}