{"id":"gen9vgc2026regi-2582229125","format":"[Gen 9] VGC 2026 Reg I","players":["KCLord","koudaimiluyou"],"log":"|j|\u2606KCLord\n|j|\u2606koudaimiluyou\n|t:|1776073800\n|gametype|doubles\n|player|p1|KCLord|cynthia-gen4|1535\n|player|p2|koudaimiluyou|elesa|1508\n|gen|9\n|tier|[Gen 9] VGC 2026 Reg I\n|rated|\n|rule|Species Clause: Limit one of each Pok\u00e9mon\n|rule|Item Clause: Limit 1 of each item\n|clearpoke\n|poke|p1|Calyrex-Shadow, L50|\n|poke|p1|Zamazenta-*, L50|\n|poke|p1|Chien-Pao, L50|\n|poke|p1|Dragonite, L50, M|\n|poke|p1|Raging Bolt, L50|\n|poke|p1|Ogerpon-Cornerstone, L50, F|\n|poke|p2|Calyrex-Shadow, L50|\n|poke|p2|Koraidon, L50|\n|poke|p2|Clefairy, L50, M|\n|poke|p2|Indeedee-F, L50, F|\n|poke|p2|Iron Valiant, L50|\n|poke|p2|Raging Bolt, L50|\n|teampreview|4\n|inactive|Battle timer is ON: inactive players will automatically lose when time's up. (requested by koudaimiluyou)\n|\n|t:|1776073860\n|teamsize|p1|4\n|teamsize|p2|4\n|start\n|switch|p1a: Zamazenta|Zamazenta-Crowned, L50|100/100\n|switch|p1b: Ogerpon|Ogerpon-Cornerstone, L50, F|100/100\n|switch|p2a: Koraidon|Koraidon, L50|100/100\n|switch|p2b: Indeedee|Indeedee-F, L50, F|100/100\n|-weather|SunnyDay|[from] ability: Orichalcum Pulse|[of] p2a: Koraidon\n|-activate|p2a: Koraidon|Orichalcum Pulse|[source]\n|-ability|p1a: Zamazenta|Dauntless Shield|boost\n|-boost|p1a: Zamazenta|def|1\n|-fieldstart|move: Psychic Terrain|[from] ability: Psychic Surge|[of] p2b: Indeedee\n|-enditem|p2a: Koraidon|Psychic Seed\n|-boost|p2a: Koraidon|spd|1|[from] item: Psychic Seed\n|turn|1\n|inactive|KCLord has 30 seconds left.\n|\n|t:|1776073886\n|move|p1b: Ogerpon|Spiky Shield|p1b: Ogerpon\n|-singleturn|p1b: Ogerpon|move: Protect\n|move|p1a: Zamazenta|Protect|p1a: Zamazenta\n|-singleturn|p1a: Zamazenta|Protect\n|move|p2a: Koraidon|Swords Dance|p2a: Koraidon\n|-boost|p2a: Koraidon|atk|2\n|move|p2b: Indeedee|Reflect|p2b: Indeedee\n|-sidestart|p2: koudaimiluyou|Reflect\n|\n|-weather|SunnyDay|[upkeep]\n|upkeep\n|turn|2\n|\n|t:|1776073907\n|switch|p2b: Calyrex|Calyrex-Shadow, L50|100/100\n|-ability|p2b: Calyrex|As One\n|-ability|p2b: Calyrex|Unnerve\n|move|p1b: Ogerpon|Taunt|p2b: Calyrex\n|-start|p2b: Calyrex|move: Taunt\n|move|p2a: Koraidon|Flame Charge|p1b: Ogerpon\n|-ability|p1b: Ogerpon|Sturdy\n|-damage|p1b: Ogerpon|1/100\n|-boost|p2a: Koraidon|spe|1\n|move|p1a: Zamazenta|Body Press|p2a: Koraidon\n|-damage|p2a: Koraidon|68/100\n|\n|-weather|SunnyDay|[upkeep]\n|upkeep\n|turn|3\n|inactive|KCLord has 30 seconds left.\n|inactive|koudaimiluyou has 30 seconds left.\n|inactive|koudaimiluyou has 20 seconds left.\n|inactive|koudaimiluyou has 15 seconds left.\n|\n|t:|1776073948\n|move|p1b: Ogerpon|Follow Me|p1b: Ogerpon\n|-singleturn|p1b: Ogerpon|move: Follow Me\n|move|p2a: Koraidon|Drain Punch|p1b: Ogerpon\n|-supereffective|p1b: Ogerpon\n|-damage|p1b: Ogerpon|0 fnt\n|-heal|p2a: Koraidon|68/100|[from] drain|[of] p1b: Ogerpon\n|faint|p1b: Ogerpon\n|move|p2b: Calyrex|Astral Barrage|p1a: Zamazenta\n|-damage|p1a: Zamazenta|53/100\n|move|p1a: Zamazenta|Body Press|p2a: Koraidon\n|-damage|p2a: Koraidon|36/100\n|\n|-weather|SunnyDay|[upkeep]\n|upkeep\n|\n|t:|1776073969\n|switch|p1b: PinkPonyClub|Calyrex-Shadow, L50|100/100\n|-ability|p1b: PinkPonyClub|As One\n|-ability|p1b: PinkPonyClub|Unnerve\n|turn|4\n|\n|t:|1776073985\n|switch|p2b: Clefairy|Clefairy, L50, M|100/100\n|-terastallize|p2a: Koraidon|Fire\n|-terastallize|p1b: PinkPonyClub|Ghost\n|move|p1a: Zamazenta|Wide Guard|p1a: Zamazenta\n|-singleturn|p1a: Zamazenta|Wide Guard\n|move|p2a: Koraidon|Drain Punch|p1a: Zamazenta\n|-supereffective|p1a: Zamazenta\n|-damage|p1a: Zamazenta|0 fnt\n|-heal|p2a: Koraidon|61/100|[from] drain|[of] p1a: Zamazenta\n|faint|p1a: Zamazenta\n|move|p1b: PinkPonyClub|Astral Barrage|p2a: Koraidon|[spread] p2a,p2b\n|-damage|p2a: Koraidon|29/100\n|-damage|p2b: Clefairy|34/100\n|\n|-weather|SunnyDay|[upkeep]\n|upkeep\n|\n|t:|1776074004\n|switch|p1a: Arlie|Chien-Pao, L50|100/100\n|-ability|p1a: Arlie|Sword of Ruin\n|turn|5\n|\n|t:|1776074019\n|move|p2a: Koraidon|Drain Punch|p1a: Arlie\n|-supereffective|p1a: Arlie\n|-damage|p1a: Arlie|0 fnt\n|-heal|p2a: Koraidon|68/100|[from] drain|[of] p1a: Arlie\n|faint|p1a: Arlie\n|move|p1b: PinkPonyClub|Astral Barrage|p2b: Clefairy|[spread] p2a,p2b\n|-damage|p2a: Koraidon|36/100\n|-damage|p2b: Clefairy|0 fnt\n|faint|p2b: Clefairy\n|-ability|p1b: PinkPonyClub|Grim Neigh|boost\n|-boost|p1b: PinkPonyClub|spa|1\n|\n|-weather|none\n|-sideend|p2: koudaimiluyou|Reflect\n|-fieldend|move: Psychic Terrain\n|upkeep\n|\n|t:|1776074040\n|switch|p2b: Calyrex|Calyrex-Shadow, L50|100/100\n|-ability|p2b: Calyrex|As One\n|-ability|p2b: Calyrex|Unnerve\n|turn|6\n|\n|t:|1776074049\n|move|p2a: Koraidon|Flame Charge|p1b: PinkPonyClub\n|-damage|p1b: PinkPonyClub|27/100\n|-boost|p2a: Koraidon|spe|1\n|move|p1b: PinkPonyClub|Astral Barrage|p2b: Calyrex|[spread] p2a,p2b\n|-supereffective|p2b: Calyrex\n|-damage|p2a: Koraidon|0 fnt\n|-enditem|p2b: Calyrex|Focus Sash\n|-damage|p2b: Calyrex|1/100\n|faint|p2a: Koraidon\n|-ability|p1b: PinkPonyClub|Grim Neigh|boost\n|-boost|p1b: PinkPonyClub|spa|1\n|move|p2b: Calyrex|Astral Barrage|p1b: PinkPonyClub\n|-supereffective|p1b: PinkPonyClub\n|-damage|p1b: PinkPonyClub|0 fnt\n|faint|p1b: PinkPonyClub\n|\n|win|koudaimiluyou\n|raw|KCLord's rating: 1535 &rarr; <strong>1513</strong><br />(-22 for losing)\n|raw|koudaimiluyou's rating: 1508 &rarr; <strong>1530</strong><br />(+22 for winning)\n|l|\u2606KCLord\n|player|p1|\n|l|\u2606koudaimiluyou\n|player|p2|\n","uploadtime":1776074223,"views":14,"formatid":"gen9vgc2026regi","rating":1513,"private":0,"password":null}