{"id":"gen9vgc2026regi-2577950335","format":"[Gen 9] VGC 2026 Reg I","players":["navinsachump","sukaww"],"log":"|j|\u2606navinsachump\n|j|\u2606sukaww\n|t:|1775625244\n|gametype|doubles\n|player|p1|navinsachump|265|1395\n|player|p2|sukaww|1|1432\n|gen|9\n|tier|[Gen 9] VGC 2026 Reg I\n|rated|\n|rule|Species Clause: Limit one of each Pok\u00e9mon\n|rule|Item Clause: Limit 1 of each item\n|clearpoke\n|poke|p1|Calyrex-Shadow, L50|\n|poke|p1|Koraidon, L50|\n|poke|p1|Raging Bolt, L50|\n|poke|p1|Brute Bonnet, L50|\n|poke|p1|Landorus, L50, M|\n|poke|p1|Incineroar, L50, M|\n|poke|p2|Calyrex-Ice, L50|\n|poke|p2|Miraidon, L50|\n|poke|p2|Iron Hands, L50|\n|poke|p2|Farigiraf, L50, F|\n|poke|p2|Ursaluna-Bloodmoon, L50, M|\n|poke|p2|Torkoal, L50, F|\n|teampreview|4\n|inactive|Battle timer is ON: inactive players will automatically lose when time's up. (requested by sukaww)\n|inactive|navinsachump has 60 seconds left.\n|\n|t:|1775625299\n|teamsize|p1|4\n|teamsize|p2|4\n|start\n|switch|p1a: Brute Bonnet|Brute Bonnet, L50|100/100\n|switch|p1b: Calyrex|Calyrex-Shadow, L50|100/100\n|switch|p2a: Calyrex|Calyrex-Ice, L50|100/100\n|switch|p2b: Iron Hands|Iron Hands, L50|100/100\n|-ability|p1b: Calyrex|As One\n|-ability|p1b: Calyrex|Unnerve\n|-ability|p2a: Calyrex|As One\n|-ability|p2a: Calyrex|Unnerve\n|turn|1\n|\n|t:|1775625308\n|-end|p2b: Iron Hands|Quark Drive|[silent]\n|switch|p2b: Miraidon|Miraidon, L50|100/100\n|-fieldstart|move: Electric Terrain|[from] ability: Hadron Engine|[of] p2b: Miraidon\n|-terastallize|p1a: Brute Bonnet|Water\n|-terastallize|p2a: Calyrex|Dragon\n|move|p1b: Calyrex|Astral Barrage|p2b: Miraidon|[spread] p2a,p2b\n|-crit|p2b: Miraidon\n|-damage|p2a: Calyrex|61/100\n|-damage|p2b: Miraidon|32/100\n|move|p1a: Brute Bonnet|Spore|p2a: Calyrex\n|-activate|p2a: Calyrex|move: Electric Terrain\n|move|p2a: Calyrex|Trick Room|p2a: Calyrex\n|-fieldstart|move: Trick Room|[of] p2a: Calyrex\n|\n|upkeep\n|turn|2\n|\n|t:|1775625324\n|switch|p2b: Ursaluna|Ursaluna-Bloodmoon, L50, M|100/100\n|move|p1a: Brute Bonnet|Sucker Punch||[still]\n|-fail|p1a: Brute Bonnet\n|move|p2a: Calyrex|Glacial Lance|p1a: Brute Bonnet|[spread] p1a,p1b\n|-resisted|p1a: Brute Bonnet\n|-damage|p1a: Brute Bonnet|82/100\n|-damage|p1b: Calyrex|29/100\n|move|p1b: Calyrex|Astral Barrage|p2a: Calyrex|[spread] p2a\n|-immune|p2b: Ursaluna\n|-crit|p2a: Calyrex\n|-damage|p2a: Calyrex|1/100\n|\n|upkeep\n|turn|3\n|inactive|navinsachump has 30 seconds left.\n|\n|t:|1775625351\n|switch|p2a: Iron Hands|Iron Hands, L50|100/100\n|-activate|p2a: Iron Hands|ability: Quark Drive\n|-start|p2a: Iron Hands|quarkdriveatk\n|switch|p1b: Raging Bolt|Raging Bolt, L50|100/100\n|move|p2b: Ursaluna|Hyper Voice|p1b: Raging Bolt|[spread] p1a,p1b\n|-crit|p1b: Raging Bolt\n|-damage|p1a: Brute Bonnet|37/100\n|-damage|p1b: Raging Bolt|52/100\n|-damage|p2b: Ursaluna|91/100|[from] item: Life Orb\n|move|p1a: Brute Bonnet|Seed Bomb|p2b: Ursaluna\n|-supereffective|p2b: Ursaluna\n|-damage|p2b: Ursaluna|46/100\n|\n|upkeep\n|turn|4\n|inactive|navinsachump has 30 seconds left.\n|\n|t:|1775625384\n|move|p1a: Brute Bonnet|Sucker Punch|p2b: Ursaluna\n|-damage|p2b: Ursaluna|27/100\n|move|p2a: Iron Hands|Low Kick|p1b: Raging Bolt\n|-damage|p1b: Raging Bolt|0 fnt\n|faint|p1b: Raging Bolt\n|-end|p1b: Raging Bolt|Protosynthesis|[silent]\n|move|p2b: Ursaluna|Hyper Voice|p1a: Brute Bonnet\n|-damage|p1a: Brute Bonnet|0 fnt\n|faint|p1a: Brute Bonnet\n|-end|p1a: Brute Bonnet|Protosynthesis|[silent]\n|-damage|p2b: Ursaluna|17/100|[from] item: Life Orb\n|\n|upkeep\n|\n|t:|1775625390\n|switch|p1a: Koraidon|Koraidon, L50|100/100\n|switch|p1b: Calyrex|Calyrex-Shadow, L50|29/100\n|-ability|p1b: Calyrex|As One\n|-ability|p1b: Calyrex|Unnerve\n|-weather|SunnyDay|[from] ability: Orichalcum Pulse|[of] p1a: Koraidon\n|-activate|p1a: Koraidon|Orichalcum Pulse|[source]\n|turn|5\n|j| CrazyyBoi\n|\n|t:|1775625398\n|-end|p2a: Iron Hands|Quark Drive|[silent]\n|switch|p2a: Calyrex|Calyrex-Ice, L50, tera:Dragon|1/100\n|-ability|p2a: Calyrex|As One\n|-ability|p2a: Calyrex|Unnerve\n|move|p1a: Koraidon|Protect|p1a: Koraidon\n|-singleturn|p1a: Koraidon|Protect\n|move|p1b: Calyrex|Protect|p1b: Calyrex\n|-singleturn|p1b: Calyrex|Protect\n|move|p2b: Ursaluna|Hyper Voice|p1a: Koraidon|[spread] \n|-activate|p1a: Koraidon|move: Protect\n|-activate|p1b: Calyrex|move: Protect\n|\n|-weather|SunnyDay|[upkeep]\n|-fieldend|move: Trick Room\n|-fieldend|move: Electric Terrain\n|upkeep\n|turn|6\n|\n|t:|1775625414\n|move|p1b: Calyrex|Psychic|p2a: Calyrex\n|-damage|p2a: Calyrex|0 fnt\n|faint|p2a: Calyrex\n|-ability|p1b: Calyrex|Grim Neigh|boost\n|-boost|p1b: Calyrex|spa|1\n|move|p1a: Koraidon|Collision Course|p2b: Ursaluna\n|-supereffective|p2b: Ursaluna\n|-crit|p2b: Ursaluna\n|-damage|p2b: Ursaluna|0 fnt\n|faint|p2b: Ursaluna\n|\n|-weather|SunnyDay|[upkeep]\n|upkeep\n|\n|t:|1775625419\n|switch|p2a: Miraidon|Miraidon, L50|32/100\n|switch|p2b: Iron Hands|Iron Hands, L50|100/100\n|-fieldstart|move: Electric Terrain|[from] ability: Hadron Engine|[of] p2a: Miraidon\n|-activate|p2b: Iron Hands|ability: Quark Drive\n|-start|p2b: Iron Hands|quarkdriveatk\n|turn|7\n|\n|t:|1775625428\n|move|p1b: Calyrex|Protect|p1b: Calyrex\n|-singleturn|p1b: Calyrex|Protect\n|move|p1a: Koraidon|Protect|p1a: Koraidon\n|-singleturn|p1a: Koraidon|Protect\n|move|p2b: Iron Hands|Fake Out|p1a: Koraidon\n|-activate|p1a: Koraidon|move: Protect\n|move|p2a: Miraidon|Draco Meteor|p1b: Calyrex\n|-activate|p1b: Calyrex|move: Protect\n|\n|-weather|SunnyDay|[upkeep]\n|upkeep\n|turn|8\n|\n|t:|1775625438\n|move|p2a: Miraidon|Draco Meteor|p1b: Calyrex\n|-damage|p1b: Calyrex|0 fnt\n|-unboost|p2a: Miraidon|spa|2\n|faint|p1b: Calyrex\n|move|p1a: Koraidon|Collision Course|p2b: Iron Hands\n|-damage|p2b: Iron Hands|50/100\n|move|p2b: Iron Hands|Low Kick|p1a: Koraidon\n|-damage|p1a: Koraidon|24/100\n|\n|-weather|SunnyDay|[upkeep]\n|upkeep\n|turn|9\n|\n|t:|1775625452\n|move|p2a: Miraidon|Draco Meteor|p1a: Koraidon\n|-supereffective|p1a: Koraidon\n|-damage|p1a: Koraidon|0 fnt\n|-unboost|p2a: Miraidon|spa|2\n|faint|p1a: Koraidon\n|\n|win|sukaww\n|raw|navinsachump's rating: 1395 &rarr; <strong>1377</strong><br />(-18 for losing)\n|raw|sukaww's rating: 1432 &rarr; <strong>1450</strong><br />(+18 for winning)\n|l|\u2606navinsachump\n|player|p1|\n|c| CrazyyBoi|Oof look at your rating navinsachump\n|l| CrazyyBoi\n|l|\u2606sukaww\n|player|p2|\n|j|\u2606sukaww\n|player|p2|sukaww|1|\n","uploadtime":1775625659,"views":10,"formatid":"gen9vgc2026regi","rating":1377,"private":0,"password":null}