{"id":"gen9vgc2026regi-2563887102","format":"[Gen 9] VGC 2026 Reg I","players":["terafireflareblitz","Spottedwoot"],"log":"|j|\u2606terafireflareblitz\n|j|\u2606Spottedwoot\n|t:|1774078199\n|gametype|doubles\n|player|p1|terafireflareblitz|sycamore|1359\n|player|p2|Spottedwoot|170|1498\n|gen|9\n|tier|[Gen 9] VGC 2026 Reg I\n|rated|\n|rule|Species Clause: Limit one of each Pok\u00e9mon\n|rule|Item Clause: Limit 1 of each item\n|clearpoke\n|poke|p1|Koraidon, L50|\n|poke|p1|Lunala, L50|\n|poke|p1|Indeedee-F, L50, F|\n|poke|p1|Flutter Mane, L50|\n|poke|p1|Volcarona, L50, M|\n|poke|p1|Ursaluna, L50, M|\n|poke|p2|Zacian-*, L50|\n|poke|p2|Kyogre, L50|\n|poke|p2|Tornadus, L50, M|\n|poke|p2|Incineroar, L50, M|\n|poke|p2|Urshifu-*, L50, F|\n|poke|p2|Landorus, L50, M|\n|teampreview|4\n|inactive|Battle timer is ON: inactive players will automatically lose when time's up. (requested by terafireflareblitz)\n|\n|t:|1774078211\n|teamsize|p1|4\n|teamsize|p2|4\n|start\n|switch|p1a: Lunala|Lunala, L50, shiny|100/100\n|switch|p1b: Indeedee|Indeedee-F, L50, F|100/100\n|switch|p2a: Incineroar|Incineroar, L50, M|100/100\n|switch|p2b: Urshifu|Urshifu-Rapid-Strike, L50, F|100/100\n|-fieldstart|move: Psychic Terrain|[from] ability: Psychic Surge|[of] p1b: Indeedee\n|-ability|p2a: Incineroar|Intimidate|boost\n|-unboost|p1a: Lunala|atk|1\n|-unboost|p1b: Indeedee|atk|1\n|turn|1\n|\n|t:|1774078222\n|-terastallize|p1a: Lunala|Water\n|move|p1b: Indeedee|Helping Hand|p1a: Lunala\n|-singleturn|p1a: Lunala|Helping Hand|[of] p1b: Indeedee\n|move|p2b: Urshifu|U-turn|p1a: Lunala\n|-crit|p1a: Lunala\n|-damage|p1a: Lunala|83/100\n|\n|t:|1774078227\n|switch|p2b: Kyogre|Kyogre, L50|100/100|[from] U-turn\n|-weather|RainDance|[from] ability: Drizzle|[of] p2b: Kyogre\n|move|p1a: Lunala|Meteor Beam||[still]\n|-prepare|p1a: Lunala|Meteor Beam\n|-boost|p1a: Lunala|spa|1\n|-enditem|p1a: Lunala|Power Herb\n|-anim|p1a: Lunala|Meteor Beam|p2a: Incineroar\n|-supereffective|p2a: Incineroar\n|-damage|p2a: Incineroar|0 fnt\n|faint|p2a: Incineroar\n|\n|-weather|RainDance|[upkeep]\n|upkeep\n|\n|t:|1774078230\n|switch|p2a: Urshifu|Urshifu-Rapid-Strike, L50, F|100/100\n|turn|2\n|\n|t:|1774078236\n|switch|p1b: Koraidon|Koraidon, L50, shiny|100/100\n|-weather|SunnyDay|[from] ability: Orichalcum Pulse|[of] p1b: Koraidon\n|-activate|p1b: Koraidon|Orichalcum Pulse|[source]\n|move|p2a: Urshifu|Surging Strikes|p1b: Koraidon\n|-resisted|p1b: Koraidon\n|-crit|p1b: Koraidon\n|-damage|p1b: Koraidon|95/100\n|-resisted|p1b: Koraidon\n|-crit|p1b: Koraidon\n|-damage|p1b: Koraidon|91/100\n|-resisted|p1b: Koraidon\n|-crit|p1b: Koraidon\n|-damage|p1b: Koraidon|86/100\n|-hitcount|p1b: Koraidon|3\n|move|p1a: Lunala|Expanding Force|p2a: Urshifu|[spread] p2a,p2b\n|-supereffective|p2a: Urshifu\n|-damage|p2a: Urshifu|0 fnt\n|-damage|p2b: Kyogre|49/100\n|faint|p2a: Urshifu\n|move|p2b: Kyogre|Thunder|p1a: Lunala|[miss]\n|-miss|p2b: Kyogre|p1a: Lunala\n|\n|-weather|SunnyDay|[upkeep]\n|upkeep\n|\n|t:|1774078251\n|switch|p2a: Zacian|Zacian-Crowned, L50|100/100\n|-ability|p2a: Zacian|Intrepid Sword|boost\n|-boost|p2a: Zacian|atk|1\n|turn|3\n|\n|t:|1774078255\n|switch|p1b: Volcarona|Volcarona, L50, M|100/100\n|move|p2a: Zacian|Play Rough|p1b: Volcarona\n|-resisted|p1b: Volcarona\n|-damage|p1b: Volcarona|65/100\n|-damage|p2a: Zacian|84/100|[from] item: Rocky Helmet|[of] p1b: Volcarona\n|move|p1a: Lunala|Expanding Force|p2b: Kyogre|[spread] p2a,p2b\n|-resisted|p2a: Zacian\n|-damage|p2a: Zacian|33/100\n|-damage|p2b: Kyogre|4/100\n|move|p2b: Kyogre|Thunder|p1a: Lunala\n|-supereffective|p1a: Lunala\n|-damage|p1a: Lunala|19/100\n|\n|-weather|SunnyDay|[upkeep]\n|upkeep\n|turn|4\n|\n|t:|1774078268\n|move|p2a: Zacian|Protect|p2a: Zacian\n|-singleturn|p2a: Zacian|Protect\n|move|p1b: Volcarona|Rage Powder|p1b: Volcarona\n|-singleturn|p1b: Volcarona|move: Rage Powder\n|move|p1a: Lunala|Expanding Force|p2a: Zacian|[spread] p2b\n|-activate|p2a: Zacian|move: Protect\n|-damage|p2b: Kyogre|0 fnt\n|faint|p2b: Kyogre\n|\n|-weather|SunnyDay|[upkeep]\n|upkeep\n|turn|5\n|-message|Spottedwoot forfeited.\n|\n|win|terafireflareblitz\n|raw|terafireflareblitz's rating: 1359 &rarr; <strong>1387</strong><br />(+28 for winning)\n|raw|Spottedwoot's rating: 1498 &rarr; <strong>1470</strong><br />(-28 for losing)\n","uploadtime":1774078272,"views":16,"formatid":"gen9vgc2026regi","rating":1387,"private":0,"password":null}