{"id":"gen9vgc2026regi-2590267182","format":"[Gen 9] VGC 2026 Reg I","players":["jerk4kirk","Fujin_20260416"],"log":"|j|\u2606jerk4kirk\n|j|\u2606Fujin_20260416\n|t:|1776797444\n|gametype|doubles\n|player|p1|jerk4kirk|266|1353\n|player|p2|Fujin_20260416|169|1424\n|gen|9\n|tier|[Gen 9] VGC 2026 Reg I\n|rated|\n|rule|Species Clause: Limit one of each Pok\u00e9mon\n|rule|Item Clause: Limit 1 of each item\n|clearpoke\n|poke|p1|Whimsicott, L50, F|\n|poke|p1|Terrakion, L50|\n|poke|p1|Calyrex-Shadow, L50|\n|poke|p1|Miraidon, L50|\n|poke|p1|Raging Bolt, L50|\n|poke|p1|Ogerpon-Wellspring, L50, F|\n|poke|p2|Miraidon, L50|\n|poke|p2|Calyrex-Ice, L50|\n|poke|p2|Urshifu-*, L50, F|\n|poke|p2|Sneasler, L50, M|\n|poke|p2|Incineroar, L50, F|\n|poke|p2|Ditto, L50|\n|teampreview|4\n|inactive|Battle timer is ON: inactive players will automatically lose when time's up. (requested by Fujin_20260416)\n|\n|t:|1776797490\n|teamsize|p1|4\n|teamsize|p2|4\n|start\n|switch|p1a: Whimsicott|Whimsicott, L50, F, shiny|100/100\n|switch|p1b: Terrakion|Terrakion, L50|100/100\n|switch|p2a: Miraidon|Miraidon, L50|100/100\n|switch|p2b: Sneasler|Sneasler, L50, M|100/100\n|-fieldstart|move: Electric Terrain|[from] ability: Hadron Engine|[of] p2a: Miraidon\n|-enditem|p2b: Sneasler|Electric Seed\n|-boost|p2b: Sneasler|def|1|[from] item: Electric Seed\n|turn|1\n|\n|t:|1776797515\n|move|p1b: Terrakion|Protect|p1b: Terrakion\n|-singleturn|p1b: Terrakion|Protect\n|move|p1a: Whimsicott|Tailwind|p1a: Whimsicott\n|-sidestart|p1: jerk4kirk|move: Tailwind\n|move|p2b: Sneasler|Dire Claw|p1a: Whimsicott\n|-supereffective|p1a: Whimsicott\n|-damage|p1a: Whimsicott|0 fnt\n|faint|p1a: Whimsicott\n|move|p2a: Miraidon|Volt Switch|p1b: Terrakion\n|-activate|p1b: Terrakion|move: Protect\n|\n|upkeep\n|\n|t:|1776797531\n|switch|p1a: Calyrex|Calyrex-Shadow, L50|100/100\n|-ability|p1a: Calyrex|As One\n|-ability|p1a: Calyrex|Unnerve\n|turn|2\n|inactive|jerk4kirk has 30 seconds left.\n|\n|t:|1776797559\n|switch|p2a: Incineroar|Incineroar, L50, F|100/100\n|-ability|p2a: Incineroar|Intimidate|boost\n|-unboost|p1a: Calyrex|atk|1\n|-fail|p1b: Terrakion|unboost|[from] item: Clear Amulet|[of] p1b: Terrakion\n|move|p1a: Calyrex|Psyshock|p2b: Sneasler\n|-supereffective|p2b: Sneasler\n|-damage|p2b: Sneasler|0 fnt\n|faint|p2b: Sneasler\n|-ability|p1a: Calyrex|Grim Neigh|boost\n|-boost|p1a: Calyrex|spa|1\n|move|p1b: Terrakion|Rock Slide|p2a: Incineroar\n|-supereffective|p2a: Incineroar\n|-damage|p2a: Incineroar|22/100\n|\n|upkeep\n|\n|t:|1776797571\n|switch|p2b: Calyrex|Calyrex-Ice, L50|100/100\n|-ability|p2b: Calyrex|As One\n|-ability|p2b: Calyrex|Unnerve\n|turn|3\n|\n|t:|1776797584\n|-terastallize|p2b: Calyrex|Water\n|move|p1b: Terrakion|Upper Hand|p2a: Incineroar\n|-supereffective|p2a: Incineroar\n|-crit|p2a: Incineroar\n|-damage|p2a: Incineroar|0 fnt\n|faint|p2a: Incineroar\n|move|p1a: Calyrex|Astral Barrage|p2b: Calyrex\n|-damage|p2b: Calyrex|34/100\n|move|p2b: Calyrex|Trick Room|p2b: Calyrex\n|-fieldstart|move: Trick Room|[of] p2b: Calyrex\n|\n|upkeep\n|\n|t:|1776797591\n|switch|p2a: Miraidon|Miraidon, L50|100/100\n|-activate|p2a: Miraidon|ability: Hadron Engine\n|turn|4\n|\n|t:|1776797611\n|-terastallize|p1a: Calyrex|Fairy\n|move|p2b: Calyrex|Glacial Lance|p1b: Terrakion|[spread] p1a,p1b\n|-damage|p1a: Calyrex|32/100\n|-damage|p1b: Terrakion|39/100\n|move|p2a: Miraidon|Electro Drift|p1a: Calyrex\n|-damage|p1a: Calyrex|0 fnt\n|faint|p1a: Calyrex\n|-damage|p2a: Miraidon|91/100|[from] item: Life Orb\n|move|p1b: Terrakion|Rock Slide|p2a: Miraidon|[spread] p2a,p2b\n|-damage|p2a: Miraidon|63/100\n|-damage|p2b: Calyrex|17/100\n|\n|-sideend|p1: jerk4kirk|move: Tailwind\n|upkeep\n|\n|t:|1776797624\n|switch|p1a: Miraidon|Miraidon, L50, shiny|100/100\n|-activate|p1a: Miraidon|ability: Hadron Engine\n|turn|5\n|\n|t:|1776797644\n|move|p2b: Calyrex|Glacial Lance|p1a: Miraidon|[spread] p1a,p1b\n|-supereffective|p1a: Miraidon\n|-damage|p1a: Miraidon|0 fnt\n|-damage|p1b: Terrakion|0 fnt\n|faint|p1a: Miraidon\n|faint|p1b: Terrakion\n|\n|win|Fujin_20260416\n|raw|jerk4kirk's rating: 1353 &rarr; <strong>1337</strong><br />(-16 for losing)\n|raw|Fujin_20260416's rating: 1424 &rarr; <strong>1440</strong><br />(+16 for winning)\n|l|\u2606jerk4kirk\n|player|p1|\n","uploadtime":1776797904,"views":8,"formatid":"gen9vgc2026regi","rating":1337,"private":0,"password":null}