{"id":"gen9vgc2026regi-2589926893","format":"[Gen 9] VGC 2026 Reg I","players":["testhan92","ngabriel502822"],"log":"|j|\u2606testhan92\n|j|\u2606ngabriel502822\n|t:|1776774699\n|gametype|doubles\n|player|p1|testhan92|102|1415\n|player|p2|ngabriel502822|266|1435\n|gen|9\n|tier|[Gen 9] VGC 2026 Reg I\n|rated|\n|rule|Species Clause: Limit one of each Pok\u00e9mon\n|rule|Item Clause: Limit 1 of each item\n|clearpoke\n|poke|p1|Koraidon, L50|\n|poke|p1|Calyrex-Ice, L50|\n|poke|p1|Rillaboom, L50, F|\n|poke|p1|Incineroar, L50, M|\n|poke|p1|Smeargle, L50, F|\n|poke|p1|Landorus, L50, M|\n|poke|p2|Calyrex-Shadow, L50|\n|poke|p2|Zamazenta-*, L50|\n|poke|p2|Incineroar, L50, F|\n|poke|p2|Rillaboom, L50, F|\n|poke|p2|Whimsicott, L50, M|\n|poke|p2|Indeedee-F, L50, F|\n|teampreview|4\nngabriel502822 has agreed to open team sheets.\n|inactive|Battle timer is ON: inactive players will automatically lose when time's up. (requested by ngabriel502822)\ntesthan92 has agreed to open team sheets.\n|showteam|p1|Koraidon||ClearAmulet|OrichalcumPulse|FlareBlitz,LowKick,FlameCharge,Protect||||||50|,,,,,Fire]Calyrex-Ice||Leftovers|AsOneGlastrier|GlacialLance,LeechSeed,TrickRoom,Protect||||||50|,,,,,Fairy]Rillaboom||AssaultVest|GrassySurge|WoodHammer,GrassyGlide,FakeOut,Uturn|||F|||50|,,,,,Water]Incineroar||SafetyGoggles|Intimidate|FlareBlitz,KnockOff,FakeOut,PartingShot|||M|||50|,,,,,Water]Smeargle||FocusSash|Moody|Ruination,Spore,FollowMe,SpikyShield|||F|||50|,,,,,Grass]Landorus||LifeOrb|SheerForce|EarthPower,SludgeBomb,SandsearStorm,Protect|||M|||50|,,,,,Water\n|showteam|p2|Calyrex-Shadow||LifeOrb|AsOneSpectrier|NastyPlot,DrainingKiss,AstralBarrage,Protect||||||50|,,,,,Water]Zamazenta-Crowned||RustedShield|DauntlessShield|BodyPress,WideGuard,HeavySlam,IronDefense||||||50|,,,,,Grass]Incineroar||CovertCloak|Intimidate|FakeOut,Taunt,KnockOff,PartingShot|||F|||50|,,,,,Ghost]Rillaboom||AssaultVest|GrassySurge|WoodHammer,GrassyGlide,Uturn,FakeOut|||F|||50|,,,,,Fire]Whimsicott||FocusSash|Prankster|Moonblast,Tailwind,Taunt,HelpingHand|||M|||50|,,,,,Ghost]Indeedee-F||PsychicSeed|PsychicSurge|Imprison,Psychic,FollowMe,TrickRoom|||F|||50|,,,,,Psychic\n|inactive|ngabriel502822 has 60 seconds left.\n|\n|t:|1776774751\n|teamsize|p1|4\n|teamsize|p2|4\n|start\n|switch|p1a: Calyrex|Calyrex-Ice, L50|100/100\n|switch|p1b: Smeargle|Smeargle, L50, F|100/100\n|switch|p2a: Calyrex|Calyrex-Shadow, L50|100/100\n|switch|p2b: Incineroar|Incineroar, L50, F|100/100\n|-ability|p2a: Calyrex|As One\n|-ability|p2a: Calyrex|Unnerve\n|-ability|p1a: Calyrex|As One\n|-ability|p1a: Calyrex|Unnerve\n|-ability|p2b: Incineroar|Intimidate|boost\n|-unboost|p1a: Calyrex|atk|1\n|-unboost|p1b: Smeargle|atk|1\n|turn|1\n|\n|t:|1776774775\n|move|p1b: Smeargle|Spiky Shield|p1b: Smeargle\n|-singleturn|p1b: Smeargle|move: Protect\n|move|p1a: Calyrex|Protect|p1a: Calyrex\n|-singleturn|p1a: Calyrex|Protect\n|move|p2a: Calyrex|Nasty Plot|p2a: Calyrex\n|-boost|p2a: Calyrex|spa|2\n|move|p2b: Incineroar|Taunt|p1a: Calyrex\n|-activate|p1a: Calyrex|move: Protect\n|\n|-ability|p1b: Smeargle|Moody|boost\n|-boost|p1b: Smeargle|spa|2\n|-unboost|p1b: Smeargle|atk|1\n|upkeep\n|turn|2\n|\n|t:|1776774796\n|-terastallize|p1a: Calyrex|Fairy\n|move|p2a: Calyrex|Astral Barrage|p1a: Calyrex|[spread] p1a\n|-immune|p1b: Smeargle\n|-damage|p1a: Calyrex|15/100\n|-damage|p2a: Calyrex|91/100|[from] item: Life Orb\n|move|p1b: Smeargle|Spore|p2a: Calyrex\n|-status|p2a: Calyrex|slp|[from] move: Spore\n|move|p2b: Incineroar|Knock Off|p1a: Calyrex\n|-resisted|p1a: Calyrex\n|-damage|p1a: Calyrex|3/100\n|-enditem|p1a: Calyrex|Leftovers|[from] move: Knock Off|[of] p2b: Incineroar\n|move|p1a: Calyrex|Leech Seed|p2b: Incineroar\n|-start|p2b: Incineroar|move: Leech Seed\n|\n|-damage|p2b: Incineroar|88/100|[from] Leech Seed|[of] p1a: Calyrex\n|-heal|p1a: Calyrex|14/100|[silent]\n|-ability|p1b: Smeargle|Moody|boost\n|-boost|p1b: Smeargle|def|2\n|-unboost|p1b: Smeargle|spd|1\n|upkeep\n|turn|3\n|\n|t:|1776774820\n|-terastallize|p2a: Calyrex|Water\n|move|p1a: Calyrex|Protect|p1a: Calyrex\n|-singleturn|p1a: Calyrex|Protect\n|cant|p2a: Calyrex|slp\n|move|p1b: Smeargle|Spore|p2b: Incineroar\n|-status|p2b: Incineroar|slp|[from] move: Spore\n|cant|p2b: Incineroar|slp\n|\n|-damage|p2b: Incineroar|76/100 slp|[from] Leech Seed|[of] p1a: Calyrex\n|-heal|p1a: Calyrex|25/100|[silent]\n|-ability|p1b: Smeargle|Moody|boost\n|-boost|p1b: Smeargle|atk|2\n|-unboost|p1b: Smeargle|spd|1\n|upkeep\n|turn|4\n|\n|t:|1776774838\n|cant|p2a: Calyrex|slp\n|move|p1b: Smeargle|Ruination|p1a: Calyrex\n|-damage|p1a: Calyrex|13/100\n|-curestatus|p2b: Incineroar|slp|[msg]\n|move|p2b: Incineroar|Knock Off|p1b: Smeargle\n|-damage|p1b: Smeargle|60/100\n|-enditem|p1b: Smeargle|Focus Sash|[from] move: Knock Off|[of] p2b: Incineroar\n|move|p1a: Calyrex|Trick Room|p1a: Calyrex\n|-fieldstart|move: Trick Room|[of] p1a: Calyrex\n|\n|-damage|p2b: Incineroar|64/100|[from] Leech Seed|[of] p1a: Calyrex\n|-heal|p1a: Calyrex|25/100|[silent]\n|-ability|p1b: Smeargle|Moody|boost\n|-boost|p1b: Smeargle|spe|2\n|-unboost|p1b: Smeargle|def|1\n|upkeep\n|turn|5\n|\n|t:|1776774861\n|move|p1a: Calyrex|Protect|p1a: Calyrex\n|-singleturn|p1a: Calyrex|Protect\n|move|p2b: Incineroar|Knock Off|p1b: Smeargle\n|-damage|p1b: Smeargle|24/100\n|cant|p2a: Calyrex|slp\n|move|p1b: Smeargle|Ruination|p2a: Calyrex\n|-damage|p2a: Calyrex|46/100 slp\n|\n|-damage|p2b: Incineroar|52/100|[from] Leech Seed|[of] p1a: Calyrex\n|-heal|p1a: Calyrex|36/100|[silent]\n|-ability|p1b: Smeargle|Moody|boost\n|-boost|p1b: Smeargle|spe|2\n|-unboost|p1b: Smeargle|atk|1\n|upkeep\n|turn|6\n|inactive|testhan92 has 30 seconds left.\n|\n|t:|1776774890\n|move|p1b: Smeargle|Spiky Shield|p1b: Smeargle\n|-singleturn|p1b: Smeargle|move: Protect\n|move|p1a: Calyrex|Glacial Lance|p2a: Calyrex|[spread] p2a,p2b\n|-resisted|p2a: Calyrex\n|-resisted|p2b: Incineroar\n|-damage|p2a: Calyrex|24/100 slp\n|-damage|p2b: Incineroar|38/100\n|move|p2b: Incineroar|Knock Off|p1b: Smeargle\n|-activate|p1b: Smeargle|move: Protect\n|-damage|p2b: Incineroar|26/100|[from] Spiky Shield|[of] p1b: Smeargle\n|-curestatus|p2a: Calyrex|slp|[msg]\n|move|p2a: Calyrex|Astral Barrage|p1a: Calyrex|[spread] p1a\n|-activate|p1b: Smeargle|move: Protect\n|-damage|p1a: Calyrex|0 fnt\n|faint|p1a: Calyrex\n|-ability|p2a: Calyrex|Grim Neigh|boost\n|-boost|p2a: Calyrex|spa|1\n|-damage|p2a: Calyrex|15/100|[from] item: Life Orb\n|\n|-ability|p1b: Smeargle|Moody|boost\n|-boost|p1b: Smeargle|spa|2\n|-unboost|p1b: Smeargle|spe|1\n|upkeep\n|\n|t:|1776774907\n|switch|p1a: Landorus|Landorus, L50, M|100/100\n|turn|7\n|\n|t:|1776774919\n|switch|p2a: Whimsicott|Whimsicott, L50, M|100/100\n|switch|p1b: Rillaboom|Rillaboom, L50, F|100/100\n|-fieldstart|move: Grassy Terrain|[from] ability: Grassy Surge|[of] p1b: Rillaboom\n|move|p2b: Incineroar|Knock Off|p1b: Rillaboom\n|-damage|p1b: Rillaboom|63/100\n|-enditem|p1b: Rillaboom|Assault Vest|[from] move: Knock Off|[of] p2b: Incineroar\n|move|p1a: Landorus|Sandsear Storm|p2b: Incineroar|[spread] p2a,p2b\n|-resisted|p2a: Whimsicott\n|-supereffective|p2b: Incineroar\n|-crit|p2b: Incineroar\n|-damage|p2a: Whimsicott|49/100\n|-damage|p2b: Incineroar|0 fnt\n|faint|p2b: Incineroar\n|\n|-heal|p1b: Rillaboom|69/100|[from] Grassy Terrain\n|-heal|p2a: Whimsicott|55/100|[from] Grassy Terrain\n|upkeep\n|\n|t:|1776774933\n|switch|p2b: Calyrex|Calyrex-Shadow, L50, tera:Water|15/100\n|-ability|p2b: Calyrex|As One\n|-ability|p2b: Calyrex|Unnerve\n|turn|8\n|\n|t:|1776774944\n|switch|p2a: Zamazenta|Zamazenta-Crowned, L50|100/100\n|-ability|p2a: Zamazenta|Dauntless Shield|boost\n|-boost|p2a: Zamazenta|def|1\n|move|p2b: Calyrex|Protect|p2b: Calyrex\n|-singleturn|p2b: Calyrex|Protect\n|move|p1b: Rillaboom|Grassy Glide|p2b: Calyrex\n|-activate|p2b: Calyrex|move: Protect\n|move|p1a: Landorus|Sludge Bomb|p2a: Zamazenta\n|-immune|p2a: Zamazenta\n|\n|-heal|p1b: Rillaboom|75/100|[from] Grassy Terrain\n|-heal|p2b: Calyrex|20/100|[from] Grassy Terrain\n|-fieldend|move: Trick Room\n|upkeep\n|turn|9\n|\n|t:|1776774965\n|switch|p2b: Whimsicott|Whimsicott, L50, M|55/100\n|move|p1b: Rillaboom|Grassy Glide|p2b: Whimsicott\n|-resisted|p2b: Whimsicott\n|-damage|p2b: Whimsicott|31/100\n|move|p2a: Zamazenta|Iron Defense|p2a: Zamazenta\n|-boost|p2a: Zamazenta|def|2\n|move|p1a: Landorus|Earth Power|p2a: Zamazenta\n|-supereffective|p2a: Zamazenta\n|-damage|p2a: Zamazenta|0 fnt\n|faint|p2a: Zamazenta\n|\n|-heal|p2b: Whimsicott|37/100|[from] Grassy Terrain\n|-heal|p1b: Rillaboom|81/100|[from] Grassy Terrain\n|upkeep\n|\n|t:|1776774970\n|switch|p2a: Calyrex|Calyrex-Shadow, L50, tera:Water|20/100\n|-ability|p2a: Calyrex|As One\n|-ability|p2a: Calyrex|Unnerve\n|turn|10\n|\n|t:|1776774983\n|move|p2b: Whimsicott|Helping Hand|p2a: Calyrex\n|-singleturn|p2a: Calyrex|Helping Hand|[of] p2b: Whimsicott\n|move|p1b: Rillaboom|Grassy Glide|p2a: Calyrex\n|-supereffective|p2a: Calyrex\n|-damage|p2a: Calyrex|0 fnt\n|faint|p2a: Calyrex\n|move|p1a: Landorus|Sludge Bomb|p2b: Whimsicott\n|-supereffective|p2b: Whimsicott\n|-damage|p2b: Whimsicott|0 fnt\n|faint|p2b: Whimsicott\n|\n|win|testhan92\n|raw|testhan92's rating: 1415 &rarr; <strong>1436</strong><br />(+21 for winning)\n|raw|ngabriel502822's rating: 1435 &rarr; <strong>1414</strong><br />(-21 for losing)\n|l|\u2606ngabriel502822\n|player|p2|\n|l|\u2606testhan92\n|player|p1|\n","uploadtime":1776775013,"views":11,"formatid":"gen9vgc2026regi","rating":1414,"private":0,"password":null}