{"id":"gen9vgc2026regi-2567672051","format":"[Gen 9] VGC 2026 Reg I","players":["BHeast42","soahmed"],"log":"|j|\u2606BHeast42\n|j|\u2606soahmed\n|t:|1774501517\n|gametype|doubles\n|player|p1|BHeast42|169|1295\n|player|p2|soahmed|backersf|1348\n|gen|9\n|tier|[Gen 9] VGC 2026 Reg I\n|rated|\n|rule|Species Clause: Limit one of each Pok\u00e9mon\n|rule|Item Clause: Limit 1 of each item\n|clearpoke\n|poke|p1|Koraidon, L50|\n|poke|p1|Entei, L50|\n|poke|p1|Rillaboom, L50, F|\n|poke|p1|Calyrex-Ice, L50|\n|poke|p1|Amoonguss, L50, F|\n|poke|p1|Walking Wake, L50|\n|poke|p2|Calyrex-Shadow, L50|\n|poke|p2|Zamazenta-*, L50|\n|poke|p2|Chien-Pao, L50|\n|poke|p2|Dragonite, L50, F|\n|poke|p2|Amoonguss, L50, F|\n|poke|p2|Ogerpon-Cornerstone, L50, F|\n|teampreview|4\n|inactive|Battle timer is ON: inactive players will automatically lose when time's up. (requested by BHeast42)\n|inactive|soahmed has 60 seconds left.\n|inactive|soahmed has 30 seconds left.\n|\n|t:|1774501585\n|teamsize|p1|4\n|teamsize|p2|4\n|start\n|switch|p1a: Entei|Entei, L50|100/100\n|switch|p1b: Calyrex|Calyrex-Ice, L50|100/100\n|switch|p2a: Calyrex|Calyrex-Shadow, L50|100/100\n|switch|p2b: Ogerpon|Ogerpon-Cornerstone, L50, F|100/100\n|-ability|p2a: Calyrex|As One\n|-ability|p2a: Calyrex|Unnerve\n|-ability|p1b: Calyrex|As One\n|-ability|p1b: Calyrex|Unnerve\n|turn|1\n|\n|t:|1774501605\n|-terastallize|p1b: Calyrex|Fire\n|move|p2a: Calyrex|Astral Barrage|p1b: Calyrex|[spread] p1a,p1b\n|-damage|p1a: Entei|65/100\n|-damage|p1b: Calyrex|64/100\n|move|p2b: Ogerpon|Power Whip|p1b: Calyrex|[miss]\n|-miss|p2b: Ogerpon|p1b: Calyrex\n|move|p1a: Entei|Snarl|p2b: Ogerpon|[spread] p2a,p2b\n|-supereffective|p2a: Calyrex\n|-damage|p2a: Calyrex|69/100\n|-damage|p2b: Ogerpon|91/100\n|-unboost|p2a: Calyrex|spa|1\n|-unboost|p2b: Ogerpon|spa|1\n|move|p1b: Calyrex|Trick Room|p1b: Calyrex\n|-fieldstart|move: Trick Room|[of] p1b: Calyrex\n|\n|upkeep\n|turn|2\n|inactive|soahmed has 30 seconds left.\n|\n|t:|1774501633\n|switch|p2a: Zamazenta|Zamazenta-Crowned, L50|100/100\n|-ability|p2a: Zamazenta|Dauntless Shield|boost\n|-boost|p2a: Zamazenta|def|1\n|-terastallize|p2b: Ogerpon|Rock\n|detailschange|p2b: Ogerpon|Ogerpon-Cornerstone-Tera, L50, F, tera:Rock\n|-ability|p2b: Ogerpon|Embody Aspect (Cornerstone)|boost\n|-boost|p2b: Ogerpon|def|1\n|move|p1b: Calyrex|Glacial Lance|p2b: Ogerpon|[spread] p2a,p2b\n|-resisted|p2a: Zamazenta\n|-damage|p2a: Zamazenta|89/100\n|-damage|p2b: Ogerpon|47/100\n|move|p1a: Entei|Sacred Fire|p2b: Ogerpon\n|-resisted|p2b: Ogerpon\n|-damage|p2b: Ogerpon|29/100\n|-status|p2b: Ogerpon|brn\n|move|p2b: Ogerpon|Ivy Cudgel|p1a: Entei|[anim] Ivy Cudgel Rock\n|-supereffective|p1a: Entei\n|-damage|p1a: Entei|0 fnt\n|faint|p1a: Entei\n|\n|-damage|p2b: Ogerpon|24/100 brn|[from] brn\n|upkeep\n|\n|t:|1774501653\n|switch|p1a: Koraidon|Koraidon, L50|100/100\n|-weather|SunnyDay|[from] ability: Orichalcum Pulse|[of] p1a: Koraidon\n|-activate|p1a: Koraidon|Orichalcum Pulse|[source]\n|turn|3\n|\n|t:|1774501664\n|move|p2b: Ogerpon|Spiky Shield|p2b: Ogerpon\n|-singleturn|p2b: Ogerpon|move: Protect\n|move|p2a: Zamazenta|Protect|p2a: Zamazenta\n|-singleturn|p2a: Zamazenta|Protect\n|move|p1b: Calyrex|High Horsepower|p2b: Ogerpon\n|-activate|p2b: Ogerpon|move: Protect\n|-damage|p1b: Calyrex|52/100|[from] Spiky Shield|[of] p2b: Ogerpon\n|move|p1a: Koraidon|Collision Course|p2a: Zamazenta\n|-activate|p2a: Zamazenta|move: Protect\n|\n|-weather|SunnyDay|[upkeep]\n|-damage|p2b: Ogerpon|18/100 brn|[from] brn\n|upkeep\n|turn|4\n|inactive|BHeast42 has 30 seconds left.\n|inactive|soahmed has 30 seconds left.\n|inactive|soahmed has 20 seconds left.\n|\n|t:|1774501704\n|move|p1b: Calyrex|High Horsepower|p2b: Ogerpon\n|-supereffective|p2b: Ogerpon\n|-damage|p2b: Ogerpon|0 fnt\n|faint|p2b: Ogerpon\n|detailschange|p2: Ogerpon|Ogerpon-Cornerstone, L50, F|[silent]\n|-ability|p1b: Calyrex|Chilling Neigh|boost\n|-boost|p1b: Calyrex|atk|1\n|move|p1a: Koraidon|Collision Course|p2a: Zamazenta\n|-supereffective|p2a: Zamazenta\n|-crit|p2a: Zamazenta\n|-damage|p2a: Zamazenta|0 fnt\n|faint|p2a: Zamazenta\n|\n|-weather|SunnyDay|[upkeep]\n|upkeep\n|\n|t:|1774501714\n|switch|p2b: Dragonite|Dragonite, L50, F|100/100\n|switch|p2a: Calyrex|Calyrex-Shadow, L50|69/100\n|-ability|p2a: Calyrex|As One\n|-ability|p2a: Calyrex|Unnerve\n|turn|5\n|\n|t:|1774501726\n|move|p2a: Calyrex|Protect|p2a: Calyrex\n|-singleturn|p2a: Calyrex|Protect\n|move|p1b: Calyrex|Glacial Lance|p2a: Calyrex|[spread] p2b\n|-activate|p2a: Calyrex|move: Protect\n|-supereffective|p2b: Dragonite\n|-damage|p2b: Dragonite|0 fnt\n|faint|p2b: Dragonite\n|-ability|p1b: Calyrex|Chilling Neigh|boost\n|-boost|p1b: Calyrex|atk|1\n|move|p1a: Koraidon|Flame Charge|p2a: Calyrex\n|-activate|p2a: Calyrex|move: Protect\n|\n|-weather|SunnyDay|[upkeep]\n|-fieldend|move: Trick Room\n|upkeep\n|turn|6\n|\n|t:|1774501740\n|move|p1b: Calyrex|Protect|p1b: Calyrex\n|-singleturn|p1b: Calyrex|Protect\n|move|p2a: Calyrex|Astral Barrage|p1a: Koraidon|[spread] p1a\n|-activate|p1b: Calyrex|move: Protect\n|-damage|p1a: Koraidon|51/100\n|move|p1a: Koraidon|Flame Charge|p2a: Calyrex\n|-damage|p2a: Calyrex|18/100\n|-boost|p1a: Koraidon|spe|1\n|\n|-weather|SunnyDay|[upkeep]\n|upkeep\n|turn|7\n|-message|soahmed forfeited.\n|\n|win|BHeast42\n|raw|BHeast42's rating: 1295 &rarr; <strong>1324</strong><br />(+29 for winning)\n|raw|soahmed's rating: 1348 &rarr; <strong>1325</strong><br />(-23 for losing)\n|l|\u2606soahmed\n|player|p2|\n|l|\u2606BHeast42\n|player|p1|\n","uploadtime":1774501955,"views":13,"formatid":"gen9vgc2026regi","rating":1324,"private":0,"password":null}