{"id":"gen9vgc2026regi-2577935024","format":"[Gen 9] VGC 2026 Reg I","players":["ev_evan","datbishgames"],"log":"|j|\u2606ev_evan\n|j|\u2606datbishgames\n|t:|1775622844\n|gametype|doubles\n|player|p1|ev_evan|266|1333\n|player|p2|datbishgames|mira|1242\n|gen|9\n|tier|[Gen 9] VGC 2026 Reg I\n|rated|\n|rule|Species Clause: Limit one of each Pok\u00e9mon\n|rule|Item Clause: Limit 1 of each item\n|clearpoke\n|poke|p1|Raging Bolt, L50|\n|poke|p1|Miraidon, L50|\n|poke|p1|Incineroar, L50, F|\n|poke|p1|Iron Jugulis, L50|\n|poke|p1|Ogerpon-Wellspring, L50, F|\n|poke|p1|Calyrex-Ice, L50|\n|poke|p2|Dialga-Origin, L50|\n|poke|p2|Ho-Oh, L50|\n|poke|p2|Rotom-Wash, L50|\n|poke|p2|Amoonguss, L50, F|\n|poke|p2|Ursaluna, L50, F|\n|poke|p2|Zoroark-Hisui, L50, F|\n|teampreview|4\n|inactive|Battle timer is ON: inactive players will automatically lose when time's up. (requested by datbishgames)\n|inactive|ev_evan also wants the timer to be on.\n|inactive|datbishgames has 60 seconds left.\n|\n|t:|1775622903\n|teamsize|p1|4\n|teamsize|p2|4\n|start\n|switch|p1a: Iron Jugulis|Iron Jugulis, L50|100/100\n|switch|p1b: Miraidon|Miraidon, L50|100/100\n|switch|p2a: Dialga|Dialga-Origin, L50|100/100\n|switch|p2b: Amoonguss|Amoonguss, L50, F|100/100\n|-fieldstart|move: Electric Terrain|[from] ability: Hadron Engine|[of] p1b: Miraidon\n|-activate|p1a: Iron Jugulis|ability: Quark Drive\n|-start|p1a: Iron Jugulis|quarkdrivespe\n|turn|1\n|inactive|ev_evan has 30 seconds left.\n|\n|t:|1775622931\n|move|p2b: Amoonguss|Rage Powder|p2b: Amoonguss\n|-singleturn|p2b: Amoonguss|move: Rage Powder\n|move|p1a: Iron Jugulis|Taunt|p2b: Amoonguss\n|-start|p2b: Amoonguss|move: Taunt\n|move|p1b: Miraidon|Draco Meteor|p2b: Amoonguss\n|-damage|p2b: Amoonguss|5/100\n|-unboost|p1b: Miraidon|spa|2\n|move|p2a: Dialga|Trick Room|p2a: Dialga\n|-fieldstart|move: Trick Room|[of] p2a: Dialga\n|\n|upkeep\n|turn|2\n|\n|t:|1775622948\n|switch|p2b: Ursaluna|Ursaluna, L50, F|100/100\n|switch|p1b: Ogerpon|Ogerpon-Wellspring, L50, F|100/100\n|move|p2a: Dialga|Draco Meteor|p1b: Ogerpon\n|-damage|p1b: Ogerpon|0 fnt\n|-unboost|p2a: Dialga|spa|2\n|faint|p1b: Ogerpon\n|move|p1a: Iron Jugulis|Snarl|p2a: Dialga|[spread] p2a,p2b\n|-damage|p2a: Dialga|88/100\n|-damage|p2b: Ursaluna|85/100\n|-unboost|p2a: Dialga|spa|1\n|-unboost|p2b: Ursaluna|spa|1\n|\n|-status|p2b: Ursaluna|brn|[from] item: Flame Orb\n|upkeep\n|\n|t:|1775622965\n|switch|p1b: Miraidon|Miraidon, L50|100/100\n|-activate|p1b: Miraidon|ability: Hadron Engine\n|turn|3\n|\n|t:|1775622976\n|switch|p2a: Amoonguss|Amoonguss, L50, F|38/100\n|move|p2b: Ursaluna|Earthquake|p1b: Miraidon|[spread] p2a,p1b\n|-immune|p1a: Iron Jugulis\n|-supereffective|p1b: Miraidon\n|-damage|p2a: Amoonguss|0 fnt\n|-damage|p1b: Miraidon|0 fnt\n|faint|p2a: Amoonguss\n|faint|p1b: Miraidon\n|move|p1a: Iron Jugulis|Snarl|p2b: Ursaluna\n|-damage|p2b: Ursaluna|67/100 brn\n|-unboost|p2b: Ursaluna|spa|1\n|\n|-damage|p2b: Ursaluna|61/100 brn|[from] brn\n|upkeep\n|\n|t:|1775622986\n|switch|p2a: Rotom|Rotom-Wash, L50|100/100\n|switch|p1b: Raging Bolt|Raging Bolt, L50|100/100\n|turn|4\n|\n|t:|1775623001\n|move|p1b: Raging Bolt|Protect|p1b: Raging Bolt\n|-singleturn|p1b: Raging Bolt|Protect\n|move|p2a: Rotom|Hydro Pump|p1b: Raging Bolt\n|-activate|p1b: Raging Bolt|move: Protect\n|move|p2b: Ursaluna|Earthquake|p1a: Iron Jugulis|[spread] \n|-activate|p1b: Raging Bolt|move: Protect\n|-immune|p2a: Rotom|[from] ability: Levitate\n|-immune|p1a: Iron Jugulis\n|move|p1a: Iron Jugulis|Snarl|p2a: Rotom|[spread] p2a,p2b\n|-damage|p2a: Rotom|87/100\n|-damage|p2b: Ursaluna|47/100 brn\n|-unboost|p2a: Rotom|spa|1\n|-unboost|p2b: Ursaluna|spa|1\n|\n|-damage|p2b: Ursaluna|41/100 brn|[from] brn\n|upkeep\n|turn|5\n|inactive|ev_evan has 30 seconds left.\n|inactive|ev_evan has 20 seconds left.\n|inactive|ev_evan has 15 seconds left.\n|inactive|ev_evan has 10 seconds left.\n|inactive|ev_evan has 5 seconds left.\n|\n|t:|1775623056\n|move|p1b: Raging Bolt|Rising Voltage|p2a: Rotom\n|-damage|p2a: Rotom|41/100\n|move|p2a: Rotom|Volt Switch|p1a: Iron Jugulis\n|-supereffective|p1a: Iron Jugulis\n|-damage|p1a: Iron Jugulis|65/100\n|\n|t:|1775623061\n|switch|p2a: Dialga|Dialga-Origin, L50|88/100|[from] Volt Switch\n|move|p2b: Ursaluna|Earthquake|p1b: Raging Bolt|[spread] p1b\n|-activate|p2a: Dialga|ability: Telepathy\n|-immune|p1a: Iron Jugulis\n|-supereffective|p1b: Raging Bolt\n|-damage|p1b: Raging Bolt|10/100\n|move|p1a: Iron Jugulis|Tailwind|p1a: Iron Jugulis\n|-sidestart|p1: ev_evan|move: Tailwind\n|\n|-damage|p2b: Ursaluna|36/100 brn|[from] brn\n|-fieldend|move: Trick Room\n|-fieldend|move: Electric Terrain\n|-end|p1a: Iron Jugulis|Quark Drive\n|upkeep\n|turn|6\n|inactive|ev_evan has 30 seconds left.\n|inactive|ev_evan has 20 seconds left.\n|\n|t:|1775623099\n|move|p1a: Iron Jugulis|Taunt|p2a: Dialga\n|-start|p2a: Dialga|move: Taunt\n|move|p1b: Raging Bolt|Draco Meteor|p2a: Dialga\n|-damage|p2a: Dialga|36/100\n|-unboost|p1b: Raging Bolt|spa|2\n|move|p2b: Ursaluna|Facade|p1a: Iron Jugulis\n|-damage|p1a: Iron Jugulis|0 fnt\n|faint|p1a: Iron Jugulis\n|-end|p1a: Iron Jugulis|Quark Drive|[silent]\n|move|p2a: Dialga|Draco Meteor|p1b: Raging Bolt\n|-supereffective|p1b: Raging Bolt\n|-damage|p1b: Raging Bolt|0 fnt\n|-unboost|p2a: Dialga|spa|2\n|faint|p1b: Raging Bolt\n|-end|p1b: Raging Bolt|Protosynthesis|[silent]\n|\n|win|datbishgames\n|raw|ev_evan's rating: 1352 &rarr; <strong>1326</strong><br />(-26 for losing)\n|raw|datbishgames's rating: 1242 &rarr; <strong>1275</strong><br />(+33 for winning)\n|l|\u2606ev_evan\n|player|p1|\n|l|\u2606datbishgames\n|player|p2|\n","uploadtime":1775623302,"views":7,"formatid":"gen9vgc2026regi","rating":1275,"private":0,"password":null}