{"id":"gen9vgc2026regi-2553080762","format":"[Gen 9] VGC 2026 Reg I","players":["shangenb5","VJ2511"],"log":"|j|\u2606shangenb5\n|j|\u2606VJ2511\n|t:|1772795696\n|gametype|doubles\n|player|p1|shangenb5|2|1467\n|player|p2|VJ2511|red-masters3|1554\n|gen|9\n|tier|[Gen 9] VGC 2026 Reg I\n|rated|\n|rule|Species Clause: Limit one of each Pok\u00e9mon\n|rule|Item Clause: Limit 1 of each item\n|clearpoke\n|poke|p1|Miraidon, L50|\n|poke|p1|Groudon, L50|\n|poke|p1|Walking Wake, L50|\n|poke|p1|Grimmsnarl, L50, M|\n|poke|p1|Incineroar, L50, F|\n|poke|p1|Volcarona, L50, F|\n|poke|p2|Calyrex-Shadow, L50|\n|poke|p2|Zamazenta-*, L50|\n|poke|p2|Chien-Pao, L50|\n|poke|p2|Dragonite, L50, M|\n|poke|p2|Raging Bolt, L50|\n|poke|p2|Amoonguss, L50, F|\n|teampreview|4\n|inactive|Battle timer is ON: inactive players will automatically lose when time's up. (requested by shangenb5)\n|\n|t:|1772795721\n|teamsize|p1|4\n|teamsize|p2|4\n|start\n|switch|p1a: Groudon|Groudon, L50|100/100\n|switch|p1b: Walking Wake|Walking Wake, L50|100/100\n|switch|p2a: Zamazenta|Zamazenta-Crowned, L50|100/100\n|switch|p2b: Chien-Pao|Chien-Pao, L50|100/100\n|-ability|p2b: Chien-Pao|Sword of Ruin\n|-ability|p2a: Zamazenta|Dauntless Shield|boost\n|-boost|p2a: Zamazenta|def|1\n|-weather|SunnyDay|[from] ability: Drought|[of] p1a: Groudon\n|-activate|p1b: Walking Wake|ability: Protosynthesis\n|-start|p1b: Walking Wake|protosynthesisspe\n|turn|1\n|inactive|shangenb5 has 30 seconds left.\n|inactive|VJ2511 has 30 seconds left.\n|inactive|shangenb5 has 20 seconds left.\n|inactive|shangenb5 has 15 seconds left.\n|\n|t:|1772795761\n|switch|p1a: Volcarona|Volcarona, L50, F|100/100\n|move|p1b: Walking Wake|Hydro Steam|p2b: Chien-Pao\n|-damage|p2b: Chien-Pao|45/100\n|move|p2b: Chien-Pao|Ice Spinner|p1a: Volcarona\n|-resisted|p1a: Volcarona\n|-damage|p1a: Volcarona|68/100\n|move|p2a: Zamazenta|Body Press|p1b: Walking Wake\n|-damage|p1b: Walking Wake|4/100\n|\n|-weather|SunnyDay|[upkeep]\n|-heal|p1a: Volcarona|74/100|[from] item: Leftovers\n|upkeep\n|turn|2\n|\n|t:|1772795785\n|move|p1b: Walking Wake|Protect|p1b: Walking Wake\n|-singleturn|p1b: Walking Wake|Protect\n|move|p2b: Chien-Pao|Ruination|p1a: Volcarona\n|-damage|p1a: Volcarona|37/100\n|move|p2a: Zamazenta|Body Press|p1a: Volcarona\n|-resisted|p1a: Volcarona\n|-damage|p1a: Volcarona|0 fnt\n|-status|p2a: Zamazenta|brn|[from] ability: Flame Body|[of] p1a: Volcarona\n|faint|p1a: Volcarona\n|\n|-weather|SunnyDay|[upkeep]\n|-damage|p2a: Zamazenta|94/100 brn|[from] brn\n|upkeep\n|\n|t:|1772795808\n|switch|p1a: Miraidon|Miraidon, L50, shiny|100/100\n|-fieldstart|move: Electric Terrain|[from] ability: Hadron Engine|[of] p1a: Miraidon\n|turn|3\n|\n|t:|1772795818\n|move|p2b: Chien-Pao|Sucker Punch|p1b: Walking Wake\n|-damage|p1b: Walking Wake|0 fnt\n|faint|p1b: Walking Wake\n|-end|p1b: Walking Wake|Protosynthesis|[silent]\n|move|p1a: Miraidon|Electro Drift|p2a: Zamazenta\n|-damage|p2a: Zamazenta|19/100 brn\n|-damage|p1a: Miraidon|91/100|[from] item: Life Orb\n|move|p2a: Zamazenta|Body Press|p1a: Miraidon\n|-damage|p1a: Miraidon|46/100\n|\n|-weather|SunnyDay|[upkeep]\n|-damage|p2a: Zamazenta|13/100 brn|[from] brn\n|upkeep\n|\n|t:|1772795832\n|switch|p1b: Groudon|Groudon, L50|100/100\n|turn|4\n|\n|t:|1772795841\n|move|p1a: Miraidon|Protect|p1a: Miraidon\n|-singleturn|p1a: Miraidon|Protect\n|move|p2b: Chien-Pao|Ice Spinner|p1b: Groudon\n|-supereffective|p1b: Groudon\n|-damage|p1b: Groudon|35/100\n|-fieldend|move: Electric Terrain\n|move|p2a: Zamazenta|Body Press|p1a: Miraidon\n|-activate|p1a: Miraidon|move: Protect\n|move|p1b: Groudon|Precipice Blades|p2a: Zamazenta|[spread] \n|-miss|p1b: Groudon|p2a: Zamazenta\n|-miss|p1b: Groudon|p2b: Chien-Pao\n|\n|-weather|SunnyDay|[upkeep]\n|-damage|p2a: Zamazenta|7/100 brn|[from] brn\n|upkeep\n|turn|5\n|c|\u2606VJ2511|gg\n|l|\u2606shangenb5\n|inactive|shangenb5 disconnected and has a minute to reconnect!\n|player|p1|\n|inactive|shangenb5 has 30 seconds left.\n|c|\u2606VJ2511|bruh\n|inactive|shangenb5 has 20 seconds left.\n|inactive|shangenb5 has 15 seconds left.\n|inactive|shangenb5 has 10 seconds left.\n|inactive|shangenb5 has 5 seconds left.\n|-message|shangenb5 lost due to inactivity.\n|\n|win|VJ2511\n|raw|shangenb5's rating: 1467 &rarr; <strong>1452</strong><br />(-15 for losing)\n|raw|VJ2511's rating: 1554 &rarr; <strong>1569</strong><br />(+15 for winning)\n|l|\u2606VJ2511\n|player|p2|\n","uploadtime":1772796084,"views":17,"formatid":"gen9vgc2026regi","rating":1452,"private":0,"password":null}