{"id":"gen9vgc2026regi-2558905529","format":"[Gen 9] VGC 2026 Reg I","players":["jonen","poopsweq69"],"log":"|j|\u2606jonen\n|j|\u2606poopsweq69\n|t:|1773500095\n|gametype|doubles\n|player|p1|jonen|medium|1220\n|player|p2|poopsweq69|unknown|1279\n|gen|9\n|tier|[Gen 9] VGC 2026 Reg I\n|rated|\n|rule|Species Clause: Limit one of each Pok\u00e9mon\n|rule|Item Clause: Limit 1 of each item\n|clearpoke\n|poke|p1|Rabsca, L50, F|\n|poke|p1|Landorus, L50, M|\n|poke|p1|Calyrex-Ice, L50|\n|poke|p1|Miraidon, L50|\n|poke|p1|Incineroar, L50, M|\n|poke|p1|Urshifu-*, L50, M|\n|poke|p2|Koraidon, L50|\n|poke|p2|Calyrex-Shadow, L50|\n|poke|p2|Weezing-Galar, L50, F|\n|poke|p2|Chi-Yu, L50|\n|poke|p2|Walking Wake, L50|\n|poke|p2|Incineroar, L50, M|\n|teampreview|4\n|inactive|Battle timer is ON: inactive players will automatically lose when time's up. (requested by poopsweq69)\n|inactive|poopsweq69 has 60 seconds left.\n|inactive|poopsweq69 has 30 seconds left.\n|inactive|poopsweq69 has 20 seconds left.\n|inactive|poopsweq69 has 15 seconds left.\n|inactive|poopsweq69 has 10 seconds left.\n|\n|t:|1773500178\n|teamsize|p1|4\n|teamsize|p2|4\n|start\n|switch|p1a: Landorus|Landorus, L50, M|100/100\n|switch|p1b: Calyrex|Calyrex-Ice, L50|100/100\n|switch|p2a: Weezing|Weezing-Galar, L50, F|100/100\n|switch|p2b: Calyrex|Calyrex-Shadow, L50|100/100\n|-ability|p2a: Weezing|Neutralizing Gas\n|-ability|p2b: Calyrex|As One\n|-ability|p2b: Calyrex|Unnerve\n|-ability|p1b: Calyrex|As One\n|-ability|p1b: Calyrex|Unnerve\n|turn|1\n|inactive|poopsweq69 has 30 seconds left.\n|inactive|poopsweq69 has 20 seconds left.\n|inactive|poopsweq69 has 15 seconds left.\n|inactive|poopsweq69 has 10 seconds left.\n|inactive|poopsweq69 has 5 seconds left.\n|\n|t:|1773500231\n|-terastallize|p2b: Calyrex|Ghost\n|-terastallize|p1b: Calyrex|Fairy\n|move|p1a: Landorus|Crunch|p2b: Calyrex\n|-supereffective|p2b: Calyrex\n|-damage|p2b: Calyrex|49/100\n|move|p2b: Calyrex|Astral Barrage|p1a: Landorus|[spread] p1a,p1b\n|-damage|p1a: Landorus|3/100\n|-damage|p1b: Calyrex|54/100\n|move|p2a: Weezing|Will-O-Wisp|p1b: Calyrex\n|-status|p1b: Calyrex|brn\n|move|p1b: Calyrex|Trick Room|p1b: Calyrex\n|-fieldstart|move: Trick Room|[of] p1b: Calyrex\n|\n|-heal|p1b: Calyrex|60/100 brn|[from] item: Leftovers\n|-damage|p1b: Calyrex|54/100 brn|[from] brn\n|upkeep\n|turn|2\n|inactive|poopsweq69 has 30 seconds left.\n|inactive|poopsweq69 has 20 seconds left.\n|inactive|poopsweq69 has 15 seconds left.\n|\n|t:|1773500274\n|switch|p2b: Walking Wake|Walking Wake, L50|100/100\n|switch|p1a: Miraidon|Miraidon, L50|100/100\n|move|p1b: Calyrex|Glacial Lance|p2b: Walking Wake|[spread] p2a,p2b\n|-damage|p2a: Weezing|82/100\n|-damage|p2b: Walking Wake|73/100\n|move|p2a: Weezing|Play Rough|p1a: Miraidon\n|-supereffective|p1a: Miraidon\n|-damage|p1a: Miraidon|50/100\n|\n|-heal|p1b: Calyrex|60/100 brn|[from] item: Leftovers\n|-damage|p1b: Calyrex|54/100 brn|[from] brn\n|upkeep\n|turn|3\n|inactive|poopsweq69 has 30 seconds left.\n|inactive|poopsweq69 has 20 seconds left.\n|\n|t:|1773500314\n|switch|p1a: Rabsca|Rabsca, L50, F|100/100\n|move|p1b: Calyrex|Glacial Lance|p2b: Walking Wake|[spread] p2a,p2b\n|-damage|p2a: Weezing|65/100\n|-damage|p2b: Walking Wake|41/100\n|move|p2a: Weezing|Play Rough|p1a: Rabsca\n|-damage|p1a: Rabsca|74/100\n|move|p2b: Walking Wake|Hydro Steam|p1a: Rabsca\n|-crit|p1a: Rabsca\n|-damage|p1a: Rabsca|29/100\n|\n|-heal|p1b: Calyrex|60/100 brn|[from] item: Leftovers\n|-damage|p1b: Calyrex|54/100 brn|[from] brn\n|upkeep\n|turn|4\n|inactive|jonen has 30 seconds left.\n|inactive|poopsweq69 has 30 seconds left.\n|\n|t:|1773500348\n|move|p2b: Walking Wake|Aqua Jet|p1a: Rabsca\n|-damage|p1a: Rabsca|18/100\n|move|p1a: Rabsca|Bug Buzz|p2b: Walking Wake\n|-damage|p2b: Walking Wake|14/100\n|move|p1b: Calyrex|Glacial Lance|p2a: Weezing|[spread] p2a,p2b\n|-crit|p2a: Weezing\n|-damage|p2a: Weezing|38/100\n|-damage|p2b: Walking Wake|0 fnt\n|faint|p2b: Walking Wake\n|-end|p2b: Walking Wake|Protosynthesis|[silent]\n|-ability|p1b: Calyrex|Chilling Neigh|boost\n|-boost|p1b: Calyrex|atk|1\n|move|p2a: Weezing|Play Rough|p1a: Rabsca\n|-damage|p1a: Rabsca|0 fnt\n|faint|p1a: Rabsca\n|\n|-heal|p1b: Calyrex|60/100 brn|[from] item: Leftovers\n|-damage|p1b: Calyrex|54/100 brn|[from] brn\n|upkeep\n|inactive|poopsweq69 has 30 seconds left.\n|\n|t:|1773500373\n|switch|p1a: Miraidon|Miraidon, L50|50/100\n|switch|p2b: Calyrex|Calyrex-Shadow, L50, tera:Ghost|49/100\n|-ability|p2b: Calyrex|As One\n|-ability|p2b: Calyrex|Unnerve\n|turn|5\n|\n|t:|1773500389\n|move|p2b: Calyrex|Protect|p2b: Calyrex\n|-singleturn|p2b: Calyrex|Protect\n|move|p1b: Calyrex|Glacial Lance|p2a: Weezing|[spread] p2a\n|-activate|p2b: Calyrex|move: Protect\n|-damage|p2a: Weezing|9/100\n|move|p2a: Weezing|Play Rough|p1a: Miraidon\n|-supereffective|p1a: Miraidon\n|-damage|p1a: Miraidon|0 fnt\n|faint|p1a: Miraidon\n|\n|-heal|p1b: Calyrex|60/100 brn|[from] item: Leftovers\n|-damage|p1b: Calyrex|54/100 brn|[from] brn\n|-fieldend|move: Trick Room\n|upkeep\n|\n|t:|1773500398\n|switch|p1a: Landorus|Landorus, L50, M|3/100\n|turn|6\n|\n|t:|1773500406\n|move|p1a: Landorus|Crunch|p2b: Calyrex\n|-supereffective|p2b: Calyrex\n|-damage|p2b: Calyrex|0 fnt\n|faint|p2b: Calyrex\n|move|p2a: Weezing|Taunt|p1b: Calyrex\n|-start|p1b: Calyrex|move: Taunt\n|cant|p1b: Calyrex|move: Taunt|Trick Room\n|\n|-heal|p1b: Calyrex|60/100 brn|[from] item: Leftovers\n|-damage|p1b: Calyrex|54/100 brn|[from] brn\n|upkeep\n|\n|t:|1773500408\n|switch|p2b: Koraidon|Koraidon, L50, shiny|100/100\n|-weather|SunnyDay|[from] ability: Orichalcum Pulse|[of] p2b: Koraidon\n|-activate|p2b: Koraidon|Orichalcum Pulse|[source]\n|turn|7\n|\n|t:|1773500417\n|move|p1a: Landorus|Crunch|p2a: Weezing\n|-resisted|p2a: Weezing\n|-damage|p2a: Weezing|2/100\n|move|p2b: Koraidon|Flare Blitz|p1b: Calyrex\n|-damage|p1b: Calyrex|0 fnt\n|faint|p1b: Calyrex\n|-damage|p2b: Koraidon|80/100|[from] Recoil\n|move|p2a: Weezing|Play Rough|p1a: Landorus\n|-damage|p1a: Landorus|0 fnt\n|faint|p1a: Landorus\n|\n|win|poopsweq69\n|raw|jonen's rating: 1220 &rarr; <strong>1199</strong><br />(-21 for losing)\n|raw|poopsweq69's rating: 1279 &rarr; <strong>1300</strong><br />(+21 for winning)\n","uploadtime":1773500417,"views":14,"formatid":"gen9vgc2026regi","rating":1199,"private":0,"password":null}