{"id":"gen9vgc2026regi-2568997280","format":"[Gen 9] VGC 2026 Reg I","players":["CodedCrash","tinkatonbeliever"],"log":"|j|\u2606CodedCrash\n|j|\u2606tinkatonbeliever\n|t:|1774639583\n|gametype|doubles\n|player|p1|CodedCrash|allister-masters|1478\n|player|p2|tinkatonbeliever|170|1428\n|gen|9\n|tier|[Gen 9] VGC 2026 Reg I\n|rated|\n|rule|Species Clause: Limit one of each Pok\u00e9mon\n|rule|Item Clause: Limit 1 of each item\n|clearpoke\n|poke|p1|Raging Bolt, L50|\n|poke|p1|Kyogre, L50|\n|poke|p1|Roaring Moon, L50|\n|poke|p1|Amoonguss, L50, M|\n|poke|p1|Chien-Pao, L50|\n|poke|p1|Zamazenta-*, L50|\n|poke|p2|Kyogre, L50|\n|poke|p2|Tornadus, L50, M|\n|poke|p2|Incineroar, L50, M|\n|poke|p2|Tinkaton, L50, F|\n|poke|p2|Calyrex-Ice, L50|\n|poke|p2|Landorus, L50, M|\n|teampreview|4\n|inactive|Battle timer is ON: inactive players will automatically lose when time's up. (requested by tinkatonbeliever)\n|\n|t:|1774639606\n|teamsize|p1|4\n|teamsize|p2|4\n|start\n|switch|p1a: Zamazenta|Zamazenta-Crowned, L50|100/100\n|switch|p1b: Chien-Pao|Chien-Pao, L50|100/100\n|switch|p2a: Calyrex|Calyrex-Ice, L50|100/100\n|switch|p2b: Tinkaton|Tinkaton, L50, F|100/100\n|-ability|p2a: Calyrex|As One\n|-ability|p2a: Calyrex|Unnerve\n|-ability|p1b: Chien-Pao|Sword of Ruin\n|-ability|p1a: Zamazenta|Dauntless Shield|boost\n|-boost|p1a: Zamazenta|def|1\n|-ability|p2b: Tinkaton|Mold Breaker\n|turn|1\n|\n|t:|1774639622\n|switch|p1b: Amoonguss|Amoonguss, L50, M|100/100\n|move|p2b: Tinkaton|Fake Out|p1a: Zamazenta\n|-resisted|p1a: Zamazenta\n|-damage|p1a: Zamazenta|99/100\n|cant|p1a: Zamazenta|flinch\n|move|p2a: Calyrex|Trick Room|p2a: Calyrex\n|-fieldstart|move: Trick Room|[of] p2a: Calyrex\n|\n|upkeep\n|turn|2\n|\n|t:|1774639634\n|switch|p2b: Landorus|Landorus, L50, M|100/100\n|-terastallize|p2a: Calyrex|Grass\n|move|p1b: Amoonguss|Spore|p2a: Calyrex\n|-immune|p2a: Calyrex\n|move|p2a: Calyrex|Glacial Lance|p1b: Amoonguss|[spread] p1a,p1b\n|-resisted|p1a: Zamazenta\n|-supereffective|p1b: Amoonguss\n|-damage|p1a: Zamazenta|88/100\n|-damage|p1b: Amoonguss|13/100\n|move|p1a: Zamazenta|Body Press|p2a: Calyrex\n|-damage|p2a: Calyrex|58/100\n|\n|upkeep\n|turn|3\n|\n|t:|1774639653\n|switch|p1b: Chien-Pao|Chien-Pao, L50|100/100\n|-ability|p1b: Chien-Pao|Sword of Ruin\n|move|p2b: Landorus|Protect|p2b: Landorus\n|-singleturn|p2b: Landorus|Protect\n|move|p1a: Zamazenta|Protect|p1a: Zamazenta\n|-singleturn|p1a: Zamazenta|Protect\n|move|p2a: Calyrex|Bullet Seed|p1b: Chien-Pao\n|-damage|p1b: Chien-Pao|75/100\n|-damage|p1b: Chien-Pao|50/100\n|-crit|p1b: Chien-Pao\n|-damage|p1b: Chien-Pao|13/100\n|-damage|p1b: Chien-Pao|0 fnt\n|faint|p1b: Chien-Pao\n|-ability|p2a: Calyrex|Chilling Neigh|boost\n|-boost|p2a: Calyrex|atk|1\n|-hitcount|p1: Chien-Pao|4\n|\n|upkeep\n|\n|t:|1774639668\n|switch|p1b: Amoonguss|Amoonguss, L50, M|46/100\n|turn|4\n|inactive|tinkatonbeliever has 30 seconds left.\n|inactive|tinkatonbeliever has 20 seconds left.\n|\n|t:|1774639705\n|move|p1b: Amoonguss|Spore|p2b: Landorus\n|-status|p2b: Landorus|slp|[from] move: Spore\n|move|p2a: Calyrex|Bullet Seed|p1a: Zamazenta\n|-resisted|p1a: Zamazenta\n|-crit|p1a: Zamazenta\n|-damage|p1a: Zamazenta|78/100\n|-resisted|p1a: Zamazenta\n|-damage|p1a: Zamazenta|73/100\n|-resisted|p1a: Zamazenta\n|-damage|p1a: Zamazenta|67/100\n|-resisted|p1a: Zamazenta\n|-damage|p1a: Zamazenta|62/100\n|-resisted|p1a: Zamazenta\n|-damage|p1a: Zamazenta|57/100\n|-hitcount|p1a: Zamazenta|5\n|cant|p2b: Landorus|slp\n|move|p1a: Zamazenta|Body Press|p2a: Calyrex\n|-damage|p2a: Calyrex|16/100\n|\n|upkeep\n|turn|5\n|inactive|CodedCrash has 30 seconds left.\n|\n|t:|1774639739\n|switch|p2b: Tinkaton|Tinkaton, L50, F|100/100\n|-ability|p2b: Tinkaton|Mold Breaker\n|-terastallize|p1a: Zamazenta|Grass\n|move|p1b: Amoonguss|Spore|p2b: Tinkaton\n|-status|p2b: Tinkaton|slp|[from] move: Spore\n|move|p2a: Calyrex|Glacial Lance|p1a: Zamazenta|[spread] p1a,p1b\n|-supereffective|p1a: Zamazenta\n|-supereffective|p1b: Amoonguss\n|-damage|p1a: Zamazenta|0 fnt\n|-damage|p1b: Amoonguss|0 fnt\n|faint|p1a: Zamazenta\n|faint|p1b: Amoonguss\n|-ability|p2a: Calyrex|Chilling Neigh|boost\n|-boost|p2a: Calyrex|atk|2\n|\n|-fieldend|move: Trick Room\n|upkeep\n|-message|CodedCrash forfeited.\n|\n|win|tinkatonbeliever\n|raw|CodedCrash's rating: 1478 &rarr; <strong>1455</strong><br />(-23 for losing)\n|raw|tinkatonbeliever's rating: 1428 &rarr; <strong>1451</strong><br />(+23 for winning)\n|l|\u2606CodedCrash\n|player|p1|\n|l|\u2606tinkatonbeliever\n|player|p2|\n|j|\u2606CodedCrash\n|player|p1|CodedCrash|allister-masters|\n|l|\u2606CodedCrash\n|player|p1|\n","uploadtime":1774640004,"views":18,"formatid":"gen9vgc2026regi","rating":1451,"private":0,"password":null}