{"id":"gen9vgc2026regi-2557018737","format":"[Gen 9] VGC 2026 Reg I","players":["jj11j1","Icious"],"log":"|j|\u2606jj11j1\n|j|\u2606Icious\n|t:|1773270481\n|gametype|doubles\n|player|p1|jj11j1|101|1461\n|player|p2|Icious|265|1558\n|gen|9\n|tier|[Gen 9] VGC 2026 Reg I\n|rated|\n|rule|Species Clause: Limit one of each Pok\u00e9mon\n|rule|Item Clause: Limit 1 of each item\n|clearpoke\n|poke|p1|Kyogre, L50|\n|poke|p1|Calyrex-Ice, L50|\n|poke|p1|Landorus, L50, M|\n|poke|p1|Urshifu-*, L50, F|\n|poke|p1|Smeargle, L50, F|\n|poke|p1|Flutter Mane, L50|\n|poke|p2|Amoonguss, L50, F|\n|poke|p2|Calyrex-Ice, L50|\n|poke|p2|Kyogre, L50|\n|poke|p2|Grimmsnarl, L50, M|\n|poke|p2|Flutter Mane, L50|\n|poke|p2|Basculegion, L50, M|\n|teampreview|4\n|\n|t:|1773270513\n|teamsize|p1|4\n|teamsize|p2|4\n|start\n|switch|p1a: Flutter Mane|Flutter Mane, L50|100/100\n|switch|p1b: Smeargle|Smeargle, L50, F|100/100\n|switch|p2a: Kyogre|Kyogre, L50|100/100\n|switch|p2b: Grimmsnarl|Grimmsnarl, L50, M|100/100\n|-weather|RainDance|[from] ability: Drizzle|[of] p2a: Kyogre\n|turn|1\n|inactive|Battle timer is ON: inactive players will automatically lose when time's up. (requested by jj11j1)\n|\n|t:|1773270536\n|move|p1b: Smeargle|Fake Out|p2b: Grimmsnarl\n|-damage|p2b: Grimmsnarl|95/100\n|move|p2a: Kyogre|Water Spout|p1b: Smeargle|[spread] p1a,p1b\n|-enditem|p1a: Flutter Mane|Focus Sash\n|-damage|p1a: Flutter Mane|1/100\n|-damage|p1b: Smeargle|0 fnt\n|faint|p1b: Smeargle\n|cant|p2b: Grimmsnarl|flinch\n|move|p1a: Flutter Mane|Trick Room|p1a: Flutter Mane\n|-fieldstart|move: Trick Room|[of] p1a: Flutter Mane\n|\n|-weather|RainDance|[upkeep]\n|upkeep\n|\n|t:|1773270549\n|switch|p1b: Kyogre|Kyogre, L50|100/100\n|turn|2\n|inactive|Icious has 30 seconds left.\n|\n|t:|1773270579\n|move|p2a: Kyogre|Protect|p2a: Kyogre\n|-singleturn|p2a: Kyogre|Protect\n|move|p1b: Kyogre|Thunder|p2a: Kyogre\n|-activate|p2a: Kyogre|move: Protect\n|move|p2b: Grimmsnarl|Spirit Break|p1b: Kyogre\n|-damage|p1b: Kyogre|74/100\n|-unboost|p1b: Kyogre|spa|1\n|move|p1a: Flutter Mane|Moonblast|p2b: Grimmsnarl\n|-supereffective|p2b: Grimmsnarl\n|-damage|p2b: Grimmsnarl|8/100\n|\n|-weather|RainDance|[upkeep]\n|upkeep\n|turn|3\n|\n|t:|1773270603\n|-terastallize|p2a: Kyogre|Grass\n|move|p1b: Kyogre|Thunder|p2a: Kyogre\n|-resisted|p2a: Kyogre\n|-damage|p2a: Kyogre|90/100\n|move|p2b: Grimmsnarl|Spirit Break|p1b: Kyogre\n|-damage|p1b: Kyogre|48/100\n|-unboost|p1b: Kyogre|spa|1\n|move|p2a: Kyogre|Origin Pulse|p1b: Kyogre|[spread] p1a,p1b\n|-resisted|p1b: Kyogre\n|-damage|p1a: Flutter Mane|0 fnt\n|-damage|p1b: Kyogre|17/100\n|faint|p1a: Flutter Mane\n|-end|p1a: Flutter Mane|Protosynthesis|[silent]\n|\n|-weather|RainDance|[upkeep]\n|upkeep\n|\n|t:|1773270619\n|switch|p1a: Calyrex|Calyrex-Ice, L50|100/100\n|-ability|p1a: Calyrex|As One\n|-ability|p1a: Calyrex|Unnerve\n|turn|4\n|\n|t:|1773270638\n|-terastallize|p1a: Calyrex|Grass\n|move|p2a: Kyogre|Protect|p2a: Kyogre\n|-singleturn|p2a: Kyogre|Protect\n|move|p2b: Grimmsnarl|Sucker Punch|p1a: Calyrex\n|-damage|p1a: Calyrex|83/100\n|move|p1b: Kyogre|Hydro Pump|p2b: Grimmsnarl\n|-damage|p2b: Grimmsnarl|0 fnt\n|faint|p2b: Grimmsnarl\n|move|p1a: Calyrex|Glacial Lance|p2a: Kyogre\n|-activate|p2a: Kyogre|move: Protect\n|\n|-weather|RainDance|[upkeep]\n|upkeep\n|\n|t:|1773270646\n|switch|p2b: Basculegion|Basculegion, L50, M|100/100\n|turn|5\n|inactive|Icious has 30 seconds left.\n|\n|t:|1773270676\n|switch|p2a: Calyrex|Calyrex-Ice, L50|100/100\n|-ability|p2a: Calyrex|As One\n|-ability|p2a: Calyrex|Unnerve\n|move|p2b: Basculegion|Protect|p2b: Basculegion\n|-singleturn|p2b: Basculegion|Protect\n|move|p1b: Kyogre|Hydro Pump|p2b: Basculegion\n|-activate|p2b: Basculegion|move: Protect\n|move|p1a: Calyrex|Glacial Lance|p2b: Basculegion|[spread] p2a\n|-activate|p2b: Basculegion|move: Protect\n|-resisted|p2a: Calyrex\n|-damage|p2a: Calyrex|86/100\n|\n|-weather|none\n|-heal|p2a: Calyrex|91/100|[from] item: Leftovers\n|-fieldend|move: Trick Room\n|upkeep\n|turn|6\n|\n|t:|1773270699\n|move|p2b: Basculegion|Last Respects|p1a: Calyrex\n|-damage|p1a: Calyrex|43/100\n|-damage|p2b: Basculegion|91/100|[from] item: Life Orb\n|move|p2a: Calyrex|Glacial Lance|p1a: Calyrex|[spread] p1a,p1b\n|-supereffective|p1a: Calyrex\n|-resisted|p1b: Kyogre\n|-damage|p1a: Calyrex|0 fnt\n|-damage|p1b: Kyogre|0 fnt\n|faint|p1a: Calyrex\n|faint|p1b: Kyogre\n|\n|win|Icious\n|raw|jj11j1's rating: 1461 &rarr; <strong>1446</strong><br />(-15 for losing)\n|raw|Icious's rating: 1558 &rarr; <strong>1573</strong><br />(+15 for winning)\n|l|\u2606jj11j1\n|player|p1|\n|l|\u2606Icious\n|player|p2|\n","uploadtime":1773270881,"views":14,"formatid":"gen9vgc2026regi","rating":1446,"private":0,"password":null}