{"id":"gen9vgc2026regi-2562262097","format":"[Gen 9] VGC 2026 Reg I","players":["nicouser","Highkage2"],"log":"|j|\u2606nicouser\n|j|\u203dHighkage2\n|t:|1773888743\n|gametype|doubles\n|player|p1|nicouser|1|1447\n|player|p2|Highkage2|doubleteam|1470\n|gen|9\n|tier|[Gen 9] VGC 2026 Reg I\n|rated|\n|rule|Species Clause: Limit one of each Pok\u00e9mon\n|rule|Item Clause: Limit 1 of each item\n|clearpoke\n|poke|p1|Groudon, L50|\n|poke|p1|Calyrex-Ice, L50|\n|poke|p1|Chi-Yu, L50|\n|poke|p1|Flutter Mane, L50|\n|poke|p1|Jumpluff, L50, F|\n|poke|p1|Raging Bolt, L50|\n|poke|p2|Incineroar, L50, M|\n|poke|p2|Landorus, L50, M|\n|poke|p2|Calyrex-Ice, L50|\n|poke|p2|Miraidon, L50|\n|poke|p2|Farigiraf, L50, F|\n|poke|p2|Pelipper, L50, F|\n|teampreview|4\n|inactive|Battle timer is ON: inactive players will automatically lose when time's up. (requested by Highkage2)\n|inactive|nicouser has 60 seconds left.\n|\n|t:|1773888783\n|teamsize|p1|4\n|teamsize|p2|4\n|start\n|switch|p1a: Groudon|Groudon, L50|100/100\n|switch|p1b: Flutter Mane|Flutter Mane, L50|100/100\n|switch|p2a: Incineroar|Incineroar, L50, M|100/100\n|switch|p2b: Calyrex|Calyrex-Ice, L50|100/100\n|-ability|p2b: Calyrex|As One\n|-ability|p2b: Calyrex|Unnerve\n|-weather|SunnyDay|[from] ability: Drought|[of] p1a: Groudon\n|-activate|p1b: Flutter Mane|ability: Protosynthesis\n|-start|p1b: Flutter Mane|protosynthesisspe\n|-ability|p2a: Incineroar|Intimidate|boost\n|-unboost|p1a: Groudon|atk|1\n|-unboost|p1b: Flutter Mane|atk|1\n|turn|1\n|inactive|nicouser has 30 seconds left.\n|\n|t:|1773888813\n|switch|p1a: Calyrex|Calyrex-Ice, L50|100/100\n|-ability|p1a: Calyrex|As One\n|-ability|p1a: Calyrex|Unnerve\n|move|p2a: Incineroar|Fake Out|p1a: Calyrex\n|-damage|p1a: Calyrex|94/100\n|move|p1b: Flutter Mane|Taunt|p2b: Calyrex\n|-start|p2b: Calyrex|move: Taunt\n|move|p2b: Calyrex|Glacial Lance|p1a: Calyrex|[spread] p1a,p1b\n|-resisted|p1a: Calyrex\n|-damage|p1a: Calyrex|77/100\n|-enditem|p1b: Flutter Mane|Focus Sash\n|-damage|p1b: Flutter Mane|1/100\n|\n|-weather|SunnyDay|[upkeep]\n|upkeep\n|turn|2\n|\n|t:|1773888835\n|move|p1b: Flutter Mane|Protect|p1b: Flutter Mane\n|-singleturn|p1b: Flutter Mane|Protect\n|move|p2a: Incineroar|Knock Off|p1a: Calyrex\n|-supereffective|p1a: Calyrex\n|-damage|p1a: Calyrex|35/100\n|-enditem|p1a: Calyrex|Icicle Plate|[from] move: Knock Off|[of] p2a: Incineroar\n|move|p1a: Calyrex|Imprison|p1a: Calyrex\n|-start|p1a: Calyrex|move: Imprison\n|cant|p2b: Calyrex|move: Imprison|Glacial Lance\n|\n|-weather|SunnyDay|[upkeep]\n|upkeep\n|turn|3\n|inactive|nicouser has 30 seconds left.\n|inactive|Highkage2 has 30 seconds left.\n|inactive|nicouser has 20 seconds left.\n|inactive|Highkage2 has 20 seconds left.\n|inactive|Highkage2 has 15 seconds left.\n|inactive|Highkage2 has 10 seconds left.\n|\n|t:|1773888884\n|move|p1a: Calyrex|Protect|p1a: Calyrex\n|-singleturn|p1a: Calyrex|Protect\n|move|p1b: Flutter Mane|Shadow Ball|p2b: Calyrex\n|-supereffective|p2b: Calyrex\n|-damage|p2b: Calyrex|48/100\n|move|p2a: Incineroar|Flare Blitz|p1a: Calyrex\n|-activate|p1a: Calyrex|move: Protect\n|-activate|p2b: Calyrex|move: Struggle\n|move|p2b: Calyrex|Struggle|p1b: Flutter Mane\n|-damage|p1b: Flutter Mane|0 fnt\n|faint|p1b: Flutter Mane\n|-end|p1b: Flutter Mane|Protosynthesis|[silent]\n|-ability|p2b: Calyrex|Chilling Neigh|boost\n|-boost|p2b: Calyrex|atk|1\n|-damage|p2b: Calyrex|23/100|[from] recoil\n|\n|-weather|SunnyDay|[upkeep]\n|-heal|p2b: Calyrex|29/100|[from] item: Leftovers\n|-end|p2b: Calyrex|move: Taunt\n|upkeep\n|inactive|nicouser has 30 seconds left.\n|\n|t:|1773888913\n|switch|p1b: Groudon|Groudon, L50|100/100\n|turn|4\n|\n|t:|1773888923\n|switch|p2b: Pelipper|Pelipper, L50, F|100/100\n|-weather|RainDance|[from] ability: Drizzle|[of] p2b: Pelipper\n|-terastallize|p2a: Incineroar|Bug\n|move|p1b: Groudon|Precipice Blades|p2a: Incineroar|[spread] \n|-immune|p2b: Pelipper\n|-miss|p1b: Groudon|p2a: Incineroar\n|move|p2a: Incineroar|Flare Blitz|p1a: Calyrex\n|-supereffective|p1a: Calyrex\n|-damage|p1a: Calyrex|8/100\n|-damage|p2a: Incineroar|92/100|[from] Recoil\n|move|p1a: Calyrex|Glacial Lance|p2b: Pelipper|[spread] p2a,p2b\n|-damage|p2a: Incineroar|51/100\n|-damage|p2b: Pelipper|27/100\n|\n|-weather|RainDance|[upkeep]\n|upkeep\n|turn|5\n|inactive|nicouser has 30 seconds left.\n|inactive|Highkage2 has 30 seconds left.\n|\n|t:|1773888955\n|move|p1a: Calyrex|Protect|p1a: Calyrex\n|-singleturn|p1a: Calyrex|Protect\n|move|p1b: Groudon|Crunch|p2b: Pelipper\n|-damage|p2b: Pelipper|0 fnt\n|faint|p2b: Pelipper\n|move|p2a: Incineroar|Knock Off|p1b: Groudon\n|-damage|p1b: Groudon|77/100\n|-enditem|p1b: Groudon|Assault Vest|[from] move: Knock Off|[of] p2a: Incineroar\n|\n|-weather|RainDance|[upkeep]\n|upkeep\n|\n|t:|1773888969\n|switch|p2b: Miraidon|Miraidon, L50|100/100\n|-fieldstart|move: Electric Terrain|[from] ability: Hadron Engine|[of] p2b: Miraidon\n|turn|6\n|\n|t:|1773888991\n|switch|p1b: Chi-Yu|Chi-Yu, L50|100/100\n|-ability|p1b: Chi-Yu|Beads of Ruin\n|move|p2b: Miraidon|Draco Meteor|p1b: Chi-Yu\n|-damage|p1b: Chi-Yu|0 fnt\n|-unboost|p2b: Miraidon|spa|2\n|faint|p1b: Chi-Yu\n|move|p2a: Incineroar|U-turn|p1a: Calyrex\n|-supereffective|p1a: Calyrex\n|-damage|p1a: Calyrex|0 fnt\n|faint|p1a: Calyrex\n|\n|t:|1773889003\n|switch|p2a: Calyrex|Calyrex-Ice, L50|29/100|[from] U-turn\n|-ability|p2a: Calyrex|As One\n|-ability|p2a: Calyrex|Unnerve\n|\n|-weather|RainDance|[upkeep]\n|-heal|p2a: Calyrex|35/100|[from] item: Leftovers\n|upkeep\n|\n|t:|1773889012\n|switch|p1b: Groudon|Groudon, L50|77/100\n|-weather|SunnyDay|[from] ability: Drought|[of] p1b: Groudon\n|turn|7\n|\n|t:|1773889034\n|switch|p2b: Incineroar|Incineroar, L50, M, tera:Bug|51/100\n|-ability|p2b: Incineroar|Intimidate|boost\n|-unboost|p1b: Groudon|atk|1\n|-terastallize|p1b: Groudon|Fire\n|move|p2a: Calyrex|Protect|p2a: Calyrex\n|-singleturn|p2a: Calyrex|Protect\n|move|p1b: Groudon|Precipice Blades|p2b: Incineroar|[spread] \n|-activate|p2a: Calyrex|move: Protect\n|-miss|p1b: Groudon|p2b: Incineroar\n|\n|-weather|SunnyDay|[upkeep]\n|-heal|p2a: Calyrex|41/100|[from] item: Leftovers\n|upkeep\n|turn|8\n|\n|t:|1773889054\n|move|p2b: Incineroar|Fake Out|p1b: Groudon\n|-damage|p1b: Groudon|70/100\n|cant|p1b: Groudon|flinch\n|move|p2a: Calyrex|Glacial Lance|p1b: Groudon\n|-resisted|p1b: Groudon\n|-damage|p1b: Groudon|47/100\n|\n|-weather|SunnyDay|[upkeep]\n|-heal|p2a: Calyrex|46/100|[from] item: Leftovers\n|upkeep\n|turn|9\n|\n|t:|1773889071\n|move|p1b: Groudon|Precipice Blades|p2a: Calyrex|[spread] p2b\n|-miss|p1b: Groudon|p2a: Calyrex\n|-resisted|p2b: Incineroar\n|-damage|p2b: Incineroar|37/100\n|move|p2b: Incineroar|U-turn|p1b: Groudon\n|-resisted|p1b: Groudon\n|-damage|p1b: Groudon|38/100\n|\n|t:|1773889077\n|switch|p2b: Miraidon|Miraidon, L50|100/100|[from] U-turn\n|-activate|p2b: Miraidon|ability: Hadron Engine\n|move|p2a: Calyrex|Glacial Lance|p1b: Groudon\n|-resisted|p1b: Groudon\n|-crit|p1b: Groudon\n|-damage|p1b: Groudon|2/100\n|\n|-weather|SunnyDay|[upkeep]\n|-heal|p2a: Calyrex|52/100|[from] item: Leftovers\n|upkeep\n|turn|10\n|inactive|nicouser has 30 seconds left.\n|inactive|nicouser has 20 seconds left.\n|inactive|nicouser has 15 seconds left.\n|inactive|nicouser has 10 seconds left.\n|inactive|nicouser has 5 seconds left.\n|\n|t:|1773889133\n|move|p2b: Miraidon|Electro Drift|p1b: Groudon\n|-damage|p1b: Groudon|0 fnt\n|faint|p1b: Groudon\n|\n|win|Highkage2\n|raw|nicouser's rating: 1447 &rarr; <strong>1428</strong><br />(-19 for losing)\n|raw|Highkage2's rating: 1470 &rarr; <strong>1489</strong><br />(+19 for winning)\n","uploadtime":1773889316,"views":14,"formatid":"gen9vgc2026regi","rating":1428,"private":0,"password":null}