{"id":"gen9vgc2026regi-2553797057","format":"[Gen 9] VGC 2026 Reg I","players":["wasaad5","loadbruno"],"log":"|j|\u2606wasaad5\n|j|\u2606loadbruno\n|t:|1772882328\n|gametype|doubles\n|player|p1|wasaad5|blue|1406\n|player|p2|loadbruno|worker|1343\n|gen|9\n|tier|[Gen 9] VGC 2026 Reg I\n|rated|\n|rule|Species Clause: Limit one of each Pok\u00e9mon\n|rule|Item Clause: Limit 1 of each item\n|clearpoke\n|poke|p1|Kyurem-White, L50|\n|poke|p1|Zacian-*, L50|\n|poke|p1|Sableye, L50, F|\n|poke|p1|Urshifu-*, L50, M|\n|poke|p1|Amoonguss, L50, M|\n|poke|p1|Incineroar, L50, F|\n|poke|p2|Rillaboom, L50, F|\n|poke|p2|Miraidon, L50|\n|poke|p2|Whimsicott, L50, M|\n|poke|p2|Chien-Pao, L50|\n|poke|p2|Zacian-*, L50|\n|poke|p2|Incineroar, L50, M|\n|teampreview|4\n|\n|t:|1772882400\n|teamsize|p1|4\n|teamsize|p2|4\n|start\n|switch|p1a: Incineroar|Incineroar, L50, F|100/100\n|switch|p1b: Zacian|Zacian-Crowned, L50|100/100\n|switch|p2a: Miraidon|Miraidon, L50|100/100\n|switch|p2b: Incineroar|Incineroar, L50, M|100/100\n|-ability|p1b: Zacian|Intrepid Sword|boost\n|-boost|p1b: Zacian|atk|1\n|-fieldstart|move: Electric Terrain|[from] ability: Hadron Engine|[of] p2a: Miraidon\n|-ability|p1a: Incineroar|Intimidate|boost\n|-unboost|p2a: Miraidon|atk|1\n|-unboost|p2b: Incineroar|atk|1\n|-ability|p2b: Incineroar|Intimidate|boost\n|-unboost|p1a: Incineroar|atk|1\n|-unboost|p1b: Zacian|atk|1\n|turn|1\n|inactive|Battle timer is ON: inactive players will automatically lose when time's up. (requested by loadbruno)\n|j| globalfish39\n|inactive|loadbruno has 60 seconds left.\n|\n|t:|1772882432\n|-terastallize|p1b: Zacian|Ground\n|move|p1a: Incineroar|Fake Out|p2b: Incineroar\n|-damage|p2b: Incineroar|92/100\n|-damage|p1a: Incineroar|84/100|[from] item: Rocky Helmet|[of] p2b: Incineroar\n|cant|p2b: Incineroar|flinch\n|move|p1b: Zacian|Tera Blast|p2a: Miraidon|[anim] Tera Blast Ground\n|-supereffective|p2a: Miraidon\n|-damage|p2a: Miraidon|10/100\n|move|p2a: Miraidon|Volt Switch|p1b: Zacian\n|-immune|p1b: Zacian\n|\n|upkeep\n|turn|2\n|\n|t:|1772882452\n|switch|p2a: Rillaboom|Rillaboom, L50, F|100/100\n|-fieldstart|move: Grassy Terrain|[from] ability: Grassy Surge|[of] p2a: Rillaboom\n|move|p1b: Zacian|Tera Blast|p2a: Rillaboom|[anim] Tera Blast Ground\n|-resisted|p2a: Rillaboom\n|-damage|p2a: Rillaboom|78/100\n|move|p1a: Incineroar|Parting Shot|p2a: Rillaboom\n|-unboost|p2a: Rillaboom|atk|1\n|-unboost|p2a: Rillaboom|spa|1\n|\n|t:|1772882460\n|switch|p1a: Urshifu|Urshifu-Rapid-Strike, L50, M|100/100|[from] Parting Shot\n|move|p2b: Incineroar|Parting Shot|p1b: Zacian\n|-unboost|p1b: Zacian|atk|1\n|-unboost|p1b: Zacian|spa|1\n|\n|t:|1772882479\n|switch|p2b: Zacian|Zacian-Crowned, L50|100/100|[from] Parting Shot\n|-ability|p2b: Zacian|Intrepid Sword|boost\n|-boost|p2b: Zacian|atk|1\n|\n|-heal|p2a: Rillaboom|84/100|[from] Grassy Terrain\n|upkeep\n|turn|3\n|inactive|loadbruno has 30 seconds left.\n|\n|t:|1772882505\n|switch|p1a: Incineroar|Incineroar, L50, F|84/100\n|-ability|p1a: Incineroar|Intimidate|boost\n|-unboost|p2a: Rillaboom|atk|1\n|-unboost|p2b: Zacian|atk|1\n|-terastallize|p2b: Zacian|Stellar\n|move|p1b: Zacian|Protect|p1b: Zacian\n|-singleturn|p1b: Zacian|Protect\n|move|p2a: Rillaboom|Fake Out|p1b: Zacian\n|-activate|p1b: Zacian|move: Protect\n|move|p2b: Zacian|Behemoth Blade|p1b: Zacian\n|-activate|p1b: Zacian|move: Protect\n|\n|-heal|p2a: Rillaboom|89/100|[from] Grassy Terrain\n|-heal|p1a: Incineroar|90/100|[from] Grassy Terrain\n|upkeep\n|turn|4\n|\n|t:|1772882529\n|switch|p1b: Urshifu|Urshifu-Rapid-Strike, L50, M|100/100\n|move|p2b: Zacian|Protect|p2b: Zacian\n|-singleturn|p2b: Zacian|Protect\n|move|p1a: Incineroar|Fake Out|p2b: Zacian\n|-activate|p2b: Zacian|move: Protect\n|move|p2a: Rillaboom|Wood Hammer|p1b: Urshifu\n|-supereffective|p1b: Urshifu\n|-damage|p1b: Urshifu|8/100\n|-damage|p2a: Rillaboom|62/100|[from] Recoil\n|\n|-heal|p1b: Urshifu|15/100|[from] Grassy Terrain\n|-heal|p2a: Rillaboom|67/100|[from] Grassy Terrain\n|-heal|p1a: Incineroar|96/100|[from] Grassy Terrain\n|upkeep\n|turn|5\n|\n|t:|1772882547\n|switch|p1b: Zacian|Zacian-Crowned, L50, tera:Ground|100/100\n|move|p2a: Rillaboom|Grassy Glide|p1b: Zacian\n|-supereffective|p1b: Zacian\n|-damage|p1b: Zacian|60/100\n|move|p2b: Zacian|Sacred Sword|p1a: Incineroar\n|-supereffective|p1a: Incineroar\n|-damage|p1a: Incineroar|12/100\n|move|p1a: Incineroar|Will-O-Wisp|p2b: Zacian\n|-status|p2b: Zacian|brn\n|\n|-heal|p1b: Zacian|66/100|[from] Grassy Terrain\n|-heal|p2a: Rillaboom|73/100|[from] Grassy Terrain\n|-heal|p1a: Incineroar|18/100|[from] Grassy Terrain\n|-damage|p2b: Zacian|94/100 brn|[from] brn\n|upkeep\n|turn|6\n|inactive|wasaad5 has 30 seconds left.\n|inactive|loadbruno has 30 seconds left.\n|\n|t:|1772882585\n|switch|p2a: Incineroar|Incineroar, L50, M|92/100\n|-ability|p2a: Incineroar|Intimidate|boost\n|-unboost|p1a: Incineroar|atk|1\n|-unboost|p1b: Zacian|atk|1\n|switch|p1a: Urshifu|Urshifu-Rapid-Strike, L50, M|15/100\n|move|p2b: Zacian|Protect|p2b: Zacian\n|-singleturn|p2b: Zacian|Protect\n|move|p1b: Zacian|Tera Blast|p2b: Zacian|[anim] Tera Blast Ground\n|-activate|p2b: Zacian|move: Protect\n|\n|-heal|p1a: Urshifu|21/100|[from] Grassy Terrain\n|-heal|p1b: Zacian|72/100|[from] Grassy Terrain\n|-heal|p2b: Zacian|100/100 brn|[from] Grassy Terrain\n|-heal|p2a: Incineroar|98/100|[from] Grassy Terrain\n|-damage|p2b: Zacian|94/100 brn|[from] brn\n|-fieldend|move: Grassy Terrain\n|upkeep\n|turn|7\n|inactive|loadbruno has 30 seconds left.\n|\n|t:|1772882617\n|switch|p1b: Incineroar|Incineroar, L50, F|18/100\n|-ability|p1b: Incineroar|Intimidate|boost\n|-unboost|p2a: Incineroar|atk|1\n|-unboost|p2b: Zacian|atk|1\n|move|p2a: Incineroar|Fake Out|p1b: Incineroar\n|-damage|p1b: Incineroar|8/100\n|move|p1a: Urshifu|Surging Strikes|p2a: Incineroar\n|-supereffective|p2a: Incineroar\n|-crit|p2a: Incineroar\n|-damage|p2a: Incineroar|48/100\n|-damage|p1a: Urshifu|4/100|[from] item: Rocky Helmet|[of] p2a: Incineroar\n|-supereffective|p2a: Incineroar\n|-crit|p2a: Incineroar\n|-damage|p2a: Incineroar|0 fnt\n|-damage|p1a: Urshifu|0 fnt|[from] item: Rocky Helmet|[of] p2a: Incineroar\n|faint|p2a: Incineroar\n|faint|p1a: Urshifu\n|-hitcount|p2: Incineroar|2\n|move|p2b: Zacian|Behemoth Blade|p1b: Incineroar\n|-resisted|p1b: Incineroar\n|-damage|p1b: Incineroar|0 fnt\n|faint|p1b: Incineroar\n|\n|-damage|p2b: Zacian|88/100 brn|[from] brn\n|upkeep\n|\n|t:|1772882640\n|switch|p1a: Zacian|Zacian-Crowned, L50, tera:Ground|72/100\n|switch|p1b: Kyurem|Kyurem-White, L50, shiny|100/100\n|switch|p2a: Rillaboom|Rillaboom, L50, F|73/100\n|-ability|p1b: Kyurem|Turboblaze\n|-fieldstart|move: Grassy Terrain|[from] ability: Grassy Surge|[of] p2a: Rillaboom\n|turn|8\n|\n|t:|1772882656\n|move|p1a: Zacian|Protect|p1a: Zacian\n|-singleturn|p1a: Zacian|Protect\n|move|p2a: Rillaboom|Fake Out|p1a: Zacian\n|-activate|p1a: Zacian|move: Protect\n|move|p2b: Zacian|Play Rough|p1b: Kyurem\n|-supereffective|p1b: Kyurem\n|-damage|p1b: Kyurem|63/100\n|move|p1b: Kyurem|Fusion Flare|p2b: Zacian\n|-supereffective|p2b: Zacian\n|-damage|p2b: Zacian|9/100 brn\n|\n|-heal|p1a: Zacian|78/100|[from] Grassy Terrain\n|-heal|p2b: Zacian|15/100 brn|[from] Grassy Terrain\n|-heal|p1b: Kyurem|69/100|[from] Grassy Terrain\n|-heal|p2a: Rillaboom|79/100|[from] Grassy Terrain\n|-damage|p2b: Zacian|9/100 brn|[from] brn\n|upkeep\n|turn|9\n|\n|t:|1772882680\n|move|p2b: Zacian|Protect|p2b: Zacian\n|-singleturn|p2b: Zacian|Protect\n|move|p1a: Zacian|Behemoth Blade|p2b: Zacian\n|-activate|p2b: Zacian|move: Protect\n|move|p1b: Kyurem|Blizzard|p2b: Zacian|[spread] \n|-activate|p2b: Zacian|move: Protect\n|-miss|p1b: Kyurem|p2a: Rillaboom\n|move|p2a: Rillaboom|Wood Hammer|p1a: Zacian\n|-supereffective|p1a: Zacian\n|-damage|p1a: Zacian|0 fnt\n|faint|p1a: Zacian\n|-damage|p2a: Rillaboom|56/100|[from] Recoil\n|\n|-heal|p2b: Zacian|15/100 brn|[from] Grassy Terrain\n|-heal|p1b: Kyurem|75/100|[from] Grassy Terrain\n|-heal|p2a: Rillaboom|62/100|[from] Grassy Terrain\n|-damage|p2b: Zacian|9/100 brn|[from] brn\n|upkeep\n|turn|10\n|j| togeclaty\n|-message|wasaad5 forfeited.\n|\n|win|loadbruno\n|raw|wasaad5's rating: 1406 &rarr; <strong>1382</strong><br />(-24 for losing)\n|raw|loadbruno's rating: 1343 &rarr; <strong>1367</strong><br />(+24 for winning)\n|l|\u2606wasaad5\n|player|p1|\n|l|\u2606loadbruno\n|player|p2|\n","uploadtime":1772882838,"views":14,"formatid":"gen9vgc2026regi","rating":1367,"private":0,"password":null}