{"id":"gen9vgc2026regi-2570064173","format":"[Gen 9] VGC 2026 Reg I","players":["dasabe\u76d6\u6b27\u5361\u4fa0","1VLTSQ Joker"],"log":"|raw|<div class=\"broadcast-blue\"><strong>This battle is required to be public due to a player having a name starting with '1vltsq'.</div>\n|j|\u2606dasabe\u76d6\u6b27\u5361\u4fa0\n|j|\u26061VLTSQ Joker\n|t:|1774763897\n|gametype|doubles\n|player|p1|dasabe\u76d6\u6b27\u5361\u4fa0|may-masters4|1615\n|player|p2|1VLTSQ Joker|blue|1586\n|gen|9\n|tier|[Gen 9] VGC 2026 Reg I\n|rated|\n|rule|Species Clause: Limit one of each Pok\u00e9mon\n|rule|Item Clause: Limit 1 of each item\n|clearpoke\n|poke|p1|Calyrex-Shadow, L50|\n|poke|p1|Koraidon, L50|\n|poke|p1|Chi-Yu, L50|\n|poke|p1|Tornadus, L50, M|\n|poke|p1|Indeedee-F, L50, F|\n|poke|p1|Smeargle, L50, F|\n|poke|p2|Calyrex-Ice, L50|\n|poke|p2|Smeargle, L50, F|\n|poke|p2|Kyogre, L50|\n|poke|p2|Maushold, L50|\n|poke|p2|Volcarona, L50, F|\n|poke|p2|Flamigo, L50, F|\n|teampreview|4\n|\n|t:|1774763915\n|teamsize|p1|4\n|teamsize|p2|4\n|start\n|switch|p1a: \u9a6c\u6b7b\u4e86|Calyrex-Shadow, L50|100/100\n|switch|p1b: \u5c0f\u7b14\u7ea2\u80bf|Smeargle, L50, F, shiny|100/100\n|switch|p2a: Calyrex|Calyrex-Ice, L50|100/100\n|switch|p2b: Smeargle|Smeargle, L50, F|100/100\n|-ability|p1a: \u9a6c\u6b7b\u4e86|As One\n|-ability|p1a: \u9a6c\u6b7b\u4e86|Unnerve\n|-ability|p2a: Calyrex|As One\n|-ability|p2a: Calyrex|Unnerve\n|turn|1\n|\n|t:|1774763951\n|-terastallize|p1a: \u9a6c\u6b7b\u4e86|Ghost\n|-terastallize|p2a: Calyrex|Grass\n|move|p1b: \u5c0f\u7b14\u7ea2\u80bf|Fake Out|p2b: Smeargle\n|-damage|p2b: Smeargle|89/100\n|move|p1a: \u9a6c\u6b7b\u4e86|Expanding Force|p2b: Smeargle\n|-damage|p2b: Smeargle|0 fnt\n|faint|p2b: Smeargle\n|-ability|p1a: \u9a6c\u6b7b\u4e86|Grim Neigh|boost\n|-boost|p1a: \u9a6c\u6b7b\u4e86|spa|1\n|move|p2a: Calyrex|Glacial Lance|p1b: \u5c0f\u7b14\u7ea2\u80bf|[spread] p1a,p1b\n|-damage|p1a: \u9a6c\u6b7b\u4e86|25/100\n|-enditem|p1b: \u5c0f\u7b14\u7ea2\u80bf|Focus Sash\n|-damage|p1b: \u5c0f\u7b14\u7ea2\u80bf|1/100\n|\n|-ability|p1b: \u5c0f\u7b14\u7ea2\u80bf|Moody|boost\n|-boost|p1b: \u5c0f\u7b14\u7ea2\u80bf|spe|2\n|-unboost|p1b: \u5c0f\u7b14\u7ea2\u80bf|atk|1\n|upkeep\n|\n|t:|1774763960\n|switch|p2b: Maushold|Maushold, L50|100/100\n|turn|2\n|\n|t:|1774763966\n|switch|p1b: \u4f8d\u7684\u6211\u7231\u5bfc\u7ba1|Indeedee-F, L50, F, shiny|100/100\n|-fieldstart|move: Psychic Terrain|[from] ability: Psychic Surge|[of] p1b: \u4f8d\u7684\u6211\u7231\u5bfc\u7ba1\n|move|p2b: Maushold|Protect|p2b: Maushold\n|-singleturn|p2b: Maushold|Protect\n|move|p1a: \u9a6c\u6b7b\u4e86|Expanding Force|p2b: Maushold|[spread] p2a\n|-activate|p2b: Maushold|move: Protect\n|-crit|p2a: Calyrex\n|-damage|p2a: Calyrex|0 fnt\n|faint|p2a: Calyrex\n|-ability|p1a: \u9a6c\u6b7b\u4e86|Grim Neigh|boost\n|-boost|p1a: \u9a6c\u6b7b\u4e86|spa|1\n|\n|upkeep\n|c|\u26061VLTSQ Joker|bruh\n|c|\u26061VLTSQ Joker|crit won ya that\n|\n|t:|1774763986\n|switch|p2a: Kyogre|Kyogre, L50|100/100\n|-weather|RainDance|[from] ability: Drizzle|[of] p2a: Kyogre\n|turn|3\n|\n|t:|1774763993\n|switch|p1a: \u6545\u5927\u5305\u52d2|Koraidon, L50, shiny|100/100\n|-weather|SunnyDay|[from] ability: Orichalcum Pulse|[of] p1a: \u6545\u5927\u5305\u52d2\n|-activate|p1a: \u6545\u5927\u5305\u52d2|Orichalcum Pulse|[source]\n|move|p2a: Kyogre|Water Spout|p1b: \u4f8d\u7684\u6211\u7231\u5bfc\u7ba1|[spread] p1a,p1b\n|-resisted|p1a: \u6545\u5927\u5305\u52d2\n|-damage|p1a: \u6545\u5927\u5305\u52d2|85/100\n|-damage|p1b: \u4f8d\u7684\u6211\u7231\u5bfc\u7ba1|68/100\n|-enditem|p1b: \u4f8d\u7684\u6211\u7231\u5bfc\u7ba1|Eject Button\n|\n|t:|1774764005\n|switch|p1b: \u9a6c\u6b7b\u4e86|Calyrex-Shadow, L50, tera:Ghost|25/100\n|-ability|p1b: \u9a6c\u6b7b\u4e86|As One\n|-ability|p1b: \u9a6c\u6b7b\u4e86|Unnerve\n|move|p2b: Maushold|Population Bomb|p1b: \u9a6c\u6b7b\u4e86\n|-immune|p1b: \u9a6c\u6b7b\u4e86\n|\n|-weather|SunnyDay|[upkeep]\n|upkeep\n|turn|4\n|j| CidKagenou87\n|\n|t:|1774764011\n|move|p2a: Kyogre|Water Spout|p1a: \u6545\u5927\u5305\u52d2|[spread] p1a,p1b\n|-resisted|p1a: \u6545\u5927\u5305\u52d2\n|-damage|p1a: \u6545\u5927\u5305\u52d2|70/100\n|-damage|p1b: \u9a6c\u6b7b\u4e86|0 fnt\n|faint|p1b: \u9a6c\u6b7b\u4e86\n|move|p1a: \u6545\u5927\u5305\u52d2|Close Combat|p2a: Kyogre\n|-damage|p2a: Kyogre|0 fnt\n|-unboost|p1a: \u6545\u5927\u5305\u52d2|def|1\n|-unboost|p1a: \u6545\u5927\u5305\u52d2|spd|1\n|faint|p2a: Kyogre\n|-damage|p1a: \u6545\u5927\u5305\u52d2|60/100|[from] item: Life Orb\n|move|p2b: Maushold|Population Bomb|p1a: \u6545\u5927\u5305\u52d2\n|-damage|p1a: \u6545\u5927\u5305\u52d2|44/100\n|-damage|p1a: \u6545\u5927\u5305\u52d2|30/100\n|-damage|p1a: \u6545\u5927\u5305\u52d2|16/100\n|-damage|p1a: \u6545\u5927\u5305\u52d2|2/100\n|-damage|p1a: \u6545\u5927\u5305\u52d2|0 fnt\n|faint|p1a: \u6545\u5927\u5305\u52d2\n|-hitcount|p1: \u6545\u5927\u5305\u52d2|5\n|\n|-weather|SunnyDay|[upkeep]\n|upkeep\n|\n|t:|1774764016\n|switch|p1b: \u4f8d\u7684\u6211\u7231\u5bfc\u7ba1|Indeedee-F, L50, F, shiny|68/100\n|switch|p1a: \u5c0f\u7b14\u7ea2\u80bf|Smeargle, L50, F, shiny|1/100\n|turn|5\n|\n|t:|1774764025\n|move|p2b: Maushold|Population Bomb|p1b: \u4f8d\u7684\u6211\u7231\u5bfc\u7ba1\n|-damage|p1b: \u4f8d\u7684\u6211\u7231\u5bfc\u7ba1|58/100\n|-damage|p1b: \u4f8d\u7684\u6211\u7231\u5bfc\u7ba1|47/100\n|-damage|p1b: \u4f8d\u7684\u6211\u7231\u5bfc\u7ba1|35/100\n|-damage|p1b: \u4f8d\u7684\u6211\u7231\u5bfc\u7ba1|23/100\n|-damage|p1b: \u4f8d\u7684\u6211\u7231\u5bfc\u7ba1|11/100\n|-damage|p1b: \u4f8d\u7684\u6211\u7231\u5bfc\u7ba1|0 fnt\n|faint|p1b: \u4f8d\u7684\u6211\u7231\u5bfc\u7ba1\n|-hitcount|p1: \u4f8d\u7684\u6211\u7231\u5bfc\u7ba1|6\n|move|p1a: \u5c0f\u7b14\u7ea2\u80bf|Spore|p2b: Maushold\n|-status|p2b: Maushold|slp|[from] move: Spore\n|\n|-weather|SunnyDay|[upkeep]\n|-ability|p1a: \u5c0f\u7b14\u7ea2\u80bf|Moody|boost\n|-boost|p1a: \u5c0f\u7b14\u7ea2\u80bf|spd|2\n|-unboost|p1a: \u5c0f\u7b14\u7ea2\u80bf|spa|1\n|upkeep\n|turn|6\n|c|\u2606dasabe\u76d6\u6b27\u5361\u4fa0|gg\uff08\n|-message|dasabe\u76d6\u6b27\u5361\u4fa0 forfeited.\n|\n|win|1VLTSQ Joker\n|raw|dasabe\u76d6\u6b27\u5361\u4fa0's rating: 1615 &rarr; <strong>1593</strong><br />(-22 for losing)\n|raw|1VLTSQ Joker's rating: 1586 &rarr; <strong>1608</strong><br />(+22 for winning)\n|l|\u2606dasabe\u76d6\u6b27\u5361\u4fa0\n|player|p1|\n|l|\u26061VLTSQ Joker\n|player|p2|\n|l| CidKagenou87\n","uploadtime":1774764245,"views":25,"formatid":"gen9vgc2026regi","rating":1593,"private":0,"password":null}