{"id":"gen9vgc2026regi-2580866943","format":"[Gen 9] VGC 2026 Reg I","players":["aboboroso","Markingdra"],"log":"|j|\u2606aboboroso\n|j|\u2606Markingdra\n|t:|1775938977\n|gametype|doubles\n|player|p1|aboboroso|drayden|1407\n|player|p2|Markingdra|unknown|1526\n|gen|9\n|tier|[Gen 9] VGC 2026 Reg I\n|rated|\n|rule|Species Clause: Limit one of each Pok\u00e9mon\n|rule|Item Clause: Limit 1 of each item\n|clearpoke\n|poke|p1|Necrozma-Dawn-Wings, L50|\n|poke|p1|Calyrex-Ice, L50|\n|poke|p1|Weezing-Galar, L50, M|\n|poke|p1|Kingambit, L50, F|\n|poke|p1|Ursaluna-Bloodmoon, L50, M|\n|poke|p1|Raging Bolt, L50|\n|poke|p2|Koraidon, L50|\n|poke|p2|Calyrex-Shadow, L50|\n|poke|p2|Incineroar, L50, M|\n|poke|p2|Brute Bonnet, L50|\n|poke|p2|Raging Bolt, L50|\n|poke|p2|Ogerpon-Cornerstone, L50, F|\n|teampreview|4\n|\n|t:|1775938995\n|teamsize|p1|4\n|teamsize|p2|4\n|start\n|switch|p1a: Necrozma|Necrozma-Dawn-Wings, L50, shiny|100/100\n|switch|p1b: Weezing|Weezing-Galar, L50, M|100/100\n|switch|p2a: Calyrex|Calyrex-Shadow, L50|100/100\n|switch|p2b: Brute Bonnet|Brute Bonnet, L50, shiny|100/100\n|-ability|p2a: Calyrex|As One\n|-ability|p2a: Calyrex|Unnerve\n|-fieldstart|move: Misty Terrain|[from] ability: Misty Surge|[of] p1b: Weezing\n|turn|1\n|inactive|Battle timer is ON: inactive players will automatically lose when time's up. (requested by aboboroso)\n|\n|t:|1775939015\n|-terastallize|p1a: Necrozma|Fairy\n|move|p2a: Calyrex|Astral Barrage|p1a: Necrozma|[spread] p1a,p1b\n|-damage|p1a: Necrozma|59/100\n|-damage|p1b: Weezing|21/100\n|move|p2b: Brute Bonnet|Seed Bomb|p1b: Weezing\n|-resisted|p1b: Weezing\n|-damage|p1b: Weezing|7/100\n|move|p1b: Weezing|Dazzling Gleam|p2a: Calyrex|[spread] p2a,p2b\n|-supereffective|p2b: Brute Bonnet\n|-damage|p2a: Calyrex|73/100\n|-damage|p2b: Brute Bonnet|59/100\n|move|p1a: Necrozma|Trick Room|p1a: Necrozma\n|-fieldstart|move: Trick Room|[of] p1a: Necrozma\n|\n|-heal|p1b: Weezing|13/100|[from] item: Leftovers\n|upkeep\n|turn|2\n|inactive|aboboroso has 30 seconds left.\n|\n|t:|1775939044\n|switch|p2a: Incineroar|Incineroar, L50, M, shiny|100/100\n|-ability|p2a: Incineroar|Intimidate|boost\n|-unboost|p1a: Necrozma|atk|1\n|-unboost|p1b: Weezing|atk|1\n|-terastallize|p2b: Brute Bonnet|Water\n|move|p1b: Weezing|Pain Split|p2b: Brute Bonnet\n|-sethp|p2b: Brute Bonnet|35/100|[from] move: Pain Split|[silent]\n|-sethp|p1b: Weezing|41/100|[from] move: Pain Split\n|move|p2b: Brute Bonnet|Seed Bomb|p1b: Weezing\n|-resisted|p1b: Weezing\n|-damage|p1b: Weezing|27/100\n|move|p1a: Necrozma|Moongeist Beam|p2a: Incineroar\n|-resisted|p2a: Incineroar\n|-damage|p2a: Incineroar|74/100\n|\n|-heal|p1b: Weezing|32/100|[from] item: Leftovers\n|upkeep\n|turn|3\n|inactive|Markingdra has 30 seconds left.\n|\n|t:|1775939073\n|move|p2a: Incineroar|Fake Out|p1a: Necrozma\n|-damage|p1a: Necrozma|50/100\n|move|p1b: Weezing|Dazzling Gleam|p2a: Incineroar|[spread] p2a,p2b\n|-damage|p2a: Incineroar|54/100\n|-damage|p2b: Brute Bonnet|13/100\n|move|p2b: Brute Bonnet|Seed Bomb|p1b: Weezing\n|-resisted|p1b: Weezing\n|-damage|p1b: Weezing|17/100\n|cant|p1a: Necrozma|flinch\n|\n|-heal|p1b: Weezing|23/100|[from] item: Leftovers\n|upkeep\n|turn|4\n|\n|t:|1775939088\n|move|p1b: Weezing|Dazzling Gleam|p2a: Incineroar|[spread] p2a,p2b\n|-damage|p2a: Incineroar|33/100\n|-damage|p2b: Brute Bonnet|0 fnt\n|faint|p2b: Brute Bonnet\n|-end|p2b: Brute Bonnet|Protosynthesis|[silent]\n|move|p2a: Incineroar|Parting Shot|p1a: Necrozma\n|-unboost|p1a: Necrozma|atk|1\n|-unboost|p1a: Necrozma|spa|1\n|\n|t:|1775939093\n|switch|p2a: Calyrex|Calyrex-Shadow, L50|73/100|[from] Parting Shot\n|-ability|p2a: Calyrex|As One\n|-ability|p2a: Calyrex|Unnerve\n|move|p1a: Necrozma|Meteor Beam||[still]\n|-prepare|p1a: Necrozma|Meteor Beam\n|-boost|p1a: Necrozma|spa|1\n|-enditem|p1a: Necrozma|Power Herb\n|-anim|p1a: Necrozma|Meteor Beam|p2a: Calyrex\n|-damage|p2a: Calyrex|17/100\n|\n|-heal|p1b: Weezing|28/100|[from] item: Leftovers\n|upkeep\n|\n|t:|1775939094\n|switch|p2b: Incineroar|Incineroar, L50, M, shiny|33/100\n|-ability|p2b: Incineroar|Intimidate|boost\n|-unboost|p1a: Necrozma|atk|1\n|-unboost|p1b: Weezing|atk|1\n|turn|5\n|\n|t:|1775939114\n|move|p2a: Calyrex|Protect|p2a: Calyrex\n|-singleturn|p2a: Calyrex|Protect\n|move|p2b: Incineroar|Fake Out|p1a: Necrozma\n|-damage|p1a: Necrozma|41/100\n|move|p1b: Weezing|Dazzling Gleam|p2a: Calyrex|[spread] p2b\n|-activate|p2a: Calyrex|move: Protect\n|-damage|p2b: Incineroar|12/100\n|cant|p1a: Necrozma|flinch\n|\n|-heal|p1b: Weezing|34/100|[from] item: Leftovers\n|-fieldend|move: Trick Room\n|-fieldend|Misty Terrain\n|upkeep\n|turn|6\n|\n|t:|1775939124\n|move|p2b: Incineroar|Helping Hand|p2a: Calyrex\n|-singleturn|p2a: Calyrex|Helping Hand|[of] p2b: Incineroar\n|move|p2a: Calyrex|Astral Barrage|p1a: Necrozma|[spread] p1a,p1b\n|-damage|p1a: Necrozma|0 fnt\n|-damage|p1b: Weezing|0 fnt\n|faint|p1a: Necrozma\n|faint|p1b: Weezing\n|-ability|p2a: Calyrex|Grim Neigh|boost\n|-boost|p2a: Calyrex|spa|2\n|\n|upkeep\n|\n|t:|1775939127\n|switch|p1a: Calyrex|Calyrex-Ice, L50|100/100\n|switch|p1b: Kingambit|Kingambit, L50, F|100/100\n|-ability|p1a: Calyrex|As One\n|-ability|p1a: Calyrex|Unnerve\n|turn|7\n|\n|t:|1775939136\n|move|p1b: Kingambit|Sucker Punch||[still]\n|-fail|p1b: Kingambit\n|move|p2a: Calyrex|Encore|p1b: Kingambit\n|-start|p1b: Kingambit|Encore\n|move|p2b: Incineroar|Knock Off|p1a: Calyrex\n|-supereffective|p1a: Calyrex\n|-damage|p1a: Calyrex|50/100\n|-enditem|p1a: Calyrex|Clear Amulet|[from] move: Knock Off|[of] p2b: Incineroar\n|move|p1a: Calyrex|Glacial Lance|p2a: Calyrex|[spread] p2a,p2b\n|-resisted|p2b: Incineroar\n|-damage|p2a: Calyrex|0 fnt\n|-damage|p2b: Incineroar|0 fnt\n|faint|p2a: Calyrex\n|faint|p2b: Incineroar\n|-ability|p1a: Calyrex|Chilling Neigh|boost\n|-boost|p1a: Calyrex|atk|2\n|\n|upkeep\n|\n|t:|1775939143\n|switch|p2b: Koraidon|Koraidon, L50, shiny|100/100\n|-weather|SunnyDay|[from] ability: Orichalcum Pulse|[of] p2b: Koraidon\n|-activate|p2b: Koraidon|Orichalcum Pulse|[source]\n|turn|8\n|\n|t:|1775939152\n|move|p1a: Calyrex|Protect|p1a: Calyrex\n|-singleturn|p1a: Calyrex|Protect\n|move|p1b: Kingambit|Sucker Punch|p2b: Koraidon\n|-resisted|p2b: Koraidon\n|-damage|p2b: Koraidon|80/100\n|move|p2b: Koraidon|Flare Blitz|p1a: Calyrex\n|-activate|p1a: Calyrex|move: Protect\n|\n|-weather|SunnyDay|[upkeep]\n|upkeep\n|turn|9\n|\n|t:|1775939163\n|move|p1b: Kingambit|Sucker Punch|p2b: Koraidon\n|-resisted|p2b: Koraidon\n|-damage|p2b: Koraidon|61/100\n|move|p2b: Koraidon|Flare Blitz|p1a: Calyrex\n|-supereffective|p1a: Calyrex\n|-damage|p1a: Calyrex|0 fnt\n|faint|p1a: Calyrex\n|-damage|p2b: Koraidon|43/100|[from] Recoil\n|\n|-weather|SunnyDay|[upkeep]\n|upkeep\n|turn|10\n|c|\u2606aboboroso|gg\n|\n|t:|1775939171\n|move|p1b: Kingambit|Sucker Punch|p2b: Koraidon\n|-resisted|p2b: Koraidon\n|-damage|p2b: Koraidon|22/100\n|move|p2b: Koraidon|Collision Course|p1b: Kingambit\n|-supereffective|p1b: Kingambit\n|-damage|p1b: Kingambit|0 fnt\n|faint|p1b: Kingambit\n|\n|win|Markingdra\n|raw|aboboroso's rating: 1407 &rarr; <strong>1394</strong><br />(-13 for losing)\n|raw|Markingdra's rating: 1526 &rarr; <strong>1539</strong><br />(+13 for winning)\n|l|\u2606aboboroso\n|player|p1|\n|l|\u2606Markingdra\n|player|p2|\n","uploadtime":1775939397,"views":13,"formatid":"gen9vgc2026regi","rating":1394,"private":0,"password":null}