{"id":"gen9vgc2026regi-2578841466","format":"[Gen 9] VGC 2026 Reg I","players":["gonzalommozo","yaochangzhe"],"log":"|j|\u2606gonzalommozo\n|j|\u2606yaochangzhe\n|t:|1775726160\n|gametype|doubles\n|player|p1|gonzalommozo|265|1341\n|player|p2|yaochangzhe|170|1403\n|gen|9\n|tier|[Gen 9] VGC 2026 Reg I\n|rated|\n|rule|Species Clause: Limit one of each Pok\u00e9mon\n|rule|Item Clause: Limit 1 of each item\n|clearpoke\n|poke|p1|Calyrex-Ice, L50|\n|poke|p1|Miraidon, L50|\n|poke|p1|Incineroar, L50, M|\n|poke|p1|Grimmsnarl, L50, M|\n|poke|p1|Amoonguss, L50, F|\n|poke|p1|Urshifu-*, L50, M|\n|poke|p2|Dondozo, L50, M|\n|poke|p2|Tatsugiri, L50, F|\n|poke|p2|Incineroar, L50, M|\n|poke|p2|Iron Bundle, L50|\n|poke|p2|Calyrex-Ice, L50|\n|poke|p2|Miraidon, L50|\n|teampreview|4\n|inactive|Battle timer is ON: inactive players will automatically lose when time's up. (requested by gonzalommozo)\n|\n|t:|1775726190\n|teamsize|p1|4\n|teamsize|p2|4\n|start\n|switch|p1a: Grimmsnarl|Grimmsnarl, L50, M|100/100\n|switch|p1b: Calyrex|Calyrex-Ice, L50|100/100\n|switch|p2a: Iron Bundle|Iron Bundle, L50, shiny|100/100\n|switch|p2b: Miraidon|Miraidon, L50|100/100\n|-ability|p1b: Calyrex|As One\n|-ability|p1b: Calyrex|Unnerve\n|-fieldstart|move: Electric Terrain|[from] ability: Hadron Engine|[of] p2b: Miraidon\n|-activate|p2a: Iron Bundle|ability: Quark Drive\n|-start|p2a: Iron Bundle|quarkdrivespe\n|turn|1\n|\n|t:|1775726214\n|move|p1a: Grimmsnarl|Thunder Wave|p2a: Iron Bundle|[miss]\n|-miss|p1a: Grimmsnarl|p2a: Iron Bundle\n|move|p2a: Iron Bundle|Hydro Pump|p1b: Calyrex\n|-damage|p1b: Calyrex|73/100\n|move|p2b: Miraidon|Electro Drift|p1b: Calyrex\n|-damage|p1b: Calyrex|3/100\n|move|p1b: Calyrex|Glacial Lance|p2b: Miraidon|[spread] p2a,p2b\n|-resisted|p2a: Iron Bundle\n|-supereffective|p2b: Miraidon\n|-damage|p2a: Iron Bundle|83/100\n|-damage|p2b: Miraidon|0 fnt\n|faint|p2b: Miraidon\n|-ability|p1b: Calyrex|Chilling Neigh|boost\n|-boost|p1b: Calyrex|atk|1\n|\n|upkeep\n|\n|t:|1775726237\n|switch|p2b: Calyrex|Calyrex-Ice, L50|100/100\n|-ability|p2b: Calyrex|As One\n|-ability|p2b: Calyrex|Unnerve\n|turn|2\n|\n|t:|1775726258\n|move|p1a: Grimmsnarl|Thunder Wave|p2a: Iron Bundle\n|-status|p2a: Iron Bundle|par\n|move|p2a: Iron Bundle|Icy Wind|p1b: Calyrex|[spread] p1a,p1b\n|-resisted|p1b: Calyrex\n|-damage|p1a: Grimmsnarl|81/100\n|-damage|p1b: Calyrex|0 fnt\n|-unboost|p1a: Grimmsnarl|spe|1\n|faint|p1b: Calyrex\n|move|p2b: Calyrex|Glacial Lance|p1a: Grimmsnarl\n|-damage|p1a: Grimmsnarl|12/100\n|\n|upkeep\n|\n|t:|1775726274\n|switch|p1b: Miraidon|Miraidon, L50|100/100\n|-activate|p1b: Miraidon|ability: Hadron Engine\n|turn|3\n|\n|t:|1775726290\n|-terastallize|p1b: Miraidon|Electric\n|move|p1a: Grimmsnarl|Thunder Wave|p2b: Calyrex\n|-status|p2b: Calyrex|par\n|move|p1b: Miraidon|Electro Drift|p2a: Iron Bundle\n|-supereffective|p2a: Iron Bundle\n|-damage|p2a: Iron Bundle|0 fnt\n|faint|p2a: Iron Bundle\n|-end|p2a: Iron Bundle|Quark Drive|[silent]\n|move|p2b: Calyrex|Trick Room|p2b: Calyrex\n|-fieldstart|move: Trick Room|[of] p2b: Calyrex\n|\n|upkeep\n|\n|t:|1775726298\n|switch|p2a: Incineroar|Incineroar, L50, M, shiny|100/100\n|-ability|p2a: Incineroar|Intimidate|boost\n|-unboost|p1a: Grimmsnarl|atk|1\n|-unboost|p1b: Miraidon|atk|1\n|turn|4\n|\n|t:|1775726309\n|move|p2a: Incineroar|Fake Out|p1b: Miraidon\n|-damage|p1b: Miraidon|87/100\n|move|p1a: Grimmsnarl|Reflect|p1a: Grimmsnarl\n|-sidestart|p1: gonzalommozo|Reflect\n|move|p2b: Calyrex|Glacial Lance|p1a: Grimmsnarl|[spread] p1a,p1b\n|-damage|p1a: Grimmsnarl|0 fnt\n|-damage|p1b: Miraidon|49/100\n|faint|p1a: Grimmsnarl\n|-ability|p2b: Calyrex|Chilling Neigh|boost\n|-boost|p2b: Calyrex|atk|1\n|move|p1b: Miraidon|Electro Drift|p2a: Incineroar\n|-damage|p2a: Incineroar|26/100\n|\n|upkeep\n|\n|t:|1775726322\n|switch|p1a: Urshifu|Urshifu-Rapid-Strike, L50, M|100/100\n|turn|5\n|inactive|gonzalommozo has 30 seconds left.\n|inactive|yaochangzhe has 30 seconds left.\n|inactive|gonzalommozo has 20 seconds left.\n|inactive|yaochangzhe has 20 seconds left.\n|inactive|yaochangzhe has 15 seconds left.\n|inactive|yaochangzhe has 10 seconds left.\n|\n|t:|1775726368\n|-terastallize|p2a: Incineroar|Bug\n|move|p1b: Miraidon|Protect|p1b: Miraidon\n|-singleturn|p1b: Miraidon|Protect\n|move|p2b: Calyrex|Glacial Lance|p1b: Miraidon|[spread] p1a\n|-activate|p1b: Miraidon|move: Protect\n|-resisted|p1a: Urshifu\n|-damage|p1a: Urshifu|70/100\n|move|p2a: Incineroar|Flare Blitz|p1a: Urshifu\n|-resisted|p1a: Urshifu\n|-damage|p1a: Urshifu|50/100\n|-damage|p2a: Incineroar|20/100|[from] Recoil\n|move|p1a: Urshifu|Surging Strikes|p2a: Incineroar\n|-crit|p2a: Incineroar\n|-damage|p2a: Incineroar|2/100\n|-crit|p2a: Incineroar\n|-damage|p2a: Incineroar|0 fnt\n|faint|p2a: Incineroar\n|-hitcount|p2: Incineroar|2\n|\n|-fieldend|move: Electric Terrain\n|upkeep\n|turn|6\n|inactive|gonzalommozo has 30 seconds left.\n|\n|t:|1775726394\n|move|p2b: Calyrex|Glacial Lance|p1a: Urshifu|[spread] p1a,p1b\n|-resisted|p1a: Urshifu\n|-damage|p1a: Urshifu|19/100\n|-damage|p1b: Miraidon|0 fnt\n|faint|p1b: Miraidon\n|-ability|p2b: Calyrex|Chilling Neigh|boost\n|-boost|p2b: Calyrex|atk|1\n|move|p1a: Urshifu|Surging Strikes|p2b: Calyrex\n|-crit|p2b: Calyrex\n|-damage|p2b: Calyrex|89/100 par\n|-crit|p2b: Calyrex\n|-damage|p2b: Calyrex|76/100 par\n|-crit|p2b: Calyrex\n|-damage|p2b: Calyrex|64/100 par\n|-hitcount|p2b: Calyrex|3\n|\n|upkeep\n|turn|7\n|\n|t:|1775726409\n|move|p2b: Calyrex|Glacial Lance|p1a: Urshifu\n|-resisted|p1a: Urshifu\n|-damage|p1a: Urshifu|0 fnt\n|faint|p1a: Urshifu\n|\n|win|yaochangzhe\n|raw|gonzalommozo's rating: 1341 &rarr; <strong>1325</strong><br />(-16 for losing)\n|raw|yaochangzhe's rating: 1403 &rarr; <strong>1419</strong><br />(+16 for winning)\n|c|\u2606gonzalommozo|gg\n|l|\u2606gonzalommozo\n|player|p1|\n","uploadtime":1775726549,"views":8,"formatid":"gen9vgc2026regi","rating":1325,"private":0,"password":null}