{"id":"gen9vgc2026regi-2589641126","format":"[Gen 9] VGC 2026 Reg I","players":["roykeenkennedy","sheeshshane925"],"log":"|j|\u2606roykeenkennedy\n|j|\u2606sheeshshane925\n|t:|1776742073\n|gametype|doubles\n|player|p1|roykeenkennedy|102|1710\n|player|p2|sheeshshane925|chuck|1732\n|gen|9\n|tier|[Gen 9] VGC 2026 Reg I\n|rated|\n|rule|Species Clause: Limit one of each Pok\u00e9mon\n|rule|Item Clause: Limit 1 of each item\n|clearpoke\n|poke|p1|Calyrex-Ice, L50|\n|poke|p1|Annihilape, L50, F|\n|poke|p1|Grimmsnarl, L50, M|\n|poke|p1|Sinistcha-Masterpiece, L50|\n|poke|p1|Miraidon, L50|\n|poke|p1|Iron Hands, L50|\n|poke|p2|Calyrex-Ice, L50|\n|poke|p2|Miraidon, L50|\n|poke|p2|Farigiraf, L50, F|\n|poke|p2|Iron Hands, L50|\n|poke|p2|Scraggy, L50, M|\n|poke|p2|Iron Bundle, L50|\n|teampreview|4\n|\n|t:|1776742092\n|teamsize|p1|4\n|teamsize|p2|4\n|start\n|switch|p1a: Miraidon|Miraidon, L50|100/100\n|switch|p1b: Grimmsnarl|Grimmsnarl, L50, M|100/100\n|switch|p2a: Iron Bundle|Iron Bundle, L50, shiny|100/100\n|switch|p2b: Miraidon|Miraidon, L50, shiny|100/100\n|-fieldstart|move: Electric Terrain|[from] ability: Hadron Engine|[of] p1a: Miraidon\n|-activate|p2a: Iron Bundle|ability: Quark Drive\n|-start|p2a: Iron Bundle|quarkdrivespe\n|-activate|p2b: Miraidon|ability: Hadron Engine\n|turn|1\n|\n|t:|1776742110\n|-terastallize|p1a: Miraidon|Electric\n|-terastallize|p2b: Miraidon|Fairy\n|move|p1b: Grimmsnarl|Light Screen|p1b: Grimmsnarl\n|-sidestart|p1: roykeenkennedy|move: Light Screen\n|move|p2a: Iron Bundle|Icy Wind|p1b: Grimmsnarl|[spread] p1a,p1b\n|-damage|p1a: Miraidon|93/100\n|-damage|p1b: Grimmsnarl|89/100\n|-unboost|p1a: Miraidon|spe|1\n|move|p2b: Miraidon|Dazzling Gleam|p1a: Miraidon|[spread] p1a,p1b\n|-supereffective|p1b: Grimmsnarl\n|-damage|p1a: Miraidon|70/100\n|-damage|p1b: Grimmsnarl|16/100\n|-damage|p2b: Miraidon|91/100|[from] item: Life Orb\n|move|p1a: Miraidon|Snarl|p2b: Miraidon|[spread] p2a,p2b\n|-resisted|p2b: Miraidon\n|-damage|p2a: Iron Bundle|60/100\n|-damage|p2b: Miraidon|83/100\n|-unboost|p2a: Iron Bundle|spa|1\n|-unboost|p2b: Miraidon|spa|1\n|\n|upkeep\n|turn|2\n|\n|t:|1776742139\n|move|p2b: Miraidon|Protect|p2b: Miraidon\n|-singleturn|p2b: Miraidon|Protect\n|move|p1b: Grimmsnarl|Thunder Wave|p2a: Iron Bundle\n|-status|p2a: Iron Bundle|par\n|move|p2a: Iron Bundle|Icy Wind|p1b: Grimmsnarl|[spread] p1a,p1b\n|-damage|p1a: Miraidon|66/100\n|-damage|p1b: Grimmsnarl|8/100\n|-unboost|p1a: Miraidon|spe|1\n|move|p1a: Miraidon|Volt Switch|p2b: Miraidon\n|-activate|p2b: Miraidon|move: Protect\n|\n|upkeep\n|turn|3\n|inactive|Battle timer is ON: inactive players will automatically lose when time's up. (requested by roykeenkennedy)\n|\n|t:|1776742192\n|switch|p2b: Calyrex|Calyrex-Ice, L50|100/100\n|-ability|p2b: Calyrex|As One\n|-ability|p2b: Calyrex|Unnerve\n|move|p1b: Grimmsnarl|Thunder Wave|p2b: Calyrex\n|-status|p2b: Calyrex|par\n|move|p2a: Iron Bundle|Icy Wind|p1a: Miraidon|[spread] p1a\n|-miss|p2a: Iron Bundle|p1b: Grimmsnarl\n|-damage|p1a: Miraidon|61/100\n|-unboost|p1a: Miraidon|spe|1\n|move|p1a: Miraidon|Volt Switch|p2b: Calyrex\n|-damage|p2b: Calyrex|40/100 par\n|\n|t:|1776742210\n|switch|p1a: Iron Hands|Iron Hands, L50|100/100|[from] Volt Switch\n|-enditem|p1a: Iron Hands|Electric Seed\n|-boost|p1a: Iron Hands|def|1|[from] item: Electric Seed\n|-activate|p1a: Iron Hands|ability: Quark Drive\n|-start|p1a: Iron Hands|quarkdriveatk\n|\n|upkeep\n|turn|4\n|\n|t:|1776742230\n|-end|p2a: Iron Bundle|Quark Drive|[silent]\n|switch|p2a: Scraggy|Scraggy, L50, M|100/100\n|-ability|p2a: Scraggy|Intimidate|boost\n|-unboost|p1a: Iron Hands|atk|1\n|-unboost|p1b: Grimmsnarl|atk|1\n|switch|p1b: Calyrex|Calyrex-Ice, L50|100/100\n|-ability|p1b: Calyrex|As One\n|-ability|p1b: Calyrex|Unnerve\n|move|p2b: Calyrex|Protect|p2b: Calyrex\n|-singleturn|p2b: Calyrex|Protect\n|move|p1a: Iron Hands|Low Kick|p2b: Calyrex\n|-activate|p2b: Calyrex|move: Protect\n|\n|upkeep\n|turn|5\n|\n|t:|1776742247\n|move|p2a: Scraggy|Fake Out|p1a: Iron Hands\n|-damage|p1a: Iron Hands|97/100\n|move|p1b: Calyrex|Glacial Lance|p2b: Calyrex|[spread] p2a,p2b\n|-resisted|p2b: Calyrex\n|-damage|p2a: Scraggy|50/100\n|-damage|p2b: Calyrex|23/100 par\n|cant|p1a: Iron Hands|flinch\n|move|p2b: Calyrex|Trick Room|p2b: Calyrex\n|-fieldstart|move: Trick Room|[of] p2b: Calyrex\n|\n|-sideend|p1: roykeenkennedy|move: Light Screen\n|-fieldend|move: Electric Terrain\n|-end|p1a: Iron Hands|Quark Drive\n|upkeep\n|turn|6\n|\n|t:|1776742264\n|move|p2b: Calyrex|Protect|p2b: Calyrex\n|-singleturn|p2b: Calyrex|Protect\n|move|p2a: Scraggy|Coaching|p2b: Calyrex\n|-boost|p2b: Calyrex|atk|1\n|-boost|p2b: Calyrex|def|1\n|move|p1a: Iron Hands|Drain Punch|p2a: Scraggy\n|-supereffective|p2a: Scraggy\n|-damage|p2a: Scraggy|0 fnt\n|-heal|p1a: Iron Hands|100/100|[from] drain|[of] p2a: Scraggy\n|faint|p2a: Scraggy\n|move|p1b: Calyrex|Glacial Lance|p2b: Calyrex\n|-activate|p2b: Calyrex|move: Protect\n|\n|upkeep\n|\n|t:|1776742268\n|switch|p2a: Miraidon|Miraidon, L50, shiny, tera:Fairy|83/100\n|-fieldstart|move: Electric Terrain|[from] ability: Hadron Engine|[of] p2a: Miraidon\n|-activate|p1a: Iron Hands|ability: Quark Drive\n|-start|p1a: Iron Hands|quarkdrivedef\n|turn|7\n|\n|t:|1776742285\n|cant|p2b: Calyrex|par\n|move|p1a: Iron Hands|Wild Charge|p2a: Miraidon\n|-damage|p2a: Miraidon|44/100\n|-damage|p1a: Iron Hands|92/100|[from] Recoil\n|move|p1b: Calyrex|Glacial Lance|p2a: Miraidon|[spread] p2a,p2b\n|-crit|p2a: Miraidon\n|-resisted|p2b: Calyrex\n|-damage|p2a: Miraidon|0 fnt\n|-damage|p2b: Calyrex|11/100 par\n|faint|p2a: Miraidon\n|-ability|p1b: Calyrex|Chilling Neigh|boost\n|-boost|p1b: Calyrex|atk|1\n|\n|upkeep\n|-message|sheeshshane925 forfeited.\n|\n|win|roykeenkennedy\n|raw|roykeenkennedy's rating: 1710 &rarr; <strong>1731</strong><br />(+21 for winning)\n|raw|sheeshshane925's rating: 1732 &rarr; <strong>1711</strong><br />(-21 for losing)\n|l|\u2606sheeshshane925\n|player|p2|\n|j|\u2606sheeshshane925\n|player|p2|sheeshshane925|chuck|\n|l|\u2606sheeshshane925\n|player|p2|\n|l|\u2606roykeenkennedy\n|player|p1|\n","uploadtime":1776742525,"views":65,"formatid":"gen9vgc2026regi","rating":1711,"private":0,"password":null}