{"id":"gen9vgc2026regi-2521022783","format":"[Gen 9] VGC 2026 Reg I","players":["iron cornbreads","kojimuranishi"],"log":"|j|\u2606iron cornbreads\n|j|\u2606kojimuranishi\n|t:|1768713329\n|gametype|doubles\n|player|p1|iron cornbreads|n-masters3|1261\n|player|p2|kojimuranishi|169|1434\n|gen|9\n|tier|[Gen 9] VGC 2026 Reg I\n|rated|\n|rule|Species Clause: Limit one of each Pok\u00e9mon\n|rule|Item Clause: Limit 1 of each item\n|clearpoke\n|poke|p1|Reshiram, L50|\n|poke|p1|Rillaboom, L50, M|\n|poke|p1|Ogerpon-Wellspring, L50, F|\n|poke|p1|Zekrom, L50|\n|poke|p1|Iron Valiant, L50|\n|poke|p1|Chien-Pao, L50|\n|poke|p2|Miraidon, L50|\n|poke|p2|Lunala, L50|\n|poke|p2|Chien-Pao, L50|\n|poke|p2|Dragonite, L50, M|\n|poke|p2|Ursaluna, L50, F|\n|poke|p2|Urshifu-*, L50, M|\n|teampreview|4\n|inactive|Battle timer is ON: inactive players will automatically lose when time's up. (requested by kojimuranishi)\n|\n|t:|1768713347\n|teamsize|p1|4\n|teamsize|p2|4\n|start\n|switch|p1a: Zekrom|Zekrom, L50, shiny|100/100\n|switch|p1b: Iron Valiant|Iron Valiant, L50|100/100\n|switch|p2a: Dragonite|Dragonite, L50, M|100/100\n|switch|p2b: Chien-Pao|Chien-Pao, L50|100/100\n|-ability|p2b: Chien-Pao|Sword of Ruin\n|-ability|p1a: Zekrom|Teravolt\n|turn|1\n|\n|t:|1768713369\n|-terastallize|p1b: Iron Valiant|Steel\n|-terastallize|p2a: Dragonite|Normal\n|move|p1a: Zekrom|Protect|p1a: Zekrom\n|-singleturn|p1a: Zekrom|Protect\n|move|p2a: Dragonite|Extreme Speed|p1b: Iron Valiant\n|-resisted|p1b: Iron Valiant\n|-damage|p1b: Iron Valiant|47/100\n|move|p2b: Chien-Pao|Ice Spinner|p1a: Zekrom\n|-activate|p1a: Zekrom|move: Protect\n|move|p1b: Iron Valiant|Icy Wind|p2a: Dragonite|[spread] p2a,p2b\n|-resisted|p2b: Chien-Pao\n|-crit|p2b: Chien-Pao\n|-damage|p2a: Dragonite|96/100\n|-damage|p2b: Chien-Pao|88/100\n|-unboost|p2a: Dragonite|spe|1\n|-unboost|p2b: Chien-Pao|spe|1\n|\n|upkeep\n|turn|2\n|inactive|iron cornbreads has 30 seconds left.\n|\n|t:|1768713396\n|move|p2a: Dragonite|Extreme Speed|p1a: Zekrom\n|-damage|p1a: Zekrom|17/100\n|move|p2b: Chien-Pao|Sucker Punch||[still]\n|-fail|p2b: Chien-Pao\n|move|p1b: Iron Valiant|Coaching|p1a: Zekrom\n|-boost|p1a: Zekrom|atk|1\n|-boost|p1a: Zekrom|def|1\n|move|p1a: Zekrom|Fusion Bolt|p2a: Dragonite\n|-damage|p2a: Dragonite|0 fnt\n|faint|p2a: Dragonite\n|\n|upkeep\n|\n|t:|1768713412\n|switch|p2a: Miraidon|Miraidon, L50|100/100\n|-fieldstart|move: Electric Terrain|[from] ability: Hadron Engine|[of] p2a: Miraidon\n|-activate|p1b: Iron Valiant|ability: Quark Drive\n|-start|p1b: Iron Valiant|quarkdrivespe\n|turn|3\n|inactive|iron cornbreads has 30 seconds left.\n|inactive|iron cornbreads has 20 seconds left.\n|\n|t:|1768713450\n|-end|p1b: Iron Valiant|Quark Drive|[silent]\n|switch|p1b: Chien-Pao|Chien-Pao, L50|100/100\n|-ability|p1b: Chien-Pao|Sword of Ruin\n|move|p1a: Zekrom|Protect|p1a: Zekrom\n|-singleturn|p1a: Zekrom|Protect\n|move|p2b: Chien-Pao|Sucker Punch||[still]\n|-fail|p2b: Chien-Pao\n|move|p2a: Miraidon|Volt Switch|p1b: Chien-Pao\n|-enditem|p1b: Chien-Pao|Focus Sash\n|-damage|p1b: Chien-Pao|1/100\n|\n|t:|1768713462\n|switch|p2a: Lunala|Lunala, L50|100/100|[from] Volt Switch\n|\n|upkeep\n|turn|4\n|\n|t:|1768713481\n|move|p2b: Chien-Pao|Sucker Punch|p1a: Zekrom\n|-damage|p1a: Zekrom|0 fnt\n|faint|p1a: Zekrom\n|-damage|p2b: Chien-Pao|78/100|[from] item: Life Orb\n|move|p1b: Chien-Pao|Crunch|p2a: Lunala\n|-supereffective|p2a: Lunala\n|-damage|p2a: Lunala|19/100\n|move|p2a: Lunala|Moonblast|p1b: Chien-Pao\n|-supereffective|p1b: Chien-Pao\n|-damage|p1b: Chien-Pao|0 fnt\n|faint|p1b: Chien-Pao\n|\n|upkeep\n|\n|t:|1768713488\n|switch|p1b: Iron Valiant|Iron Valiant, L50, tera:Steel|47/100\n|switch|p1a: Reshiram|Reshiram, L50, shiny|100/100\n|-ability|p1a: Reshiram|Turboblaze\n|-activate|p1b: Iron Valiant|ability: Quark Drive\n|-start|p1b: Iron Valiant|quarkdrivespe\n|turn|5\n|inactive|iron cornbreads has 30 seconds left.\n|inactive|iron cornbreads has 20 seconds left.\n|inactive|iron cornbreads has 15 seconds left.\n|inactive|iron cornbreads has 10 seconds left.\n|\n|t:|1768713535\n|move|p2b: Chien-Pao|Protect|p2b: Chien-Pao\n|-singleturn|p2b: Chien-Pao|Protect\n|move|p1b: Iron Valiant|Moonblast|p2a: Lunala\n|-damage|p2a: Lunala|0 fnt\n|faint|p2a: Lunala\n|move|p1a: Reshiram|Fusion Flare|p2b: Chien-Pao\n|-activate|p2b: Chien-Pao|move: Protect\n|\n|upkeep\n|\n|t:|1768713547\n|switch|p2a: Miraidon|Miraidon, L50|100/100\n|-activate|p2a: Miraidon|ability: Hadron Engine\n|turn|6\n|\n|t:|1768713556\n|move|p1b: Iron Valiant|Wide Guard|p1b: Iron Valiant\n|-singleturn|p1b: Iron Valiant|Wide Guard\n|move|p2b: Chien-Pao|Sucker Punch||[still]\n|-fail|p2b: Chien-Pao\n|move|p2a: Miraidon|Draco Meteor|p1a: Reshiram\n|-supereffective|p1a: Reshiram\n|-damage|p1a: Reshiram|0 fnt\n|-unboost|p2a: Miraidon|spa|2\n|faint|p1a: Reshiram\n|\n|upkeep\n|turn|7\n|-message|iron cornbreads forfeited.\n|\n|win|kojimuranishi\n|raw|iron cornbreads's rating: 1261 &rarr; <strong>1248</strong><br />(-13 for losing)\n|raw|kojimuranishi's rating: 1434 &rarr; <strong>1445</strong><br />(+11 for winning)\n|l|\u2606iron cornbreads\n|player|p1|\n|l|\u2606kojimuranishi\n|player|p2|\n","uploadtime":1768713786,"views":15,"formatid":"gen9vgc2026regi","rating":1248,"private":0,"password":null}