{"id":"gen9vgc2026regi-2587267355","format":"[Gen 9] VGC 2026 Reg I","players":["wilhelmbilliam2","SycrasisEU"],"log":"|j|\u2606wilhelmbilliam2\n|j|\u2606SycrasisEU\n|t:|1776516375\n|gametype|doubles\n|player|p1|wilhelmbilliam2|101|1292\n|player|p2|SycrasisEU|palmer|1395\n|gen|9\n|tier|[Gen 9] VGC 2026 Reg I\n|rated|\n|rule|Species Clause: Limit one of each Pok\u00e9mon\n|rule|Item Clause: Limit 1 of each item\n|clearpoke\n|poke|p1|Kyogre, L50|\n|poke|p1|Pelipper, L50, F|\n|poke|p1|Archaludon, L50, M|\n|poke|p1|Raichu, L50, M|\n|poke|p1|Calyrex-Ice, L50|\n|poke|p1|Ninetales-Alola, L50, F|\n|poke|p2|Koraidon, L50|\n|poke|p2|Ho-Oh, L50|\n|poke|p2|Roaring Moon, L50|\n|poke|p2|Chien-Pao, L50|\n|poke|p2|Amoonguss, L50, M|\n|poke|p2|Incineroar, L50, F|\n|teampreview|4\n|inactive|Battle timer is ON: inactive players will automatically lose when time's up. (requested by SycrasisEU)\nSycrasisEU has agreed to open team sheets.\n|\n|t:|1776516433\n|teamsize|p1|4\n|teamsize|p2|4\n|start\n|switch|p1a: Pelipper|Pelipper, L50, F|100/100\n|switch|p1b: Archaludon|Archaludon, L50, M|100/100\n|switch|p2a: Roaring Moon|Roaring Moon, L50|100/100\n|switch|p2b: Amoonguss|Amoonguss, L50, M, shiny|100/100\n|-weather|RainDance|[from] ability: Drizzle|[of] p1a: Pelipper\n|-enditem|p2a: Roaring Moon|Booster Energy\n|-activate|p2a: Roaring Moon|ability: Protosynthesis|[fromitem]\n|-start|p2a: Roaring Moon|protosynthesisspe\n|turn|1\n|inactive|wilhelmbilliam2 has 30 seconds left.\n|inactive|wilhelmbilliam2 has 20 seconds left.\n|inactive|wilhelmbilliam2 has 15 seconds left.\n|inactive|wilhelmbilliam2 has 10 seconds left.\n|inactive|wilhelmbilliam2 has 5 seconds left.\n|\n|t:|1776516484\n|switch|p2b: Koraidon|Koraidon, L50|100/100\n|-weather|SunnyDay|[from] ability: Orichalcum Pulse|[of] p2b: Koraidon\n|-activate|p2b: Koraidon|Orichalcum Pulse|[source]\n|move|p2a: Roaring Moon|Tailwind|p2a: Roaring Moon\n|-sidestart|p2: SycrasisEU|move: Tailwind\n|move|p1a: Pelipper|Tailwind|p1a: Pelipper\n|-sidestart|p1: wilhelmbilliam2|move: Tailwind\n|move|p1b: Archaludon|Electro Shot||[still]\n|-prepare|p1b: Archaludon|Electro Shot\n|-boost|p1b: Archaludon|spa|1\n|\n|-weather|SunnyDay|[upkeep]\n|upkeep\n|turn|2\n|inactive|SycrasisEU has 30 seconds left.\n|\n|t:|1776516509\n|switch|p1a: Kyogre|Kyogre, L50|100/100\n|-weather|RainDance|[from] ability: Drizzle|[of] p1a: Kyogre\n|move|p2a: Roaring Moon|Knock Off|p1a: Kyogre\n|-damage|p1a: Kyogre|46/100\n|-enditem|p1a: Kyogre|Choice Scarf|[from] move: Knock Off|[of] p2a: Roaring Moon\n|move|p2b: Koraidon|Collision Course|p1b: Archaludon\n|-supereffective|p1b: Archaludon\n|-damage|p1b: Archaludon|0 fnt\n|faint|p1b: Archaludon\n|\n|-weather|RainDance|[upkeep]\n|upkeep\n|\n|t:|1776516531\n|switch|p1b: Raichu|Raichu, L50, M|100/100\n|turn|3\n|\n|t:|1776516543\n|switch|p2b: Amoonguss|Amoonguss, L50, M, shiny|100/100\n|move|p2a: Roaring Moon|Protect|p2a: Roaring Moon\n|-singleturn|p2a: Roaring Moon|Protect\n|move|p1b: Raichu|Fake Out|p2a: Roaring Moon\n|-activate|p2a: Roaring Moon|move: Protect\n|move|p1a: Kyogre|Origin Pulse|p2a: Roaring Moon|[spread] p2b\n|-activate|p2a: Roaring Moon|move: Protect\n|-resisted|p2b: Amoonguss\n|-damage|p2b: Amoonguss|76/100\n|\n|-weather|RainDance|[upkeep]\n|upkeep\n|turn|4\n|inactive|SycrasisEU has 30 seconds left.\n|inactive|SycrasisEU has 20 seconds left.\n|\n|t:|1776516581\n|switch|p1a: Pelipper|Pelipper, L50, F|100/100\n|move|p2a: Roaring Moon|Knock Off|p1b: Raichu\n|-enditem|p1b: Raichu|Focus Sash\n|-damage|p1b: Raichu|1/100\n|move|p1b: Raichu|Thunder|p2a: Roaring Moon\n|-resisted|p2a: Roaring Moon\n|-crit|p2a: Roaring Moon\n|-damage|p2a: Roaring Moon|68/100\n|move|p2b: Amoonguss|Spore|p1a: Pelipper\n|-status|p1a: Pelipper|slp|[from] move: Spore\n|\n|-weather|RainDance|[upkeep]\n|-sideend|p2: SycrasisEU|move: Tailwind\n|-sideend|p1: wilhelmbilliam2|move: Tailwind\n|upkeep\n|turn|5\n|\n|t:|1776516603\n|move|p2a: Roaring Moon|Tailwind|p2a: Roaring Moon\n|-sidestart|p2: SycrasisEU|move: Tailwind\n|move|p1b: Raichu|Nuzzle|p2a: Roaring Moon\n|-resisted|p2a: Roaring Moon\n|-crit|p2a: Roaring Moon\n|-damage|p2a: Roaring Moon|62/100\n|-status|p2a: Roaring Moon|par\n|cant|p1a: Pelipper|slp\n|move|p2b: Amoonguss|Sludge Bomb|p1b: Raichu\n|-damage|p1b: Raichu|0 fnt\n|faint|p1b: Raichu\n|\n|-weather|RainDance|[upkeep]\n|upkeep\n|\n|t:|1776516614\n|switch|p1b: Kyogre|Kyogre, L50|46/100\n|turn|6\n|\n|t:|1776516625\n|cant|p2a: Roaring Moon|par\n|move|p1b: Kyogre|Blizzard|p2a: Roaring Moon|[spread] p2a,p2b\n|-supereffective|p2a: Roaring Moon\n|-supereffective|p2b: Amoonguss\n|-damage|p2a: Roaring Moon|5/100 par\n|-damage|p2b: Amoonguss|30/100\n|cant|p1a: Pelipper|slp\n|move|p2b: Amoonguss|Spore|p1b: Kyogre\n|-status|p1b: Kyogre|slp|[from] move: Spore\n|\n|-weather|none\n|upkeep\n|turn|7\n|\n|t:|1776516638\n|switch|p2b: Koraidon|Koraidon, L50|100/100\n|-weather|SunnyDay|[from] ability: Orichalcum Pulse|[of] p2b: Koraidon\n|-activate|p2b: Koraidon|Orichalcum Pulse|[source]\n|move|p2a: Roaring Moon|Knock Off|p1a: Pelipper\n|-damage|p1a: Pelipper|48/100 slp\n|-enditem|p1a: Pelipper|Covert Cloak|[from] move: Knock Off|[of] p2a: Roaring Moon\n|cant|p1b: Kyogre|slp\n|cant|p1a: Pelipper|slp\n|\n|-weather|SunnyDay|[upkeep]\n|upkeep\n|turn|8\n|inactive|SycrasisEU has 30 seconds left.\n|inactive|SycrasisEU has 20 seconds left.\n|\n|t:|1776516676\n|-terastallize|p1b: Kyogre|Grass\n|move|p2b: Koraidon|Collision Course|p1b: Kyogre\n|-damage|p1b: Kyogre|0 fnt\n|faint|p1b: Kyogre\n|move|p2a: Roaring Moon|Knock Off|p1a: Pelipper\n|-damage|p1a: Pelipper|6/100 slp\n|-curestatus|p1a: Pelipper|slp|[msg]\n|move|p1a: Pelipper|Blizzard|p2a: Roaring Moon|[spread] p2a,p2b\n|-supereffective|p2a: Roaring Moon\n|-supereffective|p2b: Koraidon\n|-damage|p2a: Roaring Moon|0 fnt\n|-damage|p2b: Koraidon|66/100\n|faint|p2a: Roaring Moon\n|-end|p2a: Roaring Moon|Protosynthesis|[silent]\n|\n|-weather|SunnyDay|[upkeep]\n|-sideend|p2: SycrasisEU|move: Tailwind\n|upkeep\n|\n|t:|1776516695\n|switch|p2a: Incineroar|Incineroar, L50, F, shiny|100/100\n|-ability|p2a: Incineroar|Intimidate|boost\n|-unboost|p1a: Pelipper|atk|1\n|turn|9\n|\n|t:|1776516701\n|move|p2a: Incineroar|Fake Out|p1a: Pelipper\n|-damage|p1a: Pelipper|0 fnt\n|faint|p1a: Pelipper\n|\n|win|SycrasisEU\n|raw|wilhelmbilliam2's rating: 1292 &rarr; <strong>1274</strong><br />(-18 for losing)\n|raw|SycrasisEU's rating: 1395 &rarr; <strong>1409</strong><br />(+14 for winning)\n|l|\u2606SycrasisEU\n|player|p2|\n","uploadtime":1776516871,"views":11,"formatid":"gen9vgc2026regi","rating":1274,"private":0,"password":null}