{"id":"gen9vgc2026regi-2546715734","format":"[Gen 9] VGC 2026 Reg I","players":["circleming","fogdocker"],"log":"|j|\u2606circleming\n|j|\u2606fogdocker\n|t:|1771998728\n|gametype|doubles\n|player|p1|circleming|170|1378\n|player|p2|fogdocker|265|1467\n|gen|9\n|tier|[Gen 9] VGC 2026 Reg I\n|rated|\n|rule|Species Clause: Limit one of each Pok\u00e9mon\n|rule|Item Clause: Limit 1 of each item\n|clearpoke\n|poke|p1|Calyrex-Shadow, L50|\n|poke|p1|Zamazenta-*, L50|\n|poke|p1|Rillaboom, L50, F|\n|poke|p1|Clefairy, L50, M|\n|poke|p1|Smeargle, L50, F|\n|poke|p1|Tornadus, L50, M|\n|poke|p2|Calyrex-Ice, L50|\n|poke|p2|Koraidon, L50|\n|poke|p2|Flutter Mane, L50|\n|poke|p2|Incineroar, L50, F|\n|poke|p2|Rillaboom, L50, M|\n|poke|p2|Volcarona, L50, M|\n|teampreview|4\n|inactive|Battle timer is ON: inactive players will automatically lose when time's up. (requested by circleming)\n|inactive|fogdocker has 60 seconds left.\n|\n|t:|1771998786\n|teamsize|p1|4\n|teamsize|p2|4\n|start\n|switch|p1a: Calyrex|Calyrex-Shadow, L50|100/100\n|switch|p1b: Clefairy|Clefairy, L50, M, shiny|100/100\n|switch|p2a: Flutter Mane|Flutter Mane, L50|100/100\n|switch|p2b: Koraidon|Koraidon, L50|100/100\n|-ability|p1a: Calyrex|As One\n|-ability|p1a: Calyrex|Unnerve\n|-weather|SunnyDay|[from] ability: Orichalcum Pulse|[of] p2b: Koraidon\n|-activate|p2a: Flutter Mane|ability: Protosynthesis\n|-start|p2a: Flutter Mane|protosynthesisspe\n|-activate|p2b: Koraidon|Orichalcum Pulse|[source]\n|turn|1\n|inactive|fogdocker has 30 seconds left.\n|\n|t:|1771998818\n|-terastallize|p2a: Flutter Mane|Normal\n|move|p1a: Calyrex|Protect|p1a: Calyrex\n|-singleturn|p1a: Calyrex|Protect\n|move|p1b: Clefairy|Protect|p1b: Clefairy\n|-singleturn|p1b: Clefairy|Protect\n|move|p2a: Flutter Mane|Icy Wind|p1b: Clefairy|[spread] \n|-activate|p1a: Calyrex|move: Protect\n|-activate|p1b: Clefairy|move: Protect\n|move|p2b: Koraidon|Flare Blitz|p1b: Clefairy\n|-activate|p1b: Clefairy|move: Protect\n|\n|-weather|SunnyDay|[upkeep]\n|upkeep\n|turn|2\n|\n|t:|1771998835\n|move|p1b: Clefairy|Follow Me|p1b: Clefairy\n|-singleturn|p1b: Clefairy|move: Follow Me\n|move|p2a: Flutter Mane|Icy Wind|p1a: Calyrex|[spread] p1a,p1b\n|-damage|p1a: Calyrex|89/100\n|-damage|p1b: Clefairy|86/100\n|-unboost|p1a: Calyrex|spe|1\n|-unboost|p1b: Clefairy|spe|1\n|move|p2b: Koraidon|Flare Blitz|p1b: Clefairy\n|-damage|p1b: Clefairy|0 fnt\n|faint|p1b: Clefairy\n|-damage|p2b: Koraidon|72/100|[from] Recoil\n|-damage|p2b: Koraidon|62/100|[from] item: Life Orb\n|move|p1a: Calyrex|Psychic|p2b: Koraidon\n|-supereffective|p2b: Koraidon\n|-damage|p2b: Koraidon|0 fnt\n|faint|p2b: Koraidon\n|-ability|p1a: Calyrex|Grim Neigh|boost\n|-boost|p1a: Calyrex|spa|1\n|-damage|p1a: Calyrex|80/100|[from] item: Life Orb\n|\n|-weather|SunnyDay|[upkeep]\n|upkeep\n|inactive|fogdocker has 30 seconds left.\n|\n|t:|1771998865\n|switch|p2b: Volcarona|Volcarona, L50, M|100/100\n|switch|p1b: Smeargle|Smeargle, L50, F, shiny|100/100\n|turn|3\n|\n|t:|1771998881\n|switch|p2b: Incineroar|Incineroar, L50, F|100/100\n|-ability|p2b: Incineroar|Intimidate|boost\n|-unboost|p1a: Calyrex|atk|1\n|-unboost|p1b: Smeargle|atk|1\n|move|p2a: Flutter Mane|Protect|p2a: Flutter Mane\n|-singleturn|p2a: Flutter Mane|Protect\n|move|p1a: Calyrex|Protect|p1a: Calyrex\n|-singleturn|p1a: Calyrex|Protect\n|move|p1b: Smeargle|Spore|p2b: Incineroar\n|-activate|p2b: Incineroar|item: Safety Goggles|Spore\n|\n|-weather|SunnyDay|[upkeep]\n|-ability|p1b: Smeargle|Moody|boost\n|-boost|p1b: Smeargle|spd|2\n|-unboost|p1b: Smeargle|spa|1\n|upkeep\n|turn|4\n|inactive|circleming has 30 seconds left.\n|inactive|circleming has 20 seconds left.\n|\n|t:|1771998918\n|-terastallize|p1b: Smeargle|Ghost\n|move|p1b: Smeargle|Follow Me|p1b: Smeargle\n|-singleturn|p1b: Smeargle|move: Follow Me\n|move|p2a: Flutter Mane|Moonblast|p1b: Smeargle\n|-damage|p1b: Smeargle|41/100\n|move|p1a: Calyrex|Psychic|p2a: Flutter Mane\n|-enditem|p2a: Flutter Mane|Focus Sash\n|-damage|p2a: Flutter Mane|1/100\n|-damage|p1a: Calyrex|70/100|[from] item: Life Orb\n|move|p2b: Incineroar|Knock Off|p1b: Smeargle\n|-supereffective|p1b: Smeargle\n|-damage|p1b: Smeargle|0 fnt\n|-enditem|p1b: Smeargle|Focus Sash|[from] move: Knock Off|[of] p2b: Incineroar\n|faint|p1b: Smeargle\n|\n|-weather|SunnyDay|[upkeep]\n|upkeep\n|\n|t:|1771998932\n|switch|p1b: Tornadus|Tornadus, L50, M, shiny|100/100\n|turn|5\n|inactive|fogdocker has 30 seconds left.\n|inactive|fogdocker has 20 seconds left.\n|inactive|fogdocker has 15 seconds left.\n|\n|t:|1771998974\n|move|p1a: Calyrex|Protect|p1a: Calyrex\n|-singleturn|p1a: Calyrex|Protect\n|move|p2a: Flutter Mane|Moonblast|p1b: Tornadus\n|-damage|p1b: Tornadus|50/100\n|move|p1b: Tornadus|Bleakwind Storm|p2b: Incineroar|[spread] p2a,p2b\n|-damage|p2a: Flutter Mane|0 fnt\n|-damage|p2b: Incineroar|71/100\n|-unboost|p2b: Incineroar|spe|1\n|faint|p2a: Flutter Mane\n|-end|p2a: Flutter Mane|Protosynthesis|[silent]\n|move|p2b: Incineroar|Knock Off|p1a: Calyrex\n|-activate|p1a: Calyrex|move: Protect\n|\n|-weather|none\n|upkeep\n|\n|t:|1771998982\n|switch|p2a: Volcarona|Volcarona, L50, M|100/100\n|turn|6\n|\n|t:|1771999002\n|move|p1b: Tornadus|Bleakwind Storm|p2a: Volcarona|[spread] p2a,p2b\n|-supereffective|p2a: Volcarona\n|-damage|p2a: Volcarona|32/100\n|-damage|p2b: Incineroar|42/100\n|-unboost|p2a: Volcarona|spe|1\n|move|p1a: Calyrex|Astral Barrage|p2b: Incineroar|[spread] p2a,p2b\n|-resisted|p2b: Incineroar\n|-damage|p2a: Volcarona|0 fnt\n|-damage|p2b: Incineroar|0 fnt\n|faint|p2a: Volcarona\n|faint|p2b: Incineroar\n|-damage|p1a: Calyrex|61/100|[from] item: Life Orb\n|\n|win|circleming\n|raw|circleming's rating: 1378 &rarr; <strong>1403</strong><br />(+25 for winning)\n|raw|fogdocker's rating: 1467 &rarr; <strong>1442</strong><br />(-25 for losing)\n|l|\u2606fogdocker\n|player|p2|\n","uploadtime":1771999182,"views":13,"formatid":"gen9vgc2026regi","rating":1403,"private":0,"password":null}