{"id":"gen9vgc2026regi-2588122009","format":"[Gen 9] VGC 2026 Reg I","players":["JamedLiu","wasaad5"],"log":"|j|\u2606JamedLiu\n|j|\u2606wasaad5\n|t:|1776606631\n|gametype|doubles\n|player|p1|JamedLiu|1|1368\n|player|p2|wasaad5|blue|1307\n|gen|9\n|tier|[Gen 9] VGC 2026 Reg I\n|rated|\n|rule|Species Clause: Limit one of each Pok\u00e9mon\n|rule|Item Clause: Limit 1 of each item\n|clearpoke\n|poke|p1|Miraidon, L50|\n|poke|p1|Incineroar, L50, F|\n|poke|p1|Amoonguss, L50, M|\n|poke|p1|Roaring Moon, L50|\n|poke|p1|Zamazenta-*, L50|\n|poke|p1|Urshifu-*, L50, M|\n|poke|p2|Kyurem-White, L50|\n|poke|p2|Zacian-*, L50|\n|poke|p2|Sableye, L50, F|\n|poke|p2|Urshifu-*, L50, M|\n|poke|p2|Amoonguss, L50, M|\n|poke|p2|Incineroar, L50, M|\n|teampreview|4\n|inactive|Battle timer is ON: inactive players will automatically lose when time's up. (requested by JamedLiu)\n|inactive|JamedLiu has 60 seconds left.\n|\n|t:|1776606683\n|teamsize|p1|4\n|teamsize|p2|4\n|start\n|switch|p1a: Roaring Moon|Roaring Moon, L50|100/100\n|switch|p1b: Zamazenta|Zamazenta-Crowned, L50|100/100\n|switch|p2a: Kyurem|Kyurem-White, L50, shiny|100/100\n|switch|p2b: Amoonguss|Amoonguss, L50, M|100/100\n|-ability|p1b: Zamazenta|Dauntless Shield|boost\n|-boost|p1b: Zamazenta|def|1\n|-ability|p2a: Kyurem|Turboblaze\n|-enditem|p1a: Roaring Moon|Booster Energy\n|-activate|p1a: Roaring Moon|ability: Protosynthesis|[fromitem]\n|-start|p1a: Roaring Moon|protosynthesisspe\n|turn|1\n|\n|t:|1776606705\n|-terastallize|p2a: Kyurem|Fire\n|move|p2b: Amoonguss|Rage Powder|p2b: Amoonguss\n|-singleturn|p2b: Amoonguss|move: Rage Powder\n|move|p1a: Roaring Moon|Knock Off|p2b: Amoonguss\n|-damage|p2b: Amoonguss|42/100\n|-enditem|p2b: Amoonguss|Sitrus Berry|[from] move: Knock Off|[of] p1a: Roaring Moon\n|move|p1b: Zamazenta|Body Press|p2b: Amoonguss\n|-resisted|p2b: Amoonguss\n|-damage|p2b: Amoonguss|5/100\n|move|p2a: Kyurem|Fusion Flare|p1b: Zamazenta\n|-supereffective|p1b: Zamazenta\n|-damage|p1b: Zamazenta|0 fnt\n|faint|p1b: Zamazenta\n|-damage|p2a: Kyurem|91/100|[from] item: Life Orb\n|\n|upkeep\n|\n|t:|1776606716\n|switch|p1b: Miraidon|Miraidon, L50|100/100\n|-fieldstart|move: Electric Terrain|[from] ability: Hadron Engine|[of] p1b: Miraidon\n|turn|2\n|\n|t:|1776606731\n|-terastallize|p1b: Miraidon|Electric\n|move|p2a: Kyurem|Protect|p2a: Kyurem\n|-singleturn|p2a: Kyurem|Protect\n|move|p2b: Amoonguss|Protect|p2b: Amoonguss\n|-singleturn|p2b: Amoonguss|Protect\n|move|p1a: Roaring Moon|Acrobatics|p2b: Amoonguss\n|-activate|p2b: Amoonguss|move: Protect\n|move|p1b: Miraidon|Electro Drift|p2a: Kyurem\n|-activate|p2a: Kyurem|move: Protect\n|\n|upkeep\n|turn|3\n|\n|t:|1776606749\n|move|p2b: Amoonguss|Rage Powder|p2b: Amoonguss\n|-singleturn|p2b: Amoonguss|move: Rage Powder\n|move|p1a: Roaring Moon|Acrobatics|p2b: Amoonguss\n|-supereffective|p2b: Amoonguss\n|-damage|p2b: Amoonguss|0 fnt\n|faint|p2b: Amoonguss\n|move|p1b: Miraidon|Electro Drift|p2a: Kyurem\n|-damage|p2a: Kyurem|0 fnt\n|faint|p2a: Kyurem\n|\n|upkeep\n|\n|t:|1776606758\n|switch|p2a: Zacian|Zacian-Crowned, L50|100/100\n|switch|p2b: Urshifu|Urshifu-Rapid-Strike, L50, M|100/100\n|-ability|p2a: Zacian|Intrepid Sword|boost\n|-boost|p2a: Zacian|atk|1\n|turn|4\n|\n|t:|1776606770\n|move|p1a: Roaring Moon|Acrobatics|p2b: Urshifu\n|-supereffective|p2b: Urshifu\n|-damage|p2b: Urshifu|25/100\n|move|p1b: Miraidon|Electro Drift|p2a: Zacian\n|-crit|p2a: Zacian\n|-damage|p2a: Zacian|0 fnt\n|faint|p2a: Zacian\n|move|p2b: Urshifu|Surging Strikes|p1b: Miraidon\n|-crit|p1b: Miraidon\n|-damage|p1b: Miraidon|82/100\n|-crit|p1b: Miraidon\n|-damage|p1b: Miraidon|62/100\n|-crit|p1b: Miraidon\n|-damage|p1b: Miraidon|43/100\n|-hitcount|p1b: Miraidon|3\n|\n|upkeep\n|turn|5\n|-message|wasaad5 forfeited.\n|\n|win|JamedLiu\n|raw|JamedLiu's rating: 1368 &rarr; <strong>1385</strong><br />(+17 for winning)\n|raw|wasaad5's rating: 1307 &rarr; <strong>1290</strong><br />(-17 for losing)\n|l|\u2606wasaad5\n|player|p2|\n|l|\u2606JamedLiu\n|player|p1|\n","uploadtime":1776607013,"views":9,"formatid":"gen9vgc2026regi","rating":1290,"private":0,"password":null}