{"id":"gen9vgc2026regi-2567129142","format":"[Gen 9] VGC 2026 Reg I","players":["bullgod4ever","shangenb1"],"log":"|j|\u2606bullgod4ever\n|j|\u2606shangenb1\n|t:|1774451372\n|gametype|doubles\n|player|p1|bullgod4ever|266|1511\n|player|p2|shangenb1|102|1539\n|gen|9\n|tier|[Gen 9] VGC 2026 Reg I\n|rated|\n|rule|Species Clause: Limit one of each Pok\u00e9mon\n|rule|Item Clause: Limit 1 of each item\n|clearpoke\n|poke|p1|Calyrex-Ice, L50|\n|poke|p1|Miraidon, L50|\n|poke|p1|Grimmsnarl, L50, M|\n|poke|p1|Urshifu-*, L50, F|\n|poke|p1|Incineroar, L50, M|\n|poke|p1|Landorus, L50, M|\n|poke|p2|Koraidon, L50|\n|poke|p2|Lunala, L50|\n|poke|p2|Flutter Mane, L50|\n|poke|p2|Chi-Yu, L50|\n|poke|p2|Raging Bolt, L50|\n|poke|p2|Indeedee-F, L50, F|\n|teampreview|4\n|inactive|Battle timer is ON: inactive players will automatically lose when time's up. (requested by shangenb1)\n|\n|t:|1774451402\n|teamsize|p1|4\n|teamsize|p2|4\n|start\n|switch|p1a: Grimmsnarl|Grimmsnarl, L50, M|100/100\n|switch|p1b: Calyrex|Calyrex-Ice, L50|100/100\n|switch|p2a: Flutter Mane|Flutter Mane, L50|100/100\n|switch|p2b: Lunala|Lunala, L50|100/100\n|-ability|p1b: Calyrex|As One\n|-ability|p1b: Calyrex|Unnerve\n|turn|1\n|\n|t:|1774451422\n|-terastallize|p1b: Calyrex|Water\n|move|p1a: Grimmsnarl|Light Screen|p1a: Grimmsnarl\n|-sidestart|p1: bullgod4ever|move: Light Screen\n|move|p2a: Flutter Mane|Taunt|p1b: Calyrex\n|-start|p1b: Calyrex|move: Taunt\n|move|p2b: Lunala|Meteor Beam||[still]\n|-prepare|p2b: Lunala|Meteor Beam\n|-boost|p2b: Lunala|spa|1\n|-enditem|p2b: Lunala|Power Herb\n|-anim|p2b: Lunala|Meteor Beam|p1b: Calyrex\n|-damage|p1b: Calyrex|71/100\n|cant|p1b: Calyrex|move: Taunt|Leech Seed\n|\n|-heal|p1b: Calyrex|77/100|[from] item: Leftovers\n|upkeep\n|turn|2\n|\n|t:|1774451444\n|move|p1a: Grimmsnarl|Thunder Wave|p2a: Flutter Mane\n|-status|p2a: Flutter Mane|par\n|move|p2b: Lunala|Moongeist Beam|p1b: Calyrex\n|-damage|p1b: Calyrex|43/100\n|move|p2a: Flutter Mane|Moonblast|p1a: Grimmsnarl\n|-supereffective|p1a: Grimmsnarl\n|-damage|p1a: Grimmsnarl|35/100\n|move|p1b: Calyrex|Glacial Lance|p2a: Flutter Mane|[spread] p2a,p2b\n|-enditem|p2a: Flutter Mane|Focus Sash\n|-damage|p2a: Flutter Mane|1/100 par\n|-damage|p2b: Lunala|74/100\n|\n|-heal|p1b: Calyrex|48/100|[from] item: Leftovers\n|upkeep\n|turn|3\n|inactive|bullgod4ever has 30 seconds left.\n|\n|t:|1774451475\n|switch|p1b: Miraidon|Miraidon, L50|100/100\n|-fieldstart|move: Electric Terrain|[from] ability: Hadron Engine|[of] p1b: Miraidon\n|move|p1a: Grimmsnarl|Thunder Wave|p2b: Lunala\n|-status|p2b: Lunala|par\n|move|p2a: Flutter Mane|Moonblast|p1b: Miraidon\n|-supereffective|p1b: Miraidon\n|-damage|p1b: Miraidon|56/100\n|-unboost|p1b: Miraidon|spa|1\n|cant|p2b: Lunala|par\n|\n|upkeep\n|turn|4\n|inactive|shangenb1 has 30 seconds left.\n|\n|t:|1774451506\n|move|p1b: Miraidon|Volt Switch|p2a: Flutter Mane\n|-crit|p2a: Flutter Mane\n|-damage|p2a: Flutter Mane|0 fnt\n|faint|p2a: Flutter Mane\n|-end|p2a: Flutter Mane|Protosynthesis|[silent]\n|\n|t:|1774451511\n|switch|p1b: Calyrex|Calyrex-Ice, L50, tera:Water|48/100|[from] Volt Switch\n|-ability|p1b: Calyrex|As One\n|-ability|p1b: Calyrex|Unnerve\n|move|p1a: Grimmsnarl|Spirit Break|p2b: Lunala\n|-damage|p2b: Lunala|44/100 par\n|-unboost|p2b: Lunala|spa|1\n|cant|p2b: Lunala|par\n|\n|-heal|p1b: Calyrex|54/100|[from] item: Leftovers\n|upkeep\n|\n|t:|1774451526\n|switch|p2a: Koraidon|Koraidon, L50|100/100\n|-weather|SunnyDay|[from] ability: Orichalcum Pulse|[of] p2a: Koraidon\n|-activate|p2a: Koraidon|Orichalcum Pulse|[source]\n|turn|5\n|\n|t:|1774451542\n|switch|p2b: Indeedee|Indeedee-F, L50, F|100/100\n|-fieldstart|move: Psychic Terrain|[from] ability: Psychic Surge|[of] p2b: Indeedee\n|-terastallize|p2a: Koraidon|Fire\n|move|p1b: Calyrex|Protect|p1b: Calyrex\n|-singleturn|p1b: Calyrex|Protect\n|move|p1a: Grimmsnarl|Thunder Wave|p2a: Koraidon\n|-activate|p2a: Koraidon|move: Psychic Terrain\n|move|p2a: Koraidon|Collision Course|p1b: Calyrex\n|-activate|p1b: Calyrex|move: Protect\n|\n|-weather|SunnyDay|[upkeep]\n|-heal|p1b: Calyrex|60/100|[from] item: Leftovers\n|upkeep\n|turn|6\n|\n|t:|1774451565\n|move|p2b: Indeedee|Helping Hand|p2a: Koraidon\n|-singleturn|p2a: Koraidon|Helping Hand|[of] p2b: Indeedee\n|move|p1a: Grimmsnarl|Reflect|p1a: Grimmsnarl\n|-sidestart|p1: bullgod4ever|Reflect\n|move|p2a: Koraidon|Collision Course|p1b: Calyrex\n|-crit|p1b: Calyrex\n|-damage|p1b: Calyrex|0 fnt\n|faint|p1b: Calyrex\n|\n|-weather|SunnyDay|[upkeep]\n|upkeep\n|\n|t:|1774451582\n|switch|p1b: Urshifu|Urshifu-Rapid-Strike, L50, F|100/100\n|turn|7\n|\n|t:|1774451594\n|move|p2b: Indeedee|Follow Me|p2b: Indeedee\n|-singleturn|p2b: Indeedee|move: Follow Me\n|move|p2a: Koraidon|Flame Charge|p1a: Grimmsnarl\n|-damage|p1a: Grimmsnarl|0 fnt\n|-boost|p2a: Koraidon|spe|1\n|faint|p1a: Grimmsnarl\n|move|p1b: Urshifu|Surging Strikes|p2b: Indeedee\n|-crit|p2b: Indeedee\n|-damage|p2b: Indeedee|87/100\n|-damage|p1b: Urshifu|84/100|[from] item: Rocky Helmet|[of] p2b: Indeedee\n|-crit|p2b: Indeedee\n|-damage|p2b: Indeedee|73/100\n|-damage|p1b: Urshifu|68/100|[from] item: Rocky Helmet|[of] p2b: Indeedee\n|-crit|p2b: Indeedee\n|-damage|p2b: Indeedee|59/100\n|-damage|p1b: Urshifu|51/100|[from] item: Rocky Helmet|[of] p2b: Indeedee\n|-hitcount|p2b: Indeedee|3\n|\n|-weather|SunnyDay|[upkeep]\n|upkeep\n|\n|t:|1774451611\n|switch|p1a: Miraidon|Miraidon, L50|56/100\n|-fieldstart|move: Electric Terrain|[from] ability: Hadron Engine|[of] p1a: Miraidon\n|turn|8\n|\n|t:|1774451620\n|move|p2b: Indeedee|Helping Hand|p2a: Koraidon\n|-singleturn|p2a: Koraidon|Helping Hand|[of] p2b: Indeedee\n|move|p2a: Koraidon|Collision Course|p1a: Miraidon\n|-damage|p1a: Miraidon|0 fnt\n|faint|p1a: Miraidon\n|move|p1b: Urshifu|Surging Strikes|p2a: Koraidon\n|-supereffective|p2a: Koraidon\n|-crit|p2a: Koraidon\n|-damage|p2a: Koraidon|73/100\n|-supereffective|p2a: Koraidon\n|-crit|p2a: Koraidon\n|-damage|p2a: Koraidon|48/100\n|-supereffective|p2a: Koraidon\n|-crit|p2a: Koraidon\n|-damage|p2a: Koraidon|24/100\n|-hitcount|p2a: Koraidon|3\n|\n|-weather|SunnyDay|[upkeep]\n|-sideend|p1: bullgod4ever|move: Light Screen\n|upkeep\n|turn|9\n|\n|t:|1774451639\n|move|p2b: Indeedee|Follow Me|p2b: Indeedee\n|-singleturn|p2b: Indeedee|move: Follow Me\n|move|p2a: Koraidon|Collision Course|p1b: Urshifu\n|-damage|p1b: Urshifu|3/100\n|move|p1b: Urshifu|Surging Strikes|p2b: Indeedee\n|-crit|p2b: Indeedee\n|-damage|p2b: Indeedee|44/100\n|-damage|p1b: Urshifu|0 fnt|[from] item: Rocky Helmet|[of] p2b: Indeedee\n|faint|p1b: Urshifu\n|\n|win|shangenb1\n|-hitcount|p2b: Indeedee|1\n|raw|bullgod4ever's rating: 1511 &rarr; <strong>1493</strong><br />(-18 for losing)\n|raw|shangenb1's rating: 1539 &rarr; <strong>1557</strong><br />(+18 for winning)\n|c|\u2606bullgod4ever|Crit ftw gg\n|l|\u2606bullgod4ever\n|player|p1|\n|l|\u2606shangenb1\n|player|p2|\n","uploadtime":1774451665,"views":37,"formatid":"gen9vgc2026regi","rating":1493,"private":0,"password":null}