{"id":"gen9vgc2026regi-2547728142","format":"[Gen 9] VGC 2026 Reg I","players":["alexit93","jason986"],"log":"|j|\u2606alexit93\n|j|\u2606jason986\n|t:|1772126396\n|gametype|doubles\n|player|p1|alexit93|lucas-gen4pt|1355\n|player|p2|jason986|whitney|1437\n|gen|9\n|tier|[Gen 9] VGC 2026 Reg I\n|rated|\n|rule|Species Clause: Limit one of each Pok\u00e9mon\n|rule|Item Clause: Limit 1 of each item\n|clearpoke\n|poke|p1|Zamazenta-*, L50|\n|poke|p1|Chien-Pao, L50|\n|poke|p1|Miraidon, L50|\n|poke|p1|Iron Jugulis, L50|\n|poke|p1|Riolu, L50, F|\n|poke|p1|Landorus, L50, M|\n|poke|p2|Calyrex-Ice, L50|\n|poke|p2|Kyogre, L50|\n|poke|p2|Rillaboom, L50, F|\n|poke|p2|Farigiraf, L50, M|\n|poke|p2|Archaludon, L50, M|\n|poke|p2|Urshifu-*, L50, M|\n|teampreview|4\n|\n|t:|1772126431\n|teamsize|p1|4\n|teamsize|p2|4\n|start\n|switch|p1a: Miraidon|Miraidon, L50, shiny|100/100\n|switch|p1b: Riolu|Riolu, L50, F|100/100\n|switch|p2a: Calyrex|Calyrex-Ice, L50|100/100\n|switch|p2b: Rillaboom|Rillaboom, L50, F|100/100\n|-ability|p2a: Calyrex|As One\n|-ability|p2a: Calyrex|Unnerve\n|-fieldstart|move: Electric Terrain|[from] ability: Hadron Engine|[of] p1a: Miraidon\n|-fieldstart|move: Grassy Terrain|[from] ability: Grassy Surge|[of] p2b: Rillaboom\n|turn|1\n|\n|t:|1772126450\n|move|p1b: Riolu|Quick Guard|p1b: Riolu\n|-singleturn|p1b: Riolu|Quick Guard\n|move|p2b: Rillaboom|Fake Out|p1a: Miraidon\n|-activate|p1a: Miraidon|move: Quick Guard\n|move|p1a: Miraidon|Volt Switch|p2a: Calyrex\n|-damage|p2a: Calyrex|63/100\n|\n|t:|1772126456\n|switch|p1a: Zamazenta|Zamazenta-Crowned, L50, shiny|100/100|[from] Volt Switch\n|-ability|p1a: Zamazenta|Dauntless Shield|boost\n|-boost|p1a: Zamazenta|def|1\n|move|p2a: Calyrex|Trick Room|p2a: Calyrex\n|-fieldstart|move: Trick Room|[of] p2a: Calyrex\n|\n|-heal|p2a: Calyrex|69/100|[from] Grassy Terrain\n|upkeep\n|turn|2\n|\n|t:|1772126471\n|switch|p2b: Kyogre|Kyogre, L50|100/100\n|-weather|RainDance|[from] ability: Drizzle|[of] p2b: Kyogre\n|move|p1a: Zamazenta|Protect|p1a: Zamazenta\n|-singleturn|p1a: Zamazenta|Protect\n|move|p1b: Riolu|Coaching|p1a: Zamazenta\n|-boost|p1a: Zamazenta|atk|1\n|-boost|p1a: Zamazenta|def|1\n|move|p2a: Calyrex|High Horsepower|p1a: Zamazenta\n|-activate|p1a: Zamazenta|move: Protect\n|\n|-weather|RainDance|[upkeep]\n|-heal|p2a: Calyrex|74/100|[from] Grassy Terrain\n|upkeep\n|turn|3\n|\n|t:|1772126480\n|-terastallize|p2b: Kyogre|Water\n|-terastallize|p1a: Zamazenta|Dragon\n|move|p1a: Zamazenta|Wide Guard|p1a: Zamazenta\n|-singleturn|p1a: Zamazenta|Wide Guard\n|move|p1b: Riolu|Coaching|p1a: Zamazenta\n|-boost|p1a: Zamazenta|atk|1\n|-boost|p1a: Zamazenta|def|1\n|move|p2a: Calyrex|High Horsepower|p1a: Zamazenta\n|-damage|p1a: Zamazenta|91/100\n|move|p2b: Kyogre|Hydro Pump|p1a: Zamazenta\n|-resisted|p1a: Zamazenta\n|-damage|p1a: Zamazenta|24/100\n|\n|-weather|RainDance|[upkeep]\n|-heal|p2a: Calyrex|80/100|[from] Grassy Terrain\n|-heal|p1a: Zamazenta|30/100|[from] Grassy Terrain\n|upkeep\n|turn|4\n|\n|t:|1772126507\n|move|p1a: Zamazenta|Wide Guard|p1a: Zamazenta\n|-singleturn|p1a: Zamazenta|Wide Guard\n|move|p1b: Riolu|Coaching|p1a: Zamazenta\n|-boost|p1a: Zamazenta|atk|1\n|-boost|p1a: Zamazenta|def|1\n|move|p2a: Calyrex|Glacial Lance|p1b: Riolu|[spread] \n|-activate|p1a: Zamazenta|move: Wide Guard\n|-activate|p1b: Riolu|move: Wide Guard\n|move|p2b: Kyogre|Water Spout|p1a: Zamazenta|[spread] \n|-activate|p1a: Zamazenta|move: Wide Guard\n|-activate|p1b: Riolu|move: Wide Guard\n|\n|-weather|RainDance|[upkeep]\n|-heal|p2a: Calyrex|86/100|[from] Grassy Terrain\n|-heal|p1a: Zamazenta|36/100|[from] Grassy Terrain\n|upkeep\n|turn|5\n|\n|t:|1772126516\n|switch|p1b: Miraidon|Miraidon, L50, shiny|100/100\n|-fieldstart|move: Electric Terrain|[from] ability: Hadron Engine|[of] p1b: Miraidon\n|move|p1a: Zamazenta|Wide Guard|p1a: Zamazenta\n|-singleturn|p1a: Zamazenta|Wide Guard\n|move|p2a: Calyrex|Glacial Lance|p1b: Miraidon|[spread] \n|-activate|p1a: Zamazenta|move: Wide Guard\n|-activate|p1b: Miraidon|move: Wide Guard\n|move|p2b: Kyogre|Hydro Pump|p1a: Zamazenta\n|-resisted|p1a: Zamazenta\n|-crit|p1a: Zamazenta\n|-damage|p1a: Zamazenta|0 fnt\n|faint|p1a: Zamazenta\n|\n|-weather|RainDance|[upkeep]\n|-fieldend|move: Trick Room\n|upkeep\n|\n|t:|1772126520\n|switch|p1a: Landorus|Landorus, L50, M|100/100\n|turn|6\n|\n|t:|1772126530\n|switch|p2b: Rillaboom|Rillaboom, L50, F|100/100\n|-fieldstart|move: Grassy Terrain|[from] ability: Grassy Surge|[of] p2b: Rillaboom\n|move|p2a: Calyrex|Protect|p2a: Calyrex\n|-singleturn|p2a: Calyrex|Protect\n|move|p1b: Miraidon|Electro Drift|p2a: Calyrex\n|-activate|p2a: Calyrex|move: Protect\n|move|p1a: Landorus|Sandsear Storm|p2b: Rillaboom|[spread] p2b\n|-activate|p2a: Calyrex|move: Protect\n|-resisted|p2b: Rillaboom\n|-damage|p2b: Rillaboom|81/100\n|\n|-weather|none\n|-heal|p2b: Rillaboom|87/100|[from] Grassy Terrain\n|-heal|p2a: Calyrex|92/100|[from] Grassy Terrain\n|upkeep\n|turn|7\n|\n|t:|1772126543\n|move|p2b: Rillaboom|Fake Out|p1b: Miraidon\n|-damage|p1b: Miraidon|86/100\n|cant|p1b: Miraidon|flinch\n|move|p1a: Landorus|Earth Power|p2a: Calyrex\n|-damage|p2a: Calyrex|44/100\n|move|p2a: Calyrex|Trick Room|p2a: Calyrex\n|-fieldstart|move: Trick Room|[of] p2a: Calyrex\n|\n|-heal|p2a: Calyrex|50/100|[from] Grassy Terrain\n|-heal|p2b: Rillaboom|93/100|[from] Grassy Terrain\n|-heal|p1b: Miraidon|92/100|[from] Grassy Terrain\n|upkeep\n|turn|8\n|-message|alexit93 forfeited.\n|\n|win|jason986\n|raw|alexit93's rating: 1355 &rarr; <strong>1340</strong><br />(-15 for losing)\n|raw|jason986's rating: 1437 &rarr; <strong>1452</strong><br />(+15 for winning)\n|l|\u2606alexit93\n|player|p1|\n|l|\u2606jason986\n|player|p2|\n","uploadtime":1772126763,"views":18,"formatid":"gen9vgc2026regi","rating":1340,"private":0,"password":null}