{"id":"gen9vgc2026regi-2565814808","format":"[Gen 9] VGC 2026 Reg I","players":["callmerandy","It'sJustKen VGC"],"log":"|j|\u2606callmerandy\n|j|\u2606It'sJustKen VGC\n|t:|1774306904\n|gametype|doubles\n|player|p1|callmerandy|2|1347\n|player|p2|It'sJustKen VGC|1|1447\n|gen|9\n|tier|[Gen 9] VGC 2026 Reg I\n|rated|\n|rule|Species Clause: Limit one of each Pok\u00e9mon\n|rule|Item Clause: Limit 1 of each item\n|clearpoke\n|poke|p1|Incineroar, L50, M|\n|poke|p1|Landorus, L50, M|\n|poke|p1|Calyrex-Shadow, L50|\n|poke|p1|Koraidon, L50|\n|poke|p1|Brute Bonnet, L50|\n|poke|p1|Raging Bolt, L50|\n|poke|p2|Iron Hands, L50|\n|poke|p2|Incineroar, L50, F|\n|poke|p2|Calyrex-Shadow, L50|\n|poke|p2|Whimsicott, L50, F|\n|poke|p2|Farigiraf, L50, M|\n|poke|p2|Miraidon, L50|\n|teampreview|4\n|inactive|Battle timer is ON: inactive players will automatically lose when time's up. (requested by It'sJustKen VGC)\n|inactive|callmerandy has 60 seconds left.\n|\n|t:|1774306950\n|teamsize|p1|4\n|teamsize|p2|4\n|start\n|switch|p1a: Koraidon|Koraidon, L50|100/100\n|switch|p1b: Incineroar|Incineroar, L50, M|100/100\n|switch|p2a: Ferrari|Miraidon, L50, shiny|100/100\n|switch|p2b: Alpine|Whimsicott, L50, F|100/100\n|-weather|SunnyDay|[from] ability: Orichalcum Pulse|[of] p1a: Koraidon\n|-activate|p1a: Koraidon|Orichalcum Pulse|[source]\n|-fieldstart|move: Electric Terrain|[from] ability: Hadron Engine|[of] p2a: Ferrari\n|-ability|p1b: Incineroar|Intimidate|boost\n|-unboost|p2a: Ferrari|atk|1\n|-unboost|p2b: Alpine|atk|1\n|turn|1\n|inactive|callmerandy has 30 seconds left.\n|\n|t:|1774306981\n|switch|p2b: Red Bull|Incineroar, L50, F|100/100\n|-ability|p2b: Red Bull|Intimidate|boost\n|-fail|p1a: Koraidon|unboost|[from] item: Clear Amulet|[of] p1a: Koraidon\n|-unboost|p1b: Incineroar|atk|1\n|move|p1b: Incineroar|Fake Out|p2b: Red Bull\n|-damage|p2b: Red Bull|95/100\n|-damage|p1b: Incineroar|84/100|[from] item: Rocky Helmet|[of] p2b: Red Bull\n|move|p1a: Koraidon|Flame Charge|p2b: Red Bull\n|-resisted|p2b: Red Bull\n|-damage|p2b: Red Bull|82/100\n|-boost|p1a: Koraidon|spe|1\n|-damage|p1a: Koraidon|84/100|[from] item: Rocky Helmet|[of] p2b: Red Bull\n|move|p2a: Ferrari|Draco Meteor|p1b: Incineroar|[miss]\n|-miss|p2a: Ferrari|p1b: Incineroar\n|\n|-weather|SunnyDay|[upkeep]\n|upkeep\n|turn|2\n|inactive|callmerandy has 30 seconds left.\n|\n|t:|1774307012\n|switch|p2b: Alpine|Whimsicott, L50, F|100/100\n|move|p1a: Koraidon|Protect|p1a: Koraidon\n|-singleturn|p1a: Koraidon|Protect\n|move|p2a: Ferrari|Draco Meteor|p1b: Incineroar|[miss]\n|-miss|p2a: Ferrari|p1b: Incineroar\n|move|p1b: Incineroar|Parting Shot|p2a: Ferrari\n|-unboost|p2a: Ferrari|atk|1\n|-unboost|p2a: Ferrari|spa|1\n|c|\u2606callmerandy|On brand for Ferrari\n|\n|t:|1774307033\n|switch|p1b: Brute Bonnet|Brute Bonnet, L50|100/100|[from] Parting Shot\n|-activate|p1b: Brute Bonnet|ability: Protosynthesis\n|-start|p1b: Brute Bonnet|protosynthesisdef\n|\n|-weather|SunnyDay|[upkeep]\n|upkeep\n|turn|3\n|c|\u2606It'sJustKen VGC|lmao\n|inactive|callmerandy has 30 seconds left.\n|\n|t:|1774307060\n|move|p2b: Alpine|Encore|p1a: Koraidon\n|-start|p1a: Koraidon|Encore\n|move|p1a: Koraidon|Protect||[still]\n|-fail|p1a: Koraidon\n|move|p2a: Ferrari|Draco Meteor|p1b: Brute Bonnet\n|-damage|p1b: Brute Bonnet|17/100\n|-unboost|p2a: Ferrari|spa|2\n|move|p1b: Brute Bonnet|Spore|p2b: Alpine\n|-immune|p2b: Alpine\n|\n|-weather|SunnyDay|[upkeep]\n|upkeep\n|turn|4\n|inactive|It'sJustKen VGC has 30 seconds left.\n|inactive|It'sJustKen VGC has 20 seconds left.\n|\n|t:|1774307100\n|switch|p1a: Incineroar|Incineroar, L50, M|84/100\n|-ability|p1a: Incineroar|Intimidate|boost\n|-unboost|p2a: Ferrari|atk|1\n|-unboost|p2b: Alpine|atk|1\n|switch|p2a: Mercedes|Calyrex-Shadow, L50|100/100\n|-ability|p2a: Mercedes|As One\n|-ability|p2a: Mercedes|Unnerve\n|move|p1b: Brute Bonnet|Rage Powder|p1b: Brute Bonnet\n|-singleturn|p1b: Brute Bonnet|move: Rage Powder\n|move|p2b: Alpine|Moonblast|p1b: Brute Bonnet\n|-supereffective|p1b: Brute Bonnet\n|-damage|p1b: Brute Bonnet|0 fnt\n|faint|p1b: Brute Bonnet\n|-end|p1b: Brute Bonnet|Protosynthesis|[silent]\n|\n|-weather|SunnyDay|[upkeep]\n|upkeep\n|inactive|callmerandy has 30 seconds left.\n|inactive|callmerandy has 20 seconds left.\n|\n|t:|1774307138\n|switch|p1b: Calyrex|Calyrex-Shadow, L50|100/100\n|-ability|p1b: Calyrex|As One\n|-ability|p1b: Calyrex|Unnerve\n|turn|5\n|\n|t:|1774307149\n|-terastallize|p1b: Calyrex|Ghost\n|-terastallize|p2a: Mercedes|Ghost\n|move|p1a: Incineroar|Fake Out|p2b: Alpine\n|-damage|p2b: Alpine|88/100\n|move|p2b: Alpine|Tailwind|p2b: Alpine\n|-sidestart|p2: It'sJustKen VGC|move: Tailwind\n|move|p2a: Mercedes|Imprison|p2a: Mercedes\n|-start|p2a: Mercedes|move: Imprison\n|cant|p1b: Calyrex|move: Imprison|Astral Barrage\n|\n|-weather|none\n|-fieldend|move: Electric Terrain\n|upkeep\n|turn|6\n|inactive|callmerandy has 30 seconds left.\n|inactive|callmerandy has 20 seconds left.\n|inactive|callmerandy has 15 seconds left.\n|\n|t:|1774307189\n|switch|p2b: Red Bull|Incineroar, L50, F|82/100\n|-ability|p2b: Red Bull|Intimidate|boost\n|-unboost|p1a: Incineroar|atk|1\n|-unboost|p1b: Calyrex|atk|1\n|switch|p1b: Koraidon|Koraidon, L50|84/100\n|-weather|SunnyDay|[from] ability: Orichalcum Pulse|[of] p1b: Koraidon\n|-activate|p1b: Koraidon|Orichalcum Pulse|[source]\n|move|p2a: Mercedes|Astral Barrage|p1b: Koraidon|[spread] p1a,p1b\n|-resisted|p1a: Incineroar\n|-damage|p1a: Incineroar|56/100\n|-damage|p1b: Koraidon|13/100\n|move|p1a: Incineroar|Knock Off|p2a: Mercedes\n|-supereffective|p2a: Mercedes\n|-damage|p2a: Mercedes|36/100\n|-enditem|p2a: Mercedes|Focus Sash|[from] move: Knock Off|[of] p1a: Incineroar\n|\n|-weather|SunnyDay|[upkeep]\n|upkeep\n|turn|7\n|inactive|callmerandy has 30 seconds left.\n|inactive|It'sJustKen VGC has 30 seconds left.\n|inactive|callmerandy has 20 seconds left.\n|\n|t:|1774307226\n|move|p2b: Red Bull|Fake Out|p1a: Incineroar\n|-damage|p1a: Incineroar|47/100\n|-damage|p2b: Red Bull|66/100|[from] item: Rocky Helmet|[of] p1a: Incineroar\n|move|p2a: Mercedes|Astral Barrage|p1a: Incineroar|[spread] p1a,p1b\n|-resisted|p1a: Incineroar\n|-crit|p1b: Koraidon\n|-damage|p1a: Incineroar|17/100\n|-damage|p1b: Koraidon|0 fnt\n|faint|p1b: Koraidon\n|-ability|p2a: Mercedes|Grim Neigh|boost\n|-boost|p2a: Mercedes|spa|1\n|cant|p1a: Incineroar|flinch\n|\n|-weather|SunnyDay|[upkeep]\n|upkeep\n|\n|t:|1774307241\n|switch|p1b: Calyrex|Calyrex-Shadow, L50, tera:Ghost|100/100\n|-ability|p1b: Calyrex|As One\n|-ability|p1b: Calyrex|Unnerve\n|turn|8\n|\n|t:|1774307259\n|move|p2a: Mercedes|Astral Barrage|p1b: Calyrex|[spread] p1a,p1b\n|-resisted|p1a: Incineroar\n|-supereffective|p1b: Calyrex\n|-damage|p1a: Incineroar|0 fnt\n|-enditem|p1b: Calyrex|Focus Sash\n|-damage|p1b: Calyrex|1/100\n|faint|p1a: Incineroar\n|-ability|p2a: Mercedes|Grim Neigh|boost\n|-boost|p2a: Mercedes|spa|1\n|move|p1b: Calyrex|Encore|p2b: Red Bull\n|-start|p2b: Red Bull|Encore\n|move|p2b: Red Bull|Fake Out||[still]\n|-hint|Fake Out only works on your first turn out.\n|-fail|p2b: Red Bull\n|\n|-weather|SunnyDay|[upkeep]\n|-sideend|p2: It'sJustKen VGC|move: Tailwind\n|upkeep\n|turn|9\n|c|\u2606callmerandy|Gg\n|c|\u2606It'sJustKen VGC|gg wp\n|-message|callmerandy forfeited.\n|\n|win|It'sJustKen VGC\n|raw|callmerandy's rating: 1347 &rarr; <strong>1333</strong><br />(-14 for losing)\n|raw|It&apos;sJustKen VGC's rating: 1447 &rarr; <strong>1461</strong><br />(+14 for winning)\n|l|\u2606callmerandy\n|player|p1|\n","uploadtime":1774307310,"views":16,"formatid":"gen9vgc2026regi","rating":1333,"private":0,"password":null}