{"id":"gen9vgc2026regi-2567042087","format":"[Gen 9] VGC 2026 Reg I","players":["mojaaa","g0dGun"],"log":"|j|\u2606mojaaa\n|j|\u2606g0dGun\n|t:|1774444190\n|gametype|doubles\n|player|p1|mojaaa|1|1538\n|player|p2|g0dGun|blue|1559\n|gen|9\n|tier|[Gen 9] VGC 2026 Reg I\n|rated|\n|rule|Species Clause: Limit one of each Pok\u00e9mon\n|rule|Item Clause: Limit 1 of each item\n|clearpoke\n|poke|p1|Calyrex-Ice, L50|\n|poke|p1|Miraidon, L50|\n|poke|p1|Grimmsnarl, L50, M|\n|poke|p1|Volcarona, L50, M|\n|poke|p1|Rillaboom, L50, M|\n|poke|p1|Landorus, L50, M|\n|poke|p2|Hitmontop, L50, M|\n|poke|p2|Terapagos, L50, M|\n|poke|p2|Calyrex-Shadow, L50|\n|poke|p2|Ogerpon-Cornerstone, L50, F|\n|poke|p2|Whimsicott, L50, F|\n|poke|p2|Indeedee-F, L50, F|\n|teampreview|4\n|inactive|Battle timer is ON: inactive players will automatically lose when time's up. (requested by g0dGun)\n|\n|t:|1774444210\n|teamsize|p1|4\n|teamsize|p2|4\n|start\n|switch|p1a: Calyrex|Calyrex-Ice, L50|100/100\n|switch|p1b: Grimmsnarl|Grimmsnarl, L50, M|100/100\n|switch|p2a: Terapagos|Terapagos, L50, M|100/100\n|switch|p2b: Ogerpon|Ogerpon-Cornerstone, L50, F|100/100\n|-activate|p2a: Terapagos|ability: Tera Shift\n|detailschange|p2a: Terapagos|Terapagos-Terastal, L50, M\n|-heal|p2a: Terapagos|100/100|[silent]\n|-ability|p1a: Calyrex|As One\n|-ability|p1a: Calyrex|Unnerve\n|turn|1\n|inactive|mojaaa has 30 seconds left.\n|\n|t:|1774444236\n|move|p1a: Calyrex|Protect|p1a: Calyrex\n|-singleturn|p1a: Calyrex|Protect\n|move|p1b: Grimmsnarl|Light Screen|p1b: Grimmsnarl\n|-sidestart|p1: mojaaa|move: Light Screen\n|move|p2b: Ogerpon|Ivy Cudgel|p1a: Calyrex|[anim] Ivy Cudgel Rock\n|-activate|p1a: Calyrex|move: Protect\n|move|p2a: Terapagos|Tera Starstorm|p1a: Calyrex\n|-activate|p1a: Calyrex|move: Protect\n|\n|upkeep\n|turn|2\n|inactive|mojaaa has 30 seconds left.\n|\n|t:|1774444271\n|-terastallize|p1a: Calyrex|Fairy\n|move|p1b: Grimmsnarl|Parting Shot|p2a: Terapagos\n|-unboost|p2a: Terapagos|atk|1\n|-unboost|p2a: Terapagos|spa|1\n|\n|t:|1774444276\n|switch|p1b: Rillaboom|Rillaboom, L50, M|100/100|[from] Parting Shot\n|-fieldstart|move: Grassy Terrain|[from] ability: Grassy Surge|[of] p1b: Rillaboom\n|move|p2b: Ogerpon|Ivy Cudgel|p1a: Calyrex|[anim] Ivy Cudgel Rock\n|-damage|p1a: Calyrex|67/100\n|move|p2a: Terapagos|Tera Starstorm|p1a: Calyrex\n|-damage|p1a: Calyrex|51/100\n|move|p1a: Calyrex|Glacial Lance|p2a: Terapagos|[spread] p2a,p2b\n|-activate|p2a: Terapagos|ability: Tera Shell\n|-resisted|p2a: Terapagos\n|-supereffective|p2b: Ogerpon\n|-damage|p2a: Terapagos|74/100\n|-ability|p2b: Ogerpon|Sturdy\n|-damage|p2b: Ogerpon|1/100\n|\n|-heal|p2b: Ogerpon|7/100|[from] Grassy Terrain\n|-heal|p2a: Terapagos|80/100|[from] Grassy Terrain\n|-heal|p1a: Calyrex|57/100|[from] Grassy Terrain\n|upkeep\n|turn|3\n|inactive|mojaaa has 30 seconds left.\n|inactive|g0dGun has 30 seconds left.\n|inactive|mojaaa has 20 seconds left.\n|\n|t:|1774444313\n|switch|p2a: Hitmontop|Hitmontop, L50, M|100/100\n|-ability|p2a: Hitmontop|Intimidate|boost\n|-fail|p1a: Calyrex|unboost|[from] item: Clear Amulet|[of] p1a: Calyrex\n|-unboost|p1b: Rillaboom|atk|1\n|move|p2b: Ogerpon|Spiky Shield|p2b: Ogerpon\n|-singleturn|p2b: Ogerpon|move: Protect\n|move|p1b: Rillaboom|U-turn|p2a: Hitmontop\n|-resisted|p2a: Hitmontop\n|-damage|p2a: Hitmontop|91/100\n|-enditem|p2a: Hitmontop|Eject Button\n|\n|t:|1774444324\n|switch|p2a: Terapagos|Terapagos-Terastal, L50, M|80/100\n|move|p1a: Calyrex|Trick Room|p1a: Calyrex\n|-fieldstart|move: Trick Room|[of] p1a: Calyrex\n|\n|-heal|p1a: Calyrex|63/100|[from] Grassy Terrain\n|-heal|p2a: Terapagos|86/100|[from] Grassy Terrain\n|-heal|p2b: Ogerpon|13/100|[from] Grassy Terrain\n|upkeep\n|turn|4\n|\n|t:|1774444343\n|switch|p2b: Hitmontop|Hitmontop, L50, M|91/100\n|-ability|p2b: Hitmontop|Intimidate|boost\n|-fail|p1a: Calyrex|unboost|[from] item: Clear Amulet|[of] p1a: Calyrex\n|-unboost|p1b: Rillaboom|atk|1\n|move|p2a: Terapagos|Protect|p2a: Terapagos\n|-singleturn|p2a: Terapagos|Protect\n|move|p1a: Calyrex|Glacial Lance|p2b: Hitmontop|[spread] p2b\n|-activate|p2a: Terapagos|move: Protect\n|-damage|p2b: Hitmontop|25/100\n|move|p1b: Rillaboom|U-turn|p2a: Terapagos\n|-activate|p2a: Terapagos|move: Protect\n|\n|-heal|p1a: Calyrex|68/100|[from] Grassy Terrain\n|-heal|p2b: Hitmontop|31/100|[from] Grassy Terrain\n|-heal|p2a: Terapagos|92/100|[from] Grassy Terrain\n|upkeep\n|turn|5\n|\n|t:|1774444364\n|switch|p1b: Grimmsnarl|Grimmsnarl, L50, M|100/100\n|-terastallize|p2a: Terapagos|Stellar\n|detailschange|p2a: Terapagos|Terapagos-Stellar, L50, M, tera:Stellar\n|-heal|p2a: Terapagos|94/100|[silent]\n|-ability|p2a: Terapagos|Teraform Zero\n|-fieldend|move: Grassy Terrain\n|move|p1a: Calyrex|Protect|p1a: Calyrex\n|-singleturn|p1a: Calyrex|Protect\n|move|p2b: Hitmontop|Vacuum Wave|p2a: Terapagos\n|-supereffective|p2a: Terapagos\n|-damage|p2a: Terapagos|89/100\n|-enditem|p2a: Terapagos|Weakness Policy\n|-boost|p2a: Terapagos|atk|2|[from] item: Weakness Policy\n|-boost|p2a: Terapagos|spa|2|[from] item: Weakness Policy\n|move|p2a: Terapagos|Tera Starstorm|p1a: Calyrex|[spread] p1b\n|-activate|p1a: Calyrex|move: Protect\n|-damage|p1b: Grimmsnarl|36/100\n|\n|upkeep\n|turn|6\n|inactive|mojaaa has 30 seconds left.\n|\n|t:|1774444396\n|move|p2b: Hitmontop|Wide Guard|p2b: Hitmontop\n|-singleturn|p2b: Hitmontop|Wide Guard\n|move|p1b: Grimmsnarl|Parting Shot|p2a: Terapagos\n|-unboost|p2a: Terapagos|atk|1\n|-unboost|p2a: Terapagos|spa|1\n|\n|t:|1774444408\n|switch|p1b: Volcarona|Volcarona, L50, M|100/100|[from] Parting Shot\n|move|p1a: Calyrex|High Horsepower|p2a: Terapagos\n|-damage|p2a: Terapagos|63/100\n|move|p2a: Terapagos|Tera Starstorm|p1a: Calyrex|[spread] p1a,p1b\n|-supereffective|p1a: Calyrex\n|-damage|p1a: Calyrex|13/100\n|-damage|p1b: Volcarona|66/100\n|\n|-heal|p1b: Volcarona|72/100|[from] item: Leftovers\n|upkeep\n|turn|7\n|inactive|g0dGun has 30 seconds left.\n|\n|t:|1774444437\n|move|p2b: Hitmontop|Wide Guard|p2b: Hitmontop\n|-singleturn|p2b: Hitmontop|Wide Guard\n|move|p1a: Calyrex|High Horsepower|p2b: Hitmontop\n|-damage|p2b: Hitmontop|0 fnt\n|faint|p2b: Hitmontop\n|-ability|p1a: Calyrex|Chilling Neigh|boost\n|-boost|p1a: Calyrex|atk|1\n|move|p2a: Terapagos|Rock Polish|p2a: Terapagos\n|-boost|p2a: Terapagos|spe|2\n|move|p1b: Volcarona|Quiver Dance|p1b: Volcarona\n|-boost|p1b: Volcarona|spa|1\n|-boost|p1b: Volcarona|spd|1\n|-boost|p1b: Volcarona|spe|1\n|\n|-heal|p1b: Volcarona|78/100|[from] item: Leftovers\n|-fieldend|move: Trick Room\n|upkeep\n|\n|t:|1774444459\n|switch|p2b: Calyrex|Calyrex-Shadow, L50|100/100\n|-ability|p2b: Calyrex|As One\n|-ability|p2b: Calyrex|Unnerve\n|turn|8\n|\n|t:|1774444470\n|move|p2a: Terapagos|Tera Starstorm|p1b: Volcarona|[spread] p1a,p1b\n|-supereffective|p1a: Calyrex\n|-damage|p1a: Calyrex|0 fnt\n|-damage|p1b: Volcarona|53/100\n|faint|p1a: Calyrex\n|move|p1b: Volcarona|Struggle Bug|p2a: Terapagos|[spread] p2a,p2b\n|-damage|p2a: Terapagos|46/100\n|-damage|p2b: Calyrex|72/100\n|-unboost|p2a: Terapagos|spa|1\n|-unboost|p2b: Calyrex|spa|1\n|move|p2b: Calyrex|Astral Barrage|p1b: Volcarona\n|-damage|p1b: Volcarona|33/100\n|\n|-heal|p1b: Volcarona|39/100|[from] item: Leftovers\n|-sideend|p1: mojaaa|move: Light Screen\n|upkeep\n|\n|t:|1774444494\n|switch|p1a: Grimmsnarl|Grimmsnarl, L50, M|36/100\n|turn|9\n|\n|t:|1774444511\n|move|p1a: Grimmsnarl|Light Screen|p1a: Grimmsnarl\n|-sidestart|p1: mojaaa|move: Light Screen\n|move|p2a: Terapagos|Tera Starstorm|p1a: Grimmsnarl|[spread] p1a,p1b\n|-damage|p1a: Grimmsnarl|6/100\n|-damage|p1b: Volcarona|24/100\n|move|p1b: Volcarona|Struggle Bug|p2a: Terapagos|[spread] p2a,p2b\n|-crit|p2a: Terapagos\n|-damage|p2a: Terapagos|21/100\n|-damage|p2b: Calyrex|48/100\n|-unboost|p2a: Terapagos|spa|1\n|-unboost|p2b: Calyrex|spa|1\n|move|p2b: Calyrex|Astral Barrage|p1b: Volcarona|[spread] p1a,p1b\n|-resisted|p1a: Grimmsnarl\n|-damage|p1a: Grimmsnarl|0 fnt\n|-damage|p1b: Volcarona|13/100\n|faint|p1a: Grimmsnarl\n|-ability|p2b: Calyrex|Grim Neigh|boost\n|-boost|p2b: Calyrex|spa|1\n|\n|-heal|p1b: Volcarona|19/100|[from] item: Leftovers\n|upkeep\n|\n|t:|1774444530\n|switch|p1a: Rillaboom|Rillaboom, L50, M|100/100\n|-fieldstart|move: Grassy Terrain|[from] ability: Grassy Surge|[of] p1a: Rillaboom\n|turn|10\n|\n|t:|1774444539\n|move|p1a: Rillaboom|Fake Out|p2a: Terapagos\n|-damage|p2a: Terapagos|11/100\n|cant|p2a: Terapagos|flinch\n|move|p1b: Volcarona|Fiery Dance|p2b: Calyrex\n|-damage|p2b: Calyrex|0 fnt\n|faint|p2b: Calyrex\n|\n|-heal|p2a: Terapagos|17/100|[from] Grassy Terrain\n|-heal|p1b: Volcarona|25/100|[from] Grassy Terrain\n|-heal|p1b: Volcarona|32/100|[from] item: Leftovers\n|upkeep\n|\n|t:|1774444552\n|switch|p2b: Ogerpon|Ogerpon-Cornerstone, L50, F|13/100\n|turn|11\n|\n|t:|1774444557\n|move|p2b: Ogerpon|Follow Me|p2b: Ogerpon\n|-singleturn|p2b: Ogerpon|move: Follow Me\n|move|p1a: Rillaboom|Grassy Glide|p2b: Ogerpon\n|-damage|p2b: Ogerpon|0 fnt\n|faint|p2b: Ogerpon\n|move|p2a: Terapagos|Earth Power|p1b: Volcarona\n|-damage|p1b: Volcarona|21/100\n|move|p1b: Volcarona|Struggle Bug|p2a: Terapagos\n|-damage|p2a: Terapagos|0 fnt\n|faint|p2a: Terapagos\n|detailschange|p2: Terapagos|Terapagos, L50, M|[silent]\n|\n|win|mojaaa\n|raw|mojaaa's rating: 1538 &rarr; <strong>1559</strong><br />(+21 for winning)\n|raw|g0dGun's rating: 1559 &rarr; <strong>1538</strong><br />(-21 for losing)\n|l|\u2606g0dGun\n|player|p2|\n|l|\u2606mojaaa\n|player|p1|\n","uploadtime":1774444773,"views":19,"formatid":"gen9vgc2026regi","rating":1538,"private":0,"password":null}