{"id":"gen9vgc2026regi-2561735780","format":"[Gen 9] VGC 2026 Reg I","players":["dasabe\u76d6\u6b27\u5361\u4fa0","Realfrytki"],"log":"|j|\u2606dasabe\u76d6\u6b27\u5361\u4fa0\n|j|\u2606Realfrytki\n|t:|1773838565\n|gametype|doubles\n|player|p1|dasabe\u76d6\u6b27\u5361\u4fa0|may-masters4|1605\n|player|p2|Realfrytki|veteranf|1581\n|gen|9\n|tier|[Gen 9] VGC 2026 Reg I\n|rated|\n|rule|Species Clause: Limit one of each Pok\u00e9mon\n|rule|Item Clause: Limit 1 of each item\n|clearpoke\n|poke|p1|Kyogre, L50|\n|poke|p1|Miraidon, L50|\n|poke|p1|Whimsicott, L50, F|\n|poke|p1|Iron Hands, L50|\n|poke|p1|Farigiraf, L50, F|\n|poke|p1|Urshifu-*, L50, M|\n|poke|p2|Terapagos, L50, M|\n|poke|p2|Grimmsnarl, L50, M|\n|poke|p2|Volcarona, L50, M|\n|poke|p2|Miraidon, L50|\n|poke|p2|Iron Hands, L50|\n|poke|p2|Amoonguss, L50, M|\n|teampreview|4\n|\n|t:|1773838578\n|teamsize|p1|4\n|teamsize|p2|4\n|start\n|switch|p1a: \u5996\u820d\u7cbe\u62c9|Whimsicott, L50, F, shiny|100/100\n|switch|p1b: \u94f6\u91d1\u5996\u86c7|Miraidon, L50, shiny|100/100\n|switch|p2a: Grimmsnarl|Grimmsnarl, L50, M|100/100\n|switch|p2b: Terapagos|Terapagos, L50, M|100/100\n|-activate|p2b: Terapagos|ability: Tera Shift\n|detailschange|p2b: Terapagos|Terapagos-Terastal, L50, M\n|-heal|p2b: Terapagos|100/100|[silent]\n|-fieldstart|move: Electric Terrain|[from] ability: Hadron Engine|[of] p1b: \u94f6\u91d1\u5996\u86c7\n|turn|1\n|\n|t:|1773838591\n|move|p2a: Grimmsnarl|Fake Out|p1b: \u94f6\u91d1\u5996\u86c7\n|-damage|p1b: \u94f6\u91d1\u5996\u86c7|90/100\n|move|p1a: \u5996\u820d\u7cbe\u62c9|Moonblast|p2a: Grimmsnarl\n|-supereffective|p2a: Grimmsnarl\n|-damage|p2a: Grimmsnarl|37/100\n|cant|p1b: \u94f6\u91d1\u5996\u86c7|flinch\n|move|p2b: Terapagos|Tera Starstorm|p1b: \u94f6\u91d1\u5996\u86c7\n|-damage|p1b: \u94f6\u91d1\u5996\u86c7|16/100\n|\n|upkeep\n|turn|2\n|\n|t:|1773838605\n|move|p1b: \u94f6\u91d1\u5996\u86c7|Protect|p1b: \u94f6\u91d1\u5996\u86c7\n|-singleturn|p1b: \u94f6\u91d1\u5996\u86c7|Protect\n|move|p2a: Grimmsnarl|Fake Tears|p1a: \u5996\u820d\u7cbe\u62c9\n|-unboost|p1a: \u5996\u820d\u7cbe\u62c9|spd|2\n|move|p1a: \u5996\u820d\u7cbe\u62c9|Moonblast|p2a: Grimmsnarl\n|-supereffective|p2a: Grimmsnarl\n|-damage|p2a: Grimmsnarl|0 fnt\n|faint|p2a: Grimmsnarl\n|move|p2b: Terapagos|Tera Starstorm|p1a: \u5996\u820d\u7cbe\u62c9\n|-enditem|p1a: \u5996\u820d\u7cbe\u62c9|Focus Sash\n|-damage|p1a: \u5996\u820d\u7cbe\u62c9|1/100\n|\n|upkeep\n|\n|t:|1773838617\n|switch|p2a: Iron Hands|Iron Hands, L50|100/100\n|-activate|p2a: Iron Hands|ability: Quark Drive\n|-start|p2a: Iron Hands|quarkdriveatk\n|turn|3\n|\n|t:|1773838624\n|switch|p1b: \u5c0f\u5934\u63a7\u5927\u5934|Farigiraf, L50, F, shiny|100/100\n|-enditem|p1b: \u5c0f\u5934\u63a7\u5927\u5934|Electric Seed\n|-boost|p1b: \u5c0f\u5934\u63a7\u5927\u5934|def|1|[from] item: Electric Seed\n|move|p2a: Iron Hands|Fake Out||[still]\n|cant|p1b: \u5c0f\u5934\u63a7\u5927\u5934|ability: Armor Tail|Fake Out|[of] p2a: Iron Hands\n|move|p1a: \u5996\u820d\u7cbe\u62c9|Endeavor|p2b: Terapagos\n|-damage|p2b: Terapagos|1/100\n|move|p2b: Terapagos|Tera Starstorm|p1b: \u5c0f\u5934\u63a7\u5927\u5934\n|-damage|p1b: \u5c0f\u5934\u63a7\u5927\u5934|24/100\n|\n|upkeep\n|turn|4\n|\n|t:|1773838648\n|move|p1a: \u5996\u820d\u7cbe\u62c9|Moonblast|p2b: Terapagos\n|-damage|p2b: Terapagos|0 fnt\n|faint|p2b: Terapagos\n|move|p2a: Iron Hands|Brick Break|p1a: \u5996\u820d\u7cbe\u62c9\n|-resisted|p1a: \u5996\u820d\u7cbe\u62c9\n|-damage|p1a: \u5996\u820d\u7cbe\u62c9|0 fnt\n|faint|p1a: \u5996\u820d\u7cbe\u62c9\n|move|p1b: \u5c0f\u5934\u63a7\u5927\u5934|Psychic|p2a: Iron Hands\n|-supereffective|p2a: Iron Hands\n|-damage|p2a: Iron Hands|59/100\n|-unboost|p2a: Iron Hands|spd|1\n|\n|upkeep\n|\n|t:|1773838658\n|switch|p1a: \u94f6\u91d1\u5996\u86c7|Miraidon, L50, shiny|16/100\n|switch|p2b: Miraidon|Miraidon, L50|100/100\n|-activate|p2b: Miraidon|ability: Hadron Engine\n|-activate|p1a: \u94f6\u91d1\u5996\u86c7|ability: Hadron Engine\n|turn|5\n|\n|t:|1773838671\n|-terastallize|p2b: Miraidon|Electric\n|move|p2b: Miraidon|Electro Drift|p1a: \u94f6\u91d1\u5996\u86c7\n|-resisted|p1a: \u94f6\u91d1\u5996\u86c7\n|-crit|p1a: \u94f6\u91d1\u5996\u86c7\n|-damage|p1a: \u94f6\u91d1\u5996\u86c7|0 fnt\n|faint|p1a: \u94f6\u91d1\u5996\u86c7\n|-damage|p2b: Miraidon|90/100|[from] item: Life Orb\n|move|p2a: Iron Hands|Low Kick|p1b: \u5c0f\u5934\u63a7\u5927\u5934\n|-damage|p1b: \u5c0f\u5934\u63a7\u5927\u5934|0 fnt\n|faint|p1b: \u5c0f\u5934\u63a7\u5927\u5934\n|\n|-fieldend|move: Electric Terrain\n|-end|p2a: Iron Hands|Quark Drive\n|upkeep\n|\n|t:|1773838680\n|switch|p1a: \u6210\u90fd\u8001\u76d6|Kyogre, L50, shiny|100/100\n|-weather|RainDance|[from] ability: Drizzle|[of] p1a: \u6210\u90fd\u8001\u76d6\n|turn|6\n|\n|t:|1773838691\n|-terastallize|p1a: \u6210\u90fd\u8001\u76d6|Water\n|move|p2b: Miraidon|Protect|p2b: Miraidon\n|-singleturn|p2b: Miraidon|Protect\n|move|p1a: \u6210\u90fd\u8001\u76d6|Origin Pulse|p2a: Iron Hands|[spread] \n|-activate|p2b: Miraidon|move: Protect\n|-miss|p1a: \u6210\u90fd\u8001\u76d6|p2a: Iron Hands\n|move|p2a: Iron Hands|Low Kick|p1a: \u6210\u90fd\u8001\u76d6\n|-damage|p1a: \u6210\u90fd\u8001\u76d6|24/100\n|\n|-weather|RainDance|[upkeep]\n|upkeep\n|turn|7\n|-message|dasabe\u76d6\u6b27\u5361\u4fa0 forfeited.\n|\n|win|Realfrytki\n|raw|dasabe\u76d6\u6b27\u5361\u4fa0's rating: 1605 &rarr; <strong>1584</strong><br />(-21 for losing)\n|raw|Realfrytki's rating: 1581 &rarr; <strong>1602</strong><br />(+21 for winning)\n|l|\u2606dasabe\u76d6\u6b27\u5361\u4fa0\n|player|p1|\n|l|\u2606Realfrytki\n|player|p2|\n","uploadtime":1773838876,"views":44,"formatid":"gen9vgc2026regi","rating":1584,"private":0,"password":null}