{"id":"gen9vgc2026regi-2579644741","format":"[Gen 9] VGC 2026 Reg I","players":["v 15fb","TheNamesBetty"],"log":"|j|\u2606v 15fb\n|j|\u2606TheNamesBetty\n|t:|1775810510\n|gametype|doubles\n|player|p1|v 15fb|clown|1431\n|player|p2|TheNamesBetty|koga|1390\n|gen|9\n|tier|[Gen 9] VGC 2026 Reg I\n|rated|\n|rule|Species Clause: Limit one of each Pok\u00e9mon\n|rule|Item Clause: Limit 1 of each item\n|clearpoke\n|poke|p1|Terapagos, L50, M|\n|poke|p1|Calyrex-Shadow, L50|\n|poke|p1|Iron Hands, L50|\n|poke|p1|Smeargle, L50, M|\n|poke|p1|Chi-Yu, L50|\n|poke|p1|Whimsicott, L50, M|\n|poke|p2|Koraidon, L50|\n|poke|p2|Calyrex-Shadow, L50|\n|poke|p2|Roaring Moon, L50|\n|poke|p2|Urshifu-*, L50, M|\n|poke|p2|Electabuzz, L50, F|\n|poke|p2|Dewgong, L50, M|\n|teampreview|4\n|inactive|Battle timer is ON: inactive players will automatically lose when time's up. (requested by v 15fb)\nTheNamesBetty has agreed to open team sheets.\n|inactive|v 15fb has 60 seconds left.\n|inactive|TheNamesBetty has 60 seconds left.\n|\n|t:|1775810550\n|teamsize|p1|4\n|teamsize|p2|4\n|start\n|switch|p1a: Calyrex|Calyrex-Shadow, L50|100/100\n|switch|p1b: Whimsicott|Whimsicott, L50, M|100/100\n|switch|p2a: Jan\u017di\u017ekaZTrocnova|Koraidon, L50|100/100\n|switch|p2b: Bleblebl\u00e1k|Electabuzz, L50, F|100/100\n|-ability|p1a: Calyrex|As One\n|-ability|p1a: Calyrex|Unnerve\n|-weather|SunnyDay|[from] ability: Orichalcum Pulse|[of] p2a: Jan\u017di\u017ekaZTrocnova\n|-activate|p2a: Jan\u017di\u017ekaZTrocnova|Orichalcum Pulse|[source]\n|turn|1\n|inactive|v 15fb has 30 seconds left.\n|\n|t:|1775810581\n|-terastallize|p2a: Jan\u017di\u017ekaZTrocnova|Fire\n|move|p1b: Whimsicott|Fake Tears|p2a: Jan\u017di\u017ekaZTrocnova\n|-fail|p2a: Jan\u017di\u017ekaZTrocnova|unboost|[from] item: Clear Amulet|[of] p2a: Jan\u017di\u017ekaZTrocnova\n|move|p1a: Calyrex|Astral Barrage|p2b: Bleblebl\u00e1k|[spread] p2a,p2b\n|-damage|p2a: Jan\u017di\u017ekaZTrocnova|47/100\n|-damage|p2b: Bleblebl\u00e1k|64/100\n|-damage|p1a: Calyrex|91/100|[from] item: Life Orb\n|move|p2a: Jan\u017di\u017ekaZTrocnova|Flame Charge|p1a: Calyrex\n|-damage|p1a: Calyrex|24/100\n|-boost|p2a: Jan\u017di\u017ekaZTrocnova|spe|1\n|move|p2b: Bleblebl\u00e1k|Electroweb|p1a: Calyrex|[spread] p1a,p1b\n|-resisted|p1b: Whimsicott\n|-damage|p1a: Calyrex|12/100\n|-damage|p1b: Whimsicott|93/100\n|-unboost|p1a: Calyrex|spe|1\n|\n|-weather|SunnyDay|[upkeep]\n|upkeep\n|turn|2\n|inactive|v 15fb has 30 seconds left.\n|inactive|TheNamesBetty has 30 seconds left.\n|\n|t:|1775810614\n|move|p2a: Jan\u017di\u017ekaZTrocnova|Protect|p2a: Jan\u017di\u017ekaZTrocnova\n|-singleturn|p2a: Jan\u017di\u017ekaZTrocnova|Protect\n|move|p1b: Whimsicott|Tailwind|p1b: Whimsicott\n|-sidestart|p1: v 15fb|move: Tailwind\n|move|p1a: Calyrex|Astral Barrage|p2b: Bleblebl\u00e1k|[spread] p2b\n|-activate|p2a: Jan\u017di\u017ekaZTrocnova|move: Protect\n|-damage|p2b: Bleblebl\u00e1k|27/100\n|-damage|p1a: Calyrex|3/100|[from] item: Life Orb\n|move|p2b: Bleblebl\u00e1k|Electroweb|p1a: Calyrex|[spread] p1a,p1b\n|-resisted|p1b: Whimsicott\n|-damage|p1a: Calyrex|0 fnt\n|-damage|p1b: Whimsicott|83/100\n|faint|p1a: Calyrex\n|\n|-weather|SunnyDay|[upkeep]\n|upkeep\n|\n|t:|1775810629\n|switch|p1a: Terapagos|Terapagos, L50, M|100/100\n|-activate|p1a: Terapagos|ability: Tera Shift\n|detailschange|p1a: Terapagos|Terapagos-Terastal, L50, M\n|-heal|p1a: Terapagos|100/100|[silent]\n|turn|3\n|\n|t:|1775810650\n|switch|p2a: Houska se sal\u00e1mem|Urshifu, L50, M|100/100\n|move|p1b: Whimsicott|Encore|p2a: Houska se sal\u00e1mem\n|-hint|Since gen 7, Dark is immune to Prankster moves.\n|-immune|p2a: Houska se sal\u00e1mem\n|move|p1a: Terapagos|Meteor Beam||[still]\n|-prepare|p1a: Terapagos|Meteor Beam\n|-boost|p1a: Terapagos|spa|1\n|-enditem|p1a: Terapagos|Power Herb\n|-anim|p1a: Terapagos|Meteor Beam|p2a: Houska se sal\u00e1mem\n|-resisted|p2a: Houska se sal\u00e1mem\n|-damage|p2a: Houska se sal\u00e1mem|59/100\n|move|p2b: Bleblebl\u00e1k|Taunt|p1a: Terapagos\n|-start|p1a: Terapagos|move: Taunt\n|\n|-weather|SunnyDay|[upkeep]\n|upkeep\n|turn|4\n|inactive|v 15fb has 30 seconds left.\n|\n|t:|1775810679\n|move|p2b: Bleblebl\u00e1k|Follow Me|p2b: Bleblebl\u00e1k\n|-singleturn|p2b: Bleblebl\u00e1k|move: Follow Me\n|move|p1b: Whimsicott|Moonblast|p2b: Bleblebl\u00e1k\n|-damage|p2b: Bleblebl\u00e1k|11/100\n|move|p1a: Terapagos|Tera Starstorm|p2b: Bleblebl\u00e1k\n|-damage|p2b: Bleblebl\u00e1k|0 fnt\n|faint|p2b: Bleblebl\u00e1k\n|move|p2a: Houska se sal\u00e1mem|Close Combat|p1a: Terapagos\n|-activate|p1a: Terapagos|ability: Tera Shell\n|-resisted|p1a: Terapagos\n|-damage|p1a: Terapagos|73/100\n|-unboost|p2a: Houska se sal\u00e1mem|def|1\n|-unboost|p2a: Houska se sal\u00e1mem|spd|1\n|\n|-weather|SunnyDay|[upkeep]\n|upkeep\n|\n|t:|1775810693\n|switch|p2b: Jan\u017di\u017ekaZTrocnova|Koraidon, L50, tera:Fire|47/100\n|-activate|p2b: Jan\u017di\u017ekaZTrocnova|ability: Orichalcum Pulse\n|turn|5\n|\n|t:|1775810716\n|switch|p2a: Moaning Room|Roaring Moon, L50|100/100\n|-activate|p2a: Moaning Room|ability: Protosynthesis\n|-start|p2a: Moaning Room|protosynthesisspe\n|-terastallize|p1a: Terapagos|Stellar\n|detailschange|p1a: Terapagos|Terapagos-Stellar, L50, M, tera:Stellar\n|-heal|p1a: Terapagos|81/100|[silent]\n|-ability|p1a: Terapagos|Teraform Zero\n|-weather|none\n|-end|p2a: Moaning Room|Protosynthesis\n|-enditem|p2a: Moaning Room|Booster Energy\n|-activate|p2a: Moaning Room|ability: Protosynthesis|[fromitem]\n|-start|p2a: Moaning Room|protosynthesisspe\n|move|p1b: Whimsicott|Moonblast|p2a: Moaning Room\n|-supereffective|p2a: Moaning Room\n|-damage|p2a: Moaning Room|3/100\n|-unboost|p2a: Moaning Room|spa|1\n|move|p1a: Terapagos|Tera Starstorm|p2b: Jan\u017di\u017ekaZTrocnova|[spread] p2a,p2b\n|-supereffective|p2b: Jan\u017di\u017ekaZTrocnova\n|-damage|p2a: Moaning Room|0 fnt\n|-damage|p2b: Jan\u017di\u017ekaZTrocnova|0 fnt\n|faint|p2a: Moaning Room\n|-end|p2a: Moaning Room|Protosynthesis|[silent]\n|faint|p2b: Jan\u017di\u017ekaZTrocnova\n|\n|-sideend|p1: v 15fb|move: Tailwind\n|upkeep\n|-message|TheNamesBetty forfeited.\n|\n|win|v 15fb\n|raw|v 15fb's rating: 1431 &rarr; <strong>1449</strong><br />(+18 for winning)\n|raw|TheNamesBetty's rating: 1390 &rarr; <strong>1372</strong><br />(-18 for losing)\n|l|\u2606TheNamesBetty\n|player|p2|\n|l|\u2606v 15fb\n|player|p1|\n","uploadtime":1775810895,"views":10,"formatid":"gen9vgc2026regi","rating":1372,"private":0,"password":null}