{"id":"gen9vgc2026regi-2580750857","format":"[Gen 9] VGC 2026 Reg I","players":["TheNamesBetty","ZAPDOSISGOATED"],"log":"|j|\u2606TheNamesBetty\n|j|\u2606ZAPDOSISGOATED\n|t:|1775929478\n|gametype|doubles\n|player|p1|TheNamesBetty|koga|1327\n|player|p2|ZAPDOSISGOATED|102|1255\n|gen|9\n|tier|[Gen 9] VGC 2026 Reg I\n|rated|\n|rule|Species Clause: Limit one of each Pok\u00e9mon\n|rule|Item Clause: Limit 1 of each item\n|clearpoke\n|poke|p1|Calyrex-Shadow, L50|\n|poke|p1|Electabuzz, L50, M|\n|poke|p1|Walking Wake, L50|\n|poke|p1|Chi-Yu, L50|\n|poke|p1|Flutter Mane, L50|\n|poke|p1|Koraidon, L50|\n|poke|p2|Decidueye-Hisui, L50, F|\n|poke|p2|Chien-Pao, L50|\n|poke|p2|Ogerpon-Wellspring, L50, F|\n|poke|p2|Murkrow, L50, F|\n|poke|p2|Gholdengo, L50|\n|poke|p2|Kyogre, L50|\n|teampreview|4\n|inactive|Battle timer is ON: inactive players will automatically lose when time's up. (requested by ZAPDOSISGOATED)\nZAPDOSISGOATED rejected open team sheets.\n|\n|t:|1775929501\n|teamsize|p1|4\n|teamsize|p2|4\n|start\n|switch|p1a: Wingardium|Flutter Mane, L50|100/100\n|switch|p1b: Leviooosa|Chi-Yu, L50|100/100\n|switch|p2a: Murkrow|Murkrow, L50, F|100/100\n|switch|p2b: Chien-Pao|Chien-Pao, L50|100/100\n|-ability|p1b: Leviooosa|Beads of Ruin\n|-ability|p2b: Chien-Pao|Sword of Ruin\n|turn|1\n|\n|t:|1775929519\n|move|p2a: Murkrow|Tailwind|p2a: Murkrow\n|-sidestart|p2: ZAPDOSISGOATED|move: Tailwind\n|move|p2b: Chien-Pao|Sacred Sword|p1b: Leviooosa\n|-supereffective|p1b: Leviooosa\n|-damage|p1b: Leviooosa|0 fnt\n|faint|p1b: Leviooosa\n|move|p1a: Wingardium|Icy Wind|p2b: Chien-Pao|[spread] p2a,p2b\n|-supereffective|p2a: Murkrow\n|-resisted|p2b: Chien-Pao\n|-damage|p2a: Murkrow|71/100\n|-damage|p2b: Chien-Pao|90/100\n|-unboost|p2a: Murkrow|spe|1\n|-unboost|p2b: Chien-Pao|spe|1\n|\n|upkeep\n|\n|t:|1775929532\n|switch|p1b: It's|Koraidon, L50|100/100\n|-weather|SunnyDay|[from] ability: Orichalcum Pulse|[of] p1b: It's\n|-activate|p1a: Wingardium|ability: Protosynthesis\n|-start|p1a: Wingardium|protosynthesisspe\n|-activate|p1b: It's|Orichalcum Pulse|[source]\n|turn|2\n|\n|t:|1775929546\n|switch|p1b: Kedluben|Calyrex-Shadow, L50|100/100\n|-ability|p1b: Kedluben|As One\n|-ability|p1b: Kedluben|Unnerve\n|move|p2a: Murkrow|Haze|p2a: Murkrow\n|-clearallboost\n|move|p2b: Chien-Pao|Icicle Crash|p1b: Kedluben\n|-damage|p1b: Kedluben|35/100\n|move|p1a: Wingardium|Moonblast|p2b: Chien-Pao\n|-supereffective|p2b: Chien-Pao\n|-damage|p2b: Chien-Pao|0 fnt\n|faint|p2b: Chien-Pao\n|\n|-weather|SunnyDay|[upkeep]\n|upkeep\n|\n|t:|1775929560\n|switch|p2b: Decidueye|Decidueye-Hisui, L50, F|100/100\n|turn|3\n|\n|t:|1775929572\n|move|p1b: Kedluben|Protect|p1b: Kedluben\n|-singleturn|p1b: Kedluben|Protect\n|move|p2b: Decidueye|Sucker Punch||[still]\n|-fail|p2b: Decidueye\n|move|p1a: Wingardium|Moonblast|p2a: Murkrow\n|-supereffective|p2a: Murkrow\n|-damage|p2a: Murkrow|0 fnt\n|faint|p2a: Murkrow\n|\n|-weather|SunnyDay|[upkeep]\n|upkeep\n|\n|t:|1775929575\n|switch|p2a: Kyogre|Kyogre, L50|100/100\n|-weather|RainDance|[from] ability: Drizzle|[of] p2a: Kyogre\n|-end|p1a: Wingardium|Protosynthesis\n|turn|4\n|\n|t:|1775929600\n|switch|p1b: It's|Koraidon, L50|100/100\n|-weather|SunnyDay|[from] ability: Orichalcum Pulse|[of] p1b: It's\n|-activate|p1a: Wingardium|ability: Protosynthesis\n|-start|p1a: Wingardium|protosynthesisspe\n|-activate|p1b: It's|Orichalcum Pulse|[source]\n|move|p2a: Kyogre|Origin Pulse|p1b: It's|[spread] p1b\n|-miss|p2a: Kyogre|p1a: Wingardium\n|-resisted|p1b: It's\n|-damage|p1b: It's|89/100\n|move|p1a: Wingardium|Moonblast|p2a: Kyogre\n|-damage|p2a: Kyogre|60/100\n|move|p2b: Decidueye|Leaf Blade|p1a: Wingardium\n|-crit|p1a: Wingardium\n|-enditem|p1a: Wingardium|Focus Sash\n|-damage|p1a: Wingardium|1/100\n|\n|-weather|SunnyDay|[upkeep]\n|-sideend|p2: ZAPDOSISGOATED|move: Tailwind\n|upkeep\n|turn|5\n|inactive|TheNamesBetty has 30 seconds left.\n|\n|t:|1775929630\n|-terastallize|p2b: Decidueye|Dark\n|move|p1a: Wingardium|Protect|p1a: Wingardium\n|-singleturn|p1a: Wingardium|Protect\n|move|p2b: Decidueye|Sucker Punch||[still]\n|-fail|p2b: Decidueye\n|move|p2a: Kyogre|Origin Pulse|p1b: It's|[spread] p1b\n|-activate|p1a: Wingardium|move: Protect\n|-resisted|p1b: It's\n|-damage|p1b: It's|77/100\n|move|p1b: It's|Flare Blitz|p2b: Decidueye\n|-damage|p2b: Decidueye|11/100\n|-damage|p1b: It's|44/100|[from] Recoil\n|\n|-weather|SunnyDay|[upkeep]\n|upkeep\n|turn|6\n|\n|t:|1775929650\n|-end|p1a: Wingardium|Protosynthesis|[silent]\n|switch|p1a: Kedluben|Calyrex-Shadow, L50|35/100\n|-ability|p1a: Kedluben|As One\n|-ability|p1a: Kedluben|Unnerve\n|move|p2b: Decidueye|Sucker Punch||[still]\n|-fail|p2b: Decidueye\n|move|p2a: Kyogre|Origin Pulse|p1b: It's|[spread] p1a,p1b\n|-resisted|p1b: It's\n|-damage|p1a: Kedluben|11/100\n|-damage|p1b: It's|32/100\n|move|p1b: It's|Close Combat|p2a: Kyogre\n|-damage|p2a: Kyogre|0 fnt\n|-unboost|p1b: It's|def|1\n|-unboost|p1b: It's|spd|1\n|faint|p2a: Kyogre\n|\n|-weather|SunnyDay|[upkeep]\n|upkeep\n|turn|7\n|l|\u2606ZAPDOSISGOATED\n|inactive|ZAPDOSISGOATED disconnected and has a minute to reconnect!\n|player|p2|\n|inactive|ZAPDOSISGOATED has 30 seconds left.\n|inactive|ZAPDOSISGOATED has 20 seconds left.\n|inactive|ZAPDOSISGOATED has 15 seconds left.\n|inactive|ZAPDOSISGOATED has 10 seconds left.\n|inactive|ZAPDOSISGOATED has 5 seconds left.\n|-message|ZAPDOSISGOATED lost due to inactivity.\n|\n|win|TheNamesBetty\n|raw|TheNamesBetty's rating: 1327 &rarr; <strong>1343</strong><br />(+16 for winning)\n|raw|ZAPDOSISGOATED's rating: 1255 &rarr; <strong>1235</strong><br />(-20 for losing)\n|l|\u2606TheNamesBetty\n|player|p1|\n","uploadtime":1775929898,"views":15,"formatid":"gen9vgc2026regi","rating":1235,"private":0,"password":null}