{"id":"gen9vgc2026regi-2588280167","format":"[Gen 9] VGC 2026 Reg I","players":["kokosthegreek","Lil Tic"],"log":"|j|\u2606kokosthegreek\n|j|\u2606Lil Tic\n|t:|1776620562\n|gametype|doubles\n|player|p1|kokosthegreek|lucas|1452\n|player|p2|Lil Tic|266|1454\n|gen|9\n|tier|[Gen 9] VGC 2026 Reg I\n|rated|\n|rule|Species Clause: Limit one of each Pok\u00e9mon\n|rule|Item Clause: Limit 1 of each item\n|clearpoke\n|poke|p1|Calyrex-Shadow, L50|\n|poke|p1|Whimsicott, L50, M|\n|poke|p1|Urshifu-*, L50, F|\n|poke|p1|Smeargle, L50, M|\n|poke|p1|Dondozo, L50, F|\n|poke|p1|Tatsugiri-Droopy, L50, M|\n|poke|p2|Koraidon, L50|\n|poke|p2|Flutter Mane, L50|\n|poke|p2|Ho-Oh, L50|\n|poke|p2|Incineroar, L50, F|\n|poke|p2|Amoonguss, L50, F|\n|poke|p2|Ting-Lu, L50|\n|teampreview|4\n|inactive|Battle timer is ON: inactive players will automatically lose when time's up. (requested by kokosthegreek)\n|\n|t:|1776620590\n|teamsize|p1|4\n|teamsize|p2|4\n|start\n|switch|p1a: Smeargle|Smeargle, L50, M|100/100\n|switch|p1b: Calyrex|Calyrex-Shadow, L50|100/100\n|switch|p2a: Ho-Oh|Ho-Oh, L50|100/100\n|switch|p2b: Incineroar|Incineroar, L50, F|100/100\n|-ability|p1b: Calyrex|As One\n|-ability|p1b: Calyrex|Unnerve\n|-ability|p2b: Incineroar|Intimidate|boost\n|-unboost|p1a: Smeargle|atk|1\n|-unboost|p1b: Calyrex|atk|1\n|turn|1\n|inactive|kokosthegreek has 30 seconds left.\n|l|\u2606kokosthegreek\n|inactive|kokosthegreek disconnected and has a minute to reconnect!\n|player|p1|\n|inactive|kokosthegreek has 20 seconds left.\n|j|\u2606kokosthegreek\n|inactive|kokosthegreek reconnected and has 20 seconds left.\n|player|p1|kokosthegreek|lucas|\n|inactive|kokosthegreek has 15 seconds left.\n|inactive|kokosthegreek has 10 seconds left.\n|inactive|kokosthegreek has 5 seconds left.\n|\n|t:|1776620640\n|move|p1b: Calyrex|Astral Barrage|p2a: Ho-Oh|[spread] p2a,p2b\n|-resisted|p2b: Incineroar\n|-damage|p2a: Ho-Oh|57/100\n|-damage|p2b: Incineroar|66/100\n|-damage|p1b: Calyrex|91/100|[from] item: Life Orb\n|move|p1a: Smeargle|Spore|p2a: Ho-Oh\n|-status|p2a: Ho-Oh|slp|[from] move: Spore\n|cant|p2a: Ho-Oh|slp\n|move|p2b: Incineroar|Knock Off|p1b: Calyrex\n|-supereffective|p1b: Calyrex\n|-damage|p1b: Calyrex|0 fnt\n|-enditem|p1b: Calyrex|Life Orb|[from] move: Knock Off|[of] p2b: Incineroar\n|faint|p1b: Calyrex\n|\n|-ability|p1a: Smeargle|Moody|boost\n|-boost|p1a: Smeargle|atk|2\n|-unboost|p1a: Smeargle|spd|1\n|upkeep\n|\n|t:|1776620645\n|switch|p1b: Tatsugiri|Tatsugiri-Droopy, L50, M|100/100\n|turn|2\n|\n|t:|1776620664\n|switch|p2a: Amoonguss|Amoonguss, L50, F|100/100\n|move|p1b: Tatsugiri|Muddy Water|p2b: Incineroar|[spread] p2a,p2b\n|-resisted|p2a: Amoonguss\n|-crit|p2a: Amoonguss\n|-supereffective|p2b: Incineroar\n|-damage|p2a: Amoonguss|80/100\n|-damage|p2b: Incineroar|0 fnt\n|faint|p2b: Incineroar\n|move|p1a: Smeargle|Minimize|p1a: Smeargle\n|-boost|p1a: Smeargle|evasion|2\n|\n|-ability|p1a: Smeargle|Moody|boost\n|-boost|p1a: Smeargle|def|2\n|-unboost|p1a: Smeargle|spa|1\n|upkeep\n|\n|t:|1776620678\n|switch|p2b: Koraidon|Koraidon, L50|100/100\n|-weather|SunnyDay|[from] ability: Orichalcum Pulse|[of] p2b: Koraidon\n|-activate|p2b: Koraidon|Orichalcum Pulse|[source]\n|turn|3\n|\n|t:|1776620690\n|move|p1b: Tatsugiri|Protect|p1b: Tatsugiri\n|-singleturn|p1b: Tatsugiri|Protect\n|move|p2b: Koraidon|Collision Course|p1a: Smeargle|[miss]\n|-miss|p2b: Koraidon|p1a: Smeargle\n|move|p1a: Smeargle|Minimize|p1a: Smeargle\n|-boost|p1a: Smeargle|evasion|2\n|move|p2a: Amoonguss|Spore|p1b: Tatsugiri\n|-activate|p1b: Tatsugiri|move: Protect\n|\n|-weather|SunnyDay|[upkeep]\n|-ability|p1a: Smeargle|Moody|boost\n|-boost|p1a: Smeargle|def|2\n|-unboost|p1a: Smeargle|spa|1\n|upkeep\n|turn|4\n|\n|t:|1776620707\n|move|p2b: Koraidon|Collision Course|p1a: Smeargle\n|-supereffective|p1a: Smeargle\n|-damage|p1a: Smeargle|0 fnt\n|faint|p1a: Smeargle\n|-damage|p2b: Koraidon|91/100|[from] item: Life Orb\n|move|p1b: Tatsugiri|Draco Meteor|p2b: Koraidon\n|-supereffective|p2b: Koraidon\n|-damage|p2b: Koraidon|0 fnt\n|-unboost|p1b: Tatsugiri|spa|2\n|faint|p2b: Koraidon\n|move|p2a: Amoonguss|Spore|p1b: Tatsugiri\n|-status|p1b: Tatsugiri|slp|[from] move: Spore\n|\n|-weather|SunnyDay|[upkeep]\n|upkeep\n|\n|t:|1776620722\n|switch|p2b: Ho-Oh|Ho-Oh, L50|90/100 slp\n|switch|p1a: Dondozo|Dondozo, L50, F|100/100\n|-activate|p1b: Tatsugiri|ability: Commander|[of] p1a: Dondozo\n|-boost|p1a: Dondozo|atk|2\n|-boost|p1a: Dondozo|spa|2\n|-boost|p1a: Dondozo|spe|2\n|-boost|p1a: Dondozo|def|2\n|-boost|p1a: Dondozo|spd|2\n|turn|5\n|\n|t:|1776620736\n|-terastallize|p2b: Ho-Oh|Grass\n|-terastallize|p1a: Dondozo|Grass\n|cant|p2b: Ho-Oh|slp\n|move|p1a: Dondozo|Rock Slide|p2b: Ho-Oh|[spread] p2a,p2b\n|-damage|p2a: Amoonguss|60/100\n|-damage|p2b: Ho-Oh|67/100 slp\n|move|p2a: Amoonguss|Spore|p1a: Dondozo\n|-immune|p1a: Dondozo\n|\n|-weather|SunnyDay|[upkeep]\n|upkeep\n|turn|6\n|\n|t:|1776620744\n|cant|p2b: Ho-Oh|slp\n|move|p1a: Dondozo|Order Up|p2b: Ho-Oh\n|-damage|p2b: Ho-Oh|32/100 slp\n|-boost|p1a: Dondozo|def|1\n|move|p2a: Amoonguss|Sludge Bomb|p1a: Dondozo\n|-supereffective|p1a: Dondozo\n|-damage|p1a: Dondozo|72/100\n|\n|-weather|SunnyDay|[upkeep]\n|-heal|p1a: Dondozo|78/100|[from] item: Leftovers\n|upkeep\n|turn|7\n|\n|t:|1776620752\n|-curestatus|p2b: Ho-Oh|slp|[msg]\n|move|p2b: Ho-Oh|Sacred Fire|p1a: Dondozo\n|-supereffective|p1a: Dondozo\n|-damage|p1a: Dondozo|48/100\n|move|p1a: Dondozo|Order Up|p2b: Ho-Oh\n|-damage|p2b: Ho-Oh|0 fnt\n|faint|p2b: Ho-Oh\n|-boost|p1a: Dondozo|def|1\n|move|p2a: Amoonguss|Pollen Puff|p2: Ho-Oh|[notarget]\n|-fail|p2a: Amoonguss\n|\n|-weather|none\n|-heal|p1a: Dondozo|54/100|[from] item: Leftovers\n|upkeep\n|turn|8\n|-message|Lil Tic forfeited.\n|\n|win|kokosthegreek\n|raw|kokosthegreek's rating: 1452 &rarr; <strong>1472</strong><br />(+20 for winning)\n|raw|Lil Tic's rating: 1454 &rarr; <strong>1434</strong><br />(-20 for losing)\n|l|\u2606Lil Tic\n|player|p2|\n|l|\u2606kokosthegreek\n|player|p1|\n","uploadtime":1776621021,"views":7,"formatid":"gen9vgc2026regi","rating":1434,"private":0,"password":null}