{"id":"gen9vgc2026regi-2577648353","format":"[Gen 9] VGC 2026 Reg I","players":["test-on-calls","N jordan"],"log":"|j|\u2606test-on-calls\n|j|\u2606N jordan\n|t:|1775593009\n|gametype|doubles\n|player|p1|test-on-calls|101|1333\n|player|p2|N jordan|n|1380\n|gen|9\n|tier|[Gen 9] VGC 2026 Reg I\n|rated|\n|rule|Species Clause: Limit one of each Pok\u00e9mon\n|rule|Item Clause: Limit 1 of each item\n|clearpoke\n|poke|p1|Grimmsnarl, L50, M|\n|poke|p1|Zoroark-Hisui, L50, M|\n|poke|p1|Zamazenta-*, L50|\n|poke|p1|Lunala, L50|\n|poke|p1|Ogerpon-Wellspring, L50, F|\n|poke|p1|Landorus, L50, M|\n|poke|p2|Calyrex-Ice, L50|\n|poke|p2|Grimmsnarl, L50, M|\n|poke|p2|Incineroar, L50, F|\n|poke|p2|Pelipper, L50, M|\n|poke|p2|Kyurem-Black, L50|\n|poke|p2|Rillaboom, L50, F|\n|teampreview|4\n|\n|t:|1775593135\n|teamsize|p1|4\n|teamsize|p2|4\n|start\n|switch|p1a: Grimmsnarl|Grimmsnarl, L50, M, shiny|100/100\n|switch|p1b: Lunala|Lunala, L50|100/100\n|switch|p2a: Grimmsnarl|Grimmsnarl, L50, M|100/100\n|switch|p2b: Kyurem|Kyurem-Black, L50|100/100\n|-ability|p2b: Kyurem|Teravolt\n|turn|1\n|\n|t:|1775593149\n|move|p1a: Grimmsnarl|Reflect|p1a: Grimmsnarl\n|-sidestart|p1: test-on-calls|Reflect\n|move|p2a: Grimmsnarl|Light Screen|p2a: Grimmsnarl\n|-sidestart|p2: N jordan|move: Light Screen\n|move|p1b: Lunala|Will-O-Wisp|p2b: Kyurem|[miss]\n|-miss|p1b: Lunala|p2b: Kyurem\n|move|p2b: Kyurem|Icicle Spear|p1b: Lunala\n|-damage|p1b: Lunala|67/100\n|replace|p1b: Zoroark|Zoroark-Hisui, L50, M\n|-end|p1b: Zoroark|Illusion\n|-damage|p1b: Zoroark|29/100\n|-hitcount|p1b: Zoroark|2\n|\n|upkeep\n|turn|2\n|\n|t:|1775593166\n|move|p1b: Zoroark|Protect|p1b: Zoroark\n|-singleturn|p1b: Zoroark|Protect\n|move|p2a: Grimmsnarl|Sucker Punch||[still]\n|-fail|p2a: Grimmsnarl\n|move|p2b: Kyurem|Icicle Spear|p1a: Grimmsnarl\n|-damage|p1a: Grimmsnarl|85/100\n|-damage|p1a: Grimmsnarl|68/100\n|-damage|p1a: Grimmsnarl|52/100\n|-hitcount|p1a: Grimmsnarl|3\n|move|p1a: Grimmsnarl|Spirit Break|p2a: Grimmsnarl\n|-supereffective|p2a: Grimmsnarl\n|-damage|p2a: Grimmsnarl|26/100\n|-unboost|p2a: Grimmsnarl|spa|1\n|\n|upkeep\n|turn|3\n|\n|t:|1775593189\n|move|p2a: Grimmsnarl|Reflect|p2a: Grimmsnarl\n|-sidestart|p2: N jordan|Reflect\n|move|p1b: Zoroark|Will-O-Wisp|p2b: Kyurem\n|-status|p2b: Kyurem|brn\n|move|p2b: Kyurem|Icicle Spear|p1a: Grimmsnarl\n|-damage|p1a: Grimmsnarl|43/100\n|-damage|p1a: Grimmsnarl|35/100\n|-damage|p1a: Grimmsnarl|26/100\n|-hitcount|p1a: Grimmsnarl|3\n|move|p1a: Grimmsnarl|Spirit Break|p2a: Grimmsnarl\n|-supereffective|p2a: Grimmsnarl\n|-damage|p2a: Grimmsnarl|0 fnt\n|faint|p2a: Grimmsnarl\n|\n|-damage|p2b: Kyurem|94/100 brn|[from] brn\n|upkeep\n|\n|t:|1775593202\n|switch|p2a: Pelipper|Pelipper, L50, M|100/100\n|-weather|RainDance|[from] ability: Drizzle|[of] p2a: Pelipper\n|turn|4\n|\n|t:|1775593217\n|move|p1b: Zoroark|Icy Wind|p2a: Pelipper|[spread] p2a,p2b\n|-damage|p2a: Pelipper|84/100\n|-damage|p2b: Kyurem|86/100 brn\n|-unboost|p2a: Pelipper|spe|1\n|-unboost|p2b: Kyurem|spe|1\n|move|p1a: Grimmsnarl|Spirit Break|p2a: Pelipper\n|-damage|p2a: Pelipper|57/100\n|-unboost|p2a: Pelipper|spa|1\n|move|p2a: Pelipper|Tailwind|p2a: Pelipper\n|-sidestart|p2: N jordan|move: Tailwind\n|move|p2b: Kyurem|Icicle Spear|p1a: Grimmsnarl\n|-damage|p1a: Grimmsnarl|18/100\n|-damage|p1a: Grimmsnarl|9/100\n|-damage|p1a: Grimmsnarl|1/100\n|-damage|p1a: Grimmsnarl|0 fnt\n|faint|p1a: Grimmsnarl\n|-hitcount|p1: Grimmsnarl|4\n|\n|-weather|RainDance|[upkeep]\n|-damage|p2b: Kyurem|80/100 brn|[from] brn\n|upkeep\n|\n|t:|1775593225\n|switch|p1a: Zamazenta|Zamazenta-Crowned, L50, shiny|100/100\n|-ability|p1a: Zamazenta|Dauntless Shield|boost\n|-boost|p1a: Zamazenta|def|1\n|turn|5\n|inactive|Battle timer is ON: inactive players will automatically lose when time's up. (requested by test-on-calls)\n|inactive|N jordan has 60 seconds left.\n|inactive|N jordan has 30 seconds left.\n|inactive|N jordan has 20 seconds left.\n|inactive|N jordan has 15 seconds left.\n|inactive|N jordan has 10 seconds left.\n|inactive|N jordan has 5 seconds left.\n|\n|t:|1775593408\n|move|p1b: Zoroark|Protect|p1b: Zoroark\n|-singleturn|p1b: Zoroark|Protect\n|move|p1a: Zamazenta|Protect|p1a: Zamazenta\n|-singleturn|p1a: Zamazenta|Protect\n|move|p2a: Pelipper|Muddy Water|p1a: Zamazenta|[spread] \n|-activate|p1a: Zamazenta|move: Protect\n|-activate|p1b: Zoroark|move: Protect\n|move|p2b: Kyurem|Icicle Spear|p1a: Zamazenta\n|-activate|p1a: Zamazenta|move: Protect\n|\n|-weather|RainDance|[upkeep]\n|-damage|p2b: Kyurem|74/100 brn|[from] brn\n|-sideend|p1: test-on-calls|Reflect\n|upkeep\n|turn|6\n|inactive|N jordan has 30 seconds left.\n|inactive|N jordan has 20 seconds left.\n|inactive|N jordan has 15 seconds left.\n|inactive|N jordan has 10 seconds left.\n|inactive|N jordan has 5 seconds left.\n|\n|t:|1775593463\n|move|p1a: Zamazenta|Wide Guard|p1a: Zamazenta\n|-singleturn|p1a: Zamazenta|Wide Guard\n|move|p1b: Zoroark|Bitter Malice|p2a: Pelipper\n|-damage|p2a: Pelipper|13/100\n|-unboost|p2a: Pelipper|atk|1\n|move|p2a: Pelipper|Muddy Water|p1b: Zoroark|[spread] \n|-activate|p1a: Zamazenta|move: Wide Guard\n|-activate|p1b: Zoroark|move: Wide Guard\n|move|p2b: Kyurem|Icicle Spear|p1a: Zamazenta\n|-resisted|p1a: Zamazenta\n|-damage|p1a: Zamazenta|98/100\n|-resisted|p1a: Zamazenta\n|-damage|p1a: Zamazenta|96/100\n|-resisted|p1a: Zamazenta\n|-damage|p1a: Zamazenta|94/100\n|-resisted|p1a: Zamazenta\n|-damage|p1a: Zamazenta|92/100\n|-hitcount|p1a: Zamazenta|4\n|\n|-weather|RainDance|[upkeep]\n|-damage|p2b: Kyurem|68/100 brn|[from] brn\n|upkeep\n|turn|7\n|inactive|test-on-calls has 30 seconds left.\n|inactive|N jordan has 30 seconds left.\n|inactive|N jordan has 20 seconds left.\n|inactive|N jordan has 15 seconds left.\n|inactive|N jordan has 10 seconds left.\n|inactive|N jordan has 5 seconds left.\n|\n|t:|1775593518\n|move|p1b: Zoroark|Bitter Malice|p2a: Pelipper\n|-damage|p2a: Pelipper|0 fnt\n|faint|p2a: Pelipper\n|move|p1a: Zamazenta|Body Press|p2b: Kyurem\n|-supereffective|p2b: Kyurem\n|-damage|p2b: Kyurem|0 fnt\n|faint|p2b: Kyurem\n|\n|-weather|RainDance|[upkeep]\n|-sideend|p2: N jordan|move: Tailwind\n|upkeep\n|inactive|N jordan has 30 seconds left.\n|inactive|N jordan has 20 seconds left.\n|inactive|N jordan has 15 seconds left.\n|inactive|N jordan has 10 seconds left.\n|inactive|N jordan has 5 seconds left.\n|\n|t:|1775593574\n|switch|p2a: Calyrex|Calyrex-Ice, L50|100/100\n|-ability|p2a: Calyrex|As One\n|-ability|p2a: Calyrex|Unnerve\n|turn|8\n|inactive|test-on-calls has 30 seconds left.\n|inactive|N jordan has 30 seconds left.\n|inactive|test-on-calls has 20 seconds left.\n|inactive|N jordan has 20 seconds left.\n|inactive|test-on-calls has 15 seconds left.\n|inactive|N jordan has 15 seconds left.\n|inactive|test-on-calls has 10 seconds left.\n|inactive|N jordan has 10 seconds left.\n|inactive|test-on-calls has 5 seconds left.\n|inactive|N jordan has 5 seconds left.\n|\n|t:|1775593629\n|move|p1b: Zoroark|Will-O-Wisp|p2a: Calyrex\n|-status|p2a: Calyrex|brn\n|move|p1a: Zamazenta|Body Press|p2a: Calyrex\n|-damage|p2a: Calyrex|69/100 brn\n|move|p2a: Calyrex|Leech Seed|p1a: Zamazenta|[miss]\n|-miss|p2a: Calyrex|p1a: Zamazenta\n|\n|-weather|none\n|-damage|p2a: Calyrex|63/100 brn|[from] brn\n|-sideend|p2: N jordan|move: Light Screen\n|upkeep\n|turn|9\n|inactive|test-on-calls has 30 seconds left.\n|inactive|N jordan has 30 seconds left.\n|inactive|test-on-calls has 20 seconds left.\n|inactive|N jordan has 20 seconds left.\n|inactive|test-on-calls has 15 seconds left.\n|inactive|N jordan has 15 seconds left.\n|inactive|N jordan has 10 seconds left.\n|inactive|N jordan has 5 seconds left.\n|\n|t:|1775593684\n|move|p1b: Zoroark|Bitter Malice|p2a: Calyrex\n|-supereffective|p2a: Calyrex\n|-damage|p2a: Calyrex|21/100 brn\n|-unboost|p2a: Calyrex|atk|1\n|move|p1a: Zamazenta|Body Press|p2a: Calyrex\n|-damage|p2a: Calyrex|0 fnt\n|faint|p2a: Calyrex\n|\n|win|test-on-calls\n|raw|test-on-calls's rating: 1333 &rarr; <strong>1356</strong><br />(+23 for winning)\n|raw|N jordan's rating: 1380 &rarr; <strong>1357</strong><br />(-23 for losing)\n|l|\u2606test-on-calls\n|player|p1|\n","uploadtime":1775593948,"views":11,"formatid":"gen9vgc2026regi","rating":1356,"private":0,"password":null}