{"id":"gen9vgc2026regi-2561670765","format":"[Gen 9] VGC 2026 Reg I","players":["sheeshshane925","Aboogaboogaboo"],"log":"|j|\u2606sheeshshane925\n|j|\u2606Aboogaboogaboo\n|t:|1773830736\n|gametype|doubles\n|player|p1|sheeshshane925|chuck|1414\n|player|p2|Aboogaboogaboo|veteran|1346\n|gen|9\n|tier|[Gen 9] VGC 2026 Reg I\n|rated|\n|rule|Species Clause: Limit one of each Pok\u00e9mon\n|rule|Item Clause: Limit 1 of each item\n|clearpoke\n|poke|p1|Calyrex-Ice, L50|\n|poke|p1|Miraidon, L50|\n|poke|p1|Farigiraf, L50, M|\n|poke|p1|Iron Hands, L50|\n|poke|p1|Scraggy, L50, F|\n|poke|p1|Iron Bundle, L50|\n|poke|p2|Calyrex-Ice, L50|\n|poke|p2|Kyogre, L50|\n|poke|p2|Thundurus, L50, M|\n|poke|p2|Grimmsnarl, L50, M|\n|poke|p2|Basculegion, L50, M|\n|poke|p2|Weezing, L50, F|\n|teampreview|4\n|inactive|Battle timer is ON: inactive players will automatically lose when time's up. (requested by Aboogaboogaboo)\n|inactive|sheeshshane925 has 60 seconds left.\n|inactive|Aboogaboogaboo has 60 seconds left.\n|inactive|Aboogaboogaboo has 30 seconds left.\n|inactive|Aboogaboogaboo has 20 seconds left.\n|inactive|Aboogaboogaboo has 15 seconds left.\n|\n|t:|1773830811\n|teamsize|p1|4\n|teamsize|p2|4\n|start\n|switch|p1a: Iron Bundle|Iron Bundle, L50|100/100\n|switch|p1b: Miraidon|Miraidon, L50, shiny|100/100\n|switch|p2a: Calyrex|Calyrex-Ice, L50|100/100\n|switch|p2b: Weezing|Weezing, L50, F|100/100\n|-ability|p2b: Weezing|Neutralizing Gas\n|-ability|p2a: Calyrex|As One\n|-ability|p2a: Calyrex|Unnerve\n|turn|1\n|\n|t:|1773830835\n|-terastallize|p2a: Calyrex|Dragon\n|move|p1a: Iron Bundle|Freeze-Dry|p2b: Weezing\n|-damage|p2b: Weezing|70/100\n|move|p1b: Miraidon|Volt Switch|p2b: Weezing\n|-damage|p2b: Weezing|16/100\n|-enditem|p2b: Weezing|Sitrus Berry|[eat]\n|-heal|p2b: Weezing|41/100|[from] item: Sitrus Berry\n|-damage|p1b: Miraidon|91/100|[from] item: Life Orb\n|\n|t:|1773830846\n|switch|p1b: Calyrex|Calyrex-Ice, L50|100/100|[from] Volt Switch\n|-ability|p1b: Calyrex|As One\n|-ability|p1b: Calyrex|Unnerve\n|move|p2b: Weezing|Sludge Bomb|p1a: Iron Bundle\n|-damage|p1a: Iron Bundle|44/100\n|move|p2a: Calyrex|Glacial Lance|p1a: Iron Bundle|[spread] p1a,p1b\n|-resisted|p1a: Iron Bundle\n|-resisted|p1b: Calyrex\n|-damage|p1a: Iron Bundle|25/100\n|-damage|p1b: Calyrex|81/100\n|\n|upkeep\n|turn|2\n|inactive|Aboogaboogaboo has 30 seconds left.\n|\n|t:|1773830877\n|move|p2b: Weezing|Protect|p2b: Weezing\n|-singleturn|p2b: Weezing|Protect\n|move|p2a: Calyrex|Protect|p2a: Calyrex\n|-singleturn|p2a: Calyrex|Protect\n|move|p1a: Iron Bundle|Icy Wind|p2a: Calyrex|[spread] \n|-activate|p2a: Calyrex|move: Protect\n|-activate|p2b: Weezing|move: Protect\n|move|p1b: Calyrex|Glacial Lance|p2a: Calyrex|[spread] \n|-activate|p2a: Calyrex|move: Protect\n|-activate|p2b: Weezing|move: Protect\n|\n|upkeep\n|turn|3\n|\n|t:|1773830889\n|-end|p2b: Weezing|ability: Neutralizing Gas\n|switch|p2b: Basculegion|Basculegion, L50, M|100/100\n|switch|p2a: Kyogre|Kyogre, L50|100/100\n|-weather|RainDance|[from] ability: Drizzle|[of] p2a: Kyogre\n|move|p1a: Iron Bundle|Encore||[still]\n|-fail|p1a: Iron Bundle\n|move|p1b: Calyrex|Glacial Lance|p2a: Kyogre|[spread] p2a,p2b\n|-resisted|p2a: Kyogre\n|-resisted|p2b: Basculegion\n|-damage|p2a: Kyogre|67/100\n|-damage|p2b: Basculegion|66/100\n|\n|-weather|RainDance|[upkeep]\n|upkeep\n|turn|4\n|\n|t:|1773830910\n|switch|p1b: Miraidon|Miraidon, L50, shiny|91/100\n|-fieldstart|move: Electric Terrain|[from] ability: Hadron Engine|[of] p1b: Miraidon\n|-activate|p1a: Iron Bundle|ability: Quark Drive\n|-start|p1a: Iron Bundle|quarkdrivespe\n|move|p2b: Basculegion|Last Respects|p1a: Iron Bundle\n|-damage|p1a: Iron Bundle|0 fnt\n|faint|p1a: Iron Bundle\n|-end|p1a: Iron Bundle|Quark Drive|[silent]\n|move|p2a: Kyogre|Origin Pulse|p1b: Miraidon|[miss]\n|-miss|p2a: Kyogre|p1b: Miraidon\n|\n|-weather|RainDance|[upkeep]\n|upkeep\n|\n|t:|1773830924\n|switch|p1a: Calyrex|Calyrex-Ice, L50|81/100\n|-ability|p1a: Calyrex|As One\n|-ability|p1a: Calyrex|Unnerve\n|turn|5\n|inactive|Aboogaboogaboo has 30 seconds left.\n|\n|t:|1773830958\n|switch|p2b: Weezing|Weezing, L50, F|41/100\n|-ability|p2b: Weezing|Neutralizing Gas\n|-terastallize|p1a: Calyrex|Fire\n|move|p2a: Kyogre|Protect|p2a: Kyogre\n|-singleturn|p2a: Kyogre|Protect\n|move|p1b: Miraidon|Volt Switch|p2a: Kyogre\n|-activate|p2a: Kyogre|move: Protect\n|move|p1a: Calyrex|Trick Room|p1a: Calyrex\n|-fieldstart|move: Trick Room|[of] p1a: Calyrex\n|\n|-weather|RainDance|[upkeep]\n|upkeep\n|turn|6\n|\n|t:|1773830975\n|move|p1a: Calyrex|Protect|p1a: Calyrex\n|-singleturn|p1a: Calyrex|Protect\n|move|p2b: Weezing|Sludge Bomb|p1b: Miraidon\n|-damage|p1b: Miraidon|70/100\n|move|p1b: Miraidon|Volt Switch|p2a: Kyogre\n|-supereffective|p2a: Kyogre\n|-damage|p2a: Kyogre|0 fnt\n|faint|p2a: Kyogre\n|-damage|p1b: Miraidon|60/100|[from] item: Life Orb\n|\n|t:|1773830985\n|switch|p1b: Scraggy|Scraggy, L50, F|100/100|[from] Volt Switch\n|\n|-weather|RainDance|[upkeep]\n|upkeep\n|\n|t:|1773830987\n|switch|p2a: Calyrex|Calyrex-Ice, L50, tera:Dragon|100/100\n|-ability|p2a: Calyrex|As One\n|-ability|p2a: Calyrex|Unnerve\n|turn|7\n|\n|t:|1773831000\n|move|p2a: Calyrex|Protect|p2a: Calyrex\n|-singleturn|p2a: Calyrex|Protect\n|move|p2b: Weezing|Protect|p2b: Weezing\n|-singleturn|p2b: Weezing|Protect\n|move|p1b: Scraggy|Coaching|p1a: Calyrex\n|-boost|p1a: Calyrex|atk|1\n|-boost|p1a: Calyrex|def|1\n|move|p1a: Calyrex|Glacial Lance|p2b: Weezing|[spread] \n|-activate|p2a: Calyrex|move: Protect\n|-activate|p2b: Weezing|move: Protect\n|\n|-weather|none\n|upkeep\n|turn|8\n|\n|t:|1773831013\n|move|p1b: Scraggy|Coaching|p1a: Calyrex\n|-boost|p1a: Calyrex|atk|1\n|-boost|p1a: Calyrex|def|1\n|move|p1a: Calyrex|Glacial Lance|p2a: Calyrex|[spread] p2a,p2b\n|-supereffective|p2a: Calyrex\n|-damage|p2a: Calyrex|0 fnt\n|-damage|p2b: Weezing|0 fnt\n|faint|p2a: Calyrex\n|faint|p2b: Weezing\n|-end|p2b: Weezing|ability: Neutralizing Gas\n|-ability|p1a: Calyrex|Chilling Neigh|boost\n|-boost|p1a: Calyrex|atk|2\n|\n|-fieldend|move: Electric Terrain\n|upkeep\n|\n|t:|1773831019\n|switch|p2b: Basculegion|Basculegion, L50, M|66/100\n|turn|9\n|\n|t:|1773831027\n|move|p2b: Basculegion|Aqua Jet|p1a: Calyrex\n|-supereffective|p1a: Calyrex\n|-damage|p1a: Calyrex|69/100\n|move|p1b: Scraggy|Foul Play|p2b: Basculegion\n|-supereffective|p2b: Basculegion\n|-damage|p2b: Basculegion|0 fnt\n|faint|p2b: Basculegion\n|\n|win|sheeshshane925\n|raw|sheeshshane925's rating: 1414 &rarr; <strong>1430</strong><br />(+16 for winning)\n|raw|Aboogaboogaboo's rating: 1346 &rarr; <strong>1330</strong><br />(-16 for losing)\n|l|\u2606sheeshshane925\n|player|p1|\n|l|\u2606Aboogaboogaboo\n|player|p2|\n","uploadtime":1773831209,"views":11,"formatid":"gen9vgc2026regi","rating":1330,"private":0,"password":null}