{"id":"gen9vgc2026regi-2578937300","format":"[Gen 9] VGC 2026 Reg I","players":["josephr21","Luxerna"],"log":"|j|\u2606josephr21\n|j|\u2606Luxerna\n|t:|1775738374\n|gametype|doubles\n|player|p1|josephr21|169|1456\n|player|p2|Luxerna|dawn-gen4pt|1547\n|gen|9\n|tier|[Gen 9] VGC 2026 Reg I\n|rated|\n|rule|Species Clause: Limit one of each Pok\u00e9mon\n|rule|Item Clause: Limit 1 of each item\n|clearpoke\n|poke|p1|Kyogre, L50|\n|poke|p1|Tornadus, L50, M|\n|poke|p1|Wo-Chien, L50|\n|poke|p1|Arcanine-Hisui, L50, F|\n|poke|p1|Gastrodon, L50, F|\n|poke|p1|Indeedee-F, L50, F|\n|poke|p2|Zamazenta-*, L50|\n|poke|p2|Calyrex-Shadow, L50|\n|poke|p2|Chien-Pao, L50|\n|poke|p2|Dragonite, L50, M|\n|poke|p2|Ogerpon-Cornerstone, L50, F|\n|poke|p2|Raging Bolt, L50|\n|teampreview|4\n|inactive|Battle timer is ON: inactive players will automatically lose when time's up. (requested by josephr21)\n|inactive|josephr21 has 60 seconds left.\n|inactive|Luxerna has 60 seconds left.\n|\n|t:|1775738416\n|teamsize|p1|4\n|teamsize|p2|4\n|start\n|switch|p1a: Arcanine|Arcanine-Hisui, L50, F|100/100\n|switch|p1b: Tornadus|Tornadus, L50, M|100/100\n|switch|p2a: Dragonite|Dragonite, L50, M|100/100\n|switch|p2b: Chien-Pao|Chien-Pao, L50|100/100\n|-ability|p2b: Chien-Pao|Sword of Ruin\n|-ability|p1a: Arcanine|Intimidate|boost\n|-fail|p2a: Dragonite|unboost|Attack|[from] ability: Inner Focus|[of] p2a: Dragonite\n|-unboost|p2b: Chien-Pao|atk|1\n|turn|1\n|\n|t:|1775738430\n|-terastallize|p2a: Dragonite|Normal\n|move|p1b: Tornadus|Protect|p1b: Tornadus\n|-singleturn|p1b: Tornadus|Protect\n|move|p2a: Dragonite|Extreme Speed|p1b: Tornadus\n|-activate|p1b: Tornadus|move: Protect\n|move|p2b: Chien-Pao|Ruination|p1a: Arcanine|[miss]\n|-miss|p2b: Chien-Pao|p1a: Arcanine\n|move|p1a: Arcanine|Rock Slide|p2a: Dragonite|[spread] p2a,p2b\n|-supereffective|p2b: Chien-Pao\n|-damage|p2a: Dragonite|38/100\n|-enditem|p2b: Chien-Pao|Focus Sash\n|-damage|p2b: Chien-Pao|1/100\n|\n|upkeep\n|turn|2\n|\n|t:|1775738446\n|switch|p1b: Indeedee|Indeedee-F, L50, F|100/100\n|-fieldstart|move: Psychic Terrain|[from] ability: Psychic Surge|[of] p1b: Indeedee\n|-enditem|p1b: Indeedee|Psychic Seed\n|-boost|p1b: Indeedee|spd|1|[from] item: Psychic Seed\n|move|p2a: Dragonite|Extreme Speed|p1b: Indeedee\n|-activate|p1b: Indeedee|move: Psychic Terrain\n|move|p2b: Chien-Pao|Ruination|p1a: Arcanine\n|-damage|p1a: Arcanine|50/100\n|move|p1a: Arcanine|Rock Slide|p2b: Chien-Pao|[spread] p2a,p2b\n|-supereffective|p2b: Chien-Pao\n|-damage|p2a: Dragonite|0 fnt\n|-damage|p2b: Chien-Pao|0 fnt\n|faint|p2a: Dragonite\n|faint|p2b: Chien-Pao\n|\n|upkeep\n|\n|t:|1775738448\n|switch|p2b: Raging Bolt|Raging Bolt, L50|100/100\n|switch|p2a: Calyrex|Calyrex-Shadow, L50|100/100\n|-ability|p2a: Calyrex|As One\n|-ability|p2a: Calyrex|Unnerve\n|-enditem|p2b: Raging Bolt|Booster Energy\n|-activate|p2b: Raging Bolt|ability: Protosynthesis|[fromitem]\n|-start|p2b: Raging Bolt|protosynthesisspa\n|turn|3\n|\n|t:|1775738472\n|switch|p1a: Gastrodon|Gastrodon, L50, F|100/100\n|move|p2a: Calyrex|Astral Barrage|p1a: Gastrodon|[spread] p1a\n|-immune|p1b: Indeedee\n|-damage|p1a: Gastrodon|37/100\n|-damage|p2a: Calyrex|91/100|[from] item: Life Orb\n|move|p1b: Indeedee|Psychic|p2a: Calyrex\n|-resisted|p2a: Calyrex\n|-damage|p2a: Calyrex|72/100\n|move|p2b: Raging Bolt|Thunderbolt|p1b: Indeedee\n|-damage|p1b: Indeedee|68/100\n|\n|upkeep\n|turn|4\n|\n|t:|1775738493\n|move|p2a: Calyrex|Astral Barrage|p1b: Indeedee|[spread] p1a\n|-immune|p1b: Indeedee\n|-damage|p1a: Gastrodon|0 fnt\n|faint|p1a: Gastrodon\n|-ability|p2a: Calyrex|Grim Neigh|boost\n|-boost|p2a: Calyrex|spa|1\n|-damage|p2a: Calyrex|62/100|[from] item: Life Orb\n|move|p1b: Indeedee|Psychic|p2a: Calyrex\n|-resisted|p2a: Calyrex\n|-damage|p2a: Calyrex|43/100\n|move|p2b: Raging Bolt|Thunderbolt|p1b: Indeedee\n|-damage|p1b: Indeedee|36/100\n|\n|upkeep\n|\n|t:|1775738501\n|switch|p1a: Tornadus|Tornadus, L50, M|100/100\n|turn|5\n|\n|t:|1775738521\n|move|p1a: Tornadus|Tailwind|p1a: Tornadus\n|-sidestart|p1: josephr21|move: Tailwind\n|move|p2a: Calyrex|Psychic|p1b: Indeedee\n|-resisted|p1b: Indeedee\n|-damage|p1b: Indeedee|0 fnt\n|faint|p1b: Indeedee\n|-ability|p2a: Calyrex|Grim Neigh|boost\n|-boost|p2a: Calyrex|spa|1\n|-damage|p2a: Calyrex|33/100|[from] item: Life Orb\n|move|p2b: Raging Bolt|Thunderbolt|p1a: Tornadus\n|-supereffective|p1a: Tornadus\n|-crit|p1a: Tornadus\n|-damage|p1a: Tornadus|0 fnt\n|faint|p1a: Tornadus\n|\n|upkeep\n|\n|t:|1775738524\n|switch|p1a: Arcanine|Arcanine-Hisui, L50, F|50/100\n|-ability|p1a: Arcanine|Intimidate|boost\n|-unboost|p2a: Calyrex|atk|1\n|-unboost|p2b: Raging Bolt|atk|1\n|turn|6\n|\n|t:|1775738537\n|move|p2a: Calyrex|Protect|p2a: Calyrex\n|-singleturn|p2a: Calyrex|Protect\n|move|p2b: Raging Bolt|Protect|p2b: Raging Bolt\n|-singleturn|p2b: Raging Bolt|Protect\n|move|p1a: Arcanine|Rock Slide|p2b: Raging Bolt|[spread] \n|-activate|p2a: Calyrex|move: Protect\n|-activate|p2b: Raging Bolt|move: Protect\n|\n|-fieldend|move: Psychic Terrain\n|upkeep\n|turn|7\n|\n|t:|1775738545\n|move|p2b: Raging Bolt|Thunderclap|p1a: Arcanine\n|-damage|p1a: Arcanine|0 fnt\n|faint|p1a: Arcanine\n|\n|win|Luxerna\n|raw|josephr21's rating: 1456 &rarr; <strong>1441</strong><br />(-15 for losing)\n|raw|Luxerna's rating: 1547 &rarr; <strong>1562</strong><br />(+15 for winning)\n|l|\u2606josephr21\n|player|p1|\n|l|\u2606Luxerna\n|player|p2|\n","uploadtime":1775738727,"views":20,"formatid":"gen9vgc2026regi","rating":1441,"private":0,"password":null}