{"id":"gen9vgc2026regi-2560663213","format":"[Gen 9] VGC 2026 Reg I","players":["terafireflareblitz","ronnoc02"],"log":"|j|\u2606terafireflareblitz\n|j|\u2606ronnoc02\n|t:|1773709875\n|gametype|doubles\n|player|p1|terafireflareblitz|sycamore|1484\n|player|p2|ronnoc02|102|1443\n|gen|9\n|tier|[Gen 9] VGC 2026 Reg I\n|rated|\n|rule|Species Clause: Limit one of each Pok\u00e9mon\n|rule|Item Clause: Limit 1 of each item\n|clearpoke\n|poke|p1|Koraidon, L50|\n|poke|p1|Lunala, L50|\n|poke|p1|Indeedee-F, L50, F|\n|poke|p1|Flutter Mane, L50|\n|poke|p1|Chi-Yu, L50|\n|poke|p1|Ursaluna, L50, F|\n|poke|p2|Rayquaza, L50|\n|poke|p2|Lunala, L50|\n|poke|p2|Weezing-Galar, L50, F|\n|poke|p2|Chi-Yu, L50|\n|poke|p2|Ogerpon-Hearthflame, L50, F|\n|poke|p2|Urshifu-*, L50, M|\n|teampreview|4\n|inactive|Battle timer is ON: inactive players will automatically lose when time's up. (requested by terafireflareblitz)\n|inactive|ronnoc02 has 60 seconds left.\n|\n|t:|1773709911\n|teamsize|p1|4\n|teamsize|p2|4\n|start\n|switch|p1a: Lunala|Lunala, L50, shiny|100/100\n|switch|p1b: Indeedee|Indeedee-F, L50, F, shiny|100/100\n|switch|p2a: Rayquaza|Rayquaza, L50, shiny|100/100\n|switch|p2b: Weezing|Weezing-Galar, L50, F, shiny|100/100\n|-ability|p2b: Weezing|Neutralizing Gas\n|turn|1\n|\n|t:|1773709918\n|move|p2a: Rayquaza|Swords Dance|p2a: Rayquaza\n|-boost|p2a: Rayquaza|atk|2\n|move|p1a: Lunala|Meteor Beam||[still]\n|-prepare|p1a: Lunala|Meteor Beam\n|-boost|p1a: Lunala|spa|1\n|-enditem|p1a: Lunala|Power Herb\n|-anim|p1a: Lunala|Meteor Beam|p2a: Rayquaza\n|-supereffective|p2a: Rayquaza\n|-damage|p2a: Rayquaza|0 fnt\n|faint|p2a: Rayquaza\n|move|p1b: Indeedee|Alluring Voice|p2b: Weezing\n|-resisted|p2b: Weezing\n|-damage|p2b: Weezing|92/100\n|move|p2b: Weezing|Taunt|p1b: Indeedee\n|-start|p1b: Indeedee|move: Taunt\n|\n|-heal|p2b: Weezing|98/100|[from] item: Leftovers\n|upkeep\n|\n|t:|1773709926\n|switch|p2a: Chi-Yu|Chi-Yu, L50|100/100\n|turn|2\n|\n|t:|1773709931\n|-terastallize|p1a: Lunala|Water\n|move|p2a: Chi-Yu|Snarl|p1a: Lunala|[spread] p1a,p1b\n|-supereffective|p1b: Indeedee\n|-damage|p1a: Lunala|84/100\n|-damage|p1b: Indeedee|53/100\n|-unboost|p1a: Lunala|spa|1\n|-unboost|p1b: Indeedee|spa|1\n|move|p1a: Lunala|Expanding Force|p2b: Weezing\n|-supereffective|p2b: Weezing\n|-damage|p2b: Weezing|0 fnt\n|faint|p2b: Weezing\n|-end|p2b: Weezing|ability: Neutralizing Gas\n|-ability|p2a: Chi-Yu|Beads of Ruin\n|-fieldstart|move: Psychic Terrain|[from] ability: Psychic Surge|[of] p1b: Indeedee\n|move|p1b: Indeedee|Alluring Voice|p2a: Chi-Yu\n|-damage|p2a: Chi-Yu|88/100\n|\n|upkeep\n|\n|t:|1773709935\n|switch|p2b: Lunala|Lunala, L50|100/100\n|turn|3\n|\n|t:|1773709942\n|-terastallize|p2b: Lunala|Fairy\n|move|p2a: Chi-Yu|Snarl|p1b: Indeedee|[spread] p1a,p1b\n|-supereffective|p1b: Indeedee\n|-damage|p1a: Lunala|63/100\n|-damage|p1b: Indeedee|0 fnt\n|-unboost|p1a: Lunala|spa|1\n|faint|p1b: Indeedee\n|move|p2b: Lunala|Meteor Beam||[still]\n|-prepare|p2b: Lunala|Meteor Beam\n|-boost|p2b: Lunala|spa|1\n|-enditem|p2b: Lunala|Power Herb\n|-anim|p2b: Lunala|Meteor Beam|p1a: Lunala\n|-damage|p1a: Lunala|1/100\n|move|p1a: Lunala|Meteor Beam||[still]\n|-prepare|p1a: Lunala|Meteor Beam\n|-boost|p1a: Lunala|spa|1\n|\n|upkeep\n|\n|t:|1773709945\n|switch|p1b: Koraidon|Koraidon, L50, shiny|100/100\n|-weather|SunnyDay|[from] ability: Orichalcum Pulse|[of] p1b: Koraidon\n|-activate|p1b: Koraidon|Orichalcum Pulse|[source]\n|turn|4\n|\n|t:|1773709959\n|move|p1b: Koraidon|Protect|p1b: Koraidon\n|-singleturn|p1b: Koraidon|Protect\n|move|p2a: Chi-Yu|Snarl|p1a: Lunala|[spread] p1a\n|-activate|p1b: Koraidon|move: Protect\n|-crit|p1a: Lunala\n|-damage|p1a: Lunala|0 fnt\n|faint|p1a: Lunala\n|move|p2b: Lunala|Moongeist Beam|p1b: Koraidon\n|-activate|p1b: Koraidon|move: Protect\n|\n|-weather|SunnyDay|[upkeep]\n|upkeep\n|\n|t:|1773709967\n|switch|p1a: Flutter Mane|Flutter Mane, L50, shiny|100/100\n|-activate|p1a: Flutter Mane|ability: Protosynthesis\n|-start|p1a: Flutter Mane|protosynthesisspe\n|turn|5\n|\n|t:|1773709986\n|move|p1a: Flutter Mane|Moonblast|p2b: Lunala\n|-damage|p2b: Lunala|76/100\n|move|p2a: Chi-Yu|Snarl|p1a: Flutter Mane|[spread] p1a,p1b\n|-resisted|p1b: Koraidon\n|-damage|p1a: Flutter Mane|68/100\n|-damage|p1b: Koraidon|85/100\n|-unboost|p1a: Flutter Mane|spa|1\n|-unboost|p1b: Koraidon|spa|1\n|move|p1b: Koraidon|Flare Blitz|p2b: Lunala\n|-damage|p2b: Lunala|0 fnt\n|faint|p2b: Lunala\n|-damage|p1b: Koraidon|51/100|[from] Recoil\n|-damage|p1b: Koraidon|42/100|[from] item: Life Orb\n|\n|-weather|SunnyDay|[upkeep]\n|upkeep\n|turn|6\n|c|\u2606ronnoc02|gg\n|\n|t:|1773709993\n|move|p1a: Flutter Mane|Icy Wind|p2a: Chi-Yu\n|-resisted|p2a: Chi-Yu\n|-damage|p2a: Chi-Yu|81/100\n|-unboost|p2a: Chi-Yu|spe|1\n|move|p1b: Koraidon|Close Combat|p2a: Chi-Yu\n|-supereffective|p2a: Chi-Yu\n|-damage|p2a: Chi-Yu|0 fnt\n|-unboost|p1b: Koraidon|def|1\n|-unboost|p1b: Koraidon|spd|1\n|faint|p2a: Chi-Yu\n|-damage|p1b: Koraidon|32/100|[from] item: Life Orb\n|\n|win|terafireflareblitz\n|raw|terafireflareblitz's rating: 1484 &rarr; <strong>1502</strong><br />(+18 for winning)\n|raw|ronnoc02's rating: 1443 &rarr; <strong>1425</strong><br />(-18 for losing)\n","uploadtime":1773709994,"views":11,"formatid":"gen9vgc2026regi","rating":1425,"private":0,"password":null}