{"id":"gen9vgc2026regi-2574537163","format":"[Gen 9] VGC 2026 Reg I","players":["aerialac","TheNamesBetty"],"log":"|j|\u2606aerialac\n|j|\u2606TheNamesBetty\n|t:|1775248810\n|gametype|doubles\n|player|p1|aerialac|2|1362\n|player|p2|TheNamesBetty|koga|1480\n|gen|9\n|tier|[Gen 9] VGC 2026 Reg I\n|rated|\n|rule|Species Clause: Limit one of each Pok\u00e9mon\n|rule|Item Clause: Limit 1 of each item\n|clearpoke\n|poke|p1|Groudon, L50|\n|poke|p1|Miraidon, L50|\n|poke|p1|Grimmsnarl, L50, M|\n|poke|p1|Slither Wing, L50|\n|poke|p1|Incineroar, L50, F|\n|poke|p1|Ditto, L50|\n|poke|p2|Koraidon, L50|\n|poke|p2|Calyrex-Shadow, L50|\n|poke|p2|Tornadus, L50, M|\n|poke|p2|Urshifu-*, L50, F|\n|poke|p2|Clefairy, L50, M|\n|poke|p2|Dewgong, L50, F|\n|teampreview|4\n|inactive|Battle timer is ON: inactive players will automatically lose when time's up. (requested by aerialac)\n|c|\u2606aerialac|gl hf - cool team!\n|inactive|aerialac has 60 seconds left.\n|inactive|TheNamesBetty has 60 seconds left.\n|inactive|TheNamesBetty has 30 seconds left.\n|inactive|TheNamesBetty has 20 seconds left.\n|\n|t:|1775248882\n|teamsize|p1|4\n|teamsize|p2|4\n|start\n|switch|p1a: Miraidon|Miraidon, L50|100/100\n|switch|p1b: Grimmsnarl|Grimmsnarl, L50, M|100/100\n|switch|p2a: Kedluben|Calyrex-Shadow, L50|100/100\n|switch|p2b: Jan\u017di\u017ekaZTrocnova|Koraidon, L50|100/100\n|-ability|p2a: Kedluben|As One\n|-ability|p2a: Kedluben|Unnerve\n|-weather|SunnyDay|[from] ability: Orichalcum Pulse|[of] p2b: Jan\u017di\u017ekaZTrocnova\n|-activate|p2b: Jan\u017di\u017ekaZTrocnova|Orichalcum Pulse|[source]\n|-fieldstart|move: Electric Terrain|[from] ability: Hadron Engine|[of] p1a: Miraidon\n|turn|1\n|\n|t:|1775248898\n|-terastallize|p2b: Jan\u017di\u017ekaZTrocnova|Fire\n|-terastallize|p1a: Miraidon|Fairy\n|move|p1b: Grimmsnarl|Thunder Wave|p2b: Jan\u017di\u017ekaZTrocnova\n|-status|p2b: Jan\u017di\u017ekaZTrocnova|par\n|move|p2a: Kedluben|Psychic|p1a: Miraidon\n|-damage|p1a: Miraidon|46/100\n|-damage|p2a: Kedluben|91/100|[from] item: Life Orb\n|move|p1a: Miraidon|Dazzling Gleam|p2b: Jan\u017di\u017ekaZTrocnova|[spread] p2a,p2b\n|-resisted|p2b: Jan\u017di\u017ekaZTrocnova\n|-damage|p2a: Kedluben|26/100\n|-damage|p2b: Jan\u017di\u017ekaZTrocnova|76/100 par\n|move|p2b: Jan\u017di\u017ekaZTrocnova|Flame Charge|p1a: Miraidon\n|-damage|p1a: Miraidon|0 fnt\n|-boost|p2b: Jan\u017di\u017ekaZTrocnova|spe|1\n|faint|p1a: Miraidon\n|\n|-weather|SunnyDay|[upkeep]\n|upkeep\n|\n|t:|1775248916\n|switch|p1a: Incineroar|Incineroar, L50, F|100/100\n|-ability|p1a: Incineroar|Intimidate|boost\n|-unboost|p2a: Kedluben|atk|1\n|-fail|p2b: Jan\u017di\u017ekaZTrocnova|unboost|[from] item: Clear Amulet|[of] p2b: Jan\u017di\u017ekaZTrocnova\n|turn|2\n|\n|t:|1775248933\n|switch|p2a: DDDMaxVerstappeb|Dewgong, L50, F|100/100\n|move|p1a: Incineroar|Fake Out|p2b: Jan\u017di\u017ekaZTrocnova\n|-damage|p2b: Jan\u017di\u017ekaZTrocnova|68/100 par\n|move|p1b: Grimmsnarl|Light Screen|p1b: Grimmsnarl\n|-sidestart|p1: aerialac|move: Light Screen\n|cant|p2b: Jan\u017di\u017ekaZTrocnova|flinch\n|\n|-weather|SunnyDay|[upkeep]\n|upkeep\n|turn|3\n|\n|t:|1775248949\n|move|p2a: DDDMaxVerstappeb|Fake Out|p1b: Grimmsnarl\n|-damage|p1b: Grimmsnarl|93/100\n|cant|p1b: Grimmsnarl|flinch\n|move|p2b: Jan\u017di\u017ekaZTrocnova|Collision Course|p1a: Incineroar\n|-supereffective|p1a: Incineroar\n|-damage|p1a: Incineroar|0 fnt\n|-damage|p2b: Jan\u017di\u017ekaZTrocnova|51/100 par|[from] item: Rocky Helmet|[of] p1a: Incineroar\n|faint|p1a: Incineroar\n|\n|-weather|SunnyDay|[upkeep]\n|upkeep\n|\n|t:|1775248959\n|switch|p1a: Ditto|Ditto, L50|100/100\n|-transform|p1a: Ditto|p2b: Jan\u017di\u017ekaZTrocnova|[from] ability: Imposter\n|-activate|p1a: Ditto|ability: Orichalcum Pulse\n|-start|p1a: Ditto|typechange|Fighting/Dragon|[silent]\n|turn|4\n|\n|t:|1775248973\n|move|p1a: Ditto|Protect|p1a: Ditto\n|-singleturn|p1a: Ditto|Protect\n|cant|p2b: Jan\u017di\u017ekaZTrocnova|par\n|move|p1b: Grimmsnarl|Thunder Wave|p2a: DDDMaxVerstappeb\n|-status|p2a: DDDMaxVerstappeb|par\n|cant|p2a: DDDMaxVerstappeb|par\n|\n|-weather|SunnyDay|[upkeep]\n|upkeep\n|turn|5\n|c|\u2606TheNamesBetty|F\n|inactive|TheNamesBetty has 30 seconds left.\n|\n|t:|1775249000\n|switch|p2b: Houska se sal\u00e1mem|Urshifu, L50, F|100/100\n|move|p1a: Ditto|Collision Course|p2b: Houska se sal\u00e1mem\n|-supereffective|p2b: Houska se sal\u00e1mem\n|-damage|p2b: Houska se sal\u00e1mem|0 fnt\n|faint|p2b: Houska se sal\u00e1mem\n|move|p1b: Grimmsnarl|Spirit Break|p2a: DDDMaxVerstappeb\n|-damage|p2a: DDDMaxVerstappeb|69/100 par\n|move|p2a: DDDMaxVerstappeb|Perish Song|p2a: DDDMaxVerstappeb\n|-start|p1a: Ditto|perish3|[silent]\n|-start|p1b: Grimmsnarl|perish3|[silent]\n|-start|p2a: DDDMaxVerstappeb|perish3|[silent]\n|-fieldactivate|move: Perish Song\n|\n|-weather|none\n|-start|p1a: Ditto|perish3\n|-start|p1b: Grimmsnarl|perish3\n|-start|p2a: DDDMaxVerstappeb|perish3\n|-fieldend|move: Electric Terrain\n|upkeep\n|\n|t:|1775249016\n|switch|p2b: Kedluben|Calyrex-Shadow, L50|26/100\n|-ability|p2b: Kedluben|As One\n|-ability|p2b: Kedluben|Unnerve\n|turn|6\n|\n|t:|1775249040\n|move|p2b: Kedluben|Protect|p2b: Kedluben\n|-singleturn|p2b: Kedluben|Protect\n|move|p2a: DDDMaxVerstappeb|Protect|p2a: DDDMaxVerstappeb\n|-singleturn|p2a: DDDMaxVerstappeb|Protect\n|move|p1a: Ditto|Flame Charge|p2b: Kedluben\n|-activate|p2b: Kedluben|move: Protect\n|move|p1b: Grimmsnarl|Spirit Break|p2a: DDDMaxVerstappeb\n|-activate|p2a: DDDMaxVerstappeb|move: Protect\n|\n|-start|p1a: Ditto|perish2\n|-start|p1b: Grimmsnarl|perish2\n|-start|p2a: DDDMaxVerstappeb|perish2\n|upkeep\n|turn|7\n|\n|t:|1775249056\n|switch|p2a: Jan\u017di\u017ekaZTrocnova|Koraidon, L50, tera:Fire|51/100 par\n|-weather|SunnyDay|[from] ability: Orichalcum Pulse|[of] p2a: Jan\u017di\u017ekaZTrocnova\n|-activate|p2a: Jan\u017di\u017ekaZTrocnova|Orichalcum Pulse|[source]\n|move|p2b: Kedluben|Protect|p2b: Kedluben\n|-singleturn|p2b: Kedluben|Protect\n|move|p1a: Ditto|Collision Course|p2a: Jan\u017di\u017ekaZTrocnova\n|-damage|p2a: Jan\u017di\u017ekaZTrocnova|0 fnt\n|faint|p2a: Jan\u017di\u017ekaZTrocnova\n|move|p1b: Grimmsnarl|Spirit Break|p2b: Kedluben\n|-activate|p2b: Kedluben|move: Protect\n|\n|-weather|SunnyDay|[upkeep]\n|-start|p1a: Ditto|perish1\n|-start|p1b: Grimmsnarl|perish1\n|upkeep\n|\n|t:|1775249067\n|switch|p2a: DDDMaxVerstappeb|Dewgong, L50, F|69/100 par\n|turn|8\n|c|\u2606aerialac|gg\n|\n|t:|1775249077\n|move|p2b: Kedluben|Protect|p2b: Kedluben\n|-singleturn|p2b: Kedluben|Protect\n|cant|p2a: DDDMaxVerstappeb|par\n|move|p1a: Ditto|Collision Course|p2a: DDDMaxVerstappeb\n|-supereffective|p2a: DDDMaxVerstappeb\n|-damage|p2a: DDDMaxVerstappeb|0 fnt\n|faint|p2a: DDDMaxVerstappeb\n|move|p1b: Grimmsnarl|Spirit Break|p2b: Kedluben\n|-activate|p2b: Kedluben|move: Protect\n|\n|-weather|SunnyDay|[upkeep]\n|-start|p1a: Ditto|perish0\n|-start|p1b: Grimmsnarl|perish0\n|faint|p1a: Ditto\n|faint|p1b: Grimmsnarl\n|\n|win|TheNamesBetty\n|raw|aerialac's rating: 1362 &rarr; <strong>1349</strong><br />(-13 for losing)\n|raw|TheNamesBetty's rating: 1480 &rarr; <strong>1493</strong><br />(+13 for winning)\n|l|\u2606aerialac\n|player|p1|\n","uploadtime":1775249096,"views":10,"formatid":"gen9vgc2026regi","rating":1349,"private":0,"password":null}