{"id":"gen9vgc2026regi-2573260995","format":"[Gen 9] VGC 2026 Reg I","players":["swordsdanceurshifu","eru_kh"],"log":"|j|\u2606swordsdanceurshifu\n|j|\u2606eru_kh\n|t:|1775111098\n|gametype|doubles\n|player|p1|swordsdanceurshifu|266|1428\n|player|p2|eru_kh|169|1436\n|gen|9\n|tier|[Gen 9] VGC 2026 Reg I\n|rated|\n|rule|Species Clause: Limit one of each Pok\u00e9mon\n|rule|Item Clause: Limit 1 of each item\n|clearpoke\n|poke|p1|Terapagos, L50, M|\n|poke|p1|Ho-Oh, L50|\n|poke|p1|Raging Bolt, L50|\n|poke|p1|Urshifu-*, L50, F|\n|poke|p1|Incineroar, L50, M|\n|poke|p1|Sinistcha, L50|\n|poke|p2|Groudon, L50|\n|poke|p2|Chi-Yu, L50|\n|poke|p2|Flutter Mane, L50|\n|poke|p2|Raging Bolt, L50|\n|poke|p2|Calyrex-Ice, L50|\n|poke|p2|Jumpluff, L50, F|\n|teampreview|4\n|inactive|Battle timer is ON: inactive players will automatically lose when time's up. (requested by swordsdanceurshifu)\n|inactive|swordsdanceurshifu has 60 seconds left.\n|\n|t:|1775111153\n|teamsize|p1|4\n|teamsize|p2|4\n|start\n|switch|p1a: Terapagos|Terapagos, L50, M|100/100\n|switch|p1b: Incineroar|Incineroar, L50, M|100/100\n|switch|p2a: Chi-Yu|Chi-Yu, L50|100/100\n|switch|p2b: Flutter Mane|Flutter Mane, L50|100/100\n|-activate|p1a: Terapagos|ability: Tera Shift\n|detailschange|p1a: Terapagos|Terapagos-Terastal, L50, M\n|-heal|p1a: Terapagos|100/100|[silent]\n|-ability|p2a: Chi-Yu|Beads of Ruin\n|-ability|p1b: Incineroar|Intimidate|boost\n|-unboost|p2a: Chi-Yu|atk|1\n|-unboost|p2b: Flutter Mane|atk|1\n|turn|1\n|inactive|eru_kh has 30 seconds left.\n|\n|t:|1775111182\n|switch|p2a: Calyrex|Calyrex-Ice, L50|100/100\n|-ability|p2a: Calyrex|As One\n|-ability|p2a: Calyrex|Unnerve\n|move|p1b: Incineroar|Fake Out|p2a: Calyrex\n|-damage|p2a: Calyrex|95/100\n|move|p2b: Flutter Mane|Moonblast|p1b: Incineroar\n|-damage|p1b: Incineroar|74/100\n|move|p1a: Terapagos|Calm Mind|p1a: Terapagos\n|-boost|p1a: Terapagos|spa|1\n|-boost|p1a: Terapagos|spd|1\n|\n|upkeep\n|turn|2\n|inactive|swordsdanceurshifu has 30 seconds left.\n|inactive|eru_kh has 30 seconds left.\n|\n|t:|1775111210\n|move|p1a: Terapagos|Protect|p1a: Terapagos\n|-singleturn|p1a: Terapagos|Protect\n|move|p2b: Flutter Mane|Moonblast|p1b: Incineroar\n|-damage|p1b: Incineroar|43/100\n|move|p2a: Calyrex|Leech Seed|p1a: Terapagos\n|-activate|p1a: Terapagos|move: Protect\n|move|p1b: Incineroar|Flare Blitz|p2a: Calyrex\n|-supereffective|p2a: Calyrex\n|-damage|p2a: Calyrex|47/100\n|-status|p2a: Calyrex|brn\n|-enditem|p2a: Calyrex|Sitrus Berry|[eat]\n|-heal|p2a: Calyrex|72/100 brn|[from] item: Sitrus Berry\n|-damage|p1b: Incineroar|27/100|[from] Recoil\n|\n|-damage|p2a: Calyrex|66/100 brn|[from] brn\n|upkeep\n|turn|3\n|inactive|swordsdanceurshifu has 30 seconds left.\n|\n|t:|1775111238\n|switch|p1b: Ho-Oh|Ho-Oh, L50|100/100\n|-terastallize|p1a: Terapagos|Stellar\n|detailschange|p1a: Terapagos|Terapagos-Stellar, L50, M, tera:Stellar\n|-heal|p1a: Terapagos|100/100|[silent]\n|move|p2b: Flutter Mane|Icy Wind|p1a: Terapagos|[spread] p1a,p1b\n|-damage|p1a: Terapagos|94/100\n|-damage|p1b: Ho-Oh|92/100\n|move|p1a: Terapagos|Tera Starstorm|p2b: Flutter Mane|[spread] p2a,p2b\n|-damage|p2a: Calyrex|31/100 brn\n|-damage|p2b: Flutter Mane|42/100\n|move|p2a: Calyrex|Leech Seed|p1a: Terapagos\n|-start|p1a: Terapagos|move: Leech Seed\n|\n|-damage|p1a: Terapagos|82/100|[from] Leech Seed|[of] p2a: Calyrex\n|-heal|p2a: Calyrex|47/100 brn|[silent]\n|-damage|p2a: Calyrex|41/100 brn|[from] brn\n|upkeep\n|turn|4\n|inactive|swordsdanceurshifu has 30 seconds left.\n|inactive|eru_kh has 30 seconds left.\n|inactive|swordsdanceurshifu has 20 seconds left.\n|inactive|swordsdanceurshifu has 15 seconds left.\n|\n|t:|1775111279\n|switch|p2a: Chi-Yu|Chi-Yu, L50|100/100\n|-ability|p2a: Chi-Yu|Beads of Ruin\n|move|p2b: Flutter Mane|Moonblast|p1a: Terapagos\n|-damage|p1a: Terapagos|55/100\n|move|p1b: Ho-Oh|Brave Bird|p2a: Chi-Yu\n|-damage|p2a: Chi-Yu|13/100\n|-damage|p1b: Ho-Oh|73/100|[from] Recoil\n|move|p1a: Terapagos|Tera Starstorm|p2b: Flutter Mane|[spread] p2a,p2b\n|-damage|p2a: Chi-Yu|0 fnt\n|-damage|p2b: Flutter Mane|0 fnt\n|faint|p2a: Chi-Yu\n|faint|p2b: Flutter Mane\n|-end|p2b: Flutter Mane|Protosynthesis|[silent]\n|\n|upkeep\n|j| Moineboueux\n|\n|t:|1775111292\n|switch|p2b: Calyrex|Calyrex-Ice, L50|41/100 brn\n|switch|p2a: Groudon|Groudon, L50|100/100\n|-ability|p2b: Calyrex|As One\n|-ability|p2b: Calyrex|Unnerve\n|-weather|SunnyDay|[from] ability: Drought|[of] p2a: Groudon\n|turn|5\n|\n|t:|1775111307\n|move|p2a: Groudon|Stone Edge|p1b: Ho-Oh\n|-supereffective|p1b: Ho-Oh\n|-damage|p1b: Ho-Oh|0 fnt\n|faint|p1b: Ho-Oh\n|move|p1a: Terapagos|Tera Starstorm|p2a: Groudon|[spread] p2a,p2b\n|-damage|p2a: Groudon|64/100\n|-damage|p2b: Calyrex|6/100 brn\n|move|p2b: Calyrex|Trick Room|p2b: Calyrex\n|-fieldstart|move: Trick Room|[of] p2b: Calyrex\n|\n|-weather|SunnyDay|[upkeep]\n|-damage|p1a: Terapagos|43/100|[from] Leech Seed|[of] p2a: Groudon\n|-heal|p2a: Groudon|81/100|[silent]\n|-damage|p2b: Calyrex|0 fnt|[from] brn\n|faint|p2b: Calyrex\n|upkeep\n|\n|t:|1775111320\n|switch|p1b: Incineroar|Incineroar, L50, M|27/100\n|-ability|p1b: Incineroar|Intimidate|boost\n|-unboost|p2a: Groudon|atk|1\n|turn|6\n|\n|t:|1775111342\n|switch|p1b: Raging Bolt|Raging Bolt, L50|100/100\n|-activate|p1b: Raging Bolt|ability: Protosynthesis\n|-start|p1b: Raging Bolt|protosynthesisspa\n|move|p1a: Terapagos|Tera Starstorm|p2a: Groudon\n|-damage|p2a: Groudon|32/100\n|move|p2a: Groudon|Precipice Blades|p1b: Raging Bolt|[spread] p1a,p1b\n|-crit|p1a: Terapagos\n|-supereffective|p1b: Raging Bolt\n|-damage|p1a: Terapagos|0 fnt\n|-damage|p1b: Raging Bolt|43/100\n|faint|p1a: Terapagos\n|detailschange|p1: Terapagos|Terapagos, L50, M|[silent]\n|\n|-weather|SunnyDay|[upkeep]\n|upkeep\n|\n|t:|1775111351\n|switch|p1a: Incineroar|Incineroar, L50, M|27/100\n|-ability|p1a: Incineroar|Intimidate|boost\n|-unboost|p2a: Groudon|atk|1\n|turn|7\n|\n|t:|1775111359\n|move|p1a: Incineroar|Fake Out|p2a: Groudon\n|-damage|p2a: Groudon|25/100\n|move|p1b: Raging Bolt|Dragon Pulse|p2a: Groudon\n|-damage|p2a: Groudon|0 fnt\n|faint|p2a: Groudon\n|\n|win|swordsdanceurshifu\n|raw|swordsdanceurshifu's rating: 1428 &rarr; <strong>1448</strong><br />(+20 for winning)\n|raw|eru_kh's rating: 1436 &rarr; <strong>1416</strong><br />(-20 for losing)\n|l|\u2606eru_kh\n|player|p2|\n|l|\u2606swordsdanceurshifu\n|player|p1|\n|l| Moineboueux\n","uploadtime":1775111511,"views":13,"formatid":"gen9vgc2026regi","rating":1416,"private":0,"password":null}