{"id":"gen9vgc2026regi-2551354126","format":"[Gen 9] VGC 2026 Reg I","players":["Darknight918","SnarkyShane"],"log":"|j|\u2606Darknight918\n|j|\u2606SnarkyShane\n|t:|1772590607\n|gametype|doubles\n|player|p1|Darknight918|will|1438\n|player|p2|SnarkyShane|gambler|1478\n|gen|9\n|tier|[Gen 9] VGC 2026 Reg I\n|rated|\n|rule|Species Clause: Limit one of each Pok\u00e9mon\n|rule|Item Clause: Limit 1 of each item\n|clearpoke\n|poke|p1|Miraidon, L50|\n|poke|p1|Lunala, L50|\n|poke|p1|Whimsicott, L50, F|\n|poke|p1|Urshifu-*, L50, M|\n|poke|p1|Incineroar, L50, M|\n|poke|p1|Ursaluna, L50, F|\n|poke|p2|Rayquaza, L50|\n|poke|p2|Calyrex-Shadow, L50|\n|poke|p2|Chien-Pao, L50|\n|poke|p2|Ting-Lu, L50|\n|poke|p2|Amoonguss, L50, F|\n|poke|p2|Avalugg-Hisui, L50, F|\n|teampreview|4\n|inactive|Battle timer is ON: inactive players will automatically lose when time's up. (requested by SnarkyShane)\n|inactive|Darknight918 has 60 seconds left.\n|inactive|SnarkyShane has 60 seconds left.\n|\n|t:|1772590662\n|teamsize|p1|4\n|teamsize|p2|4\n|start\n|switch|p1a: Miraidon|Miraidon, L50|100/100\n|switch|p1b: Incineroar|Incineroar, L50, M|100/100\n|switch|p2a: Noodle Del Muerte|Rayquaza, L50|100/100\n|switch|p2b: Breathe Deep|Amoonguss, L50, F|100/100\n|-fieldstart|move: Electric Terrain|[from] ability: Hadron Engine|[of] p1a: Miraidon\n|-ability|p2a: Noodle Del Muerte|Air Lock\n|-ability|p1b: Incineroar|Intimidate|boost\n|-fail|p2a: Noodle Del Muerte|unboost|[from] item: Clear Amulet|[of] p2a: Noodle Del Muerte\n|-unboost|p2b: Breathe Deep|atk|1\n|turn|1\n|\n|t:|1772590678\n|move|p2a: Noodle Del Muerte|Protect|p2a: Noodle Del Muerte\n|-singleturn|p2a: Noodle Del Muerte|Protect\n|move|p2b: Breathe Deep|Protect|p2b: Breathe Deep\n|-singleturn|p2b: Breathe Deep|Protect\n|move|p1b: Incineroar|Fake Out|p2b: Breathe Deep\n|-activate|p2b: Breathe Deep|move: Protect\n|move|p1a: Miraidon|Volt Switch|p2a: Noodle Del Muerte\n|-activate|p2a: Noodle Del Muerte|move: Protect\n|\n|upkeep\n|turn|2\n|\n|t:|1772590690\n|move|p2b: Breathe Deep|Rage Powder|p2b: Breathe Deep\n|-singleturn|p2b: Breathe Deep|move: Rage Powder\n|move|p1a: Miraidon|Volt Switch|p2b: Breathe Deep\n|-resisted|p2b: Breathe Deep\n|-damage|p2b: Breathe Deep|61/100\n|\n|t:|1772590695\n|switch|p1a: Lunala|Lunala, L50|100/100|[from] Volt Switch\n|-enditem|p1a: Lunala|Electric Seed\n|-boost|p1a: Lunala|def|1|[from] item: Electric Seed\n|move|p2a: Noodle Del Muerte|Swords Dance|p2a: Noodle Del Muerte\n|-boost|p2a: Noodle Del Muerte|atk|2\n|move|p1b: Incineroar|Knock Off|p2b: Breathe Deep\n|-damage|p2b: Breathe Deep|25/100\n|-enditem|p2b: Breathe Deep|Sitrus Berry|[from] move: Knock Off|[of] p1b: Incineroar\n|\n|upkeep\n|turn|3\n|\n|t:|1772590720\n|switch|p2b: Big Gulp|Ting-Lu, L50|100/100\n|-ability|p2b: Big Gulp|Vessel of Ruin\n|move|p2a: Noodle Del Muerte|Dragon Ascent|p1b: Incineroar\n|-damage|p1b: Incineroar|0 fnt\n|-unboost|p2a: Noodle Del Muerte|def|1\n|-unboost|p2a: Noodle Del Muerte|spd|1\n|faint|p1b: Incineroar\n|move|p1a: Lunala|Trick Room|p1a: Lunala\n|-fieldstart|move: Trick Room|[of] p1a: Lunala\n|\n|upkeep\n|\n|t:|1772590728\n|switch|p1b: Ursaluna|Ursaluna, L50, F|100/100\n|turn|4\n|inactive|Darknight918 has 30 seconds left.\n|inactive|SnarkyShane has 30 seconds left.\n|inactive|Darknight918 has 20 seconds left.\n|inactive|Darknight918 has 15 seconds left.\n|inactive|SnarkyShane has 20 seconds left.\n|inactive|SnarkyShane has 15 seconds left.\n|\n|t:|1772590774\n|-terastallize|p1a: Lunala|Fairy\n|-terastallize|p2a: Noodle Del Muerte|Normal\n|move|p2a: Noodle Del Muerte|Extreme Speed|p1b: Ursaluna\n|-damage|p1b: Ursaluna|26/100\n|move|p2b: Big Gulp|Throat Chop|p1b: Ursaluna\n|-damage|p1b: Ursaluna|0 fnt\n|faint|p1b: Ursaluna\n|move|p1a: Lunala|Moonblast|p2a: Noodle Del Muerte\n|-damage|p2a: Noodle Del Muerte|41/100\n|\n|upkeep\n|\n|t:|1772590788\n|switch|p1b: Miraidon|Miraidon, L50|100/100\n|-activate|p1b: Miraidon|ability: Hadron Engine\n|turn|5\n|\n|t:|1772590798\n|move|p1a: Lunala|Wide Guard|p1a: Lunala\n|-singleturn|p1a: Lunala|Wide Guard\n|move|p2a: Noodle Del Muerte|Extreme Speed|p1b: Miraidon\n|-damage|p1b: Miraidon|12/100\n|move|p2b: Big Gulp|Stomping Tantrum|p1b: Miraidon\n|-supereffective|p1b: Miraidon\n|-damage|p1b: Miraidon|0 fnt\n|faint|p1b: Miraidon\n|\n|-fieldend|move: Electric Terrain\n|upkeep\n|turn|6\n|-message|Darknight918 forfeited.\n|\n|win|SnarkyShane\n|raw|Darknight918's rating: 1438 &rarr; <strong>1420</strong><br />(-18 for losing)\n|raw|SnarkyShane's rating: 1478 &rarr; <strong>1496</strong><br />(+18 for winning)\n|l|\u2606Darknight918\n|player|p1|\n|l|\u2606SnarkyShane\n|player|p2|\n","uploadtime":1772590946,"views":15,"formatid":"gen9vgc2026regi","rating":1420,"private":0,"password":null}