{"id":"gen9vgc2026regi-2559342775","format":"[Gen 9] VGC 2026 Reg I","players":["Gregergdrgrdgdg","sheeshshane925"],"log":"|j|\u2606Gregergdrgrdgdg\n|j|\u2606sheeshshane925\n|t:|1773549295\n|gametype|doubles\n|player|p1|Gregergdrgrdgdg|1|1267\n|player|p2|sheeshshane925|chuck|1386\n|gen|9\n|tier|[Gen 9] VGC 2026 Reg I\n|rated|\n|rule|Species Clause: Limit one of each Pok\u00e9mon\n|rule|Item Clause: Limit 1 of each item\n|clearpoke\n|poke|p1|Lunala, L50|\n|poke|p1|Farigiraf, L50, F|\n|poke|p1|Whimsicott, L50, M|\n|poke|p1|Miraidon, L50|\n|poke|p1|Iron Hands, L50|\n|poke|p1|Ursaluna-Bloodmoon, L50, M|\n|poke|p2|Calyrex-Ice, L50|\n|poke|p2|Miraidon, L50|\n|poke|p2|Farigiraf, L50, M|\n|poke|p2|Iron Hands, L50|\n|poke|p2|Scraggy, L50, F|\n|poke|p2|Iron Bundle, L50|\n|teampreview|4\n|\n|t:|1773549341\n|teamsize|p1|4\n|teamsize|p2|4\n|start\n|switch|p1a: Miraidon|Miraidon, L50|100/100\n|switch|p1b: Lunala|Lunala, L50|100/100\n|switch|p2a: Miraidon|Miraidon, L50, shiny|100/100\n|switch|p2b: Iron Bundle|Iron Bundle, L50|100/100\n|-fieldstart|move: Electric Terrain|[from] ability: Hadron Engine|[of] p1a: Miraidon\n|-activate|p2b: Iron Bundle|ability: Quark Drive\n|-start|p2b: Iron Bundle|quarkdrivespe\n|-activate|p2a: Miraidon|ability: Hadron Engine\n|turn|1\n|inactive|Battle timer is ON: inactive players will automatically lose when time's up. (requested by sheeshshane925)\n|\n|t:|1773549358\n|-terastallize|p1a: Miraidon|Fairy\n|move|p2a: Miraidon|Protect|p2a: Miraidon\n|-singleturn|p2a: Miraidon|Protect\n|move|p2b: Iron Bundle|Icy Wind|p1b: Lunala|[spread] p1a,p1b\n|-damage|p1a: Miraidon|81/100\n|-damage|p1b: Lunala|93/100\n|-unboost|p1a: Miraidon|spe|1\n|-unboost|p1b: Lunala|spe|1\n|move|p1a: Miraidon|Dazzling Gleam|p2b: Iron Bundle|[spread] p2b\n|-activate|p2a: Miraidon|move: Protect\n|-enditem|p2b: Iron Bundle|Focus Sash\n|-damage|p2b: Iron Bundle|1/100\n|move|p1b: Lunala|Moonblast|p2a: Miraidon\n|-activate|p2a: Miraidon|move: Protect\n|\n|upkeep\n|turn|2\n|inactive|sheeshshane925 has 30 seconds left.\n|inactive|sheeshshane925 has 20 seconds left.\n|\n|t:|1773549396\n|-terastallize|p2a: Miraidon|Fairy\n|move|p2b: Iron Bundle|Freeze-Dry|p1a: Miraidon\n|-damage|p1a: Miraidon|49/100\n|-status|p1a: Miraidon|frz\n|move|p2a: Miraidon|Electro Drift|p1b: Lunala\n|-damage|p1b: Lunala|4/100\n|-enditem|p1b: Lunala|Sitrus Berry|[eat]\n|-heal|p1b: Lunala|28/100|[from] item: Sitrus Berry\n|-damage|p2a: Miraidon|91/100|[from] item: Life Orb\n|-curestatus|p1a: Miraidon|frz|[msg]\n|move|p1a: Miraidon|Dazzling Gleam|p2b: Iron Bundle|[spread] p2a,p2b\n|-crit|p2a: Miraidon\n|-damage|p2a: Miraidon|19/100\n|-damage|p2b: Iron Bundle|0 fnt\n|faint|p2b: Iron Bundle\n|-end|p2b: Iron Bundle|Quark Drive|[silent]\n|move|p1b: Lunala|Moongeist Beam|p2a: Miraidon\n|-damage|p2a: Miraidon|0 fnt\n|faint|p2a: Miraidon\n|\n|upkeep\n|\n|t:|1773549402\n|switch|p2b: Farigiraf|Farigiraf, L50, M, shiny|100/100\n|switch|p2a: Calyrex|Calyrex-Ice, L50|100/100\n|-ability|p2a: Calyrex|As One\n|-ability|p2a: Calyrex|Unnerve\n|-enditem|p2b: Farigiraf|Electric Seed\n|-boost|p2b: Farigiraf|def|1|[from] item: Electric Seed\n|turn|3\n|\n|t:|1773549415\n|move|p2a: Calyrex|Protect|p2a: Calyrex\n|-singleturn|p2a: Calyrex|Protect\n|move|p1a: Miraidon|Dazzling Gleam|p2b: Farigiraf|[spread] p2b\n|-activate|p2a: Calyrex|move: Protect\n|-crit|p2b: Farigiraf\n|-damage|p2b: Farigiraf|9/100\n|move|p1b: Lunala|Moongeist Beam|p2a: Calyrex\n|-activate|p2a: Calyrex|move: Protect\n|move|p2b: Farigiraf|Trick Room|p2b: Farigiraf\n|-fieldstart|move: Trick Room|[of] p2b: Farigiraf\n|\n|upkeep\n|turn|4\n|\n|t:|1773549428\n|move|p2b: Farigiraf|Helping Hand|p2a: Calyrex\n|-singleturn|p2a: Calyrex|Helping Hand|[of] p2b: Farigiraf\n|move|p1b: Lunala|Wide Guard|p1b: Lunala\n|-singleturn|p1b: Lunala|Wide Guard\n|move|p2a: Calyrex|Glacial Lance|p1b: Lunala|[spread] \n|-activate|p1a: Miraidon|move: Wide Guard\n|-activate|p1b: Lunala|move: Wide Guard\n|move|p1a: Miraidon|Dazzling Gleam|p2a: Calyrex|[spread] p2a,p2b\n|-damage|p2a: Calyrex|59/100\n|-damage|p2b: Farigiraf|0 fnt\n|faint|p2b: Farigiraf\n|\n|upkeep\n|turn|5\n|-message|sheeshshane925 forfeited.\n|\n|win|Gregergdrgrdgdg\n|raw|Gregergdrgrdgdg's rating: 1267 &rarr; <strong>1300</strong><br />(+33 for winning)\n|raw|sheeshshane925's rating: 1386 &rarr; <strong>1359</strong><br />(-27 for losing)\n|l|\u2606sheeshshane925\n|player|p2|\n|l|\u2606Gregergdrgrdgdg\n|player|p1|\n","uploadtime":1773549691,"views":12,"formatid":"gen9vgc2026regi","rating":1300,"private":0,"password":null}