{"id":"gen9vgc2026regi-2573423879","format":"[Gen 9] VGC 2026 Reg I","players":["Luca8","2LOOKKKAP"],"log":"|j|\u2606Luca8\n|j|\u26062LOOKKKAP\n|t:|1775135282\n|gametype|doubles\n|player|p1|Luca8|flint|1438\n|player|p2|2LOOKKKAP|2|1464\n|gen|9\n|tier|[Gen 9] VGC 2026 Reg I\n|rated|\n|rule|Species Clause: Limit one of each Pok\u00e9mon\n|rule|Item Clause: Limit 1 of each item\n|clearpoke\n|poke|p1|Urshifu-*, L50, M|\n|poke|p1|Kyogre, L50|\n|poke|p1|Farigiraf, L50, M|\n|poke|p1|Smeargle, L50, M|\n|poke|p1|Calyrex-Ice, L50|\n|poke|p1|Rhyperior, L50, F|\n|poke|p2|Dondozo, L50, M|\n|poke|p2|Tatsugiri, L50, M|\n|poke|p2|Calyrex-Shadow, L50|\n|poke|p2|Kyogre, L50|\n|poke|p2|Rillaboom, L50, F|\n|poke|p2|Raichu, L50, M|\n|teampreview|4\n|inactive|Battle timer is ON: inactive players will automatically lose when time's up. (requested by 2LOOKKKAP)\n|\n|t:|1775135309\n|teamsize|p1|4\n|teamsize|p2|4\n|start\n|switch|p1a: Farigiraf|Farigiraf, L50, M|100/100\n|switch|p1b: Smeargle|Smeargle, L50, M|100/100\n|switch|p2a: Dondozo|Dondozo, L50, M|100/100\n|switch|p2b: Kyogre|Kyogre, L50|100/100\n|-weather|RainDance|[from] ability: Drizzle|[of] p2b: Kyogre\n|turn|1\n|inactive|Luca8 has 30 seconds left.\n|\n|t:|1775135340\n|move|p1b: Smeargle|Follow Me|p1b: Smeargle\n|-singleturn|p1b: Smeargle|move: Follow Me\n|move|p2b: Kyogre|Water Spout|p1a: Farigiraf|[spread] p1a,p1b\n|-damage|p1a: Farigiraf|12/100\n|-enditem|p1b: Smeargle|Focus Sash\n|-damage|p1b: Smeargle|1/100\n|move|p2a: Dondozo|Substitute|p2a: Dondozo\n|-start|p2a: Dondozo|Substitute\n|-damage|p2a: Dondozo|76/100\n|move|p1a: Farigiraf|Trick Room|p1a: Farigiraf\n|-fieldstart|move: Trick Room|[of] p1a: Farigiraf\n|\n|-weather|RainDance|[upkeep]\n|-heal|p2a: Dondozo|82/100|[from] item: Leftovers\n|-ability|p1b: Smeargle|Moody|boost\n|-boost|p1b: Smeargle|spa|2\n|-unboost|p1b: Smeargle|spe|1\n|upkeep\n|turn|2\n|inactive|Luca8 has 30 seconds left.\n|inactive|Luca8 has 20 seconds left.\n|\n|t:|1775135379\n|switch|p2b: Tatsugiri|Tatsugiri, L50, M|100/100\n|-activate|p2b: Tatsugiri|ability: Commander|[of] p2a: Dondozo\n|-boost|p2a: Dondozo|atk|2\n|-boost|p2a: Dondozo|spa|2\n|-boost|p2a: Dondozo|spe|2\n|-boost|p2a: Dondozo|def|2\n|-boost|p2a: Dondozo|spd|2\n|move|p1b: Smeargle|Follow Me|p1b: Smeargle\n|-singleturn|p1b: Smeargle|move: Follow Me\n|move|p1a: Farigiraf|Hyper Voice|p2b: Tatsugiri|[spread] p2a\n|-miss|p1a: Farigiraf|p2b: Tatsugiri\n|-damage|p2a: Dondozo|65/100\n|-enditem|p1a: Farigiraf|Throat Spray\n|-boost|p1a: Farigiraf|spa|1|[from] item: Throat Spray\n|move|p2a: Dondozo|Surf|p1b: Smeargle|[spread] p1a,p1b\n|-miss|p2a: Dondozo|p2b: Tatsugiri\n|-damage|p1a: Farigiraf|0 fnt\n|-damage|p1b: Smeargle|0 fnt\n|faint|p1a: Farigiraf\n|faint|p1b: Smeargle\n|\n|-weather|RainDance|[upkeep]\n|-heal|p2a: Dondozo|72/100|[from] item: Leftovers\n|upkeep\n|\n|t:|1775135401\n|switch|p1a: Calyrex|Calyrex-Ice, L50|100/100\n|switch|p1b: Urshifu|Urshifu, L50, M|100/100\n|-ability|p1a: Calyrex|As One\n|-ability|p1a: Calyrex|Unnerve\n|turn|3\n|\n|t:|1775135415\n|-terastallize|p1b: Urshifu|Dark\n|-terastallize|p2a: Dondozo|Water\n|move|p1a: Calyrex|Glacial Lance|p2a: Dondozo|[spread] p2a\n|-miss|p1a: Calyrex|p2b: Tatsugiri\n|-resisted|p2a: Dondozo\n|-crit|p2a: Dondozo\n|-end|p2a: Dondozo|Substitute\n|move|p1b: Urshifu|Wicked Blow|p2a: Dondozo\n|-crit|p2a: Dondozo\n|-damage|p2a: Dondozo|3/100\n|move|p2a: Dondozo|Surf|p1a: Calyrex|[spread] p1a,p1b\n|-miss|p2a: Dondozo|p2b: Tatsugiri\n|-damage|p1a: Calyrex|29/100\n|-damage|p1b: Urshifu|0 fnt\n|faint|p1b: Urshifu\n|\n|-weather|RainDance|[upkeep]\n|-heal|p2a: Dondozo|9/100|[from] item: Leftovers\n|upkeep\n|turn|4\n|inactive|Luca8 has 30 seconds left.\n|\n|t:|1775135445\n|move|p2a: Dondozo|Protect|p2a: Dondozo\n|-singleturn|p2a: Dondozo|Protect\n|move|p1a: Calyrex|Glacial Lance|p2a: Dondozo|[spread] \n|-miss|p1a: Calyrex|p2b: Tatsugiri\n|-activate|p2a: Dondozo|move: Protect\n|\n|-weather|RainDance|[upkeep]\n|-heal|p2a: Dondozo|16/100|[from] item: Leftovers\n|upkeep\n|turn|5\n|inactive|Luca8 has 30 seconds left.\n|inactive|Luca8 has 20 seconds left.\n|inactive|Luca8 has 15 seconds left.\n|inactive|Luca8 has 10 seconds left.\n|\n|t:|1775135492\n|move|p1a: Calyrex|Glacial Lance|p2a: Dondozo|[spread] p2a\n|-miss|p1a: Calyrex|p2b: Tatsugiri\n|-resisted|p2a: Dondozo\n|-damage|p2a: Dondozo|5/100\n|move|p2a: Dondozo|Surf|p1a: Calyrex|[spread] p1a\n|-miss|p2a: Dondozo|p2b: Tatsugiri\n|-damage|p1a: Calyrex|0 fnt\n|faint|p1a: Calyrex\n|\n|win|2LOOKKKAP\n|raw|Luca8's rating: 1438 &rarr; <strong>1419</strong><br />(-19 for losing)\n|raw|2LOOKKKAP's rating: 1464 &rarr; <strong>1483</strong><br />(+19 for winning)\n|l|\u2606Luca8\n|player|p1|\n|l|\u26062LOOKKKAP\n|player|p2|\n","uploadtime":1775135683,"views":12,"formatid":"gen9vgc2026regi","rating":1419,"private":0,"password":null}