{"id":"gen9vgc2026regi-2573085493","format":"[Gen 9] VGC 2026 Reg I","players":["the gamblerler","SnarkyShane"],"log":"|j|\u2606the gamblerler\n|j|\u2606SnarkyShane\n|t:|1775089181\n|gametype|doubles\n|player|p1|the gamblerler|giovanni|1442\n|player|p2|SnarkyShane|gambler|1555\n|gen|9\n|tier|[Gen 9] VGC 2026 Reg I\n|rated|\n|rule|Species Clause: Limit one of each Pok\u00e9mon\n|rule|Item Clause: Limit 1 of each item\n|clearpoke\n|poke|p1|Calyrex-Shadow, L50|\n|poke|p1|Miraidon, L50|\n|poke|p1|Incineroar, L50, M|\n|poke|p1|Sneasler, L50, F|\n|poke|p1|Araquanid, L50, F|\n|poke|p1|Whimsicott, L50, F|\n|poke|p2|Rayquaza, L50|\n|poke|p2|Calyrex-Shadow, L50|\n|poke|p2|Chien-Pao, L50|\n|poke|p2|Ting-Lu, L50|\n|poke|p2|Amoonguss, L50, F|\n|poke|p2|Avalugg-Hisui, L50, F|\n|teampreview|4\n|inactive|Battle timer is ON: inactive players will automatically lose when time's up. (requested by the gamblerler)\n|inactive|SnarkyShane also wants the timer to be on.\n|inactive|SnarkyShane has 60 seconds left.\n|\n|t:|1775089227\n|teamsize|p1|4\n|teamsize|p2|4\n|start\n|switch|p1a: Sneasler|Sneasler, L50, F|100/100\n|switch|p1b: Miraidon|Miraidon, L50|100/100\n|switch|p2a: Noodle Del Muerte|Rayquaza, L50|100/100\n|switch|p2b: Breathe Deep|Amoonguss, L50, F|100/100\n|-fieldstart|move: Electric Terrain|[from] ability: Hadron Engine|[of] p1b: Miraidon\n|-enditem|p1a: Sneasler|Electric Seed\n|-boost|p1a: Sneasler|def|1|[from] item: Electric Seed\n|-ability|p2a: Noodle Del Muerte|Air Lock\n|turn|1\n|\n|t:|1775089240\n|move|p2a: Noodle Del Muerte|Protect|p2a: Noodle Del Muerte\n|-singleturn|p2a: Noodle Del Muerte|Protect\n|move|p2b: Breathe Deep|Protect|p2b: Breathe Deep\n|-singleturn|p2b: Breathe Deep|Protect\n|move|p1a: Sneasler|Fake Out|p2a: Noodle Del Muerte\n|-activate|p2a: Noodle Del Muerte|move: Protect\n|move|p1b: Miraidon|Dazzling Gleam|p2a: Noodle Del Muerte|[spread] \n|-activate|p2a: Noodle Del Muerte|move: Protect\n|-activate|p2b: Breathe Deep|move: Protect\n|\n|upkeep\n|turn|2\n|\n|t:|1775089259\n|-terastallize|p2a: Noodle Del Muerte|Normal\n|move|p2b: Breathe Deep|Rage Powder|p2b: Breathe Deep\n|-singleturn|p2b: Breathe Deep|move: Rage Powder\n|move|p1a: Sneasler|Acid Spray|p2b: Breathe Deep\n|-damage|p2b: Breathe Deep|95/100\n|-unboost|p2b: Breathe Deep|spd|2\n|move|p1b: Miraidon|Dazzling Gleam|p2a: Noodle Del Muerte|[spread] p2a,p2b\n|-resisted|p2b: Breathe Deep\n|-damage|p2a: Noodle Del Muerte|74/100\n|-damage|p2b: Breathe Deep|71/100\n|move|p2a: Noodle Del Muerte|Swords Dance|p2a: Noodle Del Muerte\n|-boost|p2a: Noodle Del Muerte|atk|2\n|\n|upkeep\n|turn|3\n|inactive|SnarkyShane has 30 seconds left.\n|\n|t:|1775089290\n|switch|p1b: Calyrex|Calyrex-Shadow, L50|100/100\n|-ability|p1b: Calyrex|As One\n|-ability|p1b: Calyrex|Unnerve\n|move|p2a: Noodle Del Muerte|Extreme Speed|p1a: Sneasler\n|-damage|p1a: Sneasler|0 fnt\n|faint|p1a: Sneasler\n|move|p2b: Breathe Deep|Pollen Puff|p2a: Noodle Del Muerte\n|-heal|p2a: Noodle Del Muerte|100/100\n|\n|upkeep\n|\n|t:|1775089305\n|switch|p1a: Incineroar|Incineroar, L50, M|100/100\n|-ability|p1a: Incineroar|Intimidate|boost\n|-fail|p2a: Noodle Del Muerte|unboost|[from] item: Clear Amulet|[of] p2a: Noodle Del Muerte\n|-unboost|p2b: Breathe Deep|atk|1\n|turn|4\n|\n|t:|1775089319\n|-terastallize|p1b: Calyrex|Ghost\n|move|p2a: Noodle Del Muerte|Protect|p2a: Noodle Del Muerte\n|-singleturn|p2a: Noodle Del Muerte|Protect\n|move|p2b: Breathe Deep|Protect|p2b: Breathe Deep\n|-singleturn|p2b: Breathe Deep|Protect\n|move|p1a: Incineroar|Fake Out|p2a: Noodle Del Muerte\n|-activate|p2a: Noodle Del Muerte|move: Protect\n|move|p1b: Calyrex|Astral Barrage|p2b: Breathe Deep|[spread] \n|-activate|p2a: Noodle Del Muerte|move: Protect\n|-activate|p2b: Breathe Deep|move: Protect\n|\n|upkeep\n|turn|5\n|\n|t:|1775089337\n|move|p2b: Breathe Deep|Rage Powder|p2b: Breathe Deep\n|-singleturn|p2b: Breathe Deep|move: Rage Powder\n|move|p1b: Calyrex|Psychic|p2b: Breathe Deep\n|-supereffective|p2b: Breathe Deep\n|-damage|p2b: Breathe Deep|0 fnt\n|faint|p2b: Breathe Deep\n|-ability|p1b: Calyrex|Grim Neigh|boost\n|-boost|p1b: Calyrex|spa|1\n|move|p2a: Noodle Del Muerte|Dragon Ascent|p1a: Incineroar\n|-damage|p1a: Incineroar|0 fnt\n|-unboost|p2a: Noodle Del Muerte|def|1\n|-unboost|p2a: Noodle Del Muerte|spd|1\n|faint|p1a: Incineroar\n|\n|-fieldend|move: Electric Terrain\n|upkeep\n|\n|t:|1775089346\n|switch|p1a: Miraidon|Miraidon, L50|100/100\n|switch|p2b: Victor Creed|Chien-Pao, L50|100/100\n|-fieldstart|move: Electric Terrain|[from] ability: Hadron Engine|[of] p1a: Miraidon\n|-ability|p2b: Victor Creed|Sword of Ruin\n|turn|6\n|\n|t:|1775089355\n|move|p2a: Noodle Del Muerte|Extreme Speed|p1a: Miraidon\n|-damage|p1a: Miraidon|0 fnt\n|faint|p1a: Miraidon\n|move|p2b: Victor Creed|Sucker Punch|p1b: Calyrex\n|-supereffective|p1b: Calyrex\n|-enditem|p1b: Calyrex|Focus Sash\n|-damage|p1b: Calyrex|1/100\n|-damage|p2b: Victor Creed|91/100|[from] item: Life Orb\n|move|p1b: Calyrex|Astral Barrage|p2a: Noodle Del Muerte|[spread] p2b\n|-immune|p2a: Noodle Del Muerte\n|-resisted|p2b: Victor Creed\n|-damage|p2b: Victor Creed|0 fnt\n|faint|p2b: Victor Creed\n|-ability|p1b: Calyrex|Grim Neigh|boost\n|-boost|p1b: Calyrex|spa|1\n|\n|upkeep\n|\n|t:|1775089371\n|switch|p2b: Big Gulp|Ting-Lu, L50|100/100\n|-ability|p2b: Big Gulp|Vessel of Ruin\n|turn|7\n|\n|t:|1775089376\n|move|p1b: Calyrex|Protect|p1b: Calyrex\n|-singleturn|p1b: Calyrex|Protect\n|move|p2a: Noodle Del Muerte|Dragon Ascent|p1b: Calyrex\n|-activate|p1b: Calyrex|move: Protect\n|move|p2b: Big Gulp|Stomping Tantrum|p1b: Calyrex\n|-activate|p1b: Calyrex|move: Protect\n|\n|upkeep\n|turn|8\n|-message|the gamblerler forfeited.\n|\n|win|SnarkyShane\n|raw|the gamblerler's rating: 1442 &rarr; <strong>1428</strong><br />(-14 for losing)\n|raw|SnarkyShane's rating: 1555 &rarr; <strong>1569</strong><br />(+14 for winning)\n|l|\u2606the gamblerler\n|player|p1|\n|l|\u2606SnarkyShane\n|player|p2|\n","uploadtime":1775089547,"views":14,"formatid":"gen9vgc2026regi","rating":1428,"private":0,"password":null}