{"id":"gen9vgc2026regi-2542072039","format":"[Gen 9] VGC 2026 Reg I","players":["j0l0k0","fogdocker"],"log":"|j|\u2606j0l0k0\n|j|\u2606fogdocker\n|t:|1771409818\n|gametype|doubles\n|player|p1|j0l0k0|brycen|1399\n|player|p2|fogdocker|2|1404\n|gen|9\n|tier|[Gen 9] VGC 2026 Reg I\n|rated|\n|rule|Species Clause: Limit one of each Pok\u00e9mon\n|rule|Item Clause: Limit 1 of each item\n|clearpoke\n|poke|p1|Calyrex-Ice, L50|\n|poke|p1|Kyogre, L50|\n|poke|p1|Indeedee-F, L50, F|\n|poke|p1|Urshifu-*, L50, F|\n|poke|p1|Amoonguss, L50, F|\n|poke|p1|Landorus, L50, M|\n|poke|p2|Calyrex-Ice, L50|\n|poke|p2|Koraidon, L50|\n|poke|p2|Flutter Mane, L50|\n|poke|p2|Incineroar, L50, F|\n|poke|p2|Rillaboom, L50, F|\n|poke|p2|Volcarona, L50, M|\n|teampreview|4\n|inactive|Battle timer is ON: inactive players will automatically lose when time's up. (requested by j0l0k0)\n|inactive|fogdocker has 60 seconds left.\n|\n|t:|1771409855\n|teamsize|p1|4\n|teamsize|p2|4\n|start\n|switch|p1a: Indeedee|Indeedee-F, L50, F, shiny|100/100\n|switch|p1b: Calyrex|Calyrex-Ice, L50|100/100\n|switch|p2a: Calyrex|Calyrex-Ice, L50|100/100\n|switch|p2b: Rillaboom|Rillaboom, L50, F|100/100\n|-ability|p2a: Calyrex|As One\n|-ability|p2a: Calyrex|Unnerve\n|-ability|p1b: Calyrex|As One\n|-ability|p1b: Calyrex|Unnerve\n|-fieldstart|move: Psychic Terrain|[from] ability: Psychic Surge|[of] p1a: Indeedee\n|-fieldstart|move: Grassy Terrain|[from] ability: Grassy Surge|[of] p2b: Rillaboom\n|turn|1\n|\n|t:|1771409866\n|move|p2b: Rillaboom|Fake Out|p1b: Calyrex\n|-damage|p1b: Calyrex|92/100\n|move|p1a: Indeedee|Follow Me|p1a: Indeedee\n|-singleturn|p1a: Indeedee|move: Follow Me\n|cant|p1b: Calyrex|flinch\n|move|p2a: Calyrex|Glacial Lance|p1b: Calyrex|[spread] p1a,p1b\n|-crit|p1a: Indeedee\n|-resisted|p1b: Calyrex\n|-damage|p1a: Indeedee|22/100\n|-damage|p1b: Calyrex|77/100\n|\n|-heal|p1a: Indeedee|28/100|[from] Grassy Terrain\n|-heal|p1b: Calyrex|83/100|[from] Grassy Terrain\n|upkeep\n|turn|2\n|\n|t:|1771409880\n|move|p1a: Indeedee|Follow Me|p1a: Indeedee\n|-singleturn|p1a: Indeedee|move: Follow Me\n|move|p2b: Rillaboom|U-turn|p1a: Indeedee\n|-supereffective|p1a: Indeedee\n|-damage|p1a: Indeedee|0 fnt\n|faint|p1a: Indeedee\n|\n|t:|1771409884\n|switch|p2b: Incineroar|Incineroar, L50, F|100/100|[from] U-turn\n|-ability|p2b: Incineroar|Intimidate|boost\n|-fail|p1b: Calyrex|unboost|[from] item: Clear Amulet|[of] p1b: Calyrex\n|move|p2a: Calyrex|Glacial Lance|p1b: Calyrex\n|-resisted|p1b: Calyrex\n|-damage|p1b: Calyrex|64/100\n|move|p1b: Calyrex|Crunch|p2a: Calyrex\n|-supereffective|p2a: Calyrex\n|-damage|p2a: Calyrex|65/100\n|\n|-heal|p1b: Calyrex|70/100|[from] Grassy Terrain\n|-heal|p2a: Calyrex|71/100|[from] Grassy Terrain\n|-heal|p2a: Calyrex|76/100|[from] item: Leftovers\n|upkeep\n|\n|t:|1771409893\n|switch|p1a: Kyogre|Kyogre, L50, shiny|100/100\n|-weather|RainDance|[from] ability: Drizzle|[of] p1a: Kyogre\n|turn|3\n|\n|t:|1771409912\n|-terastallize|p2a: Calyrex|Water\n|move|p2b: Incineroar|Fake Out|p1a: Kyogre\n|-damage|p1a: Kyogre|90/100\n|cant|p1a: Kyogre|flinch\n|move|p2a: Calyrex|Leech Seed|p1a: Kyogre\n|-start|p1a: Kyogre|move: Leech Seed\n|move|p1b: Calyrex|Close Combat|p2b: Incineroar\n|-supereffective|p2b: Incineroar\n|-damage|p2b: Incineroar|10/100\n|-unboost|p1b: Calyrex|def|1\n|-unboost|p1b: Calyrex|spd|1\n|\n|-weather|RainDance|[upkeep]\n|-heal|p1a: Kyogre|96/100|[from] Grassy Terrain\n|-heal|p2b: Incineroar|16/100|[from] Grassy Terrain\n|-heal|p2a: Calyrex|82/100|[from] Grassy Terrain\n|-heal|p1b: Calyrex|76/100|[from] Grassy Terrain\n|-heal|p2a: Calyrex|88/100|[from] item: Leftovers\n|-damage|p1a: Kyogre|84/100|[from] Leech Seed|[of] p2a: Calyrex\n|-heal|p2a: Calyrex|99/100|[silent]\n|upkeep\n|turn|4\n|\n|t:|1771409931\n|move|p1a: Kyogre|Water Spout|p2b: Incineroar|[spread] p2a,p2b\n|-resisted|p2a: Calyrex\n|-supereffective|p2b: Incineroar\n|-damage|p2a: Calyrex|73/100\n|-damage|p2b: Incineroar|0 fnt\n|faint|p2b: Incineroar\n|move|p2a: Calyrex|Leech Seed|p1b: Calyrex\n|-start|p1b: Calyrex|move: Leech Seed\n|move|p1b: Calyrex|Trick Room|p1b: Calyrex\n|-fieldstart|move: Trick Room|[of] p1b: Calyrex\n|\n|-weather|RainDance|[upkeep]\n|-heal|p2a: Calyrex|79/100|[from] Grassy Terrain\n|-heal|p1b: Calyrex|82/100|[from] Grassy Terrain\n|-heal|p2a: Calyrex|85/100|[from] item: Leftovers\n|-heal|p1a: Kyogre|90/100|[from] Grassy Terrain\n|-damage|p1b: Calyrex|70/100|[from] Leech Seed|[of] p2a: Calyrex\n|-heal|p2a: Calyrex|97/100|[silent]\n|-damage|p1a: Kyogre|78/100|[from] Leech Seed|[of] p2a: Calyrex\n|-heal|p2a: Calyrex|100/100|[silent]\n|upkeep\n|\n|t:|1771409936\n|switch|p2b: Rillaboom|Rillaboom, L50, F|100/100\n|turn|5\n|\n|t:|1771409956\n|move|p2b: Rillaboom|Fake Out|p1b: Calyrex\n|-damage|p1b: Calyrex|58/100\n|cant|p1b: Calyrex|flinch\n|move|p1a: Kyogre|Thunder|p2a: Calyrex\n|-supereffective|p2a: Calyrex\n|-damage|p2a: Calyrex|43/100\n|-status|p2a: Calyrex|par\n|cant|p2a: Calyrex|par\n|\n|-weather|RainDance|[upkeep]\n|-heal|p2a: Calyrex|49/100 par|[from] Grassy Terrain\n|-heal|p2a: Calyrex|55/100 par|[from] item: Leftovers\n|-heal|p1b: Calyrex|63/100|[from] Grassy Terrain\n|-heal|p1a: Kyogre|84/100|[from] Grassy Terrain\n|-damage|p1b: Calyrex|51/100|[from] Leech Seed|[of] p2a: Calyrex\n|-heal|p2a: Calyrex|67/100 par|[silent]\n|-damage|p1a: Kyogre|72/100|[from] Leech Seed|[of] p2a: Calyrex\n|-heal|p2a: Calyrex|79/100 par|[silent]\n|-fieldend|move: Grassy Terrain\n|upkeep\n|turn|6\n|\n|t:|1771409980\n|switch|p1a: Landorus|Landorus, L50, M, shiny|100/100\n|move|p2a: Calyrex|Glacial Lance|p1b: Calyrex|[spread] p1a,p1b\n|-supereffective|p1a: Landorus\n|-crit|p1a: Landorus\n|-resisted|p1b: Calyrex\n|-damage|p1a: Landorus|0 fnt\n|-damage|p1b: Calyrex|29/100\n|faint|p1a: Landorus\n|-ability|p2a: Calyrex|Chilling Neigh|boost\n|-boost|p2a: Calyrex|atk|1\n|move|p1b: Calyrex|Glacial Lance|p2a: Calyrex|[spread] p2a,p2b\n|-resisted|p2a: Calyrex\n|-supereffective|p2b: Rillaboom\n|-damage|p2a: Calyrex|62/100 par\n|-damage|p2b: Rillaboom|0 fnt\n|faint|p2b: Rillaboom\n|-ability|p1b: Calyrex|Chilling Neigh|boost\n|-boost|p1b: Calyrex|atk|1\n|\n|-weather|RainDance|[upkeep]\n|-heal|p2a: Calyrex|68/100 par|[from] item: Leftovers\n|-damage|p1b: Calyrex|17/100|[from] Leech Seed|[of] p2a: Calyrex\n|-heal|p2a: Calyrex|80/100 par|[silent]\n|upkeep\n|\n|t:|1771409995\n|switch|p1a: Kyogre|Kyogre, L50, shiny|72/100\n|switch|p2b: Koraidon|Koraidon, L50|100/100\n|-weather|SunnyDay|[from] ability: Orichalcum Pulse|[of] p2b: Koraidon\n|-activate|p2b: Koraidon|Orichalcum Pulse|[source]\n|turn|7\n|\n|t:|1771410002\n|move|p2b: Koraidon|Protect|p2b: Koraidon\n|-singleturn|p2b: Koraidon|Protect\n|move|p2a: Calyrex|Glacial Lance|p1a: Kyogre|[spread] p1a,p1b\n|-resisted|p1a: Kyogre\n|-resisted|p1b: Calyrex\n|-damage|p1a: Kyogre|41/100\n|-damage|p1b: Calyrex|0 fnt\n|faint|p1b: Calyrex\n|-ability|p2a: Calyrex|Chilling Neigh|boost\n|-boost|p2a: Calyrex|atk|1\n|move|p1a: Kyogre|Ice Beam|p2b: Koraidon\n|-activate|p2b: Koraidon|move: Protect\n|\n|-weather|SunnyDay|[upkeep]\n|-heal|p2a: Calyrex|86/100 par|[from] item: Leftovers\n|upkeep\n|turn|8\n|\n|t:|1771410009\n|cant|p2a: Calyrex|par\n|move|p1a: Kyogre|Thunder|p2a: Calyrex\n|-supereffective|p2a: Calyrex\n|-damage|p2a: Calyrex|26/100 par\n|move|p2b: Koraidon|Close Combat|p1a: Kyogre\n|-damage|p1a: Kyogre|0 fnt\n|-unboost|p2b: Koraidon|def|1\n|-unboost|p2b: Koraidon|spd|1\n|faint|p1a: Kyogre\n|-damage|p2b: Koraidon|91/100|[from] item: Life Orb\n|\n|win|fogdocker\n|raw|j0l0k0's rating: 1399 &rarr; <strong>1379</strong><br />(-20 for losing)\n|raw|fogdocker's rating: 1404 &rarr; <strong>1424</strong><br />(+20 for winning)\n|l|\u2606fogdocker\n|player|p2|\n|l|\u2606j0l0k0\n|player|p1|\n","uploadtime":1771410159,"views":15,"formatid":"gen9vgc2026regi","rating":1379,"private":0,"password":null}