{"id":"gen9vgc2026regi-2521021276","format":"[Gen 9] VGC 2026 Reg I","players":["walrusmilk69","kojimuranishi"],"log":"|j|\u2606walrusmilk69\n|j|\u2606kojimuranishi\n|t:|1768713085\n|gametype|doubles\n|player|p1|walrusmilk69|102|1225\n|player|p2|kojimuranishi|169|1424\n|gen|9\n|tier|[Gen 9] VGC 2026 Reg I\n|rated|\n|rule|Species Clause: Limit one of each Pok\u00e9mon\n|rule|Item Clause: Limit 1 of each item\n|clearpoke\n|poke|p1|Miraidon, L50|\n|poke|p1|Incineroar, L50, M|\n|poke|p1|Kingambit, L50, M|\n|poke|p1|Whimsicott, L50, M|\n|poke|p1|Chi-Yu, L50|\n|poke|p1|Groudon, L50|\n|poke|p2|Miraidon, L50|\n|poke|p2|Lunala, L50|\n|poke|p2|Chien-Pao, L50|\n|poke|p2|Dragonite, L50, M|\n|poke|p2|Ursaluna, L50, M|\n|poke|p2|Urshifu-*, L50, F|\n|teampreview|4\n|inactive|Battle timer is ON: inactive players will automatically lose when time's up. (requested by kojimuranishi)\n|\n|t:|1768713113\n|teamsize|p1|4\n|teamsize|p2|4\n|start\n|switch|p1a: Whimsicott|Whimsicott, L50, M|100/100\n|switch|p1b: Chi-Yu|Chi-Yu, L50|100/100\n|switch|p2a: Miraidon|Miraidon, L50|100/100\n|switch|p2b: Lunala|Lunala, L50|100/100\n|-fieldstart|move: Electric Terrain|[from] ability: Hadron Engine|[of] p2a: Miraidon\n|-ability|p1b: Chi-Yu|Beads of Ruin\n|turn|1\n|inactive|kojimuranishi has 30 seconds left.\n|\n|t:|1768713145\n|move|p1a: Whimsicott|Tailwind|p1a: Whimsicott\n|-sidestart|p1: walrusmilk69|move: Tailwind\n|move|p1b: Chi-Yu|Heat Wave|p2b: Lunala|[spread] p2a\n|-miss|p1b: Chi-Yu|p2b: Lunala\n|-resisted|p2a: Miraidon\n|-damage|p2a: Miraidon|78/100\n|-status|p2a: Miraidon|brn\n|move|p2a: Miraidon|Electro Drift|p1b: Chi-Yu\n|-damage|p1b: Chi-Yu|0 fnt\n|faint|p1b: Chi-Yu\n|move|p2b: Lunala|Moongeist Beam|p1a: Whimsicott\n|-damage|p1a: Whimsicott|14/100\n|\n|-damage|p2a: Miraidon|72/100 brn|[from] brn\n|upkeep\n|\n|t:|1768713165\n|switch|p1b: Miraidon|Miraidon, L50|100/100\n|-activate|p1b: Miraidon|ability: Hadron Engine\n|turn|2\n|\n|t:|1768713185\n|-terastallize|p1b: Miraidon|Electric\n|move|p1a: Whimsicott|Protect|p1a: Whimsicott\n|-singleturn|p1a: Whimsicott|Protect\n|move|p1b: Miraidon|Discharge|p2a: Miraidon|[spread] p2a,p2b\n|-activate|p1a: Whimsicott|move: Protect\n|-resisted|p2a: Miraidon\n|-damage|p2a: Miraidon|48/100 brn\n|-damage|p2b: Lunala|66/100\n|move|p2a: Miraidon|Electro Drift|p1a: Whimsicott\n|-activate|p1a: Whimsicott|move: Protect\n|move|p2b: Lunala|Trick Room|p2b: Lunala\n|-fieldstart|move: Trick Room|[of] p2b: Lunala\n|\n|-damage|p2a: Miraidon|41/100 brn|[from] brn\n|upkeep\n|turn|3\n|\n|t:|1768713208\n|switch|p2b: Dragonite|Dragonite, L50, M|100/100\n|move|p1a: Whimsicott|Encore||[still]\n|-fail|p1a: Whimsicott\n|move|p2a: Miraidon|Electro Drift|p1a: Whimsicott\n|-resisted|p1a: Whimsicott\n|-damage|p1a: Whimsicott|0 fnt\n|faint|p1a: Whimsicott\n|move|p1b: Miraidon|Discharge|p2b: Dragonite|[spread] p2a,p2b\n|-resisted|p2a: Miraidon\n|-damage|p2a: Miraidon|18/100 brn\n|-damage|p2b: Dragonite|51/100\n|-status|p2b: Dragonite|par\n|\n|-damage|p2a: Miraidon|11/100 brn|[from] brn\n|upkeep\n|\n|t:|1768713224\n|switch|p1a: Groudon|Groudon, L50|100/100\n|-weather|SunnyDay|[from] ability: Drought|[of] p1a: Groudon\n|turn|4\n|\n|t:|1768713241\n|switch|p2a: Chien-Pao|Chien-Pao, L50|100/100\n|-ability|p2a: Chien-Pao|Sword of Ruin\n|-terastallize|p2b: Dragonite|Normal\n|move|p2b: Dragonite|Extreme Speed|p1b: Miraidon\n|-damage|p1b: Miraidon|8/100\n|move|p1a: Groudon|Heat Crash|p2b: Dragonite\n|-damage|p2b: Dragonite|0 fnt\n|faint|p2b: Dragonite\n|-damage|p1a: Groudon|91/100|[from] item: Life Orb\n|move|p1b: Miraidon|Discharge|p2a: Chien-Pao|[spread] p2a\n|-immune|p1a: Groudon\n|-damage|p2a: Chien-Pao|0 fnt\n|faint|p2a: Chien-Pao\n|\n|-weather|SunnyDay|[upkeep]\n|-sideend|p1: walrusmilk69|move: Tailwind\n|upkeep\n|\n|t:|1768713262\n|switch|p2b: Lunala|Lunala, L50|66/100\n|switch|p2a: Miraidon|Miraidon, L50|11/100 brn\n|-activate|p2a: Miraidon|ability: Hadron Engine\n|turn|5\n|\n|t:|1768713272\n|move|p2b: Lunala|Meteor Beam||[still]\n|-prepare|p2b: Lunala|Meteor Beam\n|-boost|p2b: Lunala|spa|1\n|-enditem|p2b: Lunala|Power Herb\n|-anim|p2b: Lunala|Meteor Beam|p1b: Miraidon\n|-damage|p1b: Miraidon|0 fnt\n|faint|p1b: Miraidon\n|move|p1a: Groudon|Precipice Blades|p2a: Miraidon|[spread] p2a,p2b\n|-supereffective|p2a: Miraidon\n|-damage|p2a: Miraidon|0 fnt\n|-damage|p2b: Lunala|7/100\n|faint|p2a: Miraidon\n|-damage|p1a: Groudon|81/100|[from] item: Life Orb\n|\n|-weather|SunnyDay|[upkeep]\n|-fieldend|move: Electric Terrain\n|upkeep\n|turn|6\n|\n|t:|1768713286\n|move|p2b: Lunala|Moongeist Beam|p1a: Groudon\n|-crit|p1a: Groudon\n|-damage|p1a: Groudon|0 fnt\n|faint|p1a: Groudon\n|\n|win|kojimuranishi\n|raw|walrusmilk69's rating: 1225 &rarr; <strong>1213</strong><br />(-12 for losing)\n|raw|kojimuranishi's rating: 1424 &rarr; <strong>1434</strong><br />(+10 for winning)\n|l|\u2606kojimuranishi\n|player|p2|\n","uploadtime":1768713511,"views":13,"formatid":"gen9vgc2026regi","rating":1213,"private":0,"password":null}