{"id":"gen9vgc2026regi-2588864308","format":"[Gen 9] VGC 2026 Reg I","players":["JakeNBake3D","fridias"],"log":"|j|\u2606JakeNBake3D\n|j|\u2606fridias\n|t:|1776680032\n|gametype|doubles\n|player|p1|JakeNBake3D|266|1505\n|player|p2|fridias|102|1489\n|gen|9\n|tier|[Gen 9] VGC 2026 Reg I\n|rated|\n|rule|Species Clause: Limit one of each Pok\u00e9mon\n|rule|Item Clause: Limit 1 of each item\n|clearpoke\n|poke|p1|Miraidon, L50|\n|poke|p1|Lunala, L50|\n|poke|p1|Incineroar, L50, F|\n|poke|p1|Urshifu-*, L50, M|\n|poke|p1|Grimmsnarl, L50, M|\n|poke|p1|Ursaluna, L50, M|\n|poke|p2|Calyrex-Ice, L50|\n|poke|p2|Miraidon, L50|\n|poke|p2|Grimmsnarl, L50, M|\n|poke|p2|Urshifu-*, L50, F|\n|poke|p2|Incineroar, L50, M|\n|poke|p2|Landorus, L50, M|\n|teampreview|4\n|inactive|Battle timer is ON: inactive players will automatically lose when time's up. (requested by fridias)\nfridias rejected open team sheets.\n|\n|t:|1776680058\n|teamsize|p1|4\n|teamsize|p2|4\n|start\n|switch|p1a: Grimmsnarl|Grimmsnarl, L50, M, shiny|100/100\n|switch|p1b: Miraidon|Miraidon, L50|100/100\n|switch|p2a: Grimmsnarl|Grimmsnarl, L50, M|100/100\n|switch|p2b: Urshifu|Urshifu-Rapid-Strike, L50, F|100/100\n|-fieldstart|move: Electric Terrain|[from] ability: Hadron Engine|[of] p1b: Miraidon\n|turn|1\n|\n|t:|1776680077\n|move|p2a: Grimmsnarl|Light Screen|p2a: Grimmsnarl\n|-sidestart|p2: fridias|move: Light Screen\n|move|p1a: Grimmsnarl|Reflect|p1a: Grimmsnarl\n|-sidestart|p1: JakeNBake3D|Reflect\n|move|p1b: Miraidon|Volt Switch|p2b: Urshifu\n|-supereffective|p2b: Urshifu\n|-damage|p2b: Urshifu|5/100\n|\n|t:|1776680084\n|switch|p1b: Lunala|Lunala, L50, shiny|100/100|[from] Volt Switch\n|-enditem|p1b: Lunala|Electric Seed\n|-boost|p1b: Lunala|def|1|[from] item: Electric Seed\n|move|p2b: Urshifu|Surging Strikes|p1a: Grimmsnarl\n|-crit|p1a: Grimmsnarl\n|-damage|p1a: Grimmsnarl|72/100\n|-crit|p1a: Grimmsnarl\n|-damage|p1a: Grimmsnarl|42/100\n|-crit|p1a: Grimmsnarl\n|-damage|p1a: Grimmsnarl|13/100\n|-hitcount|p1a: Grimmsnarl|3\n|\n|upkeep\n|turn|2\n|inactive|JakeNBake3D has 30 seconds left.\n|\n|t:|1776680115\n|-terastallize|p1b: Lunala|Fairy\n|move|p1a: Grimmsnarl|Light Screen|p1a: Grimmsnarl\n|-sidestart|p1: JakeNBake3D|move: Light Screen\n|move|p2b: Urshifu|Surging Strikes|p1a: Grimmsnarl\n|-crit|p1a: Grimmsnarl\n|-damage|p1a: Grimmsnarl|0 fnt\n|faint|p1a: Grimmsnarl\n|-hitcount|p1: Grimmsnarl|1\n|move|p1b: Lunala|Moonblast|p2a: Grimmsnarl\n|-supereffective|p2a: Grimmsnarl\n|-damage|p2a: Grimmsnarl|37/100\n|-unboost|p2a: Grimmsnarl|spa|1\n|move|p2a: Grimmsnarl|Spirit Break|p1b: Lunala\n|-damage|p1b: Lunala|96/100\n|-unboost|p1b: Lunala|spa|1\n|\n|upkeep\n|\n|t:|1776680134\n|switch|p1a: Miraidon|Miraidon, L50|100/100\n|-activate|p1a: Miraidon|ability: Hadron Engine\n|turn|3\n|\n|t:|1776680148\n|move|p1a: Miraidon|Volt Switch|p2a: Grimmsnarl\n|-damage|p2a: Grimmsnarl|0 fnt\n|faint|p2a: Grimmsnarl\n|\n|t:|1776680154\n|switch|p1a: Ursaluna|Ursaluna, L50, M, shiny|100/100|[from] Volt Switch\n|move|p2b: Urshifu|Surging Strikes|p1b: Lunala\n|-crit|p1b: Lunala\n|-damage|p1b: Lunala|75/100\n|-crit|p1b: Lunala\n|-damage|p1b: Lunala|52/100\n|-crit|p1b: Lunala\n|-damage|p1b: Lunala|30/100\n|-hitcount|p1b: Lunala|3\n|move|p1b: Lunala|Trick Room|p1b: Lunala\n|-fieldstart|move: Trick Room|[of] p1b: Lunala\n|\n|-status|p1a: Ursaluna|brn|[from] item: Flame Orb\n|upkeep\n|\n|t:|1776680158\n|switch|p2a: Calyrex|Calyrex-Ice, L50|100/100\n|-ability|p2a: Calyrex|As One\n|-ability|p2a: Calyrex|Unnerve\n|turn|4\n|inactive|JakeNBake3D has 30 seconds left.\n|\n|t:|1776680185\n|-terastallize|p2a: Calyrex|Water\n|move|p1b: Lunala|Wide Guard|p1b: Lunala\n|-singleturn|p1b: Lunala|Wide Guard\n|move|p1a: Ursaluna|Earthquake|p2b: Urshifu|[spread] p2a,p2b\n|-activate|p1b: Lunala|move: Wide Guard\n|-damage|p2a: Calyrex|58/100\n|-damage|p2b: Urshifu|0 fnt\n|faint|p2b: Urshifu\n|move|p2a: Calyrex|Leech Seed|p1a: Ursaluna\n|-start|p1a: Ursaluna|move: Leech Seed\n|\n|-heal|p2a: Calyrex|64/100|[from] item: Leftovers\n|-damage|p1a: Ursaluna|88/100 brn|[from] Leech Seed|[of] p2a: Calyrex\n|-heal|p2a: Calyrex|77/100|[silent]\n|-damage|p1a: Ursaluna|83/100 brn|[from] brn\n|upkeep\n|\n|t:|1776680193\n|switch|p2b: Miraidon|Miraidon, L50|100/100\n|-activate|p2b: Miraidon|ability: Hadron Engine\n|turn|5\n|inactive|JakeNBake3D has 30 seconds left.\n|\n|t:|1776680221\n|move|p1a: Ursaluna|Facade|p2a: Calyrex\n|-damage|p2a: Calyrex|0 fnt\n|faint|p2a: Calyrex\n|move|p1b: Lunala|Moonblast|p2b: Miraidon\n|-supereffective|p2b: Miraidon\n|-damage|p2b: Miraidon|63/100\n|move|p2b: Miraidon|Dazzling Gleam|p1b: Lunala|[spread] p1a,p1b\n|-damage|p1a: Ursaluna|61/100 brn\n|-damage|p1b: Lunala|10/100\n|\n|-damage|p1a: Ursaluna|55/100 brn|[from] brn\n|-fieldend|move: Electric Terrain\n|upkeep\n|turn|6\n|l|\u2606fridias\n|inactive|fridias disconnected and has a minute to reconnect!\n|player|p2|\n|inactive|fridias has 30 seconds left.\n|inactive|fridias has 20 seconds left.\n|inactive|fridias has 15 seconds left.\n|inactive|fridias has 10 seconds left.\n|inactive|fridias has 5 seconds left.\n|-message|fridias lost due to inactivity.\n|\n|win|JakeNBake3D\n|raw|JakeNBake3D's rating: 1505 &rarr; <strong>1524</strong><br />(+19 for winning)\n|raw|fridias's rating: 1489 &rarr; <strong>1470</strong><br />(-19 for losing)\n|l|\u2606JakeNBake3D\n|player|p1|\n","uploadtime":1776680507,"views":6,"formatid":"gen9vgc2026regi","rating":1470,"private":0,"password":null}