{"id":"gen9vgc2026regi-2537900255","format":"[Gen 9] VGC 2026 Reg I","players":["gouhaos","fogdocker"],"log":"|j|\u2606gouhaos\n|j|\u2606fogdocker\n|t:|1770861278\n|gametype|doubles\n|player|p1|gouhaos|wallace|1438\n|player|p2|fogdocker|1|1500\n|gen|9\n|tier|[Gen 9] VGC 2026 Reg I\n|rated|\n|rule|Species Clause: Limit one of each Pok\u00e9mon\n|rule|Item Clause: Limit 1 of each item\n|clearpoke\n|poke|p1|Miraidon, L50|\n|poke|p1|Calyrex-Shadow, L50|\n|poke|p1|Indeedee-F, L50, F|\n|poke|p1|Ditto, L50|\n|poke|p1|Iron Hands, L50|\n|poke|p1|Whimsicott, L50, M|\n|poke|p2|Calyrex-Ice, L50|\n|poke|p2|Koraidon, L50|\n|poke|p2|Flutter Mane, L50|\n|poke|p2|Incineroar, L50, M|\n|poke|p2|Rillaboom, L50, F|\n|poke|p2|Volcarona, L50, M|\n|teampreview|4\n|inactive|Battle timer is ON: inactive players will automatically lose when time's up. (requested by gouhaos)\n|inactive|fogdocker has 60 seconds left.\n|\n|t:|1770861327\n|teamsize|p1|4\n|teamsize|p2|4\n|start\n|switch|p1a: Calyrex|Calyrex-Shadow, L50|100/100\n|switch|p1b: Indeedee|Indeedee-F, L50, F, shiny|100/100\n|switch|p2a: Calyrex|Calyrex-Ice, L50|100/100\n|switch|p2b: Rillaboom|Rillaboom, L50, F|100/100\n|-ability|p1a: Calyrex|As One\n|-ability|p1a: Calyrex|Unnerve\n|-ability|p2a: Calyrex|As One\n|-ability|p2a: Calyrex|Unnerve\n|-fieldstart|move: Grassy Terrain|[from] ability: Grassy Surge|[of] p2b: Rillaboom\n|-fieldstart|move: Psychic Terrain|[from] ability: Psychic Surge|[of] p1b: Indeedee\n|turn|1\n|inactive|fogdocker has 30 seconds left.\n|inactive|fogdocker has 20 seconds left.\n|inactive|fogdocker has 15 seconds left.\n|inactive|fogdocker has 10 seconds left.\n|\n|t:|1770861376\n|-terastallize|p2a: Calyrex|Water\n|move|p1b: Indeedee|Helping Hand|p1a: Calyrex\n|-singleturn|p1a: Calyrex|Helping Hand|[of] p1b: Indeedee\n|move|p1a: Calyrex|Expanding Force|p2b: Rillaboom|[spread] p2a,p2b\n|-damage|p2a: Calyrex|11/100\n|-damage|p2b: Rillaboom|16/100\n|-damage|p1a: Calyrex|91/100|[from] item: Life Orb\n|move|p2b: Rillaboom|U-turn|p1a: Calyrex\n|-damage|p1a: Calyrex|64/100\n|\n|t:|1770861391\n|switch|p2b: Flutter Mane|Flutter Mane, L50|100/100|[from] U-turn\n|move|p2a: Calyrex|Glacial Lance|p1a: Calyrex|[spread] p1a,p1b\n|-damage|p1a: Calyrex|3/100\n|-damage|p1b: Indeedee|52/100\n|\n|-heal|p2a: Calyrex|17/100|[from] item: Leftovers\n|upkeep\n|turn|2\n|\n|t:|1770861402\n|switch|p2a: Koraidon|Koraidon, L50|100/100\n|-weather|SunnyDay|[from] ability: Orichalcum Pulse|[of] p2a: Koraidon\n|-activate|p2b: Flutter Mane|ability: Protosynthesis\n|-start|p2b: Flutter Mane|protosynthesisspe\n|-activate|p2a: Koraidon|Orichalcum Pulse|[source]\n|move|p1b: Indeedee|Helping Hand|p1a: Calyrex\n|-singleturn|p1a: Calyrex|Helping Hand|[of] p1b: Indeedee\n|move|p2b: Flutter Mane|Icy Wind|p1a: Calyrex|[spread] p1a,p1b\n|-damage|p1a: Calyrex|0 fnt\n|-damage|p1b: Indeedee|40/100\n|-unboost|p1b: Indeedee|spe|1\n|faint|p1a: Calyrex\n|\n|-weather|SunnyDay|[upkeep]\n|upkeep\n|\n|t:|1770861418\n|switch|p1a: Miraidon|Miraidon, L50|100/100\n|-fieldstart|move: Electric Terrain|[from] ability: Hadron Engine|[of] p1a: Miraidon\n|turn|3\n|\n|t:|1770861431\n|switch|p2a: Rillaboom|Rillaboom, L50, F|16/100\n|-fieldstart|move: Grassy Terrain|[from] ability: Grassy Surge|[of] p2a: Rillaboom\n|-terastallize|p1a: Miraidon|Fairy\n|move|p1b: Indeedee|Follow Me|p1b: Indeedee\n|-singleturn|p1b: Indeedee|move: Follow Me\n|move|p2b: Flutter Mane|Moonblast|p1b: Indeedee\n|-damage|p1b: Indeedee|0 fnt\n|faint|p1b: Indeedee\n|move|p1a: Miraidon|Dazzling Gleam|p2a: Rillaboom|[spread] p2a,p2b\n|-damage|p2a: Rillaboom|0 fnt\n|-damage|p2b: Flutter Mane|42/100\n|faint|p2a: Rillaboom\n|\n|-weather|SunnyDay|[upkeep]\n|-heal|p2b: Flutter Mane|48/100|[from] Grassy Terrain\n|upkeep\n|\n|t:|1770861449\n|switch|p1b: Ditto|Ditto, L50, shiny|100/100\n|switch|p2a: Koraidon|Koraidon, L50|100/100\n|-activate|p2a: Koraidon|ability: Orichalcum Pulse\n|-transform|p1b: Ditto|p2a: Koraidon|[from] ability: Imposter\n|-activate|p1b: Ditto|ability: Orichalcum Pulse\n|turn|4\n|\n|t:|1770861466\n|move|p1b: Ditto|Protect|p1b: Ditto\n|-singleturn|p1b: Ditto|Protect\n|move|p2b: Flutter Mane|Icy Wind|p1a: Miraidon|[spread] p1a\n|-activate|p1b: Ditto|move: Protect\n|-damage|p1a: Miraidon|87/100\n|-unboost|p1a: Miraidon|spe|1\n|move|p2a: Koraidon|Flare Blitz|p1a: Miraidon\n|-damage|p1a: Miraidon|0 fnt\n|faint|p1a: Miraidon\n|-damage|p2a: Koraidon|72/100|[from] Recoil\n|-damage|p2a: Koraidon|62/100|[from] item: Life Orb\n|\n|-weather|SunnyDay|[upkeep]\n|-heal|p2b: Flutter Mane|54/100|[from] Grassy Terrain\n|-heal|p2a: Koraidon|68/100|[from] Grassy Terrain\n|upkeep\n|turn|5\n|\n|t:|1770861484\n|move|p2b: Flutter Mane|Moonblast|p1b: Ditto\n|-supereffective|p1b: Ditto\n|-damage|p1b: Ditto|0 fnt\n|faint|p1b: Ditto\n|\n|win|fogdocker\n|raw|gouhaos's rating: 1438 &rarr; <strong>1422</strong><br />(-16 for losing)\n|raw|fogdocker's rating: 1500 &rarr; <strong>1516</strong><br />(+16 for winning)\n|l|\u2606gouhaos\n|player|p1|\n","uploadtime":1770861487,"views":24,"formatid":"gen9vgc2026regi","rating":1422,"private":0,"password":null}