{"id":"gen9vgc2026regi-2573437186","format":"[Gen 9] VGC 2026 Reg I","players":["garieliz","Simon0123"],"log":"|j|\u2606garieliz\n|j|\u2606Simon0123\n|t:|1775136576\n|gametype|doubles\n|player|p1|garieliz|elesa|1079\n|player|p2|Simon0123|benga|1133\n|gen|9\n|tier|[Gen 9] VGC 2026 Reg I\n|rated|\n|rule|Species Clause: Limit one of each Pok\u00e9mon\n|rule|Item Clause: Limit 1 of each item\n|clearpoke\n|poke|p1|Charizard, L50, M|\n|poke|p1|Incineroar, L50, M|\n|poke|p1|Raichu, L50, F|\n|poke|p1|Gengar, L50, M|\n|poke|p1|Whimsicott, L50, F|\n|poke|p1|Mimikyu, L50, F|\n|poke|p2|Miraidon, L50|\n|poke|p2|Ho-Oh, L50|\n|poke|p2|Iron Treads, L50|\n|poke|p2|Farigiraf, L50, M|\n|poke|p2|Iron Bundle, L50|\n|poke|p2|Iron Hands, L50|\n|teampreview|4\n|inactive|Battle timer is ON: inactive players will automatically lose when time's up. (requested by Simon0123)\n|inactive|Simon0123 has 60 seconds left.\n|inactive|Simon0123 has 30 seconds left.\n|\n|t:|1775136637\n|teamsize|p1|4\n|teamsize|p2|4\n|start\n|switch|p1a: Whimsicott|Whimsicott, L50, F|100/100\n|switch|p1b: Raichu|Raichu, L50, F, shiny|100/100\n|switch|p2a: Farigiraf|Farigiraf, L50, M|100/100\n|switch|p2b: Iron Treads|Iron Treads, L50|100/100\n|turn|1\n|\n|t:|1775136655\n|move|p1a: Whimsicott|Sunny Day|p1a: Whimsicott\n|-weather|SunnyDay\n|move|p1b: Raichu|Nuzzle|p2a: Farigiraf\n|-damage|p2a: Farigiraf|95/100\n|-status|p2a: Farigiraf|par\n|move|p2b: Iron Treads|Earthquake|p1a: Whimsicott|[spread] p2a,p1a,p1b\n|-resisted|p1a: Whimsicott\n|-supereffective|p1b: Raichu\n|-damage|p2a: Farigiraf|57/100 par\n|-damage|p1a: Whimsicott|78/100\n|-enditem|p1b: Raichu|Focus Sash\n|-damage|p1b: Raichu|1/100\n|-damage|p2b: Iron Treads|91/100|[from] item: Life Orb\n|move|p2a: Farigiraf|Trick Room|p2a: Farigiraf\n|-fieldstart|move: Trick Room|[of] p2a: Farigiraf\n|\n|-weather|SunnyDay|[upkeep]\n|upkeep\n|turn|2\n|inactive|garieliz has 30 seconds left.\n|inactive|Simon0123 has 30 seconds left.\n|inactive|garieliz has 20 seconds left.\n|\n|t:|1775136691\n|switch|p1a: Charizard|Charizard, L50, M|100/100\n|move|p2a: Farigiraf|Foul Play|p1b: Raichu\n|-damage|p1b: Raichu|0 fnt\n|faint|p1b: Raichu\n|move|p2b: Iron Treads|Earthquake|p1a: Charizard|[spread] p2a\n|-immune|p1a: Charizard\n|-damage|p2a: Farigiraf|20/100 par\n|-damage|p2b: Iron Treads|81/100|[from] item: Life Orb\n|\n|-weather|SunnyDay|[upkeep]\n|upkeep\n|\n|t:|1775136704\n|switch|p1b: Gengar|Gengar, L50, M|100/100\n|turn|3\n|\n|t:|1775136713\n|move|p1b: Gengar|Protect|p1b: Gengar\n|-singleturn|p1b: Gengar|Protect\n|move|p2a: Farigiraf|Foul Play|p1b: Gengar\n|-activate|p1b: Gengar|move: Protect\n|move|p1a: Charizard|Heat Wave|p2b: Iron Treads|[spread] p2b\n|-miss|p1a: Charizard|p2a: Farigiraf\n|-supereffective|p2b: Iron Treads\n|-damage|p2b: Iron Treads|0 fnt\n|faint|p2b: Iron Treads\n|-end|p2b: Iron Treads|Quark Drive|[silent]\n|\n|-weather|SunnyDay|[upkeep]\n|upkeep\n|\n|t:|1775136724\n|switch|p2b: Ho-Oh|Ho-Oh, L50|100/100\n|turn|4\n|inactive|garieliz has 30 seconds left.\n|\n|t:|1775136758\n|switch|p1b: Whimsicott|Whimsicott, L50, F|78/100\n|-terastallize|p1a: Charizard|Fire\n|move|p2a: Farigiraf|Psychic|p1a: Charizard\n|-damage|p1a: Charizard|52/100\n|move|p2b: Ho-Oh|Sacred Fire|p1b: Whimsicott\n|-supereffective|p1b: Whimsicott\n|-damage|p1b: Whimsicott|0 fnt\n|faint|p1b: Whimsicott\n|move|p1a: Charizard|Heat Wave|p2a: Farigiraf|[spread] p2a\n|-miss|p1a: Charizard|p2b: Ho-Oh\n|-damage|p2a: Farigiraf|0 fnt\n|faint|p2a: Farigiraf\n|\n|-weather|SunnyDay|[upkeep]\n|upkeep\n|\n|t:|1775136773\n|switch|p2a: Iron Hands|Iron Hands, L50|100/100\n|switch|p1b: Gengar|Gengar, L50, M|100/100\n|turn|5\n|\n|t:|1775136793\n|move|p1b: Gengar|Protect|p1b: Gengar\n|-singleturn|p1b: Gengar|Protect\n|move|p2a: Iron Hands|Wild Charge|p1b: Gengar\n|-activate|p1b: Gengar|move: Protect\n|move|p2b: Ho-Oh|Brave Bird|p1a: Charizard\n|-damage|p1a: Charizard|0 fnt\n|faint|p1a: Charizard\n|-damage|p2b: Ho-Oh|88/100|[from] Recoil\n|\n|-weather|none\n|-fieldend|move: Trick Room\n|upkeep\n|turn|6\n|inactive|Simon0123 has 30 seconds left.\n|\n|t:|1775136818\n|move|p1b: Gengar|Dazzling Gleam|p2a: Iron Hands|[spread] p2a,p2b\n|-supereffective|p2a: Iron Hands\n|-resisted|p2b: Ho-Oh\n|-damage|p2a: Iron Hands|72/100\n|-damage|p2b: Ho-Oh|80/100\n|-damage|p1b: Gengar|91/100|[from] item: Life Orb\n|move|p2b: Ho-Oh|Tailwind|p2b: Ho-Oh\n|-sidestart|p2: Simon0123|move: Tailwind\n|move|p2a: Iron Hands|Wild Charge|p1b: Gengar\n|-damage|p1b: Gengar|0 fnt\n|-start|p2a: Iron Hands|Disable|Wild Charge|[from] ability: Cursed Body|[of] p1b: Gengar\n|faint|p1b: Gengar\n|-damage|p2a: Iron Hands|59/100|[from] Recoil\n|\n|win|Simon0123\n|raw|garieliz's rating: 1079 &rarr; <strong>1061</strong><br />(-18 for losing)\n|raw|Simon0123's rating: 1133 &rarr; <strong>1154</strong><br />(+21 for winning)\n|l|\u2606garieliz\n|player|p1|\n|l|\u2606Simon0123\n|player|p2|\n","uploadtime":1775137038,"views":11,"formatid":"gen9vgc2026regi","rating":1061,"private":0,"password":null}