{"id":"gen9vgc2026regi-2568969651","format":"[Gen 9] VGC 2026 Reg I","players":["PR340Test","tinkatonbeliever"],"log":"|j|\u2606PR340Test\n|j|\u2606tinkatonbeliever\n|t:|1774637294\n|gametype|doubles\n|player|p1|PR340Test|hiker-gen4|1334\n|player|p2|tinkatonbeliever|170|1331\n|gen|9\n|tier|[Gen 9] VGC 2026 Reg I\n|rated|\n|rule|Species Clause: Limit one of each Pok\u00e9mon\n|rule|Item Clause: Limit 1 of each item\n|clearpoke\n|poke|p1|Miraidon, L50|\n|poke|p1|Ho-Oh, L50|\n|poke|p1|Amoonguss, L50, F|\n|poke|p1|Flutter Mane, L50|\n|poke|p1|Urshifu-*, L50, F|\n|poke|p1|Kingambit, L50, F|\n|poke|p2|Kyogre, L50|\n|poke|p2|Tornadus, L50, M|\n|poke|p2|Incineroar, L50, M|\n|poke|p2|Tinkaton, L50, F|\n|poke|p2|Calyrex-Ice, L50|\n|poke|p2|Landorus, L50, M|\n|teampreview|4\n|inactive|Battle timer is ON: inactive players will automatically lose when time's up. (requested by tinkatonbeliever)\n|\n|t:|1774637314\n|teamsize|p1|4\n|teamsize|p2|4\n|start\n|switch|p1a: Amoonguss|Amoonguss, L50, F|100/100\n|switch|p1b: Miraidon|Miraidon, L50|100/100\n|switch|p2a: Kyogre|Kyogre, L50|100/100\n|switch|p2b: Tinkaton|Tinkaton, L50, F|100/100\n|-fieldstart|move: Electric Terrain|[from] ability: Hadron Engine|[of] p1b: Miraidon\n|-ability|p2b: Tinkaton|Mold Breaker\n|-weather|RainDance|[from] ability: Drizzle|[of] p2a: Kyogre\n|turn|1\n|\n|t:|1774637332\n|switch|p1b: Urshifu|Urshifu-Rapid-Strike, L50, F|100/100\n|move|p2b: Tinkaton|Fake Out|p1b: Urshifu\n|-damage|p1b: Urshifu|93/100\n|move|p2a: Kyogre|Ice Beam|p1a: Amoonguss\n|-supereffective|p1a: Amoonguss\n|-damage|p1a: Amoonguss|7/100\n|-enditem|p1a: Amoonguss|Sitrus Berry|[eat]\n|-heal|p1a: Amoonguss|32/100|[from] item: Sitrus Berry\n|move|p1a: Amoonguss|Spore|p2a: Kyogre\n|-activate|p2a: Kyogre|move: Electric Terrain\n|\n|-weather|RainDance|[upkeep]\n|upkeep\n|turn|2\n|c|\u2606PR340Test|oops\n|inactive|tinkatonbeliever has 30 seconds left.\n|\n|t:|1774637359\n|move|p2b: Tinkaton|Gigaton Hammer|p1a: Amoonguss\n|-damage|p1a: Amoonguss|0 fnt\n|faint|p1a: Amoonguss\n|move|p2a: Kyogre|Ice Beam|p1b: Urshifu\n|-resisted|p1b: Urshifu\n|-damage|p1b: Urshifu|62/100\n|-status|p1b: Urshifu|frz\n|cant|p1b: Urshifu|frz\n|\n|-weather|RainDance|[upkeep]\n|upkeep\n|\n|t:|1774637366\n|switch|p1a: Miraidon|Miraidon, L50|100/100\n|-activate|p1a: Miraidon|ability: Hadron Engine\n|turn|3\n|c|\u2606tinkatonbeliever|ive done that many times\n|\n|t:|1774637377\n|switch|p2a: Landorus|Landorus, L50, M|100/100\n|move|p1a: Miraidon|Volt Switch|p2a: Landorus\n|-immune|p2a: Landorus\n|move|p2b: Tinkaton|Play Rough|p1b: Urshifu\n|-supereffective|p1b: Urshifu\n|-damage|p1b: Urshifu|16/100 frz\n|cant|p1b: Urshifu|frz\n|\n|-weather|RainDance|[upkeep]\n|upkeep\n|turn|4\n|\n|t:|1774637400\n|switch|p2b: Calyrex|Calyrex-Ice, L50|100/100\n|-ability|p2b: Calyrex|As One\n|-ability|p2b: Calyrex|Unnerve\n|move|p1a: Miraidon|Volt Switch|p2b: Calyrex\n|-damage|p2b: Calyrex|49/100\n|\n|t:|1774637418\n|switch|p1a: Ho-Oh|Ho-Oh, L50|100/100|[from] Volt Switch\n|cant|p1b: Urshifu|frz\n|move|p2a: Landorus|Sandsear Storm|p1a: Ho-Oh|[spread] p1b\n|-immune|p1a: Ho-Oh\n|-crit|p1b: Urshifu\n|-damage|p1b: Urshifu|0 fnt\n|faint|p1b: Urshifu\n|\n|-weather|RainDance|[upkeep]\n|upkeep\n|\n|t:|1774637424\n|switch|p1b: Miraidon|Miraidon, L50|100/100\n|-activate|p1b: Miraidon|ability: Hadron Engine\n|turn|5\n|\n|t:|1774637431\n|move|p2a: Landorus|Protect|p2a: Landorus\n|-singleturn|p2a: Landorus|Protect\n|move|p2b: Calyrex|Protect|p2b: Calyrex\n|-singleturn|p2b: Calyrex|Protect\n|move|p1b: Miraidon|Electro Drift|p2b: Calyrex\n|-activate|p2b: Calyrex|move: Protect\n|move|p1a: Ho-Oh|Brave Bird|p2a: Landorus\n|-activate|p2a: Landorus|move: Protect\n|\n|-weather|none\n|-fieldend|move: Electric Terrain\n|upkeep\n|turn|6\n|\n|t:|1774637447\n|-terastallize|p1b: Miraidon|Fairy\n|-terastallize|p2b: Calyrex|Grass\n|move|p1b: Miraidon|Electro Drift|p2b: Calyrex\n|-resisted|p2b: Calyrex\n|-damage|p2b: Calyrex|29/100\n|move|p2a: Landorus|Earth Power|p1b: Miraidon\n|-damage|p1b: Miraidon|32/100\n|move|p1a: Ho-Oh|Brave Bird|p2a: Landorus\n|-damage|p2a: Landorus|44/100\n|-damage|p1a: Ho-Oh|83/100|[from] Recoil\n|move|p2b: Calyrex|Trick Room|p2b: Calyrex\n|-fieldstart|move: Trick Room|[of] p2b: Calyrex\n|\n|-heal|p1a: Ho-Oh|89/100|[from] item: Leftovers\n|upkeep\n|turn|7\n|\n|t:|1774637462\n|move|p2b: Calyrex|Glacial Lance|p1a: Ho-Oh|[spread] p1a,p1b\n|-damage|p1a: Ho-Oh|42/100\n|-damage|p1b: Miraidon|0 fnt\n|faint|p1b: Miraidon\n|-ability|p2b: Calyrex|Chilling Neigh|boost\n|-boost|p2b: Calyrex|atk|1\n|move|p1a: Ho-Oh|Sacred Fire|p2b: Calyrex\n|-supereffective|p2b: Calyrex\n|-crit|p2b: Calyrex\n|-damage|p2b: Calyrex|0 fnt\n|faint|p2b: Calyrex\n|move|p2a: Landorus|Sludge Bomb|p1a: Ho-Oh\n|-damage|p1a: Ho-Oh|18/100\n|\n|-heal|p1a: Ho-Oh|24/100|[from] item: Leftovers\n|upkeep\n|c|\u2606PR340Test|gg\n|-message|PR340Test forfeited.\n|\n|t:|1774637469\n|switch|p2b: Tinkaton|Tinkaton, L50, F|100/100\n|-ability|p2b: Tinkaton|Mold Breaker\n|turn|8\n|\n|win|tinkatonbeliever\n|raw|PR340Test's rating: 1334 &rarr; <strong>1314</strong><br />(-20 for losing)\n|raw|tinkatonbeliever's rating: 1331 &rarr; <strong>1351</strong><br />(+20 for winning)\n|l|\u2606PR340Test\n|player|p1|\n|l|\u2606tinkatonbeliever\n|player|p2|\n","uploadtime":1774637666,"views":12,"formatid":"gen9vgc2026regi","rating":1314,"private":0,"password":null}