{"id":"gen9vgc2026regi-2587015922","format":"[Gen 9] VGC 2026 Reg I","players":["Glaceon_1740","Dvk42"],"log":"|j|\u2606Glaceon_1740\n|j|\u2606Dvk42\n|t:|1776481507\n|gametype|doubles\n|player|p1|Glaceon_1740|dawn-gen4pt|1367\n|player|p2|Dvk42|101|1305\n|gen|9\n|tier|[Gen 9] VGC 2026 Reg I\n|rated|\n|rule|Species Clause: Limit one of each Pok\u00e9mon\n|rule|Item Clause: Limit 1 of each item\n|clearpoke\n|poke|p1|Meowscarada, L50, F|\n|poke|p1|Murkrow, L50, M|\n|poke|p1|Kyogre, L50|\n|poke|p1|Zacian-*, L50|\n|poke|p1|Incineroar, L50, F|\n|poke|p1|Rillaboom, L50, F|\n|poke|p2|Primarina, L50, F|\n|poke|p2|Heatran, L50, M|\n|poke|p2|Hitmontop, L50, M|\n|poke|p2|Amoonguss, L50, M|\n|poke|p2|Calyrex-Ice, L50|\n|poke|p2|Necrozma-Dawn-Wings, L50|\n|teampreview|4\n|inactive|Battle timer is ON: inactive players will automatically lose when time's up. (requested by Glaceon_1740)\nDvk42 has agreed to open team sheets.\n|inactive|Dvk42 has 60 seconds left.\n|inactive|Glaceon_1740 has 60 seconds left.\n|inactive|Glaceon_1740 has 30 seconds left.\n|inactive|Glaceon_1740 has 20 seconds left.\n|inactive|Glaceon_1740 has 15 seconds left.\n|inactive|Glaceon_1740 has 10 seconds left.\n|inactive|Glaceon_1740 has 5 seconds left.\n|\n|t:|1776481615\n|teamsize|p1|4\n|teamsize|p2|4\n|start\n|switch|p1a: Meowscarada|Meowscarada, L50, F|100/100\n|switch|p1b: Kyogre|Kyogre, L50|100/100\n|switch|p2a: Necrozma|Necrozma-Dawn-Wings, L50, shiny|100/100\n|switch|p2b: Hitmontop|Hitmontop, L50, M, shiny|100/100\n|-weather|RainDance|[from] ability: Drizzle|[of] p1b: Kyogre\n|-ability|p2b: Hitmontop|Intimidate|boost\n|-unboost|p1a: Meowscarada|atk|1\n|-unboost|p1b: Kyogre|atk|1\n|turn|1\n|\n|t:|1776481625\n|move|p2b: Hitmontop|Fake Out|p1b: Kyogre\n|-damage|p1b: Kyogre|88/100\n|move|p1a: Meowscarada|U-turn|p2a: Necrozma\n|-start|p1a: Meowscarada|typechange|Bug|[from] ability: Protean\n|-damage|p2a: Necrozma|79/100\n|inactive|Glaceon_1740 has 30 seconds left.\n|inactive|Glaceon_1740 has 20 seconds left.\n|inactive|Glaceon_1740 has 15 seconds left.\n|\n|t:|1776481666\n|switch|p1a: Incineroar|Incineroar, L50, F, shiny|100/100|[from] U-turn\n|-ability|p1a: Incineroar|Intimidate|boost\n|-unboost|p2a: Necrozma|atk|1\n|-unboost|p2b: Hitmontop|atk|1\n|move|p1b: Kyogre|Water Spout|p2a: Necrozma|[spread] p2a,p2b\n|-damage|p2a: Necrozma|16/100\n|-damage|p2b: Hitmontop|23/100\n|-enditem|p2a: Necrozma|Aguav Berry|[eat]\n|-heal|p2a: Necrozma|49/100|[from] item: Aguav Berry\n|move|p2a: Necrozma|Trick Room|p2a: Necrozma\n|-fieldstart|move: Trick Room|[of] p2a: Necrozma\n|\n|-weather|RainDance|[upkeep]\n|upkeep\n|turn|2\n|inactive|Glaceon_1740 has 30 seconds left.\n|inactive|Glaceon_1740 has 20 seconds left.\n|inactive|Dvk42 has 30 seconds left.\n|\n|t:|1776481711\n|switch|p2b: Calyrex|Calyrex-Ice, L50|100/100\n|-ability|p2b: Calyrex|As One\n|-ability|p2b: Calyrex|Unnerve\n|move|p1b: Kyogre|Protect|p1b: Kyogre\n|-singleturn|p1b: Kyogre|Protect\n|move|p2a: Necrozma|Photon Geyser|p1b: Kyogre\n|-activate|p1b: Kyogre|move: Protect\n|move|p1a: Incineroar|Knock Off|p2a: Necrozma\n|-supereffective|p2a: Necrozma\n|-damage|p2a: Necrozma|0 fnt\n|faint|p2a: Necrozma\n|\n|-weather|RainDance|[upkeep]\n|upkeep\n|\n|t:|1776481720\n|switch|p2a: Amoonguss|Amoonguss, L50, M, shiny|100/100\n|turn|3\n|inactive|Glaceon_1740 has 30 seconds left.\n|\n|t:|1776481749\n|move|p2b: Calyrex|Protect|p2b: Calyrex\n|-singleturn|p2b: Calyrex|Protect\n|move|p1b: Kyogre|Protect||[still]\n|-fail|p1b: Kyogre\n|move|p2a: Amoonguss|Spore|p1b: Kyogre\n|-status|p1b: Kyogre|slp|[from] move: Spore\n|move|p1a: Incineroar|Will-O-Wisp|p2b: Calyrex\n|-activate|p2b: Calyrex|move: Protect\n|\n|-weather|RainDance|[upkeep]\n|upkeep\n|turn|4\n|inactive|Glaceon_1740 has 30 seconds left.\n|inactive|Dvk42 has 30 seconds left.\n|inactive|Glaceon_1740 has 20 seconds left.\n|inactive|Dvk42 has 20 seconds left.\n|inactive|Glaceon_1740 has 15 seconds left.\n|inactive|Glaceon_1740 has 10 seconds left.\n|\n|t:|1776481798\n|move|p2a: Amoonguss|Sludge Bomb|p1b: Kyogre\n|-crit|p1b: Kyogre\n|-damage|p1b: Kyogre|59/100 slp\n|move|p2b: Calyrex|High Horsepower|p1a: Incineroar\n|-supereffective|p1a: Incineroar\n|-damage|p1a: Incineroar|26/100\n|move|p1a: Incineroar|Will-O-Wisp|p2b: Calyrex|[miss]\n|-miss|p1a: Incineroar|p2b: Calyrex\n|cant|p1b: Kyogre|slp\n|\n|-weather|RainDance|[upkeep]\n|upkeep\n|turn|5\n|inactive|Glaceon_1740 has 30 seconds left.\n|inactive|Glaceon_1740 has 20 seconds left.\n|inactive|Glaceon_1740 has 15 seconds left.\n|inactive|Glaceon_1740 has 10 seconds left.\n|inactive|Glaceon_1740 has 5 seconds left.\n|\n|t:|1776481853\n|move|p1a: Incineroar|Fake Out||[still]\n|-hint|Fake Out only works on your first turn out.\n|-fail|p1a: Incineroar\n|move|p2a: Amoonguss|Sludge Bomb|p1a: Incineroar\n|-damage|p1a: Incineroar|6/100\n|move|p2b: Calyrex|Glacial Lance|p1b: Kyogre|[spread] p1a,p1b\n|-resisted|p1a: Incineroar\n|-resisted|p1b: Kyogre\n|-damage|p1a: Incineroar|0 fnt\n|-damage|p1b: Kyogre|28/100 slp\n|faint|p1a: Incineroar\n|-ability|p2b: Calyrex|Chilling Neigh|boost\n|-boost|p2b: Calyrex|atk|1\n|cant|p1b: Kyogre|slp\n|\n|-weather|none\n|-fieldend|move: Trick Room\n|upkeep\n|inactive|Glaceon_1740 has 30 seconds left.\n|inactive|Glaceon_1740 has 20 seconds left.\n|inactive|Glaceon_1740 has 15 seconds left.\n|inactive|Glaceon_1740 has 10 seconds left.\n|inactive|Glaceon_1740 has 5 seconds left.\n|\n|t:|1776481909\n|switch|p1a: Zacian|Zacian-Crowned, L50|100/100\n|-ability|p1a: Zacian|Intrepid Sword|boost\n|-boost|p1a: Zacian|atk|1\n|turn|6\n|inactive|Glaceon_1740 has 30 seconds left.\n|inactive|Glaceon_1740 has 20 seconds left.\n|inactive|Glaceon_1740 has 15 seconds left.\n|inactive|Glaceon_1740 has 10 seconds left.\n|inactive|Glaceon_1740 has 5 seconds left.\n|\n|t:|1776481964\n|move|p2b: Calyrex|Protect|p2b: Calyrex\n|-singleturn|p2b: Calyrex|Protect\n|move|p1a: Zacian|Behemoth Blade|p2b: Calyrex\n|-activate|p2b: Calyrex|move: Protect\n|cant|p1b: Kyogre|slp\n|move|p2a: Amoonguss|Spore|p1a: Zacian\n|-status|p1a: Zacian|slp|[from] move: Spore\n|\n|upkeep\n|turn|7\n|inactive|Glaceon_1740 has 30 seconds left.\n|inactive|Dvk42 has 30 seconds left.\n|inactive|Glaceon_1740 has 20 seconds left.\n|inactive|Dvk42 has 20 seconds left.\n|inactive|Glaceon_1740 has 15 seconds left.\n|inactive|Dvk42 has 15 seconds left.\n|inactive|Glaceon_1740 has 10 seconds left.\n|inactive|Dvk42 has 10 seconds left.\n|inactive|Glaceon_1740 has 5 seconds left.\n|inactive|Dvk42 has 5 seconds left.\n|\n|t:|1776482019\n|cant|p1a: Zacian|slp\n|-curestatus|p1b: Kyogre|slp|[msg]\n|move|p1b: Kyogre|Water Spout|p2a: Amoonguss|[spread] p2a,p2b\n|-resisted|p2a: Amoonguss\n|-damage|p2a: Amoonguss|92/100\n|-damage|p2b: Calyrex|87/100\n|move|p2b: Calyrex|Glacial Lance|p1a: Zacian|[spread] p1a,p1b\n|-resisted|p1a: Zacian\n|-resisted|p1b: Kyogre\n|-damage|p1a: Zacian|60/100 slp\n|-damage|p1b: Kyogre|0 fnt\n|faint|p1b: Kyogre\n|-ability|p2b: Calyrex|Chilling Neigh|boost\n|-boost|p2b: Calyrex|atk|1\n|move|p2a: Amoonguss|Spore|p1a: Zacian\n|-fail|p1a: Zacian|slp\n|\n|upkeep\n|inactive|Glaceon_1740 has 30 seconds left.\n|inactive|Glaceon_1740 has 20 seconds left.\n|inactive|Glaceon_1740 has 15 seconds left.\n|inactive|Glaceon_1740 has 10 seconds left.\n|inactive|Glaceon_1740 has 5 seconds left.\n|-message|Glaceon_1740 lost due to inactivity.\n|\n|win|Dvk42\n|raw|Glaceon_1740's rating: 1367 &rarr; <strong>1343</strong><br />(-24 for losing)\n|raw|Dvk42's rating: 1305 &rarr; <strong>1329</strong><br />(+24 for winning)\n|l|\u2606Dvk42\n|player|p2|\n","uploadtime":1776482252,"views":8,"formatid":"gen9vgc2026regi","rating":1329,"private":0,"password":null}