{"id":"gen9vgc2026regi-2566800885","format":"[Gen 9] VGC 2026 Reg I","players":["defiantvgc","realcomrade379"],"log":"|j|\u2606defiantvgc\n|j|\u2606realcomrade379\n|t:|1774410855\n|gametype|doubles\n|player|p1|defiantvgc|spark-casual|\n|player|p2|realcomrade379|shadowtriad|\n|gen|9\n|tier|[Gen 9] VGC 2026 Reg I\n|rated|Tournament battle\n|rule|Species Clause: Limit one of each Pok\u00e9mon\n|rule|Item Clause: Limit 1 of each item\n|raw|<div class=\"infobox\"><details class=\"readmore\" open><summary><strong>3 custom rules:</strong></summary> Open Team Sheets, Force Open Team Sheets, !Open Team Sheets</details></div>\n|clearpoke\n|poke|p1|Zamazenta-*, L50|\n|poke|p1|Chien-Pao, L50|\n|poke|p1|Amoonguss, L50, M|\n|poke|p1|Giratina-Origin, L50|\n|poke|p1|Whimsicott, L50, M|\n|poke|p1|Landorus, L50, M|\n|poke|p2|Miraidon, L50|\n|poke|p2|Calyrex-Ice, L50|\n|poke|p2|Ogerpon-Wellspring, L50, F|\n|poke|p2|Incineroar, L50, F|\n|poke|p2|Landorus, L50, M|\n|poke|p2|Grimmsnarl, L50, M|\n|teampreview|4\n|showteam|p1|Zamazenta-Crowned||RustedShield|DauntlessShield|BodyPress,HeavySlam,WideGuard,Protect||||||50|,,,,,Dragon]Chien-Pao||AssaultVest|SwordofRuin|IceSpinner,SuckerPunch,Ruination,IcyWind||||||50|,,,,,Poison]Amoonguss||RockyHelmet|Regenerator|Spore,SludgeBomb,RagePowder,Protect|||M|||50|,,,,,Water]Giratina-Origin||GriseousCore|Levitate|ShadowSneak,Poltergeist,DracoMeteor,Protect||||||50|,,,,,Fire]Whimsicott||CovertCloak|Prankster|Moonblast,Tailwind,Encore,LightScreen|||M|||50|,,,,,Fire]Landorus||LifeOrb|SheerForce|EarthPower,SludgeBomb,SandsearStorm,Protect|||M|||50|,,,,,Water\n|showteam|p2|Miraidon||AssaultVest|HadronEngine|ElectroDrift,DracoMeteor,VoltSwitch,Snarl||||||50|,,,,,Electric]Calyrex-Ice||Leftovers|AsOneGlastrier|Protect,TrickRoom,LeechSeed,GlacialLance||||||50|,,,,,Fairy]Ogerpon-Wellspring||WellspringMask|WaterAbsorb|SpikyShield,FollowMe,HornLeech,IvyCudgel|||F|||50|,,,,,Water]Incineroar||RockyHelmet|Intimidate|KnockOff,FlareBlitz,PartingShot,FakeOut|||F|||50|,,,,,Grass]Landorus||LifeOrb|SheerForce|Protect,Taunt,SludgeBomb,EarthPower|||M|||50|,,,,,Water]Grimmsnarl||LightClay|Prankster|SpiritBreak,LightScreen,Reflect,ThunderWave|||M|||50|,,,,,Ghost\n|j|+chromate\n|inactive|Battle timer is ON: inactive players will automatically lose when time's up. (requested by realcomrade379)\n|j| ThePigThatCriedRii\n|j| aurora ltd\n|j|@Radio Free C-Side\n|j| bahumat\n|j| bum 6\n|inactive|defiantvgc has 60 seconds left.\n|inactive|realcomrade379 has 60 seconds left.\n|c| bum 6|lets go ant\n|j| 21Kieran\n|j| TimeforCHILLI\n|c|@Radio Free C-Side|lets go beetle\n|inactive|realcomrade379 has 30 seconds left.\n|\n|t:|1774410922\n|teamsize|p1|4\n|teamsize|p2|4\n|start\n|switch|p1a: Zamazenta|Zamazenta-Crowned, L50|100/100\n|switch|p1b: Chien-Pao|Chien-Pao, L50|100/100\n|switch|p2a: Incineroar|Incineroar, L50, F|100/100\n|switch|p2b: Miraidon|Miraidon, L50|100/100\n|-ability|p1b: Chien-Pao|Sword of Ruin\n|-fieldstart|move: Electric Terrain|[from] ability: Hadron Engine|[of] p2b: Miraidon\n|-ability|p1a: Zamazenta|Dauntless Shield|boost\n|-boost|p1a: Zamazenta|def|1\n|-ability|p2a: Incineroar|Intimidate|boost\n|-unboost|p1a: Zamazenta|atk|1\n|-unboost|p1b: Chien-Pao|atk|1\n|turn|1\n|c| bum 6|whos beetle\n|\n|t:|1774410940\n|switch|p1b: Whimsicott|Whimsicott, L50, M|100/100\n|-terastallize|p2b: Miraidon|Electric\n|move|p2a: Incineroar|Fake Out|p1b: Whimsicott\n|-damage|p1b: Whimsicott|87/100\n|move|p2b: Miraidon|Electro Drift|p1b: Whimsicott\n|-resisted|p1b: Whimsicott\n|-damage|p1b: Whimsicott|20/100\n|move|p1a: Zamazenta|Body Press|p2b: Miraidon\n|-damage|p2b: Miraidon|48/100\n|\n|upkeep\n|turn|2\n|inactive|defiantvgc has 30 seconds left.\n|j| WishMkrLucy\n|inactive|defiantvgc has 20 seconds left.\n|inactive|realcomrade379 has 30 seconds left.\n|inactive|realcomrade379 has 20 seconds left.\n|\n|t:|1774410986\n|switch|p2b: Calyrex|Calyrex-Ice, L50|100/100\n|-ability|p2b: Calyrex|As One\n|-ability|p2b: Calyrex|Unnerve\n|switch|p2a: Ogerpon|Ogerpon-Wellspring, L50, F|100/100\n|move|p1a: Zamazenta|Protect|p1a: Zamazenta\n|-singleturn|p1a: Zamazenta|Protect\n|move|p1b: Whimsicott|Tailwind|p1b: Whimsicott\n|-sidestart|p1: defiantvgc|move: Tailwind\n|\n|upkeep\n|turn|3\n|\n|t:|1774411006\n|switch|p1b: Chien-Pao|Chien-Pao, L50|100/100\n|-ability|p1b: Chien-Pao|Sword of Ruin\n|move|p1a: Zamazenta|Body Press|p2b: Calyrex\n|-damage|p2b: Calyrex|45/100\n|move|p2a: Ogerpon|Ivy Cudgel|p1b: Chien-Pao|[anim] Ivy Cudgel Water\n|-crit|p1b: Chien-Pao\n|-damage|p1b: Chien-Pao|0 fnt\n|faint|p1b: Chien-Pao\n|move|p2b: Calyrex|Trick Room|p2b: Calyrex\n|-fieldstart|move: Trick Room|[of] p2b: Calyrex\n|\n|-heal|p2b: Calyrex|51/100|[from] item: Leftovers\n|upkeep\n|\n|t:|1774411015\n|switch|p1b: Giratina|Giratina-Origin, L50|100/100\n|turn|4\n|\n|t:|1774411026\n|-terastallize|p1b: Giratina|Fire\n|move|p2a: Ogerpon|Follow Me|p2a: Ogerpon\n|-singleturn|p2a: Ogerpon|move: Follow Me\n|move|p2b: Calyrex|Leech Seed|p1a: Zamazenta\n|-start|p1a: Zamazenta|move: Leech Seed\n|move|p1b: Giratina|Poltergeist|p2a: Ogerpon\n|-activate|p2a: Ogerpon|move: Poltergeist|Wellspring Mask\n|-damage|p2a: Ogerpon|26/100\n|move|p1a: Zamazenta|Body Press|p2a: Ogerpon\n|-damage|p2a: Ogerpon|0 fnt\n|faint|p2a: Ogerpon\n|\n|-heal|p2b: Calyrex|57/100|[from] item: Leftovers\n|-damage|p1a: Zamazenta|88/100|[from] Leech Seed|[of] p2b: Calyrex\n|-heal|p2b: Calyrex|68/100|[silent]\n|upkeep\n|\n|t:|1774411044\n|switch|p2a: Miraidon|Miraidon, L50, tera:Electric|48/100\n|-activate|p2a: Miraidon|ability: Hadron Engine\n|turn|5\n|l| 21Kieran\n|inactive|defiantvgc has 30 seconds left.\n|inactive|defiantvgc has 20 seconds left.\n|\n|t:|1774411083\n|switch|p2a: Incineroar|Incineroar, L50, F|100/100\n|-ability|p2a: Incineroar|Intimidate|boost\n|-unboost|p1a: Zamazenta|atk|1\n|-unboost|p1b: Giratina|atk|1\n|move|p1b: Giratina|Protect|p1b: Giratina\n|-singleturn|p1b: Giratina|Protect\n|move|p2b: Calyrex|Leech Seed|p1b: Giratina\n|-activate|p1b: Giratina|move: Protect\n|move|p1a: Zamazenta|Body Press|p2a: Incineroar\n|-supereffective|p2a: Incineroar\n|-damage|p2a: Incineroar|0 fnt\n|-damage|p1a: Zamazenta|72/100|[from] item: Rocky Helmet|[of] p2a: Incineroar\n|faint|p2a: Incineroar\n|\n|-heal|p2b: Calyrex|74/100|[from] item: Leftovers\n|-damage|p1a: Zamazenta|60/100|[from] Leech Seed|[of] p2b: Calyrex\n|-heal|p2b: Calyrex|86/100|[silent]\n|-sideend|p1: defiantvgc|move: Tailwind\n|-fieldend|move: Electric Terrain\n|upkeep\n|l|@Radio Free C-Side\n|\n|t:|1774411093\n|switch|p2a: Miraidon|Miraidon, L50, tera:Electric|48/100\n|-fieldstart|move: Electric Terrain|[from] ability: Hadron Engine|[of] p2a: Miraidon\n|turn|6\n|l| ThePigThatCriedRii\n|\n|t:|1774411098\n|switch|p1b: Whimsicott|Whimsicott, L50, M|20/100\n|move|p2b: Calyrex|Glacial Lance|p1a: Zamazenta|[spread] p1a,p1b\n|-resisted|p1a: Zamazenta\n|-supereffective|p1b: Whimsicott\n|-damage|p1a: Zamazenta|50/100\n|-damage|p1b: Whimsicott|0 fnt\n|faint|p1b: Whimsicott\n|-ability|p2b: Calyrex|Chilling Neigh|boost\n|-boost|p2b: Calyrex|atk|1\n|move|p1a: Zamazenta|Body Press|p2a: Miraidon\n|-damage|p2a: Miraidon|0 fnt\n|faint|p2a: Miraidon\n|\n|-heal|p2b: Calyrex|92/100|[from] item: Leftovers\n|-damage|p1a: Zamazenta|38/100|[from] Leech Seed|[of] p2b: Calyrex\n|-heal|p2b: Calyrex|100/100|[silent]\n|upkeep\n|\n|t:|1774411104\n|switch|p1b: Giratina|Giratina-Origin, L50, tera:Fire|100/100\n|turn|7\n|\n|t:|1774411111\n|move|p1b: Giratina|Protect|p1b: Giratina\n|-singleturn|p1b: Giratina|Protect\n|move|p1a: Zamazenta|Protect|p1a: Zamazenta\n|-singleturn|p1a: Zamazenta|Protect\n|move|p2b: Calyrex|Leech Seed|p1b: Giratina\n|-activate|p1b: Giratina|move: Protect\n|\n|-damage|p1a: Zamazenta|25/100|[from] Leech Seed|[of] p2b: Calyrex\n|-fieldend|move: Trick Room\n|upkeep\n|turn|8\n|j| reverse cuomo\n|\n|t:|1774411118\n|move|p1a: Zamazenta|Body Press|p2b: Calyrex\n|-damage|p2b: Calyrex|55/100\n|move|p1b: Giratina|Poltergeist|p2b: Calyrex\n|-activate|p2b: Calyrex|move: Poltergeist|Leftovers\n|-supereffective|p2b: Calyrex\n|-damage|p2b: Calyrex|0 fnt\n|faint|p2b: Calyrex\n|\n|win|defiantvgc\n|n|\u2606defiantvgc|defiantvgc\n|n|\u2606realcomrade379|realcomrade379\n|n| chromate|chromate\n|n| aurora ltd|auroraltd\n|n| bahumat|bahumat\n|n| bum 6|bum6\n|n| TimeforCHILLI|timeforchilli\n|n| WishMkrLucy|wishmkrlucy\n|n| reverse cuomo|reversecuomo\n|l|\u2606defiantvgc\n|player|p1|\n|l|\u2606realcomrade379\n|player|p2|\n|l| bum 6\n|l| WishMkrLucy\n|l| TimeforCHILLI\n|l| bahumat\n","uploadtime":1774411184,"views":13,"formatid":"gen9vgc2026regi","rating":null,"private":0,"password":null}