{"id":"gen9vgc2026regi-2529871798","format":"[Gen 9] VGC 2026 Reg I","players":["ky123456","masterofthecourt"],"log":"|j|\u2606ky123456\n|j|\u2606masterofthecourt\n|t:|1769836158\n|gametype|doubles\n|player|p1|ky123456|cynthia-gen4|1562\n|player|p2|masterofthecourt|266|1521\n|gen|9\n|tier|[Gen 9] VGC 2026 Reg I\n|rated|\n|rule|Species Clause: Limit one of each Pok\u00e9mon\n|rule|Item Clause: Limit 1 of each item\n|clearpoke\n|poke|p1|Kyogre, L50|\n|poke|p1|Calyrex-Ice, L50|\n|poke|p1|Grimmsnarl, L50, M|\n|poke|p1|Rillaboom, L50, F|\n|poke|p1|Landorus, L50, M|\n|poke|p1|Urshifu-*, L50, F|\n|poke|p2|Calyrex-Shadow, L50|\n|poke|p2|Terapagos, L50, M|\n|poke|p2|Smeargle, L50, F|\n|poke|p2|Tornadus, L50, M|\n|poke|p2|Iron Hands, L50|\n|poke|p2|Urshifu-*, L50, M|\n|teampreview|4\n|\n|t:|1769836180\n|teamsize|p1|4\n|teamsize|p2|4\n|start\n|switch|p1a: Calyrex|Calyrex-Ice, L50|100/100\n|switch|p1b: Urshifu|Urshifu-Rapid-Strike, L50, F|100/100\n|switch|p2a: Smeargle|Smeargle, L50, F|100/100\n|switch|p2b: Terapagos|Terapagos, L50, M|100/100\n|-activate|p2b: Terapagos|ability: Tera Shift\n|detailschange|p2b: Terapagos|Terapagos-Terastal, L50, M\n|-heal|p2b: Terapagos|100/100|[silent]\n|-ability|p1a: Calyrex|As One\n|-ability|p1a: Calyrex|Unnerve\n|turn|1\n|\n|t:|1769836205\n|-terastallize|p2b: Terapagos|Stellar\n|detailschange|p2b: Terapagos|Terapagos-Stellar, L50, M, tera:Stellar\n|-heal|p2b: Terapagos|100/100|[silent]\n|-terastallize|p1a: Calyrex|Fairy\n|move|p2a: Smeargle|Fake Out|p1a: Calyrex\n|-crit|p1a: Calyrex\n|-damage|p1a: Calyrex|95/100\n|move|p1b: Urshifu|Surging Strikes|p2a: Smeargle\n|-crit|p2a: Smeargle\n|-damage|p2a: Smeargle|49/100\n|-crit|p2a: Smeargle\n|-damage|p2a: Smeargle|0 fnt\n|faint|p2a: Smeargle\n|-hitcount|p2: Smeargle|2\n|move|p2b: Terapagos|Tera Starstorm|p1b: Urshifu|[spread] p1a,p1b\n|-supereffective|p1a: Calyrex\n|-damage|p1a: Calyrex|49/100\n|-damage|p1b: Urshifu|34/100\n|cant|p1a: Calyrex|flinch\n|\n|-heal|p1a: Calyrex|55/100|[from] item: Leftovers\n|upkeep\n|\n|t:|1769836221\n|switch|p2a: Calyrex|Calyrex-Shadow, L50|100/100\n|-ability|p2a: Calyrex|As One\n|-ability|p2a: Calyrex|Unnerve\n|turn|2\n|\n|t:|1769836230\n|switch|p1a: Kyogre|Kyogre, L50|100/100\n|-weather|RainDance|[from] ability: Drizzle|[of] p1a: Kyogre\n|move|p1b: Urshifu|Surging Strikes|p2a: Calyrex\n|-crit|p2a: Calyrex\n|-damage|p2a: Calyrex|61/100\n|-crit|p2a: Calyrex\n|-damage|p2a: Calyrex|22/100\n|-crit|p2a: Calyrex\n|-damage|p2a: Calyrex|0 fnt\n|faint|p2a: Calyrex\n|-hitcount|p2: Calyrex|3\n|move|p2b: Terapagos|Meteor Beam||[still]\n|-prepare|p2b: Terapagos|Meteor Beam\n|-boost|p2b: Terapagos|spa|1\n|-enditem|p2b: Terapagos|Power Herb\n|-anim|p2b: Terapagos|Meteor Beam|p1a: Kyogre\n|-damage|p1a: Kyogre|66/100\n|\n|-weather|RainDance|[upkeep]\n|upkeep\n|\n|t:|1769836238\n|switch|p2a: Tornadus|Tornadus, L50, M|100/100\n|turn|3\n|\n|t:|1769836253\n|move|p2a: Tornadus|Tailwind|p2a: Tornadus\n|-sidestart|p2: masterofthecourt|move: Tailwind\n|move|p2b: Terapagos|Tera Starstorm|p1b: Urshifu|[spread] p1a,p1b\n|-damage|p1a: Kyogre|38/100\n|-damage|p1b: Urshifu|0 fnt\n|faint|p1b: Urshifu\n|move|p1a: Kyogre|Thunder|p2a: Tornadus\n|-supereffective|p2a: Tornadus\n|-damage|p2a: Tornadus|0 fnt\n|faint|p2a: Tornadus\n|\n|-weather|RainDance|[upkeep]\n|upkeep\n|\n|t:|1769836260\n|switch|p1b: Calyrex|Calyrex-Ice, L50, tera:Fairy|55/100\n|-ability|p1b: Calyrex|As One\n|-ability|p1b: Calyrex|Unnerve\n|turn|4\n|\n|t:|1769836269\n|move|p2b: Terapagos|Tera Starstorm|p1b: Calyrex|[spread] p1a,p1b\n|-supereffective|p1b: Calyrex\n|-damage|p1a: Kyogre|13/100\n|-damage|p1b: Calyrex|0 fnt\n|faint|p1b: Calyrex\n|move|p1a: Kyogre|Origin Pulse|p2b: Terapagos\n|-damage|p2b: Terapagos|27/100\n|\n|-weather|RainDance|[upkeep]\n|upkeep\n|\n|t:|1769836272\n|switch|p1b: Grimmsnarl|Grimmsnarl, L50, M|100/100\n|turn|5\n|\n|t:|1769836283\n|move|p1b: Grimmsnarl|Thunder Wave|p2b: Terapagos\n|-status|p2b: Terapagos|par\n|move|p2b: Terapagos|Tera Starstorm|p1a: Kyogre|[spread] p1a,p1b\n|-damage|p1a: Kyogre|0 fnt\n|-damage|p1b: Grimmsnarl|39/100\n|faint|p1a: Kyogre\n|\n|-weather|RainDance|[upkeep]\n|upkeep\n|turn|6\n|\n|t:|1769836290\n|cant|p2b: Terapagos|par\n|move|p1b: Grimmsnarl|Foul Play|p2b: Terapagos\n|-damage|p2b: Terapagos|7/100 par\n|\n|-weather|none\n|-sideend|p2: masterofthecourt|move: Tailwind\n|upkeep\n|turn|7\n|\n|t:|1769836297\n|move|p1b: Grimmsnarl|Foul Play|p2b: Terapagos\n|-damage|p2b: Terapagos|0 fnt\n|faint|p2b: Terapagos\n|detailschange|p2: Terapagos|Terapagos, L50, M|[silent]\n|\n|win|ky123456\n|raw|ky123456's rating: 1562 &rarr; <strong>1580</strong><br />(+18 for winning)\n|raw|masterofthecourt's rating: 1521 &rarr; <strong>1503</strong><br />(-18 for losing)\n|l|\u2606ky123456\n|player|p1|\n|l|\u2606masterofthecourt\n|player|p2|\n","uploadtime":1769836446,"views":32,"formatid":"gen9vgc2026regi","rating":1503,"private":0,"password":null}