{"id":"gen9vgc2026regi-2580327923","format":"[Gen 9] VGC 2026 Reg I","players":["yaochangzhe","Xiaoyu Fayne"],"log":"|j|\u2606yaochangzhe\n|j|\u2606Xiaoyu Fayne\n|t:|1775880980\n|gametype|doubles\n|player|p1|yaochangzhe|1|1485\n|player|p2|Xiaoyu Fayne|sabrina|1560\n|gen|9\n|tier|[Gen 9] VGC 2026 Reg I\n|rated|\n|rule|Species Clause: Limit one of each Pok\u00e9mon\n|rule|Item Clause: Limit 1 of each item\n|clearpoke\n|poke|p1|Calyrex-Ice, L50|\n|poke|p1|Kyogre, L50|\n|poke|p1|Iron Jugulis, L50|\n|poke|p1|Basculegion, L50, M|\n|poke|p1|Smeargle, L50, M|\n|poke|p1|Rillaboom, L50, F|\n|poke|p2|Calyrex-Shadow, L50|\n|poke|p2|Smeargle, L50, M|\n|poke|p2|Raging Bolt, L50|\n|poke|p2|Zamazenta-*, L50|\n|poke|p2|Ogerpon-Hearthflame, L50, F|\n|poke|p2|Rillaboom, L50, F|\n|teampreview|4\n|inactive|Battle timer is ON: inactive players will automatically lose when time's up. (requested by Xiaoyu Fayne)\n|\n|t:|1775881004\n|teamsize|p1|4\n|teamsize|p2|4\n|start\n|switch|p1a: Calyrex|Calyrex-Ice, L50|100/100\n|switch|p1b: Iron Jugulis|Iron Jugulis, L50|100/100\n|switch|p2a: Calyrex|Calyrex-Shadow, L50|100/100\n|switch|p2b: Rillaboom|Rillaboom, L50, F|100/100\n|-ability|p2a: Calyrex|As One\n|-ability|p2a: Calyrex|Unnerve\n|-ability|p1a: Calyrex|As One\n|-ability|p1a: Calyrex|Unnerve\n|-fieldstart|move: Grassy Terrain|[from] ability: Grassy Surge|[of] p2b: Rillaboom\n|-enditem|p1b: Iron Jugulis|Booster Energy\n|-activate|p1b: Iron Jugulis|ability: Quark Drive|[fromitem]\n|-start|p1b: Iron Jugulis|quarkdrivespe\n|turn|1\n|inactive|yaochangzhe has 30 seconds left.\n|inactive|Xiaoyu Fayne has 30 seconds left.\n|inactive|yaochangzhe has 20 seconds left.\n|\n|t:|1775881043\n|move|p1b: Iron Jugulis|Protect|p1b: Iron Jugulis\n|-singleturn|p1b: Iron Jugulis|Protect\n|move|p2a: Calyrex|Protect|p2a: Calyrex\n|-singleturn|p2a: Calyrex|Protect\n|move|p1a: Calyrex|Protect|p1a: Calyrex\n|-singleturn|p1a: Calyrex|Protect\n|move|p2b: Rillaboom|U-turn|p1a: Calyrex\n|-activate|p1a: Calyrex|move: Protect\n|\n|upkeep\n|turn|2\n|inactive|yaochangzhe has 30 seconds left.\n|inactive|Xiaoyu Fayne has 30 seconds left.\n|inactive|Xiaoyu Fayne has 20 seconds left.\n|inactive|Xiaoyu Fayne has 15 seconds left.\n|\n|t:|1775881088\n|switch|p2a: Zamazenta|Zamazenta-Crowned, L50|100/100\n|-ability|p2a: Zamazenta|Dauntless Shield|boost\n|-boost|p2a: Zamazenta|def|1\n|-terastallize|p2b: Rillaboom|Water\n|-terastallize|p1a: Calyrex|Fairy\n|move|p1b: Iron Jugulis|Snarl|p2a: Zamazenta|[spread] p2a,p2b\n|-resisted|p2a: Zamazenta\n|-damage|p2a: Zamazenta|96/100\n|-damage|p2b: Rillaboom|90/100\n|-unboost|p2a: Zamazenta|spa|1\n|-unboost|p2b: Rillaboom|spa|1\n|move|p2b: Rillaboom|Wood Hammer|p1a: Calyrex\n|-damage|p1a: Calyrex|56/100\n|-damage|p2b: Rillaboom|75/100|[from] Recoil\n|move|p1a: Calyrex|Glacial Lance|p2a: Zamazenta|[spread] p2a,p2b\n|-resisted|p2a: Zamazenta\n|-resisted|p2b: Rillaboom\n|-damage|p2a: Zamazenta|87/100\n|-damage|p2b: Rillaboom|52/100\n|\n|-heal|p2a: Zamazenta|93/100|[from] Grassy Terrain\n|-heal|p2b: Rillaboom|58/100|[from] Grassy Terrain\n|-heal|p1a: Calyrex|61/100|[from] Grassy Terrain\n|-heal|p1a: Calyrex|67/100|[from] item: Leftovers\n|upkeep\n|turn|3\n|inactive|yaochangzhe has 30 seconds left.\n|inactive|Xiaoyu Fayne has 30 seconds left.\n|inactive|yaochangzhe has 20 seconds left.\n|inactive|Xiaoyu Fayne has 20 seconds left.\n|inactive|yaochangzhe has 15 seconds left.\n|inactive|Xiaoyu Fayne has 15 seconds left.\n|inactive|yaochangzhe has 10 seconds left.\n|inactive|yaochangzhe has 5 seconds left.\n|\n|t:|1775881143\n|move|p1b: Iron Jugulis|Tailwind|p1b: Iron Jugulis\n|-sidestart|p1: yaochangzhe|move: Tailwind\n|move|p2a: Zamazenta|Body Press|p1b: Iron Jugulis\n|-damage|p1b: Iron Jugulis|28/100\n|move|p1a: Calyrex|Glacial Lance|p2b: Rillaboom|[spread] p2a,p2b\n|-resisted|p2a: Zamazenta\n|-resisted|p2b: Rillaboom\n|-damage|p2a: Zamazenta|83/100\n|-damage|p2b: Rillaboom|32/100\n|move|p2b: Rillaboom|U-turn|p1b: Iron Jugulis\n|-damage|p1b: Iron Jugulis|5/100\n|\n|t:|1775881156\n|switch|p2b: Calyrex|Calyrex-Shadow, L50|100/100|[from] U-turn\n|-ability|p2b: Calyrex|As One\n|-ability|p2b: Calyrex|Unnerve\n|\n|-heal|p2a: Zamazenta|89/100|[from] Grassy Terrain\n|-heal|p1a: Calyrex|73/100|[from] Grassy Terrain\n|-heal|p1a: Calyrex|79/100|[from] item: Leftovers\n|upkeep\n|turn|4\n|inactive|yaochangzhe has 30 seconds left.\n|inactive|yaochangzhe has 20 seconds left.\n|inactive|yaochangzhe has 15 seconds left.\n|\n|t:|1775881197\n|move|p2a: Zamazenta|Wide Guard|p2a: Zamazenta\n|-singleturn|p2a: Zamazenta|Wide Guard\n|move|p1b: Iron Jugulis|Tailwind||[still]\n|-fail|p1b: Iron Jugulis\n|move|p2b: Calyrex|Astral Barrage|p1a: Calyrex|[spread] p1a,p1b\n|-resisted|p1b: Iron Jugulis\n|-damage|p1a: Calyrex|35/100\n|-damage|p1b: Iron Jugulis|0 fnt\n|faint|p1b: Iron Jugulis\n|-end|p1b: Iron Jugulis|Quark Drive|[silent]\n|-ability|p2b: Calyrex|Grim Neigh|boost\n|-boost|p2b: Calyrex|spa|1\n|-damage|p2b: Calyrex|91/100|[from] item: Life Orb\n|move|p1a: Calyrex|Leech Seed|p2a: Zamazenta\n|-start|p2a: Zamazenta|move: Leech Seed\n|\n|-heal|p2b: Calyrex|97/100|[from] Grassy Terrain\n|-heal|p2a: Zamazenta|95/100|[from] Grassy Terrain\n|-heal|p1a: Calyrex|41/100|[from] Grassy Terrain\n|-heal|p1a: Calyrex|47/100|[from] item: Leftovers\n|-damage|p2a: Zamazenta|83/100|[from] Leech Seed|[of] p1a: Calyrex\n|-heal|p1a: Calyrex|58/100|[silent]\n|upkeep\n|\n|t:|1775881211\n|switch|p1b: Kyogre|Kyogre, L50|100/100\n|-weather|RainDance|[from] ability: Drizzle|[of] p1b: Kyogre\n|turn|5\n|j| eggs egs\n|\n|t:|1775881233\n|move|p2b: Calyrex|Protect|p2b: Calyrex\n|-singleturn|p2b: Calyrex|Protect\n|move|p1b: Kyogre|Hydro Pump|p2a: Zamazenta|[miss]\n|-miss|p1b: Kyogre|p2a: Zamazenta\n|move|p2a: Zamazenta|Body Press|p1b: Kyogre\n|-damage|p1b: Kyogre|34/100\n|move|p1a: Calyrex|Leech Seed|p2b: Calyrex\n|-activate|p2b: Calyrex|move: Protect\n|\n|-weather|RainDance|[upkeep]\n|-heal|p1b: Kyogre|40/100|[from] Grassy Terrain\n|-heal|p2b: Calyrex|100/100|[from] Grassy Terrain\n|-heal|p2a: Zamazenta|89/100|[from] Grassy Terrain\n|-heal|p1a: Calyrex|64/100|[from] Grassy Terrain\n|-heal|p1a: Calyrex|70/100|[from] item: Leftovers\n|-damage|p2a: Zamazenta|77/100|[from] Leech Seed|[of] p1a: Calyrex\n|-heal|p1a: Calyrex|82/100|[silent]\n|-fieldend|move: Grassy Terrain\n|upkeep\n|turn|6\n|\n|t:|1775881255\n|move|p2a: Zamazenta|Wide Guard|p2a: Zamazenta\n|-singleturn|p2a: Zamazenta|Wide Guard\n|move|p1b: Kyogre|Origin Pulse|p2b: Calyrex|[spread] \n|-activate|p2a: Zamazenta|move: Wide Guard\n|-activate|p2b: Calyrex|move: Wide Guard\n|move|p2b: Calyrex|Astral Barrage|p1b: Kyogre|[spread] p1a,p1b\n|-damage|p1a: Calyrex|21/100\n|-damage|p1b: Kyogre|0 fnt\n|faint|p1b: Kyogre\n|-ability|p2b: Calyrex|Grim Neigh|boost\n|-boost|p2b: Calyrex|spa|1\n|-damage|p2b: Calyrex|91/100|[from] item: Life Orb\n|move|p1a: Calyrex|Glacial Lance|p2a: Zamazenta|[spread] \n|-activate|p2a: Zamazenta|move: Wide Guard\n|-activate|p2b: Calyrex|move: Wide Guard\n|\n|-weather|RainDance|[upkeep]\n|-heal|p1a: Calyrex|27/100|[from] item: Leftovers\n|-damage|p2a: Zamazenta|65/100|[from] Leech Seed|[of] p1a: Calyrex\n|-heal|p1a: Calyrex|38/100|[silent]\n|-sideend|p1: yaochangzhe|move: Tailwind\n|upkeep\n|\n|t:|1775881265\n|switch|p1b: Basculegion|Basculegion, L50, M|100/100\n|turn|7\n|inactive|yaochangzhe has 30 seconds left.\n|inactive|Xiaoyu Fayne has 30 seconds left.\n|\n|t:|1775881295\n|switch|p2a: Rillaboom|Rillaboom, L50, F, tera:Water|32/100\n|-fieldstart|move: Grassy Terrain|[from] ability: Grassy Surge|[of] p2a: Rillaboom\n|move|p2b: Calyrex|Protect|p2b: Calyrex\n|-singleturn|p2b: Calyrex|Protect\n|move|p1b: Basculegion|Wave Crash|p2a: Rillaboom\n|-resisted|p2a: Rillaboom\n|-damage|p2a: Rillaboom|0 fnt\n|faint|p2a: Rillaboom\n|-damage|p1b: Basculegion|90/100|[from] Recoil\n|-damage|p1b: Basculegion|80/100|[from] item: Life Orb\n|move|p1a: Calyrex|Trick Room|p1a: Calyrex\n|-fieldstart|move: Trick Room|[of] p1a: Calyrex\n|\n|-weather|RainDance|[upkeep]\n|-heal|p1a: Calyrex|44/100|[from] Grassy Terrain\n|-heal|p1a: Calyrex|50/100|[from] item: Leftovers\n|-heal|p2b: Calyrex|97/100|[from] Grassy Terrain\n|-heal|p1b: Basculegion|87/100|[from] Grassy Terrain\n|upkeep\n|\n|t:|1775881311\n|switch|p2a: Smeargle|Smeargle, L50, M|100/100\n|turn|8\n|\n|t:|1775881319\n|move|p2a: Smeargle|Fake Out|p1a: Calyrex\n|-damage|p1a: Calyrex|46/100\n|move|p1b: Basculegion|Aqua Jet|p2b: Calyrex\n|-damage|p2b: Calyrex|53/100\n|-damage|p1b: Basculegion|77/100|[from] item: Life Orb\n|cant|p1a: Calyrex|flinch\n|move|p2b: Calyrex|Astral Barrage|p1a: Calyrex|[spread] p1a,p1b\n|-supereffective|p1b: Basculegion\n|-damage|p1a: Calyrex|0 fnt\n|-damage|p1b: Basculegion|0 fnt\n|faint|p1a: Calyrex\n|faint|p1b: Basculegion\n|-damage|p2b: Calyrex|44/100|[from] item: Life Orb\n|\n|win|Xiaoyu Fayne\n|raw|yaochangzhe's rating: 1485 &rarr; <strong>1469</strong><br />(-16 for losing)\n|raw|Xiaoyu Fayne's rating: 1560 &rarr; <strong>1576</strong><br />(+16 for winning)\n|l|\u2606yaochangzhe\n|player|p1|\n|l|\u2606Xiaoyu Fayne\n|player|p2|\n|l| eggs egs\n","uploadtime":1775881519,"views":12,"formatid":"gen9vgc2026regi","rating":1469,"private":0,"password":null}