{"id":"gen9vgc2026regi-2574065913","format":"[Gen 9] VGC 2026 Reg I","players":["Tepig_nNz_498","blackred123"],"log":"|j|\u2606Tepig_nNz_498\n|j|\u2606blackred123\n|t:|1775196156\n|gametype|doubles\n|player|p1|Tepig_nNz_498|101|1375\n|player|p2|blackred123|iono-masters|1458\n|gen|9\n|tier|[Gen 9] VGC 2026 Reg I\n|rated|\n|rule|Species Clause: Limit one of each Pok\u00e9mon\n|rule|Item Clause: Limit 1 of each item\n|clearpoke\n|poke|p1|Whimsicott, L50, F|\n|poke|p1|Reshiram, L50|\n|poke|p1|Incineroar, L50, M|\n|poke|p1|Lilligant-Hisui, L50, F|\n|poke|p1|Brute Bonnet, L50|\n|poke|p1|Koraidon, L50|\n|poke|p2|Kyogre, L50|\n|poke|p2|Zamazenta-*, L50|\n|poke|p2|Chien-Pao, L50|\n|poke|p2|Amoonguss, L50, M|\n|poke|p2|Dragonite, L50, F|\n|poke|p2|Rillaboom, L50, M|\n|teampreview|4\n|inactive|Battle timer is ON: inactive players will automatically lose when time's up. (requested by blackred123)\n|\n|t:|1775196187\n|teamsize|p1|4\n|teamsize|p2|4\n|start\n|switch|p1a: Lilligant|Lilligant-Hisui, L50, F|100/100\n|switch|p1b: Koraidon|Koraidon, L50|100/100\n|switch|p2a: Zamazenta|Zamazenta-Crowned, L50|100/100\n|switch|p2b: Chien-Pao|Chien-Pao, L50|100/100\n|-weather|SunnyDay|[from] ability: Orichalcum Pulse|[of] p1b: Koraidon\n|-activate|p1b: Koraidon|Orichalcum Pulse|[source]\n|-ability|p2b: Chien-Pao|Sword of Ruin\n|-ability|p2a: Zamazenta|Dauntless Shield|boost\n|-boost|p2a: Zamazenta|def|1\n|turn|1\n|\n|t:|1775196196\n|switch|p2b: Kyogre|Kyogre, L50|100/100\n|-weather|RainDance|[from] ability: Drizzle|[of] p2b: Kyogre\n|-terastallize|p2a: Zamazenta|Grass\n|move|p1b: Koraidon|Close Combat|p2a: Zamazenta\n|-damage|p2a: Zamazenta|77/100\n|-unboost|p1b: Koraidon|def|1\n|-unboost|p1b: Koraidon|spd|1\n|-enditem|p1b: Koraidon|Eject Pack\n|\n|t:|1775196219\n|switch|p1b: Incineroar|Incineroar, L50, M|100/100\n|-ability|p1b: Incineroar|Intimidate|boost\n|-unboost|p2a: Zamazenta|atk|1\n|-unboost|p2b: Kyogre|atk|1\n|move|p1a: Lilligant|Sleep Powder|p2b: Kyogre\n|-status|p2b: Kyogre|slp|[from] move: Sleep Powder\n|move|p2a: Zamazenta|Heavy Slam|p1a: Lilligant\n|-damage|p1a: Lilligant|48/100\n|\n|-weather|RainDance|[upkeep]\n|upkeep\n|turn|2\n|\n|t:|1775196237\n|switch|p2b: Dragonite|Dragonite, L50, F|100/100\n|switch|p1b: Koraidon|Koraidon, L50|100/100\n|-weather|SunnyDay|[from] ability: Orichalcum Pulse|[of] p1b: Koraidon\n|-activate|p1b: Koraidon|Orichalcum Pulse|[source]\n|move|p1a: Lilligant|Solar Blade||[still]\n|-prepare|p1a: Lilligant|Solar Blade\n|-anim|p1a: Lilligant|Solar Blade|p2b: Dragonite\n|-resisted|p2b: Dragonite\n|-damage|p2b: Dragonite|86/100\n|move|p2a: Zamazenta|Heavy Slam|p1a: Lilligant\n|-damage|p1a: Lilligant|0 fnt\n|faint|p1a: Lilligant\n|\n|-weather|SunnyDay|[upkeep]\n|upkeep\n|\n|t:|1775196250\n|switch|p1a: Reshiram|Reshiram, L50|100/100\n|-ability|p1a: Reshiram|Turboblaze\n|turn|3\n|\n|t:|1775196262\n|switch|p1b: Incineroar|Incineroar, L50, M|100/100\n|-ability|p1b: Incineroar|Intimidate|boost\n|-unboost|p2a: Zamazenta|atk|1\n|-fail|p2b: Dragonite|unboost|Attack|[from] ability: Inner Focus|[of] p2b: Dragonite\n|switch|p2b: Kyogre|Kyogre, L50|100/100 slp\n|-weather|RainDance|[from] ability: Drizzle|[of] p2b: Kyogre\n|-terastallize|p1a: Reshiram|Fire\n|move|p2a: Zamazenta|Body Press|p1a: Reshiram\n|-damage|p1a: Reshiram|39/100\n|move|p1a: Reshiram|Heat Wave|p2b: Kyogre|[spread] p2a,p2b\n|-supereffective|p2a: Zamazenta\n|-resisted|p2b: Kyogre\n|-damage|p2a: Zamazenta|22/100\n|-damage|p2b: Kyogre|86/100 slp\n|-damage|p1a: Reshiram|29/100|[from] item: Life Orb\n|\n|-weather|RainDance|[upkeep]\n|upkeep\n|turn|4\n|\n|t:|1775196285\n|switch|p2b: Dragonite|Dragonite, L50, F|86/100\n|switch|p1a: Koraidon|Koraidon, L50|100/100\n|-weather|SunnyDay|[from] ability: Orichalcum Pulse|[of] p1a: Koraidon\n|-activate|p1a: Koraidon|Orichalcum Pulse|[source]\n|move|p2a: Zamazenta|Wide Guard|p2a: Zamazenta\n|-singleturn|p2a: Zamazenta|Wide Guard\n|move|p1b: Incineroar|Parting Shot|p2b: Dragonite\n|-unboost|p2b: Dragonite|atk|1\n|-unboost|p2b: Dragonite|spa|1\n|\n|t:|1775196289\n|switch|p1b: Reshiram|Reshiram, L50, tera:Fire|29/100|[from] Parting Shot\n|-ability|p1b: Reshiram|Turboblaze\n|\n|-weather|SunnyDay|[upkeep]\n|upkeep\n|turn|5\n|-message|Tepig_nNz_498 forfeited.\n|\n|win|blackred123\n|raw|Tepig_nNz_498's rating: 1375 &rarr; <strong>1360</strong><br />(-15 for losing)\n|raw|blackred123's rating: 1458 &rarr; <strong>1473</strong><br />(+15 for winning)\n|l|\u2606Tepig_nNz_498\n|player|p1|\n|l|\u2606blackred123\n|player|p2|\n","uploadtime":1775196500,"views":13,"formatid":"gen9vgc2026regi","rating":1360,"private":0,"password":null}