{"id":"gen9vgc2026regi-2559186612","format":"[Gen 9] VGC 2026 Reg I","players":["uhh daneooo","NorthGDH"],"log":"|j|\u2606uhh daneooo\n|j|\u2606NorthGDH\n|t:|1773530235\n|gametype|doubles\n|player|p1|uhh daneooo|riley|1292\n|player|p2|NorthGDH|pokemonranger-gen4|1350\n|gen|9\n|tier|[Gen 9] VGC 2026 Reg I\n|rated|\n|rule|Species Clause: Limit one of each Pok\u00e9mon\n|rule|Item Clause: Limit 1 of each item\n|clearpoke\n|poke|p1|Flutter Mane, L50|\n|poke|p1|Chi-Yu, L50|\n|poke|p1|Terapagos, L50, M|\n|poke|p1|Eternatus, L50|\n|poke|p1|Iron Hands, L50|\n|poke|p1|Grimmsnarl, L50, M|\n|poke|p2|Groudon, L50|\n|poke|p2|Rillaboom, L50, M|\n|poke|p2|Yanmega, L50, M|\n|poke|p2|Sandy Shocks, L50|\n|poke|p2|Ho-Oh, L50|\n|poke|p2|Flutter Mane, L50|\n|teampreview|4\n|inactive|Battle timer is ON: inactive players will automatically lose when time's up. (requested by NorthGDH)\n|inactive|uhh daneooo has 60 seconds left.\n|inactive|NorthGDH has 60 seconds left.\n|\n|t:|1773530274\n|teamsize|p1|4\n|teamsize|p2|4\n|start\n|switch|p1a: Chi-Yu|Chi-Yu, L50|100/100\n|switch|p1b: Flutter Mane|Flutter Mane, L50|100/100\n|switch|p2a: Yanmega|Yanmega, L50, M, shiny|100/100\n|switch|p2b: Sandy Shocks|Sandy Shocks, L50, shiny|100/100\n|-ability|p1a: Chi-Yu|Beads of Ruin\n|-enditem|p1b: Flutter Mane|Booster Energy\n|-activate|p1b: Flutter Mane|ability: Protosynthesis|[fromitem]\n|-start|p1b: Flutter Mane|protosynthesisspe\n|-enditem|p2b: Sandy Shocks|Booster Energy\n|-activate|p2b: Sandy Shocks|ability: Protosynthesis|[fromitem]\n|-start|p2b: Sandy Shocks|protosynthesisspe\n|turn|1\n|\n|t:|1773530287\n|move|p1a: Chi-Yu|Protect|p1a: Chi-Yu\n|-singleturn|p1a: Chi-Yu|Protect\n|move|p2a: Yanmega|Protect|p2a: Yanmega\n|-singleturn|p2a: Yanmega|Protect\n|move|p1b: Flutter Mane|Icy Wind|p2b: Sandy Shocks|[spread] p2b\n|-activate|p2a: Yanmega|move: Protect\n|-supereffective|p2b: Sandy Shocks\n|-damage|p2b: Sandy Shocks|60/100\n|-unboost|p2b: Sandy Shocks|spe|1\n|move|p2b: Sandy Shocks|Gravity|p2b: Sandy Shocks\n|-fieldstart|move: Gravity\n|\n|-ability|p2a: Yanmega|Speed Boost|boost\n|-boost|p2a: Yanmega|spe|1\n|upkeep\n|turn|2\n|\n|t:|1773530305\n|move|p1b: Flutter Mane|Icy Wind|p2b: Sandy Shocks|[spread] p2a,p2b\n|-supereffective|p2a: Yanmega\n|-supereffective|p2b: Sandy Shocks\n|-damage|p2a: Yanmega|46/100\n|-damage|p2b: Sandy Shocks|20/100\n|-unboost|p2a: Yanmega|spe|1\n|-unboost|p2b: Sandy Shocks|spe|1\n|move|p1a: Chi-Yu|Heat Wave|p2b: Sandy Shocks|[spread] p2a,p2b\n|-supereffective|p2a: Yanmega\n|-damage|p2a: Yanmega|0 fnt\n|-damage|p2b: Sandy Shocks|0 fnt\n|faint|p2a: Yanmega\n|faint|p2b: Sandy Shocks\n|-end|p2b: Sandy Shocks|Protosynthesis|[silent]\n|\n|upkeep\n|\n|t:|1773530308\n|switch|p2b: Richeh|Flutter Mane, L50|100/100\n|switch|p2a: Groudon|Groudon, L50|100/100\n|-weather|SunnyDay|[from] ability: Drought|[of] p2a: Groudon\n|-activate|p2b: Richeh|ability: Protosynthesis\n|-start|p2b: Richeh|protosynthesisspe\n|turn|3\n|\n|t:|1773530320\n|-terastallize|p2a: Groudon|Fire\n|move|p2b: Richeh|Dazzling Gleam|p1b: Flutter Mane|[spread] p1a,p1b\n|-damage|p1a: Chi-Yu|40/100\n|-damage|p1b: Flutter Mane|38/100\n|move|p1b: Flutter Mane|Icy Wind|p2a: Groudon|[spread] p2a,p2b\n|-resisted|p2a: Groudon\n|-damage|p2a: Groudon|93/100\n|-damage|p2b: Richeh|84/100\n|-unboost|p2b: Richeh|spe|1\n|move|p1a: Chi-Yu|Heat Wave|p2b: Richeh|[spread] p2a,p2b\n|-resisted|p2a: Groudon\n|-damage|p2a: Groudon|60/100\n|-damage|p2b: Richeh|8/100\n|move|p2a: Groudon|Precipice Blades|p1a: Chi-Yu|[spread] p1a,p1b\n|-supereffective|p1a: Chi-Yu\n|-damage|p1a: Chi-Yu|0 fnt\n|-damage|p1b: Flutter Mane|0 fnt\n|faint|p1a: Chi-Yu\n|faint|p1b: Flutter Mane\n|-end|p1b: Flutter Mane|Protosynthesis|[silent]\n|\n|-weather|SunnyDay|[upkeep]\n|upkeep\n|\n|t:|1773530332\n|switch|p1b: Iron Hands|Iron Hands, L50|100/100\n|switch|p1a: Terapagos|Terapagos, L50, M|100/100\n|-activate|p1a: Terapagos|ability: Tera Shift\n|detailschange|p1a: Terapagos|Terapagos-Terastal, L50, M\n|-heal|p1a: Terapagos|100/100|[silent]\n|turn|4\n|\n|t:|1773530342\n|-terastallize|p1a: Terapagos|Stellar\n|detailschange|p1a: Terapagos|Terapagos-Stellar, L50, M, tera:Stellar\n|-heal|p1a: Terapagos|100/100|[silent]\n|-ability|p1a: Terapagos|Teraform Zero\n|-weather|none\n|-end|p2b: Richeh|Protosynthesis\n|move|p2a: Groudon|Protect|p2a: Groudon\n|-singleturn|p2a: Groudon|Protect\n|move|p1b: Iron Hands|Fake Out|p2a: Groudon\n|-activate|p2a: Groudon|move: Protect\n|move|p2b: Richeh|Dazzling Gleam|p1a: Terapagos|[spread] p1a,p1b\n|-supereffective|p1b: Iron Hands\n|-damage|p1a: Terapagos|70/100\n|-damage|p1b: Iron Hands|49/100\n|move|p1a: Terapagos|Tera Starstorm|p2b: Richeh|[spread] p2b\n|-activate|p2a: Groudon|move: Protect\n|-damage|p2b: Richeh|0 fnt\n|faint|p2b: Richeh\n|-end|p2b: Richeh|Protosynthesis|[silent]\n|\n|upkeep\n|turn|5\n|c|\u2606NorthGDH|ggwp\n|c|\u2606NorthGDH|should\u2019ve expected the faster flutter\n|\n|t:|1773530359\n|move|p1a: Terapagos|Tera Starstorm|p2a: Groudon\n|-supereffective|p2a: Groudon\n|-crit|p2a: Groudon\n|-damage|p2a: Groudon|0 fnt\n|faint|p2a: Groudon\n|\n|win|uhh daneooo\n|raw|uhh daneooo's rating: 1292 &rarr; <strong>1321</strong><br />(+29 for winning)\n|raw|NorthGDH's rating: 1350 &rarr; <strong>1327</strong><br />(-23 for losing)\n|c|\u2606NorthGDH|not reg f anymore\n|c|\u2606NorthGDH|huuuuge crit\n|c|\u2606uhh daneooo|u were losing regardless\n|c|\u2606NorthGDH|Idk\n|c|\u2606NorthGDH|especially if precipice crit\n|c|\u2606uhh daneooo|146 def turtle\n|l|\u2606NorthGDH\n|player|p2|\n|c|\u2606uhh daneooo|u weren\u2019t killing me bro\n|c|\u2606uhh daneooo|unless band or orb\n|l|\u2606uhh daneooo\n|player|p1|\n","uploadtime":1773530557,"views":13,"formatid":"gen9vgc2026regi","rating":1321,"private":0,"password":null}