{"id":"gen9vgc2026regi-2554745182","format":"[Gen 9] VGC 2026 Reg I","players":["ytlidi","Cello L."],"log":"|j|\u2606ytlidi\n|j|\u2606Cello L.\n|t:|1773006873\n|gametype|doubles\n|player|p1|ytlidi|170|1399\n|player|p2|Cello L.|psychic-gen4|1505\n|gen|9\n|tier|[Gen 9] VGC 2026 Reg I\n|rated|\n|rule|Species Clause: Limit one of each Pok\u00e9mon\n|rule|Item Clause: Limit 1 of each item\n|clearpoke\n|poke|p1|Zamazenta-*, L50|\n|poke|p1|Miraidon, L50|\n|poke|p1|Chien-Pao, L50|\n|poke|p1|Iron Hands, L50|\n|poke|p1|Farigiraf, L50, F|\n|poke|p1|Tornadus, L50, M|\n|poke|p2|Calyrex-Shadow, L50|\n|poke|p2|Koraidon, L50|\n|poke|p2|Regieleki, L50|\n|poke|p2|Volcarona, L50, F|\n|poke|p2|Rillaboom, L50, F|\n|poke|p2|Incineroar, L50, F|\n|teampreview|4\n|\n|t:|1773006922\n|teamsize|p1|4\n|teamsize|p2|4\n|start\n|switch|p1a: Tornadus|Tornadus, L50, M|100/100\n|switch|p1b: Miraidon|Miraidon, L50|100/100\n|switch|p2a: Calyrex|Calyrex-Shadow, L50|100/100\n|switch|p2b: Regieleki|Regieleki, L50|100/100\n|-ability|p2a: Calyrex|As One\n|-ability|p2a: Calyrex|Unnerve\n|-fieldstart|move: Electric Terrain|[from] ability: Hadron Engine|[of] p1b: Miraidon\n|turn|1\n|\n|t:|1773006940\n|move|p2a: Calyrex|Protect|p2a: Calyrex\n|-singleturn|p2a: Calyrex|Protect\n|move|p1a: Tornadus|Tailwind|p1a: Tornadus\n|-sidestart|p1: ytlidi|move: Tailwind\n|move|p1b: Miraidon|Electro Drift|p2a: Calyrex\n|-activate|p2a: Calyrex|move: Protect\n|move|p2b: Regieleki|Volt Switch|p1a: Tornadus\n|-supereffective|p1a: Tornadus\n|-damage|p1a: Tornadus|0 fnt\n|faint|p1a: Tornadus\n|\n|t:|1773006951\n|switch|p2b: Rillaboom|Rillaboom, L50, F|100/100|[from] Volt Switch\n|-fieldstart|move: Grassy Terrain|[from] ability: Grassy Surge|[of] p2b: Rillaboom\n|\n|upkeep\n|\n|t:|1773006959\n|switch|p1a: Iron Hands|Iron Hands, L50|100/100\n|turn|2\n|\n|t:|1773006968\n|-end|p1a: Iron Hands|Quark Drive|[silent]\n|switch|p1a: Farigiraf|Farigiraf, L50, F|100/100\n|move|p2b: Rillaboom|Fake Out||[still]\n|cant|p1a: Farigiraf|ability: Armor Tail|Fake Out|[of] p2b: Rillaboom\n|move|p1b: Miraidon|Electro Drift|p2a: Calyrex\n|-crit|p2a: Calyrex\n|-damage|p2a: Calyrex|0 fnt\n|faint|p2a: Calyrex\n|\n|upkeep\n|\n|t:|1773006987\n|switch|p2a: Koraidon|Koraidon, L50|100/100\n|-weather|SunnyDay|[from] ability: Orichalcum Pulse|[of] p2a: Koraidon\n|-activate|p2a: Koraidon|Orichalcum Pulse|[source]\n|turn|3\n|j| babyrex\n|\n|t:|1773007006\n|-terastallize|p1b: Miraidon|Fairy\n|move|p2a: Koraidon|Protect|p2a: Koraidon\n|-singleturn|p2a: Koraidon|Protect\n|move|p1b: Miraidon|Electro Drift|p2a: Koraidon\n|-activate|p2a: Koraidon|move: Protect\n|move|p1a: Farigiraf|Psychic|p2a: Koraidon\n|-activate|p2a: Koraidon|move: Protect\n|move|p2b: Rillaboom|Wood Hammer|p1a: Farigiraf\n|-damage|p1a: Farigiraf|35/100\n|-damage|p2b: Rillaboom|76/100|[from] Recoil\n|\n|-weather|SunnyDay|[upkeep]\n|-heal|p1a: Farigiraf|41/100|[from] Grassy Terrain\n|-heal|p2b: Rillaboom|82/100|[from] Grassy Terrain\n|upkeep\n|turn|4\n|\n|t:|1773007040\n|move|p1a: Farigiraf|Helping Hand|p1b: Miraidon\n|-singleturn|p1b: Miraidon|Helping Hand|[of] p1a: Farigiraf\n|move|p1b: Miraidon|Electro Drift|p2a: Koraidon\n|-resisted|p2a: Koraidon\n|-damage|p2a: Koraidon|56/100\n|move|p2a: Koraidon|Collision Course|p1a: Farigiraf\n|-damage|p1a: Farigiraf|0 fnt\n|faint|p1a: Farigiraf\n|move|p2b: Rillaboom|U-turn|p1b: Miraidon\n|-resisted|p1b: Miraidon\n|-damage|p1b: Miraidon|90/100\n|\n|t:|1773007051\n|switch|p2b: Regieleki|Regieleki, L50|100/100|[from] U-turn\n|\n|-weather|SunnyDay|[upkeep]\n|-heal|p1b: Miraidon|96/100|[from] Grassy Terrain\n|-heal|p2a: Koraidon|62/100|[from] Grassy Terrain\n|-sideend|p1: ytlidi|move: Tailwind\n|upkeep\n|\n|t:|1773007056\n|switch|p1a: Iron Hands|Iron Hands, L50|100/100\n|turn|5\n|\n|t:|1773007062\n|move|p2b: Regieleki|Protect|p2b: Regieleki\n|-singleturn|p2b: Regieleki|Protect\n|move|p2a: Koraidon|Protect|p2a: Koraidon\n|-singleturn|p2a: Koraidon|Protect\n|move|p1a: Iron Hands|Fake Out|p2a: Koraidon\n|-activate|p2a: Koraidon|move: Protect\n|move|p1b: Miraidon|Electro Drift|p2a: Koraidon\n|-activate|p2a: Koraidon|move: Protect\n|\n|-weather|SunnyDay|[upkeep]\n|-heal|p1b: Miraidon|100/100|[from] Grassy Terrain\n|-heal|p2a: Koraidon|68/100|[from] Grassy Terrain\n|-fieldend|move: Grassy Terrain\n|upkeep\n|turn|6\n|\n|t:|1773007098\n|-terastallize|p2b: Regieleki|Electric\n|move|p2b: Regieleki|Thunderbolt|p1b: Miraidon\n|-damage|p1b: Miraidon|41/100\n|move|p1b: Miraidon|Electro Drift|p2b: Regieleki\n|-resisted|p2b: Regieleki\n|-damage|p2b: Regieleki|23/100\n|move|p2a: Koraidon|Flare Blitz|p1b: Miraidon\n|-damage|p1b: Miraidon|0 fnt\n|faint|p1b: Miraidon\n|-damage|p2a: Koraidon|56/100|[from] Recoil\n|move|p1a: Iron Hands|Low Kick|p2a: Koraidon\n|-damage|p2a: Koraidon|11/100\n|\n|-weather|SunnyDay|[upkeep]\n|upkeep\n|turn|7\n|\n|t:|1773007115\n|move|p2b: Regieleki|Thunderbolt|p1a: Iron Hands\n|-resisted|p1a: Iron Hands\n|-damage|p1a: Iron Hands|83/100\n|move|p2a: Koraidon|Flare Blitz|p1a: Iron Hands\n|-damage|p1a: Iron Hands|20/100\n|-damage|p2a: Koraidon|0 fnt|[from] Recoil\n|faint|p2a: Koraidon\n|move|p1a: Iron Hands|Drain Punch|p2b: Regieleki\n|-damage|p2b: Regieleki|0 fnt\n|-heal|p1a: Iron Hands|28/100|[from] drain|[of] p2b: Regieleki\n|faint|p2b: Regieleki\n|\n|-weather|none\n|upkeep\n|\n|t:|1773007128\n|switch|p2a: Rillaboom|Rillaboom, L50, F|82/100\n|-fieldstart|move: Grassy Terrain|[from] ability: Grassy Surge|[of] p2a: Rillaboom\n|turn|8\n|\n|t:|1773007133\n|move|p2a: Rillaboom|Wood Hammer|p1a: Iron Hands\n|-damage|p1a: Iron Hands|0 fnt\n|faint|p1a: Iron Hands\n|-end|p1a: Iron Hands|Quark Drive|[silent]\n|-damage|p2a: Rillaboom|71/100|[from] Recoil\n|\n|win|Cello L.\n|raw|ytlidi's rating: 1399 &rarr; <strong>1385</strong><br />(-14 for losing)\n|raw|Cello L.'s rating: 1505 &rarr; <strong>1519</strong><br />(+14 for winning)\n","uploadtime":1773007136,"views":12,"formatid":"gen9vgc2026regi","rating":1385,"private":0,"password":null}