{"id":"gen9vgc2026regi-2541021319","format":"[Gen 9] VGC 2026 Reg I","players":["Darknight675","marcxhenry"],"log":"|j|\u203dDarknight675\n|j|\u2606marcxhenry\n|t:|1771277032\n|gametype|doubles\n|player|p1|Darknight675|morty|1397\n|player|p2|marcxhenry|hilbert-wonderlauncher|1477\n|gen|9\n|tier|[Gen 9] VGC 2026 Reg I\n|rated|\n|rule|Species Clause: Limit one of each Pok\u00e9mon\n|rule|Item Clause: Limit 1 of each item\n|clearpoke\n|poke|p1|Miraidon, L50|\n|poke|p1|Incineroar, L50, M|\n|poke|p1|Whimsicott, L50, F|\n|poke|p1|Urshifu-*, L50, F|\n|poke|p1|Lunala, L50|\n|poke|p1|Ursaluna, L50, M|\n|poke|p2|Calyrex-Ice, L50|\n|poke|p2|Farigiraf, L50, F|\n|poke|p2|Conkeldurr, L50, M|\n|poke|p2|Magmortar, L50, F|\n|poke|p2|Flutter Mane, L50|\n|poke|p2|Miraidon, L50|\n|teampreview|4\n|\n|t:|1771277064\n|teamsize|p1|4\n|teamsize|p2|4\n|start\n|switch|p1a: Miraidon|Miraidon, L50|100/100\n|switch|p1b: Incineroar|Incineroar, L50, M|100/100\n|switch|p2a: Calyrex|Calyrex-Ice, L50|100/100\n|switch|p2b: Magmortar|Magmortar, L50, F|100/100\n|-ability|p2a: Calyrex|As One\n|-ability|p2a: Calyrex|Unnerve\n|-fieldstart|move: Electric Terrain|[from] ability: Hadron Engine|[of] p1a: Miraidon\n|-ability|p1b: Incineroar|Intimidate|boost\n|-fail|p2a: Calyrex|unboost|[from] item: Clear Amulet|[of] p2a: Calyrex\n|-unboost|p2b: Magmortar|atk|1\n|turn|1\n|\n|t:|1771277083\n|move|p2b: Magmortar|Protect|p2b: Magmortar\n|-singleturn|p2b: Magmortar|Protect\n|move|p2a: Calyrex|Protect|p2a: Calyrex\n|-singleturn|p2a: Calyrex|Protect\n|move|p1a: Miraidon|Volt Switch|p2b: Magmortar\n|-activate|p2b: Magmortar|move: Protect\n|move|p1b: Incineroar|Knock Off|p2a: Calyrex\n|-activate|p2a: Calyrex|move: Protect\n|\n|upkeep\n|turn|2\n|\n|t:|1771277103\n|-terastallize|p2b: Magmortar|Grass\n|move|p2b: Magmortar|Follow Me|p2b: Magmortar\n|-singleturn|p2b: Magmortar|move: Follow Me\n|move|p1a: Miraidon|Volt Switch|p2b: Magmortar\n|-resisted|p2b: Magmortar\n|-damage|p2b: Magmortar|59/100\n|-damage|p1a: Miraidon|91/100|[from] item: Life Orb\n|\n|t:|1771277110\n|switch|p1a: Lunala|Lunala, L50|100/100|[from] Volt Switch\n|-enditem|p1a: Lunala|Electric Seed\n|-boost|p1a: Lunala|def|1|[from] item: Electric Seed\n|move|p1b: Incineroar|Knock Off|p2b: Magmortar\n|-crit|p2b: Magmortar\n|-damage|p2b: Magmortar|7/100\n|-damage|p1b: Incineroar|84/100|[from] item: Rocky Helmet|[of] p2b: Magmortar\n|-enditem|p2b: Magmortar|Rocky Helmet|[from] move: Knock Off|[of] p1b: Incineroar\n|move|p2a: Calyrex|Glacial Lance|p1b: Incineroar|[spread] p1a,p1b\n|-resisted|p1b: Incineroar\n|-damage|p1a: Lunala|86/100\n|-damage|p1b: Incineroar|53/100\n|\n|upkeep\n|turn|3\n|j| riyuezi\n|\n|t:|1771277138\n|move|p2a: Calyrex|Protect|p2a: Calyrex\n|-singleturn|p2a: Calyrex|Protect\n|move|p1a: Lunala|Moongeist Beam|p2a: Calyrex\n|-activate|p2a: Calyrex|move: Protect\n|move|p1b: Incineroar|Knock Off|p2a: Calyrex\n|-activate|p2a: Calyrex|move: Protect\n|move|p2b: Magmortar|Heat Wave|p1a: Lunala|[spread] p1a,p1b\n|-resisted|p1b: Incineroar\n|-damage|p1a: Lunala|63/100\n|-damage|p1b: Incineroar|44/100\n|\n|upkeep\n|turn|4\n|\n|t:|1771277159\n|move|p2b: Magmortar|Follow Me|p2b: Magmortar\n|-singleturn|p2b: Magmortar|move: Follow Me\n|move|p1a: Lunala|Moongeist Beam|p2b: Magmortar\n|-damage|p2b: Magmortar|0 fnt\n|faint|p2b: Magmortar\n|move|p1b: Incineroar|Knock Off|p2a: Calyrex\n|-supereffective|p2a: Calyrex\n|-damage|p2a: Calyrex|54/100\n|-enditem|p2a: Calyrex|Clear Amulet|[from] move: Knock Off|[of] p1b: Incineroar\n|move|p2a: Calyrex|High Horsepower|p1b: Incineroar\n|-supereffective|p1b: Incineroar\n|-damage|p1b: Incineroar|0 fnt\n|faint|p1b: Incineroar\n|-ability|p2a: Calyrex|Chilling Neigh|boost\n|-boost|p2a: Calyrex|atk|1\n|\n|upkeep\n|\n|t:|1771277185\n|switch|p1b: Miraidon|Miraidon, L50|91/100\n|switch|p2b: Miraidon|Miraidon, L50|100/100\n|-activate|p2b: Miraidon|ability: Hadron Engine\n|-activate|p1b: Miraidon|ability: Hadron Engine\n|turn|5\n|\n|t:|1771277219\n|-terastallize|p1b: Miraidon|Electric\n|move|p2b: Miraidon|Electro Drift|p1b: Miraidon\n|-resisted|p1b: Miraidon\n|-damage|p1b: Miraidon|26/100\n|move|p1b: Miraidon|Draco Meteor|p2b: Miraidon\n|-supereffective|p2b: Miraidon\n|-damage|p2b: Miraidon|0 fnt\n|-unboost|p1b: Miraidon|spa|2\n|faint|p2b: Miraidon\n|-damage|p1b: Miraidon|16/100|[from] item: Life Orb\n|move|p1a: Lunala|Moongeist Beam|p2a: Calyrex\n|-supereffective|p2a: Calyrex\n|-damage|p2a: Calyrex|0 fnt\n|faint|p2a: Calyrex\n|\n|-fieldend|move: Electric Terrain\n|upkeep\n|-message|marcxhenry forfeited.\n|\n|win|Darknight675\n|raw|Darknight675's rating: 1397 &rarr; <strong>1422</strong><br />(+25 for winning)\n|raw|marcxhenry's rating: 1477 &rarr; <strong>1452</strong><br />(-25 for losing)\n|l|\u2606marcxhenry\n|player|p2|\n|l|\u203dDarknight675\n|player|p1|\n|l| riyuezi\n","uploadtime":1771277412,"views":31,"formatid":"gen9vgc2026regi","rating":1422,"private":0,"password":null}