{"id":"gen9vgc2026regi-2555687827","format":"[Gen 9] VGC 2026 Reg I","players":["Kwiper","501JFW"],"log":"|j|\u2606Kwiper\n|j|\u2606501JFW\n|t:|1773118851\n|gametype|doubles\n|player|p1|Kwiper|sycamore|1530\n|player|p2|501JFW|266|1590\n|gen|9\n|tier|[Gen 9] VGC 2026 Reg I\n|rated|\n|rule|Species Clause: Limit one of each Pok\u00e9mon\n|rule|Item Clause: Limit 1 of each item\n|clearpoke\n|poke|p1|Koraidon, L50|\n|poke|p1|Lunala, L50|\n|poke|p1|Indeedee-F, L50, F|\n|poke|p1|Flutter Mane, L50|\n|poke|p1|Volcarona, L50, F|\n|poke|p1|Ursaluna, L50, M|\n|poke|p2|Lunala, L50|\n|poke|p2|Koraidon, L50|\n|poke|p2|Jumpluff, L50, F|\n|poke|p2|Ogerpon-Cornerstone, L50, F|\n|poke|p2|Raging Bolt, L50|\n|poke|p2|Ursaluna, L50, F|\n|teampreview|4\n|inactive|Battle timer is ON: inactive players will automatically lose when time's up. (requested by Kwiper)\n|j| globalfish39\n|\n|t:|1773118871\n|teamsize|p1|4\n|teamsize|p2|4\n|start\n|switch|p1a: Koraidon|Koraidon, L50, shiny|100/100\n|switch|p1b: Lunala|Lunala, L50, shiny|100/100\n|switch|p2a: Koraidon|Koraidon, L50, shiny|100/100\n|switch|p2b: Jumpluff|Jumpluff, L50, F, shiny|100/100\n|-weather|SunnyDay|[from] ability: Orichalcum Pulse|[of] p1a: Koraidon\n|-activate|p1a: Koraidon|Orichalcum Pulse|[source]\n|-activate|p2a: Koraidon|ability: Orichalcum Pulse\n|turn|1\n|\n|t:|1773118895\n|move|p1a: Koraidon|Protect|p1a: Koraidon\n|-singleturn|p1a: Koraidon|Protect\n|move|p2b: Jumpluff|Sleep Powder|p1a: Koraidon\n|-activate|p1a: Koraidon|move: Protect\n|move|p2a: Koraidon|Shadow Claw|p1b: Lunala\n|-supereffective|p1b: Lunala\n|-crit|p1b: Lunala\n|-damage|p1b: Lunala|21/100\n|move|p1b: Lunala|Meteor Beam||[still]\n|-prepare|p1b: Lunala|Meteor Beam\n|-boost|p1b: Lunala|spa|1\n|-enditem|p1b: Lunala|Power Herb\n|-anim|p1b: Lunala|Meteor Beam|p2b: Jumpluff\n|-supereffective|p2b: Jumpluff\n|-damage|p2b: Jumpluff|0 fnt\n|faint|p2b: Jumpluff\n|\n|-weather|SunnyDay|[upkeep]\n|upkeep\n|\n|t:|1773118903\n|switch|p2b: Lunala|Lunala, L50, shiny|100/100\n|turn|2\n|\n|t:|1773118918\n|-terastallize|p1a: Koraidon|Fire\n|-terastallize|p2b: Lunala|Fire\n|move|p2a: Koraidon|Close Combat|p1a: Koraidon\n|-damage|p1a: Koraidon|20/100\n|-unboost|p2a: Koraidon|def|1\n|-unboost|p2a: Koraidon|spd|1\n|move|p1a: Koraidon|Breaking Swipe|p2b: Lunala|[spread] p2a,p2b\n|-supereffective|p2a: Koraidon\n|-enditem|p2a: Koraidon|Focus Sash\n|-damage|p2a: Koraidon|1/100\n|-damage|p2b: Lunala|80/100\n|-unboost|p2a: Koraidon|atk|1\n|-unboost|p2b: Lunala|atk|1\n|-damage|p1a: Koraidon|10/100|[from] item: Life Orb\n|move|p2b: Lunala|Heat Wave|p1b: Lunala|[spread] p1a,p1b\n|-resisted|p1a: Koraidon\n|-damage|p1a: Koraidon|0 fnt\n|-damage|p1b: Lunala|0 fnt\n|faint|p1a: Koraidon\n|faint|p1b: Lunala\n|\n|-weather|SunnyDay|[upkeep]\n|upkeep\n|\n|t:|1773118925\n|switch|p1a: Ursaluna|Ursaluna, L50, M|100/100\n|switch|p1b: Flutter Mane|Flutter Mane, L50|100/100\n|-activate|p1b: Flutter Mane|ability: Protosynthesis\n|-start|p1b: Flutter Mane|protosynthesisspe\n|turn|3\n|inactive|501JFW has 30 seconds left.\n|inactive|501JFW has 20 seconds left.\n|inactive|501JFW has 15 seconds left.\n|inactive|501JFW has 10 seconds left.\n|inactive|501JFW has 5 seconds left.\n|\n|t:|1773118979\n|switch|p2a: Ursaluna|Ursaluna, L50, F, shiny|100/100\n|move|p1b: Flutter Mane|Icy Wind|p2b: Lunala|[spread] p2a,p2b\n|-supereffective|p2a: Ursaluna\n|-resisted|p2b: Lunala\n|-damage|p2a: Ursaluna|72/100\n|-damage|p2b: Lunala|75/100\n|-unboost|p2a: Ursaluna|spe|1\n|-unboost|p2b: Lunala|spe|1\n|move|p2b: Lunala|Moongeist Beam|p1b: Flutter Mane\n|-supereffective|p1b: Flutter Mane\n|-enditem|p1b: Flutter Mane|Focus Sash\n|-damage|p1b: Flutter Mane|1/100\n|move|p1a: Ursaluna|Headlong Rush|p2b: Lunala\n|-supereffective|p2b: Lunala\n|-damage|p2b: Lunala|0 fnt\n|-unboost|p1a: Ursaluna|def|1\n|-unboost|p1a: Ursaluna|spd|1\n|faint|p2b: Lunala\n|\n|-weather|SunnyDay|[upkeep]\n|-status|p1a: Ursaluna|brn|[from] item: Flame Orb\n|-status|p2a: Ursaluna|brn|[from] item: Flame Orb\n|upkeep\n|\n|t:|1773118984\n|switch|p2b: Koraidon|Koraidon, L50, shiny|1/100\n|-activate|p2b: Koraidon|ability: Orichalcum Pulse\n|turn|4\n|\n|t:|1773119000\n|move|p2a: Ursaluna|Protect|p2a: Ursaluna\n|-singleturn|p2a: Ursaluna|Protect\n|move|p1b: Flutter Mane|Moonblast|p2b: Koraidon\n|-supereffective|p2b: Koraidon\n|-damage|p2b: Koraidon|0 fnt\n|faint|p2b: Koraidon\n|move|p1a: Ursaluna|Facade|p2a: Ursaluna\n|-activate|p2a: Ursaluna|move: Protect\n|\n|-weather|SunnyDay|[upkeep]\n|-damage|p1a: Ursaluna|95/100 brn|[from] brn\n|-damage|p2a: Ursaluna|66/100 brn|[from] brn\n|upkeep\n|turn|5\n|-message|501JFW forfeited.\n|\n|win|Kwiper\n|raw|Kwiper's rating: 1530 &rarr; <strong>1553</strong><br />(+23 for winning)\n|raw|501JFW's rating: 1590 &rarr; <strong>1567</strong><br />(-23 for losing)\n|l|\u2606501JFW\n|player|p2|\n|l|\u2606Kwiper\n|player|p1|\n","uploadtime":1773119005,"views":45,"formatid":"gen9vgc2026regi","rating":1553,"private":0,"password":null}