{"id":"gen9vgc2026regi-2567055562","format":"[Gen 9] VGC 2026 Reg I","players":["DJCoolAwesome13","Graves Wu"],"log":"|j|\u2606DJCoolAwesome13\n|j|\u2606Graves Wu\n|t:|1774445376\n|gametype|doubles\n|player|p1|DJCoolAwesome13|170|1506\n|player|p2|Graves Wu|steven|1500\n|gen|9\n|tier|[Gen 9] VGC 2026 Reg I\n|rated|\n|rule|Species Clause: Limit one of each Pok\u00e9mon\n|rule|Item Clause: Limit 1 of each item\n|clearpoke\n|poke|p1|Lunala, L50|\n|poke|p1|Ursaluna, L50, M|\n|poke|p1|Urshifu-*, L50, F|\n|poke|p1|Miraidon, L50|\n|poke|p1|Grimmsnarl, L50, M|\n|poke|p1|Incineroar, L50, F|\n|poke|p2|Calyrex-Shadow, L50|\n|poke|p2|Zamazenta-*, L50|\n|poke|p2|Roaring Moon, L50|\n|poke|p2|Maushold, L50|\n|poke|p2|Weezing, L50, M|\n|poke|p2|Amoonguss, L50, M|\n|teampreview|4\n|inactive|Battle timer is ON: inactive players will automatically lose when time's up. (requested by Graves Wu)\n|inactive|Graves Wu has 60 seconds left.\n|inactive|Graves Wu has 30 seconds left.\n|inactive|Graves Wu has 20 seconds left.\n|inactive|Graves Wu has 15 seconds left.\n|inactive|Graves Wu has 10 seconds left.\n|inactive|Graves Wu has 5 seconds left.\n|\n|t:|1774445466\n|teamsize|p1|4\n|teamsize|p2|4\n|start\n|switch|p1a: Urshifu|Urshifu-Rapid-Strike, L50, F|100/100\n|switch|p1b: Miraidon|Miraidon, L50|100/100\n|switch|p2a: Amoonguss|Amoonguss, L50, M, shiny|100/100\n|switch|p2b: Calyrex|Calyrex-Shadow, L50|100/100\n|-ability|p2b: Calyrex|As One\n|-ability|p2b: Calyrex|Unnerve\n|-fieldstart|move: Electric Terrain|[from] ability: Hadron Engine|[of] p1b: Miraidon\n|turn|1\n|\n|t:|1774445473\n|-terastallize|p2b: Calyrex|Ghost\n|move|p2a: Amoonguss|Rage Powder|p2a: Amoonguss\n|-singleturn|p2a: Amoonguss|move: Rage Powder\n|move|p2b: Calyrex|Astral Barrage|p1b: Miraidon|[spread] p1a,p1b\n|-damage|p1a: Urshifu|0 fnt\n|-damage|p1b: Miraidon|41/100\n|faint|p1a: Urshifu\n|-ability|p2b: Calyrex|Grim Neigh|boost\n|-boost|p2b: Calyrex|spa|1\n|move|p1b: Miraidon|Snarl|p2a: Amoonguss|[spread] p2a,p2b\n|-crit|p2a: Amoonguss\n|-supereffective|p2b: Calyrex\n|-damage|p2a: Amoonguss|72/100\n|-damage|p2b: Calyrex|57/100\n|-unboost|p2a: Amoonguss|spa|1\n|-unboost|p2b: Calyrex|spa|1\n|\n|upkeep\n|\n|t:|1774445488\n|switch|p1a: Lunala|Lunala, L50|100/100\n|-enditem|p1a: Lunala|Electric Seed\n|-boost|p1a: Lunala|def|1|[from] item: Electric Seed\n|turn|2\n|\n|t:|1774445508\n|move|p1a: Lunala|Wide Guard|p1a: Lunala\n|-singleturn|p1a: Lunala|Wide Guard\n|move|p2a: Amoonguss|Rage Powder|p2a: Amoonguss\n|-singleturn|p2a: Amoonguss|move: Rage Powder\n|move|p2b: Calyrex|Astral Barrage|p1b: Miraidon|[spread] \n|-activate|p1a: Lunala|move: Wide Guard\n|-activate|p1b: Miraidon|move: Wide Guard\n|move|p1b: Miraidon|Electro Drift|p2a: Amoonguss\n|-resisted|p2a: Amoonguss\n|-damage|p2a: Amoonguss|25/100\n|\n|upkeep\n|turn|3\n|\n|t:|1774445518\n|switch|p2b: Zamazenta|Zamazenta-Crowned, L50, shiny|100/100\n|-ability|p2b: Zamazenta|Dauntless Shield|boost\n|-boost|p2b: Zamazenta|def|1\n|move|p1a: Lunala|Wide Guard|p1a: Lunala\n|-singleturn|p1a: Lunala|Wide Guard\n|move|p2a: Amoonguss|Rage Powder|p2a: Amoonguss\n|-singleturn|p2a: Amoonguss|move: Rage Powder\n|move|p1b: Miraidon|Snarl|p2a: Amoonguss|[spread] p2a\n|-miss|p1b: Miraidon|p2b: Zamazenta\n|-damage|p2a: Amoonguss|4/100\n|-unboost|p2a: Amoonguss|spa|1\n|\n|upkeep\n|turn|4\n|\n|t:|1774445534\n|move|p2a: Amoonguss|Rage Powder|p2a: Amoonguss\n|-singleturn|p2a: Amoonguss|move: Rage Powder\n|move|p1b: Miraidon|Volt Switch|p2a: Amoonguss\n|-resisted|p2a: Amoonguss\n|-crit|p2a: Amoonguss\n|-damage|p2a: Amoonguss|0 fnt\n|faint|p2a: Amoonguss\n|\n|t:|1774445538\n|switch|p1b: Incineroar|Incineroar, L50, F|100/100|[from] Volt Switch\n|-ability|p1b: Incineroar|Intimidate|boost\n|-unboost|p2b: Zamazenta|atk|1\n|move|p2b: Zamazenta|Body Press|p1b: Incineroar\n|-supereffective|p1b: Incineroar\n|-damage|p1b: Incineroar|0 fnt\n|-damage|p2b: Zamazenta|84/100|[from] item: Rocky Helmet|[of] p1b: Incineroar\n|faint|p1b: Incineroar\n|move|p1a: Lunala|Moongeist Beam|p2b: Zamazenta\n|-damage|p2b: Zamazenta|48/100\n|\n|upkeep\n|\n|t:|1774445547\n|switch|p1b: Miraidon|Miraidon, L50|41/100\n|switch|p2a: Roaring Moon|Roaring Moon, L50|100/100\n|-activate|p1b: Miraidon|ability: Hadron Engine\n|-enditem|p2a: Roaring Moon|Booster Energy\n|-activate|p2a: Roaring Moon|ability: Protosynthesis|[fromitem]\n|-start|p2a: Roaring Moon|protosynthesisspe\n|turn|5\n|\n|t:|1774445574\n|move|p2a: Roaring Moon|Taunt|p1a: Lunala\n|-start|p1a: Lunala|move: Taunt\n|move|p1b: Miraidon|Electro Drift|p2b: Zamazenta\n|-damage|p2b: Zamazenta|0 fnt\n|faint|p2b: Zamazenta\n|move|p1a: Lunala|Moonblast|p2a: Roaring Moon\n|-supereffective|p2a: Roaring Moon\n|-damage|p2a: Roaring Moon|0 fnt\n|faint|p2a: Roaring Moon\n|-end|p2a: Roaring Moon|Protosynthesis|[silent]\n|\n|-fieldend|move: Electric Terrain\n|upkeep\n|j| Knightdozo\n|\n|t:|1774445590\n|switch|p2b: Calyrex|Calyrex-Shadow, L50, tera:Ghost|57/100\n|-ability|p2b: Calyrex|As One\n|-ability|p2b: Calyrex|Unnerve\n|turn|6\n|\n|t:|1774445599\n|-terastallize|p1a: Lunala|Fairy\n|move|p2b: Calyrex|Astral Barrage|p1a: Lunala|[spread] p1a,p1b\n|-damage|p1a: Lunala|58/100\n|-damage|p1b: Miraidon|0 fnt\n|faint|p1b: Miraidon\n|-ability|p2b: Calyrex|Grim Neigh|boost\n|-boost|p2b: Calyrex|spa|1\n|move|p1a: Lunala|Moongeist Beam|p2b: Calyrex\n|-supereffective|p2b: Calyrex\n|-damage|p2b: Calyrex|0 fnt\n|faint|p2b: Calyrex\n|\n|win|DJCoolAwesome13\n|raw|DJCoolAwesome13's rating: 1506 &rarr; <strong>1526</strong><br />(+20 for winning)\n|raw|Graves Wu's rating: 1500 &rarr; <strong>1480</strong><br />(-20 for losing)\n|l| Knightdozo\n|l|\u2606DJCoolAwesome13\n|player|p1|\n|l|\u2606Graves Wu\n|player|p2|\n","uploadtime":1774445756,"views":11,"formatid":"gen9vgc2026regi","rating":1480,"private":0,"password":null}