{"id":"gen9vgc2026regi-2548207228","format":"[Gen 9] VGC 2026 Reg I","players":["Gosmerko24","xiaoliyunVGC"],"log":"|j|\u2606Gosmerko24\n|j|\u2606xiaoliyunVGC\n|t:|1772187266\n|gametype|doubles\n|player|p1|Gosmerko24|liko|1334\n|player|p2|xiaoliyunVGC|liko|1462\n|gen|9\n|tier|[Gen 9] VGC 2026 Reg I\n|rated|\n|rule|Species Clause: Limit one of each Pok\u00e9mon\n|rule|Item Clause: Limit 1 of each item\n|clearpoke\n|poke|p1|Calyrex-Ice, L50|\n|poke|p1|Indeedee-F, L50, F|\n|poke|p1|Giratina-Origin, L50|\n|poke|p1|Landorus-Therian, L50, M|\n|poke|p1|Alcremie-Rainbow-Swirl, L50, F|\n|poke|p1|Primarina, L50, F|\n|poke|p2|Zamazenta-*, L50|\n|poke|p2|Kyogre, L50|\n|poke|p2|Raichu, L50, F|\n|poke|p2|Flutter Mane, L50|\n|poke|p2|Tornadus, L50, M|\n|poke|p2|Kingambit, L50, F|\n|teampreview|4\n|inactive|Battle timer is ON: inactive players will automatically lose when time's up. (requested by Gosmerko24)\n|inactive|xiaoliyunVGC also wants the timer to be on.\n|c|\u2606Gosmerko24|Liko mirror :)\n|inactive|Gosmerko24 has 60 seconds left.\n|inactive|xiaoliyunVGC has 60 seconds left.\n|\n|t:|1772187306\n|teamsize|p1|4\n|teamsize|p2|4\n|start\n|switch|p1a: Calyrex|Calyrex-Ice, L50|100/100\n|switch|p1b: Primarina|Primarina, L50, F|100/100\n|switch|p2a: Zamazenta|Zamazenta-Crowned, L50, shiny|100/100\n|switch|p2b: Flutter Mane|Flutter Mane, L50|100/100\n|-ability|p1a: Calyrex|As One\n|-ability|p1a: Calyrex|Unnerve\n|-ability|p2a: Zamazenta|Dauntless Shield|boost\n|-boost|p2a: Zamazenta|def|1\n|-enditem|p2b: Flutter Mane|Booster Energy\n|-activate|p2b: Flutter Mane|ability: Protosynthesis|[fromitem]\n|-start|p2b: Flutter Mane|protosynthesisspe\n|turn|1\n|inactive|Gosmerko24 has 30 seconds left.\n|inactive|Gosmerko24 has 20 seconds left.\n|\n|t:|1772187345\n|switch|p1a: Landorus|Landorus-Therian, L50, M|100/100\n|-ability|p1a: Landorus|Intimidate|boost\n|-unboost|p2a: Zamazenta|atk|1\n|-unboost|p2b: Flutter Mane|atk|1\n|move|p2b: Flutter Mane|Taunt|p1a: Landorus\n|-start|p1a: Landorus|move: Taunt\n|move|p2a: Zamazenta|Behemoth Bash|p1a: Landorus\n|-damage|p1a: Landorus|65/100\n|move|p1b: Primarina|Hyper Voice|p2b: Flutter Mane|[spread] p2a,p2b\n|-damage|p2a: Zamazenta|80/100\n|-damage|p2b: Flutter Mane|65/100\n|\n|upkeep\n|turn|2\n|inactive|Gosmerko24 has 30 seconds left.\n|\n|t:|1772187374\n|move|p2b: Flutter Mane|Icy Wind|p1b: Primarina|[spread] p1a,p1b\n|-supereffective|p1a: Landorus\n|-resisted|p1b: Primarina\n|-damage|p1a: Landorus|0 fnt\n|-damage|p1b: Primarina|93/100\n|-unboost|p1b: Primarina|spe|1\n|faint|p1a: Landorus\n|move|p2a: Zamazenta|Body Press|p1b: Primarina\n|-resisted|p1b: Primarina\n|-damage|p1b: Primarina|59/100\n|move|p1b: Primarina|Moonblast|p2b: Flutter Mane\n|-damage|p2b: Flutter Mane|19/100\n|\n|upkeep\n|\n|t:|1772187383\n|switch|p1a: Giratina|Giratina-Origin, L50|100/100\n|turn|3\n|\n|t:|1772187394\n|move|p1b: Primarina|Protect|p1b: Primarina\n|-singleturn|p1b: Primarina|Protect\n|move|p1a: Giratina|Shadow Sneak|p2b: Flutter Mane\n|-supereffective|p2b: Flutter Mane\n|-damage|p2b: Flutter Mane|0 fnt\n|faint|p2b: Flutter Mane\n|-end|p2b: Flutter Mane|Protosynthesis|[silent]\n|move|p2a: Zamazenta|Behemoth Bash|p1b: Primarina\n|-activate|p1b: Primarina|move: Protect\n|\n|upkeep\n|\n|t:|1772187408\n|switch|p2b: Kingambit|Kingambit, L50, F|100/100\n|turn|4\n|\n|t:|1772187421\n|switch|p1a: Calyrex|Calyrex-Ice, L50|100/100\n|-ability|p1a: Calyrex|As One\n|-ability|p1a: Calyrex|Unnerve\n|move|p2a: Zamazenta|Behemoth Bash|p1b: Primarina\n|-damage|p1b: Primarina|30/100\n|-enditem|p1b: Primarina|Sitrus Berry|[eat]\n|-heal|p1b: Primarina|55/100|[from] item: Sitrus Berry\n|move|p2b: Kingambit|Kowtow Cleave|p1a: Calyrex\n|-supereffective|p1a: Calyrex\n|-damage|p1a: Calyrex|8/100\n|move|p1b: Primarina|Moonblast|p2b: Kingambit\n|-damage|p2b: Kingambit|53/100\n|-unboost|p2b: Kingambit|spa|1\n|-ability|p2b: Kingambit|Defiant|boost\n|-boost|p2b: Kingambit|atk|2\n|\n|upkeep\n|turn|5\n|inactive|Gosmerko24 has 30 seconds left.\n|inactive|xiaoliyunVGC has 30 seconds left.\n|\n|t:|1772187452\n|move|p2a: Zamazenta|Body Press|p1b: Primarina\n|-resisted|p1b: Primarina\n|-damage|p1b: Primarina|20/100\n|move|p1a: Calyrex|High Horsepower|p2b: Kingambit\n|-supereffective|p2b: Kingambit\n|-damage|p2b: Kingambit|0 fnt\n|faint|p2b: Kingambit\n|-ability|p1a: Calyrex|Chilling Neigh|boost\n|-boost|p1a: Calyrex|atk|1\n|move|p1b: Primarina|Moonblast|p2a: Zamazenta\n|-damage|p2a: Zamazenta|48/100\n|-unboost|p2a: Zamazenta|spa|1\n|\n|upkeep\n|\n|t:|1772187460\n|switch|p2b: Kyogre|Kyogre, L50|100/100\n|-weather|RainDance|[from] ability: Drizzle|[of] p2b: Kyogre\n|turn|6\n|\n|t:|1772187481\n|move|p1b: Primarina|Protect|p1b: Primarina\n|-singleturn|p1b: Primarina|Protect\n|move|p2b: Kyogre|Ice Beam|p1a: Calyrex\n|-resisted|p1a: Calyrex\n|-crit|p1a: Calyrex\n|-damage|p1a: Calyrex|0 fnt\n|faint|p1a: Calyrex\n|move|p2a: Zamazenta|Body Press|p1b: Primarina\n|-activate|p1b: Primarina|move: Protect\n|\n|-weather|RainDance|[upkeep]\n|upkeep\n|\n|t:|1772187492\n|switch|p1a: Giratina|Giratina-Origin, L50|100/100\n|turn|7\n|\n|t:|1772187516\n|move|p2b: Kyogre|Ice Beam|p1a: Giratina\n|-supereffective|p1a: Giratina\n|-damage|p1a: Giratina|48/100\n|move|p2a: Zamazenta|Body Press|p1b: Primarina\n|-resisted|p1b: Primarina\n|-damage|p1b: Primarina|0 fnt\n|faint|p1b: Primarina\n|move|p1a: Giratina|Shadow Force||[still]\n|-prepare|p1a: Giratina|Shadow Force\n|\n|-weather|RainDance|[upkeep]\n|upkeep\n|turn|8\n|\n|t:|1772187530\n|move|p2b: Kyogre|Ice Beam|p1a: Giratina|[miss]\n|-miss|p2b: Kyogre|p1a: Giratina\n|move|p2a: Zamazenta|Behemoth Bash|p1a: Giratina|[miss]\n|-miss|p2a: Zamazenta|p1a: Giratina\n|move|p1a: Giratina|Shadow Force|p2b: Kyogre|[from] lockedmove\n|-crit|p2b: Kyogre\n|-damage|p2b: Kyogre|0 fnt\n|faint|p2b: Kyogre\n|\n|-weather|RainDance|[upkeep]\n|upkeep\n|turn|9\n|\n|t:|1772187543\n|move|p2a: Zamazenta|Behemoth Bash|p1a: Giratina\n|-damage|p1a: Giratina|30/100\n|move|p1a: Giratina|Shadow Force||[still]\n|-prepare|p1a: Giratina|Shadow Force\n|\n|-weather|RainDance|[upkeep]\n|upkeep\n|turn|10\n|\n|t:|1772187551\n|move|p2a: Zamazenta|Behemoth Bash|p1a: Giratina|[miss]\n|-miss|p2a: Zamazenta|p1a: Giratina\n|move|p1a: Giratina|Shadow Force|p2a: Zamazenta|[from] lockedmove\n|-damage|p2a: Zamazenta|20/100\n|\n|-weather|none\n|upkeep\n|turn|11\n|\n|t:|1772187559\n|move|p2a: Zamazenta|Behemoth Bash|p1a: Giratina\n|-damage|p1a: Giratina|9/100\n|move|p1a: Giratina|Draco Meteor|p2a: Zamazenta\n|-resisted|p2a: Zamazenta\n|-damage|p2a: Zamazenta|0 fnt\n|-unboost|p1a: Giratina|spa|2\n|faint|p2a: Zamazenta\n|\n|win|Gosmerko24\n|raw|Gosmerko24's rating: 1334 &rarr; <strong>1361</strong><br />(+27 for winning)\n|raw|xiaoliyunVGC's rating: 1462 &rarr; <strong>1435</strong><br />(-27 for losing)\n|c|\u2606Gosmerko24|Gg\n|l|\u2606xiaoliyunVGC\n|player|p2|\n|l|\u2606Gosmerko24\n|player|p1|\n","uploadtime":1772187742,"views":12,"formatid":"gen9vgc2026regi","rating":1361,"private":0,"password":null}