{"id":"gen9vgc2026regi-2573099238","format":"[Gen 9] VGC 2026 Reg I","players":["Dqstrqyed","Maphoo"],"log":"|j|\u2606Dqstrqyed\n|j|\u2606Maphoo\n|t:|1775090587\n|gametype|doubles\n|player|p1|Dqstrqyed|1|1420\n|player|p2|Maphoo|101|1485\n|gen|9\n|tier|[Gen 9] VGC 2026 Reg I\n|rated|\n|rule|Species Clause: Limit one of each Pok\u00e9mon\n|rule|Item Clause: Limit 1 of each item\n|clearpoke\n|poke|p1|Volcarona, L50, M|\n|poke|p1|Ursaluna, L50, M|\n|poke|p1|Miraidon, L50|\n|poke|p1|Calyrex-Ice, L50|\n|poke|p1|Grimmsnarl, L50, M|\n|poke|p1|Sneasler, L50, F|\n|poke|p2|Lunala, L50|\n|poke|p2|Indeedee-F, L50, F|\n|poke|p2|Roaring Moon, L50|\n|poke|p2|Kyogre, L50|\n|poke|p2|Ursaluna, L50, M|\n|poke|p2|Urshifu-*, L50, M|\n|teampreview|4\n|\n|t:|1775090619\n|teamsize|p1|4\n|teamsize|p2|4\n|start\n|switch|p1a: Grimmsnarl|Grimmsnarl, L50, M, shiny|100/100\n|switch|p1b: Calyrex|Calyrex-Ice, L50|100/100\n|switch|p2a: Kyogre|Kyogre, L50, shiny|100/100\n|switch|p2b: Indeedee|Indeedee-F, L50, F, shiny|100/100\n|-ability|p1b: Calyrex|As One\n|-ability|p1b: Calyrex|Unnerve\n|-weather|RainDance|[from] ability: Drizzle|[of] p2a: Kyogre\n|-fieldstart|move: Psychic Terrain|[from] ability: Psychic Surge|[of] p2b: Indeedee\n|-enditem|p2b: Indeedee|Psychic Seed\n|-boost|p2b: Indeedee|spd|1|[from] item: Psychic Seed\n|turn|1\n|inactive|Battle timer is ON: inactive players will automatically lose when time's up. (requested by Dqstrqyed)\n|\n|t:|1775090637\n|-terastallize|p1b: Calyrex|Water\n|move|p2b: Indeedee|Helping Hand|p2a: Kyogre\n|-singleturn|p2a: Kyogre|Helping Hand|[of] p2b: Indeedee\n|move|p1a: Grimmsnarl|Light Screen|p1a: Grimmsnarl\n|-sidestart|p1: Dqstrqyed|move: Light Screen\n|move|p2a: Kyogre|Water Spout|p1a: Grimmsnarl|[spread] p1a,p1b\n|-resisted|p1b: Calyrex\n|-damage|p1a: Grimmsnarl|0 fnt\n|-damage|p1b: Calyrex|64/100\n|faint|p1a: Grimmsnarl\n|move|p1b: Calyrex|Leech Seed|p2a: Kyogre\n|-start|p2a: Kyogre|move: Leech Seed\n|\n|-weather|RainDance|[upkeep]\n|-damage|p2a: Kyogre|88/100|[from] Leech Seed|[of] p1b: Calyrex\n|-heal|p1b: Calyrex|76/100|[silent]\n|upkeep\n|\n|t:|1775090650\n|switch|p1a: Miraidon|Miraidon, L50|100/100\n|-fieldstart|move: Electric Terrain|[from] ability: Hadron Engine|[of] p1a: Miraidon\n|turn|2\n|\n|t:|1775090671\n|switch|p2a: Ursaluna|Ursaluna, L50, M, shiny|100/100\n|move|p1a: Miraidon|Volt Switch|p2b: Indeedee\n|-damage|p2b: Indeedee|56/100\n|\n|t:|1775090676\n|switch|p1a: Ursaluna|Ursaluna, L50, M, shiny|100/100|[from] Volt Switch\n|move|p1b: Calyrex|Glacial Lance|p2b: Indeedee|[spread] p2a,p2b\n|-supereffective|p2a: Ursaluna\n|-damage|p2a: Ursaluna|16/100\n|-damage|p2b: Indeedee|1/100\n|move|p2b: Indeedee|Trick Room|p2b: Indeedee\n|-fieldstart|move: Trick Room|[of] p2b: Indeedee\n|\n|-weather|RainDance|[upkeep]\n|-status|p2a: Ursaluna|brn|[from] item: Flame Orb\n|-status|p1a: Ursaluna|brn|[from] item: Flame Orb\n|upkeep\n|turn|3\n|\n|t:|1775090693\n|move|p1b: Calyrex|Protect|p1b: Calyrex\n|-singleturn|p1b: Calyrex|Protect\n|move|p2b: Indeedee|Follow Me|p2b: Indeedee\n|-singleturn|p2b: Indeedee|move: Follow Me\n|move|p2a: Ursaluna|Facade|p1b: Calyrex\n|-activate|p1b: Calyrex|move: Protect\n|move|p1a: Ursaluna|Earthquake|p2b: Indeedee|[spread] p2a,p2b\n|-activate|p1b: Calyrex|move: Protect\n|-damage|p2a: Ursaluna|0 fnt\n|-damage|p2b: Indeedee|0 fnt\n|faint|p2a: Ursaluna\n|faint|p2b: Indeedee\n|\n|-weather|RainDance|[upkeep]\n|-damage|p1a: Ursaluna|95/100 brn|[from] brn\n|upkeep\n|\n|t:|1775090709\n|switch|p2a: Lunala|Lunala, L50, shiny|100/100\n|switch|p2b: Kyogre|Kyogre, L50, shiny|88/100\n|turn|4\n|\n|t:|1775090725\n|move|p1a: Ursaluna|Facade|p2b: Kyogre\n|-damage|p2b: Kyogre|0 fnt\n|faint|p2b: Kyogre\n|move|p1b: Calyrex|Glacial Lance|p2a: Lunala\n|-damage|p2a: Lunala|72/100\n|move|p2a: Lunala|Expanding Force|p1a: Ursaluna\n|-damage|p1a: Ursaluna|68/100 brn\n|\n|-weather|RainDance|[upkeep]\n|-damage|p1a: Ursaluna|62/100 brn|[from] brn\n|upkeep\n|turn|5\n|-message|Maphoo forfeited.\n|\n|win|Dqstrqyed\n|raw|Dqstrqyed's rating: 1420 &rarr; <strong>1444</strong><br />(+24 for winning)\n|raw|Maphoo's rating: 1485 &rarr; <strong>1461</strong><br />(-24 for losing)\n|l|\u2606Maphoo\n|player|p2|\n|l|\u2606Dqstrqyed\n|player|p1|\n","uploadtime":1775090922,"views":12,"formatid":"gen9vgc2026regi","rating":1444,"private":0,"password":null}