{"id":"gen9vgc2026regi-2575217374","format":"[Gen 9] VGC 2026 Reg I","players":["4Test4","u lost da game"],"log":"|j|\u26064Test4\n|j|\u2606u lost da game\n|t:|1775330006\n|gametype|doubles\n|player|p1|4Test4|blue|\n|player|p2|u lost da game|1|\n|gen|9\n|tier|[Gen 9] VGC 2026 Reg I\n|rated|Tournament battle\n|rule|Species Clause: Limit one of each Pok\u00e9mon\n|rule|Item Clause: Limit 1 of each item\n|raw|<div class=\"infobox\"><details class=\"readmore\" open><summary><strong>3 custom rules:</strong></summary> Open Team Sheets, Force Open Team Sheets, !Open Team Sheets</details></div>\n|clearpoke\n|poke|p1|Kyogre, L50|\n|poke|p1|Raichu, L50, F|\n|poke|p1|Ludicolo, L50, F|\n|poke|p1|Zamazenta-*, L50|\n|poke|p1|Urshifu-*, L50, F|\n|poke|p1|Farigiraf, L50, F|\n|poke|p2|Miraidon, L50|\n|poke|p2|Ursaluna, L50, M|\n|poke|p2|Ho-Oh, L50|\n|poke|p2|Incineroar, L50, F|\n|poke|p2|Flutter Mane, L50|\n|poke|p2|Cresselia, L50, F|\n|teampreview|4\n|showteam|p1|Kyogre||ChoiceScarf|Drizzle|WaterSpout,HydroPump,IceBeam,Thunder||||||50|,,,,,Water]Raichu||AssaultVest|LightningRod|FakeOut,Nuzzle,Electroweb,VoltSwitch|||F|||50|,,,,,Fairy]Ludicolo||KingsRock|SwiftSwim|Fling,FakeOut,GrassKnot,MuddyWater|||F|||50|,,,,,Steel]Zamazenta-Crowned||RustedShield|DauntlessShield|WideGuard,BodyPress,HeavySlam,Imprison||||||50|,,,,,Dragon]Urshifu||FocusSash|UnseenFist|SuckerPunch,WickedBlow,CloseCombat,Detect|||F|||50|,,,,,Dark]Farigiraf||RockyHelmet|CudChew|Imprison,TrickRoom,HelpingHand,DazzlingGleam|||F|||50|,,,,,Fairy\n|showteam|p2|Miraidon||ChoiceSpecs|HadronEngine|ElectroDrift,DazzlingGleam,VoltSwitch,DracoMeteor||||||50|,,,,,Fairy]Ursaluna||FlameOrb|Guts|HeadlongRush,Facade,Protect,Earthquake|||M|||50|,,,,,Ghost]Ho-Oh||ClearAmulet|Regenerator|SacredFire,Protect,BraveBird,Tailwind||||||50|,,,,,Grass]Incineroar||AssaultVest|Intimidate|FlareBlitz,KnockOff,Uturn,FakeOut|||F|||50|,,,,,Bug]Flutter Mane||FocusSash|Protosynthesis|Moonblast,DazzlingGleam,ShadowBall,IcyWind||||||50|,,,,,Fairy]Cresselia||SitrusBerry|Levitate|TrickRoom,Psychic,LunarBlessing,HelpingHand|||F|||50|,,,,,Water\n|\n|t:|1775330033\n|teamsize|p1|4\n|teamsize|p2|4\n|start\n|switch|p1a: Raichu|Raichu, L50, F|100/100\n|switch|p1b: Kyogre|Kyogre, L50|100/100\n|switch|p2a: Cresselia|Cresselia, L50, F|100/100\n|switch|p2b: Miraidon|Miraidon, L50|100/100\n|-weather|RainDance|[from] ability: Drizzle|[of] p1b: Kyogre\n|-fieldstart|move: Electric Terrain|[from] ability: Hadron Engine|[of] p2b: Miraidon\n|turn|1\n|\n|t:|1775330047\n|-terastallize|p1b: Kyogre|Water\n|-terastallize|p2a: Cresselia|Water\n|move|p1a: Raichu|Fake Out|p2b: Miraidon\n|-damage|p2b: Miraidon|93/100\n|move|p1b: Kyogre|Water Spout|p2b: Miraidon|[spread] p2a,p2b\n|-resisted|p2a: Cresselia\n|-resisted|p2b: Miraidon\n|-damage|p2a: Cresselia|63/100\n|-damage|p2b: Miraidon|39/100\n|cant|p2b: Miraidon|flinch\n|move|p2a: Cresselia|Trick Room|p2a: Cresselia\n|-fieldstart|move: Trick Room|[of] p2a: Cresselia\n|\n|-weather|RainDance|[upkeep]\n|upkeep\n|turn|2\n|\n|t:|1775330070\n|move|p2a: Cresselia|Lunar Blessing|p2a: Cresselia|[spread] p2a,p2b\n|-heal|p2a: Cresselia|89/100\n|-heal|p2b: Miraidon|64/100\n|move|p1a: Raichu|Volt Switch|p2a: Cresselia\n|-supereffective|p2a: Cresselia\n|-damage|p2a: Cresselia|56/100\n|\n|t:|1775330081\n|switch|p1a: Zamazenta|Zamazenta-Crowned, L50|100/100|[from] Volt Switch\n|-ability|p1a: Zamazenta|Dauntless Shield|boost\n|-boost|p1a: Zamazenta|def|1\n|move|p2b: Miraidon|Dazzling Gleam|p1a: Zamazenta|[spread] p1a,p1b\n|-damage|p1a: Zamazenta|75/100\n|-damage|p1b: Kyogre|64/100\n|move|p1b: Kyogre|Water Spout|p2b: Miraidon|[spread] p2a,p2b\n|-resisted|p2a: Cresselia\n|-resisted|p2b: Miraidon\n|-damage|p2a: Cresselia|34/100\n|-damage|p2b: Miraidon|28/100\n|-enditem|p2a: Cresselia|Sitrus Berry|[eat]\n|-heal|p2a: Cresselia|59/100|[from] item: Sitrus Berry\n|\n|-weather|RainDance|[upkeep]\n|upkeep\n|turn|3\n|\n|t:|1775330095\n|switch|p1b: Raichu|Raichu, L50, F|100/100\n|move|p2a: Cresselia|Psychic|p1b: Raichu\n|-damage|p1b: Raichu|78/100\n|move|p1a: Zamazenta|Body Press|p2a: Cresselia\n|-damage|p2a: Cresselia|13/100\n|move|p2b: Miraidon|Dazzling Gleam|p1a: Zamazenta|[spread] p1a,p1b\n|-damage|p1a: Zamazenta|48/100\n|-damage|p1b: Raichu|43/100\n|\n|-weather|RainDance|[upkeep]\n|upkeep\n|turn|4\n|\n|t:|1775330118\n|switch|p2b: Ho-Oh|Ho-Oh, L50|100/100\n|move|p1b: Raichu|Fake Out|p2a: Cresselia\n|-damage|p2a: Cresselia|8/100\n|cant|p2a: Cresselia|flinch\n|move|p1a: Zamazenta|Body Press|p2b: Ho-Oh\n|-resisted|p2b: Ho-Oh\n|-damage|p2b: Ho-Oh|72/100\n|\n|-weather|RainDance|[upkeep]\n|upkeep\n|turn|5\n|\n|t:|1775330140\n|move|p2a: Cresselia|Lunar Blessing|p2a: Cresselia|[spread] p2a,p2b\n|-heal|p2a: Cresselia|33/100\n|-heal|p2b: Ho-Oh|97/100\n|move|p2b: Ho-Oh|Tailwind|p2b: Ho-Oh\n|-sidestart|p2: u lost da game|move: Tailwind\n|move|p1a: Zamazenta|Body Press|p2a: Cresselia\n|-damage|p2a: Cresselia|0 fnt\n|faint|p2a: Cresselia\n|move|p1b: Raichu|Nuzzle|p2b: Ho-Oh\n|-supereffective|p2b: Ho-Oh\n|-damage|p2b: Ho-Oh|81/100\n|-status|p2b: Ho-Oh|par\n|\n|-weather|none\n|-fieldend|move: Trick Room\n|-fieldend|move: Electric Terrain\n|upkeep\n|\n|t:|1775330149\n|switch|p2a: Miraidon|Miraidon, L50|28/100\n|-fieldstart|move: Electric Terrain|[from] ability: Hadron Engine|[of] p2a: Miraidon\n|turn|6\n|\n|t:|1775330166\n|move|p1a: Zamazenta|Wide Guard|p1a: Zamazenta\n|-singleturn|p1a: Zamazenta|Wide Guard\n|move|p2a: Miraidon|Draco Meteor|p1b: Raichu\n|-damage|p1b: Raichu|0 fnt\n|-unboost|p2a: Miraidon|spa|2\n|faint|p1b: Raichu\n|move|p2b: Ho-Oh|Sacred Fire|p1a: Zamazenta\n|-supereffective|p1a: Zamazenta\n|-damage|p1a: Zamazenta|2/100\n|-status|p1a: Zamazenta|brn\n|\n|-damage|p1a: Zamazenta|0 fnt|[from] brn\n|faint|p1a: Zamazenta\n|upkeep\n|\n|t:|1775330173\n|switch|p1b: Farigiraf|Farigiraf, L50, F|100/100\n|switch|p1a: Kyogre|Kyogre, L50, tera:Water|64/100\n|-weather|RainDance|[from] ability: Drizzle|[of] p1a: Kyogre\n|turn|7\n|\n|t:|1775330186\n|switch|p2a: Ursaluna|Ursaluna, L50, M|100/100\n|move|p1b: Farigiraf|Helping Hand|p1a: Kyogre\n|-singleturn|p1a: Kyogre|Helping Hand|[of] p1b: Farigiraf\n|move|p2b: Ho-Oh|Protect|p2b: Ho-Oh\n|-singleturn|p2b: Ho-Oh|Protect\n|move|p1a: Kyogre|Water Spout|p2b: Ho-Oh|[spread] p2a\n|-activate|p2b: Ho-Oh|move: Protect\n|-supereffective|p2a: Ursaluna\n|-damage|p2a: Ursaluna|0 fnt\n|faint|p2a: Ursaluna\n|\n|-weather|RainDance|[upkeep]\n|upkeep\n|\n|t:|1775330196\n|switch|p2a: Miraidon|Miraidon, L50|28/100\n|-activate|p2a: Miraidon|ability: Hadron Engine\n|turn|8\n|\n|t:|1775330203\n|move|p2a: Miraidon|Electro Drift|p1a: Kyogre\n|-supereffective|p1a: Kyogre\n|-damage|p1a: Kyogre|0 fnt\n|faint|p1a: Kyogre\n|move|p2b: Ho-Oh|Brave Bird|p1b: Farigiraf\n|-damage|p1b: Farigiraf|50/100\n|-damage|p2b: Ho-Oh|65/100 par|[from] item: Rocky Helmet|[of] p1b: Farigiraf\n|-damage|p2b: Ho-Oh|46/100 par|[from] Recoil\n|move|p1b: Farigiraf|Trick Room|p1b: Farigiraf\n|-fieldstart|move: Trick Room|[of] p1b: Farigiraf\n|\n|-weather|RainDance|[upkeep]\n|-sideend|p2: u lost da game|move: Tailwind\n|upkeep\n|turn|9\n|\n|t:|1775330225\n|move|p2b: Ho-Oh|Brave Bird|p1b: Farigiraf\n|-damage|p1b: Farigiraf|1/100\n|-damage|p2b: Ho-Oh|30/100 par|[from] item: Rocky Helmet|[of] p1b: Farigiraf\n|-damage|p2b: Ho-Oh|12/100 par|[from] Recoil\n|move|p1b: Farigiraf|Dazzling Gleam|p2b: Ho-Oh|[spread] p2a,p2b\n|-supereffective|p2a: Miraidon\n|-resisted|p2b: Ho-Oh\n|-damage|p2a: Miraidon|2/100\n|-damage|p2b: Ho-Oh|8/100 par\n|move|p2a: Miraidon|Electro Drift|p1b: Farigiraf\n|-damage|p1b: Farigiraf|0 fnt\n|-damage|p2a: Miraidon|0 fnt|[from] item: Rocky Helmet|[of] p1b: Farigiraf\n|faint|p1b: Farigiraf\n|faint|p2a: Miraidon\n|\n|win|u lost da game\n|n|\u26064Test4|4test4\n|n|\u2606u lost da game|ulostdagame\n|c|\u2606u lost da game|gg\n|l|\u26064Test4\n|player|p1|\n","uploadtime":1775330259,"views":8,"formatid":"gen9vgc2026regi","rating":null,"private":0,"password":null}