{"id":"gen9vgc2026regi-2559982226","format":"[Gen 9] VGC 2026 Reg I","players":["Coberdt","It'sJustKen VGC"],"log":"|j|\u2606Coberdt\n|j|\u2606It'sJustKen VGC\n|t:|1773631507\n|gametype|doubles\n|player|p1|Coberdt|170|1145\n|player|p2|It'sJustKen VGC|102|1219\n|gen|9\n|tier|[Gen 9] VGC 2026 Reg I\n|rated|\n|rule|Species Clause: Limit one of each Pok\u00e9mon\n|rule|Item Clause: Limit 1 of each item\n|clearpoke\n|poke|p1|Kyogre, L50|\n|poke|p1|Urshifu-*, L50, M|\n|poke|p1|Landorus, L50, M|\n|poke|p1|Miraidon, L50|\n|poke|p1|Amoonguss, L50, M|\n|poke|p1|Whimsicott, L50, M|\n|poke|p2|Urshifu-*, L50, F|\n|poke|p2|Incineroar, L50, F|\n|poke|p2|Flutter Mane, L50|\n|poke|p2|Whimsicott, L50, F|\n|poke|p2|Miraidon, L50|\n|poke|p2|Calyrex-Ice, L50|\n|teampreview|4\n|inactive|Battle timer is ON: inactive players will automatically lose when time's up. (requested by It'sJustKen VGC)\n|\n|t:|1773631530\n|teamsize|p1|4\n|teamsize|p2|4\n|start\n|switch|p1a: Miraidon|Miraidon, L50|100/100\n|switch|p1b: Whimsicott|Whimsicott, L50, M|100/100\n|switch|p2a: Calyrex|Calyrex-Ice, L50|100/100\n|switch|p2b: Hamilton|Incineroar, L50, F|100/100\n|-ability|p2a: Calyrex|As One\n|-ability|p2a: Calyrex|Unnerve\n|-fieldstart|move: Electric Terrain|[from] ability: Hadron Engine|[of] p1a: Miraidon\n|-ability|p2b: Hamilton|Intimidate|boost\n|-unboost|p1a: Miraidon|atk|1\n|-unboost|p1b: Whimsicott|atk|1\n|turn|1\n|inactive|Coberdt has 30 seconds left.\n|\n|t:|1773631558\n|switch|p1a: Kyogre|Kyogre, L50|100/100\n|-weather|RainDance|[from] ability: Drizzle|[of] p1a: Kyogre\n|move|p2b: Hamilton|Fake Out|p1a: Kyogre\n|-damage|p1a: Kyogre|86/100\n|move|p1b: Whimsicott|Fake Tears|p2a: Calyrex\n|-fail|p2a: Calyrex|unboost|[from] item: Clear Amulet|[of] p2a: Calyrex\n|move|p2a: Calyrex|Trick Room|p2a: Calyrex\n|-fieldstart|move: Trick Room|[of] p2a: Calyrex\n|\n|-weather|RainDance|[upkeep]\n|upkeep\n|turn|2\n|\n|t:|1773631575\n|switch|p2a: Verstappen|Urshifu-Rapid-Strike, L50, F|100/100\n|move|p1b: Whimsicott|Encore||[still]\n|-fail|p1b: Whimsicott\n|move|p2b: Hamilton|Flare Blitz|p1b: Whimsicott\n|-supereffective|p1b: Whimsicott\n|-crit|p1b: Whimsicott\n|-damage|p1b: Whimsicott|0 fnt\n|faint|p1b: Whimsicott\n|-damage|p2b: Hamilton|77/100|[from] Recoil\n|move|p1a: Kyogre|Water Spout|p2a: Verstappen|[spread] p2a,p2b\n|-resisted|p2a: Verstappen\n|-supereffective|p2b: Hamilton\n|-damage|p2a: Verstappen|25/100\n|-damage|p2b: Hamilton|0 fnt\n|faint|p2b: Hamilton\n|\n|-weather|RainDance|[upkeep]\n|upkeep\n|\n|t:|1773631590\n|switch|p2b: Calyrex|Calyrex-Ice, L50|100/100\n|switch|p1b: Urshifu|Urshifu-Rapid-Strike, L50, M|100/100\n|-ability|p2b: Calyrex|As One\n|-ability|p2b: Calyrex|Unnerve\n|turn|3\n|inactive|Coberdt has 30 seconds left.\n|\n|t:|1773631619\n|move|p2b: Calyrex|Glacial Lance|p1a: Kyogre|[spread] p1a,p1b\n|-resisted|p1a: Kyogre\n|-crit|p1a: Kyogre\n|-resisted|p1b: Urshifu\n|-damage|p1a: Kyogre|38/100\n|-damage|p1b: Urshifu|69/100\n|move|p2a: Verstappen|Close Combat|p1a: Kyogre\n|-damage|p1a: Kyogre|0 fnt\n|-unboost|p2a: Verstappen|def|1\n|-unboost|p2a: Verstappen|spd|1\n|faint|p1a: Kyogre\n|move|p1b: Urshifu|Surging Strikes|p2b: Calyrex\n|-crit|p2b: Calyrex\n|-damage|p2b: Calyrex|76/100\n|-crit|p2b: Calyrex\n|-damage|p2b: Calyrex|51/100\n|-crit|p2b: Calyrex\n|-damage|p2b: Calyrex|29/100\n|-hitcount|p2b: Calyrex|3\n|\n|-weather|RainDance|[upkeep]\n|upkeep\n|\n|t:|1773631637\n|switch|p1a: Miraidon|Miraidon, L50|100/100\n|-activate|p1a: Miraidon|ability: Hadron Engine\n|turn|4\n|inactive|It'sJustKen VGC has 30 seconds left.\n|\n|t:|1773631667\n|-terastallize|p1a: Miraidon|Fairy\n|move|p2b: Calyrex|Glacial Lance|p1a: Miraidon|[spread] p1a,p1b\n|-crit|p1a: Miraidon\n|-resisted|p1b: Urshifu\n|-damage|p1a: Miraidon|3/100\n|-damage|p1b: Urshifu|38/100\n|move|p2a: Verstappen|Close Combat|p1a: Miraidon\n|-resisted|p1a: Miraidon\n|-damage|p1a: Miraidon|0 fnt\n|-unboost|p2a: Verstappen|def|1\n|-unboost|p2a: Verstappen|spd|1\n|faint|p1a: Miraidon\n|move|p1b: Urshifu|Surging Strikes|p2b: Calyrex\n|-crit|p2b: Calyrex\n|-damage|p2b: Calyrex|8/100\n|-crit|p2b: Calyrex\n|-damage|p2b: Calyrex|0 fnt\n|faint|p2b: Calyrex\n|-hitcount|p2: Calyrex|2\n|\n|-weather|RainDance|[upkeep]\n|upkeep\n|\n|t:|1773631672\n|switch|p2b: Miraidon|Miraidon, L50|100/100\n|-activate|p2b: Miraidon|ability: Hadron Engine\n|turn|5\n|-message|Coberdt forfeited.\n|\n|win|It'sJustKen VGC\n|raw|Coberdt's rating: 1145 &rarr; <strong>1127</strong><br />(-18 for losing)\n|raw|It&apos;sJustKen VGC's rating: 1238 &rarr; <strong>1256</strong><br />(+18 for winning)\n|l|\u2606Coberdt\n|player|p1|\n","uploadtime":1773631775,"views":12,"formatid":"gen9vgc2026regi","rating":1127,"private":0,"password":null}