{"id":"gen9vgc2026regi-2580877120","format":"[Gen 9] VGC 2026 Reg I","players":["jpto5","sunny_zong1"],"log":"|j|\u2606jpto5\n|j|\u2606sunny_zong1\n|t:|1775939807\n|gametype|doubles\n|player|p1|jpto5|266|1326\n|player|p2|sunny_zong1|170|1497\n|gen|9\n|tier|[Gen 9] VGC 2026 Reg I\n|rated|\n|rule|Species Clause: Limit one of each Pok\u00e9mon\n|rule|Item Clause: Limit 1 of each item\n|clearpoke\n|poke|p1|Tornadus, L50, M|\n|poke|p1|Kyogre, L50|\n|poke|p1|Zacian-*, L50|\n|poke|p1|Basculegion, L50, M|\n|poke|p1|Incineroar, L50, M|\n|poke|p1|Archaludon, L50, M|\n|poke|p2|Glimmora, L50, F|\n|poke|p2|Eternatus, L50|\n|poke|p2|Miraidon, L50|\n|poke|p2|Annihilape, L50, F|\n|poke|p2|Wo-Chien, L50|\n|poke|p2|Grimmsnarl, L50, M|\n|teampreview|4\n|inactive|Battle timer is ON: inactive players will automatically lose when time's up. (requested by sunny_zong1)\n|inactive|jpto5 also wants the timer to be on.\n|l|\u2606sunny_zong1\n|inactive|sunny_zong1 disconnected and has a minute to reconnect!\n|player|p2|\n|inactive|sunny_zong1 has 30 seconds to reconnect!\n|inactive|sunny_zong1 has 20 seconds to reconnect!\n|inactive|sunny_zong1 has 15 seconds to reconnect!\n|j|\u2606sunny_zong1\n|inactive|sunny_zong1 reconnected and has 30 seconds left.\n|player|p2|sunny_zong1|170|\n|\n|t:|1775939872\n|teamsize|p1|4\n|teamsize|p2|4\n|start\n|switch|p1a: Tornadus|Tornadus, L50, M|100/100\n|switch|p1b: Kyogre|Kyogre, L50|100/100\n|switch|p2a: Grimmsnarl|Grimmsnarl, L50, M|100/100\n|switch|p2b: Wo-Chien|Wo-Chien, L50|100/100\n|-weather|RainDance|[from] ability: Drizzle|[of] p1b: Kyogre\n|-ability|p2b: Wo-Chien|Tablets of Ruin\n|turn|1\n|inactive|jpto5 has 30 seconds left.\n|\n|t:|1775939904\n|-terastallize|p2b: Wo-Chien|Water\n|move|p2a: Grimmsnarl|Light Screen|p2a: Grimmsnarl\n|-sidestart|p2: sunny_zong1|move: Light Screen\n|move|p1a: Tornadus|Bleakwind Storm|p2b: Wo-Chien|[spread] p2a,p2b\n|-damage|p2a: Grimmsnarl|82/100\n|-damage|p2b: Wo-Chien|87/100\n|-unboost|p2a: Grimmsnarl|spe|1\n|move|p1b: Kyogre|Water Spout|p2a: Grimmsnarl|[spread] p2a,p2b\n|-resisted|p2b: Wo-Chien\n|-damage|p2a: Grimmsnarl|27/100\n|-damage|p2b: Wo-Chien|66/100\n|move|p2b: Wo-Chien|Snarl|p1b: Kyogre|[spread] p1a,p1b\n|-crit|p1a: Tornadus\n|-damage|p1a: Tornadus|69/100\n|-damage|p1b: Kyogre|93/100\n|-unboost|p1a: Tornadus|spa|1\n|-unboost|p1b: Kyogre|spa|1\n|\n|-weather|RainDance|[upkeep]\n|upkeep\n|turn|2\n|inactive|jpto5 has 30 seconds left.\n|\n|t:|1775939938\n|switch|p1a: Archaludon|Archaludon, L50, M|100/100\n|move|p2a: Grimmsnarl|Reflect|p2a: Grimmsnarl\n|-sidestart|p2: sunny_zong1|Reflect\n|move|p1b: Kyogre|Water Spout|p2b: Wo-Chien|[spread] p2a,p2b\n|-crit|p2a: Grimmsnarl\n|-resisted|p2b: Wo-Chien\n|-damage|p2a: Grimmsnarl|0 fnt\n|-damage|p2b: Wo-Chien|54/100\n|faint|p2a: Grimmsnarl\n|move|p2b: Wo-Chien|Leech Seed|p1b: Kyogre\n|-start|p1b: Kyogre|move: Leech Seed\n|\n|-weather|RainDance|[upkeep]\n|-damage|p1b: Kyogre|81/100|[from] Leech Seed|[of] p2b: Wo-Chien\n|-heal|p2b: Wo-Chien|65/100|[silent]\n|upkeep\n|\n|t:|1775939950\n|switch|p2a: Miraidon|Miraidon, L50|100/100\n|-fieldstart|move: Electric Terrain|[from] ability: Hadron Engine|[of] p2a: Miraidon\n|turn|3\n|\n|t:|1775939962\n|switch|p1b: Tornadus|Tornadus, L50, M|69/100\n|move|p2a: Miraidon|Snarl|p1b: Tornadus|[spread] p1a,p1b\n|-damage|p1a: Archaludon|56/100\n|-damage|p1b: Tornadus|25/100\n|-unboost|p1a: Archaludon|spa|1\n|-unboost|p1b: Tornadus|spa|1\n|move|p1a: Archaludon|Electro Shot||[still]\n|-prepare|p1a: Archaludon|Electro Shot\n|-boost|p1a: Archaludon|spa|1\n|-anim|p1a: Archaludon|Electro Shot|p2b: Wo-Chien\n|-supereffective|p2b: Wo-Chien\n|-crit|p2b: Wo-Chien\n|-damage|p2b: Wo-Chien|0 fnt\n|faint|p2b: Wo-Chien\n|\n|-weather|RainDance|[upkeep]\n|upkeep\n|\n|t:|1775939968\n|switch|p2b: Eternatus|Eternatus, L50|100/100\n|-ability|p2b: Eternatus|Pressure\n|turn|4\n|inactive|jpto5 has 30 seconds left.\n|inactive|jpto5 has 20 seconds left.\n|\n|t:|1775940004\n|move|p1b: Tornadus|Tailwind|p1b: Tornadus\n|-sidestart|p1: jpto5|move: Tailwind\n|move|p1a: Archaludon|Dragon Pulse|p2a: Miraidon\n|-supereffective|p2a: Miraidon\n|-damage|p2a: Miraidon|38/100\n|move|p2a: Miraidon|Snarl|p1b: Tornadus|[spread] p1a,p1b\n|-damage|p1a: Archaludon|9/100\n|-damage|p1b: Tornadus|0 fnt\n|-unboost|p1a: Archaludon|spa|1\n|faint|p1b: Tornadus\n|move|p2b: Eternatus|Cosmic Power|p2b: Eternatus\n|-boost|p2b: Eternatus|def|1\n|-boost|p2b: Eternatus|spd|1\n|\n|-weather|RainDance|[upkeep]\n|upkeep\n|\n|t:|1775940017\n|switch|p1b: Kyogre|Kyogre, L50|81/100\n|turn|5\n|\n|t:|1775940026\n|move|p1a: Archaludon|Electro Shot||[still]\n|-prepare|p1a: Archaludon|Electro Shot\n|-boost|p1a: Archaludon|spa|1\n|-anim|p1a: Archaludon|Electro Shot|p2a: Miraidon\n|-resisted|p2a: Miraidon\n|-damage|p2a: Miraidon|30/100\n|move|p1b: Kyogre|Water Spout|p2b: Eternatus|[spread] p2a,p2b\n|-resisted|p2a: Miraidon\n|-crit|p2a: Miraidon\n|-resisted|p2b: Eternatus\n|-damage|p2a: Miraidon|0 fnt\n|-damage|p2b: Eternatus|88/100\n|faint|p2a: Miraidon\n|move|p2b: Eternatus|Sludge Bomb|p1b: Kyogre\n|-damage|p1b: Kyogre|55/100\n|\n|-weather|none\n|-heal|p2b: Eternatus|94/100|[from] item: Leftovers\n|upkeep\n|turn|6\n|inactive|jpto5 has 30 seconds left.\n|\n|t:|1775940055\n|switch|p1b: Zacian|Zacian-Crowned, L50|100/100\n|-ability|p1b: Zacian|Intrepid Sword|boost\n|-boost|p1b: Zacian|atk|1\n|move|p1a: Archaludon|Dragon Pulse|p2b: Eternatus\n|-supereffective|p2b: Eternatus\n|-damage|p2b: Eternatus|66/100\n|move|p2b: Eternatus|Cosmic Power|p2b: Eternatus\n|-boost|p2b: Eternatus|def|1\n|-boost|p2b: Eternatus|spd|1\n|\n|-heal|p2b: Eternatus|73/100|[from] item: Leftovers\n|upkeep\n|turn|7\n|-message|sunny_zong1 forfeited.\n|\n|win|jpto5\n|raw|jpto5's rating: 1326 &rarr; <strong>1355</strong><br />(+29 for winning)\n|raw|sunny_zong1's rating: 1497 &rarr; <strong>1468</strong><br />(-29 for losing)\n|l|\u2606sunny_zong1\n|player|p2|\n|l|\u2606jpto5\n|player|p1|\n","uploadtime":1775940222,"views":13,"formatid":"gen9vgc2026regi","rating":1355,"private":0,"password":null}