{"id":"gen9vgc2026regi-2568467324","format":"[Gen 9] VGC 2026 Reg I","players":["eye-zitt","root2iris"],"log":"|j|\u2606eye-zitt\n|j|\u2606root2iris\n|t:|1774581829\n|gametype|doubles\n|player|p1|eye-zitt|hilbert|1262\n|player|p2|root2iris|guitarist|1364\n|gen|9\n|tier|[Gen 9] VGC 2026 Reg I\n|rated|\n|rule|Species Clause: Limit one of each Pok\u00e9mon\n|rule|Item Clause: Limit 1 of each item\n|clearpoke\n|poke|p1|Groudon, L50|\n|poke|p1|Lunala, L50|\n|poke|p1|Indeedee, L50, M|\n|poke|p1|Ursaluna, L50, F|\n|poke|p1|Urshifu-*, L50, M|\n|poke|p1|Ogerpon-Hearthflame, L50, F|\n|poke|p2|Volcarona, L50, F|\n|poke|p2|Terapagos, L50, M|\n|poke|p2|Miraidon, L50|\n|poke|p2|Incineroar, L50, M|\n|poke|p2|Sinistcha-Masterpiece, L50|\n|poke|p2|Iron Treads, L50|\n|teampreview|4\n|inactive|Battle timer is ON: inactive players will automatically lose when time's up. (requested by root2iris)\n|inactive|eye-zitt also wants the timer to be on.\n|\n|t:|1774581849\n|teamsize|p1|4\n|teamsize|p2|4\n|start\n|switch|p1a: Urshifu|Urshifu, L50, M|100/100\n|switch|p1b: Lunala|Lunala, L50|100/100\n|switch|p2a: Incineroar|Incineroar, L50, M|100/100\n|switch|p2b: Miraidon|Miraidon, L50|100/100\n|-fieldstart|move: Electric Terrain|[from] ability: Hadron Engine|[of] p2b: Miraidon\n|-ability|p2a: Incineroar|Intimidate|boost\n|-unboost|p1a: Urshifu|atk|1\n|-unboost|p1b: Lunala|atk|1\n|turn|1\n|\n|t:|1774581859\n|switch|p1a: Ursaluna|Ursaluna, L50, F|100/100\n|move|p2a: Incineroar|Fake Out|p1a: Ursaluna\n|-damage|p1a: Ursaluna|93/100\n|move|p2b: Miraidon|Snarl|p1a: Ursaluna|[spread] p1a,p1b\n|-supereffective|p1b: Lunala\n|-damage|p1a: Ursaluna|76/100\n|-damage|p1b: Lunala|78/100\n|-unboost|p1a: Ursaluna|spa|1\n|-unboost|p1b: Lunala|spa|1\n|move|p1b: Lunala|Trick Room|p1b: Lunala\n|-fieldstart|move: Trick Room|[of] p1b: Lunala\n|\n|-status|p1a: Ursaluna|brn|[from] item: Flame Orb\n|upkeep\n|turn|2\n|\n|t:|1774581874\n|switch|p2b: Terapagos|Terapagos, L50, M|100/100\n|-activate|p2b: Terapagos|ability: Tera Shift\n|detailschange|p2b: Terapagos|Terapagos-Terastal, L50, M\n|-heal|p2b: Terapagos|100/100|[silent]\n|-enditem|p2b: Terapagos|Electric Seed\n|-boost|p2b: Terapagos|def|1|[from] item: Electric Seed\n|move|p1b: Lunala|Wide Guard|p1b: Lunala\n|-singleturn|p1b: Lunala|Wide Guard\n|move|p1a: Ursaluna|Earthquake|p2b: Terapagos|[spread] p2a,p2b\n|-activate|p1b: Lunala|move: Wide Guard\n|-supereffective|p2a: Incineroar\n|-activate|p2b: Terapagos|ability: Tera Shell\n|-resisted|p2b: Terapagos\n|-damage|p2a: Incineroar|0 fnt\n|-damage|p2b: Terapagos|86/100\n|faint|p2a: Incineroar\n|\n|-damage|p1a: Ursaluna|70/100 brn|[from] brn\n|upkeep\n|\n|t:|1774581891\n|switch|p2a: Sinistcha|Sinistcha-Masterpiece, L50, shiny|100/100\n|-heal|p2b: Terapagos|100/100|[from] ability: Hospitality|[of] p2a: Sinistcha\n|turn|3\n|\n|t:|1774581898\n|move|p2a: Sinistcha|Protect|p2a: Sinistcha\n|-singleturn|p2a: Sinistcha|Protect\n|move|p2b: Terapagos|Protect|p2b: Terapagos\n|-singleturn|p2b: Terapagos|Protect\n|move|p1a: Ursaluna|Facade|p2b: Terapagos\n|-activate|p2b: Terapagos|move: Protect\n|move|p1b: Lunala|Expanding Force|p2b: Terapagos\n|-activate|p2b: Terapagos|move: Protect\n|\n|-damage|p1a: Ursaluna|64/100 brn|[from] brn\n|upkeep\n|turn|4\n|\n|t:|1774581909\n|move|p1a: Ursaluna|Facade|p2b: Terapagos\n|-activate|p2b: Terapagos|ability: Tera Shell\n|-resisted|p2b: Terapagos\n|-damage|p2b: Terapagos|73/100\n|move|p2a: Sinistcha|Shadow Ball|p1b: Lunala\n|-supereffective|p1b: Lunala\n|-damage|p1b: Lunala|0 fnt\n|faint|p1b: Lunala\n|move|p2b: Terapagos|Tera Starstorm|p1a: Ursaluna\n|-damage|p1a: Ursaluna|20/100 brn\n|\n|-damage|p1a: Ursaluna|14/100 brn|[from] brn\n|upkeep\n|\n|t:|1774581917\n|switch|p1b: Urshifu|Urshifu, L50, M|100/100\n|turn|5\n|\n|t:|1774581925\n|-terastallize|p2b: Terapagos|Stellar\n|detailschange|p2b: Terapagos|Terapagos-Stellar, L50, M, tera:Stellar\n|-heal|p2b: Terapagos|80/100|[silent]\n|-ability|p2b: Terapagos|Teraform Zero\n|-fieldend|move: Electric Terrain\n|move|p2a: Sinistcha|Rage Powder|p2a: Sinistcha\n|-singleturn|p2a: Sinistcha|move: Rage Powder\n|move|p1a: Ursaluna|Facade|p2a: Sinistcha\n|-immune|p2a: Sinistcha\n|move|p2b: Terapagos|Tera Starstorm|p1b: Urshifu|[spread] p1a,p1b\n|-damage|p1a: Ursaluna|0 fnt\n|-damage|p1b: Urshifu|47/100\n|faint|p1a: Ursaluna\n|move|p1b: Urshifu|Wicked Blow|p2a: Sinistcha\n|-supereffective|p2a: Sinistcha\n|-crit|p2a: Sinistcha\n|-damage|p2a: Sinistcha|5/100\n|\n|-fieldend|move: Trick Room\n|upkeep\n|\n|t:|1774581928\n|switch|p1a: Groudon|Groudon, L50|100/100\n|-weather|SunnyDay|[from] ability: Drought|[of] p1a: Groudon\n|turn|6\n|\n|t:|1774581945\n|-terastallize|p1b: Urshifu|Dark\n|move|p2a: Sinistcha|Rage Powder|p2a: Sinistcha\n|-singleturn|p2a: Sinistcha|move: Rage Powder\n|move|p1b: Urshifu|Wicked Blow|p2a: Sinistcha\n|-supereffective|p2a: Sinistcha\n|-crit|p2a: Sinistcha\n|-damage|p2a: Sinistcha|0 fnt\n|faint|p2a: Sinistcha\n|move|p1a: Groudon|Precipice Blades|p2b: Terapagos|[miss]\n|-miss|p1a: Groudon|p2b: Terapagos\n|move|p2b: Terapagos|Tera Starstorm|p1b: Urshifu|[spread] p1a,p1b\n|-crit|p1a: Groudon\n|-supereffective|p1b: Urshifu\n|-damage|p1a: Groudon|46/100\n|-damage|p1b: Urshifu|0 fnt\n|faint|p1b: Urshifu\n|\n|-weather|SunnyDay|[upkeep]\n|upkeep\n|\n|t:|1774581953\n|switch|p2a: Miraidon|Miraidon, L50|100/100\n|-fieldstart|move: Electric Terrain|[from] ability: Hadron Engine|[of] p2a: Miraidon\n|turn|7\n|\n|t:|1774581956\n|move|p2a: Miraidon|Draco Meteor|p1a: Groudon\n|-damage|p1a: Groudon|0 fnt\n|-unboost|p2a: Miraidon|spa|2\n|faint|p1a: Groudon\n|\n|win|root2iris\n|raw|eye-zitt's rating: 1262 &rarr; <strong>1244</strong><br />(-18 for losing)\n|raw|root2iris's rating: 1364 &rarr; <strong>1378</strong><br />(+14 for winning)\n","uploadtime":1774581958,"views":20,"formatid":"gen9vgc2026regi","rating":1244,"private":0,"password":null}