{"id":"gen9vgc2026regi-2573802902","format":"[Gen 9] VGC 2026 Reg I","players":["simistcha","1VLTSQ Joker"],"log":"|raw|<div class=\"broadcast-blue\"><strong>This battle is required to be public due to a player having a name starting with '1vltsq'.</div>\n|j|\u2606simistcha\n|j|\u26061VLTSQ Joker\n|t:|1775166358\n|gametype|doubles\n|player|p1|simistcha|cynthia|1426\n|player|p2|1VLTSQ Joker|blue|1569\n|gen|9\n|tier|[Gen 9] VGC 2026 Reg I\n|rated|\n|rule|Species Clause: Limit one of each Pok\u00e9mon\n|rule|Item Clause: Limit 1 of each item\n|clearpoke\n|poke|p1|Calyrex-Ice, L50|\n|poke|p1|Ursaluna, L50, F|\n|poke|p1|Miraidon, L50|\n|poke|p1|Grimmsnarl, L50, M|\n|poke|p1|Ditto, L50|\n|poke|p1|Urshifu-*, L50, M|\n|poke|p2|Calyrex-Ice, L50|\n|poke|p2|Smeargle, L50, M|\n|poke|p2|Kyogre, L50|\n|poke|p2|Maushold, L50|\n|poke|p2|Volcarona, L50, M|\n|poke|p2|Pawmot, L50, M|\n|teampreview|4\n|inactive|Battle timer is ON: inactive players will automatically lose when time's up. (requested by simistcha)\nsimistcha rejected open team sheets.\n|\n|t:|1775166379\n|teamsize|p1|4\n|teamsize|p2|4\n|start\n|switch|p1a: Miraidon|Miraidon, L50|100/100\n|switch|p1b: Grimmsnarl|Grimmsnarl, L50, M|100/100\n|switch|p2a: Calyrex|Calyrex-Ice, L50|100/100\n|switch|p2b: Smeargle|Smeargle, L50, M|100/100\n|-ability|p2a: Calyrex|As One\n|-ability|p2a: Calyrex|Unnerve\n|-fieldstart|move: Electric Terrain|[from] ability: Hadron Engine|[of] p1a: Miraidon\n|turn|1\n|inactive|simistcha has 30 seconds left.\n|inactive|1VLTSQ Joker has 30 seconds left.\n|inactive|1VLTSQ Joker has 20 seconds left.\n|inactive|1VLTSQ Joker has 15 seconds left.\n|\n|t:|1775166423\n|-terastallize|p2a: Calyrex|Grass\n|move|p2b: Smeargle|Fake Out|p1a: Miraidon\n|-damage|p1a: Miraidon|96/100\n|move|p1b: Grimmsnarl|Reflect|p1b: Grimmsnarl\n|-sidestart|p1: simistcha|Reflect\n|cant|p1a: Miraidon|flinch\n|move|p2a: Calyrex|Glacial Lance|p1b: Grimmsnarl|[spread] p1a,p1b\n|-supereffective|p1a: Miraidon\n|-damage|p1a: Miraidon|28/100\n|-damage|p1b: Grimmsnarl|60/100\n|\n|-ability|p2b: Smeargle|Moody|boost\n|-boost|p2b: Smeargle|spe|2\n|-unboost|p2b: Smeargle|spd|1\n|upkeep\n|turn|2\n|\n|t:|1775166442\n|move|p1b: Grimmsnarl|Thunder Wave|p2a: Calyrex\n|-status|p2a: Calyrex|par\n|move|p2b: Smeargle|Decorate|p2a: Calyrex\n|-boost|p2a: Calyrex|atk|2\n|-boost|p2a: Calyrex|spa|2\n|move|p1a: Miraidon|Volt Switch|p2b: Smeargle\n|-enditem|p2b: Smeargle|Focus Sash\n|-damage|p2b: Smeargle|1/100\n|\n|t:|1775166451\n|switch|p1a: Calyrex|Calyrex-Ice, L50|100/100|[from] Volt Switch\n|-ability|p1a: Calyrex|As One\n|-ability|p1a: Calyrex|Unnerve\n|move|p2a: Calyrex|Glacial Lance|p1b: Grimmsnarl|[spread] p1a,p1b\n|-resisted|p1a: Calyrex\n|-damage|p1a: Calyrex|76/100\n|-damage|p1b: Grimmsnarl|0 fnt\n|faint|p1b: Grimmsnarl\n|-ability|p2a: Calyrex|Chilling Neigh|boost\n|-boost|p2a: Calyrex|atk|1\n|\n|-heal|p1a: Calyrex|82/100|[from] item: Leftovers\n|-ability|p2b: Smeargle|Moody|boost\n|-boost|p2b: Smeargle|spe|2\n|-unboost|p2b: Smeargle|atk|1\n|upkeep\n|\n|t:|1775166461\n|switch|p1b: Ditto|Ditto, L50|100/100\n|-transform|p1b: Ditto|p2a: Calyrex|[from] ability: Imposter\n|-ability|p1b: Ditto|As One\n|-ability|p1b: Ditto|Unnerve\n|-start|p1b: Ditto|typechange|Psychic/Ice|[silent]\n|turn|3\n|inactive|simistcha has 30 seconds left.\n|inactive|1VLTSQ Joker has 30 seconds left.\n|\n|t:|1775166495\n|move|p2b: Smeargle|Decorate|p2a: Calyrex\n|-boost|p2a: Calyrex|atk|2\n|-boost|p2a: Calyrex|spa|2\n|move|p1b: Ditto|Crunch|p2a: Calyrex\n|-damage|p2a: Calyrex|50/100 par\n|move|p1a: Calyrex|Glacial Lance|p2a: Calyrex|[spread] p2a,p2b\n|-supereffective|p2a: Calyrex\n|-damage|p2a: Calyrex|0 fnt\n|-damage|p2b: Smeargle|0 fnt\n|faint|p2a: Calyrex\n|faint|p2b: Smeargle\n|-ability|p1a: Calyrex|Chilling Neigh|boost\n|-boost|p1a: Calyrex|atk|2\n|\n|-heal|p1a: Calyrex|87/100|[from] item: Leftovers\n|upkeep\n|\n|t:|1775166505\n|switch|p2b: Pawmot|Pawmot, L50, M|100/100\n|switch|p2a: Kyogre|Kyogre, L50|100/100\n|-weather|RainDance|[from] ability: Drizzle|[of] p2a: Kyogre\n|turn|4\n|\n|t:|1775166529\n|move|p2a: Kyogre|Water Spout|p1a: Calyrex|[spread] p1a,p1b\n|-crit|p1b: Ditto\n|-damage|p1a: Calyrex|31/100\n|-enditem|p1b: Ditto|Focus Sash\n|-damage|p1b: Ditto|1/100\n|move|p2b: Pawmot|Revival Blessing|p2b: Pawmot\n|\n|t:|1775166535\n|-heal|p2: Calyrex|50/100|[from] move: Revival Blessing\n|move|p1b: Ditto|Seed Bomb|p2a: Kyogre\n|-supereffective|p2a: Kyogre\n|-damage|p2a: Kyogre|0 fnt\n|faint|p2a: Kyogre\n|-ability|p1b: Ditto|Chilling Neigh|boost\n|-boost|p1b: Ditto|atk|1\n|move|p1a: Calyrex|Glacial Lance|p2b: Pawmot\n|-damage|p2b: Pawmot|0 fnt\n|faint|p2b: Pawmot\n|-ability|p1a: Calyrex|Chilling Neigh|boost\n|-boost|p1a: Calyrex|atk|1\n|\n|-weather|RainDance|[upkeep]\n|-heal|p1a: Calyrex|37/100|[from] item: Leftovers\n|upkeep\n|\n|t:|1775166541\n|switch|p2a: Calyrex|Calyrex-Ice, L50|50/100\n|-ability|p2a: Calyrex|As One\n|-ability|p2a: Calyrex|Unnerve\n|turn|5\n|\n|t:|1775166560\n|-terastallize|p1a: Calyrex|Fire\n|move|p2a: Calyrex|Glacial Lance|p1b: Ditto|[spread] p1a,p1b\n|-resisted|p1a: Calyrex\n|-resisted|p1b: Ditto\n|-damage|p1a: Calyrex|24/100\n|-damage|p1b: Ditto|0 fnt\n|faint|p1b: Ditto\n|-ability|p2a: Calyrex|Chilling Neigh|boost\n|-boost|p2a: Calyrex|atk|1\n|move|p1a: Calyrex|Leech Seed|p2a: Calyrex\n|-start|p2a: Calyrex|move: Leech Seed\n|\n|-weather|RainDance|[upkeep]\n|-heal|p1a: Calyrex|30/100|[from] item: Leftovers\n|-damage|p2a: Calyrex|38/100|[from] Leech Seed|[of] p1a: Calyrex\n|-heal|p1a: Calyrex|42/100|[silent]\n|-fieldend|move: Electric Terrain\n|upkeep\n|\n|t:|1775166574\n|switch|p1b: Miraidon|Miraidon, L50|28/100\n|-fieldstart|move: Electric Terrain|[from] ability: Hadron Engine|[of] p1b: Miraidon\n|turn|6\n|\n|t:|1775166580\n|move|p1a: Calyrex|Protect|p1a: Calyrex\n|-singleturn|p1a: Calyrex|Protect\n|move|p1b: Miraidon|Electro Drift|p2a: Calyrex\n|-damage|p2a: Calyrex|0 fnt\n|faint|p2a: Calyrex\n|\n|win|simistcha\n|raw|simistcha's rating: 1426 &rarr; <strong>1454</strong><br />(+28 for winning)\n|raw|1VLTSQ Joker's rating: 1569 &rarr; <strong>1541</strong><br />(-28 for losing)\n|l|\u26061VLTSQ Joker\n|player|p2|\n","uploadtime":1775166835,"views":10,"formatid":"gen9vgc2026regi","rating":1454,"private":0,"password":null}