{"id":"gen9vgc2026regi-2536363871","format":"[Gen 9] VGC 2026 Reg I","players":["Cello L.","Kwiper"],"log":"|j|\u2606Cello L.\n|j|\u2606Kwiper\n|t:|1770679126\n|gametype|doubles\n|player|p1|Cello L.|psychic-gen4|1519\n|player|p2|Kwiper|sycamore|1474\n|gen|9\n|tier|[Gen 9] VGC 2026 Reg I\n|rated|\n|rule|Species Clause: Limit one of each Pok\u00e9mon\n|rule|Item Clause: Limit 1 of each item\n|clearpoke\n|poke|p1|Kyogre, L50|\n|poke|p1|Calyrex-Ice, L50|\n|poke|p1|Flutter Mane, L50|\n|poke|p1|Basculegion, L50, M|\n|poke|p1|Amoonguss, L50, F|\n|poke|p1|Grimmsnarl, L50, M|\n|poke|p2|Koraidon, L50|\n|poke|p2|Lunala, L50|\n|poke|p2|Indeedee-F, L50, F|\n|poke|p2|Flutter Mane, L50|\n|poke|p2|Volcarona, L50, F|\n|poke|p2|Ursaluna, L50, M|\n|teampreview|4\n|inactive|Battle timer is ON: inactive players will automatically lose when time's up. (requested by Kwiper)\n|inactive|Cello L. has 60 seconds left.\n|\n|t:|1770679166\n|teamsize|p1|4\n|teamsize|p2|4\n|start\n|switch|p1a: Calyrex|Calyrex-Ice, L50|100/100\n|switch|p1b: Grimmsnarl|Grimmsnarl, L50, M|100/100\n|switch|p2a: Lunala|Lunala, L50, shiny|100/100\n|switch|p2b: Indeedee|Indeedee-F, L50, F|100/100\n|-ability|p1a: Calyrex|As One\n|-ability|p1a: Calyrex|Unnerve\n|-fieldstart|move: Psychic Terrain|[from] ability: Psychic Surge|[of] p2b: Indeedee\n|turn|1\n|inactive|Cello L. has 30 seconds left.\n|\n|t:|1770679194\n|-terastallize|p1a: Calyrex|Fairy\n|move|p2b: Indeedee|Helping Hand|p2a: Lunala\n|-singleturn|p2a: Lunala|Helping Hand|[of] p2b: Indeedee\n|move|p1b: Grimmsnarl|Light Screen|p1b: Grimmsnarl\n|-sidestart|p1: Cello L.|move: Light Screen\n|move|p2a: Lunala|Meteor Beam||[still]\n|-prepare|p2a: Lunala|Meteor Beam\n|-boost|p2a: Lunala|spa|1\n|-enditem|p2a: Lunala|Power Herb\n|-anim|p2a: Lunala|Meteor Beam|p1a: Calyrex\n|-damage|p1a: Calyrex|56/100\n|move|p1a: Calyrex|Glacial Lance|p2a: Lunala|[spread] p2a,p2b\n|-damage|p2a: Lunala|77/100\n|-damage|p2b: Indeedee|48/100\n|\n|-heal|p1a: Calyrex|62/100|[from] item: Leftovers\n|upkeep\n|turn|2\n|inactive|Cello L. has 30 seconds left.\n|\n|t:|1770679220\n|move|p1a: Calyrex|Protect|p1a: Calyrex\n|-singleturn|p1a: Calyrex|Protect\n|move|p2b: Indeedee|Follow Me|p2b: Indeedee\n|-singleturn|p2b: Indeedee|move: Follow Me\n|move|p2a: Lunala|Expanding Force|p1b: Grimmsnarl|[spread] \n|-activate|p1a: Calyrex|move: Protect\n|-immune|p1b: Grimmsnarl\n|move|p1b: Grimmsnarl|Spirit Break|p2b: Indeedee\n|-damage|p2b: Indeedee|20/100\n|-unboost|p2b: Indeedee|spa|1\n|\n|-heal|p1a: Calyrex|68/100|[from] item: Leftovers\n|upkeep\n|turn|3\n|\n|t:|1770679235\n|move|p2b: Indeedee|Helping Hand|p2a: Lunala\n|-singleturn|p2a: Lunala|Helping Hand|[of] p2b: Indeedee\n|move|p1b: Grimmsnarl|Reflect|p1b: Grimmsnarl\n|-sidestart|p1: Cello L.|Reflect\n|move|p2a: Lunala|Expanding Force|p1b: Grimmsnarl|[spread] p1a\n|-immune|p1b: Grimmsnarl\n|-damage|p1a: Calyrex|5/100\n|move|p1a: Calyrex|Glacial Lance|p2b: Indeedee|[spread] p2a,p2b\n|-damage|p2a: Lunala|37/100\n|-damage|p2b: Indeedee|0 fnt\n|faint|p2b: Indeedee\n|-ability|p1a: Calyrex|Chilling Neigh|boost\n|-boost|p1a: Calyrex|atk|1\n|\n|-heal|p1a: Calyrex|11/100|[from] item: Leftovers\n|upkeep\n|\n|t:|1770679241\n|switch|p2b: Volcarona|Volcarona, L50, F|100/100\n|turn|4\n|inactive|Cello L. has 30 seconds left.\n|\n|t:|1770679266\n|move|p2a: Lunala|Meteor Beam||[still]\n|-prepare|p2a: Lunala|Meteor Beam\n|-boost|p2a: Lunala|spa|1\n|move|p2b: Volcarona|Struggle Bug|p1b: Grimmsnarl|[spread] p1a,p1b\n|-resisted|p1a: Calyrex\n|-damage|p1a: Calyrex|7/100\n|-damage|p1b: Grimmsnarl|91/100\n|-unboost|p1a: Calyrex|spa|1\n|-unboost|p1b: Grimmsnarl|spa|1\n|move|p1b: Grimmsnarl|Spirit Break|p2b: Volcarona\n|-resisted|p2b: Volcarona\n|-damage|p2b: Volcarona|85/100\n|-unboost|p2b: Volcarona|spa|1\n|-damage|p1b: Grimmsnarl|74/100|[from] item: Rocky Helmet|[of] p2b: Volcarona\n|move|p1a: Calyrex|Trick Room|p1a: Calyrex\n|-fieldstart|move: Trick Room|[of] p1a: Calyrex\n|\n|-heal|p1a: Calyrex|13/100|[from] item: Leftovers\n|upkeep\n|turn|5\n|-message|Kwiper forfeited.\n|\n|win|Cello L.\n|raw|Cello L.'s rating: 1519 &rarr; <strong>1536</strong><br />(+17 for winning)\n|raw|Kwiper's rating: 1474 &rarr; <strong>1457</strong><br />(-17 for losing)\n|l|\u2606Kwiper\n|player|p2|\n|l|\u2606Cello L.\n|player|p1|\n","uploadtime":1770679535,"views":27,"formatid":"gen9vgc2026regi","rating":1457,"private":0,"password":null}