{"id":"gen9vgc2026regi-2548418906","format":"[Gen 9] VGC 2026 Reg I","players":["ronaldo (uhhh)","partigiano jonny"],"log":"|j|\u2606ronaldo (uhhh)\n|j|\u2606partigiano jonny\n|t:|1772213074\n|gametype|doubles\n|player|p1|ronaldo (uhhh)|170|1343\n|player|p2|partigiano jonny|volkner|1334\n|gen|9\n|tier|[Gen 9] VGC 2026 Reg I\n|rated|\n|rule|Species Clause: Limit one of each Pok\u00e9mon\n|rule|Item Clause: Limit 1 of each item\n|clearpoke\n|poke|p1|Calyrex-Shadow, L50|\n|poke|p1|Koraidon, L50|\n|poke|p1|Ogerpon-Hearthflame, L50, F|\n|poke|p1|Rillaboom, L50, F|\n|poke|p1|Incineroar, L50, M|\n|poke|p1|Flutter Mane, L50|\n|poke|p2|Miraidon, L50|\n|poke|p2|Lunala, L50|\n|poke|p2|Incineroar, L50, F|\n|poke|p2|Ursaluna, L50, M|\n|poke|p2|Urshifu-*, L50, M|\n|poke|p2|Whimsicott, L50, M|\n|teampreview|4\n|\n|t:|1772213089\n|teamsize|p1|4\n|teamsize|p2|4\n|start\n|switch|p1a: Calyrex|Calyrex-Shadow, L50|100/100\n|switch|p1b: Koraidon|Koraidon, L50|100/100\n|switch|p2a: Incineroar|Incineroar, L50, F|100/100\n|switch|p2b: Lunala|Lunala, L50|100/100\n|-ability|p1a: Calyrex|As One\n|-ability|p1a: Calyrex|Unnerve\n|-weather|SunnyDay|[from] ability: Orichalcum Pulse|[of] p1b: Koraidon\n|-activate|p1b: Koraidon|Orichalcum Pulse|[source]\n|-ability|p2a: Incineroar|Intimidate|boost\n|-unboost|p1a: Calyrex|atk|1\n|-fail|p1b: Koraidon|unboost|[from] item: Clear Amulet|[of] p1b: Koraidon\n|turn|1\n|\n|t:|1772213126\n|-terastallize|p2b: Lunala|Fairy\n|move|p2a: Incineroar|Fake Out|p1b: Koraidon\n|-crit|p1b: Koraidon\n|-damage|p1b: Koraidon|86/100\n|move|p1a: Calyrex|Astral Barrage|p2b: Lunala|[spread] p2a,p2b\n|-resisted|p2a: Incineroar\n|-damage|p2a: Incineroar|77/100\n|-damage|p2b: Lunala|75/100\n|-damage|p1a: Calyrex|91/100|[from] item: Life Orb\n|cant|p1b: Koraidon|flinch\n|move|p2b: Lunala|Trick Room|p2b: Lunala\n|-fieldstart|move: Trick Room|[of] p2b: Lunala\n|\n|-weather|SunnyDay|[upkeep]\n|upkeep\n|turn|2\n|\n|t:|1772213162\n|move|p1b: Koraidon|Protect|p1b: Koraidon\n|-singleturn|p1b: Koraidon|Protect\n|move|p1a: Calyrex|Protect|p1a: Calyrex\n|-singleturn|p1a: Calyrex|Protect\n|move|p2a: Incineroar|Knock Off|p1a: Calyrex\n|-activate|p1a: Calyrex|move: Protect\n|move|p2b: Lunala|Moonblast|p1b: Koraidon\n|-activate|p1b: Koraidon|move: Protect\n|\n|-weather|SunnyDay|[upkeep]\n|upkeep\n|turn|3\n|\n|t:|1772213200\n|switch|p1b: Ogerpon|Ogerpon-Hearthflame, L50, F|100/100\n|-ability|p1b: Ogerpon|Mold Breaker\n|-terastallize|p1a: Calyrex|Dark\n|move|p2a: Incineroar|Knock Off|p1b: Ogerpon\n|-damage|p1b: Ogerpon|73/100\n|move|p2b: Lunala|Moongeist Beam|p1b: Ogerpon\n|-damage|p1b: Ogerpon|16/100\n|move|p1a: Calyrex|Psychic|p2b: Lunala\n|-damage|p2b: Lunala|24/100\n|-damage|p1a: Calyrex|81/100|[from] item: Life Orb\n|\n|-weather|SunnyDay|[upkeep]\n|upkeep\n|turn|4\n|\n|t:|1772213227\n|switch|p1a: Rillaboom|Rillaboom, L50, F|100/100\n|-fieldstart|move: Grassy Terrain|[from] ability: Grassy Surge|[of] p1a: Rillaboom\n|move|p1b: Ogerpon|Grassy Glide|p2b: Lunala\n|-damage|p2b: Lunala|0 fnt\n|faint|p2b: Lunala\n|move|p2a: Incineroar|U-turn|p1b: Ogerpon\n|-damage|p1b: Ogerpon|0 fnt\n|faint|p1b: Ogerpon\n|\n|t:|1772213236\n|switch|p2a: Miraidon|Miraidon, L50|100/100|[from] U-turn\n|-fieldstart|move: Electric Terrain|[from] ability: Hadron Engine|[of] p2a: Miraidon\n|\n|-weather|SunnyDay|[upkeep]\n|upkeep\n|\n|t:|1772213244\n|switch|p2b: Incineroar|Incineroar, L50, F|77/100\n|switch|p1b: Calyrex|Calyrex-Shadow, L50, tera:Dark|81/100\n|-ability|p1b: Calyrex|As One\n|-ability|p1b: Calyrex|Unnerve\n|-ability|p2b: Incineroar|Intimidate|boost\n|-unboost|p1a: Rillaboom|atk|1\n|-unboost|p1b: Calyrex|atk|1\n|turn|5\n|\n|t:|1772213265\n|move|p1b: Calyrex|Protect|p1b: Calyrex\n|-singleturn|p1b: Calyrex|Protect\n|move|p1a: Rillaboom|Fake Out|p2a: Miraidon\n|-damage|p2a: Miraidon|91/100\n|move|p2b: Incineroar|U-turn|p1a: Rillaboom\n|-supereffective|p1a: Rillaboom\n|-damage|p1a: Rillaboom|63/100\n|\n|t:|1772213272\n|switch|p2b: Ursaluna|Ursaluna, L50, M|100/100|[from] U-turn\n|cant|p2a: Miraidon|flinch\n|\n|-weather|none\n|-fieldend|move: Trick Room\n|-status|p2b: Ursaluna|brn|[from] item: Flame Orb\n|upkeep\n|turn|6\n|\n|t:|1772213302\n|move|p2a: Miraidon|Draco Meteor|p1a: Rillaboom|[miss]\n|-miss|p2a: Miraidon|p1a: Rillaboom\n|move|p1b: Calyrex|Psychic|p2b: Ursaluna\n|-damage|p2b: Ursaluna|34/100 brn\n|-damage|p1b: Calyrex|72/100|[from] item: Life Orb\n|move|p1a: Rillaboom|U-turn|p2b: Ursaluna\n|-damage|p2b: Ursaluna|23/100 brn\n|\n|t:|1772213309\n|switch|p1a: Koraidon|Koraidon, L50|86/100|[from] U-turn\n|-weather|SunnyDay|[from] ability: Orichalcum Pulse|[of] p1a: Koraidon\n|-activate|p1a: Koraidon|Orichalcum Pulse|[source]\n|move|p2b: Ursaluna|Facade|p1b: Calyrex\n|-damage|p1b: Calyrex|0 fnt\n|faint|p1b: Calyrex\n|\n|-weather|SunnyDay|[upkeep]\n|-damage|p2b: Ursaluna|17/100 brn|[from] brn\n|upkeep\n|\n|t:|1772213311\n|switch|p1b: Rillaboom|Rillaboom, L50, F|63/100\n|-fieldstart|move: Grassy Terrain|[from] ability: Grassy Surge|[of] p1b: Rillaboom\n|turn|7\n|\n|t:|1772213353\n|switch|p2a: Incineroar|Incineroar, L50, F|77/100\n|-ability|p2a: Incineroar|Intimidate|boost\n|-fail|p1a: Koraidon|unboost|[from] item: Clear Amulet|[of] p1a: Koraidon\n|-unboost|p1b: Rillaboom|atk|1\n|move|p2b: Ursaluna|Protect|p2b: Ursaluna\n|-singleturn|p2b: Ursaluna|Protect\n|move|p1b: Rillaboom|Fake Out|p2a: Incineroar\n|-damage|p2a: Incineroar|68/100\n|move|p1a: Koraidon|Collision Course|p2a: Incineroar\n|-supereffective|p2a: Incineroar\n|-damage|p2a: Incineroar|0 fnt\n|faint|p2a: Incineroar\n|\n|-weather|SunnyDay|[upkeep]\n|-heal|p1a: Koraidon|92/100|[from] Grassy Terrain\n|-heal|p1b: Rillaboom|69/100|[from] Grassy Terrain\n|-heal|p2b: Ursaluna|23/100 brn|[from] Grassy Terrain\n|-damage|p2b: Ursaluna|17/100 brn|[from] brn\n|upkeep\n|\n|t:|1772213364\n|switch|p2a: Miraidon|Miraidon, L50|91/100\n|-fieldstart|move: Electric Terrain|[from] ability: Hadron Engine|[of] p2a: Miraidon\n|turn|8\n|\n|t:|1772213389\n|move|p2a: Miraidon|Dazzling Gleam|p1b: Rillaboom|[spread] p1a,p1b\n|-supereffective|p1a: Koraidon\n|-crit|p1a: Koraidon\n|-damage|p1a: Koraidon|0 fnt\n|-damage|p1b: Rillaboom|44/100\n|faint|p1a: Koraidon\n|move|p1b: Rillaboom|Wood Hammer|p2a: Miraidon\n|-resisted|p2a: Miraidon\n|-crit|p2a: Miraidon\n|-damage|p2a: Miraidon|51/100\n|-damage|p1b: Rillaboom|33/100|[from] Recoil\n|move|p2b: Ursaluna|Facade|p1b: Rillaboom\n|-damage|p1b: Rillaboom|0 fnt\n|faint|p1b: Rillaboom\n|\n|win|partigiano jonny\n|raw|ronaldo (uhhh)'s rating: 1343 &rarr; <strong>1322</strong><br />(-21 for losing)\n|raw|partigiano jonny's rating: 1334 &rarr; <strong>1355</strong><br />(+21 for winning)\n","uploadtime":1772213389,"views":11,"formatid":"gen9vgc2026regi","rating":1322,"private":0,"password":null}