{"id":"gen9vgc2026regi-2559191291","format":"[Gen 9] VGC 2026 Reg I","players":["rito buff zed","SnorlaxPikachu1"],"log":"|j|\u2606rito buff zed\n|j|\u2606SnorlaxPikachu1\n|t:|1773530770\n|gametype|doubles\n|player|p1|rito buff zed|cynthia|1423\n|player|p2|SnorlaxPikachu1|palmer|1580\n|gen|9\n|tier|[Gen 9] VGC 2026 Reg I\n|rated|\n|rule|Species Clause: Limit one of each Pok\u00e9mon\n|rule|Item Clause: Limit 1 of each item\n|clearpoke\n|poke|p1|Calyrex-Shadow, L50|\n|poke|p1|Zamazenta-*, L50|\n|poke|p1|Incineroar, L50, M|\n|poke|p1|Rillaboom, L50, M|\n|poke|p1|Amoonguss, L50, F|\n|poke|p1|Urshifu-*, L50, F|\n|poke|p2|Groudon, L50|\n|poke|p2|Zacian-*, L50|\n|poke|p2|Iron Valiant, L50|\n|poke|p2|Incineroar, L50, M|\n|poke|p2|Raging Bolt, L50|\n|poke|p2|Brute Bonnet, L50|\n|teampreview|4\n|inactive|Battle timer is ON: inactive players will automatically lose when time's up. (requested by rito buff zed)\nrito buff zed has agreed to open team sheets.\nSnorlaxPikachu1 has agreed to open team sheets.\n|showteam|p1|Calyrex-Shadow||FocusSash|AsOneSpectrier|AstralBarrage,Psychic,NastyPlot,Protect||||||50|,,,,,Ghost]Zamazenta-Crowned||RustedShield|DauntlessShield|BodyPress,HeavySlam,WideGuard,Protect||||||50|,,,,,Dragon]Incineroar||ChopleBerry|Intimidate|KnockOff,WillOWisp,FakeOut,PartingShot|||M|||50|,,,,,Bug]Rillaboom||AssaultVest|GrassySurge|WoodHammer,GrassyGlide,FakeOut,Uturn|||M|||50|,,,,,Fire]Amoonguss||MentalHerb|Regenerator|PollenPuff,Spore,RagePowder,Protect|||F|||50|,,,,,Fire]Urshifu||BlackGlasses|UnseenFist|WickedBlow,CloseCombat,SuckerPunch,Detect|||F|||50|,,,,,Dark\n|showteam|p2|Groudon||AssaultVest|Drought|PrecipiceBlades,HeatCrash,HighHorsepower,RockSlide||||||50|,,,,,Fire]Zacian-Crowned||RustedSword|IntrepidSword|behemothblade,PlayRough,SacredSword,Protect||||||50|,,,,,Water]Iron Valiant||BoosterEnergy|QuarkDrive|Moonblast,Coaching,WideGuard,IcyWind||||||50|,,,,,Ghost]Incineroar||SitrusBerry|Intimidate|FakeOut,FlareBlitz,KnockOff,PartingShot|||M|||50|,,,,,Water]Raging Bolt||LifeOrb|Protosynthesis|Thunderbolt,Thunderclap,DracoMeteor,Protect||||||50|,,,,,Electric]Brute Bonnet||CovertCloak|Protosynthesis|Spore,RagePowder,SuckerPunch,SeedBomb||||||50|,,,,,Water\n|inactive|rito buff zed has 60 seconds left.\n|inactive|SnorlaxPikachu1 has 60 seconds left.\n|inactive|rito buff zed has 30 seconds left.\n|\n|t:|1773530837\n|teamsize|p1|4\n|teamsize|p2|4\n|start\n|switch|p1a: Incineroar|Incineroar, L50, M|100/100\n|switch|p1b: Zamazenta|Zamazenta-Crowned, L50|100/100\n|switch|p2a: Groudon|Groudon, L50|100/100\n|switch|p2b: Iron Valiant|Iron Valiant, L50|100/100\n|-ability|p1b: Zamazenta|Dauntless Shield|boost\n|-boost|p1b: Zamazenta|def|1\n|-weather|SunnyDay|[from] ability: Drought|[of] p2a: Groudon\n|-ability|p1a: Incineroar|Intimidate|boost\n|-unboost|p2a: Groudon|atk|1\n|-unboost|p2b: Iron Valiant|atk|1\n|-enditem|p2b: Iron Valiant|Booster Energy\n|-activate|p2b: Iron Valiant|ability: Quark Drive|[fromitem]\n|-start|p2b: Iron Valiant|quarkdrivespe\n|turn|1\n|inactive|rito buff zed has 30 seconds left.\n|inactive|rito buff zed has 20 seconds left.\n|\n|t:|1773530877\n|-terastallize|p2a: Groudon|Fire\n|move|p1a: Incineroar|Fake Out|p2a: Groudon\n|-damage|p2a: Groudon|94/100\n|move|p2b: Iron Valiant|Coaching|p2a: Groudon\n|-boost|p2a: Groudon|atk|1\n|-boost|p2a: Groudon|def|1\n|move|p1b: Zamazenta|Body Press|p2a: Groudon\n|-damage|p2a: Groudon|61/100\n|cant|p2a: Groudon|flinch\n|\n|-weather|SunnyDay|[upkeep]\n|upkeep\n|turn|2\n|inactive|rito buff zed has 30 seconds left.\n|inactive|rito buff zed has 20 seconds left.\n|inactive|rito buff zed has 15 seconds left.\n|j| NEONxTOKYO\n|inactive|rito buff zed has 10 seconds left.\n|inactive|rito buff zed has 5 seconds left.\n|\n|t:|1773530932\n|switch|p1a: Amoonguss|Amoonguss, L50, F|100/100\n|-terastallize|p1b: Zamazenta|Dragon\n|move|p2b: Iron Valiant|Coaching|p2a: Groudon\n|-boost|p2a: Groudon|atk|1\n|-boost|p2a: Groudon|def|1\n|move|p1b: Zamazenta|Body Press|p2a: Groudon\n|-damage|p2a: Groudon|38/100\n|move|p2a: Groudon|Precipice Blades|p1a: Amoonguss|[spread] p1a,p1b\n|-damage|p1a: Amoonguss|22/100\n|-damage|p1b: Zamazenta|68/100\n|\n|-weather|SunnyDay|[upkeep]\n|upkeep\n|turn|3\n|inactive|rito buff zed has 30 seconds left.\n|inactive|rito buff zed has 20 seconds left.\n|inactive|rito buff zed has 15 seconds left.\n|\n|t:|1773530976\n|move|p1b: Zamazenta|Protect|p1b: Zamazenta\n|-singleturn|p1b: Zamazenta|Protect\n|move|p2b: Iron Valiant|Icy Wind|p1a: Amoonguss|[spread] p1a\n|-activate|p1b: Zamazenta|move: Protect\n|-supereffective|p1a: Amoonguss\n|-damage|p1a: Amoonguss|6/100\n|-unboost|p1a: Amoonguss|spe|1\n|move|p2a: Groudon|High Horsepower|p1a: Amoonguss\n|-damage|p1a: Amoonguss|0 fnt\n|faint|p1a: Amoonguss\n|\n|-weather|SunnyDay|[upkeep]\n|upkeep\n|\n|t:|1773530987\n|switch|p1a: Calyrex|Calyrex-Shadow, L50|100/100\n|-ability|p1a: Calyrex|As One\n|-ability|p1a: Calyrex|Unnerve\n|turn|4\n|\n|t:|1773531006\n|move|p2b: Iron Valiant|Icy Wind|p1b: Zamazenta|[spread] p1a,p1b\n|-supereffective|p1b: Zamazenta\n|-damage|p1a: Calyrex|89/100\n|-damage|p1b: Zamazenta|54/100\n|-unboost|p1a: Calyrex|spe|1\n|-unboost|p1b: Zamazenta|spe|1\n|move|p1a: Calyrex|Psychic|p2a: Groudon\n|-damage|p2a: Groudon|5/100\n|move|p2a: Groudon|Heat Crash|p1a: Calyrex\n|-damage|p1a: Calyrex|0 fnt\n|faint|p1a: Calyrex\n|move|p1b: Zamazenta|Body Press|p2a: Groudon\n|-damage|p2a: Groudon|0 fnt\n|faint|p2a: Groudon\n|\n|-weather|SunnyDay|[upkeep]\n|upkeep\n|\n|t:|1773531020\n|switch|p1a: Incineroar|Incineroar, L50, M|100/100\n|switch|p2a: Brute Bonnet|Brute Bonnet, L50|100/100\n|-ability|p1a: Incineroar|Intimidate|boost\n|-unboost|p2a: Brute Bonnet|atk|1\n|-unboost|p2b: Iron Valiant|atk|1\n|-activate|p2a: Brute Bonnet|ability: Protosynthesis\n|-start|p2a: Brute Bonnet|protosynthesisdef\n|turn|5\n|\n|t:|1773531044\n|move|p1a: Incineroar|Fake Out|p2a: Brute Bonnet\n|-damage|p2a: Brute Bonnet|95/100\n|move|p2b: Iron Valiant|Moonblast|p1b: Zamazenta\n|-supereffective|p1b: Zamazenta\n|-damage|p1b: Zamazenta|0 fnt\n|faint|p1b: Zamazenta\n|move|p2a: Brute Bonnet|Spore|p1a: Incineroar\n|-status|p1a: Incineroar|slp|[from] move: Spore\n|\n|-weather|none\n|-end|p2a: Brute Bonnet|Protosynthesis\n|upkeep\n|turn|6\n|\n|t:|1773531053\n|-end|p2a: Brute Bonnet|Protosynthesis|[silent]\n|switch|p2a: Zacian|Zacian-Crowned, L50|100/100\n|-ability|p2a: Zacian|Intrepid Sword|boost\n|-boost|p2a: Zacian|atk|1\n|move|p2b: Iron Valiant|Coaching|p2a: Zacian\n|-boost|p2a: Zacian|atk|1\n|-boost|p2a: Zacian|def|1\n|cant|p1a: Incineroar|slp\n|\n|upkeep\n|turn|7\n|\n|t:|1773531062\n|move|p2b: Iron Valiant|Coaching|p2a: Zacian\n|-boost|p2a: Zacian|atk|1\n|-boost|p2a: Zacian|def|1\n|move|p2a: Zacian|Play Rough|p1a: Incineroar\n|-damage|p1a: Incineroar|6/100 slp\n|cant|p1a: Incineroar|slp\n|\n|upkeep\n|turn|8\n|\n|t:|1773531072\n|move|p2b: Iron Valiant|Coaching|p2a: Zacian\n|-boost|p2a: Zacian|atk|1\n|-boost|p2a: Zacian|def|1\n|move|p2a: Zacian|Behemoth Blade|p1a: Incineroar\n|-resisted|p1a: Incineroar\n|-damage|p1a: Incineroar|0 fnt\n|faint|p1a: Incineroar\n|\n|win|SnorlaxPikachu1\n|raw|rito buff zed's rating: 1423 &rarr; <strong>1411</strong><br />(-12 for losing)\n|raw|SnorlaxPikachu1's rating: 1580 &rarr; <strong>1592</strong><br />(+12 for winning)\n|l| NEONxTOKYO\n|l|\u2606SnorlaxPikachu1\n|player|p2|\n","uploadtime":1773531265,"views":13,"formatid":"gen9vgc2026regi","rating":1411,"private":0,"password":null}