{"id":"gen9vgc2026regi-2576905134","format":"[Gen 9] VGC 2026 Reg I","players":["Shagrathisbeast","Kwiper"],"log":"|j|\u2606Shagrathisbeast\n|j|\u2606Kwiper\n|t:|1775516090\n|gametype|doubles\n|player|p1|Shagrathisbeast|1|1578\n|player|p2|Kwiper|sycamore|1566\n|gen|9\n|tier|[Gen 9] VGC 2026 Reg I\n|rated|\n|rule|Species Clause: Limit one of each Pok\u00e9mon\n|rule|Item Clause: Limit 1 of each item\n|clearpoke\n|poke|p1|Terapagos, L50, M|\n|poke|p1|Calyrex-Shadow, L50|\n|poke|p1|Whimsicott, L50, F|\n|poke|p1|Chi-Yu, L50|\n|poke|p1|Smeargle, L50, M|\n|poke|p1|Iron Hands, L50|\n|poke|p2|Koraidon, L50|\n|poke|p2|Lunala, L50|\n|poke|p2|Indeedee-F, L50, F|\n|poke|p2|Flutter Mane, L50|\n|poke|p2|Volcarona, L50, M|\n|poke|p2|Ursaluna, L50, M|\n|teampreview|4\n|inactive|Battle timer is ON: inactive players will automatically lose when time's up. (requested by Kwiper)\n|inactive|Shagrathisbeast has 60 seconds left.\n|inactive|Kwiper has 60 seconds left.\n|inactive|Kwiper has 30 seconds left.\n|inactive|Kwiper has 20 seconds left.\n|inactive|Kwiper has 15 seconds left.\n|inactive|Kwiper has 10 seconds left.\n|inactive|Kwiper has 5 seconds left.\n|\n|t:|1775516177\n|teamsize|p1|4\n|teamsize|p2|4\n|start\n|switch|p1a: Chi-Yu|Chi-Yu, L50, shiny|100/100\n|switch|p1b: Terapagos|Terapagos, L50, M|100/100\n|switch|p2a: Lunala|Lunala, L50, shiny|100/100\n|switch|p2b: Indeedee|Indeedee-F, L50, F|100/100\n|-activate|p1b: Terapagos|ability: Tera Shift\n|detailschange|p1b: Terapagos|Terapagos-Terastal, L50, M\n|-heal|p1b: Terapagos|100/100|[silent]\n|-ability|p1a: Chi-Yu|Beads of Ruin\n|-fieldstart|move: Psychic Terrain|[from] ability: Psychic Surge|[of] p2b: Indeedee\n|turn|1\n|inactive|Shagrathisbeast has 30 seconds left.\n|\n|t:|1775516209\n|-terastallize|p2a: Lunala|Water\n|move|p1a: Chi-Yu|Snarl|p2a: Lunala|[spread] p2a,p2b\n|-supereffective|p2b: Indeedee\n|-damage|p2a: Lunala|89/100\n|-damage|p2b: Indeedee|36/100\n|-unboost|p2a: Lunala|spa|1\n|-unboost|p2b: Indeedee|spa|1\n|move|p1b: Terapagos|Tera Starstorm|p2b: Indeedee\n|-damage|p2b: Indeedee|0 fnt\n|faint|p2b: Indeedee\n|move|p2a: Lunala|Meteor Beam||[still]\n|-prepare|p2a: Lunala|Meteor Beam\n|-boost|p2a: Lunala|spa|1\n|-enditem|p2a: Lunala|Power Herb\n|-anim|p2a: Lunala|Meteor Beam|p1a: Chi-Yu|[miss]\n|-miss|p2a: Lunala|p1a: Chi-Yu\n|\n|upkeep\n|\n|t:|1775516224\n|switch|p2b: Koraidon|Koraidon, L50, shiny|100/100\n|-weather|SunnyDay|[from] ability: Orichalcum Pulse|[of] p2b: Koraidon\n|-activate|p2b: Koraidon|Orichalcum Pulse|[source]\n|turn|2\n|inactive|Shagrathisbeast has 30 seconds left.\n|\n|t:|1775516250\n|switch|p1b: Calyrex|Calyrex-Shadow, L50|100/100\n|-ability|p1b: Calyrex|As One\n|-ability|p1b: Calyrex|Unnerve\n|move|p2a: Lunala|Wide Guard|p2a: Lunala\n|-singleturn|p2a: Lunala|Wide Guard\n|move|p1a: Chi-Yu|Snarl|p2a: Lunala|[spread] \n|-activate|p2a: Lunala|move: Wide Guard\n|-activate|p2b: Koraidon|move: Wide Guard\n|move|p2b: Koraidon|Breaking Swipe|p1a: Chi-Yu|[spread] p1a,p1b\n|-damage|p1a: Chi-Yu|30/100\n|-damage|p1b: Calyrex|50/100\n|-unboost|p1a: Chi-Yu|atk|1\n|-unboost|p1b: Calyrex|atk|1\n|-damage|p2b: Koraidon|91/100|[from] item: Life Orb\n|\n|-weather|SunnyDay|[upkeep]\n|upkeep\n|turn|3\n|inactive|Shagrathisbeast has 30 seconds left.\n|inactive|Shagrathisbeast has 20 seconds left.\n|\n|t:|1775516287\n|move|p2b: Koraidon|Protect|p2b: Koraidon\n|-singleturn|p2b: Koraidon|Protect\n|move|p1a: Chi-Yu|Snarl|p2b: Koraidon|[spread] p2a\n|-activate|p2b: Koraidon|move: Protect\n|-damage|p2a: Lunala|66/100\n|-unboost|p2a: Lunala|spa|1\n|move|p1b: Calyrex|Psychic|p2b: Koraidon\n|-activate|p2b: Koraidon|move: Protect\n|move|p2a: Lunala|Moongeist Beam|p1b: Calyrex\n|-supereffective|p1b: Calyrex\n|-damage|p1b: Calyrex|0 fnt\n|faint|p1b: Calyrex\n|\n|-weather|SunnyDay|[upkeep]\n|upkeep\n|\n|t:|1775516301\n|switch|p1b: Terapagos|Terapagos-Terastal, L50, M|100/100\n|turn|4\n|\n|t:|1775516322\n|move|p2a: Lunala|Wide Guard|p2a: Lunala\n|-singleturn|p2a: Lunala|Wide Guard\n|move|p1a: Chi-Yu|Snarl|p2b: Koraidon|[spread] \n|-activate|p2a: Lunala|move: Wide Guard\n|-activate|p2b: Koraidon|move: Wide Guard\n|move|p2b: Koraidon|Breaking Swipe|p1b: Terapagos|[spread] p1a,p1b\n|-activate|p1b: Terapagos|ability: Tera Shell\n|-resisted|p1b: Terapagos\n|-damage|p1a: Chi-Yu|0 fnt\n|-damage|p1b: Terapagos|81/100\n|-unboost|p1b: Terapagos|atk|1\n|faint|p1a: Chi-Yu\n|-damage|p2b: Koraidon|81/100|[from] item: Life Orb\n|move|p1b: Terapagos|Tera Starstorm|p2a: Lunala\n|-damage|p2a: Lunala|7/100\n|\n|-weather|SunnyDay|[upkeep]\n|upkeep\n|\n|t:|1775516331\n|switch|p1a: Whimsicott|Whimsicott, L50, F, shiny|100/100\n|turn|5\n|\n|t:|1775516346\n|switch|p2b: Flutter Mane|Flutter Mane, L50|100/100\n|-activate|p2b: Flutter Mane|ability: Protosynthesis\n|-start|p2b: Flutter Mane|protosynthesisspe\n|-terastallize|p1b: Terapagos|Stellar\n|detailschange|p1b: Terapagos|Terapagos-Stellar, L50, M, tera:Stellar\n|-heal|p1b: Terapagos|86/100|[silent]\n|-ability|p1b: Terapagos|Teraform Zero\n|-weather|none\n|-end|p2b: Flutter Mane|Protosynthesis\n|-fieldend|move: Psychic Terrain\n|move|p1a: Whimsicott|Tailwind|p1a: Whimsicott\n|-sidestart|p1: Shagrathisbeast|move: Tailwind\n|move|p1b: Terapagos|Tera Starstorm|p2b: Flutter Mane|[spread] p2a,p2b\n|-supereffective|p2a: Lunala\n|-damage|p2a: Lunala|0 fnt\n|-damage|p2b: Flutter Mane|29/100\n|faint|p2a: Lunala\n|\n|upkeep\n|\n|t:|1775516349\n|switch|p2a: Koraidon|Koraidon, L50, shiny|81/100\n|-weather|SunnyDay|[from] ability: Orichalcum Pulse|[of] p2a: Koraidon\n|-activate|p2b: Flutter Mane|ability: Protosynthesis\n|-start|p2b: Flutter Mane|protosynthesisspe\n|-activate|p2a: Koraidon|Orichalcum Pulse|[source]\n|turn|6\n|\n|t:|1775516364\n|move|p1a: Whimsicott|Moonblast|p2a: Koraidon\n|-supereffective|p2a: Koraidon\n|-damage|p2a: Koraidon|0 fnt\n|faint|p2a: Koraidon\n|move|p2b: Flutter Mane|Icy Wind|p1a: Whimsicott|[spread] p1a,p1b\n|-supereffective|p1a: Whimsicott\n|-crit|p1a: Whimsicott\n|-damage|p1a: Whimsicott|30/100\n|-damage|p1b: Terapagos|77/100\n|-unboost|p1b: Terapagos|spe|1\n|move|p1b: Terapagos|Tera Starstorm|p2b: Flutter Mane\n|-damage|p2b: Flutter Mane|0 fnt\n|faint|p2b: Flutter Mane\n|-end|p2b: Flutter Mane|Protosynthesis|[silent]\n|\n|win|Shagrathisbeast\n|raw|Shagrathisbeast's rating: 1578 &rarr; <strong>1597</strong><br />(+19 for winning)\n|raw|Kwiper's rating: 1566 &rarr; <strong>1547</strong><br />(-19 for losing)\n","uploadtime":1775516364,"views":17,"formatid":"gen9vgc2026regi","rating":1547,"private":0,"password":null}