{"id":"gen9vgc2026regi-2549581896","format":"[Gen 9] VGC 2026 Reg I","players":["drive stone","sgcactus"],"log":"|j|\u2606drive stone\n|j|\u2606sgcactus\n|t:|1772386540\n|gametype|doubles\n|player|p1|drive stone|cilan|1482\n|player|p2|sgcactus|102|1463\n|gen|9\n|tier|[Gen 9] VGC 2026 Reg I\n|rated|\n|rule|Species Clause: Limit one of each Pok\u00e9mon\n|rule|Item Clause: Limit 1 of each item\n|clearpoke\n|poke|p1|Calyrex-Ice, L50|\n|poke|p1|Ho-Oh, L50|\n|poke|p1|Overqwil, L50, F|\n|poke|p1|Rillaboom, L50, M|\n|poke|p1|Ting-Lu, L50|\n|poke|p1|Ogerpon-Wellspring, L50, F|\n|poke|p2|Calyrex-Ice, L50|\n|poke|p2|Miraidon, L50|\n|poke|p2|Ting-Lu, L50|\n|poke|p2|Indeedee-F, L50, F|\n|poke|p2|Ceruledge, L50, F|\n|poke|p2|Flutter Mane, L50|\n|teampreview|4\n|inactive|Battle timer is ON: inactive players will automatically lose when time's up. (requested by sgcactus)\n|\n|t:|1772386565\n|teamsize|p1|4\n|teamsize|p2|4\n|start\n|switch|p1a: Calyrex|Calyrex-Ice, L50|100/100\n|switch|p1b: Overqwil|Overqwil, L50, F|100/100\n|switch|p2a: Calyrex|Calyrex-Ice, L50|100/100\n|switch|p2b: Indeedee|Indeedee-F, L50, F|100/100\n|-ability|p2a: Calyrex|As One\n|-ability|p2a: Calyrex|Unnerve\n|-ability|p1a: Calyrex|As One\n|-ability|p1a: Calyrex|Unnerve\n|-fieldstart|move: Psychic Terrain|[from] ability: Psychic Surge|[of] p2b: Indeedee\n|-ability|p1b: Overqwil|Intimidate|boost\n|-fail|p2a: Calyrex|unboost|[from] item: Clear Amulet|[of] p2a: Calyrex\n|-unboost|p2b: Indeedee|atk|1\n|turn|1\n|\n|t:|1772386585\n|move|p2b: Indeedee|Follow Me|p2b: Indeedee\n|-singleturn|p2b: Indeedee|move: Follow Me\n|move|p1b: Overqwil|Toxic Spikes|p2a: Calyrex\n|-sidestart|p2: sgcactus|move: Toxic Spikes\n|move|p2a: Calyrex|Imprison|p2a: Calyrex\n|-start|p2a: Calyrex|move: Imprison\n|move|p1a: Calyrex|Leech Seed|p2b: Indeedee\n|-start|p2b: Indeedee|move: Leech Seed\n|\n|-damage|p2b: Indeedee|88/100|[from] Leech Seed|[of] p1a: Calyrex\n|upkeep\n|turn|2\n|\n|t:|1772386602\n|move|p2b: Indeedee|Follow Me|p2b: Indeedee\n|-singleturn|p2b: Indeedee|move: Follow Me\n|move|p1b: Overqwil|Barb Barrage|p2b: Indeedee\n|-damage|p2b: Indeedee|65/100\n|move|p2a: Calyrex|Glacial Lance|p1b: Overqwil|[spread] p1a,p1b\n|-resisted|p1a: Calyrex\n|-damage|p1a: Calyrex|85/100\n|-damage|p1b: Overqwil|44/100\n|move|p1a: Calyrex|Leech Seed||[still]\n|-fail|p1a: Calyrex\n|\n|-heal|p1b: Overqwil|50/100|[from] item: Black Sludge\n|-heal|p1a: Calyrex|91/100|[from] item: Leftovers\n|-damage|p2b: Indeedee|53/100|[from] Leech Seed|[of] p1a: Calyrex\n|-heal|p1a: Calyrex|100/100|[silent]\n|upkeep\n|turn|3\n|inactive|drive stone has 30 seconds left.\n|inactive|drive stone has 20 seconds left.\n|\n|t:|1772386642\n|switch|p1a: Ho-Oh|Ho-Oh, L50|100/100\n|move|p2b: Indeedee|Follow Me|p2b: Indeedee\n|-singleturn|p2b: Indeedee|move: Follow Me\n|move|p1b: Overqwil|Throat Chop|p2b: Indeedee\n|-supereffective|p2b: Indeedee\n|-damage|p2b: Indeedee|0 fnt\n|-damage|p1b: Overqwil|33/100|[from] item: Rocky Helmet|[of] p2b: Indeedee\n|faint|p2b: Indeedee\n|move|p2a: Calyrex|Glacial Lance|p1b: Overqwil|[spread] p1a,p1b\n|-damage|p1a: Ho-Oh|62/100\n|-damage|p1b: Overqwil|0 fnt\n|faint|p1b: Overqwil\n|-ability|p2a: Calyrex|Chilling Neigh|boost\n|-boost|p2a: Calyrex|atk|1\n|\n|upkeep\n|\n|t:|1772386659\n|switch|p2b: Ceruledge|Ceruledge, L50, F|100/100\n|switch|p1b: Calyrex|Calyrex-Ice, L50|100/100\n|-ability|p1b: Calyrex|As One\n|-ability|p1b: Calyrex|Unnerve\n|-status|p2b: Ceruledge|psn\n|turn|4\n|inactive|drive stone has 30 seconds left.\n|\n|t:|1772386685\n|-terastallize|p2a: Calyrex|Fire\n|-terastallize|p1b: Calyrex|Water\n|move|p2b: Ceruledge|Ally Switch|p2b: Ceruledge\n|swap|p2b: Ceruledge|0|[from] move: Ally Switch\n|move|p2b: Calyrex|Glacial Lance|p1b: Calyrex|[spread] p1a,p1b\n|-resisted|p1b: Calyrex\n|-damage|p1a: Ho-Oh|1/100\n|-damage|p1b: Calyrex|77/100\n|move|p1b: Calyrex|Leech Seed|p2a: Ceruledge\n|-start|p2a: Ceruledge|move: Leech Seed\n|move|p1a: Ho-Oh|Whirlwind|p2a: Ceruledge\n|drag|p2a: Miraidon|Miraidon, L50|100/100\n|-status|p2a: Miraidon|psn\n|-fieldstart|move: Electric Terrain|[from] ability: Hadron Engine|[of] p2a: Miraidon\n|\n|-heal|p1b: Calyrex|83/100|[from] item: Leftovers\n|-damage|p2a: Miraidon|88/100 psn|[from] psn\n|upkeep\n|turn|5\n|inactive|drive stone has 30 seconds left.\n|\n|t:|1772386718\n|switch|p1b: Ting-Lu|Ting-Lu, L50|100/100\n|-ability|p1b: Ting-Lu|Vessel of Ruin\n|move|p2b: Calyrex|Protect|p2b: Calyrex\n|-singleturn|p2b: Calyrex|Protect\n|move|p2a: Miraidon|Parabolic Charge|p1b: Ting-Lu|[spread] p1a\n|-activate|p2b: Calyrex|move: Protect\n|-immune|p1b: Ting-Lu\n|-supereffective|p1a: Ho-Oh\n|-damage|p1a: Ho-Oh|0 fnt\n|-heal|p2a: Miraidon|89/100 psn|[from] drain|[of] p1a: Ho-Oh\n|faint|p1a: Ho-Oh\n|\n|-damage|p2a: Miraidon|76/100 psn|[from] psn\n|upkeep\n|\n|t:|1772386734\n|switch|p1a: Calyrex|Calyrex-Ice, L50, tera:Water|83/100\n|-ability|p1a: Calyrex|As One\n|-ability|p1a: Calyrex|Unnerve\n|turn|6\n|\n|t:|1772386746\n|move|p2a: Miraidon|Electro Drift|p1a: Calyrex\n|-supereffective|p1a: Calyrex\n|-damage|p1a: Calyrex|0 fnt\n|faint|p1a: Calyrex\n|move|p2b: Calyrex|Glacial Lance|p1b: Ting-Lu\n|-supereffective|p1b: Ting-Lu\n|-damage|p1b: Ting-Lu|0 fnt\n|faint|p1b: Ting-Lu\n|\n|win|sgcactus\n|raw|drive stone's rating: 1482 &rarr; <strong>1461</strong><br />(-21 for losing)\n|raw|sgcactus's rating: 1463 &rarr; <strong>1484</strong><br />(+21 for winning)\n|l|\u2606drive stone\n|player|p1|\n|l|\u2606sgcactus\n|player|p2|\n","uploadtime":1772386885,"views":28,"formatid":"gen9vgc2026regi","rating":1461,"private":0,"password":null}