{"id":"gen9vgc2026regi-2579235662","format":"[Gen 9] VGC 2026 Reg I","players":["Luca8","KCLKCLKCLKCLVGC"],"log":"|j|\u2606Luca8\n|j|\u2606KCLKCLKCLKCLVGC\n|t:|1775762855\n|gametype|doubles\n|player|p1|Luca8|flint|1481\n|player|p2|KCLKCLKCLKCLVGC|cynthia-gen4|1533\n|gen|9\n|tier|[Gen 9] VGC 2026 Reg I\n|rated|\n|rule|Species Clause: Limit one of each Pok\u00e9mon\n|rule|Item Clause: Limit 1 of each item\n|clearpoke\n|poke|p1|Zamazenta-*, L50|\n|poke|p1|Calyrex-Shadow, L50|\n|poke|p1|Indeedee-F, L50, F|\n|poke|p1|Torkoal, L50, F|\n|poke|p1|Fezandipiti, L50, M|\n|poke|p1|Pelipper, L50, M|\n|poke|p2|Calyrex-Shadow, L50|\n|poke|p2|Zamazenta-*, L50|\n|poke|p2|Chien-Pao, L50|\n|poke|p2|Dragonite, L50, M|\n|poke|p2|Raging Bolt, L50|\n|poke|p2|Ogerpon-Cornerstone, L50, F|\n|teampreview|4\n|inactive|Battle timer is ON: inactive players will automatically lose when time's up. (requested by Luca8)\n|c|\u2606KCLKCLKCLKCLVGC|someone cooked here\n|inactive|KCLKCLKCLKCLVGC has 60 seconds left.\n|\n|t:|1775762915\n|teamsize|p1|4\n|teamsize|p2|4\n|start\n|switch|p1a: Fezandipiti|Fezandipiti, L50, M|100/100\n|switch|p1b: Zamazenta|Zamazenta-Crowned, L50|100/100\n|switch|p2a: PinkPonyClub|Calyrex-Shadow, L50|100/100\n|switch|p2b: Arlie|Chien-Pao, L50|100/100\n|-ability|p2a: PinkPonyClub|As One\n|-ability|p2a: PinkPonyClub|Unnerve\n|-ability|p2b: Arlie|Sword of Ruin\n|-ability|p1b: Zamazenta|Dauntless Shield|boost\n|-boost|p1b: Zamazenta|def|1\n|turn|1\n|inactive|Luca8 has 30 seconds left.\n|inactive|Luca8 has 20 seconds left.\n|inactive|Luca8 has 15 seconds left.\n|inactive|Luca8 has 10 seconds left.\n|inactive|Luca8 has 5 seconds left.\n|\n|t:|1775762970\n|move|p2a: PinkPonyClub|Psychic|p1a: Fezandipiti\n|-supereffective|p1a: Fezandipiti\n|-damage|p1a: Fezandipiti|20/100\n|move|p2b: Arlie|Ruination|p1b: Zamazenta\n|-damage|p1b: Zamazenta|51/100\n|move|p1b: Zamazenta|Body Press|p2a: PinkPonyClub\n|-immune|p2a: PinkPonyClub\n|move|p1a: Fezandipiti|Tailwind|p1a: Fezandipiti\n|-sidestart|p1: Luca8|move: Tailwind\n|\n|upkeep\n|turn|2\n|inactive|KCLKCLKCLKCLVGC has 30 seconds left.\n|inactive|KCLKCLKCLKCLVGC has 20 seconds left.\n|inactive|KCLKCLKCLKCLVGC has 15 seconds left.\n|\n|t:|1775763013\n|switch|p2a: Green Goober|Dragonite, L50, M|100/100\n|move|p2b: Arlie|Sucker Punch|p1a: Fezandipiti\n|-resisted|p1a: Fezandipiti\n|-damage|p1a: Fezandipiti|5/100\n|move|p1b: Zamazenta|Body Press|p2b: Arlie\n|-supereffective|p2b: Arlie\n|-damage|p2b: Arlie|0 fnt\n|faint|p2b: Arlie\n|move|p1a: Fezandipiti|Icy Wind|p2a: Green Goober\n|-supereffective|p2a: Green Goober\n|-damage|p2a: Green Goober|68/100\n|-unboost|p2a: Green Goober|spe|1\n|-status|p2a: Green Goober|tox|[from] ability: Toxic Chain|[of] p1a: Fezandipiti\n|\n|-damage|p2a: Green Goober|62/100 tox|[from] psn\n|upkeep\n|\n|t:|1775763036\n|switch|p2b: PinkPonyClub|Calyrex-Shadow, L50|100/100\n|-ability|p2b: PinkPonyClub|As One\n|-ability|p2b: PinkPonyClub|Unnerve\n|turn|3\n|\n|t:|1775763050\n|move|p2a: Green Goober|Aqua Jet|p1a: Fezandipiti\n|-damage|p1a: Fezandipiti|0 fnt\n|faint|p1a: Fezandipiti\n|move|p1b: Zamazenta|Heavy Slam|p2b: PinkPonyClub\n|-damage|p2b: PinkPonyClub|39/100\n|move|p2b: PinkPonyClub|Psychic|p1b: Zamazenta\n|-damage|p1b: Zamazenta|19/100\n|\n|-damage|p2a: Green Goober|49/100 tox|[from] psn\n|upkeep\n|\n|t:|1775763069\n|switch|p1a: Calyrex|Calyrex-Shadow, L50|100/100\n|-ability|p1a: Calyrex|As One\n|-ability|p1a: Calyrex|Unnerve\n|turn|4\n|\n|t:|1775763094\n|-terastallize|p1a: Calyrex|Normal\n|move|p2b: PinkPonyClub|Protect|p2b: PinkPonyClub\n|-singleturn|p2b: PinkPonyClub|Protect\n|move|p2a: Green Goober|Aqua Jet|p1a: Calyrex\n|-damage|p1a: Calyrex|74/100\n|move|p1a: Calyrex|Astral Barrage|p2a: Green Goober|[spread] p2a\n|-activate|p2b: PinkPonyClub|move: Protect\n|-damage|p2a: Green Goober|4/100 tox\n|move|p1b: Zamazenta|Iron Defense|p1b: Zamazenta\n|-boost|p1b: Zamazenta|def|2\n|\n|-damage|p2a: Green Goober|0 fnt|[from] psn\n|faint|p2a: Green Goober\n|-sideend|p1: Luca8|move: Tailwind\n|upkeep\n|\n|t:|1775763108\n|switch|p2a: Zamazenta|Zamazenta-Crowned, L50|100/100\n|-ability|p2a: Zamazenta|Dauntless Shield|boost\n|-boost|p2a: Zamazenta|def|1\n|turn|5\n|inactive|KCLKCLKCLKCLVGC has 30 seconds left.\n|\n|t:|1775763141\n|move|p2b: PinkPonyClub|Psychic|p1b: Zamazenta\n|-damage|p1b: Zamazenta|0 fnt\n|faint|p1b: Zamazenta\n|-ability|p2b: PinkPonyClub|Grim Neigh|boost\n|-boost|p2b: PinkPonyClub|spa|1\n|move|p1a: Calyrex|Encore|p2b: PinkPonyClub\n|-start|p2b: PinkPonyClub|Encore\n|move|p2a: Zamazenta|Body Press|p1a: Calyrex\n|-supereffective|p1a: Calyrex\n|-damage|p1a: Calyrex|0 fnt\n|faint|p1a: Calyrex\n|\n|upkeep\n|-message|Luca8 forfeited.\n|\n|win|KCLKCLKCLKCLVGC\n|raw|Luca8's rating: 1481 &rarr; <strong>1464</strong><br />(-17 for losing)\n|raw|KCLKCLKCLKCLVGC's rating: 1533 &rarr; <strong>1550</strong><br />(+17 for winning)\n|l|\u2606Luca8\n|player|p1|\n|l|\u2606KCLKCLKCLKCLVGC\n|player|p2|\n","uploadtime":1775763318,"views":15,"formatid":"gen9vgc2026regi","rating":1464,"private":0,"password":null}