{"id":"gen9vgc2026regi-2551619595","format":"[Gen 9] VGC 2026 Reg I","players":["ryo8989","kojimuranishi"],"log":"|j|\u2606ryo8989\n|j|\u2606kojimuranishi\n|t:|1772629308\n|gametype|doubles\n|player|p1|ryo8989|erika|1481\n|player|p2|kojimuranishi|169|1462\n|gen|9\n|tier|[Gen 9] VGC 2026 Reg I\n|rated|\n|rule|Species Clause: Limit one of each Pok\u00e9mon\n|rule|Item Clause: Limit 1 of each item\n|clearpoke\n|poke|p1|Calyrex-Shadow, L50|\n|poke|p1|Zamazenta-*, L50|\n|poke|p1|Rillaboom, L50, F|\n|poke|p1|Incineroar, L50, F|\n|poke|p1|Raging Bolt, L50|\n|poke|p1|Tornadus, L50, M|\n|poke|p2|Raging Bolt, L50|\n|poke|p2|Calyrex-Ice, L50|\n|poke|p2|Kyogre, L50|\n|poke|p2|Indeedee-F, L50, F|\n|poke|p2|Ursaluna, L50, M|\n|poke|p2|Ogerpon-Cornerstone, L50, F|\n|teampreview|4\n|inactive|Battle timer is ON: inactive players will automatically lose when time's up. (requested by kojimuranishi)\n|\n|t:|1772629330\n|teamsize|p1|4\n|teamsize|p2|4\n|start\n|switch|p1a: Calyrex|Calyrex-Shadow, L50|100/100\n|switch|p1b: Incineroar|Incineroar, L50, F|100/100\n|switch|p2a: Raging Bolt|Raging Bolt, L50|100/100\n|switch|p2b: Calyrex|Calyrex-Ice, L50|100/100\n|-ability|p1a: Calyrex|As One\n|-ability|p1a: Calyrex|Unnerve\n|-ability|p2b: Calyrex|As One\n|-ability|p2b: Calyrex|Unnerve\n|-ability|p1b: Incineroar|Intimidate|boost\n|-unboost|p2a: Raging Bolt|atk|1\n|-unboost|p2b: Calyrex|atk|1\n|turn|1\n|inactive|ryo8989 has 30 seconds left.\n|\n|t:|1772629362\n|switch|p2b: Indeedee|Indeedee-F, L50, F|100/100\n|-fieldstart|move: Psychic Terrain|[from] ability: Psychic Surge|[of] p2b: Indeedee\n|-terastallize|p2a: Raging Bolt|Stellar\n|move|p1a: Calyrex|Astral Barrage|p2b: Indeedee|[spread] p2a\n|-immune|p2b: Indeedee\n|-damage|p2a: Raging Bolt|34/100\n|-damage|p1a: Calyrex|91/100|[from] item: Life Orb\n|move|p2a: Raging Bolt|Draco Meteor|p1a: Calyrex\n|-damage|p1a: Calyrex|0 fnt\n|-unboost|p2a: Raging Bolt|spa|2\n|faint|p1a: Calyrex\n|-damage|p2a: Raging Bolt|25/100|[from] item: Life Orb\n|move|p1b: Incineroar|Parting Shot|p2b: Indeedee\n|-unboost|p2b: Indeedee|atk|1\n|-unboost|p2b: Indeedee|spa|1\n|\n|t:|1772629383\n|switch|p1b: Zamazenta|Zamazenta-Crowned, L50|100/100|[from] Parting Shot\n|-ability|p1b: Zamazenta|Dauntless Shield|boost\n|-boost|p1b: Zamazenta|def|1\n|\n|upkeep\n|\n|t:|1772629388\n|switch|p1a: Rillaboom|Rillaboom, L50, F|100/100\n|-fieldstart|move: Grassy Terrain|[from] ability: Grassy Surge|[of] p1a: Rillaboom\n|turn|2\n|\n|t:|1772629410\n|-end|p2a: Raging Bolt|Protosynthesis|[silent]\n|switch|p2a: Calyrex|Calyrex-Ice, L50|100/100\n|-ability|p2a: Calyrex|As One\n|-ability|p2a: Calyrex|Unnerve\n|move|p1a: Rillaboom|Fake Out|p2b: Indeedee\n|-damage|p2b: Indeedee|88/100\n|move|p1b: Zamazenta|Body Press|p2a: Calyrex\n|-damage|p2a: Calyrex|60/100\n|cant|p2b: Indeedee|flinch\n|\n|-heal|p2b: Indeedee|94/100|[from] Grassy Terrain\n|-heal|p2a: Calyrex|66/100|[from] Grassy Terrain\n|-heal|p2a: Calyrex|72/100|[from] item: Leftovers\n|upkeep\n|turn|3\n|inactive|ryo8989 has 30 seconds left.\n|\n|t:|1772629435\n|-terastallize|p1b: Zamazenta|Grass\n|move|p2a: Calyrex|Protect|p2a: Calyrex\n|-singleturn|p2a: Calyrex|Protect\n|move|p1b: Zamazenta|Body Press|p2b: Indeedee\n|-damage|p2b: Indeedee|25/100\n|move|p1a: Rillaboom|U-turn|p2b: Indeedee\n|-supereffective|p2b: Indeedee\n|-damage|p2b: Indeedee|0 fnt\n|faint|p2b: Indeedee\n|\n|t:|1772629446\n|switch|p1a: Incineroar|Incineroar, L50, F|100/100|[from] U-turn\n|-ability|p1a: Incineroar|Intimidate|boost\n|-unboost|p2a: Calyrex|atk|1\n|\n|-heal|p2a: Calyrex|77/100|[from] Grassy Terrain\n|-heal|p2a: Calyrex|83/100|[from] item: Leftovers\n|upkeep\n|\n|t:|1772629465\n|switch|p2b: Raging Bolt|Raging Bolt, L50, tera:Stellar|25/100\n|turn|4\n|\n|t:|1772629473\n|move|p2b: Raging Bolt|Protect|p2b: Raging Bolt\n|-singleturn|p2b: Raging Bolt|Protect\n|move|p1a: Incineroar|Fake Out|p2a: Calyrex\n|-damage|p2a: Calyrex|76/100\n|move|p1b: Zamazenta|Body Press|p2b: Raging Bolt\n|-activate|p2b: Raging Bolt|move: Protect\n|cant|p2a: Calyrex|flinch\n|\n|-heal|p2b: Raging Bolt|31/100|[from] Grassy Terrain\n|-heal|p2a: Calyrex|82/100|[from] Grassy Terrain\n|-heal|p2a: Calyrex|88/100|[from] item: Leftovers\n|upkeep\n|turn|5\n|inactive|kojimuranishi has 30 seconds left.\n|inactive|kojimuranishi has 20 seconds left.\n|\n|t:|1772629508\n|-end|p2b: Raging Bolt|Protosynthesis|[silent]\n|switch|p2b: Kyogre|Kyogre, L50|100/100\n|-weather|RainDance|[from] ability: Drizzle|[of] p2b: Kyogre\n|move|p1b: Zamazenta|Body Press|p2b: Kyogre\n|-damage|p2b: Kyogre|22/100\n|move|p1a: Incineroar|Knock Off|p2a: Calyrex\n|-supereffective|p2a: Calyrex\n|-damage|p2a: Calyrex|44/100\n|-enditem|p2a: Calyrex|Leftovers|[from] move: Knock Off|[of] p1a: Incineroar\n|move|p2a: Calyrex|Glacial Lance|p1b: Zamazenta|[spread] p1a,p1b\n|-resisted|p1a: Incineroar\n|-supereffective|p1b: Zamazenta\n|-damage|p1a: Incineroar|90/100\n|-damage|p1b: Zamazenta|73/100\n|\n|-weather|RainDance|[upkeep]\n|-heal|p2b: Kyogre|28/100|[from] Grassy Terrain\n|-heal|p1b: Zamazenta|79/100|[from] Grassy Terrain\n|-heal|p1a: Incineroar|96/100|[from] Grassy Terrain\n|-heal|p2a: Calyrex|50/100|[from] Grassy Terrain\n|upkeep\n|turn|6\n|\n|t:|1772629530\n|move|p2b: Kyogre|Hydro Pump|p1a: Incineroar\n|-supereffective|p1a: Incineroar\n|-damage|p1a: Incineroar|0 fnt\n|faint|p1a: Incineroar\n|move|p1b: Zamazenta|Body Press|p2b: Kyogre\n|-damage|p2b: Kyogre|0 fnt\n|faint|p2b: Kyogre\n|move|p2a: Calyrex|Trick Room|p2a: Calyrex\n|-fieldstart|move: Trick Room|[of] p2a: Calyrex\n|\n|-weather|RainDance|[upkeep]\n|-heal|p2a: Calyrex|56/100|[from] Grassy Terrain\n|-heal|p1b: Zamazenta|85/100|[from] Grassy Terrain\n|-fieldend|move: Grassy Terrain\n|upkeep\n|\n|t:|1772629542\n|switch|p1a: Rillaboom|Rillaboom, L50, F|100/100\n|switch|p2b: Raging Bolt|Raging Bolt, L50, tera:Stellar|31/100\n|-fieldstart|move: Grassy Terrain|[from] ability: Grassy Surge|[of] p1a: Rillaboom\n|turn|7\n|\n|t:|1772629558\n|move|p2a: Calyrex|Protect|p2a: Calyrex\n|-singleturn|p2a: Calyrex|Protect\n|move|p2b: Raging Bolt|Protect|p2b: Raging Bolt\n|-singleturn|p2b: Raging Bolt|Protect\n|move|p1a: Rillaboom|Fake Out|p2a: Calyrex\n|-activate|p2a: Calyrex|move: Protect\n|move|p1b: Zamazenta|Body Press|p2b: Raging Bolt\n|-activate|p2b: Raging Bolt|move: Protect\n|\n|-weather|RainDance|[upkeep]\n|-heal|p2a: Calyrex|62/100|[from] Grassy Terrain\n|-heal|p2b: Raging Bolt|37/100|[from] Grassy Terrain\n|-heal|p1b: Zamazenta|91/100|[from] Grassy Terrain\n|upkeep\n|turn|8\n|\n|t:|1772629575\n|move|p1a: Rillaboom|Grassy Glide|p2a: Calyrex\n|-damage|p2a: Calyrex|40/100\n|move|p2a: Calyrex|Glacial Lance|p1a: Rillaboom|[spread] p1a,p1b\n|-supereffective|p1a: Rillaboom\n|-supereffective|p1b: Zamazenta\n|-damage|p1a: Rillaboom|48/100\n|-damage|p1b: Zamazenta|67/100\n|move|p2b: Raging Bolt|Draco Meteor|p1b: Zamazenta\n|-damage|p1b: Zamazenta|0 fnt\n|-unboost|p2b: Raging Bolt|spa|2\n|faint|p1b: Zamazenta\n|-damage|p2b: Raging Bolt|28/100|[from] item: Life Orb\n|\n|-weather|RainDance|[upkeep]\n|-heal|p2a: Calyrex|46/100|[from] Grassy Terrain\n|-heal|p2b: Raging Bolt|34/100|[from] Grassy Terrain\n|-heal|p1a: Rillaboom|54/100|[from] Grassy Terrain\n|upkeep\n|turn|9\n|-message|ryo8989 forfeited.\n|\n|win|kojimuranishi\n|raw|ryo8989's rating: 1481 &rarr; <strong>1460</strong><br />(-21 for losing)\n|raw|kojimuranishi's rating: 1462 &rarr; <strong>1483</strong><br />(+21 for winning)\n|l|\u2606ryo8989\n|player|p1|\n|l|\u2606kojimuranishi\n|player|p2|\n","uploadtime":1772629757,"views":15,"formatid":"gen9vgc2026regi","rating":1460,"private":0,"password":null}