{"id":"gen9vgc2026regi-2586769113","format":"[Gen 9] VGC 2026 Reg I","players":["Tweak69","shadowbtl"],"log":"|j|\u2606Tweak69\n|j|\u2606shadowbtl\n|t:|1776458442\n|gametype|doubles\n|player|p1|Tweak69|bruno|1420\n|player|p2|shadowbtl|roxie|1531\n|gen|9\n|tier|[Gen 9] VGC 2026 Reg I\n|rated|\n|rule|Species Clause: Limit one of each Pok\u00e9mon\n|rule|Item Clause: Limit 1 of each item\n|clearpoke\n|poke|p1|Amoonguss, L50, F|\n|poke|p1|Calyrex-Ice, L50|\n|poke|p1|Kyogre, L50|\n|poke|p1|Grimmsnarl, L50, M|\n|poke|p1|Flutter Mane, L50|\n|poke|p1|Rillaboom, L50, M|\n|poke|p2|Calyrex-Ice, L50|\n|poke|p2|Flutter Mane, L50|\n|poke|p2|Chi-Yu, L50|\n|poke|p2|Raging Bolt, L50|\n|poke|p2|Brute Bonnet, L50|\n|poke|p2|Koraidon, L50|\n|teampreview|4\n|inactive|Battle timer is ON: inactive players will automatically lose when time's up. (requested by Tweak69)\n|\n|t:|1776458467\n|teamsize|p1|4\n|teamsize|p2|4\n|start\n|switch|p1a: Calyrex|Calyrex-Ice, L50|100/100\n|switch|p1b: Amoonguss|Amoonguss, L50, F|100/100\n|switch|p2a: Calyrex|Calyrex-Ice, L50|100/100\n|switch|p2b: Koraidon|Koraidon, L50|100/100\n|-ability|p2a: Calyrex|As One\n|-ability|p2a: Calyrex|Unnerve\n|-ability|p1a: Calyrex|As One\n|-ability|p1a: Calyrex|Unnerve\n|-weather|SunnyDay|[from] ability: Orichalcum Pulse|[of] p2b: Koraidon\n|-activate|p2b: Koraidon|Orichalcum Pulse|[source]\n|turn|1\n|inactive|Tweak69 has 30 seconds left.\n|inactive|shadowbtl has 30 seconds left.\n|\n|t:|1776458501\n|-terastallize|p2b: Koraidon|Fire\n|-terastallize|p1a: Calyrex|Fairy\n|move|p1b: Amoonguss|Protect|p1b: Amoonguss\n|-singleturn|p1b: Amoonguss|Protect\n|move|p2b: Koraidon|Flame Charge|p1a: Calyrex\n|-damage|p1a: Calyrex|63/100\n|-boost|p2b: Koraidon|spe|1\n|move|p2a: Calyrex|Leech Seed|p1a: Calyrex\n|-start|p1a: Calyrex|move: Leech Seed\n|move|p1a: Calyrex|Trick Room|p1a: Calyrex\n|-fieldstart|move: Trick Room|[of] p1a: Calyrex\n|\n|-weather|SunnyDay|[upkeep]\n|-heal|p1a: Calyrex|69/100|[from] item: Leftovers\n|-damage|p1a: Calyrex|57/100|[from] Leech Seed|[of] p2a: Calyrex\n|upkeep\n|turn|2\n|inactive|Tweak69 has 30 seconds left.\n|inactive|shadowbtl has 30 seconds left.\n|\n|t:|1776458529\n|switch|p1a: Kyogre|Kyogre, L50|100/100\n|-weather|RainDance|[from] ability: Drizzle|[of] p1a: Kyogre\n|switch|p2a: Brute Bonnet|Brute Bonnet, L50|100/100\n|move|p2b: Koraidon|Protect|p2b: Koraidon\n|-singleturn|p2b: Koraidon|Protect\n|move|p1b: Amoonguss|Spore|p2a: Brute Bonnet\n|-immune|p2a: Brute Bonnet\n|\n|-weather|RainDance|[upkeep]\n|upkeep\n|turn|3\n|\n|t:|1776458549\n|switch|p1a: Rillaboom|Rillaboom, L50, M|100/100\n|-fieldstart|move: Grassy Terrain|[from] ability: Grassy Surge|[of] p1a: Rillaboom\n|switch|p2b: Calyrex|Calyrex-Ice, L50|100/100\n|-ability|p2b: Calyrex|As One\n|-ability|p2b: Calyrex|Unnerve\n|move|p1b: Amoonguss|Spore|p2b: Calyrex\n|-status|p2b: Calyrex|slp|[from] move: Spore\n|move|p2a: Brute Bonnet|Spore|p1a: Rillaboom\n|-immune|p1a: Rillaboom\n|\n|-weather|RainDance|[upkeep]\n|upkeep\n|turn|4\n|inactive|Tweak69 has 30 seconds left.\n|inactive|shadowbtl has 30 seconds left.\n|inactive|Tweak69 has 20 seconds left.\n|inactive|Tweak69 has 15 seconds left.\n|\n|t:|1776458590\n|cant|p2b: Calyrex|slp\n|move|p1b: Amoonguss|Pollen Puff|p2a: Brute Bonnet\n|-supereffective|p2a: Brute Bonnet\n|-damage|p2a: Brute Bonnet|40/100\n|move|p2a: Brute Bonnet|Spore|p1b: Amoonguss\n|-immune|p1b: Amoonguss\n|move|p1a: Rillaboom|U-turn|p2a: Brute Bonnet\n|-supereffective|p2a: Brute Bonnet\n|-damage|p2a: Brute Bonnet|0 fnt\n|faint|p2a: Brute Bonnet\n|-end|p2a: Brute Bonnet|Protosynthesis|[silent]\n|\n|t:|1776458612\n|switch|p1a: Calyrex|Calyrex-Ice, L50, tera:Fairy|57/100|[from] U-turn\n|-ability|p1a: Calyrex|As One\n|-ability|p1a: Calyrex|Unnerve\n|\n|-weather|RainDance|[upkeep]\n|-heal|p1a: Calyrex|62/100|[from] Grassy Terrain\n|-heal|p1a: Calyrex|68/100|[from] item: Leftovers\n|upkeep\n|\n|t:|1776458626\n|switch|p2a: Koraidon|Koraidon, L50, tera:Fire|100/100\n|-weather|SunnyDay|[from] ability: Orichalcum Pulse|[of] p2a: Koraidon\n|-activate|p2a: Koraidon|Orichalcum Pulse|[source]\n|turn|5\n|\n|t:|1776458642\n|switch|p1b: Kyogre|Kyogre, L50|100/100\n|-weather|RainDance|[from] ability: Drizzle|[of] p1b: Kyogre\n|switch|p2a: Chi-Yu|Chi-Yu, L50|100/100\n|-ability|p2a: Chi-Yu|Beads of Ruin\n|move|p1a: Calyrex|Leech Seed|p2b: Calyrex\n|-start|p2b: Calyrex|move: Leech Seed\n|cant|p2b: Calyrex|slp\n|\n|-weather|RainDance|[upkeep]\n|-heal|p1a: Calyrex|74/100|[from] Grassy Terrain\n|-heal|p1a: Calyrex|80/100|[from] item: Leftovers\n|-damage|p2b: Calyrex|88/100 slp|[from] Leech Seed|[of] p1a: Calyrex\n|-heal|p1a: Calyrex|92/100|[silent]\n|-fieldend|move: Trick Room\n|upkeep\n|turn|6\n|inactive|Tweak69 has 30 seconds left.\n|\n|t:|1776458675\n|switch|p2b: Koraidon|Koraidon, L50, tera:Fire|100/100\n|-weather|SunnyDay|[from] ability: Orichalcum Pulse|[of] p2b: Koraidon\n|-activate|p2b: Koraidon|Orichalcum Pulse|[source]\n|move|p1b: Kyogre|Protect|p1b: Kyogre\n|-singleturn|p1b: Kyogre|Protect\n|move|p2a: Chi-Yu|Snarl|p1a: Calyrex|[spread] p1a\n|-activate|p1b: Kyogre|move: Protect\n|-resisted|p1a: Calyrex\n|-damage|p1a: Calyrex|83/100\n|-unboost|p1a: Calyrex|spa|1\n|move|p1a: Calyrex|Trick Room|p1a: Calyrex\n|-fieldstart|move: Trick Room|[of] p1a: Calyrex\n|\n|-weather|SunnyDay|[upkeep]\n|-heal|p1a: Calyrex|88/100|[from] Grassy Terrain\n|-heal|p1a: Calyrex|94/100|[from] item: Leftovers\n|upkeep\n|turn|7\n|inactive|Tweak69 has 30 seconds left.\n|inactive|Tweak69 has 20 seconds left.\n|\n|t:|1776458711\n|switch|p1b: Rillaboom|Rillaboom, L50, M|100/100\n|switch|p2b: Calyrex|Calyrex-Ice, L50|88/100 slp\n|-ability|p2b: Calyrex|As One\n|-ability|p2b: Calyrex|Unnerve\n|move|p1a: Calyrex|Protect|p1a: Calyrex\n|-singleturn|p1a: Calyrex|Protect\n|move|p2a: Chi-Yu|Snarl|p1a: Calyrex|[spread] p1b\n|-activate|p1a: Calyrex|move: Protect\n|-damage|p1b: Rillaboom|80/100\n|-unboost|p1b: Rillaboom|spa|1\n|\n|-weather|SunnyDay|[upkeep]\n|-heal|p1a: Calyrex|99/100|[from] Grassy Terrain\n|-heal|p1a: Calyrex|100/100|[from] item: Leftovers\n|-heal|p2b: Calyrex|94/100 slp|[from] Grassy Terrain\n|-heal|p2b: Calyrex|99/100 slp|[from] item: Leftovers\n|-heal|p1b: Rillaboom|86/100|[from] Grassy Terrain\n|-fieldend|move: Grassy Terrain\n|upkeep\n|turn|8\n|inactive|Tweak69 has 30 seconds left.\n|inactive|shadowbtl has 30 seconds left.\n|inactive|Tweak69 has 20 seconds left.\n|\n|t:|1776458754\n|switch|p2a: Koraidon|Koraidon, L50, tera:Fire|100/100\n|-activate|p2a: Koraidon|ability: Orichalcum Pulse\n|move|p1a: Calyrex|Leech Seed|p2b: Calyrex\n|-start|p2b: Calyrex|move: Leech Seed\n|-curestatus|p2b: Calyrex|slp|[msg]\n|move|p2b: Calyrex|Glacial Lance|p1a: Calyrex|[spread] p1a,p1b\n|-supereffective|p1b: Rillaboom\n|-damage|p1a: Calyrex|74/100\n|-damage|p1b: Rillaboom|0 fnt\n|faint|p1b: Rillaboom\n|-ability|p2b: Calyrex|Chilling Neigh|boost\n|-boost|p2b: Calyrex|atk|1\n|\n|-weather|SunnyDay|[upkeep]\n|-heal|p1a: Calyrex|80/100|[from] item: Leftovers\n|-heal|p2b: Calyrex|100/100|[from] item: Leftovers\n|-damage|p2b: Calyrex|88/100|[from] Leech Seed|[of] p1a: Calyrex\n|-heal|p1a: Calyrex|92/100|[silent]\n|upkeep\n|\n|t:|1776458772\n|switch|p1b: Amoonguss|Amoonguss, L50, F|100/100\n|turn|9\n|inactive|Tweak69 has 30 seconds left.\n|\n|t:|1776458799\n|switch|p2b: Chi-Yu|Chi-Yu, L50|100/100\n|-ability|p2b: Chi-Yu|Beads of Ruin\n|move|p2a: Koraidon|Protect|p2a: Koraidon\n|-singleturn|p2a: Koraidon|Protect\n|move|p1b: Amoonguss|Spore|p2a: Koraidon\n|-activate|p2a: Koraidon|move: Protect\n|move|p1a: Calyrex|Glacial Lance|p2b: Chi-Yu|[spread] p2b\n|-activate|p2a: Koraidon|move: Protect\n|-resisted|p2b: Chi-Yu\n|-damage|p2b: Chi-Yu|65/100\n|\n|-weather|SunnyDay|[upkeep]\n|-heal|p1a: Calyrex|98/100|[from] item: Leftovers\n|upkeep\n|turn|10\n|inactive|Tweak69 has 30 seconds left.\n|inactive|shadowbtl has 30 seconds left.\n|inactive|Tweak69 has 20 seconds left.\n|inactive|Tweak69 has 15 seconds left.\n|\n|t:|1776458841\n|move|p1b: Amoonguss|Spore|p2a: Koraidon\n|-status|p2a: Koraidon|slp|[from] move: Spore\n|move|p1a: Calyrex|Leech Seed|p2b: Chi-Yu\n|-start|p2b: Chi-Yu|move: Leech Seed\n|cant|p2a: Koraidon|slp\n|move|p2b: Chi-Yu|Dark Pulse|p1b: Amoonguss\n|-damage|p1b: Amoonguss|54/100\n|\n|-weather|none\n|-heal|p1a: Calyrex|100/100|[from] item: Leftovers\n|-damage|p2b: Chi-Yu|53/100|[from] Leech Seed|[of] p1a: Calyrex\n|-fieldend|move: Trick Room\n|upkeep\n|turn|11\n|\n|t:|1776458866\n|switch|p2a: Calyrex|Calyrex-Ice, L50|88/100\n|-ability|p2a: Calyrex|As One\n|-ability|p2a: Calyrex|Unnerve\n|move|p1b: Amoonguss|Protect|p1b: Amoonguss\n|-singleturn|p1b: Amoonguss|Protect\n|move|p2b: Chi-Yu|Dark Pulse|p1b: Amoonguss\n|-activate|p1b: Amoonguss|move: Protect\n|move|p1a: Calyrex|Trick Room|p1a: Calyrex\n|-fieldstart|move: Trick Room|[of] p1a: Calyrex\n|\n|-heal|p2a: Calyrex|94/100|[from] item: Leftovers\n|-damage|p2b: Chi-Yu|41/100|[from] Leech Seed|[of] p1a: Calyrex\n|upkeep\n|turn|12\n|inactive|Tweak69 has 30 seconds left.\n|\n|t:|1776458895\n|switch|p2b: Koraidon|Koraidon, L50, tera:Fire|100/100 slp\n|-weather|SunnyDay|[from] ability: Orichalcum Pulse|[of] p2b: Koraidon\n|-activate|p2b: Koraidon|Orichalcum Pulse|[source]\n|move|p2a: Calyrex|Protect|p2a: Calyrex\n|-singleturn|p2a: Calyrex|Protect\n|move|p1b: Amoonguss|Spore|p2a: Calyrex\n|-activate|p2a: Calyrex|move: Protect\n|move|p1a: Calyrex|Glacial Lance|p2b: Koraidon|[spread] p2b\n|-activate|p2a: Calyrex|move: Protect\n|-resisted|p2b: Koraidon\n|-damage|p2b: Koraidon|81/100 slp\n|\n|-weather|SunnyDay|[upkeep]\n|-heal|p2a: Calyrex|99/100|[from] item: Leftovers\n|upkeep\n|turn|13\n|inactive|shadowbtl has 30 seconds left.\n|\n|t:|1776458927\n|move|p1b: Amoonguss|Spore|p2a: Calyrex\n|-status|p2a: Calyrex|slp|[from] move: Spore\n|move|p1a: Calyrex|Glacial Lance|p2b: Koraidon|[spread] p2a,p2b\n|-resisted|p2a: Calyrex\n|-resisted|p2b: Koraidon\n|-damage|p2a: Calyrex|85/100 slp\n|-damage|p2b: Koraidon|62/100 slp\n|cant|p2a: Calyrex|slp\n|-curestatus|p2b: Koraidon|slp|[msg]\n|move|p2b: Koraidon|Flare Blitz|p1a: Calyrex\n|-damage|p1a: Calyrex|27/100\n|-damage|p2b: Koraidon|37/100|[from] Recoil\n|\n|-weather|SunnyDay|[upkeep]\n|-heal|p1a: Calyrex|32/100|[from] item: Leftovers\n|-heal|p2a: Calyrex|90/100 slp|[from] item: Leftovers\n|upkeep\n|turn|14\n|inactive|Tweak69 has 30 seconds left.\n|inactive|Tweak69 has 20 seconds left.\n|inactive|Tweak69 has 15 seconds left.\n|\n|t:|1776458953\n|switch|p1b: Kyogre|Kyogre, L50|100/100\n|-weather|RainDance|[from] ability: Drizzle|[of] p1b: Kyogre\n|move|p1a: Calyrex|Protect|p1a: Calyrex\n|-singleturn|p1a: Calyrex|Protect\n|move|p2b: Koraidon|Protect|p2b: Koraidon\n|-singleturn|p2b: Koraidon|Protect\n|-curestatus|p2a: Calyrex|slp|[msg]\n|move|p2a: Calyrex|Glacial Lance|p1b: Kyogre|[spread] p1b\n|-activate|p1a: Calyrex|move: Protect\n|-resisted|p1b: Kyogre\n|-damage|p1b: Kyogre|71/100\n|\n|-weather|RainDance|[upkeep]\n|-heal|p1a: Calyrex|38/100|[from] item: Leftovers\n|-heal|p2a: Calyrex|96/100|[from] item: Leftovers\n|upkeep\n|turn|15\n|inactive|Tweak69 has 15 seconds left this turn.\n|inactive|Tweak69 has 10 seconds left.\n|\n|t:|1776458977\n|switch|p2b: Chi-Yu|Chi-Yu, L50|41/100\n|-ability|p2b: Chi-Yu|Beads of Ruin\n|move|p1a: Calyrex|Glacial Lance|p2a: Calyrex|[spread] p2a,p2b\n|-resisted|p2a: Calyrex\n|-resisted|p2b: Chi-Yu\n|-damage|p2a: Calyrex|83/100\n|-damage|p2b: Chi-Yu|0 fnt\n|faint|p2b: Chi-Yu\n|-ability|p1a: Calyrex|Chilling Neigh|boost\n|-boost|p1a: Calyrex|atk|1\n|move|p2a: Calyrex|Leech Seed|p1a: Calyrex\n|-start|p1a: Calyrex|move: Leech Seed\n|move|p1b: Kyogre|Origin Pulse|p2a: Calyrex\n|-damage|p2a: Calyrex|12/100\n|\n|-weather|RainDance|[upkeep]\n|-heal|p1a: Calyrex|44/100|[from] item: Leftovers\n|-heal|p2a: Calyrex|18/100|[from] item: Leftovers\n|-damage|p1a: Calyrex|32/100|[from] Leech Seed|[of] p2a: Calyrex\n|-heal|p2a: Calyrex|30/100|[silent]\n|-fieldend|move: Trick Room\n|upkeep\n|\n|t:|1776458997\n|switch|p2b: Koraidon|Koraidon, L50, tera:Fire|37/100\n|-weather|SunnyDay|[from] ability: Orichalcum Pulse|[of] p2b: Koraidon\n|-activate|p2b: Koraidon|Orichalcum Pulse|[source]\n|turn|16\n|inactive|Tweak69 has 10 seconds left this turn.\n|inactive|Tweak69 has 5 seconds left.\n|\n|t:|1776459019\n|switch|p1b: Amoonguss|Amoonguss, L50, F|87/100\n|move|p1a: Calyrex|Protect|p1a: Calyrex\n|-singleturn|p1a: Calyrex|Protect\n|move|p2b: Koraidon|Low Kick|p1b: Amoonguss\n|-resisted|p1b: Amoonguss\n|-damage|p1b: Amoonguss|75/100\n|-damage|p2b: Koraidon|20/100|[from] item: Rocky Helmet|[of] p1b: Amoonguss\n|move|p2a: Calyrex|Glacial Lance|p1b: Amoonguss|[spread] p1b\n|-activate|p1a: Calyrex|move: Protect\n|-supereffective|p1b: Amoonguss\n|-damage|p1b: Amoonguss|0 fnt\n|faint|p1b: Amoonguss\n|-ability|p2a: Calyrex|Chilling Neigh|boost\n|-boost|p2a: Calyrex|atk|1\n|\n|-weather|SunnyDay|[upkeep]\n|-heal|p2a: Calyrex|36/100|[from] item: Leftovers\n|-heal|p1a: Calyrex|38/100|[from] item: Leftovers\n|-damage|p1a: Calyrex|26/100|[from] Leech Seed|[of] p2a: Calyrex\n|-heal|p2a: Calyrex|48/100|[silent]\n|upkeep\n|inactive|Tweak69 has 5 seconds left this turn.\n|\n|t:|1776459023\n|switch|p1b: Kyogre|Kyogre, L50|71/100\n|-weather|RainDance|[from] ability: Drizzle|[of] p1b: Kyogre\n|turn|17\n|inactive|Tweak69 has 5 seconds left this turn.\n|\n|t:|1776459045\n|move|p2b: Koraidon|Low Kick|p1b: Kyogre\n|-damage|p1b: Kyogre|0 fnt\n|faint|p1b: Kyogre\n|move|p2a: Calyrex|Glacial Lance|p1a: Calyrex\n|-damage|p1a: Calyrex|0 fnt\n|faint|p1a: Calyrex\n|\n|win|shadowbtl\n|raw|Tweak69's rating: 1420 &rarr; <strong>1406</strong><br />(-14 for losing)\n|raw|shadowbtl's rating: 1531 &rarr; <strong>1545</strong><br />(+14 for winning)\n|l|\u2606shadowbtl\n|player|p2|\n|l|\u2606Tweak69\n|player|p1|\n","uploadtime":1776459194,"views":10,"formatid":"gen9vgc2026regi","rating":1406,"private":0,"password":null}