{"id":"gen9vgc2026regi-2557419543","format":"[Gen 9] VGC 2026 Reg I","players":["Erseo05","blackred123"],"log":"|j|\u2606Erseo05\n|j|\u2606blackred123\n|t:|1773324212\n|gametype|doubles\n|player|p1|Erseo05|lucas|1469\n|player|p2|blackred123|iono-masters|1421\n|gen|9\n|tier|[Gen 9] VGC 2026 Reg I\n|rated|\n|rule|Species Clause: Limit one of each Pok\u00e9mon\n|rule|Item Clause: Limit 1 of each item\n|clearpoke\n|poke|p1|Lunala, L50|\n|poke|p1|Indeedee-F, L50, F|\n|poke|p1|Calyrex-Ice, L50|\n|poke|p1|Raging Bolt, L50|\n|poke|p1|Brute Bonnet, L50|\n|poke|p1|Torkoal, L50, M|\n|poke|p2|Groudon, L50|\n|poke|p2|Volcarona, L50, M|\n|poke|p2|Incineroar, L50, M|\n|poke|p2|Miraidon, L50|\n|poke|p2|Flutter Mane, L50|\n|poke|p2|Chien-Pao, L50|\n|teampreview|4\n|inactive|Battle timer is ON: inactive players will automatically lose when time's up. (requested by blackred123)\n|inactive|Erseo05 has 60 seconds left.\n|\n|t:|1773324256\n|teamsize|p1|4\n|teamsize|p2|4\n|start\n|switch|p1a: Lunala|Lunala, L50|100/100\n|switch|p1b: Indeedee|Indeedee-F, L50, F|100/100\n|switch|p2a: \u6c38\u96cf\u5854\u83f2|Groudon, L50|100/100\n|switch|p2b: Chien-Pao|Chien-Pao, L50|100/100\n|-ability|p2b: Chien-Pao|Sword of Ruin\n|-weather|SunnyDay|[from] ability: Drought|[of] p2a: \u6c38\u96cf\u5854\u83f2\n|-fieldstart|move: Psychic Terrain|[from] ability: Psychic Surge|[of] p1b: Indeedee\n|turn|1\n|\n|t:|1773324269\n|move|p1b: Indeedee|Follow Me|p1b: Indeedee\n|-singleturn|p1b: Indeedee|move: Follow Me\n|move|p2b: Chien-Pao|Ice Spinner|p1b: Indeedee\n|-damage|p1b: Indeedee|29/100\n|-fieldend|move: Psychic Terrain\n|-enditem|p1b: Indeedee|Eject Button\n|-damage|p2b: Chien-Pao|91/100|[from] item: Life Orb\n|\n|t:|1773324277\n|switch|p1b: Brute Bonnet|Brute Bonnet, L50|100/100\n|-activate|p1b: Brute Bonnet|ability: Protosynthesis\n|-start|p1b: Brute Bonnet|protosynthesisatk\n|move|p2a: \u6c38\u96cf\u5854\u83f2|Precipice Blades|p1b: Brute Bonnet|[spread] p1a,p1b\n|-resisted|p1b: Brute Bonnet\n|-damage|p1a: Lunala|73/100\n|-damage|p1b: Brute Bonnet|72/100\n|move|p1a: Lunala|Trick Room|p1a: Lunala\n|-fieldstart|move: Trick Room|[of] p1a: Lunala\n|\n|-weather|SunnyDay|[upkeep]\n|-heal|p1a: Lunala|79/100|[from] item: Leftovers\n|upkeep\n|turn|2\n|\n|t:|1773324299\n|switch|p2a: \u94f6\u91d1\u7535\u86c7|Miraidon, L50, shiny|100/100\n|-fieldstart|move: Electric Terrain|[from] ability: Hadron Engine|[of] p2a: \u94f6\u91d1\u7535\u86c7\n|-terastallize|p1a: Lunala|Grass\n|move|p1b: Brute Bonnet|Spore|p2a: \u94f6\u91d1\u7535\u86c7\n|-activate|p2a: \u94f6\u91d1\u7535\u86c7|move: Electric Terrain\n|move|p1a: Lunala|Moonblast|p2b: Chien-Pao\n|-supereffective|p2b: Chien-Pao\n|-crit|p2b: Chien-Pao\n|-damage|p2b: Chien-Pao|0 fnt\n|faint|p2b: Chien-Pao\n|\n|-weather|SunnyDay|[upkeep]\n|-heal|p1a: Lunala|86/100|[from] item: Leftovers\n|upkeep\n|\n|t:|1773324320\n|switch|p2b: \u629b\u4e0b\u864e\u54e5\u5578\u7a74|Incineroar, L50, M|100/100\n|-ability|p2b: \u629b\u4e0b\u864e\u54e5\u5578\u7a74|Intimidate|boost\n|-unboost|p1a: Lunala|atk|1\n|-unboost|p1b: Brute Bonnet|atk|1\n|turn|3\n|\n|t:|1773324345\n|-end|p1b: Brute Bonnet|Protosynthesis|[silent]\n|switch|p1b: Indeedee|Indeedee-F, L50, F|29/100\n|-fieldstart|move: Psychic Terrain|[from] ability: Psychic Surge|[of] p1b: Indeedee\n|switch|p2a: \u6c38\u96cf\u5854\u83f2|Groudon, L50|100/100\n|move|p2b: \u629b\u4e0b\u864e\u54e5\u5578\u7a74|Flare Blitz|p1a: Lunala\n|-supereffective|p1a: Lunala\n|-damage|p1a: Lunala|0 fnt\n|faint|p1a: Lunala\n|-damage|p2b: \u629b\u4e0b\u864e\u54e5\u5578\u7a74|67/100|[from] Recoil\n|\n|-weather|SunnyDay|[upkeep]\n|upkeep\n|\n|t:|1773324357\n|switch|p1a: Torkoal|Torkoal, L50, M|100/100\n|turn|4\n|\n|t:|1773324366\n|switch|p1b: Brute Bonnet|Brute Bonnet, L50|72/100\n|-activate|p1b: Brute Bonnet|ability: Protosynthesis\n|-start|p1b: Brute Bonnet|protosynthesisatk\n|-terastallize|p2a: \u6c38\u96cf\u5854\u83f2|Fire\n|move|p1a: Torkoal|Eruption|p2b: \u629b\u4e0b\u864e\u54e5\u5578\u7a74|[spread] p2a,p2b\n|-resisted|p2a: \u6c38\u96cf\u5854\u83f2\n|-resisted|p2b: \u629b\u4e0b\u864e\u54e5\u5578\u7a74\n|-damage|p2a: \u6c38\u96cf\u5854\u83f2|70/100\n|-damage|p2b: \u629b\u4e0b\u864e\u54e5\u5578\u7a74|26/100\n|move|p2b: \u629b\u4e0b\u864e\u54e5\u5578\u7a74|Knock Off|p1a: Torkoal\n|-damage|p1a: Torkoal|72/100\n|-enditem|p1a: Torkoal|Charcoal|[from] move: Knock Off|[of] p2b: \u629b\u4e0b\u864e\u54e5\u5578\u7a74\n|move|p2a: \u6c38\u96cf\u5854\u83f2|Precipice Blades|p1b: Brute Bonnet|[spread] p1a,p1b\n|-supereffective|p1a: Torkoal\n|-resisted|p1b: Brute Bonnet\n|-damage|p1a: Torkoal|0 fnt\n|-damage|p1b: Brute Bonnet|51/100\n|faint|p1a: Torkoal\n|\n|-weather|SunnyDay|[upkeep]\n|upkeep\n|\n|t:|1773324374\n|switch|p1a: Indeedee|Indeedee-F, L50, F|29/100\n|turn|5\n|-message|Erseo05 forfeited.\n|\n|win|blackred123\n|raw|Erseo05's rating: 1469 &rarr; <strong>1446</strong><br />(-23 for losing)\n|raw|blackred123's rating: 1421 &rarr; <strong>1444</strong><br />(+23 for winning)\n|l|\u2606Erseo05\n|player|p1|\n","uploadtime":1773324645,"views":12,"formatid":"gen9vgc2026regi","rating":1444,"private":0,"password":null}