{"id":"gen9vgc2026regi-2543404103","format":"[Gen 9] VGC 2026 Reg I","players":["the1trueshrederr","501JFW"],"log":"|j|\u2606the1trueshrederr\n|j|\u2606501JFW\n|t:|1771567063\n|gametype|doubles\n|player|p1|the1trueshrederr|170|1352\n|player|p2|501JFW|169|1402\n|gen|9\n|tier|[Gen 9] VGC 2026 Reg I\n|rated|\n|rule|Species Clause: Limit one of each Pok\u00e9mon\n|rule|Item Clause: Limit 1 of each item\n|clearpoke\n|poke|p1|Giratina-Origin, L50|\n|poke|p1|Metagross, L50|\n|poke|p1|Whimsicott, L50, F|\n|poke|p1|Eternatus, L50|\n|poke|p1|Iron Hands, L50|\n|poke|p1|Chi-Yu, L50|\n|poke|p2|Kyogre, L50|\n|poke|p2|Calyrex-Ice, L50|\n|poke|p2|Amoonguss, L50, M|\n|poke|p2|Iron Jugulis, L50|\n|poke|p2|Urshifu-*, L50, F|\n|poke|p2|Indeedee-F, L50, F|\n|teampreview|4\n|inactive|Battle timer is ON: inactive players will automatically lose when time's up. (requested by 501JFW)\n|\n|t:|1771567093\n|teamsize|p1|4\n|teamsize|p2|4\n|start\n|switch|p1a: Iron Hands|Iron Hands, L50|100/100\n|switch|p1b: Whimsicott|Whimsicott, L50, F|100/100\n|switch|p2a: Calyrex|Calyrex-Ice, L50|100/100\n|switch|p2b: Indeedee|Indeedee-F, L50, F, shiny|100/100\n|-ability|p2a: Calyrex|As One\n|-ability|p2a: Calyrex|Unnerve\n|-fieldstart|move: Psychic Terrain|[from] ability: Psychic Surge|[of] p2b: Indeedee\n|-enditem|p2b: Indeedee|Psychic Seed\n|-boost|p2b: Indeedee|spd|1|[from] item: Psychic Seed\n|-enditem|p1a: Iron Hands|Booster Energy\n|-activate|p1a: Iron Hands|ability: Quark Drive|[fromitem]\n|-start|p1a: Iron Hands|quarkdriveatk\n|turn|1\n|inactive|the1trueshrederr has 30 seconds left.\n|\n|t:|1771567123\n|move|p1b: Whimsicott|Helping Hand|p1a: Iron Hands\n|-singleturn|p1a: Iron Hands|Helping Hand|[of] p1b: Whimsicott\n|move|p2b: Indeedee|Psychic|p1a: Iron Hands\n|-supereffective|p1a: Iron Hands\n|-crit|p1a: Iron Hands\n|-damage|p1a: Iron Hands|0 fnt\n|faint|p1a: Iron Hands\n|-end|p1a: Iron Hands|Quark Drive|[silent]\n|move|p2a: Calyrex|Swords Dance|p2a: Calyrex\n|-boost|p2a: Calyrex|atk|2\n|\n|upkeep\n|\n|t:|1771567137\n|switch|p1a: Giratina|Giratina-Origin, L50|100/100\n|turn|2\n|\n|t:|1771567149\n|-terastallize|p1a: Giratina|Steel\n|-terastallize|p2a: Calyrex|Grass\n|move|p1b: Whimsicott|Helping Hand|p1a: Giratina\n|-singleturn|p1a: Giratina|Helping Hand|[of] p1b: Whimsicott\n|move|p1a: Giratina|Iron Head|p2a: Calyrex\n|-damage|p2a: Calyrex|61/100\n|cant|p2a: Calyrex|flinch\n|move|p2b: Indeedee|Trick Room|p2b: Indeedee\n|-fieldstart|move: Trick Room|[of] p2b: Indeedee\n|\n|upkeep\n|turn|3\n|\n|t:|1771567173\n|move|p1a: Giratina|Protect|p1a: Giratina\n|-singleturn|p1a: Giratina|Protect\n|move|p1b: Whimsicott|Light Screen|p1b: Whimsicott\n|-sidestart|p1: the1trueshrederr|move: Light Screen\n|move|p2a: Calyrex|Glacial Lance|p1b: Whimsicott|[spread] p1b\n|-activate|p1a: Giratina|move: Protect\n|-supereffective|p1b: Whimsicott\n|-damage|p1b: Whimsicott|0 fnt\n|faint|p1b: Whimsicott\n|-ability|p2a: Calyrex|Chilling Neigh|boost\n|-boost|p2a: Calyrex|atk|1\n|move|p2b: Indeedee|Psychic|p1a: Giratina\n|-activate|p1a: Giratina|move: Protect\n|\n|upkeep\n|\n|t:|1771567187\n|switch|p1b: Eternatus|Eternatus, L50|100/100\n|-ability|p1b: Eternatus|Pressure\n|turn|4\n|\n|t:|1771567197\n|move|p1b: Eternatus|Protect|p1b: Eternatus\n|-singleturn|p1b: Eternatus|Protect\n|move|p2b: Indeedee|Follow Me|p2b: Indeedee\n|-singleturn|p2b: Indeedee|move: Follow Me\n|move|p2a: Calyrex|Glacial Lance|p1a: Giratina|[spread] p1a\n|-activate|p1b: Eternatus|move: Protect\n|-resisted|p1a: Giratina\n|-damage|p1a: Giratina|40/100\n|move|p1a: Giratina|Shadow Force||[still]\n|-prepare|p1a: Giratina|Shadow Force\n|\n|upkeep\n|turn|5\n|\n|t:|1771567212\n|move|p1b: Eternatus|Protect|p1b: Eternatus\n|-singleturn|p1b: Eternatus|Protect\n|move|p2b: Indeedee|Follow Me|p2b: Indeedee\n|-singleturn|p2b: Indeedee|move: Follow Me\n|move|p2a: Calyrex|Glacial Lance|p1a: Giratina|[spread] \n|-miss|p2a: Calyrex|p1a: Giratina\n|-activate|p1b: Eternatus|move: Protect\n|move|p1a: Giratina|Shadow Force|p2b: Indeedee|[from] lockedmove\n|-immune|p2b: Indeedee\n|\n|-fieldend|move: Psychic Terrain\n|upkeep\n|turn|6\n|\n|t:|1771567230\n|move|p2b: Indeedee|Helping Hand|p2a: Calyrex\n|-singleturn|p2a: Calyrex|Helping Hand|[of] p2b: Indeedee\n|move|p1a: Giratina|Protect|p1a: Giratina\n|-singleturn|p1a: Giratina|Protect\n|move|p2a: Calyrex|Glacial Lance|p1b: Eternatus|[spread] p1b\n|-activate|p1a: Giratina|move: Protect\n|-supereffective|p1b: Eternatus\n|-damage|p1b: Eternatus|0 fnt\n|faint|p1b: Eternatus\n|-ability|p2a: Calyrex|Chilling Neigh|boost\n|-boost|p2a: Calyrex|atk|1\n|\n|-fieldend|move: Trick Room\n|upkeep\n|turn|7\n|-message|the1trueshrederr forfeited.\n|\n|win|501JFW\n|raw|the1trueshrederr's rating: 1352 &rarr; <strong>1335</strong><br />(-17 for losing)\n|raw|501JFW's rating: 1402 &rarr; <strong>1419</strong><br />(+17 for winning)\n|l|\u2606the1trueshrederr\n|player|p1|\n|l|\u2606501JFW\n|player|p2|\n","uploadtime":1771567453,"views":12,"formatid":"gen9vgc2026regi","rating":1335,"private":0,"password":null}