{"id":"gen9vgc2026regi-2587613642","format":"[Gen 9] VGC 2026 Reg I","players":["castiel123","big_lenny99"],"log":"|j|\u2606castiel123\n|j|\u2606big_lenny99\n|t:|1776547037\n|gametype|doubles\n|player|p1|castiel123|169|1417\n|player|p2|big_lenny99|hilbert|1441\n|gen|9\n|tier|[Gen 9] VGC 2026 Reg I\n|rated|\n|rule|Species Clause: Limit one of each Pok\u00e9mon\n|rule|Item Clause: Limit 1 of each item\n|clearpoke\n|poke|p1|Zamazenta-*, L50|\n|poke|p1|Annihilape, L50, M|\n|poke|p1|Amoonguss, L50, M|\n|poke|p1|Terapagos, L50, M|\n|poke|p1|Chi-Yu, L50|\n|poke|p1|Whimsicott, L50, M|\n|poke|p2|Groudon, L50|\n|poke|p2|Amoonguss, L50, M|\n|poke|p2|Volcarona, L50, F|\n|poke|p2|Lunala, L50|\n|poke|p2|Incineroar, L50, M|\n|poke|p2|Whimsicott, L50, F|\n|teampreview|4\n|inactive|Battle timer is ON: inactive players will automatically lose when time's up. (requested by big_lenny99)\nbig_lenny99 rejected open team sheets.\n|\n|t:|1776547058\n|teamsize|p1|4\n|teamsize|p2|4\n|start\n|switch|p1a: Whimsicott|Whimsicott, L50, M|100/100\n|switch|p1b: Chi-Yu|Chi-Yu, L50|100/100\n|switch|p2a: Groudon|Groudon, L50|100/100\n|switch|p2b: Lunala|Lunala, L50|100/100\n|-ability|p1b: Chi-Yu|Beads of Ruin\n|-weather|SunnyDay|[from] ability: Drought|[of] p2a: Groudon\n|turn|1\n|\n|t:|1776547068\n|move|p2b: Lunala|Wide Guard|p2b: Lunala\n|-singleturn|p2b: Lunala|Wide Guard\n|move|p1a: Whimsicott|Tailwind|p1a: Whimsicott\n|-sidestart|p1: castiel123|move: Tailwind\n|move|p1b: Chi-Yu|Heat Wave|p2b: Lunala|[spread] \n|-activate|p2a: Groudon|move: Wide Guard\n|-activate|p2b: Lunala|move: Wide Guard\n|move|p2a: Groudon|Iron Head|p1b: Chi-Yu\n|-resisted|p1b: Chi-Yu\n|-damage|p1b: Chi-Yu|77/100\n|\n|-weather|SunnyDay|[upkeep]\n|upkeep\n|turn|2\n|\n|t:|1776547075\n|switch|p1b: Zamazenta|Zamazenta-Crowned, L50|100/100\n|-ability|p1b: Zamazenta|Dauntless Shield|boost\n|-boost|p1b: Zamazenta|def|1\n|move|p2b: Lunala|Wide Guard|p2b: Lunala\n|-singleturn|p2b: Lunala|Wide Guard\n|move|p1a: Whimsicott|Encore|p2b: Lunala\n|-start|p2b: Lunala|Encore\n|move|p2a: Groudon|Precipice Blades|p1a: Whimsicott|[spread] p1a,p1b\n|-resisted|p1a: Whimsicott\n|-supereffective|p1b: Zamazenta\n|-damage|p1a: Whimsicott|79/100\n|-damage|p1b: Zamazenta|60/100\n|\n|-weather|SunnyDay|[upkeep]\n|upkeep\n|turn|3\n|\n|t:|1776547100\n|switch|p2b: Incineroar|Incineroar, L50, M|100/100\n|-ability|p2b: Incineroar|Intimidate|boost\n|-unboost|p1a: Whimsicott|atk|1\n|-unboost|p1b: Zamazenta|atk|1\n|move|p1b: Zamazenta|Wide Guard|p1b: Zamazenta\n|-singleturn|p1b: Zamazenta|Wide Guard\n|move|p1a: Whimsicott|Encore|p2a: Groudon\n|-start|p2a: Groudon|Encore\n|move|p2a: Groudon|Precipice Blades|p1a: Whimsicott|[spread] \n|-activate|p1a: Whimsicott|move: Wide Guard\n|-activate|p1b: Zamazenta|move: Wide Guard\n|\n|-weather|SunnyDay|[upkeep]\n|upkeep\n|turn|4\n|\n|t:|1776547119\n|switch|p1a: Chi-Yu|Chi-Yu, L50|77/100\n|-ability|p1a: Chi-Yu|Beads of Ruin\n|switch|p2a: Lunala|Lunala, L50|100/100\n|move|p1b: Zamazenta|Wide Guard|p1b: Zamazenta\n|-singleturn|p1b: Zamazenta|Wide Guard\n|move|p2b: Incineroar|Fake Out|p1b: Zamazenta\n|-resisted|p1b: Zamazenta\n|-damage|p1b: Zamazenta|58/100\n|\n|-weather|SunnyDay|[upkeep]\n|-sideend|p1: castiel123|move: Tailwind\n|upkeep\n|turn|5\n|\n|t:|1776547135\n|-terastallize|p2a: Lunala|Fairy\n|move|p1b: Zamazenta|Body Press|p2b: Incineroar\n|-supereffective|p2b: Incineroar\n|-damage|p2b: Incineroar|0 fnt\n|faint|p2b: Incineroar\n|move|p1a: Chi-Yu|Dark Pulse|p2a: Lunala\n|-resisted|p2a: Lunala\n|-damage|p2a: Lunala|85/100\n|move|p2a: Lunala|Trick Room|p2a: Lunala\n|-fieldstart|move: Trick Room|[of] p2a: Lunala\n|\n|-weather|none\n|-heal|p2a: Lunala|91/100|[from] item: Leftovers\n|upkeep\n|\n|t:|1776547140\n|switch|p2b: Groudon|Groudon, L50|100/100\n|-weather|SunnyDay|[from] ability: Drought|[of] p2b: Groudon\n|turn|6\n|\n|t:|1776547145\n|move|p1b: Zamazenta|Wide Guard|p1b: Zamazenta\n|-singleturn|p1b: Zamazenta|Wide Guard\n|move|p2b: Groudon|Precipice Blades|p1a: Chi-Yu|[spread] \n|-activate|p1a: Chi-Yu|move: Wide Guard\n|-activate|p1b: Zamazenta|move: Wide Guard\n|move|p2a: Lunala|Moonblast|p1a: Chi-Yu\n|-damage|p1a: Chi-Yu|19/100\n|-unboost|p1a: Chi-Yu|spa|1\n|move|p1a: Chi-Yu|Dark Pulse|p2b: Groudon\n|-damage|p2b: Groudon|48/100\n|\n|-weather|SunnyDay|[upkeep]\n|-heal|p2a: Lunala|97/100|[from] item: Leftovers\n|upkeep\n|turn|7\n|\n|t:|1776547167\n|-terastallize|p1b: Zamazenta|Water\n|move|p2b: Groudon|Precipice Blades|p1a: Chi-Yu|[spread] p1a,p1b\n|-supereffective|p1a: Chi-Yu\n|-crit|p1a: Chi-Yu\n|-damage|p1a: Chi-Yu|0 fnt\n|-damage|p1b: Zamazenta|37/100\n|faint|p1a: Chi-Yu\n|move|p2a: Lunala|Moonblast|p1b: Zamazenta\n|-damage|p1b: Zamazenta|2/100\n|move|p1b: Zamazenta|Behemoth Bash|p2a: Lunala\n|-supereffective|p2a: Lunala\n|-damage|p2a: Lunala|55/100\n|\n|-weather|SunnyDay|[upkeep]\n|-heal|p2a: Lunala|61/100|[from] item: Leftovers\n|upkeep\n|\n|t:|1776547179\n|switch|p1a: Whimsicott|Whimsicott, L50, M|79/100\n|turn|8\n|\n|t:|1776547186\n|move|p1b: Zamazenta|Wide Guard|p1b: Zamazenta\n|-singleturn|p1b: Zamazenta|Wide Guard\n|move|p1a: Whimsicott|Encore|p2b: Groudon\n|-start|p2b: Groudon|Encore\n|move|p2b: Groudon|Precipice Blades|p1b: Zamazenta|[spread] \n|-activate|p1a: Whimsicott|move: Wide Guard\n|-activate|p1b: Zamazenta|move: Wide Guard\n|move|p2a: Lunala|Moonblast|p1b: Zamazenta\n|-damage|p1b: Zamazenta|0 fnt\n|faint|p1b: Zamazenta\n|\n|-weather|SunnyDay|[upkeep]\n|-heal|p2a: Lunala|67/100|[from] item: Leftovers\n|upkeep\n|\n|t:|1776547189\n|switch|p1b: Terapagos|Terapagos, L50, M|100/100\n|-activate|p1b: Terapagos|ability: Tera Shift\n|detailschange|p1b: Terapagos|Terapagos-Terastal, L50, M\n|-heal|p1b: Terapagos|100/100|[silent]\n|turn|9\n|\n|t:|1776547199\n|move|p2a: Lunala|Wide Guard|p2a: Lunala\n|-singleturn|p2a: Lunala|Wide Guard\n|move|p1b: Terapagos|Calm Mind|p1b: Terapagos\n|-boost|p1b: Terapagos|spa|1\n|-boost|p1b: Terapagos|spd|1\n|move|p2b: Groudon|Precipice Blades|p1b: Terapagos|[spread] p1a,p1b\n|-resisted|p1a: Whimsicott\n|-activate|p1b: Terapagos|ability: Tera Shell\n|-resisted|p1b: Terapagos\n|-damage|p1a: Whimsicott|57/100\n|-damage|p1b: Terapagos|85/100\n|move|p1a: Whimsicott|Moonblast|p2a: Lunala\n|-damage|p2a: Lunala|49/100\n|\n|-weather|SunnyDay|[upkeep]\n|-heal|p1b: Terapagos|91/100|[from] item: Leftovers\n|-heal|p2a: Lunala|55/100|[from] item: Leftovers\n|-fieldend|move: Trick Room\n|upkeep\n|turn|10\n|\n|t:|1776547208\n|move|p2a: Lunala|Wide Guard|p2a: Lunala\n|-singleturn|p2a: Lunala|Wide Guard\n|move|p1a: Whimsicott|Encore|p2a: Lunala\n|-start|p2a: Lunala|Encore\n|move|p2b: Groudon|Precipice Blades|p1a: Whimsicott|[spread] p1a,p1b\n|-resisted|p1a: Whimsicott\n|-damage|p1a: Whimsicott|36/100\n|-damage|p1b: Terapagos|58/100\n|move|p1b: Terapagos|Tera Starstorm|p2b: Groudon\n|-damage|p2b: Groudon|0 fnt\n|faint|p2b: Groudon\n|\n|-weather|none\n|-heal|p2a: Lunala|61/100|[from] item: Leftovers\n|-heal|p1b: Terapagos|64/100|[from] item: Leftovers\n|upkeep\n|\n|t:|1776547216\n|switch|p2b: Volcarona|Volcarona, L50, F|100/100\n|turn|11\n|\n|t:|1776547222\n|move|p2a: Lunala|Wide Guard|p2a: Lunala\n|-singleturn|p2a: Lunala|Wide Guard\n|move|p1a: Whimsicott|Tailwind|p1a: Whimsicott\n|-sidestart|p1: castiel123|move: Tailwind\n|move|p1b: Terapagos|Tera Starstorm|p2b: Volcarona\n|-damage|p2b: Volcarona|44/100\n|move|p2b: Volcarona|Struggle Bug|p1b: Terapagos|[spread] p1a,p1b\n|-crit|p1b: Terapagos\n|-damage|p1a: Whimsicott|11/100\n|-damage|p1b: Terapagos|42/100\n|-unboost|p1b: Terapagos|spa|1\n|-heal|p2b: Volcarona|49/100|[from] item: Shell Bell|[of] p1b: Terapagos\n|\n|-heal|p1b: Terapagos|48/100|[from] item: Leftovers\n|-heal|p2a: Lunala|67/100|[from] item: Leftovers\n|upkeep\n|turn|12\n|\n|t:|1776547238\n|move|p2a: Lunala|Wide Guard|p2a: Lunala\n|-singleturn|p2a: Lunala|Wide Guard\n|move|p1a: Whimsicott|Moonblast|p2b: Volcarona\n|-resisted|p2b: Volcarona\n|-damage|p2b: Volcarona|37/100\n|move|p1b: Terapagos|Tera Starstorm|p2b: Volcarona\n|-damage|p2b: Volcarona|0 fnt\n|faint|p2b: Volcarona\n|\n|-heal|p1b: Terapagos|53/100|[from] item: Leftovers\n|-heal|p2a: Lunala|73/100|[from] item: Leftovers\n|upkeep\n|turn|13\n|\n|t:|1776547248\n|move|p2a: Lunala|Wide Guard|p2a: Lunala\n|-singleturn|p2a: Lunala|Wide Guard\n|move|p1a: Whimsicott|Moonblast|p2a: Lunala\n|-damage|p2a: Lunala|56/100\n|move|p1b: Terapagos|Calm Mind|p1b: Terapagos\n|-boost|p1b: Terapagos|spa|1\n|-boost|p1b: Terapagos|spd|1\n|\n|-heal|p1b: Terapagos|59/100|[from] item: Leftovers\n|-heal|p2a: Lunala|62/100|[from] item: Leftovers\n|-end|p2a: Lunala|Encore\n|upkeep\n|turn|14\n|\n|t:|1776547252\n|move|p1a: Whimsicott|Encore|p2a: Lunala\n|-start|p2a: Lunala|Encore\n|move|p1b: Terapagos|Calm Mind|p1b: Terapagos\n|-boost|p1b: Terapagos|spa|1\n|-boost|p1b: Terapagos|spd|1\n|move|p2a: Lunala|Wide Guard||[still]\n|-fail|p2a: Lunala\n|\n|-heal|p1b: Terapagos|65/100|[from] item: Leftovers\n|-heal|p2a: Lunala|68/100|[from] item: Leftovers\n|-sideend|p1: castiel123|move: Tailwind\n|upkeep\n|turn|15\n|-message|big_lenny99 forfeited.\n|\n|win|castiel123\n|raw|castiel123's rating: 1417 &rarr; <strong>1438</strong><br />(+21 for winning)\n|raw|big_lenny99's rating: 1441 &rarr; <strong>1420</strong><br />(-21 for losing)\n|l|\u2606big_lenny99\n|player|p2|\n|l|\u2606castiel123\n|player|p1|\n","uploadtime":1776547452,"views":7,"formatid":"gen9vgc2026regi","rating":1420,"private":0,"password":null}