{"id":"gen9vgc2026regi-2549434791","format":"[Gen 9] VGC 2026 Reg I","players":["kojimuranishi","Lewissquire"],"log":"|j|\u2606kojimuranishi\n|j|\u2606Lewissquire\n|t:|1772366759\n|gametype|doubles\n|player|p1|kojimuranishi|102|1359\n|player|p2|Lewissquire|102|1340\n|gen|9\n|tier|[Gen 9] VGC 2026 Reg I\n|rated|\n|rule|Species Clause: Limit one of each Pok\u00e9mon\n|rule|Item Clause: Limit 1 of each item\n|clearpoke\n|poke|p1|Raging Bolt, L50|\n|poke|p1|Calyrex-Ice, L50|\n|poke|p1|Kyogre, L50|\n|poke|p1|Indeedee-F, L50, F|\n|poke|p1|Ursaluna, L50, F|\n|poke|p1|Torkoal, L50, F|\n|poke|p2|Miraidon, L50|\n|poke|p2|Calyrex-Ice, L50|\n|poke|p2|Incineroar, L50, F|\n|poke|p2|Urshifu-*, L50, F|\n|poke|p2|Amoonguss, L50, M|\n|poke|p2|Walking Wake, L50|\n|teampreview|4\n|inactive|Battle timer is ON: inactive players will automatically lose when time's up. (requested by kojimuranishi)\n|inactive|Lewissquire has 60 seconds left.\n|\n|t:|1772366809\n|teamsize|p1|4\n|teamsize|p2|4\n|start\n|switch|p1a: Indeedee|Indeedee-F, L50, F|100/100\n|switch|p1b: Kyogre|Kyogre, L50|100/100\n|switch|p2a: Urshifu|Urshifu, L50, F|100/100\n|switch|p2b: Miraidon|Miraidon, L50|100/100\n|-fieldstart|move: Electric Terrain|[from] ability: Hadron Engine|[of] p2b: Miraidon\n|-weather|RainDance|[from] ability: Drizzle|[of] p1b: Kyogre\n|-fieldstart|move: Psychic Terrain|[from] ability: Psychic Surge|[of] p1a: Indeedee\n|turn|1\n|\n|t:|1772366832\n|-terastallize|p1a: Indeedee|Fairy\n|move|p2b: Miraidon|Snarl|p1a: Indeedee|[spread] p1a,p1b\n|-resisted|p1a: Indeedee\n|-damage|p1a: Indeedee|93/100\n|-damage|p1b: Kyogre|88/100\n|-unboost|p1a: Indeedee|spa|1\n|-unboost|p1b: Kyogre|spa|1\n|move|p1b: Kyogre|Water Spout|p2a: Urshifu|[spread] p2a,p2b\n|-resisted|p2b: Miraidon\n|-damage|p2a: Urshifu|33/100\n|-damage|p2b: Miraidon|78/100\n|move|p2a: Urshifu|Wicked Blow|p1b: Kyogre\n|-crit|p1b: Kyogre\n|-damage|p1b: Kyogre|0 fnt\n|faint|p1b: Kyogre\n|move|p1a: Indeedee|Trick Room|p1a: Indeedee\n|-fieldstart|move: Trick Room|[of] p1a: Indeedee\n|\n|-weather|RainDance|[upkeep]\n|upkeep\n|\n|t:|1772366850\n|switch|p1b: Calyrex|Calyrex-Ice, L50|100/100\n|-ability|p1b: Calyrex|As One\n|-ability|p1b: Calyrex|Unnerve\n|turn|2\n|l|\u2606kojimuranishi\n|inactive|kojimuranishi disconnected and has a minute to reconnect!\n|player|p1|\n|inactive|Lewissquire has 30 seconds left.\n|\n|t:|1772366879\n|switch|p1a: Ursaluna|Ursaluna, L50, F|100/100\n|switch|p2a: Calyrex|Calyrex-Ice, L50|100/100\n|-ability|p2a: Calyrex|As One\n|-ability|p2a: Calyrex|Unnerve\n|move|p1b: Calyrex|Glacial Lance|p2b: Miraidon|[spread] p2a,p2b\n|-resisted|p2a: Calyrex\n|-supereffective|p2b: Miraidon\n|-damage|p2a: Calyrex|86/100\n|-damage|p2b: Miraidon|0 fnt\n|faint|p2b: Miraidon\n|-ability|p1b: Calyrex|Chilling Neigh|boost\n|-boost|p1b: Calyrex|atk|1\n|\n|-weather|RainDance|[upkeep]\n|-status|p1a: Ursaluna|brn|[from] item: Flame Orb\n|upkeep\n|j|\u2606kojimuranishi\n|inactive|kojimuranishi reconnected.\n|player|p1|kojimuranishi|102|\n|\n|t:|1772366898\n|switch|p2b: Walking Wake|Walking Wake, L50|100/100\n|-enditem|p2b: Walking Wake|Booster Energy\n|-activate|p2b: Walking Wake|ability: Protosynthesis|[fromitem]\n|-start|p2b: Walking Wake|protosynthesisspe\n|turn|3\n|inactive|Lewissquire has 30 seconds left.\n|\n|t:|1772366932\n|move|p1a: Ursaluna|Protect|p1a: Ursaluna\n|-singleturn|p1a: Ursaluna|Protect\n|move|p2b: Walking Wake|Protect|p2b: Walking Wake\n|-singleturn|p2b: Walking Wake|Protect\n|move|p2a: Calyrex|Glacial Lance|p1b: Calyrex|[spread] p1b\n|-activate|p1a: Ursaluna|move: Protect\n|-resisted|p1b: Calyrex\n|-damage|p1b: Calyrex|85/100\n|move|p1b: Calyrex|Glacial Lance|p2b: Walking Wake|[spread] p2a\n|-activate|p2b: Walking Wake|move: Protect\n|-resisted|p2a: Calyrex\n|-damage|p2a: Calyrex|64/100\n|\n|-weather|RainDance|[upkeep]\n|-heal|p1b: Calyrex|90/100|[from] item: Leftovers\n|-damage|p1a: Ursaluna|95/100 brn|[from] brn\n|upkeep\n|turn|4\n|inactive|Lewissquire has 30 seconds left.\n|\n|t:|1772366960\n|-terastallize|p2b: Walking Wake|Water\n|move|p1a: Ursaluna|Facade|p2a: Calyrex\n|-damage|p2a: Calyrex|0 fnt\n|faint|p2a: Calyrex\n|move|p1b: Calyrex|Glacial Lance|p2b: Walking Wake\n|-resisted|p2b: Walking Wake\n|-damage|p2b: Walking Wake|47/100\n|move|p2b: Walking Wake|Hydro Steam|p1b: Calyrex\n|-damage|p1b: Calyrex|48/100\n|\n|-weather|RainDance|[upkeep]\n|-heal|p1b: Calyrex|54/100|[from] item: Leftovers\n|-damage|p1a: Ursaluna|89/100 brn|[from] brn\n|upkeep\n|\n|t:|1772366973\n|switch|p2a: Urshifu|Urshifu, L50, F|33/100\n|turn|5\n|-message|Lewissquire forfeited.\n|\n|win|kojimuranishi\n|raw|kojimuranishi's rating: 1359 &rarr; <strong>1378</strong><br />(+19 for winning)\n|raw|Lewissquire's rating: 1340 &rarr; <strong>1321</strong><br />(-19 for losing)\n|l|\u2606Lewissquire\n|player|p2|\n|l|\u2606kojimuranishi\n|player|p1|\n","uploadtime":1772367122,"views":12,"formatid":"gen9vgc2026regi","rating":1321,"private":0,"password":null}