{"id":"gen9vgc2026regi-2564910645","format":"[Gen 9] VGC 2026 Reg I","players":["Jonen","Zen077"],"log":"|j|\u2606Jonen\n|j|\u2606Zen077\n|t:|1774209632\n|gametype|doubles\n|player|p1|Jonen|hiker-gen4|1468\n|player|p2|Zen077|265|1442\n|gen|9\n|tier|[Gen 9] VGC 2026 Reg I\n|rated|\n|rule|Species Clause: Limit one of each Pok\u00e9mon\n|rule|Item Clause: Limit 1 of each item\n|clearpoke\n|poke|p1|Groudon, L50|\n|poke|p1|Lunala, L50|\n|poke|p1|Sableye, L50, F|\n|poke|p1|Chi-Yu, L50|\n|poke|p1|Rillaboom, L50, M|\n|poke|p1|Jumpluff, L50, M|\n|poke|p2|Incineroar, L50, M|\n|poke|p2|Grimmsnarl, L50, M|\n|poke|p2|Urshifu-*, L50, M|\n|poke|p2|Ursaluna, L50, F|\n|poke|p2|Miraidon, L50|\n|poke|p2|Lunala, L50|\n|teampreview|4\n|inactive|Battle timer is ON: inactive players will automatically lose when time's up. (requested by Zen077)\n|\n|t:|1774209648\n|teamsize|p1|4\n|teamsize|p2|4\n|start\n|switch|p1a: Groudon|Groudon, L50|100/100\n|switch|p1b: Sableye|Sableye, L50, F|100/100\n|switch|p2a: Grimmsnarl|Grimmsnarl, L50, M|100/100\n|switch|p2b: Miraidon|Miraidon, L50|100/100\n|-fieldstart|move: Electric Terrain|[from] ability: Hadron Engine|[of] p2b: Miraidon\n|-weather|SunnyDay|[from] ability: Drought|[of] p1a: Groudon\n|turn|1\n|\n|t:|1774209658\n|move|p2a: Grimmsnarl|Reflect|p2a: Grimmsnarl\n|-sidestart|p2: Zen077|Reflect\n|move|p1b: Sableye|Quash|p2b: Miraidon\n|-activate|p2b: Miraidon|move: Quash\n|move|p1a: Groudon|Precipice Blades|p2a: Grimmsnarl|[spread] p2b\n|-miss|p1a: Groudon|p2a: Grimmsnarl\n|-supereffective|p2b: Miraidon\n|-damage|p2b: Miraidon|23/100\n|-damage|p1a: Groudon|91/100|[from] item: Life Orb\n|move|p2b: Miraidon|Volt Switch|p1b: Sableye\n|-enditem|p1b: Sableye|Focus Sash\n|-damage|p1b: Sableye|1/100\n|\n|t:|1774209664\n|switch|p2b: Lunala|Lunala, L50|100/100|[from] Volt Switch\n|-enditem|p2b: Lunala|Electric Seed\n|-boost|p2b: Lunala|def|1|[from] item: Electric Seed\n|\n|-weather|SunnyDay|[upkeep]\n|upkeep\n|turn|2\n|inactive|Jonen has 30 seconds left.\n|\n|t:|1774209698\n|switch|p1b: Rillaboom|Rillaboom, L50, M|100/100\n|-fieldstart|move: Grassy Terrain|[from] ability: Grassy Surge|[of] p1b: Rillaboom\n|move|p1a: Groudon|Substitute|p1a: Groudon\n|-start|p1a: Groudon|Substitute\n|-damage|p1a: Groudon|66/100\n|move|p2b: Lunala|Moongeist Beam|p1a: Groudon\n|-end|p1a: Groudon|Substitute\n|move|p2a: Grimmsnarl|Spirit Break|p1b: Rillaboom\n|-damage|p1b: Rillaboom|73/100\n|-unboost|p1b: Rillaboom|spa|1\n|\n|-weather|SunnyDay|[upkeep]\n|-heal|p1a: Groudon|72/100|[from] Grassy Terrain\n|-heal|p1b: Rillaboom|79/100|[from] Grassy Terrain\n|upkeep\n|turn|3\n|inactive|Zen077 has 30 seconds left.\n|\n|t:|1774209730\n|move|p1a: Groudon|Protect|p1a: Groudon\n|-singleturn|p1a: Groudon|Protect\n|move|p2b: Lunala|Moongeist Beam|p1a: Groudon\n|-activate|p1a: Groudon|move: Protect\n|move|p1b: Rillaboom|U-turn|p2b: Lunala\n|-damage|p2b: Lunala|97/100\n|\n|t:|1774209738\n|switch|p1b: Lunala|Lunala, L50|100/100|[from] U-turn\n|move|p2a: Grimmsnarl|Spirit Break|p1a: Groudon\n|-activate|p1a: Groudon|move: Protect\n|\n|-weather|SunnyDay|[upkeep]\n|-heal|p1a: Groudon|78/100|[from] Grassy Terrain\n|-heal|p2b: Lunala|100/100|[from] Grassy Terrain\n|upkeep\n|turn|4\n|\n|t:|1774209750\n|move|p1b: Lunala|Moongeist Beam|p2b: Lunala\n|-supereffective|p2b: Lunala\n|-damage|p2b: Lunala|14/100\n|move|p1a: Groudon|Precipice Blades|p2b: Lunala|[spread] p2a,p2b\n|-damage|p2a: Grimmsnarl|46/100\n|-damage|p2b: Lunala|0 fnt\n|faint|p2b: Lunala\n|-damage|p1a: Groudon|68/100|[from] item: Life Orb\n|move|p2a: Grimmsnarl|Spirit Break|p1b: Lunala\n|-damage|p1b: Lunala|86/100\n|-unboost|p1b: Lunala|spa|1\n|\n|-weather|SunnyDay|[upkeep]\n|-heal|p1b: Lunala|92/100|[from] Grassy Terrain\n|-heal|p1a: Groudon|74/100|[from] Grassy Terrain\n|-heal|p2a: Grimmsnarl|52/100|[from] Grassy Terrain\n|upkeep\n|\n|t:|1774209757\n|switch|p2b: Miraidon|Miraidon, L50|23/100\n|-fieldstart|move: Electric Terrain|[from] ability: Hadron Engine|[of] p2b: Miraidon\n|turn|5\n|\n|t:|1774209780\n|move|p1a: Groudon|Protect|p1a: Groudon\n|-singleturn|p1a: Groudon|Protect\n|move|p2a: Grimmsnarl|Light Screen|p2a: Grimmsnarl\n|-sidestart|p2: Zen077|move: Light Screen\n|move|p1b: Lunala|Meteor Beam||[still]\n|-prepare|p1b: Lunala|Meteor Beam\n|-boost|p1b: Lunala|spa|1\n|-enditem|p1b: Lunala|Power Herb\n|-anim|p1b: Lunala|Meteor Beam|p2a: Grimmsnarl\n|-damage|p2a: Grimmsnarl|26/100\n|move|p2b: Miraidon|Draco Meteor|p1a: Groudon\n|-activate|p1a: Groudon|move: Protect\n|\n|-weather|none\n|upkeep\n|turn|6\n|\n|t:|1774209805\n|switch|p1a: Rillaboom|Rillaboom, L50, M|79/100\n|-fieldstart|move: Grassy Terrain|[from] ability: Grassy Surge|[of] p1a: Rillaboom\n|move|p1b: Lunala|Moongeist Beam|p2b: Miraidon\n|-damage|p2b: Miraidon|5/100\n|move|p2b: Miraidon|Electro Drift|p1b: Lunala\n|-damage|p1b: Lunala|45/100\n|move|p2a: Grimmsnarl|Spirit Break|p1b: Lunala\n|-damage|p1b: Lunala|19/100\n|-unboost|p1b: Lunala|spa|1\n|\n|-heal|p1b: Lunala|25/100|[from] Grassy Terrain\n|-heal|p2b: Miraidon|11/100|[from] Grassy Terrain\n|-heal|p1a: Rillaboom|85/100|[from] Grassy Terrain\n|-heal|p2a: Grimmsnarl|32/100|[from] Grassy Terrain\n|upkeep\n|turn|7\n|inactive|Jonen has 30 seconds left.\n|inactive|Zen077 has 30 seconds left.\n|inactive|Zen077 has 20 seconds left.\n|\n|t:|1774209843\n|switch|p2b: Ursaluna|Ursaluna, L50, F|100/100\n|move|p2a: Grimmsnarl|Thunder Wave|p1a: Rillaboom\n|-status|p1a: Rillaboom|par\n|move|p1b: Lunala|Moongeist Beam|p2b: Ursaluna\n|-immune|p2b: Ursaluna\n|move|p1a: Rillaboom|U-turn|p2a: Grimmsnarl\n|-damage|p2a: Grimmsnarl|16/100\n|\n|t:|1774209852\n|switch|p1a: Groudon|Groudon, L50|74/100|[from] U-turn\n|-weather|SunnyDay|[from] ability: Drought|[of] p1a: Groudon\n|\n|-weather|SunnyDay|[upkeep]\n|-heal|p1b: Lunala|31/100|[from] Grassy Terrain\n|-heal|p1a: Groudon|79/100|[from] Grassy Terrain\n|-heal|p2a: Grimmsnarl|22/100|[from] Grassy Terrain\n|-status|p2b: Ursaluna|brn|[from] item: Flame Orb\n|upkeep\n|turn|8\n|\n|t:|1774209877\n|move|p1a: Groudon|Protect|p1a: Groudon\n|-singleturn|p1a: Groudon|Protect\n|move|p2a: Grimmsnarl|Thunder Wave|p1b: Lunala|[miss]\n|-miss|p2a: Grimmsnarl|p1b: Lunala\n|move|p1b: Lunala|Moongeist Beam|p2a: Grimmsnarl\n|-resisted|p2a: Grimmsnarl\n|-damage|p2a: Grimmsnarl|12/100\n|move|p2b: Ursaluna|Earthquake|p1b: Lunala|[spread] p2a,p1b\n|-activate|p1a: Groudon|move: Protect\n|-damage|p2a: Grimmsnarl|0 fnt\n|-damage|p1b: Lunala|0 fnt\n|faint|p2a: Grimmsnarl\n|faint|p1b: Lunala\n|\n|-weather|SunnyDay|[upkeep]\n|-heal|p1a: Groudon|85/100|[from] Grassy Terrain\n|-damage|p2b: Ursaluna|95/100 brn|[from] brn\n|-sideend|p2: Zen077|Reflect\n|upkeep\n|\n|t:|1774209891\n|switch|p1b: Sableye|Sableye, L50, F|1/100\n|switch|p2a: Miraidon|Miraidon, L50|11/100\n|-fieldstart|move: Electric Terrain|[from] ability: Hadron Engine|[of] p2a: Miraidon\n|turn|9\n|\n|t:|1774209912\n|move|p1b: Sableye|Quash|p2a: Miraidon\n|-activate|p2a: Miraidon|move: Quash\n|move|p1a: Groudon|Precipice Blades|p2a: Miraidon|[spread] p2a,p2b\n|-supereffective|p2a: Miraidon\n|-damage|p2a: Miraidon|0 fnt\n|-damage|p2b: Ursaluna|44/100 brn\n|faint|p2a: Miraidon\n|-damage|p1a: Groudon|75/100|[from] item: Life Orb\n|move|p2b: Ursaluna|Facade|p1a: Groudon\n|-crit|p1a: Groudon\n|-damage|p1a: Groudon|0 fnt\n|faint|p1a: Groudon\n|\n|-weather|SunnyDay|[upkeep]\n|-damage|p2b: Ursaluna|38/100 brn|[from] brn\n|upkeep\n|\n|t:|1774209920\n|switch|p1a: Rillaboom|Rillaboom, L50, M|85/100 par\n|-fieldstart|move: Grassy Terrain|[from] ability: Grassy Surge|[of] p1a: Rillaboom\n|turn|10\n|\n|t:|1774209934\n|-terastallize|p2b: Ursaluna|Ghost\n|move|p1b: Sableye|Disable|p2b: Ursaluna\n|-start|p2b: Ursaluna|Disable|Facade\n|move|p1a: Rillaboom|Wood Hammer|p2b: Ursaluna\n|-damage|p2b: Ursaluna|0 fnt\n|faint|p2b: Ursaluna\n|-damage|p1a: Rillaboom|72/100 par|[from] Recoil\n|\n|win|Jonen\n|raw|Jonen's rating: 1468 &rarr; <strong>1487</strong><br />(+19 for winning)\n|raw|Zen077's rating: 1442 &rarr; <strong>1423</strong><br />(-19 for losing)\n|l|\u2606Zen077\n|player|p2|\n|l|\u2606Jonen\n|player|p1|\n","uploadtime":1774209934,"views":11,"formatid":"gen9vgc2026regi","rating":1423,"private":0,"password":null}