{"id":"gen9vgc2026regi-2576790152","format":"[Gen 9] VGC 2026 Reg I","players":["Ceraida","ScribbleScribble"],"log":"|j|\u2606Ceraida\n|j|\u2606ScribbleScribble\n|t:|1775505907\n|gametype|doubles\n|player|p1|Ceraida|veteran|1481\n|player|p2|ScribbleScribble|mina-lgpe|1684\n|gen|9\n|tier|[Gen 9] VGC 2026 Reg I\n|rated|\n|rule|Species Clause: Limit one of each Pok\u00e9mon\n|rule|Item Clause: Limit 1 of each item\n|clearpoke\n|poke|p1|Calyrex-Shadow, L50|\n|poke|p1|Koraidon, L50|\n|poke|p1|Indeedee-F, L50, F|\n|poke|p1|Brute Bonnet, L50|\n|poke|p1|Sneasler, L50, F|\n|poke|p1|Chi-Yu, L50|\n|poke|p2|Calyrex-Ice, L50|\n|poke|p2|Kyogre, L50|\n|poke|p2|Tornadus, L50, M|\n|poke|p2|Indeedee-F, L50, F|\n|poke|p2|Urshifu-*, L50, M|\n|poke|p2|Landorus, L50, M|\n|teampreview|4\n|inactive|Battle timer is ON: inactive players will automatically lose when time's up. (requested by ScribbleScribble)\n|inactive|Ceraida has 60 seconds left.\n|\n|t:|1775505948\n|teamsize|p1|4\n|teamsize|p2|4\n|start\n|switch|p1a: Calyrex|Calyrex-Shadow, L50|100/100\n|switch|p1b: Brute Bonnet|Brute Bonnet, L50|100/100\n|switch|p2a: Tornadus|Tornadus, L50, M|100/100\n|switch|p2b: Calyrex|Calyrex-Ice, L50|100/100\n|-ability|p1a: Calyrex|As One\n|-ability|p1a: Calyrex|Unnerve\n|-ability|p2b: Calyrex|As One\n|-ability|p2b: Calyrex|Unnerve\n|turn|1\n|\n|t:|1775505965\n|-terastallize|p2b: Calyrex|Grass\n|-terastallize|p1b: Brute Bonnet|Water\n|move|p1a: Calyrex|Protect|p1a: Calyrex\n|-singleturn|p1a: Calyrex|Protect\n|move|p2a: Tornadus|Tailwind|p2a: Tornadus\n|-sidestart|p2: ScribbleScribble|move: Tailwind\n|move|p2b: Calyrex|Glacial Lance|p1a: Calyrex|[spread] p1b\n|-activate|p1a: Calyrex|move: Protect\n|-resisted|p1b: Brute Bonnet\n|-damage|p1b: Brute Bonnet|84/100\n|move|p1b: Brute Bonnet|Spore|p2a: Tornadus\n|-status|p2a: Tornadus|slp|[from] move: Spore\n|\n|upkeep\n|turn|2\n|\n|t:|1775505980\n|switch|p2a: Indeedee|Indeedee-F, L50, F, shiny|100/100\n|-fieldstart|move: Psychic Terrain|[from] ability: Psychic Surge|[of] p2a: Indeedee\n|-enditem|p2a: Indeedee|Psychic Seed\n|-boost|p2a: Indeedee|spd|1|[from] item: Psychic Seed\n|move|p1b: Brute Bonnet|Sucker Punch|p2b: Calyrex\n|-activate|p2b: Calyrex|move: Psychic Terrain\n|move|p2b: Calyrex|Glacial Lance|p1b: Brute Bonnet|[spread] p1a,p1b\n|-resisted|p1b: Brute Bonnet\n|-damage|p1a: Calyrex|32/100\n|-damage|p1b: Brute Bonnet|66/100\n|move|p1a: Calyrex|Astral Barrage|p2b: Calyrex|[spread] p2b\n|-immune|p2a: Indeedee\n|-damage|p2b: Calyrex|43/100\n|-damage|p1a: Calyrex|22/100|[from] item: Life Orb\n|\n|upkeep\n|turn|3\n|\n|t:|1775506006\n|switch|p2a: Tornadus|Tornadus, L50, M|100/100 slp\n|move|p1a: Calyrex|Protect|p1a: Calyrex\n|-singleturn|p1a: Calyrex|Protect\n|move|p2b: Calyrex|Seed Bomb|p1b: Brute Bonnet\n|-supereffective|p1b: Brute Bonnet\n|-damage|p1b: Brute Bonnet|3/100\n|move|p1b: Brute Bonnet|Spore|p2a: Tornadus\n|-fail|p2a: Tornadus|slp\n|\n|upkeep\n|turn|4\n|\n|t:|1775506018\n|switch|p1a: Sneasler|Sneasler, L50, F|100/100\n|-enditem|p1a: Sneasler|Psychic Seed\n|-boost|p1a: Sneasler|spd|1|[from] item: Psychic Seed\n|move|p1b: Brute Bonnet|Sucker Punch|p2a: Tornadus\n|-hint|Psychic Terrain doesn't affect airborne Pok\u00e9mon.\n|-damage|p2a: Tornadus|50/100 slp\n|cant|p2a: Tornadus|slp\n|move|p2b: Calyrex|Glacial Lance|p1b: Brute Bonnet|[spread] p1a,p1b\n|-resisted|p1b: Brute Bonnet\n|-damage|p1a: Sneasler|19/100\n|-damage|p1b: Brute Bonnet|0 fnt\n|faint|p1b: Brute Bonnet\n|-end|p1b: Brute Bonnet|Protosynthesis|[silent]\n|-ability|p2b: Calyrex|Chilling Neigh|boost\n|-boost|p2b: Calyrex|atk|1\n|\n|-sideend|p2: ScribbleScribble|move: Tailwind\n|upkeep\n|\n|t:|1775506022\n|switch|p1b: Koraidon|Koraidon, L50|100/100\n|-weather|SunnyDay|[from] ability: Orichalcum Pulse|[of] p1b: Koraidon\n|-activate|p1b: Koraidon|Orichalcum Pulse|[source]\n|turn|5\n|inactive|Ceraida has 30 seconds left.\n|\n|t:|1775506055\n|-curestatus|p2a: Tornadus|slp|[msg]\n|move|p2a: Tornadus|Tailwind|p2a: Tornadus\n|-sidestart|p2: ScribbleScribble|move: Tailwind\n|move|p1a: Sneasler|Dire Claw|p2b: Calyrex\n|-supereffective|p2b: Calyrex\n|-damage|p2b: Calyrex|0 fnt\n|faint|p2b: Calyrex\n|move|p1b: Koraidon|Flame Charge|p2a: Tornadus\n|-damage|p2a: Tornadus|0 fnt\n|-boost|p1b: Koraidon|spe|1\n|faint|p2a: Tornadus\n|\n|-weather|SunnyDay|[upkeep]\n|upkeep\n|\n|t:|1775506061\n|switch|p2a: Kyogre|Kyogre, L50|100/100\n|switch|p2b: Indeedee|Indeedee-F, L50, F, shiny|100/100\n|-weather|RainDance|[from] ability: Drizzle|[of] p2a: Kyogre\n|turn|6\n|\n|t:|1775506074\n|move|p1a: Sneasler|Protect|p1a: Sneasler\n|-singleturn|p1a: Sneasler|Protect\n|move|p1b: Koraidon|Protect|p1b: Koraidon\n|-singleturn|p1b: Koraidon|Protect\n|move|p2b: Indeedee|Follow Me|p2b: Indeedee\n|-singleturn|p2b: Indeedee|move: Follow Me\n|move|p2a: Kyogre|Water Spout|p1a: Sneasler|[spread] \n|-activate|p1a: Sneasler|move: Protect\n|-activate|p1b: Koraidon|move: Protect\n|\n|-weather|RainDance|[upkeep]\n|-fieldend|move: Psychic Terrain\n|upkeep\n|turn|7\n|inactive|ScribbleScribble has 30 seconds left.\n|inactive|ScribbleScribble has 20 seconds left.\n|l|\u2606ScribbleScribble\n|inactive|ScribbleScribble disconnected and has a minute to reconnect!\n|player|p2|\n|inactive|ScribbleScribble has 15 seconds left.\n|inactive|ScribbleScribble has 10 seconds left.\n|inactive|ScribbleScribble has 5 seconds left.\n|-message|ScribbleScribble lost due to inactivity.\n|\n|win|Ceraida\n|raw|Ceraida's rating: 1481 &rarr; <strong>1512</strong><br />(+31 for winning)\n|raw|ScribbleScribble's rating: 1684 &rarr; <strong>1653</strong><br />(-31 for losing)\n|j|\u2606ScribbleScribble\n|player|p2|ScribbleScribble|mina-lgpe|\n|l|\u2606ScribbleScribble\n|player|p2|\n|j|\u2606ScribbleScribble\n|player|p2|ScribbleScribble|mina-lgpe|\n|l|\u2606ScribbleScribble\n|player|p2|\n","uploadtime":1775506300,"views":8,"formatid":"gen9vgc2026regi","rating":1512,"private":0,"password":null}