{"id":"gen9vgc2026regi-2555055612","format":"[Gen 9] VGC 2026 Reg I","players":["shangenb5","drive stone"],"log":"|j|\u2606shangenb5\n|j|\u2606drive stone\n|t:|1773051329\n|gametype|doubles\n|player|p1|shangenb5|265|1426\n|player|p2|drive stone|cilan|1474\n|gen|9\n|tier|[Gen 9] VGC 2026 Reg I\n|rated|\n|rule|Species Clause: Limit one of each Pok\u00e9mon\n|rule|Item Clause: Limit 1 of each item\n|clearpoke\n|poke|p1|Miraidon, L50|\n|poke|p1|Groudon, L50|\n|poke|p1|Walking Wake, L50|\n|poke|p1|Grimmsnarl, L50, M|\n|poke|p1|Incineroar, L50, F|\n|poke|p1|Volcarona, L50, M|\n|poke|p2|Calyrex-Ice, L50|\n|poke|p2|Ho-Oh, L50|\n|poke|p2|Overqwil, L50, M|\n|poke|p2|Rillaboom, L50, F|\n|poke|p2|Ting-Lu, L50|\n|poke|p2|Ogerpon-Wellspring, L50, F|\n|teampreview|4\n|inactive|Battle timer is ON: inactive players will automatically lose when time's up. (requested by shangenb5)\n|inactive|shangenb5 has 60 seconds left.\n|inactive|drive stone has 60 seconds left.\n|\n|t:|1773051379\n|teamsize|p1|4\n|teamsize|p2|4\n|start\n|switch|p1a: Incineroar|Incineroar, L50, F|100/100\n|switch|p1b: Miraidon|Miraidon, L50, shiny|100/100\n|switch|p2a: Calyrex|Calyrex-Ice, L50|100/100\n|switch|p2b: Overqwil|Overqwil, L50, M|100/100\n|-ability|p2a: Calyrex|As One\n|-ability|p2a: Calyrex|Unnerve\n|-fieldstart|move: Electric Terrain|[from] ability: Hadron Engine|[of] p1b: Miraidon\n|-ability|p2b: Overqwil|Intimidate|boost\n|-unboost|p1a: Incineroar|atk|1\n|-unboost|p1b: Miraidon|atk|1\n|-ability|p1a: Incineroar|Intimidate|boost\n|-unboost|p2a: Calyrex|atk|1\n|-unboost|p2b: Overqwil|atk|1\n|turn|1\n|inactive|shangenb5 has 30 seconds left.\n|\n|t:|1773051408\n|move|p2b: Overqwil|Protect|p2b: Overqwil\n|-singleturn|p2b: Overqwil|Protect\n|move|p2a: Calyrex|Protect|p2a: Calyrex\n|-singleturn|p2a: Calyrex|Protect\n|move|p1a: Incineroar|Fake Out|p2a: Calyrex\n|-activate|p2a: Calyrex|move: Protect\n|move|p1b: Miraidon|Volt Switch|p2b: Overqwil\n|-activate|p2b: Overqwil|move: Protect\n|\n|upkeep\n|turn|2\n|\n|t:|1773051423\n|switch|p2b: Ting-Lu|Ting-Lu, L50|100/100\n|-ability|p2b: Ting-Lu|Vessel of Ruin\n|move|p1b: Miraidon|Volt Switch|p2a: Calyrex\n|-damage|p2a: Calyrex|58/100\n|-damage|p1b: Miraidon|91/100|[from] item: Life Orb\n|\n|t:|1773051433\n|switch|p1b: Volcarona|Volcarona, L50, M|100/100|[from] Volt Switch\n|move|p1a: Incineroar|Knock Off|p2a: Calyrex\n|-supereffective|p2a: Calyrex\n|-damage|p2a: Calyrex|29/100\n|-enditem|p2a: Calyrex|Leftovers|[from] move: Knock Off|[of] p1a: Incineroar\n|move|p2a: Calyrex|Trick Room|p2a: Calyrex\n|-fieldstart|move: Trick Room|[of] p2a: Calyrex\n|\n|upkeep\n|turn|3\n|\n|t:|1773051453\n|switch|p2a: Ho-Oh|Ho-Oh, L50|100/100\n|move|p1b: Volcarona|Protect|p1b: Volcarona\n|-singleturn|p1b: Volcarona|Protect\n|move|p2b: Ting-Lu|Earthquake|p1a: Incineroar|[spread] p1a\n|-activate|p1b: Volcarona|move: Protect\n|-immune|p2a: Ho-Oh\n|-supereffective|p1a: Incineroar\n|-damage|p1a: Incineroar|4/100\n|move|p1a: Incineroar|U-turn|p2b: Ting-Lu\n|-supereffective|p2b: Ting-Lu\n|-damage|p2b: Ting-Lu|84/100\n|\n|t:|1773051468\n|switch|p1a: Miraidon|Miraidon, L50, shiny|91/100|[from] U-turn\n|-activate|p1a: Miraidon|ability: Hadron Engine\n|\n|upkeep\n|turn|4\n|\n|t:|1773051479\n|switch|p1b: Incineroar|Incineroar, L50, F|4/100\n|-ability|p1b: Incineroar|Intimidate|boost\n|-unboost|p2a: Ho-Oh|atk|1\n|-unboost|p2b: Ting-Lu|atk|1\n|move|p1a: Miraidon|Protect|p1a: Miraidon\n|-singleturn|p1a: Miraidon|Protect\n|move|p2b: Ting-Lu|Earthquake|p1a: Miraidon|[spread] p1b\n|-activate|p1a: Miraidon|move: Protect\n|-immune|p2a: Ho-Oh\n|-supereffective|p1b: Incineroar\n|-damage|p1b: Incineroar|0 fnt\n|faint|p1b: Incineroar\n|move|p2a: Ho-Oh|Sacred Fire|p1a: Miraidon\n|-activate|p1a: Miraidon|move: Protect\n|\n|upkeep\n|\n|t:|1773051500\n|switch|p1b: Volcarona|Volcarona, L50, M|100/100\n|turn|5\n|\n|t:|1773051524\n|switch|p1a: Groudon|Groudon, L50|100/100\n|-weather|SunnyDay|[from] ability: Drought|[of] p1a: Groudon\n|-terastallize|p1b: Volcarona|Grass\n|move|p2b: Ting-Lu|Earthquake|p1b: Volcarona|[spread] p1a,p1b\n|-immune|p2a: Ho-Oh\n|-resisted|p1b: Volcarona\n|-damage|p1a: Groudon|77/100\n|-damage|p1b: Volcarona|75/100\n|move|p2a: Ho-Oh|Sacred Fire|p1a: Groudon\n|-damage|p1a: Groudon|46/100\n|move|p1b: Volcarona|Quiver Dance|p1b: Volcarona\n|-boost|p1b: Volcarona|spa|1\n|-boost|p1b: Volcarona|spd|1\n|-boost|p1b: Volcarona|spe|1\n|\n|-weather|SunnyDay|[upkeep]\n|-heal|p1b: Volcarona|81/100|[from] item: Leftovers\n|-fieldend|move: Electric Terrain\n|upkeep\n|turn|6\n|inactive|shangenb5 has 30 seconds left.\n|\n|t:|1773051556\n|move|p1a: Groudon|Protect|p1a: Groudon\n|-singleturn|p1a: Groudon|Protect\n|move|p1b: Volcarona|Protect|p1b: Volcarona\n|-singleturn|p1b: Volcarona|Protect\n|move|p2b: Ting-Lu|Earthquake|p1a: Groudon|[spread] \n|-activate|p1a: Groudon|move: Protect\n|-activate|p1b: Volcarona|move: Protect\n|-immune|p2a: Ho-Oh\n|move|p2a: Ho-Oh|Whirlwind|p1b: Volcarona\n|drag|p1b: Miraidon|Miraidon, L50, shiny|91/100\n|-fieldstart|move: Electric Terrain|[from] ability: Hadron Engine|[of] p1b: Miraidon\n|\n|-weather|SunnyDay|[upkeep]\n|-fieldend|move: Trick Room\n|upkeep\n|turn|7\n|\n|t:|1773051579\n|move|p2a: Ho-Oh|Protect|p2a: Ho-Oh\n|-singleturn|p2a: Ho-Oh|Protect\n|move|p1b: Miraidon|Electro Drift|p2a: Ho-Oh\n|-activate|p2a: Ho-Oh|move: Protect\n|move|p1a: Groudon|Heat Crash|p2a: Ho-Oh\n|-activate|p2a: Ho-Oh|move: Protect\n|move|p2b: Ting-Lu|Earthquake|p1b: Miraidon|[spread] p1a,p1b\n|-activate|p2a: Ho-Oh|move: Protect\n|-supereffective|p1b: Miraidon\n|-damage|p1a: Groudon|21/100\n|-damage|p1b: Miraidon|16/100\n|\n|-weather|SunnyDay|[upkeep]\n|upkeep\n|turn|8\n|\n|t:|1773051598\n|switch|p2a: Overqwil|Overqwil, L50, M|100/100\n|-ability|p2a: Overqwil|Intimidate|boost\n|-fail|p1a: Groudon|unboost|[from] item: Clear Amulet|[of] p1a: Groudon\n|-unboost|p1b: Miraidon|atk|1\n|move|p1b: Miraidon|Electro Drift|p2a: Overqwil\n|-damage|p2a: Overqwil|15/100\n|-damage|p1b: Miraidon|6/100|[from] item: Life Orb\n|move|p1a: Groudon|Precipice Blades|p2b: Ting-Lu|[spread] p2a,p2b\n|-supereffective|p2a: Overqwil\n|-damage|p2a: Overqwil|0 fnt\n|-damage|p2b: Ting-Lu|53/100\n|faint|p2a: Overqwil\n|move|p2b: Ting-Lu|Earthquake|p1b: Miraidon|[spread] p1a,p1b\n|-supereffective|p1b: Miraidon\n|-damage|p1a: Groudon|0 fnt\n|-damage|p1b: Miraidon|0 fnt\n|faint|p1a: Groudon\n|faint|p1b: Miraidon\n|\n|-weather|SunnyDay|[upkeep]\n|upkeep\n|-message|shangenb5 forfeited.\n|\n|win|drive stone\n|raw|shangenb5's rating: 1426 &rarr; <strong>1409</strong><br />(-17 for losing)\n|raw|drive stone's rating: 1474 &rarr; <strong>1491</strong><br />(+17 for winning)\n|l|\u2606shangenb5\n|player|p1|\n|l|\u2606drive stone\n|player|p2|\n","uploadtime":1773051849,"views":19,"formatid":"gen9vgc2026regi","rating":1409,"private":0,"password":null}