{"id":"gen9vgc2026regi-2552627744","format":"[Gen 9] VGC 2026 Reg I","players":["orizor","Maphoo"],"log":"|j|\u2606orizor\n|j|\u2606Maphoo\n|t:|1772738276\n|gametype|doubles\n|player|p1|orizor|hilbert-wonderlauncher|1324\n|player|p2|Maphoo|170|1444\n|gen|9\n|tier|[Gen 9] VGC 2026 Reg I\n|rated|\n|rule|Species Clause: Limit one of each Pok\u00e9mon\n|rule|Item Clause: Limit 1 of each item\n|clearpoke\n|poke|p1|Koraidon, L50|\n|poke|p1|Lunala, L50|\n|poke|p1|Ursaluna, L50, F|\n|poke|p1|Smeargle, L50, F|\n|poke|p1|Tornadus, L50, M|\n|poke|p1|Incineroar, L50, F|\n|poke|p2|Lunala, L50|\n|poke|p2|Indeedee-F, L50, F|\n|poke|p2|Roaring Moon, L50|\n|poke|p2|Kyogre, L50|\n|poke|p2|Urshifu-*, L50, M|\n|poke|p2|Ursaluna, L50, M|\n|teampreview|4\n|inactive|Battle timer is ON: inactive players will automatically lose when time's up. (requested by orizor)\n|l|\u2606orizor\n|inactive|orizor disconnected and has a minute to reconnect!\n|player|p1|\n|j|\u2606orizor\n|inactive|orizor reconnected and has 80 seconds left.\n|player|p1|orizor|hilbert-wonderlauncher|\n|\n|t:|1772738300\n|teamsize|p1|4\n|teamsize|p2|4\n|start\n|switch|p1a: Luna|Lunala, L50|100/100\n|switch|p1b: Samantha|Smeargle, L50, F|100/100\n|switch|p2a: Indeedee|Indeedee-F, L50, F, shiny|100/100\n|switch|p2b: Urshifu|Urshifu-Rapid-Strike, L50, M|100/100\n|-fieldstart|move: Psychic Terrain|[from] ability: Psychic Surge|[of] p2a: Indeedee\n|-enditem|p2a: Indeedee|Psychic Seed\n|-boost|p2a: Indeedee|spd|1|[from] item: Psychic Seed\n|turn|1\n|\n|t:|1772738323\n|-terastallize|p1b: Samantha|Grass\n|move|p2b: Urshifu|Taunt|p1b: Samantha\n|-start|p1b: Samantha|move: Taunt\n|cant|p1b: Samantha|move: Taunt|Spore\n|move|p1a: Luna|Dazzling Gleam|p2a: Indeedee|[spread] p2a,p2b\n|-supereffective|p2b: Urshifu\n|-damage|p2a: Indeedee|85/100\n|-damage|p2b: Urshifu|34/100\n|move|p2a: Indeedee|Trick Room|p2a: Indeedee\n|-fieldstart|move: Trick Room|[of] p2a: Indeedee\n|\n|upkeep\n|turn|2\n|\n|t:|1772738342\n|switch|p1b: Kori|Koraidon, L50|100/100\n|-weather|SunnyDay|[from] ability: Orichalcum Pulse|[of] p1b: Kori\n|-activate|p1b: Kori|Orichalcum Pulse|[source]\n|move|p2b: Urshifu|Detect|p2b: Urshifu\n|-singleturn|p2b: Urshifu|Protect\n|move|p1a: Luna|Dazzling Gleam|p2b: Urshifu|[spread] p2a\n|-activate|p2b: Urshifu|move: Protect\n|-damage|p2a: Indeedee|71/100\n|move|p2a: Indeedee|Trick Room|p2a: Indeedee\n|-fieldend|move: Trick Room\n|\n|-weather|SunnyDay|[upkeep]\n|upkeep\n|turn|3\n|\n|t:|1772738365\n|switch|p2a: Kyogre|Kyogre, L50|100/100\n|-weather|RainDance|[from] ability: Drizzle|[of] p2a: Kyogre\n|move|p1b: Kori|Close Combat|p2a: Kyogre\n|-damage|p2a: Kyogre|15/100\n|-unboost|p1b: Kori|def|1\n|-unboost|p1b: Kori|spd|1\n|-damage|p1b: Kori|91/100|[from] item: Life Orb\n|move|p2b: Urshifu|Surging Strikes|p1a: Luna\n|-crit|p1a: Luna\n|-damage|p1a: Luna|88/100\n|-crit|p1a: Luna\n|-damage|p1a: Luna|66/100\n|-crit|p1a: Luna\n|-damage|p1a: Luna|42/100\n|-hitcount|p1a: Luna|3\n|move|p1a: Luna|Dazzling Gleam|p2b: Urshifu|[spread] p2a,p2b\n|-supereffective|p2b: Urshifu\n|-damage|p2a: Kyogre|1/100\n|-damage|p2b: Urshifu|0 fnt\n|faint|p2b: Urshifu\n|\n|-weather|RainDance|[upkeep]\n|-heal|p1a: Luna|48/100|[from] item: Leftovers\n|upkeep\n|\n|t:|1772738388\n|switch|p2b: Lunala|Lunala, L50, shiny|100/100\n|turn|4\n|\n|t:|1772738411\n|switch|p1b: Tom|Tornadus, L50, M|100/100\n|move|p2a: Kyogre|Protect|p2a: Kyogre\n|-singleturn|p2a: Kyogre|Protect\n|move|p2b: Lunala|Expanding Force|p1b: Tom|[spread] p1a,p1b\n|-resisted|p1a: Luna\n|-damage|p1a: Luna|25/100\n|-damage|p1b: Tom|32/100\n|move|p1a: Luna|Dazzling Gleam|p2a: Kyogre|[spread] p2b\n|-activate|p2a: Kyogre|move: Protect\n|-damage|p2b: Lunala|92/100\n|\n|-weather|RainDance|[upkeep]\n|-heal|p1a: Luna|31/100|[from] item: Leftovers\n|upkeep\n|turn|5\n|\n|t:|1772738429\n|switch|p2a: Indeedee|Indeedee-F, L50, F, shiny|71/100\n|move|p1b: Tom|Bleakwind Storm|p2b: Lunala|[spread] p2a,p2b\n|-damage|p2a: Indeedee|32/100\n|-damage|p2b: Lunala|63/100\n|-unboost|p2b: Lunala|spe|1\n|move|p1a: Luna|Moongeist Beam|p2b: Lunala\n|-supereffective|p2b: Lunala\n|-damage|p2b: Lunala|0 fnt\n|faint|p2b: Lunala\n|\n|-weather|RainDance|[upkeep]\n|-heal|p1a: Luna|37/100|[from] item: Leftovers\n|-fieldend|move: Psychic Terrain\n|upkeep\n|c|\u2606orizor|Ggwp\n|\n|t:|1772738444\n|switch|p2b: Kyogre|Kyogre, L50|1/100\n|turn|6\n|\n|t:|1772738456\n|move|p2b: Kyogre|Protect|p2b: Kyogre\n|-singleturn|p2b: Kyogre|Protect\n|move|p1b: Tom|Bleakwind Storm|p2b: Kyogre|[spread] p2a\n|-activate|p2b: Kyogre|move: Protect\n|-damage|p2a: Indeedee|0 fnt\n|faint|p2a: Indeedee\n|move|p1a: Luna|Dazzling Gleam|p2b: Kyogre\n|-activate|p2b: Kyogre|move: Protect\n|\n|-weather|RainDance|[upkeep]\n|-heal|p1a: Luna|43/100|[from] item: Leftovers\n|upkeep\n|turn|7\n|-message|Maphoo forfeited.\n|\n|win|orizor\n|raw|orizor's rating: 1324 &rarr; <strong>1351</strong><br />(+27 for winning)\n|raw|Maphoo's rating: 1444 &rarr; <strong>1417</strong><br />(-27 for losing)\n|l|\u2606Maphoo\n|player|p2|\n","uploadtime":1772738463,"views":12,"formatid":"gen9vgc2026regi","rating":1351,"private":0,"password":null}