{"id":"gen9vgc2026regi-2546625652","format":"[Gen 9] VGC 2026 Reg I","players":["alexit93","foobert %0il99p"],"log":"|j|\u2606alexit93\n|j|\u2606foobert %0il99p\n|t:|1771985936\n|gametype|doubles\n|player|p1|alexit93|lucas-gen4pt|1339\n|player|p2|foobert %0il99p|engineer-gen3|1308\n|gen|9\n|tier|[Gen 9] VGC 2026 Reg I\n|rated|\n|rule|Species Clause: Limit one of each Pok\u00e9mon\n|rule|Item Clause: Limit 1 of each item\n|clearpoke\n|poke|p1|Zamazenta-*, L50|\n|poke|p1|Chien-Pao, L50|\n|poke|p1|Miraidon, L50|\n|poke|p1|Flutter Mane, L50|\n|poke|p1|Iron Hands, L50|\n|poke|p1|Riolu, L50, F|\n|poke|p2|Scizor, L50, M|\n|poke|p2|Calyrex-Shadow, L50|\n|poke|p2|Kyogre, L50|\n|poke|p2|Bruxish, L50, M|\n|poke|p2|Amoonguss, L50, F|\n|poke|p2|Dugtrio, L50, M|\n|teampreview|4\n|\n|t:|1771985965\n|teamsize|p1|4\n|teamsize|p2|4\n|start\n|switch|p1a: Miraidon|Miraidon, L50, shiny|100/100\n|switch|p1b: Iron Hands|Iron Hands, L50|100/100\n|switch|p2a: Bruxish|Bruxish, L50, M|100/100\n|switch|p2b: 42Dugg|Dugtrio, L50, M, shiny|100/100\n|-fieldstart|move: Electric Terrain|[from] ability: Hadron Engine|[of] p1a: Miraidon\n|-activate|p1b: Iron Hands|ability: Quark Drive\n|-start|p1b: Iron Hands|quarkdriveatk\n|turn|1\n|\n|t:|1771985989\n|-terastallize|p2a: Bruxish|Ground\n|-terastallize|p1a: Miraidon|Fairy\n|move|p2b: 42Dugg|Protect|p2b: 42Dugg\n|-singleturn|p2b: 42Dugg|Protect\n|move|p2a: Bruxish|Super Fang|p1b: Iron Hands|[miss]\n|-miss|p2a: Bruxish|p1b: Iron Hands\n|move|p1a: Miraidon|Dazzling Gleam|p2b: 42Dugg|[spread] p2a\n|-activate|p2b: 42Dugg|move: Protect\n|-damage|p2a: Bruxish|0 fnt\n|faint|p2a: Bruxish\n|move|p1b: Iron Hands|Drain Punch|p2b: 42Dugg\n|-activate|p2b: 42Dugg|move: Protect\n|\n|upkeep\n|\n|t:|1771985999\n|switch|p2a: Calyrex|Calyrex-Shadow, L50|100/100\n|-ability|p2a: Calyrex|As One\n|-ability|p2a: Calyrex|Unnerve\n|turn|2\n|\n|t:|1771986007\n|move|p2a: Calyrex|Psychic|p1b: Iron Hands\n|-supereffective|p1b: Iron Hands\n|-damage|p1b: Iron Hands|6/100\n|move|p1a: Miraidon|Dazzling Gleam|p2a: Calyrex|[spread] p2a,p2b\n|-damage|p2a: Calyrex|34/100\n|-enditem|p2b: 42Dugg|Focus Sash\n|-damage|p2b: 42Dugg|1/100\n|move|p2b: 42Dugg|Stomping Tantrum|p1b: Iron Hands\n|-supereffective|p1b: Iron Hands\n|-damage|p1b: Iron Hands|0 fnt\n|faint|p1b: Iron Hands\n|-end|p1b: Iron Hands|Quark Drive|[silent]\n|\n|upkeep\n|\n|t:|1771986014\n|switch|p1b: Zamazenta|Zamazenta-Crowned, L50, shiny|100/100\n|-ability|p1b: Zamazenta|Dauntless Shield|boost\n|-boost|p1b: Zamazenta|def|1\n|turn|3\n|\n|t:|1771986031\n|move|p2b: 42Dugg|Protect|p2b: 42Dugg\n|-singleturn|p2b: 42Dugg|Protect\n|move|p1b: Zamazenta|Wide Guard|p1b: Zamazenta\n|-singleturn|p1b: Zamazenta|Wide Guard\n|move|p2a: Calyrex|Psychic|p1a: Miraidon\n|-damage|p1a: Miraidon|23/100\n|move|p1a: Miraidon|Dazzling Gleam|p2b: 42Dugg|[spread] p2a\n|-activate|p2b: 42Dugg|move: Protect\n|-damage|p2a: Calyrex|0 fnt\n|faint|p2a: Calyrex\n|\n|upkeep\n|\n|t:|1771986032\n|switch|p2a: Kyogre|Kyogre, L50|100/100\n|-weather|RainDance|[from] ability: Drizzle|[of] p2a: Kyogre\n|turn|4\n|\n|t:|1771986047\n|move|p2b: 42Dugg|Protect|p2b: 42Dugg\n|-singleturn|p2b: 42Dugg|Protect\n|move|p1a: Miraidon|Dazzling Gleam|p2b: 42Dugg|[spread] p2a\n|-activate|p2b: 42Dugg|move: Protect\n|-damage|p2a: Kyogre|49/100\n|move|p1b: Zamazenta|Body Press|p2a: Kyogre\n|-damage|p2a: Kyogre|0 fnt\n|faint|p2a: Kyogre\n|\n|-weather|RainDance|[upkeep]\n|upkeep\n|turn|5\n|-message|foobert %0il99p forfeited.\n|\n|win|alexit93\n|raw|alexit93's rating: 1339 &rarr; <strong>1357</strong><br />(+18 for winning)\n|raw|foobert %0il99p's rating: 1308 &rarr; <strong>1290</strong><br />(-18 for losing)\n|l|\u2606foobert %0il99p\n|player|p2|\n|l|\u2606alexit93\n|player|p1|\n","uploadtime":1771986216,"views":11,"formatid":"gen9vgc2026regi","rating":1290,"private":0,"password":null}