{"id":"gen9vgc2026regi-2573805342","format":"[Gen 9] VGC 2026 Reg I","players":["1VLTSQ Joker","speedyturtle87"],"log":"|raw|<div class=\"broadcast-blue\"><strong>This battle is required to be public due to a player having a name starting with '1vltsq'.</div>\n|j|\u26061VLTSQ Joker\n|j|\u2606speedyturtle87\n|t:|1775166588\n|gametype|doubles\n|player|p1|1VLTSQ Joker|blue|1541\n|player|p2|speedyturtle87|carmine|1564\n|gen|9\n|tier|[Gen 9] VGC 2026 Reg I\n|rated|\n|rule|Species Clause: Limit one of each Pok\u00e9mon\n|rule|Item Clause: Limit 1 of each item\n|clearpoke\n|poke|p1|Calyrex-Ice, L50|\n|poke|p1|Smeargle, L50, F|\n|poke|p1|Kyogre, L50|\n|poke|p1|Maushold, L50|\n|poke|p1|Volcarona, L50, M|\n|poke|p1|Pawmot, L50, M|\n|poke|p2|Volbeat, L50, M|\n|poke|p2|Kyogre, L50|\n|poke|p2|Calyrex-Ice, L50|\n|poke|p2|Landorus, L50, M|\n|poke|p2|Urshifu-*, L50, F|\n|poke|p2|Rillaboom, L50, F|\n|teampreview|4\n|inactive|Battle timer is ON: inactive players will automatically lose when time's up. (requested by speedyturtle87)\n|inactive|1VLTSQ Joker has 60 seconds left.\n|inactive|speedyturtle87 has 60 seconds left.\n|\n|t:|1775166637\n|teamsize|p1|4\n|teamsize|p2|4\n|start\n|switch|p1a: Calyrex|Calyrex-Ice, L50|100/100\n|switch|p1b: Smeargle|Smeargle, L50, F|100/100\n|switch|p2a: Urshifu|Urshifu, L50, F|100/100\n|switch|p2b: Rillaboom|Rillaboom, L50, F|100/100\n|-ability|p1a: Calyrex|As One\n|-ability|p1a: Calyrex|Unnerve\n|-fieldstart|move: Grassy Terrain|[from] ability: Grassy Surge|[of] p2b: Rillaboom\n|turn|1\n|\n|t:|1775166660\n|-terastallize|p1a: Calyrex|Grass\n|move|p1b: Smeargle|Fake Out|p2a: Urshifu\n|-damage|p2a: Urshifu|95/100\n|move|p2b: Rillaboom|Grassy Glide|p1b: Smeargle\n|-damage|p1b: Smeargle|18/100\n|cant|p2a: Urshifu|flinch\n|move|p1a: Calyrex|Glacial Lance|p2b: Rillaboom|[spread] p2a,p2b\n|-supereffective|p2b: Rillaboom\n|-damage|p2a: Urshifu|41/100\n|-damage|p2b: Rillaboom|0 fnt\n|faint|p2b: Rillaboom\n|-ability|p1a: Calyrex|Chilling Neigh|boost\n|-boost|p1a: Calyrex|atk|1\n|\n|-heal|p2a: Urshifu|48/100|[from] Grassy Terrain\n|-heal|p1b: Smeargle|25/100|[from] Grassy Terrain\n|-ability|p1b: Smeargle|Moody|boost\n|-boost|p1b: Smeargle|spa|2\n|-unboost|p1b: Smeargle|spd|1\n|upkeep\n|\n|t:|1775166670\n|switch|p2b: Landorus|Landorus, L50, M|100/100\n|turn|2\n|inactive|1VLTSQ Joker has 30 seconds left.\n|inactive|1VLTSQ Joker has 20 seconds left.\n|inactive|1VLTSQ Joker has 15 seconds left.\n|inactive|1VLTSQ Joker has 10 seconds left.\n|inactive|1VLTSQ Joker has 5 seconds left.\n|\n|t:|1775166724\n|-terastallize|p2b: Landorus|Steel\n|move|p2a: Urshifu|Detect|p2a: Urshifu\n|-singleturn|p2a: Urshifu|Protect\n|move|p1b: Smeargle|Follow Me|p1b: Smeargle\n|-singleturn|p1b: Smeargle|move: Follow Me\n|move|p2b: Landorus|Sandsear Storm|p1b: Smeargle|[spread] p1a,p1b\n|-resisted|p1a: Calyrex\n|-damage|p1a: Calyrex|88/100\n|-damage|p1b: Smeargle|0 fnt\n|faint|p1b: Smeargle\n|move|p1a: Calyrex|Glacial Lance|p2b: Landorus|[spread] p2b\n|-activate|p2a: Urshifu|move: Protect\n|-resisted|p2b: Landorus\n|-damage|p2b: Landorus|54/100\n|\n|-heal|p2b: Landorus|60/100|[from] Grassy Terrain\n|-heal|p2a: Urshifu|54/100|[from] Grassy Terrain\n|-heal|p1a: Calyrex|94/100|[from] Grassy Terrain\n|upkeep\n|\n|t:|1775166731\n|switch|p1b: Kyogre|Kyogre, L50|100/100\n|-weather|RainDance|[from] ability: Drizzle|[of] p1b: Kyogre\n|turn|3\n|\n|t:|1775166743\n|move|p1b: Kyogre|Water Spout|p2a: Urshifu|[spread] p2a,p2b\n|-damage|p2a: Urshifu|0 fnt\n|-damage|p2b: Landorus|0 fnt\n|faint|p2a: Urshifu\n|faint|p2b: Landorus\n|move|p1a: Calyrex|Glacial Lance|p2: Urshifu|[notarget]\n|-fail|p1a: Calyrex\n|\n|-weather|RainDance|[upkeep]\n|-heal|p1a: Calyrex|99/100|[from] Grassy Terrain\n|upkeep\n|\n|t:|1775166745\n|switch|p2b: Kyogre|Kyogre, L50|100/100\n|turn|4\n|\n|t:|1775166748\n|move|p1b: Kyogre|Water Spout|p2b: Kyogre\n|-resisted|p2b: Kyogre\n|-damage|p2b: Kyogre|60/100\n|move|p2b: Kyogre|Ice Beam|p1a: Calyrex\n|-supereffective|p1a: Calyrex\n|-damage|p1a: Calyrex|67/100\n|move|p1a: Calyrex|Glacial Lance|p2b: Kyogre\n|-resisted|p2b: Kyogre\n|-damage|p2b: Kyogre|16/100\n|\n|-weather|RainDance|[upkeep]\n|-heal|p2b: Kyogre|21/100|[from] Grassy Terrain\n|-heal|p2b: Kyogre|27/100|[from] item: Leftovers\n|-heal|p1a: Calyrex|73/100|[from] Grassy Terrain\n|upkeep\n|turn|5\n|\n|t:|1775166754\n|move|p1b: Kyogre|Water Spout|p2b: Kyogre\n|-resisted|p2b: Kyogre\n|-damage|p2b: Kyogre|0 fnt\n|faint|p2b: Kyogre\n|\n|win|1VLTSQ Joker\n|raw|1VLTSQ Joker's rating: 1541 &rarr; <strong>1562</strong><br />(+21 for winning)\n|raw|speedyturtle87's rating: 1564 &rarr; <strong>1543</strong><br />(-21 for losing)\n|l|\u2606speedyturtle87\n|player|p2|\n|l|\u26061VLTSQ Joker\n|player|p1|\n","uploadtime":1775166975,"views":15,"formatid":"gen9vgc2026regi","rating":1543,"private":0,"password":null}