{"id":"gen9vgc2026regi-2559963091","format":"[Gen 9] VGC 2026 Reg I","players":["testhan92","grorst"],"log":"|j|\u2606testhan92\n|j|\u2606grorst\n|t:|1773629077\n|gametype|doubles\n|player|p1|testhan92|2|1187\n|player|p2|grorst|1|1120\n|gen|9\n|tier|[Gen 9] VGC 2026 Reg I\n|rated|\n|rule|Species Clause: Limit one of each Pok\u00e9mon\n|rule|Item Clause: Limit 1 of each item\n|clearpoke\n|poke|p1|Calyrex-Shadow, L50|\n|poke|p1|Koraidon, L50|\n|poke|p1|Ogerpon-Hearthflame, L50, F|\n|poke|p1|Raging Bolt, L50|\n|poke|p1|Rillaboom, L50, F|\n|poke|p1|Incineroar, L50, F|\n|poke|p2|Kyogre, L50|\n|poke|p2|Floatzel, L50, M|\n|poke|p2|Miraidon, L50|\n|poke|p2|Landorus-Therian, L50, M|\n|poke|p2|Rillaboom, L50, F|\n|poke|p2|Chien-Pao, L50|\n|teampreview|4\n|\n|t:|1773629116\n|teamsize|p1|4\n|teamsize|p2|4\n|start\n|switch|p1a: Calyrex|Calyrex-Shadow, L50|100/100\n|switch|p1b: Incineroar|Incineroar, L50, F|100/100\n|switch|p2a: Landorus|Landorus-Therian, L50, M|100/100\n|switch|p2b: Chien-Pao|Chien-Pao, L50|100/100\n|-ability|p1a: Calyrex|As One\n|-ability|p1a: Calyrex|Unnerve\n|-ability|p2b: Chien-Pao|Sword of Ruin\n|-ability|p2a: Landorus|Intimidate|boost\n|-unboost|p1a: Calyrex|atk|1\n|-unboost|p1b: Incineroar|atk|1\n|-ability|p1b: Incineroar|Intimidate|boost\n|-unboost|p2a: Landorus|atk|1\n|-unboost|p2b: Chien-Pao|atk|1\n|turn|1\n|\n|t:|1773629137\n|move|p2b: Chien-Pao|Protect|p2b: Chien-Pao\n|-singleturn|p2b: Chien-Pao|Protect\n|move|p1b: Incineroar|Fake Out|p2b: Chien-Pao\n|-activate|p2b: Chien-Pao|move: Protect\n|move|p1a: Calyrex|Nasty Plot|p1a: Calyrex\n|-boost|p1a: Calyrex|spa|2\n|move|p2a: Landorus|Rock Slide|p1b: Incineroar|[spread] p1a,p1b\n|-supereffective|p1b: Incineroar\n|-damage|p1a: Calyrex|79/100\n|-damage|p1b: Incineroar|78/100\n|\n|upkeep\n|turn|2\n|\n|t:|1773629153\n|move|p1a: Calyrex|Protect|p1a: Calyrex\n|-singleturn|p1a: Calyrex|Protect\n|move|p2b: Chien-Pao|Sucker Punch||[still]\n|-fail|p2b: Chien-Pao\n|move|p2a: Landorus|Stomping Tantrum|p1b: Incineroar\n|-supereffective|p1b: Incineroar\n|-damage|p1b: Incineroar|33/100\n|-damage|p2a: Landorus|84/100|[from] item: Rocky Helmet|[of] p1b: Incineroar\n|move|p1b: Incineroar|Parting Shot|p2a: Landorus\n|-unboost|p2a: Landorus|atk|1\n|-unboost|p2a: Landorus|spa|1\n|\n|t:|1773629165\n|switch|p1b: Rillaboom|Rillaboom, L50, F|100/100|[from] Parting Shot\n|-fieldstart|move: Grassy Terrain|[from] ability: Grassy Surge|[of] p1b: Rillaboom\n|\n|-heal|p1a: Calyrex|85/100|[from] Grassy Terrain\n|upkeep\n|turn|3\n|\n|t:|1773629185\n|switch|p2a: Floatzel|Floatzel, L50, M|100/100\n|move|p2b: Chien-Pao|Protect|p2b: Chien-Pao\n|-singleturn|p2b: Chien-Pao|Protect\n|move|p1a: Calyrex|Nasty Plot|p1a: Calyrex\n|-boost|p1a: Calyrex|spa|2\n|move|p1b: Rillaboom|U-turn|p2b: Chien-Pao\n|-activate|p2b: Chien-Pao|move: Protect\n|\n|-heal|p1a: Calyrex|91/100|[from] Grassy Terrain\n|upkeep\n|turn|4\n|\n|t:|1773629207\n|move|p1a: Calyrex|Protect|p1a: Calyrex\n|-singleturn|p1a: Calyrex|Protect\n|move|p2b: Chien-Pao|Icicle Crash|p1b: Rillaboom\n|-supereffective|p1b: Rillaboom\n|-damage|p1b: Rillaboom|14/100\n|-damage|p2b: Chien-Pao|91/100|[from] item: Life Orb\n|move|p2a: Floatzel|Icy Wind|p1a: Calyrex|[spread] p1b\n|-activate|p1a: Calyrex|move: Protect\n|-supereffective|p1b: Rillaboom\n|-damage|p1b: Rillaboom|0 fnt\n|faint|p1b: Rillaboom\n|\n|-heal|p1a: Calyrex|96/100|[from] Grassy Terrain\n|-heal|p2b: Chien-Pao|97/100|[from] Grassy Terrain\n|upkeep\n|\n|t:|1773629222\n|switch|p1b: Incineroar|Incineroar, L50, F|33/100\n|-ability|p1b: Incineroar|Intimidate|boost\n|-unboost|p2a: Floatzel|atk|1\n|-unboost|p2b: Chien-Pao|atk|1\n|turn|5\n|\n|t:|1773629239\n|-terastallize|p1a: Calyrex|Ghost\n|move|p2b: Chien-Pao|Protect|p2b: Chien-Pao\n|-singleturn|p2b: Chien-Pao|Protect\n|move|p1b: Incineroar|Fake Out|p2a: Floatzel\n|-damage|p2a: Floatzel|77/100\n|move|p1a: Calyrex|Astral Barrage|p2a: Floatzel|[spread] p2a\n|-activate|p2b: Chien-Pao|move: Protect\n|-damage|p2a: Floatzel|0 fnt\n|faint|p2a: Floatzel\n|-ability|p1a: Calyrex|Grim Neigh|boost\n|-boost|p1a: Calyrex|spa|1\n|\n|-heal|p1a: Calyrex|100/100|[from] Grassy Terrain\n|-heal|p2b: Chien-Pao|100/100|[from] Grassy Terrain\n|-heal|p1b: Incineroar|39/100|[from] Grassy Terrain\n|upkeep\n|\n|t:|1773629256\n|switch|p2a: Kyogre|Kyogre, L50|100/100\n|-weather|RainDance|[from] ability: Drizzle|[of] p2a: Kyogre\n|turn|6\n|\n|t:|1773629270\n|switch|p2b: Landorus|Landorus-Therian, L50, M|84/100\n|-ability|p2b: Landorus|Intimidate|boost\n|-unboost|p1a: Calyrex|atk|1\n|-unboost|p1b: Incineroar|atk|1\n|switch|p1b: Koraidon|Koraidon, L50|100/100\n|-weather|SunnyDay|[from] ability: Orichalcum Pulse|[of] p1b: Koraidon\n|-activate|p1b: Koraidon|Orichalcum Pulse|[source]\n|move|p2a: Kyogre|Protect|p2a: Kyogre\n|-singleturn|p2a: Kyogre|Protect\n|move|p1a: Calyrex|Astral Barrage|p2a: Kyogre|[spread] p2b\n|-activate|p2a: Kyogre|move: Protect\n|-damage|p2b: Landorus|0 fnt\n|faint|p2b: Landorus\n|-ability|p1a: Calyrex|Grim Neigh|boost\n|-boost|p1a: Calyrex|spa|1\n|\n|-weather|SunnyDay|[upkeep]\n|-fieldend|move: Grassy Terrain\n|upkeep\n|c|\u2606testhan92|gg\n|\n|t:|1773629287\n|switch|p2b: Chien-Pao|Chien-Pao, L50|100/100\n|-ability|p2b: Chien-Pao|Sword of Ruin\n|turn|7\n|\n|t:|1773629298\n|move|p1a: Calyrex|Astral Barrage|p2b: Chien-Pao|[spread] p2a,p2b\n|-resisted|p2b: Chien-Pao\n|-damage|p2a: Kyogre|0 fnt\n|-damage|p2b: Chien-Pao|0 fnt\n|faint|p2a: Kyogre\n|faint|p2b: Chien-Pao\n|\n|win|testhan92\n|raw|testhan92's rating: 1187 &rarr; <strong>1207</strong><br />(+20 for winning)\n|raw|grorst's rating: 1120 &rarr; <strong>1100</strong><br />(-20 for losing)\n|l|\u2606grorst\n|player|p2|\n|l|\u2606testhan92\n|player|p1|\n","uploadtime":1773629298,"views":10,"formatid":"gen9vgc2026regi","rating":1100,"private":0,"password":null}