{"id":"gen9vgc2026regi-2535467480","format":"[Gen 9] VGC 2026 Reg I","players":["don juan dozo","marcxhenry"],"log":"|j|\u2606don juan dozo\n|j|\u2606marcxhenry\n|t:|1770571414\n|gametype|doubles\n|player|p1|don juan dozo|170|1517\n|player|p2|marcxhenry|hilbert-wonderlauncher|1615\n|gen|9\n|tier|[Gen 9] VGC 2026 Reg I\n|rated|\n|rule|Species Clause: Limit one of each Pok\u00e9mon\n|rule|Item Clause: Limit 1 of each item\n|clearpoke\n|poke|p1|Miraidon, L50|\n|poke|p1|Calyrex-Shadow, L50|\n|poke|p1|Grimmsnarl, L50, M|\n|poke|p1|Ursaluna-Bloodmoon, L50, M|\n|poke|p1|Chesnaught, L50, F|\n|poke|p1|Volcarona, L50, M|\n|poke|p2|Calyrex-Shadow, L50|\n|poke|p2|Urshifu-*, L50, M|\n|poke|p2|Roaring Moon, L50|\n|poke|p2|Kyogre, L50|\n|poke|p2|Tsareena, L50, F|\n|poke|p2|Kingambit, L50, M|\n|teampreview|4\n|\n|t:|1770571451\n|teamsize|p1|4\n|teamsize|p2|4\n|start\n|switch|p1a: Calyrex|Calyrex-Shadow, L50|100/100\n|switch|p1b: Grimmsnarl|Grimmsnarl, L50, M|100/100\n|switch|p2a: Roter Baron|Roaring Moon, L50, shiny|100/100\n|switch|p2b: Tripitz|Kyogre, L50, shiny|100/100\n|-ability|p1a: Calyrex|As One\n|-ability|p1a: Calyrex|Unnerve\n|-weather|RainDance|[from] ability: Drizzle|[of] p2b: Tripitz\n|-enditem|p2a: Roter Baron|Booster Energy\n|-activate|p2a: Roter Baron|ability: Protosynthesis|[fromitem]\n|-start|p2a: Roter Baron|protosynthesisspe\n|turn|1\n|\n|t:|1770571478\n|-terastallize|p2b: Tripitz|Ground\n|move|p1b: Grimmsnarl|Fake Out|p2a: Roter Baron\n|-damage|p2a: Roter Baron|87/100\n|cant|p2a: Roter Baron|flinch\n|move|p1a: Calyrex|Astral Barrage|p2a: Roter Baron|[spread] p2a,p2b\n|-resisted|p2a: Roter Baron\n|-damage|p2a: Roter Baron|53/100\n|-damage|p2b: Tripitz|49/100\n|-damage|p1a: Calyrex|90/100|[from] item: Life Orb\n|move|p2b: Tripitz|Water Spout|p1b: Grimmsnarl|[spread] p1a,p1b\n|-damage|p1a: Calyrex|33/100\n|-damage|p1b: Grimmsnarl|46/100\n|\n|-weather|RainDance|[upkeep]\n|upkeep\n|turn|2\n|\n|t:|1770571528\n|move|p1b: Grimmsnarl|Fake Tears|p2b: Tripitz\n|-unboost|p2b: Tripitz|spd|2\n|move|p2a: Roter Baron|Acrobatics|p1a: Calyrex\n|-damage|p1a: Calyrex|0 fnt\n|faint|p1a: Calyrex\n|move|p2b: Tripitz|Origin Pulse|p1b: Grimmsnarl\n|-damage|p1b: Grimmsnarl|0 fnt\n|faint|p1b: Grimmsnarl\n|\n|-weather|RainDance|[upkeep]\n|upkeep\n|\n|t:|1770571531\n|switch|p1a: Chesnaught|Chesnaught, L50, F|100/100\n|switch|p1b: Miraidon|Miraidon, L50|100/100\n|-fieldstart|move: Electric Terrain|[from] ability: Hadron Engine|[of] p1b: Miraidon\n|-enditem|p1a: Chesnaught|Electric Seed\n|-boost|p1a: Chesnaught|def|1|[from] item: Electric Seed\n|turn|3\n|\n|t:|1770571549\n|switch|p2b: Hermann|Kingambit, L50, M, shiny|100/100\n|-terastallize|p1a: Chesnaught|Fire\n|move|p2a: Roter Baron|Protect|p2a: Roter Baron\n|-singleturn|p2a: Roter Baron|Protect\n|move|p1a: Chesnaught|Wide Guard|p1a: Chesnaught\n|-singleturn|p1a: Chesnaught|Wide Guard\n|move|p1b: Miraidon|Electro Drift|p2a: Roter Baron\n|-activate|p2a: Roter Baron|move: Protect\n|\n|-weather|RainDance|[upkeep]\n|upkeep\n|turn|4\n|\n|t:|1770571572\n|move|p2b: Hermann|Sucker Punch|p1b: Miraidon\n|-damage|p1b: Miraidon|56/100\n|move|p2a: Roter Baron|Tailwind|p2a: Roter Baron\n|-sidestart|p2: marcxhenry|move: Tailwind\n|move|p1b: Miraidon|Electro Drift|p2a: Roter Baron\n|-resisted|p2a: Roter Baron\n|-damage|p2a: Roter Baron|0 fnt\n|faint|p2a: Roter Baron\n|-end|p2a: Roter Baron|Protosynthesis|[silent]\n|move|p1a: Chesnaught|Body Press|p2b: Hermann\n|-supereffective|p2b: Hermann\n|-damage|p2b: Hermann|0 fnt\n|faint|p2b: Hermann\n|\n|-weather|RainDance|[upkeep]\n|upkeep\n|\n|t:|1770571585\n|switch|p2a: Ludwig|Calyrex-Shadow, L50|100/100\n|switch|p2b: Tripitz|Kyogre, L50, shiny, tera:Ground|49/100\n|-ability|p2a: Ludwig|As One\n|-ability|p2a: Ludwig|Unnerve\n|turn|5\n|\n|t:|1770571601\n|move|p2a: Ludwig|Protect|p2a: Ludwig\n|-singleturn|p2a: Ludwig|Protect\n|move|p1a: Chesnaught|Wide Guard|p1a: Chesnaught\n|-singleturn|p1a: Chesnaught|Wide Guard\n|move|p2b: Tripitz|Hydro Pump|p1a: Chesnaught\n|-supereffective|p1a: Chesnaught\n|-damage|p1a: Chesnaught|0 fnt\n|faint|p1a: Chesnaught\n|move|p1b: Miraidon|Electro Drift|p2a: Ludwig\n|-activate|p2a: Ludwig|move: Protect\n|\n|-weather|none\n|upkeep\n|turn|6\n|\n|t:|1770571614\n|move|p2a: Ludwig|Astral Barrage|p1b: Miraidon\n|-damage|p1b: Miraidon|0 fnt\n|faint|p1b: Miraidon\n|\n|win|marcxhenry\n|raw|don juan dozo's rating: 1517 &rarr; <strong>1502</strong><br />(-15 for losing)\n|raw|marcxhenry's rating: 1615 &rarr; <strong>1630</strong><br />(+15 for winning)\n|l|\u2606marcxhenry\n|player|p2|\n|l|\u2606don juan dozo\n|player|p1|\n","uploadtime":1770571797,"views":44,"formatid":"gen9vgc2026regi","rating":1502,"private":0,"password":null}