{"id":"gen9vgc2026regi-2564934775","format":"[Gen 9] VGC 2026 Reg I","players":["BanKingambit69247","mikachu83983"],"log":"|j|\u2606BanKingambit69247\n|j|\u2606mikachu83983\n|t:|1774212002\n|gametype|doubles\n|player|p1|BanKingambit69247|lucas|1531\n|player|p2|mikachu83983|brock|1552\n|gen|9\n|tier|[Gen 9] VGC 2026 Reg I\n|rated|\n|rule|Species Clause: Limit one of each Pok\u00e9mon\n|rule|Item Clause: Limit 1 of each item\n|clearpoke\n|poke|p1|Calyrex-Shadow, L50|\n|poke|p1|Zamazenta-*, L50|\n|poke|p1|Chien-Pao, L50|\n|poke|p1|Smeargle, L50, F|\n|poke|p1|Dondozo, L50, M|\n|poke|p1|Tatsugiri, L50, M|\n|poke|p2|Koraidon, L50|\n|poke|p2|Calyrex-Shadow, L50|\n|poke|p2|Scream Tail, L50|\n|poke|p2|Amoonguss, L50, F|\n|poke|p2|Flutter Mane, L50|\n|poke|p2|Incineroar, L50, F|\n|teampreview|4\n|inactive|Battle timer is ON: inactive players will automatically lose when time's up. (requested by BanKingambit69247)\n|\n|t:|1774212022\n|teamsize|p1|4\n|teamsize|p2|4\n|start\n|switch|p1a: \u8bf6\u4f60\u600e\u4e48\u6b7b\u4e86?\u267f\u267f\u267f|Calyrex-Shadow, L50|100/100\n|switch|p1b: \u6211\u5927\u54e5|Smeargle, L50, F|100/100\n|switch|p2a: Primal Predator|Koraidon, L50, shiny|100/100\n|switch|p2b: Wolfey's Wrestler|Incineroar, L50, F|100/100\n|-ability|p1a: \u8bf6\u4f60\u600e\u4e48\u6b7b\u4e86?\u267f\u267f\u267f|As One\n|-ability|p1a: \u8bf6\u4f60\u600e\u4e48\u6b7b\u4e86?\u267f\u267f\u267f|Unnerve\n|-weather|SunnyDay|[from] ability: Orichalcum Pulse|[of] p2a: Primal Predator\n|-activate|p2a: Primal Predator|Orichalcum Pulse|[source]\n|-ability|p2b: Wolfey's Wrestler|Intimidate|boost\n|-unboost|p1a: \u8bf6\u4f60\u600e\u4e48\u6b7b\u4e86?\u267f\u267f\u267f|atk|1\n|-unboost|p1b: \u6211\u5927\u54e5|atk|1\n|turn|1\n|\n|t:|1774212034\n|-terastallize|p1a: \u8bf6\u4f60\u600e\u4e48\u6b7b\u4e86?\u267f\u267f\u267f|Ghost\n|-terastallize|p2a: Primal Predator|Fire\n|move|p2b: Wolfey's Wrestler|Fake Out|p1b: \u6211\u5927\u54e5\n|-damage|p1b: \u6211\u5927\u54e5|68/100\n|cant|p1b: \u6211\u5927\u54e5|flinch\n|move|p1a: \u8bf6\u4f60\u600e\u4e48\u6b7b\u4e86?\u267f\u267f\u267f|Astral Barrage|p2a: Primal Predator|[spread] p2a,p2b\n|-resisted|p2b: Wolfey's Wrestler\n|-damage|p2a: Primal Predator|0 fnt\n|-damage|p2b: Wolfey's Wrestler|68/100\n|faint|p2a: Primal Predator\n|-ability|p1a: \u8bf6\u4f60\u600e\u4e48\u6b7b\u4e86?\u267f\u267f\u267f|Grim Neigh|boost\n|-boost|p1a: \u8bf6\u4f60\u600e\u4e48\u6b7b\u4e86?\u267f\u267f\u267f|spa|1\n|\n|-weather|SunnyDay|[upkeep]\n|upkeep\n|\n|t:|1774212048\n|switch|p2a: Jiggly Juggernaut|Scream Tail, L50|100/100\n|-activate|p2a: Jiggly Juggernaut|ability: Protosynthesis\n|-start|p2a: Jiggly Juggernaut|protosynthesisspe\n|turn|2\n|inactive|mikachu83983 has 30 seconds left.\n|\n|t:|1774212075\n|move|p2a: Jiggly Juggernaut|Protect|p2a: Jiggly Juggernaut\n|-singleturn|p2a: Jiggly Juggernaut|Protect\n|move|p1b: \u6211\u5927\u54e5|Follow Me|p1b: \u6211\u5927\u54e5\n|-singleturn|p1b: \u6211\u5927\u54e5|move: Follow Me\n|move|p1a: \u8bf6\u4f60\u600e\u4e48\u6b7b\u4e86?\u267f\u267f\u267f|Astral Barrage|p2b: Wolfey's Wrestler|[spread] p2b\n|-activate|p2a: Jiggly Juggernaut|move: Protect\n|-resisted|p2b: Wolfey's Wrestler\n|-damage|p2b: Wolfey's Wrestler|19/100\n|move|p2b: Wolfey's Wrestler|Knock Off|p1b: \u6211\u5927\u54e5\n|-damage|p1b: \u6211\u5927\u54e5|0 fnt\n|-enditem|p1b: \u6211\u5927\u54e5|Focus Sash|[from] move: Knock Off|[of] p2b: Wolfey's Wrestler\n|faint|p1b: \u6211\u5927\u54e5\n|\n|-weather|SunnyDay|[upkeep]\n|upkeep\n|\n|t:|1774212082\n|switch|p1b: \u773c\u795e\u5446\u6ede\ud83e\udd2a|Dondozo, L50, M, shiny|100/100\n|turn|3\n|\n|t:|1774212092\n|switch|p1a: \u68d5\u8272\u5c0f\u6590\u6d4e\u5317\ud83d\ude0b|Tatsugiri, L50, M, shiny|100/100\n|-activate|p1a: \u68d5\u8272\u5c0f\u6590\u6d4e\u5317\ud83d\ude0b|ability: Commander|[of] p1b: \u773c\u795e\u5446\u6ede\ud83e\udd2a\n|-boost|p1b: \u773c\u795e\u5446\u6ede\ud83e\udd2a|atk|2\n|-boost|p1b: \u773c\u795e\u5446\u6ede\ud83e\udd2a|spa|2\n|-boost|p1b: \u773c\u795e\u5446\u6ede\ud83e\udd2a|spe|2\n|-boost|p1b: \u773c\u795e\u5446\u6ede\ud83e\udd2a|def|2\n|-boost|p1b: \u773c\u795e\u5446\u6ede\ud83e\udd2a|spd|2\n|move|p2a: Jiggly Juggernaut|Disable|p1a: \u68d5\u8272\u5c0f\u6590\u6d4e\u5317\ud83d\ude0b|[miss]\n|-miss|p2a: Jiggly Juggernaut|p1a: \u68d5\u8272\u5c0f\u6590\u6d4e\u5317\ud83d\ude0b\n|move|p1b: \u773c\u795e\u5446\u6ede\ud83e\udd2a|Earthquake|p2b: Wolfey's Wrestler|[spread] p2a,p2b\n|-miss|p1b: \u773c\u795e\u5446\u6ede\ud83e\udd2a|p1a: \u68d5\u8272\u5c0f\u6590\u6d4e\u5317\ud83d\ude0b\n|-supereffective|p2b: Wolfey's Wrestler\n|-damage|p2a: Jiggly Juggernaut|73/100\n|-damage|p2b: Wolfey's Wrestler|0 fnt\n|faint|p2b: Wolfey's Wrestler\n|\n|-weather|SunnyDay|[upkeep]\n|upkeep\n|\n|t:|1774212096\n|switch|p2b: Spectral Stallion|Calyrex-Shadow, L50|100/100\n|-ability|p2b: Spectral Stallion|As One\n|-ability|p2b: Spectral Stallion|Unnerve\n|turn|4\n|\n|t:|1774212104\n|move|p2b: Spectral Stallion|Protect|p2b: Spectral Stallion\n|-singleturn|p2b: Spectral Stallion|Protect\n|move|p2a: Jiggly Juggernaut|Encore|p1b: \u773c\u795e\u5446\u6ede\ud83e\udd2a\n|-start|p1b: \u773c\u795e\u5446\u6ede\ud83e\udd2a|Encore\n|move|p1b: \u773c\u795e\u5446\u6ede\ud83e\udd2a|Earthquake|p2b: Spectral Stallion|[spread] p2a\n|-miss|p1b: \u773c\u795e\u5446\u6ede\ud83e\udd2a|p1a: \u68d5\u8272\u5c0f\u6590\u6d4e\u5317\ud83d\ude0b\n|-activate|p2b: Spectral Stallion|move: Protect\n|-crit|p2a: Jiggly Juggernaut\n|-damage|p2a: Jiggly Juggernaut|36/100\n|\n|-weather|SunnyDay|[upkeep]\n|upkeep\n|turn|5\n|\n|t:|1774212118\n|move|p2a: Jiggly Juggernaut|Disable|p1b: \u773c\u795e\u5446\u6ede\ud83e\udd2a\n|-start|p1b: \u773c\u795e\u5446\u6ede\ud83e\udd2a|Disable|Earthquake\n|move|p2b: Spectral Stallion|Pollen Puff|p2a: Jiggly Juggernaut\n|-heal|p2a: Jiggly Juggernaut|86/100\n|cant|p1b: \u773c\u795e\u5446\u6ede\ud83e\udd2a|Disable|Earthquake\n|\n|-weather|none\n|-end|p2a: Jiggly Juggernaut|Protosynthesis\n|upkeep\n|-enditem|p2a: Jiggly Juggernaut|Booster Energy\n|-activate|p2a: Jiggly Juggernaut|ability: Protosynthesis|[fromitem]\n|-start|p2a: Jiggly Juggernaut|protosynthesisspe\n|turn|6\n|\n|t:|1774212125\n|move|p2a: Jiggly Juggernaut|Dazzling Gleam|p1a: \u68d5\u8272\u5c0f\u6590\u6d4e\u5317\ud83d\ude0b|[spread] p1b\n|-miss|p2a: Jiggly Juggernaut|p1a: \u68d5\u8272\u5c0f\u6590\u6d4e\u5317\ud83d\ude0b\n|-damage|p1b: \u773c\u795e\u5446\u6ede\ud83e\udd2a|95/100\n|move|p2b: Spectral Stallion|Substitute|p2b: Spectral Stallion\n|-start|p2b: Spectral Stallion|Substitute\n|-damage|p2b: Spectral Stallion|75/100\n|-activate|p1b: \u773c\u795e\u5446\u6ede\ud83e\udd2a|move: Struggle\n|move|p1b: \u773c\u795e\u5446\u6ede\ud83e\udd2a|Struggle|p2b: Spectral Stallion\n|-end|p2b: Spectral Stallion|Substitute\n|-damage|p1b: \u773c\u795e\u5446\u6ede\ud83e\udd2a|70/100|[from] recoil\n|\n|-heal|p1b: \u773c\u795e\u5446\u6ede\ud83e\udd2a|76/100|[from] item: Leftovers\n|-end|p1b: \u773c\u795e\u5446\u6ede\ud83e\udd2a|Encore\n|upkeep\n|turn|7\n|inactive|mikachu83983 has 30 seconds left.\n|\n|t:|1774212154\n|move|p1b: \u773c\u795e\u5446\u6ede\ud83e\udd2a|Protect|p1b: \u773c\u795e\u5446\u6ede\ud83e\udd2a\n|-singleturn|p1b: \u773c\u795e\u5446\u6ede\ud83e\udd2a|Protect\n|move|p2a: Jiggly Juggernaut|Encore|p1b: \u773c\u795e\u5446\u6ede\ud83e\udd2a\n|-activate|p1b: \u773c\u795e\u5446\u6ede\ud83e\udd2a|move: Protect\n|move|p2b: Spectral Stallion|Substitute|p2b: Spectral Stallion\n|-start|p2b: Spectral Stallion|Substitute\n|-damage|p2b: Spectral Stallion|50/100\n|\n|-heal|p1b: \u773c\u795e\u5446\u6ede\ud83e\udd2a|82/100|[from] item: Leftovers\n|upkeep\n|turn|8\n|\n|t:|1774212168\n|move|p2a: Jiggly Juggernaut|Encore|p1b: \u773c\u795e\u5446\u6ede\ud83e\udd2a\n|-start|p1b: \u773c\u795e\u5446\u6ede\ud83e\udd2a|Encore\n|move|p2b: Spectral Stallion|Pollen Puff|p2a: Jiggly Juggernaut\n|-heal|p2a: Jiggly Juggernaut|100/100\n|move|p1b: \u773c\u795e\u5446\u6ede\ud83e\udd2a|Protect||[still]\n|-fail|p1b: \u773c\u795e\u5446\u6ede\ud83e\udd2a\n|\n|-heal|p1b: \u773c\u795e\u5446\u6ede\ud83e\udd2a|88/100|[from] item: Leftovers\n|-end|p1b: \u773c\u795e\u5446\u6ede\ud83e\udd2a|Disable\n|upkeep\n|turn|9\n|\n|t:|1774212175\n|move|p1b: \u773c\u795e\u5446\u6ede\ud83e\udd2a|Protect|p1b: \u773c\u795e\u5446\u6ede\ud83e\udd2a\n|-singleturn|p1b: \u773c\u795e\u5446\u6ede\ud83e\udd2a|Protect\n|move|p2a: Jiggly Juggernaut|Dazzling Gleam|p1a: \u68d5\u8272\u5c0f\u6590\u6d4e\u5317\ud83d\ude0b|[spread] \n|-miss|p2a: Jiggly Juggernaut|p1a: \u68d5\u8272\u5c0f\u6590\u6d4e\u5317\ud83d\ude0b\n|-activate|p1b: \u773c\u795e\u5446\u6ede\ud83e\udd2a|move: Protect\n|move|p2b: Spectral Stallion|Pollen Puff|p1b: \u773c\u795e\u5446\u6ede\ud83e\udd2a\n|-activate|p1b: \u773c\u795e\u5446\u6ede\ud83e\udd2a|move: Protect\n|\n|-heal|p1b: \u773c\u795e\u5446\u6ede\ud83e\udd2a|95/100|[from] item: Leftovers\n|upkeep\n|turn|10\n|\n|t:|1774212183\n|move|p1b: \u773c\u795e\u5446\u6ede\ud83e\udd2a|Protect||[still]\n|-fail|p1b: \u773c\u795e\u5446\u6ede\ud83e\udd2a\n|move|p2a: Jiggly Juggernaut|Dazzling Gleam|p1a: \u68d5\u8272\u5c0f\u6590\u6d4e\u5317\ud83d\ude0b|[spread] p1b\n|-miss|p2a: Jiggly Juggernaut|p1a: \u68d5\u8272\u5c0f\u6590\u6d4e\u5317\ud83d\ude0b\n|-damage|p1b: \u773c\u795e\u5446\u6ede\ud83e\udd2a|89/100\n|move|p2b: Spectral Stallion|Pollen Puff|p1b: \u773c\u795e\u5446\u6ede\ud83e\udd2a\n|-damage|p1b: \u773c\u795e\u5446\u6ede\ud83e\udd2a|74/100\n|\n|-heal|p1b: \u773c\u795e\u5446\u6ede\ud83e\udd2a|80/100|[from] item: Leftovers\n|-end|p1b: \u773c\u795e\u5446\u6ede\ud83e\udd2a|Encore\n|upkeep\n|turn|11\n|\n|t:|1774212201\n|move|p2b: Spectral Stallion|Protect|p2b: Spectral Stallion\n|-singleturn|p2b: Spectral Stallion|Protect\n|move|p2a: Jiggly Juggernaut|Encore|p1b: \u773c\u795e\u5446\u6ede\ud83e\udd2a\n|-start|p1b: \u773c\u795e\u5446\u6ede\ud83e\udd2a|Encore\n|move|p1b: \u773c\u795e\u5446\u6ede\ud83e\udd2a|Protect||[still]\n|-fail|p1b: \u773c\u795e\u5446\u6ede\ud83e\udd2a\n|\n|-heal|p1b: \u773c\u795e\u5446\u6ede\ud83e\udd2a|86/100|[from] item: Leftovers\n|upkeep\n|turn|12\n|inactive|mikachu83983 has 30 seconds left.\n|\n|t:|1774212227\n|move|p1b: \u773c\u795e\u5446\u6ede\ud83e\udd2a|Protect|p1b: \u773c\u795e\u5446\u6ede\ud83e\udd2a\n|-singleturn|p1b: \u773c\u795e\u5446\u6ede\ud83e\udd2a|Protect\n|move|p2a: Jiggly Juggernaut|Disable|p1b: \u773c\u795e\u5446\u6ede\ud83e\udd2a\n|-activate|p1b: \u773c\u795e\u5446\u6ede\ud83e\udd2a|move: Protect\n|move|p2b: Spectral Stallion|Astral Barrage|p1b: \u773c\u795e\u5446\u6ede\ud83e\udd2a|[spread] \n|-miss|p2b: Spectral Stallion|p1a: \u68d5\u8272\u5c0f\u6590\u6d4e\u5317\ud83d\ude0b\n|-activate|p1b: \u773c\u795e\u5446\u6ede\ud83e\udd2a|move: Protect\n|\n|-heal|p1b: \u773c\u795e\u5446\u6ede\ud83e\udd2a|92/100|[from] item: Leftovers\n|upkeep\n|turn|13\n|\n|t:|1774212233\n|move|p1b: \u773c\u795e\u5446\u6ede\ud83e\udd2a|Protect||[still]\n|-fail|p1b: \u773c\u795e\u5446\u6ede\ud83e\udd2a\n|move|p2a: Jiggly Juggernaut|Disable|p1b: \u773c\u795e\u5446\u6ede\ud83e\udd2a\n|-start|p1b: \u773c\u795e\u5446\u6ede\ud83e\udd2a|Disable|Protect\n|move|p2b: Spectral Stallion|Astral Barrage|p1a: \u68d5\u8272\u5c0f\u6590\u6d4e\u5317\ud83d\ude0b|[spread] p1b\n|-miss|p2b: Spectral Stallion|p1a: \u68d5\u8272\u5c0f\u6590\u6d4e\u5317\ud83d\ude0b\n|-damage|p1b: \u773c\u795e\u5446\u6ede\ud83e\udd2a|67/100\n|\n|-heal|p1b: \u773c\u795e\u5446\u6ede\ud83e\udd2a|73/100|[from] item: Leftovers\n|-end|p1b: \u773c\u795e\u5446\u6ede\ud83e\udd2a|Encore\n|upkeep\n|turn|14\n|\n|t:|1774212239\n|move|p2a: Jiggly Juggernaut|Encore|p1b: \u773c\u795e\u5446\u6ede\ud83e\udd2a\n|-start|p1b: \u773c\u795e\u5446\u6ede\ud83e\udd2a|Encore\n|move|p2b: Spectral Stallion|Astral Barrage|p1a: \u68d5\u8272\u5c0f\u6590\u6d4e\u5317\ud83d\ude0b|[spread] p1b\n|-miss|p2b: Spectral Stallion|p1a: \u68d5\u8272\u5c0f\u6590\u6d4e\u5317\ud83d\ude0b\n|-damage|p1b: \u773c\u795e\u5446\u6ede\ud83e\udd2a|48/100\n|cant|p1b: \u773c\u795e\u5446\u6ede\ud83e\udd2a|Disable|Protect\n|\n|-heal|p1b: \u773c\u795e\u5446\u6ede\ud83e\udd2a|54/100|[from] item: Leftovers\n|upkeep\n|turn|15\n|\n|t:|1774212251\n|move|p2a: Jiggly Juggernaut|Dazzling Gleam|p1a: \u68d5\u8272\u5c0f\u6590\u6d4e\u5317\ud83d\ude0b|[spread] p1b\n|-miss|p2a: Jiggly Juggernaut|p1a: \u68d5\u8272\u5c0f\u6590\u6d4e\u5317\ud83d\ude0b\n|-damage|p1b: \u773c\u795e\u5446\u6ede\ud83e\udd2a|48/100\n|move|p2b: Spectral Stallion|Astral Barrage|p1a: \u68d5\u8272\u5c0f\u6590\u6d4e\u5317\ud83d\ude0b|[spread] p1b\n|-miss|p2b: Spectral Stallion|p1a: \u68d5\u8272\u5c0f\u6590\u6d4e\u5317\ud83d\ude0b\n|-damage|p1b: \u773c\u795e\u5446\u6ede\ud83e\udd2a|20/100\n|-activate|p1b: \u773c\u795e\u5446\u6ede\ud83e\udd2a|move: Struggle\n|move|p1b: \u773c\u795e\u5446\u6ede\ud83e\udd2a|Struggle|p2a: Jiggly Juggernaut\n|-damage|p2a: Jiggly Juggernaut|82/100\n|-damage|p1b: \u773c\u795e\u5446\u6ede\ud83e\udd2a|0 fnt|[from] recoil\n|faint|p1b: \u773c\u795e\u5446\u6ede\ud83e\udd2a\n|\n|upkeep\n|\n|t:|1774212254\n|switch|p1b: \u8bf6\u4f60\u600e\u4e48\u6b7b\u4e86?\u267f\u267f\u267f|Calyrex-Shadow, L50, tera:Ghost|100/100\n|-ability|p1b: \u8bf6\u4f60\u600e\u4e48\u6b7b\u4e86?\u267f\u267f\u267f|As One\n|-ability|p1b: \u8bf6\u4f60\u600e\u4e48\u6b7b\u4e86?\u267f\u267f\u267f|Unnerve\n|turn|16\n|\n|t:|1774212266\n|move|p2a: Jiggly Juggernaut|Protect|p2a: Jiggly Juggernaut\n|-singleturn|p2a: Jiggly Juggernaut|Protect\n|move|p2b: Spectral Stallion|Protect|p2b: Spectral Stallion\n|-singleturn|p2b: Spectral Stallion|Protect\n|move|p1b: \u8bf6\u4f60\u600e\u4e48\u6b7b\u4e86?\u267f\u267f\u267f|Astral Barrage|p2b: Spectral Stallion|[spread] \n|-activate|p2a: Jiggly Juggernaut|move: Protect\n|-activate|p2b: Spectral Stallion|move: Protect\n|move|p1a: \u68d5\u8272\u5c0f\u6590\u6d4e\u5317\ud83d\ude0b|Muddy Water|p2b: Spectral Stallion|[spread] \n|-activate|p2a: Jiggly Juggernaut|move: Protect\n|-activate|p2b: Spectral Stallion|move: Protect\n|\n|upkeep\n|turn|17\n|\n|t:|1774212281\n|move|p2a: Jiggly Juggernaut|Disable|p1b: \u8bf6\u4f60\u600e\u4e48\u6b7b\u4e86?\u267f\u267f\u267f\n|-start|p1b: \u8bf6\u4f60\u600e\u4e48\u6b7b\u4e86?\u267f\u267f\u267f|Disable|Astral Barrage\n|cant|p1b: \u8bf6\u4f60\u600e\u4e48\u6b7b\u4e86?\u267f\u267f\u267f|Disable|Astral Barrage\n|move|p1a: \u68d5\u8272\u5c0f\u6590\u6d4e\u5317\ud83d\ude0b|Muddy Water|p2a: Jiggly Juggernaut|[spread] p2a,p2b\n|-end|p2b: Spectral Stallion|Substitute\n|-damage|p2a: Jiggly Juggernaut|62/100\n|-unboost|p2a: Jiggly Juggernaut|accuracy|1\n|move|p2b: Spectral Stallion|Astral Barrage|p1a: \u68d5\u8272\u5c0f\u6590\u6d4e\u5317\ud83d\ude0b|[spread] p1a,p1b\n|-supereffective|p1b: \u8bf6\u4f60\u600e\u4e48\u6b7b\u4e86?\u267f\u267f\u267f\n|-damage|p1a: \u68d5\u8272\u5c0f\u6590\u6d4e\u5317\ud83d\ude0b|21/100\n|-damage|p1b: \u8bf6\u4f60\u600e\u4e48\u6b7b\u4e86?\u267f\u267f\u267f|0 fnt\n|faint|p1b: \u8bf6\u4f60\u600e\u4e48\u6b7b\u4e86?\u267f\u267f\u267f\n|-ability|p2b: Spectral Stallion|Grim Neigh|boost\n|-boost|p2b: Spectral Stallion|spa|1\n|\n|upkeep\n|turn|18\n|\n|t:|1774212295\n|move|p2a: Jiggly Juggernaut|Dazzling Gleam|p1a: \u68d5\u8272\u5c0f\u6590\u6d4e\u5317\ud83d\ude0b\n|-supereffective|p1a: \u68d5\u8272\u5c0f\u6590\u6d4e\u5317\ud83d\ude0b\n|-damage|p1a: \u68d5\u8272\u5c0f\u6590\u6d4e\u5317\ud83d\ude0b|0 fnt\n|faint|p1a: \u68d5\u8272\u5c0f\u6590\u6d4e\u5317\ud83d\ude0b\n|\n|win|mikachu83983\n|raw|BanKingambit69247's rating: 1531 &rarr; <strong>1512</strong><br />(-19 for losing)\n|raw|mikachu83983's rating: 1552 &rarr; <strong>1571</strong><br />(+19 for winning)\n|l|\u2606BanKingambit69247\n|player|p1|\n|l|\u2606mikachu83983\n|player|p2|\n","uploadtime":1774212452,"views":14,"formatid":"gen9vgc2026regi","rating":1512,"private":0,"password":null}