{"id":"gen9vgc2026regi-2573401367","format":"[Gen 9] VGC 2026 Reg I","players":["imew2701","d\u2019oh12"],"log":"|j|\u2606imew2701\n|j|\u2606d\u2019oh12\n|t:|1775132921\n|gametype|doubles\n|player|p1|imew2701|266|1295\n|player|p2|d\u2019oh12|fantina|1268\n|gen|9\n|tier|[Gen 9] VGC 2026 Reg I\n|rated|\n|rule|Species Clause: Limit one of each Pok\u00e9mon\n|rule|Item Clause: Limit 1 of each item\n|clearpoke\n|poke|p1|Miraidon, L50|\n|poke|p1|Zamazenta-*, L50|\n|poke|p1|Flutter Mane, L50|\n|poke|p1|Arcanine, L50, F|\n|poke|p1|Raging Bolt, L50|\n|poke|p1|Talonflame, L50, M|\n|poke|p2|Lunala, L50|\n|poke|p2|Groudon, L50|\n|poke|p2|Incineroar, L50, F|\n|poke|p2|Farigiraf, L50, M|\n|poke|p2|Rillaboom, L50, M|\n|poke|p2|Walking Wake, L50|\n|teampreview|4\n|l|\u2606d\u2019oh12\n|player|p2|\n|inactive|Battle timer is ON: inactive players will automatically lose when time's up. (requested by imew2701)\n|inactive|d\u2019oh12 has 30 seconds to reconnect!\n|inactive|d\u2019oh12 has 20 seconds to reconnect!\n|inactive|d\u2019oh12 has 15 seconds to reconnect!\n|inactive|d\u2019oh12 has 10 seconds to reconnect!\n|inactive|d\u2019oh12 has 5 seconds to reconnect!\n|j|\u2606d\u2019oh12\n|inactive|d\u2019oh12 reconnected and has 35 seconds left.\n|player|p2|d\u2019oh12|fantina|\n|inactive|d\u2019oh12 has 30 seconds left.\nimew2701 rejected open team sheets.\n|\n|t:|1775133029\n|teamsize|p1|4\n|teamsize|p2|4\n|start\n|switch|p1a: Miraidon|Miraidon, L50|100/100\n|switch|p1b: Raging Bolt|Raging Bolt, L50|100/100\n|switch|p2a: Lunala|Lunala, L50|100/100\n|switch|p2b: Rillaboom|Rillaboom, L50, M|100/100\n|-fieldstart|move: Electric Terrain|[from] ability: Hadron Engine|[of] p1a: Miraidon\n|-fieldstart|move: Grassy Terrain|[from] ability: Grassy Surge|[of] p2b: Rillaboom\n|turn|1\n|\n|t:|1775133049\n|switch|p1a: Zamazenta|Zamazenta-Crowned, L50|100/100\n|-ability|p1a: Zamazenta|Dauntless Shield|boost\n|-boost|p1a: Zamazenta|def|1\n|move|p2b: Rillaboom|Fake Out|p1b: Raging Bolt\n|-damage|p1b: Raging Bolt|89/100\n|move|p2a: Lunala|Meteor Beam||[still]\n|-prepare|p2a: Lunala|Meteor Beam\n|-boost|p2a: Lunala|spa|1\n|-enditem|p2a: Lunala|Power Herb\n|-anim|p2a: Lunala|Meteor Beam|p1a: Zamazenta\n|-resisted|p1a: Zamazenta\n|-damage|p1a: Zamazenta|88/100\n|move|p1b: Raging Bolt|Snarl|p2b: Rillaboom|[spread] p2a,p2b\n|-supereffective|p2a: Lunala\n|-damage|p2a: Lunala|82/100\n|-damage|p2b: Rillaboom|90/100\n|-unboost|p2a: Lunala|spa|1\n|-unboost|p2b: Rillaboom|spa|1\n|\n|-heal|p1a: Zamazenta|94/100|[from] Grassy Terrain\n|-heal|p2a: Lunala|88/100|[from] Grassy Terrain\n|-heal|p2b: Rillaboom|96/100|[from] Grassy Terrain\n|-heal|p1b: Raging Bolt|95/100|[from] Grassy Terrain\n|upkeep\n|turn|2\n|inactive|imew2701 has 30 seconds left.\n|\n|t:|1775133076\n|move|p1a: Zamazenta|Body Press|p2b: Rillaboom\n|-damage|p2b: Rillaboom|28/100\n|move|p2a: Lunala|Moongeist Beam|p1a: Zamazenta\n|-damage|p1a: Zamazenta|48/100\n|move|p2b: Rillaboom|U-turn|p1b: Raging Bolt\n|-damage|p1b: Raging Bolt|74/100\n|\n|t:|1775133086\n|switch|p2b: Groudon|Groudon, L50, shiny|100/100|[from] U-turn\n|-weather|SunnyDay|[from] ability: Drought|[of] p2b: Groudon\n|-activate|p1b: Raging Bolt|ability: Protosynthesis\n|-start|p1b: Raging Bolt|protosynthesisspa\n|move|p1b: Raging Bolt|Snarl|p2b: Groudon|[spread] p2a,p2b\n|-supereffective|p2a: Lunala\n|-damage|p2a: Lunala|33/100\n|-damage|p2b: Groudon|85/100\n|-unboost|p2a: Lunala|spa|1\n|\n|-weather|SunnyDay|[upkeep]\n|-heal|p1a: Zamazenta|53/100|[from] Grassy Terrain\n|-heal|p2a: Lunala|39/100|[from] Grassy Terrain\n|-heal|p2b: Groudon|91/100|[from] Grassy Terrain\n|-heal|p1b: Raging Bolt|80/100|[from] Grassy Terrain\n|upkeep\n|turn|3\n|inactive|imew2701 has 30 seconds left.\n|inactive|imew2701 has 20 seconds left.\n|inactive|imew2701 has 15 seconds left.\n|\n|t:|1775133126\n|-terastallize|p1b: Raging Bolt|Fairy\n|move|p1a: Zamazenta|Wide Guard|p1a: Zamazenta\n|-singleturn|p1a: Zamazenta|Wide Guard\n|move|p2a: Lunala|Wide Guard|p2a: Lunala\n|-singleturn|p2a: Lunala|Wide Guard\n|move|p2b: Groudon|Precipice Blades|p1b: Raging Bolt|[spread] \n|-activate|p1a: Zamazenta|move: Wide Guard\n|-activate|p1b: Raging Bolt|move: Wide Guard\n|move|p1b: Raging Bolt|Snarl|p2a: Lunala|[spread] \n|-activate|p2a: Lunala|move: Wide Guard\n|-activate|p2b: Groudon|move: Wide Guard\n|\n|-weather|SunnyDay|[upkeep]\n|-heal|p1a: Zamazenta|59/100|[from] Grassy Terrain\n|-heal|p2a: Lunala|45/100|[from] Grassy Terrain\n|-heal|p2b: Groudon|97/100|[from] Grassy Terrain\n|-heal|p1b: Raging Bolt|86/100|[from] Grassy Terrain\n|upkeep\n|turn|4\n|\n|t:|1775133142\n|-terastallize|p2b: Groudon|Fire\n|move|p1a: Zamazenta|Wide Guard|p1a: Zamazenta\n|-singleturn|p1a: Zamazenta|Wide Guard\n|move|p2a: Lunala|Wide Guard|p2a: Lunala\n|-singleturn|p2a: Lunala|Wide Guard\n|move|p2b: Groudon|Fire Punch|p1a: Zamazenta\n|-supereffective|p1a: Zamazenta\n|-damage|p1a: Zamazenta|7/100\n|move|p1b: Raging Bolt|Draco Meteor|p2a: Lunala\n|-damage|p2a: Lunala|0 fnt\n|-unboost|p1b: Raging Bolt|spa|2\n|faint|p2a: Lunala\n|\n|-weather|SunnyDay|[upkeep]\n|-heal|p1a: Zamazenta|13/100|[from] Grassy Terrain\n|-heal|p2b: Groudon|100/100|[from] Grassy Terrain\n|-heal|p1b: Raging Bolt|92/100|[from] Grassy Terrain\n|upkeep\n|\n|t:|1775133154\n|switch|p2a: Rillaboom|Rillaboom, L50, M|28/100\n|turn|5\n|\n|t:|1775133163\n|move|p1a: Zamazenta|Protect||[still]\n|-fail|p1a: Zamazenta\n|move|p2a: Rillaboom|Fake Out|p1a: Zamazenta\n|-resisted|p1a: Zamazenta\n|-damage|p1a: Zamazenta|11/100\n|move|p2b: Groudon|Precipice Blades|p1a: Zamazenta|[spread] p1a,p1b\n|-supereffective|p1a: Zamazenta\n|-damage|p1a: Zamazenta|0 fnt\n|-damage|p1b: Raging Bolt|50/100\n|faint|p1a: Zamazenta\n|move|p1b: Raging Bolt|Draco Meteor|p2a: Rillaboom\n|-damage|p2a: Rillaboom|0 fnt\n|-unboost|p1b: Raging Bolt|spa|2\n|faint|p2a: Rillaboom\n|\n|-weather|SunnyDay|[upkeep]\n|-heal|p1b: Raging Bolt|56/100|[from] Grassy Terrain\n|-fieldend|move: Grassy Terrain\n|upkeep\n|inactive|imew2701 has 30 seconds left.\n|\n|t:|1775133195\n|switch|p1a: Miraidon|Miraidon, L50|100/100\n|switch|p2a: Walking Wake|Walking Wake, L50|100/100\n|-fieldstart|move: Electric Terrain|[from] ability: Hadron Engine|[of] p1a: Miraidon\n|-activate|p2a: Walking Wake|ability: Protosynthesis\n|-start|p2a: Walking Wake|protosynthesisspa\n|turn|6\n|inactive|imew2701 has 30 seconds left.\n|\n|t:|1775133226\n|move|p1a: Miraidon|Protect|p1a: Miraidon\n|-singleturn|p1a: Miraidon|Protect\n|move|p2a: Walking Wake|Draco Meteor|p1a: Miraidon\n|-activate|p1a: Miraidon|move: Protect\n|move|p2b: Groudon|Precipice Blades|p1b: Raging Bolt|[spread] p1b\n|-activate|p1a: Miraidon|move: Protect\n|-damage|p1b: Raging Bolt|6/100\n|move|p1b: Raging Bolt|Draco Meteor|p2a: Walking Wake\n|-supereffective|p2a: Walking Wake\n|-damage|p2a: Walking Wake|35/100\n|-unboost|p1b: Raging Bolt|spa|2\n|\n|-weather|none\n|-end|p2a: Walking Wake|Protosynthesis\n|-end|p1b: Raging Bolt|Protosynthesis\n|upkeep\n|turn|7\n|\n|t:|1775133249\n|move|p2a: Walking Wake|Protect|p2a: Walking Wake\n|-singleturn|p2a: Walking Wake|Protect\n|move|p1a: Miraidon|Electro Drift|p2b: Groudon\n|-damage|p2b: Groudon|0 fnt\n|faint|p2b: Groudon\n|-damage|p1a: Miraidon|91/100|[from] item: Life Orb\n|move|p1b: Raging Bolt|Draco Meteor|p2a: Walking Wake\n|-activate|p2a: Walking Wake|move: Protect\n|\n|upkeep\n|turn|8\n|-message|d\u2019oh12 forfeited.\n|\n|win|imew2701\n|raw|imew2701's rating: 1295 &rarr; <strong>1318</strong><br />(+23 for winning)\n|raw|d\u2019oh12's rating: 1268 &rarr; <strong>1245</strong><br />(-23 for losing)\n|l|\u2606d\u2019oh12\n|player|p2|\n|l|\u2606imew2701\n|player|p1|\n","uploadtime":1775133515,"views":4,"formatid":"gen9vgc2026regi","rating":1245,"private":0,"password":null}