{"id":"gen9vgc2026regi-2520523000","format":"[Gen 9] VGC 2026 Reg I","players":["liam.2025","mosca9876"],"log":"|j|\u2606liam.2025\n|j|\u203dmosca9876\n|t:|1768647904\n|gametype|doubles\n|player|p1|liam.2025|policeman|1467\n|player|p2|mosca9876|169|1354\n|gen|9\n|tier|[Gen 9] VGC 2026 Reg I\n|rated|\n|rule|Species Clause: Limit one of each Pok\u00e9mon\n|rule|Item Clause: Limit 1 of each item\n|clearpoke\n|poke|p1|Murkrow, L50, M|\n|poke|p1|Weezing-Galar, L50, M|\n|poke|p1|Terapagos, L50, M|\n|poke|p1|Smeargle, L50, F|\n|poke|p1|Calyrex-Ice, L50|\n|poke|p1|Ursaluna, L50, F|\n|poke|p2|Miraidon, L50|\n|poke|p2|Calyrex-Ice, L50|\n|poke|p2|Grimmsnarl, L50, M|\n|poke|p2|Sneasler, L50, F|\n|poke|p2|Farigiraf, L50, M|\n|poke|p2|Landorus, L50, M|\n|teampreview|4\n|inactive|Battle timer is ON: inactive players will automatically lose when time's up. (requested by liam.2025)\n|\n|t:|1768647945\n|teamsize|p1|4\n|teamsize|p2|4\n|start\n|switch|p1a: Murkrow|Murkrow, L50, M|100/100\n|switch|p1b: Calyrex|Calyrex-Ice, L50|100/100\n|switch|p2a: Calyrex|Calyrex-Ice, L50|100/100\n|switch|p2b: Grimmsnarl|Grimmsnarl, L50, M|100/100\n|-ability|p1b: Calyrex|As One\n|-ability|p1b: Calyrex|Unnerve\n|-ability|p2a: Calyrex|As One\n|-ability|p2a: Calyrex|Unnerve\n|turn|1\n|\n|t:|1768647969\n|move|p2b: Grimmsnarl|Fake Out|p1b: Calyrex\n|-damage|p1b: Calyrex|94/100\n|move|p2a: Calyrex|Glacial Lance|p1a: Murkrow|[spread] p1a,p1b\n|-supereffective|p1a: Murkrow\n|-resisted|p1b: Calyrex\n|-damage|p1a: Murkrow|0 fnt\n|-damage|p1b: Calyrex|78/100\n|faint|p1a: Murkrow\n|-ability|p2a: Calyrex|Chilling Neigh|boost\n|-boost|p2a: Calyrex|atk|1\n|cant|p1b: Calyrex|flinch\n|\n|upkeep\n|\n|t:|1768647980\n|switch|p1a: Smeargle|Smeargle, L50, F|100/100\n|turn|2\n|\n|t:|1768647998\n|switch|p2b: Farigiraf|Farigiraf, L50, M|100/100\n|move|p1a: Smeargle|Decorate|p1b: Calyrex\n|-boost|p1b: Calyrex|atk|2\n|-boost|p1b: Calyrex|spa|2\n|move|p1b: Calyrex|Imprison|p1b: Calyrex\n|-start|p1b: Calyrex|move: Imprison\n|cant|p2a: Calyrex|move: Imprison|Glacial Lance\n|\n|upkeep\n|turn|3\n|\n|t:|1768648017\n|move|p2a: Calyrex|Protect|p2a: Calyrex\n|-singleturn|p2a: Calyrex|Protect\n|move|p1a: Smeargle|Decorate|p1b: Calyrex\n|-boost|p1b: Calyrex|atk|2\n|-boost|p1b: Calyrex|spa|2\n|move|p1b: Calyrex|Glacial Lance|p2a: Calyrex|[spread] p2b\n|-activate|p2a: Calyrex|move: Protect\n|-damage|p2b: Farigiraf|0 fnt\n|faint|p2b: Farigiraf\n|-ability|p1b: Calyrex|Chilling Neigh|boost\n|-boost|p1b: Calyrex|atk|1\n|\n|upkeep\n|\n|t:|1768648024\n|switch|p2b: Sneasler|Sneasler, L50, F|100/100\n|turn|4\n|\n|t:|1768648037\n|switch|p2a: Grimmsnarl|Grimmsnarl, L50, M|100/100\n|move|p2b: Sneasler|Fake Out|p1b: Calyrex\n|-damage|p1b: Calyrex|70/100\n|move|p1a: Smeargle|Quick Guard|p1a: Smeargle\n|-singleturn|p1a: Smeargle|Quick Guard\n|cant|p1b: Calyrex|flinch\n|\n|upkeep\n|turn|5\n|\n|t:|1768648050\n|-terastallize|p2b: Sneasler|Dark\n|move|p1a: Smeargle|Quick Guard|p1a: Smeargle\n|-singleturn|p1a: Smeargle|Quick Guard\n|move|p2a: Grimmsnarl|Fake Out|p1b: Calyrex\n|-activate|p1b: Calyrex|move: Quick Guard\n|move|p2b: Sneasler|Throat Chop|p1b: Calyrex\n|-supereffective|p1b: Calyrex\n|-crit|p1b: Calyrex\n|-damage|p1b: Calyrex|0 fnt\n|faint|p1b: Calyrex\n|\n|upkeep\n|\n|t:|1768648061\n|switch|p1b: Terapagos|Terapagos, L50, M|100/100\n|-activate|p1b: Terapagos|ability: Tera Shift\n|detailschange|p1b: Terapagos|Terapagos-Terastal, L50, M\n|-heal|p1b: Terapagos|100/100|[silent]\n|turn|6\n|\n|t:|1768648081\n|-terastallize|p1b: Terapagos|Stellar\n|detailschange|p1b: Terapagos|Terapagos-Stellar, L50, M, tera:Stellar\n|-heal|p1b: Terapagos|100/100|[silent]\n|move|p1a: Smeargle|Follow Me|p1a: Smeargle\n|-singleturn|p1a: Smeargle|move: Follow Me\n|move|p2b: Sneasler|Dire Claw|p1a: Smeargle\n|-enditem|p1a: Smeargle|Focus Sash\n|-damage|p1a: Smeargle|1/100\n|move|p1b: Terapagos|Tera Starstorm|p2a: Grimmsnarl|[spread] p2a,p2b\n|-supereffective|p2b: Sneasler\n|-damage|p2a: Grimmsnarl|36/100\n|-damage|p2b: Sneasler|0 fnt\n|faint|p2b: Sneasler\n|move|p2a: Grimmsnarl|Spirit Break|p1a: Smeargle\n|-damage|p1a: Smeargle|0 fnt\n|faint|p1a: Smeargle\n|\n|upkeep\n|\n|t:|1768648092\n|switch|p2b: Calyrex|Calyrex-Ice, L50|100/100\n|-ability|p2b: Calyrex|As One\n|-ability|p2b: Calyrex|Unnerve\n|turn|7\n|\n|t:|1768648106\n|move|p2a: Grimmsnarl|Scary Face|p1b: Terapagos\n|-unboost|p1b: Terapagos|spe|2\n|move|p2b: Calyrex|Glacial Lance|p1b: Terapagos\n|-damage|p1b: Terapagos|53/100\n|move|p1b: Terapagos|Tera Starstorm|p2a: Grimmsnarl|[spread] p2a,p2b\n|-crit|p2b: Calyrex\n|-damage|p2a: Grimmsnarl|0 fnt\n|-damage|p2b: Calyrex|28/100\n|faint|p2a: Grimmsnarl\n|\n|upkeep\n|turn|8\n|c|\u2606liam.2025|final\n|\n|t:|1768648130\n|move|p2b: Calyrex|Glacial Lance|p1b: Terapagos\n|-damage|p1b: Terapagos|7/100\n|move|p1b: Terapagos|Tera Starstorm|p2b: Calyrex\n|-damage|p2b: Calyrex|0 fnt\n|faint|p2b: Calyrex\n|\n|win|liam.2025\n|raw|liam.2025's rating: 1467 &rarr; <strong>1481</strong><br />(+14 for winning)\n|raw|mosca9876's rating: 1354 &rarr; <strong>1340</strong><br />(-14 for losing)\n|c|\u2606liam.2025|gg\n|l|\u203dmosca9876\n|player|p2|\n","uploadtime":1768648369,"views":17,"formatid":"gen9vgc2026regi","rating":1340,"private":0,"password":null}