{"id":"gen9vgc2026regi-2563077745","format":"[Gen 9] VGC 2026 Reg I","players":["dabidow","Vectorpd"],"log":"|j|\u2606dabidow\n|j|\u2606Vectorpd\n|t:|1773981765\n|gametype|doubles\n|player|p1|dabidow|pokekid|1372\n|player|p2|Vectorpd|picnicker|1416\n|gen|9\n|tier|[Gen 9] VGC 2026 Reg I\n|rated|\n|rule|Species Clause: Limit one of each Pok\u00e9mon\n|rule|Item Clause: Limit 1 of each item\n|clearpoke\n|poke|p1|Zamazenta-*, L50|\n|poke|p1|Miraidon, L50|\n|poke|p1|Farigiraf, L50, F|\n|poke|p1|Volcarona, L50, M|\n|poke|p1|Whimsicott, L50, M|\n|poke|p1|Ogerpon-Cornerstone, L50, F|\n|poke|p2|Calyrex-Shadow, L50|\n|poke|p2|Zamazenta-*, L50|\n|poke|p2|Raging Bolt, L50|\n|poke|p2|Rillaboom, L50, M|\n|poke|p2|Tornadus, L50, M|\n|poke|p2|Smeargle, L50, M|\n|teampreview|4\n|inactive|Battle timer is ON: inactive players will automatically lose when time's up. (requested by dabidow)\n|inactive|dabidow has 60 seconds left.\n|\n|t:|1773981816\n|teamsize|p1|4\n|teamsize|p2|4\n|start\n|switch|p1a: Miraidihh|Miraidon, L50, shiny|100/100\n|switch|p1b: OgerponKidneystone|Ogerpon-Cornerstone, L50, F|100/100\n|switch|p2a: Smeargle|Smeargle, L50, M|100/100\n|switch|p2b: Raging Bolt|Raging Bolt, L50|100/100\n|-fieldstart|move: Electric Terrain|[from] ability: Hadron Engine|[of] p1a: Miraidihh\n|-enditem|p2b: Raging Bolt|Booster Energy\n|-activate|p2b: Raging Bolt|ability: Protosynthesis|[fromitem]\n|-start|p2b: Raging Bolt|protosynthesisspa\n|turn|1\n|inactive|dabidow has 30 seconds left.\n|inactive|dabidow has 20 seconds left.\n|inactive|dabidow has 15 seconds left.\n|\n|t:|1773981857\n|-terastallize|p1a: Miraidihh|Electric\n|-terastallize|p2b: Raging Bolt|Electric\n|move|p1b: OgerponKidneystone|Follow Me|p1b: OgerponKidneystone\n|-singleturn|p1b: OgerponKidneystone|move: Follow Me\n|move|p1a: Miraidihh|Draco Meteor|p2b: Raging Bolt\n|-damage|p2b: Raging Bolt|14/100\n|-unboost|p1a: Miraidihh|spa|2\n|move|p2a: Smeargle|Decorate|p1b: OgerponKidneystone\n|-boost|p1b: OgerponKidneystone|atk|2\n|-boost|p1b: OgerponKidneystone|spa|2\n|move|p2b: Raging Bolt|Thunderbolt|p1b: OgerponKidneystone\n|-resisted|p1b: OgerponKidneystone\n|-damage|p1b: OgerponKidneystone|32/100\n|\n|-ability|p2a: Smeargle|Moody|boost\n|-boost|p2a: Smeargle|atk|2\n|-unboost|p2a: Smeargle|def|1\n|upkeep\n|turn|2\n|inactive|dabidow has 30 seconds left.\n|inactive|Vectorpd has 30 seconds left.\n|inactive|dabidow has 20 seconds left.\n|inactive|dabidow has 15 seconds left.\n|\n|t:|1773981901\n|move|p1b: OgerponKidneystone|Spiky Shield|p1b: OgerponKidneystone\n|-singleturn|p1b: OgerponKidneystone|move: Protect\n|move|p2a: Smeargle|Follow Me|p2a: Smeargle\n|-singleturn|p2a: Smeargle|move: Follow Me\n|move|p1a: Miraidihh|Volt Switch|p2a: Smeargle\n|-enditem|p2a: Smeargle|Focus Sash\n|-damage|p2a: Smeargle|1/100\n|\n|t:|1773981913\n|switch|p1a: Whimscott|Whimsicott, L50, M, shiny|100/100|[from] Volt Switch\n|move|p2b: Raging Bolt|Thunderbolt|p1b: OgerponKidneystone\n|-activate|p1b: OgerponKidneystone|move: Protect\n|\n|-ability|p2a: Smeargle|Moody|boost\n|-boost|p2a: Smeargle|spd|2\n|-unboost|p2a: Smeargle|atk|1\n|upkeep\n|turn|3\n|\n|t:|1773981927\n|move|p1a: Whimscott|Tailwind|p1a: Whimscott\n|-sidestart|p1: dabidow|move: Tailwind\n|move|p2b: Raging Bolt|Thunderclap|p1b: OgerponKidneystone\n|-resisted|p1b: OgerponKidneystone\n|-damage|p1b: OgerponKidneystone|0 fnt\n|faint|p1b: OgerponKidneystone\n|move|p2a: Smeargle|Decorate|p2b: Raging Bolt\n|-boost|p2b: Raging Bolt|atk|2\n|-boost|p2b: Raging Bolt|spa|2\n|\n|-ability|p2a: Smeargle|Moody|boost\n|-boost|p2a: Smeargle|atk|2\n|-unboost|p2a: Smeargle|spe|1\n|upkeep\n|\n|t:|1773981937\n|switch|p1b: Miraidihh|Miraidon, L50, shiny, tera:Electric|100/100\n|-activate|p1b: Miraidihh|ability: Hadron Engine\n|turn|4\n|inactive|Vectorpd has 30 seconds left.\n|\n|t:|1773981964\n|move|p1a: Whimscott|Protect|p1a: Whimscott\n|-singleturn|p1a: Whimscott|Protect\n|move|p2a: Smeargle|Follow Me|p2a: Smeargle\n|-singleturn|p2a: Smeargle|move: Follow Me\n|move|p2b: Raging Bolt|Thunderclap||[still]\n|-fail|p2b: Raging Bolt\n|move|p1b: Miraidihh|Snarl|p2a: Smeargle|[spread] p2a,p2b\n|-damage|p2a: Smeargle|0 fnt\n|-damage|p2b: Raging Bolt|0 fnt\n|faint|p2a: Smeargle\n|faint|p2b: Raging Bolt\n|-end|p2b: Raging Bolt|Protosynthesis|[silent]\n|\n|upkeep\n|\n|t:|1773981970\n|switch|p2a: Calyrex|Calyrex-Shadow, L50|100/100\n|switch|p2b: Zamazenta|Zamazenta-Crowned, L50|100/100\n|-ability|p2a: Calyrex|As One\n|-ability|p2a: Calyrex|Unnerve\n|-ability|p2b: Zamazenta|Dauntless Shield|boost\n|-boost|p2b: Zamazenta|def|1\n|turn|5\n|l|\u2606dabidow\n|inactive|dabidow disconnected and has a minute to reconnect!\n|player|p1|\n|inactive|dabidow has 30 seconds left.\n|inactive|dabidow has 20 seconds left.\n|inactive|dabidow has 15 seconds left.\n|inactive|dabidow has 10 seconds left.\n|j|\u2606dabidow\n|inactive|dabidow reconnected and has 10 seconds left.\n|player|p1|dabidow|pokekid|\n|inactive|dabidow has 5 seconds left.\n|\n|t:|1773982025\n|move|p2b: Zamazenta|Wide Guard|p2b: Zamazenta\n|-singleturn|p2b: Zamazenta|Wide Guard\n|move|p1a: Whimscott|Moonblast|p2b: Zamazenta\n|-damage|p2b: Zamazenta|77/100\n|move|p1b: Miraidihh|Volt Switch|p2a: Calyrex\n|-damage|p2a: Calyrex|17/100\n|\n|t:|1773982033\n|switch|p1b: Zamazenta-Clowned|Zamazenta-Crowned, L50, shiny|100/100|[from] Volt Switch\n|-ability|p1b: Zamazenta-Clowned|Dauntless Shield|boost\n|-boost|p1b: Zamazenta-Clowned|def|1\n|move|p2a: Calyrex|Astral Barrage|p1a: Whimscott|[spread] p1a,p1b\n|-enditem|p1a: Whimscott|Focus Sash\n|-damage|p1a: Whimscott|1/100\n|-damage|p1b: Zamazenta-Clowned|49/100\n|-damage|p2a: Calyrex|7/100|[from] item: Life Orb\n|\n|-fieldend|move: Electric Terrain\n|upkeep\n|turn|6\n|inactive|dabidow has 30 seconds left.\n|inactive|dabidow has 20 seconds left.\n|\n|t:|1773982071\n|move|p2a: Calyrex|Protect|p2a: Calyrex\n|-singleturn|p2a: Calyrex|Protect\n|move|p1a: Whimscott|Endeavor|p2b: Zamazenta\n|-damage|p2b: Zamazenta|1/100\n|move|p1b: Zamazenta-Clowned|Heavy Slam|p2a: Calyrex\n|-activate|p2a: Calyrex|move: Protect\n|move|p2b: Zamazenta|Body Press|p1b: Zamazenta-Clowned\n|-supereffective|p1b: Zamazenta-Clowned\n|-damage|p1b: Zamazenta-Clowned|0 fnt\n|faint|p1b: Zamazenta-Clowned\n|\n|-sideend|p1: dabidow|move: Tailwind\n|upkeep\n|\n|t:|1773982081\n|switch|p1b: Miraidihh|Miraidon, L50, shiny, tera:Electric|100/100\n|-fieldstart|move: Electric Terrain|[from] ability: Hadron Engine|[of] p1b: Miraidihh\n|turn|7\n|\n|t:|1773982086\n|move|p2b: Zamazenta|Wide Guard|p2b: Zamazenta\n|-singleturn|p2b: Zamazenta|Wide Guard\n|move|p1a: Whimscott|Tailwind|p1a: Whimscott\n|-sidestart|p1: dabidow|move: Tailwind\n|move|p1b: Miraidihh|Snarl|p2b: Zamazenta|[spread] \n|-activate|p2a: Calyrex|move: Wide Guard\n|-activate|p2b: Zamazenta|move: Wide Guard\n|move|p2a: Calyrex|Astral Barrage|p1a: Whimscott|[spread] p1a,p1b\n|-damage|p1a: Whimscott|0 fnt\n|-damage|p1b: Miraidihh|67/100\n|faint|p1a: Whimscott\n|-ability|p2a: Calyrex|Grim Neigh|boost\n|-boost|p2a: Calyrex|spa|1\n|-damage|p2a: Calyrex|0 fnt|[from] item: Life Orb\n|faint|p2a: Calyrex\n|\n|upkeep\n|turn|8\n|inactive|Vectorpd has 30 seconds left.\n|\n|t:|1773982111\n|move|p2b: Zamazenta|Protect||[still]\n|-fail|p2b: Zamazenta\n|move|p1b: Miraidihh|Electro Drift|p2b: Zamazenta\n|-damage|p2b: Zamazenta|0 fnt\n|faint|p2b: Zamazenta\n|\n|win|dabidow\n|raw|dabidow's rating: 1372 &rarr; <strong>1395</strong><br />(+23 for winning)\n|raw|Vectorpd's rating: 1416 &rarr; <strong>1393</strong><br />(-23 for losing)\n|l|\u2606Vectorpd\n|player|p2|\n|l|\u2606dabidow\n|player|p1|\n|j|\u2606dabidow\n|player|p1|dabidow|pokekid|\n|l|\u2606dabidow\n|player|p1|\n","uploadtime":1773982119,"views":15,"formatid":"gen9vgc2026regi","rating":1393,"private":0,"password":null}