{"id":"gen9vgc2026regi-2573361271","format":"[Gen 9] VGC 2026 Reg I","players":["navinsachump","avarussurava"],"log":"|j|\u2606navinsachump\n|j|\u2606avarussurava\n|t:|1775127912\n|gametype|doubles\n|player|p1|navinsachump|266|1464\n|player|p2|avarussurava|265|1381\n|gen|9\n|tier|[Gen 9] VGC 2026 Reg I\n|rated|\n|rule|Species Clause: Limit one of each Pok\u00e9mon\n|rule|Item Clause: Limit 1 of each item\n|clearpoke\n|poke|p1|Calyrex-Shadow, L50|\n|poke|p1|Koraidon, L50|\n|poke|p1|Raging Bolt, L50|\n|poke|p1|Brute Bonnet, L50|\n|poke|p1|Landorus, L50, M|\n|poke|p1|Incineroar, L50, F|\n|poke|p2|Tyranitar, L50, F|\n|poke|p2|Kyogre, L50|\n|poke|p2|Zamazenta-*, L50|\n|poke|p2|Gastrodon, L50, F|\n|poke|p2|Sinistcha, L50|\n|poke|p2|Ceruledge, L50, M|\n|teampreview|4\n|j| CrazyyBoi\n|inactive|Battle timer is ON: inactive players will automatically lose when time's up. (requested by navinsachump)\n|\n|t:|1775127935\n|teamsize|p1|4\n|teamsize|p2|4\n|start\n|switch|p1a: Calyrex|Calyrex-Shadow, L50|100/100\n|switch|p1b: Brute Bonnet|Brute Bonnet, L50|100/100\n|switch|p2a: Zamazenta|Zamazenta-Crowned, L50|100/100\n|switch|p2b: Ceruledge|Ceruledge, L50, M|100/100\n|-ability|p1a: Calyrex|As One\n|-ability|p1a: Calyrex|Unnerve\n|-ability|p2a: Zamazenta|Dauntless Shield|boost\n|-boost|p2a: Zamazenta|def|1\n|turn|1\n|\n|t:|1775127949\n|-terastallize|p1b: Brute Bonnet|Water\n|move|p1a: Calyrex|Protect|p1a: Calyrex\n|-singleturn|p1a: Calyrex|Protect\n|move|p2a: Zamazenta|Wide Guard|p2a: Zamazenta\n|-singleturn|p2a: Zamazenta|Wide Guard\n|move|p2b: Ceruledge|Taunt|p1b: Brute Bonnet\n|-start|p1b: Brute Bonnet|move: Taunt\n|cant|p1b: Brute Bonnet|move: Taunt|Spore\n|\n|upkeep\n|turn|2\n|j| fallacy277\n|\n|t:|1775127975\n|move|p2a: Zamazenta|Wide Guard|p2a: Zamazenta\n|-singleturn|p2a: Zamazenta|Wide Guard\n|move|p1b: Brute Bonnet|Sucker Punch||[still]\n|-fail|p1b: Brute Bonnet\n|move|p1a: Calyrex|Astral Barrage|p2b: Ceruledge|[spread] \n|-activate|p2a: Zamazenta|move: Wide Guard\n|-activate|p2b: Ceruledge|move: Wide Guard\n|move|p2b: Ceruledge|Taunt|p1a: Calyrex\n|-start|p1a: Calyrex|move: Taunt\n|\n|upkeep\n|turn|3\n|\n|t:|1775127996\n|switch|p1a: Raging Bolt|Raging Bolt, L50|100/100\n|move|p2a: Zamazenta|Wide Guard|p2a: Zamazenta\n|-singleturn|p2a: Zamazenta|Wide Guard\n|move|p1b: Brute Bonnet|Sucker Punch||[still]\n|-fail|p1b: Brute Bonnet\n|move|p2b: Ceruledge|Bulk Up|p2b: Ceruledge\n|-boost|p2b: Ceruledge|atk|1\n|-boost|p2b: Ceruledge|def|1\n|\n|-end|p1b: Brute Bonnet|move: Taunt\n|upkeep\n|turn|4\n|inactive|navinsachump has 30 seconds left.\n|\n|t:|1775128023\n|-end|p1b: Brute Bonnet|Protosynthesis|[silent]\n|switch|p1b: Koraidon|Koraidon, L50|100/100\n|-weather|SunnyDay|[from] ability: Orichalcum Pulse|[of] p1b: Koraidon\n|-activate|p1a: Raging Bolt|ability: Protosynthesis\n|-start|p1a: Raging Bolt|protosynthesisspa\n|-activate|p1b: Koraidon|Orichalcum Pulse|[source]\n|move|p2a: Zamazenta|Snarl|p1b: Koraidon|[spread] p1a,p1b\n|-resisted|p1b: Koraidon\n|-damage|p1a: Raging Bolt|96/100\n|-damage|p1b: Koraidon|97/100\n|-unboost|p1a: Raging Bolt|spa|1\n|move|p2b: Ceruledge|Taunt|p1b: Koraidon\n|-start|p1b: Koraidon|move: Taunt\n|move|p1a: Raging Bolt|Volt Switch|p2b: Ceruledge\n|-damage|p2b: Ceruledge|66/100\n|\n|t:|1775128046\n|-end|p1a: Raging Bolt|Protosynthesis|[silent]\n|switch|p1a: Calyrex|Calyrex-Shadow, L50|100/100|[from] Volt Switch\n|-ability|p1a: Calyrex|As One\n|-ability|p1a: Calyrex|Unnerve\n|\n|-weather|SunnyDay|[upkeep]\n|upkeep\n|turn|5\n|\n|t:|1775128064\n|move|p2a: Zamazenta|Wide Guard|p2a: Zamazenta\n|-singleturn|p2a: Zamazenta|Wide Guard\n|move|p1a: Calyrex|Psychic|p2b: Ceruledge\n|-damage|p2b: Ceruledge|12/100\n|move|p1b: Koraidon|Collision Course|p2a: Zamazenta\n|-supereffective|p2a: Zamazenta\n|-damage|p2a: Zamazenta|21/100\n|move|p2b: Ceruledge|Bitter Blade|p1a: Calyrex\n|-enditem|p1a: Calyrex|Focus Sash\n|-damage|p1a: Calyrex|1/100\n|-heal|p2b: Ceruledge|70/100|[from] drain|[of] p1a: Calyrex\n|\n|-weather|SunnyDay|[upkeep]\n|upkeep\n|turn|6\n|inactive|avarussurava has 30 seconds left.\n|inactive|avarussurava has 20 seconds left.\n|inactive|navinsachump has 30 seconds left.\n|inactive|avarussurava has 15 seconds left.\n|inactive|navinsachump has 20 seconds left.\n|\n|t:|1775128118\n|switch|p2a: Gastrodon|Gastrodon, L50, F|100/100\n|move|p1a: Calyrex|Protect|p1a: Calyrex\n|-singleturn|p1a: Calyrex|Protect\n|move|p2b: Ceruledge|Shadow Sneak|p1a: Calyrex\n|-activate|p1a: Calyrex|move: Protect\n|move|p1b: Koraidon|Collision Course|p2a: Gastrodon\n|-damage|p2a: Gastrodon|30/100\n|\n|-weather|SunnyDay|[upkeep]\n|-end|p1b: Koraidon|move: Taunt\n|upkeep\n|turn|7\n|\n|t:|1775128138\n|switch|p1a: Brute Bonnet|Brute Bonnet, L50, tera:Water|100/100\n|-activate|p1a: Brute Bonnet|ability: Protosynthesis\n|-start|p1a: Brute Bonnet|protosynthesisdef\n|switch|p2a: Sinistcha|Sinistcha, L50|100/100\n|-heal|p2b: Ceruledge|95/100|[from] ability: Hospitality|[of] p2a: Sinistcha\n|move|p2b: Ceruledge|Shadow Sneak|p1a: Brute Bonnet\n|-damage|p1a: Brute Bonnet|84/100\n|move|p1b: Koraidon|Collision Course|p2a: Sinistcha\n|-immune|p2a: Sinistcha\n|\n|-weather|SunnyDay|[upkeep]\n|upkeep\n|turn|8\n|inactive|avarussurava has 30 seconds left.\n|inactive|avarussurava has 20 seconds left.\n|inactive|avarussurava has 15 seconds left.\n|inactive|avarussurava has 10 seconds left.\n|inactive|avarussurava has 5 seconds left.\n|\n|t:|1775128193\n|switch|p1b: Calyrex|Calyrex-Shadow, L50|1/100\n|-ability|p1b: Calyrex|As One\n|-ability|p1b: Calyrex|Unnerve\n|move|p1a: Brute Bonnet|Rage Powder|p1a: Brute Bonnet\n|-singleturn|p1a: Brute Bonnet|move: Rage Powder\n|move|p2b: Ceruledge|Taunt|p1a: Brute Bonnet\n|-start|p1a: Brute Bonnet|move: Taunt\n|move|p2a: Sinistcha|Matcha Gotcha|p1b: Calyrex|[spread] p1a\n|-miss|p2a: Sinistcha|p1b: Calyrex\n|-supereffective|p1a: Brute Bonnet\n|-damage|p1a: Brute Bonnet|34/100\n|\n|-weather|none\n|-end|p1a: Brute Bonnet|Protosynthesis\n|upkeep\n|turn|9\n|inactive|navinsachump has 30 seconds left.\n|inactive|avarussurava has 30 seconds left.\n|\n|t:|1775128222\n|switch|p1b: Koraidon|Koraidon, L50|97/100\n|-weather|SunnyDay|[from] ability: Orichalcum Pulse|[of] p1b: Koraidon\n|-activate|p1a: Brute Bonnet|ability: Protosynthesis\n|-start|p1a: Brute Bonnet|protosynthesisdef\n|-activate|p1b: Koraidon|Orichalcum Pulse|[source]\n|-end|p1a: Brute Bonnet|Protosynthesis|[silent]\n|switch|p1a: Raging Bolt|Raging Bolt, L50|96/100\n|-activate|p1a: Raging Bolt|ability: Protosynthesis\n|-start|p1a: Raging Bolt|protosynthesisspa\n|move|p2b: Ceruledge|Shadow Sneak|p1b: Koraidon\n|-damage|p1b: Koraidon|69/100\n|move|p2a: Sinistcha|Matcha Gotcha|p1b: Koraidon|[spread] p1a,p1b\n|-resisted|p1a: Raging Bolt\n|-crit|p1a: Raging Bolt\n|-resisted|p1b: Koraidon\n|-damage|p1a: Raging Bolt|83/100\n|-damage|p1b: Koraidon|54/100\n|-status|p1b: Koraidon|brn\n|\n|-weather|SunnyDay|[upkeep]\n|-damage|p1b: Koraidon|48/100 brn|[from] brn\n|upkeep\n|turn|10\n|inactive|avarussurava has 30 seconds left.\n|inactive|avarussurava has 20 seconds left.\n|inactive|avarussurava has 15 seconds left.\n|inactive|avarussurava has 10 seconds left.\n|inactive|avarussurava has 5 seconds left.\n|\n|t:|1775128273\n|-terastallize|p2b: Ceruledge|Ghost\n|move|p2a: Sinistcha|Rage Powder|p2a: Sinistcha\n|-singleturn|p2a: Sinistcha|move: Rage Powder\n|move|p1b: Koraidon|Flare Blitz|p2a: Sinistcha\n|-supereffective|p2a: Sinistcha\n|-damage|p2a: Sinistcha|26/100\n|-enditem|p2a: Sinistcha|Sitrus Berry|[eat]\n|-heal|p2a: Sinistcha|50/100|[from] item: Sitrus Berry\n|-damage|p1b: Koraidon|30/100 brn|[from] Recoil\n|move|p2b: Ceruledge|Bitter Blade|p1a: Raging Bolt\n|-resisted|p1a: Raging Bolt\n|-damage|p1a: Raging Bolt|40/100\n|-heal|p2b: Ceruledge|100/100|[from] drain|[of] p1a: Raging Bolt\n|move|p1a: Raging Bolt|Dragon Pulse|p2a: Sinistcha\n|-damage|p2a: Sinistcha|0 fnt\n|faint|p2a: Sinistcha\n|\n|-weather|SunnyDay|[upkeep]\n|-damage|p1b: Koraidon|23/100 brn|[from] brn\n|upkeep\n|inactive|avarussurava has 30 seconds left.\n|\n|t:|1775128299\n|switch|p2a: Gastrodon|Gastrodon, L50, F|30/100\n|turn|11\n|\n|t:|1775128316\n|move|p1b: Koraidon|Collision Course|p2a: Gastrodon\n|-damage|p2a: Gastrodon|0 fnt\n|faint|p2a: Gastrodon\n|move|p2b: Ceruledge|Bitter Blade|p1a: Raging Bolt\n|-resisted|p1a: Raging Bolt\n|-damage|p1a: Raging Bolt|0 fnt\n|faint|p1a: Raging Bolt\n|-end|p1a: Raging Bolt|Protosynthesis|[silent]\n|\n|-weather|SunnyDay|[upkeep]\n|-damage|p1b: Koraidon|17/100 brn|[from] brn\n|upkeep\n|\n|t:|1775128330\n|switch|p1a: Brute Bonnet|Brute Bonnet, L50, tera:Water|34/100\n|switch|p2a: Zamazenta|Zamazenta-Crowned, L50|21/100\n|-activate|p1a: Brute Bonnet|ability: Protosynthesis\n|-start|p1a: Brute Bonnet|protosynthesisdef\n|turn|12\n|\n|t:|1775128344\n|-end|p1a: Brute Bonnet|Protosynthesis|[silent]\n|switch|p1a: Calyrex|Calyrex-Shadow, L50|1/100\n|-ability|p1a: Calyrex|As One\n|-ability|p1a: Calyrex|Unnerve\n|move|p1b: Koraidon|Collision Course|p2a: Zamazenta\n|-supereffective|p2a: Zamazenta\n|-damage|p2a: Zamazenta|0 fnt\n|faint|p2a: Zamazenta\n|move|p2b: Ceruledge|Taunt|p1a: Calyrex\n|-start|p1a: Calyrex|move: Taunt\n|\n|-weather|SunnyDay|[upkeep]\n|-damage|p1b: Koraidon|11/100 brn|[from] brn\n|upkeep\n|turn|13\n|inactive|navinsachump has 30 seconds left.\n|\n|t:|1775128370\n|switch|p1a: Brute Bonnet|Brute Bonnet, L50, tera:Water|34/100\n|-activate|p1a: Brute Bonnet|ability: Protosynthesis\n|-start|p1a: Brute Bonnet|protosynthesisdef\n|move|p2b: Ceruledge|Shadow Sneak|p1a: Brute Bonnet\n|-damage|p1a: Brute Bonnet|13/100\n|move|p1b: Koraidon|Collision Course|p2b: Ceruledge\n|-immune|p2b: Ceruledge\n|\n|-weather|none\n|-end|p1a: Brute Bonnet|Protosynthesis\n|-damage|p1b: Koraidon|5/100 brn|[from] brn\n|upkeep\n|turn|14\n|\n|t:|1775128394\n|-end|p1a: Brute Bonnet|Protosynthesis|[silent]\n|switch|p1a: Calyrex|Calyrex-Shadow, L50|1/100\n|-ability|p1a: Calyrex|As One\n|-ability|p1a: Calyrex|Unnerve\n|move|p1b: Koraidon|Collision Course|p2b: Ceruledge\n|-immune|p2b: Ceruledge\n|move|p2b: Ceruledge|Taunt|p1a: Calyrex\n|-start|p1a: Calyrex|move: Taunt\n|\n|-damage|p1b: Koraidon|0 fnt|[from] brn\n|faint|p1b: Koraidon\n|upkeep\n|\n|t:|1775128395\n|switch|p1b: Brute Bonnet|Brute Bonnet, L50, tera:Water|13/100\n|turn|15\n|\n|t:|1775128410\n|move|p1b: Brute Bonnet|Rage Powder|p1b: Brute Bonnet\n|-singleturn|p1b: Brute Bonnet|move: Rage Powder\n|move|p2b: Ceruledge|Shadow Sneak|p1a: Calyrex\n|-supereffective|p1a: Calyrex\n|-damage|p1a: Calyrex|0 fnt\n|faint|p1a: Calyrex\n|\n|upkeep\n|turn|16\n|\n|t:|1775128424\n|move|p2b: Ceruledge|Shadow Sneak|p1b: Brute Bonnet\n|-damage|p1b: Brute Bonnet|0 fnt\n|faint|p1b: Brute Bonnet\n|-end|p1b: Brute Bonnet|Protosynthesis|[silent]\n|\n|win|avarussurava\n|raw|navinsachump's rating: 1464 &rarr; <strong>1439</strong><br />(-25 for losing)\n|raw|avarussurava's rating: 1381 &rarr; <strong>1406</strong><br />(+25 for winning)\n|l|\u2606navinsachump\n|player|p1|\n|l| fallacy277\n|l| CrazyyBoi\n","uploadtime":1775128429,"views":13,"formatid":"gen9vgc2026regi","rating":1406,"private":0,"password":null}