{"id":"gen9vgc2026regi-2558126103","format":"[Gen 9] VGC 2026 Reg I","players":["mtbsj","dasabe\u76d6\u6b27\u5361\u4fa0"],"log":"|j|\u2606mtbsj\n|j|\u2606dasabe\u76d6\u6b27\u5361\u4fa0\n|t:|1773405958\n|gametype|doubles\n|player|p1|mtbsj|blue|1507\n|player|p2|dasabe\u76d6\u6b27\u5361\u4fa0|may-masters4|1434\n|gen|9\n|tier|[Gen 9] VGC 2026 Reg I\n|rated|\n|rule|Species Clause: Limit one of each Pok\u00e9mon\n|rule|Item Clause: Limit 1 of each item\n|clearpoke\n|poke|p1|Hitmontop, L50, M|\n|poke|p1|Terapagos, L50, M|\n|poke|p1|Calyrex-Shadow, L50|\n|poke|p1|Ogerpon-Cornerstone, L50, F|\n|poke|p1|Dragonite, L50, F|\n|poke|p1|Whimsicott, L50, F|\n|poke|p2|Tatsugiri, L50, F|\n|poke|p2|Dondozo, L50, M|\n|poke|p2|Miraidon, L50|\n|poke|p2|Calyrex-Ice, L50|\n|poke|p2|Incineroar, L50, M|\n|poke|p2|Landorus, L50, M|\n|teampreview|4\n|inactive|Battle timer is ON: inactive players will automatically lose when time's up. (requested by mtbsj)\n|\n|t:|1773405974\n|teamsize|p1|4\n|teamsize|p2|4\n|start\n|switch|p1a: Hitmontop|Hitmontop, L50, M|100/100\n|switch|p1b: Terapagos|Terapagos, L50, M|100/100\n|switch|p2a: \u662f\u554a\uff0c\u5403\u4ec0\u4e48|Dondozo, L50, M, shiny|100/100\n|switch|p2b: \u94f6\u91d1\u5996\u86c7|Miraidon, L50, shiny|100/100\n|-activate|p1b: Terapagos|ability: Tera Shift\n|detailschange|p1b: Terapagos|Terapagos-Terastal, L50, M\n|-heal|p1b: Terapagos|100/100|[silent]\n|-fieldstart|move: Electric Terrain|[from] ability: Hadron Engine|[of] p2b: \u94f6\u91d1\u5996\u86c7\n|-ability|p1a: Hitmontop|Intimidate|boost\n|-fail|p2a: \u662f\u554a\uff0c\u5403\u4ec0\u4e48|unboost|Attack|[from] ability: Oblivious|[of] p2a: \u662f\u554a\uff0c\u5403\u4ec0\u4e48\n|-unboost|p2b: \u94f6\u91d1\u5996\u86c7|atk|1\n|turn|1\n|inactive|mtbsj has 30 seconds left.\n|\n|t:|1773405999\n|switch|p2a: \u629b\u5f00\u864e\u54e5\u54ee\u7a74|Incineroar, L50, M, shiny|100/100\n|-ability|p2a: \u629b\u5f00\u864e\u54e5\u54ee\u7a74|Intimidate|boost\n|-unboost|p1a: Hitmontop|atk|1\n|-unboost|p1b: Terapagos|atk|1\n|-terastallize|p1b: Terapagos|Stellar\n|detailschange|p1b: Terapagos|Terapagos-Stellar, L50, M, tera:Stellar\n|-heal|p1b: Terapagos|100/100|[silent]\n|-ability|p1b: Terapagos|Teraform Zero\n|-fieldend|move: Electric Terrain\n|move|p1a: Hitmontop|Vacuum Wave|p1b: Terapagos\n|-supereffective|p1b: Terapagos\n|-damage|p1b: Terapagos|95/100\n|-enditem|p1b: Terapagos|Weakness Policy\n|-boost|p1b: Terapagos|atk|2|[from] item: Weakness Policy\n|-boost|p1b: Terapagos|spa|2|[from] item: Weakness Policy\n|move|p2b: \u94f6\u91d1\u5996\u86c7|Snarl|p1b: Terapagos|[spread] p1a,p1b\n|-resisted|p1a: Hitmontop\n|-damage|p1a: Hitmontop|94/100\n|-damage|p1b: Terapagos|85/100\n|-unboost|p1a: Hitmontop|spa|1\n|-unboost|p1b: Terapagos|spa|1\n|-enditem|p1a: Hitmontop|Eject Button\n|\n|t:|1773406020\n|switch|p1a: Ogerpon|Ogerpon-Cornerstone, L50, F|100/100\n|move|p1b: Terapagos|Tera Starstorm|p2a: \u629b\u5f00\u864e\u54e5\u54ee\u7a74|[spread] p2a,p2b\n|-damage|p2a: \u629b\u5f00\u864e\u54e5\u54ee\u7a74|70/100\n|-damage|p2b: \u94f6\u91d1\u5996\u86c7|52/100\n|\n|upkeep\n|turn|2\n|\n|t:|1773406032\n|switch|p1a: Hitmontop|Hitmontop, L50, M|94/100\n|-ability|p1a: Hitmontop|Intimidate|boost\n|-unboost|p2a: \u629b\u5f00\u864e\u54e5\u54ee\u7a74|atk|1\n|-unboost|p2b: \u94f6\u91d1\u5996\u86c7|atk|1\n|move|p1b: Terapagos|Protect|p1b: Terapagos\n|-singleturn|p1b: Terapagos|Protect\n|move|p2a: \u629b\u5f00\u864e\u54e5\u54ee\u7a74|Fake Out|p1b: Terapagos\n|-activate|p1b: Terapagos|move: Protect\n|move|p2b: \u94f6\u91d1\u5996\u86c7|Snarl|p1a: Hitmontop|[spread] p1a\n|-activate|p1b: Terapagos|move: Protect\n|-resisted|p1a: Hitmontop\n|-damage|p1a: Hitmontop|88/100\n|-unboost|p1a: Hitmontop|spa|1\n|\n|upkeep\n|turn|3\n|\n|t:|1773406049\n|switch|p2b: o.O|Tatsugiri, L50, F, shiny|100/100\n|move|p1a: Hitmontop|Wide Guard|p1a: Hitmontop\n|-singleturn|p1a: Hitmontop|Wide Guard\n|move|p1b: Terapagos|Tera Starstorm|p2a: \u629b\u5f00\u864e\u54e5\u54ee\u7a74|[spread] p2a,p2b\n|-crit|p2b: o.O\n|-damage|p2a: \u629b\u5f00\u864e\u54e5\u54ee\u7a74|36/100\n|-enditem|p2b: o.O|Focus Sash\n|-damage|p2b: o.O|1/100\n|move|p2a: \u629b\u5f00\u864e\u54e5\u54ee\u7a74|U-turn|p1b: Terapagos\n|-damage|p1b: Terapagos|78/100\n|\n|t:|1773406051\n|switch|p2a: \u662f\u554a\uff0c\u5403\u4ec0\u4e48|Dondozo, L50, M, shiny|100/100|[from] U-turn\n|-activate|p2b: o.O|ability: Commander|[of] p2a: \u662f\u554a\uff0c\u5403\u4ec0\u4e48\n|-boost|p2a: \u662f\u554a\uff0c\u5403\u4ec0\u4e48|atk|2\n|-boost|p2a: \u662f\u554a\uff0c\u5403\u4ec0\u4e48|spa|2\n|-boost|p2a: \u662f\u554a\uff0c\u5403\u4ec0\u4e48|spe|2\n|-boost|p2a: \u662f\u554a\uff0c\u5403\u4ec0\u4e48|def|2\n|-boost|p2a: \u662f\u554a\uff0c\u5403\u4ec0\u4e48|spd|2\n|\n|upkeep\n|turn|4\n|\n|t:|1773406073\n|switch|p1a: Ogerpon|Ogerpon-Cornerstone, L50, F|100/100\n|move|p1b: Terapagos|Protect|p1b: Terapagos\n|-singleturn|p1b: Terapagos|Protect\n|move|p2a: \u662f\u554a\uff0c\u5403\u4ec0\u4e48|Order Up|p1a: Ogerpon\n|-damage|p1a: Ogerpon|30/100\n|-boost|p2a: \u662f\u554a\uff0c\u5403\u4ec0\u4e48|atk|1\n|\n|upkeep\n|turn|5\n|\n|t:|1773406084\n|move|p1a: Ogerpon|Horn Leech|p2a: \u662f\u554a\uff0c\u5403\u4ec0\u4e48\n|-supereffective|p2a: \u662f\u554a\uff0c\u5403\u4ec0\u4e48\n|-damage|p2a: \u662f\u554a\uff0c\u5403\u4ec0\u4e48|66/100\n|-heal|p1a: Ogerpon|55/100|[from] drain|[of] p2a: \u662f\u554a\uff0c\u5403\u4ec0\u4e48\n|move|p2a: \u662f\u554a\uff0c\u5403\u4ec0\u4e48|Earthquake|p1b: Terapagos|[spread] p1a,p1b\n|-miss|p2a: \u662f\u554a\uff0c\u5403\u4ec0\u4e48|p2b: o.O\n|-damage|p1a: Ogerpon|0 fnt\n|-damage|p1b: Terapagos|38/100\n|faint|p1a: Ogerpon\n|move|p1b: Terapagos|Tera Starstorm|p2b: o.O|[spread] p2a\n|-miss|p1b: Terapagos|p2b: o.O\n|-damage|p2a: \u662f\u554a\uff0c\u5403\u4ec0\u4e48|43/100\n|\n|-heal|p2a: \u662f\u554a\uff0c\u5403\u4ec0\u4e48|49/100|[from] item: Leftovers\n|upkeep\n|\n|t:|1773406100\n|switch|p1a: Hitmontop|Hitmontop, L50, M|88/100\n|-ability|p1a: Hitmontop|Intimidate|boost\n|-fail|p2a: \u662f\u554a\uff0c\u5403\u4ec0\u4e48|unboost|Attack|[from] ability: Oblivious|[of] p2a: \u662f\u554a\uff0c\u5403\u4ec0\u4e48\n|-unboost|p2b: o.O|atk|1\n|turn|6\n|\n|t:|1773406108\n|move|p2a: \u662f\u554a\uff0c\u5403\u4ec0\u4e48|Protect|p2a: \u662f\u554a\uff0c\u5403\u4ec0\u4e48\n|-singleturn|p2a: \u662f\u554a\uff0c\u5403\u4ec0\u4e48|Protect\n|move|p1a: Hitmontop|Fake Out|p2a: \u662f\u554a\uff0c\u5403\u4ec0\u4e48\n|-activate|p2a: \u662f\u554a\uff0c\u5403\u4ec0\u4e48|move: Protect\n|move|p1b: Terapagos|Rock Polish|p1b: Terapagos\n|-boost|p1b: Terapagos|spe|2\n|\n|-heal|p2a: \u662f\u554a\uff0c\u5403\u4ec0\u4e48|55/100|[from] item: Leftovers\n|upkeep\n|turn|7\n|\n|t:|1773406124\n|move|p1b: Terapagos|Tera Starstorm|p2a: \u662f\u554a\uff0c\u5403\u4ec0\u4e48|[spread] p2a\n|-miss|p1b: Terapagos|p2b: o.O\n|-damage|p2a: \u662f\u554a\uff0c\u5403\u4ec0\u4e48|31/100\n|move|p2a: \u662f\u554a\uff0c\u5403\u4ec0\u4e48|Order Up|p1b: Terapagos\n|-damage|p1b: Terapagos|0 fnt\n|faint|p1b: Terapagos\n|detailschange|p1: Terapagos|Terapagos, L50, M|[silent]\n|-boost|p2a: \u662f\u554a\uff0c\u5403\u4ec0\u4e48|atk|1\n|move|p1a: Hitmontop|Brick Break|p2a: \u662f\u554a\uff0c\u5403\u4ec0\u4e48\n|-damage|p2a: \u662f\u554a\uff0c\u5403\u4ec0\u4e48|21/100\n|\n|-heal|p2a: \u662f\u554a\uff0c\u5403\u4ec0\u4e48|27/100|[from] item: Leftovers\n|upkeep\n|\n|t:|1773406138\n|switch|p1b: Calyrex|Calyrex-Shadow, L50|100/100\n|-ability|p1b: Calyrex|As One\n|-ability|p1b: Calyrex|Unnerve\n|turn|8\n|\n|t:|1773406150\n|move|p1b: Calyrex|Psychic|p2a: \u662f\u554a\uff0c\u5403\u4ec0\u4e48\n|-damage|p2a: \u662f\u554a\uff0c\u5403\u4ec0\u4e48|4/100\n|move|p2a: \u662f\u554a\uff0c\u5403\u4ec0\u4e48|Earthquake|p1a: Hitmontop|[spread] p1a,p1b\n|-miss|p2a: \u662f\u554a\uff0c\u5403\u4ec0\u4e48|p2b: o.O\n|-damage|p1a: Hitmontop|10/100\n|-damage|p1b: Calyrex|15/100\n|move|p1a: Hitmontop|Brick Break|p2a: \u662f\u554a\uff0c\u5403\u4ec0\u4e48\n|-damage|p2a: \u662f\u554a\uff0c\u5403\u4ec0\u4e48|0 fnt\n|faint|p2a: \u662f\u554a\uff0c\u5403\u4ec0\u4e48\n|\n|upkeep\n|\n|t:|1773406158\n|switch|p2a: \u94f6\u91d1\u5996\u86c7|Miraidon, L50, shiny|52/100\n|-fieldstart|move: Electric Terrain|[from] ability: Hadron Engine|[of] p2a: \u94f6\u91d1\u5996\u86c7\n|turn|9\n|\n|t:|1773406168\n|move|p1a: Hitmontop|Wide Guard|p1a: Hitmontop\n|-singleturn|p1a: Hitmontop|Wide Guard\n|move|p2a: \u94f6\u91d1\u5996\u86c7|Volt Switch|p1b: Calyrex\n|-damage|p1b: Calyrex|0 fnt\n|faint|p1b: Calyrex\n|\n|t:|1773406172\n|switch|p2a: \u629b\u5f00\u864e\u54e5\u54ee\u7a74|Incineroar, L50, M, shiny|36/100|[from] Volt Switch\n|-ability|p2a: \u629b\u5f00\u864e\u54e5\u54ee\u7a74|Intimidate|boost\n|-unboost|p1a: Hitmontop|atk|1\n|move|p2b: o.O|Muddy Water|p1a: Hitmontop\n|-activate|p1a: Hitmontop|move: Wide Guard\n|\n|upkeep\n|turn|10\n|-message|mtbsj forfeited.\n|\n|win|dasabe\u76d6\u6b27\u5361\u4fa0\n|raw|mtbsj's rating: 1507 &rarr; <strong>1483</strong><br />(-24 for losing)\n|raw|dasabe\u76d6\u6b27\u5361\u4fa0's rating: 1434 &rarr; <strong>1458</strong><br />(+24 for winning)\n|l|\u2606mtbsj\n|player|p1|\n|j| Huangjin\n","uploadtime":1773406189,"views":16,"formatid":"gen9vgc2026regi","rating":1458,"private":0,"password":null}