{"id":"gen9vgc2026regi-2544008803","format":"[Gen 9] VGC 2026 Reg I","players":["ConnerTEP","xiaoliyunVGC"],"log":"|j|\u2606ConnerTEP\n|j|\u2606xiaoliyunVGC\n|t:|1771642067\n|gametype|doubles\n|player|p1|ConnerTEP|acerola-masters2|1522\n|player|p2|xiaoliyunVGC|liko|1415\n|gen|9\n|tier|[Gen 9] VGC 2026 Reg I\n|rated|\n|rule|Species Clause: Limit one of each Pok\u00e9mon\n|rule|Item Clause: Limit 1 of each item\n|clearpoke\n|poke|p1|Groudon, L50|\n|poke|p1|Miraidon, L50|\n|poke|p1|Farigiraf, L50, M|\n|poke|p1|Walking Wake, L50|\n|poke|p1|Iron Hands, L50|\n|poke|p1|Ogerpon-Hearthflame, L50, F|\n|poke|p2|Zamazenta-*, L50|\n|poke|p2|Kyogre, L50|\n|poke|p2|Raichu, L50, M|\n|poke|p2|Flutter Mane, L50|\n|poke|p2|Tornadus, L50, M|\n|poke|p2|Kingambit, L50, M|\n|teampreview|4\n|inactive|Battle timer is ON: inactive players will automatically lose when time's up. (requested by ConnerTEP)\n|inactive|xiaoliyunVGC also wants the timer to be on.\n|inactive|ConnerTEP has 60 seconds left.\n|\n|t:|1771642106\n|teamsize|p1|4\n|teamsize|p2|4\n|start\n|switch|p1a: Miraidon|Miraidon, L50|100/100\n|switch|p1b: Farigiraf|Farigiraf, L50, M|100/100\n|switch|p2a: Zamazenta|Zamazenta-Crowned, L50, shiny|100/100\n|switch|p2b: Raichu|Raichu, L50, M|100/100\n|-fieldstart|move: Electric Terrain|[from] ability: Hadron Engine|[of] p1a: Miraidon\n|-enditem|p1b: Farigiraf|Electric Seed\n|-boost|p1b: Farigiraf|def|1|[from] item: Electric Seed\n|-ability|p2a: Zamazenta|Dauntless Shield|boost\n|-boost|p2a: Zamazenta|def|1\n|turn|1\n|\n|t:|1771642130\n|switch|p1a: Iron Hands|Iron Hands, L50|100/100\n|-activate|p1a: Iron Hands|ability: Quark Drive\n|-start|p1a: Iron Hands|quarkdriveatk\n|move|p2b: Raichu|Nuzzle|p1b: Farigiraf\n|-damage|p1b: Farigiraf|96/100\n|-status|p1b: Farigiraf|par\n|move|p2a: Zamazenta|Body Press|p1a: Iron Hands\n|-damage|p1a: Iron Hands|55/100\n|move|p1b: Farigiraf|Trick Room|p1b: Farigiraf\n|-fieldstart|move: Trick Room|[of] p1b: Farigiraf\n|\n|upkeep\n|turn|2\n|\n|t:|1771642151\n|move|p2b: Raichu|Helping Hand|p2a: Zamazenta\n|-singleturn|p2a: Zamazenta|Helping Hand|[of] p2b: Raichu\n|move|p1b: Farigiraf|Psychic|p2b: Raichu\n|-damage|p2b: Raichu|59/100\n|move|p1a: Iron Hands|Drain Punch|p2b: Raichu\n|-damage|p2b: Raichu|0 fnt\n|-heal|p1a: Iron Hands|76/100|[from] drain|[of] p2b: Raichu\n|faint|p2b: Raichu\n|move|p2a: Zamazenta|Body Press|p1a: Iron Hands\n|-damage|p1a: Iron Hands|3/100\n|\n|upkeep\n|\n|t:|1771642163\n|switch|p2b: Flutter Mane|Flutter Mane, L50|100/100\n|-enditem|p2b: Flutter Mane|Booster Energy\n|-activate|p2b: Flutter Mane|ability: Protosynthesis|[fromitem]\n|-start|p2b: Flutter Mane|protosynthesisspe\n|turn|3\n|inactive|ConnerTEP has 30 seconds left.\n|inactive|ConnerTEP has 20 seconds left.\n|inactive|xiaoliyunVGC has 30 seconds left.\n|\n|t:|1771642206\n|-end|p1a: Iron Hands|Quark Drive|[silent]\n|switch|p1a: Groudon|Groudon, L50|100/100\n|-weather|SunnyDay|[from] ability: Drought|[of] p1a: Groudon\n|-end|p2b: Flutter Mane|Protosynthesis|[silent]\n|switch|p2b: Kyogre|Kyogre, L50|100/100\n|-weather|RainDance|[from] ability: Drizzle|[of] p2b: Kyogre\n|move|p1b: Farigiraf|Psychic|p2b: Kyogre\n|-damage|p2b: Kyogre|76/100\n|-unboost|p2b: Kyogre|spd|1\n|move|p2a: Zamazenta|Body Press|p1a: Groudon\n|-damage|p1a: Groudon|50/100\n|\n|-weather|RainDance|[upkeep]\n|-heal|p1a: Groudon|57/100|[from] item: Leftovers\n|upkeep\n|turn|4\n|inactive|xiaoliyunVGC has 30 seconds left.\n|\n|t:|1771642235\n|switch|p2b: Flutter Mane|Flutter Mane, L50|100/100\n|-terastallize|p2a: Zamazenta|Fighting\n|move|p1a: Groudon|Protect|p1a: Groudon\n|-singleturn|p1a: Groudon|Protect\n|move|p1b: Farigiraf|Psychic|p2b: Flutter Mane\n|-damage|p2b: Flutter Mane|68/100\n|-unboost|p2b: Flutter Mane|spd|1\n|move|p2a: Zamazenta|Body Press|p1a: Groudon\n|-activate|p1a: Groudon|move: Protect\n|\n|-weather|RainDance|[upkeep]\n|-heal|p1a: Groudon|63/100|[from] item: Leftovers\n|upkeep\n|turn|5\n|\n|t:|1771642250\n|move|p2b: Flutter Mane|Protect|p2b: Flutter Mane\n|-singleturn|p2b: Flutter Mane|Protect\n|move|p1b: Farigiraf|Psychic|p2a: Zamazenta\n|-supereffective|p2a: Zamazenta\n|-damage|p2a: Zamazenta|58/100\n|move|p1a: Groudon|Heat Crash|p2b: Flutter Mane\n|-activate|p2b: Flutter Mane|move: Protect\n|move|p2a: Zamazenta|Body Press|p1a: Groudon\n|-damage|p1a: Groudon|0 fnt\n|faint|p1a: Groudon\n|\n|-weather|RainDance|[upkeep]\n|-fieldend|move: Trick Room\n|-fieldend|move: Electric Terrain\n|upkeep\n|\n|t:|1771642255\n|switch|p1a: Miraidon|Miraidon, L50|100/100\n|-fieldstart|move: Electric Terrain|[from] ability: Hadron Engine|[of] p1a: Miraidon\n|turn|6\n|\n|t:|1771642276\n|-terastallize|p1a: Miraidon|Electric\n|move|p1a: Miraidon|Electro Drift|p2b: Flutter Mane\n|-damage|p2b: Flutter Mane|0 fnt\n|faint|p2b: Flutter Mane\n|-end|p2b: Flutter Mane|Protosynthesis|[silent]\n|move|p2a: Zamazenta|Body Press|p1a: Miraidon\n|-damage|p1a: Miraidon|26/100\n|cant|p1b: Farigiraf|par\n|\n|-weather|RainDance|[upkeep]\n|upkeep\n|\n|t:|1771642286\n|switch|p2b: Kyogre|Kyogre, L50|76/100\n|turn|7\n|\n|t:|1771642300\n|move|p1a: Miraidon|Electro Drift|p2b: Kyogre\n|-supereffective|p2b: Kyogre\n|-damage|p2b: Kyogre|0 fnt\n|faint|p2b: Kyogre\n|move|p2a: Zamazenta|Body Press|p1b: Farigiraf\n|-damage|p1b: Farigiraf|51/100 par\n|move|p1b: Farigiraf|Trick Room|p1b: Farigiraf\n|-fieldstart|move: Trick Room|[of] p1b: Farigiraf\n|\n|-weather|none\n|upkeep\n|turn|8\n|\n|t:|1771642314\n|move|p1b: Farigiraf|Psychic|p2a: Zamazenta\n|-supereffective|p2a: Zamazenta\n|-damage|p2a: Zamazenta|18/100\n|move|p2a: Zamazenta|Body Press|p1b: Farigiraf\n|-damage|p1b: Farigiraf|4/100 par\n|move|p1a: Miraidon|Electro Drift|p2a: Zamazenta\n|-damage|p2a: Zamazenta|0 fnt\n|faint|p2a: Zamazenta\n|\n|win|ConnerTEP\n|raw|ConnerTEP's rating: 1522 &rarr; <strong>1536</strong><br />(+14 for winning)\n|raw|xiaoliyunVGC's rating: 1415 &rarr; <strong>1401</strong><br />(-14 for losing)\n|l|\u2606xiaoliyunVGC\n|player|p2|\n|l|\u2606ConnerTEP\n|player|p1|\n","uploadtime":1771642484,"views":26,"formatid":"gen9vgc2026regi","rating":1401,"private":0,"password":null}