{"id":"gen9vgc2026regi-2521154918","format":"[Gen 9] VGC 2026 Reg I","players":["Yancy0902\u56fe\u56fe\u72ac\u4fa0","blackred123"],"log":"|j|\u2606Yancy0902\u56fe\u56fe\u72ac\u4fa0\n|j|\u2606blackred123\n|t:|1768739163\n|gametype|doubles\n|player|p1|Yancy0902\u56fe\u56fe\u72ac\u4fa0|iono-masters2|1211\n|player|p2|blackred123|iono-masters|1302\n|gen|9\n|tier|[Gen 9] VGC 2026 Reg I\n|rated|\n|rule|Species Clause: Limit one of each Pok\u00e9mon\n|rule|Item Clause: Limit 1 of each item\n|clearpoke\n|poke|p1|Calyrex-Ice, L50|\n|poke|p1|Lunala, L50|\n|poke|p1|Smeargle, L50, M|\n|poke|p1|Urshifu-*, L50, M|\n|poke|p1|Torkoal, L50, M|\n|poke|p1|Indeedee-F, L50, F|\n|poke|p2|Calyrex-Ice, L50|\n|poke|p2|Kyogre, L50|\n|poke|p2|Smeargle, L50, M|\n|poke|p2|Ursaluna-Bloodmoon, L50, M|\n|poke|p2|Grimmsnarl, L50, M|\n|poke|p2|Incineroar, L50, M|\n|teampreview|4\n|inactive|Battle timer is ON: inactive players will automatically lose when time's up. (requested by blackred123)\n|c|\u2606Yancy0902\u56fe\u56fe\u72ac\u4fa0|\u2764\n|inactive|blackred123 has 60 seconds left.\n|\n|t:|1768739197\n|teamsize|p1|4\n|teamsize|p2|4\n|start\n|switch|p1a: Lunala|Lunala, L50|100/100\n|switch|p1b: Smeargle|Smeargle, L50, M|100/100\n|switch|p2a: Calyrex|Calyrex-Ice, L50|100/100\n|switch|p2b: Grimmsnarl|Grimmsnarl, L50, M|100/100\n|-ability|p2a: Calyrex|As One\n|-ability|p2a: Calyrex|Unnerve\n|turn|1\n|\n|t:|1768739214\n|-terastallize|p2a: Calyrex|Water\n|move|p2b: Grimmsnarl|Misty Terrain|p2b: Grimmsnarl\n|-fieldstart|move: Misty Terrain\n|move|p1b: Smeargle|Spore|p2b: Grimmsnarl\n|-activate|p2b: Grimmsnarl|move: Misty Terrain\n|move|p1a: Lunala|Meteor Beam||[still]\n|-prepare|p1a: Lunala|Meteor Beam\n|-boost|p1a: Lunala|spa|1\n|-enditem|p1a: Lunala|Power Herb\n|-anim|p1a: Lunala|Meteor Beam|p2a: Calyrex\n|-damage|p2a: Calyrex|55/100\n|move|p2a: Calyrex|Glacial Lance|p1a: Lunala|[spread] p1a,p1b\n|-damage|p1a: Lunala|78/100\n|-enditem|p1b: Smeargle|Focus Sash\n|-damage|p1b: Smeargle|1/100\n|\n|upkeep\n|turn|2\n|\n|t:|1768739237\n|move|p2b: Grimmsnarl|Light Screen|p2b: Grimmsnarl\n|-sidestart|p2: blackred123|move: Light Screen\n|move|p1b: Smeargle|Decorate|p1a: Lunala\n|-boost|p1a: Lunala|atk|2\n|-boost|p1a: Lunala|spa|2\n|move|p1a: Lunala|Moongeist Beam|p2a: Calyrex\n|-damage|p2a: Calyrex|0 fnt\n|faint|p2a: Calyrex\n|\n|upkeep\n|\n|t:|1768739247\n|switch|p2a: Ursaluna|Ursaluna-Bloodmoon, L50, M|100/100\n|turn|3\n|\n|t:|1768739267\n|move|p1b: Smeargle|Follow Me|p1b: Smeargle\n|-singleturn|p1b: Smeargle|move: Follow Me\n|move|p1a: Lunala|Expanding Force|p2a: Ursaluna\n|-damage|p2a: Ursaluna|22/100\n|move|p2b: Grimmsnarl|Spirit Break|p1b: Smeargle\n|-damage|p1b: Smeargle|0 fnt\n|faint|p1b: Smeargle\n|move|p2a: Ursaluna|Blood Moon|p1a: Lunala\n|-damage|p1a: Lunala|6/100\n|-damage|p2a: Ursaluna|12/100|[from] item: Life Orb\n|\n|upkeep\n|\n|t:|1768739282\n|switch|p1b: Urshifu|Urshifu, L50, M|100/100\n|turn|4\n|inactive|Yancy0902\u56fe\u56fe\u72ac\u4fa0 has 30 seconds left.\n|\n|t:|1768739319\n|switch|p2a: Kyogre|Kyogre, L50|100/100\n|-weather|RainDance|[from] ability: Drizzle|[of] p2a: Kyogre\n|move|p1a: Lunala|Expanding Force|p2a: Kyogre\n|-damage|p2a: Kyogre|53/100\n|move|p1b: Urshifu|Close Combat|p2b: Grimmsnarl\n|-damage|p2b: Grimmsnarl|0 fnt\n|-unboost|p1b: Urshifu|def|1\n|-unboost|p1b: Urshifu|spd|1\n|faint|p2b: Grimmsnarl\n|\n|-weather|RainDance|[upkeep]\n|upkeep\n|\n|t:|1768739329\n|switch|p2b: Ursaluna|Ursaluna-Bloodmoon, L50, M|12/100\n|turn|5\n|inactive|blackred123 has 30 seconds left.\n|\n|t:|1768739358\n|switch|p1b: Torkoal|Torkoal, L50, M|100/100\n|-weather|SunnyDay|[from] ability: Drought|[of] p1b: Torkoal\n|move|p1a: Lunala|Moongeist Beam|p2a: Kyogre\n|-damage|p2a: Kyogre|0 fnt\n|faint|p2a: Kyogre\n|move|p2b: Ursaluna|Hyper Voice|p1a: Lunala|[spread] p1a,p1b\n|-damage|p1a: Lunala|0 fnt\n|-damage|p1b: Torkoal|30/100\n|faint|p1a: Lunala\n|-damage|p2b: Ursaluna|3/100|[from] item: Life Orb\n|\n|-weather|SunnyDay|[upkeep]\n|-fieldend|Misty Terrain\n|upkeep\n|\n|t:|1768739369\n|switch|p1a: Urshifu|Urshifu, L50, M|100/100\n|turn|6\n|-message|blackred123 forfeited.\n|\n|win|Yancy0902\u56fe\u56fe\u72ac\u4fa0\n|raw|Yancy0902\u56fe\u56fe\u72ac\u4fa0's rating: 1211 &rarr; <strong>1242</strong><br />(+31 for winning)\n|raw|blackred123's rating: 1302 &rarr; <strong>1277</strong><br />(-25 for losing)\n|l|\u2606blackred123\n|player|p2|\n","uploadtime":1768739545,"views":17,"formatid":"gen9vgc2026regi","rating":1242,"private":0,"password":null}