{"id":"gen9vgc2026regi-2590707363","format":"[Gen 9] VGC 2026 Reg I","players":["TheManOfSausage","Mars002"],"log":"|j|\u2606TheManOfSausage\n|j|\u2606Mars002\n|t:|1776837311\n|gametype|doubles\n|player|p1|TheManOfSausage|miku-water|1639\n|player|p2|Mars002|1|1505\n|gen|9\n|tier|[Gen 9] VGC 2026 Reg I\n|rated|\n|rule|Species Clause: Limit one of each Pok\u00e9mon\n|rule|Item Clause: Limit 1 of each item\n|clearpoke\n|poke|p1|Calyrex-Shadow, L50|\n|poke|p1|Miraidon, L50|\n|poke|p1|Clefairy, L50, M|\n|poke|p1|Rillaboom, L50, M|\n|poke|p1|Incineroar, L50, M|\n|poke|p1|Volcarona, L50, M|\n|poke|p2|Groudon, L50|\n|poke|p2|Calyrex-Ice, L50|\n|poke|p2|Rillaboom, L50, M|\n|poke|p2|Annihilape, L50, M|\n|poke|p2|Walking Wake, L50|\n|poke|p2|Comfey, L50, M|\n|teampreview|4\n|inactive|Battle timer is ON: inactive players will automatically lose when time's up. (requested by Mars002)\nTheManOfSausage has agreed to open team sheets.\n|\n|t:|1776837327\n|teamsize|p1|4\n|teamsize|p2|4\n|start\n|switch|p1a: Magical Mirai|Miraidon, L50|100/100\n|switch|p1b: Rice Shower|Calyrex-Shadow, L50|100/100\n|switch|p2a: Annihilape|Annihilape, L50, M|100/100\n|switch|p2b: Walking Wake|Walking Wake, L50|100/100\n|-ability|p1b: Rice Shower|As One\n|-ability|p1b: Rice Shower|Unnerve\n|-fieldstart|move: Electric Terrain|[from] ability: Hadron Engine|[of] p1a: Magical Mirai\n|turn|1\n|\n|t:|1776837342\n|-terastallize|p1b: Rice Shower|Fairy\n|move|p1a: Magical Mirai|Volt Switch|p2a: Annihilape\n|-damage|p2a: Annihilape|41/100\n|\n|t:|1776837345\n|switch|p1a: pipi|Clefairy, L50, M|100/100|[from] Volt Switch\n|move|p2a: Annihilape|U-turn|p1b: Rice Shower\n|-resisted|p1b: Rice Shower\n|-damage|p1b: Rice Shower|93/100\n|\n|t:|1776837352\n|switch|p2a: Groudon|Groudon, L50|100/100|[from] U-turn\n|-weather|SunnyDay|[from] ability: Drought|[of] p2a: Groudon\n|-activate|p2b: Walking Wake|ability: Protosynthesis\n|-start|p2b: Walking Wake|protosynthesisspe\n|move|p2b: Walking Wake|Hydro Steam|p1b: Rice Shower\n|-damage|p1b: Rice Shower|23/100\n|move|p1b: Rice Shower|Nasty Plot|p1b: Rice Shower\n|-boost|p1b: Rice Shower|spa|2\n|\n|-weather|SunnyDay|[upkeep]\n|upkeep\n|turn|2\n|\n|t:|1776837368\n|-end|p2b: Walking Wake|Protosynthesis|[silent]\n|switch|p2b: Annihilape|Annihilape, L50, M|41/100\n|move|p1a: pipi|Follow Me|p1a: pipi\n|-singleturn|p1a: pipi|move: Follow Me\n|move|p1b: Rice Shower|Astral Barrage|p2b: Annihilape|[spread] p2a,p2b\n|-supereffective|p2b: Annihilape\n|-damage|p2a: Groudon|43/100\n|-damage|p2b: Annihilape|0 fnt\n|faint|p2b: Annihilape\n|-ability|p1b: Rice Shower|Grim Neigh|boost\n|-boost|p1b: Rice Shower|spa|1\n|move|p2a: Groudon|Precipice Blades|p1b: Rice Shower|[spread] p1a,p1b\n|-damage|p1a: pipi|49/100\n|-damage|p1b: Rice Shower|0 fnt\n|faint|p1b: Rice Shower\n|\n|-weather|SunnyDay|[upkeep]\n|upkeep\n|\n|t:|1776837386\n|switch|p1b: Magical Mirai|Miraidon, L50|100/100\n|switch|p2b: Comfey|Comfey, L50, M|100/100\n|-activate|p1b: Magical Mirai|ability: Hadron Engine\n|turn|3\n|\n|t:|1776837396\n|move|p1a: pipi|Helping Hand|p1b: Magical Mirai\n|-singleturn|p1b: Magical Mirai|Helping Hand|[of] p1a: pipi\n|move|p2b: Comfey|Floral Healing|p2a: Groudon\n|-heal|p2a: Groudon|93/100\n|move|p1b: Magical Mirai|Draco Meteor|p2a: Groudon\n|-damage|p2a: Groudon|1/100\n|-unboost|p1b: Magical Mirai|spa|2\n|move|p2a: Groudon|Precipice Blades|p1a: pipi|[spread] p1b\n|-miss|p2a: Groudon|p1a: pipi\n|-supereffective|p1b: Magical Mirai\n|-damage|p1b: Magical Mirai|24/100\n|\n|-weather|SunnyDay|[upkeep]\n|upkeep\n|turn|4\n|\n|t:|1776837415\n|switch|p2a: Walking Wake|Walking Wake, L50|100/100\n|-activate|p2a: Walking Wake|ability: Protosynthesis\n|-start|p2a: Walking Wake|protosynthesisspe\n|switch|p1a: Incineroar|Incineroar, L50, M, shiny|100/100\n|-ability|p1a: Incineroar|Intimidate|boost\n|-unboost|p2a: Walking Wake|atk|1\n|-unboost|p2b: Comfey|atk|1\n|move|p2b: Comfey|Draining Kiss|p1b: Magical Mirai\n|-supereffective|p1b: Magical Mirai\n|-damage|p1b: Magical Mirai|0 fnt\n|faint|p1b: Magical Mirai\n|\n|-weather|SunnyDay|[upkeep]\n|upkeep\n|\n|t:|1776837417\n|switch|p1b: pipi|Clefairy, L50, M|49/100\n|turn|5\n|-message|TheManOfSausage forfeited.\n|\n|win|Mars002\n|raw|TheManOfSausage's rating: 1639 &rarr; <strong>1612</strong><br />(-27 for losing)\n|raw|Mars002's rating: 1505 &rarr; <strong>1532</strong><br />(+27 for winning)\n|l|\u2606TheManOfSausage\n|player|p1|\n|l|\u2606Mars002\n|player|p2|\n","uploadtime":1776837594,"views":15,"formatid":"gen9vgc2026regi","rating":1532,"private":0,"password":null}