{"id":"gen9vgc2026regi-2573090707","format":"[Gen 9] VGC 2026 Reg I","players":["the gamblerler","Mr. Wumbus"],"log":"|j|\u2606the gamblerler\n|j|\u2606Mr. Wumbus\n|t:|1775089718\n|gametype|doubles\n|player|p1|the gamblerler|giovanni|1442\n|player|p2|Mr. Wumbus|musician|1457\n|gen|9\n|tier|[Gen 9] VGC 2026 Reg I\n|rated|\n|rule|Species Clause: Limit one of each Pok\u00e9mon\n|rule|Item Clause: Limit 1 of each item\n|clearpoke\n|poke|p1|Calyrex-Shadow, L50|\n|poke|p1|Miraidon, L50|\n|poke|p1|Incineroar, L50, M|\n|poke|p1|Sneasler, L50, F|\n|poke|p1|Araquanid, L50, M|\n|poke|p1|Whimsicott, L50, F|\n|poke|p2|Iron Hands, L50|\n|poke|p2|Calyrex-Shadow, L50|\n|poke|p2|Ditto, L50|\n|poke|p2|Miraidon, L50|\n|poke|p2|Tornadus, L50, M|\n|poke|p2|Incineroar, L50, F|\n|teampreview|4\n|inactive|Battle timer is ON: inactive players will automatically lose when time's up. (requested by Mr. Wumbus)\n|inactive|the gamblerler also wants the timer to be on.\n|inactive|the gamblerler has 60 seconds left.\n|\n|t:|1775089757\n|teamsize|p1|4\n|teamsize|p2|4\n|start\n|switch|p1a: Whimsicott|Whimsicott, L50, F|100/100\n|switch|p1b: Miraidon|Miraidon, L50|100/100\n|switch|p2a: Miraidon|Miraidon, L50|100/100\n|switch|p2b: Tornadus|Tornadus, L50, M|100/100\n|-fieldstart|move: Electric Terrain|[from] ability: Hadron Engine|[of] p1b: Miraidon\n|-activate|p2a: Miraidon|ability: Hadron Engine\n|turn|1\n|\n|t:|1775089775\n|-terastallize|p2a: Miraidon|Fairy\n|move|p1a: Whimsicott|Tailwind|p1a: Whimsicott\n|-sidestart|p1: the gamblerler|move: Tailwind\n|move|p2b: Tornadus|Tailwind|p2b: Tornadus\n|-sidestart|p2: Mr. Wumbus|move: Tailwind\n|move|p1b: Miraidon|Volt Switch|p2b: Tornadus\n|-supereffective|p2b: Tornadus\n|-damage|p2b: Tornadus|0 fnt\n|faint|p2b: Tornadus\n|\n|t:|1775089782\n|switch|p1b: Sneasler|Sneasler, L50, F|100/100|[from] Volt Switch\n|-enditem|p1b: Sneasler|Electric Seed\n|-boost|p1b: Sneasler|def|1|[from] item: Electric Seed\n|move|p2a: Miraidon|Dazzling Gleam|p1b: Sneasler|[spread] p1a,p1b\n|-damage|p1a: Whimsicott|10/100\n|-damage|p1b: Sneasler|19/100\n|\n|upkeep\n|\n|t:|1775089794\n|switch|p2b: Calyrex|Calyrex-Shadow, L50|100/100\n|-ability|p2b: Calyrex|As One\n|-ability|p2b: Calyrex|Unnerve\n|turn|2\n|\n|t:|1775089806\n|move|p1a: Whimsicott|Fake Tears|p2b: Calyrex\n|-unboost|p2b: Calyrex|spd|2\n|move|p1b: Sneasler|Dire Claw|p2a: Miraidon\n|-supereffective|p2a: Miraidon\n|-damage|p2a: Miraidon|14/100\n|-status|p2a: Miraidon|psn\n|move|p2b: Calyrex|Astral Barrage|p1a: Whimsicott|[spread] p1a,p1b\n|-damage|p1a: Whimsicott|0 fnt\n|-damage|p1b: Sneasler|0 fnt\n|faint|p1a: Whimsicott\n|faint|p1b: Sneasler\n|-ability|p2b: Calyrex|Grim Neigh|boost\n|-boost|p2b: Calyrex|spa|2\n|-damage|p2b: Calyrex|91/100|[from] item: Life Orb\n|move|p2a: Miraidon|Dazzling Gleam|p1: Whimsicott|[notarget]\n|-fail|p2a: Miraidon\n|\n|-damage|p2a: Miraidon|2/100 psn|[from] psn\n|upkeep\n|\n|t:|1775089809\n|switch|p1a: Miraidon|Miraidon, L50|100/100\n|switch|p1b: Calyrex|Calyrex-Shadow, L50|100/100\n|-ability|p1b: Calyrex|As One\n|-ability|p1b: Calyrex|Unnerve\n|-activate|p1a: Miraidon|ability: Hadron Engine\n|turn|3\n|\n|t:|1775089831\n|-terastallize|p1b: Calyrex|Ghost\n|move|p2b: Calyrex|Protect|p2b: Calyrex\n|-singleturn|p2b: Calyrex|Protect\n|move|p1a: Miraidon|Electro Drift|p2b: Calyrex\n|-activate|p2b: Calyrex|move: Protect\n|move|p1b: Calyrex|Astral Barrage|p2b: Calyrex|[spread] p2a\n|-activate|p2b: Calyrex|move: Protect\n|-crit|p2a: Miraidon\n|-damage|p2a: Miraidon|0 fnt\n|faint|p2a: Miraidon\n|-ability|p1b: Calyrex|Grim Neigh|boost\n|-boost|p1b: Calyrex|spa|1\n|\n|upkeep\n|\n|t:|1775089840\n|switch|p2a: Iron Hands|Iron Hands, L50|100/100\n|-activate|p2a: Iron Hands|ability: Quark Drive\n|-start|p2a: Iron Hands|quarkdriveatk\n|turn|4\n|\n|t:|1775089848\n|move|p2a: Iron Hands|Fake Out|p1a: Miraidon\n|-damage|p1a: Miraidon|81/100\n|cant|p1a: Miraidon|flinch\n|move|p1b: Calyrex|Astral Barrage|p2a: Iron Hands|[spread] p2a,p2b\n|-supereffective|p2b: Calyrex\n|-damage|p2a: Iron Hands|45/100\n|-damage|p2b: Calyrex|0 fnt\n|faint|p2b: Calyrex\n|-ability|p1b: Calyrex|Grim Neigh|boost\n|-boost|p1b: Calyrex|spa|1\n|\n|-sideend|p1: the gamblerler|move: Tailwind\n|-sideend|p2: Mr. Wumbus|move: Tailwind\n|upkeep\n|turn|5\n|\n|t:|1775089867\n|move|p1a: Miraidon|Electro Drift|p2a: Iron Hands\n|-resisted|p2a: Iron Hands\n|-damage|p2a: Iron Hands|20/100\n|move|p1b: Calyrex|Astral Barrage|p2a: Iron Hands\n|-damage|p2a: Iron Hands|0 fnt\n|faint|p2a: Iron Hands\n|-end|p2a: Iron Hands|Quark Drive|[silent]\n|\n|win|the gamblerler\n|raw|the gamblerler's rating: 1442 &rarr; <strong>1463</strong><br />(+21 for winning)\n|raw|Mr. Wumbus's rating: 1457 &rarr; <strong>1436</strong><br />(-21 for losing)\n|l|\u2606Mr. Wumbus\n|player|p2|\n|l|\u2606the gamblerler\n|player|p1|\n","uploadtime":1775090098,"views":15,"formatid":"gen9vgc2026regi","rating":1436,"private":0,"password":null}