{"id":"gen9vgc2026regi-2561097344","format":"[Gen 9] VGC 2026 Reg I","players":["Iwobi My Love","KaiMVGC"],"log":"|j|\u2606Iwobi My Love\n|j|\u2606KaiMVGC\n|t:|1773764475\n|gametype|doubles\n|player|p1|Iwobi My Love|twins-gen4|1356\n|player|p2|KaiMVGC|boarder|1382\n|gen|9\n|tier|[Gen 9] VGC 2026 Reg I\n|rated|\n|rule|Species Clause: Limit one of each Pok\u00e9mon\n|rule|Item Clause: Limit 1 of each item\n|clearpoke\n|poke|p1|Miraidon, L50|\n|poke|p1|Lunala, L50|\n|poke|p1|Whimsicott, L50, M|\n|poke|p1|Urshifu-*, L50, M|\n|poke|p1|Incineroar, L50, M|\n|poke|p1|Ursaluna, L50, M|\n|poke|p2|Calyrex-Shadow, L50|\n|poke|p2|Incineroar, L50, F|\n|poke|p2|Rillaboom, L50, M|\n|poke|p2|Amoonguss, L50, M|\n|teampreview|4\n|\n|t:|1773764491\n|teamsize|p1|4\n|teamsize|p2|4\n|start\n|switch|p1a: Incineroar|Incineroar, L50, M|100/100\n|switch|p1b: Ursaluna|Ursaluna, L50, M|100/100\n|switch|p2a: Incineroar|Incineroar, L50, F|100/100\n|switch|p2b: Amoonguss|Amoonguss, L50, M|100/100\n|-ability|p1a: Incineroar|Intimidate|boost\n|-unboost|p2a: Incineroar|atk|1\n|-unboost|p2b: Amoonguss|atk|1\n|-ability|p2a: Incineroar|Intimidate|boost\n|-unboost|p1a: Incineroar|atk|1\n|-unboost|p1b: Ursaluna|atk|1\n|turn|1\n|\n|t:|1773764500\n|move|p1b: Ursaluna|Protect|p1b: Ursaluna\n|-singleturn|p1b: Ursaluna|Protect\n|move|p1a: Incineroar|U-turn|p2a: Incineroar\n|-damage|p2a: Incineroar|90/100\n|\n|t:|1773764506\n|switch|p1a: Whimsicott|Whimsicott, L50, M|100/100|[from] U-turn\n|move|p2a: Incineroar|Knock Off|p1a: Whimsicott\n|-resisted|p1a: Whimsicott\n|-damage|p1a: Whimsicott|86/100\n|-enditem|p1a: Whimsicott|Covert Cloak|[from] move: Knock Off|[of] p2a: Incineroar\n|move|p2b: Amoonguss|Spore|p1a: Whimsicott\n|-immune|p1a: Whimsicott\n|\n|-status|p1b: Ursaluna|brn|[from] item: Flame Orb\n|upkeep\n|turn|2\n|\n|t:|1773764521\n|switch|p1a: Incineroar|Incineroar, L50, M|100/100\n|-ability|p1a: Incineroar|Intimidate|boost\n|-unboost|p2a: Incineroar|atk|1\n|-unboost|p2b: Amoonguss|atk|1\n|-terastallize|p2a: Incineroar|Bug\n|move|p2b: Amoonguss|Protect|p2b: Amoonguss\n|-singleturn|p2b: Amoonguss|Protect\n|move|p2a: Incineroar|Parting Shot|p1b: Ursaluna\n|-unboost|p1b: Ursaluna|atk|1\n|-unboost|p1b: Ursaluna|spa|1\n|\n|t:|1773764529\n|switch|p2a: Rillaboom|Rillaboom, L50, M|100/100|[from] Parting Shot\n|-fieldstart|move: Grassy Terrain|[from] ability: Grassy Surge|[of] p2a: Rillaboom\n|move|p1b: Ursaluna|Facade|p2a: Rillaboom\n|-damage|p2a: Rillaboom|41/100\n|\n|-heal|p2a: Rillaboom|47/100|[from] Grassy Terrain\n|-damage|p1b: Ursaluna|94/100 brn|[from] brn\n|upkeep\n|turn|3\n|\n|t:|1773764538\n|switch|p1b: Miraidon|Miraidon, L50|100/100\n|-fieldstart|move: Electric Terrain|[from] ability: Hadron Engine|[of] p1b: Miraidon\n|move|p2a: Rillaboom|Fake Out|p1b: Miraidon\n|-damage|p1b: Miraidon|87/100\n|move|p1a: Incineroar|U-turn|p2a: Rillaboom\n|-supereffective|p2a: Rillaboom\n|-crit|p2a: Rillaboom\n|-damage|p2a: Rillaboom|0 fnt\n|faint|p2a: Rillaboom\n|\n|t:|1773764547\n|switch|p1a: Ursaluna|Ursaluna, L50, M|94/100 brn|[from] U-turn\n|move|p2b: Amoonguss|Spore||[still]\n|-fail|p2b: Amoonguss\n|\n|-damage|p1a: Ursaluna|88/100 brn|[from] brn\n|upkeep\n|\n|t:|1773764551\n|switch|p2a: Calyrex|Calyrex-Shadow, L50|100/100\n|-ability|p2a: Calyrex|As One\n|-ability|p2a: Calyrex|Unnerve\n|turn|4\n|\n|t:|1773764570\n|move|p2b: Amoonguss|Rage Powder|p2b: Amoonguss\n|-singleturn|p2b: Amoonguss|move: Rage Powder\n|move|p2a: Calyrex|Nasty Plot|p2a: Calyrex\n|-boost|p2a: Calyrex|spa|2\n|move|p1b: Miraidon|Volt Switch|p2b: Amoonguss\n|-resisted|p2b: Amoonguss\n|-damage|p2b: Amoonguss|67/100\n|-damage|p1b: Miraidon|78/100|[from] item: Life Orb\n|\n|t:|1773764577\n|switch|p1b: Whimsicott|Whimsicott, L50, M|86/100|[from] Volt Switch\n|move|p1a: Ursaluna|Headlong Rush|p2b: Amoonguss\n|-damage|p2b: Amoonguss|0 fnt\n|-unboost|p1a: Ursaluna|def|1\n|-unboost|p1a: Ursaluna|spd|1\n|faint|p2b: Amoonguss\n|\n|-damage|p1a: Ursaluna|82/100 brn|[from] brn\n|upkeep\n|\n|t:|1773764583\n|switch|p2b: Incineroar|Incineroar, L50, F, tera:Bug|90/100\n|-ability|p2b: Incineroar|Intimidate|boost\n|-unboost|p1a: Ursaluna|atk|1\n|-unboost|p1b: Whimsicott|atk|1\n|turn|5\n|\n|t:|1773764588\n|switch|p1b: Incineroar|Incineroar, L50, M|100/100\n|-ability|p1b: Incineroar|Intimidate|boost\n|-unboost|p2a: Calyrex|atk|1\n|-unboost|p2b: Incineroar|atk|1\n|move|p2b: Incineroar|Fake Out|p1b: Incineroar\n|-damage|p1b: Incineroar|95/100\n|move|p2a: Calyrex|Psychic|p1a: Ursaluna\n|-damage|p1a: Ursaluna|0 fnt\n|faint|p1a: Ursaluna\n|-ability|p2a: Calyrex|Grim Neigh|boost\n|-boost|p2a: Calyrex|spa|1\n|\n|upkeep\n|\n|t:|1773764597\n|switch|p1a: Whimsicott|Whimsicott, L50, M|86/100\n|turn|6\n|\n|t:|1773764608\n|move|p2a: Calyrex|Protect|p2a: Calyrex\n|-singleturn|p2a: Calyrex|Protect\n|move|p1a: Whimsicott|Tailwind|p1a: Whimsicott\n|-sidestart|p1: Iwobi My Love|move: Tailwind\n|move|p1b: Incineroar|Knock Off|p2a: Calyrex\n|-activate|p2a: Calyrex|move: Protect\n|move|p2b: Incineroar|Knock Off|p1b: Incineroar\n|-resisted|p1b: Incineroar\n|-crit|p1b: Incineroar\n|-damage|p1b: Incineroar|67/100\n|-enditem|p1b: Incineroar|Assault Vest|[from] move: Knock Off|[of] p2b: Incineroar\n|\n|upkeep\n|turn|7\n|\n|t:|1773764621\n|move|p1a: Whimsicott|Encore|p2a: Calyrex\n|-start|p2a: Calyrex|Encore\n|move|p2a: Calyrex|Protect|p2a: Calyrex\n|-singleturn|p2a: Calyrex|Protect\n|move|p1b: Incineroar|Flare Blitz|p2b: Incineroar\n|-supereffective|p2b: Incineroar\n|-damage|p2b: Incineroar|11/100\n|-status|p2b: Incineroar|brn\n|-damage|p1b: Incineroar|42/100|[from] Recoil\n|move|p2b: Incineroar|Knock Off|p1a: Whimsicott\n|-resisted|p1a: Whimsicott\n|-damage|p1a: Whimsicott|81/100\n|\n|-damage|p2b: Incineroar|5/100 brn|[from] brn\n|-fieldend|move: Electric Terrain\n|upkeep\n|turn|8\n|-message|KaiMVGC forfeited.\n|\n|win|Iwobi My Love\n|raw|Iwobi My Love's rating: 1356 &rarr; <strong>1377</strong><br />(+21 for winning)\n|raw|KaiMVGC's rating: 1382 &rarr; <strong>1361</strong><br />(-21 for losing)\n|l|\u2606KaiMVGC\n|player|p2|\n|l|\u2606Iwobi My Love\n|player|p1|\n","uploadtime":1773764871,"views":10,"formatid":"gen9vgc2026regi","rating":1361,"private":0,"password":null}