{"id":"gen9vgc2026regi-2590927836","format":"[Gen 9] VGC 2026 Reg I","players":["randy.zhang2023","yuri1910"],"log":"|j|\u2606randy.zhang2023\n|j|\u2606yuri1910\n|t:|1776862189\n|gametype|doubles\n|player|p1|randy.zhang2023|266|1516\n|player|p2|yuri1910|linebacker|1561\n|gen|9\n|tier|[Gen 9] VGC 2026 Reg I\n|rated|\n|rule|Species Clause: Limit one of each Pok\u00e9mon\n|rule|Item Clause: Limit 1 of each item\n|clearpoke\n|poke|p1|Koraidon, L50|\n|poke|p1|Flutter Mane, L50|\n|poke|p1|Ogerpon-Cornerstone, L50, F|\n|poke|p1|Whimsicott, L50, M|\n|poke|p1|Calyrex-Shadow, L50|\n|poke|p1|Chi-Yu, L50|\n|poke|p2|Calyrex-Ice, L50|\n|poke|p2|Kyogre, L50|\n|poke|p2|Grimmsnarl, L50, M|\n|poke|p2|Rillaboom, L50, M|\n|poke|p2|Urshifu-*, L50, F|\n|poke|p2|Landorus, L50, M|\n|teampreview|4\n|\n|t:|1776862218\n|teamsize|p1|4\n|teamsize|p2|4\n|start\n|switch|p1a: Flutter Mane|Flutter Mane, L50|100/100\n|switch|p1b: Calyrex|Calyrex-Shadow, L50|100/100\n|switch|p2a: Grimmsnarl|Grimmsnarl, L50, M|100/100\n|switch|p2b: Calyrex|Calyrex-Ice, L50|100/100\n|-ability|p1b: Calyrex|As One\n|-ability|p1b: Calyrex|Unnerve\n|-ability|p2b: Calyrex|As One\n|-ability|p2b: Calyrex|Unnerve\n|-enditem|p1a: Flutter Mane|Booster Energy\n|-activate|p1a: Flutter Mane|ability: Protosynthesis|[fromitem]\n|-start|p1a: Flutter Mane|protosynthesisspe\n|turn|1\n|inactive|Battle timer is ON: inactive players will automatically lose when time's up. (requested by randy.zhang2023)\n|inactive|randy.zhang2023 has 60 seconds left.\n|\n|t:|1776862254\n|-terastallize|p2b: Calyrex|Grass\n|move|p2a: Grimmsnarl|Light Screen|p2a: Grimmsnarl\n|-sidestart|p2: yuri1910|move: Light Screen\n|move|p1a: Flutter Mane|Taunt|p2a: Grimmsnarl\n|-start|p2a: Grimmsnarl|move: Taunt\n|move|p1b: Calyrex|Imprison|p1b: Calyrex\n|-start|p1b: Calyrex|move: Imprison\n|move|p2b: Calyrex|Glacial Lance|p1a: Flutter Mane|[spread] p1a,p1b\n|-damage|p1a: Flutter Mane|0 fnt\n|-damage|p1b: Calyrex|32/100\n|faint|p1a: Flutter Mane\n|-end|p1a: Flutter Mane|Protosynthesis|[silent]\n|-ability|p2b: Calyrex|Chilling Neigh|boost\n|-boost|p2b: Calyrex|atk|1\n|\n|upkeep\n|\n|t:|1776862272\n|switch|p1a: Koraidon|Koraidon, L50|100/100\n|-weather|SunnyDay|[from] ability: Orichalcum Pulse|[of] p1a: Koraidon\n|-activate|p1a: Koraidon|Orichalcum Pulse|[source]\n|turn|2\n|\n|t:|1776862288\n|-terastallize|p1a: Koraidon|Fire\n|move|p2b: Calyrex|Protect|p2b: Calyrex\n|-singleturn|p2b: Calyrex|Protect\n|move|p1b: Calyrex|Astral Barrage|p2b: Calyrex|[spread] p2a\n|-activate|p2b: Calyrex|move: Protect\n|-resisted|p2a: Grimmsnarl\n|-damage|p2a: Grimmsnarl|85/100\n|move|p1a: Koraidon|Flare Blitz|p2b: Calyrex\n|-activate|p2b: Calyrex|move: Protect\n|move|p2a: Grimmsnarl|Spirit Break|p1a: Koraidon\n|-resisted|p1a: Koraidon\n|-damage|p1a: Koraidon|87/100\n|\n|-weather|SunnyDay|[upkeep]\n|upkeep\n|turn|3\n|inactive|randy.zhang2023 has 30 seconds left.\n|inactive|randy.zhang2023 has 20 seconds left.\n|\n|t:|1776862324\n|switch|p2b: Kyogre|Kyogre, L50|100/100\n|-weather|RainDance|[from] ability: Drizzle|[of] p2b: Kyogre\n|move|p1b: Calyrex|Astral Barrage|p2b: Kyogre|[spread] p2a,p2b\n|-resisted|p2a: Grimmsnarl\n|-damage|p2a: Grimmsnarl|68/100\n|-damage|p2b: Kyogre|84/100\n|move|p1a: Koraidon|Collision Course|p2b: Kyogre\n|-damage|p2b: Kyogre|38/100\n|move|p2a: Grimmsnarl|Spirit Break|p1b: Calyrex\n|-damage|p1b: Calyrex|0 fnt\n|faint|p1b: Calyrex\n|\n|-weather|RainDance|[upkeep]\n|upkeep\n|\n|t:|1776862340\n|switch|p1b: Ogerpon|Ogerpon-Cornerstone, L50, F|100/100\n|turn|4\n|\n|t:|1776862362\n|move|p1a: Koraidon|Collision Course|p2b: Kyogre\n|-damage|p2b: Kyogre|0 fnt\n|faint|p2b: Kyogre\n|move|p1b: Ogerpon|Ivy Cudgel|p2a: Grimmsnarl|[anim] Ivy Cudgel Rock\n|-damage|p2a: Grimmsnarl|4/100\n|move|p2a: Grimmsnarl|Spirit Break|p1b: Ogerpon\n|-crit|p1b: Ogerpon\n|-damage|p1b: Ogerpon|39/100\n|-unboost|p1b: Ogerpon|spa|1\n|\n|-weather|RainDance|[upkeep]\n|-end|p2a: Grimmsnarl|move: Taunt\n|upkeep\n|\n|t:|1776862377\n|switch|p2b: Urshifu|Urshifu-Rapid-Strike, L50, F|100/100\n|turn|5\n|\n|t:|1776862397\n|move|p2a: Grimmsnarl|Reflect|p2a: Grimmsnarl\n|-sidestart|p2: yuri1910|Reflect\n|move|p2b: Urshifu|Surging Strikes|p1a: Koraidon\n|-supereffective|p1a: Koraidon\n|-crit|p1a: Koraidon\n|-damage|p1a: Koraidon|30/100\n|-supereffective|p1a: Koraidon\n|-crit|p1a: Koraidon\n|-damage|p1a: Koraidon|0 fnt\n|faint|p1a: Koraidon\n|-hitcount|p1: Koraidon|2\n|move|p1b: Ogerpon|Power Whip|p2b: Urshifu|[miss]\n|-miss|p1b: Ogerpon|p2b: Urshifu\n|\n|-weather|RainDance|[upkeep]\n|upkeep\n|turn|6\n|-message|randy.zhang2023 forfeited.\n|\n|win|yuri1910\n|raw|randy.zhang2023's rating: 1516 &rarr; <strong>1499</strong><br />(-17 for losing)\n|raw|yuri1910's rating: 1561 &rarr; <strong>1578</strong><br />(+17 for winning)\n|l|\u2606randy.zhang2023\n|player|p1|\n|l|\u2606yuri1910\n|player|p2|\n","uploadtime":1776862646,"views":14,"formatid":"gen9vgc2026regi","rating":1499,"private":0,"password":null}