{"id":"gen9vgc2026regi-2564679031","format":"[Gen 9] VGC 2026 Reg I","players":["kilothegreat","dasabe\u76d6\u6b27\u5361\u4fa0"],"log":"|j|\u2606kilothegreat\n|j|\u2606dasabe\u76d6\u6b27\u5361\u4fa0\n|t:|1774185271\n|gametype|doubles\n|player|p1|kilothegreat|102|1551\n|player|p2|dasabe\u76d6\u6b27\u5361\u4fa0|may-masters4|1503\n|gen|9\n|tier|[Gen 9] VGC 2026 Reg I\n|rated|\n|rule|Species Clause: Limit one of each Pok\u00e9mon\n|rule|Item Clause: Limit 1 of each item\n|clearpoke\n|poke|p1|Miraidon, L50|\n|poke|p1|Calyrex-Ice, L50|\n|poke|p1|Incineroar, L50, M|\n|poke|p1|Amoonguss, L50, F|\n|poke|p1|Landorus, L50, M|\n|poke|p1|Urshifu-*, L50, F|\n|poke|p2|Kyogre, L50|\n|poke|p2|Zacian-*, L50|\n|poke|p2|Clefairy, L50, F|\n|poke|p2|Tornadus, L50, M|\n|poke|p2|Landorus, L50, M|\n|poke|p2|Smeargle, L50, M|\n|teampreview|4\n|\n|t:|1774185285\n|teamsize|p1|4\n|teamsize|p2|4\n|start\n|switch|p1a: Miraidon|Miraidon, L50|100/100\n|switch|p1b: Incineroar|Incineroar, L50, M|100/100\n|switch|p2a: Kyogre|Kyogre, L50, shiny|100/100\n|switch|p2b: Smeargle|Smeargle, L50, M, shiny|100/100\n|-fieldstart|move: Electric Terrain|[from] ability: Hadron Engine|[of] p1a: Miraidon\n|-weather|RainDance|[from] ability: Drizzle|[of] p2a: Kyogre\n|-ability|p1b: Incineroar|Intimidate|boost\n|-unboost|p2a: Kyogre|atk|1\n|-unboost|p2b: Smeargle|atk|1\n|turn|1\n|\n|t:|1774185303\n|switch|p2a: Zacian|Zacian-Crowned, L50|100/100\n|-ability|p2a: Zacian|Intrepid Sword|boost\n|-boost|p2a: Zacian|atk|1\n|-terastallize|p1b: Incineroar|Bug\n|move|p2b: Smeargle|Fake Out|p1a: Miraidon\n|-damage|p1a: Miraidon|97/100\n|move|p1b: Incineroar|Fake Out|p2a: Zacian\n|-resisted|p2a: Zacian\n|-damage|p2a: Zacian|95/100\n|cant|p1a: Miraidon|flinch\n|\n|-weather|RainDance|[upkeep]\n|-ability|p2b: Smeargle|Moody|boost\n|-boost|p2b: Smeargle|spa|2\n|-unboost|p2b: Smeargle|spe|1\n|upkeep\n|turn|2\n|\n|t:|1774185319\n|switch|p1a: Calyrex|Calyrex-Ice, L50|100/100\n|-ability|p1a: Calyrex|As One\n|-ability|p1a: Calyrex|Unnerve\n|move|p2b: Smeargle|Follow Me|p2b: Smeargle\n|-singleturn|p2b: Smeargle|move: Follow Me\n|move|p2a: Zacian|Swords Dance|p2a: Zacian\n|-boost|p2a: Zacian|atk|2\n|move|p1b: Incineroar|U-turn|p2b: Smeargle\n|-damage|p2b: Smeargle|21/100\n|\n|t:|1774185332\n|switch|p1b: Miraidon|Miraidon, L50|97/100|[from] U-turn\n|-activate|p1b: Miraidon|ability: Hadron Engine\n|\n|-weather|RainDance|[upkeep]\n|-ability|p2b: Smeargle|Moody|boost\n|-boost|p2b: Smeargle|def|2\n|-unboost|p2b: Smeargle|spe|1\n|upkeep\n|turn|3\n|\n|t:|1774185348\n|switch|p1a: Incineroar|Incineroar, L50, M, tera:Bug|100/100\n|-ability|p1a: Incineroar|Intimidate|boost\n|-unboost|p2a: Zacian|atk|1\n|-unboost|p2b: Smeargle|atk|1\n|move|p2b: Smeargle|Wide Guard|p2b: Smeargle\n|-singleturn|p2b: Smeargle|Wide Guard\n|move|p1b: Miraidon|Volt Switch|p2b: Smeargle\n|-crit|p2b: Smeargle\n|-damage|p2b: Smeargle|0 fnt\n|faint|p2b: Smeargle\n|\n|t:|1774185361\n|switch|p1b: Urshifu|Urshifu-Rapid-Strike, L50, F|100/100|[from] Volt Switch\n|move|p2a: Zacian|Play Rough|p1a: Incineroar\n|-damage|p1a: Incineroar|12/100\n|\n|-weather|RainDance|[upkeep]\n|upkeep\n|\n|t:|1774185366\n|switch|p2b: Kyogre|Kyogre, L50, shiny|100/100\n|turn|4\n|\n|t:|1774185373\n|switch|p2a: Clefairy|Clefairy, L50, F|100/100\n|move|p1a: Incineroar|Fake Out|p2b: Kyogre\n|-damage|p2b: Kyogre|90/100\n|move|p1b: Urshifu|Surging Strikes|p2a: Clefairy\n|-crit|p2a: Clefairy\n|-damage|p2a: Clefairy|73/100\n|-crit|p2a: Clefairy\n|-damage|p2a: Clefairy|44/100\n|-crit|p2a: Clefairy\n|-damage|p2a: Clefairy|17/100\n|-hitcount|p2a: Clefairy|3\n|cant|p2b: Kyogre|flinch\n|\n|-weather|RainDance|[upkeep]\n|upkeep\n|turn|5\n|\n|t:|1774185393\n|switch|p1a: Miraidon|Miraidon, L50|97/100\n|-activate|p1a: Miraidon|ability: Hadron Engine\n|-terastallize|p2b: Kyogre|Water\n|move|p2a: Clefairy|Follow Me|p2a: Clefairy\n|-singleturn|p2a: Clefairy|move: Follow Me\n|move|p1b: Urshifu|Surging Strikes|p2a: Clefairy\n|-crit|p2a: Clefairy\n|-damage|p2a: Clefairy|0 fnt\n|faint|p2a: Clefairy\n|-hitcount|p2: Clefairy|1\n|move|p2b: Kyogre|Water Spout|p1b: Urshifu|[spread] p1a,p1b\n|-resisted|p1a: Miraidon\n|-resisted|p1b: Urshifu\n|-damage|p1a: Miraidon|18/100\n|-enditem|p1b: Urshifu|Focus Sash\n|-damage|p1b: Urshifu|1/100\n|\n|-weather|none\n|-fieldend|move: Electric Terrain\n|upkeep\n|\n|t:|1774185398\n|switch|p2a: Zacian|Zacian-Crowned, L50|95/100\n|turn|6\n|-message|dasabe\u76d6\u6b27\u5361\u4fa0 forfeited.\n|\n|win|kilothegreat\n|raw|kilothegreat's rating: 1551 &rarr; <strong>1568</strong><br />(+17 for winning)\n|raw|dasabe\u76d6\u6b27\u5361\u4fa0's rating: 1503 &rarr; <strong>1486</strong><br />(-17 for losing)\n|l|\u2606dasabe\u76d6\u6b27\u5361\u4fa0\n|player|p2|\n|l|\u2606kilothegreat\n|player|p1|\n","uploadtime":1774185613,"views":11,"formatid":"gen9vgc2026regi","rating":1486,"private":0,"password":null}