{"id":"gen9vgc2026regi-2554926349","format":"[Gen 9] VGC 2026 Reg I","players":["501JFW","lalo's pollos"],"log":"|j|\u2606501JFW\n|j|\u2606lalo's pollos\n|t:|1773028668\n|gametype|doubles\n|player|p1|501JFW|102|1637\n|player|p2|lalo's pollos|169|1525\n|gen|9\n|tier|[Gen 9] VGC 2026 Reg I\n|rated|\n|rule|Species Clause: Limit one of each Pok\u00e9mon\n|rule|Item Clause: Limit 1 of each item\n|clearpoke\n|poke|p1|Lunala, L50|\n|poke|p1|Koraidon, L50|\n|poke|p1|Jumpluff, L50, F|\n|poke|p1|Ogerpon-Cornerstone, L50, F|\n|poke|p1|Raging Bolt, L50|\n|poke|p1|Ursaluna, L50, M|\n|poke|p2|Miraidon, L50|\n|poke|p2|Landorus, L50, M|\n|poke|p2|Incineroar, L50, F|\n|poke|p2|Iron Bundle, L50|\n|poke|p2|Farigiraf, L50, M|\n|poke|p2|Calyrex-Ice, L50|\n|teampreview|4\n|inactive|Battle timer is ON: inactive players will automatically lose when time's up. (requested by 501JFW)\n|\n|t:|1773028690\n|teamsize|p1|4\n|teamsize|p2|4\n|start\n|switch|p1a: Koraidon|Koraidon, L50, shiny|100/100\n|switch|p1b: Lunala|Lunala, L50, shiny|100/100\n|switch|p2a: Co-Star|Miraidon, L50|100/100\n|switch|p2b: the Manager|Farigiraf, L50, M|100/100\n|-fieldstart|move: Electric Terrain|[from] ability: Hadron Engine|[of] p2a: Co-Star\n|-weather|SunnyDay|[from] ability: Orichalcum Pulse|[of] p1a: Koraidon\n|-activate|p1a: Koraidon|Orichalcum Pulse|[source]\n|turn|1\n|\n|t:|1773028713\n|move|p1a: Koraidon|Close Combat|p2a: Co-Star\n|-damage|p2a: Co-Star|13/100\n|-unboost|p1a: Koraidon|def|1\n|-unboost|p1a: Koraidon|spd|1\n|move|p2a: Co-Star|Volt Switch|p1b: Lunala\n|-damage|p1b: Lunala|59/100\n|\n|t:|1773028721\n|switch|p2a: Calyrex|Calyrex-Ice, L50|100/100|[from] Volt Switch\n|-ability|p2a: Calyrex|As One\n|-ability|p2a: Calyrex|Unnerve\n|move|p1b: Lunala|Meteor Beam||[still]\n|-prepare|p1b: Lunala|Meteor Beam\n|-boost|p1b: Lunala|spa|1\n|-enditem|p1b: Lunala|Power Herb\n|-anim|p1b: Lunala|Meteor Beam|p2b: the Manager\n|-damage|p2b: the Manager|48/100\n|move|p2b: the Manager|Trick Room|p2b: the Manager\n|-fieldstart|move: Trick Room|[of] p2b: the Manager\n|\n|-weather|SunnyDay|[upkeep]\n|upkeep\n|turn|2\n|\n|t:|1773028745\n|-terastallize|p2a: Calyrex|Water\n|-terastallize|p1b: Lunala|Fire\n|move|p2b: the Manager|Helping Hand|p2a: Calyrex\n|-singleturn|p2a: Calyrex|Helping Hand|[of] p2b: the Manager\n|move|p1a: Koraidon|Protect|p1a: Koraidon\n|-singleturn|p1a: Koraidon|Protect\n|move|p2a: Calyrex|High Horsepower|p1b: Lunala\n|-supereffective|p1b: Lunala\n|-damage|p1b: Lunala|0 fnt\n|faint|p1b: Lunala\n|-ability|p2a: Calyrex|Chilling Neigh|boost\n|-boost|p2a: Calyrex|atk|1\n|\n|-weather|SunnyDay|[upkeep]\n|upkeep\n|\n|t:|1773028754\n|switch|p1b: Ursaluna|Ursaluna, L50, M, shiny|100/100\n|turn|3\n|\n|t:|1773028765\n|switch|p2b: Incineroar|Incineroar, L50, F|100/100\n|-ability|p2b: Incineroar|Intimidate|boost\n|-unboost|p1a: Koraidon|atk|1\n|-unboost|p1b: Ursaluna|atk|1\n|move|p1b: Ursaluna|Protect|p1b: Ursaluna\n|-singleturn|p1b: Ursaluna|Protect\n|move|p2a: Calyrex|Glacial Lance|p1a: Koraidon|[spread] p1a\n|-activate|p1b: Ursaluna|move: Protect\n|-supereffective|p1a: Koraidon\n|-enditem|p1a: Koraidon|Focus Sash\n|-damage|p1a: Koraidon|1/100\n|move|p1a: Koraidon|Close Combat|p2a: Calyrex\n|-damage|p2a: Calyrex|64/100\n|-unboost|p1a: Koraidon|def|1\n|-unboost|p1a: Koraidon|spd|1\n|\n|-weather|SunnyDay|[upkeep]\n|-status|p1b: Ursaluna|brn|[from] item: Flame Orb\n|upkeep\n|turn|4\n|\n|t:|1773028782\n|switch|p1a: Ogerpon|Ogerpon-Cornerstone, L50, F|100/100\n|move|p2b: Incineroar|Fake Out|p1b: Ursaluna\n|-damage|p1b: Ursaluna|92/100 brn\n|move|p2a: Calyrex|Glacial Lance|p1b: Ursaluna|[spread] p1a,p1b\n|-supereffective|p1a: Ogerpon\n|-supereffective|p1b: Ursaluna\n|-ability|p1a: Ogerpon|Sturdy\n|-damage|p1a: Ogerpon|1/100\n|-damage|p1b: Ursaluna|0 fnt\n|faint|p1b: Ursaluna\n|-ability|p2a: Calyrex|Chilling Neigh|boost\n|-boost|p2a: Calyrex|atk|1\n|\n|-weather|SunnyDay|[upkeep]\n|upkeep\n|\n|t:|1773028783\n|switch|p1b: Koraidon|Koraidon, L50, shiny|1/100\n|-activate|p1b: Koraidon|ability: Orichalcum Pulse\n|turn|5\n|\n|t:|1773028798\n|move|p1a: Ogerpon|Spiky Shield|p1a: Ogerpon\n|-singleturn|p1a: Ogerpon|move: Protect\n|move|p1b: Koraidon|Protect|p1b: Koraidon\n|-singleturn|p1b: Koraidon|Protect\n|move|p2a: Calyrex|Glacial Lance|p1a: Ogerpon|[spread] \n|-activate|p1a: Ogerpon|move: Protect\n|-activate|p1b: Koraidon|move: Protect\n|move|p2b: Incineroar|U-turn|p2a: Calyrex\n|-damage|p2a: Calyrex|51/100\n|\n|t:|1773028808\n|switch|p2b: Co-Star|Miraidon, L50|13/100|[from] U-turn\n|-activate|p2b: Co-Star|ability: Hadron Engine\n|\n|-weather|none\n|-fieldend|move: Trick Room\n|-fieldend|move: Electric Terrain\n|upkeep\n|turn|6\n|\n|t:|1773028828\n|move|p2a: Calyrex|Protect|p2a: Calyrex\n|-singleturn|p2a: Calyrex|Protect\n|move|p1b: Koraidon|Close Combat|p2b: Co-Star\n|-damage|p2b: Co-Star|0 fnt\n|-unboost|p1b: Koraidon|def|1\n|-unboost|p1b: Koraidon|spd|1\n|faint|p2b: Co-Star\n|move|p1a: Ogerpon|Power Whip|p2a: Calyrex\n|-activate|p2a: Calyrex|move: Protect\n|\n|upkeep\n|\n|t:|1773028837\n|switch|p2b: Incineroar|Incineroar, L50, F|100/100\n|-ability|p2b: Incineroar|Intimidate|boost\n|-unboost|p1a: Ogerpon|atk|1\n|-unboost|p1b: Koraidon|atk|1\n|turn|7\n|\n|t:|1773028845\n|move|p1a: Ogerpon|Spiky Shield|p1a: Ogerpon\n|-singleturn|p1a: Ogerpon|move: Protect\n|move|p2b: Incineroar|Fake Out|p1a: Ogerpon\n|-activate|p1a: Ogerpon|move: Protect\n|-damage|p2b: Incineroar|88/100|[from] Spiky Shield|[of] p1a: Ogerpon\n|move|p1b: Koraidon|Close Combat|p2a: Calyrex\n|-damage|p2a: Calyrex|26/100\n|-unboost|p1b: Koraidon|def|1\n|-unboost|p1b: Koraidon|spd|1\n|move|p2a: Calyrex|Trick Room|p2a: Calyrex\n|-fieldstart|move: Trick Room|[of] p2a: Calyrex\n|\n|upkeep\n|turn|8\n|-message|501JFW forfeited.\n|\n|win|lalo's pollos\n|raw|501JFW's rating: 1637 &rarr; <strong>1611</strong><br />(-26 for losing)\n|raw|lalo&apos;s pollos's rating: 1525 &rarr; <strong>1551</strong><br />(+26 for winning)\n|l|\u2606501JFW\n|player|p1|\n","uploadtime":1773028862,"views":25,"formatid":"gen9vgc2026regi","rating":1551,"private":0,"password":null}