{"id":"gen9vgc2026regi-2589084372","format":"[Gen 9] VGC 2026 Reg I","players":["Lil Tic","Carajo666"],"log":"|j|\u2606Lil Tic\n|j|\u2606Carajo666\n|t:|1776698596\n|gametype|doubles\n|player|p1|Lil Tic|169|1447\n|player|p2|Carajo666|169|1403\n|gen|9\n|tier|[Gen 9] VGC 2026 Reg I\n|rated|\n|rule|Species Clause: Limit one of each Pok\u00e9mon\n|rule|Item Clause: Limit 1 of each item\n|clearpoke\n|poke|p1|Koraidon, L50|\n|poke|p1|Flutter Mane, L50|\n|poke|p1|Ho-Oh, L50|\n|poke|p1|Incineroar, L50, F|\n|poke|p1|Amoonguss, L50, F|\n|poke|p1|Ting-Lu, L50|\n|poke|p2|Terapagos, L50, M|\n|poke|p2|Urshifu-*, L50, F|\n|poke|p2|Ho-Oh, L50|\n|poke|p2|Toxapex, L50, F|\n|poke|p2|Flutter Mane, L50|\n|poke|p2|Rillaboom, L50, F|\n|teampreview|4\n|inactive|Battle timer is ON: inactive players will automatically lose when time's up. (requested by Carajo666)\n|inactive|Lil Tic has 60 seconds left.\n|\n|t:|1776698641\n|teamsize|p1|4\n|teamsize|p2|4\n|start\n|switch|p1a: Ting-Lu|Ting-Lu, L50|100/100\n|switch|p1b: Koraidon|Koraidon, L50|100/100\n|switch|p2a: Flutter Mane|Flutter Mane, L50|100/100\n|switch|p2b: Toxapex|Toxapex, L50, F|100/100\n|-weather|SunnyDay|[from] ability: Orichalcum Pulse|[of] p1b: Koraidon\n|-activate|p2a: Flutter Mane|ability: Protosynthesis\n|-start|p2a: Flutter Mane|protosynthesisspe\n|-activate|p1b: Koraidon|Orichalcum Pulse|[source]\n|-ability|p1a: Ting-Lu|Vessel of Ruin\n|turn|1\n|\n|t:|1776698654\n|move|p1b: Koraidon|Protect|p1b: Koraidon\n|-singleturn|p1b: Koraidon|Protect\n|move|p2a: Flutter Mane|Thunder Wave|p1b: Koraidon\n|-activate|p1b: Koraidon|move: Protect\n|move|p1a: Ting-Lu|Heavy Slam|p2a: Flutter Mane\n|-supereffective|p2a: Flutter Mane\n|-crit|p2a: Flutter Mane\n|-damage|p2a: Flutter Mane|0 fnt\n|faint|p2a: Flutter Mane\n|-end|p2a: Flutter Mane|Protosynthesis|[silent]\n|move|p2b: Toxapex|Toxic Spikes|p1a: Ting-Lu\n|-sidestart|p1: Lil Tic|move: Toxic Spikes\n|\n|-weather|SunnyDay|[upkeep]\n|upkeep\n|\n|t:|1776698664\n|switch|p2a: Ho-Oh|Ho-Oh, L50|100/100\n|turn|2\n|\n|t:|1776698675\n|-terastallize|p1b: Koraidon|Fire\n|move|p1b: Koraidon|Dragon Claw|p2a: Ho-Oh\n|-damage|p2a: Ho-Oh|41/100\n|-enditem|p2a: Ho-Oh|Sitrus Berry|[eat]\n|-heal|p2a: Ho-Oh|66/100|[from] item: Sitrus Berry\n|-damage|p1b: Koraidon|91/100|[from] item: Life Orb\n|move|p2a: Ho-Oh|Sacred Fire|p1a: Ting-Lu\n|-damage|p1a: Ting-Lu|64/100\n|-status|p1a: Ting-Lu|brn\n|move|p1a: Ting-Lu|Stealth Rock|p2b: Toxapex\n|-sidestart|p2: Carajo666|move: Stealth Rock\n|move|p2b: Toxapex|Infestation|p1b: Koraidon\n|-resisted|p1b: Koraidon\n|-damage|p1b: Koraidon|90/100\n|-activate|p1b: Koraidon|move: Infestation|[of] p2b: Toxapex\n|\n|-weather|SunnyDay|[upkeep]\n|-heal|p1a: Ting-Lu|70/100 brn|[from] item: Leftovers\n|-damage|p1a: Ting-Lu|64/100 brn|[from] brn\n|-damage|p1b: Koraidon|78/100|[from] move: Infestation|[partiallytrapped]\n|upkeep\n|turn|3\n|inactive|Carajo666 has 30 seconds left.\n|\n|t:|1776698705\n|switch|p1a: Amoonguss|Amoonguss, L50, F|100/100\n|-sideend|p1: Lil Tic|move: Toxic Spikes|[of] p1a: Amoonguss\n|move|p1b: Koraidon|Dragon Claw|p2a: Ho-Oh\n|-damage|p2a: Ho-Oh|4/100\n|-damage|p1b: Koraidon|68/100|[from] item: Life Orb\n|move|p2a: Ho-Oh|Brave Bird|p1b: Koraidon\n|-damage|p1b: Koraidon|14/100\n|-damage|p2a: Ho-Oh|0 fnt|[from] Recoil\n|faint|p2a: Ho-Oh\n|move|p2b: Toxapex|Infestation|p1a: Amoonguss\n|-damage|p1a: Amoonguss|97/100\n|-activate|p1a: Amoonguss|move: Infestation|[of] p2b: Toxapex\n|-damage|p2b: Toxapex|84/100|[from] item: Rocky Helmet|[of] p1a: Amoonguss\n|\n|-weather|SunnyDay|[upkeep]\n|-damage|p1b: Koraidon|2/100|[from] move: Infestation|[partiallytrapped]\n|-damage|p1a: Amoonguss|85/100|[from] move: Infestation|[partiallytrapped]\n|upkeep\n|\n|t:|1776698724\n|switch|p2a: Terapagos|Terapagos, L50, M|100/100\n|-activate|p2a: Terapagos|ability: Tera Shift\n|detailschange|p2a: Terapagos|Terapagos-Terastal, L50, M\n|-heal|p2a: Terapagos|100/100|[silent]\n|-damage|p2a: Terapagos|88/100|[from] Stealth Rock\n|turn|4\n|\n|t:|1776698735\n|move|p2a: Terapagos|Protect|p2a: Terapagos\n|-singleturn|p2a: Terapagos|Protect\n|move|p2b: Toxapex|Baneful Bunker|p2b: Toxapex\n|-singleturn|p2b: Toxapex|move: Protect\n|move|p1b: Koraidon|Collision Course|p2a: Terapagos\n|-activate|p2a: Terapagos|move: Protect\n|move|p1a: Amoonguss|Pollen Puff|p1b: Koraidon\n|-heal|p1b: Koraidon|52/100\n|\n|-weather|SunnyDay|[upkeep]\n|-heal|p2a: Terapagos|94/100|[from] item: Leftovers\n|-damage|p1b: Koraidon|40/100|[from] move: Infestation|[partiallytrapped]\n|-damage|p1a: Amoonguss|73/100|[from] move: Infestation|[partiallytrapped]\n|upkeep\n|turn|5\n|\n|t:|1776698755\n|-terastallize|p2a: Terapagos|Stellar\n|detailschange|p2a: Terapagos|Terapagos-Stellar, L50, M, tera:Stellar\n|-heal|p2a: Terapagos|96/100|[silent]\n|-ability|p2a: Terapagos|Teraform Zero\n|-weather|none\n|move|p1b: Koraidon|Collision Course|p2a: Terapagos\n|-supereffective|p2a: Terapagos\n|-damage|p2a: Terapagos|0 fnt\n|faint|p2a: Terapagos\n|detailschange|p2: Terapagos|Terapagos, L50, M|[silent]\n|-damage|p1b: Koraidon|30/100|[from] item: Life Orb\n|move|p2b: Toxapex|Infestation|p1b: Koraidon\n|-resisted|p1b: Koraidon\n|-damage|p1b: Koraidon|28/100\n|move|p1a: Amoonguss|Pollen Puff|p1b: Koraidon\n|-heal|p1b: Koraidon|78/100\n|\n|-damage|p1b: Koraidon|66/100|[from] move: Infestation|[partiallytrapped]\n|-damage|p1a: Amoonguss|60/100|[from] move: Infestation|[partiallytrapped]\n|upkeep\n|turn|6\n|-message|Carajo666 forfeited.\n|\n|win|Lil Tic\n|raw|Lil Tic's rating: 1447 &rarr; <strong>1464</strong><br />(+17 for winning)\n|raw|Carajo666's rating: 1403 &rarr; <strong>1386</strong><br />(-17 for losing)\n|l|\u2606Carajo666\n|player|p2|\n","uploadtime":1776698765,"views":26,"formatid":"gen9vgc2026regi","rating":1386,"private":0,"password":null}