{"id":"gen9vgc2026regi-2521028831","format":"[Gen 9] VGC 2026 Reg I","players":["moyuanjie","kojimuranishi"],"log":"|j|\u2606moyuanjie\n|j|\u2606kojimuranishi\n|t:|1768714299\n|gametype|doubles\n|player|p1|moyuanjie|169|1394\n|player|p2|kojimuranishi|169|1440\n|gen|9\n|tier|[Gen 9] VGC 2026 Reg I\n|rated|\n|rule|Species Clause: Limit one of each Pok\u00e9mon\n|rule|Item Clause: Limit 1 of each item\n|clearpoke\n|poke|p1|Miraidon, L50|\n|poke|p1|Calyrex-Ice, L50|\n|poke|p1|Landorus, L50, M|\n|poke|p1|Smeargle, L50, F|\n|poke|p1|Roaring Moon, L50|\n|poke|p1|Incineroar, L50, M|\n|poke|p2|Miraidon, L50|\n|poke|p2|Lunala, L50|\n|poke|p2|Chien-Pao, L50|\n|poke|p2|Dragonite, L50, F|\n|poke|p2|Ursaluna, L50, M|\n|poke|p2|Urshifu-*, L50, F|\n|teampreview|4\n|inactive|Battle timer is ON: inactive players will automatically lose when time's up. (requested by kojimuranishi)\n|\n|t:|1768714320\n|teamsize|p1|4\n|teamsize|p2|4\n|start\n|switch|p1a: Miraidon|Miraidon, L50|100/100\n|switch|p1b: Roaring Moon|Roaring Moon, L50|100/100\n|switch|p2a: Miraidon|Miraidon, L50|100/100\n|switch|p2b: Lunala|Lunala, L50|100/100\n|-fieldstart|move: Electric Terrain|[from] ability: Hadron Engine|[of] p2a: Miraidon\n|-activate|p1a: Miraidon|ability: Hadron Engine\n|-enditem|p1b: Roaring Moon|Booster Energy\n|-activate|p1b: Roaring Moon|ability: Protosynthesis|[fromitem]\n|-start|p1b: Roaring Moon|protosynthesisspe\n|turn|1\n|inactive|moyuanjie has 30 seconds left.\n|\n|t:|1768714347\n|move|p2a: Miraidon|Draco Meteor|p1b: Roaring Moon\n|-supereffective|p1b: Roaring Moon\n|-damage|p1b: Roaring Moon|0 fnt\n|-unboost|p2a: Miraidon|spa|2\n|faint|p1b: Roaring Moon\n|-end|p1b: Roaring Moon|Protosynthesis|[silent]\n|move|p1a: Miraidon|Snarl|p2a: Miraidon|[spread] p2a,p2b\n|-supereffective|p2b: Lunala\n|-damage|p2a: Miraidon|82/100\n|-damage|p2b: Lunala|74/100\n|-unboost|p2a: Miraidon|spa|1\n|-unboost|p2b: Lunala|spa|1\n|move|p2b: Lunala|Trick Room|p2b: Lunala\n|-fieldstart|move: Trick Room|[of] p2b: Lunala\n|\n|upkeep\n|\n|t:|1768714361\n|switch|p1b: Incineroar|Incineroar, L50, M|100/100\n|-ability|p1b: Incineroar|Intimidate|boost\n|-unboost|p2a: Miraidon|atk|1\n|-unboost|p2b: Lunala|atk|1\n|turn|2\n|\n|t:|1768714372\n|move|p1b: Incineroar|Knock Off|p2a: Miraidon\n|-damage|p2a: Miraidon|44/100\n|-enditem|p2a: Miraidon|Choice Scarf|[from] move: Knock Off|[of] p1b: Incineroar\n|move|p2b: Lunala|Meteor Beam||[still]\n|-prepare|p2b: Lunala|Meteor Beam\n|-boost|p2b: Lunala|spa|1\n|-enditem|p2b: Lunala|Power Herb\n|-anim|p2b: Lunala|Meteor Beam|p1b: Incineroar\n|-supereffective|p1b: Incineroar\n|-damage|p1b: Incineroar|36/100\n|move|p2a: Miraidon|Draco Meteor|p1b: Incineroar\n|-damage|p1b: Incineroar|9/100\n|-unboost|p2a: Miraidon|spa|2\n|move|p1a: Miraidon|Snarl|p2a: Miraidon|[spread] p2a,p2b\n|-supereffective|p2b: Lunala\n|-damage|p2a: Miraidon|26/100\n|-damage|p2b: Lunala|19/100\n|-unboost|p2a: Miraidon|spa|1\n|-unboost|p2b: Lunala|spa|1\n|\n|upkeep\n|turn|3\n|\n|t:|1768714396\n|switch|p1a: Calyrex|Calyrex-Ice, L50|100/100\n|-ability|p1a: Calyrex|As One\n|-ability|p1a: Calyrex|Unnerve\n|move|p1b: Incineroar|Knock Off|p2b: Lunala\n|-supereffective|p2b: Lunala\n|-damage|p2b: Lunala|0 fnt\n|faint|p2b: Lunala\n|move|p2a: Miraidon|Volt Switch|p1b: Incineroar\n|-damage|p1b: Incineroar|0 fnt\n|faint|p1b: Incineroar\n|\n|t:|1768714408\n|switch|p2a: Ursaluna|Ursaluna, L50, M|100/100|[from] Volt Switch\n|\n|-status|p2a: Ursaluna|brn|[from] item: Flame Orb\n|upkeep\n|\n|t:|1768714415\n|switch|p1b: Miraidon|Miraidon, L50|100/100\n|switch|p2b: Chien-Pao|Chien-Pao, L50|100/100\n|-ability|p2b: Chien-Pao|Sword of Ruin\n|-activate|p1b: Miraidon|ability: Hadron Engine\n|turn|4\n|\n|t:|1768714430\n|-terastallize|p2a: Ursaluna|Water\n|-terastallize|p1a: Calyrex|Water\n|move|p2a: Ursaluna|Facade|p1b: Miraidon\n|-damage|p1b: Miraidon|0 fnt\n|faint|p1b: Miraidon\n|move|p1a: Calyrex|Glacial Lance|p2b: Chien-Pao|[spread] p2a,p2b\n|-resisted|p2a: Ursaluna\n|-resisted|p2b: Chien-Pao\n|-damage|p2a: Ursaluna|72/100 brn\n|-damage|p2b: Chien-Pao|61/100\n|move|p2b: Chien-Pao|Crunch|p1a: Calyrex\n|-damage|p1a: Calyrex|57/100\n|-damage|p2b: Chien-Pao|52/100|[from] item: Life Orb\n|\n|-damage|p2a: Ursaluna|66/100 brn|[from] brn\n|upkeep\n|turn|5\n|-message|moyuanjie forfeited.\n|\n|win|kojimuranishi\n|raw|moyuanjie's rating: 1394 &rarr; <strong>1377</strong><br />(-17 for losing)\n|raw|kojimuranishi's rating: 1440 &rarr; <strong>1457</strong><br />(+17 for winning)\n|l|\u2606moyuanjie\n|player|p1|\n|l|\u2606kojimuranishi\n|player|p2|\n","uploadtime":1768714612,"views":16,"formatid":"gen9vgc2026regi","rating":1377,"private":0,"password":null}