{"id":"gen9vgc2026regi-2521357475","format":"[Gen 9] VGC 2026 Reg I","players":["Cjpremo","marcxhenry"],"log":"|j|\u2606Cjpremo\n|j|\u2606marcxhenry\n|t:|1768764713\n|gametype|doubles\n|player|p1|Cjpremo|169|1250\n|player|p2|marcxhenry|hilbert-wonderlauncher|1383\n|gen|9\n|tier|[Gen 9] VGC 2026 Reg I\n|rated|\n|rule|Species Clause: Limit one of each Pok\u00e9mon\n|rule|Item Clause: Limit 1 of each item\n|clearpoke\n|poke|p1|Flutter Mane, L50|\n|poke|p1|Incineroar, L50, M|\n|poke|p1|Amoonguss, L50, F|\n|poke|p1|Koraidon, L50|\n|poke|p1|Raging Bolt, L50|\n|poke|p1|Lunala, L50|\n|poke|p2|Calyrex-Shadow, L50|\n|poke|p2|Urshifu-*, L50, M|\n|poke|p2|Roaring Moon, L50|\n|poke|p2|Kyogre, L50|\n|poke|p2|Tsareena, L50, F|\n|poke|p2|Kingambit, L50, M|\n|teampreview|4\n|inactive|Battle timer is ON: inactive players will automatically lose when time's up. (requested by Cjpremo)\n|inactive|Cjpremo has 60 seconds left.\n|inactive|marcxhenry has 60 seconds left.\n|\n|t:|1768764750\n|teamsize|p1|4\n|teamsize|p2|4\n|start\n|switch|p1a: Incineroar|Incineroar, L50, M|100/100\n|switch|p1b: Raging Bolt|Raging Bolt, L50|100/100\n|switch|p2a: Ludwig|Calyrex-Shadow, L50|100/100\n|switch|p2b: Roter Baron|Roaring Moon, L50, shiny|100/100\n|-ability|p2a: Ludwig|As One\n|-ability|p2a: Ludwig|Unnerve\n|-ability|p1a: Incineroar|Intimidate|boost\n|-unboost|p2a: Ludwig|atk|1\n|-unboost|p2b: Roter Baron|atk|1\n|-enditem|p2b: Roter Baron|Booster Energy\n|-activate|p2b: Roter Baron|ability: Protosynthesis|[fromitem]\n|-start|p2b: Roter Baron|protosynthesisspe\n|turn|1\n|\n|t:|1768764773\n|-end|p2b: Roter Baron|Protosynthesis|[silent]\n|switch|p2b: Hermann|Kingambit, L50, M, shiny|100/100\n|move|p2a: Ludwig|Protect|p2a: Ludwig\n|-singleturn|p2a: Ludwig|Protect\n|move|p1a: Incineroar|Fake Out|p2b: Hermann\n|-resisted|p2b: Hermann\n|-damage|p2b: Hermann|97/100\n|move|p1b: Raging Bolt|Snarl|p2a: Ludwig|[spread] p2b\n|-activate|p2a: Ludwig|move: Protect\n|-resisted|p2b: Hermann\n|-damage|p2b: Hermann|93/100\n|-unboost|p2b: Hermann|spa|1\n|-ability|p2b: Hermann|Defiant|boost\n|-boost|p2b: Hermann|atk|2\n|\n|upkeep\n|turn|2\n|inactive|Cjpremo has 30 seconds left.\n|inactive|Cjpremo has 20 seconds left.\n|\n|t:|1768764808\n|-terastallize|p1b: Raging Bolt|Bug\n|move|p2a: Ludwig|Astral Barrage|p1b: Raging Bolt|[spread] p1a,p1b\n|-resisted|p1a: Incineroar\n|-damage|p1a: Incineroar|78/100\n|-damage|p1b: Raging Bolt|68/100\n|move|p1a: Incineroar|Flare Blitz|p2b: Hermann\n|-supereffective|p2b: Hermann\n|-damage|p2b: Hermann|26/100\n|-damage|p1a: Incineroar|56/100|[from] Recoil\n|move|p1b: Raging Bolt|Snarl|p2a: Ludwig|[spread] p2a,p2b\n|-supereffective|p2a: Ludwig\n|-resisted|p2b: Hermann\n|-damage|p2a: Ludwig|41/100\n|-damage|p2b: Hermann|22/100\n|-unboost|p2a: Ludwig|spa|1\n|-unboost|p2b: Hermann|spa|1\n|-ability|p2b: Hermann|Defiant|boost\n|-boost|p2b: Hermann|atk|2\n|move|p2b: Hermann|Brick Break|p1a: Incineroar\n|-supereffective|p1a: Incineroar\n|-damage|p1a: Incineroar|0 fnt\n|faint|p1a: Incineroar\n|\n|upkeep\n|inactive|Cjpremo has 30 seconds left.\n|\n|t:|1768764834\n|switch|p1a: Koraidon|Koraidon, L50|100/100\n|-weather|SunnyDay|[from] ability: Orichalcum Pulse|[of] p1a: Koraidon\n|-activate|p1b: Raging Bolt|ability: Protosynthesis\n|-start|p1b: Raging Bolt|protosynthesisspa\n|-activate|p1a: Koraidon|Orichalcum Pulse|[source]\n|turn|3\n|\n|t:|1768764858\n|switch|p2a: Roter Baron|Roaring Moon, L50, shiny|100/100\n|-activate|p2a: Roter Baron|ability: Protosynthesis\n|-start|p2a: Roter Baron|protosynthesisspe\n|move|p2b: Hermann|Sucker Punch|p1b: Raging Bolt\n|-damage|p1b: Raging Bolt|0 fnt\n|faint|p1b: Raging Bolt\n|-end|p1b: Raging Bolt|Protosynthesis|[silent]\n|move|p1a: Koraidon|Flame Charge|p2b: Hermann\n|-supereffective|p2b: Hermann\n|-damage|p2b: Hermann|0 fnt\n|-boost|p1a: Koraidon|spe|1\n|faint|p2b: Hermann\n|-damage|p1a: Koraidon|91/100|[from] item: Life Orb\n|\n|-weather|SunnyDay|[upkeep]\n|upkeep\n|\n|t:|1768764874\n|switch|p1b: Flutter Mane|Flutter Mane, L50|100/100\n|switch|p2b: Tripitz|Kyogre, L50, shiny|100/100\n|-weather|RainDance|[from] ability: Drizzle|[of] p2b: Tripitz\n|-end|p2a: Roter Baron|Protosynthesis\n|turn|4\n|\n|t:|1768764889\n|-terastallize|p2a: Roter Baron|Flying\n|move|p2b: Tripitz|Protect|p2b: Tripitz\n|-singleturn|p2b: Tripitz|Protect\n|move|p1a: Koraidon|Close Combat|p2b: Tripitz\n|-activate|p2b: Tripitz|move: Protect\n|move|p1b: Flutter Mane|Icy Wind|p2b: Tripitz|[spread] \n|-activate|p2b: Tripitz|move: Protect\n|-miss|p1b: Flutter Mane|p2a: Roter Baron\n|move|p2a: Roter Baron|Tailwind|p2a: Roter Baron\n|-sidestart|p2: marcxhenry|move: Tailwind\n|\n|-weather|RainDance|[upkeep]\n|upkeep\n|turn|5\n|inactive|Cjpremo has 30 seconds left.\n|inactive|Cjpremo has 20 seconds left.\n|inactive|Cjpremo has 15 seconds left.\n|inactive|marcxhenry has 30 seconds left.\n|\n|t:|1768764933\n|move|p1a: Koraidon|Protect|p1a: Koraidon\n|-singleturn|p1a: Koraidon|Protect\n|move|p2a: Roter Baron|Acrobatics|p1b: Flutter Mane\n|-enditem|p1b: Flutter Mane|Focus Sash\n|-damage|p1b: Flutter Mane|1/100\n|move|p2b: Tripitz|Origin Pulse|p1a: Koraidon|[spread] p1b\n|-activate|p1a: Koraidon|move: Protect\n|-damage|p1b: Flutter Mane|0 fnt\n|faint|p1b: Flutter Mane\n|-end|p1b: Flutter Mane|Protosynthesis|[silent]\n|\n|-weather|RainDance|[upkeep]\n|upkeep\n|turn|6\n|\n|t:|1768764947\n|move|p2a: Roter Baron|Acrobatics|p1a: Koraidon\n|-supereffective|p1a: Koraidon\n|-damage|p1a: Koraidon|5/100\n|move|p2b: Tripitz|Origin Pulse|p1a: Koraidon\n|-resisted|p1a: Koraidon\n|-crit|p1a: Koraidon\n|-damage|p1a: Koraidon|0 fnt\n|faint|p1a: Koraidon\n|\n|win|marcxhenry\n|raw|Cjpremo's rating: 1250 &rarr; <strong>1234</strong><br />(-16 for losing)\n|raw|marcxhenry's rating: 1383 &rarr; <strong>1396</strong><br />(+13 for winning)\n|l|\u2606marcxhenry\n|player|p2|\n","uploadtime":1768765103,"views":12,"formatid":"gen9vgc2026regi","rating":1234,"private":0,"password":null}