{"id":"gen9vgc2026regi-2570032598","format":"[Gen 9] VGC 2026 Reg I","players":["TheVGChef","Snowsquall brute"],"log":"|j|\u2606TheVGChef\n|j|\u2606Snowsquall brute\n|t:|1774759185\n|gametype|doubles\n|player|p1|TheVGChef|266|1402\n|player|p2|Snowsquall brute|veteran|1477\n|gen|9\n|tier|[Gen 9] VGC 2026 Reg I\n|rated|\n|rule|Species Clause: Limit one of each Pok\u00e9mon\n|rule|Item Clause: Limit 1 of each item\n|clearpoke\n|poke|p1|Solgaleo, L50|\n|poke|p1|Calyrex-Shadow, L50|\n|poke|p1|Landorus, L50, M|\n|poke|p1|Roaring Moon, L50|\n|poke|p1|Amoonguss, L50, F|\n|poke|p1|Urshifu-*, L50, F|\n|poke|p2|Miraidon, L50|\n|poke|p2|Landorus-Therian, L50, M|\n|poke|p2|Kingambit, L50, F|\n|poke|p2|Lunala, L50|\n|teampreview|4\n|\n|t:|1774759228\n|teamsize|p1|4\n|teamsize|p2|4\n|start\n|switch|p1a: Roaring Moon|Roaring Moon, L50|100/100\n|switch|p1b: Urshifu|Urshifu-Rapid-Strike, L50, F|100/100\n|switch|p2a: Miraidon|Miraidon, L50|100/100\n|switch|p2b: Landorus|Landorus-Therian, L50, M|100/100\n|-fieldstart|move: Electric Terrain|[from] ability: Hadron Engine|[of] p2a: Miraidon\n|-enditem|p2a: Miraidon|Electric Seed\n|-boost|p2a: Miraidon|def|1|[from] item: Electric Seed\n|-ability|p2b: Landorus|Intimidate|boost\n|-unboost|p1a: Roaring Moon|atk|1\n|-fail|p1b: Urshifu|unboost|[from] item: Clear Amulet|[of] p1b: Urshifu\n|-enditem|p1a: Roaring Moon|Booster Energy\n|-activate|p1a: Roaring Moon|ability: Protosynthesis|[fromitem]\n|-start|p1a: Roaring Moon|protosynthesisspe\n|turn|1\n|\n|t:|1774759248\n|move|p1a: Roaring Moon|Tailwind|p1a: Roaring Moon\n|-sidestart|p1: TheVGChef|move: Tailwind\n|move|p1b: Urshifu|Surging Strikes|p2b: Landorus\n|-supereffective|p2b: Landorus\n|-crit|p2b: Landorus\n|-damage|p2b: Landorus|62/100\n|-supereffective|p2b: Landorus\n|-crit|p2b: Landorus\n|-damage|p2b: Landorus|18/100\n|-supereffective|p2b: Landorus\n|-crit|p2b: Landorus\n|-damage|p2b: Landorus|0 fnt\n|faint|p2b: Landorus\n|-hitcount|p2: Landorus|3\n|move|p2a: Miraidon|Parabolic Charge|p1a: Roaring Moon|[spread] p1a,p1b\n|-resisted|p1a: Roaring Moon\n|-supereffective|p1b: Urshifu\n|-damage|p1a: Roaring Moon|83/100\n|-damage|p1b: Urshifu|0 fnt\n|faint|p1b: Urshifu\n|\n|upkeep\n|\n|t:|1774759254\n|switch|p1b: Landorus|Landorus, L50, M|100/100\n|switch|p2b: Kingambit|Kingambit, L50, F|100/100\n|turn|2\n|\n|t:|1774759269\n|-terastallize|p2b: Kingambit|Dragon\n|move|p2a: Miraidon|Protect|p2a: Miraidon\n|-singleturn|p2a: Miraidon|Protect\n|move|p1a: Roaring Moon|Knock Off|p2b: Kingambit\n|-damage|p2b: Kingambit|74/100\n|-enditem|p2b: Kingambit|Black Glasses|[from] move: Knock Off|[of] p1a: Roaring Moon\n|move|p1b: Landorus|Earth Power|p2b: Kingambit\n|-damage|p2b: Kingambit|8/100\n|move|p2b: Kingambit|Kowtow Cleave|p1b: Landorus\n|-damage|p1b: Landorus|42/100\n|\n|upkeep\n|turn|3\n|\n|t:|1774759290\n|move|p2b: Kingambit|Sucker Punch|p1b: Landorus\n|-crit|p1b: Landorus\n|-damage|p1b: Landorus|0 fnt\n|faint|p1b: Landorus\n|move|p1a: Roaring Moon|Knock Off|p2b: Kingambit\n|-damage|p2b: Kingambit|0 fnt\n|faint|p2b: Kingambit\n|move|p2a: Miraidon|Calm Mind|p2a: Miraidon\n|-boost|p2a: Miraidon|spa|1\n|-boost|p2a: Miraidon|spd|1\n|\n|upkeep\n|\n|t:|1774759294\n|switch|p1b: Calyrex|Calyrex-Shadow, L50|100/100\n|switch|p2b: Lunala|Lunala, L50|100/100\n|-ability|p1b: Calyrex|As One\n|-ability|p1b: Calyrex|Unnerve\n|turn|4\n|\n|t:|1774759311\n|-terastallize|p1b: Calyrex|Stellar\n|move|p2b: Lunala|Wide Guard|p2b: Lunala\n|-singleturn|p2b: Lunala|Wide Guard\n|move|p1a: Roaring Moon|Knock Off|p2b: Lunala\n|-supereffective|p2b: Lunala\n|-damage|p2b: Lunala|50/100\n|-damage|p1a: Roaring Moon|66/100|[from] item: Rocky Helmet|[of] p2b: Lunala\n|-enditem|p2b: Lunala|Rocky Helmet|[from] move: Knock Off|[of] p1a: Roaring Moon\n|move|p1b: Calyrex|Astral Barrage|p2b: Lunala|[spread] \n|-activate|p2a: Miraidon|move: Wide Guard\n|-activate|p2b: Lunala|move: Wide Guard\n|move|p2a: Miraidon|Dragon Pulse|p1a: Roaring Moon\n|-supereffective|p1a: Roaring Moon\n|-damage|p1a: Roaring Moon|0 fnt\n|faint|p1a: Roaring Moon\n|-end|p1a: Roaring Moon|Protosynthesis|[silent]\n|\n|-sideend|p1: TheVGChef|move: Tailwind\n|upkeep\n|turn|5\n|\n|t:|1774759324\n|move|p2b: Lunala|Wide Guard|p2b: Lunala\n|-singleturn|p2b: Lunala|Wide Guard\n|move|p1b: Calyrex|Psychic|p2a: Miraidon\n|-damage|p2a: Miraidon|67/100\n|move|p2a: Miraidon|Parabolic Charge|p1b: Calyrex|[spread] p1b\n|-activate|p2b: Lunala|move: Wide Guard\n|-damage|p1b: Calyrex|37/100\n|-heal|p2a: Miraidon|94/100|[from] drain|[of] p1b: Calyrex\n|\n|-fieldend|move: Electric Terrain\n|upkeep\n|turn|6\n|\n|t:|1774759333\n|move|p2b: Lunala|Wide Guard|p2b: Lunala\n|-singleturn|p2b: Lunala|Wide Guard\n|move|p1b: Calyrex|Psychic|p2a: Miraidon\n|-damage|p2a: Miraidon|69/100\n|move|p2a: Miraidon|Dragon Pulse|p1b: Calyrex\n|-damage|p1b: Calyrex|0 fnt\n|faint|p1b: Calyrex\n|\n|win|Snowsquall brute\n|raw|TheVGChef's rating: 1402 &rarr; <strong>1386</strong><br />(-16 for losing)\n|raw|Snowsquall brute's rating: 1477 &rarr; <strong>1493</strong><br />(+16 for winning)\n|l|\u2606TheVGChef\n|player|p1|\n|l|\u2606Snowsquall brute\n|player|p2|\n","uploadtime":1774759567,"views":16,"formatid":"gen9vgc2026regi","rating":1386,"private":0,"password":null}