{"id":"gen9vgc2026regi-2541183233","format":"[Gen 9] VGC 2026 Reg I","players":["manofcream","EllenJoe2026"],"log":"|j|\u2606manofcream\n|j|\u2606EllenJoe2026\n|t:|1771295458\n|gametype|doubles\n|player|p1|manofcream|swimmer|1357\n|player|p2|EllenJoe2026|iono|1484\n|gen|9\n|tier|[Gen 9] VGC 2026 Reg I\n|rated|\n|rule|Species Clause: Limit one of each Pok\u00e9mon\n|rule|Item Clause: Limit 1 of each item\n|clearpoke\n|poke|p1|Clefairy, L50, F|\n|poke|p1|Calyrex-Ice, L50|\n|poke|p1|Koraidon, L50|\n|poke|p1|Brute Bonnet, L50|\n|poke|p1|Flutter Mane, L50|\n|poke|p1|Landorus-Therian, L50, M|\n|poke|p2|Calyrex-Ice, L50|\n|poke|p2|Miraidon, L50|\n|poke|p2|Tornadus, L50, M|\n|poke|p2|Urshifu-*, L50, F|\n|poke|p2|Incineroar, L50, M|\n|poke|p2|Iron Hands, L50|\n|teampreview|4\n|inactive|Battle timer is ON: inactive players will automatically lose when time's up. (requested by EllenJoe2026)\n|\n|t:|1771295487\n|teamsize|p1|4\n|teamsize|p2|4\n|start\n|switch|p1a: gober :3|Clefairy, L50, F|100/100\n|switch|p1b: awesomelesbian|Koraidon, L50|100/100\n|switch|p2a: Calyrex|Calyrex-Ice, L50|100/100\n|switch|p2b: Incineroar|Incineroar, L50, M|100/100\n|-ability|p2a: Calyrex|As One\n|-ability|p2a: Calyrex|Unnerve\n|-weather|SunnyDay|[from] ability: Orichalcum Pulse|[of] p1b: awesomelesbian\n|-activate|p1b: awesomelesbian|Orichalcum Pulse|[source]\n|-ability|p2b: Incineroar|Intimidate|boost\n|-unboost|p1a: gober :3|atk|1\n|-unboost|p1b: awesomelesbian|atk|1\n|turn|1\n|\n|t:|1771295504\n|move|p1b: awesomelesbian|Protect|p1b: awesomelesbian\n|-singleturn|p1b: awesomelesbian|Protect\n|move|p1a: gober :3|Protect|p1a: gober :3\n|-singleturn|p1a: gober :3|Protect\n|move|p2b: Incineroar|Fake Out|p1b: awesomelesbian\n|-activate|p1b: awesomelesbian|move: Protect\n|move|p2a: Calyrex|Glacial Lance|p1b: awesomelesbian|[spread] \n|-activate|p1a: gober :3|move: Protect\n|-activate|p1b: awesomelesbian|move: Protect\n|\n|-weather|SunnyDay|[upkeep]\n|upkeep\n|turn|2\n|\n|t:|1771295526\n|switch|p2a: Miraidon|Miraidon, L50, shiny|100/100\n|-fieldstart|move: Electric Terrain|[from] ability: Hadron Engine|[of] p2a: Miraidon\n|-terastallize|p1b: awesomelesbian|Fire\n|-terastallize|p2b: Incineroar|Bug\n|move|p1a: gober :3|Helping Hand|p1b: awesomelesbian\n|-singleturn|p1b: awesomelesbian|Helping Hand|[of] p1a: gober :3\n|move|p1b: awesomelesbian|Close Combat|p2a: Miraidon\n|-damage|p2a: Miraidon|0 fnt\n|-unboost|p1b: awesomelesbian|def|1\n|-unboost|p1b: awesomelesbian|spd|1\n|faint|p2a: Miraidon\n|-damage|p1b: awesomelesbian|91/100|[from] item: Life Orb\n|move|p2b: Incineroar|U-turn|p1b: awesomelesbian\n|-resisted|p1b: awesomelesbian\n|-damage|p1b: awesomelesbian|80/100\n|\n|t:|1771295545\n|switch|p2b: Calyrex|Calyrex-Ice, L50|100/100|[from] U-turn\n|-ability|p2b: Calyrex|As One\n|-ability|p2b: Calyrex|Unnerve\n|\n|-weather|SunnyDay|[upkeep]\n|upkeep\n|\n|t:|1771295551\n|switch|p2a: Incineroar|Incineroar, L50, M, tera:Bug|100/100\n|-ability|p2a: Incineroar|Intimidate|boost\n|-unboost|p1a: gober :3|atk|1\n|-unboost|p1b: awesomelesbian|atk|1\n|turn|3\n|\n|t:|1771295556\n|switch|p1b: Billy Big Bones 2|Landorus-Therian, L50, M|100/100\n|-ability|p1b: Billy Big Bones 2|Intimidate|boost\n|-unboost|p2a: Incineroar|atk|1\n|-fail|p2b: Calyrex|unboost|[from] item: Clear Amulet|[of] p2b: Calyrex\n|switch|p2a: Iron Hands|Iron Hands, L50, shiny|100/100\n|-activate|p2a: Iron Hands|ability: Quark Drive\n|-start|p2a: Iron Hands|quarkdriveatk\n|move|p1a: gober :3|Protect|p1a: gober :3\n|-singleturn|p1a: gober :3|Protect\n|move|p2b: Calyrex|Glacial Lance|p1a: gober :3|[spread] p1b\n|-activate|p1a: gober :3|move: Protect\n|-supereffective|p1b: Billy Big Bones 2\n|-damage|p1b: Billy Big Bones 2|0 fnt\n|faint|p1b: Billy Big Bones 2\n|-ability|p2b: Calyrex|Chilling Neigh|boost\n|-boost|p2b: Calyrex|atk|1\n|\n|-weather|SunnyDay|[upkeep]\n|upkeep\n|\n|t:|1771295559\n|switch|p1b: awesomelesbian|Koraidon, L50, tera:Fire|80/100\n|-activate|p1b: awesomelesbian|ability: Orichalcum Pulse\n|turn|4\n|inactive|EllenJoe2026 has 30 seconds left.\n|\n|t:|1771295585\n|move|p1b: awesomelesbian|Protect|p1b: awesomelesbian\n|-singleturn|p1b: awesomelesbian|Protect\n|move|p2a: Iron Hands|Fake Out|p1b: awesomelesbian\n|-activate|p1b: awesomelesbian|move: Protect\n|move|p2b: Calyrex|Glacial Lance|p1a: gober :3|[spread] p1a\n|-activate|p1b: awesomelesbian|move: Protect\n|-damage|p1a: gober :3|25/100\n|move|p1a: gober :3|Encore|p2a: Iron Hands\n|-start|p2a: Iron Hands|Encore\n|\n|-weather|SunnyDay|[upkeep]\n|upkeep\n|turn|5\n|inactive|manofcream has 30 seconds left.\n|inactive|manofcream has 20 seconds left.\n|inactive|manofcream has 15 seconds left.\n|inactive|manofcream has 10 seconds left.\n|\n|t:|1771295631\n|-end|p2a: Iron Hands|Quark Drive|[silent]\n|switch|p2a: Incineroar|Incineroar, L50, M, tera:Bug|100/100\n|-ability|p2a: Incineroar|Intimidate|boost\n|-unboost|p1a: gober :3|atk|1\n|-unboost|p1b: awesomelesbian|atk|1\n|move|p1a: gober :3|Helping Hand|p1b: awesomelesbian\n|-singleturn|p1b: awesomelesbian|Helping Hand|[of] p1a: gober :3\n|move|p1b: awesomelesbian|Flare Blitz|p2b: Calyrex\n|-supereffective|p2b: Calyrex\n|-damage|p2b: Calyrex|0 fnt\n|faint|p2b: Calyrex\n|-damage|p1b: awesomelesbian|47/100|[from] Recoil\n|-damage|p1b: awesomelesbian|38/100|[from] item: Life Orb\n|\n|-weather|none\n|upkeep\n|c|\u2606manofcream|you play way too risky\n|\n|t:|1771295638\n|switch|p2b: Iron Hands|Iron Hands, L50, shiny|100/100\n|-activate|p2b: Iron Hands|ability: Quark Drive\n|-start|p2b: Iron Hands|quarkdriveatk\n|turn|6\n|-message|EllenJoe2026 forfeited.\n|\n|win|manofcream\n|raw|manofcream's rating: 1357 &rarr; <strong>1384</strong><br />(+27 for winning)\n|raw|EllenJoe2026's rating: 1484 &rarr; <strong>1457</strong><br />(-27 for losing)\n|l|\u2606EllenJoe2026\n|player|p2|\n|l|\u2606manofcream\n|player|p1|\n","uploadtime":1771295845,"views":31,"formatid":"gen9vgc2026regi","rating":1384,"private":0,"password":null}