{"id":"gen9vgc2026regi-2580870625","format":"[Gen 9] VGC 2026 Reg I","players":["magicturtle74","Cellpab1"],"log":"|j|\u2606magicturtle74\n|j|\u2606Cellpab1\n|t:|1775939273\n|gametype|doubles\n|player|p1|magicturtle74|n|1421\n|player|p2|Cellpab1|101|1674\n|gen|9\n|tier|[Gen 9] VGC 2026 Reg I\n|rated|\n|rule|Species Clause: Limit one of each Pok\u00e9mon\n|rule|Item Clause: Limit 1 of each item\n|clearpoke\n|poke|p1|Zamazenta-*, L50|\n|poke|p1|Arcanine-Hisui, L50, F|\n|poke|p1|Smeargle, L50, M|\n|poke|p1|Zacian-*, L50|\n|poke|p1|Jolteon, L50, M|\n|poke|p1|Houndstone, L50, M|\n|poke|p2|Calyrex-Ice, L50|\n|poke|p2|Miraidon, L50|\n|poke|p2|Landorus, L50, M|\n|poke|p2|Farigiraf, L50, M|\n|poke|p2|Urshifu-*, L50, F|\n|poke|p2|Incineroar, L50, F|\n|teampreview|4\n|inactive|Battle timer is ON: inactive players will automatically lose when time's up. (requested by Cellpab1)\n|inactive|magicturtle74 has 60 seconds left.\n|inactive|Cellpab1 has 60 seconds left.\n|inactive|Cellpab1 has 30 seconds left.\n|inactive|Cellpab1 has 20 seconds left.\n|inactive|Cellpab1 has 15 seconds left.\n|inactive|Cellpab1 has 10 seconds left.\n|inactive|Cellpab1 has 5 seconds left.\n|\n|t:|1775939365\n|teamsize|p1|4\n|teamsize|p2|4\n|start\n|switch|p1a: dawgg|Arcanine-Hisui, L50, F|100/100\n|switch|p1b: dawg|Zamazenta-Crowned, L50|100/100\n|switch|p2a: Urshifu|Urshifu-Rapid-Strike, L50, F|100/100\n|switch|p2b: Incineroar|Incineroar, L50, F|100/100\n|-ability|p1a: dawgg|Intimidate|boost\n|-unboost|p2a: Urshifu|atk|1\n|-unboost|p2b: Incineroar|atk|1\n|-ability|p1b: dawg|Dauntless Shield|boost\n|-boost|p1b: dawg|def|1\n|-ability|p2b: Incineroar|Intimidate|boost\n|-unboost|p1a: dawgg|atk|1\n|-unboost|p1b: dawg|atk|1\n|turn|1\n|inactive|magicturtle74 has 30 seconds left.\n|inactive|Cellpab1 has 30 seconds left.\n|\n|t:|1775939396\n|switch|p2b: Miraidon|Miraidon, L50|100/100\n|-fieldstart|move: Electric Terrain|[from] ability: Hadron Engine|[of] p2b: Miraidon\n|move|p1a: dawgg|Extreme Speed|p2a: Urshifu\n|-damage|p2a: Urshifu|85/100\n|move|p1b: dawg|Body Press|p2b: Miraidon\n|-damage|p2b: Miraidon|48/100\n|move|p2a: Urshifu|Surging Strikes|p1a: dawgg\n|-supereffective|p1a: dawgg\n|-crit|p1a: dawgg\n|-damage|p1a: dawgg|0 fnt\n|faint|p1a: dawgg\n|-hitcount|p1: dawgg|1\n|\n|upkeep\n|\n|t:|1775939411\n|switch|p1a: dawggg|Smeargle, L50, M|100/100\n|turn|2\n|inactive|Cellpab1 has 30 seconds left.\n|\n|t:|1775939438\n|switch|p2b: Calyrex|Calyrex-Ice, L50|100/100\n|-ability|p2b: Calyrex|As One\n|-ability|p2b: Calyrex|Unnerve\n|switch|p2a: Incineroar|Incineroar, L50, F|100/100\n|-ability|p2a: Incineroar|Intimidate|boost\n|-unboost|p1a: dawggg|atk|1\n|-unboost|p1b: dawg|atk|1\n|move|p1a: dawggg|Fake Out|p2a: Incineroar\n|-damage|p2a: Incineroar|96/100\n|move|p1b: dawg|Body Press|p2b: Calyrex\n|-damage|p2b: Calyrex|62/100\n|\n|-heal|p2b: Calyrex|68/100|[from] item: Leftovers\n|-ability|p1a: dawggg|Moody|boost\n|-boost|p1a: dawggg|spa|2\n|-unboost|p1a: dawggg|spd|1\n|upkeep\n|turn|3\n|inactive|magicturtle74 has 30 seconds left.\n|inactive|Cellpab1 has 30 seconds left.\n|\n|t:|1775939468\n|move|p1b: dawg|Body Press|p2a: Incineroar\n|-supereffective|p2a: Incineroar\n|-damage|p2a: Incineroar|18/100\n|move|p1a: dawggg|Spore|p2b: Calyrex\n|-activate|p2b: Calyrex|move: Electric Terrain\n|move|p2a: Incineroar|U-turn|p1a: dawggg\n|-damage|p1a: dawggg|49/100\n|\n|t:|1775939475\n|switch|p2a: Urshifu|Urshifu-Rapid-Strike, L50, F|85/100|[from] U-turn\n|move|p2b: Calyrex|Leech Seed|p1b: dawg\n|-start|p1b: dawg|move: Leech Seed\n|\n|-heal|p2b: Calyrex|74/100|[from] item: Leftovers\n|-damage|p1b: dawg|88/100|[from] Leech Seed|[of] p2b: Calyrex\n|-heal|p2b: Calyrex|85/100|[silent]\n|-ability|p1a: dawggg|Moody|boost\n|-boost|p1a: dawggg|spa|2\n|-unboost|p1a: dawggg|def|1\n|upkeep\n|turn|4\n|inactive|magicturtle74 has 30 seconds left.\n|inactive|Cellpab1 has 30 seconds left.\n|inactive|Cellpab1 has 20 seconds left.\n|inactive|Cellpab1 has 15 seconds left.\n|inactive|Cellpab1 has 10 seconds left.\n|inactive|Cellpab1 has 5 seconds left.\n|\n|t:|1775939527\n|switch|p1a: DAWGGGGG|Zacian-Crowned, L50, shiny|100/100\n|-ability|p1a: DAWGGGGG|Intrepid Sword|boost\n|-boost|p1a: DAWGGGGG|atk|1\n|-terastallize|p2b: Calyrex|Fairy\n|move|p1b: dawg|Body Press|p2b: Calyrex\n|-resisted|p2b: Calyrex\n|-damage|p2b: Calyrex|67/100\n|move|p2a: Urshifu|Surging Strikes|p1a: DAWGGGGG\n|-crit|p1a: DAWGGGGG\n|-damage|p1a: DAWGGGGG|78/100\n|-crit|p1a: DAWGGGGG\n|-damage|p1a: DAWGGGGG|59/100\n|-crit|p1a: DAWGGGGG\n|-damage|p1a: DAWGGGGG|37/100\n|-hitcount|p1a: DAWGGGGG|3\n|move|p2b: Calyrex|Trick Room|p2b: Calyrex\n|-fieldstart|move: Trick Room|[of] p2b: Calyrex\n|\n|-heal|p2b: Calyrex|73/100|[from] item: Leftovers\n|-damage|p1b: dawg|76/100|[from] Leech Seed|[of] p2b: Calyrex\n|-heal|p2b: Calyrex|85/100|[silent]\n|upkeep\n|turn|5\n|\n|t:|1775939544\n|switch|p1b: dawggg|Smeargle, L50, M|49/100\n|move|p2b: Calyrex|Glacial Lance|p1a: DAWGGGGG|[spread] p1a,p1b\n|-resisted|p1a: DAWGGGGG\n|-damage|p1a: DAWGGGGG|12/100\n|-damage|p1b: dawggg|0 fnt\n|faint|p1b: dawggg\n|-ability|p2b: Calyrex|Chilling Neigh|boost\n|-boost|p2b: Calyrex|atk|1\n|move|p2a: Urshifu|Surging Strikes|p1a: DAWGGGGG\n|-crit|p1a: DAWGGGGG\n|-damage|p1a: DAWGGGGG|0 fnt\n|faint|p1a: DAWGGGGG\n|-hitcount|p1: DAWGGGGG|1\n|\n|-heal|p2b: Calyrex|91/100|[from] item: Leftovers\n|-fieldend|move: Electric Terrain\n|upkeep\n|-message|magicturtle74 forfeited.\n|\n|win|Cellpab1\n|raw|magicturtle74's rating: 1421 &rarr; <strong>1413</strong><br />(-8 for losing)\n|raw|Cellpab1's rating: 1674 &rarr; <strong>1682</strong><br />(+8 for winning)\n|l|\u2606magicturtle74\n|player|p1|\n|l|\u2606Cellpab1\n|player|p2|\n","uploadtime":1775939809,"views":17,"formatid":"gen9vgc2026regi","rating":1413,"private":0,"password":null}