{"id":"gen9vgc2026regi-2565409588","format":"[Gen 9] VGC 2026 Reg I","players":["RIAMOO","BreakTheShadowWall"],"log":"|j|\u2606RIAMOO\n|j|\u2606BreakTheShadowWall\n|t:|1774272784\n|gametype|doubles\n|player|p1|RIAMOO|265|1312\n|player|p2|BreakTheShadowWall|elesa|1414\n|gen|9\n|tier|[Gen 9] VGC 2026 Reg I\n|rated|\n|rule|Species Clause: Limit one of each Pok\u00e9mon\n|rule|Item Clause: Limit 1 of each item\n|clearpoke\n|poke|p1|Whimsicott, L50, F|\n|poke|p1|Koraidon, L50|\n|poke|p1|Zamazenta-*, L50|\n|poke|p1|Incineroar, L50, F|\n|poke|p1|Gastrodon, L50, M|\n|poke|p1|Raging Bolt, L50|\n|poke|p2|Miraidon, L50|\n|poke|p2|Iron Bundle, L50|\n|poke|p2|Lunala, L50|\n|poke|p2|Incineroar, L50, F|\n|poke|p2|Urshifu-*, L50, F|\n|poke|p2|Ursaluna, L50, M|\n|teampreview|4\n|j| Mark Wolf\n|inactive|Battle timer is ON: inactive players will automatically lose when time's up. (requested by BreakTheShadowWall)\n|\n|t:|1774272842\n|teamsize|p1|4\n|teamsize|p2|4\n|start\n|switch|p1a: Incineroar|Incineroar, L50, F|100/100\n|switch|p1b: Koraidon|Koraidon, L50|100/100\n|switch|p2a: Incineroar|Incineroar, L50, F|100/100\n|switch|p2b: Miraidon|Miraidon, L50|100/100\n|-fieldstart|move: Electric Terrain|[from] ability: Hadron Engine|[of] p2b: Miraidon\n|-weather|SunnyDay|[from] ability: Orichalcum Pulse|[of] p1b: Koraidon\n|-activate|p1b: Koraidon|Orichalcum Pulse|[source]\n|-ability|p2a: Incineroar|Intimidate|boost\n|-unboost|p1a: Incineroar|atk|1\n|-fail|p1b: Koraidon|unboost|[from] item: Clear Amulet|[of] p1b: Koraidon\n|-ability|p1a: Incineroar|Intimidate|boost\n|-unboost|p2a: Incineroar|atk|1\n|-unboost|p2b: Miraidon|atk|1\n|turn|1\n|inactive|RIAMOO has 30 seconds left.\n|inactive|BreakTheShadowWall has 30 seconds left.\n|\n|t:|1774272872\n|switch|p2b: Iron Bundle|Iron Bundle, L50|100/100\n|-activate|p2b: Iron Bundle|ability: Quark Drive\n|-start|p2b: Iron Bundle|quarkdrivespe\n|-terastallize|p1b: Koraidon|Fire\n|move|p2a: Incineroar|Fake Out|p1b: Koraidon\n|-damage|p1b: Koraidon|94/100\n|move|p1a: Incineroar|Fake Out|p2b: Iron Bundle\n|-damage|p2b: Iron Bundle|92/100\n|cant|p1b: Koraidon|flinch\n|\n|-weather|SunnyDay|[upkeep]\n|upkeep\n|turn|2\n|\n|t:|1774272897\n|switch|p1b: Gastrodon|Gastrodon, L50, M|100/100\n|move|p2b: Iron Bundle|Protect|p2b: Iron Bundle\n|-singleturn|p2b: Iron Bundle|Protect\n|move|p2a: Incineroar|U-turn|p1a: Incineroar\n|-damage|p1a: Incineroar|92/100\n|inactive|BreakTheShadowWall has 30 seconds left.\n|\n|t:|1774272930\n|switch|p2a: Lunala|Lunala, L50, shiny|100/100|[from] U-turn\n|-enditem|p2a: Lunala|Electric Seed\n|-boost|p2a: Lunala|def|1|[from] item: Electric Seed\n|move|p1a: Incineroar|Flare Blitz|p2b: Iron Bundle\n|-activate|p2b: Iron Bundle|move: Protect\n|\n|-weather|SunnyDay|[upkeep]\n|upkeep\n|turn|3\n|\n|t:|1774272952\n|-end|p2b: Iron Bundle|Quark Drive|[silent]\n|switch|p2b: Incineroar|Incineroar, L50, F|100/100\n|-ability|p2b: Incineroar|Intimidate|boost\n|-unboost|p1a: Incineroar|atk|1\n|-unboost|p1b: Gastrodon|atk|1\n|move|p2a: Lunala|Moongeist Beam|p1b: Gastrodon\n|-damage|p1b: Gastrodon|52/100\n|move|p1a: Incineroar|Knock Off|p2a: Lunala\n|-supereffective|p2a: Lunala\n|-damage|p2a: Lunala|87/100\n|move|p1b: Gastrodon|Yawn|p2b: Incineroar\n|-activate|p2b: Incineroar|move: Electric Terrain\n|\n|-weather|SunnyDay|[upkeep]\n|-heal|p1b: Gastrodon|58/100|[from] item: Leftovers\n|upkeep\n|turn|4\n|inactive|RIAMOO has 30 seconds left.\n|inactive|BreakTheShadowWall has 30 seconds left.\n|inactive|RIAMOO has 20 seconds left.\n|inactive|BreakTheShadowWall has 20 seconds left.\n|inactive|RIAMOO has 15 seconds left.\n|\n|t:|1774272994\n|move|p2b: Incineroar|Fake Out|p1b: Gastrodon\n|-damage|p1b: Gastrodon|49/100\n|move|p2a: Lunala|Moongeist Beam|p1b: Gastrodon\n|-damage|p1b: Gastrodon|1/100\n|move|p1a: Incineroar|U-turn|p2a: Lunala\n|-damage|p2a: Lunala|82/100\n|\n|t:|1774273003\n|switch|p1a: Zamazenta|Zamazenta-Crowned, L50|100/100|[from] U-turn\n|-ability|p1a: Zamazenta|Dauntless Shield|boost\n|-boost|p1a: Zamazenta|def|1\n|cant|p1b: Gastrodon|flinch\n|\n|-weather|SunnyDay|[upkeep]\n|-heal|p1b: Gastrodon|7/100|[from] item: Leftovers\n|upkeep\n|turn|5\n|inactive|BreakTheShadowWall has 30 seconds left.\n|inactive|BreakTheShadowWall has 20 seconds left.\n|\n|t:|1774273039\n|-terastallize|p2b: Incineroar|Ghost\n|move|p1b: Gastrodon|Protect|p1b: Gastrodon\n|-singleturn|p1b: Gastrodon|Protect\n|move|p1a: Zamazenta|Behemoth Bash|p2a: Lunala\n|-damage|p2a: Lunala|60/100\n|move|p2a: Lunala|Moongeist Beam|p1a: Zamazenta\n|-damage|p1a: Zamazenta|66/100\n|move|p2b: Incineroar|U-turn|p1b: Gastrodon\n|-activate|p1b: Gastrodon|move: Protect\n|\n|-weather|none\n|-heal|p1b: Gastrodon|13/100|[from] item: Leftovers\n|-fieldend|move: Electric Terrain\n|upkeep\n|turn|6\n|inactive|RIAMOO has 30 seconds left.\n|inactive|BreakTheShadowWall has 30 seconds left.\n|inactive|BreakTheShadowWall has 20 seconds left.\n|\n|t:|1774273076\n|switch|p1a: Incineroar|Incineroar, L50, F|92/100\n|-ability|p1a: Incineroar|Intimidate|boost\n|-unboost|p2a: Lunala|atk|1\n|-unboost|p2b: Incineroar|atk|1\n|move|p2a: Lunala|Moongeist Beam|p1a: Incineroar\n|-resisted|p1a: Incineroar\n|-damage|p1a: Incineroar|76/100\n|move|p2b: Incineroar|U-turn|p1b: Gastrodon\n|-damage|p1b: Gastrodon|3/100\n|\n|t:|1774273087\n|switch|p2b: Miraidon|Miraidon, L50|100/100|[from] U-turn\n|-fieldstart|move: Electric Terrain|[from] ability: Hadron Engine|[of] p2b: Miraidon\n|move|p1b: Gastrodon|Recover|p1b: Gastrodon\n|-heal|p1b: Gastrodon|54/100\n|\n|-heal|p1b: Gastrodon|60/100|[from] item: Leftovers\n|upkeep\n|turn|7\n|\n|t:|1774273107\n|move|p2b: Miraidon|Electro Drift|p1a: Incineroar\n|-damage|p1a: Incineroar|0 fnt\n|faint|p1a: Incineroar\n|move|p2a: Lunala|Moongeist Beam|p1b: Gastrodon\n|-damage|p1b: Gastrodon|10/100\n|move|p1b: Gastrodon|Earth Power|p2b: Miraidon\n|-supereffective|p2b: Miraidon\n|-damage|p2b: Miraidon|55/100\n|\n|-heal|p1b: Gastrodon|16/100|[from] item: Leftovers\n|upkeep\n|\n|t:|1774273118\n|switch|p1a: Koraidon|Koraidon, L50, tera:Fire|94/100\n|-weather|SunnyDay|[from] ability: Orichalcum Pulse|[of] p1a: Koraidon\n|-activate|p1a: Koraidon|Orichalcum Pulse|[source]\n|turn|8\n|\n|t:|1774273138\n|move|p1a: Koraidon|Collision Course|p2b: Miraidon\n|-damage|p2b: Miraidon|0 fnt\n|faint|p2b: Miraidon\n|move|p2a: Lunala|Moongeist Beam|p1b: Gastrodon\n|-damage|p1b: Gastrodon|0 fnt\n|faint|p1b: Gastrodon\n|\n|-weather|SunnyDay|[upkeep]\n|upkeep\n|\n|t:|1774273154\n|switch|p2b: Incineroar|Incineroar, L50, F, tera:Ghost|100/100\n|switch|p1b: Zamazenta|Zamazenta-Crowned, L50|66/100\n|-ability|p2b: Incineroar|Intimidate|boost\n|-fail|p1a: Koraidon|unboost|[from] item: Clear Amulet|[of] p1a: Koraidon\n|-unboost|p1b: Zamazenta|atk|1\n|turn|9\n|\n|t:|1774273169\n|move|p2b: Incineroar|Fake Out|p1a: Koraidon\n|-damage|p1a: Koraidon|83/100\n|cant|p1a: Koraidon|flinch\n|move|p1b: Zamazenta|Behemoth Bash|p2a: Lunala\n|-damage|p2a: Lunala|44/100\n|move|p2a: Lunala|Trick Room|p2a: Lunala\n|-fieldstart|move: Trick Room|[of] p2a: Lunala\n|\n|-weather|SunnyDay|[upkeep]\n|upkeep\n|turn|10\n|inactive|RIAMOO has 30 seconds left.\n|inactive|BreakTheShadowWall has 30 seconds left.\n|inactive|BreakTheShadowWall has 20 seconds left.\n|inactive|BreakTheShadowWall has 15 seconds left.\n|inactive|BreakTheShadowWall has 10 seconds left.\n|inactive|BreakTheShadowWall has 5 seconds left.\n|\n|t:|1774273223\n|move|p1a: Koraidon|Protect|p1a: Koraidon\n|-singleturn|p1a: Koraidon|Protect\n|move|p2b: Incineroar|Flare Blitz|p1b: Zamazenta\n|-supereffective|p1b: Zamazenta\n|-damage|p1b: Zamazenta|0 fnt\n|faint|p1b: Zamazenta\n|-damage|p2b: Incineroar|80/100|[from] Recoil\n|move|p2a: Lunala|Moongeist Beam|p1a: Koraidon\n|-activate|p1a: Koraidon|move: Protect\n|\n|-weather|SunnyDay|[upkeep]\n|-fieldend|move: Electric Terrain\n|upkeep\n|turn|11\n|\n|t:|1774273234\n|move|p2b: Incineroar|Knock Off|p1a: Koraidon\n|-damage|p1a: Koraidon|49/100\n|-enditem|p1a: Koraidon|Clear Amulet|[from] move: Knock Off|[of] p2b: Incineroar\n|move|p2a: Lunala|Moongeist Beam|p1a: Koraidon\n|-damage|p1a: Koraidon|0 fnt\n|faint|p1a: Koraidon\n|\n|win|BreakTheShadowWall\n|raw|RIAMOO's rating: 1312 &rarr; <strong>1298</strong><br />(-14 for losing)\n|raw|BreakTheShadowWall's rating: 1414 &rarr; <strong>1428</strong><br />(+14 for winning)\n|l|\u2606RIAMOO\n|player|p1|\n|l|\u2606BreakTheShadowWall\n|player|p2|\n|l| Mark Wolf\n","uploadtime":1774273376,"views":12,"formatid":"gen9vgc2026regi","rating":1298,"private":0,"password":null}