{"id":"gen9vgc2026regi-2563180506","format":"[Gen 9] VGC 2026 Reg I","players":["SHyperdestroyerVGC","EllenJoe2026"],"log":"|j|\u2606SHyperdestroyerVGC\n|j|\u2606EllenJoe2026\n|t:|1773999396\n|gametype|doubles\n|player|p1|SHyperdestroyerVGC|lady|1448\n|player|p2|EllenJoe2026|2|1551\n|gen|9\n|tier|[Gen 9] VGC 2026 Reg I\n|rated|\n|rule|Species Clause: Limit one of each Pok\u00e9mon\n|rule|Item Clause: Limit 1 of each item\n|clearpoke\n|poke|p1|Miraidon, L50|\n|poke|p1|Lunala, L50|\n|poke|p1|Whimsicott, L50, F|\n|poke|p1|Ursaluna, L50, M|\n|poke|p1|Incineroar, L50, M|\n|poke|p1|Urshifu-*, L50, F|\n|poke|p2|Calyrex-Shadow, L50|\n|poke|p2|Zamazenta-*, L50|\n|poke|p2|Incineroar, L50, F|\n|poke|p2|Rillaboom, L50, F|\n|poke|p2|Smeargle, L50, F|\n|poke|p2|Tornadus, L50, M|\n|teampreview|4\n|inactive|Battle timer is ON: inactive players will automatically lose when time's up. (requested by EllenJoe2026)\nSHyperdestroyerVGC has agreed to open team sheets.\n|inactive|SHyperdestroyerVGC has 60 seconds left.\n|inactive|EllenJoe2026 has 60 seconds left.\n|\n|t:|1773999437\n|teamsize|p1|4\n|teamsize|p2|4\n|start\n|switch|p1a: Incineroar|Incineroar, L50, M|100/100\n|switch|p1b: Miraidon|Miraidon, L50|100/100\n|switch|p2a: Calyrex|Calyrex-Shadow, L50|100/100\n|switch|p2b: Smeargle|Smeargle, L50, F, shiny|100/100\n|-ability|p2a: Calyrex|As One\n|-ability|p2a: Calyrex|Unnerve\n|-fieldstart|move: Electric Terrain|[from] ability: Hadron Engine|[of] p1b: Miraidon\n|-ability|p1a: Incineroar|Intimidate|boost\n|-unboost|p2a: Calyrex|atk|1\n|-unboost|p2b: Smeargle|atk|1\n|turn|1\n|inactive|EllenJoe2026 has 30 seconds left.\n|inactive|SHyperdestroyerVGC has 30 seconds left.\n|\n|t:|1773999474\n|-terastallize|p2b: Smeargle|Ghost\n|move|p2a: Calyrex|Protect|p2a: Calyrex\n|-singleturn|p2a: Calyrex|Protect\n|move|p1b: Miraidon|Volt Switch|p2a: Calyrex\n|-activate|p2a: Calyrex|move: Protect\n|move|p2b: Smeargle|Decorate|p2a: Calyrex\n|-boost|p2a: Calyrex|atk|2\n|-boost|p2a: Calyrex|spa|2\n|move|p1a: Incineroar|U-turn|p2a: Calyrex\n|-activate|p2a: Calyrex|move: Protect\n|\n|-ability|p2b: Smeargle|Moody|boost\n|-boost|p2b: Smeargle|def|2\n|-unboost|p2b: Smeargle|spd|1\n|upkeep\n|turn|2\n|inactive|SHyperdestroyerVGC has 30 seconds left.\n|\n|t:|1773999507\n|switch|p1b: Whimsicott|Whimsicott, L50, F|100/100\n|move|p2b: Smeargle|Follow Me|p2b: Smeargle\n|-singleturn|p2b: Smeargle|move: Follow Me\n|move|p2a: Calyrex|Astral Barrage|p1b: Whimsicott|[spread] p1a,p1b\n|-resisted|p1a: Incineroar\n|-damage|p1a: Incineroar|59/100\n|-enditem|p1b: Whimsicott|Focus Sash\n|-damage|p1b: Whimsicott|1/100\n|move|p1a: Incineroar|U-turn|p2b: Smeargle\n|-resisted|p2b: Smeargle\n|-damage|p2b: Smeargle|87/100\n|\n|t:|1773999512\n|switch|p1a: Miraidon|Miraidon, L50|100/100|[from] U-turn\n|-activate|p1a: Miraidon|ability: Hadron Engine\n|\n|-ability|p2b: Smeargle|Moody|boost\n|-boost|p2b: Smeargle|def|2\n|-unboost|p2b: Smeargle|spe|1\n|upkeep\n|turn|3\n|inactive|EllenJoe2026 has 30 seconds left.\n|\n|t:|1773999544\n|-terastallize|p1a: Miraidon|Fairy\n|move|p2a: Calyrex|Protect|p2a: Calyrex\n|-singleturn|p2a: Calyrex|Protect\n|move|p2b: Smeargle|Feint|p1b: Whimsicott\n|-damage|p1b: Whimsicott|0 fnt\n|faint|p1b: Whimsicott\n|move|p1a: Miraidon|Dazzling Gleam|p2a: Calyrex|[spread] p2b\n|-activate|p2a: Calyrex|move: Protect\n|-crit|p2b: Smeargle\n|-damage|p2b: Smeargle|0 fnt\n|faint|p2b: Smeargle\n|\n|upkeep\n|\n|t:|1773999558\n|switch|p2b: Rillaboom|Rillaboom, L50, F, shiny|100/100\n|switch|p1b: Lunala|Lunala, L50|100/100\n|-fieldstart|move: Grassy Terrain|[from] ability: Grassy Surge|[of] p2b: Rillaboom\n|turn|4\n|inactive|EllenJoe2026 has 30 seconds left.\n|\n|t:|1773999586\n|move|p1b: Lunala|Wide Guard|p1b: Lunala\n|-singleturn|p1b: Lunala|Wide Guard\n|move|p2a: Calyrex|Astral Barrage|p1b: Lunala|[spread] \n|-activate|p1a: Miraidon|move: Wide Guard\n|-activate|p1b: Lunala|move: Wide Guard\n|move|p1a: Miraidon|Dazzling Gleam|p2a: Calyrex|[spread] p2a,p2b\n|-damage|p2a: Calyrex|50/100\n|-damage|p2b: Rillaboom|64/100\n|move|p2b: Rillaboom|Wood Hammer|p1b: Lunala\n|-damage|p1b: Lunala|72/100\n|-damage|p2b: Rillaboom|54/100|[from] Recoil\n|\n|-heal|p2a: Calyrex|56/100|[from] Grassy Terrain\n|-heal|p1b: Lunala|78/100|[from] Grassy Terrain\n|-heal|p2b: Rillaboom|60/100|[from] Grassy Terrain\n|upkeep\n|turn|5\n|\n|t:|1773999609\n|switch|p1a: Incineroar|Incineroar, L50, M|59/100\n|-ability|p1a: Incineroar|Intimidate|boost\n|-unboost|p2a: Calyrex|atk|1\n|-unboost|p2b: Rillaboom|atk|1\n|move|p2a: Calyrex|Protect|p2a: Calyrex\n|-singleturn|p2a: Calyrex|Protect\n|move|p2b: Rillaboom|U-turn|p1a: Incineroar\n|-damage|p1a: Incineroar|45/100\n|\n|t:|1773999618\n|switch|p2b: Zamazenta|Zamazenta-Crowned, L50, shiny|100/100|[from] U-turn\n|-ability|p2b: Zamazenta|Dauntless Shield|boost\n|-boost|p2b: Zamazenta|def|1\n|move|p1b: Lunala|Trick Room|p1b: Lunala\n|-fieldstart|move: Trick Room|[of] p1b: Lunala\n|\n|-heal|p1a: Incineroar|51/100|[from] Grassy Terrain\n|-heal|p1b: Lunala|84/100|[from] Grassy Terrain\n|-heal|p2a: Calyrex|62/100|[from] Grassy Terrain\n|upkeep\n|turn|6\n|\n|t:|1773999639\n|switch|p2a: Rillaboom|Rillaboom, L50, F, shiny|60/100\n|move|p1a: Incineroar|Flare Blitz|p2a: Rillaboom\n|-supereffective|p2a: Rillaboom\n|-damage|p2a: Rillaboom|0 fnt\n|faint|p2a: Rillaboom\n|-damage|p1a: Incineroar|31/100|[from] Recoil\n|move|p1b: Lunala|Moongeist Beam|p2b: Zamazenta\n|-damage|p2b: Zamazenta|57/100\n|move|p2b: Zamazenta|Body Press|p1a: Incineroar\n|-supereffective|p1a: Incineroar\n|-damage|p1a: Incineroar|0 fnt\n|faint|p1a: Incineroar\n|\n|-heal|p1b: Lunala|91/100|[from] Grassy Terrain\n|-heal|p2b: Zamazenta|63/100|[from] Grassy Terrain\n|upkeep\n|\n|t:|1773999649\n|switch|p1a: Miraidon|Miraidon, L50, tera:Fairy|100/100\n|switch|p2a: Calyrex|Calyrex-Shadow, L50|62/100\n|-ability|p2a: Calyrex|As One\n|-ability|p2a: Calyrex|Unnerve\n|-fieldstart|move: Electric Terrain|[from] ability: Hadron Engine|[of] p1a: Miraidon\n|-enditem|p1b: Lunala|Electric Seed\n|-boost|p1b: Lunala|def|1|[from] item: Electric Seed\n|turn|7\n|\n|t:|1773999668\n|move|p2a: Calyrex|Protect|p2a: Calyrex\n|-singleturn|p2a: Calyrex|Protect\n|move|p1b: Lunala|Moongeist Beam|p2b: Zamazenta\n|-damage|p2b: Zamazenta|25/100\n|move|p2b: Zamazenta|Heavy Slam|p1a: Miraidon\n|-supereffective|p1a: Miraidon\n|-damage|p1a: Miraidon|43/100\n|move|p1a: Miraidon|Electro Drift|p2a: Calyrex\n|-activate|p2a: Calyrex|move: Protect\n|\n|upkeep\n|turn|8\n|\n|t:|1773999678\n|move|p1b: Lunala|Moongeist Beam|p2b: Zamazenta\n|-damage|p2b: Zamazenta|0 fnt\n|faint|p2b: Zamazenta\n|move|p1a: Miraidon|Electro Drift|p2a: Calyrex\n|-damage|p2a: Calyrex|0 fnt\n|faint|p2a: Calyrex\n|\n|win|SHyperdestroyerVGC\n|raw|SHyperdestroyerVGC's rating: 1448 &rarr; <strong>1474</strong><br />(+26 for winning)\n|raw|EllenJoe2026's rating: 1551 &rarr; <strong>1525</strong><br />(-26 for losing)\n|l|\u2606EllenJoe2026\n|player|p2|\n|l|\u2606SHyperdestroyerVGC\n|player|p1|\n","uploadtime":1773999697,"views":13,"formatid":"gen9vgc2026regi","rating":1474,"private":0,"password":null}