{"id":"gen9vgc2026regi-2568509208","format":"[Gen 9] VGC 2026 Reg I","players":["XxxInnovationxxX","kitucho"],"log":"|j|\u2606XxxInnovationxxX\n|j|\u2606kitucho\n|t:|1774587594\n|gametype|doubles\n|player|p1|XxxInnovationxxX|2|1297\n|player|p2|kitucho|2|1194\n|gen|9\n|tier|[Gen 9] VGC 2026 Reg I\n|rated|\n|rule|Species Clause: Limit one of each Pok\u00e9mon\n|rule|Item Clause: Limit 1 of each item\n|clearpoke\n|poke|p1|Whimsicott, L50, M|\n|poke|p1|Koraidon, L50|\n|poke|p1|Gouging Fire, L50|\n|poke|p1|Urshifu-*, L50, M|\n|poke|p1|Indeedee-F, L50, F|\n|poke|p1|Calyrex-Shadow, L50|\n|poke|p2|Giratina-Origin, L50|\n|poke|p2|Zamazenta-*, L50|\n|poke|p2|Entei, L50|\n|poke|p2|Chien-Pao, L50|\n|poke|p2|Rillaboom, L50, F|\n|poke|p2|Moltres-Galar, L50|\n|teampreview|4\n|inactive|Battle timer is ON: inactive players will automatically lose when time's up. (requested by XxxInnovationxxX)\n|\n|t:|1774587645\n|teamsize|p1|4\n|teamsize|p2|4\n|start\n|switch|p1a: Whimsicott|Whimsicott, L50, M|100/100\n|switch|p1b: Koraidon|Koraidon, L50|100/100\n|switch|p2a: Entei|Entei, L50|100/100\n|switch|p2b: Chien-Pao|Chien-Pao, L50|100/100\n|-weather|SunnyDay|[from] ability: Orichalcum Pulse|[of] p1b: Koraidon\n|-activate|p1b: Koraidon|Orichalcum Pulse|[source]\n|-ability|p2b: Chien-Pao|Sword of Ruin\n|turn|1\n|inactive|XxxInnovationxxX has 30 seconds left.\n|inactive|kitucho has 30 seconds left.\n|\n|t:|1774587672\n|switch|p1a: Indeedee|Indeedee-F, L50, F|100/100\n|-fieldstart|move: Psychic Terrain|[from] ability: Psychic Surge|[of] p1a: Indeedee\n|-terastallize|p1b: Koraidon|Fire\n|move|p2b: Chien-Pao|Protect|p2b: Chien-Pao\n|-singleturn|p2b: Chien-Pao|Protect\n|move|p2a: Entei|Protect|p2a: Entei\n|-singleturn|p2a: Entei|Protect\n|move|p1b: Koraidon|Collision Course|p2b: Chien-Pao\n|-activate|p2b: Chien-Pao|move: Protect\n|\n|-weather|SunnyDay|[upkeep]\n|upkeep\n|turn|2\n|inactive|kitucho has 30 seconds left.\n|\n|t:|1774587699\n|switch|p2b: Giratina|Giratina-Origin, L50, shiny|100/100\n|move|p1a: Indeedee|Follow Me|p1a: Indeedee\n|-singleturn|p1a: Indeedee|move: Follow Me\n|move|p1b: Koraidon|Flare Blitz|p2b: Giratina\n|-resisted|p2b: Giratina\n|-damage|p2b: Giratina|57/100\n|-damage|p1b: Koraidon|79/100|[from] Recoil\n|move|p2a: Entei|Sacred Fire|p1a: Indeedee\n|-damage|p1a: Indeedee|8/100\n|-damage|p2a: Entei|91/100|[from] item: Life Orb\n|\n|-weather|SunnyDay|[upkeep]\n|upkeep\n|turn|3\n|inactive|XxxInnovationxxX has 30 seconds left.\n|inactive|kitucho has 30 seconds left.\n|inactive|kitucho has 20 seconds left.\n|inactive|kitucho has 15 seconds left.\n|inactive|kitucho has 10 seconds left.\n|\n|t:|1774587748\n|move|p1a: Indeedee|Follow Me|p1a: Indeedee\n|-singleturn|p1a: Indeedee|move: Follow Me\n|move|p1b: Koraidon|Dragon Claw|p2b: Giratina\n|-supereffective|p2b: Giratina\n|-damage|p2b: Giratina|0 fnt\n|faint|p2b: Giratina\n|move|p2a: Entei|Stone Edge|p1a: Indeedee|[miss]\n|-miss|p2a: Entei|p1a: Indeedee\n|\n|-weather|SunnyDay|[upkeep]\n|upkeep\n|\n|t:|1774587765\n|switch|p2b: Moltres|Moltres-Galar, L50|100/100\n|turn|4\n|\n|t:|1774587784\n|-terastallize|p2b: Moltres|Poison\n|move|p2a: Entei|Protect|p2a: Entei\n|-singleturn|p2a: Entei|Protect\n|move|p1a: Indeedee|Follow Me|p1a: Indeedee\n|-singleturn|p1a: Indeedee|move: Follow Me\n|move|p1b: Koraidon|Flare Blitz|p2b: Moltres\n|-damage|p2b: Moltres|0 fnt\n|faint|p2b: Moltres\n|-damage|p1b: Koraidon|47/100|[from] Recoil\n|\n|-weather|SunnyDay|[upkeep]\n|upkeep\n|\n|t:|1774587794\n|switch|p2b: Chien-Pao|Chien-Pao, L50|100/100\n|-ability|p2b: Chien-Pao|Sword of Ruin\n|turn|5\n|inactive|XxxInnovationxxX has 30 seconds left.\n|\n|t:|1774587826\n|move|p1a: Indeedee|Helping Hand|p1b: Koraidon\n|-singleturn|p1b: Koraidon|Helping Hand|[of] p1a: Indeedee\n|move|p1b: Koraidon|Collision Course|p2a: Entei\n|-damage|p2a: Entei|0 fnt\n|faint|p2a: Entei\n|move|p2b: Chien-Pao|Crunch|p1a: Indeedee\n|-supereffective|p1a: Indeedee\n|-damage|p1a: Indeedee|0 fnt\n|-damage|p2b: Chien-Pao|84/100|[from] item: Rocky Helmet|[of] p1a: Indeedee\n|faint|p1a: Indeedee\n|\n|-weather|none\n|-fieldend|move: Psychic Terrain\n|upkeep\n|-message|kitucho forfeited.\n|\n|win|XxxInnovationxxX\n|raw|XxxInnovationxxX's rating: 1297 &rarr; <strong>1315</strong><br />(+18 for winning)\n|raw|kitucho's rating: 1194 &rarr; <strong>1176</strong><br />(-18 for losing)\n|l|\u2606kitucho\n|player|p2|\n|l|\u2606XxxInnovationxxX\n|player|p1|\n","uploadtime":1774587985,"views":12,"formatid":"gen9vgc2026regi","rating":1176,"private":0,"password":null}