{"id":"gen9vgc2026regi-2538484949","format":"[Gen 9] VGC 2026 Reg I","players":["ColonelSquid","marcxhenry"],"log":"|j|\u2606ColonelSquid\n|j|\u2606marcxhenry\n|t:|1770932161\n|gametype|doubles\n|player|p1|ColonelSquid|2|1520\n|player|p2|marcxhenry|hilbert-wonderlauncher|1524\n|gen|9\n|tier|[Gen 9] VGC 2026 Reg I\n|rated|\n|rule|Species Clause: Limit one of each Pok\u00e9mon\n|rule|Item Clause: Limit 1 of each item\n|clearpoke\n|poke|p1|Smeargle, L50, F|\n|poke|p1|Calyrex-Ice, L50|\n|poke|p1|Lunala, L50|\n|poke|p1|Indeedee-F, L50, F|\n|poke|p1|Toxapex, L50, F|\n|poke|p1|Incineroar, L50, M|\n|poke|p2|Calyrex-Shadow, L50|\n|poke|p2|Urshifu-*, L50, M|\n|poke|p2|Roaring Moon, L50|\n|poke|p2|Kyogre, L50|\n|poke|p2|Tsareena, L50, F|\n|poke|p2|Kingambit, L50, M|\n|teampreview|4\n|inactive|Battle timer is ON: inactive players will automatically lose when time's up. (requested by ColonelSquid)\n|inactive|ColonelSquid has 60 seconds left.\n|\n|t:|1770932207\n|teamsize|p1|4\n|teamsize|p2|4\n|start\n|switch|p1a: Smeargle|Smeargle, L50, F|100/100\n|switch|p1b: Calyrex|Calyrex-Ice, L50|100/100\n|switch|p2a: Rhein\u00fcbung|Urshifu-Rapid-Strike, L50, M|100/100\n|switch|p2b: Hitmonshe|Tsareena, L50, F, shiny|100/100\n|-ability|p1b: Calyrex|As One\n|-ability|p1b: Calyrex|Unnerve\n|turn|1\n|\n|t:|1770932222\n|switch|p1a: Toxapex|Toxapex, L50, F|100/100\n|-terastallize|p2b: Hitmonshe|Water\n|move|p2a: Rhein\u00fcbung|Surging Strikes|p1a: Toxapex\n|-resisted|p1a: Toxapex\n|-crit|p1a: Toxapex\n|-damage|p1a: Toxapex|94/100\n|-damage|p2a: Rhein\u00fcbung|84/100|[from] item: Rocky Helmet|[of] p1a: Toxapex\n|-resisted|p1a: Toxapex\n|-crit|p1a: Toxapex\n|-damage|p1a: Toxapex|87/100\n|-damage|p2a: Rhein\u00fcbung|67/100|[from] item: Rocky Helmet|[of] p1a: Toxapex\n|-resisted|p1a: Toxapex\n|-crit|p1a: Toxapex\n|-damage|p1a: Toxapex|81/100\n|-damage|p2a: Rhein\u00fcbung|51/100|[from] item: Rocky Helmet|[of] p1a: Toxapex\n|-hitcount|p1a: Toxapex|3\n|move|p2b: Hitmonshe|Taunt|p1b: Calyrex\n|-start|p1b: Calyrex|move: Taunt\n|move|p1b: Calyrex|Glacial Lance|p2b: Hitmonshe|[spread] p2a,p2b\n|-resisted|p2a: Rhein\u00fcbung\n|-resisted|p2b: Hitmonshe\n|-damage|p2a: Rhein\u00fcbung|17/100\n|-damage|p2b: Hitmonshe|68/100\n|\n|upkeep\n|turn|2\n|inactive|ColonelSquid has 30 seconds left.\n|inactive|marcxhenry has 30 seconds left.\n|inactive|ColonelSquid has 20 seconds left.\n|\n|t:|1770932260\n|move|p2a: Rhein\u00fcbung|Surging Strikes|p1b: Calyrex\n|-crit|p1b: Calyrex\n|-damage|p1b: Calyrex|87/100\n|-crit|p1b: Calyrex\n|-damage|p1b: Calyrex|72/100\n|-crit|p1b: Calyrex\n|-damage|p1b: Calyrex|58/100\n|-hitcount|p1b: Calyrex|3\n|move|p2b: Hitmonshe|Power Whip|p1b: Calyrex\n|-damage|p1b: Calyrex|17/100\n|move|p1a: Toxapex|Muddy Water|p2b: Hitmonshe|[spread] p2a,p2b\n|-resisted|p2a: Rhein\u00fcbung\n|-resisted|p2b: Hitmonshe\n|-damage|p2a: Rhein\u00fcbung|7/100\n|-damage|p2b: Hitmonshe|59/100\n|-unboost|p2a: Rhein\u00fcbung|accuracy|1\n|-unboost|p2b: Hitmonshe|accuracy|1\n|move|p1b: Calyrex|Glacial Lance|p2a: Rhein\u00fcbung|[spread] p2a,p2b\n|-resisted|p2a: Rhein\u00fcbung\n|-resisted|p2b: Hitmonshe\n|-damage|p2a: Rhein\u00fcbung|0 fnt\n|-damage|p2b: Hitmonshe|25/100\n|faint|p2a: Rhein\u00fcbung\n|-ability|p1b: Calyrex|Chilling Neigh|boost\n|-boost|p1b: Calyrex|atk|1\n|\n|upkeep\n|\n|t:|1770932281\n|switch|p2a: Hermann|Kingambit, L50, M, shiny|100/100\n|turn|3\n|\n|t:|1770932294\n|switch|p1b: Smeargle|Smeargle, L50, F|100/100\n|move|p2b: Hitmonshe|Taunt|p1a: Toxapex\n|-start|p1a: Toxapex|move: Taunt\n|move|p2a: Hermann|Brick Break|p1b: Smeargle\n|-supereffective|p1b: Smeargle\n|-enditem|p1b: Smeargle|Focus Sash\n|-damage|p1b: Smeargle|1/100\n|move|p1a: Toxapex|Muddy Water|p2a: Hermann|[spread] p2a\n|-miss|p1a: Toxapex|p2b: Hitmonshe\n|-damage|p2a: Hermann|92/100\n|\n|-ability|p1b: Smeargle|Moody|boost\n|-boost|p1b: Smeargle|spe|2\n|-unboost|p1b: Smeargle|spa|1\n|upkeep\n|turn|4\n|\n|t:|1770932314\n|move|p2a: Hermann|Sucker Punch|p1a: Toxapex\n|-damage|p1a: Toxapex|53/100\n|-damage|p2a: Hermann|75/100|[from] item: Rocky Helmet|[of] p1a: Toxapex\n|move|p1b: Smeargle|Spore|p2b: Hitmonshe\n|-status|p2b: Hitmonshe|slp|[from] move: Spore\n|cant|p2b: Hitmonshe|slp\n|move|p1a: Toxapex|Muddy Water|p2b: Hitmonshe|[spread] p2a\n|-miss|p1a: Toxapex|p2b: Hitmonshe\n|-damage|p2a: Hermann|66/100\n|\n|-ability|p1b: Smeargle|Moody|boost\n|-boost|p1b: Smeargle|def|2\n|-unboost|p1b: Smeargle|atk|1\n|upkeep\n|turn|5\n|\n|t:|1770932333\n|switch|p1a: Calyrex|Calyrex-Ice, L50|17/100\n|-ability|p1a: Calyrex|As One\n|-ability|p1a: Calyrex|Unnerve\n|move|p2a: Hermann|Sucker Punch||[still]\n|-fail|p2a: Hermann\n|move|p1b: Smeargle|Spore|p2a: Hermann\n|-status|p2a: Hermann|slp|[from] move: Spore\n|cant|p2b: Hitmonshe|slp\n|\n|-ability|p1b: Smeargle|Moody|boost\n|-boost|p1b: Smeargle|spd|2\n|-unboost|p1b: Smeargle|atk|1\n|upkeep\n|turn|6\n|inactive|ColonelSquid has 30 seconds left.\n|\n|t:|1770932359\n|move|p1b: Smeargle|Follow Me|p1b: Smeargle\n|-singleturn|p1b: Smeargle|move: Follow Me\n|cant|p2a: Hermann|slp\n|cant|p2b: Hitmonshe|slp\n|move|p1a: Calyrex|Trick Room|p1a: Calyrex\n|-fieldstart|move: Trick Room|[of] p1a: Calyrex\n|\n|-ability|p1b: Smeargle|Moody|boost\n|-boost|p1b: Smeargle|atk|2\n|-unboost|p1b: Smeargle|spe|1\n|upkeep\n|turn|7\n|\n|t:|1770932373\n|-curestatus|p2b: Hitmonshe|slp|[msg]\n|move|p2b: Hitmonshe|Protect|p2b: Hitmonshe\n|-singleturn|p2b: Hitmonshe|Protect\n|move|p1b: Smeargle|Follow Me|p1b: Smeargle\n|-singleturn|p1b: Smeargle|move: Follow Me\n|move|p1a: Calyrex|Glacial Lance|p2b: Hitmonshe|[spread] p2a\n|-activate|p2b: Hitmonshe|move: Protect\n|-resisted|p2a: Hermann\n|-damage|p2a: Hermann|44/100 slp\n|cant|p2a: Hermann|slp\n|\n|-ability|p1b: Smeargle|Moody|boost\n|-boost|p1b: Smeargle|atk|2\n|-unboost|p1b: Smeargle|spa|1\n|upkeep\n|turn|8\n|j| Chupacabrillas\n|\n|t:|1770932390\n|switch|p2b: Tripitz|Kyogre, L50, shiny|100/100\n|-weather|RainDance|[from] ability: Drizzle|[of] p2b: Tripitz\n|move|p1b: Smeargle|Follow Me|p1b: Smeargle\n|-singleturn|p1b: Smeargle|move: Follow Me\n|move|p1a: Calyrex|Glacial Lance|p2a: Hermann|[spread] p2a,p2b\n|-resisted|p2a: Hermann\n|-resisted|p2b: Tripitz\n|-damage|p2a: Hermann|20/100 slp\n|-damage|p2b: Tripitz|68/100\n|-curestatus|p2a: Hermann|slp|[msg]\n|move|p2a: Hermann|Iron Head|p1b: Smeargle\n|-damage|p1b: Smeargle|0 fnt\n|faint|p1b: Smeargle\n|\n|-weather|RainDance|[upkeep]\n|upkeep\n|\n|t:|1770932398\n|switch|p1b: Toxapex|Toxapex, L50, F|86/100\n|turn|9\n|inactive|marcxhenry has 30 seconds left.\n|\n|t:|1770932427\n|move|p1a: Calyrex|Protect|p1a: Calyrex\n|-singleturn|p1a: Calyrex|Protect\n|move|p2a: Hermann|Sucker Punch|p1b: Toxapex\n|-damage|p1b: Toxapex|58/100\n|-damage|p2a: Hermann|3/100|[from] item: Rocky Helmet|[of] p1b: Toxapex\n|move|p1b: Toxapex|Muddy Water|p2b: Tripitz|[spread] p2a,p2b\n|-resisted|p2b: Tripitz\n|-damage|p2a: Hermann|0 fnt\n|-damage|p2b: Tripitz|60/100\n|-unboost|p2b: Tripitz|accuracy|1\n|faint|p2a: Hermann\n|move|p2b: Tripitz|Hydro Pump|p1a: Calyrex\n|-activate|p1a: Calyrex|move: Protect\n|\n|-weather|RainDance|[upkeep]\n|upkeep\n|\n|t:|1770932440\n|switch|p2a: Hitmonshe|Tsareena, L50, F, shiny, tera:Water|25/100\n|turn|10\n|\n|t:|1770932464\n|move|p2a: Hitmonshe|Protect|p2a: Hitmonshe\n|-singleturn|p2a: Hitmonshe|Protect\n|move|p1b: Toxapex|Wide Guard|p1b: Toxapex\n|-singleturn|p1b: Toxapex|Wide Guard\n|move|p1a: Calyrex|Glacial Lance|p2a: Hitmonshe|[spread] p2b\n|-activate|p2a: Hitmonshe|move: Protect\n|-resisted|p2b: Tripitz\n|-damage|p2b: Tripitz|29/100\n|move|p2b: Tripitz|Origin Pulse|p1b: Toxapex|[spread] \n|-activate|p1a: Calyrex|move: Wide Guard\n|-activate|p1b: Toxapex|move: Wide Guard\n|\n|-weather|RainDance|[upkeep]\n|-fieldend|move: Trick Room\n|upkeep\n|turn|11\n|inactive|ColonelSquid has 30 seconds left.\n|\n|t:|1770932494\n|move|p1a: Calyrex|Protect|p1a: Calyrex\n|-singleturn|p1a: Calyrex|Protect\n|move|p2b: Tripitz|Hydro Pump|p1a: Calyrex\n|-activate|p1a: Calyrex|move: Protect\n|move|p2a: Hitmonshe|Power Whip|p1b: Toxapex\n|-damage|p1b: Toxapex|18/100\n|-damage|p2a: Hitmonshe|8/100|[from] item: Rocky Helmet|[of] p1b: Toxapex\n|move|p1b: Toxapex|Muddy Water|p2a: Hitmonshe|[spread] p2a,p2b\n|-resisted|p2a: Hitmonshe\n|-resisted|p2b: Tripitz\n|-damage|p2a: Hitmonshe|0 fnt\n|-damage|p2b: Tripitz|20/100\n|-unboost|p2b: Tripitz|accuracy|1\n|faint|p2a: Hitmonshe\n|\n|-weather|RainDance|[upkeep]\n|upkeep\n|turn|12\n|\n|t:|1770932510\n|move|p1b: Toxapex|Wide Guard|p1b: Toxapex\n|-singleturn|p1b: Toxapex|Wide Guard\n|move|p2b: Tripitz|Origin Pulse|p1a: Calyrex|[spread] \n|-activate|p1a: Calyrex|move: Wide Guard\n|-activate|p1b: Toxapex|move: Wide Guard\n|move|p1a: Calyrex|Trick Room|p1a: Calyrex\n|-fieldstart|move: Trick Room|[of] p1a: Calyrex\n|\n|-weather|none\n|upkeep\n|turn|13\n|c|\u2606ColonelSquid|bro im sorry\n|-message|marcxhenry forfeited.\n|\n|win|ColonelSquid\n|raw|ColonelSquid's rating: 1520 &rarr; <strong>1540</strong><br />(+20 for winning)\n|raw|marcxhenry's rating: 1524 &rarr; <strong>1504</strong><br />(-20 for losing)\n|l|\u2606marcxhenry\n|player|p2|\n|l| Chupacabrillas\n","uploadtime":1770932666,"views":51,"formatid":"gen9vgc2026regi","rating":1504,"private":0,"password":null}