{"id":"gen9vgc2026regi-2549637001","format":"[Gen 9] VGC 2026 Reg I","players":["Vgczji","b3testing"],"log":"|j|\u203dVgczji\n|j|\u2606b3testing\n|t:|1772392542\n|gametype|doubles\n|player|p1|Vgczji|lucas|1235\n|player|p2|b3testing|170|1400\n|gen|9\n|tier|[Gen 9] VGC 2026 Reg I\n|rated|\n|rule|Species Clause: Limit one of each Pok\u00e9mon\n|rule|Item Clause: Limit 1 of each item\n|clearpoke\n|poke|p1|Moltres-Galar, L50|\n|poke|p1|Necrozma-Dusk-Mane, L50|\n|poke|p1|Kyogre, L50|\n|poke|p1|Landorus-Therian, L50, M|\n|poke|p1|Weezing-Galar, L50, M|\n|poke|p1|Rillaboom, L50, M|\n|poke|p2|Terapagos, L50, M|\n|poke|p2|Calyrex-Shadow, L50|\n|poke|p2|Incineroar, L50, M|\n|poke|p2|Amoonguss, L50, M|\n|poke|p2|Tornadus, L50, M|\n|poke|p2|Smeargle, L50, F|\n|teampreview|4\n|inactive|Battle timer is ON: inactive players will automatically lose when time's up. (requested by b3testing)\n|\n|t:|1772392571\n|teamsize|p1|4\n|teamsize|p2|4\n|start\n|switch|p1a: Weezing|Weezing-Galar, L50, M|100/100\n|switch|p1b: Moltres|Moltres-Galar, L50|100/100\n|switch|p2a: Smeargle|Smeargle, L50, F|100/100\n|switch|p2b: Terapagos|Terapagos, L50, M|100/100\n|-activate|p2b: Terapagos|ability: Tera Shift\n|detailschange|p2b: Terapagos|Terapagos-Terastal, L50, M\n|-heal|p2b: Terapagos|100/100|[silent]\n|-fieldstart|move: Misty Terrain|[from] ability: Misty Surge|[of] p1a: Weezing\n|turn|1\n|inactive|Vgczji has 30 seconds left.\n|inactive|b3testing has 30 seconds left.\n|inactive|Vgczji has 20 seconds left.\n|inactive|Vgczji has 15 seconds left.\n|\n|t:|1772392619\n|switch|p1a: Necrozma|Necrozma-Dusk-Mane, L50|100/100\n|-terastallize|p1b: Moltres|Grass\n|-terastallize|p2b: Terapagos|Stellar\n|detailschange|p2b: Terapagos|Terapagos-Stellar, L50, M, tera:Stellar\n|-heal|p2b: Terapagos|100/100|[silent]\n|-ability|p2b: Terapagos|Teraform Zero\n|-fieldend|Misty Terrain\n|move|p1b: Moltres|Tailwind|p1b: Moltres\n|-sidestart|p1: Vgczji|move: Tailwind\n|move|p2a: Smeargle|Spore|p1b: Moltres\n|-immune|p1b: Moltres\n|move|p2b: Terapagos|Calm Mind|p2b: Terapagos\n|-boost|p2b: Terapagos|spa|1\n|-boost|p2b: Terapagos|spd|1\n|\n|-ability|p2a: Smeargle|Moody|boost\n|-boost|p2a: Smeargle|spd|2\n|-unboost|p2a: Smeargle|def|1\n|upkeep\n|turn|2\n|\n|t:|1772392642\n|switch|p1a: Weezing|Weezing-Galar, L50, M|100/100\n|-fieldstart|move: Misty Terrain|[from] ability: Misty Surge|[of] p1a: Weezing\n|move|p1b: Moltres|Fiery Wrath|p2a: Smeargle|[spread] p2a,p2b\n|-damage|p2a: Smeargle|70/100\n|-damage|p2b: Terapagos|88/100\n|move|p2a: Smeargle|Decorate|p2b: Terapagos\n|-boost|p2b: Terapagos|atk|2\n|-boost|p2b: Terapagos|spa|2\n|move|p2b: Terapagos|Tera Starstorm|p1a: Weezing|[spread] p1a,p1b\n|-supereffective|p1b: Moltres\n|-damage|p1a: Weezing|0 fnt\n|-damage|p1b: Moltres|0 fnt\n|faint|p1a: Weezing\n|faint|p1b: Moltres\n|\n|-ability|p2a: Smeargle|Moody|boost\n|-boost|p2a: Smeargle|spa|2\n|-unboost|p2a: Smeargle|def|1\n|upkeep\n|\n|t:|1772392657\n|switch|p1b: Necrozma|Necrozma-Dusk-Mane, L50|100/100\n|switch|p1a: Kyogre|Kyogre, L50|100/100\n|-weather|RainDance|[from] ability: Drizzle|[of] p1a: Kyogre\n|turn|3\n|\n|t:|1772392672\n|move|p2b: Terapagos|Protect|p2b: Terapagos\n|-singleturn|p2b: Terapagos|Protect\n|move|p1a: Kyogre|Origin Pulse|p2a: Smeargle|[spread] p2a\n|-activate|p2b: Terapagos|move: Protect\n|-damage|p2a: Smeargle|0 fnt\n|faint|p2a: Smeargle\n|move|p1b: Necrozma|Sunsteel Strike|p2b: Terapagos\n|-activate|p2b: Terapagos|move: Protect\n|\n|-weather|RainDance|[upkeep]\n|upkeep\n|\n|t:|1772392680\n|switch|p2a: Tornadus|Tornadus, L50, M|100/100\n|turn|4\n|\n|t:|1772392691\n|move|p2a: Tornadus|Tailwind|p2a: Tornadus\n|-sidestart|p2: b3testing|move: Tailwind\n|move|p1a: Kyogre|Thunder|p2a: Tornadus\n|-supereffective|p2a: Tornadus\n|-damage|p2a: Tornadus|23/100\n|-status|p2a: Tornadus|par\n|move|p2b: Terapagos|Tera Starstorm|p1a: Kyogre|[spread] p1a,p1b\n|-damage|p1a: Kyogre|30/100\n|-damage|p1b: Necrozma|39/100\n|move|p1b: Necrozma|Sunsteel Strike|p2b: Terapagos\n|-damage|p2b: Terapagos|58/100\n|\n|-weather|RainDance|[upkeep]\n|-sideend|p1: Vgczji|move: Tailwind\n|upkeep\n|turn|5\n|\n|t:|1772392710\n|move|p2b: Terapagos|Tera Starstorm|p1b: Necrozma|[spread] p1a,p1b\n|-damage|p1a: Kyogre|0 fnt\n|-damage|p1b: Necrozma|0 fnt\n|faint|p1a: Kyogre\n|faint|p1b: Necrozma\n|\n|win|b3testing\n|raw|Vgczji's rating: 1235 &rarr; <strong>1221</strong><br />(-14 for losing)\n|raw|b3testing's rating: 1400 &rarr; <strong>1411</strong><br />(+11 for winning)\n|l|\u203dVgczji\n|player|p1|\n|l|\u2606b3testing\n|player|p2|\n","uploadtime":1772392925,"views":11,"formatid":"gen9vgc2026regi","rating":1221,"private":0,"password":null}