{"id":"gen9vgc2026regi-2560912936","format":"[Gen 9] VGC 2026 Reg I","players":["Bubebdbd","Jonen"],"log":"|j|\u2606Bubebdbd\n|j|\u2606Jonen\n|t:|1773746585\n|gametype|doubles\n|player|p1|Bubebdbd|265|1241\n|player|p2|Jonen|hiker-gen4|1238\n|gen|9\n|tier|[Gen 9] VGC 2026 Reg I\n|rated|\n|rule|Species Clause: Limit one of each Pok\u00e9mon\n|rule|Item Clause: Limit 1 of each item\n|clearpoke\n|poke|p1|Koraidon, L50|\n|poke|p1|Flutter Mane, L50|\n|poke|p1|Reshiram, L50|\n|poke|p1|Sableye, L50, M|\n|poke|p1|Incineroar, L50, M|\n|poke|p1|Amoonguss, L50, M|\n|poke|p2|Groudon, L50|\n|poke|p2|Lunala, L50|\n|poke|p2|Sableye, L50, F|\n|poke|p2|Chi-Yu, L50|\n|poke|p2|Rillaboom, L50, M|\n|poke|p2|Jumpluff, L50, M|\n|teampreview|4\n|inactive|Battle timer is ON: inactive players will automatically lose when time's up. (requested by Bubebdbd)\n|inactive|Bubebdbd has 60 seconds left.\n|inactive|Jonen has 60 seconds left.\n|\n|t:|1773746646\n|teamsize|p1|4\n|teamsize|p2|4\n|start\n|switch|p1a: Reshiram|Reshiram, L50|100/100\n|switch|p1b: Sableye|Sableye, L50, M|100/100\n|switch|p2a: Groudon|Groudon, L50|100/100\n|switch|p2b: Jumpluff|Jumpluff, L50, M|100/100\n|-weather|SunnyDay|[from] ability: Drought|[of] p2a: Groudon\n|-ability|p1a: Reshiram|Turboblaze\n|turn|1\n|inactive|Bubebdbd has 30 seconds left.\n|inactive|Bubebdbd has 20 seconds left.\n|inactive|Bubebdbd has 15 seconds left.\n|j| 17 character name\n|\n|t:|1773746690\n|move|p1b: Sableye|Fake Out|p2b: Jumpluff\n|-damage|p2b: Jumpluff|91/100\n|move|p2b: Jumpluff|Tailwind|p2b: Jumpluff\n|-sidestart|p2: Jonen|move: Tailwind\n|move|p2a: Groudon|Precipice Blades|p1a: Reshiram|[spread] p1a,p1b\n|-supereffective|p1a: Reshiram\n|-damage|p1a: Reshiram|0 fnt\n|-damage|p1b: Sableye|0 fnt\n|faint|p1a: Reshiram\n|faint|p1b: Sableye\n|\n|-weather|SunnyDay|[upkeep]\n|upkeep\n|\n|t:|1773746699\n|switch|p1a: Incineroar|Incineroar, L50, M, shiny|100/100\n|switch|p1b: Koraidon|Koraidon, L50, shiny|100/100\n|-activate|p1b: Koraidon|ability: Orichalcum Pulse\n|-ability|p1a: Incineroar|Intimidate|boost\n|-unboost|p2a: Groudon|atk|1\n|-unboost|p2b: Jumpluff|atk|1\n|turn|2\n|\n|t:|1773746716\n|-terastallize|p1b: Koraidon|Fire\n|move|p1a: Incineroar|Fake Out|p2a: Groudon\n|-damage|p2a: Groudon|92/100\n|move|p2b: Jumpluff|Sleep Powder|p1b: Koraidon|[miss]\n|-miss|p2b: Jumpluff|p1b: Koraidon\n|cant|p2a: Groudon|flinch\n|move|p1b: Koraidon|Flame Charge|p2b: Jumpluff\n|-supereffective|p2b: Jumpluff\n|-damage|p2b: Jumpluff|0 fnt\n|-boost|p1b: Koraidon|spe|1\n|faint|p2b: Jumpluff\n|\n|-weather|SunnyDay|[upkeep]\n|upkeep\n|\n|t:|1773746728\n|switch|p2b: Rillaboom|Rillaboom, L50, M|100/100\n|-fieldstart|move: Grassy Terrain|[from] ability: Grassy Surge|[of] p2b: Rillaboom\n|turn|3\n|\n|t:|1773746744\n|move|p1b: Koraidon|Protect|p1b: Koraidon\n|-singleturn|p1b: Koraidon|Protect\n|move|p2b: Rillaboom|Fake Out|p1b: Koraidon\n|-activate|p1b: Koraidon|move: Protect\n|move|p2a: Groudon|Precipice Blades|p1a: Incineroar|[spread] \n|-activate|p1b: Koraidon|move: Protect\n|-miss|p2a: Groudon|p1a: Incineroar\n|move|p1a: Incineroar|Flare Blitz|p2a: Groudon\n|-damage|p2a: Groudon|42/100\n|-damage|p1a: Incineroar|86/100|[from] Recoil\n|\n|-weather|SunnyDay|[upkeep]\n|-heal|p2a: Groudon|48/100|[from] Grassy Terrain\n|-heal|p1a: Incineroar|92/100|[from] Grassy Terrain\n|upkeep\n|turn|4\n|inactive|Bubebdbd has 30 seconds left.\n|\n|t:|1773746775\n|switch|p2a: Lunala|Lunala, L50|100/100\n|-terastallize|p2b: Rillaboom|Water\n|move|p1b: Koraidon|Flare Blitz|p2a: Lunala\n|-damage|p2a: Lunala|45/100\n|-damage|p1b: Koraidon|78/100|[from] Recoil\n|move|p2b: Rillaboom|U-turn|p1a: Incineroar\n|-damage|p1a: Incineroar|74/100\n|\n|t:|1773746784\n|switch|p2b: Groudon|Groudon, L50|48/100|[from] U-turn\n|move|p1a: Incineroar|Flare Blitz|p2b: Groudon\n|-damage|p2b: Groudon|0 fnt\n|faint|p2b: Groudon\n|-damage|p1a: Incineroar|60/100|[from] Recoil\n|\n|-weather|SunnyDay|[upkeep]\n|-heal|p2a: Lunala|51/100|[from] Grassy Terrain\n|-heal|p1b: Koraidon|85/100|[from] Grassy Terrain\n|-heal|p1a: Incineroar|66/100|[from] Grassy Terrain\n|-sideend|p2: Jonen|move: Tailwind\n|upkeep\n|\n|t:|1773746789\n|switch|p2b: Rillaboom|Rillaboom, L50, M, tera:Water|100/100\n|turn|5\n|\n|t:|1773746798\n|move|p1b: Koraidon|Protect|p1b: Koraidon\n|-singleturn|p1b: Koraidon|Protect\n|move|p2b: Rillaboom|Fake Out|p1b: Koraidon\n|-activate|p1b: Koraidon|move: Protect\n|move|p2a: Lunala|Meteor Beam||[still]\n|-prepare|p2a: Lunala|Meteor Beam\n|-boost|p2a: Lunala|spa|1\n|-enditem|p2a: Lunala|Power Herb\n|-anim|p2a: Lunala|Meteor Beam|p1a: Incineroar\n|-supereffective|p1a: Incineroar\n|-damage|p1a: Incineroar|0 fnt\n|faint|p1a: Incineroar\n|\n|-weather|none\n|-heal|p1b: Koraidon|91/100|[from] Grassy Terrain\n|-heal|p2a: Lunala|58/100|[from] Grassy Terrain\n|upkeep\n|turn|6\n|\n|t:|1773746815\n|move|p2a: Lunala|Protect|p2a: Lunala\n|-singleturn|p2a: Lunala|Protect\n|move|p1b: Koraidon|Flare Blitz|p2a: Lunala\n|-activate|p2a: Lunala|move: Protect\n|move|p2b: Rillaboom|Wood Hammer|p1b: Koraidon\n|-resisted|p1b: Koraidon\n|-damage|p1b: Koraidon|59/100\n|-damage|p2b: Rillaboom|92/100|[from] Recoil\n|\n|-heal|p1b: Koraidon|65/100|[from] Grassy Terrain\n|-heal|p2a: Lunala|64/100|[from] Grassy Terrain\n|-heal|p2b: Rillaboom|98/100|[from] Grassy Terrain\n|upkeep\n|turn|7\n|inactive|Jonen has 30 seconds left.\n|\n|t:|1773746841\n|move|p1b: Koraidon|Flare Blitz|p2a: Lunala\n|-damage|p2a: Lunala|1/100\n|-damage|p1b: Koraidon|40/100|[from] Recoil\n|move|p2a: Lunala|Moongeist Beam|p1b: Koraidon\n|-damage|p1b: Koraidon|0 fnt\n|faint|p1b: Koraidon\n|\n|win|Jonen\n|raw|Bubebdbd's rating: 1241 &rarr; <strong>1216</strong><br />(-25 for losing)\n|raw|Jonen's rating: 1238 &rarr; <strong>1263</strong><br />(+25 for winning)\n|l|\u2606Bubebdbd\n|player|p1|\n|l|\u2606Jonen\n|player|p2|\n|l| 17 character name\n","uploadtime":1773746841,"views":10,"formatid":"gen9vgc2026regi","rating":1216,"private":0,"password":null}