{"id":"gen9vgc2026regi-2530572005","format":"[Gen 9] VGC 2026 Reg I","players":["Javike","ky123456"],"log":"|j|\u2606Javike\n|j|\u2606ky123456\n|t:|1769941859\n|gametype|doubles\n|player|p1|Javike|crasherwake|1310\n|player|p2|ky123456|cynthia-gen4|1392\n|gen|9\n|tier|[Gen 9] VGC 2026 Reg I\n|rated|\n|rule|Species Clause: Limit one of each Pok\u00e9mon\n|rule|Item Clause: Limit 1 of each item\n|clearpoke\n|poke|p1|Kyogre, L50|\n|poke|p1|Miraidon, L50|\n|poke|p1|Farigiraf, L50, F|\n|poke|p1|Whimsicott, L50, M|\n|poke|p1|Muk-Alola, L50, F|\n|poke|p1|Rotom-Heat, L50|\n|poke|p2|Lunala, L50|\n|poke|p2|Torkoal, L50, M|\n|poke|p2|Urshifu-*, L50, M|\n|poke|p2|Indeedee-F, L50, F|\n|poke|p2|Calyrex-Ice, L50|\n|poke|p2|Smeargle, L50, M|\n|teampreview|4\n|inactive|Battle timer is ON: inactive players will automatically lose when time's up. (requested by Javike)\n|\n|t:|1769941884\n|teamsize|p1|4\n|teamsize|p2|4\n|start\n|switch|p1a: Miraidon|Miraidon, L50|100/100\n|switch|p1b: Kyogre|Kyogre, L50|100/100\n|switch|p2a: Lunala|Lunala, L50|100/100\n|switch|p2b: Smeargle|Smeargle, L50, M|100/100\n|-weather|RainDance|[from] ability: Drizzle|[of] p1b: Kyogre\n|-fieldstart|move: Electric Terrain|[from] ability: Hadron Engine|[of] p1a: Miraidon\n|turn|1\n|inactive|Javike has 30 seconds left.\n|inactive|ky123456 has 30 seconds left.\n|\n|t:|1769941918\n|-terastallize|p2a: Lunala|Grass\n|move|p2b: Smeargle|Fake Out|p1b: Kyogre\n|-damage|p1b: Kyogre|95/100\n|cant|p1b: Kyogre|flinch\n|move|p1a: Miraidon|Electro Drift|p2a: Lunala\n|-resisted|p2a: Lunala\n|-damage|p2a: Lunala|73/100\n|move|p2a: Lunala|Trick Room|p2a: Lunala\n|-fieldstart|move: Trick Room|[of] p2a: Lunala\n|\n|-weather|RainDance|[upkeep]\n|-ability|p2b: Smeargle|Moody|boost\n|-boost|p2b: Smeargle|atk|2\n|-unboost|p2b: Smeargle|def|1\n|upkeep\n|turn|2\n|\n|t:|1769941941\n|move|p2b: Smeargle|Follow Me|p2b: Smeargle\n|-singleturn|p2b: Smeargle|move: Follow Me\n|move|p2a: Lunala|Moongeist Beam|p1b: Kyogre\n|-damage|p1b: Kyogre|52/100\n|move|p1a: Miraidon|Electro Drift|p2b: Smeargle\n|-crit|p2b: Smeargle\n|-enditem|p2b: Smeargle|Focus Sash\n|-damage|p2b: Smeargle|1/100\n|move|p1b: Kyogre|Ice Beam|p2b: Smeargle\n|-damage|p2b: Smeargle|0 fnt\n|faint|p2b: Smeargle\n|\n|-weather|RainDance|[upkeep]\n|upkeep\n|\n|t:|1769941957\n|switch|p2b: Calyrex|Calyrex-Ice, L50|100/100\n|-ability|p2b: Calyrex|As One\n|-ability|p2b: Calyrex|Unnerve\n|turn|3\n|\n|t:|1769941968\n|-terastallize|p1a: Miraidon|Fairy\n|move|p2b: Calyrex|Glacial Lance|p1a: Miraidon|[spread] p1a,p1b\n|-resisted|p1b: Kyogre\n|-damage|p1a: Miraidon|37/100\n|-damage|p1b: Kyogre|18/100\n|move|p2a: Lunala|Moongeist Beam|p1b: Kyogre\n|-damage|p1b: Kyogre|0 fnt\n|faint|p1b: Kyogre\n|move|p1a: Miraidon|Electro Drift|p2b: Calyrex\n|-damage|p2b: Calyrex|14/100\n|\n|-weather|RainDance|[upkeep]\n|upkeep\n|\n|t:|1769941983\n|switch|p1b: Muk|Muk-Alola, L50, F|100/100\n|turn|4\n|\n|t:|1769941995\n|move|p2b: Calyrex|Glacial Lance|p1a: Miraidon|[spread] p1a,p1b\n|-damage|p1a: Miraidon|0 fnt\n|-damage|p1b: Muk|50/100\n|faint|p1a: Miraidon\n|-ability|p2b: Calyrex|Chilling Neigh|boost\n|-boost|p2b: Calyrex|atk|1\n|move|p1b: Muk|Poison Jab|p2a: Lunala\n|-supereffective|p2a: Lunala\n|-damage|p2a: Lunala|24/100\n|-status|p2a: Lunala|psn\n|move|p2a: Lunala|Meteor Beam||[still]\n|-prepare|p2a: Lunala|Meteor Beam\n|-boost|p2a: Lunala|spa|1\n|-enditem|p2a: Lunala|Power Herb\n|-anim|p2a: Lunala|Meteor Beam|p1b: Muk\n|-damage|p1b: Muk|0 fnt\n|faint|p1b: Muk\n|\n|-weather|RainDance|[upkeep]\n|-damage|p2a: Lunala|11/100 psn|[from] psn\n|upkeep\n|\n|t:|1769942016\n|switch|p1a: Farigiraf|Farigiraf, L50, F|100/100\n|turn|5\n|-message|Javike forfeited.\n|\n|win|ky123456\n|raw|Javike's rating: 1310 &rarr; <strong>1295</strong><br />(-15 for losing)\n|raw|ky123456's rating: 1392 &rarr; <strong>1407</strong><br />(+15 for winning)\n|l|\u2606Javike\n|player|p1|\n|l|\u2606ky123456\n|player|p2|\n","uploadtime":1769942244,"views":16,"formatid":"gen9vgc2026regi","rating":1295,"private":0,"password":null}