{"id":"gen9vgc2026regi-2532249942","format":"[Gen 9] VGC 2026 Reg I","players":["Low Tier Goodra","lalo's pollos"],"log":"|j|\u2606Low Tier Goodra\n|j|\u2606lalo's pollos\n|t:|1770154033\n|gametype|doubles\n|player|p1|Low Tier Goodra|jasmine|1435\n|player|p2|lalo's pollos|101|1440\n|gen|9\n|tier|[Gen 9] VGC 2026 Reg I\n|rated|\n|rule|Species Clause: Limit one of each Pok\u00e9mon\n|rule|Item Clause: Limit 1 of each item\n|clearpoke\n|poke|p1|Calyrex-Ice, L50|\n|poke|p1|Kyogre, L50|\n|poke|p1|Sinistcha-Masterpiece, L50|\n|poke|p1|Rillaboom, L50, M|\n|poke|p1|Ursaluna, L50, M|\n|poke|p1|Incineroar, L50, M|\n|poke|p2|Zamazenta-*, L50|\n|poke|p2|Lunala, L50|\n|poke|p2|Rillaboom, L50, F|\n|poke|p2|Incineroar, L50, M|\n|poke|p2|Urshifu-*, L50, M|\n|poke|p2|Tornadus, L50, M|\n|teampreview|4\n|\n|t:|1770154044\n|teamsize|p1|4\n|teamsize|p2|4\n|start\n|switch|p1a: Rillaboom|Rillaboom, L50, M|100/100\n|switch|p1b: Calyrex|Calyrex-Ice, L50|100/100\n|switch|p2a: Zamazenta|Zamazenta-Crowned, L50|100/100\n|switch|p2b: Tornadus|Tornadus, L50, M|100/100\n|-ability|p1b: Calyrex|As One\n|-ability|p1b: Calyrex|Unnerve\n|-ability|p2a: Zamazenta|Dauntless Shield|boost\n|-boost|p2a: Zamazenta|def|1\n|-fieldstart|move: Grassy Terrain|[from] ability: Grassy Surge|[of] p1a: Rillaboom\n|turn|1\n|\n|t:|1770154072\n|-terastallize|p1a: Rillaboom|Water\n|move|p2a: Zamazenta|Wide Guard|p2a: Zamazenta\n|-singleturn|p2a: Zamazenta|Wide Guard\n|move|p1a: Rillaboom|Fake Out|p2a: Zamazenta\n|-resisted|p2a: Zamazenta\n|-damage|p2a: Zamazenta|98/100\n|move|p2b: Tornadus|Taunt|p1b: Calyrex\n|-start|p1b: Calyrex|move: Taunt\n|-enditem|p1b: Calyrex|Mental Herb\n|-end|p1b: Calyrex|move: Taunt\n|move|p1b: Calyrex|Trick Room|p1b: Calyrex\n|-fieldstart|move: Trick Room|[of] p1b: Calyrex\n|\n|-heal|p2a: Zamazenta|100/100|[from] Grassy Terrain\n|upkeep\n|turn|2\n|\n|t:|1770154096\n|move|p2b: Tornadus|Taunt|p1b: Calyrex\n|-start|p1b: Calyrex|move: Taunt\n|cant|p1b: Calyrex|move: Taunt|Leech Seed\n|move|p1a: Rillaboom|Taunt|p2a: Zamazenta\n|-start|p2a: Zamazenta|move: Taunt\n|move|p2a: Zamazenta|Body Press|p1b: Calyrex\n|-damage|p1b: Calyrex|52/100\n|\n|-heal|p1b: Calyrex|58/100|[from] Grassy Terrain\n|upkeep\n|turn|3\n|\n|t:|1770154116\n|move|p1b: Calyrex|Glacial Lance|p2b: Tornadus|[spread] p2a,p2b\n|-resisted|p2a: Zamazenta\n|-supereffective|p2b: Tornadus\n|-damage|p2a: Zamazenta|91/100\n|-enditem|p2b: Tornadus|Focus Sash\n|-damage|p2b: Tornadus|1/100\n|move|p1a: Rillaboom|U-turn|p2b: Tornadus\n|-resisted|p2b: Tornadus\n|-damage|p2b: Tornadus|0 fnt\n|faint|p2b: Tornadus\n|\n|t:|1770154129\n|switch|p1a: Sinistcha|Sinistcha-Masterpiece, L50|100/100|[from] U-turn\n|-enditem|p1a: Sinistcha|Grassy Seed\n|-boost|p1a: Sinistcha|def|1|[from] item: Grassy Seed\n|move|p2a: Zamazenta|Body Press|p1b: Calyrex\n|-crit|p1b: Calyrex\n|-damage|p1b: Calyrex|0 fnt\n|faint|p1b: Calyrex\n|\n|-heal|p2a: Zamazenta|97/100|[from] Grassy Terrain\n|upkeep\n|\n|t:|1770154141\n|switch|p1b: Kyogre|Kyogre, L50|100/100\n|switch|p2b: Lunala|Lunala, L50|100/100\n|-weather|RainDance|[from] ability: Drizzle|[of] p1b: Kyogre\n|turn|4\n|\n|t:|1770154164\n|move|p2b: Lunala|Protect|p2b: Lunala\n|-singleturn|p2b: Lunala|Protect\n|move|p1b: Kyogre|Thunder|p2b: Lunala\n|-activate|p2b: Lunala|move: Protect\n|move|p1a: Sinistcha|Shadow Ball|p2b: Lunala\n|-activate|p2b: Lunala|move: Protect\n|move|p2a: Zamazenta|Heavy Slam|p1a: Sinistcha\n|-damage|p1a: Sinistcha|70/100\n|\n|-weather|RainDance|[upkeep]\n|-heal|p1a: Sinistcha|76/100|[from] Grassy Terrain\n|-heal|p2a: Zamazenta|100/100|[from] Grassy Terrain\n|-end|p2a: Zamazenta|move: Taunt\n|upkeep\n|turn|5\n|-message|Low Tier Goodra forfeited.\n|\n|win|lalo's pollos\n|raw|Low Tier Goodra's rating: 1435 &rarr; <strong>1415</strong><br />(-20 for losing)\n|raw|lalo&apos;s pollos's rating: 1440 &rarr; <strong>1460</strong><br />(+20 for winning)\n|l|\u2606Low Tier Goodra\n|player|p1|\n|l|\u2606lalo's pollos\n|player|p2|\n","uploadtime":1770154223,"views":16,"formatid":"gen9vgc2026regi","rating":1415,"private":0,"password":null}