{"id":"gen9vgc2026regi-2535474215","format":"[Gen 9] VGC 2026 Reg I","players":["marcxhenry","gshh10"],"log":"|j|\u2606marcxhenry\n|j|\u2606gshh10\n|t:|1770572162\n|gametype|doubles\n|player|p1|marcxhenry|hilbert-wonderlauncher|1624\n|player|p2|gshh10|dawn|1449\n|gen|9\n|tier|[Gen 9] VGC 2026 Reg I\n|rated|\n|rule|Species Clause: Limit one of each Pok\u00e9mon\n|rule|Item Clause: Limit 1 of each item\n|clearpoke\n|poke|p1|Calyrex-Shadow, L50|\n|poke|p1|Urshifu-*, L50, M|\n|poke|p1|Roaring Moon, L50|\n|poke|p1|Kyogre, L50|\n|poke|p1|Tsareena, L50, F|\n|poke|p1|Kingambit, L50, M|\n|poke|p2|Miraidon, L50|\n|poke|p2|Farigiraf, L50, M|\n|poke|p2|Terrakion, L50|\n|poke|p2|Whimsicott, L50, M|\n|poke|p2|Kyogre, L50|\n|poke|p2|Pelipper, L50, F|\n|teampreview|4\n|\n|t:|1770572196\n|teamsize|p1|4\n|teamsize|p2|4\n|start\n|switch|p1a: Ludwig|Calyrex-Shadow, L50|100/100\n|switch|p1b: Tripitz|Kyogre, L50, shiny|100/100\n|switch|p2a: Miraidon|Miraidon, L50, shiny|100/100\n|switch|p2b: Farigiraf|Farigiraf, L50, M|100/100\n|-ability|p1a: Ludwig|As One\n|-ability|p1a: Ludwig|Unnerve\n|-fieldstart|move: Electric Terrain|[from] ability: Hadron Engine|[of] p2a: Miraidon\n|-enditem|p2b: Farigiraf|Electric Seed\n|-boost|p2b: Farigiraf|def|1|[from] item: Electric Seed\n|-weather|RainDance|[from] ability: Drizzle|[of] p1b: Tripitz\n|turn|1\n|\n|t:|1770572225\n|-terastallize|p1b: Tripitz|Ground\n|move|p1a: Ludwig|Astral Barrage|p2a: Miraidon|[spread] p2a\n|-immune|p2b: Farigiraf\n|-damage|p2a: Miraidon|75/100\n|move|p2a: Miraidon|Draco Meteor|p1b: Tripitz\n|-damage|p1b: Tripitz|25/100\n|-unboost|p2a: Miraidon|spa|2\n|move|p1b: Tripitz|Origin Pulse|p2a: Miraidon|[spread] p2b\n|-miss|p1b: Tripitz|p2a: Miraidon\n|-damage|p2b: Farigiraf|20/100\n|move|p2b: Farigiraf|Trick Room|p2b: Farigiraf\n|-fieldstart|move: Trick Room|[of] p2b: Farigiraf\n|\n|-weather|RainDance|[upkeep]\n|upkeep\n|turn|2\n|\n|t:|1770572252\n|switch|p1a: Hermann|Kingambit, L50, M, shiny|100/100\n|move|p2b: Farigiraf|Beat Up|p1a: Hermann\n|-resisted|p1a: Hermann\n|-damage|p1a: Hermann|99/100\n|-resisted|p1a: Hermann\n|-damage|p1a: Hermann|98/100\n|-resisted|p1a: Hermann\n|-damage|p1a: Hermann|97/100\n|-resisted|p1a: Hermann\n|-damage|p1a: Hermann|96/100\n|-hitcount|p1a: Hermann|4\n|move|p1b: Tripitz|Origin Pulse|p2b: Farigiraf|[spread] p2b\n|-miss|p1b: Tripitz|p2a: Miraidon\n|-damage|p2b: Farigiraf|0 fnt\n|faint|p2b: Farigiraf\n|move|p2a: Miraidon|Snarl|p1b: Tripitz|[spread] p1a,p1b\n|-resisted|p1a: Hermann\n|-damage|p1a: Hermann|93/100\n|-damage|p1b: Tripitz|18/100\n|-unboost|p1a: Hermann|spa|1\n|-ability|p1a: Hermann|Defiant|boost\n|-boost|p1a: Hermann|atk|2\n|-unboost|p1b: Tripitz|spa|1\n|\n|-weather|RainDance|[upkeep]\n|upkeep\n|j| yippeee_hooray\n|\n|t:|1770572263\n|switch|p2b: Terrakion|Terrakion, L50|100/100\n|turn|3\n|\n|t:|1770572283\n|-terastallize|p2b: Terrakion|Grass\n|move|p1a: Hermann|Kowtow Cleave|p2b: Terrakion\n|-damage|p2b: Terrakion|11/100\n|-ability|p2b: Terrakion|Justified|boost\n|-boost|p2b: Terrakion|atk|1\n|-enditem|p2b: Terrakion|Salac Berry|[eat]\n|-boost|p2b: Terrakion|spe|1|[from] item: Salac Berry\n|move|p1b: Tripitz|Origin Pulse|p2a: Miraidon|[spread] p2a,p2b\n|-resisted|p2a: Miraidon\n|-resisted|p2b: Terrakion\n|-damage|p2a: Miraidon|60/100\n|-damage|p2b: Terrakion|0 fnt\n|faint|p2b: Terrakion\n|move|p2a: Miraidon|Draco Meteor|p1b: Tripitz\n|-damage|p1b: Tripitz|0 fnt\n|-unboost|p2a: Miraidon|spa|2\n|faint|p1b: Tripitz\n|\n|-weather|RainDance|[upkeep]\n|upkeep\n|\n|t:|1770572300\n|switch|p2b: Kyogre|Kyogre, L50|100/100\n|switch|p1b: Eva|Tsareena, L50, F, shiny|100/100\n|turn|4\n|\n|t:|1770572313\n|move|p1a: Hermann|Sucker Punch|p2b: Kyogre\n|-damage|p2b: Kyogre|29/100\n|move|p1b: Eva|Triple Axel|p2a: Miraidon\n|-supereffective|p2a: Miraidon\n|-damage|p2a: Miraidon|48/100\n|-supereffective|p2a: Miraidon\n|-damage|p2a: Miraidon|26/100\n|-supereffective|p2a: Miraidon\n|-damage|p2a: Miraidon|0 fnt\n|faint|p2a: Miraidon\n|-hitcount|p2: Miraidon|3\n|move|p2b: Kyogre|Water Spout|p1a: Hermann|[spread] p1a,p1b\n|-resisted|p1b: Eva\n|-damage|p1a: Hermann|68/100\n|-damage|p1b: Eva|80/100\n|\n|-weather|RainDance|[upkeep]\n|upkeep\n|turn|5\n|-message|gshh10 forfeited.\n|\n|win|marcxhenry\n|raw|marcxhenry's rating: 1624 &rarr; <strong>1635</strong><br />(+11 for winning)\n|raw|gshh10's rating: 1449 &rarr; <strong>1438</strong><br />(-11 for losing)\n|l|\u2606gshh10\n|player|p2|\n|l|\u2606marcxhenry\n|player|p1|\n","uploadtime":1770572484,"views":31,"formatid":"gen9vgc2026regi","rating":1438,"private":0,"password":null}