{"id":"gen9vgc2026regi-2536728545","format":"[Gen 9] VGC 2026 Reg I","players":["Like a Fish","kojimuranishi"],"log":"|j|\u2606Like a Fish\n|j|\u2606kojimuranishi\n|t:|1770730996\n|gametype|doubles\n|player|p1|Like a Fish|n|1413\n|player|p2|kojimuranishi|101|1497\n|gen|9\n|tier|[Gen 9] VGC 2026 Reg I\n|rated|\n|rule|Species Clause: Limit one of each Pok\u00e9mon\n|rule|Item Clause: Limit 1 of each item\n|clearpoke\n|poke|p1|Calyrex-Shadow, L50|\n|poke|p1|Zamazenta-*, L50|\n|poke|p1|Chien-Pao, L50|\n|poke|p1|Dragonite, L50, F|\n|poke|p1|Amoonguss, L50, F|\n|poke|p1|Ogerpon-Cornerstone, L50, F|\n|poke|p2|Whimsicott, L50, M|\n|poke|p2|Chi-Yu, L50|\n|poke|p2|Calyrex-Ice, L50|\n|poke|p2|Miraidon, L50|\n|poke|p2|Ursaluna, L50, M|\n|poke|p2|Torkoal, L50, M|\n|teampreview|4\n|inactive|Battle timer is ON: inactive players will automatically lose when time's up. (requested by Like a Fish)\n|inactive|Like a Fish has 60 seconds left.\n|\n|t:|1770731036\n|teamsize|p1|4\n|teamsize|p2|4\n|start\n|switch|p1a: Chien-Pao|Chien-Pao, L50|100/100\n|switch|p1b: Zamazenta|Zamazenta-Crowned, L50|100/100\n|switch|p2a: Whimsicott|Whimsicott, L50, M|100/100\n|switch|p2b: Calyrex|Calyrex-Ice, L50|100/100\n|-ability|p2b: Calyrex|As One\n|-ability|p2b: Calyrex|Unnerve\n|-ability|p1a: Chien-Pao|Sword of Ruin\n|-ability|p1b: Zamazenta|Dauntless Shield|boost\n|-boost|p1b: Zamazenta|def|1\n|turn|1\n|\n|t:|1770731055\n|move|p1a: Chien-Pao|Ruination|p2b: Calyrex\n|-damage|p2b: Calyrex|50/100\n|move|p2a: Whimsicott|Moonblast|p1a: Chien-Pao\n|-supereffective|p1a: Chien-Pao\n|-damage|p1a: Chien-Pao|35/100\n|move|p1b: Zamazenta|Body Press|p2b: Calyrex\n|-damage|p2b: Calyrex|0 fnt\n|faint|p2b: Calyrex\n|\n|upkeep\n|\n|t:|1770731068\n|switch|p2b: Chi-Yu|Chi-Yu, L50|100/100\n|-ability|p2b: Chi-Yu|Beads of Ruin\n|turn|2\n|inactive|Like a Fish has 30 seconds left.\n|inactive|Like a Fish has 20 seconds left.\n|inactive|Like a Fish has 15 seconds left.\n|\n|t:|1770731111\n|-terastallize|p1b: Zamazenta|Dragon\n|move|p1b: Zamazenta|Wide Guard|p1b: Zamazenta\n|-singleturn|p1b: Zamazenta|Wide Guard\n|move|p2a: Whimsicott|Tailwind|p2a: Whimsicott\n|-sidestart|p2: kojimuranishi|move: Tailwind\n|move|p2b: Chi-Yu|Overheat|p1b: Zamazenta\n|-resisted|p1b: Zamazenta\n|-damage|p1b: Zamazenta|49/100\n|-unboost|p2b: Chi-Yu|spa|2\n|move|p1a: Chien-Pao|Icy Wind|p2b: Chi-Yu|[spread] p2a,p2b\n|-supereffective|p2a: Whimsicott\n|-resisted|p2b: Chi-Yu\n|-damage|p2a: Whimsicott|48/100\n|-damage|p2b: Chi-Yu|94/100\n|-unboost|p2a: Whimsicott|spe|1\n|-unboost|p2b: Chi-Yu|spe|1\n|\n|upkeep\n|turn|3\n|inactive|Like a Fish has 30 seconds left.\n|\n|t:|1770731145\n|move|p2a: Whimsicott|Encore|p1b: Zamazenta\n|-start|p1b: Zamazenta|Encore\n|move|p1a: Chien-Pao|Sucker Punch|p2b: Chi-Yu\n|-resisted|p2b: Chi-Yu\n|-damage|p2b: Chi-Yu|61/100\n|move|p2b: Chi-Yu|Overheat|p1a: Chien-Pao\n|-supereffective|p1a: Chien-Pao\n|-crit|p1a: Chien-Pao\n|-damage|p1a: Chien-Pao|0 fnt\n|-unboost|p2b: Chi-Yu|spa|2\n|faint|p1a: Chien-Pao\n|move|p1b: Zamazenta|Wide Guard||[still]\n|-fail|p1b: Zamazenta\n|\n|upkeep\n|\n|t:|1770731157\n|switch|p1a: Dragonite|Dragonite, L50, F|100/100\n|turn|4\n|\n|t:|1770731179\n|switch|p2b: Miraidon|Miraidon, L50|100/100\n|-fieldstart|move: Electric Terrain|[from] ability: Hadron Engine|[of] p2b: Miraidon\n|switch|p1b: Calyrex|Calyrex-Shadow, L50|100/100\n|-ability|p1b: Calyrex|As One\n|-ability|p1b: Calyrex|Unnerve\n|-terastallize|p2a: Whimsicott|Ghost\n|move|p1a: Dragonite|Extreme Speed|p2a: Whimsicott\n|-immune|p2a: Whimsicott\n|move|p2a: Whimsicott|Moonblast|p1a: Dragonite\n|-supereffective|p1a: Dragonite\n|-damage|p1a: Dragonite|23/100\n|-unboost|p1a: Dragonite|spa|1\n|\n|upkeep\n|turn|5\n|inactive|Like a Fish has 30 seconds left.\n|\n|t:|1770731205\n|move|p1a: Dragonite|Extreme Speed|p2b: Miraidon\n|-damage|p2b: Miraidon|53/100\n|move|p2b: Miraidon|Snarl|p1b: Calyrex|[spread] p1a,p1b\n|-supereffective|p1b: Calyrex\n|-crit|p1b: Calyrex\n|-damage|p1a: Dragonite|6/100\n|-enditem|p1b: Calyrex|Focus Sash\n|-damage|p1b: Calyrex|1/100\n|-unboost|p1a: Dragonite|spa|1\n|-unboost|p1b: Calyrex|spa|1\n|move|p2a: Whimsicott|Moonblast|p1b: Calyrex\n|-damage|p1b: Calyrex|0 fnt\n|faint|p1b: Calyrex\n|\n|-sideend|p2: kojimuranishi|move: Tailwind\n|upkeep\n|\n|t:|1770731217\n|switch|p1b: Zamazenta|Zamazenta-Crowned, L50, tera:Dragon|49/100\n|turn|6\n|\n|t:|1770731227\n|switch|p2b: Chi-Yu|Chi-Yu, L50|61/100\n|-ability|p2b: Chi-Yu|Beads of Ruin\n|move|p1a: Dragonite|Extreme Speed|p2b: Chi-Yu\n|-damage|p2b: Chi-Yu|0 fnt\n|faint|p2b: Chi-Yu\n|move|p1b: Zamazenta|Behemoth Bash|p2a: Whimsicott\n|-damage|p2a: Whimsicott|0 fnt\n|faint|p2a: Whimsicott\n|\n|upkeep\n|\n|t:|1770731247\n|switch|p2a: Miraidon|Miraidon, L50|53/100\n|-activate|p2a: Miraidon|ability: Hadron Engine\n|turn|7\n|\n|t:|1770731256\n|move|p1a: Dragonite|Extreme Speed|p2a: Miraidon\n|-crit|p2a: Miraidon\n|-damage|p2a: Miraidon|0 fnt\n|faint|p2a: Miraidon\n|\n|win|Like a Fish\n|raw|Like a Fish's rating: 1413 &rarr; <strong>1438</strong><br />(+25 for winning)\n|raw|kojimuranishi's rating: 1497 &rarr; <strong>1472</strong><br />(-25 for losing)\n|l|\u2606kojimuranishi\n|player|p2|\n|l|\u2606Like a Fish\n|player|p1|\n","uploadtime":1770731400,"views":15,"formatid":"gen9vgc2026regi","rating":1438,"private":0,"password":null}