{"id":"gen9vgc2026regi-2573502762","format":"[Gen 9] VGC 2026 Reg I","players":["blackred123","greengreensister"],"log":"|j|\u2606blackred123\n|j|\u2606greengreensister\n|t:|1775142206\n|gametype|doubles\n|player|p1|blackred123|iono-masters|1428\n|player|p2|greengreensister|cheryl|1321\n|gen|9\n|tier|[Gen 9] VGC 2026 Reg I\n|rated|\n|rule|Species Clause: Limit one of each Pok\u00e9mon\n|rule|Item Clause: Limit 1 of each item\n|clearpoke\n|poke|p1|Kyogre, L50|\n|poke|p1|Calyrex-Ice, L50|\n|poke|p1|Urshifu-*, L50, M|\n|poke|p1|Tornadus, L50, M|\n|poke|p1|Smeargle, L50, F|\n|poke|p1|Indeedee-F, L50, F|\n|poke|p2|Farigiraf, L50, M|\n|poke|p2|Slowbro-Galar, L50, F|\n|poke|p2|Incineroar, L50, M|\n|poke|p2|Hatterene, L50, F|\n|poke|p2|Gastrodon-East, L50, F|\n|poke|p2|Calyrex-Ice, L50|\n|teampreview|4\n|inactive|Battle timer is ON: inactive players will automatically lose when time's up. (requested by blackred123)\n|\n|t:|1775142224\n|teamsize|p1|4\n|teamsize|p2|4\n|start\n|switch|p1a: Urshifu|Urshifu-Rapid-Strike, L50, M|100/100\n|switch|p1b: Kyogre|Kyogre, L50|100/100\n|switch|p2a: Hatterene|Hatterene, L50, F, shiny|100/100\n|switch|p2b: Incineroar|Incineroar, L50, M|100/100\n|-weather|RainDance|[from] ability: Drizzle|[of] p1b: Kyogre\n|-ability|p2b: Incineroar|Intimidate|boost\n|-unboost|p1a: Urshifu|atk|1\n|-unboost|p1b: Kyogre|atk|1\n|turn|1\n|\n|t:|1775142250\n|switch|p2b: Gastrodon|Gastrodon-East, L50, F|100/100\n|-terastallize|p1b: Kyogre|Ghost\n|move|p2a: Hatterene|Protect|p2a: Hatterene\n|-singleturn|p2a: Hatterene|Protect\n|move|p1b: Kyogre|Water Spout|p2b: Gastrodon|[spread] \n|-activate|p2a: Hatterene|move: Protect\n|-ability|p2b: Gastrodon|Storm Drain|boost\n|-boost|p2b: Gastrodon|spa|1\n|move|p1a: Urshifu|Close Combat|p2b: Gastrodon\n|-damage|p2b: Gastrodon|30/100\n|-unboost|p1a: Urshifu|def|1\n|-unboost|p1a: Urshifu|spd|1\n|\n|-weather|RainDance|[upkeep]\n|upkeep\n|turn|2\n|inactive|greengreensister has 30 seconds left.\n|\n|t:|1775142280\n|-terastallize|p2b: Gastrodon|Poison\n|move|p1b: Kyogre|Water Spout|p2b: Gastrodon|[spread] p2a\n|-ability|p2b: Gastrodon|Storm Drain|boost\n|-boost|p2b: Gastrodon|spa|1\n|-enditem|p2a: Hatterene|Focus Sash\n|-damage|p2a: Hatterene|1/100\n|move|p1a: Urshifu|Close Combat|p2b: Gastrodon\n|-resisted|p2b: Gastrodon\n|-damage|p2b: Gastrodon|0 fnt\n|-unboost|p1a: Urshifu|def|1\n|-unboost|p1a: Urshifu|spd|1\n|faint|p2b: Gastrodon\n|move|p2a: Hatterene|Trick Room|p2a: Hatterene\n|-fieldstart|move: Trick Room|[of] p2a: Hatterene\n|\n|-weather|RainDance|[upkeep]\n|upkeep\n|\n|t:|1775142295\n|switch|p2b: Incineroar|Incineroar, L50, M|100/100\n|-ability|p2b: Incineroar|Intimidate|boost\n|-unboost|p1a: Urshifu|atk|1\n|-unboost|p1b: Kyogre|atk|1\n|turn|3\n|\n|t:|1775142305\n|switch|p1a: Indeedee|Indeedee-F, L50, F|100/100\n|-fieldstart|move: Psychic Terrain|[from] ability: Psychic Surge|[of] p1a: Indeedee\n|move|p2a: Hatterene|Dazzling Gleam|p1a: Indeedee|[spread] p1a,p1b\n|-damage|p1a: Indeedee|76/100\n|-damage|p1b: Kyogre|74/100\n|move|p2b: Incineroar|Knock Off|p1b: Kyogre\n|-supereffective|p1b: Kyogre\n|-damage|p1b: Kyogre|0 fnt\n|-enditem|p1b: Kyogre|Choice Scarf|[from] move: Knock Off|[of] p2b: Incineroar\n|faint|p1b: Kyogre\n|\n|-weather|RainDance|[upkeep]\n|upkeep\n|\n|t:|1775142313\n|switch|p1b: Calyrex|Calyrex-Ice, L50|100/100\n|-ability|p1b: Calyrex|As One\n|-ability|p1b: Calyrex|Unnerve\n|turn|4\n|\n|t:|1775142326\n|move|p1a: Indeedee|Helping Hand|p1b: Calyrex\n|-singleturn|p1b: Calyrex|Helping Hand|[of] p1a: Indeedee\n|move|p2a: Hatterene|Dazzling Gleam|p1b: Calyrex|[spread] p1a,p1b\n|-damage|p1a: Indeedee|52/100\n|-damage|p1b: Calyrex|83/100\n|move|p2b: Incineroar|Knock Off|p1b: Calyrex\n|-supereffective|p1b: Calyrex\n|-damage|p1b: Calyrex|30/100\n|-enditem|p1b: Calyrex|Assault Vest|[from] move: Knock Off|[of] p2b: Incineroar\n|move|p1b: Calyrex|High Horsepower|p2b: Incineroar\n|-supereffective|p2b: Incineroar\n|-damage|p2b: Incineroar|0 fnt\n|faint|p2b: Incineroar\n|-ability|p1b: Calyrex|Chilling Neigh|boost\n|-boost|p1b: Calyrex|atk|1\n|\n|-weather|RainDance|[upkeep]\n|upkeep\n|\n|t:|1775142343\n|switch|p2b: Calyrex|Calyrex-Ice, L50|100/100\n|-ability|p2b: Calyrex|As One\n|-ability|p2b: Calyrex|Unnerve\n|turn|5\n|\n|t:|1775142351\n|move|p2a: Hatterene|Dazzling Gleam|p1a: Indeedee|[spread] p1a,p1b\n|-damage|p1a: Indeedee|28/100\n|-damage|p1b: Calyrex|6/100\n|move|p2b: Calyrex|Glacial Lance|p1a: Indeedee|[spread] p1a,p1b\n|-resisted|p1b: Calyrex\n|-damage|p1a: Indeedee|0 fnt\n|-damage|p1b: Calyrex|0 fnt\n|faint|p1a: Indeedee\n|faint|p1b: Calyrex\n|-ability|p2b: Calyrex|Chilling Neigh|boost\n|-boost|p2b: Calyrex|atk|2\n|\n|-weather|none\n|upkeep\n|\n|t:|1775142357\n|switch|p1b: Urshifu|Urshifu-Rapid-Strike, L50, M|100/100\n|turn|6\n|-message|blackred123 forfeited.\n|\n|win|greengreensister\n|raw|blackred123's rating: 1428 &rarr; <strong>1402</strong><br />(-26 for losing)\n|raw|greengreensister's rating: 1321 &rarr; <strong>1347</strong><br />(+26 for winning)\n|l|\u2606blackred123\n|player|p1|\n|l|\u2606greengreensister\n|player|p2|\n","uploadtime":1775142597,"views":11,"formatid":"gen9vgc2026regi","rating":1347,"private":0,"password":null}