{"id":"gen9vgc2026regi-2580097044","format":"[Gen 9] VGC 2026 Reg I","players":["FRESHmustard","joymaxxing"],"log":"|j|\u2606FRESHmustard\n|j|\u2606joymaxxing\n|t:|1775853852\n|gametype|doubles\n|player|p1|FRESHmustard|clair|1447\n|player|p2|joymaxxing|elesa|1460\n|gen|9\n|tier|[Gen 9] VGC 2026 Reg I\n|rated|\n|rule|Species Clause: Limit one of each Pok\u00e9mon\n|rule|Item Clause: Limit 1 of each item\n|clearpoke\n|poke|p1|Lunala, L50|\n|poke|p1|Ursaluna, L50, M|\n|poke|p1|Urshifu-*, L50, F|\n|poke|p1|Miraidon, L50|\n|poke|p1|Grimmsnarl, L50, M|\n|poke|p1|Incineroar, L50, M|\n|poke|p2|Incineroar, L50, M|\n|poke|p2|Ogerpon-Wellspring, L50, F|\n|poke|p2|Farigiraf, L50, F|\n|poke|p2|Ursaluna, L50, F|\n|poke|p2|Koraidon, L50|\n|poke|p2|Lunala, L50|\n|teampreview|4\n|\n|t:|1775853879\n|teamsize|p1|4\n|teamsize|p2|4\n|start\n|switch|p1a: Incineroar|Incineroar, L50, M|100/100\n|switch|p1b: Lunala|Lunala, L50|100/100\n|switch|p2a: Jewelry Margherita|Incineroar, L50, M, shiny|100/100\n|switch|p2b: Going Merry|Lunala, L50|100/100\n|-ability|p1a: Incineroar|Intimidate|boost\n|-unboost|p2a: Jewelry Margherita|atk|1\n|-unboost|p2b: Going Merry|atk|1\n|-ability|p2a: Jewelry Margherita|Intimidate|boost\n|-unboost|p1a: Incineroar|atk|1\n|-unboost|p1b: Lunala|atk|1\n|turn|1\n|c|\u2606FRESHmustard|wow intersting\n|\n|t:|1775853909\n|switch|p2b: Oro Jackson|Ursaluna, L50, F, shiny|100/100\n|move|p2a: Jewelry Margherita|Fake Out|p1a: Incineroar\n|-damage|p1a: Incineroar|95/100\n|-damage|p2a: Jewelry Margherita|84/100|[from] item: Rocky Helmet|[of] p1a: Incineroar\n|move|p1b: Lunala|Moongeist Beam|p2b: Oro Jackson\n|-immune|p2b: Oro Jackson\n|cant|p1a: Incineroar|flinch\n|\n|-status|p2b: Oro Jackson|brn|[from] item: Flame Orb\n|upkeep\n|turn|2\n|\n|t:|1775853925\n|-terastallize|p1b: Lunala|Fairy\n|move|p2b: Oro Jackson|Protect|p2b: Oro Jackson\n|-singleturn|p2b: Oro Jackson|Protect\n|move|p1b: Lunala|Moonblast|p2b: Oro Jackson\n|-activate|p2b: Oro Jackson|move: Protect\n|move|p1a: Incineroar|Knock Off|p2b: Oro Jackson\n|-activate|p2b: Oro Jackson|move: Protect\n|move|p2a: Jewelry Margherita|Knock Off|p1b: Lunala\n|-resisted|p1b: Lunala\n|-damage|p1b: Lunala|95/100\n|-enditem|p1b: Lunala|Electric Seed|[from] move: Knock Off|[of] p2a: Jewelry Margherita\n|\n|-damage|p2b: Oro Jackson|95/100 brn|[from] brn\n|upkeep\n|turn|3\n|\n|t:|1775853944\n|move|p1b: Lunala|Moonblast|p2a: Jewelry Margherita\n|-damage|p2a: Jewelry Margherita|51/100\n|move|p1a: Incineroar|Parting Shot|p2b: Oro Jackson\n|-unboost|p2b: Oro Jackson|atk|1\n|-unboost|p2b: Oro Jackson|spa|1\n|\n|t:|1775853952\n|switch|p1a: Ursaluna|Ursaluna, L50, M|100/100|[from] Parting Shot\n|move|p2a: Jewelry Margherita|U-turn|p1a: Ursaluna\n|-damage|p1a: Ursaluna|90/100\n|inactive|Battle timer is ON: inactive players will automatically lose when time's up. (requested by FRESHmustard)\n|l|\u2606joymaxxing\n|inactive|joymaxxing disconnected and has a minute to reconnect!\n|player|p2|\n|j|\u2606joymaxxing\n|inactive|joymaxxing reconnected and has 65 seconds left.\n|player|p2|joymaxxing|elesa|\n|inactive|joymaxxing has 60 seconds left.\n|\n|t:|1775853992\n|switch|p2a: Thousand Sunny|Koraidon, L50|100/100|[from] U-turn\n|-weather|SunnyDay|[from] ability: Orichalcum Pulse|[of] p2a: Thousand Sunny\n|-activate|p2a: Thousand Sunny|Orichalcum Pulse|[source]\n|move|p2b: Oro Jackson|Facade|p1b: Lunala\n|-damage|p1b: Lunala|39/100\n|\n|-weather|SunnyDay|[upkeep]\n|-damage|p2b: Oro Jackson|89/100 brn|[from] brn\n|-status|p1a: Ursaluna|brn|[from] item: Flame Orb\n|upkeep\n|turn|4\n|inactive|FRESHmustard has 30 seconds left.\n|inactive|FRESHmustard has 20 seconds left.\n|inactive|FRESHmustard has 15 seconds left.\n|inactive|FRESHmustard has 10 seconds left.\n|inactive|FRESHmustard has 5 seconds left.\n|\n|t:|1775854045\n|-terastallize|p2a: Thousand Sunny|Fire\n|move|p1a: Ursaluna|Protect|p1a: Ursaluna\n|-singleturn|p1a: Ursaluna|Protect\n|move|p2a: Thousand Sunny|Close Combat|p1a: Ursaluna\n|-activate|p1a: Ursaluna|move: Protect\n|move|p1b: Lunala|Moonblast|p2a: Thousand Sunny\n|-resisted|p2a: Thousand Sunny\n|-damage|p2a: Thousand Sunny|75/100\n|-unboost|p2a: Thousand Sunny|spa|1\n|move|p2b: Oro Jackson|Facade|p1b: Lunala\n|-damage|p1b: Lunala|0 fnt\n|faint|p1b: Lunala\n|\n|-weather|SunnyDay|[upkeep]\n|-damage|p2b: Oro Jackson|83/100 brn|[from] brn\n|-damage|p1a: Ursaluna|84/100 brn|[from] brn\n|upkeep\n|\n|t:|1775854051\n|switch|p1b: Miraidon|Miraidon, L50|100/100\n|-fieldstart|move: Electric Terrain|[from] ability: Hadron Engine|[of] p1b: Miraidon\n|turn|5\n|inactive|joymaxxing has 30 seconds left.\n|\n|t:|1775854078\n|switch|p2b: Jewelry Margherita|Incineroar, L50, M, shiny|51/100\n|-ability|p2b: Jewelry Margherita|Intimidate|boost\n|-unboost|p1a: Ursaluna|atk|1\n|-unboost|p1b: Miraidon|atk|1\n|move|p2a: Thousand Sunny|Close Combat|p1a: Ursaluna\n|-supereffective|p1a: Ursaluna\n|-damage|p1a: Ursaluna|0 fnt\n|-unboost|p2a: Thousand Sunny|def|1\n|-unboost|p2a: Thousand Sunny|spd|1\n|faint|p1a: Ursaluna\n|-damage|p2a: Thousand Sunny|66/100|[from] item: Life Orb\n|move|p1b: Miraidon|Electro Drift|p2a: Thousand Sunny\n|-damage|p2a: Thousand Sunny|0 fnt\n|faint|p2a: Thousand Sunny\n|\n|-weather|SunnyDay|[upkeep]\n|upkeep\n|\n|t:|1775854085\n|switch|p2a: Going Merry|Lunala, L50|100/100\n|switch|p1a: Incineroar|Incineroar, L50, M|95/100\n|-ability|p1a: Incineroar|Intimidate|boost\n|-unboost|p2a: Going Merry|atk|1\n|-unboost|p2b: Jewelry Margherita|atk|1\n|turn|6\n|\n|t:|1775854094\n|move|p1a: Incineroar|Fake Out|p2b: Jewelry Margherita\n|-damage|p2b: Jewelry Margherita|42/100\n|cant|p2b: Jewelry Margherita|flinch\n|move|p1b: Miraidon|Snarl|p2b: Jewelry Margherita|[spread] p2a,p2b\n|-supereffective|p2a: Going Merry\n|-resisted|p2b: Jewelry Margherita\n|-damage|p2a: Going Merry|73/100\n|-damage|p2b: Jewelry Margherita|36/100\n|-unboost|p2b: Jewelry Margherita|spa|1\n|move|p2a: Going Merry|Trick Room|p2a: Going Merry\n|-fieldstart|move: Trick Room|[of] p2a: Going Merry\n|\n|-weather|SunnyDay|[upkeep]\n|upkeep\n|turn|7\n|\n|t:|1775854116\n|move|p2b: Jewelry Margherita|Knock Off|p1b: Miraidon\n|-damage|p1b: Miraidon|73/100\n|-enditem|p1b: Miraidon|Assault Vest|[from] move: Knock Off|[of] p2b: Jewelry Margherita\n|move|p1a: Incineroar|Knock Off|p2a: Going Merry\n|-supereffective|p2a: Going Merry\n|-damage|p2a: Going Merry|0 fnt\n|-enditem|p2a: Going Merry|Covert Cloak|[from] move: Knock Off|[of] p1a: Incineroar\n|faint|p2a: Going Merry\n|move|p1b: Miraidon|Electro Drift|p2b: Jewelry Margherita\n|-damage|p2b: Jewelry Margherita|0 fnt\n|faint|p2b: Jewelry Margherita\n|\n|-weather|none\n|upkeep\n|\n|t:|1775854120\n|switch|p2a: Oro Jackson|Ursaluna, L50, F, shiny|83/100 brn\n|turn|8\n|\n|t:|1775854128\n|move|p2a: Oro Jackson|Earthquake|p1a: Incineroar|[spread] p1a,p1b\n|-supereffective|p1a: Incineroar\n|-supereffective|p1b: Miraidon\n|-damage|p1a: Incineroar|0 fnt\n|-damage|p1b: Miraidon|0 fnt\n|faint|p1a: Incineroar\n|faint|p1b: Miraidon\n|\n|win|joymaxxing\n|raw|FRESHmustard's rating: 1447 &rarr; <strong>1428</strong><br />(-19 for losing)\n|raw|joymaxxing's rating: 1460 &rarr; <strong>1479</strong><br />(+19 for winning)\n|l|\u2606FRESHmustard\n|player|p1|\n|c|\u2606joymaxxing|Gg\n|l|\u2606joymaxxing\n|player|p2|\n|j|\u2606joymaxxing\n|player|p2|joymaxxing|elesa|\n","uploadtime":1775854167,"views":18,"formatid":"gen9vgc2026regi","rating":1428,"private":0,"password":null}