{"id":"gen9vgc2026regi-2577968118","format":"[Gen 9] VGC 2026 Reg I","players":["badorni","quisiimo"],"log":"|j|\u2606badorni\n|j|\u2606quisiimo\n|t:|1775628203\n|gametype|doubles\n|player|p1|badorni|n|1409\n|player|p2|quisiimo|265|1492\n|gen|9\n|tier|[Gen 9] VGC 2026 Reg I\n|rated|\n|rule|Species Clause: Limit one of each Pok\u00e9mon\n|rule|Item Clause: Limit 1 of each item\n|clearpoke\n|poke|p1|Miraidon, L50|\n|poke|p1|Calyrex-Ice, L50|\n|poke|p1|Araquanid, L50, M|\n|poke|p1|Iron Hands, L50|\n|poke|p1|Incineroar, L50, F|\n|poke|p1|Iron Bundle, L50|\n|poke|p2|Calyrex-Shadow, L50|\n|poke|p2|Zamazenta-*, L50|\n|poke|p2|Ursaluna, L50, M|\n|poke|p2|Incineroar, L50, F|\n|poke|p2|Urshifu-*, L50, F|\n|poke|p2|Raging Bolt, L50|\n|teampreview|4\n|inactive|Battle timer is ON: inactive players will automatically lose when time's up. (requested by badorni)\n|\n|t:|1775628214\n|teamsize|p1|4\n|teamsize|p2|4\n|start\n|switch|p1a: Miraidon|Miraidon, L50|100/100\n|switch|p1b: Iron Bundle|Iron Bundle, L50|100/100\n|switch|p2a: Calyrex|Calyrex-Shadow, L50|100/100\n|switch|p2b: Raging Bolt|Raging Bolt, L50|100/100\n|-ability|p2a: Calyrex|As One\n|-ability|p2a: Calyrex|Unnerve\n|-fieldstart|move: Electric Terrain|[from] ability: Hadron Engine|[of] p1a: Miraidon\n|-activate|p1b: Iron Bundle|ability: Quark Drive\n|-start|p1b: Iron Bundle|quarkdrivespe\n|-enditem|p2b: Raging Bolt|Booster Energy\n|-activate|p2b: Raging Bolt|ability: Protosynthesis|[fromitem]\n|-start|p2b: Raging Bolt|protosynthesisspa\n|turn|1\n|inactive|quisiimo has 30 seconds left.\n|inactive|quisiimo has 20 seconds left.\n|inactive|quisiimo has 15 seconds left.\n|\n|t:|1775628256\n|-terastallize|p1a: Miraidon|Electric\n|move|p2a: Calyrex|Protect|p2a: Calyrex\n|-singleturn|p2a: Calyrex|Protect\n|move|p2b: Raging Bolt|Thunderclap|p1b: Iron Bundle\n|-supereffective|p1b: Iron Bundle\n|-enditem|p1b: Iron Bundle|Focus Sash\n|-damage|p1b: Iron Bundle|1/100\n|move|p1b: Iron Bundle|Icy Wind|p2b: Raging Bolt|[spread] p2b\n|-activate|p2a: Calyrex|move: Protect\n|-supereffective|p2b: Raging Bolt\n|-damage|p2b: Raging Bolt|63/100\n|-unboost|p2b: Raging Bolt|spe|1\n|move|p1a: Miraidon|Volt Switch|p2a: Calyrex\n|-activate|p2a: Calyrex|move: Protect\n|\n|upkeep\n|turn|2\n|inactive|quisiimo has 30 seconds left.\n|inactive|quisiimo has 20 seconds left.\n|inactive|quisiimo has 15 seconds left.\n|inactive|quisiimo has 10 seconds left.\n|\n|t:|1775628304\n|move|p1b: Iron Bundle|Encore|p2a: Calyrex\n|-start|p2a: Calyrex|Encore\n|move|p1a: Miraidon|Draco Meteor|p2b: Raging Bolt\n|-supereffective|p2b: Raging Bolt\n|-damage|p2b: Raging Bolt|0 fnt\n|-unboost|p1a: Miraidon|spa|2\n|faint|p2b: Raging Bolt\n|-end|p2b: Raging Bolt|Protosynthesis|[silent]\n|-damage|p1a: Miraidon|91/100|[from] item: Life Orb\n|move|p2a: Calyrex|Protect|p2a: Calyrex\n|-singleturn|p2a: Calyrex|Protect\n|\n|upkeep\n|\n|t:|1775628320\n|switch|p2b: Incineroar|Incineroar, L50, F, shiny|100/100\n|-ability|p2b: Incineroar|Intimidate|boost\n|-unboost|p1a: Miraidon|atk|1\n|-unboost|p1b: Iron Bundle|atk|1\n|turn|3\n|\n|t:|1775628337\n|switch|p2a: Ursaluna|Ursaluna, L50, M, shiny|100/100\n|move|p1b: Iron Bundle|Protect|p1b: Iron Bundle\n|-singleturn|p1b: Iron Bundle|Protect\n|move|p2b: Incineroar|Fake Out|p1a: Miraidon\n|-damage|p1a: Miraidon|79/100\n|cant|p1a: Miraidon|flinch\n|\n|-status|p2a: Ursaluna|brn|[from] item: Flame Orb\n|upkeep\n|turn|4\n|inactive|quisiimo has 30 seconds left.\n|inactive|quisiimo has 20 seconds left.\n|inactive|quisiimo has 15 seconds left.\n|\n|t:|1775628379\n|switch|p2b: Calyrex|Calyrex-Shadow, L50|100/100\n|-ability|p2b: Calyrex|As One\n|-ability|p2b: Calyrex|Unnerve\n|move|p1b: Iron Bundle|Freeze-Dry|p2a: Ursaluna\n|-supereffective|p2a: Ursaluna\n|-damage|p2a: Ursaluna|41/100 brn\n|move|p1a: Miraidon|Volt Switch|p2b: Calyrex\n|-damage|p2b: Calyrex|43/100\n|-damage|p1a: Miraidon|70/100|[from] item: Life Orb\n|\n|t:|1775628392\n|switch|p1a: Araquanid|Araquanid, L50, M|100/100|[from] Volt Switch\n|-enditem|p1a: Araquanid|Electric Seed\n|-boost|p1a: Araquanid|def|1|[from] item: Electric Seed\n|move|p2a: Ursaluna|Facade|p1a: Araquanid\n|-damage|p1a: Araquanid|6/100\n|\n|-damage|p2a: Ursaluna|36/100 brn|[from] brn\n|upkeep\n|turn|5\n|inactive|quisiimo has 30 seconds left.\n|\n|t:|1775628417\n|move|p2b: Calyrex|Protect|p2b: Calyrex\n|-singleturn|p2b: Calyrex|Protect\n|move|p2a: Ursaluna|Protect|p2a: Ursaluna\n|-singleturn|p2a: Ursaluna|Protect\n|move|p1a: Araquanid|Wide Guard|p1a: Araquanid\n|-singleturn|p1a: Araquanid|Wide Guard\n|move|p1b: Iron Bundle|Freeze-Dry|p2a: Ursaluna\n|-activate|p2a: Ursaluna|move: Protect\n|\n|-damage|p2a: Ursaluna|30/100 brn|[from] brn\n|-fieldend|move: Electric Terrain\n|-end|p1b: Iron Bundle|Quark Drive\n|upkeep\n|turn|6\n|inactive|quisiimo has 30 seconds left.\n|\n|t:|1775628444\n|move|p1b: Iron Bundle|Protect|p1b: Iron Bundle\n|-singleturn|p1b: Iron Bundle|Protect\n|move|p2b: Calyrex|Psychic|p1b: Iron Bundle\n|-activate|p1b: Iron Bundle|move: Protect\n|move|p2a: Ursaluna|Facade|p1a: Araquanid\n|-damage|p1a: Araquanid|0 fnt\n|faint|p1a: Araquanid\n|\n|-damage|p2a: Ursaluna|24/100 brn|[from] brn\n|upkeep\n|\n|t:|1775628450\n|switch|p1a: Miraidon|Miraidon, L50, tera:Electric|70/100\n|-fieldstart|move: Electric Terrain|[from] ability: Hadron Engine|[of] p1a: Miraidon\n|-activate|p1b: Iron Bundle|ability: Quark Drive\n|-start|p1b: Iron Bundle|quarkdrivespe\n|turn|7\n|inactive|badorni has 30 seconds left.\n|\n|t:|1775628477\n|switch|p2b: Incineroar|Incineroar, L50, F, shiny|100/100\n|-ability|p2b: Incineroar|Intimidate|boost\n|-unboost|p1a: Miraidon|atk|1\n|-unboost|p1b: Iron Bundle|atk|1\n|move|p2a: Ursaluna|Protect|p2a: Ursaluna\n|-singleturn|p2a: Ursaluna|Protect\n|move|p1b: Iron Bundle|Icy Wind|p2a: Ursaluna|[spread] p2b\n|-activate|p2a: Ursaluna|move: Protect\n|-resisted|p2b: Incineroar\n|-crit|p2b: Incineroar\n|-damage|p2b: Incineroar|92/100\n|-unboost|p2b: Incineroar|spe|1\n|move|p1a: Miraidon|Draco Meteor|p2a: Ursaluna\n|-activate|p2a: Ursaluna|move: Protect\n|\n|-damage|p2a: Ursaluna|18/100 brn|[from] brn\n|upkeep\n|turn|8\n|inactive|quisiimo has 30 seconds left.\n|inactive|quisiimo has 20 seconds left.\n|inactive|quisiimo has 15 seconds left.\n|inactive|quisiimo has 10 seconds left.\n|\n|t:|1775628523\n|move|p1b: Iron Bundle|Protect|p1b: Iron Bundle\n|-singleturn|p1b: Iron Bundle|Protect\n|move|p1a: Miraidon|Protect|p1a: Miraidon\n|-singleturn|p1a: Miraidon|Protect\n|move|p2b: Incineroar|Fake Out|p1b: Iron Bundle\n|-activate|p1b: Iron Bundle|move: Protect\n|move|p2a: Ursaluna|Facade|p1a: Miraidon\n|-activate|p1a: Miraidon|move: Protect\n|\n|-damage|p2a: Ursaluna|12/100 brn|[from] brn\n|upkeep\n|turn|9\n|\n|t:|1775628547\n|move|p2a: Ursaluna|Protect|p2a: Ursaluna\n|-singleturn|p2a: Ursaluna|Protect\n|move|p1b: Iron Bundle|Freeze-Dry|p2a: Ursaluna\n|-activate|p2a: Ursaluna|move: Protect\n|move|p1a: Miraidon|Electro Drift|p2b: Incineroar\n|-damage|p2b: Incineroar|0 fnt\n|faint|p2b: Incineroar\n|-damage|p1a: Miraidon|60/100|[from] item: Life Orb\n|\n|-damage|p2a: Ursaluna|6/100 brn|[from] brn\n|upkeep\n|\n|t:|1775628561\n|switch|p2b: Calyrex|Calyrex-Shadow, L50|43/100\n|-ability|p2b: Calyrex|As One\n|-ability|p2b: Calyrex|Unnerve\n|turn|10\n|\n|t:|1775628567\n|move|p1b: Iron Bundle|Protect|p1b: Iron Bundle\n|-singleturn|p1b: Iron Bundle|Protect\n|move|p1a: Miraidon|Protect|p1a: Miraidon\n|-singleturn|p1a: Miraidon|Protect\n|move|p2b: Calyrex|Astral Barrage|p1a: Miraidon|[spread] \n|-activate|p1a: Miraidon|move: Protect\n|-activate|p1b: Iron Bundle|move: Protect\n|move|p2a: Ursaluna|Earthquake|p1b: Iron Bundle|[spread] p2b\n|-activate|p1a: Miraidon|move: Protect\n|-activate|p1b: Iron Bundle|move: Protect\n|-damage|p2b: Calyrex|0 fnt\n|faint|p2b: Calyrex\n|\n|-damage|p2a: Ursaluna|0 fnt|[from] brn\n|faint|p2a: Ursaluna\n|\n|win|badorni\n|raw|badorni's rating: 1409 &rarr; <strong>1434</strong><br />(+25 for winning)\n|raw|quisiimo's rating: 1492 &rarr; <strong>1467</strong><br />(-25 for losing)\n|l|\u2606quisiimo\n|player|p2|\n|c|\u2606badorni|lol what\n|l|\u2606badorni\n|player|p1|\n","uploadtime":1775628711,"views":7,"formatid":"gen9vgc2026regi","rating":1434,"private":0,"password":null}