{"id":"gen9vgc2026regi-2562246517","format":"[Gen 9] VGC 2026 Reg I","players":["b3testing","Highkage2"],"log":"|j|\u2606b3testing\n|j|\u203dHighkage2\n|t:|1773886885\n|gametype|doubles\n|player|p1|b3testing|265|1630\n|player|p2|Highkage2|doubleteam|1536\n|gen|9\n|tier|[Gen 9] VGC 2026 Reg I\n|rated|\n|rule|Species Clause: Limit one of each Pok\u00e9mon\n|rule|Item Clause: Limit 1 of each item\n|clearpoke\n|poke|p1|Terapagos, L50, M|\n|poke|p1|Calyrex-Shadow, L50|\n|poke|p1|Incineroar, L50, F|\n|poke|p1|Amoonguss, L50, F|\n|poke|p1|Tornadus, L50, M|\n|poke|p1|Smeargle, L50, F|\n|poke|p2|Incineroar, L50, F|\n|poke|p2|Landorus, L50, M|\n|poke|p2|Calyrex-Ice, L50|\n|poke|p2|Miraidon, L50|\n|poke|p2|Farigiraf, L50, F|\n|poke|p2|Pelipper, L50, M|\n|teampreview|4\n|inactive|Battle timer is ON: inactive players will automatically lose when time's up. (requested by b3testing)\n|\n|t:|1773886906\n|teamsize|p1|4\n|teamsize|p2|4\n|start\n|switch|p1a: Smeargle|Smeargle, L50, F|100/100\n|switch|p1b: Terapagos|Terapagos, L50, M|100/100\n|switch|p2a: Miraidon|Miraidon, L50|100/100\n|switch|p2b: Incineroar|Incineroar, L50, F|100/100\n|-activate|p1b: Terapagos|ability: Tera Shift\n|detailschange|p1b: Terapagos|Terapagos-Terastal, L50, M\n|-heal|p1b: Terapagos|100/100|[silent]\n|-fieldstart|move: Electric Terrain|[from] ability: Hadron Engine|[of] p2a: Miraidon\n|-ability|p2b: Incineroar|Intimidate|boost\n|-unboost|p1a: Smeargle|atk|1\n|-unboost|p1b: Terapagos|atk|1\n|turn|1\n|inactive|b3testing has 30 seconds left.\n|inactive|Highkage2 has 30 seconds left.\n|\n|t:|1773886941\n|move|p1a: Smeargle|Fake Out|p2a: Miraidon\n|-damage|p2a: Miraidon|97/100\n|move|p2b: Incineroar|Fake Out|p1a: Smeargle\n|-damage|p1a: Smeargle|77/100\n|cant|p2a: Miraidon|flinch\n|move|p1b: Terapagos|Calm Mind|p1b: Terapagos\n|-boost|p1b: Terapagos|spa|1\n|-boost|p1b: Terapagos|spd|1\n|\n|-ability|p1a: Smeargle|Moody|boost\n|-boost|p1a: Smeargle|spd|2\n|-unboost|p1a: Smeargle|atk|1\n|upkeep\n|turn|2\n|inactive|b3testing has 30 seconds left.\n|\n|t:|1773886971\n|switch|p1a: Incineroar|Incineroar, L50, F|100/100\n|-ability|p1a: Incineroar|Intimidate|boost\n|-unboost|p2a: Miraidon|atk|1\n|-unboost|p2b: Incineroar|atk|1\n|move|p1b: Terapagos|Protect|p1b: Terapagos\n|-singleturn|p1b: Terapagos|Protect\n|move|p2a: Miraidon|Volt Switch|p1a: Incineroar\n|-damage|p1a: Incineroar|41/100\n|\n|t:|1773886982\n|switch|p2a: Calyrex|Calyrex-Ice, L50|100/100|[from] Volt Switch\n|-ability|p2a: Calyrex|As One\n|-ability|p2a: Calyrex|Unnerve\n|move|p2b: Incineroar|Knock Off|p1b: Terapagos\n|-activate|p1b: Terapagos|move: Protect\n|\n|upkeep\n|turn|3\n|\n|t:|1773887006\n|-terastallize|p1b: Terapagos|Stellar\n|detailschange|p1b: Terapagos|Terapagos-Stellar, L50, M, tera:Stellar\n|-heal|p1b: Terapagos|100/100|[silent]\n|-ability|p1b: Terapagos|Teraform Zero\n|-fieldend|move: Electric Terrain\n|move|p1b: Terapagos|Tera Starstorm|p2b: Incineroar|[spread] p2a,p2b\n|-damage|p2a: Calyrex|66/100\n|-damage|p2b: Incineroar|67/100\n|move|p1a: Incineroar|Flare Blitz|p2a: Calyrex\n|-supereffective|p2a: Calyrex\n|-damage|p2a: Calyrex|0 fnt\n|faint|p2a: Calyrex\n|-damage|p1a: Incineroar|19/100|[from] Recoil\n|move|p2b: Incineroar|Knock Off|p1b: Terapagos\n|-damage|p1b: Terapagos|84/100\n|-enditem|p1b: Terapagos|Covert Cloak|[from] move: Knock Off|[of] p2b: Incineroar\n|\n|upkeep\n|\n|t:|1773887029\n|switch|p2a: Miraidon|Miraidon, L50|97/100\n|-fieldstart|move: Electric Terrain|[from] ability: Hadron Engine|[of] p2a: Miraidon\n|turn|4\n|\n|t:|1773887049\n|switch|p2b: Pelipper|Pelipper, L50, M|100/100\n|-weather|RainDance|[from] ability: Drizzle|[of] p2b: Pelipper\n|move|p2a: Miraidon|Dazzling Gleam|p1b: Terapagos|[spread] p1a,p1b\n|-crit|p1a: Incineroar\n|-damage|p1a: Incineroar|0 fnt\n|-damage|p1b: Terapagos|65/100\n|faint|p1a: Incineroar\n|move|p1b: Terapagos|Tera Starstorm|p2b: Pelipper|[spread] p2a,p2b\n|-damage|p2a: Miraidon|51/100\n|-damage|p2b: Pelipper|1/100\n|\n|-weather|RainDance|[upkeep]\n|upkeep\n|\n|t:|1773887058\n|switch|p1a: Smeargle|Smeargle, L50, F|77/100\n|turn|5\n|inactive|Highkage2 has 30 seconds left.\n|inactive|Highkage2 has 20 seconds left.\n|inactive|Highkage2 has 15 seconds left.\n|\n|t:|1773887100\n|move|p2b: Pelipper|Protect|p2b: Pelipper\n|-singleturn|p2b: Pelipper|Protect\n|move|p1a: Smeargle|Fake Out|p2a: Miraidon\n|-damage|p2a: Miraidon|46/100\n|cant|p2a: Miraidon|flinch\n|move|p1b: Terapagos|Earth Power|p2a: Miraidon\n|-supereffective|p2a: Miraidon\n|-damage|p2a: Miraidon|0 fnt\n|faint|p2a: Miraidon\n|\n|-weather|RainDance|[upkeep]\n|-ability|p1a: Smeargle|Moody|boost\n|-boost|p1a: Smeargle|spd|2\n|-unboost|p1a: Smeargle|atk|1\n|upkeep\n|-message|Highkage2 forfeited.\n|\n|win|b3testing\n|raw|b3testing's rating: 1630 &rarr; <strong>1645</strong><br />(+15 for winning)\n|raw|Highkage2's rating: 1536 &rarr; <strong>1521</strong><br />(-15 for losing)\n|l|\u203dHighkage2\n|player|p2|\n|l|\u2606b3testing\n|player|p1|\n","uploadtime":1773887131,"views":13,"formatid":"gen9vgc2026regi","rating":1521,"private":0,"password":null}