{"id":"gen9vgc2026regi-2519599221","format":"[Gen 9] VGC 2026 Reg I","players":["timburr fan","photon sheister"],"log":"|j|\u2606timburr fan\n|j|\u2606photon sheister\n|t:|1768522456\n|gametype|doubles\n|player|p1|timburr fan|170|1183\n|player|p2|photon sheister|169|1304\n|gen|9\n|tier|[Gen 9] VGC 2026 Reg I\n|rated|\n|rule|Species Clause: Limit one of each Pok\u00e9mon\n|rule|Item Clause: Limit 1 of each item\n|clearpoke\n|poke|p1|Terapagos, L50, M|\n|poke|p1|Zacian-*, L50|\n|poke|p1|Incineroar, L50, M|\n|poke|p1|Mimikyu, L50, F|\n|poke|p1|Rillaboom, L50, M|\n|poke|p1|Flutter Mane, L50|\n|poke|p2|Eternatus, L50|\n|poke|p2|Ho-Oh, L50|\n|poke|p2|Rillaboom, L50, M|\n|poke|p2|Incineroar, L50, M|\n|poke|p2|Ting-Lu, L50|\n|poke|p2|Vaporeon, L50, M|\n|teampreview|4\n|\n|t:|1768522490\n|teamsize|p1|4\n|teamsize|p2|4\n|start\n|switch|p1a: Incineroar|Incineroar, L50, M|100/100\n|switch|p1b: Terapagos|Terapagos, L50, M|100/100\n|switch|p2a: Eternatus|Eternatus, L50|100/100\n|switch|p2b: Vaporeon|Vaporeon, L50, M|100/100\n|-activate|p1b: Terapagos|ability: Tera Shift\n|detailschange|p1b: Terapagos|Terapagos-Terastal, L50, M\n|-heal|p1b: Terapagos|100/100|[silent]\n|-ability|p2a: Eternatus|Pressure\n|-ability|p1a: Incineroar|Intimidate|boost\n|-unboost|p2a: Eternatus|atk|1\n|-unboost|p2b: Vaporeon|atk|1\n|turn|1\n|\n|t:|1768522519\n|move|p1a: Incineroar|Fake Out|p2a: Eternatus\n|-damage|p2a: Eternatus|92/100\n|move|p2a: Eternatus|Toxic Spikes|p1a: Incineroar\n|-sidestart|p1: timburr fan|move: Toxic Spikes\n|move|p1b: Terapagos|Calm Mind|p1b: Terapagos\n|-boost|p1b: Terapagos|spa|1\n|-boost|p1b: Terapagos|spd|1\n|move|p2b: Vaporeon|Yawn|p1b: Terapagos\n|-start|p1b: Terapagos|move: Yawn|[of] p2b: Vaporeon\n|\n|upkeep\n|turn|2\n|\n|t:|1768522546\n|switch|p1b: Flutter Mane|Flutter Mane, L50|100/100\n|-status|p1b: Flutter Mane|psn\n|move|p2a: Eternatus|Protect|p2a: Eternatus\n|-singleturn|p2a: Eternatus|Protect\n|move|p2b: Vaporeon|Detect|p2b: Vaporeon\n|-singleturn|p2b: Vaporeon|Protect\n|move|p1a: Incineroar|Knock Off|p2a: Eternatus\n|-activate|p2a: Eternatus|move: Protect\n|\n|-damage|p1b: Flutter Mane|88/100 psn|[from] psn\n|upkeep\n|turn|3\n|\n|t:|1768522571\n|move|p1b: Flutter Mane|Moonblast|p2a: Eternatus\n|-damage|p2a: Eternatus|59/100\n|move|p2a: Eternatus|Dynamax Cannon|p1a: Incineroar\n|-damage|p1a: Incineroar|71/100\n|move|p2b: Vaporeon|Scald|p1a: Incineroar\n|-supereffective|p1a: Incineroar\n|-damage|p1a: Incineroar|25/100\n|move|p1a: Incineroar|Knock Off|p2a: Eternatus\n|-damage|p2a: Eternatus|28/100\n|-enditem|p2a: Eternatus|Covert Cloak|[from] move: Knock Off|[of] p1a: Incineroar\n|\n|-damage|p1b: Flutter Mane|76/100 psn|[from] psn\n|upkeep\n|turn|4\n|\n|t:|1768522604\n|switch|p2a: Ho-Oh|Ho-Oh, L50|100/100\n|move|p1b: Flutter Mane|Moonblast|p2b: Vaporeon\n|-damage|p2b: Vaporeon|57/100\n|-unboost|p2b: Vaporeon|spa|1\n|move|p2b: Vaporeon|Scald|p1a: Incineroar\n|-supereffective|p1a: Incineroar\n|-damage|p1a: Incineroar|0 fnt\n|faint|p1a: Incineroar\n|\n|-damage|p1b: Flutter Mane|64/100 psn|[from] psn\n|upkeep\n|\n|t:|1768522618\n|switch|p1a: Terapagos|Terapagos-Terastal, L50, M|100/100\n|-status|p1a: Terapagos|psn\n|turn|5\n|\n|t:|1768522646\n|move|p2b: Vaporeon|Detect|p2b: Vaporeon\n|-singleturn|p2b: Vaporeon|Protect\n|move|p1b: Flutter Mane|Moonblast|p2b: Vaporeon\n|-activate|p2b: Vaporeon|move: Protect\n|move|p2a: Ho-Oh|Life Dew||[still]|[spread] \n|-heal|p2b: Vaporeon|82/100|[from] ability: Water Absorb|[of] p2a: Ho-Oh\n|-fail|p2a: Ho-Oh|heal\n|move|p1a: Terapagos|Substitute|p1a: Terapagos\n|-start|p1a: Terapagos|Substitute\n|-damage|p1a: Terapagos|76/100 psn\n|\n|-heal|p1a: Terapagos|82/100 psn|[from] item: Leftovers\n|-damage|p1b: Flutter Mane|51/100 psn|[from] psn\n|-damage|p1a: Terapagos|69/100 psn|[from] psn\n|upkeep\n|turn|6\n|\n|t:|1768522666\n|switch|p2b: Eternatus|Eternatus, L50|28/100\n|-ability|p2b: Eternatus|Pressure\n|move|p1b: Flutter Mane|Moonblast|p2b: Eternatus\n|-damage|p2b: Eternatus|0 fnt\n|faint|p2b: Eternatus\n|move|p1a: Terapagos|Calm Mind|p1a: Terapagos\n|-boost|p1a: Terapagos|spa|1\n|-boost|p1a: Terapagos|spd|1\n|move|p2a: Ho-Oh|Whirlwind|p1a: Terapagos\n|drag|p1a: Zacian|Zacian-Crowned, L50|100/100\n|-ability|p1a: Zacian|Intrepid Sword|boost\n|-boost|p1a: Zacian|atk|1\n|\n|-damage|p1b: Flutter Mane|39/100 psn|[from] psn\n|upkeep\n|\n|t:|1768522678\n|switch|p2b: Incineroar|Incineroar, L50, M|100/100\n|-ability|p2b: Incineroar|Intimidate|boost\n|-unboost|p1a: Zacian|atk|1\n|-unboost|p1b: Flutter Mane|atk|1\n|turn|7\n|\n|t:|1768522690\n|move|p1a: Zacian|Protect|p1a: Zacian\n|-singleturn|p1a: Zacian|Protect\n|move|p1b: Flutter Mane|Protect|p1b: Flutter Mane\n|-singleturn|p1b: Flutter Mane|Protect\n|move|p2a: Ho-Oh|Sacred Fire|p1b: Flutter Mane\n|-activate|p1b: Flutter Mane|move: Protect\n|move|p2b: Incineroar|Parting Shot|p1b: Flutter Mane\n|-activate|p1b: Flutter Mane|move: Protect\n|\n|-damage|p1b: Flutter Mane|27/100 psn|[from] psn\n|upkeep\n|turn|8\n|\n|t:|1768522714\n|move|p1a: Zacian|Sacred Sword|p2b: Incineroar\n|-supereffective|p2b: Incineroar\n|-damage|p2b: Incineroar|36/100\n|-damage|p1a: Zacian|84/100|[from] item: Rocky Helmet|[of] p2b: Incineroar\n|move|p1b: Flutter Mane|Moonblast|p2b: Incineroar\n|-damage|p2b: Incineroar|0 fnt\n|faint|p2b: Incineroar\n|move|p2a: Ho-Oh|Sacred Fire|p1a: Zacian\n|-supereffective|p1a: Zacian\n|-damage|p1a: Zacian|5/100\n|\n|-damage|p1b: Flutter Mane|14/100 psn|[from] psn\n|upkeep\n|\n|t:|1768522722\n|switch|p2b: Vaporeon|Vaporeon, L50, M|82/100\n|turn|9\n|\n|t:|1768522746\n|move|p1a: Zacian|Protect|p1a: Zacian\n|-singleturn|p1a: Zacian|Protect\n|move|p2b: Vaporeon|Detect|p2b: Vaporeon\n|-singleturn|p2b: Vaporeon|Protect\n|move|p1b: Flutter Mane|Moonblast|p2b: Vaporeon\n|-activate|p2b: Vaporeon|move: Protect\n|move|p2a: Ho-Oh|Sacred Fire|p1a: Zacian\n|-activate|p1a: Zacian|move: Protect\n|\n|-damage|p1b: Flutter Mane|2/100 psn|[from] psn\n|upkeep\n|turn|10\n|\n|t:|1768522767\n|move|p2b: Vaporeon|Detect|p2b: Vaporeon\n|-singleturn|p2b: Vaporeon|Protect\n|move|p1a: Zacian|Play Rough|p2b: Vaporeon\n|-activate|p2b: Vaporeon|move: Protect\n|move|p1b: Flutter Mane|Moonblast|p2b: Vaporeon\n|-activate|p2b: Vaporeon|move: Protect\n|move|p2a: Ho-Oh|Life Dew||[still]|[spread] \n|-heal|p2b: Vaporeon|100/100|[from] ability: Water Absorb|[of] p2a: Ho-Oh\n|-fail|p2a: Ho-Oh|heal\n|\n|-damage|p1b: Flutter Mane|0 fnt|[from] psn\n|faint|p1b: Flutter Mane\n|-end|p1b: Flutter Mane|Protosynthesis|[silent]\n|upkeep\n|\n|t:|1768522779\n|switch|p1b: Terapagos|Terapagos-Terastal, L50, M|69/100 psn\n|turn|11\n|\n|t:|1768522785\n|move|p1a: Zacian|Play Rough|p2b: Vaporeon\n|-damage|p2b: Vaporeon|65/100\n|move|p2a: Ho-Oh|Sacred Fire|p1a: Zacian\n|-supereffective|p1a: Zacian\n|-damage|p1a: Zacian|0 fnt\n|faint|p1a: Zacian\n|move|p1b: Terapagos|Substitute|p1b: Terapagos\n|-start|p1b: Terapagos|Substitute\n|-damage|p1b: Terapagos|45/100 psn\n|move|p2b: Vaporeon|Whirlpool|p1b: Terapagos|[miss]\n|-miss|p2b: Vaporeon|p1b: Terapagos\n|\n|-heal|p1b: Terapagos|50/100 psn|[from] item: Leftovers\n|-damage|p1b: Terapagos|38/100 psn|[from] psn\n|upkeep\n|turn|12\n|\n|t:|1768522804\n|move|p2a: Ho-Oh|Sacred Fire|p1b: Terapagos\n|-crit|p1b: Terapagos\n|-end|p1b: Terapagos|Substitute\n|move|p1b: Terapagos|Calm Mind|p1b: Terapagos\n|-boost|p1b: Terapagos|spa|1\n|-boost|p1b: Terapagos|spd|1\n|move|p2b: Vaporeon|Whirlpool|p1b: Terapagos\n|-damage|p1b: Terapagos|31/100 psn\n|-activate|p1b: Terapagos|move: Whirlpool|[of] p2b: Vaporeon\n|\n|-heal|p1b: Terapagos|37/100 psn|[from] item: Leftovers\n|-damage|p1b: Terapagos|24/100 psn|[from] psn\n|-damage|p1b: Terapagos|12/100 psn|[from] move: Whirlpool|[partiallytrapped]\n|upkeep\n|turn|13\n|\n|t:|1768522825\n|-terastallize|p1b: Terapagos|Stellar\n|detailschange|p1b: Terapagos|Terapagos-Stellar, L50, M, tera:Stellar\n|-heal|p1b: Terapagos|33/100 psn|[silent]\n|move|p2a: Ho-Oh|Protect|p2a: Ho-Oh\n|-singleturn|p2a: Ho-Oh|Protect\n|move|p2b: Vaporeon|Detect|p2b: Vaporeon\n|-singleturn|p2b: Vaporeon|Protect\n|move|p1b: Terapagos|Tera Starstorm|p2b: Vaporeon|[spread] \n|-activate|p2a: Ho-Oh|move: Protect\n|-activate|p2b: Vaporeon|move: Protect\n|\n|-heal|p1b: Terapagos|39/100 psn|[from] item: Leftovers\n|-damage|p1b: Terapagos|27/100 psn|[from] psn\n|-damage|p1b: Terapagos|15/100 psn|[from] move: Whirlpool|[partiallytrapped]\n|upkeep\n|turn|14\n|\n|t:|1768522840\n|move|p2a: Ho-Oh|Life Dew||[still]|[spread] \n|-heal|p2b: Vaporeon|90/100|[from] ability: Water Absorb|[of] p2a: Ho-Oh\n|-fail|p2a: Ho-Oh|heal\n|move|p1b: Terapagos|Tera Starstorm|p2a: Ho-Oh|[spread] p2a,p2b\n|-damage|p2a: Ho-Oh|63/100\n|-damage|p2b: Vaporeon|45/100\n|move|p2b: Vaporeon|Yawn|p2a: Ho-Oh\n|-start|p2a: Ho-Oh|move: Yawn|[of] p2b: Vaporeon\n|\n|-heal|p1b: Terapagos|21/100 psn|[from] item: Leftovers\n|-damage|p1b: Terapagos|8/100 psn|[from] psn\n|-damage|p1b: Terapagos|0 fnt|[from] move: Whirlpool|[partiallytrapped]\n|faint|p1b: Terapagos\n|detailschange|p1: Terapagos|Terapagos, L50, M|[silent]\n|\n|win|photon sheister\n|raw|timburr fan's rating: 1183 &rarr; <strong>1166</strong><br />(-17 for losing)\n|raw|photon sheister's rating: 1304 &rarr; <strong>1317</strong><br />(+13 for winning)\n|l|\u2606timburr fan\n|player|p1|\n|l|\u2606photon sheister\n|player|p2|\n","uploadtime":1768523055,"views":15,"formatid":"gen9vgc2026regi","rating":1166,"private":0,"password":null}