{"id":"gen9vgc2026regi-2570043136","format":"[Gen 9] VGC 2026 Reg I","players":["terafireflareblitz","dasabe\u76d6\u6b27\u5361\u4fa0"],"log":"|j|\u2606terafireflareblitz\n|j|\u2606dasabe\u76d6\u6b27\u5361\u4fa0\n|t:|1774760661\n|gametype|doubles\n|player|p1|terafireflareblitz|sycamore|1553\n|player|p2|dasabe\u76d6\u6b27\u5361\u4fa0|may-masters4|1645\n|gen|9\n|tier|[Gen 9] VGC 2026 Reg I\n|rated|\n|rule|Species Clause: Limit one of each Pok\u00e9mon\n|rule|Item Clause: Limit 1 of each item\n|clearpoke\n|poke|p1|Koraidon, L50|\n|poke|p1|Lunala, L50|\n|poke|p1|Indeedee-F, L50, F|\n|poke|p1|Flutter Mane, L50|\n|poke|p1|Volcarona, L50, F|\n|poke|p1|Ursaluna, L50, F|\n|poke|p2|Calyrex-Shadow, L50|\n|poke|p2|Zamazenta-*, L50|\n|poke|p2|Rillaboom, L50, M|\n|poke|p2|Incineroar, L50, F|\n|poke|p2|Tornadus, L50, M|\n|poke|p2|Urshifu-*, L50, F|\n|teampreview|4\n|inactive|Battle timer is ON: inactive players will automatically lose when time's up. (requested by terafireflareblitz)\n|\n|t:|1774760676\n|teamsize|p1|4\n|teamsize|p2|4\n|start\n|switch|p1a: Lunala|Lunala, L50, shiny|100/100\n|switch|p1b: Indeedee|Indeedee-F, L50, F|100/100\n|switch|p2a: \u9a6c\u6b7b\u4e86|Calyrex-Shadow, L50|100/100\n|switch|p2b: \u629b\u4e0b\u864e\u54e5\u5578\u7a74|Incineroar, L50, F|100/100\n|-ability|p2a: \u9a6c\u6b7b\u4e86|As One\n|-ability|p2a: \u9a6c\u6b7b\u4e86|Unnerve\n|-fieldstart|move: Psychic Terrain|[from] ability: Psychic Surge|[of] p1b: Indeedee\n|-ability|p2b: \u629b\u4e0b\u864e\u54e5\u5578\u7a74|Intimidate|boost\n|-unboost|p1a: Lunala|atk|1\n|-unboost|p1b: Indeedee|atk|1\n|turn|1\n|\n|t:|1774760689\n|move|p2a: \u9a6c\u6b7b\u4e86|Nasty Plot|p2a: \u9a6c\u6b7b\u4e86\n|-boost|p2a: \u9a6c\u6b7b\u4e86|spa|2\n|move|p1a: Lunala|Moongeist Beam|p2a: \u9a6c\u6b7b\u4e86\n|-supereffective|p2a: \u9a6c\u6b7b\u4e86\n|-enditem|p2a: \u9a6c\u6b7b\u4e86|Focus Sash\n|-damage|p2a: \u9a6c\u6b7b\u4e86|1/100\n|move|p1b: Indeedee|Alluring Voice|p2a: \u9a6c\u6b7b\u4e86\n|-damage|p2a: \u9a6c\u6b7b\u4e86|0 fnt\n|faint|p2a: \u9a6c\u6b7b\u4e86\n|move|p2b: \u629b\u4e0b\u864e\u54e5\u5578\u7a74|Knock Off|p1a: Lunala\n|-supereffective|p1a: Lunala\n|-damage|p1a: Lunala|37/100\n|-enditem|p1a: Lunala|Power Herb|[from] move: Knock Off|[of] p2b: \u629b\u4e0b\u864e\u54e5\u5578\u7a74\n|\n|upkeep\n|\n|t:|1774760695\n|switch|p2a: \u63e1\u8349\u733f|Rillaboom, L50, M|100/100\n|-fieldstart|move: Grassy Terrain|[from] ability: Grassy Surge|[of] p2a: \u63e1\u8349\u733f\n|turn|2\n|\n|t:|1774760706\n|switch|p1a: Volcarona|Volcarona, L50, F|100/100\n|move|p2a: \u63e1\u8349\u733f|Fake Out|p1b: Indeedee\n|-damage|p1b: Indeedee|87/100\n|cant|p1b: Indeedee|flinch\n|move|p2b: \u629b\u4e0b\u864e\u54e5\u5578\u7a74|Flare Blitz|p1a: Volcarona\n|-damage|p1a: Volcarona|56/100\n|-damage|p2b: \u629b\u4e0b\u864e\u54e5\u5578\u7a74|84/100|[from] item: Rocky Helmet|[of] p1a: Volcarona\n|-damage|p2b: \u629b\u4e0b\u864e\u54e5\u5578\u7a74|70/100|[from] Recoil\n|\n|-heal|p1a: Volcarona|62/100|[from] Grassy Terrain\n|-heal|p1b: Indeedee|93/100|[from] Grassy Terrain\n|-heal|p2b: \u629b\u4e0b\u864e\u54e5\u5578\u7a74|76/100|[from] Grassy Terrain\n|upkeep\n|turn|3\n|j| Therazer456\n|inactive|dasabe\u76d6\u6b27\u5361\u4fa0 has 30 seconds left.\n|inactive|dasabe\u76d6\u6b27\u5361\u4fa0 has 20 seconds left.\n|inactive|dasabe\u76d6\u6b27\u5361\u4fa0 has 15 seconds left.\n|\n|t:|1774760750\n|move|p1a: Volcarona|Will-O-Wisp|p2a: \u63e1\u8349\u733f\n|-status|p2a: \u63e1\u8349\u733f|brn\n|move|p2a: \u63e1\u8349\u733f|U-turn|p1b: Indeedee\n|-supereffective|p1b: Indeedee\n|-damage|p1b: Indeedee|68/100\n|\n|t:|1774760756\n|switch|p2a: \u8d64\u51fb\u9738|Zamazenta-Crowned, L50, shiny|100/100|[from] U-turn\n|-ability|p2a: \u8d64\u51fb\u9738|Dauntless Shield|boost\n|-boost|p2a: \u8d64\u51fb\u9738|def|1\n|move|p1b: Indeedee|Alluring Voice|p2b: \u629b\u4e0b\u864e\u54e5\u5578\u7a74\n|-damage|p2b: \u629b\u4e0b\u864e\u54e5\u5578\u7a74|60/100\n|move|p2b: \u629b\u4e0b\u864e\u54e5\u5578\u7a74|Knock Off|p1b: Indeedee\n|-supereffective|p1b: Indeedee\n|-damage|p1b: Indeedee|0 fnt\n|-enditem|p1b: Indeedee|Safety Goggles|[from] move: Knock Off|[of] p2b: \u629b\u4e0b\u864e\u54e5\u5578\u7a74\n|faint|p1b: Indeedee\n|\n|-heal|p1a: Volcarona|69/100|[from] Grassy Terrain\n|-heal|p2b: \u629b\u4e0b\u864e\u54e5\u5578\u7a74|66/100|[from] Grassy Terrain\n|upkeep\n|\n|t:|1774760763\n|switch|p1b: Koraidon|Koraidon, L50, shiny|100/100\n|-weather|SunnyDay|[from] ability: Orichalcum Pulse|[of] p1b: Koraidon\n|-activate|p1b: Koraidon|Orichalcum Pulse|[source]\n|turn|4\n|\n|t:|1774760770\n|-terastallize|p2b: \u629b\u4e0b\u864e\u54e5\u5578\u7a74|Bug\n|move|p1b: Koraidon|Protect|p1b: Koraidon\n|-singleturn|p1b: Koraidon|Protect\n|move|p2a: \u8d64\u51fb\u9738|Protect|p2a: \u8d64\u51fb\u9738\n|-singleturn|p2a: \u8d64\u51fb\u9738|Protect\n|move|p1a: Volcarona|Will-O-Wisp|p2a: \u8d64\u51fb\u9738\n|-activate|p2a: \u8d64\u51fb\u9738|move: Protect\n|move|p2b: \u629b\u4e0b\u864e\u54e5\u5578\u7a74|Flare Blitz|p1a: Volcarona\n|-damage|p1a: Volcarona|0 fnt\n|-damage|p2b: \u629b\u4e0b\u864e\u54e5\u5578\u7a74|49/100|[from] item: Rocky Helmet|[of] p1a: Volcarona\n|faint|p1a: Volcarona\n|-damage|p2b: \u629b\u4e0b\u864e\u54e5\u5578\u7a74|28/100|[from] Recoil\n|\n|-weather|SunnyDay|[upkeep]\n|-heal|p2b: \u629b\u4e0b\u864e\u54e5\u5578\u7a74|34/100|[from] Grassy Terrain\n|upkeep\n|\n|t:|1774760775\n|switch|p1a: Lunala|Lunala, L50, shiny|37/100\n|turn|5\n|\n|t:|1774760780\n|-terastallize|p1b: Koraidon|Fire\n|move|p1b: Koraidon|Flare Blitz|p2a: \u8d64\u51fb\u9738\n|-supereffective|p2a: \u8d64\u51fb\u9738\n|-damage|p2a: \u8d64\u51fb\u9738|0 fnt\n|faint|p2a: \u8d64\u51fb\u9738\n|-damage|p1b: Koraidon|66/100|[from] Recoil\n|-damage|p1b: Koraidon|56/100|[from] item: Life Orb\n|move|p1a: Lunala|Moongeist Beam|p2b: \u629b\u4e0b\u864e\u54e5\u5578\u7a74\n|-damage|p2b: \u629b\u4e0b\u864e\u54e5\u5578\u7a74|0 fnt\n|faint|p2b: \u629b\u4e0b\u864e\u54e5\u5578\u7a74\n|\n|-weather|SunnyDay|[upkeep]\n|-heal|p1b: Koraidon|62/100|[from] Grassy Terrain\n|-heal|p1a: Lunala|43/100|[from] Grassy Terrain\n|upkeep\n|\n|t:|1774760787\n|switch|p2a: \u63e1\u8349\u733f|Rillaboom, L50, M|100/100 brn\n|turn|6\n|-message|dasabe\u76d6\u6b27\u5361\u4fa0 forfeited.\n|\n|win|terafireflareblitz\n|raw|terafireflareblitz's rating: 1553 &rarr; <strong>1578</strong><br />(+25 for winning)\n|raw|dasabe\u76d6\u6b27\u5361\u4fa0's rating: 1645 &rarr; <strong>1620</strong><br />(-25 for losing)\n|l|\u2606dasabe\u76d6\u6b27\u5361\u4fa0\n|player|p2|\n|l| Therazer456\n|l|\u2606terafireflareblitz\n|player|p1|\n","uploadtime":1774760788,"views":16,"formatid":"gen9vgc2026regi","rating":1578,"private":0,"password":null}