{"id":"gen9vgc2026regi-2564776618","format":"[Gen 9] VGC 2026 Reg I","players":["lokithered","sheeshshane925"],"log":"|j|\u2606lokithered\n|j|\u2606sheeshshane925\n|t:|1774196525\n|gametype|doubles\n|player|p1|lokithered|170|1359\n|player|p2|sheeshshane925|chuck|1534\n|gen|9\n|tier|[Gen 9] VGC 2026 Reg I\n|rated|\n|rule|Species Clause: Limit one of each Pok\u00e9mon\n|rule|Item Clause: Limit 1 of each item\n|clearpoke\n|poke|p1|Calyrex-Ice, L50|\n|poke|p1|Terapagos, L50, M|\n|poke|p1|Farigiraf, L50, F|\n|poke|p1|Torkoal, L50, F|\n|poke|p1|Iron Hands, L50|\n|poke|p1|Urshifu-*, L50, M|\n|poke|p2|Calyrex-Ice, L50|\n|poke|p2|Miraidon, L50|\n|poke|p2|Farigiraf, L50, F|\n|poke|p2|Iron Hands, L50|\n|poke|p2|Scraggy, L50, M|\n|poke|p2|Iron Bundle, L50|\n|teampreview|4\n|\n|t:|1774196553\n|teamsize|p1|4\n|teamsize|p2|4\n|start\n|switch|p1a: Iron Hands|Iron Hands, L50|100/100\n|switch|p1b: Calyrex|Calyrex-Ice, L50|100/100\n|switch|p2a: Farigiraf|Farigiraf, L50, F, shiny|100/100\n|switch|p2b: Iron Hands|Iron Hands, L50|100/100\n|-ability|p1b: Calyrex|As One\n|-ability|p1b: Calyrex|Unnerve\n|turn|1\n|\n|t:|1774196566\n|-end|p1a: Iron Hands|Quark Drive|[silent]\n|switch|p1a: Farigiraf|Farigiraf, L50, F|100/100\n|move|p2a: Farigiraf|Foul Play|p1b: Calyrex\n|-supereffective|p1b: Calyrex\n|-damage|p1b: Calyrex|45/100\n|move|p2b: Iron Hands|Low Kick|p1b: Calyrex\n|-damage|p1b: Calyrex|2/100\n|move|p1b: Calyrex|High Horsepower|p2b: Iron Hands\n|-supereffective|p2b: Iron Hands\n|-damage|p2b: Iron Hands|41/100\n|\n|upkeep\n|turn|2\n|\n|t:|1774196585\n|-end|p2b: Iron Hands|Quark Drive|[silent]\n|switch|p2b: Scraggy|Scraggy, L50, M|100/100\n|-ability|p2b: Scraggy|Intimidate|boost\n|-unboost|p1a: Farigiraf|atk|1\n|-unboost|p1b: Calyrex|atk|1\n|move|p1a: Farigiraf|Ally Switch|p1a: Farigiraf\n|swap|p1a: Farigiraf|1|[from] move: Ally Switch\n|move|p2a: Farigiraf|Foul Play|p1b: Farigiraf\n|-supereffective|p1b: Farigiraf\n|-damage|p1b: Farigiraf|77/100\n|move|p1a: Calyrex|High Horsepower|p2b: Scraggy\n|-damage|p2b: Scraggy|72/100\n|\n|upkeep\n|turn|3\n|\n|t:|1774196634\n|move|p2a: Farigiraf|Foul Play|p1a: Calyrex\n|-supereffective|p1a: Calyrex\n|-damage|p1a: Calyrex|0 fnt\n|faint|p1a: Calyrex\n|move|p1b: Farigiraf|Hyper Voice|p2b: Scraggy|[spread] p2a,p2b\n|-damage|p2a: Farigiraf|77/100\n|-damage|p2b: Scraggy|50/100\n|-enditem|p1b: Farigiraf|Throat Spray\n|-boost|p1b: Farigiraf|spa|1|[from] item: Throat Spray\n|move|p2b: Scraggy|Endeavor|p1b: Farigiraf\n|-damage|p1b: Farigiraf|28/100\n|\n|upkeep\n|\n|t:|1774196645\n|switch|p1a: Iron Hands|Iron Hands, L50|100/100\n|turn|4\n|\n|t:|1774196664\n|switch|p2b: Iron Hands|Iron Hands, L50|41/100\n|move|p2a: Farigiraf|Psychic|p1b: Farigiraf\n|-resisted|p1b: Farigiraf\n|-damage|p1b: Farigiraf|17/100\n|-unboost|p1b: Farigiraf|spd|1\n|move|p1a: Iron Hands|Drain Punch|p2b: Iron Hands\n|-damage|p2b: Iron Hands|8/100\n|move|p1b: Farigiraf|Trick Room|p1b: Farigiraf\n|-fieldstart|move: Trick Room|[of] p1b: Farigiraf\n|\n|upkeep\n|turn|5\n|\n|t:|1774196681\n|move|p1a: Iron Hands|Low Kick|p2a: Farigiraf\n|-damage|p2a: Farigiraf|33/100\n|move|p2b: Iron Hands|Low Kick|p1b: Farigiraf\n|-damage|p1b: Farigiraf|0 fnt\n|faint|p1b: Farigiraf\n|move|p2a: Farigiraf|Psychic|p1a: Iron Hands\n|-supereffective|p1a: Iron Hands\n|-damage|p1a: Iron Hands|56/100\n|\n|upkeep\n|\n|t:|1774196688\n|switch|p1b: Terapagos|Terapagos, L50, M|100/100\n|-activate|p1b: Terapagos|ability: Tera Shift\n|detailschange|p1b: Terapagos|Terapagos-Terastal, L50, M\n|-heal|p1b: Terapagos|100/100|[silent]\n|turn|6\n|\n|t:|1774196700\n|move|p2b: Iron Hands|Low Kick|p1b: Terapagos\n|-activate|p1b: Terapagos|ability: Tera Shell\n|-resisted|p1b: Terapagos\n|-damage|p1b: Terapagos|92/100\n|move|p1a: Iron Hands|Low Kick|p2a: Farigiraf\n|-crit|p2a: Farigiraf\n|-damage|p2a: Farigiraf|0 fnt\n|faint|p2a: Farigiraf\n|move|p1b: Terapagos|Earth Power|p2b: Iron Hands\n|-supereffective|p2b: Iron Hands\n|-damage|p2b: Iron Hands|0 fnt\n|faint|p2b: Iron Hands\n|-end|p2b: Iron Hands|Quark Drive|[silent]\n|\n|-heal|p1b: Terapagos|98/100|[from] item: Leftovers\n|upkeep\n|\n|t:|1774196705\n|switch|p2b: Scraggy|Scraggy, L50, M|50/100\n|switch|p2a: Calyrex|Calyrex-Ice, L50|100/100\n|-ability|p2a: Calyrex|As One\n|-ability|p2a: Calyrex|Unnerve\n|-ability|p2b: Scraggy|Intimidate|boost\n|-unboost|p1a: Iron Hands|atk|1\n|-unboost|p1b: Terapagos|atk|1\n|turn|7\n|\n|t:|1774196727\n|-terastallize|p2b: Scraggy|Poison\n|move|p1b: Terapagos|Protect|p1b: Terapagos\n|-singleturn|p1b: Terapagos|Protect\n|move|p2b: Scraggy|Endeavor|p1b: Terapagos\n|-activate|p1b: Terapagos|move: Protect\n|move|p1a: Iron Hands|Drain Punch|p2b: Scraggy\n|-resisted|p2b: Scraggy\n|-damage|p2b: Scraggy|35/100\n|-heal|p1a: Iron Hands|60/100|[from] drain|[of] p2b: Scraggy\n|move|p2a: Calyrex|Glacial Lance|p1b: Terapagos|[spread] p1a\n|-activate|p1b: Terapagos|move: Protect\n|-damage|p1a: Iron Hands|21/100\n|\n|-heal|p1b: Terapagos|100/100|[from] item: Leftovers\n|upkeep\n|turn|8\n|inactive|Battle timer is ON: inactive players will automatically lose when time's up. (requested by sheeshshane925)\n|\n|t:|1774196749\n|-terastallize|p1b: Terapagos|Stellar\n|detailschange|p1b: Terapagos|Terapagos-Stellar, L50, M, tera:Stellar\n|-heal|p1b: Terapagos|100/100|[silent]\n|move|p2b: Scraggy|Endeavor|p1b: Terapagos\n|-damage|p1b: Terapagos|17/100\n|move|p2a: Calyrex|Glacial Lance|p1a: Iron Hands|[spread] p1a,p1b\n|-damage|p1a: Iron Hands|0 fnt\n|-damage|p1b: Terapagos|0 fnt\n|faint|p1a: Iron Hands\n|-end|p1a: Iron Hands|Quark Drive|[silent]\n|faint|p1b: Terapagos\n|detailschange|p1: Terapagos|Terapagos, L50, M|[silent]\n|\n|win|sheeshshane925\n|raw|lokithered's rating: 1359 &rarr; <strong>1348</strong><br />(-11 for losing)\n|raw|sheeshshane925's rating: 1534 &rarr; <strong>1545</strong><br />(+11 for winning)\n|l|\u2606sheeshshane925\n|player|p2|\n|l|\u2606lokithered\n|player|p1|\n","uploadtime":1774196992,"views":16,"formatid":"gen9vgc2026regi","rating":1348,"private":0,"password":null}