{"id":"gen9vgc2026regi-2586555880","format":"[Gen 9] VGC 2026 Reg I","players":["StephaneYT","BOMAtheFireEnjoyer"],"log":"|j|\u2606StephaneYT\n|j|\u2606BOMAtheFireEnjoyer\n|t:|1776442774\n|gametype|doubles\n|player|p1|StephaneYT|169|1478\n|player|p2|BOMAtheFireEnjoyer|n|1521\n|gen|9\n|tier|[Gen 9] VGC 2026 Reg I\n|rated|\n|rule|Species Clause: Limit one of each Pok\u00e9mon\n|rule|Item Clause: Limit 1 of each item\n|clearpoke\n|poke|p1|Zacian-*, L50|\n|poke|p1|Urshifu-*, L50, M|\n|poke|p1|Roaring Moon, L50|\n|poke|p1|Amoonguss, L50, F|\n|poke|p1|Chien-Pao, L50|\n|poke|p1|Kyogre, L50|\n|poke|p2|Reshiram, L50|\n|poke|p2|Groudon, L50|\n|poke|p2|Walking Wake, L50|\n|poke|p2|Rillaboom, L50, F|\n|poke|p2|Farigiraf, L50, F|\n|poke|p2|Whimsicott, L50, M|\n|teampreview|4\n|inactive|Battle timer is ON: inactive players will automatically lose when time's up. (requested by StephaneYT)\n|\n|t:|1776442792\n|teamsize|p1|4\n|teamsize|p2|4\n|start\n|switch|p1a: Zacian|Zacian-Crowned, L50|100/100\n|switch|p1b: Roaring Moon|Roaring Moon, L50|100/100\n|switch|p2a: Walking Wake|Walking Wake, L50|100/100\n|switch|p2b: Whimsicott|Whimsicott, L50, M|100/100\n|-ability|p1a: Zacian|Intrepid Sword|boost\n|-boost|p1a: Zacian|atk|1\n|-enditem|p1b: Roaring Moon|Booster Energy\n|-activate|p1b: Roaring Moon|ability: Protosynthesis|[fromitem]\n|-start|p1b: Roaring Moon|protosynthesisatk\n|turn|1\n|\n|t:|1776442804\n|move|p2b: Whimsicott|Sunny Day|p2b: Whimsicott\n|-weather|SunnyDay\n|-activate|p2a: Walking Wake|ability: Protosynthesis\n|-start|p2a: Walking Wake|protosynthesisspe\n|move|p2a: Walking Wake|Flamethrower|p1a: Zacian\n|-supereffective|p1a: Zacian\n|-damage|p1a: Zacian|0 fnt\n|faint|p1a: Zacian\n|-damage|p2a: Walking Wake|91/100|[from] item: Life Orb\n|move|p1b: Roaring Moon|Tailwind|p1b: Roaring Moon\n|-sidestart|p1: StephaneYT|move: Tailwind\n|\n|-weather|SunnyDay|[upkeep]\n|upkeep\n|\n|t:|1776442817\n|switch|p1a: Kyogre|Kyogre, L50|100/100\n|-weather|RainDance|[from] ability: Drizzle|[of] p1a: Kyogre\n|-end|p2a: Walking Wake|Protosynthesis\n|turn|2\n|\n|t:|1776442828\n|move|p1a: Kyogre|Protect|p1a: Kyogre\n|-singleturn|p1a: Kyogre|Protect\n|move|p2b: Whimsicott|Tailwind|p2b: Whimsicott\n|-sidestart|p2: BOMAtheFireEnjoyer|move: Tailwind\n|move|p1b: Roaring Moon|Acrobatics|p2b: Whimsicott\n|-supereffective|p2b: Whimsicott\n|-enditem|p2b: Whimsicott|Focus Sash\n|-damage|p2b: Whimsicott|1/100\n|move|p2a: Walking Wake|Draco Meteor|p1b: Roaring Moon\n|-supereffective|p1b: Roaring Moon\n|-damage|p1b: Roaring Moon|0 fnt\n|-unboost|p2a: Walking Wake|spa|2\n|faint|p1b: Roaring Moon\n|-end|p1b: Roaring Moon|Protosynthesis|[silent]\n|-damage|p2a: Walking Wake|81/100|[from] item: Life Orb\n|\n|-weather|RainDance|[upkeep]\n|upkeep\n|\n|t:|1776442839\n|switch|p1b: Amoonguss|Amoonguss, L50, F|100/100\n|turn|3\n|\n|t:|1776442846\n|-end|p2a: Walking Wake|Protosynthesis|[silent]\n|switch|p2a: Groudon|Groudon, L50|100/100\n|-weather|SunnyDay|[from] ability: Drought|[of] p2a: Groudon\n|move|p2b: Whimsicott|Taunt|p1b: Amoonguss\n|-start|p1b: Amoonguss|move: Taunt\n|move|p1a: Kyogre|Water Spout|p2b: Whimsicott|[spread] p2a,p2b\n|-supereffective|p2a: Groudon\n|-resisted|p2b: Whimsicott\n|-damage|p2a: Groudon|32/100\n|-damage|p2b: Whimsicott|0 fnt\n|faint|p2b: Whimsicott\n|cant|p1b: Amoonguss|move: Taunt|Spore\n|\n|-weather|SunnyDay|[upkeep]\n|upkeep\n|\n|t:|1776442852\n|switch|p2b: Reshiram|Reshiram, L50|100/100\n|-ability|p2b: Reshiram|Turboblaze\n|turn|4\n|\n|t:|1776442869\n|-terastallize|p1b: Amoonguss|Water\n|move|p2a: Groudon|Protect|p2a: Groudon\n|-singleturn|p2a: Groudon|Protect\n|move|p1a: Kyogre|Water Spout|p2a: Groudon|[spread] p2b\n|-activate|p2a: Groudon|move: Protect\n|-damage|p2b: Reshiram|71/100\n|move|p2b: Reshiram|Heat Wave|p1a: Kyogre|[spread] p1b\n|-miss|p2b: Reshiram|p1a: Kyogre\n|-resisted|p1b: Amoonguss\n|-damage|p1b: Amoonguss|59/100\n|move|p1b: Amoonguss|Pollen Puff|p1a: Kyogre\n|\n|-weather|SunnyDay|[upkeep]\n|-sideend|p1: StephaneYT|move: Tailwind\n|upkeep\n|turn|5\n|\n|t:|1776442888\n|move|p1a: Kyogre|Protect|p1a: Kyogre\n|-singleturn|p1a: Kyogre|Protect\n|move|p2b: Reshiram|Heat Wave|p1a: Kyogre|[spread] p1b\n|-activate|p1a: Kyogre|move: Protect\n|-resisted|p1b: Amoonguss\n|-damage|p1b: Amoonguss|20/100\n|move|p2a: Groudon|Precipice Blades|p1b: Amoonguss|[spread] p1b\n|-activate|p1a: Kyogre|move: Protect\n|-damage|p1b: Amoonguss|0 fnt\n|faint|p1b: Amoonguss\n|\n|-weather|SunnyDay|[upkeep]\n|-sideend|p2: BOMAtheFireEnjoyer|move: Tailwind\n|upkeep\n|turn|6\n|\n|t:|1776442900\n|switch|p2a: Walking Wake|Walking Wake, L50|81/100\n|-activate|p2a: Walking Wake|ability: Protosynthesis\n|-start|p2a: Walking Wake|protosynthesisspe\n|move|p1a: Kyogre|Water Spout|p2b: Reshiram|[spread] p2a,p2b\n|-resisted|p2a: Walking Wake\n|-damage|p2a: Walking Wake|72/100\n|-damage|p2b: Reshiram|40/100\n|move|p2b: Reshiram|Heat Wave|p1a: Kyogre\n|-resisted|p1a: Kyogre\n|-damage|p1a: Kyogre|48/100\n|\n|-weather|SunnyDay|[upkeep]\n|upkeep\n|turn|7\n|\n|t:|1776442910\n|move|p2a: Walking Wake|Draco Meteor|p1a: Kyogre\n|-damage|p1a: Kyogre|0 fnt\n|-unboost|p2a: Walking Wake|spa|2\n|faint|p1a: Kyogre\n|-damage|p2a: Walking Wake|62/100|[from] item: Life Orb\n|\n|win|BOMAtheFireEnjoyer\n|raw|StephaneYT's rating: 1478 &rarr; <strong>1460</strong><br />(-18 for losing)\n|raw|BOMAtheFireEnjoyer's rating: 1521 &rarr; <strong>1539</strong><br />(+18 for winning)\n|l|\u2606StephaneYT\n|player|p1|\n|c|\u2606BOMAtheFireEnjoyer|Gg\n|l|\u2606BOMAtheFireEnjoyer\n|player|p2|\n","uploadtime":1776443138,"views":12,"formatid":"gen9vgc2026regi","rating":1460,"private":0,"password":null}