{"id":"gen9vgc2026regi-2559443603","format":"[Gen 9] VGC 2026 Reg I","players":["EllenJoe2026","Kaizer_Ifrit"],"log":"|j|\u2606EllenJoe2026\n|j|\u2606Kaizer_Ifrit\n|t:|1773568330\n|gametype|doubles\n|player|p1|EllenJoe2026|102|1523\n|player|p2|Kaizer_Ifrit|caitlin|1467\n|gen|9\n|tier|[Gen 9] VGC 2026 Reg I\n|rated|\n|rule|Species Clause: Limit one of each Pok\u00e9mon\n|rule|Item Clause: Limit 1 of each item\n|clearpoke\n|poke|p1|Calyrex-Shadow, L50|\n|poke|p1|Zamazenta-*, L50|\n|poke|p1|Chien-Pao, L50|\n|poke|p1|Dragonite, L50, F|\n|poke|p1|Tornadus, L50, M|\n|poke|p1|Urshifu-*, L50, F|\n|poke|p2|Lunala, L50|\n|poke|p2|Ursaluna, L50, F|\n|poke|p2|Urshifu-*, L50, F|\n|poke|p2|Miraidon, L50|\n|poke|p2|Grimmsnarl, L50, M|\n|poke|p2|Incineroar, L50, F|\n|teampreview|4\n|inactive|Battle timer is ON: inactive players will automatically lose when time's up. (requested by EllenJoe2026)\n|inactive|Kaizer_Ifrit also wants the timer to be on.\n|inactive|EllenJoe2026 has 60 seconds left.\n|\n|t:|1773568377\n|teamsize|p1|4\n|teamsize|p2|4\n|start\n|switch|p1a: Dragonite|Dragonite, L50, F|100/100\n|switch|p1b: Chien-Pao|Chien-Pao, L50, shiny|100/100\n|switch|p2a: Incineroar|Incineroar, L50, F|100/100\n|switch|p2b: Lunala|Lunala, L50|100/100\n|-ability|p1b: Chien-Pao|Sword of Ruin\n|-ability|p2a: Incineroar|Intimidate|boost\n|-fail|p1a: Dragonite|unboost|Attack|[from] ability: Inner Focus|[of] p1a: Dragonite\n|-unboost|p1b: Chien-Pao|atk|1\n|turn|1\n|inactive|EllenJoe2026 has 30 seconds left.\n|\n|t:|1773568406\n|-terastallize|p2b: Lunala|Fairy\n|move|p1b: Chien-Pao|Protect|p1b: Chien-Pao\n|-singleturn|p1b: Chien-Pao|Protect\n|move|p1a: Dragonite|Outrage|p2b: Lunala\n|-immune|p2b: Lunala\n|move|p2a: Incineroar|Parting Shot|p1a: Dragonite\n|-unboost|p1a: Dragonite|atk|1\n|-unboost|p1a: Dragonite|spa|1\n|\n|t:|1773568413\n|switch|p2a: Ursaluna|Ursaluna, L50, F|100/100|[from] Parting Shot\n|move|p2b: Lunala|Trick Room|p2b: Lunala\n|-fieldstart|move: Trick Room|[of] p2b: Lunala\n|\n|-status|p2a: Ursaluna|brn|[from] item: Flame Orb\n|upkeep\n|turn|2\n|\n|t:|1773568437\n|switch|p1a: Calyrex|Calyrex-Shadow, L50|100/100\n|-ability|p1a: Calyrex|As One\n|-ability|p1a: Calyrex|Unnerve\n|switch|p1b: Zamazenta|Zamazenta-Crowned, L50, shiny|100/100\n|-ability|p1b: Zamazenta|Dauntless Shield|boost\n|-boost|p1b: Zamazenta|def|1\n|move|p2a: Ursaluna|Facade|p1b: Zamazenta\n|-resisted|p1b: Zamazenta\n|-damage|p1b: Zamazenta|77/100\n|move|p2b: Lunala|Moonblast|p1b: Zamazenta\n|-damage|p1b: Zamazenta|37/100\n|\n|-damage|p2a: Ursaluna|95/100 brn|[from] brn\n|upkeep\n|turn|3\n|inactive|EllenJoe2026 has 30 seconds left.\n|\n|t:|1773568464\n|move|p1a: Calyrex|Protect|p1a: Calyrex\n|-singleturn|p1a: Calyrex|Protect\n|move|p2a: Ursaluna|Headlong Rush|p1a: Calyrex\n|-activate|p1a: Calyrex|move: Protect\n|move|p2b: Lunala|Moongeist Beam|p1b: Zamazenta\n|-damage|p1b: Zamazenta|0 fnt\n|faint|p1b: Zamazenta\n|\n|-damage|p2a: Ursaluna|89/100 brn|[from] brn\n|upkeep\n|\n|t:|1773568488\n|switch|p1b: Dragonite|Dragonite, L50, F|100/100\n|turn|4\n|inactive|Kaizer_Ifrit has 30 seconds left.\n|\n|t:|1773568516\n|switch|p1a: Chien-Pao|Chien-Pao, L50, shiny|100/100\n|-ability|p1a: Chien-Pao|Sword of Ruin\n|-terastallize|p1b: Dragonite|Normal\n|move|p1b: Dragonite|Extreme Speed|p2a: Ursaluna\n|-damage|p2a: Ursaluna|21/100 brn\n|move|p2a: Ursaluna|Facade|p1b: Dragonite\n|-crit|p1b: Dragonite\n|-damage|p1b: Dragonite|0 fnt\n|faint|p1b: Dragonite\n|move|p2b: Lunala|Moongeist Beam|p1a: Chien-Pao\n|-resisted|p1a: Chien-Pao\n|-damage|p1a: Chien-Pao|52/100\n|\n|-damage|p2a: Ursaluna|15/100 brn|[from] brn\n|upkeep\n|\n|t:|1773568533\n|switch|p1b: Calyrex|Calyrex-Shadow, L50|100/100\n|-ability|p1b: Calyrex|As One\n|-ability|p1b: Calyrex|Unnerve\n|turn|5\n|\n|t:|1773568541\n|switch|p2a: Incineroar|Incineroar, L50, F|100/100\n|-ability|p2a: Incineroar|Intimidate|boost\n|-unboost|p1a: Chien-Pao|atk|1\n|-unboost|p1b: Calyrex|atk|1\n|move|p1a: Chien-Pao|Protect|p1a: Chien-Pao\n|-singleturn|p1a: Chien-Pao|Protect\n|move|p1b: Calyrex|Protect|p1b: Calyrex\n|-singleturn|p1b: Calyrex|Protect\n|move|p2b: Lunala|Moonblast|p1a: Chien-Pao\n|-activate|p1a: Chien-Pao|move: Protect\n|\n|-fieldend|move: Trick Room\n|upkeep\n|turn|6\n|-message|EllenJoe2026 forfeited.\n|\n|win|Kaizer_Ifrit\n|raw|EllenJoe2026's rating: 1523 &rarr; <strong>1500</strong><br />(-23 for losing)\n|raw|Kaizer_Ifrit's rating: 1467 &rarr; <strong>1490</strong><br />(+23 for winning)\n|l|\u2606EllenJoe2026\n|player|p1|\n|l|\u2606Kaizer_Ifrit\n|player|p2|\n","uploadtime":1773568749,"views":18,"formatid":"gen9vgc2026regi","rating":1490,"private":0,"password":null}