{"id":"gen9vgc2026regi-2533818383","format":"[Gen 9] VGC 2026 Reg I","players":["Like a Fish","ky123456"],"log":"|j|\u2606Like a Fish\n|j|\u2606ky123456\n|t:|1770344804\n|gametype|doubles\n|player|p1|Like a Fish|n|1495\n|player|p2|ky123456|cynthia-gen4|1590\n|gen|9\n|tier|[Gen 9] VGC 2026 Reg I\n|rated|\n|rule|Species Clause: Limit one of each Pok\u00e9mon\n|rule|Item Clause: Limit 1 of each item\n|clearpoke\n|poke|p1|Miraidon, L50|\n|poke|p1|Calyrex-Ice, L50|\n|poke|p1|Urshifu-*, L50, M|\n|poke|p1|Landorus, L50, M|\n|poke|p1|Incineroar, L50, F|\n|poke|p1|Amoonguss, L50, F|\n|poke|p2|Koraidon, L50|\n|poke|p2|Calyrex-Ice, L50|\n|poke|p2|Incineroar, L50, F|\n|poke|p2|Smeargle, L50, M|\n|poke|p2|Rillaboom, L50, M|\n|poke|p2|Landorus, L50, M|\n|teampreview|4\n|inactive|Battle timer is ON: inactive players will automatically lose when time's up. (requested by Like a Fish)\n|\n|t:|1770344830\n|teamsize|p1|4\n|teamsize|p2|4\n|start\n|switch|p1a: Miraidon|Miraidon, L50|100/100\n|switch|p1b: Incineroar|Incineroar, L50, F|100/100\n|switch|p2a: Calyrex|Calyrex-Ice, L50|100/100\n|switch|p2b: Rillaboom|Rillaboom, L50, M|100/100\n|-ability|p2a: Calyrex|As One\n|-ability|p2a: Calyrex|Unnerve\n|-fieldstart|move: Electric Terrain|[from] ability: Hadron Engine|[of] p1a: Miraidon\n|-fieldstart|move: Grassy Terrain|[from] ability: Grassy Surge|[of] p2b: Rillaboom\n|-ability|p1b: Incineroar|Intimidate|boost\n|-unboost|p2a: Calyrex|atk|1\n|-unboost|p2b: Rillaboom|atk|1\n|turn|1\n|inactive|Like a Fish has 30 seconds left.\n|\n|t:|1770344856\n|switch|p1a: Calyrex|Calyrex-Ice, L50|100/100\n|-ability|p1a: Calyrex|As One\n|-ability|p1a: Calyrex|Unnerve\n|move|p2b: Rillaboom|Fake Out|p1b: Incineroar\n|-damage|p1b: Incineroar|92/100\n|cant|p1b: Incineroar|flinch\n|move|p2a: Calyrex|Leech Seed|p1a: Calyrex\n|-start|p1a: Calyrex|move: Leech Seed\n|\n|-heal|p1b: Incineroar|98/100|[from] Grassy Terrain\n|-damage|p1a: Calyrex|88/100|[from] Leech Seed|[of] p2a: Calyrex\n|upkeep\n|turn|2\n|inactive|Like a Fish has 30 seconds left.\n|inactive|Like a Fish has 20 seconds left.\n|inactive|Like a Fish has 15 seconds left.\n|\n|t:|1770344897\n|move|p2a: Calyrex|Protect|p2a: Calyrex\n|-singleturn|p2a: Calyrex|Protect\n|move|p2b: Rillaboom|U-turn|p1a: Calyrex\n|-supereffective|p1a: Calyrex\n|-damage|p1a: Calyrex|70/100\n|\n|t:|1770344902\n|switch|p2b: Incineroar|Incineroar, L50, F|100/100|[from] U-turn\n|-ability|p2b: Incineroar|Intimidate|boost\n|-fail|p1a: Calyrex|unboost|[from] item: Clear Amulet|[of] p1a: Calyrex\n|-unboost|p1b: Incineroar|atk|1\n|move|p1b: Incineroar|U-turn|p2b: Incineroar\n|-damage|p2b: Incineroar|91/100\n|\n|t:|1770344917\n|switch|p1b: Miraidon|Miraidon, L50|100/100|[from] U-turn\n|-fieldstart|move: Electric Terrain|[from] ability: Hadron Engine|[of] p1b: Miraidon\n|move|p1a: Calyrex|High Horsepower|p2b: Incineroar|[miss]\n|-miss|p1a: Calyrex|p2b: Incineroar\n|\n|-damage|p1a: Calyrex|58/100|[from] Leech Seed|[of] p2a: Calyrex\n|upkeep\n|turn|3\n|inactive|Like a Fish has 30 seconds left.\n|inactive|ky123456 has 30 seconds left.\n|\n|t:|1770344948\n|switch|p1a: Incineroar|Incineroar, L50, F|98/100\n|-ability|p1a: Incineroar|Intimidate|boost\n|-unboost|p2a: Calyrex|atk|1\n|-unboost|p2b: Incineroar|atk|1\n|move|p1b: Miraidon|Volt Switch|p2a: Calyrex\n|-damage|p2a: Calyrex|58/100\n|\n|t:|1770344956\n|switch|p1b: Calyrex|Calyrex-Ice, L50|58/100|[from] Volt Switch\n|-ability|p1b: Calyrex|As One\n|-ability|p1b: Calyrex|Unnerve\n|move|p2b: Incineroar|Flare Blitz|p1a: Incineroar\n|-resisted|p1a: Incineroar\n|-damage|p1a: Incineroar|83/100\n|-damage|p2b: Incineroar|86/100|[from] Recoil\n|move|p2a: Calyrex|Glacial Lance|p1b: Calyrex|[spread] p1a,p1b\n|-resisted|p1a: Incineroar\n|-resisted|p1b: Calyrex\n|-damage|p1a: Incineroar|71/100\n|-damage|p1b: Calyrex|50/100\n|\n|-heal|p2a: Calyrex|64/100|[from] item: Leftovers\n|upkeep\n|turn|4\n|inactive|Like a Fish has 30 seconds left.\n|\n|t:|1770344986\n|move|p1a: Incineroar|Fake Out|p2b: Incineroar\n|-damage|p2b: Incineroar|77/100\n|cant|p2b: Incineroar|flinch\n|move|p1b: Calyrex|Glacial Lance|p2a: Calyrex|[spread] p2a,p2b\n|-resisted|p2a: Calyrex\n|-resisted|p2b: Incineroar\n|-damage|p2a: Calyrex|46/100\n|-damage|p2b: Incineroar|53/100\n|move|p2a: Calyrex|Leech Seed|p1b: Calyrex\n|-start|p1b: Calyrex|move: Leech Seed\n|\n|-heal|p2a: Calyrex|52/100|[from] item: Leftovers\n|-damage|p1b: Calyrex|38/100|[from] Leech Seed|[of] p2a: Calyrex\n|-heal|p2a: Calyrex|64/100|[silent]\n|upkeep\n|turn|5\n|inactive|Like a Fish has 30 seconds left.\n|inactive|ky123456 has 30 seconds left.\n|\n|t:|1770345016\n|move|p2a: Calyrex|Protect|p2a: Calyrex\n|-singleturn|p2a: Calyrex|Protect\n|move|p1a: Incineroar|Flare Blitz|p2b: Incineroar\n|-resisted|p2b: Incineroar\n|-damage|p2b: Incineroar|32/100\n|-damage|p1a: Incineroar|64/100|[from] Recoil\n|move|p2b: Incineroar|Parting Shot|p1a: Incineroar\n|-unboost|p1a: Incineroar|atk|1\n|-unboost|p1a: Incineroar|spa|1\n|\n|t:|1770345026\n|switch|p2b: Koraidon|Koraidon, L50|100/100|[from] Parting Shot\n|-weather|SunnyDay|[from] ability: Orichalcum Pulse|[of] p2b: Koraidon\n|-activate|p2b: Koraidon|Orichalcum Pulse|[source]\n|move|p1b: Calyrex|High Horsepower|p2b: Koraidon\n|-damage|p2b: Koraidon|71/100\n|\n|-weather|SunnyDay|[upkeep]\n|-heal|p2a: Calyrex|70/100|[from] item: Leftovers\n|-damage|p1b: Calyrex|26/100|[from] Leech Seed|[of] p2a: Calyrex\n|-heal|p2a: Calyrex|82/100|[silent]\n|upkeep\n|turn|6\n|inactive|Like a Fish has 30 seconds left.\n|inactive|ky123456 has 30 seconds left.\n|inactive|Like a Fish has 20 seconds left.\n|inactive|ky123456 has 20 seconds left.\n|inactive|Like a Fish has 15 seconds left.\n|inactive|ky123456 has 15 seconds left.\n|\n|t:|1770345069\n|switch|p1b: Miraidon|Miraidon, L50|100/100\n|-activate|p1b: Miraidon|ability: Hadron Engine\n|switch|p2a: Incineroar|Incineroar, L50, F|32/100\n|-ability|p2a: Incineroar|Intimidate|boost\n|-unboost|p1a: Incineroar|atk|1\n|-unboost|p1b: Miraidon|atk|1\n|-terastallize|p2b: Koraidon|Fire\n|move|p2b: Koraidon|Low Kick|p1b: Miraidon\n|-damage|p1b: Miraidon|27/100\n|move|p1a: Incineroar|U-turn|p2a: Incineroar\n|-damage|p2a: Incineroar|24/100\n|\n|t:|1770345087\n|switch|p1a: Landorus|Landorus, L50, M|100/100|[from] U-turn\n|\n|-weather|SunnyDay|[upkeep]\n|-fieldend|move: Electric Terrain\n|upkeep\n|turn|7\n|\n|t:|1770345102\n|switch|p1b: Incineroar|Incineroar, L50, F|64/100\n|-ability|p1b: Incineroar|Intimidate|boost\n|-unboost|p2a: Incineroar|atk|1\n|-fail|p2b: Koraidon|unboost|[from] item: Clear Amulet|[of] p2b: Koraidon\n|-terastallize|p1a: Landorus|Water\n|move|p2a: Incineroar|Fake Out|p1a: Landorus\n|-damage|p1a: Landorus|93/100\n|move|p2b: Koraidon|Low Kick|p1b: Incineroar\n|-supereffective|p1b: Incineroar\n|-crit|p1b: Incineroar\n|-damage|p1b: Incineroar|0 fnt\n|faint|p1b: Incineroar\n|cant|p1a: Landorus|flinch\n|\n|-weather|SunnyDay|[upkeep]\n|upkeep\n|\n|t:|1770345115\n|switch|p1b: Miraidon|Miraidon, L50|27/100\n|-fieldstart|move: Electric Terrain|[from] ability: Hadron Engine|[of] p1b: Miraidon\n|turn|8\n|\n|t:|1770345135\n|switch|p2a: Rillaboom|Rillaboom, L50, M|100/100\n|-fieldstart|move: Grassy Terrain|[from] ability: Grassy Surge|[of] p2a: Rillaboom\n|move|p2b: Koraidon|Protect|p2b: Koraidon\n|-singleturn|p2b: Koraidon|Protect\n|move|p1b: Miraidon|Electro Drift|p2b: Koraidon\n|-activate|p2b: Koraidon|move: Protect\n|move|p1a: Landorus|Sludge Bomb|p2b: Koraidon\n|-activate|p2b: Koraidon|move: Protect\n|\n|-weather|SunnyDay|[upkeep]\n|-heal|p1b: Miraidon|33/100|[from] Grassy Terrain\n|-heal|p2b: Koraidon|77/100|[from] Grassy Terrain\n|-heal|p1a: Landorus|99/100|[from] Grassy Terrain\n|upkeep\n|turn|9\n|\n|t:|1770345159\n|move|p1b: Miraidon|Electro Drift|p2b: Koraidon\n|-damage|p2b: Koraidon|26/100\n|move|p2b: Koraidon|Low Kick|p1b: Miraidon\n|-crit|p1b: Miraidon\n|-damage|p1b: Miraidon|0 fnt\n|faint|p1b: Miraidon\n|move|p2a: Rillaboom|Wood Hammer|p1a: Landorus\n|-supereffective|p1a: Landorus\n|-damage|p1a: Landorus|0 fnt\n|faint|p1a: Landorus\n|-damage|p2a: Rillaboom|67/100|[from] Recoil\n|\n|-weather|none\n|-heal|p2b: Koraidon|32/100|[from] Grassy Terrain\n|-heal|p2a: Rillaboom|74/100|[from] Grassy Terrain\n|upkeep\n|-message|Like a Fish forfeited.\n|\n|win|ky123456\n|raw|Like a Fish's rating: 1495 &rarr; <strong>1480</strong><br />(-15 for losing)\n|raw|ky123456's rating: 1590 &rarr; <strong>1605</strong><br />(+15 for winning)\n|l|\u2606Like a Fish\n|player|p1|\n|l|\u2606ky123456\n|player|p2|\n","uploadtime":1770345391,"views":21,"formatid":"gen9vgc2026regi","rating":1480,"private":0,"password":null}