{"id":"gen9vgc2026regi-2531865535","format":"[Gen 9] VGC 2026 Reg I","players":["ancient95","yamato-tak"],"log":"|j|\u2606ancient95\n|j|\u2606yamato-tak\n|t:|1770112613\n|gametype|doubles\n|player|p1|ancient95|ingo|1384\n|player|p2|yamato-tak|170|1450\n|gen|9\n|tier|[Gen 9] VGC 2026 Reg I\n|rated|\n|rule|Species Clause: Limit one of each Pok\u00e9mon\n|rule|Item Clause: Limit 1 of each item\n|clearpoke\n|poke|p1|Calyrex-Ice, L50|\n|poke|p1|Kyogre, L50|\n|poke|p1|Tornadus, L50, M|\n|poke|p1|Landorus, L50, M|\n|poke|p1|Incineroar, L50, M|\n|poke|p1|Indeedee-F, L50, F|\n|poke|p2|Miraidon, L50|\n|poke|p2|Calyrex-Ice, L50|\n|poke|p2|Volcarona, L50, F|\n|poke|p2|Araquanid, L50, M|\n|poke|p2|Grimmsnarl, L50, M|\n|poke|p2|Entei, L50|\n|teampreview|4\n|inactive|Battle timer is ON: inactive players will automatically lose when time's up. (requested by yamato-tak)\n|inactive|ancient95 also wants the timer to be on.\n|\n|t:|1770112627\n|teamsize|p1|4\n|teamsize|p2|4\n|start\n|switch|p1a: Kyogre|Kyogre, L50|100/100\n|switch|p1b: Tornadus|Tornadus, L50, M|100/100\n|switch|p2a: Grimmsnarl|Grimmsnarl, L50, M, shiny|100/100\n|switch|p2b: Miraidon|Miraidon, L50, shiny|100/100\n|-weather|RainDance|[from] ability: Drizzle|[of] p1a: Kyogre\n|-fieldstart|move: Electric Terrain|[from] ability: Hadron Engine|[of] p2b: Miraidon\n|turn|1\n|inactive|ancient95 has 30 seconds left.\n|inactive|ancient95 has 20 seconds left.\n|inactive|ancient95 has 15 seconds left.\n|\n|t:|1770112669\n|switch|p1a: Indeedee|Indeedee-F, L50, F|100/100\n|-fieldstart|move: Psychic Terrain|[from] ability: Psychic Surge|[of] p1a: Indeedee\n|move|p2a: Grimmsnarl|Light Screen|p2a: Grimmsnarl\n|-sidestart|p2: yamato-tak|move: Light Screen\n|move|p2b: Miraidon|Calm Mind|p2b: Miraidon\n|-boost|p2b: Miraidon|spa|1\n|-boost|p2b: Miraidon|spd|1\n|move|p1b: Tornadus|Bleakwind Storm|p2b: Miraidon|[spread] p2a,p2b\n|-resisted|p2b: Miraidon\n|-damage|p2a: Grimmsnarl|78/100\n|-damage|p2b: Miraidon|94/100\n|\n|-weather|RainDance|[upkeep]\n|upkeep\n|turn|2\n|\n|t:|1770112686\n|switch|p1b: Calyrex|Calyrex-Ice, L50|100/100\n|-ability|p1b: Calyrex|As One\n|-ability|p1b: Calyrex|Unnerve\n|move|p2a: Grimmsnarl|Reflect|p2a: Grimmsnarl\n|-sidestart|p2: yamato-tak|Reflect\n|move|p2b: Miraidon|Calm Mind|p2b: Miraidon\n|-boost|p2b: Miraidon|spa|1\n|-boost|p2b: Miraidon|spd|1\n|move|p1a: Indeedee|Trick Room|p1a: Indeedee\n|-fieldstart|move: Trick Room|[of] p1a: Indeedee\n|\n|-weather|RainDance|[upkeep]\n|upkeep\n|turn|3\n|\n|t:|1770112705\n|-terastallize|p1b: Calyrex|Grass\n|-terastallize|p2b: Miraidon|Electric\n|move|p1a: Indeedee|Helping Hand|p1b: Calyrex\n|-singleturn|p1b: Calyrex|Helping Hand|[of] p1a: Indeedee\n|move|p2a: Grimmsnarl|Parting Shot|p1a: Indeedee\n|-activate|p1a: Indeedee|move: Psychic Terrain\n|move|p1b: Calyrex|Glacial Lance|p2b: Miraidon|[spread] p2a,p2b\n|-damage|p2a: Grimmsnarl|18/100\n|-damage|p2b: Miraidon|47/100\n|move|p2b: Miraidon|Parabolic Charge|p1b: Calyrex|[spread] p2a,p1a,p1b\n|-resisted|p1b: Calyrex\n|-damage|p2a: Grimmsnarl|0 fnt\n|-heal|p2b: Miraidon|55/100|[from] drain|[of] p2a: Grimmsnarl\n|-damage|p1a: Indeedee|42/100\n|-heal|p2b: Miraidon|81/100|[from] drain|[of] p1a: Indeedee\n|-damage|p1b: Calyrex|83/100\n|-heal|p2b: Miraidon|90/100|[from] drain|[of] p1b: Calyrex\n|faint|p2a: Grimmsnarl\n|\n|-weather|RainDance|[upkeep]\n|upkeep\n|\n|t:|1770112710\n|switch|p2a: Calyrex|Calyrex-Ice, L50|100/100\n|-ability|p2a: Calyrex|As One\n|-ability|p2a: Calyrex|Unnerve\n|turn|4\n|inactive|ancient95 has 30 seconds left.\n|\n|t:|1770112738\n|move|p1b: Calyrex|Protect|p1b: Calyrex\n|-singleturn|p1b: Calyrex|Protect\n|move|p2a: Calyrex|Glacial Lance|p1a: Indeedee|[spread] p1a\n|-activate|p1b: Calyrex|move: Protect\n|-damage|p1a: Indeedee|0 fnt\n|faint|p1a: Indeedee\n|-ability|p2a: Calyrex|Chilling Neigh|boost\n|-boost|p2a: Calyrex|atk|1\n|move|p2b: Miraidon|Calm Mind|p2b: Miraidon\n|-boost|p2b: Miraidon|spa|1\n|-boost|p2b: Miraidon|spd|1\n|\n|-weather|RainDance|[upkeep]\n|upkeep\n|\n|t:|1770112743\n|switch|p1a: Kyogre|Kyogre, L50|100/100\n|turn|5\n|-message|ancient95 forfeited.\n|\n|win|yamato-tak\n|raw|ancient95's rating: 1384 &rarr; <strong>1368</strong><br />(-16 for losing)\n|raw|yamato-tak's rating: 1450 &rarr; <strong>1466</strong><br />(+16 for winning)\n|l|\u2606ancient95\n|player|p1|\n|l|\u2606yamato-tak\n|player|p2|\n","uploadtime":1770112912,"views":12,"formatid":"gen9vgc2026regi","rating":1368,"private":0,"password":null}