{"id":"gen9vgc2026regi-2523898346","format":"[Gen 9] VGC 2026 Reg I","players":["RickyZainer","Fogdocker"],"log":"|j|\u2606RickyZainer\n|j|\u2606Fogdocker\n|t:|1769088134\n|gametype|doubles\n|player|p1|RickyZainer|265|1290\n|player|p2|Fogdocker|2|1392\n|gen|9\n|tier|[Gen 9] VGC 2026 Reg I\n|rated|\n|rule|Species Clause: Limit one of each Pok\u00e9mon\n|rule|Item Clause: Limit 1 of each item\n|clearpoke\n|poke|p1|Incineroar, L50, M|\n|poke|p1|Landorus, L50, M|\n|poke|p1|Calyrex-Shadow, L50|\n|poke|p1|Koraidon, L50|\n|poke|p1|Brute Bonnet, L50|\n|poke|p1|Raging Bolt, L50|\n|poke|p2|Calyrex-Ice, L50|\n|poke|p2|Kyogre, L50|\n|poke|p2|Urshifu-*, L50, F|\n|poke|p2|Rillaboom, L50, F|\n|poke|p2|Landorus, L50, M|\n|poke|p2|Tornadus, L50, M|\n|teampreview|4\n|\n|t:|1769088220\n|teamsize|p1|4\n|teamsize|p2|4\n|start\n|switch|p1a: Matthias|Koraidon, L50|100/100\n|switch|p1b: Kareem|Incineroar, L50, M|100/100\n|switch|p2a: Tornadus|Tornadus, L50, M|100/100\n|switch|p2b: Landorus|Landorus, L50, M|100/100\n|-weather|SunnyDay|[from] ability: Orichalcum Pulse|[of] p1a: Matthias\n|-activate|p1a: Matthias|Orichalcum Pulse|[source]\n|-ability|p1b: Kareem|Intimidate|boost\n|-unboost|p2a: Tornadus|atk|1\n|-unboost|p2b: Landorus|atk|1\n|turn|1\n|\n|t:|1769088242\n|move|p1b: Kareem|Fake Out|p2b: Landorus\n|-damage|p2b: Landorus|88/100\n|move|p2a: Tornadus|Rain Dance|p2a: Tornadus\n|-weather|RainDance\n|move|p1a: Matthias|Flame Charge|p2a: Tornadus\n|-damage|p2a: Tornadus|90/100\n|-boost|p1a: Matthias|spe|1\n|cant|p2b: Landorus|flinch\n|\n|-weather|RainDance|[upkeep]\n|upkeep\n|turn|2\n|\n|t:|1769088257\n|switch|p1a: Aaron|Raging Bolt, L50|100/100\n|move|p2b: Landorus|Sandsear Storm|p1b: Kareem|[spread] p1a,p1b\n|-supereffective|p1a: Aaron\n|-supereffective|p1b: Kareem\n|-damage|p1a: Aaron|31/100\n|-damage|p1b: Kareem|0 fnt\n|faint|p1b: Kareem\n|move|p2a: Tornadus|Bleakwind Storm|p1a: Aaron\n|-resisted|p1a: Aaron\n|-damage|p1a: Aaron|18/100\n|\n|-weather|RainDance|[upkeep]\n|upkeep\n|\n|t:|1769088261\n|switch|p1b: Mao & Agati|Calyrex-Shadow, L50|100/100\n|-ability|p1b: Mao & Agati|As One\n|-ability|p1b: Mao & Agati|Unnerve\n|turn|3\n|\n|t:|1769088269\n|move|p2a: Tornadus|Tailwind|p2a: Tornadus\n|-sidestart|p2: Fogdocker|move: Tailwind\n|move|p1a: Aaron|Thunderclap||[still]\n|-fail|p1a: Aaron\n|move|p2b: Landorus|Sandsear Storm|p1b: Mao & Agati|[spread] p1a,p1b\n|-supereffective|p1a: Aaron\n|-damage|p1a: Aaron|0 fnt\n|-damage|p1b: Mao & Agati|33/100\n|faint|p1a: Aaron\n|-end|p1a: Aaron|Protosynthesis|[silent]\n|move|p1b: Mao & Agati|Astral Barrage|p2b: Landorus|[spread] p2a,p2b\n|-damage|p2a: Tornadus|35/100\n|-damage|p2b: Landorus|15/100\n|\n|-weather|RainDance|[upkeep]\n|upkeep\n|\n|t:|1769088276\n|switch|p1a: Matthias|Koraidon, L50|100/100\n|-weather|SunnyDay|[from] ability: Orichalcum Pulse|[of] p1a: Matthias\n|-activate|p1a: Matthias|Orichalcum Pulse|[source]\n|turn|4\n|\n|t:|1769088284\n|move|p1b: Mao & Agati|Protect|p1b: Mao & Agati\n|-singleturn|p1b: Mao & Agati|Protect\n|move|p2a: Tornadus|Rain Dance|p2a: Tornadus\n|-weather|RainDance\n|move|p2b: Landorus|Sandsear Storm|p1b: Mao & Agati|[spread] p1a\n|-activate|p1b: Mao & Agati|move: Protect\n|-damage|p1a: Matthias|49/100\n|move|p1a: Matthias|Flame Charge|p2a: Tornadus\n|-damage|p2a: Tornadus|26/100\n|-boost|p1a: Matthias|spe|1\n|\n|-weather|RainDance|[upkeep]\n|upkeep\n|turn|5\n|\n|t:|1769088296\n|move|p1b: Mao & Agati|Protect|p1b: Mao & Agati\n|-singleturn|p1b: Mao & Agati|Protect\n|move|p2b: Landorus|Sandsear Storm|p1a: Matthias|[spread] p1a\n|-activate|p1b: Mao & Agati|move: Protect\n|-damage|p1a: Matthias|0 fnt\n|faint|p1a: Matthias\n|move|p2a: Tornadus|Bleakwind Storm|p1b: Mao & Agati\n|-activate|p1b: Mao & Agati|move: Protect\n|\n|-weather|RainDance|[upkeep]\n|upkeep\n|turn|6\n|-message|RickyZainer forfeited.\n|\n|win|Fogdocker\n|raw|RickyZainer's rating: 1290 &rarr; <strong>1272</strong><br />(-18 for losing)\n|raw|Fogdocker's rating: 1392 &rarr; <strong>1406</strong><br />(+14 for winning)\n|l|\u2606RickyZainer\n|player|p1|\n","uploadtime":1769088303,"views":13,"formatid":"gen9vgc2026regi","rating":1272,"private":0,"password":null}