{"id":"gen9vgc2026regi-2523169046","format":"[Gen 9] VGC 2026 Reg I","players":["LinkXSwords","blackred123"],"log":"|j|\u2606LinkXSwords\n|j|\u2606blackred123\n|t:|1768998386\n|gametype|doubles\n|player|p1|LinkXSwords|cynthia-gen4|1251\n|player|p2|blackred123|iono-masters|1284\n|gen|9\n|tier|[Gen 9] VGC 2026 Reg I\n|rated|\n|rule|Species Clause: Limit one of each Pok\u00e9mon\n|rule|Item Clause: Limit 1 of each item\n|clearpoke\n|poke|p1|Calyrex-Ice, L50|\n|poke|p1|Miraidon, L50|\n|poke|p1|Iron Hands, L50|\n|poke|p1|Farigiraf, L50, M|\n|poke|p1|Ogerpon-Hearthflame, L50, F|\n|poke|p1|Urshifu-*, L50, F|\n|poke|p2|Lunala, L50|\n|poke|p2|Koraidon, L50|\n|poke|p2|Chi-Yu, L50|\n|poke|p2|Flutter Mane, L50|\n|poke|p2|Brute Bonnet, L50|\n|poke|p2|Ursaluna, L50, F|\n|teampreview|4\n|inactive|Battle timer is ON: inactive players will automatically lose when time's up. (requested by blackred123)\n|\n|t:|1768998413\n|teamsize|p1|4\n|teamsize|p2|4\n|start\n|switch|p1a: Belmonda|Miraidon, L50|100/100\n|switch|p1b: Rafa|Farigiraf, L50, M, shiny|100/100\n|switch|p2a: Koraidon|Koraidon, L50|100/100\n|switch|p2b: Flutter Mane|Flutter Mane, L50|100/100\n|-weather|SunnyDay|[from] ability: Orichalcum Pulse|[of] p2a: Koraidon\n|-activate|p2b: Flutter Mane|ability: Protosynthesis\n|-start|p2b: Flutter Mane|protosynthesisspe\n|-activate|p2a: Koraidon|Orichalcum Pulse|[source]\n|-fieldstart|move: Electric Terrain|[from] ability: Hadron Engine|[of] p1a: Belmonda\n|turn|1\n|\n|t:|1768998432\n|-terastallize|p2a: Koraidon|Fire\n|-terastallize|p1a: Belmonda|Fairy\n|move|p2b: Flutter Mane|Moonblast|p1b: Rafa\n|-damage|p1b: Rafa|48/100\n|move|p2a: Koraidon|Flare Blitz|p1b: Rafa\n|-damage|p1b: Rafa|0 fnt\n|faint|p1b: Rafa\n|-damage|p2a: Koraidon|81/100|[from] Recoil\n|-damage|p2a: Koraidon|72/100|[from] item: Life Orb\n|move|p1a: Belmonda|Dazzling Gleam|p2a: Koraidon|[spread] p2a,p2b\n|-resisted|p2a: Koraidon\n|-damage|p2a: Koraidon|37/100\n|-damage|p2b: Flutter Mane|24/100\n|\n|-weather|SunnyDay|[upkeep]\n|upkeep\n|\n|t:|1768998443\n|switch|p1b: Ibai|Iron Hands, L50|100/100\n|-activate|p1b: Ibai|ability: Quark Drive\n|-start|p1b: Ibai|quarkdriveatk\n|turn|2\n|\n|t:|1768998464\n|move|p2b: Flutter Mane|Protect|p2b: Flutter Mane\n|-singleturn|p2b: Flutter Mane|Protect\n|move|p2a: Koraidon|Protect|p2a: Koraidon\n|-singleturn|p2a: Koraidon|Protect\n|move|p1b: Ibai|Fake Out|p2a: Koraidon\n|-activate|p2a: Koraidon|move: Protect\n|move|p1a: Belmonda|Dazzling Gleam|p2b: Flutter Mane|[spread] \n|-activate|p2a: Koraidon|move: Protect\n|-activate|p2b: Flutter Mane|move: Protect\n|\n|-weather|SunnyDay|[upkeep]\n|upkeep\n|turn|3\n|\n|t:|1768998484\n|switch|p2a: Chi-Yu|Chi-Yu, L50|100/100\n|-ability|p2a: Chi-Yu|Beads of Ruin\n|move|p2b: Flutter Mane|Moonblast|p1b: Ibai\n|-supereffective|p1b: Ibai\n|-damage|p1b: Ibai|33/100\n|move|p1a: Belmonda|Dazzling Gleam|p2a: Chi-Yu|[spread] p2a,p2b\n|-crit|p2b: Flutter Mane\n|-damage|p2a: Chi-Yu|21/100\n|-damage|p2b: Flutter Mane|0 fnt\n|faint|p2b: Flutter Mane\n|-end|p2b: Flutter Mane|Protosynthesis|[silent]\n|move|p1b: Ibai|Wild Charge|p2a: Chi-Yu\n|-damage|p2a: Chi-Yu|0 fnt\n|faint|p2a: Chi-Yu\n|-damage|p1b: Ibai|30/100|[from] Recoil\n|\n|-weather|SunnyDay|[upkeep]\n|upkeep\n|\n|t:|1768998492\n|switch|p2b: Lunala|Lunala, L50, shiny|100/100\n|switch|p2a: Koraidon|Koraidon, L50, tera:Fire|37/100\n|-activate|p2a: Koraidon|ability: Orichalcum Pulse\n|turn|4\n|\n|t:|1768998508\n|move|p2a: Koraidon|Protect|p2a: Koraidon\n|-singleturn|p2a: Koraidon|Protect\n|move|p1a: Belmonda|Dazzling Gleam|p2a: Koraidon|[spread] p2b\n|-activate|p2a: Koraidon|move: Protect\n|-damage|p2b: Lunala|78/100\n|move|p2b: Lunala|Meteor Beam||[still]\n|-prepare|p2b: Lunala|Meteor Beam\n|-boost|p2b: Lunala|spa|1\n|-enditem|p2b: Lunala|Power Herb\n|-anim|p2b: Lunala|Meteor Beam|p1b: Ibai\n|-resisted|p1b: Ibai\n|-damage|p1b: Ibai|14/100\n|move|p1b: Ibai|Wild Charge|p2a: Koraidon\n|-activate|p2a: Koraidon|move: Protect\n|\n|-weather|SunnyDay|[upkeep]\n|upkeep\n|turn|5\n|\n|t:|1768998526\n|move|p2b: Lunala|Wide Guard|p2b: Lunala\n|-singleturn|p2b: Lunala|Wide Guard\n|move|p2a: Koraidon|Flame Charge|p1b: Ibai\n|-damage|p1b: Ibai|0 fnt\n|-boost|p2a: Koraidon|spe|1\n|faint|p1b: Ibai\n|-end|p1b: Ibai|Quark Drive|[silent]\n|-damage|p2a: Koraidon|28/100|[from] item: Life Orb\n|move|p1a: Belmonda|Dazzling Gleam|p2b: Lunala|[spread] \n|-activate|p2a: Koraidon|move: Wide Guard\n|-activate|p2b: Lunala|move: Wide Guard\n|\n|-weather|none\n|-fieldend|move: Electric Terrain\n|upkeep\n|\n|t:|1768998535\n|switch|p1b: Cabez\u00f3n|Calyrex-Ice, L50|100/100\n|-ability|p1b: Cabez\u00f3n|As One\n|-ability|p1b: Cabez\u00f3n|Unnerve\n|turn|6\n|\n|t:|1768998550\n|move|p1b: Cabez\u00f3n|Protect|p1b: Cabez\u00f3n\n|-singleturn|p1b: Cabez\u00f3n|Protect\n|move|p2b: Lunala|Wide Guard|p2b: Lunala\n|-singleturn|p2b: Lunala|Wide Guard\n|move|p2a: Koraidon|Flare Blitz|p1b: Cabez\u00f3n\n|-activate|p1b: Cabez\u00f3n|move: Protect\n|move|p1a: Belmonda|Dazzling Gleam|p2a: Koraidon|[spread] \n|-activate|p2a: Koraidon|move: Wide Guard\n|-activate|p2b: Lunala|move: Wide Guard\n|\n|upkeep\n|turn|7\n|\n|t:|1768998558\n|move|p2a: Koraidon|Flare Blitz|p1b: Cabez\u00f3n\n|-supereffective|p1b: Cabez\u00f3n\n|-damage|p1b: Cabez\u00f3n|0 fnt\n|faint|p1b: Cabez\u00f3n\n|-damage|p2a: Koraidon|0 fnt|[from] Recoil\n|faint|p2a: Koraidon\n|move|p1a: Belmonda|Dazzling Gleam|p2b: Lunala\n|-damage|p2b: Lunala|30/100\n|move|p2b: Lunala|Moongeist Beam|p1a: Belmonda\n|-crit|p1a: Belmonda\n|-damage|p1a: Belmonda|0 fnt\n|faint|p1a: Belmonda\n|\n|win|blackred123\n|raw|LinkXSwords's rating: 1251 &rarr; <strong>1228</strong><br />(-23 for losing)\n|raw|blackred123's rating: 1284 &rarr; <strong>1307</strong><br />(+23 for winning)\n|l|\u2606LinkXSwords\n|player|p1|\n","uploadtime":1768998574,"views":12,"formatid":"gen9vgc2026regi","rating":1228,"private":0,"password":null}