{"id":"gen9vgc2026regi-2521022289","format":"[Gen 9] VGC 2026 Reg I","players":["FALDRACO","Coreydfgh"],"log":"|j|\u2606FALDRACO\n|j|\u2606Coreydfgh\n|t:|1768713247\n|gametype|doubles\n|player|p1|FALDRACO|1|1117\n|player|p2|Coreydfgh|265|1160\n|gen|9\n|tier|[Gen 9] VGC 2026 Reg I\n|rated|\n|rule|Species Clause: Limit one of each Pok\u00e9mon\n|rule|Item Clause: Limit 1 of each item\n|clearpoke\n|poke|p1|Terapagos, L50, M|\n|poke|p1|Gouging Fire, L50|\n|poke|p1|Rillaboom, L50, M|\n|poke|p1|Farigiraf, L50, F|\n|poke|p1|Tornadus, L50, M|\n|poke|p1|Gholdengo, L50|\n|poke|p2|Calyrex-Ice, L50|\n|poke|p2|Brute Bonnet, L50|\n|poke|p2|Torkoal, L50, M|\n|poke|p2|Urshifu-*, L50, F|\n|poke|p2|Lunala, L50|\n|poke|p2|Iron Hands, L50|\n|teampreview|4\n|\n|t:|1768713260\n|teamsize|p1|4\n|teamsize|p2|4\n|start\n|switch|p1a: Terapagos|Terapagos, L50, M|100/100\n|switch|p1b: Gouging Fire|Gouging Fire, L50|100/100\n|switch|p2a: Calyrex|Calyrex-Ice, L50|100/100\n|switch|p2b: Urshifu|Urshifu-Rapid-Strike, L50, F|100/100\n|-activate|p1a: Terapagos|ability: Tera Shift\n|detailschange|p1a: Terapagos|Terapagos-Terastal, L50, M\n|-heal|p1a: Terapagos|100/100|[silent]\n|-ability|p2a: Calyrex|As One\n|-ability|p2a: Calyrex|Unnerve\n|-enditem|p1b: Gouging Fire|Booster Energy\n|-activate|p1b: Gouging Fire|ability: Protosynthesis|[fromitem]\n|-start|p1b: Gouging Fire|protosynthesisspe\n|turn|1\n|\n|t:|1768713314\n|-terastallize|p1a: Terapagos|Stellar\n|detailschange|p1a: Terapagos|Terapagos-Stellar, L50, M, tera:Stellar\n|-heal|p1a: Terapagos|100/100|[silent]\n|move|p1b: Gouging Fire|Flare Blitz|p2a: Calyrex\n|-supereffective|p2a: Calyrex\n|-damage|p2a: Calyrex|45/100\n|-damage|p1b: Gouging Fire|84/100|[from] Recoil\n|move|p2b: Urshifu|Surging Strikes|p1a: Terapagos\n|-crit|p1a: Terapagos\n|-damage|p1a: Terapagos|87/100\n|-crit|p1a: Terapagos\n|-damage|p1a: Terapagos|74/100\n|-crit|p1a: Terapagos\n|-damage|p1a: Terapagos|62/100\n|-hitcount|p1a: Terapagos|3\n|move|p1a: Terapagos|Tera Starstorm|p2b: Urshifu|[spread] p2a,p2b\n|-damage|p2a: Calyrex|22/100\n|-damage|p2b: Urshifu|56/100\n|move|p2a: Calyrex|Trick Room|p2a: Calyrex\n|-fieldstart|move: Trick Room|[of] p2a: Calyrex\n|\n|-heal|p1a: Terapagos|68/100|[from] item: Leftovers\n|upkeep\n|turn|2\n|\n|t:|1768713342\n|move|p2a: Calyrex|Protect|p2a: Calyrex\n|-singleturn|p2a: Calyrex|Protect\n|move|p1a: Terapagos|Protect|p1a: Terapagos\n|-singleturn|p1a: Terapagos|Protect\n|move|p2b: Urshifu|Surging Strikes|p1a: Terapagos\n|-crit|p1a: Terapagos\n|-damage|p1a: Terapagos|54/100\n|-crit|p1a: Terapagos\n|-damage|p1a: Terapagos|41/100\n|-crit|p1a: Terapagos\n|-damage|p1a: Terapagos|27/100\n|-hitcount|p1a: Terapagos|3\n|move|p1b: Gouging Fire|Breaking Swipe|p2b: Urshifu|[spread] p2b\n|-activate|p2a: Calyrex|move: Protect\n|-damage|p2b: Urshifu|38/100\n|-unboost|p2b: Urshifu|atk|1\n|\n|-heal|p1a: Terapagos|33/100|[from] item: Leftovers\n|upkeep\n|turn|3\n|\n|t:|1768713367\n|move|p2a: Calyrex|Glacial Lance|p1b: Gouging Fire|[spread] p1a,p1b\n|-damage|p1a: Terapagos|0 fnt\n|-damage|p1b: Gouging Fire|41/100\n|faint|p1a: Terapagos\n|detailschange|p1: Terapagos|Terapagos, L50, M|[silent]\n|-ability|p2a: Calyrex|Chilling Neigh|boost\n|-boost|p2a: Calyrex|atk|1\n|move|p2b: Urshifu|Surging Strikes|p1b: Gouging Fire\n|-crit|p1b: Gouging Fire\n|-damage|p1b: Gouging Fire|24/100\n|-crit|p1b: Gouging Fire\n|-damage|p1b: Gouging Fire|8/100\n|-crit|p1b: Gouging Fire\n|-damage|p1b: Gouging Fire|0 fnt\n|faint|p1b: Gouging Fire\n|-end|p1b: Gouging Fire|Protosynthesis|[silent]\n|-hitcount|p1: Gouging Fire|3\n|\n|upkeep\n|\n|t:|1768713382\n|switch|p1a: Rillaboom|Rillaboom, L50, M|100/100\n|switch|p1b: Farigiraf|Farigiraf, L50, F|100/100\n|-fieldstart|move: Grassy Terrain|[from] ability: Grassy Surge|[of] p1a: Rillaboom\n|turn|4\n|\n|t:|1768713399\n|move|p1a: Rillaboom|Fake Out|p2a: Calyrex\n|-damage|p2a: Calyrex|14/100\n|cant|p2a: Calyrex|flinch\n|move|p1b: Farigiraf|Foul Play|p2b: Urshifu\n|-resisted|p2b: Urshifu\n|-damage|p2b: Urshifu|26/100\n|move|p2b: Urshifu|Surging Strikes|p1b: Farigiraf\n|-crit|p1b: Farigiraf\n|-damage|p1b: Farigiraf|80/100\n|-crit|p1b: Farigiraf\n|-damage|p1b: Farigiraf|61/100\n|-crit|p1b: Farigiraf\n|-damage|p1b: Farigiraf|43/100\n|-hitcount|p1b: Farigiraf|3\n|\n|-heal|p2a: Calyrex|20/100|[from] Grassy Terrain\n|-heal|p1b: Farigiraf|49/100|[from] Grassy Terrain\n|-heal|p2b: Urshifu|32/100|[from] Grassy Terrain\n|upkeep\n|turn|5\n|\n|t:|1768713433\n|-terastallize|p2b: Urshifu|Stellar\n|move|p2a: Calyrex|Glacial Lance|p1a: Rillaboom|[spread] p1a,p1b\n|-supereffective|p1a: Rillaboom\n|-damage|p1a: Rillaboom|0 fnt\n|-damage|p1b: Farigiraf|0 fnt\n|faint|p1a: Rillaboom\n|faint|p1b: Farigiraf\n|\n|win|Coreydfgh\n|raw|FALDRACO's rating: 1117 &rarr; <strong>1095</strong><br />(-22 for losing)\n|raw|Coreydfgh's rating: 1160 &rarr; <strong>1182</strong><br />(+22 for winning)\n|l|\u2606Coreydfgh\n|player|p2|\n|l|\u2606FALDRACO\n|player|p1|\n","uploadtime":1768713786,"views":6,"formatid":"gen9vgc2026regi","rating":1095,"private":0,"password":null}