{"id":"gen9vgc2026regi-2535742521","format":"[Gen 9] VGC 2026 Reg I","players":["saya315","bullgod4ever"],"log":"|j|\u2606saya315\n|j|\u2606bullgod4ever\n|t:|1770602932\n|gametype|doubles\n|player|p1|saya315|veteranf|1406\n|player|p2|bullgod4ever|265|1485\n|gen|9\n|tier|[Gen 9] VGC 2026 Reg I\n|rated|\n|rule|Species Clause: Limit one of each Pok\u00e9mon\n|rule|Item Clause: Limit 1 of each item\n|clearpoke\n|poke|p1|Kyogre, L50|\n|poke|p1|Calyrex-Ice, L50|\n|poke|p1|Iron Jugulis, L50|\n|poke|p1|Amoonguss, L50, F|\n|poke|p1|Indeedee-F, L50, F|\n|poke|p1|Urshifu-*, L50, M|\n|poke|p2|Calyrex-Shadow, L50|\n|poke|p2|Zamazenta-*, L50|\n|poke|p2|Chien-Pao, L50|\n|poke|p2|Dragonite, L50, M|\n|poke|p2|Amoonguss, L50, F|\n|poke|p2|Ogerpon-Cornerstone, L50, F|\n|teampreview|4\n|\n|t:|1770602984\n|teamsize|p1|4\n|teamsize|p2|4\n|start\n|switch|p1a: Indeedee|Indeedee-F, L50, F|100/100\n|switch|p1b: Kyogre|Kyogre, L50|100/100\n|switch|p2a: Chien-Pao|Chien-Pao, L50|100/100\n|switch|p2b: Zamazenta|Zamazenta-Crowned, L50|100/100\n|-ability|p2a: Chien-Pao|Sword of Ruin\n|-ability|p2b: Zamazenta|Dauntless Shield|boost\n|-boost|p2b: Zamazenta|def|1\n|-weather|RainDance|[from] ability: Drizzle|[of] p1b: Kyogre\n|-fieldstart|move: Psychic Terrain|[from] ability: Psychic Surge|[of] p1a: Indeedee\n|turn|1\n|\n|t:|1770603007\n|-terastallize|p2b: Zamazenta|Dragon\n|move|p1a: Indeedee|Follow Me|p1a: Indeedee\n|-singleturn|p1a: Indeedee|move: Follow Me\n|move|p2a: Chien-Pao|Ice Spinner|p1a: Indeedee\n|-damage|p1a: Indeedee|63/100\n|-fieldend|move: Psychic Terrain\n|-enditem|p1a: Indeedee|Eject Button\n|\n|t:|1770603015\n|switch|p1a: Iron Jugulis|Iron Jugulis, L50|100/100\n|-enditem|p1a: Iron Jugulis|Booster Energy\n|-activate|p1a: Iron Jugulis|ability: Quark Drive|[fromitem]\n|-start|p1a: Iron Jugulis|quarkdrivespe\n|move|p2b: Zamazenta|Body Press|p1a: Iron Jugulis\n|-damage|p1a: Iron Jugulis|18/100\n|move|p1b: Kyogre|Origin Pulse|p2b: Zamazenta|[spread] p2b\n|-miss|p1b: Kyogre|p2a: Chien-Pao\n|-resisted|p2b: Zamazenta\n|-damage|p2b: Zamazenta|63/100\n|\n|-weather|RainDance|[upkeep]\n|upkeep\n|turn|2\n|j| riyuezi\n|\n|t:|1770603033\n|-terastallize|p1b: Kyogre|Water\n|move|p2a: Chien-Pao|Ice Shard|p1a: Iron Jugulis\n|-supereffective|p1a: Iron Jugulis\n|-damage|p1a: Iron Jugulis|0 fnt\n|faint|p1a: Iron Jugulis\n|-end|p1a: Iron Jugulis|Quark Drive|[silent]\n|move|p2b: Zamazenta|Body Press|p1b: Kyogre\n|-damage|p1b: Kyogre|7/100\n|move|p1b: Kyogre|Origin Pulse|p2a: Chien-Pao|[spread] p2a,p2b\n|-resisted|p2b: Zamazenta\n|-damage|p2a: Chien-Pao|0 fnt\n|-damage|p2b: Zamazenta|14/100\n|faint|p2a: Chien-Pao\n|\n|-weather|RainDance|[upkeep]\n|upkeep\n|\n|t:|1770603049\n|switch|p2a: Calyrex|Calyrex-Shadow, L50|100/100\n|switch|p1a: Calyrex|Calyrex-Ice, L50|100/100\n|-ability|p2a: Calyrex|As One\n|-ability|p2a: Calyrex|Unnerve\n|-ability|p1a: Calyrex|As One\n|-ability|p1a: Calyrex|Unnerve\n|turn|3\n|\n|t:|1770603065\n|switch|p1b: Indeedee|Indeedee-F, L50, F|63/100\n|-fieldstart|move: Psychic Terrain|[from] ability: Psychic Surge|[of] p1b: Indeedee\n|move|p2a: Calyrex|Astral Barrage|p1a: Calyrex|[spread] p1a\n|-immune|p1b: Indeedee\n|-supereffective|p1a: Calyrex\n|-damage|p1a: Calyrex|25/100\n|move|p2b: Zamazenta|Body Press|p1a: Calyrex\n|-damage|p1a: Calyrex|0 fnt\n|faint|p1a: Calyrex\n|\n|-weather|RainDance|[upkeep]\n|upkeep\n|\n|t:|1770603077\n|switch|p1a: Kyogre|Kyogre, L50, tera:Water|7/100\n|turn|4\n|\n|t:|1770603085\n|move|p2b: Zamazenta|Wide Guard|p2b: Zamazenta\n|-singleturn|p2b: Zamazenta|Wide Guard\n|move|p2a: Calyrex|Astral Barrage|p1b: Indeedee|[spread] p1a\n|-immune|p1b: Indeedee\n|-damage|p1a: Kyogre|0 fnt\n|faint|p1a: Kyogre\n|-ability|p2a: Calyrex|Grim Neigh|boost\n|-boost|p2a: Calyrex|spa|1\n|move|p1b: Indeedee|Psychic|p2b: Zamazenta\n|-damage|p2b: Zamazenta|0 fnt\n|faint|p2b: Zamazenta\n|\n|-weather|RainDance|[upkeep]\n|upkeep\n|\n|t:|1770603105\n|switch|p2b: Amoonguss|Amoonguss, L50, F|100/100\n|turn|5\n|\n|t:|1770603116\n|move|p2a: Calyrex|Psychic|p1b: Indeedee\n|-resisted|p1b: Indeedee\n|-crit|p1b: Indeedee\n|-damage|p1b: Indeedee|0 fnt\n|faint|p1b: Indeedee\n|\n|win|bullgod4ever\n|raw|saya315's rating: 1406 &rarr; <strong>1390</strong><br />(-16 for losing)\n|raw|bullgod4ever's rating: 1485 &rarr; <strong>1501</strong><br />(+16 for winning)\n|l|\u2606saya315\n|player|p1|\n|l| riyuezi\n|l|\u2606bullgod4ever\n|player|p2|\n|j|\u2606bullgod4ever\n|player|p2|bullgod4ever|265|\n","uploadtime":1770603384,"views":13,"formatid":"gen9vgc2026regi","rating":1390,"private":0,"password":null}