{"id":"gen9vgc2026regi-2578270197","format":"[Gen 9] VGC 2026 Reg I","players":["ppyyy","ALoT3487"],"log":"|j|\u2606ppyyy\n|j|\u2606ALoT3487\n|html|<table width=\"100%\"><tr><td align=\"left\">ppyyy</td><td align=\"right\">ALoT3487</tr><tr><td align=\"left\"><i class=\"fa fa-circle\"></i> <i class=\"fa fa-circle-o\"></i> </td><td align=\"right\"><i class=\"fa fa-circle-o\"></i> <i class=\"fa fa-circle-o\"></i> </tr></table>\n|uhtml|bestof|<h2><strong>Game 2</strong> of <a href=\"/game-bestof3-gen9vgc2026regi-2578266823\">a best-of-3</a></h2>\n|t:|1775664040\n|gametype|doubles\n|player|p1|ppyyy|elesa-gen5bw2|\n|player|p2|ALoT3487|hilda|\n|gen|9\n|tier|[Gen 9] VGC 2026 Reg I\n|rated|Tournament battle\n|rule|Species Clause: Limit one of each Pok\u00e9mon\n|rule|Item Clause: Limit 1 of each item\n|raw|<div class=\"infobox\"><details class=\"readmore\" open><summary><strong>4 custom rules:</strong></summary> Open Team Sheets, Force Open Team Sheets, !Open Team Sheets, Best of = 3</details></div>\n|clearpoke\n|poke|p1|Scream Tail, L50|\n|poke|p1|Rillaboom, L50, F|\n|poke|p1|Urshifu-*, L50, M|\n|poke|p1|Incineroar, L50, F|\n|poke|p1|Zamazenta-*, L50|\n|poke|p1|Calyrex-Shadow, L50|\n|poke|p2|Articuno, L50|\n|poke|p2|Ninetales-Alola, L50, F|\n|poke|p2|Arcanine-Hisui, L50, F|\n|poke|p2|Ogerpon-Wellspring, L50, F|\n|poke|p2|Landorus, L50, M|\n|poke|p2|Raging Bolt, L50|\n|teampreview|4\n|showteam|p1|Scream Tail||BoosterEnergy|Protosynthesis|DazzlingGleam,Encore,Disable,Protect||||||50|,,,,,Dark]Rillaboom||AssaultVest|GrassySurge|FakeOut,WoodHammer,GrassyGlide,Uturn|||F|||50|,,,,,Fire]Urshifu-Rapid-Strike||FocusSash|UnseenFist|SurgingStrikes,AquaJet,Taunt,Detect|||M|||50|,,,,,Grass]Incineroar||RockyHelmet|Intimidate|FakeOut,WillOWisp,KnockOff,PartingShot|||F|||50|,,,,,Bug]Zamazenta-Crowned||RustedShield|DauntlessShield|BodyPress,HeavySlam,WideGuard,Protect||||||50|,,,,,Ghost]Calyrex-Shadow||SpellTag|AsOneSpectrier|AstralBarrage,Protect,Disable,NastyPlot||||||50|,,,,,Water\n|showteam|p2|Articuno||ChoiceSpecs|SnowCloak|Blizzard,IceBeam,FreezeDry,SheerCold||||||50|,,,,,Ice]Ninetales-Alola||LightClay|SnowWarning|Blizzard,Moonblast,AuroraVeil,HelpingHand|||F|||50|,,,,,Fire]Arcanine-Hisui||ChoiceBand|Intimidate|FlareBlitz,RockSlide,HeadSmash,ExtremeSpeed|||F|||50|,,,,,Ghost]Ogerpon-Wellspring||WellspringMask|WaterAbsorb|IvyCudgel,HornLeech,FollowMe,SpikyShield|||F|||50|,,,,,Water]Landorus||LifeOrb|SheerForce|EarthPower,SludgeBomb,Substitute,Protect|||M|||50|,,,,,Steel]Raging Bolt||AssaultVest|Protosynthesis|Electroweb,DracoMeteor,Thunderclap,Snarl||||||50|,,,,,Fairy\n|j| merdico\n|\n|t:|1775664061\n|teamsize|p1|4\n|teamsize|p2|4\n|start\n|switch|p1a: Scream Tail|Scream Tail, L50|100/100\n|switch|p1b: Calyrex|Calyrex-Shadow, L50|100/100\n|switch|p2a: Raging Bolt|Raging Bolt, L50|100/100\n|switch|p2b: Landorus|Landorus, L50, M|100/100\n|-ability|p1b: Calyrex|As One\n|-ability|p1b: Calyrex|Unnerve\n|-enditem|p1a: Scream Tail|Booster Energy\n|-activate|p1a: Scream Tail|ability: Protosynthesis|[fromitem]\n|-start|p1a: Scream Tail|protosynthesisspe\n|turn|1\n|l| merdico\n|\n|t:|1775664088\n|move|p1a: Scream Tail|Protect|p1a: Scream Tail\n|-singleturn|p1a: Scream Tail|Protect\n|move|p1b: Calyrex|Protect|p1b: Calyrex\n|-singleturn|p1b: Calyrex|Protect\n|move|p2b: Landorus|Sludge Bomb|p1a: Scream Tail\n|-activate|p1a: Scream Tail|move: Protect\n|move|p2a: Raging Bolt|Snarl|p1b: Calyrex|[spread] \n|-activate|p1a: Scream Tail|move: Protect\n|-activate|p1b: Calyrex|move: Protect\n|\n|upkeep\n|turn|2\n|j| Frostyvap\n|\n|t:|1775664121\n|-end|p2a: Raging Bolt|Protosynthesis|[silent]\n|switch|p2a: Articuno|Articuno, L50|100/100\n|-terastallize|p1b: Calyrex|Water\n|move|p1a: Scream Tail|Encore|p2b: Landorus\n|-start|p2b: Landorus|Encore\n|move|p1b: Calyrex|Disable|p2b: Landorus\n|-start|p2b: Landorus|Disable|Sludge Bomb\n|cant|p2b: Landorus|Disable|Sludge Bomb\n|\n|upkeep\n|turn|3\n|\n|t:|1775664135\n|switch|p2b: Ninetales|Ninetales-Alola, L50, F|100/100\n|-weather|Snowscape|[from] ability: Snow Warning|[of] p2b: Ninetales\n|move|p1a: Scream Tail|Protect|p1a: Scream Tail\n|-singleturn|p1a: Scream Tail|Protect\n|move|p1b: Calyrex|Protect|p1b: Calyrex\n|-singleturn|p1b: Calyrex|Protect\n|move|p2a: Articuno|Blizzard|p1a: Scream Tail|[spread] \n|-activate|p1a: Scream Tail|move: Protect\n|-activate|p1b: Calyrex|move: Protect\n|\n|-weather|Snowscape|[upkeep]\n|upkeep\n|turn|4\n|l| Frostyvap\n|\n|t:|1775664154\n|switch|p2b: Landorus|Landorus, L50, M|100/100\n|switch|p2a: Raging Bolt|Raging Bolt, L50|100/100\n|move|p1a: Scream Tail|Disable||[still]\n|-fail|p1a: Scream Tail\n|move|p1b: Calyrex|Nasty Plot|p1b: Calyrex\n|-boost|p1b: Calyrex|spa|2\n|\n|-weather|Snowscape|[upkeep]\n|upkeep\n|turn|5\n|\n|t:|1775664182\n|move|p1a: Scream Tail|Protect|p1a: Scream Tail\n|-singleturn|p1a: Scream Tail|Protect\n|move|p1b: Calyrex|Protect|p1b: Calyrex\n|-singleturn|p1b: Calyrex|Protect\n|move|p2b: Landorus|Sludge Bomb|p1a: Scream Tail\n|-activate|p1a: Scream Tail|move: Protect\n|move|p2a: Raging Bolt|Electroweb|p1b: Calyrex|[spread] \n|-activate|p1a: Scream Tail|move: Protect\n|-activate|p1b: Calyrex|move: Protect\n|\n|-weather|Snowscape|[upkeep]\n|upkeep\n|turn|6\n|\n|t:|1775664211\n|switch|p2b: Ninetales|Ninetales-Alola, L50, F|100/100\n|-end|p2a: Raging Bolt|Protosynthesis|[silent]\n|switch|p2a: Articuno|Articuno, L50|100/100\n|move|p1a: Scream Tail|Disable||[still]\n|-fail|p1a: Scream Tail\n|move|p1b: Calyrex|Astral Barrage|p2b: Ninetales|[spread] p2a,p2b\n|-damage|p2a: Articuno|2/100\n|-damage|p2b: Ninetales|0 fnt\n|faint|p2b: Ninetales\n|-ability|p1b: Calyrex|Grim Neigh|boost\n|-boost|p1b: Calyrex|spa|1\n|\n|-weather|Snowscape|[upkeep]\n|upkeep\n|\n|t:|1775664224\n|switch|p2b: Landorus|Landorus, L50, M|100/100\n|turn|7\n|\n|t:|1775664238\n|move|p1a: Scream Tail|Dazzling Gleam|p2a: Articuno|[spread] p2a,p2b\n|-damage|p2a: Articuno|0 fnt\n|-damage|p2b: Landorus|83/100\n|faint|p2a: Articuno\n|move|p1b: Calyrex|Astral Barrage|p2b: Landorus\n|-damage|p2b: Landorus|0 fnt\n|faint|p2b: Landorus\n|-ability|p1b: Calyrex|Grim Neigh|boost\n|-boost|p1b: Calyrex|spa|1\n|\n|-weather|none\n|upkeep\n|\n|t:|1775664248\n|switch|p2b: Raging Bolt|Raging Bolt, L50|100/100\n|turn|8\n|\n|t:|1775664263\n|move|p1a: Scream Tail|Dazzling Gleam|p2b: Raging Bolt\n|-supereffective|p2b: Raging Bolt\n|-damage|p2b: Raging Bolt|76/100\n|move|p1b: Calyrex|Astral Barrage|p2b: Raging Bolt\n|-damage|p2b: Raging Bolt|0 fnt\n|faint|p2b: Raging Bolt\n|-end|p2b: Raging Bolt|Protosynthesis|[silent]\n|\n|win|ppyyy\n|c|\u2606ALoT3487|gg\n|l|\u2606ALoT3487\n|player|p2|\n","uploadtime":1775664290,"views":7,"formatid":"gen9vgc2026regi","rating":null,"private":0,"password":null}