{"id":"gen9vgc2026regi-2581737416","format":"[Gen 9] VGC 2026 Reg I","players":["No.Name.Th","castiel123"],"log":"|j|\u2606No.Name.Th\n|j|\u2606castiel123\n|t:|1776024546\n|gametype|doubles\n|player|p1|No.Name.Th|101|1326\n|player|p2|castiel123|101|1223\n|gen|9\n|tier|[Gen 9] VGC 2026 Reg I\n|rated|\n|rule|Species Clause: Limit one of each Pok\u00e9mon\n|rule|Item Clause: Limit 1 of each item\n|clearpoke\n|poke|p1|Calyrex-Ice, L50|\n|poke|p1|Indeedee-F, L50, F|\n|poke|p1|Scraggy, L50, F|\n|poke|p1|Zamazenta-*, L50|\n|poke|p1|Ninetales-Alola, L50, F|\n|poke|p1|Iron Hands, L50|\n|poke|p2|Zamazenta-*, L50|\n|poke|p2|Terapagos, L50, M|\n|poke|p2|Whimsicott, L50, M|\n|poke|p2|Indeedee, L50, M|\n|poke|p2|Flutter Mane, L50|\n|poke|p2|Entei, L50|\n|teampreview|4\n|\n|t:|1776024566\n|teamsize|p1|4\n|teamsize|p2|4\n|start\n|switch|p1a: Calyrex|Calyrex-Ice, L50|100/100\n|switch|p1b: Indeedee|Indeedee-F, L50, F|100/100\n|switch|p2a: Whimsicott|Whimsicott, L50, M|100/100\n|switch|p2b: Entei|Entei, L50|100/100\n|-ability|p1a: Calyrex|As One\n|-ability|p1a: Calyrex|Unnerve\n|-fieldstart|move: Psychic Terrain|[from] ability: Psychic Surge|[of] p1b: Indeedee\n|turn|1\n|\n|t:|1776024581\n|move|p1b: Indeedee|Follow Me|p1b: Indeedee\n|-singleturn|p1b: Indeedee|move: Follow Me\n|move|p2a: Whimsicott|Sunny Day|p2a: Whimsicott\n|-weather|SunnyDay\n|move|p2b: Entei|Sacred Fire|p1b: Indeedee\n|-damage|p1b: Indeedee|0 fnt\n|faint|p1b: Indeedee\n|-damage|p2b: Entei|91/100|[from] item: Life Orb\n|move|p1a: Calyrex|Trick Room|p1a: Calyrex\n|-fieldstart|move: Trick Room|[of] p1a: Calyrex\n|\n|-weather|SunnyDay|[upkeep]\n|upkeep\n|\n|t:|1776024602\n|switch|p1b: Scraggy|Scraggy, L50, F|100/100\n|-ability|p1b: Scraggy|Intimidate|boost\n|-unboost|p2a: Whimsicott|atk|1\n|-fail|p2b: Entei|unboost|Attack|[from] ability: Inner Focus|[of] p2b: Entei\n|turn|2\n|\n|t:|1776024611\n|move|p1a: Calyrex|Protect|p1a: Calyrex\n|-singleturn|p1a: Calyrex|Protect\n|move|p1b: Scraggy|Coaching|p1a: Calyrex\n|-boost|p1a: Calyrex|atk|1\n|-boost|p1a: Calyrex|def|1\n|move|p2a: Whimsicott|Moonblast|p1b: Scraggy\n|-supereffective|p1b: Scraggy\n|-damage|p1b: Scraggy|9/100\n|move|p2b: Entei|Will-O-Wisp|p1a: Calyrex\n|-activate|p1a: Calyrex|move: Protect\n|\n|-weather|SunnyDay|[upkeep]\n|upkeep\n|turn|3\n|\n|t:|1776024632\n|-terastallize|p1a: Calyrex|Water\n|move|p1b: Scraggy|Taunt|p2b: Entei\n|-start|p2b: Entei|move: Taunt\n|move|p1a: Calyrex|Glacial Lance|p2a: Whimsicott|[spread] p2a,p2b\n|-supereffective|p2a: Whimsicott\n|-resisted|p2b: Entei\n|-damage|p2a: Whimsicott|0 fnt\n|-damage|p2b: Entei|43/100\n|faint|p2a: Whimsicott\n|-ability|p1a: Calyrex|Chilling Neigh|boost\n|-boost|p1a: Calyrex|atk|1\n|cant|p2b: Entei|move: Taunt|Will-O-Wisp\n|\n|-weather|SunnyDay|[upkeep]\n|upkeep\n|\n|t:|1776024637\n|switch|p2a: Zamazenta|Zamazenta-Crowned, L50|100/100\n|-ability|p2a: Zamazenta|Dauntless Shield|boost\n|-boost|p2a: Zamazenta|def|1\n|turn|4\n|\n|t:|1776024654\n|move|p2a: Zamazenta|Wide Guard|p2a: Zamazenta\n|-singleturn|p2a: Zamazenta|Wide Guard\n|move|p1b: Scraggy|Taunt|p2a: Zamazenta\n|-start|p2a: Zamazenta|move: Taunt\n|move|p1a: Calyrex|High Horsepower|p2b: Entei\n|-supereffective|p2b: Entei\n|-damage|p2b: Entei|0 fnt\n|faint|p2b: Entei\n|-ability|p1a: Calyrex|Chilling Neigh|boost\n|-boost|p1a: Calyrex|atk|1\n|\n|-weather|SunnyDay|[upkeep]\n|upkeep\n|\n|t:|1776024657\n|switch|p2b: Terapagos|Terapagos, L50, M|100/100\n|-activate|p2b: Terapagos|ability: Tera Shift\n|detailschange|p2b: Terapagos|Terapagos-Terastal, L50, M\n|-heal|p2b: Terapagos|100/100|[silent]\n|turn|5\n|\n|t:|1776024675\n|move|p2b: Terapagos|Protect|p2b: Terapagos\n|-singleturn|p2b: Terapagos|Protect\n|move|p1b: Scraggy|Coaching|p1a: Calyrex\n|-boost|p1a: Calyrex|atk|1\n|-boost|p1a: Calyrex|def|1\n|move|p1a: Calyrex|Glacial Lance|p2a: Zamazenta|[spread] p2a\n|-activate|p2b: Terapagos|move: Protect\n|-resisted|p2a: Zamazenta\n|-damage|p2a: Zamazenta|70/100\n|move|p2a: Zamazenta|Body Press|p1a: Calyrex\n|-damage|p1a: Calyrex|82/100\n|\n|-weather|none\n|-fieldend|move: Trick Room\n|-fieldend|move: Psychic Terrain\n|upkeep\n|turn|6\n|\n|t:|1776024689\n|-terastallize|p2b: Terapagos|Stellar\n|detailschange|p2b: Terapagos|Terapagos-Stellar, L50, M, tera:Stellar\n|-heal|p2b: Terapagos|100/100|[silent]\n|move|p2a: Zamazenta|Body Press|p1a: Calyrex\n|-damage|p1a: Calyrex|61/100\n|move|p2b: Terapagos|Tera Starstorm|p1a: Calyrex|[spread] p1a,p1b\n|-supereffective|p1a: Calyrex\n|-damage|p1a: Calyrex|18/100\n|-damage|p1b: Scraggy|0 fnt\n|faint|p1b: Scraggy\n|move|p1a: Calyrex|Trick Room|p1a: Calyrex\n|-fieldstart|move: Trick Room|[of] p1a: Calyrex\n|\n|upkeep\n|\n|t:|1776024692\n|switch|p1b: Iron Hands|Iron Hands, L50|100/100\n|turn|7\n|\n|t:|1776024708\n|move|p1a: Calyrex|Glacial Lance|p2b: Terapagos|[spread] p2a,p2b\n|-resisted|p2a: Zamazenta\n|-damage|p2a: Zamazenta|40/100\n|-damage|p2b: Terapagos|14/100\n|move|p1b: Iron Hands|Low Kick|p2a: Zamazenta\n|-supereffective|p2a: Zamazenta\n|-damage|p2a: Zamazenta|0 fnt\n|faint|p2a: Zamazenta\n|move|p2b: Terapagos|Tera Starstorm|p1b: Iron Hands|[spread] p1a,p1b\n|-supereffective|p1a: Calyrex\n|-damage|p1a: Calyrex|0 fnt\n|-damage|p1b: Iron Hands|83/100\n|faint|p1a: Calyrex\n|\n|-heal|p2b: Terapagos|20/100|[from] item: Leftovers\n|upkeep\n|turn|8\n|-message|castiel123 forfeited.\n|\n|win|No.Name.Th\n|raw|No.Name.Th's rating: 1326 &rarr; <strong>1340</strong><br />(+14 for winning)\n|raw|castiel123's rating: 1223 &rarr; <strong>1205</strong><br />(-18 for losing)\n|l|\u2606castiel123\n|player|p2|\n|l|\u2606No.Name.Th\n|player|p1|\n","uploadtime":1776024990,"views":8,"formatid":"gen9vgc2026regi","rating":1205,"private":0,"password":null}