{"id":"gen9vgc2026regi-2561247369","format":"[Gen 9] VGC 2026 Reg I","players":["SpinnerVGC","firefalls"],"log":"|j|\u2606SpinnerVGC\n|j|\u2606firefalls\n|t:|1773777002\n|gametype|doubles\n|player|p1|SpinnerVGC|youngcouple-gen4dp|1282\n|player|p2|firefalls|n|1254\n|gen|9\n|tier|[Gen 9] VGC 2026 Reg I\n|rated|\n|rule|Species Clause: Limit one of each Pok\u00e9mon\n|rule|Item Clause: Limit 1 of each item\n|clearpoke\n|poke|p1|Groudon, L50|\n|poke|p1|Smeargle, L50, F|\n|poke|p1|Raging Bolt, L50|\n|poke|p1|Chi-Yu, L50|\n|poke|p1|Calyrex-Ice, L50|\n|poke|p1|Flutter Mane, L50|\n|poke|p2|Koraidon, L50|\n|poke|p2|Raging Bolt, L50|\n|poke|p2|Ho-Oh, L50|\n|poke|p2|Iron Treads, L50|\n|poke|p2|Incineroar, L50, F|\n|poke|p2|Flutter Mane, L50|\n|teampreview|4\n|inactive|Battle timer is ON: inactive players will automatically lose when time's up. (requested by SpinnerVGC)\nSpinnerVGC has agreed to open team sheets.\nfirefalls has agreed to open team sheets.\n|showteam|p1|Groudon||ClearAmulet|Drought|Protect,PrecipiceBlades,HighHorsepower,HeatCrash||||||50|,,,,,Fire]Smeargle||FocusSash|Moody|FakeOut,Spore,FollowMe,Decorate|||F|||50|,,,,,Ghost]Raging Bolt||LifeOrb|Protosynthesis|Protect,Thunderclap,DracoMeteor,Thunderbolt||||||50|,,,,,Electric]Chi-Yu||ChoiceScarf|BeadsofRuin|HeatWave,Flamethrower,DarkPulse,Snarl||||||50|,,,,,Ghost]Calyrex-Ice||NeverMeltIce|AsOneGlastrier|Protect,GlacialLance,HighHorsepower,TrickRoom||||||50|,,,,,Water]Flutter Mane||ChoiceSpecs|Protosynthesis|Moonblast,DazzlingGleam,ShadowBall,MistyTerrain||||||50|,,,,,Fairy\n|showteam|p2|Koraidon||LoadedDice|OrichalcumPulse|FlareBlitz,Protect,CollisionCourse,ScaleShot||||||50|,,,,,Fire]Raging Bolt||AssaultVest|Protosynthesis|Thunderclap,Snarl,Electroweb,DracoMeteor||||||50|,,,,,Fairy]Ho-Oh||ClearAmulet|Regenerator|SacredFire,BraveBird,Tailwind,Protect||||||50|,,,,,Water]Iron Treads||LifeOrb|QuarkDrive|IronHead,KnockOff,HighHorsepower,Protect||||||50|,,,,,Ghost]Incineroar||RockyHelmet|Intimidate|WillOWisp,FakeOut,PartingShot,KnockOff|||F|||50|,,,,,Water]Flutter Mane||FocusSash|Protosynthesis|Moonblast,IcyWind,Taunt,Protect||||||50|,,,,,Normal\n|inactive|SpinnerVGC has 60 seconds left.\n|inactive|firefalls has 60 seconds left.\n|inactive|firefalls has 30 seconds left.\n|\n|t:|1773777063\n|teamsize|p1|4\n|teamsize|p2|4\n|start\n|switch|p1a: The Don|Groudon, L50|100/100\n|switch|p1b: Flutter Mane|Flutter Mane, L50|100/100\n|switch|p2a: Incineroar|Incineroar, L50, F|100/100\n|switch|p2b: Koraidon|Koraidon, L50|100/100\n|-weather|SunnyDay|[from] ability: Orichalcum Pulse|[of] p2b: Koraidon\n|-activate|p1b: Flutter Mane|ability: Protosynthesis\n|-start|p1b: Flutter Mane|protosynthesisspe\n|-activate|p2b: Koraidon|Orichalcum Pulse|[source]\n|-ability|p2a: Incineroar|Intimidate|boost\n|-fail|p1a: The Don|unboost|[from] item: Clear Amulet|[of] p1a: The Don\n|-unboost|p1b: Flutter Mane|atk|1\n|turn|1\n|inactive|SpinnerVGC has 30 seconds left.\n|inactive|firefalls has 30 seconds left.\n|inactive|firefalls has 20 seconds left.\n|inactive|firefalls has 15 seconds left.\n|inactive|firefalls has 10 seconds left.\n|\n|t:|1773777109\n|move|p2b: Koraidon|Protect|p2b: Koraidon\n|-singleturn|p2b: Koraidon|Protect\n|move|p1a: The Don|Protect|p1a: The Don\n|-singleturn|p1a: The Don|Protect\n|move|p1b: Flutter Mane|Dazzling Gleam|p2b: Koraidon|[spread] p2a\n|-activate|p2b: Koraidon|move: Protect\n|-damage|p2a: Incineroar|57/100\n|move|p2a: Incineroar|Knock Off|p1b: Flutter Mane\n|-damage|p1b: Flutter Mane|31/100\n|-enditem|p1b: Flutter Mane|Choice Specs|[from] move: Knock Off|[of] p2a: Incineroar\n|\n|-weather|SunnyDay|[upkeep]\n|upkeep\n|turn|2\n|inactive|firefalls has 30 seconds left.\n|inactive|firefalls has 20 seconds left.\n|\n|t:|1773777148\n|switch|p2a: Ho-Oh|Ho-Oh, L50|100/100\n|-terastallize|p2b: Koraidon|Fire\n|move|p1b: Flutter Mane|Misty Terrain|p1b: Flutter Mane\n|-fieldstart|move: Misty Terrain\n|move|p2b: Koraidon|Scale Shot|p1a: The Don\n|-crit|p1a: The Don\n|-damage|p1a: The Don|90/100\n|-damage|p1a: The Don|84/100\n|-damage|p1a: The Don|78/100\n|-damage|p1a: The Don|71/100\n|-hitcount|p1a: The Don|4\n|-unboost|p2b: Koraidon|def|1\n|-boost|p2b: Koraidon|spe|1\n|move|p1a: The Don|Precipice Blades|p2a: Ho-Oh|[spread] p2b\n|-immune|p2a: Ho-Oh\n|-supereffective|p2b: Koraidon\n|-damage|p2b: Koraidon|0 fnt\n|faint|p2b: Koraidon\n|\n|-weather|SunnyDay|[upkeep]\n|upkeep\n|\n|t:|1773777167\n|switch|p2b: Flutter Mane|Flutter Mane, L50|100/100\n|-activate|p2b: Flutter Mane|ability: Protosynthesis\n|-start|p2b: Flutter Mane|protosynthesisspe\n|turn|3\n|inactive|SpinnerVGC has 30 seconds left.\n|inactive|firefalls has 30 seconds left.\n|inactive|SpinnerVGC has 20 seconds left.\n|\n|t:|1773777203\n|move|p2b: Flutter Mane|Protect|p2b: Flutter Mane\n|-singleturn|p2b: Flutter Mane|Protect\n|move|p1b: Flutter Mane|Shadow Ball|p2a: Ho-Oh\n|-damage|p2a: Ho-Oh|77/100\n|move|p2a: Ho-Oh|Tailwind|p2a: Ho-Oh\n|-sidestart|p2: firefalls|move: Tailwind\n|move|p1a: The Don|Heat Crash|p2b: Flutter Mane\n|-activate|p2b: Flutter Mane|move: Protect\n|\n|-weather|SunnyDay|[upkeep]\n|upkeep\n|turn|4\n|inactive|firefalls has 30 seconds left.\n|\n|t:|1773777234\n|move|p2b: Flutter Mane|Moonblast|p1b: Flutter Mane\n|-damage|p1b: Flutter Mane|0 fnt\n|faint|p1b: Flutter Mane\n|-end|p1b: Flutter Mane|Protosynthesis|[silent]\n|move|p2a: Ho-Oh|Sacred Fire|p1a: The Don\n|-damage|p1a: The Don|21/100\n|move|p1a: The Don|Heat Crash|p2b: Flutter Mane\n|-enditem|p2b: Flutter Mane|Focus Sash\n|-damage|p2b: Flutter Mane|1/100\n|\n|-weather|SunnyDay|[upkeep]\n|upkeep\n|\n|t:|1773777239\n|switch|p1b: Raging Bolt|Raging Bolt, L50|100/100\n|-activate|p1b: Raging Bolt|ability: Protosynthesis\n|-start|p1b: Raging Bolt|protosynthesisspa\n|turn|5\n|inactive|SpinnerVGC has 30 seconds left.\n|inactive|firefalls has 30 seconds left.\n|\n|t:|1773777273\n|-end|p2b: Flutter Mane|Protosynthesis|[silent]\n|switch|p2b: Incineroar|Incineroar, L50, F|57/100\n|-ability|p2b: Incineroar|Intimidate|boost\n|-fail|p1a: The Don|unboost|[from] item: Clear Amulet|[of] p1a: The Don\n|-unboost|p1b: Raging Bolt|atk|1\n|move|p1a: The Don|Protect|p1a: The Don\n|-singleturn|p1a: The Don|Protect\n|move|p1b: Raging Bolt|Thunderclap||[still]\n|-fail|p1b: Raging Bolt\n|move|p2a: Ho-Oh|Sacred Fire|p1a: The Don\n|-activate|p1a: The Don|move: Protect\n|\n|-weather|none\n|-end|p1b: Raging Bolt|Protosynthesis\n|upkeep\n|turn|6\n|\n|t:|1773777291\n|switch|p1a: Smeargle|Smeargle, L50, F|100/100\n|-terastallize|p1b: Raging Bolt|Electric\n|move|p2b: Incineroar|Fake Out|p1b: Raging Bolt\n|-damage|p1b: Raging Bolt|91/100\n|cant|p1b: Raging Bolt|flinch\n|move|p2a: Ho-Oh|Sacred Fire|p1a: Smeargle\n|-enditem|p1a: Smeargle|Focus Sash\n|-damage|p1a: Smeargle|1/100\n|\n|-sideend|p2: firefalls|move: Tailwind\n|-fieldend|Misty Terrain\n|-ability|p1a: Smeargle|Moody|boost\n|-boost|p1a: Smeargle|atk|2\n|-unboost|p1a: Smeargle|spd|1\n|upkeep\n|turn|7\n|inactive|firefalls has 30 seconds left.\n|inactive|firefalls has 20 seconds left.\n|inactive|firefalls has 15 seconds left.\n|inactive|firefalls has 10 seconds left.\n|inactive|firefalls has 5 seconds left.\n|\n|t:|1773777342\n|move|p1a: Smeargle|Fake Out|p2a: Ho-Oh\n|-damage|p2a: Ho-Oh|70/100\n|cant|p2a: Ho-Oh|flinch\n|move|p1b: Raging Bolt|Thunderbolt|p2b: Incineroar\n|-damage|p2b: Incineroar|0 fnt\n|faint|p2b: Incineroar\n|-damage|p1b: Raging Bolt|82/100|[from] item: Life Orb\n|\n|-ability|p1a: Smeargle|Moody|boost\n|-boost|p1a: Smeargle|spa|2\n|-unboost|p1a: Smeargle|atk|1\n|upkeep\n|\n|t:|1773777348\n|switch|p2b: Flutter Mane|Flutter Mane, L50|1/100\n|turn|8\n|inactive|SpinnerVGC has 30 seconds left.\n|\n|t:|1773777377\n|move|p1a: Smeargle|Follow Me|p1a: Smeargle\n|-singleturn|p1a: Smeargle|move: Follow Me\n|move|p2b: Flutter Mane|Icy Wind|p1b: Raging Bolt|[spread] p1a\n|-miss|p2b: Flutter Mane|p1b: Raging Bolt\n|-damage|p1a: Smeargle|0 fnt\n|faint|p1a: Smeargle\n|move|p2a: Ho-Oh|Sacred Fire|p1b: Raging Bolt\n|-damage|p1b: Raging Bolt|41/100\n|move|p1b: Raging Bolt|Thunderbolt|p2b: Flutter Mane\n|-damage|p2b: Flutter Mane|0 fnt\n|faint|p2b: Flutter Mane\n|-end|p2b: Flutter Mane|Protosynthesis|[silent]\n|-damage|p1b: Raging Bolt|31/100|[from] item: Life Orb\n|\n|upkeep\n|\n|t:|1773777381\n|switch|p1a: The Don|Groudon, L50|21/100\n|-weather|SunnyDay|[from] ability: Drought|[of] p1a: The Don\n|-activate|p1b: Raging Bolt|ability: Protosynthesis\n|-start|p1b: Raging Bolt|protosynthesisspa\n|turn|9\n|\n|t:|1773777396\n|move|p2a: Ho-Oh|Protect|p2a: Ho-Oh\n|-singleturn|p2a: Ho-Oh|Protect\n|move|p1b: Raging Bolt|Thunderclap||[still]\n|-fail|p1b: Raging Bolt\n|move|p1a: The Don|Heat Crash|p2a: Ho-Oh\n|-activate|p2a: Ho-Oh|move: Protect\n|\n|-weather|SunnyDay|[upkeep]\n|upkeep\n|turn|10\n|\n|t:|1773777410\n|move|p1b: Raging Bolt|Thunderclap||[still]\n|-fail|p1b: Raging Bolt\n|move|p1a: The Don|Heat Crash|p2a: Ho-Oh\n|-resisted|p2a: Ho-Oh\n|-damage|p2a: Ho-Oh|45/100\n|move|p2a: Ho-Oh|Tailwind|p2a: Ho-Oh\n|-sidestart|p2: firefalls|move: Tailwind\n|\n|-weather|SunnyDay|[upkeep]\n|upkeep\n|turn|11\n|\n|t:|1773777421\n|move|p1b: Raging Bolt|Thunderclap|p2a: Ho-Oh\n|-supereffective|p2a: Ho-Oh\n|-damage|p2a: Ho-Oh|0 fnt\n|faint|p2a: Ho-Oh\n|-damage|p1b: Raging Bolt|22/100|[from] item: Life Orb\n|\n|win|SpinnerVGC\n|raw|SpinnerVGC's rating: 1282 &rarr; <strong>1305</strong><br />(+23 for winning)\n|raw|firefalls's rating: 1254 &rarr; <strong>1231</strong><br />(-23 for losing)\n|c|\u2606SpinnerVGC|great game, well played\n|c|\u2606firefalls|gg\n","uploadtime":1773777426,"views":16,"formatid":"gen9vgc2026regi","rating":1231,"private":0,"password":null}