{"id":"gen9vgc2026regi-2516554224","format":"[Gen 9] VGC 2026 Reg I","players":["quishark","kojimuranishi"],"log":"|j|\u2606quishark\n|j|\u2606kojimuranishi\n|t:|1768155170\n|gametype|doubles\n|player|p1|quishark|hilbert|1235\n|player|p2|kojimuranishi|265|1376\n|gen|9\n|tier|[Gen 9] VGC 2026 Reg I\n|rated|\n|rule|Species Clause: Limit one of each Pok\u00e9mon\n|rule|Item Clause: Limit 1 of each item\n|clearpoke\n|poke|p1|Zamazenta-*, L50|\n|poke|p1|Calyrex-Shadow, L50|\n|poke|p1|Indeedee-F, L50, F|\n|poke|p1|Flutter Mane, L50|\n|poke|p1|Urshifu-*, L50, M|\n|poke|p1|Torkoal, L50, F|\n|poke|p2|Raging Bolt, L50|\n|poke|p2|Calyrex-Ice, L50|\n|poke|p2|Kyogre, L50|\n|poke|p2|Indeedee-F, L50, F|\n|poke|p2|Landorus, L50, M|\n|poke|p2|Urshifu-*, L50, F|\n|teampreview|4\n|inactive|Battle timer is ON: inactive players will automatically lose when time's up. (requested by quishark)\n|inactive|quishark has 60 seconds left.\n|\n|t:|1768155207\n|teamsize|p1|4\n|teamsize|p2|4\n|start\n|switch|p1a: Calyrex|Calyrex-Shadow, L50|100/100\n|switch|p1b: Zamazenta|Zamazenta-Crowned, L50|100/100\n|switch|p2a: Indeedee|Indeedee-F, L50, F|100/100\n|switch|p2b: Calyrex|Calyrex-Ice, L50|100/100\n|-ability|p1a: Calyrex|As One\n|-ability|p1a: Calyrex|Unnerve\n|-ability|p2b: Calyrex|As One\n|-ability|p2b: Calyrex|Unnerve\n|-ability|p1b: Zamazenta|Dauntless Shield|boost\n|-boost|p1b: Zamazenta|def|1\n|-fieldstart|move: Psychic Terrain|[from] ability: Psychic Surge|[of] p2a: Indeedee\n|turn|1\n|inactive|kojimuranishi has 30 seconds left.\n|\n|t:|1768155242\n|-terastallize|p2b: Calyrex|Fairy\n|move|p1a: Calyrex|Expanding Force|p2a: Indeedee|[spread] p2a,p2b\n|-resisted|p2a: Indeedee\n|-damage|p2a: Indeedee|65/100\n|-damage|p2b: Calyrex|58/100\n|move|p1b: Zamazenta|Body Press|p2a: Indeedee\n|-damage|p2a: Indeedee|15/100\n|-damage|p1b: Zamazenta|84/100|[from] item: Rocky Helmet|[of] p2a: Indeedee\n|move|p2b: Calyrex|Leech Seed|p1b: Zamazenta\n|-start|p1b: Zamazenta|move: Leech Seed\n|move|p2a: Indeedee|Trick Room|p2a: Indeedee\n|-fieldstart|move: Trick Room|[of] p2a: Indeedee\n|\n|-heal|p2b: Calyrex|64/100|[from] item: Leftovers\n|-damage|p1b: Zamazenta|72/100|[from] Leech Seed|[of] p2b: Calyrex\n|-heal|p2b: Calyrex|75/100|[silent]\n|upkeep\n|turn|2\n|inactive|quishark has 30 seconds left.\n|inactive|kojimuranishi has 30 seconds left.\n|\n|t:|1768155272\n|switch|p1b: Torkoal|Torkoal, L50, F|100/100\n|move|p2b: Calyrex|Leech Seed|p1a: Calyrex\n|-start|p1a: Calyrex|move: Leech Seed\n|move|p2a: Indeedee|Heal Pulse|p2b: Calyrex\n|-heal|p2b: Calyrex|100/100\n|move|p1a: Calyrex|Expanding Force|p2b: Calyrex|[spread] p2a,p2b\n|-resisted|p2a: Indeedee\n|-damage|p2a: Indeedee|0 fnt\n|-damage|p2b: Calyrex|63/100\n|faint|p2a: Indeedee\n|-ability|p1a: Calyrex|Grim Neigh|boost\n|-boost|p1a: Calyrex|spa|1\n|\n|-heal|p2b: Calyrex|69/100|[from] item: Leftovers\n|-damage|p1a: Calyrex|88/100|[from] Leech Seed|[of] p2b: Calyrex\n|-heal|p2b: Calyrex|79/100|[silent]\n|upkeep\n|inactive|kojimuranishi has 30 seconds left.\n|\n|t:|1768155302\n|switch|p2a: Raging Bolt|Raging Bolt, L50|100/100\n|-enditem|p2a: Raging Bolt|Booster Energy\n|-activate|p2a: Raging Bolt|ability: Protosynthesis|[fromitem]\n|-start|p2a: Raging Bolt|protosynthesisspa\n|turn|3\n|\n|t:|1768155322\n|switch|p1a: Zamazenta|Zamazenta-Crowned, L50|72/100\n|-terastallize|p1b: Torkoal|Fire\n|move|p1b: Torkoal|Eruption|p2a: Raging Bolt|[spread] p2a,p2b\n|-resisted|p2a: Raging Bolt\n|-damage|p2a: Raging Bolt|63/100\n|-damage|p2b: Calyrex|22/100\n|move|p2b: Calyrex|Glacial Lance|p1b: Torkoal|[spread] p1a,p1b\n|-resisted|p1a: Zamazenta\n|-resisted|p1b: Torkoal\n|-damage|p1a: Zamazenta|57/100\n|-damage|p1b: Torkoal|82/100\n|move|p2a: Raging Bolt|Thunderbolt|p1a: Zamazenta\n|-damage|p1a: Zamazenta|23/100\n|\n|-heal|p2b: Calyrex|28/100|[from] item: Leftovers\n|upkeep\n|turn|4\n|inactive|kojimuranishi has 30 seconds left.\n|\n|t:|1768155351\n|move|p2b: Calyrex|Protect|p2b: Calyrex\n|-singleturn|p2b: Calyrex|Protect\n|move|p1a: Zamazenta|Protect|p1a: Zamazenta\n|-singleturn|p1a: Zamazenta|Protect\n|move|p1b: Torkoal|Eruption|p2b: Calyrex|[spread] p2a\n|-activate|p2b: Calyrex|move: Protect\n|-resisted|p2a: Raging Bolt\n|-damage|p2a: Raging Bolt|26/100\n|move|p2a: Raging Bolt|Thunderbolt|p1a: Zamazenta\n|-activate|p1a: Zamazenta|move: Protect\n|\n|-heal|p2b: Calyrex|34/100|[from] item: Leftovers\n|upkeep\n|turn|5\n|\n|t:|1768155368\n|switch|p2b: Kyogre|Kyogre, L50|100/100\n|-weather|RainDance|[from] ability: Drizzle|[of] p2b: Kyogre\n|move|p1b: Torkoal|Eruption|p2b: Kyogre|[spread] p2a,p2b\n|-resisted|p2a: Raging Bolt\n|-resisted|p2b: Kyogre\n|-damage|p2a: Raging Bolt|9/100\n|-damage|p2b: Kyogre|85/100\n|move|p2a: Raging Bolt|Thunderbolt|p1a: Zamazenta\n|-damage|p1a: Zamazenta|0 fnt\n|faint|p1a: Zamazenta\n|\n|-weather|RainDance|[upkeep]\n|-fieldend|move: Trick Room\n|-fieldend|move: Psychic Terrain\n|upkeep\n|\n|t:|1768155391\n|switch|p1a: Urshifu|Urshifu-Rapid-Strike, L50, M|100/100\n|turn|6\n|\n|t:|1768155403\n|move|p2a: Raging Bolt|Thunderclap|p1a: Urshifu\n|-supereffective|p1a: Urshifu\n|-damage|p1a: Urshifu|0 fnt\n|faint|p1a: Urshifu\n|move|p2b: Kyogre|Water Spout|p1b: Torkoal\n|-supereffective|p1b: Torkoal\n|-damage|p1b: Torkoal|0 fnt\n|faint|p1b: Torkoal\n|\n|-weather|RainDance|[upkeep]\n|upkeep\n|\n|t:|1768155407\n|switch|p1b: Calyrex|Calyrex-Shadow, L50|88/100\n|-ability|p1b: Calyrex|As One\n|-ability|p1b: Calyrex|Unnerve\n|turn|7\n|\n|t:|1768155419\n|move|p1b: Calyrex|Protect|p1b: Calyrex\n|-singleturn|p1b: Calyrex|Protect\n|move|p2a: Raging Bolt|Thunderclap||[still]\n|-fail|p2a: Raging Bolt\n|move|p2b: Kyogre|Water Spout|p1b: Calyrex\n|-activate|p1b: Calyrex|move: Protect\n|\n|-weather|RainDance|[upkeep]\n|upkeep\n|turn|8\n|\n|t:|1768155430\n|move|p2a: Raging Bolt|Thunderclap|p1b: Calyrex\n|-damage|p1b: Calyrex|30/100\n|move|p2b: Kyogre|Water Spout|p1b: Calyrex\n|-damage|p1b: Calyrex|0 fnt\n|faint|p1b: Calyrex\n|\n|win|kojimuranishi\n|raw|quishark's rating: 1235 &rarr; <strong>1220</strong><br />(-15 for losing)\n|raw|kojimuranishi's rating: 1376 &rarr; <strong>1388</strong><br />(+12 for winning)\n|l|\u2606kojimuranishi\n|player|p2|\n|l|\u2606quishark\n|player|p1|\n","uploadtime":1768155681,"views":12,"formatid":"gen9vgc2026regi","rating":1220,"private":0,"password":null}