{"id":"gen9vgc2026regi-2590027477","format":"[Gen 9] VGC 2026 Reg I","players":["KingCosma","stupid test7"],"log":"|j|\u2606KingCosma\n|j|\u2606stupid test7\n|t:|1776782225\n|gametype|doubles\n|player|p1|KingCosma|blue-gen1rbchampion|1463\n|player|p2|stupid test7|265|1517\n|gen|9\n|tier|[Gen 9] VGC 2026 Reg I\n|rated|\n|rule|Species Clause: Limit one of each Pok\u00e9mon\n|rule|Item Clause: Limit 1 of each item\n|clearpoke\n|poke|p1|Calyrex-Shadow, L50|\n|poke|p1|Charizard, L50, M|\n|poke|p1|Koraidon, L50|\n|poke|p1|Walking Wake, L50|\n|poke|p1|Lilligant-Hisui, L50, F|\n|poke|p1|Incineroar, L50, M|\n|poke|p2|Kyogre, L50|\n|poke|p2|Indeedee-F, L50, F|\n|poke|p2|Ludicolo, L50, F|\n|poke|p2|Urshifu-*, L50, M|\n|poke|p2|Calyrex-Ice, L50|\n|poke|p2|Wyrdeer, L50, M|\n|teampreview|4\n|\n|t:|1776782296\n|teamsize|p1|4\n|teamsize|p2|4\n|start\n|switch|p1a: horse|Calyrex-Shadow, L50|100/100\n|switch|p1b: nasty cat|Incineroar, L50, M|100/100\n|switch|p2a: Wyrdeer|Wyrdeer, L50, M|100/100\n|switch|p2b: Urshifu|Urshifu-Rapid-Strike, L50, M|100/100\n|-ability|p1a: horse|As One\n|-ability|p1a: horse|Unnerve\n|-ability|p1b: nasty cat|Intimidate|boost\n|-unboost|p2a: Wyrdeer|atk|1\n|-unboost|p2b: Urshifu|atk|1\n|-ability|p2a: Wyrdeer|Intimidate|boost\n|-unboost|p1a: horse|atk|1\n|-unboost|p1b: nasty cat|atk|1\n|turn|1\n|\n|t:|1776782345\n|move|p1b: nasty cat|Fake Out|p2b: Urshifu\n|-damage|p2b: Urshifu|93/100\n|move|p1a: horse|Psychic|p2b: Urshifu\n|-supereffective|p2b: Urshifu\n|-damage|p2b: Urshifu|0 fnt\n|faint|p2b: Urshifu\n|-ability|p1a: horse|Grim Neigh|boost\n|-boost|p1a: horse|spa|1\n|move|p2a: Wyrdeer|Trick Room|p2a: Wyrdeer\n|-fieldstart|move: Trick Room|[of] p2a: Wyrdeer\n|\n|upkeep\n|\n|t:|1776782353\n|switch|p2b: Calyrex|Calyrex-Ice, L50|100/100\n|-ability|p2b: Calyrex|As One\n|-ability|p2b: Calyrex|Unnerve\n|turn|2\n|\n|t:|1776782374\n|-terastallize|p2b: Calyrex|Fairy\n|move|p1a: horse|Protect|p1a: horse\n|-singleturn|p1a: horse|Protect\n|move|p2a: Wyrdeer|Gravity|p2a: Wyrdeer\n|-fieldstart|move: Gravity\n|move|p1b: nasty cat|Flare Blitz|p2b: Calyrex\n|-damage|p2b: Calyrex|80/100\n|-damage|p1b: nasty cat|94/100|[from] Recoil\n|move|p2b: Calyrex|Substitute|p2b: Calyrex\n|-start|p2b: Calyrex|Substitute\n|-damage|p2b: Calyrex|56/100\n|\n|-heal|p2b: Calyrex|61/100|[from] item: Leftovers\n|upkeep\n|turn|3\n|\n|t:|1776782388\n|move|p2a: Wyrdeer|Hypnosis|p1a: horse\n|-status|p1a: horse|slp|[from] move: Hypnosis\n|move|p1b: nasty cat|Flare Blitz|p2b: Calyrex\n|-activate|p2b: Calyrex|move: Substitute|[damage]\n|-damage|p1b: nasty cat|88/100|[from] Recoil|[of] p2b: Calyrex\n|move|p2b: Calyrex|Glacial Lance|p1a: horse|[spread] p1a,p1b\n|-resisted|p1b: nasty cat\n|-damage|p1a: horse|29/100 slp\n|-damage|p1b: nasty cat|68/100\n|cant|p1a: horse|slp\n|\n|-heal|p2b: Calyrex|67/100|[from] item: Leftovers\n|upkeep\n|turn|4\n|\n|t:|1776782399\n|move|p2a: Wyrdeer|Hypnosis|p1b: nasty cat\n|-status|p1b: nasty cat|slp|[from] move: Hypnosis\n|cant|p1b: nasty cat|slp\n|move|p2b: Calyrex|Glacial Lance|p1a: horse|[spread] p1a,p1b\n|-resisted|p1b: nasty cat\n|-damage|p1a: horse|0 fnt\n|-damage|p1b: nasty cat|47/100 slp\n|faint|p1a: horse\n|-ability|p2b: Calyrex|Chilling Neigh|boost\n|-boost|p2b: Calyrex|atk|1\n|\n|-heal|p2b: Calyrex|73/100|[from] item: Leftovers\n|upkeep\n|\n|t:|1776782409\n|switch|p1a: Bike|Koraidon, L50|100/100\n|-weather|SunnyDay|[from] ability: Orichalcum Pulse|[of] p1a: Bike\n|-activate|p1a: Bike|Orichalcum Pulse|[source]\n|turn|5\n|\n|t:|1776782420\n|switch|p2a: Kyogre|Kyogre, L50|100/100\n|-weather|RainDance|[from] ability: Drizzle|[of] p2a: Kyogre\n|move|p1a: Bike|Protect|p1a: Bike\n|-singleturn|p1a: Bike|Protect\n|-curestatus|p1b: nasty cat|slp|[msg]\n|move|p1b: nasty cat|Flare Blitz|p2b: Calyrex\n|-crit|p2b: Calyrex\n|-end|p2b: Calyrex|Substitute\n|-damage|p1b: nasty cat|45/100|[from] Recoil|[of] p2b: Calyrex\n|move|p2b: Calyrex|Glacial Lance|p1b: nasty cat|[spread] p1b\n|-activate|p1a: Bike|move: Protect\n|-resisted|p1b: nasty cat\n|-damage|p1b: nasty cat|15/100\n|\n|-weather|RainDance|[upkeep]\n|-heal|p2b: Calyrex|79/100|[from] item: Leftovers\n|-fieldend|move: Trick Room\n|upkeep\n|turn|6\n|\n|t:|1776782440\n|move|p2a: Kyogre|Water Spout|p1a: Bike|[spread] p1a,p1b\n|-resisted|p1a: Bike\n|-supereffective|p1b: nasty cat\n|-damage|p1a: Bike|54/100\n|-damage|p1b: nasty cat|0 fnt\n|faint|p1b: nasty cat\n|move|p1a: Bike|Collision Course|p2b: Calyrex\n|-resisted|p2b: Calyrex\n|-damage|p2b: Calyrex|58/100\n|-damage|p1a: Bike|44/100|[from] item: Life Orb\n|move|p2b: Calyrex|Glacial Lance|p1a: Bike\n|-supereffective|p1a: Bike\n|-damage|p1a: Bike|0 fnt\n|faint|p1a: Bike\n|-ability|p2b: Calyrex|Chilling Neigh|boost\n|-boost|p2b: Calyrex|atk|1\n|\n|-weather|RainDance|[upkeep]\n|-heal|p2b: Calyrex|64/100|[from] item: Leftovers\n|-fieldend|move: Gravity\n|upkeep\n|\n|t:|1776782449\n|switch|p1b: dino|Walking Wake, L50|100/100\n|turn|7\n|\n|t:|1776782467\n|switch|p2a: Wyrdeer|Wyrdeer, L50, M|100/100\n|-ability|p2a: Wyrdeer|Intimidate|boost\n|-unboost|p1b: dino|atk|1\n|move|p2b: Calyrex|Protect|p2b: Calyrex\n|-singleturn|p2b: Calyrex|Protect\n|move|p1b: dino|Hydro Steam|p2b: Calyrex\n|-activate|p2b: Calyrex|move: Protect\n|\n|-weather|RainDance|[upkeep]\n|-heal|p2b: Calyrex|70/100|[from] item: Leftovers\n|upkeep\n|turn|8\n|-message|KingCosma forfeited.\n|\n|win|stupid test7\n|raw|KingCosma's rating: 1463 &rarr; <strong>1446</strong><br />(-17 for losing)\n|raw|stupid test7's rating: 1517 &rarr; <strong>1534</strong><br />(+17 for winning)\n|l|\u2606KingCosma\n|player|p1|\n|l|\u2606stupid test7\n|player|p2|\n","uploadtime":1776782686,"views":9,"formatid":"gen9vgc2026regi","rating":1446,"private":0,"password":null}