{"id":"gen9vgc2026regi-2553652588","format":"[Gen 9] VGC 2026 Reg I","players":["Rypassed You","xiaoliyunVGC"],"log":"|j|\u2606Rypassed You\n|j|\u2606xiaoliyunVGC\n|t:|1772856313\n|gametype|doubles\n|player|p1|Rypassed You|drayton|1587\n|player|p2|xiaoliyunVGC|liko|1568\n|gen|9\n|tier|[Gen 9] VGC 2026 Reg I\n|rated|\n|rule|Species Clause: Limit one of each Pok\u00e9mon\n|rule|Item Clause: Limit 1 of each item\n|clearpoke\n|poke|p1|Kyogre, L50|\n|poke|p1|Miraidon, L50|\n|poke|p1|Tornadus, L50, M|\n|poke|p1|Iron Hands, L50|\n|poke|p1|Farigiraf, L50, F|\n|poke|p1|Urshifu-*, L50, M|\n|poke|p2|Zamazenta-*, L50|\n|poke|p2|Kyogre, L50|\n|poke|p2|Raichu, L50, M|\n|poke|p2|Flutter Mane, L50|\n|poke|p2|Tornadus, L50, M|\n|poke|p2|Urshifu-*, L50, F|\n|teampreview|4\n|inactive|Battle timer is ON: inactive players will automatically lose when time's up. (requested by Rypassed You)\n|inactive|xiaoliyunVGC also wants the timer to be on.\n|inactive|xiaoliyunVGC has 60 seconds left.\n|\n|t:|1772856358\n|teamsize|p1|4\n|teamsize|p2|4\n|start\n|switch|p1a: \u30c8\u30eb\u30cd\u30ed\u30b9|Tornadus, L50, M|100/100\n|switch|p1b: Natalia|Miraidon, L50|100/100\n|switch|p2a: Zamazenta|Zamazenta-Crowned, L50, shiny|100/100\n|switch|p2b: Urshifu|Urshifu, L50, F|100/100\n|-fieldstart|move: Electric Terrain|[from] ability: Hadron Engine|[of] p1b: Natalia\n|-ability|p2a: Zamazenta|Dauntless Shield|boost\n|-boost|p2a: Zamazenta|def|1\n|turn|1\n|\n|t:|1772856379\n|switch|p2b: Raichu|Raichu, L50, M, shiny|100/100\n|-terastallize|p1b: Natalia|Fairy\n|move|p1a: \u30c8\u30eb\u30cd\u30ed\u30b9|Taunt|p2a: Zamazenta\n|-start|p2a: Zamazenta|move: Taunt\n|move|p1b: Natalia|Dazzling Gleam|p2a: Zamazenta|[spread] p2a,p2b\n|-damage|p2a: Zamazenta|58/100\n|-damage|p2b: Raichu|10/100\n|move|p2a: Zamazenta|Body Press|p1b: Natalia\n|-resisted|p1b: Natalia\n|-damage|p1b: Natalia|70/100\n|\n|upkeep\n|turn|2\n|\n|t:|1772856398\n|switch|p1b: Dhruva|Kyogre, L50|100/100\n|-weather|RainDance|[from] ability: Drizzle|[of] p1b: Dhruva\n|move|p2b: Raichu|Helping Hand|p2a: Zamazenta\n|-singleturn|p2a: Zamazenta|Helping Hand|[of] p2b: Raichu\n|move|p1a: \u30c8\u30eb\u30cd\u30ed\u30b9|Bleakwind Storm|p2a: Zamazenta|[spread] p2a,p2b\n|-resisted|p2b: Raichu\n|-damage|p2a: Zamazenta|35/100\n|-damage|p2b: Raichu|0 fnt\n|faint|p2b: Raichu\n|move|p2a: Zamazenta|Behemoth Bash|p1b: Dhruva\n|-resisted|p1b: Dhruva\n|-damage|p1b: Dhruva|65/100\n|\n|-weather|RainDance|[upkeep]\n|upkeep\n|\n|t:|1772856411\n|switch|p2b: Kyogre|Kyogre, L50, shiny|100/100\n|turn|3\n|inactive|xiaoliyunVGC has 30 seconds left.\n|\n|t:|1772856439\n|move|p2b: Kyogre|Thunder|p1a: \u30c8\u30eb\u30cd\u30ed\u30b9\n|-supereffective|p1a: \u30c8\u30eb\u30cd\u30ed\u30b9\n|-enditem|p1a: \u30c8\u30eb\u30cd\u30ed\u30b9|Focus Sash\n|-damage|p1a: \u30c8\u30eb\u30cd\u30ed\u30b9|1/100\n|-status|p1a: \u30c8\u30eb\u30cd\u30ed\u30b9|par\n|move|p1b: Dhruva|Origin Pulse|p2b: Kyogre|[spread] p2a,p2b\n|-resisted|p2b: Kyogre\n|-damage|p2a: Zamazenta|0 fnt\n|-damage|p2b: Kyogre|72/100\n|faint|p2a: Zamazenta\n|move|p1a: \u30c8\u30eb\u30cd\u30ed\u30b9|Bleakwind Storm|p2b: Kyogre\n|-crit|p2b: Kyogre\n|-damage|p2b: Kyogre|15/100\n|-unboost|p2b: Kyogre|spe|1\n|\n|-weather|RainDance|[upkeep]\n|upkeep\n|\n|t:|1772856452\n|switch|p2a: Urshifu|Urshifu, L50, F|100/100\n|turn|4\n|\n|t:|1772856467\n|move|p2a: Urshifu|Sucker Punch|p1b: Dhruva\n|-damage|p1b: Dhruva|0 fnt\n|faint|p1b: Dhruva\n|move|p2b: Kyogre|Thunder|p1a: \u30c8\u30eb\u30cd\u30ed\u30b9\n|-supereffective|p1a: \u30c8\u30eb\u30cd\u30ed\u30b9\n|-damage|p1a: \u30c8\u30eb\u30cd\u30ed\u30b9|0 fnt\n|faint|p1a: \u30c8\u30eb\u30cd\u30ed\u30b9\n|\n|-weather|RainDance|[upkeep]\n|upkeep\n|\n|t:|1772856471\n|switch|p1a: Natalia|Miraidon, L50, tera:Fairy|70/100\n|switch|p1b: George|Urshifu-Rapid-Strike, L50, M|100/100\n|-activate|p1a: Natalia|ability: Hadron Engine\n|turn|5\n|\n|t:|1772856491\n|-terastallize|p2a: Urshifu|Steel\n|move|p2a: Urshifu|Sucker Punch|p1b: George\n|-resisted|p1b: George\n|-damage|p1b: George|70/100\n|move|p1b: George|Surging Strikes|p2a: Urshifu\n|-crit|p2a: Urshifu\n|-damage|p2a: Urshifu|67/100\n|-crit|p2a: Urshifu\n|-damage|p2a: Urshifu|36/100\n|-crit|p2a: Urshifu\n|-damage|p2a: Urshifu|5/100\n|-hitcount|p2a: Urshifu|3\n|move|p1a: Natalia|Dazzling Gleam|p2a: Urshifu|[spread] p2a,p2b\n|-resisted|p2a: Urshifu\n|-damage|p2a: Urshifu|0 fnt\n|-damage|p2b: Kyogre|0 fnt\n|faint|p2a: Urshifu\n|faint|p2b: Kyogre\n|\n|win|Rypassed You\n|raw|Rypassed You's rating: 1587 &rarr; <strong>1606</strong><br />(+19 for winning)\n|raw|xiaoliyunVGC's rating: 1568 &rarr; <strong>1549</strong><br />(-19 for losing)\n|l|\u2606xiaoliyunVGC\n|player|p2|\n|l|\u2606Rypassed You\n|player|p1|\n","uploadtime":1772856650,"views":22,"formatid":"gen9vgc2026regi","rating":1549,"private":0,"password":null}