{"id":"gen9vgc2026regi-2588761116","format":"[Gen 9] VGC 2026 Reg I","players":["armandopalsud","Ceraida"],"log":"|j|\u2606armandopalsud\n|j|\u2606Ceraida\n|t:|1776667336\n|gametype|doubles\n|player|p1|armandopalsud|hilbert|1424\n|player|p2|Ceraida|veteran|1535\n|gen|9\n|tier|[Gen 9] VGC 2026 Reg I\n|rated|\n|rule|Species Clause: Limit one of each Pok\u00e9mon\n|rule|Item Clause: Limit 1 of each item\n|clearpoke\n|poke|p1|Koraidon, L50|\n|poke|p1|Lunala, L50|\n|poke|p1|Chi-Yu, L50|\n|poke|p1|Ursaluna, L50, M|\n|poke|p1|Brute Bonnet, L50|\n|poke|p1|Flutter Mane, L50|\n|poke|p2|Calyrex-Shadow, L50|\n|poke|p2|Koraidon, L50|\n|poke|p2|Indeedee-F, L50, F|\n|poke|p2|Brute Bonnet, L50|\n|poke|p2|Sneasler, L50, M|\n|poke|p2|Chi-Yu, L50|\n|teampreview|4\n|inactive|Battle timer is ON: inactive players will automatically lose when time's up. (requested by Ceraida)\n|\n|t:|1776667364\n|teamsize|p1|4\n|teamsize|p2|4\n|start\n|switch|p1a: Koraidon|Koraidon, L50|100/100\n|switch|p1b: Flutter Mane|Flutter Mane, L50|100/100\n|switch|p2a: Calyrex|Calyrex-Shadow, L50|100/100\n|switch|p2b: Indeedee|Indeedee-F, L50, F|100/100\n|-ability|p2a: Calyrex|As One\n|-ability|p2a: Calyrex|Unnerve\n|-weather|SunnyDay|[from] ability: Orichalcum Pulse|[of] p1a: Koraidon\n|-activate|p1b: Flutter Mane|ability: Protosynthesis\n|-start|p1b: Flutter Mane|protosynthesisspe\n|-activate|p1a: Koraidon|Orichalcum Pulse|[source]\n|-fieldstart|move: Psychic Terrain|[from] ability: Psychic Surge|[of] p2b: Indeedee\n|turn|1\n|\n|t:|1776667379\n|move|p2a: Calyrex|Protect|p2a: Calyrex\n|-singleturn|p2a: Calyrex|Protect\n|move|p2b: Indeedee|Protect|p2b: Indeedee\n|-singleturn|p2b: Indeedee|Protect\n|move|p1b: Flutter Mane|Moonblast|p2b: Indeedee\n|-activate|p2b: Indeedee|move: Protect\n|move|p1a: Koraidon|Flame Charge|p2b: Indeedee\n|-activate|p2b: Indeedee|move: Protect\n|\n|-weather|SunnyDay|[upkeep]\n|upkeep\n|turn|2\n|\n|t:|1776667391\n|move|p2b: Indeedee|Follow Me|p2b: Indeedee\n|-singleturn|p2b: Indeedee|move: Follow Me\n|move|p1b: Flutter Mane|Icy Wind|p2a: Calyrex|[spread] p2a,p2b\n|-damage|p2a: Calyrex|85/100\n|-damage|p2b: Indeedee|85/100\n|-unboost|p2a: Calyrex|spe|1\n|-unboost|p2b: Indeedee|spe|1\n|move|p1a: Koraidon|Flare Blitz|p2b: Indeedee\n|-damage|p2b: Indeedee|0 fnt\n|-damage|p1a: Koraidon|84/100|[from] item: Rocky Helmet|[of] p2b: Indeedee\n|faint|p2b: Indeedee\n|-damage|p1a: Koraidon|55/100|[from] Recoil\n|-damage|p1a: Koraidon|46/100|[from] item: Life Orb\n|move|p2a: Calyrex|Expanding Force|p1a: Koraidon|[spread] p1a,p1b\n|-supereffective|p1a: Koraidon\n|-damage|p1a: Koraidon|0 fnt\n|-damage|p1b: Flutter Mane|4/100\n|faint|p1a: Koraidon\n|-ability|p2a: Calyrex|Grim Neigh|boost\n|-boost|p2a: Calyrex|spa|1\n|-damage|p2a: Calyrex|75/100|[from] item: Life Orb\n|\n|-weather|SunnyDay|[upkeep]\n|upkeep\n|\n|t:|1776667408\n|switch|p1a: Lunala|Lunala, L50|100/100\n|switch|p2b: Chi-Yu|Chi-Yu, L50|100/100\n|-ability|p2b: Chi-Yu|Beads of Ruin\n|turn|3\n|\n|t:|1776667433\n|-terastallize|p1a: Lunala|Water\n|move|p2a: Calyrex|Protect|p2a: Calyrex\n|-singleturn|p2a: Calyrex|Protect\n|move|p1b: Flutter Mane|Shadow Ball|p2a: Calyrex\n|-activate|p2a: Calyrex|move: Protect\n|move|p2b: Chi-Yu|Dark Pulse|p1b: Flutter Mane\n|-damage|p1b: Flutter Mane|0 fnt\n|faint|p1b: Flutter Mane\n|-end|p1b: Flutter Mane|Protosynthesis|[silent]\n|move|p1a: Lunala|Trick Room|p1a: Lunala\n|-fieldstart|move: Trick Room|[of] p1a: Lunala\n|\n|-weather|SunnyDay|[upkeep]\n|upkeep\n|\n|t:|1776667443\n|switch|p1b: Ursaluna|Ursaluna, L50, M|100/100\n|turn|4\n|\n|t:|1776667464\n|switch|p2a: Brute Bonnet|Brute Bonnet, L50|100/100\n|-activate|p2a: Brute Bonnet|ability: Protosynthesis\n|-start|p2a: Brute Bonnet|protosynthesisdef\n|move|p1a: Lunala|Wide Guard|p1a: Lunala\n|-singleturn|p1a: Lunala|Wide Guard\n|move|p1b: Ursaluna|Earthquake|p2a: Brute Bonnet|[spread] p2a,p2b\n|-activate|p1a: Lunala|move: Wide Guard\n|-resisted|p2a: Brute Bonnet\n|-supereffective|p2b: Chi-Yu\n|-damage|p2a: Brute Bonnet|88/100\n|-damage|p2b: Chi-Yu|0 fnt\n|faint|p2b: Chi-Yu\n|\n|-weather|SunnyDay|[upkeep]\n|-status|p1b: Ursaluna|brn|[from] item: Flame Orb\n|upkeep\n|\n|t:|1776667469\n|switch|p2b: Calyrex|Calyrex-Shadow, L50|75/100\n|-ability|p2b: Calyrex|As One\n|-ability|p2b: Calyrex|Unnerve\n|turn|5\n|\n|t:|1776667480\n|move|p2b: Calyrex|Protect|p2b: Calyrex\n|-singleturn|p2b: Calyrex|Protect\n|move|p1b: Ursaluna|Facade|p2a: Brute Bonnet\n|-damage|p2a: Brute Bonnet|18/100\n|move|p2a: Brute Bonnet|Spore|p1a: Lunala\n|-status|p1a: Lunala|slp|[from] move: Spore\n|cant|p1a: Lunala|slp\n|\n|-weather|none\n|-end|p2a: Brute Bonnet|Protosynthesis\n|-damage|p1b: Ursaluna|95/100 brn|[from] brn\n|-fieldend|move: Psychic Terrain\n|upkeep\n|turn|6\n|\n|t:|1776667505\n|cant|p1a: Lunala|slp\n|move|p2a: Brute Bonnet|Rage Powder|p2a: Brute Bonnet\n|-singleturn|p2a: Brute Bonnet|move: Rage Powder\n|move|p1b: Ursaluna|Facade|p2a: Brute Bonnet\n|-damage|p2a: Brute Bonnet|0 fnt\n|faint|p2a: Brute Bonnet\n|-end|p2a: Brute Bonnet|Protosynthesis|[silent]\n|move|p2b: Calyrex|Expanding Force|p1b: Ursaluna\n|-damage|p1b: Ursaluna|42/100 brn\n|-damage|p2b: Calyrex|66/100|[from] item: Life Orb\n|\n|-damage|p1b: Ursaluna|36/100 brn|[from] brn\n|upkeep\n|turn|7\n|-message|Ceraida forfeited.\n|\n|win|armandopalsud\n|raw|armandopalsud's rating: 1424 &rarr; <strong>1450</strong><br />(+26 for winning)\n|raw|Ceraida's rating: 1535 &rarr; <strong>1509</strong><br />(-26 for losing)\n|l|\u2606Ceraida\n|player|p2|\n|l|\u2606armandopalsud\n|player|p1|\n","uploadtime":1776667774,"views":13,"formatid":"gen9vgc2026regi","rating":1450,"private":0,"password":null}