{"id":"gen9vgc2026regi-2563454887","format":"[Gen 9] VGC 2026 Reg I","players":["Ikalgoat","4Test4"],"log":"|j|\u2606Ikalgoat\n|j|\u26064Test4\n|t:|1774027679\n|gametype|doubles\n|player|p1|Ikalgoat|1|1205\n|player|p2|4Test4|blue|1200\n|gen|9\n|tier|[Gen 9] VGC 2026 Reg I\n|rated|\n|rule|Species Clause: Limit one of each Pok\u00e9mon\n|rule|Item Clause: Limit 1 of each item\n|clearpoke\n|poke|p1|Zamazenta-*, L50|\n|poke|p1|Eternatus, L50|\n|poke|p1|Amoonguss, L50, F|\n|poke|p1|Magmar, L50, M|\n|poke|p1|Farigiraf, L50, F|\n|poke|p1|Slither Wing, L50|\n|poke|p2|Koraidon, L50|\n|poke|p2|Calyrex-Shadow, L50|\n|poke|p2|Brute Bonnet, L50|\n|poke|p2|Incineroar, L50, M|\n|poke|p2|Weezing-Galar, L50, M|\n|poke|p2|Talonflame, L50, F|\n|teampreview|4\n|inactive|Battle timer is ON: inactive players will automatically lose when time's up. (requested by Ikalgoat)\n|inactive|Ikalgoat has 60 seconds left.\n|inactive|4Test4 has 60 seconds left.\n|\n|t:|1774027718\n|teamsize|p1|4\n|teamsize|p2|4\n|start\n|switch|p1a: Zamazenta|Zamazenta-Crowned, L50|100/100\n|switch|p1b: Slither Wing|Slither Wing, L50, shiny|100/100\n|switch|p2a: Koraidon|Koraidon, L50|100/100\n|switch|p2b: Brute Bonnet|Brute Bonnet, L50|100/100\n|-weather|SunnyDay|[from] ability: Orichalcum Pulse|[of] p2a: Koraidon\n|-activate|p1b: Slither Wing|ability: Protosynthesis\n|-start|p1b: Slither Wing|protosynthesisatk\n|-activate|p2b: Brute Bonnet|ability: Protosynthesis\n|-start|p2b: Brute Bonnet|protosynthesisdef\n|-activate|p2a: Koraidon|Orichalcum Pulse|[source]\n|-ability|p1a: Zamazenta|Dauntless Shield|boost\n|-boost|p1a: Zamazenta|def|1\n|turn|1\n|\n|t:|1774027739\n|-terastallize|p2b: Brute Bonnet|Water\n|move|p2a: Koraidon|Protect|p2a: Koraidon\n|-singleturn|p2a: Koraidon|Protect\n|move|p1b: Slither Wing|First Impression|p2b: Brute Bonnet\n|-damage|p2b: Brute Bonnet|66/100\n|move|p1a: Zamazenta|Iron Defense|p1a: Zamazenta\n|-boost|p1a: Zamazenta|def|2\n|move|p2b: Brute Bonnet|Spore|p1a: Zamazenta\n|-status|p1a: Zamazenta|slp|[from] move: Spore\n|\n|-weather|SunnyDay|[upkeep]\n|upkeep\n|turn|2\n|\n|t:|1774027759\n|move|p2a: Koraidon|Flame Charge|p1a: Zamazenta\n|-supereffective|p1a: Zamazenta\n|-damage|p1a: Zamazenta|81/100 slp\n|-boost|p2a: Koraidon|spe|1\n|cant|p1a: Zamazenta|slp\n|move|p1b: Slither Wing|Close Combat|p2a: Koraidon\n|-damage|p2a: Koraidon|18/100\n|-unboost|p1b: Slither Wing|def|1\n|-unboost|p1b: Slither Wing|spd|1\n|move|p2b: Brute Bonnet|Spore|p1b: Slither Wing\n|-status|p1b: Slither Wing|slp|[from] move: Spore\n|\n|-weather|SunnyDay|[upkeep]\n|upkeep\n|turn|3\n|\n|t:|1774027783\n|-end|p1b: Slither Wing|Protosynthesis|[silent]\n|switch|p1b: Magmar|Magmar, L50, M|100/100\n|-end|p2b: Brute Bonnet|Protosynthesis|[silent]\n|switch|p2b: Calyrex|Calyrex-Shadow, L50|100/100\n|-ability|p2b: Calyrex|As One\n|-ability|p2b: Calyrex|Unnerve\n|move|p2a: Koraidon|Flare Blitz|p1b: Magmar\n|-resisted|p1b: Magmar\n|-damage|p1b: Magmar|56/100\n|-status|p2a: Koraidon|brn|[from] ability: Flame Body|[of] p1b: Magmar\n|-damage|p2a: Koraidon|4/100 brn|[from] Recoil\n|-curestatus|p1a: Zamazenta|slp|[msg]\n|move|p1a: Zamazenta|Body Press|p2a: Koraidon\n|-damage|p2a: Koraidon|0 fnt\n|faint|p2a: Koraidon\n|\n|-weather|SunnyDay|[upkeep]\n|upkeep\n|\n|t:|1774027792\n|switch|p2a: Talonflame|Talonflame, L50, F|100/100\n|turn|4\n|\n|t:|1774027816\n|-terastallize|p1a: Zamazenta|Grass\n|move|p2a: Talonflame|Upper Hand||[still]\n|-fail|p2a: Talonflame\n|move|p1b: Magmar|Follow Me|p1b: Magmar\n|-singleturn|p1b: Magmar|move: Follow Me\n|move|p2b: Calyrex|Astral Barrage|p1b: Magmar|[spread] p1a,p1b\n|-damage|p1a: Zamazenta|47/100\n|-damage|p1b: Magmar|23/100\n|move|p1a: Zamazenta|Heavy Slam|p2b: Calyrex\n|-damage|p2b: Calyrex|42/100\n|\n|-weather|SunnyDay|[upkeep]\n|upkeep\n|turn|5\n|\n|t:|1774027840\n|move|p1b: Magmar|Follow Me|p1b: Magmar\n|-singleturn|p1b: Magmar|move: Follow Me\n|move|p2a: Talonflame|Brave Bird|p1b: Magmar\n|-damage|p1b: Magmar|0 fnt\n|faint|p1b: Magmar\n|-damage|p2a: Talonflame|92/100|[from] Recoil\n|-damage|p2a: Talonflame|82/100|[from] item: Life Orb\n|move|p2b: Calyrex|Astral Barrage|p1a: Zamazenta\n|-damage|p1a: Zamazenta|0 fnt\n|faint|p1a: Zamazenta\n|-ability|p2b: Calyrex|Grim Neigh|boost\n|-boost|p2b: Calyrex|spa|1\n|\n|-weather|none\n|upkeep\n|\n|t:|1774027855\n|switch|p1a: Eternatus|Eternatus, L50|100/100\n|switch|p1b: Slither Wing|Slither Wing, L50, shiny|100/100 slp\n|-ability|p1a: Eternatus|Pressure\n|-enditem|p1b: Slither Wing|Booster Energy\n|-activate|p1b: Slither Wing|ability: Protosynthesis|[fromitem]\n|-start|p1b: Slither Wing|protosynthesisatk\n|turn|6\n|\n|t:|1774027874\n|cant|p1b: Slither Wing|slp\n|move|p2b: Calyrex|Psychic|p1a: Eternatus\n|-supereffective|p1a: Eternatus\n|-damage|p1a: Eternatus|0 fnt\n|faint|p1a: Eternatus\n|-ability|p2b: Calyrex|Grim Neigh|boost\n|-boost|p2b: Calyrex|spa|1\n|move|p2a: Talonflame|Brave Bird|p1b: Slither Wing\n|-supereffective|p1b: Slither Wing\n|-damage|p1b: Slither Wing|0 fnt\n|faint|p1b: Slither Wing\n|-end|p1b: Slither Wing|Protosynthesis|[silent]\n|-damage|p2a: Talonflame|41/100|[from] Recoil\n|-damage|p2a: Talonflame|31/100|[from] item: Life Orb\n|\n|win|4Test4\n|raw|Ikalgoat's rating: 1205 &rarr; <strong>1180</strong><br />(-25 for losing)\n|raw|4Test4's rating: 1200 &rarr; <strong>1225</strong><br />(+25 for winning)\n|l|\u2606Ikalgoat\n|player|p1|\n|l|\u26064Test4\n|player|p2|\n","uploadtime":1774028110,"views":10,"formatid":"gen9vgc2026regi","rating":1180,"private":0,"password":null}