{"id":"gen9vgc2026regi-2588134119","format":"[Gen 9] VGC 2026 Reg I","players":["wasaad5","freddythekrazyone"],"log":"|j|\u2606wasaad5\n|j|\u2606freddythekrazyone\n|t:|1776607832\n|gametype|doubles\n|player|p1|wasaad5|blue|1229\n|player|p2|freddythekrazyone|2|1147\n|gen|9\n|tier|[Gen 9] VGC 2026 Reg I\n|rated|\n|rule|Species Clause: Limit one of each Pok\u00e9mon\n|rule|Item Clause: Limit 1 of each item\n|clearpoke\n|poke|p1|Kyurem-White, L50|\n|poke|p1|Zacian-*, L50|\n|poke|p1|Sableye, L50, F|\n|poke|p1|Urshifu-*, L50, M|\n|poke|p1|Amoonguss, L50, F|\n|poke|p1|Incineroar, L50, M|\n|poke|p2|Zoroark-Hisui, L50, F|\n|poke|p2|Ursaluna-Bloodmoon, L50, M|\n|poke|p2|Whimsicott, L50, M|\n|poke|p2|Gholdengo, L50|\n|poke|p2|Incineroar, L50, M|\n|poke|p2|Dragonite, L50, M|\n|teampreview|4\n|\n|t:|1776607864\n|teamsize|p1|4\n|teamsize|p2|4\n|start\n|switch|p1a: Kyurem|Kyurem-White, L50, shiny|100/100\n|switch|p1b: Amoonguss|Amoonguss, L50, F|100/100\n|switch|p2a: Whimsicott|Whimsicott, L50, M|100/100\n|switch|p2b: Gholdengo|Gholdengo, L50|100/100\n|-ability|p1a: Kyurem|Turboblaze\n|turn|1\n|\n|t:|1776607884\n|-terastallize|p1a: Kyurem|Fire\n|move|p2a: Whimsicott|Icy Wind|p1a: Kyurem|[spread] p1a,p1b\n|-resisted|p1a: Kyurem\n|-supereffective|p1b: Amoonguss\n|-damage|p1a: Kyurem|95/100\n|-damage|p1b: Amoonguss|81/100\n|-unboost|p1a: Kyurem|spe|1\n|-unboost|p1b: Amoonguss|spe|1\n|move|p2b: Gholdengo|Nasty Plot|p2b: Gholdengo\n|-boost|p2b: Gholdengo|spa|2\n|move|p1a: Kyurem|Fusion Flare|p2b: Gholdengo\n|-supereffective|p2b: Gholdengo\n|-damage|p2b: Gholdengo|0 fnt\n|faint|p2b: Gholdengo\n|-damage|p1a: Kyurem|85/100|[from] item: Life Orb\n|move|p1b: Amoonguss|Sludge Bomb|p2a: Whimsicott\n|-resisted|p2a: Whimsicott\n|-damage|p2a: Whimsicott|70/100\n|-status|p2a: Whimsicott|psn\n|replace|p2a: Zoroark|Zoroark-Hisui, L50, F\n|-end|p2a: Zoroark|Illusion\n|\n|-damage|p2a: Zoroark|58/100 psn|[from] psn\n|upkeep\n|\n|t:|1776607904\n|switch|p2b: Ursaluna|Ursaluna-Bloodmoon, L50, M|100/100\n|turn|2\n|\n|t:|1776607914\n|move|p1a: Kyurem|Protect|p1a: Kyurem\n|-singleturn|p1a: Kyurem|Protect\n|move|p2a: Zoroark|Bitter Malice|p1b: Amoonguss\n|-damage|p1b: Amoonguss|54/100\n|-unboost|p1b: Amoonguss|atk|1\n|move|p2b: Ursaluna|Earth Power|p1a: Kyurem\n|-activate|p1a: Kyurem|move: Protect\n|move|p1b: Amoonguss|Spore|p2b: Ursaluna\n|-status|p2b: Ursaluna|slp|[from] move: Spore\n|\n|-damage|p2a: Zoroark|46/100 psn|[from] psn\n|upkeep\n|turn|3\n|\n|t:|1776607931\n|move|p1b: Amoonguss|Rage Powder|p1b: Amoonguss\n|-singleturn|p1b: Amoonguss|move: Rage Powder\n|move|p2a: Zoroark|Icy Wind|p1a: Kyurem|[spread] p1a,p1b\n|-resisted|p1a: Kyurem\n|-supereffective|p1b: Amoonguss\n|-damage|p1a: Kyurem|78/100\n|-damage|p1b: Amoonguss|35/100\n|-unboost|p1a: Kyurem|spe|1\n|-unboost|p1b: Amoonguss|spe|1\n|-enditem|p1b: Amoonguss|Sitrus Berry|[eat]\n|-heal|p1b: Amoonguss|60/100|[from] item: Sitrus Berry\n|cant|p2b: Ursaluna|slp\n|move|p1a: Kyurem|Freeze-Dry|p2a: Zoroark\n|-damage|p2a: Zoroark|0 fnt\n|faint|p2a: Zoroark\n|-damage|p1a: Kyurem|68/100|[from] item: Life Orb\n|\n|upkeep\n|\n|t:|1776607945\n|switch|p2a: Whimsicott|Whimsicott, L50, M|100/100\n|turn|4\n|\n|t:|1776607965\n|switch|p1a: Sableye|Sableye, L50, F|100/100\n|move|p2a: Whimsicott|Tailwind|p2a: Whimsicott\n|-sidestart|p2: freddythekrazyone|move: Tailwind\n|cant|p2b: Ursaluna|slp\n|move|p1b: Amoonguss|Sludge Bomb|p2a: Whimsicott\n|-supereffective|p2a: Whimsicott\n|-damage|p2a: Whimsicott|0 fnt\n|faint|p2a: Whimsicott\n|\n|upkeep\n|turn|5\n|\n|t:|1776607981\n|switch|p1b: Kyurem|Kyurem-White, L50, shiny, tera:Fire|68/100\n|-ability|p1b: Kyurem|Turboblaze\n|-terastallize|p2b: Ursaluna|Normal\n|move|p1a: Sableye|Encore|p2b: Ursaluna\n|-start|p2b: Ursaluna|Encore\n|cant|p2b: Ursaluna|slp\n|\n|upkeep\n|turn|6\n|\n|t:|1776607992\n|move|p1a: Sableye|Disable|p2b: Ursaluna\n|-start|p2b: Ursaluna|Disable|Earth Power\n|-curestatus|p2b: Ursaluna|slp|[msg]\n|cant|p2b: Ursaluna|Disable|Earth Power\n|move|p1b: Kyurem|Fusion Flare|p2b: Ursaluna\n|-damage|p2b: Ursaluna|0 fnt\n|faint|p2b: Ursaluna\n|-damage|p1b: Kyurem|58/100|[from] item: Life Orb\n|\n|win|wasaad5\n|raw|wasaad5's rating: 1229 &rarr; <strong>1248</strong><br />(+19 for winning)\n|raw|freddythekrazyone's rating: 1147 &rarr; <strong>1128</strong><br />(-19 for losing)\n|l|\u2606freddythekrazyone\n|player|p2|\n|l|\u2606wasaad5\n|player|p1|\n","uploadtime":1776608386,"views":8,"formatid":"gen9vgc2026regi","rating":1128,"private":0,"password":null}