{"id":"gen9vgc2026regi-2530522629","format":"[Gen 9] VGC 2026 Reg I","players":["barcelonaboy","ky123456"],"log":"|j|\u2606barcelonaboy\n|j|\u2606ky123456\n|t:|1769931269\n|gametype|doubles\n|player|p1|barcelonaboy|102|1352\n|player|p2|ky123456|cynthia-gen4|1448\n|gen|9\n|tier|[Gen 9] VGC 2026 Reg I\n|rated|\n|rule|Species Clause: Limit one of each Pok\u00e9mon\n|rule|Item Clause: Limit 1 of each item\n|clearpoke\n|poke|p1|Kyogre, L50|\n|poke|p1|Calyrex-Ice, L50|\n|poke|p1|Amoonguss, L50, M|\n|poke|p1|Grimmsnarl, L50, M|\n|poke|p1|Tornadus, L50, M|\n|poke|p1|Urshifu-*, L50, M|\n|poke|p2|Lunala, L50|\n|poke|p2|Torkoal, L50, M|\n|poke|p2|Urshifu-*, L50, M|\n|poke|p2|Indeedee-F, L50, F|\n|poke|p2|Calyrex-Ice, L50|\n|poke|p2|Smeargle, L50, M|\n|teampreview|4\n|inactive|Battle timer is ON: inactive players will automatically lose when time's up. (requested by barcelonaboy)\n|\n|t:|1769931288\n|teamsize|p1|4\n|teamsize|p2|4\n|start\n|switch|p1a: Grimmsnarl|Grimmsnarl, L50, M|100/100\n|switch|p1b: Calyrex|Calyrex-Ice, L50|100/100\n|switch|p2a: Lunala|Lunala, L50|100/100\n|switch|p2b: Smeargle|Smeargle, L50, M|100/100\n|-ability|p1b: Calyrex|As One\n|-ability|p1b: Calyrex|Unnerve\n|turn|1\n|\n|t:|1769931303\n|-terastallize|p1b: Calyrex|Fairy\n|move|p2b: Smeargle|Fake Out|p1a: Grimmsnarl\n|-damage|p1a: Grimmsnarl|95/100\n|cant|p1a: Grimmsnarl|flinch\n|move|p2a: Lunala|Meteor Beam||[still]\n|-prepare|p2a: Lunala|Meteor Beam\n|-boost|p2a: Lunala|spa|1\n|-enditem|p2a: Lunala|Power Herb\n|-anim|p2a: Lunala|Meteor Beam|p1b: Calyrex\n|-damage|p1b: Calyrex|59/100\n|move|p1b: Calyrex|Leech Seed|p2b: Smeargle\n|-start|p2b: Smeargle|move: Leech Seed\n|\n|-heal|p1b: Calyrex|65/100|[from] item: Leftovers\n|-damage|p2b: Smeargle|88/100|[from] Leech Seed|[of] p1b: Calyrex\n|-heal|p1b: Calyrex|73/100|[silent]\n|-ability|p2b: Smeargle|Moody|boost\n|-boost|p2b: Smeargle|spd|2\n|-unboost|p2b: Smeargle|atk|1\n|upkeep\n|turn|2\n|\n|t:|1769931328\n|move|p1a: Grimmsnarl|Thunder Wave|p2b: Smeargle\n|-status|p2b: Smeargle|par\n|move|p2a: Lunala|Moongeist Beam|p1b: Calyrex\n|-damage|p1b: Calyrex|20/100\n|move|p1b: Calyrex|Glacial Lance|p2b: Smeargle|[spread] p2a,p2b\n|-damage|p2a: Lunala|81/100\n|-damage|p2b: Smeargle|0 fnt\n|faint|p2b: Smeargle\n|-ability|p1b: Calyrex|Chilling Neigh|boost\n|-boost|p1b: Calyrex|atk|1\n|\n|-heal|p1b: Calyrex|26/100|[from] item: Leftovers\n|upkeep\n|\n|t:|1769931339\n|switch|p2b: Calyrex|Calyrex-Ice, L50|100/100\n|-ability|p2b: Calyrex|As One\n|-ability|p2b: Calyrex|Unnerve\n|turn|3\n|\n|t:|1769931356\n|move|p1b: Calyrex|Protect|p1b: Calyrex\n|-singleturn|p1b: Calyrex|Protect\n|move|p1a: Grimmsnarl|Light Screen|p1a: Grimmsnarl\n|-sidestart|p1: barcelonaboy|move: Light Screen\n|move|p2a: Lunala|Moongeist Beam|p1b: Calyrex\n|-activate|p1b: Calyrex|move: Protect\n|move|p2b: Calyrex|Trick Room|p2b: Calyrex\n|-fieldstart|move: Trick Room|[of] p2b: Calyrex\n|\n|-heal|p1b: Calyrex|31/100|[from] item: Leftovers\n|upkeep\n|turn|4\n|\n|t:|1769931369\n|switch|p1b: Kyogre|Kyogre, L50|100/100\n|-weather|RainDance|[from] ability: Drizzle|[of] p1b: Kyogre\n|move|p1a: Grimmsnarl|Reflect|p1a: Grimmsnarl\n|-sidestart|p1: barcelonaboy|Reflect\n|move|p2b: Calyrex|Glacial Lance|p1a: Grimmsnarl|[spread] p1a,p1b\n|-resisted|p1b: Kyogre\n|-damage|p1a: Grimmsnarl|55/100\n|-damage|p1b: Kyogre|85/100\n|move|p2a: Lunala|Moongeist Beam|p1b: Kyogre\n|-damage|p1b: Kyogre|62/100\n|\n|-weather|RainDance|[upkeep]\n|upkeep\n|turn|5\n|\n|t:|1769931388\n|switch|p2a: Torkoal|Torkoal, L50, M|100/100\n|-weather|SunnyDay|[from] ability: Drought|[of] p2a: Torkoal\n|move|p2b: Calyrex|Glacial Lance|p1a: Grimmsnarl|[spread] p1a,p1b\n|-resisted|p1b: Kyogre\n|-damage|p1a: Grimmsnarl|11/100\n|-damage|p1b: Kyogre|46/100\n|move|p1a: Grimmsnarl|Spirit Break|p2a: Torkoal\n|-resisted|p2a: Torkoal\n|-damage|p2a: Torkoal|89/100\n|-unboost|p2a: Torkoal|spa|1\n|move|p1b: Kyogre|Origin Pulse|p2a: Torkoal|[spread] p2a,p2b\n|-supereffective|p2a: Torkoal\n|-damage|p2a: Torkoal|31/100\n|-damage|p2b: Calyrex|84/100\n|\n|-weather|SunnyDay|[upkeep]\n|upkeep\n|turn|6\n|inactive|barcelonaboy has 30 seconds left.\n|inactive|ky123456 has 30 seconds left.\n|\n|t:|1769931414\n|move|p1a: Grimmsnarl|Thunder Wave|p2b: Calyrex\n|-status|p2b: Calyrex|par\n|move|p2a: Torkoal|Weather Ball|p1b: Kyogre\n|-resisted|p1b: Kyogre\n|-damage|p1b: Kyogre|37/100\n|move|p2b: Calyrex|Glacial Lance|p1a: Grimmsnarl|[spread] p1a,p1b\n|-resisted|p1b: Kyogre\n|-damage|p1a: Grimmsnarl|0 fnt\n|-damage|p1b: Kyogre|20/100\n|faint|p1a: Grimmsnarl\n|-ability|p2b: Calyrex|Chilling Neigh|boost\n|-boost|p2b: Calyrex|atk|1\n|move|p1b: Kyogre|Origin Pulse|p2b: Calyrex|[spread] p2a,p2b\n|-supereffective|p2a: Torkoal\n|-damage|p2a: Torkoal|0 fnt\n|-damage|p2b: Calyrex|70/100 par\n|faint|p2a: Torkoal\n|\n|-weather|SunnyDay|[upkeep]\n|upkeep\n|inactive|barcelonaboy has 30 seconds left.\n|\n|t:|1769931440\n|switch|p2a: Lunala|Lunala, L50|81/100\n|switch|p1a: Calyrex|Calyrex-Ice, L50, tera:Fairy|31/100\n|-ability|p1a: Calyrex|As One\n|-ability|p1a: Calyrex|Unnerve\n|turn|7\n|\n|t:|1769931454\n|move|p1a: Calyrex|Protect|p1a: Calyrex\n|-singleturn|p1a: Calyrex|Protect\n|move|p2b: Calyrex|Glacial Lance|p1a: Calyrex|[spread] p1b\n|-activate|p1a: Calyrex|move: Protect\n|-resisted|p1b: Kyogre\n|-damage|p1b: Kyogre|0 fnt\n|faint|p1b: Kyogre\n|-ability|p2b: Calyrex|Chilling Neigh|boost\n|-boost|p2b: Calyrex|atk|1\n|move|p2a: Lunala|Moongeist Beam|p1a: Calyrex\n|-activate|p1a: Calyrex|move: Protect\n|\n|-weather|SunnyDay|[upkeep]\n|-heal|p1a: Calyrex|37/100|[from] item: Leftovers\n|-fieldend|move: Trick Room\n|upkeep\n|\n|t:|1769931468\n|switch|p1b: Amoonguss|Amoonguss, L50, M|100/100\n|turn|8\n|-message|barcelonaboy forfeited.\n|\n|win|ky123456\n|raw|barcelonaboy's rating: 1352 &rarr; <strong>1337</strong><br />(-15 for losing)\n|raw|ky123456's rating: 1448 &rarr; <strong>1463</strong><br />(+15 for winning)\n|l|\u2606barcelonaboy\n|player|p1|\n|l|\u2606ky123456\n|player|p2|\n","uploadtime":1769931624,"views":12,"formatid":"gen9vgc2026regi","rating":1337,"private":0,"password":null}