{"id":"gen9vgc2026regi-2561236894","format":"[Gen 9] VGC 2026 Reg I","players":["doomwhisper","jonen"],"log":"|j|\u2606doomwhisper\n|j|\u2606jonen\n|t:|1773776101\n|gametype|doubles\n|player|p1|doomwhisper|marshal|1245\n|player|p2|jonen|medium|1381\n|gen|9\n|tier|[Gen 9] VGC 2026 Reg I\n|rated|\n|rule|Species Clause: Limit one of each Pok\u00e9mon\n|rule|Item Clause: Limit 1 of each item\n|clearpoke\n|poke|p1|Calyrex-Ice, L50|\n|poke|p1|Incineroar, L50, M|\n|poke|p1|Landorus, L50, M|\n|poke|p1|Koraidon, L50|\n|poke|p1|Rillaboom, L50, M|\n|poke|p1|Smeargle, L50, M|\n|poke|p2|Groudon, L50|\n|poke|p2|Chi-Yu, L50|\n|poke|p2|Flutter Mane, L50|\n|poke|p2|Raging Bolt, L50|\n|poke|p2|Calyrex-Ice, L50|\n|poke|p2|Jumpluff, L50, F|\n|teampreview|4\n|\n|t:|1773776205\n|teamsize|p1|4\n|teamsize|p2|4\n|start\n|switch|p1a: Calyrex|Calyrex-Ice, L50|100/100\n|switch|p1b: Smeargle|Smeargle, L50, M|100/100\n|switch|p2a: Calyrex|Calyrex-Ice, L50|100/100\n|switch|p2b: Groudon|Groudon, L50|100/100\n|-ability|p2a: Calyrex|As One\n|-ability|p2a: Calyrex|Unnerve\n|-ability|p1a: Calyrex|As One\n|-ability|p1a: Calyrex|Unnerve\n|-weather|SunnyDay|[from] ability: Drought|[of] p2b: Groudon\n|turn|1\n|\n|t:|1773776229\n|switch|p2b: Chi-Yu|Chi-Yu, L50|100/100\n|-ability|p2b: Chi-Yu|Beads of Ruin\n|-terastallize|p1a: Calyrex|Fairy\n|move|p1b: Smeargle|Spore|p2a: Calyrex\n|-status|p2a: Calyrex|slp|[from] move: Spore\n|cant|p2a: Calyrex|slp\n|move|p1a: Calyrex|Leech Seed|p2a: Calyrex\n|-start|p2a: Calyrex|move: Leech Seed\n|\n|-weather|SunnyDay|[upkeep]\n|-damage|p2a: Calyrex|88/100 slp|[from] Leech Seed|[of] p1a: Calyrex\n|-ability|p1b: Smeargle|Moody|boost\n|-boost|p1b: Smeargle|atk|2\n|-unboost|p1b: Smeargle|def|1\n|upkeep\n|turn|2\n|\n|t:|1773776247\n|move|p1a: Calyrex|Protect|p1a: Calyrex\n|-singleturn|p1a: Calyrex|Protect\n|move|p2b: Chi-Yu|Heat Wave|p1b: Smeargle|[spread] \n|-activate|p1a: Calyrex|move: Protect\n|-miss|p2b: Chi-Yu|p1b: Smeargle\n|move|p1b: Smeargle|Spore|p2b: Chi-Yu\n|-status|p2b: Chi-Yu|slp|[from] move: Spore\n|-curestatus|p2a: Calyrex|slp|[msg]\n|move|p2a: Calyrex|Imprison|p2a: Calyrex\n|-start|p2a: Calyrex|move: Imprison\n|\n|-weather|SunnyDay|[upkeep]\n|-damage|p2a: Calyrex|76/100|[from] Leech Seed|[of] p1a: Calyrex\n|-ability|p1b: Smeargle|Moody|boost\n|-boost|p1b: Smeargle|atk|2\n|-unboost|p1b: Smeargle|spd|1\n|upkeep\n|turn|3\n|\n|t:|1773776270\n|switch|p2b: Groudon|Groudon, L50|100/100\n|switch|p1a: Koraidon|Koraidon, L50|100/100\n|-activate|p1a: Koraidon|ability: Orichalcum Pulse\n|move|p1b: Smeargle|Spore|p2a: Calyrex\n|-status|p2a: Calyrex|slp|[from] move: Spore\n|cant|p2a: Calyrex|slp\n|\n|-weather|SunnyDay|[upkeep]\n|-damage|p2a: Calyrex|64/100 slp|[from] Leech Seed|[of] p1a: Koraidon\n|-ability|p1b: Smeargle|Moody|boost\n|-boost|p1b: Smeargle|def|2\n|-unboost|p1b: Smeargle|spd|1\n|upkeep\n|turn|4\n|\n|t:|1773776311\n|-terastallize|p2a: Calyrex|Water\n|move|p1a: Koraidon|Flare Blitz|p2a: Calyrex\n|-resisted|p2a: Calyrex\n|-damage|p2a: Calyrex|42/100 slp\n|-enditem|p2a: Calyrex|Sitrus Berry|[eat]\n|-heal|p2a: Calyrex|67/100 slp|[from] item: Sitrus Berry\n|-damage|p1a: Koraidon|93/100|[from] Recoil\n|move|p1b: Smeargle|Spore|p2b: Groudon\n|-status|p2b: Groudon|slp|[from] move: Spore\n|cant|p2b: Groudon|slp\n|cant|p2a: Calyrex|slp\n|\n|-weather|SunnyDay|[upkeep]\n|-damage|p2a: Calyrex|55/100 slp|[from] Leech Seed|[of] p1a: Koraidon\n|-heal|p1a: Koraidon|100/100|[silent]\n|-ability|p1b: Smeargle|Moody|boost\n|-boost|p1b: Smeargle|atk|2\n|-unboost|p1b: Smeargle|spe|1\n|upkeep\n|turn|5\n|\n|t:|1773776333\n|move|p1a: Koraidon|Low Kick|p2a: Calyrex\n|-damage|p2a: Calyrex|5/100 slp\n|-curestatus|p2b: Groudon|slp|[msg]\n|move|p2b: Groudon|Precipice Blades|p1b: Smeargle|[spread] p1b\n|-miss|p2b: Groudon|p1a: Koraidon\n|-damage|p1b: Smeargle|37/100\n|move|p1b: Smeargle|Ruination|p2b: Groudon\n|-damage|p2b: Groudon|51/100\n|-curestatus|p2a: Calyrex|slp|[msg]\n|move|p2a: Calyrex|Glacial Lance|p1a: Koraidon|[spread] p1a,p1b\n|-supereffective|p1a: Koraidon\n|-crit|p1a: Koraidon\n|-crit|p1b: Smeargle\n|-damage|p1a: Koraidon|0 fnt\n|-damage|p1b: Smeargle|0 fnt\n|faint|p1a: Koraidon\n|faint|p1b: Smeargle\n|-ability|p2a: Calyrex|Chilling Neigh|boost\n|-boost|p2a: Calyrex|atk|2\n|\n|-weather|none\n|upkeep\n|\n|t:|1773776347\n|switch|p1a: Rillaboom|Rillaboom, L50, M|100/100\n|switch|p1b: Calyrex|Calyrex-Ice, L50, tera:Fairy|100/100\n|-ability|p1b: Calyrex|As One\n|-ability|p1b: Calyrex|Unnerve\n|-fieldstart|move: Grassy Terrain|[from] ability: Grassy Surge|[of] p1a: Rillaboom\n|turn|6\n|\n|t:|1773776367\n|move|p1b: Calyrex|Protect|p1b: Calyrex\n|-singleturn|p1b: Calyrex|Protect\n|move|p1a: Rillaboom|Fake Out|p2a: Calyrex\n|-damage|p2a: Calyrex|0 fnt\n|faint|p2a: Calyrex\n|move|p2b: Groudon|Heat Crash|p1a: Rillaboom\n|-supereffective|p1a: Rillaboom\n|-damage|p1a: Rillaboom|7/100\n|\n|-heal|p1a: Rillaboom|13/100|[from] Grassy Terrain\n|-heal|p2b: Groudon|57/100|[from] Grassy Terrain\n|upkeep\n|\n|t:|1773776373\n|switch|p2a: Chi-Yu|Chi-Yu, L50|100/100 slp\n|-ability|p2a: Chi-Yu|Beads of Ruin\n|turn|7\n|\n|t:|1773776400\n|cant|p2a: Chi-Yu|slp\n|move|p1a: Rillaboom|Wood Hammer|p2b: Groudon\n|-supereffective|p2b: Groudon\n|-damage|p2b: Groudon|0 fnt\n|faint|p2b: Groudon\n|-damage|p1a: Rillaboom|0 fnt|[from] Recoil\n|faint|p1a: Rillaboom\n|move|p1b: Calyrex|Trick Room|p1b: Calyrex\n|-fieldstart|move: Trick Room|[of] p1b: Calyrex\n|\n|upkeep\n|\n|t:|1773776405\n|switch|p2b: Raging Bolt|Raging Bolt, L50|100/100\n|turn|8\n|\n|t:|1773776420\n|move|p2b: Raging Bolt|Protect|p2b: Raging Bolt\n|-singleturn|p2b: Raging Bolt|Protect\n|move|p1b: Calyrex|Leech Seed|p2a: Chi-Yu\n|-start|p2a: Chi-Yu|move: Leech Seed\n|cant|p2a: Chi-Yu|slp\n|\n|-damage|p2a: Chi-Yu|88/100 slp|[from] Leech Seed|[of] p1b: Calyrex\n|upkeep\n|turn|9\n|\n|t:|1773776433\n|move|p2b: Raging Bolt|Thunderclap|p1b: Calyrex\n|-damage|p1b: Calyrex|55/100\n|-damage|p2b: Raging Bolt|91/100|[from] item: Life Orb\n|move|p1b: Calyrex|Glacial Lance|p2a: Chi-Yu|[spread] p2a,p2b\n|-resisted|p2a: Chi-Yu\n|-supereffective|p2b: Raging Bolt\n|-damage|p2a: Chi-Yu|50/100 slp\n|-damage|p2b: Raging Bolt|0 fnt\n|faint|p2b: Raging Bolt\n|-end|p2b: Raging Bolt|Protosynthesis|[silent]\n|-ability|p1b: Calyrex|Chilling Neigh|boost\n|-boost|p1b: Calyrex|atk|1\n|cant|p2a: Chi-Yu|slp\n|\n|-heal|p1b: Calyrex|60/100|[from] Grassy Terrain\n|-heal|p1b: Calyrex|66/100|[from] item: Leftovers\n|-heal|p2a: Chi-Yu|56/100 slp|[from] Grassy Terrain\n|-damage|p2a: Chi-Yu|44/100 slp|[from] Leech Seed|[of] p1b: Calyrex\n|-heal|p1b: Calyrex|74/100|[silent]\n|upkeep\n|turn|10\n|\n|t:|1773776445\n|move|p1b: Calyrex|Glacial Lance|p2a: Chi-Yu\n|-resisted|p2a: Chi-Yu\n|-damage|p2a: Chi-Yu|0 fnt\n|faint|p2a: Chi-Yu\n|\n|win|doomwhisper\n|raw|doomwhisper's rating: 1245 &rarr; <strong>1279</strong><br />(+34 for winning)\n|raw|jonen's rating: 1381 &rarr; <strong>1354</strong><br />(-27 for losing)\n","uploadtime":1773776445,"views":10,"formatid":"gen9vgc2026regi","rating":1279,"private":0,"password":null}