{"id":"gen9vgc2026regi-2539964297","format":"[Gen 9] VGC 2026 Reg I","players":["Flameblitz","SEITA"],"log":"|j|\u2606Flameblitz\n|j|\u2606SEITA\n|t:|1771134537\n|gametype|doubles\n|player|p1|Flameblitz|swimmerf|1285\n|player|p2|SEITA|lucas-gen4pt|1396\n|gen|9\n|tier|[Gen 9] VGC 2026 Reg I\n|rated|\n|rule|Species Clause: Limit one of each Pok\u00e9mon\n|rule|Item Clause: Limit 1 of each item\n|clearpoke\n|poke|p1|Kyogre, L50|\n|poke|p1|Rillaboom, L50, M|\n|poke|p1|Farigiraf, L50, M|\n|poke|p1|Dragonite, L50, F|\n|poke|p1|Amoonguss, L50, F|\n|poke|p1|Lunala, L50|\n|poke|p2|Zamazenta-*, L50|\n|poke|p2|Kyogre, L50|\n|poke|p2|Wo-Chien, L50|\n|poke|p2|Grimmsnarl, L50, M|\n|poke|p2|Rhyperior, L50, F|\n|poke|p2|Ditto, L50|\n|teampreview|4\n|\n|t:|1771134563\n|teamsize|p1|4\n|teamsize|p2|4\n|start\n|switch|p1a: Lunala|Lunala, L50, shiny|100/100\n|switch|p1b: Harambe|Rillaboom, L50, M|100/100\n|switch|p2a: Grimmsnarl|Grimmsnarl, L50, M|100/100\n|switch|p2b: Zamazenta|Zamazenta-Crowned, L50|100/100\n|-ability|p2b: Zamazenta|Dauntless Shield|boost\n|-boost|p2b: Zamazenta|def|1\n|-fieldstart|move: Grassy Terrain|[from] ability: Grassy Surge|[of] p1b: Harambe\n|turn|1\n|\n|t:|1771134581\n|move|p1b: Harambe|Fake Out|p2a: Grimmsnarl\n|-damage|p2a: Grimmsnarl|89/100\n|cant|p2a: Grimmsnarl|flinch\n|move|p2b: Zamazenta|Iron Defense|p2b: Zamazenta\n|-boost|p2b: Zamazenta|def|2\n|move|p1a: Lunala|Trick Room|p1a: Lunala\n|-fieldstart|move: Trick Room|[of] p1a: Lunala\n|\n|-heal|p2a: Grimmsnarl|95/100|[from] Grassy Terrain\n|upkeep\n|turn|2\n|\n|t:|1771134600\n|move|p2a: Grimmsnarl|Light Screen|p2a: Grimmsnarl\n|-sidestart|p2: SEITA|move: Light Screen\n|move|p1a: Lunala|Meteor Beam||[still]\n|-prepare|p1a: Lunala|Meteor Beam\n|-boost|p1a: Lunala|spa|1\n|-enditem|p1a: Lunala|Power Herb\n|-anim|p1a: Lunala|Meteor Beam|p2a: Grimmsnarl\n|-damage|p2a: Grimmsnarl|53/100\n|move|p1b: Harambe|U-turn|p2a: Grimmsnarl\n|-damage|p2a: Grimmsnarl|32/100\n|\n|t:|1771134609\n|switch|p1b: Phuck-Oph2|Amoonguss, L50, F|100/100|[from] U-turn\n|move|p2b: Zamazenta|Body Press|p1b: Phuck-Oph2\n|-resisted|p1b: Phuck-Oph2\n|-crit|p1b: Phuck-Oph2\n|-damage|p1b: Phuck-Oph2|34/100\n|-enditem|p1b: Phuck-Oph2|Sitrus Berry|[eat]\n|-heal|p1b: Phuck-Oph2|58/100|[from] item: Sitrus Berry\n|\n|-heal|p1b: Phuck-Oph2|65/100|[from] Grassy Terrain\n|-heal|p2a: Grimmsnarl|38/100|[from] Grassy Terrain\n|upkeep\n|turn|3\n|\n|t:|1771134634\n|-terastallize|p1a: Lunala|Fairy\n|-terastallize|p2b: Zamazenta|Grass\n|move|p2a: Grimmsnarl|Parting Shot|p1a: Lunala\n|-unboost|p1a: Lunala|atk|1\n|-unboost|p1a: Lunala|spa|1\n|\n|t:|1771134641\n|switch|p2a: Kyogre|Kyogre, L50|100/100|[from] Parting Shot\n|-weather|RainDance|[from] ability: Drizzle|[of] p2a: Kyogre\n|move|p1b: Phuck-Oph2|Spore|p2b: Zamazenta\n|-immune|p2b: Zamazenta\n|move|p1a: Lunala|Meteor Beam||[still]\n|-prepare|p1a: Lunala|Meteor Beam\n|-boost|p1a: Lunala|spa|1\n|move|p2b: Zamazenta|Body Press|p1b: Phuck-Oph2\n|-resisted|p1b: Phuck-Oph2\n|-damage|p1b: Phuck-Oph2|23/100\n|\n|-weather|RainDance|[upkeep]\n|-heal|p1b: Phuck-Oph2|29/100|[from] Grassy Terrain\n|upkeep\n|turn|4\n|\n|t:|1771134662\n|move|p2a: Kyogre|Protect|p2a: Kyogre\n|-singleturn|p2a: Kyogre|Protect\n|move|p1b: Phuck-Oph2|Spore|p2a: Kyogre\n|-activate|p2a: Kyogre|move: Protect\n|move|p1a: Lunala|Meteor Beam|p2a: Kyogre|[from] lockedmove\n|-activate|p2a: Kyogre|move: Protect\n|move|p2b: Zamazenta|Body Press|p1b: Phuck-Oph2\n|-resisted|p1b: Phuck-Oph2\n|-damage|p1b: Phuck-Oph2|0 fnt\n|faint|p1b: Phuck-Oph2\n|\n|-weather|RainDance|[upkeep]\n|upkeep\n|\n|t:|1771134665\n|switch|p1b: The Ogre|Kyogre, L50|100/100\n|turn|5\n|inactive|Battle timer is ON: inactive players will automatically lose when time's up. (requested by Flameblitz)\n|\n|t:|1771134693\n|move|p1b: The Ogre|Thunder|p2a: Kyogre\n|-supereffective|p2a: Kyogre\n|-damage|p2a: Kyogre|60/100\n|-status|p2a: Kyogre|par\n|move|p2a: Kyogre|Thunder|p1a: Lunala\n|-damage|p1a: Lunala|87/100\n|move|p1a: Lunala|Moongeist Beam|p2b: Zamazenta\n|-damage|p2b: Zamazenta|68/100\n|move|p2b: Zamazenta|Body Press|p1b: The Ogre\n|-damage|p1b: The Ogre|13/100\n|\n|-weather|RainDance|[upkeep]\n|-heal|p1b: The Ogre|19/100|[from] Grassy Terrain\n|-heal|p2a: Kyogre|66/100 par|[from] Grassy Terrain\n|-heal|p2a: Kyogre|72/100 par|[from] item: Leftovers\n|-heal|p1a: Lunala|93/100|[from] Grassy Terrain\n|-heal|p2b: Zamazenta|74/100|[from] Grassy Terrain\n|-fieldend|move: Trick Room\n|-fieldend|move: Grassy Terrain\n|upkeep\n|turn|6\n|\n|t:|1771134721\n|move|p2b: Zamazenta|Body Press|p1b: The Ogre\n|-damage|p1b: The Ogre|0 fnt\n|faint|p1b: The Ogre\n|move|p1a: Lunala|Moongeist Beam|p2b: Zamazenta\n|-crit|p2b: Zamazenta\n|-damage|p2b: Zamazenta|6/100\n|move|p2a: Kyogre|Thunder|p1a: Lunala\n|-damage|p1a: Lunala|67/100\n|\n|-weather|RainDance|[upkeep]\n|-heal|p2a: Kyogre|77/100 par|[from] item: Leftovers\n|upkeep\n|\n|t:|1771134725\n|switch|p1b: Harambe|Rillaboom, L50, M|100/100\n|-fieldstart|move: Grassy Terrain|[from] ability: Grassy Surge|[of] p1b: Harambe\n|turn|7\n|\n|t:|1771134747\n|move|p2a: Kyogre|Protect|p2a: Kyogre\n|-singleturn|p2a: Kyogre|Protect\n|move|p1b: Harambe|Fake Out|p2b: Zamazenta\n|-damage|p2b: Zamazenta|2/100\n|cant|p2b: Zamazenta|flinch\n|move|p1a: Lunala|Moongeist Beam|p2a: Kyogre\n|-activate|p2a: Kyogre|move: Protect\n|\n|-weather|none\n|-heal|p2b: Zamazenta|8/100|[from] Grassy Terrain\n|-heal|p1a: Lunala|73/100|[from] Grassy Terrain\n|-heal|p2a: Kyogre|83/100 par|[from] Grassy Terrain\n|-heal|p2a: Kyogre|89/100 par|[from] item: Leftovers\n|upkeep\n|turn|8\n|\n|t:|1771134769\n|move|p1b: Harambe|Grassy Glide|p2b: Zamazenta\n|-resisted|p2b: Zamazenta\n|-damage|p2b: Zamazenta|4/100\n|move|p2b: Zamazenta|Body Press|p1b: Harambe\n|-damage|p1b: Harambe|4/100\n|move|p1a: Lunala|Moongeist Beam|p2a: Kyogre\n|-damage|p2a: Kyogre|60/100 par\n|move|p2a: Kyogre|Ice Beam|p1b: Harambe\n|-supereffective|p1b: Harambe\n|-damage|p1b: Harambe|0 fnt\n|faint|p1b: Harambe\n|\n|-heal|p2b: Zamazenta|10/100|[from] Grassy Terrain\n|-heal|p1a: Lunala|79/100|[from] Grassy Terrain\n|-heal|p2a: Kyogre|66/100 par|[from] Grassy Terrain\n|-heal|p2a: Kyogre|72/100 par|[from] item: Leftovers\n|upkeep\n|turn|9\n|\n|t:|1771134793\n|move|p2b: Zamazenta|Behemoth Bash|p1a: Lunala\n|-supereffective|p1a: Lunala\n|-damage|p1a: Lunala|30/100\n|move|p1a: Lunala|Moongeist Beam|p2b: Zamazenta\n|-damage|p2b: Zamazenta|0 fnt\n|faint|p2b: Zamazenta\n|move|p2a: Kyogre|Ice Beam|p1a: Lunala\n|-damage|p1a: Lunala|6/100\n|\n|-heal|p1a: Lunala|12/100|[from] Grassy Terrain\n|-heal|p2a: Kyogre|77/100 par|[from] Grassy Terrain\n|-heal|p2a: Kyogre|83/100 par|[from] item: Leftovers\n|-sideend|p2: SEITA|move: Light Screen\n|upkeep\n|-message|Flameblitz forfeited.\n|\n|win|SEITA\n|raw|Flameblitz's rating: 1285 &rarr; <strong>1268</strong><br />(-17 for losing)\n|raw|SEITA's rating: 1396 &rarr; <strong>1410</strong><br />(+14 for winning)\n|l|\u2606Flameblitz\n|player|p1|\n","uploadtime":1771134975,"views":25,"formatid":"gen9vgc2026regi","rating":1268,"private":0,"password":null}