{"id":"gen9vgc2026regi-2553786043","format":"[Gen 9] VGC 2026 Reg I","players":["xiaoliyunVGC","carrotvg"],"log":"|j|\u2606xiaoliyunVGC\n|j|\u2606carrotvg\n|t:|1772880295\n|gametype|doubles\n|player|p1|xiaoliyunVGC|liko|1529\n|player|p2|carrotvg|lucas|1610\n|gen|9\n|tier|[Gen 9] VGC 2026 Reg I\n|rated|\n|rule|Species Clause: Limit one of each Pok\u00e9mon\n|rule|Item Clause: Limit 1 of each item\n|clearpoke\n|poke|p1|Zamazenta-*, L50|\n|poke|p1|Kyogre, L50|\n|poke|p1|Raichu, L50, M|\n|poke|p1|Flutter Mane, L50|\n|poke|p1|Tornadus, L50, M|\n|poke|p1|Urshifu-*, L50, F|\n|poke|p2|Calyrex-Shadow, L50|\n|poke|p2|Zamazenta-*, L50|\n|poke|p2|Chien-Pao, L50|\n|poke|p2|Ting-Lu, L50|\n|poke|p2|Amoonguss, L50, F|\n|poke|p2|Raging Bolt, L50|\n|teampreview|4\n|inactive|Battle timer is ON: inactive players will automatically lose when time's up. (requested by xiaoliyunVGC)\n|inactive|carrotvg has 60 seconds left.\n|\n|t:|1772880327\n|teamsize|p1|4\n|teamsize|p2|4\n|start\n|switch|p1a: Zamazenta|Zamazenta-Crowned, L50, shiny|100/100\n|switch|p1b: Raichu|Raichu, L50, M, shiny|100/100\n|switch|p2a: Zamazenta|Zamazenta-Crowned, L50|100/100\n|switch|p2b: Raging Bolt|Raging Bolt, L50|100/100\n|-ability|p2a: Zamazenta|Dauntless Shield|boost\n|-boost|p2a: Zamazenta|def|1\n|-ability|p1a: Zamazenta|Dauntless Shield|boost\n|-boost|p1a: Zamazenta|def|1\n|-enditem|p2b: Raging Bolt|Booster Energy\n|-activate|p2b: Raging Bolt|ability: Protosynthesis|[fromitem]\n|-start|p2b: Raging Bolt|protosynthesisspa\n|turn|1\n|\n|t:|1772880346\n|-terastallize|p1a: Zamazenta|Fighting\n|move|p2a: Zamazenta|Protect|p2a: Zamazenta\n|-singleturn|p2a: Zamazenta|Protect\n|move|p2b: Raging Bolt|Protect|p2b: Raging Bolt\n|-singleturn|p2b: Raging Bolt|Protect\n|move|p1b: Raichu|Feint|p2a: Zamazenta\n|-activate|p2a: Zamazenta|move: Feint\n|-resisted|p2a: Zamazenta\n|-damage|p2a: Zamazenta|99/100\n|move|p1a: Zamazenta|Body Press|p2a: Zamazenta\n|-supereffective|p2a: Zamazenta\n|-damage|p2a: Zamazenta|35/100\n|\n|upkeep\n|turn|2\n|\n|t:|1772880370\n|move|p1b: Raichu|Nuzzle|p2a: Zamazenta\n|-damage|p2a: Zamazenta|32/100\n|-status|p2a: Zamazenta|par\n|move|p1a: Zamazenta|Body Press|p2b: Raging Bolt\n|-damage|p2b: Raging Bolt|28/100\n|move|p2b: Raging Bolt|Dragon Pulse|p1a: Zamazenta\n|-damage|p1a: Zamazenta|62/100\n|cant|p2a: Zamazenta|par\n|\n|upkeep\n|turn|3\n|\n|t:|1772880391\n|switch|p1b: Flutter Mane|Flutter Mane, L50, shiny|100/100\n|-enditem|p1b: Flutter Mane|Booster Energy\n|-activate|p1b: Flutter Mane|ability: Protosynthesis|[fromitem]\n|-start|p1b: Flutter Mane|protosynthesisspe\n|move|p1a: Zamazenta|Body Press|p2a: Zamazenta\n|-supereffective|p2a: Zamazenta\n|-damage|p2a: Zamazenta|0 fnt\n|faint|p2a: Zamazenta\n|move|p2b: Raging Bolt|Dragon Pulse|p1a: Zamazenta\n|-damage|p1a: Zamazenta|19/100\n|\n|upkeep\n|\n|t:|1772880403\n|switch|p2a: Calyrex|Calyrex-Shadow, L50|100/100\n|-ability|p2a: Calyrex|As One\n|-ability|p2a: Calyrex|Unnerve\n|turn|4\n|\n|t:|1772880413\n|move|p1a: Zamazenta|Wide Guard|p1a: Zamazenta\n|-singleturn|p1a: Zamazenta|Wide Guard\n|move|p2b: Raging Bolt|Thunderclap||[still]\n|-fail|p2b: Raging Bolt\n|move|p1b: Flutter Mane|Moonblast|p2b: Raging Bolt\n|-supereffective|p2b: Raging Bolt\n|-damage|p2b: Raging Bolt|0 fnt\n|faint|p2b: Raging Bolt\n|-end|p2b: Raging Bolt|Protosynthesis|[silent]\n|move|p2a: Calyrex|Astral Barrage|p1a: Zamazenta|[spread] \n|-activate|p1a: Zamazenta|move: Wide Guard\n|-activate|p1b: Flutter Mane|move: Wide Guard\n|\n|upkeep\n|\n|t:|1772880418\n|switch|p2b: Chien-Pao|Chien-Pao, L50|100/100\n|-ability|p2b: Chien-Pao|Sword of Ruin\n|turn|5\n|\n|t:|1772880440\n|-terastallize|p2b: Chien-Pao|Ghost\n|move|p1b: Flutter Mane|Icy Wind|p2b: Chien-Pao|[spread] p2a,p2b\n|-damage|p2a: Calyrex|86/100\n|-damage|p2b: Chien-Pao|87/100\n|-unboost|p2a: Calyrex|spe|1\n|-unboost|p2b: Chien-Pao|spe|1\n|move|p1a: Zamazenta|Behemoth Bash|p2b: Chien-Pao\n|-damage|p2b: Chien-Pao|40/100\n|move|p2a: Calyrex|Astral Barrage|p1a: Zamazenta|[spread] p1a,p1b\n|-supereffective|p1b: Flutter Mane\n|-damage|p1a: Zamazenta|0 fnt\n|-damage|p1b: Flutter Mane|0 fnt\n|faint|p1a: Zamazenta\n|faint|p1b: Flutter Mane\n|-end|p1b: Flutter Mane|Protosynthesis|[silent]\n|-ability|p2a: Calyrex|Grim Neigh|boost\n|-boost|p2a: Calyrex|spa|2\n|move|p2b: Chien-Pao|Ice Spinner|p1: Zamazenta|[notarget]\n|-fail|p2b: Chien-Pao\n|\n|upkeep\n|j| globalfish39\n|\n|t:|1772880454\n|switch|p1b: Raichu|Raichu, L50, M, shiny|100/100\n|switch|p1a: Kyogre|Kyogre, L50, shiny|100/100\n|-weather|RainDance|[from] ability: Drizzle|[of] p1a: Kyogre\n|turn|6\n|\n|t:|1772880461\n|move|p1b: Raichu|Helping Hand|p1a: Kyogre\n|-singleturn|p1a: Kyogre|Helping Hand|[of] p1b: Raichu\n|move|p2b: Chien-Pao|Sucker Punch|p1a: Kyogre\n|-damage|p1a: Kyogre|57/100\n|move|p1a: Kyogre|Origin Pulse|p2a: Calyrex|[spread] p2b\n|-miss|p1a: Kyogre|p2a: Calyrex\n|-damage|p2b: Chien-Pao|0 fnt\n|faint|p2b: Chien-Pao\n|move|p2a: Calyrex|Astral Barrage|p1b: Raichu|[spread] p1a,p1b\n|-damage|p1a: Kyogre|0 fnt\n|-enditem|p1b: Raichu|Focus Sash\n|-damage|p1b: Raichu|1/100\n|faint|p1a: Kyogre\n|-ability|p2a: Calyrex|Grim Neigh|boost\n|-boost|p2a: Calyrex|spa|1\n|\n|-weather|RainDance|[upkeep]\n|upkeep\n|turn|7\n|-message|xiaoliyunVGC forfeited.\n|\n|win|carrotvg\n|raw|xiaoliyunVGC's rating: 1529 &rarr; <strong>1514</strong><br />(-15 for losing)\n|raw|carrotvg's rating: 1610 &rarr; <strong>1625</strong><br />(+15 for winning)\n|l|\u2606xiaoliyunVGC\n|player|p1|\n|l|\u2606carrotvg\n|player|p2|\n","uploadtime":1772880684,"views":28,"formatid":"gen9vgc2026regi","rating":1514,"private":0,"password":null}