{"id":"gen9vgc2026regi-2589861229","format":"[Gen 9] VGC 2026 Reg I","players":["TheManOfSausage","jed54321"],"log":"|j|\u2606TheManOfSausage\n|j|\u2606jed54321\n|t:|1776768232\n|gametype|doubles\n|player|p1|TheManOfSausage|miku-water|1583\n|player|p2|jed54321|2|1485\n|gen|9\n|tier|[Gen 9] VGC 2026 Reg I\n|rated|\n|rule|Species Clause: Limit one of each Pok\u00e9mon\n|rule|Item Clause: Limit 1 of each item\n|clearpoke\n|poke|p1|Calyrex-Shadow, L50|\n|poke|p1|Miraidon, L50|\n|poke|p1|Clefairy, L50, M|\n|poke|p1|Rillaboom, L50, M|\n|poke|p1|Incineroar, L50, M|\n|poke|p1|Volcarona, L50, M|\n|poke|p2|Calyrex-Shadow, L50|\n|poke|p2|Zamazenta-*, L50|\n|poke|p2|Chien-Pao, L50|\n|poke|p2|Dragonite, L50, M|\n|poke|p2|Raging Bolt, L50|\n|poke|p2|Amoonguss, L50, M|\n|teampreview|4\nTheManOfSausage has agreed to open team sheets.\njed54321 has agreed to open team sheets.\n|showteam|p1|Calyrex-Shadow||CovertCloak|AsOneSpectrier|AstralBarrage,DrainingKiss,NastyPlot,Protect||||||50|,,,,,Fairy]Miraidon||ChoiceScarf|HadronEngine|ElectroDrift,VoltSwitch,DracoMeteor,Snarl||||||50|,,,,,Electric]Clefairy||Eviolite|FriendGuard|HelpingHand,FollowMe,LifeDew,Protect|||M|||50|,,,,,Grass]Rillaboom||AssaultVest|GrassySurge|WoodHammer,GrassyGlide,Uturn,FakeOut|||M|||50|,,,,,Fire]Incineroar||RockyHelmet|Intimidate|Roar,KnockOff,FakeOut,PartingShot|||M|||50|,,,,,Grass]Volcarona||ElectricSeed|FlameBody|FieryDance,GigaDrain,QuiverDance,Protect|||M|||50|,,,,,Grass\n|showteam|p2|Calyrex-Shadow||FocusSash|AsOneSpectrier|AstralBarrage,Psychic,Encore,Protect||||||50|,,,,,Ghost]Zamazenta-Crowned||RustedShield|DauntlessShield|BodyPress,HeavySlam,WideGuard,Protect||||||50|,,,,,Dragon]Chien-Pao||AssaultVest|SwordofRuin|IceSpinner,SuckerPunch,Ruination,IcyWind||||||50|,,,,,Poison]Dragonite||ChoiceBand|InnerFocus|ExtremeSpeed,LowKick,AquaJet,Outrage|||M|||50|,,,,,Normal]Raging Bolt||BoosterEnergy|Protosynthesis|Thunderbolt,Thunderclap,DragonPulse,Protect||||||50|,,,,,Electric]Amoonguss||RockyHelmet|Regenerator|Spore,SludgeBomb,RagePowder,Protect|||M|||50|,,,,,Water\n|\n|t:|1776768252\n|teamsize|p1|4\n|teamsize|p2|4\n|start\n|switch|p1a: Magical Mirai|Miraidon, L50|100/100\n|switch|p1b: Volcarona|Volcarona, L50, M|100/100\n|switch|p2a: Arlie|Chien-Pao, L50|100/100\n|switch|p2b: Green Goober|Dragonite, L50, M|100/100\n|-fieldstart|move: Electric Terrain|[from] ability: Hadron Engine|[of] p1a: Magical Mirai\n|-enditem|p1b: Volcarona|Electric Seed\n|-boost|p1b: Volcarona|def|1|[from] item: Electric Seed\n|-ability|p2a: Arlie|Sword of Ruin\n|turn|1\n|inactive|Battle timer is ON: inactive players will automatically lose when time's up. (requested by jed54321)\n|inactive|jed54321 has 60 seconds left.\n|\n|t:|1776768287\n|move|p1a: Magical Mirai|Volt Switch|p2b: Green Goober\n|-damage|p2b: Green Goober|32/100\n|\n|t:|1776768291\n|switch|p1a: Incineroar|Incineroar, L50, M, shiny|100/100|[from] Volt Switch\n|-ability|p1a: Incineroar|Intimidate|boost\n|-unboost|p2a: Arlie|atk|1\n|-fail|p2b: Green Goober|unboost|Attack|[from] ability: Inner Focus|[of] p2b: Green Goober\n|move|p2a: Arlie|Ice Spinner|p1a: Incineroar\n|-resisted|p1a: Incineroar\n|-damage|p1a: Incineroar|88/100\n|-damage|p2a: Arlie|84/100|[from] item: Rocky Helmet|[of] p1a: Incineroar\n|-fieldend|move: Electric Terrain\n|move|p1b: Volcarona|Quiver Dance|p1b: Volcarona\n|-boost|p1b: Volcarona|spa|1\n|-boost|p1b: Volcarona|spd|1\n|-boost|p1b: Volcarona|spe|1\n|move|p2b: Green Goober|Outrage|p1a: Incineroar\n|-damage|p1a: Incineroar|0 fnt\n|-damage|p2b: Green Goober|15/100|[from] item: Rocky Helmet|[of] p1a: Incineroar\n|faint|p1a: Incineroar\n|\n|upkeep\n|\n|t:|1776768296\n|switch|p1a: Magical Mirai|Miraidon, L50|100/100\n|-fieldstart|move: Electric Terrain|[from] ability: Hadron Engine|[of] p1a: Magical Mirai\n|turn|2\n|\n|t:|1776768320\n|-terastallize|p1a: Magical Mirai|Electric\n|move|p1a: Magical Mirai|Electro Drift|p2a: Arlie\n|-damage|p2a: Arlie|0 fnt\n|faint|p2a: Arlie\n|move|p1b: Volcarona|Fiery Dance|p2b: Green Goober\n|-resisted|p2b: Green Goober\n|-damage|p2b: Green Goober|0 fnt\n|faint|p2b: Green Goober\n|\n|upkeep\n|\n|t:|1776768330\n|switch|p2a: PinkPonyClub|Calyrex-Shadow, L50|100/100\n|switch|p2b: protec|Zamazenta-Crowned, L50|100/100\n|-ability|p2a: PinkPonyClub|As One\n|-ability|p2a: PinkPonyClub|Unnerve\n|-ability|p2b: protec|Dauntless Shield|boost\n|-boost|p2b: protec|def|1\n|turn|3\n|\n|t:|1776768337\n|-terastallize|p2a: PinkPonyClub|Ghost\n|move|p1a: Magical Mirai|Electro Drift|p2a: PinkPonyClub\n|-enditem|p2a: PinkPonyClub|Focus Sash\n|-damage|p2a: PinkPonyClub|1/100\n|move|p1b: Volcarona|Fiery Dance|p2b: protec\n|-supereffective|p2b: protec\n|-damage|p2b: protec|15/100\n|move|p2a: PinkPonyClub|Astral Barrage|p1b: Volcarona|[spread] p1a,p1b\n|-damage|p1a: Magical Mirai|36/100\n|-damage|p1b: Volcarona|54/100\n|move|p2b: protec|Body Press|p1a: Magical Mirai\n|-damage|p1a: Magical Mirai|0 fnt\n|faint|p1a: Magical Mirai\n|\n|upkeep\n|\n|t:|1776768340\n|switch|p1a: Rice Shower|Calyrex-Shadow, L50|100/100\n|-ability|p1a: Rice Shower|As One\n|-ability|p1a: Rice Shower|Unnerve\n|turn|4\n|\n|t:|1776768361\n|move|p2b: protec|Protect|p2b: protec\n|-singleturn|p2b: protec|Protect\n|move|p1b: Volcarona|Fiery Dance|p2a: PinkPonyClub\n|-damage|p2a: PinkPonyClub|0 fnt\n|faint|p2a: PinkPonyClub\n|move|p1a: Rice Shower|Astral Barrage|p2b: protec\n|-activate|p2b: protec|move: Protect\n|\n|upkeep\n|turn|5\n|c|\u2606TheManOfSausage|gg\n|-message|jed54321 forfeited.\n|\n|win|TheManOfSausage\n|raw|TheManOfSausage's rating: 1583 &rarr; <strong>1598</strong><br />(+15 for winning)\n|raw|jed54321's rating: 1485 &rarr; <strong>1470</strong><br />(-15 for losing)\n|l|\u2606jed54321\n|player|p2|\n|l|\u2606TheManOfSausage\n|player|p1|\n","uploadtime":1776768586,"views":10,"formatid":"gen9vgc2026regi","rating":1470,"private":0,"password":null}