{"id":"gen9vgc2026regi-2570095460","format":"[Gen 9] VGC 2026 Reg I","players":["mytestteams","happidoodledoo"],"log":"|j|\u2606mytestteams\n|j|\u2606happidoodledoo\n|t:|1774769437\n|gametype|doubles\n|player|p1|mytestteams|burglar|1455\n|player|p2|happidoodledoo|1|1549\n|gen|9\n|tier|[Gen 9] VGC 2026 Reg I\n|rated|\n|rule|Species Clause: Limit one of each Pok\u00e9mon\n|rule|Item Clause: Limit 1 of each item\n|clearpoke\n|poke|p1|Calyrex-Shadow, L50|\n|poke|p1|Groudon, L50|\n|poke|p1|Whimsicott, L50, F|\n|poke|p1|Raging Bolt, L50|\n|poke|p1|Chien-Pao, L50|\n|poke|p1|Ogerpon-Hearthflame, L50, F|\n|poke|p2|Calyrex-Shadow, L50|\n|poke|p2|Weezing-Galar, L50, M|\n|poke|p2|Dondozo, L50, F|\n|poke|p2|Tatsugiri-Droopy, L50, M|\n|poke|p2|Brute Bonnet, L50|\n|poke|p2|Koraidon, L50|\n|teampreview|4\n|\n|t:|1774769459\n|teamsize|p1|4\n|teamsize|p2|4\n|start\n|switch|p1a: Whimsicott|Whimsicott, L50, F, shiny|100/100\n|switch|p1b: Groudon|Groudon, L50|100/100\n|switch|p2a: Weezing|Weezing-Galar, L50, M, shiny|100/100\n|switch|p2b: Koraidon|Koraidon, L50|100/100\n|-ability|p2a: Weezing|Neutralizing Gas\n|-block|p2b: Koraidon|item: Ability Shield\n|-weather|SunnyDay|[from] ability: Orichalcum Pulse|[of] p2b: Koraidon\n|-activate|p2b: Koraidon|Orichalcum Pulse|[source]\n|turn|1\n|\n|t:|1774769487\n|-terastallize|p1a: Whimsicott|Water\n|move|p2b: Koraidon|Flare Blitz|p1a: Whimsicott\n|-resisted|p1a: Whimsicott\n|-damage|p1a: Whimsicott|53/100\n|-damage|p2b: Koraidon|86/100|[from] Recoil\n|move|p1a: Whimsicott|Tailwind|p1a: Whimsicott\n|-sidestart|p1: mytestteams|move: Tailwind\n|move|p1b: Groudon|Precipice Blades|p2b: Koraidon|[spread] p2a,p2b\n|-supereffective|p2a: Weezing\n|-damage|p2a: Weezing|10/100\n|-damage|p2b: Koraidon|38/100\n|-enditem|p2a: Weezing|Sitrus Berry|[eat]\n|-heal|p2a: Weezing|35/100|[from] item: Sitrus Berry\n|move|p2a: Weezing|Toxic Spikes|p1b: Groudon\n|-sidestart|p1: mytestteams|move: Toxic Spikes\n|\n|-weather|SunnyDay|[upkeep]\n|upkeep\n|turn|2\n|j| Therazer456\n|\n|t:|1774769546\n|switch|p1a: Calyrex|Calyrex-Shadow, L50|100/100\n|-ability|p1a: Calyrex|As One\n|-ability|p1a: Calyrex|Unnerve\n|-status|p1a: Calyrex|psn\n|move|p2b: Koraidon|Protect|p2b: Koraidon\n|-singleturn|p2b: Koraidon|Protect\n|move|p2a: Weezing|Protect|p2a: Weezing\n|-singleturn|p2a: Weezing|Protect\n|move|p1b: Groudon|Precipice Blades|p2b: Koraidon|[spread] \n|-activate|p2a: Weezing|move: Protect\n|-activate|p2b: Koraidon|move: Protect\n|\n|-weather|SunnyDay|[upkeep]\n|-damage|p1a: Calyrex|88/100 psn|[from] psn\n|upkeep\n|turn|3\n|\n|t:|1774769591\n|-end|p2a: Weezing|ability: Neutralizing Gas\n|switch|p2a: Brute Bonnet|Brute Bonnet, L50|100/100\n|-activate|p2a: Brute Bonnet|ability: Protosynthesis\n|-start|p2a: Brute Bonnet|protosynthesisdef\n|move|p1a: Calyrex|Astral Barrage|p2a: Brute Bonnet|[spread] p2a,p2b\n|-resisted|p2a: Brute Bonnet\n|-damage|p2a: Brute Bonnet|70/100\n|-damage|p2b: Koraidon|0 fnt\n|faint|p2b: Koraidon\n|-ability|p1a: Calyrex|Grim Neigh|boost\n|-boost|p1a: Calyrex|spa|1\n|-damage|p1a: Calyrex|79/100 psn|[from] item: Life Orb\n|move|p1b: Groudon|High Horsepower|p2a: Brute Bonnet\n|-resisted|p2a: Brute Bonnet\n|-damage|p2a: Brute Bonnet|54/100\n|\n|-weather|SunnyDay|[upkeep]\n|-damage|p1a: Calyrex|67/100 psn|[from] psn\n|upkeep\n|\n|t:|1774769621\n|switch|p2b: Calyrex|Calyrex-Shadow, L50|100/100\n|-ability|p2b: Calyrex|As One\n|-ability|p2b: Calyrex|Unnerve\n|turn|4\n|\n|t:|1774769674\n|move|p1a: Calyrex|Protect|p1a: Calyrex\n|-singleturn|p1a: Calyrex|Protect\n|move|p2b: Calyrex|Protect|p2b: Calyrex\n|-singleturn|p2b: Calyrex|Protect\n|move|p1b: Groudon|Heat Crash|p2a: Brute Bonnet\n|-supereffective|p2a: Brute Bonnet\n|-crit|p2a: Brute Bonnet\n|-damage|p2a: Brute Bonnet|0 fnt\n|faint|p2a: Brute Bonnet\n|-end|p2a: Brute Bonnet|Protosynthesis|[silent]\n|\n|-weather|SunnyDay|[upkeep]\n|-damage|p1a: Calyrex|54/100 psn|[from] psn\n|-sideend|p1: mytestteams|move: Tailwind\n|upkeep\n|c|\u2606happidoodledoo|rip i thought i had clicked tera\n|\n|t:|1774769687\n|switch|p2a: Weezing|Weezing-Galar, L50, M, shiny|35/100\n|-ability|p2a: Weezing|Neutralizing Gas\n|turn|5\n|\n|t:|1774769707\n|switch|p1a: Ogerpon|Ogerpon-Hearthflame, L50, F|100/100\n|-status|p1a: Ogerpon|psn\n|-terastallize|p2b: Calyrex|Normal\n|move|p2a: Weezing|Protect|p2a: Weezing\n|-singleturn|p2a: Weezing|Protect\n|move|p2b: Calyrex|Nasty Plot|p2b: Calyrex\n|-boost|p2b: Calyrex|spa|2\n|move|p1b: Groudon|High Horsepower|p2b: Calyrex\n|-damage|p2b: Calyrex|21/100\n|\n|-weather|none\n|-damage|p1a: Ogerpon|88/100 psn|[from] psn\n|upkeep\n|turn|6\n|\n|t:|1774769725\n|move|p1a: Ogerpon|Follow Me|p1a: Ogerpon\n|-singleturn|p1a: Ogerpon|move: Follow Me\n|move|p2b: Calyrex|Astral Barrage|p1a: Ogerpon|[spread] p1a,p1b\n|-crit|p1a: Ogerpon\n|-damage|p1a: Ogerpon|0 fnt\n|-damage|p1b: Groudon|0 fnt\n|faint|p1a: Ogerpon\n|faint|p1b: Groudon\n|-ability|p2b: Calyrex|Grim Neigh|boost\n|-boost|p2b: Calyrex|spa|2\n|-damage|p2b: Calyrex|11/100|[from] item: Life Orb\n|move|p2a: Weezing|Dazzling Gleam|p1: Ogerpon|[notarget]\n|-fail|p2a: Weezing\n|\n|upkeep\n|\n|t:|1774769731\n|switch|p1a: Whimsicott|Whimsicott, L50, F, shiny, tera:Water|53/100\n|switch|p1b: Calyrex|Calyrex-Shadow, L50|54/100 psn\n|-ability|p1b: Calyrex|As One\n|-ability|p1b: Calyrex|Unnerve\n|-status|p1a: Whimsicott|psn\n|turn|7\n|\n|t:|1774769747\n|move|p2b: Calyrex|Astral Barrage|p1b: Calyrex|[spread] p1a,p1b\n|-supereffective|p1b: Calyrex\n|-damage|p1a: Whimsicott|0 fnt\n|-damage|p1b: Calyrex|0 fnt\n|faint|p1a: Whimsicott\n|faint|p1b: Calyrex\n|-damage|p2b: Calyrex|2/100|[from] item: Life Orb\n|\n|win|happidoodledoo\n|raw|mytestteams's rating: 1455 &rarr; <strong>1440</strong><br />(-15 for losing)\n|raw|happidoodledoo's rating: 1549 &rarr; <strong>1564</strong><br />(+15 for winning)\n|l|\u2606mytestteams\n|player|p1|\n|l|\u2606happidoodledoo\n|player|p2|\n|l| Therazer456\n","uploadtime":1774769885,"views":17,"formatid":"gen9vgc2026regi","rating":1440,"private":0,"password":null}