{"id":"gen9vgc2026regi-2555670605","format":"[Gen 9] VGC 2026 Reg I","players":["BGY\u2605LiEL","jj11j1"],"log":"|j|\u2606BGY\u2605LiEL\n|j|\u2606jj11j1\n|t:|1773116155\n|gametype|doubles\n|player|p1|BGY\u2605LiEL|169|1283\n|player|p2|jj11j1|101|1318\n|gen|9\n|tier|[Gen 9] VGC 2026 Reg I\n|rated|\n|rule|Species Clause: Limit one of each Pok\u00e9mon\n|rule|Item Clause: Limit 1 of each item\n|clearpoke\n|poke|p1|Rillaboom, L50, M|\n|poke|p1|Incineroar, L50, M|\n|poke|p1|Slowbro, L50, M|\n|poke|p1|Calyrex-Ice, L50|\n|poke|p1|Lunala, L50|\n|poke|p1|Ursaluna-Bloodmoon, L50, M|\n|poke|p2|Kyogre, L50|\n|poke|p2|Calyrex-Ice, L50|\n|poke|p2|Landorus, L50, M|\n|poke|p2|Urshifu-*, L50, M|\n|poke|p2|Smeargle, L50, F|\n|poke|p2|Flutter Mane, L50|\n|teampreview|4\n|\n|t:|1773116185\n|teamsize|p1|4\n|teamsize|p2|4\n|start\n|switch|p1a: Slowbro|Slowbro, L50, M|100/100\n|switch|p1b: Rillaboom|Rillaboom, L50, M|100/100\n|switch|p2a: Flutter Mane|Flutter Mane, L50|100/100\n|switch|p2b: Smeargle|Smeargle, L50, F|100/100\n|-fieldstart|move: Grassy Terrain|[from] ability: Grassy Surge|[of] p1b: Rillaboom\n|turn|1\n|\n|t:|1773116204\n|move|p2b: Smeargle|Fake Out|p1b: Rillaboom\n|-damage|p1b: Rillaboom|96/100\n|cant|p1b: Rillaboom|flinch\n|move|p2a: Flutter Mane|Moonblast|p1b: Rillaboom\n|-damage|p1b: Rillaboom|62/100\n|move|p1a: Slowbro|Trick Room|p1a: Slowbro\n|-fieldstart|move: Trick Room|[of] p1a: Slowbro\n|\n|-heal|p1b: Rillaboom|68/100|[from] Grassy Terrain\n|-ability|p2b: Smeargle|Moody|boost\n|-boost|p2b: Smeargle|atk|2\n|-unboost|p2b: Smeargle|def|1\n|-enditem|p2b: Smeargle|Eject Pack\n|upkeep\n|\n|t:|1773116220\n|switch|p2b: Calyrex|Calyrex-Ice, L50|100/100\n|-ability|p2b: Calyrex|As One\n|-ability|p2b: Calyrex|Unnerve\n|turn|2\n|inactive|Battle timer is ON: inactive players will automatically lose when time's up. (requested by jj11j1)\n|\n|t:|1773116255\n|-terastallize|p2b: Calyrex|Grass\n|-terastallize|p1b: Rillaboom|Fire\n|move|p1a: Slowbro|Scald|p2b: Calyrex\n|-resisted|p2b: Calyrex\n|-damage|p2b: Calyrex|91/100\n|move|p2b: Calyrex|Glacial Lance|p1b: Rillaboom|[spread] p1a,p1b\n|-resisted|p1a: Slowbro\n|-resisted|p1b: Rillaboom\n|-damage|p1a: Slowbro|79/100\n|-damage|p1b: Rillaboom|42/100\n|move|p1b: Rillaboom|Wood Hammer|p2a: Flutter Mane\n|-enditem|p2a: Flutter Mane|Focus Sash\n|-damage|p2a: Flutter Mane|1/100\n|-damage|p1b: Rillaboom|21/100|[from] Recoil\n|move|p2a: Flutter Mane|Shadow Ball|p1a: Slowbro\n|-supereffective|p1a: Slowbro\n|-damage|p1a: Slowbro|8/100\n|\n|-heal|p1a: Slowbro|14/100|[from] Grassy Terrain\n|-heal|p2b: Calyrex|97/100|[from] Grassy Terrain\n|-heal|p1b: Rillaboom|27/100|[from] Grassy Terrain\n|-heal|p2a: Flutter Mane|7/100|[from] Grassy Terrain\n|upkeep\n|turn|3\n|inactive|jj11j1 has 30 seconds left.\n|inactive|jj11j1 has 20 seconds left.\n|\n|t:|1773116292\n|move|p1b: Rillaboom|Grassy Glide|p2a: Flutter Mane\n|-damage|p2a: Flutter Mane|0 fnt\n|faint|p2a: Flutter Mane\n|-end|p2a: Flutter Mane|Protosynthesis|[silent]\n|move|p1a: Slowbro|Scald|p2b: Calyrex\n|-resisted|p2b: Calyrex\n|-damage|p2b: Calyrex|88/100\n|move|p2b: Calyrex|High Horsepower|p1b: Rillaboom\n|-supereffective|p1b: Rillaboom\n|-damage|p1b: Rillaboom|0 fnt\n|faint|p1b: Rillaboom\n|-ability|p2b: Calyrex|Chilling Neigh|boost\n|-boost|p2b: Calyrex|atk|1\n|\n|-heal|p1a: Slowbro|20/100|[from] Grassy Terrain\n|-heal|p2b: Calyrex|94/100|[from] Grassy Terrain\n|upkeep\n|\n|t:|1773116313\n|switch|p1b: Calyrex|Calyrex-Ice, L50|100/100\n|switch|p2a: Kyogre|Kyogre, L50|100/100\n|-ability|p1b: Calyrex|As One\n|-ability|p1b: Calyrex|Unnerve\n|-weather|RainDance|[from] ability: Drizzle|[of] p2a: Kyogre\n|turn|4\n|\n|t:|1773116323\n|move|p1a: Slowbro|Helping Hand|p1b: Calyrex\n|-singleturn|p1b: Calyrex|Helping Hand|[of] p1a: Slowbro\n|move|p2a: Kyogre|Water Spout|p1b: Calyrex|[spread] p1a,p1b\n|-resisted|p1a: Slowbro\n|-damage|p1a: Slowbro|0 fnt\n|-damage|p1b: Calyrex|26/100\n|faint|p1a: Slowbro\n|move|p1b: Calyrex|Glacial Lance|p2b: Calyrex|[spread] p2a,p2b\n|-resisted|p2a: Kyogre\n|-supereffective|p2b: Calyrex\n|-damage|p2a: Kyogre|56/100\n|-damage|p2b: Calyrex|0 fnt\n|faint|p2b: Calyrex\n|-ability|p1b: Calyrex|Chilling Neigh|boost\n|-boost|p1b: Calyrex|atk|1\n|\n|-weather|RainDance|[upkeep]\n|-heal|p2a: Kyogre|61/100|[from] Grassy Terrain\n|-heal|p1b: Calyrex|32/100|[from] Grassy Terrain\n|upkeep\n|\n|t:|1773116335\n|switch|p1a: Lunala|Lunala, L50|100/100\n|switch|p2b: Smeargle|Smeargle, L50, F|100/100\n|turn|5\n|\n|t:|1773116352\n|move|p1a: Lunala|Wide Guard|p1a: Lunala\n|-singleturn|p1a: Lunala|Wide Guard\n|move|p2b: Smeargle|Fake Out|p1b: Calyrex\n|-damage|p1b: Calyrex|29/100\n|move|p2a: Kyogre|Thunder|p1b: Calyrex\n|-damage|p1b: Calyrex|0 fnt\n|faint|p1b: Calyrex\n|\n|-weather|RainDance|[upkeep]\n|-heal|p2a: Kyogre|67/100|[from] Grassy Terrain\n|-fieldend|move: Trick Room\n|-fieldend|move: Grassy Terrain\n|-ability|p2b: Smeargle|Moody|boost\n|-boost|p2b: Smeargle|spe|2\n|-unboost|p2b: Smeargle|spd|1\n|upkeep\n|turn|6\n|inactive|jj11j1 has 30 seconds left.\n|\n|t:|1773116377\n|move|p2b: Smeargle|Spore|p1a: Lunala\n|-status|p1a: Lunala|slp|[from] move: Spore\n|cant|p1a: Lunala|slp\n|move|p2a: Kyogre|Water Spout|p1a: Lunala\n|-damage|p1a: Lunala|69/100 slp\n|\n|-weather|RainDance|[upkeep]\n|-ability|p2b: Smeargle|Moody|boost\n|-boost|p2b: Smeargle|atk|2\n|-unboost|p2b: Smeargle|def|1\n|upkeep\n|turn|7\n|-message|BGY\u2605LiEL forfeited.\n|\n|win|jj11j1\n|raw|BGY\u2605LiEL's rating: 1283 &rarr; <strong>1261</strong><br />(-22 for losing)\n|raw|jj11j1's rating: 1318 &rarr; <strong>1336</strong><br />(+18 for winning)\n|l|\u2606BGY\u2605LiEL\n|player|p1|\n|l|\u2606jj11j1\n|player|p2|\n","uploadtime":1773116571,"views":13,"formatid":"gen9vgc2026regi","rating":1261,"private":0,"password":null}