{"id":"gen9vgc2026regi-2553504207","format":"[Gen 9] VGC 2026 Reg I","players":["Low Tier Goodra","Pokemonst3r"],"log":"|j|\u2606Low Tier Goodra\n|j|\u2606Pokemonst3r\n|t:|1772837908\n|gametype|doubles\n|player|p1|Low Tier Goodra|jasmine|1442\n|player|p2|Pokemonst3r|169|1563\n|gen|9\n|tier|[Gen 9] VGC 2026 Reg I\n|rated|\n|rule|Species Clause: Limit one of each Pok\u00e9mon\n|rule|Item Clause: Limit 1 of each item\n|clearpoke\n|poke|p1|Calyrex-Ice, L50|\n|poke|p1|Kyogre, L50|\n|poke|p1|Sinistcha-Masterpiece, L50|\n|poke|p1|Rillaboom, L50, M|\n|poke|p1|Ursaluna, L50, F|\n|poke|p1|Incineroar, L50, M|\n|poke|p2|Chien-Pao, L50|\n|poke|p2|Calyrex-Shadow, L50|\n|poke|p2|Dondozo, L50, M|\n|poke|p2|Zamazenta-*, L50|\n|poke|p2|Dragonite, L50, F|\n|poke|p2|Tatsugiri, L50, M|\n|teampreview|4\n|inactive|Battle timer is ON: inactive players will automatically lose when time's up. (requested by Pokemonst3r)\n|\n|t:|1772837920\n|teamsize|p1|4\n|teamsize|p2|4\n|start\n|switch|p1a: Rillaboom|Rillaboom, L50, M|100/100\n|switch|p1b: Calyrex|Calyrex-Ice, L50|100/100\n|switch|p2a: Dondozo|Dondozo, L50, M|100/100\n|switch|p2b: Calyrex|Calyrex-Shadow, L50|100/100\n|-ability|p2b: Calyrex|As One\n|-ability|p2b: Calyrex|Unnerve\n|-ability|p1b: Calyrex|As One\n|-ability|p1b: Calyrex|Unnerve\n|-fieldstart|move: Grassy Terrain|[from] ability: Grassy Surge|[of] p1a: Rillaboom\n|turn|1\n|\n|t:|1772837936\n|-terastallize|p1b: Calyrex|Water\n|move|p2a: Dondozo|Protect|p2a: Dondozo\n|-singleturn|p2a: Dondozo|Protect\n|move|p2b: Calyrex|Trick|p1b: Calyrex\n|-activate|p2b: Calyrex|move: Trick|[of] p1b: Calyrex\n|-item|p1b: Calyrex|Choice Scarf|[from] move: Trick\n|-item|p2b: Calyrex|Mental Herb|[from] move: Trick\n|move|p1a: Rillaboom|Wood Hammer|p2b: Calyrex\n|-damage|p2b: Calyrex|0 fnt\n|faint|p2b: Calyrex\n|-damage|p1a: Rillaboom|69/100|[from] Recoil\n|move|p1b: Calyrex|Trick Room|p1b: Calyrex\n|-fieldstart|move: Trick Room|[of] p1b: Calyrex\n|\n|-heal|p1a: Rillaboom|75/100|[from] Grassy Terrain\n|upkeep\n|\n|t:|1772837950\n|switch|p2b: Tatsugiri|Tatsugiri, L50, M|100/100\n|-activate|p2b: Tatsugiri|ability: Commander|[of] p2a: Dondozo\n|-boost|p2a: Dondozo|atk|2\n|-boost|p2a: Dondozo|spa|2\n|-boost|p2a: Dondozo|spe|2\n|-boost|p2a: Dondozo|def|2\n|-boost|p2a: Dondozo|spd|2\n|turn|2\n|\n|t:|1772837973\n|switch|p1b: Sinistcha|Sinistcha-Masterpiece, L50|100/100\n|-enditem|p1b: Sinistcha|Grassy Seed\n|-boost|p1b: Sinistcha|def|1|[from] item: Grassy Seed\n|-terastallize|p2a: Dondozo|Grass\n|move|p2a: Dondozo|Order Up|p1b: Sinistcha\n|-damage|p1b: Sinistcha|57/100\n|-boost|p2a: Dondozo|atk|1\n|move|p1a: Rillaboom|U-turn|p2a: Dondozo\n|-supereffective|p2a: Dondozo\n|-damage|p2a: Dondozo|85/100\n|inactive|Low Tier Goodra has 30 seconds left.\n|\n|t:|1772837998\n|switch|p1a: Calyrex|Calyrex-Ice, L50, tera:Water|100/100|[from] U-turn\n|-ability|p1a: Calyrex|As One\n|-ability|p1a: Calyrex|Unnerve\n|\n|-heal|p1b: Sinistcha|63/100|[from] Grassy Terrain\n|-heal|p2a: Dondozo|91/100|[from] Grassy Terrain\n|-heal|p2a: Dondozo|97/100|[from] item: Leftovers\n|upkeep\n|turn|3\n|\n|t:|1772838008\n|switch|p1b: Rillaboom|Rillaboom, L50, M|75/100\n|move|p1a: Calyrex|Glacial Lance|p2a: Dondozo|[spread] p2a\n|-miss|p1a: Calyrex|p2b: Tatsugiri\n|-supereffective|p2a: Dondozo\n|-crit|p2a: Dondozo\n|-damage|p2a: Dondozo|8/100\n|move|p2a: Dondozo|Substitute|p2a: Dondozo\n|-fail|p2a: Dondozo|move: Substitute|[weak]\n|\n|-heal|p2a: Dondozo|15/100|[from] Grassy Terrain\n|-heal|p2a: Dondozo|21/100|[from] item: Leftovers\n|-heal|p1b: Rillaboom|81/100|[from] Grassy Terrain\n|upkeep\n|turn|4\n|\n|t:|1772838024\n|move|p2a: Dondozo|Protect|p2a: Dondozo\n|-singleturn|p2a: Dondozo|Protect\n|move|p1b: Rillaboom|Fake Out|p2a: Dondozo\n|-activate|p2a: Dondozo|move: Protect\n|move|p1a: Calyrex|Glacial Lance|p2b: Tatsugiri|[spread] \n|-miss|p1a: Calyrex|p2b: Tatsugiri\n|-activate|p2a: Dondozo|move: Protect\n|\n|-heal|p2a: Dondozo|27/100|[from] Grassy Terrain\n|-heal|p2a: Dondozo|33/100|[from] item: Leftovers\n|-heal|p1b: Rillaboom|87/100|[from] Grassy Terrain\n|upkeep\n|turn|5\n|\n|t:|1772838037\n|move|p1a: Calyrex|Glacial Lance|p2b: Tatsugiri|[spread] p2a\n|-miss|p1a: Calyrex|p2b: Tatsugiri\n|-supereffective|p2a: Dondozo\n|-damage|p2a: Dondozo|2/100\n|move|p2a: Dondozo|Order Up|p1b: Rillaboom\n|-damage|p1b: Rillaboom|25/100\n|-boost|p2a: Dondozo|atk|1\n|move|p1b: Rillaboom|Taunt|p2a: Dondozo\n|-start|p2a: Dondozo|move: Taunt\n|\n|-heal|p2a: Dondozo|8/100|[from] Grassy Terrain\n|-heal|p2a: Dondozo|15/100|[from] item: Leftovers\n|-heal|p1b: Rillaboom|31/100|[from] Grassy Terrain\n|-fieldend|move: Trick Room\n|-fieldend|move: Grassy Terrain\n|upkeep\n|turn|6\n|\n|t:|1772838060\n|move|p1b: Rillaboom|Wood Hammer|p2b: Tatsugiri|[miss]\n|-miss|p1b: Rillaboom|p2b: Tatsugiri\n|move|p2a: Dondozo|Order Up|p1a: Calyrex\n|-damage|p1a: Calyrex|60/100\n|-boost|p2a: Dondozo|atk|1\n|move|p1a: Calyrex|Glacial Lance|p2a: Dondozo|[spread] p2a\n|-miss|p1a: Calyrex|p2b: Tatsugiri\n|-supereffective|p2a: Dondozo\n|-damage|p2a: Dondozo|0 fnt\n|faint|p2a: Dondozo\n|-ability|p1a: Calyrex|Chilling Neigh|boost\n|-boost|p1a: Calyrex|atk|1\n|\n|upkeep\n|\n|t:|1772838072\n|switch|p2a: Zamazenta|Zamazenta-Crowned, L50|100/100\n|-ability|p2a: Zamazenta|Dauntless Shield|boost\n|-boost|p2a: Zamazenta|def|1\n|turn|7\n|\n|t:|1772838086\n|move|p2a: Zamazenta|Wide Guard|p2a: Zamazenta\n|-singleturn|p2a: Zamazenta|Wide Guard\n|move|p2b: Tatsugiri|Draco Meteor|p1b: Rillaboom|[miss]\n|-miss|p2b: Tatsugiri|p1b: Rillaboom\n|move|p1b: Rillaboom|Taunt|p2a: Zamazenta\n|-start|p2a: Zamazenta|move: Taunt\n|move|p1a: Calyrex|Glacial Lance|p2b: Tatsugiri|[spread] \n|-activate|p2a: Zamazenta|move: Wide Guard\n|-activate|p2b: Tatsugiri|move: Wide Guard\n|\n|upkeep\n|turn|8\n|\n|t:|1772838111\n|move|p2a: Zamazenta|Body Press|p1a: Calyrex\n|-damage|p1a: Calyrex|17/100\n|move|p2b: Tatsugiri|Draco Meteor|p1b: Rillaboom|[miss]\n|-miss|p2b: Tatsugiri|p1b: Rillaboom\n|move|p1b: Rillaboom|Wood Hammer|p2b: Tatsugiri\n|-damage|p2b: Tatsugiri|0 fnt\n|faint|p2b: Tatsugiri\n|-damage|p1b: Rillaboom|5/100|[from] Recoil\n|move|p1a: Calyrex|Glacial Lance|p2a: Zamazenta\n|-resisted|p2a: Zamazenta\n|-damage|p2a: Zamazenta|81/100\n|\n|upkeep\n|turn|9\n|-message|Pokemonst3r forfeited.\n|\n|win|Low Tier Goodra\n|raw|Low Tier Goodra's rating: 1442 &rarr; <strong>1469</strong><br />(+27 for winning)\n|raw|Pokemonst3r's rating: 1563 &rarr; <strong>1536</strong><br />(-27 for losing)\n|l|\u2606Pokemonst3r\n|player|p2|\n|l|\u2606Low Tier Goodra\n|player|p1|\n","uploadtime":1772838390,"views":17,"formatid":"gen9vgc2026regi","rating":1469,"private":0,"password":null}