{"id":"gen9vgc2026regi-2521252865","format":"[Gen 9] VGC 2026 Reg I","players":["marcxhenry","Luh_simoes-04"],"log":"|j|\u2606marcxhenry\n|j|\u2606Luh_simoes-04\n|t:|1768753050\n|gametype|doubles\n|player|p1|marcxhenry|hilbert-wonderlauncher|1419\n|player|p2|Luh_simoes-04|drayden|1443\n|gen|9\n|tier|[Gen 9] VGC 2026 Reg I\n|rated|\n|rule|Species Clause: Limit one of each Pok\u00e9mon\n|rule|Item Clause: Limit 1 of each item\n|clearpoke\n|poke|p1|Calyrex-Shadow, L50|\n|poke|p1|Urshifu-*, L50, M|\n|poke|p1|Roaring Moon, L50|\n|poke|p1|Kyogre, L50|\n|poke|p1|Tsareena, L50, F|\n|poke|p1|Kingambit, L50, M|\n|poke|p2|Calyrex-Ice, L50|\n|poke|p2|Lunala, L50|\n|poke|p2|Chi-Yu, L50|\n|poke|p2|Indeedee-F, L50, F|\n|poke|p2|Urshifu-*, L50, M|\n|poke|p2|Ogerpon-Cornerstone, L50, F|\n|teampreview|4\n|inactive|Battle timer is ON: inactive players will automatically lose when time's up. (requested by Luh_simoes-04)\n|\n|t:|1768753071\n|teamsize|p1|4\n|teamsize|p2|4\n|start\n|switch|p1a: Ludwig|Calyrex-Shadow, L50|100/100\n|switch|p1b: Tripitz|Kyogre, L50, shiny|100/100\n|switch|p2a: Ogerpon|Ogerpon-Cornerstone, L50, F|100/100\n|switch|p2b: Lunala|Lunala, L50|100/100\n|-ability|p1a: Ludwig|As One\n|-ability|p1a: Ludwig|Unnerve\n|-weather|RainDance|[from] ability: Drizzle|[of] p1b: Tripitz\n|turn|1\n|\n|t:|1768753091\n|switch|p1b: Hermann|Kingambit, L50, M, shiny|100/100\n|-terastallize|p1a: Ludwig|Normal\n|-terastallize|p2b: Lunala|Grass\n|move|p1a: Ludwig|Astral Barrage|p2b: Lunala|[spread] p2a,p2b\n|-damage|p2a: Ogerpon|46/100\n|-damage|p2b: Lunala|80/100\n|move|p2a: Ogerpon|Wood Hammer|p1b: Hermann\n|-resisted|p1b: Hermann\n|-damage|p1b: Hermann|70/100\n|-damage|p2a: Ogerpon|35/100|[from] Recoil\n|move|p2b: Lunala|Trick Room|p2b: Lunala\n|-fieldstart|move: Trick Room|[of] p2b: Lunala\n|\n|-weather|RainDance|[upkeep]\n|upkeep\n|turn|2\n|\n|t:|1768753112\n|move|p1b: Hermann|Iron Head|p2a: Ogerpon\n|-supereffective|p2a: Ogerpon\n|-damage|p2a: Ogerpon|0 fnt\n|faint|p2a: Ogerpon\n|move|p2b: Lunala|Meteor Beam||[still]\n|-prepare|p2b: Lunala|Meteor Beam\n|-boost|p2b: Lunala|spa|1\n|-enditem|p2b: Lunala|Power Herb\n|-anim|p2b: Lunala|Meteor Beam|p1a: Ludwig\n|-damage|p1a: Ludwig|24/100\n|move|p1a: Ludwig|Trick Room|p1a: Ludwig\n|-fieldend|move: Trick Room\n|\n|-weather|RainDance|[upkeep]\n|upkeep\n|\n|t:|1768753122\n|switch|p2a: Urshifu|Urshifu, L50, M|100/100\n|turn|3\n|\n|t:|1768753133\n|switch|p1b: Eva|Tsareena, L50, F, shiny|100/100\n|move|p2a: Urshifu|Sucker Punch||[still]\n|cant|p1b: Eva|ability: Queenly Majesty|Sucker Punch|[of] p2a: Urshifu\n|move|p1a: Ludwig|Astral Barrage|p2b: Lunala|[spread] p2a,p2b\n|-resisted|p2a: Urshifu\n|-damage|p2a: Urshifu|64/100\n|-damage|p2b: Lunala|43/100\n|move|p2b: Lunala|Trick Room|p2b: Lunala\n|-fieldstart|move: Trick Room|[of] p2b: Lunala\n|\n|-weather|RainDance|[upkeep]\n|upkeep\n|turn|4\n|\n|t:|1768753152\n|move|p1a: Ludwig|Protect|p1a: Ludwig\n|-singleturn|p1a: Ludwig|Protect\n|move|p2a: Urshifu|Close Combat|p1a: Ludwig\n|-supereffective|p1a: Ludwig\n|-damage|p1a: Ludwig|0 fnt\n|-unboost|p2a: Urshifu|def|1\n|-unboost|p2a: Urshifu|spd|1\n|faint|p1a: Ludwig\n|move|p2b: Lunala|Moongeist Beam|p1b: Eva\n|-damage|p1b: Eva|0 fnt\n|faint|p1b: Eva\n|\n|-weather|RainDance|[upkeep]\n|upkeep\n|\n|t:|1768753164\n|switch|p1b: Hermann|Kingambit, L50, M, shiny|70/100\n|switch|p1a: Tripitz|Kyogre, L50, shiny|100/100\n|turn|5\n|\n|t:|1768753170\n|move|p1a: Tripitz|Protect|p1a: Tripitz\n|-singleturn|p1a: Tripitz|Protect\n|move|p2a: Urshifu|Close Combat|p1b: Hermann\n|-supereffective|p1b: Hermann\n|-damage|p1b: Hermann|0 fnt\n|-unboost|p2a: Urshifu|def|1\n|-unboost|p2a: Urshifu|spd|1\n|faint|p1b: Hermann\n|move|p2b: Lunala|Moongeist Beam|p1a: Tripitz\n|-activate|p1a: Tripitz|move: Protect\n|\n|-weather|none\n|upkeep\n|turn|6\n|-message|marcxhenry forfeited.\n|\n|win|Luh_simoes-04\n|raw|marcxhenry's rating: 1419 &rarr; <strong>1400</strong><br />(-19 for losing)\n|raw|Luh_simoes-04's rating: 1443 &rarr; <strong>1462</strong><br />(+19 for winning)\n|l|\u2606marcxhenry\n|player|p1|\n|l|\u2606Luh_simoes-04\n|player|p2|\n","uploadtime":1768753430,"views":17,"formatid":"gen9vgc2026regi","rating":1400,"private":0,"password":null}