{"id":"gen9vgc2026regi-2579990306","format":"[Gen 9] VGC 2026 Reg I","players":["castiel123","clashclawa1234"],"log":"|j|\u2606castiel123\n|j|\u2606clashclawa1234\n|t:|1775844587\n|gametype|doubles\n|player|p1|castiel123|102|1068\n|player|p2|clashclawa1234|twins-gen4|1108\n|gen|9\n|tier|[Gen 9] VGC 2026 Reg I\n|rated|\n|rule|Species Clause: Limit one of each Pok\u00e9mon\n|rule|Item Clause: Limit 1 of each item\n|clearpoke\n|poke|p1|Zamazenta-*, L50|\n|poke|p1|Chi-Yu, L50|\n|poke|p1|Terapagos, L50, M|\n|poke|p1|Landorus, L50, M|\n|poke|p1|Rillaboom, L50, F|\n|poke|p1|Whimsicott, L50, F|\n|poke|p2|Miraidon, L50|\n|poke|p2|Charjabug, L50, M|\n|poke|p2|Iron Bundle, L50|\n|poke|p2|Kyogre, L50|\n|poke|p2|Frosmoth, L50, F|\n|poke|p2|Articuno-Galar, L50|\n|teampreview|4\nclashclawa1234 rejected open team sheets.\n|inactive|Battle timer is ON: inactive players will automatically lose when time's up. (requested by clashclawa1234)\n|\n|t:|1775844633\n|teamsize|p1|4\n|teamsize|p2|4\n|start\n|switch|p1a: Whimsicott|Whimsicott, L50, F|100/100\n|switch|p1b: Terapagos|Terapagos, L50, M|100/100\n|switch|p2a: Iron Bundle|Iron Bundle, L50|100/100\n|switch|p2b: Miraidon|Miraidon, L50|100/100\n|-activate|p1b: Terapagos|ability: Tera Shift\n|detailschange|p1b: Terapagos|Terapagos-Terastal, L50, M\n|-heal|p1b: Terapagos|100/100|[silent]\n|-fieldstart|move: Electric Terrain|[from] ability: Hadron Engine|[of] p2b: Miraidon\n|-activate|p2a: Iron Bundle|ability: Quark Drive\n|-start|p2a: Iron Bundle|quarkdrivespe\n|turn|1\n|inactive|clashclawa1234 has 30 seconds left.\n|\n|t:|1775844662\n|-terastallize|p2b: Miraidon|Fairy\n|move|p1a: Whimsicott|Tailwind|p1a: Whimsicott\n|-sidestart|p1: castiel123|move: Tailwind\n|move|p2a: Iron Bundle|Ice Beam|p1a: Whimsicott\n|-supereffective|p1a: Whimsicott\n|-damage|p1a: Whimsicott|0 fnt\n|faint|p1a: Whimsicott\n|move|p1b: Terapagos|Calm Mind|p1b: Terapagos\n|-boost|p1b: Terapagos|spa|1\n|-boost|p1b: Terapagos|spd|1\n|move|p2b: Miraidon|Draco Meteor|p1b: Terapagos\n|-activate|p1b: Terapagos|ability: Tera Shell\n|-resisted|p1b: Terapagos\n|-damage|p1b: Terapagos|70/100\n|-unboost|p2b: Miraidon|spa|2\n|-damage|p2b: Miraidon|91/100|[from] item: Life Orb\n|\n|-heal|p1b: Terapagos|76/100|[from] item: Leftovers\n|upkeep\n|\n|t:|1775844673\n|switch|p1a: Landorus|Landorus, L50, M|100/100\n|turn|2\n|\n|t:|1775844691\n|switch|p2b: Kyogre|Kyogre, L50|100/100\n|-weather|RainDance|[from] ability: Drizzle|[of] p2b: Kyogre\n|move|p1a: Landorus|Substitute|p1a: Landorus\n|-start|p1a: Landorus|Substitute\n|-damage|p1a: Landorus|75/100\n|move|p2a: Iron Bundle|Ice Beam|p1a: Landorus\n|-supereffective|p1a: Landorus\n|-end|p1a: Landorus|Substitute\n|move|p1b: Terapagos|Tera Starstorm|p2a: Iron Bundle\n|-damage|p2a: Iron Bundle|0 fnt\n|faint|p2a: Iron Bundle\n|-end|p2a: Iron Bundle|Quark Drive|[silent]\n|\n|-weather|RainDance|[upkeep]\n|-heal|p1b: Terapagos|82/100|[from] item: Leftovers\n|upkeep\n|\n|t:|1775844707\n|switch|p2a: Articuno|Articuno-Galar, L50|100/100\n|turn|3\n|\n|t:|1775844721\n|-terastallize|p1b: Terapagos|Stellar\n|detailschange|p1b: Terapagos|Terapagos-Stellar, L50, M, tera:Stellar\n|-heal|p1b: Terapagos|86/100|[silent]\n|-ability|p1b: Terapagos|Teraform Zero\n|-weather|none\n|-fieldend|move: Electric Terrain\n|move|p1a: Landorus|Earth Power|p2b: Kyogre\n|-damage|p2b: Kyogre|72/100\n|-damage|p1a: Landorus|66/100|[from] item: Life Orb\n|move|p2a: Articuno|Tailwind|p2a: Articuno\n|-sidestart|p2: clashclawa1234|move: Tailwind\n|move|p2b: Kyogre|Water Spout|p1a: Landorus|[spread] p1a,p1b\n|-supereffective|p1a: Landorus\n|-damage|p1a: Landorus|0 fnt\n|-damage|p1b: Terapagos|67/100\n|faint|p1a: Landorus\n|move|p1b: Terapagos|Tera Starstorm|p2b: Kyogre|[spread] p2a,p2b\n|-damage|p2a: Articuno|53/100\n|-damage|p2b: Kyogre|51/100\n|\n|-heal|p1b: Terapagos|73/100|[from] item: Leftovers\n|upkeep\n|\n|t:|1775844736\n|switch|p1a: Zamazenta|Zamazenta-Crowned, L50|100/100\n|-ability|p1a: Zamazenta|Dauntless Shield|boost\n|-boost|p1a: Zamazenta|def|1\n|turn|4\n|\n|t:|1775844754\n|switch|p2a: Miraidon|Miraidon, L50, tera:Fairy|91/100\n|-fieldstart|move: Electric Terrain|[from] ability: Hadron Engine|[of] p2a: Miraidon\n|move|p1a: Zamazenta|Wide Guard|p1a: Zamazenta\n|-singleturn|p1a: Zamazenta|Wide Guard\n|move|p2b: Kyogre|Origin Pulse|p1a: Zamazenta|[spread] \n|-activate|p1a: Zamazenta|move: Wide Guard\n|-activate|p1b: Terapagos|move: Wide Guard\n|move|p1b: Terapagos|Calm Mind|p1b: Terapagos\n|-boost|p1b: Terapagos|spa|1\n|-boost|p1b: Terapagos|spd|1\n|\n|-heal|p1b: Terapagos|79/100|[from] item: Leftovers\n|-sideend|p1: castiel123|move: Tailwind\n|upkeep\n|turn|5\n|inactive|clashclawa1234 has 30 seconds left.\n|\n|t:|1775844782\n|switch|p2b: Articuno|Articuno-Galar, L50|53/100\n|move|p1b: Terapagos|Protect|p1b: Terapagos\n|-singleturn|p1b: Terapagos|Protect\n|move|p2a: Miraidon|Draco Meteor|p1a: Zamazenta\n|-resisted|p1a: Zamazenta\n|-damage|p1a: Zamazenta|65/100\n|-unboost|p2a: Miraidon|spa|2\n|-damage|p2a: Miraidon|81/100|[from] item: Life Orb\n|move|p1a: Zamazenta|Behemoth Bash|p2a: Miraidon\n|-supereffective|p2a: Miraidon\n|-damage|p2a: Miraidon|2/100\n|\n|-heal|p1b: Terapagos|85/100|[from] item: Leftovers\n|upkeep\n|turn|6\n|\n|t:|1775844806\n|switch|p2a: Kyogre|Kyogre, L50|51/100\n|-weather|RainDance|[from] ability: Drizzle|[of] p2a: Kyogre\n|move|p2b: Articuno|Trick|p1b: Terapagos\n|-activate|p2b: Articuno|move: Trick|[of] p1b: Terapagos\n|-item|p1b: Terapagos|Choice Scarf|[from] move: Trick\n|-item|p2b: Articuno|Leftovers|[from] move: Trick\n|move|p1b: Terapagos|Calm Mind|p1b: Terapagos\n|-boost|p1b: Terapagos|spa|1\n|-boost|p1b: Terapagos|spd|1\n|move|p1a: Zamazenta|Behemoth Bash|p2b: Articuno\n|-damage|p2b: Articuno|5/100\n|\n|-weather|RainDance|[upkeep]\n|-heal|p2b: Articuno|11/100|[from] item: Leftovers\n|-sideend|p2: clashclawa1234|move: Tailwind\n|upkeep\n|turn|7\n|inactive|clashclawa1234 has 30 seconds left.\n|\n|t:|1775844833\n|move|p2b: Articuno|Tailwind|p2b: Articuno\n|-sidestart|p2: clashclawa1234|move: Tailwind\n|move|p2a: Kyogre|Origin Pulse|p1b: Terapagos|[spread] p1a,p1b\n|-damage|p1a: Zamazenta|19/100\n|-damage|p1b: Terapagos|66/100\n|move|p1b: Terapagos|Calm Mind|p1b: Terapagos\n|-boost|p1b: Terapagos|spa|1\n|-boost|p1b: Terapagos|spd|1\n|move|p1a: Zamazenta|Body Press|p2a: Kyogre\n|-damage|p2a: Kyogre|0 fnt\n|faint|p2a: Kyogre\n|\n|-weather|RainDance|[upkeep]\n|-heal|p2b: Articuno|17/100|[from] item: Leftovers\n|upkeep\n|\n|t:|1775844846\n|switch|p2a: Miraidon|Miraidon, L50, tera:Fairy|2/100\n|-activate|p2a: Miraidon|ability: Hadron Engine\n|turn|8\n|\n|t:|1775844861\n|move|p2a: Miraidon|Electro Drift|p1a: Zamazenta\n|-damage|p1a: Zamazenta|0 fnt\n|faint|p1a: Zamazenta\n|-damage|p2a: Miraidon|0 fnt|[from] item: Life Orb\n|faint|p2a: Miraidon\n|move|p2b: Articuno|Hurricane|p1b: Terapagos\n|-damage|p1b: Terapagos|55/100\n|move|p1b: Terapagos|Calm Mind|p1b: Terapagos\n|-boost|p1b: Terapagos|spa|1\n|-boost|p1b: Terapagos|spd|1\n|\n|-weather|RainDance|[upkeep]\n|-heal|p2b: Articuno|24/100|[from] item: Leftovers\n|-fieldend|move: Electric Terrain\n|upkeep\n|turn|9\n|\n|t:|1775844877\n|move|p2b: Articuno|Hurricane|p1b: Terapagos\n|-damage|p1b: Terapagos|45/100\n|-start|p1b: Terapagos|confusion\n|-activate|p1b: Terapagos|confusion\n|move|p1b: Terapagos|Calm Mind|p1b: Terapagos\n|-boost|p1b: Terapagos|spa|1\n|-boost|p1b: Terapagos|spd|1\n|\n|-weather|RainDance|[upkeep]\n|-heal|p2b: Articuno|30/100|[from] item: Leftovers\n|upkeep\n|turn|10\n|\n|t:|1775844887\n|move|p2b: Articuno|Psyshock|p1b: Terapagos\n|-damage|p1b: Terapagos|23/100\n|-end|p1b: Terapagos|confusion\n|move|p1b: Terapagos|Calm Mind|p1b: Terapagos\n|-boost|p1b: Terapagos|spa|0\n|-boost|p1b: Terapagos|spd|0\n|\n|-weather|none\n|-heal|p2b: Articuno|36/100|[from] item: Leftovers\n|-sideend|p2: clashclawa1234|move: Tailwind\n|upkeep\n|turn|11\n|-message|castiel123 forfeited.\n|\n|win|clashclawa1234\n|raw|castiel123's rating: 1068 &rarr; <strong>1050</strong><br />(-18 for losing)\n|raw|clashclawa1234's rating: 1108 &rarr; <strong>1130</strong><br />(+22 for winning)\n|l|\u2606castiel123\n|player|p1|\n|c|\u2606clashclawa1234|ggs\n","uploadtime":1775844909,"views":9,"formatid":"gen9vgc2026regi","rating":1050,"private":0,"password":null}