{"id":"gen9vgc2026regi-2546236352","format":"[Gen 9] VGC 2026 Reg I","players":["123456ag","Schimmli"],"log":"|j|\u2606123456ag\n|j|\u2606Schimmli\n|t:|1771946055\n|gametype|doubles\n|player|p1|123456ag|swimmerf-gen4dp|1366\n|player|p2|Schimmli|2|1525\n|gen|9\n|tier|[Gen 9] VGC 2026 Reg I\n|rated|\n|rule|Species Clause: Limit one of each Pok\u00e9mon\n|rule|Item Clause: Limit 1 of each item\n|clearpoke\n|poke|p1|Calyrex-Ice, L50|\n|poke|p1|Miraidon, L50|\n|poke|p1|Incineroar, L50, M|\n|poke|p1|Urshifu-*, L50, M|\n|poke|p1|Whimsicott, L50, M|\n|poke|p1|Volcarona, L50, F|\n|poke|p2|Terapagos, L50, M|\n|poke|p2|Calyrex-Shadow, L50|\n|poke|p2|Flutter Mane, L50|\n|poke|p2|Ogerpon-Cornerstone, L50, F|\n|poke|p2|Incineroar, L50, F|\n|poke|p2|Rillaboom, L50, F|\n|teampreview|4\n|\n|t:|1771946078\n|teamsize|p1|4\n|teamsize|p2|4\n|start\n|switch|p1a: Miraidon|Miraidon, L50|100/100\n|switch|p1b: Whimsicott|Whimsicott, L50, M|100/100\n|switch|p2a: Terapagos|Terapagos, L50, M|100/100\n|switch|p2b: Rillaboom|Rillaboom, L50, F|100/100\n|-activate|p2a: Terapagos|ability: Tera Shift\n|detailschange|p2a: Terapagos|Terapagos-Terastal, L50, M\n|-heal|p2a: Terapagos|100/100|[silent]\n|-fieldstart|move: Electric Terrain|[from] ability: Hadron Engine|[of] p1a: Miraidon\n|-fieldstart|move: Grassy Terrain|[from] ability: Grassy Surge|[of] p2b: Rillaboom\n|turn|1\n|\n|t:|1771946120\n|move|p1b: Whimsicott|Light Screen|p1b: Whimsicott\n|-sidestart|p1: 123456ag|move: Light Screen\n|move|p1a: Miraidon|Snarl|p2b: Rillaboom|[spread] p2a,p2b\n|-activate|p2a: Terapagos|ability: Tera Shell\n|-resisted|p2a: Terapagos\n|-damage|p2a: Terapagos|94/100\n|-damage|p2b: Rillaboom|92/100\n|-unboost|p2a: Terapagos|spa|1\n|-unboost|p2b: Rillaboom|spa|1\n|move|p2a: Terapagos|Calm Mind|p2a: Terapagos\n|-boost|p2a: Terapagos|spa|1\n|-boost|p2a: Terapagos|spd|1\n|move|p2b: Rillaboom|U-turn|p1b: Whimsicott\n|-crit|p1b: Whimsicott\n|-damage|p1b: Whimsicott|59/100\n|\n|t:|1771946174\n|switch|p2b: Incineroar|Incineroar, L50, F, shiny|100/100|[from] U-turn\n|-ability|p2b: Incineroar|Intimidate|boost\n|-unboost|p1a: Miraidon|atk|1\n|-unboost|p1b: Whimsicott|atk|1\n|\n|-heal|p1b: Whimsicott|65/100|[from] Grassy Terrain\n|-heal|p2a: Terapagos|100/100|[from] Grassy Terrain\n|upkeep\n|turn|2\n|\n|t:|1771946193\n|move|p1b: Whimsicott|Encore|p2a: Terapagos\n|-start|p2a: Terapagos|Encore\n|move|p1a: Miraidon|Volt Switch|p2a: Terapagos\n|-activate|p2a: Terapagos|ability: Tera Shell\n|-resisted|p2a: Terapagos\n|-damage|p2a: Terapagos|90/100\n|\n|t:|1771946208\n|switch|p1a: Urshifu|Urshifu-Rapid-Strike, L50, M|100/100|[from] Volt Switch\n|move|p2a: Terapagos|Calm Mind|p2a: Terapagos\n|-boost|p2a: Terapagos|spa|1\n|-boost|p2a: Terapagos|spd|1\n|move|p2b: Incineroar|Knock Off|p1a: Urshifu\n|-resisted|p1a: Urshifu\n|-damage|p1a: Urshifu|84/100\n|-enditem|p1a: Urshifu|Choice Band|[from] move: Knock Off|[of] p2b: Incineroar\n|\n|-heal|p1b: Whimsicott|71/100|[from] Grassy Terrain\n|-heal|p1a: Urshifu|90/100|[from] Grassy Terrain\n|-heal|p2a: Terapagos|96/100|[from] Grassy Terrain\n|-heal|p2a: Terapagos|100/100|[from] item: Leftovers\n|upkeep\n|turn|3\n|\n|t:|1771946231\n|switch|p2a: Rillaboom|Rillaboom, L50, F|92/100\n|move|p1b: Whimsicott|Endeavor|p2a: Rillaboom\n|-damage|p2a: Rillaboom|46/100\n|move|p1a: Urshifu|Close Combat|p2a: Rillaboom\n|-damage|p2a: Rillaboom|0 fnt\n|-unboost|p1a: Urshifu|def|1\n|-unboost|p1a: Urshifu|spd|1\n|faint|p2a: Rillaboom\n|move|p2b: Incineroar|Will-O-Wisp|p1a: Urshifu\n|-status|p1a: Urshifu|brn\n|\n|-heal|p1b: Whimsicott|77/100|[from] Grassy Terrain\n|-heal|p1a: Urshifu|96/100 brn|[from] Grassy Terrain\n|-damage|p1a: Urshifu|90/100 brn|[from] brn\n|upkeep\n|\n|t:|1771946247\n|switch|p2a: Calyrex|Calyrex-Shadow, L50|100/100\n|-ability|p2a: Calyrex|As One\n|-ability|p2a: Calyrex|Unnerve\n|turn|4\n|\n|t:|1771946270\n|move|p1b: Whimsicott|Tailwind|p1b: Whimsicott\n|-sidestart|p1: 123456ag|move: Tailwind\n|move|p1a: Urshifu|U-turn|p2a: Calyrex\n|-damage|p2a: Calyrex|84/100\n|\n|t:|1771946275\n|switch|p1a: Miraidon|Miraidon, L50|100/100|[from] U-turn\n|-fieldstart|move: Electric Terrain|[from] ability: Hadron Engine|[of] p1a: Miraidon\n|move|p2a: Calyrex|Astral Barrage|p1a: Miraidon|[spread] p1a,p1b\n|-damage|p1a: Miraidon|73/100\n|-damage|p1b: Whimsicott|30/100\n|move|p2b: Incineroar|Parting Shot|p1b: Whimsicott\n|-unboost|p1b: Whimsicott|atk|1\n|-unboost|p1b: Whimsicott|spa|1\n|\n|t:|1771946286\n|switch|p2b: Terapagos|Terapagos-Terastal, L50, M|100/100|[from] Parting Shot\n|\n|upkeep\n|turn|5\n|\n|t:|1771946301\n|switch|p1b: Urshifu|Urshifu-Rapid-Strike, L50, M|90/100 brn\n|switch|p2b: Incineroar|Incineroar, L50, F, shiny|100/100\n|-ability|p2b: Incineroar|Intimidate|boost\n|-unboost|p1a: Miraidon|atk|1\n|-unboost|p1b: Urshifu|atk|1\n|move|p2a: Calyrex|Protect|p2a: Calyrex\n|-singleturn|p2a: Calyrex|Protect\n|move|p1a: Miraidon|Snarl|p2a: Calyrex|[spread] p2b\n|-activate|p2a: Calyrex|move: Protect\n|-resisted|p2b: Incineroar\n|-damage|p2b: Incineroar|91/100\n|-unboost|p2b: Incineroar|spa|1\n|\n|-damage|p1b: Urshifu|84/100 brn|[from] brn\n|-sideend|p1: 123456ag|move: Light Screen\n|upkeep\n|turn|6\n|\n|t:|1771946395\n|move|p2b: Incineroar|Fake Out|p1a: Miraidon\n|-damage|p1a: Miraidon|64/100\n|move|p1a: Miraidon|Snarl|p2a: Calyrex|[spread] p2a,p2b\n|-supereffective|p2a: Calyrex\n|-resisted|p2b: Incineroar\n|-damage|p2a: Calyrex|0 fnt\n|-damage|p2b: Incineroar|81/100\n|-unboost|p2b: Incineroar|spa|1\n|faint|p2a: Calyrex\n|move|p1b: Urshifu|Surging Strikes|p2b: Incineroar\n|-supereffective|p2b: Incineroar\n|-crit|p2b: Incineroar\n|-damage|p2b: Incineroar|66/100\n|-damage|p1b: Urshifu|68/100 brn|[from] item: Rocky Helmet|[of] p2b: Incineroar\n|-supereffective|p2b: Incineroar\n|-crit|p2b: Incineroar\n|-damage|p2b: Incineroar|51/100\n|-damage|p1b: Urshifu|52/100 brn|[from] item: Rocky Helmet|[of] p2b: Incineroar\n|-supereffective|p2b: Incineroar\n|-crit|p2b: Incineroar\n|-damage|p2b: Incineroar|36/100\n|-damage|p1b: Urshifu|36/100 brn|[from] item: Rocky Helmet|[of] p2b: Incineroar\n|-hitcount|p2b: Incineroar|3\n|\n|-damage|p1b: Urshifu|30/100 brn|[from] brn\n|upkeep\n|l|\u2606123456ag\n|player|p1|\n|\n|t:|1771946407\n|switch|p2a: Terapagos|Terapagos-Terastal, L50, M|100/100\n|turn|7\n|j|\u2606123456ag\n|player|p1|123456ag|swimmerf-gen4dp|\n|l|\u2606123456ag\n|player|p1|\n|inactive|Battle timer is ON: inactive players will automatically lose when time's up. (requested by Schimmli)\n|inactive|123456ag has 30 seconds to reconnect!\n|j|\u2606123456ag\n|inactive|123456ag reconnected and has 55 seconds left.\n|player|p1|123456ag|swimmerf-gen4dp|\n|\n|t:|1771946531\n|move|p1a: Miraidon|Snarl|p2b: Incineroar|[spread] p2a,p2b\n|-activate|p2a: Terapagos|ability: Tera Shell\n|-resisted|p2a: Terapagos\n|-resisted|p2b: Incineroar\n|-damage|p2a: Terapagos|92/100\n|-damage|p2b: Incineroar|26/100\n|-unboost|p2a: Terapagos|spa|1\n|-unboost|p2b: Incineroar|spa|1\n|move|p1b: Urshifu|Close Combat|p2a: Terapagos\n|-supereffective|p2a: Terapagos\n|-damage|p2a: Terapagos|65/100\n|-unboost|p1b: Urshifu|def|1\n|-unboost|p1b: Urshifu|spd|1\n|move|p2a: Terapagos|Calm Mind|p2a: Terapagos\n|-boost|p2a: Terapagos|spa|1\n|-boost|p2a: Terapagos|spd|1\n|move|p2b: Incineroar|Knock Off|p1a: Miraidon\n|-damage|p1a: Miraidon|33/100\n|-enditem|p1a: Miraidon|Covert Cloak|[from] move: Knock Off|[of] p2b: Incineroar\n|\n|-heal|p2a: Terapagos|71/100|[from] item: Leftovers\n|-damage|p1b: Urshifu|24/100 brn|[from] brn\n|-sideend|p1: 123456ag|move: Tailwind\n|upkeep\n|turn|8\n|inactive|123456ag has 30 seconds left.\n|inactive|Schimmli has 30 seconds left.\n|inactive|Schimmli has 20 seconds left.\n|inactive|Schimmli has 15 seconds left.\n|inactive|Schimmli has 10 seconds left.\n|\n|t:|1771946578\n|-terastallize|p2a: Terapagos|Stellar\n|detailschange|p2a: Terapagos|Terapagos-Stellar, L50, M, tera:Stellar\n|-heal|p2a: Terapagos|78/100|[silent]\n|-ability|p2a: Terapagos|Teraform Zero\n|-fieldend|move: Electric Terrain\n|move|p1a: Miraidon|Snarl|p2a: Terapagos|[spread] p2a,p2b\n|-resisted|p2b: Incineroar\n|-damage|p2a: Terapagos|71/100\n|-damage|p2b: Incineroar|19/100\n|-unboost|p2a: Terapagos|spa|1\n|-unboost|p2b: Incineroar|spa|1\n|move|p1b: Urshifu|Surging Strikes|p2b: Incineroar\n|-supereffective|p2b: Incineroar\n|-crit|p2b: Incineroar\n|-damage|p2b: Incineroar|2/100\n|-damage|p1b: Urshifu|8/100 brn|[from] item: Rocky Helmet|[of] p2b: Incineroar\n|-supereffective|p2b: Incineroar\n|-crit|p2b: Incineroar\n|-damage|p2b: Incineroar|0 fnt\n|-damage|p1b: Urshifu|0 fnt|[from] item: Rocky Helmet|[of] p2b: Incineroar\n|faint|p2b: Incineroar\n|faint|p1b: Urshifu\n|-hitcount|p2: Incineroar|2\n|move|p2a: Terapagos|Calm Mind|p2a: Terapagos\n|-boost|p2a: Terapagos|spa|1\n|-boost|p2a: Terapagos|spd|1\n|\n|-heal|p2a: Terapagos|78/100|[from] item: Leftovers\n|upkeep\n|\n|t:|1771946601\n|switch|p1b: Whimsicott|Whimsicott, L50, M|30/100\n|turn|9\n|\n|t:|1771946608\n|move|p1b: Whimsicott|Encore|p2a: Terapagos\n|-start|p2a: Terapagos|Encore\n|move|p1a: Miraidon|Volt Switch|p2a: Terapagos\n|-damage|p2a: Terapagos|64/100\n|\n|t:|1771946614\n|switch|p1a: Calyrex|Calyrex-Ice, L50|100/100|[from] Volt Switch\n|-ability|p1a: Calyrex|As One\n|-ability|p1a: Calyrex|Unnerve\n|move|p2a: Terapagos|Calm Mind|p2a: Terapagos\n|-boost|p2a: Terapagos|spa|1\n|-boost|p2a: Terapagos|spd|1\n|\n|-heal|p2a: Terapagos|70/100|[from] item: Leftovers\n|upkeep\n|turn|10\n|-message|Schimmli forfeited.\n|\n|win|123456ag\n|raw|123456ag's rating: 1366 &rarr; <strong>1395</strong><br />(+29 for winning)\n|raw|Schimmli's rating: 1525 &rarr; <strong>1496</strong><br />(-29 for losing)\n|l|\u2606Schimmli\n|player|p2|\n|l|\u2606123456ag\n|player|p1|\n","uploadtime":1771946841,"views":12,"formatid":"gen9vgc2026regi","rating":1395,"private":0,"password":null}