{"id":"gen9vgc2026regi-2518688199","format":"[Gen 9] VGC 2026 Reg I","players":["kojimuranishi","Actoradoboy fan"],"log":"|j|\u2606kojimuranishi\n|j|\u2606Actoradoboy fan\n|t:|1768416511\n|gametype|doubles\n|player|p1|kojimuranishi|1|1543\n|player|p2|Actoradoboy fan|nate|1473\n|gen|9\n|tier|[Gen 9] VGC 2026 Reg I\n|rated|\n|rule|Species Clause: Limit one of each Pok\u00e9mon\n|rule|Item Clause: Limit 1 of each item\n|clearpoke\n|poke|p1|Whimsicott, L50, F|\n|poke|p1|Calyrex-Ice, L50|\n|poke|p1|Miraidon, L50|\n|poke|p1|Chi-Yu, L50|\n|poke|p1|Landorus, L50, M|\n|poke|p1|Ogerpon-Cornerstone, L50, F|\n|poke|p2|Smeargle, L50, M|\n|poke|p2|Clefairy, L50, M|\n|poke|p2|Whimsicott, L50, F|\n|poke|p2|Zamazenta-*, L50|\n|poke|p2|Calyrex-Shadow, L50|\n|poke|p2|Rillaboom, L50, F|\n|teampreview|4\n|inactive|Battle timer is ON: inactive players will automatically lose when time's up. (requested by Actoradoboy fan)\n|inactive|kojimuranishi has 60 seconds left.\n|\n|t:|1768416550\n|teamsize|p1|4\n|teamsize|p2|4\n|start\n|switch|p1a: Whimsicott|Whimsicott, L50, F|100/100\n|switch|p1b: Landorus|Landorus, L50, M|100/100\n|switch|p2a: Smeargle|Smeargle, L50, M|100/100\n|switch|p2b: Calyrex|Calyrex-Shadow, L50|100/100\n|-ability|p2b: Calyrex|As One\n|-ability|p2b: Calyrex|Unnerve\n|turn|1\n|j| shihevlpsu9\n|inactive|kojimuranishi has 30 seconds left.\n|\n|t:|1768416575\n|move|p1b: Landorus|Protect|p1b: Landorus\n|-singleturn|p1b: Landorus|Protect\n|move|p2a: Smeargle|Feint|p1b: Landorus\n|-activate|p1b: Landorus|move: Feint\n|-damage|p1b: Landorus|96/100\n|move|p2b: Calyrex|Astral Barrage|p1a: Whimsicott|[spread] p1a,p1b\n|-enditem|p1a: Whimsicott|Focus Sash\n|-damage|p1a: Whimsicott|1/100\n|-damage|p1b: Landorus|0 fnt\n|faint|p1b: Landorus\n|-ability|p2b: Calyrex|Grim Neigh|boost\n|-boost|p2b: Calyrex|spa|1\n|-damage|p2b: Calyrex|91/100|[from] item: Life Orb\n|move|p1a: Whimsicott|Moonblast|p2a: Smeargle\n|-damage|p2a: Smeargle|2/100\n|\n|-ability|p2a: Smeargle|Moody|boost\n|-boost|p2a: Smeargle|atk|2\n|-unboost|p2a: Smeargle|def|1\n|upkeep\n|inactive|kojimuranishi has 30 seconds left.\n|\n|t:|1768416606\n|switch|p1b: Chi-Yu|Chi-Yu, L50|100/100\n|-ability|p1b: Chi-Yu|Beads of Ruin\n|turn|2\n|\n|t:|1768416621\n|-terastallize|p1a: Whimsicott|Ghost\n|move|p2b: Calyrex|Protect|p2b: Calyrex\n|-singleturn|p2b: Calyrex|Protect\n|move|p2a: Smeargle|Feint|p1a: Whimsicott\n|-immune|p1a: Whimsicott\n|move|p1a: Whimsicott|Tailwind|p1a: Whimsicott\n|-sidestart|p1: kojimuranishi|move: Tailwind\n|move|p1b: Chi-Yu|Overheat|p2b: Calyrex\n|-activate|p2b: Calyrex|move: Protect\n|\n|-ability|p2a: Smeargle|Moody|boost\n|-boost|p2a: Smeargle|spa|2\n|-unboost|p2a: Smeargle|def|1\n|upkeep\n|turn|3\n|\n|t:|1768416638\n|move|p2a: Smeargle|Follow Me|p2a: Smeargle\n|-singleturn|p2a: Smeargle|move: Follow Me\n|move|p1a: Whimsicott|Moonblast|p2a: Smeargle\n|-damage|p2a: Smeargle|0 fnt\n|faint|p2a: Smeargle\n|move|p1b: Chi-Yu|Overheat|p2b: Calyrex\n|-damage|p2b: Calyrex|0 fnt\n|-unboost|p1b: Chi-Yu|spa|2\n|faint|p2b: Calyrex\n|\n|upkeep\n|\n|t:|1768416642\n|switch|p2b: Zamazenta|Zamazenta-Crowned, L50|100/100\n|switch|p2a: Rillaboom|Rillaboom, L50, F|100/100\n|-ability|p2b: Zamazenta|Dauntless Shield|boost\n|-boost|p2b: Zamazenta|def|1\n|-fieldstart|move: Grassy Terrain|[from] ability: Grassy Surge|[of] p2a: Rillaboom\n|turn|4\n|inactive|kojimuranishi has 30 seconds left.\n|\n|t:|1768416672\n|switch|p1a: Miraidon|Miraidon, L50|100/100\n|-fieldstart|move: Electric Terrain|[from] ability: Hadron Engine|[of] p1a: Miraidon\n|move|p1b: Chi-Yu|Overheat|p2b: Zamazenta\n|-supereffective|p2b: Zamazenta\n|-damage|p2b: Zamazenta|0 fnt\n|-unboost|p1b: Chi-Yu|spa|2\n|faint|p2b: Zamazenta\n|move|p2a: Rillaboom|Wood Hammer|p1a: Miraidon\n|-resisted|p1a: Miraidon\n|-damage|p1a: Miraidon|73/100\n|-damage|p2a: Rillaboom|93/100|[from] Recoil\n|\n|upkeep\n|turn|5\n|-message|Actoradoboy fan forfeited.\n|\n|win|kojimuranishi\n|raw|kojimuranishi's rating: 1543 &rarr; <strong>1559</strong><br />(+16 for winning)\n|raw|Actoradoboy fan's rating: 1473 &rarr; <strong>1457</strong><br />(-16 for losing)\n|l|\u2606Actoradoboy fan\n|player|p2|\n|l|\u2606kojimuranishi\n|player|p1|\n|l| shihevlpsu9\n","uploadtime":1768416857,"views":23,"formatid":"gen9vgc2026regi","rating":1457,"private":0,"password":null}