{"id":"gen9vgc2026regi-2536208874","format":"[Gen 9] VGC 2026 Reg I","players":["Actoradoboy fan","Schimmli"],"log":"|j|\u2606Actoradoboy fan\n|j|\u2606Schimmli\n|t:|1770664064\n|gametype|doubles\n|player|p1|Actoradoboy fan|nate|1573\n|player|p2|Schimmli|101|1587\n|gen|9\n|tier|[Gen 9] VGC 2026 Reg I\n|rated|\n|rule|Species Clause: Limit one of each Pok\u00e9mon\n|rule|Item Clause: Limit 1 of each item\n|clearpoke\n|poke|p1|Koraidon, L50|\n|poke|p1|Calyrex-Shadow, L50|\n|poke|p1|Flutter Mane, L50|\n|poke|p1|Incineroar, L50, F|\n|poke|p1|Clefairy, L50, F|\n|poke|p1|Rillaboom, L50, F|\n|poke|p2|Terapagos, L50, M|\n|poke|p2|Calyrex-Shadow, L50|\n|poke|p2|Flutter Mane, L50|\n|poke|p2|Ogerpon-Cornerstone, L50, F|\n|poke|p2|Incineroar, L50, M|\n|poke|p2|Rillaboom, L50, F|\n|teampreview|4\n|inactive|Battle timer is ON: inactive players will automatically lose when time's up. (requested by Actoradoboy fan)\n|\n|t:|1770664092\n|teamsize|p1|4\n|teamsize|p2|4\n|start\n|switch|p1a: Koraidon|Koraidon, L50, shiny|100/100\n|switch|p1b: Flutter Mane|Flutter Mane, L50|100/100\n|switch|p2a: Terapagos|Terapagos, L50, M|100/100\n|switch|p2b: Incineroar|Incineroar, L50, M, shiny|100/100\n|-activate|p2a: Terapagos|ability: Tera Shift\n|detailschange|p2a: Terapagos|Terapagos-Terastal, L50, M\n|-heal|p2a: Terapagos|100/100|[silent]\n|-weather|SunnyDay|[from] ability: Orichalcum Pulse|[of] p1a: Koraidon\n|-activate|p1b: Flutter Mane|ability: Protosynthesis\n|-start|p1b: Flutter Mane|protosynthesisspe\n|-activate|p1a: Koraidon|Orichalcum Pulse|[source]\n|-ability|p2b: Incineroar|Intimidate|boost\n|-fail|p1a: Koraidon|unboost|[from] item: Clear Amulet|[of] p1a: Koraidon\n|-unboost|p1b: Flutter Mane|atk|1\n|turn|1\n|\n|t:|1770664109\n|move|p1b: Flutter Mane|Moonblast|p2a: Terapagos\n|-activate|p2a: Terapagos|ability: Tera Shell\n|-resisted|p2a: Terapagos\n|-damage|p2a: Terapagos|80/100\n|move|p1a: Koraidon|Low Kick|p2b: Incineroar\n|-supereffective|p2b: Incineroar\n|-damage|p2b: Incineroar|11/100\n|-damage|p1a: Koraidon|84/100|[from] item: Rocky Helmet|[of] p2b: Incineroar\n|move|p2a: Terapagos|Calm Mind|p2a: Terapagos\n|-boost|p2a: Terapagos|spa|1\n|-boost|p2a: Terapagos|spd|1\n|move|p2b: Incineroar|Parting Shot|p1b: Flutter Mane\n|-unboost|p1b: Flutter Mane|atk|1\n|-unboost|p1b: Flutter Mane|spa|1\n|\n|t:|1770664124\n|switch|p2b: Rillaboom|Rillaboom, L50, F|100/100|[from] Parting Shot\n|-fieldstart|move: Grassy Terrain|[from] ability: Grassy Surge|[of] p2b: Rillaboom\n|\n|-weather|SunnyDay|[upkeep]\n|-heal|p1a: Koraidon|90/100|[from] Grassy Terrain\n|-heal|p2a: Terapagos|86/100|[from] Grassy Terrain\n|-heal|p2a: Terapagos|93/100|[from] item: Leftovers\n|upkeep\n|turn|2\n|\n|t:|1770664134\n|move|p2b: Rillaboom|Fake Out|p1a: Koraidon\n|-damage|p1a: Koraidon|80/100\n|move|p1b: Flutter Mane|Moonblast|p2a: Terapagos\n|-damage|p2a: Terapagos|74/100\n|cant|p1a: Koraidon|flinch\n|move|p2a: Terapagos|Calm Mind|p2a: Terapagos\n|-boost|p2a: Terapagos|spa|1\n|-boost|p2a: Terapagos|spd|1\n|\n|-weather|SunnyDay|[upkeep]\n|-heal|p1a: Koraidon|86/100|[from] Grassy Terrain\n|-heal|p2a: Terapagos|80/100|[from] Grassy Terrain\n|-heal|p2a: Terapagos|86/100|[from] item: Leftovers\n|upkeep\n|turn|3\n|inactive|Schimmli has 30 seconds left.\n|\n|t:|1770664160\n|switch|p2b: Incineroar|Incineroar, L50, M, shiny|11/100\n|-ability|p2b: Incineroar|Intimidate|boost\n|-fail|p1a: Koraidon|unboost|[from] item: Clear Amulet|[of] p1a: Koraidon\n|-unboost|p1b: Flutter Mane|atk|1\n|-terastallize|p2a: Terapagos|Stellar\n|detailschange|p2a: Terapagos|Terapagos-Stellar, L50, M, tera:Stellar\n|-heal|p2a: Terapagos|90/100|[silent]\n|-ability|p2a: Terapagos|Teraform Zero\n|-weather|none\n|-end|p1b: Flutter Mane|Protosynthesis\n|-fieldend|move: Grassy Terrain\n|move|p1b: Flutter Mane|Moonblast|p2b: Incineroar\n|-damage|p2b: Incineroar|0 fnt\n|faint|p2b: Incineroar\n|move|p1a: Koraidon|Flare Blitz|p2a: Terapagos\n|-crit|p2a: Terapagos\n|-damage|p2a: Terapagos|57/100\n|-damage|p1a: Koraidon|72/100|[from] Recoil\n|move|p2a: Terapagos|Tera Starstorm|p1b: Flutter Mane|[spread] p1a,p1b\n|-damage|p1a: Koraidon|20/100\n|-damage|p1b: Flutter Mane|29/100\n|\n|-heal|p2a: Terapagos|63/100|[from] item: Leftovers\n|upkeep\n|\n|t:|1770664181\n|switch|p2b: Calyrex|Calyrex-Shadow, L50|100/100\n|-ability|p2b: Calyrex|As One\n|-ability|p2b: Calyrex|Unnerve\n|turn|4\n|\n|t:|1770664187\n|switch|p1a: Incineroar|Incineroar, L50, F|100/100\n|-ability|p1a: Incineroar|Intimidate|boost\n|-unboost|p2a: Terapagos|atk|1\n|-unboost|p2b: Calyrex|atk|1\n|move|p1b: Flutter Mane|Protect|p1b: Flutter Mane\n|-singleturn|p1b: Flutter Mane|Protect\n|move|p2b: Calyrex|Astral Barrage|p1b: Flutter Mane|[spread] p1a\n|-activate|p1b: Flutter Mane|move: Protect\n|-resisted|p1a: Incineroar\n|-crit|p1a: Incineroar\n|-damage|p1a: Incineroar|71/100\n|move|p2a: Terapagos|Calm Mind|p2a: Terapagos\n|-boost|p2a: Terapagos|spa|1\n|-boost|p2a: Terapagos|spd|1\n|\n|-heal|p2a: Terapagos|69/100|[from] item: Leftovers\n|upkeep\n|turn|5\n|\n|t:|1770664203\n|switch|p1a: Koraidon|Koraidon, L50, shiny|20/100\n|-weather|SunnyDay|[from] ability: Orichalcum Pulse|[of] p1a: Koraidon\n|-activate|p1b: Flutter Mane|ability: Protosynthesis\n|-start|p1b: Flutter Mane|protosynthesisspe\n|-activate|p1a: Koraidon|Orichalcum Pulse|[source]\n|move|p1b: Flutter Mane|Shadow Ball|p2b: Calyrex\n|-supereffective|p2b: Calyrex\n|-enditem|p2b: Calyrex|Focus Sash\n|-damage|p2b: Calyrex|1/100\n|-unboost|p2b: Calyrex|spd|1\n|move|p2b: Calyrex|Astral Barrage|p1b: Flutter Mane|[spread] p1a,p1b\n|-supereffective|p1b: Flutter Mane\n|-damage|p1a: Koraidon|0 fnt\n|-damage|p1b: Flutter Mane|0 fnt\n|faint|p1a: Koraidon\n|faint|p1b: Flutter Mane\n|-end|p1b: Flutter Mane|Protosynthesis|[silent]\n|-ability|p2b: Calyrex|Grim Neigh|boost\n|-boost|p2b: Calyrex|spa|2\n|move|p2a: Terapagos|Earth Power|p1: Koraidon|[notarget]\n|-fail|p2a: Terapagos\n|\n|-weather|SunnyDay|[upkeep]\n|-heal|p2a: Terapagos|75/100|[from] item: Leftovers\n|upkeep\n|\n|t:|1770664206\n|switch|p1b: Calyrex|Calyrex-Shadow, L50|100/100\n|switch|p1a: Incineroar|Incineroar, L50, F|71/100\n|-ability|p1b: Calyrex|As One\n|-ability|p1b: Calyrex|Unnerve\n|-ability|p1a: Incineroar|Intimidate|boost\n|-unboost|p2a: Terapagos|atk|1\n|-unboost|p2b: Calyrex|atk|1\n|turn|6\n|-message|Actoradoboy fan forfeited.\n|\n|win|Schimmli\n|raw|Actoradoboy fan's rating: 1573 &rarr; <strong>1554</strong><br />(-19 for losing)\n|raw|Schimmli's rating: 1587 &rarr; <strong>1606</strong><br />(+19 for winning)\n|l|\u2606Actoradoboy fan\n|player|p1|\n|j|\u2606Actoradoboy fan\n|player|p1|Actoradoboy fan|nate|\n|l|\u2606Actoradoboy fan\n|player|p1|\n|l|\u2606Schimmli\n|player|p2|\n","uploadtime":1770664403,"views":120,"formatid":"gen9vgc2026regi","rating":1554,"private":0,"password":null}