{"id":"gen9vgc2026regi-2559401007","format":"[Gen 9] VGC 2026 Reg I","players":["terafireflareblitz","aqqqxin"],"log":"|j|\u2606terafireflareblitz\n|j|\u2606aqqqxin\n|t:|1773559391\n|gametype|doubles\n|player|p1|terafireflareblitz|sycamore|1140\n|player|p2|aqqqxin|hilda|1223\n|gen|9\n|tier|[Gen 9] VGC 2026 Reg I\n|rated|\n|rule|Species Clause: Limit one of each Pok\u00e9mon\n|rule|Item Clause: Limit 1 of each item\n|clearpoke\n|poke|p1|Koraidon, L50|\n|poke|p1|Lunala, L50|\n|poke|p1|Indeedee-F, L50, F|\n|poke|p1|Flutter Mane, L50|\n|poke|p1|Chi-Yu, L50|\n|poke|p1|Ursaluna, L50, F|\n|poke|p2|Incineroar, L50, F|\n|poke|p2|Rillaboom, L50, F|\n|poke|p2|Flutter Mane, L50|\n|poke|p2|Calyrex-Shadow, L50|\n|poke|p2|Koraidon, L50|\n|poke|p2|Urshifu-*, L50, M|\n|teampreview|4\n|inactive|Battle timer is ON: inactive players will automatically lose when time's up. (requested by terafireflareblitz)\n|inactive|terafireflareblitz has 60 seconds left.\n|\n|t:|1773559439\n|teamsize|p1|4\n|teamsize|p2|4\n|start\n|switch|p1a: Koraidon|Koraidon, L50, shiny|100/100\n|switch|p1b: Flutter Mane|Flutter Mane, L50|100/100\n|switch|p2a: Koraidon|Koraidon, L50, shiny|100/100\n|switch|p2b: Incineroar|Incineroar, L50, F, shiny|100/100\n|-weather|SunnyDay|[from] ability: Orichalcum Pulse|[of] p1a: Koraidon\n|-activate|p1b: Flutter Mane|ability: Protosynthesis\n|-start|p1b: Flutter Mane|protosynthesisspe\n|-activate|p1a: Koraidon|Orichalcum Pulse|[source]\n|-activate|p2a: Koraidon|ability: Orichalcum Pulse\n|-ability|p2b: Incineroar|Intimidate|boost\n|-unboost|p1a: Koraidon|atk|1\n|-unboost|p1b: Flutter Mane|atk|1\n|turn|1\n|inactive|aqqqxin has 30 seconds left.\n|inactive|aqqqxin has 20 seconds left.\n|inactive|aqqqxin has 15 seconds left.\n|\n|t:|1773559479\n|switch|p1a: Lunala|Lunala, L50, shiny|100/100\n|-terastallize|p2a: Koraidon|Fire\n|move|p1b: Flutter Mane|Protect|p1b: Flutter Mane\n|-singleturn|p1b: Flutter Mane|Protect\n|move|p2b: Incineroar|Fake Out|p1a: Lunala\n|-immune|p1a: Lunala\n|move|p2a: Koraidon|U-turn|p1b: Flutter Mane\n|-activate|p1b: Flutter Mane|move: Protect\n|\n|-weather|SunnyDay|[upkeep]\n|upkeep\n|turn|2\n|\n|t:|1773559504\n|switch|p2a: Rillaboom|Rillaboom, L50, F|100/100\n|-fieldstart|move: Grassy Terrain|[from] ability: Grassy Surge|[of] p2a: Rillaboom\n|move|p1b: Flutter Mane|Icy Wind|p2b: Incineroar|[spread] p2a,p2b\n|-supereffective|p2a: Rillaboom\n|-resisted|p2b: Incineroar\n|-damage|p2a: Rillaboom|78/100\n|-damage|p2b: Incineroar|95/100\n|-unboost|p2a: Rillaboom|spe|1\n|-unboost|p2b: Incineroar|spe|1\n|move|p1a: Lunala|Meteor Beam||[still]\n|-prepare|p1a: Lunala|Meteor Beam\n|-boost|p1a: Lunala|spa|1\n|-enditem|p1a: Lunala|Power Herb\n|-anim|p1a: Lunala|Meteor Beam|p2a: Rillaboom|[miss]\n|-miss|p1a: Lunala|p2a: Rillaboom\n|move|p2b: Incineroar|Knock Off|p1b: Flutter Mane\n|-damage|p1b: Flutter Mane|17/100\n|-enditem|p1b: Flutter Mane|Focus Sash|[from] move: Knock Off|[of] p2b: Incineroar\n|\n|-weather|SunnyDay|[upkeep]\n|-heal|p1b: Flutter Mane|23/100|[from] Grassy Terrain\n|-heal|p2a: Rillaboom|84/100|[from] Grassy Terrain\n|-heal|p2b: Incineroar|100/100|[from] Grassy Terrain\n|upkeep\n|turn|3\n|\n|t:|1773559524\n|move|p1b: Flutter Mane|Protect|p1b: Flutter Mane\n|-singleturn|p1b: Flutter Mane|Protect\n|move|p2a: Rillaboom|Grassy Glide|p1b: Flutter Mane\n|-activate|p1b: Flutter Mane|move: Protect\n|move|p1a: Lunala|Meteor Beam||[still]\n|-prepare|p1a: Lunala|Meteor Beam\n|-boost|p1a: Lunala|spa|1\n|move|p2b: Incineroar|Knock Off|p1a: Lunala\n|-supereffective|p1a: Lunala\n|-damage|p1a: Lunala|57/100\n|\n|-weather|SunnyDay|[upkeep]\n|-heal|p1b: Flutter Mane|30/100|[from] Grassy Terrain\n|-heal|p1a: Lunala|63/100|[from] Grassy Terrain\n|-heal|p2a: Rillaboom|90/100|[from] Grassy Terrain\n|upkeep\n|turn|4\n|\n|t:|1773559547\n|-end|p1b: Flutter Mane|Protosynthesis|[silent]\n|switch|p1b: Chi-Yu|Chi-Yu, L50|100/100\n|-ability|p1b: Chi-Yu|Beads of Ruin\n|move|p2a: Rillaboom|Grassy Glide|p1b: Chi-Yu\n|-resisted|p1b: Chi-Yu\n|-damage|p1b: Chi-Yu|73/100\n|move|p1a: Lunala|Meteor Beam|p2b: Incineroar|[from] lockedmove\n|-supereffective|p2b: Incineroar\n|-damage|p2b: Incineroar|0 fnt\n|faint|p2b: Incineroar\n|\n|-weather|SunnyDay|[upkeep]\n|-heal|p1b: Chi-Yu|79/100|[from] Grassy Terrain\n|-heal|p1a: Lunala|68/100|[from] Grassy Terrain\n|-heal|p2a: Rillaboom|96/100|[from] Grassy Terrain\n|upkeep\n|inactive|aqqqxin has 30 seconds left.\n|\n|t:|1773559579\n|switch|p2b: Calyrex|Calyrex-Shadow, L50|100/100\n|-ability|p2b: Calyrex|As One\n|-ability|p2b: Calyrex|Unnerve\n|turn|5\n|\n|t:|1773559593\n|-terastallize|p1a: Lunala|Water\n|move|p2b: Calyrex|Protect|p2b: Calyrex\n|-singleturn|p2b: Calyrex|Protect\n|move|p1b: Chi-Yu|Snarl|p2b: Calyrex|[spread] p2a\n|-activate|p2b: Calyrex|move: Protect\n|-damage|p2a: Rillaboom|72/100\n|-unboost|p2a: Rillaboom|spa|1\n|move|p1a: Lunala|Moongeist Beam|p2a: Rillaboom\n|-damage|p2a: Rillaboom|0 fnt\n|faint|p2a: Rillaboom\n|\n|-weather|none\n|-heal|p1b: Chi-Yu|85/100|[from] Grassy Terrain\n|-heal|p1a: Lunala|74/100|[from] Grassy Terrain\n|upkeep\n|\n|t:|1773559606\n|switch|p2a: Koraidon|Koraidon, L50, shiny, tera:Fire|100/100\n|-weather|SunnyDay|[from] ability: Orichalcum Pulse|[of] p2a: Koraidon\n|-activate|p2a: Koraidon|Orichalcum Pulse|[source]\n|turn|6\n|\n|t:|1773559626\n|move|p1b: Chi-Yu|Snarl|p2b: Calyrex|[spread] p2a,p2b\n|-supereffective|p2b: Calyrex\n|-damage|p2a: Koraidon|64/100\n|-damage|p2b: Calyrex|0 fnt\n|-unboost|p2a: Koraidon|spa|1\n|faint|p2b: Calyrex\n|move|p2a: Koraidon|Flare Blitz|p1b: Chi-Yu\n|-resisted|p1b: Chi-Yu\n|-damage|p1b: Chi-Yu|0 fnt\n|faint|p1b: Chi-Yu\n|-damage|p2a: Koraidon|43/100|[from] Recoil\n|move|p1a: Lunala|Moongeist Beam|p2a: Koraidon\n|-damage|p2a: Koraidon|0 fnt\n|faint|p2a: Koraidon\n|\n|win|terafireflareblitz\n|raw|terafireflareblitz's rating: 1140 &rarr; <strong>1171</strong><br />(+31 for winning)\n|raw|aqqqxin's rating: 1223 &rarr; <strong>1192</strong><br />(-31 for losing)\n","uploadtime":1773559626,"views":8,"formatid":"gen9vgc2026regi","rating":1171,"private":0,"password":null}