{"id":"gen9vgc2026regi-2566735152","format":"[Gen 9] VGC 2026 Reg I","players":["rudy06","mlbd1"],"log":"|j|\u2606rudy06\n|j|\u2606mlbd1\n|t:|1774403299\n|gametype|doubles\n|player|p1|rudy06|170|1338\n|player|p2|mlbd1|1|1276\n|gen|9\n|tier|[Gen 9] VGC 2026 Reg I\n|rated|\n|rule|Species Clause: Limit one of each Pok\u00e9mon\n|rule|Item Clause: Limit 1 of each item\n|clearpoke\n|poke|p1|Miraidon, L50|\n|poke|p1|Zamazenta-*, L50|\n|poke|p1|Whimsicott, L50, F|\n|poke|p1|Incineroar, L50, M|\n|poke|p1|Urshifu-*, L50, M|\n|poke|p1|Farigiraf, L50, F|\n|poke|p2|Miraidon, L50|\n|poke|p2|Farigiraf, L50, M|\n|poke|p2|Calyrex-Ice, L50|\n|poke|p2|Iron Hands, L50|\n|poke|p2|Ogerpon-Cornerstone, L50, F|\n|poke|p2|Volcarona, L50, F|\n|teampreview|4\n|inactive|Battle timer is ON: inactive players will automatically lose when time's up. (requested by mlbd1)\n|inactive|rudy06 also wants the timer to be on.\n|inactive|mlbd1 has 60 seconds left.\n|\n|t:|1774403332\n|teamsize|p1|4\n|teamsize|p2|4\n|start\n|switch|p1a: Miraidon|Miraidon, L50|100/100\n|switch|p1b: Farigiraf|Farigiraf, L50, F|100/100\n|switch|p2a: Calyrex|Calyrex-Ice, L50|100/100\n|switch|p2b: Ogerpon|Ogerpon-Cornerstone, L50, F|100/100\n|-ability|p2a: Calyrex|As One\n|-ability|p2a: Calyrex|Unnerve\n|-fieldstart|move: Electric Terrain|[from] ability: Hadron Engine|[of] p1a: Miraidon\n|-enditem|p1b: Farigiraf|Electric Seed\n|-boost|p1b: Farigiraf|def|1|[from] item: Electric Seed\n|turn|1\n|\n|t:|1774403356\n|move|p2a: Calyrex|Protect|p2a: Calyrex\n|-singleturn|p2a: Calyrex|Protect\n|move|p1a: Miraidon|Volt Switch|p2b: Ogerpon\n|-resisted|p2b: Ogerpon\n|-crit|p2b: Ogerpon\n|-damage|p2b: Ogerpon|12/100\n|\n|t:|1774403363\n|switch|p1a: Zamazenta|Zamazenta-Crowned, L50|100/100|[from] Volt Switch\n|-ability|p1a: Zamazenta|Dauntless Shield|boost\n|-boost|p1a: Zamazenta|def|1\n|move|p2b: Ogerpon|Ivy Cudgel|p1a: Zamazenta|[anim] Ivy Cudgel Rock\n|-resisted|p1a: Zamazenta\n|-damage|p1a: Zamazenta|96/100\n|move|p1b: Farigiraf|Dazzling Gleam|p2a: Calyrex|[spread] p2b\n|-activate|p2a: Calyrex|move: Protect\n|-damage|p2b: Ogerpon|0 fnt\n|faint|p2b: Ogerpon\n|\n|upkeep\n|\n|t:|1774403366\n|switch|p2b: Volcarona|Volcarona, L50, F|100/100\n|turn|2\n|\n|t:|1774403383\n|move|p2b: Volcarona|Rage Powder|p2b: Volcarona\n|-singleturn|p2b: Volcarona|move: Rage Powder\n|move|p1a: Zamazenta|Body Press|p2b: Volcarona\n|-resisted|p2b: Volcarona\n|-damage|p2b: Volcarona|65/100\n|-damage|p1a: Zamazenta|79/100|[from] item: Rocky Helmet|[of] p2b: Volcarona\n|move|p2a: Calyrex|High Horsepower|p1a: Zamazenta\n|-supereffective|p1a: Zamazenta\n|-damage|p1a: Zamazenta|47/100\n|move|p1b: Farigiraf|Trick Room|p1b: Farigiraf\n|-fieldstart|move: Trick Room|[of] p1b: Farigiraf\n|\n|upkeep\n|turn|3\n|\n|t:|1774403398\n|switch|p1b: Incineroar|Incineroar, L50, M|100/100\n|-ability|p1b: Incineroar|Intimidate|boost\n|-fail|p2a: Calyrex|unboost|[from] item: Clear Amulet|[of] p2a: Calyrex\n|-unboost|p2b: Volcarona|atk|1\n|move|p1a: Zamazenta|Wide Guard|p1a: Zamazenta\n|-singleturn|p1a: Zamazenta|Wide Guard\n|move|p2a: Calyrex|Glacial Lance|p1b: Incineroar|[spread] \n|-activate|p1a: Zamazenta|move: Wide Guard\n|-activate|p1b: Incineroar|move: Wide Guard\n|move|p2b: Volcarona|Bug Buzz|p1b: Incineroar\n|-damage|p1b: Incineroar|75/100\n|\n|upkeep\n|turn|4\n|\n|t:|1774403420\n|move|p1a: Zamazenta|Protect||[still]\n|-fail|p1a: Zamazenta\n|move|p2a: Calyrex|High Horsepower|p1a: Zamazenta\n|-supereffective|p1a: Zamazenta\n|-damage|p1a: Zamazenta|16/100\n|move|p1b: Incineroar|Knock Off|p2a: Calyrex\n|-supereffective|p2a: Calyrex\n|-damage|p2a: Calyrex|45/100\n|-enditem|p2a: Calyrex|Clear Amulet|[from] move: Knock Off|[of] p1b: Incineroar\n|move|p2b: Volcarona|Fiery Dance|p1a: Zamazenta\n|-supereffective|p1a: Zamazenta\n|-damage|p1a: Zamazenta|0 fnt\n|faint|p1a: Zamazenta\n|\n|upkeep\n|\n|t:|1774403435\n|switch|p1a: Farigiraf|Farigiraf, L50, F|100/100\n|turn|5\n|\n|t:|1774403441\n|move|p2b: Volcarona|Rage Powder|p2b: Volcarona\n|-singleturn|p2b: Volcarona|move: Rage Powder\n|move|p2a: Calyrex|High Horsepower|p1b: Incineroar\n|-supereffective|p1b: Incineroar\n|-damage|p1b: Incineroar|6/100\n|move|p1b: Incineroar|U-turn|p2b: Volcarona\n|-resisted|p2b: Volcarona\n|-damage|p2b: Volcarona|55/100\n|-damage|p1b: Incineroar|0 fnt|[from] item: Rocky Helmet|[of] p2b: Volcarona\n|faint|p1b: Incineroar\n|move|p1a: Farigiraf|Trick Room|p1a: Farigiraf\n|-fieldend|move: Trick Room\n|\n|-fieldend|move: Electric Terrain\n|upkeep\n|\n|t:|1774403453\n|switch|p1b: Miraidon|Miraidon, L50|100/100\n|-fieldstart|move: Electric Terrain|[from] ability: Hadron Engine|[of] p1b: Miraidon\n|turn|6\n|\n|t:|1774403462\n|-terastallize|p1b: Miraidon|Fairy\n|move|p1a: Farigiraf|Helping Hand|p1b: Miraidon\n|-singleturn|p1b: Miraidon|Helping Hand|[of] p1a: Farigiraf\n|move|p2b: Volcarona|Protect|p2b: Volcarona\n|-singleturn|p2b: Volcarona|Protect\n|move|p2a: Calyrex|Protect|p2a: Calyrex\n|-singleturn|p2a: Calyrex|Protect\n|move|p1b: Miraidon|Dazzling Gleam|p2a: Calyrex|[spread] \n|-activate|p2a: Calyrex|move: Protect\n|-activate|p2b: Volcarona|move: Protect\n|\n|upkeep\n|turn|7\n|\n|t:|1774403477\n|-terastallize|p2a: Calyrex|Fire\n|move|p1a: Farigiraf|Helping Hand|p1b: Miraidon\n|-singleturn|p1b: Miraidon|Helping Hand|[of] p1a: Farigiraf\n|move|p1b: Miraidon|Dazzling Gleam|p2b: Volcarona|[spread] p2a,p2b\n|-resisted|p2a: Calyrex\n|-resisted|p2b: Volcarona\n|-damage|p2a: Calyrex|12/100\n|-damage|p2b: Volcarona|14/100\n|move|p2b: Volcarona|Bug Buzz|p1a: Farigiraf\n|-supereffective|p1a: Farigiraf\n|-damage|p1a: Farigiraf|19/100\n|-unboost|p1a: Farigiraf|spd|1\n|move|p2a: Calyrex|Glacial Lance|p1b: Miraidon|[spread] p1a,p1b\n|-damage|p1a: Farigiraf|0 fnt\n|-damage|p1b: Miraidon|36/100\n|faint|p1a: Farigiraf\n|-ability|p2a: Calyrex|Chilling Neigh|boost\n|-boost|p2a: Calyrex|atk|1\n|\n|upkeep\n|turn|8\n|c|\u2606mlbd1|gg\n|\n|t:|1774403497\n|move|p1b: Miraidon|Dazzling Gleam|p2a: Calyrex|[spread] p2a,p2b\n|-resisted|p2a: Calyrex\n|-resisted|p2b: Volcarona\n|-damage|p2a: Calyrex|0 fnt\n|-damage|p2b: Volcarona|0 fnt\n|faint|p2a: Calyrex\n|faint|p2b: Volcarona\n|\n|upkeep\n|\n|t:|1774403498\n|switch|p2b: Miraidon|Miraidon, L50|100/100\n|-activate|p2b: Miraidon|ability: Hadron Engine\n|turn|9\n|\n|t:|1774403507\n|move|p2b: Miraidon|Electro Drift|p1b: Miraidon\n|-damage|p1b: Miraidon|0 fnt\n|faint|p1b: Miraidon\n|\n|win|mlbd1\n|raw|rudy06's rating: 1338 &rarr; <strong>1314</strong><br />(-24 for losing)\n|raw|mlbd1's rating: 1276 &rarr; <strong>1305</strong><br />(+29 for winning)\n|l|\u2606rudy06\n|player|p1|\n|l|\u2606mlbd1\n|player|p2|\n","uploadtime":1774403686,"views":16,"formatid":"gen9vgc2026regi","rating":1305,"private":0,"password":null}