{"id":"gen9vgc2026regi-2568490926","format":"[Gen 9] VGC 2026 Reg I","players":["mambabeasty","vestige666"],"log":"|j|\u2606mambabeasty\n|j|\u2606vestige666\n|t:|1774584884\n|gametype|doubles\n|player|p1|mambabeasty|170|1335\n|player|p2|vestige666|266|1305\n|gen|9\n|tier|[Gen 9] VGC 2026 Reg I\n|rated|\n|rule|Species Clause: Limit one of each Pok\u00e9mon\n|rule|Item Clause: Limit 1 of each item\n|clearpoke\n|poke|p1|Kyogre, L50|\n|poke|p1|Landorus, L50, M|\n|poke|p1|Miraidon, L50|\n|poke|p1|Archaludon, L50, M|\n|poke|p1|Tornadus, L50, M|\n|poke|p1|Grimmsnarl, L50, M|\n|poke|p2|Calyrex-Shadow, L50|\n|poke|p2|Koraidon, L50|\n|poke|p2|Rillaboom, L50, M|\n|poke|p2|Incineroar, L50, F|\n|poke|p2|Volcarona, L50, F|\n|poke|p2|Regieleki, L50|\n|teampreview|4\n|inactive|Battle timer is ON: inactive players will automatically lose when time's up. (requested by vestige666)\n|\n|t:|1774584930\n|teamsize|p1|4\n|teamsize|p2|4\n|start\n|switch|p1a: Kyogre|Kyogre, L50|100/100\n|switch|p1b: Grimmsnarl|Grimmsnarl, L50, M, shiny|100/100\n|switch|p2a: Calyrex|Calyrex-Shadow, L50|100/100\n|switch|p2b: Incineroar|Incineroar, L50, F|100/100\n|-ability|p2a: Calyrex|As One\n|-ability|p2a: Calyrex|Unnerve\n|-weather|RainDance|[from] ability: Drizzle|[of] p1a: Kyogre\n|-ability|p2b: Incineroar|Intimidate|boost\n|-unboost|p1a: Kyogre|atk|1\n|-unboost|p1b: Grimmsnarl|atk|1\n|turn|1\n|inactive|mambabeasty has 30 seconds left.\n|inactive|mambabeasty has 20 seconds left.\n|inactive|mambabeasty has 15 seconds left.\n|inactive|mambabeasty has 10 seconds left.\n|\n|t:|1774584979\n|switch|p1a: Tornadus|Tornadus, L50, M|100/100\n|move|p2b: Incineroar|Fake Out|p1a: Tornadus\n|-damage|p1a: Tornadus|84/100\n|move|p1b: Grimmsnarl|Thunder Wave|p2a: Calyrex\n|-status|p2a: Calyrex|par\n|cant|p2a: Calyrex|par\n|\n|-weather|RainDance|[upkeep]\n|upkeep\n|turn|2\n|\n|t:|1774585001\n|move|p1a: Tornadus|Tailwind|p1a: Tornadus\n|-sidestart|p1: mambabeasty|move: Tailwind\n|move|p1b: Grimmsnarl|Crunch|p2a: Calyrex\n|-supereffective|p2a: Calyrex\n|-damage|p2a: Calyrex|1/100 par\n|move|p2a: Calyrex|Nasty Plot|p2a: Calyrex\n|-boost|p2a: Calyrex|spa|2\n|move|p2b: Incineroar|Parting Shot|p1a: Tornadus\n|-unboost|p1a: Tornadus|atk|1\n|-unboost|p1a: Tornadus|spa|1\n|\n|t:|1774585023\n|switch|p2b: Koraidon|Koraidon, L50|100/100|[from] Parting Shot\n|-weather|SunnyDay|[from] ability: Orichalcum Pulse|[of] p2b: Koraidon\n|-activate|p2b: Koraidon|Orichalcum Pulse|[source]\n|\n|-weather|SunnyDay|[upkeep]\n|upkeep\n|turn|3\n|inactive|mambabeasty has 30 seconds left.\n|\n|t:|1774585053\n|switch|p2b: Rillaboom|Rillaboom, L50, M|100/100\n|-fieldstart|move: Grassy Terrain|[from] ability: Grassy Surge|[of] p2b: Rillaboom\n|move|p2a: Calyrex|Protect|p2a: Calyrex\n|-singleturn|p2a: Calyrex|Protect\n|move|p1b: Grimmsnarl|Thunder Wave|p2b: Rillaboom\n|-status|p2b: Rillaboom|par\n|move|p1a: Tornadus|Bleakwind Storm|p2a: Calyrex|[spread] \n|-activate|p2a: Calyrex|move: Protect\n|-miss|p1a: Tornadus|p2b: Rillaboom\n|\n|-weather|SunnyDay|[upkeep]\n|-heal|p2a: Calyrex|7/100 par|[from] Grassy Terrain\n|upkeep\n|turn|4\n|inactive|mambabeasty has 30 seconds left.\n|inactive|vestige666 has 30 seconds left.\n|\n|t:|1774585085\n|move|p2b: Rillaboom|Fake Out|p1b: Grimmsnarl\n|-damage|p1b: Grimmsnarl|83/100\n|move|p1a: Tornadus|Bleakwind Storm|p2b: Rillaboom|[spread] p2a,p2b\n|-supereffective|p2b: Rillaboom\n|-damage|p2a: Calyrex|0 fnt\n|-damage|p2b: Rillaboom|70/100 par\n|faint|p2a: Calyrex\n|cant|p1b: Grimmsnarl|flinch\n|\n|-weather|SunnyDay|[upkeep]\n|-heal|p1b: Grimmsnarl|89/100|[from] Grassy Terrain\n|-heal|p2b: Rillaboom|76/100 par|[from] Grassy Terrain\n|upkeep\n|\n|t:|1774585095\n|switch|p2a: Incineroar|Incineroar, L50, F|100/100\n|-ability|p2a: Incineroar|Intimidate|boost\n|-unboost|p1a: Tornadus|atk|1\n|-unboost|p1b: Grimmsnarl|atk|1\n|turn|5\n|\n|t:|1774585113\n|move|p1a: Tornadus|Protect|p1a: Tornadus\n|-singleturn|p1a: Tornadus|Protect\n|move|p1b: Grimmsnarl|Thunder Wave|p2a: Incineroar\n|-hint|Since gen 7, Dark is immune to Prankster moves.\n|-immune|p2a: Incineroar\n|move|p2a: Incineroar|Knock Off|p1a: Tornadus\n|-activate|p1a: Tornadus|move: Protect\n|move|p2b: Rillaboom|Wood Hammer|p1b: Grimmsnarl\n|-damage|p1b: Grimmsnarl|0 fnt\n|faint|p1b: Grimmsnarl\n|-damage|p2b: Rillaboom|47/100 par|[from] Recoil\n|\n|-weather|SunnyDay|[upkeep]\n|-heal|p2b: Rillaboom|53/100 par|[from] Grassy Terrain\n|-sideend|p1: mambabeasty|move: Tailwind\n|upkeep\n|\n|t:|1774585133\n|switch|p1b: Kyogre|Kyogre, L50|100/100\n|-weather|RainDance|[from] ability: Drizzle|[of] p1b: Kyogre\n|turn|6\n|inactive|mambabeasty has 30 seconds left.\n|\n|t:|1774585166\n|switch|p1b: Miraidon|Miraidon, L50, shiny|100/100\n|-fieldstart|move: Electric Terrain|[from] ability: Hadron Engine|[of] p1b: Miraidon\n|switch|p2a: Koraidon|Koraidon, L50|100/100\n|-weather|SunnyDay|[from] ability: Orichalcum Pulse|[of] p2a: Koraidon\n|-activate|p2a: Koraidon|Orichalcum Pulse|[source]\n|move|p1a: Tornadus|Rain Dance|p1a: Tornadus\n|-weather|RainDance\n|move|p2b: Rillaboom|Grassy Glide|p1b: Miraidon\n|-resisted|p1b: Miraidon\n|-damage|p1b: Miraidon|87/100\n|\n|-weather|RainDance|[upkeep]\n|upkeep\n|turn|7\n|inactive|mambabeasty has 30 seconds left.\n|\n|t:|1774585195\n|switch|p2b: Incineroar|Incineroar, L50, F|100/100\n|-ability|p2b: Incineroar|Intimidate|boost\n|-unboost|p1a: Tornadus|atk|1\n|-unboost|p1b: Miraidon|atk|1\n|-terastallize|p1b: Miraidon|Fairy\n|move|p2a: Koraidon|Protect|p2a: Koraidon\n|-singleturn|p2a: Koraidon|Protect\n|move|p1a: Tornadus|Tailwind|p1a: Tornadus\n|-sidestart|p1: mambabeasty|move: Tailwind\n|move|p1b: Miraidon|Dazzling Gleam|p2b: Incineroar|[spread] p2b\n|-activate|p2a: Koraidon|move: Protect\n|-damage|p2b: Incineroar|43/100\n|\n|-weather|RainDance|[upkeep]\n|upkeep\n|turn|8\n|inactive|vestige666 has 30 seconds left.\n|\n|t:|1774585221\n|-terastallize|p2a: Koraidon|Fire\n|move|p2b: Incineroar|Fake Out|p1b: Miraidon\n|-damage|p1b: Miraidon|77/100\n|cant|p1b: Miraidon|flinch\n|move|p1a: Tornadus|Bleakwind Storm|p2b: Incineroar|[spread] p2a,p2b\n|-damage|p2a: Koraidon|77/100\n|-damage|p2b: Incineroar|17/100\n|move|p2a: Koraidon|Flare Blitz|p1a: Tornadus\n|-damage|p1a: Tornadus|37/100\n|-damage|p2a: Koraidon|66/100|[from] Recoil\n|\n|-weather|RainDance|[upkeep]\n|upkeep\n|turn|9\n|inactive|vestige666 has 30 seconds left.\n|\n|t:|1774585248\n|switch|p2a: Rillaboom|Rillaboom, L50, M|53/100 par\n|-fieldstart|move: Grassy Terrain|[from] ability: Grassy Surge|[of] p2a: Rillaboom\n|move|p1b: Miraidon|Dazzling Gleam|p2b: Incineroar|[spread] p2a,p2b\n|-damage|p2a: Rillaboom|22/100 par\n|-damage|p2b: Incineroar|0 fnt\n|faint|p2b: Incineroar\n|move|p1a: Tornadus|Bleakwind Storm|p2a: Rillaboom\n|-supereffective|p2a: Rillaboom\n|-damage|p2a: Rillaboom|0 fnt\n|faint|p2a: Rillaboom\n|\n|-weather|RainDance|[upkeep]\n|-heal|p1b: Miraidon|83/100|[from] Grassy Terrain\n|upkeep\n|l|\u2606vestige666\n|inactive|vestige666 disconnected and has a minute to reconnect!\n|player|p2|\n|inactive|vestige666 has 30 seconds left.\n|inactive|vestige666 has 20 seconds left.\n|inactive|vestige666 has 15 seconds left.\n|inactive|vestige666 has 10 seconds left.\n|inactive|vestige666 has 5 seconds left.\n|-message|vestige666 lost due to inactivity.\n|\n|win|mambabeasty\n|raw|mambabeasty's rating: 1335 &rarr; <strong>1353</strong><br />(+18 for winning)\n|raw|vestige666's rating: 1305 &rarr; <strong>1287</strong><br />(-18 for losing)\n|l|\u2606mambabeasty\n|player|p1|\n","uploadtime":1774585516,"views":10,"formatid":"gen9vgc2026regi","rating":1287,"private":0,"password":null}