{"id":"gen9vgc2026regi-2567670418","format":"[Gen 9] VGC 2026 Reg I","players":["clefci","FoxT02"],"log":"|j|\u2606clefci\n|j|\u2606FoxT02\n|t:|1774501267\n|gametype|doubles\n|player|p1|clefci|102|1368\n|player|p2|FoxT02|102|1301\n|gen|9\n|tier|[Gen 9] VGC 2026 Reg I\n|rated|\n|rule|Species Clause: Limit one of each Pok\u00e9mon\n|rule|Item Clause: Limit 1 of each item\n|clearpoke\n|poke|p1|Groudon, L50|\n|poke|p1|Lunala, L50|\n|poke|p1|Smeargle, L50, M|\n|poke|p1|Tornadus, L50, M|\n|poke|p1|Flutter Mane, L50|\n|poke|p1|Gouging Fire, L50|\n|poke|p2|Calyrex-Shadow, L50|\n|poke|p2|Weezing-Galar, L50, F|\n|poke|p2|Incineroar, L50, M|\n|poke|p2|Walking Wake, L50|\n|poke|p2|Koraidon, L50|\n|poke|p2|Chi-Yu, L50|\n|teampreview|4\n|inactive|Battle timer is ON: inactive players will automatically lose when time's up. (requested by clefci)\nFoxT02 rejected open team sheets.\n|inactive|FoxT02 has 60 seconds left.\n|\n|t:|1774501315\n|teamsize|p1|4\n|teamsize|p2|4\n|start\n|switch|p1a: Tornadus|Tornadus, L50, M|100/100\n|switch|p1b: Smeargle|Smeargle, L50, M|100/100\n|switch|p2a: Walking Wake|Walking Wake, L50|100/100\n|switch|p2b: Chi-Yu|Chi-Yu, L50|100/100\n|-ability|p2b: Chi-Yu|Beads of Ruin\n|turn|1\n|\n|t:|1774501325\n|move|p1a: Tornadus|Tailwind|p1a: Tornadus\n|-sidestart|p1: clefci|move: Tailwind\n|move|p1b: Smeargle|Spore|p2b: Chi-Yu\n|-status|p2b: Chi-Yu|slp|[from] move: Spore\n|cant|p2b: Chi-Yu|slp\n|move|p2a: Walking Wake|Snarl|p1a: Tornadus|[spread] p1a,p1b\n|-crit|p1b: Smeargle\n|-damage|p1a: Tornadus|83/100\n|-damage|p1b: Smeargle|43/100\n|-unboost|p1a: Tornadus|spa|1\n|-unboost|p1b: Smeargle|spa|1\n|\n|-ability|p1b: Smeargle|Moody|boost\n|-boost|p1b: Smeargle|atk|2\n|-unboost|p1b: Smeargle|spd|1\n|upkeep\n|turn|2\n|\n|t:|1774501344\n|move|p1b: Smeargle|Decorate|p1a: Tornadus\n|-boost|p1a: Tornadus|atk|2\n|-boost|p1a: Tornadus|spa|2\n|move|p1a: Tornadus|Bleakwind Storm|p2b: Chi-Yu|[spread] p2a,p2b\n|-damage|p2a: Walking Wake|40/100\n|-damage|p2b: Chi-Yu|21/100 slp\n|-unboost|p2b: Chi-Yu|spe|1\n|cant|p2b: Chi-Yu|slp\n|move|p2a: Walking Wake|Snarl|p1b: Smeargle|[spread] p1a,p1b\n|-crit|p1a: Tornadus\n|-damage|p1a: Tornadus|55/100\n|-damage|p1b: Smeargle|0 fnt\n|-unboost|p1a: Tornadus|spa|1\n|faint|p1b: Smeargle\n|\n|upkeep\n|inactive|clefci has 30 seconds left.\n|\n|t:|1774501374\n|switch|p1b: Lunala|Lunala, L50|100/100\n|turn|3\n|\n|t:|1774501390\n|move|p1a: Tornadus|Bleakwind Storm|p2b: Chi-Yu|[spread] p2a\n|-miss|p1a: Tornadus|p2b: Chi-Yu\n|-damage|p2a: Walking Wake|0 fnt\n|faint|p2a: Walking Wake\n|-end|p2a: Walking Wake|Protosynthesis|[silent]\n|move|p1b: Lunala|Dazzling Gleam|p2b: Chi-Yu\n|-damage|p2b: Chi-Yu|0 fnt\n|faint|p2b: Chi-Yu\n|\n|upkeep\n|\n|t:|1774501395\n|switch|p2b: Koraidon|Koraidon, L50, shiny|100/100\n|switch|p2a: Calyrex|Calyrex-Shadow, L50|100/100\n|-ability|p2a: Calyrex|As One\n|-ability|p2a: Calyrex|Unnerve\n|-weather|SunnyDay|[from] ability: Orichalcum Pulse|[of] p2b: Koraidon\n|-activate|p2b: Koraidon|Orichalcum Pulse|[source]\n|turn|4\n|\n|t:|1774501412\n|-terastallize|p1b: Lunala|Fairy\n|-terastallize|p2b: Koraidon|Fire\n|move|p1a: Tornadus|Protect|p1a: Tornadus\n|-singleturn|p1a: Tornadus|Protect\n|move|p2a: Calyrex|Protect|p2a: Calyrex\n|-singleturn|p2a: Calyrex|Protect\n|move|p1b: Lunala|Dazzling Gleam|p2b: Koraidon|[spread] p2b\n|-activate|p2a: Calyrex|move: Protect\n|-resisted|p2b: Koraidon\n|-damage|p2b: Koraidon|77/100\n|move|p2b: Koraidon|Flame Charge|p1a: Tornadus\n|-activate|p1a: Tornadus|move: Protect\n|\n|-weather|SunnyDay|[upkeep]\n|-sideend|p1: clefci|move: Tailwind\n|upkeep\n|turn|5\n|\n|t:|1774501433\n|move|p1a: Tornadus|Tailwind|p1a: Tornadus\n|-sidestart|p1: clefci|move: Tailwind\n|move|p1b: Lunala|Dazzling Gleam|p2a: Calyrex|[spread] p2a,p2b\n|-resisted|p2b: Koraidon\n|-damage|p2a: Calyrex|42/100\n|-damage|p2b: Koraidon|56/100\n|move|p2a: Calyrex|Astral Barrage|p1a: Tornadus|[spread] p1a,p1b\n|-damage|p1a: Tornadus|0 fnt\n|-damage|p1b: Lunala|82/100\n|faint|p1a: Tornadus\n|-ability|p2a: Calyrex|Grim Neigh|boost\n|-boost|p2a: Calyrex|spa|1\n|move|p2b: Koraidon|Flame Charge|p1b: Lunala\n|-damage|p1b: Lunala|30/100\n|-boost|p2b: Koraidon|spe|1\n|\n|-weather|SunnyDay|[upkeep]\n|upkeep\n|\n|t:|1774501442\n|switch|p1a: Groudon|Groudon, L50|100/100\n|turn|6\n|\n|t:|1774501448\n|move|p2b: Koraidon|Protect|p2b: Koraidon\n|-singleturn|p2b: Koraidon|Protect\n|move|p2a: Calyrex|Protect|p2a: Calyrex\n|-singleturn|p2a: Calyrex|Protect\n|move|p1a: Groudon|Precipice Blades|p2b: Koraidon|[spread] \n|-activate|p2a: Calyrex|move: Protect\n|-activate|p2b: Koraidon|move: Protect\n|move|p1b: Lunala|Dazzling Gleam|p2a: Calyrex|[spread] \n|-activate|p2a: Calyrex|move: Protect\n|-activate|p2b: Koraidon|move: Protect\n|\n|-weather|SunnyDay|[upkeep]\n|upkeep\n|turn|7\n|\n|t:|1774501469\n|move|p2b: Koraidon|Flare Blitz|p1b: Lunala\n|-damage|p1b: Lunala|0 fnt\n|faint|p1b: Lunala\n|-damage|p2b: Koraidon|44/100|[from] Recoil\n|move|p1a: Groudon|Precipice Blades|p2a: Calyrex|[spread] \n|-miss|p1a: Groudon|p2a: Calyrex\n|-miss|p1a: Groudon|p2b: Koraidon\n|move|p2a: Calyrex|Astral Barrage|p1a: Groudon\n|-damage|p1a: Groudon|9/100\n|\n|-weather|SunnyDay|[upkeep]\n|upkeep\n|turn|8\n|-message|clefci forfeited.\n|\n|win|FoxT02\n|raw|clefci's rating: 1368 &rarr; <strong>1344</strong><br />(-24 for losing)\n|raw|FoxT02's rating: 1301 &rarr; <strong>1325</strong><br />(+24 for winning)\n|l|\u2606clefci\n|player|p1|\n|l|\u2606FoxT02\n|player|p2|\n","uploadtime":1774501675,"views":11,"formatid":"gen9vgc2026regi","rating":1325,"private":0,"password":null}