{"id":"gen9vgc2026regi-2562629128","format":"[Gen 9] VGC 2026 Reg I","players":["CHR1SPHX","zhz2021"],"log":"|j|\u2606CHR1SPHX\n|j|\u2606zhz2021\n|t:|1773936134\n|gametype|doubles\n|player|p1|CHR1SPHX|hilbert|1329\n|player|p2|zhz2021|marley|1444\n|gen|9\n|tier|[Gen 9] VGC 2026 Reg I\n|rated|\n|rule|Species Clause: Limit one of each Pok\u00e9mon\n|rule|Item Clause: Limit 1 of each item\n|clearpoke\n|poke|p1|Flutter Mane, L50|\n|poke|p1|Incineroar, L50, M|\n|poke|p1|Ursaluna-Bloodmoon, L50, M|\n|poke|p1|Amoonguss, L50, M|\n|poke|p1|Koraidon, L50|\n|poke|p1|Lunala, L50|\n|poke|p2|Giratina, L50|\n|poke|p2|Incineroar, L50, M|\n|poke|p2|Glimmora, L50, F|\n|poke|p2|Flutter Mane, L50|\n|poke|p2|Rillaboom, L50, F|\n|poke|p2|Zamazenta-*, L50|\n|teampreview|4\n|inactive|Battle timer is ON: inactive players will automatically lose when time's up. (requested by CHR1SPHX)\nCHR1SPHX has agreed to open team sheets.\n|inactive|zhz2021 has 60 seconds left.\n|\n|t:|1773936170\n|teamsize|p1|4\n|teamsize|p2|4\n|start\n|switch|p1a: Ursaluna|Ursaluna-Bloodmoon, L50, M|100/100\n|switch|p1b: Koraidon|Koraidon, L50|100/100\n|switch|p2a: Flutter Mane|Flutter Mane, L50|100/100\n|switch|p2b: Incineroar|Incineroar, L50, M|100/100\n|-weather|SunnyDay|[from] ability: Orichalcum Pulse|[of] p1b: Koraidon\n|-activate|p2a: Flutter Mane|ability: Protosynthesis\n|-start|p2a: Flutter Mane|protosynthesisspe\n|-activate|p1b: Koraidon|Orichalcum Pulse|[source]\n|-ability|p2b: Incineroar|Intimidate|boost\n|-unboost|p1a: Ursaluna|atk|1\n|-fail|p1b: Koraidon|unboost|[from] item: Clear Amulet|[of] p1b: Koraidon\n|turn|1\n|\n|t:|1773936182\n|move|p1b: Koraidon|Protect|p1b: Koraidon\n|-singleturn|p1b: Koraidon|Protect\n|move|p2b: Incineroar|Fake Out|p1b: Koraidon\n|-activate|p1b: Koraidon|move: Protect\n|move|p2a: Flutter Mane|Dazzling Gleam|p1a: Ursaluna|[spread] p1a\n|-activate|p1b: Koraidon|move: Protect\n|-damage|p1a: Ursaluna|74/100\n|move|p1a: Ursaluna|Hyper Voice|p2a: Flutter Mane|[spread] p2a,p2b\n|-damage|p2a: Flutter Mane|57/100\n|-damage|p2b: Incineroar|66/100\n|-damage|p1a: Ursaluna|65/100|[from] item: Life Orb\n|\n|-weather|SunnyDay|[upkeep]\n|upkeep\n|turn|2\n|\n|t:|1773936194\n|-terastallize|p1b: Koraidon|Fire\n|move|p2a: Flutter Mane|Thunder Wave|p1b: Koraidon|[miss]\n|-miss|p2a: Flutter Mane|p1b: Koraidon\n|move|p1b: Koraidon|Flame Charge|p2a: Flutter Mane\n|-damage|p2a: Flutter Mane|0 fnt\n|-boost|p1b: Koraidon|spe|1\n|faint|p2a: Flutter Mane\n|-end|p2a: Flutter Mane|Protosynthesis|[silent]\n|move|p2b: Incineroar|Parting Shot|p1a: Ursaluna\n|-unboost|p1a: Ursaluna|atk|1\n|-unboost|p1a: Ursaluna|spa|1\n|\n|t:|1773936201\n|switch|p2b: Giratina|Giratina, L50|100/100|[from] Parting Shot\n|-ability|p2b: Giratina|Pressure\n|move|p1a: Ursaluna|Earth Power|p2b: Giratina\n|-damage|p2b: Giratina|77/100\n|-damage|p1a: Ursaluna|55/100|[from] item: Life Orb\n|\n|-weather|SunnyDay|[upkeep]\n|-heal|p2b: Giratina|83/100|[from] item: Leftovers\n|upkeep\n|\n|t:|1773936205\n|switch|p2a: Zamazenta|Zamazenta-Crowned, L50|100/100\n|-ability|p2a: Zamazenta|Dauntless Shield|boost\n|-boost|p2a: Zamazenta|def|1\n|turn|3\n|\n|t:|1773936214\n|switch|p1a: Amoonguss|Amoonguss, L50, M, shiny|100/100\n|move|p1b: Koraidon|Protect|p1b: Koraidon\n|-singleturn|p1b: Koraidon|Protect\n|move|p2a: Zamazenta|Body Press|p1b: Koraidon\n|-activate|p1b: Koraidon|move: Protect\n|move|p2b: Giratina|Dragon Pulse|p1b: Koraidon\n|-activate|p1b: Koraidon|move: Protect\n|\n|-weather|SunnyDay|[upkeep]\n|-heal|p2b: Giratina|89/100|[from] item: Leftovers\n|upkeep\n|turn|4\n|\n|t:|1773936235\n|-terastallize|p2a: Zamazenta|Grass\n|move|p1a: Amoonguss|Rage Powder|p1a: Amoonguss\n|-singleturn|p1a: Amoonguss|move: Rage Powder\n|move|p1b: Koraidon|Flare Blitz|p2a: Zamazenta\n|-supereffective|p2a: Zamazenta\n|-damage|p2a: Zamazenta|16/100\n|-damage|p1b: Koraidon|72/100|[from] Recoil\n|move|p2a: Zamazenta|Body Press|p1b: Koraidon\n|-damage|p1b: Koraidon|15/100\n|move|p2b: Giratina|Calm Mind|p2b: Giratina\n|-boost|p2b: Giratina|spa|1\n|-boost|p2b: Giratina|spd|1\n|\n|-weather|SunnyDay|[upkeep]\n|-heal|p2b: Giratina|95/100|[from] item: Leftovers\n|upkeep\n|turn|5\n|\n|t:|1773936250\n|switch|p2a: Incineroar|Incineroar, L50, M|66/100\n|-ability|p2a: Incineroar|Intimidate|boost\n|-unboost|p1a: Amoonguss|atk|1\n|-fail|p1b: Koraidon|unboost|[from] item: Clear Amulet|[of] p1b: Koraidon\n|move|p1b: Koraidon|Protect|p1b: Koraidon\n|-singleturn|p1b: Koraidon|Protect\n|move|p2b: Giratina|Hex|p1b: Koraidon\n|-activate|p1b: Koraidon|move: Protect\n|move|p1a: Amoonguss|Spore|p2b: Giratina\n|-status|p2b: Giratina|slp|[from] move: Spore\n|\n|-weather|none\n|-heal|p2b: Giratina|100/100 slp|[from] item: Leftovers\n|upkeep\n|turn|6\n|\n|t:|1773936264\n|switch|p1b: Ursaluna|Ursaluna-Bloodmoon, L50, M|55/100\n|move|p2a: Incineroar|Fake Out|p1b: Ursaluna\n|-damage|p1b: Ursaluna|48/100\n|cant|p2b: Giratina|slp\n|move|p1a: Amoonguss|Pollen Puff|p1b: Ursaluna\n|-heal|p1b: Ursaluna|97/100\n|\n|upkeep\n|turn|7\n|\n|t:|1773936281\n|move|p1a: Amoonguss|Rage Powder|p1a: Amoonguss\n|-singleturn|p1a: Amoonguss|move: Rage Powder\n|cant|p2b: Giratina|slp\n|move|p2a: Incineroar|Parting Shot|p1a: Amoonguss\n|-unboost|p1a: Amoonguss|atk|1\n|-unboost|p1a: Amoonguss|spa|1\n|\n|t:|1773936289\n|switch|p2a: Zamazenta|Zamazenta-Crowned, L50, tera:Grass|16/100|[from] Parting Shot\n|move|p1b: Ursaluna|Hyper Voice|p2a: Zamazenta|[spread] p2a,p2b\n|-crit|p2b: Giratina\n|-damage|p2a: Zamazenta|0 fnt\n|-damage|p2b: Giratina|59/100 slp\n|faint|p2a: Zamazenta\n|-damage|p1b: Ursaluna|88/100|[from] item: Life Orb\n|\n|-heal|p2b: Giratina|65/100 slp|[from] item: Leftovers\n|upkeep\n|c|\u2606CHR1SPHX|crazy mushroom tech\n|\n|t:|1773936296\n|switch|p2a: Incineroar|Incineroar, L50, M|66/100\n|-ability|p2a: Incineroar|Intimidate|boost\n|-unboost|p1a: Amoonguss|atk|1\n|-unboost|p1b: Ursaluna|atk|1\n|turn|8\n|\n|t:|1773936303\n|move|p1b: Ursaluna|Protect|p1b: Ursaluna\n|-singleturn|p1b: Ursaluna|Protect\n|move|p2a: Incineroar|Fake Out|p1b: Ursaluna\n|-activate|p1b: Ursaluna|move: Protect\n|cant|p2b: Giratina|slp\n|move|p1a: Amoonguss|Spore|p2a: Incineroar\n|-status|p2a: Incineroar|slp|[from] move: Spore\n|\n|-heal|p2b: Giratina|71/100 slp|[from] item: Leftovers\n|upkeep\n|turn|9\n|\n|t:|1773936317\n|-curestatus|p2b: Giratina|slp|[msg]\n|move|p2b: Giratina|Dragon Pulse|p1b: Ursaluna\n|-damage|p1b: Ursaluna|37/100\n|cant|p2a: Incineroar|slp\n|move|p1b: Ursaluna|Hyper Voice|p2a: Incineroar|[spread] p2a,p2b\n|-damage|p2a: Incineroar|31/100 slp\n|-damage|p2b: Giratina|52/100\n|-enditem|p2a: Incineroar|Sitrus Berry|[eat]\n|-heal|p2a: Incineroar|56/100 slp|[from] item: Sitrus Berry\n|-damage|p1b: Ursaluna|27/100|[from] item: Life Orb\n|move|p1a: Amoonguss|Pollen Puff|p1b: Ursaluna\n|-heal|p1b: Ursaluna|77/100\n|\n|-heal|p2b: Giratina|58/100|[from] item: Leftovers\n|upkeep\n|turn|10\n|\n|t:|1773936341\n|move|p2b: Giratina|Dragon Pulse|p1b: Ursaluna\n|-damage|p1b: Ursaluna|29/100\n|-curestatus|p2a: Incineroar|slp|[msg]\n|move|p2a: Incineroar|Knock Off|p1b: Ursaluna\n|-damage|p1b: Ursaluna|2/100\n|-enditem|p1b: Ursaluna|Life Orb|[from] move: Knock Off|[of] p2a: Incineroar\n|move|p1b: Ursaluna|Earth Power|p2a: Incineroar\n|-supereffective|p2a: Incineroar\n|-damage|p2a: Incineroar|0 fnt\n|faint|p2a: Incineroar\n|move|p1a: Amoonguss|Spore|p2b: Giratina\n|-status|p2b: Giratina|slp|[from] move: Spore\n|\n|-heal|p2b: Giratina|64/100 slp|[from] item: Leftovers\n|upkeep\n|turn|11\n|-message|zhz2021 forfeited.\n|\n|win|CHR1SPHX\n|raw|CHR1SPHX's rating: 1329 &rarr; <strong>1355</strong><br />(+26 for winning)\n|raw|zhz2021's rating: 1444 &rarr; <strong>1418</strong><br />(-26 for losing)\n|l|\u2606zhz2021\n|player|p2|\n|l|\u2606CHR1SPHX\n|player|p1|\n","uploadtime":1773936360,"views":11,"formatid":"gen9vgc2026regi","rating":1355,"private":0,"password":null}