{"id":"gen9vgc2026regi-2549426461","format":"[Gen 9] VGC 2026 Reg I","players":["kojimuranishi","budoubudou"],"log":"|j|\u2606kojimuranishi\n|j|\u2606budoubudou\n|t:|1772365217\n|gametype|doubles\n|player|p1|kojimuranishi|102|1382\n|player|p2|budoubudou|preschooler|1397\n|gen|9\n|tier|[Gen 9] VGC 2026 Reg I\n|rated|\n|rule|Species Clause: Limit one of each Pok\u00e9mon\n|rule|Item Clause: Limit 1 of each item\n|clearpoke\n|poke|p1|Raging Bolt, L50|\n|poke|p1|Calyrex-Ice, L50|\n|poke|p1|Kyogre, L50|\n|poke|p1|Indeedee-F, L50, F|\n|poke|p1|Ursaluna, L50, M|\n|poke|p1|Torkoal, L50, F|\n|poke|p2|Murkrow, L50, F|\n|poke|p2|Maushold, L50|\n|poke|p2|Kyogre, L50|\n|poke|p2|Calyrex-Shadow, L50|\n|poke|p2|Flutter Mane, L50|\n|poke|p2|Ursaluna, L50, F|\n|teampreview|4\n|inactive|Battle timer is ON: inactive players will automatically lose when time's up. (requested by kojimuranishi)\n|\n|t:|1772365248\n|teamsize|p1|4\n|teamsize|p2|4\n|start\n|switch|p1a: Indeedee|Indeedee-F, L50, F|100/100\n|switch|p1b: Calyrex|Calyrex-Ice, L50|100/100\n|switch|p2a: Kyogre|Kyogre, L50|100/100\n|switch|p2b: Calyrex|Calyrex-Shadow, L50|100/100\n|-ability|p2b: Calyrex|As One\n|-ability|p2b: Calyrex|Unnerve\n|-ability|p1b: Calyrex|As One\n|-ability|p1b: Calyrex|Unnerve\n|-weather|RainDance|[from] ability: Drizzle|[of] p2a: Kyogre\n|-fieldstart|move: Psychic Terrain|[from] ability: Psychic Surge|[of] p1a: Indeedee\n|turn|1\n|\n|t:|1772365266\n|switch|p1b: Torkoal|Torkoal, L50, F|100/100\n|-weather|SunnyDay|[from] ability: Drought|[of] p1b: Torkoal\n|-terastallize|p2a: Kyogre|Water\n|move|p2b: Calyrex|Expanding Force|p1a: Indeedee|[spread] p1a,p1b\n|-resisted|p1a: Indeedee\n|-damage|p1a: Indeedee|64/100\n|-damage|p1b: Torkoal|0 fnt\n|faint|p1b: Torkoal\n|-ability|p2b: Calyrex|Grim Neigh|boost\n|-boost|p2b: Calyrex|spa|1\n|-damage|p2b: Calyrex|91/100|[from] item: Life Orb\n|move|p2a: Kyogre|Water Spout|p1a: Indeedee\n|-damage|p1a: Indeedee|1/100\n|move|p1a: Indeedee|Trick Room|p1a: Indeedee\n|-fieldstart|move: Trick Room|[of] p1a: Indeedee\n|\n|-weather|SunnyDay|[upkeep]\n|upkeep\n|\n|t:|1772365285\n|switch|p1b: Calyrex|Calyrex-Ice, L50|100/100\n|-ability|p1b: Calyrex|As One\n|-ability|p1b: Calyrex|Unnerve\n|turn|2\n|\n|t:|1772365307\n|-terastallize|p1b: Calyrex|Fairy\n|move|p1a: Indeedee|Protect|p1a: Indeedee\n|-singleturn|p1a: Indeedee|Protect\n|move|p2a: Kyogre|Protect|p2a: Kyogre\n|-singleturn|p2a: Kyogre|Protect\n|move|p2b: Calyrex|Protect|p2b: Calyrex\n|-singleturn|p2b: Calyrex|Protect\n|move|p1b: Calyrex|Leech Seed|p2a: Kyogre\n|-activate|p2a: Kyogre|move: Protect\n|\n|-weather|SunnyDay|[upkeep]\n|upkeep\n|turn|3\n|\n|t:|1772365326\n|switch|p2b: Murkrow|Murkrow, L50, F|100/100\n|move|p1b: Calyrex|Glacial Lance|p2a: Kyogre|[spread] p2a,p2b\n|-resisted|p2a: Kyogre\n|-supereffective|p2b: Murkrow\n|-damage|p2a: Kyogre|74/100\n|-enditem|p2b: Murkrow|Focus Sash\n|-damage|p2b: Murkrow|1/100\n|move|p1a: Indeedee|Psychic|p2b: Murkrow\n|-immune|p2b: Murkrow\n|move|p2a: Kyogre|Water Spout|p1a: Indeedee|[spread] p1a,p1b\n|-damage|p1a: Indeedee|0 fnt\n|-damage|p1b: Calyrex|80/100\n|faint|p1a: Indeedee\n|\n|-weather|SunnyDay|[upkeep]\n|-heal|p1b: Calyrex|86/100|[from] item: Leftovers\n|upkeep\n|\n|t:|1772365344\n|switch|p1a: Kyogre|Kyogre, L50|100/100\n|-weather|RainDance|[from] ability: Drizzle|[of] p1a: Kyogre\n|turn|4\n|\n|t:|1772365355\n|move|p2b: Murkrow|Protect|p2b: Murkrow\n|-singleturn|p2b: Murkrow|Protect\n|move|p2a: Kyogre|Protect|p2a: Kyogre\n|-singleturn|p2a: Kyogre|Protect\n|move|p1b: Calyrex|Glacial Lance|p2a: Kyogre|[spread] \n|-activate|p2a: Kyogre|move: Protect\n|-activate|p2b: Murkrow|move: Protect\n|move|p1a: Kyogre|Thunder|p2a: Kyogre\n|-activate|p2a: Kyogre|move: Protect\n|\n|-weather|RainDance|[upkeep]\n|-heal|p1b: Calyrex|92/100|[from] item: Leftovers\n|upkeep\n|turn|5\n|\n|t:|1772365379\n|move|p2b: Murkrow|Tailwind|p2b: Murkrow\n|-sidestart|p2: budoubudou|move: Tailwind\n|move|p1b: Calyrex|Glacial Lance|p2b: Murkrow|[spread] p2a,p2b\n|-resisted|p2a: Kyogre\n|-supereffective|p2b: Murkrow\n|-damage|p2a: Kyogre|47/100\n|-damage|p2b: Murkrow|0 fnt\n|faint|p2b: Murkrow\n|-ability|p1b: Calyrex|Chilling Neigh|boost\n|-boost|p1b: Calyrex|atk|1\n|move|p1a: Kyogre|Thunder|p2a: Kyogre\n|-supereffective|p2a: Kyogre\n|-damage|p2a: Kyogre|0 fnt\n|faint|p2a: Kyogre\n|\n|-weather|RainDance|[upkeep]\n|-heal|p1b: Calyrex|98/100|[from] item: Leftovers\n|-fieldend|move: Trick Room\n|-fieldend|move: Psychic Terrain\n|upkeep\n|\n|t:|1772365381\n|switch|p2b: Calyrex|Calyrex-Shadow, L50|91/100\n|switch|p2a: Maushold|Maushold, L50|100/100\n|-ability|p2b: Calyrex|As One\n|-ability|p2b: Calyrex|Unnerve\n|turn|6\n|inactive|kojimuranishi has 30 seconds left.\n|\n|t:|1772365407\n|move|p2b: Calyrex|Astral Barrage|p1b: Calyrex|[spread] p1a,p1b\n|-damage|p1a: Kyogre|53/100\n|-damage|p1b: Calyrex|66/100\n|-damage|p2b: Calyrex|81/100|[from] item: Life Orb\n|move|p2a: Maushold|Population Bomb|p1b: Calyrex\n|-damage|p1b: Calyrex|58/100\n|-damage|p1b: Calyrex|50/100\n|-damage|p1b: Calyrex|42/100\n|-damage|p1b: Calyrex|34/100\n|-damage|p1b: Calyrex|27/100\n|-damage|p1b: Calyrex|19/100\n|-damage|p1b: Calyrex|12/100\n|-damage|p1b: Calyrex|4/100\n|-damage|p1b: Calyrex|0 fnt\n|faint|p1b: Calyrex\n|-hitcount|p1: Calyrex|9\n|move|p1a: Kyogre|Thunder|p2b: Calyrex\n|-damage|p2b: Calyrex|42/100\n|\n|-weather|RainDance|[upkeep]\n|upkeep\n|turn|7\n|-message|kojimuranishi forfeited.\n|\n|win|budoubudou\n|raw|kojimuranishi's rating: 1382 &rarr; <strong>1363</strong><br />(-19 for losing)\n|raw|budoubudou's rating: 1397 &rarr; <strong>1416</strong><br />(+19 for winning)\n|l|\u2606kojimuranishi\n|player|p1|\n|l|\u2606budoubudou\n|player|p2|\n","uploadtime":1772365614,"views":21,"formatid":"gen9vgc2026regi","rating":1363,"private":0,"password":null}