{"id":"gen9vgc2026regi-2531329526","format":"[Gen 9] VGC 2026 Reg I","players":["kojimuranishi","palhunter"],"log":"|j|\u2606kojimuranishi\n|j|\u2606palhunter\n|t:|1770047049\n|gametype|doubles\n|player|p1|kojimuranishi|102|1515\n|player|p2|palhunter|dawn|1620\n|gen|9\n|tier|[Gen 9] VGC 2026 Reg I\n|rated|\n|rule|Species Clause: Limit one of each Pok\u00e9mon\n|rule|Item Clause: Limit 1 of each item\n|clearpoke\n|poke|p1|Whimsicott, L50, F|\n|poke|p1|Chi-Yu, L50|\n|poke|p1|Calyrex-Ice, L50|\n|poke|p1|Miraidon, L50|\n|poke|p1|Landorus, L50, M|\n|poke|p1|Torkoal, L50, M|\n|poke|p2|Miraidon, L50|\n|poke|p2|Amoonguss, L50, F|\n|poke|p2|Calyrex-Ice, L50|\n|poke|p2|Urshifu-*, L50, M|\n|poke|p2|Incineroar, L50, F|\n|poke|p2|Landorus, L50, M|\n|teampreview|4\n|inactive|Battle timer is ON: inactive players will automatically lose when time's up. (requested by kojimuranishi)\n|inactive|palhunter has 60 seconds left.\n|\n|t:|1770047113\n|teamsize|p1|4\n|teamsize|p2|4\n|start\n|switch|p1a: Miraidon|Miraidon, L50|100/100\n|switch|p1b: Chi-Yu|Chi-Yu, L50|100/100\n|switch|p2a: Calyrex|Calyrex-Ice, L50|100/100\n|switch|p2b: Landorus|Landorus, L50, M, shiny|100/100\n|-ability|p2a: Calyrex|As One\n|-ability|p2a: Calyrex|Unnerve\n|-fieldstart|move: Electric Terrain|[from] ability: Hadron Engine|[of] p1a: Miraidon\n|-ability|p1b: Chi-Yu|Beads of Ruin\n|turn|1\n|inactive|palhunter has 30 seconds left.\n|inactive|palhunter has 20 seconds left.\n|\n|t:|1770047151\n|move|p2a: Calyrex|Protect|p2a: Calyrex\n|-singleturn|p2a: Calyrex|Protect\n|move|p1a: Miraidon|Draco Meteor|p2b: Landorus\n|-damage|p2b: Landorus|0 fnt\n|-unboost|p1a: Miraidon|spa|2\n|faint|p2b: Landorus\n|move|p1b: Chi-Yu|Overheat|p2a: Calyrex\n|-activate|p2a: Calyrex|move: Protect\n|\n|upkeep\n|\n|t:|1770047163\n|switch|p2b: Incineroar|Incineroar, L50, F, shiny|100/100\n|-ability|p2b: Incineroar|Intimidate|boost\n|-unboost|p1a: Miraidon|atk|1\n|-unboost|p1b: Chi-Yu|atk|1\n|turn|2\n|\n|t:|1770047174\n|switch|p1a: Calyrex|Calyrex-Ice, L50|100/100\n|-ability|p1a: Calyrex|As One\n|-ability|p1a: Calyrex|Unnerve\n|-terastallize|p2a: Calyrex|Fire\n|move|p1b: Chi-Yu|Overheat|p2a: Calyrex\n|-resisted|p2a: Calyrex\n|-damage|p2a: Calyrex|58/100\n|-unboost|p1b: Chi-Yu|spa|2\n|move|p2b: Incineroar|Knock Off|p1a: Calyrex\n|-supereffective|p1a: Calyrex\n|-damage|p1a: Calyrex|35/100\n|-enditem|p1a: Calyrex|Choice Band|[from] move: Knock Off|[of] p2b: Incineroar\n|move|p2a: Calyrex|Glacial Lance|p1a: Calyrex|[spread] p1a,p1b\n|-resisted|p1a: Calyrex\n|-resisted|p1b: Chi-Yu\n|-damage|p1a: Calyrex|15/100\n|-damage|p1b: Chi-Yu|57/100\n|\n|upkeep\n|turn|3\n|inactive|palhunter has 30 seconds left.\n|inactive|palhunter has 20 seconds left.\n|\n|t:|1770047209\n|move|p1b: Chi-Yu|Overheat|p2a: Calyrex\n|-resisted|p2a: Calyrex\n|-damage|p2a: Calyrex|35/100\n|-unboost|p1b: Chi-Yu|spa|2\n|move|p1a: Calyrex|High Horsepower|p2a: Calyrex\n|-supereffective|p2a: Calyrex\n|-damage|p2a: Calyrex|0 fnt\n|faint|p2a: Calyrex\n|-ability|p1a: Calyrex|Chilling Neigh|boost\n|-boost|p1a: Calyrex|atk|1\n|move|p2b: Incineroar|Knock Off|p1a: Calyrex\n|-supereffective|p1a: Calyrex\n|-damage|p1a: Calyrex|0 fnt\n|faint|p1a: Calyrex\n|\n|upkeep\n|\n|t:|1770047224\n|switch|p1a: Miraidon|Miraidon, L50|100/100\n|switch|p2a: Miraidon|Miraidon, L50|100/100\n|-activate|p1a: Miraidon|ability: Hadron Engine\n|-activate|p2a: Miraidon|ability: Hadron Engine\n|turn|4\n|\n|t:|1770047240\n|switch|p1b: Whimsicott|Whimsicott, L50, F|100/100\n|move|p1a: Miraidon|Draco Meteor|p2a: Miraidon\n|-supereffective|p2a: Miraidon\n|-damage|p2a: Miraidon|0 fnt\n|-unboost|p1a: Miraidon|spa|2\n|faint|p2a: Miraidon\n|move|p2b: Incineroar|Knock Off|p1b: Whimsicott\n|-resisted|p1b: Whimsicott\n|-damage|p1b: Whimsicott|70/100\n|-enditem|p1b: Whimsicott|Focus Sash|[from] move: Knock Off|[of] p2b: Incineroar\n|\n|upkeep\n|turn|5\n|-message|palhunter forfeited.\n|\n|win|kojimuranishi\n|raw|kojimuranishi's rating: 1515 &rarr; <strong>1541</strong><br />(+26 for winning)\n|raw|palhunter's rating: 1620 &rarr; <strong>1594</strong><br />(-26 for losing)\n|l|\u2606palhunter\n|player|p2|\n|l|\u2606kojimuranishi\n|player|p1|\n","uploadtime":1770047390,"views":48,"formatid":"gen9vgc2026regi","rating":1541,"private":0,"password":null}