{"id":"gen9vgc2026regi-2568598473","format":"[Gen 9] VGC 2026 Reg I","players":["testhan92","mytestteams"],"log":"|j|\u2606testhan92\n|j|\u2606mytestteams\n|t:|1774602698\n|gametype|doubles\n|player|p1|testhan92|2|1426\n|player|p2|mytestteams|burglar|1384\n|gen|9\n|tier|[Gen 9] VGC 2026 Reg I\n|rated|\n|rule|Species Clause: Limit one of each Pok\u00e9mon\n|rule|Item Clause: Limit 1 of each item\n|clearpoke\n|poke|p1|Lunala, L50|\n|poke|p1|Incineroar, L50, M|\n|poke|p1|Amoonguss, L50, F|\n|poke|p1|Ursaluna, L50, F|\n|poke|p1|Flutter Mane, L50|\n|poke|p1|Koraidon, L50|\n|poke|p2|Calyrex-Ice, L50|\n|poke|p2|Iron Treads, L50|\n|poke|p2|Iron Hands, L50|\n|poke|p2|Sinistcha, L50|\n|poke|p2|Urshifu-*, L50, M|\n|poke|p2|Miraidon, L50|\n|teampreview|4\n|\n|t:|1774602757\n|teamsize|p1|4\n|teamsize|p2|4\n|start\n|switch|p1a: Incineroar|Incineroar, L50, M|100/100\n|switch|p1b: Amoonguss|Amoonguss, L50, F, shiny|100/100\n|switch|p2a: Miraidon|Miraidon, L50|100/100\n|switch|p2b: Iron Treads|Iron Treads, L50|100/100\n|-fieldstart|move: Electric Terrain|[from] ability: Hadron Engine|[of] p2a: Miraidon\n|-activate|p2b: Iron Treads|ability: Quark Drive\n|-start|p2b: Iron Treads|quarkdrivespe\n|-ability|p1a: Incineroar|Intimidate|boost\n|-unboost|p2a: Miraidon|atk|1\n|-unboost|p2b: Iron Treads|atk|1\n|turn|1\n|\n|t:|1774602782\n|switch|p1b: Lunala|Lunala, L50|100/100\n|move|p1a: Incineroar|Fake Out|p2a: Miraidon\n|-damage|p2a: Miraidon|91/100\n|move|p2b: Iron Treads|Iron Head|p1b: Lunala\n|-damage|p1b: Lunala|88/100\n|-damage|p2b: Iron Treads|91/100|[from] item: Life Orb\n|cant|p2a: Miraidon|flinch\n|\n|upkeep\n|turn|2\n|\n|t:|1774602798\n|switch|p1b: Amoonguss|Amoonguss, L50, F, shiny|100/100\n|move|p2b: Iron Treads|High Horsepower|p1b: Amoonguss\n|-crit|p1b: Amoonguss\n|-damage|p1b: Amoonguss|31/100\n|-damage|p2b: Iron Treads|75/100|[from] item: Rocky Helmet|[of] p1b: Amoonguss\n|-damage|p2b: Iron Treads|65/100|[from] item: Life Orb\n|move|p2a: Miraidon|Electro Drift|p1b: Amoonguss\n|-resisted|p1b: Amoonguss\n|-damage|p1b: Amoonguss|0 fnt\n|-damage|p2a: Miraidon|74/100|[from] item: Rocky Helmet|[of] p1b: Amoonguss\n|faint|p1b: Amoonguss\n|move|p1a: Incineroar|Parting Shot|p2a: Miraidon\n|-unboost|p2a: Miraidon|atk|1\n|-unboost|p2a: Miraidon|spa|1\n|\n|t:|1774602814\n|switch|p1a: Koraidon|Koraidon, L50|100/100|[from] Parting Shot\n|-weather|SunnyDay|[from] ability: Orichalcum Pulse|[of] p1a: Koraidon\n|-activate|p1a: Koraidon|Orichalcum Pulse|[source]\n|\n|-weather|SunnyDay|[upkeep]\n|upkeep\n|\n|t:|1774602817\n|switch|p1b: Incineroar|Incineroar, L50, M|100/100\n|-ability|p1b: Incineroar|Intimidate|boost\n|-unboost|p2a: Miraidon|atk|1\n|-unboost|p2b: Iron Treads|atk|1\n|turn|3\n|\n|t:|1774602832\n|switch|p2a: Sinistcha|Sinistcha, L50|100/100\n|-enditem|p2a: Sinistcha|Electric Seed\n|-boost|p2a: Sinistcha|def|1|[from] item: Electric Seed\n|-heal|p2b: Iron Treads|90/100|[from] ability: Hospitality|[of] p2a: Sinistcha\n|move|p2b: Iron Treads|Protect|p2b: Iron Treads\n|-singleturn|p2b: Iron Treads|Protect\n|move|p1b: Incineroar|Fake Out|p2a: Sinistcha\n|-immune|p2a: Sinistcha\n|move|p1a: Koraidon|Flame Charge|p2b: Iron Treads\n|-activate|p2b: Iron Treads|move: Protect\n|\n|-weather|SunnyDay|[upkeep]\n|upkeep\n|turn|4\n|\n|t:|1774602856\n|move|p2a: Sinistcha|Rage Powder|p2a: Sinistcha\n|-singleturn|p2a: Sinistcha|move: Rage Powder\n|move|p2b: Iron Treads|Rock Tomb|p1a: Koraidon\n|-resisted|p1a: Koraidon\n|-damage|p1a: Koraidon|95/100\n|-unboost|p1a: Koraidon|spe|1\n|-damage|p2b: Iron Treads|80/100|[from] item: Life Orb\n|move|p1a: Koraidon|Flare Blitz|p2a: Sinistcha\n|-supereffective|p2a: Sinistcha\n|-damage|p2a: Sinistcha|0 fnt\n|faint|p2a: Sinistcha\n|-damage|p1a: Koraidon|62/100|[from] Recoil\n|-damage|p1a: Koraidon|52/100|[from] item: Life Orb\n|move|p1b: Incineroar|Flare Blitz|p2b: Iron Treads\n|-supereffective|p2b: Iron Treads\n|-damage|p2b: Iron Treads|0 fnt\n|faint|p2b: Iron Treads\n|-end|p2b: Iron Treads|Quark Drive|[silent]\n|-damage|p1b: Incineroar|79/100|[from] Recoil\n|\n|-weather|SunnyDay|[upkeep]\n|upkeep\n|\n|t:|1774602872\n|switch|p2b: Urshifu|Urshifu-Rapid-Strike, L50, M|100/100\n|switch|p2a: Miraidon|Miraidon, L50|74/100\n|-activate|p2a: Miraidon|ability: Hadron Engine\n|turn|5\n|\n|t:|1774602890\n|switch|p1a: Lunala|Lunala, L50|88/100\n|-terastallize|p1b: Incineroar|Ghost\n|move|p2a: Miraidon|Electro Drift|p1a: Lunala\n|-damage|p1a: Lunala|0 fnt\n|faint|p1a: Lunala\n|move|p2b: Urshifu|Close Combat|p1b: Incineroar\n|-immune|p1b: Incineroar\n|move|p1b: Incineroar|Parting Shot|p2a: Miraidon\n|-unboost|p2a: Miraidon|atk|1\n|-unboost|p2a: Miraidon|spa|1\n|\n|t:|1774602904\n|switch|p1b: Koraidon|Koraidon, L50|52/100|[from] Parting Shot\n|-activate|p1b: Koraidon|ability: Orichalcum Pulse\n|\n|-weather|SunnyDay|[upkeep]\n|-fieldend|move: Electric Terrain\n|upkeep\n|\n|t:|1774602909\n|switch|p1a: Incineroar|Incineroar, L50, M, tera:Ghost|79/100\n|-ability|p1a: Incineroar|Intimidate|boost\n|-unboost|p2a: Miraidon|atk|1\n|-unboost|p2b: Urshifu|atk|1\n|turn|6\n|\n|t:|1774602919\n|-terastallize|p2a: Miraidon|Fairy\n|move|p1a: Incineroar|Fake Out|p2a: Miraidon\n|-damage|p2a: Miraidon|62/100\n|move|p1b: Koraidon|Close Combat|p2a: Miraidon\n|-resisted|p2a: Miraidon\n|-damage|p2a: Miraidon|5/100\n|-unboost|p1b: Koraidon|def|1\n|-unboost|p1b: Koraidon|spd|1\n|-damage|p1b: Koraidon|43/100|[from] item: Life Orb\n|cant|p2a: Miraidon|flinch\n|move|p2b: Urshifu|Close Combat|p1b: Koraidon\n|-damage|p1b: Koraidon|0 fnt\n|-unboost|p2b: Urshifu|def|1\n|-unboost|p2b: Urshifu|spd|1\n|faint|p1b: Koraidon\n|\n|-weather|none\n|upkeep\n|turn|7\n|\n|t:|1774602939\n|move|p2a: Miraidon|Electro Drift|p1a: Incineroar\n|-damage|p1a: Incineroar|37/100\n|move|p2b: Urshifu|Surging Strikes|p1a: Incineroar\n|-crit|p1a: Incineroar\n|-damage|p1a: Incineroar|16/100\n|-crit|p1a: Incineroar\n|-damage|p1a: Incineroar|0 fnt\n|faint|p1a: Incineroar\n|-hitcount|p1: Incineroar|2\n|\n|win|mytestteams\n|raw|testhan92's rating: 1426 &rarr; <strong>1404</strong><br />(-22 for losing)\n|raw|mytestteams's rating: 1384 &rarr; <strong>1406</strong><br />(+22 for winning)\n|l|\u2606testhan92\n|player|p1|\n|l|\u2606mytestteams\n|player|p2|\n","uploadtime":1774603114,"views":12,"formatid":"gen9vgc2026regi","rating":1404,"private":0,"password":null}