{"id":"gen9vgc2026regi-2586832463","format":"[Gen 9] VGC 2026 Reg I","players":["SFlicK","Lil Tic"],"log":"|j|\u2606SFlicK\n|j|\u2606Lil Tic\n|t:|1776463655\n|gametype|doubles\n|player|p1|SFlicK|hilbert|1317\n|player|p2|Lil Tic|101|1410\n|gen|9\n|tier|[Gen 9] VGC 2026 Reg I\n|rated|\n|rule|Species Clause: Limit one of each Pok\u00e9mon\n|rule|Item Clause: Limit 1 of each item\n|clearpoke\n|poke|p1|Kyurem-White, L50|\n|poke|p1|Ninetales-Alola, L50, F|\n|poke|p1|Zamazenta-*, L50|\n|poke|p1|Amoonguss, L50, M|\n|poke|p1|Chi-Yu, L50|\n|poke|p1|Flutter Mane, L50|\n|poke|p2|Koraidon, L50|\n|poke|p2|Flutter Mane, L50|\n|poke|p2|Ho-Oh, L50|\n|poke|p2|Incineroar, L50, M|\n|poke|p2|Amoonguss, L50, M|\n|poke|p2|Ting-Lu, L50|\n|teampreview|4\n|inactive|Battle timer is ON: inactive players will automatically lose when time's up. (requested by SFlicK)\n|\n|t:|1776463682\n|teamsize|p1|4\n|teamsize|p2|4\n|start\n|switch|p1a: Zamazenta|Zamazenta-Crowned, L50|100/100\n|switch|p1b: Chi-Yu|Chi-Yu, L50, shiny|100/100\n|switch|p2a: Incineroar|Incineroar, L50, M|100/100\n|switch|p2b: Flutter Mane|Flutter Mane, L50|100/100\n|-ability|p1b: Chi-Yu|Beads of Ruin\n|-ability|p1a: Zamazenta|Dauntless Shield|boost\n|-boost|p1a: Zamazenta|def|1\n|-ability|p2a: Incineroar|Intimidate|boost\n|-unboost|p1a: Zamazenta|atk|1\n|-unboost|p1b: Chi-Yu|atk|1\n|turn|1\n|inactive|SFlicK has 30 seconds left.\n|\n|t:|1776463712\n|move|p1a: Zamazenta|Protect|p1a: Zamazenta\n|-singleturn|p1a: Zamazenta|Protect\n|move|p2a: Incineroar|Fake Out|p1a: Zamazenta\n|-activate|p1a: Zamazenta|move: Protect\n|move|p1b: Chi-Yu|Snarl|p2a: Incineroar|[spread] p2a,p2b\n|-resisted|p2a: Incineroar\n|-crit|p2a: Incineroar\n|-damage|p2a: Incineroar|77/100\n|-damage|p2b: Flutter Mane|68/100\n|-unboost|p2a: Incineroar|spa|1\n|-unboost|p2b: Flutter Mane|spa|1\n|move|p2b: Flutter Mane|Moonblast|p1b: Chi-Yu\n|-damage|p1b: Chi-Yu|56/100\n|\n|upkeep\n|turn|2\n|\n|t:|1776463735\n|switch|p2a: Ho-Oh|Ho-Oh, L50|100/100\n|move|p2b: Flutter Mane|Protect|p2b: Flutter Mane\n|-singleturn|p2b: Flutter Mane|Protect\n|move|p1b: Chi-Yu|Snarl|p2b: Flutter Mane|[spread] p2a\n|-activate|p2b: Flutter Mane|move: Protect\n|-damage|p2a: Ho-Oh|80/100\n|move|p1a: Zamazenta|Body Press|p2a: Ho-Oh\n|-resisted|p2a: Ho-Oh\n|-damage|p2a: Ho-Oh|43/100\n|\n|upkeep\n|turn|3\n|inactive|SFlicK has 30 seconds left.\n|inactive|SFlicK has 20 seconds left.\n|inactive|SFlicK has 15 seconds left.\n|\n|t:|1776463776\n|switch|p1b: Kyurem|Kyurem-White, L50, shiny|100/100\n|-ability|p1b: Kyurem|Turboblaze\n|-terastallize|p1a: Zamazenta|Water\n|move|p2b: Flutter Mane|Icy Wind|p1a: Zamazenta|[spread] p1a,p1b\n|-resisted|p1a: Zamazenta\n|-damage|p1a: Zamazenta|97/100\n|-damage|p1b: Kyurem|96/100\n|-unboost|p1a: Zamazenta|spe|1\n|-unboost|p1b: Kyurem|spe|1\n|move|p2a: Ho-Oh|Sacred Fire|p1a: Zamazenta|[miss]\n|-miss|p2a: Ho-Oh|p1a: Zamazenta\n|move|p1a: Zamazenta|Behemoth Bash|p2b: Flutter Mane\n|-supereffective|p2b: Flutter Mane\n|-damage|p2b: Flutter Mane|0 fnt\n|faint|p2b: Flutter Mane\n|-end|p2b: Flutter Mane|Protosynthesis|[silent]\n|\n|upkeep\n|\n|t:|1776463796\n|switch|p2b: Koraidon|Koraidon, L50|100/100\n|-weather|SunnyDay|[from] ability: Orichalcum Pulse|[of] p2b: Koraidon\n|-activate|p2b: Koraidon|Orichalcum Pulse|[source]\n|turn|4\n|\n|t:|1776463818\n|switch|p1b: Ninetales|Ninetales-Alola, L50, F|100/100\n|-weather|Snowscape|[from] ability: Snow Warning|[of] p1b: Ninetales\n|move|p2b: Koraidon|Collision Course|p1b: Ninetales\n|-damage|p1b: Ninetales|33/100\n|-damage|p2b: Koraidon|91/100|[from] item: Life Orb\n|move|p2a: Ho-Oh|Sacred Fire|p1a: Zamazenta\n|-resisted|p1a: Zamazenta\n|-damage|p1a: Zamazenta|87/100\n|move|p1a: Zamazenta|Body Press|p2b: Koraidon\n|-damage|p2b: Koraidon|24/100\n|\n|-weather|Snowscape|[upkeep]\n|upkeep\n|turn|5\n|inactive|SFlicK has 30 seconds left.\n|inactive|Lil Tic has 30 seconds left.\n|\n|t:|1776463853\n|move|p1a: Zamazenta|Protect|p1a: Zamazenta\n|-singleturn|p1a: Zamazenta|Protect\n|move|p2b: Koraidon|Collision Course|p1a: Zamazenta\n|-activate|p1a: Zamazenta|move: Protect\n|move|p1b: Ninetales|Aurora Veil|p1b: Ninetales\n|-sidestart|p1: SFlicK|move: Aurora Veil\n|move|p2a: Ho-Oh|Sacred Fire|p1b: Ninetales\n|-supereffective|p1b: Ninetales\n|-damage|p1b: Ninetales|0 fnt\n|faint|p1b: Ninetales\n|\n|-weather|Snowscape|[upkeep]\n|upkeep\n|\n|t:|1776463866\n|switch|p1b: Chi-Yu|Chi-Yu, L50, shiny|56/100\n|-ability|p1b: Chi-Yu|Beads of Ruin\n|turn|6\n|inactive|Lil Tic has 30 seconds left.\n|\n|t:|1776463899\n|switch|p2a: Incineroar|Incineroar, L50, M|77/100\n|-ability|p2a: Incineroar|Intimidate|boost\n|-unboost|p1a: Zamazenta|atk|1\n|-unboost|p1b: Chi-Yu|atk|1\n|move|p2b: Koraidon|Protect|p2b: Koraidon\n|-singleturn|p2b: Koraidon|Protect\n|move|p1b: Chi-Yu|Snarl|p2a: Incineroar|[spread] p2a\n|-activate|p2b: Koraidon|move: Protect\n|-resisted|p2a: Incineroar\n|-damage|p2a: Incineroar|61/100\n|-unboost|p2a: Incineroar|spa|1\n|move|p1a: Zamazenta|Body Press|p2b: Koraidon\n|-activate|p2b: Koraidon|move: Protect\n|\n|-weather|Snowscape|[upkeep]\n|upkeep\n|turn|7\n|\n|t:|1776463913\n|move|p1a: Zamazenta|Protect|p1a: Zamazenta\n|-singleturn|p1a: Zamazenta|Protect\n|move|p2a: Incineroar|Fake Out|p1a: Zamazenta\n|-activate|p1a: Zamazenta|move: Protect\n|move|p1b: Chi-Yu|Snarl|p2b: Koraidon|[spread] p2a,p2b\n|-resisted|p2a: Incineroar\n|-resisted|p2b: Koraidon\n|-damage|p2a: Incineroar|44/100\n|-damage|p2b: Koraidon|8/100\n|-unboost|p2a: Incineroar|spa|1\n|-unboost|p2b: Koraidon|spa|1\n|move|p2b: Koraidon|Collision Course|p1b: Chi-Yu\n|-supereffective|p1b: Chi-Yu\n|-damage|p1b: Chi-Yu|0 fnt\n|faint|p1b: Chi-Yu\n|-damage|p2b: Koraidon|0 fnt|[from] item: Life Orb\n|faint|p2b: Koraidon\n|\n|-weather|Snowscape|[upkeep]\n|upkeep\n|-message|Lil Tic forfeited.\n|\n|win|SFlicK\n|raw|SFlicK's rating: 1317 &rarr; <strong>1342</strong><br />(+25 for winning)\n|raw|Lil Tic's rating: 1410 &rarr; <strong>1385</strong><br />(-25 for losing)\n|l|\u2606Lil Tic\n|player|p2|\n|l|\u2606SFlicK\n|player|p1|\n","uploadtime":1776464163,"views":11,"formatid":"gen9vgc2026regi","rating":1342,"private":0,"password":null}