{"id":"gen9vgc2026regi-2542651294","format":"[Gen 9] VGC 2026 Reg I","players":["Cheasleywithaw","kojimuranishi"],"log":"|j|\u2606Cheasleywithaw\n|j|\u2606kojimuranishi\n|t:|1771474001\n|gametype|doubles\n|player|p1|Cheasleywithaw|cyclist|1473\n|player|p2|kojimuranishi|102|1503\n|gen|9\n|tier|[Gen 9] VGC 2026 Reg I\n|rated|\n|rule|Species Clause: Limit one of each Pok\u00e9mon\n|rule|Item Clause: Limit 1 of each item\n|clearpoke\n|poke|p1|Calyrex-Ice, L50|\n|poke|p1|Kyogre, L50|\n|poke|p1|Farigiraf, L50, M|\n|poke|p1|Incineroar, L50, M|\n|poke|p1|Rillaboom, L50, F|\n|poke|p1|Tornadus, L50, M|\n|poke|p2|Calyrex-Ice, L50|\n|poke|p2|Indeedee-F, L50, F|\n|poke|p2|Kyogre, L50|\n|poke|p2|Pincurchin, L50, M|\n|poke|p2|Iron Jugulis, L50|\n|poke|p2|Urshifu-*, L50, F|\n|teampreview|4\n|inactive|Battle timer is ON: inactive players will automatically lose when time's up. (requested by kojimuranishi)\n|\n|t:|1771474030\n|teamsize|p1|4\n|teamsize|p2|4\n|start\n|switch|p1a: Fermentius|Rillaboom, L50, F|100/100\n|switch|p1b: Glarb|Kyogre, L50|100/100\n|switch|p2a: Calyrex|Calyrex-Ice, L50|100/100\n|switch|p2b: Urshifu|Urshifu-Rapid-Strike, L50, F|100/100\n|-ability|p2a: Calyrex|As One\n|-ability|p2a: Calyrex|Unnerve\n|-fieldstart|move: Grassy Terrain|[from] ability: Grassy Surge|[of] p1a: Fermentius\n|-weather|RainDance|[from] ability: Drizzle|[of] p1b: Glarb\n|turn|1\n|inactive|Cheasleywithaw has 30 seconds left.\n|inactive|kojimuranishi has 30 seconds left.\n|inactive|Cheasleywithaw has 20 seconds left.\n|inactive|kojimuranishi has 20 seconds left.\n|inactive|Cheasleywithaw has 15 seconds left.\n|inactive|Cheasleywithaw has 10 seconds left.\n|\n|t:|1771474077\n|-terastallize|p2a: Calyrex|Grass\n|move|p1a: Fermentius|Fake Out|p2a: Calyrex\n|-damage|p2a: Calyrex|91/100\n|move|p2b: Urshifu|Close Combat|p1b: Glarb\n|-damage|p1b: Glarb|32/100\n|-unboost|p2b: Urshifu|def|1\n|-unboost|p2b: Urshifu|spd|1\n|move|p1b: Glarb|Thunder|p2b: Urshifu\n|-supereffective|p2b: Urshifu\n|-damage|p2b: Urshifu|0 fnt\n|faint|p2b: Urshifu\n|cant|p2a: Calyrex|flinch\n|\n|-weather|RainDance|[upkeep]\n|-heal|p1b: Glarb|38/100|[from] Grassy Terrain\n|-heal|p2a: Calyrex|97/100|[from] Grassy Terrain\n|upkeep\n|\n|t:|1771474099\n|switch|p2b: Indeedee|Indeedee-F, L50, F|100/100\n|-fieldstart|move: Psychic Terrain|[from] ability: Psychic Surge|[of] p2b: Indeedee\n|turn|2\n|\n|t:|1771474110\n|move|p1b: Glarb|Protect|p1b: Glarb\n|-singleturn|p1b: Glarb|Protect\n|move|p1a: Fermentius|U-turn|p2b: Indeedee\n|-supereffective|p2b: Indeedee\n|-damage|p2b: Indeedee|50/100\n|\n|t:|1771474115\n|switch|p1a: Bingus|Incineroar, L50, M|100/100|[from] U-turn\n|-ability|p1a: Bingus|Intimidate|boost\n|-unboost|p2a: Calyrex|atk|1\n|-unboost|p2b: Indeedee|atk|1\n|move|p2b: Indeedee|Heal Pulse|p2a: Calyrex\n|-heal|p2a: Calyrex|100/100\n|move|p2a: Calyrex|Glacial Lance|p1b: Glarb|[spread] p1a\n|-activate|p1b: Glarb|move: Protect\n|-resisted|p1a: Bingus\n|-damage|p1a: Bingus|84/100\n|\n|-weather|RainDance|[upkeep]\n|upkeep\n|turn|3\n|inactive|Cheasleywithaw has 30 seconds left.\n|\n|t:|1771474147\n|switch|p2b: Kyogre|Kyogre, L50|100/100\n|move|p1b: Glarb|Hydro Pump|p2b: Kyogre\n|-resisted|p2b: Kyogre\n|-damage|p2b: Kyogre|65/100\n|move|p1a: Bingus|Will-O-Wisp|p2a: Calyrex\n|-status|p2a: Calyrex|brn\n|move|p2a: Calyrex|Glacial Lance|p1a: Bingus|[spread] p1a,p1b\n|-resisted|p1a: Bingus\n|-resisted|p1b: Glarb\n|-damage|p1a: Bingus|76/100\n|-damage|p1b: Glarb|27/100\n|\n|-weather|RainDance|[upkeep]\n|-damage|p2a: Calyrex|95/100 brn|[from] brn\n|upkeep\n|turn|4\n|\n|t:|1771474170\n|switch|p1a: Fermentius|Rillaboom, L50, F|100/100\n|-fieldstart|move: Grassy Terrain|[from] ability: Grassy Surge|[of] p1a: Fermentius\n|move|p1b: Glarb|Protect|p1b: Glarb\n|-singleturn|p1b: Glarb|Protect\n|move|p2b: Kyogre|Water Spout|p1b: Glarb|[spread] p1a\n|-activate|p1b: Glarb|move: Protect\n|-resisted|p1a: Fermentius\n|-damage|p1a: Fermentius|68/100\n|move|p2a: Calyrex|Glacial Lance|p1a: Fermentius|[spread] p1a\n|-activate|p1b: Glarb|move: Protect\n|-supereffective|p1a: Fermentius\n|-damage|p1a: Fermentius|21/100\n|\n|-weather|RainDance|[upkeep]\n|-heal|p2b: Kyogre|71/100|[from] Grassy Terrain\n|-heal|p1a: Fermentius|27/100|[from] Grassy Terrain\n|-heal|p1b: Glarb|33/100|[from] Grassy Terrain\n|-heal|p2a: Calyrex|100/100 brn|[from] Grassy Terrain\n|-damage|p2a: Calyrex|95/100 brn|[from] brn\n|upkeep\n|turn|5\n|\n|t:|1771474195\n|switch|p2a: Indeedee|Indeedee-F, L50, F|50/100\n|-fieldstart|move: Psychic Terrain|[from] ability: Psychic Surge|[of] p2a: Indeedee\n|move|p2b: Kyogre|Water Spout|p1b: Glarb|[spread] p1a,p1b\n|-resisted|p1a: Fermentius\n|-resisted|p1b: Glarb\n|-damage|p1a: Fermentius|0 fnt\n|-damage|p1b: Glarb|1/100\n|faint|p1a: Fermentius\n|move|p1b: Glarb|Thunder|p2b: Kyogre\n|-supereffective|p2b: Kyogre\n|-damage|p2b: Kyogre|7/100\n|\n|-weather|none\n|upkeep\n|\n|t:|1771474210\n|switch|p1a: Bimeon|Calyrex-Ice, L50|100/100\n|-ability|p1a: Bimeon|As One\n|-ability|p1a: Bimeon|Unnerve\n|turn|6\n|\n|t:|1771474222\n|move|p2b: Kyogre|Origin Pulse|p1a: Bimeon|[spread] p1a,p1b\n|-resisted|p1b: Glarb\n|-damage|p1a: Bimeon|61/100\n|-damage|p1b: Glarb|0 fnt\n|faint|p1b: Glarb\n|move|p2a: Indeedee|Heal Pulse|p2b: Kyogre\n|-heal|p2b: Kyogre|57/100\n|move|p1a: Bimeon|Glacial Lance|p2b: Kyogre|[spread] p2a,p2b\n|-crit|p2a: Indeedee\n|-resisted|p2b: Kyogre\n|-damage|p2a: Indeedee|0 fnt\n|-damage|p2b: Kyogre|27/100\n|faint|p2a: Indeedee\n|-ability|p1a: Bimeon|Chilling Neigh|boost\n|-boost|p1a: Bimeon|atk|1\n|\n|upkeep\n|\n|t:|1771474236\n|switch|p1b: Bingus|Incineroar, L50, M|76/100\n|switch|p2a: Calyrex|Calyrex-Ice, L50, tera:Grass|95/100 brn\n|-ability|p2a: Calyrex|As One\n|-ability|p2a: Calyrex|Unnerve\n|-ability|p1b: Bingus|Intimidate|boost\n|-unboost|p2a: Calyrex|atk|1\n|-unboost|p2b: Kyogre|atk|1\n|turn|7\n|\n|t:|1771474248\n|-terastallize|p1b: Bingus|Grass\n|move|p1a: Bimeon|Protect|p1a: Bimeon\n|-singleturn|p1a: Bimeon|Protect\n|move|p2b: Kyogre|Origin Pulse|p1a: Bimeon|[spread] p1b\n|-activate|p1a: Bimeon|move: Protect\n|-resisted|p1b: Bingus\n|-damage|p1b: Bingus|49/100\n|move|p1b: Bingus|Knock Off|p2b: Kyogre\n|-damage|p2b: Kyogre|0 fnt\n|-enditem|p2b: Kyogre|Mystic Water|[from] move: Knock Off|[of] p1b: Bingus\n|faint|p2b: Kyogre\n|move|p2a: Calyrex|Glacial Lance|p1b: Bingus|[spread] p1b\n|-activate|p1a: Bimeon|move: Protect\n|-supereffective|p1b: Bingus\n|-damage|p1b: Bingus|10/100\n|\n|-damage|p2a: Calyrex|89/100 brn|[from] brn\n|upkeep\n|turn|8\n|\n|t:|1771474268\n|move|p1b: Bingus|Parting Shot|p2a: Calyrex\n|-unboost|p2a: Calyrex|atk|1\n|-unboost|p2a: Calyrex|spa|1\n|move|p2a: Calyrex|Glacial Lance|p1b: Bingus|[spread] p1a,p1b\n|-resisted|p1a: Bimeon\n|-supereffective|p1b: Bingus\n|-damage|p1a: Bimeon|55/100\n|-damage|p1b: Bingus|0 fnt\n|faint|p1b: Bingus\n|-ability|p2a: Calyrex|Chilling Neigh|boost\n|-boost|p2a: Calyrex|atk|1\n|move|p1a: Bimeon|Glacial Lance|p2a: Calyrex\n|-supereffective|p2a: Calyrex\n|-damage|p2a: Calyrex|0 fnt\n|faint|p2a: Calyrex\n|\n|win|Cheasleywithaw\n|raw|Cheasleywithaw's rating: 1473 &rarr; <strong>1495</strong><br />(+22 for winning)\n|raw|kojimuranishi's rating: 1503 &rarr; <strong>1481</strong><br />(-22 for losing)\n|l|\u2606kojimuranishi\n|player|p2|\n|l|\u2606Cheasleywithaw\n|player|p1|\n","uploadtime":1771474510,"views":28,"formatid":"gen9vgc2026regi","rating":1481,"private":0,"password":null}