{"id":"gen9vgc2026regi-2576800209","format":"[Gen 9] VGC 2026 Reg I","players":["KantineVGC","Sheevp"],"log":"|j|\u2606KantineVGC\n|j|\u2606Sheevp\n|t:|1775506722\n|gametype|doubles\n|player|p1|KantineVGC|roughneck-gen4|1421\n|player|p2|Sheevp|2|1503\n|gen|9\n|tier|[Gen 9] VGC 2026 Reg I\n|rated|\n|rule|Species Clause: Limit one of each Pok\u00e9mon\n|rule|Item Clause: Limit 1 of each item\n|clearpoke\n|poke|p1|Miraidon, L50|\n|poke|p1|Zamazenta-*, L50|\n|poke|p1|Chien-Pao, L50|\n|poke|p1|Whimsicott, L50, F|\n|poke|p1|Incineroar, L50, F|\n|poke|p1|Farigiraf, L50, F|\n|poke|p2|Koraidon, L50|\n|poke|p2|Calyrex-Ice, L50|\n|poke|p2|Iron Treads, L50|\n|poke|p2|Volcarona, L50, F|\n|poke|p2|Brute Bonnet, L50|\n|poke|p2|Regieleki, L50|\n|teampreview|4\n|\n|t:|1775506746\n|teamsize|p1|4\n|teamsize|p2|4\n|start\n|switch|p1a: Whimsicott|Whimsicott, L50, F|100/100\n|switch|p1b: Miraidon|Miraidon, L50|100/100\n|switch|p2a: Calyrex|Calyrex-Ice, L50|100/100\n|switch|p2b: Iron Treads|Iron Treads, L50|100/100\n|-ability|p2a: Calyrex|As One\n|-ability|p2a: Calyrex|Unnerve\n|-fieldstart|move: Electric Terrain|[from] ability: Hadron Engine|[of] p1b: Miraidon\n|-activate|p2b: Iron Treads|ability: Quark Drive\n|-start|p2b: Iron Treads|quarkdrivespe\n|turn|1\n|\n|t:|1775506773\n|-terastallize|p1b: Miraidon|Electric\n|move|p1a: Whimsicott|Tickle|p2b: Iron Treads\n|-unboost|p2b: Iron Treads|atk|1\n|-unboost|p2b: Iron Treads|def|1\n|move|p2b: Iron Treads|High Horsepower|p1b: Miraidon\n|-supereffective|p1b: Miraidon\n|-damage|p1b: Miraidon|15/100\n|-damage|p2b: Iron Treads|91/100|[from] item: Life Orb\n|move|p1b: Miraidon|Electro Drift|p2a: Calyrex\n|-damage|p2a: Calyrex|4/100\n|-damage|p1b: Miraidon|5/100|[from] item: Life Orb\n|move|p2a: Calyrex|Trick Room|p2a: Calyrex\n|-fieldstart|move: Trick Room|[of] p2a: Calyrex\n|\n|-heal|p2a: Calyrex|10/100|[from] item: Leftovers\n|upkeep\n|turn|2\n|\n|t:|1775506792\n|switch|p2a: Volcarona|Volcarona, L50, F|100/100\n|switch|p1a: Zamazenta|Zamazenta-Crowned, L50|100/100\n|-ability|p1a: Zamazenta|Dauntless Shield|boost\n|-boost|p1a: Zamazenta|def|1\n|move|p1b: Miraidon|Protect|p1b: Miraidon\n|-singleturn|p1b: Miraidon|Protect\n|move|p2b: Iron Treads|Steel Roller|p1a: Zamazenta\n|-resisted|p1a: Zamazenta\n|-damage|p1a: Zamazenta|92/100\n|-fieldend|move: Electric Terrain\n|-end|p2b: Iron Treads|Quark Drive\n|-damage|p2b: Iron Treads|81/100|[from] item: Life Orb\n|\n|upkeep\n|turn|3\n|\n|t:|1775506806\n|switch|p1b: Whimsicott|Whimsicott, L50, F|100/100\n|move|p1a: Zamazenta|Protect|p1a: Zamazenta\n|-singleturn|p1a: Zamazenta|Protect\n|move|p2a: Volcarona|Flamethrower|p1a: Zamazenta\n|-activate|p1a: Zamazenta|move: Protect\n|move|p2b: Iron Treads|High Horsepower|p1b: Whimsicott\n|-resisted|p1b: Whimsicott\n|-damage|p1b: Whimsicott|77/100\n|-damage|p2b: Iron Treads|71/100|[from] item: Life Orb\n|\n|upkeep\n|turn|4\n|\n|t:|1775506813\n|move|p1b: Whimsicott|Encore|p2a: Volcarona\n|-start|p2a: Volcarona|Encore\n|move|p2a: Volcarona|Flamethrower|p1a: Zamazenta\n|-supereffective|p1a: Zamazenta\n|-damage|p1a: Zamazenta|35/100\n|move|p1a: Zamazenta|Body Press|p2b: Iron Treads\n|-supereffective|p2b: Iron Treads\n|-damage|p2b: Iron Treads|0 fnt\n|faint|p2b: Iron Treads\n|-end|p2b: Iron Treads|Quark Drive|[silent]\n|\n|upkeep\n|\n|t:|1775506822\n|switch|p2b: Calyrex|Calyrex-Ice, L50|10/100\n|-ability|p2b: Calyrex|As One\n|-ability|p2b: Calyrex|Unnerve\n|turn|5\n|\n|t:|1775506837\n|move|p1a: Zamazenta|Protect|p1a: Zamazenta\n|-singleturn|p1a: Zamazenta|Protect\n|move|p1b: Whimsicott|Tickle|p2b: Calyrex\n|-unboost|p2b: Calyrex|atk|1\n|-unboost|p2b: Calyrex|def|1\n|move|p2b: Calyrex|Leech Seed|p1a: Zamazenta\n|-activate|p1a: Zamazenta|move: Protect\n|move|p2a: Volcarona|Flamethrower|p1b: Whimsicott\n|-supereffective|p1b: Whimsicott\n|-damage|p1b: Whimsicott|0 fnt\n|faint|p1b: Whimsicott\n|\n|-heal|p2b: Calyrex|15/100|[from] item: Leftovers\n|-fieldend|move: Trick Room\n|upkeep\n|\n|t:|1775506847\n|switch|p1b: Miraidon|Miraidon, L50, tera:Electric|5/100\n|-fieldstart|move: Electric Terrain|[from] ability: Hadron Engine|[of] p1b: Miraidon\n|turn|6\n|\n|t:|1775506858\n|move|p1b: Miraidon|Electro Drift|p2a: Volcarona\n|-damage|p2a: Volcarona|0 fnt\n|-status|p1b: Miraidon|brn|[from] ability: Flame Body|[of] p2a: Volcarona\n|faint|p2a: Volcarona\n|-damage|p1b: Miraidon|0 fnt|[from] item: Life Orb\n|faint|p1b: Miraidon\n|move|p1a: Zamazenta|Body Press|p2b: Calyrex\n|-damage|p2b: Calyrex|0 fnt\n|faint|p2b: Calyrex\n|\n|upkeep\n|\n|t:|1775506866\n|switch|p1b: Chien-Pao|Chien-Pao, L50|100/100\n|switch|p2b: Koraidon|Koraidon, L50|100/100\n|-ability|p1b: Chien-Pao|Sword of Ruin\n|-weather|SunnyDay|[from] ability: Orichalcum Pulse|[of] p2b: Koraidon\n|-activate|p2b: Koraidon|Orichalcum Pulse|[source]\n|turn|7\n|\n|t:|1775506878\n|-terastallize|p2b: Koraidon|Fire\n|move|p1a: Zamazenta|Protect|p1a: Zamazenta\n|-singleturn|p1a: Zamazenta|Protect\n|move|p1b: Chien-Pao|Ruination|p2b: Koraidon\n|-damage|p2b: Koraidon|51/100\n|move|p2b: Koraidon|Flame Charge|p1a: Zamazenta\n|-activate|p1a: Zamazenta|move: Protect\n|\n|-weather|SunnyDay|[upkeep]\n|upkeep\n|turn|8\n|\n|t:|1775506888\n|move|p1b: Chien-Pao|Sucker Punch|p2b: Koraidon\n|-damage|p2b: Koraidon|13/100\n|move|p2b: Koraidon|Flame Charge|p1a: Zamazenta\n|-supereffective|p1a: Zamazenta\n|-damage|p1a: Zamazenta|0 fnt\n|-boost|p2b: Koraidon|spe|1\n|faint|p1a: Zamazenta\n|\n|-weather|SunnyDay|[upkeep]\n|upkeep\n|turn|9\n|\n|t:|1775506894\n|move|p2b: Koraidon|Protect|p2b: Koraidon\n|-singleturn|p2b: Koraidon|Protect\n|move|p1b: Chien-Pao|Sucker Punch||[still]\n|-fail|p1b: Chien-Pao\n|\n|-weather|SunnyDay|[upkeep]\n|upkeep\n|turn|10\n|\n|t:|1775506898\n|move|p2b: Koraidon|Protect||[still]\n|-fail|p2b: Koraidon\n|move|p1b: Chien-Pao|Sucker Punch||[still]\n|-fail|p1b: Chien-Pao\n|\n|-weather|SunnyDay|[upkeep]\n|-fieldend|move: Electric Terrain\n|upkeep\n|turn|11\n|\n|t:|1775506902\n|move|p2b: Koraidon|Protect|p2b: Koraidon\n|-singleturn|p2b: Koraidon|Protect\n|move|p1b: Chien-Pao|Icicle Crash|p2b: Koraidon\n|-activate|p2b: Koraidon|move: Protect\n|\n|-weather|none\n|upkeep\n|turn|12\n|\n|t:|1775506908\n|move|p2b: Koraidon|Protect||[still]\n|-fail|p2b: Koraidon\n|move|p1b: Chien-Pao|Sucker Punch||[still]\n|-fail|p1b: Chien-Pao\n|\n|upkeep\n|turn|13\n|\n|t:|1775506914\n|move|p1b: Chien-Pao|Protect|p1b: Chien-Pao\n|-singleturn|p1b: Chien-Pao|Protect\n|move|p2b: Koraidon|Low Kick|p1b: Chien-Pao\n|-activate|p1b: Chien-Pao|move: Protect\n|\n|upkeep\n|turn|14\n|\n|t:|1775506919\n|move|p2b: Koraidon|Protect|p2b: Koraidon\n|-singleturn|p2b: Koraidon|Protect\n|move|p1b: Chien-Pao|Icicle Crash|p2b: Koraidon\n|-activate|p2b: Koraidon|move: Protect\n|\n|upkeep\n|turn|15\n|\n|t:|1775506925\n|move|p2b: Koraidon|Protect||[still]\n|-fail|p2b: Koraidon\n|move|p1b: Chien-Pao|Icicle Crash|p2b: Koraidon\n|-resisted|p2b: Koraidon\n|-damage|p2b: Koraidon|0 fnt\n|faint|p2b: Koraidon\n|\n|win|KantineVGC\n|raw|KantineVGC's rating: 1421 &rarr; <strong>1446</strong><br />(+25 for winning)\n|raw|Sheevp's rating: 1503 &rarr; <strong>1478</strong><br />(-25 for losing)\n|l|\u2606Sheevp\n|player|p2|\n|l|\u2606KantineVGC\n|player|p1|\n","uploadtime":1775507132,"views":7,"formatid":"gen9vgc2026regi","rating":1446,"private":0,"password":null}