{"id":"gen9vgc2026regi-2570032386","format":"[Gen 9] VGC 2026 Reg I","players":["suc vat vk","Highkage2"],"log":"|j|\u2606suc vat vk\n|j|\u203dHighkage2\n|t:|1774759155\n|gametype|doubles\n|player|p1|suc vat vk|kimonogirl|1525\n|player|p2|Highkage2|doubleteam|1557\n|gen|9\n|tier|[Gen 9] VGC 2026 Reg I\n|rated|\n|rule|Species Clause: Limit one of each Pok\u00e9mon\n|rule|Item Clause: Limit 1 of each item\n|clearpoke\n|poke|p1|Kyogre, L50|\n|poke|p1|Iron Jugulis, L50|\n|poke|p1|Amoonguss, L50, F|\n|poke|p1|Calyrex-Ice, L50|\n|poke|p1|Indeedee-F, L50, F|\n|poke|p1|Urshifu-*, L50, M|\n|poke|p2|Incineroar, L50, F|\n|poke|p2|Calyrex-Ice, L50|\n|poke|p2|Miraidon, L50|\n|poke|p2|Iron Treads, L50|\n|poke|p2|Volcarona, L50, F|\n|poke|p2|Farigiraf, L50, F|\n|teampreview|4\n|inactive|Battle timer is ON: inactive players will automatically lose when time's up. (requested by Highkage2)\n|\n|t:|1774759173\n|teamsize|p1|4\n|teamsize|p2|4\n|start\n|switch|p1a: Indeedee|Indeedee-F, L50, F|100/100\n|switch|p1b: Calyrex|Calyrex-Ice, L50|100/100\n|switch|p2a: Volcarona|Volcarona, L50, F|100/100\n|switch|p2b: Calyrex|Calyrex-Ice, L50|100/100\n|-ability|p2b: Calyrex|As One\n|-ability|p2b: Calyrex|Unnerve\n|-ability|p1b: Calyrex|As One\n|-ability|p1b: Calyrex|Unnerve\n|-fieldstart|move: Psychic Terrain|[from] ability: Psychic Surge|[of] p1a: Indeedee\n|turn|1\n|\n|t:|1774759190\n|switch|p2a: Miraidon|Miraidon, L50|100/100\n|-fieldstart|move: Electric Terrain|[from] ability: Hadron Engine|[of] p2a: Miraidon\n|switch|p2b: Incineroar|Incineroar, L50, F|100/100\n|-ability|p2b: Incineroar|Intimidate|boost\n|-unboost|p1a: Indeedee|atk|1\n|-unboost|p1b: Calyrex|atk|1\n|move|p1a: Indeedee|Follow Me|p1a: Indeedee\n|-singleturn|p1a: Indeedee|move: Follow Me\n|move|p1b: Calyrex|Swords Dance|p1b: Calyrex\n|-boost|p1b: Calyrex|atk|2\n|\n|upkeep\n|turn|2\n|inactive|Highkage2 has 30 seconds left.\n|inactive|Highkage2 has 20 seconds left.\n|\n|t:|1774759225\n|-terastallize|p1b: Calyrex|Grass\n|move|p2b: Incineroar|Fake Out|p1b: Calyrex\n|-damage|p1b: Calyrex|94/100\n|move|p2a: Miraidon|Volt Switch|p1a: Indeedee\n|-damage|p1a: Indeedee|23/100\n|-enditem|p1a: Indeedee|Eject Button\n|\n|t:|1774759234\n|switch|p1a: Amoonguss|Amoonguss, L50, F, shiny|100/100\n|cant|p1b: Calyrex|flinch\n|\n|upkeep\n|turn|3\n|\n|t:|1774759255\n|move|p1a: Amoonguss|Rage Powder|p1a: Amoonguss\n|-singleturn|p1a: Amoonguss|move: Rage Powder\n|move|p2a: Miraidon|Volt Switch|p1a: Amoonguss\n|-resisted|p1a: Amoonguss\n|-damage|p1a: Amoonguss|58/100\n|\n|t:|1774759262\n|switch|p2a: Calyrex|Calyrex-Ice, L50|100/100|[from] Volt Switch\n|-ability|p2a: Calyrex|As One\n|-ability|p2a: Calyrex|Unnerve\n|move|p2b: Incineroar|U-turn|p1a: Amoonguss\n|-damage|p1a: Amoonguss|43/100\n|-damage|p2b: Incineroar|84/100|[from] item: Rocky Helmet|[of] p1a: Amoonguss\n|\n|t:|1774759272\n|switch|p2b: Volcarona|Volcarona, L50, F|100/100|[from] U-turn\n|move|p1b: Calyrex|Trick Room|p1b: Calyrex\n|-fieldstart|move: Trick Room|[of] p1b: Calyrex\n|\n|upkeep\n|turn|4\n|\n|t:|1774759283\n|switch|p1b: Indeedee|Indeedee-F, L50, F|23/100\n|-fieldstart|move: Psychic Terrain|[from] ability: Psychic Surge|[of] p1b: Indeedee\n|move|p1a: Amoonguss|Spore|p2a: Calyrex\n|-status|p2a: Calyrex|slp|[from] move: Spore\n|cant|p2a: Calyrex|slp\n|move|p2b: Volcarona|Will-O-Wisp|p1b: Indeedee\n|-status|p1b: Indeedee|brn\n|\n|-damage|p1b: Indeedee|16/100 brn|[from] brn\n|upkeep\n|turn|5\n|inactive|Highkage2 has 30 seconds left.\n|\n|t:|1774759308\n|switch|p1b: Kyogre|Kyogre, L50, shiny|100/100\n|-weather|RainDance|[from] ability: Drizzle|[of] p1b: Kyogre\n|switch|p2b: Incineroar|Incineroar, L50, F|84/100\n|-ability|p2b: Incineroar|Intimidate|boost\n|-unboost|p1a: Amoonguss|atk|1\n|-unboost|p1b: Kyogre|atk|1\n|move|p1a: Amoonguss|Spore|p2b: Incineroar\n|-status|p2b: Incineroar|slp|[from] move: Spore\n|cant|p2a: Calyrex|slp\n|\n|-weather|RainDance|[upkeep]\n|upkeep\n|turn|6\n|inactive|suc vat vk has 30 seconds left.\n|\n|t:|1774759334\n|switch|p1a: Indeedee|Indeedee-F, L50, F|16/100 brn\n|-curestatus|p2a: Calyrex|slp|[msg]\n|move|p2a: Calyrex|Glacial Lance|p1a: Indeedee|[spread] p1a,p1b\n|-resisted|p1b: Kyogre\n|-damage|p1a: Indeedee|0 fnt\n|-damage|p1b: Kyogre|68/100\n|faint|p1a: Indeedee\n|-ability|p2a: Calyrex|Chilling Neigh|boost\n|-boost|p2a: Calyrex|atk|1\n|cant|p2b: Incineroar|slp\n|move|p1b: Kyogre|Water Spout|p2a: Calyrex|[spread] p2a,p2b\n|-supereffective|p2b: Incineroar\n|-damage|p2a: Calyrex|34/100\n|-damage|p2b: Incineroar|0 fnt\n|faint|p2b: Incineroar\n|\n|-weather|RainDance|[upkeep]\n|-heal|p2a: Calyrex|40/100|[from] item: Leftovers\n|upkeep\n|\n|t:|1774759353\n|switch|p2b: Volcarona|Volcarona, L50, F|100/100\n|switch|p1a: Calyrex|Calyrex-Ice, L50, tera:Grass|94/100\n|-ability|p1a: Calyrex|As One\n|-ability|p1a: Calyrex|Unnerve\n|turn|7\n|inactive|Highkage2 has 30 seconds left.\n|\n|t:|1774759381\n|switch|p1a: Amoonguss|Amoonguss, L50, F, shiny|76/100\n|-terastallize|p2b: Volcarona|Water\n|move|p2a: Calyrex|Glacial Lance|p1b: Kyogre|[spread] p1a,p1b\n|-supereffective|p1a: Amoonguss\n|-resisted|p1b: Kyogre\n|-damage|p1a: Amoonguss|0 fnt\n|-damage|p1b: Kyogre|23/100\n|faint|p1a: Amoonguss\n|-ability|p2a: Calyrex|Chilling Neigh|boost\n|-boost|p2a: Calyrex|atk|1\n|move|p2b: Volcarona|Will-O-Wisp|p1b: Kyogre\n|-status|p1b: Kyogre|brn\n|move|p1b: Kyogre|Water Spout|p2a: Calyrex|[spread] p2a,p2b\n|-resisted|p2b: Volcarona\n|-damage|p2a: Calyrex|17/100\n|-damage|p2b: Volcarona|88/100\n|\n|-weather|RainDance|[upkeep]\n|-heal|p2a: Calyrex|23/100|[from] item: Leftovers\n|-damage|p1b: Kyogre|18/100 brn|[from] brn\n|-fieldend|move: Trick Room\n|upkeep\n|\n|t:|1774759398\n|switch|p1a: Calyrex|Calyrex-Ice, L50, tera:Grass|94/100\n|-ability|p1a: Calyrex|As One\n|-ability|p1a: Calyrex|Unnerve\n|turn|8\n|\n|t:|1774759413\n|move|p2a: Calyrex|Protect|p2a: Calyrex\n|-singleturn|p2a: Calyrex|Protect\n|move|p1b: Kyogre|Water Spout|p2a: Calyrex|[spread] p2b\n|-activate|p2a: Calyrex|move: Protect\n|-resisted|p2b: Volcarona\n|-damage|p2b: Volcarona|78/100\n|move|p2b: Volcarona|Will-O-Wisp|p1a: Calyrex\n|-status|p1a: Calyrex|brn\n|move|p1a: Calyrex|Glacial Lance|p2a: Calyrex|[spread] p2b\n|-activate|p2a: Calyrex|move: Protect\n|-resisted|p2b: Volcarona\n|-damage|p2b: Volcarona|61/100\n|\n|-weather|RainDance|[upkeep]\n|-heal|p2a: Calyrex|29/100|[from] item: Leftovers\n|-damage|p1b: Kyogre|12/100 brn|[from] brn\n|-damage|p1a: Calyrex|88/100 brn|[from] brn\n|-fieldend|move: Psychic Terrain\n|upkeep\n|turn|9\n|inactive|suc vat vk has 30 seconds left.\n|inactive|Highkage2 has 30 seconds left.\n|inactive|suc vat vk has 20 seconds left.\n|-message|suc vat vk forfeited.\n|\n|win|Highkage2\n|raw|suc vat vk's rating: 1525 &rarr; <strong>1507</strong><br />(-18 for losing)\n|raw|Highkage2's rating: 1557 &rarr; <strong>1575</strong><br />(+18 for winning)\n|l|\u2606suc vat vk\n|player|p1|\n","uploadtime":1774759704,"views":15,"formatid":"gen9vgc2026regi","rating":1507,"private":0,"password":null}