{"id":"gen9vgc2026regi-2561773179","format":"[Gen 9] VGC 2026 Reg I","players":["pzyxhic","KidOldmega"],"log":"|j|\u2606pzyxhic\n|j|\u2606KidOldmega\n|t:|1773842290\n|gametype|doubles\n|player|p1|pzyxhic|101|1340\n|player|p2|KidOldmega|red|1332\n|gen|9\n|tier|[Gen 9] VGC 2026 Reg I\n|rated|\n|rule|Species Clause: Limit one of each Pok\u00e9mon\n|rule|Item Clause: Limit 1 of each item\n|clearpoke\n|poke|p1|Giratina-Origin, L50|\n|poke|p1|Zamazenta-*, L50|\n|poke|p1|Incineroar, L50, F|\n|poke|p1|Amoonguss, L50, F|\n|poke|p1|Urshifu-*, L50, F|\n|poke|p1|Grimmsnarl, L50, M|\n|poke|p2|Koraidon, L50|\n|poke|p2|Lunala, L50|\n|poke|p2|Chi-Yu, L50|\n|poke|p2|Flutter Mane, L50|\n|poke|p2|Raging Bolt, L50|\n|poke|p2|Great Tusk, L50|\n|teampreview|4\n|inactive|Battle timer is ON: inactive players will automatically lose when time's up. (requested by KidOldmega)\n|inactive|pzyxhic has 60 seconds left.\n|inactive|KidOldmega has 60 seconds left.\n|j| MakZ7X\n|\n|t:|1773842341\n|teamsize|p1|4\n|teamsize|p2|4\n|start\n|switch|p1a: Giratina|Giratina-Origin, L50|100/100\n|switch|p1b: Urshifu|Urshifu-Rapid-Strike, L50, F|100/100\n|switch|p2a: Lunala|Lunala, L50|100/100\n|switch|p2b: Flutter Mane|Flutter Mane, L50|100/100\n|turn|1\n|inactive|pzyxhic has 30 seconds left.\n|inactive|KidOldmega has 30 seconds left.\n|inactive|KidOldmega has 20 seconds left.\n|inactive|pzyxhic has 20 seconds left.\n|inactive|KidOldmega has 15 seconds left.\n|\n|t:|1773842385\n|switch|p1a: Incineroar|Incineroar, L50, F|100/100\n|-ability|p1a: Incineroar|Intimidate|boost\n|-unboost|p2a: Lunala|atk|1\n|-unboost|p2b: Flutter Mane|atk|1\n|switch|p2a: Koraidon|Koraidon, L50|100/100\n|-weather|SunnyDay|[from] ability: Orichalcum Pulse|[of] p2a: Koraidon\n|-activate|p2b: Flutter Mane|ability: Protosynthesis\n|-start|p2b: Flutter Mane|protosynthesisspa\n|-activate|p2a: Koraidon|Orichalcum Pulse|[source]\n|move|p1b: Urshifu|Surging Strikes|p2b: Flutter Mane\n|-crit|p2b: Flutter Mane\n|-damage|p2b: Flutter Mane|79/100\n|-crit|p2b: Flutter Mane\n|-damage|p2b: Flutter Mane|60/100\n|-crit|p2b: Flutter Mane\n|-damage|p2b: Flutter Mane|38/100\n|-hitcount|p2b: Flutter Mane|3\n|move|p2b: Flutter Mane|Moonblast|p1a: Incineroar\n|-damage|p1a: Incineroar|63/100\n|\n|-weather|SunnyDay|[upkeep]\n|upkeep\n|turn|2\n|\n|t:|1773842409\n|-end|p2b: Flutter Mane|Protosynthesis|[silent]\n|switch|p2b: Lunala|Lunala, L50|100/100\n|move|p2a: Koraidon|Protect|p2a: Koraidon\n|-singleturn|p2a: Koraidon|Protect\n|move|p1a: Incineroar|Fake Out|p2a: Koraidon\n|-activate|p2a: Koraidon|move: Protect\n|move|p1b: Urshifu|Surging Strikes|p2b: Lunala\n|-crit|p2b: Lunala\n|-damage|p2b: Lunala|97/100\n|-crit|p2b: Lunala\n|-damage|p2b: Lunala|89/100\n|-crit|p2b: Lunala\n|-damage|p2b: Lunala|82/100\n|-hitcount|p2b: Lunala|3\n|\n|-weather|SunnyDay|[upkeep]\n|upkeep\n|turn|3\n|l| MakZ7X\n|inactive|pzyxhic has 30 seconds left.\n|inactive|pzyxhic has 20 seconds left.\n|\n|t:|1773842445\n|switch|p1a: Giratina|Giratina-Origin, L50|100/100\n|move|p1b: Urshifu|Surging Strikes|p2b: Lunala\n|-crit|p2b: Lunala\n|-damage|p2b: Lunala|75/100\n|-crit|p2b: Lunala\n|-damage|p2b: Lunala|67/100\n|-crit|p2b: Lunala\n|-damage|p2b: Lunala|60/100\n|-hitcount|p2b: Lunala|3\n|move|p2a: Koraidon|Collision Course|p1b: Urshifu\n|-damage|p1b: Urshifu|0 fnt\n|faint|p1b: Urshifu\n|-damage|p2a: Koraidon|91/100|[from] item: Life Orb\n|move|p2b: Lunala|Meteor Beam||[still]\n|-prepare|p2b: Lunala|Meteor Beam\n|-boost|p2b: Lunala|spa|1\n|-enditem|p2b: Lunala|Power Herb\n|-anim|p2b: Lunala|Meteor Beam|p1a: Giratina\n|-damage|p1a: Giratina|55/100\n|\n|-weather|SunnyDay|[upkeep]\n|upkeep\n|\n|t:|1773842467\n|switch|p1b: Incineroar|Incineroar, L50, F|63/100\n|-ability|p1b: Incineroar|Intimidate|boost\n|-unboost|p2a: Koraidon|atk|1\n|-unboost|p2b: Lunala|atk|1\n|turn|4\n|\n|t:|1773842490\n|switch|p1b: Zamazenta|Zamazenta-Crowned, L50|100/100\n|-ability|p1b: Zamazenta|Dauntless Shield|boost\n|-boost|p1b: Zamazenta|def|1\n|move|p2a: Koraidon|Protect|p2a: Koraidon\n|-singleturn|p2a: Koraidon|Protect\n|move|p1a: Giratina|Shadow Sneak|p2b: Lunala\n|-supereffective|p2b: Lunala\n|-damage|p2b: Lunala|0 fnt\n|faint|p2b: Lunala\n|\n|-weather|SunnyDay|[upkeep]\n|upkeep\n|j| Winieska Rambulera\n|inactive|KidOldmega has 30 seconds left.\n|\n|t:|1773842518\n|switch|p2b: Flutter Mane|Flutter Mane, L50|38/100\n|-activate|p2b: Flutter Mane|ability: Protosynthesis\n|-start|p2b: Flutter Mane|protosynthesisspa\n|turn|5\n|\n|t:|1773842538\n|-terastallize|p2a: Koraidon|Fire\n|move|p1a: Giratina|Protect|p1a: Giratina\n|-singleturn|p1a: Giratina|Protect\n|move|p2b: Flutter Mane|Moonblast|p1a: Giratina\n|-activate|p1a: Giratina|move: Protect\n|move|p2a: Koraidon|Flame Charge|p1b: Zamazenta\n|-supereffective|p1b: Zamazenta\n|-damage|p1b: Zamazenta|56/100\n|-boost|p2a: Koraidon|spe|1\n|-damage|p2a: Koraidon|81/100|[from] item: Life Orb\n|move|p1b: Zamazenta|Heavy Slam|p2b: Flutter Mane\n|-supereffective|p2b: Flutter Mane\n|-damage|p2b: Flutter Mane|0 fnt\n|faint|p2b: Flutter Mane\n|-end|p2b: Flutter Mane|Protosynthesis|[silent]\n|\n|-weather|none\n|upkeep\n|\n|t:|1773842557\n|switch|p2b: Chi-Yu|Chi-Yu, L50|100/100\n|-ability|p2b: Chi-Yu|Beads of Ruin\n|turn|6\n|\n|t:|1773842574\n|switch|p1a: Incineroar|Incineroar, L50, F|63/100\n|-ability|p1a: Incineroar|Intimidate|boost\n|-unboost|p2a: Koraidon|atk|1\n|-unboost|p2b: Chi-Yu|atk|1\n|-terastallize|p1b: Zamazenta|Dragon\n|move|p2a: Koraidon|Collision Course|p1b: Zamazenta\n|-damage|p1b: Zamazenta|42/100\n|-damage|p2a: Koraidon|71/100|[from] item: Life Orb\n|move|p2b: Chi-Yu|Dark Pulse|p1a: Incineroar\n|-resisted|p1a: Incineroar\n|-damage|p1a: Incineroar|48/100\n|move|p1b: Zamazenta|Body Press|p2b: Chi-Yu\n|-supereffective|p2b: Chi-Yu\n|-damage|p2b: Chi-Yu|0 fnt\n|faint|p2b: Chi-Yu\n|\n|upkeep\n|turn|7\n|-message|KidOldmega forfeited.\n|\n|win|pzyxhic\n|raw|pzyxhic's rating: 1340 &rarr; <strong>1360</strong><br />(+20 for winning)\n|raw|KidOldmega's rating: 1332 &rarr; <strong>1312</strong><br />(-20 for losing)\n|l|\u2606KidOldmega\n|player|p2|\n|l|\u2606pzyxhic\n|player|p1|\n","uploadtime":1773842807,"views":11,"formatid":"gen9vgc2026regi","rating":1312,"private":0,"password":null}