{"id":"gen9vgc2026regi-2562649614","format":"[Gen 9] VGC 2026 Reg I","players":["EllenJoe2026","farigirafarmortail"],"log":"|j|\u203dEllenJoe2026\n|j|\u2606farigirafarmortail\n|t:|1773938008\n|gametype|doubles\n|player|p1|EllenJoe2026|170|1593\n|player|p2|farigirafarmortail|2|1535\n|gen|9\n|tier|[Gen 9] VGC 2026 Reg I\n|rated|\n|rule|Species Clause: Limit one of each Pok\u00e9mon\n|rule|Item Clause: Limit 1 of each item\n|clearpoke\n|poke|p1|Calyrex-Shadow, L50|\n|poke|p1|Zamazenta-*, L50|\n|poke|p1|Incineroar, L50, F|\n|poke|p1|Rillaboom, L50, F|\n|poke|p1|Smeargle, L50, F|\n|poke|p1|Tornadus, L50, M|\n|poke|p2|Koraidon, L50|\n|poke|p2|Flutter Mane, L50|\n|poke|p2|Incineroar, L50, F|\n|poke|p2|Amoonguss, L50, M|\n|poke|p2|Lunala, L50|\n|poke|p2|Ursaluna, L50, M|\n|teampreview|4\n|inactive|Battle timer is ON: inactive players will automatically lose when time's up. (requested by EllenJoe2026)\n|\n|t:|1773938038\n|teamsize|p1|4\n|teamsize|p2|4\n|start\n|switch|p1a: Rillaboom|Rillaboom, L50, F, shiny|100/100\n|switch|p1b: Tornadus|Tornadus, L50, M, shiny|100/100\n|switch|p2a: Olive|Flutter Mane, L50, shiny|100/100\n|switch|p2b: The Chomperr|Koraidon, L50|100/100\n|-weather|SunnyDay|[from] ability: Orichalcum Pulse|[of] p2b: The Chomperr\n|-activate|p2a: Olive|ability: Protosynthesis\n|-start|p2a: Olive|protosynthesisspe\n|-activate|p2b: The Chomperr|Orichalcum Pulse|[source]\n|-fieldstart|move: Grassy Terrain|[from] ability: Grassy Surge|[of] p1a: Rillaboom\n|turn|1\n|inactive|farigirafarmortail has 30 seconds left.\n|inactive|farigirafarmortail has 20 seconds left.\n|inactive|farigirafarmortail has 15 seconds left.\n|\n|t:|1773938082\n|move|p1b: Tornadus|Rain Dance|p1b: Tornadus\n|-weather|RainDance\n|-end|p2a: Olive|Protosynthesis\n|move|p2a: Olive|Icy Wind|p1b: Tornadus|[spread] p1a,p1b\n|-supereffective|p1a: Rillaboom\n|-supereffective|p1b: Tornadus\n|-damage|p1a: Rillaboom|81/100\n|-damage|p1b: Tornadus|67/100\n|-unboost|p1a: Rillaboom|spe|1\n|-unboost|p1b: Tornadus|spe|1\n|move|p2b: The Chomperr|Flare Blitz|p1b: Tornadus\n|-damage|p1b: Tornadus|38/100\n|-damage|p2b: The Chomperr|91/100|[from] Recoil\n|-damage|p2b: The Chomperr|81/100|[from] item: Life Orb\n|move|p1a: Rillaboom|Wood Hammer|p2a: Olive\n|-enditem|p2a: Olive|Focus Sash\n|-damage|p2a: Olive|1/100\n|-damage|p1a: Rillaboom|60/100|[from] Recoil\n|\n|-weather|RainDance|[upkeep]\n|-heal|p2b: The Chomperr|87/100|[from] Grassy Terrain\n|-heal|p2a: Olive|7/100|[from] Grassy Terrain\n|-heal|p1a: Rillaboom|66/100|[from] Grassy Terrain\n|upkeep\n|turn|2\n|\n|t:|1773938098\n|-end|p2a: Olive|Protosynthesis|[silent]\n|switch|p2a: Incineroar|Incineroar, L50, F, shiny|100/100\n|-ability|p2a: Incineroar|Intimidate|boost\n|-unboost|p1a: Rillaboom|atk|1\n|-unboost|p1b: Tornadus|atk|1\n|move|p1b: Tornadus|Tailwind|p1b: Tornadus\n|-sidestart|p1: EllenJoe2026|move: Tailwind\n|move|p2b: The Chomperr|Flare Blitz|p1b: Tornadus\n|-damage|p1b: Tornadus|10/100\n|-damage|p2b: The Chomperr|78/100|[from] Recoil\n|-damage|p2b: The Chomperr|68/100|[from] item: Life Orb\n|move|p1a: Rillaboom|U-turn|p2a: Incineroar\n|-damage|p2a: Incineroar|86/100\n|inactive|EllenJoe2026 has 30 seconds left.\n|\n|t:|1773938125\n|switch|p1a: Zamazenta|Zamazenta-Crowned, L50, shiny|100/100|[from] U-turn\n|-ability|p1a: Zamazenta|Dauntless Shield|boost\n|-boost|p1a: Zamazenta|def|1\n|\n|-weather|RainDance|[upkeep]\n|-heal|p2b: The Chomperr|74/100|[from] Grassy Terrain\n|-heal|p2a: Incineroar|92/100|[from] Grassy Terrain\n|upkeep\n|turn|3\n|\n|t:|1773938132\n|switch|p2b: BIG NEBBY|Lunala, L50|100/100\n|move|p2a: Incineroar|Fake Out|p1b: Tornadus\n|-damage|p1b: Tornadus|0 fnt\n|faint|p1b: Tornadus\n|move|p1a: Zamazenta|Body Press|p2a: Incineroar\n|-supereffective|p2a: Incineroar\n|-damage|p2a: Incineroar|0 fnt\n|faint|p2a: Incineroar\n|\n|-weather|RainDance|[upkeep]\n|upkeep\n|\n|t:|1773938143\n|switch|p1b: Calyrex|Calyrex-Shadow, L50|100/100\n|switch|p2a: The Chomperr|Koraidon, L50|74/100\n|-ability|p1b: Calyrex|As One\n|-ability|p1b: Calyrex|Unnerve\n|-weather|SunnyDay|[from] ability: Orichalcum Pulse|[of] p2a: The Chomperr\n|-activate|p2a: The Chomperr|Orichalcum Pulse|[source]\n|turn|4\n|inactive|farigirafarmortail has 30 seconds left.\n|inactive|farigirafarmortail has 20 seconds left.\n|\n|t:|1773938181\n|-terastallize|p1b: Calyrex|Dark\n|-terastallize|p2a: The Chomperr|Fire\n|move|p2b: BIG NEBBY|Wide Guard|p2b: BIG NEBBY\n|-singleturn|p2b: BIG NEBBY|Wide Guard\n|move|p1b: Calyrex|Psychic|p2a: The Chomperr\n|-damage|p2a: The Chomperr|20/100\n|move|p1a: Zamazenta|Imprison|p1a: Zamazenta\n|-start|p1a: Zamazenta|move: Imprison\n|move|p2a: The Chomperr|Flame Charge|p1b: Calyrex\n|-damage|p1b: Calyrex|14/100\n|-boost|p2a: The Chomperr|spe|1\n|-damage|p2a: The Chomperr|10/100|[from] item: Life Orb\n|\n|-weather|SunnyDay|[upkeep]\n|-heal|p1b: Calyrex|20/100|[from] Grassy Terrain\n|-heal|p2a: The Chomperr|16/100|[from] Grassy Terrain\n|upkeep\n|turn|5\n|\n|t:|1773938205\n|move|p2a: The Chomperr|Protect|p2a: The Chomperr\n|-singleturn|p2a: The Chomperr|Protect\n|move|p1b: Calyrex|Astral Barrage|p2a: The Chomperr|[spread] p2b\n|-activate|p2a: The Chomperr|move: Protect\n|-supereffective|p2b: BIG NEBBY\n|-damage|p2b: BIG NEBBY|15/100\n|move|p1a: Zamazenta|Body Press|p2a: The Chomperr\n|-activate|p2a: The Chomperr|move: Protect\n|move|p2b: BIG NEBBY|Moonblast|p1b: Calyrex\n|-supereffective|p1b: Calyrex\n|-damage|p1b: Calyrex|0 fnt\n|faint|p1b: Calyrex\n|\n|-weather|SunnyDay|[upkeep]\n|-heal|p2a: The Chomperr|23/100|[from] Grassy Terrain\n|-heal|p2b: BIG NEBBY|21/100|[from] Grassy Terrain\n|-sideend|p1: EllenJoe2026|move: Tailwind\n|-fieldend|move: Grassy Terrain\n|upkeep\n|\n|t:|1773938207\n|switch|p1b: Rillaboom|Rillaboom, L50, F, shiny|66/100\n|-fieldstart|move: Grassy Terrain|[from] ability: Grassy Surge|[of] p1b: Rillaboom\n|turn|6\n|\n|t:|1773938230\n|switch|p2a: Olive|Flutter Mane, L50, shiny|7/100\n|-activate|p2a: Olive|ability: Protosynthesis\n|-start|p2a: Olive|protosynthesisspe\n|move|p1b: Rillaboom|Fake Out|p2a: Olive\n|-immune|p2a: Olive\n|move|p1a: Zamazenta|Body Press|p2a: Olive\n|-immune|p2a: Olive\n|move|p2b: BIG NEBBY|Moongeist Beam|p1a: Zamazenta\n|-damage|p1a: Zamazenta|63/100\n|\n|-weather|SunnyDay|[upkeep]\n|-heal|p2a: Olive|14/100|[from] Grassy Terrain\n|-heal|p1a: Zamazenta|70/100|[from] Grassy Terrain\n|-heal|p2b: BIG NEBBY|27/100|[from] Grassy Terrain\n|-heal|p1b: Rillaboom|72/100|[from] Grassy Terrain\n|upkeep\n|turn|7\n|\n|t:|1773938245\n|move|p1b: Rillaboom|Grassy Glide|p2a: Olive\n|-damage|p2a: Olive|0 fnt\n|faint|p2a: Olive\n|-end|p2a: Olive|Protosynthesis|[silent]\n|move|p1a: Zamazenta|Heavy Slam|p2b: BIG NEBBY\n|-damage|p2b: BIG NEBBY|0 fnt\n|faint|p2b: BIG NEBBY\n|\n|-weather|SunnyDay|[upkeep]\n|-heal|p1a: Zamazenta|76/100|[from] Grassy Terrain\n|-heal|p1b: Rillaboom|78/100|[from] Grassy Terrain\n|upkeep\n|\n|t:|1773938248\n|switch|p2a: The Chomperr|Koraidon, L50, tera:Fire|23/100\n|-activate|p2a: The Chomperr|ability: Orichalcum Pulse\n|turn|8\n|\n|t:|1773938255\n|move|p2a: The Chomperr|Close Combat|p1a: Zamazenta\n|-supereffective|p1a: Zamazenta\n|-damage|p1a: Zamazenta|0 fnt\n|-unboost|p2a: The Chomperr|def|1\n|-unboost|p2a: The Chomperr|spd|1\n|faint|p1a: Zamazenta\n|-damage|p2a: The Chomperr|13/100|[from] item: Life Orb\n|move|p1b: Rillaboom|Wood Hammer|p2a: The Chomperr\n|-resisted|p2a: The Chomperr\n|-damage|p2a: The Chomperr|0 fnt\n|faint|p2a: The Chomperr\n|-damage|p1b: Rillaboom|74/100|[from] Recoil\n|\n|win|EllenJoe2026\n|raw|EllenJoe2026's rating: 1593 &rarr; <strong>1610</strong><br />(+17 for winning)\n|raw|farigirafarmortail's rating: 1535 &rarr; <strong>1518</strong><br />(-17 for losing)\n|l|\u2606farigirafarmortail\n|player|p2|\n|l|\u203dEllenJoe2026\n|player|p1|\n","uploadtime":1773938497,"views":12,"formatid":"gen9vgc2026regi","rating":1518,"private":0,"password":null}