{"id":"gen9vgc2026regi-2588861447","format":"[Gen 9] VGC 2026 Reg I","players":["JakeNBake3D","Faux Jacques"],"log":"|j|\u2606JakeNBake3D\n|j|\u2606Faux Jacques\n|t:|1776679696\n|gametype|doubles\n|player|p1|JakeNBake3D|266|1481\n|player|p2|Faux Jacques|266|1553\n|gen|9\n|tier|[Gen 9] VGC 2026 Reg I\n|rated|\n|rule|Species Clause: Limit one of each Pok\u00e9mon\n|rule|Item Clause: Limit 1 of each item\n|clearpoke\n|poke|p1|Miraidon, L50|\n|poke|p1|Lunala, L50|\n|poke|p1|Incineroar, L50, M|\n|poke|p1|Urshifu-*, L50, F|\n|poke|p1|Grimmsnarl, L50, M|\n|poke|p1|Ursaluna, L50, F|\n|poke|p2|Incineroar, L50, F|\n|poke|p2|Calyrex-Ice, L50|\n|poke|p2|Clefairy, L50, M|\n|poke|p2|Smeargle, L50, M|\n|poke|p2|Miraidon, L50|\n|poke|p2|Hitmontop, L50, M|\n|teampreview|4\n|inactive|Battle timer is ON: inactive players will automatically lose when time's up. (requested by JakeNBake3D)\n|\n|t:|1776679718\n|teamsize|p1|4\n|teamsize|p2|4\n|start\n|switch|p1a: Grimmsnarl|Grimmsnarl, L50, M, shiny|100/100\n|switch|p1b: Miraidon|Miraidon, L50|100/100\n|switch|p2a: Smeargle|Smeargle, L50, M|100/100\n|switch|p2b: Calyrex|Calyrex-Ice, L50|100/100\n|-ability|p2b: Calyrex|As One\n|-ability|p2b: Calyrex|Unnerve\n|-fieldstart|move: Electric Terrain|[from] ability: Hadron Engine|[of] p1b: Miraidon\n|turn|1\n|\n|t:|1776679742\n|-terastallize|p2b: Calyrex|Ghost\n|move|p2a: Smeargle|Fake Out|p1b: Miraidon\n|-damage|p1b: Miraidon|96/100\n|move|p1a: Grimmsnarl|Reflect|p1a: Grimmsnarl\n|-sidestart|p1: JakeNBake3D|Reflect\n|cant|p1b: Miraidon|flinch\n|move|p2b: Calyrex|Trick Room|p2b: Calyrex\n|-fieldstart|move: Trick Room|[of] p2b: Calyrex\n|\n|-ability|p2a: Smeargle|Moody|boost\n|-boost|p2a: Smeargle|spa|2\n|-unboost|p2a: Smeargle|def|1\n|upkeep\n|turn|2\n|inactive|JakeNBake3D has 30 seconds left.\n|inactive|JakeNBake3D has 20 seconds left.\n|\n|t:|1776679781\n|switch|p1b: Lunala|Lunala, L50, shiny|100/100\n|-enditem|p1b: Lunala|Electric Seed\n|-boost|p1b: Lunala|def|1|[from] item: Electric Seed\n|move|p2a: Smeargle|Shadow Sneak|p2b: Calyrex\n|-supereffective|p2b: Calyrex\n|-crit|p2b: Calyrex\n|-damage|p2b: Calyrex|95/100\n|-enditem|p2b: Calyrex|Weakness Policy\n|-boost|p2b: Calyrex|atk|2|[from] item: Weakness Policy\n|-boost|p2b: Calyrex|spa|2|[from] item: Weakness Policy\n|move|p2b: Calyrex|Glacial Lance|p1a: Grimmsnarl|[spread] p1a,p1b\n|-damage|p1a: Grimmsnarl|20/100\n|-damage|p1b: Lunala|81/100\n|move|p1a: Grimmsnarl|Spirit Break|p2a: Smeargle\n|-enditem|p2a: Smeargle|Focus Sash\n|-damage|p2a: Smeargle|1/100\n|-unboost|p2a: Smeargle|spa|1\n|\n|-ability|p2a: Smeargle|Moody|boost\n|-boost|p2a: Smeargle|atk|2\n|-unboost|p2a: Smeargle|def|1\n|upkeep\n|turn|3\n|inactive|JakeNBake3D has 30 seconds left.\n|inactive|JakeNBake3D has 20 seconds left.\n|inactive|JakeNBake3D has 15 seconds left.\n|inactive|JakeNBake3D has 10 seconds left.\n|\n|t:|1776679831\n|move|p2b: Calyrex|Protect|p2b: Calyrex\n|-singleturn|p2b: Calyrex|Protect\n|move|p1b: Lunala|Wide Guard|p1b: Lunala\n|-singleturn|p1b: Lunala|Wide Guard\n|move|p1a: Grimmsnarl|Spirit Break|p2a: Smeargle\n|-damage|p2a: Smeargle|0 fnt\n|faint|p2a: Smeargle\n|\n|upkeep\n|\n|t:|1776679844\n|switch|p2a: Incineroar|Incineroar, L50, F|100/100\n|-ability|p2a: Incineroar|Intimidate|boost\n|-unboost|p1a: Grimmsnarl|atk|1\n|-unboost|p1b: Lunala|atk|1\n|turn|4\n|inactive|JakeNBake3D has 30 seconds left.\n|\n|t:|1776679875\n|-terastallize|p1b: Lunala|Fairy\n|move|p1b: Lunala|Wide Guard|p1b: Lunala\n|-singleturn|p1b: Lunala|Wide Guard\n|move|p1a: Grimmsnarl|Thunder Wave|p2b: Calyrex\n|-status|p2b: Calyrex|par\n|move|p2b: Calyrex|High Horsepower|p1b: Lunala\n|-crit|p1b: Lunala\n|-damage|p1b: Lunala|0 fnt\n|faint|p1b: Lunala\n|-ability|p2b: Calyrex|Chilling Neigh|boost\n|-boost|p2b: Calyrex|atk|1\n|move|p2a: Incineroar|Knock Off|p1a: Grimmsnarl\n|-resisted|p1a: Grimmsnarl\n|-damage|p1a: Grimmsnarl|13/100\n|-enditem|p1a: Grimmsnarl|Light Clay|[from] move: Knock Off|[of] p2a: Incineroar\n|\n|upkeep\n|\n|t:|1776679893\n|switch|p1b: Ursaluna|Ursaluna, L50, F, shiny|100/100\n|turn|5\n|inactive|JakeNBake3D has 30 seconds left.\n|\n|t:|1776679918\n|move|p1b: Ursaluna|Protect|p1b: Ursaluna\n|-singleturn|p1b: Ursaluna|Protect\n|cant|p2b: Calyrex|par\n|move|p2a: Incineroar|Flare Blitz|p1a: Grimmsnarl\n|-damage|p1a: Grimmsnarl|0 fnt\n|faint|p1a: Grimmsnarl\n|-damage|p2a: Incineroar|97/100|[from] Recoil\n|\n|-fieldend|move: Trick Room\n|-fieldend|move: Electric Terrain\n|-status|p1b: Ursaluna|brn|[from] item: Flame Orb\n|upkeep\n|\n|t:|1776679931\n|switch|p1a: Miraidon|Miraidon, L50|96/100\n|-fieldstart|move: Electric Terrain|[from] ability: Hadron Engine|[of] p1a: Miraidon\n|turn|6\n|\n|t:|1776679953\n|cant|p2b: Calyrex|par\n|move|p1a: Miraidon|Electro Drift|p2b: Calyrex\n|-damage|p2b: Calyrex|31/100 par\n|move|p2a: Incineroar|Flare Blitz|p1b: Ursaluna\n|-damage|p1b: Ursaluna|76/100 brn\n|-damage|p2a: Incineroar|88/100|[from] Recoil\n|move|p1b: Ursaluna|Facade|p2a: Incineroar\n|-damage|p2a: Incineroar|0 fnt\n|faint|p2a: Incineroar\n|\n|-damage|p1b: Ursaluna|70/100 brn|[from] brn\n|upkeep\n|\n|t:|1776679965\n|switch|p2a: Miraidon|Miraidon, L50|100/100\n|-activate|p2a: Miraidon|ability: Hadron Engine\n|turn|7\n|\n|t:|1776679985\n|move|p1b: Ursaluna|Protect|p1b: Ursaluna\n|-singleturn|p1b: Ursaluna|Protect\n|move|p2a: Miraidon|Draco Meteor|p1a: Miraidon\n|-supereffective|p1a: Miraidon\n|-damage|p1a: Miraidon|0 fnt\n|-unboost|p2a: Miraidon|spa|2\n|faint|p1a: Miraidon\n|-damage|p2a: Miraidon|91/100|[from] item: Life Orb\n|move|p2b: Calyrex|Glacial Lance|p1b: Ursaluna\n|-activate|p1b: Ursaluna|move: Protect\n|\n|-damage|p1b: Ursaluna|65/100 brn|[from] brn\n|upkeep\n|turn|8\n|\n|t:|1776680001\n|move|p2a: Miraidon|Draco Meteor|p1b: Ursaluna|[miss]\n|-miss|p2a: Miraidon|p1b: Ursaluna\n|move|p1b: Ursaluna|Earthquake|p2b: Calyrex|[spread] p2a,p2b\n|-supereffective|p2a: Miraidon\n|-damage|p2a: Miraidon|0 fnt\n|-damage|p2b: Calyrex|0 fnt\n|faint|p2a: Miraidon\n|faint|p2b: Calyrex\n|\n|win|JakeNBake3D\n|raw|JakeNBake3D's rating: 1481 &rarr; <strong>1505</strong><br />(+24 for winning)\n|raw|Faux Jacques's rating: 1553 &rarr; <strong>1529</strong><br />(-24 for losing)\n|l|\u2606Faux Jacques\n|player|p2|\n|l|\u2606JakeNBake3D\n|player|p1|\n","uploadtime":1776680232,"views":7,"formatid":"gen9vgc2026regi","rating":1505,"private":0,"password":null}