{"id":"gen9vgc2026regi-2579621004","format":"[Gen 9] VGC 2026 Reg I","players":["lalo's pollos","ray_game0"],"log":"|j|\u2606lalo's pollos\n|j|\u2606ray_game0\n|t:|1775807021\n|gametype|doubles\n|player|p1|lalo's pollos|1|1281\n|player|p2|ray_game0|hiker-gen4|1205\n|gen|9\n|tier|[Gen 9] VGC 2026 Reg I\n|rated|\n|rule|Species Clause: Limit one of each Pok\u00e9mon\n|rule|Item Clause: Limit 1 of each item\n|clearpoke\n|poke|p1|Zacian-*, L50|\n|poke|p1|Koraidon, L50|\n|poke|p1|Raging Bolt, L50|\n|poke|p1|Tornadus, L50, M|\n|poke|p1|Brute Bonnet, L50|\n|poke|p1|Landorus, L50, M|\n|poke|p2|Indeedee-F, L50, F|\n|poke|p2|Hatterene, L50, F|\n|poke|p2|Calyrex-Ice, L50|\n|poke|p2|Trapinch, L50, M|\n|teampreview|4\n|\n|t:|1775807043\n|teamsize|p1|4\n|teamsize|p2|4\n|start\n|switch|p1a: Zacian|Zacian-Crowned, L50|100/100\n|switch|p1b: Raging Bolt|Raging Bolt, L50|100/100\n|switch|p2a: Indeedee|Indeedee-F, L50, F|100/100\n|switch|p2b: Hatterene|Hatterene, L50, F|100/100\n|-ability|p1a: Zacian|Intrepid Sword|boost\n|-boost|p1a: Zacian|atk|1\n|-fieldstart|move: Psychic Terrain|[from] ability: Psychic Surge|[of] p2a: Indeedee\n|turn|1\n|\n|t:|1775807070\n|move|p2a: Indeedee|Follow Me|p2a: Indeedee\n|-singleturn|p2a: Indeedee|move: Follow Me\n|move|p1a: Zacian|Swords Dance|p1a: Zacian\n|-boost|p1a: Zacian|atk|2\n|move|p1b: Raging Bolt|Snarl|p2a: Indeedee|[spread] p2a,p2b\n|-supereffective|p2a: Indeedee\n|-crit|p2b: Hatterene\n|-damage|p2a: Indeedee|69/100\n|-damage|p2b: Hatterene|72/100\n|-unboost|p2a: Indeedee|spa|1\n|-unboost|p2b: Hatterene|spa|1\n|move|p2b: Hatterene|Trick Room|p2b: Hatterene\n|-fieldstart|move: Trick Room|[of] p2b: Hatterene\n|\n|upkeep\n|turn|2\n|\n|t:|1775807097\n|move|p2a: Indeedee|Helping Hand|p2b: Hatterene\n|-singleturn|p2b: Hatterene|Helping Hand|[of] p2a: Indeedee\n|move|p1a: Zacian|Protect|p1a: Zacian\n|-singleturn|p1a: Zacian|Protect\n|move|p2b: Hatterene|Misty Explosion|p1a: Zacian|[spread] p2a,p1b\n|-activate|p1a: Zacian|move: Protect\n|-crit|p2a: Indeedee\n|-supereffective|p1b: Raging Bolt\n|-damage|p2a: Indeedee|0 fnt\n|-damage|p1b: Raging Bolt|47/100\n|faint|p2b: Hatterene\n|faint|p2a: Indeedee\n|move|p1b: Raging Bolt|Snarl|p2: Indeedee|[notarget]\n|-fail|p1b: Raging Bolt\n|\n|upkeep\n|\n|t:|1775807109\n|switch|p2b: Trapinch|Trapinch, L50, M|100/100\n|switch|p2a: Calyrex|Calyrex-Ice, L50|100/100\n|-ability|p2a: Calyrex|As One\n|-ability|p2a: Calyrex|Unnerve\n|turn|3\n|\n|t:|1775807152\n|-terastallize|p2a: Calyrex|Ice\n|move|p2b: Trapinch|Rock Tomb|p2a: Calyrex\n|-supereffective|p2a: Calyrex\n|-damage|p2a: Calyrex|74/100\n|-unboost|p2a: Calyrex|spe|1\n|-enditem|p2a: Calyrex|Weakness Policy\n|-boost|p2a: Calyrex|atk|2|[from] item: Weakness Policy\n|-boost|p2a: Calyrex|spa|2|[from] item: Weakness Policy\n|move|p2a: Calyrex|High Horsepower|p1a: Zacian\n|-supereffective|p1a: Zacian\n|-damage|p1a: Zacian|0 fnt\n|faint|p1a: Zacian\n|-ability|p2a: Calyrex|Chilling Neigh|boost\n|-boost|p2a: Calyrex|atk|1\n|move|p1b: Raging Bolt|Thunderbolt|p2a: Calyrex\n|-damage|p2a: Calyrex|39/100\n|\n|upkeep\n|\n|t:|1775807175\n|switch|p1a: Landorus|Landorus, L50, M|100/100\n|turn|4\n|\n|t:|1775807192\n|-terastallize|p1a: Landorus|Water\n|move|p2b: Trapinch|Rock Tomb|p1a: Landorus\n|-damage|p1a: Landorus|75/100\n|-unboost|p1a: Landorus|spe|1\n|move|p2a: Calyrex|Glacial Lance|p1b: Raging Bolt|[spread] p1a,p1b\n|-resisted|p1a: Landorus\n|-supereffective|p1b: Raging Bolt\n|-damage|p1a: Landorus|0 fnt\n|-damage|p1b: Raging Bolt|0 fnt\n|faint|p1a: Landorus\n|faint|p1b: Raging Bolt\n|-end|p1b: Raging Bolt|Protosynthesis|[silent]\n|-ability|p2a: Calyrex|Chilling Neigh|boost\n|-boost|p2a: Calyrex|atk|2\n|\n|upkeep\n|\n|t:|1775807199\n|switch|p1b: Koraidon|Koraidon, L50|100/100\n|-weather|SunnyDay|[from] ability: Orichalcum Pulse|[of] p1b: Koraidon\n|-activate|p1b: Koraidon|Orichalcum Pulse|[source]\n|turn|5\n|\n|t:|1775807228\n|move|p1b: Koraidon|Protect|p1b: Koraidon\n|-singleturn|p1b: Koraidon|Protect\n|move|p2b: Trapinch|Rock Tomb|p1b: Koraidon\n|-activate|p1b: Koraidon|move: Protect\n|move|p2a: Calyrex|Glacial Lance|p1b: Koraidon\n|-activate|p1b: Koraidon|move: Protect\n|\n|-weather|SunnyDay|[upkeep]\n|-fieldend|move: Trick Room\n|-fieldend|move: Psychic Terrain\n|upkeep\n|turn|6\n|\n|t:|1775807263\n|move|p2a: Calyrex|Protect|p2a: Calyrex\n|-singleturn|p2a: Calyrex|Protect\n|move|p1b: Koraidon|Collision Course|p2a: Calyrex\n|-activate|p2a: Calyrex|move: Protect\n|move|p2b: Trapinch|Fissure|p1b: Koraidon|[miss]\n|-miss|p2b: Trapinch|p1b: Koraidon\n|\n|-weather|SunnyDay|[upkeep]\n|upkeep\n|turn|7\n|\n|t:|1775807281\n|move|p2a: Calyrex|Protect|p2a: Calyrex\n|-singleturn|p2a: Calyrex|Protect\n|move|p1b: Koraidon|Collision Course|p2a: Calyrex\n|-activate|p2a: Calyrex|move: Protect\n|move|p2b: Trapinch|Fissure|p1b: Koraidon|[miss]\n|-miss|p2b: Trapinch|p1b: Koraidon\n|\n|-weather|SunnyDay|[upkeep]\n|upkeep\n|turn|8\n|\n|t:|1775807294\n|move|p2a: Calyrex|Protect||[still]\n|-fail|p2a: Calyrex\n|move|p1b: Koraidon|Collision Course|p2a: Calyrex\n|-supereffective|p2a: Calyrex\n|-damage|p2a: Calyrex|0 fnt\n|faint|p2a: Calyrex\n|move|p2b: Trapinch|Fissure|p1b: Koraidon\n|-damage|p1b: Koraidon|0 fnt\n|faint|p1b: Koraidon\n|-ohko\n|\n|win|ray_game0\n","uploadtime":1775807023,"views":9,"formatid":"gen9vgc2026regi","rating":null,"private":0,"password":null}