{"id":"gen9vgc2026regi-2528441017","format":"[Gen 9] VGC 2026 Reg I","players":["fs1530","lalo's pollos"],"log":"|j|\u2606fs1530\n|j|\u2606lalo's pollos\n|t:|1769656695\n|gametype|doubles\n|player|p1|fs1530|266|1334\n|player|p2|lalo's pollos|265|1461\n|gen|9\n|tier|[Gen 9] VGC 2026 Reg I\n|rated|\n|rule|Species Clause: Limit one of each Pok\u00e9mon\n|rule|Item Clause: Limit 1 of each item\n|clearpoke\n|poke|p1|Calyrex-Ice, L50|\n|poke|p1|Lunala, L50|\n|poke|p1|Landorus, L50, M|\n|poke|p1|Tornadus, L50, M|\n|poke|p1|Ogerpon-Cornerstone, L50, F|\n|poke|p1|Indeedee-F, L50, F|\n|poke|p2|Miraidon, L50|\n|poke|p2|Landorus, L50, M|\n|poke|p2|Incineroar, L50, F|\n|poke|p2|Iron Bundle, L50|\n|poke|p2|Farigiraf, L50, M|\n|poke|p2|Calyrex-Ice, L50|\n|teampreview|4\n|inactive|Battle timer is ON: inactive players will automatically lose when time's up. (requested by fs1530)\n|\n|t:|1769656720\n|teamsize|p1|4\n|teamsize|p2|4\n|start\n|switch|p1a: \u6211\u4e0a\u53bb\u5c31\u662f\u4e00\u98ce|Tornadus, L50, M, shiny|100/100\n|switch|p1b: \u6211\u4e0a\u53bb\u5c31\u662f\u4e00\u5149|Lunala, L50, shiny|100/100\n|switch|p2a: the Manager|Farigiraf, L50, M|100/100\n|switch|p2b: Landorus|Landorus, L50, M|100/100\n|turn|1\n|\n|t:|1769656732\n|move|p1a: \u6211\u4e0a\u53bb\u5c31\u662f\u4e00\u98ce|Bleakwind Storm|p2b: Landorus|[spread] p2a,p2b\n|-damage|p2a: the Manager|73/100\n|-damage|p2b: Landorus|57/100\n|move|p2b: Landorus|Earth Power|p1b: \u6211\u4e0a\u53bb\u5c31\u662f\u4e00\u5149\n|-damage|p1b: \u6211\u4e0a\u53bb\u5c31\u662f\u4e00\u5149|74/100\n|move|p1b: \u6211\u4e0a\u53bb\u5c31\u662f\u4e00\u5149|Meteor Beam||[still]\n|-prepare|p1b: \u6211\u4e0a\u53bb\u5c31\u662f\u4e00\u5149|Meteor Beam\n|-boost|p1b: \u6211\u4e0a\u53bb\u5c31\u662f\u4e00\u5149|spa|1\n|-enditem|p1b: \u6211\u4e0a\u53bb\u5c31\u662f\u4e00\u5149|Power Herb\n|-anim|p1b: \u6211\u4e0a\u53bb\u5c31\u662f\u4e00\u5149|Meteor Beam|p2b: Landorus\n|-damage|p2b: Landorus|0 fnt\n|faint|p2b: Landorus\n|move|p2a: the Manager|Trick Room|p2a: the Manager\n|-fieldstart|move: Trick Room|[of] p2a: the Manager\n|\n|upkeep\n|\n|t:|1769656739\n|switch|p2b: Calyrex|Calyrex-Ice, L50|100/100\n|-ability|p2b: Calyrex|As One\n|-ability|p2b: Calyrex|Unnerve\n|turn|2\n|\n|t:|1769656758\n|switch|p1a: \u6211\u4e0a\u53bb\u5c31\u662f\u4e00\u77db|Calyrex-Ice, L50|100/100\n|-ability|p1a: \u6211\u4e0a\u53bb\u5c31\u662f\u4e00\u77db|As One\n|-ability|p1a: \u6211\u4e0a\u53bb\u5c31\u662f\u4e00\u77db|Unnerve\n|-terastallize|p2b: Calyrex|Water\n|-terastallize|p1b: \u6211\u4e0a\u53bb\u5c31\u662f\u4e00\u5149|Water\n|move|p2a: the Manager|Helping Hand|p2b: Calyrex\n|-singleturn|p2b: Calyrex|Helping Hand|[of] p2a: the Manager\n|move|p2b: Calyrex|Glacial Lance|p1b: \u6211\u4e0a\u53bb\u5c31\u662f\u4e00\u5149|[spread] p1a,p1b\n|-resisted|p1a: \u6211\u4e0a\u53bb\u5c31\u662f\u4e00\u77db\n|-resisted|p1b: \u6211\u4e0a\u53bb\u5c31\u662f\u4e00\u5149\n|-damage|p1a: \u6211\u4e0a\u53bb\u5c31\u662f\u4e00\u77db|72/100\n|-damage|p1b: \u6211\u4e0a\u53bb\u5c31\u662f\u4e00\u5149|41/100\n|move|p1b: \u6211\u4e0a\u53bb\u5c31\u662f\u4e00\u5149|Moongeist Beam|p2b: Calyrex\n|-damage|p2b: Calyrex|49/100\n|\n|upkeep\n|turn|3\n|\n|t:|1769656782\n|move|p2b: Calyrex|Protect|p2b: Calyrex\n|-singleturn|p2b: Calyrex|Protect\n|move|p2a: the Manager|Foul Play|p1a: \u6211\u4e0a\u53bb\u5c31\u662f\u4e00\u77db\n|-supereffective|p1a: \u6211\u4e0a\u53bb\u5c31\u662f\u4e00\u77db\n|-damage|p1a: \u6211\u4e0a\u53bb\u5c31\u662f\u4e00\u77db|10/100\n|move|p1a: \u6211\u4e0a\u53bb\u5c31\u662f\u4e00\u77db|Seed Bomb|p2b: Calyrex\n|-activate|p2b: Calyrex|move: Protect\n|move|p1b: \u6211\u4e0a\u53bb\u5c31\u662f\u4e00\u5149|Moongeist Beam|p2b: Calyrex\n|-activate|p2b: Calyrex|move: Protect\n|\n|upkeep\n|turn|4\n|inactive|lalo's pollos has 30 seconds left.\n|inactive|lalo's pollos has 20 seconds left.\n|inactive|lalo's pollos has 15 seconds left.\n|inactive|lalo's pollos has 10 seconds left.\n|inactive|lalo's pollos has 5 seconds left.\n|\n|t:|1769656835\n|switch|p1a: \u6211\u4e0a\u53bb\u5c31\u662f\u4e00\u573a|Indeedee-F, L50, F, shiny|100/100\n|-fieldstart|move: Psychic Terrain|[from] ability: Psychic Surge|[of] p1a: \u6211\u4e0a\u53bb\u5c31\u662f\u4e00\u573a\n|move|p2a: the Manager|Helping Hand|p2b: Calyrex\n|-singleturn|p2b: Calyrex|Helping Hand|[of] p2a: the Manager\n|move|p2b: Calyrex|High Horsepower|p1b: \u6211\u4e0a\u53bb\u5c31\u662f\u4e00\u5149\n|-damage|p1b: \u6211\u4e0a\u53bb\u5c31\u662f\u4e00\u5149|0 fnt\n|faint|p1b: \u6211\u4e0a\u53bb\u5c31\u662f\u4e00\u5149\n|-ability|p2b: Calyrex|Chilling Neigh|boost\n|-boost|p2b: Calyrex|atk|1\n|\n|upkeep\n|\n|t:|1769656847\n|switch|p1b: \u6211\u4e0a\u53bb\u5c31\u662f\u4e00\u98ce|Tornadus, L50, M, shiny|100/100\n|turn|5\n|\n|t:|1769656861\n|move|p1a: \u6211\u4e0a\u53bb\u5c31\u662f\u4e00\u573a|Follow Me|p1a: \u6211\u4e0a\u53bb\u5c31\u662f\u4e00\u573a\n|-singleturn|p1a: \u6211\u4e0a\u53bb\u5c31\u662f\u4e00\u573a|move: Follow Me\n|move|p1b: \u6211\u4e0a\u53bb\u5c31\u662f\u4e00\u98ce|Bleakwind Storm|p2a: the Manager|[spread] p2a,p2b\n|-damage|p2a: the Manager|46/100\n|-damage|p2b: Calyrex|24/100\n|move|p2b: Calyrex|Trick Room|p2b: Calyrex\n|-fieldend|move: Trick Room\n|move|p2a: the Manager|Trick Room|p2a: the Manager\n|-fieldstart|move: Trick Room|[of] p2a: the Manager\n|\n|upkeep\n|turn|6\n|\n|t:|1769656878\n|move|p2a: the Manager|Helping Hand|p2b: Calyrex\n|-singleturn|p2b: Calyrex|Helping Hand|[of] p2a: the Manager\n|move|p1a: \u6211\u4e0a\u53bb\u5c31\u662f\u4e00\u573a|Helping Hand|p1b: \u6211\u4e0a\u53bb\u5c31\u662f\u4e00\u98ce\n|-singleturn|p1b: \u6211\u4e0a\u53bb\u5c31\u662f\u4e00\u98ce|Helping Hand|[of] p1a: \u6211\u4e0a\u53bb\u5c31\u662f\u4e00\u573a\n|move|p2b: Calyrex|Glacial Lance|p1a: \u6211\u4e0a\u53bb\u5c31\u662f\u4e00\u573a|[spread] p1a,p1b\n|-supereffective|p1b: \u6211\u4e0a\u53bb\u5c31\u662f\u4e00\u98ce\n|-damage|p1a: \u6211\u4e0a\u53bb\u5c31\u662f\u4e00\u573a|0 fnt\n|-enditem|p1b: \u6211\u4e0a\u53bb\u5c31\u662f\u4e00\u98ce|Focus Sash\n|-damage|p1b: \u6211\u4e0a\u53bb\u5c31\u662f\u4e00\u98ce|1/100\n|faint|p1a: \u6211\u4e0a\u53bb\u5c31\u662f\u4e00\u573a\n|-ability|p2b: Calyrex|Chilling Neigh|boost\n|-boost|p2b: Calyrex|atk|1\n|move|p1b: \u6211\u4e0a\u53bb\u5c31\u662f\u4e00\u98ce|Bleakwind Storm|p2a: the Manager|[spread] p2a,p2b\n|-damage|p2a: the Manager|6/100\n|-damage|p2b: Calyrex|0 fnt\n|faint|p2b: Calyrex\n|\n|upkeep\n|\n|t:|1769656890\n|switch|p2b: Incineroar|Incineroar, L50, F|100/100\n|switch|p1a: \u6211\u4e0a\u53bb\u5c31\u662f\u4e00\u77db|Calyrex-Ice, L50|10/100\n|-ability|p1a: \u6211\u4e0a\u53bb\u5c31\u662f\u4e00\u77db|As One\n|-ability|p1a: \u6211\u4e0a\u53bb\u5c31\u662f\u4e00\u77db|Unnerve\n|-ability|p2b: Incineroar|Intimidate|boost\n|-unboost|p1a: \u6211\u4e0a\u53bb\u5c31\u662f\u4e00\u77db|atk|1\n|-unboost|p1b: \u6211\u4e0a\u53bb\u5c31\u662f\u4e00\u98ce|atk|1\n|turn|7\n|\n|t:|1769656897\n|move|p2b: Incineroar|Fake Out|p1b: \u6211\u4e0a\u53bb\u5c31\u662f\u4e00\u98ce\n|-hint|Psychic Terrain doesn't affect Pok\u00e9mon immune to Ground.\n|-damage|p1b: \u6211\u4e0a\u53bb\u5c31\u662f\u4e00\u98ce|0 fnt\n|faint|p1b: \u6211\u4e0a\u53bb\u5c31\u662f\u4e00\u98ce\n|move|p2a: the Manager|Foul Play|p1a: \u6211\u4e0a\u53bb\u5c31\u662f\u4e00\u77db\n|-supereffective|p1a: \u6211\u4e0a\u53bb\u5c31\u662f\u4e00\u77db\n|-damage|p1a: \u6211\u4e0a\u53bb\u5c31\u662f\u4e00\u77db|0 fnt\n|faint|p1a: \u6211\u4e0a\u53bb\u5c31\u662f\u4e00\u77db\n|\n|win|lalo's pollos\n|raw|fs1530's rating: 1334 &rarr; <strong>1321</strong><br />(-13 for losing)\n|raw|lalo&apos;s pollos's rating: 1461 &rarr; <strong>1474</strong><br />(+13 for winning)\n|l|\u2606fs1530\n|player|p1|\n","uploadtime":1769656905,"views":22,"formatid":"gen9vgc2026regi","rating":1321,"private":0,"password":null}