{"id":"gen9vgc2026regi-2553366744","format":"[Gen 9] VGC 2026 Reg I","players":["crabominable 740","Cello L."],"log":"|j|\u2606crabominable 740\n|j|\u2606Cello L.\n|t:|1772824301\n|gametype|doubles\n|player|p1|crabominable 740|hiker-gen4|1301\n|player|p2|Cello L.|psychic-gen4|1393\n|gen|9\n|tier|[Gen 9] VGC 2026 Reg I\n|rated|\n|rule|Species Clause: Limit one of each Pok\u00e9mon\n|rule|Item Clause: Limit 1 of each item\n|clearpoke\n|poke|p1|Tornadus, L50, M|\n|poke|p1|Koraidon, L50|\n|poke|p1|Calyrex-Shadow, L50|\n|poke|p1|Ogerpon-Cornerstone, L50, F|\n|poke|p1|Indeedee-F, L50, F|\n|poke|p1|Maushold, L50|\n|poke|p2|Miraidon, L50|\n|poke|p2|Calyrex-Ice, L50|\n|poke|p2|Landorus, L50, M|\n|poke|p2|Urshifu-*, L50, M|\n|poke|p2|Incineroar, L50, F|\n|poke|p2|Amoonguss, L50, M|\n|teampreview|4\n|\n|t:|1772824334\n|teamsize|p1|4\n|teamsize|p2|4\n|start\n|switch|p1a: \uc778\ub514\uac8c\uc784|Indeedee-F, L50, F|100/100\n|switch|p1b: \ud751\ub9c8\ub809\uc218|Calyrex-Shadow, L50|100/100\n|switch|p2a: Miraidon|Miraidon, L50|100/100\n|switch|p2b: Calyrex|Calyrex-Ice, L50|100/100\n|-ability|p1b: \ud751\ub9c8\ub809\uc218|As One\n|-ability|p1b: \ud751\ub9c8\ub809\uc218|Unnerve\n|-ability|p2b: Calyrex|As One\n|-ability|p2b: Calyrex|Unnerve\n|-fieldstart|move: Electric Terrain|[from] ability: Hadron Engine|[of] p2a: Miraidon\n|-fieldstart|move: Psychic Terrain|[from] ability: Psychic Surge|[of] p1a: \uc778\ub514\uac8c\uc784\n|turn|1\n|\n|t:|1772824351\n|-terastallize|p2b: Calyrex|Fire\n|move|p2a: Miraidon|Snarl|p1b: \ud751\ub9c8\ub809\uc218|[spread] p1a,p1b\n|-supereffective|p1a: \uc778\ub514\uac8c\uc784\n|-supereffective|p1b: \ud751\ub9c8\ub809\uc218\n|-damage|p1a: \uc778\ub514\uac8c\uc784|69/100\n|-damage|p1b: \ud751\ub9c8\ub809\uc218|39/100\n|-unboost|p1a: \uc778\ub514\uac8c\uc784|spa|1\n|-unboost|p1b: \ud751\ub9c8\ub809\uc218|spa|1\n|move|p1b: \ud751\ub9c8\ub809\uc218|Expanding Force|p2a: Miraidon|[spread] p2a,p2b\n|-damage|p2a: Miraidon|50/100\n|-damage|p2b: Calyrex|64/100\n|-damage|p1b: \ud751\ub9c8\ub809\uc218|29/100|[from] item: Life Orb\n|move|p1a: \uc778\ub514\uac8c\uc784|Imprison|p1a: \uc778\ub514\uac8c\uc784\n|-start|p1a: \uc778\ub514\uac8c\uc784|move: Imprison\n|cant|p2b: Calyrex|move: Imprison|Trick Room\n|\n|upkeep\n|turn|2\n|\n|t:|1772824395\n|move|p2a: Miraidon|Snarl|p1b: \ud751\ub9c8\ub809\uc218|[spread] p1a,p1b\n|-supereffective|p1a: \uc778\ub514\uac8c\uc784\n|-supereffective|p1b: \ud751\ub9c8\ub809\uc218\n|-damage|p1a: \uc778\ub514\uac8c\uc784|38/100\n|-damage|p1b: \ud751\ub9c8\ub809\uc218|0 fnt\n|-unboost|p1a: \uc778\ub514\uac8c\uc784|spa|1\n|faint|p1b: \ud751\ub9c8\ub809\uc218\n|move|p1a: \uc778\ub514\uac8c\uc784|Psychic|p2b: Calyrex\n|-damage|p2b: Calyrex|52/100\n|move|p2b: Calyrex|Glacial Lance|p1a: \uc778\ub514\uac8c\uc784\n|-damage|p1a: \uc778\ub514\uac8c\uc784|0 fnt\n|faint|p1a: \uc778\ub514\uac8c\uc784\n|-ability|p2b: Calyrex|Chilling Neigh|boost\n|-boost|p2b: Calyrex|atk|1\n|\n|upkeep\n|\n|t:|1772824398\n|switch|p1b: \ucf5c\uc544\uc774 \ub3c8|Koraidon, L50|100/100\n|switch|p1a: \ub9c8\uc6b0\uc2a4\ud640\ub4dc|Maushold, L50|100/100\n|-weather|SunnyDay|[from] ability: Orichalcum Pulse|[of] p1b: \ucf5c\uc544\uc774 \ub3c8\n|-activate|p1b: \ucf5c\uc544\uc774 \ub3c8|Orichalcum Pulse|[source]\n|turn|3\n|\n|t:|1772824414\n|switch|p2a: Incineroar|Incineroar, L50, F|100/100\n|-ability|p2a: Incineroar|Intimidate|boost\n|-unboost|p1a: \ub9c8\uc6b0\uc2a4\ud640\ub4dc|atk|1\n|-fail|p1b: \ucf5c\uc544\uc774 \ub3c8|unboost|[from] item: Clear Amulet|[of] p1b: \ucf5c\uc544\uc774 \ub3c8\n|move|p2b: Calyrex|Protect|p2b: Calyrex\n|-singleturn|p2b: Calyrex|Protect\n|move|p1b: \ucf5c\uc544\uc774 \ub3c8|Collision Course|p2a: Incineroar\n|-supereffective|p2a: Incineroar\n|-damage|p2a: Incineroar|0 fnt\n|faint|p2a: Incineroar\n|move|p1a: \ub9c8\uc6b0\uc2a4\ud640\ub4dc|Population Bomb|p2b: Calyrex\n|-activate|p2b: Calyrex|move: Protect\n|\n|-weather|SunnyDay|[upkeep]\n|upkeep\n|\n|t:|1772824428\n|switch|p2a: Miraidon|Miraidon, L50|50/100\n|-fieldstart|move: Electric Terrain|[from] ability: Hadron Engine|[of] p2a: Miraidon\n|turn|4\n|\n|t:|1772824457\n|-terastallize|p1b: \ucf5c\uc544\uc774 \ub3c8|Fire\n|move|p2a: Miraidon|Volt Switch|p1a: \ub9c8\uc6b0\uc2a4\ud640\ub4dc\n|-damage|p1a: \ub9c8\uc6b0\uc2a4\ud640\ub4dc|0 fnt\n|faint|p1a: \ub9c8\uc6b0\uc2a4\ud640\ub4dc\n|\n|t:|1772824462\n|switch|p2a: Landorus|Landorus, L50, M|100/100|[from] Volt Switch\n|move|p1b: \ucf5c\uc544\uc774 \ub3c8|Collision Course|p2b: Calyrex\n|-damage|p2b: Calyrex|12/100\n|move|p2b: Calyrex|Glacial Lance|p1b: \ucf5c\uc544\uc774 \ub3c8\n|-resisted|p1b: \ucf5c\uc544\uc774 \ub3c8\n|-damage|p1b: \ucf5c\uc544\uc774 \ub3c8|47/100\n|\n|-weather|SunnyDay|[upkeep]\n|upkeep\n|turn|5\n|-message|crabominable 740 forfeited.\n|\n|win|Cello L.\n|raw|crabominable 740's rating: 1301 &rarr; <strong>1286</strong><br />(-15 for losing)\n|raw|Cello L.'s rating: 1393 &rarr; <strong>1408</strong><br />(+15 for winning)\n","uploadtime":1772824480,"views":13,"formatid":"gen9vgc2026regi","rating":1286,"private":0,"password":null}