{"id":"gen9vgc2026regi-2529196188","format":"[Gen 9] VGC 2026 Reg I","players":["suitcasesu","VJ2511"],"log":"|j|\u203dsuitcasesu\n|j|\u2606VJ2511\n|t:|1769751450\n|gametype|doubles\n|player|p1|suitcasesu|1|1312\n|player|p2|VJ2511|red-masters3|1444\n|gen|9\n|tier|[Gen 9] VGC 2026 Reg I\n|rated|\n|rule|Species Clause: Limit one of each Pok\u00e9mon\n|rule|Item Clause: Limit 1 of each item\n|clearpoke\n|poke|p1|Terapagos, L50, M|\n|poke|p1|Indeedee-F, L50, F|\n|poke|p1|Miraidon, L50|\n|poke|p1|Farigiraf, L50, F|\n|poke|p1|Cresselia, L50, F|\n|poke|p1|Smeargle, L50, F|\n|poke|p2|Calyrex-Shadow, L50|\n|poke|p2|Zamazenta-*, L50|\n|poke|p2|Chien-Pao, L50|\n|poke|p2|Dragonite, L50, F|\n|poke|p2|Raging Bolt, L50|\n|poke|p2|Amoonguss, L50, M|\n|teampreview|4\n|inactive|Battle timer is ON: inactive players will automatically lose when time's up. (requested by VJ2511)\n|\n|t:|1769751491\n|teamsize|p1|4\n|teamsize|p2|4\n|start\n|switch|p1a: Terapagos|Terapagos, L50, M|100/100\n|switch|p1b: Miraidon|Miraidon, L50|100/100\n|switch|p2a: Zamazenta|Zamazenta-Crowned, L50|100/100\n|switch|p2b: Chien-Pao|Chien-Pao, L50|100/100\n|-activate|p1a: Terapagos|ability: Tera Shift\n|detailschange|p1a: Terapagos|Terapagos-Terastal, L50, M\n|-heal|p1a: Terapagos|100/100|[silent]\n|-fieldstart|move: Electric Terrain|[from] ability: Hadron Engine|[of] p1b: Miraidon\n|-enditem|p1a: Terapagos|Electric Seed\n|-boost|p1a: Terapagos|def|1|[from] item: Electric Seed\n|-ability|p2b: Chien-Pao|Sword of Ruin\n|-ability|p2a: Zamazenta|Dauntless Shield|boost\n|-boost|p2a: Zamazenta|def|1\n|turn|1\n|inactive|suitcasesu has 30 seconds left.\n|\n|t:|1769751518\n|move|p1b: Miraidon|Volt Switch|p2b: Chien-Pao\n|-damage|p2b: Chien-Pao|40/100\n|\n|t:|1769751523\n|switch|p1b: Cresselia|Cresselia, L50, F|100/100|[from] Volt Switch\n|move|p2b: Chien-Pao|Ice Spinner|p1b: Cresselia\n|-damage|p1b: Cresselia|72/100\n|-fieldend|move: Electric Terrain\n|move|p2a: Zamazenta|Body Press|p1a: Terapagos\n|-activate|p1a: Terapagos|ability: Tera Shell\n|-resisted|p1a: Terapagos\n|-damage|p1a: Terapagos|76/100\n|move|p1a: Terapagos|Calm Mind|p1a: Terapagos\n|-boost|p1a: Terapagos|spa|1\n|-boost|p1a: Terapagos|spd|1\n|\n|upkeep\n|turn|2\n|inactive|suitcasesu has 30 seconds left.\n|inactive|suitcasesu has 20 seconds left.\n|inactive|suitcasesu has 15 seconds left.\n|\n|t:|1769751566\n|-terastallize|p1a: Terapagos|Stellar\n|detailschange|p1a: Terapagos|Terapagos-Stellar, L50, M, tera:Stellar\n|-heal|p1a: Terapagos|83/100|[silent]\n|move|p1b: Cresselia|Ally Switch|p1b: Cresselia\n|swap|p1b: Cresselia|0|[from] move: Ally Switch\n|move|p2b: Chien-Pao|Ruination|p1b: Terapagos\n|-damage|p1b: Terapagos|42/100\n|move|p2a: Zamazenta|Heavy Slam|p1b: Terapagos\n|-damage|p1b: Terapagos|18/100\n|move|p1b: Terapagos|Tera Starstorm|p2b: Chien-Pao|[spread] p2a,p2b\n|-damage|p2a: Zamazenta|64/100\n|-damage|p2b: Chien-Pao|0 fnt\n|faint|p2b: Chien-Pao\n|\n|upkeep\n|\n|t:|1769751576\n|switch|p2b: Calyrex|Calyrex-Shadow, L50|100/100\n|-ability|p2b: Calyrex|As One\n|-ability|p2b: Calyrex|Unnerve\n|turn|3\n|\n|t:|1769751588\n|-terastallize|p2b: Calyrex|Ghost\n|move|p1b: Terapagos|Protect|p1b: Terapagos\n|-singleturn|p1b: Terapagos|Protect\n|move|p2b: Calyrex|Astral Barrage|p1a: Cresselia|[spread] p1a\n|-activate|p1b: Terapagos|move: Protect\n|-supereffective|p1a: Cresselia\n|-crit|p1a: Cresselia\n|-damage|p1a: Cresselia|0 fnt\n|faint|p1a: Cresselia\n|-ability|p2b: Calyrex|Grim Neigh|boost\n|-boost|p2b: Calyrex|spa|1\n|move|p2a: Zamazenta|Body Press|p1b: Terapagos\n|-activate|p1b: Terapagos|move: Protect\n|\n|upkeep\n|\n|t:|1769751602\n|switch|p1a: Miraidon|Miraidon, L50|100/100\n|-fieldstart|move: Electric Terrain|[from] ability: Hadron Engine|[of] p1a: Miraidon\n|turn|4\n|\n|t:|1769751627\n|move|p1a: Miraidon|Electro Drift|p2a: Zamazenta\n|-damage|p2a: Zamazenta|4/100\n|move|p2b: Calyrex|Psychic|p1b: Terapagos\n|-damage|p1b: Terapagos|0 fnt\n|faint|p1b: Terapagos\n|detailschange|p1: Terapagos|Terapagos, L50, M|[silent]\n|-ability|p2b: Calyrex|Grim Neigh|boost\n|-boost|p2b: Calyrex|spa|1\n|move|p2a: Zamazenta|Body Press|p1a: Miraidon\n|-damage|p1a: Miraidon|40/100\n|\n|upkeep\n|\n|t:|1769751638\n|switch|p1b: Farigiraf|Farigiraf, L50, F|100/100\n|turn|5\n|inactive|suitcasesu has 30 seconds left.\n|-message|suitcasesu forfeited.\n|\n|win|VJ2511\n|raw|suitcasesu's rating: 1312 &rarr; <strong>1299</strong><br />(-13 for losing)\n|raw|VJ2511's rating: 1444 &rarr; <strong>1457</strong><br />(+13 for winning)\n|l|\u203dsuitcasesu\n|player|p1|\n|l|\u2606VJ2511\n|player|p2|\n","uploadtime":1769751839,"views":13,"formatid":"gen9vgc2026regi","rating":1299,"private":0,"password":null}