{"id":"gen9vgc2026regi-2558777031","format":"[Gen 9] VGC 2026 Reg I","players":["Jonen","lazywarlock"],"log":"|j|\u2606Jonen\n|j|\u2606lazywarlock\n|t:|1773480688\n|gametype|doubles\n|player|p1|Jonen|medium|1113\n|player|p2|lazywarlock|1|1104\n|gen|9\n|tier|[Gen 9] VGC 2026 Reg I\n|rated|\n|rule|Species Clause: Limit one of each Pok\u00e9mon\n|rule|Item Clause: Limit 1 of each item\n|clearpoke\n|poke|p1|Groudon, L50|\n|poke|p1|Lunala, L50|\n|poke|p1|Sableye, L50, M|\n|poke|p1|Chi-Yu, L50|\n|poke|p1|Rillaboom, L50, F|\n|poke|p1|Jumpluff, L50, M|\n|poke|p2|Incineroar, L50, F|\n|poke|p2|Iron Bundle, L50|\n|poke|p2|Miraidon, L50|\n|poke|p2|Lunala, L50|\n|poke|p2|Ursaluna, L50, M|\n|poke|p2|Urshifu-*, L50, M|\n|teampreview|4\n|\n|t:|1773480721\n|teamsize|p1|4\n|teamsize|p2|4\n|start\n|switch|p1a: Groudon|Groudon, L50|100/100\n|switch|p1b: Jumpluff|Jumpluff, L50, M|100/100\n|switch|p2a: Lunala|Lunala, L50|100/100\n|switch|p2b: Miraidon|Miraidon, L50|100/100\n|-fieldstart|move: Electric Terrain|[from] ability: Hadron Engine|[of] p2b: Miraidon\n|-enditem|p2a: Lunala|Electric Seed\n|-boost|p2a: Lunala|def|1|[from] item: Electric Seed\n|-weather|SunnyDay|[from] ability: Drought|[of] p1a: Groudon\n|turn|1\n|\n|t:|1773480750\n|switch|p1a: Rillaboom|Rillaboom, L50, F|100/100\n|-fieldstart|move: Grassy Terrain|[from] ability: Grassy Surge|[of] p1a: Rillaboom\n|move|p1b: Jumpluff|Sleep Powder|p2b: Miraidon\n|-status|p2b: Miraidon|slp|[from] move: Sleep Powder\n|cant|p2b: Miraidon|slp\n|move|p2a: Lunala|Trick Room|p2a: Lunala\n|-fieldstart|move: Trick Room|[of] p2a: Lunala\n|\n|-weather|SunnyDay|[upkeep]\n|upkeep\n|turn|2\n|\n|t:|1773480774\n|switch|p2b: Ursaluna|Ursaluna, L50, M|100/100\n|move|p1a: Rillaboom|U-turn|p2a: Lunala\n|-damage|p2a: Lunala|95/100\n|\n|t:|1773480785\n|switch|p1a: Sableye|Sableye, L50, M|100/100|[from] U-turn\n|move|p2a: Lunala|Moongeist Beam|p1b: Jumpluff\n|-damage|p1b: Jumpluff|41/100\n|move|p1b: Jumpluff|Sleep Powder|p2a: Lunala\n|-status|p2a: Lunala|slp|[from] move: Sleep Powder\n|\n|-weather|SunnyDay|[upkeep]\n|-heal|p2a: Lunala|100/100 slp|[from] Grassy Terrain\n|-status|p2b: Ursaluna|brn|[from] item: Flame Orb\n|upkeep\n|turn|3\n|\n|t:|1773480814\n|move|p1a: Sableye|Skill Swap|p2b: Ursaluna\n|-activate|p1a: Sableye|Skill Swap|Guts|Prankster|[of] p2b: Ursaluna\n|move|p2b: Ursaluna|Facade|p1b: Jumpluff\n|-damage|p1b: Jumpluff|0 fnt\n|faint|p1b: Jumpluff\n|cant|p2a: Lunala|slp\n|\n|-weather|SunnyDay|[upkeep]\n|-damage|p2b: Ursaluna|95/100 brn|[from] brn\n|upkeep\n|\n|t:|1773480822\n|switch|p1b: Groudon|Groudon, L50|100/100\n|turn|4\n|\n|t:|1773480837\n|move|p1a: Sableye|Gravity|p1a: Sableye\n|-fieldstart|move: Gravity\n|move|p2b: Ursaluna|Facade|p1b: Groudon\n|-damage|p1b: Groudon|34/100\n|-curestatus|p2a: Lunala|slp|[msg]\n|move|p2a: Lunala|Moongeist Beam|p1b: Groudon\n|-damage|p1b: Groudon|0 fnt\n|faint|p1b: Groudon\n|\n|-weather|SunnyDay|[upkeep]\n|-heal|p2b: Ursaluna|100/100 brn|[from] Grassy Terrain\n|-damage|p2b: Ursaluna|95/100 brn|[from] brn\n|upkeep\n|\n|t:|1773480845\n|switch|p1b: Rillaboom|Rillaboom, L50, F|100/100\n|turn|5\n|\n|t:|1773480862\n|switch|p2a: Miraidon|Miraidon, L50|100/100 slp\n|-fieldstart|move: Electric Terrain|[from] ability: Hadron Engine|[of] p2a: Miraidon\n|-terastallize|p2b: Ursaluna|Ghost\n|move|p1a: Sableye|Skill Swap|p2a: Miraidon\n|-activate|p1a: Sableye|Skill Swap|Hadron Engine|Guts|[of] p2a: Miraidon\n|-activate|p1a: Sableye|ability: Hadron Engine\n|move|p2b: Ursaluna|Facade|p1b: Rillaboom\n|-damage|p1b: Rillaboom|21/100\n|move|p1b: Rillaboom|Wood Hammer|p2a: Miraidon\n|-resisted|p2a: Miraidon\n|-damage|p2a: Miraidon|73/100 slp\n|-damage|p1b: Rillaboom|13/100|[from] Recoil\n|\n|-weather|none\n|-damage|p2b: Ursaluna|89/100 brn|[from] brn\n|-fieldend|move: Trick Room\n|upkeep\n|turn|6\n|\n|t:|1773480894\n|cant|p2a: Miraidon|slp\n|move|p1b: Rillaboom|Grassy Glide|p2b: Ursaluna\n|-damage|p2b: Ursaluna|69/100 brn\n|move|p2b: Ursaluna|Facade|p1b: Rillaboom\n|-damage|p1b: Rillaboom|0 fnt\n|faint|p1b: Rillaboom\n|move|p1a: Sableye|Foul Play|p2b: Ursaluna\n|-supereffective|p2b: Ursaluna\n|-damage|p2b: Ursaluna|0 fnt\n|faint|p2b: Ursaluna\n|\n|upkeep\n|c|\u2606Jonen|gg\n|c|\u2606lazywarlock|Gg.\n|\n|t:|1773480913\n|switch|p2b: Lunala|Lunala, L50|100/100\n|turn|7\n|\n|t:|1773480921\n|-terastallize|p1a: Sableye|Normal\n|-curestatus|p2a: Miraidon|slp|[msg]\n|move|p2a: Miraidon|Electro Drift|p1a: Sableye\n|-enditem|p1a: Sableye|Focus Sash\n|-damage|p1a: Sableye|1/100\n|-damage|p2a: Miraidon|64/100|[from] item: Life Orb\n|move|p2b: Lunala|Moonblast|p1a: Sableye\n|-damage|p1a: Sableye|0 fnt\n|faint|p1a: Sableye\n|\n|win|lazywarlock\n|raw|Jonen's rating: 1113 &rarr; <strong>1087</strong><br />(-26 for losing)\n|raw|lazywarlock's rating: 1104 &rarr; <strong>1130</strong><br />(+26 for winning)\n|l|\u2606Jonen\n|player|p1|\n|l|\u2606lazywarlock\n|player|p2|\n|j|\u2606lazywarlock\n|player|p2|lazywarlock|1|\n","uploadtime":1773480921,"views":14,"formatid":"gen9vgc2026regi","rating":1087,"private":0,"password":null}