{"id":"gen9vgc2026regi-2563795708","format":"[Gen 9] VGC 2026 Reg I","players":["1VLTSQ Joker","roykeenkennedy"],"log":"|raw|<div class=\"broadcast-blue\"><strong>This battle is required to be public due to a player having a name starting with '1vltsq'.</div>\n|j|\u26061VLTSQ Joker\n|j|\u2606roykeenkennedy\n|t:|1774063321\n|gametype|doubles\n|player|p1|1VLTSQ Joker|blue|1514\n|player|p2|roykeenkennedy|101|1513\n|gen|9\n|tier|[Gen 9] VGC 2026 Reg I\n|rated|\n|rule|Species Clause: Limit one of each Pok\u00e9mon\n|rule|Item Clause: Limit 1 of each item\n|clearpoke\n|poke|p1|Calyrex-Ice, L50|\n|poke|p1|Smeargle, L50, M|\n|poke|p1|Kyogre, L50|\n|poke|p1|Maushold, L50|\n|poke|p1|Volcarona, L50, F|\n|poke|p1|Chesnaught, L50, F|\n|poke|p2|Calyrex-Ice, L50|\n|poke|p2|Annihilape, L50, M|\n|poke|p2|Grimmsnarl, L50, M|\n|poke|p2|Sinistcha-Masterpiece, L50|\n|poke|p2|Miraidon, L50|\n|poke|p2|Iron Hands, L50|\n|teampreview|4\n|\n|t:|1774063358\n|teamsize|p1|4\n|teamsize|p2|4\n|start\n|switch|p1a: Calyrex|Calyrex-Ice, L50|100/100\n|switch|p1b: Smeargle|Smeargle, L50, M|100/100\n|switch|p2a: Miraidon|Miraidon, L50|100/100\n|switch|p2b: Iron Hands|Iron Hands, L50|100/100\n|-ability|p1a: Calyrex|As One\n|-ability|p1a: Calyrex|Unnerve\n|-fieldstart|move: Electric Terrain|[from] ability: Hadron Engine|[of] p2a: Miraidon\n|-activate|p2b: Iron Hands|ability: Quark Drive\n|-start|p2b: Iron Hands|quarkdriveatk\n|-enditem|p2b: Iron Hands|Electric Seed\n|-boost|p2b: Iron Hands|def|1|[from] item: Electric Seed\n|turn|1\n|\n|t:|1774063393\n|-terastallize|p2a: Miraidon|Electric\n|-terastallize|p1a: Calyrex|Grass\n|move|p1b: Smeargle|Fake Out|p2a: Miraidon\n|-damage|p2a: Miraidon|96/100\n|move|p2b: Iron Hands|Fake Out|p1a: Calyrex\n|-damage|p1a: Calyrex|88/100\n|cant|p2a: Miraidon|flinch\n|cant|p1a: Calyrex|flinch\n|\n|-ability|p1b: Smeargle|Moody|boost\n|-boost|p1b: Smeargle|spd|2\n|-unboost|p1b: Smeargle|spa|1\n|upkeep\n|turn|2\n|j| anidiotnon\n|l| anidiotnon\n|\n|t:|1774063439\n|move|p1b: Smeargle|Follow Me|p1b: Smeargle\n|-singleturn|p1b: Smeargle|move: Follow Me\n|move|p2a: Miraidon|Volt Switch|p1b: Smeargle\n|-damage|p1b: Smeargle|14/100\n|\n|t:|1774063445\n|switch|p2a: Calyrex|Calyrex-Ice, L50|100/100|[from] Volt Switch\n|-ability|p2a: Calyrex|As One\n|-ability|p2a: Calyrex|Unnerve\n|move|p1a: Calyrex|Glacial Lance|p2b: Iron Hands|[spread] p2a,p2b\n|-resisted|p2a: Calyrex\n|-damage|p2a: Calyrex|85/100\n|-damage|p2b: Iron Hands|77/100\n|move|p2b: Iron Hands|Low Kick|p1b: Smeargle\n|-supereffective|p1b: Smeargle\n|-damage|p1b: Smeargle|0 fnt\n|faint|p1b: Smeargle\n|\n|upkeep\n|\n|t:|1774063454\n|switch|p1b: Chesnaught|Chesnaught, L50, F|100/100\n|-enditem|p1b: Chesnaught|Electric Seed\n|-boost|p1b: Chesnaught|def|1|[from] item: Electric Seed\n|turn|3\n|\n|t:|1774063484\n|move|p1b: Chesnaught|Wide Guard|p1b: Chesnaught\n|-singleturn|p1b: Chesnaught|Wide Guard\n|move|p1a: Calyrex|Crunch|p2a: Calyrex\n|-supereffective|p2a: Calyrex\n|-damage|p2a: Calyrex|46/100\n|move|p2a: Calyrex|High Horsepower|p1a: Calyrex\n|-resisted|p1a: Calyrex\n|-damage|p1a: Calyrex|75/100\n|move|p2b: Iron Hands|Low Kick|p1a: Calyrex\n|-damage|p1a: Calyrex|23/100\n|\n|upkeep\n|turn|4\n|\n|t:|1774063507\n|switch|p1a: Volcarona|Volcarona, L50, F|100/100\n|move|p1b: Chesnaught|Body Press|p2a: Calyrex\n|-damage|p2a: Calyrex|5/100\n|move|p2a: Calyrex|Glacial Lance|p1a: Volcarona|[spread] p1a,p1b\n|-resisted|p1a: Volcarona\n|-supereffective|p1b: Chesnaught\n|-damage|p1a: Volcarona|78/100\n|-damage|p1b: Chesnaught|57/100\n|move|p2b: Iron Hands|Drain Punch|p1a: Volcarona\n|-resisted|p1a: Volcarona\n|-damage|p1a: Volcarona|54/100\n|-heal|p2b: Iron Hands|86/100|[from] drain|[of] p1a: Volcarona\n|-damage|p2b: Iron Hands|70/100|[from] item: Rocky Helmet|[of] p1a: Volcarona\n|-status|p2b: Iron Hands|brn|[from] ability: Flame Body|[of] p1a: Volcarona\n|\n|-damage|p2b: Iron Hands|64/100 brn|[from] brn\n|upkeep\n|turn|5\n|\n|t:|1774063535\n|move|p1a: Volcarona|Tailwind|p1a: Volcarona\n|-sidestart|p1: 1VLTSQ Joker|move: Tailwind\n|move|p1b: Chesnaught|Body Press|p2a: Calyrex\n|-damage|p2a: Calyrex|0 fnt\n|faint|p2a: Calyrex\n|move|p2b: Iron Hands|Wild Charge|p1a: Volcarona\n|-damage|p1a: Volcarona|18/100\n|-damage|p2b: Iron Hands|47/100 brn|[from] item: Rocky Helmet|[of] p1a: Volcarona\n|-damage|p2b: Iron Hands|40/100 brn|[from] Recoil\n|\n|-damage|p2b: Iron Hands|34/100 brn|[from] brn\n|-fieldend|move: Electric Terrain\n|-end|p2b: Iron Hands|Quark Drive\n|upkeep\n|\n|t:|1774063555\n|switch|p2a: Miraidon|Miraidon, L50, tera:Electric|96/100\n|-fieldstart|move: Electric Terrain|[from] ability: Hadron Engine|[of] p2a: Miraidon\n|-activate|p2b: Iron Hands|ability: Quark Drive\n|-start|p2b: Iron Hands|quarkdriveatk\n|turn|6\n|inactive|Battle timer is ON: inactive players will automatically lose when time's up. (requested by 1VLTSQ Joker)\n|l|\u2606roykeenkennedy\n|inactive|roykeenkennedy disconnected and has a minute to reconnect!\n|player|p2|\n|inactive|roykeenkennedy has 30 seconds to reconnect!\n|inactive|roykeenkennedy has 20 seconds to reconnect!\n|inactive|roykeenkennedy has 15 seconds to reconnect!\n|inactive|roykeenkennedy has 10 seconds to reconnect!\n|inactive|roykeenkennedy has 5 seconds to reconnect!\n|-message|roykeenkennedy lost due to inactivity.\n|\n|win|1VLTSQ Joker\n|raw|1VLTSQ Joker's rating: 1514 &rarr; <strong>1534</strong><br />(+20 for winning)\n|raw|roykeenkennedy's rating: 1513 &rarr; <strong>1493</strong><br />(-20 for losing)\n|l|\u26061VLTSQ Joker\n|player|p1|\n|j|\u2606roykeenkennedy\n|player|p2|roykeenkennedy|101|\n|l|\u2606roykeenkennedy\n|player|p2|\n","uploadtime":1774063966,"views":28,"formatid":"gen9vgc2026regi","rating":1493,"private":0,"password":null}