{"id":"gen9vgc2026regi-2568192153","format":"[Gen 9] VGC 2026 Reg I","players":["Blibli22","itastelikeiron"],"log":"|j|\u2606Blibli22\n|j|\u2606itastelikeiron\n|t:|1774554614\n|gametype|doubles\n|player|p1|Blibli22|169|1420\n|player|p2|itastelikeiron|infielder|1448\n|gen|9\n|tier|[Gen 9] VGC 2026 Reg I\n|rated|\n|rule|Species Clause: Limit one of each Pok\u00e9mon\n|rule|Item Clause: Limit 1 of each item\n|clearpoke\n|poke|p1|Calyrex-Shadow, L50|\n|poke|p1|Kingambit, L50, M|\n|poke|p1|Basculegion, L50, M|\n|poke|p1|Raging Bolt, L50|\n|poke|p1|Garganacl, L50, M|\n|poke|p1|Zamazenta-*, L50|\n|poke|p2|Kyogre, L50|\n|poke|p2|Lunala, L50|\n|poke|p2|Luvdisc, L50, M|\n|poke|p2|Landorus, L50, M|\n|poke|p2|Indeedee-F, L50, F|\n|poke|p2|Basculegion, L50, M|\n|teampreview|4\n|inactive|Battle timer is ON: inactive players will automatically lose when time's up. (requested by Blibli22)\n|\n|t:|1774554646\n|teamsize|p1|4\n|teamsize|p2|4\n|start\n|switch|p1a: Garganacl|Garganacl, L50, M|100/100\n|switch|p1b: Raging Bolt|Raging Bolt, L50|100/100\n|switch|p2a: Landorus|Landorus, L50, M|100/100\n|switch|p2b: Kyogre|Kyogre, L50|100/100\n|-weather|RainDance|[from] ability: Drizzle|[of] p2b: Kyogre\n|turn|1\n|inactive|Blibli22 has 30 seconds left.\n|\n|t:|1774554680\n|-terastallize|p1a: Garganacl|Dragon\n|move|p2a: Landorus|Earth Power|p1b: Raging Bolt\n|-supereffective|p1b: Raging Bolt\n|-damage|p1b: Raging Bolt|35/100\n|move|p2b: Kyogre|Water Spout|p1b: Raging Bolt|[spread] p1a,p1b\n|-resisted|p1a: Garganacl\n|-resisted|p1b: Raging Bolt\n|-damage|p1a: Garganacl|64/100\n|-damage|p1b: Raging Bolt|5/100\n|move|p1b: Raging Bolt|Thunderbolt|p2b: Kyogre\n|-supereffective|p2b: Kyogre\n|-damage|p2b: Kyogre|42/100\n|move|p1a: Garganacl|Salt Cure|p2a: Landorus\n|-damage|p2a: Landorus|82/100\n|-start|p2a: Landorus|Salt Cure\n|\n|-weather|RainDance|[upkeep]\n|-damage|p2a: Landorus|70/100|[from] Salt Cure\n|upkeep\n|turn|2\n|inactive|itastelikeiron has 30 seconds left.\n|\n|t:|1774554710\n|switch|p2b: Basculegion|Basculegion, L50, M|100/100\n|move|p1b: Raging Bolt|Thunderclap||[still]\n|-fail|p1b: Raging Bolt\n|move|p2a: Landorus|Earth Power|p1b: Raging Bolt\n|-supereffective|p1b: Raging Bolt\n|-damage|p1b: Raging Bolt|0 fnt\n|faint|p1b: Raging Bolt\n|-end|p1b: Raging Bolt|Protosynthesis|[silent]\n|move|p1a: Garganacl|Salt Cure|p2b: Basculegion\n|-damage|p2b: Basculegion|80/100\n|-start|p2b: Basculegion|Salt Cure\n|\n|-weather|RainDance|[upkeep]\n|-damage|p2b: Basculegion|56/100|[from] Salt Cure\n|-damage|p2a: Landorus|58/100|[from] Salt Cure\n|upkeep\n|inactive|Blibli22 has 30 seconds left.\n|\n|t:|1774554738\n|switch|p1b: Calyrex|Calyrex-Shadow, L50|100/100\n|-ability|p1b: Calyrex|As One\n|-ability|p1b: Calyrex|Unnerve\n|turn|3\n|\n|t:|1774554746\n|move|p1a: Garganacl|Protect|p1a: Garganacl\n|-singleturn|p1a: Garganacl|Protect\n|move|p2b: Basculegion|Wave Crash|p1b: Calyrex\n|-enditem|p1b: Calyrex|Focus Sash\n|-damage|p1b: Calyrex|1/100\n|-damage|p2b: Basculegion|26/100|[from] Recoil\n|move|p2a: Landorus|Earth Power|p1b: Calyrex\n|-damage|p1b: Calyrex|0 fnt\n|faint|p1b: Calyrex\n|\n|-weather|RainDance|[upkeep]\n|-damage|p2b: Basculegion|2/100|[from] Salt Cure\n|-damage|p2a: Landorus|46/100|[from] Salt Cure\n|upkeep\n|\n|t:|1774554767\n|switch|p1b: Zamazenta|Zamazenta-Crowned, L50|100/100\n|-ability|p1b: Zamazenta|Dauntless Shield|boost\n|-boost|p1b: Zamazenta|def|1\n|turn|4\n|\n|t:|1774554779\n|switch|p2b: Lunala|Lunala, L50|100/100\n|move|p1b: Zamazenta|Protect|p1b: Zamazenta\n|-singleturn|p1b: Zamazenta|Protect\n|move|p2a: Landorus|Earth Power|p1b: Zamazenta\n|-activate|p1b: Zamazenta|move: Protect\n|move|p1a: Garganacl|Recover|p1a: Garganacl\n|-heal|p1a: Garganacl|100/100\n|\n|-weather|RainDance|[upkeep]\n|-damage|p2a: Landorus|33/100|[from] Salt Cure\n|upkeep\n|turn|5\n|inactive|Blibli22 has 30 seconds left.\n|inactive|Blibli22 has 20 seconds left.\n|\n|t:|1774554815\n|move|p2a: Landorus|Earth Power|p1b: Zamazenta\n|-supereffective|p1b: Zamazenta\n|-damage|p1b: Zamazenta|20/100\n|move|p1b: Zamazenta|Body Press|p2a: Landorus\n|-resisted|p2a: Landorus\n|-damage|p2a: Landorus|0 fnt\n|faint|p2a: Landorus\n|move|p2b: Lunala|Meteor Beam||[still]\n|-prepare|p2b: Lunala|Meteor Beam\n|-boost|p2b: Lunala|spa|1\n|-enditem|p2b: Lunala|Power Herb\n|-anim|p2b: Lunala|Meteor Beam|p1a: Garganacl\n|-damage|p1a: Garganacl|60/100\n|move|p1a: Garganacl|Salt Cure|p2b: Lunala\n|-damage|p2b: Lunala|94/100\n|-start|p2b: Lunala|Salt Cure\n|\n|-weather|RainDance|[upkeep]\n|-damage|p2b: Lunala|82/100|[from] Salt Cure\n|upkeep\n|\n|t:|1774554819\n|switch|p2a: Basculegion|Basculegion, L50, M|2/100\n|turn|6\n|inactive|Blibli22 has 30 seconds left.\n|inactive|Blibli22 has 20 seconds left.\n|\n|t:|1774554854\n|move|p1b: Zamazenta|Protect|p1b: Zamazenta\n|-singleturn|p1b: Zamazenta|Protect\n|move|p2a: Basculegion|Last Respects|p1b: Zamazenta\n|-activate|p1b: Zamazenta|move: Protect\n|move|p2b: Lunala|Expanding Force|p1a: Garganacl\n|-damage|p1a: Garganacl|19/100\n|move|p1a: Garganacl|Salt Cure|p2a: Basculegion\n|-damage|p2a: Basculegion|0 fnt\n|faint|p2a: Basculegion\n|\n|-weather|RainDance|[upkeep]\n|-damage|p2b: Lunala|69/100|[from] Salt Cure\n|upkeep\n|\n|t:|1774554857\n|switch|p2a: Kyogre|Kyogre, L50|42/100\n|turn|7\n|inactive|Blibli22 has 30 seconds left.\n|inactive|Blibli22 has 20 seconds left.\n|inactive|Blibli22 has 15 seconds left.\n|\n|t:|1774554897\n|move|p2a: Kyogre|Protect|p2a: Kyogre\n|-singleturn|p2a: Kyogre|Protect\n|move|p1a: Garganacl|Protect|p1a: Garganacl\n|-singleturn|p1a: Garganacl|Protect\n|move|p1b: Zamazenta|Body Press|p2a: Kyogre\n|-activate|p2a: Kyogre|move: Protect\n|move|p2b: Lunala|Moongeist Beam|p1b: Zamazenta\n|-damage|p1b: Zamazenta|0 fnt\n|faint|p1b: Zamazenta\n|\n|-weather|RainDance|[upkeep]\n|-damage|p2b: Lunala|57/100|[from] Salt Cure\n|upkeep\n|turn|8\n|\n|t:|1774554910\n|move|p2b: Lunala|Expanding Force|p1a: Garganacl\n|-damage|p1a: Garganacl|0 fnt\n|faint|p1a: Garganacl\n|\n|win|itastelikeiron\n|raw|Blibli22's rating: 1420 &rarr; <strong>1402</strong><br />(-18 for losing)\n|raw|itastelikeiron's rating: 1448 &rarr; <strong>1466</strong><br />(+18 for winning)\n","uploadtime":1774554913,"views":28,"formatid":"gen9vgc2026regi","rating":1402,"private":0,"password":null}