{"id":"gen9vgc2026regi-2561930718","format":"[Gen 9] VGC 2026 Reg I","players":["asvp.andy","CHR1SPHX"],"log":"|j|\u2606asvp.andy\n|j|\u2606CHR1SPHX\n|t:|1773855715\n|gametype|doubles\n|player|p1|asvp.andy|266|1232\n|player|p2|CHR1SPHX|hilbert|1312\n|gen|9\n|tier|[Gen 9] VGC 2026 Reg I\n|rated|\n|rule|Species Clause: Limit one of each Pok\u00e9mon\n|rule|Item Clause: Limit 1 of each item\n|clearpoke\n|poke|p1|Miraidon, L50|\n|poke|p1|Oranguru, L50, M|\n|poke|p1|Ursaluna, L50, F|\n|poke|p1|Lunala, L50|\n|poke|p1|Urshifu-*, L50, M|\n|poke|p1|Incineroar, L50, F|\n|poke|p2|Flutter Mane, L50|\n|poke|p2|Incineroar, L50, M|\n|poke|p2|Ursaluna-Bloodmoon, L50, M|\n|poke|p2|Amoonguss, L50, M|\n|poke|p2|Koraidon, L50|\n|poke|p2|Lunala, L50|\n|teampreview|4\n|inactive|Battle timer is ON: inactive players will automatically lose when time's up. (requested by CHR1SPHX)\n|inactive|asvp.andy also wants the timer to be on.\nCHR1SPHX has agreed to open team sheets.\n|\n|t:|1773855745\n|teamsize|p1|4\n|teamsize|p2|4\n|start\n|switch|p1a: Oranguru|Oranguru, L50, M|100/100\n|switch|p1b: Miraidon|Miraidon, L50|100/100\n|switch|p2a: Lunala|Lunala, L50, shiny|100/100\n|switch|p2b: Incineroar|Incineroar, L50, M|100/100\n|-fieldstart|move: Electric Terrain|[from] ability: Hadron Engine|[of] p1b: Miraidon\n|-enditem|p1b: Miraidon|Electric Seed\n|-boost|p1b: Miraidon|def|1|[from] item: Electric Seed\n|-activate|p1a: Oranguru|ability: Symbiosis|Assault Vest|[of] p1b: Miraidon\n|-ability|p2b: Incineroar|Intimidate|boost\n|-unboost|p1a: Oranguru|atk|1\n|-unboost|p1b: Miraidon|atk|1\n|turn|1\n|\n|t:|1773855760\n|switch|p1b: Ursaluna|Ursaluna, L50, F|100/100\n|move|p2b: Incineroar|Fake Out|p1b: Ursaluna\n|-damage|p1b: Ursaluna|92/100\n|move|p1a: Oranguru|Knock Off|p2a: Lunala\n|-supereffective|p2a: Lunala\n|-damage|p2a: Lunala|86/100\n|-enditem|p2a: Lunala|Mental Herb|[from] move: Knock Off|[of] p1a: Oranguru\n|move|p2a: Lunala|Trick Room|p2a: Lunala\n|-fieldstart|move: Trick Room|[of] p2a: Lunala\n|\n|-status|p1b: Ursaluna|brn|[from] item: Flame Orb\n|upkeep\n|turn|2\n|inactive|asvp.andy has 30 seconds left.\n|\n|t:|1773855789\n|switch|p2a: Amoonguss|Amoonguss, L50, M, shiny|100/100\n|-terastallize|p2b: Incineroar|Fairy\n|move|p1b: Ursaluna|Facade|p2b: Incineroar\n|-damage|p2b: Incineroar|0 fnt\n|faint|p2b: Incineroar\n|move|p1a: Oranguru|Encore||[still]\n|-fail|p1a: Oranguru\n|\n|-damage|p1b: Ursaluna|86/100 brn|[from] brn\n|upkeep\n|\n|t:|1773855802\n|switch|p2b: Ursaluna|Ursaluna-Bloodmoon, L50, M|100/100\n|turn|3\n|\n|t:|1773855812\n|move|p2a: Amoonguss|Spore|p1a: Oranguru\n|-activate|p1a: Oranguru|move: Electric Terrain\n|move|p1b: Ursaluna|Facade|p2b: Ursaluna\n|-damage|p2b: Ursaluna|16/100\n|move|p2b: Ursaluna|Hyper Voice|p1a: Oranguru|[spread] p1a,p1b\n|-damage|p1a: Oranguru|64/100\n|-damage|p1b: Ursaluna|46/100 brn\n|-damage|p2b: Ursaluna|6/100|[from] item: Life Orb\n|move|p1a: Oranguru|Knock Off|p2a: Amoonguss\n|-damage|p2a: Amoonguss|93/100\n|-damage|p1a: Oranguru|48/100|[from] item: Rocky Helmet|[of] p2a: Amoonguss\n|-enditem|p2a: Amoonguss|Rocky Helmet|[from] move: Knock Off|[of] p1a: Oranguru\n|\n|-damage|p1b: Ursaluna|40/100 brn|[from] brn\n|upkeep\n|turn|4\n|inactive|asvp.andy has 30 seconds left.\n|inactive|CHR1SPHX has 30 seconds left.\n|\n|t:|1773855838\n|switch|p2b: Lunala|Lunala, L50, shiny|86/100\n|move|p2a: Amoonguss|Pollen Puff|p2b: Lunala\n|-heal|p2b: Lunala|100/100\n|move|p1b: Ursaluna|Earthquake|p2a: Amoonguss|[spread] p1a,p2a,p2b\n|-damage|p1a: Oranguru|0 fnt\n|-damage|p2a: Amoonguss|34/100\n|-damage|p2b: Lunala|75/100\n|faint|p1a: Oranguru\n|\n|-damage|p1b: Ursaluna|34/100 brn|[from] brn\n|upkeep\n|\n|t:|1773855851\n|switch|p1a: Lunala|Lunala, L50|100/100\n|turn|5\n|\n|t:|1773855862\n|-terastallize|p1a: Lunala|Water\n|move|p2a: Amoonguss|Pollen Puff|p2b: Lunala\n|-heal|p2b: Lunala|100/100\n|move|p1b: Ursaluna|Facade|p2a: Amoonguss\n|-damage|p2a: Amoonguss|0 fnt\n|faint|p2a: Amoonguss\n|move|p2b: Lunala|Moonblast|p1b: Ursaluna\n|-damage|p1b: Ursaluna|3/100 brn\n|move|p1a: Lunala|Meteor Beam||[still]\n|-prepare|p1a: Lunala|Meteor Beam\n|-boost|p1a: Lunala|spa|1\n|-enditem|p1a: Lunala|Power Herb\n|-anim|p1a: Lunala|Meteor Beam|p2b: Lunala\n|-damage|p2b: Lunala|78/100\n|\n|-damage|p1b: Ursaluna|0 fnt|[from] brn\n|faint|p1b: Ursaluna\n|-fieldend|move: Trick Room\n|-fieldend|move: Electric Terrain\n|upkeep\n|\n|t:|1773855880\n|switch|p1b: Miraidon|Miraidon, L50|100/100\n|switch|p2a: Ursaluna|Ursaluna-Bloodmoon, L50, M|6/100\n|-fieldstart|move: Electric Terrain|[from] ability: Hadron Engine|[of] p1b: Miraidon\n|turn|6\n|inactive|CHR1SPHX has 30 seconds left.\n|\n|t:|1773855907\n|move|p1b: Miraidon|Snarl|p2b: Lunala|[spread] p2a,p2b\n|-supereffective|p2b: Lunala\n|-damage|p2a: Ursaluna|0 fnt\n|-damage|p2b: Lunala|28/100\n|-unboost|p2b: Lunala|spa|1\n|faint|p2a: Ursaluna\n|move|p1a: Lunala|Moongeist Beam|p2b: Lunala\n|-supereffective|p2b: Lunala\n|-damage|p2b: Lunala|0 fnt\n|faint|p2b: Lunala\n|\n|win|asvp.andy\n|raw|asvp.andy's rating: 1232 &rarr; <strong>1263</strong><br />(+31 for winning)\n|raw|CHR1SPHX's rating: 1312 &rarr; <strong>1287</strong><br />(-25 for losing)\n|l|\u2606CHR1SPHX\n|player|p2|\n|l|\u2606asvp.andy\n|player|p1|\n","uploadtime":1773856051,"views":10,"formatid":"gen9vgc2026regi","rating":1263,"private":0,"password":null}