{"id":"gen9vgc2026regi-2572091694","format":"[Gen 9] VGC 2026 Reg I","players":["Nd103","the gamblerler"],"log":"|j|\u203dNd103\n|j|\u2606the gamblerler\n|t:|1774987337\n|gametype|doubles\n|player|p1|Nd103|101|1400\n|player|p2|the gamblerler|giovanni|1343\n|gen|9\n|tier|[Gen 9] VGC 2026 Reg I\n|rated|\n|rule|Species Clause: Limit one of each Pok\u00e9mon\n|rule|Item Clause: Limit 1 of each item\n|clearpoke\n|poke|p1|Ho-Oh, L50|\n|poke|p1|Miraidon, L50|\n|poke|p1|Farigiraf, L50, F|\n|poke|p1|Iron Hands, L50|\n|poke|p1|Urshifu-*, L50, M|\n|poke|p1|Ursaluna-Bloodmoon, L50, M|\n|poke|p2|Calyrex-Shadow, L50|\n|poke|p2|Miraidon, L50|\n|poke|p2|Incineroar, L50, F|\n|poke|p2|Sneasler, L50, F|\n|poke|p2|Araquanid, L50, M|\n|poke|p2|Whimsicott, L50, F|\n|teampreview|4\n|inactive|Battle timer is ON: inactive players will automatically lose when time's up. (requested by the gamblerler)\n|inactive|Nd103 has 60 seconds left.\n|\n|t:|1774987426\n|teamsize|p1|4\n|teamsize|p2|4\n|start\n|switch|p1a: Ho-Oh|Ho-Oh, L50|100/100\n|switch|p1b: Farigiraf|Farigiraf, L50, F|100/100\n|switch|p2a: Sneasler|Sneasler, L50, F|100/100\n|switch|p2b: Miraidon|Miraidon, L50|100/100\n|-fieldstart|move: Electric Terrain|[from] ability: Hadron Engine|[of] p2b: Miraidon\n|-enditem|p2a: Sneasler|Electric Seed\n|-boost|p2a: Sneasler|def|1|[from] item: Electric Seed\n|-enditem|p1b: Farigiraf|Electric Seed\n|-boost|p1b: Farigiraf|def|1|[from] item: Electric Seed\n|turn|1\n|inactive|Nd103 has 30 seconds left.\n|\n|t:|1774987456\n|switch|p1a: Ursaluna|Ursaluna-Bloodmoon, L50, M|100/100\n|move|p2a: Sneasler|Acid Spray|p1b: Farigiraf\n|-damage|p1b: Farigiraf|95/100\n|-unboost|p1b: Farigiraf|spd|2\n|move|p2b: Miraidon|Volt Switch|p1b: Farigiraf\n|-damage|p1b: Farigiraf|0 fnt\n|faint|p1b: Farigiraf\n|\n|t:|1774987460\n|switch|p2b: Calyrex|Calyrex-Shadow, L50|100/100|[from] Volt Switch\n|-ability|p2b: Calyrex|As One\n|-ability|p2b: Calyrex|Unnerve\n|\n|upkeep\n|\n|t:|1774987468\n|switch|p1b: Ho-Oh|Ho-Oh, L50|100/100\n|turn|2\n|\n|t:|1774987489\n|-terastallize|p2b: Calyrex|Ghost\n|move|p2a: Sneasler|Acid Spray|p1b: Ho-Oh\n|-damage|p1b: Ho-Oh|97/100\n|move|p2b: Calyrex|Astral Barrage|p1a: Ursaluna|[spread] p1b\n|-immune|p1a: Ursaluna\n|-damage|p1b: Ho-Oh|66/100\n|move|p1b: Ho-Oh|Tailwind|p1b: Ho-Oh\n|-sidestart|p1: Nd103|move: Tailwind\n|move|p1a: Ursaluna|Hyper Voice|p2a: Sneasler|[spread] p2a,p2b\n|-damage|p2a: Sneasler|50/100\n|-damage|p2b: Calyrex|59/100\n|-enditem|p1a: Ursaluna|Throat Spray\n|-boost|p1a: Ursaluna|spa|1|[from] item: Throat Spray\n|\n|upkeep\n|turn|3\n|inactive|Nd103 has 30 seconds left.\n|\n|t:|1774987521\n|move|p2b: Calyrex|Protect|p2b: Calyrex\n|-singleturn|p2b: Calyrex|Protect\n|move|p2a: Sneasler|Close Combat|p1a: Ursaluna\n|-supereffective|p1a: Ursaluna\n|-damage|p1a: Ursaluna|7/100\n|-unboost|p2a: Sneasler|def|1\n|-unboost|p2a: Sneasler|spd|1\n|move|p1b: Ho-Oh|Sacred Fire|p2a: Sneasler\n|-damage|p2a: Sneasler|0 fnt\n|faint|p2a: Sneasler\n|move|p1a: Ursaluna|Hyper Voice|p2b: Calyrex\n|-activate|p2b: Calyrex|move: Protect\n|\n|upkeep\n|\n|t:|1774987533\n|switch|p2a: Miraidon|Miraidon, L50|100/100\n|-activate|p2a: Miraidon|ability: Hadron Engine\n|turn|4\n|\n|t:|1774987552\n|move|p2a: Miraidon|Dazzling Gleam|p1b: Ho-Oh|[spread] p1a,p1b\n|-resisted|p1b: Ho-Oh\n|-damage|p1a: Ursaluna|0 fnt\n|-damage|p1b: Ho-Oh|58/100\n|faint|p1a: Ursaluna\n|move|p1b: Ho-Oh|Sacred Fire|p2b: Calyrex\n|-damage|p2b: Calyrex|11/100\n|-status|p2b: Calyrex|brn\n|move|p2b: Calyrex|Astral Barrage|p1b: Ho-Oh\n|-damage|p1b: Ho-Oh|15/100\n|\n|-damage|p2b: Calyrex|6/100 brn|[from] brn\n|upkeep\n|\n|t:|1774987555\n|switch|p1a: Miraidon|Miraidon, L50|100/100\n|-activate|p1a: Miraidon|ability: Hadron Engine\n|turn|5\n|\n|t:|1774987568\n|switch|p2a: Araquanid|Araquanid, L50, M|100/100\n|-terastallize|p1a: Miraidon|Fairy\n|move|p2b: Calyrex|Protect|p2b: Calyrex\n|-singleturn|p2b: Calyrex|Protect\n|move|p1a: Miraidon|Dazzling Gleam|p2b: Calyrex|[spread] p2a\n|-activate|p2b: Calyrex|move: Protect\n|-damage|p2a: Araquanid|70/100\n|move|p1b: Ho-Oh|Recover|p1b: Ho-Oh\n|-heal|p1b: Ho-Oh|65/100\n|\n|-damage|p2b: Calyrex|0 fnt|[from] brn\n|faint|p2b: Calyrex\n|-sideend|p1: Nd103|move: Tailwind\n|-fieldend|move: Electric Terrain\n|upkeep\n|\n|t:|1774987573\n|switch|p2b: Miraidon|Miraidon, L50|100/100\n|-fieldstart|move: Electric Terrain|[from] ability: Hadron Engine|[of] p2b: Miraidon\n|turn|6\n|\n|t:|1774987596\n|move|p2a: Araquanid|Wide Guard|p2a: Araquanid\n|-singleturn|p2a: Araquanid|Wide Guard\n|move|p2b: Miraidon|Electro Drift|p1b: Ho-Oh\n|-supereffective|p1b: Ho-Oh\n|-damage|p1b: Ho-Oh|0 fnt\n|faint|p1b: Ho-Oh\n|move|p1a: Miraidon|Dazzling Gleam|p2b: Miraidon|[spread] \n|-activate|p2a: Araquanid|move: Wide Guard\n|-activate|p2b: Miraidon|move: Wide Guard\n|\n|upkeep\n|turn|7\n|\n|t:|1774987609\n|move|p2a: Araquanid|Wide Guard|p2a: Araquanid\n|-singleturn|p2a: Araquanid|Wide Guard\n|move|p2b: Miraidon|Electro Drift|p1a: Miraidon\n|-damage|p1a: Miraidon|53/100\n|move|p1a: Miraidon|Draco Meteor|p2b: Miraidon\n|-supereffective|p2b: Miraidon\n|-damage|p2b: Miraidon|0 fnt\n|-unboost|p1a: Miraidon|spa|2\n|faint|p2b: Miraidon\n|\n|upkeep\n|turn|8\n|\n|t:|1774987628\n|move|p2a: Araquanid|Protect||[still]\n|-fail|p2a: Araquanid\n|move|p1a: Miraidon|Volt Switch|p2a: Araquanid\n|-supereffective|p2a: Araquanid\n|-damage|p2a: Araquanid|20/100\n|\n|upkeep\n|turn|9\n|\n|t:|1774987636\n|move|p1a: Miraidon|Electro Drift|p2a: Araquanid\n|-supereffective|p2a: Araquanid\n|-crit|p2a: Araquanid\n|-damage|p2a: Araquanid|0 fnt\n|faint|p2a: Araquanid\n|\n|win|Nd103\n|raw|Nd103's rating: 1400 &rarr; <strong>1417</strong><br />(+17 for winning)\n|raw|the gamblerler's rating: 1343 &rarr; <strong>1326</strong><br />(-17 for losing)\n|l|\u2606the gamblerler\n|player|p2|\n|l|\u203dNd103\n|player|p1|\n","uploadtime":1774987779,"views":11,"formatid":"gen9vgc2026regi","rating":1326,"private":0,"password":null}