{"id":"gen9vgc2026regi-2542046709","format":"[Gen 9] VGC 2026 Reg I","players":["marcxhenry","Henry0117"],"log":"|j|\u2606marcxhenry\n|j|\u2606Henry0117\n|t:|1771405640\n|gametype|doubles\n|player|p1|marcxhenry|hilbert-wonderlauncher|1440\n|player|p2|Henry0117|ingo|1414\n|gen|9\n|tier|[Gen 9] VGC 2026 Reg I\n|rated|\n|rule|Species Clause: Limit one of each Pok\u00e9mon\n|rule|Item Clause: Limit 1 of each item\n|clearpoke\n|poke|p1|Calyrex-Shadow, L50|\n|poke|p1|Urshifu-*, L50, M|\n|poke|p1|Roaring Moon, L50|\n|poke|p1|Kyogre, L50|\n|poke|p1|Tsareena, L50, F|\n|poke|p1|Kingambit, L50, M|\n|poke|p2|Miraidon, L50|\n|poke|p2|Calyrex-Ice, L50|\n|poke|p2|Grimmsnarl, L50, M|\n|poke|p2|Volcarona, L50, F|\n|poke|p2|Incineroar, L50, F|\n|poke|p2|Landorus, L50, M|\n|teampreview|4\n|inactive|Battle timer is ON: inactive players will automatically lose when time's up. (requested by Henry0117)\n|inactive|Henry0117 has 60 seconds left.\n|\n|t:|1771405673\n|teamsize|p1|4\n|teamsize|p2|4\n|start\n|switch|p1a: Hermann|Kingambit, L50, M, shiny|100/100\n|switch|p1b: Ludwig|Calyrex-Shadow, L50|100/100\n|switch|p2a: Grimmsnarl|Grimmsnarl, L50, M, shiny|100/100\n|switch|p2b: Miraidon|Miraidon, L50, shiny|100/100\n|-ability|p1b: Ludwig|As One\n|-ability|p1b: Ludwig|Unnerve\n|-fieldstart|move: Electric Terrain|[from] ability: Hadron Engine|[of] p2b: Miraidon\n|turn|1\n|inactive|Henry0117 has 30 seconds left.\n|\n|t:|1771405702\n|move|p1b: Ludwig|Protect|p1b: Ludwig\n|-singleturn|p1b: Ludwig|Protect\n|move|p2a: Grimmsnarl|Light Screen|p2a: Grimmsnarl\n|-sidestart|p2: Henry0117|move: Light Screen\n|move|p2b: Miraidon|Electro Drift|p1b: Ludwig\n|-activate|p1b: Ludwig|move: Protect\n|move|p1a: Hermann|Kowtow Cleave|p2b: Miraidon\n|-damage|p2b: Miraidon|61/100\n|\n|upkeep\n|turn|2\n|\n|t:|1771405721\n|move|p2b: Miraidon|Electro Drift|p1a: Hermann\n|-damage|p1a: Hermann|41/100\n|move|p1b: Ludwig|Astral Barrage|p2b: Miraidon|[spread] p2a,p2b\n|-resisted|p2a: Grimmsnarl\n|-damage|p2a: Grimmsnarl|84/100\n|-damage|p2b: Miraidon|30/100\n|move|p2a: Grimmsnarl|Spirit Break|p1b: Ludwig\n|-damage|p1b: Ludwig|66/100\n|-unboost|p1b: Ludwig|spa|1\n|move|p1a: Hermann|Brick Break|p2b: Miraidon\n|-sideend|p2: Henry0117|move: Light Screen\n|-damage|p2b: Miraidon|6/100\n|\n|upkeep\n|turn|3\n|inactive|Henry0117 has 30 seconds left.\n|\n|t:|1771405747\n|switch|p2b: Landorus|Landorus, L50, M, shiny|100/100\n|move|p1b: Ludwig|Protect|p1b: Ludwig\n|-singleturn|p1b: Ludwig|Protect\n|move|p2a: Grimmsnarl|Spirit Break|p1b: Ludwig\n|-activate|p1b: Ludwig|move: Protect\n|move|p1a: Hermann|Iron Head|p2a: Grimmsnarl\n|-supereffective|p2a: Grimmsnarl\n|-damage|p2a: Grimmsnarl|0 fnt\n|faint|p2a: Grimmsnarl\n|\n|upkeep\n|\n|t:|1771405759\n|switch|p2a: Calyrex|Calyrex-Ice, L50|100/100\n|-ability|p2a: Calyrex|As One\n|-ability|p2a: Calyrex|Unnerve\n|turn|4\n|\n|t:|1771405776\n|-terastallize|p1a: Hermann|Grass\n|-terastallize|p2a: Calyrex|Fairy\n|move|p1b: Ludwig|Astral Barrage|p2b: Landorus|[spread] p2a,p2b\n|-damage|p2a: Calyrex|75/100\n|-damage|p2b: Landorus|66/100\n|move|p2b: Landorus|Earth Power|p1a: Hermann\n|-resisted|p1a: Hermann\n|-damage|p1a: Hermann|16/100\n|move|p1a: Hermann|Kowtow Cleave|p2a: Calyrex\n|-resisted|p2a: Calyrex\n|-damage|p2a: Calyrex|61/100\n|move|p2a: Calyrex|Trick Room|p2a: Calyrex\n|-fieldstart|move: Trick Room|[of] p2a: Calyrex\n|\n|upkeep\n|turn|5\n|\n|t:|1771405794\n|move|p1b: Ludwig|Protect|p1b: Ludwig\n|-singleturn|p1b: Ludwig|Protect\n|move|p2a: Calyrex|Glacial Lance|p1a: Hermann|[spread] p1a\n|-activate|p1b: Ludwig|move: Protect\n|-supereffective|p1a: Hermann\n|-damage|p1a: Hermann|0 fnt\n|faint|p1a: Hermann\n|-ability|p2a: Calyrex|Chilling Neigh|boost\n|-boost|p2a: Calyrex|atk|1\n|move|p2b: Landorus|Substitute|p2b: Landorus\n|-start|p2b: Landorus|Substitute\n|-damage|p2b: Landorus|41/100\n|\n|-fieldend|move: Electric Terrain\n|upkeep\n|\n|t:|1771405806\n|switch|p1a: Tripitz|Kyogre, L50, shiny|100/100\n|-weather|RainDance|[from] ability: Drizzle|[of] p1a: Tripitz\n|turn|6\n|\n|t:|1771405820\n|move|p2a: Calyrex|High Horsepower|p1a: Tripitz\n|-damage|p1a: Tripitz|27/100\n|move|p2b: Landorus|Earth Power|p1a: Tripitz\n|-damage|p1a: Tripitz|0 fnt\n|faint|p1a: Tripitz\n|move|p1b: Ludwig|Trick Room|p1b: Ludwig\n|-fieldend|move: Trick Room\n|\n|-weather|RainDance|[upkeep]\n|upkeep\n|\n|t:|1771405828\n|switch|p1a: Hitmonshe|Tsareena, L50, F, shiny|100/100\n|turn|7\n|\n|t:|1771405852\n|move|p1b: Ludwig|Protect|p1b: Ludwig\n|-singleturn|p1b: Ludwig|Protect\n|move|p2a: Calyrex|Protect|p2a: Calyrex\n|-singleturn|p2a: Calyrex|Protect\n|move|p2b: Landorus|Sludge Bomb|p1a: Hitmonshe\n|-supereffective|p1a: Hitmonshe\n|-damage|p1a: Hitmonshe|0 fnt\n|faint|p1a: Hitmonshe\n|\n|-weather|RainDance|[upkeep]\n|upkeep\n|turn|8\n|-message|marcxhenry forfeited.\n|\n|win|Henry0117\n|raw|marcxhenry's rating: 1440 &rarr; <strong>1419</strong><br />(-21 for losing)\n|raw|Henry0117's rating: 1414 &rarr; <strong>1435</strong><br />(+21 for winning)\n|l|\u2606marcxhenry\n|player|p1|\n|l|\u2606Henry0117\n|player|p2|\n","uploadtime":1771406033,"views":24,"formatid":"gen9vgc2026regi","rating":1419,"private":0,"password":null}