{"id":"gen9vgc2026regi-2528287796","format":"[Gen 9] VGC 2026 Reg I","players":["i\u2764\u5a1c\u7984forever","white__w0lf"],"log":"|j|\u2606i\u2764\u5a1c\u7984forever\n|j|\u2606white__w0lf\n|t:|1769637993\n|gametype|doubles\n|player|p1|i\u2764\u5a1c\u7984forever|youngcouple|1459\n|player|p2|white__w0lf|iris|1351\n|gen|9\n|tier|[Gen 9] VGC 2026 Reg I\n|rated|\n|rule|Species Clause: Limit one of each Pok\u00e9mon\n|rule|Item Clause: Limit 1 of each item\n|clearpoke\n|poke|p1|Groudon, L50|\n|poke|p1|Kyurem-White, L50|\n|poke|p1|Heatran, L50, F|\n|poke|p1|Whimsicott, L50, F|\n|poke|p1|Roaring Moon, L50|\n|poke|p1|Ditto, L50|\n|poke|p2|Ho-Oh, L50|\n|poke|p2|Miraidon, L50|\n|poke|p2|Torterra, L50, M|\n|poke|p2|Raichu-Alola, L50, M|\n|poke|p2|Tauros-Paldea-Aqua, L50, M|\n|poke|p2|Farigiraf, L50, F|\n|teampreview|4\n|inactive|Battle timer is ON: inactive players will automatically lose when time's up. (requested by white__w0lf)\n|inactive|i\u2764\u5a1c\u7984forever has 60 seconds left.\n|inactive|white__w0lf has 60 seconds left.\n|\n|t:|1769638041\n|teamsize|p1|4\n|teamsize|p2|4\n|start\n|switch|p1a: Whimsicott|Whimsicott, L50, F|100/100\n|switch|p1b: Kyurem|Kyurem-White, L50|100/100\n|switch|p2a: Miraidon|Miraidon, L50|100/100\n|switch|p2b: Raichu|Raichu-Alola, L50, M|100/100\n|-fieldstart|move: Electric Terrain|[from] ability: Hadron Engine|[of] p2a: Miraidon\n|-ability|p1b: Kyurem|Turboblaze\n|turn|1\n|inactive|white__w0lf has 30 seconds left.\n|inactive|white__w0lf has 20 seconds left.\n|inactive|white__w0lf has 15 seconds left.\n|inactive|white__w0lf has 10 seconds left.\n|inactive|white__w0lf has 5 seconds left.\n|\n|t:|1769638093\n|move|p2b: Raichu|Fake Out|p1b: Kyurem\n|-damage|p1b: Kyurem|94/100\n|move|p2a: Miraidon|Volt Switch|p1b: Kyurem\n|-resisted|p1b: Kyurem\n|-damage|p1b: Kyurem|52/100\n|\n|t:|1769638099\n|switch|p2a: Ho-Oh|Ho-Oh, L50|100/100|[from] Volt Switch\n|move|p1a: Whimsicott|Endeavor|p2a: Ho-Oh\n|-damage|p2a: Ho-Oh|58/100\n|cant|p1b: Kyurem|flinch\n|\n|upkeep\n|turn|2\n|\n|t:|1769638120\n|switch|p2b: Farigiraf|Farigiraf, L50, F|100/100\n|-enditem|p2b: Farigiraf|Electric Seed\n|-boost|p2b: Farigiraf|def|1|[from] item: Electric Seed\n|move|p1a: Whimsicott|Energy Ball|p2b: Farigiraf\n|-damage|p2b: Farigiraf|68/100\n|-unboost|p2b: Farigiraf|spd|1\n|move|p2a: Ho-Oh|Tailwind|p2a: Ho-Oh\n|-sidestart|p2: white__w0lf|move: Tailwind\n|move|p1b: Kyurem|Blizzard|p2b: Farigiraf|[spread] p2a,p2b\n|-damage|p2a: Ho-Oh|22/100\n|-damage|p2b: Farigiraf|0 fnt\n|faint|p2b: Farigiraf\n|\n|upkeep\n|\n|t:|1769638142\n|switch|p2b: Miraidon|Miraidon, L50|100/100\n|-activate|p2b: Miraidon|ability: Hadron Engine\n|turn|3\n|j| yippeee_hooray\n|\n|t:|1769638161\n|-terastallize|p2b: Miraidon|Fairy\n|move|p1a: Whimsicott|Tailwind|p1a: Whimsicott\n|-sidestart|p1: i\u2764\u5a1c\u7984forever|move: Tailwind\n|move|p2b: Miraidon|Dazzling Gleam|p1a: Whimsicott|[spread] p1a,p1b\n|-supereffective|p1b: Kyurem\n|-enditem|p1a: Whimsicott|Focus Sash\n|-damage|p1a: Whimsicott|1/100\n|-damage|p1b: Kyurem|0 fnt\n|faint|p1b: Kyurem\n|move|p2a: Ho-Oh|Sacred Fire|p1a: Whimsicott\n|-supereffective|p1a: Whimsicott\n|-damage|p1a: Whimsicott|0 fnt\n|faint|p1a: Whimsicott\n|\n|upkeep\n|\n|t:|1769638174\n|switch|p1a: Groudon|Groudon, L50|100/100\n|switch|p1b: Heatran|Heatran, L50, F|100/100\n|-weather|SunnyDay|[from] ability: Drought|[of] p1a: Groudon\n|turn|4\n|\n|t:|1769638191\n|switch|p2a: Raichu|Raichu-Alola, L50, M|100/100\n|move|p2b: Miraidon|Dazzling Gleam|p1b: Heatran|[spread] p1a,p1b\n|-resisted|p1b: Heatran\n|-damage|p1a: Groudon|64/100\n|-damage|p1b: Heatran|86/100\n|move|p1a: Groudon|Precipice Blades|p2b: Miraidon|[spread] p2a,p2b\n|-supereffective|p2a: Raichu\n|-crit|p2a: Raichu\n|-enditem|p2a: Raichu|Focus Sash\n|-damage|p2a: Raichu|1/100\n|-damage|p2b: Miraidon|50/100\n|move|p1b: Heatran|Substitute|p1b: Heatran\n|-start|p1b: Heatran|Substitute\n|-damage|p1b: Heatran|61/100\n|\n|-weather|SunnyDay|[upkeep]\n|-heal|p1b: Heatran|67/100|[from] item: Leftovers\n|upkeep\n|turn|5\n|inactive|white__w0lf has 30 seconds left.\n|\n|t:|1769638219\n|move|p2a: Raichu|Knock Off|p1a: Groudon\n|-damage|p1a: Groudon|49/100\n|-enditem|p1a: Groudon|Assault Vest|[from] move: Knock Off|[of] p2a: Raichu\n|move|p2b: Miraidon|Dazzling Gleam|p1b: Heatran|[spread] p1a,p1b\n|-resisted|p1b: Heatran\n|-activate|p1b: Heatran|move: Substitute|[damage]\n|-crit|p1a: Groudon\n|-damage|p1a: Groudon|0 fnt\n|faint|p1a: Groudon\n|move|p1b: Heatran|Heat Wave|p2b: Miraidon|[spread] p2a,p2b\n|-crit|p2a: Raichu\n|-damage|p2a: Raichu|0 fnt\n|-damage|p2b: Miraidon|2/100\n|faint|p2a: Raichu\n|\n|-weather|SunnyDay|[upkeep]\n|-heal|p1b: Heatran|73/100|[from] item: Leftovers\n|-sideend|p2: white__w0lf|move: Tailwind\n|-fieldend|move: Electric Terrain\n|upkeep\n|\n|t:|1769638226\n|switch|p2a: Ho-Oh|Ho-Oh, L50|56/100\n|turn|6\n|inactive|i\u2764\u5a1c\u7984forever has 30 seconds left.\n|inactive|i\u2764\u5a1c\u7984forever has 20 seconds left.\n|\n|t:|1769638261\n|move|p1b: Heatran|Heat Wave|p2a: Ho-Oh|[spread] p2a\n|-miss|p1b: Heatran|p2b: Miraidon\n|-resisted|p2a: Ho-Oh\n|-damage|p2a: Ho-Oh|40/100\n|move|p2b: Miraidon|Dazzling Gleam|p1b: Heatran\n|-resisted|p1b: Heatran\n|-end|p1b: Heatran|Substitute\n|move|p2a: Ho-Oh|Brave Bird|p1b: Heatran\n|-resisted|p1b: Heatran\n|-damage|p1b: Heatran|48/100\n|-damage|p2a: Ho-Oh|32/100|[from] Recoil\n|\n|-weather|SunnyDay|[upkeep]\n|-heal|p1b: Heatran|55/100|[from] item: Leftovers\n|-sideend|p1: i\u2764\u5a1c\u7984forever|move: Tailwind\n|upkeep\n|turn|7\n|inactive|i\u2764\u5a1c\u7984forever has 30 seconds left.\n|inactive|i\u2764\u5a1c\u7984forever has 20 seconds left.\n|inactive|i\u2764\u5a1c\u7984forever has 15 seconds left.\n|\n|t:|1769638305\n|move|p2b: Miraidon|Dazzling Gleam|p1b: Heatran\n|-resisted|p1b: Heatran\n|-damage|p1b: Heatran|40/100\n|move|p2a: Ho-Oh|Brave Bird|p1b: Heatran\n|-resisted|p1b: Heatran\n|-damage|p1b: Heatran|13/100\n|-damage|p2a: Ho-Oh|24/100|[from] Recoil\n|move|p1b: Heatran|Heat Wave|p2a: Ho-Oh|[spread] p2a,p2b\n|-resisted|p2a: Ho-Oh\n|-crit|p2b: Miraidon\n|-damage|p2a: Ho-Oh|9/100\n|-damage|p2b: Miraidon|0 fnt\n|faint|p2b: Miraidon\n|\n|-weather|SunnyDay|[upkeep]\n|-heal|p1b: Heatran|19/100|[from] item: Leftovers\n|upkeep\n|turn|8\n|\n|t:|1769638316\n|move|p1b: Heatran|Protect|p1b: Heatran\n|-singleturn|p1b: Heatran|Protect\n|move|p2a: Ho-Oh|Brave Bird|p1b: Heatran\n|-activate|p1b: Heatran|move: Protect\n|\n|-weather|none\n|-heal|p1b: Heatran|25/100|[from] item: Leftovers\n|upkeep\n|turn|9\n|\n|t:|1769638319\n|move|p2a: Ho-Oh|Brave Bird|p1b: Heatran\n|-resisted|p1b: Heatran\n|-damage|p1b: Heatran|2/100\n|-damage|p2a: Ho-Oh|1/100|[from] Recoil\n|move|p1b: Heatran|Heat Wave|p2a: Ho-Oh\n|-resisted|p2a: Ho-Oh\n|-damage|p2a: Ho-Oh|0 fnt\n|faint|p2a: Ho-Oh\n|\n|win|i\u2764\u5a1c\u7984forever\n|raw|i\u2764\u5a1c\u7984forever's rating: 1459 &rarr; <strong>1473</strong><br />(+14 for winning)\n|raw|white__w0lf's rating: 1351 &rarr; <strong>1337</strong><br />(-14 for losing)\n|l|\u2606white__w0lf\n|player|p2|\n|l|\u2606i\u2764\u5a1c\u7984forever\n|player|p1|\n","uploadtime":1769638502,"views":26,"formatid":"gen9vgc2026regi","rating":1337,"private":0,"password":null}