{"id":"gen9vgc2026regi-2551506642","format":"[Gen 9] VGC 2026 Reg I","players":["Kao Liang","drive stone"],"log":"|j|\u2606Kao Liang\n|j|\u2606drive stone\n|t:|1772613243\n|gametype|doubles\n|player|p1|Kao Liang|kieran-champion|1408\n|player|p2|drive stone|cilan|1427\n|gen|9\n|tier|[Gen 9] VGC 2026 Reg I\n|rated|\n|rule|Species Clause: Limit one of each Pok\u00e9mon\n|rule|Item Clause: Limit 1 of each item\n|clearpoke\n|poke|p1|Torkoal, L50, M|\n|poke|p1|Calyrex-Ice, L50|\n|poke|p1|Indeedee-F, L50, F|\n|poke|p1|Urshifu-*, L50, M|\n|poke|p1|Lunala, L50|\n|poke|p1|Smeargle, L50, M|\n|poke|p2|Calyrex-Ice, L50|\n|poke|p2|Ho-Oh, L50|\n|poke|p2|Overqwil, L50, M|\n|poke|p2|Rillaboom, L50, F|\n|poke|p2|Ting-Lu, L50|\n|poke|p2|Ogerpon-Wellspring, L50, F|\n|teampreview|4\n|inactive|Battle timer is ON: inactive players will automatically lose when time's up. (requested by Kao Liang)\n|\n|t:|1772613267\n|teamsize|p1|4\n|teamsize|p2|4\n|start\n|switch|p1a: Calyrex|Calyrex-Ice, L50|100/100\n|switch|p1b: Smeargle|Smeargle, L50, M, shiny|100/100\n|switch|p2a: Calyrex|Calyrex-Ice, L50|100/100\n|switch|p2b: Overqwil|Overqwil, L50, M|100/100\n|-ability|p2a: Calyrex|As One\n|-ability|p2a: Calyrex|Unnerve\n|-ability|p1a: Calyrex|As One\n|-ability|p1a: Calyrex|Unnerve\n|-ability|p2b: Overqwil|Intimidate|boost\n|-fail|p1a: Calyrex|unboost|[from] item: Clear Amulet|[of] p1a: Calyrex\n|-unboost|p1b: Smeargle|atk|1\n|turn|1\n|inactive|Kao Liang has 30 seconds left.\n|\n|t:|1772613293\n|-terastallize|p1a: Calyrex|Fire\n|move|p1b: Smeargle|Decorate|p1a: Calyrex\n|-boost|p1a: Calyrex|atk|2\n|-boost|p1a: Calyrex|spa|2\n|move|p2b: Overqwil|Toxic Spikes|p1a: Calyrex\n|-sidestart|p1: Kao Liang|move: Toxic Spikes\n|move|p2a: Calyrex|Leech Seed|p1a: Calyrex\n|-start|p1a: Calyrex|move: Leech Seed\n|move|p1a: Calyrex|High Horsepower|p2b: Overqwil\n|-supereffective|p2b: Overqwil\n|-damage|p2b: Overqwil|0 fnt\n|faint|p2b: Overqwil\n|-ability|p1a: Calyrex|Chilling Neigh|boost\n|-boost|p1a: Calyrex|atk|1\n|\n|-damage|p1a: Calyrex|88/100|[from] Leech Seed|[of] p2a: Calyrex\n|upkeep\n|inactive|drive stone has 30 seconds left.\n|\n|t:|1772613322\n|switch|p2b: Ho-Oh|Ho-Oh, L50|100/100\n|turn|2\n|\n|t:|1772613333\n|move|p1b: Smeargle|Decorate|p1a: Calyrex\n|-boost|p1a: Calyrex|atk|2\n|-boost|p1a: Calyrex|spa|2\n|move|p1a: Calyrex|Glacial Lance|p2b: Ho-Oh|[spread] p2a,p2b\n|-resisted|p2a: Calyrex\n|-damage|p2a: Calyrex|45/100\n|-damage|p2b: Ho-Oh|0 fnt\n|faint|p2b: Ho-Oh\n|-ability|p1a: Calyrex|Chilling Neigh|boost\n|-boost|p1a: Calyrex|atk|1\n|move|p2a: Calyrex|Trick Room|p2a: Calyrex\n|-fieldstart|move: Trick Room|[of] p2a: Calyrex\n|\n|-heal|p2a: Calyrex|51/100|[from] item: Leftovers\n|-damage|p1a: Calyrex|76/100|[from] Leech Seed|[of] p2a: Calyrex\n|-heal|p2a: Calyrex|63/100|[silent]\n|upkeep\n|\n|t:|1772613348\n|switch|p2b: Ting-Lu|Ting-Lu, L50|100/100\n|-ability|p2b: Ting-Lu|Vessel of Ruin\n|turn|3\n|\n|t:|1772613357\n|move|p2a: Calyrex|Protect|p2a: Calyrex\n|-singleturn|p2a: Calyrex|Protect\n|move|p1b: Smeargle|Follow Me|p1b: Smeargle\n|-singleturn|p1b: Smeargle|move: Follow Me\n|move|p1a: Calyrex|Glacial Lance|p2a: Calyrex|[spread] p2b\n|-activate|p2a: Calyrex|move: Protect\n|-supereffective|p2b: Ting-Lu\n|-damage|p2b: Ting-Lu|0 fnt\n|faint|p2b: Ting-Lu\n|\n|-heal|p2a: Calyrex|69/100|[from] item: Leftovers\n|-damage|p1a: Calyrex|64/100|[from] Leech Seed|[of] p2a: Calyrex\n|-heal|p2a: Calyrex|81/100|[silent]\n|upkeep\n|turn|4\n|\n|t:|1772613379\n|move|p1a: Calyrex|Glacial Lance|p2a: Calyrex\n|-resisted|p2a: Calyrex\n|-damage|p2a: Calyrex|1/100\n|move|p2a: Calyrex|Leech Seed|p1b: Smeargle\n|-start|p1b: Smeargle|move: Leech Seed\n|move|p1b: Smeargle|Spore|p2a: Calyrex\n|-status|p2a: Calyrex|slp|[from] move: Spore\n|\n|-heal|p2a: Calyrex|7/100 slp|[from] item: Leftovers\n|-damage|p1a: Calyrex|52/100|[from] Leech Seed|[of] p2a: Calyrex\n|-heal|p2a: Calyrex|19/100 slp|[silent]\n|-damage|p1b: Smeargle|88/100|[from] Leech Seed|[of] p2a: Calyrex\n|-heal|p2a: Calyrex|27/100 slp|[silent]\n|upkeep\n|turn|5\n|-message|drive stone forfeited.\n|\n|win|Kao Liang\n|raw|Kao Liang's rating: 1408 &rarr; <strong>1429</strong><br />(+21 for winning)\n|raw|drive stone's rating: 1427 &rarr; <strong>1406</strong><br />(-21 for losing)\n|l|\u2606drive stone\n|player|p2|\n|l|\u2606Kao Liang\n|player|p1|\n","uploadtime":1772613558,"views":15,"formatid":"gen9vgc2026regi","rating":1406,"private":0,"password":null}