{"id":"gen9vgc2026regi-2552242524","format":"[Gen 9] VGC 2026 Reg I","players":["CHR1SPHX","neo-bespa"],"log":"|j|\u2606CHR1SPHX\n|j|\u2606neo-bespa\n|t:|1772695526\n|gametype|doubles\n|player|p1|CHR1SPHX|hilbert|1321\n|player|p2|neo-bespa|265|1256\n|gen|9\n|tier|[Gen 9] VGC 2026 Reg I\n|rated|\n|rule|Species Clause: Limit one of each Pok\u00e9mon\n|rule|Item Clause: Limit 1 of each item\n|clearpoke\n|poke|p1|Lunala, L50|\n|poke|p1|Amoonguss, L50, M|\n|poke|p1|Ting-Lu, L50|\n|poke|p1|Incineroar, L50, M|\n|poke|p1|Koraidon, L50|\n|poke|p1|Flutter Mane, L50|\n|poke|p2|Lunala, L50|\n|poke|p2|Koraidon, L50|\n|poke|p2|Brute Bonnet, L50|\n|poke|p2|Indeedee-F, L50, F|\n|poke|p2|Flutter Mane, L50|\n|poke|p2|Ogerpon-Cornerstone, L50, F|\n|teampreview|4\n|inactive|Battle timer is ON: inactive players will automatically lose when time's up. (requested by CHR1SPHX)\n|inactive|CHR1SPHX has 60 seconds left.\n|\n|t:|1772695560\n|teamsize|p1|4\n|teamsize|p2|4\n|start\n|switch|p1a: Flutter Mane|Flutter Mane, L50|100/100\n|switch|p1b: Incineroar|Incineroar, L50, M|100/100\n|switch|p2a: \u5168\u533a\u6700\u70ed\u7684\u8725|Koraidon, L50|100/100\n|switch|p2b: \u5168\u6751\u6700\u5feb\u7684\u83c7|Brute Bonnet, L50, shiny|100/100\n|-weather|SunnyDay|[from] ability: Orichalcum Pulse|[of] p2a: \u5168\u533a\u6700\u70ed\u7684\u8725\n|-activate|p1a: Flutter Mane|ability: Protosynthesis\n|-start|p1a: Flutter Mane|protosynthesisspe\n|-activate|p2b: \u5168\u6751\u6700\u5feb\u7684\u83c7|ability: Protosynthesis\n|-start|p2b: \u5168\u6751\u6700\u5feb\u7684\u83c7|protosynthesisatk\n|-activate|p2a: \u5168\u533a\u6700\u70ed\u7684\u8725|Orichalcum Pulse|[source]\n|-ability|p1b: Incineroar|Intimidate|boost\n|-unboost|p2a: \u5168\u533a\u6700\u70ed\u7684\u8725|atk|1\n|-unboost|p2b: \u5168\u6751\u6700\u5feb\u7684\u83c7|atk|1\n|turn|1\n|\n|t:|1772695582\n|switch|p2a: \u5168\u4e61\u6700\u70e7\u7684\u5be1\u5987|Ogerpon-Cornerstone, L50, F|100/100\n|-terastallize|p1a: Flutter Mane|Stellar\n|move|p2b: \u5168\u6751\u6700\u5feb\u7684\u83c7|Protect|p2b: \u5168\u6751\u6700\u5feb\u7684\u83c7\n|-singleturn|p2b: \u5168\u6751\u6700\u5feb\u7684\u83c7|Protect\n|move|p1a: Flutter Mane|Dazzling Gleam|p2a: \u5168\u4e61\u6700\u70e7\u7684\u5be1\u5987|[spread] p2a\n|-activate|p2b: \u5168\u6751\u6700\u5feb\u7684\u83c7|move: Protect\n|-damage|p2a: \u5168\u4e61\u6700\u70e7\u7684\u5be1\u5987|53/100\n|move|p1b: Incineroar|Taunt|p2b: \u5168\u6751\u6700\u5feb\u7684\u83c7\n|-activate|p2b: \u5168\u6751\u6700\u5feb\u7684\u83c7|move: Protect\n|\n|-weather|SunnyDay|[upkeep]\n|upkeep\n|turn|2\n|inactive|neo-bespa has 30 seconds left.\n|inactive|CHR1SPHX has 30 seconds left.\n|inactive|neo-bespa has 20 seconds left.\n|\n|t:|1772695619\n|-terastallize|p2b: \u5168\u6751\u6700\u5feb\u7684\u83c7|Water\n|move|p1a: Flutter Mane|Shadow Ball|p2a: \u5168\u4e61\u6700\u70e7\u7684\u5be1\u5987\n|-crit|p2a: \u5168\u4e61\u6700\u70e7\u7684\u5be1\u5987\n|-damage|p2a: \u5168\u4e61\u6700\u70e7\u7684\u5be1\u5987|0 fnt\n|faint|p2a: \u5168\u4e61\u6700\u70e7\u7684\u5be1\u5987\n|move|p2b: \u5168\u6751\u6700\u5feb\u7684\u83c7|Crunch|p1a: Flutter Mane\n|-crit|p1a: Flutter Mane\n|-enditem|p1a: Flutter Mane|Focus Sash\n|-damage|p1a: Flutter Mane|1/100\n|move|p1b: Incineroar|Taunt|p2b: \u5168\u6751\u6700\u5feb\u7684\u83c7\n|-start|p2b: \u5168\u6751\u6700\u5feb\u7684\u83c7|move: Taunt\n|\n|-weather|SunnyDay|[upkeep]\n|upkeep\n|\n|t:|1772695635\n|switch|p2a: \u5168\u5929\u6700\u6015\u9ed1\u7684\u8760|Lunala, L50|100/100\n|turn|3\n|\n|t:|1772695651\n|move|p1a: Flutter Mane|Protect|p1a: Flutter Mane\n|-singleturn|p1a: Flutter Mane|Protect\n|move|p2a: \u5168\u5929\u6700\u6015\u9ed1\u7684\u8760|Protect|p2a: \u5168\u5929\u6700\u6015\u9ed1\u7684\u8760\n|-singleturn|p2a: \u5168\u5929\u6700\u6015\u9ed1\u7684\u8760|Protect\n|move|p2b: \u5168\u6751\u6700\u5feb\u7684\u83c7|Trailblaze|p1a: Flutter Mane\n|-activate|p1a: Flutter Mane|move: Protect\n|move|p1b: Incineroar|Taunt|p2a: \u5168\u5929\u6700\u6015\u9ed1\u7684\u8760\n|-activate|p2a: \u5168\u5929\u6700\u6015\u9ed1\u7684\u8760|move: Protect\n|\n|-weather|SunnyDay|[upkeep]\n|upkeep\n|turn|4\n|\n|t:|1772695668\n|move|p1a: Flutter Mane|Shadow Ball|p2a: \u5168\u5929\u6700\u6015\u9ed1\u7684\u8760\n|-supereffective|p2a: \u5168\u5929\u6700\u6015\u9ed1\u7684\u8760\n|-damage|p2a: \u5168\u5929\u6700\u6015\u9ed1\u7684\u8760|40/100\n|-unboost|p2a: \u5168\u5929\u6700\u6015\u9ed1\u7684\u8760|spd|1\n|move|p2a: \u5168\u5929\u6700\u6015\u9ed1\u7684\u8760|Meteor Beam||[still]\n|-prepare|p2a: \u5168\u5929\u6700\u6015\u9ed1\u7684\u8760|Meteor Beam\n|-boost|p2a: \u5168\u5929\u6700\u6015\u9ed1\u7684\u8760|spa|1\n|-enditem|p2a: \u5168\u5929\u6700\u6015\u9ed1\u7684\u8760|Power Herb\n|-anim|p2a: \u5168\u5929\u6700\u6015\u9ed1\u7684\u8760|Meteor Beam|p1b: Incineroar\n|-supereffective|p1b: Incineroar\n|-crit|p1b: Incineroar\n|-damage|p1b: Incineroar|0 fnt\n|faint|p1b: Incineroar\n|move|p2b: \u5168\u6751\u6700\u5feb\u7684\u83c7|Trailblaze|p1a: Flutter Mane\n|-damage|p1a: Flutter Mane|0 fnt\n|-boost|p2b: \u5168\u6751\u6700\u5feb\u7684\u83c7|spe|1\n|faint|p1a: Flutter Mane\n|-end|p1a: Flutter Mane|Protosynthesis|[silent]\n|\n|-weather|SunnyDay|[upkeep]\n|upkeep\n|\n|t:|1772695678\n|switch|p1a: Koraidon|Koraidon, L50|100/100\n|switch|p1b: Lunala|Lunala, L50, shiny|100/100\n|-activate|p1a: Koraidon|ability: Orichalcum Pulse\n|turn|5\n|inactive|CHR1SPHX has 30 seconds left.\n|inactive|neo-bespa has 30 seconds left.\n|inactive|CHR1SPHX has 20 seconds left.\n|\n|t:|1772695713\n|move|p1a: Koraidon|Collision Course|p2b: \u5168\u6751\u6700\u5feb\u7684\u83c7\n|-damage|p2b: \u5168\u6751\u6700\u5feb\u7684\u83c7|46/100\n|-enditem|p2b: \u5168\u6751\u6700\u5feb\u7684\u83c7|Sitrus Berry|[eat]\n|-heal|p2b: \u5168\u6751\u6700\u5feb\u7684\u83c7|71/100|[from] item: Sitrus Berry\n|move|p2b: \u5168\u6751\u6700\u5feb\u7684\u83c7|Trailblaze|p1b: Lunala\n|-damage|p1b: Lunala|93/100\n|-boost|p2b: \u5168\u6751\u6700\u5feb\u7684\u83c7|spe|1\n|move|p2a: \u5168\u5929\u6700\u6015\u9ed1\u7684\u8760|Moongeist Beam|p1b: Lunala\n|-supereffective|p1b: Lunala\n|-damage|p1b: Lunala|0 fnt\n|faint|p1b: Lunala\n|\n|-weather|none\n|-end|p2b: \u5168\u6751\u6700\u5feb\u7684\u83c7|Protosynthesis\n|-end|p2b: \u5168\u6751\u6700\u5feb\u7684\u83c7|move: Taunt\n|upkeep\n|turn|6\n|-message|CHR1SPHX forfeited.\n|\n|win|neo-bespa\n|raw|CHR1SPHX's rating: 1321 &rarr; <strong>1297</strong><br />(-24 for losing)\n|raw|neo-bespa's rating: 1256 &rarr; <strong>1286</strong><br />(+30 for winning)\n|l|\u2606CHR1SPHX\n|player|p1|\n|l|\u2606neo-bespa\n|player|p2|\n","uploadtime":1772696009,"views":12,"formatid":"gen9vgc2026regi","rating":1286,"private":0,"password":null}