{"id":"gen9vgc2026regi-2563090982","format":"[Gen 9] VGC 2026 Reg I","players":["mitakasa","kyoshi4"],"log":"|j|\u203dmitakasa\n|j|\u2606kyoshi4\n|t:|1773983950\n|gametype|doubles\n|player|p1|mitakasa|101|1208\n|player|p2|kyoshi4|cynthia-gen4|1264\n|gen|9\n|tier|[Gen 9] VGC 2026 Reg I\n|rated|\n|rule|Species Clause: Limit one of each Pok\u00e9mon\n|rule|Item Clause: Limit 1 of each item\n|clearpoke\n|poke|p1|Smeargle, L50, M|\n|poke|p1|Calyrex-Shadow, L50|\n|poke|p1|Muk-Alola, L50, F|\n|poke|p1|Cresselia, L50, F|\n|poke|p1|Rillaboom, L50, F|\n|poke|p1|Flamigo, L50, F|\n|poke|p2|Miraidon, L50|\n|poke|p2|Lunala, L50|\n|poke|p2|Whimsicott, L50, M|\n|poke|p2|Urshifu-*, L50, F|\n|poke|p2|Incineroar, L50, F|\n|poke|p2|Ursaluna, L50, M|\n|teampreview|4\n|inactive|Battle timer is ON: inactive players will automatically lose when time's up. (requested by kyoshi4)\n|\n|t:|1773983975\n|teamsize|p1|4\n|teamsize|p2|4\n|start\n|switch|p1a: Smeargle|Smeargle, L50, M|100/100\n|switch|p1b: Muk|Muk-Alola, L50, F|100/100\n|switch|p2a: Lunala|Lunala, L50|100/100\n|switch|p2b: Urshifu|Urshifu-Rapid-Strike, L50, F|100/100\n|turn|1\n|\n|t:|1773983996\n|-terastallize|p2b: Urshifu|Ghost\n|-terastallize|p1b: Muk|Grass\n|move|p2b: Urshifu|Close Combat|p1b: Muk\n|-damage|p1b: Muk|8/100\n|-unboost|p2b: Urshifu|def|1\n|-unboost|p2b: Urshifu|spd|1\n|move|p1a: Smeargle|Spore|p2b: Urshifu\n|-status|p2b: Urshifu|slp|[from] move: Spore\n|move|p2a: Lunala|Moonblast|p1b: Muk\n|-damage|p1b: Muk|0 fnt\n|faint|p1b: Muk\n|\n|-ability|p1a: Smeargle|Moody|boost\n|-boost|p1a: Smeargle|def|2\n|-unboost|p1a: Smeargle|atk|1\n|upkeep\n|\n|t:|1773984018\n|switch|p1b: Calyrex|Calyrex-Shadow, L50|100/100\n|-ability|p1b: Calyrex|As One\n|-ability|p1b: Calyrex|Unnerve\n|turn|2\n|\n|t:|1773984034\n|switch|p2b: Miraidon|Miraidon, L50|100/100\n|-fieldstart|move: Electric Terrain|[from] ability: Hadron Engine|[of] p2b: Miraidon\n|-enditem|p2a: Lunala|Electric Seed\n|-boost|p2a: Lunala|def|1|[from] item: Electric Seed\n|move|p2a: Lunala|Wide Guard|p2a: Lunala\n|-singleturn|p2a: Lunala|Wide Guard\n|move|p1b: Calyrex|Psychic|p2b: Miraidon\n|-damage|p2b: Miraidon|53/100\n|move|p1a: Smeargle|Spore|p2a: Lunala\n|-activate|p2a: Lunala|move: Electric Terrain\n|\n|-ability|p1a: Smeargle|Moody|boost\n|-boost|p1a: Smeargle|atk|2\n|-unboost|p1a: Smeargle|spd|1\n|upkeep\n|turn|3\n|\n|t:|1773984055\n|switch|p2a: Ursaluna|Ursaluna, L50, M|100/100\n|move|p1a: Smeargle|Follow Me|p1a: Smeargle\n|-singleturn|p1a: Smeargle|move: Follow Me\n|move|p1b: Calyrex|Astral Barrage|p2b: Miraidon|[spread] p2b\n|-immune|p2a: Ursaluna\n|-damage|p2b: Miraidon|1/100\n|move|p2b: Miraidon|Electro Drift|p1a: Smeargle\n|-enditem|p1a: Smeargle|Focus Sash\n|-damage|p1a: Smeargle|1/100\n|-damage|p2b: Miraidon|0 fnt|[from] item: Life Orb\n|faint|p2b: Miraidon\n|\n|-ability|p1a: Smeargle|Moody|boost\n|-boost|p1a: Smeargle|spd|2\n|-unboost|p1a: Smeargle|spe|1\n|-status|p2a: Ursaluna|brn|[from] item: Flame Orb\n|upkeep\n|\n|t:|1773984064\n|switch|p2b: Lunala|Lunala, L50|100/100\n|turn|4\n|inactive|mitakasa has 30 seconds left.\n|inactive|mitakasa has 20 seconds left.\n|\n|t:|1773984100\n|move|p1b: Calyrex|Psych Up|p1a: Smeargle\n|-copyboost|p1b: Calyrex|p1a: Smeargle|[from] move: Psych Up\n|move|p2b: Lunala|Moonblast|p1a: Smeargle\n|-damage|p1a: Smeargle|0 fnt\n|faint|p1a: Smeargle\n|move|p2a: Ursaluna|Headlong Rush|p1b: Calyrex\n|-damage|p1b: Calyrex|36/100\n|-unboost|p2a: Ursaluna|def|1\n|-unboost|p2a: Ursaluna|spd|1\n|\n|-damage|p2a: Ursaluna|94/100 brn|[from] brn\n|upkeep\n|\n|t:|1773984112\n|switch|p1a: Rillaboom|Rillaboom, L50, F|100/100\n|-fieldstart|move: Grassy Terrain|[from] ability: Grassy Surge|[of] p1a: Rillaboom\n|turn|5\n|\n|t:|1773984122\n|switch|p2a: Urshifu|Urshifu-Rapid-Strike, L50, F, tera:Ghost|100/100 slp\n|move|p2b: Lunala|Wide Guard|p2b: Lunala\n|-singleturn|p2b: Lunala|Wide Guard\n|move|p1b: Calyrex|Astral Barrage|p2a: Urshifu|[spread] \n|-activate|p2a: Urshifu|move: Wide Guard\n|-activate|p2b: Lunala|move: Wide Guard\n|move|p1a: Rillaboom|Wood Hammer|p2b: Lunala\n|-damage|p2b: Lunala|71/100\n|-damage|p1a: Rillaboom|89/100|[from] Recoil\n|\n|-heal|p1b: Calyrex|42/100|[from] Grassy Terrain\n|-heal|p2b: Lunala|77/100|[from] Grassy Terrain\n|-heal|p1a: Rillaboom|95/100|[from] Grassy Terrain\n|upkeep\n|turn|6\n|\n|t:|1773984146\n|move|p1b: Calyrex|Protect|p1b: Calyrex\n|-singleturn|p1b: Calyrex|Protect\n|cant|p2a: Urshifu|slp\n|move|p2b: Lunala|Moongeist Beam|p1b: Calyrex\n|-activate|p1b: Calyrex|move: Protect\n|move|p1a: Rillaboom|Wood Hammer|p2a: Urshifu\n|-damage|p2a: Urshifu|18/100 slp\n|-damage|p1a: Rillaboom|70/100|[from] Recoil\n|\n|-heal|p1b: Calyrex|48/100|[from] Grassy Terrain\n|-heal|p2a: Urshifu|24/100 slp|[from] Grassy Terrain\n|-heal|p2b: Lunala|83/100|[from] Grassy Terrain\n|-heal|p1a: Rillaboom|76/100|[from] Grassy Terrain\n|upkeep\n|turn|7\n|\n|t:|1773984169\n|move|p2b: Lunala|Wide Guard|p2b: Lunala\n|-singleturn|p2b: Lunala|Wide Guard\n|-curestatus|p2a: Urshifu|slp|[msg]\n|move|p2a: Urshifu|Aqua Jet|p1b: Calyrex\n|-damage|p1b: Calyrex|24/100\n|move|p1b: Calyrex|Astral Barrage|p2b: Lunala|[spread] \n|-activate|p2a: Urshifu|move: Wide Guard\n|-activate|p2b: Lunala|move: Wide Guard\n|move|p1a: Rillaboom|Wood Hammer|p2b: Lunala\n|-damage|p2b: Lunala|17/100\n|-damage|p1a: Rillaboom|49/100|[from] Recoil\n|\n|-heal|p1b: Calyrex|31/100|[from] Grassy Terrain\n|-heal|p2a: Urshifu|30/100|[from] Grassy Terrain\n|-heal|p2b: Lunala|23/100|[from] Grassy Terrain\n|-heal|p1a: Rillaboom|55/100|[from] Grassy Terrain\n|upkeep\n|turn|8\n|inactive|mitakasa has 30 seconds left.\n|\n|t:|1773984196\n|switch|p2a: Ursaluna|Ursaluna, L50, M|94/100 brn\n|move|p1a: Rillaboom|Grassy Glide|p2a: Ursaluna\n|-supereffective|p2a: Ursaluna\n|-damage|p2a: Ursaluna|43/100 brn\n|move|p1b: Calyrex|Astral Barrage|p2a: Ursaluna|[spread] p2b\n|-immune|p2a: Ursaluna\n|-supereffective|p2b: Lunala\n|-damage|p2b: Lunala|0 fnt\n|faint|p2b: Lunala\n|-ability|p1b: Calyrex|Grim Neigh|boost\n|-boost|p1b: Calyrex|spa|1\n|\n|-heal|p1b: Calyrex|37/100|[from] Grassy Terrain\n|-heal|p1a: Rillaboom|61/100|[from] Grassy Terrain\n|-heal|p2a: Ursaluna|49/100 brn|[from] Grassy Terrain\n|-damage|p2a: Ursaluna|43/100 brn|[from] brn\n|upkeep\n|\n|t:|1773984204\n|switch|p2b: Urshifu|Urshifu-Rapid-Strike, L50, F, tera:Ghost|30/100\n|turn|9\n|\n|t:|1773984222\n|move|p2a: Ursaluna|Protect|p2a: Ursaluna\n|-singleturn|p2a: Ursaluna|Protect\n|move|p2b: Urshifu|Aqua Jet|p1a: Rillaboom\n|-resisted|p1a: Rillaboom\n|-damage|p1a: Rillaboom|45/100\n|move|p1a: Rillaboom|Grassy Glide|p2b: Urshifu\n|-damage|p2b: Urshifu|0 fnt\n|faint|p2b: Urshifu\n|move|p1b: Calyrex|Psychic|p2a: Ursaluna\n|-activate|p2a: Ursaluna|move: Protect\n|\n|-heal|p1b: Calyrex|43/100|[from] Grassy Terrain\n|-heal|p1a: Rillaboom|51/100|[from] Grassy Terrain\n|-heal|p2a: Ursaluna|49/100 brn|[from] Grassy Terrain\n|-damage|p2a: Ursaluna|43/100 brn|[from] brn\n|-fieldend|move: Grassy Terrain\n|upkeep\n|turn|10\n|\n|t:|1773984241\n|move|p1b: Calyrex|Psychic|p2a: Ursaluna\n|-damage|p2a: Ursaluna|0 fnt\n|faint|p2a: Ursaluna\n|\n|win|mitakasa\n|raw|mitakasa's rating: 1208 &rarr; <strong>1237</strong><br />(+29 for winning)\n|raw|kyoshi4's rating: 1264 &rarr; <strong>1235</strong><br />(-29 for losing)\n|l|\u2606kyoshi4\n|player|p2|\n|l|\u203dmitakasa\n|player|p1|\n","uploadtime":1773984392,"views":10,"formatid":"gen9vgc2026regi","rating":1235,"private":0,"password":null}