{"id":"gen9vgc2026regi-2572467940","format":"[Gen 9] VGC 2026 Reg I","players":["bishmii","bananenen"],"log":"|j|\u203dbishmii\n|j|\u2606bananenen\n|t:|1775029055\n|gametype|doubles\n|player|p1|bishmii|101|1344\n|player|p2|bananenen|169|1437\n|gen|9\n|tier|[Gen 9] VGC 2026 Reg I\n|rated|\n|rule|Species Clause: Limit one of each Pok\u00e9mon\n|rule|Item Clause: Limit 1 of each item\n|clearpoke\n|poke|p1|Incineroar, L50, F|\n|poke|p1|Calyrex-Shadow, L50|\n|poke|p1|Tornadus, L50, M|\n|poke|p1|Rillaboom, L50, F|\n|poke|p1|Sylveon, L50, F|\n|poke|p1|Zamazenta-*, L50|\n|poke|p2|Calyrex-Ice, L50|\n|poke|p2|Miraidon, L50|\n|poke|p2|Incineroar, L50, F|\n|poke|p2|Whimsicott, L50, M|\n|poke|p2|Urshifu-*, L50, F|\n|poke|p2|Landorus, L50, M|\n|teampreview|4\n|inactive|Battle timer is ON: inactive players will automatically lose when time's up. (requested by bishmii)\n|inactive|bananenen has 60 seconds left.\n|\n|t:|1775029090\n|teamsize|p1|4\n|teamsize|p2|4\n|start\n|switch|p1a: Sylveon|Sylveon, L50, F|100/100\n|switch|p1b: Incineroar|Incineroar, L50, F|100/100\n|switch|p2a: Calyrex|Calyrex-Ice, L50|100/100\n|switch|p2b: Incineroar|Incineroar, L50, F|100/100\n|-ability|p2a: Calyrex|As One\n|-ability|p2a: Calyrex|Unnerve\n|-ability|p1b: Incineroar|Intimidate|boost\n|-fail|p2a: Calyrex|unboost|[from] item: Clear Amulet|[of] p2a: Calyrex\n|-unboost|p2b: Incineroar|atk|1\n|-ability|p2b: Incineroar|Intimidate|boost\n|-unboost|p1a: Sylveon|atk|1\n|-unboost|p1b: Incineroar|atk|1\n|turn|1\n|inactive|bishmii has 30 seconds left.\n|inactive|bananenen has 30 seconds left.\n|\n|t:|1775029121\n|-terastallize|p2a: Calyrex|Fairy\n|move|p1b: Incineroar|Fake Out|p2a: Calyrex\n|-damage|p2a: Calyrex|96/100\n|move|p2b: Incineroar|Fake Out|p1a: Sylveon\n|-damage|p1a: Sylveon|92/100\n|cant|p1a: Sylveon|flinch\n|cant|p2a: Calyrex|flinch\n|\n|-heal|p1a: Sylveon|98/100|[from] item: Leftovers\n|upkeep\n|turn|2\n|inactive|bananenen has 30 seconds left.\n|\n|t:|1775029152\n|move|p1b: Incineroar|Knock Off|p2a: Calyrex\n|-resisted|p2a: Calyrex\n|-damage|p2a: Calyrex|88/100\n|-enditem|p2a: Calyrex|Clear Amulet|[from] move: Knock Off|[of] p1b: Incineroar\n|move|p1a: Sylveon|Calm Mind|p1a: Sylveon\n|-boost|p1a: Sylveon|spa|1\n|-boost|p1a: Sylveon|spd|1\n|move|p2b: Incineroar|Flare Blitz|p1a: Sylveon\n|-crit|p1a: Sylveon\n|-damage|p1a: Sylveon|23/100\n|-damage|p2b: Incineroar|77/100|[from] Recoil\n|move|p2a: Calyrex|Glacial Lance|p1b: Incineroar|[spread] p1a,p1b\n|-resisted|p1b: Incineroar\n|-damage|p1a: Sylveon|0 fnt\n|-damage|p1b: Incineroar|77/100\n|faint|p1a: Sylveon\n|-ability|p2a: Calyrex|Chilling Neigh|boost\n|-boost|p2a: Calyrex|atk|1\n|\n|upkeep\n|\n|t:|1775029166\n|switch|p1a: Zamazenta|Zamazenta-Crowned, L50|100/100\n|-ability|p1a: Zamazenta|Dauntless Shield|boost\n|-boost|p1a: Zamazenta|def|1\n|turn|3\n|\n|t:|1775029177\n|switch|p2b: Landorus|Landorus, L50, M|100/100\n|move|p1a: Zamazenta|Body Press|p2b: Landorus\n|-resisted|p2b: Landorus\n|-damage|p2b: Landorus|75/100\n|move|p1b: Incineroar|Parting Shot|p2a: Calyrex\n|-unboost|p2a: Calyrex|atk|1\n|-unboost|p2a: Calyrex|spa|1\n|\n|t:|1775029182\n|switch|p1b: Rillaboom|Rillaboom, L50, F|100/100|[from] Parting Shot\n|-fieldstart|move: Grassy Terrain|[from] ability: Grassy Surge|[of] p1b: Rillaboom\n|move|p2a: Calyrex|Trick Room|p2a: Calyrex\n|-fieldstart|move: Trick Room|[of] p2a: Calyrex\n|\n|-heal|p2a: Calyrex|94/100|[from] Grassy Terrain\n|upkeep\n|turn|4\n|\n|t:|1775029203\n|move|p1b: Rillaboom|Fake Out|p2a: Calyrex\n|-damage|p2a: Calyrex|85/100\n|cant|p2a: Calyrex|flinch\n|move|p2b: Landorus|Earth Power|p1a: Zamazenta\n|-supereffective|p1a: Zamazenta\n|-damage|p1a: Zamazenta|3/100\n|move|p1a: Zamazenta|Body Press|p2b: Landorus\n|-resisted|p2b: Landorus\n|-damage|p2b: Landorus|50/100\n|\n|-heal|p2a: Calyrex|91/100|[from] Grassy Terrain\n|-heal|p1a: Zamazenta|9/100|[from] Grassy Terrain\n|upkeep\n|turn|5\n|\n|t:|1775029224\n|switch|p1b: Incineroar|Incineroar, L50, F|77/100\n|-ability|p1b: Incineroar|Intimidate|boost\n|-unboost|p2a: Calyrex|atk|1\n|-unboost|p2b: Landorus|atk|1\n|move|p1a: Zamazenta|Protect|p1a: Zamazenta\n|-singleturn|p1a: Zamazenta|Protect\n|move|p2a: Calyrex|Glacial Lance|p1a: Zamazenta|[spread] p1b\n|-activate|p1a: Zamazenta|move: Protect\n|-resisted|p1b: Incineroar\n|-damage|p1b: Incineroar|63/100\n|move|p2b: Landorus|Earth Power|p1a: Zamazenta\n|-activate|p1a: Zamazenta|move: Protect\n|\n|-heal|p2a: Calyrex|97/100|[from] Grassy Terrain\n|-heal|p1b: Incineroar|69/100|[from] Grassy Terrain\n|-heal|p1a: Zamazenta|15/100|[from] Grassy Terrain\n|upkeep\n|turn|6\n|\n|t:|1775029245\n|move|p1b: Incineroar|Fake Out|p2b: Landorus\n|-damage|p2b: Landorus|40/100\n|move|p2a: Calyrex|Leech Seed|p1a: Zamazenta\n|-start|p1a: Zamazenta|move: Leech Seed\n|cant|p2b: Landorus|flinch\n|move|p1a: Zamazenta|Body Press|p2b: Landorus\n|-resisted|p2b: Landorus\n|-damage|p2b: Landorus|14/100\n|\n|-heal|p2a: Calyrex|100/100|[from] Grassy Terrain\n|-heal|p1b: Incineroar|75/100|[from] Grassy Terrain\n|-heal|p1a: Zamazenta|21/100|[from] Grassy Terrain\n|-damage|p1a: Zamazenta|9/100|[from] Leech Seed|[of] p2a: Calyrex\n|upkeep\n|turn|7\n|\n|t:|1775029268\n|switch|p1a: Rillaboom|Rillaboom, L50, F|100/100\n|move|p2a: Calyrex|Glacial Lance|p1a: Rillaboom|[spread] p1a,p1b\n|-supereffective|p1a: Rillaboom\n|-resisted|p1b: Incineroar\n|-damage|p1a: Rillaboom|31/100\n|-damage|p1b: Incineroar|58/100\n|move|p1b: Incineroar|Knock Off|p2b: Landorus\n|-damage|p2b: Landorus|0 fnt\n|-enditem|p2b: Landorus|Life Orb|[from] move: Knock Off|[of] p1b: Incineroar\n|faint|p2b: Landorus\n|\n|-heal|p1b: Incineroar|64/100|[from] Grassy Terrain\n|-heal|p1a: Rillaboom|37/100|[from] Grassy Terrain\n|-fieldend|move: Trick Room\n|-fieldend|move: Grassy Terrain\n|upkeep\n|\n|t:|1775029279\n|switch|p2b: Incineroar|Incineroar, L50, F|77/100\n|-ability|p2b: Incineroar|Intimidate|boost\n|-unboost|p1a: Rillaboom|atk|1\n|-unboost|p1b: Incineroar|atk|1\n|turn|8\n|\n|t:|1775029297\n|-terastallize|p1a: Rillaboom|Fire\n|move|p1b: Incineroar|Fake Out||[still]\n|-hint|Fake Out only works on your first turn out.\n|-fail|p1b: Incineroar\n|move|p1a: Rillaboom|U-turn|p2b: Incineroar\n|-damage|p2b: Incineroar|64/100\n|\n|t:|1775029303\n|switch|p1a: Zamazenta|Zamazenta-Crowned, L50|9/100|[from] U-turn\n|move|p2b: Incineroar|U-turn|p1a: Zamazenta\n|-resisted|p1a: Zamazenta\n|-damage|p1a: Zamazenta|6/100\n|\n|t:|1775029309\n|switch|p2b: Miraidon|Miraidon, L50|100/100|[from] U-turn\n|-fieldstart|move: Electric Terrain|[from] ability: Hadron Engine|[of] p2b: Miraidon\n|move|p2a: Calyrex|Glacial Lance|p1a: Zamazenta|[spread] p1a,p1b\n|-resisted|p1a: Zamazenta\n|-resisted|p1b: Incineroar\n|-damage|p1a: Zamazenta|0 fnt\n|-damage|p1b: Incineroar|48/100\n|faint|p1a: Zamazenta\n|-ability|p2a: Calyrex|Chilling Neigh|boost\n|-boost|p2a: Calyrex|atk|1\n|\n|upkeep\n|\n|t:|1775029315\n|switch|p1a: Rillaboom|Rillaboom, L50, F, tera:Fire|37/100\n|-fieldstart|move: Grassy Terrain|[from] ability: Grassy Surge|[of] p1a: Rillaboom\n|turn|9\n|-message|bishmii forfeited.\n|\n|win|bananenen\n|raw|bishmii's rating: 1344 &rarr; <strong>1329</strong><br />(-15 for losing)\n|raw|bananenen's rating: 1437 &rarr; <strong>1452</strong><br />(+15 for winning)\n|l|\u203dbishmii\n|player|p1|\n","uploadtime":1775029348,"views":14,"formatid":"gen9vgc2026regi","rating":1329,"private":0,"password":null}