{"id":"gen9vgc2026regi-2577732533","format":"[Gen 9] VGC 2026 Reg I","players":["don juan dozo","zestylesty"],"log":"|j|\u2606don juan dozo\n|j|\u2606zestylesty\n|t:|1775600413\n|gametype|doubles\n|player|p1|don juan dozo|101|1509\n|player|p2|zestylesty|cynthia-gen4|1523\n|gen|9\n|tier|[Gen 9] VGC 2026 Reg I\n|rated|\n|rule|Species Clause: Limit one of each Pok\u00e9mon\n|rule|Item Clause: Limit 1 of each item\n|clearpoke\n|poke|p1|Calyrex-Shadow, L50|\n|poke|p1|Zamazenta-*, L50|\n|poke|p1|Ting-Lu, L50|\n|poke|p1|Dondozo, L50, F|\n|poke|p1|Chien-Pao, L50|\n|poke|p1|Ogerpon-Hearthflame, L50, F|\n|poke|p2|Calyrex-Ice, L50|\n|poke|p2|Miraidon, L50|\n|poke|p2|Grimmsnarl, L50, M|\n|poke|p2|Urshifu-*, L50, M|\n|poke|p2|Incineroar, L50, M|\n|poke|p2|Landorus, L50, M|\n|teampreview|4\n|\n|t:|1775600436\n|teamsize|p1|4\n|teamsize|p2|4\n|start\n|switch|p1a: 221 speed|Calyrex-Shadow, L50|100/100\n|switch|p1b: Chromakopia|Ogerpon-Hearthflame, L50, F|100/100\n|switch|p2a: Calyrex|Calyrex-Ice, L50|100/100\n|switch|p2b: Grimmsnarl|Grimmsnarl, L50, M|100/100\n|-ability|p1a: 221 speed|As One\n|-ability|p1a: 221 speed|Unnerve\n|-ability|p2a: Calyrex|As One\n|-ability|p2a: Calyrex|Unnerve\n|-ability|p1b: Chromakopia|Mold Breaker\n|turn|1\n|\n|t:|1775600465\n|move|p2a: Calyrex|Protect|p2a: Calyrex\n|-singleturn|p2a: Calyrex|Protect\n|move|p2b: Grimmsnarl|Reflect|p2b: Grimmsnarl\n|-sidestart|p2: zestylesty|Reflect\n|move|p1a: 221 speed|Astral Barrage|p2a: Calyrex|[spread] p2b\n|-activate|p2a: Calyrex|move: Protect\n|-resisted|p2b: Grimmsnarl\n|-damage|p2b: Grimmsnarl|75/100\n|move|p1b: Chromakopia|Wood Hammer|p2a: Calyrex\n|-activate|p2a: Calyrex|move: Protect\n|\n|upkeep\n|turn|2\n|j| RedPlaysvGC\n|l| RedPlaysvGC\n|\n|t:|1775600511\n|-terastallize|p2a: Calyrex|Water\n|move|p1b: Chromakopia|Follow Me|p1b: Chromakopia\n|-singleturn|p1b: Chromakopia|move: Follow Me\n|move|p2b: Grimmsnarl|Light Screen|p2b: Grimmsnarl\n|-sidestart|p2: zestylesty|move: Light Screen\n|move|p1a: 221 speed|Encore|p2a: Calyrex\n|-start|p2a: Calyrex|Encore\n|move|p2a: Calyrex|Protect||[still]\n|-fail|p2a: Calyrex\n|\n|upkeep\n|turn|3\n|\n|t:|1775600533\n|switch|p2a: Incineroar|Incineroar, L50, M|100/100\n|-ability|p2a: Incineroar|Intimidate|boost\n|-unboost|p1a: 221 speed|atk|1\n|-unboost|p1b: Chromakopia|atk|1\n|move|p2b: Grimmsnarl|Thunder Wave|p1a: 221 speed\n|-status|p1a: 221 speed|par\n|move|p1b: Chromakopia|Ivy Cudgel|p2b: Grimmsnarl|[anim] Ivy Cudgel Fire\n|-crit|p2b: Grimmsnarl\n|-damage|p2b: Grimmsnarl|0 fnt\n|faint|p2b: Grimmsnarl\n|move|p1a: 221 speed|Astral Barrage|p2a: Incineroar\n|-resisted|p2a: Incineroar\n|-damage|p2a: Incineroar|84/100\n|\n|upkeep\n|\n|t:|1775600547\n|switch|p2b: Miraidon|Miraidon, L50, shiny|100/100\n|-fieldstart|move: Electric Terrain|[from] ability: Hadron Engine|[of] p2b: Miraidon\n|turn|4\n|\n|t:|1775600560\n|switch|p1a: Jordan 96/97|Ting-Lu, L50|100/100\n|-ability|p1a: Jordan 96/97|Vessel of Ruin\n|move|p2a: Incineroar|Fake Out|p1b: Chromakopia\n|-damage|p1b: Chromakopia|85/100\n|move|p2b: Miraidon|Electro Drift|p1a: Jordan 96/97\n|-immune|p1a: Jordan 96/97\n|cant|p1b: Chromakopia|flinch\n|\n|upkeep\n|turn|5\n|\n|t:|1775600597\n|switch|p2b: Calyrex|Calyrex-Ice, L50, tera:Water|100/100\n|-ability|p2b: Calyrex|As One\n|-ability|p2b: Calyrex|Unnerve\n|move|p1b: Chromakopia|Spiky Shield|p1b: Chromakopia\n|-singleturn|p1b: Chromakopia|move: Protect\n|move|p2a: Incineroar|Flare Blitz|p1b: Chromakopia\n|-activate|p1b: Chromakopia|move: Protect\n|-damage|p2a: Incineroar|71/100|[from] Spiky Shield|[of] p1b: Chromakopia\n|move|p1a: Jordan 96/97|Sand Tomb|p2b: Calyrex\n|-damage|p2b: Calyrex|95/100\n|-activate|p2b: Calyrex|move: Sand Tomb|[of] p1a: Jordan 96/97\n|\n|-heal|p2b: Calyrex|100/100|[from] item: Leftovers\n|-damage|p2b: Calyrex|88/100|[from] move: Sand Tomb|[partiallytrapped]\n|upkeep\n|turn|6\n|\n|t:|1775600617\n|switch|p1b: Magnus Carlsen|Zamazenta-Crowned, L50|100/100\n|-ability|p1b: Magnus Carlsen|Dauntless Shield|boost\n|-boost|p1b: Magnus Carlsen|def|1\n|-terastallize|p1a: Jordan 96/97|Fairy\n|move|p2a: Incineroar|Flare Blitz|p1b: Magnus Carlsen\n|-supereffective|p1b: Magnus Carlsen\n|-damage|p1b: Magnus Carlsen|67/100\n|-damage|p2a: Incineroar|61/100|[from] Recoil\n|move|p2b: Calyrex|Leech Seed|p1a: Jordan 96/97\n|-start|p1a: Jordan 96/97|move: Leech Seed\n|move|p1a: Jordan 96/97|Sand Tomb|p2a: Incineroar\n|-supereffective|p2a: Incineroar\n|-damage|p2a: Incineroar|44/100\n|-activate|p2a: Incineroar|move: Sand Tomb|[of] p1a: Jordan 96/97\n|\n|-heal|p2b: Calyrex|94/100|[from] item: Leftovers\n|-damage|p1a: Jordan 96/97|88/100|[from] Leech Seed|[of] p2b: Calyrex\n|-heal|p2b: Calyrex|100/100|[silent]\n|-damage|p2a: Incineroar|32/100|[from] move: Sand Tomb|[partiallytrapped]\n|-damage|p2b: Calyrex|88/100|[from] move: Sand Tomb|[partiallytrapped]\n|upkeep\n|turn|7\n|\n|t:|1775600641\n|move|p1b: Magnus Carlsen|Body Press|p2a: Incineroar\n|-supereffective|p2a: Incineroar\n|-damage|p2a: Incineroar|0 fnt\n|faint|p2a: Incineroar\n|move|p2b: Calyrex|Leech Seed|p1b: Magnus Carlsen\n|-start|p1b: Magnus Carlsen|move: Leech Seed\n|move|p1a: Jordan 96/97|Ruination|p2b: Calyrex\n|-damage|p2b: Calyrex|44/100\n|\n|-heal|p2b: Calyrex|50/100|[from] item: Leftovers\n|-damage|p1b: Magnus Carlsen|55/100|[from] Leech Seed|[of] p2b: Calyrex\n|-heal|p2b: Calyrex|61/100|[silent]\n|-damage|p1a: Jordan 96/97|76/100|[from] Leech Seed|[of] p2b: Calyrex\n|-heal|p2b: Calyrex|76/100|[silent]\n|-damage|p2b: Calyrex|64/100|[from] move: Sand Tomb|[partiallytrapped]\n|upkeep\n|\n|t:|1775600646\n|switch|p2a: Miraidon|Miraidon, L50, shiny|100/100\n|-activate|p2a: Miraidon|ability: Hadron Engine\n|turn|8\n|\n|t:|1775600662\n|move|p1b: Magnus Carlsen|Body Press|p2a: Miraidon\n|-damage|p2a: Miraidon|61/100\n|move|p2a: Miraidon|Electro Drift|p1b: Magnus Carlsen\n|-damage|p1b: Magnus Carlsen|0 fnt\n|faint|p1b: Magnus Carlsen\n|move|p1a: Jordan 96/97|Sand Tomb|p2a: Miraidon\n|-supereffective|p2a: Miraidon\n|-damage|p2a: Miraidon|45/100\n|-activate|p2a: Miraidon|move: Sand Tomb|[of] p1a: Jordan 96/97\n|move|p2b: Calyrex|Trick Room|p2b: Calyrex\n|-fieldstart|move: Trick Room|[of] p2b: Calyrex\n|\n|-heal|p2b: Calyrex|70/100|[from] item: Leftovers\n|-damage|p1a: Jordan 96/97|64/100|[from] Leech Seed|[of] p2b: Calyrex\n|-heal|p2b: Calyrex|86/100|[silent]\n|-damage|p2b: Calyrex|73/100|[from] move: Sand Tomb|[partiallytrapped]\n|-damage|p2a: Miraidon|33/100|[from] move: Sand Tomb|[partiallytrapped]\n|-sideend|p2: zestylesty|Reflect\n|-fieldend|move: Electric Terrain\n|upkeep\n|\n|t:|1775600677\n|switch|p1b: 221 speed|Calyrex-Shadow, L50|100/100 par\n|-ability|p1b: 221 speed|As One\n|-ability|p1b: 221 speed|Unnerve\n|turn|9\n|\n|t:|1775600692\n|move|p1a: Jordan 96/97|Protect|p1a: Jordan 96/97\n|-singleturn|p1a: Jordan 96/97|Protect\n|move|p1b: 221 speed|Protect|p1b: 221 speed\n|-singleturn|p1b: 221 speed|Protect\n|move|p2b: Calyrex|Glacial Lance|p1b: 221 speed|[spread] \n|-activate|p1a: Jordan 96/97|move: Protect\n|-activate|p1b: 221 speed|move: Protect\n|move|p2a: Miraidon|Electro Drift|p1a: Jordan 96/97\n|-activate|p1a: Jordan 96/97|move: Protect\n|\n|-heal|p2b: Calyrex|79/100|[from] item: Leftovers\n|-damage|p1a: Jordan 96/97|51/100|[from] Leech Seed|[of] p2b: Calyrex\n|-heal|p2b: Calyrex|95/100|[silent]\n|-end|p2b: Calyrex|Sand Tomb|[partiallytrapped]\n|-damage|p2a: Miraidon|21/100|[from] move: Sand Tomb|[partiallytrapped]\n|-sideend|p2: zestylesty|move: Light Screen\n|upkeep\n|turn|10\n|\n|t:|1775600719\n|move|p1a: Jordan 96/97|Ruination|p2a: Miraidon\n|-damage|p2a: Miraidon|11/100\n|move|p2b: Calyrex|Glacial Lance|p1b: 221 speed|[spread] p1a,p1b\n|-damage|p1a: Jordan 96/97|23/100\n|-damage|p1b: 221 speed|34/100 par\n|move|p1b: 221 speed|Astral Barrage|p2b: Calyrex|[spread] p2a,p2b\n|-damage|p2a: Miraidon|0 fnt\n|-damage|p2b: Calyrex|69/100\n|faint|p2a: Miraidon\n|-ability|p1b: 221 speed|Grim Neigh|boost\n|-boost|p1b: 221 speed|spa|1\n|\n|-heal|p2b: Calyrex|74/100|[from] item: Leftovers\n|-damage|p1a: Jordan 96/97|11/100|[from] Leech Seed|[of] p2b: Calyrex\n|-heal|p2b: Calyrex|90/100|[silent]\n|upkeep\n|turn|11\n|\n|t:|1775600735\n|move|p1a: Jordan 96/97|Ruination|p2b: Calyrex|[miss]\n|-miss|p1a: Jordan 96/97|p2b: Calyrex\n|move|p2b: Calyrex|Glacial Lance|p1b: 221 speed|[spread] p1a,p1b\n|-damage|p1a: Jordan 96/97|0 fnt\n|-damage|p1b: 221 speed|0 fnt\n|faint|p1a: Jordan 96/97\n|faint|p1b: 221 speed\n|-ability|p2b: Calyrex|Chilling Neigh|boost\n|-boost|p2b: Calyrex|atk|2\n|\n|-heal|p2b: Calyrex|96/100|[from] item: Leftovers\n|upkeep\n|\n|t:|1775600740\n|switch|p1b: Chromakopia|Ogerpon-Hearthflame, L50, F|85/100\n|-ability|p1b: Chromakopia|Mold Breaker\n|turn|12\n|\n|t:|1775600751\n|move|p1b: Chromakopia|Spiky Shield|p1b: Chromakopia\n|-singleturn|p1b: Chromakopia|move: Protect\n|move|p2b: Calyrex|Glacial Lance|p1b: Chromakopia\n|-activate|p1b: Chromakopia|move: Protect\n|\n|-heal|p2b: Calyrex|100/100|[from] item: Leftovers\n|-fieldend|move: Trick Room\n|upkeep\n|turn|13\n|\n|t:|1775600766\n|move|p1b: Chromakopia|Wood Hammer|p2b: Calyrex\n|-supereffective|p2b: Calyrex\n|-damage|p2b: Calyrex|8/100\n|-damage|p1b: Chromakopia|45/100|[from] Recoil\n|move|p2b: Calyrex|Glacial Lance|p1b: Chromakopia\n|-damage|p1b: Chromakopia|0 fnt\n|faint|p1b: Chromakopia\n|\n|win|zestylesty\n|raw|don juan dozo's rating: 1509 &rarr; <strong>1490</strong><br />(-19 for losing)\n|raw|zestylesty's rating: 1523 &rarr; <strong>1542</strong><br />(+19 for winning)\n|l|\u2606zestylesty\n|player|p2|\n|l|\u2606don juan dozo\n|player|p1|\n","uploadtime":1775600984,"views":12,"formatid":"gen9vgc2026regi","rating":1490,"private":0,"password":null}