{"id":"gen9vgc2026regi-2529979324","format":"[Gen 9] VGC 2026 Reg I","players":["fogdocker","marcxhenry"],"log":"|j|\u2606fogdocker\n|j|\u2606marcxhenry\n|t:|1769857731\n|gametype|doubles\n|player|p1|fogdocker|266|1553\n|player|p2|marcxhenry|hilbert-wonderlauncher|1641\n|gen|9\n|tier|[Gen 9] VGC 2026 Reg I\n|rated|\n|rule|Species Clause: Limit one of each Pok\u00e9mon\n|rule|Item Clause: Limit 1 of each item\n|clearpoke\n|poke|p1|Koraidon, L50|\n|poke|p1|Flutter Mane, L50|\n|poke|p1|Calyrex-Ice, L50|\n|poke|p1|Incineroar, L50, M|\n|poke|p1|Rillaboom, L50, F|\n|poke|p1|Amoonguss, L50, F|\n|poke|p2|Calyrex-Shadow, L50|\n|poke|p2|Urshifu-*, L50, M|\n|poke|p2|Roaring Moon, L50|\n|poke|p2|Kyogre, L50|\n|poke|p2|Tsareena, L50, F|\n|poke|p2|Kingambit, L50, M|\n|teampreview|4\n|\n|t:|1769857803\n|teamsize|p1|4\n|teamsize|p2|4\n|start\n|switch|p1a: Flutter Mane|Flutter Mane, L50|100/100\n|switch|p1b: Rillaboom|Rillaboom, L50, F|100/100\n|switch|p2a: Ludwig|Calyrex-Shadow, L50|100/100\n|switch|p2b: Tripitz|Kyogre, L50, shiny|100/100\n|-ability|p2a: Ludwig|As One\n|-ability|p2a: Ludwig|Unnerve\n|-weather|RainDance|[from] ability: Drizzle|[of] p2b: Tripitz\n|-fieldstart|move: Grassy Terrain|[from] ability: Grassy Surge|[of] p1b: Rillaboom\n|turn|1\n|\n|t:|1769857827\n|switch|p2b: Hermann|Kingambit, L50, M, shiny|100/100\n|-terastallize|p2a: Ludwig|Normal\n|move|p1a: Flutter Mane|Protect|p1a: Flutter Mane\n|-singleturn|p1a: Flutter Mane|Protect\n|move|p1b: Rillaboom|Grassy Glide|p2a: Ludwig\n|-damage|p2a: Ludwig|55/100\n|move|p2a: Ludwig|Astral Barrage|p1a: Flutter Mane|[spread] p1b\n|-activate|p1a: Flutter Mane|move: Protect\n|-damage|p1b: Rillaboom|67/100\n|\n|-weather|RainDance|[upkeep]\n|-heal|p2a: Ludwig|61/100|[from] Grassy Terrain\n|-heal|p1b: Rillaboom|73/100|[from] Grassy Terrain\n|upkeep\n|turn|2\n|\n|t:|1769857868\n|-end|p1a: Flutter Mane|Protosynthesis|[silent]\n|switch|p1a: Amoonguss|Amoonguss, L50, F|100/100\n|move|p2a: Ludwig|Protect|p2a: Ludwig\n|-singleturn|p2a: Ludwig|Protect\n|move|p1b: Rillaboom|U-turn|p2b: Hermann\n|-damage|p2b: Hermann|82/100\n|\n|t:|1769857876\n|switch|p1b: Flutter Mane|Flutter Mane, L50|100/100|[from] U-turn\n|move|p2b: Hermann|Iron Head|p1a: Amoonguss\n|-damage|p1a: Amoonguss|62/100\n|-damage|p2b: Hermann|66/100|[from] item: Rocky Helmet|[of] p1a: Amoonguss\n|\n|-weather|RainDance|[upkeep]\n|-heal|p2a: Ludwig|67/100|[from] Grassy Terrain\n|-heal|p2b: Hermann|72/100|[from] Grassy Terrain\n|-heal|p1a: Amoonguss|68/100|[from] Grassy Terrain\n|upkeep\n|turn|3\n|\n|t:|1769857908\n|switch|p1a: Koraidon|Koraidon, L50|100/100\n|-weather|SunnyDay|[from] ability: Orichalcum Pulse|[of] p1a: Koraidon\n|-activate|p1b: Flutter Mane|ability: Protosynthesis\n|-start|p1b: Flutter Mane|protosynthesisspe\n|-activate|p1a: Koraidon|Orichalcum Pulse|[source]\n|-terastallize|p1b: Flutter Mane|Normal\n|move|p1b: Flutter Mane|Moonblast|p2a: Ludwig\n|-damage|p2a: Ludwig|19/100\n|move|p2a: Ludwig|Astral Barrage|p1b: Flutter Mane|[spread] p1a\n|-immune|p1b: Flutter Mane\n|-damage|p1a: Koraidon|42/100\n|move|p2b: Hermann|Kowtow Cleave|p1a: Koraidon\n|-resisted|p1a: Koraidon\n|-damage|p1a: Koraidon|21/100\n|\n|-weather|SunnyDay|[upkeep]\n|-heal|p2a: Ludwig|24/100|[from] Grassy Terrain\n|-heal|p1a: Koraidon|27/100|[from] Grassy Terrain\n|-heal|p2b: Hermann|78/100|[from] Grassy Terrain\n|upkeep\n|turn|4\n|\n|t:|1769857932\n|move|p2a: Ludwig|Protect|p2a: Ludwig\n|-singleturn|p2a: Ludwig|Protect\n|move|p2b: Hermann|Sucker Punch|p1b: Flutter Mane\n|-damage|p1b: Flutter Mane|16/100\n|move|p1b: Flutter Mane|Moonblast|p2b: Hermann\n|-damage|p2b: Hermann|45/100\n|-unboost|p2b: Hermann|spa|1\n|-ability|p2b: Hermann|Defiant|boost\n|-boost|p2b: Hermann|atk|2\n|move|p1a: Koraidon|Flame Charge|p2b: Hermann\n|-supereffective|p2b: Hermann\n|-damage|p2b: Hermann|0 fnt\n|-boost|p1a: Koraidon|spe|1\n|faint|p2b: Hermann\n|-damage|p1a: Koraidon|17/100|[from] item: Life Orb\n|\n|-weather|SunnyDay|[upkeep]\n|-heal|p1a: Koraidon|23/100|[from] Grassy Terrain\n|-heal|p1b: Flutter Mane|22/100|[from] Grassy Terrain\n|-heal|p2a: Ludwig|30/100|[from] Grassy Terrain\n|upkeep\n|\n|t:|1769857950\n|switch|p2b: Tripitz|Kyogre, L50, shiny|100/100\n|-weather|RainDance|[from] ability: Drizzle|[of] p2b: Tripitz\n|-end|p1b: Flutter Mane|Protosynthesis\n|turn|5\n|\n|t:|1769857966\n|-end|p1b: Flutter Mane|Protosynthesis|[silent]\n|switch|p1b: Amoonguss|Amoonguss, L50, F|100/100\n|move|p2a: Ludwig|Protect||[still]\n|-fail|p2a: Ludwig\n|move|p1a: Koraidon|Close Combat|p2a: Ludwig\n|-supereffective|p2a: Ludwig\n|-damage|p2a: Ludwig|0 fnt\n|-unboost|p1a: Koraidon|def|1\n|-unboost|p1a: Koraidon|spd|1\n|faint|p2a: Ludwig\n|-damage|p1a: Koraidon|13/100|[from] item: Life Orb\n|move|p2b: Tripitz|Origin Pulse|p1a: Koraidon|[spread] p1b\n|-miss|p2b: Tripitz|p1a: Koraidon\n|-resisted|p1b: Amoonguss\n|-damage|p1b: Amoonguss|58/100\n|\n|-weather|RainDance|[upkeep]\n|-heal|p1a: Koraidon|19/100|[from] Grassy Terrain\n|-heal|p1b: Amoonguss|64/100|[from] Grassy Terrain\n|-fieldend|move: Grassy Terrain\n|upkeep\n|-message|marcxhenry forfeited.\n|\n|win|fogdocker\n|raw|fogdocker's rating: 1553 &rarr; <strong>1578</strong><br />(+25 for winning)\n|raw|marcxhenry's rating: 1641 &rarr; <strong>1616</strong><br />(-25 for losing)\n|l|\u2606marcxhenry\n|player|p2|\n|l|\u2606fogdocker\n|player|p1|\n","uploadtime":1769858151,"views":64,"formatid":"gen9vgc2026regi","rating":1578,"private":0,"password":null}