{"id":"gen9vgc2026regi-2535259222","format":"[Gen 9] VGC 2026 Reg I","players":["j0l0k0","cpinalli3"],"log":"|j|\u2606j0l0k0\n|j|\u2606cpinalli3\n|t:|1770538952\n|gametype|doubles\n|player|p1|j0l0k0|brycen|1445\n|player|p2|cpinalli3|elesa|1449\n|gen|9\n|tier|[Gen 9] VGC 2026 Reg I\n|rated|\n|rule|Species Clause: Limit one of each Pok\u00e9mon\n|rule|Item Clause: Limit 1 of each item\n|clearpoke\n|poke|p1|Calyrex-Ice, L50|\n|poke|p1|Kyogre, L50|\n|poke|p1|Indeedee-F, L50, F|\n|poke|p1|Urshifu-*, L50, F|\n|poke|p1|Amoonguss, L50, F|\n|poke|p1|Landorus, L50, M|\n|poke|p2|Kyogre, L50|\n|poke|p2|Flutter Mane, L50|\n|poke|p2|Urshifu-*, L50, F|\n|poke|p2|Landorus, L50, M|\n|poke|p2|Smeargle, L50, M|\n|poke|p2|Calyrex-Ice, L50|\n|teampreview|4\n|inactive|Battle timer is ON: inactive players will automatically lose when time's up. (requested by j0l0k0)\n|inactive|j0l0k0 has 60 seconds left.\n|\n|t:|1770538991\n|teamsize|p1|4\n|teamsize|p2|4\n|start\n|switch|p1a: Kyogre|Kyogre, L50, shiny|100/100\n|switch|p1b: Indeedee|Indeedee-F, L50, F, shiny|100/100\n|switch|p2a: Smeargle|Smeargle, L50, M|100/100\n|switch|p2b: Calyrex|Calyrex-Ice, L50|100/100\n|-ability|p2b: Calyrex|As One\n|-ability|p2b: Calyrex|Unnerve\n|-fieldstart|move: Psychic Terrain|[from] ability: Psychic Surge|[of] p1b: Indeedee\n|-weather|RainDance|[from] ability: Drizzle|[of] p1a: Kyogre\n|turn|1\n|\n|t:|1770539004\n|-terastallize|p2b: Calyrex|Grass\n|move|p2a: Smeargle|Fake Out|p1b: Indeedee\n|-activate|p1b: Indeedee|move: Psychic Terrain\n|move|p1b: Indeedee|Follow Me|p1b: Indeedee\n|-singleturn|p1b: Indeedee|move: Follow Me\n|move|p1a: Kyogre|Water Spout|p2b: Calyrex|[spread] p2a,p2b\n|-resisted|p2b: Calyrex\n|-crit|p2b: Calyrex\n|-damage|p2a: Smeargle|0 fnt\n|-damage|p2b: Calyrex|45/100\n|faint|p2a: Smeargle\n|move|p2b: Calyrex|Trick Room|p2b: Calyrex\n|-fieldstart|move: Trick Room|[of] p2b: Calyrex\n|\n|-weather|RainDance|[upkeep]\n|upkeep\n|c|\u2606cpinalli3|oops\n|c|\u2606cpinalli3|misclick\n|\n|t:|1770539016\n|switch|p2a: alex|Kyogre, L50|100/100\n|turn|2\n|\n|t:|1770539021\n|move|p1b: Indeedee|Helping Hand|p1a: Kyogre\n|-singleturn|p1a: Kyogre|Helping Hand|[of] p1b: Indeedee\n|move|p2a: alex|Water Spout|p1a: Kyogre|[spread] p1a,p1b\n|-resisted|p1a: Kyogre\n|-damage|p1a: Kyogre|77/100\n|-damage|p1b: Indeedee|16/100\n|move|p2b: Calyrex|Seed Bomb|p1a: Kyogre\n|-supereffective|p1a: Kyogre\n|-damage|p1a: Kyogre|0 fnt\n|faint|p1a: Kyogre\n|-ability|p2b: Calyrex|Chilling Neigh|boost\n|-boost|p2b: Calyrex|atk|1\n|\n|-weather|RainDance|[upkeep]\n|upkeep\n|\n|t:|1770539033\n|switch|p1a: Calyrex|Calyrex-Ice, L50|100/100\n|-ability|p1a: Calyrex|As One\n|-ability|p1a: Calyrex|Unnerve\n|turn|3\n|\n|t:|1770539047\n|move|p1b: Indeedee|Helping Hand|p1a: Calyrex\n|-singleturn|p1a: Calyrex|Helping Hand|[of] p1b: Indeedee\n|move|p2a: alex|Water Spout|p1a: Calyrex|[spread] p1a,p1b\n|-damage|p1a: Calyrex|22/100\n|-damage|p1b: Indeedee|0 fnt\n|faint|p1b: Indeedee\n|move|p2b: Calyrex|Seed Bomb|p1a: Calyrex\n|-damage|p1a: Calyrex|0 fnt\n|faint|p1a: Calyrex\n|-ability|p2b: Calyrex|Chilling Neigh|boost\n|-boost|p2b: Calyrex|atk|1\n|\n|-weather|RainDance|[upkeep]\n|upkeep\n|\n|t:|1770539057\n|switch|p1b: Urshifu|Urshifu, L50, F|100/100\n|turn|4\n|\n|t:|1770539063\n|move|p1b: Urshifu|Protect|p1b: Urshifu\n|-singleturn|p1b: Urshifu|Protect\n|move|p2a: alex|Water Spout|p1b: Urshifu\n|-activate|p1b: Urshifu|move: Protect\n|move|p2b: Calyrex|Seed Bomb|p1b: Urshifu\n|-activate|p1b: Urshifu|move: Protect\n|\n|-weather|RainDance|[upkeep]\n|upkeep\n|turn|5\n|\n|t:|1770539068\n|move|p1b: Urshifu|Protect|p1b: Urshifu\n|-singleturn|p1b: Urshifu|Protect\n|move|p2a: alex|Water Spout|p1b: Urshifu\n|-activate|p1b: Urshifu|move: Protect\n|move|p2b: Calyrex|Seed Bomb|p1b: Urshifu\n|-activate|p1b: Urshifu|move: Protect\n|\n|-weather|none\n|-fieldend|move: Trick Room\n|-fieldend|move: Psychic Terrain\n|upkeep\n|turn|6\n|j| lunala fairy ghost\n|\n|t:|1770539072\n|move|p1b: Urshifu|Wicked Blow|p2a: alex\n|-crit|p2a: alex\n|-damage|p2a: alex|44/100\n|move|p2b: Calyrex|Seed Bomb|p1b: Urshifu\n|-enditem|p1b: Urshifu|Focus Sash\n|-damage|p1b: Urshifu|1/100\n|move|p2a: alex|Origin Pulse|p1b: Urshifu\n|-damage|p1b: Urshifu|0 fnt\n|faint|p1b: Urshifu\n|\n|win|cpinalli3\n|raw|j0l0k0's rating: 1445 &rarr; <strong>1425</strong><br />(-20 for losing)\n|raw|cpinalli3's rating: 1449 &rarr; <strong>1469</strong><br />(+20 for winning)\n|l|\u2606j0l0k0\n|player|p1|\n|l|\u2606cpinalli3\n|player|p2|\n|l| lunala fairy ghost\n","uploadtime":1770539285,"views":14,"formatid":"gen9vgc2026regi","rating":1425,"private":0,"password":null}