{"id":"gen9vgc2026regi-2547446398","format":"[Gen 9] VGC 2026 Reg I","players":["lalo's pollos","sabunoko"],"log":"|j|\u2606lalo's pollos\n|j|\u203dsabunoko\n|t:|1772089928\n|gametype|doubles\n|player|p1|lalo's pollos|265|1498\n|player|p2|sabunoko|ethan|1390\n|gen|9\n|tier|[Gen 9] VGC 2026 Reg I\n|rated|\n|rule|Species Clause: Limit one of each Pok\u00e9mon\n|rule|Item Clause: Limit 1 of each item\n|clearpoke\n|poke|p1|Zamazenta-*, L50|\n|poke|p1|Lunala, L50|\n|poke|p1|Rillaboom, L50, M|\n|poke|p1|Incineroar, L50, F|\n|poke|p1|Urshifu-*, L50, M|\n|poke|p1|Tornadus, L50, M|\n|poke|p2|Eternatus, L50|\n|poke|p2|Calyrex-Shadow, L50|\n|poke|p2|Kingambit, L50, F|\n|poke|p2|Tornadus, L50, M|\n|poke|p2|Ogerpon-Wellspring, L50, F|\n|poke|p2|Incineroar, L50, F|\n|teampreview|4\n|\n|t:|1772089985\n|teamsize|p1|4\n|teamsize|p2|4\n|start\n|switch|p1a: Tornadus|Tornadus, L50, M|100/100\n|switch|p1b: Lunala|Lunala, L50|100/100\n|switch|p2a: Eternatus|Eternatus, L50|100/100\n|switch|p2b: Tornadus|Tornadus, L50, M|100/100\n|-ability|p2a: Eternatus|Pressure\n|turn|1\n|inactive|Battle timer is ON: inactive players will automatically lose when time's up. (requested by lalo's pollos)\n|\n|t:|1772090033\n|move|p2b: Tornadus|Protect|p2b: Tornadus\n|-singleturn|p2b: Tornadus|Protect\n|move|p1a: Tornadus|Taunt|p2a: Eternatus\n|-start|p2a: Eternatus|move: Taunt\n|move|p2a: Eternatus|Sludge Wave|p1a: Tornadus|[spread] p1a,p1b\n|-activate|p2b: Tornadus|move: Protect\n|-resisted|p1b: Lunala\n|-damage|p1a: Tornadus|13/100\n|-damage|p1b: Lunala|89/100\n|move|p1b: Lunala|Calm Mind|p1b: Lunala\n|-boost|p1b: Lunala|spa|1\n|-boost|p1b: Lunala|spd|1\n|\n|-heal|p1b: Lunala|95/100|[from] item: Leftovers\n|upkeep\n|turn|2\n|inactive|sabunoko has 30 seconds left.\n|\n|t:|1772090062\n|switch|p2a: Calyrex|Calyrex-Shadow, L50|100/100\n|-ability|p2a: Calyrex|As One\n|-ability|p2a: Calyrex|Unnerve\n|switch|p1a: Zamazenta|Zamazenta-Crowned, L50|100/100\n|-ability|p1a: Zamazenta|Dauntless Shield|boost\n|-boost|p1a: Zamazenta|def|1\n|move|p2b: Tornadus|Tailwind|p2b: Tornadus\n|-sidestart|p2: sabunoko|move: Tailwind\n|move|p1b: Lunala|Moongeist Beam|p2b: Tornadus\n|-damage|p2b: Tornadus|11/100\n|\n|-heal|p1b: Lunala|100/100|[from] item: Leftovers\n|upkeep\n|turn|3\n|\n|t:|1772090082\n|move|p2a: Calyrex|Protect|p2a: Calyrex\n|-singleturn|p2a: Calyrex|Protect\n|move|p1a: Zamazenta|Wide Guard|p1a: Zamazenta\n|-singleturn|p1a: Zamazenta|Wide Guard\n|move|p2b: Tornadus|Sunny Day|p2b: Tornadus\n|-weather|SunnyDay\n|move|p1b: Lunala|Moongeist Beam|p2a: Calyrex\n|-activate|p2a: Calyrex|move: Protect\n|\n|-weather|SunnyDay|[upkeep]\n|upkeep\n|turn|4\n|\n|t:|1772090101\n|switch|p2b: Eternatus|Eternatus, L50|100/100\n|-ability|p2b: Eternatus|Pressure\n|move|p1a: Zamazenta|Wide Guard|p1a: Zamazenta\n|-singleturn|p1a: Zamazenta|Wide Guard\n|move|p2a: Calyrex|Encore|p1a: Zamazenta\n|-start|p1a: Zamazenta|Encore\n|move|p1b: Lunala|Moongeist Beam|p2a: Calyrex\n|-supereffective|p2a: Calyrex\n|-enditem|p2a: Calyrex|Focus Sash\n|-damage|p2a: Calyrex|1/100\n|\n|-weather|SunnyDay|[upkeep]\n|upkeep\n|turn|5\n|\n|t:|1772090121\n|-terastallize|p2b: Eternatus|Dark\n|move|p2a: Calyrex|Protect|p2a: Calyrex\n|-singleturn|p2a: Calyrex|Protect\n|move|p1a: Zamazenta|Wide Guard|p1a: Zamazenta\n|-singleturn|p1a: Zamazenta|Wide Guard\n|move|p2b: Eternatus|Flamethrower|p1a: Zamazenta\n|-supereffective|p1a: Zamazenta\n|-damage|p1a: Zamazenta|0 fnt\n|faint|p1a: Zamazenta\n|move|p1b: Lunala|Moongeist Beam|p2b: Eternatus\n|-resisted|p2b: Eternatus\n|-damage|p2b: Eternatus|65/100\n|\n|-weather|SunnyDay|[upkeep]\n|-sideend|p2: sabunoko|move: Tailwind\n|upkeep\n|\n|t:|1772090127\n|switch|p1a: Tornadus|Tornadus, L50, M|13/100\n|turn|6\n|\n|t:|1772090147\n|switch|p2a: Tornadus|Tornadus, L50, M|11/100\n|move|p1a: Tornadus|Tailwind|p1a: Tornadus\n|-sidestart|p1: lalo's pollos|move: Tailwind\n|move|p1b: Lunala|Moonblast|p2a: Tornadus\n|-damage|p2a: Tornadus|0 fnt\n|faint|p2a: Tornadus\n|move|p2b: Eternatus|Flamethrower|p1b: Lunala\n|-damage|p1b: Lunala|81/100\n|\n|-weather|SunnyDay|[upkeep]\n|-heal|p1b: Lunala|87/100|[from] item: Leftovers\n|upkeep\n|\n|t:|1772090158\n|switch|p2a: Ogerpon|Ogerpon-Wellspring, L50, F|100/100\n|turn|7\n|\n|t:|1772090169\n|move|p1b: Lunala|Protect|p1b: Lunala\n|-singleturn|p1b: Lunala|Protect\n|move|p2a: Ogerpon|Spiky Shield|p2a: Ogerpon\n|-singleturn|p2a: Ogerpon|move: Protect\n|move|p1a: Tornadus|Bleakwind Storm|p2a: Ogerpon|[spread] p2b\n|-activate|p2a: Ogerpon|move: Protect\n|-damage|p2b: Eternatus|32/100\n|-unboost|p2b: Eternatus|spe|1\n|move|p2b: Eternatus|Flamethrower|p1b: Lunala\n|-activate|p1b: Lunala|move: Protect\n|\n|-weather|none\n|-heal|p1b: Lunala|93/100|[from] item: Leftovers\n|upkeep\n|turn|8\n|\n|t:|1772090186\n|move|p2a: Ogerpon|Spiky Shield||[still]\n|-fail|p2a: Ogerpon\n|move|p1a: Tornadus|Bleakwind Storm|p2b: Eternatus|[spread] p2a,p2b\n|-supereffective|p2a: Ogerpon\n|-damage|p2a: Ogerpon|27/100\n|-damage|p2b: Eternatus|2/100\n|move|p1b: Lunala|Moongeist Beam|p2a: Ogerpon\n|-damage|p2a: Ogerpon|0 fnt\n|faint|p2a: Ogerpon\n|move|p2b: Eternatus|Flamethrower|p1a: Tornadus\n|-damage|p1a: Tornadus|0 fnt\n|faint|p1a: Tornadus\n|\n|-heal|p1b: Lunala|99/100|[from] item: Leftovers\n|upkeep\n|\n|t:|1772090194\n|switch|p1a: Rillaboom|Rillaboom, L50, M|100/100\n|switch|p2a: Calyrex|Calyrex-Shadow, L50|1/100\n|-ability|p2a: Calyrex|As One\n|-ability|p2a: Calyrex|Unnerve\n|-fieldstart|move: Grassy Terrain|[from] ability: Grassy Surge|[of] p1a: Rillaboom\n|turn|9\n|\n|t:|1772090202\n|move|p2a: Calyrex|Protect|p2a: Calyrex\n|-singleturn|p2a: Calyrex|Protect\n|move|p1a: Rillaboom|Fake Out|p2b: Eternatus\n|-damage|p2b: Eternatus|0 fnt\n|faint|p2b: Eternatus\n|move|p1b: Lunala|Moongeist Beam|p2a: Calyrex\n|-activate|p2a: Calyrex|move: Protect\n|\n|-heal|p1b: Lunala|100/100|[from] Grassy Terrain\n|-heal|p2a: Calyrex|7/100|[from] Grassy Terrain\n|-sideend|p1: lalo's pollos|move: Tailwind\n|upkeep\n|turn|10\n|\n|t:|1772090213\n|move|p2a: Calyrex|Astral Barrage|p1b: Lunala|[spread] p1a,p1b\n|-supereffective|p1b: Lunala\n|-damage|p1a: Rillaboom|58/100\n|-damage|p1b: Lunala|45/100\n|move|p1b: Lunala|Calm Mind|p1b: Lunala\n|-boost|p1b: Lunala|spa|1\n|-boost|p1b: Lunala|spd|1\n|move|p1a: Rillaboom|Wood Hammer|p2a: Calyrex\n|-damage|p2a: Calyrex|0 fnt\n|faint|p2a: Calyrex\n|-damage|p1a: Rillaboom|56/100|[from] Recoil\n|\n|win|lalo's pollos\n|raw|lalo&apos;s pollos's rating: 1498 &rarr; <strong>1512</strong><br />(+14 for winning)\n|raw|sabunoko's rating: 1390 &rarr; <strong>1376</strong><br />(-14 for losing)\n|l|\u203dsabunoko\n|player|p2|\n","uploadtime":1772090396,"views":13,"formatid":"gen9vgc2026regi","rating":1376,"private":0,"password":null}