{"id":"gen9vgc2026regi-2565406235","format":"[Gen 9] VGC 2026 Reg I","players":["SycrasisEU","micod"],"log":"|j|\u2606SycrasisEU\n|j|\u2606micod\n|t:|1774272466\n|gametype|doubles\n|player|p1|SycrasisEU|byron|1163\n|player|p2|micod|2|1267\n|gen|9\n|tier|[Gen 9] VGC 2026 Reg I\n|rated|\n|rule|Species Clause: Limit one of each Pok\u00e9mon\n|rule|Item Clause: Limit 1 of each item\n|clearpoke\n|poke|p1|Calyrex-Shadow, L50|\n|poke|p1|Clefairy, L50, F|\n|poke|p1|Toxapex, L50, F|\n|poke|p1|Koraidon, L50|\n|poke|p1|Roaring Moon, L50|\n|poke|p1|Raichu, L50, F|\n|poke|p2|Tornadus, L50, M|\n|poke|p2|Groudon, L50|\n|poke|p2|Archaludon, L50, F|\n|poke|p2|Flutter Mane, L50|\n|poke|p2|Pelipper, L50, M|\n|poke|p2|Zamazenta-*, L50|\n|teampreview|4\n|inactive|Battle timer is ON: inactive players will automatically lose when time's up. (requested by micod)\n|inactive|SycrasisEU has 60 seconds left.\n|\n|t:|1774272507\n|teamsize|p1|4\n|teamsize|p2|4\n|start\n|switch|p1a: Toxapex|Toxapex, L50, F|100/100\n|switch|p1b: Raichu|Raichu, L50, F|100/100\n|switch|p2a: Tornadus|Tornadus, L50, M|100/100\n|switch|p2b: Flutter Mane|Flutter Mane, L50|100/100\n|turn|1\n|inactive|micod has 30 seconds left.\n|\n|t:|1774272541\n|-end|p2b: Flutter Mane|Protosynthesis|[silent]\n|switch|p2b: Groudon|Groudon, L50|100/100\n|-weather|SunnyDay|[from] ability: Drought|[of] p2b: Groudon\n|move|p2a: Tornadus|Tailwind|p2a: Tornadus\n|-sidestart|p2: micod|move: Tailwind\n|move|p1b: Raichu|Nuzzle|p2b: Groudon\n|-immune|p2b: Groudon\n|move|p1a: Toxapex|Icy Wind|p2b: Groudon|[spread] p2a,p2b\n|-supereffective|p2a: Tornadus\n|-supereffective|p2b: Groudon\n|-damage|p2a: Tornadus|85/100\n|-damage|p2b: Groudon|89/100\n|-unboost|p2a: Tornadus|spe|1\n|\n|-weather|SunnyDay|[upkeep]\n|upkeep\n|turn|2\n|inactive|SycrasisEU has 30 seconds left.\n|inactive|SycrasisEU has 20 seconds left.\n|inactive|SycrasisEU has 15 seconds left.\n|\n|t:|1774272586\n|move|p1a: Toxapex|Baneful Bunker|p1a: Toxapex\n|-singleturn|p1a: Toxapex|move: Protect\n|move|p2a: Tornadus|Bleakwind Storm|p1a: Toxapex|[spread] p1b\n|-activate|p1a: Toxapex|move: Protect\n|-resisted|p1b: Raichu\n|-damage|p1b: Raichu|69/100\n|move|p2b: Groudon|Precipice Blades|p1b: Raichu|[spread] p1b\n|-activate|p1a: Toxapex|move: Protect\n|-supereffective|p1b: Raichu\n|-damage|p1b: Raichu|0 fnt\n|faint|p1b: Raichu\n|\n|-weather|SunnyDay|[upkeep]\n|upkeep\n|\n|t:|1774272598\n|switch|p1b: Calyrex|Calyrex-Shadow, L50|100/100\n|-ability|p1b: Calyrex|As One\n|-ability|p1b: Calyrex|Unnerve\n|turn|3\n|inactive|micod has 30 seconds left.\n|inactive|micod has 20 seconds left.\n|inactive|micod has 15 seconds left.\n|\n|t:|1774272639\n|switch|p2a: Flutter Mane|Flutter Mane, L50|100/100\n|-activate|p2a: Flutter Mane|ability: Protosynthesis\n|-start|p2a: Flutter Mane|protosynthesisspa\n|-terastallize|p1b: Calyrex|Ghost\n|move|p1a: Toxapex|Wide Guard|p1a: Toxapex\n|-singleturn|p1a: Toxapex|Wide Guard\n|move|p2b: Groudon|Precipice Blades|p1b: Calyrex|[spread] \n|-activate|p1a: Toxapex|move: Wide Guard\n|-activate|p1b: Calyrex|move: Wide Guard\n|move|p1b: Calyrex|Astral Barrage|p2a: Flutter Mane|[spread] p2a,p2b\n|-supereffective|p2a: Flutter Mane\n|-enditem|p2a: Flutter Mane|Focus Sash\n|-damage|p2a: Flutter Mane|1/100\n|-damage|p2b: Groudon|0 fnt\n|faint|p2b: Groudon\n|-ability|p1b: Calyrex|Grim Neigh|boost\n|-boost|p1b: Calyrex|spa|1\n|\n|-weather|SunnyDay|[upkeep]\n|upkeep\n|\n|t:|1774272662\n|switch|p2b: Zamazenta|Zamazenta-Crowned, L50|100/100\n|-ability|p2b: Zamazenta|Dauntless Shield|boost\n|-boost|p2b: Zamazenta|def|1\n|turn|4\n|\n|t:|1774272681\n|switch|p1b: Koraidon|Koraidon, L50, shiny|100/100\n|-activate|p1b: Koraidon|ability: Orichalcum Pulse\n|move|p2b: Zamazenta|Protect|p2b: Zamazenta\n|-singleturn|p2b: Zamazenta|Protect\n|move|p1a: Toxapex|Baneful Bunker||[still]\n|-fail|p1a: Toxapex\n|move|p2a: Flutter Mane|Shadow Ball|p1b: Koraidon\n|-damage|p1b: Koraidon|35/100\n|\n|-weather|SunnyDay|[upkeep]\n|-sideend|p2: micod|move: Tailwind\n|upkeep\n|turn|5\n|inactive|micod has 30 seconds left.\n|\n|t:|1774272706\n|-end|p2a: Flutter Mane|Protosynthesis|[silent]\n|switch|p2a: Tornadus|Tornadus, L50, M|85/100\n|move|p1b: Koraidon|Protect|p1b: Koraidon\n|-singleturn|p1b: Koraidon|Protect\n|move|p2b: Zamazenta|Behemoth Bash|p1b: Koraidon\n|-activate|p1b: Koraidon|move: Protect\n|move|p1a: Toxapex|Icy Wind|p2a: Tornadus|[spread] p2a,p2b\n|-supereffective|p2a: Tornadus\n|-crit|p2a: Tornadus\n|-resisted|p2b: Zamazenta\n|-damage|p2a: Tornadus|59/100\n|-damage|p2b: Zamazenta|99/100\n|-unboost|p2a: Tornadus|spe|1\n|-unboost|p2b: Zamazenta|spe|1\n|\n|-weather|none\n|upkeep\n|turn|6\n|inactive|SycrasisEU has 30 seconds left.\n|\n|t:|1774272737\n|move|p2b: Zamazenta|Protect|p2b: Zamazenta\n|-singleturn|p2b: Zamazenta|Protect\n|move|p2a: Tornadus|Tailwind|p2a: Tornadus\n|-sidestart|p2: micod|move: Tailwind\n|move|p1b: Koraidon|Collision Course|p2b: Zamazenta\n|-activate|p2b: Zamazenta|move: Protect\n|move|p1a: Toxapex|Icy Wind|p2b: Zamazenta|[spread] p2a\n|-activate|p2b: Zamazenta|move: Protect\n|-supereffective|p2a: Tornadus\n|-damage|p2a: Tornadus|44/100\n|-unboost|p2a: Tornadus|spe|1\n|\n|upkeep\n|turn|7\n|inactive|micod has 30 seconds left.\n|\n|t:|1774272768\n|move|p1b: Koraidon|Protect|p1b: Koraidon\n|-singleturn|p1b: Koraidon|Protect\n|move|p2b: Zamazenta|Body Press|p1b: Koraidon\n|-activate|p1b: Koraidon|move: Protect\n|move|p2a: Tornadus|Bleakwind Storm|p1a: Toxapex|[spread] p1a\n|-activate|p1b: Koraidon|move: Protect\n|-damage|p1a: Toxapex|70/100\n|move|p1a: Toxapex|Icy Wind|p2a: Tornadus|[spread] p2a,p2b\n|-supereffective|p2a: Tornadus\n|-resisted|p2b: Zamazenta\n|-damage|p2a: Tornadus|28/100\n|-damage|p2b: Zamazenta|97/100\n|-unboost|p2a: Tornadus|spe|1\n|-unboost|p2b: Zamazenta|spe|1\n|\n|-heal|p1a: Toxapex|76/100|[from] item: Leftovers\n|upkeep\n|turn|8\n|inactive|SycrasisEU has 30 seconds left.\n|inactive|micod has 30 seconds left.\n|inactive|SycrasisEU has 20 seconds left.\n|inactive|micod has 20 seconds left.\n|inactive|micod has 15 seconds left.\n|inactive|micod has 10 seconds left.\n|\n|t:|1774272817\n|switch|p2a: Flutter Mane|Flutter Mane, L50|1/100\n|move|p2b: Zamazenta|Protect|p2b: Zamazenta\n|-singleturn|p2b: Zamazenta|Protect\n|move|p1b: Koraidon|Collision Course|p2b: Zamazenta\n|-activate|p2b: Zamazenta|move: Protect\n|move|p1a: Toxapex|Toxic Spikes|p2a: Flutter Mane\n|-sidestart|p2: micod|move: Toxic Spikes\n|\n|-heal|p1a: Toxapex|81/100|[from] item: Leftovers\n|upkeep\n|turn|9\n|inactive|micod has 30 seconds left.\n|inactive|micod has 20 seconds left.\n|inactive|micod has 15 seconds left.\n|\n|t:|1774272859\n|move|p1b: Koraidon|Protect|p1b: Koraidon\n|-singleturn|p1b: Koraidon|Protect\n|move|p2a: Flutter Mane|Shadow Ball|p1a: Toxapex\n|-damage|p1a: Toxapex|39/100\n|-unboost|p1a: Toxapex|spd|1\n|move|p2b: Zamazenta|Body Press|p1a: Toxapex\n|-resisted|p1a: Toxapex\n|-damage|p1a: Toxapex|22/100\n|move|p1a: Toxapex|Icy Wind|p2b: Zamazenta|[spread] p2a,p2b\n|-resisted|p2b: Zamazenta\n|-damage|p2a: Flutter Mane|0 fnt\n|-damage|p2b: Zamazenta|95/100\n|-unboost|p2b: Zamazenta|spe|1\n|faint|p2a: Flutter Mane\n|-end|p2a: Flutter Mane|Protosynthesis|[silent]\n|\n|-heal|p1a: Toxapex|27/100|[from] item: Leftovers\n|-sideend|p2: micod|move: Tailwind\n|upkeep\n|\n|t:|1774272875\n|switch|p2a: Tornadus|Tornadus, L50, M|28/100\n|turn|10\n|inactive|SycrasisEU has 30 seconds left.\n|inactive|micod has 30 seconds left.\n|\n|t:|1774272909\n|-terastallize|p2b: Zamazenta|Fighting\n|move|p1a: Toxapex|Wide Guard|p1a: Toxapex\n|-singleturn|p1a: Toxapex|Wide Guard\n|move|p1b: Koraidon|Flame Charge|p2a: Tornadus\n|-damage|p2a: Tornadus|1/100\n|-boost|p1b: Koraidon|spe|1\n|move|p2a: Tornadus|Bleakwind Storm|p1b: Koraidon|[spread] \n|-activate|p1a: Toxapex|move: Wide Guard\n|-activate|p1b: Koraidon|move: Wide Guard\n|move|p2b: Zamazenta|Body Press|p1b: Koraidon\n|-damage|p1b: Koraidon|0 fnt\n|faint|p1b: Koraidon\n|\n|-heal|p1a: Toxapex|33/100|[from] item: Leftovers\n|upkeep\n|\n|t:|1774272917\n|switch|p1b: Calyrex|Calyrex-Shadow, L50, tera:Ghost|100/100\n|-ability|p1b: Calyrex|As One\n|-ability|p1b: Calyrex|Unnerve\n|turn|11\n|inactive|micod has 30 seconds left.\n|inactive|micod has 20 seconds left.\n|\n|t:|1774272954\n|move|p1b: Calyrex|Astral Barrage|p2b: Zamazenta|[spread] p2a,p2b\n|-damage|p2a: Tornadus|0 fnt\n|-damage|p2b: Zamazenta|27/100\n|faint|p2a: Tornadus\n|-ability|p1b: Calyrex|Grim Neigh|boost\n|-boost|p1b: Calyrex|spa|1\n|move|p2b: Zamazenta|Behemoth Bash|p1a: Toxapex\n|-resisted|p1a: Toxapex\n|-damage|p1a: Toxapex|22/100\n|move|p1a: Toxapex|Icy Wind|p2b: Zamazenta|[miss]\n|-miss|p1a: Toxapex|p2b: Zamazenta\n|\n|-heal|p1a: Toxapex|27/100|[from] item: Leftovers\n|upkeep\n|turn|12\n|-message|micod forfeited.\n|\n|win|SycrasisEU\n|raw|SycrasisEU's rating: 1163 &rarr; <strong>1195</strong><br />(+32 for winning)\n|raw|micod's rating: 1267 &rarr; <strong>1235</strong><br />(-32 for losing)\n|l|\u2606micod\n|player|p2|\n|l|\u2606SycrasisEU\n|player|p1|\n","uploadtime":1774273102,"views":10,"formatid":"gen9vgc2026regi","rating":1195,"private":0,"password":null}