{"id":"gen9vgc2026regi-2563180127","format":"[Gen 9] VGC 2026 Reg I","players":["Ratha09","I\u2764\ufe0f\u5a1c\u7984forever"],"log":"|j|\u2606Ratha09\n|j|\u2606I\u2764\ufe0f\u5a1c\u7984forever\n|t:|1773999340\n|gametype|doubles\n|player|p1|Ratha09|waitress-gen4|1295\n|player|p2|I\u2764\ufe0f\u5a1c\u7984forever|youngcouple-gen4dp|1357\n|gen|9\n|tier|[Gen 9] VGC 2026 Reg I\n|rated|\n|rule|Species Clause: Limit one of each Pok\u00e9mon\n|rule|Item Clause: Limit 1 of each item\n|clearpoke\n|poke|p1|Calyrex-Ice, L50|\n|poke|p1|Ursaluna-Bloodmoon, L50, M|\n|poke|p1|Indeedee-F, L50, F|\n|poke|p1|Terapagos, L50, M|\n|poke|p1|Amoonguss, L50, F|\n|poke|p1|Iron Hands, L50|\n|poke|p2|Groudon, L50|\n|poke|p2|Kyurem-White, L50|\n|poke|p2|Heatran, L50, F|\n|poke|p2|Whimsicott, L50, M|\n|poke|p2|Roaring Moon, L50|\n|poke|p2|Ditto, L50|\n|teampreview|4\n|\n|t:|1773999358\n|teamsize|p1|4\n|teamsize|p2|4\n|start\n|switch|p1a: Calyrex|Calyrex-Ice, L50|100/100\n|switch|p1b: Indeedee|Indeedee-F, L50, F|100/100\n|switch|p2a: Kyurem|Kyurem-White, L50|100/100\n|switch|p2b: Heatran|Heatran, L50, F|100/100\n|-ability|p1a: Calyrex|As One\n|-ability|p1a: Calyrex|Unnerve\n|-ability|p2a: Kyurem|Turboblaze\n|-fieldstart|move: Psychic Terrain|[from] ability: Psychic Surge|[of] p1b: Indeedee\n|turn|1\n|\n|t:|1773999374\n|move|p1b: Indeedee|Follow Me|p1b: Indeedee\n|-singleturn|p1b: Indeedee|move: Follow Me\n|move|p2a: Kyurem|Blizzard|p1b: Indeedee|[spread] p1a,p1b\n|-resisted|p1a: Calyrex\n|-damage|p1a: Calyrex|85/100\n|-damage|p1b: Indeedee|47/100\n|-enditem|p1b: Indeedee|Eject Button\n|inactive|Battle timer is ON: inactive players will automatically lose when time's up. (requested by Ratha09)\n|\n|t:|1773999382\n|switch|p1b: Terapagos|Terapagos, L50, M|100/100\n|-activate|p1b: Terapagos|ability: Tera Shift\n|detailschange|p1b: Terapagos|Terapagos-Terastal, L50, M\n|-heal|p1b: Terapagos|100/100|[silent]\n|move|p2b: Heatran|Substitute|p2b: Heatran\n|-start|p2b: Heatran|Substitute\n|-damage|p2b: Heatran|76/100\n|move|p1a: Calyrex|Trick Room|p1a: Calyrex\n|-fieldstart|move: Trick Room|[of] p1a: Calyrex\n|\n|-heal|p1a: Calyrex|90/100|[from] item: Leftovers\n|-heal|p2b: Heatran|82/100|[from] item: Leftovers\n|upkeep\n|turn|2\n|inactive|Ratha09 has 30 seconds left.\n|\n|t:|1773999410\n|move|p1a: Calyrex|High Horsepower|p2b: Heatran\n|-supereffective|p2b: Heatran\n|-crit|p2b: Heatran\n|-end|p2b: Heatran|Substitute\n|move|p1b: Terapagos|Earth Power|p2b: Heatran\n|-supereffective|p2b: Heatran\n|-damage|p2b: Heatran|11/100\n|move|p2b: Heatran|Heat Wave|p1a: Calyrex|[spread] p1a,p1b\n|-supereffective|p1a: Calyrex\n|-activate|p1b: Terapagos|ability: Tera Shell\n|-resisted|p1b: Terapagos\n|-damage|p1a: Calyrex|50/100\n|-damage|p1b: Terapagos|85/100\n|move|p2a: Kyurem|Blizzard|p1b: Terapagos|[spread] p1a,p1b\n|-resisted|p1a: Calyrex\n|-damage|p1a: Calyrex|34/100\n|-damage|p1b: Terapagos|40/100\n|-enditem|p1b: Terapagos|Sitrus Berry|[eat]\n|-heal|p1b: Terapagos|65/100|[from] item: Sitrus Berry\n|\n|-heal|p1a: Calyrex|40/100|[from] item: Leftovers\n|-heal|p2b: Heatran|17/100|[from] item: Leftovers\n|upkeep\n|turn|3\n|\n|t:|1773999434\n|-terastallize|p1b: Terapagos|Stellar\n|detailschange|p1b: Terapagos|Terapagos-Stellar, L50, M, tera:Stellar\n|-heal|p1b: Terapagos|74/100|[silent]\n|-ability|p1b: Terapagos|Teraform Zero\n|-fieldend|move: Psychic Terrain\n|move|p2b: Heatran|Protect|p2b: Heatran\n|-singleturn|p2b: Heatran|Protect\n|move|p1a: Calyrex|Glacial Lance|p2a: Kyurem|[spread] p2a\n|-activate|p2b: Heatran|move: Protect\n|-damage|p2a: Kyurem|57/100\n|move|p1b: Terapagos|Tera Starstorm|p2a: Kyurem|[spread] p2a\n|-activate|p2b: Heatran|move: Protect\n|-damage|p2a: Kyurem|32/100\n|move|p2a: Kyurem|Fusion Flare|p1a: Calyrex\n|-supereffective|p1a: Calyrex\n|-damage|p1a: Calyrex|0 fnt\n|faint|p1a: Calyrex\n|\n|-heal|p2b: Heatran|23/100|[from] item: Leftovers\n|upkeep\n|\n|t:|1773999458\n|switch|p1a: Amoonguss|Amoonguss, L50, F, shiny|100/100\n|turn|4\n|\n|t:|1773999480\n|move|p1a: Amoonguss|Spore|p2a: Kyurem\n|-status|p2a: Kyurem|slp|[from] move: Spore\n|move|p1b: Terapagos|Tera Starstorm|p2b: Heatran|[spread] p2a,p2b\n|-damage|p2a: Kyurem|6/100 slp\n|-damage|p2b: Heatran|0 fnt\n|faint|p2b: Heatran\n|cant|p2a: Kyurem|slp\n|\n|upkeep\n|\n|t:|1773999491\n|switch|p2b: Groudon|Groudon, L50|100/100\n|-weather|SunnyDay|[from] ability: Drought|[of] p2b: Groudon\n|turn|5\n|\n|t:|1773999501\n|move|p1a: Amoonguss|Spore|p2b: Groudon\n|-status|p2b: Groudon|slp|[from] move: Spore\n|move|p1b: Terapagos|Tera Starstorm|p2a: Kyurem|[spread] p2a,p2b\n|-damage|p2a: Kyurem|0 fnt\n|-damage|p2b: Groudon|82/100 slp\n|faint|p2a: Kyurem\n|cant|p2b: Groudon|slp\n|\n|-weather|SunnyDay|[upkeep]\n|-fieldend|move: Trick Room\n|upkeep\n|\n|t:|1773999503\n|switch|p2a: Roaring Moon|Roaring Moon, L50|100/100\n|-activate|p2a: Roaring Moon|ability: Protosynthesis\n|-start|p2a: Roaring Moon|protosynthesisatk\n|turn|6\n|\n|t:|1773999530\n|move|p2a: Roaring Moon|Rock Slide|p1b: Terapagos|[spread] p1a,p1b\n|-damage|p1a: Amoonguss|81/100\n|-damage|p1b: Terapagos|61/100\n|-curestatus|p2b: Groudon|slp|[msg]\n|move|p2b: Groudon|Heat Crash|p1a: Amoonguss\n|-supereffective|p1a: Amoonguss\n|-damage|p1a: Amoonguss|0 fnt\n|-damage|p2b: Groudon|66/100|[from] item: Rocky Helmet|[of] p1a: Amoonguss\n|faint|p1a: Amoonguss\n|cant|p1b: Terapagos|flinch\n|\n|-weather|SunnyDay|[upkeep]\n|upkeep\n|\n|t:|1773999544\n|switch|p1a: Indeedee|Indeedee-F, L50, F|47/100\n|-fieldstart|move: Psychic Terrain|[from] ability: Psychic Surge|[of] p1a: Indeedee\n|turn|7\n|\n|t:|1773999554\n|move|p2a: Roaring Moon|Rock Slide|p1a: Indeedee|[spread] p1a\n|-miss|p2a: Roaring Moon|p1b: Terapagos\n|-damage|p1a: Indeedee|20/100\n|move|p2b: Groudon|Precipice Blades|p1a: Indeedee|[spread] p1a,p1b\n|-damage|p1a: Indeedee|0 fnt\n|-damage|p1b: Terapagos|36/100\n|faint|p1a: Indeedee\n|move|p1b: Terapagos|Tera Starstorm|p2a: Roaring Moon|[spread] p2a,p2b\n|-damage|p2a: Roaring Moon|74/100\n|-damage|p2b: Groudon|46/100\n|\n|-weather|SunnyDay|[upkeep]\n|upkeep\n|turn|8\n|\n|t:|1773999573\n|move|p2a: Roaring Moon|Rock Slide|p1b: Terapagos|[miss]\n|-miss|p2a: Roaring Moon|p1b: Terapagos\n|move|p2b: Groudon|Heat Crash|p1b: Terapagos\n|-damage|p1b: Terapagos|0 fnt\n|faint|p1b: Terapagos\n|detailschange|p1: Terapagos|Terapagos, L50, M|[silent]\n|\n|win|I\u2764\ufe0f\u5a1c\u7984forever\n|raw|Ratha09's rating: 1295 &rarr; <strong>1274</strong><br />(-21 for losing)\n|raw|I\u2764\ufe0f\u5a1c\u7984forever's rating: 1357 &rarr; <strong>1373</strong><br />(+16 for winning)\n|l|\u2606Ratha09\n|player|p1|\n|l|\u2606I\u2764\ufe0f\u5a1c\u7984forever\n|player|p2|\n","uploadtime":1773999784,"views":12,"formatid":"gen9vgc2026regi","rating":1274,"private":0,"password":null}