{"id":"gen9vgc2026regi-2573073293","format":"[Gen 9] VGC 2026 Reg I","players":["avarussurava","jj11j1"],"log":"|j|\u2606avarussurava\n|j|\u2606jj11j1\n|t:|1775087904\n|gametype|doubles\n|player|p1|avarussurava|102|1408\n|player|p2|jj11j1|169|1317\n|gen|9\n|tier|[Gen 9] VGC 2026 Reg I\n|rated|\n|rule|Species Clause: Limit one of each Pok\u00e9mon\n|rule|Item Clause: Limit 1 of each item\n|clearpoke\n|poke|p1|Kyogre, L50|\n|poke|p1|Tyranitar, L50, F|\n|poke|p1|Zamazenta-*, L50|\n|poke|p1|Gastrodon, L50, M|\n|poke|p1|Sinistcha, L50|\n|poke|p1|Ceruledge, L50, M|\n|poke|p2|Kyogre, L50|\n|poke|p2|Calyrex-Shadow, L50|\n|poke|p2|Landorus, L50, M|\n|poke|p2|Indeedee-F, L50, F|\n|poke|p2|Whimsicott, L50, F|\n|poke|p2|Flutter Mane, L50|\n|teampreview|4\n|\n|t:|1775087939\n|teamsize|p1|4\n|teamsize|p2|4\n|start\n|switch|p1a: Zamazenta|Zamazenta-Crowned, L50|100/100\n|switch|p1b: Ceruledge|Ceruledge, L50, M|100/100\n|switch|p2a: Calyrex|Calyrex-Shadow, L50|100/100\n|switch|p2b: Flutter Mane|Flutter Mane, L50|100/100\n|-ability|p2a: Calyrex|As One\n|-ability|p2a: Calyrex|Unnerve\n|-ability|p1a: Zamazenta|Dauntless Shield|boost\n|-boost|p1a: Zamazenta|def|1\n|-enditem|p2b: Flutter Mane|Booster Energy\n|-activate|p2b: Flutter Mane|ability: Protosynthesis|[fromitem]\n|-start|p2b: Flutter Mane|protosynthesisspe\n|turn|1\n|\n|t:|1775087963\n|move|p2a: Calyrex|Protect|p2a: Calyrex\n|-singleturn|p2a: Calyrex|Protect\n|move|p1a: Zamazenta|Wide Guard|p1a: Zamazenta\n|-singleturn|p1a: Zamazenta|Wide Guard\n|move|p1b: Ceruledge|Shadow Sneak|p2b: Flutter Mane\n|-supereffective|p2b: Flutter Mane\n|-damage|p2b: Flutter Mane|0 fnt\n|faint|p2b: Flutter Mane\n|-end|p2b: Flutter Mane|Protosynthesis|[silent]\n|\n|upkeep\n|\n|t:|1775087974\n|switch|p2b: Indeedee|Indeedee-F, L50, F|100/100\n|-fieldstart|move: Psychic Terrain|[from] ability: Psychic Surge|[of] p2b: Indeedee\n|turn|2\n|\n|t:|1775087987\n|move|p1a: Zamazenta|Wide Guard|p1a: Zamazenta\n|-singleturn|p1a: Zamazenta|Wide Guard\n|move|p2b: Indeedee|Follow Me|p2b: Indeedee\n|-singleturn|p2b: Indeedee|move: Follow Me\n|move|p2a: Calyrex|Astral Barrage|p1a: Zamazenta|[spread] \n|-activate|p1a: Zamazenta|move: Wide Guard\n|-activate|p1b: Ceruledge|move: Wide Guard\n|move|p1b: Ceruledge|Taunt|p2b: Indeedee\n|-start|p2b: Indeedee|move: Taunt\n|\n|upkeep\n|turn|3\n|\n|t:|1775088008\n|switch|p2a: Kyogre|Kyogre, L50|100/100\n|-weather|RainDance|[from] ability: Drizzle|[of] p2a: Kyogre\n|switch|p1b: Tyranitar|Tyranitar, L50, F|100/100\n|-weather|Sandstorm|[from] ability: Sand Stream|[of] p1b: Tyranitar\n|move|p1a: Zamazenta|Snarl|p2b: Indeedee|[spread] p2a,p2b\n|-supereffective|p2b: Indeedee\n|-damage|p2a: Kyogre|96/100\n|-damage|p2b: Indeedee|86/100\n|-unboost|p2a: Kyogre|spa|1\n|-unboost|p2b: Indeedee|spa|1\n|move|p2b: Indeedee|Hyper Voice|p1a: Zamazenta|[spread] p1a,p1b\n|-resisted|p1a: Zamazenta\n|-resisted|p1b: Tyranitar\n|-damage|p1a: Zamazenta|94/100\n|-damage|p1b: Tyranitar|95/100\n|-enditem|p2b: Indeedee|Throat Spray\n|-boost|p2b: Indeedee|spa|1|[from] item: Throat Spray\n|\n|-weather|Sandstorm|[upkeep]\n|-damage|p2b: Indeedee|80/100|[from] Sandstorm\n|-damage|p2a: Kyogre|90/100|[from] Sandstorm\n|upkeep\n|turn|4\n|\n|t:|1775088046\n|move|p1a: Zamazenta|Wide Guard|p1a: Zamazenta\n|-singleturn|p1a: Zamazenta|Wide Guard\n|move|p2b: Indeedee|Dazzling Gleam|p1b: Tyranitar|[spread] \n|-activate|p1a: Zamazenta|move: Wide Guard\n|-activate|p1b: Tyranitar|move: Wide Guard\n|move|p1b: Tyranitar|Knock Off|p2a: Kyogre\n|-damage|p2a: Kyogre|40/100\n|-enditem|p2a: Kyogre|Power Lens|[from] move: Knock Off|[of] p1b: Tyranitar\n|move|p2a: Kyogre|Water Spout|p1a: Zamazenta|[spread] \n|-activate|p1a: Zamazenta|move: Wide Guard\n|-activate|p1b: Tyranitar|move: Wide Guard\n|\n|-weather|Sandstorm|[upkeep]\n|-damage|p2b: Indeedee|74/100|[from] Sandstorm\n|-damage|p2a: Kyogre|34/100|[from] Sandstorm\n|upkeep\n|turn|5\n|\n|t:|1775088066\n|move|p1a: Zamazenta|Body Press|p2a: Kyogre\n|-damage|p2a: Kyogre|0 fnt\n|faint|p2a: Kyogre\n|move|p2b: Indeedee|Dazzling Gleam|p1a: Zamazenta|[spread] p1a,p1b\n|-supereffective|p1b: Tyranitar\n|-damage|p1a: Zamazenta|82/100\n|-damage|p1b: Tyranitar|79/100\n|move|p1b: Tyranitar|Knock Off|p2b: Indeedee\n|-supereffective|p2b: Indeedee\n|-damage|p2b: Indeedee|0 fnt\n|faint|p2b: Indeedee\n|\n|-weather|Sandstorm|[upkeep]\n|upkeep\n|-message|jj11j1 forfeited.\n|\n|win|avarussurava\n|raw|avarussurava's rating: 1408 &rarr; <strong>1423</strong><br />(+15 for winning)\n|raw|jj11j1's rating: 1317 &rarr; <strong>1302</strong><br />(-15 for losing)\n|l|\u2606jj11j1\n|player|p2|\n","uploadtime":1775088081,"views":13,"formatid":"gen9vgc2026regi","rating":1302,"private":0,"password":null}