{"id":"gen9vgc2026regi-2565034879","format":"[Gen 9] VGC 2026 Reg I","players":["Rillabossman","Daleg"],"log":"|j|\u2606Rillabossman\n|j|\u2606Daleg\n|t:|1774222049\n|gametype|doubles\n|player|p1|Rillabossman|burglar|1412\n|player|p2|Daleg|265|1496\n|gen|9\n|tier|[Gen 9] VGC 2026 Reg I\n|rated|\n|rule|Species Clause: Limit one of each Pok\u00e9mon\n|rule|Item Clause: Limit 1 of each item\n|clearpoke\n|poke|p1|Kyogre, L50|\n|poke|p1|Calyrex-Ice, L50|\n|poke|p1|Amoonguss, L50, F|\n|poke|p1|Gothitelle, L50, F|\n|poke|p1|Landorus, L50, M|\n|poke|p1|Incineroar, L50, M|\n|poke|p2|Grimmsnarl, L50, M|\n|poke|p2|Incineroar, L50, F|\n|poke|p2|Zamazenta-*, L50|\n|poke|p2|Amoonguss, L50, M|\n|poke|p2|Rayquaza, L50|\n|poke|p2|Chien-Pao, L50|\n|teampreview|4\n|\n|t:|1774222067\n|teamsize|p1|4\n|teamsize|p2|4\n|start\n|switch|p1a: Calyrex|Calyrex-Ice, L50|100/100\n|switch|p1b: Gothitelle|Gothitelle, L50, F|100/100\n|switch|p2a: Zamazenta|Zamazenta-Crowned, L50|100/100\n|switch|p2b: Grimmsnarl|Grimmsnarl, L50, M|100/100\n|-ability|p1a: Calyrex|As One\n|-ability|p1a: Calyrex|Unnerve\n|-ability|p2a: Zamazenta|Dauntless Shield|boost\n|-boost|p2a: Zamazenta|def|1\n|turn|1\n|inactive|Battle timer is ON: inactive players will automatically lose when time's up. (requested by Daleg)\n|\n|t:|1774222092\n|move|p1b: Gothitelle|Fake Out|p2b: Grimmsnarl\n|-damage|p2b: Grimmsnarl|96/100\n|move|p2b: Grimmsnarl|Reflect|p2b: Grimmsnarl\n|-sidestart|p2: Daleg|Reflect\n|move|p2a: Zamazenta|Iron Defense|p2a: Zamazenta\n|-boost|p2a: Zamazenta|def|2\n|move|p1a: Calyrex|Trick Room|p1a: Calyrex\n|-fieldstart|move: Trick Room|[of] p1a: Calyrex\n|\n|upkeep\n|turn|2\n|\n|t:|1774222113\n|-terastallize|p1a: Calyrex|Fairy\n|move|p1a: Calyrex|Leech Seed|p2a: Zamazenta\n|-start|p2a: Zamazenta|move: Leech Seed\n|move|p2b: Grimmsnarl|Spirit Break|p1b: Gothitelle\n|-damage|p1b: Gothitelle|75/100\n|-unboost|p1b: Gothitelle|spa|1\n|move|p1b: Gothitelle|Taunt|p2a: Zamazenta\n|-start|p2a: Zamazenta|move: Taunt\n|move|p2a: Zamazenta|Body Press|p1a: Calyrex\n|-resisted|p1a: Calyrex\n|-damage|p1a: Calyrex|69/100\n|\n|-heal|p1b: Gothitelle|81/100|[from] item: Leftovers\n|-damage|p2a: Zamazenta|88/100|[from] Leech Seed|[of] p1a: Calyrex\n|-heal|p1a: Calyrex|79/100|[silent]\n|upkeep\n|turn|3\n|inactive|Daleg has 30 seconds left.\n|\n|t:|1774222139\n|move|p2b: Grimmsnarl|Thunder Wave|p1a: Calyrex\n|-status|p1a: Calyrex|par\n|move|p1a: Calyrex|Leech Seed|p2b: Grimmsnarl\n|-start|p2b: Grimmsnarl|move: Leech Seed\n|move|p1b: Gothitelle|Taunt|p2b: Grimmsnarl\n|-start|p2b: Grimmsnarl|move: Taunt\n|move|p2a: Zamazenta|Behemoth Bash|p1a: Calyrex\n|-supereffective|p1a: Calyrex\n|-damage|p1a: Calyrex|32/100 par\n|-enditem|p1a: Calyrex|Sitrus Berry|[eat]\n|-heal|p1a: Calyrex|57/100 par|[from] item: Sitrus Berry\n|\n|-heal|p1b: Gothitelle|88/100|[from] item: Leftovers\n|-damage|p2b: Grimmsnarl|84/100|[from] Leech Seed|[of] p1a: Calyrex\n|-heal|p1a: Calyrex|69/100 par|[silent]\n|-damage|p2a: Zamazenta|76/100|[from] Leech Seed|[of] p1a: Calyrex\n|-heal|p1a: Calyrex|79/100 par|[silent]\n|upkeep\n|turn|4\n|inactive|Rillabossman has 30 seconds left.\n|\n|t:|1774222167\n|cant|p1a: Calyrex|par\n|move|p2b: Grimmsnarl|Spirit Break|p1a: Calyrex\n|-damage|p1a: Calyrex|60/100 par\n|-unboost|p1a: Calyrex|spa|1\n|move|p1b: Gothitelle|Taunt||[still]\n|-fail|p1b: Gothitelle\n|move|p2a: Zamazenta|Behemoth Bash|p1a: Calyrex\n|-supereffective|p1a: Calyrex\n|-damage|p1a: Calyrex|15/100 par\n|\n|-heal|p1b: Gothitelle|94/100|[from] item: Leftovers\n|-damage|p2b: Grimmsnarl|71/100|[from] Leech Seed|[of] p1a: Calyrex\n|-heal|p1a: Calyrex|28/100 par|[silent]\n|-damage|p2a: Zamazenta|64/100|[from] Leech Seed|[of] p1a: Calyrex\n|-heal|p1a: Calyrex|38/100 par|[silent]\n|-end|p2a: Zamazenta|move: Taunt\n|upkeep\n|turn|5\n|\n|t:|1774222189\n|move|p1a: Calyrex|Protect|p1a: Calyrex\n|-singleturn|p1a: Calyrex|Protect\n|move|p2b: Grimmsnarl|Spirit Break|p1b: Gothitelle\n|-damage|p1b: Gothitelle|70/100\n|-unboost|p1b: Gothitelle|spa|1\n|move|p1b: Gothitelle|Taunt|p2a: Zamazenta\n|-start|p2a: Zamazenta|move: Taunt\n|move|p2a: Zamazenta|Behemoth Bash|p1a: Calyrex\n|-activate|p1a: Calyrex|move: Protect\n|\n|-heal|p1b: Gothitelle|76/100|[from] item: Leftovers\n|-damage|p2b: Grimmsnarl|59/100|[from] Leech Seed|[of] p1a: Calyrex\n|-heal|p1a: Calyrex|50/100 par|[silent]\n|-damage|p2a: Zamazenta|52/100|[from] Leech Seed|[of] p1a: Calyrex\n|-heal|p1a: Calyrex|61/100 par|[silent]\n|-sideend|p2: Daleg|Reflect\n|-fieldend|move: Trick Room\n|upkeep\n|turn|6\n|inactive|Rillabossman has 30 seconds left.\n|inactive|Rillabossman has 20 seconds left.\n|inactive|Rillabossman has 15 seconds left.\n|\n|t:|1774222232\n|switch|p1a: Kyogre|Kyogre, L50|100/100\n|-weather|RainDance|[from] ability: Drizzle|[of] p1a: Kyogre\n|move|p2a: Zamazenta|Behemoth Bash|p1a: Kyogre\n|-resisted|p1a: Kyogre\n|-damage|p1a: Kyogre|85/100\n|move|p1b: Gothitelle|Foul Play|p2a: Zamazenta\n|-resisted|p2a: Zamazenta\n|-damage|p2a: Zamazenta|49/100\n|move|p2b: Grimmsnarl|Spirit Break|p1a: Kyogre\n|-damage|p1a: Kyogre|62/100\n|-unboost|p1a: Kyogre|spa|1\n|\n|-weather|RainDance|[upkeep]\n|-heal|p1b: Gothitelle|82/100|[from] item: Leftovers\n|-damage|p2a: Zamazenta|37/100|[from] Leech Seed|[of] p1a: Kyogre\n|-heal|p1a: Kyogre|73/100|[silent]\n|-damage|p2b: Grimmsnarl|47/100|[from] Leech Seed|[of] p1a: Kyogre\n|-heal|p1a: Kyogre|85/100|[silent]\n|-end|p2b: Grimmsnarl|move: Taunt\n|upkeep\n|turn|7\n|\n|t:|1774222252\n|switch|p1a: Calyrex|Calyrex-Ice, L50, tera:Fairy|61/100 par\n|-ability|p1a: Calyrex|As One\n|-ability|p1a: Calyrex|Unnerve\n|-terastallize|p2a: Zamazenta|Grass\n|move|p2b: Grimmsnarl|Light Screen|p2b: Grimmsnarl\n|-sidestart|p2: Daleg|move: Light Screen\n|move|p2a: Zamazenta|Body Press|p1a: Calyrex\n|-resisted|p1a: Calyrex\n|-damage|p1a: Calyrex|28/100 par\n|move|p1b: Gothitelle|Foul Play|p2a: Zamazenta\n|-crit|p2a: Zamazenta\n|-damage|p2a: Zamazenta|14/100\n|\n|-weather|RainDance|[upkeep]\n|-heal|p1b: Gothitelle|89/100|[from] item: Leftovers\n|-damage|p2a: Zamazenta|2/100|[from] Leech Seed|[of] p1a: Calyrex\n|-heal|p1a: Calyrex|39/100 par|[silent]\n|-damage|p2b: Grimmsnarl|34/100|[from] Leech Seed|[of] p1a: Calyrex\n|-heal|p1a: Calyrex|51/100 par|[silent]\n|-end|p2a: Zamazenta|move: Taunt\n|upkeep\n|turn|8\n|\n|t:|1774222273\n|move|p1b: Gothitelle|Protect|p1b: Gothitelle\n|-singleturn|p1b: Gothitelle|Protect\n|move|p1a: Calyrex|Protect|p1a: Calyrex\n|-singleturn|p1a: Calyrex|Protect\n|move|p2b: Grimmsnarl|Reflect|p2b: Grimmsnarl\n|-sidestart|p2: Daleg|Reflect\n|move|p2a: Zamazenta|Body Press|p1b: Gothitelle\n|-activate|p1b: Gothitelle|move: Protect\n|\n|-weather|RainDance|[upkeep]\n|-heal|p1b: Gothitelle|95/100|[from] item: Leftovers\n|-damage|p2a: Zamazenta|0 fnt|[from] Leech Seed|[of] p1a: Calyrex\n|-heal|p1a: Calyrex|52/100 par|[silent]\n|faint|p2a: Zamazenta\n|-damage|p2b: Grimmsnarl|22/100|[from] Leech Seed|[of] p1a: Calyrex\n|-heal|p1a: Calyrex|64/100 par|[silent]\n|upkeep\n|\n|t:|1774222283\n|switch|p2a: Rayquaza|Rayquaza, L50|100/100\n|-ability|p2a: Rayquaza|Air Lock\n|turn|9\n|inactive|Daleg has 30 seconds left.\n|inactive|Daleg has 20 seconds left.\n|\n|t:|1774222320\n|move|p2a: Rayquaza|Dragon Ascent|p1a: Calyrex\n|-damage|p1a: Calyrex|22/100 par\n|-unboost|p2a: Rayquaza|def|1\n|-unboost|p2a: Rayquaza|spd|1\n|move|p1b: Gothitelle|Foul Play|p2a: Rayquaza\n|-damage|p2a: Rayquaza|64/100\n|move|p2b: Grimmsnarl|Spirit Break|p1b: Gothitelle\n|-damage|p1b: Gothitelle|72/100\n|-unboost|p1b: Gothitelle|spa|1\n|move|p1a: Calyrex|Trick Room|p1a: Calyrex\n|-fieldstart|move: Trick Room|[of] p1a: Calyrex\n|\n|-weather|RainDance|[upkeep]\n|-heal|p1b: Gothitelle|78/100|[from] item: Leftovers\n|-damage|p2b: Grimmsnarl|9/100|[from] Leech Seed|[of] p1a: Calyrex\n|-heal|p1a: Calyrex|34/100 par|[silent]\n|upkeep\n|turn|10\n|inactive|Daleg has 30 seconds left.\n|\n|t:|1774222351\n|move|p2a: Rayquaza|Protect|p2a: Rayquaza\n|-singleturn|p2a: Rayquaza|Protect\n|move|p2b: Grimmsnarl|Thunder Wave|p1b: Gothitelle\n|-status|p1b: Gothitelle|par\n|move|p1a: Calyrex|Glacial Lance|p2b: Grimmsnarl|[spread] p2b\n|-activate|p2a: Rayquaza|move: Protect\n|-damage|p2b: Grimmsnarl|0 fnt\n|faint|p2b: Grimmsnarl\n|-ability|p1a: Calyrex|Chilling Neigh|boost\n|-boost|p1a: Calyrex|atk|1\n|move|p1b: Gothitelle|Foul Play|p2a: Rayquaza\n|-activate|p2a: Rayquaza|move: Protect\n|\n|-weather|none\n|-heal|p1b: Gothitelle|85/100 par|[from] item: Leftovers\n|upkeep\n|\n|t:|1774222360\n|switch|p2b: Amoonguss|Amoonguss, L50, M|100/100\n|turn|11\n|inactive|Rillabossman has 30 seconds left.\n|\n|t:|1774222385\n|move|p2b: Amoonguss|Protect|p2b: Amoonguss\n|-singleturn|p2b: Amoonguss|Protect\n|move|p2a: Rayquaza|Extreme Speed|p1a: Calyrex\n|-damage|p1a: Calyrex|15/100 par\n|move|p1a: Calyrex|Glacial Lance|p2b: Amoonguss|[spread] p2a\n|-activate|p2b: Amoonguss|move: Protect\n|-supereffective|p2a: Rayquaza\n|-damage|p2a: Rayquaza|0 fnt\n|faint|p2a: Rayquaza\n|-ability|p1a: Calyrex|Chilling Neigh|boost\n|-boost|p1a: Calyrex|atk|1\n|move|p1b: Gothitelle|Foul Play|p2b: Amoonguss\n|-activate|p2b: Amoonguss|move: Protect\n|\n|-heal|p1b: Gothitelle|91/100 par|[from] item: Leftovers\n|-sideend|p2: Daleg|move: Light Screen\n|upkeep\n|turn|12\n|-message|Daleg forfeited.\n|\n|win|Rillabossman\n|raw|Rillabossman's rating: 1431 &rarr; <strong>1455</strong><br />(+24 for winning)\n|raw|Daleg's rating: 1496 &rarr; <strong>1472</strong><br />(-24 for losing)\n|l|\u2606Daleg\n|player|p2|\n|j| MrCatMan220\n|l| MrCatMan220\n|l|\u2606Rillabossman\n|player|p1|\n|j|\u2606Rillabossman\n|player|p1|Rillabossman|burglar|\n|j| monkeychese\n|l| monkeychese\n","uploadtime":1774222595,"views":14,"formatid":"gen9vgc2026regi","rating":1455,"private":0,"password":null}