{"id":"gen9vgc2026regi-2550611842","format":"[Gen 9] VGC 2026 Reg I","players":["Cello L.","Chadrola18"],"log":"|j|\u2606Cello L.\n|j|\u2606Chadrola18\n|t:|1772506479\n|gametype|doubles\n|player|p1|Cello L.|psychic-gen4|1461\n|player|p2|Chadrola18|steven|1338\n|gen|9\n|tier|[Gen 9] VGC 2026 Reg I\n|rated|\n|rule|Species Clause: Limit one of each Pok\u00e9mon\n|rule|Item Clause: Limit 1 of each item\n|clearpoke\n|poke|p1|Kyogre, L50|\n|poke|p1|Calyrex-Ice, L50|\n|poke|p1|Flutter Mane, L50|\n|poke|p1|Basculegion, L50, M|\n|poke|p1|Amoonguss, L50, M|\n|poke|p1|Grimmsnarl, L50, M|\n|poke|p2|Lunala, L50|\n|poke|p2|Miraidon, L50|\n|poke|p2|Urshifu-*, L50, M|\n|poke|p2|Incineroar, L50, F|\n|poke|p2|Ursaluna, L50, M|\n|poke|p2|Whimsicott, L50, M|\n|teampreview|4\n|inactive|Battle timer is ON: inactive players will automatically lose when time's up. (requested by Chadrola18)\n|inactive|Chadrola18 has 60 seconds left.\n|\n|t:|1772506515\n|teamsize|p1|4\n|teamsize|p2|4\n|start\n|switch|p1a: Kyogre|Kyogre, L50|100/100\n|switch|p1b: Flutter Mane|Flutter Mane, L50|100/100\n|switch|p2a: Lunala|Lunala, L50|100/100\n|switch|p2b: Miraidon|Miraidon, L50|100/100\n|-fieldstart|move: Electric Terrain|[from] ability: Hadron Engine|[of] p2b: Miraidon\n|-enditem|p2a: Lunala|Electric Seed\n|-boost|p2a: Lunala|def|1|[from] item: Electric Seed\n|-weather|RainDance|[from] ability: Drizzle|[of] p1a: Kyogre\n|turn|1\n|inactive|Cello L. has 30 seconds left.\n|\n|t:|1772506541\n|-terastallize|p1b: Flutter Mane|Fairy\n|-terastallize|p2b: Miraidon|Electric\n|move|p2a: Lunala|Wide Guard|p2a: Lunala\n|-singleturn|p2a: Lunala|Wide Guard\n|move|p2b: Miraidon|Draco Meteor|p1a: Kyogre\n|-damage|p1a: Kyogre|17/100\n|-unboost|p2b: Miraidon|spa|2\n|-damage|p2b: Miraidon|91/100|[from] item: Life Orb\n|move|p1b: Flutter Mane|Moonblast|p2b: Miraidon\n|-damage|p2b: Miraidon|30/100\n|move|p1a: Kyogre|Water Spout|p2b: Miraidon|[spread] \n|-activate|p2a: Lunala|move: Wide Guard\n|-activate|p2b: Miraidon|move: Wide Guard\n|\n|-weather|RainDance|[upkeep]\n|upkeep\n|turn|2\n|inactive|Chadrola18 has 30 seconds left.\n|inactive|Chadrola18 has 20 seconds left.\n|\n|t:|1772506579\n|switch|p2b: Incineroar|Incineroar, L50, F|100/100\n|-ability|p2b: Incineroar|Intimidate|boost\n|-unboost|p1a: Kyogre|atk|1\n|-unboost|p1b: Flutter Mane|atk|1\n|move|p1b: Flutter Mane|Shadow Ball|p2a: Lunala\n|-supereffective|p2a: Lunala\n|-damage|p2a: Lunala|34/100\n|move|p1a: Kyogre|Hydro Pump|p2a: Lunala|[miss]\n|-miss|p1a: Kyogre|p2a: Lunala\n|move|p2a: Lunala|Moongeist Beam|p1a: Kyogre\n|-damage|p1a: Kyogre|0 fnt\n|faint|p1a: Kyogre\n|\n|-weather|RainDance|[upkeep]\n|upkeep\n|\n|t:|1772506599\n|switch|p1a: Basculegion|Basculegion, L50, M|100/100\n|turn|3\n|\n|t:|1772506617\n|switch|p2a: Urshifu|Urshifu-Rapid-Strike, L50, M|100/100\n|move|p2b: Incineroar|Fake Out|p1b: Flutter Mane\n|-damage|p1b: Flutter Mane|77/100\n|move|p1a: Basculegion|Wave Crash|p2b: Incineroar\n|-supereffective|p2b: Incineroar\n|-damage|p2b: Incineroar|0 fnt\n|faint|p2b: Incineroar\n|-damage|p1a: Basculegion|69/100|[from] Recoil\n|-damage|p1a: Basculegion|59/100|[from] item: Life Orb\n|cant|p1b: Flutter Mane|flinch\n|\n|-weather|RainDance|[upkeep]\n|upkeep\n|\n|t:|1772506625\n|switch|p2b: Miraidon|Miraidon, L50, tera:Electric|30/100\n|-activate|p2b: Miraidon|ability: Hadron Engine\n|turn|4\n|inactive|Cello L. has 30 seconds left.\n|inactive|Cello L. has 20 seconds left.\n|inactive|Cello L. has 15 seconds left.\n|inactive|Cello L. has 10 seconds left.\n|\n|t:|1772506673\n|move|p2b: Miraidon|Protect|p2b: Miraidon\n|-singleturn|p2b: Miraidon|Protect\n|move|p1a: Basculegion|Last Respects|p2b: Miraidon\n|-activate|p2b: Miraidon|move: Protect\n|move|p2a: Urshifu|Surging Strikes|p1b: Flutter Mane\n|-crit|p1b: Flutter Mane\n|-damage|p1b: Flutter Mane|5/100\n|-crit|p1b: Flutter Mane\n|-damage|p1b: Flutter Mane|0 fnt\n|faint|p1b: Flutter Mane\n|-end|p1b: Flutter Mane|Protosynthesis|[silent]\n|-hitcount|p1: Flutter Mane|2\n|\n|-weather|RainDance|[upkeep]\n|upkeep\n|\n|t:|1772506684\n|switch|p1b: Calyrex|Calyrex-Ice, L50|100/100\n|-ability|p1b: Calyrex|As One\n|-ability|p1b: Calyrex|Unnerve\n|turn|5\n|\n|t:|1772506701\n|switch|p2b: Lunala|Lunala, L50|34/100\n|move|p1a: Basculegion|Last Respects|p2b: Lunala\n|-supereffective|p2b: Lunala\n|-damage|p2b: Lunala|0 fnt\n|faint|p2b: Lunala\n|-damage|p1a: Basculegion|50/100|[from] item: Life Orb\n|move|p2a: Urshifu|Surging Strikes|p1a: Basculegion\n|-resisted|p1a: Basculegion\n|-crit|p1a: Basculegion\n|-damage|p1a: Basculegion|31/100\n|-resisted|p1a: Basculegion\n|-crit|p1a: Basculegion\n|-damage|p1a: Basculegion|11/100\n|-resisted|p1a: Basculegion\n|-crit|p1a: Basculegion\n|-damage|p1a: Basculegion|0 fnt\n|faint|p1a: Basculegion\n|-hitcount|p1: Basculegion|3\n|move|p1b: Calyrex|Trick Room|p1b: Calyrex\n|-fieldstart|move: Trick Room|[of] p1b: Calyrex\n|\n|-weather|none\n|-fieldend|move: Electric Terrain\n|upkeep\n|\n|t:|1772506713\n|switch|p2b: Miraidon|Miraidon, L50, tera:Electric|30/100\n|-fieldstart|move: Electric Terrain|[from] ability: Hadron Engine|[of] p2b: Miraidon\n|turn|6\n|\n|t:|1772506733\n|move|p2b: Miraidon|Protect|p2b: Miraidon\n|-singleturn|p2b: Miraidon|Protect\n|move|p1b: Calyrex|Leech Seed|p2a: Urshifu\n|-start|p2a: Urshifu|move: Leech Seed\n|move|p2a: Urshifu|Surging Strikes|p1b: Calyrex\n|-crit|p1b: Calyrex\n|-damage|p1b: Calyrex|87/100\n|-crit|p1b: Calyrex\n|-damage|p1b: Calyrex|72/100\n|-crit|p1b: Calyrex\n|-damage|p1b: Calyrex|58/100\n|-hitcount|p1b: Calyrex|3\n|\n|-heal|p1b: Calyrex|63/100|[from] item: Leftovers\n|-damage|p2a: Urshifu|88/100|[from] Leech Seed|[of] p1b: Calyrex\n|-heal|p1b: Calyrex|73/100|[silent]\n|upkeep\n|turn|7\n|\n|t:|1772506746\n|move|p1b: Calyrex|Glacial Lance|p2a: Urshifu|[spread] p2a,p2b\n|-resisted|p2a: Urshifu\n|-damage|p2a: Urshifu|61/100\n|-damage|p2b: Miraidon|0 fnt\n|faint|p2b: Miraidon\n|-ability|p1b: Calyrex|Chilling Neigh|boost\n|-boost|p1b: Calyrex|atk|1\n|move|p2a: Urshifu|Surging Strikes|p1b: Calyrex\n|-crit|p1b: Calyrex\n|-damage|p1b: Calyrex|60/100\n|-crit|p1b: Calyrex\n|-damage|p1b: Calyrex|47/100\n|-crit|p1b: Calyrex\n|-damage|p1b: Calyrex|32/100\n|-hitcount|p1b: Calyrex|3\n|\n|-heal|p1b: Calyrex|38/100|[from] item: Leftovers\n|-damage|p2a: Urshifu|49/100|[from] Leech Seed|[of] p1b: Calyrex\n|-heal|p1b: Calyrex|48/100|[silent]\n|upkeep\n|turn|8\n|-message|Chadrola18 forfeited.\n|\n|win|Cello L.\n|raw|Cello L.'s rating: 1461 &rarr; <strong>1474</strong><br />(+13 for winning)\n|raw|Chadrola18's rating: 1338 &rarr; <strong>1325</strong><br />(-13 for losing)\n|l|\u2606Chadrola18\n|player|p2|\n|c|\u2606Cello L.|ggwp\n","uploadtime":1772506762,"views":14,"formatid":"gen9vgc2026regi","rating":1325,"private":0,"password":null}