{"id":"gen9vgc2026regi-2560280103","format":"[Gen 9] VGC 2026 Reg I","players":["Slackermaru","Lpo8"],"log":"|j|\u2606Slackermaru\n|j|\u2606Lpo8\n|t:|1773673424\n|gametype|doubles\n|player|p1|Slackermaru|workerice|1439\n|player|p2|Lpo8|lucas|1446\n|gen|9\n|tier|[Gen 9] VGC 2026 Reg I\n|rated|\n|rule|Species Clause: Limit one of each Pok\u00e9mon\n|rule|Item Clause: Limit 1 of each item\n|clearpoke\n|poke|p1|Calyrex-Ice, L50|\n|poke|p1|Miraidon, L50|\n|poke|p1|Incineroar, L50, M|\n|poke|p1|Amoonguss, L50, F|\n|poke|p1|Urshifu-*, L50, F|\n|poke|p1|Landorus, L50, M|\n|poke|p2|Calyrex-Ice, L50|\n|poke|p2|Indeedee-F, L50, F|\n|poke|p2|Kyogre, L50|\n|poke|p2|Amoonguss, L50, M|\n|poke|p2|Iron Jugulis, L50|\n|poke|p2|Urshifu-*, L50, F|\n|teampreview|4\n|\n|t:|1773673480\n|teamsize|p1|4\n|teamsize|p2|4\n|start\n|switch|p1a: Calyrex|Calyrex-Ice, L50|100/100\n|switch|p1b: Miraidon|Miraidon, L50|100/100\n|switch|p2a: Indeedee|Indeedee-F, L50, F|100/100\n|switch|p2b: Kyogre|Kyogre, L50|100/100\n|-ability|p1a: Calyrex|As One\n|-ability|p1a: Calyrex|Unnerve\n|-fieldstart|move: Electric Terrain|[from] ability: Hadron Engine|[of] p1b: Miraidon\n|-weather|RainDance|[from] ability: Drizzle|[of] p2b: Kyogre\n|-fieldstart|move: Psychic Terrain|[from] ability: Psychic Surge|[of] p2a: Indeedee\n|turn|1\n|\n|t:|1773673498\n|move|p2a: Indeedee|Follow Me|p2a: Indeedee\n|-singleturn|p2a: Indeedee|move: Follow Me\n|move|p1b: Miraidon|Snarl|p2b: Kyogre|[spread] p2a,p2b\n|-supereffective|p2a: Indeedee\n|-damage|p2a: Indeedee|71/100\n|-damage|p2b: Kyogre|90/100\n|-unboost|p2a: Indeedee|spa|1\n|-unboost|p2b: Kyogre|spa|1\n|move|p2b: Kyogre|Water Spout|p1a: Calyrex|[spread] p1a,p1b\n|-resisted|p1b: Miraidon\n|-damage|p1a: Calyrex|51/100\n|-damage|p1b: Miraidon|64/100\n|move|p1a: Calyrex|Glacial Lance|p2b: Kyogre|[spread] p2a,p2b\n|-resisted|p2b: Kyogre\n|-damage|p2a: Indeedee|18/100\n|-damage|p2b: Kyogre|68/100\n|\n|-weather|RainDance|[upkeep]\n|upkeep\n|turn|2\n|\n|t:|1773673537\n|switch|p1b: Amoonguss|Amoonguss, L50, F, shiny|100/100\n|switch|p2b: Urshifu|Urshifu-Rapid-Strike, L50, F|100/100\n|switch|p2a: Calyrex|Calyrex-Ice, L50|100/100\n|-ability|p2a: Calyrex|As One\n|-ability|p2a: Calyrex|Unnerve\n|move|p1a: Calyrex|Trick Room|p1a: Calyrex\n|-fieldstart|move: Trick Room|[of] p1a: Calyrex\n|\n|-weather|RainDance|[upkeep]\n|upkeep\n|turn|3\n|\n|t:|1773673566\n|-terastallize|p1b: Amoonguss|Water\n|move|p1b: Amoonguss|Rage Powder|p1b: Amoonguss\n|-singleturn|p1b: Amoonguss|move: Rage Powder\n|move|p2a: Calyrex|Glacial Lance|p1b: Amoonguss|[spread] p1a,p1b\n|-resisted|p1a: Calyrex\n|-resisted|p1b: Amoonguss\n|-damage|p1a: Calyrex|33/100\n|-damage|p1b: Amoonguss|81/100\n|move|p1a: Calyrex|Leech Seed|p2a: Calyrex\n|-start|p2a: Calyrex|move: Leech Seed\n|move|p2b: Urshifu|Surging Strikes|p1b: Amoonguss\n|-resisted|p1b: Amoonguss\n|-crit|p1b: Amoonguss\n|-damage|p1b: Amoonguss|67/100\n|-damage|p2b: Urshifu|84/100|[from] item: Rocky Helmet|[of] p1b: Amoonguss\n|-resisted|p1b: Amoonguss\n|-crit|p1b: Amoonguss\n|-damage|p1b: Amoonguss|56/100\n|-damage|p2b: Urshifu|67/100|[from] item: Rocky Helmet|[of] p1b: Amoonguss\n|-resisted|p1b: Amoonguss\n|-crit|p1b: Amoonguss\n|-damage|p1b: Amoonguss|43/100\n|-damage|p2b: Urshifu|51/100|[from] item: Rocky Helmet|[of] p1b: Amoonguss\n|-hitcount|p1b: Amoonguss|3\n|\n|-weather|RainDance|[upkeep]\n|-damage|p2a: Calyrex|88/100|[from] Leech Seed|[of] p1a: Calyrex\n|-heal|p1a: Calyrex|45/100|[silent]\n|upkeep\n|turn|4\n|\n|t:|1773673596\n|move|p1b: Amoonguss|Spore|p2b: Urshifu\n|-status|p2b: Urshifu|slp|[from] move: Spore\n|move|p2a: Calyrex|Bullet Seed|p1b: Amoonguss\n|-supereffective|p1b: Amoonguss\n|-damage|p1b: Amoonguss|27/100\n|-supereffective|p1b: Amoonguss\n|-damage|p1b: Amoonguss|11/100\n|-supereffective|p1b: Amoonguss\n|-damage|p1b: Amoonguss|0 fnt\n|faint|p1b: Amoonguss\n|-ability|p2a: Calyrex|Chilling Neigh|boost\n|-boost|p2a: Calyrex|atk|1\n|-hitcount|p1: Amoonguss|3\n|move|p1a: Calyrex|Glacial Lance|p2a: Calyrex|[spread] p2a,p2b\n|-resisted|p2a: Calyrex\n|-resisted|p2b: Urshifu\n|-damage|p2a: Calyrex|72/100\n|-damage|p2b: Urshifu|25/100 slp\n|cant|p2b: Urshifu|slp\n|\n|-weather|RainDance|[upkeep]\n|-damage|p2a: Calyrex|59/100|[from] Leech Seed|[of] p1a: Calyrex\n|-heal|p1a: Calyrex|58/100|[silent]\n|upkeep\n|\n|t:|1773673614\n|switch|p1b: Urshifu|Urshifu-Rapid-Strike, L50, F|100/100\n|turn|5\n|\n|t:|1773673628\n|cant|p2b: Urshifu|slp\n|move|p2a: Calyrex|Bullet Seed|p1a: Calyrex\n|-damage|p1a: Calyrex|47/100\n|-damage|p1a: Calyrex|38/100\n|-damage|p1a: Calyrex|27/100\n|-crit|p1a: Calyrex\n|-damage|p1a: Calyrex|13/100\n|-damage|p1a: Calyrex|4/100\n|-hitcount|p1a: Calyrex|5\n|move|p1a: Calyrex|Glacial Lance|p2a: Calyrex|[spread] p2a,p2b\n|-resisted|p2a: Calyrex\n|-resisted|p2b: Urshifu\n|-damage|p2a: Calyrex|43/100\n|-damage|p2b: Urshifu|0 fnt\n|faint|p2b: Urshifu\n|-ability|p1a: Calyrex|Chilling Neigh|boost\n|-boost|p1a: Calyrex|atk|1\n|move|p1b: Urshifu|Surging Strikes|p2a: Calyrex\n|-crit|p2a: Calyrex\n|-damage|p2a: Calyrex|24/100\n|-crit|p2a: Calyrex\n|-damage|p2a: Calyrex|3/100\n|-crit|p2a: Calyrex\n|-damage|p2a: Calyrex|0 fnt\n|faint|p2a: Calyrex\n|-hitcount|p2: Calyrex|3\n|\n|-weather|none\n|-fieldend|move: Psychic Terrain\n|upkeep\n|-message|Lpo8 forfeited.\n|\n|win|Slackermaru\n|raw|Slackermaru's rating: 1439 &rarr; <strong>1459</strong><br />(+20 for winning)\n|raw|Lpo8's rating: 1446 &rarr; <strong>1426</strong><br />(-20 for losing)\n|l|\u2606Lpo8\n|player|p2|\n|l|\u2606Slackermaru\n|player|p1|\n","uploadtime":1773673773,"views":11,"formatid":"gen9vgc2026regi","rating":1426,"private":0,"password":null}