{"id":"gen9vgc2026regi-2522424482","format":"[Gen 9] VGC 2026 Reg I","players":["darkest_contender","xiaoliyunVGC"],"log":"|j|\u2606darkest_contender\n|j|\u2606xiaoliyunVGC\n|t:|1768905595\n|gametype|doubles\n|player|p1|darkest_contender|n|1376\n|player|p2|xiaoliyunVGC|liko|1307\n|gen|9\n|tier|[Gen 9] VGC 2026 Reg I\n|rated|\n|rule|Species Clause: Limit one of each Pok\u00e9mon\n|rule|Item Clause: Limit 1 of each item\n|clearpoke\n|poke|p1|Calyrex-Shadow, L50|\n|poke|p1|Zamazenta-*, L50|\n|poke|p1|Ogerpon-Cornerstone, L50, F|\n|poke|p1|Flutter Mane, L50|\n|poke|p1|Whimsicott, L50, F|\n|poke|p1|Torkoal, L50, M|\n|poke|p2|Zamazenta-*, L50|\n|poke|p2|Kyogre, L50|\n|poke|p2|Raichu, L50, F|\n|poke|p2|Flutter Mane, L50|\n|poke|p2|Tornadus, L50, M|\n|poke|p2|Kingambit, L50, F|\n|teampreview|4\n|inactive|Battle timer is ON: inactive players will automatically lose when time's up. (requested by xiaoliyunVGC)\n|j| Electroely\n|\n|t:|1768905619\n|teamsize|p1|4\n|teamsize|p2|4\n|start\n|switch|p1a: Calyrex|Calyrex-Shadow, L50|100/100\n|switch|p1b: Whimsicott|Whimsicott, L50, F|100/100\n|switch|p2a: Kyogre|Kyogre, L50|100/100\n|switch|p2b: Raichu|Raichu, L50, F|100/100\n|-ability|p1a: Calyrex|As One\n|-ability|p1a: Calyrex|Unnerve\n|-weather|RainDance|[from] ability: Drizzle|[of] p2a: Kyogre\n|turn|1\n|\n|t:|1768905633\n|move|p1a: Calyrex|Protect|p1a: Calyrex\n|-singleturn|p1a: Calyrex|Protect\n|move|p1b: Whimsicott|Tailwind|p1b: Whimsicott\n|-sidestart|p1: darkest_contender|move: Tailwind\n|move|p2a: Kyogre|Origin Pulse|p1b: Whimsicott|[spread] p1b\n|-activate|p1a: Calyrex|move: Protect\n|-resisted|p1b: Whimsicott\n|-damage|p1b: Whimsicott|48/100\n|move|p2b: Raichu|Nuzzle|p1a: Calyrex\n|-activate|p1a: Calyrex|move: Protect\n|\n|-weather|RainDance|[upkeep]\n|upkeep\n|turn|2\n|\n|t:|1768905644\n|move|p1a: Calyrex|Astral Barrage|p2b: Raichu|[spread] p2a,p2b\n|-damage|p2a: Kyogre|62/100\n|-damage|p2b: Raichu|31/100\n|move|p1b: Whimsicott|Moonblast|p2b: Raichu\n|-damage|p2b: Raichu|0 fnt\n|faint|p2b: Raichu\n|move|p2a: Kyogre|Origin Pulse|p1b: Whimsicott|[spread] p1a,p1b\n|-resisted|p1b: Whimsicott\n|-crit|p1b: Whimsicott\n|-damage|p1a: Calyrex|31/100\n|-damage|p1b: Whimsicott|0 fnt\n|faint|p1b: Whimsicott\n|\n|-weather|RainDance|[upkeep]\n|upkeep\n|\n|t:|1768905656\n|switch|p1b: Ogerpon|Ogerpon-Cornerstone, L50, F|100/100\n|switch|p2b: Zamazenta|Zamazenta-Crowned, L50, shiny|100/100\n|-ability|p2b: Zamazenta|Dauntless Shield|boost\n|-boost|p2b: Zamazenta|def|1\n|turn|3\n|\n|t:|1768905664\n|switch|p2a: Flutter Mane|Flutter Mane, L50|100/100\n|-enditem|p2a: Flutter Mane|Booster Energy\n|-activate|p2a: Flutter Mane|ability: Protosynthesis|[fromitem]\n|-start|p2a: Flutter Mane|protosynthesisspe\n|move|p1b: Ogerpon|Spiky Shield|p1b: Ogerpon\n|-singleturn|p1b: Ogerpon|move: Protect\n|move|p2b: Zamazenta|Wide Guard|p2b: Zamazenta\n|-singleturn|p2b: Zamazenta|Wide Guard\n|move|p1a: Calyrex|Psyshock|p2a: Flutter Mane\n|-damage|p2a: Flutter Mane|0 fnt\n|faint|p2a: Flutter Mane\n|-end|p2a: Flutter Mane|Protosynthesis|[silent]\n|-ability|p1a: Calyrex|Grim Neigh|boost\n|-boost|p1a: Calyrex|spa|1\n|\n|-weather|RainDance|[upkeep]\n|upkeep\n|\n|t:|1768905676\n|switch|p2a: Kyogre|Kyogre, L50|62/100\n|turn|4\n|\n|t:|1768905688\n|move|p2b: Zamazenta|Wide Guard|p2b: Zamazenta\n|-singleturn|p2b: Zamazenta|Wide Guard\n|move|p1b: Ogerpon|Follow Me|p1b: Ogerpon\n|-singleturn|p1b: Ogerpon|move: Follow Me\n|move|p1a: Calyrex|Psyshock|p2a: Kyogre\n|-crit|p2a: Kyogre\n|-damage|p2a: Kyogre|0 fnt\n|faint|p2a: Kyogre\n|-ability|p1a: Calyrex|Grim Neigh|boost\n|-boost|p1a: Calyrex|spa|1\n|\n|-weather|RainDance|[upkeep]\n|-sideend|p1: darkest_contender|move: Tailwind\n|upkeep\n|turn|5\n|-message|xiaoliyunVGC forfeited.\n|\n|win|darkest_contender\n|raw|darkest_contender's rating: 1376 &rarr; <strong>1392</strong><br />(+16 for winning)\n|raw|xiaoliyunVGC's rating: 1307 &rarr; <strong>1291</strong><br />(-16 for losing)\n|l|\u2606xiaoliyunVGC\n|player|p2|\n|l|\u2606darkest_contender\n|player|p1|\n|l| Electroely\n","uploadtime":1768905916,"views":11,"formatid":"gen9vgc2026regi","rating":1291,"private":0,"password":null}