{"id":"gen9vgc2026regi-2531270868","format":"[Gen 9] VGC 2026 Reg I","players":["kedaruma","CHR1SPHX"],"log":"|j|\u2606kedaruma\n|j|\u2606CHR1SPHX\n|t:|1770040607\n|gametype|doubles\n|player|p1|kedaruma|170|1403\n|player|p2|CHR1SPHX|265|1354\n|gen|9\n|tier|[Gen 9] VGC 2026 Reg I\n|rated|\n|rule|Species Clause: Limit one of each Pok\u00e9mon\n|rule|Item Clause: Limit 1 of each item\n|clearpoke\n|poke|p1|Calyrex-Shadow, L50|\n|poke|p1|Zamazenta-*, L50|\n|poke|p1|Raging Bolt, L50|\n|poke|p1|Smeargle, L50, M|\n|poke|p1|Rillaboom, L50, M|\n|poke|p1|Tornadus, L50, M|\n|poke|p2|Incineroar, L50, M|\n|poke|p2|Koraidon, L50|\n|poke|p2|Flutter Mane, L50|\n|poke|p2|Brute Bonnet, L50|\n|poke|p2|Indeedee-F, L50, F|\n|poke|p2|Calyrex-Ice, L50|\n|teampreview|4\n|inactive|Battle timer is ON: inactive players will automatically lose when time's up. (requested by CHR1SPHX)\n|\n|t:|1770040634\n|teamsize|p1|4\n|teamsize|p2|4\n|start\n|switch|p1a: Smeargle|Smeargle, L50, M, shiny|100/100\n|switch|p1b: Zamazenta|Zamazenta-Crowned, L50, shiny|100/100\n|switch|p2a: Flutter Mane|Flutter Mane, L50|100/100\n|switch|p2b: Koraidon|Koraidon, L50|100/100\n|-weather|SunnyDay|[from] ability: Orichalcum Pulse|[of] p2b: Koraidon\n|-activate|p2a: Flutter Mane|ability: Protosynthesis\n|-start|p2a: Flutter Mane|protosynthesisspe\n|-activate|p2b: Koraidon|Orichalcum Pulse|[source]\n|-ability|p1b: Zamazenta|Dauntless Shield|boost\n|-boost|p1b: Zamazenta|def|1\n|turn|1\n|inactive|CHR1SPHX has 30 seconds left.\n|\n|t:|1770040667\n|-terastallize|p2b: Koraidon|Fire\n|move|p1a: Smeargle|Fake Out|p2b: Koraidon\n|-damage|p2b: Koraidon|96/100\n|move|p2a: Flutter Mane|Shadow Ball|p1b: Zamazenta\n|-damage|p1b: Zamazenta|73/100\n|cant|p2b: Koraidon|flinch\n|move|p1b: Zamazenta|Heavy Slam|p2a: Flutter Mane\n|-supereffective|p2a: Flutter Mane\n|-enditem|p2a: Flutter Mane|Focus Sash\n|-damage|p2a: Flutter Mane|1/100\n|\n|-weather|SunnyDay|[upkeep]\n|-ability|p1a: Smeargle|Moody|boost\n|-boost|p1a: Smeargle|spe|2\n|-unboost|p1a: Smeargle|spa|1\n|upkeep\n|turn|2\n|\n|t:|1770040687\n|move|p2a: Flutter Mane|Dazzling Gleam|p1b: Zamazenta|[spread] p1a,p1b\n|-damage|p1a: Smeargle|33/100\n|-damage|p1b: Zamazenta|56/100\n|move|p1a: Smeargle|Spore|p2b: Koraidon\n|-status|p2b: Koraidon|slp|[from] move: Spore\n|cant|p2b: Koraidon|slp\n|move|p1b: Zamazenta|Heavy Slam|p2a: Flutter Mane\n|-supereffective|p2a: Flutter Mane\n|-damage|p2a: Flutter Mane|0 fnt\n|faint|p2a: Flutter Mane\n|-end|p2a: Flutter Mane|Protosynthesis|[silent]\n|\n|-weather|SunnyDay|[upkeep]\n|-ability|p1a: Smeargle|Moody|boost\n|-boost|p1a: Smeargle|spe|2\n|-unboost|p1a: Smeargle|spd|1\n|upkeep\n|\n|t:|1770040695\n|switch|p2a: Indeedee|Indeedee-F, L50, F|100/100\n|-fieldstart|move: Psychic Terrain|[from] ability: Psychic Surge|[of] p2a: Indeedee\n|turn|3\n|\n|t:|1770040708\n|move|p2a: Indeedee|Follow Me|p2a: Indeedee\n|-singleturn|p2a: Indeedee|move: Follow Me\n|move|p1a: Smeargle|Spore|p2a: Indeedee\n|-status|p2a: Indeedee|slp|[from] move: Spore\n|-curestatus|p2b: Koraidon|slp|[msg]\n|move|p2b: Koraidon|Flare Blitz|p1b: Zamazenta\n|-supereffective|p1b: Zamazenta\n|-damage|p1b: Zamazenta|0 fnt\n|faint|p1b: Zamazenta\n|-damage|p2b: Koraidon|77/100|[from] Recoil\n|\n|-weather|SunnyDay|[upkeep]\n|-ability|p1a: Smeargle|Moody|boost\n|-boost|p1a: Smeargle|atk|2\n|-unboost|p1a: Smeargle|def|1\n|upkeep\n|\n|t:|1770040724\n|switch|p1b: Calyrex|Calyrex-Shadow, L50|100/100\n|-ability|p1b: Calyrex|As One\n|-ability|p1b: Calyrex|Unnerve\n|turn|4\n|\n|t:|1770040733\n|move|p1a: Smeargle|Follow Me|p1a: Smeargle\n|-singleturn|p1a: Smeargle|move: Follow Me\n|move|p1b: Calyrex|Astral Barrage|p2b: Koraidon|[spread] p2b\n|-immune|p2a: Indeedee\n|-damage|p2b: Koraidon|36/100\n|-damage|p1b: Calyrex|91/100|[from] item: Life Orb\n|move|p2b: Koraidon|Collision Course|p1a: Smeargle\n|-supereffective|p1a: Smeargle\n|-damage|p1a: Smeargle|0 fnt\n|faint|p1a: Smeargle\n|cant|p2a: Indeedee|slp\n|\n|-weather|SunnyDay|[upkeep]\n|upkeep\n|\n|t:|1770040744\n|switch|p1a: Tornadus|Tornadus, L50, M, shiny|100/100\n|turn|5\n|\n|t:|1770040750\n|move|p1a: Tornadus|Rain Dance|p1a: Tornadus\n|-weather|RainDance\n|move|p1b: Calyrex|Astral Barrage|p2b: Koraidon|[spread] p2b\n|-immune|p2a: Indeedee\n|-damage|p2b: Koraidon|0 fnt\n|faint|p2b: Koraidon\n|-ability|p1b: Calyrex|Grim Neigh|boost\n|-boost|p1b: Calyrex|spa|1\n|-damage|p1b: Calyrex|81/100|[from] item: Life Orb\n|-curestatus|p2a: Indeedee|slp|[msg]\n|move|p2a: Indeedee|Trick Room|p2a: Indeedee\n|-fieldstart|move: Trick Room|[of] p2a: Indeedee\n|\n|-weather|RainDance|[upkeep]\n|upkeep\n|\n|t:|1770040764\n|switch|p2b: Calyrex|Calyrex-Ice, L50|100/100\n|-ability|p2b: Calyrex|As One\n|-ability|p2b: Calyrex|Unnerve\n|turn|6\n|\n|t:|1770040771\n|move|p2a: Indeedee|Helping Hand|p2b: Calyrex\n|-singleturn|p2b: Calyrex|Helping Hand|[of] p2a: Indeedee\n|move|p1a: Tornadus|Protect|p1a: Tornadus\n|-singleturn|p1a: Tornadus|Protect\n|move|p2b: Calyrex|Glacial Lance|p1b: Calyrex|[spread] p1b\n|-activate|p1a: Tornadus|move: Protect\n|-damage|p1b: Calyrex|0 fnt\n|faint|p1b: Calyrex\n|-ability|p2b: Calyrex|Chilling Neigh|boost\n|-boost|p2b: Calyrex|atk|1\n|\n|-weather|RainDance|[upkeep]\n|upkeep\n|turn|7\n|-message|kedaruma forfeited.\n|\n|win|CHR1SPHX\n|raw|kedaruma's rating: 1403 &rarr; <strong>1380</strong><br />(-23 for losing)\n|raw|CHR1SPHX's rating: 1354 &rarr; <strong>1377</strong><br />(+23 for winning)\n|l|\u2606kedaruma\n|player|p1|\n|l|\u2606CHR1SPHX\n|player|p2|\n|j|\u2606CHR1SPHX\n|player|p2|CHR1SPHX|265|\n","uploadtime":1770040937,"views":14,"formatid":"gen9vgc2026regi","rating":1377,"private":0,"password":null}