{"id":"gen9vgc2026regi-2564670079","format":"[Gen 9] VGC 2026 Reg I","players":["JakeNBake3D","blackred123"],"log":"|j|\u2606JakeNBake3D\n|j|\u2606blackred123\n|t:|1774183996\n|gametype|doubles\n|player|p1|JakeNBake3D|101|1332\n|player|p2|blackred123|iono-masters|1404\n|gen|9\n|tier|[Gen 9] VGC 2026 Reg I\n|rated|\n|rule|Species Clause: Limit one of each Pok\u00e9mon\n|rule|Item Clause: Limit 1 of each item\n|clearpoke\n|poke|p1|Calyrex-Ice, L50|\n|poke|p1|Miraidon, L50|\n|poke|p1|Urshifu-*, L50, F|\n|poke|p1|Incineroar, L50, F|\n|poke|p1|Farigiraf, L50, F|\n|poke|p1|Iron Hands, L50|\n|poke|p2|Kyogre, L50|\n|poke|p2|Zacian-*, L50|\n|poke|p2|Clefairy, L50, F|\n|poke|p2|Tornadus, L50, M|\n|poke|p2|Landorus, L50, M|\n|poke|p2|Smeargle, L50, M|\n|teampreview|4\n|inactive|Battle timer is ON: inactive players will automatically lose when time's up. (requested by blackred123)\n|inactive|JakeNBake3D has 60 seconds left.\n|inactive|blackred123 has 60 seconds left.\n|\n|t:|1774184049\n|teamsize|p1|4\n|teamsize|p2|4\n|start\n|switch|p1a: Incineroar|Incineroar, L50, F|100/100\n|switch|p1b: Miraidon|Miraidon, L50|100/100\n|switch|p2a: Zacian|Zacian-Crowned, L50|100/100\n|switch|p2b: Clefairy|Clefairy, L50, F|100/100\n|-ability|p2a: Zacian|Intrepid Sword|boost\n|-boost|p2a: Zacian|atk|1\n|-fieldstart|move: Electric Terrain|[from] ability: Hadron Engine|[of] p1b: Miraidon\n|-ability|p1a: Incineroar|Intimidate|boost\n|-unboost|p2a: Zacian|atk|1\n|-unboost|p2b: Clefairy|atk|1\n|turn|1\n|inactive|JakeNBake3D has 30 seconds left.\n|\n|t:|1774184079\n|move|p2a: Zacian|Protect|p2a: Zacian\n|-singleturn|p2a: Zacian|Protect\n|move|p2b: Clefairy|Protect|p2b: Clefairy\n|-singleturn|p2b: Clefairy|Protect\n|move|p1a: Incineroar|Fake Out|p2a: Zacian\n|-activate|p2a: Zacian|move: Protect\n|move|p1b: Miraidon|Electro Drift|p2b: Clefairy\n|-activate|p2b: Clefairy|move: Protect\n|\n|upkeep\n|turn|2\n|inactive|JakeNBake3D has 30 seconds left.\n|inactive|blackred123 has 30 seconds left.\n|\n|t:|1774184113\n|switch|p1a: Urshifu|Urshifu-Rapid-Strike, L50, F|100/100\n|-terastallize|p2b: Clefairy|Grass\n|move|p2b: Clefairy|Follow Me|p2b: Clefairy\n|-singleturn|p2b: Clefairy|move: Follow Me\n|move|p2a: Zacian|Swords Dance|p2a: Zacian\n|-boost|p2a: Zacian|atk|2\n|move|p1b: Miraidon|Electro Drift|p2b: Clefairy\n|-resisted|p2b: Clefairy\n|-damage|p2b: Clefairy|29/100\n|\n|upkeep\n|turn|3\n|inactive|JakeNBake3D has 30 seconds left.\n|inactive|JakeNBake3D has 20 seconds left.\n|\n|t:|1774184149\n|switch|p1b: Incineroar|Incineroar, L50, F|100/100\n|-ability|p1b: Incineroar|Intimidate|boost\n|-unboost|p2a: Zacian|atk|1\n|-unboost|p2b: Clefairy|atk|1\n|move|p2b: Clefairy|Follow Me|p2b: Clefairy\n|-singleturn|p2b: Clefairy|move: Follow Me\n|move|p1a: Urshifu|Surging Strikes|p2b: Clefairy\n|-resisted|p2b: Clefairy\n|-crit|p2b: Clefairy\n|-damage|p2b: Clefairy|21/100\n|-resisted|p2b: Clefairy\n|-crit|p2b: Clefairy\n|-damage|p2b: Clefairy|13/100\n|-resisted|p2b: Clefairy\n|-crit|p2b: Clefairy\n|-damage|p2b: Clefairy|6/100\n|-hitcount|p2b: Clefairy|3\n|move|p2a: Zacian|Play Rough|p1b: Incineroar\n|-damage|p1b: Incineroar|45/100\n|-unboost|p1b: Incineroar|atk|1\n|\n|upkeep\n|turn|4\n|inactive|JakeNBake3D has 30 seconds left.\n|\n|t:|1774184178\n|move|p1b: Incineroar|Fake Out|p2a: Zacian\n|-resisted|p2a: Zacian\n|-damage|p2a: Zacian|98/100\n|move|p1a: Urshifu|Surging Strikes|p2b: Clefairy\n|-resisted|p2b: Clefairy\n|-crit|p2b: Clefairy\n|-damage|p2b: Clefairy|0 fnt\n|faint|p2b: Clefairy\n|-hitcount|p2: Clefairy|1\n|cant|p2a: Zacian|flinch\n|\n|upkeep\n|\n|t:|1774184187\n|switch|p2b: Kyogre|Kyogre, L50, shiny|100/100\n|-weather|RainDance|[from] ability: Drizzle|[of] p2b: Kyogre\n|turn|5\n|\n|t:|1774184209\n|move|p1a: Urshifu|Surging Strikes|p2a: Zacian\n|-crit|p2a: Zacian\n|-damage|p2a: Zacian|70/100\n|-crit|p2a: Zacian\n|-damage|p2a: Zacian|39/100\n|-crit|p2a: Zacian\n|-damage|p2a: Zacian|12/100\n|-hitcount|p2a: Zacian|3\n|move|p2a: Zacian|Play Rough|p1a: Urshifu\n|-supereffective|p1a: Urshifu\n|-crit|p1a: Urshifu\n|-damage|p1a: Urshifu|0 fnt\n|faint|p1a: Urshifu\n|move|p2b: Kyogre|Water Spout|p1b: Incineroar\n|-supereffective|p1b: Incineroar\n|-damage|p1b: Incineroar|0 fnt\n|faint|p1b: Incineroar\n|\n|-weather|RainDance|[upkeep]\n|-fieldend|move: Electric Terrain\n|upkeep\n|\n|t:|1774184227\n|switch|p1a: Calyrex|Calyrex-Ice, L50|100/100\n|switch|p1b: Miraidon|Miraidon, L50|100/100\n|-ability|p1a: Calyrex|As One\n|-ability|p1a: Calyrex|Unnerve\n|-fieldstart|move: Electric Terrain|[from] ability: Hadron Engine|[of] p1b: Miraidon\n|turn|6\n|\n|t:|1774184243\n|-terastallize|p1b: Miraidon|Fairy\n|move|p1a: Calyrex|Protect|p1a: Calyrex\n|-singleturn|p1a: Calyrex|Protect\n|move|p2a: Zacian|Play Rough|p1b: Miraidon\n|-damage|p1b: Miraidon|22/100\n|move|p1b: Miraidon|Dazzling Gleam|p2a: Zacian|[spread] p2a,p2b\n|-resisted|p2a: Zacian\n|-damage|p2a: Zacian|0 fnt\n|-damage|p2b: Kyogre|49/100\n|faint|p2a: Zacian\n|move|p2b: Kyogre|Water Spout|p1a: Calyrex|[spread] p1b\n|-activate|p1a: Calyrex|move: Protect\n|-damage|p1b: Miraidon|0 fnt\n|faint|p1b: Miraidon\n|\n|-weather|RainDance|[upkeep]\n|upkeep\n|\n|t:|1774184247\n|switch|p2a: \u5c0f\u7b14\u7ea2\u80bf|Smeargle, L50, M, shiny|100/100\n|turn|7\n|inactive|JakeNBake3D has 30 seconds left.\n|\n|t:|1774184279\n|move|p2a: \u5c0f\u7b14\u7ea2\u80bf|Fake Out|p1a: Calyrex\n|-damage|p1a: Calyrex|97/100\n|move|p2b: Kyogre|Water Spout|p1a: Calyrex\n|-damage|p1a: Calyrex|36/100\n|cant|p1a: Calyrex|flinch\n|\n|-weather|RainDance|[upkeep]\n|-ability|p2a: \u5c0f\u7b14\u7ea2\u80bf|Moody|boost\n|-boost|p2a: \u5c0f\u7b14\u7ea2\u80bf|spa|2\n|-unboost|p2a: \u5c0f\u7b14\u7ea2\u80bf|spe|1\n|upkeep\n|turn|8\n|\n|t:|1774184292\n|move|p2a: \u5c0f\u7b14\u7ea2\u80bf|Wide Guard|p2a: \u5c0f\u7b14\u7ea2\u80bf\n|-singleturn|p2a: \u5c0f\u7b14\u7ea2\u80bf|Wide Guard\n|move|p2b: Kyogre|Water Spout|p1a: Calyrex\n|-damage|p1a: Calyrex|0 fnt\n|faint|p1a: Calyrex\n|\n|win|blackred123\n|raw|JakeNBake3D's rating: 1332 &rarr; <strong>1316</strong><br />(-16 for losing)\n|raw|blackred123's rating: 1404 &rarr; <strong>1420</strong><br />(+16 for winning)\n|l|\u2606JakeNBake3D\n|player|p1|\n","uploadtime":1774184515,"views":10,"formatid":"gen9vgc2026regi","rating":1316,"private":0,"password":null}