{"id":"gen9vgc2026regi-2580272948","format":"[Gen 9] VGC 2026 Reg I","players":["clessvgc","bio150numberonefan"],"log":"|j|\u2606clessvgc\n|j|\u2606bio150numberonefan\n|t:|1775873128\n|gametype|doubles\n|player|p1|clessvgc|proton|1099\n|player|p2|bio150numberonefan|hugh|1188\n|gen|9\n|tier|[Gen 9] VGC 2026 Reg I\n|rated|\n|rule|Species Clause: Limit one of each Pok\u00e9mon\n|rule|Item Clause: Limit 1 of each item\n|clearpoke\n|poke|p1|Calyrex-Ice, L50|\n|poke|p1|Articuno, L50|\n|poke|p1|Vulpix-Alola, L50, F|\n|poke|p1|Typhlosion-Hisui, L50, F|\n|poke|p1|Koraidon, L50|\n|poke|p1|Gastrodon, L50, M|\n|poke|p2|Enamorus, L50, F|\n|poke|p2|Kyogre, L50|\n|poke|p2|Ninetales-Alola, L50, F|\n|poke|p2|Zacian-*, L50|\n|poke|p2|Chien-Pao, L50|\n|poke|p2|Spectrier, L50|\n|teampreview|4\n|inactive|Battle timer is ON: inactive players will automatically lose when time's up. (requested by clessvgc)\n|inactive|clessvgc has 60 seconds left.\n|inactive|bio150numberonefan has 60 seconds left.\n|inactive|bio150numberonefan has 30 seconds left.\n|inactive|bio150numberonefan has 20 seconds left.\n|inactive|bio150numberonefan has 15 seconds left.\n|inactive|bio150numberonefan has 10 seconds left.\n|\n|t:|1775873210\n|teamsize|p1|4\n|teamsize|p2|4\n|start\n|switch|p1a: Vulpix|Vulpix-Alola, L50, F|100/100\n|switch|p1b: Calyrex|Calyrex-Ice, L50|100/100\n|switch|p2a: Enamorus|Enamorus, L50, F|100/100\n|switch|p2b: Chien-Pao|Chien-Pao, L50|100/100\n|-ability|p1b: Calyrex|As One\n|-ability|p1b: Calyrex|Unnerve\n|-ability|p2b: Chien-Pao|Sword of Ruin\n|-weather|Snowscape|[from] ability: Snow Warning|[of] p1a: Vulpix\n|turn|1\n|\n|t:|1775873235\n|-terastallize|p1b: Calyrex|Water\n|move|p2b: Chien-Pao|Crunch|p1b: Calyrex\n|-damage|p1b: Calyrex|55/100\n|-damage|p2b: Chien-Pao|91/100|[from] item: Life Orb\n|move|p2a: Enamorus|Tailwind|p2a: Enamorus\n|-sidestart|p2: bio150numberonefan|move: Tailwind\n|move|p1a: Vulpix|Aurora Veil|p1a: Vulpix\n|-sidestart|p1: clessvgc|move: Aurora Veil\n|move|p1b: Calyrex|Trick Room|p1b: Calyrex\n|-fieldstart|move: Trick Room|[of] p1b: Calyrex\n|\n|-weather|Snowscape|[upkeep]\n|upkeep\n|turn|2\n|c|\u2606bio150numberonefan|well shit\n|inactive|bio150numberonefan has 30 seconds left.\n|inactive|bio150numberonefan has 20 seconds left.\n|inactive|bio150numberonefan has 15 seconds left.\n|inactive|bio150numberonefan has 10 seconds left.\n|inactive|bio150numberonefan has 5 seconds left.\n|\n|t:|1775873285\n|move|p1b: Calyrex|Glacial Lance|p2a: Enamorus|[spread] p2a,p2b\n|-supereffective|p2a: Enamorus\n|-resisted|p2b: Chien-Pao\n|-damage|p2a: Enamorus|0 fnt\n|-damage|p2b: Chien-Pao|64/100\n|faint|p2a: Enamorus\n|-ability|p1b: Calyrex|Chilling Neigh|boost\n|-boost|p1b: Calyrex|atk|1\n|move|p1a: Vulpix|Encore|p2b: Chien-Pao\n|-start|p2b: Chien-Pao|Encore\n|move|p2b: Chien-Pao|Crunch|p1a: Vulpix\n|-damage|p1a: Vulpix|67/100\n|-unboost|p1a: Vulpix|def|1\n|-damage|p2b: Chien-Pao|54/100|[from] item: Life Orb\n|\n|-weather|Snowscape|[upkeep]\n|upkeep\n|\n|t:|1775873303\n|switch|p2a: Kyogre|Kyogre, L50|100/100\n|-weather|RainDance|[from] ability: Drizzle|[of] p2a: Kyogre\n|turn|3\n|\n|t:|1775873311\n|switch|p1a: Koraidon|Koraidon, L50|100/100\n|-weather|SunnyDay|[from] ability: Orichalcum Pulse|[of] p1a: Koraidon\n|-activate|p1a: Koraidon|Orichalcum Pulse|[source]\n|switch|p2b: Zacian|Zacian-Crowned, L50|100/100\n|-ability|p2b: Zacian|Intrepid Sword|boost\n|-boost|p2b: Zacian|atk|1\n|move|p1b: Calyrex|Glacial Lance|p2a: Kyogre|[spread] p2a,p2b\n|-resisted|p2a: Kyogre\n|-crit|p2a: Kyogre\n|-resisted|p2b: Zacian\n|-damage|p2a: Kyogre|27/100\n|-damage|p2b: Zacian|59/100\n|move|p2a: Kyogre|Thunder|p1b: Calyrex|[miss]\n|-miss|p2a: Kyogre|p1b: Calyrex\n|\n|-weather|SunnyDay|[upkeep]\n|upkeep\n|turn|4\n|inactive|bio150numberonefan has 30 seconds left.\n|\n|t:|1775873339\n|switch|p2a: Chien-Pao|Chien-Pao, L50|54/100\n|-ability|p2a: Chien-Pao|Sword of Ruin\n|move|p1b: Calyrex|Glacial Lance|p2b: Zacian|[spread] p2a,p2b\n|-resisted|p2a: Chien-Pao\n|-resisted|p2b: Zacian\n|-damage|p2a: Chien-Pao|0 fnt\n|-damage|p2b: Zacian|4/100\n|faint|p2a: Chien-Pao\n|-ability|p1b: Calyrex|Chilling Neigh|boost\n|-boost|p1b: Calyrex|atk|1\n|move|p1a: Koraidon|Flare Blitz|p2b: Zacian\n|-supereffective|p2b: Zacian\n|-damage|p2b: Zacian|0 fnt\n|faint|p2b: Zacian\n|-damage|p1a: Koraidon|99/100|[from] Recoil\n|\n|-weather|SunnyDay|[upkeep]\n|-sideend|p2: bio150numberonefan|move: Tailwind\n|upkeep\n|c|\u2606bio150numberonefan|gg\n|\n|t:|1775873357\n|switch|p2a: Kyogre|Kyogre, L50|27/100\n|-weather|RainDance|[from] ability: Drizzle|[of] p2a: Kyogre\n|turn|5\n|inactive|bio150numberonefan has 30 seconds left.\n|inactive|bio150numberonefan has 20 seconds left.\n|inactive|bio150numberonefan has 15 seconds left.\n|inactive|bio150numberonefan has 10 seconds left.\n|inactive|bio150numberonefan has 5 seconds left.\n|\n|t:|1775873410\n|switch|p1a: Vulpix|Vulpix-Alola, L50, F|67/100\n|-weather|Snowscape|[from] ability: Snow Warning|[of] p1a: Vulpix\n|move|p1b: Calyrex|Close Combat|p2a: Kyogre\n|-damage|p2a: Kyogre|0 fnt\n|-unboost|p1b: Calyrex|def|1\n|-unboost|p1b: Calyrex|spd|1\n|faint|p2a: Kyogre\n|\n|win|clessvgc\n|raw|clessvgc's rating: 1099 &rarr; <strong>1130</strong><br />(+31 for winning)\n|raw|bio150numberonefan's rating: 1188 &rarr; <strong>1157</strong><br />(-31 for losing)\n|l|\u2606bio150numberonefan\n|player|p2|\n|l|\u2606clessvgc\n|player|p1|\n","uploadtime":1775873647,"views":14,"formatid":"gen9vgc2026regi","rating":1130,"private":0,"password":null}