{"id":"gen9vgc2026regi-2561273280","format":"[Gen 9] VGC 2026 Reg I","players":["Mirthinion","Zkprep"],"log":"|j|\u2606Mirthinion\n|j|\u2606Zkprep\n|t:|1773779363\n|gametype|doubles\n|player|p1|Mirthinion|janitor|1404\n|player|p2|Zkprep|266|1417\n|gen|9\n|tier|[Gen 9] VGC 2026 Reg I\n|rated|\n|rule|Species Clause: Limit one of each Pok\u00e9mon\n|rule|Item Clause: Limit 1 of each item\n|clearpoke\n|poke|p1|Calyrex-Shadow, L50|\n|poke|p1|Zamazenta-*, L50|\n|poke|p1|Urshifu-*, L50, M|\n|poke|p1|Incineroar, L50, M|\n|poke|p1|Rillaboom, L50, M|\n|poke|p1|Tornadus, L50, M|\n|poke|p2|Calyrex-Shadow, L50|\n|poke|p2|Miraidon, L50|\n|poke|p2|Whimsicott, L50, F|\n|poke|p2|Chien-Pao, L50|\n|poke|p2|Chi-Yu, L50|\n|poke|p2|Ogerpon-Wellspring, L50, F|\n|teampreview|4\n|inactive|Battle timer is ON: inactive players will automatically lose when time's up. (requested by Mirthinion)\nMirthinion rejected open team sheets.\n|inactive|Mirthinion has 60 seconds left.\n|j| trajan29\n|\n|t:|1773779394\n|teamsize|p1|4\n|teamsize|p2|4\n|start\n|switch|p1a: Vangwe|Tornadus, L50, M|100/100\n|switch|p1b: Beowulf|Urshifu-Rapid-Strike, L50, M|100/100\n|switch|p2a: Calyrex|Calyrex-Shadow, L50|100/100\n|switch|p2b: Whimsicott|Whimsicott, L50, F|100/100\n|-ability|p2a: Calyrex|As One\n|-ability|p2a: Calyrex|Unnerve\n|turn|1\n|\n|t:|1773779413\n|switch|p2a: Ogerpon|Ogerpon-Wellspring, L50, F|100/100\n|move|p2b: Whimsicott|Tailwind|p2b: Whimsicott\n|-sidestart|p2: Zkprep|move: Tailwind\n|move|p1a: Vangwe|Tailwind|p1a: Vangwe\n|-sidestart|p1: Mirthinion|move: Tailwind\n|move|p1b: Beowulf|Surging Strikes|p2a: Ogerpon\n|-immune|p2a: Ogerpon|[from] ability: Water Absorb\n|\n|upkeep\n|turn|2\n|\n|t:|1773779433\n|-terastallize|p1b: Beowulf|Ghost\n|move|p2b: Whimsicott|Encore|p1a: Vangwe\n|-start|p1a: Vangwe|Encore\n|move|p2a: Ogerpon|Ivy Cudgel|p1b: Beowulf|[anim] Ivy Cudgel Water\n|-damage|p1b: Beowulf|37/100\n|move|p1b: Beowulf|Surging Strikes|p2b: Whimsicott\n|-resisted|p2b: Whimsicott\n|-crit|p2b: Whimsicott\n|-damage|p2b: Whimsicott|85/100\n|-resisted|p2b: Whimsicott\n|-crit|p2b: Whimsicott\n|-damage|p2b: Whimsicott|67/100\n|-resisted|p2b: Whimsicott\n|-crit|p2b: Whimsicott\n|-damage|p2b: Whimsicott|50/100\n|-hitcount|p2b: Whimsicott|3\n|move|p1a: Vangwe|Tailwind||[still]\n|-fail|p1a: Vangwe\n|\n|upkeep\n|turn|3\n|inactive|Zkprep has 30 seconds left.\n|inactive|Zkprep has 20 seconds left.\n|\n|t:|1773779471\n|switch|p2b: Calyrex|Calyrex-Shadow, L50|100/100\n|-ability|p2b: Calyrex|As One\n|-ability|p2b: Calyrex|Unnerve\n|switch|p1b: Drambor|Zamazenta-Crowned, L50|100/100\n|-ability|p1b: Drambor|Dauntless Shield|boost\n|-boost|p1b: Drambor|def|1\n|switch|p1a: Mithrandir|Calyrex-Shadow, L50|100/100\n|-ability|p1a: Mithrandir|As One\n|-ability|p1a: Mithrandir|Unnerve\n|move|p2a: Ogerpon|Ivy Cudgel|p1b: Drambor|[anim] Ivy Cudgel Water\n|-damage|p1b: Drambor|75/100\n|\n|upkeep\n|turn|4\n|inactive|Mirthinion has 30 seconds left.\n|inactive|Zkprep has 30 seconds left.\n|inactive|Mirthinion has 20 seconds left.\n|inactive|Zkprep has 20 seconds left.\n|inactive|Mirthinion has 15 seconds left.\n|\n|t:|1773779514\n|-terastallize|p2b: Calyrex|Fighting\n|move|p1b: Drambor|Wide Guard|p1b: Drambor\n|-singleturn|p1b: Drambor|Wide Guard\n|move|p1a: Mithrandir|Pollen Puff|p2a: Ogerpon\n|-supereffective|p2a: Ogerpon\n|-damage|p2a: Ogerpon|20/100\n|move|p2b: Calyrex|Tera Blast|p1b: Drambor|[anim] Tera Blast Fighting\n|-supereffective|p1b: Drambor\n|-damage|p1b: Drambor|0 fnt\n|faint|p1b: Drambor\n|-ability|p2b: Calyrex|Grim Neigh|boost\n|-boost|p2b: Calyrex|spa|1\n|move|p2a: Ogerpon|Ivy Cudgel|p1a: Mithrandir|[anim] Ivy Cudgel Water\n|-damage|p1a: Mithrandir|41/100\n|\n|-sideend|p2: Zkprep|move: Tailwind\n|-sideend|p1: Mirthinion|move: Tailwind\n|upkeep\n|j| elizabonk\n|\n|t:|1773779531\n|switch|p1b: Vangwe|Tornadus, L50, M|100/100\n|turn|5\n|\n|t:|1773779555\n|move|p1b: Vangwe|Tailwind|p1b: Vangwe\n|-sidestart|p1: Mirthinion|move: Tailwind\n|move|p1a: Mithrandir|Astral Barrage|p2a: Ogerpon|[spread] p2a,p2b\n|-damage|p2a: Ogerpon|0 fnt\n|-damage|p2b: Calyrex|54/100\n|faint|p2a: Ogerpon\n|-ability|p1a: Mithrandir|Grim Neigh|boost\n|-boost|p1a: Mithrandir|spa|1\n|move|p2b: Calyrex|Astral Barrage|p1b: Vangwe|[spread] p1a,p1b\n|-supereffective|p1a: Mithrandir\n|-damage|p1a: Mithrandir|0 fnt\n|-damage|p1b: Vangwe|23/100\n|faint|p1a: Mithrandir\n|-ability|p2b: Calyrex|Grim Neigh|boost\n|-boost|p2b: Calyrex|spa|1\n|\n|upkeep\n|\n|t:|1773779574\n|switch|p1a: Beowulf|Urshifu-Rapid-Strike, L50, M, tera:Ghost|37/100\n|switch|p2a: Whimsicott|Whimsicott, L50, F|50/100\n|turn|6\n|\n|t:|1773779593\n|switch|p2b: Miraidon|Miraidon, L50|100/100\n|-fieldstart|move: Electric Terrain|[from] ability: Hadron Engine|[of] p2b: Miraidon\n|move|p1b: Vangwe|Taunt|p2a: Whimsicott\n|-start|p2a: Whimsicott|move: Taunt\n|cant|p2a: Whimsicott|move: Taunt|Tailwind\n|move|p1a: Beowulf|Surging Strikes|p2b: Miraidon\n|-resisted|p2b: Miraidon\n|-crit|p2b: Miraidon\n|-damage|p2b: Miraidon|84/100\n|-resisted|p2b: Miraidon\n|-crit|p2b: Miraidon\n|-damage|p2b: Miraidon|68/100\n|-resisted|p2b: Miraidon\n|-crit|p2b: Miraidon\n|-damage|p2b: Miraidon|52/100\n|-hitcount|p2b: Miraidon|3\n|\n|upkeep\n|turn|7\n|inactive|Zkprep has 30 seconds left.\n|inactive|Zkprep has 20 seconds left.\n|inactive|Zkprep has 15 seconds left.\n|inactive|Zkprep has 10 seconds left.\n|\n|t:|1773779639\n|switch|p2a: Calyrex|Calyrex-Shadow, L50, tera:Fighting|54/100\n|-ability|p2a: Calyrex|As One\n|-ability|p2a: Calyrex|Unnerve\n|move|p1a: Beowulf|Surging Strikes|p2b: Miraidon\n|-resisted|p2b: Miraidon\n|-crit|p2b: Miraidon\n|-damage|p2b: Miraidon|36/100\n|-resisted|p2b: Miraidon\n|-crit|p2b: Miraidon\n|-damage|p2b: Miraidon|20/100\n|-resisted|p2b: Miraidon\n|-crit|p2b: Miraidon\n|-damage|p2b: Miraidon|4/100\n|-hitcount|p2b: Miraidon|3\n|move|p1b: Vangwe|Bleakwind Storm|p2a: Calyrex|[spread] \n|-miss|p1b: Vangwe|p2a: Calyrex\n|-miss|p1b: Vangwe|p2b: Miraidon\n|move|p2b: Miraidon|Electro Drift|p1b: Vangwe\n|-supereffective|p1b: Vangwe\n|-damage|p1b: Vangwe|0 fnt\n|faint|p1b: Vangwe\n|\n|upkeep\n|turn|8\n|c|\u2606Mirthinion|lol XP\n|\n|t:|1773779663\n|move|p1a: Beowulf|Surging Strikes|p2a: Calyrex\n|-crit|p2a: Calyrex\n|-damage|p2a: Calyrex|16/100\n|-crit|p2a: Calyrex\n|-damage|p2a: Calyrex|0 fnt\n|faint|p2a: Calyrex\n|-hitcount|p2: Calyrex|2\n|move|p2b: Miraidon|Electro Drift|p1a: Beowulf\n|-damage|p1a: Beowulf|0 fnt\n|faint|p1a: Beowulf\n|\n|win|Zkprep\n|raw|Mirthinion's rating: 1404 &rarr; <strong>1385</strong><br />(-19 for losing)\n|raw|Zkprep's rating: 1417 &rarr; <strong>1436</strong><br />(+19 for winning)\n|c|\u2606Mirthinion|gg\n","uploadtime":1773779676,"views":98,"formatid":"gen9vgc2026regi","rating":1385,"private":0,"password":null}