{"id":"gen9vgc2026regi-2589937979","format":"[Gen 9] VGC 2026 Reg I","players":["stupid test7","BlazinHoundoom"],"log":"|j|\u2606stupid test7\n|j|\u2606BlazinHoundoom\n|t:|1776775652\n|gametype|doubles\n|player|p1|stupid test7|265|1282\n|player|p2|BlazinHoundoom|101|1215\n|gen|9\n|tier|[Gen 9] VGC 2026 Reg I\n|rated|\n|rule|Species Clause: Limit one of each Pok\u00e9mon\n|rule|Item Clause: Limit 1 of each item\n|clearpoke\n|poke|p1|Kyogre, L50|\n|poke|p1|Indeedee-F, L50, F|\n|poke|p1|Weezing-Galar, L50, M|\n|poke|p1|Urshifu-*, L50, F|\n|poke|p1|Calyrex-Ice, L50|\n|poke|p1|Wyrdeer, L50, M|\n|poke|p2|Calyrex-Ice, L50|\n|poke|p2|Miraidon, L50|\n|poke|p2|Grimmsnarl, L50, M|\n|poke|p2|Urshifu-*, L50, F|\n|poke|p2|Incineroar, L50, M|\n|poke|p2|Landorus, L50, M|\n|teampreview|4\n|\n|t:|1776775684\n|teamsize|p1|4\n|teamsize|p2|4\n|start\n|switch|p1a: Kyogre|Kyogre, L50|100/100\n|switch|p1b: Indeedee|Indeedee-F, L50, F|100/100\n|switch|p2a: Miraidon|Miraidon, L50|100/100\n|switch|p2b: Incineroar|Incineroar, L50, M|100/100\n|-weather|RainDance|[from] ability: Drizzle|[of] p1a: Kyogre\n|-fieldstart|move: Electric Terrain|[from] ability: Hadron Engine|[of] p2a: Miraidon\n|-ability|p2b: Incineroar|Intimidate|boost\n|-unboost|p1a: Kyogre|atk|1\n|-unboost|p1b: Indeedee|atk|1\n|-fieldstart|move: Psychic Terrain|[from] ability: Psychic Surge|[of] p1b: Indeedee\n|-enditem|p1b: Indeedee|Psychic Seed\n|-boost|p1b: Indeedee|spd|1|[from] item: Psychic Seed\n|turn|1\n|inactive|Battle timer is ON: inactive players will automatically lose when time's up. (requested by BlazinHoundoom)\n|\n|t:|1776775705\n|switch|p2b: Calyrex|Calyrex-Ice, L50|100/100\n|-ability|p2b: Calyrex|As One\n|-ability|p2b: Calyrex|Unnerve\n|-terastallize|p1a: Kyogre|Water\n|move|p1b: Indeedee|Follow Me|p1b: Indeedee\n|-singleturn|p1b: Indeedee|move: Follow Me\n|move|p1a: Kyogre|Water Spout|p2a: Miraidon|[spread] p2a,p2b\n|-resisted|p2a: Miraidon\n|-damage|p2a: Miraidon|59/100\n|-damage|p2b: Calyrex|22/100\n|move|p2a: Miraidon|Volt Switch|p1b: Indeedee\n|-damage|p1b: Indeedee|67/100\n|\n|t:|1776775713\n|switch|p2a: Incineroar|Incineroar, L50, M|100/100|[from] Volt Switch\n|-ability|p2a: Incineroar|Intimidate|boost\n|-unboost|p1a: Kyogre|atk|1\n|-unboost|p1b: Indeedee|atk|1\n|\n|-weather|RainDance|[upkeep]\n|-heal|p2b: Calyrex|28/100|[from] item: Leftovers\n|upkeep\n|turn|2\n|\n|t:|1776775727\n|switch|p1a: Weezing|Weezing-Galar, L50, M|100/100\n|-ability|p1a: Weezing|Neutralizing Gas\n|move|p2b: Calyrex|Protect|p2b: Calyrex\n|-singleturn|p2b: Calyrex|Protect\n|move|p2a: Incineroar|U-turn|p1b: Indeedee\n|-supereffective|p1b: Indeedee\n|-damage|p1b: Indeedee|30/100\n|\n|t:|1776775741\n|switch|p2a: Miraidon|Miraidon, L50|59/100|[from] U-turn\n|move|p1b: Indeedee|Baton Pass|p1b: Indeedee\n|\n|t:|1776775745\n|switch|p1b: Calyrex|Calyrex-Ice, L50|100/100|[from] Baton Pass\n|-ability|p1b: Calyrex|As One\n|-ability|p1b: Calyrex|Unnerve\n|\n|-weather|RainDance|[upkeep]\n|-heal|p2b: Calyrex|34/100|[from] item: Leftovers\n|upkeep\n|turn|3\n|\n|t:|1776775766\n|move|p2a: Miraidon|Volt Switch|p1b: Calyrex\n|-damage|p1b: Calyrex|77/100\n|\n|t:|1776775770\n|switch|p2a: Incineroar|Incineroar, L50, M|100/100|[from] Volt Switch\n|move|p1b: Calyrex|Substitute|p1b: Calyrex\n|-start|p1b: Calyrex|Substitute\n|-damage|p1b: Calyrex|53/100\n|move|p1a: Weezing|Will-O-Wisp|p2b: Calyrex\n|-status|p2b: Calyrex|brn\n|move|p2b: Calyrex|Trick Room|p2b: Calyrex\n|-fieldstart|move: Trick Room|[of] p2b: Calyrex\n|\n|-weather|RainDance|[upkeep]\n|-heal|p2b: Calyrex|40/100 brn|[from] item: Leftovers\n|-heal|p1b: Calyrex|58/100|[from] item: Leftovers\n|-damage|p2b: Calyrex|34/100 brn|[from] brn\n|upkeep\n|turn|4\n|\n|t:|1776775793\n|move|p1a: Weezing|Gunk Shot|p2a: Incineroar|[miss]\n|-miss|p1a: Weezing|p2a: Incineroar\n|move|p2b: Calyrex|Leech Seed||[still]\n|-fail|p2b: Calyrex\n|move|p1b: Calyrex|Leech Seed|p2a: Incineroar\n|-start|p2a: Incineroar|move: Leech Seed\n|move|p2a: Incineroar|Knock Off|p1b: Calyrex\n|-supereffective|p1b: Calyrex\n|-end|p1b: Calyrex|Substitute\n|\n|-weather|RainDance|[upkeep]\n|-heal|p2b: Calyrex|40/100 brn|[from] item: Leftovers\n|-heal|p1b: Calyrex|64/100|[from] item: Leftovers\n|-damage|p2a: Incineroar|88/100|[from] Leech Seed|[of] p1b: Calyrex\n|-heal|p1b: Calyrex|76/100|[silent]\n|-damage|p2b: Calyrex|34/100 brn|[from] brn\n|upkeep\n|turn|5\n|\n|t:|1776775809\n|move|p2b: Calyrex|Protect|p2b: Calyrex\n|-singleturn|p2b: Calyrex|Protect\n|move|p1b: Calyrex|Protect|p1b: Calyrex\n|-singleturn|p1b: Calyrex|Protect\n|move|p1a: Weezing|Gunk Shot|p2b: Calyrex\n|-activate|p2b: Calyrex|move: Protect\n|move|p2a: Incineroar|U-turn|p1b: Calyrex\n|-activate|p1b: Calyrex|move: Protect\n|\n|-weather|none\n|-heal|p2b: Calyrex|40/100 brn|[from] item: Leftovers\n|-heal|p1b: Calyrex|82/100|[from] item: Leftovers\n|-damage|p2a: Incineroar|76/100|[from] Leech Seed|[of] p1b: Calyrex\n|-heal|p1b: Calyrex|93/100|[silent]\n|-damage|p2b: Calyrex|34/100 brn|[from] brn\n|-fieldend|move: Psychic Terrain\n|upkeep\n|turn|6\n|\n|t:|1776775827\n|move|p1a: Weezing|Gunk Shot|p2b: Calyrex\n|-damage|p2b: Calyrex|3/100 brn\n|move|p2b: Calyrex|Leech Seed|p1b: Calyrex|[miss]\n|-miss|p2b: Calyrex|p1b: Calyrex\n|move|p1b: Calyrex|Glacial Lance|p2a: Incineroar|[spread] p2a,p2b\n|-resisted|p2a: Incineroar\n|-resisted|p2b: Calyrex\n|-damage|p2a: Incineroar|63/100\n|-damage|p2b: Calyrex|0 fnt\n|faint|p2b: Calyrex\n|-ability|p1b: Calyrex|Chilling Neigh|boost\n|-boost|p1b: Calyrex|atk|1\n|move|p2a: Incineroar|Knock Off|p1b: Calyrex\n|-supereffective|p1b: Calyrex\n|-damage|p1b: Calyrex|46/100\n|-enditem|p1b: Calyrex|Leftovers|[from] move: Knock Off|[of] p2a: Incineroar\n|\n|-damage|p2a: Incineroar|51/100|[from] Leech Seed|[of] p1b: Calyrex\n|-heal|p1b: Calyrex|58/100|[silent]\n|upkeep\n|-message|BlazinHoundoom forfeited.\n|\n|win|stupid test7\n|raw|stupid test7's rating: 1282 &rarr; <strong>1302</strong><br />(+20 for winning)\n|raw|BlazinHoundoom's rating: 1215 &rarr; <strong>1195</strong><br />(-20 for losing)\n|l|\u2606BlazinHoundoom\n|player|p2|\n|l|\u2606stupid test7\n|player|p1|\n","uploadtime":1776775973,"views":7,"formatid":"gen9vgc2026regi","rating":1195,"private":0,"password":null}