{"id":"gen9vgc2026regi-2560690455","format":"[Gen 9] VGC 2026 Reg I","players":["KUTF1","sleemo2"],"log":"|j|\u2606KUTF1\n|j|\u2606sleemo2\n|t:|1773712949\n|gametype|doubles\n|player|p1|KUTF1|pokemonrangerf|1332\n|player|p2|sleemo2|acetrainerf|1421\n|gen|9\n|tier|[Gen 9] VGC 2026 Reg I\n|rated|\n|rule|Species Clause: Limit one of each Pok\u00e9mon\n|rule|Item Clause: Limit 1 of each item\n|clearpoke\n|poke|p1|Terapagos, L50, M|\n|poke|p1|Zamazenta-*, L50|\n|poke|p1|Zoroark-Hisui, L50, F|\n|poke|p1|Kingambit, L50, F|\n|poke|p1|Whimsicott, L50, F|\n|poke|p1|Chi-Yu, L50|\n|poke|p2|Koraidon, L50|\n|poke|p2|Lunala, L50|\n|poke|p2|Flutter Mane, L50|\n|poke|p2|Chi-Yu, L50|\n|poke|p2|Ursaluna, L50, M|\n|poke|p2|Brute Bonnet, L50|\n|teampreview|4\n|inactive|Battle timer is ON: inactive players will automatically lose when time's up. (requested by KUTF1)\n|inactive|sleemo2 has 60 seconds left.\n|\n|t:|1773712982\n|teamsize|p1|4\n|teamsize|p2|4\n|start\n|switch|p1a: The Solar Flare|Chi-Yu, L50|100/100\n|switch|p1b: The Darkest Day|Whimsicott, L50, F|100/100\n|switch|p2a: Chi-Yu|Chi-Yu, L50|100/100\n|switch|p2b: Koraidon|Koraidon, L50|100/100\n|-ability|p1a: The Solar Flare|Beads of Ruin\n|-ability|p2a: Chi-Yu|Beads of Ruin\n|-weather|SunnyDay|[from] ability: Orichalcum Pulse|[of] p2b: Koraidon\n|-activate|p2b: Koraidon|Orichalcum Pulse|[source]\n|turn|1\n|\n|t:|1773712999\n|-terastallize|p2b: Koraidon|Fire\n|move|p1b: The Darkest Day|Tailwind|p1b: The Darkest Day\n|-sidestart|p1: KUTF1|move: Tailwind\n|move|p1a: The Solar Flare|Heat Wave|p2b: Koraidon|[spread] p2a,p2b\n|-resisted|p2a: Chi-Yu\n|-resisted|p2b: Koraidon\n|-damage|p2a: Chi-Yu|70/100\n|-damage|p2b: Koraidon|64/100\n|move|p2a: Chi-Yu|Heat Wave|p1b: The Darkest Day|[spread] p1a,p1b\n|-resisted|p1a: The Solar Flare\n|-supereffective|p1b: The Darkest Day\n|-damage|p1a: The Solar Flare|66/100\n|-damage|p1b: The Darkest Day|0 fnt\n|faint|p1b: The Darkest Day\n|move|p2b: Koraidon|Flame Charge|p1a: The Solar Flare\n|-resisted|p1a: The Solar Flare\n|-damage|p1a: The Solar Flare|0 fnt\n|-boost|p2b: Koraidon|spe|1\n|faint|p1a: The Solar Flare\n|-damage|p2b: Koraidon|54/100|[from] item: Life Orb\n|\n|-weather|SunnyDay|[upkeep]\n|upkeep\n|\n|t:|1773713017\n|switch|p1b: The Meteorite|Terapagos, L50, M|100/100\n|switch|p1a: The Meteorite|Terapagos, L50, M|100/100\n|-activate|p1b: The Meteorite|ability: Tera Shift\n|detailschange|p1b: The Meteorite|Terapagos-Terastal, L50, M\n|-heal|p1b: The Meteorite|100/100|[silent]\n|turn|2\n|inactive|sleemo2 has 30 seconds left.\n|\n|t:|1773713049\n|-terastallize|p1b: The Meteorite|Stellar\n|detailschange|p1b: The Meteorite|Terapagos-Stellar, L50, M, tera:Stellar\n|-heal|p1b: The Meteorite|100/100|[silent]\n|-ability|p1b: The Meteorite|Teraform Zero\n|-weather|none\n|move|p1a: The Meteorite|Bitter Malice|p2b: Koraidon\n|-damage|p2b: Koraidon|7/100\n|-unboost|p2b: Koraidon|atk|1\n|move|p2b: Koraidon|Close Combat|p1b: The Meteorite\n|-supereffective|p1b: The Meteorite\n|-damage|p1b: The Meteorite|26/100\n|-unboost|p2b: Koraidon|def|1\n|-unboost|p2b: Koraidon|spd|1\n|-damage|p2b: Koraidon|0 fnt|[from] item: Life Orb\n|faint|p2b: Koraidon\n|move|p1b: The Meteorite|Tera Starstorm|p2a: Chi-Yu\n|-crit|p2a: Chi-Yu\n|-damage|p2a: Chi-Yu|0 fnt\n|faint|p2a: Chi-Yu\n|\n|upkeep\n|\n|t:|1773713069\n|switch|p2b: Flutter Mane|Flutter Mane, L50|100/100\n|switch|p2a: Lunala|Lunala, L50|100/100\n|-start|p1a: The Meteorite|typechange|Normal|[silent]\n|turn|3\n|inactive|sleemo2 has 30 seconds left.\n|\n|t:|1773713102\n|move|p2a: Lunala|Wide Guard|p2a: Lunala\n|-singleturn|p2a: Lunala|Wide Guard\n|move|p1a: The Meteorite|Bitter Malice|p2b: Flutter Mane\n|-supereffective|p2b: Flutter Mane\n|-damage|p2b: Flutter Mane|18/100\n|-unboost|p2b: Flutter Mane|atk|1\n|move|p1b: The Meteorite|Tera Starstorm|p2a: Lunala|[spread] \n|-activate|p2a: Lunala|move: Wide Guard\n|-activate|p2b: Flutter Mane|move: Wide Guard\n|move|p2b: Flutter Mane|Icy Wind|p1a: The Meteorite|[spread] p1a,p1b\n|-damage|p1a: The Meteorite|70/100\n|-damage|p1b: The Meteorite|16/100\n|-unboost|p1a: The Meteorite|spe|1\n|-unboost|p1b: The Meteorite|spe|1\n|replace|p1a: The Nightguard|Zoroark-Hisui, L50, F, shiny\n|-end|p1a: The Nightguard|Illusion\n|\n|upkeep\n|turn|4\n|inactive|sleemo2 has 30 seconds left.\n|inactive|sleemo2 has 20 seconds left.\n|inactive|sleemo2 has 15 seconds left.\n|inactive|sleemo2 has 10 seconds left.\n|\n|t:|1773713150\n|move|p2b: Flutter Mane|Protect|p2b: Flutter Mane\n|-singleturn|p2b: Flutter Mane|Protect\n|move|p1a: The Nightguard|Bitter Malice|p2b: Flutter Mane\n|-activate|p2b: Flutter Mane|move: Protect\n|move|p1b: The Meteorite|Tera Starstorm|p2a: Lunala|[spread] p2a\n|-activate|p2b: Flutter Mane|move: Protect\n|-damage|p2a: Lunala|83/100\n|move|p2a: Lunala|Meteor Beam||[still]\n|-prepare|p2a: Lunala|Meteor Beam\n|-boost|p2a: Lunala|spa|1\n|-enditem|p2a: Lunala|Power Herb\n|-anim|p2a: Lunala|Meteor Beam|p1b: The Meteorite\n|-damage|p1b: The Meteorite|0 fnt\n|faint|p1b: The Meteorite\n|detailschange|p1: The Meteorite|Terapagos, L50, M|[silent]\n|\n|-sideend|p1: KUTF1|move: Tailwind\n|upkeep\n|turn|5\n|\n|t:|1773713156\n|move|p2b: Flutter Mane|Moonblast|p1a: The Nightguard\n|-damage|p1a: The Nightguard|0 fnt\n|faint|p1a: The Nightguard\n|\n|win|sleemo2\n|raw|KUTF1's rating: 1332 &rarr; <strong>1317</strong><br />(-15 for losing)\n|raw|sleemo2's rating: 1421 &rarr; <strong>1436</strong><br />(+15 for winning)\n|l|\u2606KUTF1\n|player|p1|\n|l|\u2606sleemo2\n|player|p2|\n","uploadtime":1773713309,"views":14,"formatid":"gen9vgc2026regi","rating":1317,"private":0,"password":null}