{"id":"gen9vgc2026regi-2533284571","format":"[Gen 9] VGC 2026 Reg I","players":["ninjafrog666","marcxhenry"],"log":"|j|\u2606ninjafrog666\n|j|\u2606marcxhenry\n|t:|1770286669\n|gametype|doubles\n|player|p1|ninjafrog666|101|1480\n|player|p2|marcxhenry|hilbert-wonderlauncher|1587\n|gen|9\n|tier|[Gen 9] VGC 2026 Reg I\n|rated|\n|rule|Species Clause: Limit one of each Pok\u00e9mon\n|rule|Item Clause: Limit 1 of each item\n|clearpoke\n|poke|p1|Calyrex-Shadow, L50|\n|poke|p1|Koraidon, L50|\n|poke|p1|Incineroar, L50, M|\n|poke|p1|Amoonguss, L50, M|\n|poke|p1|Iron Hands, L50|\n|poke|p1|Volcarona, L50, F|\n|poke|p2|Calyrex-Shadow, L50|\n|poke|p2|Urshifu-*, L50, M|\n|poke|p2|Roaring Moon, L50|\n|poke|p2|Kyogre, L50|\n|poke|p2|Tsareena, L50, F|\n|poke|p2|Kingambit, L50, M|\n|teampreview|4\n|j| riyuezi\n|\n|t:|1770286700\n|teamsize|p1|4\n|teamsize|p2|4\n|start\n|switch|p1a: Calyrex|Calyrex-Shadow, L50|100/100\n|switch|p1b: Iron Hands|Iron Hands, L50|100/100\n|switch|p2a: Ludwig|Calyrex-Shadow, L50|100/100\n|switch|p2b: Tripitz|Kyogre, L50, shiny|100/100\n|-ability|p1a: Calyrex|As One\n|-ability|p1a: Calyrex|Unnerve\n|-ability|p2a: Ludwig|As One\n|-ability|p2a: Ludwig|Unnerve\n|-weather|RainDance|[from] ability: Drizzle|[of] p2b: Tripitz\n|turn|1\n|\n|t:|1770286727\n|switch|p2b: Roter Baron|Roaring Moon, L50, shiny|100/100\n|-enditem|p2b: Roter Baron|Booster Energy\n|-activate|p2b: Roter Baron|ability: Protosynthesis|[fromitem]\n|-start|p2b: Roter Baron|protosynthesisspe\n|-terastallize|p2a: Ludwig|Normal\n|-terastallize|p1a: Calyrex|Dark\n|move|p1b: Iron Hands|Fake Out|p2b: Roter Baron\n|-damage|p2b: Roter Baron|82/100\n|move|p1a: Calyrex|Astral Barrage|p2a: Ludwig|[spread] p2b\n|-immune|p2a: Ludwig\n|-resisted|p2b: Roter Baron\n|-damage|p2b: Roter Baron|57/100\n|move|p2a: Ludwig|Psychic|p1b: Iron Hands\n|-supereffective|p1b: Iron Hands\n|-damage|p1b: Iron Hands|32/100\n|\n|-weather|RainDance|[upkeep]\n|upkeep\n|turn|2\n|\n|t:|1770286766\n|-end|p1b: Iron Hands|Quark Drive|[silent]\n|switch|p1b: Amoonguss|Amoonguss, L50, M|100/100\n|move|p2b: Roter Baron|Protect|p2b: Roter Baron\n|-singleturn|p2b: Roter Baron|Protect\n|move|p1a: Calyrex|Psychic|p2a: Ludwig\n|-damage|p2a: Ludwig|50/100\n|move|p2a: Ludwig|Astral Barrage|p1a: Calyrex|[spread] p1a,p1b\n|-resisted|p1a: Calyrex\n|-damage|p1a: Calyrex|76/100\n|-damage|p1b: Amoonguss|52/100\n|\n|-weather|RainDance|[upkeep]\n|upkeep\n|turn|3\n|\n|t:|1770286782\n|move|p2a: Ludwig|Protect|p2a: Ludwig\n|-singleturn|p2a: Ludwig|Protect\n|move|p1b: Amoonguss|Rage Powder|p1b: Amoonguss\n|-singleturn|p1b: Amoonguss|move: Rage Powder\n|move|p2b: Roter Baron|Acrobatics|p1b: Amoonguss\n|-supereffective|p1b: Amoonguss\n|-damage|p1b: Amoonguss|0 fnt\n|-damage|p2b: Roter Baron|41/100|[from] item: Rocky Helmet|[of] p1b: Amoonguss\n|faint|p1b: Amoonguss\n|move|p1a: Calyrex|Psychic|p2a: Ludwig\n|-activate|p2a: Ludwig|move: Protect\n|\n|-weather|RainDance|[upkeep]\n|upkeep\n|\n|t:|1770286785\n|switch|p1b: Iron Hands|Iron Hands, L50|32/100\n|turn|4\n|\n|t:|1770286812\n|switch|p2a: Eva|Tsareena, L50, F, shiny|100/100\n|move|p2b: Roter Baron|Protect|p2b: Roter Baron\n|-singleturn|p2b: Roter Baron|Protect\n|move|p1b: Iron Hands|Fake Out||[still]\n|cant|p2a: Eva|ability: Queenly Majesty|Fake Out|[of] p1b: Iron Hands\n|move|p1a: Calyrex|Psychic|p2a: Eva\n|-damage|p2a: Eva|39/100\n|\n|-weather|RainDance|[upkeep]\n|upkeep\n|turn|5\n|\n|t:|1770286831\n|-end|p1b: Iron Hands|Quark Drive|[silent]\n|switch|p1b: Koraidon|Koraidon, L50|100/100\n|-weather|SunnyDay|[from] ability: Orichalcum Pulse|[of] p1b: Koraidon\n|-activate|p1b: Koraidon|Orichalcum Pulse|[source]\n|move|p2b: Roter Baron|Tailwind|p2b: Roter Baron\n|-sidestart|p2: marcxhenry|move: Tailwind\n|move|p2a: Eva|Power Whip|p1a: Calyrex\n|-damage|p1a: Calyrex|7/100\n|move|p1a: Calyrex|Astral Barrage|p2b: Roter Baron|[spread] p2a,p2b\n|-resisted|p2b: Roter Baron\n|-damage|p2a: Eva|0 fnt\n|-damage|p2b: Roter Baron|14/100\n|faint|p2a: Eva\n|-ability|p1a: Calyrex|Grim Neigh|boost\n|-boost|p1a: Calyrex|spa|1\n|\n|-weather|SunnyDay|[upkeep]\n|upkeep\n|\n|t:|1770286849\n|switch|p2a: Tripitz|Kyogre, L50, shiny|100/100\n|-weather|RainDance|[from] ability: Drizzle|[of] p2a: Tripitz\n|turn|6\n|\n|t:|1770286868\n|move|p2b: Roter Baron|Acrobatics|p1b: Koraidon\n|-supereffective|p1b: Koraidon\n|-damage|p1b: Koraidon|33/100\n|move|p2a: Tripitz|Water Spout|p1a: Calyrex|[spread] p1a,p1b\n|-resisted|p1b: Koraidon\n|-damage|p1a: Calyrex|0 fnt\n|-damage|p1b: Koraidon|0 fnt\n|faint|p1a: Calyrex\n|faint|p1b: Koraidon\n|\n|-weather|RainDance|[upkeep]\n|upkeep\n|-message|ninjafrog666 forfeited.\n|\n|win|marcxhenry\n|raw|ninjafrog666's rating: 1480 &rarr; <strong>1466</strong><br />(-14 for losing)\n|raw|marcxhenry's rating: 1587 &rarr; <strong>1601</strong><br />(+14 for winning)\n|l|\u2606ninjafrog666\n|player|p1|\n|l|\u2606marcxhenry\n|player|p2|\n","uploadtime":1770287091,"views":34,"formatid":"gen9vgc2026regi","rating":1466,"private":0,"password":null}