{"id":"gen9vgc2026regi-2578306712","format":"[Gen 9] VGC 2026 Reg I","players":["itastelikeiron","hdhsjsko"],"log":"|j|\u2606itastelikeiron\n|j|\u2606hdhsjsko\n|t:|1775667015\n|gametype|doubles\n|player|p1|itastelikeiron|infielder|1587\n|player|p2|hdhsjsko|backpacker|1494\n|gen|9\n|tier|[Gen 9] VGC 2026 Reg I\n|rated|\n|rule|Species Clause: Limit one of each Pok\u00e9mon\n|rule|Item Clause: Limit 1 of each item\n|clearpoke\n|poke|p1|Kyogre, L50|\n|poke|p1|Zacian-*, L50|\n|poke|p1|Incineroar, L50, F|\n|poke|p1|Raichu, L50, F|\n|poke|p1|Urshifu-*, L50, F|\n|poke|p1|Whimsicott, L50, M|\n|poke|p2|Calyrex-Shadow, L50|\n|poke|p2|Zamazenta-*, L50|\n|poke|p2|Incineroar, L50, M|\n|poke|p2|Brute Bonnet, L50|\n|poke|p2|Tornadus, L50, M|\n|poke|p2|Landorus, L50, M|\n|teampreview|4\n|inactive|Battle timer is ON: inactive players will automatically lose when time's up. (requested by hdhsjsko)\n|\n|t:|1775667038\n|teamsize|p1|4\n|teamsize|p2|4\n|start\n|switch|p1a: Whimsicott|Whimsicott, L50, M|100/100\n|switch|p1b: Kyogre|Kyogre, L50|100/100\n|switch|p2a: Tornadus|Tornadus, L50, M|100/100\n|switch|p2b: Brute Bonnet|Brute Bonnet, L50|100/100\n|-weather|RainDance|[from] ability: Drizzle|[of] p1b: Kyogre\n|-enditem|p2b: Brute Bonnet|Booster Energy\n|-activate|p2b: Brute Bonnet|ability: Protosynthesis|[fromitem]\n|-start|p2b: Brute Bonnet|protosynthesisatk\n|turn|1\n|\n|t:|1775667048\n|-terastallize|p1b: Kyogre|Water\n|-terastallize|p2a: Tornadus|Grass\n|move|p2a: Tornadus|Tailwind|p2a: Tornadus\n|-sidestart|p2: hdhsjsko|move: Tailwind\n|move|p2b: Brute Bonnet|Sucker Punch|p1b: Kyogre\n|-damage|p1b: Kyogre|56/100\n|move|p1b: Kyogre|Water Spout|p2b: Brute Bonnet|[spread] p2a,p2b\n|-resisted|p2a: Tornadus\n|-resisted|p2b: Brute Bonnet\n|-damage|p2a: Tornadus|55/100\n|-damage|p2b: Brute Bonnet|68/100\n|move|p1a: Whimsicott|Moonblast|p2b: Brute Bonnet\n|-supereffective|p2b: Brute Bonnet\n|-damage|p2b: Brute Bonnet|21/100\n|\n|-weather|RainDance|[upkeep]\n|upkeep\n|turn|2\n|\n|t:|1775667062\n|switch|p1b: Zacian|Zacian-Crowned, L50|100/100\n|-ability|p1b: Zacian|Intrepid Sword|boost\n|-boost|p1b: Zacian|atk|1\n|move|p2a: Tornadus|Taunt|p1a: Whimsicott\n|-start|p1a: Whimsicott|move: Taunt\n|cant|p1a: Whimsicott|move: Taunt|Encore\n|move|p2b: Brute Bonnet|Seed Bomb|p1b: Zacian\n|-resisted|p1b: Zacian\n|-damage|p1b: Zacian|78/100\n|\n|-weather|RainDance|[upkeep]\n|upkeep\n|turn|3\n|\n|t:|1775667076\n|move|p2a: Tornadus|Bleakwind Storm|p1a: Whimsicott|[spread] p1a,p1b\n|-supereffective|p1a: Whimsicott\n|-resisted|p1b: Zacian\n|-damage|p1a: Whimsicott|15/100\n|-damage|p1b: Zacian|62/100\n|move|p1b: Zacian|Behemoth Blade|p2a: Tornadus\n|-damage|p2a: Tornadus|0 fnt\n|faint|p2a: Tornadus\n|move|p2b: Brute Bonnet|Spore|p1b: Zacian\n|-status|p1b: Zacian|slp|[from] move: Spore\n|move|p1a: Whimsicott|Moonblast|p2b: Brute Bonnet\n|-supereffective|p2b: Brute Bonnet\n|-damage|p2b: Brute Bonnet|0 fnt\n|faint|p2b: Brute Bonnet\n|-end|p2b: Brute Bonnet|Protosynthesis|[silent]\n|\n|-weather|RainDance|[upkeep]\n|upkeep\n|\n|t:|1775667082\n|switch|p2a: Calyrex|Calyrex-Shadow, L50|100/100\n|switch|p2b: Zamazenta|Zamazenta-Crowned, L50|100/100\n|-ability|p2a: Calyrex|As One\n|-ability|p2a: Calyrex|Unnerve\n|-ability|p2b: Zamazenta|Dauntless Shield|boost\n|-boost|p2b: Zamazenta|def|1\n|turn|4\n|\n|t:|1775667093\n|switch|p1a: Urshifu|Urshifu, L50, F|100/100\n|move|p2a: Calyrex|Astral Barrage|p1b: Zacian|[spread] p1a,p1b\n|-resisted|p1a: Urshifu\n|-damage|p1a: Urshifu|52/100\n|-damage|p1b: Zacian|0 fnt\n|faint|p1b: Zacian\n|-ability|p2a: Calyrex|Grim Neigh|boost\n|-boost|p2a: Calyrex|spa|1\n|move|p2b: Zamazenta|Body Press|p1a: Urshifu\n|-supereffective|p1a: Urshifu\n|-damage|p1a: Urshifu|0 fnt\n|faint|p1a: Urshifu\n|\n|-weather|RainDance|[upkeep]\n|-sideend|p2: hdhsjsko|move: Tailwind\n|upkeep\n|\n|t:|1775667099\n|switch|p1b: Whimsicott|Whimsicott, L50, M|15/100\n|switch|p1a: Kyogre|Kyogre, L50, tera:Water|56/100\n|turn|5\n|\n|t:|1775667109\n|move|p2b: Zamazenta|Wide Guard|p2b: Zamazenta\n|-singleturn|p2b: Zamazenta|Wide Guard\n|move|p1b: Whimsicott|Tickle|p2b: Zamazenta\n|-unboost|p2b: Zamazenta|atk|1\n|-unboost|p2b: Zamazenta|def|1\n|move|p1a: Kyogre|Tera Blast|p2a: Calyrex|[anim] Tera Blast Water\n|-damage|p2a: Calyrex|0 fnt\n|faint|p2a: Calyrex\n|\n|-weather|none\n|upkeep\n|turn|6\n|\n|t:|1775667129\n|move|p1b: Whimsicott|Encore|p2b: Zamazenta\n|-start|p2b: Zamazenta|Encore\n|move|p1a: Kyogre|Tera Blast|p2b: Zamazenta|[anim] Tera Blast Water\n|-damage|p2b: Zamazenta|58/100\n|move|p2b: Zamazenta|Wide Guard||[still]\n|-fail|p2b: Zamazenta\n|\n|upkeep\n|turn|7\n|\n|t:|1775667137\n|move|p2b: Zamazenta|Wide Guard|p2b: Zamazenta\n|-singleturn|p2b: Zamazenta|Wide Guard\n|move|p1b: Whimsicott|Tickle|p2b: Zamazenta\n|-unboost|p2b: Zamazenta|atk|1\n|-unboost|p2b: Zamazenta|def|1\n|move|p1a: Kyogre|Tera Blast|p2b: Zamazenta|[anim] Tera Blast Water\n|-damage|p2b: Zamazenta|12/100\n|\n|upkeep\n|turn|8\n|\n|t:|1775667142\n|move|p2b: Zamazenta|Wide Guard|p2b: Zamazenta\n|-singleturn|p2b: Zamazenta|Wide Guard\n|move|p1a: Kyogre|Tera Blast|p2b: Zamazenta|[anim] Tera Blast Water\n|-damage|p2b: Zamazenta|0 fnt\n|faint|p2b: Zamazenta\n|\n|win|itastelikeiron\n|raw|itastelikeiron's rating: 1587 &rarr; <strong>1602</strong><br />(+15 for winning)\n|raw|hdhsjsko's rating: 1494 &rarr; <strong>1479</strong><br />(-15 for losing)\n|l|\u2606hdhsjsko\n|player|p2|\n","uploadtime":1775667145,"views":15,"formatid":"gen9vgc2026regi","rating":1479,"private":0,"password":null}