{"id":"gen9vgc2026regi-2575969088","format":"[Gen 9] VGC 2026 Reg I","players":["jj11j1","FallenTurtlle"],"log":"|j|\u2606jj11j1\n|j|\u2606FallenTurtlle\n|t:|1775417522\n|gametype|doubles\n|player|p1|jj11j1|101|1305\n|player|p2|FallenTurtlle|serena|1348\n|gen|9\n|tier|[Gen 9] VGC 2026 Reg I\n|rated|\n|rule|Species Clause: Limit one of each Pok\u00e9mon\n|rule|Item Clause: Limit 1 of each item\n|clearpoke\n|poke|p1|Ho-Oh, L50|\n|poke|p1|Calyrex-Ice, L50|\n|poke|p1|Overqwil, L50, M|\n|poke|p1|Ting-Lu, L50|\n|poke|p1|Rillaboom, L50, M|\n|poke|p1|Ogerpon-Wellspring, L50, F|\n|poke|p2|Calyrex-Ice, L50|\n|poke|p2|Florges-Orange, L50, F|\n|poke|p2|Kyogre, L50|\n|poke|p2|Rhydon, L50, M|\n|poke|p2|Iron Jugulis, L50|\n|poke|p2|Ogerpon-Wellspring, L50, F|\n|teampreview|4\n|\n|t:|1775417550\n|teamsize|p1|4\n|teamsize|p2|4\n|start\n|switch|p1a: Rillaboom|Rillaboom, L50, M|100/100\n|switch|p1b: Overqwil|Overqwil, L50, M|100/100\n|switch|p2a: Calyrex|Calyrex-Ice, L50|100/100\n|switch|p2b: Kyogre|Kyogre, L50, shiny|100/100\n|-ability|p2a: Calyrex|As One\n|-ability|p2a: Calyrex|Unnerve\n|-fieldstart|move: Grassy Terrain|[from] ability: Grassy Surge|[of] p1a: Rillaboom\n|-weather|RainDance|[from] ability: Drizzle|[of] p2b: Kyogre\n|-ability|p1b: Overqwil|Intimidate|boost\n|-unboost|p2a: Calyrex|atk|1\n|-unboost|p2b: Kyogre|atk|1\n|turn|1\n|\n|t:|1775417586\n|-terastallize|p2b: Kyogre|Grass\n|move|p1a: Rillaboom|Fake Out|p2b: Kyogre\n|-damage|p2b: Kyogre|88/100\n|cant|p2b: Kyogre|flinch\n|move|p1b: Overqwil|Toxic Spikes|p2a: Calyrex\n|-sidestart|p2: FallenTurtlle|move: Toxic Spikes\n|move|p2a: Calyrex|Trick Room|p2a: Calyrex\n|-fieldstart|move: Trick Room|[of] p2a: Calyrex\n|-enditem|p2a: Calyrex|Room Service\n|-unboost|p2a: Calyrex|spe|1|[from] item: Room Service\n|\n|-weather|RainDance|[upkeep]\n|-heal|p2b: Kyogre|94/100|[from] Grassy Terrain\n|upkeep\n|turn|2\n|\n|t:|1775417613\n|-terastallize|p1a: Rillaboom|Water\n|move|p2a: Calyrex|Glacial Lance|p1a: Rillaboom|[spread] p1a,p1b\n|-resisted|p1a: Rillaboom\n|-damage|p1a: Rillaboom|83/100\n|-damage|p1b: Overqwil|66/100\n|move|p1b: Overqwil|Barb Barrage|p2b: Kyogre\n|-supereffective|p2b: Kyogre\n|-damage|p2b: Kyogre|53/100\n|-status|p2b: Kyogre|psn\n|move|p2b: Kyogre|Water Spout|p1b: Overqwil|[spread] p1a,p1b\n|-resisted|p1a: Rillaboom\n|-damage|p1a: Rillaboom|59/100\n|-damage|p1b: Overqwil|3/100\n|move|p1a: Rillaboom|U-turn|p2b: Kyogre\n|-supereffective|p2b: Kyogre\n|-damage|p2b: Kyogre|7/100 psn\n|\n|t:|1775417630\n|switch|p1a: Calyrex|Calyrex-Ice, L50|100/100|[from] U-turn\n|-ability|p1a: Calyrex|As One\n|-ability|p1a: Calyrex|Unnerve\n|\n|-weather|RainDance|[upkeep]\n|-heal|p1b: Overqwil|9/100|[from] Grassy Terrain\n|-heal|p1b: Overqwil|16/100|[from] item: Black Sludge\n|-heal|p2b: Kyogre|13/100 psn|[from] Grassy Terrain\n|-damage|p2b: Kyogre|0 fnt|[from] psn\n|faint|p2b: Kyogre\n|upkeep\n|\n|t:|1775417640\n|switch|p2b: Rhydon|Rhydon, L50, M, shiny|100/100\n|-status|p2b: Rhydon|psn\n|turn|3\n|\n|t:|1775417669\n|move|p1a: Calyrex|Protect|p1a: Calyrex\n|-singleturn|p1a: Calyrex|Protect\n|move|p2b: Rhydon|Rock Slide|p1a: Calyrex|[spread] p1b\n|-activate|p1a: Calyrex|move: Protect\n|-damage|p1b: Overqwil|0 fnt\n|faint|p1b: Overqwil\n|move|p2a: Calyrex|Leech Seed|p1a: Calyrex\n|-activate|p1a: Calyrex|move: Protect\n|\n|-weather|RainDance|[upkeep]\n|-damage|p2b: Rhydon|88/100 psn|[from] psn\n|upkeep\n|\n|t:|1775417682\n|switch|p1b: Rillaboom|Rillaboom, L50, M, tera:Water|59/100\n|turn|4\n|\n|t:|1775417692\n|switch|p2b: Ogerpon|Ogerpon-Wellspring, L50, F|100/100\n|-status|p2b: Ogerpon|psn\n|move|p1b: Rillaboom|Fake Out|p2b: Ogerpon\n|-damage|p2b: Ogerpon|88/100 psn\n|move|p2a: Calyrex|Leech Seed|p1a: Calyrex\n|-start|p1a: Calyrex|move: Leech Seed\n|move|p1a: Calyrex|Leech Seed|p2a: Calyrex\n|-start|p2a: Calyrex|move: Leech Seed\n|\n|-weather|RainDance|[upkeep]\n|-heal|p1b: Rillaboom|65/100|[from] Grassy Terrain\n|-heal|p2b: Ogerpon|94/100 psn|[from] Grassy Terrain\n|-damage|p2a: Calyrex|88/100|[from] Leech Seed|[of] p1a: Calyrex\n|-damage|p1a: Calyrex|88/100|[from] Leech Seed|[of] p2a: Calyrex\n|-heal|p2a: Calyrex|100/100|[silent]\n|-damage|p2b: Ogerpon|81/100 psn|[from] psn\n|upkeep\n|turn|5\n|\n|t:|1775417720\n|move|p2a: Calyrex|Leech Seed|p1b: Rillaboom\n|-start|p1b: Rillaboom|move: Leech Seed\n|move|p1a: Calyrex|Glacial Lance|p2b: Ogerpon|[spread] p2a,p2b\n|-resisted|p2a: Calyrex\n|-damage|p2a: Calyrex|84/100\n|-damage|p2b: Ogerpon|37/100 psn\n|move|p1b: Rillaboom|Wood Hammer|p2a: Calyrex\n|-damage|p2a: Calyrex|34/100\n|-damage|p1b: Rillaboom|50/100|[from] Recoil\n|move|p2b: Ogerpon|Horn Leech|p1b: Rillaboom\n|-supereffective|p1b: Rillaboom\n|-damage|p1b: Rillaboom|0 fnt\n|-heal|p2b: Ogerpon|65/100 psn|[from] drain|[of] p1b: Rillaboom\n|faint|p1b: Rillaboom\n|\n|-weather|none\n|-heal|p2a: Calyrex|40/100|[from] Grassy Terrain\n|-heal|p1a: Calyrex|94/100|[from] Grassy Terrain\n|-heal|p1a: Calyrex|99/100|[from] item: Leftovers\n|-heal|p2b: Ogerpon|71/100 psn|[from] Grassy Terrain\n|-damage|p2a: Calyrex|28/100|[from] Leech Seed|[of] p1a: Calyrex\n|-heal|p1a: Calyrex|100/100|[silent]\n|-damage|p1a: Calyrex|88/100|[from] Leech Seed|[of] p2a: Calyrex\n|-heal|p2a: Calyrex|41/100|[silent]\n|-damage|p2b: Ogerpon|58/100 psn|[from] psn\n|-fieldend|move: Trick Room\n|-fieldend|move: Grassy Terrain\n|upkeep\n|\n|t:|1775417744\n|switch|p1b: Ting-Lu|Ting-Lu, L50|100/100\n|-ability|p1b: Ting-Lu|Vessel of Ruin\n|turn|6\n|\n|t:|1775417764\n|move|p2b: Ogerpon|Horn Leech|p1b: Ting-Lu\n|-supereffective|p1b: Ting-Lu\n|-damage|p1b: Ting-Lu|54/100\n|-heal|p2b: Ogerpon|87/100 psn|[from] drain|[of] p1b: Ting-Lu\n|move|p1b: Ting-Lu|Stomping Tantrum|p2a: Calyrex\n|-damage|p2a: Calyrex|0 fnt\n|faint|p2a: Calyrex\n|move|p1a: Calyrex|Glacial Lance|p2b: Ogerpon\n|-damage|p2b: Ogerpon|22/100 psn\n|\n|-heal|p1a: Calyrex|94/100|[from] item: Leftovers\n|-damage|p2b: Ogerpon|9/100 psn|[from] psn\n|upkeep\n|\n|t:|1775417772\n|switch|p2a: Rhydon|Rhydon, L50, M, shiny|88/100 psn\n|turn|7\n|\n|t:|1775417783\n|move|p2b: Ogerpon|Horn Leech|p1b: Ting-Lu\n|-supereffective|p1b: Ting-Lu\n|-damage|p1b: Ting-Lu|10/100\n|-heal|p2b: Ogerpon|37/100 psn|[from] drain|[of] p1b: Ting-Lu\n|move|p1b: Ting-Lu|Stomping Tantrum|p2a: Rhydon\n|-supereffective|p2a: Rhydon\n|-damage|p2a: Rhydon|34/100 psn\n|move|p1a: Calyrex|Glacial Lance|p2b: Ogerpon|[spread] p2a,p2b\n|-supereffective|p2a: Rhydon\n|-damage|p2a: Rhydon|0 fnt\n|-damage|p2b: Ogerpon|0 fnt\n|faint|p2a: Rhydon\n|faint|p2b: Ogerpon\n|\n|win|jj11j1\n|raw|jj11j1's rating: 1305 &rarr; <strong>1327</strong><br />(+22 for winning)\n|raw|FallenTurtlle's rating: 1348 &rarr; <strong>1326</strong><br />(-22 for losing)\n","uploadtime":1775417783,"views":7,"formatid":"gen9vgc2026regi","rating":1326,"private":0,"password":null}