{"id":"gen9vgc2026regi-2563871367","format":"[Gen 9] VGC 2026 Reg I","players":["terafireflareblitz","Cellpab1"],"log":"|j|\u2606terafireflareblitz\n|j|\u2606Cellpab1\n|t:|1774075084\n|gametype|doubles\n|player|p1|terafireflareblitz|sycamore|1373\n|player|p2|Cellpab1|1|1434\n|gen|9\n|tier|[Gen 9] VGC 2026 Reg I\n|rated|\n|rule|Species Clause: Limit one of each Pok\u00e9mon\n|rule|Item Clause: Limit 1 of each item\n|clearpoke\n|poke|p1|Koraidon, L50|\n|poke|p1|Lunala, L50|\n|poke|p1|Indeedee-F, L50, F|\n|poke|p1|Flutter Mane, L50|\n|poke|p1|Volcarona, L50, F|\n|poke|p1|Ursaluna, L50, F|\n|poke|p2|Calyrex-Ice, L50|\n|poke|p2|Miraidon, L50|\n|poke|p2|Iron Hands, L50|\n|poke|p2|Landorus, L50, M|\n|poke|p2|Farigiraf, L50, F|\n|poke|p2|Incineroar, L50, M|\n|teampreview|4\n|inactive|Battle timer is ON: inactive players will automatically lose when time's up. (requested by terafireflareblitz)\n|inactive|terafireflareblitz has 60 seconds left.\n|inactive|Cellpab1 has 60 seconds left.\n|inactive|terafireflareblitz has 30 seconds left.\n|inactive|terafireflareblitz has 20 seconds left.\n|inactive|terafireflareblitz has 15 seconds left.\n|\n|t:|1774075164\n|teamsize|p1|4\n|teamsize|p2|4\n|start\n|switch|p1a: Lunala|Lunala, L50, shiny|100/100\n|switch|p1b: Indeedee|Indeedee-F, L50, F|100/100\n|switch|p2a: Miraidon|Miraidon, L50|100/100\n|switch|p2b: Iron Hands|Iron Hands, L50|100/100\n|-fieldstart|move: Electric Terrain|[from] ability: Hadron Engine|[of] p2a: Miraidon\n|-activate|p2b: Iron Hands|ability: Quark Drive\n|-start|p2b: Iron Hands|quarkdriveatk\n|-fieldstart|move: Psychic Terrain|[from] ability: Psychic Surge|[of] p1b: Indeedee\n|-end|p2b: Iron Hands|Quark Drive\n|turn|1\n|inactive|Cellpab1 has 30 seconds left.\n|inactive|Cellpab1 has 20 seconds left.\n|inactive|Cellpab1 has 15 seconds left.\n|inactive|Cellpab1 has 10 seconds left.\n|inactive|Cellpab1 has 5 seconds left.\n|\n|t:|1774075216\n|move|p1b: Indeedee|Helping Hand|p1a: Lunala\n|-singleturn|p1a: Lunala|Helping Hand|[of] p1b: Indeedee\n|move|p2a: Miraidon|Volt Switch|p1a: Lunala\n|-damage|p1a: Lunala|84/100\n|-damage|p2a: Miraidon|91/100|[from] item: Life Orb\n|\n|t:|1774075223\n|switch|p2a: Incineroar|Incineroar, L50, M|100/100|[from] Volt Switch\n|-ability|p2a: Incineroar|Intimidate|boost\n|-unboost|p1a: Lunala|atk|1\n|-unboost|p1b: Indeedee|atk|1\n|move|p1a: Lunala|Meteor Beam||[still]\n|-prepare|p1a: Lunala|Meteor Beam\n|-boost|p1a: Lunala|spa|1\n|-enditem|p1a: Lunala|Power Herb\n|-anim|p1a: Lunala|Meteor Beam|p2a: Incineroar\n|-supereffective|p2a: Incineroar\n|-damage|p2a: Incineroar|0 fnt\n|faint|p2a: Incineroar\n|move|p2b: Iron Hands|Heavy Slam|p1b: Indeedee\n|-damage|p1b: Indeedee|55/100\n|\n|upkeep\n|inactive|Cellpab1 has 30 seconds left.\n|\n|t:|1774075249\n|switch|p2a: Calyrex|Calyrex-Ice, L50|100/100\n|-ability|p2a: Calyrex|As One\n|-ability|p2a: Calyrex|Unnerve\n|turn|2\n|\n|t:|1774075273\n|switch|p1b: Ursaluna|Ursaluna, L50, F|100/100\n|-end|p2b: Iron Hands|Quark Drive|[silent]\n|switch|p2b: Miraidon|Miraidon, L50|91/100\n|-fieldstart|move: Electric Terrain|[from] ability: Hadron Engine|[of] p2b: Miraidon\n|move|p2a: Calyrex|Protect|p2a: Calyrex\n|-singleturn|p2a: Calyrex|Protect\n|move|p1a: Lunala|Wide Guard||[still]\n|-fail|p1a: Lunala\n|\n|-status|p1b: Ursaluna|brn|[from] item: Flame Orb\n|upkeep\n|turn|3\n|inactive|Cellpab1 has 30 seconds left.\n|\n|t:|1774075304\n|switch|p1b: Indeedee|Indeedee-F, L50, F|55/100\n|-fieldstart|move: Psychic Terrain|[from] ability: Psychic Surge|[of] p1b: Indeedee\n|-terastallize|p2a: Calyrex|Water\n|move|p2b: Miraidon|Draco Meteor|p1b: Indeedee\n|-damage|p1b: Indeedee|0 fnt\n|-unboost|p2b: Miraidon|spa|2\n|faint|p1b: Indeedee\n|-damage|p2b: Miraidon|81/100|[from] item: Life Orb\n|move|p1a: Lunala|Moongeist Beam|p2a: Calyrex\n|-damage|p2a: Calyrex|49/100\n|move|p2a: Calyrex|Glacial Lance|p1a: Lunala\n|-damage|p1a: Lunala|20/100\n|\n|-heal|p2a: Calyrex|55/100|[from] item: Leftovers\n|upkeep\n|\n|t:|1774075311\n|switch|p1b: Koraidon|Koraidon, L50, shiny|100/100\n|-weather|SunnyDay|[from] ability: Orichalcum Pulse|[of] p1b: Koraidon\n|-activate|p1b: Koraidon|Orichalcum Pulse|[source]\n|turn|4\n|inactive|Cellpab1 has 30 seconds left.\n|inactive|Cellpab1 has 20 seconds left.\n|inactive|Cellpab1 has 15 seconds left.\n|\n|t:|1774075354\n|switch|p2b: Iron Hands|Iron Hands, L50|100/100\n|-terastallize|p1b: Koraidon|Fire\n|move|p2a: Calyrex|Protect|p2a: Calyrex\n|-singleturn|p2a: Calyrex|Protect\n|move|p1b: Koraidon|Close Combat|p2b: Iron Hands\n|-damage|p2b: Iron Hands|25/100\n|-unboost|p1b: Koraidon|def|1\n|-unboost|p1b: Koraidon|spd|1\n|-damage|p1b: Koraidon|91/100|[from] item: Life Orb\n|move|p1a: Lunala|Expanding Force|p2b: Iron Hands|[spread] p2b\n|-activate|p2a: Calyrex|move: Protect\n|-supereffective|p2b: Iron Hands\n|-damage|p2b: Iron Hands|0 fnt\n|faint|p2b: Iron Hands\n|-end|p2b: Iron Hands|Quark Drive|[silent]\n|\n|-weather|SunnyDay|[upkeep]\n|-heal|p2a: Calyrex|60/100|[from] item: Leftovers\n|upkeep\n|\n|t:|1774075369\n|switch|p2b: Miraidon|Miraidon, L50|81/100\n|-fieldstart|move: Electric Terrain|[from] ability: Hadron Engine|[of] p2b: Miraidon\n|turn|5\n|\n|t:|1774075391\n|move|p2b: Miraidon|Electro Drift|p1b: Koraidon\n|-damage|p1b: Koraidon|0 fnt\n|faint|p1b: Koraidon\n|-damage|p2b: Miraidon|71/100|[from] item: Life Orb\n|move|p1a: Lunala|Moongeist Beam|p2a: Calyrex\n|-damage|p2a: Calyrex|9/100\n|move|p2a: Calyrex|Glacial Lance|p1a: Lunala\n|-damage|p1a: Lunala|0 fnt\n|faint|p1a: Lunala\n|-ability|p2a: Calyrex|Chilling Neigh|boost\n|-boost|p2a: Calyrex|atk|1\n|\n|-weather|SunnyDay|[upkeep]\n|-heal|p2a: Calyrex|15/100|[from] item: Leftovers\n|upkeep\n|-message|terafireflareblitz forfeited.\n|\n|win|Cellpab1\n|raw|terafireflareblitz's rating: 1373 &rarr; <strong>1356</strong><br />(-17 for losing)\n|raw|Cellpab1's rating: 1434 &rarr; <strong>1451</strong><br />(+17 for winning)\n","uploadtime":1774075399,"views":15,"formatid":"gen9vgc2026regi","rating":1356,"private":0,"password":null}