{"id":"gen9vgc2026regi-2529829120","format":"[Gen 9] VGC 2026 Reg I","players":["Bellsproutfanwill","cdogp3"],"log":"|j|\u2606Bellsproutfanwill\n|j|\u2606cdogp3\n|t:|1769829907\n|gametype|doubles\n|player|p1|Bellsproutfanwill|hiker-gen4|1530\n|player|p2|cdogp3|hoopster|1472\n|gen|9\n|tier|[Gen 9] VGC 2026 Reg I\n|rated|\n|rule|Species Clause: Limit one of each Pok\u00e9mon\n|rule|Item Clause: Limit 1 of each item\n|clearpoke\n|poke|p1|Terapagos, L50, M|\n|poke|p1|Grimmsnarl, L50, M|\n|poke|p1|Rillaboom, L50, F|\n|poke|p1|Incineroar, L50, M|\n|poke|p1|Calyrex-Shadow, L50|\n|poke|p1|Chi-Yu, L50|\n|poke|p2|Incineroar, L50, M|\n|poke|p2|Landorus, L50, M|\n|poke|p2|Calyrex-Shadow, L50|\n|poke|p2|Koraidon, L50|\n|poke|p2|Brute Bonnet, L50|\n|poke|p2|Raging Bolt, L50|\n|teampreview|4\n|inactive|Battle timer is ON: inactive players will automatically lose when time's up. (requested by cdogp3)\n|\n|t:|1769829920\n|teamsize|p1|4\n|teamsize|p2|4\n|start\n|switch|p1a: Terapagos|Terapagos, L50, M|100/100\n|switch|p1b: Incineroar|Incineroar, L50, M|100/100\n|switch|p2a: Matthias|Koraidon, L50|100/100\n|switch|p2b: Kareem|Incineroar, L50, M|100/100\n|-activate|p1a: Terapagos|ability: Tera Shift\n|detailschange|p1a: Terapagos|Terapagos-Terastal, L50, M\n|-heal|p1a: Terapagos|100/100|[silent]\n|-weather|SunnyDay|[from] ability: Orichalcum Pulse|[of] p2a: Matthias\n|-activate|p2a: Matthias|Orichalcum Pulse|[source]\n|-ability|p2b: Kareem|Intimidate|boost\n|-unboost|p1a: Terapagos|atk|1\n|-unboost|p1b: Incineroar|atk|1\n|-ability|p1b: Incineroar|Intimidate|boost\n|-fail|p2a: Matthias|unboost|[from] item: Clear Amulet|[of] p2a: Matthias\n|-unboost|p2b: Kareem|atk|1\n|turn|1\n|\n|t:|1769829941\n|switch|p1b: Grimmsnarl|Grimmsnarl, L50, M|100/100\n|move|p1a: Terapagos|Protect|p1a: Terapagos\n|-singleturn|p1a: Terapagos|Protect\n|move|p2b: Kareem|Fake Out|p1a: Terapagos\n|-activate|p1a: Terapagos|move: Protect\n|move|p2a: Matthias|Collision Course|p1b: Grimmsnarl\n|-damage|p1b: Grimmsnarl|30/100\n|\n|-weather|SunnyDay|[upkeep]\n|upkeep\n|turn|2\n|\n|t:|1769829960\n|-terastallize|p1a: Terapagos|Stellar\n|detailschange|p1a: Terapagos|Terapagos-Stellar, L50, M, tera:Stellar\n|-heal|p1a: Terapagos|100/100|[silent]\n|-ability|p1a: Terapagos|Teraform Zero\n|-weather|none\n|move|p1b: Grimmsnarl|Reflect|p1b: Grimmsnarl\n|-sidestart|p1: Bellsproutfanwill|Reflect\n|move|p2a: Matthias|Flame Charge|p1b: Grimmsnarl\n|-damage|p1b: Grimmsnarl|19/100\n|-boost|p2a: Matthias|spe|1\n|move|p1a: Terapagos|Calm Mind|p1a: Terapagos\n|-boost|p1a: Terapagos|spa|1\n|-boost|p1a: Terapagos|spd|1\n|move|p2b: Kareem|Parting Shot|p1a: Terapagos\n|-unboost|p1a: Terapagos|atk|1\n|-unboost|p1a: Terapagos|spa|1\n|\n|t:|1769829969\n|switch|p2b: Wacka|Brute Bonnet, L50|100/100|[from] Parting Shot\n|\n|upkeep\n|turn|3\n|\n|t:|1769829988\n|move|p1a: Terapagos|Protect|p1a: Terapagos\n|-singleturn|p1a: Terapagos|Protect\n|move|p2a: Matthias|Collision Course|p1b: Grimmsnarl\n|-damage|p1b: Grimmsnarl|0 fnt\n|faint|p1b: Grimmsnarl\n|move|p2b: Wacka|Spore|p1a: Terapagos\n|-activate|p1a: Terapagos|move: Protect\n|\n|upkeep\n|\n|t:|1769830000\n|switch|p1b: Calyrex|Calyrex-Shadow, L50|100/100\n|-ability|p1b: Calyrex|As One\n|-ability|p1b: Calyrex|Unnerve\n|turn|4\n|\n|t:|1769830007\n|move|p2a: Matthias|Collision Course|p1a: Terapagos\n|-supereffective|p1a: Terapagos\n|-damage|p1a: Terapagos|49/100\n|move|p1b: Calyrex|Pollen Puff|p2b: Wacka\n|-supereffective|p2b: Wacka\n|-damage|p2b: Wacka|0 fnt\n|faint|p2b: Wacka\n|-end|p2b: Wacka|Protosynthesis|[silent]\n|-ability|p1b: Calyrex|Grim Neigh|boost\n|-boost|p1b: Calyrex|spa|1\n|move|p1a: Terapagos|Tera Starstorm|p2a: Matthias\n|-damage|p2a: Matthias|48/100\n|\n|-heal|p1a: Terapagos|55/100|[from] item: Leftovers\n|upkeep\n|\n|t:|1769830017\n|switch|p2b: Mao & Agati|Calyrex-Shadow, L50|100/100\n|-ability|p2b: Mao & Agati|As One\n|-ability|p2b: Mao & Agati|Unnerve\n|turn|5\n|\n|t:|1769830036\n|switch|p2a: Kareem|Incineroar, L50, M|100/100\n|-ability|p2a: Kareem|Intimidate|boost\n|-unboost|p1a: Terapagos|atk|1\n|-unboost|p1b: Calyrex|atk|1\n|move|p2b: Mao & Agati|Astral Barrage|p1a: Terapagos|[spread] p1b\n|-immune|p1a: Terapagos\n|-supereffective|p1b: Calyrex\n|-enditem|p1b: Calyrex|Focus Sash\n|-damage|p1b: Calyrex|1/100\n|move|p1b: Calyrex|Astral Barrage|p2b: Mao & Agati|[spread] p2a,p2b\n|-resisted|p2a: Kareem\n|-supereffective|p2b: Mao & Agati\n|-damage|p2a: Kareem|67/100\n|-enditem|p2b: Mao & Agati|Focus Sash\n|-damage|p2b: Mao & Agati|1/100\n|move|p1a: Terapagos|Tera Starstorm|p2b: Mao & Agati|[spread] p2a,p2b\n|-damage|p2a: Kareem|31/100\n|-damage|p2b: Mao & Agati|0 fnt\n|faint|p2b: Mao & Agati\n|\n|-heal|p1a: Terapagos|61/100|[from] item: Leftovers\n|upkeep\n|\n|t:|1769830044\n|switch|p2b: Matthias|Koraidon, L50|48/100\n|-weather|SunnyDay|[from] ability: Orichalcum Pulse|[of] p2b: Matthias\n|-activate|p2b: Matthias|Orichalcum Pulse|[source]\n|turn|6\n|-message|cdogp3 forfeited.\n|\n|win|Bellsproutfanwill\n|raw|Bellsproutfanwill's rating: 1530 &rarr; <strong>1547</strong><br />(+17 for winning)\n|raw|cdogp3's rating: 1472 &rarr; <strong>1455</strong><br />(-17 for losing)\n|l|\u2606cdogp3\n|player|p2|\n|l|\u2606Bellsproutfanwill\n|player|p1|\n","uploadtime":1769830299,"views":19,"formatid":"gen9vgc2026regi","rating":1455,"private":0,"password":null}