{"id":"gen9vgc2026regi-2561594795","format":"[Gen 9] VGC 2026 Reg I","players":["It'sJustKen VGC","Mr Lollipop66"],"log":"|j|\u2606It'sJustKen VGC\n|j|\u2606Mr Lollipop66\n|t:|1773819027\n|gametype|doubles\n|player|p1|It'sJustKen VGC|265|1462\n|player|p2|Mr Lollipop66|169|1371\n|gen|9\n|tier|[Gen 9] VGC 2026 Reg I\n|rated|\n|rule|Species Clause: Limit one of each Pok\u00e9mon\n|rule|Item Clause: Limit 1 of each item\n|clearpoke\n|poke|p1|Iron Hands, L50|\n|poke|p1|Incineroar, L50, F|\n|poke|p1|Calyrex-Shadow, L50|\n|poke|p1|Whimsicott, L50, F|\n|poke|p1|Farigiraf, L50, M|\n|poke|p1|Miraidon, L50|\n|poke|p2|Giratina-Origin, L50|\n|poke|p2|Ho-Oh, L50|\n|poke|p2|Landorus-Therian, L50, M|\n|poke|p2|Ting-Lu, L50|\n|poke|p2|Amoonguss, L50, M|\n|poke|p2|Toxapex, L50, M|\n|teampreview|4\n|inactive|Battle timer is ON: inactive players will automatically lose when time's up. (requested by It'sJustKen VGC)\n|inactive|It'sJustKen VGC has 60 seconds left.\n|inactive|Mr Lollipop66 has 60 seconds left.\n|inactive|Mr Lollipop66 has 30 seconds left.\n|\n|t:|1773819094\n|teamsize|p1|4\n|teamsize|p2|4\n|start\n|switch|p1a: Miraidon|Miraidon, L50, shiny|100/100\n|switch|p1b: Calyrex|Calyrex-Shadow, L50|100/100\n|switch|p2a: Giratina|Giratina-Origin, L50|100/100\n|switch|p2b: Ho-Oh|Ho-Oh, L50|100/100\n|-ability|p1b: Calyrex|As One\n|-ability|p1b: Calyrex|Unnerve\n|-fieldstart|move: Electric Terrain|[from] ability: Hadron Engine|[of] p1a: Miraidon\n|turn|1\n|inactive|It'sJustKen VGC has 30 seconds left.\n|inactive|It'sJustKen VGC has 20 seconds left.\n|inactive|It'sJustKen VGC has 15 seconds left.\n|inactive|It'sJustKen VGC has 10 seconds left.\n|inactive|It'sJustKen VGC has 5 seconds left.\n|\n|t:|1773819149\n|switch|p2b: Ting-Lu|Ting-Lu, L50|100/100\n|-ability|p2b: Ting-Lu|Vessel of Ruin\n|move|p1b: Calyrex|Protect|p1b: Calyrex\n|-singleturn|p1b: Calyrex|Protect\n|move|p2a: Giratina|Shadow Sneak|p1b: Calyrex\n|-activate|p1b: Calyrex|move: Protect\n|move|p1a: Miraidon|Electro Drift|p2a: Giratina\n|-resisted|p2a: Giratina\n|-damage|p2a: Giratina|58/100\n|\n|upkeep\n|turn|2\n|\n|t:|1773819173\n|switch|p1a: Incineroar|Incineroar, L50, F|100/100\n|-ability|p1a: Incineroar|Intimidate|boost\n|-unboost|p2a: Giratina|atk|1\n|-unboost|p2b: Ting-Lu|atk|1\n|-terastallize|p1b: Calyrex|Ghost\n|move|p2a: Giratina|Protect|p2a: Giratina\n|-singleturn|p2a: Giratina|Protect\n|move|p1b: Calyrex|Astral Barrage|p2b: Ting-Lu|[spread] p2b\n|-activate|p2a: Giratina|move: Protect\n|-resisted|p2b: Ting-Lu\n|-damage|p2b: Ting-Lu|79/100\n|move|p2b: Ting-Lu|Earthquake|p1b: Calyrex|[spread] p1a,p1b\n|-activate|p2a: Giratina|move: Protect\n|-supereffective|p1a: Incineroar\n|-damage|p1a: Incineroar|44/100\n|-damage|p1b: Calyrex|54/100\n|\n|upkeep\n|turn|3\n|inactive|It'sJustKen VGC has 30 seconds left.\n|inactive|Mr Lollipop66 has 30 seconds left.\n|inactive|It'sJustKen VGC has 20 seconds left.\n|inactive|Mr Lollipop66 has 20 seconds left.\n|inactive|It'sJustKen VGC has 15 seconds left.\n|inactive|Mr Lollipop66 has 15 seconds left.\n|inactive|It'sJustKen VGC has 10 seconds left.\n|inactive|Mr Lollipop66 has 10 seconds left.\n|inactive|Mr Lollipop66 has 5 seconds left.\n|\n|t:|1773819224\n|-terastallize|p2a: Giratina|Steel\n|move|p1a: Incineroar|Fake Out|p2b: Ting-Lu\n|-damage|p2b: Ting-Lu|73/100\n|move|p1b: Calyrex|Astral Barrage|p2a: Giratina|[spread] p2a,p2b\n|-resisted|p2b: Ting-Lu\n|-damage|p2a: Giratina|17/100\n|-damage|p2b: Ting-Lu|49/100\n|move|p2a: Giratina|Breaking Swipe|p1a: Incineroar|[spread] p1a,p1b\n|-damage|p1a: Incineroar|29/100\n|-damage|p1b: Calyrex|29/100\n|-unboost|p1a: Incineroar|atk|1\n|-unboost|p1b: Calyrex|atk|1\n|-damage|p2a: Giratina|0 fnt|[from] item: Rocky Helmet|[of] p1a: Incineroar\n|faint|p2a: Giratina\n|cant|p2b: Ting-Lu|flinch\n|\n|upkeep\n|\n|t:|1773819242\n|switch|p2a: Ho-Oh|Ho-Oh, L50|100/100\n|turn|4\n|\n|t:|1773819252\n|move|p1b: Calyrex|Protect|p1b: Calyrex\n|-singleturn|p1b: Calyrex|Protect\n|move|p2a: Ho-Oh|Life Dew||[still]|[spread] p2a,p2b\n|-fail|p2a: Ho-Oh|heal\n|-heal|p2b: Ting-Lu|75/100\n|move|p1a: Incineroar|U-turn|p2b: Ting-Lu\n|-supereffective|p2b: Ting-Lu\n|-damage|p2b: Ting-Lu|61/100\n|inactive|It'sJustKen VGC has 30 seconds left.\n|\n|t:|1773819278\n|switch|p1a: Miraidon|Miraidon, L50, shiny|100/100|[from] U-turn\n|-activate|p1a: Miraidon|ability: Hadron Engine\n|move|p2b: Ting-Lu|Earthquake|p1b: Calyrex|[spread] p1a\n|-activate|p1b: Calyrex|move: Protect\n|-immune|p2a: Ho-Oh\n|-supereffective|p1a: Miraidon\n|-damage|p1a: Miraidon|33/100\n|\n|upkeep\n|turn|5\n|\n|t:|1773819292\n|move|p2a: Ho-Oh|Protect|p2a: Ho-Oh\n|-singleturn|p2a: Ho-Oh|Protect\n|move|p1b: Calyrex|Astral Barrage|p2a: Ho-Oh|[spread] p2b\n|-activate|p2a: Ho-Oh|move: Protect\n|-resisted|p2b: Ting-Lu\n|-damage|p2b: Ting-Lu|39/100\n|move|p1a: Miraidon|Draco Meteor|p2b: Ting-Lu\n|-damage|p2b: Ting-Lu|0 fnt\n|-unboost|p1a: Miraidon|spa|2\n|faint|p2b: Ting-Lu\n|\n|-fieldend|move: Electric Terrain\n|upkeep\n|\n|t:|1773819307\n|switch|p2b: Toxapex|Toxapex, L50, M|100/100\n|turn|6\n|\n|t:|1773819322\n|switch|p1a: Incineroar|Incineroar, L50, F|29/100\n|-ability|p1a: Incineroar|Intimidate|boost\n|-fail|p2a: Ho-Oh|unboost|[from] item: Clear Amulet|[of] p2a: Ho-Oh\n|-unboost|p2b: Toxapex|atk|1\n|move|p1b: Calyrex|Protect|p1b: Calyrex\n|-singleturn|p1b: Calyrex|Protect\n|move|p2b: Toxapex|Wide Guard|p2b: Toxapex\n|-singleturn|p2b: Toxapex|Wide Guard\n|move|p2a: Ho-Oh|Sacred Fire|p1a: Incineroar\n|-resisted|p1a: Incineroar\n|-crit|p1a: Incineroar\n|-damage|p1a: Incineroar|0 fnt\n|faint|p1a: Incineroar\n|\n|upkeep\n|\n|t:|1773819327\n|switch|p1a: Miraidon|Miraidon, L50, shiny|33/100\n|-fieldstart|move: Electric Terrain|[from] ability: Hadron Engine|[of] p1a: Miraidon\n|turn|7\n|\n|t:|1773819351\n|move|p2a: Ho-Oh|Protect|p2a: Ho-Oh\n|-singleturn|p2a: Ho-Oh|Protect\n|move|p1b: Calyrex|Astral Barrage|p2a: Ho-Oh|[spread] p2b\n|-activate|p2a: Ho-Oh|move: Protect\n|-damage|p2b: Toxapex|47/100\n|move|p1a: Miraidon|Electro Drift|p2b: Toxapex\n|-supereffective|p2b: Toxapex\n|-damage|p2b: Toxapex|0 fnt\n|faint|p2b: Toxapex\n|\n|upkeep\n|turn|8\n|\n|t:|1773819367\n|move|p1b: Calyrex|Astral Barrage|p2a: Ho-Oh\n|-damage|p2a: Ho-Oh|43/100\n|move|p1a: Miraidon|Electro Drift|p2a: Ho-Oh\n|-supereffective|p2a: Ho-Oh\n|-damage|p2a: Ho-Oh|0 fnt\n|faint|p2a: Ho-Oh\n|\n|win|It'sJustKen VGC\n|raw|It&apos;sJustKen VGC's rating: 1485 &rarr; <strong>1499</strong><br />(+14 for winning)\n|raw|Mr Lollipop66's rating: 1371 &rarr; <strong>1357</strong><br />(-14 for losing)\n","uploadtime":1773819372,"views":11,"formatid":"gen9vgc2026regi","rating":1357,"private":0,"password":null}