{"id":"gen9vgc2026regi-2558740405","format":"[Gen 9] VGC 2026 Reg I","players":["AuroraaaVGC5","randomcatffr"],"log":"|j|\u2606AuroraaaVGC5\n|j|\u2606randomcatffr\n|t:|1773473074\n|gametype|doubles\n|player|p1|AuroraaaVGC5|penny|1436\n|player|p2|randomcatffr|bugcatcher-gen4dp|1457\n|gen|9\n|tier|[Gen 9] VGC 2026 Reg I\n|rated|\n|rule|Species Clause: Limit one of each Pok\u00e9mon\n|rule|Item Clause: Limit 1 of each item\n|clearpoke\n|poke|p1|Koraidon, L50|\n|poke|p1|Lunala, L50|\n|poke|p1|Ursaluna, L50, F|\n|poke|p1|Amoonguss, L50, F|\n|poke|p1|Incineroar, L50, M|\n|poke|p1|Indeedee-F, L50, F|\n|poke|p2|Lunala, L50|\n|poke|p2|Brute Bonnet, L50|\n|poke|p2|Ursaluna, L50, F|\n|poke|p2|Flutter Mane, L50|\n|poke|p2|Koraidon, L50|\n|poke|p2|Incineroar, L50, F|\n|teampreview|4\n|inactive|Battle timer is ON: inactive players will automatically lose when time's up. (requested by AuroraaaVGC5)\n|\n|t:|1773473095\n|teamsize|p1|4\n|teamsize|p2|4\n|start\n|switch|p1a: Billy|Indeedee-F, L50, F|100/100\n|switch|p1b: Spector|Lunala, L50|100/100\n|switch|p2a: Flutter Mane|Flutter Mane, L50|100/100\n|switch|p2b: Incineroar|Incineroar, L50, F|100/100\n|-fieldstart|move: Psychic Terrain|[from] ability: Psychic Surge|[of] p1a: Billy\n|-ability|p2b: Incineroar|Intimidate|boost\n|-unboost|p1a: Billy|atk|1\n|-unboost|p1b: Spector|atk|1\n|turn|1\n|\n|t:|1773473117\n|-end|p2a: Flutter Mane|Protosynthesis|[silent]\n|switch|p2a: Lunala|Lunala, L50|100/100\n|-terastallize|p1b: Spector|Water\n|move|p1b: Spector|Meteor Beam||[still]\n|-prepare|p1b: Spector|Meteor Beam\n|-boost|p1b: Spector|spa|1\n|-enditem|p1b: Spector|Power Herb\n|-anim|p1b: Spector|Meteor Beam|p2b: Incineroar|[miss]\n|-miss|p1b: Spector|p2b: Incineroar\n|move|p1a: Billy|Dazzling Gleam|p2a: Lunala|[spread] p2a,p2b\n|-damage|p2a: Lunala|97/100\n|-damage|p2b: Incineroar|91/100\n|move|p2b: Incineroar|Knock Off|p1a: Billy\n|-supereffective|p1a: Billy\n|-damage|p1a: Billy|23/100\n|-enditem|p1a: Billy|Safety Goggles|[from] move: Knock Off|[of] p2b: Incineroar\n|\n|upkeep\n|turn|2\n|inactive|randomcatffr has 30 seconds left.\n|inactive|randomcatffr has 20 seconds left.\n|\n|t:|1773473155\n|-terastallize|p2a: Lunala|Fairy\n|move|p1a: Billy|Follow Me|p1a: Billy\n|-singleturn|p1a: Billy|move: Follow Me\n|move|p2a: Lunala|Meteor Beam||[still]\n|-prepare|p2a: Lunala|Meteor Beam\n|-boost|p2a: Lunala|spa|1\n|-enditem|p2a: Lunala|Power Herb\n|-anim|p2a: Lunala|Meteor Beam|p1a: Billy\n|-damage|p1a: Billy|0 fnt\n|faint|p1a: Billy\n|move|p2b: Incineroar|U-turn|p1b: Spector\n|-damage|p1b: Spector|93/100\n|\n|t:|1773473170\n|switch|p2b: Flutter Mane|Flutter Mane, L50|100/100|[from] U-turn\n|move|p1b: Spector|Trick Room|p1b: Spector\n|-fieldstart|move: Trick Room|[of] p1b: Spector\n|\n|upkeep\n|\n|t:|1773473175\n|switch|p1a: Gwen|Amoonguss, L50, F|100/100\n|turn|3\n|inactive|randomcatffr has 30 seconds left.\n|\n|t:|1773473206\n|move|p2a: Lunala|Wide Guard|p2a: Lunala\n|-singleturn|p2a: Lunala|Wide Guard\n|move|p1a: Gwen|Spore|p2a: Lunala\n|-status|p2a: Lunala|slp|[from] move: Spore\n|move|p1b: Spector|Expanding Force|p2a: Lunala|[spread] \n|-activate|p2a: Lunala|move: Wide Guard\n|-activate|p2b: Flutter Mane|move: Wide Guard\n|move|p2b: Flutter Mane|Moonblast|p1b: Spector\n|-damage|p1b: Spector|56/100\n|\n|upkeep\n|turn|4\n|\n|t:|1773473219\n|-end|p2b: Flutter Mane|Protosynthesis|[silent]\n|switch|p2b: Incineroar|Incineroar, L50, F|91/100\n|-ability|p2b: Incineroar|Intimidate|boost\n|-unboost|p1a: Gwen|atk|1\n|-unboost|p1b: Spector|atk|1\n|cant|p2a: Lunala|slp\n|move|p1a: Gwen|Pollen Puff|p1b: Spector\n|-heal|p1b: Spector|100/100\n|move|p1b: Spector|Expanding Force|p2a: Lunala|[spread] p2a\n|-immune|p2b: Incineroar\n|-damage|p2a: Lunala|36/100 slp\n|\n|upkeep\n|turn|5\n|inactive|randomcatffr has 30 seconds left.\n|inactive|randomcatffr has 20 seconds left.\n|\n|t:|1773473257\n|move|p1a: Gwen|Spore|p2b: Incineroar\n|-status|p2b: Incineroar|slp|[from] move: Spore\n|cant|p2b: Incineroar|slp\n|cant|p2a: Lunala|slp\n|move|p1b: Spector|Moongeist Beam|p2a: Lunala\n|-damage|p2a: Lunala|0 fnt\n|faint|p2a: Lunala\n|\n|-fieldend|move: Psychic Terrain\n|upkeep\n|inactive|randomcatffr has 30 seconds left.\n|\n|t:|1773473285\n|switch|p2a: Flutter Mane|Flutter Mane, L50|100/100\n|turn|6\n|\n|t:|1773473302\n|move|p2a: Flutter Mane|Protect|p2a: Flutter Mane\n|-singleturn|p2a: Flutter Mane|Protect\n|move|p1a: Gwen|Spore|p2b: Incineroar\n|-fail|p2b: Incineroar|slp\n|-curestatus|p2b: Incineroar|slp|[msg]\n|move|p2b: Incineroar|U-turn|p1b: Spector\n|-damage|p1b: Spector|93/100\n|\n|t:|1773473309\n|switch|p2b: Koraidon|Koraidon, L50|100/100|[from] U-turn\n|-weather|SunnyDay|[from] ability: Orichalcum Pulse|[of] p2b: Koraidon\n|-activate|p2a: Flutter Mane|ability: Protosynthesis\n|-start|p2a: Flutter Mane|protosynthesisspe\n|-activate|p2b: Koraidon|Orichalcum Pulse|[source]\n|move|p1b: Spector|Moongeist Beam|p2a: Flutter Mane\n|-activate|p2a: Flutter Mane|move: Protect\n|\n|-weather|SunnyDay|[upkeep]\n|-fieldend|move: Trick Room\n|upkeep\n|turn|7\n|inactive|randomcatffr has 30 seconds left.\n|\n|t:|1773473334\n|move|p1a: Gwen|Rage Powder|p1a: Gwen\n|-singleturn|p1a: Gwen|move: Rage Powder\n|move|p2a: Flutter Mane|Moonblast|p1a: Gwen\n|-resisted|p1a: Gwen\n|-damage|p1a: Gwen|79/100\n|move|p2b: Koraidon|Flare Blitz|p1a: Gwen\n|-supereffective|p1a: Gwen\n|-damage|p1a: Gwen|0 fnt\n|-damage|p2b: Koraidon|84/100|[from] item: Rocky Helmet|[of] p1a: Gwen\n|faint|p1a: Gwen\n|-damage|p2b: Koraidon|52/100|[from] Recoil\n|-damage|p2b: Koraidon|42/100|[from] item: Life Orb\n|move|p1b: Spector|Trick Room|p1b: Spector\n|-fieldstart|move: Trick Room|[of] p1b: Spector\n|\n|-weather|SunnyDay|[upkeep]\n|upkeep\n|\n|t:|1773473339\n|switch|p1a: Bearemy|Ursaluna, L50, F|100/100\n|turn|8\n|inactive|randomcatffr has 30 seconds left.\n|inactive|randomcatffr has 20 seconds left.\n|inactive|randomcatffr has 15 seconds left.\n|inactive|randomcatffr has 10 seconds left.\n|\n|t:|1773473385\n|move|p2b: Koraidon|Protect|p2b: Koraidon\n|-singleturn|p2b: Koraidon|Protect\n|move|p1a: Bearemy|Headlong Rush|p2a: Flutter Mane\n|-enditem|p2a: Flutter Mane|Focus Sash\n|-damage|p2a: Flutter Mane|1/100\n|-unboost|p1a: Bearemy|def|1\n|-unboost|p1a: Bearemy|spd|1\n|move|p1b: Spector|Moongeist Beam|p2b: Koraidon\n|-activate|p2b: Koraidon|move: Protect\n|move|p2a: Flutter Mane|Moonblast|p1b: Spector\n|-damage|p1b: Spector|57/100\n|-unboost|p1b: Spector|spa|1\n|\n|-weather|SunnyDay|[upkeep]\n|-status|p1a: Bearemy|brn|[from] item: Flame Orb\n|upkeep\n|turn|9\n|\n|t:|1773473406\n|switch|p2b: Incineroar|Incineroar, L50, F|91/100\n|-ability|p2b: Incineroar|Intimidate|boost\n|-unboost|p1a: Bearemy|atk|1\n|-unboost|p1b: Spector|atk|1\n|move|p2a: Flutter Mane|Protect|p2a: Flutter Mane\n|-singleturn|p2a: Flutter Mane|Protect\n|move|p1a: Bearemy|Headlong Rush|p2b: Incineroar\n|-supereffective|p2b: Incineroar\n|-damage|p2b: Incineroar|0 fnt\n|-unboost|p1a: Bearemy|def|1\n|-unboost|p1a: Bearemy|spd|1\n|faint|p2b: Incineroar\n|move|p1b: Spector|Moongeist Beam|p2a: Flutter Mane\n|-activate|p2a: Flutter Mane|move: Protect\n|\n|-weather|SunnyDay|[upkeep]\n|-damage|p1a: Bearemy|95/100 brn|[from] brn\n|upkeep\n|\n|t:|1773473414\n|switch|p2b: Koraidon|Koraidon, L50|42/100\n|-activate|p2b: Koraidon|ability: Orichalcum Pulse\n|turn|10\n|\n|t:|1773473425\n|move|p2b: Koraidon|Protect|p2b: Koraidon\n|-singleturn|p2b: Koraidon|Protect\n|move|p2a: Flutter Mane|Protect||[still]\n|-fail|p2a: Flutter Mane\n|move|p1a: Bearemy|Facade|p2b: Koraidon\n|-activate|p2b: Koraidon|move: Protect\n|move|p1b: Spector|Moongeist Beam|p2a: Flutter Mane\n|-supereffective|p2a: Flutter Mane\n|-damage|p2a: Flutter Mane|0 fnt\n|faint|p2a: Flutter Mane\n|-end|p2a: Flutter Mane|Protosynthesis|[silent]\n|\n|-weather|none\n|-damage|p1a: Bearemy|89/100 brn|[from] brn\n|upkeep\n|turn|11\n|\n|t:|1773473432\n|move|p2b: Koraidon|Protect||[still]\n|-fail|p2b: Koraidon\n|move|p1a: Bearemy|Facade|p2b: Koraidon\n|-damage|p2b: Koraidon|0 fnt\n|faint|p2b: Koraidon\n|\n|win|AuroraaaVGC5\n|raw|AuroraaaVGC5's rating: 1436 &rarr; <strong>1457</strong><br />(+21 for winning)\n|raw|randomcatffr's rating: 1457 &rarr; <strong>1436</strong><br />(-21 for losing)\n|l|\u2606randomcatffr\n|player|p2|\n|l|\u2606AuroraaaVGC5\n|player|p1|\n","uploadtime":1773473601,"views":16,"formatid":"gen9vgc2026regi","rating":1436,"private":0,"password":null}