{"id":"gen9vgc2026regi-2564757917","format":"[Gen 9] VGC 2026 Reg I","players":["BanKingambit69247","je8"],"log":"|j|\u2606BanKingambit69247\n|j|\u2606je8\n|t:|1774194585\n|gametype|doubles\n|player|p1|BanKingambit69247|lucas|1441\n|player|p2|je8|102|1354\n|gen|9\n|tier|[Gen 9] VGC 2026 Reg I\n|rated|\n|rule|Species Clause: Limit one of each Pok\u00e9mon\n|rule|Item Clause: Limit 1 of each item\n|clearpoke\n|poke|p1|Calyrex-Ice, L50|\n|poke|p1|Koraidon, L50|\n|poke|p1|Flutter Mane, L50|\n|poke|p1|Ogerpon-Cornerstone, L50, F|\n|poke|p1|Incineroar, L50, F|\n|poke|p1|Raging Bolt, L50|\n|poke|p2|Calyrex-Ice, L50|\n|poke|p2|Incineroar, L50, F|\n|poke|p2|Amoonguss, L50, F|\n|poke|p2|Zacian-*, L50|\n|poke|p2|Urshifu-*, L50, M|\n|poke|p2|Gastrodon-East, L50, M|\n|teampreview|4\n|inactive|Battle timer is ON: inactive players will automatically lose when time's up. (requested by BanKingambit69247)\n|inactive|je8 has 60 seconds left.\n|inactive|je8 has 30 seconds left.\n|\n|t:|1774194652\n|teamsize|p1|4\n|teamsize|p2|4\n|start\n|switch|p1a: Incineroar|Incineroar, L50, F|100/100\n|switch|p1b: Calyrex|Calyrex-Ice, L50|100/100\n|switch|p2a: Calyrex|Calyrex-Ice, L50|100/100\n|switch|p2b: Incineroar|Incineroar, L50, F|100/100\n|-ability|p1b: Calyrex|As One\n|-ability|p1b: Calyrex|Unnerve\n|-ability|p2a: Calyrex|As One\n|-ability|p2a: Calyrex|Unnerve\n|-ability|p1a: Incineroar|Intimidate|boost\n|-fail|p2a: Calyrex|unboost|[from] item: Clear Amulet|[of] p2a: Calyrex\n|-unboost|p2b: Incineroar|atk|1\n|-ability|p2b: Incineroar|Intimidate|boost\n|-unboost|p1a: Incineroar|atk|1\n|-unboost|p1b: Calyrex|atk|1\n|turn|1\n|inactive|je8 has 30 seconds left.\n|\n|t:|1774194685\n|move|p2a: Calyrex|Protect|p2a: Calyrex\n|-singleturn|p2a: Calyrex|Protect\n|move|p1a: Incineroar|Fake Out|p2b: Incineroar\n|-damage|p2b: Incineroar|94/100\n|move|p1b: Calyrex|Imprison|p1b: Calyrex\n|-start|p1b: Calyrex|move: Imprison\n|cant|p2b: Incineroar|flinch\n|\n|upkeep\n|turn|2\n|\n|t:|1774194698\n|move|p1a: Incineroar|U-turn|p2b: Incineroar\n|-damage|p2b: Incineroar|84/100\n|\n|t:|1774194700\n|switch|p1a: Koraidon|Koraidon, L50|100/100|[from] U-turn\n|-weather|SunnyDay|[from] ability: Orichalcum Pulse|[of] p1a: Koraidon\n|-activate|p1a: Koraidon|Orichalcum Pulse|[source]\n|move|p1b: Calyrex|Leech Seed|p2a: Calyrex\n|-start|p2a: Calyrex|move: Leech Seed\n|move|p2b: Incineroar|Knock Off|p1b: Calyrex\n|-supereffective|p1b: Calyrex\n|-damage|p1b: Calyrex|71/100\n|-enditem|p1b: Calyrex|Safety Goggles|[from] move: Knock Off|[of] p2b: Incineroar\n|move|p2a: Calyrex|High Horsepower|p1a: Koraidon\n|-damage|p1a: Koraidon|69/100\n|\n|-weather|SunnyDay|[upkeep]\n|-damage|p2a: Calyrex|88/100|[from] Leech Seed|[of] p1b: Calyrex\n|-heal|p1b: Calyrex|82/100|[silent]\n|upkeep\n|turn|3\n|inactive|je8 has 30 seconds left.\n|inactive|je8 has 20 seconds left.\n|\n|t:|1774194740\n|move|p1a: Koraidon|Flame Charge|p2a: Calyrex\n|-supereffective|p2a: Calyrex\n|-damage|p2a: Calyrex|46/100\n|-boost|p1a: Koraidon|spe|1\n|move|p1b: Calyrex|Leech Seed|p2b: Incineroar\n|-start|p2b: Incineroar|move: Leech Seed\n|move|p2b: Incineroar|Parting Shot|p1b: Calyrex\n|-unboost|p1b: Calyrex|atk|1\n|-unboost|p1b: Calyrex|spa|1\n|\n|t:|1774194757\n|switch|p2b: Zacian|Zacian-Crowned, L50|100/100|[from] Parting Shot\n|-ability|p2b: Zacian|Intrepid Sword|boost\n|-boost|p2b: Zacian|atk|1\n|move|p2a: Calyrex|High Horsepower|p1b: Calyrex\n|-damage|p1b: Calyrex|57/100\n|\n|-weather|SunnyDay|[upkeep]\n|-damage|p2a: Calyrex|34/100|[from] Leech Seed|[of] p1b: Calyrex\n|-heal|p1b: Calyrex|69/100|[silent]\n|upkeep\n|turn|4\n|\n|t:|1774194772\n|switch|p1b: Incineroar|Incineroar, L50, F|100/100\n|-ability|p1b: Incineroar|Intimidate|boost\n|-fail|p2a: Calyrex|unboost|[from] item: Clear Amulet|[of] p2a: Calyrex\n|-unboost|p2b: Zacian|atk|1\n|switch|p2a: Incineroar|Incineroar, L50, F|84/100\n|-ability|p2a: Incineroar|Intimidate|boost\n|-fail|p1a: Koraidon|unboost|[from] item: Clear Amulet|[of] p1a: Koraidon\n|-unboost|p1b: Incineroar|atk|1\n|-terastallize|p1a: Koraidon|Fire\n|move|p2b: Zacian|Protect|p2b: Zacian\n|-singleturn|p2b: Zacian|Protect\n|move|p1a: Koraidon|Flame Charge|p2a: Incineroar\n|-resisted|p2a: Incineroar\n|-damage|p2a: Incineroar|56/100\n|-boost|p1a: Koraidon|spe|1\n|\n|-weather|SunnyDay|[upkeep]\n|upkeep\n|turn|5\n|inactive|je8 has 30 seconds left.\n|inactive|je8 has 20 seconds left.\n|inactive|je8 has 15 seconds left.\n|inactive|je8 has 10 seconds left.\n|inactive|je8 has 5 seconds left.\n|\n|t:|1774194825\n|-terastallize|p2b: Zacian|Water\n|move|p1b: Incineroar|Fake Out|p2a: Incineroar\n|-damage|p2a: Incineroar|49/100\n|move|p1a: Koraidon|Collision Course|p2a: Incineroar\n|-supereffective|p2a: Incineroar\n|-damage|p2a: Incineroar|0 fnt\n|faint|p2a: Incineroar\n|move|p2b: Zacian|Behemoth Blade|p1a: Koraidon\n|-resisted|p1a: Koraidon\n|-damage|p1a: Koraidon|48/100\n|\n|-weather|SunnyDay|[upkeep]\n|upkeep\n|\n|t:|1774194847\n|switch|p2a: Gastrodon|Gastrodon-East, L50, M|100/100\n|turn|6\n|\n|t:|1774194860\n|move|p1a: Koraidon|Protect|p1a: Koraidon\n|-singleturn|p1a: Koraidon|Protect\n|move|p2b: Zacian|Swords Dance|p2b: Zacian\n|-boost|p2b: Zacian|atk|2\n|move|p1b: Incineroar|Knock Off|p2a: Gastrodon\n|-damage|p2a: Gastrodon|80/100\n|-activate|p2a: Gastrodon|ability: Sticky Hold\n|move|p2a: Gastrodon|Earth Power|p1a: Koraidon\n|-activate|p1a: Koraidon|move: Protect\n|\n|-weather|none\n|-heal|p2a: Gastrodon|86/100|[from] item: Leftovers\n|upkeep\n|turn|7\n|\n|t:|1774194873\n|move|p2a: Gastrodon|Helping Hand|p2b: Zacian\n|-singleturn|p2b: Zacian|Helping Hand|[of] p2a: Gastrodon\n|move|p1a: Koraidon|Collision Course|p2a: Gastrodon\n|-damage|p2a: Gastrodon|43/100\n|move|p2b: Zacian|Behemoth Blade|p1a: Koraidon\n|-resisted|p1a: Koraidon\n|-damage|p1a: Koraidon|0 fnt\n|faint|p1a: Koraidon\n|move|p1b: Incineroar|U-turn|p2b: Zacian\n|-damage|p2b: Zacian|88/100\n|\n|t:|1774194881\n|switch|p1b: Raging Bolt|Raging Bolt, L50|100/100|[from] U-turn\n|\n|-heal|p2a: Gastrodon|49/100|[from] item: Leftovers\n|upkeep\n|\n|t:|1774194883\n|switch|p1a: Calyrex|Calyrex-Ice, L50|69/100\n|-ability|p1a: Calyrex|As One\n|-ability|p1a: Calyrex|Unnerve\n|turn|8\n|inactive|je8 has 30 seconds left.\n|inactive|je8 has 20 seconds left.\n|inactive|je8 has 15 seconds left.\n|inactive|je8 has 10 seconds left.\n|\n|t:|1774194931\n|move|p1b: Raging Bolt|Thunderclap|p2b: Zacian\n|-supereffective|p2b: Zacian\n|-damage|p2b: Zacian|0 fnt\n|faint|p2b: Zacian\n|-damage|p1b: Raging Bolt|91/100|[from] item: Life Orb\n|move|p1a: Calyrex|Glacial Lance|p2a: Gastrodon\n|-damage|p2a: Gastrodon|0 fnt\n|faint|p2a: Gastrodon\n|-ability|p1a: Calyrex|Chilling Neigh|boost\n|-boost|p1a: Calyrex|atk|1\n|\n|upkeep\n|\n|t:|1774194939\n|switch|p2b: Calyrex|Calyrex-Ice, L50|34/100\n|-ability|p2b: Calyrex|As One\n|-ability|p2b: Calyrex|Unnerve\n|turn|9\n|\n|t:|1774194947\n|move|p1b: Raging Bolt|Thunderbolt|p2b: Calyrex\n|-damage|p2b: Calyrex|0 fnt\n|faint|p2b: Calyrex\n|-damage|p1b: Raging Bolt|81/100|[from] item: Life Orb\n|\n|win|BanKingambit69247\n|raw|BanKingambit69247's rating: 1441 &rarr; <strong>1456</strong><br />(+15 for winning)\n|raw|je8's rating: 1354 &rarr; <strong>1339</strong><br />(-15 for losing)\n","uploadtime":1774194951,"views":19,"formatid":"gen9vgc2026regi","rating":1339,"private":0,"password":null}