{"id":"gen9vgc2026regi-2520647842","format":"[Gen 9] VGC 2026 Reg I","players":["mosca9876","dthk1216"],"log":"|j|\u2606mosca9876\n|j|\u2606dthk1216\n|t:|1768666845\n|gametype|doubles\n|player|p1|mosca9876|102|1386\n|player|p2|dthk1216|dawn|1591\n|gen|9\n|tier|[Gen 9] VGC 2026 Reg I\n|rated|\n|rule|Species Clause: Limit one of each Pok\u00e9mon\n|rule|Item Clause: Limit 1 of each item\n|clearpoke\n|poke|p1|Weezing-Galar, L50, M|\n|poke|p1|Koraidon, L50|\n|poke|p1|Walking Wake, L50|\n|poke|p1|Chi-Yu, L50|\n|poke|p1|Calyrex-Shadow, L50|\n|poke|p1|Tornadus, L50, M|\n|poke|p2|Calyrex-Ice, L50|\n|poke|p2|Kyogre, L50|\n|poke|p2|Urshifu-*, L50, M|\n|poke|p2|Rillaboom, L50, M|\n|poke|p2|Grimmsnarl, L50, M|\n|poke|p2|Amoonguss, L50, M|\n|teampreview|4\n|inactive|Battle timer is ON: inactive players will automatically lose when time's up. (requested by dthk1216)\n|j| riyuezi\n|inactive|mosca9876 has 60 seconds left.\n|inactive|dthk1216 has 60 seconds left.\n|\n|t:|1768666908\n|teamsize|p1|4\n|teamsize|p2|4\n|start\n|switch|p1a: Weezing|Weezing-Galar, L50, M|100/100\n|switch|p1b: Chi-Yu|Chi-Yu, L50|100/100\n|switch|p2a: Calyrex|Calyrex-Ice, L50|100/100\n|switch|p2b: Amoonguss|Amoonguss, L50, M|100/100\n|-ability|p1a: Weezing|Neutralizing Gas\n|-ability|p2a: Calyrex|As One\n|-ability|p2a: Calyrex|Unnerve\n|turn|1\n|\n|t:|1768666930\n|move|p2b: Amoonguss|Protect|p2b: Amoonguss\n|-singleturn|p2b: Amoonguss|Protect\n|move|p1b: Chi-Yu|Heat Wave|p2b: Amoonguss|[spread] p2a\n|-activate|p2b: Amoonguss|move: Protect\n|-supereffective|p2a: Calyrex\n|-crit|p2a: Calyrex\n|-damage|p2a: Calyrex|34/100\n|move|p1a: Weezing|Taunt|p2b: Amoonguss\n|-activate|p2b: Amoonguss|move: Protect\n|move|p2a: Calyrex|Trick Room|p2a: Calyrex\n|-fieldstart|move: Trick Room|[of] p2a: Calyrex\n|\n|-heal|p2a: Calyrex|40/100|[from] item: Leftovers\n|upkeep\n|turn|2\n|\n|t:|1768666943\n|move|p2b: Amoonguss|Spore|p1b: Chi-Yu\n|-status|p1b: Chi-Yu|slp|[from] move: Spore\n|move|p2a: Calyrex|Glacial Lance|p1b: Chi-Yu|[spread] p1a,p1b\n|-resisted|p1b: Chi-Yu\n|-damage|p1a: Weezing|49/100\n|-damage|p1b: Chi-Yu|55/100 slp\n|move|p1a: Weezing|Taunt|p2b: Amoonguss\n|-start|p2b: Amoonguss|move: Taunt\n|cant|p1b: Chi-Yu|slp\n|\n|-heal|p2a: Calyrex|45/100|[from] item: Leftovers\n|upkeep\n|turn|3\n|\n|t:|1768666965\n|move|p2b: Amoonguss|Pollen Puff|p2a: Calyrex\n|-heal|p2a: Calyrex|95/100\n|move|p2a: Calyrex|Glacial Lance|p1a: Weezing|[spread] p1a,p1b\n|-resisted|p1b: Chi-Yu\n|-damage|p1a: Weezing|0 fnt\n|-damage|p1b: Chi-Yu|10/100 slp\n|faint|p1a: Weezing\n|-end|p1a: Weezing|ability: Neutralizing Gas\n|-ability|p1b: Chi-Yu|Beads of Ruin\n|-ability|p2a: Calyrex|Chilling Neigh|boost\n|-boost|p2a: Calyrex|atk|1\n|cant|p1b: Chi-Yu|slp\n|\n|-heal|p2a: Calyrex|100/100|[from] item: Leftovers\n|upkeep\n|j| Blastoisebestie\n|\n|t:|1768666977\n|switch|p1a: Koraidon|Koraidon, L50|100/100\n|-weather|SunnyDay|[from] ability: Orichalcum Pulse|[of] p1a: Koraidon\n|-activate|p1a: Koraidon|Orichalcum Pulse|[source]\n|turn|4\n|\n|t:|1768666995\n|switch|p2b: Kyogre|Kyogre, L50|100/100\n|-weather|RainDance|[from] ability: Drizzle|[of] p2b: Kyogre\n|-terastallize|p1a: Koraidon|Fire\n|move|p2a: Calyrex|Glacial Lance|p1b: Chi-Yu|[spread] p1a,p1b\n|-resisted|p1a: Koraidon\n|-crit|p1a: Koraidon\n|-resisted|p1b: Chi-Yu\n|-damage|p1a: Koraidon|46/100\n|-damage|p1b: Chi-Yu|0 fnt\n|faint|p1b: Chi-Yu\n|-ability|p2a: Calyrex|Chilling Neigh|boost\n|-boost|p2a: Calyrex|atk|1\n|move|p1a: Koraidon|Flame Charge|p2a: Calyrex\n|-supereffective|p2a: Calyrex\n|-damage|p2a: Calyrex|82/100\n|-boost|p1a: Koraidon|spe|1\n|\n|-weather|RainDance|[upkeep]\n|-heal|p2a: Calyrex|88/100|[from] item: Leftovers\n|upkeep\n|\n|t:|1768666998\n|switch|p1b: Walking Wake|Walking Wake, L50|100/100\n|turn|5\n|\n|t:|1768667017\n|switch|p2b: Grimmsnarl|Grimmsnarl, L50, M|100/100\n|move|p1a: Koraidon|Protect|p1a: Koraidon\n|-singleturn|p1a: Koraidon|Protect\n|move|p2a: Calyrex|Glacial Lance|p1a: Koraidon|[spread] p1b\n|-activate|p1a: Koraidon|move: Protect\n|-damage|p1b: Walking Wake|0 fnt\n|faint|p1b: Walking Wake\n|-end|p1b: Walking Wake|Protosynthesis|[silent]\n|-ability|p2a: Calyrex|Chilling Neigh|boost\n|-boost|p2a: Calyrex|atk|1\n|\n|-weather|RainDance|[upkeep]\n|-heal|p2a: Calyrex|94/100|[from] item: Leftovers\n|-fieldend|move: Trick Room\n|upkeep\n|turn|6\n|\n|t:|1768667034\n|move|p2b: Grimmsnarl|Thunder Wave|p1a: Koraidon\n|-status|p1a: Koraidon|par\n|move|p1a: Koraidon|Collision Course|p2a: Calyrex\n|-damage|p2a: Calyrex|62/100\n|move|p2a: Calyrex|Glacial Lance|p1a: Koraidon\n|-resisted|p1a: Koraidon\n|-damage|p1a: Koraidon|0 fnt\n|faint|p1a: Koraidon\n|\n|win|dthk1216\n|raw|mosca9876's rating: 1386 &rarr; <strong>1377</strong><br />(-9 for losing)\n|raw|dthk1216's rating: 1591 &rarr; <strong>1600</strong><br />(+9 for winning)\n|l|\u2606mosca9876\n|player|p1|\n|l|\u2606dthk1216\n|player|p2|\n|l| Blastoisebestie\n|l| riyuezi\n","uploadtime":1768667303,"views":25,"formatid":"gen9vgc2026regi","rating":1377,"private":0,"password":null}