{"id":"gen9vgc2026regi-2578071680","format":"[Gen 9] VGC 2026 Reg I","players":["migcthi","rkmu"],"log":"|j|\u2606migcthi\n|j|\u2606rkmu\n|t:|1775644277\n|gametype|doubles\n|player|p1|migcthi|2|1439\n|player|p2|rkmu|lucas|1402\n|gen|9\n|tier|[Gen 9] VGC 2026 Reg I\n|rated|\n|rule|Species Clause: Limit one of each Pok\u00e9mon\n|rule|Item Clause: Limit 1 of each item\n|clearpoke\n|poke|p1|Calyrex-Ice, L50|\n|poke|p1|Miraidon, L50|\n|poke|p1|Ursaluna, L50, M|\n|poke|p1|Volcarona, L50, M|\n|poke|p1|Grimmsnarl, L50, M|\n|poke|p1|Iron Hands, L50|\n|poke|p2|Incineroar, L50, F|\n|poke|p2|Tyranitar, L50, M|\n|poke|p2|Zamazenta-*, L50|\n|poke|p2|Amoonguss, L50, M|\n|poke|p2|Calyrex-Shadow, L50|\n|poke|p2|Araquanid, L50, M|\n|teampreview|4\n|inactive|Battle timer is ON: inactive players will automatically lose when time's up. (requested by migcthi)\n|inactive|migcthi has 60 seconds left.\n|\n|t:|1775644375\n|teamsize|p1|4\n|teamsize|p2|4\n|start\n|switch|p1a: Grimmsnarl|Grimmsnarl, L50, M|100/100\n|switch|p1b: Miraidon|Miraidon, L50|100/100\n|switch|p2a: Tyranitar|Tyranitar, L50, M|100/100\n|switch|p2b: Araquanid|Araquanid, L50, M, shiny|100/100\n|-fieldstart|move: Electric Terrain|[from] ability: Hadron Engine|[of] p1b: Miraidon\n|-weather|Sandstorm|[from] ability: Sand Stream|[of] p2a: Tyranitar\n|turn|1\n|\n|t:|1775644397\n|move|p2b: Araquanid|Protect|p2b: Araquanid\n|-singleturn|p2b: Araquanid|Protect\n|move|p1a: Grimmsnarl|Reflect|p1a: Grimmsnarl\n|-sidestart|p1: migcthi|Reflect\n|move|p1b: Miraidon|Electro Drift|p2b: Araquanid\n|-activate|p2b: Araquanid|move: Protect\n|move|p2a: Tyranitar|Knock Off|p1b: Miraidon\n|-damage|p1b: Miraidon|70/100\n|-enditem|p1b: Miraidon|Choice Specs|[from] move: Knock Off|[of] p2a: Tyranitar\n|\n|-weather|Sandstorm|[upkeep]\n|-damage|p1b: Miraidon|64/100|[from] Sandstorm\n|-damage|p1a: Grimmsnarl|94/100|[from] Sandstorm\n|-damage|p2b: Araquanid|95/100|[from] Sandstorm\n|upkeep\n|turn|2\n|inactive|rkmu has 30 seconds left.\n|\n|t:|1775644425\n|-terastallize|p2b: Araquanid|Grass\n|move|p1b: Miraidon|Electro Drift|p2b: Araquanid\n|-resisted|p2b: Araquanid\n|-damage|p2b: Araquanid|57/100\n|move|p1a: Grimmsnarl|Spirit Break|p2a: Tyranitar\n|-supereffective|p2a: Tyranitar\n|-damage|p2a: Tyranitar|50/100\n|-unboost|p2a: Tyranitar|spa|1\n|move|p2a: Tyranitar|Rock Slide|p1a: Grimmsnarl|[spread] p1a,p1b\n|-damage|p1a: Grimmsnarl|73/100\n|-damage|p1b: Miraidon|44/100\n|move|p2b: Araquanid|Liquidation|p1a: Grimmsnarl\n|-damage|p1a: Grimmsnarl|9/100\n|-damage|p2b: Araquanid|47/100|[from] item: Life Orb\n|\n|-weather|Sandstorm|[upkeep]\n|-damage|p1b: Miraidon|38/100|[from] Sandstorm\n|-damage|p1a: Grimmsnarl|3/100|[from] Sandstorm\n|-damage|p2b: Araquanid|42/100|[from] Sandstorm\n|upkeep\n|turn|3\n|inactive|rkmu has 30 seconds left.\n|\n|t:|1775644452\n|move|p2b: Araquanid|Protect|p2b: Araquanid\n|-singleturn|p2b: Araquanid|Protect\n|move|p1a: Grimmsnarl|Light Screen|p1a: Grimmsnarl\n|-sidestart|p1: migcthi|move: Light Screen\n|move|p1b: Miraidon|Draco Meteor|p2a: Tyranitar|[miss]\n|-miss|p1b: Miraidon|p2a: Tyranitar\n|move|p2a: Tyranitar|Rock Slide|p1b: Miraidon|[spread] p1a,p1b\n|-damage|p1a: Grimmsnarl|0 fnt\n|-damage|p1b: Miraidon|19/100\n|faint|p1a: Grimmsnarl\n|\n|-weather|Sandstorm|[upkeep]\n|-damage|p1b: Miraidon|13/100|[from] Sandstorm\n|-damage|p2b: Araquanid|36/100|[from] Sandstorm\n|upkeep\n|inactive|migcthi has 30 seconds left.\n|\n|t:|1775644485\n|switch|p1a: Calyrex|Calyrex-Ice, L50|100/100\n|-ability|p1a: Calyrex|As One\n|-ability|p1a: Calyrex|Unnerve\n|turn|4\n|inactive|rkmu has 30 seconds left.\n|\n|t:|1775644514\n|move|p2b: Araquanid|Protect|p2b: Araquanid\n|-singleturn|p2b: Araquanid|Protect\n|move|p1b: Miraidon|Draco Meteor|p2a: Tyranitar|[miss]\n|-miss|p1b: Miraidon|p2a: Tyranitar\n|move|p2a: Tyranitar|Knock Off|p1a: Calyrex\n|-supereffective|p1a: Calyrex\n|-damage|p1a: Calyrex|56/100\n|-enditem|p1a: Calyrex|Leftovers|[from] move: Knock Off|[of] p2a: Tyranitar\n|move|p1a: Calyrex|Trick Room|p1a: Calyrex\n|-fieldstart|move: Trick Room|[of] p1a: Calyrex\n|\n|-weather|Sandstorm|[upkeep]\n|-damage|p2b: Araquanid|30/100|[from] Sandstorm\n|-damage|p1a: Calyrex|50/100|[from] Sandstorm\n|-damage|p1b: Miraidon|7/100|[from] Sandstorm\n|upkeep\n|turn|5\n|\n|t:|1775644534\n|move|p2b: Araquanid|Leech Life|p1a: Calyrex\n|-supereffective|p1a: Calyrex\n|-damage|p1a: Calyrex|17/100\n|-heal|p2b: Araquanid|50/100|[from] drain|[of] p1a: Calyrex\n|-damage|p2b: Araquanid|40/100|[from] item: Life Orb\n|move|p1a: Calyrex|Glacial Lance|p2b: Araquanid|[spread] p2a,p2b\n|-supereffective|p2b: Araquanid\n|-damage|p2a: Tyranitar|8/100\n|-damage|p2b: Araquanid|0 fnt\n|faint|p2b: Araquanid\n|-ability|p1a: Calyrex|Chilling Neigh|boost\n|-boost|p1a: Calyrex|atk|1\n|move|p2a: Tyranitar|Rock Slide|p1b: Miraidon|[spread] p1b\n|-miss|p2a: Tyranitar|p1a: Calyrex\n|-crit|p1b: Miraidon\n|-damage|p1b: Miraidon|0 fnt\n|faint|p1b: Miraidon\n|\n|-weather|none\n|-fieldend|move: Electric Terrain\n|upkeep\n|inactive|migcthi has 30 seconds left.\n|inactive|migcthi has 20 seconds left.\n|inactive|migcthi has 15 seconds left.\n|inactive|migcthi has 10 seconds left.\n|inactive|migcthi has 5 seconds left.\n|\n|t:|1775644590\n|switch|p2b: Zamazenta|Zamazenta-Crowned, L50|100/100\n|switch|p1b: Ursaluna|Ursaluna, L50, M|100/100\n|-ability|p2b: Zamazenta|Dauntless Shield|boost\n|-boost|p2b: Zamazenta|def|1\n|turn|6\n|inactive|migcthi has 30 seconds left.\n|inactive|rkmu has 30 seconds left.\n|inactive|rkmu has 20 seconds left.\n|\n|t:|1775644626\n|-terastallize|p1b: Ursaluna|Ghost\n|move|p1a: Calyrex|Glacial Lance|p2b: Zamazenta|[spread] p2a,p2b\n|-resisted|p2b: Zamazenta\n|-damage|p2a: Tyranitar|0 fnt\n|-damage|p2b: Zamazenta|84/100\n|faint|p2a: Tyranitar\n|-ability|p1a: Calyrex|Chilling Neigh|boost\n|-boost|p1a: Calyrex|atk|1\n|move|p1b: Ursaluna|Headlong Rush|p2b: Zamazenta\n|-supereffective|p2b: Zamazenta\n|-damage|p2b: Zamazenta|30/100\n|-unboost|p1b: Ursaluna|def|1\n|-unboost|p1b: Ursaluna|spd|1\n|move|p2b: Zamazenta|Body Press|p1a: Calyrex\n|-damage|p1a: Calyrex|0 fnt\n|faint|p1a: Calyrex\n|\n|-status|p1b: Ursaluna|brn|[from] item: Flame Orb\n|upkeep\n|\n|t:|1775644642\n|switch|p2a: Calyrex|Calyrex-Shadow, L50|100/100\n|-ability|p2a: Calyrex|As One\n|-ability|p2a: Calyrex|Unnerve\n|turn|7\n|\n|t:|1775644664\n|move|p1b: Ursaluna|Crunch|p2a: Calyrex\n|-supereffective|p2a: Calyrex\n|-enditem|p2a: Calyrex|Focus Sash\n|-damage|p2a: Calyrex|1/100\n|move|p2b: Zamazenta|Iron Defense|p2b: Zamazenta\n|-boost|p2b: Zamazenta|def|2\n|move|p2a: Calyrex|Astral Barrage|p1b: Ursaluna\n|-supereffective|p1b: Ursaluna\n|-damage|p1b: Ursaluna|0 fnt\n|faint|p1b: Ursaluna\n|\n|win|rkmu\n|raw|migcthi's rating: 1439 &rarr; <strong>1417</strong><br />(-22 for losing)\n|raw|rkmu's rating: 1402 &rarr; <strong>1424</strong><br />(+22 for winning)\n|l|\u2606migcthi\n|player|p1|\n|l|\u2606rkmu\n|player|p2|\n","uploadtime":1775644821,"views":9,"formatid":"gen9vgc2026regi","rating":1417,"private":0,"password":null}