{"id":"gen9vgc2026regi-2580427209","format":"[Gen 9] VGC 2026 Reg I","players":["ItsLeviosaStpItRon","alexgpapmer"],"log":"|j|\u2606ItsLeviosaStpItRon\n|j|\u2606alexgpapmer\n|t:|1775894868\n|gametype|doubles\n|player|p1|ItsLeviosaStpItRon|dragontamer|1080\n|player|p2|alexgpapmer|flint|1227\n|gen|9\n|tier|[Gen 9] VGC 2026 Reg I\n|rated|\n|rule|Species Clause: Limit one of each Pok\u00e9mon\n|rule|Item Clause: Limit 1 of each item\n|clearpoke\n|poke|p1|Koraidon, L50|\n|poke|p1|Lunala, L50|\n|poke|p1|Brute Bonnet, L50|\n|poke|p1|Ursaluna, L50, M|\n|poke|p1|Chi-Yu, L50|\n|poke|p1|Flutter Mane, L50|\n|poke|p2|Calyrex-Ice, L50|\n|poke|p2|Miraidon, L50|\n|poke|p2|Grimmsnarl, L50, M|\n|poke|p2|Urshifu-*, L50, F|\n|poke|p2|Incineroar, L50, F|\n|poke|p2|Landorus, L50, M|\n|teampreview|4\n|c|\u2606alexgpapmer|Glhf\nItsLeviosaStpItRon has agreed to open team sheets.\n|c|\u2606ItsLeviosaStpItRon|U2\nalexgpapmer has agreed to open team sheets.\n|showteam|p1|Koraidon||LifeOrb|OrichalcumPulse|CloseCombat,FlareBlitz,FlameCharge,Protect||||||50|,,,,,Fire]Lunala||PowerHerb|ShadowShield|MoongeistBeam,MeteorBeam,WideGuard,TrickRoom||||||50|,,,,,Water]Brute Bonnet||SitrusBerry|Protosynthesis|SeedBomb,SuckerPunch,Spore,RagePowder||||||50|,,,,,Water]Ursaluna||FlameOrb|Guts|HeadlongRush,Facade,Earthquake,Protect|||M|||50|,,,,,Ghost]Chi-Yu||ChoiceScarf|BeadsofRuin|DarkPulse,HeatWave,Overheat,Snarl||||||50|,,,,,Ghost]Flutter Mane||FocusSash|Protosynthesis|ShadowBall,Moonblast,IcyWind,Protect||||||50|,,,,,Stellar\n|showteam|p2|Calyrex-Ice||Leftovers|AsOneGlastrier|GlacialLance,LeechSeed,TrickRoom,Protect||||||50|,,,,,Water]Miraidon||ChoiceSpecs|HadronEngine|ElectroDrift,VoltSwitch,DracoMeteor,DazzlingGleam||||||50|,,,,,Fairy]Grimmsnarl||LightClay|Prankster|SpiritBreak,ThunderWave,Reflect,LightScreen|||M|||50|,,,,,Ghost]Urshifu-Rapid-Strike||ChoiceBand|UnseenFist|SurgingStrikes,CloseCombat,Uturn,AquaJet|||F|||50|,,,,,Ghost]Incineroar||AssaultVest|Intimidate|FlareBlitz,KnockOff,Uturn,FakeOut|||F|||50|,,,,,Grass]Landorus||LifeOrb|SheerForce|EarthPower,SludgeBomb,Taunt,Protect|||M|||50|,,,,,Poison\n|\n|t:|1775894906\n|teamsize|p1|4\n|teamsize|p2|4\n|start\n|switch|p1a: It's|Koraidon, L50|100/100\n|switch|p1b: Leviooosa|Chi-Yu, L50|100/100\n|switch|p2a: Incineroar|Incineroar, L50, F|100/100\n|switch|p2b: Calyrex|Calyrex-Ice, L50|100/100\n|-ability|p2b: Calyrex|As One\n|-ability|p2b: Calyrex|Unnerve\n|-ability|p1b: Leviooosa|Beads of Ruin\n|-weather|SunnyDay|[from] ability: Orichalcum Pulse|[of] p1a: It's\n|-activate|p1a: It's|Orichalcum Pulse|[source]\n|-ability|p2a: Incineroar|Intimidate|boost\n|-unboost|p1a: It's|atk|1\n|-unboost|p1b: Leviooosa|atk|1\n|turn|1\n|\n|t:|1775894940\n|switch|p1a: Hahah\u00e1|Ursaluna, L50, M|100/100\n|-terastallize|p2b: Calyrex|Water\n|move|p2a: Incineroar|Fake Out|p1b: Leviooosa\n|-damage|p1b: Leviooosa|84/100\n|cant|p1b: Leviooosa|flinch\n|move|p2b: Calyrex|Glacial Lance|p1a: Hahah\u00e1|[spread] p1a,p1b\n|-supereffective|p1a: Hahah\u00e1\n|-resisted|p1b: Leviooosa\n|-damage|p1a: Hahah\u00e1|19/100\n|-damage|p1b: Leviooosa|41/100\n|\n|-weather|SunnyDay|[upkeep]\n|-status|p1a: Hahah\u00e1|brn|[from] item: Flame Orb\n|upkeep\n|turn|2\n|\n|t:|1775894966\n|switch|p2b: Grimmsnarl|Grimmsnarl, L50, M|100/100\n|move|p1a: Hahah\u00e1|Protect|p1a: Hahah\u00e1\n|-singleturn|p1a: Hahah\u00e1|Protect\n|move|p1b: Leviooosa|Dark Pulse|p2b: Grimmsnarl\n|-resisted|p2b: Grimmsnarl\n|-damage|p2b: Grimmsnarl|87/100\n|move|p2a: Incineroar|Flare Blitz|p1a: Hahah\u00e1\n|-activate|p1a: Hahah\u00e1|move: Protect\n|\n|-weather|SunnyDay|[upkeep]\n|-damage|p1a: Hahah\u00e1|14/100 brn|[from] brn\n|upkeep\n|turn|3\n|\n|t:|1775894985\n|switch|p1b: It's|Koraidon, L50|100/100\n|-activate|p1b: It's|ability: Orichalcum Pulse\n|move|p2b: Grimmsnarl|Light Screen|p2b: Grimmsnarl\n|-sidestart|p2: alexgpapmer|move: Light Screen\n|move|p2a: Incineroar|U-turn|p1a: Hahah\u00e1\n|-damage|p1a: Hahah\u00e1|0 fnt\n|faint|p1a: Hahah\u00e1\n|\n|t:|1775894998\n|switch|p2a: Calyrex|Calyrex-Ice, L50, tera:Water|100/100|[from] U-turn\n|-ability|p2a: Calyrex|As One\n|-ability|p2a: Calyrex|Unnerve\n|\n|-weather|SunnyDay|[upkeep]\n|upkeep\n|\n|t:|1775895006\n|switch|p1a: Not Leviosaaaa|Lunala, L50|100/100\n|turn|4\n|\n|t:|1775895019\n|-terastallize|p1b: It's|Fire\n|move|p2b: Grimmsnarl|Reflect|p2b: Grimmsnarl\n|-sidestart|p2: alexgpapmer|Reflect\n|move|p1b: It's|Close Combat|p2a: Calyrex\n|-damage|p2a: Calyrex|54/100\n|-unboost|p1b: It's|def|1\n|-unboost|p1b: It's|spd|1\n|-damage|p1b: It's|91/100|[from] item: Life Orb\n|move|p1a: Not Leviosaaaa|Meteor Beam||[still]\n|-prepare|p1a: Not Leviosaaaa|Meteor Beam\n|-boost|p1a: Not Leviosaaaa|spa|1\n|-enditem|p1a: Not Leviosaaaa|Power Herb\n|-anim|p1a: Not Leviosaaaa|Meteor Beam|p2a: Calyrex\n|-damage|p2a: Calyrex|25/100\n|move|p2a: Calyrex|Glacial Lance|p1a: Not Leviosaaaa|[spread] p1a,p1b\n|-resisted|p1b: It's\n|-damage|p1a: Not Leviosaaaa|78/100\n|-damage|p1b: It's|54/100\n|\n|-weather|SunnyDay|[upkeep]\n|-heal|p2a: Calyrex|30/100|[from] item: Leftovers\n|upkeep\n|turn|5\n|\n|t:|1775895056\n|move|p2a: Calyrex|Protect|p2a: Calyrex\n|-singleturn|p2a: Calyrex|Protect\n|move|p1a: Not Leviosaaaa|Wide Guard|p1a: Not Leviosaaaa\n|-singleturn|p1a: Not Leviosaaaa|Wide Guard\n|move|p2b: Grimmsnarl|Thunder Wave|p1b: It's\n|-status|p1b: It's|par\n|cant|p1b: It's|par\n|\n|-weather|none\n|-heal|p2a: Calyrex|36/100|[from] item: Leftovers\n|upkeep\n|turn|6\n|\n|t:|1775895076\n|move|p2b: Grimmsnarl|Thunder Wave|p1a: Not Leviosaaaa\n|-status|p1a: Not Leviosaaaa|par\n|move|p1b: It's|Close Combat|p2a: Calyrex\n|-damage|p2a: Calyrex|3/100\n|-unboost|p1b: It's|def|1\n|-unboost|p1b: It's|spd|1\n|-damage|p1b: It's|44/100 par|[from] item: Life Orb\n|move|p2a: Calyrex|Leech Seed|p1a: Not Leviosaaaa\n|-start|p1a: Not Leviosaaaa|move: Leech Seed\n|move|p1a: Not Leviosaaaa|Moongeist Beam|p2b: Grimmsnarl\n|-resisted|p2b: Grimmsnarl\n|-damage|p2b: Grimmsnarl|63/100\n|\n|-heal|p2a: Calyrex|9/100|[from] item: Leftovers\n|-damage|p1a: Not Leviosaaaa|66/100 par|[from] Leech Seed|[of] p2a: Calyrex\n|-heal|p2a: Calyrex|23/100|[silent]\n|upkeep\n|turn|7\n|\n|t:|1775895096\n|switch|p2b: Incineroar|Incineroar, L50, F|100/100\n|-ability|p2b: Incineroar|Intimidate|boost\n|-unboost|p1a: Not Leviosaaaa|atk|1\n|-unboost|p1b: It's|atk|1\n|switch|p1a: Leviooosa|Chi-Yu, L50|41/100\n|-ability|p1a: Leviooosa|Beads of Ruin\n|move|p2a: Calyrex|Protect|p2a: Calyrex\n|-singleturn|p2a: Calyrex|Protect\n|move|p1b: It's|Flare Blitz|p2b: Incineroar\n|-resisted|p2b: Incineroar\n|-damage|p2b: Incineroar|82/100\n|-damage|p1b: It's|37/100 par|[from] Recoil\n|-damage|p1b: It's|28/100 par|[from] item: Life Orb\n|\n|-heal|p2a: Calyrex|29/100|[from] item: Leftovers\n|upkeep\n|turn|8\n|\n|t:|1775895116\n|move|p1a: Leviooosa|Dark Pulse|p2a: Calyrex\n|-damage|p2a: Calyrex|4/100\n|move|p2b: Incineroar|Knock Off|p1b: It's\n|-damage|p1b: It's|0 fnt\n|-enditem|p1b: It's|Life Orb|[from] move: Knock Off|[of] p2b: Incineroar\n|faint|p1b: It's\n|move|p2a: Calyrex|Glacial Lance|p1a: Leviooosa\n|-resisted|p1a: Leviooosa\n|-damage|p1a: Leviooosa|0 fnt\n|faint|p1a: Leviooosa\n|-ability|p2a: Calyrex|Chilling Neigh|boost\n|-boost|p2a: Calyrex|atk|1\n|\n|-heal|p2a: Calyrex|10/100|[from] item: Leftovers\n|upkeep\n|c|\u2606ItsLeviosaStpItRon|Oh well\n|c|\u2606alexgpapmer|Gg wp\n|c|\u2606ItsLeviosaStpItRon|Gg\n|\n|t:|1775895130\n|switch|p1b: Not Leviosaaaa|Lunala, L50|66/100 par\n|turn|9\n|\n|t:|1775895136\n|switch|p2a: Grimmsnarl|Grimmsnarl, L50, M|63/100\n|move|p2b: Incineroar|Knock Off|p1b: Not Leviosaaaa\n|-supereffective|p1b: Not Leviosaaaa\n|-damage|p1b: Not Leviosaaaa|0 fnt\n|faint|p1b: Not Leviosaaaa\n|\n|win|alexgpapmer\n|raw|ItsLeviosaStpItRon's rating: 1080 &rarr; <strong>1067</strong><br />(-13 for losing)\n|raw|alexgpapmer's rating: 1227 &rarr; <strong>1242</strong><br />(+15 for winning)\n","uploadtime":1775895142,"views":14,"formatid":"gen9vgc2026regi","rating":1067,"private":0,"password":null}