{"id":"gen9vgc2026regi-2562521920","format":"[Gen 9] VGC 2026 Reg I","players":["KogaAF1219","Sh1k3"],"log":"|j|\u2606KogaAF1219\n|j|\u2606Sh1k3\n|t:|1773926784\n|gametype|doubles\n|player|p1|KogaAF1219|169|1232\n|player|p2|Sh1k3|169|1174\n|gen|9\n|tier|[Gen 9] VGC 2026 Reg I\n|rated|\n|rule|Species Clause: Limit one of each Pok\u00e9mon\n|rule|Item Clause: Limit 1 of each item\n|clearpoke\n|poke|p1|Kyogre, L50|\n|poke|p1|Illumise, L50, F|\n|poke|p1|Urshifu-*, L50, F|\n|poke|p1|Regieleki, L50|\n|poke|p1|Calyrex-Shadow, L50|\n|poke|p1|Indeedee, L50, M|\n|poke|p2|Flutter Mane, L50|\n|poke|p2|Incineroar, L50, F|\n|poke|p2|Koraidon, L50|\n|poke|p2|Raging Bolt, L50|\n|poke|p2|Ho-Oh, L50|\n|poke|p2|Iron Treads, L50|\n|teampreview|4\n|inactive|Battle timer is ON: inactive players will automatically lose when time's up. (requested by Sh1k3)\nKogaAF1219 has agreed to open team sheets.\n|inactive|Sh1k3 has 60 seconds left.\n|\n|t:|1773926818\n|teamsize|p1|4\n|teamsize|p2|4\n|start\n|switch|p1a: Regieleki|Regieleki, L50|100/100\n|switch|p1b: Indeedee|Indeedee, L50, M|100/100\n|switch|p2a: Raging Bolt|Raging Bolt, L50|100/100\n|switch|p2b: Koraidon|Koraidon, L50|100/100\n|-weather|SunnyDay|[from] ability: Orichalcum Pulse|[of] p2b: Koraidon\n|-activate|p2a: Raging Bolt|ability: Protosynthesis\n|-start|p2a: Raging Bolt|protosynthesisspa\n|-activate|p2b: Koraidon|Orichalcum Pulse|[source]\n|-fieldstart|move: Psychic Terrain|[from] ability: Psychic Surge|[of] p1b: Indeedee\n|turn|1\n|\n|t:|1773926825\n|switch|p2b: Incineroar|Incineroar, L50, F|100/100\n|-ability|p2b: Incineroar|Intimidate|boost\n|-unboost|p1a: Regieleki|atk|1\n|-unboost|p1b: Indeedee|atk|1\n|move|p1a: Regieleki|Electroweb|p2a: Raging Bolt|[spread] p2a,p2b\n|-resisted|p2a: Raging Bolt\n|-damage|p2a: Raging Bolt|97/100\n|-damage|p2b: Incineroar|77/100\n|-unboost|p2a: Raging Bolt|spe|1\n|-unboost|p2b: Incineroar|spe|1\n|move|p1b: Indeedee|Expanding Force|p2b: Incineroar|[spread] p2a\n|-immune|p2b: Incineroar\n|-damage|p2a: Raging Bolt|65/100\n|move|p2a: Raging Bolt|Snarl|p1a: Regieleki|[spread] p1a,p1b\n|-supereffective|p1b: Indeedee\n|-damage|p1a: Regieleki|71/100\n|-damage|p1b: Indeedee|49/100\n|-unboost|p1a: Regieleki|spa|1\n|-unboost|p1b: Indeedee|spa|1\n|\n|-weather|SunnyDay|[upkeep]\n|upkeep\n|turn|2\n|\n|t:|1773926846\n|switch|p1a: Kyogre|Kyogre, L50|100/100\n|-weather|RainDance|[from] ability: Drizzle|[of] p1a: Kyogre\n|-end|p2a: Raging Bolt|Protosynthesis\n|move|p1b: Indeedee|Expanding Force|p2b: Incineroar|[spread] p2a\n|-immune|p2b: Incineroar\n|-damage|p2a: Raging Bolt|45/100\n|move|p2a: Raging Bolt|Snarl|p1a: Kyogre|[spread] p1a,p1b\n|-supereffective|p1b: Indeedee\n|-damage|p1a: Kyogre|89/100\n|-damage|p1b: Indeedee|6/100\n|-unboost|p1a: Kyogre|spa|1\n|-unboost|p1b: Indeedee|spa|1\n|move|p2b: Incineroar|Parting Shot|p1a: Kyogre\n|-unboost|p1a: Kyogre|atk|1\n|-unboost|p1a: Kyogre|spa|1\n|\n|t:|1773926862\n|switch|p2b: Koraidon|Koraidon, L50|100/100|[from] Parting Shot\n|-weather|SunnyDay|[from] ability: Orichalcum Pulse|[of] p2b: Koraidon\n|-activate|p2a: Raging Bolt|ability: Protosynthesis\n|-start|p2a: Raging Bolt|protosynthesisspa\n|-activate|p2b: Koraidon|Orichalcum Pulse|[source]\n|\n|-weather|SunnyDay|[upkeep]\n|upkeep\n|turn|3\n|inactive|Sh1k3 has 30 seconds left.\n|\n|t:|1773926888\n|switch|p1b: Regieleki|Regieleki, L50|71/100\n|move|p1a: Kyogre|Ice Beam|p2a: Raging Bolt\n|-supereffective|p2a: Raging Bolt\n|-damage|p2a: Raging Bolt|26/100\n|move|p2b: Koraidon|Flame Charge|p1b: Regieleki\n|-damage|p1b: Regieleki|14/100\n|-boost|p2b: Koraidon|spe|1\n|move|p2a: Raging Bolt|Thunderbolt|p1a: Kyogre\n|-supereffective|p1a: Kyogre\n|-damage|p1a: Kyogre|0 fnt\n|faint|p1a: Kyogre\n|\n|-weather|SunnyDay|[upkeep]\n|upkeep\n|\n|t:|1773926894\n|switch|p1a: Calyrex|Calyrex-Shadow, L50|100/100\n|-ability|p1a: Calyrex|As One\n|-ability|p1a: Calyrex|Unnerve\n|turn|4\n|inactive|Sh1k3 has 30 seconds left.\n|\n|t:|1773926922\n|-end|p2a: Raging Bolt|Protosynthesis|[silent]\n|switch|p2a: Incineroar|Incineroar, L50, F|77/100\n|-ability|p2a: Incineroar|Intimidate|boost\n|-unboost|p1a: Calyrex|atk|1\n|-unboost|p1b: Regieleki|atk|1\n|move|p2b: Koraidon|Protect|p2b: Koraidon\n|-singleturn|p2b: Koraidon|Protect\n|move|p1a: Calyrex|Protect|p1a: Calyrex\n|-singleturn|p1a: Calyrex|Protect\n|move|p1b: Regieleki|Electroweb|p2b: Koraidon|[spread] p2a\n|-activate|p2b: Koraidon|move: Protect\n|-damage|p2a: Incineroar|51/100\n|-unboost|p2a: Incineroar|spe|1\n|\n|-weather|SunnyDay|[upkeep]\n|upkeep\n|turn|5\n|\n|t:|1773926939\n|switch|p1a: Indeedee|Indeedee, L50, M|6/100\n|-terastallize|p2b: Koraidon|Fire\n|move|p2b: Koraidon|Flare Blitz|p1a: Indeedee\n|-damage|p1a: Indeedee|0 fnt\n|faint|p1a: Indeedee\n|-damage|p2b: Koraidon|99/100|[from] Recoil\n|move|p1b: Regieleki|Thunder Wave|p2b: Koraidon\n|-status|p2b: Koraidon|par\n|move|p2a: Incineroar|Knock Off|p1b: Regieleki\n|-damage|p1b: Regieleki|0 fnt\n|-enditem|p1b: Regieleki|Magnet|[from] move: Knock Off|[of] p2a: Incineroar\n|faint|p1b: Regieleki\n|\n|-weather|SunnyDay|[upkeep]\n|-fieldend|move: Psychic Terrain\n|upkeep\n|\n|t:|1773926946\n|switch|p1b: Calyrex|Calyrex-Shadow, L50|100/100\n|-ability|p1b: Calyrex|As One\n|-ability|p1b: Calyrex|Unnerve\n|turn|6\n|\n|t:|1773926958\n|move|p1b: Calyrex|Protect|p1b: Calyrex\n|-singleturn|p1b: Calyrex|Protect\n|move|p2b: Koraidon|Flare Blitz|p1b: Calyrex\n|-activate|p1b: Calyrex|move: Protect\n|move|p2a: Incineroar|Parting Shot|p1b: Calyrex\n|-activate|p1b: Calyrex|move: Protect\n|\n|-weather|none\n|upkeep\n|turn|7\n|\n|t:|1773926974\n|switch|p2b: Raging Bolt|Raging Bolt, L50|26/100\n|-terastallize|p1b: Calyrex|Ground\n|move|p1b: Calyrex|Tera Blast|p2a: Incineroar|[anim] Tera Blast Ground\n|-supereffective|p2a: Incineroar\n|-damage|p2a: Incineroar|0 fnt\n|faint|p2a: Incineroar\n|-ability|p1b: Calyrex|Grim Neigh|boost\n|-boost|p1b: Calyrex|spa|1\n|-damage|p1b: Calyrex|91/100|[from] item: Life Orb\n|\n|upkeep\n|\n|t:|1773926984\n|switch|p2a: Flutter Mane|Flutter Mane, L50|100/100\n|turn|8\n|\n|t:|1773926990\n|-end|p2b: Raging Bolt|Protosynthesis|[silent]\n|switch|p2b: Koraidon|Koraidon, L50, tera:Fire|99/100 par\n|-weather|SunnyDay|[from] ability: Orichalcum Pulse|[of] p2b: Koraidon\n|-activate|p2a: Flutter Mane|ability: Protosynthesis\n|-start|p2a: Flutter Mane|protosynthesisspe\n|-activate|p2b: Koraidon|Orichalcum Pulse|[source]\n|move|p2a: Flutter Mane|Icy Wind|p1b: Calyrex\n|-supereffective|p1b: Calyrex\n|-damage|p1b: Calyrex|50/100\n|-unboost|p1b: Calyrex|spe|1\n|move|p1b: Calyrex|Astral Barrage|p2a: Flutter Mane|[spread] p2a,p2b\n|-supereffective|p2a: Flutter Mane\n|-enditem|p2a: Flutter Mane|Focus Sash\n|-damage|p2a: Flutter Mane|1/100\n|-damage|p2b: Koraidon|0 fnt\n|faint|p2b: Koraidon\n|-ability|p1b: Calyrex|Grim Neigh|boost\n|-boost|p1b: Calyrex|spa|1\n|-damage|p1b: Calyrex|40/100|[from] item: Life Orb\n|\n|-weather|SunnyDay|[upkeep]\n|upkeep\n|\n|t:|1773926996\n|switch|p2b: Raging Bolt|Raging Bolt, L50|26/100\n|-activate|p2b: Raging Bolt|ability: Protosynthesis\n|-start|p2b: Raging Bolt|protosynthesisspa\n|turn|9\n|\n|t:|1773927002\n|move|p2b: Raging Bolt|Thunderclap|p1b: Calyrex\n|-immune|p1b: Calyrex\n|move|p2a: Flutter Mane|Moonblast|p1b: Calyrex\n|-damage|p1b: Calyrex|0 fnt\n|faint|p1b: Calyrex\n|\n|win|Sh1k3\n|raw|KogaAF1219's rating: 1232 &rarr; <strong>1203</strong><br />(-29 for losing)\n|raw|Sh1k3's rating: 1174 &rarr; <strong>1203</strong><br />(+29 for winning)\n|l|\u2606KogaAF1219\n|player|p1|\n|l|\u2606Sh1k3\n|player|p2|\n","uploadtime":1773927050,"views":12,"formatid":"gen9vgc2026regi","rating":1203,"private":0,"password":null}