{"id":"gen9vgc2026regi-2573793722","format":"[Gen 9] VGC 2026 Reg I","players":["Van Halen Jumpluff","1VLTSQ Joker"],"log":"|raw|<div class=\"broadcast-blue\"><strong>This battle is required to be public due to a player having a name starting with '1vltsq'.</div>\n|j|\u2606Van Halen Jumpluff\n|j|\u26061VLTSQ Joker\n|t:|1775165524\n|gametype|doubles\n|player|p1|Van Halen Jumpluff|drayden|1507\n|player|p2|1VLTSQ Joker|blue|1554\n|gen|9\n|tier|[Gen 9] VGC 2026 Reg I\n|rated|\n|rule|Species Clause: Limit one of each Pok\u00e9mon\n|rule|Item Clause: Limit 1 of each item\n|clearpoke\n|poke|p1|Incineroar, L50, F|\n|poke|p1|Miraidon, L50|\n|poke|p1|Terapagos, L50, M|\n|poke|p1|Iron Treads, L50|\n|poke|p1|Urshifu-*, L50, F|\n|poke|p1|Sinistcha, L50|\n|poke|p2|Calyrex-Ice, L50|\n|poke|p2|Smeargle, L50, F|\n|poke|p2|Kyogre, L50|\n|poke|p2|Maushold, L50|\n|poke|p2|Volcarona, L50, M|\n|poke|p2|Pawmot, L50, F|\n|teampreview|4\n|inactive|Battle timer is ON: inactive players will automatically lose when time's up. (requested by Van Halen Jumpluff)\n|inactive|1VLTSQ Joker has 60 seconds left.\n|\n|t:|1775165582\n|teamsize|p1|4\n|teamsize|p2|4\n|start\n|switch|p1a: Miraidon|Miraidon, L50|100/100\n|switch|p1b: Terapagos|Terapagos, L50, M|100/100\n|switch|p2a: Calyrex|Calyrex-Ice, L50|100/100\n|switch|p2b: Smeargle|Smeargle, L50, F|100/100\n|-activate|p1b: Terapagos|ability: Tera Shift\n|detailschange|p1b: Terapagos|Terapagos-Terastal, L50, M\n|-heal|p1b: Terapagos|100/100|[silent]\n|-ability|p2a: Calyrex|As One\n|-ability|p2a: Calyrex|Unnerve\n|-fieldstart|move: Electric Terrain|[from] ability: Hadron Engine|[of] p1a: Miraidon\n|-enditem|p1b: Terapagos|Electric Seed\n|-boost|p1b: Terapagos|def|1|[from] item: Electric Seed\n|turn|1\n|inactive|Van Halen Jumpluff has 30 seconds left.\n|\n|t:|1775165610\n|switch|p1a: Urshifu|Urshifu-Rapid-Strike, L50, F|100/100\n|-terastallize|p2a: Calyrex|Grass\n|move|p2b: Smeargle|Decorate|p2a: Calyrex\n|-boost|p2a: Calyrex|atk|2\n|-boost|p2a: Calyrex|spa|2\n|move|p1b: Terapagos|Calm Mind|p1b: Terapagos\n|-boost|p1b: Terapagos|spa|1\n|-boost|p1b: Terapagos|spd|1\n|move|p2a: Calyrex|Glacial Lance|p1b: Terapagos|[spread] p1a,p1b\n|-resisted|p1a: Urshifu\n|-activate|p1b: Terapagos|ability: Tera Shell\n|-resisted|p1b: Terapagos\n|-damage|p1a: Urshifu|50/100\n|-damage|p1b: Terapagos|75/100\n|\n|-ability|p2b: Smeargle|Moody|boost\n|-boost|p2b: Smeargle|def|2\n|-unboost|p2b: Smeargle|atk|1\n|upkeep\n|turn|2\n|\n|t:|1775165627\n|move|p1b: Terapagos|Protect|p1b: Terapagos\n|-singleturn|p1b: Terapagos|Protect\n|move|p2b: Smeargle|Follow Me|p2b: Smeargle\n|-singleturn|p2b: Smeargle|move: Follow Me\n|move|p1a: Urshifu|Surging Strikes|p2b: Smeargle\n|-crit|p2b: Smeargle\n|-damage|p2b: Smeargle|34/100\n|-crit|p2b: Smeargle\n|-damage|p2b: Smeargle|0 fnt\n|faint|p2b: Smeargle\n|-hitcount|p2: Smeargle|2\n|move|p2a: Calyrex|Glacial Lance|p1a: Urshifu|[spread] p1a\n|-activate|p1b: Terapagos|move: Protect\n|-resisted|p1a: Urshifu\n|-damage|p1a: Urshifu|0 fnt\n|faint|p1a: Urshifu\n|-ability|p2a: Calyrex|Chilling Neigh|boost\n|-boost|p2a: Calyrex|atk|1\n|\n|upkeep\n|\n|t:|1775165637\n|switch|p2b: Pawmot|Pawmot, L50, F|100/100\n|switch|p1a: Miraidon|Miraidon, L50|100/100\n|-activate|p1a: Miraidon|ability: Hadron Engine\n|turn|3\n|\n|t:|1775165662\n|-terastallize|p1b: Terapagos|Stellar\n|detailschange|p1b: Terapagos|Terapagos-Stellar, L50, M, tera:Stellar\n|-heal|p1b: Terapagos|82/100|[silent]\n|-ability|p1b: Terapagos|Teraform Zero\n|-fieldend|move: Electric Terrain\n|move|p2b: Pawmot|Fake Out|p1b: Terapagos\n|-damage|p1b: Terapagos|78/100\n|move|p1a: Miraidon|Draco Meteor|p2a: Calyrex\n|-damage|p2a: Calyrex|64/100\n|-unboost|p1a: Miraidon|spa|2\n|cant|p1b: Terapagos|flinch\n|move|p2a: Calyrex|Glacial Lance|p1a: Miraidon|[spread] p1a,p1b\n|-supereffective|p1a: Miraidon\n|-damage|p1a: Miraidon|0 fnt\n|-damage|p1b: Terapagos|36/100\n|faint|p1a: Miraidon\n|-ability|p2a: Calyrex|Chilling Neigh|boost\n|-boost|p2a: Calyrex|atk|1\n|\n|upkeep\n|\n|t:|1775165669\n|switch|p1a: Sinistcha|Sinistcha, L50|100/100\n|-heal|p1b: Terapagos|61/100|[from] ability: Hospitality|[of] p1a: Sinistcha\n|turn|4\n|\n|t:|1775165683\n|move|p2b: Pawmot|Nuzzle|p1b: Terapagos\n|-damage|p1b: Terapagos|58/100\n|-status|p1b: Terapagos|par\n|move|p2a: Calyrex|Glacial Lance|p1b: Terapagos|[spread] p1a,p1b\n|-supereffective|p1a: Sinistcha\n|-enditem|p1a: Sinistcha|Focus Sash\n|-damage|p1a: Sinistcha|1/100\n|-damage|p1b: Terapagos|8/100 par\n|move|p1a: Sinistcha|Shadow Ball|p2a: Calyrex\n|-damage|p2a: Calyrex|49/100\n|move|p1b: Terapagos|Tera Starstorm|p2a: Calyrex|[spread] p2a,p2b\n|-supereffective|p2a: Calyrex\n|-damage|p2a: Calyrex|0 fnt\n|-damage|p2b: Pawmot|25/100\n|faint|p2a: Calyrex\n|\n|upkeep\n|\n|t:|1775165691\n|switch|p2a: Kyogre|Kyogre, L50|100/100\n|-weather|RainDance|[from] ability: Drizzle|[of] p2a: Kyogre\n|turn|5\n|-message|Van Halen Jumpluff forfeited.\n|\n|win|1VLTSQ Joker\n|raw|Van Halen Jumpluff's rating: 1507 &rarr; <strong>1490</strong><br />(-17 for losing)\n|raw|1VLTSQ Joker's rating: 1554 &rarr; <strong>1571</strong><br />(+17 for winning)\n|l|\u26061VLTSQ Joker\n|player|p2|\n|l|\u2606Van Halen Jumpluff\n|player|p1|\n","uploadtime":1775165867,"views":11,"formatid":"gen9vgc2026regi","rating":1490,"private":0,"password":null}