{"id":"gen9vgc2026regi-2518451105","format":"[Gen 9] VGC 2026 Reg I","players":["suc vat vk","1zha"],"log":"|j|\u2606suc vat vk\n|j|\u26061zha\n|t:|1768391939\n|gametype|doubles\n|player|p1|suc vat vk|kimonogirl|1306\n|player|p2|1zha|battlegirl-gen4|1385\n|gen|9\n|tier|[Gen 9] VGC 2026 Reg I\n|rated|\n|rule|Species Clause: Limit one of each Pok\u00e9mon\n|rule|Item Clause: Limit 1 of each item\n|clearpoke\n|poke|p1|Miraidon, L50|\n|poke|p1|Farigiraf, L50, M|\n|poke|p1|Incineroar, L50, M|\n|poke|p1|Whimsicott, L50, F|\n|poke|p1|Raging Bolt, L50|\n|poke|p1|Zamazenta-*, L50|\n|poke|p2|Muk-Alola, L50, M|\n|poke|p2|Smeargle, L50, F|\n|poke|p2|Flamigo, L50, M|\n|poke|p2|Calyrex-Shadow, L50|\n|poke|p2|Eternatus, L50|\n|poke|p2|Rillaboom, L50, F|\n|teampreview|4\n|\n|t:|1768391976\n|teamsize|p1|4\n|teamsize|p2|4\n|start\n|switch|p1a: Farigiraf|Farigiraf, L50, M|100/100\n|switch|p1b: Miraidon|Miraidon, L50, shiny|100/100\n|switch|p2a: Smeargle|Smeargle, L50, F|100/100\n|switch|p2b: Muk|Muk-Alola, L50, M|100/100\n|-fieldstart|move: Electric Terrain|[from] ability: Hadron Engine|[of] p1b: Miraidon\n|-enditem|p1a: Farigiraf|Electric Seed\n|-boost|p1a: Farigiraf|def|1|[from] item: Electric Seed\n|turn|1\n|\n|t:|1768392010\n|-terastallize|p1b: Miraidon|Fairy\n|move|p1a: Farigiraf|Helping Hand|p1b: Miraidon\n|-singleturn|p1b: Miraidon|Helping Hand|[of] p1a: Farigiraf\n|move|p2a: Smeargle|Spiky Shield|p2a: Smeargle\n|-singleturn|p2a: Smeargle|move: Protect\n|move|p2b: Muk|Protect|p2b: Muk\n|-singleturn|p2b: Muk|Protect\n|move|p1b: Miraidon|Dazzling Gleam|p2a: Smeargle|[spread] \n|-activate|p2a: Smeargle|move: Protect\n|-activate|p2b: Muk|move: Protect\n|\n|-ability|p2a: Smeargle|Moody|boost\n|-boost|p2a: Smeargle|atk|2\n|-unboost|p2a: Smeargle|def|1\n|upkeep\n|turn|2\n|inactive|Battle timer is ON: inactive players will automatically lose when time's up. (requested by suc vat vk)\n|\n|t:|1768392033\n|switch|p1b: Zamazenta|Zamazenta-Crowned, L50|100/100\n|-ability|p1b: Zamazenta|Dauntless Shield|boost\n|-boost|p1b: Zamazenta|def|1\n|move|p2a: Smeargle|Follow Me|p2a: Smeargle\n|-singleturn|p2a: Smeargle|move: Follow Me\n|move|p2b: Muk|Minimize|p2b: Muk\n|-boost|p2b: Muk|evasion|2\n|move|p1a: Farigiraf|Psychic Noise|p2a: Smeargle\n|-damage|p2a: Smeargle|36/100\n|-start|p2a: Smeargle|move: Heal Block\n|-enditem|p2a: Smeargle|Mental Herb\n|-end|p2a: Smeargle|move: Heal Block\n|\n|-ability|p2a: Smeargle|Moody|boost\n|-boost|p2a: Smeargle|spe|2\n|-unboost|p2a: Smeargle|atk|1\n|upkeep\n|turn|3\n|\n|t:|1768392051\n|move|p2a: Smeargle|Follow Me|p2a: Smeargle\n|-singleturn|p2a: Smeargle|move: Follow Me\n|move|p1b: Zamazenta|Body Press|p2a: Smeargle\n|-supereffective|p2a: Smeargle\n|-damage|p2a: Smeargle|0 fnt\n|faint|p2a: Smeargle\n|-ability|p2b: Muk|Moody|Power of Alchemy|[from] ability: Power of Alchemy|[of] p2a: Smeargle\n|move|p2b: Muk|Minimize|p2b: Muk\n|-boost|p2b: Muk|evasion|2\n|move|p1a: Farigiraf|Foul Play|p2b: Muk|[miss]\n|-miss|p1a: Farigiraf|p2b: Muk\n|\n|-ability|p2b: Muk|Moody|boost\n|-boost|p2b: Muk|spa|2\n|-unboost|p2b: Muk|atk|1\n|upkeep\n|\n|t:|1768392066\n|switch|p2a: Calyrex|Calyrex-Shadow, L50|100/100\n|-ability|p2a: Calyrex|As One\n|-ability|p2a: Calyrex|Unnerve\n|turn|4\n|\n|t:|1768392080\n|move|p2a: Calyrex|Psych Up|p2b: Muk\n|-copyboost|p2a: Calyrex|p2b: Muk|[from] move: Psych Up\n|move|p1b: Zamazenta|Body Press|p2b: Muk\n|-damage|p2b: Muk|45/100\n|move|p2b: Muk|Minimize|p2b: Muk\n|-boost|p2b: Muk|evasion|2\n|move|p1a: Farigiraf|Foul Play|p2a: Calyrex|[miss]\n|-miss|p1a: Farigiraf|p2a: Calyrex\n|\n|-heal|p2b: Muk|51/100|[from] item: Leftovers\n|-ability|p2b: Muk|Moody|boost\n|-boost|p2b: Muk|def|2\n|-unboost|p2b: Muk|spa|1\n|upkeep\n|turn|5\n|inactive|1zha has 30 seconds left.\n|\n|t:|1768392109\n|move|p2a: Calyrex|Protect|p2a: Calyrex\n|-singleturn|p2a: Calyrex|Protect\n|move|p1b: Zamazenta|Protect|p1b: Zamazenta\n|-singleturn|p1b: Zamazenta|Protect\n|move|p2b: Muk|Knock Off|p1a: Farigiraf\n|-supereffective|p1a: Farigiraf\n|-damage|p1a: Farigiraf|81/100\n|move|p1a: Farigiraf|Foul Play|p2a: Calyrex\n|-activate|p2a: Calyrex|move: Protect\n|\n|-heal|p2b: Muk|58/100|[from] item: Leftovers\n|-fieldend|move: Electric Terrain\n|-ability|p2b: Muk|Moody|boost\n|-boost|p2b: Muk|def|2\n|-unboost|p2b: Muk|spd|1\n|upkeep\n|turn|6\n|inactive|suc vat vk has 30 seconds left.\n|\n|t:|1768392137\n|move|p2a: Calyrex|Psych Up|p2b: Muk\n|-copyboost|p2a: Calyrex|p2b: Muk|[from] move: Psych Up\n|move|p1b: Zamazenta|Body Press|p2b: Muk|[miss]\n|-miss|p1b: Zamazenta|p2b: Muk\n|move|p2b: Muk|Poison Gas|p1b: Zamazenta|[spread] p1a,p1b\n|-status|p1a: Farigiraf|psn\n|-immune|p1b: Zamazenta\n|move|p1a: Farigiraf|Foul Play|p2a: Calyrex|[miss]\n|-miss|p1a: Farigiraf|p2a: Calyrex\n|\n|-heal|p2b: Muk|64/100|[from] item: Leftovers\n|-damage|p1a: Farigiraf|69/100 psn|[from] psn\n|-ability|p2b: Muk|Moody|boost\n|-boost|p2b: Muk|def|2\n|-unboost|p2b: Muk|spa|1\n|upkeep\n|turn|7\n|-message|suc vat vk forfeited.\n|\n|win|1zha\n|raw|suc vat vk's rating: 1306 &rarr; <strong>1290</strong><br />(-16 for losing)\n|raw|1zha's rating: 1385 &rarr; <strong>1401</strong><br />(+16 for winning)\n|l|\u2606suc vat vk\n|player|p1|\n|l|\u26061zha\n|player|p2|\n","uploadtime":1768392315,"views":11,"formatid":"gen9vgc2026regi","rating":1290,"private":0,"password":null}