{"id":"gen9vgc2026regi-2543862858","format":"[Gen 9] VGC 2026 Reg I","players":["Cblaine","EllenJoe2026"],"log":"|j|\u2606Cblaine\n|j|\u2606EllenJoe2026\n|t:|1771624016\n|gametype|doubles\n|player|p1|Cblaine|170|1160\n|player|p2|EllenJoe2026|iono|1419\n|gen|9\n|tier|[Gen 9] VGC 2026 Reg I\n|rated|\n|rule|Species Clause: Limit one of each Pok\u00e9mon\n|rule|Item Clause: Limit 1 of each item\n|clearpoke\n|poke|p1|Cresselia, L50, F|\n|poke|p1|Alcremie, L50, F|\n|poke|p1|Porygon2, L50|\n|poke|p1|Ursaluna-Bloodmoon, L50, M|\n|poke|p1|Smeargle, L50, M|\n|poke|p1|Calyrex-Ice, L50|\n|poke|p2|Calyrex-Ice, L50|\n|poke|p2|Miraidon, L50|\n|poke|p2|Tornadus, L50, M|\n|poke|p2|Urshifu-*, L50, F|\n|poke|p2|Volcarona, L50, F|\n|poke|p2|Indeedee-F, L50, F|\n|teampreview|4\n|inactive|Battle timer is ON: inactive players will automatically lose when time's up. (requested by EllenJoe2026)\n|\n|t:|1771624036\n|teamsize|p1|4\n|teamsize|p2|4\n|start\n|switch|p1a: Alcremie|Alcremie, L50, F|100/100\n|switch|p1b: Cresselia|Cresselia, L50, F|100/100\n|switch|p2a: Calyrex|Calyrex-Ice, L50|100/100\n|switch|p2b: Tornadus|Tornadus, L50, M, shiny|100/100\n|-ability|p2a: Calyrex|As One\n|-ability|p2a: Calyrex|Unnerve\n|turn|1\n|\n|t:|1771624058\n|move|p1a: Alcremie|Protect|p1a: Alcremie\n|-singleturn|p1a: Alcremie|Protect\n|move|p2b: Tornadus|Dark Pulse|p1b: Cresselia\n|-supereffective|p1b: Cresselia\n|-damage|p1b: Cresselia|72/100\n|move|p2a: Calyrex|Imprison|p2a: Calyrex\n|-start|p2a: Calyrex|move: Imprison\n|cant|p1b: Cresselia|flinch\n|\n|-heal|p1b: Cresselia|78/100|[from] item: Leftovers\n|upkeep\n|turn|2\n|inactive|Cblaine has 30 seconds left.\n|inactive|Cblaine has 20 seconds left.\n|\n|t:|1771624096\n|switch|p1b: Calyrex|Calyrex-Ice, L50|100/100\n|-ability|p1b: Calyrex|As One\n|-ability|p1b: Calyrex|Unnerve\n|move|p2b: Tornadus|Taunt|p1a: Alcremie\n|-block|p1a: Alcremie|ability: Aroma Veil|[of] p1a: Alcremie\n|move|p2a: Calyrex|Glacial Lance|p1a: Alcremie|[spread] p1a,p1b\n|-resisted|p1b: Calyrex\n|-damage|p1a: Alcremie|30/100\n|-damage|p1b: Calyrex|84/100\n|move|p1a: Alcremie|Decorate|p1b: Calyrex\n|-boost|p1b: Calyrex|atk|2\n|-boost|p1b: Calyrex|spa|2\n|\n|upkeep\n|turn|3\n|inactive|Cblaine has 30 seconds left.\n|\n|t:|1771624125\n|-terastallize|p2a: Calyrex|Grass\n|move|p2b: Tornadus|Dark Pulse|p1b: Calyrex\n|-supereffective|p1b: Calyrex\n|-damage|p1b: Calyrex|44/100\n|-enditem|p1b: Calyrex|Weakness Policy\n|-boost|p1b: Calyrex|atk|2|[from] item: Weakness Policy\n|-boost|p1b: Calyrex|spa|2|[from] item: Weakness Policy\n|move|p2a: Calyrex|Glacial Lance|p1a: Alcremie|[spread] p1a,p1b\n|-resisted|p1b: Calyrex\n|-damage|p1a: Alcremie|0 fnt\n|-damage|p1b: Calyrex|27/100\n|faint|p1a: Alcremie\n|-ability|p2a: Calyrex|Chilling Neigh|boost\n|-boost|p2a: Calyrex|atk|1\n|move|p1b: Calyrex|Pollen Puff|p1: Alcremie|[notarget]\n|-fail|p1b: Calyrex\n|\n|upkeep\n|\n|t:|1771624140\n|switch|p1a: Smeargle|Smeargle, L50, M|100/100\n|turn|4\n|\n|t:|1771624160\n|switch|p2b: Indeedee|Indeedee-F, L50, F, shiny|100/100\n|-fieldstart|move: Psychic Terrain|[from] ability: Psychic Surge|[of] p2b: Indeedee\n|move|p1a: Smeargle|Follow Me|p1a: Smeargle\n|-singleturn|p1a: Smeargle|move: Follow Me\n|move|p2a: Calyrex|Glacial Lance|p1b: Calyrex|[spread] p1a,p1b\n|-resisted|p1b: Calyrex\n|-enditem|p1a: Smeargle|Focus Sash\n|-damage|p1a: Smeargle|1/100\n|-damage|p1b: Calyrex|3/100\n|move|p1b: Calyrex|Pollen Puff|p2a: Calyrex\n|-supereffective|p2a: Calyrex\n|-damage|p2a: Calyrex|13/100\n|\n|-ability|p1a: Smeargle|Moody|boost\n|-boost|p1a: Smeargle|spe|2\n|-unboost|p1a: Smeargle|spd|1\n|upkeep\n|turn|5\n|inactive|Cblaine has 30 seconds left.\n|inactive|EllenJoe2026 has 30 seconds left.\n|\n|t:|1771624194\n|move|p1a: Smeargle|Destiny Bond|p1a: Smeargle\n|-singlemove|p1a: Smeargle|Destiny Bond\n|move|p2a: Calyrex|Glacial Lance|p1a: Smeargle|[spread] p1a,p1b\n|-resisted|p1b: Calyrex\n|-damage|p1a: Smeargle|0 fnt\n|-damage|p1b: Calyrex|0 fnt\n|faint|p1a: Smeargle\n|-activate|p1a: Smeargle|move: Destiny Bond\n|faint|p1b: Calyrex\n|faint|p2a: Calyrex\n|move|p2b: Indeedee|Heal Pulse|p2: Calyrex|[notarget]\n|-fail|p2b: Indeedee\n|\n|upkeep\n|\n|t:|1771624206\n|switch|p2a: Miraidon|Miraidon, L50, shiny|100/100\n|switch|p1b: Cresselia|Cresselia, L50, F|78/100\n|-fieldstart|move: Electric Terrain|[from] ability: Hadron Engine|[of] p2a: Miraidon\n|turn|6\n|\n|t:|1771624214\n|move|p2b: Indeedee|Helping Hand|p2a: Miraidon\n|-singleturn|p2a: Miraidon|Helping Hand|[of] p2b: Indeedee\n|move|p2a: Miraidon|Electro Drift|p1b: Cresselia\n|-damage|p1b: Cresselia|4/100\n|move|p1b: Cresselia|Moonblast|p2a: Miraidon\n|-supereffective|p2a: Miraidon\n|-damage|p2a: Miraidon|69/100\n|\n|-heal|p1b: Cresselia|10/100|[from] item: Leftovers\n|upkeep\n|turn|7\n|\n|t:|1771624225\n|move|p1b: Cresselia|Protect|p1b: Cresselia\n|-singleturn|p1b: Cresselia|Protect\n|move|p2a: Miraidon|Electro Drift|p1b: Cresselia\n|-activate|p1b: Cresselia|move: Protect\n|move|p2b: Indeedee|Shadow Ball|p1b: Cresselia\n|-activate|p1b: Cresselia|move: Protect\n|\n|-heal|p1b: Cresselia|16/100|[from] item: Leftovers\n|upkeep\n|turn|8\n|\n|t:|1771624238\n|switch|p2a: Tornadus|Tornadus, L50, M, shiny|100/100\n|move|p1b: Cresselia|Moonblast|p2a: Tornadus\n|-damage|p2a: Tornadus|75/100\n|move|p2b: Indeedee|Shadow Ball|p1b: Cresselia\n|-supereffective|p1b: Cresselia\n|-damage|p1b: Cresselia|0 fnt\n|faint|p1b: Cresselia\n|\n|win|EllenJoe2026\n|raw|Cblaine's rating: 1160 &rarr; <strong>1151</strong><br />(-9 for losing)\n|raw|EllenJoe2026's rating: 1419 &rarr; <strong>1426</strong><br />(+7 for winning)\n|l|\u2606Cblaine\n|player|p1|\n|l|\u2606EllenJoe2026\n|player|p2|\n","uploadtime":1771624384,"views":12,"formatid":"gen9vgc2026regi","rating":1151,"private":0,"password":null}