{"id":"gen9vgc2026regi-2565225195","format":"[Gen 9] VGC 2026 Reg I","players":["nerd159","terafireflareblitz"],"log":"|j|\u2606nerd159\n|j|\u2606terafireflareblitz\n|t:|1774246998\n|gametype|doubles\n|player|p1|nerd159|169|1567\n|player|p2|terafireflareblitz|sycamore|1567\n|gen|9\n|tier|[Gen 9] VGC 2026 Reg I\n|rated|\n|rule|Species Clause: Limit one of each Pok\u00e9mon\n|rule|Item Clause: Limit 1 of each item\n|clearpoke\n|poke|p1|Zamazenta-*, L50|\n|poke|p1|Calyrex-Shadow, L50|\n|poke|p1|Excadrill, L50, M|\n|poke|p1|Tyranitar, L50, F|\n|poke|p1|Ogerpon-Wellspring, L50, F|\n|poke|p1|Farigiraf, L50, F|\n|poke|p2|Koraidon, L50|\n|poke|p2|Lunala, L50|\n|poke|p2|Indeedee-F, L50, F|\n|poke|p2|Flutter Mane, L50|\n|poke|p2|Volcarona, L50, F|\n|poke|p2|Ursaluna, L50, F|\n|teampreview|4\n|inactive|Battle timer is ON: inactive players will automatically lose when time's up. (requested by terafireflareblitz)\n|\n|t:|1774247008\n|teamsize|p1|4\n|teamsize|p2|4\n|start\n|switch|p1a: Calyrex|Calyrex-Shadow, L50|100/100\n|switch|p1b: Zamazenta|Zamazenta-Crowned, L50|100/100\n|switch|p2a: Lunala|Lunala, L50, shiny|100/100\n|switch|p2b: Indeedee|Indeedee-F, L50, F|100/100\n|-ability|p1a: Calyrex|As One\n|-ability|p1a: Calyrex|Unnerve\n|-ability|p1b: Zamazenta|Dauntless Shield|boost\n|-boost|p1b: Zamazenta|def|1\n|-fieldstart|move: Psychic Terrain|[from] ability: Psychic Surge|[of] p2b: Indeedee\n|turn|1\n|\n|t:|1774247019\n|switch|p1a: Tyranitar|Tyranitar, L50, F|100/100\n|-weather|Sandstorm|[from] ability: Sand Stream|[of] p1a: Tyranitar\n|-terastallize|p2b: Indeedee|Fairy\n|move|p1b: Zamazenta|Body Press|p2b: Indeedee\n|-resisted|p2b: Indeedee\n|-damage|p2b: Indeedee|72/100\n|move|p2a: Lunala|Moongeist Beam|p1a: Tyranitar\n|-resisted|p1a: Tyranitar\n|-damage|p1a: Tyranitar|90/100\n|move|p2b: Indeedee|Trick Room|p2b: Indeedee\n|-fieldstart|move: Trick Room|[of] p2b: Indeedee\n|\n|-weather|Sandstorm|[upkeep]\n|-damage|p2a: Lunala|95/100|[from] Sandstorm\n|upkeep\n|turn|2\n|\n|t:|1774247035\n|move|p2b: Indeedee|Follow Me|p2b: Indeedee\n|-singleturn|p2b: Indeedee|move: Follow Me\n|move|p1a: Tyranitar|Rock Slide|p2b: Indeedee|[spread] p2a,p2b\n|-damage|p2a: Lunala|69/100\n|-damage|p2b: Indeedee|47/100\n|cant|p2a: Lunala|flinch\n|move|p1b: Zamazenta|Heavy Slam|p2b: Indeedee\n|-supereffective|p2b: Indeedee\n|-damage|p2b: Indeedee|0 fnt\n|faint|p2b: Indeedee\n|\n|-weather|Sandstorm|[upkeep]\n|-damage|p2a: Lunala|63/100|[from] Sandstorm\n|upkeep\n|\n|t:|1774247039\n|switch|p2b: Volcarona|Volcarona, L50, F|100/100\n|turn|3\n|\n|t:|1774247045\n|move|p2a: Lunala|Wide Guard|p2a: Lunala\n|-singleturn|p2a: Lunala|Wide Guard\n|move|p1a: Tyranitar|Rock Slide|p2b: Volcarona|[spread] \n|-activate|p2a: Lunala|move: Wide Guard\n|-activate|p2b: Volcarona|move: Wide Guard\n|move|p2b: Volcarona|Will-O-Wisp|p1a: Tyranitar\n|-status|p1a: Tyranitar|brn\n|move|p1b: Zamazenta|Heavy Slam|p2a: Lunala\n|-damage|p2a: Lunala|25/100\n|\n|-weather|Sandstorm|[upkeep]\n|-damage|p2b: Volcarona|94/100|[from] Sandstorm\n|-damage|p2a: Lunala|19/100|[from] Sandstorm\n|-damage|p1a: Tyranitar|84/100 brn|[from] brn\n|upkeep\n|turn|4\n|\n|t:|1774247056\n|move|p1b: Zamazenta|Protect|p1b: Zamazenta\n|-singleturn|p1b: Zamazenta|Protect\n|move|p2b: Volcarona|Rage Powder|p2b: Volcarona\n|-singleturn|p2b: Volcarona|move: Rage Powder\n|move|p1a: Tyranitar|Knock Off|p2b: Volcarona\n|-damage|p2b: Volcarona|71/100\n|-damage|p1a: Tyranitar|67/100 brn|[from] item: Rocky Helmet|[of] p2b: Volcarona\n|-enditem|p2b: Volcarona|Rocky Helmet|[from] move: Knock Off|[of] p1a: Tyranitar\n|move|p2a: Lunala|Expanding Force|p1a: Tyranitar|[spread] \n|-activate|p1b: Zamazenta|move: Protect\n|-immune|p1a: Tyranitar\n|\n|-weather|Sandstorm|[upkeep]\n|-damage|p2b: Volcarona|65/100|[from] Sandstorm\n|-damage|p2a: Lunala|13/100|[from] Sandstorm\n|-damage|p1a: Tyranitar|61/100 brn|[from] brn\n|upkeep\n|turn|5\n|\n|t:|1774247065\n|move|p1b: Zamazenta|Protect|p1b: Zamazenta\n|-singleturn|p1b: Zamazenta|Protect\n|move|p2a: Lunala|Wide Guard|p2a: Lunala\n|-singleturn|p2a: Lunala|Wide Guard\n|move|p1a: Tyranitar|Rock Slide|p2b: Volcarona|[spread] \n|-activate|p2a: Lunala|move: Wide Guard\n|-activate|p2b: Volcarona|move: Wide Guard\n|move|p2b: Volcarona|Will-O-Wisp|p1b: Zamazenta\n|-activate|p1b: Zamazenta|move: Protect\n|\n|-weather|none\n|-damage|p1a: Tyranitar|55/100 brn|[from] brn\n|-fieldend|move: Trick Room\n|-fieldend|move: Psychic Terrain\n|upkeep\n|turn|6\n|\n|t:|1774247075\n|move|p2b: Volcarona|Rage Powder|p2b: Volcarona\n|-singleturn|p2b: Volcarona|move: Rage Powder\n|move|p1b: Zamazenta|Heavy Slam|p2b: Volcarona\n|-resisted|p2b: Volcarona\n|-damage|p2b: Volcarona|40/100\n|move|p2a: Lunala|Meteor Beam||[still]\n|-prepare|p2a: Lunala|Meteor Beam\n|-boost|p2a: Lunala|spa|1\n|-enditem|p2a: Lunala|Power Herb\n|-anim|p2a: Lunala|Meteor Beam|p1a: Tyranitar|[miss]\n|-miss|p2a: Lunala|p1a: Tyranitar\n|move|p1a: Tyranitar|Rock Slide|p2b: Volcarona|[spread] p2a,p2b\n|-supereffective|p2b: Volcarona\n|-damage|p2a: Lunala|2/100\n|-damage|p2b: Volcarona|0 fnt\n|faint|p2b: Volcarona\n|\n|-damage|p1a: Tyranitar|49/100 brn|[from] brn\n|upkeep\n|\n|t:|1774247079\n|switch|p2b: Koraidon|Koraidon, L50, shiny|100/100\n|-weather|SunnyDay|[from] ability: Orichalcum Pulse|[of] p2b: Koraidon\n|-activate|p2b: Koraidon|Orichalcum Pulse|[source]\n|turn|7\n|-message|terafireflareblitz forfeited.\n|\n|win|nerd159\n|raw|nerd159's rating: 1567 &rarr; <strong>1587</strong><br />(+20 for winning)\n|raw|terafireflareblitz's rating: 1567 &rarr; <strong>1547</strong><br />(-20 for losing)\n","uploadtime":1774247082,"views":37,"formatid":"gen9vgc2026regi","rating":1547,"private":0,"password":null}