{"id":"gen9vgc2026regi-2531031033","format":"[Gen 9] VGC 2026 Reg I","players":["lalo's pollos","Like a Fish"],"log":"|j|\u2606lalo's pollos\n|j|\u2606Like a Fish\n|t:|1770001588\n|gametype|doubles\n|player|p1|lalo's pollos|169|1386\n|player|p2|Like a Fish|n|1499\n|gen|9\n|tier|[Gen 9] VGC 2026 Reg I\n|rated|\n|rule|Species Clause: Limit one of each Pok\u00e9mon\n|rule|Item Clause: Limit 1 of each item\n|clearpoke\n|poke|p1|Miraidon, L50|\n|poke|p1|Landorus, L50, M|\n|poke|p1|Incineroar, L50, F|\n|poke|p1|Iron Bundle, L50|\n|poke|p1|Farigiraf, L50, M|\n|poke|p1|Calyrex-Ice, L50|\n|poke|p2|Lunala, L50|\n|poke|p2|Miraidon, L50|\n|poke|p2|Whimsicott, L50, M|\n|poke|p2|Urshifu-*, L50, M|\n|poke|p2|Incineroar, L50, M|\n|poke|p2|Ursaluna, L50, F|\n|teampreview|4\n|inactive|Battle timer is ON: inactive players will automatically lose when time's up. (requested by Like a Fish)\n|\n|t:|1770001606\n|teamsize|p1|4\n|teamsize|p2|4\n|start\n|switch|p1a: Co-Star|Miraidon, L50|100/100\n|switch|p1b: the Manager|Farigiraf, L50, M|100/100\n|switch|p2a: Lunala|Lunala, L50|100/100\n|switch|p2b: Incineroar|Incineroar, L50, M, shiny|100/100\n|-fieldstart|move: Electric Terrain|[from] ability: Hadron Engine|[of] p1a: Co-Star\n|-enditem|p2a: Lunala|Electric Seed\n|-boost|p2a: Lunala|def|1|[from] item: Electric Seed\n|-ability|p2b: Incineroar|Intimidate|boost\n|-unboost|p1a: Co-Star|atk|1\n|-unboost|p1b: the Manager|atk|1\n|turn|1\n|inactive|Like a Fish has 30 seconds left.\n|\n|t:|1770001631\n|move|p1a: Co-Star|Volt Switch|p2a: Lunala\n|-damage|p2a: Lunala|65/100\n|\n|t:|1770001635\n|switch|p1a: Incineroar|Incineroar, L50, F|100/100|[from] Volt Switch\n|-ability|p1a: Incineroar|Intimidate|boost\n|-unboost|p2a: Lunala|atk|1\n|-unboost|p2b: Incineroar|atk|1\n|move|p2b: Incineroar|Knock Off|p1b: the Manager\n|-supereffective|p1b: the Manager\n|-damage|p1b: the Manager|44/100\n|-enditem|p1b: the Manager|Mental Herb|[from] move: Knock Off|[of] p2b: Incineroar\n|move|p1b: the Manager|Foul Play|p2a: Lunala\n|-supereffective|p2a: Lunala\n|-damage|p2a: Lunala|39/100\n|move|p2a: Lunala|Trick Room|p2a: Lunala\n|-fieldstart|move: Trick Room|[of] p2a: Lunala\n|\n|upkeep\n|turn|2\n|inactive|Like a Fish has 30 seconds left.\n|\n|t:|1770001670\n|-terastallize|p2a: Lunala|Fairy\n|move|p1a: Incineroar|U-turn|p2a: Lunala\n|-resisted|p2a: Lunala\n|-damage|p2a: Lunala|33/100\n|\n|t:|1770001674\n|switch|p1a: Co-Star|Miraidon, L50|100/100|[from] U-turn\n|-activate|p1a: Co-Star|ability: Hadron Engine\n|move|p2b: Incineroar|U-turn|p1b: the Manager\n|-supereffective|p1b: the Manager\n|-damage|p1b: the Manager|14/100\n|\n|t:|1770001682\n|switch|p2b: Ursaluna|Ursaluna, L50, F, shiny|100/100|[from] U-turn\n|move|p2a: Lunala|Moonblast|p1b: the Manager\n|-damage|p1b: the Manager|0 fnt\n|faint|p1b: the Manager\n|\n|-status|p2b: Ursaluna|brn|[from] item: Flame Orb\n|upkeep\n|\n|t:|1770001691\n|switch|p1b: Incineroar|Incineroar, L50, F|100/100\n|-ability|p1b: Incineroar|Intimidate|boost\n|-unboost|p2a: Lunala|atk|1\n|-unboost|p2b: Ursaluna|atk|1\n|turn|3\n|\n|t:|1770001714\n|-terastallize|p1a: Co-Star|Fairy\n|move|p1b: Incineroar|Fake Out|p2b: Ursaluna\n|-damage|p2b: Ursaluna|92/100 brn\n|cant|p2b: Ursaluna|flinch\n|move|p2a: Lunala|Moonblast|p1a: Co-Star\n|-damage|p1a: Co-Star|52/100\n|move|p1a: Co-Star|Volt Switch|p2a: Lunala\n|-damage|p2a: Lunala|0 fnt\n|faint|p2a: Lunala\n|\n|t:|1770001724\n|switch|p1a: Calyrex|Calyrex-Ice, L50|100/100|[from] Volt Switch\n|-ability|p1a: Calyrex|As One\n|-ability|p1a: Calyrex|Unnerve\n|\n|-damage|p2b: Ursaluna|86/100 brn|[from] brn\n|upkeep\n|\n|t:|1770001736\n|switch|p2a: Incineroar|Incineroar, L50, M, shiny|100/100\n|-ability|p2a: Incineroar|Intimidate|boost\n|-fail|p1a: Calyrex|unboost|[from] item: Clear Amulet|[of] p1a: Calyrex\n|-unboost|p1b: Incineroar|atk|1\n|turn|4\n|\n|t:|1770001746\n|move|p1a: Calyrex|Protect|p1a: Calyrex\n|-singleturn|p1a: Calyrex|Protect\n|move|p2a: Incineroar|Fake Out|p1a: Calyrex\n|-activate|p1a: Calyrex|move: Protect\n|move|p1b: Incineroar|Knock Off|p2a: Incineroar\n|-resisted|p2a: Incineroar\n|-damage|p2a: Incineroar|90/100\n|-enditem|p2a: Incineroar|Assault Vest|[from] move: Knock Off|[of] p1b: Incineroar\n|move|p2b: Ursaluna|Headlong Rush|p1b: Incineroar\n|-supereffective|p1b: Incineroar\n|-damage|p1b: Incineroar|0 fnt\n|-unboost|p2b: Ursaluna|def|1\n|-unboost|p2b: Ursaluna|spd|1\n|faint|p1b: Incineroar\n|\n|-damage|p2b: Ursaluna|80/100 brn|[from] brn\n|upkeep\n|\n|t:|1770001757\n|switch|p1b: Co-Star|Miraidon, L50, tera:Fairy|52/100\n|-activate|p1b: Co-Star|ability: Hadron Engine\n|turn|5\n|\n|t:|1770001769\n|move|p1a: Calyrex|Glacial Lance|p2b: Ursaluna|[spread] p2a,p2b\n|-resisted|p2a: Incineroar\n|-supereffective|p2b: Ursaluna\n|-damage|p2a: Incineroar|64/100\n|-damage|p2b: Ursaluna|0 fnt\n|faint|p2b: Ursaluna\n|-ability|p1a: Calyrex|Chilling Neigh|boost\n|-boost|p1a: Calyrex|atk|1\n|move|p2a: Incineroar|Knock Off|p1a: Calyrex\n|-supereffective|p1a: Calyrex\n|-damage|p1a: Calyrex|43/100\n|-enditem|p1a: Calyrex|Clear Amulet|[from] move: Knock Off|[of] p2a: Incineroar\n|move|p1b: Co-Star|Electro Drift|p2a: Incineroar\n|-crit|p2a: Incineroar\n|-damage|p2a: Incineroar|0 fnt\n|faint|p2a: Incineroar\n|\n|-fieldend|move: Trick Room\n|-fieldend|move: Electric Terrain\n|upkeep\n|\n|t:|1770001783\n|switch|p2b: Miraidon|Miraidon, L50|100/100\n|-fieldstart|move: Electric Terrain|[from] ability: Hadron Engine|[of] p2b: Miraidon\n|turn|6\n|\n|t:|1770001800\n|move|p1a: Calyrex|Protect|p1a: Calyrex\n|-singleturn|p1a: Calyrex|Protect\n|move|p1b: Co-Star|Electro Drift|p2b: Miraidon\n|-resisted|p2b: Miraidon\n|-damage|p2b: Miraidon|71/100\n|move|p2b: Miraidon|Electro Drift|p1a: Calyrex\n|-activate|p1a: Calyrex|move: Protect\n|\n|upkeep\n|turn|7\n|\n|t:|1770001824\n|move|p1a: Calyrex|Protect||[still]\n|-fail|p1a: Calyrex\n|move|p1b: Co-Star|Electro Drift|p2b: Miraidon\n|-resisted|p2b: Miraidon\n|-damage|p2b: Miraidon|41/100\n|move|p2b: Miraidon|Electro Drift|p1a: Calyrex\n|-damage|p1a: Calyrex|0 fnt\n|faint|p1a: Calyrex\n|-damage|p2b: Miraidon|31/100|[from] item: Life Orb\n|\n|upkeep\n|turn|8\n|\n|t:|1770001835\n|move|p1b: Co-Star|Electro Drift|p2b: Miraidon\n|-resisted|p2b: Miraidon\n|-damage|p2b: Miraidon|0 fnt\n|faint|p2b: Miraidon\n|\n|win|lalo's pollos\n|raw|lalo&apos;s pollos's rating: 1386 &rarr; <strong>1412</strong><br />(+26 for winning)\n|raw|Like a Fish's rating: 1499 &rarr; <strong>1473</strong><br />(-26 for losing)\n|l|\u2606Like a Fish\n|player|p2|\n","uploadtime":1770001868,"views":11,"formatid":"gen9vgc2026regi","rating":1412,"private":0,"password":null}