{"id":"gen9vgc2026regi-2563935152","format":"[Gen 9] VGC 2026 Reg I","players":["granite blast","Jthepoke"],"log":"|j|\u2606granite blast\n|j|\u2606Jthepoke\n|t:|1774087704\n|gametype|doubles\n|player|p1|granite blast|2|1549\n|player|p2|Jthepoke|cyrus|1493\n|gen|9\n|tier|[Gen 9] VGC 2026 Reg I\n|rated|\n|rule|Species Clause: Limit one of each Pok\u00e9mon\n|rule|Item Clause: Limit 1 of each item\n|clearpoke\n|poke|p1|Koraidon, L50|\n|poke|p1|Lunala, L50|\n|poke|p1|Grimmsnarl, L50, M|\n|poke|p1|Ursaluna, L50, M|\n|poke|p1|Ogerpon-Cornerstone, L50, F|\n|poke|p1|Indeedee-F, L50, F|\n|poke|p2|Zacian-*, L50|\n|poke|p2|Lunala, L50|\n|poke|p2|Incineroar, L50, F|\n|poke|p2|Ursaluna, L50, F|\n|poke|p2|Roaring Moon, L50|\n|poke|p2|Ogerpon-Cornerstone, L50, F|\n|teampreview|4\n|inactive|Battle timer is ON: inactive players will automatically lose when time's up. (requested by granite blast)\nJthepoke has agreed to open team sheets.\n|inactive|granite blast has 60 seconds left.\n|inactive|Jthepoke has 60 seconds left.\n|inactive|granite blast has 30 seconds left.\n|\n|t:|1774087769\n|teamsize|p1|4\n|teamsize|p2|4\n|start\n|switch|p1a: Koraidon|Koraidon, L50|100/100\n|switch|p1b: Lunala|Lunala, L50|100/100\n|switch|p2a: Roaring Moon|Roaring Moon, L50|100/100\n|switch|p2b: Lunala|Lunala, L50, shiny|100/100\n|-weather|SunnyDay|[from] ability: Orichalcum Pulse|[of] p1a: Koraidon\n|-activate|p2a: Roaring Moon|ability: Protosynthesis\n|-start|p2a: Roaring Moon|protosynthesisspe\n|-activate|p1a: Koraidon|Orichalcum Pulse|[source]\n|turn|1\n|inactive|Jthepoke has 30 seconds left.\n|inactive|Jthepoke has 20 seconds left.\n|inactive|Jthepoke has 15 seconds left.\n|inactive|Jthepoke has 10 seconds left.\n|inactive|Jthepoke has 5 seconds left.\n|\n|t:|1774087824\n|-terastallize|p1b: Lunala|Water\n|move|p2a: Roaring Moon|Knock Off|p1b: Lunala\n|-damage|p1b: Lunala|81/100\n|-enditem|p1b: Lunala|Power Herb|[from] move: Knock Off|[of] p2a: Roaring Moon\n|move|p1a: Koraidon|U-turn|p2b: Lunala\n|-crit|p2b: Lunala\n|-damage|p2b: Lunala|80/100\n|\n|t:|1774087830\n|switch|p1a: Ursaluna|Ursaluna, L50, M|100/100|[from] U-turn\n|move|p2b: Lunala|Moongeist Beam|p1a: Ursaluna\n|-immune|p1a: Ursaluna\n|move|p1b: Lunala|Trick Room|p1b: Lunala\n|-fieldstart|move: Trick Room|[of] p1b: Lunala\n|\n|-weather|SunnyDay|[upkeep]\n|-status|p1a: Ursaluna|brn|[from] item: Flame Orb\n|upkeep\n|turn|2\n|inactive|Jthepoke has 30 seconds left.\n|inactive|Jthepoke has 20 seconds left.\n|\n|t:|1774087866\n|switch|p2b: Ursaluna|Ursaluna, L50, F|100/100\n|move|p2a: Roaring Moon|Protect|p2a: Roaring Moon\n|-singleturn|p2a: Roaring Moon|Protect\n|move|p1a: Ursaluna|Facade|p2a: Roaring Moon\n|-activate|p2a: Roaring Moon|move: Protect\n|move|p1b: Lunala|Moongeist Beam|p2b: Ursaluna\n|-immune|p2b: Ursaluna\n|\n|-weather|SunnyDay|[upkeep]\n|-damage|p1a: Ursaluna|95/100 brn|[from] brn\n|-status|p2b: Ursaluna|brn|[from] item: Flame Orb\n|upkeep\n|turn|3\n|inactive|granite blast has 30 seconds left.\n|inactive|Jthepoke has 30 seconds left.\n|inactive|granite blast has 20 seconds left.\n|inactive|Jthepoke has 20 seconds left.\n|inactive|granite blast has 15 seconds left.\n|inactive|Jthepoke has 15 seconds left.\n|inactive|granite blast has 10 seconds left.\n|inactive|Jthepoke has 10 seconds left.\n|\n|t:|1774087912\n|move|p1a: Ursaluna|Facade|p2b: Ursaluna\n|-damage|p2b: Ursaluna|0 fnt\n|faint|p2b: Ursaluna\n|move|p1b: Lunala|Expanding Force|p2a: Roaring Moon\n|-immune|p2a: Roaring Moon\n|move|p2a: Roaring Moon|Breaking Swipe|p1b: Lunala|[spread] p1a,p1b\n|-damage|p1a: Ursaluna|78/100 brn\n|-damage|p1b: Lunala|66/100\n|-unboost|p1a: Ursaluna|atk|1\n|-unboost|p1b: Lunala|atk|1\n|\n|-weather|SunnyDay|[upkeep]\n|-damage|p1a: Ursaluna|72/100 brn|[from] brn\n|upkeep\n|\n|t:|1774087921\n|switch|p2b: Lunala|Lunala, L50, shiny|80/100\n|turn|4\n|inactive|Jthepoke has 30 seconds left.\n|\n|t:|1774087947\n|move|p1a: Ursaluna|Facade|p2a: Roaring Moon\n|-damage|p2a: Roaring Moon|10/100\n|move|p1b: Lunala|Moongeist Beam|p2a: Roaring Moon\n|-resisted|p2a: Roaring Moon\n|-damage|p2a: Roaring Moon|0 fnt\n|faint|p2a: Roaring Moon\n|-end|p2a: Roaring Moon|Protosynthesis|[silent]\n|move|p2b: Lunala|Meteor Beam||[still]\n|-prepare|p2b: Lunala|Meteor Beam\n|-boost|p2b: Lunala|spa|1\n|-enditem|p2b: Lunala|Power Herb\n|-anim|p2b: Lunala|Meteor Beam|p1b: Lunala\n|-damage|p1b: Lunala|25/100\n|\n|-weather|SunnyDay|[upkeep]\n|-damage|p1a: Ursaluna|66/100 brn|[from] brn\n|upkeep\n|\n|t:|1774087959\n|switch|p2a: Zacian|Zacian-Crowned, L50|100/100\n|-ability|p2a: Zacian|Intrepid Sword|boost\n|-boost|p2a: Zacian|atk|1\n|turn|5\n|inactive|granite blast has 30 seconds left.\n|inactive|Jthepoke has 30 seconds left.\n|inactive|granite blast has 20 seconds left.\n|inactive|Jthepoke has 20 seconds left.\n|inactive|granite blast has 15 seconds left.\n|\n|t:|1774088002\n|move|p2a: Zacian|Protect|p2a: Zacian\n|-singleturn|p2a: Zacian|Protect\n|move|p1a: Ursaluna|Headlong Rush|p2a: Zacian\n|-activate|p2a: Zacian|move: Protect\n|move|p1b: Lunala|Moongeist Beam|p2b: Lunala\n|-supereffective|p2b: Lunala\n|-damage|p2b: Lunala|0 fnt\n|faint|p2b: Lunala\n|\n|-weather|none\n|-damage|p1a: Ursaluna|60/100 brn|[from] brn\n|-fieldend|move: Trick Room\n|upkeep\n|turn|6\n|inactive|Jthepoke has 30 seconds left.\n|\n|t:|1774088028\n|move|p2a: Zacian|Sacred Sword|p1b: Lunala\n|-damage|p1b: Lunala|0 fnt\n|faint|p1b: Lunala\n|move|p1a: Ursaluna|Headlong Rush|p2a: Zacian\n|-supereffective|p2a: Zacian\n|-damage|p2a: Zacian|0 fnt\n|-unboost|p1a: Ursaluna|def|1\n|-unboost|p1a: Ursaluna|spd|1\n|faint|p2a: Zacian\n|\n|win|granite blast\n|raw|granite blast's rating: 1549 &rarr; <strong>1566</strong><br />(+17 for winning)\n|raw|Jthepoke's rating: 1493 &rarr; <strong>1476</strong><br />(-17 for losing)\n|l|\u2606granite blast\n|player|p1|\n|l|\u2606Jthepoke\n|player|p2|\n","uploadtime":1774088228,"views":19,"formatid":"gen9vgc2026regi","rating":1476,"private":0,"password":null}