{"id":"gen9vgc2026regi-2584849876","format":"[Gen 9] VGC 2026 Reg I","players":["labubumechanics","Mars002"],"log":"|j|\u2606labubumechanics\n|j|\u2606Mars002\n|t:|1776288520\n|gametype|doubles\n|player|p1|labubumechanics|hiker-gen4|1382\n|player|p2|Mars002|169|1546\n|gen|9\n|tier|[Gen 9] VGC 2026 Reg I\n|rated|\n|rule|Species Clause: Limit one of each Pok\u00e9mon\n|rule|Item Clause: Limit 1 of each item\n|clearpoke\n|poke|p1|Sinistcha, L50|\n|poke|p1|Urshifu-*, L50, M|\n|poke|p1|Terapagos, L50, M|\n|poke|p1|Miraidon, L50|\n|poke|p1|Incineroar, L50, F|\n|poke|p1|Iron Treads, L50|\n|poke|p2|Groudon, L50|\n|poke|p2|Calyrex-Ice, L50|\n|poke|p2|Rillaboom, L50, F|\n|poke|p2|Annihilape, L50, M|\n|poke|p2|Walking Wake, L50|\n|poke|p2|Comfey, L50, M|\n|teampreview|4\n|inactive|Battle timer is ON: inactive players will automatically lose when time's up. (requested by Mars002)\n|inactive|labubumechanics has 60 seconds left.\n|\n|t:|1776288552\n|teamsize|p1|4\n|teamsize|p2|4\n|start\n|switch|p1a: Terapagos|Terapagos, L50, M|100/100\n|switch|p1b: Incineroar|Incineroar, L50, F|100/100\n|switch|p2a: Annihilape|Annihilape, L50, M|100/100\n|switch|p2b: Walking Wake|Walking Wake, L50|100/100\n|-activate|p1a: Terapagos|ability: Tera Shift\n|detailschange|p1a: Terapagos|Terapagos-Terastal, L50, M\n|-heal|p1a: Terapagos|100/100|[silent]\n|-ability|p1b: Incineroar|Intimidate|boost\n|-unboost|p2a: Annihilape|atk|1\n|-ability|p2a: Annihilape|Defiant|boost\n|-boost|p2a: Annihilape|atk|2\n|-unboost|p2b: Walking Wake|atk|1\n|turn|1\n|inactive|Mars002 has 30 seconds left.\n|inactive|Mars002 has 20 seconds left.\n|inactive|Mars002 has 15 seconds left.\n|\n|t:|1776288594\n|-terastallize|p2b: Walking Wake|Water\n|move|p1b: Incineroar|Fake Out|p2b: Walking Wake\n|-damage|p2b: Walking Wake|89/100\n|move|p2a: Annihilape|Close Combat|p1b: Incineroar\n|-supereffective|p1b: Incineroar\n|-damage|p1b: Incineroar|0 fnt\n|-unboost|p2a: Annihilape|def|1\n|-unboost|p2a: Annihilape|spd|1\n|faint|p1b: Incineroar\n|cant|p2b: Walking Wake|flinch\n|move|p1a: Terapagos|Calm Mind|p1a: Terapagos\n|-boost|p1a: Terapagos|spa|1\n|-boost|p1a: Terapagos|spd|1\n|\n|upkeep\n|\n|t:|1776288602\n|switch|p1b: Miraidon|Miraidon, L50, shiny|100/100\n|-fieldstart|move: Electric Terrain|[from] ability: Hadron Engine|[of] p1b: Miraidon\n|-enditem|p1a: Terapagos|Electric Seed\n|-boost|p1a: Terapagos|def|1|[from] item: Electric Seed\n|turn|2\n|\n|t:|1776288619\n|switch|p2a: Groudon|Groudon, L50|100/100\n|-weather|SunnyDay|[from] ability: Drought|[of] p2a: Groudon\n|-activate|p2b: Walking Wake|ability: Protosynthesis\n|-start|p2b: Walking Wake|protosynthesisspe\n|-terastallize|p1a: Terapagos|Stellar\n|detailschange|p1a: Terapagos|Terapagos-Stellar, L50, M, tera:Stellar\n|-heal|p1a: Terapagos|100/100|[silent]\n|-ability|p1a: Terapagos|Teraform Zero\n|-weather|none\n|-end|p2b: Walking Wake|Protosynthesis\n|-fieldend|move: Electric Terrain\n|move|p1b: Miraidon|Volt Switch|p2a: Groudon\n|-immune|p2a: Groudon\n|move|p2b: Walking Wake|Hydro Steam|p1a: Terapagos\n|-damage|p1a: Terapagos|68/100\n|move|p1a: Terapagos|Tera Starstorm|p2b: Walking Wake|[spread] p2a,p2b\n|-supereffective|p2b: Walking Wake\n|-damage|p2a: Groudon|74/100\n|-damage|p2b: Walking Wake|0 fnt\n|faint|p2b: Walking Wake\n|-end|p2b: Walking Wake|Protosynthesis|[silent]\n|\n|upkeep\n|\n|t:|1776288643\n|switch|p2b: Calyrex|Calyrex-Ice, L50|100/100\n|-ability|p2b: Calyrex|As One\n|-ability|p2b: Calyrex|Unnerve\n|turn|3\n|\n|t:|1776288649\n|switch|p1b: Urshifu|Urshifu-Rapid-Strike, L50, M|100/100\n|move|p2b: Calyrex|Protect|p2b: Calyrex\n|-singleturn|p2b: Calyrex|Protect\n|move|p1a: Terapagos|Tera Starstorm|p2a: Groudon|[spread] p2a\n|-activate|p2b: Calyrex|move: Protect\n|-damage|p2a: Groudon|47/100\n|move|p2a: Groudon|Precipice Blades|p1b: Urshifu|[spread] p1b\n|-miss|p2a: Groudon|p1a: Terapagos\n|-damage|p1b: Urshifu|45/100\n|\n|upkeep\n|turn|4\n|\n|t:|1776288674\n|switch|p2a: Annihilape|Annihilape, L50, M|100/100\n|move|p1b: Urshifu|Surging Strikes|p2a: Annihilape\n|-crit|p2a: Annihilape\n|-damage|p2a: Annihilape|77/100\n|-crit|p2a: Annihilape\n|-damage|p2a: Annihilape|53/100\n|-crit|p2a: Annihilape\n|-damage|p2a: Annihilape|30/100\n|-hitcount|p2a: Annihilape|3\n|move|p1a: Terapagos|Tera Starstorm|p2a: Annihilape|[spread] p2a,p2b\n|-damage|p2a: Annihilape|0 fnt\n|-damage|p2b: Calyrex|63/100\n|faint|p2a: Annihilape\n|move|p2b: Calyrex|Trick Room|p2b: Calyrex\n|-fieldstart|move: Trick Room|[of] p2b: Calyrex\n|\n|upkeep\n|\n|t:|1776288689\n|switch|p2a: Groudon|Groudon, L50|47/100\n|-weather|SunnyDay|[from] ability: Drought|[of] p2a: Groudon\n|turn|5\n|\n|t:|1776288707\n|move|p1b: Urshifu|Detect|p1b: Urshifu\n|-singleturn|p1b: Urshifu|Protect\n|move|p2b: Calyrex|Glacial Lance|p1b: Urshifu|[spread] p1a\n|-activate|p1b: Urshifu|move: Protect\n|-damage|p1a: Terapagos|48/100\n|move|p2a: Groudon|Precipice Blades|p1a: Terapagos|[spread] p1a\n|-activate|p1b: Urshifu|move: Protect\n|-damage|p1a: Terapagos|30/100\n|move|p1a: Terapagos|Tera Starstorm|p2a: Groudon|[spread] p2a,p2b\n|-damage|p2a: Groudon|17/100\n|-damage|p2b: Calyrex|32/100\n|\n|-weather|SunnyDay|[upkeep]\n|upkeep\n|turn|6\n|inactive|Mars002 has 30 seconds left.\n|\n|t:|1776288736\n|move|p1b: Urshifu|Aqua Jet|p2a: Groudon\n|-supereffective|p2a: Groudon\n|-damage|p2a: Groudon|3/100\n|move|p2b: Calyrex|Glacial Lance|p1a: Terapagos|[spread] p1a,p1b\n|-resisted|p1b: Urshifu\n|-damage|p1a: Terapagos|10/100\n|-damage|p1b: Urshifu|15/100\n|move|p2a: Groudon|Precipice Blades|p1b: Urshifu|[spread] p1b\n|-miss|p2a: Groudon|p1a: Terapagos\n|-damage|p1b: Urshifu|0 fnt\n|faint|p1b: Urshifu\n|move|p1a: Terapagos|Tera Starstorm|p2a: Groudon|[spread] p2a,p2b\n|-damage|p2a: Groudon|0 fnt\n|-damage|p2b: Calyrex|0 fnt\n|faint|p2a: Groudon\n|faint|p2b: Calyrex\n|\n|win|labubumechanics\n|raw|labubumechanics's rating: 1382 &rarr; <strong>1411</strong><br />(+29 for winning)\n|raw|Mars002's rating: 1546 &rarr; <strong>1517</strong><br />(-29 for losing)\n|l|\u2606Mars002\n|player|p2|\n","uploadtime":1776288755,"views":21,"formatid":"gen9vgc2026regi","rating":1411,"private":0,"password":null}