{"id":"gen9vgc2026regi-2559968746","format":"[Gen 9] VGC 2026 Reg I","players":["bullgod4ever","Padhijesp"],"log":"|j|\u2606bullgod4ever\n|j|\u2606Padhijesp\n|t:|1773629770\n|gametype|doubles\n|player|p1|bullgod4ever|170|1408\n|player|p2|Padhijesp|265|1336\n|gen|9\n|tier|[Gen 9] VGC 2026 Reg I\n|rated|\n|rule|Species Clause: Limit one of each Pok\u00e9mon\n|rule|Item Clause: Limit 1 of each item\n|clearpoke\n|poke|p1|Calyrex-Shadow, L50|\n|poke|p1|Zamazenta-*, L50|\n|poke|p1|Chien-Pao, L50|\n|poke|p1|Dragonite, L50, F|\n|poke|p1|Amoonguss, L50, M|\n|poke|p1|Ogerpon-Cornerstone, L50, F|\n|poke|p2|Lunala, L50|\n|poke|p2|Tyranitar, L50, F|\n|poke|p2|Rillaboom, L50, F|\n|poke|p2|Talonflame, L50, F|\n|poke|p2|Lucario, L50, F|\n|poke|p2|Miraidon, L50|\n|teampreview|4\n|\n|t:|1773629804\n|teamsize|p1|4\n|teamsize|p2|4\n|start\n|switch|p1a: Dragonite|Dragonite, L50, F|100/100\n|switch|p1b: Chien-Pao|Chien-Pao, L50|100/100\n|switch|p2a: Miraidon|Miraidon, L50|100/100\n|switch|p2b: Talonflame|Talonflame, L50, F, shiny|100/100\n|-fieldstart|move: Electric Terrain|[from] ability: Hadron Engine|[of] p2a: Miraidon\n|-ability|p1b: Chien-Pao|Sword of Ruin\n|turn|1\n|inactive|Battle timer is ON: inactive players will automatically lose when time's up. (requested by Padhijesp)\n|\n|t:|1773629824\n|-terastallize|p1a: Dragonite|Normal\n|move|p1a: Dragonite|Extreme Speed|p2a: Miraidon\n|-damage|p2a: Miraidon|1/100\n|move|p1b: Chien-Pao|Ice Shard|p2a: Miraidon\n|-supereffective|p2a: Miraidon\n|-damage|p2a: Miraidon|0 fnt\n|faint|p2a: Miraidon\n|move|p2b: Talonflame|Acrobatics|p1b: Chien-Pao\n|-damage|p1b: Chien-Pao|52/100\n|\n|upkeep\n|\n|t:|1773629835\n|switch|p2a: Lunala|Lunala, L50|100/100\n|turn|2\n|\n|t:|1773629845\n|move|p2b: Talonflame|Quick Guard|p2b: Talonflame\n|-singleturn|p2b: Talonflame|Quick Guard\n|move|p1a: Dragonite|Extreme Speed|p2b: Talonflame\n|-activate|p2b: Talonflame|move: Quick Guard\n|move|p1b: Chien-Pao|Ice Shard|p2b: Talonflame\n|-activate|p2b: Talonflame|move: Quick Guard\n|move|p2a: Lunala|Meteor Beam||[still]\n|-prepare|p2a: Lunala|Meteor Beam\n|-boost|p2a: Lunala|spa|1\n|-enditem|p2a: Lunala|Power Herb\n|-anim|p2a: Lunala|Meteor Beam|p1b: Chien-Pao\n|-supereffective|p1b: Chien-Pao\n|-crit|p1b: Chien-Pao\n|-damage|p1b: Chien-Pao|0 fnt\n|faint|p1b: Chien-Pao\n|\n|upkeep\n|\n|t:|1773629862\n|switch|p1b: Calyrex|Calyrex-Shadow, L50|100/100\n|-ability|p1b: Calyrex|As One\n|-ability|p1b: Calyrex|Unnerve\n|turn|3\n|\n|t:|1773629886\n|switch|p1a: Zamazenta|Zamazenta-Crowned, L50|100/100\n|-ability|p1a: Zamazenta|Dauntless Shield|boost\n|-boost|p1a: Zamazenta|def|1\n|-terastallize|p2a: Lunala|Fairy\n|move|p2b: Talonflame|Acrobatics|p1b: Calyrex\n|-damage|p1b: Calyrex|45/100\n|move|p1b: Calyrex|Astral Barrage|p2a: Lunala|[spread] p2a,p2b\n|-damage|p2a: Lunala|78/100\n|-damage|p2b: Talonflame|6/100\n|move|p2a: Lunala|Dazzling Gleam|p1a: Zamazenta|[spread] p1a,p1b\n|-damage|p1a: Zamazenta|63/100\n|-damage|p1b: Calyrex|0 fnt\n|faint|p1b: Calyrex\n|\n|upkeep\n|\n|t:|1773629904\n|switch|p1b: Dragonite|Dragonite, L50, F, tera:Normal|100/100\n|turn|4\n|\n|t:|1773629914\n|move|p1b: Dragonite|Extreme Speed|p2b: Talonflame\n|-damage|p2b: Talonflame|0 fnt\n|faint|p2b: Talonflame\n|move|p1a: Zamazenta|Behemoth Bash|p2a: Lunala\n|-supereffective|p2a: Lunala\n|-damage|p2a: Lunala|10/100\n|move|p2a: Lunala|Moongeist Beam|p1a: Zamazenta\n|-damage|p1a: Zamazenta|2/100\n|\n|upkeep\n|\n|t:|1773629916\n|switch|p2b: Rillaboom|Rillaboom, L50, F|100/100\n|-fieldstart|move: Grassy Terrain|[from] ability: Grassy Surge|[of] p2b: Rillaboom\n|turn|5\n|\n|t:|1773629932\n|move|p1a: Zamazenta|Protect|p1a: Zamazenta\n|-singleturn|p1a: Zamazenta|Protect\n|move|p2b: Rillaboom|Fake Out|p1a: Zamazenta\n|-activate|p1a: Zamazenta|move: Protect\n|move|p1b: Dragonite|Extreme Speed|p2a: Lunala\n|-damage|p2a: Lunala|0 fnt\n|faint|p2a: Lunala\n|\n|-heal|p1a: Zamazenta|8/100|[from] Grassy Terrain\n|upkeep\n|turn|6\n|-message|Padhijesp forfeited.\n|\n|win|bullgod4ever\n|raw|bullgod4ever's rating: 1408 &rarr; <strong>1424</strong><br />(+16 for winning)\n|raw|Padhijesp's rating: 1336 &rarr; <strong>1320</strong><br />(-16 for losing)\n|l|\u2606Padhijesp\n|player|p2|\n|l|\u2606bullgod4ever\n|player|p1|\n","uploadtime":1773630096,"views":10,"formatid":"gen9vgc2026regi","rating":1320,"private":0,"password":null}