{"id":"gen9vgc2026regi-2565241358","format":"[Gen 9] VGC 2026 Reg I","players":["conniecut","clefci"],"log":"|j|\u2606conniecut\n|j|\u2606clefci\n|t:|1774250078\n|gametype|doubles\n|player|p1|conniecut|lady|1277\n|player|p2|clefci|265|1301\n|gen|9\n|tier|[Gen 9] VGC 2026 Reg I\n|rated|\n|rule|Species Clause: Limit one of each Pok\u00e9mon\n|rule|Item Clause: Limit 1 of each item\n|clearpoke\n|poke|p1|Calyrex-Ice, L50|\n|poke|p1|Sentret, L50, F|\n|poke|p1|Ho-Oh, L50|\n|poke|p1|Ursaluna-Bloodmoon, L50, M|\n|poke|p1|Amoonguss, L50, F|\n|poke|p1|Urshifu-*, L50, M|\n|poke|p2|Kyogre, L50|\n|poke|p2|Groudon, L50|\n|poke|p2|Wo-Chien, L50|\n|poke|p2|Urshifu-*, L50, M|\n|poke|p2|Shiftry, L50, F|\n|poke|p2|Raging Bolt, L50|\n|teampreview|4\n|inactive|Battle timer is ON: inactive players will automatically lose when time's up. (requested by clefci)\n|inactive|clefci has 60 seconds left.\n|\n|t:|1774250124\n|teamsize|p1|4\n|teamsize|p2|4\n|start\n|switch|p1a: Calyrex|Calyrex-Ice, L50|100/100\n|switch|p1b: Sentret|Sentret, L50, F|100/100\n|switch|p2a: Groudon|Groudon, L50|100/100\n|switch|p2b: Shiftry|Shiftry, L50, F|100/100\n|-ability|p1a: Calyrex|As One\n|-ability|p1a: Calyrex|Unnerve\n|-weather|SunnyDay|[from] ability: Drought|[of] p2a: Groudon\n|-item|p2a: Groudon|Wide Lens|[from] ability: Frisk|[of] p1b: Sentret\n|-item|p2b: Shiftry|Focus Sash|[from] ability: Frisk|[of] p1b: Sentret\n|turn|1\n|\n|t:|1774250135\n|move|p2b: Shiftry|Fake Out|p1b: Sentret\n|-damage|p1b: Sentret|70/100\n|cant|p1b: Sentret|flinch\n|move|p2a: Groudon|Will-O-Wisp|p1a: Calyrex\n|-status|p1a: Calyrex|brn\n|move|p1a: Calyrex|Trick Room|p1a: Calyrex\n|-fieldstart|move: Trick Room|[of] p1a: Calyrex\n|\n|-weather|SunnyDay|[upkeep]\n|-damage|p1a: Calyrex|94/100 brn|[from] brn\n|upkeep\n|turn|2\n|\n|t:|1774250156\n|switch|p2b: Wo-Chien|Wo-Chien, L50|100/100\n|-ability|p2b: Wo-Chien|Tablets of Ruin\n|move|p1b: Sentret|Endeavor|p2a: Groudon\n|-damage|p2a: Groudon|38/100\n|move|p1a: Calyrex|Glacial Lance|p2a: Groudon|[spread] p2a,p2b\n|-supereffective|p2a: Groudon\n|-crit|p2a: Groudon\n|-supereffective|p2b: Wo-Chien\n|-damage|p2a: Groudon|0 fnt\n|-damage|p2b: Wo-Chien|58/100\n|faint|p2a: Groudon\n|-ability|p1a: Calyrex|Chilling Neigh|boost\n|-boost|p1a: Calyrex|atk|1\n|\n|-weather|SunnyDay|[upkeep]\n|-heal|p2b: Wo-Chien|64/100|[from] item: Leftovers\n|-damage|p1a: Calyrex|88/100 brn|[from] brn\n|upkeep\n|\n|t:|1774250170\n|switch|p2a: Kyogre|Kyogre, L50|100/100\n|-weather|RainDance|[from] ability: Drizzle|[of] p2a: Kyogre\n|turn|3\n|\n|t:|1774250190\n|-terastallize|p2b: Wo-Chien|Fairy\n|move|p1b: Sentret|Endeavor|p2a: Kyogre\n|-damage|p2a: Kyogre|38/100\n|move|p1a: Calyrex|Glacial Lance|p2a: Kyogre|[spread] p2a,p2b\n|-resisted|p2a: Kyogre\n|-damage|p2a: Kyogre|21/100\n|-damage|p2b: Wo-Chien|33/100\n|move|p2a: Kyogre|Origin Pulse|p1a: Calyrex|[spread] p1a,p1b\n|-damage|p1a: Calyrex|43/100 brn\n|-damage|p1b: Sentret|0 fnt\n|faint|p1b: Sentret\n|move|p2b: Wo-Chien|Pollen Puff|p2a: Kyogre\n|-heal|p2a: Kyogre|71/100\n|\n|-weather|RainDance|[upkeep]\n|-heal|p2b: Wo-Chien|40/100|[from] item: Leftovers\n|-damage|p1a: Calyrex|37/100 brn|[from] brn\n|upkeep\n|\n|t:|1774250205\n|switch|p1b: Amoonguss|Amoonguss, L50, F|100/100\n|turn|4\n|\n|t:|1774250216\n|switch|p2a: Shiftry|Shiftry, L50, F|100/100\n|move|p1a: Calyrex|Protect|p1a: Calyrex\n|-singleturn|p1a: Calyrex|Protect\n|move|p1b: Amoonguss|Spore|p2b: Wo-Chien\n|-status|p2b: Wo-Chien|slp|[from] move: Spore\n|cant|p2b: Wo-Chien|slp\n|\n|-weather|RainDance|[upkeep]\n|-heal|p2b: Wo-Chien|46/100 slp|[from] item: Leftovers\n|-damage|p1a: Calyrex|31/100 brn|[from] brn\n|upkeep\n|turn|5\n|\n|t:|1774250236\n|move|p1a: Calyrex|Protect||[still]\n|-fail|p1a: Calyrex\n|move|p2a: Shiftry|Fake Out|p1a: Calyrex\n|-damage|p1a: Calyrex|27/100 brn\n|move|p1b: Amoonguss|Pollen Puff|p2a: Shiftry\n|-supereffective|p2a: Shiftry\n|-crit|p2a: Shiftry\n|-enditem|p2a: Shiftry|Focus Sash\n|-damage|p2a: Shiftry|1/100\n|cant|p2b: Wo-Chien|slp\n|\n|-weather|RainDance|[upkeep]\n|-heal|p2b: Wo-Chien|52/100 slp|[from] item: Leftovers\n|-damage|p1a: Calyrex|21/100 brn|[from] brn\n|-fieldend|move: Trick Room\n|upkeep\n|turn|6\n|inactive|conniecut has 30 seconds left.\n|\n|t:|1774250264\n|switch|p1a: Ho-Oh|Ho-Oh, L50|100/100\n|move|p2a: Shiftry|Snarl|p1a: Ho-Oh|[spread] p1a,p1b\n|-damage|p1a: Ho-Oh|90/100\n|-damage|p1b: Amoonguss|86/100\n|-unboost|p1b: Amoonguss|spa|1\n|-curestatus|p2b: Wo-Chien|slp|[msg]\n|move|p2b: Wo-Chien|Pollen Puff|p1a: Ho-Oh\n|-resisted|p1a: Ho-Oh\n|-damage|p1a: Ho-Oh|87/100\n|move|p1b: Amoonguss|Pollen Puff|p2a: Shiftry\n|-supereffective|p2a: Shiftry\n|-damage|p2a: Shiftry|0 fnt\n|faint|p2a: Shiftry\n|\n|-weather|RainDance|[upkeep]\n|-heal|p2b: Wo-Chien|58/100|[from] item: Leftovers\n|upkeep\n|\n|t:|1774250275\n|switch|p2a: Kyogre|Kyogre, L50|71/100\n|turn|7\n|inactive|clefci has 30 seconds left.\n|\n|t:|1774250301\n|-terastallize|p1a: Ho-Oh|Grass\n|move|p1a: Ho-Oh|Brave Bird|p2a: Kyogre\n|-damage|p2a: Kyogre|30/100\n|-damage|p1a: Ho-Oh|74/100|[from] Recoil\n|move|p2b: Wo-Chien|Leech Seed|p1a: Ho-Oh\n|-immune|p1a: Ho-Oh\n|move|p2a: Kyogre|Origin Pulse|p1a: Ho-Oh|[spread] p1a,p1b\n|-resisted|p1a: Ho-Oh\n|-crit|p1a: Ho-Oh\n|-resisted|p1b: Amoonguss\n|-damage|p1a: Ho-Oh|42/100\n|-damage|p1b: Amoonguss|59/100\n|move|p1b: Amoonguss|Spore|p2a: Kyogre\n|-status|p2a: Kyogre|slp|[from] move: Spore\n|\n|-weather|none\n|-heal|p2b: Wo-Chien|65/100|[from] item: Leftovers\n|upkeep\n|turn|8\n|-message|clefci forfeited.\n|\n|win|conniecut\n|raw|conniecut's rating: 1277 &rarr; <strong>1304</strong><br />(+27 for winning)\n|raw|clefci's rating: 1301 &rarr; <strong>1280</strong><br />(-21 for losing)\n|l|\u2606clefci\n|player|p2|\n|l|\u2606conniecut\n|player|p1|\n","uploadtime":1774250483,"views":11,"formatid":"gen9vgc2026regi","rating":1280,"private":0,"password":null}