{"id":"gen9vgc2026regi-2577126009","format":"[Gen 9] VGC 2026 Reg I","players":["bishmii","Kwiper"],"log":"|j|\u2606bishmii\n|j|\u2606Kwiper\n|t:|1775541136\n|gametype|doubles\n|player|p1|bishmii|2|1506\n|player|p2|Kwiper|sycamore|1591\n|gen|9\n|tier|[Gen 9] VGC 2026 Reg I\n|rated|\n|rule|Species Clause: Limit one of each Pok\u00e9mon\n|rule|Item Clause: Limit 1 of each item\n|clearpoke\n|poke|p1|Whimsicott, L50, F|\n|poke|p1|Calyrex-Shadow, L50|\n|poke|p1|Miraidon, L50|\n|poke|p1|Iron Hands, L50|\n|poke|p1|Chi-Yu, L50|\n|poke|p1|Farigiraf, L50, F|\n|poke|p2|Koraidon, L50|\n|poke|p2|Lunala, L50|\n|poke|p2|Indeedee-F, L50, F|\n|poke|p2|Flutter Mane, L50|\n|poke|p2|Volcarona, L50, F|\n|poke|p2|Ursaluna, L50, M|\n|teampreview|4\n|inactive|Battle timer is ON: inactive players will automatically lose when time's up. (requested by Kwiper)\n|inactive|bishmii also wants the timer to be on.\n|inactive|Kwiper has 60 seconds left.\n|\n|t:|1775541181\n|teamsize|p1|4\n|teamsize|p2|4\n|start\n|switch|p1a: Whimsicott|Whimsicott, L50, F|100/100\n|switch|p1b: Calyrex|Calyrex-Shadow, L50|100/100\n|switch|p2a: Koraidon|Koraidon, L50, shiny|100/100\n|switch|p2b: Flutter Mane|Flutter Mane, L50|100/100\n|-ability|p1b: Calyrex|As One\n|-ability|p1b: Calyrex|Unnerve\n|-weather|SunnyDay|[from] ability: Orichalcum Pulse|[of] p2a: Koraidon\n|-activate|p2b: Flutter Mane|ability: Protosynthesis\n|-start|p2b: Flutter Mane|protosynthesisspe\n|-activate|p2a: Koraidon|Orichalcum Pulse|[source]\n|turn|1\n|\n|t:|1775541201\n|switch|p2a: Indeedee|Indeedee-F, L50, F|100/100\n|-fieldstart|move: Psychic Terrain|[from] ability: Psychic Surge|[of] p2a: Indeedee\n|-terastallize|p2b: Flutter Mane|Normal\n|move|p1a: Whimsicott|Tailwind|p1a: Whimsicott\n|-sidestart|p1: bishmii|move: Tailwind\n|move|p1b: Calyrex|Astral Barrage|p2b: Flutter Mane|[spread] \n|-immune|p2a: Indeedee\n|-immune|p2b: Flutter Mane\n|move|p2b: Flutter Mane|Icy Wind|p1a: Whimsicott|[spread] p1a,p1b\n|-supereffective|p1a: Whimsicott\n|-damage|p1a: Whimsicott|65/100\n|-damage|p1b: Calyrex|86/100\n|-unboost|p1b: Calyrex|spe|1\n|\n|-weather|SunnyDay|[upkeep]\n|upkeep\n|turn|2\n|inactive|bishmii has 30 seconds left.\n|inactive|bishmii has 20 seconds left.\n|inactive|bishmii has 15 seconds left.\n|inactive|bishmii has 10 seconds left.\n|inactive|bishmii has 5 seconds left.\n|\n|t:|1775541253\n|switch|p1a: Iron Hands|Iron Hands, L50|100/100\n|switch|p1b: Miraidon|Miraidon, L50|100/100\n|-fieldstart|move: Electric Terrain|[from] ability: Hadron Engine|[of] p1b: Miraidon\n|-activate|p1a: Iron Hands|ability: Quark Drive\n|-start|p1a: Iron Hands|quarkdriveatk\n|move|p2a: Indeedee|Helping Hand|p2b: Flutter Mane\n|-singleturn|p2b: Flutter Mane|Helping Hand|[of] p2a: Indeedee\n|move|p2b: Flutter Mane|Moonblast|p1a: Iron Hands\n|-supereffective|p1a: Iron Hands\n|-damage|p1a: Iron Hands|28/100\n|-unboost|p1a: Iron Hands|spa|1\n|\n|-weather|SunnyDay|[upkeep]\n|upkeep\n|turn|3\n|inactive|bishmii has 30 seconds left.\n|\n|t:|1775541286\n|move|p2a: Indeedee|Follow Me|p2a: Indeedee\n|-singleturn|p2a: Indeedee|move: Follow Me\n|move|p1b: Miraidon|Volt Switch|p2a: Indeedee\n|-damage|p2a: Indeedee|5/100\n|\n|t:|1775541292\n|switch|p1b: Calyrex|Calyrex-Shadow, L50|86/100|[from] Volt Switch\n|-ability|p1b: Calyrex|As One\n|-ability|p1b: Calyrex|Unnerve\n|move|p2b: Flutter Mane|Moonblast|p1a: Iron Hands\n|-supereffective|p1a: Iron Hands\n|-damage|p1a: Iron Hands|0 fnt\n|faint|p1a: Iron Hands\n|-end|p1a: Iron Hands|Quark Drive|[silent]\n|\n|-weather|SunnyDay|[upkeep]\n|upkeep\n|\n|t:|1775541303\n|switch|p1a: Miraidon|Miraidon, L50|100/100\n|-activate|p1a: Miraidon|ability: Hadron Engine\n|turn|4\n|\n|t:|1775541314\n|switch|p1b: Whimsicott|Whimsicott, L50, F|65/100\n|switch|p2a: Lunala|Lunala, L50, shiny|100/100\n|-terastallize|p1a: Miraidon|Fairy\n|move|p2b: Flutter Mane|Protect|p2b: Flutter Mane\n|-singleturn|p2b: Flutter Mane|Protect\n|move|p1a: Miraidon|Dazzling Gleam|p2a: Lunala|[spread] p2a\n|-activate|p2b: Flutter Mane|move: Protect\n|-damage|p2a: Lunala|75/100\n|\n|-weather|SunnyDay|[upkeep]\n|-sideend|p1: bishmii|move: Tailwind\n|upkeep\n|turn|5\n|\n|t:|1775541335\n|-end|p2b: Flutter Mane|Protosynthesis|[silent]\n|switch|p2b: Indeedee|Indeedee-F, L50, F|5/100\n|-fieldstart|move: Psychic Terrain|[from] ability: Psychic Surge|[of] p2b: Indeedee\n|move|p1b: Whimsicott|Tailwind|p1b: Whimsicott\n|-sidestart|p1: bishmii|move: Tailwind\n|move|p1a: Miraidon|Dazzling Gleam|p2b: Indeedee|[spread] p2a,p2b\n|-damage|p2a: Lunala|38/100\n|-damage|p2b: Indeedee|0 fnt\n|faint|p2b: Indeedee\n|move|p2a: Lunala|Expanding Force|p1a: Miraidon|[spread] p1a,p1b\n|-damage|p1a: Miraidon|40/100\n|-damage|p1b: Whimsicott|0 fnt\n|faint|p1b: Whimsicott\n|\n|-weather|none\n|upkeep\n|\n|t:|1775541347\n|switch|p1b: Calyrex|Calyrex-Shadow, L50|86/100\n|switch|p2b: Flutter Mane|Flutter Mane, L50, tera:Normal|100/100\n|-ability|p1b: Calyrex|As One\n|-ability|p1b: Calyrex|Unnerve\n|turn|6\n|\n|t:|1775541360\n|move|p2a: Lunala|Wide Guard|p2a: Lunala\n|-singleturn|p2a: Lunala|Wide Guard\n|move|p1b: Calyrex|Psychic|p2a: Lunala\n|-resisted|p2a: Lunala\n|-crit|p2a: Lunala\n|-damage|p2a: Lunala|0 fnt\n|faint|p2a: Lunala\n|-ability|p1b: Calyrex|Grim Neigh|boost\n|-boost|p1b: Calyrex|spa|1\n|move|p1a: Miraidon|Dazzling Gleam|p2b: Flutter Mane\n|-activate|p2b: Flutter Mane|move: Wide Guard\n|move|p2b: Flutter Mane|Shadow Ball|p1b: Calyrex\n|-supereffective|p1b: Calyrex\n|-damage|p1b: Calyrex|0 fnt\n|faint|p1b: Calyrex\n|\n|upkeep\n|\n|t:|1775541364\n|switch|p2a: Koraidon|Koraidon, L50, shiny|100/100\n|-weather|SunnyDay|[from] ability: Orichalcum Pulse|[of] p2a: Koraidon\n|-activate|p2b: Flutter Mane|ability: Protosynthesis\n|-start|p2b: Flutter Mane|protosynthesisspe\n|-activate|p2a: Koraidon|Orichalcum Pulse|[source]\n|turn|7\n|\n|t:|1775541371\n|move|p2a: Koraidon|Protect|p2a: Koraidon\n|-singleturn|p2a: Koraidon|Protect\n|move|p1a: Miraidon|Dazzling Gleam|p2a: Koraidon|[spread] p2b\n|-activate|p2a: Koraidon|move: Protect\n|-damage|p2b: Flutter Mane|41/100\n|move|p2b: Flutter Mane|Icy Wind|p1a: Miraidon\n|-damage|p1a: Miraidon|22/100\n|-unboost|p1a: Miraidon|spe|1\n|\n|-weather|SunnyDay|[upkeep]\n|upkeep\n|turn|8\n|\n|t:|1775541377\n|move|p2b: Flutter Mane|Moonblast|p1a: Miraidon\n|-damage|p1a: Miraidon|0 fnt\n|faint|p1a: Miraidon\n|\n|win|Kwiper\n|raw|bishmii's rating: 1506 &rarr; <strong>1491</strong><br />(-15 for losing)\n|raw|Kwiper's rating: 1591 &rarr; <strong>1606</strong><br />(+15 for winning)\n","uploadtime":1775541378,"views":13,"formatid":"gen9vgc2026regi","rating":1491,"private":0,"password":null}