{"id":"gen9vgc2026regi-2573789394","format":"[Gen 9] VGC 2026 Reg I","players":["OvLSora","Snowsquall brute"],"log":"|j|\u2606OvLSora\n|j|\u2606Snowsquall brute\n|t:|1775165135\n|gametype|doubles\n|player|p1|OvLSora|acetrainer|1471\n|player|p2|Snowsquall brute|veteran|1485\n|gen|9\n|tier|[Gen 9] VGC 2026 Reg I\n|rated|\n|rule|Species Clause: Limit one of each Pok\u00e9mon\n|rule|Item Clause: Limit 1 of each item\n|clearpoke\n|poke|p1|Miraidon, L50|\n|poke|p1|Lunala, L50|\n|poke|p1|Ursaluna, L50, F|\n|poke|p1|Amoonguss, L50, M|\n|poke|p1|Grimmsnarl, L50, M|\n|poke|p1|Incineroar, L50, F|\n|poke|p2|Miraidon, L50|\n|poke|p2|Landorus-Therian, L50, M|\n|poke|p2|Kyogre, L50|\n|poke|p2|Iron Crown, L50|\n|teampreview|4\n|\n|t:|1775165161\n|teamsize|p1|4\n|teamsize|p2|4\n|start\n|switch|p1a: Miraidon|Miraidon, L50|100/100\n|switch|p1b: Grimmsnarl|Grimmsnarl, L50, M|100/100\n|switch|p2a: Miraidon|Miraidon, L50|100/100\n|switch|p2b: Landorus|Landorus-Therian, L50, M|100/100\n|-fieldstart|move: Electric Terrain|[from] ability: Hadron Engine|[of] p1a: Miraidon\n|-enditem|p2a: Miraidon|Electric Seed\n|-boost|p2a: Miraidon|def|1|[from] item: Electric Seed\n|-activate|p2a: Miraidon|ability: Hadron Engine\n|-ability|p2b: Landorus|Intimidate|boost\n|-unboost|p1a: Miraidon|atk|1\n|-unboost|p1b: Grimmsnarl|atk|1\n|turn|1\n|\n|t:|1775165181\n|-terastallize|p2a: Miraidon|Electric\n|move|p1b: Grimmsnarl|Light Screen|p1b: Grimmsnarl\n|-sidestart|p1: OvLSora|move: Light Screen\n|move|p1a: Miraidon|Volt Switch|p2a: Miraidon\n|-resisted|p2a: Miraidon\n|-damage|p2a: Miraidon|77/100\n|\n|t:|1775165190\n|switch|p1a: Ursaluna|Ursaluna, L50, F|100/100|[from] Volt Switch\n|move|p2a: Miraidon|Parabolic Charge|p1b: Grimmsnarl|[spread] p1b\n|-immune|p2b: Landorus\n|-immune|p1a: Ursaluna\n|-crit|p1b: Grimmsnarl\n|-damage|p1b: Grimmsnarl|31/100\n|-heal|p2a: Miraidon|100/100|[from] drain|[of] p1b: Grimmsnarl\n|move|p2b: Landorus|Stomping Tantrum|p1a: Ursaluna\n|-damage|p1a: Ursaluna|68/100\n|\n|-status|p1a: Ursaluna|brn|[from] item: Flame Orb\n|upkeep\n|turn|2\n|\n|t:|1775165203\n|move|p1b: Grimmsnarl|Reflect|p1b: Grimmsnarl\n|-sidestart|p1: OvLSora|Reflect\n|move|p2a: Miraidon|Dragon Pulse|p1a: Ursaluna\n|-damage|p1a: Ursaluna|36/100 brn\n|move|p2b: Landorus|Stomping Tantrum|p1a: Ursaluna\n|-damage|p1a: Ursaluna|14/100 brn\n|move|p1a: Ursaluna|Facade|p2b: Landorus\n|-damage|p2b: Landorus|0 fnt\n|faint|p2b: Landorus\n|\n|-damage|p1a: Ursaluna|9/100 brn|[from] brn\n|upkeep\n|\n|t:|1775165219\n|switch|p2b: Iron Crown|Iron Crown, L50|100/100\n|-activate|p2b: Iron Crown|ability: Quark Drive\n|-start|p2b: Iron Crown|quarkdrivespd\n|turn|3\n|\n|t:|1775165225\n|move|p1b: Grimmsnarl|Thunder Wave|p2b: Iron Crown|[miss]\n|-miss|p1b: Grimmsnarl|p2b: Iron Crown\n|move|p2a: Miraidon|Dragon Pulse|p1a: Ursaluna\n|-damage|p1a: Ursaluna|0 fnt\n|faint|p1a: Ursaluna\n|move|p2b: Iron Crown|Tachyon Cutter|p1b: Grimmsnarl\n|-supereffective|p1b: Grimmsnarl\n|-damage|p1b: Grimmsnarl|7/100\n|-supereffective|p1b: Grimmsnarl\n|-damage|p1b: Grimmsnarl|0 fnt\n|faint|p1b: Grimmsnarl\n|-hitcount|p1: Grimmsnarl|2\n|\n|upkeep\n|\n|t:|1775165230\n|switch|p1b: Miraidon|Miraidon, L50|100/100\n|switch|p1a: Lunala|Lunala, L50|100/100\n|-activate|p1b: Miraidon|ability: Hadron Engine\n|-enditem|p1a: Lunala|Electric Seed\n|-boost|p1a: Lunala|def|1|[from] item: Electric Seed\n|turn|4\n|\n|t:|1775165239\n|-terastallize|p1b: Miraidon|Electric\n|move|p2a: Miraidon|Protect|p2a: Miraidon\n|-singleturn|p2a: Miraidon|Protect\n|move|p2b: Iron Crown|Protect|p2b: Iron Crown\n|-singleturn|p2b: Iron Crown|Protect\n|move|p1a: Lunala|Wide Guard|p1a: Lunala\n|-singleturn|p1a: Lunala|Wide Guard\n|move|p1b: Miraidon|Snarl|p2b: Iron Crown|[spread] \n|-activate|p2a: Miraidon|move: Protect\n|-activate|p2b: Iron Crown|move: Protect\n|\n|upkeep\n|turn|5\n|\n|t:|1775165248\n|move|p1a: Lunala|Wide Guard|p1a: Lunala\n|-singleturn|p1a: Lunala|Wide Guard\n|move|p1b: Miraidon|Snarl|p2a: Miraidon|[spread] p2a,p2b\n|-crit|p2a: Miraidon\n|-supereffective|p2b: Iron Crown\n|-damage|p2a: Miraidon|82/100\n|-damage|p2b: Iron Crown|78/100\n|-unboost|p2a: Miraidon|spa|1\n|-unboost|p2b: Iron Crown|spa|1\n|move|p2a: Miraidon|Calm Mind|p2a: Miraidon\n|-boost|p2a: Miraidon|spa|1\n|-boost|p2a: Miraidon|spd|1\n|move|p2b: Iron Crown|Future Sight|p1b: Miraidon\n|-start|p2b: Iron Crown|move: Future Sight\n|\n|-fieldend|move: Electric Terrain\n|-end|p2b: Iron Crown|Quark Drive\n|upkeep\n|turn|6\n|\n|t:|1775165263\n|move|p2b: Iron Crown|Protect|p2b: Iron Crown\n|-singleturn|p2b: Iron Crown|Protect\n|move|p1b: Miraidon|Snarl|p2a: Miraidon|[spread] p2a\n|-activate|p2b: Iron Crown|move: Protect\n|-damage|p2a: Miraidon|75/100\n|-unboost|p2a: Miraidon|spa|1\n|move|p2a: Miraidon|Calm Mind|p2a: Miraidon\n|-boost|p2a: Miraidon|spa|1\n|-boost|p2a: Miraidon|spd|1\n|move|p1a: Lunala|Moongeist Beam|p2b: Iron Crown\n|-activate|p2b: Iron Crown|move: Protect\n|\n|upkeep\n|turn|7\n|\n|t:|1775165277\n|move|p1a: Lunala|Wide Guard|p1a: Lunala\n|-singleturn|p1a: Lunala|Wide Guard\n|move|p1b: Miraidon|Snarl|p2b: Iron Crown|[spread] p2a,p2b\n|-supereffective|p2b: Iron Crown\n|-damage|p2a: Miraidon|69/100\n|-damage|p2b: Iron Crown|55/100\n|-unboost|p2a: Miraidon|spa|1\n|-unboost|p2b: Iron Crown|spa|1\n|move|p2a: Miraidon|Dragon Pulse|p1b: Miraidon\n|-damage|p1b: Miraidon|90/100\n|move|p2b: Iron Crown|Psychic|p1b: Miraidon\n|-damage|p1b: Miraidon|83/100\n|\n|-end|p1b: Miraidon|move: Future Sight\n|-damage|p1b: Miraidon|74/100\n|upkeep\n|turn|8\n|\n|t:|1775165296\n|move|p2b: Iron Crown|Protect|p2b: Iron Crown\n|-singleturn|p2b: Iron Crown|Protect\n|move|p1b: Miraidon|Snarl|p2b: Iron Crown|[spread] p2a\n|-activate|p2b: Iron Crown|move: Protect\n|-damage|p2a: Miraidon|65/100\n|-unboost|p2a: Miraidon|spa|1\n|move|p2a: Miraidon|Dragon Pulse|p1b: Miraidon\n|-crit|p1b: Miraidon\n|-damage|p1b: Miraidon|44/100\n|move|p1a: Lunala|Moongeist Beam|p2b: Iron Crown\n|-activate|p2b: Iron Crown|move: Protect\n|\n|-sideend|p1: OvLSora|move: Light Screen\n|upkeep\n|turn|9\n|\n|t:|1775165327\n|move|p1b: Miraidon|Snarl|p2b: Iron Crown|[spread] p2a,p2b\n|-supereffective|p2b: Iron Crown\n|-damage|p2a: Miraidon|60/100\n|-damage|p2b: Iron Crown|32/100\n|-unboost|p2a: Miraidon|spa|1\n|-unboost|p2b: Iron Crown|spa|1\n|move|p2a: Miraidon|Dragon Pulse|p1b: Miraidon\n|-damage|p1b: Miraidon|34/100\n|move|p1a: Lunala|Moongeist Beam|p2b: Iron Crown\n|-supereffective|p2b: Iron Crown\n|-damage|p2b: Iron Crown|0 fnt\n|faint|p2b: Iron Crown\n|-end|p2b: Iron Crown|Quark Drive|[silent]\n|\n|-sideend|p1: OvLSora|Reflect\n|upkeep\n|\n|t:|1775165329\n|switch|p2b: Kyogre|Kyogre, L50|100/100\n|-weather|RainDance|[from] ability: Drizzle|[of] p2b: Kyogre\n|turn|10\n|\n|t:|1775165349\n|move|p2b: Kyogre|Protect|p2b: Kyogre\n|-singleturn|p2b: Kyogre|Protect\n|move|p1b: Miraidon|Electro Drift|p2b: Kyogre\n|-activate|p2b: Kyogre|move: Protect\n|move|p2a: Miraidon|Dragon Pulse|p1b: Miraidon\n|-damage|p1b: Miraidon|26/100\n|move|p1a: Lunala|Moongeist Beam|p2b: Kyogre\n|-activate|p2b: Kyogre|move: Protect\n|\n|-weather|RainDance|[upkeep]\n|upkeep\n|turn|11\n|\n|t:|1775165356\n|move|p2b: Kyogre|Protect|p2b: Kyogre\n|-singleturn|p2b: Kyogre|Protect\n|move|p1a: Lunala|Wide Guard|p1a: Lunala\n|-singleturn|p1a: Lunala|Wide Guard\n|move|p1b: Miraidon|Electro Drift|p2b: Kyogre\n|-activate|p2b: Kyogre|move: Protect\n|move|p2a: Miraidon|Dragon Pulse|p1b: Miraidon\n|-damage|p1b: Miraidon|18/100\n|\n|-weather|RainDance|[upkeep]\n|upkeep\n|turn|12\n|\n|t:|1775165365\n|move|p1b: Miraidon|Electro Drift|p2b: Kyogre\n|-supereffective|p2b: Kyogre\n|-crit|p2b: Kyogre\n|-damage|p2b: Kyogre|0 fnt\n|faint|p2b: Kyogre\n|move|p2a: Miraidon|Dragon Pulse|p1b: Miraidon\n|-damage|p1b: Miraidon|9/100\n|move|p1a: Lunala|Moongeist Beam|p2a: Miraidon\n|-damage|p2a: Miraidon|40/100\n|\n|-weather|RainDance|[upkeep]\n|upkeep\n|turn|13\n|\n|t:|1775165383\n|move|p2a: Miraidon|Protect|p2a: Miraidon\n|-singleturn|p2a: Miraidon|Protect\n|move|p1b: Miraidon|Snarl|p2a: Miraidon\n|-activate|p2a: Miraidon|move: Protect\n|move|p1a: Lunala|Trick Room|p1a: Lunala\n|-fieldstart|move: Trick Room|[of] p1a: Lunala\n|\n|-weather|RainDance|[upkeep]\n|upkeep\n|turn|14\n|\n|t:|1775165389\n|move|p1a: Lunala|Moongeist Beam|p2a: Miraidon\n|-damage|p2a: Miraidon|23/100\n|move|p2a: Miraidon|Dragon Pulse|p1b: Miraidon\n|-damage|p1b: Miraidon|0 fnt\n|faint|p1b: Miraidon\n|\n|-weather|none\n|upkeep\n|turn|15\n|\n|t:|1775165396\n|move|p2a: Miraidon|Protect|p2a: Miraidon\n|-singleturn|p2a: Miraidon|Protect\n|move|p1a: Lunala|Moongeist Beam|p2a: Miraidon\n|-activate|p2a: Miraidon|move: Protect\n|\n|upkeep\n|turn|16\n|\n|t:|1775165401\n|move|p1a: Lunala|Moongeist Beam|p2a: Miraidon\n|-damage|p2a: Miraidon|5/100\n|move|p2a: Miraidon|Parabolic Charge|p1a: Lunala\n|-damage|p1a: Lunala|95/100\n|-heal|p2a: Miraidon|9/100|[from] drain|[of] p1a: Lunala\n|\n|upkeep\n|turn|17\n|\n|t:|1775165405\n|move|p2a: Miraidon|Protect|p2a: Miraidon\n|-singleturn|p2a: Miraidon|Protect\n|move|p1a: Lunala|Moonblast|p2a: Miraidon\n|-activate|p2a: Miraidon|move: Protect\n|\n|-fieldend|move: Trick Room\n|upkeep\n|turn|18\n|\n|t:|1775165409\n|move|p2a: Miraidon|Parabolic Charge|p1a: Lunala\n|-damage|p1a: Lunala|83/100\n|-heal|p2a: Miraidon|15/100|[from] drain|[of] p1a: Lunala\n|move|p1a: Lunala|Moonblast|p2a: Miraidon\n|-damage|p2a: Miraidon|4/100\n|\n|upkeep\n|turn|19\n|\n|t:|1775165413\n|move|p2a: Miraidon|Parabolic Charge|p1a: Lunala\n|-damage|p1a: Lunala|73/100\n|-heal|p2a: Miraidon|10/100|[from] drain|[of] p1a: Lunala\n|move|p1a: Lunala|Moonblast|p2a: Miraidon\n|-damage|p2a: Miraidon|0 fnt\n|faint|p2a: Miraidon\n|\n|win|OvLSora\n|raw|OvLSora's rating: 1471 &rarr; <strong>1492</strong><br />(+21 for winning)\n|raw|Snowsquall brute's rating: 1485 &rarr; <strong>1464</strong><br />(-21 for losing)\n|l|\u2606Snowsquall brute\n|player|p2|\n|l|\u2606OvLSora\n|player|p1|\n","uploadtime":1775165590,"views":11,"formatid":"gen9vgc2026regi","rating":1464,"private":0,"password":null}