{"id":"gen9vgc2026regi-2556750957","format":"[Gen 9] VGC 2026 Reg I","players":["becomingother","xiaoliyunVGC"],"log":"|j|\u2606becomingother\n|j|\u2606xiaoliyunVGC\n|t:|1773245706\n|gametype|doubles\n|player|p1|becomingother|101|1340\n|player|p2|xiaoliyunVGC|liko|1391\n|gen|9\n|tier|[Gen 9] VGC 2026 Reg I\n|rated|\n|rule|Species Clause: Limit one of each Pok\u00e9mon\n|rule|Item Clause: Limit 1 of each item\n|clearpoke\n|poke|p1|Koraidon, L50|\n|poke|p1|Ogerpon, L50, F|\n|poke|p1|Flutter Mane, L50|\n|poke|p1|Whimsicott, L50, F|\n|poke|p1|Farigiraf, L50, M|\n|poke|p1|Calyrex-Shadow, L50|\n|poke|p2|Zamazenta-*, L50|\n|poke|p2|Kyogre, L50|\n|poke|p2|Raichu, L50, F|\n|poke|p2|Flutter Mane, L50|\n|poke|p2|Tornadus, L50, M|\n|poke|p2|Urshifu-*, L50, M|\n|teampreview|4\n|inactive|Battle timer is ON: inactive players will automatically lose when time's up. (requested by becomingother)\n|inactive|xiaoliyunVGC also wants the timer to be on.\n|\n|t:|1773245726\n|teamsize|p1|4\n|teamsize|p2|4\n|start\n|switch|p1a: Koraidon|Koraidon, L50|100/100\n|switch|p1b: Whimsicott|Whimsicott, L50, F|100/100\n|switch|p2a: Tornadus|Tornadus, L50, M, shiny|100/100\n|switch|p2b: Flutter Mane|Flutter Mane, L50, shiny|100/100\n|-weather|SunnyDay|[from] ability: Orichalcum Pulse|[of] p1a: Koraidon\n|-activate|p2b: Flutter Mane|ability: Protosynthesis\n|-start|p2b: Flutter Mane|protosynthesisspe\n|-activate|p1a: Koraidon|Orichalcum Pulse|[source]\n|turn|1\n|\n|t:|1773245747\n|-terastallize|p1a: Koraidon|Fire\n|move|p1b: Whimsicott|Tailwind|p1b: Whimsicott\n|-sidestart|p1: becomingother|move: Tailwind\n|move|p2a: Tornadus|Rain Dance|p2a: Tornadus\n|-weather|RainDance\n|-end|p2b: Flutter Mane|Protosynthesis\n|-enditem|p2b: Flutter Mane|Booster Energy\n|-activate|p2b: Flutter Mane|ability: Protosynthesis|[fromitem]\n|-start|p2b: Flutter Mane|protosynthesisspe\n|move|p1a: Koraidon|Flare Blitz|p2b: Flutter Mane\n|-damage|p2b: Flutter Mane|2/100\n|-damage|p1a: Koraidon|75/100|[from] Recoil\n|move|p2b: Flutter Mane|Taunt|p1b: Whimsicott\n|-start|p1b: Whimsicott|move: Taunt\n|\n|-weather|RainDance|[upkeep]\n|upkeep\n|turn|2\n|\n|t:|1773245768\n|switch|p1a: Calyrex|Calyrex-Shadow, L50|100/100\n|-ability|p1a: Calyrex|As One\n|-ability|p1a: Calyrex|Unnerve\n|move|p2b: Flutter Mane|Protect|p2b: Flutter Mane\n|-singleturn|p2b: Flutter Mane|Protect\n|move|p1b: Whimsicott|Moonblast|p2b: Flutter Mane\n|-activate|p2b: Flutter Mane|move: Protect\n|move|p2a: Tornadus|Hurricane|p1a: Calyrex\n|-damage|p1a: Calyrex|58/100\n|-start|p1a: Calyrex|confusion\n|\n|-weather|RainDance|[upkeep]\n|upkeep\n|turn|3\n|\n|t:|1773245791\n|switch|p1b: Koraidon|Koraidon, L50, tera:Fire|75/100\n|-weather|SunnyDay|[from] ability: Orichalcum Pulse|[of] p1b: Koraidon\n|-activate|p1b: Koraidon|Orichalcum Pulse|[source]\n|move|p2a: Tornadus|Tailwind|p2a: Tornadus\n|-sidestart|p2: xiaoliyunVGC|move: Tailwind\n|move|p2b: Flutter Mane|Moonblast|p1a: Calyrex\n|-damage|p1a: Calyrex|19/100\n|-unboost|p1a: Calyrex|spa|1\n|-activate|p1a: Calyrex|confusion\n|-damage|p1a: Calyrex|12/100|[from] confusion\n|\n|-weather|SunnyDay|[upkeep]\n|upkeep\n|turn|4\n|inactive|becomingother has 30 seconds left.\n|\n|t:|1773245819\n|switch|p1a: Whimsicott|Whimsicott, L50, F|100/100\n|move|p2a: Tornadus|Rain Dance|p2a: Tornadus\n|-weather|RainDance\n|move|p2b: Flutter Mane|Icy Wind|p1b: Koraidon|[spread] p1a,p1b\n|-supereffective|p1a: Whimsicott\n|-resisted|p1b: Koraidon\n|-damage|p1a: Whimsicott|61/100\n|-damage|p1b: Koraidon|68/100\n|-unboost|p1a: Whimsicott|spe|1\n|-unboost|p1b: Koraidon|spe|1\n|move|p1b: Koraidon|Outrage|p2a: Tornadus\n|-damage|p2a: Tornadus|0 fnt\n|faint|p2a: Tornadus\n|\n|-weather|RainDance|[upkeep]\n|-sideend|p1: becomingother|move: Tailwind\n|upkeep\n|\n|t:|1773245832\n|switch|p2a: Kyogre|Kyogre, L50, shiny|100/100\n|turn|5\n|inactive|becomingother has 30 seconds left.\n|\n|t:|1773245863\n|move|p1a: Whimsicott|Sunny Day|p1a: Whimsicott\n|-weather|SunnyDay\n|move|p2b: Flutter Mane|Icy Wind|p1b: Koraidon|[spread] p1a\n|-miss|p2b: Flutter Mane|p1b: Koraidon\n|-supereffective|p1a: Whimsicott\n|-damage|p1a: Whimsicott|24/100\n|-unboost|p1a: Whimsicott|spe|1\n|move|p2a: Kyogre|Water Spout|p1b: Koraidon|[spread] p1a,p1b\n|-resisted|p1a: Whimsicott\n|-supereffective|p1b: Koraidon\n|-damage|p1a: Whimsicott|3/100\n|-damage|p1b: Koraidon|2/100\n|move|p1b: Koraidon|Outrage|p2b: Flutter Mane|[from] lockedmove\n|-immune|p2b: Flutter Mane\n|-start|p1b: Koraidon|confusion|[fatigue]\n|\n|-weather|SunnyDay|[upkeep]\n|upkeep\n|turn|6\n|\n|t:|1773245886\n|switch|p1b: Ogerpon|Ogerpon, L50, F|100/100\n|move|p2b: Flutter Mane|Protect|p2b: Flutter Mane\n|-singleturn|p2b: Flutter Mane|Protect\n|move|p1a: Whimsicott|Tailwind|p1a: Whimsicott\n|-sidestart|p1: becomingother|move: Tailwind\n|move|p2a: Kyogre|Water Spout|p1b: Ogerpon|[spread] p1a,p1b\n|-resisted|p1a: Whimsicott\n|-resisted|p1b: Ogerpon\n|-crit|p1b: Ogerpon\n|-damage|p1a: Whimsicott|0 fnt\n|-damage|p1b: Ogerpon|74/100\n|faint|p1a: Whimsicott\n|\n|-weather|SunnyDay|[upkeep]\n|-sideend|p2: xiaoliyunVGC|move: Tailwind\n|upkeep\n|\n|t:|1773245903\n|switch|p1a: Calyrex|Calyrex-Shadow, L50|12/100\n|-ability|p1a: Calyrex|As One\n|-ability|p1a: Calyrex|Unnerve\n|turn|7\n|\n|t:|1773245920\n|switch|p2a: Zamazenta|Zamazenta-Crowned, L50, shiny|100/100\n|-ability|p2a: Zamazenta|Dauntless Shield|boost\n|-boost|p2a: Zamazenta|def|1\n|-terastallize|p2b: Flutter Mane|Normal\n|move|p1a: Calyrex|Astral Barrage|p2a: Zamazenta|[spread] p2a\n|-immune|p2b: Flutter Mane\n|-damage|p2a: Zamazenta|63/100\n|move|p1b: Ogerpon|Ivy Cudgel|p2a: Zamazenta\n|-resisted|p2a: Zamazenta\n|-damage|p2a: Zamazenta|53/100\n|move|p2b: Flutter Mane|Moonblast|p1a: Calyrex\n|-damage|p1a: Calyrex|0 fnt\n|faint|p1a: Calyrex\n|\n|-weather|SunnyDay|[upkeep]\n|upkeep\n|\n|t:|1773245926\n|switch|p1a: Koraidon|Koraidon, L50, tera:Fire|2/100\n|-activate|p1a: Koraidon|ability: Orichalcum Pulse\n|turn|8\n|\n|t:|1773245947\n|-end|p2b: Flutter Mane|Protosynthesis|[silent]\n|switch|p2b: Kyogre|Kyogre, L50, shiny|100/100\n|-weather|RainDance|[from] ability: Drizzle|[of] p2b: Kyogre\n|move|p1a: Koraidon|Collision Course|p2a: Zamazenta\n|-supereffective|p2a: Zamazenta\n|-damage|p2a: Zamazenta|0 fnt\n|faint|p2a: Zamazenta\n|move|p1b: Ogerpon|Ivy Cudgel|p2b: Kyogre\n|-supereffective|p2b: Kyogre\n|-crit|p2b: Kyogre\n|-damage|p2b: Kyogre|0 fnt\n|faint|p2b: Kyogre\n|\n|-weather|RainDance|[upkeep]\n|upkeep\n|\n|t:|1773245959\n|switch|p2b: Flutter Mane|Flutter Mane, L50, shiny, tera:Normal|2/100\n|turn|9\n|-message|xiaoliyunVGC forfeited.\n|\n|win|becomingother\n|raw|becomingother's rating: 1340 &rarr; <strong>1363</strong><br />(+23 for winning)\n|raw|xiaoliyunVGC's rating: 1391 &rarr; <strong>1368</strong><br />(-23 for losing)\n|l|\u2606xiaoliyunVGC\n|player|p2|\n|l|\u2606becomingother\n|player|p1|\n","uploadtime":1773246206,"views":13,"formatid":"gen9vgc2026regi","rating":1363,"private":0,"password":null}