{"id":"gen9vgc2026regi-2577932556","format":"[Gen 9] VGC 2026 Reg I","players":["Nd103","navinsachump"],"log":"|j|\u203dNd103\n|j|\u2606navinsachump\n|t:|1775622480\n|gametype|doubles\n|player|p1|Nd103|170|1330\n|player|p2|navinsachump|265|1423\n|gen|9\n|tier|[Gen 9] VGC 2026 Reg I\n|rated|\n|rule|Species Clause: Limit one of each Pok\u00e9mon\n|rule|Item Clause: Limit 1 of each item\n|clearpoke\n|poke|p1|Ho-Oh, L50|\n|poke|p1|Miraidon, L50|\n|poke|p1|Farigiraf, L50, M|\n|poke|p1|Iron Hands, L50|\n|poke|p1|Urshifu-*, L50, F|\n|poke|p1|Ursaluna-Bloodmoon, L50, M|\n|poke|p2|Calyrex-Shadow, L50|\n|poke|p2|Koraidon, L50|\n|poke|p2|Raging Bolt, L50|\n|poke|p2|Brute Bonnet, L50|\n|poke|p2|Landorus, L50, M|\n|poke|p2|Incineroar, L50, M|\n|teampreview|4\n|inactive|Battle timer is ON: inactive players will automatically lose when time's up. (requested by navinsachump)\n|\n|t:|1775622510\n|teamsize|p1|4\n|teamsize|p2|4\n|start\n|switch|p1a: Ho-Oh|Ho-Oh, L50|100/100\n|switch|p1b: Miraidon|Miraidon, L50|100/100\n|switch|p2a: Calyrex|Calyrex-Shadow, L50|100/100\n|switch|p2b: Koraidon|Koraidon, L50|100/100\n|-ability|p2a: Calyrex|As One\n|-ability|p2a: Calyrex|Unnerve\n|-weather|SunnyDay|[from] ability: Orichalcum Pulse|[of] p2b: Koraidon\n|-activate|p2b: Koraidon|Orichalcum Pulse|[source]\n|-fieldstart|move: Electric Terrain|[from] ability: Hadron Engine|[of] p1b: Miraidon\n|turn|1\n|\n|t:|1775622534\n|-terastallize|p2b: Koraidon|Fire\n|move|p2a: Calyrex|Astral Barrage|p1b: Miraidon|[spread] p1a,p1b\n|-damage|p1a: Ho-Oh|76/100\n|-damage|p1b: Miraidon|72/100\n|move|p2b: Koraidon|Collision Course|p1b: Miraidon\n|-damage|p1b: Miraidon|10/100\n|move|p1b: Miraidon|Dazzling Gleam|p2a: Calyrex|[spread] p2a,p2b\n|-resisted|p2b: Koraidon\n|-damage|p2a: Calyrex|68/100\n|-damage|p2b: Koraidon|86/100\n|move|p1a: Ho-Oh|Tailwind|p1a: Ho-Oh\n|-sidestart|p1: Nd103|move: Tailwind\n|\n|-weather|SunnyDay|[upkeep]\n|upkeep\n|turn|2\n|inactive|Nd103 has 30 seconds left.\n|\n|t:|1775622561\n|move|p2a: Calyrex|Protect|p2a: Calyrex\n|-singleturn|p2a: Calyrex|Protect\n|move|p1b: Miraidon|Volt Switch|p2b: Koraidon\n|-damage|p2b: Koraidon|17/100\n|\n|t:|1775622570\n|switch|p1b: Urshifu|Urshifu-Rapid-Strike, L50, F|100/100|[from] Volt Switch\n|move|p1a: Ho-Oh|Sacred Fire|p2a: Calyrex\n|-activate|p2a: Calyrex|move: Protect\n|move|p2b: Koraidon|Flame Charge|p1b: Urshifu\n|-resisted|p1b: Urshifu\n|-damage|p1b: Urshifu|70/100\n|-boost|p2b: Koraidon|spe|1\n|\n|-weather|SunnyDay|[upkeep]\n|upkeep\n|turn|3\n|\n|t:|1775622592\n|switch|p2b: Incineroar|Incineroar, L50, M|100/100\n|-ability|p2b: Incineroar|Intimidate|boost\n|-fail|p1a: Ho-Oh|unboost|[from] item: Clear Amulet|[of] p1a: Ho-Oh\n|-unboost|p1b: Urshifu|atk|1\n|switch|p2a: Raging Bolt|Raging Bolt, L50|100/100\n|-activate|p2a: Raging Bolt|ability: Protosynthesis\n|-start|p2a: Raging Bolt|protosynthesisspa\n|move|p1b: Urshifu|U-turn|p2b: Incineroar\n|-damage|p2b: Incineroar|88/100\n|-damage|p1b: Urshifu|53/100|[from] item: Rocky Helmet|[of] p2b: Incineroar\n|\n|t:|1775622605\n|switch|p1b: Iron Hands|Iron Hands, L50|100/100|[from] U-turn\n|-activate|p1b: Iron Hands|ability: Quark Drive\n|-start|p1b: Iron Hands|quarkdriveatk\n|move|p1a: Ho-Oh|Sacred Fire|p2a: Raging Bolt\n|-resisted|p2a: Raging Bolt\n|-damage|p2a: Raging Bolt|76/100\n|-status|p2a: Raging Bolt|brn\n|\n|-weather|SunnyDay|[upkeep]\n|-damage|p2a: Raging Bolt|70/100 brn|[from] brn\n|upkeep\n|turn|4\n|\n|t:|1775622623\n|move|p2b: Incineroar|Fake Out|p1b: Iron Hands\n|-damage|p1b: Iron Hands|94/100\n|move|p1a: Ho-Oh|Recover|p1a: Ho-Oh\n|-heal|p1a: Ho-Oh|100/100\n|cant|p1b: Iron Hands|flinch\n|move|p2a: Raging Bolt|Thunderbolt|p1a: Ho-Oh\n|-supereffective|p1a: Ho-Oh\n|-damage|p1a: Ho-Oh|27/100\n|\n|-weather|SunnyDay|[upkeep]\n|-damage|p2a: Raging Bolt|64/100 brn|[from] brn\n|-sideend|p1: Nd103|move: Tailwind\n|upkeep\n|turn|5\n|\n|t:|1775622642\n|-terastallize|p1a: Ho-Oh|Grass\n|move|p1a: Ho-Oh|Tailwind|p1a: Ho-Oh\n|-sidestart|p1: Nd103|move: Tailwind\n|move|p1b: Iron Hands|Low Kick|p2a: Raging Bolt\n|-damage|p2a: Raging Bolt|0 fnt\n|faint|p2a: Raging Bolt\n|-end|p2a: Raging Bolt|Protosynthesis|[silent]\n|move|p2b: Incineroar|Parting Shot|p1b: Iron Hands\n|-unboost|p1b: Iron Hands|atk|1\n|-unboost|p1b: Iron Hands|spa|1\n|\n|t:|1775622655\n|switch|p2b: Calyrex|Calyrex-Shadow, L50|68/100|[from] Parting Shot\n|-ability|p2b: Calyrex|As One\n|-ability|p2b: Calyrex|Unnerve\n|\n|-weather|none\n|-fieldend|move: Electric Terrain\n|-end|p1b: Iron Hands|Quark Drive\n|upkeep\n|\n|t:|1775622663\n|switch|p2a: Incineroar|Incineroar, L50, M|88/100\n|-ability|p2a: Incineroar|Intimidate|boost\n|-fail|p1a: Ho-Oh|unboost|[from] item: Clear Amulet|[of] p1a: Ho-Oh\n|-unboost|p1b: Iron Hands|atk|1\n|turn|6\n|\n|t:|1775622688\n|switch|p1a: Urshifu|Urshifu-Rapid-Strike, L50, F|53/100\n|move|p2b: Calyrex|Astral Barrage|p1a: Urshifu|[spread] p1a,p1b\n|-crit|p1b: Iron Hands\n|-damage|p1a: Urshifu|0 fnt\n|-damage|p1b: Iron Hands|22/100\n|faint|p1a: Urshifu\n|-ability|p2b: Calyrex|Grim Neigh|boost\n|-boost|p2b: Calyrex|spa|1\n|move|p1b: Iron Hands|Drain Punch|p2a: Incineroar\n|-supereffective|p2a: Incineroar\n|-damage|p2a: Incineroar|54/100\n|-heal|p1b: Iron Hands|35/100|[from] drain|[of] p2a: Incineroar\n|-damage|p1b: Iron Hands|18/100|[from] item: Rocky Helmet|[of] p2a: Incineroar\n|move|p2a: Incineroar|Knock Off|p1b: Iron Hands\n|-resisted|p1b: Iron Hands\n|-damage|p1b: Iron Hands|5/100\n|-enditem|p1b: Iron Hands|Safety Goggles|[from] move: Knock Off|[of] p2a: Incineroar\n|\n|upkeep\n|\n|t:|1775622704\n|switch|p1a: Miraidon|Miraidon, L50|10/100\n|-fieldstart|move: Electric Terrain|[from] ability: Hadron Engine|[of] p1a: Miraidon\n|-activate|p1b: Iron Hands|ability: Quark Drive\n|-start|p1b: Iron Hands|quarkdrivedef\n|turn|7\n|\n|t:|1775622719\n|move|p2b: Calyrex|Protect|p2b: Calyrex\n|-singleturn|p2b: Calyrex|Protect\n|move|p1a: Miraidon|Volt Switch|p2a: Incineroar\n|-damage|p2a: Incineroar|0 fnt\n|faint|p2a: Incineroar\n|\n|t:|1775622726\n|switch|p1a: Ho-Oh|Ho-Oh, L50, tera:Grass|60/100|[from] Volt Switch\n|move|p1b: Iron Hands|Wild Charge|p2b: Calyrex\n|-activate|p2b: Calyrex|move: Protect\n|\n|upkeep\n|\n|t:|1775622729\n|switch|p2a: Koraidon|Koraidon, L50, tera:Fire|17/100\n|-weather|SunnyDay|[from] ability: Orichalcum Pulse|[of] p2a: Koraidon\n|-activate|p2a: Koraidon|Orichalcum Pulse|[source]\n|turn|8\n|\n|t:|1775622749\n|move|p2b: Calyrex|Protect|p2b: Calyrex\n|-singleturn|p2b: Calyrex|Protect\n|move|p1a: Ho-Oh|Sacred Fire|p2b: Calyrex\n|-activate|p2b: Calyrex|move: Protect\n|move|p2a: Koraidon|Flame Charge|p1b: Iron Hands\n|-damage|p1b: Iron Hands|0 fnt\n|-boost|p2a: Koraidon|spe|1\n|faint|p1b: Iron Hands\n|-end|p1b: Iron Hands|Quark Drive|[silent]\n|\n|-weather|SunnyDay|[upkeep]\n|-sideend|p1: Nd103|move: Tailwind\n|upkeep\n|\n|t:|1775622752\n|switch|p1b: Miraidon|Miraidon, L50|10/100\n|-activate|p1b: Miraidon|ability: Hadron Engine\n|turn|9\n|c|\u2606navinsachump|gg\n|\n|t:|1775622764\n|move|p2a: Koraidon|Flare Blitz|p1a: Ho-Oh\n|-supereffective|p1a: Ho-Oh\n|-damage|p1a: Ho-Oh|0 fnt\n|faint|p1a: Ho-Oh\n|-damage|p2a: Koraidon|0 fnt|[from] Recoil\n|faint|p2a: Koraidon\n|move|p2b: Calyrex|Astral Barrage|p1b: Miraidon\n|-damage|p1b: Miraidon|0 fnt\n|faint|p1b: Miraidon\n|\n|win|navinsachump\n|raw|Nd103's rating: 1330 &rarr; <strong>1315</strong><br />(-15 for losing)\n|raw|navinsachump's rating: 1423 &rarr; <strong>1438</strong><br />(+15 for winning)\n|l|\u2606navinsachump\n|player|p2|\n|l|\u203dNd103\n|player|p1|\n","uploadtime":1775623025,"views":7,"formatid":"gen9vgc2026regi","rating":1315,"private":0,"password":null}