{"id":"gen9vgc2026regi-2588648465","format":"[Gen 9] VGC 2026 Reg I","players":["Vestibulan","lalo's pollos"],"log":"|j|\u2606Vestibulan\n|j|\u2606lalo's pollos\n|t:|1776653636\n|gametype|doubles\n|player|p1|Vestibulan|101|1500\n|player|p2|lalo's pollos|102|1533\n|gen|9\n|tier|[Gen 9] VGC 2026 Reg I\n|rated|\n|rule|Species Clause: Limit one of each Pok\u00e9mon\n|rule|Item Clause: Limit 1 of each item\n|clearpoke\n|poke|p1|Arcanine, L50, F|\n|poke|p1|Whimsicott, L50, M|\n|poke|p1|Zacian-*, L50|\n|poke|p1|Farigiraf, L50, M|\n|poke|p1|Terapagos, L50, M|\n|poke|p1|Weezing-Galar, L50, F|\n|poke|p2|Miraidon, L50|\n|poke|p2|Landorus, L50, M|\n|poke|p2|Incineroar, L50, F|\n|poke|p2|Iron Bundle, L50|\n|poke|p2|Farigiraf, L50, M|\n|poke|p2|Calyrex-Ice, L50|\n|teampreview|4\n|\n|t:|1776653677\n|teamsize|p1|4\n|teamsize|p2|4\n|start\n|switch|p1a: Whimsicott|Whimsicott, L50, M|100/100\n|switch|p1b: Terapagos|Terapagos, L50, M|100/100\n|switch|p2a: Co-Star|Miraidon, L50|100/100\n|switch|p2b: the Manager|Farigiraf, L50, M|100/100\n|-activate|p1b: Terapagos|ability: Tera Shift\n|detailschange|p1b: Terapagos|Terapagos-Terastal, L50, M\n|-heal|p1b: Terapagos|100/100|[silent]\n|-fieldstart|move: Electric Terrain|[from] ability: Hadron Engine|[of] p2a: Co-Star\n|turn|1\n|\n|t:|1776653696\n|-terastallize|p1b: Terapagos|Stellar\n|detailschange|p1b: Terapagos|Terapagos-Stellar, L50, M, tera:Stellar\n|-heal|p1b: Terapagos|100/100|[silent]\n|-ability|p1b: Terapagos|Teraform Zero\n|-fieldend|move: Electric Terrain\n|move|p2a: Co-Star|Volt Switch|p1b: Terapagos\n|-damage|p1b: Terapagos|62/100\n|\n|t:|1776653704\n|switch|p2a: Calyrex|Calyrex-Ice, L50|100/100|[from] Volt Switch\n|-ability|p2a: Calyrex|As One\n|-ability|p2a: Calyrex|Unnerve\n|move|p1a: Whimsicott|Moonblast|p2b: the Manager\n|-damage|p2b: the Manager|79/100\n|move|p1b: Terapagos|Tera Starstorm|p2b: the Manager|[spread] p2a,p2b\n|-damage|p2a: Calyrex|63/100\n|-damage|p2b: the Manager|38/100\n|move|p2b: the Manager|Trick Room|p2b: the Manager\n|-fieldstart|move: Trick Room|[of] p2b: the Manager\n|\n|upkeep\n|turn|2\n|\n|t:|1776653716\n|move|p2a: Calyrex|Glacial Lance|p1a: Whimsicott|[spread] p1a,p1b\n|-supereffective|p1a: Whimsicott\n|-damage|p1a: Whimsicott|0 fnt\n|-damage|p1b: Terapagos|17/100\n|faint|p1a: Whimsicott\n|-ability|p2a: Calyrex|Chilling Neigh|boost\n|-boost|p2a: Calyrex|atk|1\n|move|p2b: the Manager|Psychic|p1b: Terapagos\n|-damage|p1b: Terapagos|0 fnt\n|faint|p1b: Terapagos\n|detailschange|p1: Terapagos|Terapagos, L50, M|[silent]\n|\n|upkeep\n|\n|t:|1776653719\n|switch|p1b: Zacian|Zacian-Crowned, L50|100/100\n|switch|p1a: Arcanine|Arcanine, L50, F|100/100\n|-ability|p1b: Zacian|Intrepid Sword|boost\n|-boost|p1b: Zacian|atk|1\n|turn|3\n|\n|t:|1776653743\n|-terastallize|p2a: Calyrex|Water\n|move|p1b: Zacian|Protect|p1b: Zacian\n|-singleturn|p1b: Zacian|Protect\n|move|p2a: Calyrex|High Horsepower|p1b: Zacian\n|-activate|p1b: Zacian|move: Protect\n|move|p2b: the Manager|Psychic|p1a: Arcanine\n|-damage|p1a: Arcanine|74/100\n|move|p1a: Arcanine|Flare Blitz|p2a: Calyrex\n|-resisted|p2a: Calyrex\n|-damage|p2a: Calyrex|46/100\n|-damage|p1a: Arcanine|69/100|[from] Recoil\n|\n|upkeep\n|turn|4\n|\n|t:|1776653764\n|switch|p2b: Incineroar|Incineroar, L50, F|100/100\n|-ability|p2b: Incineroar|Intimidate|boost\n|-fail|p1a: Arcanine|unboost|[from] item: Clear Amulet|[of] p1a: Arcanine\n|-unboost|p1b: Zacian|atk|1\n|move|p2a: Calyrex|High Horsepower|p1a: Arcanine\n|-supereffective|p1a: Arcanine\n|-damage|p1a: Arcanine|0 fnt\n|faint|p1a: Arcanine\n|-ability|p2a: Calyrex|Chilling Neigh|boost\n|-boost|p2a: Calyrex|atk|1\n|move|p1b: Zacian|Play Rough|p2a: Calyrex\n|-damage|p2a: Calyrex|9/100\n|\n|upkeep\n|turn|5\n|-message|Vestibulan forfeited.\n|\n|win|lalo's pollos\n|raw|Vestibulan's rating: 1500 &rarr; <strong>1482</strong><br />(-18 for losing)\n|raw|lalo&apos;s pollos's rating: 1533 &rarr; <strong>1551</strong><br />(+18 for winning)\n|l|\u2606Vestibulan\n|player|p1|\n","uploadtime":1776653913,"views":14,"formatid":"gen9vgc2026regi","rating":1482,"private":0,"password":null}