{"id":"gen9vgc2026regi-2548639862","format":"[Gen 9] VGC 2026 Reg I","players":["StrawberryBalloons","plantscience"],"log":"|j|\u2606StrawberryBalloons\n|j|\u2606plantscience\n|t:|1772236565\n|gametype|doubles\n|player|p1|StrawberryBalloons|fisherman-gen4|1379\n|player|p2|plantscience|2|1408\n|gen|9\n|tier|[Gen 9] VGC 2026 Reg I\n|rated|\n|rule|Species Clause: Limit one of each Pok\u00e9mon\n|rule|Item Clause: Limit 1 of each item\n|clearpoke\n|poke|p1|Wo-Chien, L50|\n|poke|p1|Raging Bolt, L50|\n|poke|p1|Rhyperior, L50, F|\n|poke|p1|Calyrex-Ice, L50|\n|poke|p1|Kyogre, L50|\n|poke|p1|Sableye, L50, M|\n|poke|p2|Chien-Pao, L50|\n|poke|p2|Calyrex-Shadow, L50|\n|poke|p2|Urshifu-*, L50, M|\n|poke|p2|Zamazenta-*, L50|\n|poke|p2|Weezing-Galar, L50, M|\n|poke|p2|Dragonite, L50, M|\n|teampreview|4\n|inactive|Battle timer is ON: inactive players will automatically lose when time's up. (requested by StrawberryBalloons)\n|j| gugah8393\n|inactive|StrawberryBalloons has 60 seconds left.\n|\n|t:|1772236604\n|teamsize|p1|4\n|teamsize|p2|4\n|start\n|switch|p1a: Sableye|Sableye, L50, M|100/100\n|switch|p1b: Calyrex|Calyrex-Ice, L50|100/100\n|switch|p2a: Weezing|Weezing-Galar, L50, M|100/100\n|switch|p2b: Calyrex|Calyrex-Shadow, L50|100/100\n|-ability|p2a: Weezing|Neutralizing Gas\n|-ability|p2b: Calyrex|As One\n|-ability|p2b: Calyrex|Unnerve\n|-ability|p1b: Calyrex|As One\n|-ability|p1b: Calyrex|Unnerve\n|turn|1\n|\n|t:|1772236619\n|-terastallize|p2b: Calyrex|Ghost\n|move|p1b: Calyrex|Protect|p1b: Calyrex\n|-singleturn|p1b: Calyrex|Protect\n|move|p2b: Calyrex|Astral Barrage|p1a: Sableye|[spread] p1a\n|-activate|p1b: Calyrex|move: Protect\n|-enditem|p1a: Sableye|Focus Sash\n|-damage|p1a: Sableye|1/100\n|move|p2a: Weezing|Taunt|p1b: Calyrex\n|-activate|p1b: Calyrex|move: Protect\n|move|p1a: Sableye|Metal Burst|p2b: Calyrex\n|-enditem|p2b: Calyrex|Focus Sash\n|-damage|p2b: Calyrex|1/100\n|\n|upkeep\n|turn|2\n|inactive|StrawberryBalloons has 30 seconds left.\n|inactive|StrawberryBalloons has 20 seconds left.\n|\n|t:|1772236659\n|switch|p1a: Wo-Chien|Wo-Chien, L50|100/100\n|-terastallize|p1b: Calyrex|Fairy\n|move|p2b: Calyrex|Astral Barrage|p1b: Calyrex|[spread] p1a,p1b\n|-resisted|p1a: Wo-Chien\n|-damage|p1a: Wo-Chien|75/100\n|-damage|p1b: Calyrex|49/100\n|move|p2a: Weezing|Taunt|p1b: Calyrex\n|-start|p1b: Calyrex|move: Taunt\n|cant|p1b: Calyrex|move: Taunt|Trick Room\n|\n|upkeep\n|turn|3\n|\n|t:|1772236683\n|move|p2b: Calyrex|Astral Barrage|p1b: Calyrex|[spread] p1a,p1b\n|-resisted|p1a: Wo-Chien\n|-damage|p1a: Wo-Chien|48/100\n|-damage|p1b: Calyrex|0 fnt\n|faint|p1b: Calyrex\n|-ability|p2b: Calyrex|Grim Neigh|boost\n|-boost|p2b: Calyrex|spa|1\n|move|p1a: Wo-Chien|Leech Seed|p2a: Weezing\n|-start|p2a: Weezing|move: Leech Seed\n|move|p2a: Weezing|Taunt|p1a: Wo-Chien\n|-start|p1a: Wo-Chien|move: Taunt\n|\n|-damage|p2a: Weezing|88/100|[from] Leech Seed|[of] p1a: Wo-Chien\n|-heal|p1a: Wo-Chien|59/100|[silent]\n|upkeep\n|\n|t:|1772236694\n|switch|p1b: Sableye|Sableye, L50, M|1/100\n|turn|4\n|\n|t:|1772236715\n|move|p2b: Calyrex|Encore|p1a: Wo-Chien\n|-start|p1a: Wo-Chien|Encore\n|cant|p1a: Wo-Chien|move: Taunt|Leech Seed\n|move|p2a: Weezing|Dazzling Gleam|p1b: Sableye|[spread] p1a,p1b\n|-supereffective|p1a: Wo-Chien\n|-supereffective|p1b: Sableye\n|-damage|p1a: Wo-Chien|33/100\n|-damage|p1b: Sableye|0 fnt\n|faint|p1b: Sableye\n|\n|-damage|p2a: Weezing|76/100|[from] Leech Seed|[of] p1a: Wo-Chien\n|-heal|p1a: Wo-Chien|44/100|[silent]\n|upkeep\n|\n|t:|1772236724\n|switch|p1b: Raging Clap|Raging Bolt, L50|100/100\n|turn|5\n|\n|t:|1772236739\n|move|p2b: Calyrex|Protect|p2b: Calyrex\n|-singleturn|p2b: Calyrex|Protect\n|-activate|p1a: Wo-Chien|move: Struggle\n|move|p1a: Wo-Chien|Struggle|p2b: Calyrex\n|-activate|p2b: Calyrex|move: Protect\n|move|p1b: Raging Clap|Thunderbolt|p2a: Weezing\n|-damage|p2a: Weezing|21/100\n|move|p2a: Weezing|Dazzling Gleam|p1b: Raging Clap|[spread] p1a,p1b\n|-supereffective|p1a: Wo-Chien\n|-supereffective|p1b: Raging Clap\n|-damage|p1a: Wo-Chien|15/100\n|-damage|p1b: Raging Clap|66/100\n|\n|-heal|p1b: Raging Clap|72/100|[from] item: Leftovers\n|-damage|p2a: Weezing|9/100|[from] Leech Seed|[of] p1a: Wo-Chien\n|-heal|p1a: Wo-Chien|26/100|[silent]\n|upkeep\n|turn|6\n|\n|t:|1772236758\n|move|p2b: Calyrex|Astral Barrage|p1a: Wo-Chien|[spread] p1a,p1b\n|-resisted|p1a: Wo-Chien\n|-damage|p1a: Wo-Chien|0 fnt\n|-damage|p1b: Raging Clap|0 fnt\n|faint|p1a: Wo-Chien\n|faint|p1b: Raging Clap\n|-end|p1b: Raging Clap|Protosynthesis|[silent]\n|\n|win|plantscience\n|raw|StrawberryBalloons's rating: 1379 &rarr; <strong>1361</strong><br />(-18 for losing)\n|raw|plantscience's rating: 1408 &rarr; <strong>1426</strong><br />(+18 for winning)\n|l|\u2606StrawberryBalloons\n|player|p1|\n|l|\u2606plantscience\n|player|p2|\n","uploadtime":1772237013,"views":13,"formatid":"gen9vgc2026regi","rating":1361,"private":0,"password":null}