{"id":"gen9vgc2026regi-2563870043","format":"[Gen 9] VGC 2026 Reg I","players":["abdulahad16427","terafireflareblitz"],"log":"|j|\u2606abdulahad16427\n|j|\u2606terafireflareblitz\n|t:|1774074838\n|gametype|doubles\n|player|p1|abdulahad16427|iris-gen5bw2|1294\n|player|p2|terafireflareblitz|sycamore|1399\n|gen|9\n|tier|[Gen 9] VGC 2026 Reg I\n|rated|\n|rule|Species Clause: Limit one of each Pok\u00e9mon\n|rule|Item Clause: Limit 1 of each item\n|clearpoke\n|poke|p1|Kyogre, L50|\n|poke|p1|Regieleki, L50|\n|poke|p1|Clefable, L50, F|\n|poke|p1|Miraidon, L50|\n|poke|p1|Farigiraf, L50, M|\n|poke|p1|Snorlax, L50, M|\n|poke|p2|Koraidon, L50|\n|poke|p2|Lunala, L50|\n|poke|p2|Indeedee-F, L50, F|\n|poke|p2|Flutter Mane, L50|\n|poke|p2|Volcarona, L50, F|\n|poke|p2|Ursaluna, L50, F|\n|teampreview|4\n|inactive|Battle timer is ON: inactive players will automatically lose when time's up. (requested by terafireflareblitz)\n|inactive|abdulahad16427 also wants the timer to be on.\nabdulahad16427 rejected open team sheets.\n|inactive|terafireflareblitz has 60 seconds left.\n|inactive|terafireflareblitz has 30 seconds left.\n|inactive|terafireflareblitz has 20 seconds left.\n|inactive|terafireflareblitz has 15 seconds left.\n|inactive|terafireflareblitz has 10 seconds left.\n|inactive|terafireflareblitz has 5 seconds left.\n|\n|t:|1774074928\n|teamsize|p1|4\n|teamsize|p2|4\n|start\n|switch|p1a: Regieleki|Regieleki, L50|100/100\n|switch|p1b: Miraidon|Miraidon, L50|100/100\n|switch|p2a: Koraidon|Koraidon, L50, shiny|100/100\n|switch|p2b: Lunala|Lunala, L50, shiny|100/100\n|-weather|SunnyDay|[from] ability: Orichalcum Pulse|[of] p2a: Koraidon\n|-activate|p2a: Koraidon|Orichalcum Pulse|[source]\n|-fieldstart|move: Electric Terrain|[from] ability: Hadron Engine|[of] p1b: Miraidon\n|turn|1\n|\n|t:|1774074949\n|-terastallize|p2a: Koraidon|Fire\n|move|p2b: Lunala|Wide Guard|p2b: Lunala\n|-singleturn|p2b: Lunala|Wide Guard\n|move|p1a: Regieleki|Volt Switch|p2a: Koraidon\n|-damage|p2a: Koraidon|42/100\n|\n|t:|1774074956\n|switch|p1a: Kyogre|Kyogre, L50|100/100|[from] Volt Switch\n|-weather|RainDance|[from] ability: Drizzle|[of] p1a: Kyogre\n|move|p2a: Koraidon|Breaking Swipe|p1a: Kyogre|[spread] p1a,p1b\n|-supereffective|p1b: Miraidon\n|-damage|p1a: Kyogre|71/100\n|-damage|p1b: Miraidon|48/100\n|-unboost|p1a: Kyogre|atk|1\n|-unboost|p1b: Miraidon|atk|1\n|-damage|p2a: Koraidon|32/100|[from] item: Life Orb\n|move|p1b: Miraidon|Dazzling Gleam|p2a: Koraidon|[spread] \n|-activate|p2a: Koraidon|move: Wide Guard\n|-activate|p2b: Lunala|move: Wide Guard\n|\n|-weather|RainDance|[upkeep]\n|upkeep\n|turn|2\n|\n|t:|1774074970\n|switch|p2a: Indeedee|Indeedee-F, L50, F|100/100\n|-fieldstart|move: Psychic Terrain|[from] ability: Psychic Surge|[of] p2a: Indeedee\n|move|p1b: Miraidon|Volt Switch|p2a: Indeedee\n|-damage|p2a: Indeedee|62/100\n|\n|t:|1774074978\n|switch|p1b: Farigiraf|Farigiraf, L50, M|100/100|[from] Volt Switch\n|move|p2b: Lunala|Expanding Force|p1b: Farigiraf|[spread] p1a,p1b\n|-resisted|p1b: Farigiraf\n|-damage|p1a: Kyogre|19/100\n|-damage|p1b: Farigiraf|68/100\n|move|p1a: Kyogre|Origin Pulse|p2a: Indeedee|[spread] p2a,p2b\n|-damage|p2a: Indeedee|0 fnt\n|-damage|p2b: Lunala|70/100\n|faint|p2a: Indeedee\n|\n|-weather|RainDance|[upkeep]\n|upkeep\n|\n|t:|1774074980\n|switch|p2a: Flutter Mane|Flutter Mane, L50|100/100\n|turn|3\n|\n|t:|1774075003\n|move|p1a: Kyogre|Protect|p1a: Kyogre\n|-singleturn|p1a: Kyogre|Protect\n|move|p2a: Flutter Mane|Moonblast|p1a: Kyogre\n|-activate|p1a: Kyogre|move: Protect\n|move|p2b: Lunala|Meteor Beam||[still]\n|-prepare|p2b: Lunala|Meteor Beam\n|-boost|p2b: Lunala|spa|1\n|-enditem|p2b: Lunala|Power Herb\n|-anim|p2b: Lunala|Meteor Beam|p1b: Farigiraf|[miss]\n|-miss|p2b: Lunala|p1b: Farigiraf\n|move|p1b: Farigiraf|Foul Play|p2b: Lunala\n|-supereffective|p2b: Lunala\n|-damage|p2b: Lunala|9/100\n|\n|-weather|RainDance|[upkeep]\n|upkeep\n|turn|4\n|inactive|abdulahad16427 has 30 seconds left.\n|\n|t:|1774075028\n|-terastallize|p1b: Farigiraf|Fairy\n|move|p2a: Flutter Mane|Moonblast|p1b: Farigiraf\n|-damage|p1b: Farigiraf|15/100\n|-enditem|p1b: Farigiraf|Sitrus Berry|[eat]\n|-heal|p1b: Farigiraf|39/100|[from] item: Sitrus Berry\n|move|p2b: Lunala|Moongeist Beam|p1a: Kyogre\n|-damage|p1a: Kyogre|0 fnt\n|faint|p1a: Kyogre\n|move|p1b: Farigiraf|Foul Play|p2b: Lunala\n|-supereffective|p2b: Lunala\n|-damage|p2b: Lunala|0 fnt\n|faint|p2b: Lunala\n|\n|-weather|RainDance|[upkeep]\n|upkeep\n|\n|t:|1774075044\n|switch|p2b: Koraidon|Koraidon, L50, shiny, tera:Fire|32/100\n|switch|p1a: Regieleki|Regieleki, L50|100/100\n|-weather|SunnyDay|[from] ability: Orichalcum Pulse|[of] p2b: Koraidon\n|-activate|p2a: Flutter Mane|ability: Protosynthesis\n|-start|p2a: Flutter Mane|protosynthesisspe\n|-activate|p2b: Koraidon|Orichalcum Pulse|[source]\n|turn|5\n|\n|t:|1774075063\n|move|p2b: Koraidon|Protect|p2b: Koraidon\n|-singleturn|p2b: Koraidon|Protect\n|move|p1a: Regieleki|Volt Switch|p2b: Koraidon\n|-activate|p2b: Koraidon|move: Protect\n|move|p2a: Flutter Mane|Moonblast|p1b: Farigiraf\n|-damage|p1b: Farigiraf|0 fnt\n|faint|p1b: Farigiraf\n|\n|-weather|SunnyDay|[upkeep]\n|upkeep\n|\n|t:|1774075066\n|switch|p1b: Miraidon|Miraidon, L50|48/100\n|-fieldstart|move: Electric Terrain|[from] ability: Hadron Engine|[of] p1b: Miraidon\n|turn|6\n|\n|t:|1774075075\n|move|p1a: Regieleki|Volt Switch|p2b: Koraidon\n|-damage|p2b: Koraidon|0 fnt\n|faint|p2b: Koraidon\n|move|p2a: Flutter Mane|Icy Wind|p1a: Regieleki|[spread] p1b\n|-miss|p2a: Flutter Mane|p1a: Regieleki\n|-supereffective|p1b: Miraidon\n|-damage|p1b: Miraidon|32/100\n|-unboost|p1b: Miraidon|spe|1\n|move|p1b: Miraidon|Dazzling Gleam|p2a: Flutter Mane\n|-damage|p2a: Flutter Mane|53/100\n|\n|-weather|SunnyDay|[upkeep]\n|upkeep\n|turn|7\n|-message|terafireflareblitz forfeited.\n|\n|win|abdulahad16427\n|raw|abdulahad16427's rating: 1294 &rarr; <strong>1326</strong><br />(+32 for winning)\n|raw|terafireflareblitz's rating: 1399 &rarr; <strong>1373</strong><br />(-26 for losing)\n|l|\u2606terafireflareblitz\n|player|p2|\n|l|\u2606abdulahad16427\n|player|p1|\n","uploadtime":1774075081,"views":14,"formatid":"gen9vgc2026regi","rating":1326,"private":0,"password":null}