{"id":"gen9vgc2026regi-2555855915","format":"[Gen 9] VGC 2026 Reg I","players":["Loiradotchan16","Freecko99"],"log":"|j|\u2606Loiradotchan16\n|j|\u2606Freecko99\n|t:|1773145535\n|gametype|doubles\n|player|p1|Loiradotchan16|266|1348\n|player|p2|Freecko99|ethan|1289\n|gen|9\n|tier|[Gen 9] VGC 2026 Reg I\n|rated|\n|rule|Species Clause: Limit one of each Pok\u00e9mon\n|rule|Item Clause: Limit 1 of each item\n|clearpoke\n|poke|p1|Calyrex-Ice, L50|\n|poke|p1|Smeargle, L50, F|\n|poke|p1|Miraidon, L50|\n|poke|p1|Farigiraf, L50, M|\n|poke|p1|Iron Treads, L50|\n|poke|p1|Iron Hands, L50|\n|poke|p2|Miraidon, L50|\n|poke|p2|Whimsicott, L50, M|\n|poke|p2|Ogerpon-Cornerstone, L50, F|\n|poke|p2|Farigiraf, L50, F|\n|poke|p2|Iron Hands, L50|\n|poke|p2|Ho-Oh, L50|\n|teampreview|4\n|inactive|Battle timer is ON: inactive players will automatically lose when time's up. (requested by Freecko99)\n|inactive|Loiradotchan16 also wants the timer to be on.\n|\n|t:|1773145560\n|teamsize|p1|4\n|teamsize|p2|4\n|start\n|switch|p1a: Miraidon|Miraidon, L50|100/100\n|switch|p1b: Iron Treads|Iron Treads, L50|100/100\n|switch|p2a: Ogerpon|Ogerpon-Cornerstone, L50, F|100/100\n|switch|p2b: Ho-Oh|Ho-Oh, L50|100/100\n|-fieldstart|move: Electric Terrain|[from] ability: Hadron Engine|[of] p1a: Miraidon\n|-activate|p1b: Iron Treads|ability: Quark Drive\n|-start|p1b: Iron Treads|quarkdrivespe\n|turn|1\n|\n|t:|1773145584\n|move|p1b: Iron Treads|Protect|p1b: Iron Treads\n|-singleturn|p1b: Iron Treads|Protect\n|move|p2a: Ogerpon|Spiky Shield|p2a: Ogerpon\n|-singleturn|p2a: Ogerpon|move: Protect\n|move|p2b: Ho-Oh|Protect|p2b: Ho-Oh\n|-singleturn|p2b: Ho-Oh|Protect\n|move|p1a: Miraidon|Volt Switch|p2b: Ho-Oh\n|-activate|p2b: Ho-Oh|move: Protect\n|\n|upkeep\n|turn|2\n|\n|t:|1773145606\n|-end|p1b: Iron Treads|Quark Drive|[silent]\n|switch|p1b: Farigiraf|Farigiraf, L50, M|100/100\n|-enditem|p1b: Farigiraf|Electric Seed\n|-boost|p1b: Farigiraf|def|1|[from] item: Electric Seed\n|move|p2a: Ogerpon|Follow Me|p2a: Ogerpon\n|-singleturn|p2a: Ogerpon|move: Follow Me\n|move|p1a: Miraidon|Volt Switch|p2a: Ogerpon\n|-resisted|p2a: Ogerpon\n|-damage|p2a: Ogerpon|36/100\n|\n|t:|1773145622\n|switch|p1a: Calyrex|Calyrex-Ice, L50|100/100|[from] Volt Switch\n|-ability|p1a: Calyrex|As One\n|-ability|p1a: Calyrex|Unnerve\n|move|p2b: Ho-Oh|Sacred Fire|p1b: Farigiraf|[miss]\n|-miss|p2b: Ho-Oh|p1b: Farigiraf\n|\n|upkeep\n|turn|3\n|\n|t:|1773145645\n|-terastallize|p1a: Calyrex|Fire\n|move|p2a: Ogerpon|Ivy Cudgel|p1b: Farigiraf|[anim] Ivy Cudgel Rock\n|-damage|p1b: Farigiraf|64/100\n|move|p2b: Ho-Oh|Sacred Fire|p1b: Farigiraf\n|-damage|p1b: Farigiraf|36/100\n|move|p1a: Calyrex|Glacial Lance|p2b: Ho-Oh|[spread] p2a,p2b\n|-supereffective|p2a: Ogerpon\n|-damage|p2a: Ogerpon|0 fnt\n|-damage|p2b: Ho-Oh|45/100\n|faint|p2a: Ogerpon\n|-ability|p1a: Calyrex|Chilling Neigh|boost\n|-boost|p1a: Calyrex|atk|1\n|move|p1b: Farigiraf|Trick Room|p1b: Farigiraf\n|-fieldstart|move: Trick Room|[of] p1b: Farigiraf\n|\n|upkeep\n|\n|t:|1773145659\n|switch|p2a: Iron Hands|Iron Hands, L50|100/100\n|-activate|p2a: Iron Hands|ability: Quark Drive\n|-start|p2a: Iron Hands|quarkdriveatk\n|turn|4\n|\n|t:|1773145673\n|move|p2b: Ho-Oh|Protect|p2b: Ho-Oh\n|-singleturn|p2b: Ho-Oh|Protect\n|move|p1a: Calyrex|Glacial Lance|p2a: Iron Hands|[spread] p2a\n|-activate|p2b: Ho-Oh|move: Protect\n|-damage|p2a: Iron Hands|36/100\n|move|p2a: Iron Hands|Low Kick|p1a: Calyrex\n|-damage|p1a: Calyrex|50/100\n|move|p1b: Farigiraf|Psychic|p2a: Iron Hands\n|-supereffective|p2a: Iron Hands\n|-damage|p2a: Iron Hands|0 fnt\n|faint|p2a: Iron Hands\n|-end|p2a: Iron Hands|Quark Drive|[silent]\n|\n|upkeep\n|\n|t:|1773145685\n|switch|p2a: Miraidon|Miraidon, L50|100/100\n|-activate|p2a: Miraidon|ability: Hadron Engine\n|turn|5\n|\n|t:|1773145707\n|-terastallize|p2a: Miraidon|Fairy\n|move|p1b: Farigiraf|Helping Hand|p1a: Calyrex\n|-singleturn|p1a: Calyrex|Helping Hand|[of] p1b: Farigiraf\n|move|p1a: Calyrex|Glacial Lance|p2b: Ho-Oh|[spread] p2a,p2b\n|-damage|p2a: Miraidon|0 fnt\n|-damage|p2b: Ho-Oh|0 fnt\n|faint|p2a: Miraidon\n|faint|p2b: Ho-Oh\n|\n|win|Loiradotchan16\n|raw|Loiradotchan16's rating: 1348 &rarr; <strong>1365</strong><br />(+17 for winning)\n|raw|Freecko99's rating: 1289 &rarr; <strong>1268</strong><br />(-21 for losing)\n|l|\u2606Loiradotchan16\n|player|p1|\n|l|\u2606Freecko99\n|player|p2|\n","uploadtime":1773145922,"views":14,"formatid":"gen9vgc2026regi","rating":1268,"private":0,"password":null}