{"id":"gen9vgc2026regi-2558780269","format":"[Gen 9] VGC 2026 Reg I","players":["Jonen","jea14"],"log":"|j|\u2606Jonen\n|j|\u2606jea14\n|t:|1773481323\n|gametype|doubles\n|player|p1|Jonen|medium|1091\n|player|p2|jea14|169|1000\n|gen|9\n|tier|[Gen 9] VGC 2026 Reg I\n|rated|\n|rule|Species Clause: Limit one of each Pok\u00e9mon\n|rule|Item Clause: Limit 1 of each item\n|clearpoke\n|poke|p1|Luvdisc, L50, M|\n|poke|p1|Kyogre, L50|\n|poke|p1|Urshifu-*, L50, M|\n|poke|p1|Lunala, L50|\n|poke|p1|Indeedee-F, L50, F|\n|poke|p1|Amoonguss, L50, M|\n|poke|p2|Zacian-*, L50|\n|poke|p2|Kyogre, L50|\n|poke|p2|Urshifu-*, L50, F|\n|poke|p2|Rillaboom, L50, F|\n|poke|p2|Tornadus, L50, M|\n|poke|p2|Farigiraf, L50, F|\n|teampreview|4\n|inactive|Battle timer is ON: inactive players will automatically lose when time's up. (requested by jea14)\n|\n|t:|1773481353\n|teamsize|p1|4\n|teamsize|p2|4\n|start\n|switch|p1a: Luvdisc|Luvdisc, L50, M|100/100\n|switch|p1b: Kyogre|Kyogre, L50, shiny|100/100\n|switch|p2a: Kyogre|Kyogre, L50|100/100\n|switch|p2b: Tornadus|Tornadus, L50, M|100/100\n|-weather|RainDance|[from] ability: Drizzle|[of] p1b: Kyogre\n|turn|1\n|\n|t:|1773481372\n|move|p1b: Kyogre|Protect|p1b: Kyogre\n|-singleturn|p1b: Kyogre|Protect\n|move|p2b: Tornadus|Tailwind|p2b: Tornadus\n|-sidestart|p2: jea14|move: Tailwind\n|move|p1a: Luvdisc|Icy Wind|p2a: Kyogre|[spread] p2a,p2b\n|-resisted|p2a: Kyogre\n|-supereffective|p2b: Tornadus\n|-damage|p2a: Kyogre|99/100\n|-damage|p2b: Tornadus|89/100\n|-unboost|p2a: Kyogre|spe|1\n|move|p2a: Kyogre|Calm Mind|p2a: Kyogre\n|-boost|p2a: Kyogre|spa|1\n|-boost|p2a: Kyogre|spd|1\n|\n|-weather|RainDance|[upkeep]\n|-heal|p2a: Kyogre|100/100|[from] item: Leftovers\n|upkeep\n|turn|2\n|inactive|Jonen has 30 seconds left.\n|\n|t:|1773481400\n|move|p1a: Luvdisc|Entrainment|p1b: Kyogre\n|-ability|p1b: Kyogre|Swift Swim|Drizzle|[from] move: Entrainment|[of] p1a: Luvdisc\n|move|p1b: Kyogre|Ice Beam|p2b: Tornadus\n|-supereffective|p2b: Tornadus\n|-damage|p2b: Tornadus|6/100\n|move|p2b: Tornadus|Bleakwind Storm|p1a: Luvdisc|[spread] p1a,p1b\n|-enditem|p1a: Luvdisc|Focus Sash\n|-damage|p1a: Luvdisc|1/100\n|-damage|p1b: Kyogre|69/100\n|-unboost|p1a: Luvdisc|spe|1\n|move|p2a: Kyogre|Water Spout|p1a: Luvdisc|[spread] p1a,p1b\n|-resisted|p1a: Luvdisc\n|-resisted|p1b: Kyogre\n|-damage|p1a: Luvdisc|0 fnt\n|-damage|p1b: Kyogre|17/100\n|faint|p1a: Luvdisc\n|\n|-weather|RainDance|[upkeep]\n|upkeep\n|\n|t:|1773481407\n|switch|p1a: Amoonguss|Amoonguss, L50, M|100/100\n|turn|3\n|inactive|jea14 has 30 seconds left.\n|\n|t:|1773481438\n|switch|p2b: Zacian|Zacian-Crowned, L50|100/100\n|-ability|p2b: Zacian|Intrepid Sword|boost\n|-boost|p2b: Zacian|atk|1\n|move|p1b: Kyogre|Ice Beam|p2b: Zacian\n|-resisted|p2b: Zacian\n|-damage|p2b: Zacian|84/100\n|move|p2a: Kyogre|Water Spout|p1b: Kyogre|[spread] p1a,p1b\n|-resisted|p1a: Amoonguss\n|-resisted|p1b: Kyogre\n|-damage|p1a: Amoonguss|45/100\n|-damage|p1b: Kyogre|0 fnt\n|faint|p1b: Kyogre\n|move|p1a: Amoonguss|Spore|p2a: Kyogre\n|-status|p2a: Kyogre|slp|[from] move: Spore\n|\n|-weather|RainDance|[upkeep]\n|upkeep\n|\n|t:|1773481445\n|switch|p1b: Urshifu|Urshifu-Rapid-Strike, L50, M|100/100\n|turn|4\n|\n|t:|1773481466\n|switch|p2a: Rillaboom|Rillaboom, L50, F|100/100\n|-fieldstart|move: Grassy Terrain|[from] ability: Grassy Surge|[of] p2a: Rillaboom\n|move|p1a: Amoonguss|Rage Powder|p1a: Amoonguss\n|-singleturn|p1a: Amoonguss|move: Rage Powder\n|move|p2b: Zacian|Behemoth Blade|p1a: Amoonguss\n|-damage|p1a: Amoonguss|0 fnt\n|-damage|p2b: Zacian|68/100|[from] item: Rocky Helmet|[of] p1a: Amoonguss\n|faint|p1a: Amoonguss\n|move|p1b: Urshifu|Surging Strikes|p2b: Zacian\n|-crit|p2b: Zacian\n|-damage|p2b: Zacian|21/100\n|-crit|p2b: Zacian\n|-damage|p2b: Zacian|0 fnt\n|faint|p2b: Zacian\n|-hitcount|p2: Zacian|2\n|\n|-weather|RainDance|[upkeep]\n|-sideend|p2: jea14|move: Tailwind\n|upkeep\n|\n|t:|1773481482\n|switch|p2b: Tornadus|Tornadus, L50, M|6/100\n|turn|5\n|\n|t:|1773481497\n|-terastallize|p1b: Urshifu|Stellar\n|move|p2a: Rillaboom|Grassy Glide|p1b: Urshifu\n|-supereffective|p1b: Urshifu\n|-damage|p1b: Urshifu|12/100\n|move|p1b: Urshifu|Surging Strikes|p2a: Rillaboom\n|-resisted|p2a: Rillaboom\n|-crit|p2a: Rillaboom\n|-damage|p2a: Rillaboom|67/100\n|-resisted|p2a: Rillaboom\n|-crit|p2a: Rillaboom\n|-damage|p2a: Rillaboom|38/100\n|-resisted|p2a: Rillaboom\n|-crit|p2a: Rillaboom\n|-damage|p2a: Rillaboom|8/100\n|-hitcount|p2a: Rillaboom|3\n|move|p2b: Tornadus|Bleakwind Storm|p1b: Urshifu\n|-supereffective|p1b: Urshifu\n|-damage|p1b: Urshifu|0 fnt\n|faint|p1b: Urshifu\n|\n|win|jea14\n|raw|Jonen's rating: 1091 &rarr; <strong>1061</strong><br />(-30 for losing)\n|raw|jea14's rating: 1000 &rarr; <strong>1050</strong><br />(+50 for winning)\n","uploadtime":1773481497,"views":14,"formatid":"gen9vgc2026regi","rating":1050,"private":0,"password":null}