{"id":"gen9vgc2026regi-2516411327","format":"[Gen 9] VGC 2026 Reg I","players":["dasabe\u76d6\u6b27\u5361\u4fa0","Fuck Cops"],"log":"|j|\u2606dasabe\u76d6\u6b27\u5361\u4fa0\n|j|\u2606Fuck Cops\n|t:|1768137229\n|gametype|doubles\n|player|p1|dasabe\u76d6\u6b27\u5361\u4fa0|may-masters4|1390\n|player|p2|Fuck Cops|102|1263\n|gen|9\n|tier|[Gen 9] VGC 2026 Reg I\n|rated|\n|rule|Species Clause: Limit one of each Pok\u00e9mon\n|rule|Item Clause: Limit 1 of each item\n|clearpoke\n|poke|p1|Kyogre, L50|\n|poke|p1|Miraidon, L50|\n|poke|p1|Whimsicott, L50, F|\n|poke|p1|Iron Hands, L50|\n|poke|p1|Farigiraf, L50, F|\n|poke|p1|Urshifu-*, L50, M|\n|poke|p2|Kyogre, L50|\n|poke|p2|Whimsicott, L50, M|\n|poke|p2|Urshifu-*, L50, F|\n|poke|p2|Landorus, L50, M|\n|poke|p2|Zacian-*, L50|\n|poke|p2|Roaring Moon, L50|\n|teampreview|4\n|inactive|Battle timer is ON: inactive players will automatically lose when time's up. (requested by Fuck Cops)\n|\n|t:|1768137256\n|teamsize|p1|4\n|teamsize|p2|4\n|start\n|switch|p1a: \u5996\u820d\u7cbe\u62c9|Whimsicott, L50, F, shiny|100/100\n|switch|p1b: \u6210\u90fd\u8001\u76d6|Kyogre, L50, shiny|100/100\n|switch|p2a: Whimsicott|Whimsicott, L50, M|100/100\n|switch|p2b: Kyogre|Kyogre, L50|100/100\n|-weather|RainDance|[from] ability: Drizzle|[of] p2b: Kyogre\n|turn|1\n|\n|t:|1768137267\n|move|p1a: \u5996\u820d\u7cbe\u62c9|Tailwind|p1a: \u5996\u820d\u7cbe\u62c9\n|-sidestart|p1: dasabe\u76d6\u6b27\u5361\u4fa0|move: Tailwind\n|move|p2a: Whimsicott|Light Screen|p2a: Whimsicott\n|-sidestart|p2: Fuck Cops|move: Light Screen\n|move|p1b: \u6210\u90fd\u8001\u76d6|Origin Pulse|p2a: Whimsicott|[spread] p2a,p2b\n|-resisted|p2a: Whimsicott\n|-resisted|p2b: Kyogre\n|-damage|p2a: Whimsicott|45/100\n|-damage|p2b: Kyogre|81/100\n|move|p2b: Kyogre|Thunder|p1b: \u6210\u90fd\u8001\u76d6\n|-supereffective|p1b: \u6210\u90fd\u8001\u76d6\n|-damage|p1b: \u6210\u90fd\u8001\u76d6|34/100\n|\n|-weather|RainDance|[upkeep]\n|upkeep\n|turn|2\n|\n|t:|1768137287\n|-terastallize|p2a: Whimsicott|Dark\n|move|p1a: \u5996\u820d\u7cbe\u62c9|Encore|p2a: Whimsicott\n|-hint|Since gen 7, Dark is immune to Prankster moves.\n|-immune|p2a: Whimsicott\n|move|p2a: Whimsicott|Tailwind|p2a: Whimsicott\n|-sidestart|p2: Fuck Cops|move: Tailwind\n|move|p2b: Kyogre|Water Spout|p1a: \u5996\u820d\u7cbe\u62c9|[spread] p1a,p1b\n|-resisted|p1a: \u5996\u820d\u7cbe\u62c9\n|-crit|p1a: \u5996\u820d\u7cbe\u62c9\n|-resisted|p1b: \u6210\u90fd\u8001\u76d6\n|-enditem|p1a: \u5996\u820d\u7cbe\u62c9|Focus Sash\n|-damage|p1a: \u5996\u820d\u7cbe\u62c9|1/100\n|-damage|p1b: \u6210\u90fd\u8001\u76d6|6/100\n|move|p1b: \u6210\u90fd\u8001\u76d6|Origin Pulse|p2a: Whimsicott|[spread] \n|-miss|p1b: \u6210\u90fd\u8001\u76d6|p2a: Whimsicott\n|-miss|p1b: \u6210\u90fd\u8001\u76d6|p2b: Kyogre\n|\n|-weather|RainDance|[upkeep]\n|upkeep\n|turn|3\n|c|\u2606dasabe\u76d6\u6b27\u5361\u4fa0|\u2026\n|\n|t:|1768137307\n|switch|p2a: Zacian|Zacian-Crowned, L50|100/100\n|-ability|p2a: Zacian|Intrepid Sword|boost\n|-boost|p2a: Zacian|atk|1\n|move|p1a: \u5996\u820d\u7cbe\u62c9|Endeavor|p2b: Kyogre\n|-damage|p2b: Kyogre|1/100\n|move|p2b: Kyogre|Water Spout|p1b: \u6210\u90fd\u8001\u76d6|[spread] p1a,p1b\n|-resisted|p1a: \u5996\u820d\u7cbe\u62c9\n|-resisted|p1b: \u6210\u90fd\u8001\u76d6\n|-damage|p1a: \u5996\u820d\u7cbe\u62c9|0 fnt\n|-damage|p1b: \u6210\u90fd\u8001\u76d6|5/100\n|faint|p1a: \u5996\u820d\u7cbe\u62c9\n|move|p1b: \u6210\u90fd\u8001\u76d6|Origin Pulse|p2b: Kyogre|[spread] p2a\n|-miss|p1b: \u6210\u90fd\u8001\u76d6|p2b: Kyogre\n|-damage|p2a: Zacian|25/100\n|\n|-weather|RainDance|[upkeep]\n|upkeep\n|\n|t:|1768137311\n|switch|p1a: \u94f6\u91d1\u5996\u86c7|Miraidon, L50, shiny|100/100\n|-fieldstart|move: Electric Terrain|[from] ability: Hadron Engine|[of] p1a: \u94f6\u91d1\u5996\u86c7\n|turn|4\n|inactive|Fuck Cops has 30 seconds left.\n|\n|t:|1768137343\n|-terastallize|p1a: \u94f6\u91d1\u5996\u86c7|Fairy\n|move|p2a: Zacian|Play Rough|p1a: \u94f6\u91d1\u5996\u86c7\n|-damage|p1a: \u94f6\u91d1\u5996\u86c7|25/100\n|move|p1a: \u94f6\u91d1\u5996\u86c7|Dazzling Gleam|p2a: Zacian|[spread] p2a,p2b\n|-resisted|p2a: Zacian\n|-damage|p2a: Zacian|7/100\n|-damage|p2b: Kyogre|0 fnt\n|faint|p2b: Kyogre\n|-damage|p1a: \u94f6\u91d1\u5996\u86c7|15/100|[from] item: Life Orb\n|move|p1b: \u6210\u90fd\u8001\u76d6|Origin Pulse|p2a: Zacian\n|-damage|p2a: Zacian|0 fnt\n|faint|p2a: Zacian\n|\n|-weather|RainDance|[upkeep]\n|-sideend|p1: dasabe\u76d6\u6b27\u5361\u4fa0|move: Tailwind\n|upkeep\n|\n|t:|1768137351\n|switch|p2a: Whimsicott|Whimsicott, L50, M, tera:Dark|45/100\n|switch|p2b: Landorus|Landorus, L50, M|100/100\n|turn|5\n|inactive|Fuck Cops has 30 seconds left.\n|\n|t:|1768137376\n|move|p2a: Whimsicott|Moonblast|p1b: \u6210\u90fd\u8001\u76d6\n|-damage|p1b: \u6210\u90fd\u8001\u76d6|0 fnt\n|faint|p1b: \u6210\u90fd\u8001\u76d6\n|move|p2b: Landorus|Sandsear Storm|p1a: \u94f6\u91d1\u5996\u86c7\n|-damage|p1a: \u94f6\u91d1\u5996\u86c7|0 fnt\n|faint|p1a: \u94f6\u91d1\u5996\u86c7\n|\n|-weather|none\n|-sideend|p2: Fuck Cops|move: Light Screen\n|-sideend|p2: Fuck Cops|move: Tailwind\n|upkeep\n|-message|dasabe\u76d6\u6b27\u5361\u4fa0 forfeited.\n|\n|win|Fuck Cops\n|raw|dasabe\u76d6\u6b27\u5361\u4fa0's rating: 1390 &rarr; <strong>1363</strong><br />(-27 for losing)\n|raw|Fuck Cops's rating: 1263 &rarr; <strong>1297</strong><br />(+34 for winning)\n|l|\u2606dasabe\u76d6\u6b27\u5361\u4fa0\n|player|p1|\n|l|\u2606Fuck Cops\n|player|p2|\n","uploadtime":1768137534,"views":13,"formatid":"gen9vgc2026regi","rating":1297,"private":0,"password":null}