{"id":"gen9vgc2026regi-2567053500","format":"[Gen 9] VGC 2026 Reg I","players":["ArisHazard","Qu1ckdraw"],"log":"|j|\u2606ArisHazard\n|j|\u2606Qu1ckdraw\n|t:|1774445200\n|gametype|doubles\n|player|p1|ArisHazard|169|1479\n|player|p2|Qu1ckdraw|gambler|1410\n|gen|9\n|tier|[Gen 9] VGC 2026 Reg I\n|rated|\n|rule|Species Clause: Limit one of each Pok\u00e9mon\n|rule|Item Clause: Limit 1 of each item\n|clearpoke\n|poke|p1|Calyrex-Ice, L50|\n|poke|p1|Hitmontop, L50, M|\n|poke|p1|Miraidon, L50|\n|poke|p1|Sableye, L50, M|\n|poke|p1|Ting-Lu, L50|\n|poke|p1|Volcarona, L50, M|\n|poke|p2|Miraidon, L50|\n|poke|p2|Lunala, L50|\n|poke|p2|Ursaluna, L50, M|\n|poke|p2|Incineroar, L50, M|\n|poke|p2|Iron Hands, L50|\n|poke|p2|Flutter Mane, L50|\n|teampreview|4\n|\n|t:|1774445242\n|teamsize|p1|4\n|teamsize|p2|4\n|start\n|switch|p1a: Calyrex|Calyrex-Ice, L50|100/100\n|switch|p1b: Hitmontop|Hitmontop, L50, M|100/100\n|switch|p2a: Miraidon|Miraidon, L50|100/100\n|switch|p2b: Lunala|Lunala, L50, shiny|100/100\n|-ability|p1a: Calyrex|As One\n|-ability|p1a: Calyrex|Unnerve\n|-fieldstart|move: Electric Terrain|[from] ability: Hadron Engine|[of] p2a: Miraidon\n|-enditem|p2b: Lunala|Electric Seed\n|-boost|p2b: Lunala|def|1|[from] item: Electric Seed\n|-ability|p1b: Hitmontop|Intimidate|boost\n|-unboost|p2a: Miraidon|atk|1\n|-unboost|p2b: Lunala|atk|1\n|turn|1\n|inactive|Battle timer is ON: inactive players will automatically lose when time's up. (requested by ArisHazard)\n|inactive|ArisHazard has 60 seconds left.\n|\n|t:|1774445277\n|switch|p2a: Iron Hands|Iron Hands, L50|100/100\n|-activate|p2a: Iron Hands|ability: Quark Drive\n|-start|p2a: Iron Hands|quarkdriveatk\n|move|p1a: Calyrex|Protect|p1a: Calyrex\n|-singleturn|p1a: Calyrex|Protect\n|move|p2b: Lunala|Moongeist Beam|p1a: Calyrex\n|-activate|p1a: Calyrex|move: Protect\n|move|p1b: Hitmontop|Close Combat|p2a: Iron Hands\n|-damage|p2a: Iron Hands|70/100\n|-unboost|p1b: Hitmontop|def|1\n|-unboost|p1b: Hitmontop|spd|1\n|\n|upkeep\n|turn|2\n|inactive|Qu1ckdraw has 30 seconds left.\n|\n|t:|1774445309\n|switch|p1b: Sableye|Sableye, L50, M|100/100\n|-terastallize|p1a: Calyrex|Fire\n|move|p2b: Lunala|Moongeist Beam|p1a: Calyrex\n|-damage|p1a: Calyrex|60/100\n|move|p2a: Iron Hands|Wild Charge|p1b: Sableye\n|-damage|p1b: Sableye|0 fnt\n|faint|p1b: Sableye\n|-damage|p2a: Iron Hands|53/100|[from] Recoil\n|move|p1a: Calyrex|Stomping Tantrum|p2a: Iron Hands\n|-supereffective|p2a: Iron Hands\n|-damage|p2a: Iron Hands|2/100\n|\n|upkeep\n|\n|t:|1774445331\n|switch|p1b: Hitmontop|Hitmontop, L50, M|100/100\n|-ability|p1b: Hitmontop|Intimidate|boost\n|-unboost|p2a: Iron Hands|atk|1\n|-unboost|p2b: Lunala|atk|1\n|turn|3\n|\n|t:|1774445347\n|-end|p2a: Iron Hands|Quark Drive|[silent]\n|switch|p2a: Ursaluna|Ursaluna, L50, M|100/100\n|move|p2b: Lunala|Moongeist Beam|p1a: Calyrex\n|-damage|p1a: Calyrex|21/100\n|move|p1b: Hitmontop|Coaching|p1a: Calyrex\n|-boost|p1a: Calyrex|atk|1\n|-boost|p1a: Calyrex|def|1\n|move|p1a: Calyrex|Glacial Lance|p2a: Ursaluna|[spread] p2a,p2b\n|-supereffective|p2a: Ursaluna\n|-damage|p2a: Ursaluna|0 fnt\n|-damage|p2b: Lunala|80/100\n|faint|p2a: Ursaluna\n|-ability|p1a: Calyrex|Chilling Neigh|boost\n|-boost|p1a: Calyrex|atk|1\n|\n|upkeep\n|\n|t:|1774445364\n|switch|p2a: Miraidon|Miraidon, L50|100/100\n|-activate|p2a: Miraidon|ability: Hadron Engine\n|turn|4\n|\n|t:|1774445387\n|switch|p1a: Ting-Lu|Ting-Lu, L50|100/100\n|-ability|p1a: Ting-Lu|Vessel of Ruin\n|-terastallize|p2a: Miraidon|Electric\n|move|p2a: Miraidon|Dazzling Gleam|p1a: Ting-Lu|[spread] p1a,p1b\n|-supereffective|p1a: Ting-Lu\n|-crit|p1a: Ting-Lu\n|-supereffective|p1b: Hitmontop\n|-damage|p1a: Ting-Lu|50/100\n|-damage|p1b: Hitmontop|62/100\n|move|p2b: Lunala|Moonblast|p1b: Hitmontop\n|-supereffective|p1b: Hitmontop\n|-damage|p1b: Hitmontop|13/100\n|move|p1b: Hitmontop|Coaching|p1a: Ting-Lu\n|-boost|p1a: Ting-Lu|atk|1\n|-boost|p1a: Ting-Lu|def|1\n|\n|upkeep\n|turn|5\n|\n|t:|1774445407\n|switch|p2b: Iron Hands|Iron Hands, L50|2/100\n|-activate|p2b: Iron Hands|ability: Quark Drive\n|-start|p2b: Iron Hands|quarkdriveatk\n|move|p1b: Hitmontop|Wide Guard|p1b: Hitmontop\n|-singleturn|p1b: Hitmontop|Wide Guard\n|move|p2a: Miraidon|Dazzling Gleam|p1a: Ting-Lu|[spread] \n|-activate|p1a: Ting-Lu|move: Wide Guard\n|-activate|p1b: Hitmontop|move: Wide Guard\n|move|p1a: Ting-Lu|Stomping Tantrum|p2a: Miraidon\n|-supereffective|p2a: Miraidon\n|-damage|p2a: Miraidon|28/100\n|\n|-fieldend|move: Electric Terrain\n|-end|p2b: Iron Hands|Quark Drive\n|upkeep\n|turn|6\n|\n|t:|1774445428\n|move|p1b: Hitmontop|Wide Guard|p1b: Hitmontop\n|-singleturn|p1b: Hitmontop|Wide Guard\n|move|p2a: Miraidon|Volt Switch|p1b: Hitmontop\n|-damage|p1b: Hitmontop|0 fnt\n|faint|p1b: Hitmontop\n|\n|t:|1774445435\n|switch|p2a: Lunala|Lunala, L50, shiny|80/100|[from] Volt Switch\n|move|p2b: Iron Hands|Low Kick|p1a: Ting-Lu\n|-supereffective|p1a: Ting-Lu\n|-damage|p1a: Ting-Lu|0 fnt\n|-damage|p2b: Iron Hands|0 fnt|[from] item: Rocky Helmet|[of] p1a: Ting-Lu\n|faint|p1a: Ting-Lu\n|faint|p2b: Iron Hands\n|-end|p2b: Iron Hands|Quark Drive|[silent]\n|\n|upkeep\n|-message|ArisHazard forfeited.\n|\n|win|Qu1ckdraw\n|raw|ArisHazard's rating: 1479 &rarr; <strong>1455</strong><br />(-24 for losing)\n|raw|Qu1ckdraw's rating: 1410 &rarr; <strong>1434</strong><br />(+24 for winning)\n|l|\u2606ArisHazard\n|player|p1|\n|l|\u2606Qu1ckdraw\n|player|p2|\n","uploadtime":1774445616,"views":10,"formatid":"gen9vgc2026regi","rating":1434,"private":0,"password":null}