{"id":"gen9vgc2026regi-2558710135","format":"[Gen 9] VGC 2026 Reg I","players":["xmen2104","yubanmeiqin"],"log":"|j|\u2606xmen2104\n|j|\u2606yubanmeiqin\n|t:|1773467393\n|gametype|doubles\n|player|p1|xmen2104|lucas-gen4pt|1419\n|player|p2|yubanmeiqin|iono-masters|1390\n|gen|9\n|tier|[Gen 9] VGC 2026 Reg I\n|rated|\n|rule|Species Clause: Limit one of each Pok\u00e9mon\n|rule|Item Clause: Limit 1 of each item\n|clearpoke\n|poke|p1|Terapagos, L50, M|\n|poke|p1|Koraidon, L50|\n|poke|p1|Flutter Mane, L50|\n|poke|p1|Amoonguss, L50, M|\n|poke|p1|Incineroar, L50, M|\n|poke|p1|Rillaboom, L50, F|\n|poke|p2|Miraidon, L50|\n|poke|p2|Groudon, L50|\n|poke|p2|Grimmsnarl, L50, M|\n|poke|p2|Farigiraf, L50, F|\n|poke|p2|Incineroar, L50, M|\n|poke|p2|Ditto, L50|\n|teampreview|4\n|inactive|Battle timer is ON: inactive players will automatically lose when time's up. (requested by xmen2104)\n|j| wz131\n|l| wz131\n|inactive|yubanmeiqin has 60 seconds left.\n|\n|t:|1773467433\n|teamsize|p1|4\n|teamsize|p2|4\n|start\n|switch|p1a: Terapagos|Terapagos, L50, M|100/100\n|switch|p1b: Flutter Mane|Flutter Mane, L50|100/100\n|switch|p2a: Incineroar|Incineroar, L50, M|100/100\n|switch|p2b: Groudon|Groudon, L50|100/100\n|-activate|p1a: Terapagos|ability: Tera Shift\n|detailschange|p1a: Terapagos|Terapagos-Terastal, L50, M\n|-heal|p1a: Terapagos|100/100|[silent]\n|-weather|SunnyDay|[from] ability: Drought|[of] p2b: Groudon\n|-activate|p1b: Flutter Mane|ability: Protosynthesis\n|-start|p1b: Flutter Mane|protosynthesisspe\n|-ability|p2a: Incineroar|Intimidate|boost\n|-unboost|p1a: Terapagos|atk|1\n|-unboost|p1b: Flutter Mane|atk|1\n|turn|1\n|\n|t:|1773467452\n|move|p1b: Flutter Mane|Protect|p1b: Flutter Mane\n|-singleturn|p1b: Flutter Mane|Protect\n|move|p2b: Groudon|Protect|p2b: Groudon\n|-singleturn|p2b: Groudon|Protect\n|move|p1a: Terapagos|Protect|p1a: Terapagos\n|-singleturn|p1a: Terapagos|Protect\n|move|p2a: Incineroar|Parting Shot|p1a: Terapagos\n|-activate|p1a: Terapagos|move: Protect\n|\n|-weather|SunnyDay|[upkeep]\n|upkeep\n|turn|2\n|\n|t:|1773467473\n|move|p1b: Flutter Mane|Icy Wind|p2b: Groudon|[spread] p2a,p2b\n|-resisted|p2a: Incineroar\n|-supereffective|p2b: Groudon\n|-damage|p2a: Incineroar|94/100\n|-damage|p2b: Groudon|75/100\n|move|p2b: Groudon|Precipice Blades|p1a: Terapagos|[spread] p1b\n|-miss|p2b: Groudon|p1a: Terapagos\n|-enditem|p1b: Flutter Mane|Focus Sash\n|-damage|p1b: Flutter Mane|1/100\n|move|p1a: Terapagos|Meteor Beam||[still]\n|-prepare|p1a: Terapagos|Meteor Beam\n|-boost|p1a: Terapagos|spa|1\n|-enditem|p1a: Terapagos|Power Herb\n|-anim|p1a: Terapagos|Meteor Beam|p2a: Incineroar\n|-supereffective|p2a: Incineroar\n|-damage|p2a: Incineroar|0 fnt\n|faint|p2a: Incineroar\n|\n|-weather|SunnyDay|[upkeep]\n|upkeep\n|\n|t:|1773467495\n|switch|p2a: Ditto|Ditto, L50|100/100\n|-transform|p2a: Ditto|p1b: Flutter Mane|[from] ability: Imposter\n|turn|3\n|\n|t:|1773467506\n|-terastallize|p1a: Terapagos|Stellar\n|detailschange|p1a: Terapagos|Terapagos-Stellar, L50, M, tera:Stellar\n|-heal|p1a: Terapagos|100/100|[silent]\n|-ability|p1a: Terapagos|Teraform Zero\n|-weather|none\n|-end|p1b: Flutter Mane|Protosynthesis\n|move|p2a: Ditto|Icy Wind|p1a: Terapagos|[spread] p1a,p1b\n|-damage|p1a: Terapagos|92/100\n|-damage|p1b: Flutter Mane|0 fnt\n|-unboost|p1a: Terapagos|spe|1\n|faint|p1b: Flutter Mane\n|-end|p1b: Flutter Mane|Protosynthesis|[silent]\n|move|p2b: Groudon|Heat Crash|p1a: Terapagos\n|-damage|p1a: Terapagos|65/100\n|move|p1a: Terapagos|Tera Starstorm|p2a: Ditto|[spread] p2a,p2b\n|-crit|p2a: Ditto\n|-damage|p2a: Ditto|26/100\n|-damage|p2b: Groudon|29/100\n|\n|upkeep\n|\n|t:|1773467516\n|switch|p1b: Rillaboom|Rillaboom, L50, F|100/100\n|-fieldstart|move: Grassy Terrain|[from] ability: Grassy Surge|[of] p1b: Rillaboom\n|turn|4\n|\n|t:|1773467533\n|switch|p2b: Miraidon|Miraidon, L50|100/100\n|-fieldstart|move: Electric Terrain|[from] ability: Hadron Engine|[of] p2b: Miraidon\n|move|p2a: Ditto|Protect|p2a: Ditto\n|-singleturn|p2a: Ditto|Protect\n|move|p1b: Rillaboom|Grassy Glide|p2a: Ditto\n|-activate|p2a: Ditto|move: Protect\n|move|p1a: Terapagos|Tera Starstorm|p2a: Ditto|[spread] p2b\n|-activate|p2a: Ditto|move: Protect\n|-damage|p2b: Miraidon|69/100\n|\n|upkeep\n|turn|5\n|inactive|yubanmeiqin has 30 seconds left.\n|inactive|yubanmeiqin has 20 seconds left.\n|inactive|yubanmeiqin has 15 seconds left.\n|\n|t:|1773467576\n|move|p1a: Terapagos|Protect|p1a: Terapagos\n|-singleturn|p1a: Terapagos|Protect\n|move|p2a: Ditto|Moonblast|p1a: Terapagos\n|-activate|p1a: Terapagos|move: Protect\n|move|p2b: Miraidon|Electro Drift|p1a: Terapagos\n|-activate|p1a: Terapagos|move: Protect\n|move|p1b: Rillaboom|U-turn|p2a: Ditto\n|-resisted|p2a: Ditto\n|-damage|p2a: Ditto|16/100\n|\n|t:|1773467579\n|switch|p1b: Koraidon|Koraidon, L50|100/100|[from] U-turn\n|-weather|SunnyDay|[from] ability: Orichalcum Pulse|[of] p1b: Koraidon\n|-activate|p1b: Koraidon|Orichalcum Pulse|[source]\n|\n|-weather|SunnyDay|[upkeep]\n|upkeep\n|turn|6\n|\n|t:|1773467599\n|switch|p1b: Rillaboom|Rillaboom, L50, F|100/100\n|-fieldstart|move: Grassy Terrain|[from] ability: Grassy Surge|[of] p1b: Rillaboom\n|move|p2a: Ditto|Moonblast|p1b: Rillaboom\n|-crit|p1b: Rillaboom\n|-damage|p1b: Rillaboom|51/100\n|move|p2b: Miraidon|Snarl|p1b: Rillaboom|[spread] p1a,p1b\n|-damage|p1a: Terapagos|55/100\n|-damage|p1b: Rillaboom|40/100\n|-unboost|p1a: Terapagos|spa|1\n|-unboost|p1b: Rillaboom|spa|1\n|move|p1a: Terapagos|Tera Starstorm|p2a: Ditto|[spread] p2a,p2b\n|-damage|p2a: Ditto|0 fnt\n|-damage|p2b: Miraidon|50/100\n|faint|p2a: Ditto\n|-end|p2a: Ditto|Protosynthesis|[silent]\n|\n|-weather|SunnyDay|[upkeep]\n|-heal|p2b: Miraidon|56/100|[from] Grassy Terrain\n|-heal|p1b: Rillaboom|46/100|[from] Grassy Terrain\n|-heal|p1a: Terapagos|62/100|[from] Grassy Terrain\n|upkeep\n|\n|t:|1773467607\n|switch|p2a: Groudon|Groudon, L50|29/100\n|turn|7\n|\n|t:|1773467621\n|move|p1b: Rillaboom|Fake Out|p2b: Miraidon\n|-damage|p2b: Miraidon|44/100\n|cant|p2b: Miraidon|flinch\n|move|p2a: Groudon|Precipice Blades|p1b: Rillaboom|[spread] p1a,p1b\n|-resisted|p1b: Rillaboom\n|-damage|p1a: Terapagos|33/100\n|-damage|p1b: Rillaboom|20/100\n|move|p1a: Terapagos|Tera Starstorm|p2b: Miraidon|[spread] p2a,p2b\n|-damage|p2a: Groudon|0 fnt\n|-damage|p2b: Miraidon|27/100\n|faint|p2a: Groudon\n|\n|-weather|SunnyDay|[upkeep]\n|-heal|p2b: Miraidon|32/100|[from] Grassy Terrain\n|-heal|p1b: Rillaboom|26/100|[from] Grassy Terrain\n|-heal|p1a: Terapagos|39/100|[from] Grassy Terrain\n|upkeep\n|turn|8\n|-message|yubanmeiqin forfeited.\n|\n|win|xmen2104\n|raw|xmen2104's rating: 1419 &rarr; <strong>1437</strong><br />(+18 for winning)\n|raw|yubanmeiqin's rating: 1390 &rarr; <strong>1372</strong><br />(-18 for losing)\n|l|\u2606yubanmeiqin\n|player|p2|\n|l|\u2606xmen2104\n|player|p1|\n","uploadtime":1773467831,"views":14,"formatid":"gen9vgc2026regi","rating":1372,"private":0,"password":null}