{"id":"gen9vgc2026regi-2538688513","format":"[Gen 9] VGC 2026 Reg I","players":["VJ2511","Harrishawk530"],"log":"|j|\u2606VJ2511\n|j|\u2606Harrishawk530\n|t:|1770957281\n|gametype|doubles\n|player|p1|VJ2511|red-masters3|1531\n|player|p2|Harrishawk530|2|1396\n|gen|9\n|tier|[Gen 9] VGC 2026 Reg I\n|rated|\n|rule|Species Clause: Limit one of each Pok\u00e9mon\n|rule|Item Clause: Limit 1 of each item\n|clearpoke\n|poke|p1|Calyrex-Shadow, L50|\n|poke|p1|Zamazenta-*, L50|\n|poke|p1|Chien-Pao, L50|\n|poke|p1|Dragonite, L50, M|\n|poke|p1|Raging Bolt, L50|\n|poke|p1|Amoonguss, L50, M|\n|poke|p2|Groudon, L50|\n|poke|p2|Calyrex-Shadow, L50|\n|poke|p2|Flutter Mane, L50|\n|poke|p2|Whimsicott, L50, F|\n|poke|p2|Walking Wake, L50|\n|poke|p2|Chi-Yu, L50|\n|teampreview|4\n|inactive|Battle timer is ON: inactive players will automatically lose when time's up. (requested by VJ2511)\n|inactive|Harrishawk530 also wants the timer to be on.\n|inactive|Harrishawk530 has 60 seconds left.\n|\n|t:|1770957317\n|teamsize|p1|4\n|teamsize|p2|4\n|start\n|switch|p1a: Zamazenta|Zamazenta-Crowned, L50|100/100\n|switch|p1b: Raging Bolt|Raging Bolt, L50|100/100\n|switch|p2a: Groudon|Groudon, L50|100/100\n|switch|p2b: Chi-Yu|Chi-Yu, L50|100/100\n|-ability|p2b: Chi-Yu|Beads of Ruin\n|-ability|p1a: Zamazenta|Dauntless Shield|boost\n|-boost|p1a: Zamazenta|def|1\n|-weather|SunnyDay|[from] ability: Drought|[of] p2a: Groudon\n|-activate|p1b: Raging Bolt|ability: Protosynthesis\n|-start|p1b: Raging Bolt|protosynthesisspa\n|turn|1\n|\n|t:|1770957335\n|-terastallize|p1a: Zamazenta|Dragon\n|move|p2b: Chi-Yu|Dark Pulse|p1b: Raging Bolt\n|-damage|p1b: Raging Bolt|51/100\n|move|p1a: Zamazenta|Body Press|p2a: Groudon\n|-damage|p2a: Groudon|60/100\n|move|p2a: Groudon|Heat Crash|p1a: Zamazenta\n|-resisted|p1a: Zamazenta\n|-damage|p1a: Zamazenta|94/100\n|move|p1b: Raging Bolt|Dragon Pulse|p2b: Chi-Yu\n|-damage|p2b: Chi-Yu|19/100\n|\n|-weather|SunnyDay|[upkeep]\n|upkeep\n|turn|2\n|\n|t:|1770957357\n|switch|p2a: Flutter Mane|Flutter Mane, L50|100/100\n|-activate|p2a: Flutter Mane|ability: Protosynthesis\n|-start|p2a: Flutter Mane|protosynthesisspe\n|move|p2b: Chi-Yu|Protect|p2b: Chi-Yu\n|-singleturn|p2b: Chi-Yu|Protect\n|move|p1b: Raging Bolt|Protect|p1b: Raging Bolt\n|-singleturn|p1b: Raging Bolt|Protect\n|move|p1a: Zamazenta|Body Press|p2a: Flutter Mane\n|-immune|p2a: Flutter Mane\n|\n|-weather|SunnyDay|[upkeep]\n|upkeep\n|turn|3\n|\n|t:|1770957378\n|move|p1b: Raging Bolt|Thunderclap|p2a: Flutter Mane\n|-damage|p2a: Flutter Mane|17/100\n|move|p2a: Flutter Mane|Shadow Ball|p1a: Zamazenta\n|-damage|p1a: Zamazenta|56/100\n|move|p2b: Chi-Yu|Dark Pulse|p1a: Zamazenta\n|-damage|p1a: Zamazenta|19/100\n|cant|p1a: Zamazenta|flinch\n|\n|-weather|SunnyDay|[upkeep]\n|upkeep\n|turn|4\n|\n|t:|1770957397\n|move|p1b: Raging Bolt|Thunderclap|p2b: Chi-Yu\n|-damage|p2b: Chi-Yu|0 fnt\n|faint|p2b: Chi-Yu\n|move|p2a: Flutter Mane|Dazzling Gleam|p1b: Raging Bolt|[spread] p1a,p1b\n|-supereffective|p1a: Zamazenta\n|-supereffective|p1b: Raging Bolt\n|-damage|p1a: Zamazenta|0 fnt\n|-damage|p1b: Raging Bolt|0 fnt\n|faint|p1a: Zamazenta\n|faint|p1b: Raging Bolt\n|-end|p1b: Raging Bolt|Protosynthesis|[silent]\n|\n|-weather|SunnyDay|[upkeep]\n|upkeep\n|\n|t:|1770957405\n|switch|p2b: Calyrex|Calyrex-Shadow, L50|100/100\n|switch|p1a: Calyrex|Calyrex-Shadow, L50|100/100\n|switch|p1b: Dragonite|Dragonite, L50, M, shiny|100/100\n|-ability|p1a: Calyrex|As One\n|-ability|p1a: Calyrex|Unnerve\n|-ability|p2b: Calyrex|As One\n|-ability|p2b: Calyrex|Unnerve\n|turn|5\n|\n|t:|1770957422\n|-terastallize|p2b: Calyrex|Ghost\n|move|p1b: Dragonite|Aqua Jet|p2a: Flutter Mane\n|-damage|p2a: Flutter Mane|0 fnt\n|faint|p2a: Flutter Mane\n|-end|p2a: Flutter Mane|Protosynthesis|[silent]\n|move|p1a: Calyrex|Astral Barrage|p2b: Calyrex\n|-supereffective|p2b: Calyrex\n|-damage|p2b: Calyrex|0 fnt\n|faint|p2b: Calyrex\n|-ability|p1a: Calyrex|Grim Neigh|boost\n|-boost|p1a: Calyrex|spa|1\n|\n|-weather|none\n|upkeep\n|\n|t:|1770957431\n|switch|p2b: Groudon|Groudon, L50|60/100\n|-weather|SunnyDay|[from] ability: Drought|[of] p2b: Groudon\n|turn|6\n|\n|t:|1770957436\n|move|p1a: Calyrex|Protect|p1a: Calyrex\n|-singleturn|p1a: Calyrex|Protect\n|move|p1b: Dragonite|Aqua Jet|p2b: Groudon\n|-supereffective|p2b: Groudon\n|-damage|p2b: Groudon|44/100\n|move|p2b: Groudon|Heat Crash|p1a: Calyrex\n|-activate|p1a: Calyrex|move: Protect\n|\n|-weather|SunnyDay|[upkeep]\n|upkeep\n|turn|7\n|\n|t:|1770957444\n|move|p1b: Dragonite|Aqua Jet|p2b: Groudon\n|-supereffective|p2b: Groudon\n|-damage|p2b: Groudon|30/100\n|move|p1a: Calyrex|Astral Barrage|p2b: Groudon\n|-damage|p2b: Groudon|0 fnt\n|faint|p2b: Groudon\n|\n|win|VJ2511\n|raw|VJ2511's rating: 1531 &rarr; <strong>1544</strong><br />(+13 for winning)\n|raw|Harrishawk530's rating: 1396 &rarr; <strong>1383</strong><br />(-13 for losing)\n|l|\u2606Harrishawk530\n|player|p2|\n|l|\u2606VJ2511\n|player|p1|\n","uploadtime":1770957708,"views":31,"formatid":"gen9vgc2026regi","rating":1383,"private":0,"password":null}