{"id":"gen9vgc2026regi-2528201020","format":"[Gen 9] VGC 2026 Reg I","players":["lalo's pollos","jammmes"],"log":"|j|\u2606lalo's pollos\n|j|\u2606jammmes\n|t:|1769629470\n|gametype|doubles\n|player|p1|lalo's pollos|169|1374\n|player|p2|jammmes|2|1401\n|gen|9\n|tier|[Gen 9] VGC 2026 Reg I\n|rated|\n|rule|Species Clause: Limit one of each Pok\u00e9mon\n|rule|Item Clause: Limit 1 of each item\n|clearpoke\n|poke|p1|Miraidon, L50|\n|poke|p1|Landorus, L50, M|\n|poke|p1|Incineroar, L50, M|\n|poke|p1|Iron Bundle, L50|\n|poke|p1|Farigiraf, L50, F|\n|poke|p1|Calyrex-Ice, L50|\n|poke|p2|Smeargle, L50, M|\n|poke|p2|Muk-Alola, L50, M|\n|poke|p2|Lunala, L50|\n|poke|p2|Ho-Oh, L50|\n|poke|p2|Iron Valiant, L50|\n|poke|p2|Flamigo, L50, M|\n|teampreview|4\n|\n|t:|1769629487\n|teamsize|p1|4\n|teamsize|p2|4\n|start\n|switch|p1a: Landorus|Landorus, L50, M|100/100\n|switch|p1b: Co-Star|Miraidon, L50|100/100\n|switch|p2a: Smeargle|Smeargle, L50, M|100/100\n|switch|p2b: Muk|Muk-Alola, L50, M|100/100\n|-fieldstart|move: Electric Terrain|[from] ability: Hadron Engine|[of] p1b: Co-Star\n|turn|1\n|\n|t:|1769629501\n|switch|p1b: the Manager|Farigiraf, L50, F|100/100\n|-terastallize|p1a: Landorus|Water\n|-terastallize|p2b: Muk|Grass\n|move|p2a: Smeargle|Fake Out||[still]\n|cant|p1b: the Manager|ability: Armor Tail|Fake Out|[of] p2a: Smeargle\n|move|p1a: Landorus|Sandsear Storm|p2b: Muk|[spread] p2a,p2b\n|-resisted|p2b: Muk\n|-enditem|p2a: Smeargle|Focus Sash\n|-damage|p2a: Smeargle|1/100\n|-damage|p2b: Muk|77/100\n|move|p2b: Muk|Minimize|p2b: Muk\n|-boost|p2b: Muk|evasion|2\n|\n|-heal|p2b: Muk|84/100|[from] item: Leftovers\n|-ability|p2a: Smeargle|Moody|boost\n|-boost|p2a: Smeargle|def|2\n|-unboost|p2a: Smeargle|spe|1\n|upkeep\n|turn|2\n|\n|t:|1769629529\n|switch|p1a: Co-Star|Miraidon, L50|100/100\n|-activate|p1a: Co-Star|ability: Hadron Engine\n|move|p2a: Smeargle|Salt Cure|p1a: Co-Star\n|-damage|p1a: Co-Star|97/100\n|-start|p1a: Co-Star|Salt Cure\n|move|p1b: the Manager|Psychic|p2a: Smeargle\n|-damage|p2a: Smeargle|0 fnt\n|faint|p2a: Smeargle\n|-ability|p2b: Muk|Moody|Power of Alchemy|[from] ability: Power of Alchemy|[of] p2a: Smeargle\n|move|p2b: Muk|Minimize|p2b: Muk\n|-boost|p2b: Muk|evasion|2\n|\n|-heal|p2b: Muk|90/100|[from] item: Leftovers\n|-damage|p1a: Co-Star|84/100|[from] Salt Cure\n|-ability|p2b: Muk|Moody|boost\n|-boost|p2b: Muk|spd|2\n|-unboost|p2b: Muk|def|1\n|upkeep\n|\n|t:|1769629550\n|switch|p2a: Flamigo|Flamigo, L50, M|100/100\n|-copyboost|p2a: Flamigo|p2b: Muk|[from] ability: Costar\n|-enditem|p2a: Flamigo|White Herb\n|-clearnegativeboost|p2a: Flamigo|[silent]\n|turn|3\n|\n|t:|1769629569\n|move|p1b: the Manager|Helping Hand|p1a: Co-Star\n|-singleturn|p1a: Co-Star|Helping Hand|[of] p1b: the Manager\n|move|p1a: Co-Star|Dazzling Gleam|p2b: Muk|[spread] p2a\n|-miss|p1a: Co-Star|p2b: Muk\n|-supereffective|p2a: Flamigo\n|-crit|p2a: Flamigo\n|-damage|p2a: Flamigo|0 fnt\n|faint|p2a: Flamigo\n|move|p2b: Muk|Minimize|p2b: Muk\n|-boost|p2b: Muk|evasion|2\n|\n|-heal|p2b: Muk|96/100|[from] item: Leftovers\n|-damage|p1a: Co-Star|72/100|[from] Salt Cure\n|-ability|p2b: Muk|Moody|boost\n|-boost|p2b: Muk|spe|2\n|-unboost|p2b: Muk|spd|1\n|upkeep\n|\n|t:|1769629585\n|switch|p2a: Lunala|Lunala, L50|100/100\n|turn|4\n|\n|t:|1769629594\n|move|p1a: Co-Star|Dazzling Gleam|p2b: Muk|[spread] p2a\n|-miss|p1a: Co-Star|p2b: Muk\n|-damage|p2a: Lunala|85/100\n|move|p2a: Lunala|Psych Up|p2b: Muk\n|-copyboost|p2a: Lunala|p2b: Muk|[from] move: Psych Up\n|move|p2b: Muk|Poison Gas|p1a: Co-Star|[spread] p1a,p1b\n|-status|p1a: Co-Star|psn\n|-status|p1b: the Manager|psn\n|move|p1b: the Manager|Foul Play|p2a: Lunala|[miss]\n|-miss|p1b: the Manager|p2a: Lunala\n|\n|-heal|p2b: Muk|100/100|[from] item: Leftovers\n|-damage|p1a: Co-Star|59/100 psn|[from] psn\n|-damage|p1b: the Manager|88/100 psn|[from] psn\n|-damage|p1a: Co-Star|47/100 psn|[from] Salt Cure\n|-ability|p2b: Muk|Moody|boost\n|-boost|p2b: Muk|atk|2\n|-unboost|p2b: Muk|spe|1\n|upkeep\n|turn|5\n|-message|lalo's pollos forfeited.\n|\n|win|jammmes\n|raw|lalo&apos;s pollos's rating: 1374 &rarr; <strong>1356</strong><br />(-18 for losing)\n|raw|jammmes's rating: 1401 &rarr; <strong>1419</strong><br />(+18 for winning)\n|l|\u2606lalo's pollos\n|player|p1|\n|l|\u2606jammmes\n|player|p2|\n","uploadtime":1769629834,"views":17,"formatid":"gen9vgc2026regi","rating":1356,"private":0,"password":null}