{"id":"gen9vgc2026regi-2588863403","format":"[Gen 9] VGC 2026 Reg I","players":["bjrcjggjhvb","jj11j1"],"log":"|j|\u2606bjrcjggjhvb\n|j|\u2606jj11j1\n|t:|1776679932\n|gametype|doubles\n|player|p1|bjrcjggjhvb|266|1490\n|player|p2|jj11j1|170|1453\n|gen|9\n|tier|[Gen 9] VGC 2026 Reg I\n|rated|\n|rule|Species Clause: Limit one of each Pok\u00e9mon\n|rule|Item Clause: Limit 1 of each item\n|clearpoke\n|poke|p1|Calyrex-Ice, L50|\n|poke|p1|Kyogre, L50|\n|poke|p1|Farigiraf, L50, M|\n|poke|p1|Slowking-Galar, L50, F|\n|poke|p1|Porygon2, L50|\n|poke|p1|Pincurchin, L50, M|\n|poke|p2|Ho-Oh, L50|\n|poke|p2|Calyrex-Ice, L50|\n|poke|p2|Overqwil, L50, M|\n|poke|p2|Ting-Lu, L50|\n|poke|p2|Rillaboom, L50, F|\n|poke|p2|Ogerpon-Wellspring, L50, F|\n|teampreview|4\n|inactive|Battle timer is ON: inactive players will automatically lose when time's up. (requested by bjrcjggjhvb)\nbjrcjggjhvb rejected open team sheets.\n|\n|t:|1776679969\n|teamsize|p1|4\n|teamsize|p2|4\n|start\n|switch|p1a: Calyrex|Calyrex-Ice, L50|100/100\n|switch|p1b: Farigiraf|Farigiraf, L50, M|100/100\n|switch|p2a: Ogerpon|Ogerpon-Wellspring, L50, F|100/100\n|switch|p2b: Calyrex|Calyrex-Ice, L50|100/100\n|-ability|p1a: Calyrex|As One\n|-ability|p1a: Calyrex|Unnerve\n|-ability|p2b: Calyrex|As One\n|-ability|p2b: Calyrex|Unnerve\n|turn|1\n|\n|t:|1776679988\n|-terastallize|p2b: Calyrex|Water\n|move|p2a: Ogerpon|Ivy Cudgel|p1b: Farigiraf|[anim] Ivy Cudgel Water\n|-damage|p1b: Farigiraf|37/100\n|move|p2b: Calyrex|Leech Seed|p1a: Calyrex\n|-start|p1a: Calyrex|move: Leech Seed\n|move|p1a: Calyrex|Glacial Lance|p2a: Ogerpon|[spread] p2a,p2b\n|-resisted|p2b: Calyrex\n|-damage|p2a: Ogerpon|21/100\n|-damage|p2b: Calyrex|82/100\n|-damage|p1a: Calyrex|91/100|[from] item: Life Orb\n|move|p1b: Farigiraf|Trick Room|p1b: Farigiraf\n|-fieldstart|move: Trick Room|[of] p1b: Farigiraf\n|\n|-heal|p2b: Calyrex|87/100|[from] item: Leftovers\n|-damage|p1a: Calyrex|79/100|[from] Leech Seed|[of] p2b: Calyrex\n|-heal|p2b: Calyrex|99/100|[silent]\n|upkeep\n|turn|2\n|inactive|bjrcjggjhvb has 30 seconds left.\n|inactive|jj11j1 has 30 seconds left.\n|\n|t:|1776680022\n|move|p1b: Farigiraf|Helping Hand|p1a: Calyrex\n|-singleturn|p1a: Calyrex|Helping Hand|[of] p1b: Farigiraf\n|move|p2a: Ogerpon|Spiky Shield|p2a: Ogerpon\n|-singleturn|p2a: Ogerpon|move: Protect\n|move|p2b: Calyrex|Glacial Lance|p1b: Farigiraf|[spread] p1a,p1b\n|-resisted|p1a: Calyrex\n|-damage|p1a: Calyrex|63/100\n|-damage|p1b: Farigiraf|0 fnt\n|faint|p1b: Farigiraf\n|-ability|p2b: Calyrex|Chilling Neigh|boost\n|-boost|p2b: Calyrex|atk|1\n|move|p1a: Calyrex|Glacial Lance|p2b: Calyrex|[spread] p2b\n|-activate|p2a: Ogerpon|move: Protect\n|-resisted|p2b: Calyrex\n|-damage|p2b: Calyrex|70/100\n|-damage|p1a: Calyrex|53/100|[from] item: Life Orb\n|\n|-heal|p2b: Calyrex|76/100|[from] item: Leftovers\n|-damage|p1a: Calyrex|41/100|[from] Leech Seed|[of] p2b: Calyrex\n|-heal|p2b: Calyrex|88/100|[silent]\n|upkeep\n|\n|t:|1776680046\n|switch|p1b: Kyogre|Kyogre, L50|100/100\n|-weather|RainDance|[from] ability: Drizzle|[of] p1b: Kyogre\n|turn|3\n|\n|t:|1776680060\n|switch|p2a: Overqwil|Overqwil, L50, M|100/100\n|-ability|p2a: Overqwil|Intimidate|boost\n|-unboost|p1a: Calyrex|atk|1\n|-unboost|p1b: Kyogre|atk|1\n|move|p1b: Kyogre|Thunder|p2b: Calyrex\n|-supereffective|p2b: Calyrex\n|-damage|p2b: Calyrex|34/100\n|-status|p2b: Calyrex|par\n|move|p2b: Calyrex|Leech Seed|p1b: Kyogre\n|-start|p1b: Kyogre|move: Leech Seed\n|move|p1a: Calyrex|Glacial Lance|p2b: Calyrex|[spread] p2a,p2b\n|-resisted|p2b: Calyrex\n|-damage|p2a: Overqwil|56/100\n|-damage|p2b: Calyrex|21/100 par\n|-damage|p1a: Calyrex|31/100|[from] item: Life Orb\n|\n|-weather|RainDance|[upkeep]\n|-heal|p2b: Calyrex|27/100 par|[from] item: Leftovers\n|-heal|p2a: Overqwil|62/100|[from] item: Black Sludge\n|-damage|p1b: Kyogre|88/100|[from] Leech Seed|[of] p2b: Calyrex\n|-heal|p2b: Calyrex|39/100 par|[silent]\n|-damage|p1a: Calyrex|19/100|[from] Leech Seed|[of] p2b: Calyrex\n|-heal|p2b: Calyrex|51/100 par|[silent]\n|upkeep\n|turn|4\n|inactive|jj11j1 has 30 seconds left.\n|inactive|bjrcjggjhvb has 30 seconds left.\n|inactive|jj11j1 has 20 seconds left.\n|inactive|bjrcjggjhvb has 20 seconds left.\n|inactive|jj11j1 has 15 seconds left.\n|inactive|bjrcjggjhvb has 15 seconds left.\n|\n|t:|1776680107\n|switch|p2b: Ogerpon|Ogerpon-Wellspring, L50, F|21/100\n|switch|p1a: Slowking|Slowking-Galar, L50, F|100/100\n|-clearboost|p1b: Kyogre|[from] ability: Curious Medicine|[of] p1a: Slowking\n|move|p1b: Kyogre|Water Spout|p2a: Overqwil|[spread] p2a\n|-heal|p2b: Ogerpon|46/100|[from] ability: Water Absorb|[of] p1b: Kyogre\n|-damage|p2a: Overqwil|0 fnt\n|faint|p2a: Overqwil\n|\n|-weather|RainDance|[upkeep]\n|-damage|p1b: Kyogre|76/100|[from] Leech Seed|[of] p2b: Ogerpon\n|-heal|p2b: Ogerpon|59/100|[silent]\n|upkeep\n|\n|t:|1776680124\n|switch|p2a: Calyrex|Calyrex-Ice, L50, tera:Water|51/100 par\n|-ability|p2a: Calyrex|As One\n|-ability|p2a: Calyrex|Unnerve\n|turn|5\n|\n|t:|1776680145\n|move|p2a: Calyrex|Protect|p2a: Calyrex\n|-singleturn|p2a: Calyrex|Protect\n|move|p2b: Ogerpon|Spiky Shield|p2b: Ogerpon\n|-singleturn|p2b: Ogerpon|move: Protect\n|move|p1a: Slowking|Sludge Bomb|p2b: Ogerpon\n|-activate|p2b: Ogerpon|move: Protect\n|move|p1b: Kyogre|Thunder|p2a: Calyrex\n|-activate|p2a: Calyrex|move: Protect\n|\n|-weather|RainDance|[upkeep]\n|-heal|p2a: Calyrex|57/100 par|[from] item: Leftovers\n|-damage|p1b: Kyogre|64/100|[from] Leech Seed|[of] p2b: Ogerpon\n|-heal|p2b: Ogerpon|73/100|[silent]\n|-fieldend|move: Trick Room\n|upkeep\n|turn|6\n|inactive|jj11j1 has 30 seconds left.\n|\n|t:|1776680174\n|move|p1b: Kyogre|Protect|p1b: Kyogre\n|-singleturn|p1b: Kyogre|Protect\n|move|p2b: Ogerpon|Ivy Cudgel|p1a: Slowking|[anim] Ivy Cudgel Water\n|-damage|p1a: Slowking|8/100\n|move|p2a: Calyrex|Leech Seed|p1a: Slowking\n|-start|p1a: Slowking|move: Leech Seed\n|move|p1a: Slowking|Trick Room|p1a: Slowking\n|-fieldstart|move: Trick Room|[of] p1a: Slowking\n|\n|-weather|RainDance|[upkeep]\n|-heal|p2a: Calyrex|62/100 par|[from] item: Leftovers\n|-heal|p1a: Slowking|14/100|[from] item: Leftovers\n|-damage|p1a: Slowking|2/100|[from] Leech Seed|[of] p2a: Calyrex\n|-heal|p2a: Calyrex|74/100 par|[silent]\n|-damage|p1b: Kyogre|52/100|[from] Leech Seed|[of] p2b: Ogerpon\n|-heal|p2b: Ogerpon|86/100|[silent]\n|upkeep\n|turn|7\n|\n|t:|1776680193\n|move|p2b: Ogerpon|Follow Me|p2b: Ogerpon\n|-singleturn|p2b: Ogerpon|move: Follow Me\n|move|p2a: Calyrex|Glacial Lance|p1a: Slowking|[spread] p1a,p1b\n|-resisted|p1b: Kyogre\n|-damage|p1a: Slowking|0 fnt\n|-damage|p1b: Kyogre|30/100\n|faint|p1a: Slowking\n|-ability|p2a: Calyrex|Chilling Neigh|boost\n|-boost|p2a: Calyrex|atk|1\n|move|p1b: Kyogre|Thunder|p2b: Ogerpon\n|-damage|p2b: Ogerpon|44/100\n|\n|-weather|none\n|-heal|p2a: Calyrex|80/100 par|[from] item: Leftovers\n|-damage|p1b: Kyogre|18/100|[from] Leech Seed|[of] p2b: Ogerpon\n|-heal|p2b: Ogerpon|57/100|[silent]\n|upkeep\n|\n|t:|1776680204\n|switch|p1a: Calyrex|Calyrex-Ice, L50|19/100\n|-ability|p1a: Calyrex|As One\n|-ability|p1a: Calyrex|Unnerve\n|turn|8\n|\n|t:|1776680220\n|move|p2b: Ogerpon|Spiky Shield|p2b: Ogerpon\n|-singleturn|p2b: Ogerpon|move: Protect\n|move|p2a: Calyrex|Glacial Lance|p1b: Kyogre|[spread] p1a,p1b\n|-resisted|p1a: Calyrex\n|-resisted|p1b: Kyogre\n|-damage|p1a: Calyrex|0 fnt\n|-damage|p1b: Kyogre|0 fnt\n|faint|p1a: Calyrex\n|faint|p1b: Kyogre\n|\n|win|jj11j1\n|raw|bjrcjggjhvb's rating: 1490 &rarr; <strong>1468</strong><br />(-22 for losing)\n|raw|jj11j1's rating: 1453 &rarr; <strong>1475</strong><br />(+22 for winning)\n|l|\u2606jj11j1\n|player|p2|\n","uploadtime":1776680370,"views":7,"formatid":"gen9vgc2026regi","rating":1468,"private":0,"password":null}