{"id":"gen9vgc2026regi-2566978563","format":"[Gen 9] VGC 2026 Reg I","players":["dwsdws","dasabe\u76d6\u6b27\u5361\u4fa0"],"log":"|j|\u2606dwsdws\n|j|\u2606dasabe\u76d6\u6b27\u5361\u4fa0\n|t:|1774437584\n|gametype|doubles\n|player|p1|dwsdws|hilbert|1499\n|player|p2|dasabe\u76d6\u6b27\u5361\u4fa0|may-masters4|1614\n|gen|9\n|tier|[Gen 9] VGC 2026 Reg I\n|rated|\n|rule|Species Clause: Limit one of each Pok\u00e9mon\n|rule|Item Clause: Limit 1 of each item\n|clearpoke\n|poke|p1|Lugia, L50|\n|poke|p1|Groudon, L50|\n|poke|p1|Chien-Pao, L50|\n|poke|p1|Sableye, L50, M|\n|poke|p1|Ogerpon-Hearthflame, L50, F|\n|poke|p1|Raging Bolt, L50|\n|poke|p2|Miraidon, L50|\n|poke|p2|Groudon, L50|\n|poke|p2|Walking Wake, L50|\n|poke|p2|Grimmsnarl, L50, M|\n|poke|p2|Incineroar, L50, M|\n|poke|p2|Ditto, L50|\n|teampreview|4\n|\n|t:|1774437615\n|teamsize|p1|4\n|teamsize|p2|4\n|start\n|switch|p1a: Sableye|Sableye, L50, M|100/100\n|switch|p1b: Groudon|Groudon, L50|100/100\n|switch|p2a: \u94f6\u91d1\u5996\u86c7|Miraidon, L50, shiny|100/100\n|switch|p2b: \u94f6\u6bdb\u6ee1\u8eab|Grimmsnarl, L50, M, shiny|100/100\n|-weather|SunnyDay|[from] ability: Drought|[of] p1b: Groudon\n|-fieldstart|move: Electric Terrain|[from] ability: Hadron Engine|[of] p2a: \u94f6\u91d1\u5996\u86c7\n|turn|1\n|\n|t:|1774437626\n|-terastallize|p2a: \u94f6\u91d1\u5996\u86c7|Fairy\n|move|p1a: Sableye|Light Screen|p1a: Sableye\n|-sidestart|p1: dwsdws|move: Light Screen\n|move|p1b: Groudon|Precipice Blades|p2a: \u94f6\u91d1\u5996\u86c7|[spread] p2a,p2b\n|-damage|p2a: \u94f6\u91d1\u5996\u86c7|63/100\n|-damage|p2b: \u94f6\u6bdb\u6ee1\u8eab|46/100\n|move|p2a: \u94f6\u91d1\u5996\u86c7|Dazzling Gleam|p1b: Groudon|[spread] p1a,p1b\n|-supereffective|p1a: Sableye\n|-damage|p1a: Sableye|14/100\n|-damage|p1b: Groudon|68/100\n|move|p2b: \u94f6\u6bdb\u6ee1\u8eab|Spirit Break|p1a: Sableye\n|-supereffective|p1a: Sableye\n|-damage|p1a: Sableye|0 fnt\n|faint|p1a: Sableye\n|\n|-weather|SunnyDay|[upkeep]\n|upkeep\n|\n|t:|1774437639\n|switch|p1a: Raging Bolt|Raging Bolt, L50|100/100\n|-activate|p1a: Raging Bolt|ability: Protosynthesis\n|-start|p1a: Raging Bolt|protosynthesisspa\n|turn|2\n|\n|t:|1774437645\n|move|p1a: Raging Bolt|Thunderclap||[still]\n|-fail|p1a: Raging Bolt\n|move|p2b: \u94f6\u6bdb\u6ee1\u8eab|Reflect|p2b: \u94f6\u6bdb\u6ee1\u8eab\n|-sidestart|p2: dasabe\u76d6\u6b27\u5361\u4fa0|Reflect\n|move|p1b: Groudon|Precipice Blades|p2a: \u94f6\u91d1\u5996\u86c7|[spread] p2a,p2b\n|-damage|p2a: \u94f6\u91d1\u5996\u86c7|37/100\n|-damage|p2b: \u94f6\u6bdb\u6ee1\u8eab|8/100\n|move|p2a: \u94f6\u91d1\u5996\u86c7|Calm Mind|p2a: \u94f6\u91d1\u5996\u86c7\n|-boost|p2a: \u94f6\u91d1\u5996\u86c7|spa|1\n|-boost|p2a: \u94f6\u91d1\u5996\u86c7|spd|1\n|\n|-weather|SunnyDay|[upkeep]\n|upkeep\n|turn|3\n|\n|t:|1774437655\n|switch|p2b: \u629b\u5f00\u864e\u54e5\u54ee\u7a74|Incineroar, L50, M|100/100\n|-ability|p2b: \u629b\u5f00\u864e\u54e5\u54ee\u7a74|Intimidate|boost\n|-unboost|p1a: Raging Bolt|atk|1\n|-unboost|p1b: Groudon|atk|1\n|move|p1b: Groudon|Precipice Blades|p2a: \u94f6\u91d1\u5996\u86c7|[spread] p2a,p2b\n|-supereffective|p2b: \u629b\u5f00\u864e\u54e5\u54ee\u7a74\n|-damage|p2a: \u94f6\u91d1\u5996\u86c7|19/100\n|-damage|p2b: \u629b\u5f00\u864e\u54e5\u54ee\u7a74|67/100\n|move|p2a: \u94f6\u91d1\u5996\u86c7|Dazzling Gleam|p1b: Groudon|[spread] p1a,p1b\n|-supereffective|p1a: Raging Bolt\n|-damage|p1a: Raging Bolt|55/100\n|-damage|p1b: Groudon|22/100\n|move|p1a: Raging Bolt|Snarl|p2b: \u629b\u5f00\u864e\u54e5\u54ee\u7a74|[spread] p2a,p2b\n|-resisted|p2a: \u94f6\u91d1\u5996\u86c7\n|-resisted|p2b: \u629b\u5f00\u864e\u54e5\u54ee\u7a74\n|-damage|p2a: \u94f6\u91d1\u5996\u86c7|14/100\n|-damage|p2b: \u629b\u5f00\u864e\u54e5\u54ee\u7a74|60/100\n|-unboost|p2b: \u629b\u5f00\u864e\u54e5\u54ee\u7a74|spa|1\n|\n|-weather|SunnyDay|[upkeep]\n|upkeep\n|turn|4\n|\n|t:|1774437679\n|move|p2b: \u629b\u5f00\u864e\u54e5\u54ee\u7a74|Fake Out|p1a: Raging Bolt\n|-damage|p1a: Raging Bolt|47/100\n|move|p1b: Groudon|Precipice Blades|p2a: \u94f6\u91d1\u5996\u86c7|[spread] p2a,p2b\n|-supereffective|p2b: \u629b\u5f00\u864e\u54e5\u54ee\u7a74\n|-damage|p2a: \u94f6\u91d1\u5996\u86c7|0 fnt\n|-damage|p2b: \u629b\u5f00\u864e\u54e5\u54ee\u7a74|28/100\n|faint|p2a: \u94f6\u91d1\u5996\u86c7\n|cant|p1a: Raging Bolt|flinch\n|\n|-weather|SunnyDay|[upkeep]\n|upkeep\n|\n|t:|1774437685\n|switch|p2a: P\u56fa\u771f\u5927|Groudon, L50, shiny|100/100\n|turn|5\n|\n|t:|1774437695\n|-end|p1a: Raging Bolt|Protosynthesis|[silent]\n|switch|p1a: Lugia|Lugia, L50|100/100\n|switch|p2b: \u94f6\u6bdb\u6ee1\u8eab|Grimmsnarl, L50, M, shiny|8/100\n|move|p1b: Groudon|Precipice Blades|p2a: P\u56fa\u771f\u5927|[spread] p2a,p2b\n|-damage|p2a: P\u56fa\u771f\u5927|85/100\n|-damage|p2b: \u94f6\u6bdb\u6ee1\u8eab|0 fnt\n|faint|p2b: \u94f6\u6bdb\u6ee1\u8eab\n|move|p2a: P\u56fa\u771f\u5927|Precipice Blades|p1a: Lugia|[spread] p1b\n|-immune|p1a: Lugia\n|-damage|p1b: Groudon|0 fnt\n|faint|p1b: Groudon\n|\n|-weather|none\n|-fieldend|move: Electric Terrain\n|upkeep\n|\n|t:|1774437705\n|switch|p1b: Raging Bolt|Raging Bolt, L50|47/100\n|switch|p2b: \u629b\u5f00\u864e\u54e5\u54ee\u7a74|Incineroar, L50, M|28/100\n|-ability|p2b: \u629b\u5f00\u864e\u54e5\u54ee\u7a74|Intimidate|boost\n|-unboost|p1a: Lugia|atk|1\n|-unboost|p1b: Raging Bolt|atk|1\n|turn|6\n|\n|t:|1774437722\n|move|p2b: \u629b\u5f00\u864e\u54e5\u54ee\u7a74|Fake Out|p1a: Lugia\n|-damage|p1a: Lugia|98/100\n|cant|p1a: Lugia|flinch\n|move|p2a: P\u56fa\u771f\u5927|Precipice Blades|p1a: Lugia|[spread] p1b\n|-immune|p1a: Lugia\n|-supereffective|p1b: Raging Bolt\n|-damage|p1b: Raging Bolt|0 fnt\n|faint|p1b: Raging Bolt\n|-end|p1b: Raging Bolt|Protosynthesis|[silent]\n|\n|upkeep\n|turn|7\n|\n|t:|1774437736\n|move|p1a: Lugia|Protect|p1a: Lugia\n|-singleturn|p1a: Lugia|Protect\n|move|p2a: P\u56fa\u771f\u5927|Will-O-Wisp|p1a: Lugia\n|-activate|p1a: Lugia|move: Protect\n|move|p2b: \u629b\u5f00\u864e\u54e5\u54ee\u7a74|Knock Off|p1a: Lugia\n|-activate|p1a: Lugia|move: Protect\n|\n|upkeep\n|turn|8\n|\n|t:|1774437748\n|move|p1a: Lugia|Aeroblast|p2b: \u629b\u5f00\u864e\u54e5\u54ee\u7a74\n|-damage|p2b: \u629b\u5f00\u864e\u54e5\u54ee\u7a74|6/100\n|move|p2a: P\u56fa\u771f\u5927|Will-O-Wisp|p1a: Lugia\n|-status|p1a: Lugia|brn\n|move|p2b: \u629b\u5f00\u864e\u54e5\u54ee\u7a74|Knock Off|p1a: Lugia\n|-supereffective|p1a: Lugia\n|-crit|p1a: Lugia\n|-damage|p1a: Lugia|33/100 brn\n|-enditem|p1a: Lugia|Weakness Policy\n|-boost|p1a: Lugia|atk|2|[from] item: Weakness Policy\n|-boost|p1a: Lugia|spa|2|[from] item: Weakness Policy\n|\n|-damage|p1a: Lugia|26/100 brn|[from] brn\n|-sideend|p1: dwsdws|move: Light Screen\n|upkeep\n|turn|9\n|\n|t:|1774437766\n|-terastallize|p1a: Lugia|Grass\n|move|p1a: Lugia|Giga Drain|p2a: P\u56fa\u771f\u5927\n|-supereffective|p2a: P\u56fa\u771f\u5927\n|-damage|p2a: P\u56fa\u771f\u5927|0 fnt\n|-heal|p1a: Lugia|64/100 brn|[from] drain|[of] p2a: P\u56fa\u771f\u5927\n|faint|p2a: P\u56fa\u771f\u5927\n|move|p2b: \u629b\u5f00\u864e\u54e5\u54ee\u7a74|Knock Off|p1a: Lugia\n|-damage|p1a: Lugia|50/100 brn\n|\n|-damage|p1a: Lugia|43/100 brn|[from] brn\n|-sideend|p2: dasabe\u76d6\u6b27\u5361\u4fa0|Reflect\n|upkeep\n|turn|10\n|-message|dasabe\u76d6\u6b27\u5361\u4fa0 forfeited.\n|\n|win|dwsdws\n|raw|dwsdws's rating: 1499 &rarr; <strong>1525</strong><br />(+26 for winning)\n|raw|dasabe\u76d6\u6b27\u5361\u4fa0's rating: 1614 &rarr; <strong>1588</strong><br />(-26 for losing)\n|l|\u2606dasabe\u76d6\u6b27\u5361\u4fa0\n|player|p2|\n|l|\u2606dwsdws\n|player|p1|\n","uploadtime":1774437983,"views":24,"formatid":"gen9vgc2026regi","rating":1525,"private":0,"password":null}