{"id":"gen9vgc2026regi-2523499393","format":"[Gen 9] VGC 2026 Reg I","players":["Zordor","Bman311"],"log":"|j|\u2606Zordor\n|j|\u2606Bman311\n|t:|1769031242\n|gametype|doubles\n|player|p1|Zordor|pilot|1456\n|player|p2|Bman311|101|1441\n|gen|9\n|tier|[Gen 9] VGC 2026 Reg I\n|rated|\n|rule|Species Clause: Limit one of each Pok\u00e9mon\n|rule|Item Clause: Limit 1 of each item\n|clearpoke\n|poke|p1|Entei, L50|\n|poke|p1|Walking Wake, L50|\n|poke|p1|Zacian-*, L50|\n|poke|p1|Groudon, L50|\n|poke|p1|Rillaboom, L50, M|\n|poke|p1|Raging Bolt, L50|\n|poke|p2|Miraidon, L50|\n|poke|p2|Calyrex-Ice, L50|\n|poke|p2|Incineroar, L50, M|\n|poke|p2|Farigiraf, L50, M|\n|poke|p2|Whimsicott, L50, M|\n|poke|p2|Ursaluna, L50, M|\n|teampreview|4\n|inactive|Battle timer is ON: inactive players will automatically lose when time's up. (requested by Bman311)\n|inactive|Zordor has 60 seconds left.\n|inactive|Bman311 has 60 seconds left.\n|inactive|Zordor has 30 seconds left.\n|\n|t:|1769031303\n|teamsize|p1|4\n|teamsize|p2|4\n|start\n|switch|p1a: Groudon|Groudon, L50|100/100\n|switch|p1b: Entei|Entei, L50|100/100\n|switch|p2a: Incineroar|Incineroar, L50, M|100/100\n|switch|p2b: Farigiraf|Farigiraf, L50, M|100/100\n|-weather|SunnyDay|[from] ability: Drought|[of] p1a: Groudon\n|-ability|p2a: Incineroar|Intimidate|boost\n|-fail|p1a: Groudon|unboost|[from] item: Clear Amulet|[of] p1a: Groudon\n|-fail|p1b: Entei|unboost|Attack|[from] ability: Inner Focus|[of] p1b: Entei\n|turn|1\n|\n|t:|1769031316\n|move|p2a: Incineroar|Fake Out|p1a: Groudon\n|-damage|p1a: Groudon|93/100\n|cant|p1a: Groudon|flinch\n|move|p1b: Entei|Sacred Fire|p2b: Farigiraf\n|-damage|p2b: Farigiraf|43/100\n|-status|p2b: Farigiraf|brn\n|move|p2b: Farigiraf|Trick Room|p2b: Farigiraf\n|-fieldstart|move: Trick Room|[of] p2b: Farigiraf\n|\n|-weather|SunnyDay|[upkeep]\n|-damage|p2b: Farigiraf|38/100 brn|[from] brn\n|upkeep\n|turn|2\n|\n|t:|1769031335\n|-terastallize|p1a: Groudon|Fire\n|move|p1b: Entei|Protect|p1b: Entei\n|-singleturn|p1b: Entei|Protect\n|move|p2b: Farigiraf|Foul Play|p1b: Entei\n|-activate|p1b: Entei|move: Protect\n|move|p2a: Incineroar|U-turn|p1b: Entei\n|-activate|p1b: Entei|move: Protect\n|move|p1a: Groudon|Precipice Blades|p2a: Incineroar|[spread] p2a,p2b\n|-supereffective|p2a: Incineroar\n|-damage|p2a: Incineroar|19/100\n|-damage|p2b: Farigiraf|0 fnt\n|faint|p2b: Farigiraf\n|\n|-weather|SunnyDay|[upkeep]\n|upkeep\n|\n|t:|1769031341\n|switch|p2b: Ursaluna|Ursaluna, L50, M|100/100\n|turn|3\n|\n|t:|1769031362\n|switch|p1a: Rillaboom|Rillaboom, L50, M|100/100\n|-fieldstart|move: Grassy Terrain|[from] ability: Grassy Surge|[of] p1a: Rillaboom\n|move|p1b: Entei|Extreme Speed|p2a: Incineroar\n|-damage|p2a: Incineroar|0 fnt\n|faint|p2a: Incineroar\n|move|p2b: Ursaluna|Earthquake|p1b: Entei|[spread] p1a,p1b\n|-resisted|p1a: Rillaboom\n|-supereffective|p1b: Entei\n|-damage|p1a: Rillaboom|91/100\n|-damage|p1b: Entei|64/100\n|\n|-weather|SunnyDay|[upkeep]\n|-heal|p1a: Rillaboom|97/100|[from] Grassy Terrain\n|-heal|p1b: Entei|70/100|[from] Grassy Terrain\n|-heal|p1b: Entei|76/100|[from] item: Leftovers\n|-status|p2b: Ursaluna|brn|[from] item: Flame Orb\n|upkeep\n|\n|t:|1769031365\n|switch|p2a: Calyrex|Calyrex-Ice, L50|100/100\n|-ability|p2a: Calyrex|As One\n|-ability|p2a: Calyrex|Unnerve\n|turn|4\n|inactive|Zordor has 30 seconds left.\n|\n|t:|1769031395\n|-terastallize|p2b: Ursaluna|Ghost\n|move|p2a: Calyrex|Protect|p2a: Calyrex\n|-singleturn|p2a: Calyrex|Protect\n|move|p1a: Rillaboom|Fake Out|p2b: Ursaluna\n|-immune|p2b: Ursaluna\n|move|p2b: Ursaluna|Facade|p1b: Entei\n|-damage|p1b: Entei|0 fnt\n|faint|p1b: Entei\n|\n|-weather|SunnyDay|[upkeep]\n|-heal|p1a: Rillaboom|100/100|[from] Grassy Terrain\n|-damage|p2b: Ursaluna|95/100 brn|[from] brn\n|upkeep\n|\n|t:|1769031403\n|switch|p1b: Zacian|Zacian-Crowned, L50|100/100\n|-ability|p1b: Zacian|Intrepid Sword|boost\n|-boost|p1b: Zacian|atk|1\n|turn|5\n|\n|t:|1769031418\n|move|p1b: Zacian|Protect|p1b: Zacian\n|-singleturn|p1b: Zacian|Protect\n|move|p1a: Rillaboom|Grassy Glide|p2b: Ursaluna\n|-damage|p2b: Ursaluna|68/100 brn\n|move|p2b: Ursaluna|Headlong Rush|p1b: Zacian\n|-activate|p1b: Zacian|move: Protect\n|move|p2a: Calyrex|Glacial Lance|p1a: Rillaboom|[spread] p1a\n|-activate|p1b: Zacian|move: Protect\n|-supereffective|p1a: Rillaboom\n|-damage|p1a: Rillaboom|7/100\n|\n|-weather|none\n|-heal|p2b: Ursaluna|74/100 brn|[from] Grassy Terrain\n|-heal|p1a: Rillaboom|13/100|[from] Grassy Terrain\n|-damage|p2b: Ursaluna|68/100 brn|[from] brn\n|-fieldend|move: Trick Room\n|upkeep\n|turn|6\n|\n|t:|1769031440\n|move|p2a: Calyrex|Protect|p2a: Calyrex\n|-singleturn|p2a: Calyrex|Protect\n|move|p1b: Zacian|Behemoth Blade|p2b: Ursaluna\n|-damage|p2b: Ursaluna|12/100 brn\n|move|p1a: Rillaboom|Drum Beating|p2b: Ursaluna\n|-damage|p2b: Ursaluna|0 fnt\n|faint|p2b: Ursaluna\n|\n|-heal|p1a: Rillaboom|18/100|[from] Grassy Terrain\n|upkeep\n|turn|7\n|\n|t:|1769031453\n|move|p1b: Zacian|Behemoth Blade|p2a: Calyrex\n|-supereffective|p2a: Calyrex\n|-damage|p2a: Calyrex|0 fnt\n|faint|p2a: Calyrex\n|\n|win|Zordor\n|raw|Zordor's rating: 1456 &rarr; <strong>1475</strong><br />(+19 for winning)\n|raw|Bman311's rating: 1441 &rarr; <strong>1422</strong><br />(-19 for losing)\n|l|\u2606Bman311\n|player|p2|\n|l|\u2606Zordor\n|player|p1|\n","uploadtime":1769031690,"views":15,"formatid":"gen9vgc2026regi","rating":1422,"private":0,"password":null}