{"id":"gen9vgc2026regi-2559380819","format":"[Gen 9] VGC 2026 Reg I","players":["KingNoahC17","smartyff"],"log":"|j|\u2606KingNoahC17\n|j|\u2606smartyff\n|t:|1773555409\n|gametype|doubles\n|player|p1|KingNoahC17|266|\n|player|p2|smartyff|2|\n|gen|9\n|tier|[Gen 9] VGC 2026 Reg I\n|rated|Tournament battle\n|rule|Species Clause: Limit one of each Pok\u00e9mon\n|rule|Item Clause: Limit 1 of each item\n|raw|<div class=\"infobox\"><details class=\"readmore\" open><summary><strong>3 custom rules:</strong></summary> Open Team Sheets, Force Open Team Sheets, !Open Team Sheets</details></div>\n|clearpoke\n|poke|p1|Calyrex-Ice, L50|\n|poke|p1|Miraidon, L50|\n|poke|p1|Grimmsnarl, L50, M|\n|poke|p1|Incineroar, L50, F|\n|poke|p1|Ogerpon-Cornerstone, L50, F|\n|poke|p1|Landorus, L50, M|\n|poke|p2|Necrozma-Dusk-Mane, L50|\n|poke|p2|Kyogre, L50|\n|poke|p2|Amoonguss, L50, F|\n|poke|p2|Rillaboom, L50, F|\n|poke|p2|Urshifu-*, L50, F|\n|poke|p2|Iron Jugulis, L50|\n|teampreview|4\n|showteam|p1|Calyrex-Ice||ElectricSeed|AsOneGlastrier|GlacialLance,LeechSeed,TrickRoom,Protect||||||50|,,,,,Water]Miraidon||AssaultVest|HadronEngine|ElectroDrift,VoltSwitch,DracoMeteor,Snarl||||||50|,,,,,Electric]Grimmsnarl||LightClay|Prankster|LightScreen,Reflect,SpiritBreak,ThunderWave|||M|||50|,,,,,Ghost]Incineroar||RockyHelmet|Intimidate|FakeOut,KnockOff,FlareBlitz,PartingShot|||F|||50|,,,,,Bug]Ogerpon-Cornerstone||CornerstoneMask|Sturdy|IvyCudgel,FollowMe,SpikyShield,PowerWhip|||F|||50|,,,,,Rock]Landorus||LifeOrb|SheerForce|EarthPower,SludgeBomb,Protect,SandsearStorm|||M|||50|,,,,,Water\n|showteam|p2|Necrozma-Dusk-Mane||ClearAmulet|PrismArmor|TrickRoom,PhotonGeyser,SunsteelStrike,Protect||||||50|,,,,,Water]Kyogre||MysticWater|Drizzle|WaterSpout,OriginPulse,HydroPump,Protect||||||50|,,,,,Grass]Amoonguss||RockyHelmet|Regenerator|Spore,RagePowder,PollenPuff,Protect|||F|||50|,,,,,Fairy]Rillaboom||AssaultVest|GrassySurge|FakeOut,WoodHammer,Uturn,GrassyGlide|||F|||50|,,,,,Water]Urshifu-Rapid-Strike||ChoiceScarf|UnseenFist|SurgingStrikes,CloseCombat,Uturn,Coaching|||F|||50|,,,,,Ghost]Iron Jugulis||BoosterEnergy|QuarkDrive|Tailwind,Snarl,Hurricane,Protect||||||50|,,,,,Steel\n|inactive|Battle timer is ON: inactive players will automatically lose when time's up. (requested by KingNoahC17)\n|j| kc caliste\n|j| fanana2314\n|j| parks34\n|inactive|KingNoahC17 has 60 seconds left.\n|inactive|smartyff has 60 seconds left.\n|\n|t:|1773555445\n|teamsize|p1|4\n|teamsize|p2|4\n|start\n|switch|p1a: No Fun For U|Grimmsnarl, L50, M|100/100\n|switch|p1b: WolfeyVGC|Incineroar, L50, F|100/100\n|switch|p2a: Rillaboom|Rillaboom, L50, F|100/100\n|switch|p2b: Kyogre|Kyogre, L50|100/100\n|-fieldstart|move: Grassy Terrain|[from] ability: Grassy Surge|[of] p2a: Rillaboom\n|-weather|RainDance|[from] ability: Drizzle|[of] p2b: Kyogre\n|-ability|p1b: WolfeyVGC|Intimidate|boost\n|-unboost|p2a: Rillaboom|atk|1\n|-unboost|p2b: Kyogre|atk|1\n|turn|1\n|j|@Therazer456\n|\n|t:|1773555459\n|switch|p1b: I Go Brrr|Miraidon, L50|100/100\n|-fieldstart|move: Electric Terrain|[from] ability: Hadron Engine|[of] p1b: I Go Brrr\n|move|p2a: Rillaboom|Fake Out|p1b: I Go Brrr\n|-damage|p1b: I Go Brrr|92/100\n|move|p1a: No Fun For U|Light Screen|p1a: No Fun For U\n|-sidestart|p1: KingNoahC17|move: Light Screen\n|move|p2b: Kyogre|Water Spout|p1b: I Go Brrr|[spread] p1a,p1b\n|-resisted|p1b: I Go Brrr\n|-damage|p1a: No Fun For U|35/100\n|-damage|p1b: I Go Brrr|68/100\n|\n|-weather|RainDance|[upkeep]\n|upkeep\n|turn|2\n|l| fanana2314\n|c| parks34|king you have to win this\n|\n|t:|1773555480\n|move|p2b: Kyogre|Protect|p2b: Kyogre\n|-singleturn|p2b: Kyogre|Protect\n|move|p1a: No Fun For U|Reflect|p1a: No Fun For U\n|-sidestart|p1: KingNoahC17|Reflect\n|move|p1b: I Go Brrr|Electro Drift|p2b: Kyogre\n|-activate|p2b: Kyogre|move: Protect\n|move|p2a: Rillaboom|U-turn|p1b: I Go Brrr\n|-damage|p1b: I Go Brrr|60/100\n|j| 801344244a\n|\n|t:|1773555501\n|switch|p2a: Urshifu|Urshifu-Rapid-Strike, L50, F|100/100|[from] U-turn\n|\n|-weather|RainDance|[upkeep]\n|upkeep\n|turn|3\n|j| mynamegrassgreen\n|\n|t:|1773555521\n|switch|p2a: Rillaboom|Rillaboom, L50, F|100/100\n|-fieldstart|move: Grassy Terrain|[from] ability: Grassy Surge|[of] p2a: Rillaboom\n|-terastallize|p2b: Kyogre|Grass\n|move|p1a: No Fun For U|Thunder Wave|p2a: Rillaboom\n|-status|p2a: Rillaboom|par\n|move|p1b: I Go Brrr|Electro Drift|p2a: Rillaboom\n|-resisted|p2a: Rillaboom\n|-damage|p2a: Rillaboom|82/100 par\n|move|p2b: Kyogre|Water Spout|p1b: I Go Brrr|[spread] p1a,p1b\n|-resisted|p1b: I Go Brrr\n|-damage|p1a: No Fun For U|0 fnt\n|-damage|p1b: I Go Brrr|38/100\n|faint|p1a: No Fun For U\n|\n|-weather|RainDance|[upkeep]\n|-heal|p1b: I Go Brrr|44/100|[from] Grassy Terrain\n|-heal|p2a: Rillaboom|87/100 par|[from] Grassy Terrain\n|upkeep\n|\n|t:|1773555524\n|switch|p1a: I Go Neigh|Calyrex-Ice, L50|100/100\n|-ability|p1a: I Go Neigh|As One\n|-ability|p1a: I Go Neigh|Unnerve\n|turn|4\n|j| Matrod\n|\n|t:|1773555552\n|move|p2a: Rillaboom|Fake Out|p1a: I Go Neigh\n|-damage|p1a: I Go Neigh|95/100\n|move|p1b: I Go Brrr|Volt Switch|p2a: Rillaboom\n|-resisted|p2a: Rillaboom\n|-damage|p2a: Rillaboom|74/100 par\n|\n|t:|1773555555\n|switch|p1b: WolfeyVGC|Incineroar, L50, F|100/100|[from] Volt Switch\n|-ability|p1b: WolfeyVGC|Intimidate|boost\n|-unboost|p2a: Rillaboom|atk|1\n|-unboost|p2b: Kyogre|atk|1\n|move|p2b: Kyogre|Water Spout|p1b: WolfeyVGC|[spread] p1a,p1b\n|-supereffective|p1b: WolfeyVGC\n|-crit|p1b: WolfeyVGC\n|-damage|p1a: I Go Neigh|44/100\n|-damage|p1b: WolfeyVGC|0 fnt\n|faint|p1b: WolfeyVGC\n|cant|p1a: I Go Neigh|flinch\n|\n|-weather|RainDance|[upkeep]\n|-heal|p1a: I Go Neigh|50/100|[from] Grassy Terrain\n|-heal|p2a: Rillaboom|80/100 par|[from] Grassy Terrain\n|upkeep\n|\n|t:|1773555557\n|switch|p1b: I Go Brrr|Miraidon, L50|44/100\n|-fieldstart|move: Electric Terrain|[from] ability: Hadron Engine|[of] p1b: I Go Brrr\n|-enditem|p1a: I Go Neigh|Electric Seed\n|-boost|p1a: I Go Neigh|def|1|[from] item: Electric Seed\n|turn|5\n|c|\u2606KingNoahC17|it did not occur to me ogre does that much damage\n|inactive|KingNoahC17 has 30 seconds left.\n|c|\u2606KingNoahC17|lowk just sold\n|inactive|KingNoahC17 has 20 seconds left.\n|inactive|KingNoahC17 has 15 seconds left.\n|\n|t:|1773555598\n|switch|p2a: Necrozma|Necrozma-Dusk-Mane, L50|100/100\n|move|p2b: Kyogre|Protect|p2b: Kyogre\n|-singleturn|p2b: Kyogre|Protect\n|move|p1b: I Go Brrr|Snarl|p2a: Necrozma|[spread] p2a\n|-activate|p2b: Kyogre|move: Protect\n|-supereffective|p2a: Necrozma\n|-damage|p2a: Necrozma|78/100\n|move|p1a: I Go Neigh|Trick Room|p1a: I Go Neigh\n|-fieldstart|move: Trick Room|[of] p1a: I Go Neigh\n|\n|-weather|none\n|upkeep\n|turn|6\n|c| mynamegrassgreen|which ogree?\n|c|\u2606KingNoahC17|kyogre\n|c| mynamegrassgreen|ohh wait i was thing ogerpon lol\n|inactive|KingNoahC17 has 30 seconds left.\n|inactive|smartyff has 30 seconds left.\n|c|\u2606KingNoahC17|when refering to ogerpon its normally oger\n|inactive|KingNoahC17 has 20 seconds left.\n|inactive|KingNoahC17 has 15 seconds left.\n|\n|t:|1773555641\n|switch|p2b: Rillaboom|Rillaboom, L50, F|80/100 par\n|-fieldstart|move: Grassy Terrain|[from] ability: Grassy Surge|[of] p2b: Rillaboom\n|-terastallize|p1a: I Go Neigh|Water\n|move|p1a: I Go Neigh|Glacial Lance|p2a: Necrozma|[spread] p2a,p2b\n|-resisted|p2a: Necrozma\n|-supereffective|p2b: Rillaboom\n|-damage|p2a: Necrozma|61/100\n|-damage|p2b: Rillaboom|0 fnt\n|faint|p2b: Rillaboom\n|-ability|p1a: I Go Neigh|Chilling Neigh|boost\n|-boost|p1a: I Go Neigh|atk|1\n|move|p2a: Necrozma|Photon Geyser|p1b: I Go Brrr\n|-damage|p1b: I Go Brrr|12/100\n|move|p1b: I Go Brrr|Electro Drift|p2a: Necrozma\n|-damage|p2a: Necrozma|21/100\n|\n|-heal|p1a: I Go Neigh|56/100|[from] Grassy Terrain\n|-heal|p2a: Necrozma|27/100|[from] Grassy Terrain\n|-heal|p1b: I Go Brrr|18/100|[from] Grassy Terrain\n|upkeep\n|\n|t:|1773555659\n|switch|p2b: Kyogre|Kyogre, L50, tera:Grass|100/100\n|-weather|RainDance|[from] ability: Drizzle|[of] p2b: Kyogre\n|turn|7\n|\n|t:|1773555669\n|switch|p2b: Urshifu|Urshifu-Rapid-Strike, L50, F|100/100\n|move|p1a: I Go Neigh|Glacial Lance|p2a: Necrozma|[spread] p2a,p2b\n|-resisted|p2a: Necrozma\n|-resisted|p2b: Urshifu\n|-damage|p2a: Necrozma|0 fnt\n|-damage|p2b: Urshifu|58/100\n|faint|p2a: Necrozma\n|-ability|p1a: I Go Neigh|Chilling Neigh|boost\n|-boost|p1a: I Go Neigh|atk|1\n|move|p1b: I Go Brrr|Electro Drift|p2b: Urshifu\n|-supereffective|p2b: Urshifu\n|-damage|p2b: Urshifu|0 fnt\n|faint|p2b: Urshifu\n|\n|-weather|RainDance|[upkeep]\n|-heal|p1a: I Go Neigh|62/100|[from] Grassy Terrain\n|-heal|p1b: I Go Brrr|24/100|[from] Grassy Terrain\n|upkeep\n|-message|smartyff forfeited.\n|\n|win|KingNoahC17\n|n|\u2606KingNoahC17|kingnoahc17\n|n|\u2606smartyff|smartyff\n|n| kc caliste|kccaliste\n|n| parks34|parks34\n|n| Therazer456|therazer456\n|n| 801344244a|801344244a\n|n| mynamegrassgreen|mynamegrassgreen\n|n| Matrod|matrod\n","uploadtime":1773555677,"views":10,"formatid":"gen9vgc2026regi","rating":null,"private":0,"password":null}