{"id":"gen9vgc2026regi-2561881863","format":"[Gen 9] VGC 2026 Reg I","players":["4Test4","8nferior"],"log":"|j|\u26064Test4\n|j|\u26068nferior\n|t:|1773851634\n|gametype|doubles\n|player|p1|4Test4|blue|1131\n|player|p2|8nferior|liza|1194\n|gen|9\n|tier|[Gen 9] VGC 2026 Reg I\n|rated|\n|rule|Species Clause: Limit one of each Pok\u00e9mon\n|rule|Item Clause: Limit 1 of each item\n|clearpoke\n|poke|p1|Koraidon, L50|\n|poke|p1|Calyrex-Shadow, L50|\n|poke|p1|Brute Bonnet, L50|\n|poke|p1|Weezing-Galar, L50, M|\n|poke|p1|Tornadus, L50, M|\n|poke|p1|Weavile, L50, F|\n|poke|p2|Necrozma-Dusk-Mane, L50|\n|poke|p2|Miraidon, L50|\n|poke|p2|Ting-Lu, L50|\n|poke|p2|Ceruledge, L50, F|\n|poke|p2|Chesnaught, L50, M|\n|poke|p2|Primarina, L50, F|\n|teampreview|4\n|inactive|Battle timer is ON: inactive players will automatically lose when time's up. (requested by 4Test4)\n|\n|t:|1773851702\n|teamsize|p1|4\n|teamsize|p2|4\n|start\n|switch|p1a: Koraidon|Koraidon, L50|100/100\n|switch|p1b: Weezing|Weezing-Galar, L50, M|100/100\n|switch|p2a: Worse zamazenta|Necrozma-Dusk-Mane, L50, shiny|100/100\n|switch|p2b: Clearly pincurchin|Miraidon, L50|100/100\n|-ability|p1b: Weezing|Neutralizing Gas\n|-block|p1a: Koraidon|item: Ability Shield\n|-weather|SunnyDay|[from] ability: Orichalcum Pulse|[of] p1a: Koraidon\n|-activate|p1a: Koraidon|Orichalcum Pulse|[source]\n|turn|1\n|\n|t:|1773851726\n|-terastallize|p1a: Koraidon|Fire\n|move|p2a: Worse zamazenta|Protect|p2a: Worse zamazenta\n|-singleturn|p2a: Worse zamazenta|Protect\n|move|p1b: Weezing|Protect|p1b: Weezing\n|-singleturn|p1b: Weezing|Protect\n|move|p2b: Clearly pincurchin|Electro Drift|p1b: Weezing\n|-activate|p1b: Weezing|move: Protect\n|move|p1a: Koraidon|Flame Charge|p2a: Worse zamazenta\n|-activate|p2a: Worse zamazenta|move: Protect\n|\n|-weather|SunnyDay|[upkeep]\n|upkeep\n|turn|2\n|inactive|8nferior has 30 seconds left.\n|inactive|4Test4 has 30 seconds left.\n|inactive|8nferior has 20 seconds left.\n|inactive|8nferior has 15 seconds left.\n|\n|t:|1773851780\n|switch|p2a: You'll never guess|Ceruledge, L50, F|100/100\n|move|p2b: Clearly pincurchin|Electro Drift|p1b: Weezing\n|-damage|p1b: Weezing|28/100\n|-damage|p2b: Clearly pincurchin|84/100|[from] item: Rocky Helmet|[of] p1b: Weezing\n|move|p1a: Koraidon|Flame Charge|p2a: You'll never guess\n|-resisted|p2a: You'll never guess\n|-damage|p2a: You'll never guess|65/100\n|-boost|p1a: Koraidon|spe|1\n|move|p1b: Weezing|Dazzling Gleam|p2a: You'll never guess|[spread] p2a,p2b\n|-resisted|p2a: You'll never guess\n|-supereffective|p2b: Clearly pincurchin\n|-damage|p2a: You'll never guess|58/100\n|-damage|p2b: Clearly pincurchin|52/100\n|\n|-weather|SunnyDay|[upkeep]\n|upkeep\n|turn|3\n|\n|t:|1773851802\n|move|p1b: Weezing|Protect|p1b: Weezing\n|-singleturn|p1b: Weezing|Protect\n|move|p1a: Koraidon|Collision Course|p2b: Clearly pincurchin\n|-damage|p2b: Clearly pincurchin|0 fnt\n|faint|p2b: Clearly pincurchin\n|move|p2a: You'll never guess|Bitter Blade|p1a: Koraidon\n|-resisted|p1a: Koraidon\n|-damage|p1a: Koraidon|74/100\n|-heal|p2a: You'll never guess|71/100|[from] drain|[of] p1a: Koraidon\n|\n|-weather|SunnyDay|[upkeep]\n|upkeep\n|\n|t:|1773851812\n|switch|p2b: Worse zamazenta|Necrozma-Dusk-Mane, L50, shiny|100/100\n|turn|4\n|\n|t:|1773851830\n|move|p1a: Koraidon|Flare Blitz|p2b: Worse zamazenta\n|-supereffective|p2b: Worse zamazenta\n|-damage|p2b: Worse zamazenta|0 fnt\n|faint|p2b: Worse zamazenta\n|-damage|p1a: Koraidon|37/100|[from] Recoil\n|move|p2a: You'll never guess|Bitter Blade|p1b: Weezing\n|-damage|p1b: Weezing|0 fnt\n|-heal|p2a: You'll never guess|85/100|[from] drain|[of] p1b: Weezing\n|-damage|p2a: You'll never guess|68/100|[from] item: Rocky Helmet|[of] p1b: Weezing\n|faint|p1b: Weezing\n|-end|p1b: Weezing|ability: Neutralizing Gas\n|\n|-weather|SunnyDay|[upkeep]\n|upkeep\n|\n|t:|1773851840\n|switch|p2b: Who decided that|Ting-Lu, L50, shiny|100/100\n|switch|p1b: Calyrex|Calyrex-Shadow, L50|100/100\n|-ability|p1b: Calyrex|As One\n|-ability|p1b: Calyrex|Unnerve\n|-ability|p2b: Who decided that|Vessel of Ruin\n|turn|5\n|inactive|8nferior has 30 seconds left.\n|inactive|4Test4 has 30 seconds left.\n|inactive|8nferior has 20 seconds left.\n|inactive|8nferior has 15 seconds left.\n|inactive|8nferior has 10 seconds left.\n|\n|t:|1773851889\n|-terastallize|p2b: Who decided that|Poison\n|move|p2a: You'll never guess|Shadow Sneak|p1b: Calyrex\n|-supereffective|p1b: Calyrex\n|-damage|p1b: Calyrex|18/100\n|move|p1a: Koraidon|Collision Course|p2b: Who decided that\n|-resisted|p2b: Who decided that\n|-crit|p2b: Who decided that\n|-damage|p2b: Who decided that|74/100\n|move|p1b: Calyrex|Astral Barrage|p2a: You'll never guess|[spread] p2a,p2b\n|-supereffective|p2a: You'll never guess\n|-damage|p2a: You'll never guess|8/100\n|-damage|p2b: Who decided that|49/100\n|move|p2b: Who decided that|Stomping Tantrum|p1a: Koraidon\n|-supereffective|p1a: Koraidon\n|-damage|p1a: Koraidon|0 fnt\n|faint|p1a: Koraidon\n|\n|-weather|none\n|upkeep\n|\n|t:|1773851906\n|switch|p1a: Weavile|Weavile, L50, F|100/100\n|-ability|p1a: Weavile|Pressure\n|turn|6\n|\n|t:|1773851924\n|move|p1b: Calyrex|Protect|p1b: Calyrex\n|-singleturn|p1b: Calyrex|Protect\n|move|p2a: You'll never guess|Shadow Sneak|p1b: Calyrex\n|-activate|p1b: Calyrex|move: Protect\n|move|p1a: Weavile|Knock Off|p2a: You'll never guess\n|-supereffective|p2a: You'll never guess\n|-damage|p2a: You'll never guess|0 fnt\n|-enditem|p2a: You'll never guess|Sitrus Berry|[from] move: Knock Off|[of] p1a: Weavile\n|faint|p2a: You'll never guess\n|-damage|p1a: Weavile|91/100|[from] item: Life Orb\n|move|p2b: Who decided that|Stomping Tantrum|p1a: Weavile\n|-damage|p1a: Weavile|30/100\n|\n|upkeep\n|turn|7\n|\n|t:|1773851947\n|move|p1b: Calyrex|Psychic|p2b: Who decided that\n|-supereffective|p2b: Who decided that\n|-damage|p2b: Who decided that|3/100\n|-unboost|p2b: Who decided that|spd|1\n|move|p1a: Weavile|Triple Axel|p2b: Who decided that\n|-damage|p2b: Who decided that|0 fnt\n|faint|p2b: Who decided that\n|-hitcount|p2: Who decided that|1\n|-damage|p1a: Weavile|20/100|[from] item: Life Orb\n|\n|win|4Test4\n|raw|4Test4's rating: 1131 &rarr; <strong>1160</strong><br />(+29 for winning)\n|raw|8nferior's rating: 1194 &rarr; <strong>1165</strong><br />(-29 for losing)\n|l|\u26068nferior\n|player|p2|\n|l|\u26064Test4\n|player|p1|\n","uploadtime":1773852126,"views":10,"formatid":"gen9vgc2026regi","rating":1160,"private":0,"password":null}