{"id":"gen9vgc2026regi-2550565214","format":"[Gen 9] VGC 2026 Reg I","players":["Billlmads","KingNoahC17"],"log":"|j|\u2606Billlmads\n|j|\u2606KingNoahC17\n|t:|1772501035\n|gametype|doubles\n|player|p1|Billlmads|winona|\n|player|p2|KingNoahC17|lucas|\n|gen|9\n|tier|[Gen 9] VGC 2026 Reg I\n|rated|Tournament battle\n|rule|Species Clause: Limit one of each Pok\u00e9mon\n|rule|Item Clause: Limit 1 of each item\n|clearpoke\n|poke|p1|Calyrex-Ice, L50|\n|poke|p1|Koraidon, L50|\n|poke|p1|Flutter Mane, L50|\n|poke|p1|Chi-Yu, L50|\n|poke|p1|Ogerpon-Cornerstone, L50, F|\n|poke|p1|Raging Bolt, L50|\n|poke|p2|Miraidon, L50|\n|poke|p2|Terapagos, L50, M|\n|poke|p2|Grimmsnarl, L50, M|\n|poke|p2|Ogerpon-Wellspring, L50, F|\n|poke|p2|Iron Treads, L50|\n|poke|p2|Chi-Yu, L50|\n|teampreview|4\n|inactive|Battle timer is ON: inactive players will automatically lose when time's up. (requested by KingNoahC17)\n|j| tomcheung22\n|j| haurhh\n|l| tomcheung22\n|j| QuazaVGC\n|c|\u2606Billlmads|its always us noah\n|c|\u2606Billlmads|gk\n|c|\u2606Billlmads|gl\n|c|\u2606KingNoahC17|glhf\n|c| QuazaVGC|smh\n|inactive|Billlmads has 60 seconds left.\n|inactive|KingNoahC17 has 60 seconds left.\n|j| 17 character name\n|inactive|Billlmads has 30 seconds left.\n|inactive|Billlmads has 20 seconds left.\n|inactive|Billlmads has 15 seconds left.\n|\n|t:|1772501115\n|teamsize|p1|4\n|teamsize|p2|4\n|start\n|switch|p1a: Koraidon|Koraidon, L50|100/100\n|switch|p1b: Chi-Yu|Chi-Yu, L50|100/100\n|switch|p2a: No Fun For U|Grimmsnarl, L50, M|100/100\n|switch|p2b: Feesh|Chi-Yu, L50|100/100\n|-ability|p1b: Chi-Yu|Beads of Ruin\n|-ability|p2b: Feesh|Beads of Ruin\n|-weather|SunnyDay|[from] ability: Orichalcum Pulse|[of] p1a: Koraidon\n|-activate|p1a: Koraidon|Orichalcum Pulse|[source]\n|turn|1\n|c| 17 character name|I would've loved to rematch Noah after he beat me last time in a reg i finals\n|\n|t:|1772501140\n|move|p1a: Koraidon|Protect|p1a: Koraidon\n|-singleturn|p1a: Koraidon|Protect\n|move|p2a: No Fun For U|Light Screen|p2a: No Fun For U\n|-sidestart|p2: KingNoahC17|move: Light Screen\n|move|p1b: Chi-Yu|Snarl|p2a: No Fun For U|[spread] p2a,p2b\n|-resisted|p2a: No Fun For U\n|-resisted|p2b: Feesh\n|-damage|p2a: No Fun For U|97/100\n|-damage|p2b: Feesh|92/100\n|-unboost|p2a: No Fun For U|spa|1\n|-unboost|p2b: Feesh|spa|1\n|move|p2b: Feesh|Overheat|p1a: Koraidon\n|-activate|p1a: Koraidon|move: Protect\n|\n|-weather|SunnyDay|[upkeep]\n|upkeep\n|turn|2\n|c| QuazaVGC|mished ngl\n|inactive|Billlmads has 30 seconds left.\n|inactive|Billlmads has 20 seconds left.\n|\n|t:|1772501177\n|-terastallize|p1a: Koraidon|Fire\n|move|p2a: No Fun For U|Reflect|p2a: No Fun For U\n|-sidestart|p2: KingNoahC17|Reflect\n|move|p2b: Feesh|Overheat|p1a: Koraidon\n|-resisted|p1a: Koraidon\n|-damage|p1a: Koraidon|54/100\n|-unboost|p2b: Feesh|spa|2\n|move|p1b: Chi-Yu|Snarl|p2b: Feesh|[spread] p2a,p2b\n|-resisted|p2a: No Fun For U\n|-resisted|p2b: Feesh\n|-damage|p2a: No Fun For U|92/100\n|-damage|p2b: Feesh|84/100\n|-unboost|p2a: No Fun For U|spa|1\n|-unboost|p2b: Feesh|spa|1\n|move|p1a: Koraidon|Flame Charge|p2b: Feesh\n|-resisted|p2b: Feesh\n|-damage|p2b: Feesh|41/100\n|-boost|p1a: Koraidon|spe|1\n|-damage|p1a: Koraidon|44/100|[from] item: Life Orb\n|\n|-weather|SunnyDay|[upkeep]\n|upkeep\n|turn|3\n|inactive|Billlmads has 30 seconds left.\n|\n|t:|1772501209\n|switch|p1b: Flutter Mane|Flutter Mane, L50|100/100\n|-activate|p1b: Flutter Mane|ability: Protosynthesis\n|-start|p1b: Flutter Mane|protosynthesisspe\n|move|p1a: Koraidon|Protect|p1a: Koraidon\n|-singleturn|p1a: Koraidon|Protect\n|move|p2b: Feesh|Overheat|p1a: Koraidon\n|-activate|p1a: Koraidon|move: Protect\n|move|p2a: No Fun For U|Spirit Break|p1b: Flutter Mane\n|-damage|p1b: Flutter Mane|29/100\n|-unboost|p1b: Flutter Mane|spa|1\n|\n|-weather|SunnyDay|[upkeep]\n|upkeep\n|turn|4\n|c| QuazaVGC|Noah getting mished.-.\n|c| QuazaVGC|nvm\n|l| 17 character name\n|\n|t:|1772501230\n|move|p2a: No Fun For U|Thunder Wave|p1a: Koraidon\n|-status|p1a: Koraidon|par\n|move|p1b: Flutter Mane|Moonblast|p2a: No Fun For U\n|-supereffective|p2a: No Fun For U\n|-damage|p2a: No Fun For U|41/100\n|move|p2b: Feesh|Overheat|p1a: Koraidon\n|-resisted|p1a: Koraidon\n|-damage|p1a: Koraidon|18/100 par\n|-unboost|p2b: Feesh|spa|2\n|move|p1a: Koraidon|Flame Charge|p2b: Feesh\n|-resisted|p2b: Feesh\n|-damage|p2b: Feesh|0 fnt\n|-boost|p1a: Koraidon|spe|1\n|faint|p2b: Feesh\n|-damage|p1a: Koraidon|8/100 par|[from] item: Life Orb\n|\n|-weather|SunnyDay|[upkeep]\n|upkeep\n|c| QuazaVGC|he locked in\n|\n|t:|1772501238\n|switch|p2b: Tutel|Terapagos, L50, M|100/100\n|-activate|p2b: Tutel|ability: Tera Shift\n|detailschange|p2b: Tutel|Terapagos-Terastal, L50, M\n|-heal|p2b: Tutel|100/100|[silent]\n|turn|5\n|\n|t:|1772501261\n|-terastallize|p2b: Tutel|Stellar\n|detailschange|p2b: Tutel|Terapagos-Stellar, L50, M, tera:Stellar\n|-heal|p2b: Tutel|100/100|[silent]\n|-ability|p2b: Tutel|Teraform Zero\n|-weather|none\n|-end|p1b: Flutter Mane|Protosynthesis\n|move|p2a: No Fun For U|Thunder Wave|p1b: Flutter Mane\n|-status|p1b: Flutter Mane|par\n|move|p1a: Koraidon|Close Combat|p2b: Tutel\n|-supereffective|p2b: Tutel\n|-damage|p2b: Tutel|34/100\n|-unboost|p1a: Koraidon|def|1\n|-unboost|p1a: Koraidon|spd|1\n|-damage|p1a: Koraidon|0 fnt|[from] item: Life Orb\n|faint|p1a: Koraidon\n|move|p2b: Tutel|Tera Starstorm|p1b: Flutter Mane\n|-damage|p1b: Flutter Mane|0 fnt\n|faint|p1b: Flutter Mane\n|-end|p1b: Flutter Mane|Protosynthesis|[silent]\n|\n|upkeep\n|\n|t:|1772501277\n|switch|p1b: Chi-Yu|Chi-Yu, L50|100/100\n|switch|p1a: Calyrex|Calyrex-Ice, L50|100/100\n|-ability|p1a: Calyrex|As One\n|-ability|p1a: Calyrex|Unnerve\n|-ability|p1b: Chi-Yu|Beads of Ruin\n|turn|6\n|\n|t:|1772501285\n|switch|p2b: I Go Brrr|Miraidon, L50|100/100\n|-fieldstart|move: Electric Terrain|[from] ability: Hadron Engine|[of] p2b: I Go Brrr\n|move|p2a: No Fun For U|Thunder Wave|p1a: Calyrex\n|-status|p1a: Calyrex|par\n|move|p1b: Chi-Yu|Overheat|p2b: I Go Brrr\n|-resisted|p2b: I Go Brrr\n|-damage|p2b: I Go Brrr|82/100\n|-unboost|p1b: Chi-Yu|spa|2\n|move|p1a: Calyrex|Trick Room|p1a: Calyrex\n|-fieldstart|move: Trick Room|[of] p1a: Calyrex\n|\n|upkeep\n|turn|7\n|\n|t:|1772501299\n|move|p1a: Calyrex|Glacial Lance|p2b: I Go Brrr|[spread] p2a,p2b\n|-supereffective|p2b: I Go Brrr\n|-damage|p2a: No Fun For U|0 fnt\n|-damage|p2b: I Go Brrr|9/100\n|faint|p2a: No Fun For U\n|-ability|p1a: Calyrex|Chilling Neigh|boost\n|-boost|p1a: Calyrex|atk|1\n|move|p2b: I Go Brrr|Electro Drift|p1a: Calyrex\n|-damage|p1a: Calyrex|12/100 par\n|move|p1b: Chi-Yu|Overheat|p2b: I Go Brrr\n|-resisted|p2b: I Go Brrr\n|-damage|p2b: I Go Brrr|0 fnt\n|-unboost|p1b: Chi-Yu|spa|2\n|faint|p2b: I Go Brrr\n|\n|upkeep\n|c| QuazaVGC|mish\n|\n|t:|1772501304\n|switch|p2b: Tutel|Terapagos-Stellar, L50, M, tera:Stellar|34/100\n|turn|8\n|\n|t:|1772501308\n|move|p1a: Calyrex|Glacial Lance|p2b: Tutel\n|-damage|p2b: Tutel|0 fnt\n|faint|p2b: Tutel\n|detailschange|p2: Tutel|Terapagos, L50, M|[silent]\n|\n|win|Billlmads\n|n|\u2606Billlmads|billlmads\n|n|\u2606KingNoahC17|kingnoahc17\n|n| haurhh|haurhh\n|n| QuazaVGC|quazavgc\n","uploadtime":1772501308,"views":11,"formatid":"gen9vgc2026regi","rating":null,"private":0,"password":null}