{"id":"gen9vgc2026regi-2589998751","format":"[Gen 9] VGC 2026 Reg I","players":["koreanbj","stupid test7"],"log":"|j|\u2606koreanbj\n|j|\u2606stupid test7\n|t:|1776780279\n|gametype|doubles\n|player|p1|koreanbj|n|1316\n|player|p2|stupid test7|265|1440\n|gen|9\n|tier|[Gen 9] VGC 2026 Reg I\n|rated|\n|rule|Species Clause: Limit one of each Pok\u00e9mon\n|rule|Item Clause: Limit 1 of each item\n|clearpoke\n|poke|p1|Zamazenta-*, L50|\n|poke|p1|Calyrex-Shadow, L50|\n|poke|p1|Dragonite, L50, M|\n|poke|p1|Amoonguss, L50, M|\n|poke|p1|Chien-Pao, L50|\n|poke|p1|Ogerpon-Cornerstone, L50, F|\n|poke|p2|Kyogre, L50|\n|poke|p2|Indeedee-F, L50, F|\n|poke|p2|Ludicolo, L50, M|\n|poke|p2|Urshifu-*, L50, M|\n|poke|p2|Calyrex-Ice, L50|\n|poke|p2|Wyrdeer, L50, M|\n|teampreview|4\n|inactive|Battle timer is ON: inactive players will automatically lose when time's up. (requested by koreanbj)\n|\n|t:|1776780382\n|teamsize|p1|4\n|teamsize|p2|4\n|start\n|switch|p1a: Amoonguss|Amoonguss, L50, M|100/100\n|switch|p1b: Ogerpon|Ogerpon-Cornerstone, L50, F|100/100\n|switch|p2a: Ludicolo|Ludicolo, L50, M|100/100\n|switch|p2b: Kyogre|Kyogre, L50|100/100\n|-weather|RainDance|[from] ability: Drizzle|[of] p2b: Kyogre\n|turn|1\n|inactive|koreanbj has 30 seconds left.\n|\n|t:|1776780410\n|switch|p2b: Wyrdeer|Wyrdeer, L50, M|100/100\n|-ability|p2b: Wyrdeer|Intimidate|boost\n|-unboost|p1a: Amoonguss|atk|1\n|-unboost|p1b: Ogerpon|atk|1\n|move|p1b: Ogerpon|Spiky Shield|p1b: Ogerpon\n|-singleturn|p1b: Ogerpon|move: Protect\n|move|p2a: Ludicolo|Fake Out|p1b: Ogerpon\n|-activate|p1b: Ogerpon|move: Protect\n|-damage|p2a: Ludicolo|88/100|[from] Spiky Shield|[of] p1b: Ogerpon\n|move|p1a: Amoonguss|Spore|p2b: Wyrdeer\n|-activate|p2b: Wyrdeer|item: Safety Goggles|Spore\n|\n|-weather|RainDance|[upkeep]\n|upkeep\n|turn|2\n|inactive|koreanbj has 30 seconds left.\n|\n|t:|1776780436\n|move|p2a: Ludicolo|Encore|p1b: Ogerpon\n|-start|p1b: Ogerpon|Encore\n|move|p1b: Ogerpon|Spiky Shield||[still]\n|-fail|p1b: Ogerpon\n|move|p2b: Wyrdeer|Gravity|p2b: Wyrdeer\n|-fieldstart|move: Gravity\n|move|p1a: Amoonguss|Pollen Puff|p2b: Wyrdeer\n|-supereffective|p2b: Wyrdeer\n|-damage|p2b: Wyrdeer|71/100\n|\n|-weather|RainDance|[upkeep]\n|upkeep\n|turn|3\n|\n|t:|1776780455\n|move|p1b: Ogerpon|Spiky Shield|p1b: Ogerpon\n|-singleturn|p1b: Ogerpon|move: Protect\n|move|p1a: Amoonguss|Protect|p1a: Amoonguss\n|-singleturn|p1a: Amoonguss|Protect\n|move|p2a: Ludicolo|Weather Ball|p1b: Ogerpon\n|-activate|p1b: Ogerpon|move: Protect\n|move|p2b: Wyrdeer|Hypnosis|p1a: Amoonguss\n|-activate|p1a: Amoonguss|move: Protect\n|\n|-weather|RainDance|[upkeep]\n|upkeep\n|turn|4\n|\n|t:|1776780469\n|move|p1b: Ogerpon|Spiky Shield||[still]\n|-fail|p1b: Ogerpon\n|move|p2a: Ludicolo|Encore|p1a: Amoonguss\n|-start|p1a: Amoonguss|Encore\n|move|p2b: Wyrdeer|Hypnosis|p1b: Ogerpon\n|-status|p1b: Ogerpon|slp|[from] move: Hypnosis\n|move|p1a: Amoonguss|Protect||[still]\n|-fail|p1a: Amoonguss\n|\n|-weather|RainDance|[upkeep]\n|-end|p1b: Ogerpon|Encore\n|upkeep\n|turn|5\n|-message|koreanbj forfeited.\n|\n|win|stupid test7\n|raw|koreanbj's rating: 1316 &rarr; <strong>1303</strong><br />(-13 for losing)\n|raw|stupid test7's rating: 1440 &rarr; <strong>1453</strong><br />(+13 for winning)\n|l|\u2606koreanbj\n|player|p1|\n","uploadtime":1776780490,"views":20,"formatid":"gen9vgc2026regi","rating":1303,"private":0,"password":null}