{"id":"gen9vgc2026regi-2568995350","format":"[Gen 9] VGC 2026 Reg I","players":["miloso","tinkatonbeliever"],"log":"|j|\u2606miloso\n|j|\u2606tinkatonbeliever\n|t:|1774639422\n|gametype|doubles\n|player|p1|miloso|ghetsis-gen5bw|1366\n|player|p2|tinkatonbeliever|170|1411\n|gen|9\n|tier|[Gen 9] VGC 2026 Reg I\n|rated|\n|rule|Species Clause: Limit one of each Pok\u00e9mon\n|rule|Item Clause: Limit 1 of each item\n|clearpoke\n|poke|p1|Koraidon, L50|\n|poke|p1|Talonflame, L50, F|\n|poke|p1|Calyrex-Shadow, L50|\n|poke|p1|Urshifu-*, L50, M|\n|poke|p1|Indeedee, L50, M|\n|poke|p1|Flutter Mane, L50|\n|poke|p2|Kyogre, L50|\n|poke|p2|Tornadus, L50, M|\n|poke|p2|Incineroar, L50, F|\n|poke|p2|Tinkaton, L50, F|\n|poke|p2|Calyrex-Ice, L50|\n|poke|p2|Landorus, L50, M|\n|teampreview|4\n|inactive|Battle timer is ON: inactive players will automatically lose when time's up. (requested by tinkatonbeliever)\n|\n|t:|1774639445\n|teamsize|p1|4\n|teamsize|p2|4\n|start\n|switch|p1a: Calyrex|Calyrex-Shadow, L50|100/100\n|switch|p1b: Indeedee|Indeedee, L50, M, shiny|100/100\n|switch|p2a: Incineroar|Incineroar, L50, F|100/100\n|switch|p2b: Calyrex|Calyrex-Ice, L50|100/100\n|-ability|p1a: Calyrex|As One\n|-ability|p1a: Calyrex|Unnerve\n|-ability|p2b: Calyrex|As One\n|-ability|p2b: Calyrex|Unnerve\n|-fieldstart|move: Psychic Terrain|[from] ability: Psychic Surge|[of] p1b: Indeedee\n|-ability|p2a: Incineroar|Intimidate|boost\n|-unboost|p1a: Calyrex|atk|1\n|-unboost|p1b: Indeedee|atk|1\n|turn|1\n|\n|t:|1774639459\n|-terastallize|p2b: Calyrex|Grass\n|move|p1a: Calyrex|Protect|p1a: Calyrex\n|-singleturn|p1a: Calyrex|Protect\n|move|p1b: Indeedee|Imprison|p1b: Indeedee\n|-start|p1b: Indeedee|move: Imprison\n|move|p2a: Incineroar|Knock Off|p1a: Calyrex\n|-activate|p1a: Calyrex|move: Protect\n|cant|p2b: Calyrex|move: Imprison|Trick Room\n|\n|upkeep\n|turn|2\n|\n|t:|1774639481\n|move|p1a: Calyrex|Expanding Force|p2b: Calyrex|[spread] p2b\n|-immune|p2a: Incineroar\n|-damage|p2b: Calyrex|53/100\n|move|p1b: Indeedee|Dazzling Gleam|p2b: Calyrex|[spread] p2a,p2b\n|-damage|p2a: Incineroar|87/100\n|-damage|p2b: Calyrex|41/100\n|move|p2a: Incineroar|Knock Off|p1a: Calyrex\n|-supereffective|p1a: Calyrex\n|-enditem|p1a: Calyrex|Focus Sash\n|-damage|p1a: Calyrex|1/100\n|move|p2b: Calyrex|Glacial Lance|p1a: Calyrex|[spread] p1a,p1b\n|-damage|p1a: Calyrex|0 fnt\n|-damage|p1b: Indeedee|0 fnt\n|faint|p1a: Calyrex\n|faint|p1b: Indeedee\n|-ability|p2b: Calyrex|Chilling Neigh|boost\n|-boost|p2b: Calyrex|atk|2\n|\n|upkeep\n|\n|t:|1774639484\n|switch|p1a: Koraidon|Koraidon, L50, shiny|100/100\n|switch|p1b: Urshifu|Urshifu, L50, M|100/100\n|-weather|SunnyDay|[from] ability: Orichalcum Pulse|[of] p1a: Koraidon\n|-activate|p1a: Koraidon|Orichalcum Pulse|[source]\n|turn|3\n|inactive|tinkatonbeliever has 30 seconds left.\n|inactive|tinkatonbeliever has 20 seconds left.\n|inactive|tinkatonbeliever has 15 seconds left.\n|inactive|tinkatonbeliever has 10 seconds left.\n|\n|t:|1774639531\n|-terastallize|p1b: Urshifu|Dark\n|move|p1b: Urshifu|Wicked Blow|p2b: Calyrex\n|-crit|p2b: Calyrex\n|-damage|p2b: Calyrex|0 fnt\n|faint|p2b: Calyrex\n|move|p1a: Koraidon|Collision Course|p2a: Incineroar\n|-supereffective|p2a: Incineroar\n|-damage|p2a: Incineroar|0 fnt\n|faint|p2a: Incineroar\n|-damage|p1a: Koraidon|91/100|[from] item: Life Orb\n|\n|-weather|SunnyDay|[upkeep]\n|upkeep\n|\n|t:|1774639535\n|switch|p2a: Kyogre|Kyogre, L50|100/100\n|switch|p2b: Landorus|Landorus, L50, M|100/100\n|-weather|RainDance|[from] ability: Drizzle|[of] p2a: Kyogre\n|turn|4\n|\n|t:|1774639551\n|move|p1b: Urshifu|Wicked Blow|p2b: Landorus\n|-crit|p2b: Landorus\n|-damage|p2b: Landorus|21/100\n|move|p1a: Koraidon|Wild Charge|p2a: Kyogre\n|-supereffective|p2a: Kyogre\n|-damage|p2a: Kyogre|20/100\n|-damage|p1a: Koraidon|69/100|[from] Recoil\n|-damage|p1a: Koraidon|59/100|[from] item: Life Orb\n|move|p2a: Kyogre|Origin Pulse|p1b: Urshifu|[spread] p1a\n|-miss|p2a: Kyogre|p1b: Urshifu\n|-resisted|p1a: Koraidon\n|-damage|p1a: Koraidon|3/100\n|move|p2b: Landorus|Sandsear Storm|p1a: Koraidon|[spread] p1a,p1b\n|-damage|p1a: Koraidon|0 fnt\n|-damage|p1b: Urshifu|7/100\n|faint|p1a: Koraidon\n|\n|-weather|RainDance|[upkeep]\n|upkeep\n|turn|5\n|-message|miloso forfeited.\n|\n|win|tinkatonbeliever\n|raw|miloso's rating: 1366 &rarr; <strong>1349</strong><br />(-17 for losing)\n|raw|tinkatonbeliever's rating: 1411 &rarr; <strong>1428</strong><br />(+17 for winning)\n|l|\u2606miloso\n|player|p1|\n|l|\u2606tinkatonbeliever\n|player|p2|\n","uploadtime":1774639729,"views":15,"formatid":"gen9vgc2026regi","rating":1349,"private":0,"password":null}