{"id":"gen9vgc2026regi-2575761954","format":"[Gen 9] VGC 2026 Reg I","players":["eru_kh","BanKingambit69247"],"log":"|j|\u2606eru_kh\n|j|\u2606BanKingambit69247\n|t:|1775397950\n|gametype|doubles\n|player|p1|eru_kh|265|1424\n|player|p2|BanKingambit69247|lucas|1639\n|gen|9\n|tier|[Gen 9] VGC 2026 Reg I\n|rated|\n|rule|Species Clause: Limit one of each Pok\u00e9mon\n|rule|Item Clause: Limit 1 of each item\n|clearpoke\n|poke|p1|Koraidon, L50|\n|poke|p1|Terapagos, L50, M|\n|poke|p1|Flutter Mane, L50|\n|poke|p1|Rillaboom, L50, F|\n|poke|p1|Incineroar, L50, M|\n|poke|p1|Volcarona, L50, M|\n|poke|p2|Calyrex-Shadow, L50|\n|poke|p2|Zamazenta-*, L50|\n|poke|p2|Chien-Pao, L50|\n|poke|p2|Ogerpon-Wellspring, L50, F|\n|poke|p2|Smeargle, L50, M|\n|poke|p2|Indeedee-F, L50, F|\n|teampreview|4\n|inactive|Battle timer is ON: inactive players will automatically lose when time's up. (requested by BanKingambit69247)\n|\n|t:|1775397983\n|teamsize|p1|4\n|teamsize|p2|4\n|start\n|switch|p1a: Flutter Mane|Flutter Mane, L50|100/100\n|switch|p1b: Koraidon|Koraidon, L50|100/100\n|switch|p2a: \u8bf6\u4f60\u600e\u4e48\u6b7b\u4e86?\u267f\u267f\u267f|Calyrex-Shadow, L50|100/100\n|switch|p2b: \u5f3a\u8005\u5c31\u662f\u8981\u7f9e\u8fb1\u5f31\u8005\ud83d\udc36\ud83d\udc36\ud83d\udc36|Zamazenta-Crowned, L50|100/100\n|-ability|p2a: \u8bf6\u4f60\u600e\u4e48\u6b7b\u4e86?\u267f\u267f\u267f|As One\n|-ability|p2a: \u8bf6\u4f60\u600e\u4e48\u6b7b\u4e86?\u267f\u267f\u267f|Unnerve\n|-weather|SunnyDay|[from] ability: Orichalcum Pulse|[of] p1b: Koraidon\n|-activate|p1a: Flutter Mane|ability: Protosynthesis\n|-start|p1a: Flutter Mane|protosynthesisspe\n|-activate|p1b: Koraidon|Orichalcum Pulse|[source]\n|-ability|p2b: \u5f3a\u8005\u5c31\u662f\u8981\u7f9e\u8fb1\u5f31\u8005\ud83d\udc36\ud83d\udc36\ud83d\udc36|Dauntless Shield|boost\n|-boost|p2b: \u5f3a\u8005\u5c31\u662f\u8981\u7f9e\u8fb1\u5f31\u8005\ud83d\udc36\ud83d\udc36\ud83d\udc36|def|1\n|turn|1\n|inactive|eru_kh has 30 seconds left.\n|inactive|BanKingambit69247 has 30 seconds left.\n|inactive|eru_kh has 20 seconds left.\n|inactive|eru_kh has 15 seconds left.\n|\n|t:|1775398027\n|switch|p2b: \u7231\u5bfc\u7ba1\u5bfc\u5bfc\u4f8d|Indeedee-F, L50, F|100/100\n|-fieldstart|move: Psychic Terrain|[from] ability: Psychic Surge|[of] p2b: \u7231\u5bfc\u7ba1\u5bfc\u5bfc\u4f8d\n|move|p1a: Flutter Mane|Protect|p1a: Flutter Mane\n|-singleturn|p1a: Flutter Mane|Protect\n|move|p1b: Koraidon|Protect|p1b: Koraidon\n|-singleturn|p1b: Koraidon|Protect\n|move|p2a: \u8bf6\u4f60\u600e\u4e48\u6b7b\u4e86?\u267f\u267f\u267f|Expanding Force|p1a: Flutter Mane|[spread] \n|-activate|p1a: Flutter Mane|move: Protect\n|-activate|p1b: Koraidon|move: Protect\n|\n|-weather|SunnyDay|[upkeep]\n|upkeep\n|turn|2\n|inactive|eru_kh has 30 seconds left.\n|inactive|eru_kh has 20 seconds left.\n|\n|t:|1775398062\n|switch|p1b: Rillaboom|Rillaboom, L50, F|100/100\n|-fieldstart|move: Grassy Terrain|[from] ability: Grassy Surge|[of] p1b: Rillaboom\n|move|p2b: \u7231\u5bfc\u7ba1\u5bfc\u5bfc\u4f8d|Follow Me|p2b: \u7231\u5bfc\u7ba1\u5bfc\u5bfc\u4f8d\n|-singleturn|p2b: \u7231\u5bfc\u7ba1\u5bfc\u5bfc\u4f8d|move: Follow Me\n|move|p1a: Flutter Mane|Icy Wind|p2a: \u8bf6\u4f60\u600e\u4e48\u6b7b\u4e86?\u267f\u267f\u267f|[spread] p2a,p2b\n|-damage|p2a: \u8bf6\u4f60\u600e\u4e48\u6b7b\u4e86?\u267f\u267f\u267f|86/100\n|-damage|p2b: \u7231\u5bfc\u7ba1\u5bfc\u5bfc\u4f8d|86/100\n|-unboost|p2a: \u8bf6\u4f60\u600e\u4e48\u6b7b\u4e86?\u267f\u267f\u267f|spe|1\n|-unboost|p2b: \u7231\u5bfc\u7ba1\u5bfc\u5bfc\u4f8d|spe|1\n|move|p2a: \u8bf6\u4f60\u600e\u4e48\u6b7b\u4e86?\u267f\u267f\u267f|Expanding Force|p1b: Rillaboom\n|-damage|p1b: Rillaboom|50/100\n|\n|-weather|SunnyDay|[upkeep]\n|-heal|p2a: \u8bf6\u4f60\u600e\u4e48\u6b7b\u4e86?\u267f\u267f\u267f|93/100|[from] Grassy Terrain\n|-heal|p1b: Rillaboom|56/100|[from] Grassy Terrain\n|-heal|p2b: \u7231\u5bfc\u7ba1\u5bfc\u5bfc\u4f8d|93/100|[from] Grassy Terrain\n|upkeep\n|turn|3\n|inactive|BanKingambit69247 has 30 seconds left.\n|inactive|BanKingambit69247 has 20 seconds left.\n|\n|t:|1775398098\n|switch|p2a: \u5f3a\u8005\u5c31\u662f\u8981\u7f9e\u8fb1\u5f31\u8005\ud83d\udc36\ud83d\udc36\ud83d\udc36|Zamazenta-Crowned, L50|100/100\n|move|p1b: Rillaboom|Fake Out|p2b: \u7231\u5bfc\u7ba1\u5bfc\u5bfc\u4f8d\n|-damage|p2b: \u7231\u5bfc\u7ba1\u5bfc\u5bfc\u4f8d|79/100\n|-damage|p1b: Rillaboom|39/100|[from] item: Rocky Helmet|[of] p2b: \u7231\u5bfc\u7ba1\u5bfc\u5bfc\u4f8d\n|cant|p2b: \u7231\u5bfc\u7ba1\u5bfc\u5bfc\u4f8d|flinch\n|move|p1a: Flutter Mane|Shadow Ball|p2a: \u5f3a\u8005\u5c31\u662f\u8981\u7f9e\u8fb1\u5f31\u8005\ud83d\udc36\ud83d\udc36\ud83d\udc36\n|-damage|p2a: \u5f3a\u8005\u5c31\u662f\u8981\u7f9e\u8fb1\u5f31\u8005\ud83d\udc36\ud83d\udc36\ud83d\udc36|73/100\n|\n|-weather|SunnyDay|[upkeep]\n|-heal|p2a: \u5f3a\u8005\u5c31\u662f\u8981\u7f9e\u8fb1\u5f31\u8005\ud83d\udc36\ud83d\udc36\ud83d\udc36|79/100|[from] Grassy Terrain\n|-heal|p1b: Rillaboom|45/100|[from] Grassy Terrain\n|-heal|p2b: \u7231\u5bfc\u7ba1\u5bfc\u5bfc\u4f8d|85/100|[from] Grassy Terrain\n|upkeep\n|turn|4\n|inactive|eru_kh has 30 seconds left.\n|inactive|BanKingambit69247 has 30 seconds left.\n|inactive|eru_kh has 20 seconds left.\n|inactive|eru_kh has 15 seconds left.\n|\n|t:|1775398141\n|switch|p1b: Incineroar|Incineroar, L50, M|100/100\n|-ability|p1b: Incineroar|Intimidate|boost\n|-unboost|p2a: \u5f3a\u8005\u5c31\u662f\u8981\u7f9e\u8fb1\u5f31\u8005\ud83d\udc36\ud83d\udc36\ud83d\udc36|atk|1\n|-unboost|p2b: \u7231\u5bfc\u7ba1\u5bfc\u5bfc\u4f8d|atk|1\n|switch|p2b: \u8bf6\u4f60\u600e\u4e48\u6b7b\u4e86?\u267f\u267f\u267f|Calyrex-Shadow, L50|93/100\n|-ability|p2b: \u8bf6\u4f60\u600e\u4e48\u6b7b\u4e86?\u267f\u267f\u267f|As One\n|-ability|p2b: \u8bf6\u4f60\u600e\u4e48\u6b7b\u4e86?\u267f\u267f\u267f|Unnerve\n|move|p1a: Flutter Mane|Moonblast|p2a: \u5f3a\u8005\u5c31\u662f\u8981\u7f9e\u8fb1\u5f31\u8005\ud83d\udc36\ud83d\udc36\ud83d\udc36\n|-damage|p2a: \u5f3a\u8005\u5c31\u662f\u8981\u7f9e\u8fb1\u5f31\u8005\ud83d\udc36\ud83d\udc36\ud83d\udc36|45/100\n|-unboost|p2a: \u5f3a\u8005\u5c31\u662f\u8981\u7f9e\u8fb1\u5f31\u8005\ud83d\udc36\ud83d\udc36\ud83d\udc36|spa|1\n|move|p2a: \u5f3a\u8005\u5c31\u662f\u8981\u7f9e\u8fb1\u5f31\u8005\ud83d\udc36\ud83d\udc36\ud83d\udc36|Body Press|p1b: Incineroar\n|-supereffective|p1b: Incineroar\n|-damage|p1b: Incineroar|38/100\n|\n|-weather|SunnyDay|[upkeep]\n|-heal|p2b: \u8bf6\u4f60\u600e\u4e48\u6b7b\u4e86?\u267f\u267f\u267f|99/100|[from] Grassy Terrain\n|-heal|p2a: \u5f3a\u8005\u5c31\u662f\u8981\u7f9e\u8fb1\u5f31\u8005\ud83d\udc36\ud83d\udc36\ud83d\udc36|50/100|[from] Grassy Terrain\n|-heal|p1b: Incineroar|44/100|[from] Grassy Terrain\n|upkeep\n|turn|5\n|\n|t:|1775398164\n|switch|p2a: \u7231\u5bfc\u7ba1\u5bfc\u5bfc\u4f8d|Indeedee-F, L50, F|85/100\n|-fieldstart|move: Psychic Terrain|[from] ability: Psychic Surge|[of] p2a: \u7231\u5bfc\u7ba1\u5bfc\u5bfc\u4f8d\n|-terastallize|p2b: \u8bf6\u4f60\u600e\u4e48\u6b7b\u4e86?\u267f\u267f\u267f|Ghost\n|move|p1b: Incineroar|Fake Out|p2a: \u7231\u5bfc\u7ba1\u5bfc\u5bfc\u4f8d\n|-activate|p2a: \u7231\u5bfc\u7ba1\u5bfc\u5bfc\u4f8d|move: Psychic Terrain\n|move|p1a: Flutter Mane|Shadow Ball|p2b: \u8bf6\u4f60\u600e\u4e48\u6b7b\u4e86?\u267f\u267f\u267f\n|-supereffective|p2b: \u8bf6\u4f60\u600e\u4e48\u6b7b\u4e86?\u267f\u267f\u267f\n|-damage|p2b: \u8bf6\u4f60\u600e\u4e48\u6b7b\u4e86?\u267f\u267f\u267f|9/100\n|-unboost|p2b: \u8bf6\u4f60\u600e\u4e48\u6b7b\u4e86?\u267f\u267f\u267f|spd|1\n|move|p2b: \u8bf6\u4f60\u600e\u4e48\u6b7b\u4e86?\u267f\u267f\u267f|Astral Barrage|p1a: Flutter Mane|[spread] p1a,p1b\n|-supereffective|p1a: Flutter Mane\n|-resisted|p1b: Incineroar\n|-enditem|p1a: Flutter Mane|Focus Sash\n|-damage|p1a: Flutter Mane|1/100\n|-damage|p1b: Incineroar|0 fnt\n|faint|p1b: Incineroar\n|-ability|p2b: \u8bf6\u4f60\u600e\u4e48\u6b7b\u4e86?\u267f\u267f\u267f|Grim Neigh|boost\n|-boost|p2b: \u8bf6\u4f60\u600e\u4e48\u6b7b\u4e86?\u267f\u267f\u267f|spa|1\n|\n|-weather|none\n|-end|p1a: Flutter Mane|Protosynthesis\n|upkeep\n|\n|t:|1775398169\n|switch|p1b: Koraidon|Koraidon, L50|100/100\n|-weather|SunnyDay|[from] ability: Orichalcum Pulse|[of] p1b: Koraidon\n|-activate|p1a: Flutter Mane|ability: Protosynthesis\n|-start|p1a: Flutter Mane|protosynthesisspe\n|-activate|p1b: Koraidon|Orichalcum Pulse|[source]\n|turn|6\n|inactive|eru_kh has 30 seconds left.\n|inactive|eru_kh has 20 seconds left.\n|\n|t:|1775398206\n|-terastallize|p1b: Koraidon|Fire\n|move|p1a: Flutter Mane|Icy Wind|p2a: \u7231\u5bfc\u7ba1\u5bfc\u5bfc\u4f8d|[spread] p2a\n|-miss|p1a: Flutter Mane|p2b: \u8bf6\u4f60\u600e\u4e48\u6b7b\u4e86?\u267f\u267f\u267f\n|-damage|p2a: \u7231\u5bfc\u7ba1\u5bfc\u5bfc\u4f8d|69/100\n|-unboost|p2a: \u7231\u5bfc\u7ba1\u5bfc\u5bfc\u4f8d|spe|1\n|move|p2b: \u8bf6\u4f60\u600e\u4e48\u6b7b\u4e86?\u267f\u267f\u267f|Astral Barrage|p1a: Flutter Mane|[spread] p1a,p1b\n|-supereffective|p1a: Flutter Mane\n|-damage|p1a: Flutter Mane|0 fnt\n|-damage|p1b: Koraidon|0 fnt\n|faint|p1a: Flutter Mane\n|-end|p1a: Flutter Mane|Protosynthesis|[silent]\n|faint|p1b: Koraidon\n|-ability|p2b: \u8bf6\u4f60\u600e\u4e48\u6b7b\u4e86?\u267f\u267f\u267f|Grim Neigh|boost\n|-boost|p2b: \u8bf6\u4f60\u600e\u4e48\u6b7b\u4e86?\u267f\u267f\u267f|spa|2\n|move|p2a: \u7231\u5bfc\u7ba1\u5bfc\u5bfc\u4f8d|Trick Room|p2a: \u7231\u5bfc\u7ba1\u5bfc\u5bfc\u4f8d\n|-fieldstart|move: Trick Room|[of] p2a: \u7231\u5bfc\u7ba1\u5bfc\u5bfc\u4f8d\n|\n|-weather|SunnyDay|[upkeep]\n|upkeep\n|-message|eru_kh forfeited.\n|\n|win|BanKingambit69247\n|raw|eru_kh's rating: 1424 &rarr; <strong>1415</strong><br />(-9 for losing)\n|raw|BanKingambit69247's rating: 1639 &rarr; <strong>1648</strong><br />(+9 for winning)\n|l|\u2606eru_kh\n|player|p1|\n","uploadtime":1775398216,"views":16,"formatid":"gen9vgc2026regi","rating":1415,"private":0,"password":null}