{"id":"gen9vgc2026regi-2567692621","format":"[Gen 9] VGC 2026 Reg I","players":["TerryTEST","JERRY RIVERA"],"log":"|j|\u2606TerryTEST\n|j|\u2606JERRY RIVERA\n|t:|1774504905\n|gametype|doubles\n|player|p1|TerryTEST|blue|1302\n|player|p2|JERRY RIVERA|silver|1410\n|gen|9\n|tier|[Gen 9] VGC 2026 Reg I\n|rated|\n|rule|Species Clause: Limit one of each Pok\u00e9mon\n|rule|Item Clause: Limit 1 of each item\n|clearpoke\n|poke|p1|Kyurem-White, L50|\n|poke|p1|Koraidon, L50|\n|poke|p1|Incineroar, L50, M|\n|poke|p1|Ninetales-Alola, L50, M|\n|poke|p1|Flutter Mane, L50|\n|poke|p1|Regigigas, L50|\n|poke|p2|Kyogre, L50|\n|poke|p2|Calyrex-Shadow, L50|\n|poke|p2|Weezing-Galar, L50, M|\n|poke|p2|Dondozo, L50, M|\n|poke|p2|Tatsugiri-Droopy, L50, F|\n|poke|p2|Tornadus, L50, M|\n|teampreview|4\n|inactive|Battle timer is ON: inactive players will automatically lose when time's up. (requested by TerryTEST)\n|\n|t:|1774504942\n|teamsize|p1|4\n|teamsize|p2|4\n|start\n|switch|p1a: Yellow Eyes|Kyurem-White, L50, shiny|100/100\n|switch|p1b: The Brick|Regigigas, L50, shiny|100/100\n|switch|p2a: Vino|Calyrex-Shadow, L50|100/100\n|switch|p2b: Weezing|Weezing-Galar, L50, M|100/100\n|-ability|p2b: Weezing|Neutralizing Gas\n|-ability|p2a: Vino|As One\n|-ability|p2a: Vino|Unnerve\n|turn|1\n|\n|t:|1774504957\n|-end|p2b: Weezing|ability: Neutralizing Gas\n|-start|p1b: The Brick|ability: Slow Start\n|-ability|p1a: Yellow Eyes|Turboblaze\n|switch|p2b: Tornadus|Tornadus, L50, M|100/100\n|move|p2a: Vino|Astral Barrage|p1a: Yellow Eyes|[spread] p1a\n|-immune|p1b: The Brick\n|-damage|p1a: Yellow Eyes|63/100\n|-damage|p2a: Vino|91/100|[from] item: Life Orb\n|move|p1a: Yellow Eyes|Blizzard|p2b: Tornadus|[spread] \n|-miss|p1a: Yellow Eyes|p2a: Vino\n|-miss|p1a: Yellow Eyes|p2b: Tornadus\n|move|p1b: The Brick|Knock Off|p2a: Vino\n|-supereffective|p2a: Vino\n|-damage|p2a: Vino|11/100\n|-enditem|p2a: Vino|Life Orb|[from] move: Knock Off|[of] p1b: The Brick\n|\n|upkeep\n|turn|2\n|\n|t:|1774504980\n|move|p1b: The Brick|Wide Guard|p1b: The Brick\n|-singleturn|p1b: The Brick|Wide Guard\n|move|p2b: Tornadus|Tailwind|p2b: Tornadus\n|-sidestart|p2: JERRY RIVERA|move: Tailwind\n|move|p2a: Vino|Astral Barrage|p1a: Yellow Eyes|[spread] \n|-activate|p1a: Yellow Eyes|move: Wide Guard\n|-activate|p1b: The Brick|move: Wide Guard\n|move|p1a: Yellow Eyes|Blizzard|p2b: Tornadus|[spread] p2a\n|-miss|p1a: Yellow Eyes|p2b: Tornadus\n|-damage|p2a: Vino|0 fnt\n|faint|p2a: Vino\n|\n|upkeep\n|\n|t:|1774504985\n|switch|p2a: Kyogre|Kyogre, L50|100/100\n|-weather|RainDance|[from] ability: Drizzle|[of] p2a: Kyogre\n|turn|3\n|\n|t:|1774505000\n|move|p1b: The Brick|Wide Guard|p1b: The Brick\n|-singleturn|p1b: The Brick|Wide Guard\n|move|p2b: Tornadus|Taunt|p1b: The Brick\n|-start|p1b: The Brick|move: Taunt\n|move|p2a: Kyogre|Ice Beam|p1a: Yellow Eyes\n|-damage|p1a: Yellow Eyes|46/100\n|move|p1a: Yellow Eyes|Blizzard|p2a: Kyogre|[spread] \n|-miss|p1a: Yellow Eyes|p2a: Kyogre\n|-miss|p1a: Yellow Eyes|p2b: Tornadus\n|\n|-weather|RainDance|[upkeep]\n|upkeep\n|turn|4\n|\n|t:|1774505015\n|move|p2a: Kyogre|Ice Beam|p1a: Yellow Eyes\n|-damage|p1a: Yellow Eyes|28/100\n|move|p2b: Tornadus|Bleakwind Storm|p1b: The Brick|[spread] p1a,p1b\n|-damage|p1a: Yellow Eyes|9/100\n|-damage|p1b: The Brick|77/100\n|move|p1a: Yellow Eyes|Blizzard|p2b: Tornadus|[spread] p2a\n|-miss|p1a: Yellow Eyes|p2b: Tornadus\n|-resisted|p2a: Kyogre\n|-damage|p2a: Kyogre|79/100\n|move|p1b: The Brick|Knock Off|p2a: Kyogre\n|-damage|p2a: Kyogre|60/100\n|-enditem|p2a: Kyogre|Choice Scarf|[from] move: Knock Off|[of] p1b: The Brick\n|\n|-weather|RainDance|[upkeep]\n|-heal|p1b: The Brick|83/100|[from] item: Leftovers\n|upkeep\n|turn|5\n|\n|t:|1774505032\n|move|p2b: Tornadus|Bleakwind Storm|p1b: The Brick|[spread] p1a,p1b\n|-damage|p1a: Yellow Eyes|0 fnt\n|-damage|p1b: The Brick|60/100\n|-unboost|p1b: The Brick|spe|1\n|faint|p1a: Yellow Eyes\n|move|p2a: Kyogre|Water Spout|p1b: The Brick\n|-damage|p1b: The Brick|15/100\n|move|p1b: The Brick|Knock Off|p2b: Tornadus\n|-damage|p2b: Tornadus|73/100\n|-enditem|p2b: Tornadus|Focus Sash|[from] move: Knock Off|[of] p1b: The Brick\n|\n|-weather|RainDance|[upkeep]\n|-heal|p1b: The Brick|21/100|[from] item: Leftovers\n|-sideend|p2: JERRY RIVERA|move: Tailwind\n|-end|p1b: The Brick|Slow Start\n|upkeep\n|\n|t:|1774505047\n|switch|p1a: Granny|Flutter Mane, L50|100/100\n|turn|6\n|\n|t:|1774505054\n|move|p1a: Granny|Moonblast|p2a: Kyogre\n|-crit|p2a: Kyogre\n|-damage|p2a: Kyogre|0 fnt\n|faint|p2a: Kyogre\n|move|p2b: Tornadus|Bleakwind Storm|p1b: The Brick|[spread] p1a,p1b\n|-damage|p1a: Granny|63/100\n|-damage|p1b: The Brick|0 fnt\n|faint|p1b: The Brick\n|-end|p1b: The Brick|Slow Start|[silent]\n|\n|-weather|RainDance|[upkeep]\n|upkeep\n|\n|t:|1774505063\n|switch|p2a: Weezing|Weezing-Galar, L50, M|100/100\n|switch|p1b: Sweet Ride|Koraidon, L50|100/100\n|-ability|p2a: Weezing|Neutralizing Gas\n|turn|7\n|inactive|TerryTEST has 30 seconds left.\n|\n|t:|1774505089\n|-terastallize|p1b: Sweet Ride|Fire\n|move|p1b: Sweet Ride|Flare Blitz|p2b: Tornadus\n|-damage|p2b: Tornadus|15/100\n|-damage|p1b: Sweet Ride|83/100|[from] Recoil\n|-damage|p1b: Sweet Ride|74/100|[from] item: Life Orb\n|move|p1a: Granny|Moonblast|p2b: Tornadus\n|-damage|p2b: Tornadus|0 fnt\n|faint|p2b: Tornadus\n|move|p2a: Weezing|Strange Steam|p1b: Sweet Ride\n|-resisted|p1b: Sweet Ride\n|-damage|p1b: Sweet Ride|60/100\n|\n|-weather|none\n|upkeep\n|turn|8\n|\n|t:|1774505105\n|move|p1b: Sweet Ride|Flare Blitz|p2a: Weezing\n|-damage|p2a: Weezing|32/100\n|-status|p2a: Weezing|brn\n|-enditem|p2a: Weezing|Sitrus Berry|[eat]\n|-heal|p2a: Weezing|57/100 brn|[from] item: Sitrus Berry\n|-damage|p1b: Sweet Ride|38/100|[from] Recoil\n|-damage|p1b: Sweet Ride|28/100|[from] item: Life Orb\n|move|p1a: Granny|Moonblast|p2a: Weezing\n|-resisted|p2a: Weezing\n|-damage|p2a: Weezing|31/100 brn\n|move|p2a: Weezing|Poison Gas|p1b: Sweet Ride|[spread] p1b\n|-miss|p2a: Weezing|p1a: Granny\n|-status|p1b: Sweet Ride|psn\n|\n|-damage|p1b: Sweet Ride|16/100 psn|[from] psn\n|-damage|p2a: Weezing|25/100 brn|[from] brn\n|upkeep\n|turn|9\n|-message|JERRY RIVERA forfeited.\n|\n|win|TerryTEST\n|raw|TerryTEST's rating: 1302 &rarr; <strong>1328</strong><br />(+26 for winning)\n|raw|JERRY RIVERA's rating: 1410 &rarr; <strong>1384</strong><br />(-26 for losing)\n|l|\u2606JERRY RIVERA\n|player|p2|\n|l|\u2606TerryTEST\n|player|p1|\n","uploadtime":1774505317,"views":11,"formatid":"gen9vgc2026regi","rating":1328,"private":0,"password":null}