{"id":"gen9vgc2026regi-2573505494","format":"[Gen 9] VGC 2026 Reg I","players":["peedr","blackred123"],"log":"|j|\u2606peedr\n|j|\u2606blackred123\n|t:|1775142429\n|gametype|doubles\n|player|p1|peedr|265|1296\n|player|p2|blackred123|iono-masters|1402\n|gen|9\n|tier|[Gen 9] VGC 2026 Reg I\n|rated|\n|rule|Species Clause: Limit one of each Pok\u00e9mon\n|rule|Item Clause: Limit 1 of each item\n|clearpoke\n|poke|p1|Kyogre, L50|\n|poke|p1|Archaludon, L50, F|\n|poke|p1|Amoonguss, L50, F|\n|poke|p1|Klefki, L50, M|\n|poke|p1|Zacian-*, L50|\n|poke|p1|Basculegion, L50, M|\n|poke|p2|Calyrex-Ice, L50|\n|poke|p2|Lunala, L50|\n|poke|p2|Smeargle, L50, M|\n|poke|p2|Urshifu-*, L50, M|\n|poke|p2|Torkoal, L50, M|\n|poke|p2|Indeedee-F, L50, F|\n|teampreview|4\n|inactive|Battle timer is ON: inactive players will automatically lose when time's up. (requested by blackred123)\n|inactive|peedr has 60 seconds left.\n|\n|t:|1775142471\n|teamsize|p1|4\n|teamsize|p2|4\n|start\n|switch|p1a: Kyogre|Kyogre, L50|100/100\n|switch|p1b: Klefki|Klefki, L50, M, shiny|100/100\n|switch|p2a: \u591c\u795e\u6708|Lunala, L50|100/100\n|switch|p2b: Smeargle|Smeargle, L50, M|100/100\n|-weather|RainDance|[from] ability: Drizzle|[of] p1a: Kyogre\n|turn|1\n|\n|t:|1775142485\n|-terastallize|p2a: \u591c\u795e\u6708|Grass\n|move|p2b: Smeargle|Fake Out|p1b: Klefki\n|-resisted|p1b: Klefki\n|-damage|p1b: Klefki|97/100\n|cant|p1b: Klefki|flinch\n|move|p1a: Kyogre|Origin Pulse|p2a: \u591c\u795e\u6708|[spread] p2a,p2b\n|-resisted|p2a: \u591c\u795e\u6708\n|-damage|p2a: \u591c\u795e\u6708|89/100\n|-enditem|p2b: Smeargle|Focus Sash\n|-damage|p2b: Smeargle|1/100\n|move|p2a: \u591c\u795e\u6708|Meteor Beam||[still]\n|-prepare|p2a: \u591c\u795e\u6708|Meteor Beam\n|-boost|p2a: \u591c\u795e\u6708|spa|1\n|-enditem|p2a: \u591c\u795e\u6708|Power Herb\n|-anim|p2a: \u591c\u795e\u6708|Meteor Beam|p1b: Klefki\n|-resisted|p1b: Klefki\n|-damage|p1b: Klefki|61/100\n|\n|-weather|RainDance|[upkeep]\n|upkeep\n|turn|2\n|inactive|peedr has 30 seconds left.\n|inactive|peedr has 20 seconds left.\n|\n|t:|1775142526\n|move|p1b: Klefki|Light Screen|p1b: Klefki\n|-sidestart|p1: peedr|move: Light Screen\n|move|p1a: Kyogre|Origin Pulse|p2a: \u591c\u795e\u6708|[spread] p2b\n|-miss|p1a: Kyogre|p2a: \u591c\u795e\u6708\n|-damage|p2b: Smeargle|0 fnt\n|faint|p2b: Smeargle\n|move|p2a: \u591c\u795e\u6708|Trick Room|p2a: \u591c\u795e\u6708\n|-fieldstart|move: Trick Room|[of] p2a: \u591c\u795e\u6708\n|\n|-weather|RainDance|[upkeep]\n|upkeep\n|\n|t:|1775142533\n|switch|p2b: \u56fa\u62c9\u591a\u5c0f\u5f1f|Torkoal, L50, M|100/100\n|-weather|SunnyDay|[from] ability: Drought|[of] p2b: \u56fa\u62c9\u591a\u5c0f\u5f1f\n|turn|3\n|\n|t:|1775142544\n|move|p1b: Klefki|Rain Dance|p1b: Klefki\n|-weather|RainDance\n|move|p2b: \u56fa\u62c9\u591a\u5c0f\u5f1f|Eruption|p1b: Klefki|[spread] p1a,p1b\n|-resisted|p1a: Kyogre\n|-supereffective|p1b: Klefki\n|-damage|p1a: Kyogre|92/100\n|-damage|p1b: Klefki|15/100\n|move|p2a: \u591c\u795e\u6708|Moongeist Beam|p1a: Kyogre\n|-damage|p1a: Kyogre|50/100\n|move|p1a: Kyogre|Origin Pulse|p2b: \u56fa\u62c9\u591a\u5c0f\u5f1f|[spread] p2a,p2b\n|-resisted|p2a: \u591c\u795e\u6708\n|-supereffective|p2b: \u56fa\u62c9\u591a\u5c0f\u5f1f\n|-damage|p2a: \u591c\u795e\u6708|67/100\n|-damage|p2b: \u56fa\u62c9\u591a\u5c0f\u5f1f|0 fnt\n|faint|p2b: \u56fa\u62c9\u591a\u5c0f\u5f1f\n|\n|-weather|RainDance|[upkeep]\n|upkeep\n|\n|t:|1775142554\n|switch|p2b: \u5362\u51a0\u738b|Calyrex-Ice, L50|100/100\n|-ability|p2b: \u5362\u51a0\u738b|As One\n|-ability|p2b: \u5362\u51a0\u738b|Unnerve\n|turn|4\n|\n|t:|1775142571\n|move|p1b: Klefki|Reflect|p1b: Klefki\n|-sidestart|p1: peedr|Reflect\n|move|p2b: \u5362\u51a0\u738b|Glacial Lance|p1a: Kyogre|[spread] p1a,p1b\n|-resisted|p1a: Kyogre\n|-resisted|p1b: Klefki\n|-damage|p1a: Kyogre|31/100\n|-damage|p1b: Klefki|0 fnt\n|faint|p1b: Klefki\n|-ability|p2b: \u5362\u51a0\u738b|Chilling Neigh|boost\n|-boost|p2b: \u5362\u51a0\u738b|atk|1\n|move|p2a: \u591c\u795e\u6708|Meteor Beam||[still]\n|-prepare|p2a: \u591c\u795e\u6708|Meteor Beam\n|-boost|p2a: \u591c\u795e\u6708|spa|1\n|move|p1a: Kyogre|Ice Beam|p2a: \u591c\u795e\u6708\n|-supereffective|p2a: \u591c\u795e\u6708\n|-damage|p2a: \u591c\u795e\u6708|18/100\n|\n|-weather|RainDance|[upkeep]\n|upkeep\n|\n|t:|1775142591\n|switch|p1b: Archaludon|Archaludon, L50, F, shiny|100/100\n|turn|5\n|\n|t:|1775142604\n|move|p1a: Kyogre|Protect|p1a: Kyogre\n|-singleturn|p1a: Kyogre|Protect\n|move|p2b: \u5362\u51a0\u738b|High Horsepower|p1a: Kyogre\n|-activate|p1a: Kyogre|move: Protect\n|move|p1b: Archaludon|Electro Shot||[still]\n|-prepare|p1b: Archaludon|Electro Shot\n|-boost|p1b: Archaludon|spa|1\n|-anim|p1b: Archaludon|Electro Shot|p2b: \u5362\u51a0\u738b\n|-damage|p2b: \u5362\u51a0\u738b|55/100\n|move|p2a: \u591c\u795e\u6708|Meteor Beam|p1a: Kyogre|[from] lockedmove\n|-activate|p1a: Kyogre|move: Protect\n|\n|-weather|RainDance|[upkeep]\n|upkeep\n|turn|6\n|inactive|peedr has 30 seconds left.\n|j| elpapugrasoso1\n|inactive|peedr has 20 seconds left.\n|\n|t:|1775142642\n|switch|p1a: Basculegion|Basculegion, L50, M, shiny|100/100\n|-terastallize|p1b: Archaludon|Grass\n|move|p2b: \u5362\u51a0\u738b|Glacial Lance|p1b: Archaludon|[spread] p1a,p1b\n|-resisted|p1a: Basculegion\n|-supereffective|p1b: Archaludon\n|-damage|p1a: Basculegion|63/100\n|-damage|p1b: Archaludon|7/100\n|-ability|p1b: Archaludon|Stamina|boost\n|-boost|p1b: Archaludon|def|1\n|move|p1b: Archaludon|Electro Shot||[still]\n|-prepare|p1b: Archaludon|Electro Shot\n|-boost|p1b: Archaludon|spa|1\n|-anim|p1b: Archaludon|Electro Shot|p2b: \u5362\u51a0\u738b\n|-damage|p2b: \u5362\u51a0\u738b|0 fnt\n|faint|p2b: \u5362\u51a0\u738b\n|move|p2a: \u591c\u795e\u6708|Moongeist Beam|p1b: Archaludon\n|-damage|p1b: Archaludon|0 fnt\n|faint|p1b: Archaludon\n|\n|-weather|RainDance|[upkeep]\n|-sideend|p1: peedr|move: Light Screen\n|-fieldend|move: Trick Room\n|upkeep\n|-message|blackred123 forfeited.\n|\n|win|peedr\n|raw|peedr's rating: 1296 &rarr; <strong>1328</strong><br />(+32 for winning)\n|raw|blackred123's rating: 1402 &rarr; <strong>1376</strong><br />(-26 for losing)\n|l|\u2606blackred123\n|player|p2|\n|l|\u2606peedr\n|player|p1|\n","uploadtime":1775142868,"views":11,"formatid":"gen9vgc2026regi","rating":1328,"private":0,"password":null}