{"id":"gen9vgc2026regi-2543969652","format":"[Gen 9] VGC 2026 Reg I","players":["SnarkyShane","Billlmads"],"log":"|j|\u2606SnarkyShane\n|j|\u2606Billlmads\n|t:|1771636842\n|gametype|doubles\n|player|p1|SnarkyShane|gambler|1462\n|player|p2|Billlmads|winona|1372\n|gen|9\n|tier|[Gen 9] VGC 2026 Reg I\n|rated|\n|rule|Species Clause: Limit one of each Pok\u00e9mon\n|rule|Item Clause: Limit 1 of each item\n|clearpoke\n|poke|p1|Rayquaza, L50|\n|poke|p1|Calyrex-Shadow, L50|\n|poke|p1|Chien-Pao, L50|\n|poke|p1|Ting-Lu, L50|\n|poke|p1|Amoonguss, L50, M|\n|poke|p1|Avalugg-Hisui, L50, F|\n|poke|p2|Miraidon, L50|\n|poke|p2|Lunala, L50|\n|poke|p2|Whimsicott, L50, F|\n|poke|p2|Incineroar, L50, M|\n|poke|p2|Urshifu-*, L50, M|\n|poke|p2|Ursaluna, L50, M|\n|teampreview|4\n|inactive|Battle timer is ON: inactive players will automatically lose when time's up. (requested by SnarkyShane)\n|inactive|SnarkyShane has 60 seconds left.\n|inactive|Billlmads has 60 seconds left.\n|\n|t:|1771636899\n|teamsize|p1|4\n|teamsize|p2|4\n|start\n|switch|p1a: FesterinEquestrian|Calyrex-Shadow, L50|100/100\n|switch|p1b: Noodle Del Muerte|Rayquaza, L50|100/100\n|switch|p2a: Miraidon|Miraidon, L50|100/100\n|switch|p2b: Whimsicott|Whimsicott, L50, F, shiny|100/100\n|-ability|p1a: FesterinEquestrian|As One\n|-ability|p1a: FesterinEquestrian|Unnerve\n|-fieldstart|move: Electric Terrain|[from] ability: Hadron Engine|[of] p2a: Miraidon\n|-ability|p1b: Noodle Del Muerte|Air Lock\n|turn|1\n|inactive|SnarkyShane has 30 seconds left.\n|inactive|Billlmads has 30 seconds left.\n|\n|t:|1771636937\n|move|p1b: Noodle Del Muerte|Protect|p1b: Noodle Del Muerte\n|-singleturn|p1b: Noodle Del Muerte|Protect\n|move|p2b: Whimsicott|Tailwind|p2b: Whimsicott\n|-sidestart|p2: Billlmads|move: Tailwind\n|move|p2a: Miraidon|Electro Drift|p1b: Noodle Del Muerte\n|-activate|p1b: Noodle Del Muerte|move: Protect\n|move|p1a: FesterinEquestrian|Astral Barrage|p2a: Miraidon|[spread] p2a,p2b\n|-damage|p2a: Miraidon|62/100\n|-damage|p2b: Whimsicott|45/100\n|\n|upkeep\n|turn|2\n|inactive|SnarkyShane has 30 seconds left.\n|inactive|SnarkyShane has 20 seconds left.\n|\n|t:|1771636974\n|switch|p1b: Big Gulp|Ting-Lu, L50|100/100\n|-ability|p1b: Big Gulp|Vessel of Ruin\n|move|p2b: Whimsicott|Encore|p1b: Big Gulp\n|-hint|Since gen 7, Dark is immune to Prankster moves.\n|-immune|p1b: Big Gulp\n|move|p2a: Miraidon|Electro Drift|p1a: FesterinEquestrian\n|-enditem|p1a: FesterinEquestrian|Focus Sash\n|-damage|p1a: FesterinEquestrian|1/100\n|move|p1a: FesterinEquestrian|Astral Barrage|p2b: Whimsicott|[spread] p2a,p2b\n|-damage|p2a: Miraidon|33/100\n|-damage|p2b: Whimsicott|3/100\n|\n|upkeep\n|turn|3\n|inactive|SnarkyShane has 30 seconds left.\n|\n|t:|1771636999\n|switch|p2a: Urshifu|Urshifu-Rapid-Strike, L50, M|100/100\n|move|p1a: FesterinEquestrian|Protect|p1a: FesterinEquestrian\n|-singleturn|p1a: FesterinEquestrian|Protect\n|move|p2b: Whimsicott|Moonblast|p1a: FesterinEquestrian\n|-activate|p1a: FesterinEquestrian|move: Protect\n|move|p1b: Big Gulp|Heavy Slam|p2b: Whimsicott\n|-supereffective|p2b: Whimsicott\n|-damage|p2b: Whimsicott|0 fnt\n|faint|p2b: Whimsicott\n|\n|upkeep\n|\n|t:|1771637006\n|switch|p2b: Miraidon|Miraidon, L50|33/100\n|-activate|p2b: Miraidon|ability: Hadron Engine\n|turn|4\n|inactive|SnarkyShane has 30 seconds left.\n|\n|t:|1771637036\n|switch|p1b: Victor Creed|Chien-Pao, L50|100/100\n|-ability|p1b: Victor Creed|Sword of Ruin\n|-terastallize|p2b: Miraidon|Fairy\n|move|p2b: Miraidon|Dazzling Gleam|p1a: FesterinEquestrian|[spread] p1a,p1b\n|-supereffective|p1b: Victor Creed\n|-damage|p1a: FesterinEquestrian|0 fnt\n|-damage|p1b: Victor Creed|0 fnt\n|faint|p1a: FesterinEquestrian\n|faint|p1b: Victor Creed\n|move|p2a: Urshifu|Surging Strikes|p1: FesterinEquestrian|[notarget]\n|-fail|p2a: Urshifu\n|\n|-sideend|p2: Billlmads|move: Tailwind\n|upkeep\n|\n|t:|1771637049\n|switch|p1a: Noodle Del Muerte|Rayquaza, L50|100/100\n|switch|p1b: Big Gulp|Ting-Lu, L50|100/100\n|-ability|p1a: Noodle Del Muerte|Air Lock\n|-ability|p1b: Big Gulp|Vessel of Ruin\n|turn|5\n|inactive|SnarkyShane has 30 seconds left.\n|\n|t:|1771637076\n|switch|p2b: Lunala|Lunala, L50, shiny|100/100\n|-enditem|p2b: Lunala|Electric Seed\n|-boost|p2b: Lunala|def|1|[from] item: Electric Seed\n|-terastallize|p1a: Noodle Del Muerte|Normal\n|move|p2a: Urshifu|Surging Strikes|p1b: Big Gulp\n|-supereffective|p1b: Big Gulp\n|-crit|p1b: Big Gulp\n|-damage|p1b: Big Gulp|65/100\n|-supereffective|p1b: Big Gulp\n|-crit|p1b: Big Gulp\n|-damage|p1b: Big Gulp|26/100\n|-supereffective|p1b: Big Gulp\n|-crit|p1b: Big Gulp\n|-damage|p1b: Big Gulp|0 fnt\n|faint|p1b: Big Gulp\n|-hitcount|p1: Big Gulp|3\n|move|p1a: Noodle Del Muerte|Dragon Ascent|p2a: Urshifu\n|-supereffective|p2a: Urshifu\n|-damage|p2a: Urshifu|0 fnt\n|-unboost|p1a: Noodle Del Muerte|def|1\n|-unboost|p1a: Noodle Del Muerte|spd|1\n|faint|p2a: Urshifu\n|\n|-fieldend|move: Electric Terrain\n|upkeep\n|\n|t:|1771637087\n|switch|p2a: Miraidon|Miraidon, L50, tera:Fairy|33/100\n|-fieldstart|move: Electric Terrain|[from] ability: Hadron Engine|[of] p2a: Miraidon\n|turn|6\n|\n|t:|1771637094\n|move|p1a: Noodle Del Muerte|Extreme Speed|p2a: Miraidon\n|-damage|p2a: Miraidon|0 fnt\n|faint|p2a: Miraidon\n|move|p2b: Lunala|Moonblast|p1a: Noodle Del Muerte\n|-damage|p1a: Noodle Del Muerte|46/100\n|\n|upkeep\n|turn|7\n|\n|t:|1771637100\n|move|p2b: Lunala|Moonblast|p1a: Noodle Del Muerte\n|-damage|p1a: Noodle Del Muerte|0 fnt\n|faint|p1a: Noodle Del Muerte\n|\n|win|Billlmads\n|raw|SnarkyShane's rating: 1462 &rarr; <strong>1437</strong><br />(-25 for losing)\n|raw|Billlmads's rating: 1372 &rarr; <strong>1397</strong><br />(+25 for winning)\n|l|\u2606SnarkyShane\n|player|p1|\n","uploadtime":1771637261,"views":15,"formatid":"gen9vgc2026regi","rating":1397,"private":0,"password":null}