{"id":"gen9vgc2026regi-2564932192","format":"[Gen 9] VGC 2026 Reg I","players":["mikachu83983","j0l0k0"],"log":"|j|\u2606mikachu83983\n|j|\u2606j0l0k0\n|t:|1774211752\n|gametype|doubles\n|player|p1|mikachu83983|brock|1573\n|player|p2|j0l0k0|brycen|1548\n|gen|9\n|tier|[Gen 9] VGC 2026 Reg I\n|rated|\n|rule|Species Clause: Limit one of each Pok\u00e9mon\n|rule|Item Clause: Limit 1 of each item\n|clearpoke\n|poke|p1|Koraidon, L50|\n|poke|p1|Calyrex-Shadow, L50|\n|poke|p1|Scream Tail, L50|\n|poke|p1|Amoonguss, L50, M|\n|poke|p1|Flutter Mane, L50|\n|poke|p1|Incineroar, L50, F|\n|poke|p2|Calyrex-Ice, L50|\n|poke|p2|Kyogre, L50|\n|poke|p2|Indeedee-F, L50, F|\n|poke|p2|Urshifu-*, L50, F|\n|poke|p2|Amoonguss, L50, F|\n|poke|p2|Landorus, L50, M|\n|teampreview|4\n|inactive|Battle timer is ON: inactive players will automatically lose when time's up. (requested by j0l0k0)\n|inactive|j0l0k0 has 60 seconds left.\n|\n|t:|1774211812\n|teamsize|p1|4\n|teamsize|p2|4\n|start\n|switch|p1a: Spectral Stallion|Calyrex-Shadow, L50|100/100\n|switch|p1b: Hypnotic Hyphae|Amoonguss, L50, M, shiny|100/100\n|switch|p2a: Indeedee|Indeedee-F, L50, F, shiny|100/100\n|switch|p2b: Calyrex|Calyrex-Ice, L50|100/100\n|-ability|p1a: Spectral Stallion|As One\n|-ability|p1a: Spectral Stallion|Unnerve\n|-ability|p2b: Calyrex|As One\n|-ability|p2b: Calyrex|Unnerve\n|-fieldstart|move: Psychic Terrain|[from] ability: Psychic Surge|[of] p2a: Indeedee\n|turn|1\n|\n|t:|1774211832\n|-terastallize|p1a: Spectral Stallion|Water\n|-terastallize|p2b: Calyrex|Normal\n|move|p2a: Indeedee|Helping Hand|p2b: Calyrex\n|-singleturn|p2b: Calyrex|Helping Hand|[of] p2a: Indeedee\n|move|p1a: Spectral Stallion|Substitute|p1a: Spectral Stallion\n|-start|p1a: Spectral Stallion|Substitute\n|-damage|p1a: Spectral Stallion|75/100\n|move|p2b: Calyrex|Glacial Lance|p1a: Spectral Stallion|[spread] p1a,p1b\n|-resisted|p1a: Spectral Stallion\n|-end|p1a: Spectral Stallion|Substitute\n|-supereffective|p1b: Hypnotic Hyphae\n|-damage|p1b: Hypnotic Hyphae|0 fnt\n|faint|p1b: Hypnotic Hyphae\n|-ability|p2b: Calyrex|Chilling Neigh|boost\n|-boost|p2b: Calyrex|atk|1\n|\n|upkeep\n|\n|t:|1774211846\n|switch|p1b: Wolfey's Wrestler|Incineroar, L50, F|100/100\n|-ability|p1b: Wolfey's Wrestler|Intimidate|boost\n|-unboost|p2a: Indeedee|atk|1\n|-fail|p2b: Calyrex|unboost|[from] item: Clear Amulet|[of] p2b: Calyrex\n|turn|2\n|\n|t:|1774211857\n|move|p2a: Indeedee|Follow Me|p2a: Indeedee\n|-singleturn|p2a: Indeedee|move: Follow Me\n|move|p1a: Spectral Stallion|Substitute|p1a: Spectral Stallion\n|-start|p1a: Spectral Stallion|Substitute\n|-damage|p1a: Spectral Stallion|50/100\n|move|p1b: Wolfey's Wrestler|Knock Off|p2a: Indeedee\n|-supereffective|p2a: Indeedee\n|-damage|p2a: Indeedee|19/100\n|-enditem|p2a: Indeedee|Safety Goggles|[from] move: Knock Off|[of] p1b: Wolfey's Wrestler\n|move|p2b: Calyrex|Trick Room|p2b: Calyrex\n|-fieldstart|move: Trick Room|[of] p2b: Calyrex\n|\n|upkeep\n|turn|3\n|inactive|mikachu83983 has 30 seconds left.\n|inactive|j0l0k0 has 30 seconds left.\n|inactive|j0l0k0 has 20 seconds left.\n|inactive|j0l0k0 has 15 seconds left.\n|inactive|j0l0k0 has 10 seconds left.\n|inactive|j0l0k0 has 5 seconds left.\n|\n|t:|1774211912\n|move|p1a: Spectral Stallion|Protect|p1a: Spectral Stallion\n|-singleturn|p1a: Spectral Stallion|Protect\n|move|p2a: Indeedee|Follow Me|p2a: Indeedee\n|-singleturn|p2a: Indeedee|move: Follow Me\n|move|p2b: Calyrex|Glacial Lance|p1a: Spectral Stallion|[spread] p1b\n|-activate|p1a: Spectral Stallion|move: Protect\n|-resisted|p1b: Wolfey's Wrestler\n|-damage|p1b: Wolfey's Wrestler|63/100\n|move|p1b: Wolfey's Wrestler|U-turn|p2a: Indeedee\n|-supereffective|p2a: Indeedee\n|-damage|p2a: Indeedee|0 fnt\n|faint|p2a: Indeedee\n|\n|t:|1774211920\n|switch|p1b: Primal Predator|Koraidon, L50, shiny|100/100|[from] U-turn\n|-weather|SunnyDay|[from] ability: Orichalcum Pulse|[of] p1b: Primal Predator\n|-activate|p1b: Primal Predator|Orichalcum Pulse|[source]\n|\n|-weather|SunnyDay|[upkeep]\n|upkeep\n|\n|t:|1774211931\n|switch|p2a: Kyogre|Kyogre, L50, shiny|100/100\n|-weather|RainDance|[from] ability: Drizzle|[of] p2a: Kyogre\n|turn|4\n|\n|t:|1774211943\n|move|p1b: Primal Predator|Protect|p1b: Primal Predator\n|-singleturn|p1b: Primal Predator|Protect\n|move|p2b: Calyrex|Glacial Lance|p1b: Primal Predator|[spread] p1a\n|-activate|p1b: Primal Predator|move: Protect\n|-resisted|p1a: Spectral Stallion\n|-end|p1a: Spectral Stallion|Substitute\n|move|p2a: Kyogre|Thunder|p1a: Spectral Stallion\n|-supereffective|p1a: Spectral Stallion\n|-damage|p1a: Spectral Stallion|0 fnt\n|faint|p1a: Spectral Stallion\n|\n|-weather|RainDance|[upkeep]\n|upkeep\n|\n|t:|1774211953\n|switch|p1a: Wolfey's Wrestler|Incineroar, L50, F|63/100\n|-ability|p1a: Wolfey's Wrestler|Intimidate|boost\n|-unboost|p2a: Kyogre|atk|1\n|-fail|p2b: Calyrex|unboost|[from] item: Clear Amulet|[of] p2b: Calyrex\n|turn|5\n|\n|t:|1774211966\n|move|p1b: Primal Predator|Protect||[still]\n|-fail|p1b: Primal Predator\n|move|p2b: Calyrex|Glacial Lance|p1a: Wolfey's Wrestler|[spread] p1a,p1b\n|-resisted|p1a: Wolfey's Wrestler\n|-supereffective|p1b: Primal Predator\n|-damage|p1a: Wolfey's Wrestler|28/100\n|-damage|p1b: Primal Predator|0 fnt\n|faint|p1b: Primal Predator\n|-ability|p2b: Calyrex|Chilling Neigh|boost\n|-boost|p2b: Calyrex|atk|1\n|move|p1a: Wolfey's Wrestler|Knock Off|p2b: Calyrex\n|-crit|p2b: Calyrex\n|-damage|p2b: Calyrex|65/100\n|-enditem|p2b: Calyrex|Clear Amulet|[from] move: Knock Off|[of] p1a: Wolfey's Wrestler\n|move|p2a: Kyogre|Water Spout|p1a: Wolfey's Wrestler\n|-supereffective|p1a: Wolfey's Wrestler\n|-damage|p1a: Wolfey's Wrestler|0 fnt\n|faint|p1a: Wolfey's Wrestler\n|\n|win|j0l0k0\n|raw|mikachu83983's rating: 1573 &rarr; <strong>1552</strong><br />(-21 for losing)\n|raw|j0l0k0's rating: 1548 &rarr; <strong>1569</strong><br />(+21 for winning)\n|l|\u2606mikachu83983\n|player|p1|\n|l|\u2606j0l0k0\n|player|p2|\n","uploadtime":1774212182,"views":17,"formatid":"gen9vgc2026regi","rating":1552,"private":0,"password":null}