{"id":"gen9vgc2026regi-2524195295","format":"[Gen 9] VGC 2026 Reg I","players":["infinitygroudon","Schimmli"],"log":"|j|\u2606infinitygroudon\n|j|\u2606Schimmli\n|t:|1769116832\n|gametype|doubles\n|player|p1|infinitygroudon|2|1405\n|player|p2|Schimmli|265|1454\n|gen|9\n|tier|[Gen 9] VGC 2026 Reg I\n|rated|\n|rule|Species Clause: Limit one of each Pok\u00e9mon\n|rule|Item Clause: Limit 1 of each item\n|clearpoke\n|poke|p1|Kyogre, L50|\n|poke|p1|Palkia-Origin, L50|\n|poke|p1|Farigiraf, L50, M|\n|poke|p1|Archaludon, L50, M|\n|poke|p1|Iron Jugulis, L50|\n|poke|p1|Raging Bolt, L50|\n|poke|p2|Terapagos, L50, M|\n|poke|p2|Calyrex-Shadow, L50|\n|poke|p2|Flutter Mane, L50|\n|poke|p2|Ogerpon-Cornerstone, L50, F|\n|poke|p2|Incineroar, L50, F|\n|poke|p2|Rillaboom, L50, F|\n|teampreview|4\n|\n|t:|1769116861\n|teamsize|p1|4\n|teamsize|p2|4\n|start\n|switch|p1a: Secretariat|Palkia-Origin, L50|100/100\n|switch|p1b: Jorris|Iron Jugulis, L50|100/100\n|switch|p2a: Terapagos|Terapagos, L50, M|100/100\n|switch|p2b: Flutter Mane|Flutter Mane, L50|100/100\n|-activate|p2a: Terapagos|ability: Tera Shift\n|detailschange|p2a: Terapagos|Terapagos-Terastal, L50, M\n|-heal|p2a: Terapagos|100/100|[silent]\n|-ability|p1a: Secretariat|Pressure\n|-enditem|p2b: Flutter Mane|Booster Energy\n|-activate|p2b: Flutter Mane|ability: Protosynthesis|[fromitem]\n|-start|p2b: Flutter Mane|protosynthesisspe\n|-enditem|p1b: Jorris|Booster Energy\n|-activate|p1b: Jorris|ability: Quark Drive|[fromitem]\n|-start|p1b: Jorris|quarkdrivespe\n|turn|1\n|\n|t:|1769116884\n|-terastallize|p1b: Jorris|Poison\n|move|p2b: Flutter Mane|Moonblast|p1b: Jorris\n|-resisted|p1b: Jorris\n|-damage|p1b: Jorris|78/100\n|-unboost|p1b: Jorris|spa|1\n|move|p1b: Jorris|Snarl|p2b: Flutter Mane|[spread] p2a,p2b\n|-activate|p2a: Terapagos|ability: Tera Shell\n|-resisted|p2a: Terapagos\n|-damage|p2a: Terapagos|96/100\n|-damage|p2b: Flutter Mane|90/100\n|-unboost|p2a: Terapagos|spa|1\n|-unboost|p2b: Flutter Mane|spa|1\n|move|p1a: Secretariat|Icy Wind|p2b: Flutter Mane|[spread] p2a,p2b\n|-damage|p2a: Terapagos|84/100\n|-damage|p2b: Flutter Mane|79/100\n|-unboost|p2a: Terapagos|spe|1\n|-unboost|p2b: Flutter Mane|spe|1\n|move|p2a: Terapagos|Calm Mind|p2a: Terapagos\n|-boost|p2a: Terapagos|spa|1\n|-boost|p2a: Terapagos|spd|1\n|\n|-heal|p2a: Terapagos|91/100|[from] item: Leftovers\n|upkeep\n|turn|2\n|\n|t:|1769116908\n|move|p2a: Terapagos|Protect|p2a: Terapagos\n|-singleturn|p2a: Terapagos|Protect\n|move|p1b: Jorris|Dragon Cheer|p1a: Secretariat\n|-start|p1a: Secretariat|move: Dragon Cheer\n|move|p2b: Flutter Mane|Moonblast|p1a: Secretariat\n|-supereffective|p1a: Secretariat\n|-crit|p1a: Secretariat\n|-damage|p1a: Secretariat|2/100\n|move|p1a: Secretariat|Hydro Pump|p2b: Flutter Mane\n|-damage|p2b: Flutter Mane|26/100\n|\n|-heal|p2a: Terapagos|97/100|[from] item: Leftovers\n|upkeep\n|turn|3\n|\n|t:|1769116926\n|move|p1b: Jorris|Snarl|p2a: Terapagos|[spread] p2a\n|-miss|p1b: Jorris|p2b: Flutter Mane\n|-damage|p2a: Terapagos|91/100\n|-unboost|p2a: Terapagos|spa|1\n|move|p2b: Flutter Mane|Moonblast|p1a: Secretariat\n|-supereffective|p1a: Secretariat\n|-damage|p1a: Secretariat|0 fnt\n|faint|p1a: Secretariat\n|move|p2a: Terapagos|Calm Mind|p2a: Terapagos\n|-boost|p2a: Terapagos|spa|1\n|-boost|p2a: Terapagos|spd|1\n|\n|-heal|p2a: Terapagos|97/100|[from] item: Leftovers\n|upkeep\n|\n|t:|1769116934\n|switch|p1a: Archibald|Archaludon, L50, M, shiny|100/100\n|turn|4\n|\n|t:|1769116949\n|move|p2a: Terapagos|Protect|p2a: Terapagos\n|-singleturn|p2a: Terapagos|Protect\n|move|p1b: Jorris|Snarl|p2a: Terapagos|[spread] p2b\n|-activate|p2a: Terapagos|move: Protect\n|-damage|p2b: Flutter Mane|15/100\n|-unboost|p2b: Flutter Mane|spa|1\n|move|p2b: Flutter Mane|Thunder Wave|p1b: Jorris\n|-status|p1b: Jorris|par\n|move|p1a: Archibald|Flash Cannon|p2b: Flutter Mane\n|-supereffective|p2b: Flutter Mane\n|-damage|p2b: Flutter Mane|0 fnt\n|faint|p2b: Flutter Mane\n|-end|p2b: Flutter Mane|Protosynthesis|[silent]\n|\n|-heal|p2a: Terapagos|100/100|[from] item: Leftovers\n|upkeep\n|\n|t:|1769116971\n|switch|p2b: Rillaboom|Rillaboom, L50, F|100/100\n|-fieldstart|move: Grassy Terrain|[from] ability: Grassy Surge|[of] p2b: Rillaboom\n|turn|5\n|\n|t:|1769116980\n|move|p2b: Rillaboom|Fake Out|p1b: Jorris\n|-damage|p1b: Jorris|67/100 par\n|cant|p1b: Jorris|flinch\n|move|p1a: Archibald|Body Press|p2a: Terapagos\n|-activate|p2a: Terapagos|ability: Tera Shell\n|-resisted|p2a: Terapagos\n|-damage|p2a: Terapagos|92/100\n|move|p2a: Terapagos|Calm Mind|p2a: Terapagos\n|-boost|p2a: Terapagos|spa|1\n|-boost|p2a: Terapagos|spd|1\n|\n|-heal|p1b: Jorris|73/100 par|[from] Grassy Terrain\n|-heal|p2a: Terapagos|98/100|[from] Grassy Terrain\n|-heal|p2a: Terapagos|100/100|[from] item: Leftovers\n|upkeep\n|turn|6\n|\n|t:|1769117002\n|cant|p1b: Jorris|par\n|move|p1a: Archibald|Flash Cannon|p2b: Rillaboom\n|-damage|p2b: Rillaboom|77/100\n|move|p2b: Rillaboom|Wood Hammer|p1b: Jorris\n|-resisted|p1b: Jorris\n|-damage|p1b: Jorris|38/100 par\n|-damage|p2b: Rillaboom|66/100|[from] Recoil\n|move|p2a: Terapagos|Calm Mind|p2a: Terapagos\n|-boost|p2a: Terapagos|spa|1\n|-boost|p2a: Terapagos|spd|1\n|\n|-heal|p1b: Jorris|44/100 par|[from] Grassy Terrain\n|-heal|p2b: Rillaboom|72/100|[from] Grassy Terrain\n|upkeep\n|turn|7\n|\n|t:|1769117044\n|-terastallize|p2a: Terapagos|Stellar\n|detailschange|p2a: Terapagos|Terapagos-Stellar, L50, M, tera:Stellar\n|-heal|p2a: Terapagos|100/100|[silent]\n|-ability|p2a: Terapagos|Teraform Zero\n|-fieldend|move: Grassy Terrain\n|cant|p1b: Jorris|par\n|move|p1a: Archibald|Body Press|p2a: Terapagos\n|-supereffective|p2a: Terapagos\n|-damage|p2a: Terapagos|76/100\n|move|p2b: Rillaboom|U-turn|p1a: Archibald\n|-resisted|p1a: Archibald\n|-damage|p1a: Archibald|93/100\n|-ability|p1a: Archibald|Stamina|boost\n|-boost|p1a: Archibald|def|1\n|\n|t:|1769117057\n|switch|p2b: Calyrex|Calyrex-Shadow, L50|100/100|[from] U-turn\n|-ability|p2b: Calyrex|As One\n|-ability|p2b: Calyrex|Unnerve\n|move|p2a: Terapagos|Tera Starstorm|p1a: Archibald|[spread] p1a,p1b\n|-supereffective|p1b: Jorris\n|-damage|p1a: Archibald|41/100\n|-damage|p1b: Jorris|0 fnt\n|-ability|p1a: Archibald|Stamina|boost\n|-boost|p1a: Archibald|def|1\n|faint|p1b: Jorris\n|-end|p1b: Jorris|Quark Drive|[silent]\n|\n|-heal|p2a: Terapagos|83/100|[from] item: Leftovers\n|upkeep\n|\n|t:|1769117059\n|switch|p1b: Piratebeard|Kyogre, L50|100/100\n|-weather|RainDance|[from] ability: Drizzle|[of] p1b: Piratebeard\n|turn|8\n|\n|t:|1769117091\n|move|p1b: Piratebeard|Water Spout|p2a: Terapagos|[spread] p2a,p2b\n|-damage|p2a: Terapagos|64/100\n|-damage|p2b: Calyrex|2/100\n|move|p2b: Calyrex|Astral Barrage|p1b: Piratebeard|[spread] p1a,p1b\n|-damage|p1a: Archibald|0 fnt\n|-damage|p1b: Piratebeard|59/100\n|faint|p1a: Archibald\n|-ability|p2b: Calyrex|Grim Neigh|boost\n|-boost|p2b: Calyrex|spa|1\n|move|p2a: Terapagos|Tera Starstorm|p1b: Piratebeard\n|-damage|p1b: Piratebeard|0 fnt\n|faint|p1b: Piratebeard\n|\n|win|Schimmli\n|raw|infinitygroudon's rating: 1405 &rarr; <strong>1388</strong><br />(-17 for losing)\n|raw|Schimmli's rating: 1454 &rarr; <strong>1471</strong><br />(+17 for winning)\n|l|\u2606infinitygroudon\n|player|p1|\n|l|\u2606Schimmli\n|player|p2|\n","uploadtime":1769117235,"views":15,"formatid":"gen9vgc2026regi","rating":1388,"private":0,"password":null}