{"id":"gen9vgc2026regi-2542739215","format":"[Gen 9] VGC 2026 Reg I","players":["ryo8989","Bb4210"],"log":"|j|\u2606ryo8989\n|j|\u2606Bb4210\n|t:|1771488933\n|gametype|doubles\n|player|p1|ryo8989|erika|1416\n|player|p2|Bb4210|102|1509\n|gen|9\n|tier|[Gen 9] VGC 2026 Reg I\n|rated|\n|rule|Species Clause: Limit one of each Pok\u00e9mon\n|rule|Item Clause: Limit 1 of each item\n|clearpoke\n|poke|p1|Calyrex-Shadow, L50|\n|poke|p1|Zamazenta-*, L50|\n|poke|p1|Raging Bolt, L50|\n|poke|p1|Rillaboom, L50, M|\n|poke|p1|Tornadus, L50, M|\n|poke|p1|Urshifu-*, L50, M|\n|poke|p2|Flutter Mane, L50|\n|poke|p2|Amoonguss, L50, F|\n|poke|p2|Urshifu-*, L50, F|\n|poke|p2|Tornadus, L50, M|\n|poke|p2|Calyrex-Ice, L50|\n|poke|p2|Zamazenta-*, L50|\n|teampreview|4\n|inactive|Battle timer is ON: inactive players will automatically lose when time's up. (requested by Bb4210)\n|inactive|ryo8989 has 60 seconds left.\n|\n|t:|1771488965\n|teamsize|p1|4\n|teamsize|p2|4\n|start\n|switch|p1a: Zamazenta|Zamazenta-Crowned, L50, shiny|100/100\n|switch|p1b: Calyrex|Calyrex-Shadow, L50|100/100\n|switch|p2a: Calyrex|Calyrex-Ice, L50|100/100\n|switch|p2b: Zamazenta|Zamazenta-Crowned, L50|100/100\n|-ability|p1b: Calyrex|As One\n|-ability|p1b: Calyrex|Unnerve\n|-ability|p2a: Calyrex|As One\n|-ability|p2a: Calyrex|Unnerve\n|-ability|p2b: Zamazenta|Dauntless Shield|boost\n|-boost|p2b: Zamazenta|def|1\n|-ability|p1a: Zamazenta|Dauntless Shield|boost\n|-boost|p1a: Zamazenta|def|1\n|turn|1\n|inactive|ryo8989 has 30 seconds left.\n|\n|t:|1771488999\n|-terastallize|p2a: Calyrex|Ground\n|move|p1b: Calyrex|Astral Barrage|p2a: Calyrex|[spread] p2a,p2b\n|-damage|p2a: Calyrex|74/100\n|-damage|p2b: Zamazenta|55/100\n|move|p2b: Zamazenta|Coaching|p2a: Calyrex\n|-boost|p2a: Calyrex|atk|1\n|-boost|p2a: Calyrex|def|1\n|move|p1a: Zamazenta|Body Press|p2a: Calyrex\n|-damage|p2a: Calyrex|45/100\n|move|p2a: Calyrex|Glacial Lance|p1b: Calyrex|[spread] p1a,p1b\n|-resisted|p1a: Zamazenta\n|-damage|p1a: Zamazenta|82/100\n|-enditem|p1b: Calyrex|Focus Sash\n|-damage|p1b: Calyrex|1/100\n|\n|upkeep\n|turn|2\n|\n|t:|1771489021\n|move|p2b: Zamazenta|Wide Guard|p2b: Zamazenta\n|-singleturn|p2b: Zamazenta|Wide Guard\n|move|p1b: Calyrex|Psychic|p2a: Calyrex\n|-damage|p2a: Calyrex|20/100\n|move|p1a: Zamazenta|Body Press|p2a: Calyrex\n|-damage|p2a: Calyrex|0 fnt\n|faint|p2a: Calyrex\n|\n|upkeep\n|\n|t:|1771489030\n|switch|p2a: Amoonguss|Amoonguss, L50, F|100/100\n|turn|3\n|\n|t:|1771489050\n|move|p1a: Zamazenta|Protect|p1a: Zamazenta\n|-singleturn|p1a: Zamazenta|Protect\n|move|p2a: Amoonguss|Protect|p2a: Amoonguss\n|-singleturn|p2a: Amoonguss|Protect\n|move|p1b: Calyrex|Astral Barrage|p2a: Amoonguss|[spread] p2b\n|-activate|p2a: Amoonguss|move: Protect\n|-damage|p2b: Zamazenta|14/100\n|move|p2b: Zamazenta|Behemoth Bash|p1b: Calyrex\n|-crit|p1b: Calyrex\n|-damage|p1b: Calyrex|0 fnt\n|faint|p1b: Calyrex\n|\n|upkeep\n|\n|t:|1771489066\n|switch|p1b: Rillaboom|Rillaboom, L50, M, shiny|100/100\n|-fieldstart|move: Grassy Terrain|[from] ability: Grassy Surge|[of] p1b: Rillaboom\n|turn|4\n|\n|t:|1771489079\n|move|p1b: Rillaboom|Fake Out|p2a: Amoonguss\n|-damage|p2a: Amoonguss|86/100\n|-damage|p1b: Rillaboom|84/100|[from] item: Rocky Helmet|[of] p2a: Amoonguss\n|cant|p2a: Amoonguss|flinch\n|move|p2b: Zamazenta|Body Press|p1a: Zamazenta\n|-supereffective|p1a: Zamazenta\n|-damage|p1a: Zamazenta|30/100\n|move|p1a: Zamazenta|Body Press|p2b: Zamazenta\n|-supereffective|p2b: Zamazenta\n|-crit|p2b: Zamazenta\n|-damage|p2b: Zamazenta|0 fnt\n|faint|p2b: Zamazenta\n|\n|-heal|p1a: Zamazenta|37/100|[from] Grassy Terrain\n|-heal|p1b: Rillaboom|90/100|[from] Grassy Terrain\n|-heal|p2a: Amoonguss|92/100|[from] Grassy Terrain\n|upkeep\n|\n|t:|1771489090\n|switch|p2b: Urshifu|Urshifu-Rapid-Strike, L50, F|100/100\n|turn|5\n|\n|t:|1771489111\n|move|p2b: Urshifu|Surging Strikes|p1a: Zamazenta\n|-crit|p1a: Zamazenta\n|-damage|p1a: Zamazenta|23/100\n|-crit|p1a: Zamazenta\n|-damage|p1a: Zamazenta|11/100\n|-crit|p1a: Zamazenta\n|-damage|p1a: Zamazenta|0 fnt\n|faint|p1a: Zamazenta\n|-hitcount|p1: Zamazenta|3\n|move|p1b: Rillaboom|Wood Hammer|p2a: Amoonguss\n|-resisted|p2a: Amoonguss\n|-damage|p2a: Amoonguss|73/100\n|-damage|p1b: Rillaboom|73/100|[from] item: Rocky Helmet|[of] p2a: Amoonguss\n|-damage|p1b: Rillaboom|67/100|[from] Recoil\n|move|p2a: Amoonguss|Pollen Puff|p1b: Rillaboom\n|-supereffective|p1b: Rillaboom\n|-damage|p1b: Rillaboom|42/100\n|\n|-heal|p1b: Rillaboom|47/100|[from] Grassy Terrain\n|-heal|p2a: Amoonguss|79/100|[from] Grassy Terrain\n|upkeep\n|\n|t:|1771489130\n|switch|p1a: Urshifu|Urshifu-Rapid-Strike, L50, M|100/100\n|turn|6\n|\n|t:|1771489139\n|move|p1b: Rillaboom|Grassy Glide|p2b: Urshifu\n|-supereffective|p2b: Urshifu\n|-damage|p2b: Urshifu|32/100\n|move|p2b: Urshifu|Surging Strikes|p1a: Urshifu\n|-resisted|p1a: Urshifu\n|-crit|p1a: Urshifu\n|-damage|p1a: Urshifu|89/100\n|-resisted|p1a: Urshifu\n|-crit|p1a: Urshifu\n|-damage|p1a: Urshifu|78/100\n|-resisted|p1a: Urshifu\n|-crit|p1a: Urshifu\n|-damage|p1a: Urshifu|67/100\n|-hitcount|p1a: Urshifu|3\n|move|p1a: Urshifu|Close Combat|p2b: Urshifu\n|-damage|p2b: Urshifu|0 fnt\n|-unboost|p1a: Urshifu|def|1\n|-unboost|p1a: Urshifu|spd|1\n|faint|p2b: Urshifu\n|move|p2a: Amoonguss|Pollen Puff|p1b: Rillaboom\n|-supereffective|p1b: Rillaboom\n|-damage|p1b: Rillaboom|24/100\n|\n|-heal|p1a: Urshifu|73/100|[from] Grassy Terrain\n|-heal|p1b: Rillaboom|30/100|[from] Grassy Terrain\n|-heal|p2a: Amoonguss|85/100|[from] Grassy Terrain\n|upkeep\n|turn|7\n|inactive|ryo8989 has 30 seconds left.\n|\n|t:|1771489169\n|-terastallize|p1b: Rillaboom|Fire\n|move|p1a: Urshifu|Close Combat|p2a: Amoonguss\n|-resisted|p2a: Amoonguss\n|-damage|p2a: Amoonguss|27/100\n|-unboost|p1a: Urshifu|def|1\n|-unboost|p1a: Urshifu|spd|1\n|-damage|p1a: Urshifu|56/100|[from] item: Rocky Helmet|[of] p2a: Amoonguss\n|move|p1b: Rillaboom|U-turn|p2a: Amoonguss\n|-damage|p2a: Amoonguss|3/100\n|-damage|p1b: Rillaboom|14/100|[from] item: Rocky Helmet|[of] p2a: Amoonguss\n|move|p2a: Amoonguss|Pollen Puff|p1b: Rillaboom\n|-resisted|p1b: Rillaboom\n|-damage|p1b: Rillaboom|7/100\n|\n|-heal|p1a: Urshifu|62/100|[from] Grassy Terrain\n|-heal|p1b: Rillaboom|13/100|[from] Grassy Terrain\n|-heal|p2a: Amoonguss|9/100|[from] Grassy Terrain\n|upkeep\n|turn|8\n|-message|Bb4210 forfeited.\n|\n|win|ryo8989\n|raw|ryo8989's rating: 1416 &rarr; <strong>1441</strong><br />(+25 for winning)\n|raw|Bb4210's rating: 1509 &rarr; <strong>1484</strong><br />(-25 for losing)\n|l|\u2606Bb4210\n|player|p2|\n|l|\u2606ryo8989\n|player|p1|\n","uploadtime":1771489433,"views":15,"formatid":"gen9vgc2026regi","rating":1441,"private":0,"password":null}