{"id":"gen9vgc2026regi-2569904959","format":"[Gen 9] VGC 2026 Reg I","players":["Adriny","TheManOfSausage"],"log":"|j|\u2606Adriny\n|j|\u2606TheManOfSausage\n|t:|1774744531\n|gametype|doubles\n|player|p1|Adriny|fisher-gen8|1408\n|player|p2|TheManOfSausage|102|1405\n|gen|9\n|tier|[Gen 9] VGC 2026 Reg I\n|rated|\n|rule|Species Clause: Limit one of each Pok\u00e9mon\n|rule|Item Clause: Limit 1 of each item\n|clearpoke\n|poke|p1|Miraidon, L50|\n|poke|p1|Koraidon, L50|\n|poke|p1|Flutter Mane, L50|\n|poke|p1|Chi-Yu, L50|\n|poke|p1|Farigiraf, L50, F|\n|poke|p1|Iron Hands, L50|\n|poke|p2|Calyrex-Shadow, L50|\n|poke|p2|Koraidon, L50|\n|poke|p2|Weezing-Galar, L50, M|\n|poke|p2|Brute Bonnet, L50|\n|poke|p2|Chi-Yu, L50|\n|poke|p2|Raging Bolt, L50|\n|teampreview|4\n|inactive|Battle timer is ON: inactive players will automatically lose when time's up. (requested by Adriny)\n|inactive|Adriny has 60 seconds left.\n|\n|t:|1774744580\n|teamsize|p1|4\n|teamsize|p2|4\n|start\n|switch|p1a: Chip|Chi-Yu, L50|100/100\n|switch|p1b: Farley|Farigiraf, L50, F|100/100\n|switch|p2a: Koraidon|Koraidon, L50|100/100\n|switch|p2b: Weezing|Weezing-Galar, L50, M|100/100\n|-ability|p2b: Weezing|Neutralizing Gas\n|-block|p2a: Koraidon|item: Ability Shield\n|-weather|SunnyDay|[from] ability: Orichalcum Pulse|[of] p2a: Koraidon\n|-activate|p2a: Koraidon|Orichalcum Pulse|[source]\n|turn|1\n|\n|t:|1774744603\n|move|p1a: Chip|Heat Wave|p2a: Koraidon|[spread] p2a,p2b\n|-resisted|p2a: Koraidon\n|-damage|p2a: Koraidon|69/100\n|-damage|p2b: Weezing|18/100\n|move|p2a: Koraidon|Collision Course|p1a: Chip\n|-supereffective|p1a: Chip\n|-damage|p1a: Chip|0 fnt\n|faint|p1a: Chip\n|move|p2b: Weezing|Taunt|p1b: Farley\n|-start|p1b: Farley|move: Taunt\n|cant|p1b: Farley|move: Taunt|Trick Room\n|\n|-weather|SunnyDay|[upkeep]\n|upkeep\n|\n|t:|1774744619\n|switch|p1a: Iroh|Iron Hands, L50|100/100\n|turn|2\n|\n|t:|1774744634\n|switch|p1b: Miranda|Miraidon, L50|100/100\n|move|p2a: Koraidon|Protect|p2a: Koraidon\n|-singleturn|p2a: Koraidon|Protect\n|move|p2b: Weezing|Sludge Bomb|p1b: Miranda\n|-damage|p1b: Miranda|87/100\n|move|p1a: Iroh|Wild Charge|p2b: Weezing\n|-damage|p2b: Weezing|0 fnt\n|-damage|p1a: Iroh|84/100|[from] item: Rocky Helmet|[of] p2b: Weezing\n|faint|p2b: Weezing\n|-end|p2b: Weezing|ability: Neutralizing Gas\n|-fieldstart|move: Electric Terrain|[from] ability: Hadron Engine|[of] p1b: Miranda\n|-activate|p1a: Iroh|ability: Quark Drive\n|-start|p1a: Iroh|quarkdriveatk\n|-damage|p1a: Iroh|81/100|[from] Recoil\n|\n|-weather|SunnyDay|[upkeep]\n|upkeep\n|\n|t:|1774744640\n|switch|p2b: Rice Shower|Calyrex-Shadow, L50|100/100\n|-ability|p2b: Rice Shower|As One\n|-ability|p2b: Rice Shower|Unnerve\n|turn|3\n|\n|t:|1774744657\n|-end|p1a: Iroh|Quark Drive|[silent]\n|switch|p1a: Farley|Farigiraf, L50, F|100/100\n|-enditem|p1a: Farley|Electric Seed\n|-boost|p1a: Farley|def|1|[from] item: Electric Seed\n|move|p2b: Rice Shower|Psychic|p1a: Farley\n|-resisted|p1a: Farley\n|-damage|p1a: Farley|73/100\n|move|p2a: Koraidon|Collision Course|p1a: Farley\n|-damage|p1a: Farley|32/100\n|move|p1b: Miranda|Snarl|p2b: Rice Shower|[spread] p2a,p2b\n|-resisted|p2a: Koraidon\n|-supereffective|p2b: Rice Shower\n|-crit|p2b: Rice Shower\n|-damage|p2a: Koraidon|58/100\n|-enditem|p2b: Rice Shower|Focus Sash\n|-damage|p2b: Rice Shower|1/100\n|-unboost|p2a: Koraidon|spa|1\n|-unboost|p2b: Rice Shower|spa|1\n|\n|-weather|SunnyDay|[upkeep]\n|upkeep\n|turn|4\n|inactive|Adriny has 30 seconds left.\n|\n|t:|1774744683\n|switch|p2b: Brute Bonnet|Brute Bonnet, L50|100/100\n|-activate|p2b: Brute Bonnet|ability: Protosynthesis\n|-start|p2b: Brute Bonnet|protosynthesisdef\n|move|p2a: Koraidon|Flare Blitz|p1a: Farley\n|-damage|p1a: Farley|0 fnt\n|faint|p1a: Farley\n|-damage|p2a: Koraidon|45/100|[from] Recoil\n|move|p1b: Miranda|Snarl|p2b: Brute Bonnet|[spread] p2a,p2b\n|-resisted|p2a: Koraidon\n|-resisted|p2b: Brute Bonnet\n|-damage|p2a: Koraidon|35/100\n|-damage|p2b: Brute Bonnet|92/100\n|-unboost|p2a: Koraidon|spa|1\n|\n|-weather|SunnyDay|[upkeep]\n|upkeep\n|\n|t:|1774744691\n|switch|p1a: Iroh|Iron Hands, L50|81/100\n|-activate|p1a: Iroh|ability: Quark Drive\n|-start|p1a: Iroh|quarkdriveatk\n|turn|5\n|inactive|Adriny has 30 seconds left.\n|\n|t:|1774744722\n|-terastallize|p1a: Iroh|Water\n|move|p2a: Koraidon|Protect|p2a: Koraidon\n|-singleturn|p2a: Koraidon|Protect\n|move|p2b: Brute Bonnet|Sucker Punch|p1b: Miranda\n|-damage|p1b: Miranda|61/100\n|move|p1b: Miranda|Electro Drift|p2b: Brute Bonnet\n|-resisted|p2b: Brute Bonnet\n|-damage|p2b: Brute Bonnet|53/100\n|move|p1a: Iroh|Drain Punch|p2b: Brute Bonnet\n|-supereffective|p2b: Brute Bonnet\n|-damage|p2b: Brute Bonnet|0 fnt\n|-heal|p1a: Iroh|100/100|[from] drain|[of] p2b: Brute Bonnet\n|faint|p2b: Brute Bonnet\n|-end|p2b: Brute Bonnet|Protosynthesis|[silent]\n|\n|-weather|none\n|upkeep\n|\n|t:|1774744725\n|switch|p2b: Rice Shower|Calyrex-Shadow, L50|1/100\n|-ability|p2b: Rice Shower|As One\n|-ability|p2b: Rice Shower|Unnerve\n|turn|6\n|\n|t:|1774744738\n|-terastallize|p2b: Rice Shower|Ghost\n|move|p2b: Rice Shower|Astral Barrage|p1b: Miranda|[spread] p1a,p1b\n|-damage|p1a: Iroh|38/100\n|-damage|p1b: Miranda|20/100\n|move|p2a: Koraidon|Collision Course|p1b: Miranda\n|-damage|p1b: Miranda|0 fnt\n|faint|p1b: Miranda\n|move|p1a: Iroh|Drain Punch|p2a: Koraidon\n|-damage|p2a: Koraidon|0 fnt\n|-heal|p1a: Iroh|52/100|[from] drain|[of] p2a: Koraidon\n|faint|p2a: Koraidon\n|\n|-fieldend|move: Electric Terrain\n|-end|p1a: Iroh|Quark Drive\n|upkeep\n|turn|7\n|c|\u2606TheManOfSausage|gg\n|\n|t:|1774744756\n|move|p2b: Rice Shower|Astral Barrage|p1a: Iroh\n|-damage|p1a: Iroh|0 fnt\n|faint|p1a: Iroh\n|-end|p1a: Iroh|Quark Drive|[silent]\n|\n|win|TheManOfSausage\n|raw|Adriny's rating: 1408 &rarr; <strong>1388</strong><br />(-20 for losing)\n|raw|TheManOfSausage's rating: 1405 &rarr; <strong>1425</strong><br />(+20 for winning)\n|l|\u2606Adriny\n|player|p1|\n|l|\u2606TheManOfSausage\n|player|p2|\n","uploadtime":1774745029,"views":16,"formatid":"gen9vgc2026regi","rating":1388,"private":0,"password":null}