{"id":"gen9vgc2026regi-2565329660","format":"[Gen 9] VGC 2026 Reg I","players":["DoubleAAgaming","Harry Koekenpan"],"log":"|j|\u2606DoubleAAgaming\n|j|\u2606Harry Koekenpan\n|t:|1774263860\n|gametype|doubles\n|player|p1|DoubleAAgaming|101|1132\n|player|p2|Harry Koekenpan|101|1178\n|gen|9\n|tier|[Gen 9] VGC 2026 Reg I\n|rated|\n|rule|Species Clause: Limit one of each Pok\u00e9mon\n|rule|Item Clause: Limit 1 of each item\n|clearpoke\n|poke|p1|Kyogre, L50|\n|poke|p1|Miraidon, L50|\n|poke|p1|Iron Jugulis, L50|\n|poke|p1|Archaludon, L50, M|\n|poke|p1|Toxicroak, L50, F|\n|poke|p1|Landorus, L50, M|\n|poke|p2|Dondozo, L50, M|\n|poke|p2|Tatsugiri-Droopy, L50, M|\n|poke|p2|Weezing-Galar, L50, M|\n|poke|p2|Calyrex-Shadow, L50|\n|poke|p2|Regigigas, L50|\n|poke|p2|Zacian-*, L50|\n|teampreview|4\n|inactive|Battle timer is ON: inactive players will automatically lose when time's up. (requested by Harry Koekenpan)\n|inactive|DoubleAAgaming has 60 seconds left.\n|\n|t:|1774263906\n|teamsize|p1|4\n|teamsize|p2|4\n|start\n|switch|p1a: Kyogre|Kyogre, L50|100/100\n|switch|p1b: Archaludon|Archaludon, L50, M|100/100\n|switch|p2a: Weezing|Weezing-Galar, L50, M|100/100\n|switch|p2b: Regigigas|Regigigas, L50|100/100\n|-ability|p2a: Weezing|Neutralizing Gas\n|turn|1\n|\n|t:|1774263926\n|-terastallize|p1a: Kyogre|Water\n|move|p1a: Kyogre|Water Spout|p2b: Regigigas|[spread] p2a,p2b\n|-damage|p2a: Weezing|14/100\n|-damage|p2b: Regigigas|28/100\n|move|p2b: Regigigas|Knock Off|p1a: Kyogre\n|-crit|p1a: Kyogre\n|-damage|p1a: Kyogre|1/100\n|-enditem|p1a: Kyogre|Choice Scarf|[from] move: Knock Off|[of] p2b: Regigigas\n|move|p1b: Archaludon|Flash Cannon|p2a: Weezing\n|-supereffective|p2a: Weezing\n|-damage|p2a: Weezing|0 fnt\n|faint|p2a: Weezing\n|-end|p2a: Weezing|ability: Neutralizing Gas\n|-start|p2b: Regigigas|ability: Slow Start\n|-weather|RainDance|[from] ability: Drizzle|[of] p1a: Kyogre\n|\n|-weather|RainDance|[upkeep]\n|upkeep\n|\n|t:|1774263946\n|switch|p2a: Calyrex|Calyrex-Shadow, L50|100/100\n|-ability|p2a: Calyrex|As One\n|-ability|p2a: Calyrex|Unnerve\n|turn|2\n|\n|t:|1774263957\n|move|p2a: Calyrex|Astral Barrage|p1a: Kyogre|[spread] p1a,p1b\n|-damage|p1a: Kyogre|0 fnt\n|-damage|p1b: Archaludon|41/100\n|-ability|p1b: Archaludon|Stamina|boost\n|-boost|p1b: Archaludon|def|1\n|faint|p1a: Kyogre\n|-ability|p2a: Calyrex|Grim Neigh|boost\n|-boost|p2a: Calyrex|spa|1\n|-damage|p2a: Calyrex|91/100|[from] item: Life Orb\n|move|p1b: Archaludon|Electro Shot||[still]\n|-prepare|p1b: Archaludon|Electro Shot\n|-boost|p1b: Archaludon|spa|1\n|-anim|p1b: Archaludon|Electro Shot|p2a: Calyrex\n|-damage|p2a: Calyrex|22/100\n|move|p2b: Regigigas|Knock Off|p1b: Archaludon\n|-damage|p1b: Archaludon|25/100\n|-ability|p1b: Archaludon|Stamina|boost\n|-boost|p1b: Archaludon|def|1\n|-enditem|p1b: Archaludon|Assault Vest|[from] move: Knock Off|[of] p2b: Regigigas\n|\n|-weather|RainDance|[upkeep]\n|upkeep\n|inactive|DoubleAAgaming has 30 seconds left.\n|\n|t:|1774263983\n|switch|p1a: Miraidon|Miraidon, L50|100/100\n|-fieldstart|move: Electric Terrain|[from] ability: Hadron Engine|[of] p1a: Miraidon\n|turn|3\n|\n|t:|1774263993\n|move|p2a: Calyrex|Astral Barrage|p1a: Miraidon|[spread] p1a,p1b\n|-crit|p1b: Archaludon\n|-damage|p1a: Miraidon|17/100\n|-damage|p1b: Archaludon|0 fnt\n|faint|p1b: Archaludon\n|-ability|p2a: Calyrex|Grim Neigh|boost\n|-boost|p2a: Calyrex|spa|1\n|-damage|p2a: Calyrex|12/100|[from] item: Life Orb\n|move|p1a: Miraidon|Dazzling Gleam|p2b: Regigigas|[spread] p2a,p2b\n|-damage|p2a: Calyrex|0 fnt\n|-damage|p2b: Regigigas|0 fnt\n|faint|p2a: Calyrex\n|faint|p2b: Regigigas\n|-end|p2b: Regigigas|Slow Start|[silent]\n|\n|-weather|RainDance|[upkeep]\n|upkeep\n|\n|t:|1774264010\n|switch|p2b: Zacian|Zacian-Crowned, L50|100/100\n|switch|p1b: Toxicroak|Toxicroak, L50, F|100/100\n|-ability|p2b: Zacian|Intrepid Sword|boost\n|-boost|p2b: Zacian|atk|1\n|turn|4\n|\n|t:|1774264024\n|move|p1b: Toxicroak|Fake Out|p2b: Zacian\n|-resisted|p2b: Zacian\n|-damage|p2b: Zacian|95/100\n|cant|p2b: Zacian|flinch\n|move|p1a: Miraidon|Dazzling Gleam|p2b: Zacian\n|-resisted|p2b: Zacian\n|-damage|p2b: Zacian|72/100\n|\n|-weather|RainDance|[upkeep]\n|upkeep\n|turn|5\n|\n|t:|1774264042\n|move|p2b: Zacian|Behemoth Blade|p1a: Miraidon\n|-resisted|p1a: Miraidon\n|-damage|p1a: Miraidon|0 fnt\n|faint|p1a: Miraidon\n|move|p1b: Toxicroak|Close Combat|p2b: Zacian\n|-damage|p2b: Zacian|22/100\n|-unboost|p1b: Toxicroak|def|1\n|-unboost|p1b: Toxicroak|spd|1\n|\n|-weather|none\n|upkeep\n|turn|6\n|\n|t:|1774264056\n|-terastallize|p2b: Zacian|Fairy\n|move|p2b: Zacian|Play Rough|p1b: Toxicroak\n|-enditem|p1b: Toxicroak|Focus Sash\n|-damage|p1b: Toxicroak|1/100\n|move|p1b: Toxicroak|Close Combat|p2b: Zacian\n|-resisted|p2b: Zacian\n|-damage|p2b: Zacian|0 fnt\n|-unboost|p1b: Toxicroak|def|1\n|-unboost|p1b: Toxicroak|spd|1\n|faint|p2b: Zacian\n|\n|win|DoubleAAgaming\n|raw|DoubleAAgaming's rating: 1132 &rarr; <strong>1160</strong><br />(+28 for winning)\n|raw|Harry Koekenpan's rating: 1178 &rarr; <strong>1150</strong><br />(-28 for losing)\n|l|\u2606Harry Koekenpan\n|player|p2|\n|l|\u2606DoubleAAgaming\n|player|p1|\n","uploadtime":1774264330,"views":10,"formatid":"gen9vgc2026regi","rating":1150,"private":0,"password":null}