{"id":"gen9vgc2026regi-2521123372","format":"[Gen 9] VGC 2026 Reg I","players":["zysaaa","kojimuranishi"],"log":"|j|\u2606zysaaa\n|j|\u2606kojimuranishi\n|t:|1768733337\n|gametype|doubles\n|player|p1|zysaaa|rood|1205\n|player|p2|kojimuranishi|169|1401\n|gen|9\n|tier|[Gen 9] VGC 2026 Reg I\n|rated|\n|rule|Species Clause: Limit one of each Pok\u00e9mon\n|rule|Item Clause: Limit 1 of each item\n|clearpoke\n|poke|p1|Kyogre, L50|\n|poke|p1|Zamazenta-*, L50|\n|poke|p1|Kingdra, L50, M|\n|poke|p1|Tornadus, L50, M|\n|poke|p1|Incineroar, L50, F|\n|poke|p1|Urshifu-*, L50, M|\n|poke|p2|Miraidon, L50|\n|poke|p2|Lunala, L50|\n|poke|p2|Chien-Pao, L50|\n|poke|p2|Dragonite, L50, M|\n|poke|p2|Ursaluna, L50, F|\n|poke|p2|Urshifu-*, L50, M|\n|teampreview|4\n|inactive|Battle timer is ON: inactive players will automatically lose when time's up. (requested by zysaaa)\n|\n|t:|1768733356\n|teamsize|p1|4\n|teamsize|p2|4\n|start\n|switch|p1a: \u6211\u72ec\u81ea\u5361\u4f18|Kyogre, L50|100/100\n|switch|p1b: \u6211\u72ec\u81ea\u72d9\u51fb|Kingdra, L50, M|100/100\n|switch|p2a: Urshifu|Urshifu-Rapid-Strike, L50, M|100/100\n|switch|p2b: Miraidon|Miraidon, L50|100/100\n|-fieldstart|move: Electric Terrain|[from] ability: Hadron Engine|[of] p2b: Miraidon\n|-weather|RainDance|[from] ability: Drizzle|[of] p1a: \u6211\u72ec\u81ea\u5361\u4f18\n|turn|1\n|\n|t:|1768733374\n|-terastallize|p1a: \u6211\u72ec\u81ea\u5361\u4f18|Electric\n|move|p2b: Miraidon|Draco Meteor|p1b: \u6211\u72ec\u81ea\u72d9\u51fb\n|-supereffective|p1b: \u6211\u72ec\u81ea\u72d9\u51fb\n|-damage|p1b: \u6211\u72ec\u81ea\u72d9\u51fb|0 fnt\n|-unboost|p2b: Miraidon|spa|2\n|faint|p1b: \u6211\u72ec\u81ea\u72d9\u51fb\n|move|p1a: \u6211\u72ec\u81ea\u5361\u4f18|Ice Beam|p2b: Miraidon\n|-supereffective|p2b: Miraidon\n|-damage|p2b: Miraidon|5/100\n|move|p2a: Urshifu|Close Combat|p1a: \u6211\u72ec\u81ea\u5361\u4f18\n|-damage|p1a: \u6211\u72ec\u81ea\u5361\u4f18|22/100\n|-unboost|p2a: Urshifu|def|1\n|-unboost|p2a: Urshifu|spd|1\n|\n|-weather|RainDance|[upkeep]\n|upkeep\n|\n|t:|1768733398\n|switch|p1b: \u6211\u72ec\u81ea\u6c34\u6d41|Urshifu-Rapid-Strike, L50, M|100/100\n|turn|2\n|\n|t:|1768733409\n|move|p2b: Miraidon|Draco Meteor|p1b: \u6211\u72ec\u81ea\u6c34\u6d41\n|-damage|p1b: \u6211\u72ec\u81ea\u6c34\u6d41|33/100\n|-unboost|p2b: Miraidon|spa|2\n|move|p1a: \u6211\u72ec\u81ea\u5361\u4f18|Ice Beam|p2b: Miraidon\n|-supereffective|p2b: Miraidon\n|-damage|p2b: Miraidon|0 fnt\n|faint|p2b: Miraidon\n|move|p1b: \u6211\u72ec\u81ea\u6c34\u6d41|Surging Strikes|p2a: Urshifu\n|-resisted|p2a: Urshifu\n|-crit|p2a: Urshifu\n|-damage|p2a: Urshifu|77/100\n|-resisted|p2a: Urshifu\n|-crit|p2a: Urshifu\n|-damage|p2a: Urshifu|52/100\n|-resisted|p2a: Urshifu\n|-crit|p2a: Urshifu\n|-damage|p2a: Urshifu|28/100\n|-hitcount|p2a: Urshifu|3\n|move|p2a: Urshifu|Close Combat|p1b: \u6211\u72ec\u81ea\u6c34\u6d41\n|-damage|p1b: \u6211\u72ec\u81ea\u6c34\u6d41|0 fnt\n|-unboost|p2a: Urshifu|def|1\n|-unboost|p2a: Urshifu|spd|1\n|faint|p1b: \u6211\u72ec\u81ea\u6c34\u6d41\n|\n|-weather|RainDance|[upkeep]\n|upkeep\n|\n|t:|1768733433\n|switch|p2b: Dragonite|Dragonite, L50, M|100/100\n|switch|p1b: \u6211\u72ec\u81ea\u5a01\u5413|Incineroar, L50, F|100/100\n|-ability|p1b: \u6211\u72ec\u81ea\u5a01\u5413|Intimidate|boost\n|-unboost|p2a: Urshifu|atk|1\n|-unboost|p2b: Dragonite|atk|1\n|turn|3\n|\n|t:|1768733451\n|switch|p2b: Lunala|Lunala, L50|100/100\n|move|p2a: Urshifu|Detect|p2a: Urshifu\n|-singleturn|p2a: Urshifu|Protect\n|move|p1b: \u6211\u72ec\u81ea\u5a01\u5413|Fake Out|p2a: Urshifu\n|-activate|p2a: Urshifu|move: Protect\n|move|p1a: \u6211\u72ec\u81ea\u5361\u4f18|Ice Beam|p2b: Lunala\n|-damage|p2b: Lunala|84/100\n|\n|-weather|RainDance|[upkeep]\n|upkeep\n|turn|4\n|\n|t:|1768733468\n|move|p2a: Urshifu|Aqua Jet|p1a: \u6211\u72ec\u81ea\u5361\u4f18\n|-damage|p1a: \u6211\u72ec\u81ea\u5361\u4f18|0 fnt\n|faint|p1a: \u6211\u72ec\u81ea\u5361\u4f18\n|move|p2b: Lunala|Meteor Beam||[still]\n|-prepare|p2b: Lunala|Meteor Beam\n|-boost|p2b: Lunala|spa|1\n|-enditem|p2b: Lunala|Power Herb\n|-anim|p2b: Lunala|Meteor Beam|p1b: \u6211\u72ec\u81ea\u5a01\u5413\n|-supereffective|p1b: \u6211\u72ec\u81ea\u5a01\u5413\n|-damage|p1b: \u6211\u72ec\u81ea\u5a01\u5413|29/100\n|move|p1b: \u6211\u72ec\u81ea\u5a01\u5413|Knock Off|p2b: Lunala\n|-supereffective|p2b: Lunala\n|-damage|p2b: Lunala|0 fnt\n|faint|p2b: Lunala\n|\n|-weather|RainDance|[upkeep]\n|upkeep\n|\n|t:|1768733489\n|switch|p2b: Dragonite|Dragonite, L50, M|100/100\n|turn|5\n|-message|zysaaa forfeited.\n|\n|win|kojimuranishi\n|raw|zysaaa's rating: 1205 &rarr; <strong>1193</strong><br />(-12 for losing)\n|raw|kojimuranishi's rating: 1401 &rarr; <strong>1411</strong><br />(+10 for winning)\n|l|\u2606kojimuranishi\n|player|p2|\n|l|\u2606zysaaa\n|player|p1|\n","uploadtime":1768733792,"views":12,"formatid":"gen9vgc2026regi","rating":1193,"private":0,"password":null}