{"id":"gen9vgc2026regi-2515283135","format":"[Gen 9] VGC 2026 Reg I","players":["ShadowWolf08","marcxhenry"],"log":"|j|\u2606ShadowWolf08\n|j|\u2606marcxhenry\n|t:|1767975856\n|gametype|doubles\n|player|p1|ShadowWolf08|blue|1208\n|player|p2|marcxhenry|hilbert-wonderlauncher|1291\n|gen|9\n|tier|[Gen 9] VGC 2026 Reg I\n|rated|\n|rule|Species Clause: Limit one of each Pok\u00e9mon\n|rule|Item Clause: Limit 1 of each item\n|clearpoke\n|poke|p1|Whimsicott, L50, M|\n|poke|p1|Ogerpon-Cornerstone, L50, F|\n|poke|p1|Flutter Mane, L50|\n|poke|p1|Chi-Yu, L50|\n|poke|p1|Lunala, L50|\n|poke|p1|Koraidon, L50|\n|poke|p2|Calyrex-Shadow, L50|\n|poke|p2|Urshifu-*, L50, M|\n|poke|p2|Roaring Moon, L50|\n|poke|p2|Kyogre, L50|\n|poke|p2|Tsareena, L50, F|\n|poke|p2|Kingambit, L50, M|\n|teampreview|4\n|\n|t:|1767975881\n|teamsize|p1|4\n|teamsize|p2|4\n|start\n|switch|p1a: Whimsicott|Whimsicott, L50, M|100/100\n|switch|p1b: Chi-Yu|Chi-Yu, L50|100/100\n|switch|p2a: Ludwig|Calyrex-Shadow, L50|100/100\n|switch|p2b: Tripitz|Kyogre, L50, shiny|100/100\n|-ability|p2a: Ludwig|As One\n|-ability|p2a: Ludwig|Unnerve\n|-ability|p1b: Chi-Yu|Beads of Ruin\n|-weather|RainDance|[from] ability: Drizzle|[of] p2b: Tripitz\n|turn|1\n|\n|t:|1767975904\n|switch|p2b: Hermann|Kingambit, L50, M, shiny|100/100\n|-terastallize|p1b: Chi-Yu|Ghost\n|-terastallize|p2a: Ludwig|Normal\n|move|p1a: Whimsicott|Sunny Day|p1a: Whimsicott\n|-weather|SunnyDay\n|move|p1b: Chi-Yu|Dark Pulse|p2a: Ludwig\n|-damage|p2a: Ludwig|30/100\n|move|p2a: Ludwig|Trick Room|p2a: Ludwig\n|-fieldstart|move: Trick Room|[of] p2a: Ludwig\n|\n|-weather|SunnyDay|[upkeep]\n|upkeep\n|turn|2\n|\n|t:|1767975921\n|switch|p2a: Eva|Tsareena, L50, F, shiny|100/100\n|switch|p1b: Koraidon|Koraidon, L50|100/100\n|-activate|p1b: Koraidon|ability: Orichalcum Pulse\n|move|p1a: Whimsicott|Encore||[still]\n|cant|p2a: Eva|ability: Queenly Majesty|Encore|[of] p1a: Whimsicott\n|move|p2b: Hermann|Kowtow Cleave|p1b: Koraidon\n|-resisted|p1b: Koraidon\n|-damage|p1b: Koraidon|78/100\n|\n|-weather|SunnyDay|[upkeep]\n|upkeep\n|turn|3\n|\n|t:|1767975944\n|move|p2b: Hermann|Iron Head|p1a: Whimsicott\n|-supereffective|p1a: Whimsicott\n|-damage|p1a: Whimsicott|0 fnt\n|faint|p1a: Whimsicott\n|move|p2a: Eva|Triple Axel|p1b: Koraidon\n|-supereffective|p1b: Koraidon\n|-damage|p1b: Koraidon|65/100\n|-supereffective|p1b: Koraidon\n|-damage|p1b: Koraidon|36/100\n|-supereffective|p1b: Koraidon\n|-damage|p1b: Koraidon|0 fnt\n|faint|p1b: Koraidon\n|-hitcount|p1: Koraidon|3\n|\n|-weather|SunnyDay|[upkeep]\n|upkeep\n|\n|t:|1767975956\n|switch|p1a: Lunala|Lunala, L50|100/100\n|switch|p1b: Chi-Yu|Chi-Yu, L50, tera:Ghost|100/100\n|-ability|p1b: Chi-Yu|Beads of Ruin\n|turn|4\n|\n|t:|1767975970\n|move|p2b: Hermann|Kowtow Cleave|p1b: Chi-Yu\n|-supereffective|p1b: Chi-Yu\n|-damage|p1b: Chi-Yu|0 fnt\n|faint|p1b: Chi-Yu\n|move|p2a: Eva|Taunt|p1a: Lunala\n|-start|p1a: Lunala|move: Taunt\n|cant|p1a: Lunala|move: Taunt|Trick Room\n|\n|-weather|SunnyDay|[upkeep]\n|upkeep\n|turn|5\n|-message|ShadowWolf08 forfeited.\n|\n|win|marcxhenry\n|raw|ShadowWolf08's rating: 1208 &rarr; <strong>1189</strong><br />(-19 for losing)\n|raw|marcxhenry's rating: 1291 &rarr; <strong>1310</strong><br />(+19 for winning)\n|l|\u2606ShadowWolf08\n|player|p1|\n|l|\u2606marcxhenry\n|player|p2|\n","uploadtime":1767976230,"views":11,"formatid":"gen9vgc2026regi","rating":1189,"private":0,"password":null}