{"id":"gen9vgc2026regi-2541381325","format":"[Gen 9] VGC 2026 Reg I","players":["j0l0k0","pogego"],"log":"|j|\u2606j0l0k0\n|j|\u2606pogego\n|t:|1771327113\n|gametype|doubles\n|player|p1|j0l0k0|brycen|1364\n|player|p2|pogego|alder|1241\n|gen|9\n|tier|[Gen 9] VGC 2026 Reg I\n|rated|\n|rule|Species Clause: Limit one of each Pok\u00e9mon\n|rule|Item Clause: Limit 1 of each item\n|clearpoke\n|poke|p1|Calyrex-Ice, L50|\n|poke|p1|Kyogre, L50|\n|poke|p1|Indeedee-F, L50, F|\n|poke|p1|Urshifu-*, L50, F|\n|poke|p1|Amoonguss, L50, F|\n|poke|p1|Landorus, L50, M|\n|poke|p2|Miraidon, L50|\n|poke|p2|Groudon, L50|\n|poke|p2|Chi-Yu, L50|\n|poke|p2|Raichu-Alola, L50, M|\n|poke|p2|Whimsicott, L50, M|\n|teampreview|4\n|inactive|Battle timer is ON: inactive players will automatically lose when time's up. (requested by pogego)\n|inactive|j0l0k0 also wants the timer to be on.\n|inactive|j0l0k0 has 60 seconds left.\n|\n|t:|1771327154\n|teamsize|p1|4\n|teamsize|p2|4\n|start\n|switch|p1a: Indeedee|Indeedee-F, L50, F, shiny|100/100\n|switch|p1b: Calyrex|Calyrex-Ice, L50|100/100\n|switch|p2a: Raichu|Raichu-Alola, L50, M|100/100\n|switch|p2b: Chi-Yu|Chi-Yu, L50|100/100\n|-ability|p1b: Calyrex|As One\n|-ability|p1b: Calyrex|Unnerve\n|-ability|p2b: Chi-Yu|Beads of Ruin\n|-fieldstart|move: Psychic Terrain|[from] ability: Psychic Surge|[of] p1a: Indeedee\n|turn|1\n|\n|t:|1771327178\n|-terastallize|p1b: Calyrex|Normal\n|move|p2a: Raichu|Nuzzle|p1b: Calyrex\n|-damage|p1b: Calyrex|97/100\n|-status|p1b: Calyrex|par\n|move|p2b: Chi-Yu|Nasty Plot|p2b: Chi-Yu\n|-boost|p2b: Chi-Yu|spa|2\n|cant|p1b: Calyrex|par\n|move|p1a: Indeedee|Trick Room|p1a: Indeedee\n|-fieldstart|move: Trick Room|[of] p1a: Indeedee\n|\n|upkeep\n|turn|2\n|\n|t:|1771327203\n|switch|p2a: Groudon|Groudon, L50|100/100\n|-weather|SunnyDay|[from] ability: Drought|[of] p2a: Groudon\n|-terastallize|p2b: Chi-Yu|Fire\n|move|p1a: Indeedee|Helping Hand|p1b: Calyrex\n|-singleturn|p1b: Calyrex|Helping Hand|[of] p1a: Indeedee\n|move|p1b: Calyrex|Close Combat|p2b: Chi-Yu\n|-enditem|p2b: Chi-Yu|Focus Sash\n|-damage|p2b: Chi-Yu|1/100\n|-unboost|p1b: Calyrex|def|1\n|-unboost|p1b: Calyrex|spd|1\n|move|p2b: Chi-Yu|Heat Wave|p1a: Indeedee|[spread] p1a,p1b\n|-damage|p1a: Indeedee|0 fnt\n|-damage|p1b: Calyrex|0 fnt\n|faint|p1a: Indeedee\n|faint|p1b: Calyrex\n|\n|-weather|SunnyDay|[upkeep]\n|upkeep\n|\n|t:|1771327217\n|switch|p1b: Landorus|Landorus, L50, M, shiny|100/100\n|switch|p1a: Kyogre|Kyogre, L50, shiny|100/100\n|-weather|RainDance|[from] ability: Drizzle|[of] p1a: Kyogre\n|turn|3\n|\n|t:|1771327233\n|switch|p2a: Raichu|Raichu-Alola, L50, M|100/100\n|move|p2b: Chi-Yu|Protect|p2b: Chi-Yu\n|-singleturn|p2b: Chi-Yu|Protect\n|move|p1a: Kyogre|Water Spout|p2a: Raichu|[spread] p2a\n|-activate|p2b: Chi-Yu|move: Protect\n|-damage|p2a: Raichu|0 fnt\n|faint|p2a: Raichu\n|move|p1b: Landorus|Sandsear Storm|p2b: Chi-Yu\n|-activate|p2b: Chi-Yu|move: Protect\n|\n|-weather|RainDance|[upkeep]\n|upkeep\n|\n|t:|1771327239\n|switch|p2a: Groudon|Groudon, L50|100/100\n|-weather|SunnyDay|[from] ability: Drought|[of] p2a: Groudon\n|turn|4\n|\n|t:|1771327255\n|move|p1a: Kyogre|Water Spout|p2a: Groudon|[spread] p2a,p2b\n|-supereffective|p2a: Groudon\n|-supereffective|p2b: Chi-Yu\n|-damage|p2a: Groudon|0 fnt\n|-damage|p2b: Chi-Yu|0 fnt\n|faint|p2a: Groudon\n|faint|p2b: Chi-Yu\n|move|p1b: Landorus|Earth Power|p2: Groudon|[notarget]\n|-fail|p1b: Landorus\n|\n|-weather|SunnyDay|[upkeep]\n|upkeep\n|\n|t:|1771327259\n|switch|p2b: Miraidon|Miraidon, L50|100/100\n|-fieldstart|move: Electric Terrain|[from] ability: Hadron Engine|[of] p2b: Miraidon\n|turn|5\n|\n|t:|1771327282\n|move|p2b: Miraidon|Protect|p2b: Miraidon\n|-singleturn|p2b: Miraidon|Protect\n|move|p1b: Landorus|Sandsear Storm|p2b: Miraidon\n|-activate|p2b: Miraidon|move: Protect\n|move|p1a: Kyogre|Ice Beam|p2b: Miraidon\n|-activate|p2b: Miraidon|move: Protect\n|\n|-weather|SunnyDay|[upkeep]\n|-fieldend|move: Trick Room\n|upkeep\n|turn|6\n|\n|t:|1771327303\n|move|p2b: Miraidon|Electro Drift|p1a: Kyogre\n|-supereffective|p1a: Kyogre\n|-damage|p1a: Kyogre|0 fnt\n|faint|p1a: Kyogre\n|-damage|p2b: Miraidon|91/100|[from] item: Life Orb\n|move|p1b: Landorus|Earth Power|p2b: Miraidon\n|-supereffective|p2b: Miraidon\n|-damage|p2b: Miraidon|0 fnt\n|faint|p2b: Miraidon\n|\n|win|j0l0k0\n|raw|j0l0k0's rating: 1364 &rarr; <strong>1377</strong><br />(+13 for winning)\n|raw|pogego's rating: 1241 &rarr; <strong>1224</strong><br />(-17 for losing)\n|j| Markzard\n|c|\u2606j0l0k0|ggwp\n|l|\u2606pogego\n|player|p2|\n|l|\u2606j0l0k0\n|player|p1|\n","uploadtime":1771327475,"views":18,"formatid":"gen9vgc2026regi","rating":1224,"private":0,"password":null}