{"id":"gen9vgc2026regi-2578741257","format":"[Gen 9] VGC 2026 Reg I","players":["Kowloooon","RandomcatFFR"],"log":"|j|\u2606Kowloooon\n|j|\u2606RandomcatFFR\n|t:|1775710943\n|gametype|doubles\n|player|p1|Kowloooon|palmer|1536\n|player|p2|RandomcatFFR|bugcatcher-gen4dp|1525\n|gen|9\n|tier|[Gen 9] VGC 2026 Reg I\n|rated|\n|rule|Species Clause: Limit one of each Pok\u00e9mon\n|rule|Item Clause: Limit 1 of each item\n|clearpoke\n|poke|p1|Calyrex-Ice, L50|\n|poke|p1|Miraidon, L50|\n|poke|p1|Grimmsnarl, L50, M|\n|poke|p1|Urshifu-*, L50, F|\n|poke|p1|Incineroar, L50, F|\n|poke|p1|Landorus, L50, M|\n|poke|p2|Miraidon, L50|\n|poke|p2|Lunala, L50|\n|poke|p2|Whimsicott, L50, F|\n|poke|p2|Urshifu-*, L50, F|\n|poke|p2|Incineroar, L50, M|\n|poke|p2|Ursaluna, L50, F|\n|teampreview|4\n|inactive|Battle timer is ON: inactive players will automatically lose when time's up. (requested by Kowloooon)\nKowloooon has agreed to open team sheets.\nRandomcatFFR has agreed to open team sheets.\n|showteam|p1|Calyrex-Ice||Leftovers|AsOneGlastrier|GlacialLance,LeechSeed,TrickRoom,Protect||||||50|,,,,,Water]Miraidon||ChoiceSpecs|HadronEngine|ElectroDrift,VoltSwitch,DracoMeteor,DazzlingGleam||||||50|,,,,,Fairy]Grimmsnarl||LightClay|Prankster|SpiritBreak,ThunderWave,Reflect,LightScreen|||M|||50|,,,,,Ghost]Urshifu-Rapid-Strike||ChoiceBand|UnseenFist|SurgingStrikes,CloseCombat,Uturn,AquaJet|||F|||50|,,,,,Ghost]Incineroar||AssaultVest|Intimidate|FlareBlitz,KnockOff,Uturn,FakeOut|||F|||50|,,,,,Grass]Landorus||LifeOrb|SheerForce|EarthPower,SludgeBomb,Taunt,Protect|||M|||50|,,,,,Poison\n|showteam|p2|Miraidon||LifeOrb|HadronEngine|ElectroDrift,DracoMeteor,VoltSwitch,Protect||||||50|,,,,,Electric]Lunala||ElectricSeed|ShadowShield|MoongeistBeam,Moonblast,WideGuard,TrickRoom||||||50|,,,,,Fairy]Whimsicott||CovertCloak|Prankster|Moonblast,Encore,LightScreen,Tailwind|||F|||50|,,,,,Water]Urshifu-Rapid-Strike||ChoiceBand|UnseenFist|SurgingStrikes,CloseCombat,AquaJet,Uturn|||F|||50|,,,,,Ghost]Incineroar||AssaultVest|Intimidate|FlareBlitz,KnockOff,Uturn,FakeOut|||M|||50|,,,,,Bug]Ursaluna||FlameOrb|Guts|Facade,HeadlongRush,Earthquake,Protect|||F|||50|,,,,,Ghost\n|inactive|RandomcatFFR has 60 seconds left.\n|inactive|RandomcatFFR has 30 seconds left.\n|\n|t:|1775711004\n|teamsize|p1|4\n|teamsize|p2|4\n|start\n|switch|p1a: Grimmsnarl|Grimmsnarl, L50, M|100/100\n|switch|p1b: Miraidon|Miraidon, L50|100/100\n|switch|p2a: Urshifu|Urshifu-Rapid-Strike, L50, F|100/100\n|switch|p2b: Incineroar|Incineroar, L50, M|100/100\n|-fieldstart|move: Electric Terrain|[from] ability: Hadron Engine|[of] p1b: Miraidon\n|-ability|p2b: Incineroar|Intimidate|boost\n|-unboost|p1a: Grimmsnarl|atk|1\n|-unboost|p1b: Miraidon|atk|1\n|turn|1\n|inactive|Kowloooon has 30 seconds left.\n|inactive|RandomcatFFR has 30 seconds left.\n|inactive|RandomcatFFR has 20 seconds left.\n|inactive|RandomcatFFR has 15 seconds left.\n|inactive|RandomcatFFR has 10 seconds left.\n|\n|t:|1775711051\n|move|p2b: Incineroar|Fake Out|p1b: Miraidon\n|-damage|p1b: Miraidon|91/100\n|cant|p1b: Miraidon|flinch\n|move|p2a: Urshifu|Surging Strikes|p1b: Miraidon\n|-resisted|p1b: Miraidon\n|-crit|p1b: Miraidon\n|-damage|p1b: Miraidon|77/100\n|-resisted|p1b: Miraidon\n|-crit|p1b: Miraidon\n|-damage|p1b: Miraidon|62/100\n|-resisted|p1b: Miraidon\n|-crit|p1b: Miraidon\n|-damage|p1b: Miraidon|48/100\n|-hitcount|p1b: Miraidon|3\n|move|p1a: Grimmsnarl|Spirit Break|p2a: Urshifu\n|-supereffective|p2a: Urshifu\n|-damage|p2a: Urshifu|58/100\n|-unboost|p2a: Urshifu|spa|1\n|\n|upkeep\n|turn|2\n|inactive|Kowloooon has 30 seconds left.\n|inactive|Kowloooon has 20 seconds left.\n|\n|t:|1775711086\n|switch|p2a: Lunala|Lunala, L50|100/100\n|-enditem|p2a: Lunala|Electric Seed\n|-boost|p2a: Lunala|def|1|[from] item: Electric Seed\n|move|p1a: Grimmsnarl|Reflect|p1a: Grimmsnarl\n|-sidestart|p1: Kowloooon|Reflect\n|move|p1b: Miraidon|Dazzling Gleam|p2a: Lunala|[spread] p2a,p2b\n|-damage|p2a: Lunala|86/100\n|-damage|p2b: Incineroar|76/100\n|move|p2b: Incineroar|Knock Off|p1a: Grimmsnarl\n|-resisted|p1a: Grimmsnarl\n|-damage|p1a: Grimmsnarl|94/100\n|-enditem|p1a: Grimmsnarl|Light Clay|[from] move: Knock Off|[of] p2b: Incineroar\n|\n|upkeep\n|turn|3\n|\n|t:|1775711104\n|switch|p1b: Incineroar|Incineroar, L50, F|100/100\n|-ability|p1b: Incineroar|Intimidate|boost\n|-unboost|p2a: Lunala|atk|1\n|-unboost|p2b: Incineroar|atk|1\n|move|p2a: Lunala|Wide Guard|p2a: Lunala\n|-singleturn|p2a: Lunala|Wide Guard\n|move|p1a: Grimmsnarl|Light Screen|p1a: Grimmsnarl\n|-sidestart|p1: Kowloooon|move: Light Screen\n|move|p2b: Incineroar|U-turn|p1b: Incineroar\n|-damage|p1b: Incineroar|93/100\n|\n|t:|1775711112\n|switch|p2b: Urshifu|Urshifu-Rapid-Strike, L50, F|58/100|[from] U-turn\n|\n|upkeep\n|turn|4\n|inactive|Kowloooon has 30 seconds left.\n|inactive|RandomcatFFR has 30 seconds left.\n|inactive|Kowloooon has 20 seconds left.\n|inactive|RandomcatFFR has 20 seconds left.\n|inactive|Kowloooon has 15 seconds left.\n|inactive|RandomcatFFR has 15 seconds left.\n|inactive|RandomcatFFR has 10 seconds left.\n|inactive|RandomcatFFR has 5 seconds left.\n|\n|t:|1775711167\n|switch|p2b: Incineroar|Incineroar, L50, M|76/100\n|-ability|p2b: Incineroar|Intimidate|boost\n|-unboost|p1a: Grimmsnarl|atk|1\n|-unboost|p1b: Incineroar|atk|1\n|move|p1b: Incineroar|Fake Out|p2b: Incineroar\n|-damage|p2b: Incineroar|70/100\n|move|p2a: Lunala|Moonblast|p1a: Grimmsnarl\n|-supereffective|p1a: Grimmsnarl\n|-crit|p1a: Grimmsnarl\n|-damage|p1a: Grimmsnarl|0 fnt\n|faint|p1a: Grimmsnarl\n|\n|upkeep\n|\n|t:|1775711175\n|switch|p1a: Calyrex|Calyrex-Ice, L50|100/100\n|-ability|p1a: Calyrex|As One\n|-ability|p1a: Calyrex|Unnerve\n|turn|5\n|j| Souljasleet\n|l| Souljasleet\n|inactive|RandomcatFFR has 30 seconds left.\n|\n|t:|1775711204\n|move|p1a: Calyrex|Protect|p1a: Calyrex\n|-singleturn|p1a: Calyrex|Protect\n|move|p1b: Incineroar|Knock Off|p2a: Lunala\n|-supereffective|p2a: Lunala\n|-damage|p2a: Lunala|44/100\n|move|p2a: Lunala|Moongeist Beam|p1a: Calyrex\n|-activate|p1a: Calyrex|move: Protect\n|move|p2b: Incineroar|Knock Off|p1b: Incineroar\n|-resisted|p1b: Incineroar\n|-damage|p1b: Incineroar|80/100\n|-enditem|p1b: Incineroar|Assault Vest|[from] move: Knock Off|[of] p2b: Incineroar\n|\n|-fieldend|move: Electric Terrain\n|upkeep\n|turn|6\n|inactive|Kowloooon has 30 seconds left.\n|\n|t:|1775711235\n|switch|p1a: Miraidon|Miraidon, L50|48/100\n|-fieldstart|move: Electric Terrain|[from] ability: Hadron Engine|[of] p1a: Miraidon\n|move|p1b: Incineroar|Knock Off|p2a: Lunala\n|-supereffective|p2a: Lunala\n|-damage|p2a: Lunala|4/100\n|move|p2a: Lunala|Moongeist Beam|p1a: Miraidon\n|-damage|p1a: Miraidon|20/100\n|move|p2b: Incineroar|Knock Off|p1a: Miraidon\n|-damage|p1a: Miraidon|0 fnt\n|-enditem|p1a: Miraidon|Choice Specs|[from] move: Knock Off|[of] p2b: Incineroar\n|faint|p1a: Miraidon\n|\n|upkeep\n|\n|t:|1775711242\n|switch|p1a: Calyrex|Calyrex-Ice, L50|100/100\n|-ability|p1a: Calyrex|As One\n|-ability|p1a: Calyrex|Unnerve\n|turn|7\n|\n|t:|1775711259\n|-terastallize|p1a: Calyrex|Water\n|move|p1b: Incineroar|Knock Off|p2a: Lunala\n|-supereffective|p2a: Lunala\n|-damage|p2a: Lunala|0 fnt\n|faint|p2a: Lunala\n|move|p2b: Incineroar|Knock Off|p1a: Calyrex\n|-damage|p1a: Calyrex|85/100\n|-enditem|p1a: Calyrex|Leftovers|[from] move: Knock Off|[of] p2b: Incineroar\n|move|p1a: Calyrex|Trick Room|p1a: Calyrex\n|-fieldstart|move: Trick Room|[of] p1a: Calyrex\n|\n|-sideend|p1: Kowloooon|move: Light Screen\n|upkeep\n|\n|t:|1775711275\n|switch|p2a: Urshifu|Urshifu-Rapid-Strike, L50, F|58/100\n|turn|8\n|inactive|RandomcatFFR has 30 seconds left.\n|\n|t:|1775711310\n|move|p1a: Calyrex|Glacial Lance|p2b: Incineroar|[spread] p2a,p2b\n|-resisted|p2a: Urshifu\n|-resisted|p2b: Incineroar\n|-damage|p2a: Urshifu|35/100\n|-damage|p2b: Incineroar|45/100\n|move|p2b: Incineroar|U-turn|p1a: Calyrex\n|-damage|p1a: Calyrex|77/100\n|\n|t:|1775711316\n|switch|p2b: Miraidon|Miraidon, L50|100/100|[from] U-turn\n|-activate|p2b: Miraidon|ability: Hadron Engine\n|move|p1b: Incineroar|Knock Off|p2a: Urshifu\n|-resisted|p2a: Urshifu\n|-damage|p2a: Urshifu|23/100\n|-enditem|p2a: Urshifu|Choice Band|[from] move: Knock Off|[of] p1b: Incineroar\n|move|p2a: Urshifu|U-turn|p1a: Calyrex\n|-damage|p1a: Calyrex|66/100\n|\n|t:|1775711324\n|switch|p2a: Incineroar|Incineroar, L50, M|45/100|[from] U-turn\n|-ability|p2a: Incineroar|Intimidate|boost\n|-unboost|p1a: Calyrex|atk|1\n|-unboost|p1b: Incineroar|atk|1\n|\n|upkeep\n|turn|9\n|\n|t:|1775711336\n|-terastallize|p2b: Miraidon|Electric\n|move|p1a: Calyrex|Protect|p1a: Calyrex\n|-singleturn|p1a: Calyrex|Protect\n|move|p2a: Incineroar|U-turn|p1a: Calyrex\n|-activate|p1a: Calyrex|move: Protect\n|move|p1b: Incineroar|Flare Blitz|p2a: Incineroar\n|-resisted|p2a: Incineroar\n|-damage|p2a: Incineroar|35/100\n|-damage|p1b: Incineroar|76/100|[from] Recoil\n|move|p2b: Miraidon|Volt Switch|p1b: Incineroar\n|-damage|p1b: Incineroar|0 fnt\n|faint|p1b: Incineroar\n|-damage|p2b: Miraidon|91/100|[from] item: Life Orb\n|-message|Kowloooon forfeited.\n|\n|win|RandomcatFFR\n|raw|Kowloooon's rating: 1536 &rarr; <strong>1515</strong><br />(-21 for losing)\n|raw|RandomcatFFR's rating: 1525 &rarr; <strong>1546</strong><br />(+21 for winning)\n|l|\u2606Kowloooon\n|player|p1|\n|l|\u2606RandomcatFFR\n|player|p2|\n","uploadtime":1775711608,"views":10,"formatid":"gen9vgc2026regi","rating":1515,"private":0,"password":null}