{"id":"gen9vgc2026regi-2521153239","format":"[Gen 9] VGC 2026 Reg I","players":["blackred123","Unskilled99"],"log":"|j|\u2606blackred123\n|j|\u2606Unskilled99\n|t:|1768738870\n|gametype|doubles\n|player|p1|blackred123|iono-masters|1314\n|player|p2|Unskilled99|unknown|1462\n|gen|9\n|tier|[Gen 9] VGC 2026 Reg I\n|rated|\n|rule|Species Clause: Limit one of each Pok\u00e9mon\n|rule|Item Clause: Limit 1 of each item\n|clearpoke\n|poke|p1|Calyrex-Ice, L50|\n|poke|p1|Lunala, L50|\n|poke|p1|Smeargle, L50, M|\n|poke|p1|Torkoal, L50, F|\n|poke|p1|Urshifu-*, L50, F|\n|poke|p1|Indeedee-F, L50, F|\n|poke|p2|Calyrex-Shadow, L50|\n|poke|p2|Zamazenta-*, L50|\n|poke|p2|Chien-Pao, L50|\n|poke|p2|Dragonite, L50, M|\n|poke|p2|Raging Bolt, L50|\n|poke|p2|Amoonguss, L50, M|\n|teampreview|4\n|inactive|Battle timer is ON: inactive players will automatically lose when time's up. (requested by blackred123)\n|inactive|Unskilled99 has 60 seconds left.\n|\n|t:|1768738905\n|teamsize|p1|4\n|teamsize|p2|4\n|start\n|switch|p1a: \u6708\u4eae|Lunala, L50|100/100\n|switch|p1b: \u5706\u7cfb\u5b9d\u53ef\u68a6|Indeedee-F, L50, F|100/100\n|switch|p2a: Amoonguss|Amoonguss, L50, M|100/100\n|switch|p2b: Calyrex|Calyrex-Shadow, L50|100/100\n|-ability|p2b: Calyrex|As One\n|-ability|p2b: Calyrex|Unnerve\n|-fieldstart|move: Psychic Terrain|[from] ability: Psychic Surge|[of] p1b: \u5706\u7cfb\u5b9d\u53ef\u68a6\n|turn|1\n|\n|t:|1768738927\n|switch|p2b: Chien-Pao|Chien-Pao, L50|100/100\n|-ability|p2b: Chien-Pao|Sword of Ruin\n|-terastallize|p1a: \u6708\u4eae|Grass\n|move|p1b: \u5706\u7cfb\u5b9d\u53ef\u68a6|Alluring Voice|p2b: Chien-Pao\n|-supereffective|p2b: Chien-Pao\n|-damage|p2b: Chien-Pao|68/100\n|move|p2a: Amoonguss|Spore|p1b: \u5706\u7cfb\u5b9d\u53ef\u68a6\n|-activate|p1b: \u5706\u7cfb\u5b9d\u53ef\u68a6|item: Safety Goggles|Spore\n|move|p1a: \u6708\u4eae|Trick Room|p1a: \u6708\u4eae\n|-fieldstart|move: Trick Room|[of] p1a: \u6708\u4eae\n|\n|upkeep\n|turn|2\n|\n|t:|1768738949\n|switch|p2b: Zamazenta|Zamazenta-Crowned, L50|100/100\n|-ability|p2b: Zamazenta|Dauntless Shield|boost\n|-boost|p2b: Zamazenta|def|1\n|-terastallize|p2a: Amoonguss|Water\n|move|p2a: Amoonguss|Sludge Bomb|p1a: \u6708\u4eae\n|-supereffective|p1a: \u6708\u4eae\n|-damage|p1a: \u6708\u4eae|83/100\n|-status|p1a: \u6708\u4eae|psn\n|move|p1b: \u5706\u7cfb\u5b9d\u53ef\u68a6|Alluring Voice|p2a: Amoonguss\n|-damage|p2a: Amoonguss|86/100\n|move|p1a: \u6708\u4eae|Meteor Beam||[still]\n|-prepare|p1a: \u6708\u4eae|Meteor Beam\n|-boost|p1a: \u6708\u4eae|spa|1\n|-enditem|p1a: \u6708\u4eae|Power Herb\n|-anim|p1a: \u6708\u4eae|Meteor Beam|p2b: Zamazenta\n|-resisted|p2b: Zamazenta\n|-damage|p2b: Zamazenta|90/100\n|\n|-damage|p1a: \u6708\u4eae|70/100 psn|[from] psn\n|upkeep\n|turn|3\n|\n|t:|1768738971\n|move|p1b: \u5706\u7cfb\u5b9d\u53ef\u68a6|Helping Hand|p1a: \u6708\u4eae\n|-singleturn|p1a: \u6708\u4eae|Helping Hand|[of] p1b: \u5706\u7cfb\u5b9d\u53ef\u68a6\n|move|p2a: Amoonguss|Sludge Bomb|p1b: \u5706\u7cfb\u5b9d\u53ef\u68a6\n|-damage|p1b: \u5706\u7cfb\u5b9d\u53ef\u68a6|76/100\n|move|p1a: \u6708\u4eae|Moongeist Beam|p2b: Zamazenta\n|-damage|p2b: Zamazenta|5/100\n|move|p2b: Zamazenta|Body Press|p1a: \u6708\u4eae\n|-damage|p1a: \u6708\u4eae|19/100 psn\n|\n|-damage|p1a: \u6708\u4eae|6/100 psn|[from] psn\n|upkeep\n|turn|4\n|\n|t:|1768738995\n|move|p1b: \u5706\u7cfb\u5b9d\u53ef\u68a6|Helping Hand|p1a: \u6708\u4eae\n|-singleturn|p1a: \u6708\u4eae|Helping Hand|[of] p1b: \u5706\u7cfb\u5b9d\u53ef\u68a6\n|move|p2b: Zamazenta|Protect|p2b: Zamazenta\n|-singleturn|p2b: Zamazenta|Protect\n|move|p2a: Amoonguss|Sludge Bomb|p1b: \u5706\u7cfb\u5b9d\u53ef\u68a6\n|-damage|p1b: \u5706\u7cfb\u5b9d\u53ef\u68a6|48/100\n|move|p1a: \u6708\u4eae|Moongeist Beam|p2a: Amoonguss\n|-damage|p2a: Amoonguss|0 fnt\n|faint|p2a: Amoonguss\n|\n|-damage|p1a: \u6708\u4eae|0 fnt|[from] psn\n|faint|p1a: \u6708\u4eae\n|upkeep\n|\n|t:|1768739009\n|switch|p2a: Calyrex|Calyrex-Shadow, L50|100/100\n|switch|p1a: \u9e7f\u51a0\u738b|Calyrex-Ice, L50|100/100\n|-ability|p1a: \u9e7f\u51a0\u738b|As One\n|-ability|p1a: \u9e7f\u51a0\u738b|Unnerve\n|-ability|p2a: Calyrex|As One\n|-ability|p2a: Calyrex|Unnerve\n|turn|5\n|\n|t:|1768739021\n|move|p2b: Zamazenta|Wide Guard|p2b: Zamazenta\n|-singleturn|p2b: Zamazenta|Wide Guard\n|move|p1a: \u9e7f\u51a0\u738b|High Horsepower|p2b: Zamazenta\n|-supereffective|p2b: Zamazenta\n|-damage|p2b: Zamazenta|0 fnt\n|faint|p2b: Zamazenta\n|-ability|p1a: \u9e7f\u51a0\u738b|Chilling Neigh|boost\n|-boost|p1a: \u9e7f\u51a0\u738b|atk|1\n|move|p2a: Calyrex|Psychic|p1b: \u5706\u7cfb\u5b9d\u53ef\u68a6\n|-resisted|p1b: \u5706\u7cfb\u5b9d\u53ef\u68a6\n|-damage|p1b: \u5706\u7cfb\u5b9d\u53ef\u68a6|15/100\n|move|p1b: \u5706\u7cfb\u5b9d\u53ef\u68a6|Trick Room|p1b: \u5706\u7cfb\u5b9d\u53ef\u68a6\n|-fieldend|move: Trick Room\n|\n|-fieldend|move: Psychic Terrain\n|upkeep\n|\n|t:|1768739033\n|switch|p2b: Chien-Pao|Chien-Pao, L50|68/100\n|-ability|p2b: Chien-Pao|Sword of Ruin\n|turn|6\n|inactive|Unskilled99 has 30 seconds left.\n|\n|t:|1768739062\n|move|p2a: Calyrex|Psychic|p1b: \u5706\u7cfb\u5b9d\u53ef\u68a6\n|-resisted|p1b: \u5706\u7cfb\u5b9d\u53ef\u68a6\n|-damage|p1b: \u5706\u7cfb\u5b9d\u53ef\u68a6|0 fnt\n|faint|p1b: \u5706\u7cfb\u5b9d\u53ef\u68a6\n|-ability|p2a: Calyrex|Grim Neigh|boost\n|-boost|p2a: Calyrex|spa|1\n|move|p2b: Chien-Pao|Ruination|p1a: \u9e7f\u51a0\u738b\n|-damage|p1a: \u9e7f\u51a0\u738b|51/100\n|move|p1a: \u9e7f\u51a0\u738b|Glacial Lance|p2b: Chien-Pao|[spread] p2a,p2b\n|-resisted|p2b: Chien-Pao\n|-enditem|p2a: Calyrex|Focus Sash\n|-damage|p2a: Calyrex|1/100\n|-damage|p2b: Chien-Pao|14/100\n|\n|upkeep\n|\n|t:|1768739066\n|switch|p1b: \u989c\u55b7|Torkoal, L50, F|100/100\n|-weather|SunnyDay|[from] ability: Drought|[of] p1b: \u989c\u55b7\n|turn|7\n|j| Yancy0902\u56fe\u56fe\u72ac\u4fa0\n|\n|t:|1768739079\n|move|p1a: \u9e7f\u51a0\u738b|Protect|p1a: \u9e7f\u51a0\u738b\n|-singleturn|p1a: \u9e7f\u51a0\u738b|Protect\n|move|p2b: Chien-Pao|Sucker Punch|p1b: \u989c\u55b7\n|-damage|p1b: \u989c\u55b7|72/100\n|move|p2a: Calyrex|Astral Barrage|p1a: \u9e7f\u51a0\u738b|[spread] p1b\n|-activate|p1a: \u9e7f\u51a0\u738b|move: Protect\n|-damage|p1b: \u989c\u55b7|0 fnt\n|faint|p1b: \u989c\u55b7\n|-ability|p2a: Calyrex|Grim Neigh|boost\n|-boost|p2a: Calyrex|spa|1\n|\n|-weather|SunnyDay|[upkeep]\n|upkeep\n|turn|8\n|-message|blackred123 forfeited.\n|\n|win|Unskilled99\n|raw|blackred123's rating: 1314 &rarr; <strong>1302</strong><br />(-12 for losing)\n|raw|Unskilled99's rating: 1462 &rarr; <strong>1474</strong><br />(+12 for winning)\n|l|\u2606blackred123\n|player|p1|\n|l|\u2606Unskilled99\n|player|p2|\n|l| Yancy0902\u56fe\u56fe\u72ac\u4fa0\n","uploadtime":1768739271,"views":18,"formatid":"gen9vgc2026regi","rating":1302,"private":0,"password":null}