{"id":"gen9vgc2026regi-2587027988","format":"[Gen 9] VGC 2026 Reg I","players":["lolpoopypants","TheManOfSausage"],"log":"|j|\u2606lolpoopypants\n|j|\u2606TheManOfSausage\n|t:|1776482801\n|gametype|doubles\n|player|p1|lolpoopypants|blue|1494\n|player|p2|TheManOfSausage|miku-water|1587\n|gen|9\n|tier|[Gen 9] VGC 2026 Reg I\n|rated|\n|rule|Species Clause: Limit one of each Pok\u00e9mon\n|rule|Item Clause: Limit 1 of each item\n|clearpoke\n|poke|p1|Calyrex-Shadow, L50|\n|poke|p1|Zamazenta-*, L50|\n|poke|p1|Chien-Pao, L50|\n|poke|p1|Dragonite, L50, M|\n|poke|p1|Amoonguss, L50, M|\n|poke|p1|Ogerpon-Cornerstone, L50, F|\n|poke|p2|Calyrex-Shadow, L50|\n|poke|p2|Miraidon, L50|\n|poke|p2|Clefairy, L50, M|\n|poke|p2|Rillaboom, L50, M|\n|poke|p2|Incineroar, L50, M|\n|poke|p2|Volcarona, L50, M|\n|teampreview|4\n|inactive|Battle timer is ON: inactive players will automatically lose when time's up. (requested by lolpoopypants)\nTheManOfSausage has agreed to open team sheets.\n|j| ben1053\n|\n|t:|1776482828\n|teamsize|p1|4\n|teamsize|p2|4\n|start\n|switch|p1a: Calyrex|Calyrex-Shadow, L50|100/100\n|switch|p1b: Ogerpon|Ogerpon-Cornerstone, L50, F|100/100\n|switch|p2a: Magical Mirai|Miraidon, L50|100/100\n|switch|p2b: Rice Shower|Calyrex-Shadow, L50|100/100\n|-ability|p1a: Calyrex|As One\n|-ability|p1a: Calyrex|Unnerve\n|-ability|p2b: Rice Shower|As One\n|-ability|p2b: Rice Shower|Unnerve\n|-fieldstart|move: Electric Terrain|[from] ability: Hadron Engine|[of] p2a: Magical Mirai\n|turn|1\n|inactive|lolpoopypants has 30 seconds left.\n|\n|t:|1776482858\n|-terastallize|p2b: Rice Shower|Fairy\n|move|p1a: Calyrex|Protect|p1a: Calyrex\n|-singleturn|p1a: Calyrex|Protect\n|move|p2a: Magical Mirai|Snarl|p1b: Ogerpon|[spread] p1b\n|-activate|p1a: Calyrex|move: Protect\n|-damage|p1b: Ogerpon|75/100\n|-unboost|p1b: Ogerpon|spa|1\n|move|p2b: Rice Shower|Nasty Plot|p2b: Rice Shower\n|-boost|p2b: Rice Shower|spa|2\n|move|p1b: Ogerpon|Ivy Cudgel|p2b: Rice Shower|[anim] Ivy Cudgel Rock\n|-damage|p2b: Rice Shower|40/100\n|\n|upkeep\n|turn|2\n|\n|t:|1776482879\n|switch|p1a: Zamazenta|Zamazenta-Crowned, L50|100/100\n|-ability|p1a: Zamazenta|Dauntless Shield|boost\n|-boost|p1a: Zamazenta|def|1\n|move|p2b: Rice Shower|Protect|p2b: Rice Shower\n|-singleturn|p2b: Rice Shower|Protect\n|move|p1b: Ogerpon|Spiky Shield|p1b: Ogerpon\n|-singleturn|p1b: Ogerpon|move: Protect\n|move|p2a: Magical Mirai|Snarl|p1b: Ogerpon|[spread] p1a\n|-activate|p1b: Ogerpon|move: Protect\n|-resisted|p1a: Zamazenta\n|-damage|p1a: Zamazenta|94/100\n|-unboost|p1a: Zamazenta|spa|1\n|\n|upkeep\n|turn|3\n|\n|t:|1776482890\n|switch|p2a: Rillaboom|Rillaboom, L50, M|100/100\n|-fieldstart|move: Grassy Terrain|[from] ability: Grassy Surge|[of] p2a: Rillaboom\n|move|p2b: Rice Shower|Draining Kiss|p1a: Zamazenta\n|-damage|p1a: Zamazenta|46/100\n|-heal|p2b: Rice Shower|78/100|[from] drain|[of] p1a: Zamazenta\n|move|p1a: Zamazenta|Behemoth Bash|p2b: Rice Shower\n|-supereffective|p2b: Rice Shower\n|-damage|p2b: Rice Shower|0 fnt\n|faint|p2b: Rice Shower\n|move|p1b: Ogerpon|Ivy Cudgel|p2a: Rillaboom|[anim] Ivy Cudgel Rock\n|-damage|p2a: Rillaboom|48/100\n|\n|-heal|p1a: Zamazenta|52/100|[from] Grassy Terrain\n|-heal|p1b: Ogerpon|81/100|[from] Grassy Terrain\n|-heal|p2a: Rillaboom|55/100|[from] Grassy Terrain\n|upkeep\n|\n|t:|1776482897\n|switch|p2b: Magical Mirai|Miraidon, L50|100/100\n|-fieldstart|move: Electric Terrain|[from] ability: Hadron Engine|[of] p2b: Magical Mirai\n|turn|4\n|\n|t:|1776482904\n|switch|p2a: Volcarona|Volcarona, L50, M|100/100\n|-enditem|p2a: Volcarona|Electric Seed\n|-boost|p2a: Volcarona|def|1|[from] item: Electric Seed\n|move|p1a: Zamazenta|Protect|p1a: Zamazenta\n|-singleturn|p1a: Zamazenta|Protect\n|move|p1b: Ogerpon|Spiky Shield|p1b: Ogerpon\n|-singleturn|p1b: Ogerpon|move: Protect\n|move|p2b: Magical Mirai|Volt Switch|p1a: Zamazenta\n|-activate|p1a: Zamazenta|move: Protect\n|\n|upkeep\n|turn|5\n|\n|t:|1776482916\n|-terastallize|p1a: Zamazenta|Dragon\n|move|p2a: Volcarona|Protect|p2a: Volcarona\n|-singleturn|p2a: Volcarona|Protect\n|move|p2b: Magical Mirai|Volt Switch|p1a: Zamazenta\n|-resisted|p1a: Zamazenta\n|-damage|p1a: Zamazenta|26/100\n|\n|t:|1776482920\n|switch|p2b: Rillaboom|Rillaboom, L50, M|55/100|[from] Volt Switch\n|-fieldstart|move: Grassy Terrain|[from] ability: Grassy Surge|[of] p2b: Rillaboom\n|move|p1a: Zamazenta|Body Press|p2b: Rillaboom\n|-damage|p2b: Rillaboom|0 fnt\n|faint|p2b: Rillaboom\n|move|p1b: Ogerpon|Ivy Cudgel|p2a: Volcarona|[anim] Ivy Cudgel Rock\n|-activate|p2a: Volcarona|move: Protect\n|\n|-heal|p1a: Zamazenta|33/100|[from] Grassy Terrain\n|-heal|p1b: Ogerpon|87/100|[from] Grassy Terrain\n|upkeep\n|\n|t:|1776482921\n|switch|p2b: Magical Mirai|Miraidon, L50|100/100\n|-fieldstart|move: Electric Terrain|[from] ability: Hadron Engine|[of] p2b: Magical Mirai\n|turn|6\n|\n|t:|1776482934\n|move|p2b: Magical Mirai|Draco Meteor|p1b: Ogerpon\n|-damage|p1b: Ogerpon|0 fnt\n|-unboost|p2b: Magical Mirai|spa|2\n|faint|p1b: Ogerpon\n|move|p1a: Zamazenta|Body Press|p2b: Magical Mirai\n|-damage|p2b: Magical Mirai|34/100\n|move|p2a: Volcarona|Quiver Dance|p2a: Volcarona\n|-boost|p2a: Volcarona|spa|1\n|-boost|p2a: Volcarona|spd|1\n|-boost|p2a: Volcarona|spe|1\n|\n|upkeep\n|\n|t:|1776482941\n|switch|p1b: Dragonite|Dragonite, L50, M|100/100\n|turn|7\n|\n|t:|1776482949\n|move|p1b: Dragonite|Extreme Speed|p2a: Volcarona\n|-damage|p2a: Volcarona|59/100\n|move|p2b: Magical Mirai|Draco Meteor|p1b: Dragonite\n|-supereffective|p1b: Dragonite\n|-damage|p1b: Dragonite|12/100\n|-unboost|p2b: Magical Mirai|spa|2\n|move|p2a: Volcarona|Fiery Dance|p1a: Zamazenta\n|-resisted|p1a: Zamazenta\n|-damage|p1a: Zamazenta|9/100\n|-boost|p2a: Volcarona|spa|1\n|move|p1a: Zamazenta|Body Press|p2a: Volcarona\n|-resisted|p2a: Volcarona\n|-damage|p2a: Volcarona|28/100\n|\n|upkeep\n|turn|8\n|\n|t:|1776482967\n|move|p2a: Volcarona|Protect|p2a: Volcarona\n|-singleturn|p2a: Volcarona|Protect\n|move|p1b: Dragonite|Extreme Speed|p2a: Volcarona\n|-activate|p2a: Volcarona|move: Protect\n|move|p2b: Magical Mirai|Draco Meteor|p1b: Dragonite\n|-supereffective|p1b: Dragonite\n|-damage|p1b: Dragonite|0 fnt\n|-unboost|p2b: Magical Mirai|spa|2\n|faint|p1b: Dragonite\n|move|p1a: Zamazenta|Body Press|p2b: Magical Mirai\n|-damage|p2b: Magical Mirai|0 fnt\n|faint|p2b: Magical Mirai\n|\n|upkeep\n|\n|t:|1776482970\n|switch|p1b: Calyrex|Calyrex-Shadow, L50|100/100\n|-ability|p1b: Calyrex|As One\n|-ability|p1b: Calyrex|Unnerve\n|turn|9\n|\n|t:|1776482977\n|move|p2a: Volcarona|Giga Drain|p1a: Zamazenta\n|-resisted|p1a: Zamazenta\n|-damage|p1a: Zamazenta|0 fnt\n|-heal|p2a: Volcarona|33/100|[from] drain|[of] p1a: Zamazenta\n|faint|p1a: Zamazenta\n|move|p1b: Calyrex|Psychic|p2a: Volcarona\n|-damage|p2a: Volcarona|0 fnt\n|faint|p2a: Volcarona\n|\n|win|lolpoopypants\n|raw|lolpoopypants's rating: 1494 &rarr; <strong>1519</strong><br />(+25 for winning)\n|raw|TheManOfSausage's rating: 1587 &rarr; <strong>1562</strong><br />(-25 for losing)\n|c|\u2606TheManOfSausage|gg\n|l|\u2606TheManOfSausage\n|player|p2|\n|c|\u2606lolpoopypants|gg\n|l|\u2606lolpoopypants\n|player|p1|\n","uploadtime":1776483217,"views":13,"formatid":"gen9vgc2026regi","rating":1519,"private":0,"password":null}