{"id":"gen9vgc2026regi-2564600553","format":"[Gen 9] VGC 2026 Reg I","players":["shecallmedada","LeanMac"],"log":"|j|\u2606shecallmedada\n|j|\u2606LeanMac\n|t:|1774172310\n|gametype|doubles\n|player|p1|shecallmedada|burglar-gen1rb|1339\n|player|p2|LeanMac|zinnia-masters|1314\n|gen|9\n|tier|[Gen 9] VGC 2026 Reg I\n|rated|\n|rule|Species Clause: Limit one of each Pok\u00e9mon\n|rule|Item Clause: Limit 1 of each item\n|clearpoke\n|poke|p1|Koraidon, L50|\n|poke|p1|Miraidon, L50|\n|poke|p1|Incineroar, L50, M|\n|poke|p1|Iron Bundle, L50|\n|poke|p1|Toxapex, L50, M|\n|poke|p1|Landorus, L50, M|\n|poke|p2|Sableye, L50, M|\n|poke|p2|Lugia, L50|\n|poke|p2|Comfey, L50, M|\n|poke|p2|Kyogre, L50|\n|poke|p2|Thundurus, L50, M|\n|poke|p2|Gallade, L50, M|\n|teampreview|4\n|inactive|Battle timer is ON: inactive players will automatically lose when time's up. (requested by LeanMac)\n|\n|t:|1774172346\n|teamsize|p1|4\n|teamsize|p2|4\n|start\n|switch|p1a: Miraidon|Miraidon, L50|100/100\n|switch|p1b: Iron Bundle|Iron Bundle, L50|100/100\n|switch|p2a: Sableye|Sableye, L50, M, shiny|100/100\n|switch|p2b: Lugia|Lugia, L50, shiny|100/100\n|-fieldstart|move: Electric Terrain|[from] ability: Hadron Engine|[of] p1a: Miraidon\n|-activate|p1b: Iron Bundle|ability: Quark Drive\n|-start|p1b: Iron Bundle|quarkdrivespe\n|turn|1\n|\n|t:|1774172365\n|-terastallize|p2b: Lugia|Fairy\n|move|p2a: Sableye|Light Screen|p2a: Sableye\n|-sidestart|p2: LeanMac|move: Light Screen\n|move|p1b: Iron Bundle|Encore|p2a: Sableye\n|-start|p2a: Sableye|Encore\n|move|p1a: Miraidon|Electro Drift|p2b: Lugia\n|-damage|p2b: Lugia|81/100\n|-damage|p1a: Miraidon|91/100|[from] item: Life Orb\n|move|p2b: Lugia|Calm Mind|p2b: Lugia\n|-boost|p2b: Lugia|spa|1\n|-boost|p2b: Lugia|spd|1\n|\n|upkeep\n|turn|2\n|\n|t:|1774172383\n|switch|p2a: Comfey|Comfey, L50, M, shiny|100/100\n|move|p1b: Iron Bundle|Encore|p2b: Lugia\n|-start|p2b: Lugia|Encore\n|move|p1a: Miraidon|Electro Drift|p2a: Comfey\n|-damage|p2a: Comfey|29/100\n|-enditem|p2a: Comfey|Sitrus Berry|[eat]\n|-heal|p2a: Comfey|54/100|[from] item: Sitrus Berry\n|-damage|p1a: Miraidon|81/100|[from] item: Life Orb\n|move|p2b: Lugia|Calm Mind|p2b: Lugia\n|-boost|p2b: Lugia|spa|1\n|-boost|p2b: Lugia|spd|1\n|\n|upkeep\n|turn|3\n|\n|t:|1774172401\n|move|p2a: Comfey|Synthesis|p2a: Comfey\n|-heal|p2a: Comfey|100/100\n|move|p1b: Iron Bundle|Ice Beam|p2b: Lugia\n|-damage|p2b: Lugia|73/100\n|move|p1a: Miraidon|Electro Drift|p2a: Comfey\n|-damage|p2a: Comfey|26/100\n|-damage|p1a: Miraidon|72/100|[from] item: Life Orb\n|move|p2b: Lugia|Calm Mind|p2b: Lugia\n|-boost|p2b: Lugia|spa|1\n|-boost|p2b: Lugia|spd|1\n|\n|upkeep\n|turn|4\n|\n|t:|1774172423\n|move|p2a: Comfey|Synthesis|p2a: Comfey\n|-heal|p2a: Comfey|76/100\n|move|p1b: Iron Bundle|Ice Beam|p2b: Lugia\n|-damage|p2b: Lugia|67/100\n|move|p1a: Miraidon|Electro Drift|p2a: Comfey\n|-damage|p2a: Comfey|10/100\n|-damage|p1a: Miraidon|62/100|[from] item: Life Orb\n|move|p2b: Lugia|Calm Mind|p2b: Lugia\n|-boost|p2b: Lugia|spa|1\n|-boost|p2b: Lugia|spd|1\n|\n|-end|p2b: Lugia|Encore\n|upkeep\n|turn|5\n|\n|t:|1774172448\n|move|p2a: Comfey|Protect|p2a: Comfey\n|-singleturn|p2a: Comfey|Protect\n|move|p1b: Iron Bundle|Encore|p2b: Lugia\n|-start|p2b: Lugia|Encore\n|move|p1a: Miraidon|Electro Drift|p2a: Comfey\n|-activate|p2a: Comfey|move: Protect\n|move|p2b: Lugia|Calm Mind|p2b: Lugia\n|-boost|p2b: Lugia|spa|1\n|-boost|p2b: Lugia|spd|1\n|\n|-fieldend|move: Electric Terrain\n|-end|p1b: Iron Bundle|Quark Drive\n|upkeep\n|turn|6\n|\n|t:|1774172461\n|move|p2a: Comfey|Draining Kiss|p1a: Miraidon\n|-supereffective|p1a: Miraidon\n|-damage|p1a: Miraidon|35/100\n|-heal|p2a: Comfey|33/100|[from] drain|[of] p1a: Miraidon\n|move|p1b: Iron Bundle|Ice Beam|p2b: Lugia\n|-damage|p2b: Lugia|63/100\n|move|p1a: Miraidon|Volt Switch|p2a: Comfey\n|-damage|p2a: Comfey|4/100\n|-damage|p1a: Miraidon|25/100|[from] item: Life Orb\n|\n|t:|1774172473\n|switch|p1a: Toxapex|Toxapex, L50, M|100/100|[from] Volt Switch\n|move|p2b: Lugia|Calm Mind|p2b: Lugia\n|-boost|p2b: Lugia|spa|1\n|-boost|p2b: Lugia|spd|1\n|\n|upkeep\n|turn|7\n|\n|t:|1774172481\n|move|p2a: Comfey|Synthesis|p2a: Comfey\n|-heal|p2a: Comfey|54/100\n|move|p1b: Iron Bundle|Ice Beam|p2a: Comfey\n|-damage|p2a: Comfey|28/100\n|move|p2b: Lugia|Calm Mind|p2b: Lugia\n|-boost|p2b: Lugia|spa|0\n|-boost|p2b: Lugia|spd|0\n|move|p1a: Toxapex|Infestation|p2b: Lugia\n|-resisted|p2b: Lugia\n|-crit|p2b: Lugia\n|-damage|p2b: Lugia|62/100\n|-activate|p2b: Lugia|move: Infestation|[of] p1a: Toxapex\n|\n|-damage|p2b: Lugia|49/100|[from] move: Infestation|[partiallytrapped]\n|-end|p2b: Lugia|Encore\n|upkeep\n|turn|8\n|\n|t:|1774172503\n|move|p2b: Lugia|Protect|p2b: Lugia\n|-singleturn|p2b: Lugia|Protect\n|move|p2a: Comfey|Floral Healing|p2b: Lugia\n|-activate|p2b: Lugia|move: Protect\n|move|p1b: Iron Bundle|Encore|p2b: Lugia\n|-activate|p2b: Lugia|move: Protect\n|move|p1a: Toxapex|Infestation|p2a: Comfey\n|-resisted|p2a: Comfey\n|-damage|p2a: Comfey|28/100\n|-activate|p2a: Comfey|move: Infestation|[of] p1a: Toxapex\n|\n|-damage|p2b: Lugia|37/100|[from] move: Infestation|[partiallytrapped]\n|-damage|p2a: Comfey|16/100|[from] move: Infestation|[partiallytrapped]\n|-sideend|p2: LeanMac|move: Light Screen\n|upkeep\n|turn|9\n|c|\u2606LeanMac|hell am I doing brah\n|c|\u2606shecallmedada|lmfao\n|c|\u2606shecallmedada|idk man\n|c|\u2606shecallmedada|is okay\n|c|\u2606LeanMac|that early morning gameplay\n|inactive|shecallmedada has 30 seconds left.\n|inactive|LeanMac has 30 seconds left.\n|\n|t:|1774172534\n|move|p2a: Comfey|Floral Healing|p2b: Lugia\n|-heal|p2b: Lugia|87/100\n|move|p1b: Iron Bundle|Encore|p2b: Lugia\n|-start|p2b: Lugia|Encore\n|move|p2b: Lugia|Protect||[still]\n|-fail|p2b: Lugia\n|move|p1a: Toxapex|Infestation|p2a: Comfey\n|-resisted|p2a: Comfey\n|-damage|p2a: Comfey|14/100\n|\n|-damage|p2b: Lugia|75/100|[from] move: Infestation|[partiallytrapped]\n|-damage|p2a: Comfey|2/100|[from] move: Infestation|[partiallytrapped]\n|upkeep\n|turn|10\n|\n|t:|1774172552\n|move|p2b: Lugia|Protect|p2b: Lugia\n|-singleturn|p2b: Lugia|Protect\n|move|p2a: Comfey|Draining Kiss|p1b: Iron Bundle\n|-damage|p1b: Iron Bundle|72/100\n|-heal|p2a: Comfey|20/100|[from] drain|[of] p1b: Iron Bundle\n|move|p1b: Iron Bundle|Encore|p2a: Comfey\n|-start|p2a: Comfey|Encore\n|move|p1a: Toxapex|Infestation|p2b: Lugia\n|-activate|p2b: Lugia|move: Protect\n|\n|-damage|p2b: Lugia|63/100|[from] move: Infestation|[partiallytrapped]\n|-damage|p2a: Comfey|8/100|[from] move: Infestation|[partiallytrapped]\n|upkeep\n|turn|11\n|\n|t:|1774172565\n|move|p1b: Iron Bundle|Protect|p1b: Iron Bundle\n|-singleturn|p1b: Iron Bundle|Protect\n|move|p2b: Lugia|Protect|p2b: Lugia\n|-singleturn|p2b: Lugia|Protect\n|move|p2a: Comfey|Draining Kiss|p1b: Iron Bundle\n|-activate|p1b: Iron Bundle|move: Protect\n|move|p1a: Toxapex|Infestation|p2a: Comfey\n|-resisted|p2a: Comfey\n|-damage|p2a: Comfey|7/100\n|\n|-end|p2b: Lugia|Infestation|[partiallytrapped]\n|-damage|p2a: Comfey|0 fnt|[from] move: Infestation|[partiallytrapped]\n|faint|p2a: Comfey\n|-end|p2b: Lugia|Encore\n|upkeep\n|\n|t:|1774172579\n|switch|p2a: Kyogre|Kyogre, L50, shiny|100/100\n|-weather|RainDance|[from] ability: Drizzle|[of] p2a: Kyogre\n|turn|12\n|\n|t:|1774172602\n|move|p1a: Toxapex|Wide Guard|p1a: Toxapex\n|-singleturn|p1a: Toxapex|Wide Guard\n|move|p2a: Kyogre|Thunder|p1b: Iron Bundle\n|-supereffective|p1b: Iron Bundle\n|-damage|p1b: Iron Bundle|0 fnt\n|faint|p1b: Iron Bundle\n|-end|p1b: Iron Bundle|Quark Drive|[silent]\n|move|p2b: Lugia|Earth Power|p1a: Toxapex\n|-supereffective|p1a: Toxapex\n|-damage|p1a: Toxapex|0 fnt\n|faint|p1a: Toxapex\n|\n|-weather|RainDance|[upkeep]\n|upkeep\n|\n|t:|1774172610\n|switch|p1b: Miraidon|Miraidon, L50|25/100\n|switch|p1a: Koraidon|Koraidon, L50|100/100\n|-fieldstart|move: Electric Terrain|[from] ability: Hadron Engine|[of] p1b: Miraidon\n|-enditem|p1a: Koraidon|Electric Seed\n|-boost|p1a: Koraidon|def|1|[from] item: Electric Seed\n|-weather|SunnyDay|[from] ability: Orichalcum Pulse|[of] p1a: Koraidon\n|-activate|p1a: Koraidon|Orichalcum Pulse|[source]\n|turn|13\n|\n|t:|1774172623\n|switch|p2a: Sableye|Sableye, L50, M, shiny|100/100\n|-terastallize|p1a: Koraidon|Fire\n|move|p2b: Lugia|Protect|p2b: Lugia\n|-singleturn|p2b: Lugia|Protect\n|move|p1b: Miraidon|Electro Drift|p2a: Sableye\n|-damage|p2a: Sableye|0 fnt\n|faint|p2a: Sableye\n|-damage|p1b: Miraidon|15/100|[from] item: Life Orb\n|move|p1a: Koraidon|Flare Blitz|p2b: Lugia\n|-activate|p2b: Lugia|move: Protect\n|\n|-weather|SunnyDay|[upkeep]\n|upkeep\n|\n|t:|1774172635\n|switch|p2a: Kyogre|Kyogre, L50, shiny|100/100\n|-weather|RainDance|[from] ability: Drizzle|[of] p2a: Kyogre\n|turn|14\n|inactive|LeanMac has 30 seconds left.\n|\n|t:|1774172667\n|move|p2a: Kyogre|Water Spout|p1b: Miraidon|[spread] p1a,p1b\n|-supereffective|p1a: Koraidon\n|-resisted|p1b: Miraidon\n|-damage|p1a: Koraidon|0 fnt\n|-damage|p1b: Miraidon|0 fnt\n|faint|p1a: Koraidon\n|faint|p1b: Miraidon\n|\n|win|LeanMac\n|raw|shecallmedada's rating: 1339 &rarr; <strong>1318</strong><br />(-21 for losing)\n|raw|LeanMac's rating: 1314 &rarr; <strong>1335</strong><br />(+21 for winning)\n|l|\u2606shecallmedada\n|player|p1|\n|c|\u2606LeanMac|gg\n|l|\u2606LeanMac\n|player|p2|\n","uploadtime":1774172680,"views":60,"formatid":"gen9vgc2026regi","rating":1318,"private":0,"password":null}