{"id":"gen9vgc2026regi-2528279807","format":"[Gen 9] VGC 2026 Reg I","players":["mosca9876","i\u2764\u5a1c\u7984forever"],"log":"|j|\u2606mosca9876\n|j|\u2606i\u2764\u5a1c\u7984forever\n|t:|1769637135\n|gametype|doubles\n|player|p1|mosca9876|169|1359\n|player|p2|i\u2764\u5a1c\u7984forever|youngcouple|1476\n|gen|9\n|tier|[Gen 9] VGC 2026 Reg I\n|rated|\n|rule|Species Clause: Limit one of each Pok\u00e9mon\n|rule|Item Clause: Limit 1 of each item\n|clearpoke\n|poke|p1|Calyrex-Shadow, L50|\n|poke|p1|Terapagos, L50, M|\n|poke|p1|Iron Hands, L50|\n|poke|p1|Chi-Yu, L50|\n|poke|p1|Smeargle, L50, F|\n|poke|p1|Whimsicott, L50, F|\n|poke|p2|Groudon, L50|\n|poke|p2|Kyurem-White, L50|\n|poke|p2|Heatran, L50, F|\n|poke|p2|Whimsicott, L50, M|\n|poke|p2|Roaring Moon, L50|\n|poke|p2|Ditto, L50|\n|teampreview|4\n|\n|t:|1769637193\n|teamsize|p1|4\n|teamsize|p2|4\n|start\n|switch|p1a: DontStartNow|Whimsicott, L50, F|100/100\n|switch|p1b: BreakMyHeart|Chi-Yu, L50|100/100\n|switch|p2a: Whimsicott|Whimsicott, L50, M|100/100\n|switch|p2b: Kyurem|Kyurem-White, L50|100/100\n|-ability|p1b: BreakMyHeart|Beads of Ruin\n|-ability|p2b: Kyurem|Turboblaze\n|turn|1\n|\n|t:|1769637207\n|move|p1a: DontStartNow|Tailwind|p1a: DontStartNow\n|-sidestart|p1: mosca9876|move: Tailwind\n|move|p1b: BreakMyHeart|Heat Wave|p2b: Kyurem|[spread] p2a,p2b\n|-supereffective|p2a: Whimsicott\n|-enditem|p2a: Whimsicott|Focus Sash\n|-damage|p2a: Whimsicott|1/100\n|-damage|p2b: Kyurem|60/100\n|move|p2b: Kyurem|Blizzard|p1b: BreakMyHeart|[spread] p1a,p1b\n|-supereffective|p1a: DontStartNow\n|-resisted|p1b: BreakMyHeart\n|-damage|p1a: DontStartNow|0 fnt\n|-damage|p1b: BreakMyHeart|64/100\n|faint|p1a: DontStartNow\n|move|p2a: Whimsicott|Trick Room|p2a: Whimsicott\n|-fieldstart|move: Trick Room|[of] p2a: Whimsicott\n|\n|upkeep\n|\n|t:|1769637218\n|switch|p1a: PrettyPlease|Smeargle, L50, F|100/100\n|turn|2\n|\n|t:|1769637231\n|move|p1a: PrettyPlease|Fake Out|p2b: Kyurem\n|-damage|p2b: Kyurem|56/100\n|cant|p2b: Kyurem|flinch\n|move|p2a: Whimsicott|Energy Ball|p1a: PrettyPlease\n|-enditem|p1a: PrettyPlease|Focus Sash\n|-damage|p1a: PrettyPlease|1/100\n|move|p1b: BreakMyHeart|Heat Wave|p2a: Whimsicott|[spread] p2a,p2b\n|-supereffective|p2a: Whimsicott\n|-damage|p2a: Whimsicott|0 fnt\n|-damage|p2b: Kyurem|15/100\n|faint|p2a: Whimsicott\n|\n|-ability|p1a: PrettyPlease|Moody|boost\n|-boost|p1a: PrettyPlease|def|2\n|-unboost|p1a: PrettyPlease|spa|1\n|upkeep\n|\n|t:|1769637244\n|switch|p2a: Groudon|Groudon, L50|100/100\n|-weather|SunnyDay|[from] ability: Drought|[of] p2a: Groudon\n|turn|3\n|\n|t:|1769637266\n|switch|p1a: Hallucinate|Terapagos, L50, M|100/100\n|-activate|p1a: Hallucinate|ability: Tera Shift\n|detailschange|p1a: Hallucinate|Terapagos-Terastal, L50, M\n|-heal|p1a: Hallucinate|100/100|[silent]\n|move|p2a: Groudon|Crunch|p1a: Hallucinate\n|-activate|p1a: Hallucinate|ability: Tera Shell\n|-resisted|p1a: Hallucinate\n|-damage|p1a: Hallucinate|84/100\n|move|p2b: Kyurem|Earth Power|p1b: BreakMyHeart\n|-supereffective|p1b: BreakMyHeart\n|-damage|p1b: BreakMyHeart|0 fnt\n|faint|p1b: BreakMyHeart\n|\n|-weather|SunnyDay|[upkeep]\n|upkeep\n|\n|t:|1769637278\n|switch|p1b: PrettyPlease|Smeargle, L50, F|1/100\n|turn|4\n|\n|t:|1769637292\n|-terastallize|p2b: Kyurem|Ghost\n|-terastallize|p1a: Hallucinate|Stellar\n|detailschange|p1a: Hallucinate|Terapagos-Stellar, L50, M, tera:Stellar\n|-heal|p1a: Hallucinate|89/100|[silent]\n|-ability|p1a: Hallucinate|Teraform Zero\n|-weather|none\n|move|p1b: PrettyPlease|Fake Out|p2a: Groudon\n|-damage|p2a: Groudon|97/100\n|cant|p2a: Groudon|flinch\n|move|p2b: Kyurem|Fusion Flare|p1a: Hallucinate\n|-damage|p1a: Hallucinate|57/100\n|move|p1a: Hallucinate|Tera Starstorm|p2a: Groudon|[spread] p2a,p2b\n|-supereffective|p2b: Kyurem\n|-damage|p2a: Groudon|63/100\n|-damage|p2b: Kyurem|0 fnt\n|faint|p2b: Kyurem\n|\n|-sideend|p1: mosca9876|move: Tailwind\n|-ability|p1b: PrettyPlease|Moody|boost\n|-boost|p1b: PrettyPlease|atk|2\n|-unboost|p1b: PrettyPlease|spd|1\n|upkeep\n|\n|t:|1769637310\n|switch|p2b: Ditto|Ditto, L50|100/100\n|turn|5\n|\n|t:|1769637325\n|move|p2b: Ditto|Transform|p2a: Groudon\n|-transform|p2b: Ditto|p2a: Groudon\n|-weather|SunnyDay|[from] ability: Drought|[of] p2b: Ditto\n|move|p2a: Groudon|Precipice Blades|p1b: PrettyPlease|[spread] p1a,p1b\n|-damage|p1a: Hallucinate|22/100\n|-damage|p1b: PrettyPlease|0 fnt\n|faint|p1b: PrettyPlease\n|move|p1a: Hallucinate|Tera Starstorm|p2b: Ditto|[spread] p2a\n|-miss|p1a: Hallucinate|p2b: Ditto\n|-damage|p2a: Groudon|28/100\n|\n|-weather|SunnyDay|[upkeep]\n|-fieldend|move: Trick Room\n|upkeep\n|turn|6\n|\n|t:|1769637338\n|move|p1a: Hallucinate|Tera Starstorm|p2a: Groudon|[spread] p2a,p2b\n|-crit|p2a: Groudon\n|-damage|p2a: Groudon|0 fnt\n|-damage|p2b: Ditto|31/100\n|faint|p2a: Groudon\n|move|p2b: Ditto|Precipice Blades|p1a: Hallucinate\n|-damage|p1a: Hallucinate|0 fnt\n|faint|p1a: Hallucinate\n|detailschange|p1: Hallucinate|Terapagos, L50, M|[silent]\n|\n|win|i\u2764\u5a1c\u7984forever\n|raw|mosca9876's rating: 1359 &rarr; <strong>1345</strong><br />(-14 for losing)\n|raw|i\u2764\u5a1c\u7984forever's rating: 1476 &rarr; <strong>1490</strong><br />(+14 for winning)\n|l|\u2606i\u2764\u5a1c\u7984forever\n|player|p2|\n","uploadtime":1769637549,"views":12,"formatid":"gen9vgc2026regi","rating":1345,"private":0,"password":null}