{"id":"gen9vgc2026regi-2578018226","format":"[Gen 9] VGC 2026 Reg I","players":["Bicentenario","icalderon db"],"log":"|j|\u2606Bicentenario\n|j|\u2606icalderon db\n|t:|1775636261\n|gametype|doubles\n|player|p1|Bicentenario|266|1588\n|player|p2|icalderon db|265|1655\n|gen|9\n|tier|[Gen 9] VGC 2026 Reg I\n|rated|\n|rule|Species Clause: Limit one of each Pok\u00e9mon\n|rule|Item Clause: Limit 1 of each item\n|clearpoke\n|poke|p1|Calyrex-Ice, L50|\n|poke|p1|Indeedee-F, L50, F|\n|poke|p1|Urshifu-*, L50, F|\n|poke|p1|Lunala, L50|\n|poke|p1|Torkoal, L50, F|\n|poke|p1|Smeargle, L50, F|\n|poke|p2|Miraidon, L50|\n|poke|p2|Lunala, L50|\n|poke|p2|Whimsicott, L50, M|\n|poke|p2|Urshifu-*, L50, M|\n|poke|p2|Incineroar, L50, M|\n|poke|p2|Ursaluna, L50, M|\n|teampreview|4\n|j| Harrie Harktand\n|\n|t:|1775636285\n|teamsize|p1|4\n|teamsize|p2|4\n|start\n|switch|p1a: Indeedee|Indeedee-F, L50, F|100/100\n|switch|p1b: Calyrex|Calyrex-Ice, L50|100/100\n|switch|p2a: Miraidon|Miraidon, L50|100/100\n|switch|p2b: Urshifu|Urshifu-Rapid-Strike, L50, M|100/100\n|-ability|p1b: Calyrex|As One\n|-ability|p1b: Calyrex|Unnerve\n|-fieldstart|move: Electric Terrain|[from] ability: Hadron Engine|[of] p2a: Miraidon\n|-fieldstart|move: Psychic Terrain|[from] ability: Psychic Surge|[of] p1a: Indeedee\n|turn|1\n|inactive|Battle timer is ON: inactive players will automatically lose when time's up. (requested by Bicentenario)\n|\n|t:|1775636293\n|move|p1a: Indeedee|Follow Me|p1a: Indeedee\n|-singleturn|p1a: Indeedee|move: Follow Me\n|move|p2a: Miraidon|Volt Switch|p1a: Indeedee\n|-damage|p1a: Indeedee|47/100\n|-damage|p2a: Miraidon|91/100|[from] item: Life Orb\n|\n|t:|1775636298\n|switch|p2a: Incineroar|Incineroar, L50, M|100/100|[from] Volt Switch\n|-ability|p2a: Incineroar|Intimidate|boost\n|-unboost|p1a: Indeedee|atk|1\n|-fail|p1b: Calyrex|unboost|[from] item: Clear Amulet|[of] p1b: Calyrex\n|move|p2b: Urshifu|U-turn|p1a: Indeedee\n|-supereffective|p1a: Indeedee\n|-damage|p1a: Indeedee|0 fnt\n|-damage|p2b: Urshifu|84/100|[from] item: Rocky Helmet|[of] p1a: Indeedee\n|faint|p1a: Indeedee\n|\n|t:|1775636306\n|switch|p2b: Miraidon|Miraidon, L50|91/100|[from] U-turn\n|-fieldstart|move: Electric Terrain|[from] ability: Hadron Engine|[of] p2b: Miraidon\n|move|p1b: Calyrex|Trick Room|p1b: Calyrex\n|-fieldstart|move: Trick Room|[of] p1b: Calyrex\n|\n|upkeep\n|\n|t:|1775636314\n|switch|p1a: Lunala|Lunala, L50|100/100\n|turn|2\n|\n|t:|1775636325\n|-terastallize|p1a: Lunala|Fairy\n|move|p2a: Incineroar|Fake Out|p1b: Calyrex\n|-damage|p1b: Calyrex|93/100\n|cant|p1b: Calyrex|flinch\n|move|p1a: Lunala|Moonblast|p2b: Miraidon\n|-supereffective|p2b: Miraidon\n|-damage|p2b: Miraidon|0 fnt\n|faint|p2b: Miraidon\n|\n|upkeep\n|\n|t:|1775636334\n|switch|p2b: Lunala|Lunala, L50|100/100\n|-enditem|p2b: Lunala|Electric Seed\n|-boost|p2b: Lunala|def|1|[from] item: Electric Seed\n|turn|3\n|\n|t:|1775636342\n|-terastallize|p2b: Lunala|Fairy\n|move|p1b: Calyrex|High Horsepower|p2a: Incineroar\n|-supereffective|p2a: Incineroar\n|-damage|p2a: Incineroar|16/100\n|move|p1a: Lunala|Moongeist Beam|p2b: Lunala\n|-damage|p2b: Lunala|81/100\n|move|p2a: Incineroar|U-turn|p1b: Calyrex\n|-supereffective|p1b: Calyrex\n|-damage|p1b: Calyrex|67/100\n|\n|t:|1775636352\n|switch|p2a: Urshifu|Urshifu-Rapid-Strike, L50, M|84/100|[from] U-turn\n|move|p2b: Lunala|Moongeist Beam|p1b: Calyrex\n|-supereffective|p1b: Calyrex\n|-damage|p1b: Calyrex|0 fnt\n|faint|p1b: Calyrex\n|\n|upkeep\n|\n|t:|1775636355\n|switch|p1b: Urshifu|Urshifu, L50, F|100/100\n|turn|4\n|\n|t:|1775636371\n|move|p1b: Urshifu|Wicked Blow|p2b: Lunala\n|-resisted|p2b: Lunala\n|-crit|p2b: Lunala\n|-damage|p2b: Lunala|53/100\n|move|p1a: Lunala|Moonblast|p2a: Urshifu\n|-supereffective|p2a: Urshifu\n|-damage|p2a: Urshifu|0 fnt\n|faint|p2a: Urshifu\n|move|p2b: Lunala|Moonblast|p1b: Urshifu\n|-supereffective|p1b: Urshifu\n|-damage|p1b: Urshifu|0 fnt\n|faint|p1b: Urshifu\n|\n|upkeep\n|\n|t:|1775636376\n|switch|p2a: Incineroar|Incineroar, L50, M|16/100\n|-ability|p2a: Incineroar|Intimidate|boost\n|-unboost|p1a: Lunala|atk|1\n|turn|5\n|\n|t:|1775636386\n|move|p2a: Incineroar|Fake Out|p1a: Lunala\n|-damage|p1a: Lunala|96/100\n|cant|p1a: Lunala|flinch\n|move|p2b: Lunala|Moonblast|p1a: Lunala\n|-damage|p1a: Lunala|55/100\n|\n|-heal|p1a: Lunala|61/100|[from] item: Leftovers\n|-fieldend|move: Trick Room\n|-fieldend|move: Electric Terrain\n|upkeep\n|turn|6\n|l| Harrie Harktand\n|\n|t:|1775636393\n|move|p2b: Lunala|Moongeist Beam|p1a: Lunala\n|-damage|p1a: Lunala|21/100\n|move|p2a: Incineroar|Flare Blitz|p1a: Lunala\n|-damage|p1a: Lunala|0 fnt\n|faint|p1a: Lunala\n|-damage|p2a: Incineroar|8/100|[from] Recoil\n|\n|win|icalderon db\n|raw|Bicentenario's rating: 1588 &rarr; <strong>1572</strong><br />(-16 for losing)\n|raw|icalderon db's rating: 1655 &rarr; <strong>1671</strong><br />(+16 for winning)\n|l|\u2606Bicentenario\n|player|p1|\n|l|\u2606icalderon db\n|player|p2|\n","uploadtime":1775636573,"views":12,"formatid":"gen9vgc2026regi","rating":1572,"private":0,"password":null}