{"id":"gen9vgc2026regi-2558793904","format":"[Gen 9] VGC 2026 Reg I","players":["TheManOfSausage","123456ag"],"log":"|j|\u2606TheManOfSausage\n|j|\u2606123456ag\n|t:|1773483886\n|gametype|doubles\n|player|p1|TheManOfSausage|miku-water|1453\n|player|p2|123456ag|swimmerf-gen4dp|1521\n|gen|9\n|tier|[Gen 9] VGC 2026 Reg I\n|rated|\n|rule|Species Clause: Limit one of each Pok\u00e9mon\n|rule|Item Clause: Limit 1 of each item\n|clearpoke\n|poke|p1|Calyrex-Shadow, L50|\n|poke|p1|Zamazenta-*, L50|\n|poke|p1|Rillaboom, L50, M|\n|poke|p1|Smeargle, L50, M|\n|poke|p1|Urshifu-*, L50, M|\n|poke|p1|Tornadus, L50, M|\n|poke|p2|Rillaboom, L50, M|\n|poke|p2|Koraidon, L50|\n|poke|p2|Incineroar, L50, M|\n|poke|p2|Smeargle, L50, F|\n|poke|p2|Lunala, L50|\n|poke|p2|Ursaluna, L50, M|\n|teampreview|4\nTheManOfSausage has agreed to open team sheets.\n|\n|t:|1773483926\n|teamsize|p1|4\n|teamsize|p2|4\n|start\n|switch|p1a: Smeargle|Smeargle, L50, M|100/100\n|switch|p1b: Zamazenta|Zamazenta-Crowned, L50|100/100\n|switch|p2a: Lunala|Lunala, L50|100/100\n|switch|p2b: Smeargle|Smeargle, L50, F|100/100\n|-ability|p1b: Zamazenta|Dauntless Shield|boost\n|-boost|p1b: Zamazenta|def|1\n|turn|1\n|\n|t:|1773483976\n|-terastallize|p2b: Smeargle|Grass\n|move|p1a: Smeargle|Fake Out|p2b: Smeargle\n|-damage|p2b: Smeargle|91/100\n|cant|p2b: Smeargle|flinch\n|move|p1b: Zamazenta|Body Press|p2b: Smeargle\n|-damage|p2b: Smeargle|0 fnt\n|faint|p2b: Smeargle\n|move|p2a: Lunala|Trick Room|p2a: Lunala\n|-fieldstart|move: Trick Room|[of] p2a: Lunala\n|\n|-ability|p1a: Smeargle|Moody|boost\n|-boost|p1a: Smeargle|atk|2\n|-unboost|p1a: Smeargle|spa|1\n|upkeep\n|\n|t:|1773483986\n|switch|p2b: Ursaluna|Ursaluna, L50, M|100/100\n|turn|2\n|\n|t:|1773483993\n|move|p2b: Ursaluna|Protect|p2b: Ursaluna\n|-singleturn|p2b: Ursaluna|Protect\n|move|p2a: Lunala|Heat Wave|p1b: Zamazenta|[spread] p1a\n|-miss|p2a: Lunala|p1b: Zamazenta\n|-damage|p1a: Smeargle|33/100\n|move|p1a: Smeargle|Spore|p2a: Lunala\n|-status|p2a: Lunala|slp|[from] move: Spore\n|move|p1b: Zamazenta|Heavy Slam|p2a: Lunala\n|-damage|p2a: Lunala|82/100 slp\n|\n|-status|p2b: Ursaluna|brn|[from] item: Flame Orb\n|-ability|p1a: Smeargle|Moody|boost\n|-boost|p1a: Smeargle|def|2\n|-unboost|p1a: Smeargle|spa|1\n|upkeep\n|turn|3\n|\n|t:|1773484013\n|switch|p1a: Rillaboom|Rillaboom, L50, M|100/100\n|-fieldstart|move: Grassy Terrain|[from] ability: Grassy Surge|[of] p1a: Rillaboom\n|move|p2b: Ursaluna|Facade|p1a: Rillaboom\n|-damage|p1a: Rillaboom|0 fnt\n|faint|p1a: Rillaboom\n|cant|p2a: Lunala|slp\n|move|p1b: Zamazenta|Body Press|p2b: Ursaluna\n|-supereffective|p2b: Ursaluna\n|-damage|p2b: Ursaluna|0 fnt\n|faint|p2b: Ursaluna\n|\n|-heal|p2a: Lunala|87/100 slp|[from] Grassy Terrain\n|upkeep\n|\n|t:|1773484020\n|switch|p2b: Koraidon|Koraidon, L50|100/100\n|switch|p1a: Smeargle|Smeargle, L50, M|33/100\n|-weather|SunnyDay|[from] ability: Orichalcum Pulse|[of] p2b: Koraidon\n|-activate|p2b: Koraidon|Orichalcum Pulse|[source]\n|turn|4\n|\n|t:|1773484031\n|move|p2b: Koraidon|Protect|p2b: Koraidon\n|-singleturn|p2b: Koraidon|Protect\n|move|p1a: Smeargle|Fake Out|p2b: Koraidon\n|-activate|p2b: Koraidon|move: Protect\n|cant|p2a: Lunala|slp\n|move|p1b: Zamazenta|Heavy Slam|p2a: Lunala\n|-damage|p2a: Lunala|51/100 slp\n|\n|-weather|SunnyDay|[upkeep]\n|-heal|p2a: Lunala|57/100 slp|[from] Grassy Terrain\n|-heal|p1a: Smeargle|39/100|[from] Grassy Terrain\n|-ability|p1a: Smeargle|Moody|boost\n|-boost|p1a: Smeargle|spa|2\n|-unboost|p1a: Smeargle|atk|1\n|upkeep\n|turn|5\n|\n|t:|1773484046\n|move|p1b: Zamazenta|Wide Guard|p1b: Zamazenta\n|-singleturn|p1b: Zamazenta|Wide Guard\n|-curestatus|p2a: Lunala|slp|[msg]\n|move|p2a: Lunala|Heat Wave|p1b: Zamazenta|[spread] \n|-activate|p1a: Smeargle|move: Wide Guard\n|-activate|p1b: Zamazenta|move: Wide Guard\n|move|p1a: Smeargle|Spore|p2b: Koraidon\n|-status|p2b: Koraidon|slp|[from] move: Spore\n|cant|p2b: Koraidon|slp\n|\n|-weather|SunnyDay|[upkeep]\n|-heal|p2a: Lunala|63/100|[from] Grassy Terrain\n|-heal|p1a: Smeargle|46/100|[from] Grassy Terrain\n|-fieldend|move: Trick Room\n|-ability|p1a: Smeargle|Moody|boost\n|-boost|p1a: Smeargle|atk|2\n|-unboost|p1a: Smeargle|spe|1\n|upkeep\n|turn|6\n|-message|123456ag forfeited.\n|\n|win|TheManOfSausage\n|raw|TheManOfSausage's rating: 1453 &rarr; <strong>1477</strong><br />(+24 for winning)\n|raw|123456ag's rating: 1521 &rarr; <strong>1497</strong><br />(-24 for losing)\n|l|\u2606123456ag\n|player|p2|\n|l|\u2606TheManOfSausage\n|player|p1|\n","uploadtime":1773484308,"views":18,"formatid":"gen9vgc2026regi","rating":1477,"private":0,"password":null}