{"id":"gen9vgc2026regi-2558012357","format":"[Gen 9] VGC 2026 Reg I","players":["SycrasisEU","crabominable 740"],"log":"|j|\u2606SycrasisEU\n|j|\u2606crabominable 740\n|t:|1773390060\n|gametype|doubles\n|player|p1|SycrasisEU|pryce|1326\n|player|p2|crabominable 740|hiker-gen4|1248\n|gen|9\n|tier|[Gen 9] VGC 2026 Reg I\n|rated|\n|rule|Species Clause: Limit one of each Pok\u00e9mon\n|rule|Item Clause: Limit 1 of each item\n|clearpoke\n|poke|p1|Incineroar, L50, M|\n|poke|p1|Koraidon, L50|\n|poke|p1|Flutter Mane, L50|\n|poke|p1|Calyrex-Shadow, L50|\n|poke|p1|Clefairy, L50, F|\n|poke|p1|Sandy Shocks, L50|\n|poke|p2|Koraidon, L50|\n|poke|p2|Groudon, L50|\n|poke|p2|Chi-Yu, L50|\n|poke|p2|Tornadus, L50, M|\n|poke|p2|Grimmsnarl, L50, M|\n|poke|p2|Raging Bolt, L50|\n|teampreview|4\n|inactive|Battle timer is ON: inactive players will automatically lose when time's up. (requested by SycrasisEU)\n|l|\u2606crabominable 740\n|inactive|crabominable 740 disconnected and has a minute to reconnect!\n|player|p2|\n|inactive|SycrasisEU has 60 seconds left.\n|j|\u2606crabominable 740\n|inactive|crabominable 740 reconnected and has 55 seconds left.\n|player|p2|crabominable 740|hiker-gen4|\n|\n|t:|1773390120\n|teamsize|p1|4\n|teamsize|p2|4\n|start\n|switch|p1a: Koraidon|Koraidon, L50, shiny|100/100\n|switch|p1b: Flutter Mane|Flutter Mane, L50|100/100\n|switch|p2a: \ucf5c\uc544\uc774 \ub3c8|Koraidon, L50|100/100\n|switch|p2b: \ub808\uc774\uc9d5\ubcfc\ud2b8|Raging Bolt, L50|100/100\n|-weather|SunnyDay|[from] ability: Orichalcum Pulse|[of] p1a: Koraidon\n|-activate|p1b: Flutter Mane|ability: Protosynthesis\n|-start|p1b: Flutter Mane|protosynthesisspe\n|-activate|p2b: \ub808\uc774\uc9d5\ubcfc\ud2b8|ability: Protosynthesis\n|-start|p2b: \ub808\uc774\uc9d5\ubcfc\ud2b8|protosynthesisspa\n|-activate|p1a: Koraidon|Orichalcum Pulse|[source]\n|-activate|p2a: \ucf5c\uc544\uc774 \ub3c8|ability: Orichalcum Pulse\n|turn|1\n|\n|t:|1773390142\n|-terastallize|p1b: Flutter Mane|Fairy\n|-terastallize|p2b: \ub808\uc774\uc9d5\ubcfc\ud2b8|Electric\n|move|p2a: \ucf5c\uc544\uc774 \ub3c8|Protect|p2a: \ucf5c\uc544\uc774 \ub3c8\n|-singleturn|p2a: \ucf5c\uc544\uc774 \ub3c8|Protect\n|move|p1b: Flutter Mane|Dazzling Gleam|p2a: \ucf5c\uc544\uc774 \ub3c8|[spread] p2b\n|-activate|p2a: \ucf5c\uc544\uc774 \ub3c8|move: Protect\n|-damage|p2b: \ub808\uc774\uc9d5\ubcfc\ud2b8|45/100\n|move|p1a: Koraidon|Collision Course|p2a: \ucf5c\uc544\uc774 \ub3c8\n|-activate|p2a: \ucf5c\uc544\uc774 \ub3c8|move: Protect\n|move|p2b: \ub808\uc774\uc9d5\ubcfc\ud2b8|Dragon Pulse|p1a: Koraidon\n|-supereffective|p1a: Koraidon\n|-damage|p1a: Koraidon|0 fnt\n|faint|p1a: Koraidon\n|\n|-weather|SunnyDay|[upkeep]\n|upkeep\n|\n|t:|1773390159\n|switch|p1a: Sandy Shocks|Sandy Shocks, L50|100/100\n|-activate|p1a: Sandy Shocks|ability: Protosynthesis\n|-start|p1a: Sandy Shocks|protosynthesisspe\n|turn|2\n|inactive|crabominable 740 has 30 seconds left.\n|inactive|crabominable 740 has 20 seconds left.\n|inactive|crabominable 740 has 15 seconds left.\n|\n|t:|1773390203\n|-end|p1b: Flutter Mane|Protosynthesis|[silent]\n|switch|p1b: Calyrex|Calyrex-Shadow, L50|100/100\n|-ability|p1b: Calyrex|As One\n|-ability|p1b: Calyrex|Unnerve\n|switch|p2a: \uce58\uc720\ud30c\ub3d9|Chi-Yu, L50|100/100\n|-ability|p2a: \uce58\uc720\ud30c\ub3d9|Beads of Ruin\n|move|p2b: \ub808\uc774\uc9d5\ubcfc\ud2b8|Thunderclap||[still]\n|-fail|p2b: \ub808\uc774\uc9d5\ubcfc\ud2b8\n|move|p1a: Sandy Shocks|Earth Power|p2b: \ub808\uc774\uc9d5\ubcfc\ud2b8\n|-supereffective|p2b: \ub808\uc774\uc9d5\ubcfc\ud2b8\n|-damage|p2b: \ub808\uc774\uc9d5\ubcfc\ud2b8|0 fnt\n|faint|p2b: \ub808\uc774\uc9d5\ubcfc\ud2b8\n|-end|p2b: \ub808\uc774\uc9d5\ubcfc\ud2b8|Protosynthesis|[silent]\n|-damage|p1a: Sandy Shocks|91/100|[from] item: Life Orb\n|\n|-weather|SunnyDay|[upkeep]\n|upkeep\n|\n|t:|1773390209\n|switch|p2b: \ucf5c\uc544\uc774 \ub3c8|Koraidon, L50|100/100\n|-activate|p2b: \ucf5c\uc544\uc774 \ub3c8|ability: Orichalcum Pulse\n|turn|3\n|inactive|SycrasisEU has 30 seconds left.\n|inactive|SycrasisEU has 20 seconds left.\n|inactive|SycrasisEU has 15 seconds left.\n|\n|t:|1773390250\n|move|p1a: Sandy Shocks|Earth Power|p2a: \uce58\uc720\ud30c\ub3d9\n|-supereffective|p2a: \uce58\uc720\ud30c\ub3d9\n|-damage|p2a: \uce58\uc720\ud30c\ub3d9|0 fnt\n|faint|p2a: \uce58\uc720\ud30c\ub3d9\n|-damage|p1a: Sandy Shocks|81/100|[from] item: Life Orb\n|move|p1b: Calyrex|Astral Barrage|p2b: \ucf5c\uc544\uc774 \ub3c8\n|-damage|p2b: \ucf5c\uc544\uc774 \ub3c8|31/100\n|move|p2b: \ucf5c\uc544\uc774 \ub3c8|Flare Blitz|p1a: Sandy Shocks\n|-damage|p1a: Sandy Shocks|0 fnt\n|faint|p1a: Sandy Shocks\n|-end|p1a: Sandy Shocks|Protosynthesis|[silent]\n|-damage|p2b: \ucf5c\uc544\uc774 \ub3c8|6/100|[from] Recoil\n|\n|-weather|SunnyDay|[upkeep]\n|upkeep\n|\n|t:|1773390255\n|switch|p1a: Flutter Mane|Flutter Mane, L50, tera:Fairy|100/100\n|switch|p2a: \uad6c\ub77c\ub3c8|Groudon, L50|100/100\n|-activate|p1a: Flutter Mane|ability: Protosynthesis\n|-start|p1a: Flutter Mane|protosynthesisspe\n|turn|4\n|\n|t:|1773390262\n|move|p2b: \ucf5c\uc544\uc774 \ub3c8|Protect|p2b: \ucf5c\uc544\uc774 \ub3c8\n|-singleturn|p2b: \ucf5c\uc544\uc774 \ub3c8|Protect\n|move|p1a: Flutter Mane|Dazzling Gleam|p2b: \ucf5c\uc544\uc774 \ub3c8|[spread] p2a\n|-activate|p2b: \ucf5c\uc544\uc774 \ub3c8|move: Protect\n|-damage|p2a: \uad6c\ub77c\ub3c8|62/100\n|move|p1b: Calyrex|Astral Barrage|p2b: \ucf5c\uc544\uc774 \ub3c8|[spread] p2a\n|-activate|p2b: \ucf5c\uc544\uc774 \ub3c8|move: Protect\n|-damage|p2a: \uad6c\ub77c\ub3c8|29/100\n|move|p2a: \uad6c\ub77c\ub3c8|Heat Crash|p1b: Calyrex\n|-damage|p1b: Calyrex|4/100\n|\n|-weather|SunnyDay|[upkeep]\n|upkeep\n|turn|5\n|-message|crabominable 740 forfeited.\n|\n|win|SycrasisEU\n|raw|SycrasisEU's rating: 1326 &rarr; <strong>1343</strong><br />(+17 for winning)\n|raw|crabominable 740's rating: 1273 &rarr; <strong>1252</strong><br />(-21 for losing)\n|l|\u2606crabominable 740\n|player|p2|\n|l|\u2606SycrasisEU\n|player|p1|\n","uploadtime":1773390465,"views":16,"formatid":"gen9vgc2026regi","rating":1252,"private":0,"password":null}