{"id":"gen9vgc2026regi-2565714689","format":"[Gen 9] VGC 2026 Reg I","players":["lozraff","Bman311"],"log":"|j|\u2606lozraff\n|j|\u2606Bman311\n|t:|1774297729\n|gametype|doubles\n|player|p1|lozraff|101|1392\n|player|p2|Bman311|cynthia-gen7|1430\n|gen|9\n|tier|[Gen 9] VGC 2026 Reg I\n|rated|\n|rule|Species Clause: Limit one of each Pok\u00e9mon\n|rule|Item Clause: Limit 1 of each item\n|clearpoke\n|poke|p1|Eternatus, L50|\n|poke|p1|Urshifu-*, L50, F|\n|poke|p1|Dragonite, L50, F|\n|poke|p1|Incineroar, L50, F|\n|poke|p1|Grimmsnarl, L50, M|\n|poke|p1|Groudon, L50|\n|poke|p2|Miraidon, L50|\n|poke|p2|Lunala, L50|\n|poke|p2|Whimsicott, L50, M|\n|poke|p2|Urshifu-*, L50, F|\n|poke|p2|Incineroar, L50, M|\n|poke|p2|Ursaluna, L50, F|\n|teampreview|4\n|inactive|Battle timer is ON: inactive players will automatically lose when time's up. (requested by Bman311)\n|inactive|lozraff also wants the timer to be on.\n|\n|t:|1774297757\n|teamsize|p1|4\n|teamsize|p2|4\n|start\n|switch|p1a: Grimmsnarl|Grimmsnarl, L50, M|100/100\n|switch|p1b: Eternatus|Eternatus, L50|100/100\n|switch|p2a: Miraidon|Miraidon, L50|100/100\n|switch|p2b: Incineroar|Incineroar, L50, M|100/100\n|-fieldstart|move: Electric Terrain|[from] ability: Hadron Engine|[of] p2a: Miraidon\n|-ability|p1b: Eternatus|Pressure\n|-ability|p2b: Incineroar|Intimidate|boost\n|-unboost|p1a: Grimmsnarl|atk|1\n|-unboost|p1b: Eternatus|atk|1\n|turn|1\n|l|\u2606Bman311\n|inactive|Bman311 disconnected and has a minute to reconnect!\n|player|p2|\n|\n|t:|1774297775\n|-terastallize|p2a: Miraidon|Electric\n|move|p2b: Incineroar|Fake Out|p1a: Grimmsnarl\n|-damage|p1a: Grimmsnarl|91/100\n|cant|p1a: Grimmsnarl|flinch\n|move|p2a: Miraidon|Electro Drift|p1a: Grimmsnarl\n|-damage|p1a: Grimmsnarl|0 fnt\n|faint|p1a: Grimmsnarl\n|-damage|p2a: Miraidon|91/100|[from] item: Life Orb\n|move|p1b: Eternatus|Cosmic Power|p1b: Eternatus\n|-boost|p1b: Eternatus|def|1\n|-boost|p1b: Eternatus|spd|1\n|\n|upkeep\n|j|\u2606Bman311\n|inactive|Bman311 reconnected.\n|player|p2|Bman311|cynthia-gen7|\n|\n|t:|1774297791\n|switch|p1a: Incineroar|Incineroar, L50, F|100/100\n|-ability|p1a: Incineroar|Intimidate|boost\n|-unboost|p2a: Miraidon|atk|1\n|-unboost|p2b: Incineroar|atk|1\n|turn|2\n|\n|t:|1774297797\n|switch|p2b: Whimsicott|Whimsicott, L50, M|100/100\n|move|p2a: Miraidon|Protect|p2a: Miraidon\n|-singleturn|p2a: Miraidon|Protect\n|move|p1a: Incineroar|Fake Out|p2a: Miraidon\n|-activate|p2a: Miraidon|move: Protect\n|move|p1b: Eternatus|Cosmic Power|p1b: Eternatus\n|-boost|p1b: Eternatus|def|1\n|-boost|p1b: Eternatus|spd|1\n|\n|upkeep\n|turn|3\n|\n|t:|1774297812\n|switch|p1a: Groudon|Groudon, L50|100/100\n|-weather|SunnyDay|[from] ability: Drought|[of] p1a: Groudon\n|move|p2b: Whimsicott|Encore|p1b: Eternatus\n|-start|p1b: Eternatus|Encore\n|move|p2a: Miraidon|Electro Drift|p1a: Groudon\n|-immune|p1a: Groudon\n|move|p1b: Eternatus|Cosmic Power|p1b: Eternatus\n|-boost|p1b: Eternatus|def|1\n|-boost|p1b: Eternatus|spd|1\n|\n|-weather|SunnyDay|[upkeep]\n|upkeep\n|turn|4\n|\n|t:|1774297830\n|move|p2a: Miraidon|Draco Meteor|p1b: Eternatus\n|-supereffective|p1b: Eternatus\n|-damage|p1b: Eternatus|34/100\n|-unboost|p2a: Miraidon|spa|2\n|-damage|p2a: Miraidon|82/100|[from] item: Life Orb\n|move|p1b: Eternatus|Cosmic Power|p1b: Eternatus\n|-boost|p1b: Eternatus|def|1\n|-boost|p1b: Eternatus|spd|1\n|move|p2b: Whimsicott|Moonblast|p1b: Eternatus\n|-damage|p1b: Eternatus|27/100\n|move|p1a: Groudon|Precipice Blades|p2b: Whimsicott|[spread] p2a,p2b\n|-supereffective|p2a: Miraidon\n|-crit|p2a: Miraidon\n|-resisted|p2b: Whimsicott\n|-damage|p2a: Miraidon|0 fnt\n|-damage|p2b: Whimsicott|67/100\n|faint|p2a: Miraidon\n|\n|-weather|SunnyDay|[upkeep]\n|-heal|p1b: Eternatus|33/100|[from] item: Leftovers\n|upkeep\n|\n|t:|1774297836\n|switch|p2a: Lunala|Lunala, L50|100/100\n|-enditem|p2a: Lunala|Electric Seed\n|-boost|p2a: Lunala|def|1|[from] item: Electric Seed\n|turn|5\n|\n|t:|1774297858\n|switch|p1a: Incineroar|Incineroar, L50, F|100/100\n|-ability|p1a: Incineroar|Intimidate|boost\n|-unboost|p2a: Lunala|atk|1\n|-unboost|p2b: Whimsicott|atk|1\n|move|p2b: Whimsicott|Encore|p1a: Incineroar\n|-hint|Since gen 7, Dark is immune to Prankster moves.\n|-immune|p1a: Incineroar\n|move|p1b: Eternatus|Cosmic Power|p1b: Eternatus\n|-boost|p1b: Eternatus|def|1\n|-boost|p1b: Eternatus|spd|1\n|move|p2a: Lunala|Moongeist Beam|p1b: Eternatus\n|-damage|p1b: Eternatus|22/100\n|\n|-weather|SunnyDay|[upkeep]\n|-heal|p1b: Eternatus|28/100|[from] item: Leftovers\n|-end|p1b: Eternatus|Encore\n|-fieldend|move: Electric Terrain\n|upkeep\n|turn|6\n|inactive|lozraff has 30 seconds left.\n|\n|t:|1774297888\n|move|p1a: Incineroar|Fake Out|p2b: Whimsicott\n|-damage|p2b: Whimsicott|53/100\n|move|p2b: Whimsicott|Encore|p1b: Eternatus\n|-start|p1b: Eternatus|Encore\n|move|p1b: Eternatus|Cosmic Power|p1b: Eternatus\n|-boost|p1b: Eternatus|def|1\n|-boost|p1b: Eternatus|spd|1\n|move|p2a: Lunala|Moongeist Beam|p1b: Eternatus\n|-damage|p1b: Eternatus|18/100\n|\n|-weather|SunnyDay|[upkeep]\n|-heal|p1b: Eternatus|24/100|[from] item: Leftovers\n|upkeep\n|turn|7\n|\n|t:|1774297905\n|move|p1b: Eternatus|Cosmic Power|p1b: Eternatus\n|-boost|p1b: Eternatus|def|0\n|-boost|p1b: Eternatus|spd|0\n|move|p2b: Whimsicott|Moonblast|p1b: Eternatus\n|-damage|p1b: Eternatus|18/100\n|move|p2a: Lunala|Moongeist Beam|p1b: Eternatus\n|-damage|p1b: Eternatus|7/100\n|move|p1a: Incineroar|Knock Off|p2b: Whimsicott\n|-resisted|p2b: Whimsicott\n|-damage|p2b: Whimsicott|30/100\n|-enditem|p2b: Whimsicott|Covert Cloak|[from] move: Knock Off|[of] p1a: Incineroar\n|\n|-weather|none\n|-heal|p1b: Eternatus|13/100|[from] item: Leftovers\n|upkeep\n|turn|8\n|\n|t:|1774297928\n|move|p1b: Eternatus|Cosmic Power|p1b: Eternatus\n|-boost|p1b: Eternatus|def|0\n|-boost|p1b: Eternatus|spd|0\n|move|p2b: Whimsicott|Moonblast|p1b: Eternatus\n|-damage|p1b: Eternatus|9/100\n|move|p2a: Lunala|Moongeist Beam|p1b: Eternatus\n|-damage|p1b: Eternatus|0 fnt\n|faint|p1b: Eternatus\n|move|p1a: Incineroar|Knock Off|p2a: Lunala\n|-supereffective|p2a: Lunala\n|-damage|p2a: Lunala|72/100\n|\n|upkeep\n|\n|t:|1774297940\n|switch|p1b: Groudon|Groudon, L50|100/100\n|-weather|SunnyDay|[from] ability: Drought|[of] p1b: Groudon\n|turn|9\n|\n|t:|1774297954\n|switch|p2b: Incineroar|Incineroar, L50, M|100/100\n|-ability|p2b: Incineroar|Intimidate|boost\n|-unboost|p1a: Incineroar|atk|1\n|-fail|p1b: Groudon|unboost|[from] item: Clear Amulet|[of] p1b: Groudon\n|move|p2a: Lunala|Moonblast|p1b: Groudon\n|-damage|p1b: Groudon|63/100\n|move|p1b: Groudon|Precipice Blades|p2a: Lunala|[spread] \n|-miss|p1b: Groudon|p2a: Lunala\n|-miss|p1b: Groudon|p2b: Incineroar\n|move|p1a: Incineroar|Knock Off|p2a: Lunala\n|-supereffective|p2a: Lunala\n|-damage|p2a: Lunala|30/100\n|\n|-weather|SunnyDay|[upkeep]\n|upkeep\n|turn|10\n|\n|t:|1774297972\n|switch|p2a: Whimsicott|Whimsicott, L50, M|30/100\n|move|p1b: Groudon|Protect|p1b: Groudon\n|-singleturn|p1b: Groudon|Protect\n|move|p2b: Incineroar|Fake Out|p1b: Groudon\n|-activate|p1b: Groudon|move: Protect\n|move|p1a: Incineroar|Knock Off|p2b: Incineroar\n|-resisted|p2b: Incineroar\n|-damage|p2b: Incineroar|90/100\n|-enditem|p2b: Incineroar|Assault Vest|[from] move: Knock Off|[of] p1a: Incineroar\n|\n|-weather|SunnyDay|[upkeep]\n|upkeep\n|turn|11\n|\n|t:|1774297994\n|move|p2a: Whimsicott|Encore|p1b: Groudon\n|-start|p1b: Groudon|Encore\n|move|p1b: Groudon|Protect||[still]\n|-fail|p1b: Groudon\n|move|p2b: Incineroar|Knock Off|p1b: Groudon\n|-damage|p1b: Groudon|36/100\n|-enditem|p1b: Groudon|Clear Amulet|[from] move: Knock Off|[of] p2b: Incineroar\n|move|p1a: Incineroar|Knock Off|p2a: Whimsicott\n|-resisted|p2a: Whimsicott\n|-damage|p2a: Whimsicott|19/100\n|\n|-weather|SunnyDay|[upkeep]\n|upkeep\n|turn|12\n|\n|t:|1774298008\n|move|p1b: Groudon|Protect|p1b: Groudon\n|-singleturn|p1b: Groudon|Protect\n|move|p2a: Whimsicott|Moonblast|p1a: Incineroar\n|-damage|p1a: Incineroar|78/100\n|move|p2b: Incineroar|Knock Off|p1a: Incineroar\n|-resisted|p1a: Incineroar\n|-damage|p1a: Incineroar|61/100\n|-enditem|p1a: Incineroar|Room Service|[from] move: Knock Off|[of] p2b: Incineroar\n|move|p1a: Incineroar|Knock Off|p2a: Whimsicott\n|-resisted|p2a: Whimsicott\n|-damage|p2a: Whimsicott|9/100\n|\n|-weather|SunnyDay|[upkeep]\n|upkeep\n|turn|13\n|\n|t:|1774298023\n|move|p1b: Groudon|Protect||[still]\n|-fail|p1b: Groudon\n|move|p2a: Whimsicott|Moonblast|p1a: Incineroar\n|-damage|p1a: Incineroar|40/100\n|-unboost|p1a: Incineroar|spa|1\n|move|p2b: Incineroar|Flare Blitz|p1b: Groudon\n|-damage|p1b: Groudon|0 fnt\n|faint|p1b: Groudon\n|-damage|p2b: Incineroar|78/100|[from] Recoil\n|move|p1a: Incineroar|Knock Off|p2a: Whimsicott\n|-resisted|p2a: Whimsicott\n|-damage|p2a: Whimsicott|0 fnt\n|faint|p2a: Whimsicott\n|\n|-weather|none\n|upkeep\n|\n|t:|1774298032\n|switch|p2a: Lunala|Lunala, L50|30/100\n|turn|14\n|\n|t:|1774298047\n|-terastallize|p1a: Incineroar|Fire\n|move|p2a: Lunala|Moonblast|p1a: Incineroar\n|-resisted|p1a: Incineroar\n|-damage|p1a: Incineroar|26/100\n|move|p2b: Incineroar|Flare Blitz|p1a: Incineroar\n|-resisted|p1a: Incineroar\n|-damage|p1a: Incineroar|5/100\n|-damage|p2b: Incineroar|71/100|[from] Recoil\n|move|p1a: Incineroar|Knock Off|p2a: Lunala\n|-supereffective|p2a: Lunala\n|-damage|p2a: Lunala|0 fnt\n|faint|p2a: Lunala\n|\n|upkeep\n|turn|15\n|\n|t:|1774298060\n|move|p2b: Incineroar|Knock Off|p1a: Incineroar\n|-crit|p1a: Incineroar\n|-damage|p1a: Incineroar|0 fnt\n|faint|p1a: Incineroar\n|\n|win|Bman311\n|raw|lozraff's rating: 1392 &rarr; <strong>1374</strong><br />(-18 for losing)\n|raw|Bman311's rating: 1430 &rarr; <strong>1448</strong><br />(+18 for winning)\n|c|\u2606lozraff|gg\n|l|\u2606lozraff\n|player|p1|\n","uploadtime":1774298069,"views":14,"formatid":"gen9vgc2026regi","rating":1374,"private":0,"password":null}