{"id":"gen9vgc2026regi-2540245932","format":"[Gen 9] VGC 2026 Reg I","players":["funforall","SEITA"],"log":"|j|\u2606funforall\n|j|\u2606SEITA\n|t:|1771180210\n|gametype|doubles\n|player|p1|funforall|1|1449\n|player|p2|SEITA|lucas-gen4pt|1522\n|gen|9\n|tier|[Gen 9] VGC 2026 Reg I\n|rated|\n|rule|Species Clause: Limit one of each Pok\u00e9mon\n|rule|Item Clause: Limit 1 of each item\n|clearpoke\n|poke|p1|Calyrex-Ice, L50|\n|poke|p1|Incineroar, L50, M|\n|poke|p1|Kyogre, L50|\n|poke|p1|Urshifu-*, L50, F|\n|poke|p1|Tornadus, L50, M|\n|poke|p1|Rillaboom, L50, M|\n|poke|p2|Zamazenta-*, L50|\n|poke|p2|Kyogre, L50|\n|poke|p2|Wo-Chien, L50|\n|poke|p2|Grimmsnarl, L50, M|\n|poke|p2|Rhyperior, L50, F|\n|poke|p2|Ditto, L50|\n|teampreview|4\n|\n|t:|1771180239\n|teamsize|p1|4\n|teamsize|p2|4\n|start\n|switch|p1a: Tornadus|Tornadus, L50, M|100/100\n|switch|p1b: Kyogre|Kyogre, L50|100/100\n|switch|p2a: Grimmsnarl|Grimmsnarl, L50, M|100/100\n|switch|p2b: Zamazenta|Zamazenta-Crowned, L50|100/100\n|-ability|p2b: Zamazenta|Dauntless Shield|boost\n|-boost|p2b: Zamazenta|def|1\n|-weather|RainDance|[from] ability: Drizzle|[of] p1b: Kyogre\n|turn|1\n|inactive|Battle timer is ON: inactive players will automatically lose when time's up. (requested by funforall)\n|\n|t:|1771180269\n|move|p1a: Tornadus|Tailwind|p1a: Tornadus\n|-sidestart|p1: funforall|move: Tailwind\n|move|p2a: Grimmsnarl|Light Screen|p2a: Grimmsnarl\n|-sidestart|p2: SEITA|move: Light Screen\n|move|p1b: Kyogre|Water Spout|p2a: Grimmsnarl|[spread] p2a,p2b\n|-damage|p2a: Grimmsnarl|4/100\n|-damage|p2b: Zamazenta|44/100\n|move|p2b: Zamazenta|Body Press|p1b: Kyogre\n|-damage|p1b: Kyogre|44/100\n|\n|-weather|RainDance|[upkeep]\n|upkeep\n|turn|2\n|inactive|SEITA has 30 seconds left.\n|inactive|SEITA has 20 seconds left.\n|inactive|SEITA has 15 seconds left.\n|\n|t:|1771180312\n|move|p2b: Zamazenta|Protect|p2b: Zamazenta\n|-singleturn|p2b: Zamazenta|Protect\n|move|p2a: Grimmsnarl|Parting Shot|p1a: Tornadus\n|-unboost|p1a: Tornadus|atk|1\n|-unboost|p1a: Tornadus|spa|1\n|\n|t:|1771180318\n|switch|p2a: Kyogre|Kyogre, L50|100/100|[from] Parting Shot\n|move|p1a: Tornadus|Bleakwind Storm|p2b: Zamazenta|[spread] p2a\n|-activate|p2b: Zamazenta|move: Protect\n|-damage|p2a: Kyogre|87/100\n|-unboost|p2a: Kyogre|spe|1\n|move|p1b: Kyogre|Origin Pulse|p2a: Kyogre|[spread] p2a\n|-activate|p2b: Zamazenta|move: Protect\n|-resisted|p2a: Kyogre\n|-damage|p2a: Kyogre|70/100\n|\n|-weather|RainDance|[upkeep]\n|-heal|p2a: Kyogre|76/100|[from] item: Leftovers\n|upkeep\n|turn|3\n|\n|t:|1771180339\n|switch|p1a: Rillaboom|Rillaboom, L50, M|100/100\n|-fieldstart|move: Grassy Terrain|[from] ability: Grassy Surge|[of] p1a: Rillaboom\n|move|p1b: Kyogre|Origin Pulse|p2a: Kyogre|[spread] p2a,p2b\n|-resisted|p2a: Kyogre\n|-damage|p2a: Kyogre|58/100\n|-damage|p2b: Zamazenta|7/100\n|move|p2b: Zamazenta|Body Press|p1b: Kyogre\n|-damage|p1b: Kyogre|0 fnt\n|faint|p1b: Kyogre\n|move|p2a: Kyogre|Thunder|p1a: Rillaboom\n|-resisted|p1a: Rillaboom\n|-damage|p1a: Rillaboom|84/100\n|\n|-weather|RainDance|[upkeep]\n|-heal|p1a: Rillaboom|91/100|[from] Grassy Terrain\n|-heal|p2b: Zamazenta|13/100|[from] Grassy Terrain\n|-heal|p2a: Kyogre|64/100|[from] Grassy Terrain\n|-heal|p2a: Kyogre|70/100|[from] item: Leftovers\n|upkeep\n|\n|t:|1771180356\n|switch|p1b: Tornadus|Tornadus, L50, M|100/100\n|turn|4\n|\n|t:|1771180365\n|move|p2b: Zamazenta|Protect|p2b: Zamazenta\n|-singleturn|p2b: Zamazenta|Protect\n|move|p2a: Kyogre|Protect|p2a: Kyogre\n|-singleturn|p2a: Kyogre|Protect\n|move|p1b: Tornadus|Bleakwind Storm|p2b: Zamazenta|[spread] \n|-activate|p2a: Kyogre|move: Protect\n|-activate|p2b: Zamazenta|move: Protect\n|move|p1a: Rillaboom|Wood Hammer|p2a: Kyogre\n|-activate|p2a: Kyogre|move: Protect\n|\n|-weather|RainDance|[upkeep]\n|-heal|p1a: Rillaboom|97/100|[from] Grassy Terrain\n|-heal|p2b: Zamazenta|19/100|[from] Grassy Terrain\n|-heal|p2a: Kyogre|75/100|[from] Grassy Terrain\n|-heal|p2a: Kyogre|81/100|[from] item: Leftovers\n|-sideend|p1: funforall|move: Tailwind\n|upkeep\n|turn|5\n|inactive|SEITA has 30 seconds left.\n|j| riyuezi\n|inactive|SEITA has 20 seconds left.\n|\n|t:|1771180402\n|move|p2b: Zamazenta|Body Press|p1a: Rillaboom\n|-damage|p1a: Rillaboom|35/100\n|move|p1b: Tornadus|Bleakwind Storm|p2a: Kyogre|[spread] p2a,p2b\n|-damage|p2a: Kyogre|61/100\n|-damage|p2b: Zamazenta|0 fnt\n|faint|p2b: Zamazenta\n|move|p1a: Rillaboom|Wood Hammer|p2a: Kyogre\n|-supereffective|p2a: Kyogre\n|-damage|p2a: Kyogre|0 fnt\n|faint|p2a: Kyogre\n|-damage|p1a: Rillaboom|13/100|[from] Recoil\n|\n|-weather|none\n|-heal|p1a: Rillaboom|20/100|[from] Grassy Terrain\n|upkeep\n|\n|t:|1771180417\n|switch|p2b: Grimmsnarl|Grimmsnarl, L50, M|4/100\n|switch|p2a: Wo-Chien|Wo-Chien, L50|100/100\n|-ability|p2a: Wo-Chien|Tablets of Ruin\n|turn|6\n|j| KittyPON2\n|\n|t:|1771180436\n|-terastallize|p2a: Wo-Chien|Poison\n|move|p2b: Grimmsnarl|Reflect|p2b: Grimmsnarl\n|-sidestart|p2: SEITA|Reflect\n|move|p1b: Tornadus|Bleakwind Storm|p2a: Wo-Chien|[spread] p2b\n|-miss|p1b: Tornadus|p2a: Wo-Chien\n|-damage|p2b: Grimmsnarl|0 fnt\n|faint|p2b: Grimmsnarl\n|move|p1a: Rillaboom|U-turn|p2a: Wo-Chien\n|-resisted|p2a: Wo-Chien\n|-damage|p2a: Wo-Chien|97/100\n|\n|t:|1771180441\n|switch|p1a: Calyrex|Calyrex-Ice, L50|100/100|[from] U-turn\n|-ability|p1a: Calyrex|As One\n|-ability|p1a: Calyrex|Unnerve\n|move|p2a: Wo-Chien|Leech Seed|p1b: Tornadus\n|-start|p1b: Tornadus|move: Leech Seed\n|\n|-heal|p2a: Wo-Chien|100/100|[from] Grassy Terrain\n|-damage|p1b: Tornadus|88/100|[from] Leech Seed|[of] p2a: Wo-Chien\n|upkeep\n|turn|7\n|l| riyuezi\n|\n|t:|1771180461\n|-terastallize|p1a: Calyrex|Grass\n|move|p1b: Tornadus|Taunt|p2a: Wo-Chien\n|-start|p2a: Wo-Chien|move: Taunt\n|cant|p2a: Wo-Chien|move: Taunt|Leech Seed\n|move|p1a: Calyrex|Leech Seed|p2a: Wo-Chien\n|-start|p2a: Wo-Chien|move: Leech Seed\n|\n|-damage|p1b: Tornadus|76/100|[from] Leech Seed|[of] p2a: Wo-Chien\n|-damage|p2a: Wo-Chien|88/100|[from] Leech Seed|[of] p1a: Calyrex\n|-fieldend|move: Grassy Terrain\n|upkeep\n|turn|8\n|\n|t:|1771180477\n|switch|p1b: Rillaboom|Rillaboom, L50, M|20/100\n|-fieldstart|move: Grassy Terrain|[from] ability: Grassy Surge|[of] p1b: Rillaboom\n|move|p2a: Wo-Chien|Pollen Puff|p1a: Calyrex\n|-supereffective|p1a: Calyrex\n|-damage|p1a: Calyrex|74/100\n|move|p1a: Calyrex|Glacial Lance|p2a: Wo-Chien\n|-damage|p2a: Wo-Chien|62/100\n|\n|-heal|p1b: Rillaboom|26/100|[from] Grassy Terrain\n|-heal|p2a: Wo-Chien|69/100|[from] Grassy Terrain\n|-heal|p1a: Calyrex|80/100|[from] Grassy Terrain\n|-heal|p1a: Calyrex|86/100|[from] item: Leftovers\n|-damage|p2a: Wo-Chien|56/100|[from] Leech Seed|[of] p1a: Calyrex\n|-heal|p1a: Calyrex|98/100|[silent]\n|-sideend|p2: SEITA|move: Light Screen\n|upkeep\n|turn|9\n|-message|SEITA forfeited.\n|\n|win|funforall\n|raw|funforall's rating: 1449 &rarr; <strong>1473</strong><br />(+24 for winning)\n|raw|SEITA's rating: 1522 &rarr; <strong>1498</strong><br />(-24 for losing)\n|l|\u2606SEITA\n|player|p2|\n|l|\u2606funforall\n|player|p1|\n|l| KittyPON2\n","uploadtime":1771180678,"views":34,"formatid":"gen9vgc2026regi","rating":1473,"private":0,"password":null}