{"id":"gen9vgc2026regi-2532796400","format":"[Gen 9] VGC 2026 Reg I","players":["ramesay","SnarkyShane"],"log":"|j|\u2606ramesay\n|j|\u2606SnarkyShane\n|t:|1770225340\n|gametype|doubles\n|player|p1|ramesay|ingo|1198\n|player|p2|SnarkyShane|gambler|1246\n|gen|9\n|tier|[Gen 9] VGC 2026 Reg I\n|rated|\n|rule|Species Clause: Limit one of each Pok\u00e9mon\n|rule|Item Clause: Limit 1 of each item\n|clearpoke\n|poke|p1|Zamazenta-*, L50|\n|poke|p1|Kyogre, L50|\n|poke|p1|Amoonguss, L50, M|\n|poke|p1|Grimmsnarl, L50, M|\n|poke|p1|Excadrill, L50, M|\n|poke|p1|Rillaboom, L50, F|\n|poke|p2|Rayquaza, L50|\n|poke|p2|Calyrex-Shadow, L50|\n|poke|p2|Ting-Lu, L50|\n|poke|p2|Chien-Pao, L50|\n|poke|p2|Amoonguss, L50, F|\n|poke|p2|Avalugg-Hisui, L50, M|\n|teampreview|4\n|inactive|Battle timer is ON: inactive players will automatically lose when time's up. (requested by SnarkyShane)\n|inactive|SnarkyShane has 60 seconds left.\n|\n|t:|1770225374\n|teamsize|p1|4\n|teamsize|p2|4\n|start\n|switch|p1a: Rillaboom|Rillaboom, L50, F|100/100\n|switch|p1b: Zamazenta|Zamazenta-Crowned, L50|100/100\n|switch|p2a: Ting-Lu|Ting-Lu, L50|100/100\n|switch|p2b: Amoonguss|Amoonguss, L50, F|100/100\n|-ability|p1b: Zamazenta|Dauntless Shield|boost\n|-boost|p1b: Zamazenta|def|1\n|-fieldstart|move: Grassy Terrain|[from] ability: Grassy Surge|[of] p1a: Rillaboom\n|-ability|p2a: Ting-Lu|Vessel of Ruin\n|turn|1\n|l|\u2606SnarkyShane\n|inactive|SnarkyShane disconnected and has a minute to reconnect!\n|player|p2|\n|j|\u2606SnarkyShane\n|inactive|SnarkyShane reconnected and has 40 seconds left.\n|player|p2|SnarkyShane|gambler|\n|inactive|ramesay has 30 seconds left.\n|inactive|SnarkyShane has 30 seconds left.\n|\n|t:|1770225405\n|switch|p2a: Rayquaza|Rayquaza, L50|100/100\n|-ability|p2a: Rayquaza|Air Lock\n|move|p1b: Zamazenta|Iron Defense|p1b: Zamazenta\n|-boost|p1b: Zamazenta|def|2\n|move|p1a: Rillaboom|U-turn|p2b: Amoonguss\n|-damage|p2b: Amoonguss|81/100\n|\n|t:|1770225416\n|switch|p1a: Kyogre|Kyogre, L50|100/100|[from] U-turn\n|-weather|RainDance|[from] ability: Drizzle|[of] p1a: Kyogre\n|move|p2b: Amoonguss|Pollen Puff|p2a: Rayquaza\n|\n|-weather|RainDance|[upkeep]\n|-heal|p2b: Amoonguss|86/100|[from] Grassy Terrain\n|upkeep\n|turn|2\n|\n|t:|1770225429\n|move|p2a: Rayquaza|Protect|p2a: Rayquaza\n|-singleturn|p2a: Rayquaza|Protect\n|move|p1b: Zamazenta|Iron Defense|p1b: Zamazenta\n|-boost|p1b: Zamazenta|def|2\n|move|p1a: Kyogre|Ice Beam|p2a: Rayquaza\n|-activate|p2a: Rayquaza|move: Protect\n|move|p2b: Amoonguss|Spore|p1a: Kyogre\n|-status|p1a: Kyogre|slp|[from] move: Spore\n|\n|-weather|RainDance|[upkeep]\n|-heal|p2b: Amoonguss|92/100|[from] Grassy Terrain\n|upkeep\n|turn|3\n|inactive|ramesay has 30 seconds left.\n|\n|t:|1770225455\n|move|p1b: Zamazenta|Body Press|p2b: Amoonguss\n|-resisted|p2b: Amoonguss\n|-damage|p2b: Amoonguss|40/100\n|-enditem|p2b: Amoonguss|Sitrus Berry|[eat]\n|-heal|p2b: Amoonguss|65/100|[from] item: Sitrus Berry\n|move|p2a: Rayquaza|Swords Dance|p2a: Rayquaza\n|-boost|p2a: Rayquaza|atk|2\n|cant|p1a: Kyogre|slp\n|move|p2b: Amoonguss|Spore|p1b: Zamazenta\n|-status|p1b: Zamazenta|slp|[from] move: Spore\n|\n|-weather|RainDance|[upkeep]\n|-heal|p2b: Amoonguss|71/100|[from] Grassy Terrain\n|upkeep\n|turn|4\n|\n|t:|1770225474\n|switch|p2b: Calyrex|Calyrex-Shadow, L50|100/100\n|-ability|p2b: Calyrex|As One\n|-ability|p2b: Calyrex|Unnerve\n|cant|p1b: Zamazenta|slp\n|move|p2a: Rayquaza|Dragon Ascent|p1a: Kyogre\n|-damage|p1a: Kyogre|0 fnt\n|-unboost|p2a: Rayquaza|def|1\n|-unboost|p2a: Rayquaza|spd|1\n|faint|p1a: Kyogre\n|\n|-weather|RainDance|[upkeep]\n|upkeep\n|\n|t:|1770225486\n|switch|p1a: Rillaboom|Rillaboom, L50, F|100/100\n|turn|5\n|\n|t:|1770225506\n|move|p2b: Calyrex|Protect|p2b: Calyrex\n|-singleturn|p2b: Calyrex|Protect\n|move|p2a: Rayquaza|Protect|p2a: Rayquaza\n|-singleturn|p2a: Rayquaza|Protect\n|cant|p1b: Zamazenta|slp\n|move|p1a: Rillaboom|Fake Out|p2a: Rayquaza\n|-activate|p2a: Rayquaza|move: Protect\n|\n|-weather|none\n|-fieldend|move: Grassy Terrain\n|upkeep\n|turn|6\n|\n|t:|1770225528\n|switch|p1a: Excadrill|Excadrill, L50, M|100/100\n|-ability|p1a: Excadrill|Mold Breaker\n|-terastallize|p2b: Calyrex|Ghost\n|move|p2a: Rayquaza|Extreme Speed|p1a: Excadrill\n|-resisted|p1a: Excadrill\n|-damage|p1a: Excadrill|54/100\n|move|p2b: Calyrex|Astral Barrage|p1b: Zamazenta|[spread] p1a,p1b\n|-damage|p1a: Excadrill|0 fnt\n|-damage|p1b: Zamazenta|51/100 slp\n|faint|p1a: Excadrill\n|-ability|p2b: Calyrex|Grim Neigh|boost\n|-boost|p2b: Calyrex|spa|1\n|-curestatus|p1b: Zamazenta|slp|[msg]\n|move|p1b: Zamazenta|Body Press|p2a: Rayquaza\n|-resisted|p2a: Rayquaza\n|-damage|p2a: Rayquaza|12/100\n|\n|upkeep\n|\n|t:|1770225546\n|switch|p1a: Rillaboom|Rillaboom, L50, F|100/100\n|-fieldstart|move: Grassy Terrain|[from] ability: Grassy Surge|[of] p1a: Rillaboom\n|turn|7\n|\n|t:|1770225554\n|move|p2b: Calyrex|Protect|p2b: Calyrex\n|-singleturn|p2b: Calyrex|Protect\n|move|p2a: Rayquaza|Protect|p2a: Rayquaza\n|-singleturn|p2a: Rayquaza|Protect\n|move|p1b: Zamazenta|Wide Guard|p1b: Zamazenta\n|-singleturn|p1b: Zamazenta|Wide Guard\n|move|p1a: Rillaboom|Grassy Glide|p2a: Rayquaza\n|-activate|p2a: Rayquaza|move: Protect\n|\n|-heal|p1b: Zamazenta|57/100|[from] Grassy Terrain\n|upkeep\n|turn|8\n|\n|t:|1770225566\n|move|p1b: Zamazenta|Wide Guard|p1b: Zamazenta\n|-singleturn|p1b: Zamazenta|Wide Guard\n|move|p2a: Rayquaza|Extreme Speed|p1a: Rillaboom\n|-damage|p1a: Rillaboom|40/100\n|move|p1a: Rillaboom|Grassy Glide|p2a: Rayquaza\n|-resisted|p2a: Rayquaza\n|-damage|p2a: Rayquaza|0 fnt\n|faint|p2a: Rayquaza\n|move|p2b: Calyrex|Astral Barrage|p1b: Zamazenta|[spread] \n|-activate|p1a: Rillaboom|move: Wide Guard\n|-activate|p1b: Zamazenta|move: Wide Guard\n|\n|-heal|p1b: Zamazenta|63/100|[from] Grassy Terrain\n|-heal|p1a: Rillaboom|46/100|[from] Grassy Terrain\n|upkeep\n|\n|t:|1770225576\n|switch|p2a: Amoonguss|Amoonguss, L50, F|100/100\n|turn|9\n|\n|t:|1770225587\n|move|p1b: Zamazenta|Wide Guard|p1b: Zamazenta\n|-singleturn|p1b: Zamazenta|Wide Guard\n|move|p2b: Calyrex|Encore|p1b: Zamazenta\n|-start|p1b: Zamazenta|Encore\n|move|p1a: Rillaboom|U-turn|p2b: Calyrex\n|-resisted|p2b: Calyrex\n|-damage|p2b: Calyrex|87/100\n|move|p2a: Amoonguss|Pollen Puff|p1a: Rillaboom\n|-supereffective|p1a: Rillaboom\n|-damage|p1a: Rillaboom|6/100\n|-enditem|p1a: Rillaboom|Weakness Policy\n|-boost|p1a: Rillaboom|atk|2|[from] item: Weakness Policy\n|-boost|p1a: Rillaboom|spa|2|[from] item: Weakness Policy\n|\n|-heal|p2b: Calyrex|93/100|[from] Grassy Terrain\n|-heal|p1b: Zamazenta|69/100|[from] Grassy Terrain\n|-heal|p1a: Rillaboom|12/100|[from] Grassy Terrain\n|upkeep\n|turn|10\n|\n|t:|1770225603\n|move|p2b: Calyrex|Protect|p2b: Calyrex\n|-singleturn|p2b: Calyrex|Protect\n|move|p1b: Zamazenta|Wide Guard|p1b: Zamazenta\n|-singleturn|p1b: Zamazenta|Wide Guard\n|move|p1a: Rillaboom|Grassy Glide|p2b: Calyrex\n|-activate|p2b: Calyrex|move: Protect\n|move|p2a: Amoonguss|Pollen Puff|p1a: Rillaboom\n|-supereffective|p1a: Rillaboom\n|-damage|p1a: Rillaboom|0 fnt\n|faint|p1a: Rillaboom\n|\n|-heal|p2b: Calyrex|99/100|[from] Grassy Terrain\n|-heal|p1b: Zamazenta|75/100|[from] Grassy Terrain\n|upkeep\n|turn|11\n|\n|t:|1770225617\n|move|p2b: Calyrex|Protect|p2b: Calyrex\n|-singleturn|p2b: Calyrex|Protect\n|move|p1b: Zamazenta|Wide Guard|p1b: Zamazenta\n|-singleturn|p1b: Zamazenta|Wide Guard\n|move|p2a: Amoonguss|Spore|p1b: Zamazenta\n|-status|p1b: Zamazenta|slp|[from] move: Spore\n|\n|-heal|p2b: Calyrex|100/100|[from] Grassy Terrain\n|-heal|p1b: Zamazenta|81/100 slp|[from] Grassy Terrain\n|-fieldend|move: Grassy Terrain\n|upkeep\n|turn|12\n|\n|t:|1770225628\n|cant|p1b: Zamazenta|slp\n|move|p2b: Calyrex|Astral Barrage|p1b: Zamazenta\n|-damage|p1b: Zamazenta|0 fnt\n|faint|p1b: Zamazenta\n|\n|win|SnarkyShane\n|raw|ramesay's rating: 1198 &rarr; <strong>1176</strong><br />(-22 for losing)\n|raw|SnarkyShane's rating: 1246 &rarr; <strong>1268</strong><br />(+22 for winning)\n|l|\u2606SnarkyShane\n|player|p2|\n","uploadtime":1770225785,"views":11,"formatid":"gen9vgc2026regi","rating":1176,"private":0,"password":null}