{"id":"gen9vgc2026regi-2576982327","format":"[Gen 9] VGC 2026 Reg I","players":["asroarri","Kwiper"],"log":"|j|\u2606asroarri\n|j|\u2606Kwiper\n|t:|1775523839\n|gametype|doubles\n|player|p1|asroarri|dawn|1476\n|player|p2|Kwiper|sycamore|1511\n|gen|9\n|tier|[Gen 9] VGC 2026 Reg I\n|rated|\n|rule|Species Clause: Limit one of each Pok\u00e9mon\n|rule|Item Clause: Limit 1 of each item\n|clearpoke\n|poke|p1|Kyogre, L50|\n|poke|p1|Miraidon, L50|\n|poke|p1|Wo-Chien, L50|\n|poke|p1|Araquanid, L50, M|\n|poke|p1|Tornadus, L50, M|\n|poke|p1|Grimmsnarl, L50, M|\n|poke|p2|Koraidon, L50|\n|poke|p2|Lunala, L50|\n|poke|p2|Indeedee-F, L50, F|\n|poke|p2|Flutter Mane, L50|\n|poke|p2|Volcarona, L50, F|\n|poke|p2|Ursaluna, L50, M|\n|teampreview|4\n|inactive|Battle timer is ON: inactive players will automatically lose when time's up. (requested by Kwiper)\n|\n|t:|1775523871\n|teamsize|p1|4\n|teamsize|p2|4\n|start\n|switch|p1a: Wo-Chien|Wo-Chien, L50|100/100\n|switch|p1b: Grimmsnarl|Grimmsnarl, L50, M|100/100\n|switch|p2a: Lunala|Lunala, L50, shiny|100/100\n|switch|p2b: Flutter Mane|Flutter Mane, L50|100/100\n|-ability|p1a: Wo-Chien|Tablets of Ruin\n|turn|1\n|\n|t:|1775523882\n|move|p1b: Grimmsnarl|Light Screen|p1b: Grimmsnarl\n|-sidestart|p1: asroarri|move: Light Screen\n|move|p2b: Flutter Mane|Moonblast|p1b: Grimmsnarl\n|-supereffective|p1b: Grimmsnarl\n|-damage|p1b: Grimmsnarl|39/100\n|-unboost|p1b: Grimmsnarl|spa|1\n|move|p2a: Lunala|Meteor Beam||[still]\n|-prepare|p2a: Lunala|Meteor Beam\n|-boost|p2a: Lunala|spa|1\n|-enditem|p2a: Lunala|Power Herb\n|-anim|p2a: Lunala|Meteor Beam|p1b: Grimmsnarl\n|-damage|p1b: Grimmsnarl|1/100\n|move|p1a: Wo-Chien|Leech Seed|p2a: Lunala\n|-start|p2a: Lunala|move: Leech Seed\n|\n|-damage|p2a: Lunala|88/100|[from] Leech Seed|[of] p1a: Wo-Chien\n|upkeep\n|turn|2\n|inactive|asroarri has 30 seconds left.\n|inactive|Kwiper has 30 seconds left.\n|inactive|Kwiper has 20 seconds left.\n|inactive|Kwiper has 15 seconds left.\n|inactive|Kwiper has 10 seconds left.\n|inactive|Kwiper has 5 seconds left.\n|\n|t:|1775523936\n|move|p2b: Flutter Mane|Protect|p2b: Flutter Mane\n|-singleturn|p2b: Flutter Mane|Protect\n|move|p1b: Grimmsnarl|Reflect|p1b: Grimmsnarl\n|-sidestart|p1: asroarri|Reflect\n|move|p2a: Lunala|Moongeist Beam|p1b: Grimmsnarl\n|-resisted|p1b: Grimmsnarl\n|-damage|p1b: Grimmsnarl|0 fnt\n|faint|p1b: Grimmsnarl\n|move|p1a: Wo-Chien|Leech Seed|p2b: Flutter Mane\n|-activate|p2b: Flutter Mane|move: Protect\n|\n|-damage|p2a: Lunala|76/100|[from] Leech Seed|[of] p1a: Wo-Chien\n|upkeep\n|\n|t:|1775523957\n|switch|p1b: Miraidon|Miraidon, L50|100/100\n|-fieldstart|move: Electric Terrain|[from] ability: Hadron Engine|[of] p1b: Miraidon\n|turn|3\n|inactive|asroarri has 30 seconds left.\n|\n|t:|1775523984\n|-terastallize|p1b: Miraidon|Fairy\n|move|p2b: Flutter Mane|Moonblast|p1b: Miraidon\n|-crit|p1b: Miraidon\n|-damage|p1b: Miraidon|45/100\n|move|p1b: Miraidon|Dazzling Gleam|p2b: Flutter Mane|[spread] p2a,p2b\n|-damage|p2a: Lunala|29/100\n|-damage|p2b: Flutter Mane|30/100\n|move|p2a: Lunala|Moongeist Beam|p1b: Miraidon\n|-damage|p1b: Miraidon|0 fnt\n|faint|p1b: Miraidon\n|move|p1a: Wo-Chien|Leech Seed|p2b: Flutter Mane\n|-start|p2b: Flutter Mane|move: Leech Seed\n|\n|-damage|p2b: Flutter Mane|17/100|[from] Leech Seed|[of] p1a: Wo-Chien\n|-damage|p2a: Lunala|17/100|[from] Leech Seed|[of] p1a: Wo-Chien\n|upkeep\n|\n|t:|1775523999\n|switch|p1b: Kyogre|Kyogre, L50|100/100\n|-weather|RainDance|[from] ability: Drizzle|[of] p1b: Kyogre\n|turn|4\n|\n|t:|1775524006\n|move|p2b: Flutter Mane|Moonblast|p1b: Kyogre\n|-damage|p1b: Kyogre|85/100\n|move|p1b: Kyogre|Water Spout|p2b: Flutter Mane|[spread] p2a,p2b\n|-damage|p2a: Lunala|0 fnt\n|-damage|p2b: Flutter Mane|0 fnt\n|faint|p2a: Lunala\n|faint|p2b: Flutter Mane\n|-end|p2b: Flutter Mane|Protosynthesis|[silent]\n|move|p1a: Wo-Chien|Ruination|p2: Lunala|[notarget]\n|-fail|p1a: Wo-Chien\n|\n|-weather|RainDance|[upkeep]\n|upkeep\n|\n|t:|1775524009\n|switch|p2b: Volcarona|Volcarona, L50, F|100/100\n|switch|p2a: Koraidon|Koraidon, L50, shiny|100/100\n|-weather|SunnyDay|[from] ability: Orichalcum Pulse|[of] p2a: Koraidon\n|-activate|p2a: Koraidon|Orichalcum Pulse|[source]\n|turn|5\n|\n|t:|1775524018\n|-terastallize|p2b: Volcarona|Water\n|move|p2a: Koraidon|Protect|p2a: Koraidon\n|-singleturn|p2a: Koraidon|Protect\n|move|p1b: Kyogre|Origin Pulse|p2b: Volcarona|[spread] p2b\n|-activate|p2a: Koraidon|move: Protect\n|-resisted|p2b: Volcarona\n|-damage|p2b: Volcarona|92/100\n|move|p2b: Volcarona|Struggle Bug|p1a: Wo-Chien|[spread] p1a,p1b\n|-supereffective|p1a: Wo-Chien\n|-damage|p1a: Wo-Chien|74/100\n|-damage|p1b: Kyogre|79/100\n|-unboost|p1a: Wo-Chien|spa|1\n|-unboost|p1b: Kyogre|spa|1\n|move|p1a: Wo-Chien|Leech Seed|p2a: Koraidon\n|-activate|p2a: Koraidon|move: Protect\n|\n|-weather|SunnyDay|[upkeep]\n|-heal|p1a: Wo-Chien|80/100|[from] item: Leftovers\n|upkeep\n|turn|6\n|-message|asroarri forfeited.\n|\n|win|Kwiper\n|raw|asroarri's rating: 1476 &rarr; <strong>1458</strong><br />(-18 for losing)\n|raw|Kwiper's rating: 1511 &rarr; <strong>1529</strong><br />(+18 for winning)\n","uploadtime":1775524023,"views":13,"formatid":"gen9vgc2026regi","rating":1458,"private":0,"password":null}