{"id":"gen9vgc2026regi-2569965103","format":"[Gen 9] VGC 2026 Reg I","players":["Snowsquall brute","catcathead25b"],"log":"|j|\u2606Snowsquall brute\n|j|\u2606catcathead25b\n|t:|1774751101\n|gametype|doubles\n|player|p1|Snowsquall brute|veteran|1337\n|player|p2|catcathead25b|swimmerf|1393\n|gen|9\n|tier|[Gen 9] VGC 2026 Reg I\n|rated|\n|rule|Species Clause: Limit one of each Pok\u00e9mon\n|rule|Item Clause: Limit 1 of each item\n|clearpoke\n|poke|p1|Miraidon, L50|\n|poke|p1|Landorus-Therian, L50, M|\n|poke|p1|Kingambit, L50, F|\n|poke|p1|Lunala, L50|\n|poke|p2|Calyrex-Ice, L50|\n|poke|p2|Landorus, L50, M|\n|poke|p2|Miraidon, L50|\n|poke|p2|Whimsicott, L50, F|\n|poke|p2|Incineroar, L50, M|\n|poke|p2|Urshifu-*, L50, M|\n|teampreview|4\n|inactive|Battle timer is ON: inactive players will automatically lose when time's up. (requested by catcathead25b)\n|\n|t:|1774751177\n|teamsize|p1|4\n|teamsize|p2|4\n|start\n|switch|p1a: Miraidon|Miraidon, L50|100/100\n|switch|p1b: Landorus|Landorus-Therian, L50, M|100/100\n|switch|p2a: Landorus|Landorus, L50, M|100/100\n|switch|p2b: Whimsicott|Whimsicott, L50, F|100/100\n|-fieldstart|move: Electric Terrain|[from] ability: Hadron Engine|[of] p1a: Miraidon\n|-enditem|p1a: Miraidon|Electric Seed\n|-boost|p1a: Miraidon|def|1|[from] item: Electric Seed\n|-ability|p1b: Landorus|Intimidate|boost\n|-unboost|p2a: Landorus|atk|1\n|-unboost|p2b: Whimsicott|atk|1\n|turn|1\n|inactive|catcathead25b has 30 seconds left.\n|\n|t:|1774751205\n|move|p1a: Miraidon|Protect|p1a: Miraidon\n|-singleturn|p1a: Miraidon|Protect\n|move|p2b: Whimsicott|Tailwind|p2b: Whimsicott\n|-sidestart|p2: catcathead25b|move: Tailwind\n|move|p2a: Landorus|Earth Power|p1a: Miraidon\n|-activate|p1a: Miraidon|move: Protect\n|move|p1b: Landorus|Rock Tomb|p2a: Landorus\n|-damage|p2a: Landorus|78/100\n|-unboost|p2a: Landorus|spe|1\n|\n|upkeep\n|turn|2\n|\n|t:|1774751226\n|switch|p2a: Calyrex|Calyrex-Ice, L50|100/100\n|-ability|p2a: Calyrex|As One\n|-ability|p2a: Calyrex|Unnerve\n|switch|p1a: Lunala|Lunala, L50|100/100\n|move|p2b: Whimsicott|Encore||[still]\n|-fail|p2b: Whimsicott\n|move|p1b: Landorus|Rock Tomb|p2a: Calyrex\n|-supereffective|p2a: Calyrex\n|-damage|p2a: Calyrex|71/100\n|-unboost|p2a: Calyrex|spe|1\n|\n|-heal|p2a: Calyrex|77/100|[from] item: Leftovers\n|upkeep\n|turn|3\n|inactive|catcathead25b has 30 seconds left.\n|\n|t:|1774751252\n|switch|p1b: Kingambit|Kingambit, L50, F|100/100\n|-terastallize|p2a: Calyrex|Fire\n|move|p2b: Whimsicott|Moonblast|p1a: Lunala\n|-damage|p1a: Lunala|89/100\n|-unboost|p1a: Lunala|spa|1\n|move|p1a: Lunala|Moongeist Beam|p2b: Whimsicott\n|-damage|p2b: Whimsicott|42/100\n|move|p2a: Calyrex|Leech Seed|p1a: Lunala\n|-start|p1a: Lunala|move: Leech Seed\n|\n|-heal|p2a: Calyrex|83/100|[from] item: Leftovers\n|-damage|p1a: Lunala|77/100|[from] Leech Seed|[of] p2a: Calyrex\n|-heal|p2a: Calyrex|98/100|[silent]\n|upkeep\n|turn|4\n|\n|t:|1774751276\n|move|p2b: Whimsicott|Endeavor|p1b: Kingambit\n|-damage|p1b: Kingambit|25/100\n|move|p1a: Lunala|Moongeist Beam|p2a: Calyrex\n|-damage|p2a: Calyrex|76/100\n|move|p2a: Calyrex|Glacial Lance|p1b: Kingambit|[spread] p1a,p1b\n|-resisted|p1b: Kingambit\n|-damage|p1a: Lunala|36/100\n|-damage|p1b: Kingambit|3/100\n|move|p1b: Kingambit|Kowtow Cleave|p2a: Calyrex\n|-damage|p2a: Calyrex|40/100\n|\n|-heal|p2a: Calyrex|46/100|[from] item: Leftovers\n|-damage|p1a: Lunala|24/100|[from] Leech Seed|[of] p2a: Calyrex\n|-heal|p2a: Calyrex|61/100|[silent]\n|-sideend|p2: catcathead25b|move: Tailwind\n|upkeep\n|turn|5\n|\n|t:|1774751299\n|move|p1b: Kingambit|Sucker Punch|p2a: Calyrex\n|-damage|p2a: Calyrex|31/100\n|move|p2b: Whimsicott|Moonblast|p1b: Kingambit\n|-damage|p1b: Kingambit|0 fnt\n|faint|p1b: Kingambit\n|move|p1a: Lunala|Moongeist Beam|p2b: Whimsicott\n|-crit|p2b: Whimsicott\n|-damage|p2b: Whimsicott|0 fnt\n|faint|p2b: Whimsicott\n|move|p2a: Calyrex|Glacial Lance|p1a: Lunala\n|-damage|p1a: Lunala|0 fnt\n|faint|p1a: Lunala\n|-ability|p2a: Calyrex|Chilling Neigh|boost\n|-boost|p2a: Calyrex|atk|1\n|\n|-heal|p2a: Calyrex|37/100|[from] item: Leftovers\n|-fieldend|move: Electric Terrain\n|upkeep\n|inactive|catcathead25b has 30 seconds left.\n|\n|t:|1774751324\n|switch|p2b: Miraidon|Miraidon, L50|100/100\n|switch|p1a: Landorus|Landorus-Therian, L50, M|100/100\n|switch|p1b: Miraidon|Miraidon, L50|100/100\n|-fieldstart|move: Electric Terrain|[from] ability: Hadron Engine|[of] p2b: Miraidon\n|-activate|p1b: Miraidon|ability: Hadron Engine\n|-ability|p1a: Landorus|Intimidate|boost\n|-unboost|p2a: Calyrex|atk|1\n|-unboost|p2b: Miraidon|atk|1\n|turn|6\n|inactive|catcathead25b has 30 seconds left.\n|inactive|catcathead25b has 20 seconds left.\n|\n|t:|1774751363\n|switch|p2b: Landorus|Landorus, L50, M|78/100\n|move|p1b: Miraidon|Protect|p1b: Miraidon\n|-singleturn|p1b: Miraidon|Protect\n|move|p2a: Calyrex|Protect|p2a: Calyrex\n|-singleturn|p2a: Calyrex|Protect\n|move|p1a: Landorus|Earthquake|p2a: Calyrex|[spread] \n|-activate|p1b: Miraidon|move: Protect\n|-activate|p2a: Calyrex|move: Protect\n|-immune|p2b: Landorus\n|\n|-heal|p2a: Calyrex|43/100|[from] item: Leftovers\n|upkeep\n|turn|7\n|\n|t:|1774751382\n|move|p1b: Miraidon|Dragon Pulse|p2b: Landorus\n|-damage|p2b: Landorus|32/100\n|move|p2b: Landorus|Earth Power|p1b: Miraidon\n|-supereffective|p1b: Miraidon\n|-damage|p1b: Miraidon|0 fnt\n|faint|p1b: Miraidon\n|move|p1a: Landorus|Stomping Tantrum|p2a: Calyrex\n|-supereffective|p2a: Calyrex\n|-damage|p2a: Calyrex|0 fnt\n|faint|p2a: Calyrex\n|\n|upkeep\n|\n|t:|1774751392\n|switch|p2a: Miraidon|Miraidon, L50|100/100\n|-activate|p2a: Miraidon|ability: Hadron Engine\n|turn|8\n|\n|t:|1774751400\n|move|p2a: Miraidon|Draco Meteor|p1a: Landorus\n|-damage|p1a: Landorus|6/100\n|-unboost|p2a: Miraidon|spa|2\n|move|p2b: Landorus|Sludge Bomb|p1a: Landorus\n|-resisted|p1a: Landorus\n|-damage|p1a: Landorus|0 fnt\n|faint|p1a: Landorus\n|\n|win|catcathead25b\n|raw|Snowsquall brute's rating: 1337 &rarr; <strong>1320</strong><br />(-17 for losing)\n|raw|catcathead25b's rating: 1393 &rarr; <strong>1410</strong><br />(+17 for winning)\n|l|\u2606Snowsquall brute\n|player|p1|\n|l|\u2606catcathead25b\n|player|p2|\n","uploadtime":1774751634,"views":11,"formatid":"gen9vgc2026regi","rating":1320,"private":0,"password":null}