{"id":"gen9vgc2026regi-2557064724","format":"[Gen 9] VGC 2026 Reg I","players":["ArisHazard","MengMengZi"],"log":"|j|\u2606ArisHazard\n|j|\u203dMengMengZi\n|t:|1773275671\n|gametype|doubles\n|player|p1|ArisHazard|101|1342\n|player|p2|MengMengZi|n|1431\n|gen|9\n|tier|[Gen 9] VGC 2026 Reg I\n|rated|\n|rule|Species Clause: Limit one of each Pok\u00e9mon\n|rule|Item Clause: Limit 1 of each item\n|clearpoke\n|poke|p1|Calyrex-Ice, L50|\n|poke|p1|Scraggy, L50, M|\n|poke|p1|Miraidon, L50|\n|poke|p1|Sableye, L50, F|\n|poke|p1|Ting-Lu, L50|\n|poke|p1|Ditto, L50|\n|poke|p2|Grimmsnarl, L50, M|\n|poke|p2|Terapagos, L50, M|\n|poke|p2|Calyrex-Shadow, L50|\n|poke|p2|Clefairy, L50, F|\n|poke|p2|Smeargle, L50, M|\n|poke|p2|Tornadus, L50, M|\n|teampreview|4\n|\n|t:|1773275721\n|teamsize|p1|4\n|teamsize|p2|4\n|start\n|switch|p1a: Scraggy|Scraggy, L50, M|100/100\n|switch|p1b: Miraidon|Miraidon, L50|100/100\n|switch|p2a: Terapagos|Terapagos, L50, M|100/100\n|switch|p2b: Grimmsnarl|Grimmsnarl, L50, M, shiny|100/100\n|-activate|p2a: Terapagos|ability: Tera Shift\n|detailschange|p2a: Terapagos|Terapagos-Terastal, L50, M\n|-heal|p2a: Terapagos|100/100|[silent]\n|-fieldstart|move: Electric Terrain|[from] ability: Hadron Engine|[of] p1b: Miraidon\n|-ability|p1a: Scraggy|Intimidate|boost\n|-unboost|p2a: Terapagos|atk|1\n|-unboost|p2b: Grimmsnarl|atk|1\n|turn|1\n|inactive|Battle timer is ON: inactive players will automatically lose when time's up. (requested by ArisHazard)\n|inactive|MengMengZi has 60 seconds left.\n|\n|t:|1773275761\n|move|p2b: Grimmsnarl|Fake Out|p1a: Scraggy\n|-damage|p1a: Scraggy|93/100\n|cant|p1a: Scraggy|flinch\n|move|p1b: Miraidon|Snarl|p2b: Grimmsnarl|[spread] p2a,p2b\n|-activate|p2a: Terapagos|ability: Tera Shell\n|-resisted|p2a: Terapagos\n|-resisted|p2b: Grimmsnarl\n|-damage|p2a: Terapagos|91/100\n|-damage|p2b: Grimmsnarl|96/100\n|-unboost|p2a: Terapagos|spa|1\n|move|p2a: Terapagos|Tera Starstorm|p1b: Miraidon\n|-damage|p1b: Miraidon|69/100\n|\n|upkeep\n|turn|2\n|\n|t:|1773275783\n|move|p1b: Miraidon|Volt Switch|p2a: Terapagos\n|-damage|p2a: Terapagos|20/100\n|\n|t:|1773275786\n|switch|p1b: Calyrex|Calyrex-Ice, L50|100/100|[from] Volt Switch\n|-ability|p1b: Calyrex|As One\n|-ability|p1b: Calyrex|Unnerve\n|move|p2a: Terapagos|Tera Starstorm|p1b: Calyrex\n|-damage|p1b: Calyrex|67/100\n|move|p2b: Grimmsnarl|Spirit Break|p1a: Scraggy\n|-supereffective|p1a: Scraggy\n|-damage|p1a: Scraggy|14/100\n|-unboost|p1a: Scraggy|spa|1\n|move|p1a: Scraggy|Coaching|p1b: Calyrex\n|-boost|p1b: Calyrex|atk|1\n|-boost|p1b: Calyrex|def|1\n|\n|upkeep\n|turn|3\n|inactive|ArisHazard has 30 seconds left.\n|\n|t:|1773275814\n|move|p2b: Grimmsnarl|Taunt|p1b: Calyrex\n|-start|p1b: Calyrex|move: Taunt\n|move|p2a: Terapagos|Tera Starstorm|p1a: Scraggy\n|-damage|p1a: Scraggy|0 fnt\n|faint|p1a: Scraggy\n|cant|p1b: Calyrex|move: Taunt|Trick Room\n|\n|upkeep\n|\n|t:|1773275825\n|switch|p1a: Miraidon|Miraidon, L50|69/100\n|-activate|p1a: Miraidon|ability: Hadron Engine\n|turn|4\n|inactive|MengMengZi has 30 seconds left.\n|\n|t:|1773275853\n|switch|p2a: Clefairy|Clefairy, L50, F, shiny|100/100\n|move|p1a: Miraidon|Volt Switch|p2b: Grimmsnarl\n|-damage|p2b: Grimmsnarl|55/100\n|\n|t:|1773275859\n|switch|p1a: Sableye|Sableye, L50, F|100/100|[from] Volt Switch\n|move|p2b: Grimmsnarl|Spirit Break|p1a: Sableye\n|-supereffective|p1a: Sableye\n|-damage|p1a: Sableye|51/100\n|-unboost|p1a: Sableye|spa|1\n|move|p1b: Calyrex|Glacial Lance|p2a: Clefairy|[spread] p2a,p2b\n|-damage|p2a: Clefairy|34/100\n|-damage|p2b: Grimmsnarl|0 fnt\n|faint|p2b: Grimmsnarl\n|-ability|p1b: Calyrex|Chilling Neigh|boost\n|-boost|p1b: Calyrex|atk|1\n|\n|upkeep\n|\n|t:|1773275871\n|switch|p2b: Calyrex|Calyrex-Shadow, L50|100/100\n|-ability|p2b: Calyrex|As One\n|-ability|p2b: Calyrex|Unnerve\n|turn|5\n|\n|t:|1773275890\n|switch|p1a: Miraidon|Miraidon, L50|69/100\n|-activate|p1a: Miraidon|ability: Hadron Engine\n|-terastallize|p2b: Calyrex|Dark\n|-terastallize|p1b: Calyrex|Fire\n|move|p2a: Clefairy|Helping Hand|p2b: Calyrex\n|-singleturn|p2b: Calyrex|Helping Hand|[of] p2a: Clefairy\n|move|p2b: Calyrex|Astral Barrage|p1a: Miraidon|[spread] p1a,p1b\n|-damage|p1a: Miraidon|22/100\n|-damage|p1b: Calyrex|13/100\n|move|p1b: Calyrex|Glacial Lance|p2b: Calyrex|[spread] p2a,p2b\n|-damage|p2a: Clefairy|0 fnt\n|-damage|p2b: Calyrex|2/100\n|faint|p2a: Clefairy\n|-ability|p1b: Calyrex|Chilling Neigh|boost\n|-boost|p1b: Calyrex|atk|1\n|\n|-end|p1b: Calyrex|move: Taunt\n|-fieldend|move: Electric Terrain\n|upkeep\n|\n|t:|1773275903\n|switch|p2a: Terapagos|Terapagos-Terastal, L50, M|20/100\n|turn|6\n|\n|t:|1773275919\n|move|p2b: Calyrex|Astral Barrage|p1a: Miraidon|[spread] p1a,p1b\n|-damage|p1a: Miraidon|0 fnt\n|-damage|p1b: Calyrex|0 fnt\n|faint|p1a: Miraidon\n|faint|p1b: Calyrex\n|-ability|p2b: Calyrex|Grim Neigh|boost\n|-boost|p2b: Calyrex|spa|2\n|move|p2a: Terapagos|Tera Starstorm|p1: Miraidon|[notarget]\n|-fail|p2a: Terapagos\n|\n|upkeep\n|-message|ArisHazard forfeited.\n|\n|win|MengMengZi\n|raw|ArisHazard's rating: 1342 &rarr; <strong>1327</strong><br />(-15 for losing)\n|raw|MengMengZi's rating: 1431 &rarr; <strong>1446</strong><br />(+15 for winning)\n|l|\u2606ArisHazard\n|player|p1|\n|l|\u203dMengMengZi\n|player|p2|\n","uploadtime":1773276087,"views":11,"formatid":"gen9vgc2026regi","rating":1327,"private":0,"password":null}