{"id":"gen9vgc2026regi-2587562504","format":"[Gen 9] VGC 2026 Reg I","players":["JoeBro8","ranbattorank1"],"log":"|j|\u2606JoeBro8\n|j|\u2606ranbattorank1\n|t:|1776542513\n|gametype|doubles\n|player|p1|JoeBro8|n|1542\n|player|p2|ranbattorank1|n|1633\n|gen|9\n|tier|[Gen 9] VGC 2026 Reg I\n|rated|\n|rule|Species Clause: Limit one of each Pok\u00e9mon\n|rule|Item Clause: Limit 1 of each item\n|clearpoke\n|poke|p1|Miraidon, L50|\n|poke|p1|Whimsicott, L50, F|\n|poke|p1|Zamazenta-*, L50|\n|poke|p1|Chien-Pao, L50|\n|poke|p1|Volcarona, L50, F|\n|poke|p1|Iron Hands, L50|\n|poke|p2|Smeargle, L50, F|\n|poke|p2|Calyrex-Ice, L50|\n|poke|p2|Lunala, L50|\n|poke|p2|Indeedee-F, L50, F|\n|poke|p2|Incineroar, L50, M|\n|poke|p2|Flamigo, L50, M|\n|teampreview|4\n|inactive|Battle timer is ON: inactive players will automatically lose when time's up. (requested by ranbattorank1)\n|\n|t:|1776542541\n|teamsize|p1|4\n|teamsize|p2|4\n|start\n|switch|p1a: Queen of Diamonds|Volcarona, L50, F|100/100\n|switch|p1b: Ace of Spades|Miraidon, L50|100/100\n|switch|p2a: Flamigo|Flamigo, L50, M|100/100\n|switch|p2b: Smeargle|Smeargle, L50, F|100/100\n|-fieldstart|move: Electric Terrain|[from] ability: Hadron Engine|[of] p1b: Ace of Spades\n|-enditem|p1a: Queen of Diamonds|Electric Seed\n|-boost|p1a: Queen of Diamonds|def|1|[from] item: Electric Seed\n|turn|1\n|inactive|ranbattorank1 has 30 seconds left.\n|inactive|ranbattorank1 has 20 seconds left.\n|inactive|ranbattorank1 has 15 seconds left.\n|\n|t:|1776542583\n|move|p2b: Smeargle|Wide Guard|p2b: Smeargle\n|-singleturn|p2b: Smeargle|Wide Guard\n|move|p2a: Flamigo|Close Combat|p1b: Ace of Spades\n|-damage|p1b: Ace of Spades|44/100\n|-unboost|p2a: Flamigo|def|1\n|-unboost|p2a: Flamigo|spd|1\n|move|p1b: Ace of Spades|Volt Switch|p2b: Smeargle\n|-enditem|p2b: Smeargle|Focus Sash\n|-damage|p2b: Smeargle|1/100\n|\n|t:|1776542593\n|switch|p1b: Jack of Spades|Iron Hands, L50|100/100|[from] Volt Switch\n|-activate|p1b: Jack of Spades|ability: Quark Drive\n|-start|p1b: Jack of Spades|quarkdriveatk\n|move|p1a: Queen of Diamonds|Fiery Dance|p2a: Flamigo\n|-damage|p2a: Flamigo|18/100\n|\n|-ability|p2b: Smeargle|Moody|boost\n|-boost|p2b: Smeargle|spe|2\n|-unboost|p2b: Smeargle|def|1\n|upkeep\n|turn|2\n|\n|t:|1776542609\n|switch|p2a: Indeedee|Indeedee-F, L50, F|100/100\n|-fieldstart|move: Psychic Terrain|[from] ability: Psychic Surge|[of] p2a: Indeedee\n|-end|p1b: Jack of Spades|Quark Drive\n|move|p1b: Jack of Spades|Fake Out|p2b: Smeargle\n|-activate|p2b: Smeargle|move: Psychic Terrain\n|move|p2b: Smeargle|Spore|p1a: Queen of Diamonds\n|-status|p1a: Queen of Diamonds|slp|[from] move: Spore\n|cant|p1a: Queen of Diamonds|slp\n|\n|-ability|p2b: Smeargle|Moody|boost\n|-boost|p2b: Smeargle|spe|2\n|-unboost|p2b: Smeargle|atk|1\n|upkeep\n|turn|3\n|\n|t:|1776542632\n|switch|p2a: Lunala|Lunala, L50|100/100\n|move|p2b: Smeargle|Decorate|p2a: Lunala\n|-boost|p2a: Lunala|atk|2\n|-boost|p2a: Lunala|spa|2\n|-curestatus|p1a: Queen of Diamonds|slp|[msg]\n|move|p1a: Queen of Diamonds|Struggle Bug|p2b: Smeargle|[spread] p2a,p2b\n|-damage|p2a: Lunala|94/100\n|-damage|p2b: Smeargle|0 fnt\n|-unboost|p2a: Lunala|spa|1\n|faint|p2b: Smeargle\n|move|p1b: Jack of Spades|Drain Punch|p2a: Lunala\n|-immune|p2a: Lunala\n|\n|upkeep\n|\n|t:|1776542645\n|switch|p2b: Flamigo|Flamigo, L50, M|18/100\n|turn|4\n|\n|t:|1776542655\n|move|p1a: Queen of Diamonds|Protect|p1a: Queen of Diamonds\n|-singleturn|p1a: Queen of Diamonds|Protect\n|move|p2b: Flamigo|Close Combat|p1b: Jack of Spades\n|-damage|p1b: Jack of Spades|62/100\n|-unboost|p2b: Flamigo|def|1\n|-unboost|p2b: Flamigo|spd|1\n|move|p2a: Lunala|Expanding Force|p1b: Jack of Spades|[spread] p1b\n|-activate|p1a: Queen of Diamonds|move: Protect\n|-supereffective|p1b: Jack of Spades\n|-damage|p1b: Jack of Spades|0 fnt\n|faint|p1b: Jack of Spades\n|-end|p1b: Jack of Spades|Quark Drive|[silent]\n|\n|upkeep\n|\n|t:|1776542664\n|switch|p1b: Ace of Spades|Miraidon, L50|44/100\n|-fieldstart|move: Electric Terrain|[from] ability: Hadron Engine|[of] p1b: Ace of Spades\n|turn|5\n|j| Jdca\n|\n|t:|1776542679\n|switch|p2b: Indeedee|Indeedee-F, L50, F|100/100\n|-fieldstart|move: Psychic Terrain|[from] ability: Psychic Surge|[of] p2b: Indeedee\n|-terastallize|p1b: Ace of Spades|Fairy\n|move|p1b: Ace of Spades|Electro Drift|p2a: Lunala\n|-damage|p2a: Lunala|26/100\n|move|p1a: Queen of Diamonds|Fiery Dance|p2b: Indeedee\n|-damage|p2b: Indeedee|65/100\n|-boost|p1a: Queen of Diamonds|spa|1\n|move|p2a: Lunala|Expanding Force|p1a: Queen of Diamonds|[spread] p1a,p1b\n|-damage|p1a: Queen of Diamonds|18/100\n|-damage|p1b: Ace of Spades|0 fnt\n|faint|p1b: Ace of Spades\n|\n|upkeep\n|\n|t:|1776542690\n|switch|p1b: King of Spades|Zamazenta-Crowned, L50|100/100\n|-ability|p1b: King of Spades|Dauntless Shield|boost\n|-boost|p1b: King of Spades|def|1\n|turn|6\n|\n|t:|1776542704\n|move|p1a: Queen of Diamonds|Protect|p1a: Queen of Diamonds\n|-singleturn|p1a: Queen of Diamonds|Protect\n|move|p2b: Indeedee|Follow Me|p2b: Indeedee\n|-singleturn|p2b: Indeedee|move: Follow Me\n|move|p1b: King of Spades|Body Press|p2b: Indeedee\n|-damage|p2b: Indeedee|0 fnt\n|faint|p2b: Indeedee\n|move|p2a: Lunala|Trick Room|p2a: Lunala\n|-fieldstart|move: Trick Room|[of] p2a: Lunala\n|\n|upkeep\n|\n|t:|1776542709\n|switch|p2b: Flamigo|Flamigo, L50, M|18/100\n|turn|7\n|\n|t:|1776542724\n|move|p2a: Lunala|Moongeist Beam|p1a: Queen of Diamonds\n|-damage|p1a: Queen of Diamonds|0 fnt\n|faint|p1a: Queen of Diamonds\n|move|p1b: King of Spades|Behemoth Bash|p2a: Lunala\n|-damage|p2a: Lunala|0 fnt\n|faint|p2a: Lunala\n|move|p2b: Flamigo|Close Combat|p1b: King of Spades\n|-supereffective|p1b: King of Spades\n|-damage|p1b: King of Spades|57/100\n|-unboost|p2b: Flamigo|def|1\n|-unboost|p2b: Flamigo|spd|1\n|\n|upkeep\n|turn|8\n|\n|t:|1776542735\n|-terastallize|p2b: Flamigo|Ghost\n|move|p1b: King of Spades|Body Press|p2b: Flamigo\n|-immune|p2b: Flamigo\n|move|p2b: Flamigo|Close Combat|p1b: King of Spades\n|-supereffective|p1b: King of Spades\n|-damage|p1b: King of Spades|16/100\n|-unboost|p2b: Flamigo|def|1\n|-unboost|p2b: Flamigo|spd|1\n|\n|upkeep\n|turn|9\n|\n|t:|1776542740\n|move|p1b: King of Spades|Behemoth Bash|p2b: Flamigo\n|-damage|p2b: Flamigo|0 fnt\n|faint|p2b: Flamigo\n|\n|win|JoeBro8\n|raw|JoeBro8's rating: 1542 &rarr; <strong>1567</strong><br />(+25 for winning)\n|raw|ranbattorank1's rating: 1633 &rarr; <strong>1608</strong><br />(-25 for losing)\n|l|\u2606JoeBro8\n|player|p1|\n|l|\u2606ranbattorank1\n|player|p2|\n|l| Jdca\n","uploadtime":1776542956,"views":10,"formatid":"gen9vgc2026regi","rating":1567,"private":0,"password":null}