{"id":"gen9vgc2026regi-2554246137","format":"[Gen 9] VGC 2026 Reg I","players":["blackred123","bbqsus"],"log":"|j|\u2606blackred123\n|j|\u2606bbqsus\n|t:|1772936885\n|gametype|doubles\n|player|p1|blackred123|iono-masters|1496\n|player|p2|bbqsus|brycenman|1404\n|gen|9\n|tier|[Gen 9] VGC 2026 Reg I\n|rated|\n|rule|Species Clause: Limit one of each Pok\u00e9mon\n|rule|Item Clause: Limit 1 of each item\n|clearpoke\n|poke|p1|Kyogre, L50|\n|poke|p1|Zamazenta-*, L50|\n|poke|p1|Chien-Pao, L50|\n|poke|p1|Amoonguss, L50, M|\n|poke|p1|Dragonite, L50, M|\n|poke|p1|Rillaboom, L50, M|\n|poke|p2|Calyrex-Shadow, L50|\n|poke|p2|Smeargle, L50, F|\n|poke|p2|Torkoal, L50, F|\n|poke|p2|Flamigo, L50, M|\n|poke|p2|Dialga-Origin, L50|\n|poke|p2|Muk-Alola, L50, M|\n|teampreview|4\n|inactive|Battle timer is ON: inactive players will automatically lose when time's up. (requested by blackred123)\n|\n|t:|1772936904\n|teamsize|p1|4\n|teamsize|p2|4\n|start\n|switch|p1a: Zamazenta|Zamazenta-Crowned, L50|100/100\n|switch|p1b: Chien-Pao|Chien-Pao, L50|100/100\n|switch|p2a: Smeargle|Smeargle, L50, F, shiny|100/100\n|switch|p2b: Torkoal|Torkoal, L50, F, shiny|100/100\n|-ability|p1b: Chien-Pao|Sword of Ruin\n|-ability|p1a: Zamazenta|Dauntless Shield|boost\n|-boost|p1a: Zamazenta|def|1\n|-weather|SunnyDay|[from] ability: Drought|[of] p2b: Torkoal\n|turn|1\n|\n|t:|1772936922\n|move|p1b: Chien-Pao|Taunt|p2a: Smeargle\n|-start|p2a: Smeargle|move: Taunt\n|move|p1a: Zamazenta|Body Press|p2b: Torkoal\n|-crit|p2b: Torkoal\n|-damage|p2b: Torkoal|3/100\n|cant|p2a: Smeargle|move: Taunt|Spore\n|move|p2b: Torkoal|Flamethrower|p1a: Zamazenta\n|-supereffective|p1a: Zamazenta\n|-damage|p1a: Zamazenta|10/100\n|\n|-weather|SunnyDay|[upkeep]\n|-ability|p2a: Smeargle|Moody|boost\n|-boost|p2a: Smeargle|spe|2\n|-unboost|p2a: Smeargle|atk|1\n|upkeep\n|turn|2\n|\n|t:|1772936943\n|switch|p2b: Muk|Muk-Alola, L50, M, shiny|100/100\n|move|p2a: Smeargle|Salt Cure|p1b: Chien-Pao\n|-supereffective|p1b: Chien-Pao\n|-damage|p1b: Chien-Pao|94/100\n|-start|p1b: Chien-Pao|Salt Cure\n|move|p1b: Chien-Pao|Ice Spinner|p2b: Muk\n|-damage|p2b: Muk|44/100\n|move|p1a: Zamazenta|Heavy Slam|p2b: Muk\n|-damage|p2b: Muk|0 fnt\n|faint|p2b: Muk\n|\n|-weather|SunnyDay|[upkeep]\n|-damage|p1b: Chien-Pao|82/100|[from] Salt Cure\n|-ability|p2a: Smeargle|Moody|boost\n|-boost|p2a: Smeargle|spe|2\n|-unboost|p2a: Smeargle|spd|1\n|upkeep\n|\n|t:|1772936957\n|switch|p2b: Calyrex|Calyrex-Shadow, L50|100/100\n|-ability|p2b: Calyrex|As One\n|-ability|p2b: Calyrex|Unnerve\n|turn|3\n|\n|t:|1772936969\n|move|p2b: Calyrex|Protect|p2b: Calyrex\n|-singleturn|p2b: Calyrex|Protect\n|move|p1b: Chien-Pao|Sucker Punch||[still]\n|-fail|p1b: Chien-Pao\n|move|p2a: Smeargle|Salt Cure|p1a: Zamazenta\n|-resisted|p1a: Zamazenta\n|-damage|p1a: Zamazenta|9/100\n|-start|p1a: Zamazenta|Salt Cure\n|move|p1a: Zamazenta|Heavy Slam|p2a: Smeargle\n|-damage|p2a: Smeargle|0 fnt\n|faint|p2a: Smeargle\n|\n|-weather|SunnyDay|[upkeep]\n|-damage|p1b: Chien-Pao|70/100|[from] Salt Cure\n|-damage|p1a: Zamazenta|0 fnt|[from] Salt Cure\n|faint|p1a: Zamazenta\n|upkeep\n|\n|t:|1772936982\n|switch|p1a: Dragonite|Dragonite, L50, M|100/100\n|switch|p2a: Torkoal|Torkoal, L50, F, shiny|3/100\n|turn|4\n|\n|t:|1772936994\n|-terastallize|p2b: Calyrex|Fairy\n|move|p2a: Torkoal|Protect|p2a: Torkoal\n|-singleturn|p2a: Torkoal|Protect\n|move|p1b: Chien-Pao|Sucker Punch|p2b: Calyrex\n|-resisted|p2b: Calyrex\n|-damage|p2b: Calyrex|74/100\n|move|p1a: Dragonite|Aqua Jet|p2a: Torkoal\n|-activate|p2a: Torkoal|move: Protect\n|move|p2b: Calyrex|Draining Kiss|p1a: Dragonite\n|-supereffective|p1a: Dragonite\n|-damage|p1a: Dragonite|21/100\n|-heal|p2b: Calyrex|100/100|[from] drain|[of] p1a: Dragonite\n|\n|-weather|SunnyDay|[upkeep]\n|-damage|p1b: Chien-Pao|57/100|[from] Salt Cure\n|upkeep\n|turn|5\n|\n|t:|1772937016\n|move|p1a: Dragonite|Aqua Jet|p2a: Torkoal\n|-supereffective|p2a: Torkoal\n|-damage|p2a: Torkoal|0 fnt\n|faint|p2a: Torkoal\n|move|p2b: Calyrex|Astral Barrage|p1a: Dragonite|[spread] p1a,p1b\n|-resisted|p1b: Chien-Pao\n|-damage|p1a: Dragonite|0 fnt\n|-damage|p1b: Chien-Pao|8/100\n|faint|p1a: Dragonite\n|-ability|p2b: Calyrex|Grim Neigh|boost\n|-boost|p2b: Calyrex|spa|1\n|move|p1b: Chien-Pao|Taunt|p2b: Calyrex\n|-start|p2b: Calyrex|move: Taunt\n|\n|-weather|none\n|-damage|p1b: Chien-Pao|0 fnt|[from] Salt Cure\n|faint|p1b: Chien-Pao\n|upkeep\n|\n|t:|1772937024\n|switch|p1b: Kyogre|Kyogre, L50|100/100\n|-weather|RainDance|[from] ability: Drizzle|[of] p1b: Kyogre\n|turn|6\n|\n|t:|1772937033\n|move|p1b: Kyogre|Origin Pulse|p2b: Calyrex|[miss]\n|-miss|p1b: Kyogre|p2b: Calyrex\n|move|p2b: Calyrex|Astral Barrage|p1b: Kyogre\n|-crit|p1b: Kyogre\n|-damage|p1b: Kyogre|0 fnt\n|faint|p1b: Kyogre\n|\n|win|bbqsus\n|raw|blackred123's rating: 1518 &rarr; <strong>1492</strong><br />(-26 for losing)\n|raw|bbqsus's rating: 1404 &rarr; <strong>1430</strong><br />(+26 for winning)\n|l|\u2606bbqsus\n|player|p2|\n","uploadtime":1772937040,"views":17,"formatid":"gen9vgc2026regi","rating":1430,"private":0,"password":null}