{"id":"gen9vgc2026regi-2526005569","format":"[Gen 9] VGC 2026 Reg I","players":["ice spice rider","Schimmli"],"log":"|j|\u2606ice spice rider\n|j|\u2606Schimmli\n|t:|1769361801\n|gametype|doubles\n|player|p1|ice spice rider|169|1390\n|player|p2|Schimmli|1|1511\n|gen|9\n|tier|[Gen 9] VGC 2026 Reg I\n|rated|\n|rule|Species Clause: Limit one of each Pok\u00e9mon\n|rule|Item Clause: Limit 1 of each item\n|clearpoke\n|poke|p1|Calyrex-Shadow, L50|\n|poke|p1|Zamazenta-*, L50|\n|poke|p1|Ting-Lu, L50|\n|poke|p1|Dondozo, L50, F|\n|poke|p1|Chien-Pao, L50|\n|poke|p1|Ogerpon-Hearthflame, L50, F|\n|poke|p2|Terapagos, L50, M|\n|poke|p2|Calyrex-Shadow, L50|\n|poke|p2|Flutter Mane, L50|\n|poke|p2|Ogerpon-Cornerstone, L50, F|\n|poke|p2|Incineroar, L50, F|\n|poke|p2|Rillaboom, L50, F|\n|teampreview|4\n|\n|t:|1769361814\n|teamsize|p1|4\n|teamsize|p2|4\n|start\n|switch|p1a: 221 speed|Calyrex-Shadow, L50|100/100\n|switch|p1b: Chromakopia|Ogerpon-Hearthflame, L50, F|100/100\n|switch|p2a: Terapagos|Terapagos, L50, M|100/100\n|switch|p2b: Calyrex|Calyrex-Shadow, L50|100/100\n|-activate|p2a: Terapagos|ability: Tera Shift\n|detailschange|p2a: Terapagos|Terapagos-Terastal, L50, M\n|-heal|p2a: Terapagos|100/100|[silent]\n|-ability|p1a: 221 speed|As One\n|-ability|p1a: 221 speed|Unnerve\n|-ability|p2b: Calyrex|As One\n|-ability|p2b: Calyrex|Unnerve\n|-ability|p1b: Chromakopia|Mold Breaker\n|turn|1\n|\n|t:|1769361833\n|switch|p2b: Incineroar|Incineroar, L50, F, shiny|100/100\n|-ability|p2b: Incineroar|Intimidate|boost\n|-unboost|p1a: 221 speed|atk|1\n|-unboost|p1b: Chromakopia|atk|1\n|move|p1a: 221 speed|Astral Barrage|p2b: Incineroar|[spread] p2b\n|-immune|p2a: Terapagos\n|-resisted|p2b: Incineroar\n|-damage|p2b: Incineroar|75/100\n|move|p1b: Chromakopia|Ivy Cudgel|p2a: Terapagos|[anim] Ivy Cudgel Fire\n|-damage|p2a: Terapagos|69/100\n|move|p2a: Terapagos|Calm Mind|p2a: Terapagos\n|-boost|p2a: Terapagos|spa|1\n|-boost|p2a: Terapagos|spd|1\n|\n|-heal|p2a: Terapagos|75/100|[from] item: Leftovers\n|upkeep\n|turn|2\n|\n|t:|1769361859\n|-terastallize|p2a: Terapagos|Stellar\n|detailschange|p2a: Terapagos|Terapagos-Stellar, L50, M, tera:Stellar\n|-heal|p2a: Terapagos|82/100|[silent]\n|move|p1b: Chromakopia|Follow Me|p1b: Chromakopia\n|-singleturn|p1b: Chromakopia|move: Follow Me\n|move|p1a: 221 speed|Encore|p2a: Terapagos\n|-start|p2a: Terapagos|Encore\n|move|p2a: Terapagos|Calm Mind|p2a: Terapagos\n|-boost|p2a: Terapagos|spa|1\n|-boost|p2a: Terapagos|spd|1\n|move|p2b: Incineroar|Knock Off|p1b: Chromakopia\n|-damage|p1b: Chromakopia|65/100\n|\n|-heal|p2a: Terapagos|88/100|[from] item: Leftovers\n|upkeep\n|turn|3\n|\n|t:|1769361888\n|switch|p1a: Magnus Carlsen|Zamazenta-Crowned, L50|100/100\n|-ability|p1a: Magnus Carlsen|Dauntless Shield|boost\n|-boost|p1a: Magnus Carlsen|def|1\n|switch|p2b: Rillaboom|Rillaboom, L50, F|100/100\n|-fieldstart|move: Grassy Terrain|[from] ability: Grassy Surge|[of] p2b: Rillaboom\n|move|p1b: Chromakopia|Ivy Cudgel|p2a: Terapagos|[anim] Ivy Cudgel Fire\n|-damage|p2a: Terapagos|65/100\n|move|p2a: Terapagos|Calm Mind|p2a: Terapagos\n|-boost|p2a: Terapagos|spa|1\n|-boost|p2a: Terapagos|spd|1\n|\n|-heal|p1b: Chromakopia|71/100|[from] Grassy Terrain\n|-heal|p2a: Terapagos|72/100|[from] Grassy Terrain\n|-heal|p2a: Terapagos|78/100|[from] item: Leftovers\n|upkeep\n|turn|4\n|\n|t:|1769361912\n|switch|p2b: Incineroar|Incineroar, L50, F, shiny|75/100\n|-ability|p2b: Incineroar|Intimidate|boost\n|-unboost|p1a: Magnus Carlsen|atk|1\n|-unboost|p1b: Chromakopia|atk|1\n|move|p1a: Magnus Carlsen|Body Press|p2a: Terapagos\n|-supereffective|p2a: Terapagos\n|-damage|p2a: Terapagos|9/100\n|move|p1b: Chromakopia|Ivy Cudgel|p2a: Terapagos|[anim] Ivy Cudgel Fire\n|-damage|p2a: Terapagos|0 fnt\n|faint|p2a: Terapagos\n|detailschange|p2: Terapagos|Terapagos, L50, M|[silent]\n|\n|-heal|p1b: Chromakopia|77/100|[from] Grassy Terrain\n|-heal|p2b: Incineroar|81/100|[from] Grassy Terrain\n|upkeep\n|\n|t:|1769361923\n|switch|p2a: Calyrex|Calyrex-Shadow, L50|100/100\n|-ability|p2a: Calyrex|As One\n|-ability|p2a: Calyrex|Unnerve\n|turn|5\n|\n|t:|1769361941\n|move|p2b: Incineroar|Fake Out|p1a: Magnus Carlsen\n|-resisted|p1a: Magnus Carlsen\n|-damage|p1a: Magnus Carlsen|98/100\n|move|p2a: Calyrex|Astral Barrage|p1a: Magnus Carlsen|[spread] p1a,p1b\n|-damage|p1a: Magnus Carlsen|55/100\n|-damage|p1b: Chromakopia|11/100\n|cant|p1a: Magnus Carlsen|flinch\n|move|p1b: Chromakopia|Ivy Cudgel|p2a: Calyrex|[anim] Ivy Cudgel Fire\n|-damage|p2a: Calyrex|57/100\n|\n|-heal|p2a: Calyrex|63/100|[from] Grassy Terrain\n|-heal|p1a: Magnus Carlsen|61/100|[from] Grassy Terrain\n|-heal|p1b: Chromakopia|17/100|[from] Grassy Terrain\n|-heal|p2b: Incineroar|87/100|[from] Grassy Terrain\n|upkeep\n|turn|6\n|\n|t:|1769361965\n|move|p2a: Calyrex|Disable|p1a: Magnus Carlsen\n|-start|p1a: Magnus Carlsen|Disable|Body Press\n|cant|p1a: Magnus Carlsen|Disable|Body Press\n|move|p1b: Chromakopia|Ivy Cudgel|p2a: Calyrex|[anim] Ivy Cudgel Fire\n|-crit|p2a: Calyrex\n|-damage|p2a: Calyrex|0 fnt\n|faint|p2a: Calyrex\n|move|p2b: Incineroar|Knock Off|p1b: Chromakopia\n|-damage|p1b: Chromakopia|0 fnt\n|faint|p1b: Chromakopia\n|\n|-heal|p1a: Magnus Carlsen|67/100|[from] Grassy Terrain\n|-heal|p2b: Incineroar|93/100|[from] Grassy Terrain\n|upkeep\n|-message|Schimmli forfeited.\n|\n|win|ice spice rider\n|raw|ice spice rider's rating: 1390 &rarr; <strong>1417</strong><br />(+27 for winning)\n|raw|Schimmli's rating: 1511 &rarr; <strong>1484</strong><br />(-27 for losing)\n|l|\u2606Schimmli\n|player|p2|\n|l|\u2606ice spice rider\n|player|p1|\n","uploadtime":1769362201,"views":14,"formatid":"gen9vgc2026regi","rating":1417,"private":0,"password":null}