{"id":"gen9vgc2026regi-2568956539","format":"[Gen 9] VGC 2026 Reg I","players":["jd8erh","rainbowpillar"],"log":"|j|\u2606jd8erh\n|j|\u2606rainbowpillar\n|t:|1774636223\n|gametype|doubles\n|player|p1|jd8erh|102|1506\n|player|p2|rainbowpillar|dawn|1464\n|gen|9\n|tier|[Gen 9] VGC 2026 Reg I\n|rated|\n|rule|Species Clause: Limit one of each Pok\u00e9mon\n|rule|Item Clause: Limit 1 of each item\n|clearpoke\n|poke|p1|Calyrex-Ice, L50|\n|poke|p1|Miraidon, L50|\n|poke|p1|Incineroar, L50, F|\n|poke|p1|Farigiraf, L50, M|\n|poke|p1|Volcarona, L50, M|\n|poke|p1|Grimmsnarl, L50, M|\n|poke|p2|Lunala, L50|\n|poke|p2|Koraidon, L50|\n|poke|p2|Landorus-Therian, L50, M|\n|poke|p2|Kingambit, L50, M|\n|poke|p2|Indeedee-F, L50, F|\n|poke|p2|Venusaur, L50, M|\n|teampreview|4\n|inactive|Battle timer is ON: inactive players will automatically lose when time's up. (requested by jd8erh)\njd8erh has agreed to open team sheets.\n|\n|t:|1774636245\n|teamsize|p1|4\n|teamsize|p2|4\n|start\n|switch|p1a: Volcarona|Volcarona, L50, M|100/100\n|switch|p1b: Miraidon|Miraidon, L50|100/100\n|switch|p2a: Lunala|Lunala, L50|100/100\n|switch|p2b: Kingambit|Kingambit, L50, M|100/100\n|-fieldstart|move: Electric Terrain|[from] ability: Hadron Engine|[of] p1b: Miraidon\n|turn|1\n|\n|t:|1774636262\n|move|p2b: Kingambit|Sucker Punch|p1b: Miraidon\n|-damage|p1b: Miraidon|68/100\n|move|p1b: Miraidon|Volt Switch|p2a: Lunala\n|-damage|p2a: Lunala|78/100\n|\n|t:|1774636267\n|switch|p1b: Grimmsnarl|Grimmsnarl, L50, M|100/100|[from] Volt Switch\n|move|p1a: Volcarona|Overheat|p2b: Kingambit\n|-supereffective|p2b: Kingambit\n|-damage|p2b: Kingambit|21/100\n|-unboost|p1a: Volcarona|spa|2\n|move|p2a: Lunala|Meteor Beam||[still]\n|-prepare|p2a: Lunala|Meteor Beam\n|-boost|p2a: Lunala|spa|1\n|-enditem|p2a: Lunala|Power Herb\n|-anim|p2a: Lunala|Meteor Beam|p1a: Volcarona\n|-supereffective|p1a: Volcarona\n|-damage|p1a: Volcarona|0 fnt\n|faint|p1a: Volcarona\n|\n|upkeep\n|\n|t:|1774636275\n|switch|p1a: Miraidon|Miraidon, L50|68/100\n|-activate|p1a: Miraidon|ability: Hadron Engine\n|turn|2\n|\n|t:|1774636286\n|-terastallize|p1a: Miraidon|Electric\n|move|p2a: Lunala|Protect|p2a: Lunala\n|-singleturn|p2a: Lunala|Protect\n|move|p1b: Grimmsnarl|Reflect|p1b: Grimmsnarl\n|-sidestart|p1: jd8erh|Reflect\n|move|p1a: Miraidon|Electro Drift|p2a: Lunala\n|-activate|p2a: Lunala|move: Protect\n|move|p2b: Kingambit|Iron Head|p1b: Grimmsnarl\n|-supereffective|p1b: Grimmsnarl\n|-damage|p1b: Grimmsnarl|31/100\n|\n|upkeep\n|turn|3\n|\n|t:|1774636299\n|switch|p2b: Indeedee|Indeedee-F, L50, F|100/100\n|-fieldstart|move: Psychic Terrain|[from] ability: Psychic Surge|[of] p2b: Indeedee\n|move|p1b: Grimmsnarl|Light Screen|p1b: Grimmsnarl\n|-sidestart|p1: jd8erh|move: Light Screen\n|move|p1a: Miraidon|Electro Drift|p2a: Lunala\n|-damage|p2a: Lunala|35/100\n|move|p2a: Lunala|Moongeist Beam|p1a: Miraidon\n|-damage|p1a: Miraidon|20/100\n|\n|upkeep\n|turn|4\n|\n|t:|1774636313\n|switch|p1a: Calyrex|Calyrex-Ice, L50|100/100\n|-ability|p1a: Calyrex|As One\n|-ability|p1a: Calyrex|Unnerve\n|move|p2b: Indeedee|Follow Me|p2b: Indeedee\n|-singleturn|p2b: Indeedee|move: Follow Me\n|move|p2a: Lunala|Moongeist Beam|p1b: Grimmsnarl\n|-resisted|p1b: Grimmsnarl\n|-damage|p1b: Grimmsnarl|9/100\n|move|p1b: Grimmsnarl|Spirit Break|p2b: Indeedee\n|-damage|p2b: Indeedee|73/100\n|-unboost|p2b: Indeedee|spa|1\n|\n|upkeep\n|turn|5\n|\n|t:|1774636321\n|move|p2b: Indeedee|Helping Hand|p2a: Lunala\n|-singleturn|p2a: Lunala|Helping Hand|[of] p2b: Indeedee\n|move|p1a: Calyrex|Protect|p1a: Calyrex\n|-singleturn|p1a: Calyrex|Protect\n|move|p2a: Lunala|Moongeist Beam|p1a: Calyrex\n|-activate|p1a: Calyrex|move: Protect\n|move|p1b: Grimmsnarl|Spirit Break|p2a: Lunala\n|-damage|p2a: Lunala|9/100\n|-unboost|p2a: Lunala|spa|1\n|\n|upkeep\n|turn|6\n|\n|t:|1774636342\n|move|p2a: Lunala|Moongeist Beam|p1a: Calyrex\n|-supereffective|p1a: Calyrex\n|-damage|p1a: Calyrex|58/100\n|move|p2b: Indeedee|Dazzling Gleam|p1b: Grimmsnarl|[spread] p1a,p1b\n|-supereffective|p1b: Grimmsnarl\n|-damage|p1a: Calyrex|55/100\n|-damage|p1b: Grimmsnarl|0 fnt\n|faint|p1b: Grimmsnarl\n|move|p1a: Calyrex|Glacial Lance|p2a: Lunala|[spread] p2a,p2b\n|-damage|p2a: Lunala|0 fnt\n|-damage|p2b: Indeedee|24/100\n|faint|p2a: Lunala\n|-ability|p1a: Calyrex|Chilling Neigh|boost\n|-boost|p1a: Calyrex|atk|1\n|\n|-heal|p1a: Calyrex|60/100|[from] item: Leftovers\n|upkeep\n|\n|t:|1774636352\n|switch|p2a: Kingambit|Kingambit, L50, M|21/100\n|switch|p1b: Miraidon|Miraidon, L50, tera:Electric|20/100\n|-fieldstart|move: Electric Terrain|[from] ability: Hadron Engine|[of] p1b: Miraidon\n|turn|7\n|\n|t:|1774636360\n|move|p2a: Kingambit|Sucker Punch|p1b: Miraidon\n|-damage|p1b: Miraidon|0 fnt\n|faint|p1b: Miraidon\n|move|p2b: Indeedee|Dazzling Gleam|p1a: Calyrex\n|-damage|p1a: Calyrex|56/100\n|move|p1a: Calyrex|Trick Room|p1a: Calyrex\n|-fieldstart|move: Trick Room|[of] p1a: Calyrex\n|\n|-heal|p1a: Calyrex|62/100|[from] item: Leftovers\n|upkeep\n|turn|8\n|\n|t:|1774636373\n|move|p2b: Indeedee|Helping Hand|p2a: Kingambit\n|-singleturn|p2a: Kingambit|Helping Hand|[of] p2b: Indeedee\n|move|p2a: Kingambit|Sucker Punch|p1a: Calyrex\n|-supereffective|p1a: Calyrex\n|-damage|p1a: Calyrex|17/100\n|move|p1a: Calyrex|Glacial Lance|p2b: Indeedee|[spread] p2a,p2b\n|-resisted|p2a: Kingambit\n|-damage|p2a: Kingambit|0 fnt\n|-damage|p2b: Indeedee|0 fnt\n|faint|p2a: Kingambit\n|faint|p2b: Indeedee\n|-ability|p1a: Calyrex|Chilling Neigh|boost\n|-boost|p1a: Calyrex|atk|2\n|\n|-heal|p1a: Calyrex|23/100|[from] item: Leftovers\n|upkeep\n|\n|t:|1774636378\n|switch|p2b: Koraidon|Koraidon, L50, shiny|100/100\n|-weather|SunnyDay|[from] ability: Orichalcum Pulse|[of] p2b: Koraidon\n|-activate|p2b: Koraidon|Orichalcum Pulse|[source]\n|turn|9\n|\n|t:|1774636382\n|move|p2b: Koraidon|Protect|p2b: Koraidon\n|-singleturn|p2b: Koraidon|Protect\n|move|p1a: Calyrex|Glacial Lance|p2b: Koraidon\n|-activate|p2b: Koraidon|move: Protect\n|\n|-weather|SunnyDay|[upkeep]\n|-heal|p1a: Calyrex|29/100|[from] item: Leftovers\n|-sideend|p1: jd8erh|Reflect\n|upkeep\n|turn|10\n|\n|t:|1774636388\n|-terastallize|p2b: Koraidon|Fire\n|move|p1a: Calyrex|Glacial Lance|p2b: Koraidon\n|-resisted|p2b: Koraidon\n|-damage|p2b: Koraidon|14/100\n|move|p2b: Koraidon|Flare Blitz|p1a: Calyrex\n|-supereffective|p1a: Calyrex\n|-damage|p1a: Calyrex|0 fnt\n|faint|p1a: Calyrex\n|-damage|p2b: Koraidon|4/100|[from] Recoil\n|-damage|p2b: Koraidon|0 fnt|[from] item: Life Orb\n|faint|p2b: Koraidon\n|\n|win|rainbowpillar\n|raw|jd8erh's rating: 1506 &rarr; <strong>1484</strong><br />(-22 for losing)\n|raw|rainbowpillar's rating: 1464 &rarr; <strong>1486</strong><br />(+22 for winning)\n|l|\u2606jd8erh\n|player|p1|\n|l|\u2606rainbowpillar\n|player|p2|\n","uploadtime":1774636566,"views":17,"formatid":"gen9vgc2026regi","rating":1484,"private":0,"password":null}