{"id":"gen9vgc2026regi-2560668573","format":"[Gen 9] VGC 2026 Reg I","players":["ronnoc02","It'sJustKen VGC"],"log":"|j|\u2606ronnoc02\n|j|\u2606It'sJustKen VGC\n|t:|1773710473\n|gametype|doubles\n|player|p1|ronnoc02|102|1410\n|player|p2|It'sJustKen VGC|2|1422\n|gen|9\n|tier|[Gen 9] VGC 2026 Reg I\n|rated|\n|rule|Species Clause: Limit one of each Pok\u00e9mon\n|rule|Item Clause: Limit 1 of each item\n|clearpoke\n|poke|p1|Rayquaza, L50|\n|poke|p1|Lunala, L50|\n|poke|p1|Weezing-Galar, L50, F|\n|poke|p1|Chi-Yu, L50|\n|poke|p1|Ogerpon-Hearthflame, L50, F|\n|poke|p1|Urshifu-*, L50, M|\n|poke|p2|Smeargle, L50, M|\n|poke|p2|Terapagos, L50, M|\n|poke|p2|Tatsugiri, L50, M|\n|poke|p2|Dondozo, L50, M|\n|poke|p2|Chien-Pao, L50|\n|poke|p2|Dragonite, L50, F|\n|teampreview|4\n|inactive|Battle timer is ON: inactive players will automatically lose when time's up. (requested by It'sJustKen VGC)\n|\n|t:|1773710492\n|teamsize|p1|4\n|teamsize|p2|4\n|start\n|switch|p1a: Lunala|Lunala, L50|100/100\n|switch|p1b: Urshifu|Urshifu-Rapid-Strike, L50, M|100/100\n|switch|p2a: Smeargle|Smeargle, L50, M|100/100\n|switch|p2b: Terapagos|Terapagos, L50, M|100/100\n|-activate|p2b: Terapagos|ability: Tera Shift\n|detailschange|p2b: Terapagos|Terapagos-Terastal, L50, M\n|-heal|p2b: Terapagos|100/100|[silent]\n|turn|1\n|inactive|It'sJustKen VGC has 30 seconds left.\n|\n|t:|1773710524\n|move|p1b: Urshifu|Detect|p1b: Urshifu\n|-singleturn|p1b: Urshifu|Protect\n|move|p2a: Smeargle|Spore|p1a: Lunala\n|-status|p1a: Lunala|slp|[from] move: Spore\n|move|p2b: Terapagos|Tera Starstorm|p1b: Urshifu\n|-activate|p1b: Urshifu|move: Protect\n|cant|p1a: Lunala|slp\n|\n|-ability|p2a: Smeargle|Moody|boost\n|-boost|p2a: Smeargle|spa|2\n|-unboost|p2a: Smeargle|def|1\n|upkeep\n|turn|2\n|\n|t:|1773710536\n|switch|p1a: Weezing|Weezing-Galar, L50, F, shiny|100/100\n|-ability|p1a: Weezing|Neutralizing Gas\n|-terastallize|p2b: Terapagos|Stellar\n|detailschange|p2b: Terapagos|Terapagos-Stellar, L50, M, tera:Stellar\n|-heal|p2b: Terapagos|100/100|[silent]\n|move|p1b: Urshifu|Close Combat|p2b: Terapagos\n|-supereffective|p2b: Terapagos\n|-damage|p2b: Terapagos|16/100\n|-unboost|p1b: Urshifu|def|1\n|-unboost|p1b: Urshifu|spd|1\n|move|p2a: Smeargle|Spore|p1b: Urshifu\n|-status|p1b: Urshifu|slp|[from] move: Spore\n|move|p2b: Terapagos|Tera Starstorm|p1b: Urshifu|[spread] p1a,p1b\n|-damage|p1a: Weezing|37/100\n|-enditem|p1b: Urshifu|Focus Sash\n|-damage|p1b: Urshifu|1/100 slp\n|\n|-heal|p1a: Weezing|43/100|[from] item: Leftovers\n|upkeep\n|turn|3\n|\n|t:|1773710549\n|move|p1a: Weezing|Protect|p1a: Weezing\n|-singleturn|p1a: Weezing|Protect\n|cant|p1b: Urshifu|slp\n|move|p2a: Smeargle|Decorate|p2b: Terapagos\n|-boost|p2b: Terapagos|atk|2\n|-boost|p2b: Terapagos|spa|2\n|move|p2b: Terapagos|Tera Starstorm|p1b: Urshifu|[spread] p1b\n|-activate|p1a: Weezing|move: Protect\n|-damage|p1b: Urshifu|0 fnt\n|faint|p1b: Urshifu\n|\n|-heal|p1a: Weezing|49/100|[from] item: Leftovers\n|upkeep\n|\n|t:|1773710553\n|switch|p1b: Rayquaza|Rayquaza, L50, shiny|100/100\n|turn|4\n|j| SamLovesPombon\n|\n|t:|1773710570\n|-terastallize|p1b: Rayquaza|Normal\n|move|p1b: Rayquaza|Extreme Speed|p2b: Terapagos\n|-damage|p2b: Terapagos|0 fnt\n|faint|p2b: Terapagos\n|detailschange|p2: Terapagos|Terapagos, L50, M|[silent]\n|-damage|p1b: Rayquaza|91/100|[from] item: Life Orb\n|move|p2a: Smeargle|Spore|p1a: Weezing\n|-status|p1a: Weezing|slp|[from] move: Spore\n|cant|p1a: Weezing|slp\n|\n|-heal|p1a: Weezing|55/100 slp|[from] item: Leftovers\n|upkeep\n|\n|t:|1773710577\n|switch|p2b: Dondozo|Dondozo, L50, M|100/100\n|turn|5\n|\n|t:|1773710583\n|move|p1b: Rayquaza|Protect|p1b: Rayquaza\n|-singleturn|p1b: Rayquaza|Protect\n|move|p2a: Smeargle|Decorate|p2b: Dondozo\n|-boost|p2b: Dondozo|atk|2\n|-boost|p2b: Dondozo|spa|2\n|move|p2b: Dondozo|Earthquake|p1b: Rayquaza|[spread] p2a,p1a\n|-activate|p1b: Rayquaza|move: Protect\n|-supereffective|p1a: Weezing\n|-enditem|p2a: Smeargle|Focus Sash\n|-damage|p2a: Smeargle|1/100\n|-damage|p1a: Weezing|0 fnt\n|faint|p1a: Weezing\n|-end|p1a: Weezing|ability: Neutralizing Gas\n|\n|-ability|p2a: Smeargle|Moody|boost\n|-boost|p2a: Smeargle|spa|2\n|-unboost|p2a: Smeargle|def|1\n|upkeep\n|\n|t:|1773710593\n|switch|p1a: Lunala|Lunala, L50|100/100 slp\n|turn|6\n|\n|t:|1773710600\n|switch|p2a: Tatsugiri|Tatsugiri, L50, M|100/100\n|-activate|p2a: Tatsugiri|ability: Commander|[of] p2b: Dondozo\n|-boost|p2b: Dondozo|atk|2\n|-boost|p2b: Dondozo|spa|2\n|-boost|p2b: Dondozo|spe|2\n|-boost|p2b: Dondozo|def|2\n|-boost|p2b: Dondozo|spd|2\n|move|p2b: Dondozo|Order Up|p1b: Rayquaza\n|-damage|p1b: Rayquaza|11/100\n|-boost|p2b: Dondozo|atk|1\n|move|p1b: Rayquaza|Dragon Ascent|p2b: Dondozo\n|-damage|p2b: Dondozo|64/100\n|-unboost|p1b: Rayquaza|def|1\n|-unboost|p1b: Rayquaza|spd|1\n|-damage|p1b: Rayquaza|1/100|[from] item: Life Orb\n|-curestatus|p1a: Lunala|slp|[msg]\n|move|p1a: Lunala|Meteor Beam||[still]\n|-prepare|p1a: Lunala|Meteor Beam\n|-boost|p1a: Lunala|spa|1\n|-enditem|p1a: Lunala|Power Herb\n|-anim|p1a: Lunala|Meteor Beam|p2b: Dondozo\n|-damage|p2b: Dondozo|25/100\n|\n|upkeep\n|turn|7\n|\n|t:|1773710611\n|move|p1b: Rayquaza|Extreme Speed|p2b: Dondozo\n|-damage|p2b: Dondozo|0 fnt\n|faint|p2b: Dondozo\n|-damage|p1b: Rayquaza|0 fnt|[from] item: Life Orb\n|faint|p1b: Rayquaza\n|move|p1a: Lunala|Moongeist Beam|p2a: Tatsugiri\n|-damage|p2a: Tatsugiri|0 fnt\n|faint|p2a: Tatsugiri\n|\n|upkeep\n|c|\u2606ronnoc02|gg\n|\n|t:|1773710618\n|switch|p2a: Smeargle|Smeargle, L50, M|1/100\n|turn|8\n|c|\u2606It'sJustKen VGC|gg\n|-message|It'sJustKen VGC forfeited.\n|\n|win|ronnoc02\n|raw|ronnoc02's rating: 1410 &rarr; <strong>1431</strong><br />(+21 for winning)\n|raw|It&apos;sJustKen VGC's rating: 1422 &rarr; <strong>1401</strong><br />(-21 for losing)\n|l|\u2606ronnoc02\n|player|p1|\n|l|\u2606It'sJustKen VGC\n|player|p2|\n","uploadtime":1773710835,"views":11,"formatid":"gen9vgc2026regi","rating":1401,"private":0,"password":null}