{"id":"gen9vgc2026regi-2523019507","format":"[Gen 9] VGC 2026 Reg I","players":["xiaoliyunVGC","no1.pokemon"],"log":"|j|\u2606xiaoliyunVGC\n|j|\u2606no1.pokemon\n|t:|1768972656\n|gametype|doubles\n|player|p1|xiaoliyunVGC|liko|1444\n|player|p2|no1.pokemon|n-masters|1348\n|gen|9\n|tier|[Gen 9] VGC 2026 Reg I\n|rated|\n|rule|Species Clause: Limit one of each Pok\u00e9mon\n|rule|Item Clause: Limit 1 of each item\n|clearpoke\n|poke|p1|Zamazenta-*, L50|\n|poke|p1|Kyogre, L50|\n|poke|p1|Raichu, L50, F|\n|poke|p1|Flutter Mane, L50|\n|poke|p1|Tornadus, L50, M|\n|poke|p1|Kingambit, L50, M|\n|poke|p2|Farigiraf, L50, F|\n|poke|p2|Koraidon, L50|\n|poke|p2|Whimsicott, L50, F|\n|poke|p2|Calyrex-Shadow, L50|\n|poke|p2|Weezing-Galar, L50, F|\n|poke|p2|Indeedee-F, L50, F|\n|teampreview|4\n|inactive|Battle timer is ON: inactive players will automatically lose when time's up. (requested by no1.pokemon)\n|inactive|xiaoliyunVGC also wants the timer to be on.\n|\n|t:|1768972680\n|teamsize|p1|4\n|teamsize|p2|4\n|start\n|switch|p1a: Zamazenta|Zamazenta-Crowned, L50, shiny|100/100\n|switch|p1b: Raichu|Raichu, L50, F|100/100\n|switch|p2a: Calyrex|Calyrex-Shadow, L50|100/100\n|switch|p2b: Whimsicott|Whimsicott, L50, F, shiny|100/100\n|-ability|p2a: Calyrex|As One\n|-ability|p2a: Calyrex|Unnerve\n|-ability|p1a: Zamazenta|Dauntless Shield|boost\n|-boost|p1a: Zamazenta|def|1\n|turn|1\n|\n|t:|1768972704\n|move|p2b: Whimsicott|Tailwind|p2b: Whimsicott\n|-sidestart|p2: no1.pokemon|move: Tailwind\n|move|p2a: Calyrex|Astral Barrage|p1a: Zamazenta|[spread] p1a,p1b\n|-damage|p1a: Zamazenta|47/100\n|-enditem|p1b: Raichu|Focus Sash\n|-damage|p1b: Raichu|1/100\n|move|p1b: Raichu|Nuzzle|p2a: Calyrex\n|-damage|p2a: Calyrex|93/100\n|-status|p2a: Calyrex|par\n|move|p1a: Zamazenta|Behemoth Bash|p2b: Whimsicott\n|-supereffective|p2b: Whimsicott\n|-enditem|p2b: Whimsicott|Focus Sash\n|-damage|p2b: Whimsicott|1/100\n|\n|upkeep\n|turn|2\n|\n|t:|1768972727\n|move|p1a: Zamazenta|Wide Guard|p1a: Zamazenta\n|-singleturn|p1a: Zamazenta|Wide Guard\n|move|p1b: Raichu|Feint|p2b: Whimsicott\n|-damage|p2b: Whimsicott|0 fnt\n|faint|p2b: Whimsicott\n|move|p2a: Calyrex|Astral Barrage|p1b: Raichu|[spread] \n|-activate|p1a: Zamazenta|move: Wide Guard\n|-activate|p1b: Raichu|move: Wide Guard\n|\n|upkeep\n|\n|t:|1768972736\n|switch|p2b: Koraidon|Koraidon, L50, shiny|100/100\n|-weather|SunnyDay|[from] ability: Orichalcum Pulse|[of] p2b: Koraidon\n|-activate|p2b: Koraidon|Orichalcum Pulse|[source]\n|turn|3\n|\n|t:|1768972745\n|-terastallize|p2b: Koraidon|Fire\n|move|p1a: Zamazenta|Wide Guard|p1a: Zamazenta\n|-singleturn|p1a: Zamazenta|Wide Guard\n|move|p2b: Koraidon|Flame Charge|p1b: Raichu\n|-damage|p1b: Raichu|0 fnt\n|-boost|p2b: Koraidon|spe|1\n|faint|p1b: Raichu\n|move|p2a: Calyrex|Astral Barrage|p1a: Zamazenta\n|-activate|p1a: Zamazenta|move: Wide Guard\n|\n|-weather|SunnyDay|[upkeep]\n|upkeep\n|\n|t:|1768972753\n|switch|p1b: Kyogre|Kyogre, L50|100/100\n|-weather|RainDance|[from] ability: Drizzle|[of] p1b: Kyogre\n|turn|4\n|\n|t:|1768972773\n|move|p1a: Zamazenta|Wide Guard|p1a: Zamazenta\n|-singleturn|p1a: Zamazenta|Wide Guard\n|move|p2b: Koraidon|Collision Course|p1b: Kyogre\n|-damage|p1b: Kyogre|30/100\n|move|p1b: Kyogre|Origin Pulse|p2b: Koraidon|[spread] p2a,p2b\n|-supereffective|p2b: Koraidon\n|-damage|p2a: Calyrex|18/100 par\n|-damage|p2b: Koraidon|18/100\n|move|p2a: Calyrex|Astral Barrage|p1b: Kyogre|[spread] \n|-activate|p1a: Zamazenta|move: Wide Guard\n|-activate|p1b: Kyogre|move: Wide Guard\n|\n|-weather|RainDance|[upkeep]\n|-sideend|p2: no1.pokemon|move: Tailwind\n|upkeep\n|turn|5\n|\n|t:|1768972790\n|move|p2b: Koraidon|Collision Course|p1b: Kyogre\n|-damage|p1b: Kyogre|0 fnt\n|faint|p1b: Kyogre\n|move|p1a: Zamazenta|Behemoth Bash|p2a: Calyrex\n|-damage|p2a: Calyrex|0 fnt\n|faint|p2a: Calyrex\n|\n|-weather|RainDance|[upkeep]\n|upkeep\n|\n|t:|1768972799\n|switch|p2a: Farigiraf|Farigiraf, L50, F|100/100\n|switch|p1b: Tornadus|Tornadus, L50, M|100/100\n|turn|6\n|\n|t:|1768972812\n|move|p1a: Zamazenta|Protect|p1a: Zamazenta\n|-singleturn|p1a: Zamazenta|Protect\n|move|p2b: Koraidon|Collision Course|p1a: Zamazenta\n|-activate|p1a: Zamazenta|move: Protect\n|move|p1b: Tornadus|Hurricane|p2b: Koraidon\n|-damage|p2b: Koraidon|0 fnt\n|faint|p2b: Koraidon\n|move|p2a: Farigiraf|Foul Play|p1a: Zamazenta\n|-activate|p1a: Zamazenta|move: Protect\n|\n|-weather|RainDance|[upkeep]\n|upkeep\n|turn|7\n|-message|no1.pokemon forfeited.\n|\n|win|xiaoliyunVGC\n|raw|xiaoliyunVGC's rating: 1444 &rarr; <strong>1459</strong><br />(+15 for winning)\n|raw|no1.pokemon's rating: 1348 &rarr; <strong>1333</strong><br />(-15 for losing)\n|l|\u2606no1.pokemon\n|player|p2|\n|l|\u2606xiaoliyunVGC\n|player|p1|\n","uploadtime":1768972978,"views":14,"formatid":"gen9vgc2026regi","rating":1333,"private":0,"password":null}