{"id":"gen9vgc2026regi-2589994462","format":"[Gen 9] VGC 2026 Reg I","players":["testhan92","xjj553"],"log":"|j|\u2606testhan92\n|j|\u2606xjj553\n|t:|1776779976\n|gametype|doubles\n|player|p1|testhan92|102|1441\n|player|p2|xjj553|cynthia|1546\n|gen|9\n|tier|[Gen 9] VGC 2026 Reg I\n|rated|\n|rule|Species Clause: Limit one of each Pok\u00e9mon\n|rule|Item Clause: Limit 1 of each item\n|clearpoke\n|poke|p1|Koraidon, L50|\n|poke|p1|Calyrex-Ice, L50|\n|poke|p1|Rillaboom, L50, F|\n|poke|p1|Incineroar, L50, M|\n|poke|p1|Smeargle, L50, F|\n|poke|p1|Landorus, L50, M|\n|poke|p2|Raging Bolt, L50|\n|poke|p2|Whimsicott, L50, M|\n|poke|p2|Chien-Pao, L50|\n|poke|p2|Zamazenta-*, L50|\n|poke|p2|Calyrex-Shadow, L50|\n|poke|p2|Incineroar, L50, M|\n|teampreview|4\n|inactive|Battle timer is ON: inactive players will automatically lose when time's up. (requested by xjj553)\n|inactive|testhan92 has 60 seconds left.\n|\n|t:|1776780012\n|teamsize|p1|4\n|teamsize|p2|4\n|start\n|switch|p1a: Calyrex|Calyrex-Ice, L50|100/100\n|switch|p1b: Smeargle|Smeargle, L50, F|100/100\n|switch|p2a: Chien-Pao|Chien-Pao, L50|100/100\n|switch|p2b: Incineroar|Incineroar, L50, M|100/100\n|-ability|p1a: Calyrex|As One\n|-ability|p1a: Calyrex|Unnerve\n|-ability|p2a: Chien-Pao|Sword of Ruin\n|-ability|p2b: Incineroar|Intimidate|boost\n|-unboost|p1a: Calyrex|atk|1\n|-unboost|p1b: Smeargle|atk|1\n|turn|1\n|\n|t:|1776780022\n|-terastallize|p2a: Chien-Pao|Ghost\n|move|p1b: Smeargle|Spiky Shield|p1b: Smeargle\n|-singleturn|p1b: Smeargle|move: Protect\n|move|p1a: Calyrex|Protect|p1a: Calyrex\n|-singleturn|p1a: Calyrex|Protect\n|move|p2a: Chien-Pao|Taunt|p1a: Calyrex\n|-activate|p1a: Calyrex|move: Protect\n|move|p2b: Incineroar|Will-O-Wisp|p1a: Calyrex\n|-activate|p1a: Calyrex|move: Protect\n|\n|-ability|p1b: Smeargle|Moody|boost\n|-boost|p1b: Smeargle|spa|2\n|-unboost|p1b: Smeargle|atk|1\n|upkeep\n|turn|2\n|\n|t:|1776780048\n|switch|p1a: Incineroar|Incineroar, L50, M|100/100\n|-ability|p1a: Incineroar|Intimidate|boost\n|-unboost|p2a: Chien-Pao|atk|1\n|-unboost|p2b: Incineroar|atk|1\n|move|p2a: Chien-Pao|Taunt|p1a: Incineroar\n|-start|p1a: Incineroar|move: Taunt\n|move|p1b: Smeargle|Spore|p2a: Chien-Pao\n|-status|p2a: Chien-Pao|slp|[from] move: Spore\n|move|p2b: Incineroar|Knock Off|p1a: Incineroar\n|-resisted|p1a: Incineroar\n|-damage|p1a: Incineroar|87/100\n|-enditem|p1a: Incineroar|Safety Goggles|[from] move: Knock Off|[of] p2b: Incineroar\n|\n|-ability|p1b: Smeargle|Moody|boost\n|-boost|p1b: Smeargle|spe|2\n|-unboost|p1b: Smeargle|def|1\n|upkeep\n|turn|3\n|inactive|xjj553 has 30 seconds left.\n|\n|t:|1776780075\n|move|p1b: Smeargle|Spore|p2b: Incineroar\n|-status|p2b: Incineroar|slp|[from] move: Spore\n|cant|p2a: Chien-Pao|slp\n|cant|p2b: Incineroar|slp\n|move|p1a: Incineroar|Knock Off|p2a: Chien-Pao\n|-supereffective|p2a: Chien-Pao\n|-enditem|p2a: Chien-Pao|Focus Sash\n|-damage|p2a: Chien-Pao|1/100 slp\n|\n|-ability|p1b: Smeargle|Moody|boost\n|-boost|p1b: Smeargle|def|2\n|-unboost|p1b: Smeargle|spa|1\n|upkeep\n|turn|4\n|\n|t:|1776780083\n|switch|p1a: Calyrex|Calyrex-Ice, L50|100/100\n|-ability|p1a: Calyrex|As One\n|-ability|p1a: Calyrex|Unnerve\n|move|p1b: Smeargle|Ruination|p2b: Incineroar\n|-damage|p2b: Incineroar|50/100 slp\n|cant|p2a: Chien-Pao|slp\n|cant|p2b: Incineroar|slp\n|\n|-ability|p1b: Smeargle|Moody|boost\n|-boost|p1b: Smeargle|spe|2\n|-unboost|p1b: Smeargle|def|1\n|upkeep\n|turn|5\n|c|\u2606xjj553|you really are one hell of a player\n|c|\u2606xjj553|aint ya\n|c|\u2606xjj553|go hang\n|-message|xjj553 forfeited.\n|\n|win|testhan92\n|raw|testhan92's rating: 1441 &rarr; <strong>1467</strong><br />(+26 for winning)\n|raw|xjj553's rating: 1546 &rarr; <strong>1520</strong><br />(-26 for losing)\n|l|\u2606xjj553\n|player|p2|\n","uploadtime":1776780107,"views":21,"formatid":"gen9vgc2026regi","rating":1467,"private":0,"password":null}