{"id":"gen9vgc2026regi-2550818682","format":"[Gen 9] VGC 2026 Reg I","players":["CHR1SPHX","diegooff01"],"log":"|j|\u2606CHR1SPHX\n|j|\u2606diegooff01\n|t:|1772537726\n|gametype|doubles\n|player|p1|CHR1SPHX|hilbert-wonderlauncher|1076\n|player|p2|diegooff01|riley|1069\n|gen|9\n|tier|[Gen 9] VGC 2026 Reg I\n|rated|\n|rule|Species Clause: Limit one of each Pok\u00e9mon\n|rule|Item Clause: Limit 1 of each item\n|clearpoke\n|poke|p1|Ursaluna-Bloodmoon, L50, M|\n|poke|p1|Rillaboom, L50, M|\n|poke|p1|Incineroar, L50, M|\n|poke|p1|Koraidon, L50|\n|poke|p1|Flutter Mane, L50|\n|poke|p1|Calyrex-Ice, L50|\n|poke|p2|Terapagos, L50, M|\n|poke|p2|Slowbro, L50, M|\n|poke|p2|Groudon, L50|\n|poke|p2|Incineroar, L50, F|\n|poke|p2|Amoonguss, L50, F|\n|poke|p2|Urshifu-*, L50, M|\n|teampreview|4\n|inactive|Battle timer is ON: inactive players will automatically lose when time's up. (requested by diegooff01)\n|inactive|CHR1SPHX also wants the timer to be on.\n|inactive|CHR1SPHX has 60 seconds left.\n|inactive|diegooff01 has 60 seconds left.\n|inactive|diegooff01 has 30 seconds left.\n|inactive|diegooff01 has 20 seconds left.\n|inactive|diegooff01 has 15 seconds left.\n|inactive|diegooff01 has 10 seconds left.\n|\n|t:|1772537809\n|teamsize|p1|4\n|teamsize|p2|4\n|start\n|switch|p1a: Koraidon|Koraidon, L50|100/100\n|switch|p1b: Incineroar|Incineroar, L50, M|100/100\n|switch|p2a: Groudon|Groudon, L50|100/100\n|switch|p2b: Amoonguss|Amoonguss, L50, F, shiny|100/100\n|-weather|SunnyDay|[from] ability: Orichalcum Pulse|[of] p1a: Koraidon\n|-activate|p1a: Koraidon|Orichalcum Pulse|[source]\n|-ability|p1b: Incineroar|Intimidate|boost\n|-fail|p2a: Groudon|unboost|[from] item: Clear Amulet|[of] p2a: Groudon\n|-unboost|p2b: Amoonguss|atk|1\n|turn|1\n|inactive|diegooff01 has 30 seconds left.\n|inactive|diegooff01 has 20 seconds left.\n|inactive|diegooff01 has 15 seconds left.\n|\n|t:|1772537854\n|switch|p1a: Rillaboom|Rillaboom, L50, M|100/100\n|-fieldstart|move: Grassy Terrain|[from] ability: Grassy Surge|[of] p1a: Rillaboom\n|move|p1b: Incineroar|Fake Out|p2a: Groudon\n|-damage|p2a: Groudon|93/100\n|move|p2b: Amoonguss|Rage Powder|p2b: Amoonguss\n|-singleturn|p2b: Amoonguss|move: Rage Powder\n|cant|p2a: Groudon|flinch\n|\n|-weather|SunnyDay|[upkeep]\n|-heal|p2a: Groudon|99/100|[from] Grassy Terrain\n|upkeep\n|turn|2\n|inactive|CHR1SPHX has 30 seconds left.\n|inactive|diegooff01 has 30 seconds left.\n|\n|t:|1772537883\n|switch|p2b: Slowbro|Slowbro, L50, M, shiny|100/100\n|move|p2a: Groudon|Heat Crash|p1a: Rillaboom\n|-supereffective|p1a: Rillaboom\n|-damage|p1a: Rillaboom|0 fnt\n|faint|p1a: Rillaboom\n|move|p1b: Incineroar|Flare Blitz|p2b: Slowbro\n|-resisted|p2b: Slowbro\n|-damage|p2b: Slowbro|78/100\n|-damage|p1b: Incineroar|93/100|[from] Recoil\n|\n|-weather|SunnyDay|[upkeep]\n|-heal|p2a: Groudon|100/100|[from] Grassy Terrain\n|-heal|p1b: Incineroar|99/100|[from] Grassy Terrain\n|-heal|p2b: Slowbro|84/100|[from] Grassy Terrain\n|upkeep\n|\n|t:|1772537896\n|switch|p1a: Flutter Mane|Flutter Mane, L50|100/100\n|-activate|p1a: Flutter Mane|ability: Protosynthesis\n|-start|p1a: Flutter Mane|protosynthesisspe\n|turn|3\n|\n|t:|1772537912\n|-terastallize|p1b: Incineroar|Grass\n|move|p2b: Slowbro|Helping Hand|p2a: Groudon\n|-singleturn|p2a: Groudon|Helping Hand|[of] p2b: Slowbro\n|move|p1a: Flutter Mane|Shadow Ball|p2a: Groudon\n|-damage|p2a: Groudon|62/100\n|move|p2a: Groudon|Precipice Blades|p1a: Flutter Mane|[spread] \n|-miss|p2a: Groudon|p1a: Flutter Mane\n|-miss|p2a: Groudon|p1b: Incineroar\n|move|p1b: Incineroar|Taunt|p2b: Slowbro\n|-immune|p2b: Slowbro|[from] ability: Oblivious\n|\n|-weather|SunnyDay|[upkeep]\n|-heal|p2a: Groudon|68/100|[from] Grassy Terrain\n|-heal|p1b: Incineroar|100/100|[from] Grassy Terrain\n|-heal|p2b: Slowbro|90/100|[from] Grassy Terrain\n|upkeep\n|turn|4\n|inactive|diegooff01 has 30 seconds left.\n|\n|t:|1772537946\n|move|p2a: Groudon|Protect|p2a: Groudon\n|-singleturn|p2a: Groudon|Protect\n|move|p1a: Flutter Mane|Icy Wind|p2a: Groudon|[spread] p2b\n|-activate|p2a: Groudon|move: Protect\n|-resisted|p2b: Slowbro\n|-damage|p2b: Slowbro|83/100\n|-unboost|p2b: Slowbro|spe|1\n|move|p1b: Incineroar|Parting Shot|p2b: Slowbro\n|-unboost|p2b: Slowbro|atk|1\n|-unboost|p2b: Slowbro|spa|1\n|\n|t:|1772537952\n|switch|p1b: Koraidon|Koraidon, L50|100/100|[from] Parting Shot\n|-activate|p1b: Koraidon|ability: Orichalcum Pulse\n|move|p2b: Slowbro|Trick Room|p2b: Slowbro\n|-fieldstart|move: Trick Room|[of] p2b: Slowbro\n|\n|-weather|SunnyDay|[upkeep]\n|-heal|p2b: Slowbro|89/100|[from] Grassy Terrain\n|-heal|p2a: Groudon|74/100|[from] Grassy Terrain\n|upkeep\n|turn|5\n|\n|t:|1772537974\n|move|p2b: Slowbro|Heal Pulse|p2a: Groudon\n|-heal|p2a: Groudon|100/100\n|move|p2a: Groudon|Heat Crash|p1a: Flutter Mane\n|-enditem|p1a: Flutter Mane|Focus Sash\n|-damage|p1a: Flutter Mane|1/100\n|move|p1b: Koraidon|Collision Course|p2a: Groudon\n|-damage|p2a: Groudon|54/100\n|move|p1a: Flutter Mane|Shadow Ball|p2b: Slowbro\n|-supereffective|p2b: Slowbro\n|-damage|p2b: Slowbro|2/100\n|\n|-weather|none\n|-end|p1a: Flutter Mane|Protosynthesis\n|-heal|p2b: Slowbro|8/100|[from] Grassy Terrain\n|-heal|p2a: Groudon|60/100|[from] Grassy Terrain\n|-heal|p1a: Flutter Mane|7/100|[from] Grassy Terrain\n|-fieldend|move: Grassy Terrain\n|upkeep\n|turn|6\n|\n|t:|1772537998\n|move|p1a: Flutter Mane|Protect|p1a: Flutter Mane\n|-singleturn|p1a: Flutter Mane|Protect\n|move|p2b: Slowbro|Heal Pulse|p2a: Groudon\n|-heal|p2a: Groudon|100/100\n|move|p2a: Groudon|Precipice Blades|p1b: Koraidon|[spread] p1b\n|-activate|p1a: Flutter Mane|move: Protect\n|-damage|p1b: Koraidon|56/100\n|move|p1b: Koraidon|Breaking Swipe|p2a: Groudon|[spread] p2a,p2b\n|-damage|p2a: Groudon|87/100\n|-damage|p2b: Slowbro|0 fnt\n|faint|p2b: Slowbro\n|\n|upkeep\n|\n|t:|1772538015\n|switch|p2b: Amoonguss|Amoonguss, L50, F, shiny|100/100\n|turn|7\n|\n|t:|1772538031\n|-end|p1a: Flutter Mane|Protosynthesis|[silent]\n|switch|p1a: Incineroar|Incineroar, L50, M, tera:Grass|100/100\n|-ability|p1a: Incineroar|Intimidate|boost\n|-fail|p2a: Groudon|unboost|[from] item: Clear Amulet|[of] p2a: Groudon\n|-unboost|p2b: Amoonguss|atk|1\n|move|p2b: Amoonguss|Pollen Puff|p1a: Incineroar\n|-supereffective|p1a: Incineroar\n|-damage|p1a: Incineroar|76/100\n|move|p2a: Groudon|Precipice Blades|p1b: Koraidon|[spread] p1a,p1b\n|-resisted|p1a: Incineroar\n|-damage|p1a: Incineroar|50/100\n|-damage|p1b: Koraidon|5/100\n|move|p1b: Koraidon|Collision Course|p2a: Groudon\n|-damage|p2a: Groudon|57/100\n|\n|upkeep\n|turn|8\n|inactive|CHR1SPHX has 30 seconds left.\n|inactive|diegooff01 has 30 seconds left.\n|\n|t:|1772538061\n|move|p1a: Incineroar|Fake Out|p2b: Amoonguss\n|-damage|p2b: Amoonguss|91/100\n|-damage|p1a: Incineroar|33/100|[from] item: Rocky Helmet|[of] p2b: Amoonguss\n|cant|p2b: Amoonguss|flinch\n|move|p2a: Groudon|Heat Crash|p1a: Incineroar\n|-supereffective|p1a: Incineroar\n|-damage|p1a: Incineroar|0 fnt\n|faint|p1a: Incineroar\n|move|p1b: Koraidon|Collision Course|p2a: Groudon\n|-damage|p2a: Groudon|21/100\n|\n|-fieldend|move: Trick Room\n|upkeep\n|\n|t:|1772538071\n|switch|p1a: Flutter Mane|Flutter Mane, L50|7/100\n|turn|9\n|\n|t:|1772538083\n|move|p2a: Groudon|Protect|p2a: Groudon\n|-singleturn|p2a: Groudon|Protect\n|move|p2b: Amoonguss|Rage Powder|p2b: Amoonguss\n|-singleturn|p2b: Amoonguss|move: Rage Powder\n|move|p1a: Flutter Mane|Dazzling Gleam|p2b: Amoonguss|[spread] p2b\n|-activate|p2a: Groudon|move: Protect\n|-resisted|p2b: Amoonguss\n|-damage|p2b: Amoonguss|79/100\n|move|p1b: Koraidon|Flare Blitz|p2b: Amoonguss\n|-supereffective|p2b: Amoonguss\n|-damage|p2b: Amoonguss|12/100\n|-damage|p1b: Koraidon|0 fnt|[from] item: Rocky Helmet|[of] p2b: Amoonguss\n|faint|p1b: Koraidon\n|\n|upkeep\n|turn|10\n|\n|t:|1772538095\n|move|p1a: Flutter Mane|Dazzling Gleam|p2b: Amoonguss|[spread] p2a,p2b\n|-crit|p2a: Groudon\n|-resisted|p2b: Amoonguss\n|-damage|p2a: Groudon|0 fnt\n|-damage|p2b: Amoonguss|1/100\n|faint|p2a: Groudon\n|move|p2b: Amoonguss|Pollen Puff|p1a: Flutter Mane\n|-resisted|p1a: Flutter Mane\n|-damage|p1a: Flutter Mane|3/100\n|\n|upkeep\n|\n|t:|1772538105\n|switch|p2a: Terapagos|Terapagos, L50, M|100/100\n|-activate|p2a: Terapagos|ability: Tera Shift\n|detailschange|p2a: Terapagos|Terapagos-Terastal, L50, M\n|-heal|p2a: Terapagos|100/100|[silent]\n|turn|11\n|\n|t:|1772538116\n|move|p1a: Flutter Mane|Dazzling Gleam|p2b: Amoonguss|[spread] p2a,p2b\n|-activate|p2a: Terapagos|ability: Tera Shell\n|-resisted|p2a: Terapagos\n|-resisted|p2b: Amoonguss\n|-damage|p2a: Terapagos|87/100\n|-damage|p2b: Amoonguss|0 fnt\n|faint|p2b: Amoonguss\n|move|p2a: Terapagos|Earth Power|p1a: Flutter Mane\n|-damage|p1a: Flutter Mane|0 fnt\n|faint|p1a: Flutter Mane\n|-end|p1a: Flutter Mane|Protosynthesis|[silent]\n|\n|win|diegooff01\n|raw|CHR1SPHX's rating: 1076 &rarr; <strong>1054</strong><br />(-22 for losing)\n|raw|diegooff01's rating: 1069 &rarr; <strong>1099</strong><br />(+30 for winning)\n|l|\u2606CHR1SPHX\n|player|p1|\n|l|\u2606diegooff01\n|player|p2|\n","uploadtime":1772538505,"views":12,"formatid":"gen9vgc2026regi","rating":1054,"private":0,"password":null}