{"id":"gen9vgc2026regi-2573799735","format":"[Gen 9] VGC 2026 Reg I","players":["CrazyyBoi","1VLTSQ Joker"],"log":"|raw|<div class=\"broadcast-blue\"><strong>This battle is required to be public due to a player having a name starting with '1vltsq'.</div>\n|j|\u2606CrazyyBoi\n|j|\u26061VLTSQ Joker\n|t:|1775166068\n|gametype|doubles\n|player|p1|CrazyyBoi|1|1460\n|player|p2|1VLTSQ Joker|blue|1596\n|gen|9\n|tier|[Gen 9] VGC 2026 Reg I\n|rated|\n|rule|Species Clause: Limit one of each Pok\u00e9mon\n|rule|Item Clause: Limit 1 of each item\n|clearpoke\n|poke|p1|Koraidon, L50|\n|poke|p1|Scream Tail, L50|\n|poke|p1|Gothitelle, L50, F|\n|poke|p1|Incineroar, L50, M|\n|poke|p1|Flutter Mane, L50|\n|poke|p1|Calyrex-Ice, L50|\n|poke|p2|Calyrex-Ice, L50|\n|poke|p2|Smeargle, L50, M|\n|poke|p2|Kyogre, L50|\n|poke|p2|Maushold, L50|\n|poke|p2|Volcarona, L50, M|\n|poke|p2|Pawmot, L50, M|\n|teampreview|4\n|inactive|Battle timer is ON: inactive players will automatically lose when time's up. (requested by CrazyyBoi)\n|inactive|1VLTSQ Joker has 60 seconds left.\n|l|\u2606CrazyyBoi\n|inactive|CrazyyBoi disconnected and has a minute to reconnect!\n|player|p1|\n|j|\u2606CrazyyBoi\n|inactive|CrazyyBoi reconnected.\n|player|p1|CrazyyBoi|1|\n|\n|t:|1775166119\n|teamsize|p1|4\n|teamsize|p2|4\n|start\n|switch|p1a: Scream Tail|Scream Tail, L50|100/100\n|switch|p1b: Gothitelle|Gothitelle, L50, F|100/100\n|switch|p2a: Calyrex|Calyrex-Ice, L50|100/100\n|switch|p2b: Pawmot|Pawmot, L50, M|100/100\n|-ability|p2a: Calyrex|As One\n|-ability|p2a: Calyrex|Unnerve\n|turn|1\n|\n|t:|1775166135\n|move|p1b: Gothitelle|Fake Out|p2a: Calyrex\n|-damage|p2a: Calyrex|97/100\n|move|p2b: Pawmot|Nuzzle|p1a: Scream Tail\n|-crit|p1a: Scream Tail\n|-damage|p1a: Scream Tail|91/100\n|-status|p1a: Scream Tail|par\n|cant|p2a: Calyrex|flinch\n|cant|p1a: Scream Tail|par\n|\n|upkeep\n|turn|2\n|\n|t:|1775166148\n|move|p1b: Gothitelle|Protect|p1b: Gothitelle\n|-singleturn|p1b: Gothitelle|Protect\n|move|p2b: Pawmot|Nuzzle|p1b: Gothitelle\n|-activate|p1b: Gothitelle|move: Protect\n|move|p2a: Calyrex|Glacial Lance|p1b: Gothitelle|[spread] p1a\n|-activate|p1b: Gothitelle|move: Protect\n|-damage|p1a: Scream Tail|49/100 par\n|move|p1a: Scream Tail|Perish Song|p1a: Scream Tail\n|-start|p1a: Scream Tail|perish3|[silent]\n|-start|p1b: Gothitelle|perish3|[silent]\n|-start|p2a: Calyrex|perish3|[silent]\n|-start|p2b: Pawmot|perish3|[silent]\n|-fieldactivate|move: Perish Song\n|\n|-start|p2b: Pawmot|perish3\n|-start|p2a: Calyrex|perish3\n|-start|p1b: Gothitelle|perish3\n|-start|p1a: Scream Tail|perish3\n|upkeep\n|turn|3\n|\n|t:|1775166163\n|-end|p1a: Scream Tail|Protosynthesis|[silent]\n|switch|p1a: Incineroar|Incineroar, L50, M|100/100\n|-ability|p1a: Incineroar|Intimidate|boost\n|-unboost|p2a: Calyrex|atk|1\n|-unboost|p2b: Pawmot|atk|1\n|-enditem|p2b: Pawmot|Adrenaline Orb\n|-boost|p2b: Pawmot|spe|1|[from] item: Adrenaline Orb\n|move|p2b: Pawmot|Nuzzle|p1b: Gothitelle\n|-damage|p1b: Gothitelle|95/100\n|-status|p1b: Gothitelle|par\n|move|p2a: Calyrex|Glacial Lance|p1a: Incineroar|[spread] p1a,p1b\n|-resisted|p1a: Incineroar\n|-crit|p1a: Incineroar\n|-damage|p1a: Incineroar|65/100\n|-damage|p1b: Gothitelle|63/100 par\n|move|p1b: Gothitelle|Taunt|p2a: Calyrex\n|-start|p2a: Calyrex|move: Taunt\n|\n|-heal|p1b: Gothitelle|69/100 par|[from] item: Leftovers\n|-start|p2b: Pawmot|perish2\n|-start|p2a: Calyrex|perish2\n|-start|p1b: Gothitelle|perish2\n|upkeep\n|turn|4\n|inactive|CrazyyBoi has 30 seconds left.\n|inactive|CrazyyBoi has 20 seconds left.\n|\n|t:|1775166201\n|switch|p1b: Scream Tail|Scream Tail, L50|49/100 par\n|move|p2b: Pawmot|Close Combat|p1a: Incineroar\n|-supereffective|p1a: Incineroar\n|-damage|p1a: Incineroar|5/100\n|-unboost|p2b: Pawmot|def|1\n|-unboost|p2b: Pawmot|spd|1\n|move|p2a: Calyrex|Glacial Lance|p1b: Scream Tail|[spread] p1a,p1b\n|-resisted|p1a: Incineroar\n|-damage|p1a: Incineroar|0 fnt\n|-damage|p1b: Scream Tail|24/100 par\n|faint|p1a: Incineroar\n|-ability|p2a: Calyrex|Chilling Neigh|boost\n|-boost|p2a: Calyrex|atk|1\n|\n|-start|p2b: Pawmot|perish1\n|-start|p2a: Calyrex|perish1\n|upkeep\n|\n|t:|1775166212\n|switch|p1a: Gothitelle|Gothitelle, L50, F|69/100 par\n|turn|5\n|inactive|CrazyyBoi has 30 seconds left.\n|inactive|1VLTSQ Joker has 30 seconds left.\n|\n|t:|1775166238\n|-end|p1b: Scream Tail|Protosynthesis|[silent]\n|switch|p1b: Koraidon|Koraidon, L50|100/100\n|-weather|SunnyDay|[from] ability: Orichalcum Pulse|[of] p1b: Koraidon\n|-activate|p1b: Koraidon|Orichalcum Pulse|[source]\n|move|p1a: Gothitelle|Fake Out|p2a: Calyrex\n|-damage|p2a: Calyrex|94/100\n|move|p2b: Pawmot|Close Combat|p1a: Gothitelle\n|-resisted|p1a: Gothitelle\n|-damage|p1a: Gothitelle|55/100 par\n|-unboost|p2b: Pawmot|def|1\n|-unboost|p2b: Pawmot|spd|1\n|cant|p2a: Calyrex|flinch\n|\n|-weather|SunnyDay|[upkeep]\n|-heal|p1a: Gothitelle|62/100 par|[from] item: Leftovers\n|-start|p2b: Pawmot|perish0\n|-start|p2a: Calyrex|perish0\n|upkeep\n|faint|p2b: Pawmot\n|faint|p2a: Calyrex\n|\n|t:|1775166244\n|switch|p2b: Kyogre|Kyogre, L50|100/100\n|switch|p2a: Smeargle|Smeargle, L50, M|100/100\n|-weather|RainDance|[from] ability: Drizzle|[of] p2b: Kyogre\n|turn|6\n|\n|t:|1775166262\n|switch|p1b: Scream Tail|Scream Tail, L50|24/100 par\n|-terastallize|p2b: Kyogre|Water\n|-terastallize|p1a: Gothitelle|Water\n|move|p2b: Kyogre|Origin Pulse|p1b: Scream Tail|[spread] p1a\n|-miss|p2b: Kyogre|p1b: Scream Tail\n|-resisted|p1a: Gothitelle\n|-damage|p1a: Gothitelle|26/100 par\n|move|p2a: Smeargle|Decorate|p2b: Kyogre\n|-boost|p2b: Kyogre|atk|2\n|-boost|p2b: Kyogre|spa|2\n|move|p1a: Gothitelle|Taunt|p2a: Smeargle\n|-start|p2a: Smeargle|move: Taunt\n|\n|-weather|RainDance|[upkeep]\n|-heal|p1a: Gothitelle|33/100 par|[from] item: Leftovers\n|-ability|p2a: Smeargle|Moody|boost\n|-boost|p2a: Smeargle|spa|2\n|-unboost|p2a: Smeargle|spd|1\n|upkeep\n|turn|7\n|\n|t:|1775166284\n|switch|p1a: Koraidon|Koraidon, L50|100/100\n|-weather|SunnyDay|[from] ability: Orichalcum Pulse|[of] p1a: Koraidon\n|-activate|p1b: Scream Tail|ability: Protosynthesis\n|-start|p1b: Scream Tail|protosynthesisspe\n|-activate|p1a: Koraidon|Orichalcum Pulse|[source]\n|move|p2a: Smeargle|Fake Out||[still]\n|-hint|Fake Out only works on your first turn out.\n|-fail|p2a: Smeargle\n|move|p2b: Kyogre|Origin Pulse|p1b: Scream Tail|[spread] p1a\n|-miss|p2b: Kyogre|p1b: Scream Tail\n|-resisted|p1a: Koraidon\n|-damage|p1a: Koraidon|68/100\n|move|p1b: Scream Tail|Perish Song|p1b: Scream Tail\n|-start|p1a: Koraidon|perish3|[silent]\n|-start|p1b: Scream Tail|perish3|[silent]\n|-start|p2a: Smeargle|perish3|[silent]\n|-start|p2b: Kyogre|perish3|[silent]\n|-fieldactivate|move: Perish Song\n|\n|-weather|SunnyDay|[upkeep]\n|-start|p2b: Kyogre|perish3\n|-start|p1a: Koraidon|perish3\n|-start|p2a: Smeargle|perish3\n|-start|p1b: Scream Tail|perish3\n|-ability|p2a: Smeargle|Moody|boost\n|-boost|p2a: Smeargle|spd|2\n|-unboost|p2a: Smeargle|spe|1\n|upkeep\n|turn|8\n|\n|t:|1775166303\n|move|p1a: Koraidon|Protect|p1a: Koraidon\n|-singleturn|p1a: Koraidon|Protect\n|move|p2a: Smeargle|Fake Out||[still]\n|-hint|Fake Out only works on your first turn out.\n|-fail|p2a: Smeargle\n|move|p2b: Kyogre|Origin Pulse|p1b: Scream Tail|[spread] p1b\n|-activate|p1a: Koraidon|move: Protect\n|-damage|p1b: Scream Tail|0 fnt\n|faint|p1b: Scream Tail\n|-end|p1b: Scream Tail|Protosynthesis|[silent]\n|\n|-weather|SunnyDay|[upkeep]\n|-start|p2b: Kyogre|perish2\n|-start|p1a: Koraidon|perish2\n|-start|p2a: Smeargle|perish2\n|-ability|p2a: Smeargle|Moody|boost\n|-boost|p2a: Smeargle|def|2\n|-unboost|p2a: Smeargle|spd|1\n|upkeep\n|\n|t:|1775166317\n|switch|p1b: Gothitelle|Gothitelle, L50, F, tera:Water|33/100 par\n|turn|9\n|\n|t:|1775166327\n|move|p2a: Smeargle|Fake Out||[still]\n|-hint|Fake Out only works on your first turn out.\n|-fail|p2a: Smeargle\n|move|p1b: Gothitelle|Fake Out|p2b: Kyogre\n|-damage|p2b: Kyogre|95/100\n|cant|p2b: Kyogre|flinch\n|move|p1a: Koraidon|Collision Course|p2b: Kyogre\n|-damage|p2b: Kyogre|0 fnt\n|faint|p2b: Kyogre\n|\n|-weather|SunnyDay|[upkeep]\n|-heal|p1b: Gothitelle|39/100 par|[from] item: Leftovers\n|-end|p2a: Smeargle|move: Taunt\n|-start|p1a: Koraidon|perish1\n|-start|p2a: Smeargle|perish1\n|-ability|p2a: Smeargle|Moody|boost\n|-boost|p2a: Smeargle|spa|2\n|-unboost|p2a: Smeargle|spe|1\n|upkeep\n|turn|10\n|-message|1VLTSQ Joker forfeited.\n|\n|win|CrazyyBoi\n|raw|CrazyyBoi's rating: 1460 &rarr; <strong>1487</strong><br />(+27 for winning)\n|raw|1VLTSQ Joker's rating: 1596 &rarr; <strong>1569</strong><br />(-27 for losing)\n|l|\u26061VLTSQ Joker\n|player|p2|\n|j| tomenos01\n|l|\u2606CrazyyBoi\n|player|p1|\n|j|\u2606CrazyyBoi\n|player|p1|CrazyyBoi|1|\n|l|\u2606CrazyyBoi\n|player|p1|\n|l| tomenos01\n","uploadtime":1775166559,"views":19,"formatid":"gen9vgc2026regi","rating":1487,"private":0,"password":null}