{"id":"gen9vgc2026regi-2547196320","format":"[Gen 9] VGC 2026 Reg I","players":["pzyxhic","jepeg"],"log":"|j|\u2606pzyxhic\n|j|\u2606jepeg\n|t:|1772056040\n|gametype|doubles\n|player|p1|pzyxhic|266|1407\n|player|p2|jepeg|beauty-gen4dp|1370\n|gen|9\n|tier|[Gen 9] VGC 2026 Reg I\n|rated|\n|rule|Species Clause: Limit one of each Pok\u00e9mon\n|rule|Item Clause: Limit 1 of each item\n|clearpoke\n|poke|p1|Calyrex-Shadow, L50|\n|poke|p1|Chi-Yu, L50|\n|poke|p1|Whimsicott, L50, F|\n|poke|p1|Urshifu-*, L50, F|\n|poke|p1|Farigiraf, L50, F|\n|poke|p1|Kyurem-White, L50|\n|poke|p2|Calyrex-Shadow, L50|\n|poke|p2|Oranguru, L50, F|\n|poke|p2|Miraidon, L50|\n|poke|p2|Ogerpon-Hearthflame, L50, F|\n|poke|p2|Bruxish, L50, F|\n|poke|p2|Ursaluna-Bloodmoon, L50, M|\n|teampreview|4\n|\n|t:|1772056066\n|teamsize|p1|4\n|teamsize|p2|4\n|start\n|switch|p1a: Calyrex|Calyrex-Shadow, L50|100/100\n|switch|p1b: Urshifu|Urshifu-Rapid-Strike, L50, F|100/100\n|switch|p2a: Calyrex|Calyrex-Shadow, L50|100/100\n|switch|p2b: Bruxish|Bruxish, L50, F, shiny|100/100\n|-ability|p1a: Calyrex|As One\n|-ability|p1a: Calyrex|Unnerve\n|-ability|p2a: Calyrex|As One\n|-ability|p2a: Calyrex|Unnerve\n|turn|1\n|\n|t:|1772056091\n|-terastallize|p2b: Bruxish|Normal\n|move|p2a: Calyrex|Protect|p2a: Calyrex\n|-singleturn|p2a: Calyrex|Protect\n|move|p1a: Calyrex|Astral Barrage|p2b: Bruxish|[spread] \n|-activate|p2a: Calyrex|move: Protect\n|-immune|p2b: Bruxish\n|move|p2b: Bruxish|Icy Wind|p1a: Calyrex|[spread] p1a\n|-miss|p2b: Bruxish|p1b: Urshifu\n|-damage|p1a: Calyrex|95/100\n|-unboost|p1a: Calyrex|spe|1\n|move|p1b: Urshifu|Surging Strikes|p2a: Calyrex\n|-crit|p2a: Calyrex\n|-damage|p2a: Calyrex|74/100\n|-crit|p2a: Calyrex\n|-damage|p2a: Calyrex|48/100\n|-crit|p2a: Calyrex\n|-damage|p2a: Calyrex|20/100\n|-hitcount|p2a: Calyrex|3\n|\n|upkeep\n|turn|2\n|\n|t:|1772056138\n|switch|p1a: Chi-Yu|Chi-Yu, L50|100/100\n|-ability|p1a: Chi-Yu|Beads of Ruin\n|move|p2b: Bruxish|Icy Wind|p1a: Chi-Yu|[spread] p1b\n|-miss|p2b: Bruxish|p1a: Chi-Yu\n|-resisted|p1b: Urshifu\n|-damage|p1b: Urshifu|95/100\n|-unboost|p1b: Urshifu|spe|1\n|move|p2a: Calyrex|Astral Barrage|p1b: Urshifu|[spread] p1a,p1b\n|-resisted|p1a: Chi-Yu\n|-damage|p1a: Chi-Yu|73/100\n|-damage|p1b: Urshifu|0 fnt\n|faint|p1b: Urshifu\n|-ability|p2a: Calyrex|Grim Neigh|boost\n|-boost|p2a: Calyrex|spa|1\n|\n|-heal|p1a: Chi-Yu|79/100|[from] item: Leftovers\n|upkeep\n|\n|t:|1772056156\n|switch|p1b: Calyrex|Calyrex-Shadow, L50|95/100\n|-ability|p1b: Calyrex|As One\n|-ability|p1b: Calyrex|Unnerve\n|turn|3\n|\n|t:|1772056171\n|switch|p1b: Kyurem|Kyurem-White, L50|100/100\n|-ability|p1b: Kyurem|Turboblaze\n|move|p2a: Calyrex|Protect|p2a: Calyrex\n|-singleturn|p2a: Calyrex|Protect\n|move|p2b: Bruxish|Icy Wind|p1a: Chi-Yu|[spread] p1a,p1b\n|-resisted|p1a: Chi-Yu\n|-damage|p1a: Chi-Yu|76/100\n|-damage|p1b: Kyurem|94/100\n|-unboost|p1a: Chi-Yu|spe|1\n|-unboost|p1b: Kyurem|spe|1\n|move|p1a: Chi-Yu|Nasty Plot|p1a: Chi-Yu\n|-boost|p1a: Chi-Yu|spa|2\n|\n|-heal|p1a: Chi-Yu|82/100|[from] item: Leftovers\n|upkeep\n|turn|4\n|\n|t:|1772056192\n|move|p1b: Kyurem|Protect|p1b: Kyurem\n|-singleturn|p1b: Kyurem|Protect\n|move|p2b: Bruxish|Icy Wind|p1b: Kyurem|[spread] p1a\n|-activate|p1b: Kyurem|move: Protect\n|-resisted|p1a: Chi-Yu\n|-damage|p1a: Chi-Yu|79/100\n|-unboost|p1a: Chi-Yu|spe|1\n|move|p2a: Calyrex|Astral Barrage|p1a: Chi-Yu|[spread] p1a\n|-activate|p1b: Kyurem|move: Protect\n|-resisted|p1a: Chi-Yu\n|-damage|p1a: Chi-Yu|37/100\n|move|p1a: Chi-Yu|Heat Wave|p2b: Bruxish|[spread] p2a,p2b\n|-damage|p2a: Calyrex|0 fnt\n|-damage|p2b: Bruxish|0 fnt\n|faint|p2a: Calyrex\n|faint|p2b: Bruxish\n|\n|-heal|p1a: Chi-Yu|43/100|[from] item: Leftovers\n|upkeep\n|\n|t:|1772056208\n|switch|p2a: Oranguru|Oranguru, L50, F, shiny|100/100\n|switch|p2b: Ursaluna|Ursaluna-Bloodmoon, L50, M|100/100\n|turn|5\n|\n|t:|1772056229\n|move|p2b: Ursaluna|Protect|p2b: Ursaluna\n|-singleturn|p2b: Ursaluna|Protect\n|move|p1b: Kyurem|Freeze-Dry|p2b: Ursaluna\n|-activate|p2b: Ursaluna|move: Protect\n|move|p1a: Chi-Yu|Dark Pulse|p2a: Oranguru\n|-supereffective|p2a: Oranguru\n|-damage|p2a: Oranguru|0 fnt\n|faint|p2a: Oranguru\n|\n|-heal|p1a: Chi-Yu|49/100|[from] item: Leftovers\n|upkeep\n|turn|6\n|l|\u2606jepeg\n|player|p2|\n|inactive|Battle timer is ON: inactive players will automatically lose when time's up. (requested by pzyxhic)\n|inactive|jepeg has 30 seconds to reconnect!\n|inactive|jepeg has 20 seconds to reconnect!\n|inactive|jepeg has 15 seconds to reconnect!\n|inactive|jepeg has 10 seconds to reconnect!\n|inactive|jepeg has 5 seconds to reconnect!\n|j|\u2606jepeg\n|inactive|jepeg reconnected and has 35 seconds left.\n|player|p2|jepeg|beauty-gen4dp|\n|inactive|jepeg has 30 seconds left.\n|-message|jepeg forfeited.\n|\n|win|pzyxhic\n|raw|pzyxhic's rating: 1407 &rarr; <strong>1425</strong><br />(+18 for winning)\n|raw|jepeg's rating: 1370 &rarr; <strong>1352</strong><br />(-18 for losing)\n|l|\u2606jepeg\n|player|p2|\n|l|\u2606pzyxhic\n|player|p1|\n","uploadtime":1772056483,"views":17,"formatid":"gen9vgc2026regi","rating":1352,"private":0,"password":null}