{"id":"gen9vgc2026regi-2557236866","format":"[Gen 9] VGC 2026 Reg I","players":["nnuy","SycrasisEU"],"log":"|j|\u2606nnuy\n|j|\u2606SycrasisEU\n|t:|1773300114\n|gametype|doubles\n|player|p1|nnuy|265|1441\n|player|p2|SycrasisEU|pryce|1336\n|gen|9\n|tier|[Gen 9] VGC 2026 Reg I\n|rated|\n|rule|Species Clause: Limit one of each Pok\u00e9mon\n|rule|Item Clause: Limit 1 of each item\n|clearpoke\n|poke|p1|Smeargle, L50, M|\n|poke|p1|Lunala, L50|\n|poke|p1|Calyrex-Ice, L50|\n|poke|p1|Indeedee-F, L50, F|\n|poke|p1|Urshifu-*, L50, F|\n|poke|p1|Rillaboom, L50, M|\n|poke|p2|Incineroar, L50, M|\n|poke|p2|Koraidon, L50|\n|poke|p2|Flutter Mane, L50|\n|poke|p2|Whimsicott, L50, M|\n|poke|p2|Solgaleo, L50|\n|poke|p2|Gouging Fire, L50|\n|teampreview|4\n|inactive|Battle timer is ON: inactive players will automatically lose when time's up. (requested by nnuy)\n|inactive|nnuy has 60 seconds left.\n|inactive|SycrasisEU has 60 seconds left.\n|\n|t:|1773300150\n|teamsize|p1|4\n|teamsize|p2|4\n|start\n|switch|p1a: Smeargle|Smeargle, L50, M, shiny|100/100\n|switch|p1b: Urshifu|Urshifu-Rapid-Strike, L50, F|100/100\n|switch|p2a: Incineroar|Incineroar, L50, M, shiny|100/100\n|switch|p2b: Solgaleo|Solgaleo, L50|100/100\n|-ability|p2a: Incineroar|Intimidate|boost\n|-unboost|p1a: Smeargle|atk|1\n|-unboost|p1b: Urshifu|atk|1\n|turn|1\n|inactive|nnuy has 30 seconds left.\n|inactive|SycrasisEU has 30 seconds left.\n|\n|t:|1773300178\n|-terastallize|p1a: Smeargle|Ghost\n|move|p2b: Solgaleo|Wild Charge|p1b: Urshifu\n|-supereffective|p1b: Urshifu\n|-damage|p1b: Urshifu|13/100\n|-damage|p2b: Solgaleo|79/100|[from] Recoil\n|move|p1a: Smeargle|Spore|p2b: Solgaleo\n|-status|p2b: Solgaleo|slp|[from] move: Spore\n|move|p1b: Urshifu|Surging Strikes|p2a: Incineroar\n|-supereffective|p2a: Incineroar\n|-crit|p2a: Incineroar\n|-damage|p2a: Incineroar|38/100\n|-supereffective|p2a: Incineroar\n|-crit|p2a: Incineroar\n|-damage|p2a: Incineroar|0 fnt\n|faint|p2a: Incineroar\n|-hitcount|p2: Incineroar|2\n|\n|-ability|p1a: Smeargle|Moody|boost\n|-boost|p1a: Smeargle|atk|2\n|-unboost|p1a: Smeargle|spa|1\n|upkeep\n|inactive|SycrasisEU has 30 seconds left.\n|\n|t:|1773300206\n|switch|p2a: Flutter Mane|Flutter Mane, L50|100/100\n|turn|2\n|\n|t:|1773300230\n|-terastallize|p2a: Flutter Mane|Fairy\n|move|p1a: Smeargle|Jet Punch|p2a: Flutter Mane\n|-damage|p2a: Flutter Mane|84/100\n|move|p2a: Flutter Mane|Dazzling Gleam|p1b: Urshifu|[spread] p1a,p1b\n|-supereffective|p1b: Urshifu\n|-enditem|p1a: Smeargle|Focus Sash\n|-damage|p1a: Smeargle|1/100\n|-damage|p1b: Urshifu|0 fnt\n|faint|p1b: Urshifu\n|cant|p2b: Solgaleo|slp\n|\n|-ability|p1a: Smeargle|Moody|boost\n|-boost|p1a: Smeargle|atk|2\n|-unboost|p1a: Smeargle|spa|1\n|upkeep\n|\n|t:|1773300244\n|switch|p1b: Calyrex|Calyrex-Ice, L50|100/100\n|-ability|p1b: Calyrex|As One\n|-ability|p1b: Calyrex|Unnerve\n|turn|3\n|inactive|nnuy has 30 seconds left.\n|inactive|nnuy has 20 seconds left.\n|\n|t:|1773300282\n|move|p1a: Smeargle|Follow Me|p1a: Smeargle\n|-singleturn|p1a: Smeargle|move: Follow Me\n|move|p2a: Flutter Mane|Dazzling Gleam|p1b: Calyrex|[spread] p1a,p1b\n|-damage|p1a: Smeargle|0 fnt\n|-damage|p1b: Calyrex|53/100\n|faint|p1a: Smeargle\n|-curestatus|p2b: Solgaleo|slp|[msg]\n|move|p2b: Solgaleo|Wild Charge|p1b: Calyrex\n|-crit|p1b: Calyrex\n|-damage|p1b: Calyrex|7/100\n|-damage|p2b: Solgaleo|68/100|[from] Recoil\n|move|p1b: Calyrex|Trick Room|p1b: Calyrex\n|-fieldstart|move: Trick Room|[of] p1b: Calyrex\n|\n|upkeep\n|\n|t:|1773300294\n|switch|p1a: Lunala|Lunala, L50|100/100\n|turn|4\n|\n|t:|1773300315\n|move|p1b: Calyrex|Protect|p1b: Calyrex\n|-singleturn|p1b: Calyrex|Protect\n|move|p1a: Lunala|Meteor Beam||[still]\n|-prepare|p1a: Lunala|Meteor Beam\n|-boost|p1a: Lunala|spa|1\n|-enditem|p1a: Lunala|Power Herb\n|-anim|p1a: Lunala|Meteor Beam|p2a: Flutter Mane\n|-damage|p2a: Flutter Mane|14/100\n|move|p2b: Solgaleo|Wild Charge|p1b: Calyrex\n|-activate|p1b: Calyrex|move: Protect\n|move|p2a: Flutter Mane|Dazzling Gleam|p1a: Lunala|[spread] p1a\n|-activate|p1b: Calyrex|move: Protect\n|-damage|p1a: Lunala|79/100\n|\n|upkeep\n|turn|5\n|\n|t:|1773300337\n|move|p1b: Calyrex|Glacial Lance|p2b: Solgaleo|[spread] p2a,p2b\n|-resisted|p2b: Solgaleo\n|-damage|p2a: Flutter Mane|0 fnt\n|-damage|p2b: Solgaleo|45/100\n|faint|p2a: Flutter Mane\n|-end|p2a: Flutter Mane|Protosynthesis|[silent]\n|-ability|p1b: Calyrex|Chilling Neigh|boost\n|-boost|p1b: Calyrex|atk|1\n|move|p1a: Lunala|Moongeist Beam|p2b: Solgaleo\n|-supereffective|p2b: Solgaleo\n|-damage|p2b: Solgaleo|0 fnt\n|faint|p2b: Solgaleo\n|\n|upkeep\n|inactive|SycrasisEU has 30 seconds left.\n|inactive|SycrasisEU has 20 seconds left.\n|inactive|SycrasisEU has 15 seconds left.\n|\n|t:|1773300378\n|switch|p2b: Koraidon|Koraidon, L50, shiny|100/100\n|-weather|SunnyDay|[from] ability: Orichalcum Pulse|[of] p2b: Koraidon\n|-activate|p2b: Koraidon|Orichalcum Pulse|[source]\n|turn|6\n|\n|t:|1773300388\n|move|p1b: Calyrex|Glacial Lance|p2b: Koraidon\n|-supereffective|p2b: Koraidon\n|-damage|p2b: Koraidon|0 fnt\n|faint|p2b: Koraidon\n|\n|win|nnuy\n|raw|nnuy's rating: 1441 &rarr; <strong>1455</strong><br />(+14 for winning)\n|raw|SycrasisEU's rating: 1336 &rarr; <strong>1322</strong><br />(-14 for losing)\n|l|\u2606SycrasisEU\n|player|p2|\n|l|\u2606nnuy\n|player|p1|\n","uploadtime":1773300615,"views":11,"formatid":"gen9vgc2026regi","rating":1322,"private":0,"password":null}