{"id":"gen9vgc2026regi-2561662626","format":"[Gen 9] VGC 2026 Reg I","players":["DracoDragoo","sheeshshane925"],"log":"|j|\u2606DracoDragoo\n|j|\u2606sheeshshane925\n|t:|1773829622\n|gametype|doubles\n|player|p1|DracoDragoo|elesa|1339\n|player|p2|sheeshshane925|chuck|1432\n|gen|9\n|tier|[Gen 9] VGC 2026 Reg I\n|rated|\n|rule|Species Clause: Limit one of each Pok\u00e9mon\n|rule|Item Clause: Limit 1 of each item\n|clearpoke\n|poke|p1|Miraidon, L50|\n|poke|p1|Iron Bundle, L50|\n|poke|p1|Lunala, L50|\n|poke|p1|Incineroar, L50, M|\n|poke|p1|Urshifu-*, L50, M|\n|poke|p1|Landorus, L50, M|\n|poke|p2|Calyrex-Ice, L50|\n|poke|p2|Miraidon, L50|\n|poke|p2|Farigiraf, L50, M|\n|poke|p2|Iron Hands, L50|\n|poke|p2|Scraggy, L50, M|\n|poke|p2|Iron Bundle, L50|\n|teampreview|4\n|inactive|Battle timer is ON: inactive players will automatically lose when time's up. (requested by DracoDragoo)\n|inactive|sheeshshane925 has 60 seconds left.\n|\n|t:|1773829719\n|teamsize|p1|4\n|teamsize|p2|4\n|start\n|switch|p1a: Incineroar|Incineroar, L50, M|100/100\n|switch|p1b: Iron Bundle|Iron Bundle, L50|100/100\n|switch|p2a: Scraggy|Scraggy, L50, M|100/100\n|switch|p2b: Calyrex|Calyrex-Ice, L50|100/100\n|-ability|p2b: Calyrex|As One\n|-ability|p2b: Calyrex|Unnerve\n|-ability|p1a: Incineroar|Intimidate|boost\n|-unboost|p2a: Scraggy|atk|1\n|-fail|p2b: Calyrex|unboost|[from] item: Clear Amulet|[of] p2b: Calyrex\n|-ability|p2a: Scraggy|Intimidate|boost\n|-unboost|p1a: Incineroar|atk|1\n|-unboost|p1b: Iron Bundle|atk|1\n|turn|1\n|\n|t:|1773829737\n|switch|p2a: Farigiraf|Farigiraf, L50, M, shiny|100/100\n|-terastallize|p2b: Calyrex|Fire\n|move|p1a: Incineroar|Fake Out||[still]\n|cant|p2a: Farigiraf|ability: Armor Tail|Fake Out|[of] p1a: Incineroar\n|move|p1b: Iron Bundle|Taunt|p2b: Calyrex\n|-start|p2b: Calyrex|move: Taunt\n|cant|p2b: Calyrex|move: Taunt|Trick Room\n|\n|upkeep\n|turn|2\n|\n|t:|1773829755\n|move|p2a: Farigiraf|Helping Hand|p2b: Calyrex\n|-singleturn|p2b: Calyrex|Helping Hand|[of] p2a: Farigiraf\n|move|p1b: Iron Bundle|Taunt|p2a: Farigiraf\n|-start|p2a: Farigiraf|move: Taunt\n|move|p1a: Incineroar|Knock Off|p2a: Farigiraf\n|-supereffective|p2a: Farigiraf\n|-damage|p2a: Farigiraf|63/100\n|-enditem|p2a: Farigiraf|Electric Seed|[from] move: Knock Off|[of] p1a: Incineroar\n|move|p2b: Calyrex|High Horsepower|p1a: Incineroar\n|-supereffective|p1a: Incineroar\n|-damage|p1a: Incineroar|12/100\n|\n|upkeep\n|turn|3\n|inactive|DracoDragoo has 30 seconds left.\n|inactive|DracoDragoo has 20 seconds left.\n|inactive|DracoDragoo has 15 seconds left.\n|inactive|DracoDragoo has 10 seconds left.\n|inactive|DracoDragoo has 5 seconds left.\n|\n|t:|1773829809\n|move|p1b: Iron Bundle|Encore|p2a: Farigiraf\n|-start|p2a: Farigiraf|Encore\n|move|p1a: Incineroar|U-turn|p2a: Farigiraf\n|-supereffective|p2a: Farigiraf\n|-damage|p2a: Farigiraf|43/100\n|\n|t:|1773829815\n|switch|p1a: Lunala|Lunala, L50, shiny|100/100|[from] U-turn\n|cant|p2a: Farigiraf|move: Taunt|Helping Hand\n|move|p2b: Calyrex|Glacial Lance|p1b: Iron Bundle|[spread] p1a,p1b\n|-resisted|p1b: Iron Bundle\n|-damage|p1a: Lunala|75/100\n|-damage|p1b: Iron Bundle|82/100\n|\n|-end|p2b: Calyrex|move: Taunt\n|upkeep\n|turn|4\n|inactive|DracoDragoo has 30 seconds left.\n|inactive|DracoDragoo has 20 seconds left.\n|\n|t:|1773829852\n|switch|p2a: Iron Hands|Iron Hands, L50|100/100\n|move|p2b: Calyrex|Protect|p2b: Calyrex\n|-singleturn|p2b: Calyrex|Protect\n|move|p1b: Iron Bundle|Encore|p2b: Calyrex\n|-activate|p2b: Calyrex|move: Protect\n|move|p1a: Lunala|Moongeist Beam|p2b: Calyrex\n|-activate|p2b: Calyrex|move: Protect\n|\n|upkeep\n|turn|5\n|inactive|DracoDragoo has 30 seconds left.\n|inactive|DracoDragoo has 20 seconds left.\n|\n|t:|1773829889\n|move|p1b: Iron Bundle|Protect|p1b: Iron Bundle\n|-singleturn|p1b: Iron Bundle|Protect\n|move|p2a: Iron Hands|Fake Out|p1b: Iron Bundle\n|-activate|p1b: Iron Bundle|move: Protect\n|move|p1a: Lunala|Moongeist Beam|p2b: Calyrex\n|-damage|p2b: Calyrex|67/100\n|move|p2b: Calyrex|Trick Room|p2b: Calyrex\n|-fieldstart|move: Trick Room|[of] p2b: Calyrex\n|\n|upkeep\n|turn|6\n|inactive|DracoDragoo has 30 seconds left.\n|inactive|DracoDragoo has 20 seconds left.\n|inactive|DracoDragoo has 15 seconds left.\n|\n|t:|1773829929\n|-end|p1b: Iron Bundle|Quark Drive|[silent]\n|switch|p1b: Incineroar|Incineroar, L50, M|12/100\n|-ability|p1b: Incineroar|Intimidate|boost\n|-unboost|p2a: Iron Hands|atk|1\n|-fail|p2b: Calyrex|unboost|[from] item: Clear Amulet|[of] p2b: Calyrex\n|-terastallize|p1a: Lunala|Fairy\n|move|p2b: Calyrex|Glacial Lance|p1a: Lunala|[spread] p1a,p1b\n|-resisted|p1b: Incineroar\n|-damage|p1a: Lunala|24/100\n|-damage|p1b: Incineroar|0 fnt\n|faint|p1b: Incineroar\n|-ability|p2b: Calyrex|Chilling Neigh|boost\n|-boost|p2b: Calyrex|atk|1\n|move|p2a: Iron Hands|Drain Punch|p1a: Lunala\n|-resisted|p1a: Lunala\n|-damage|p1a: Lunala|11/100\n|move|p1a: Lunala|Moonblast|p2a: Iron Hands\n|-supereffective|p2a: Iron Hands\n|-damage|p2a: Iron Hands|50/100\n|-unboost|p2a: Iron Hands|spa|1\n|\n|upkeep\n|inactive|DracoDragoo has 30 seconds left.\n|\n|t:|1773829957\n|switch|p1b: Iron Bundle|Iron Bundle, L50|82/100\n|turn|7\n|inactive|DracoDragoo has 30 seconds left.\n|\n|t:|1773829992\n|move|p1a: Lunala|Wide Guard|p1a: Lunala\n|-singleturn|p1a: Lunala|Wide Guard\n|move|p2b: Calyrex|Glacial Lance|p1b: Iron Bundle|[spread] \n|-activate|p1a: Lunala|move: Wide Guard\n|-activate|p1b: Iron Bundle|move: Wide Guard\n|move|p2a: Iron Hands|Drain Punch|p1b: Iron Bundle\n|-supereffective|p1b: Iron Bundle\n|-damage|p1b: Iron Bundle|12/100\n|-heal|p2a: Iron Hands|70/100|[from] drain|[of] p1b: Iron Bundle\n|move|p1b: Iron Bundle|Taunt|p2b: Calyrex\n|-start|p2b: Calyrex|move: Taunt\n|\n|upkeep\n|turn|8\n|inactive|DracoDragoo has 30 seconds left.\n|inactive|DracoDragoo has 20 seconds left.\n|inactive|DracoDragoo has 15 seconds left.\n|inactive|DracoDragoo has 10 seconds left.\n|inactive|DracoDragoo has 5 seconds left.\n|\n|t:|1773830045\n|move|p1a: Lunala|Wide Guard|p1a: Lunala\n|-singleturn|p1a: Lunala|Wide Guard\n|move|p2b: Calyrex|High Horsepower|p1a: Lunala\n|-damage|p1a: Lunala|0 fnt\n|faint|p1a: Lunala\n|-ability|p2b: Calyrex|Chilling Neigh|boost\n|-boost|p2b: Calyrex|atk|1\n|move|p2a: Iron Hands|Drain Punch|p1b: Iron Bundle\n|-supereffective|p1b: Iron Bundle\n|-damage|p1b: Iron Bundle|0 fnt\n|-heal|p2a: Iron Hands|73/100|[from] drain|[of] p1b: Iron Bundle\n|faint|p1b: Iron Bundle\n|-end|p1b: Iron Bundle|Quark Drive|[silent]\n|\n|upkeep\n|inactive|DracoDragoo has 30 seconds left.\n|inactive|DracoDragoo has 20 seconds left.\n|inactive|DracoDragoo has 15 seconds left.\n|inactive|DracoDragoo has 10 seconds left.\n|inactive|DracoDragoo has 5 seconds left.\n|\n|t:|1773830100\n|switch|p1a: Miraidon|Miraidon, L50|100/100\n|-fieldstart|move: Electric Terrain|[from] ability: Hadron Engine|[of] p1a: Miraidon\n|-activate|p2a: Iron Hands|ability: Quark Drive\n|-start|p2a: Iron Hands|quarkdriveatk\n|turn|9\n|inactive|DracoDragoo has 30 seconds left.\n|inactive|DracoDragoo has 20 seconds left.\n|inactive|DracoDragoo has 15 seconds left.\n|inactive|DracoDragoo has 10 seconds left.\n|inactive|DracoDragoo has 5 seconds left.\n|\n|t:|1773830155\n|move|p2b: Calyrex|Glacial Lance|p1a: Miraidon\n|-supereffective|p1a: Miraidon\n|-damage|p1a: Miraidon|0 fnt\n|faint|p1a: Miraidon\n|\n|win|sheeshshane925\n|raw|DracoDragoo's rating: 1339 &rarr; <strong>1324</strong><br />(-15 for losing)\n|raw|sheeshshane925's rating: 1432 &rarr; <strong>1447</strong><br />(+15 for winning)\n|l|\u2606sheeshshane925\n|player|p2|\n","uploadtime":1773830388,"views":11,"formatid":"gen9vgc2026regi","rating":1324,"private":0,"password":null}