{"id":"gen9vgc2026regi-2517850447","format":"[Gen 9] VGC 2026 Reg I","players":["TheKoG416","liam.2025"],"log":"|j|\u2606TheKoG416\n|j|\u2606liam.2025\n|t:|1768318951\n|gametype|doubles\n|player|p1|TheKoG416|266|1238\n|player|p2|liam.2025|policeman|1341\n|gen|9\n|tier|[Gen 9] VGC 2026 Reg I\n|rated|\n|rule|Species Clause: Limit one of each Pok\u00e9mon\n|rule|Item Clause: Limit 1 of each item\n|clearpoke\n|poke|p1|Calyrex-Ice, L50|\n|poke|p1|Lunala, L50|\n|poke|p1|Pelipper, L50, M|\n|poke|p1|Rillaboom, L50, M|\n|poke|p1|Grimmsnarl, L50, M|\n|poke|p1|Urshifu-*, L50, F|\n|poke|p2|Murkrow, L50, M|\n|poke|p2|Weezing-Galar, L50, F|\n|poke|p2|Terapagos, L50, M|\n|poke|p2|Smeargle, L50, M|\n|poke|p2|Calyrex-Ice, L50|\n|poke|p2|Ursaluna, L50, F|\n|teampreview|4\n|inactive|Battle timer is ON: inactive players will automatically lose when time's up. (requested by TheKoG416)\n|\n|t:|1768318974\n|teamsize|p1|4\n|teamsize|p2|4\n|start\n|switch|p1a: Urshifu|Urshifu-Rapid-Strike, L50, F|100/100\n|switch|p1b: Calyrex|Calyrex-Ice, L50|100/100\n|switch|p2a: Murkrow|Murkrow, L50, M|100/100\n|switch|p2b: Weezing|Weezing-Galar, L50, F|100/100\n|-ability|p2b: Weezing|Neutralizing Gas\n|-block|p2a: Murkrow|item: Ability Shield\n|-ability|p1b: Calyrex|As One\n|-ability|p1b: Calyrex|Unnerve\n|turn|1\n|\n|t:|1768318989\n|move|p2a: Murkrow|Protect|p2a: Murkrow\n|-singleturn|p2a: Murkrow|Protect\n|move|p1a: Urshifu|Coaching|p1b: Calyrex\n|-boost|p1b: Calyrex|atk|1\n|-boost|p1b: Calyrex|def|1\n|move|p2b: Weezing|Taunt|p1b: Calyrex\n|-start|p1b: Calyrex|move: Taunt\n|move|p1b: Calyrex|Glacial Lance|p2a: Murkrow|[spread] p2b\n|-activate|p2a: Murkrow|move: Protect\n|-damage|p2b: Weezing|0 fnt\n|faint|p2b: Weezing\n|-end|p2b: Weezing|ability: Neutralizing Gas\n|-ability|p1b: Calyrex|Chilling Neigh|boost\n|-boost|p1b: Calyrex|atk|1\n|\n|upkeep\n|\n|t:|1768319007\n|switch|p2b: Terapagos|Terapagos, L50, M|100/100\n|-activate|p2b: Terapagos|ability: Tera Shift\n|detailschange|p2b: Terapagos|Terapagos-Terastal, L50, M\n|-heal|p2b: Terapagos|100/100|[silent]\n|turn|2\n|\n|t:|1768319024\n|switch|p1a: Lunala|Lunala, L50|100/100\n|move|p2a: Murkrow|Tailwind|p2a: Murkrow\n|-sidestart|p2: liam.2025|move: Tailwind\n|move|p2b: Terapagos|Tera Starstorm|p1b: Calyrex\n|-damage|p1b: Calyrex|38/100\n|move|p1b: Calyrex|Glacial Lance|p2b: Terapagos|[spread] p2a,p2b\n|-supereffective|p2a: Murkrow\n|-activate|p2b: Terapagos|ability: Tera Shell\n|-resisted|p2b: Terapagos\n|-damage|p2a: Murkrow|0 fnt\n|-damage|p2b: Terapagos|49/100\n|faint|p2a: Murkrow\n|-ability|p1b: Calyrex|Chilling Neigh|boost\n|-boost|p1b: Calyrex|atk|1\n|\n|upkeep\n|\n|t:|1768319038\n|switch|p2a: Smeargle|Smeargle, L50, M|100/100\n|turn|3\n|\n|t:|1768319058\n|switch|p1b: Pelipper|Pelipper, L50, M|100/100\n|-weather|RainDance|[from] ability: Drizzle|[of] p1b: Pelipper\n|-terastallize|p2b: Terapagos|Stellar\n|detailschange|p2b: Terapagos|Terapagos-Stellar, L50, M, tera:Stellar\n|-heal|p2b: Terapagos|62/100|[silent]\n|-ability|p2b: Terapagos|Teraform Zero\n|-weather|none\n|move|p2a: Smeargle|Decorate|p2b: Terapagos\n|-boost|p2b: Terapagos|atk|2\n|-boost|p2b: Terapagos|spa|2\n|move|p2b: Terapagos|Tera Starstorm|p1a: Lunala|[spread] p1a,p1b\n|-damage|p1a: Lunala|63/100\n|-enditem|p1b: Pelipper|Focus Sash\n|-damage|p1b: Pelipper|1/100\n|move|p1a: Lunala|Meteor Beam||[still]\n|-prepare|p1a: Lunala|Meteor Beam\n|-boost|p1a: Lunala|spa|1\n|-enditem|p1a: Lunala|Power Herb\n|-anim|p1a: Lunala|Meteor Beam|p2b: Terapagos\n|-damage|p2b: Terapagos|18/100\n|\n|upkeep\n|turn|4\n|inactive|TheKoG416 has 30 seconds left.\n|inactive|TheKoG416 has 20 seconds left.\n|inactive|TheKoG416 has 15 seconds left.\n|inactive|TheKoG416 has 10 seconds left.\n|\n|t:|1768319104\n|move|p1a: Lunala|Wide Guard|p1a: Lunala\n|-singleturn|p1a: Lunala|Wide Guard\n|move|p2a: Smeargle|Feint|p1b: Pelipper\n|-activate|p1b: Pelipper|move: Feint\n|-damage|p1b: Pelipper|0 fnt\n|faint|p1b: Pelipper\n|move|p2b: Terapagos|Tera Starstorm|p1a: Lunala\n|-damage|p1a: Lunala|0 fnt\n|faint|p1a: Lunala\n|\n|upkeep\n|\n|t:|1768319113\n|switch|p1a: Urshifu|Urshifu-Rapid-Strike, L50, F|100/100\n|switch|p1b: Calyrex|Calyrex-Ice, L50|38/100\n|-ability|p1b: Calyrex|As One\n|-ability|p1b: Calyrex|Unnerve\n|turn|5\n|\n|t:|1768319128\n|move|p2a: Smeargle|Follow Me|p2a: Smeargle\n|-singleturn|p2a: Smeargle|move: Follow Me\n|move|p2b: Terapagos|Tera Starstorm|p1a: Urshifu|[spread] p1a,p1b\n|-damage|p1a: Urshifu|0 fnt\n|-damage|p1b: Calyrex|0 fnt\n|faint|p1a: Urshifu\n|faint|p1b: Calyrex\n|\n|win|liam.2025\n|raw|TheKoG416's rating: 1238 &rarr; <strong>1220</strong><br />(-18 for losing)\n|raw|liam.2025's rating: 1341 &rarr; <strong>1355</strong><br />(+14 for winning)\n|l|\u2606TheKoG416\n|player|p1|\n","uploadtime":1768319392,"views":11,"formatid":"gen9vgc2026regi","rating":1220,"private":0,"password":null}