{"id":"gen9vgc2026regi-2568619220","format":"[Gen 9] VGC 2026 Reg I","players":["jd8erh","Highkage2"],"log":"|j|\u2606jd8erh\n|j|\u203dHighkage2\n|t:|1774605720\n|gametype|doubles\n|player|p1|jd8erh|101|1449\n|player|p2|Highkage2|doubleteam|1543\n|gen|9\n|tier|[Gen 9] VGC 2026 Reg I\n|rated|\n|rule|Species Clause: Limit one of each Pok\u00e9mon\n|rule|Item Clause: Limit 1 of each item\n|clearpoke\n|poke|p1|Calyrex-Ice, L50|\n|poke|p1|Miraidon, L50|\n|poke|p1|Incineroar, L50, F|\n|poke|p1|Farigiraf, L50, F|\n|poke|p1|Volcarona, L50, M|\n|poke|p1|Grimmsnarl, L50, M|\n|poke|p2|Incineroar, L50, M|\n|poke|p2|Calyrex-Ice, L50|\n|poke|p2|Miraidon, L50|\n|poke|p2|Iron Treads, L50|\n|poke|p2|Volcarona, L50, F|\n|poke|p2|Farigiraf, L50, M|\n|teampreview|4\n|inactive|Battle timer is ON: inactive players will automatically lose when time's up. (requested by jd8erh)\n|\n|t:|1774605736\n|teamsize|p1|4\n|teamsize|p2|4\n|start\n|switch|p1a: Grimmsnarl|Grimmsnarl, L50, M|100/100\n|switch|p1b: Calyrex|Calyrex-Ice, L50|100/100\n|switch|p2a: Miraidon|Miraidon, L50|100/100\n|switch|p2b: Incineroar|Incineroar, L50, M|100/100\n|-ability|p1b: Calyrex|As One\n|-ability|p1b: Calyrex|Unnerve\n|-fieldstart|move: Electric Terrain|[from] ability: Hadron Engine|[of] p2a: Miraidon\n|-ability|p2b: Incineroar|Intimidate|boost\n|-unboost|p1a: Grimmsnarl|atk|1\n|-unboost|p1b: Calyrex|atk|1\n|turn|1\n|\n|t:|1774605747\n|move|p1a: Grimmsnarl|Light Screen|p1a: Grimmsnarl\n|-sidestart|p1: jd8erh|move: Light Screen\n|move|p2a: Miraidon|Volt Switch|p1a: Grimmsnarl\n|-damage|p1a: Grimmsnarl|51/100\n|\n|t:|1774605753\n|switch|p2a: Calyrex|Calyrex-Ice, L50|100/100|[from] Volt Switch\n|-ability|p2a: Calyrex|As One\n|-ability|p2a: Calyrex|Unnerve\n|move|p2b: Incineroar|U-turn|p1a: Grimmsnarl\n|-damage|p1a: Grimmsnarl|28/100\n|\n|t:|1774605762\n|switch|p2b: Iron Treads|Iron Treads, L50|100/100|[from] U-turn\n|-activate|p2b: Iron Treads|ability: Quark Drive\n|-start|p2b: Iron Treads|quarkdrivespe\n|move|p1b: Calyrex|Glacial Lance|p2a: Calyrex|[spread] p2a,p2b\n|-resisted|p2a: Calyrex\n|-damage|p2a: Calyrex|90/100\n|-damage|p2b: Iron Treads|67/100\n|\n|-heal|p2a: Calyrex|96/100|[from] item: Leftovers\n|upkeep\n|turn|2\n|\n|t:|1774605786\n|-terastallize|p1b: Calyrex|Water\n|move|p2a: Calyrex|Protect|p2a: Calyrex\n|-singleturn|p2a: Calyrex|Protect\n|move|p1a: Grimmsnarl|Reflect|p1a: Grimmsnarl\n|-sidestart|p1: jd8erh|Reflect\n|move|p2b: Iron Treads|High Horsepower|p1a: Grimmsnarl\n|-damage|p1a: Grimmsnarl|0 fnt\n|faint|p1a: Grimmsnarl\n|move|p1b: Calyrex|Leech Seed|p2a: Calyrex\n|-activate|p2a: Calyrex|move: Protect\n|\n|-heal|p2a: Calyrex|100/100|[from] item: Leftovers\n|upkeep\n|\n|t:|1774605794\n|switch|p1a: Volcarona|Volcarona, L50, M|100/100\n|turn|3\n|\n|t:|1774605810\n|switch|p2a: Incineroar|Incineroar, L50, M|100/100\n|-ability|p2a: Incineroar|Intimidate|boost\n|-unboost|p1a: Volcarona|atk|1\n|-unboost|p1b: Calyrex|atk|1\n|move|p2b: Iron Treads|High Horsepower|p1a: Volcarona\n|-damage|p1a: Volcarona|54/100\n|-damage|p2b: Iron Treads|51/100|[from] item: Rocky Helmet|[of] p1a: Volcarona\n|-status|p2b: Iron Treads|brn|[from] ability: Flame Body|[of] p1a: Volcarona\n|move|p1a: Volcarona|Will-O-Wisp|p2a: Incineroar\n|-immune|p2a: Incineroar\n|move|p1b: Calyrex|Trick Room|p1b: Calyrex\n|-fieldstart|move: Trick Room|[of] p1b: Calyrex\n|\n|-damage|p2b: Iron Treads|45/100 brn|[from] brn\n|upkeep\n|turn|4\n|\n|t:|1774605834\n|move|p1b: Calyrex|Leech Seed|p2a: Incineroar\n|-start|p2a: Incineroar|move: Leech Seed\n|move|p2a: Incineroar|Knock Off|p1a: Volcarona\n|-damage|p1a: Volcarona|26/100\n|-damage|p2a: Incineroar|84/100|[from] item: Rocky Helmet|[of] p1a: Volcarona\n|-enditem|p1a: Volcarona|Rocky Helmet|[from] move: Knock Off|[of] p2a: Incineroar\n|move|p1a: Volcarona|Overheat|p2b: Iron Treads\n|-supereffective|p2b: Iron Treads\n|-damage|p2b: Iron Treads|0 fnt\n|-unboost|p1a: Volcarona|spa|2\n|faint|p2b: Iron Treads\n|-end|p2b: Iron Treads|Quark Drive|[silent]\n|\n|-damage|p2a: Incineroar|72/100|[from] Leech Seed|[of] p1b: Calyrex\n|upkeep\n|\n|t:|1774605853\n|switch|p2b: Miraidon|Miraidon, L50|100/100\n|-activate|p2b: Miraidon|ability: Hadron Engine\n|turn|5\n|\n|t:|1774605868\n|switch|p1b: Miraidon|Miraidon, L50|100/100\n|-activate|p1b: Miraidon|ability: Hadron Engine\n|move|p2a: Incineroar|Flare Blitz|p1a: Volcarona\n|-damage|p1a: Volcarona|0 fnt\n|faint|p1a: Volcarona\n|-damage|p2a: Incineroar|64/100|[from] Recoil\n|move|p2b: Miraidon|Electro Drift|p1b: Miraidon\n|-resisted|p1b: Miraidon\n|-damage|p1b: Miraidon|82/100\n|\n|-damage|p2a: Incineroar|51/100|[from] Leech Seed|[of] p1b: Miraidon\n|-heal|p1b: Miraidon|94/100|[silent]\n|-fieldend|move: Electric Terrain\n|upkeep\n|\n|t:|1774605874\n|switch|p1a: Calyrex|Calyrex-Ice, L50, tera:Water|100/100\n|-ability|p1a: Calyrex|As One\n|-ability|p1a: Calyrex|Unnerve\n|turn|6\n|\n|t:|1774605889\n|switch|p2b: Calyrex|Calyrex-Ice, L50|100/100\n|-ability|p2b: Calyrex|As One\n|-ability|p2b: Calyrex|Unnerve\n|move|p1a: Calyrex|Glacial Lance|p2b: Calyrex|[spread] p2a,p2b\n|-resisted|p2a: Incineroar\n|-resisted|p2b: Calyrex\n|-damage|p2a: Incineroar|32/100\n|-damage|p2b: Calyrex|83/100\n|move|p2a: Incineroar|Knock Off|p1a: Calyrex\n|-damage|p1a: Calyrex|86/100\n|-enditem|p1a: Calyrex|Leftovers|[from] move: Knock Off|[of] p2a: Incineroar\n|move|p1b: Miraidon|Electro Drift|p2b: Calyrex\n|-damage|p2b: Calyrex|52/100\n|\n|-heal|p2b: Calyrex|58/100|[from] item: Leftovers\n|-damage|p2a: Incineroar|20/100|[from] Leech Seed|[of] p1b: Miraidon\n|-heal|p1b: Miraidon|100/100|[silent]\n|upkeep\n|turn|7\n|inactive|Highkage2 has 30 seconds left.\n|inactive|Highkage2 has 20 seconds left.\n|inactive|Highkage2 has 15 seconds left.\n|inactive|Highkage2 has 10 seconds left.\n|inactive|Highkage2 has 5 seconds left.\n|\n|t:|1774605943\n|move|p2b: Calyrex|Leech Seed|p1b: Miraidon\n|-start|p1b: Miraidon|move: Leech Seed\n|move|p1a: Calyrex|Leech Seed|p2b: Calyrex\n|-start|p2b: Calyrex|move: Leech Seed\n|move|p2a: Incineroar|Flare Blitz|p1b: Miraidon\n|-resisted|p1b: Miraidon\n|-damage|p1b: Miraidon|88/100\n|-damage|p2a: Incineroar|16/100|[from] Recoil\n|move|p1b: Miraidon|Electro Drift|p2b: Calyrex\n|-damage|p2b: Calyrex|29/100\n|\n|-heal|p2b: Calyrex|34/100|[from] item: Leftovers\n|-damage|p2b: Calyrex|22/100|[from] Leech Seed|[of] p1a: Calyrex\n|-heal|p1a: Calyrex|98/100|[silent]\n|-damage|p2a: Incineroar|3/100|[from] Leech Seed|[of] p1b: Miraidon\n|-heal|p1b: Miraidon|100/100|[silent]\n|-damage|p1b: Miraidon|88/100|[from] Leech Seed|[of] p2b: Calyrex\n|-heal|p2b: Calyrex|34/100|[silent]\n|-fieldend|move: Trick Room\n|upkeep\n|turn|8\n|\n|t:|1774605966\n|move|p2b: Calyrex|Protect|p2b: Calyrex\n|-singleturn|p2b: Calyrex|Protect\n|move|p1b: Miraidon|Electro Drift|p2a: Incineroar\n|-damage|p2a: Incineroar|0 fnt\n|faint|p2a: Incineroar\n|move|p1a: Calyrex|Trick Room|p1a: Calyrex\n|-fieldstart|move: Trick Room|[of] p1a: Calyrex\n|\n|-heal|p2b: Calyrex|40/100|[from] item: Leftovers\n|-damage|p2b: Calyrex|28/100|[from] Leech Seed|[of] p1a: Calyrex\n|-heal|p1a: Calyrex|100/100|[silent]\n|-damage|p1b: Miraidon|76/100|[from] Leech Seed|[of] p2b: Calyrex\n|-heal|p2b: Calyrex|39/100|[silent]\n|-sideend|p1: jd8erh|move: Light Screen\n|upkeep\n|\n|t:|1774605969\n|switch|p2a: Miraidon|Miraidon, L50|100/100\n|-fieldstart|move: Electric Terrain|[from] ability: Hadron Engine|[of] p2a: Miraidon\n|turn|9\n|\n|t:|1774605993\n|move|p2b: Calyrex|Glacial Lance|p1b: Miraidon|[spread] p1a,p1b\n|-resisted|p1a: Calyrex\n|-supereffective|p1b: Miraidon\n|-crit|p1b: Miraidon\n|-damage|p1a: Calyrex|90/100\n|-damage|p1b: Miraidon|0 fnt\n|faint|p1b: Miraidon\n|-ability|p2b: Calyrex|Chilling Neigh|boost\n|-boost|p2b: Calyrex|atk|1\n|move|p1a: Calyrex|Glacial Lance|p2b: Calyrex|[spread] p2a,p2b\n|-supereffective|p2a: Miraidon\n|-resisted|p2b: Calyrex\n|-damage|p2a: Miraidon|0 fnt\n|-damage|p2b: Calyrex|22/100\n|faint|p2a: Miraidon\n|-ability|p1a: Calyrex|Chilling Neigh|boost\n|-boost|p1a: Calyrex|atk|1\n|\n|-heal|p2b: Calyrex|28/100|[from] item: Leftovers\n|-damage|p2b: Calyrex|16/100|[from] Leech Seed|[of] p1a: Calyrex\n|-heal|p1a: Calyrex|100/100|[silent]\n|-sideend|p1: jd8erh|Reflect\n|upkeep\n|turn|10\n|-message|Highkage2 forfeited.\n|\n|win|jd8erh\n|raw|jd8erh's rating: 1449 &rarr; <strong>1474</strong><br />(+25 for winning)\n|raw|Highkage2's rating: 1543 &rarr; <strong>1518</strong><br />(-25 for losing)\n|l|\u203dHighkage2\n|player|p2|\n|l|\u2606jd8erh\n|player|p1|\n","uploadtime":1774606163,"views":12,"formatid":"gen9vgc2026regi","rating":1474,"private":0,"password":null}