{"id":"gen9vgc2026regi-2558598557","format":"[Gen 9] VGC 2026 Reg I","players":["thebeast4895","alexit93"],"log":"|j|\u2606thebeast4895\n|j|\u2606alexit93\n|t:|1773452128\n|gametype|doubles\n|player|p1|thebeast4895|1|1263\n|player|p2|alexit93|lucas-gen4pt|1392\n|gen|9\n|tier|[Gen 9] VGC 2026 Reg I\n|rated|\n|rule|Species Clause: Limit one of each Pok\u00e9mon\n|rule|Item Clause: Limit 1 of each item\n|clearpoke\n|poke|p1|Kyogre, L50|\n|poke|p1|Chien-Pao, L50|\n|poke|p1|Tornadus, L50, M|\n|poke|p1|Zacian-*, L50|\n|poke|p1|Gouging Fire, L50|\n|poke|p1|Amoonguss, L50, F|\n|poke|p2|Zamazenta-*, L50|\n|poke|p2|Chien-Pao, L50|\n|poke|p2|Miraidon, L50|\n|poke|p2|Whimsicott, L50, M|\n|poke|p2|Farigiraf, L50, M|\n|poke|p2|Landorus, L50, M|\n|teampreview|4\n|\n|t:|1773452174\n|teamsize|p1|4\n|teamsize|p2|4\n|start\n|switch|p1a: Zacian|Zacian-Crowned, L50, shiny|100/100\n|switch|p1b: Gouging Fire|Gouging Fire, L50|100/100\n|switch|p2a: Miraidon|Miraidon, L50, shiny|100/100\n|switch|p2b: Whimsicott|Whimsicott, L50, M|100/100\n|-fieldstart|move: Electric Terrain|[from] ability: Hadron Engine|[of] p2a: Miraidon\n|-ability|p1a: Zacian|Intrepid Sword|boost\n|-boost|p1a: Zacian|atk|1\n|-enditem|p1b: Gouging Fire|Booster Energy\n|-activate|p1b: Gouging Fire|ability: Protosynthesis|[fromitem]\n|-start|p1b: Gouging Fire|protosynthesisspe\n|turn|1\n|\n|t:|1773452197\n|switch|p2a: Landorus|Landorus, L50, M|100/100\n|-terastallize|p1a: Zacian|Ground\n|move|p2b: Whimsicott|Protect|p2b: Whimsicott\n|-singleturn|p2b: Whimsicott|Protect\n|move|p1b: Gouging Fire|Heat Crash|p2b: Whimsicott\n|-activate|p2b: Whimsicott|move: Protect\n|move|p1a: Zacian|Tera Blast|p2a: Landorus|[anim] Tera Blast Ground\n|-immune|p2a: Landorus\n|\n|upkeep\n|turn|2\n|\n|t:|1773452228\n|move|p1a: Zacian|Protect|p1a: Zacian\n|-singleturn|p1a: Zacian|Protect\n|move|p2b: Whimsicott|Tailwind|p2b: Whimsicott\n|-sidestart|p2: alexit93|move: Tailwind\n|move|p2a: Landorus|Sandsear Storm|p1a: Zacian|[spread] p1b\n|-activate|p1a: Zacian|move: Protect\n|-supereffective|p1b: Gouging Fire\n|-damage|p1b: Gouging Fire|0 fnt\n|faint|p1b: Gouging Fire\n|-end|p1b: Gouging Fire|Protosynthesis|[silent]\n|\n|upkeep\n|\n|t:|1773452240\n|switch|p1b: Kyogre|Kyogre, L50|100/100\n|-weather|RainDance|[from] ability: Drizzle|[of] p1b: Kyogre\n|turn|3\n|\n|t:|1773452246\n|switch|p1a: Amoonguss|Amoonguss, L50, F|100/100\n|-terastallize|p2a: Landorus|Water\n|move|p2b: Whimsicott|Encore||[still]\n|-fail|p2b: Whimsicott\n|move|p2a: Landorus|Sandsear Storm|p1a: Amoonguss|[spread] p1a,p1b\n|-damage|p1a: Amoonguss|49/100\n|-damage|p1b: Kyogre|60/100\n|move|p1b: Kyogre|Origin Pulse|p2a: Landorus|[spread] p2a,p2b\n|-resisted|p2a: Landorus\n|-resisted|p2b: Whimsicott\n|-damage|p2a: Landorus|44/100\n|-damage|p2b: Whimsicott|36/100\n|\n|-weather|RainDance|[upkeep]\n|upkeep\n|turn|4\n|\n|t:|1773452267\n|move|p2b: Whimsicott|Protect|p2b: Whimsicott\n|-singleturn|p2b: Whimsicott|Protect\n|move|p1a: Amoonguss|Protect|p1a: Amoonguss\n|-singleturn|p1a: Amoonguss|Protect\n|move|p2a: Landorus|Sandsear Storm|p1a: Amoonguss|[spread] p1b\n|-activate|p1a: Amoonguss|move: Protect\n|-damage|p1b: Kyogre|19/100\n|move|p1b: Kyogre|Origin Pulse|p2b: Whimsicott|[spread] p2a\n|-activate|p2b: Whimsicott|move: Protect\n|-resisted|p2a: Landorus\n|-crit|p2a: Landorus\n|-damage|p2a: Landorus|0 fnt\n|faint|p2a: Landorus\n|\n|-weather|RainDance|[upkeep]\n|upkeep\n|\n|t:|1773452280\n|switch|p2a: Miraidon|Miraidon, L50, shiny|100/100\n|-activate|p2a: Miraidon|ability: Hadron Engine\n|turn|5\n|\n|t:|1773452295\n|switch|p1b: Zacian|Zacian-Crowned, L50, shiny, tera:Ground|100/100\n|move|p1a: Amoonguss|Protect|p1a: Amoonguss\n|-singleturn|p1a: Amoonguss|Protect\n|move|p2b: Whimsicott|Encore|p1a: Amoonguss\n|-activate|p1a: Amoonguss|move: Protect\n|move|p2a: Miraidon|Dazzling Gleam|p1b: Zacian|[spread] p1b\n|-activate|p1a: Amoonguss|move: Protect\n|-damage|p1b: Zacian|63/100\n|\n|-weather|RainDance|[upkeep]\n|-sideend|p2: alexit93|move: Tailwind\n|-fieldend|move: Electric Terrain\n|upkeep\n|turn|6\n|\n|t:|1773452315\n|move|p2b: Whimsicott|Encore|p1a: Amoonguss\n|-start|p1a: Amoonguss|Encore\n|move|p2a: Miraidon|Dazzling Gleam|p1b: Zacian|[spread] p1a,p1b\n|-resisted|p1a: Amoonguss\n|-damage|p1a: Amoonguss|35/100\n|-damage|p1b: Zacian|33/100\n|move|p1b: Zacian|Tera Blast|p2a: Miraidon|[anim] Tera Blast Ground\n|-supereffective|p2a: Miraidon\n|-damage|p2a: Miraidon|0 fnt\n|faint|p2a: Miraidon\n|move|p1a: Amoonguss|Protect||[still]\n|-fail|p1a: Amoonguss\n|\n|-weather|RainDance|[upkeep]\n|upkeep\n|\n|t:|1773452322\n|switch|p2a: Zamazenta|Zamazenta-Crowned, L50, shiny|100/100\n|-ability|p2a: Zamazenta|Dauntless Shield|boost\n|-boost|p2a: Zamazenta|def|1\n|turn|7\n|\n|t:|1773452331\n|switch|p1a: Kyogre|Kyogre, L50|19/100\n|move|p1b: Zacian|Protect|p1b: Zacian\n|-singleturn|p1b: Zacian|Protect\n|move|p2b: Whimsicott|Tailwind|p2b: Whimsicott\n|-sidestart|p2: alexit93|move: Tailwind\n|move|p2a: Zamazenta|Body Press|p1b: Zacian\n|-activate|p1b: Zacian|move: Protect\n|\n|-weather|none\n|upkeep\n|turn|8\n|\n|t:|1773452349\n|switch|p1b: Amoonguss|Amoonguss, L50, F|68/100\n|move|p2b: Whimsicott|Encore||[still]\n|-fail|p2b: Whimsicott\n|move|p2a: Zamazenta|Body Press|p1a: Kyogre\n|-damage|p1a: Kyogre|0 fnt\n|faint|p1a: Kyogre\n|\n|upkeep\n|\n|t:|1773452356\n|switch|p1a: Zacian|Zacian-Crowned, L50, shiny, tera:Ground|33/100\n|turn|9\n|\n|t:|1773452379\n|move|p2a: Zamazenta|Protect|p2a: Zamazenta\n|-singleturn|p2a: Zamazenta|Protect\n|move|p1b: Amoonguss|Rage Powder|p1b: Amoonguss\n|-singleturn|p1b: Amoonguss|move: Rage Powder\n|move|p2b: Whimsicott|Moonblast|p1a: Zacian\n|-damage|p1a: Zacian|10/100\n|-unboost|p1a: Zacian|spa|1\n|move|p1a: Zacian|Behemoth Blade|p2b: Whimsicott\n|-supereffective|p2b: Whimsicott\n|-damage|p2b: Whimsicott|0 fnt\n|faint|p2b: Whimsicott\n|\n|upkeep\n|turn|10\n|\n|t:|1773452394\n|move|p1a: Zacian|Protect|p1a: Zacian\n|-singleturn|p1a: Zacian|Protect\n|move|p1b: Amoonguss|Protect|p1b: Amoonguss\n|-singleturn|p1b: Amoonguss|Protect\n|move|p2a: Zamazenta|Body Press|p1b: Amoonguss\n|-activate|p1b: Amoonguss|move: Protect\n|\n|-sideend|p2: alexit93|move: Tailwind\n|upkeep\n|turn|11\n|\n|t:|1773452406\n|move|p1b: Amoonguss|Rage Powder|p1b: Amoonguss\n|-singleturn|p1b: Amoonguss|move: Rage Powder\n|move|p2a: Zamazenta|Body Press|p1b: Amoonguss\n|-resisted|p1b: Amoonguss\n|-damage|p1b: Amoonguss|35/100\n|-damage|p2a: Zamazenta|84/100|[from] item: Rocky Helmet|[of] p1b: Amoonguss\n|move|p1a: Zacian|Tera Blast|p2a: Zamazenta|[anim] Tera Blast Ground\n|-supereffective|p2a: Zamazenta\n|-damage|p2a: Zamazenta|44/100\n|\n|upkeep\n|turn|12\n|\n|t:|1773452417\n|move|p1b: Amoonguss|Rage Powder|p1b: Amoonguss\n|-singleturn|p1b: Amoonguss|move: Rage Powder\n|move|p2a: Zamazenta|Body Press|p1b: Amoonguss\n|-resisted|p1b: Amoonguss\n|-damage|p1b: Amoonguss|4/100\n|-damage|p2a: Zamazenta|27/100|[from] item: Rocky Helmet|[of] p1b: Amoonguss\n|move|p1a: Zacian|Tera Blast|p2a: Zamazenta|[anim] Tera Blast Ground\n|-supereffective|p2a: Zamazenta\n|-damage|p2a: Zamazenta|0 fnt\n|faint|p2a: Zamazenta\n|\n|win|thebeast4895\n|raw|thebeast4895's rating: 1263 &rarr; <strong>1297</strong><br />(+34 for winning)\n|raw|alexit93's rating: 1392 &rarr; <strong>1365</strong><br />(-27 for losing)\n|l|\u2606alexit93\n|player|p2|\n|c|\u2606thebeast4895|gg\n","uploadtime":1773452601,"views":13,"formatid":"gen9vgc2026regi","rating":1297,"private":0,"password":null}