{"id":"gen9vgc2026regi-2555067158","format":"[Gen 9] VGC 2026 Reg I","players":["saya315","drive stone"],"log":"|j|\u2606saya315\n|j|\u2606drive stone\n|t:|1773053081\n|gametype|doubles\n|player|p1|saya315|169|1474\n|player|p2|drive stone|cilan|1507\n|gen|9\n|tier|[Gen 9] VGC 2026 Reg I\n|rated|\n|rule|Species Clause: Limit one of each Pok\u00e9mon\n|rule|Item Clause: Limit 1 of each item\n|clearpoke\n|poke|p1|Kyogre, L50|\n|poke|p1|Calyrex-Ice, L50|\n|poke|p1|Iron Jugulis, L50|\n|poke|p1|Amoonguss, L50, F|\n|poke|p1|Indeedee-F, L50, F|\n|poke|p1|Urshifu-*, L50, M|\n|poke|p2|Calyrex-Ice, L50|\n|poke|p2|Ho-Oh, L50|\n|poke|p2|Overqwil, L50, F|\n|poke|p2|Rillaboom, L50, M|\n|poke|p2|Ting-Lu, L50|\n|poke|p2|Ogerpon-Wellspring, L50, F|\n|teampreview|4\n|\n|t:|1773053111\n|teamsize|p1|4\n|teamsize|p2|4\n|start\n|switch|p1a: Indeedee|Indeedee-F, L50, F|100/100\n|switch|p1b: Kyogre|Kyogre, L50|100/100\n|switch|p2a: Calyrex|Calyrex-Ice, L50|100/100\n|switch|p2b: Overqwil|Overqwil, L50, F|100/100\n|-ability|p2a: Calyrex|As One\n|-ability|p2a: Calyrex|Unnerve\n|-weather|RainDance|[from] ability: Drizzle|[of] p1b: Kyogre\n|-ability|p2b: Overqwil|Intimidate|boost\n|-unboost|p1a: Indeedee|atk|1\n|-unboost|p1b: Kyogre|atk|1\n|-fieldstart|move: Psychic Terrain|[from] ability: Psychic Surge|[of] p1a: Indeedee\n|turn|1\n|\n|t:|1773053132\n|switch|p2b: Ogerpon|Ogerpon-Wellspring, L50, F|100/100\n|-terastallize|p1b: Kyogre|Water\n|-terastallize|p2a: Calyrex|Water\n|move|p1a: Indeedee|Helping Hand|p1b: Kyogre\n|-singleturn|p1b: Kyogre|Helping Hand|[of] p1a: Indeedee\n|move|p1b: Kyogre|Water Spout|p2a: Calyrex|[spread] p2a\n|-immune|p2b: Ogerpon|[from] ability: Water Absorb\n|-resisted|p2a: Calyrex\n|-damage|p2a: Calyrex|0 fnt\n|faint|p2a: Calyrex\n|\n|-weather|RainDance|[upkeep]\n|upkeep\n|\n|t:|1773053155\n|switch|p2a: Rillaboom|Rillaboom, L50, M|100/100\n|-fieldstart|move: Grassy Terrain|[from] ability: Grassy Surge|[of] p2a: Rillaboom\n|turn|2\n|\n|t:|1773053169\n|switch|p1b: Calyrex|Calyrex-Ice, L50|100/100\n|-ability|p1b: Calyrex|As One\n|-ability|p1b: Calyrex|Unnerve\n|move|p2a: Rillaboom|Fake Out|p1b: Calyrex\n|-damage|p1b: Calyrex|92/100\n|move|p2b: Ogerpon|Ivy Cudgel|p1a: Indeedee|[anim] Ivy Cudgel Water\n|-damage|p1a: Indeedee|19/100\n|-enditem|p1a: Indeedee|Eject Button\n|\n|t:|1773053186\n|switch|p1a: Urshifu|Urshifu-Rapid-Strike, L50, M|100/100\n|\n|-weather|RainDance|[upkeep]\n|-heal|p1b: Calyrex|98/100|[from] Grassy Terrain\n|upkeep\n|turn|3\n|\n|t:|1773053201\n|move|p1a: Urshifu|Detect|p1a: Urshifu\n|-singleturn|p1a: Urshifu|Protect\n|move|p2b: Ogerpon|Ivy Cudgel|p1b: Calyrex|[anim] Ivy Cudgel Water\n|-damage|p1b: Calyrex|50/100\n|move|p2a: Rillaboom|U-turn|p1b: Calyrex\n|-supereffective|p1b: Calyrex\n|-damage|p1b: Calyrex|21/100\n|\n|t:|1773053209\n|switch|p2a: Overqwil|Overqwil, L50, F|100/100|[from] U-turn\n|-ability|p2a: Overqwil|Intimidate|boost\n|-unboost|p1a: Urshifu|atk|1\n|-fail|p1b: Calyrex|unboost|[from] item: Clear Amulet|[of] p1b: Calyrex\n|move|p1b: Calyrex|Glacial Lance|p2a: Overqwil|[spread] p2a,p2b\n|-damage|p2a: Overqwil|52/100\n|-damage|p2b: Ogerpon|42/100\n|\n|-weather|RainDance|[upkeep]\n|-heal|p2b: Ogerpon|48/100|[from] Grassy Terrain\n|-heal|p2a: Overqwil|58/100|[from] Grassy Terrain\n|-heal|p2a: Overqwil|65/100|[from] item: Black Sludge\n|-heal|p1b: Calyrex|27/100|[from] Grassy Terrain\n|upkeep\n|turn|4\n|\n|t:|1773053236\n|move|p1b: Calyrex|Protect|p1b: Calyrex\n|-singleturn|p1b: Calyrex|Protect\n|move|p1a: Urshifu|Surging Strikes|p2a: Overqwil\n|-crit|p2a: Overqwil\n|-damage|p2a: Overqwil|34/100\n|-crit|p2a: Overqwil\n|-damage|p2a: Overqwil|5/100\n|-crit|p2a: Overqwil\n|-damage|p2a: Overqwil|0 fnt\n|faint|p2a: Overqwil\n|-hitcount|p2: Overqwil|3\n|move|p2b: Ogerpon|Horn Leech|p1a: Urshifu\n|-supereffective|p1a: Urshifu\n|-damage|p1a: Urshifu|0 fnt\n|-heal|p2b: Ogerpon|99/100|[from] drain|[of] p1a: Urshifu\n|faint|p1a: Urshifu\n|\n|-weather|RainDance|[upkeep]\n|-heal|p2b: Ogerpon|100/100|[from] Grassy Terrain\n|-heal|p1b: Calyrex|33/100|[from] Grassy Terrain\n|upkeep\n|\n|t:|1773053253\n|switch|p1a: Kyogre|Kyogre, L50, tera:Water|100/100\n|switch|p2a: Rillaboom|Rillaboom, L50, M|100/100\n|turn|5\n|\n|t:|1773053272\n|switch|p1b: Indeedee|Indeedee-F, L50, F|19/100\n|-fieldstart|move: Psychic Terrain|[from] ability: Psychic Surge|[of] p1b: Indeedee\n|move|p1a: Kyogre|Ice Beam|p2b: Ogerpon\n|-damage|p2b: Ogerpon|52/100\n|move|p2b: Ogerpon|Ivy Cudgel|p1b: Indeedee|[anim] Ivy Cudgel Water\n|-damage|p1b: Indeedee|0 fnt\n|faint|p1b: Indeedee\n|move|p2a: Rillaboom|Wood Hammer|p1a: Kyogre\n|-supereffective|p1a: Kyogre\n|-damage|p1a: Kyogre|0 fnt\n|faint|p1a: Kyogre\n|-damage|p2a: Rillaboom|70/100|[from] Recoil\n|\n|-weather|none\n|upkeep\n|\n|t:|1773053288\n|switch|p1b: Calyrex|Calyrex-Ice, L50|33/100\n|-ability|p1b: Calyrex|As One\n|-ability|p1b: Calyrex|Unnerve\n|turn|6\n|-message|saya315 forfeited.\n|\n|win|drive stone\n|raw|saya315's rating: 1474 &rarr; <strong>1456</strong><br />(-18 for losing)\n|raw|drive stone's rating: 1507 &rarr; <strong>1525</strong><br />(+18 for winning)\n|l|\u2606saya315\n|player|p1|\n|l|\u2606drive stone\n|player|p2|\n","uploadtime":1773053494,"views":18,"formatid":"gen9vgc2026regi","rating":1456,"private":0,"password":null}