{"id":"gen9vgc2026regi-2567667409","format":"[Gen 9] VGC 2026 Reg I","players":["clefci","fire-urshifu"],"log":"|j|\u2606clefci\n|j|\u2606fire-urshifu\n|t:|1774500806\n|gametype|doubles\n|player|p1|clefci|102|1325\n|player|p2|fire-urshifu|larry|1322\n|gen|9\n|tier|[Gen 9] VGC 2026 Reg I\n|rated|\n|rule|Species Clause: Limit one of each Pok\u00e9mon\n|rule|Item Clause: Limit 1 of each item\n|clearpoke\n|poke|p1|Groudon, L50|\n|poke|p1|Lunala, L50|\n|poke|p1|Smeargle, L50, F|\n|poke|p1|Tornadus, L50, M|\n|poke|p1|Flutter Mane, L50|\n|poke|p1|Gouging Fire, L50|\n|poke|p2|Tyranitar, L50, F|\n|poke|p2|Excadrill, L50, M|\n|poke|p2|Tornadus, L50, M|\n|poke|p2|Zamazenta-*, L50|\n|poke|p2|Chien-Pao, L50|\n|poke|p2|Calyrex-Shadow, L50|\n|teampreview|4\n|inactive|Battle timer is ON: inactive players will automatically lose when time's up. (requested by clefci)\n|inactive|clefci has 60 seconds left.\n|inactive|fire-urshifu has 60 seconds left.\n|\n|t:|1774500854\n|teamsize|p1|4\n|teamsize|p2|4\n|start\n|switch|p1a: Groudon|Groudon, L50|100/100\n|switch|p1b: Lunala|Lunala, L50|100/100\n|switch|p2a: Tornadus|Tornadus, L50, M|100/100\n|switch|p2b: Tyranitar|Tyranitar, L50, F|100/100\n|-weather|SunnyDay|[from] ability: Drought|[of] p1a: Groudon\n|-weather|Sandstorm|[from] ability: Sand Stream|[of] p2b: Tyranitar\n|turn|1\n|inactive|fire-urshifu has 30 seconds left.\n|\n|t:|1774500885\n|switch|p1b: Flutter Mane|Flutter Mane, L50|100/100\n|-terastallize|p2b: Tyranitar|Fairy\n|move|p2a: Tornadus|Tailwind|p2a: Tornadus\n|-sidestart|p2: fire-urshifu|move: Tailwind\n|move|p2b: Tyranitar|Knock Off|p1a: Groudon\n|-damage|p1a: Groudon|50/100\n|-enditem|p1a: Groudon|Covert Cloak|[from] move: Knock Off|[of] p2b: Tyranitar\n|move|p1a: Groudon|Will-O-Wisp|p2b: Tyranitar\n|-status|p2b: Tyranitar|brn\n|\n|-weather|Sandstorm|[upkeep]\n|-damage|p2a: Tornadus|95/100|[from] Sandstorm\n|-damage|p1b: Flutter Mane|95/100|[from] Sandstorm\n|-damage|p2b: Tyranitar|95/100 brn|[from] Sandstorm\n|-damage|p2b: Tyranitar|89/100 brn|[from] brn\n|upkeep\n|turn|2\n|inactive|clefci has 30 seconds left.\n|inactive|clefci has 20 seconds left.\n|inactive|clefci has 15 seconds left.\n|\n|t:|1774500930\n|move|p1b: Flutter Mane|Protect|p1b: Flutter Mane\n|-singleturn|p1b: Flutter Mane|Protect\n|move|p2a: Tornadus|Bleakwind Storm|p1a: Groudon|[spread] p1a\n|-activate|p1b: Flutter Mane|move: Protect\n|-damage|p1a: Groudon|26/100\n|move|p2b: Tyranitar|Knock Off|p1b: Flutter Mane\n|-activate|p1b: Flutter Mane|move: Protect\n|move|p1a: Groudon|Precipice Blades|p2a: Tornadus|[spread] p2b\n|-immune|p2a: Tornadus\n|-damage|p2b: Tyranitar|48/100 brn\n|\n|-weather|Sandstorm|[upkeep]\n|-damage|p2a: Tornadus|89/100|[from] Sandstorm\n|-damage|p1b: Flutter Mane|89/100|[from] Sandstorm\n|-damage|p2b: Tyranitar|42/100 brn|[from] Sandstorm\n|-damage|p2b: Tyranitar|36/100 brn|[from] brn\n|upkeep\n|turn|3\n|\n|t:|1774500951\n|move|p2a: Tornadus|Bleakwind Storm|p1a: Groudon|[spread] \n|-miss|p2a: Tornadus|p1a: Groudon\n|-miss|p2a: Tornadus|p1b: Flutter Mane\n|move|p1b: Flutter Mane|Icy Wind|p2b: Tyranitar|[spread] p2a,p2b\n|-supereffective|p2a: Tornadus\n|-damage|p2a: Tornadus|59/100\n|-damage|p2b: Tyranitar|24/100 brn\n|-unboost|p2b: Tyranitar|spe|1\n|move|p1a: Groudon|Precipice Blades|p2a: Tornadus|[spread] \n|-immune|p2a: Tornadus\n|-miss|p1a: Groudon|p2b: Tyranitar\n|move|p2b: Tyranitar|Knock Off|p1b: Flutter Mane\n|-damage|p1b: Flutter Mane|35/100\n|-enditem|p1b: Flutter Mane|Sitrus Berry|[from] move: Knock Off|[of] p2b: Tyranitar\n|\n|-weather|Sandstorm|[upkeep]\n|-damage|p2a: Tornadus|53/100|[from] Sandstorm\n|-damage|p1b: Flutter Mane|29/100|[from] Sandstorm\n|-damage|p2b: Tyranitar|18/100 brn|[from] Sandstorm\n|-damage|p2b: Tyranitar|12/100 brn|[from] brn\n|upkeep\n|turn|4\n|inactive|fire-urshifu has 30 seconds left.\n|\n|t:|1774500980\n|-end|p1b: Flutter Mane|Protosynthesis|[silent]\n|switch|p1b: Tornadus|Tornadus, L50, M|100/100\n|move|p2a: Tornadus|Bleakwind Storm|p1b: Tornadus|[spread] p1a,p1b\n|-damage|p1a: Groudon|0 fnt\n|-damage|p1b: Tornadus|69/100\n|faint|p1a: Groudon\n|move|p2b: Tyranitar|Knock Off|p1b: Tornadus\n|-damage|p1b: Tornadus|17/100\n|-enditem|p1b: Tornadus|Sky Plate|[from] move: Knock Off|[of] p2b: Tyranitar\n|\n|-weather|Sandstorm|[upkeep]\n|-damage|p2a: Tornadus|47/100|[from] Sandstorm\n|-damage|p1b: Tornadus|11/100|[from] Sandstorm\n|-damage|p2b: Tyranitar|6/100 brn|[from] Sandstorm\n|-damage|p2b: Tyranitar|0 fnt|[from] brn\n|faint|p2b: Tyranitar\n|-sideend|p2: fire-urshifu|move: Tailwind\n|upkeep\n|\n|t:|1774500998\n|switch|p1a: Lunala|Lunala, L50|100/100\n|switch|p2b: Excadrill|Excadrill, L50, M|100/100\n|turn|5\n|inactive|fire-urshifu has 30 seconds left.\n|\n|t:|1774501025\n|switch|p2a: Zamazenta|Zamazenta-Crowned, L50|100/100\n|-ability|p2a: Zamazenta|Dauntless Shield|boost\n|-boost|p2a: Zamazenta|def|1\n|move|p1b: Tornadus|Tailwind|p1b: Tornadus\n|-sidestart|p1: clefci|move: Tailwind\n|move|p2b: Excadrill|Stealth Rock|p1a: Lunala\n|-sidestart|p1: clefci|move: Stealth Rock\n|move|p1a: Lunala|Heat Wave|p2a: Zamazenta|[spread] p2a,p2b\n|-supereffective|p2a: Zamazenta\n|-supereffective|p2b: Excadrill\n|-damage|p2a: Zamazenta|36/100\n|-damage|p2b: Excadrill|0 fnt\n|faint|p2b: Excadrill\n|\n|-weather|none\n|upkeep\n|\n|t:|1774501037\n|switch|p2b: Tornadus|Tornadus, L50, M|47/100\n|turn|6\n|\n|t:|1774501052\n|move|p2a: Zamazenta|Wide Guard|p2a: Zamazenta\n|-singleturn|p2a: Zamazenta|Wide Guard\n|move|p1b: Tornadus|Taunt|p2b: Tornadus\n|-start|p2b: Tornadus|move: Taunt\n|cant|p2b: Tornadus|move: Taunt|Sandstorm\n|move|p1a: Lunala|Heat Wave|p2a: Zamazenta|[spread] \n|-activate|p2a: Zamazenta|move: Wide Guard\n|-activate|p2b: Tornadus|move: Wide Guard\n|\n|upkeep\n|turn|7\n|\n|t:|1774501064\n|move|p2a: Zamazenta|Wide Guard|p2a: Zamazenta\n|-singleturn|p2a: Zamazenta|Wide Guard\n|move|p1b: Tornadus|Taunt|p2a: Zamazenta\n|-start|p2a: Zamazenta|move: Taunt\n|move|p1a: Lunala|Heat Wave|p2a: Zamazenta|[spread] \n|-activate|p2a: Zamazenta|move: Wide Guard\n|-activate|p2b: Tornadus|move: Wide Guard\n|move|p2b: Tornadus|Bleakwind Storm|p1b: Tornadus|[spread] p1a,p1b\n|-damage|p1a: Lunala|89/100\n|-damage|p1b: Tornadus|0 fnt\n|-unboost|p1a: Lunala|spe|1\n|faint|p1b: Tornadus\n|\n|upkeep\n|\n|t:|1774501066\n|switch|p1b: Flutter Mane|Flutter Mane, L50|29/100\n|-damage|p1b: Flutter Mane|17/100|[from] Stealth Rock\n|turn|8\n|\n|t:|1774501084\n|move|p1b: Flutter Mane|Moonblast|p2b: Tornadus\n|-damage|p2b: Tornadus|0 fnt\n|faint|p2b: Tornadus\n|move|p2a: Zamazenta|Behemoth Bash|p1b: Flutter Mane\n|-supereffective|p1b: Flutter Mane\n|-damage|p1b: Flutter Mane|0 fnt\n|faint|p1b: Flutter Mane\n|-end|p1b: Flutter Mane|Protosynthesis|[silent]\n|move|p1a: Lunala|Heat Wave|p2a: Zamazenta\n|-supereffective|p2a: Zamazenta\n|-damage|p2a: Zamazenta|0 fnt\n|faint|p2a: Zamazenta\n|\n|win|clefci\n|raw|clefci's rating: 1325 &rarr; <strong>1345</strong><br />(+20 for winning)\n|raw|fire-urshifu's rating: 1322 &rarr; <strong>1302</strong><br />(-20 for losing)\n|l|\u2606clefci\n|player|p1|\n|l|\u2606fire-urshifu\n|player|p2|\n","uploadtime":1774501255,"views":13,"formatid":"gen9vgc2026regi","rating":1302,"private":0,"password":null}