{"id":"gen9vgc2026regi-2573281444","format":"[Gen 9] VGC 2026 Reg I","players":["Koishiiiiiiiiii","sunny_zong3"],"log":"|j|\u2606Koishiiiiiiiiii\n|j|\u2606sunny_zong3\n|t:|1775114685\n|gametype|doubles\n|player|p1|Koishiiiiiiiiii|caitlin|1246\n|player|p2|sunny_zong3|102|1234\n|gen|9\n|tier|[Gen 9] VGC 2026 Reg I\n|rated|\n|rule|Species Clause: Limit one of each Pok\u00e9mon\n|rule|Item Clause: Limit 1 of each item\n|clearpoke\n|poke|p1|Zamazenta-*, L50|\n|poke|p1|Chien-Pao, L50|\n|poke|p1|Calyrex-Shadow, L50|\n|poke|p1|Raging Bolt, L50|\n|poke|p1|Amoonguss, L50, M|\n|poke|p1|Dragonite, L50, F|\n|poke|p2|Typhlosion-Hisui, L50, F|\n|poke|p2|Miraidon, L50|\n|poke|p2|Calyrex-Shadow, L50|\n|poke|p2|Maushold-Four, L50|\n|poke|p2|Annihilape, L50, M|\n|poke|p2|Murkrow, L50, M|\n|teampreview|4\n|inactive|Battle timer is ON: inactive players will automatically lose when time's up. (requested by sunny_zong3)\n|inactive|Koishiiiiiiiiii has 60 seconds left.\n|inactive|Koishiiiiiiiiii has 30 seconds left.\n|inactive|Koishiiiiiiiiii has 20 seconds left.\n|\n|t:|1775114756\n|teamsize|p1|4\n|teamsize|p2|4\n|start\n|switch|p1a: Chien-Pao|Chien-Pao, L50|100/100\n|switch|p1b: Amoonguss|Amoonguss, L50, M|100/100\n|switch|p2a: Murkrow|Murkrow, L50, M|100/100\n|switch|p2b: Maushold|Maushold-Four, L50|100/100\n|-ability|p1a: Chien-Pao|Sword of Ruin\n|turn|1\n|inactive|Koishiiiiiiiiii has 30 seconds left.\n|\n|t:|1775114785\n|move|p2a: Murkrow|Tailwind|p2a: Murkrow\n|-sidestart|p2: sunny_zong3|move: Tailwind\n|move|p2b: Maushold|Taunt|p1b: Amoonguss\n|-start|p1b: Amoonguss|move: Taunt\n|move|p1a: Chien-Pao|Ice Spinner|p2b: Maushold\n|-damage|p2b: Maushold|29/100\n|cant|p1b: Amoonguss|move: Taunt|Spore\n|\n|upkeep\n|turn|2\n|inactive|Koishiiiiiiiiii has 30 seconds left.\n|\n|t:|1775114810\n|move|p2b: Maushold|Population Bomb|p1a: Chien-Pao\n|-damage|p1a: Chien-Pao|88/100\n|-damage|p1a: Chien-Pao|76/100\n|-damage|p1a: Chien-Pao|61/100\n|-damage|p1a: Chien-Pao|48/100\n|-damage|p1a: Chien-Pao|37/100\n|-damage|p1a: Chien-Pao|23/100\n|-damage|p1a: Chien-Pao|10/100\n|-damage|p1a: Chien-Pao|0 fnt\n|faint|p1a: Chien-Pao\n|-hitcount|p1: Chien-Pao|8\n|move|p2a: Murkrow|Brave Bird|p1b: Amoonguss\n|-supereffective|p1b: Amoonguss\n|-damage|p1b: Amoonguss|23/100\n|-damage|p2a: Murkrow|84/100|[from] item: Rocky Helmet|[of] p1b: Amoonguss\n|-damage|p2a: Murkrow|43/100|[from] Recoil\n|move|p1b: Amoonguss|Sludge Bomb|p2a: Murkrow\n|-damage|p2a: Murkrow|0 fnt\n|faint|p2a: Murkrow\n|\n|upkeep\n|\n|t:|1775114829\n|switch|p1a: Zamazenta|Zamazenta-Crowned, L50|100/100\n|switch|p2a: Calyrex|Calyrex-Shadow, L50|100/100\n|-ability|p2a: Calyrex|As One\n|-ability|p2a: Calyrex|Unnerve\n|-ability|p1a: Zamazenta|Dauntless Shield|boost\n|-boost|p1a: Zamazenta|def|1\n|turn|3\n|inactive|Koishiiiiiiiiii has 30 seconds left.\n|\n|t:|1775114857\n|move|p2b: Maushold|Feint|p1a: Zamazenta\n|-resisted|p1a: Zamazenta\n|-damage|p1a: Zamazenta|97/100\n|move|p2a: Calyrex|Astral Barrage|p1a: Zamazenta|[spread] p1a,p1b\n|-crit|p1a: Zamazenta\n|-damage|p1a: Zamazenta|37/100\n|-damage|p1b: Amoonguss|0 fnt\n|faint|p1b: Amoonguss\n|-ability|p2a: Calyrex|Grim Neigh|boost\n|-boost|p2a: Calyrex|spa|1\n|move|p1a: Zamazenta|Heavy Slam|p2a: Calyrex\n|-damage|p2a: Calyrex|39/100\n|\n|upkeep\n|\n|t:|1775114861\n|switch|p1b: Calyrex|Calyrex-Shadow, L50|100/100\n|-ability|p1b: Calyrex|As One\n|-ability|p1b: Calyrex|Unnerve\n|turn|4\n|\n|t:|1775114874\n|move|p1b: Calyrex|Protect|p1b: Calyrex\n|-singleturn|p1b: Calyrex|Protect\n|move|p1a: Zamazenta|Protect|p1a: Zamazenta\n|-singleturn|p1a: Zamazenta|Protect\n|move|p2b: Maushold|Feint|p1b: Calyrex\n|-immune|p1b: Calyrex\n|move|p2a: Calyrex|Astral Barrage|p1a: Zamazenta|[spread] \n|-activate|p1a: Zamazenta|move: Protect\n|-activate|p1b: Calyrex|move: Protect\n|\n|-sideend|p2: sunny_zong3|move: Tailwind\n|upkeep\n|turn|5\n|\n|t:|1775114898\n|-terastallize|p1b: Calyrex|Ghost\n|move|p2b: Maushold|Feint|p1a: Zamazenta\n|-resisted|p1a: Zamazenta\n|-damage|p1a: Zamazenta|33/100\n|move|p2a: Calyrex|Astral Barrage|p1b: Calyrex|[spread] p1a,p1b\n|-supereffective|p1b: Calyrex\n|-damage|p1a: Zamazenta|0 fnt\n|-enditem|p1b: Calyrex|Focus Sash\n|-damage|p1b: Calyrex|1/100\n|faint|p1a: Zamazenta\n|-ability|p2a: Calyrex|Grim Neigh|boost\n|-boost|p2a: Calyrex|spa|1\n|move|p1b: Calyrex|Astral Barrage|p2b: Maushold|[spread] p2a\n|-immune|p2b: Maushold\n|-supereffective|p2a: Calyrex\n|-damage|p2a: Calyrex|0 fnt\n|faint|p2a: Calyrex\n|-ability|p1b: Calyrex|Grim Neigh|boost\n|-boost|p1b: Calyrex|spa|1\n|\n|upkeep\n|\n|t:|1775114900\n|switch|p2a: Miraidon|Miraidon, L50|100/100\n|-fieldstart|move: Electric Terrain|[from] ability: Hadron Engine|[of] p2a: Miraidon\n|turn|6\n|\n|t:|1775114910\n|move|p1b: Calyrex|Astral Barrage|p2a: Miraidon|[spread] p2a\n|-immune|p2b: Maushold\n|-damage|p2a: Miraidon|0 fnt\n|faint|p2a: Miraidon\n|-ability|p1b: Calyrex|Grim Neigh|boost\n|-boost|p1b: Calyrex|spa|1\n|move|p2b: Maushold|Play Rough|p1b: Calyrex\n|-crit|p1b: Calyrex\n|-damage|p1b: Calyrex|0 fnt\n|faint|p1b: Calyrex\n|\n|win|sunny_zong3\n|raw|Koishiiiiiiiiii's rating: 1246 &rarr; <strong>1220</strong><br />(-26 for losing)\n|raw|sunny_zong3's rating: 1234 &rarr; <strong>1260</strong><br />(+26 for winning)\n|l|\u2606sunny_zong3\n|player|p2|\n|l|\u2606Koishiiiiiiiiii\n|player|p1|\n","uploadtime":1775115155,"views":11,"formatid":"gen9vgc2026regi","rating":1220,"private":0,"password":null}