{"id":"gen9vgc2026regi-2554611062","format":"[Gen 9] VGC 2026 Reg I","players":["EllenJoe2026","Cello L."],"log":"|j|\u2606EllenJoe2026\n|j|\u2606Cello L.\n|t:|1772992843\n|gametype|doubles\n|player|p1|EllenJoe2026|2|1477\n|player|p2|Cello L.|psychic-gen4|1431\n|gen|9\n|tier|[Gen 9] VGC 2026 Reg I\n|rated|\n|rule|Species Clause: Limit one of each Pok\u00e9mon\n|rule|Item Clause: Limit 1 of each item\n|clearpoke\n|poke|p1|Calyrex-Shadow, L50|\n|poke|p1|Zamazenta-*, L50|\n|poke|p1|Chien-Pao, L50|\n|poke|p1|Dragonite, L50, F|\n|poke|p1|Amoonguss, L50, F|\n|poke|p1|Urshifu-*, L50, F|\n|poke|p2|Calyrex-Shadow, L50|\n|poke|p2|Koraidon, L50|\n|poke|p2|Regieleki, L50|\n|poke|p2|Volcarona, L50, F|\n|poke|p2|Rillaboom, L50, F|\n|poke|p2|Incineroar, L50, F|\n|teampreview|4\n|inactive|Battle timer is ON: inactive players will automatically lose when time's up. (requested by EllenJoe2026)\n|\n|t:|1772992860\n|teamsize|p1|4\n|teamsize|p2|4\n|start\n|switch|p1a: Dragonite|Dragonite, L50, F|100/100\n|switch|p1b: Chien-Pao|Chien-Pao, L50, shiny|100/100\n|switch|p2a: Calyrex|Calyrex-Shadow, L50|100/100\n|switch|p2b: Incineroar|Incineroar, L50, F|100/100\n|-ability|p2a: Calyrex|As One\n|-ability|p2a: Calyrex|Unnerve\n|-ability|p1b: Chien-Pao|Sword of Ruin\n|-ability|p2b: Incineroar|Intimidate|boost\n|-fail|p1a: Dragonite|unboost|Attack|[from] ability: Inner Focus|[of] p1a: Dragonite\n|-unboost|p1b: Chien-Pao|atk|1\n|turn|1\n|\n|t:|1772992875\n|move|p1b: Chien-Pao|Protect|p1b: Chien-Pao\n|-singleturn|p1b: Chien-Pao|Protect\n|move|p2b: Incineroar|Fake Out|p1b: Chien-Pao\n|-activate|p1b: Chien-Pao|move: Protect\n|move|p2a: Calyrex|Nasty Plot|p2a: Calyrex\n|-boost|p2a: Calyrex|spa|2\n|move|p1a: Dragonite|Outrage|p2b: Incineroar\n|-damage|p2b: Incineroar|4/100\n|\n|upkeep\n|turn|2\n|inactive|EllenJoe2026 has 30 seconds left.\n|\n|t:|1772992903\n|-terastallize|p2a: Calyrex|Dark\n|move|p2a: Calyrex|Psychic|p1a: Dragonite\n|-crit|p1a: Dragonite\n|-damage|p1a: Dragonite|0 fnt\n|faint|p1a: Dragonite\n|-ability|p2a: Calyrex|Grim Neigh|boost\n|-boost|p2a: Calyrex|spa|1\n|-damage|p2a: Calyrex|91/100|[from] item: Life Orb\n|move|p1b: Chien-Pao|Ice Spinner|p2a: Calyrex\n|-damage|p2a: Calyrex|48/100\n|move|p2b: Incineroar|Parting Shot|p1b: Chien-Pao\n|-unboost|p1b: Chien-Pao|atk|1\n|-unboost|p1b: Chien-Pao|spa|1\n|\n|t:|1772992915\n|switch|p2b: Regieleki|Regieleki, L50|100/100|[from] Parting Shot\n|\n|upkeep\n|\n|t:|1772992920\n|switch|p1a: Zamazenta|Zamazenta-Crowned, L50, shiny|100/100\n|-ability|p1a: Zamazenta|Dauntless Shield|boost\n|-boost|p1a: Zamazenta|def|1\n|turn|3\n|\n|t:|1772992943\n|move|p1a: Zamazenta|Wide Guard|p1a: Zamazenta\n|-singleturn|p1a: Zamazenta|Wide Guard\n|move|p2b: Regieleki|Thunderbolt|p1b: Chien-Pao\n|-damage|p1b: Chien-Pao|15/100\n|move|p2a: Calyrex|Psychic|p1a: Zamazenta\n|-damage|p1a: Zamazenta|0 fnt\n|faint|p1a: Zamazenta\n|-ability|p2a: Calyrex|Grim Neigh|boost\n|-boost|p2a: Calyrex|spa|1\n|-damage|p2a: Calyrex|39/100|[from] item: Life Orb\n|move|p1b: Chien-Pao|Ice Spinner|p2a: Calyrex\n|-crit|p2a: Calyrex\n|-damage|p2a: Calyrex|0 fnt\n|faint|p2a: Calyrex\n|\n|upkeep\n|\n|t:|1772992957\n|switch|p2a: Koraidon|Koraidon, L50|100/100\n|switch|p1a: Calyrex|Calyrex-Shadow, L50|100/100\n|-ability|p1a: Calyrex|As One\n|-ability|p1a: Calyrex|Unnerve\n|-weather|SunnyDay|[from] ability: Orichalcum Pulse|[of] p2a: Koraidon\n|-activate|p2a: Koraidon|Orichalcum Pulse|[source]\n|turn|4\n|\n|t:|1772992982\n|move|p1a: Calyrex|Protect|p1a: Calyrex\n|-singleturn|p1a: Calyrex|Protect\n|move|p1b: Chien-Pao|Sucker Punch|p2b: Regieleki\n|-damage|p2b: Regieleki|52/100\n|move|p2b: Regieleki|Electroweb|p1a: Calyrex|[spread] p1b\n|-activate|p1a: Calyrex|move: Protect\n|-damage|p1b: Chien-Pao|0 fnt\n|faint|p1b: Chien-Pao\n|move|p2a: Koraidon|Flare Blitz|p1a: Calyrex\n|-activate|p1a: Calyrex|move: Protect\n|\n|-weather|SunnyDay|[upkeep]\n|upkeep\n|turn|5\n|-message|EllenJoe2026 forfeited.\n|\n|win|Cello L.\n|raw|EllenJoe2026's rating: 1477 &rarr; <strong>1454</strong><br />(-23 for losing)\n|raw|Cello L.'s rating: 1431 &rarr; <strong>1454</strong><br />(+23 for winning)\n|l|\u2606EllenJoe2026\n|player|p1|\n","uploadtime":1772992995,"views":20,"formatid":"gen9vgc2026regi","rating":1454,"private":0,"password":null}