{"id":"gen9vgc2026regi-2565294148","format":"[Gen 9] VGC 2026 Reg I","players":["Schimmli","iifwm"],"log":"|j|\u2606Schimmli\n|j|\u2606iifwm\n|t:|1774258884\n|gametype|doubles\n|player|p1|Schimmli|102|1474\n|player|p2|iifwm|101|1480\n|gen|9\n|tier|[Gen 9] VGC 2026 Reg I\n|rated|\n|rule|Species Clause: Limit one of each Pok\u00e9mon\n|rule|Item Clause: Limit 1 of each item\n|clearpoke\n|poke|p1|Chien-Pao, L50|\n|poke|p1|Zacian-*, L50|\n|poke|p1|Kyogre, L50|\n|poke|p1|Urshifu-*, L50, M|\n|poke|p1|Roaring Moon, L50|\n|poke|p1|Amoonguss, L50, M|\n|poke|p2|Terapagos, L50, M|\n|poke|p2|Incineroar, L50, F|\n|poke|p2|Calyrex-Shadow, L50|\n|poke|p2|Flutter Mane, L50|\n|poke|p2|Ogerpon-Cornerstone, L50, F|\n|poke|p2|Rillaboom, L50, M|\n|teampreview|4\n|\n|t:|1774258936\n|teamsize|p1|4\n|teamsize|p2|4\n|start\n|switch|p1a: Runaway|Kyogre, L50, shiny|100/100\n|switch|p1b: Stars|Roaring Moon, L50|100/100\n|switch|p2a: Incineroar|Incineroar, L50, F, shiny|100/100\n|switch|p2b: Terapagos|Terapagos, L50, M|100/100\n|-activate|p2b: Terapagos|ability: Tera Shift\n|detailschange|p2b: Terapagos|Terapagos-Terastal, L50, M\n|-heal|p2b: Terapagos|100/100|[silent]\n|-weather|RainDance|[from] ability: Drizzle|[of] p1a: Runaway\n|-ability|p2a: Incineroar|Intimidate|boost\n|-unboost|p1a: Runaway|atk|1\n|-unboost|p1b: Stars|atk|1\n|-enditem|p1b: Stars|Booster Energy\n|-activate|p1b: Stars|ability: Protosynthesis|[fromitem]\n|-start|p1b: Stars|protosynthesisspe\n|turn|1\n|\n|t:|1774258950\n|move|p2a: Incineroar|Fake Out|p1a: Runaway\n|-damage|p1a: Runaway|90/100\n|move|p1b: Stars|Knock Off|p2b: Terapagos\n|-activate|p2b: Terapagos|ability: Tera Shell\n|-resisted|p2b: Terapagos\n|-damage|p2b: Terapagos|90/100\n|-enditem|p2b: Terapagos|Leftovers|[from] move: Knock Off|[of] p1b: Stars\n|cant|p1a: Runaway|flinch\n|move|p2b: Terapagos|Calm Mind|p2b: Terapagos\n|-boost|p2b: Terapagos|spa|1\n|-boost|p2b: Terapagos|spd|1\n|\n|-weather|RainDance|[upkeep]\n|upkeep\n|turn|2\n|\n|t:|1774258984\n|switch|p2a: Rillaboom|Rillaboom, L50, M, shiny|100/100\n|-fieldstart|move: Grassy Terrain|[from] ability: Grassy Surge|[of] p2a: Rillaboom\n|move|p2b: Terapagos|Protect|p2b: Terapagos\n|-singleturn|p2b: Terapagos|Protect\n|move|p1b: Stars|Acrobatics|p2b: Terapagos\n|-activate|p2b: Terapagos|move: Protect\n|move|p1a: Runaway|Water Spout|p2b: Terapagos|[spread] p2a\n|-activate|p2b: Terapagos|move: Protect\n|-resisted|p2a: Rillaboom\n|-damage|p2a: Rillaboom|66/100\n|\n|-weather|RainDance|[upkeep]\n|-heal|p1a: Runaway|96/100|[from] Grassy Terrain\n|-heal|p2b: Terapagos|96/100|[from] Grassy Terrain\n|-heal|p2a: Rillaboom|72/100|[from] Grassy Terrain\n|upkeep\n|turn|3\n|\n|t:|1774259012\n|-terastallize|p2b: Terapagos|Stellar\n|detailschange|p2b: Terapagos|Terapagos-Stellar, L50, M, tera:Stellar\n|-heal|p2b: Terapagos|97/100|[silent]\n|-ability|p2b: Terapagos|Teraform Zero\n|-weather|none\n|-fieldend|move: Grassy Terrain\n|move|p1a: Runaway|Protect|p1a: Runaway\n|-singleturn|p1a: Runaway|Protect\n|move|p2a: Rillaboom|Fake Out|p1b: Stars\n|-damage|p1b: Stars|87/100\n|cant|p1b: Stars|flinch\n|move|p2b: Terapagos|Calm Mind|p2b: Terapagos\n|-boost|p2b: Terapagos|spa|1\n|-boost|p2b: Terapagos|spd|1\n|\n|upkeep\n|turn|4\n|\n|t:|1774259030\n|move|p1b: Stars|Acrobatics|p2a: Rillaboom\n|-supereffective|p2a: Rillaboom\n|-damage|p2a: Rillaboom|33/100\n|move|p1a: Runaway|Water Spout|p2a: Rillaboom|[spread] p2a,p2b\n|-resisted|p2a: Rillaboom\n|-damage|p2a: Rillaboom|9/100\n|-damage|p2b: Terapagos|72/100\n|move|p2b: Terapagos|Tera Starstorm|p1a: Runaway|[spread] p1a,p1b\n|-damage|p1a: Runaway|53/100\n|-damage|p1b: Stars|26/100\n|move|p2a: Rillaboom|Wood Hammer|p1a: Runaway\n|-supereffective|p1a: Runaway\n|-damage|p1a: Runaway|0 fnt\n|faint|p1a: Runaway\n|-damage|p2a: Rillaboom|0 fnt|[from] Recoil\n|faint|p2a: Rillaboom\n|\n|upkeep\n|\n|t:|1774259044\n|switch|p1a: METAVISION|Amoonguss, L50, M, shiny|100/100\n|switch|p2a: Incineroar|Incineroar, L50, F, shiny|100/100\n|-ability|p2a: Incineroar|Intimidate|boost\n|-unboost|p1a: METAVISION|atk|1\n|-unboost|p1b: Stars|atk|1\n|turn|5\n|\n|t:|1774259058\n|move|p1b: Stars|Protect|p1b: Stars\n|-singleturn|p1b: Stars|Protect\n|move|p2a: Incineroar|Fake Out|p1a: METAVISION\n|-damage|p1a: METAVISION|92/100\n|-damage|p2a: Incineroar|84/100|[from] item: Rocky Helmet|[of] p1a: METAVISION\n|move|p2b: Terapagos|Calm Mind|p2b: Terapagos\n|-boost|p2b: Terapagos|spa|1\n|-boost|p2b: Terapagos|spd|1\n|cant|p1a: METAVISION|flinch\n|\n|upkeep\n|turn|6\n|\n|t:|1774259073\n|move|p1b: Stars|Acrobatics|p2a: Incineroar\n|-damage|p2a: Incineroar|71/100\n|-damage|p1b: Stars|10/100|[from] item: Rocky Helmet|[of] p2a: Incineroar\n|move|p2b: Terapagos|Tera Starstorm|p1b: Stars|[spread] p1a,p1b\n|-damage|p1a: METAVISION|16/100\n|-damage|p1b: Stars|0 fnt\n|faint|p1b: Stars\n|-end|p1b: Stars|Protosynthesis|[silent]\n|move|p2a: Incineroar|Knock Off|p1a: METAVISION\n|-damage|p1a: METAVISION|0 fnt\n|-damage|p2a: Incineroar|55/100|[from] item: Rocky Helmet|[of] p1a: METAVISION\n|-enditem|p1a: METAVISION|Rocky Helmet|[from] move: Knock Off|[of] p2a: Incineroar\n|faint|p1a: METAVISION\n|\n|upkeep\n|\n|t:|1774259085\n|switch|p1b: Prince|Zacian-Crowned, L50, shiny|100/100\n|-ability|p1b: Prince|Intrepid Sword|boost\n|-boost|p1b: Prince|atk|1\n|turn|7\n|\n|t:|1774259101\n|-terastallize|p1b: Prince|Fairy\n|move|p1b: Prince|Play Rough|p2a: Incineroar\n|-damage|p2a: Incineroar|0 fnt\n|-damage|p1b: Prince|84/100|[from] item: Rocky Helmet|[of] p2a: Incineroar\n|faint|p2a: Incineroar\n|move|p2b: Terapagos|Tera Starstorm|p1b: Prince\n|-supereffective|p1b: Prince\n|-damage|p1b: Prince|0 fnt\n|faint|p1b: Prince\n|\n|win|iifwm\n|raw|Schimmli's rating: 1474 &rarr; <strong>1454</strong><br />(-20 for losing)\n|raw|iifwm's rating: 1480 &rarr; <strong>1500</strong><br />(+20 for winning)\n|l|\u2606Schimmli\n|player|p1|\n","uploadtime":1774259253,"views":22,"formatid":"gen9vgc2026regi","rating":1454,"private":0,"password":null}