{"id":"gen9vgc2026regi-2573758029","format":"[Gen 9] VGC 2026 Reg I","players":["Mildly Displeased","EllenJoe2026"],"log":"|j|\u2606Mildly Displeased\n|j|\u2606EllenJoe2026\n|t:|1775162357\n|gametype|doubles\n|player|p1|Mildly Displeased|101|1448\n|player|p2|EllenJoe2026|elesa|1568\n|gen|9\n|tier|[Gen 9] VGC 2026 Reg I\n|rated|\n|rule|Species Clause: Limit one of each Pok\u00e9mon\n|rule|Item Clause: Limit 1 of each item\n|clearpoke\n|poke|p1|Primarina, L50, M|\n|poke|p1|Lunala, L50|\n|poke|p1|Zamazenta-*, L50|\n|poke|p1|Tornadus, L50, M|\n|poke|p1|Urshifu-*, L50, F|\n|poke|p1|Clefairy, L50, F|\n|poke|p2|Calyrex-Ice, L50|\n|poke|p2|Miraidon, L50|\n|poke|p2|Tornadus, L50, M|\n|poke|p2|Urshifu-*, L50, F|\n|poke|p2|Volcarona, L50, F|\n|poke|p2|Indeedee-F, L50, F|\n|teampreview|4\n|inactive|Battle timer is ON: inactive players will automatically lose when time's up. (requested by EllenJoe2026)\n|inactive|Mildly Displeased also wants the timer to be on.\n|inactive|Mildly Displeased has 60 seconds left.\n|inactive|EllenJoe2026 has 60 seconds left.\n|\n|t:|1775162391\n|teamsize|p1|4\n|teamsize|p2|4\n|start\n|switch|p1a: Nebby|Lunala, L50|100/100\n|switch|p1b: Clefairy|Clefairy, L50, F|100/100\n|switch|p2a: Miraidon|Miraidon, L50, shiny|100/100\n|switch|p2b: Tornadus|Tornadus, L50, M, shiny|100/100\n|-fieldstart|move: Electric Terrain|[from] ability: Hadron Engine|[of] p2a: Miraidon\n|turn|1\n|\n|t:|1775162397\n|-terastallize|p1a: Nebby|Fairy\n|move|p1b: Clefairy|Helping Hand|p1a: Nebby\n|-singleturn|p1a: Nebby|Helping Hand|[of] p1b: Clefairy\n|move|p2b: Tornadus|Taunt|p1a: Nebby\n|-start|p1a: Nebby|move: Taunt\n|move|p2a: Miraidon|Snarl|p1b: Clefairy|[spread] p1a,p1b\n|-resisted|p1a: Nebby\n|-resisted|p1b: Clefairy\n|-damage|p1a: Nebby|97/100\n|-damage|p1b: Clefairy|86/100\n|-unboost|p1a: Nebby|spa|1\n|-unboost|p1b: Clefairy|spa|1\n|move|p1a: Nebby|Moonblast|p2a: Miraidon\n|-supereffective|p2a: Miraidon\n|-damage|p2a: Miraidon|0 fnt\n|faint|p2a: Miraidon\n|\n|upkeep\n|\n|t:|1775162417\n|switch|p2a: Volcarona|Volcarona, L50, F, shiny|100/100\n|-enditem|p2a: Volcarona|Electric Seed\n|-boost|p2a: Volcarona|def|1|[from] item: Electric Seed\n|turn|2\n|\n|t:|1775162426\n|move|p2b: Tornadus|Taunt|p1b: Clefairy\n|-start|p1b: Clefairy|move: Taunt\n|move|p2a: Volcarona|Quiver Dance|p2a: Volcarona\n|-boost|p2a: Volcarona|spa|1\n|-boost|p2a: Volcarona|spd|1\n|-boost|p2a: Volcarona|spe|1\n|move|p1a: Nebby|Meteor Beam||[still]\n|-prepare|p1a: Nebby|Meteor Beam\n|-boost|p1a: Nebby|spa|1\n|-enditem|p1a: Nebby|Power Herb\n|-anim|p1a: Nebby|Meteor Beam|p2a: Volcarona\n|-supereffective|p2a: Volcarona\n|-damage|p2a: Volcarona|0 fnt\n|faint|p2a: Volcarona\n|move|p1b: Clefairy|Icy Wind|p2b: Tornadus\n|-supereffective|p2b: Tornadus\n|-damage|p2b: Tornadus|84/100\n|-unboost|p2b: Tornadus|spe|1\n|\n|upkeep\n|inactive|EllenJoe2026 has 30 seconds left.\n|inactive|EllenJoe2026 has 20 seconds left.\n|inactive|EllenJoe2026 has 15 seconds left.\n|inactive|EllenJoe2026 has 10 seconds left.\n|inactive|EllenJoe2026 has 5 seconds left.\n|\n|t:|1775162481\n|switch|p2a: Urshifu|Urshifu-Rapid-Strike, L50, F|100/100\n|turn|3\n|inactive|EllenJoe2026 has 30 seconds left.\n|inactive|EllenJoe2026 has 20 seconds left.\n|inactive|EllenJoe2026 has 15 seconds left.\n|inactive|EllenJoe2026 has 10 seconds left.\n|inactive|EllenJoe2026 has 5 seconds left.\n|\n|t:|1775162536\n|move|p2a: Urshifu|Surging Strikes|p1a: Nebby\n|-crit|p1a: Nebby\n|-damage|p1a: Nebby|83/100\n|-crit|p1a: Nebby\n|-damage|p1a: Nebby|69/100\n|-crit|p1a: Nebby\n|-damage|p1a: Nebby|54/100\n|-hitcount|p1a: Nebby|3\n|move|p2b: Tornadus|Dark Pulse|p1a: Nebby\n|-resisted|p1a: Nebby\n|-damage|p1a: Nebby|48/100\n|cant|p1a: Nebby|flinch\n|move|p1b: Clefairy|Moonblast|p2a: Urshifu\n|-supereffective|p2a: Urshifu\n|-damage|p2a: Urshifu|58/100\n|\n|-end|p1a: Nebby|move: Taunt\n|upkeep\n|turn|4\n|inactive|EllenJoe2026 has 30 seconds left.\n|inactive|EllenJoe2026 has 20 seconds left.\n|inactive|EllenJoe2026 has 15 seconds left.\n|inactive|EllenJoe2026 has 10 seconds left.\n|inactive|EllenJoe2026 has 5 seconds left.\n|\n|t:|1775162591\n|move|p2a: Urshifu|Surging Strikes|p1a: Nebby\n|-crit|p1a: Nebby\n|-damage|p1a: Nebby|35/100\n|-crit|p1a: Nebby\n|-damage|p1a: Nebby|22/100\n|-crit|p1a: Nebby\n|-damage|p1a: Nebby|9/100\n|-hitcount|p1a: Nebby|3\n|move|p2b: Tornadus|Dark Pulse|p1a: Nebby\n|-resisted|p1a: Nebby\n|-damage|p1a: Nebby|2/100\n|move|p1a: Nebby|Moonblast|p2a: Urshifu\n|-supereffective|p2a: Urshifu\n|-damage|p2a: Urshifu|0 fnt\n|faint|p2a: Urshifu\n|move|p1b: Clefairy|Moonblast|p2b: Tornadus\n|-crit|p2b: Tornadus\n|-damage|p2b: Tornadus|40/100\n|\n|-end|p1b: Clefairy|move: Taunt\n|upkeep\n|turn|5\n|inactive|EllenJoe2026 has 30 seconds left.\n|inactive|EllenJoe2026 has 20 seconds left.\n|inactive|EllenJoe2026 has 15 seconds left.\n|inactive|EllenJoe2026 has 10 seconds left.\n|inactive|EllenJoe2026 has 5 seconds left.\n|\n|t:|1775162646\n|move|p2b: Tornadus|Dark Pulse|p1a: Nebby\n|-resisted|p1a: Nebby\n|-damage|p1a: Nebby|0 fnt\n|faint|p1a: Nebby\n|move|p1b: Clefairy|Icy Wind|p2b: Tornadus\n|-supereffective|p2b: Tornadus\n|-damage|p2b: Tornadus|25/100\n|-unboost|p2b: Tornadus|spe|1\n|\n|-fieldend|move: Electric Terrain\n|upkeep\n|\n|t:|1775162649\n|switch|p1a: Pippin|Zamazenta-Crowned, L50|100/100\n|-ability|p1a: Pippin|Dauntless Shield|boost\n|-boost|p1a: Pippin|def|1\n|turn|6\n|inactive|EllenJoe2026 has 30 seconds left.\n|inactive|EllenJoe2026 has 20 seconds left.\n|inactive|EllenJoe2026 has 15 seconds left.\n|inactive|EllenJoe2026 has 10 seconds left.\n|inactive|EllenJoe2026 has 5 seconds left.\n|\n|t:|1775162704\n|move|p1a: Pippin|Body Press|p2b: Tornadus\n|-resisted|p2b: Tornadus\n|-damage|p2b: Tornadus|0 fnt\n|faint|p2b: Tornadus\n|\n|win|Mildly Displeased\n|raw|Mildly Displeased's rating: 1448 &rarr; <strong>1473</strong><br />(+25 for winning)\n|raw|EllenJoe2026's rating: 1541 &rarr; <strong>1516</strong><br />(-25 for losing)\n|l|\u2606Mildly Displeased\n|player|p1|\n","uploadtime":1775162958,"views":13,"formatid":"gen9vgc2026regi","rating":1473,"private":0,"password":null}