{"id":"gen9vgc2026regi-2552079844","format":"[Gen 9] VGC 2026 Reg I","players":["Lowpass","it'sjustken vgc"],"log":"|j|\u2606Lowpass\n|j|\u2606it'sjustken vgc\n|t:|1772673063\n|gametype|doubles\n|player|p1|Lowpass|lance|1328\n|player|p2|it'sjustken vgc|102|1420\n|gen|9\n|tier|[Gen 9] VGC 2026 Reg I\n|rated|\n|rule|Species Clause: Limit one of each Pok\u00e9mon\n|rule|Item Clause: Limit 1 of each item\n|clearpoke\n|poke|p1|Kyogre, L50|\n|poke|p1|Toxicroak, L50, F|\n|poke|p1|Iron Jugulis, L50|\n|poke|p1|Iron Hands, L50|\n|poke|p1|Volcarona, L50, F|\n|poke|p1|Dialga-Origin, L50|\n|poke|p2|Urshifu-*, L50, M|\n|poke|p2|Incineroar, L50, F|\n|poke|p2|Calyrex-Shadow, L50|\n|poke|p2|Amoonguss, L50, F|\n|poke|p2|Tornadus, L50, M|\n|poke|p2|Chien-Pao, L50|\n|teampreview|4\n|inactive|Battle timer is ON: inactive players will automatically lose when time's up. (requested by Lowpass)\n|inactive|it'sjustken vgc also wants the timer to be on.\n|inactive|it'sjustken vgc has 60 seconds left.\n|j| Normal Cello\n|\n|t:|1772673101\n|teamsize|p1|4\n|teamsize|p2|4\n|start\n|switch|p1a: Dialga|Dialga-Origin, L50|100/100\n|switch|p1b: Volcarona|Volcarona, L50, F|100/100\n|switch|p2a: Calyrex|Calyrex-Shadow, L50|100/100\n|switch|p2b: Incineroar|Incineroar, L50, F|100/100\n|-ability|p2a: Calyrex|As One\n|-ability|p2a: Calyrex|Unnerve\n|-ability|p2b: Incineroar|Intimidate|boost\n|-unboost|p1a: Dialga|atk|1\n|-unboost|p1b: Volcarona|atk|1\n|turn|1\n|\n|t:|1772673110\n|-terastallize|p2a: Calyrex|Ghost\n|move|p1a: Dialga|Protect|p1a: Dialga\n|-singleturn|p1a: Dialga|Protect\n|move|p2b: Incineroar|Fake Out|p1a: Dialga\n|-activate|p1a: Dialga|move: Protect\n|move|p2a: Calyrex|Astral Barrage|p1a: Dialga|[spread] p1b\n|-activate|p1a: Dialga|move: Protect\n|-damage|p1b: Volcarona|10/100\n|-damage|p2a: Calyrex|91/100|[from] item: Life Orb\n|move|p1b: Volcarona|Struggle Bug|p2b: Incineroar|[spread] p2a,p2b\n|-resisted|p2a: Calyrex\n|-damage|p2a: Calyrex|83/100\n|-damage|p2b: Incineroar|89/100\n|-unboost|p2a: Calyrex|spa|1\n|-unboost|p2b: Incineroar|spa|1\n|\n|upkeep\n|turn|2\n|inactive|it'sjustken vgc has 30 seconds left.\n|\n|t:|1772673142\n|move|p1b: Volcarona|Protect|p1b: Volcarona\n|-singleturn|p1b: Volcarona|Protect\n|move|p2a: Calyrex|Astral Barrage|p1a: Dialga|[spread] p1a\n|-activate|p1b: Volcarona|move: Protect\n|-damage|p1a: Dialga|50/100\n|-damage|p2a: Calyrex|74/100|[from] item: Life Orb\n|move|p1a: Dialga|Draco Meteor|p2a: Calyrex\n|-damage|p2a: Calyrex|0 fnt\n|-unboost|p1a: Dialga|spa|2\n|faint|p2a: Calyrex\n|move|p2b: Incineroar|U-turn|p1a: Dialga\n|-resisted|p1a: Dialga\n|-damage|p1a: Dialga|43/100\n|\n|t:|1772673146\n|switch|p2b: Tornadus|Tornadus, L50, M|100/100|[from] U-turn\n|\n|upkeep\n|\n|t:|1772673150\n|switch|p2a: Incineroar|Incineroar, L50, F|89/100\n|-ability|p2a: Incineroar|Intimidate|boost\n|-unboost|p1a: Dialga|atk|1\n|-unboost|p1b: Volcarona|atk|1\n|turn|3\n|\n|t:|1772673169\n|switch|p1a: Iron Hands|Iron Hands, L50|100/100\n|move|p2a: Incineroar|Fake Out|p1a: Iron Hands\n|-damage|p1a: Iron Hands|92/100\n|move|p2b: Tornadus|Tailwind|p2b: Tornadus\n|-sidestart|p2: it'sjustken vgc|move: Tailwind\n|move|p1b: Volcarona|Struggle Bug|p2b: Tornadus|[spread] p2a,p2b\n|-resisted|p2b: Tornadus\n|-damage|p2a: Incineroar|77/100\n|-damage|p2b: Tornadus|88/100\n|-unboost|p2a: Incineroar|spa|1\n|-unboost|p2b: Tornadus|spa|1\n|\n|upkeep\n|turn|4\n|\n|t:|1772673182\n|switch|p2b: Urshifu|Urshifu-Rapid-Strike, L50, M|100/100\n|move|p1b: Volcarona|Rage Powder|p1b: Volcarona\n|-singleturn|p1b: Volcarona|move: Rage Powder\n|move|p2a: Incineroar|U-turn|p1b: Volcarona\n|-resisted|p1b: Volcarona\n|-damage|p1b: Volcarona|0 fnt\n|-damage|p2a: Incineroar|60/100|[from] item: Rocky Helmet|[of] p1b: Volcarona\n|faint|p1b: Volcarona\n|\n|t:|1772673184\n|switch|p2a: Tornadus|Tornadus, L50, M|88/100|[from] U-turn\n|move|p1a: Iron Hands|Wild Charge|p2b: Urshifu\n|-supereffective|p2b: Urshifu\n|-crit|p2b: Urshifu\n|-damage|p2b: Urshifu|0 fnt\n|faint|p2b: Urshifu\n|-damage|p1a: Iron Hands|75/100|[from] Recoil\n|\n|upkeep\n|\n|t:|1772673190\n|switch|p2b: Incineroar|Incineroar, L50, F|60/100\n|switch|p1b: Dialga|Dialga-Origin, L50|43/100\n|-ability|p2b: Incineroar|Intimidate|boost\n|-unboost|p1a: Iron Hands|atk|1\n|-unboost|p1b: Dialga|atk|1\n|turn|5\n|\n|t:|1772673202\n|move|p1b: Dialga|Protect|p1b: Dialga\n|-singleturn|p1b: Dialga|Protect\n|move|p2b: Incineroar|Fake Out|p1a: Iron Hands\n|-damage|p1a: Iron Hands|67/100\n|move|p2a: Tornadus|Bleakwind Storm|p1b: Dialga|[spread] p1a\n|-activate|p1b: Dialga|move: Protect\n|-damage|p1a: Iron Hands|39/100\n|-unboost|p1a: Iron Hands|spe|1\n|cant|p1a: Iron Hands|flinch\n|\n|upkeep\n|turn|6\n|\n|t:|1772673216\n|move|p2a: Tornadus|Protect|p2a: Tornadus\n|-singleturn|p2a: Tornadus|Protect\n|move|p2b: Incineroar|Flare Blitz|p1a: Iron Hands\n|-damage|p1a: Iron Hands|0 fnt\n|faint|p1a: Iron Hands\n|-end|p1a: Iron Hands|Quark Drive|[silent]\n|-damage|p2b: Incineroar|43/100|[from] Recoil\n|move|p1b: Dialga|Flash Cannon|p2a: Tornadus\n|-activate|p2a: Tornadus|move: Protect\n|\n|-sideend|p2: it'sjustken vgc|move: Tailwind\n|upkeep\n|\n|t:|1772673219\n|switch|p1a: Kyogre|Kyogre, L50|100/100\n|-weather|RainDance|[from] ability: Drizzle|[of] p1a: Kyogre\n|turn|7\n|\n|t:|1772673229\n|move|p1a: Kyogre|Protect|p1a: Kyogre\n|-singleturn|p1a: Kyogre|Protect\n|move|p2a: Tornadus|Bleakwind Storm|p1a: Kyogre|[spread] p1b\n|-activate|p1a: Kyogre|move: Protect\n|-resisted|p1b: Dialga\n|-damage|p1b: Dialga|29/100\n|move|p2b: Incineroar|Knock Off|p1b: Dialga\n|-damage|p1b: Dialga|6/100\n|move|p1b: Dialga|Trick Room|p1b: Dialga\n|-fieldstart|move: Trick Room|[of] p1b: Dialga\n|\n|-weather|RainDance|[upkeep]\n|upkeep\n|turn|8\n|\n|t:|1772673241\n|move|p2b: Incineroar|Knock Off|p1a: Kyogre\n|-damage|p1a: Kyogre|61/100\n|-enditem|p1a: Kyogre|Mystic Water|[from] move: Knock Off|[of] p2b: Incineroar\n|move|p1b: Dialga|Flash Cannon|p2a: Tornadus\n|-damage|p2a: Tornadus|3/100\n|move|p1a: Kyogre|Surf|p2a: Tornadus|[spread] p2a,p2b\n|-activate|p1b: Dialga|ability: Telepathy\n|-supereffective|p2b: Incineroar\n|-damage|p2a: Tornadus|0 fnt\n|-damage|p2b: Incineroar|0 fnt\n|faint|p2a: Tornadus\n|faint|p2b: Incineroar\n|\n|win|Lowpass\n|raw|Lowpass's rating: 1328 &rarr; <strong>1355</strong><br />(+27 for winning)\n|raw|it&apos;sjustken vgc's rating: 1447 &rarr; <strong>1420</strong><br />(-27 for losing)\n|l|\u2606Lowpass\n|player|p1|\n|l|\u2606it'sjustken vgc\n|player|p2|\n|l| Normal Cello\n","uploadtime":1772673248,"views":13,"formatid":"gen9vgc2026regi","rating":1355,"private":0,"password":null}