{"id":"gen9vgc2026regi-2548907285","format":"[Gen 9] VGC 2026 Reg I","players":["ryo8989","Javike"],"log":"|j|\u2606ryo8989\n|j|\u2606Javike\n|t:|1772281004\n|gametype|doubles\n|player|p1|ryo8989|erika|1416\n|player|p2|Javike|crasherwake|1397\n|gen|9\n|tier|[Gen 9] VGC 2026 Reg I\n|rated|\n|rule|Species Clause: Limit one of each Pok\u00e9mon\n|rule|Item Clause: Limit 1 of each item\n|clearpoke\n|poke|p1|Calyrex-Ice, L50|\n|poke|p1|Miraidon, L50|\n|poke|p1|Incineroar, L50, M|\n|poke|p1|Farigiraf, L50, M|\n|poke|p1|Urshifu-*, L50, F|\n|poke|p1|Whimsicott, L50, F|\n|poke|p2|Kyogre, L50|\n|poke|p2|Miraidon, L50|\n|poke|p2|Farigiraf, L50, M|\n|poke|p2|Whimsicott, L50, M|\n|poke|p2|Gastrodon, L50, M|\n|poke|p2|Sneasler, L50, F|\n|teampreview|4\n|inactive|Battle timer is ON: inactive players will automatically lose when time's up. (requested by Javike)\n|\n|t:|1772281029\n|teamsize|p1|4\n|teamsize|p2|4\n|start\n|switch|p1a: Miraidon|Miraidon, L50|100/100\n|switch|p1b: Whimsicott|Whimsicott, L50, F|100/100\n|switch|p2a: Sneasler|Sneasler, L50, F|100/100\n|switch|p2b: Miraidon|Miraidon, L50|100/100\n|-fieldstart|move: Electric Terrain|[from] ability: Hadron Engine|[of] p2b: Miraidon\n|-activate|p1a: Miraidon|ability: Hadron Engine\n|turn|1\n|\n|t:|1772281046\n|-terastallize|p2b: Miraidon|Fairy\n|move|p1a: Miraidon|Protect|p1a: Miraidon\n|-singleturn|p1a: Miraidon|Protect\n|move|p2a: Sneasler|Fake Out|p1b: Whimsicott\n|-enditem|p2a: Sneasler|Normal Gem|[from] gem\n|-damage|p1b: Whimsicott|65/100\n|cant|p1b: Whimsicott|flinch\n|move|p2b: Miraidon|Dazzling Gleam|p1a: Miraidon|[spread] p1b\n|-activate|p1a: Miraidon|move: Protect\n|-damage|p1b: Whimsicott|0 fnt\n|faint|p1b: Whimsicott\n|\n|upkeep\n|\n|t:|1772281061\n|switch|p1b: Incineroar|Incineroar, L50, M|100/100\n|-ability|p1b: Incineroar|Intimidate|boost\n|-unboost|p2a: Sneasler|atk|1\n|-unboost|p2b: Miraidon|atk|1\n|turn|2\n|\n|t:|1772281074\n|switch|p2b: Farigiraf|Farigiraf, L50, M|100/100\n|-terastallize|p1a: Miraidon|Electric\n|move|p1b: Incineroar|Fake Out||[still]\n|cant|p2b: Farigiraf|ability: Armor Tail|Fake Out|[of] p1b: Incineroar\n|move|p2a: Sneasler|Dire Claw|p1a: Miraidon\n|-damage|p1a: Miraidon|75/100\n|move|p1a: Miraidon|Electro Drift|p2b: Farigiraf\n|-damage|p2b: Farigiraf|0 fnt\n|faint|p2b: Farigiraf\n|\n|upkeep\n|\n|t:|1772281093\n|switch|p2b: Miraidon|Miraidon, L50, tera:Fairy|100/100\n|-activate|p2b: Miraidon|ability: Hadron Engine\n|turn|3\n|\n|t:|1772281102\n|move|p1a: Miraidon|Protect|p1a: Miraidon\n|-singleturn|p1a: Miraidon|Protect\n|move|p2a: Sneasler|Close Combat|p1b: Incineroar\n|-supereffective|p1b: Incineroar\n|-damage|p1b: Incineroar|25/100\n|-unboost|p2a: Sneasler|def|1\n|-unboost|p2a: Sneasler|spd|1\n|move|p2b: Miraidon|Dazzling Gleam|p1b: Incineroar|[spread] p1b\n|-activate|p1a: Miraidon|move: Protect\n|-damage|p1b: Incineroar|0 fnt\n|faint|p1b: Incineroar\n|\n|upkeep\n|\n|t:|1772281115\n|switch|p1b: Calyrex|Calyrex-Ice, L50|100/100\n|-ability|p1b: Calyrex|As One\n|-ability|p1b: Calyrex|Unnerve\n|turn|4\n|\n|t:|1772281126\n|move|p1a: Miraidon|Protect|p1a: Miraidon\n|-singleturn|p1a: Miraidon|Protect\n|move|p2a: Sneasler|Dire Claw|p1b: Calyrex\n|-damage|p1b: Calyrex|83/100\n|move|p2b: Miraidon|Dazzling Gleam|p1b: Calyrex|[spread] p1b\n|-activate|p1a: Miraidon|move: Protect\n|-damage|p1b: Calyrex|42/100\n|move|p1b: Calyrex|Trick Room|p1b: Calyrex\n|-fieldstart|move: Trick Room|[of] p1b: Calyrex\n|\n|upkeep\n|turn|5\n|\n|t:|1772281146\n|switch|p2a: Kyogre|Kyogre, L50|100/100\n|-weather|RainDance|[from] ability: Drizzle|[of] p2a: Kyogre\n|move|p1b: Calyrex|Glacial Lance|p2b: Miraidon|[spread] p2a,p2b\n|-resisted|p2a: Kyogre\n|-damage|p2a: Kyogre|73/100\n|-damage|p2b: Miraidon|42/100\n|move|p1a: Miraidon|Electro Drift|p2b: Miraidon\n|-damage|p2b: Miraidon|0 fnt\n|faint|p2b: Miraidon\n|\n|-weather|RainDance|[upkeep]\n|-fieldend|move: Electric Terrain\n|upkeep\n|\n|t:|1772281161\n|switch|p2b: Sneasler|Sneasler, L50, F|100/100\n|turn|6\n|\n|t:|1772281173\n|move|p1b: Calyrex|Protect|p1b: Calyrex\n|-singleturn|p1b: Calyrex|Protect\n|move|p1a: Miraidon|Protect|p1a: Miraidon\n|-singleturn|p1a: Miraidon|Protect\n|move|p2b: Sneasler|Fake Out|p1a: Miraidon\n|-activate|p1a: Miraidon|move: Protect\n|move|p2a: Kyogre|Origin Pulse|p1b: Calyrex|[spread] \n|-activate|p1a: Miraidon|move: Protect\n|-activate|p1b: Calyrex|move: Protect\n|\n|-weather|RainDance|[upkeep]\n|upkeep\n|turn|7\n|\n|t:|1772281192\n|move|p1b: Calyrex|Glacial Lance|p2a: Kyogre|[spread] p2a,p2b\n|-resisted|p2a: Kyogre\n|-crit|p2a: Kyogre\n|-damage|p2a: Kyogre|29/100\n|-damage|p2b: Sneasler|26/100\n|move|p2b: Sneasler|Dire Claw|p1a: Miraidon\n|-damage|p1a: Miraidon|31/100\n|move|p1a: Miraidon|Electro Drift|p2a: Kyogre\n|-supereffective|p2a: Kyogre\n|-damage|p2a: Kyogre|0 fnt\n|faint|p2a: Kyogre\n|\n|-weather|RainDance|[upkeep]\n|upkeep\n|turn|8\n|\n|t:|1772281208\n|move|p1b: Calyrex|Glacial Lance|p2b: Sneasler\n|-damage|p2b: Sneasler|0 fnt\n|faint|p2b: Sneasler\n|\n|win|ryo8989\n|raw|ryo8989's rating: 1416 &rarr; <strong>1435</strong><br />(+19 for winning)\n|raw|Javike's rating: 1397 &rarr; <strong>1378</strong><br />(-19 for losing)\n|l|\u2606Javike\n|player|p2|\n|l|\u2606ryo8989\n|player|p1|\n","uploadtime":1772281431,"views":12,"formatid":"gen9vgc2026regi","rating":1378,"private":0,"password":null}