{"id":"gen9vgc2026regi-2525636428","format":"[Gen 9] VGC 2026 Reg I","players":["othunder21","ky123456"],"log":"|j|\u2606othunder21\n|j|\u2606ky123456\n|t:|1769304361\n|gametype|doubles\n|player|p1|othunder21|nate|1347\n|player|p2|ky123456|cynthia-gen4|1479\n|gen|9\n|tier|[Gen 9] VGC 2026 Reg I\n|rated|\n|rule|Species Clause: Limit one of each Pok\u00e9mon\n|rule|Item Clause: Limit 1 of each item\n|clearpoke\n|poke|p1|Rillaboom, L50, M|\n|poke|p1|Landorus, L50, M|\n|poke|p1|Koraidon, L50|\n|poke|p1|Calyrex-Ice, L50|\n|poke|p1|Incineroar, L50, M|\n|poke|p1|Smeargle, L50, F|\n|poke|p2|Kyogre, L50|\n|poke|p2|Calyrex-Ice, L50|\n|poke|p2|Grimmsnarl, L50, M|\n|poke|p2|Rillaboom, L50, M|\n|poke|p2|Landorus, L50, M|\n|poke|p2|Urshifu-*, L50, F|\n|teampreview|4\n|inactive|Battle timer is ON: inactive players will automatically lose when time's up. (requested by othunder21)\n|\n|t:|1769304386\n|teamsize|p1|4\n|teamsize|p2|4\n|start\n|switch|p1a: Incineroar|Incineroar, L50, M|100/100\n|switch|p1b: Calyrex|Calyrex-Ice, L50|100/100\n|switch|p2a: Calyrex|Calyrex-Ice, L50|100/100\n|switch|p2b: Urshifu|Urshifu-Rapid-Strike, L50, F|100/100\n|-ability|p2a: Calyrex|As One\n|-ability|p2a: Calyrex|Unnerve\n|-ability|p1b: Calyrex|As One\n|-ability|p1b: Calyrex|Unnerve\n|-ability|p1a: Incineroar|Intimidate|boost\n|-unboost|p2a: Calyrex|atk|1\n|-unboost|p2b: Urshifu|atk|1\n|turn|1\n|\n|t:|1769304410\n|move|p1a: Incineroar|Fake Out|p2b: Urshifu\n|-damage|p2b: Urshifu|90/100\n|cant|p2b: Urshifu|flinch\n|move|p2a: Calyrex|Leech Seed|p1b: Calyrex\n|-start|p1b: Calyrex|move: Leech Seed\n|move|p1b: Calyrex|Glacial Lance|p2a: Calyrex|[spread] p2a,p2b\n|-resisted|p2a: Calyrex\n|-resisted|p2b: Urshifu\n|-damage|p2a: Calyrex|85/100\n|-damage|p2b: Urshifu|63/100\n|\n|-heal|p2a: Calyrex|90/100|[from] item: Leftovers\n|-damage|p1b: Calyrex|88/100|[from] Leech Seed|[of] p2a: Calyrex\n|-heal|p2a: Calyrex|100/100|[silent]\n|upkeep\n|turn|2\n|\n|t:|1769304432\n|-terastallize|p1a: Incineroar|Water\n|move|p2b: Urshifu|U-turn|p1b: Calyrex\n|-supereffective|p1b: Calyrex\n|-damage|p1b: Calyrex|66/100\n|\n|t:|1769304446\n|switch|p2b: Grimmsnarl|Grimmsnarl, L50, M|100/100|[from] U-turn\n|move|p1a: Incineroar|Parting Shot|p2a: Calyrex\n|-unboost|p2a: Calyrex|atk|1\n|-unboost|p2a: Calyrex|spa|1\n|\n|t:|1769304455\n|switch|p1a: Rillaboom|Rillaboom, L50, M|100/100|[from] Parting Shot\n|-fieldstart|move: Grassy Terrain|[from] ability: Grassy Surge|[of] p1a: Rillaboom\n|move|p2a: Calyrex|Glacial Lance|p1b: Calyrex|[spread] p1a,p1b\n|-supereffective|p1a: Rillaboom\n|-resisted|p1b: Calyrex\n|-damage|p1a: Rillaboom|45/100\n|-damage|p1b: Calyrex|58/100\n|move|p1b: Calyrex|Leech Seed|p2a: Calyrex|[miss]\n|-miss|p1b: Calyrex|p2a: Calyrex\n|\n|-heal|p1a: Rillaboom|51/100|[from] Grassy Terrain\n|-heal|p1b: Calyrex|64/100|[from] Grassy Terrain\n|-heal|p1b: Calyrex|70/100|[from] item: Leftovers\n|-damage|p1b: Calyrex|58/100|[from] Leech Seed|[of] p2a: Calyrex\n|upkeep\n|turn|3\n|\n|t:|1769304471\n|switch|p1b: Incineroar|Incineroar, L50, M, tera:Water|100/100\n|-ability|p1b: Incineroar|Intimidate|boost\n|-unboost|p2a: Calyrex|atk|1\n|-unboost|p2b: Grimmsnarl|atk|1\n|move|p2a: Calyrex|Protect|p2a: Calyrex\n|-singleturn|p2a: Calyrex|Protect\n|move|p1a: Rillaboom|Fake Out|p2a: Calyrex\n|-activate|p2a: Calyrex|move: Protect\n|move|p2b: Grimmsnarl|Reflect|p2b: Grimmsnarl\n|-sidestart|p2: ky123456|Reflect\n|\n|-heal|p1a: Rillaboom|57/100|[from] Grassy Terrain\n|upkeep\n|turn|4\n|inactive|ky123456 has 30 seconds left.\n|\n|t:|1769304505\n|move|p1b: Incineroar|Fake Out|p2a: Calyrex\n|-damage|p2a: Calyrex|96/100\n|move|p2b: Grimmsnarl|Thunder Wave|p1a: Rillaboom\n|-status|p1a: Rillaboom|par\n|move|p1a: Rillaboom|U-turn|p2a: Calyrex\n|-supereffective|p2a: Calyrex\n|-damage|p2a: Calyrex|78/100\n|\n|t:|1769304517\n|switch|p1a: Koraidon|Koraidon, L50|100/100|[from] U-turn\n|-weather|SunnyDay|[from] ability: Orichalcum Pulse|[of] p1a: Koraidon\n|-activate|p1a: Koraidon|Orichalcum Pulse|[source]\n|cant|p2a: Calyrex|flinch\n|\n|-weather|SunnyDay|[upkeep]\n|-heal|p2a: Calyrex|84/100|[from] Grassy Terrain\n|-heal|p2a: Calyrex|90/100|[from] item: Leftovers\n|upkeep\n|turn|5\n|inactive|ky123456 has 30 seconds left.\n|\n|t:|1769304548\n|switch|p2a: Kyogre|Kyogre, L50|100/100\n|-weather|RainDance|[from] ability: Drizzle|[of] p2a: Kyogre\n|move|p1a: Koraidon|Protect|p1a: Koraidon\n|-singleturn|p1a: Koraidon|Protect\n|move|p2b: Grimmsnarl|Thunder Wave|p1a: Koraidon\n|-activate|p1a: Koraidon|move: Protect\n|move|p1b: Incineroar|Parting Shot|p2a: Kyogre\n|-unboost|p2a: Kyogre|atk|1\n|-unboost|p2a: Kyogre|spa|1\n|\n|t:|1769304560\n|switch|p1b: Calyrex|Calyrex-Ice, L50|58/100|[from] Parting Shot\n|-ability|p1b: Calyrex|As One\n|-ability|p1b: Calyrex|Unnerve\n|\n|-weather|RainDance|[upkeep]\n|-heal|p1b: Calyrex|64/100|[from] Grassy Terrain\n|-heal|p1b: Calyrex|70/100|[from] item: Leftovers\n|upkeep\n|turn|6\n|\n|t:|1769304582\n|switch|p1a: Incineroar|Incineroar, L50, M, tera:Water|100/100\n|-ability|p1a: Incineroar|Intimidate|boost\n|-unboost|p2a: Kyogre|atk|1\n|-unboost|p2b: Grimmsnarl|atk|1\n|switch|p2a: Calyrex|Calyrex-Ice, L50|90/100\n|-ability|p2a: Calyrex|As One\n|-ability|p2a: Calyrex|Unnerve\n|move|p1b: Calyrex|Protect|p1b: Calyrex\n|-singleturn|p1b: Calyrex|Protect\n|move|p2b: Grimmsnarl|Foul Play|p1b: Calyrex\n|-activate|p1b: Calyrex|move: Protect\n|\n|-weather|RainDance|[upkeep]\n|-heal|p2a: Calyrex|96/100|[from] Grassy Terrain\n|-heal|p2a: Calyrex|100/100|[from] item: Leftovers\n|-heal|p1b: Calyrex|75/100|[from] Grassy Terrain\n|-heal|p1b: Calyrex|81/100|[from] item: Leftovers\n|-fieldend|move: Grassy Terrain\n|upkeep\n|turn|7\n|\n|t:|1769304606\n|switch|p1b: Rillaboom|Rillaboom, L50, M|57/100 par\n|-fieldstart|move: Grassy Terrain|[from] ability: Grassy Surge|[of] p1b: Rillaboom\n|move|p1a: Incineroar|Fake Out|p2a: Calyrex\n|-damage|p2a: Calyrex|96/100\n|move|p2b: Grimmsnarl|Foul Play|p1b: Rillaboom\n|-damage|p1b: Rillaboom|15/100 par\n|cant|p2a: Calyrex|flinch\n|\n|-weather|RainDance|[upkeep]\n|-heal|p1b: Rillaboom|21/100 par|[from] Grassy Terrain\n|-heal|p2a: Calyrex|100/100|[from] Grassy Terrain\n|upkeep\n|turn|8\n|inactive|othunder21 has 30 seconds left.\n|\n|t:|1769304641\n|switch|p1b: Calyrex|Calyrex-Ice, L50|81/100\n|-ability|p1b: Calyrex|As One\n|-ability|p1b: Calyrex|Unnerve\n|move|p2b: Grimmsnarl|Foul Play|p1b: Calyrex\n|-supereffective|p1b: Calyrex\n|-damage|p1b: Calyrex|9/100\n|move|p1a: Incineroar|Parting Shot|p2a: Calyrex\n|-unboost|p2a: Calyrex|atk|1\n|-unboost|p2a: Calyrex|spa|1\n|\n|t:|1769304647\n|switch|p1a: Rillaboom|Rillaboom, L50, M|21/100 par|[from] Parting Shot\n|move|p2a: Calyrex|Leech Seed|p1a: Rillaboom\n|-immune|p1a: Rillaboom\n|\n|-weather|RainDance|[upkeep]\n|-heal|p1a: Rillaboom|27/100 par|[from] Grassy Terrain\n|-heal|p1b: Calyrex|15/100|[from] Grassy Terrain\n|-heal|p1b: Calyrex|20/100|[from] item: Leftovers\n|upkeep\n|turn|9\n|\n|t:|1769304661\n|move|p1b: Calyrex|Protect|p1b: Calyrex\n|-singleturn|p1b: Calyrex|Protect\n|move|p2b: Grimmsnarl|Foul Play|p1b: Calyrex\n|-activate|p1b: Calyrex|move: Protect\n|move|p1a: Rillaboom|U-turn|p2a: Calyrex\n|-supereffective|p2a: Calyrex\n|-damage|p2a: Calyrex|84/100\n|\n|t:|1769304668\n|switch|p1a: Incineroar|Incineroar, L50, M, tera:Water|100/100|[from] U-turn\n|-ability|p1a: Incineroar|Intimidate|boost\n|-unboost|p2a: Calyrex|atk|1\n|-unboost|p2b: Grimmsnarl|atk|1\n|move|p2a: Calyrex|Glacial Lance|p1a: Incineroar|[spread] p1a\n|-activate|p1b: Calyrex|move: Protect\n|-resisted|p1a: Incineroar\n|-damage|p1a: Incineroar|90/100\n|\n|-weather|none\n|-heal|p1a: Incineroar|96/100|[from] Grassy Terrain\n|-heal|p2a: Calyrex|89/100|[from] Grassy Terrain\n|-heal|p2a: Calyrex|95/100|[from] item: Leftovers\n|-heal|p1b: Calyrex|26/100|[from] Grassy Terrain\n|-heal|p1b: Calyrex|32/100|[from] item: Leftovers\n|upkeep\n|turn|10\n|\n|t:|1769304688\n|switch|p1b: Rillaboom|Rillaboom, L50, M|27/100 par\n|move|p2b: Grimmsnarl|Foul Play|p1b: Rillaboom\n|-damage|p1b: Rillaboom|0 fnt\n|faint|p1b: Rillaboom\n|move|p1a: Incineroar|Knock Off|p2a: Calyrex\n|-supereffective|p2a: Calyrex\n|-damage|p2a: Calyrex|64/100\n|-enditem|p2a: Calyrex|Leftovers|[from] move: Knock Off|[of] p1a: Incineroar\n|move|p2a: Calyrex|Leech Seed|p1a: Incineroar|[miss]\n|-miss|p2a: Calyrex|p1a: Incineroar\n|\n|-heal|p1a: Incineroar|100/100|[from] Grassy Terrain\n|-heal|p2a: Calyrex|70/100|[from] Grassy Terrain\n|-sideend|p2: ky123456|Reflect\n|upkeep\n|\n|t:|1769304704\n|switch|p1b: Koraidon|Koraidon, L50|100/100\n|-weather|SunnyDay|[from] ability: Orichalcum Pulse|[of] p1b: Koraidon\n|-activate|p1b: Koraidon|Orichalcum Pulse|[source]\n|turn|11\n|\n|t:|1769304715\n|move|p2a: Calyrex|Protect|p2a: Calyrex\n|-singleturn|p2a: Calyrex|Protect\n|move|p2b: Grimmsnarl|Reflect|p2b: Grimmsnarl\n|-sidestart|p2: ky123456|Reflect\n|move|p1b: Koraidon|Low Kick|p2a: Calyrex\n|-activate|p2a: Calyrex|move: Protect\n|move|p1a: Incineroar|Knock Off|p2a: Calyrex\n|-activate|p2a: Calyrex|move: Protect\n|\n|-weather|SunnyDay|[upkeep]\n|-heal|p2a: Calyrex|76/100|[from] Grassy Terrain\n|-fieldend|move: Grassy Terrain\n|upkeep\n|turn|12\n|\n|t:|1769304735\n|-terastallize|p2a: Calyrex|Fairy\n|move|p2b: Grimmsnarl|Thunder Wave|p1b: Koraidon\n|-status|p1b: Koraidon|par\n|move|p1b: Koraidon|Low Kick|p2a: Calyrex\n|-resisted|p2a: Calyrex\n|-crit|p2a: Calyrex\n|-damage|p2a: Calyrex|36/100\n|move|p1a: Incineroar|Knock Off|p2a: Calyrex\n|-resisted|p2a: Calyrex\n|-damage|p2a: Calyrex|31/100\n|move|p2a: Calyrex|Leech Seed|p1a: Incineroar\n|-start|p1a: Incineroar|move: Leech Seed\n|\n|-weather|SunnyDay|[upkeep]\n|-damage|p1a: Incineroar|88/100|[from] Leech Seed|[of] p2a: Calyrex\n|-heal|p2a: Calyrex|43/100|[silent]\n|upkeep\n|turn|13\n|inactive|ky123456 has 30 seconds left.\n|\n|t:|1769304761\n|move|p1b: Koraidon|Protect|p1b: Koraidon\n|-singleturn|p1b: Koraidon|Protect\n|move|p2a: Calyrex|Protect|p2a: Calyrex\n|-singleturn|p2a: Calyrex|Protect\n|move|p2b: Grimmsnarl|Foul Play|p1b: Koraidon\n|-activate|p1b: Koraidon|move: Protect\n|move|p1a: Incineroar|Parting Shot|p2b: Grimmsnarl\n|-unboost|p2b: Grimmsnarl|atk|1\n|-unboost|p2b: Grimmsnarl|spa|1\n|\n|t:|1769304771\n|switch|p1a: Calyrex|Calyrex-Ice, L50|32/100|[from] Parting Shot\n|-ability|p1a: Calyrex|As One\n|-ability|p1a: Calyrex|Unnerve\n|\n|-weather|SunnyDay|[upkeep]\n|-heal|p1a: Calyrex|38/100|[from] item: Leftovers\n|upkeep\n|turn|14\n|\n|t:|1769304787\n|switch|p2a: Kyogre|Kyogre, L50|100/100\n|-weather|RainDance|[from] ability: Drizzle|[of] p2a: Kyogre\n|switch|p1a: Incineroar|Incineroar, L50, M, tera:Water|88/100\n|-ability|p1a: Incineroar|Intimidate|boost\n|-unboost|p2a: Kyogre|atk|1\n|-unboost|p2b: Grimmsnarl|atk|1\n|move|p1b: Koraidon|Flare Blitz|p2a: Kyogre\n|-resisted|p2a: Kyogre\n|-damage|p2a: Kyogre|93/100\n|-damage|p1b: Koraidon|98/100 par|[from] Recoil\n|move|p2b: Grimmsnarl|Foul Play|p1a: Incineroar\n|-damage|p1a: Incineroar|60/100\n|\n|-weather|RainDance|[upkeep]\n|upkeep\n|turn|15\n|\n|t:|1769304809\n|move|p1a: Incineroar|Fake Out|p2a: Kyogre\n|-damage|p2a: Kyogre|86/100\n|cant|p2a: Kyogre|flinch\n|move|p1b: Koraidon|Low Kick|p2a: Kyogre\n|-damage|p2a: Kyogre|45/100\n|move|p2b: Grimmsnarl|Foul Play|p1b: Koraidon\n|-resisted|p1b: Koraidon\n|-damage|p1b: Koraidon|77/100 par\n|\n|-weather|RainDance|[upkeep]\n|upkeep\n|turn|16\n|\n|t:|1769304832\n|move|p1b: Koraidon|Protect|p1b: Koraidon\n|-singleturn|p1b: Koraidon|Protect\n|move|p2a: Kyogre|Thunder|p1a: Incineroar\n|-supereffective|p1a: Incineroar\n|-damage|p1a: Incineroar|0 fnt\n|faint|p1a: Incineroar\n|move|p2b: Grimmsnarl|Foul Play|p1b: Koraidon\n|-activate|p1b: Koraidon|move: Protect\n|\n|-weather|RainDance|[upkeep]\n|upkeep\n|\n|t:|1769304840\n|switch|p1a: Calyrex|Calyrex-Ice, L50|38/100\n|-ability|p1a: Calyrex|As One\n|-ability|p1a: Calyrex|Unnerve\n|turn|17\n|\n|t:|1769304848\n|move|p2a: Kyogre|Ice Beam|p1b: Koraidon\n|-supereffective|p1b: Koraidon\n|-damage|p1b: Koraidon|8/100 par\n|move|p1b: Koraidon|Low Kick|p2a: Kyogre\n|-damage|p2a: Kyogre|3/100\n|move|p2b: Grimmsnarl|Foul Play|p1a: Calyrex\n|-supereffective|p1a: Calyrex\n|-damage|p1a: Calyrex|0 fnt\n|faint|p1a: Calyrex\n|\n|-weather|RainDance|[upkeep]\n|upkeep\n|turn|18\n|\n|t:|1769304861\n|move|p2b: Grimmsnarl|Thunder Wave|p1b: Koraidon|[miss]\n|-miss|p2b: Grimmsnarl|p1b: Koraidon\n|move|p2a: Kyogre|Thunder|p1b: Koraidon\n|-resisted|p1b: Koraidon\n|-damage|p1b: Koraidon|0 fnt\n|faint|p1b: Koraidon\n|\n|win|ky123456\n|raw|othunder21's rating: 1347 &rarr; <strong>1334</strong><br />(-13 for losing)\n|raw|ky123456's rating: 1479 &rarr; <strong>1492</strong><br />(+13 for winning)\n","uploadtime":1769304861,"views":11,"formatid":"gen9vgc2026regi","rating":1334,"private":0,"password":null}