{"id":"gen9vgc2026regi-2548367905","format":"[Gen 9] VGC 2026 Reg I","players":["huanyu0.0","Zkprep"],"log":"|j|\u2606huanyu0.0\n|j|\u2606Zkprep\n|t:|1772208074\n|gametype|doubles\n|player|p1|huanyu0.0|265|1532\n|player|p2|Zkprep|102|1419\n|gen|9\n|tier|[Gen 9] VGC 2026 Reg I\n|rated|\n|rule|Species Clause: Limit one of each Pok\u00e9mon\n|rule|Item Clause: Limit 1 of each item\n|clearpoke\n|poke|p1|Terapagos, L50, M|\n|poke|p1|Groudon, L50|\n|poke|p1|Indeedee-F, L50, F|\n|poke|p1|Whimsicott, L50, F|\n|poke|p1|Raging Bolt, L50|\n|poke|p1|Armarouge, L50, F|\n|poke|p2|Calyrex-Shadow, L50|\n|poke|p2|Miraidon, L50|\n|poke|p2|Whimsicott, L50, F|\n|poke|p2|Chien-Pao, L50|\n|poke|p2|Heatran, L50, M|\n|poke|p2|Ogerpon-Wellspring, L50, F|\n|teampreview|4\n|inactive|Battle timer is ON: inactive players will automatically lose when time's up. (requested by huanyu0.0)\n|\n|t:|1772208096\n|teamsize|p1|4\n|teamsize|p2|4\n|start\n|switch|p1a: Terapagos|Terapagos, L50, M|100/100\n|switch|p1b: Indeedee|Indeedee-F, L50, F|100/100\n|switch|p2a: Calyrex|Calyrex-Shadow, L50|100/100\n|switch|p2b: Whimsicott|Whimsicott, L50, F|100/100\n|-activate|p1a: Terapagos|ability: Tera Shift\n|detailschange|p1a: Terapagos|Terapagos-Terastal, L50, M\n|-heal|p1a: Terapagos|100/100|[silent]\n|-ability|p2a: Calyrex|As One\n|-ability|p2a: Calyrex|Unnerve\n|-fieldstart|move: Psychic Terrain|[from] ability: Psychic Surge|[of] p1b: Indeedee\n|turn|1\n|\n|t:|1772208121\n|-terastallize|p1a: Terapagos|Stellar\n|detailschange|p1a: Terapagos|Terapagos-Stellar, L50, M, tera:Stellar\n|-heal|p1a: Terapagos|100/100|[silent]\n|-ability|p1a: Terapagos|Teraform Zero\n|-fieldend|move: Psychic Terrain\n|move|p1b: Indeedee|Fake Out|p2b: Whimsicott\n|-damage|p2b: Whimsicott|92/100\n|move|p2a: Calyrex|Taunt|p1b: Indeedee\n|-start|p1b: Indeedee|move: Taunt\n|move|p2b: Whimsicott|Moonblast|p1a: Terapagos\n|-damage|p1a: Terapagos|81/100\n|move|p1a: Terapagos|Meteor Beam||[still]\n|-prepare|p1a: Terapagos|Meteor Beam\n|-boost|p1a: Terapagos|spa|1\n|-enditem|p1a: Terapagos|Power Herb\n|-anim|p1a: Terapagos|Meteor Beam|p2b: Whimsicott\n|-damage|p2b: Whimsicott|0 fnt\n|faint|p2b: Whimsicott\n|\n|upkeep\n|inactive|Zkprep has 30 seconds left.\n|\n|t:|1772208151\n|switch|p2b: Chien-Pao|Chien-Pao, L50|100/100\n|-ability|p2b: Chien-Pao|Sword of Ruin\n|turn|2\n|\n|t:|1772208169\n|-terastallize|p2a: Calyrex|Fighting\n|move|p2a: Calyrex|Tera Blast|p1a: Terapagos|[anim] Tera Blast Fighting\n|-supereffective|p1a: Terapagos\n|-damage|p1a: Terapagos|15/100\n|move|p2b: Chien-Pao|Crunch|p1b: Indeedee\n|-supereffective|p1b: Indeedee\n|-damage|p1b: Indeedee|0 fnt\n|faint|p1b: Indeedee\n|move|p1a: Terapagos|Tera Starstorm|p2a: Calyrex|[spread] p2a,p2b\n|-supereffective|p2a: Calyrex\n|-enditem|p2a: Calyrex|Focus Sash\n|-damage|p2a: Calyrex|1/100\n|-damage|p2b: Chien-Pao|10/100\n|\n|upkeep\n|\n|t:|1772208184\n|switch|p1b: Whimsicott|Whimsicott, L50, F|100/100\n|turn|3\n|\n|t:|1772208203\n|move|p2b: Chien-Pao|Sucker Punch|p1a: Terapagos\n|-damage|p1a: Terapagos|0 fnt\n|faint|p1a: Terapagos\n|detailschange|p1: Terapagos|Terapagos, L50, M|[silent]\n|move|p1b: Whimsicott|Tailwind|p1b: Whimsicott\n|-sidestart|p1: huanyu0.0|move: Tailwind\n|move|p2a: Calyrex|Astral Barrage|p1b: Whimsicott\n|-enditem|p1b: Whimsicott|Focus Sash\n|-damage|p1b: Whimsicott|1/100\n|\n|upkeep\n|\n|t:|1772208214\n|switch|p1a: Groudon|Groudon, L50|100/100\n|-weather|SunnyDay|[from] ability: Drought|[of] p1a: Groudon\n|turn|4\n|inactive|Zkprep has 30 seconds left.\n|inactive|Zkprep has 20 seconds left.\n|\n|t:|1772208249\n|move|p1b: Whimsicott|Taunt|p2a: Calyrex\n|-start|p2a: Calyrex|move: Taunt\n|move|p2b: Chien-Pao|Sucker Punch|p1a: Groudon\n|-damage|p1a: Groudon|63/100\n|move|p1a: Groudon|Precipice Blades|p2b: Chien-Pao|[spread] p2a,p2b\n|-damage|p2a: Calyrex|0 fnt\n|-damage|p2b: Chien-Pao|0 fnt\n|faint|p2a: Calyrex\n|faint|p2b: Chien-Pao\n|\n|-weather|SunnyDay|[upkeep]\n|upkeep\n|\n|t:|1772208262\n|switch|p2a: Miraidon|Miraidon, L50|100/100\n|-fieldstart|move: Electric Terrain|[from] ability: Hadron Engine|[of] p2a: Miraidon\n|turn|5\n|\n|t:|1772208278\n|move|p1b: Whimsicott|Endeavor|p2a: Miraidon\n|-damage|p2a: Miraidon|1/100\n|move|p1a: Groudon|Precipice Blades|p2a: Miraidon|[miss]\n|-miss|p1a: Groudon|p2a: Miraidon\n|move|p2a: Miraidon|Draco Meteor|p1a: Groudon\n|-damage|p1a: Groudon|0 fnt\n|-unboost|p2a: Miraidon|spa|2\n|faint|p1a: Groudon\n|\n|-weather|SunnyDay|[upkeep]\n|upkeep\n|turn|6\n|-message|huanyu0.0 forfeited.\n|\n|win|Zkprep\n|raw|huanyu0.0's rating: 1532 &rarr; <strong>1506</strong><br />(-26 for losing)\n|raw|Zkprep's rating: 1419 &rarr; <strong>1445</strong><br />(+26 for winning)\n|l|\u2606huanyu0.0\n|player|p1|\n|l|\u2606Zkprep\n|player|p2|\n","uploadtime":1772208465,"views":13,"formatid":"gen9vgc2026regi","rating":1445,"private":0,"password":null}