{"id":"gen9vgc2026regi-2569111390","format":"[Gen 9] VGC 2026 Reg I","players":["conniecut","truth this"],"log":"|j|\u2606conniecut\n|j|\u2606truth this\n|t:|1774649875\n|gametype|doubles\n|player|p1|conniecut|lady|1308\n|player|p2|truth this|170|1346\n|gen|9\n|tier|[Gen 9] VGC 2026 Reg I\n|rated|\n|rule|Species Clause: Limit one of each Pok\u00e9mon\n|rule|Item Clause: Limit 1 of each item\n|clearpoke\n|poke|p1|Calyrex-Ice, L50|\n|poke|p1|Sentret, L50, F|\n|poke|p1|Ho-Oh, L50|\n|poke|p1|Ursaluna-Bloodmoon, L50, M|\n|poke|p1|Amoonguss, L50, M|\n|poke|p1|Urshifu-*, L50, F|\n|poke|p2|Lugia, L50|\n|poke|p2|Comfey, L50, M|\n|poke|p2|Sableye, L50, F|\n|poke|p2|Indeedee-F, L50, F|\n|poke|p2|Cyclizar, L50, M|\n|poke|p2|Mewtwo, L50|\n|teampreview|4\n|\n|t:|1774649897\n|teamsize|p1|4\n|teamsize|p2|4\n|start\n|switch|p1a: Calyrex|Calyrex-Ice, L50|100/100\n|switch|p1b: Sentret|Sentret, L50, F|100/100\n|switch|p2a: Sableye|Sableye, L50, F|100/100\n|switch|p2b: Lugia|Lugia, L50|100/100\n|-ability|p1a: Calyrex|As One\n|-ability|p1a: Calyrex|Unnerve\n|-item|p2a: Sableye|Light Clay|[from] ability: Frisk|[of] p1b: Sentret\n|-item|p2b: Lugia|Leftovers|[from] ability: Frisk|[of] p1b: Sentret\n|turn|1\n|inactive|Battle timer is ON: inactive players will automatically lose when time's up. (requested by truth this)\n|\n|t:|1774649912\n|move|p1b: Sentret|Follow Me|p1b: Sentret\n|-singleturn|p1b: Sentret|move: Follow Me\n|move|p2a: Sableye|Reflect|p2a: Sableye\n|-sidestart|p2: truth this|Reflect\n|move|p2b: Lugia|Calm Mind|p2b: Lugia\n|-boost|p2b: Lugia|spa|1\n|-boost|p2b: Lugia|spd|1\n|move|p1a: Calyrex|Trick Room|p1a: Calyrex\n|-fieldstart|move: Trick Room|[of] p1a: Calyrex\n|\n|upkeep\n|turn|2\n|\n|t:|1774649924\n|move|p2b: Lugia|Protect|p2b: Lugia\n|-singleturn|p2b: Lugia|Protect\n|move|p2a: Sableye|Will-O-Wisp|p1a: Calyrex|[miss]\n|-miss|p2a: Sableye|p1a: Calyrex\n|move|p1b: Sentret|Endeavor|p2b: Lugia\n|-activate|p2b: Lugia|move: Protect\n|move|p1a: Calyrex|Glacial Lance|p2b: Lugia|[spread] p2a\n|-activate|p2b: Lugia|move: Protect\n|-damage|p2a: Sableye|40/100\n|\n|upkeep\n|turn|3\n|\n|t:|1774649938\n|-terastallize|p2b: Lugia|Fairy\n|move|p1b: Sentret|Follow Me|p1b: Sentret\n|-singleturn|p1b: Sentret|move: Follow Me\n|move|p2a: Sableye|Will-O-Wisp|p1b: Sentret\n|-status|p1b: Sentret|brn\n|move|p1a: Calyrex|Glacial Lance|p2b: Lugia|[spread] p2a,p2b\n|-damage|p2a: Sableye|0 fnt\n|-damage|p2b: Lugia|86/100\n|faint|p2a: Sableye\n|-ability|p1a: Calyrex|Chilling Neigh|boost\n|-boost|p1a: Calyrex|atk|1\n|move|p2b: Lugia|Calm Mind|p2b: Lugia\n|-boost|p2b: Lugia|spa|1\n|-boost|p2b: Lugia|spd|1\n|\n|-heal|p2b: Lugia|92/100|[from] item: Leftovers\n|-damage|p1b: Sentret|95/100 brn|[from] brn\n|upkeep\n|\n|t:|1774649953\n|switch|p2a: Mewtwo|Mewtwo, L50|100/100\n|-ability|p2a: Mewtwo|Pressure\n|turn|4\n|\n|t:|1774649961\n|move|p1b: Sentret|Helping Hand|p1a: Calyrex\n|-singleturn|p1a: Calyrex|Helping Hand|[of] p1b: Sentret\n|move|p2b: Lugia|Protect|p2b: Lugia\n|-singleturn|p2b: Lugia|Protect\n|move|p1a: Calyrex|Glacial Lance|p2b: Lugia|[spread] p2a\n|-activate|p2b: Lugia|move: Protect\n|-damage|p2a: Mewtwo|0 fnt\n|faint|p2a: Mewtwo\n|-ability|p1a: Calyrex|Chilling Neigh|boost\n|-boost|p1a: Calyrex|atk|1\n|\n|-heal|p2b: Lugia|99/100|[from] item: Leftovers\n|-damage|p1b: Sentret|90/100 brn|[from] brn\n|upkeep\n|\n|t:|1774649966\n|switch|p2a: Comfey|Comfey, L50, M|100/100\n|turn|5\n|\n|t:|1774649979\n|move|p1b: Sentret|Helping Hand|p1a: Calyrex\n|-singleturn|p1a: Calyrex|Helping Hand|[of] p1b: Sentret\n|move|p2a: Comfey|Floral Healing|p2b: Lugia\n|-heal|p2b: Lugia|100/100\n|move|p1a: Calyrex|Glacial Lance|p2a: Comfey|[spread] p2a,p2b\n|-damage|p2a: Comfey|0 fnt\n|-damage|p2b: Lugia|54/100\n|faint|p2a: Comfey\n|-ability|p1a: Calyrex|Chilling Neigh|boost\n|-boost|p1a: Calyrex|atk|1\n|move|p2b: Lugia|Aeroblast|p1b: Sentret\n|-damage|p1b: Sentret|0 fnt\n|faint|p1b: Sentret\n|\n|-heal|p2b: Lugia|60/100|[from] item: Leftovers\n|-fieldend|move: Trick Room\n|upkeep\n|c|\u2606truth this|Wisp miss so bad...\n|c|\u2606truth this|3 times in 3\n|\n|t:|1774649995\n|switch|p1b: Amoonguss|Amoonguss, L50, M|100/100\n|turn|6\n|\n|t:|1774650017\n|move|p1b: Amoonguss|Rage Powder|p1b: Amoonguss\n|-singleturn|p1b: Amoonguss|move: Rage Powder\n|move|p2b: Lugia|Aeroblast|p1b: Amoonguss\n|-supereffective|p1b: Amoonguss\n|-crit|p1b: Amoonguss\n|-damage|p1b: Amoonguss|0 fnt\n|faint|p1b: Amoonguss\n|move|p1a: Calyrex|Glacial Lance|p2b: Lugia\n|-damage|p2b: Lugia|0 fnt\n|faint|p2b: Lugia\n|\n|win|conniecut\n|raw|conniecut's rating: 1308 &rarr; <strong>1330</strong><br />(+22 for winning)\n|raw|truth this's rating: 1346 &rarr; <strong>1324</strong><br />(-22 for losing)\n|l|\u2606truth this\n|player|p2|\n|l|\u2606conniecut\n|player|p1|\n","uploadtime":1774650291,"views":12,"formatid":"gen9vgc2026regi","rating":1324,"private":0,"password":null}