{"id":"gen9vgc2026regi-2573700056","format":"[Gen 9] VGC 2026 Reg I","players":["KaiMVGC","Luca8"],"log":"|j|\u2606KaiMVGC\n|j|\u2606Luca8\n|t:|1775157634\n|gametype|doubles\n|player|p1|KaiMVGC|boarder|1581\n|player|p2|Luca8|flint|1481\n|gen|9\n|tier|[Gen 9] VGC 2026 Reg I\n|rated|\n|rule|Species Clause: Limit one of each Pok\u00e9mon\n|rule|Item Clause: Limit 1 of each item\n|clearpoke\n|poke|p1|Calyrex-Shadow, L50|\n|poke|p1|Zamazenta-*, L50|\n|poke|p1|Smeargle, L50, F|\n|poke|p1|Rillaboom, L50, F|\n|poke|p1|Tornadus, L50, M|\n|poke|p1|Raging Bolt, L50|\n|poke|p2|Urshifu-*, L50, F|\n|poke|p2|Kyogre, L50|\n|poke|p2|Farigiraf, L50, F|\n|poke|p2|Smeargle, L50, M|\n|poke|p2|Calyrex-Ice, L50|\n|poke|p2|Ursaluna-Bloodmoon, L50, M|\n|teampreview|4\n|inactive|Battle timer is ON: inactive players will automatically lose when time's up. (requested by KaiMVGC)\n|l|\u2606Luca8\n|inactive|Luca8 disconnected and has a minute to reconnect!\n|player|p2|\n|j|\u2606Luca8\n|inactive|Luca8 reconnected and has 65 seconds left.\n|player|p2|Luca8|flint|\n|inactive|Luca8 has 60 seconds left.\n|\n|t:|1775157743\n|teamsize|p1|4\n|teamsize|p2|4\n|start\n|switch|p1a: Calyrex|Calyrex-Shadow, L50|100/100\n|switch|p1b: Smeargle|Smeargle, L50, F|100/100\n|switch|p2a: Calyrex|Calyrex-Ice, L50|100/100\n|switch|p2b: Smeargle|Smeargle, L50, M|100/100\n|-ability|p1a: Calyrex|As One\n|-ability|p1a: Calyrex|Unnerve\n|-ability|p2a: Calyrex|As One\n|-ability|p2a: Calyrex|Unnerve\n|turn|1\n|inactive|Luca8 has 30 seconds left.\n|\n|t:|1775157771\n|-terastallize|p1b: Smeargle|Ghost\n|-terastallize|p2a: Calyrex|Normal\n|move|p1a: Calyrex|Psychic|p2b: Smeargle\n|-enditem|p2b: Smeargle|Focus Sash\n|-damage|p2b: Smeargle|1/100\n|-unboost|p2b: Smeargle|spd|1\n|-damage|p1a: Calyrex|91/100|[from] item: Life Orb\n|move|p2b: Smeargle|Spore|p1a: Calyrex\n|-status|p1a: Calyrex|slp|[from] move: Spore\n|move|p1b: Smeargle|Spore|p2a: Calyrex\n|-activate|p2a: Calyrex|item: Safety Goggles|Spore\n|move|p2a: Calyrex|Trick Room|p2a: Calyrex\n|-fieldstart|move: Trick Room|[of] p2a: Calyrex\n|\n|-ability|p2b: Smeargle|Moody|boost\n|-boost|p2b: Smeargle|def|2\n|-unboost|p2b: Smeargle|spd|1\n|-ability|p1b: Smeargle|Moody|boost\n|-boost|p1b: Smeargle|spa|2\n|-unboost|p1b: Smeargle|spe|1\n|upkeep\n|turn|2\n|inactive|Luca8 has 30 seconds left.\n|\n|t:|1775157797\n|move|p1b: Smeargle|Wide Guard|p1b: Smeargle\n|-singleturn|p1b: Smeargle|Wide Guard\n|move|p2a: Calyrex|Glacial Lance|p1a: Calyrex|[spread] \n|-activate|p1a: Calyrex|move: Wide Guard\n|-activate|p1b: Smeargle|move: Wide Guard\n|move|p2b: Smeargle|Decorate|p2a: Calyrex\n|-boost|p2a: Calyrex|atk|2\n|-boost|p2a: Calyrex|spa|2\n|cant|p1a: Calyrex|slp\n|\n|-ability|p1b: Smeargle|Moody|boost\n|-boost|p1b: Smeargle|spa|2\n|-unboost|p1b: Smeargle|def|1\n|-ability|p2b: Smeargle|Moody|boost\n|-boost|p2b: Smeargle|spd|2\n|-unboost|p2b: Smeargle|def|1\n|upkeep\n|turn|3\n|\n|t:|1775157821\n|switch|p1a: Rillaboom|Rillaboom, L50, F|100/100\n|-fieldstart|move: Grassy Terrain|[from] ability: Grassy Surge|[of] p1a: Rillaboom\n|move|p1b: Smeargle|Wide Guard|p1b: Smeargle\n|-singleturn|p1b: Smeargle|Wide Guard\n|move|p2a: Calyrex|Seed Bomb|p1a: Rillaboom\n|-resisted|p1a: Rillaboom\n|-damage|p1a: Rillaboom|61/100\n|move|p2b: Smeargle|Spore|p1b: Smeargle\n|-status|p1b: Smeargle|slp|[from] move: Spore\n|\n|-heal|p1a: Rillaboom|67/100|[from] Grassy Terrain\n|-heal|p2b: Smeargle|7/100|[from] Grassy Terrain\n|-ability|p1b: Smeargle|Moody|boost\n|-boost|p1b: Smeargle|spd|2\n|-unboost|p1b: Smeargle|atk|1\n|-ability|p2b: Smeargle|Moody|boost\n|-boost|p2b: Smeargle|atk|2\n|-unboost|p2b: Smeargle|spe|1\n|upkeep\n|turn|4\n|\n|t:|1775157845\n|switch|p1a: Zamazenta|Zamazenta-Crowned, L50|100/100\n|-ability|p1a: Zamazenta|Dauntless Shield|boost\n|-boost|p1a: Zamazenta|def|1\n|cant|p1b: Smeargle|slp\n|move|p2a: Calyrex|Glacial Lance|p1a: Zamazenta|[spread] p1a,p1b\n|-resisted|p1a: Zamazenta\n|-damage|p1a: Zamazenta|80/100\n|-enditem|p1b: Smeargle|Focus Sash\n|-damage|p1b: Smeargle|1/100 slp\n|move|p2b: Smeargle|Decorate|p2a: Calyrex\n|-boost|p2a: Calyrex|atk|2\n|-boost|p2a: Calyrex|spa|2\n|\n|-heal|p1b: Smeargle|7/100 slp|[from] Grassy Terrain\n|-heal|p2b: Smeargle|13/100|[from] Grassy Terrain\n|-heal|p1a: Zamazenta|87/100|[from] Grassy Terrain\n|-ability|p1b: Smeargle|Moody|boost\n|-boost|p1b: Smeargle|atk|2\n|-unboost|p1b: Smeargle|spe|1\n|-ability|p2b: Smeargle|Moody|boost\n|-boost|p2b: Smeargle|spd|2\n|-unboost|p2b: Smeargle|def|1\n|upkeep\n|turn|5\n|inactive|Luca8 has 30 seconds left.\n|\n|t:|1775157879\n|move|p1a: Zamazenta|Protect|p1a: Zamazenta\n|-singleturn|p1a: Zamazenta|Protect\n|move|p2a: Calyrex|High Horsepower|p1b: Smeargle\n|-damage|p1b: Smeargle|0 fnt\n|faint|p1b: Smeargle\n|-ability|p2a: Calyrex|Chilling Neigh|boost\n|-boost|p2a: Calyrex|atk|1\n|move|p2b: Smeargle|Spore|p1a: Zamazenta\n|-activate|p1a: Zamazenta|move: Protect\n|\n|-heal|p2b: Smeargle|20/100|[from] Grassy Terrain\n|-heal|p1a: Zamazenta|93/100|[from] Grassy Terrain\n|-fieldend|move: Trick Room\n|-ability|p2b: Smeargle|Moody|boost\n|-boost|p2b: Smeargle|def|2\n|-unboost|p2b: Smeargle|spd|1\n|upkeep\n|\n|t:|1775157886\n|switch|p1b: Rillaboom|Rillaboom, L50, F|67/100\n|turn|6\n|\n|t:|1775157905\n|move|p1b: Rillaboom|Fake Out|p2a: Calyrex\n|-damage|p2a: Calyrex|92/100\n|move|p2b: Smeargle|Follow Me|p2b: Smeargle\n|-singleturn|p2b: Smeargle|move: Follow Me\n|move|p1a: Zamazenta|Body Press|p2b: Smeargle\n|-supereffective|p2b: Smeargle\n|-damage|p2b: Smeargle|0 fnt\n|faint|p2b: Smeargle\n|cant|p2a: Calyrex|flinch\n|\n|-heal|p1a: Zamazenta|99/100|[from] Grassy Terrain\n|-heal|p1b: Rillaboom|73/100|[from] Grassy Terrain\n|-heal|p2a: Calyrex|98/100|[from] Grassy Terrain\n|upkeep\n|\n|t:|1775157928\n|switch|p2b: Ursaluna|Ursaluna-Bloodmoon, L50, M|100/100\n|turn|7\n|\n|t:|1775157937\n|move|p1a: Zamazenta|Body Press|p2a: Calyrex\n|-supereffective|p2a: Calyrex\n|-damage|p2a: Calyrex|5/100\n|move|p1b: Rillaboom|Wood Hammer|p2b: Ursaluna\n|-supereffective|p2b: Ursaluna\n|-damage|p2b: Ursaluna|0 fnt\n|faint|p2b: Ursaluna\n|-damage|p1b: Rillaboom|38/100|[from] Recoil\n|move|p2a: Calyrex|Trick Room|p2a: Calyrex\n|-fieldstart|move: Trick Room|[of] p2a: Calyrex\n|\n|-heal|p2a: Calyrex|11/100|[from] Grassy Terrain\n|-heal|p1b: Rillaboom|44/100|[from] Grassy Terrain\n|-heal|p1a: Zamazenta|100/100|[from] Grassy Terrain\n|-fieldend|move: Grassy Terrain\n|upkeep\n|\n|t:|1775157952\n|switch|p2b: Kyogre|Kyogre, L50|100/100\n|-weather|RainDance|[from] ability: Drizzle|[of] p2b: Kyogre\n|-enditem|p2b: Kyogre|Room Service\n|-unboost|p2b: Kyogre|spe|1|[from] item: Room Service\n|turn|8\n|\n|t:|1775157962\n|switch|p1b: Calyrex|Calyrex-Shadow, L50|91/100 slp\n|-ability|p1b: Calyrex|As One\n|-ability|p1b: Calyrex|Unnerve\n|move|p1a: Zamazenta|Protect|p1a: Zamazenta\n|-singleturn|p1a: Zamazenta|Protect\n|move|p2a: Calyrex|High Horsepower|p1a: Zamazenta\n|-activate|p1a: Zamazenta|move: Protect\n|move|p2b: Kyogre|Ice Beam|p1b: Calyrex\n|-damage|p1b: Calyrex|52/100 slp\n|\n|-weather|RainDance|[upkeep]\n|upkeep\n|turn|9\n|inactive|KaiMVGC has 30 seconds left.\n|\n|t:|1775157990\n|move|p2a: Calyrex|High Horsepower|p1a: Zamazenta\n|-supereffective|p1a: Zamazenta\n|-crit|p1a: Zamazenta\n|-damage|p1a: Zamazenta|0 fnt\n|faint|p1a: Zamazenta\n|-ability|p2a: Calyrex|Chilling Neigh|boost\n|-boost|p2a: Calyrex|atk|1\n|move|p2b: Kyogre|Water Spout|p1b: Calyrex\n|-damage|p1b: Calyrex|0 fnt\n|faint|p1b: Calyrex\n|\n|-weather|RainDance|[upkeep]\n|upkeep\n|-message|KaiMVGC forfeited.\n|\n|win|Luca8\n|raw|KaiMVGC's rating: 1581 &rarr; <strong>1555</strong><br />(-26 for losing)\n|raw|Luca8's rating: 1481 &rarr; <strong>1507</strong><br />(+26 for winning)\n","uploadtime":1775158162,"views":12,"formatid":"gen9vgc2026regi","rating":1507,"private":0,"password":null}