{"id":"gen9vgc2026regi-2515639060","format":"[Gen 9] VGC 2026 Reg I","players":["konkonmatcha","ky123456"],"log":"|j|\u2606konkonmatcha\n|j|\u2606ky123456\n|t:|1768014038\n|gametype|doubles\n|player|p1|konkonmatcha|170|1284\n|player|p2|ky123456|cynthia-gen4|1254\n|gen|9\n|tier|[Gen 9] VGC 2026 Reg I\n|rated|\n|rule|Species Clause: Limit one of each Pok\u00e9mon\n|rule|Item Clause: Limit 1 of each item\n|clearpoke\n|poke|p1|Whimsicott, L50, M|\n|poke|p1|Chien-Pao, L50|\n|poke|p1|Kyogre, L50|\n|poke|p1|Zacian-*, L50|\n|poke|p1|Pikachu-World, L50, M|\n|poke|p1|Urshifu-*, L50, M|\n|poke|p2|Calyrex-Ice, L50|\n|poke|p2|Kyogre, L50|\n|poke|p2|Smeargle, L50, M|\n|poke|p2|Rillaboom, L50, M|\n|poke|p2|Landorus, L50, M|\n|poke|p2|Tornadus, L50, M|\n|teampreview|4\n|\n|t:|1768014103\n|teamsize|p1|4\n|teamsize|p2|4\n|start\n|switch|p1a: Chien-Pao|Chien-Pao, L50|100/100\n|switch|p1b: Whimsicott|Whimsicott, L50, M|100/100\n|switch|p2a: Kyogre|Kyogre, L50|100/100\n|switch|p2b: Rillaboom|Rillaboom, L50, M|100/100\n|-ability|p1a: Chien-Pao|Sword of Ruin\n|-weather|RainDance|[from] ability: Drizzle|[of] p2a: Kyogre\n|-fieldstart|move: Grassy Terrain|[from] ability: Grassy Surge|[of] p2b: Rillaboom\n|turn|1\n|inactive|Battle timer is ON: inactive players will automatically lose when time's up. (requested by konkonmatcha)\n|inactive|konkonmatcha has 60 seconds left.\n|\n|t:|1768014139\n|move|p1a: Chien-Pao|Protect|p1a: Chien-Pao\n|-singleturn|p1a: Chien-Pao|Protect\n|move|p2b: Rillaboom|Fake Out|p1a: Chien-Pao\n|-activate|p1a: Chien-Pao|move: Protect\n|move|p1b: Whimsicott|Tailwind|p1b: Whimsicott\n|-sidestart|p1: konkonmatcha|move: Tailwind\n|move|p2a: Kyogre|Water Spout|p1a: Chien-Pao|[spread] p1b\n|-activate|p1a: Chien-Pao|move: Protect\n|-resisted|p1b: Whimsicott\n|-damage|p1b: Whimsicott|5/100\n|\n|-weather|RainDance|[upkeep]\n|-heal|p1b: Whimsicott|11/100|[from] Grassy Terrain\n|upkeep\n|turn|2\n|inactive|ky123456 has 30 seconds left.\n|inactive|ky123456 has 20 seconds left.\n|\n|t:|1768014177\n|move|p2b: Rillaboom|Grassy Glide|p1a: Chien-Pao\n|-damage|p1a: Chien-Pao|53/100\n|move|p1a: Chien-Pao|Ice Spinner|p2b: Rillaboom\n|-supereffective|p2b: Rillaboom\n|-damage|p2b: Rillaboom|5/100\n|-fieldend|move: Grassy Terrain\n|move|p1b: Whimsicott|Grass Knot|p2a: Kyogre\n|-supereffective|p2a: Kyogre\n|-damage|p2a: Kyogre|38/100\n|move|p2a: Kyogre|Water Spout|p1b: Whimsicott|[spread] p1a,p1b\n|-resisted|p1b: Whimsicott\n|-damage|p1a: Chien-Pao|0 fnt\n|-damage|p1b: Whimsicott|0 fnt\n|faint|p1a: Chien-Pao\n|faint|p1b: Whimsicott\n|\n|-weather|RainDance|[upkeep]\n|upkeep\n|\n|t:|1768014195\n|switch|p1a: Zacian|Zacian-Crowned, L50|100/100\n|switch|p1b: Pikachu|Pikachu-World, L50, M|100/100\n|-ability|p1a: Zacian|Intrepid Sword|boost\n|-boost|p1a: Zacian|atk|1\n|turn|3\n|\n|t:|1768014215\n|move|p2a: Kyogre|Protect|p2a: Kyogre\n|-singleturn|p2a: Kyogre|Protect\n|move|p1a: Zacian|Behemoth Blade|p2b: Rillaboom\n|-damage|p2b: Rillaboom|0 fnt\n|faint|p2b: Rillaboom\n|move|p1b: Pikachu|Thunder|p2a: Kyogre\n|-activate|p2a: Kyogre|move: Protect\n|\n|-weather|RainDance|[upkeep]\n|upkeep\n|\n|t:|1768014226\n|switch|p2b: Landorus|Landorus, L50, M|100/100\n|turn|4\n|inactive|konkonmatcha has 30 seconds left.\n|\n|t:|1768014252\n|-terastallize|p1b: Pikachu|Flying\n|move|p1a: Zacian|Protect|p1a: Zacian\n|-singleturn|p1a: Zacian|Protect\n|move|p2b: Landorus|Protect|p2b: Landorus\n|-singleturn|p2b: Landorus|Protect\n|move|p1b: Pikachu|Thunder|p2a: Kyogre\n|-supereffective|p2a: Kyogre\n|-damage|p2a: Kyogre|0 fnt\n|faint|p2a: Kyogre\n|\n|-weather|RainDance|[upkeep]\n|-sideend|p1: konkonmatcha|move: Tailwind\n|upkeep\n|\n|t:|1768014264\n|switch|p2a: Tornadus|Tornadus, L50, M|100/100\n|turn|5\n|inactive|konkonmatcha has 30 seconds left.\n|inactive|konkonmatcha has 20 seconds left.\n|inactive|konkonmatcha has 15 seconds left.\n|\n|t:|1768014307\n|-terastallize|p2a: Tornadus|Dark\n|move|p2a: Tornadus|Tailwind|p2a: Tornadus\n|-sidestart|p2: ky123456|move: Tailwind\n|move|p2b: Landorus|Earth Power|p1a: Zacian\n|-supereffective|p1a: Zacian\n|-damage|p1a: Zacian|0 fnt\n|faint|p1a: Zacian\n|move|p1b: Pikachu|Tera Blast|p2b: Landorus|[anim] Tera Blast Flying\n|-damage|p2b: Landorus|44/100\n|\n|-weather|none\n|upkeep\n|turn|6\n|\n|t:|1768014324\n|move|p1b: Pikachu|Protect|p1b: Pikachu\n|-singleturn|p1b: Pikachu|Protect\n|move|p2a: Tornadus|Bleakwind Storm|p1b: Pikachu\n|-activate|p1b: Pikachu|move: Protect\n|move|p2b: Landorus|Sludge Bomb|p1b: Pikachu\n|-activate|p1b: Pikachu|move: Protect\n|\n|upkeep\n|turn|7\n|\n|t:|1768014333\n|move|p2a: Tornadus|Bleakwind Storm|p1b: Pikachu\n|-damage|p1b: Pikachu|0 fnt\n|faint|p1b: Pikachu\n|\n|win|ky123456\n|raw|konkonmatcha's rating: 1284 &rarr; <strong>1257</strong><br />(-27 for losing)\n|raw|ky123456's rating: 1254 &rarr; <strong>1281</strong><br />(+27 for winning)\n|l|\u2606konkonmatcha\n|player|p1|\n|l|\u2606ky123456\n|player|p2|\n","uploadtime":1768014490,"views":14,"formatid":"gen9vgc2026regi","rating":1257,"private":0,"password":null}