{"id":"gen9vgc2026regi-2560529216","format":"[Gen 9] VGC 2026 Reg I","players":["Mirthinion","lttl5y"],"log":"|j|\u2606Mirthinion\n|j|\u2606lttl5y\n|t:|1773696280\n|gametype|doubles\n|player|p1|Mirthinion|janitor|1377\n|player|p2|lttl5y|lucas|1380\n|gen|9\n|tier|[Gen 9] VGC 2026 Reg I\n|rated|\n|rule|Species Clause: Limit one of each Pok\u00e9mon\n|rule|Item Clause: Limit 1 of each item\n|clearpoke\n|poke|p1|Calyrex-Shadow, L50|\n|poke|p1|Zamazenta-*, L50|\n|poke|p1|Urshifu-*, L50, M|\n|poke|p1|Incineroar, L50, M|\n|poke|p1|Rillaboom, L50, M|\n|poke|p1|Tornadus, L50, M|\n|poke|p2|Calyrex-Ice, L50|\n|poke|p2|Kyogre, L50|\n|poke|p2|Incineroar, L50, F|\n|poke|p2|Rillaboom, L50, M|\n|poke|p2|Amoonguss, L50, F|\n|poke|p2|Ursaluna, L50, F|\n|teampreview|4\n|inactive|Battle timer is ON: inactive players will automatically lose when time's up. (requested by Mirthinion)\nMirthinion rejected open team sheets.\n|inactive|Mirthinion has 60 seconds left.\n|inactive|lttl5y has 60 seconds left.\n|\n|t:|1773696321\n|teamsize|p1|4\n|teamsize|p2|4\n|start\n|switch|p1a: Vangwe|Tornadus, L50, M|100/100\n|switch|p1b: Drambor|Zamazenta-Crowned, L50|100/100\n|switch|p2a: Calyrex|Calyrex-Ice, L50|100/100\n|switch|p2b: Incineroar|Incineroar, L50, F|100/100\n|-ability|p2a: Calyrex|As One\n|-ability|p2a: Calyrex|Unnerve\n|-ability|p1b: Drambor|Dauntless Shield|boost\n|-boost|p1b: Drambor|def|1\n|-ability|p2b: Incineroar|Intimidate|boost\n|-unboost|p1a: Vangwe|atk|1\n|-unboost|p1b: Drambor|atk|1\n|turn|1\n|\n|t:|1773696342\n|-terastallize|p1b: Drambor|Grass\n|move|p1b: Drambor|Wide Guard|p1b: Drambor\n|-singleturn|p1b: Drambor|Wide Guard\n|move|p2b: Incineroar|Fake Out|p1b: Drambor\n|-damage|p1b: Drambor|96/100\n|move|p1a: Vangwe|Taunt|p2a: Calyrex\n|-start|p2a: Calyrex|move: Taunt\n|-enditem|p2a: Calyrex|Mental Herb\n|-end|p2a: Calyrex|move: Taunt\n|move|p2a: Calyrex|Trick Room|p2a: Calyrex\n|-fieldstart|move: Trick Room|[of] p2a: Calyrex\n|\n|upkeep\n|turn|2\n|inactive|Mirthinion has 30 seconds left.\n|\n|t:|1773696370\n|move|p1b: Drambor|Wide Guard|p1b: Drambor\n|-singleturn|p1b: Drambor|Wide Guard\n|move|p2a: Calyrex|Glacial Lance|p1a: Vangwe|[spread] \n|-activate|p1a: Vangwe|move: Wide Guard\n|-activate|p1b: Drambor|move: Wide Guard\n|move|p2b: Incineroar|Taunt|p1b: Drambor\n|-start|p1b: Drambor|move: Taunt\n|move|p1a: Vangwe|Bleakwind Storm|p2b: Incineroar|[spread] p2a,p2b\n|-damage|p2a: Calyrex|80/100\n|-damage|p2b: Incineroar|66/100\n|-unboost|p2a: Calyrex|spe|1\n|-unboost|p2b: Incineroar|spe|1\n|\n|upkeep\n|turn|3\n|\n|t:|1773696392\n|switch|p1a: Beowulf|Urshifu-Rapid-Strike, L50, M|100/100\n|move|p2a: Calyrex|Glacial Lance|p1b: Drambor|[spread] p1a,p1b\n|-resisted|p1a: Beowulf\n|-supereffective|p1b: Drambor\n|-damage|p1a: Beowulf|74/100\n|-damage|p1b: Drambor|45/100\n|move|p2b: Incineroar|Parting Shot|p1b: Drambor\n|-unboost|p1b: Drambor|atk|1\n|-unboost|p1b: Drambor|spa|1\n|\n|t:|1773696399\n|switch|p2b: Amoonguss|Amoonguss, L50, F|100/100|[from] Parting Shot\n|move|p1b: Drambor|Behemoth Bash|p2a: Calyrex\n|-supereffective|p2a: Calyrex\n|-damage|p2a: Calyrex|54/100\n|\n|upkeep\n|turn|4\n|inactive|Mirthinion has 30 seconds left.\n|\n|t:|1773696428\n|move|p2b: Amoonguss|Spore|p1a: Beowulf\n|-status|p1a: Beowulf|slp|[from] move: Spore\n|move|p2a: Calyrex|Glacial Lance|p1a: Beowulf|[spread] p1a,p1b\n|-resisted|p1a: Beowulf\n|-supereffective|p1b: Drambor\n|-damage|p1a: Beowulf|44/100 slp\n|-damage|p1b: Drambor|0 fnt\n|faint|p1b: Drambor\n|-ability|p2a: Calyrex|Chilling Neigh|boost\n|-boost|p2a: Calyrex|atk|1\n|cant|p1a: Beowulf|slp\n|\n|upkeep\n|\n|t:|1773696446\n|switch|p1b: Mithrandir|Calyrex-Shadow, L50|100/100\n|-ability|p1b: Mithrandir|As One\n|-ability|p1b: Mithrandir|Unnerve\n|turn|5\n|\n|t:|1773696463\n|-terastallize|p2a: Calyrex|Grass\n|move|p1b: Mithrandir|Protect|p1b: Mithrandir\n|-singleturn|p1b: Mithrandir|Protect\n|move|p2b: Amoonguss|Pollen Puff|p2a: Calyrex\n|-heal|p2a: Calyrex|100/100\n|move|p2a: Calyrex|Leech Seed|p1a: Beowulf\n|-start|p1a: Beowulf|move: Leech Seed\n|cant|p1a: Beowulf|slp\n|\n|-damage|p1a: Beowulf|32/100 slp|[from] Leech Seed|[of] p2a: Calyrex\n|-fieldend|move: Trick Room\n|upkeep\n|turn|6\n|\n|t:|1773696481\n|move|p2b: Amoonguss|Rage Powder|p2b: Amoonguss\n|-singleturn|p2b: Amoonguss|move: Rage Powder\n|move|p1b: Mithrandir|Pollen Puff|p2b: Amoonguss\n|-damage|p2b: Amoonguss|70/100\n|cant|p1a: Beowulf|slp\n|move|p2a: Calyrex|Trick Room|p2a: Calyrex\n|-fieldstart|move: Trick Room|[of] p2a: Calyrex\n|\n|-damage|p1a: Beowulf|19/100 slp|[from] Leech Seed|[of] p2a: Calyrex\n|upkeep\n|turn|7\n|\n|t:|1773696499\n|move|p1b: Mithrandir|Protect|p1b: Mithrandir\n|-singleturn|p1b: Mithrandir|Protect\n|move|p2b: Amoonguss|Spore|p1b: Mithrandir\n|-activate|p1b: Mithrandir|move: Protect\n|move|p2a: Calyrex|Glacial Lance|p1b: Mithrandir|[spread] p1a\n|-activate|p1b: Mithrandir|move: Protect\n|-resisted|p1a: Beowulf\n|-damage|p1a: Beowulf|0 fnt\n|faint|p1a: Beowulf\n|-ability|p2a: Calyrex|Chilling Neigh|boost\n|-boost|p2a: Calyrex|atk|1\n|\n|upkeep\n|\n|t:|1773696509\n|switch|p1a: Vangwe|Tornadus, L50, M|100/100\n|turn|8\n|\n|t:|1773696514\n|move|p1a: Vangwe|Taunt|p2b: Amoonguss\n|-start|p2b: Amoonguss|move: Taunt\n|cant|p2b: Amoonguss|move: Taunt|Spore\n|move|p2a: Calyrex|Glacial Lance|p1b: Mithrandir|[spread] p1a,p1b\n|-supereffective|p1a: Vangwe\n|-damage|p1a: Vangwe|0 fnt\n|-enditem|p1b: Mithrandir|Focus Sash\n|-damage|p1b: Mithrandir|1/100\n|faint|p1a: Vangwe\n|-ability|p2a: Calyrex|Chilling Neigh|boost\n|-boost|p2a: Calyrex|atk|1\n|move|p1b: Mithrandir|Astral Barrage|p2a: Calyrex|[spread] p2a,p2b\n|-damage|p2a: Calyrex|68/100\n|-damage|p2b: Amoonguss|22/100\n|\n|upkeep\n|turn|9\n|\n|t:|1773696530\n|move|p1b: Mithrandir|Protect|p1b: Mithrandir\n|-singleturn|p1b: Mithrandir|Protect\n|move|p2b: Amoonguss|Pollen Puff|p2a: Calyrex\n|-heal|p2a: Calyrex|100/100\n|move|p2a: Calyrex|Glacial Lance|p1b: Mithrandir\n|-activate|p1b: Mithrandir|move: Protect\n|\n|upkeep\n|turn|10\n|\n|t:|1773696540\n|switch|p2b: Incineroar|Incineroar, L50, F|66/100\n|-ability|p2b: Incineroar|Intimidate|boost\n|-unboost|p1b: Mithrandir|atk|1\n|move|p1b: Mithrandir|Protect||[still]\n|-fail|p1b: Mithrandir\n|move|p2a: Calyrex|Glacial Lance|p1b: Mithrandir\n|-damage|p1b: Mithrandir|0 fnt\n|faint|p1b: Mithrandir\n|\n|win|lttl5y\n|raw|Mirthinion's rating: 1377 &rarr; <strong>1357</strong><br />(-20 for losing)\n|raw|lttl5y's rating: 1380 &rarr; <strong>1400</strong><br />(+20 for winning)\n|l|\u2606lttl5y\n|player|p2|\n|c|\u2606Mirthinion|gg, nicely played\n","uploadtime":1773696552,"views":88,"formatid":"gen9vgc2026regi","rating":1357,"private":0,"password":null}