{"id":"gen9vgc2026regi-2581150511","format":"[Gen 9] VGC 2026 Reg I","players":["joymaxxing","blackred123"],"log":"|j|\u2606joymaxxing\n|j|\u2606blackred123\n|t:|1775964751\n|gametype|doubles\n|player|p1|joymaxxing|elesa|1602\n|player|p2|blackred123|iono-masters|1628\n|gen|9\n|tier|[Gen 9] VGC 2026 Reg I\n|rated|\n|rule|Species Clause: Limit one of each Pok\u00e9mon\n|rule|Item Clause: Limit 1 of each item\n|clearpoke\n|poke|p1|Incineroar, L50, M|\n|poke|p1|Ogerpon-Wellspring, L50, F|\n|poke|p1|Farigiraf, L50, F|\n|poke|p1|Ursaluna, L50, F|\n|poke|p1|Calyrex-Shadow, L50|\n|poke|p1|Lunala, L50|\n|poke|p2|Calyrex-Shadow, L50|\n|poke|p2|Zamazenta-*, L50|\n|poke|p2|Tornadus, L50, M|\n|poke|p2|Rillaboom, L50, F|\n|poke|p2|Ogerpon-Hearthflame, L50, F|\n|poke|p2|Raging Bolt, L50|\n|teampreview|4\n|inactive|Battle timer is ON: inactive players will automatically lose when time's up. (requested by blackred123)\n|\n|t:|1775964764\n|teamsize|p1|4\n|teamsize|p2|4\n|start\n|switch|p1a: Jewelry Margherita|Incineroar, L50, M, shiny|100/100\n|switch|p1b: Thriller Bark|Calyrex-Shadow, L50|100/100\n|switch|p2a: Zamazenta|Zamazenta-Crowned, L50|100/100\n|switch|p2b: Tornadus|Tornadus, L50, M|100/100\n|-ability|p1b: Thriller Bark|As One\n|-ability|p1b: Thriller Bark|Unnerve\n|-ability|p2a: Zamazenta|Dauntless Shield|boost\n|-boost|p2a: Zamazenta|def|1\n|-ability|p1a: Jewelry Margherita|Intimidate|boost\n|-unboost|p2a: Zamazenta|atk|1\n|-unboost|p2b: Tornadus|atk|1\n|turn|1\n|\n|t:|1775964769\n|switch|p1a: Going Merry|Lunala, L50|100/100\n|move|p1b: Thriller Bark|Astral Barrage|p2a: Zamazenta|[spread] p2a,p2b\n|-damage|p2a: Zamazenta|46/100\n|-damage|p2b: Tornadus|22/100\n|-damage|p1b: Thriller Bark|91/100|[from] item: Life Orb\n|move|p2a: Zamazenta|Body Press|p1a: Going Merry\n|-immune|p1a: Going Merry\n|move|p2b: Tornadus|Bleakwind Storm|p1a: Going Merry|[spread] p1a,p1b\n|-damage|p1a: Going Merry|87/100\n|-damage|p1b: Thriller Bark|48/100\n|\n|upkeep\n|turn|2\n|\n|t:|1775964788\n|move|p2a: Zamazenta|Protect|p2a: Zamazenta\n|-singleturn|p2a: Zamazenta|Protect\n|move|p2b: Tornadus|Taunt|p1a: Going Merry\n|-start|p1a: Going Merry|move: Taunt\n|move|p1b: Thriller Bark|Astral Barrage|p2b: Tornadus|[spread] p2b\n|-activate|p2a: Zamazenta|move: Protect\n|-damage|p2b: Tornadus|0 fnt\n|faint|p2b: Tornadus\n|-ability|p1b: Thriller Bark|Grim Neigh|boost\n|-boost|p1b: Thriller Bark|spa|1\n|-damage|p1b: Thriller Bark|38/100|[from] item: Life Orb\n|cant|p1a: Going Merry|move: Taunt|Trick Room\n|\n|upkeep\n|\n|t:|1775964797\n|switch|p2b: Calyrex|Calyrex-Shadow, L50|100/100\n|-ability|p2b: Calyrex|As One\n|-ability|p2b: Calyrex|Unnerve\n|turn|3\n|\n|t:|1775964804\n|switch|p1a: Perfume Yuda|Farigiraf, L50, F, shiny|100/100\n|-terastallize|p2b: Calyrex|Ghost\n|-terastallize|p1b: Thriller Bark|Dark\n|move|p2a: Zamazenta|Wide Guard|p2a: Zamazenta\n|-singleturn|p2a: Zamazenta|Wide Guard\n|move|p1b: Thriller Bark|Psychic|p2a: Zamazenta\n|-damage|p2a: Zamazenta|0 fnt\n|faint|p2a: Zamazenta\n|-ability|p1b: Thriller Bark|Grim Neigh|boost\n|-boost|p1b: Thriller Bark|spa|1\n|-damage|p1b: Thriller Bark|28/100|[from] item: Life Orb\n|move|p2b: Calyrex|Astral Barrage|p1b: Thriller Bark|[spread] p1b\n|-immune|p1a: Perfume Yuda\n|-resisted|p1b: Thriller Bark\n|-damage|p1b: Thriller Bark|0 fnt\n|faint|p1b: Thriller Bark\n|-ability|p2b: Calyrex|Grim Neigh|boost\n|-boost|p2b: Calyrex|spa|1\n|\n|upkeep\n|\n|t:|1775964809\n|switch|p1b: Jewelry Margherita|Incineroar, L50, M, shiny|100/100\n|switch|p2a: Raging Bolt|Raging Bolt, L50|100/100\n|-ability|p1b: Jewelry Margherita|Intimidate|boost\n|-unboost|p2a: Raging Bolt|atk|1\n|-unboost|p2b: Calyrex|atk|1\n|-enditem|p2a: Raging Bolt|Booster Energy\n|-activate|p2a: Raging Bolt|ability: Protosynthesis|[fromitem]\n|-start|p2a: Raging Bolt|protosynthesisspa\n|turn|4\n|\n|t:|1775964822\n|move|p1b: Jewelry Margherita|Fake Out|p2a: Raging Bolt\n|-damage|p2a: Raging Bolt|90/100\n|move|p2b: Calyrex|Astral Barrage|p1b: Jewelry Margherita|[spread] p1b\n|-immune|p1a: Perfume Yuda\n|-resisted|p1b: Jewelry Margherita\n|-damage|p1b: Jewelry Margherita|63/100\n|cant|p2a: Raging Bolt|flinch\n|move|p1a: Perfume Yuda|Trick Room|p1a: Perfume Yuda\n|-fieldstart|move: Trick Room|[of] p1a: Perfume Yuda\n|\n|upkeep\n|turn|5\n|\n|t:|1775964837\n|move|p2b: Calyrex|Protect|p2b: Calyrex\n|-singleturn|p2b: Calyrex|Protect\n|move|p1b: Jewelry Margherita|Knock Off|p2b: Calyrex\n|-activate|p2b: Calyrex|move: Protect\n|move|p1a: Perfume Yuda|Psychic|p2b: Calyrex\n|-activate|p2b: Calyrex|move: Protect\n|move|p2a: Raging Bolt|Thunderbolt|p1b: Jewelry Margherita\n|-damage|p1b: Jewelry Margherita|24/100\n|\n|upkeep\n|turn|6\n|\n|t:|1775964854\n|move|p2b: Calyrex|Protect||[still]\n|-fail|p2b: Calyrex\n|move|p1b: Jewelry Margherita|Knock Off|p2b: Calyrex\n|-supereffective|p2b: Calyrex\n|-enditem|p2b: Calyrex|Focus Sash\n|-damage|p2b: Calyrex|1/100\n|move|p1a: Perfume Yuda|Psychic|p2b: Calyrex\n|-damage|p2b: Calyrex|0 fnt\n|faint|p2b: Calyrex\n|move|p2a: Raging Bolt|Thunderbolt|p1b: Jewelry Margherita\n|-damage|p1b: Jewelry Margherita|0 fnt\n|faint|p1b: Jewelry Margherita\n|\n|upkeep\n|j| zacattack110\n|\n|t:|1775964857\n|switch|p1b: Going Merry|Lunala, L50|87/100\n|turn|7\n|\n|t:|1775964861\n|move|p1a: Perfume Yuda|Hyper Voice|p2a: Raging Bolt\n|-damage|p2a: Raging Bolt|52/100\n|-enditem|p1a: Perfume Yuda|Throat Spray\n|-boost|p1a: Perfume Yuda|spa|1|[from] item: Throat Spray\n|move|p2a: Raging Bolt|Thunderbolt|p1b: Going Merry\n|-damage|p1b: Going Merry|43/100\n|move|p1b: Going Merry|Moonblast|p2a: Raging Bolt\n|-supereffective|p2a: Raging Bolt\n|-damage|p2a: Raging Bolt|0 fnt\n|faint|p2a: Raging Bolt\n|-end|p2a: Raging Bolt|Protosynthesis|[silent]\n|\n|win|joymaxxing\n|raw|joymaxxing's rating: 1602 &rarr; <strong>1623</strong><br />(+21 for winning)\n|raw|blackred123's rating: 1628 &rarr; <strong>1607</strong><br />(-21 for losing)\n","uploadtime":1775964867,"views":14,"formatid":"gen9vgc2026regi","rating":1607,"private":0,"password":null}