{"id":"gen9vgc2026regi-2521233144","format":"[Gen 9] VGC 2026 Reg I","players":["WhysoDumb","inb_178"],"log":"|j|\u2606WhysoDumb\n|j|\u2606inb_178\n|t:|1768750641\n|gametype|doubles\n|player|p1|WhysoDumb|170|1179\n|player|p2|inb_178|102|1212\n|gen|9\n|tier|[Gen 9] VGC 2026 Reg I\n|rated|\n|rule|Species Clause: Limit one of each Pok\u00e9mon\n|rule|Item Clause: Limit 1 of each item\n|clearpoke\n|poke|p1|Terapagos, L50, M|\n|poke|p1|Ursaluna, L50, F|\n|poke|p1|Lunala, L50|\n|poke|p1|Incineroar, L50, M|\n|poke|p1|Sinistcha, L50|\n|poke|p1|Gastrodon, L50, F|\n|poke|p2|Miraidon, L50|\n|poke|p2|Groudon, L50|\n|poke|p2|Wo-Chien, L50|\n|poke|p2|Walking Wake, L50|\n|poke|p2|Volcarona, L50, F|\n|poke|p2|Grimmsnarl, L50, M|\n|teampreview|4\n|\n|t:|1768750662\n|teamsize|p1|4\n|teamsize|p2|4\n|start\n|switch|p1a: Ursaluna|Ursaluna, L50, F|100/100\n|switch|p1b: Lunala|Lunala, L50|100/100\n|switch|p2a: Miraidon|Miraidon, L50|100/100\n|switch|p2b: Groudon|Groudon, L50|100/100\n|-fieldstart|move: Electric Terrain|[from] ability: Hadron Engine|[of] p2a: Miraidon\n|-weather|SunnyDay|[from] ability: Drought|[of] p2b: Groudon\n|turn|1\n|\n|t:|1768750676\n|move|p2a: Miraidon|Volt Switch|p1b: Lunala\n|-damage|p1b: Lunala|77/100\n|\n|t:|1768750681\n|switch|p2a: Wo-Chien|Wo-Chien, L50|100/100|[from] Volt Switch\n|-ability|p2a: Wo-Chien|Tablets of Ruin\n|move|p2b: Groudon|Precipice Blades|p1b: Lunala|[spread] p1a\n|-miss|p2b: Groudon|p1b: Lunala\n|-damage|p1a: Ursaluna|70/100\n|move|p1a: Ursaluna|Headlong Rush|p2a: Wo-Chien\n|-resisted|p2a: Wo-Chien\n|-damage|p2a: Wo-Chien|83/100\n|-unboost|p1a: Ursaluna|def|1\n|-unboost|p1a: Ursaluna|spd|1\n|move|p1b: Lunala|Trick Room|p1b: Lunala\n|-fieldstart|move: Trick Room|[of] p1b: Lunala\n|\n|-weather|SunnyDay|[upkeep]\n|-heal|p2a: Wo-Chien|90/100|[from] item: Leftovers\n|-status|p1a: Ursaluna|brn|[from] item: Flame Orb\n|upkeep\n|turn|2\n|\n|t:|1768750705\n|switch|p2b: Grimmsnarl|Grimmsnarl, L50, M|100/100\n|move|p1b: Lunala|Helping Hand|p1a: Ursaluna\n|-singleturn|p1a: Ursaluna|Helping Hand|[of] p1b: Lunala\n|move|p2a: Wo-Chien|Protect|p2a: Wo-Chien\n|-singleturn|p2a: Wo-Chien|Protect\n|move|p1a: Ursaluna|Facade|p2b: Grimmsnarl\n|-damage|p2b: Grimmsnarl|0 fnt\n|faint|p2b: Grimmsnarl\n|\n|-weather|SunnyDay|[upkeep]\n|-heal|p2a: Wo-Chien|96/100|[from] item: Leftovers\n|-damage|p1a: Ursaluna|64/100 brn|[from] brn\n|upkeep\n|\n|t:|1768750721\n|switch|p2b: Groudon|Groudon, L50|100/100\n|turn|3\n|\n|t:|1768750726\n|move|p1b: Lunala|Helping Hand|p1a: Ursaluna\n|-singleturn|p1a: Ursaluna|Helping Hand|[of] p1b: Lunala\n|move|p1a: Ursaluna|Facade|p2b: Groudon\n|-damage|p2b: Groudon|13/100\n|move|p2a: Wo-Chien|Snarl|p1a: Ursaluna|[spread] p1a,p1b\n|-supereffective|p1b: Lunala\n|-damage|p1a: Ursaluna|46/100 brn\n|-damage|p1b: Lunala|40/100\n|-unboost|p1a: Ursaluna|spa|1\n|-unboost|p1b: Lunala|spa|1\n|move|p2b: Groudon|Precipice Blades|p1a: Ursaluna|[spread] p1a\n|-miss|p2b: Groudon|p1b: Lunala\n|-damage|p1a: Ursaluna|0 fnt\n|faint|p1a: Ursaluna\n|\n|-weather|SunnyDay|[upkeep]\n|-heal|p2a: Wo-Chien|100/100|[from] item: Leftovers\n|upkeep\n|\n|t:|1768750744\n|switch|p1a: Terapagos|Terapagos, L50, M|100/100\n|-activate|p1a: Terapagos|ability: Tera Shift\n|detailschange|p1a: Terapagos|Terapagos-Terastal, L50, M\n|-heal|p1a: Terapagos|100/100|[silent]\n|turn|4\n|\n|t:|1768750755\n|move|p1a: Terapagos|Calm Mind|p1a: Terapagos\n|-boost|p1a: Terapagos|spa|1\n|-boost|p1a: Terapagos|spd|1\n|move|p2a: Wo-Chien|Pollen Puff|p2b: Groudon\n|-heal|p2b: Groudon|62/100\n|move|p1b: Lunala|Moongeist Beam|p2b: Groudon\n|-damage|p2b: Groudon|32/100\n|move|p2b: Groudon|Precipice Blades|p1b: Lunala|[spread] p1a\n|-miss|p2b: Groudon|p1b: Lunala\n|-activate|p1a: Terapagos|ability: Tera Shell\n|-resisted|p1a: Terapagos\n|-damage|p1a: Terapagos|84/100\n|\n|-weather|SunnyDay|[upkeep]\n|upkeep\n|turn|5\n|\n|t:|1768750774\n|-terastallize|p1a: Terapagos|Stellar\n|detailschange|p1a: Terapagos|Terapagos-Stellar, L50, M, tera:Stellar\n|-heal|p1a: Terapagos|88/100|[silent]\n|-ability|p1a: Terapagos|Teraform Zero\n|-weather|none\n|-fieldend|move: Electric Terrain\n|move|p1b: Lunala|Helping Hand|p1a: Terapagos\n|-singleturn|p1a: Terapagos|Helping Hand|[of] p1b: Lunala\n|move|p2b: Groudon|Protect|p2b: Groudon\n|-singleturn|p2b: Groudon|Protect\n|move|p1a: Terapagos|Tera Starstorm|p2b: Groudon|[spread] p2a\n|-activate|p2b: Groudon|move: Protect\n|-damage|p2a: Wo-Chien|29/100\n|move|p2a: Wo-Chien|Snarl|p1b: Lunala|[spread] p1a,p1b\n|-supereffective|p1b: Lunala\n|-damage|p1a: Terapagos|82/100\n|-damage|p1b: Lunala|2/100\n|-unboost|p1a: Terapagos|spa|1\n|-unboost|p1b: Lunala|spa|1\n|\n|-heal|p2a: Wo-Chien|35/100|[from] item: Leftovers\n|-fieldend|move: Trick Room\n|upkeep\n|turn|6\n|\n|t:|1768750801\n|move|p2b: Groudon|Precipice Blades|p1a: Terapagos|[spread] p1a,p1b\n|-damage|p1a: Terapagos|55/100\n|-damage|p1b: Lunala|0 fnt\n|faint|p1b: Lunala\n|move|p2a: Wo-Chien|Snarl|p1a: Terapagos\n|-damage|p1a: Terapagos|48/100\n|-unboost|p1a: Terapagos|spa|1\n|move|p1a: Terapagos|Tera Starstorm|p2a: Wo-Chien|[spread] p2a,p2b\n|-damage|p2a: Wo-Chien|15/100\n|-damage|p2b: Groudon|6/100\n|\n|-heal|p2a: Wo-Chien|21/100|[from] item: Leftovers\n|upkeep\n|\n|t:|1768750812\n|switch|p1b: Sinistcha|Sinistcha, L50|100/100\n|-heal|p1a: Terapagos|73/100|[from] ability: Hospitality|[of] p1b: Sinistcha\n|turn|7\n|\n|t:|1768750855\n|move|p2b: Groudon|Precipice Blades|p1a: Terapagos|[spread] p1a,p1b\n|-resisted|p1b: Sinistcha\n|-damage|p1a: Terapagos|46/100\n|-damage|p1b: Sinistcha|83/100\n|move|p2a: Wo-Chien|Pollen Puff|p2b: Groudon\n|-heal|p2b: Groudon|56/100\n|move|p1a: Terapagos|Tera Starstorm|p2a: Wo-Chien|[spread] p2a,p2b\n|-damage|p2a: Wo-Chien|2/100\n|-damage|p2b: Groudon|29/100\n|move|p1b: Sinistcha|Trick Room|p1b: Sinistcha\n|-fieldstart|move: Trick Room|[of] p1b: Sinistcha\n|\n|-heal|p2a: Wo-Chien|8/100|[from] item: Leftovers\n|upkeep\n|turn|8\n|\n|t:|1768750890\n|switch|p2b: Miraidon|Miraidon, L50|100/100\n|-fieldstart|move: Electric Terrain|[from] ability: Hadron Engine|[of] p2b: Miraidon\n|move|p2a: Wo-Chien|Protect|p2a: Wo-Chien\n|-singleturn|p2a: Wo-Chien|Protect\n|move|p1a: Terapagos|Tera Starstorm|p2a: Wo-Chien|[spread] p2b\n|-activate|p2a: Wo-Chien|move: Protect\n|-damage|p2b: Miraidon|86/100\n|move|p1b: Sinistcha|Life Dew|p1b: Sinistcha|[spread] p1a,p1b\n|-heal|p1a: Terapagos|71/100\n|-heal|p1b: Sinistcha|100/100\n|\n|-heal|p2a: Wo-Chien|15/100|[from] item: Leftovers\n|upkeep\n|turn|9\n|\n|t:|1768750917\n|move|p2a: Wo-Chien|Protect||[still]\n|-fail|p2a: Wo-Chien\n|move|p1a: Terapagos|Calm Mind|p1a: Terapagos\n|-boost|p1a: Terapagos|spa|1\n|-boost|p1a: Terapagos|spd|1\n|move|p1b: Sinistcha|Life Dew||[still]|[spread] p1a,p1b\n|-heal|p1a: Terapagos|96/100\n|-fail|p1b: Sinistcha|heal\n|move|p2b: Miraidon|Parabolic Charge|p1b: Sinistcha|[spread] p2a,p1a,p1b\n|-resisted|p2a: Wo-Chien\n|-resisted|p1b: Sinistcha\n|-damage|p2a: Wo-Chien|0 fnt\n|-heal|p2b: Miraidon|93/100|[from] drain|[of] p2a: Wo-Chien\n|-damage|p1a: Terapagos|80/100\n|-heal|p2b: Miraidon|100/100|[from] drain|[of] p1a: Terapagos\n|-damage|p1b: Sinistcha|77/100\n|faint|p2a: Wo-Chien\n|\n|upkeep\n|-message|inb_178 forfeited.\n|\n|win|WhysoDumb\n|raw|WhysoDumb's rating: 1179 &rarr; <strong>1206</strong><br />(+27 for winning)\n|raw|inb_178's rating: 1212 &rarr; <strong>1185</strong><br />(-27 for losing)\n|l|\u2606inb_178\n|player|p2|\n|l|\u2606WhysoDumb\n|player|p1|\n","uploadtime":1768751096,"views":11,"formatid":"gen9vgc2026regi","rating":1185,"private":0,"password":null}