{"id":"gen9vgc2026regi-2578083867","format":"[Gen 9] VGC 2026 Reg I","players":["he0","sukaww"],"log":"|j|\u2606he0\n|j|\u2606sukaww\n|t:|1775645953\n|gametype|doubles\n|player|p1|he0|169|1521\n|player|p2|sukaww|266|1560\n|gen|9\n|tier|[Gen 9] VGC 2026 Reg I\n|rated|\n|rule|Species Clause: Limit one of each Pok\u00e9mon\n|rule|Item Clause: Limit 1 of each item\n|clearpoke\n|poke|p1|Miraidon, L50|\n|poke|p1|Calyrex-Ice, L50|\n|poke|p1|Incineroar, L50, F|\n|poke|p1|Urshifu-*, L50, F|\n|poke|p1|Chien-Pao, L50|\n|poke|p1|Grimmsnarl, L50, M|\n|poke|p2|Calyrex-Ice, L50|\n|poke|p2|Miraidon, L50|\n|poke|p2|Iron Hands, L50|\n|poke|p2|Farigiraf, L50, M|\n|poke|p2|Ursaluna-Bloodmoon, L50, M|\n|poke|p2|Torkoal, L50, F|\n|teampreview|4\n|inactive|Battle timer is ON: inactive players will automatically lose when time's up. (requested by sukaww)\n|\n|t:|1775645987\n|teamsize|p1|4\n|teamsize|p2|4\n|start\n|switch|p1a: Chien-Pao|Chien-Pao, L50|100/100\n|switch|p1b: Miraidon|Miraidon, L50|100/100\n|switch|p2a: Calyrex|Calyrex-Ice, L50|100/100\n|switch|p2b: Miraidon|Miraidon, L50|100/100\n|-ability|p2a: Calyrex|As One\n|-ability|p2a: Calyrex|Unnerve\n|-fieldstart|move: Electric Terrain|[from] ability: Hadron Engine|[of] p2b: Miraidon\n|-activate|p1b: Miraidon|ability: Hadron Engine\n|-ability|p1a: Chien-Pao|Sword of Ruin\n|turn|1\n|inactive|he0 has 30 seconds left.\n|\n|t:|1775646022\n|-terastallize|p1b: Miraidon|Fairy\n|move|p2a: Calyrex|Protect|p2a: Calyrex\n|-singleturn|p2a: Calyrex|Protect\n|move|p2b: Miraidon|Volt Switch|p1a: Chien-Pao\n|-damage|p1a: Chien-Pao|41/100\n|\n|t:|1775646030\n|switch|p2b: Iron Hands|Iron Hands, L50|100/100|[from] Volt Switch\n|-activate|p2b: Iron Hands|ability: Quark Drive\n|-start|p2b: Iron Hands|quarkdriveatk\n|move|p1b: Miraidon|Dazzling Gleam|p2a: Calyrex|[spread] p2b\n|-activate|p2a: Calyrex|move: Protect\n|-supereffective|p2b: Iron Hands\n|-damage|p2b: Iron Hands|16/100\n|move|p1a: Chien-Pao|Throat Chop|p2a: Calyrex\n|-activate|p2a: Calyrex|move: Protect\n|\n|upkeep\n|turn|2\n|\n|t:|1775646051\n|move|p2b: Iron Hands|Fake Out|p1b: Miraidon\n|-damage|p1b: Miraidon|73/100\n|cant|p1b: Miraidon|flinch\n|move|p1a: Chien-Pao|Throat Chop|p2a: Calyrex\n|-supereffective|p2a: Calyrex\n|-damage|p2a: Calyrex|25/100\n|-start|p2a: Calyrex|Throat Chop|[silent]\n|move|p2a: Calyrex|Trick Room|p2a: Calyrex\n|-fieldstart|move: Trick Room|[of] p2a: Calyrex\n|\n|upkeep\n|turn|3\n|inactive|sukaww has 30 seconds left.\n|\n|t:|1775646077\n|switch|p1b: Incineroar|Incineroar, L50, F|100/100\n|-ability|p1b: Incineroar|Intimidate|boost\n|-fail|p2a: Calyrex|unboost|[from] item: Clear Amulet|[of] p2a: Calyrex\n|-unboost|p2b: Iron Hands|atk|1\n|move|p1a: Chien-Pao|Sucker Punch|p2a: Calyrex\n|-supereffective|p2a: Calyrex\n|-damage|p2a: Calyrex|0 fnt\n|faint|p2a: Calyrex\n|move|p2b: Iron Hands|Drain Punch|p1b: Incineroar\n|-supereffective|p1b: Incineroar\n|-damage|p1b: Incineroar|22/100\n|-heal|p2b: Iron Hands|47/100|[from] drain|[of] p1b: Incineroar\n|\n|upkeep\n|\n|t:|1775646091\n|switch|p2a: Torkoal|Torkoal, L50, F|100/100\n|-weather|SunnyDay|[from] ability: Drought|[of] p2a: Torkoal\n|turn|4\n|\n|t:|1775646108\n|move|p1b: Incineroar|Fake Out|p2a: Torkoal\n|-damage|p2a: Torkoal|90/100\n|move|p1a: Chien-Pao|Sucker Punch|p2a: Torkoal\n|-damage|p2a: Torkoal|51/100\n|cant|p2a: Torkoal|flinch\n|move|p2b: Iron Hands|Drain Punch|p1a: Chien-Pao\n|-supereffective|p1a: Chien-Pao\n|-damage|p1a: Chien-Pao|0 fnt\n|-heal|p2b: Iron Hands|60/100|[from] drain|[of] p1a: Chien-Pao\n|faint|p1a: Chien-Pao\n|\n|-weather|SunnyDay|[upkeep]\n|upkeep\n|\n|t:|1775646126\n|switch|p1a: Calyrex|Calyrex-Ice, L50|100/100\n|-ability|p1a: Calyrex|As One\n|-ability|p1a: Calyrex|Unnerve\n|turn|5\n|\n|t:|1775646146\n|-terastallize|p2a: Torkoal|Fire\n|move|p2a: Torkoal|Eruption|p1a: Calyrex|[spread] p1a,p1b\n|-supereffective|p1a: Calyrex\n|-crit|p1a: Calyrex\n|-resisted|p1b: Incineroar\n|-damage|p1a: Calyrex|0 fnt\n|-damage|p1b: Incineroar|0 fnt\n|faint|p1a: Calyrex\n|faint|p1b: Incineroar\n|move|p2b: Iron Hands|Wild Charge|p1: Calyrex|[notarget]\n|-fail|p2b: Iron Hands\n|\n|-weather|SunnyDay|[upkeep]\n|-fieldend|move: Electric Terrain\n|-end|p2b: Iron Hands|Quark Drive\n|upkeep\n|\n|t:|1775646152\n|switch|p1b: Miraidon|Miraidon, L50, tera:Fairy|73/100\n|-fieldstart|move: Electric Terrain|[from] ability: Hadron Engine|[of] p1b: Miraidon\n|-activate|p2b: Iron Hands|ability: Quark Drive\n|-start|p2b: Iron Hands|quarkdriveatk\n|turn|6\n|\n|t:|1775646156\n|move|p2a: Torkoal|Eruption|p1b: Miraidon\n|-damage|p1b: Miraidon|0 fnt\n|faint|p1b: Miraidon\n|\n|win|sukaww\n|raw|he0's rating: 1521 &rarr; <strong>1503</strong><br />(-18 for losing)\n|raw|sukaww's rating: 1560 &rarr; <strong>1578</strong><br />(+18 for winning)\n|l|\u2606sukaww\n|player|p2|\n","uploadtime":1775646309,"views":12,"formatid":"gen9vgc2026regi","rating":1503,"private":0,"password":null}