{"id":"gen9vgc2026regi-2521121745","format":"[Gen 9] VGC 2026 Reg I","players":["Dvsh_1604","1zha"],"log":"|j|\u2606Dvsh_1604\n|j|\u26061zha\n|t:|1768733008\n|gametype|doubles\n|player|p1|Dvsh_1604|wattson|1218\n|player|p2|1zha|battlegirl-gen4|1360\n|gen|9\n|tier|[Gen 9] VGC 2026 Reg I\n|rated|\n|rule|Species Clause: Limit one of each Pok\u00e9mon\n|rule|Item Clause: Limit 1 of each item\n|clearpoke\n|poke|p1|Lunala, L50|\n|poke|p1|Calyrex-Ice, L50|\n|poke|p1|Ursaluna-Bloodmoon, L50, M|\n|poke|p1|Smeargle, L50, M|\n|poke|p1|Urshifu-*, L50, F|\n|poke|p1|Flutter Mane, L50|\n|poke|p2|Miraidon, L50|\n|poke|p2|Incineroar, L50, F|\n|poke|p2|Thundurus, L50, M|\n|poke|p2|Ogerpon-Cornerstone, L50, F|\n|poke|p2|Oranguru, L50, F|\n|poke|p2|Calyrex-Shadow, L50|\n|teampreview|4\n|\n|t:|1768733030\n|teamsize|p1|4\n|teamsize|p2|4\n|start\n|switch|p1a: Smeargle|Smeargle, L50, M, shiny|100/100\n|switch|p1b: Lunala|Lunala, L50|100/100\n|switch|p2a: Oranguru|Oranguru, L50, F|100/100\n|switch|p2b: Miraidon|Miraidon, L50|100/100\n|-fieldstart|move: Electric Terrain|[from] ability: Hadron Engine|[of] p2b: Miraidon\n|-enditem|p2b: Miraidon|Electric Seed\n|-boost|p2b: Miraidon|def|1|[from] item: Electric Seed\n|-activate|p2a: Oranguru|ability: Symbiosis|Covert Cloak|[of] p2b: Miraidon\n|turn|1\n|j| Rxu\n|\n|t:|1768733063\n|move|p1a: Smeargle|Follow Me|p1a: Smeargle\n|-singleturn|p1a: Smeargle|move: Follow Me\n|move|p2b: Miraidon|Calm Mind|p2b: Miraidon\n|-boost|p2b: Miraidon|spa|1\n|-boost|p2b: Miraidon|spd|1\n|move|p2a: Oranguru|Taunt|p1a: Smeargle\n|-start|p1a: Smeargle|move: Taunt\n|move|p1b: Lunala|Trick Room|p1b: Lunala\n|-fieldstart|move: Trick Room|[of] p1b: Lunala\n|\n|upkeep\n|turn|2\n|\n|t:|1768733106\n|switch|p1a: Ursaluna|Ursaluna-Bloodmoon, L50, M|100/100\n|move|p1b: Lunala|Moonblast|p2b: Miraidon\n|-supereffective|p2b: Miraidon\n|-damage|p2b: Miraidon|63/100\n|move|p2a: Oranguru|Scary Face|p2b: Miraidon\n|-unboost|p2b: Miraidon|spe|2\n|move|p2b: Miraidon|Calm Mind|p2b: Miraidon\n|-boost|p2b: Miraidon|spa|1\n|-boost|p2b: Miraidon|spd|1\n|\n|upkeep\n|turn|3\n|\n|t:|1768733142\n|switch|p2a: Incineroar|Incineroar, L50, F|100/100\n|-ability|p2a: Incineroar|Intimidate|boost\n|-unboost|p1a: Ursaluna|atk|1\n|-unboost|p1b: Lunala|atk|1\n|move|p2b: Miraidon|Protect|p2b: Miraidon\n|-singleturn|p2b: Miraidon|Protect\n|move|p1a: Ursaluna|Earth Power|p2b: Miraidon\n|-activate|p2b: Miraidon|move: Protect\n|move|p1b: Lunala|Moonblast|p2b: Miraidon\n|-activate|p2b: Miraidon|move: Protect\n|\n|upkeep\n|turn|4\n|\n|t:|1768733160\n|switch|p1b: Smeargle|Smeargle, L50, M, shiny|100/100\n|-terastallize|p2b: Miraidon|Fairy\n|move|p1a: Ursaluna|Protect|p1a: Ursaluna\n|-singleturn|p1a: Ursaluna|Protect\n|move|p2a: Incineroar|Fake Out|p1a: Ursaluna\n|-activate|p1a: Ursaluna|move: Protect\n|move|p2b: Miraidon|Parabolic Charge|p1a: Ursaluna|[spread] p2a,p1b\n|-activate|p1a: Ursaluna|move: Protect\n|-damage|p2a: Incineroar|24/100\n|-heal|p2b: Miraidon|99/100|[from] drain|[of] p2a: Incineroar\n|-enditem|p1b: Smeargle|Focus Sash\n|-damage|p1b: Smeargle|1/100\n|-heal|p2b: Miraidon|100/100|[from] drain|[of] p1b: Smeargle\n|-enditem|p2a: Incineroar|Sitrus Berry|[eat]\n|-heal|p2a: Incineroar|49/100|[from] item: Sitrus Berry\n|\n|upkeep\n|turn|5\n|\n|t:|1768733201\n|move|p2b: Miraidon|Protect|p2b: Miraidon\n|-singleturn|p2b: Miraidon|Protect\n|move|p1b: Smeargle|Burning Bulwark|p1b: Smeargle\n|-singleturn|p1b: Smeargle|move: Protect\n|move|p2a: Incineroar|Knock Off|p1b: Smeargle\n|-activate|p1b: Smeargle|move: Protect\n|move|p1a: Ursaluna|Hyper Voice|p2b: Miraidon|[spread] p2a\n|-activate|p2b: Miraidon|move: Protect\n|-damage|p2a: Incineroar|4/100\n|-damage|p1a: Ursaluna|91/100|[from] item: Life Orb\n|\n|-fieldend|move: Trick Room\n|-fieldend|move: Electric Terrain\n|upkeep\n|turn|6\n|\n|t:|1768733222\n|move|p1b: Smeargle|Follow Me|p1b: Smeargle\n|-singleturn|p1b: Smeargle|move: Follow Me\n|move|p1a: Ursaluna|Hyper Voice|p2b: Miraidon|[spread] p2a,p2b\n|-damage|p2a: Incineroar|0 fnt\n|-damage|p2b: Miraidon|82/100\n|faint|p2a: Incineroar\n|-damage|p1a: Ursaluna|81/100|[from] item: Life Orb\n|move|p2b: Miraidon|Dragon Pulse|p1b: Smeargle\n|-damage|p1b: Smeargle|0 fnt\n|faint|p1b: Smeargle\n|\n|upkeep\n|\n|t:|1768733235\n|switch|p1b: Lunala|Lunala, L50|100/100\n|switch|p2a: Oranguru|Oranguru, L50, F|100/100\n|turn|7\n|\n|t:|1768733266\n|-terastallize|p1b: Lunala|Fairy\n|move|p1a: Ursaluna|Protect|p1a: Ursaluna\n|-singleturn|p1a: Ursaluna|Protect\n|move|p2a: Oranguru|Taunt|p1b: Lunala\n|-start|p1b: Lunala|move: Taunt\n|-enditem|p1b: Lunala|Mental Herb\n|-end|p1b: Lunala|move: Taunt\n|move|p2b: Miraidon|Dragon Pulse|p1a: Ursaluna\n|-activate|p1a: Ursaluna|move: Protect\n|move|p1b: Lunala|Trick Room|p1b: Lunala\n|-fieldstart|move: Trick Room|[of] p1b: Lunala\n|\n|upkeep\n|turn|8\n|\n|t:|1768733292\n|move|p2b: Miraidon|Parabolic Charge|p1b: Lunala|[spread] p2a,p1b\n|-immune|p1a: Ursaluna\n|-damage|p2a: Oranguru|63/100\n|-heal|p2b: Miraidon|99/100|[from] drain|[of] p2a: Oranguru\n|-damage|p1b: Lunala|85/100\n|-heal|p2b: Miraidon|100/100|[from] drain|[of] p1b: Lunala\n|move|p1a: Ursaluna|Blood Moon|p2b: Miraidon\n|-damage|p2b: Miraidon|60/100\n|-damage|p1a: Ursaluna|72/100|[from] item: Life Orb\n|move|p1b: Lunala|Moonblast|p2b: Miraidon\n|-damage|p2b: Miraidon|40/100\n|move|p2a: Oranguru|Scary Face|p2b: Miraidon\n|-unboost|p2b: Miraidon|spe|2\n|\n|upkeep\n|turn|9\n|\n|t:|1768733325\n|move|p1a: Ursaluna|Protect|p1a: Ursaluna\n|-singleturn|p1a: Ursaluna|Protect\n|move|p2b: Miraidon|Parabolic Charge|p1b: Lunala|[spread] p2a,p1b\n|-activate|p1a: Ursaluna|move: Protect\n|-damage|p2a: Oranguru|23/100\n|-heal|p2b: Miraidon|58/100|[from] drain|[of] p2a: Oranguru\n|-damage|p1b: Lunala|53/100\n|-heal|p2b: Miraidon|76/100|[from] drain|[of] p1b: Lunala\n|move|p2a: Oranguru|Instruct|p2b: Miraidon\n|-singleturn|p2b: Miraidon|move: Instruct|[of] p2a: Oranguru\n|move|p2b: Miraidon|Parabolic Charge|p1a: Ursaluna|[spread] p2a,p1b\n|-activate|p1a: Ursaluna|move: Protect\n|-damage|p2a: Oranguru|0 fnt\n|-heal|p2b: Miraidon|87/100|[from] drain|[of] p2a: Oranguru\n|-damage|p1b: Lunala|20/100\n|-heal|p2b: Miraidon|100/100|[from] drain|[of] p1b: Lunala\n|faint|p2a: Oranguru\n|move|p1b: Lunala|Trick Room|p1b: Lunala\n|-fieldend|move: Trick Room\n|\n|upkeep\n|\n|t:|1768733346\n|switch|p2a: Calyrex|Calyrex-Shadow, L50|100/100\n|-ability|p2a: Calyrex|As One\n|-ability|p2a: Calyrex|Unnerve\n|turn|10\n|\n|t:|1768733365\n|move|p1b: Lunala|Wide Guard|p1b: Lunala\n|-singleturn|p1b: Lunala|Wide Guard\n|move|p2a: Calyrex|Psychic|p1b: Lunala\n|-damage|p1b: Lunala|0 fnt\n|faint|p1b: Lunala\n|-ability|p2a: Calyrex|Grim Neigh|boost\n|-boost|p2a: Calyrex|spa|1\n|move|p1a: Ursaluna|Blood Moon|p2a: Calyrex\n|-enditem|p2a: Calyrex|Focus Sash\n|-damage|p2a: Calyrex|1/100\n|-damage|p1a: Ursaluna|62/100|[from] item: Life Orb\n|move|p2b: Miraidon|Dragon Pulse|p1a: Ursaluna\n|-damage|p1a: Ursaluna|0 fnt\n|faint|p1a: Ursaluna\n|\n|upkeep\n|\n|t:|1768733385\n|switch|p1b: Calyrex|Calyrex-Ice, L50|100/100\n|-ability|p1b: Calyrex|As One\n|-ability|p1b: Calyrex|Unnerve\n|turn|11\n|\n|t:|1768733394\n|move|p2a: Calyrex|Astral Barrage|p1b: Calyrex\n|-supereffective|p1b: Calyrex\n|-damage|p1b: Calyrex|0 fnt\n|faint|p1b: Calyrex\n|\n|win|1zha\n|raw|Dvsh_1604's rating: 1218 &rarr; <strong>1203</strong><br />(-15 for losing)\n|raw|1zha's rating: 1360 &rarr; <strong>1372</strong><br />(+12 for winning)\n|l|\u2606Dvsh_1604\n|player|p1|\n|l|\u26061zha\n|player|p2|\n|l| Rxu\n","uploadtime":1768733792,"views":12,"formatid":"gen9vgc2026regi","rating":1203,"private":0,"password":null}