{"id":"gen9vgc2026regi-2580110514","format":"[Gen 9] VGC 2026 Reg I","players":["Nasihasi","jpto5"],"log":"|j|\u2606Nasihasi\n|j|\u2606jpto5\n|t:|1775855129\n|gametype|doubles\n|player|p1|Nasihasi|hiker-gen4|1555\n|player|p2|jpto5|170|1450\n|gen|9\n|tier|[Gen 9] VGC 2026 Reg I\n|rated|\n|rule|Species Clause: Limit one of each Pok\u00e9mon\n|rule|Item Clause: Limit 1 of each item\n|clearpoke\n|poke|p1|Calyrex-Shadow, L50|\n|poke|p1|Zamazenta-*, L50|\n|poke|p1|Rillaboom, L50, F|\n|poke|p1|Raging Bolt, L50|\n|poke|p1|Ogerpon-Hearthflame, L50, F|\n|poke|p1|Incineroar, L50, M|\n|poke|p2|Tornadus, L50, M|\n|poke|p2|Kyogre, L50|\n|poke|p2|Zacian-*, L50|\n|poke|p2|Basculegion, L50, M|\n|poke|p2|Incineroar, L50, F|\n|poke|p2|Archaludon, L50, F|\n|teampreview|4\n|inactive|Battle timer is ON: inactive players will automatically lose when time's up. (requested by jpto5)\n|\n|t:|1775855153\n|teamsize|p1|4\n|teamsize|p2|4\n|start\n|switch|p1a: Zamazenta|Zamazenta-Crowned, L50|100/100\n|switch|p1b: Raging Bolt|Raging Bolt, L50|100/100\n|switch|p2a: Incineroar|Incineroar, L50, F|100/100\n|switch|p2b: Tornadus|Tornadus, L50, M|100/100\n|-ability|p1a: Zamazenta|Dauntless Shield|boost\n|-boost|p1a: Zamazenta|def|1\n|-ability|p2a: Incineroar|Intimidate|boost\n|-unboost|p1a: Zamazenta|atk|1\n|-unboost|p1b: Raging Bolt|atk|1\n|-enditem|p1b: Raging Bolt|Booster Energy\n|-activate|p1b: Raging Bolt|ability: Protosynthesis|[fromitem]\n|-start|p1b: Raging Bolt|protosynthesisspa\n|turn|1\n|inactive|jpto5 has 30 seconds left.\n|\n|t:|1775855187\n|switch|p2b: Zacian|Zacian-Crowned, L50|100/100\n|-ability|p2b: Zacian|Intrepid Sword|boost\n|-boost|p2b: Zacian|atk|1\n|move|p2a: Incineroar|Fake Out|p1a: Zamazenta\n|-resisted|p1a: Zamazenta\n|-damage|p1a: Zamazenta|98/100\n|cant|p1a: Zamazenta|flinch\n|move|p1b: Raging Bolt|Electroweb|p2b: Zacian|[spread] p2a,p2b\n|-damage|p2a: Incineroar|83/100\n|-damage|p2b: Zacian|77/100\n|-unboost|p2a: Incineroar|spe|1\n|-unboost|p2b: Zacian|spe|1\n|-enditem|p2a: Incineroar|Eject Pack\n|\n|t:|1775855202\n|switch|p2a: Kyogre|Kyogre, L50|100/100\n|-weather|RainDance|[from] ability: Drizzle|[of] p2a: Kyogre\n|\n|-weather|RainDance|[upkeep]\n|upkeep\n|turn|2\n|\n|t:|1775855222\n|-terastallize|p1a: Zamazenta|Water\n|-terastallize|p2a: Kyogre|Ground\n|move|p1b: Raging Bolt|Thunderclap|p2b: Zacian\n|-damage|p2b: Zacian|39/100\n|move|p1a: Zamazenta|Body Press|p2b: Zacian\n|-damage|p2b: Zacian|0 fnt\n|faint|p2b: Zacian\n|move|p2a: Kyogre|Water Spout|p1a: Zamazenta|[spread] p1a,p1b\n|-resisted|p1a: Zamazenta\n|-resisted|p1b: Raging Bolt\n|-damage|p1a: Zamazenta|64/100\n|-damage|p1b: Raging Bolt|67/100\n|\n|-weather|RainDance|[upkeep]\n|upkeep\n|\n|t:|1775855235\n|switch|p2b: Tornadus|Tornadus, L50, M|100/100\n|turn|3\n|\n|t:|1775855253\n|move|p2b: Tornadus|Tailwind|p2b: Tornadus\n|-sidestart|p2: jpto5|move: Tailwind\n|move|p2a: Kyogre|Thunder|p1a: Zamazenta\n|-supereffective|p1a: Zamazenta\n|-damage|p1a: Zamazenta|5/100\n|-status|p1a: Zamazenta|par\n|move|p1b: Raging Bolt|Electroweb|p2b: Tornadus|[spread] p2b\n|-immune|p2a: Kyogre\n|-supereffective|p2b: Tornadus\n|-damage|p2b: Tornadus|37/100\n|-unboost|p2b: Tornadus|spe|1\n|move|p1a: Zamazenta|Body Press|p2a: Kyogre\n|-damage|p2a: Kyogre|24/100\n|\n|-weather|RainDance|[upkeep]\n|upkeep\n|turn|4\n|\n|t:|1775855274\n|move|p1a: Zamazenta|Protect|p1a: Zamazenta\n|-singleturn|p1a: Zamazenta|Protect\n|move|p2a: Kyogre|Tera Blast|p1b: Raging Bolt|[anim] Tera Blast Ground\n|-supereffective|p1b: Raging Bolt\n|-damage|p1b: Raging Bolt|7/100\n|move|p2b: Tornadus|Bleakwind Storm|p1b: Raging Bolt|[spread] p1b\n|-activate|p1a: Zamazenta|move: Protect\n|-resisted|p1b: Raging Bolt\n|-damage|p1b: Raging Bolt|0 fnt\n|faint|p1b: Raging Bolt\n|-end|p1b: Raging Bolt|Protosynthesis|[silent]\n|\n|-weather|RainDance|[upkeep]\n|upkeep\n|\n|t:|1775855283\n|switch|p1b: Incineroar|Incineroar, L50, M|100/100\n|-ability|p1b: Incineroar|Intimidate|boost\n|-unboost|p2a: Kyogre|atk|1\n|-unboost|p2b: Tornadus|atk|1\n|turn|5\n|\n|t:|1775855304\n|move|p1a: Zamazenta|Wide Guard|p1a: Zamazenta\n|-singleturn|p1a: Zamazenta|Wide Guard\n|move|p2a: Kyogre|Tera Blast|p1b: Incineroar|[anim] Tera Blast Ground\n|-supereffective|p1b: Incineroar\n|-damage|p1b: Incineroar|19/100\n|move|p2b: Tornadus|Bleakwind Storm|p1b: Incineroar|[spread] \n|-activate|p1a: Zamazenta|move: Wide Guard\n|-activate|p1b: Incineroar|move: Wide Guard\n|move|p1b: Incineroar|Knock Off|p2a: Kyogre\n|-damage|p2a: Kyogre|0 fnt\n|-enditem|p2a: Kyogre|Assault Vest|[from] move: Knock Off|[of] p1b: Incineroar\n|faint|p2a: Kyogre\n|\n|-weather|none\n|upkeep\n|\n|t:|1775855311\n|switch|p2a: Incineroar|Incineroar, L50, F|83/100\n|-ability|p2a: Incineroar|Intimidate|boost\n|-unboost|p1a: Zamazenta|atk|1\n|-unboost|p1b: Incineroar|atk|1\n|turn|6\n|inactive|Nasihasi has 30 seconds left.\n|inactive|jpto5 has 30 seconds left.\n|inactive|Nasihasi has 20 seconds left.\n|inactive|jpto5 has 20 seconds left.\n|inactive|Nasihasi has 15 seconds left.\n|inactive|Nasihasi has 10 seconds left.\n|\n|t:|1775855358\n|switch|p1b: Calyrex|Calyrex-Shadow, L50|100/100\n|-ability|p1b: Calyrex|As One\n|-ability|p1b: Calyrex|Unnerve\n|move|p1a: Zamazenta|Wide Guard|p1a: Zamazenta\n|-singleturn|p1a: Zamazenta|Wide Guard\n|move|p2b: Tornadus|Bleakwind Storm|p1a: Zamazenta|[spread] \n|-activate|p1a: Zamazenta|move: Wide Guard\n|-activate|p1b: Calyrex|move: Wide Guard\n|move|p2a: Incineroar|Knock Off|p1a: Zamazenta\n|-damage|p1a: Zamazenta|0 fnt\n|faint|p1a: Zamazenta\n|\n|-sideend|p2: jpto5|move: Tailwind\n|upkeep\n|\n|t:|1775855371\n|switch|p1a: Incineroar|Incineroar, L50, M|19/100\n|-ability|p1a: Incineroar|Intimidate|boost\n|-unboost|p2a: Incineroar|atk|1\n|-unboost|p2b: Tornadus|atk|1\n|turn|7\n|\n|t:|1775855390\n|move|p1a: Incineroar|Fake Out|p2a: Incineroar\n|-damage|p2a: Incineroar|73/100\n|move|p1b: Calyrex|Astral Barrage|p2b: Tornadus|[spread] p2a,p2b\n|-resisted|p2a: Incineroar\n|-damage|p2a: Incineroar|45/100\n|-damage|p2b: Tornadus|0 fnt\n|faint|p2b: Tornadus\n|-ability|p1b: Calyrex|Grim Neigh|boost\n|-boost|p1b: Calyrex|spa|1\n|-damage|p1b: Calyrex|91/100|[from] item: Life Orb\n|cant|p2a: Incineroar|flinch\n|\n|upkeep\n|turn|8\n|\n|t:|1775855405\n|move|p1a: Incineroar|Helping Hand|p1b: Calyrex\n|-singleturn|p1b: Calyrex|Helping Hand|[of] p1a: Incineroar\n|move|p1b: Calyrex|Astral Barrage|p2a: Incineroar\n|-resisted|p2a: Incineroar\n|-damage|p2a: Incineroar|0 fnt\n|faint|p2a: Incineroar\n|-damage|p1b: Calyrex|82/100|[from] item: Life Orb\n|\n|win|Nasihasi\n|raw|Nasihasi's rating: 1555 &rarr; <strong>1569</strong><br />(+14 for winning)\n|raw|jpto5's rating: 1450 &rarr; <strong>1436</strong><br />(-14 for losing)\n","uploadtime":1775855412,"views":19,"formatid":"gen9vgc2026regi","rating":1436,"private":0,"password":null}