{"id":"gen9vgc2026regi-2578019413","format":"[Gen 9] VGC 2026 Reg I","players":["wilk121212","xiaoliyunVGC"],"log":"|j|\u2606wilk121212\n|j|\u2606xiaoliyunVGC\n|t:|1775636443\n|gametype|doubles\n|player|p1|wilk121212|266|1234\n|player|p2|xiaoliyunVGC|liko|1367\n|gen|9\n|tier|[Gen 9] VGC 2026 Reg I\n|rated|\n|rule|Species Clause: Limit one of each Pok\u00e9mon\n|rule|Item Clause: Limit 1 of each item\n|clearpoke\n|poke|p1|Lunala, L50|\n|poke|p1|Indeedee-F, L50, F|\n|poke|p1|Gardevoir, L50, M|\n|poke|p1|Mandibuzz, L50, F|\n|poke|p1|Groudon, L50|\n|poke|p1|Lilligant, L50, F|\n|poke|p2|Miraidon, L50|\n|poke|p2|Zamazenta-*, L50|\n|poke|p2|Dragonite, L50, F|\n|poke|p2|Chien-Pao, L50|\n|poke|p2|Clefairy, L50, M|\n|poke|p2|Volcarona, L50, M|\n|teampreview|4\n|inactive|Battle timer is ON: inactive players will automatically lose when time's up. (requested by xiaoliyunVGC)\n|inactive|xiaoliyunVGC has 60 seconds left.\n|\n|t:|1775636479\n|teamsize|p1|4\n|teamsize|p2|4\n|start\n|switch|p1a: Mandibuzz|Mandibuzz, L50, F|100/100\n|switch|p1b: Lunala|Lunala, L50|100/100\n|switch|p2a: Volcarona|Volcarona, L50, M, shiny|100/100\n|switch|p2b: Zamazenta|Zamazenta-Crowned, L50, shiny|100/100\n|-ability|p2b: Zamazenta|Dauntless Shield|boost\n|-boost|p2b: Zamazenta|def|1\n|turn|1\n|\n|t:|1775636498\n|move|p2b: Zamazenta|Body Press|p1a: Mandibuzz\n|-damage|p1a: Mandibuzz|56/100\n|move|p2a: Volcarona|Struggle Bug|p1b: Lunala|[spread] p1a,p1b\n|-damage|p1a: Mandibuzz|43/100\n|-damage|p1b: Lunala|94/100\n|-unboost|p1b: Lunala|spa|1\n|move|p1a: Mandibuzz|Tailwind|p1a: Mandibuzz\n|-sidestart|p1: wilk121212|move: Tailwind\n|move|p1b: Lunala|Moongeist Beam|p2b: Zamazenta\n|-damage|p2b: Zamazenta|76/100\n|\n|-heal|p1b: Lunala|100/100|[from] item: Leftovers\n|upkeep\n|turn|2\n|inactive|wilk121212 has 30 seconds left.\n|inactive|wilk121212 has 20 seconds left.\n|\n|t:|1775636535\n|move|p1a: Mandibuzz|U-turn|p2b: Zamazenta\n|-resisted|p2b: Zamazenta\n|-damage|p2b: Zamazenta|75/100\n|\n|t:|1775636540\n|switch|p1a: Groudon|Groudon, L50|100/100|[from] U-turn\n|-weather|SunnyDay|[from] ability: Drought|[of] p1a: Groudon\n|move|p1b: Lunala|Moongeist Beam|p2b: Zamazenta\n|-damage|p2b: Zamazenta|49/100\n|move|p2b: Zamazenta|Body Press|p1a: Groudon\n|-damage|p1a: Groudon|57/100\n|move|p2a: Volcarona|Quiver Dance|p2a: Volcarona\n|-boost|p2a: Volcarona|spa|1\n|-boost|p2a: Volcarona|spd|1\n|-boost|p2a: Volcarona|spe|1\n|\n|-weather|SunnyDay|[upkeep]\n|upkeep\n|turn|3\n|inactive|wilk121212 has 30 seconds left.\n|\n|t:|1775636569\n|move|p2b: Zamazenta|Wide Guard|p2b: Zamazenta\n|-singleturn|p2b: Zamazenta|Wide Guard\n|move|p2a: Volcarona|Flamethrower|p1a: Groudon\n|-damage|p1a: Groudon|0 fnt\n|faint|p1a: Groudon\n|move|p1b: Lunala|Moongeist Beam|p2a: Volcarona\n|-damage|p2a: Volcarona|74/100\n|\n|-weather|SunnyDay|[upkeep]\n|-heal|p2a: Volcarona|80/100|[from] item: Leftovers\n|upkeep\n|\n|t:|1775636583\n|switch|p1a: Lilligant|Lilligant, L50, F|100/100\n|turn|4\n|\n|t:|1775636594\n|move|p1a: Lilligant|Sleep Powder|p2a: Volcarona\n|-status|p2a: Volcarona|slp|[from] move: Sleep Powder\n|cant|p2a: Volcarona|slp\n|move|p1b: Lunala|Moongeist Beam|p2b: Zamazenta\n|-damage|p2b: Zamazenta|24/100\n|move|p2b: Zamazenta|Body Press|p1a: Lilligant\n|-damage|p1a: Lilligant|24/100\n|-enditem|p1a: Lilligant|Sitrus Berry|[eat]\n|-heal|p1a: Lilligant|49/100|[from] item: Sitrus Berry\n|\n|-weather|SunnyDay|[upkeep]\n|-heal|p2a: Volcarona|86/100 slp|[from] item: Leftovers\n|-sideend|p1: wilk121212|move: Tailwind\n|upkeep\n|turn|5\n|\n|t:|1775636614\n|move|p2b: Zamazenta|Protect|p2b: Zamazenta\n|-singleturn|p2b: Zamazenta|Protect\n|cant|p2a: Volcarona|slp\n|move|p1a: Lilligant|Sleep Powder|p2b: Zamazenta\n|-activate|p2b: Zamazenta|move: Protect\n|move|p1b: Lunala|Moongeist Beam|p2b: Zamazenta\n|-activate|p2b: Zamazenta|move: Protect\n|\n|-weather|SunnyDay|[upkeep]\n|-heal|p2a: Volcarona|93/100 slp|[from] item: Leftovers\n|upkeep\n|turn|6\n|\n|t:|1775636627\n|-curestatus|p2a: Volcarona|slp|[msg]\n|move|p2a: Volcarona|Struggle Bug|p1b: Lunala|[spread] p1a,p1b\n|-supereffective|p1a: Lilligant\n|-damage|p1a: Lilligant|0 fnt\n|-damage|p1b: Lunala|92/100\n|-unboost|p1b: Lunala|spa|1\n|faint|p1a: Lilligant\n|move|p2b: Zamazenta|Behemoth Bash|p1b: Lunala\n|-damage|p1b: Lunala|59/100\n|move|p1b: Lunala|Night Daze|p2a: Volcarona\n|-damage|p2a: Volcarona|83/100\n|\n|-weather|none\n|-heal|p2a: Volcarona|90/100|[from] item: Leftovers\n|-heal|p1b: Lunala|65/100|[from] item: Leftovers\n|upkeep\n|\n|t:|1775636643\n|switch|p1a: Mandibuzz|Mandibuzz, L50, F|43/100\n|turn|7\n|\n|t:|1775636648\n|move|p1a: Mandibuzz|Protect|p1a: Mandibuzz\n|-singleturn|p1a: Mandibuzz|Protect\n|move|p2a: Volcarona|Quiver Dance|p2a: Volcarona\n|-boost|p2a: Volcarona|spa|1\n|-boost|p2a: Volcarona|spd|1\n|-boost|p2a: Volcarona|spe|1\n|move|p2b: Zamazenta|Body Press|p1a: Mandibuzz\n|-activate|p1a: Mandibuzz|move: Protect\n|move|p1b: Lunala|Moongeist Beam|p2b: Zamazenta\n|-crit|p2b: Zamazenta\n|-damage|p2b: Zamazenta|0 fnt\n|faint|p2b: Zamazenta\n|\n|-heal|p2a: Volcarona|96/100|[from] item: Leftovers\n|-heal|p1b: Lunala|71/100|[from] item: Leftovers\n|upkeep\n|\n|t:|1775636650\n|switch|p2b: Chien-Pao|Chien-Pao, L50, shiny|100/100\n|-ability|p2b: Chien-Pao|Sword of Ruin\n|turn|8\n|inactive|wilk121212 has 30 seconds left.\n|\n|t:|1775636681\n|-terastallize|p1b: Lunala|Dark\n|move|p2a: Volcarona|Flamethrower|p1a: Mandibuzz\n|-damage|p1a: Mandibuzz|0 fnt\n|faint|p1a: Mandibuzz\n|move|p2b: Chien-Pao|Icicle Crash|p1b: Lunala\n|-damage|p1b: Lunala|33/100\n|move|p1b: Lunala|Night Daze|p2b: Chien-Pao\n|-resisted|p2b: Chien-Pao\n|-damage|p2b: Chien-Pao|90/100\n|-unboost|p2b: Chien-Pao|accuracy|1\n|\n|-heal|p2a: Volcarona|100/100|[from] item: Leftovers\n|-heal|p1b: Lunala|39/100|[from] item: Leftovers\n|upkeep\n|turn|9\n|\n|t:|1775636698\n|move|p2a: Volcarona|Flamethrower|p1b: Lunala\n|-damage|p1b: Lunala|0 fnt\n|faint|p1b: Lunala\n|\n|win|xiaoliyunVGC\n|raw|wilk121212's rating: 1234 &rarr; <strong>1218</strong><br />(-16 for losing)\n|raw|xiaoliyunVGC's rating: 1367 &rarr; <strong>1380</strong><br />(+13 for winning)\n|l|\u2606xiaoliyunVGC\n|player|p2|\n|l|\u2606wilk121212\n|player|p1|\n","uploadtime":1775636843,"views":7,"formatid":"gen9vgc2026regi","rating":1218,"private":0,"password":null}