{"id":"gen9vgc2026regi-2559079887","format":"[Gen 9] VGC 2026 Reg I","players":["TheNamesBetty","actuary97"],"log":"|j|\u2606TheNamesBetty\n|j|\u2606actuary97\n|t:|1773518610\n|gametype|doubles\n|player|p1|TheNamesBetty|koga|1136\n|player|p2|actuary97|sabrina-frlg|1235\n|gen|9\n|tier|[Gen 9] VGC 2026 Reg I\n|rated|\n|rule|Species Clause: Limit one of each Pok\u00e9mon\n|rule|Item Clause: Limit 1 of each item\n|clearpoke\n|poke|p1|Regieleki, L50|\n|poke|p1|Kyogre, L50|\n|poke|p1|Amoonguss, L50, F|\n|poke|p1|Calyrex-Ice, L50|\n|poke|p1|Cramorant, L50, M|\n|poke|p1|Tornadus, L50, M|\n|poke|p2|Skeledirge, L50, F|\n|poke|p2|Landorus, L50, M|\n|poke|p2|Whimsicott, L50, F|\n|poke|p2|Calyrex-Ice, L50|\n|poke|p2|Kyogre, L50|\n|poke|p2|Indeedee-F, L50, F|\n|teampreview|4\n|\n|t:|1773518645\n|teamsize|p1|4\n|teamsize|p2|4\n|start\n|switch|p1a: Elelele w\u00fap|Regieleki, L50|100/100\n|switch|p1b: T\u00fdbr\u010fo ryba|Kyogre, L50|100/100\n|switch|p2a: Kali Uchis|Skeledirge, L50, F, shiny|100/100\n|switch|p2b: Look over here!|Indeedee-F, L50, F, shiny|100/100\n|-weather|RainDance|[from] ability: Drizzle|[of] p1b: T\u00fdbr\u010fo ryba\n|-fieldstart|move: Psychic Terrain|[from] ability: Psychic Surge|[of] p2b: Look over here!\n|-enditem|p2b: Look over here!|Psychic Seed\n|-boost|p2b: Look over here!|spd|1|[from] item: Psychic Seed\n|turn|1\n|inactive|Battle timer is ON: inactive players will automatically lose when time's up. (requested by actuary97)\n|\n|t:|1773518666\n|-terastallize|p2a: Kali Uchis|Grass\n|move|p1a: Elelele w\u00fap|Thunder|p2a: Kali Uchis\n|-resisted|p2a: Kali Uchis\n|-damage|p2a: Kali Uchis|59/100\n|move|p1b: T\u00fdbr\u010fo ryba|Water Spout|p2a: Kali Uchis|[spread] p2a,p2b\n|-resisted|p2a: Kali Uchis\n|-damage|p2a: Kali Uchis|7/100\n|-damage|p2b: Look over here!|45/100\n|move|p2a: Kali Uchis|Torch Song|p1a: Elelele w\u00fap\n|-damage|p1a: Elelele w\u00fap|65/100\n|-boost|p2a: Kali Uchis|spa|1\n|-enditem|p2a: Kali Uchis|Throat Spray\n|-boost|p2a: Kali Uchis|spa|1|[from] item: Throat Spray\n|move|p2b: Look over here!|Trick Room|p2b: Look over here!\n|-fieldstart|move: Trick Room|[of] p2b: Look over here!\n|\n|-weather|RainDance|[upkeep]\n|upkeep\n|turn|2\n|inactive|TheNamesBetty has 30 seconds left.\n|inactive|actuary97 has 30 seconds left.\n|\n|t:|1773518692\n|switch|p2b: HOrse|Calyrex-Ice, L50|100/100\n|-ability|p2b: HOrse|As One\n|-ability|p2b: HOrse|Unnerve\n|switch|p1a: Hubitel|Amoonguss, L50, F, shiny|100/100\n|move|p1b: T\u00fdbr\u010fo ryba|Protect|p1b: T\u00fdbr\u010fo ryba\n|-singleturn|p1b: T\u00fdbr\u010fo ryba|Protect\n|move|p2a: Kali Uchis|Shadow Ball|p1b: T\u00fdbr\u010fo ryba\n|-activate|p1b: T\u00fdbr\u010fo ryba|move: Protect\n|\n|-weather|RainDance|[upkeep]\n|upkeep\n|turn|3\n|\n|t:|1773518718\n|-terastallize|p1a: Hubitel|Water\n|move|p1a: Hubitel|Pollen Puff|p2a: Kali Uchis\n|-supereffective|p2a: Kali Uchis\n|-damage|p2a: Kali Uchis|0 fnt\n|faint|p2a: Kali Uchis\n|move|p2b: HOrse|Seed Bomb|p1b: T\u00fdbr\u010fo ryba\n|-supereffective|p1b: T\u00fdbr\u010fo ryba\n|-damage|p1b: T\u00fdbr\u010fo ryba|44/100\n|move|p1b: T\u00fdbr\u010fo ryba|Water Spout|p2b: HOrse\n|-damage|p2b: HOrse|56/100\n|\n|-weather|RainDance|[upkeep]\n|upkeep\n|\n|t:|1773518733\n|switch|p2a: Big Blind Fish|Kyogre, L50, shiny|100/100\n|turn|4\n|\n|t:|1773518751\n|switch|p2b: Look over here!|Indeedee-F, L50, F, shiny|45/100\n|move|p1a: Hubitel|Spore|p2b: Look over here!\n|-status|p2b: Look over here!|slp|[from] move: Spore\n|move|p1b: T\u00fdbr\u010fo ryba|Origin Pulse|p2b: Look over here!|[spread] p2a\n|-miss|p1b: T\u00fdbr\u010fo ryba|p2b: Look over here!\n|-resisted|p2a: Big Blind Fish\n|-damage|p2a: Big Blind Fish|76/100\n|move|p2a: Big Blind Fish|Calm Mind|p2a: Big Blind Fish\n|-boost|p2a: Big Blind Fish|spa|1\n|-boost|p2a: Big Blind Fish|spd|1\n|\n|-weather|RainDance|[upkeep]\n|upkeep\n|turn|5\n|\n|t:|1773518769\n|move|p2a: Big Blind Fish|Protect|p2a: Big Blind Fish\n|-singleturn|p2a: Big Blind Fish|Protect\n|move|p1a: Hubitel|Pollen Puff|p1b: T\u00fdbr\u010fo ryba\n|-heal|p1b: T\u00fdbr\u010fo ryba|94/100\n|cant|p2b: Look over here!|slp\n|move|p1b: T\u00fdbr\u010fo ryba|Water Spout|p2b: Look over here!|[spread] p2b\n|-activate|p2a: Big Blind Fish|move: Protect\n|-damage|p2b: Look over here!|0 fnt\n|faint|p2b: Look over here!\n|\n|-weather|none\n|-fieldend|move: Trick Room\n|-fieldend|move: Psychic Terrain\n|upkeep\n|\n|t:|1773518774\n|switch|p2b: HOrse|Calyrex-Ice, L50|56/100\n|-ability|p2b: HOrse|As One\n|-ability|p2b: HOrse|Unnerve\n|turn|6\n|\n|t:|1773518795\n|move|p2a: Big Blind Fish|Calm Mind|p2a: Big Blind Fish\n|-boost|p2a: Big Blind Fish|spa|1\n|-boost|p2a: Big Blind Fish|spd|1\n|move|p1b: T\u00fdbr\u010fo ryba|Water Spout|p2a: Big Blind Fish|[spread] p2a,p2b\n|-resisted|p2a: Big Blind Fish\n|-crit|p2b: HOrse\n|-damage|p2a: Big Blind Fish|66/100\n|-damage|p2b: HOrse|0 fnt\n|faint|p2b: HOrse\n|move|p1a: Hubitel|Spore|p2a: Big Blind Fish\n|-status|p2a: Big Blind Fish|slp|[from] move: Spore\n|\n|upkeep\n|turn|7\n|\n|t:|1773518812\n|switch|p1b: Elelele w\u00fap|Regieleki, L50|65/100\n|cant|p2a: Big Blind Fish|slp\n|move|p1a: Hubitel|Pollen Puff|p2a: Big Blind Fish\n|-damage|p2a: Big Blind Fish|60/100 slp\n|\n|upkeep\n|turn|8\n|\n|t:|1773518824\n|switch|p1a: T\u00fdbr\u010fo ryba|Kyogre, L50|94/100\n|-weather|RainDance|[from] ability: Drizzle|[of] p1a: T\u00fdbr\u010fo ryba\n|move|p1b: Elelele w\u00fap|Thunder|p2a: Big Blind Fish\n|-supereffective|p2a: Big Blind Fish\n|-damage|p2a: Big Blind Fish|12/100 slp\n|-curestatus|p2a: Big Blind Fish|slp|[msg]\n|move|p2a: Big Blind Fish|Origin Pulse|p1b: Elelele w\u00fap|[spread] p1a,p1b\n|-resisted|p1a: T\u00fdbr\u010fo ryba\n|-damage|p1a: T\u00fdbr\u010fo ryba|52/100\n|-damage|p1b: Elelele w\u00fap|0 fnt\n|faint|p1b: Elelele w\u00fap\n|\n|-weather|RainDance|[upkeep]\n|upkeep\n|\n|t:|1773518836\n|switch|p1b: Hubitel|Amoonguss, L50, F, shiny, tera:Water|100/100\n|turn|9\n|\n|t:|1773518842\n|move|p2a: Big Blind Fish|Origin Pulse|p1a: T\u00fdbr\u010fo ryba|[spread] p1a,p1b\n|-resisted|p1a: T\u00fdbr\u010fo ryba\n|-resisted|p1b: Hubitel\n|-damage|p1a: T\u00fdbr\u010fo ryba|5/100\n|-damage|p1b: Hubitel|31/100\n|move|p1a: T\u00fdbr\u010fo ryba|Origin Pulse|p2a: Big Blind Fish\n|-resisted|p2a: Big Blind Fish\n|-damage|p2a: Big Blind Fish|0 fnt\n|faint|p2a: Big Blind Fish\n|\n|win|TheNamesBetty\n|raw|TheNamesBetty's rating: 1136 &rarr; <strong>1168</strong><br />(+32 for winning)\n|raw|actuary97's rating: 1235 &rarr; <strong>1203</strong><br />(-32 for losing)\n|l|\u2606TheNamesBetty\n|player|p1|\n","uploadtime":1773519118,"views":14,"formatid":"gen9vgc2026regi","rating":1168,"private":0,"password":null}