{"id":"gen9vgc2026regi-2561217240","format":"[Gen 9] VGC 2026 Reg I","players":["Mirthinion","schisch"],"log":"|j|\u2606Mirthinion\n|j|\u2606schisch\n|t:|1773774409\n|gametype|doubles\n|player|p1|Mirthinion|janitor|1434\n|player|p2|schisch|2|1506\n|gen|9\n|tier|[Gen 9] VGC 2026 Reg I\n|rated|\n|rule|Species Clause: Limit one of each Pok\u00e9mon\n|rule|Item Clause: Limit 1 of each item\n|clearpoke\n|poke|p1|Calyrex-Shadow, L50|\n|poke|p1|Zamazenta-*, L50|\n|poke|p1|Urshifu-*, L50, M|\n|poke|p1|Incineroar, L50, M|\n|poke|p1|Rillaboom, L50, M|\n|poke|p1|Tornadus, L50, M|\n|poke|p2|Dialga-Origin, L50|\n|poke|p2|Ursaluna, L50, M|\n|poke|p2|Ogerpon-Wellspring, L50, F|\n|poke|p2|Ho-Oh, L50|\n|poke|p2|Flutter Mane, L50|\n|poke|p2|Amoonguss, L50, M|\n|teampreview|4\n|inactive|Battle timer is ON: inactive players will automatically lose when time's up. (requested by Mirthinion)\nMirthinion rejected open team sheets.\n|inactive|Mirthinion has 60 seconds left.\n|inactive|Mirthinion has 30 seconds left.\n|\n|t:|1773774469\n|teamsize|p1|4\n|teamsize|p2|4\n|start\n|switch|p1a: Vangwe|Tornadus, L50, M|100/100\n|switch|p1b: Wolfgang|Incineroar, L50, M|100/100\n|switch|p2a: Ho-Oh|Ho-Oh, L50|100/100\n|switch|p2b: Flutter Mane|Flutter Mane, L50|100/100\n|-ability|p1b: Wolfgang|Intimidate|boost\n|-fail|p2a: Ho-Oh|unboost|[from] item: Clear Amulet|[of] p2a: Ho-Oh\n|-unboost|p2b: Flutter Mane|atk|1\n|turn|1\n|\n|t:|1773774482\n|move|p2b: Flutter Mane|Protect|p2b: Flutter Mane\n|-singleturn|p2b: Flutter Mane|Protect\n|move|p2a: Ho-Oh|Protect|p2a: Ho-Oh\n|-singleturn|p2a: Ho-Oh|Protect\n|move|p1b: Wolfgang|Fake Out|p2a: Ho-Oh\n|-activate|p2a: Ho-Oh|move: Protect\n|move|p1a: Vangwe|Taunt|p2b: Flutter Mane\n|-activate|p2b: Flutter Mane|move: Protect\n|\n|upkeep\n|turn|2\n|inactive|Mirthinion has 30 seconds left.\n|inactive|schisch has 30 seconds left.\n|inactive|schisch has 20 seconds left.\n|\n|t:|1773774520\n|move|p2b: Flutter Mane|Moonblast|p1a: Vangwe\n|-damage|p1a: Vangwe|47/100\n|move|p1a: Vangwe|Bleakwind Storm|p2a: Ho-Oh|[spread] p2a,p2b\n|-damage|p2a: Ho-Oh|79/100\n|-damage|p2b: Flutter Mane|63/100\n|-unboost|p2b: Flutter Mane|spe|1\n|move|p2a: Ho-Oh|Sacred Fire|p1a: Vangwe\n|-damage|p1a: Vangwe|0 fnt\n|faint|p1a: Vangwe\n|move|p1b: Wolfgang|Knock Off|p2b: Flutter Mane\n|-damage|p2b: Flutter Mane|0 fnt\n|-enditem|p2b: Flutter Mane|Focus Sash|[from] move: Knock Off|[of] p1b: Wolfgang\n|faint|p2b: Flutter Mane\n|-end|p2b: Flutter Mane|Protosynthesis|[silent]\n|\n|upkeep\n|\n|t:|1773774538\n|switch|p2b: Dialga|Dialga-Origin, L50|100/100\n|switch|p1a: Beowulf|Urshifu-Rapid-Strike, L50, M|100/100\n|turn|3\n|inactive|Mirthinion has 30 seconds left.\n|inactive|Mirthinion has 20 seconds left.\n|inactive|Mirthinion has 15 seconds left.\n|\n|t:|1773774579\n|-terastallize|p2b: Dialga|Fairy\n|move|p1a: Beowulf|Surging Strikes|p2a: Ho-Oh\n|-supereffective|p2a: Ho-Oh\n|-crit|p2a: Ho-Oh\n|-damage|p2a: Ho-Oh|22/100\n|-supereffective|p2a: Ho-Oh\n|-crit|p2a: Ho-Oh\n|-damage|p2a: Ho-Oh|0 fnt\n|faint|p2a: Ho-Oh\n|-hitcount|p2: Ho-Oh|2\n|move|p1b: Wolfgang|Parting Shot|p2b: Dialga\n|-unboost|p2b: Dialga|atk|1\n|-unboost|p2b: Dialga|spa|1\n|\n|t:|1773774589\n|switch|p1b: Mithrandir|Calyrex-Shadow, L50|100/100|[from] Parting Shot\n|-ability|p1b: Mithrandir|As One\n|-ability|p1b: Mithrandir|Unnerve\n|move|p2b: Dialga|Trick Room|p2b: Dialga\n|-fieldstart|move: Trick Room|[of] p2b: Dialga\n|\n|upkeep\n|\n|t:|1773774598\n|switch|p2a: Ursaluna|Ursaluna, L50, M|100/100\n|turn|4\n|\n|t:|1773774610\n|switch|p1b: Wolfgang|Incineroar, L50, M|100/100\n|-ability|p1b: Wolfgang|Intimidate|boost\n|-unboost|p2a: Ursaluna|atk|1\n|-unboost|p2b: Dialga|atk|1\n|-terastallize|p1a: Beowulf|Ghost\n|move|p2a: Ursaluna|Earthquake|p1b: Wolfgang|[spread] p1a,p1b\n|-activate|p2b: Dialga|ability: Telepathy\n|-supereffective|p1b: Wolfgang\n|-damage|p1a: Beowulf|72/100\n|-damage|p1b: Wolfgang|46/100\n|move|p2b: Dialga|Dragon Pulse|p1a: Beowulf\n|-damage|p1a: Beowulf|11/100\n|move|p1a: Beowulf|Surging Strikes|p2a: Ursaluna\n|-supereffective|p2a: Ursaluna\n|-crit|p2a: Ursaluna\n|-damage|p2a: Ursaluna|49/100\n|-supereffective|p2a: Ursaluna\n|-crit|p2a: Ursaluna\n|-damage|p2a: Ursaluna|0 fnt\n|faint|p2a: Ursaluna\n|-hitcount|p2: Ursaluna|2\n|\n|upkeep\n|turn|5\n|-message|schisch forfeited.\n|\n|win|Mirthinion\n|raw|Mirthinion's rating: 1434 &rarr; <strong>1458</strong><br />(+24 for winning)\n|raw|schisch's rating: 1506 &rarr; <strong>1482</strong><br />(-24 for losing)\n|l|\u2606schisch\n|player|p2|\n|l|\u2606Mirthinion\n|player|p1|\n","uploadtime":1773774633,"views":88,"formatid":"gen9vgc2026regi","rating":1458,"private":0,"password":null}