{"id":"gen9vgc2026regi-2591112751","format":"[Gen 9] VGC 2026 Reg I","players":["alzombie","Sheeshshane925"],"log":"|j|\u2606alzombie\n|j|\u2606Sheeshshane925\n|t:|1776875136\n|gametype|doubles\n|player|p1|alzombie|169|1445\n|player|p2|Sheeshshane925|chuck|1741\n|gen|9\n|tier|[Gen 9] VGC 2026 Reg I\n|rated|\n|rule|Species Clause: Limit one of each Pok\u00e9mon\n|rule|Item Clause: Limit 1 of each item\n|clearpoke\n|poke|p1|Miraidon, L50|\n|poke|p1|Calyrex-Ice, L50|\n|poke|p1|Farigiraf, L50, M|\n|poke|p1|Landorus, L50, M|\n|poke|p1|Incineroar, L50, M|\n|poke|p1|Tornadus, L50, M|\n|poke|p2|Calyrex-Ice, L50|\n|poke|p2|Miraidon, L50|\n|poke|p2|Farigiraf, L50, M|\n|poke|p2|Iron Hands, L50|\n|poke|p2|Scraggy, L50, M|\n|poke|p2|Iron Bundle, L50|\n|teampreview|4\n|\n|t:|1776875145\n|teamsize|p1|4\n|teamsize|p2|4\n|start\n|switch|p1a: Miraidon|Miraidon, L50|100/100\n|switch|p1b: Tornadus|Tornadus, L50, M|100/100\n|switch|p2a: Miraidon|Miraidon, L50, shiny|100/100\n|switch|p2b: Iron Bundle|Iron Bundle, L50, shiny|100/100\n|-fieldstart|move: Electric Terrain|[from] ability: Hadron Engine|[of] p1a: Miraidon\n|-activate|p2b: Iron Bundle|ability: Quark Drive\n|-start|p2b: Iron Bundle|quarkdrivespe\n|-activate|p2a: Miraidon|ability: Hadron Engine\n|turn|1\n|inactive|Battle timer is ON: inactive players will automatically lose when time's up. (requested by alzombie)\n|\n|t:|1776875163\n|-terastallize|p1a: Miraidon|Fairy\n|move|p2a: Miraidon|Protect|p2a: Miraidon\n|-singleturn|p2a: Miraidon|Protect\n|move|p1b: Tornadus|Tailwind|p1b: Tornadus\n|-sidestart|p1: alzombie|move: Tailwind\n|move|p1a: Miraidon|Dazzling Gleam|p2a: Miraidon|[spread] p2b\n|-activate|p2a: Miraidon|move: Protect\n|-enditem|p2b: Iron Bundle|Focus Sash\n|-damage|p2b: Iron Bundle|1/100\n|move|p2b: Iron Bundle|Icy Wind|p1b: Tornadus|[spread] p1a,p1b\n|-supereffective|p1b: Tornadus\n|-damage|p1a: Miraidon|81/100\n|-damage|p1b: Tornadus|59/100\n|-unboost|p1a: Miraidon|spe|1\n|-unboost|p1b: Tornadus|spe|1\n|\n|upkeep\n|turn|2\n|inactive|alzombie has 30 seconds left.\n|\n|t:|1776875194\n|-terastallize|p2a: Miraidon|Fairy\n|move|p2b: Iron Bundle|Protect|p2b: Iron Bundle\n|-singleturn|p2b: Iron Bundle|Protect\n|move|p1b: Tornadus|Rain Dance|p1b: Tornadus\n|-weather|RainDance\n|move|p1a: Miraidon|Dazzling Gleam|p2a: Miraidon|[spread] p2a\n|-activate|p2b: Iron Bundle|move: Protect\n|-damage|p2a: Miraidon|54/100\n|move|p2a: Miraidon|Electro Drift|p1a: Miraidon\n|-damage|p1a: Miraidon|0 fnt\n|faint|p1a: Miraidon\n|-damage|p2a: Miraidon|44/100|[from] item: Life Orb\n|\n|-weather|RainDance|[upkeep]\n|upkeep\n|\n|t:|1776875211\n|switch|p1a: Landorus|Landorus, L50, M|100/100\n|turn|3\n|\n|t:|1776875219\n|move|p1a: Landorus|Sandsear Storm|p2a: Miraidon|[spread] p2a,p2b\n|-damage|p2a: Miraidon|2/100\n|-damage|p2b: Iron Bundle|0 fnt\n|faint|p2b: Iron Bundle\n|-end|p2b: Iron Bundle|Quark Drive|[silent]\n|move|p1b: Tornadus|Bleakwind Storm|p2a: Miraidon\n|-damage|p2a: Miraidon|0 fnt\n|faint|p2a: Miraidon\n|\n|-weather|RainDance|[upkeep]\n|upkeep\n|\n|t:|1776875222\n|switch|p2b: Scraggy|Scraggy, L50, M|100/100\n|switch|p2a: Calyrex|Calyrex-Ice, L50|100/100\n|-ability|p2a: Calyrex|As One\n|-ability|p2a: Calyrex|Unnerve\n|-ability|p2b: Scraggy|Intimidate|boost\n|-unboost|p1a: Landorus|atk|1\n|-unboost|p1b: Tornadus|atk|1\n|turn|4\n|\n|t:|1776875240\n|switch|p1a: Farigiraf|Farigiraf, L50, M|100/100\n|move|p2b: Scraggy|Fake Out||[still]\n|cant|p1a: Farigiraf|ability: Armor Tail|Fake Out|[of] p2b: Scraggy\n|move|p1b: Tornadus|Taunt|p2a: Calyrex\n|-start|p2a: Calyrex|move: Taunt\n|cant|p2a: Calyrex|move: Taunt|Trick Room\n|\n|-weather|RainDance|[upkeep]\n|-sideend|p1: alzombie|move: Tailwind\n|upkeep\n|turn|5\n|\n|t:|1776875256\n|move|p1b: Tornadus|Bleakwind Storm|p2b: Scraggy|[spread] p2a,p2b\n|-crit|p2a: Calyrex\n|-supereffective|p2b: Scraggy\n|-damage|p2a: Calyrex|70/100\n|-damage|p2b: Scraggy|48/100\n|move|p1a: Farigiraf|Hyper Voice|p2b: Scraggy|[spread] p2a,p2b\n|-damage|p2a: Calyrex|52/100\n|-damage|p2b: Scraggy|24/100\n|-enditem|p1a: Farigiraf|Throat Spray\n|-boost|p1a: Farigiraf|spa|1|[from] item: Throat Spray\n|move|p2a: Calyrex|Glacial Lance|p1a: Farigiraf|[spread] p1a,p1b\n|-supereffective|p1b: Tornadus\n|-damage|p1a: Farigiraf|52/100\n|-damage|p1b: Tornadus|0 fnt\n|faint|p1b: Tornadus\n|-ability|p2a: Calyrex|Chilling Neigh|boost\n|-boost|p2a: Calyrex|atk|1\n|move|p2b: Scraggy|Coaching|p2a: Calyrex\n|-boost|p2a: Calyrex|atk|1\n|-boost|p2a: Calyrex|def|1\n|\n|-weather|RainDance|[upkeep]\n|-fieldend|move: Electric Terrain\n|upkeep\n|\n|t:|1776875276\n|switch|p1b: Landorus|Landorus, L50, M|100/100\n|turn|6\n|\n|t:|1776875288\n|move|p1b: Landorus|Sandsear Storm|p2b: Scraggy|[spread] p2a,p2b\n|-damage|p2a: Calyrex|14/100\n|-damage|p2b: Scraggy|0 fnt\n|faint|p2b: Scraggy\n|move|p1a: Farigiraf|Hyper Voice|p2a: Calyrex\n|-damage|p2a: Calyrex|0 fnt\n|faint|p2a: Calyrex\n|\n|win|alzombie\n|raw|alzombie's rating: 1445 &rarr; <strong>1479</strong><br />(+34 for winning)\n|raw|Sheeshshane925's rating: 1741 &rarr; <strong>1707</strong><br />(-34 for losing)\n|l|\u2606alzombie\n|player|p1|\n|l|\u2606Sheeshshane925\n|player|p2|\n","uploadtime":1776875519,"views":15,"formatid":"gen9vgc2026regi","rating":1479,"private":0,"password":null}