{"id":"gen9vgc2026regi-2569926941","format":"[Gen 9] VGC 2026 Reg I","players":["fr49","terafireflareblitz"],"log":"|j|\u2606fr49\n|j|\u2606terafireflareblitz\n|t:|1774746890\n|gametype|doubles\n|player|p1|fr49|266|1505\n|player|p2|terafireflareblitz|sycamore|1679\n|gen|9\n|tier|[Gen 9] VGC 2026 Reg I\n|rated|\n|rule|Species Clause: Limit one of each Pok\u00e9mon\n|rule|Item Clause: Limit 1 of each item\n|clearpoke\n|poke|p1|Koraidon, L50|\n|poke|p1|Lunala, L50|\n|poke|p1|Raging Bolt, L50|\n|poke|p1|Rillaboom, L50, M|\n|poke|p1|Incineroar, L50, M|\n|poke|p1|Brute Bonnet, L50|\n|poke|p2|Koraidon, L50|\n|poke|p2|Lunala, L50|\n|poke|p2|Indeedee-F, L50, F|\n|poke|p2|Flutter Mane, L50|\n|poke|p2|Volcarona, L50, M|\n|poke|p2|Ursaluna, L50, M|\n|teampreview|4\n|inactive|Battle timer is ON: inactive players will automatically lose when time's up. (requested by terafireflareblitz)\n|inactive|terafireflareblitz has 60 seconds left.\n|\n|t:|1774746927\n|teamsize|p1|4\n|teamsize|p2|4\n|start\n|switch|p1a: Rillaboom|Rillaboom, L50, M, shiny|100/100\n|switch|p1b: Lunala|Lunala, L50, shiny|100/100\n|switch|p2a: Lunala|Lunala, L50, shiny|100/100\n|switch|p2b: Indeedee|Indeedee-F, L50, F|100/100\n|-fieldstart|move: Grassy Terrain|[from] ability: Grassy Surge|[of] p1a: Rillaboom\n|-fieldstart|move: Psychic Terrain|[from] ability: Psychic Surge|[of] p2b: Indeedee\n|turn|1\n|\n|t:|1774746944\n|-terastallize|p1b: Lunala|Fairy\n|move|p2b: Indeedee|Follow Me|p2b: Indeedee\n|-singleturn|p2b: Indeedee|move: Follow Me\n|move|p2a: Lunala|Expanding Force|p1b: Lunala|[spread] p1a,p1b\n|-damage|p1a: Rillaboom|23/100\n|-damage|p1b: Lunala|76/100\n|-enditem|p1a: Rillaboom|Sitrus Berry|[eat]\n|-heal|p1a: Rillaboom|48/100|[from] item: Sitrus Berry\n|move|p1b: Lunala|Calm Mind|p1b: Lunala\n|-boost|p1b: Lunala|spa|1\n|-boost|p1b: Lunala|spd|1\n|move|p1a: Rillaboom|U-turn|p2b: Indeedee\n|-supereffective|p2b: Indeedee\n|-damage|p2b: Indeedee|46/100\n|\n|t:|1774746958\n|switch|p1a: Incineroar|Incineroar, L50, M, shiny|100/100|[from] U-turn\n|-ability|p1a: Incineroar|Intimidate|boost\n|-unboost|p2a: Lunala|atk|1\n|-unboost|p2b: Indeedee|atk|1\n|\n|-heal|p1b: Lunala|83/100|[from] item: Leftovers\n|upkeep\n|turn|2\n|\n|t:|1774746968\n|switch|p2b: Flutter Mane|Flutter Mane, L50|100/100\n|-terastallize|p2a: Lunala|Water\n|move|p1b: Lunala|Protect|p1b: Lunala\n|-singleturn|p1b: Lunala|Protect\n|move|p2a: Lunala|Meteor Beam||[still]\n|-prepare|p2a: Lunala|Meteor Beam\n|-boost|p2a: Lunala|spa|1\n|-enditem|p2a: Lunala|Power Herb\n|-anim|p2a: Lunala|Meteor Beam|p1a: Incineroar|[miss]\n|-miss|p2a: Lunala|p1a: Incineroar\n|move|p1a: Incineroar|Parting Shot|p2a: Lunala\n|-unboost|p2a: Lunala|atk|1\n|-unboost|p2a: Lunala|spa|1\n|\n|t:|1774746983\n|switch|p1a: Rillaboom|Rillaboom, L50, M, shiny|48/100|[from] Parting Shot\n|-fieldstart|move: Grassy Terrain|[from] ability: Grassy Surge|[of] p1a: Rillaboom\n|\n|-heal|p1b: Lunala|89/100|[from] Grassy Terrain\n|-heal|p1b: Lunala|95/100|[from] item: Leftovers\n|-heal|p1a: Rillaboom|54/100|[from] Grassy Terrain\n|upkeep\n|turn|3\n|\n|t:|1774746995\n|move|p1a: Rillaboom|Grassy Glide|p2a: Lunala\n|-supereffective|p2a: Lunala\n|-damage|p2a: Lunala|65/100\n|move|p2b: Flutter Mane|Moonblast|p1b: Lunala\n|-damage|p1b: Lunala|69/100\n|move|p2a: Lunala|Moongeist Beam|p1a: Rillaboom\n|-damage|p1a: Rillaboom|0 fnt\n|faint|p1a: Rillaboom\n|move|p1b: Lunala|Dazzling Gleam|p2b: Flutter Mane|[spread] p2a,p2b\n|-damage|p2a: Lunala|27/100\n|-damage|p2b: Flutter Mane|39/100\n|\n|-heal|p2b: Flutter Mane|45/100|[from] Grassy Terrain\n|-heal|p2a: Lunala|33/100|[from] Grassy Terrain\n|-heal|p1b: Lunala|75/100|[from] Grassy Terrain\n|-heal|p1b: Lunala|82/100|[from] item: Leftovers\n|upkeep\n|\n|t:|1774747014\n|switch|p1a: Koraidon|Koraidon, L50, shiny|100/100\n|-weather|SunnyDay|[from] ability: Orichalcum Pulse|[of] p1a: Koraidon\n|-activate|p2b: Flutter Mane|ability: Protosynthesis\n|-start|p2b: Flutter Mane|protosynthesisspe\n|-activate|p1a: Koraidon|Orichalcum Pulse|[source]\n|turn|4\n|\n|t:|1774747022\n|move|p2b: Flutter Mane|Protect|p2b: Flutter Mane\n|-singleturn|p2b: Flutter Mane|Protect\n|move|p1a: Koraidon|Protect|p1a: Koraidon\n|-singleturn|p1a: Koraidon|Protect\n|move|p2a: Lunala|Moongeist Beam|p1b: Lunala\n|-damage|p1b: Lunala|52/100\n|move|p1b: Lunala|Dazzling Gleam|p2a: Lunala|[spread] p2a\n|-activate|p2b: Flutter Mane|move: Protect\n|-damage|p2a: Lunala|0 fnt\n|faint|p2a: Lunala\n|\n|-weather|SunnyDay|[upkeep]\n|-heal|p2b: Flutter Mane|51/100|[from] Grassy Terrain\n|-heal|p1b: Lunala|59/100|[from] Grassy Terrain\n|-heal|p1b: Lunala|65/100|[from] item: Leftovers\n|upkeep\n|\n|t:|1774747025\n|switch|p2a: Koraidon|Koraidon, L50, shiny|100/100\n|-activate|p2a: Koraidon|ability: Orichalcum Pulse\n|turn|5\n|\n|t:|1774747044\n|switch|p1a: Incineroar|Incineroar, L50, M, shiny|100/100\n|-ability|p1a: Incineroar|Intimidate|boost\n|-unboost|p2a: Koraidon|atk|1\n|-unboost|p2b: Flutter Mane|atk|1\n|move|p1b: Lunala|Protect|p1b: Lunala\n|-singleturn|p1b: Lunala|Protect\n|move|p2b: Flutter Mane|Moonblast|p1b: Lunala\n|-activate|p1b: Lunala|move: Protect\n|move|p2a: Koraidon|Flare Blitz|p1b: Lunala\n|-activate|p1b: Lunala|move: Protect\n|\n|-weather|SunnyDay|[upkeep]\n|-heal|p2b: Flutter Mane|57/100|[from] Grassy Terrain\n|-heal|p1b: Lunala|71/100|[from] Grassy Terrain\n|-heal|p1b: Lunala|77/100|[from] item: Leftovers\n|upkeep\n|turn|6\n|\n|t:|1774747067\n|switch|p2a: Indeedee|Indeedee-F, L50, F|46/100\n|-fieldstart|move: Psychic Terrain|[from] ability: Psychic Surge|[of] p2a: Indeedee\n|move|p2b: Flutter Mane|Moonblast|p1b: Lunala\n|-damage|p1b: Lunala|49/100\n|move|p1b: Lunala|Dazzling Gleam|p2a: Indeedee|[spread] p2a,p2b\n|-damage|p2a: Indeedee|0 fnt\n|-damage|p2b: Flutter Mane|0 fnt\n|faint|p2a: Indeedee\n|faint|p2b: Flutter Mane\n|-end|p2b: Flutter Mane|Protosynthesis|[silent]\n|move|p1a: Incineroar|Parting Shot|p2: Indeedee|[notarget]\n|-fail|p1a: Incineroar\n|\n|-weather|SunnyDay|[upkeep]\n|-heal|p1b: Lunala|55/100|[from] item: Leftovers\n|upkeep\n|\n|t:|1774747070\n|switch|p2b: Koraidon|Koraidon, L50, shiny|100/100\n|-activate|p2b: Koraidon|ability: Orichalcum Pulse\n|turn|7\n|j| gdvvdu5yi\n|-message|terafireflareblitz forfeited.\n|\n|win|fr49\n|raw|fr49's rating: 1505 &rarr; <strong>1534</strong><br />(+29 for winning)\n|raw|terafireflareblitz's rating: 1679 &rarr; <strong>1650</strong><br />(-29 for losing)\n|l|\u2606terafireflareblitz\n|player|p2|\n|l|\u2606fr49\n|player|p1|\n|l| gdvvdu5yi\n","uploadtime":1774747078,"views":23,"formatid":"gen9vgc2026regi","rating":1534,"private":0,"password":null}