{"id":"gen9vgc2026regi-2561104662","format":"[Gen 9] VGC 2026 Reg I","players":["vestige666","2Raider"],"log":"|j|\u2606vestige666\n|j|\u26062Raider\n|t:|1773765078\n|gametype|doubles\n|player|p1|vestige666|blackbelt-gen4dp|1252\n|player|p2|2Raider|ethan|1152\n|gen|9\n|tier|[Gen 9] VGC 2026 Reg I\n|rated|\n|rule|Species Clause: Limit one of each Pok\u00e9mon\n|rule|Item Clause: Limit 1 of each item\n|clearpoke\n|poke|p1|Miraidon, L50|\n|poke|p1|Groudon, L50|\n|poke|p1|Raging Bolt, L50|\n|poke|p1|Farigiraf, L50, M|\n|poke|p1|Whimsicott, L50, F|\n|poke|p1|Iron Bundle, L50|\n|poke|p2|Rillaboom, L50, M|\n|poke|p2|Koraidon, L50|\n|poke|p2|Giratina-Origin, L50|\n|poke|p2|Typhlosion, L50, M|\n|poke|p2|Flutter Mane, L50|\n|poke|p2|Ogerpon-Wellspring, L50, F|\n|teampreview|4\n|\n|t:|1773765128\n|teamsize|p1|4\n|teamsize|p2|4\n|start\n|switch|p1a: Nerissa|Miraidon, L50|100/100\n|switch|p1b: Cecilia immergreen|Whimsicott, L50, F|100/100\n|switch|p2a: Rillaboom|Rillaboom, L50, M, shiny|100/100\n|switch|p2b: Flutter Mane|Flutter Mane, L50|100/100\n|-fieldstart|move: Electric Terrain|[from] ability: Hadron Engine|[of] p1a: Nerissa\n|-fieldstart|move: Grassy Terrain|[from] ability: Grassy Surge|[of] p2a: Rillaboom\n|turn|1\n|\n|t:|1773765158\n|-terastallize|p1a: Nerissa|Fire\n|move|p2a: Rillaboom|Fake Out|p1a: Nerissa\n|-damage|p1a: Nerissa|89/100\n|move|p1b: Cecilia immergreen|Light Screen|p1b: Cecilia immergreen\n|-sidestart|p1: vestige666|move: Light Screen\n|move|p2b: Flutter Mane|Moonblast|p1a: Nerissa\n|-resisted|p1a: Nerissa\n|-damage|p1a: Nerissa|80/100\n|-unboost|p1a: Nerissa|spa|1\n|cant|p1a: Nerissa|flinch\n|\n|-heal|p1a: Nerissa|86/100|[from] Grassy Terrain\n|upkeep\n|turn|2\n|\n|t:|1773765206\n|switch|p1a: Biboo|Raging Bolt, L50|100/100\n|move|p1b: Cecilia immergreen|Encore|p2a: Rillaboom\n|-start|p2a: Rillaboom|Encore\n|move|p2b: Flutter Mane|Moonblast|p1b: Cecilia immergreen\n|-damage|p1b: Cecilia immergreen|60/100\n|move|p2a: Rillaboom|Fake Out||[still]\n|-hint|Fake Out only works on your first turn out.\n|-fail|p2a: Rillaboom\n|\n|-heal|p1b: Cecilia immergreen|66/100|[from] Grassy Terrain\n|upkeep\n|turn|3\n|\n|t:|1773765247\n|switch|p1b: Nerissa|Miraidon, L50, tera:Fire|86/100\n|-fieldstart|move: Electric Terrain|[from] ability: Hadron Engine|[of] p1b: Nerissa\n|switch|p2a: Giratina|Giratina-Origin, L50, shiny|100/100\n|move|p2b: Flutter Mane|Moonblast|p1a: Biboo\n|-supereffective|p1a: Biboo\n|-damage|p1a: Biboo|33/100\n|move|p1a: Biboo|Rising Voltage|p2b: Flutter Mane\n|-hint|Rising Voltage's BP doubled on grounded target.\n|-enditem|p2b: Flutter Mane|Focus Sash\n|-damage|p2b: Flutter Mane|1/100\n|-damage|p1a: Biboo|23/100|[from] item: Life Orb\n|\n|upkeep\n|turn|4\n|\n|t:|1773765293\n|-end|p2b: Flutter Mane|Protosynthesis|[silent]\n|switch|p2b: Rillaboom|Rillaboom, L50, M, shiny|100/100\n|-fieldstart|move: Grassy Terrain|[from] ability: Grassy Surge|[of] p2b: Rillaboom\n|-terastallize|p2a: Giratina|Fire\n|move|p1a: Biboo|Thunderclap||[still]\n|-fail|p1a: Biboo\n|move|p2a: Giratina|Shadow Sneak|p1a: Biboo\n|-damage|p1a: Biboo|0 fnt\n|faint|p1a: Biboo\n|-end|p1a: Biboo|Protosynthesis|[silent]\n|move|p1b: Nerissa|Volt Switch|p2b: Rillaboom\n|-resisted|p2b: Rillaboom\n|-damage|p2b: Rillaboom|89/100\n|\n|t:|1773765328\n|switch|p1b: Gigi Murin|Iron Bundle, L50|100/100|[from] Volt Switch\n|\n|-heal|p2b: Rillaboom|95/100|[from] Grassy Terrain\n|upkeep\n|\n|t:|1773765337\n|switch|p1a: Nerissa|Miraidon, L50, tera:Fire|86/100\n|-fieldstart|move: Electric Terrain|[from] ability: Hadron Engine|[of] p1a: Nerissa\n|-activate|p1b: Gigi Murin|ability: Quark Drive\n|-start|p1b: Gigi Murin|quarkdrivespe\n|turn|5\n|\n|t:|1773765372\n|-end|p1b: Gigi Murin|Quark Drive|[silent]\n|switch|p1b: Cecilia immergreen|Whimsicott, L50, F|66/100\n|move|p2a: Giratina|Shadow Sneak|p1b: Cecilia immergreen\n|-damage|p1b: Cecilia immergreen|31/100\n|move|p1a: Nerissa|Electro Drift|p2a: Giratina\n|-damage|p2a: Giratina|33/100\n|move|p2b: Rillaboom|Grassy Glide|p1b: Cecilia immergreen\n|-resisted|p1b: Cecilia immergreen\n|-damage|p1b: Cecilia immergreen|15/100\n|\n|-sideend|p1: vestige666|move: Light Screen\n|upkeep\n|turn|6\n|\n|t:|1773765409\n|move|p2a: Giratina|Protect|p2a: Giratina\n|-singleturn|p2a: Giratina|Protect\n|move|p1b: Cecilia immergreen|Encore|p2a: Giratina\n|-activate|p2a: Giratina|move: Protect\n|move|p1a: Nerissa|Overheat|p2b: Rillaboom\n|-supereffective|p2b: Rillaboom\n|-damage|p2b: Rillaboom|3/100\n|-unboost|p1a: Nerissa|spa|2\n|move|p2b: Rillaboom|Grassy Glide|p1b: Cecilia immergreen\n|-resisted|p1b: Cecilia immergreen\n|-damage|p1b: Cecilia immergreen|2/100\n|\n|upkeep\n|turn|7\n|c|\u2606vestige666|gg\n|\n|t:|1773765484\n|move|p1b: Cecilia immergreen|Encore|p2a: Giratina\n|-start|p2a: Giratina|Encore\n|move|p2a: Giratina|Protect||[still]\n|-fail|p2a: Giratina\n|move|p1a: Nerissa|Electro Drift|p2b: Rillaboom\n|-resisted|p2b: Rillaboom\n|-damage|p2b: Rillaboom|0 fnt\n|faint|p2b: Rillaboom\n|\n|upkeep\n|\n|t:|1773765491\n|switch|p2b: Flutter Mane|Flutter Mane, L50|1/100\n|turn|8\n|\n|t:|1773765518\n|switch|p2a: Koraidon|Koraidon, L50, shiny|100/100\n|-weather|SunnyDay|[from] ability: Orichalcum Pulse|[of] p2a: Koraidon\n|-activate|p2b: Flutter Mane|ability: Protosynthesis\n|-start|p2b: Flutter Mane|protosynthesisspe\n|-activate|p2a: Koraidon|Orichalcum Pulse|[source]\n|move|p2b: Flutter Mane|Protect|p2b: Flutter Mane\n|-singleturn|p2b: Flutter Mane|Protect\n|move|p1b: Cecilia immergreen|Tailwind|p1b: Cecilia immergreen\n|-sidestart|p1: vestige666|move: Tailwind\n|move|p1a: Nerissa|Electro Drift|p2b: Flutter Mane\n|-activate|p2b: Flutter Mane|move: Protect\n|\n|-weather|SunnyDay|[upkeep]\n|upkeep\n|turn|9\n|\n|t:|1773765546\n|switch|p1a: Gigi Murin|Iron Bundle, L50|100/100\n|-activate|p1a: Gigi Murin|ability: Quark Drive\n|-start|p1a: Gigi Murin|quarkdrivespe\n|move|p2a: Koraidon|Protect|p2a: Koraidon\n|-singleturn|p2a: Koraidon|Protect\n|move|p1b: Cecilia immergreen|Encore|p2b: Flutter Mane\n|-start|p2b: Flutter Mane|Encore\n|move|p2b: Flutter Mane|Protect||[still]\n|-fail|p2b: Flutter Mane\n|\n|-weather|SunnyDay|[upkeep]\n|-fieldend|move: Electric Terrain\n|-end|p1a: Gigi Murin|Quark Drive\n|upkeep\n|turn|10\n|-message|2Raider forfeited.\n|\n|win|vestige666\n|raw|vestige666's rating: 1252 &rarr; <strong>1270</strong><br />(+18 for winning)\n|raw|2Raider's rating: 1152 &rarr; <strong>1134</strong><br />(-18 for losing)\n|l|\u26062Raider\n|player|p2|\n","uploadtime":1773765700,"views":10,"formatid":"gen9vgc2026regi","rating":1134,"private":0,"password":null}