{"id":"gen9vgc2026regi-2552625806","format":"[Gen 9] VGC 2026 Reg I","players":["Maphoo","slucin"],"log":"|j|\u2606Maphoo\n|j|\u2606slucin\n|t:|1772738112\n|gametype|doubles\n|player|p1|Maphoo|170|1419\n|player|p2|slucin|steven|1507\n|gen|9\n|tier|[Gen 9] VGC 2026 Reg I\n|rated|\n|rule|Species Clause: Limit one of each Pok\u00e9mon\n|rule|Item Clause: Limit 1 of each item\n|clearpoke\n|poke|p1|Lunala, L50|\n|poke|p1|Indeedee-F, L50, F|\n|poke|p1|Roaring Moon, L50|\n|poke|p1|Kyogre, L50|\n|poke|p1|Urshifu-*, L50, M|\n|poke|p1|Ursaluna, L50, M|\n|poke|p2|Urshifu-*, L50, M|\n|poke|p2|Calyrex-Shadow, L50|\n|poke|p2|Incineroar, L50, F|\n|poke|p2|Miraidon, L50|\n|poke|p2|Whimsicott, L50, F|\n|poke|p2|Clefairy, L50, F|\n|teampreview|4\n|\n|t:|1772738140\n|teamsize|p1|4\n|teamsize|p2|4\n|start\n|switch|p1a: Lunala|Lunala, L50, shiny|100/100\n|switch|p1b: Indeedee|Indeedee-F, L50, F, shiny|100/100\n|switch|p2a: Urshifu|Urshifu-Rapid-Strike, L50, M|100/100\n|switch|p2b: Miraidon|Miraidon, L50|100/100\n|-fieldstart|move: Electric Terrain|[from] ability: Hadron Engine|[of] p2b: Miraidon\n|-fieldstart|move: Psychic Terrain|[from] ability: Psychic Surge|[of] p1b: Indeedee\n|-enditem|p1b: Indeedee|Psychic Seed\n|-boost|p1b: Indeedee|spd|1|[from] item: Psychic Seed\n|turn|1\n|\n|t:|1772738162\n|switch|p1b: Ursaluna|Ursaluna, L50, M, shiny|100/100\n|move|p2b: Miraidon|Snarl|p1b: Ursaluna|[spread] p1a,p1b\n|-supereffective|p1a: Lunala\n|-damage|p1a: Lunala|75/100\n|-damage|p1b: Ursaluna|87/100\n|-unboost|p1a: Lunala|spa|1\n|-unboost|p1b: Ursaluna|spa|1\n|move|p2a: Urshifu|Surging Strikes|p1a: Lunala\n|-crit|p1a: Lunala\n|-damage|p1a: Lunala|54/100\n|-crit|p1a: Lunala\n|-damage|p1a: Lunala|34/100\n|-crit|p1a: Lunala\n|-damage|p1a: Lunala|15/100\n|-hitcount|p1a: Lunala|3\n|move|p1a: Lunala|Expanding Force|p2a: Urshifu|[spread] p2a,p2b\n|-supereffective|p2a: Urshifu\n|-enditem|p2a: Urshifu|Focus Sash\n|-damage|p2a: Urshifu|1/100\n|-damage|p2b: Miraidon|65/100\n|\n|-status|p1b: Ursaluna|brn|[from] item: Flame Orb\n|upkeep\n|turn|2\n|\n|t:|1772738198\n|switch|p2b: Clefairy|Clefairy, L50, F|100/100\n|switch|p1b: Indeedee|Indeedee-F, L50, F, shiny|100/100\n|-terastallize|p1a: Lunala|Fairy\n|move|p2a: Urshifu|Surging Strikes|p1b: Indeedee\n|-crit|p1b: Indeedee\n|-damage|p1b: Indeedee|80/100\n|-crit|p1b: Indeedee\n|-damage|p1b: Indeedee|61/100\n|-crit|p1b: Indeedee\n|-damage|p1b: Indeedee|40/100\n|-hitcount|p1b: Indeedee|3\n|move|p1a: Lunala|Expanding Force|p2b: Clefairy|[spread] p2a,p2b\n|-supereffective|p2a: Urshifu\n|-damage|p2a: Urshifu|0 fnt\n|-damage|p2b: Clefairy|61/100\n|faint|p2a: Urshifu\n|\n|upkeep\n|\n|t:|1772738207\n|switch|p2a: Miraidon|Miraidon, L50|65/100\n|-fieldstart|move: Electric Terrain|[from] ability: Hadron Engine|[of] p2a: Miraidon\n|turn|3\n|\n|t:|1772738220\n|switch|p1a: Ursaluna|Ursaluna, L50, M, shiny|87/100 brn\n|switch|p2b: Calyrex|Calyrex-Shadow, L50|100/100\n|-ability|p2b: Calyrex|As One\n|-ability|p2b: Calyrex|Unnerve\n|move|p2a: Miraidon|Volt Switch|p1a: Ursaluna\n|-immune|p1a: Ursaluna\n|move|p1b: Indeedee|Trick Room|p1b: Indeedee\n|-fieldstart|move: Trick Room|[of] p1b: Indeedee\n|\n|-damage|p1a: Ursaluna|81/100 brn|[from] brn\n|upkeep\n|turn|4\n|\n|t:|1772738240\n|switch|p2a: Clefairy|Clefairy, L50, F|61/100\n|-terastallize|p2b: Calyrex|Fairy\n|move|p1b: Indeedee|Helping Hand|p1a: Ursaluna\n|-singleturn|p1a: Ursaluna|Helping Hand|[of] p1b: Indeedee\n|move|p1a: Ursaluna|Facade|p2a: Clefairy\n|-damage|p2a: Clefairy|0 fnt\n|faint|p2a: Clefairy\n|move|p2b: Calyrex|Draining Kiss|p1b: Indeedee\n|-damage|p1b: Indeedee|7/100\n|\n|-damage|p1a: Ursaluna|75/100 brn|[from] brn\n|upkeep\n|\n|t:|1772738246\n|switch|p2a: Miraidon|Miraidon, L50|65/100\n|-activate|p2a: Miraidon|ability: Hadron Engine\n|turn|5\n|-message|slucin forfeited.\n|\n|win|Maphoo\n|raw|Maphoo's rating: 1419 &rarr; <strong>1444</strong><br />(+25 for winning)\n|raw|slucin's rating: 1507 &rarr; <strong>1482</strong><br />(-25 for losing)\n|l|\u2606Maphoo\n|player|p1|\n|l|\u2606slucin\n|player|p2|\n","uploadtime":1772738410,"views":14,"formatid":"gen9vgc2026regi","rating":1444,"private":0,"password":null}