{"id":"gen9vgc2026regi-2554076365","format":"[Gen 9] VGC 2026 Reg I","players":["anegasak","Cello L."],"log":"|j|\u2606anegasak\n|j|\u2606Cello L.\n|t:|1772917040\n|gametype|doubles\n|player|p1|anegasak|101|1370\n|player|p2|Cello L.|psychic-gen4|1390\n|gen|9\n|tier|[Gen 9] VGC 2026 Reg I\n|rated|\n|rule|Species Clause: Limit one of each Pok\u00e9mon\n|rule|Item Clause: Limit 1 of each item\n|clearpoke\n|poke|p1|Koraidon, L50|\n|poke|p1|Lunala, L50|\n|poke|p1|Flutter Mane, L50|\n|poke|p1|Chi-Yu, L50|\n|poke|p1|Raging Bolt, L50|\n|poke|p1|Brute Bonnet, L50|\n|poke|p2|Calyrex-Shadow, L50|\n|poke|p2|Koraidon, L50|\n|poke|p2|Regieleki, L50|\n|poke|p2|Volcarona, L50, M|\n|poke|p2|Rillaboom, L50, F|\n|poke|p2|Incineroar, L50, F|\n|teampreview|4\n|\n|t:|1772917090\n|teamsize|p1|4\n|teamsize|p2|4\n|start\n|switch|p1a: Koraidon|Koraidon, L50|100/100\n|switch|p1b: Flutter Mane|Flutter Mane, L50|100/100\n|switch|p2a: Koraidon|Koraidon, L50|100/100\n|switch|p2b: Incineroar|Incineroar, L50, F|100/100\n|-weather|SunnyDay|[from] ability: Orichalcum Pulse|[of] p1a: Koraidon\n|-activate|p1b: Flutter Mane|ability: Protosynthesis\n|-start|p1b: Flutter Mane|protosynthesisspe\n|-activate|p1a: Koraidon|Orichalcum Pulse|[source]\n|-activate|p2a: Koraidon|ability: Orichalcum Pulse\n|-ability|p2b: Incineroar|Intimidate|boost\n|-fail|p1a: Koraidon|unboost|[from] item: Clear Amulet|[of] p1a: Koraidon\n|-unboost|p1b: Flutter Mane|atk|1\n|turn|1\n|\n|t:|1772917129\n|move|p1b: Flutter Mane|Protect|p1b: Flutter Mane\n|-singleturn|p1b: Flutter Mane|Protect\n|move|p1a: Koraidon|Protect|p1a: Koraidon\n|-singleturn|p1a: Koraidon|Protect\n|move|p2a: Koraidon|Protect|p2a: Koraidon\n|-singleturn|p2a: Koraidon|Protect\n|move|p2b: Incineroar|Roar|p1b: Flutter Mane\n|-end|p1b: Flutter Mane|Protosynthesis|[silent]\n|drag|p1b: Lunala|Lunala, L50|100/100\n|\n|-weather|SunnyDay|[upkeep]\n|upkeep\n|turn|2\n|\n|t:|1772917164\n|switch|p2b: Calyrex|Calyrex-Shadow, L50|100/100\n|-ability|p2b: Calyrex|As One\n|-ability|p2b: Calyrex|Unnerve\n|move|p1a: Koraidon|Flame Charge|p2a: Koraidon\n|-resisted|p2a: Koraidon\n|-damage|p2a: Koraidon|87/100\n|-boost|p1a: Koraidon|spe|1\n|move|p2a: Koraidon|Flame Charge|p1b: Lunala\n|-damage|p1b: Lunala|85/100\n|-boost|p2a: Koraidon|spe|1\n|move|p1b: Lunala|Meteor Beam||[still]\n|-prepare|p1b: Lunala|Meteor Beam\n|-boost|p1b: Lunala|spa|1\n|-enditem|p1b: Lunala|Power Herb\n|-anim|p1b: Lunala|Meteor Beam|p2b: Calyrex\n|-damage|p2b: Calyrex|32/100\n|\n|-weather|SunnyDay|[upkeep]\n|upkeep\n|turn|3\n|\n|t:|1772917213\n|switch|p2b: Incineroar|Incineroar, L50, F|100/100\n|-ability|p2b: Incineroar|Intimidate|boost\n|-fail|p1a: Koraidon|unboost|[from] item: Clear Amulet|[of] p1a: Koraidon\n|-unboost|p1b: Lunala|atk|1\n|move|p2a: Koraidon|Protect|p2a: Koraidon\n|-singleturn|p2a: Koraidon|Protect\n|move|p1a: Koraidon|Flame Charge|p2b: Incineroar\n|-resisted|p2b: Incineroar\n|-damage|p2b: Incineroar|87/100\n|-boost|p1a: Koraidon|spe|1\n|move|p1b: Lunala|Moongeist Beam|p2a: Koraidon\n|-activate|p2a: Koraidon|move: Protect\n|\n|-weather|SunnyDay|[upkeep]\n|upkeep\n|turn|4\n|\n|t:|1772917247\n|-terastallize|p2a: Koraidon|Fire\n|move|p2b: Incineroar|Fake Out|p1a: Koraidon\n|-damage|p1a: Koraidon|92/100\n|cant|p1a: Koraidon|flinch\n|move|p2a: Koraidon|Flare Blitz|p1b: Lunala\n|-damage|p1b: Lunala|0 fnt\n|faint|p1b: Lunala\n|-damage|p2a: Koraidon|58/100|[from] Recoil\n|\n|-weather|SunnyDay|[upkeep]\n|upkeep\n|\n|t:|1772917276\n|switch|p1b: Chi-Yu|Chi-Yu, L50|100/100\n|-ability|p1b: Chi-Yu|Beads of Ruin\n|turn|5\n|\n|t:|1772917292\n|move|p1a: Koraidon|Low Kick|p2b: Incineroar\n|-supereffective|p2b: Incineroar\n|-damage|p2b: Incineroar|0 fnt\n|faint|p2b: Incineroar\n|move|p2a: Koraidon|Collision Course|p1b: Chi-Yu\n|-supereffective|p1b: Chi-Yu\n|-damage|p1b: Chi-Yu|0 fnt\n|faint|p1b: Chi-Yu\n|\n|-weather|none\n|upkeep\n|\n|t:|1772917313\n|switch|p1b: Flutter Mane|Flutter Mane, L50|100/100\n|switch|p2b: Regieleki|Regieleki, L50|100/100\n|turn|6\n|\n|t:|1772917353\n|move|p1b: Flutter Mane|Protect|p1b: Flutter Mane\n|-singleturn|p1b: Flutter Mane|Protect\n|move|p1a: Koraidon|Flame Charge|p2b: Regieleki\n|-damage|p2b: Regieleki|64/100\n|-boost|p1a: Koraidon|spe|1\n|move|p2a: Koraidon|Flame Charge|p1b: Flutter Mane\n|-activate|p1b: Flutter Mane|move: Protect\n|move|p2b: Regieleki|Electroweb|p1a: Koraidon|[spread] p1a\n|-activate|p1b: Flutter Mane|move: Protect\n|-resisted|p1a: Koraidon\n|-damage|p1a: Koraidon|80/100\n|\n|upkeep\n|turn|7\n|\n|t:|1772917383\n|-terastallize|p1b: Flutter Mane|Fairy\n|move|p2b: Regieleki|Protect|p2b: Regieleki\n|-singleturn|p2b: Regieleki|Protect\n|move|p1a: Koraidon|Low Kick|p2a: Koraidon\n|-damage|p2a: Koraidon|10/100\n|move|p2a: Koraidon|Flame Charge|p1b: Flutter Mane\n|-damage|p1b: Flutter Mane|36/100\n|-boost|p2a: Koraidon|spe|1\n|move|p1b: Flutter Mane|Moonblast|p2b: Regieleki\n|-activate|p2b: Regieleki|move: Protect\n|\n|upkeep\n|turn|8\n|\n|t:|1772917428\n|move|p2a: Koraidon|Protect|p2a: Koraidon\n|-singleturn|p2a: Koraidon|Protect\n|move|p1a: Koraidon|Low Kick|p2a: Koraidon\n|-activate|p2a: Koraidon|move: Protect\n|move|p2b: Regieleki|Thunderbolt|p1b: Flutter Mane\n|-damage|p1b: Flutter Mane|0 fnt\n|faint|p1b: Flutter Mane\n|-end|p1b: Flutter Mane|Protosynthesis|[silent]\n|\n|upkeep\n|turn|9\n|\n|t:|1772917462\n|switch|p2a: Calyrex|Calyrex-Shadow, L50|32/100\n|-ability|p2a: Calyrex|As One\n|-ability|p2a: Calyrex|Unnerve\n|move|p1a: Koraidon|Low Kick|p2a: Calyrex\n|-immune|p2a: Calyrex\n|move|p2b: Regieleki|Thunderbolt|p1a: Koraidon\n|-resisted|p1a: Koraidon\n|-damage|p1a: Koraidon|56/100\n|\n|upkeep\n|turn|10\n|-message|anegasak forfeited.\n|\n|win|Cello L.\n|raw|anegasak's rating: 1370 &rarr; <strong>1351</strong><br />(-19 for losing)\n|raw|Cello L.'s rating: 1390 &rarr; <strong>1409</strong><br />(+19 for winning)\n|l|\u2606anegasak\n|player|p1|\n|l|\u2606Cello L.\n|player|p2|\n","uploadtime":1772917489,"views":12,"formatid":"gen9vgc2026regi","rating":1351,"private":0,"password":null}