{"id":"gen9vgc2026regi-2560741603","format":"[Gen 9] VGC 2026 Reg I","players":["patrickthisisnt","It'sJustKen VGC"],"log":"|j|\u2606patrickthisisnt\n|j|\u2606It'sJustKen VGC\n|t:|1773719153\n|gametype|doubles\n|player|p1|patrickthisisnt|169|1301\n|player|p2|It'sJustKen VGC|1|1319\n|gen|9\n|tier|[Gen 9] VGC 2026 Reg I\n|rated|\n|rule|Species Clause: Limit one of each Pok\u00e9mon\n|rule|Item Clause: Limit 1 of each item\n|clearpoke\n|poke|p1|Scream Tail, L50|\n|poke|p1|Ho-Oh, L50|\n|poke|p1|Calyrex-Shadow, L50|\n|poke|p1|Politoed, L50, F|\n|poke|p1|Gothitelle, L50, M|\n|poke|p1|Basculegion, L50, M|\n|poke|p2|Koraidon, L50|\n|poke|p2|Incineroar, L50, M|\n|poke|p2|Raging Bolt, L50|\n|poke|p2|Amoonguss, L50, F|\n|poke|p2|Flutter Mane, L50|\n|poke|p2|Lunala, L50|\n|teampreview|4\n|inactive|Battle timer is ON: inactive players will automatically lose when time's up. (requested by It'sJustKen VGC)\npatrickthisisnt has agreed to open team sheets.\n|inactive|It'sJustKen VGC has 60 seconds left.\n|\n|t:|1773719207\n|teamsize|p1|4\n|teamsize|p2|4\n|start\n|switch|p1a: Calyrex|Calyrex-Shadow, L50|100/100\n|switch|p1b: Gothitelle|Gothitelle, L50, M|100/100\n|switch|p2a: Raging Bolt|Raging Bolt, L50|100/100\n|switch|p2b: Incineroar|Incineroar, L50, M|100/100\n|-ability|p1a: Calyrex|As One\n|-ability|p1a: Calyrex|Unnerve\n|-ability|p2b: Incineroar|Intimidate|boost\n|-unboost|p1a: Calyrex|atk|1\n|-unboost|p1b: Gothitelle|atk|1\n|turn|1\n|inactive|patrickthisisnt has 30 seconds left.\n|\n|t:|1773719237\n|switch|p1a: Politoed|Politoed, L50, F|100/100\n|-weather|RainDance|[from] ability: Drizzle|[of] p1a: Politoed\n|move|p1b: Gothitelle|Fake Out|p2a: Raging Bolt\n|-damage|p2a: Raging Bolt|97/100\n|cant|p2a: Raging Bolt|flinch\n|move|p2b: Incineroar|U-turn|p1a: Politoed\n|-damage|p1a: Politoed|79/100\n|\n|t:|1773719251\n|switch|p2b: Flutter Mane|Flutter Mane, L50|100/100|[from] U-turn\n|\n|-weather|RainDance|[upkeep]\n|-heal|p1a: Politoed|85/100|[from] item: Leftovers\n|upkeep\n|turn|2\n|inactive|patrickthisisnt has 30 seconds left.\n|inactive|patrickthisisnt has 20 seconds left.\n|inactive|patrickthisisnt has 15 seconds left.\n|\n|t:|1773719292\n|move|p1b: Gothitelle|Helping Hand|p1a: Politoed\n|-singleturn|p1a: Politoed|Helping Hand|[of] p1b: Gothitelle\n|move|p2b: Flutter Mane|Shadow Ball|p1b: Gothitelle\n|-supereffective|p1b: Gothitelle\n|-damage|p1b: Gothitelle|38/100\n|-enditem|p1b: Gothitelle|Sitrus Berry|[eat]\n|-heal|p1b: Gothitelle|63/100|[from] item: Sitrus Berry\n|move|p2a: Raging Bolt|Volt Switch|p1b: Gothitelle\n|-damage|p1b: Gothitelle|20/100\n|\n|t:|1773719310\n|-end|p2a: Raging Bolt|Protosynthesis|[silent]\n|switch|p2a: Amoonguss|Amoonguss, L50, F|100/100|[from] Volt Switch\n|move|p1a: Politoed|Muddy Water|p2b: Flutter Mane|[spread] p2a,p2b\n|-resisted|p2a: Amoonguss\n|-damage|p2a: Amoonguss|72/100\n|-damage|p2b: Flutter Mane|34/100\n|-unboost|p2b: Flutter Mane|accuracy|1\n|\n|-weather|RainDance|[upkeep]\n|-heal|p1a: Politoed|91/100|[from] item: Leftovers\n|upkeep\n|turn|3\n|inactive|patrickthisisnt has 30 seconds left.\n|\n|t:|1773719339\n|-end|p2b: Flutter Mane|Protosynthesis|[silent]\n|switch|p2b: Raging Bolt|Raging Bolt, L50|97/100\n|switch|p1b: Ho-Oh|Ho-Oh, L50|100/100\n|-terastallize|p1a: Politoed|Grass\n|move|p1a: Politoed|Muddy Water|p2b: Raging Bolt|[spread] p2a,p2b\n|-resisted|p2a: Amoonguss\n|-resisted|p2b: Raging Bolt\n|-damage|p2a: Amoonguss|54/100\n|-damage|p2b: Raging Bolt|79/100\n|move|p2a: Amoonguss|Spore|p1a: Politoed\n|-immune|p1a: Politoed\n|\n|-weather|RainDance|[upkeep]\n|-heal|p1a: Politoed|97/100|[from] item: Leftovers\n|upkeep\n|turn|4\n|\n|t:|1773719357\n|switch|p2a: Incineroar|Incineroar, L50, M|100/100\n|-ability|p2a: Incineroar|Intimidate|boost\n|-unboost|p1a: Politoed|atk|1\n|-unboost|p1b: Ho-Oh|atk|1\n|move|p1b: Ho-Oh|Brave Bird|p2a: Incineroar\n|-damage|p2a: Incineroar|69/100\n|-damage|p1b: Ho-Oh|90/100|[from] Recoil\n|move|p2b: Raging Bolt|Volt Switch|p1b: Ho-Oh\n|-supereffective|p1b: Ho-Oh\n|-damage|p1b: Ho-Oh|19/100\n|-enditem|p1b: Ho-Oh|Eject Button\n|\n|t:|1773719369\n|switch|p1b: Gothitelle|Gothitelle, L50, M|20/100\n|move|p1a: Politoed|Perish Song|p1a: Politoed\n|-start|p1a: Politoed|perish3|[silent]\n|-start|p1b: Gothitelle|perish3|[silent]\n|-start|p2a: Incineroar|perish3|[silent]\n|-start|p2b: Raging Bolt|perish3|[silent]\n|-fieldactivate|move: Perish Song\n|\n|-weather|RainDance|[upkeep]\n|-heal|p1a: Politoed|100/100|[from] item: Leftovers\n|-start|p2b: Raging Bolt|perish3\n|-start|p1a: Politoed|perish3\n|-start|p1b: Gothitelle|perish3\n|-start|p2a: Incineroar|perish3\n|upkeep\n|turn|5\n|\n|t:|1773719386\n|move|p1b: Gothitelle|Fake Out|p2b: Raging Bolt\n|-damage|p2b: Raging Bolt|74/100\n|cant|p2b: Raging Bolt|flinch\n|move|p1a: Politoed|Muddy Water|p2b: Raging Bolt|[spread] p2a,p2b\n|-supereffective|p2a: Incineroar\n|-resisted|p2b: Raging Bolt\n|-damage|p2a: Incineroar|19/100\n|-damage|p2b: Raging Bolt|58/100\n|move|p2a: Incineroar|U-turn|p1a: Politoed\n|-supereffective|p1a: Politoed\n|-damage|p1a: Politoed|52/100\n|\n|t:|1773719402\n|switch|p2a: Amoonguss|Amoonguss, L50, F|87/100|[from] U-turn\n|\n|-weather|none\n|-heal|p1a: Politoed|58/100|[from] item: Leftovers\n|-start|p2b: Raging Bolt|perish2\n|-start|p1a: Politoed|perish2\n|-start|p1b: Gothitelle|perish2\n|upkeep\n|turn|6\n|\n|t:|1773719414\n|switch|p1a: Calyrex|Calyrex-Shadow, L50|100/100\n|-ability|p1a: Calyrex|As One\n|-ability|p1a: Calyrex|Unnerve\n|move|p1b: Gothitelle|Protect|p1b: Gothitelle\n|-singleturn|p1b: Gothitelle|Protect\n|move|p2b: Raging Bolt|Volt Switch|p1b: Gothitelle\n|-activate|p1b: Gothitelle|move: Protect\n|move|p2a: Amoonguss|Pollen Puff|p2b: Raging Bolt\n|-heal|p2b: Raging Bolt|100/100\n|\n|-start|p2b: Raging Bolt|perish1\n|-start|p1b: Gothitelle|perish1\n|upkeep\n|turn|7\n|\n|t:|1773719432\n|switch|p1b: Politoed|Politoed, L50, F, tera:Grass|58/100\n|-weather|RainDance|[from] ability: Drizzle|[of] p1b: Politoed\n|move|p1a: Calyrex|Disable|p2b: Raging Bolt\n|-start|p2b: Raging Bolt|Disable|Volt Switch\n|cant|p2b: Raging Bolt|Disable|Volt Switch\n|move|p2a: Amoonguss|Spore|p1a: Calyrex\n|-status|p1a: Calyrex|slp|[from] move: Spore\n|\n|-weather|RainDance|[upkeep]\n|-heal|p1b: Politoed|64/100|[from] item: Leftovers\n|-start|p2b: Raging Bolt|perish0\n|upkeep\n|faint|p2b: Raging Bolt\n|-end|p2b: Raging Bolt|Protosynthesis|[silent]\n|\n|t:|1773719442\n|switch|p2b: Incineroar|Incineroar, L50, M|19/100\n|-ability|p2b: Incineroar|Intimidate|boost\n|-unboost|p1a: Calyrex|atk|1\n|-unboost|p1b: Politoed|atk|1\n|turn|8\n|\n|t:|1773719465\n|-terastallize|p2b: Incineroar|Grass\n|cant|p1a: Calyrex|slp\n|move|p1b: Politoed|Muddy Water|p2b: Incineroar|[spread] \n|-miss|p1b: Politoed|p2a: Amoonguss\n|-miss|p1b: Politoed|p2b: Incineroar\n|move|p2b: Incineroar|U-turn|p1a: Calyrex\n|-damage|p1a: Calyrex|74/100 slp\n|\n|t:|1773719481\n|switch|p2b: Flutter Mane|Flutter Mane, L50|34/100|[from] U-turn\n|move|p2a: Amoonguss|Pollen Puff|p2b: Flutter Mane\n|-heal|p2b: Flutter Mane|84/100\n|\n|-weather|RainDance|[upkeep]\n|-heal|p1b: Politoed|70/100|[from] item: Leftovers\n|upkeep\n|turn|9\n|\n|t:|1773719494\n|cant|p1a: Calyrex|slp\n|move|p2b: Flutter Mane|Icy Wind|p1b: Politoed|[spread] p1a,p1b\n|-supereffective|p1b: Politoed\n|-damage|p1a: Calyrex|59/100 slp\n|-damage|p1b: Politoed|41/100\n|-unboost|p1a: Calyrex|spe|1\n|-unboost|p1b: Politoed|spe|1\n|move|p1b: Politoed|Muddy Water|p2b: Flutter Mane|[spread] p2a,p2b\n|-resisted|p2a: Amoonguss\n|-damage|p2a: Amoonguss|68/100\n|-damage|p2b: Flutter Mane|37/100\n|move|p2a: Amoonguss|Pollen Puff|p2b: Flutter Mane\n|-heal|p2b: Flutter Mane|87/100\n|\n|-weather|RainDance|[upkeep]\n|-heal|p1b: Politoed|47/100|[from] item: Leftovers\n|upkeep\n|turn|10\n|inactive|It'sJustKen VGC has 30 seconds left.\n|\n|t:|1773719522\n|switch|p1a: Ho-Oh|Ho-Oh, L50|53/100\n|move|p2b: Flutter Mane|Shadow Ball|p1a: Ho-Oh\n|-damage|p1a: Ho-Oh|26/100\n|-unboost|p1a: Ho-Oh|spd|1\n|move|p1b: Politoed|Perish Song|p1b: Politoed\n|-start|p1a: Ho-Oh|perish3|[silent]\n|-start|p1b: Politoed|perish3|[silent]\n|-start|p2a: Amoonguss|perish3|[silent]\n|-start|p2b: Flutter Mane|perish3|[silent]\n|-fieldactivate|move: Perish Song\n|move|p2a: Amoonguss|Pollen Puff|p2b: Flutter Mane\n|-heal|p2b: Flutter Mane|100/100\n|\n|-weather|RainDance|[upkeep]\n|-heal|p1b: Politoed|54/100|[from] item: Leftovers\n|-start|p2b: Flutter Mane|perish3\n|-start|p1a: Ho-Oh|perish3\n|-start|p1b: Politoed|perish3\n|-start|p2a: Amoonguss|perish3\n|upkeep\n|turn|11\n|\n|t:|1773719541\n|switch|p1a: Calyrex|Calyrex-Shadow, L50|59/100 slp\n|-ability|p1a: Calyrex|As One\n|-ability|p1a: Calyrex|Unnerve\n|move|p1b: Politoed|Protect|p1b: Politoed\n|-singleturn|p1b: Politoed|Protect\n|move|p2b: Flutter Mane|Shadow Ball|p1a: Calyrex\n|-supereffective|p1a: Calyrex\n|-damage|p1a: Calyrex|0 fnt\n|faint|p1a: Calyrex\n|move|p2a: Amoonguss|Pollen Puff|p1b: Politoed\n|-activate|p1b: Politoed|move: Protect\n|\n|-weather|none\n|-heal|p1b: Politoed|60/100|[from] item: Leftovers\n|-start|p2b: Flutter Mane|perish2\n|-start|p1b: Politoed|perish2\n|-start|p2a: Amoonguss|perish2\n|upkeep\n|\n|t:|1773719553\n|switch|p1a: Gothitelle|Gothitelle, L50, M|20/100\n|turn|12\n|\n|t:|1773719576\n|-end|p2b: Flutter Mane|Protosynthesis|[silent]\n|switch|p2b: Incineroar|Incineroar, L50, M, tera:Grass|19/100\n|-ability|p2b: Incineroar|Intimidate|boost\n|-unboost|p1a: Gothitelle|atk|1\n|-unboost|p1b: Politoed|atk|1\n|switch|p1b: Ho-Oh|Ho-Oh, L50|60/100\n|move|p1a: Gothitelle|Fake Out|p2a: Amoonguss\n|-damage|p2a: Amoonguss|66/100\n|cant|p2a: Amoonguss|flinch\n|\n|-start|p2a: Amoonguss|perish1\n|upkeep\n|turn|13\n|\n|t:|1773719599\n|move|p1b: Ho-Oh|Protect|p1b: Ho-Oh\n|-singleturn|p1b: Ho-Oh|Protect\n|move|p2b: Incineroar|Fake Out|p1b: Ho-Oh\n|-activate|p1b: Ho-Oh|move: Protect\n|move|p2a: Amoonguss|Spore|p1b: Ho-Oh\n|-activate|p1b: Ho-Oh|move: Protect\n|move|p1a: Gothitelle|Trick Room|p1a: Gothitelle\n|-fieldstart|move: Trick Room|[of] p1a: Gothitelle\n|\n|-start|p2a: Amoonguss|perish0\n|faint|p2a: Amoonguss\n|upkeep\n|\n|t:|1773719602\n|switch|p2a: Flutter Mane|Flutter Mane, L50|100/100\n|turn|14\n|\n|t:|1773719625\n|move|p1a: Gothitelle|Helping Hand|p1b: Ho-Oh\n|-singleturn|p1b: Ho-Oh|Helping Hand|[of] p1a: Gothitelle\n|move|p1b: Ho-Oh|Protect||[still]\n|-fail|p1b: Ho-Oh\n|move|p2b: Incineroar|Knock Off|p1a: Gothitelle\n|-supereffective|p1a: Gothitelle\n|-damage|p1a: Gothitelle|0 fnt\n|faint|p1a: Gothitelle\n|move|p2a: Flutter Mane|Shadow Ball|p1b: Ho-Oh\n|-damage|p1b: Ho-Oh|33/100\n|\n|upkeep\n|\n|t:|1773719631\n|switch|p1a: Politoed|Politoed, L50, F, tera:Grass|60/100\n|-weather|RainDance|[from] ability: Drizzle|[of] p1a: Politoed\n|turn|15\n|inactive|It'sJustKen VGC has 30 seconds left.\n|inactive|It'sJustKen VGC has 20 seconds left.\n|inactive|It'sJustKen VGC has 15 seconds left.\n|inactive|It'sJustKen VGC has 10 seconds left.\n|\n|t:|1773719679\n|move|p2b: Incineroar|Knock Off|p1b: Ho-Oh\n|-damage|p1b: Ho-Oh|6/100\n|move|p1a: Politoed|Weather Ball|p2b: Incineroar\n|-resisted|p2b: Incineroar\n|-damage|p2b: Incineroar|0 fnt\n|faint|p2b: Incineroar\n|move|p1b: Ho-Oh|Life Dew|p1b: Ho-Oh|[spread] p1a,p1b\n|-heal|p1a: Politoed|85/100\n|-heal|p1b: Ho-Oh|31/100\n|move|p2a: Flutter Mane|Moonblast|p1a: Politoed\n|-damage|p1a: Politoed|36/100\n|-unboost|p1a: Politoed|spa|1\n|\n|-weather|RainDance|[upkeep]\n|-heal|p1a: Politoed|42/100|[from] item: Leftovers\n|upkeep\n|turn|16\n|\n|t:|1773719697\n|move|p1a: Politoed|Weather Ball|p2a: Flutter Mane\n|-damage|p2a: Flutter Mane|59/100\n|move|p1b: Ho-Oh|Brave Bird|p2a: Flutter Mane\n|-damage|p2a: Flutter Mane|0 fnt\n|faint|p2a: Flutter Mane\n|-end|p2a: Flutter Mane|Protosynthesis|[silent]\n|-damage|p1b: Ho-Oh|19/100|[from] Recoil\n|\n|win|patrickthisisnt\n|raw|patrickthisisnt's rating: 1301 &rarr; <strong>1322</strong><br />(+21 for winning)\n|raw|It&apos;sJustKen VGC's rating: 1319 &rarr; <strong>1298</strong><br />(-21 for losing)\n|c|\u2606patrickthisisnt|gg\n","uploadtime":1773719750,"views":10,"formatid":"gen9vgc2026regi","rating":1298,"private":0,"password":null}