{"id":"gen9vgc2026regi-2573810931","format":"[Gen 9] VGC 2026 Reg I","players":["1VLTSQ Joker","KaiMVGC"],"log":"|raw|<div class=\"broadcast-blue\"><strong>This battle is required to be public due to a player having a name starting with '1vltsq'.</div>\n|j|\u26061VLTSQ Joker\n|j|\u2606KaiMVGC\n|t:|1775167118\n|gametype|doubles\n|player|p1|1VLTSQ Joker|blue|1592\n|player|p2|KaiMVGC|boarder|1555\n|gen|9\n|tier|[Gen 9] VGC 2026 Reg I\n|rated|\n|rule|Species Clause: Limit one of each Pok\u00e9mon\n|rule|Item Clause: Limit 1 of each item\n|clearpoke\n|poke|p1|Calyrex-Ice, L50|\n|poke|p1|Smeargle, L50, F|\n|poke|p1|Kyogre, L50|\n|poke|p1|Maushold, L50|\n|poke|p1|Volcarona, L50, F|\n|poke|p1|Pawmot, L50, F|\n|poke|p2|Calyrex-Shadow, L50|\n|poke|p2|Zamazenta-*, L50|\n|poke|p2|Smeargle, L50, M|\n|poke|p2|Rillaboom, L50, F|\n|poke|p2|Tornadus, L50, M|\n|poke|p2|Raging Bolt, L50|\n|teampreview|4\n|inactive|Battle timer is ON: inactive players will automatically lose when time's up. (requested by KaiMVGC)\n|inactive|1VLTSQ Joker has 60 seconds left.\n|\n|t:|1775167170\n|teamsize|p1|4\n|teamsize|p2|4\n|start\n|switch|p1a: Calyrex|Calyrex-Ice, L50|100/100\n|switch|p1b: Smeargle|Smeargle, L50, F|100/100\n|switch|p2a: Calyrex|Calyrex-Shadow, L50|100/100\n|switch|p2b: Smeargle|Smeargle, L50, M|100/100\n|-ability|p2a: Calyrex|As One\n|-ability|p2a: Calyrex|Unnerve\n|-ability|p1a: Calyrex|As One\n|-ability|p1a: Calyrex|Unnerve\n|turn|1\n|j| elpapugrasoso1\n|\n|t:|1775167189\n|-terastallize|p2b: Smeargle|Ghost\n|-terastallize|p1a: Calyrex|Grass\n|move|p2a: Calyrex|Protect|p2a: Calyrex\n|-singleturn|p2a: Calyrex|Protect\n|move|p1b: Smeargle|Fake Out|p2b: Smeargle\n|-immune|p2b: Smeargle\n|move|p2b: Smeargle|Spore|p1b: Smeargle\n|-status|p1b: Smeargle|slp|[from] move: Spore\n|move|p1a: Calyrex|Glacial Lance|p2b: Smeargle|[spread] p2b\n|-activate|p2a: Calyrex|move: Protect\n|-enditem|p2b: Smeargle|Focus Sash\n|-damage|p2b: Smeargle|1/100\n|\n|-ability|p2b: Smeargle|Moody|boost\n|-boost|p2b: Smeargle|atk|2\n|-unboost|p2b: Smeargle|spd|1\n|-ability|p1b: Smeargle|Moody|boost\n|-boost|p1b: Smeargle|spd|2\n|-unboost|p1b: Smeargle|atk|1\n|upkeep\n|turn|2\n|\n|t:|1775167207\n|move|p2b: Smeargle|Wide Guard|p2b: Smeargle\n|-singleturn|p2b: Smeargle|Wide Guard\n|move|p2a: Calyrex|Nasty Plot|p2a: Calyrex\n|-boost|p2a: Calyrex|spa|2\n|cant|p1b: Smeargle|slp\n|move|p1a: Calyrex|Glacial Lance|p2b: Smeargle|[spread] \n|-activate|p2a: Calyrex|move: Wide Guard\n|-activate|p2b: Smeargle|move: Wide Guard\n|\n|-ability|p1b: Smeargle|Moody|boost\n|-boost|p1b: Smeargle|def|2\n|-unboost|p1b: Smeargle|spd|1\n|-ability|p2b: Smeargle|Moody|boost\n|-boost|p2b: Smeargle|spe|2\n|-unboost|p2b: Smeargle|spa|1\n|upkeep\n|turn|3\n|j| CrazyyBoi\n|j| pangolier\n|\n|t:|1775167225\n|move|p2b: Smeargle|Follow Me|p2b: Smeargle\n|-singleturn|p2b: Smeargle|move: Follow Me\n|move|p2a: Calyrex|Astral Barrage|p1b: Smeargle|[spread] p1a\n|-immune|p1b: Smeargle\n|-damage|p1a: Calyrex|25/100\n|-damage|p2a: Calyrex|91/100|[from] item: Life Orb\n|cant|p1b: Smeargle|slp\n|move|p1a: Calyrex|Crunch|p2b: Smeargle\n|-supereffective|p2b: Smeargle\n|-damage|p2b: Smeargle|0 fnt\n|faint|p2b: Smeargle\n|-ability|p1a: Calyrex|Chilling Neigh|boost\n|-boost|p1a: Calyrex|atk|1\n|\n|-ability|p1b: Smeargle|Moody|boost\n|-boost|p1b: Smeargle|atk|2\n|-unboost|p1b: Smeargle|spe|1\n|upkeep\n|\n|t:|1775167238\n|switch|p2b: Rillaboom|Rillaboom, L50, F|100/100\n|-fieldstart|move: Grassy Terrain|[from] ability: Grassy Surge|[of] p2b: Rillaboom\n|turn|4\n|\n|t:|1775167248\n|move|p2b: Rillaboom|Fake Out|p1b: Smeargle\n|-damage|p1b: Smeargle|86/100 slp\n|move|p2a: Calyrex|Astral Barrage|p1b: Smeargle|[spread] p1a\n|-immune|p1b: Smeargle\n|-damage|p1a: Calyrex|0 fnt\n|faint|p1a: Calyrex\n|-ability|p2a: Calyrex|Grim Neigh|boost\n|-boost|p2a: Calyrex|spa|1\n|-damage|p2a: Calyrex|81/100|[from] item: Life Orb\n|-curestatus|p1b: Smeargle|slp|[msg]\n|cant|p1b: Smeargle|flinch\n|\n|-heal|p2a: Calyrex|88/100|[from] Grassy Terrain\n|-heal|p1b: Smeargle|92/100|[from] Grassy Terrain\n|-ability|p1b: Smeargle|Moody|boost\n|-boost|p1b: Smeargle|def|2\n|-unboost|p1b: Smeargle|spe|1\n|upkeep\n|l| elpapugrasoso1\n|\n|t:|1775167254\n|switch|p1a: Kyogre|Kyogre, L50|100/100\n|-weather|RainDance|[from] ability: Drizzle|[of] p1a: Kyogre\n|turn|5\n|\n|t:|1775167274\n|move|p1b: Smeargle|Follow Me|p1b: Smeargle\n|-singleturn|p1b: Smeargle|move: Follow Me\n|move|p1a: Kyogre|Water Spout|p2a: Calyrex|[spread] p2a,p2b\n|-resisted|p2b: Rillaboom\n|-damage|p2a: Calyrex|0 fnt\n|-damage|p2b: Rillaboom|71/100\n|faint|p2a: Calyrex\n|move|p2b: Rillaboom|Wood Hammer|p1b: Smeargle\n|-damage|p1b: Smeargle|40/100\n|-damage|p2b: Rillaboom|58/100|[from] Recoil\n|\n|-weather|RainDance|[upkeep]\n|-heal|p2b: Rillaboom|64/100|[from] Grassy Terrain\n|-heal|p1b: Smeargle|46/100|[from] Grassy Terrain\n|-ability|p1b: Smeargle|Moody|boost\n|-boost|p1b: Smeargle|spd|2\n|-unboost|p1b: Smeargle|def|1\n|upkeep\n|\n|t:|1775167279\n|switch|p2a: Zamazenta|Zamazenta-Crowned, L50|100/100\n|-ability|p2a: Zamazenta|Dauntless Shield|boost\n|-boost|p2a: Zamazenta|def|1\n|turn|6\n|\n|t:|1775167288\n|switch|p1a: Pawmot|Pawmot, L50, F|100/100\n|move|p2a: Zamazenta|Wide Guard|p2a: Zamazenta\n|-singleturn|p2a: Zamazenta|Wide Guard\n|move|p2b: Rillaboom|Wood Hammer|p1b: Smeargle\n|-damage|p1b: Smeargle|0 fnt\n|faint|p1b: Smeargle\n|-damage|p2b: Rillaboom|52/100|[from] Recoil\n|\n|-weather|RainDance|[upkeep]\n|-heal|p2b: Rillaboom|58/100|[from] Grassy Terrain\n|upkeep\n|\n|t:|1775167297\n|switch|p1b: Kyogre|Kyogre, L50|100/100\n|turn|7\n|inactive|1VLTSQ Joker has 30 seconds left.\n|inactive|KaiMVGC has 30 seconds left.\n|inactive|1VLTSQ Joker has 20 seconds left.\n|inactive|KaiMVGC has 20 seconds left.\n|inactive|KaiMVGC has 15 seconds left.\n|inactive|KaiMVGC has 10 seconds left.\n|inactive|KaiMVGC has 5 seconds left.\n|\n|t:|1775167352\n|move|p1a: Pawmot|Fake Out|p2b: Rillaboom\n|-damage|p2b: Rillaboom|48/100\n|move|p1b: Kyogre|Water Spout|p2a: Zamazenta|[spread] p2a,p2b\n|-resisted|p2b: Rillaboom\n|-damage|p2a: Zamazenta|34/100\n|-damage|p2b: Rillaboom|21/100\n|move|p2a: Zamazenta|Body Press|p1b: Kyogre\n|-damage|p1b: Kyogre|27/100\n|cant|p2b: Rillaboom|flinch\n|\n|-weather|RainDance|[upkeep]\n|-heal|p1b: Kyogre|32/100|[from] Grassy Terrain\n|-heal|p2a: Zamazenta|40/100|[from] Grassy Terrain\n|-heal|p2b: Rillaboom|27/100|[from] Grassy Terrain\n|upkeep\n|turn|8\n|inactive|KaiMVGC has 30 seconds left.\n|inactive|1VLTSQ Joker has 30 seconds left.\n|inactive|KaiMVGC has 20 seconds left.\n|inactive|KaiMVGC has 15 seconds left.\n|inactive|KaiMVGC has 10 seconds left.\n|inactive|1VLTSQ Joker has 20 seconds left.\n|inactive|KaiMVGC has 5 seconds left.\n|\n|t:|1775167407\n|move|p1b: Kyogre|Water Spout|p2a: Zamazenta|[spread] p2a,p2b\n|-resisted|p2b: Rillaboom\n|-damage|p2a: Zamazenta|18/100\n|-damage|p2b: Rillaboom|18/100\n|move|p1a: Pawmot|Revival Blessing|p1a: Pawmot\n|\n|t:|1775167414\n|-heal|p1: Calyrex|50/100|[from] move: Revival Blessing\n|move|p2a: Zamazenta|Body Press|p1a: Pawmot\n|-damage|p1a: Pawmot|7/100\n|move|p2b: Rillaboom|Wood Hammer|p1b: Kyogre\n|-supereffective|p1b: Kyogre\n|-damage|p1b: Kyogre|0 fnt\n|faint|p1b: Kyogre\n|-damage|p2b: Rillaboom|9/100|[from] Recoil\n|\n|-weather|RainDance|[upkeep]\n|-heal|p1a: Pawmot|13/100|[from] Grassy Terrain\n|-heal|p2a: Zamazenta|24/100|[from] Grassy Terrain\n|-heal|p2b: Rillaboom|15/100|[from] Grassy Terrain\n|-fieldend|move: Grassy Terrain\n|upkeep\n|\n|t:|1775167423\n|switch|p1b: Calyrex|Calyrex-Ice, L50|50/100\n|-ability|p1b: Calyrex|As One\n|-ability|p1b: Calyrex|Unnerve\n|turn|9\n|\n|t:|1775167445\n|move|p2a: Zamazenta|Protect|p2a: Zamazenta\n|-singleturn|p2a: Zamazenta|Protect\n|move|p1a: Pawmot|Close Combat|p2b: Rillaboom\n|-damage|p2b: Rillaboom|0 fnt\n|-unboost|p1a: Pawmot|def|1\n|-unboost|p1a: Pawmot|spd|1\n|faint|p2b: Rillaboom\n|move|p1b: Calyrex|High Horsepower|p2a: Zamazenta\n|-activate|p2a: Zamazenta|move: Protect\n|\n|-weather|none\n|upkeep\n|turn|10\n|\n|t:|1775167453\n|move|p1a: Pawmot|Close Combat|p2a: Zamazenta\n|-supereffective|p2a: Zamazenta\n|-damage|p2a: Zamazenta|0 fnt\n|-unboost|p1a: Pawmot|def|1\n|-unboost|p1a: Pawmot|spd|1\n|faint|p2a: Zamazenta\n|\n|win|1VLTSQ Joker\n|raw|1VLTSQ Joker's rating: 1592 &rarr; <strong>1610</strong><br />(+18 for winning)\n|raw|KaiMVGC's rating: 1555 &rarr; <strong>1537</strong><br />(-18 for losing)\n|l|\u26061VLTSQ Joker\n|player|p1|\n|l| CrazyyBoi\n|l| pangolier\n","uploadtime":1775167667,"views":14,"formatid":"gen9vgc2026regi","rating":1537,"private":0,"password":null}