{"id":"gen9vgc2026regi-2518521866","format":"[Gen 9] VGC 2026 Reg I","players":["pogego","blackred123\u5415\u5e03\u4fa0"],"log":"|j|\u203dpogego\n|j|\u2606blackred123\u5415\u5e03\u4fa0\n|t:|1768400782\n|gametype|doubles\n|player|p1|pogego|alder|1171\n|player|p2|blackred123\u5415\u5e03\u4fa0|iono-masters|1259\n|gen|9\n|tier|[Gen 9] VGC 2026 Reg I\n|rated|\n|rule|Species Clause: Limit one of each Pok\u00e9mon\n|rule|Item Clause: Limit 1 of each item\n|clearpoke\n|poke|p1|Groudon, L50|\n|poke|p1|Indeedee-F, L50, F|\n|poke|p1|Whimsicott, L50, F|\n|poke|p1|Iron Valiant, L50|\n|poke|p1|Chi-Yu, L50|\n|poke|p1|Calyrex-Shadow, L50|\n|poke|p2|Calyrex-Shadow, L50|\n|poke|p2|Zamazenta-*, L50|\n|poke|p2|Incineroar, L50, M|\n|poke|p2|Rillaboom, L50, M|\n|poke|p2|Ogerpon-Cornerstone, L50, F|\n|poke|p2|Tornadus, L50, M|\n|teampreview|4\n|inactive|Battle timer is ON: inactive players will automatically lose when time's up. (requested by pogego)\n|inactive|blackred123\u5415\u5e03\u4fa0 also wants the timer to be on.\n|inactive|pogego has 60 seconds left.\n|\n|t:|1768400819\n|teamsize|p1|4\n|teamsize|p2|4\n|start\n|switch|p1a: Iron Valiant|Iron Valiant, L50|100/100\n|switch|p1b: Indeedee|Indeedee-F, L50, F|100/100\n|switch|p2a: \u54c7\u8884\uff08\u72d7\u53eb\u58f0\uff09|Zamazenta-Crowned, L50|100/100\n|switch|p2b: \u5e05otto\u5e05|Incineroar, L50, M|100/100\n|-ability|p2a: \u54c7\u8884\uff08\u72d7\u53eb\u58f0\uff09|Dauntless Shield|boost\n|-boost|p2a: \u54c7\u8884\uff08\u72d7\u53eb\u58f0\uff09|def|1\n|-fieldstart|move: Psychic Terrain|[from] ability: Psychic Surge|[of] p1b: Indeedee\n|-ability|p2b: \u5e05otto\u5e05|Intimidate|boost\n|-unboost|p1a: Iron Valiant|atk|1\n|-unboost|p1b: Indeedee|atk|1\n|-enditem|p1a: Iron Valiant|Booster Energy\n|-activate|p1a: Iron Valiant|ability: Quark Drive|[fromitem]\n|-start|p1a: Iron Valiant|quarkdrivespe\n|turn|1\n|\n|t:|1768400836\n|move|p1b: Indeedee|Helping Hand|p1a: Iron Valiant\n|-singleturn|p1a: Iron Valiant|Helping Hand|[of] p1b: Indeedee\n|move|p1a: Iron Valiant|Aura Sphere|p2b: \u5e05otto\u5e05\n|-supereffective|p2b: \u5e05otto\u5e05\n|-crit|p2b: \u5e05otto\u5e05\n|-damage|p2b: \u5e05otto\u5e05|0 fnt\n|faint|p2b: \u5e05otto\u5e05\n|move|p2a: \u54c7\u8884\uff08\u72d7\u53eb\u58f0\uff09|Heavy Slam|p1a: Iron Valiant\n|-supereffective|p1a: Iron Valiant\n|-damage|p1a: Iron Valiant|0 fnt\n|faint|p1a: Iron Valiant\n|-end|p1a: Iron Valiant|Quark Drive|[silent]\n|\n|upkeep\n|\n|t:|1768400855\n|switch|p1a: Calyrex|Calyrex-Shadow, L50|100/100\n|switch|p2b: \u5636\u9a6c\u51a0\u54e5|Calyrex-Shadow, L50|100/100\n|-ability|p2b: \u5636\u9a6c\u51a0\u54e5|As One\n|-ability|p2b: \u5636\u9a6c\u51a0\u54e5|Unnerve\n|-ability|p1a: Calyrex|As One\n|-ability|p1a: Calyrex|Unnerve\n|turn|2\n|\n|t:|1768400867\n|-terastallize|p2b: \u5636\u9a6c\u51a0\u54e5|Dark\n|move|p1a: Calyrex|Protect|p1a: Calyrex\n|-singleturn|p1a: Calyrex|Protect\n|move|p2b: \u5636\u9a6c\u51a0\u54e5|Psychic|p1b: Indeedee\n|-resisted|p1b: Indeedee\n|-damage|p1b: Indeedee|70/100\n|move|p2a: \u54c7\u8884\uff08\u72d7\u53eb\u58f0\uff09|Heavy Slam|p1b: Indeedee\n|-damage|p1b: Indeedee|24/100\n|move|p1b: Indeedee|Trick Room|p1b: Indeedee\n|-fieldstart|move: Trick Room|[of] p1b: Indeedee\n|\n|upkeep\n|turn|3\n|\n|t:|1768400883\n|-terastallize|p1a: Calyrex|Stellar\n|move|p1b: Indeedee|Helping Hand|p1a: Calyrex\n|-singleturn|p1a: Calyrex|Helping Hand|[of] p1b: Indeedee\n|move|p2b: \u5636\u9a6c\u51a0\u54e5|Protect|p2b: \u5636\u9a6c\u51a0\u54e5\n|-singleturn|p2b: \u5636\u9a6c\u51a0\u54e5|Protect\n|move|p2a: \u54c7\u8884\uff08\u72d7\u53eb\u58f0\uff09|Heavy Slam|p1b: Indeedee\n|-damage|p1b: Indeedee|0 fnt\n|faint|p1b: Indeedee\n|move|p1a: Calyrex|Tera Blast|p2b: \u5636\u9a6c\u51a0\u54e5|[anim] Tera Blast Stellar\n|-activate|p2b: \u5636\u9a6c\u51a0\u54e5|move: Protect\n|\n|upkeep\n|\n|t:|1768400894\n|switch|p1b: Groudon|Groudon, L50|100/100\n|-weather|SunnyDay|[from] ability: Drought|[of] p1b: Groudon\n|turn|4\n|inactive|blackred123\u5415\u5e03\u4fa0 has 30 seconds left.\n|\n|t:|1768400920\n|switch|p2b: \u68cd\u7236|Tornadus, L50, M|100/100\n|move|p1b: Groudon|Precipice Blades|p2a: \u54c7\u8884\uff08\u72d7\u53eb\u58f0\uff09|[spread] p2a\n|-immune|p2b: \u68cd\u7236\n|-supereffective|p2a: \u54c7\u8884\uff08\u72d7\u53eb\u58f0\uff09\n|-damage|p2a: \u54c7\u8884\uff08\u72d7\u53eb\u58f0\uff09|49/100\n|-damage|p1b: Groudon|91/100|[from] item: Life Orb\n|move|p2a: \u54c7\u8884\uff08\u72d7\u53eb\u58f0\uff09|Heavy Slam|p1a: Calyrex\n|-damage|p1a: Calyrex|45/100\n|move|p1a: Calyrex|Tera Blast|p2b: \u68cd\u7236|[anim] Tera Blast Stellar\n|-damage|p2b: \u68cd\u7236|40/100\n|-unboost|p1a: Calyrex|atk|1\n|-unboost|p1a: Calyrex|spa|1\n|\n|-weather|SunnyDay|[upkeep]\n|upkeep\n|turn|5\n|\n|t:|1768400935\n|move|p1b: Groudon|Precipice Blades|p2b: \u68cd\u7236|[spread] p2a\n|-immune|p2b: \u68cd\u7236\n|-supereffective|p2a: \u54c7\u8884\uff08\u72d7\u53eb\u58f0\uff09\n|-damage|p2a: \u54c7\u8884\uff08\u72d7\u53eb\u58f0\uff09|0 fnt\n|faint|p2a: \u54c7\u8884\uff08\u72d7\u53eb\u58f0\uff09\n|-damage|p1b: Groudon|81/100|[from] item: Life Orb\n|move|p2b: \u68cd\u7236|Bleakwind Storm|p1a: Calyrex|[spread] p1a\n|-miss|p2b: \u68cd\u7236|p1b: Groudon\n|-damage|p1a: Calyrex|13/100\n|move|p1a: Calyrex|Tera Blast|p2b: \u68cd\u7236|[anim] Tera Blast Stellar\n|-damage|p2b: \u68cd\u7236|11/100\n|-unboost|p1a: Calyrex|atk|1\n|-unboost|p1a: Calyrex|spa|1\n|\n|-weather|SunnyDay|[upkeep]\n|-fieldend|move: Psychic Terrain\n|upkeep\n|\n|t:|1768400940\n|switch|p2a: \u5636\u9a6c\u51a0\u54e5|Calyrex-Shadow, L50, tera:Dark|100/100\n|-ability|p2a: \u5636\u9a6c\u51a0\u54e5|As One\n|-ability|p2a: \u5636\u9a6c\u51a0\u54e5|Unnerve\n|turn|6\n|\n|t:|1768400962\n|move|p2b: \u68cd\u7236|Protect|p2b: \u68cd\u7236\n|-singleturn|p2b: \u68cd\u7236|Protect\n|move|p2a: \u5636\u9a6c\u51a0\u54e5|Protect|p2a: \u5636\u9a6c\u51a0\u54e5\n|-singleturn|p2a: \u5636\u9a6c\u51a0\u54e5|Protect\n|move|p1b: Groudon|Heat Crash|p2b: \u68cd\u7236\n|-activate|p2b: \u68cd\u7236|move: Protect\n|move|p1a: Calyrex|Nasty Plot|p1a: Calyrex\n|-boost|p1a: Calyrex|spa|2\n|\n|-weather|SunnyDay|[upkeep]\n|-fieldend|move: Trick Room\n|upkeep\n|turn|7\n|\n|t:|1768400984\n|move|p2a: \u5636\u9a6c\u51a0\u54e5|Astral Barrage|p1a: Calyrex|[spread] p1a,p1b\n|-supereffective|p1a: Calyrex\n|-damage|p1a: Calyrex|0 fnt\n|-damage|p1b: Groudon|20/100\n|faint|p1a: Calyrex\n|-ability|p2a: \u5636\u9a6c\u51a0\u54e5|Grim Neigh|boost\n|-boost|p2a: \u5636\u9a6c\u51a0\u54e5|spa|1\n|move|p2b: \u68cd\u7236|Bleakwind Storm|p1b: Groudon\n|-damage|p1b: Groudon|0 fnt\n|faint|p1b: Groudon\n|\n|win|blackred123\u5415\u5e03\u4fa0\n|raw|pogego's rating: 1171 &rarr; <strong>1152</strong><br />(-19 for losing)\n|raw|blackred123\u5415\u5e03\u4fa0's rating: 1259 &rarr; <strong>1278</strong><br />(+19 for winning)\n","uploadtime":1768400995,"views":14,"formatid":"gen9vgc2026regi","rating":1152,"private":0,"password":null}