{"id":"gen9vgc2026regi-2560618785","format":"[Gen 9] VGC 2026 Reg I","players":["yetinator","eye-zitt"],"log":"|j|\u2606yetinator\n|j|\u2606eye-zitt\n|t:|1773705100\n|gametype|doubles\n|player|p1|yetinator|shadowtriad|1208\n|player|p2|eye-zitt|hilbert|1267\n|gen|9\n|tier|[Gen 9] VGC 2026 Reg I\n|rated|\n|rule|Species Clause: Limit one of each Pok\u00e9mon\n|rule|Item Clause: Limit 1 of each item\n|clearpoke\n|poke|p1|Kyogre, L50|\n|poke|p1|Zamazenta-*, L50|\n|poke|p1|Landorus, L50, M|\n|poke|p1|Tornadus, L50, M|\n|poke|p1|Urshifu-*, L50, F|\n|poke|p1|Flutter Mane, L50|\n|poke|p2|Terapagos, L50, M|\n|poke|p2|Incineroar, L50, M|\n|poke|p2|Rillaboom, L50, M|\n|poke|p2|Ogerpon-Cornerstone, L50, F|\n|poke|p2|Flutter Mane, L50|\n|poke|p2|Calyrex-Shadow, L50|\n|teampreview|4\n|inactive|Battle timer is ON: inactive players will automatically lose when time's up. (requested by yetinator)\n|\n|t:|1773705115\n|teamsize|p1|4\n|teamsize|p2|4\n|start\n|switch|p1a: Kyogre|Kyogre, L50|100/100\n|switch|p1b: Tornadus|Tornadus, L50, M|100/100\n|switch|p2a: Flutter Mane|Flutter Mane, L50|100/100\n|switch|p2b: Terapagos|Terapagos, L50, M|100/100\n|-activate|p2b: Terapagos|ability: Tera Shift\n|detailschange|p2b: Terapagos|Terapagos-Terastal, L50, M\n|-heal|p2b: Terapagos|100/100|[silent]\n|-weather|RainDance|[from] ability: Drizzle|[of] p1a: Kyogre\n|-enditem|p2a: Flutter Mane|Booster Energy\n|-activate|p2a: Flutter Mane|ability: Protosynthesis|[fromitem]\n|-start|p2a: Flutter Mane|protosynthesisspe\n|turn|1\n|\n|t:|1773705127\n|move|p1b: Tornadus|Tailwind|p1b: Tornadus\n|-sidestart|p1: yetinator|move: Tailwind\n|move|p2a: Flutter Mane|Icy Wind|p1a: Kyogre|[spread] p1a,p1b\n|-resisted|p1a: Kyogre\n|-supereffective|p1b: Tornadus\n|-damage|p1a: Kyogre|96/100\n|-damage|p1b: Tornadus|74/100\n|-unboost|p1a: Kyogre|spe|1\n|-unboost|p1b: Tornadus|spe|1\n|move|p1a: Kyogre|Water Spout|p2a: Flutter Mane|[spread] p2a,p2b\n|-activate|p2b: Terapagos|ability: Tera Shell\n|-resisted|p2b: Terapagos\n|-damage|p2a: Flutter Mane|0 fnt\n|-damage|p2b: Terapagos|40/100\n|faint|p2a: Flutter Mane\n|-end|p2a: Flutter Mane|Protosynthesis|[silent]\n|move|p2b: Terapagos|Calm Mind|p2b: Terapagos\n|-boost|p2b: Terapagos|spa|1\n|-boost|p2b: Terapagos|spd|1\n|\n|-weather|RainDance|[upkeep]\n|-heal|p2b: Terapagos|46/100|[from] item: Leftovers\n|upkeep\n|\n|t:|1773705132\n|switch|p2a: Calyrex|Calyrex-Shadow, L50|100/100\n|-ability|p2a: Calyrex|As One\n|-ability|p2a: Calyrex|Unnerve\n|turn|2\n|\n|t:|1773705152\n|switch|p1a: Zamazenta|Zamazenta-Crowned, L50|100/100\n|-ability|p1a: Zamazenta|Dauntless Shield|boost\n|-boost|p1a: Zamazenta|def|1\n|-terastallize|p2b: Terapagos|Stellar\n|detailschange|p2b: Terapagos|Terapagos-Stellar, L50, M, tera:Stellar\n|-heal|p2b: Terapagos|60/100|[silent]\n|-ability|p2b: Terapagos|Teraform Zero\n|-weather|none\n|move|p2a: Calyrex|Astral Barrage|p1b: Tornadus|[spread] p1a,p1b\n|-crit|p1a: Zamazenta\n|-damage|p1a: Zamazenta|44/100\n|-damage|p1b: Tornadus|16/100\n|move|p1b: Tornadus|Bleakwind Storm|p2a: Calyrex|[spread] p2a,p2b\n|-damage|p2a: Calyrex|70/100\n|-damage|p2b: Terapagos|46/100\n|-unboost|p2b: Terapagos|spe|1\n|move|p2b: Terapagos|Tera Starstorm|p1a: Zamazenta|[spread] p1a,p1b\n|-damage|p1a: Zamazenta|12/100\n|-damage|p1b: Tornadus|0 fnt\n|faint|p1b: Tornadus\n|\n|-heal|p2b: Terapagos|53/100|[from] item: Leftovers\n|upkeep\n|\n|t:|1773705166\n|switch|p1b: Kyogre|Kyogre, L50|96/100\n|-weather|RainDance|[from] ability: Drizzle|[of] p1b: Kyogre\n|turn|3\n|\n|t:|1773705189\n|move|p2a: Calyrex|Protect|p2a: Calyrex\n|-singleturn|p2a: Calyrex|Protect\n|move|p2b: Terapagos|Protect|p2b: Terapagos\n|-singleturn|p2b: Terapagos|Protect\n|move|p1a: Zamazenta|Heavy Slam|p2b: Terapagos\n|-activate|p2b: Terapagos|move: Protect\n|move|p1b: Kyogre|Water Spout|p2a: Calyrex|[spread] \n|-activate|p2a: Calyrex|move: Protect\n|-activate|p2b: Terapagos|move: Protect\n|\n|-weather|RainDance|[upkeep]\n|-heal|p2b: Terapagos|59/100|[from] item: Leftovers\n|upkeep\n|turn|4\n|\n|t:|1773705208\n|switch|p2a: Ogerpon|Ogerpon-Cornerstone, L50, F|100/100\n|move|p1a: Zamazenta|Heavy Slam|p2b: Terapagos\n|-damage|p2b: Terapagos|36/100\n|move|p1b: Kyogre|Water Spout|p2b: Terapagos|[spread] p2a,p2b\n|-ability|p2a: Ogerpon|Sturdy\n|-damage|p2a: Ogerpon|1/100\n|-damage|p2b: Terapagos|0 fnt\n|faint|p2b: Terapagos\n|detailschange|p2: Terapagos|Terapagos, L50, M|[silent]\n|\n|-weather|RainDance|[upkeep]\n|-sideend|p1: yetinator|move: Tailwind\n|upkeep\n|\n|t:|1773705217\n|switch|p2b: Calyrex|Calyrex-Shadow, L50|70/100\n|-ability|p2b: Calyrex|As One\n|-ability|p2b: Calyrex|Unnerve\n|turn|5\n|\n|t:|1773705229\n|-terastallize|p1b: Kyogre|Ghost\n|move|p1a: Zamazenta|Wide Guard|p1a: Zamazenta\n|-singleturn|p1a: Zamazenta|Wide Guard\n|move|p2b: Calyrex|Pollen Puff|p1a: Zamazenta\n|-resisted|p1a: Zamazenta\n|-damage|p1a: Zamazenta|6/100\n|move|p2a: Ogerpon|Ivy Cudgel|p1b: Kyogre|[anim] Ivy Cudgel Rock\n|-damage|p1b: Kyogre|46/100\n|move|p1b: Kyogre|Water Spout|p2b: Calyrex|[spread] p2a,p2b\n|-damage|p2a: Ogerpon|0 fnt\n|-damage|p2b: Calyrex|0 fnt\n|faint|p2a: Ogerpon\n|faint|p2b: Calyrex\n|\n|win|yetinator\n|raw|yetinator's rating: 1208 &rarr; <strong>1237</strong><br />(+29 for winning)\n|raw|eye-zitt's rating: 1267 &rarr; <strong>1238</strong><br />(-29 for losing)\n","uploadtime":1773705241,"views":11,"formatid":"gen9vgc2026regi","rating":1237,"private":0,"password":null}