{"id":"gen9vgc2026regi-2529986567","format":"[Gen 9] VGC 2026 Reg I","players":["blackred123","Dalamuder61"],"log":"|j|\u2606blackred123\n|j|\u2606Dalamuder61\n|t:|1769859100\n|gametype|doubles\n|player|p1|blackred123|iono-masters|1404\n|player|p2|Dalamuder61|drayden|1336\n|gen|9\n|tier|[Gen 9] VGC 2026 Reg I\n|rated|\n|rule|Species Clause: Limit one of each Pok\u00e9mon\n|rule|Item Clause: Limit 1 of each item\n|clearpoke\n|poke|p1|Lunala, L50|\n|poke|p1|Koraidon, L50|\n|poke|p1|Chi-Yu, L50|\n|poke|p1|Flutter Mane, L50|\n|poke|p1|Brute Bonnet, L50|\n|poke|p1|Ursaluna, L50, F|\n|poke|p2|Koraidon, L50|\n|poke|p2|Flutter Mane, L50|\n|poke|p2|Incineroar, L50, M|\n|poke|p2|Raging Bolt, L50|\n|poke|p2|Ho-Oh, L50|\n|poke|p2|Rillaboom, L50, M|\n|teampreview|4\n|inactive|Battle timer is ON: inactive players will automatically lose when time's up. (requested by Dalamuder61)\n|inactive|blackred123 also wants the timer to be on.\n|inactive|blackred123 has 60 seconds left.\n|\n|t:|1769859134\n|teamsize|p1|4\n|teamsize|p2|4\n|start\n|switch|p1a: Koraidon|Koraidon, L50|100/100\n|switch|p1b: Flutter Mane|Flutter Mane, L50|100/100\n|switch|p2a: Smash Bros|Incineroar, L50, M, shiny|100/100\n|switch|p2b: Pheonix|Ho-Oh, L50|100/100\n|-weather|SunnyDay|[from] ability: Orichalcum Pulse|[of] p1a: Koraidon\n|-activate|p1b: Flutter Mane|ability: Protosynthesis\n|-start|p1b: Flutter Mane|protosynthesisspe\n|-activate|p1a: Koraidon|Orichalcum Pulse|[source]\n|-ability|p2a: Smash Bros|Intimidate|boost\n|-unboost|p1a: Koraidon|atk|1\n|-unboost|p1b: Flutter Mane|atk|1\n|turn|1\n|\n|t:|1769859146\n|-terastallize|p1a: Koraidon|Fire\n|move|p2a: Smash Bros|Fake Out|p1a: Koraidon\n|-damage|p1a: Koraidon|90/100\n|move|p1b: Flutter Mane|Shadow Ball|p2b: Pheonix\n|-damage|p2b: Pheonix|74/100\n|cant|p1a: Koraidon|flinch\n|move|p2b: Pheonix|Tailwind|p2b: Pheonix\n|-sidestart|p2: Dalamuder61|move: Tailwind\n|\n|-weather|SunnyDay|[upkeep]\n|upkeep\n|turn|2\n|inactive|Dalamuder61 has 30 seconds left.\n|\n|t:|1769859172\n|-end|p1b: Flutter Mane|Protosynthesis|[silent]\n|switch|p1b: Lunala|Lunala, L50, shiny|100/100\n|switch|p2a: Wally West|Flutter Mane, L50|100/100\n|-activate|p2a: Wally West|ability: Protosynthesis\n|-start|p2a: Wally West|protosynthesisspe\n|move|p2b: Pheonix|Brave Bird|p1a: Koraidon\n|-damage|p1a: Koraidon|35/100\n|-damage|p2b: Pheonix|59/100|[from] Recoil\n|move|p1a: Koraidon|Close Combat|p2a: Wally West\n|-immune|p2a: Wally West\n|\n|-weather|SunnyDay|[upkeep]\n|upkeep\n|turn|3\n|inactive|blackred123 has 30 seconds left.\n|inactive|Dalamuder61 has 30 seconds left.\n|\n|t:|1769859203\n|switch|p2b: Smash Bros|Incineroar, L50, M, shiny|100/100\n|-ability|p2b: Smash Bros|Intimidate|boost\n|-unboost|p1a: Koraidon|atk|1\n|-unboost|p1b: Lunala|atk|1\n|switch|p1a: Chi-Yu|Chi-Yu, L50|100/100\n|-ability|p1a: Chi-Yu|Beads of Ruin\n|move|p2a: Wally West|Shadow Ball|p1b: Lunala\n|-supereffective|p1b: Lunala\n|-damage|p1b: Lunala|27/100\n|move|p1b: Lunala|Meteor Beam||[still]\n|-prepare|p1b: Lunala|Meteor Beam\n|-boost|p1b: Lunala|spa|1\n|-enditem|p1b: Lunala|Power Herb\n|-anim|p1b: Lunala|Meteor Beam|p2b: Smash Bros\n|-supereffective|p2b: Smash Bros\n|-damage|p2b: Smash Bros|0 fnt\n|faint|p2b: Smash Bros\n|\n|-weather|SunnyDay|[upkeep]\n|upkeep\n|\n|t:|1769859219\n|switch|p2b: Winged King|Koraidon, L50, shiny|100/100\n|-activate|p2b: Winged King|ability: Orichalcum Pulse\n|turn|4\n|\n|t:|1769859246\n|switch|p1a: Flutter Mane|Flutter Mane, L50|100/100\n|-activate|p1a: Flutter Mane|ability: Protosynthesis\n|-start|p1a: Flutter Mane|protosynthesisspe\n|-terastallize|p2b: Winged King|Fire\n|move|p2a: Wally West|Shadow Ball|p1b: Lunala\n|-supereffective|p1b: Lunala\n|-crit|p1b: Lunala\n|-damage|p1b: Lunala|0 fnt\n|faint|p1b: Lunala\n|move|p2b: Winged King|Close Combat|p1a: Flutter Mane\n|-immune|p1a: Flutter Mane\n|\n|-weather|SunnyDay|[upkeep]\n|-sideend|p2: Dalamuder61|move: Tailwind\n|upkeep\n|\n|t:|1769859260\n|switch|p1b: Koraidon|Koraidon, L50, tera:Fire|35/100\n|-activate|p1b: Koraidon|ability: Orichalcum Pulse\n|turn|5\n|\n|t:|1769859277\n|move|p2a: Wally West|Icy Wind|p1a: Flutter Mane|[spread] p1a,p1b\n|-resisted|p1b: Koraidon\n|-damage|p1a: Flutter Mane|85/100\n|-damage|p1b: Koraidon|28/100\n|-unboost|p1a: Flutter Mane|spe|1\n|-unboost|p1b: Koraidon|spe|1\n|move|p2b: Winged King|Flame Charge|p1a: Flutter Mane\n|-damage|p1a: Flutter Mane|0 fnt\n|-boost|p2b: Winged King|spe|1\n|faint|p1a: Flutter Mane\n|-end|p1a: Flutter Mane|Protosynthesis|[silent]\n|-damage|p2b: Winged King|91/100|[from] item: Life Orb\n|move|p1b: Koraidon|Flame Charge|p2a: Wally West\n|-enditem|p2a: Wally West|Focus Sash\n|-damage|p2a: Wally West|1/100\n|-boost|p1b: Koraidon|spe|1\n|-damage|p1b: Koraidon|18/100|[from] item: Life Orb\n|\n|-weather|none\n|-end|p2a: Wally West|Protosynthesis\n|upkeep\n|\n|t:|1769859285\n|switch|p1a: Chi-Yu|Chi-Yu, L50|100/100\n|-ability|p1a: Chi-Yu|Beads of Ruin\n|turn|6\n|\n|t:|1769859299\n|move|p2b: Winged King|Close Combat|p1a: Chi-Yu\n|-supereffective|p1a: Chi-Yu\n|-damage|p1a: Chi-Yu|0 fnt\n|-unboost|p2b: Winged King|def|1\n|-unboost|p2b: Winged King|spd|1\n|faint|p1a: Chi-Yu\n|-damage|p2b: Winged King|81/100|[from] item: Life Orb\n|move|p1b: Koraidon|Flame Charge|p2a: Wally West\n|-damage|p2a: Wally West|0 fnt\n|-boost|p1b: Koraidon|spe|1\n|faint|p2a: Wally West\n|-end|p2a: Wally West|Protosynthesis|[silent]\n|-damage|p1b: Koraidon|8/100|[from] item: Life Orb\n|\n|upkeep\n|\n|t:|1769859303\n|switch|p2a: Pheonix|Ho-Oh, L50|92/100\n|turn|7\n|-message|blackred123 forfeited.\n|\n|win|Dalamuder61\n|raw|blackred123's rating: 1404 &rarr; <strong>1380</strong><br />(-24 for losing)\n|raw|Dalamuder61's rating: 1336 &rarr; <strong>1360</strong><br />(+24 for winning)\n|l|\u2606blackred123\n|player|p1|\n|l|\u2606Dalamuder61\n|player|p2|\n","uploadtime":1769859316,"views":20,"formatid":"gen9vgc2026regi","rating":1360,"private":0,"password":null}