{"id":"gen9vgc2026regi-2550729235","format":"[Gen 9] VGC 2026 Reg I","players":["granite blast","SHyperdestroyerVGC"],"log":"|j|\u2606granite blast\n|j|\u2606SHyperdestroyerVGC\n|t:|1772524132\n|gametype|doubles\n|player|p1|granite blast|101|1304\n|player|p2|SHyperdestroyerVGC|lady|1360\n|gen|9\n|tier|[Gen 9] VGC 2026 Reg I\n|rated|\n|rule|Species Clause: Limit one of each Pok\u00e9mon\n|rule|Item Clause: Limit 1 of each item\n|clearpoke\n|poke|p1|Calyrex-Ice, L50|\n|poke|p1|Koraidon, L50|\n|poke|p1|Incineroar, L50, M|\n|poke|p1|Ogerpon-Cornerstone, L50, F|\n|poke|p1|Flutter Mane, L50|\n|poke|p1|Ting-Lu, L50|\n|poke|p2|Miraidon, L50|\n|poke|p2|Lunala, L50|\n|poke|p2|Whimsicott, L50, M|\n|poke|p2|Incineroar, L50, M|\n|poke|p2|Ursaluna, L50, M|\n|poke|p2|Urshifu-*, L50, F|\n|teampreview|4\n|inactive|Battle timer is ON: inactive players will automatically lose when time's up. (requested by granite blast)\n|\n|t:|1772524160\n|teamsize|p1|4\n|teamsize|p2|4\n|start\n|switch|p1a: Flutter Mane|Flutter Mane, L50|100/100\n|switch|p1b: Koraidon|Koraidon, L50|100/100\n|switch|p2a: Miraidon|Miraidon, L50|100/100\n|switch|p2b: Lunala|Lunala, L50|100/100\n|-weather|SunnyDay|[from] ability: Orichalcum Pulse|[of] p1b: Koraidon\n|-activate|p1a: Flutter Mane|ability: Protosynthesis\n|-start|p1a: Flutter Mane|protosynthesisspe\n|-activate|p1b: Koraidon|Orichalcum Pulse|[source]\n|-fieldstart|move: Electric Terrain|[from] ability: Hadron Engine|[of] p2a: Miraidon\n|-enditem|p2b: Lunala|Electric Seed\n|-boost|p2b: Lunala|def|1|[from] item: Electric Seed\n|turn|1\n|\n|t:|1772524177\n|switch|p2a: Incineroar|Incineroar, L50, M|100/100\n|-ability|p2a: Incineroar|Intimidate|boost\n|-unboost|p1a: Flutter Mane|atk|1\n|-unboost|p1b: Koraidon|atk|1\n|-terastallize|p2b: Lunala|Fairy\n|move|p1a: Flutter Mane|Shadow Ball|p2b: Lunala\n|-damage|p2b: Lunala|85/100\n|move|p1b: Koraidon|Flare Blitz|p2b: Lunala\n|-damage|p2b: Lunala|46/100\n|-damage|p1b: Koraidon|85/100|[from] Recoil\n|-damage|p1b: Koraidon|75/100|[from] item: Life Orb\n|move|p2b: Lunala|Trick Room|p2b: Lunala\n|-fieldstart|move: Trick Room|[of] p2b: Lunala\n|\n|-weather|SunnyDay|[upkeep]\n|upkeep\n|turn|2\n|\n|t:|1772524192\n|switch|p1b: Ting-Lu|Ting-Lu, L50|100/100\n|-ability|p1b: Ting-Lu|Vessel of Ruin\n|move|p1a: Flutter Mane|Protect|p1a: Flutter Mane\n|-singleturn|p1a: Flutter Mane|Protect\n|move|p2a: Incineroar|Fake Out|p1b: Ting-Lu\n|-damage|p1b: Ting-Lu|95/100\n|-damage|p2a: Incineroar|84/100|[from] item: Rocky Helmet|[of] p1b: Ting-Lu\n|move|p2b: Lunala|Moongeist Beam|p1a: Flutter Mane\n|-activate|p1a: Flutter Mane|move: Protect\n|\n|-weather|SunnyDay|[upkeep]\n|upkeep\n|turn|3\n|inactive|granite blast has 30 seconds left.\n|inactive|granite blast has 20 seconds left.\n|inactive|granite blast has 15 seconds left.\n|inactive|granite blast has 10 seconds left.\n|inactive|granite blast has 5 seconds left.\n|\n|t:|1772524246\n|-end|p1a: Flutter Mane|Protosynthesis|[silent]\n|switch|p1a: Ogerpon|Ogerpon-Cornerstone, L50, F|100/100\n|move|p1b: Ting-Lu|Sand Tomb|p2b: Lunala\n|-damage|p2b: Lunala|37/100\n|-activate|p2b: Lunala|move: Sand Tomb|[of] p1b: Ting-Lu\n|move|p2a: Incineroar|U-turn|p1a: Ogerpon\n|-supereffective|p1a: Ogerpon\n|-damage|p1a: Ogerpon|50/100\n|\n|t:|1772524257\n|switch|p2a: Miraidon|Miraidon, L50|100/100|[from] U-turn\n|-activate|p2a: Miraidon|ability: Hadron Engine\n|move|p2b: Lunala|Moongeist Beam|p1a: Ogerpon\n|-damage|p1a: Ogerpon|2/100\n|\n|-weather|SunnyDay|[upkeep]\n|-damage|p2b: Lunala|25/100|[from] move: Sand Tomb|[partiallytrapped]\n|upkeep\n|turn|4\n|\n|t:|1772524280\n|move|p1b: Ting-Lu|Stomping Tantrum|p2a: Miraidon\n|-supereffective|p2a: Miraidon\n|-damage|p2a: Miraidon|47/100\n|move|p2b: Lunala|Moonblast|p1b: Ting-Lu\n|-supereffective|p1b: Ting-Lu\n|-damage|p1b: Ting-Lu|33/100\n|move|p2a: Miraidon|Dazzling Gleam|p1b: Ting-Lu|[spread] p1a,p1b\n|-supereffective|p1b: Ting-Lu\n|-damage|p1a: Ogerpon|0 fnt\n|-damage|p1b: Ting-Lu|0 fnt\n|faint|p1a: Ogerpon\n|faint|p1b: Ting-Lu\n|\n|-weather|SunnyDay|[upkeep]\n|-end|p2b: Lunala|Sand Tomb|[partiallytrapped]|[silent]\n|upkeep\n|\n|t:|1772524289\n|switch|p1b: Flutter Mane|Flutter Mane, L50|100/100\n|switch|p1a: Koraidon|Koraidon, L50|75/100\n|-activate|p1a: Koraidon|ability: Orichalcum Pulse\n|-activate|p1b: Flutter Mane|ability: Protosynthesis\n|-start|p1b: Flutter Mane|protosynthesisspe\n|turn|5\n|\n|t:|1772524306\n|switch|p2a: Incineroar|Incineroar, L50, M|84/100\n|-ability|p2a: Incineroar|Intimidate|boost\n|-unboost|p1a: Koraidon|atk|1\n|-unboost|p1b: Flutter Mane|atk|1\n|-terastallize|p1a: Koraidon|Fire\n|move|p2b: Lunala|Moongeist Beam|p1a: Koraidon\n|-damage|p1a: Koraidon|18/100\n|move|p1a: Koraidon|Close Combat|p2a: Incineroar\n|-supereffective|p2a: Incineroar\n|-damage|p2a: Incineroar|0 fnt\n|-unboost|p1a: Koraidon|def|1\n|-unboost|p1a: Koraidon|spd|1\n|faint|p2a: Incineroar\n|-damage|p1a: Koraidon|8/100|[from] item: Life Orb\n|move|p1b: Flutter Mane|Moonblast|p2b: Lunala\n|-damage|p2b: Lunala|0 fnt\n|faint|p2b: Lunala\n|\n|-weather|none\n|-end|p1b: Flutter Mane|Protosynthesis\n|-fieldend|move: Trick Room\n|-fieldend|move: Electric Terrain\n|upkeep\n|\n|t:|1772524320\n|switch|p2b: Miraidon|Miraidon, L50|47/100\n|switch|p2a: Urshifu|Urshifu-Rapid-Strike, L50, F|100/100\n|-fieldstart|move: Electric Terrain|[from] ability: Hadron Engine|[of] p2b: Miraidon\n|turn|6\n|\n|t:|1772524340\n|move|p1b: Flutter Mane|Moonblast|p2a: Urshifu\n|-supereffective|p2a: Urshifu\n|-damage|p2a: Urshifu|0 fnt\n|faint|p2a: Urshifu\n|move|p1a: Koraidon|Close Combat|p2b: Miraidon\n|-damage|p2b: Miraidon|0 fnt\n|-unboost|p1a: Koraidon|def|1\n|-unboost|p1a: Koraidon|spd|1\n|faint|p2b: Miraidon\n|-damage|p1a: Koraidon|0 fnt|[from] item: Life Orb\n|faint|p1a: Koraidon\n|\n|win|granite blast\n|raw|granite blast's rating: 1304 &rarr; <strong>1327</strong><br />(+23 for winning)\n|raw|SHyperdestroyerVGC's rating: 1360 &rarr; <strong>1337</strong><br />(-23 for losing)\n|l|\u2606SHyperdestroyerVGC\n|player|p2|\n|j|\u2606SHyperdestroyerVGC\n|player|p2|SHyperdestroyerVGC|lady|\n|l|\u2606SHyperdestroyerVGC\n|player|p2|\n|l|\u2606granite blast\n|player|p1|\n","uploadtime":1772524556,"views":14,"formatid":"gen9vgc2026regi","rating":1327,"private":0,"password":null}