{"id":"gen9vgc2026regi-2566566996","format":"[Gen 9] VGC 2026 Reg I","players":["BoyFromDetroit12","Bman311"],"log":"|j|\u2606BoyFromDetroit12\n|j|\u2606Bman311\n|t:|1774386850\n|gametype|doubles\n|player|p1|BoyFromDetroit12|hilbert-wonderlauncher|1448\n|player|p2|Bman311|169|1387\n|gen|9\n|tier|[Gen 9] VGC 2026 Reg I\n|rated|\n|rule|Species Clause: Limit one of each Pok\u00e9mon\n|rule|Item Clause: Limit 1 of each item\n|clearpoke\n|poke|p1|Grimmsnarl, L50, M|\n|poke|p1|Miraidon, L50|\n|poke|p1|Incineroar, L50, F|\n|poke|p1|Lunala, L50|\n|poke|p1|Ursaluna, L50, M|\n|poke|p1|Urshifu-*, L50, M|\n|poke|p2|Calyrex-Shadow, L50|\n|poke|p2|Koraidon, L50|\n|poke|p2|Rillaboom, L50, M|\n|poke|p2|Incineroar, L50, M|\n|poke|p2|Volcarona, L50, M|\n|poke|p2|Regieleki, L50|\n|teampreview|4\n|inactive|Battle timer is ON: inactive players will automatically lose when time's up. (requested by Bman311)\n|\n|t:|1774386866\n|teamsize|p1|4\n|teamsize|p2|4\n|start\n|switch|p1a: Miraidon|Miraidon, L50|100/100\n|switch|p1b: Lunala|Lunala, L50|100/100\n|switch|p2a: Volcarona|Volcarona, L50, M|100/100\n|switch|p2b: Incineroar|Incineroar, L50, M|100/100\n|-fieldstart|move: Electric Terrain|[from] ability: Hadron Engine|[of] p1a: Miraidon\n|-enditem|p1b: Lunala|Electric Seed\n|-boost|p1b: Lunala|def|1|[from] item: Electric Seed\n|-ability|p2b: Incineroar|Intimidate|boost\n|-unboost|p1a: Miraidon|atk|1\n|-unboost|p1b: Lunala|atk|1\n|turn|1\n|\n|t:|1774386876\n|move|p2b: Incineroar|Fake Out|p1a: Miraidon\n|-damage|p1a: Miraidon|91/100\n|cant|p1a: Miraidon|flinch\n|move|p2a: Volcarona|Quiver Dance|p2a: Volcarona\n|-boost|p2a: Volcarona|spa|1\n|-boost|p2a: Volcarona|spd|1\n|-boost|p2a: Volcarona|spe|1\n|move|p1b: Lunala|Trick Room|p1b: Lunala\n|-fieldstart|move: Trick Room|[of] p1b: Lunala\n|\n|upkeep\n|turn|2\n|\n|t:|1774386887\n|move|p2a: Volcarona|Protect|p2a: Volcarona\n|-singleturn|p2a: Volcarona|Protect\n|move|p2b: Incineroar|Knock Off|p1a: Miraidon\n|-damage|p1a: Miraidon|58/100\n|-enditem|p1a: Miraidon|Assault Vest|[from] move: Knock Off|[of] p2b: Incineroar\n|move|p1b: Lunala|Moongeist Beam|p2a: Volcarona\n|-activate|p2a: Volcarona|move: Protect\n|move|p1a: Miraidon|Electro Drift|p2a: Volcarona\n|-activate|p2a: Volcarona|move: Protect\n|\n|upkeep\n|turn|3\n|\n|t:|1774386903\n|move|p2b: Incineroar|Parting Shot|p1a: Miraidon\n|-unboost|p1a: Miraidon|atk|1\n|-unboost|p1a: Miraidon|spa|1\n|\n|t:|1774386905\n|switch|p2b: Rillaboom|Rillaboom, L50, M|100/100|[from] Parting Shot\n|-fieldstart|move: Grassy Terrain|[from] ability: Grassy Surge|[of] p2b: Rillaboom\n|move|p1b: Lunala|Moongeist Beam|p2a: Volcarona\n|-damage|p2a: Volcarona|65/100\n|move|p1a: Miraidon|Volt Switch|p2b: Rillaboom\n|-resisted|p2b: Rillaboom\n|-damage|p2b: Rillaboom|92/100\n|\n|t:|1774386916\n|switch|p1a: Ursaluna|Ursaluna, L50, M|100/100|[from] Volt Switch\n|move|p2a: Volcarona|Quiver Dance|p2a: Volcarona\n|-boost|p2a: Volcarona|spa|1\n|-boost|p2a: Volcarona|spd|1\n|-boost|p2a: Volcarona|spe|1\n|\n|-heal|p2b: Rillaboom|98/100|[from] Grassy Terrain\n|-heal|p2a: Volcarona|71/100|[from] Grassy Terrain\n|-heal|p2a: Volcarona|77/100|[from] item: Leftovers\n|-status|p1a: Ursaluna|brn|[from] item: Flame Orb\n|upkeep\n|turn|4\n|\n|t:|1774386924\n|switch|p1b: Incineroar|Incineroar, L50, F|100/100\n|-ability|p1b: Incineroar|Intimidate|boost\n|-unboost|p2a: Volcarona|atk|1\n|-unboost|p2b: Rillaboom|atk|1\n|move|p1a: Ursaluna|Protect|p1a: Ursaluna\n|-singleturn|p1a: Ursaluna|Protect\n|move|p2a: Volcarona|Protect|p2a: Volcarona\n|-singleturn|p2a: Volcarona|Protect\n|move|p2b: Rillaboom|U-turn|p1a: Ursaluna\n|-activate|p1a: Ursaluna|move: Protect\n|\n|-heal|p2b: Rillaboom|100/100|[from] Grassy Terrain\n|-heal|p2a: Volcarona|83/100|[from] Grassy Terrain\n|-heal|p2a: Volcarona|90/100|[from] item: Leftovers\n|-damage|p1a: Ursaluna|95/100 brn|[from] brn\n|upkeep\n|turn|5\n|\n|t:|1774386939\n|switch|p2b: Incineroar|Incineroar, L50, M|100/100\n|-ability|p2b: Incineroar|Intimidate|boost\n|-unboost|p1a: Ursaluna|atk|1\n|-unboost|p1b: Incineroar|atk|1\n|-terastallize|p1a: Ursaluna|Ghost\n|move|p1a: Ursaluna|Facade|p2a: Volcarona\n|-damage|p2a: Volcarona|3/100\n|move|p1b: Incineroar|Flare Blitz|p2b: Incineroar\n|-resisted|p2b: Incineroar\n|-damage|p2b: Incineroar|89/100\n|-damage|p1b: Incineroar|97/100|[from] Recoil\n|move|p2a: Volcarona|Giga Drain|p1a: Ursaluna\n|-damage|p1a: Ursaluna|39/100 brn\n|-heal|p2a: Volcarona|35/100|[from] drain|[of] p1a: Ursaluna\n|\n|-heal|p1a: Ursaluna|45/100 brn|[from] Grassy Terrain\n|-heal|p1b: Incineroar|100/100|[from] Grassy Terrain\n|-heal|p2b: Incineroar|95/100|[from] Grassy Terrain\n|-heal|p2a: Volcarona|42/100|[from] Grassy Terrain\n|-heal|p2a: Volcarona|48/100|[from] item: Leftovers\n|-damage|p1a: Ursaluna|39/100 brn|[from] brn\n|-fieldend|move: Trick Room\n|upkeep\n|turn|6\n|\n|t:|1774386955\n|move|p2b: Incineroar|Fake Out|p1b: Incineroar\n|-damage|p1b: Incineroar|94/100\n|-damage|p2b: Incineroar|78/100|[from] item: Rocky Helmet|[of] p1b: Incineroar\n|move|p2a: Volcarona|Giga Drain|p1a: Ursaluna\n|-damage|p1a: Ursaluna|0 fnt\n|-heal|p2a: Volcarona|70/100|[from] drain|[of] p1a: Ursaluna\n|faint|p1a: Ursaluna\n|cant|p1b: Incineroar|flinch\n|\n|-heal|p2a: Volcarona|77/100|[from] Grassy Terrain\n|-heal|p2a: Volcarona|83/100|[from] item: Leftovers\n|-heal|p2b: Incineroar|84/100|[from] Grassy Terrain\n|-heal|p1b: Incineroar|99/100|[from] Grassy Terrain\n|upkeep\n|\n|t:|1774386962\n|switch|p1a: Miraidon|Miraidon, L50|58/100\n|-fieldstart|move: Electric Terrain|[from] ability: Hadron Engine|[of] p1a: Miraidon\n|turn|7\n|\n|t:|1774386969\n|move|p2a: Volcarona|Protect|p2a: Volcarona\n|-singleturn|p2a: Volcarona|Protect\n|move|p1a: Miraidon|Electro Drift|p2b: Incineroar\n|-damage|p2b: Incineroar|0 fnt\n|faint|p2b: Incineroar\n|move|p1b: Incineroar|Flare Blitz|p2a: Volcarona\n|-activate|p2a: Volcarona|move: Protect\n|\n|-heal|p2a: Volcarona|89/100|[from] item: Leftovers\n|upkeep\n|\n|t:|1774386971\n|switch|p2b: Rillaboom|Rillaboom, L50, M|100/100\n|-fieldstart|move: Grassy Terrain|[from] ability: Grassy Surge|[of] p2b: Rillaboom\n|turn|8\n|\n|t:|1774386983\n|switch|p1a: Lunala|Lunala, L50|100/100\n|move|p2b: Rillaboom|Fake Out|p1a: Lunala\n|-immune|p1a: Lunala\n|move|p2a: Volcarona|Fiery Dance|p1a: Lunala\n|-damage|p1a: Lunala|70/100\n|-boost|p2a: Volcarona|spa|1\n|move|p1b: Incineroar|Flare Blitz|p2b: Rillaboom\n|-supereffective|p2b: Rillaboom\n|-damage|p2b: Rillaboom|42/100\n|-damage|p1b: Incineroar|81/100|[from] Recoil\n|\n|-heal|p2a: Volcarona|95/100|[from] Grassy Terrain\n|-heal|p2a: Volcarona|100/100|[from] item: Leftovers\n|-heal|p1a: Lunala|76/100|[from] Grassy Terrain\n|-heal|p2b: Rillaboom|48/100|[from] Grassy Terrain\n|-heal|p1b: Incineroar|87/100|[from] Grassy Terrain\n|upkeep\n|turn|9\n|\n|t:|1774387005\n|move|p2a: Volcarona|Fiery Dance|p1a: Lunala\n|-damage|p1a: Lunala|5/100\n|-boost|p2a: Volcarona|spa|1\n|move|p2b: Rillaboom|Wood Hammer|p1a: Lunala\n|-damage|p1a: Lunala|0 fnt\n|faint|p1a: Lunala\n|-damage|p2b: Rillaboom|46/100|[from] Recoil\n|move|p1b: Incineroar|Flare Blitz|p2b: Rillaboom\n|-supereffective|p2b: Rillaboom\n|-damage|p2b: Rillaboom|0 fnt\n|faint|p2b: Rillaboom\n|-damage|p1b: Incineroar|72/100|[from] Recoil\n|\n|-heal|p1b: Incineroar|78/100|[from] Grassy Terrain\n|upkeep\n|\n|t:|1774387013\n|switch|p1a: Miraidon|Miraidon, L50|58/100\n|switch|p2b: Calyrex|Calyrex-Shadow, L50|100/100\n|-ability|p2b: Calyrex|As One\n|-ability|p2b: Calyrex|Unnerve\n|-fieldstart|move: Electric Terrain|[from] ability: Hadron Engine|[of] p1a: Miraidon\n|turn|10\n|\n|t:|1774387023\n|-terastallize|p2b: Calyrex|Dark\n|move|p2a: Volcarona|Fiery Dance|p1a: Miraidon\n|-resisted|p1a: Miraidon\n|-damage|p1a: Miraidon|10/100\n|-boost|p2a: Volcarona|spa|1\n|move|p2b: Calyrex|Astral Barrage|p1b: Incineroar|[spread] p1a,p1b\n|-resisted|p1b: Incineroar\n|-damage|p1a: Miraidon|0 fnt\n|-damage|p1b: Incineroar|43/100\n|faint|p1a: Miraidon\n|-ability|p2b: Calyrex|Grim Neigh|boost\n|-boost|p2b: Calyrex|spa|1\n|-damage|p2b: Calyrex|91/100|[from] item: Life Orb\n|move|p1b: Incineroar|Knock Off|p2b: Calyrex\n|-resisted|p2b: Calyrex\n|-damage|p2b: Calyrex|78/100\n|-enditem|p2b: Calyrex|Life Orb|[from] move: Knock Off|[of] p1b: Incineroar\n|\n|upkeep\n|turn|11\n|\n|t:|1774387032\n|move|p2a: Volcarona|Fiery Dance|p1b: Incineroar\n|-resisted|p1b: Incineroar\n|-damage|p1b: Incineroar|0 fnt\n|-boost|p2a: Volcarona|spa|1\n|faint|p1b: Incineroar\n|\n|win|Bman311\n|raw|BoyFromDetroit12's rating: 1448 &rarr; <strong>1425</strong><br />(-23 for losing)\n|raw|Bman311's rating: 1387 &rarr; <strong>1410</strong><br />(+23 for winning)\n|l|\u2606BoyFromDetroit12\n|player|p1|\n","uploadtime":1774387040,"views":29,"formatid":"gen9vgc2026regi","rating":1410,"private":0,"password":null}