{"id":"gen9vgc2026regi-2556664327","format":"[Gen 9] VGC 2026 Reg I","players":["Kaf7","501JFW"],"log":"|j|\u2606Kaf7\n|j|\u2606501JFW\n|t:|1773237995\n|gametype|doubles\n|player|p1|Kaf7|102|1458\n|player|p2|501JFW|1|1564\n|gen|9\n|tier|[Gen 9] VGC 2026 Reg I\n|rated|\n|rule|Species Clause: Limit one of each Pok\u00e9mon\n|rule|Item Clause: Limit 1 of each item\n|clearpoke\n|poke|p1|Calyrex-Ice, L50|\n|poke|p1|Eternatus, L50|\n|poke|p1|Grimmsnarl, L50, M|\n|poke|p1|Incineroar, L50, M|\n|poke|p1|Clefairy, L50, M|\n|poke|p1|Rillaboom, L50, M|\n|poke|p2|Calyrex-Shadow, L50|\n|poke|p2|Koraidon, L50|\n|poke|p2|Indeedee-F, L50, F|\n|poke|p2|Maushold, L50|\n|poke|p2|Incineroar, L50, M|\n|poke|p2|Roaring Moon, L50|\n|teampreview|4\n|l|\u2606501JFW\n|player|p2|\n|j|\u2606501JFW\n|player|p2|501JFW|1|\n|\n|t:|1773238036\n|teamsize|p1|4\n|teamsize|p2|4\n|start\n|switch|p1a: Calyrex|Calyrex-Ice, L50|100/100\n|switch|p1b: Grimmsnarl|Grimmsnarl, L50, M, shiny|100/100\n|switch|p2a: Calyrex|Calyrex-Shadow, L50|100/100\n|switch|p2b: Maushold|Maushold, L50, shiny|100/100\n|-ability|p2a: Calyrex|As One\n|-ability|p2a: Calyrex|Unnerve\n|-ability|p1a: Calyrex|As One\n|-ability|p1a: Calyrex|Unnerve\n|turn|1\n|inactive|Battle timer is ON: inactive players will automatically lose when time's up. (requested by 501JFW)\n|l|\u2606501JFW\n|inactive|501JFW disconnected and has a minute to reconnect!\n|player|p2|\n|j|\u2606501JFW\n|inactive|501JFW reconnected and has 85 seconds left.\n|player|p2|501JFW|1|\n|\n|t:|1773238064\n|-terastallize|p2a: Calyrex|Ghost\n|move|p1a: Calyrex|Protect|p1a: Calyrex\n|-singleturn|p1a: Calyrex|Protect\n|move|p2a: Calyrex|Astral Barrage|p1a: Calyrex|[spread] p1b\n|-activate|p1a: Calyrex|move: Protect\n|-resisted|p1b: Grimmsnarl\n|-damage|p1b: Grimmsnarl|48/100\n|move|p2b: Maushold|Population Bomb|p1a: Calyrex\n|-activate|p1a: Calyrex|move: Protect\n|move|p1b: Grimmsnarl|Spirit Break|p2a: Calyrex\n|-crit|p2a: Calyrex\n|-damage|p2a: Calyrex|58/100\n|-unboost|p2a: Calyrex|spa|1\n|\n|upkeep\n|turn|2\n|inactive|501JFW has 30 seconds left.\n|\n|t:|1773238095\n|switch|p1a: Incineroar|Incineroar, L50, M, shiny|100/100\n|-ability|p1a: Incineroar|Intimidate|boost\n|-unboost|p2a: Calyrex|atk|1\n|-unboost|p2b: Maushold|atk|1\n|move|p1b: Grimmsnarl|Light Screen|p1b: Grimmsnarl\n|-sidestart|p1: Kaf7|move: Light Screen\n|move|p2a: Calyrex|Astral Barrage|p1b: Grimmsnarl|[spread] p1a,p1b\n|-resisted|p1a: Incineroar\n|-resisted|p1b: Grimmsnarl\n|-damage|p1a: Incineroar|79/100\n|-damage|p1b: Grimmsnarl|22/100\n|move|p2b: Maushold|Population Bomb|p1a: Incineroar\n|-damage|p1a: Incineroar|71/100\n|-damage|p1a: Incineroar|64/100\n|-damage|p1a: Incineroar|57/100\n|-damage|p1a: Incineroar|50/100\n|-damage|p1a: Incineroar|42/100\n|-damage|p1a: Incineroar|34/100\n|-damage|p1a: Incineroar|28/100\n|-damage|p1a: Incineroar|20/100\n|-damage|p1a: Incineroar|14/100\n|-damage|p1a: Incineroar|7/100\n|-hitcount|p1a: Incineroar|10\n|\n|upkeep\n|turn|3\n|inactive|Kaf7 has 30 seconds left.\n|inactive|501JFW has 30 seconds left.\n|inactive|Kaf7 has 20 seconds left.\n|inactive|Kaf7 has 15 seconds left.\n|inactive|501JFW has 20 seconds left.\n|inactive|Kaf7 has 10 seconds left.\n|inactive|Kaf7 has 5 seconds left.\n|\n|t:|1773238146\n|switch|p1a: Rillaboom|Rillaboom, L50, M, shiny|100/100\n|-fieldstart|move: Grassy Terrain|[from] ability: Grassy Surge|[of] p1a: Rillaboom\n|move|p2b: Maushold|Follow Me|p2b: Maushold\n|-singleturn|p2b: Maushold|move: Follow Me\n|move|p1b: Grimmsnarl|Reflect|p1b: Grimmsnarl\n|-sidestart|p1: Kaf7|Reflect\n|move|p2a: Calyrex|Astral Barrage|p1a: Rillaboom|[spread] p1a,p1b\n|-resisted|p1b: Grimmsnarl\n|-damage|p1a: Rillaboom|58/100\n|-damage|p1b: Grimmsnarl|0 fnt\n|faint|p1b: Grimmsnarl\n|-ability|p2a: Calyrex|Grim Neigh|boost\n|-boost|p2a: Calyrex|spa|1\n|\n|-heal|p2a: Calyrex|63/100|[from] Grassy Terrain\n|-heal|p1a: Rillaboom|64/100|[from] Grassy Terrain\n|upkeep\n|\n|t:|1773238149\n|switch|p1b: Calyrex|Calyrex-Ice, L50|100/100\n|-ability|p1b: Calyrex|As One\n|-ability|p1b: Calyrex|Unnerve\n|turn|4\n|\n|t:|1773238171\n|-terastallize|p1b: Calyrex|Water\n|move|p2b: Maushold|Helping Hand|p2a: Calyrex\n|-singleturn|p2a: Calyrex|Helping Hand|[of] p2b: Maushold\n|move|p1a: Rillaboom|Fake Out|p2b: Maushold\n|-damage|p2b: Maushold|78/100\n|move|p2a: Calyrex|Astral Barrage|p1a: Rillaboom|[spread] p1a,p1b\n|-damage|p1a: Rillaboom|0 fnt\n|-damage|p1b: Calyrex|22/100\n|faint|p1a: Rillaboom\n|-ability|p2a: Calyrex|Grim Neigh|boost\n|-boost|p2a: Calyrex|spa|1\n|move|p1b: Calyrex|Trick Room|p1b: Calyrex\n|-fieldstart|move: Trick Room|[of] p1b: Calyrex\n|\n|-heal|p1b: Calyrex|28/100|[from] Grassy Terrain\n|-heal|p1b: Calyrex|34/100|[from] item: Leftovers\n|-heal|p2b: Maushold|84/100|[from] Grassy Terrain\n|-heal|p2a: Calyrex|69/100|[from] Grassy Terrain\n|upkeep\n|\n|t:|1773238175\n|switch|p1a: Incineroar|Incineroar, L50, M, shiny|7/100\n|-ability|p1a: Incineroar|Intimidate|boost\n|-unboost|p2a: Calyrex|atk|1\n|-unboost|p2b: Maushold|atk|1\n|turn|5\n|\n|t:|1773238199\n|switch|p2a: Incineroar|Incineroar, L50, M, shiny|100/100\n|-ability|p2a: Incineroar|Intimidate|boost\n|-unboost|p1a: Incineroar|atk|1\n|-unboost|p1b: Calyrex|atk|1\n|move|p2b: Maushold|Protect|p2b: Maushold\n|-singleturn|p2b: Maushold|Protect\n|move|p1b: Calyrex|Glacial Lance|p2a: Incineroar|[spread] p2a\n|-activate|p2b: Maushold|move: Protect\n|-resisted|p2a: Incineroar\n|-damage|p2a: Incineroar|84/100\n|move|p1a: Incineroar|Knock Off|p2a: Incineroar\n|-resisted|p2a: Incineroar\n|-damage|p2a: Incineroar|72/100\n|-enditem|p2a: Incineroar|Safety Goggles|[from] move: Knock Off|[of] p1a: Incineroar\n|\n|-heal|p1b: Calyrex|40/100|[from] Grassy Terrain\n|-heal|p1b: Calyrex|46/100|[from] item: Leftovers\n|-heal|p1a: Incineroar|13/100|[from] Grassy Terrain\n|-heal|p2a: Incineroar|78/100|[from] Grassy Terrain\n|-heal|p2b: Maushold|90/100|[from] Grassy Terrain\n|upkeep\n|turn|6\n|\n|t:|1773238218\n|move|p2a: Incineroar|Fake Out|p1b: Calyrex\n|-damage|p1b: Calyrex|41/100\n|cant|p1b: Calyrex|flinch\n|move|p1a: Incineroar|Will-O-Wisp|p2b: Maushold\n|-status|p2b: Maushold|brn\n|move|p2b: Maushold|Population Bomb|p1a: Incineroar\n|-damage|p1a: Incineroar|12/100\n|-damage|p1a: Incineroar|10/100\n|-crit|p1a: Incineroar\n|-damage|p1a: Incineroar|1/100\n|-damage|p1a: Incineroar|0 fnt\n|faint|p1a: Incineroar\n|-hitcount|p1: Incineroar|4\n|\n|-heal|p1b: Calyrex|47/100|[from] Grassy Terrain\n|-heal|p1b: Calyrex|53/100|[from] item: Leftovers\n|-heal|p2a: Incineroar|84/100|[from] Grassy Terrain\n|-heal|p2b: Maushold|96/100 brn|[from] Grassy Terrain\n|-damage|p2b: Maushold|90/100 brn|[from] brn\n|upkeep\n|turn|7\n|\n|t:|1773238237\n|move|p1b: Calyrex|Leech Seed|p2a: Incineroar\n|-start|p2a: Incineroar|move: Leech Seed\n|move|p2a: Incineroar|Knock Off|p1b: Calyrex\n|-damage|p1b: Calyrex|37/100\n|-enditem|p1b: Calyrex|Leftovers|[from] move: Knock Off|[of] p2a: Incineroar\n|move|p2b: Maushold|Population Bomb|p1b: Calyrex\n|-damage|p1b: Calyrex|36/100\n|-damage|p1b: Calyrex|34/100\n|-damage|p1b: Calyrex|33/100\n|-damage|p1b: Calyrex|31/100\n|-damage|p1b: Calyrex|30/100\n|-damage|p1b: Calyrex|28/100\n|-damage|p1b: Calyrex|27/100\n|-damage|p1b: Calyrex|25/100\n|-damage|p1b: Calyrex|24/100\n|-damage|p1b: Calyrex|22/100\n|-hitcount|p1b: Calyrex|10\n|\n|-heal|p1b: Calyrex|28/100|[from] Grassy Terrain\n|-heal|p2a: Incineroar|90/100|[from] Grassy Terrain\n|-heal|p2b: Maushold|96/100 brn|[from] Grassy Terrain\n|-damage|p2a: Incineroar|77/100|[from] Leech Seed|[of] p1b: Calyrex\n|-heal|p1b: Calyrex|41/100|[silent]\n|-damage|p2b: Maushold|90/100 brn|[from] brn\n|-fieldend|move: Grassy Terrain\n|upkeep\n|turn|8\n|\n|t:|1773238245\n|move|p1b: Calyrex|Protect|p1b: Calyrex\n|-singleturn|p1b: Calyrex|Protect\n|move|p2a: Incineroar|U-turn|p1b: Calyrex\n|-activate|p1b: Calyrex|move: Protect\n|move|p2b: Maushold|Population Bomb|p1b: Calyrex\n|-activate|p1b: Calyrex|move: Protect\n|\n|-damage|p2a: Incineroar|65/100|[from] Leech Seed|[of] p1b: Calyrex\n|-heal|p1b: Calyrex|53/100|[silent]\n|-damage|p2b: Maushold|84/100 brn|[from] brn\n|-fieldend|move: Trick Room\n|upkeep\n|turn|9\n|-message|Kaf7 forfeited.\n|\n|win|501JFW\n|raw|Kaf7's rating: 1458 &rarr; <strong>1444</strong><br />(-14 for losing)\n|raw|501JFW's rating: 1564 &rarr; <strong>1578</strong><br />(+14 for winning)\n|l|\u2606Kaf7\n|player|p1|\n|l|\u2606501JFW\n|player|p2|\n","uploadtime":1773238520,"views":14,"formatid":"gen9vgc2026regi","rating":1444,"private":0,"password":null}