{"id":"gen9vgc2026regi-2588719618","format":"[Gen 9] VGC 2026 Reg I","players":["clessvgc","wizzywhy"],"log":"|j|\u2606clessvgc\n|j|\u2606wizzywhy\n|t:|1776661706\n|gametype|doubles\n|player|p1|clessvgc|proton|1476\n|player|p2|wizzywhy|102|1441\n|gen|9\n|tier|[Gen 9] VGC 2026 Reg I\n|rated|\n|rule|Species Clause: Limit one of each Pok\u00e9mon\n|rule|Item Clause: Limit 1 of each item\n|clearpoke\n|poke|p1|Landorus-Therian, L50, M|\n|poke|p1|Calyrex-Shadow, L50|\n|poke|p1|Iron Moth, L50|\n|poke|p1|Tornadus, L50, M|\n|poke|p1|Tinkaton, L50, F|\n|poke|p1|Kyogre, L50|\n|poke|p2|Koraidon, L50|\n|poke|p2|Flutter Mane, L50|\n|poke|p2|Calyrex-Shadow, L50|\n|poke|p2|Rillaboom, L50, M|\n|poke|p2|Brute Bonnet, L50|\n|poke|p2|Incineroar, L50, F|\n|teampreview|4\n|inactive|Battle timer is ON: inactive players will automatically lose when time's up. (requested by clessvgc)\n|\n|t:|1776661733\n|teamsize|p1|4\n|teamsize|p2|4\n|start\n|switch|p1a: Tinkaton|Tinkaton, L50, F|100/100\n|switch|p1b: Calyrex|Calyrex-Shadow, L50|100/100\n|switch|p2a: Calyrex|Calyrex-Shadow, L50|100/100\n|switch|p2b: Brute Bonnet|Brute Bonnet, L50|100/100\n|-ability|p2a: Calyrex|As One\n|-ability|p2a: Calyrex|Unnerve\n|-ability|p1b: Calyrex|As One\n|-ability|p1b: Calyrex|Unnerve\n|-ability|p1a: Tinkaton|Mold Breaker\n|turn|1\n|inactive|wizzywhy has 30 seconds left.\n|inactive|wizzywhy has 20 seconds left.\n|\n|t:|1776661770\n|move|p1a: Tinkaton|Fake Out|p2b: Brute Bonnet\n|-damage|p2b: Brute Bonnet|96/100\n|move|p1b: Calyrex|Astral Barrage|p2b: Brute Bonnet|[spread] p2a,p2b\n|-supereffective|p2a: Calyrex\n|-resisted|p2b: Brute Bonnet\n|-enditem|p2a: Calyrex|Focus Sash\n|-damage|p2a: Calyrex|1/100\n|-damage|p2b: Brute Bonnet|73/100\n|move|p2a: Calyrex|Astral Barrage|p1b: Calyrex|[spread] p1a,p1b\n|-supereffective|p1b: Calyrex\n|-damage|p1a: Tinkaton|74/100\n|-enditem|p1b: Calyrex|Focus Sash\n|-damage|p1b: Calyrex|1/100\n|cant|p2b: Brute Bonnet|flinch\n|\n|-heal|p2b: Brute Bonnet|79/100|[from] item: Leftovers\n|upkeep\n|turn|2\n|\n|t:|1776661794\n|switch|p2a: Koraidon|Koraidon, L50|100/100\n|-weather|SunnyDay|[from] ability: Orichalcum Pulse|[of] p2a: Koraidon\n|-activate|p2b: Brute Bonnet|ability: Protosynthesis\n|-start|p2b: Brute Bonnet|protosynthesisdef\n|-activate|p2a: Koraidon|Orichalcum Pulse|[source]\n|move|p1b: Calyrex|Protect|p1b: Calyrex\n|-singleturn|p1b: Calyrex|Protect\n|move|p2b: Brute Bonnet|Sucker Punch||[still]\n|-fail|p2b: Brute Bonnet\n|move|p1a: Tinkaton|Play Rough|p2a: Koraidon\n|-supereffective|p2a: Koraidon\n|-damage|p2a: Koraidon|35/100\n|\n|-weather|SunnyDay|[upkeep]\n|-heal|p2b: Brute Bonnet|85/100|[from] item: Leftovers\n|upkeep\n|turn|3\n|\n|t:|1776661815\n|switch|p1a: Kyogre|Kyogre, L50|100/100\n|-weather|RainDance|[from] ability: Drizzle|[of] p1a: Kyogre\n|-end|p2b: Brute Bonnet|Protosynthesis\n|-terastallize|p2a: Koraidon|Fire\n|move|p2b: Brute Bonnet|Sucker Punch||[still]\n|-fail|p2b: Brute Bonnet\n|move|p1b: Calyrex|Encore|p2b: Brute Bonnet\n|-start|p2b: Brute Bonnet|Encore\n|move|p2a: Koraidon|Flame Charge|p1a: Kyogre\n|-resisted|p1a: Kyogre\n|-damage|p1a: Kyogre|90/100\n|-boost|p2a: Koraidon|spe|1\n|\n|-weather|RainDance|[upkeep]\n|-heal|p2b: Brute Bonnet|91/100|[from] item: Leftovers\n|upkeep\n|turn|4\n|\n|t:|1776661836\n|switch|p1b: Tinkaton|Tinkaton, L50, F|74/100\n|-ability|p1b: Tinkaton|Mold Breaker\n|move|p2b: Brute Bonnet|Sucker Punch|p1a: Kyogre\n|-damage|p1a: Kyogre|54/100\n|move|p2a: Koraidon|Collision Course|p1a: Kyogre\n|-damage|p1a: Kyogre|0 fnt\n|faint|p1a: Kyogre\n|\n|-weather|RainDance|[upkeep]\n|-heal|p2b: Brute Bonnet|97/100|[from] item: Leftovers\n|upkeep\n|\n|t:|1776661849\n|switch|p1a: Landorus|Landorus-Therian, L50, M|100/100\n|-ability|p1a: Landorus|Intimidate|boost\n|-fail|p2a: Koraidon|unboost|[from] item: Clear Amulet|[of] p2a: Koraidon\n|-unboost|p2b: Brute Bonnet|atk|1\n|turn|5\n|\n|t:|1776661865\n|-terastallize|p1a: Landorus|Flying\n|move|p2a: Koraidon|Protect|p2a: Koraidon\n|-singleturn|p2a: Koraidon|Protect\n|move|p1b: Tinkaton|Feint|p2a: Koraidon\n|-activate|p2a: Koraidon|move: Feint\n|-damage|p2a: Koraidon|31/100\n|move|p2b: Brute Bonnet|Sucker Punch|p1a: Landorus\n|-damage|p1a: Landorus|77/100\n|move|p1a: Landorus|Tera Blast|p2a: Koraidon|[anim] Tera Blast Flying\n|-damage|p2a: Koraidon|0 fnt\n|faint|p2a: Koraidon\n|\n|-weather|RainDance|[upkeep]\n|-heal|p2b: Brute Bonnet|100/100|[from] item: Leftovers\n|upkeep\n|\n|t:|1776661880\n|switch|p2a: Incineroar|Incineroar, L50, F|100/100\n|-ability|p2a: Incineroar|Intimidate|boost\n|-unboost|p1a: Landorus|atk|1\n|-unboost|p1b: Tinkaton|atk|1\n|turn|6\n|\n|t:|1776661898\n|switch|p1b: Calyrex|Calyrex-Shadow, L50|1/100\n|-ability|p1b: Calyrex|As One\n|-ability|p1b: Calyrex|Unnerve\n|move|p2b: Brute Bonnet|Sucker Punch|p1a: Landorus\n|-damage|p1a: Landorus|52/100\n|move|p1a: Landorus|Tera Blast|p2b: Brute Bonnet|[anim] Tera Blast Flying\n|-supereffective|p2b: Brute Bonnet\n|-damage|p2b: Brute Bonnet|55/100\n|move|p2a: Incineroar|Knock Off|p1a: Landorus\n|-damage|p1a: Landorus|6/100\n|-enditem|p1a: Landorus|Choice Scarf|[from] move: Knock Off|[of] p2a: Incineroar\n|\n|-weather|RainDance|[upkeep]\n|-heal|p2b: Brute Bonnet|61/100|[from] item: Leftovers\n|-end|p2b: Brute Bonnet|Encore\n|upkeep\n|turn|7\n|\n|t:|1776661920\n|switch|p1a: Tinkaton|Tinkaton, L50, F|74/100\n|-ability|p1a: Tinkaton|Mold Breaker\n|move|p1b: Calyrex|Protect|p1b: Calyrex\n|-singleturn|p1b: Calyrex|Protect\n|move|p2b: Brute Bonnet|Sucker Punch||[still]\n|-fail|p2b: Brute Bonnet\n|move|p2a: Incineroar|Knock Off|p1a: Tinkaton\n|-resisted|p1a: Tinkaton\n|-damage|p1a: Tinkaton|52/100\n|-enditem|p1a: Tinkaton|Assault Vest|[from] move: Knock Off|[of] p2a: Incineroar\n|\n|-weather|none\n|-heal|p2b: Brute Bonnet|67/100|[from] item: Leftovers\n|upkeep\n|turn|8\n|\n|t:|1776661943\n|move|p1a: Tinkaton|Fake Out|p2a: Incineroar\n|-damage|p2a: Incineroar|93/100\n|-damage|p1a: Tinkaton|35/100|[from] item: Rocky Helmet|[of] p2a: Incineroar\n|move|p2b: Brute Bonnet|Sucker Punch||[still]\n|-fail|p2b: Brute Bonnet\n|move|p1b: Calyrex|Encore|p2b: Brute Bonnet\n|-start|p2b: Brute Bonnet|Encore\n|cant|p2a: Incineroar|flinch\n|\n|-heal|p2b: Brute Bonnet|73/100|[from] item: Leftovers\n|upkeep\n|turn|9\n|\n|t:|1776661961\n|-end|p2b: Brute Bonnet|Protosynthesis|[silent]\n|switch|p2b: Calyrex|Calyrex-Shadow, L50|1/100\n|-ability|p2b: Calyrex|As One\n|-ability|p2b: Calyrex|Unnerve\n|move|p1b: Calyrex|Protect|p1b: Calyrex\n|-singleturn|p1b: Calyrex|Protect\n|move|p1a: Tinkaton|Gigaton Hammer|p2b: Calyrex\n|-damage|p2b: Calyrex|0 fnt\n|faint|p2b: Calyrex\n|move|p2a: Incineroar|Knock Off|p1b: Calyrex\n|-activate|p1b: Calyrex|move: Protect\n|\n|upkeep\n|\n|t:|1776661973\n|switch|p2b: Brute Bonnet|Brute Bonnet, L50|73/100\n|turn|10\n|\n|t:|1776661986\n|switch|p1b: Landorus|Landorus-Therian, L50, M, tera:Flying|6/100\n|-ability|p1b: Landorus|Intimidate|boost\n|-unboost|p2a: Incineroar|atk|1\n|-unboost|p2b: Brute Bonnet|atk|1\n|move|p1a: Tinkaton|Play Rough|p2b: Brute Bonnet\n|-supereffective|p2b: Brute Bonnet\n|-damage|p2b: Brute Bonnet|47/100\n|move|p2a: Incineroar|Knock Off|p1b: Landorus\n|-damage|p1b: Landorus|0 fnt\n|faint|p1b: Landorus\n|move|p2b: Brute Bonnet|Spore|p1a: Tinkaton\n|-status|p1a: Tinkaton|slp|[from] move: Spore\n|\n|-heal|p2b: Brute Bonnet|53/100|[from] item: Leftovers\n|upkeep\n|\n|t:|1776661989\n|switch|p1b: Calyrex|Calyrex-Shadow, L50|1/100\n|-ability|p1b: Calyrex|As One\n|-ability|p1b: Calyrex|Unnerve\n|turn|11\n|\n|t:|1776662012\n|move|p1b: Calyrex|Encore|p2b: Brute Bonnet\n|-start|p2b: Brute Bonnet|Encore\n|cant|p1a: Tinkaton|slp\n|move|p2a: Incineroar|Knock Off|p1b: Calyrex\n|-supereffective|p1b: Calyrex\n|-damage|p1b: Calyrex|0 fnt\n|faint|p1b: Calyrex\n|move|p2b: Brute Bonnet|Spore|p1a: Tinkaton\n|-fail|p1a: Tinkaton|slp\n|\n|-heal|p2b: Brute Bonnet|59/100|[from] item: Leftovers\n|upkeep\n|turn|12\n|-message|clessvgc forfeited.\n|\n|win|wizzywhy\n|raw|clessvgc's rating: 1476 &rarr; <strong>1454</strong><br />(-22 for losing)\n|raw|wizzywhy's rating: 1441 &rarr; <strong>1463</strong><br />(+22 for winning)\n|l|\u2606clessvgc\n|player|p1|\n","uploadtime":1776662219,"views":9,"formatid":"gen9vgc2026regi","rating":1454,"private":0,"password":null}