{"id":"gen9vgc2026regi-2525240514","format":"[Gen 9] VGC 2026 Reg I","players":["Fogdocker","darkest_contender"],"log":"|j|\u2606Fogdocker\n|j|\u2606darkest_contender\n|t:|1769255643\n|gametype|doubles\n|player|p1|Fogdocker|265|1393\n|player|p2|darkest_contender|mable|1380\n|gen|9\n|tier|[Gen 9] VGC 2026 Reg I\n|rated|\n|rule|Species Clause: Limit one of each Pok\u00e9mon\n|rule|Item Clause: Limit 1 of each item\n|clearpoke\n|poke|p1|Calyrex-Ice, L50|\n|poke|p1|Koraidon, L50|\n|poke|p1|Flutter Mane, L50|\n|poke|p1|Incineroar, L50, F|\n|poke|p1|Rillaboom, L50, M|\n|poke|p1|Amoonguss, L50, M|\n|poke|p2|Calyrex-Shadow, L50|\n|poke|p2|Zamazenta-*, L50|\n|poke|p2|Ogerpon-Cornerstone, L50, F|\n|poke|p2|Flutter Mane, L50|\n|poke|p2|Whimsicott, L50, F|\n|poke|p2|Torkoal, L50, M|\n|teampreview|4\n|inactive|Battle timer is ON: inactive players will automatically lose when time's up. (requested by darkest_contender)\n|inactive|Fogdocker has 60 seconds left.\n|inactive|Fogdocker has 30 seconds left.\n|\n|t:|1769255726\n|teamsize|p1|4\n|teamsize|p2|4\n|start\n|switch|p1a: Calyrex|Calyrex-Ice, L50|100/100\n|switch|p1b: Koraidon|Koraidon, L50|100/100\n|switch|p2a: Calyrex|Calyrex-Shadow, L50|100/100\n|switch|p2b: Flutter Mane|Flutter Mane, L50|100/100\n|-ability|p2a: Calyrex|As One\n|-ability|p2a: Calyrex|Unnerve\n|-ability|p1a: Calyrex|As One\n|-ability|p1a: Calyrex|Unnerve\n|-weather|SunnyDay|[from] ability: Orichalcum Pulse|[of] p1b: Koraidon\n|-activate|p2b: Flutter Mane|ability: Protosynthesis\n|-start|p2b: Flutter Mane|protosynthesisspe\n|-activate|p1b: Koraidon|Orichalcum Pulse|[source]\n|turn|1\n|\n|t:|1769255739\n|switch|p1b: Incineroar|Incineroar, L50, F|100/100\n|-ability|p1b: Incineroar|Intimidate|boost\n|-unboost|p2a: Calyrex|atk|1\n|-unboost|p2b: Flutter Mane|atk|1\n|-terastallize|p1a: Calyrex|Water\n|move|p2b: Flutter Mane|Shadow Ball|p1b: Incineroar\n|-resisted|p1b: Incineroar\n|-damage|p1b: Incineroar|81/100\n|move|p2a: Calyrex|Astral Barrage|p1b: Incineroar|[spread] p1a,p1b\n|-resisted|p1b: Incineroar\n|-damage|p1a: Calyrex|67/100\n|-damage|p1b: Incineroar|57/100\n|move|p1a: Calyrex|Trick Room|p1a: Calyrex\n|-fieldstart|move: Trick Room|[of] p1a: Calyrex\n|\n|-weather|SunnyDay|[upkeep]\n|-heal|p1a: Calyrex|73/100|[from] item: Leftovers\n|upkeep\n|turn|2\n|\n|t:|1769255761\n|switch|p2a: Zamazenta|Zamazenta-Crowned, L50|100/100\n|-ability|p2a: Zamazenta|Dauntless Shield|boost\n|-boost|p2a: Zamazenta|def|1\n|move|p1a: Calyrex|Glacial Lance|p2a: Zamazenta|[spread] p2a,p2b\n|-resisted|p2a: Zamazenta\n|-damage|p2a: Zamazenta|90/100\n|-damage|p2b: Flutter Mane|0 fnt\n|faint|p2b: Flutter Mane\n|-end|p2b: Flutter Mane|Protosynthesis|[silent]\n|-ability|p1a: Calyrex|Chilling Neigh|boost\n|-boost|p1a: Calyrex|atk|1\n|move|p1b: Incineroar|Knock Off|p2a: Zamazenta\n|-resisted|p2a: Zamazenta\n|-damage|p2a: Zamazenta|86/100\n|\n|-weather|SunnyDay|[upkeep]\n|-heal|p1a: Calyrex|79/100|[from] item: Leftovers\n|upkeep\n|\n|t:|1769255772\n|switch|p2b: Torkoal|Torkoal, L50, M, shiny|100/100\n|turn|3\n|\n|t:|1769255788\n|-terastallize|p2b: Torkoal|Grass\n|move|p2b: Torkoal|Solar Beam||[still]\n|-prepare|p2b: Torkoal|Solar Beam\n|-anim|p2b: Torkoal|Solar Beam|p1a: Calyrex\n|-supereffective|p1a: Calyrex\n|-damage|p1a: Calyrex|17/100\n|move|p1a: Calyrex|Leech Seed|p2a: Zamazenta\n|-start|p2a: Zamazenta|move: Leech Seed\n|move|p1b: Incineroar|Knock Off|p2b: Torkoal\n|-damage|p2b: Torkoal|70/100\n|-enditem|p2b: Torkoal|Charcoal|[from] move: Knock Off|[of] p1b: Incineroar\n|move|p2a: Zamazenta|Body Press|p1b: Incineroar\n|-supereffective|p1b: Incineroar\n|-damage|p1b: Incineroar|0 fnt\n|faint|p1b: Incineroar\n|\n|-weather|SunnyDay|[upkeep]\n|-heal|p1a: Calyrex|23/100|[from] item: Leftovers\n|-damage|p2a: Zamazenta|74/100|[from] Leech Seed|[of] p1a: Calyrex\n|-heal|p1a: Calyrex|33/100|[silent]\n|upkeep\n|\n|t:|1769255804\n|switch|p1b: Flutter Mane|Flutter Mane, L50|100/100\n|-activate|p1b: Flutter Mane|ability: Protosynthesis\n|-start|p1b: Flutter Mane|protosynthesisspe\n|turn|4\n|\n|t:|1769255814\n|move|p1a: Calyrex|Protect|p1a: Calyrex\n|-singleturn|p1a: Calyrex|Protect\n|move|p1b: Flutter Mane|Protect|p1b: Flutter Mane\n|-singleturn|p1b: Flutter Mane|Protect\n|move|p2b: Torkoal|Eruption|p1a: Calyrex|[spread] \n|-activate|p1a: Calyrex|move: Protect\n|-activate|p1b: Flutter Mane|move: Protect\n|move|p2a: Zamazenta|Behemoth Bash|p1b: Flutter Mane\n|-activate|p1b: Flutter Mane|move: Protect\n|\n|-weather|SunnyDay|[upkeep]\n|-heal|p1a: Calyrex|39/100|[from] item: Leftovers\n|-damage|p2a: Zamazenta|61/100|[from] Leech Seed|[of] p1a: Calyrex\n|-heal|p1a: Calyrex|50/100|[silent]\n|upkeep\n|turn|5\n|inactive|Fogdocker has 30 seconds left.\n|inactive|Fogdocker has 20 seconds left.\n|inactive|Fogdocker has 15 seconds left.\n|inactive|Fogdocker has 10 seconds left.\n|\n|t:|1769255860\n|-end|p1b: Flutter Mane|Protosynthesis|[silent]\n|switch|p1b: Koraidon|Koraidon, L50|100/100\n|-activate|p1b: Koraidon|ability: Orichalcum Pulse\n|move|p2b: Torkoal|Solar Beam||[still]\n|-prepare|p2b: Torkoal|Solar Beam\n|-anim|p2b: Torkoal|Solar Beam|p1a: Calyrex\n|-supereffective|p1a: Calyrex\n|-damage|p1a: Calyrex|0 fnt\n|faint|p1a: Calyrex\n|move|p2a: Zamazenta|Behemoth Bash|p1b: Koraidon\n|-damage|p1b: Koraidon|59/100\n|\n|-weather|none\n|-fieldend|move: Trick Room\n|upkeep\n|\n|t:|1769255863\n|switch|p1a: Flutter Mane|Flutter Mane, L50|100/100\n|turn|6\n|\n|t:|1769255888\n|move|p1b: Koraidon|Flame Charge|p2b: Torkoal\n|-supereffective|p2b: Torkoal\n|-damage|p2b: Torkoal|31/100\n|-boost|p1b: Koraidon|spe|1\n|-damage|p1b: Koraidon|49/100|[from] item: Life Orb\n|move|p1a: Flutter Mane|Moonblast|p2a: Zamazenta\n|-damage|p2a: Zamazenta|21/100\n|move|p2a: Zamazenta|Body Press|p1b: Koraidon\n|-damage|p1b: Koraidon|0 fnt\n|faint|p1b: Koraidon\n|move|p2b: Torkoal|Earth Power|p1a: Flutter Mane\n|-damage|p1a: Flutter Mane|71/100\n|\n|-damage|p2a: Zamazenta|8/100|[from] Leech Seed|[of] p1a: Flutter Mane\n|-heal|p1a: Flutter Mane|88/100|[silent]\n|upkeep\n|turn|7\n|\n|t:|1769255905\n|move|p1a: Flutter Mane|Icy Wind|p2b: Torkoal|[spread] p2a,p2b\n|-resisted|p2a: Zamazenta\n|-supereffective|p2b: Torkoal\n|-damage|p2a: Zamazenta|3/100\n|-damage|p2b: Torkoal|0 fnt\n|-unboost|p2a: Zamazenta|spe|1\n|faint|p2b: Torkoal\n|move|p2a: Zamazenta|Behemoth Bash|p1a: Flutter Mane\n|-supereffective|p1a: Flutter Mane\n|-damage|p1a: Flutter Mane|0 fnt\n|faint|p1a: Flutter Mane\n|-end|p1a: Flutter Mane|Protosynthesis|[silent]\n|\n|win|darkest_contender\n|raw|Fogdocker's rating: 1393 &rarr; <strong>1372</strong><br />(-21 for losing)\n|raw|darkest_contender's rating: 1380 &rarr; <strong>1401</strong><br />(+21 for winning)\n|l|\u2606Fogdocker\n|player|p1|\n|l|\u2606darkest_contender\n|player|p2|\n","uploadtime":1769256141,"views":19,"formatid":"gen9vgc2026regi","rating":1372,"private":0,"password":null}