{"id":"gen9vgc2026regi-2570196477","format":"[Gen 9] VGC 2026 Reg I","players":["Wawesome","Nahro1001"],"log":"|j|\u203dWawesome\n|j|\u2606Nahro1001\n|t:|1774787121\n|gametype|doubles\n|player|p1|Wawesome|101|1356\n|player|p2|Nahro1001|266|1404\n|gen|9\n|tier|[Gen 9] VGC 2026 Reg I\n|rated|\n|rule|Species Clause: Limit one of each Pok\u00e9mon\n|rule|Item Clause: Limit 1 of each item\n|clearpoke\n|poke|p1|Ting-Lu, L50|\n|poke|p1|Koraidon, L50|\n|poke|p1|Calyrex-Ice, L50|\n|poke|p1|Rillaboom, L50, F|\n|poke|p1|Flutter Mane, L50|\n|poke|p1|Raging Bolt, L50|\n|poke|p2|Miraidon, L50|\n|poke|p2|Ho-Oh, L50|\n|poke|p2|Iron Hands, L50|\n|poke|p2|Grimmsnarl, L50, M|\n|poke|p2|Iron Treads, L50|\n|poke|p2|Farigiraf, L50, M|\n|teampreview|4\n|inactive|Battle timer is ON: inactive players will automatically lose when time's up. (requested by Nahro1001)\n|\n|t:|1774787152\n|teamsize|p1|4\n|teamsize|p2|4\n|start\n|switch|p1a: Ting-Lu|Ting-Lu, L50|100/100\n|switch|p1b: Koraidon|Koraidon, L50|100/100\n|switch|p2a: Ho-Oh|Ho-Oh, L50|100/100\n|switch|p2b: Grimmsnarl|Grimmsnarl, L50, M|100/100\n|-weather|SunnyDay|[from] ability: Orichalcum Pulse|[of] p1b: Koraidon\n|-activate|p1b: Koraidon|Orichalcum Pulse|[source]\n|-ability|p1a: Ting-Lu|Vessel of Ruin\n|turn|1\n|\n|t:|1774787170\n|switch|p1b: Raging Bolt|Raging Bolt, L50|100/100\n|-activate|p1b: Raging Bolt|ability: Protosynthesis\n|-start|p1b: Raging Bolt|protosynthesisspa\n|move|p2b: Grimmsnarl|Reflect|p2b: Grimmsnarl\n|-sidestart|p2: Nahro1001|Reflect\n|move|p2a: Ho-Oh|Tailwind|p2a: Ho-Oh\n|-sidestart|p2: Nahro1001|move: Tailwind\n|move|p1a: Ting-Lu|Heavy Slam|p2b: Grimmsnarl\n|-supereffective|p2b: Grimmsnarl\n|-damage|p2b: Grimmsnarl|52/100\n|\n|-weather|SunnyDay|[upkeep]\n|upkeep\n|turn|2\n|\n|t:|1774787193\n|switch|p2a: Iron Treads|Iron Treads, L50|100/100\n|move|p2b: Grimmsnarl|Light Screen|p2b: Grimmsnarl\n|-sidestart|p2: Nahro1001|move: Light Screen\n|move|p1b: Raging Bolt|Thunderbolt|p2b: Grimmsnarl\n|-damage|p2b: Grimmsnarl|14/100\n|-damage|p1b: Raging Bolt|91/100|[from] item: Life Orb\n|move|p1a: Ting-Lu|Stomping Tantrum|p2a: Iron Treads\n|-supereffective|p2a: Iron Treads\n|-damage|p2a: Iron Treads|61/100\n|\n|-weather|SunnyDay|[upkeep]\n|upkeep\n|turn|3\n|\n|t:|1774787209\n|switch|p2b: Ho-Oh|Ho-Oh, L50|100/100\n|-end|p1b: Raging Bolt|Protosynthesis|[silent]\n|switch|p1b: Rillaboom|Rillaboom, L50, F|100/100\n|-fieldstart|move: Grassy Terrain|[from] ability: Grassy Surge|[of] p1b: Rillaboom\n|move|p2a: Iron Treads|Earthquake|p1a: Ting-Lu|[spread] p1a,p1b\n|-immune|p2b: Ho-Oh\n|-resisted|p1b: Rillaboom\n|-damage|p1a: Ting-Lu|88/100\n|-damage|p1b: Rillaboom|90/100\n|-damage|p2a: Iron Treads|52/100|[from] item: Life Orb\n|move|p1a: Ting-Lu|Stomping Tantrum|p2a: Iron Treads\n|-supereffective|p2a: Iron Treads\n|-damage|p2a: Iron Treads|13/100\n|\n|-weather|SunnyDay|[upkeep]\n|-heal|p2a: Iron Treads|19/100|[from] Grassy Terrain\n|-heal|p1b: Rillaboom|96/100|[from] Grassy Terrain\n|-heal|p1a: Ting-Lu|95/100|[from] Grassy Terrain\n|upkeep\n|turn|4\n|inactive|Nahro1001 has 30 seconds left.\n|\n|t:|1774787243\n|switch|p1a: Raging Bolt|Raging Bolt, L50|91/100\n|-activate|p1a: Raging Bolt|ability: Protosynthesis\n|-start|p1a: Raging Bolt|protosynthesisspa\n|move|p2a: Iron Treads|Protect|p2a: Iron Treads\n|-singleturn|p2a: Iron Treads|Protect\n|move|p1b: Rillaboom|Grassy Glide|p2a: Iron Treads\n|-activate|p2a: Iron Treads|move: Protect\n|move|p2b: Ho-Oh|Sacred Fire|p1b: Rillaboom\n|-supereffective|p1b: Rillaboom\n|-damage|p1b: Rillaboom|0 fnt\n|faint|p1b: Rillaboom\n|\n|-weather|SunnyDay|[upkeep]\n|-heal|p2a: Iron Treads|25/100|[from] Grassy Terrain\n|-heal|p1a: Raging Bolt|97/100|[from] Grassy Terrain\n|-sideend|p2: Nahro1001|move: Tailwind\n|upkeep\n|\n|t:|1774787255\n|switch|p1b: Koraidon|Koraidon, L50|100/100\n|-activate|p1b: Koraidon|ability: Orichalcum Pulse\n|turn|5\n|\n|t:|1774787272\n|-end|p2a: Iron Treads|Quark Drive|[silent]\n|switch|p2a: Grimmsnarl|Grimmsnarl, L50, M|14/100\n|-terastallize|p1b: Koraidon|Fire\n|move|p1b: Koraidon|Flame Charge|p2a: Grimmsnarl\n|-damage|p2a: Grimmsnarl|0 fnt\n|-boost|p1b: Koraidon|spe|1\n|faint|p2a: Grimmsnarl\n|move|p2b: Ho-Oh|Tailwind|p2b: Ho-Oh\n|-sidestart|p2: Nahro1001|move: Tailwind\n|move|p1a: Raging Bolt|Thunderbolt|p2b: Ho-Oh\n|-supereffective|p2b: Ho-Oh\n|-damage|p2b: Ho-Oh|32/100\n|-damage|p1a: Raging Bolt|87/100|[from] item: Life Orb\n|\n|-weather|none\n|-end|p1a: Raging Bolt|Protosynthesis\n|-heal|p1a: Raging Bolt|93/100|[from] Grassy Terrain\n|upkeep\n|inactive|Nahro1001 has 30 seconds left.\n|\n|t:|1774787299\n|switch|p2a: Miraidon|Miraidon, L50|100/100\n|-fieldstart|move: Electric Terrain|[from] ability: Hadron Engine|[of] p2a: Miraidon\n|turn|6\n|\n|t:|1774787316\n|-end|p1a: Raging Bolt|Protosynthesis|[silent]\n|switch|p1a: Ting-Lu|Ting-Lu, L50|95/100\n|-ability|p1a: Ting-Lu|Vessel of Ruin\n|-terastallize|p2a: Miraidon|Fairy\n|move|p2b: Ho-Oh|Protect|p2b: Ho-Oh\n|-singleturn|p2b: Ho-Oh|Protect\n|move|p2a: Miraidon|Electro Drift|p1b: Koraidon\n|-damage|p1b: Koraidon|20/100\n|move|p1b: Koraidon|Low Kick|p2a: Miraidon\n|-resisted|p2a: Miraidon\n|-damage|p2a: Miraidon|77/100\n|\n|upkeep\n|turn|7\n|inactive|Nahro1001 has 30 seconds left.\n|\n|t:|1774787343\n|switch|p1b: Raging Bolt|Raging Bolt, L50|93/100\n|switch|p2b: Iron Treads|Iron Treads, L50|25/100\n|-activate|p2b: Iron Treads|ability: Quark Drive\n|-start|p2b: Iron Treads|quarkdrivespe\n|move|p2a: Miraidon|Electro Drift|p1b: Raging Bolt\n|-resisted|p1b: Raging Bolt\n|-damage|p1b: Raging Bolt|71/100\n|move|p1a: Ting-Lu|Fissure|p2a: Miraidon|[miss]\n|-miss|p1a: Ting-Lu|p2a: Miraidon\n|\n|upkeep\n|turn|8\n|\n|t:|1774787360\n|switch|p2a: Ho-Oh|Ho-Oh, L50|65/100\n|move|p1b: Raging Bolt|Protect|p1b: Raging Bolt\n|-singleturn|p1b: Raging Bolt|Protect\n|move|p2b: Iron Treads|Earthquake|p1a: Ting-Lu|[spread] p1a\n|-activate|p1b: Raging Bolt|move: Protect\n|-immune|p2a: Ho-Oh\n|-damage|p1a: Ting-Lu|67/100\n|-damage|p2b: Iron Treads|15/100|[from] item: Life Orb\n|move|p1a: Ting-Lu|Stomping Tantrum|p2b: Iron Treads\n|-supereffective|p2b: Iron Treads\n|-damage|p2b: Iron Treads|0 fnt\n|faint|p2b: Iron Treads\n|-end|p2b: Iron Treads|Quark Drive|[silent]\n|\n|-sideend|p2: Nahro1001|Reflect\n|-sideend|p2: Nahro1001|move: Tailwind\n|upkeep\n|\n|t:|1774787375\n|switch|p2b: Miraidon|Miraidon, L50, tera:Fairy|77/100\n|-activate|p2b: Miraidon|ability: Hadron Engine\n|turn|9\n|\n|t:|1774787399\n|-end|p1b: Raging Bolt|Protosynthesis|[silent]\n|switch|p1b: Koraidon|Koraidon, L50, tera:Fire|20/100\n|-weather|SunnyDay|[from] ability: Orichalcum Pulse|[of] p1b: Koraidon\n|-activate|p1b: Koraidon|Orichalcum Pulse|[source]\n|move|p2a: Ho-Oh|Protect|p2a: Ho-Oh\n|-singleturn|p2a: Ho-Oh|Protect\n|move|p2b: Miraidon|Dazzling Gleam|p1a: Ting-Lu|[spread] p1a,p1b\n|-supereffective|p1a: Ting-Lu\n|-resisted|p1b: Koraidon\n|-damage|p1a: Ting-Lu|0 fnt\n|-damage|p1b: Koraidon|4/100\n|faint|p1a: Ting-Lu\n|\n|-weather|SunnyDay|[upkeep]\n|-sideend|p2: Nahro1001|move: Light Screen\n|upkeep\n|\n|t:|1774787409\n|switch|p1a: Raging Bolt|Raging Bolt, L50|71/100\n|-activate|p1a: Raging Bolt|ability: Protosynthesis\n|-start|p1a: Raging Bolt|protosynthesisspa\n|turn|10\n|inactive|Nahro1001 has 30 seconds left.\n|\n|t:|1774787436\n|move|p1a: Raging Bolt|Thunderclap|p2b: Miraidon\n|-damage|p2b: Miraidon|2/100\n|-damage|p1a: Raging Bolt|61/100|[from] item: Life Orb\n|move|p2b: Miraidon|Dazzling Gleam|p1a: Raging Bolt|[spread] p1a,p1b\n|-supereffective|p1a: Raging Bolt\n|-resisted|p1b: Koraidon\n|-damage|p1a: Raging Bolt|0 fnt\n|-damage|p1b: Koraidon|0 fnt\n|faint|p1a: Raging Bolt\n|-end|p1a: Raging Bolt|Protosynthesis|[silent]\n|faint|p1b: Koraidon\n|\n|win|Nahro1001\n|raw|Wawesome's rating: 1356 &rarr; <strong>1339</strong><br />(-17 for losing)\n|raw|Nahro1001's rating: 1404 &rarr; <strong>1421</strong><br />(+17 for winning)\n|l|\u2606Nahro1001\n|player|p2|\n","uploadtime":1774787665,"views":15,"formatid":"gen9vgc2026regi","rating":1339,"private":0,"password":null}