{"id":"gen9vgc2026regi-2564211852","format":"[Gen 9] VGC 2026 Reg I","players":["jyotsha","EllenJoe2026"],"log":"|j|\u2606jyotsha\n|j|\u2606EllenJoe2026\n|t:|1774121038\n|gametype|doubles\n|player|p1|jyotsha|169|1390\n|player|p2|EllenJoe2026|2|1433\n|gen|9\n|tier|[Gen 9] VGC 2026 Reg I\n|rated|\n|rule|Species Clause: Limit one of each Pok\u00e9mon\n|rule|Item Clause: Limit 1 of each item\n|clearpoke\n|poke|p1|Reshiram, L50|\n|poke|p1|Koraidon, L50|\n|poke|p1|Rillaboom, L50, F|\n|poke|p1|Farigiraf, L50, M|\n|poke|p1|Urshifu-*, L50, F|\n|poke|p1|Gyarados, L50, M|\n|poke|p2|Calyrex-Shadow, L50|\n|poke|p2|Zamazenta-*, L50|\n|poke|p2|Incineroar, L50, F|\n|poke|p2|Rillaboom, L50, F|\n|poke|p2|Smeargle, L50, F|\n|poke|p2|Tornadus, L50, M|\n|teampreview|4\n|inactive|Battle timer is ON: inactive players will automatically lose when time's up. (requested by EllenJoe2026)\n|inactive|jyotsha has 60 seconds left.\n|\n|t:|1774121074\n|teamsize|p1|4\n|teamsize|p2|4\n|start\n|switch|p1a: Koraidon|Koraidon, L50|100/100\n|switch|p1b: Reshiram|Reshiram, L50|100/100\n|switch|p2a: Smeargle|Smeargle, L50, F, shiny|100/100\n|switch|p2b: Tornadus|Tornadus, L50, M, shiny|100/100\n|-weather|SunnyDay|[from] ability: Orichalcum Pulse|[of] p1a: Koraidon\n|-activate|p1a: Koraidon|Orichalcum Pulse|[source]\n|-ability|p1b: Reshiram|Turboblaze\n|turn|1\n|\n|t:|1774121098\n|move|p2b: Tornadus|Tailwind|p2b: Tornadus\n|-sidestart|p2: EllenJoe2026|move: Tailwind\n|move|p2a: Smeargle|Spore|p1a: Koraidon\n|-status|p1a: Koraidon|slp|[from] move: Spore\n|cant|p1a: Koraidon|slp\n|move|p1b: Reshiram|Heat Wave|p2b: Tornadus|[spread] p2b\n|-miss|p1b: Reshiram|p2a: Smeargle\n|-damage|p2b: Tornadus|19/100\n|\n|-weather|SunnyDay|[upkeep]\n|-ability|p2a: Smeargle|Moody|boost\n|-boost|p2a: Smeargle|spd|2\n|-unboost|p2a: Smeargle|spa|1\n|upkeep\n|turn|2\n|\n|t:|1774121116\n|move|p2b: Tornadus|Rain Dance|p2b: Tornadus\n|-weather|RainDance\n|move|p2a: Smeargle|Spore|p1b: Reshiram\n|-status|p1b: Reshiram|slp|[from] move: Spore\n|-curestatus|p1a: Koraidon|slp|[msg]\n|move|p1a: Koraidon|Drain Punch|p2a: Smeargle\n|-supereffective|p2a: Smeargle\n|-enditem|p2a: Smeargle|Focus Sash\n|-damage|p2a: Smeargle|1/100\n|cant|p1b: Reshiram|slp\n|\n|-weather|RainDance|[upkeep]\n|-ability|p2a: Smeargle|Moody|boost\n|-boost|p2a: Smeargle|spe|2\n|-unboost|p2a: Smeargle|spa|1\n|upkeep\n|turn|3\n|\n|t:|1774121132\n|move|p1a: Koraidon|Protect|p1a: Koraidon\n|-singleturn|p1a: Koraidon|Protect\n|move|p2a: Smeargle|Spore|p1a: Koraidon\n|-activate|p1a: Koraidon|move: Protect\n|move|p2b: Tornadus|Bleakwind Storm|p1a: Koraidon|[spread] p1b\n|-activate|p1a: Koraidon|move: Protect\n|-damage|p1b: Reshiram|85/100 slp\n|cant|p1b: Reshiram|slp\n|\n|-weather|RainDance|[upkeep]\n|-ability|p2a: Smeargle|Moody|boost\n|-boost|p2a: Smeargle|spd|2\n|-unboost|p2a: Smeargle|spe|1\n|upkeep\n|turn|4\n|\n|t:|1774121152\n|switch|p1a: Rillaboom|Rillaboom, L50, F|100/100\n|-fieldstart|move: Grassy Terrain|[from] ability: Grassy Surge|[of] p1a: Rillaboom\n|move|p2a: Smeargle|Spore|p1a: Rillaboom\n|-immune|p1a: Rillaboom\n|move|p2b: Tornadus|Bleakwind Storm|p1a: Rillaboom|[spread] p1a,p1b\n|-supereffective|p1a: Rillaboom\n|-damage|p1a: Rillaboom|34/100\n|-damage|p1b: Reshiram|69/100 slp\n|-unboost|p1a: Rillaboom|spe|1\n|-unboost|p1b: Reshiram|spe|1\n|cant|p1b: Reshiram|slp\n|\n|-weather|RainDance|[upkeep]\n|-heal|p2a: Smeargle|7/100|[from] Grassy Terrain\n|-heal|p1b: Reshiram|74/100 slp|[from] Grassy Terrain\n|-heal|p1a: Rillaboom|40/100|[from] Grassy Terrain\n|-sideend|p2: EllenJoe2026|move: Tailwind\n|-ability|p2a: Smeargle|Moody|boost\n|-boost|p2a: Smeargle|def|2\n|-unboost|p2a: Smeargle|spe|1\n|upkeep\n|turn|5\n|inactive|jyotsha has 30 seconds left.\n|inactive|EllenJoe2026 has 30 seconds left.\n|\n|t:|1774121185\n|move|p1a: Rillaboom|Grassy Glide|p2b: Tornadus\n|-resisted|p2b: Tornadus\n|-damage|p2b: Tornadus|0 fnt\n|faint|p2b: Tornadus\n|move|p2a: Smeargle|Decorate|p2: Tornadus|[notarget]\n|-fail|p2a: Smeargle\n|-curestatus|p1b: Reshiram|slp|[msg]\n|move|p1b: Reshiram|Dragon Pulse|p2a: Smeargle\n|-damage|p2a: Smeargle|0 fnt\n|faint|p2a: Smeargle\n|\n|-weather|RainDance|[upkeep]\n|-heal|p1b: Reshiram|80/100|[from] Grassy Terrain\n|-heal|p1a: Rillaboom|45/100|[from] Grassy Terrain\n|upkeep\n|\n|t:|1774121190\n|switch|p2b: Zamazenta|Zamazenta-Crowned, L50, shiny|100/100\n|switch|p2a: Calyrex|Calyrex-Shadow, L50|100/100\n|-ability|p2a: Calyrex|As One\n|-ability|p2a: Calyrex|Unnerve\n|-ability|p2b: Zamazenta|Dauntless Shield|boost\n|-boost|p2b: Zamazenta|def|1\n|turn|6\n|inactive|jyotsha has 30 seconds left.\n|\n|t:|1774121221\n|move|p1a: Rillaboom|Grassy Glide|p2a: Calyrex\n|-damage|p2a: Calyrex|30/100\n|move|p2a: Calyrex|Astral Barrage|p1a: Rillaboom|[spread] p1a,p1b\n|-crit|p1a: Rillaboom\n|-damage|p1a: Rillaboom|0 fnt\n|-damage|p1b: Reshiram|47/100\n|faint|p1a: Rillaboom\n|-ability|p2a: Calyrex|Grim Neigh|boost\n|-boost|p2a: Calyrex|spa|1\n|move|p2b: Zamazenta|Body Press|p1b: Reshiram\n|-crit|p1b: Reshiram\n|-damage|p1b: Reshiram|0 fnt\n|faint|p1b: Reshiram\n|\n|-weather|none\n|-heal|p2a: Calyrex|35/100|[from] Grassy Terrain\n|upkeep\n|\n|t:|1774121234\n|switch|p1b: Urshifu|Urshifu, L50, F|100/100\n|switch|p1a: Koraidon|Koraidon, L50|100/100\n|-weather|SunnyDay|[from] ability: Orichalcum Pulse|[of] p1a: Koraidon\n|-activate|p1a: Koraidon|Orichalcum Pulse|[source]\n|turn|7\n|inactive|jyotsha has 30 seconds left.\n|\n|t:|1774121269\n|-terastallize|p1b: Urshifu|Stellar\n|-terastallize|p2a: Calyrex|Dark\n|move|p1b: Urshifu|Wicked Blow|p2a: Calyrex\n|-resisted|p2a: Calyrex\n|-crit|p2a: Calyrex\n|-damage|p2a: Calyrex|0 fnt\n|faint|p2a: Calyrex\n|move|p1a: Koraidon|Flare Blitz|p2b: Zamazenta\n|-supereffective|p2b: Zamazenta\n|-crit|p2b: Zamazenta\n|-damage|p2b: Zamazenta|0 fnt\n|faint|p2b: Zamazenta\n|-damage|p1a: Koraidon|70/100|[from] Recoil\n|\n|win|jyotsha\n|raw|jyotsha's rating: 1390 &rarr; <strong>1412</strong><br />(+22 for winning)\n|raw|EllenJoe2026's rating: 1433 &rarr; <strong>1411</strong><br />(-22 for losing)\n|l|\u2606EllenJoe2026\n|player|p2|\n|l|\u2606jyotsha\n|player|p1|\n","uploadtime":1774121269,"views":13,"formatid":"gen9vgc2026regi","rating":1411,"private":0,"password":null}