{"id":"gen9vgc2026regi-2556021739","format":"[Gen 9] VGC 2026 Reg I","players":["magicturtle74","buggybrain"],"log":"|j|\u2606magicturtle74\n|j|\u2606buggybrain\n|t:|1773160948\n|gametype|doubles\n|player|p1|magicturtle74|n|1463\n|player|p2|buggybrain|hiker-gen4|1429\n|gen|9\n|tier|[Gen 9] VGC 2026 Reg I\n|rated|\n|rule|Species Clause: Limit one of each Pok\u00e9mon\n|rule|Item Clause: Limit 1 of each item\n|clearpoke\n|poke|p1|Calyrex-Ice, L50|\n|poke|p1|Kyogre, L50|\n|poke|p1|Tornadus, L50, M|\n|poke|p1|Smeargle, L50, F|\n|poke|p1|Rillaboom, L50, M|\n|poke|p1|Basculegion, L50, M|\n|poke|p2|Rillaboom, L50, F|\n|poke|p2|Incineroar, L50, F|\n|poke|p2|Calyrex-Ice, L50|\n|poke|p2|Landorus, L50, M|\n|poke|p2|Koraidon, L50|\n|poke|p2|Smeargle, L50, M|\n|teampreview|4\n|\n|t:|1773160975\n|teamsize|p1|4\n|teamsize|p2|4\n|start\n|switch|p1a: 3x attack|Calyrex-Ice, L50|100/100\n|switch|p1b: prankster frfr|Tornadus, L50, M|100/100\n|switch|p2a: Landorus|Landorus, L50, M|100/100\n|switch|p2b: Incineroar|Incineroar, L50, F|100/100\n|-ability|p1a: 3x attack|As One\n|-ability|p1a: 3x attack|Unnerve\n|-ability|p2b: Incineroar|Intimidate|boost\n|-fail|p1a: 3x attack|unboost|[from] item: Clear Amulet|[of] p1a: 3x attack\n|-unboost|p1b: prankster frfr|atk|1\n|turn|1\n|\n|t:|1773161018\n|move|p1a: 3x attack|Protect|p1a: 3x attack\n|-singleturn|p1a: 3x attack|Protect\n|move|p2b: Incineroar|Fake Out|p1a: 3x attack\n|-activate|p1a: 3x attack|move: Protect\n|move|p1b: prankster frfr|Bleakwind Storm|p2b: Incineroar|[spread] p2a,p2b\n|-damage|p2a: Landorus|71/100\n|-damage|p2b: Incineroar|71/100\n|move|p2a: Landorus|Sludge Bomb|p1b: prankster frfr\n|-crit|p1b: prankster frfr\n|-damage|p1b: prankster frfr|14/100\n|\n|upkeep\n|turn|2\n|\n|t:|1773161043\n|-terastallize|p1a: 3x attack|Fairy\n|move|p2a: Landorus|Protect|p2a: Landorus\n|-singleturn|p2a: Landorus|Protect\n|move|p1b: prankster frfr|Bleakwind Storm|p2b: Incineroar|[spread] p2b\n|-activate|p2a: Landorus|move: Protect\n|-damage|p2b: Incineroar|40/100\n|-unboost|p2b: Incineroar|spe|1\n|move|p1a: 3x attack|Glacial Lance|p2a: Landorus|[spread] p2b\n|-activate|p2a: Landorus|move: Protect\n|-resisted|p2b: Incineroar\n|-damage|p2b: Incineroar|19/100\n|move|p2b: Incineroar|Knock Off|p1a: 3x attack\n|-resisted|p1a: 3x attack\n|-damage|p1a: 3x attack|88/100\n|-enditem|p1a: 3x attack|Clear Amulet|[from] move: Knock Off|[of] p2b: Incineroar\n|\n|upkeep\n|turn|3\n|\n|t:|1773161083\n|switch|p1b: alcremie?!|Smeargle, L50, F|100/100\n|-terastallize|p2a: Landorus|Water\n|move|p2a: Landorus|Sludge Bomb|p1a: 3x attack\n|-supereffective|p1a: 3x attack\n|-damage|p1a: 3x attack|30/100\n|move|p1a: 3x attack|Glacial Lance|p2a: Landorus|[spread] p2a,p2b\n|-resisted|p2a: Landorus\n|-resisted|p2b: Incineroar\n|-damage|p2a: Landorus|46/100\n|-damage|p2b: Incineroar|0 fnt\n|faint|p2b: Incineroar\n|-ability|p1a: 3x attack|Chilling Neigh|boost\n|-boost|p1a: 3x attack|atk|1\n|\n|-ability|p1b: alcremie?!|Moody|boost\n|-boost|p1b: alcremie?!|spa|2\n|-unboost|p1b: alcremie?!|def|1\n|upkeep\n|\n|t:|1773161096\n|switch|p2b: Rillaboom|Rillaboom, L50, F|100/100\n|-fieldstart|move: Grassy Terrain|[from] ability: Grassy Surge|[of] p2b: Rillaboom\n|turn|4\n|\n|t:|1773161107\n|move|p1a: 3x attack|Protect|p1a: 3x attack\n|-singleturn|p1a: 3x attack|Protect\n|move|p1b: alcremie?!|Fake Out|p2b: Rillaboom\n|-crit|p2b: Rillaboom\n|-damage|p2b: Rillaboom|88/100\n|cant|p2b: Rillaboom|flinch\n|move|p2a: Landorus|Sandsear Storm|p1a: 3x attack|[spread] p1b\n|-activate|p1a: 3x attack|move: Protect\n|-enditem|p1b: alcremie?!|Focus Sash\n|-damage|p1b: alcremie?!|1/100\n|\n|-heal|p1b: alcremie?!|7/100|[from] Grassy Terrain\n|-heal|p2a: Landorus|53/100|[from] Grassy Terrain\n|-heal|p2b: Rillaboom|94/100|[from] Grassy Terrain\n|-heal|p1a: 3x attack|35/100|[from] Grassy Terrain\n|-ability|p1b: alcremie?!|Moody|boost\n|-boost|p1b: alcremie?!|atk|2\n|-unboost|p1b: alcremie?!|def|1\n|upkeep\n|turn|5\n|\n|t:|1773161135\n|move|p2b: Rillaboom|Grassy Glide|p1b: alcremie?!\n|-damage|p1b: alcremie?!|0 fnt\n|faint|p1b: alcremie?!\n|move|p2a: Landorus|Sludge Bomb|p1a: 3x attack\n|-supereffective|p1a: 3x attack\n|-damage|p1a: 3x attack|0 fnt\n|faint|p1a: 3x attack\n|\n|-heal|p2a: Landorus|59/100|[from] Grassy Terrain\n|-heal|p2b: Rillaboom|99/100|[from] Grassy Terrain\n|upkeep\n|\n|t:|1773161142\n|switch|p1b: prankster frfr|Tornadus, L50, M|14/100\n|switch|p1a: me when rain|Kyogre, L50|100/100\n|-weather|RainDance|[from] ability: Drizzle|[of] p1a: me when rain\n|turn|6\n|\n|t:|1773161160\n|move|p2a: Landorus|Protect|p2a: Landorus\n|-singleturn|p2a: Landorus|Protect\n|move|p1a: me when rain|Protect|p1a: me when rain\n|-singleturn|p1a: me when rain|Protect\n|move|p2b: Rillaboom|Grassy Glide|p1b: prankster frfr\n|-resisted|p1b: prankster frfr\n|-damage|p1b: prankster frfr|0 fnt\n|-damage|p2b: Rillaboom|84/100|[from] item: Rocky Helmet|[of] p1b: prankster frfr\n|faint|p1b: prankster frfr\n|\n|-weather|RainDance|[upkeep]\n|-heal|p2a: Landorus|65/100|[from] Grassy Terrain\n|-heal|p2b: Rillaboom|89/100|[from] Grassy Terrain\n|upkeep\n|turn|7\n|\n|t:|1773161170\n|move|p2b: Rillaboom|Grassy Glide|p1a: me when rain\n|-supereffective|p1a: me when rain\n|-damage|p1a: me when rain|39/100\n|move|p2a: Landorus|Earth Power|p1a: me when rain\n|-damage|p1a: me when rain|0 fnt\n|faint|p1a: me when rain\n|\n|win|buggybrain\n|raw|magicturtle74's rating: 1463 &rarr; <strong>1441</strong><br />(-22 for losing)\n|raw|buggybrain's rating: 1429 &rarr; <strong>1451</strong><br />(+22 for winning)\n|l|\u2606magicturtle74\n|player|p1|\n|l|\u2606buggybrain\n|player|p2|\n","uploadtime":1773161310,"views":20,"formatid":"gen9vgc2026regi","rating":1441,"private":0,"password":null}