{"id":"gen9vgc2026regi-2547457593","format":"[Gen 9] VGC 2026 Reg I","players":["lalo's pollos","ConnerTEP"],"log":"|j|\u2606lalo's pollos\n|j|\u2606ConnerTEP\n|t:|1772091972\n|gametype|doubles\n|player|p1|lalo's pollos|265|1477\n|player|p2|ConnerTEP|acerola-masters2|1501\n|gen|9\n|tier|[Gen 9] VGC 2026 Reg I\n|rated|\n|rule|Species Clause: Limit one of each Pok\u00e9mon\n|rule|Item Clause: Limit 1 of each item\n|clearpoke\n|poke|p1|Zamazenta-*, L50|\n|poke|p1|Lunala, L50|\n|poke|p1|Rillaboom, L50, M|\n|poke|p1|Incineroar, L50, F|\n|poke|p1|Urshifu-*, L50, F|\n|poke|p1|Tornadus, L50, M|\n|poke|p2|Groudon, L50|\n|poke|p2|Miraidon, L50|\n|poke|p2|Farigiraf, L50, F|\n|poke|p2|Gouging Fire, L50|\n|poke|p2|Iron Hands, L50|\n|poke|p2|Walking Wake, L50|\n|teampreview|4\n|inactive|Battle timer is ON: inactive players will automatically lose when time's up. (requested by ConnerTEP)\n|\n|t:|1772091991\n|teamsize|p1|4\n|teamsize|p2|4\n|start\n|switch|p1a: Tornadus|Tornadus, L50, M|100/100\n|switch|p1b: Urshifu|Urshifu-Rapid-Strike, L50, F|100/100\n|switch|p2a: Groudon|Groudon, L50|100/100\n|switch|p2b: Gouging Fire|Gouging Fire, L50|100/100\n|-weather|SunnyDay|[from] ability: Drought|[of] p2a: Groudon\n|-activate|p2b: Gouging Fire|ability: Protosynthesis\n|-start|p2b: Gouging Fire|protosynthesisspe\n|turn|1\n|\n|t:|1772092005\n|-end|p2b: Gouging Fire|Protosynthesis|[silent]\n|switch|p2b: Miraidon|Miraidon, L50|100/100\n|-fieldstart|move: Electric Terrain|[from] ability: Hadron Engine|[of] p2b: Miraidon\n|switch|p2a: Walking Wake|Walking Wake, L50|100/100\n|-activate|p2a: Walking Wake|ability: Protosynthesis\n|-start|p2a: Walking Wake|protosynthesisspe\n|move|p1b: Urshifu|Detect|p1b: Urshifu\n|-singleturn|p1b: Urshifu|Protect\n|move|p1a: Tornadus|Rain Dance|p1a: Tornadus\n|-weather|RainDance\n|-end|p2a: Walking Wake|Protosynthesis\n|\n|-weather|RainDance|[upkeep]\n|upkeep\n|turn|2\n|\n|t:|1772092018\n|switch|p1b: Lunala|Lunala, L50|100/100\n|move|p1a: Tornadus|Tailwind|p1a: Tornadus\n|-sidestart|p1: lalo's pollos|move: Tailwind\n|move|p2b: Miraidon|Volt Switch|p1b: Lunala\n|-damage|p1b: Lunala|77/100\n|\n|t:|1772092025\n|switch|p2b: Gouging Fire|Gouging Fire, L50|100/100|[from] Volt Switch\n|move|p2a: Walking Wake|Weather Ball|p1a: Tornadus\n|-enditem|p1a: Tornadus|Focus Sash\n|-damage|p1a: Tornadus|1/100\n|-damage|p2a: Walking Wake|91/100|[from] item: Life Orb\n|\n|-weather|RainDance|[upkeep]\n|-heal|p1b: Lunala|83/100|[from] item: Leftovers\n|upkeep\n|turn|3\n|\n|t:|1772092037\n|-terastallize|p2a: Walking Wake|Fire\n|move|p1b: Lunala|Protect|p1b: Lunala\n|-singleturn|p1b: Lunala|Protect\n|move|p1a: Tornadus|Bleakwind Storm|p2a: Walking Wake|[spread] p2a,p2b\n|-damage|p2a: Walking Wake|44/100\n|-damage|p2b: Gouging Fire|65/100\n|-unboost|p2a: Walking Wake|spe|1\n|move|p2b: Gouging Fire|Snarl|p1b: Lunala|[spread] p1a\n|-activate|p1b: Lunala|move: Protect\n|-damage|p1a: Tornadus|0 fnt\n|faint|p1a: Tornadus\n|move|p2a: Walking Wake|Weather Ball|p1b: Lunala\n|-activate|p1b: Lunala|move: Protect\n|\n|-weather|RainDance|[upkeep]\n|-heal|p1b: Lunala|89/100|[from] item: Leftovers\n|upkeep\n|\n|t:|1772092044\n|switch|p1a: Zamazenta|Zamazenta-Crowned, L50|100/100\n|-ability|p1a: Zamazenta|Dauntless Shield|boost\n|-boost|p1a: Zamazenta|def|1\n|turn|4\n|\n|t:|1772092056\n|-end|p2a: Walking Wake|Protosynthesis|[silent]\n|switch|p2a: Groudon|Groudon, L50|100/100\n|-weather|SunnyDay|[from] ability: Drought|[of] p2a: Groudon\n|-activate|p2b: Gouging Fire|ability: Protosynthesis\n|-start|p2b: Gouging Fire|protosynthesisspe\n|move|p1a: Zamazenta|Body Press|p2b: Gouging Fire\n|-damage|p2b: Gouging Fire|4/100\n|move|p1b: Lunala|Moongeist Beam|p2a: Groudon\n|-damage|p2a: Groudon|55/100\n|move|p2b: Gouging Fire|Flare Blitz|p1b: Lunala\n|-damage|p1b: Lunala|29/100\n|-damage|p2b: Gouging Fire|0 fnt|[from] Recoil\n|faint|p2b: Gouging Fire\n|-end|p2b: Gouging Fire|Protosynthesis|[silent]\n|\n|-weather|SunnyDay|[upkeep]\n|-heal|p1b: Lunala|35/100|[from] item: Leftovers\n|upkeep\n|\n|t:|1772092074\n|switch|p2b: Miraidon|Miraidon, L50|100/100\n|-activate|p2b: Miraidon|ability: Hadron Engine\n|turn|5\n|\n|t:|1772092096\n|move|p1a: Zamazenta|Body Press|p2a: Groudon\n|-damage|p2a: Groudon|6/100\n|move|p1b: Lunala|Moongeist Beam|p2a: Groudon\n|-damage|p2a: Groudon|0 fnt\n|faint|p2a: Groudon\n|move|p2b: Miraidon|Electro Drift|p1b: Lunala\n|-damage|p1b: Lunala|0 fnt\n|faint|p1b: Lunala\n|\n|-weather|SunnyDay|[upkeep]\n|-sideend|p1: lalo's pollos|move: Tailwind\n|-fieldend|move: Electric Terrain\n|upkeep\n|\n|t:|1772092102\n|switch|p1b: Urshifu|Urshifu-Rapid-Strike, L50, F|100/100\n|switch|p2a: Walking Wake|Walking Wake, L50, tera:Fire|44/100\n|-activate|p2a: Walking Wake|ability: Protosynthesis\n|-start|p2a: Walking Wake|protosynthesisspe\n|turn|6\n|\n|t:|1772092119\n|-terastallize|p1a: Zamazenta|Water\n|move|p2a: Walking Wake|Protect|p2a: Walking Wake\n|-singleturn|p2a: Walking Wake|Protect\n|move|p1b: Urshifu|Detect|p1b: Urshifu\n|-singleturn|p1b: Urshifu|Protect\n|move|p2b: Miraidon|Electro Drift|p1b: Urshifu\n|-activate|p1b: Urshifu|move: Protect\n|move|p1a: Zamazenta|Body Press|p2a: Walking Wake\n|-activate|p2a: Walking Wake|move: Protect\n|\n|-weather|SunnyDay|[upkeep]\n|upkeep\n|turn|7\n|-message|lalo's pollos forfeited.\n|\n|win|ConnerTEP\n|raw|lalo&apos;s pollos's rating: 1477 &rarr; <strong>1458</strong><br />(-19 for losing)\n|raw|ConnerTEP's rating: 1501 &rarr; <strong>1520</strong><br />(+19 for winning)\n|l|\u2606lalo's pollos\n|player|p1|\n|l|\u2606ConnerTEP\n|player|p2|\n","uploadtime":1772092320,"views":15,"formatid":"gen9vgc2026regi","rating":1458,"private":0,"password":null}