{"id":"gen9vgc2026regi-2581745476","format":"[Gen 9] VGC 2026 Reg I","players":["No.Name.Th","Praguesheevp"],"log":"|j|\u2606No.Name.Th\n|j|\u2606Praguesheevp\n|t:|1776025158\n|gametype|doubles\n|player|p1|No.Name.Th|101|1362\n|player|p2|Praguesheevp|170|1447\n|gen|9\n|tier|[Gen 9] VGC 2026 Reg I\n|rated|\n|rule|Species Clause: Limit one of each Pok\u00e9mon\n|rule|Item Clause: Limit 1 of each item\n|clearpoke\n|poke|p1|Calyrex-Ice, L50|\n|poke|p1|Indeedee-F, L50, F|\n|poke|p1|Scraggy, L50, M|\n|poke|p1|Zamazenta-*, L50|\n|poke|p1|Ninetales-Alola, L50, M|\n|poke|p1|Iron Hands, L50|\n|poke|p2|Calyrex-Ice, L50|\n|poke|p2|Kyogre, L50|\n|poke|p2|Smeargle, L50, F|\n|poke|p2|Roaring Moon, L50|\n|poke|p2|Landorus, L50, M|\n|poke|p2|Ogerpon-Cornerstone, L50, F|\n|teampreview|4\n|\n|t:|1776025201\n|teamsize|p1|4\n|teamsize|p2|4\n|start\n|switch|p1a: Calyrex|Calyrex-Ice, L50|100/100\n|switch|p1b: Indeedee|Indeedee-F, L50, F|100/100\n|switch|p2a: Smeargle|Smeargle, L50, F|100/100\n|switch|p2b: Landorus|Landorus, L50, M|100/100\n|-ability|p1a: Calyrex|As One\n|-ability|p1a: Calyrex|Unnerve\n|-fieldstart|move: Psychic Terrain|[from] ability: Psychic Surge|[of] p1b: Indeedee\n|turn|1\n|\n|t:|1776025223\n|switch|p2b: Kyogre|Kyogre, L50|100/100\n|-weather|RainDance|[from] ability: Drizzle|[of] p2b: Kyogre\n|move|p1b: Indeedee|Follow Me|p1b: Indeedee\n|-singleturn|p1b: Indeedee|move: Follow Me\n|move|p2a: Smeargle|Decorate|p1b: Indeedee\n|-boost|p1b: Indeedee|atk|2\n|-boost|p1b: Indeedee|spa|2\n|move|p1a: Calyrex|Trick Room|p1a: Calyrex\n|-fieldstart|move: Trick Room|[of] p1a: Calyrex\n|\n|-weather|RainDance|[upkeep]\n|upkeep\n|turn|2\n|\n|t:|1776025237\n|switch|p2a: Calyrex|Calyrex-Ice, L50|100/100\n|-ability|p2a: Calyrex|As One\n|-ability|p2a: Calyrex|Unnerve\n|-terastallize|p1a: Calyrex|Water\n|move|p1b: Indeedee|Follow Me|p1b: Indeedee\n|-singleturn|p1b: Indeedee|move: Follow Me\n|move|p1a: Calyrex|Glacial Lance|p2a: Calyrex|[spread] p2a,p2b\n|-resisted|p2a: Calyrex\n|-resisted|p2b: Kyogre\n|-damage|p2a: Calyrex|85/100\n|-damage|p2b: Kyogre|75/100\n|move|p2b: Kyogre|Origin Pulse|p1b: Indeedee|[spread] p1a,p1b\n|-resisted|p1a: Calyrex\n|-damage|p1a: Calyrex|72/100\n|-damage|p1b: Indeedee|24/100\n|\n|-weather|RainDance|[upkeep]\n|-heal|p2a: Calyrex|90/100|[from] item: Leftovers\n|upkeep\n|turn|3\n|\n|t:|1776025258\n|move|p1a: Calyrex|High Horsepower|p2b: Kyogre\n|-damage|p2b: Kyogre|39/100\n|move|p2a: Calyrex|Glacial Lance|p1a: Calyrex|[spread] p1a,p1b\n|-resisted|p1a: Calyrex\n|-crit|p1b: Indeedee\n|-damage|p1a: Calyrex|55/100\n|-damage|p1b: Indeedee|0 fnt\n|faint|p1b: Indeedee\n|-ability|p2a: Calyrex|Chilling Neigh|boost\n|-boost|p2a: Calyrex|atk|1\n|move|p2b: Kyogre|Origin Pulse|p1a: Calyrex\n|-resisted|p1a: Calyrex\n|-crit|p1a: Calyrex\n|-damage|p1a: Calyrex|0 fnt\n|faint|p1a: Calyrex\n|\n|-weather|RainDance|[upkeep]\n|-heal|p2a: Calyrex|96/100|[from] item: Leftovers\n|upkeep\n|\n|t:|1776025266\n|switch|p1a: Ninetales|Ninetales-Alola, L50, M|100/100\n|switch|p1b: Scraggy|Scraggy, L50, M|100/100\n|-ability|p1b: Scraggy|Intimidate|boost\n|-unboost|p2a: Calyrex|atk|1\n|-unboost|p2b: Kyogre|atk|1\n|-weather|Snowscape|[from] ability: Snow Warning|[of] p1a: Ninetales\n|turn|4\n|\n|t:|1776025286\n|switch|p2b: Smeargle|Smeargle, L50, F|100/100\n|-terastallize|p2a: Calyrex|Fairy\n|move|p1b: Scraggy|Foul Play|p2a: Calyrex\n|-resisted|p2a: Calyrex\n|-crit|p2a: Calyrex\n|-damage|p2a: Calyrex|70/100\n|move|p1a: Ninetales|Moonblast|p2b: Smeargle\n|-damage|p2b: Smeargle|9/100\n|-unboost|p2b: Smeargle|spa|1\n|move|p2a: Calyrex|Trick Room|p2a: Calyrex\n|-fieldend|move: Trick Room\n|\n|-weather|Snowscape|[upkeep]\n|-heal|p2a: Calyrex|75/100|[from] item: Leftovers\n|upkeep\n|turn|5\n|\n|t:|1776025307\n|move|p1a: Ninetales|Blizzard|p2b: Smeargle|[spread] p2a,p2b\n|-damage|p2a: Calyrex|56/100\n|-damage|p2b: Smeargle|0 fnt\n|faint|p2b: Smeargle\n|move|p2a: Calyrex|Glacial Lance|p1b: Scraggy|[spread] p1a,p1b\n|-resisted|p1a: Ninetales\n|-damage|p1a: Ninetales|74/100\n|-damage|p1b: Scraggy|56/100\n|move|p1b: Scraggy|Taunt|p2a: Calyrex\n|-start|p2a: Calyrex|move: Taunt\n|\n|-weather|Snowscape|[upkeep]\n|-heal|p2a: Calyrex|62/100|[from] item: Leftovers\n|-fieldend|move: Psychic Terrain\n|upkeep\n|\n|t:|1776025310\n|switch|p2b: Kyogre|Kyogre, L50|39/100\n|-weather|RainDance|[from] ability: Drizzle|[of] p2b: Kyogre\n|turn|6\n|\n|t:|1776025317\n|move|p1a: Ninetales|Moonblast|p2b: Kyogre\n|-damage|p2b: Kyogre|14/100\n|move|p2b: Kyogre|Origin Pulse|p1a: Ninetales|[spread] p1a,p1b\n|-crit|p1b: Scraggy\n|-damage|p1a: Ninetales|0 fnt\n|-damage|p1b: Scraggy|0 fnt\n|faint|p1a: Ninetales\n|faint|p1b: Scraggy\n|\n|win|Praguesheevp\n|raw|No.Name.Th's rating: 1362 &rarr; <strong>1347</strong><br />(-15 for losing)\n|raw|Praguesheevp's rating: 1447 &rarr; <strong>1462</strong><br />(+15 for winning)\n|l|\u2606No.Name.Th\n|player|p1|\n|l|\u2606Praguesheevp\n|player|p2|\n","uploadtime":1776025556,"views":9,"formatid":"gen9vgc2026regi","rating":1347,"private":0,"password":null}