{"id":"gen9vgc2026regi-2582536795","format":"[Gen 9] VGC 2026 Reg I","players":["cruncnunc","Sunny_zong3"],"log":"|j|\u203dcruncnunc\n|j|\u2606Sunny_zong3\n|t:|1776097959\n|gametype|doubles\n|player|p1|cruncnunc|supernerd|1490\n|player|p2|Sunny_zong3|bugsy|1434\n|gen|9\n|tier|[Gen 9] VGC 2026 Reg I\n|rated|\n|rule|Species Clause: Limit one of each Pok\u00e9mon\n|rule|Item Clause: Limit 1 of each item\n|clearpoke\n|poke|p1|Flutter Mane, L50|\n|poke|p1|Groudon, L50|\n|poke|p1|Chi-Yu, L50|\n|poke|p1|Miraidon, L50|\n|poke|p1|Grimmsnarl, L50, M|\n|poke|p1|Ogerpon-Hearthflame, L50, F|\n|poke|p2|Muk-Alola, L50, F|\n|poke|p2|Flamigo, L50, M|\n|poke|p2|Miraidon, L50|\n|poke|p2|Calyrex-Shadow, L50|\n|poke|p2|Indeedee, L50, M|\n|poke|p2|Smeargle, L50, M|\n|teampreview|4\n|inactive|Battle timer is ON: inactive players will automatically lose when time's up. (requested by Sunny_zong3)\n|inactive|cruncnunc has 60 seconds left.\n|\n|t:|1776097997\n|teamsize|p1|4\n|teamsize|p2|4\n|start\n|switch|p1a: Groudon|Groudon, L50|100/100\n|switch|p1b: Miraidon|Miraidon, L50|100/100\n|switch|p2a: Smeargle|Smeargle, L50, M|100/100\n|switch|p2b: Calyrex|Calyrex-Shadow, L50|100/100\n|-ability|p2b: Calyrex|As One\n|-ability|p2b: Calyrex|Unnerve\n|-fieldstart|move: Electric Terrain|[from] ability: Hadron Engine|[of] p1b: Miraidon\n|-weather|SunnyDay|[from] ability: Drought|[of] p1a: Groudon\n|turn|1\n|\n|t:|1776098016\n|switch|p1b: Chi-Yu|Chi-Yu, L50|100/100\n|-ability|p1b: Chi-Yu|Beads of Ruin\n|move|p2b: Calyrex|Astral Barrage|p1b: Chi-Yu|[spread] p1a,p1b\n|-resisted|p1b: Chi-Yu\n|-damage|p1a: Groudon|36/100\n|-damage|p1b: Chi-Yu|69/100\n|move|p2a: Smeargle|Minimize|p2a: Smeargle\n|-boost|p2a: Smeargle|evasion|2\n|move|p1a: Groudon|Precipice Blades|p2a: Smeargle|[spread] p2b\n|-miss|p1a: Groudon|p2a: Smeargle\n|-damage|p2b: Calyrex|34/100\n|\n|-weather|SunnyDay|[upkeep]\n|-ability|p2a: Smeargle|Moody|boost\n|-boost|p2a: Smeargle|spa|2\n|-unboost|p2a: Smeargle|spd|1\n|upkeep\n|turn|2\n|\n|t:|1776098034\n|move|p2a: Smeargle|Wide Guard|p2a: Smeargle\n|-singleturn|p2a: Smeargle|Wide Guard\n|move|p1b: Chi-Yu|Heat Wave|p2b: Calyrex|[spread] \n|-activate|p2a: Smeargle|move: Wide Guard\n|-activate|p2b: Calyrex|move: Wide Guard\n|move|p2b: Calyrex|Astral Barrage|p1b: Chi-Yu|[spread] p1a,p1b\n|-resisted|p1b: Chi-Yu\n|-damage|p1a: Groudon|0 fnt\n|-damage|p1b: Chi-Yu|34/100\n|faint|p1a: Groudon\n|-ability|p2b: Calyrex|Grim Neigh|boost\n|-boost|p2b: Calyrex|spa|1\n|\n|-weather|SunnyDay|[upkeep]\n|-ability|p2a: Smeargle|Moody|boost\n|-boost|p2a: Smeargle|spd|2\n|-unboost|p2a: Smeargle|spa|1\n|upkeep\n|\n|t:|1776098050\n|switch|p1a: Flutter Mane|Flutter Mane, L50|100/100\n|-activate|p1a: Flutter Mane|ability: Protosynthesis\n|-start|p1a: Flutter Mane|protosynthesisspe\n|turn|3\n|\n|t:|1776098067\n|-terastallize|p2b: Calyrex|Normal\n|move|p2a: Smeargle|Wide Guard|p2a: Smeargle\n|-singleturn|p2a: Smeargle|Wide Guard\n|move|p1a: Flutter Mane|Moonblast|p2b: Calyrex\n|-damage|p2b: Calyrex|0 fnt\n|faint|p2b: Calyrex\n|move|p1b: Chi-Yu|Heat Wave|p2a: Smeargle\n|-activate|p2a: Smeargle|move: Wide Guard\n|\n|-weather|SunnyDay|[upkeep]\n|-ability|p2a: Smeargle|Moody|boost\n|-boost|p2a: Smeargle|spd|2\n|-unboost|p2a: Smeargle|spa|1\n|upkeep\n|\n|t:|1776098082\n|switch|p2b: Flamigo|Flamigo, L50, M|100/100\n|-copyboost|p2b: Flamigo|p2a: Smeargle|[from] ability: Costar\n|turn|4\n|\n|t:|1776098102\n|switch|p1b: Miraidon|Miraidon, L50|100/100\n|-activate|p1b: Miraidon|ability: Hadron Engine\n|move|p1a: Flutter Mane|Moonblast|p2b: Flamigo\n|-supereffective|p2b: Flamigo\n|-damage|p2b: Flamigo|32/100\n|-unboost|p2b: Flamigo|spa|1\n|-enditem|p2b: Flamigo|White Herb\n|-clearnegativeboost|p2b: Flamigo|[silent]\n|move|p2b: Flamigo|Substitute|p2b: Flamigo\n|-start|p2b: Flamigo|Substitute\n|-damage|p2b: Flamigo|7/100\n|move|p2a: Smeargle|Spore|p1a: Flutter Mane\n|-activate|p1a: Flutter Mane|move: Electric Terrain\n|\n|-weather|SunnyDay|[upkeep]\n|-ability|p2a: Smeargle|Moody|boost\n|-boost|p2a: Smeargle|spd|2\n|-unboost|p2a: Smeargle|def|1\n|upkeep\n|turn|5\n|\n|t:|1776098123\n|move|p1a: Flutter Mane|Moonblast|p2b: Flamigo|[miss]\n|-miss|p1a: Flutter Mane|p2b: Flamigo\n|move|p1b: Miraidon|Volt Switch|p2b: Flamigo|[miss]\n|-miss|p1b: Miraidon|p2b: Flamigo\n|move|p2b: Flamigo|Roost|p2b: Flamigo\n|-heal|p2b: Flamigo|57/100\n|-singleturn|p2b: Flamigo|move: Roost\n|move|p2a: Smeargle|Minimize|p2a: Smeargle\n|-boost|p2a: Smeargle|evasion|2\n|\n|-weather|none\n|-end|p1a: Flutter Mane|Protosynthesis\n|-fieldend|move: Electric Terrain\n|-ability|p2a: Smeargle|Moody|boost\n|-boost|p2a: Smeargle|spd|1\n|-unboost|p2a: Smeargle|atk|1\n|upkeep\n|turn|6\n|\n|t:|1776098140\n|move|p1b: Miraidon|Volt Switch|p2b: Flamigo|[miss]\n|-miss|p1b: Miraidon|p2b: Flamigo\n|move|p1a: Flutter Mane|Moonblast|p2b: Flamigo\n|-supereffective|p2b: Flamigo\n|-end|p2b: Flamigo|Substitute\n|move|p2b: Flamigo|Roost|p2b: Flamigo\n|-heal|p2b: Flamigo|100/100\n|-singleturn|p2b: Flamigo|move: Roost\n|move|p2a: Smeargle|Minimize|p2a: Smeargle\n|-boost|p2a: Smeargle|evasion|2\n|\n|-ability|p2a: Smeargle|Moody|boost\n|-boost|p2a: Smeargle|spe|2\n|-unboost|p2a: Smeargle|spd|1\n|upkeep\n|turn|7\n|\n|t:|1776098157\n|switch|p2b: Muk|Muk-Alola, L50, F|100/100\n|move|p2a: Smeargle|Spore|p1a: Flutter Mane\n|-status|p1a: Flutter Mane|slp|[from] move: Spore\n|move|p1b: Miraidon|Volt Switch|p2b: Muk\n|-damage|p2b: Muk|61/100\n|\n|t:|1776098164\n|switch|p1b: Chi-Yu|Chi-Yu, L50|34/100|[from] Volt Switch\n|-ability|p1b: Chi-Yu|Beads of Ruin\n|cant|p1a: Flutter Mane|slp\n|\n|-heal|p2b: Muk|67/100|[from] item: Leftovers\n|-ability|p2a: Smeargle|Moody|boost\n|-boost|p2a: Smeargle|def|2\n|-unboost|p2a: Smeargle|spa|1\n|upkeep\n|turn|8\n|\n|t:|1776098176\n|-end|p1a: Flutter Mane|Protosynthesis|[silent]\n|switch|p1a: Miraidon|Miraidon, L50|100/100\n|-fieldstart|move: Electric Terrain|[from] ability: Hadron Engine|[of] p1a: Miraidon\n|move|p2a: Smeargle|Spore|p1b: Chi-Yu\n|-activate|p1b: Chi-Yu|move: Electric Terrain\n|move|p1b: Chi-Yu|Overheat|p2b: Muk\n|-damage|p2b: Muk|0 fnt\n|-unboost|p1b: Chi-Yu|spa|2\n|faint|p2b: Muk\n|\n|-ability|p2a: Smeargle|Moody|boost\n|-boost|p2a: Smeargle|atk|2\n|-unboost|p2a: Smeargle|spe|1\n|upkeep\n|\n|t:|1776098179\n|switch|p2b: Flamigo|Flamigo, L50, M|100/100\n|-copyboost|p2b: Flamigo|p2a: Smeargle|[from] ability: Costar\n|turn|9\n|\n|t:|1776098199\n|-terastallize|p1a: Miraidon|Electric\n|move|p2a: Smeargle|Follow Me|p2a: Smeargle\n|-singleturn|p2a: Smeargle|move: Follow Me\n|move|p2b: Flamigo|Substitute|p2b: Flamigo\n|-start|p2b: Flamigo|Substitute\n|-damage|p2b: Flamigo|76/100\n|move|p1b: Chi-Yu|Overheat|p2a: Smeargle|[miss]\n|-miss|p1b: Chi-Yu|p2a: Smeargle\n|move|p1a: Miraidon|Electro Drift|p2a: Smeargle|[miss]\n|-miss|p1a: Miraidon|p2a: Smeargle\n|\n|-ability|p2a: Smeargle|Moody|boost\n|-boost|p2a: Smeargle|spa|2\n|-unboost|p2a: Smeargle|spd|1\n|upkeep\n|turn|10\n|\n|t:|1776098214\n|move|p2a: Smeargle|Follow Me|p2a: Smeargle\n|-singleturn|p2a: Smeargle|move: Follow Me\n|move|p2b: Flamigo|Close Combat|p1a: Miraidon\n|-damage|p1a: Miraidon|10/100\n|-unboost|p2b: Flamigo|def|1\n|-unboost|p2b: Flamigo|spd|1\n|move|p1b: Chi-Yu|Overheat|p2a: Smeargle|[miss]\n|-miss|p1b: Chi-Yu|p2a: Smeargle\n|move|p1a: Miraidon|Electro Drift|p2a: Smeargle|[miss]\n|-miss|p1a: Miraidon|p2a: Smeargle\n|\n|-ability|p2a: Smeargle|Moody|boost\n|-boost|p2a: Smeargle|atk|2\n|-unboost|p2a: Smeargle|spe|1\n|upkeep\n|turn|11\n|-message|cruncnunc forfeited.\n|\n|win|Sunny_zong3\n|raw|cruncnunc's rating: 1490 &rarr; <strong>1467</strong><br />(-23 for losing)\n|raw|Sunny_zong3's rating: 1434 &rarr; <strong>1457</strong><br />(+23 for winning)\n|l|\u203dcruncnunc\n|player|p1|\n|l|\u2606Sunny_zong3\n|player|p2|\n","uploadtime":1776098404,"views":10,"formatid":"gen9vgc2026regi","rating":1457,"private":0,"password":null}