{"id":"gen9vgc2026regi-2519321844","format":"[Gen 9] VGC 2026 Reg I","players":["SpeedShadow","BanKingambit69247"],"log":"|j|\u2606SpeedShadow\n|j|\u2606BanKingambit69247\n|t:|1768495554\n|gametype|doubles\n|player|p1|SpeedShadow|2|1094\n|player|p2|BanKingambit69247|102|1159\n|gen|9\n|tier|[Gen 9] VGC 2026 Reg I\n|rated|\n|rule|Species Clause: Limit one of each Pok\u00e9mon\n|rule|Item Clause: Limit 1 of each item\n|clearpoke\n|poke|p1|Calyrex-Ice, L50|\n|poke|p1|Indeedee-F, L50, F|\n|poke|p1|Terapagos, L50, M|\n|poke|p1|Amoonguss, L50, F|\n|poke|p1|Iron Hands, L50|\n|poke|p1|Kingambit, L50, F|\n|poke|p2|Calyrex-Ice, L50|\n|poke|p2|Koraidon, L50|\n|poke|p2|Incineroar, L50, F|\n|poke|p2|Rillaboom, L50, M|\n|poke|p2|Chi-Yu, L50|\n|poke|p2|Flutter Mane, L50|\n|teampreview|4\n|inactive|Battle timer is ON: inactive players will automatically lose when time's up. (requested by BanKingambit69247)\n|inactive|SpeedShadow has 60 seconds left.\n|inactive|BanKingambit69247 has 60 seconds left.\n|\n|t:|1768495597\n|teamsize|p1|4\n|teamsize|p2|4\n|start\n|switch|p1a: Kingambit|Kingambit, L50, F|100/100\n|switch|p1b: Terapagos|Terapagos, L50, M|100/100\n|switch|p2a: Calyrex|Calyrex-Ice, L50|100/100\n|switch|p2b: Chi-Yu|Chi-Yu, L50|100/100\n|-activate|p1b: Terapagos|ability: Tera Shift\n|detailschange|p1b: Terapagos|Terapagos-Terastal, L50, M\n|-heal|p1b: Terapagos|100/100|[silent]\n|-ability|p2a: Calyrex|As One\n|-ability|p2a: Calyrex|Unnerve\n|-ability|p2b: Chi-Yu|Beads of Ruin\n|turn|1\n|inactive|SpeedShadow has 30 seconds left.\n|inactive|SpeedShadow has 20 seconds left.\n|\n|t:|1768495633\n|move|p2a: Calyrex|Protect|p2a: Calyrex\n|-singleturn|p2a: Calyrex|Protect\n|move|p1a: Kingambit|Sucker Punch||[still]\n|-fail|p1a: Kingambit\n|move|p2b: Chi-Yu|Heat Wave|p1b: Terapagos|[spread] p1b\n|-miss|p2b: Chi-Yu|p1a: Kingambit\n|-activate|p1b: Terapagos|ability: Tera Shell\n|-resisted|p1b: Terapagos\n|-damage|p1b: Terapagos|75/100\n|move|p1b: Terapagos|Calm Mind|p1b: Terapagos\n|-boost|p1b: Terapagos|spa|1\n|-boost|p1b: Terapagos|spd|1\n|\n|-heal|p1b: Terapagos|82/100|[from] item: Leftovers\n|upkeep\n|turn|2\n|inactive|SpeedShadow has 30 seconds left.\n|\n|t:|1768495659\n|switch|p2a: Koraidon|Koraidon, L50|100/100\n|-weather|SunnyDay|[from] ability: Orichalcum Pulse|[of] p2a: Koraidon\n|-activate|p2a: Koraidon|Orichalcum Pulse|[source]\n|-terastallize|p1b: Terapagos|Stellar\n|detailschange|p1b: Terapagos|Terapagos-Stellar, L50, M, tera:Stellar\n|-heal|p1b: Terapagos|86/100|[silent]\n|-ability|p1b: Terapagos|Teraform Zero\n|-weather|none\n|move|p2b: Chi-Yu|Heat Wave|p1a: Kingambit|[spread] p1b\n|-miss|p2b: Chi-Yu|p1a: Kingambit\n|-damage|p1b: Terapagos|63/100\n|move|p1b: Terapagos|Tera Starstorm|p2b: Chi-Yu|[spread] p2a,p2b\n|-damage|p2a: Koraidon|30/100\n|-damage|p2b: Chi-Yu|37/100\n|move|p1a: Kingambit|Kowtow Cleave|p2a: Koraidon\n|-resisted|p2a: Koraidon\n|-damage|p2a: Koraidon|0 fnt\n|faint|p2a: Koraidon\n|-damage|p1a: Kingambit|91/100|[from] item: Life Orb\n|\n|-heal|p1b: Terapagos|69/100|[from] item: Leftovers\n|upkeep\n|\n|t:|1768495680\n|switch|p2a: Calyrex|Calyrex-Ice, L50|100/100\n|-ability|p2a: Calyrex|As One\n|-ability|p2a: Calyrex|Unnerve\n|turn|3\n|\n|t:|1768495694\n|move|p1a: Kingambit|Protect|p1a: Kingambit\n|-singleturn|p1a: Kingambit|Protect\n|move|p2b: Chi-Yu|Heat Wave|p1b: Terapagos|[spread] p1b\n|-activate|p1a: Kingambit|move: Protect\n|-damage|p1b: Terapagos|46/100\n|move|p1b: Terapagos|Earth Power|p2b: Chi-Yu\n|-supereffective|p2b: Chi-Yu\n|-damage|p2b: Chi-Yu|0 fnt\n|faint|p2b: Chi-Yu\n|move|p2a: Calyrex|Leech Seed|p1b: Terapagos\n|-start|p1b: Terapagos|move: Leech Seed\n|\n|-heal|p1b: Terapagos|52/100|[from] item: Leftovers\n|-damage|p1b: Terapagos|39/100|[from] Leech Seed|[of] p2a: Calyrex\n|upkeep\n|\n|t:|1768495700\n|switch|p2b: Incineroar|Incineroar, L50, F|100/100\n|-ability|p2b: Incineroar|Intimidate|boost\n|-unboost|p1a: Kingambit|atk|1\n|-ability|p1a: Kingambit|Defiant|boost\n|-boost|p1a: Kingambit|atk|2\n|-unboost|p1b: Terapagos|atk|1\n|turn|4\n|\n|t:|1768495719\n|switch|p1b: Indeedee|Indeedee-F, L50, F|100/100\n|-fieldstart|move: Psychic Terrain|[from] ability: Psychic Surge|[of] p1b: Indeedee\n|move|p2a: Calyrex|Protect|p2a: Calyrex\n|-singleturn|p2a: Calyrex|Protect\n|move|p2b: Incineroar|Flare Blitz|p1a: Kingambit\n|-supereffective|p1a: Kingambit\n|-damage|p1a: Kingambit|24/100\n|-damage|p2b: Incineroar|78/100|[from] Recoil\n|move|p1a: Kingambit|Kowtow Cleave|p2a: Calyrex\n|-activate|p2a: Calyrex|move: Protect\n|\n|upkeep\n|turn|5\n|inactive|SpeedShadow has 30 seconds left.\n|inactive|SpeedShadow has 20 seconds left.\n|inactive|SpeedShadow has 15 seconds left.\n|inactive|SpeedShadow has 10 seconds left.\n|\n|t:|1768495765\n|move|p1a: Kingambit|Protect|p1a: Kingambit\n|-singleturn|p1a: Kingambit|Protect\n|move|p2b: Incineroar|Knock Off|p1a: Kingambit\n|-activate|p1a: Kingambit|move: Protect\n|move|p2a: Calyrex|Glacial Lance|p1b: Indeedee|[spread] p1b\n|-activate|p1a: Kingambit|move: Protect\n|-damage|p1b: Indeedee|18/100\n|move|p1b: Indeedee|Trick Room|p1b: Indeedee\n|-fieldstart|move: Trick Room|[of] p1b: Indeedee\n|\n|upkeep\n|turn|6\n|inactive|SpeedShadow has 30 seconds left.\n|\n|t:|1768495795\n|-terastallize|p2a: Calyrex|Fairy\n|move|p1b: Indeedee|Helping Hand|p1a: Kingambit\n|-singleturn|p1a: Kingambit|Helping Hand|[of] p1b: Indeedee\n|move|p1a: Kingambit|Iron Head|p2b: Incineroar\n|-resisted|p2b: Incineroar\n|-damage|p2b: Incineroar|13/100\n|-damage|p1a: Kingambit|15/100|[from] item: Life Orb\n|move|p2a: Calyrex|Glacial Lance|p1a: Kingambit|[spread] p1a,p1b\n|-resisted|p1a: Kingambit\n|-damage|p1a: Kingambit|0 fnt\n|-damage|p1b: Indeedee|0 fnt\n|faint|p1a: Kingambit\n|faint|p1b: Indeedee\n|-ability|p2a: Calyrex|Chilling Neigh|boost\n|-boost|p2a: Calyrex|atk|2\n|move|p2b: Incineroar|Knock Off|p1: Kingambit|[notarget]\n|-fail|p2b: Incineroar\n|\n|upkeep\n|\n|t:|1768495807\n|switch|p1a: Calyrex|Calyrex-Ice, L50|100/100\n|switch|p1b: Terapagos|Terapagos-Stellar, L50, M, tera:Stellar|39/100\n|-ability|p1a: Calyrex|As One\n|-ability|p1a: Calyrex|Unnerve\n|turn|7\n|\n|t:|1768495824\n|move|p1b: Terapagos|Protect|p1b: Terapagos\n|-singleturn|p1b: Terapagos|Protect\n|move|p1a: Calyrex|Stomping Tantrum|p2b: Incineroar\n|-supereffective|p2b: Incineroar\n|-damage|p2b: Incineroar|0 fnt\n|faint|p2b: Incineroar\n|-ability|p1a: Calyrex|Chilling Neigh|boost\n|-boost|p1a: Calyrex|atk|1\n|move|p2a: Calyrex|Glacial Lance|p1a: Calyrex|[spread] p1a\n|-activate|p1b: Terapagos|move: Protect\n|-resisted|p1a: Calyrex\n|-damage|p1a: Calyrex|67/100\n|\n|-heal|p1b: Terapagos|46/100|[from] item: Leftovers\n|upkeep\n|turn|8\n|\n|t:|1768495840\n|move|p1a: Calyrex|Glacial Lance|p2a: Calyrex\n|-damage|p2a: Calyrex|38/100\n|move|p2a: Calyrex|Glacial Lance|p1b: Terapagos|[spread] p1a,p1b\n|-resisted|p1a: Calyrex\n|-damage|p1a: Calyrex|34/100\n|-damage|p1b: Terapagos|0 fnt\n|faint|p1b: Terapagos\n|detailschange|p1: Terapagos|Terapagos, L50, M|[silent]\n|-ability|p2a: Calyrex|Chilling Neigh|boost\n|-boost|p2a: Calyrex|atk|1\n|\n|-heal|p2a: Calyrex|43/100|[from] item: Leftovers\n|-fieldend|move: Psychic Terrain\n|upkeep\n|turn|9\n|\n|t:|1768495854\n|move|p2a: Calyrex|Protect|p2a: Calyrex\n|-singleturn|p2a: Calyrex|Protect\n|move|p1a: Calyrex|Glacial Lance|p2a: Calyrex\n|-activate|p2a: Calyrex|move: Protect\n|\n|-heal|p2a: Calyrex|49/100|[from] item: Leftovers\n|-fieldend|move: Trick Room\n|upkeep\n|turn|10\n|\n|t:|1768495856\n|move|p2a: Calyrex|Glacial Lance|p1a: Calyrex\n|-resisted|p1a: Calyrex\n|-damage|p1a: Calyrex|0 fnt\n|faint|p1a: Calyrex\n|\n|win|BanKingambit69247\n|raw|SpeedShadow's rating: 1094 &rarr; <strong>1074</strong><br />(-20 for losing)\n|raw|BanKingambit69247's rating: 1159 &rarr; <strong>1179</strong><br />(+20 for winning)\n","uploadtime":1768495859,"views":10,"formatid":"gen9vgc2026regi","rating":1074,"private":0,"password":null}