{"id":"gen9vgc2026regi-2519744825","format":"[Gen 9] VGC 2026 Reg I","players":["jpto5","ChefWooTwoo"],"log":"|j|\u2606jpto5\n|j|\u2606ChefWooTwoo\n|t:|1768541999\n|gametype|doubles\n|player|p1|jpto5|265|1217\n|player|p2|ChefWooTwoo|265|1110\n|gen|9\n|tier|[Gen 9] VGC 2026 Reg I\n|rated|\n|rule|Species Clause: Limit one of each Pok\u00e9mon\n|rule|Item Clause: Limit 1 of each item\n|clearpoke\n|poke|p1|Tornadus, L50, M|\n|poke|p1|Kyogre, L50|\n|poke|p1|Zacian-*, L50|\n|poke|p1|Incineroar, L50, M|\n|poke|p1|Basculegion, L50, M|\n|poke|p1|Kilowattrel, L50, F|\n|poke|p2|Calyrex-Ice, L50|\n|poke|p2|Incineroar, L50, F|\n|poke|p2|Amoonguss, L50, M|\n|poke|p2|Cresselia, L50, F|\n|poke|p2|Urshifu-*, L50, F|\n|poke|p2|Flutter Mane, L50|\n|teampreview|4\n|inactive|Battle timer is ON: inactive players will automatically lose when time's up. (requested by jpto5)\n|inactive|jpto5 has 60 seconds left.\n|\n|t:|1768542030\n|teamsize|p1|4\n|teamsize|p2|4\n|start\n|switch|p1a: Incineroar|Incineroar, L50, M|100/100\n|switch|p1b: Kilowattrel|Kilowattrel, L50, F, shiny|100/100\n|switch|p2a: Cresselia|Cresselia, L50, F|100/100\n|switch|p2b: Incineroar|Incineroar, L50, F|100/100\n|-ability|p2b: Incineroar|Intimidate|boost\n|-unboost|p1a: Incineroar|atk|1\n|-unboost|p1b: Kilowattrel|atk|1\n|-ability|p1b: Kilowattrel|Competitive|boost\n|-boost|p1b: Kilowattrel|spa|2\n|-enditem|p1b: Kilowattrel|Adrenaline Orb\n|-boost|p1b: Kilowattrel|spe|1|[from] item: Adrenaline Orb\n|-ability|p1a: Incineroar|Intimidate|boost\n|-unboost|p2a: Cresselia|atk|1\n|-unboost|p2b: Incineroar|atk|1\n|-enditem|p1a: Incineroar|Eject Pack\n|\n|t:|1768542043\n|switch|p1a: Tornadus|Tornadus, L50, M|100/100\n|turn|1\n|\n|t:|1768542058\n|move|p2b: Incineroar|Fake Out|p1b: Kilowattrel\n|-damage|p1b: Kilowattrel|87/100\n|move|p1a: Tornadus|Taunt|p2a: Cresselia\n|-start|p2a: Cresselia|move: Taunt\n|-enditem|p2a: Cresselia|Mental Herb\n|-end|p2a: Cresselia|move: Taunt\n|cant|p1b: Kilowattrel|flinch\n|move|p2a: Cresselia|Trick Room|p2a: Cresselia\n|-fieldstart|move: Trick Room|[of] p2a: Cresselia\n|\n|upkeep\n|turn|2\n|\n|t:|1768542078\n|move|p1b: Kilowattrel|Protect|p1b: Kilowattrel\n|-singleturn|p1b: Kilowattrel|Protect\n|move|p2b: Incineroar|Parting Shot|p1b: Kilowattrel\n|-activate|p1b: Kilowattrel|move: Protect\n|move|p2a: Cresselia|Ice Beam|p1a: Tornadus\n|-supereffective|p1a: Tornadus\n|-damage|p1a: Tornadus|51/100\n|move|p1a: Tornadus|Bleakwind Storm|p2a: Cresselia|[spread] p2a,p2b\n|-damage|p2a: Cresselia|79/100\n|-damage|p2b: Incineroar|73/100\n|-unboost|p2a: Cresselia|spe|1\n|\n|upkeep\n|turn|3\n|inactive|jpto5 has 30 seconds left.\n|\n|t:|1768542105\n|switch|p1a: Incineroar|Incineroar, L50, M|100/100\n|-ability|p1a: Incineroar|Intimidate|boost\n|-unboost|p2a: Cresselia|atk|1\n|-unboost|p2b: Incineroar|atk|1\n|move|p2a: Cresselia|Ice Beam|p1a: Incineroar\n|-resisted|p1a: Incineroar\n|-damage|p1a: Incineroar|95/100\n|move|p2b: Incineroar|Parting Shot|p1b: Kilowattrel\n|-unboost|p1b: Kilowattrel|atk|1\n|-ability|p1b: Kilowattrel|Competitive|boost\n|-boost|p1b: Kilowattrel|spa|2\n|-unboost|p1b: Kilowattrel|spa|1\n|-ability|p1b: Kilowattrel|Competitive|boost\n|-boost|p1b: Kilowattrel|spa|2\n|\n|t:|1768542121\n|switch|p2b: Calyrex|Calyrex-Ice, L50|100/100|[from] Parting Shot\n|-ability|p2b: Calyrex|As One\n|-ability|p2b: Calyrex|Unnerve\n|move|p1b: Kilowattrel|Hurricane|p2b: Calyrex\n|-damage|p2b: Calyrex|0 fnt\n|faint|p2b: Calyrex\n|\n|upkeep\n|\n|t:|1768542129\n|switch|p2b: Amoonguss|Amoonguss, L50, M|100/100\n|turn|4\n|\n|t:|1768542144\n|-terastallize|p2b: Amoonguss|Water\n|move|p1a: Incineroar|Fake Out|p2b: Amoonguss\n|-damage|p2b: Amoonguss|92/100\n|-damage|p1a: Incineroar|79/100|[from] item: Rocky Helmet|[of] p2b: Amoonguss\n|cant|p2b: Amoonguss|flinch\n|move|p2a: Cresselia|Ice Beam|p1b: Kilowattrel\n|-supereffective|p1b: Kilowattrel\n|-damage|p1b: Kilowattrel|27/100\n|move|p1b: Kilowattrel|Hurricane|p2b: Amoonguss\n|-damage|p2b: Amoonguss|0 fnt\n|faint|p2b: Amoonguss\n|\n|upkeep\n|\n|t:|1768542153\n|switch|p2b: Incineroar|Incineroar, L50, F|73/100\n|-ability|p2b: Incineroar|Intimidate|boost\n|-unboost|p1a: Incineroar|atk|1\n|-unboost|p1b: Kilowattrel|atk|1\n|-ability|p1b: Kilowattrel|Competitive|boost\n|-boost|p1b: Kilowattrel|spa|1\n|turn|5\n|\n|t:|1768542171\n|switch|p1a: Tornadus|Tornadus, L50, M|51/100\n|move|p1b: Kilowattrel|Protect|p1b: Kilowattrel\n|-singleturn|p1b: Kilowattrel|Protect\n|move|p2b: Incineroar|Fake Out|p1a: Tornadus\n|-damage|p1a: Tornadus|35/100\n|move|p2a: Cresselia|Ice Beam|p1b: Kilowattrel\n|-activate|p1b: Kilowattrel|move: Protect\n|\n|-fieldend|move: Trick Room\n|upkeep\n|turn|6\n|inactive|ChefWooTwoo has 30 seconds left.\n|\n|t:|1768542197\n|move|p1a: Tornadus|Rain Dance|p1a: Tornadus\n|-weather|RainDance\n|move|p1b: Kilowattrel|Thunder|p2a: Cresselia\n|-damage|p2a: Cresselia|0 fnt\n|faint|p2a: Cresselia\n|move|p2b: Incineroar|Knock Off|p1b: Kilowattrel\n|-damage|p1b: Kilowattrel|0 fnt\n|faint|p1b: Kilowattrel\n|\n|-weather|RainDance|[upkeep]\n|upkeep\n|\n|t:|1768542207\n|switch|p1b: Incineroar|Incineroar, L50, M|79/100\n|-ability|p1b: Incineroar|Intimidate|boost\n|-unboost|p2b: Incineroar|atk|1\n|turn|7\n|-message|ChefWooTwoo forfeited.\n|\n|win|jpto5\n|raw|jpto5's rating: 1217 &rarr; <strong>1235</strong><br />(+18 for winning)\n|raw|ChefWooTwoo's rating: 1110 &rarr; <strong>1092</strong><br />(-18 for losing)\n|l|\u2606ChefWooTwoo\n|player|p2|\n|l|\u2606jpto5\n|player|p1|\n","uploadtime":1768542493,"views":11,"formatid":"gen9vgc2026regi","rating":1092,"private":0,"password":null}