{"id":"gen9vgc2026regi-2566649733","format":"[Gen 9] VGC 2026 Reg I","players":["magyomi","terafireflareblitz"],"log":"|j|\u2606magyomi\n|j|\u2606terafireflareblitz\n|t:|1774394467\n|gametype|doubles\n|player|p1|magyomi|266|1497\n|player|p2|terafireflareblitz|sycamore|1503\n|gen|9\n|tier|[Gen 9] VGC 2026 Reg I\n|rated|\n|rule|Species Clause: Limit one of each Pok\u00e9mon\n|rule|Item Clause: Limit 1 of each item\n|clearpoke\n|poke|p1|Miraidon, L50|\n|poke|p1|Calyrex-Ice, L50|\n|poke|p1|Sneasler, L50, F|\n|poke|p1|Incineroar, L50, M|\n|poke|p1|Amoonguss, L50, F|\n|poke|p1|Urshifu-*, L50, F|\n|poke|p2|Koraidon, L50|\n|poke|p2|Lunala, L50|\n|poke|p2|Indeedee-F, L50, F|\n|poke|p2|Flutter Mane, L50|\n|poke|p2|Volcarona, L50, M|\n|poke|p2|Ursaluna, L50, F|\n|teampreview|4\n|inactive|Battle timer is ON: inactive players will automatically lose when time's up. (requested by terafireflareblitz)\n|inactive|terafireflareblitz has 60 seconds left.\n|\n|t:|1774394503\n|teamsize|p1|4\n|teamsize|p2|4\n|start\n|switch|p1a: Sneasler|Sneasler, L50, F|100/100\n|switch|p1b: Incineroar|Incineroar, L50, M|100/100\n|switch|p2a: Lunala|Lunala, L50, shiny|100/100\n|switch|p2b: Indeedee|Indeedee-F, L50, F|100/100\n|-fieldstart|move: Psychic Terrain|[from] ability: Psychic Surge|[of] p2b: Indeedee\n|-ability|p1b: Incineroar|Intimidate|boost\n|-unboost|p2a: Lunala|atk|1\n|-unboost|p2b: Indeedee|atk|1\n|turn|1\n|\n|t:|1774394520\n|switch|p1b: Miraidon|Miraidon, L50|100/100\n|-fieldstart|move: Electric Terrain|[from] ability: Hadron Engine|[of] p1b: Miraidon\n|-enditem|p1a: Sneasler|Electric Seed\n|-boost|p1a: Sneasler|def|1|[from] item: Electric Seed\n|-terastallize|p1a: Sneasler|Dark\n|-terastallize|p2a: Lunala|Water\n|move|p1a: Sneasler|Toxic Spikes|p2b: Indeedee\n|-sidestart|p2: terafireflareblitz|move: Toxic Spikes\n|move|p2a: Lunala|Meteor Beam||[still]\n|-prepare|p2a: Lunala|Meteor Beam\n|-boost|p2a: Lunala|spa|1\n|-enditem|p2a: Lunala|Power Herb\n|-anim|p2a: Lunala|Meteor Beam|p1b: Miraidon\n|-damage|p1b: Miraidon|40/100\n|move|p2b: Indeedee|Trick Room|p2b: Indeedee\n|-fieldstart|move: Trick Room|[of] p2b: Indeedee\n|\n|upkeep\n|turn|2\n|\n|t:|1774394543\n|switch|p2b: Ursaluna|Ursaluna, L50, F|100/100\n|-status|p2b: Ursaluna|psn\n|switch|p1b: Incineroar|Incineroar, L50, M|100/100\n|-ability|p1b: Incineroar|Intimidate|boost\n|-unboost|p2a: Lunala|atk|1\n|-unboost|p2b: Ursaluna|atk|1\n|move|p2a: Lunala|Moongeist Beam|p1b: Incineroar\n|-resisted|p1b: Incineroar\n|-damage|p1b: Incineroar|71/100\n|move|p1a: Sneasler|Throat Chop|p2b: Ursaluna\n|-damage|p2b: Ursaluna|67/100 psn\n|-start|p2b: Ursaluna|Throat Chop|[silent]\n|\n|-damage|p2b: Ursaluna|55/100 psn|[from] psn\n|upkeep\n|turn|3\n|\n|t:|1774394567\n|move|p2b: Ursaluna|Protect|p2b: Ursaluna\n|-singleturn|p2b: Ursaluna|Protect\n|move|p1b: Incineroar|U-turn|p2a: Lunala\n|-damage|p2a: Lunala|94/100\n|\n|t:|1774394573\n|switch|p1b: Calyrex|Calyrex-Ice, L50|100/100|[from] U-turn\n|-ability|p1b: Calyrex|As One\n|-ability|p1b: Calyrex|Unnerve\n|move|p2a: Lunala|Meteor Beam||[still]\n|-prepare|p2a: Lunala|Meteor Beam\n|-boost|p2a: Lunala|spa|1\n|move|p1a: Sneasler|Low Kick|p2b: Ursaluna\n|-activate|p2b: Ursaluna|move: Protect\n|\n|-damage|p2b: Ursaluna|43/100 psn|[from] psn\n|-end|p2b: Ursaluna|Throat Chop|[silent]\n|upkeep\n|turn|4\n|\n|t:|1774394598\n|switch|p2b: Indeedee|Indeedee-F, L50, F|100/100\n|-status|p2b: Indeedee|psn\n|-fieldstart|move: Psychic Terrain|[from] ability: Psychic Surge|[of] p2b: Indeedee\n|move|p1b: Calyrex|Protect|p1b: Calyrex\n|-singleturn|p1b: Calyrex|Protect\n|move|p2a: Lunala|Meteor Beam|p1a: Sneasler|[from] lockedmove\n|-damage|p1a: Sneasler|0 fnt\n|faint|p1a: Sneasler\n|\n|-damage|p2b: Indeedee|88/100 psn|[from] psn\n|upkeep\n|\n|t:|1774394612\n|switch|p1a: Miraidon|Miraidon, L50|40/100\n|-fieldstart|move: Electric Terrain|[from] ability: Hadron Engine|[of] p1a: Miraidon\n|turn|5\n|\n|t:|1774394619\n|switch|p1a: Incineroar|Incineroar, L50, M|71/100\n|-ability|p1a: Incineroar|Intimidate|boost\n|-unboost|p2a: Lunala|atk|1\n|-unboost|p2b: Indeedee|atk|1\n|move|p2b: Indeedee|Follow Me|p2b: Indeedee\n|-singleturn|p2b: Indeedee|move: Follow Me\n|move|p1b: Calyrex|Glacial Lance|p2a: Lunala|[spread] p2a,p2b\n|-resisted|p2a: Lunala\n|-damage|p2a: Lunala|74/100\n|-damage|p2b: Indeedee|44/100 psn\n|move|p2a: Lunala|Moongeist Beam|p1b: Calyrex\n|-supereffective|p1b: Calyrex\n|-damage|p1b: Calyrex|0 fnt\n|faint|p1b: Calyrex\n|\n|-damage|p2b: Indeedee|32/100 psn|[from] psn\n|-fieldend|move: Trick Room\n|upkeep\n|-message|magyomi forfeited.\n|\n|win|terafireflareblitz\n|raw|magyomi's rating: 1497 &rarr; <strong>1477</strong><br />(-20 for losing)\n|raw|terafireflareblitz's rating: 1503 &rarr; <strong>1523</strong><br />(+20 for winning)\n","uploadtime":1774394633,"views":11,"formatid":"gen9vgc2026regi","rating":1477,"private":0,"password":null}