{"id":"gen9vgc2026regi-2544791525","format":"[Gen 9] VGC 2026 Reg I","players":["ygtfvvtfvfv","Bef6"],"log":"|j|\u2606ygtfvvtfvfv\n|j|\u2606Bef6\n|t:|1771760438\n|gametype|doubles\n|player|p1|ygtfvvtfvfv|265|1406\n|player|p2|Bef6|2|1587\n|gen|9\n|tier|[Gen 9] VGC 2026 Reg I\n|rated|\n|rule|Species Clause: Limit one of each Pok\u00e9mon\n|rule|Item Clause: Limit 1 of each item\n|clearpoke\n|poke|p1|Miraidon, L50|\n|poke|p1|Ho-Oh, L50|\n|poke|p1|Iron Treads, L50|\n|poke|p1|Iron Bundle, L50|\n|poke|p1|Iron Hands, L50|\n|poke|p1|Farigiraf, L50, F|\n|poke|p2|Ho-Oh, L50|\n|poke|p2|Koraidon, L50|\n|poke|p2|Flutter Mane, L50|\n|poke|p2|Incineroar, L50, F|\n|poke|p2|Raging Bolt, L50|\n|poke|p2|Rhydon, L50, M|\n|teampreview|4\n|\n|t:|1771760485\n|teamsize|p1|4\n|teamsize|p2|4\n|start\n|switch|p1a: Miraidon|Miraidon, L50|100/100\n|switch|p1b: Iron Bundle|Iron Bundle, L50|100/100\n|switch|p2a: Koraidon|Koraidon, L50|100/100\n|switch|p2b: Flutter Mane|Flutter Mane, L50|100/100\n|-weather|SunnyDay|[from] ability: Orichalcum Pulse|[of] p2a: Koraidon\n|-activate|p2b: Flutter Mane|ability: Protosynthesis\n|-start|p2b: Flutter Mane|protosynthesisspe\n|-activate|p2a: Koraidon|Orichalcum Pulse|[source]\n|-fieldstart|move: Electric Terrain|[from] ability: Hadron Engine|[of] p1a: Miraidon\n|-activate|p1b: Iron Bundle|ability: Quark Drive\n|-start|p1b: Iron Bundle|quarkdrivespe\n|turn|1\n|\n|t:|1771760512\n|move|p2b: Flutter Mane|Protect|p2b: Flutter Mane\n|-singleturn|p2b: Flutter Mane|Protect\n|move|p2a: Koraidon|Protect|p2a: Koraidon\n|-singleturn|p2a: Koraidon|Protect\n|move|p1b: Iron Bundle|Icy Wind|p2a: Koraidon|[spread] \n|-activate|p2a: Koraidon|move: Protect\n|-activate|p2b: Flutter Mane|move: Protect\n|move|p1a: Miraidon|Volt Switch|p2a: Koraidon\n|-activate|p2a: Koraidon|move: Protect\n|\n|-weather|SunnyDay|[upkeep]\n|upkeep\n|turn|2\n|\n|t:|1771760527\n|switch|p2a: Rhydon|Rhydon, L50, M|100/100\n|move|p1b: Iron Bundle|Encore||[still]\n|-fail|p1b: Iron Bundle\n|move|p2b: Flutter Mane|Moonblast|p1b: Iron Bundle\n|-enditem|p1b: Iron Bundle|Focus Sash\n|-damage|p1b: Iron Bundle|1/100\n|-unboost|p1b: Iron Bundle|spa|1\n|move|p1a: Miraidon|Volt Switch|p2a: Rhydon\n|-activate|p2a: Rhydon|ability: Lightning Rod\n|-ability|p2a: Rhydon|Lightning Rod|boost\n|-boost|p2a: Rhydon|spa|1\n|\n|-weather|SunnyDay|[upkeep]\n|upkeep\n|turn|3\n|\n|t:|1771760542\n|switch|p1a: Iron Hands|Iron Hands, L50|100/100\n|-activate|p1a: Iron Hands|ability: Quark Drive\n|-start|p1a: Iron Hands|quarkdriveatk\n|move|p1b: Iron Bundle|Icy Wind|p2b: Flutter Mane|[spread] p2b\n|-miss|p1b: Iron Bundle|p2a: Rhydon\n|-damage|p2b: Flutter Mane|84/100\n|-unboost|p2b: Flutter Mane|spe|1\n|move|p2b: Flutter Mane|Icy Wind|p1b: Iron Bundle|[spread] p1a,p1b\n|-resisted|p1b: Iron Bundle\n|-damage|p1a: Iron Hands|93/100\n|-damage|p1b: Iron Bundle|0 fnt\n|-unboost|p1a: Iron Hands|spe|1\n|faint|p1b: Iron Bundle\n|-end|p1b: Iron Bundle|Quark Drive|[silent]\n|move|p2a: Rhydon|High Horsepower|p1a: Iron Hands\n|-supereffective|p1a: Iron Hands\n|-damage|p1a: Iron Hands|32/100\n|\n|-weather|SunnyDay|[upkeep]\n|upkeep\n|\n|t:|1771760555\n|switch|p1b: Miraidon|Miraidon, L50|100/100\n|-activate|p1b: Miraidon|ability: Hadron Engine\n|turn|4\n|\n|t:|1771760566\n|-end|p2b: Flutter Mane|Protosynthesis|[silent]\n|switch|p2b: Ho-Oh|Ho-Oh, L50|100/100\n|-terastallize|p1b: Miraidon|Fairy\n|-terastallize|p2a: Rhydon|Fairy\n|move|p1a: Iron Hands|Fake Out|p2a: Rhydon\n|-damage|p2a: Rhydon|91/100\n|move|p1b: Miraidon|Dazzling Gleam|p2a: Rhydon|[spread] p2a,p2b\n|-resisted|p2b: Ho-Oh\n|-damage|p2a: Rhydon|42/100\n|-damage|p2b: Ho-Oh|78/100\n|cant|p2a: Rhydon|flinch\n|\n|-weather|SunnyDay|[upkeep]\n|upkeep\n|turn|5\n|\n|t:|1771760595\n|move|p2a: Rhydon|Protect|p2a: Rhydon\n|-singleturn|p2a: Rhydon|Protect\n|move|p1b: Miraidon|Dazzling Gleam|p2b: Ho-Oh|[spread] p2b\n|-activate|p2a: Rhydon|move: Protect\n|-resisted|p2b: Ho-Oh\n|-damage|p2b: Ho-Oh|56/100\n|move|p2b: Ho-Oh|Sacred Fire|p1b: Miraidon|[miss]\n|-miss|p2b: Ho-Oh|p1b: Miraidon\n|move|p1a: Iron Hands|Wild Charge|p2a: Rhydon\n|-activate|p2a: Rhydon|ability: Lightning Rod\n|-activate|p2a: Rhydon|move: Protect\n|\n|-weather|none\n|-fieldend|move: Electric Terrain\n|-end|p1a: Iron Hands|Quark Drive\n|upkeep\n|turn|6\n|\n|t:|1771760630\n|-end|p1a: Iron Hands|Quark Drive|[silent]\n|switch|p1a: Ho-Oh|Ho-Oh, L50|100/100\n|move|p1b: Miraidon|Dazzling Gleam|p2b: Ho-Oh|[spread] p2a,p2b\n|-resisted|p2b: Ho-Oh\n|-damage|p2a: Rhydon|2/100\n|-damage|p2b: Ho-Oh|40/100\n|move|p2b: Ho-Oh|Sacred Fire|p1a: Ho-Oh\n|-resisted|p1a: Ho-Oh\n|-damage|p1a: Ho-Oh|82/100\n|move|p2a: Rhydon|High Horsepower|p1b: Miraidon\n|-damage|p1b: Miraidon|58/100\n|\n|upkeep\n|turn|7\n|\n|t:|1771760657\n|move|p2a: Rhydon|Protect|p2a: Rhydon\n|-singleturn|p2a: Rhydon|Protect\n|move|p1b: Miraidon|Dazzling Gleam|p2a: Rhydon|[spread] p2b\n|-activate|p2a: Rhydon|move: Protect\n|-resisted|p2b: Ho-Oh\n|-damage|p2b: Ho-Oh|24/100\n|move|p2b: Ho-Oh|Tailwind|p2b: Ho-Oh\n|-sidestart|p2: Bef6|move: Tailwind\n|move|p1a: Ho-Oh|Tailwind|p1a: Ho-Oh\n|-sidestart|p1: ygtfvvtfvfv|move: Tailwind\n|\n|upkeep\n|turn|8\n|\n|t:|1771760679\n|switch|p1b: Iron Hands|Iron Hands, L50|32/100\n|move|p2b: Ho-Oh|Brave Bird|p1a: Ho-Oh\n|-damage|p1a: Ho-Oh|31/100\n|-damage|p2b: Ho-Oh|7/100|[from] Recoil\n|move|p1a: Ho-Oh|Brave Bird|p2a: Rhydon\n|-damage|p2a: Rhydon|0 fnt\n|faint|p2a: Rhydon\n|-damage|p1a: Ho-Oh|30/100|[from] Recoil\n|\n|upkeep\n|\n|t:|1771760689\n|switch|p2a: Flutter Mane|Flutter Mane, L50|84/100\n|turn|9\n|\n|t:|1771760700\n|switch|p2b: Koraidon|Koraidon, L50|100/100\n|-weather|SunnyDay|[from] ability: Orichalcum Pulse|[of] p2b: Koraidon\n|-activate|p2a: Flutter Mane|ability: Protosynthesis\n|-start|p2a: Flutter Mane|protosynthesisspe\n|-activate|p2b: Koraidon|Orichalcum Pulse|[source]\n|move|p1b: Iron Hands|Fake Out|p2b: Koraidon\n|-damage|p2b: Koraidon|87/100\n|move|p2a: Flutter Mane|Moonblast|p1b: Iron Hands\n|-supereffective|p1b: Iron Hands\n|-damage|p1b: Iron Hands|0 fnt\n|faint|p1b: Iron Hands\n|-end|p1b: Iron Hands|Quark Drive|[silent]\n|move|p1a: Ho-Oh|Sacred Fire|p2a: Flutter Mane\n|-damage|p2a: Flutter Mane|0 fnt\n|faint|p2a: Flutter Mane\n|-end|p2a: Flutter Mane|Protosynthesis|[silent]\n|\n|-weather|SunnyDay|[upkeep]\n|upkeep\n|\n|t:|1771760714\n|switch|p2a: Ho-Oh|Ho-Oh, L50|40/100\n|switch|p1b: Miraidon|Miraidon, L50, tera:Fairy|58/100\n|-fieldstart|move: Electric Terrain|[from] ability: Hadron Engine|[of] p1b: Miraidon\n|turn|10\n|\n|t:|1771760728\n|move|p2b: Koraidon|Flare Blitz|p1b: Miraidon\n|-damage|p1b: Miraidon|0 fnt\n|faint|p1b: Miraidon\n|-damage|p2b: Koraidon|68/100|[from] Recoil\n|-damage|p2b: Koraidon|58/100|[from] item: Life Orb\n|move|p2a: Ho-Oh|Brave Bird|p1a: Ho-Oh\n|-damage|p1a: Ho-Oh|0 fnt\n|faint|p1a: Ho-Oh\n|-damage|p2a: Ho-Oh|30/100|[from] Recoil\n|\n|win|Bef6\n|raw|ygtfvvtfvfv's rating: 1406 &rarr; <strong>1396</strong><br />(-10 for losing)\n|raw|Bef6's rating: 1587 &rarr; <strong>1597</strong><br />(+10 for winning)\n|l|\u2606Bef6\n|player|p2|\n|l|\u2606ygtfvvtfvfv\n|player|p1|\n","uploadtime":1771760900,"views":24,"formatid":"gen9vgc2026regi","rating":1396,"private":0,"password":null}