{"id":"gen9vgc2026regi-2537932061","format":"[Gen 9] VGC 2026 Reg I","players":["Rypassed You","lalo's pollos"],"log":"|j|\u2606Rypassed You\n|j|\u2606lalo's pollos\n|t:|1770865340\n|gametype|doubles\n|player|p1|Rypassed You|drayton|1463\n|player|p2|lalo's pollos|101|1607\n|gen|9\n|tier|[Gen 9] VGC 2026 Reg I\n|rated|\n|rule|Species Clause: Limit one of each Pok\u00e9mon\n|rule|Item Clause: Limit 1 of each item\n|clearpoke\n|poke|p1|Kyogre, L50|\n|poke|p1|Miraidon, L50|\n|poke|p1|Tornadus, L50, M|\n|poke|p1|Iron Hands, L50|\n|poke|p1|Farigiraf, L50, F|\n|poke|p1|Urshifu-*, L50, M|\n|poke|p2|Zamazenta-*, L50|\n|poke|p2|Lunala, L50|\n|poke|p2|Rillaboom, L50, F|\n|poke|p2|Incineroar, L50, F|\n|poke|p2|Urshifu-*, L50, F|\n|poke|p2|Tornadus, L50, M|\n|teampreview|4\n|inactive|Battle timer is ON: inactive players will automatically lose when time's up. (requested by Rypassed You)\n|inactive|Rypassed You has 60 seconds left.\n|inactive|lalo's pollos has 60 seconds left.\n|\n|t:|1770865378\n|teamsize|p1|4\n|teamsize|p2|4\n|start\n|switch|p1a: \u30c8\u30eb\u30cd\u30ed\u30b9|Tornadus, L50, M|100/100\n|switch|p1b: Natalia|Miraidon, L50|100/100\n|switch|p2a: Lunala|Lunala, L50|100/100\n|switch|p2b: Rillaboom|Rillaboom, L50, F|100/100\n|-fieldstart|move: Electric Terrain|[from] ability: Hadron Engine|[of] p1b: Natalia\n|-fieldstart|move: Grassy Terrain|[from] ability: Grassy Surge|[of] p2b: Rillaboom\n|turn|1\n|inactive|Rypassed You has 30 seconds left.\n|\n|t:|1770865404\n|move|p1a: \u30c8\u30eb\u30cd\u30ed\u30b9|Taunt|p2a: Lunala\n|-start|p2a: Lunala|move: Taunt\n|move|p1b: Natalia|Volt Switch|p2a: Lunala\n|-damage|p2a: Lunala|79/100\n|\n|t:|1770865409\n|switch|p1b: Dhruva|Kyogre, L50|100/100|[from] Volt Switch\n|-weather|RainDance|[from] ability: Drizzle|[of] p1b: Dhruva\n|cant|p2a: Lunala|move: Taunt|Calm Mind\n|move|p2b: Rillaboom|U-turn|p1b: Dhruva\n|-damage|p1b: Dhruva|79/100\n|\n|t:|1770865415\n|switch|p2b: Tornadus|Tornadus, L50, M|100/100|[from] U-turn\n|\n|-weather|RainDance|[upkeep]\n|-heal|p1b: Dhruva|85/100|[from] Grassy Terrain\n|-heal|p2a: Lunala|85/100|[from] Grassy Terrain\n|-heal|p2a: Lunala|91/100|[from] item: Leftovers\n|upkeep\n|turn|2\n|\n|t:|1770865420\n|switch|p2a: Rillaboom|Rillaboom, L50, F|100/100\n|move|p2b: Tornadus|Taunt|p1a: \u30c8\u30eb\u30cd\u30ed\u30b9\n|-start|p1a: \u30c8\u30eb\u30cd\u30ed\u30b9|move: Taunt\n|cant|p1a: \u30c8\u30eb\u30cd\u30ed\u30b9|move: Taunt|Tailwind\n|move|p1b: Dhruva|Water Spout|p2a: Rillaboom|[spread] p2a,p2b\n|-resisted|p2a: Rillaboom\n|-damage|p2a: Rillaboom|67/100\n|-enditem|p2b: Tornadus|Focus Sash\n|-damage|p2b: Tornadus|1/100\n|\n|-weather|RainDance|[upkeep]\n|-heal|p1b: Dhruva|91/100|[from] Grassy Terrain\n|-heal|p2a: Rillaboom|72/100|[from] Grassy Terrain\n|upkeep\n|turn|3\n|j| lunala fairy ghost\n|\n|t:|1770865433\n|switch|p1b: Josy|Farigiraf, L50, F|100/100\n|move|p2b: Tornadus|Tailwind|p2b: Tornadus\n|-sidestart|p2: lalo's pollos|move: Tailwind\n|move|p2a: Rillaboom|Wood Hammer|p1b: Josy\n|-damage|p1b: Josy|45/100\n|-damage|p2a: Rillaboom|53/100|[from] Recoil\n|move|p1a: \u30c8\u30eb\u30cd\u30ed\u30b9|Bleakwind Storm|p2b: Tornadus|[spread] p2a,p2b\n|-supereffective|p2a: Rillaboom\n|-damage|p2a: Rillaboom|0 fnt\n|-damage|p2b: Tornadus|0 fnt\n|faint|p2a: Rillaboom\n|faint|p2b: Tornadus\n|\n|-weather|RainDance|[upkeep]\n|-heal|p1b: Josy|51/100|[from] Grassy Terrain\n|upkeep\n|\n|t:|1770865437\n|switch|p2b: Lunala|Lunala, L50|91/100\n|switch|p2a: Zamazenta|Zamazenta-Crowned, L50|100/100\n|-ability|p2a: Zamazenta|Dauntless Shield|boost\n|-boost|p2a: Zamazenta|def|1\n|turn|4\n|\n|t:|1770865461\n|switch|p1a: Natalia|Miraidon, L50|100/100\n|-fieldstart|move: Electric Terrain|[from] ability: Hadron Engine|[of] p1a: Natalia\n|-enditem|p1b: Josy|Electric Seed\n|-boost|p1b: Josy|def|1|[from] item: Electric Seed\n|-terastallize|p2b: Lunala|Fairy\n|move|p2a: Zamazenta|Wide Guard|p2a: Zamazenta\n|-singleturn|p2a: Zamazenta|Wide Guard\n|move|p2b: Lunala|Calm Mind|p2b: Lunala\n|-boost|p2b: Lunala|spa|1\n|-boost|p2b: Lunala|spd|1\n|move|p1b: Josy|Trick Room|p1b: Josy\n|-fieldstart|move: Trick Room|[of] p1b: Josy\n|\n|-weather|RainDance|[upkeep]\n|-heal|p2b: Lunala|97/100|[from] item: Leftovers\n|upkeep\n|turn|5\n|l| lunala fairy ghost\n|j| lunala fairy ghost\n|inactive|Rypassed You has 30 seconds left.\n|l| lunala fairy ghost\n|\n|t:|1770865493\n|-terastallize|p1a: Natalia|Fairy\n|move|p1b: Josy|Helping Hand|p1a: Natalia\n|-singleturn|p1a: Natalia|Helping Hand|[of] p1b: Josy\n|move|p1a: Natalia|Electro Drift|p2b: Lunala\n|-damage|p2b: Lunala|0 fnt\n|faint|p2b: Lunala\n|move|p2a: Zamazenta|Body Press|p1b: Josy\n|-damage|p1b: Josy|9/100\n|\n|-weather|none\n|upkeep\n|turn|6\n|\n|t:|1770865511\n|move|p2a: Zamazenta|Protect|p2a: Zamazenta\n|-singleturn|p2a: Zamazenta|Protect\n|move|p1a: Natalia|Electro Drift|p2a: Zamazenta\n|-activate|p2a: Zamazenta|move: Protect\n|move|p1b: Josy|Trick Room|p1b: Josy\n|-fieldend|move: Trick Room\n|\n|-sideend|p2: lalo's pollos|move: Tailwind\n|upkeep\n|turn|7\n|-message|lalo's pollos forfeited.\n|\n|win|Rypassed You\n|raw|Rypassed You's rating: 1463 &rarr; <strong>1491</strong><br />(+28 for winning)\n|raw|lalo&apos;s pollos's rating: 1607 &rarr; <strong>1579</strong><br />(-28 for losing)\n|l|\u2606lalo's pollos\n|player|p2|\n|l|\u2606Rypassed You\n|player|p1|\n","uploadtime":1770865712,"views":24,"formatid":"gen9vgc2026regi","rating":1491,"private":0,"password":null}