{"id":"gen9vgc2026regi-2554738019","format":"[Gen 9] VGC 2026 Reg I","players":["onxlaughtvgc","Cello L."],"log":"|j|\u2606onxlaughtvgc\n|j|\u2606Cello L.\n|t:|1773006110\n|gametype|doubles\n|player|p1|onxlaughtvgc|veteran|1400\n|player|p2|Cello L.|psychic-gen4|1496\n|gen|9\n|tier|[Gen 9] VGC 2026 Reg I\n|rated|\n|rule|Species Clause: Limit one of each Pok\u00e9mon\n|rule|Item Clause: Limit 1 of each item\n|clearpoke\n|poke|p1|Miraidon, L50|\n|poke|p1|Farigiraf, L50, M|\n|poke|p1|Iron Hands, L50|\n|poke|p1|Ogerpon-Hearthflame, L50, F|\n|poke|p1|Calyrex-Shadow, L50|\n|poke|p1|Urshifu-*, L50, M|\n|poke|p2|Calyrex-Shadow, L50|\n|poke|p2|Koraidon, L50|\n|poke|p2|Regieleki, L50|\n|poke|p2|Volcarona, L50, M|\n|poke|p2|Rillaboom, L50, F|\n|poke|p2|Incineroar, L50, M|\n|teampreview|4\n|inactive|Battle timer is ON: inactive players will automatically lose when time's up. (requested by onxlaughtvgc)\n|inactive|onxlaughtvgc has 60 seconds left.\n|inactive|Cello L. has 60 seconds left.\n|\n|t:|1773006166\n|teamsize|p1|4\n|teamsize|p2|4\n|start\n|switch|p1a: Miraidon|Miraidon, L50|100/100\n|switch|p1b: Iron Hands|Iron Hands, L50|100/100\n|switch|p2a: Koraidon|Koraidon, L50|100/100\n|switch|p2b: Regieleki|Regieleki, L50|100/100\n|-fieldstart|move: Electric Terrain|[from] ability: Hadron Engine|[of] p1a: Miraidon\n|-activate|p1b: Iron Hands|ability: Quark Drive\n|-start|p1b: Iron Hands|quarkdriveatk\n|-weather|SunnyDay|[from] ability: Orichalcum Pulse|[of] p2a: Koraidon\n|-activate|p2a: Koraidon|Orichalcum Pulse|[source]\n|turn|1\n|\n|t:|1773006190\n|switch|p2b: Rillaboom|Rillaboom, L50, F|100/100\n|-fieldstart|move: Grassy Terrain|[from] ability: Grassy Surge|[of] p2b: Rillaboom\n|-end|p1b: Iron Hands|Quark Drive\n|-end|p1b: Iron Hands|Quark Drive|[silent]\n|switch|p1b: Farigiraf|Farigiraf, L50, M|100/100\n|move|p2a: Koraidon|Protect|p2a: Koraidon\n|-singleturn|p2a: Koraidon|Protect\n|move|p1a: Miraidon|Volt Switch|p2b: Rillaboom\n|-resisted|p2b: Rillaboom\n|-damage|p2b: Rillaboom|84/100\n|\n|t:|1773006202\n|switch|p1a: Iron Hands|Iron Hands, L50|100/100|[from] Volt Switch\n|\n|-weather|SunnyDay|[upkeep]\n|-heal|p2b: Rillaboom|90/100|[from] Grassy Terrain\n|upkeep\n|turn|2\n|\n|t:|1773006216\n|move|p2a: Koraidon|Flare Blitz|p1b: Farigiraf\n|-damage|p1b: Farigiraf|35/100\n|-damage|p2a: Koraidon|78/100|[from] Recoil\n|move|p2b: Rillaboom|Wood Hammer|p1b: Farigiraf\n|-damage|p1b: Farigiraf|0 fnt\n|faint|p1b: Farigiraf\n|-damage|p2b: Rillaboom|78/100|[from] Recoil\n|move|p1a: Iron Hands|Drain Punch|p2a: Koraidon\n|-damage|p2a: Koraidon|47/100\n|\n|-weather|SunnyDay|[upkeep]\n|-heal|p2a: Koraidon|53/100|[from] Grassy Terrain\n|-heal|p2b: Rillaboom|84/100|[from] Grassy Terrain\n|upkeep\n|\n|t:|1773006233\n|switch|p1b: Miraidon|Miraidon, L50|100/100\n|-fieldstart|move: Electric Terrain|[from] ability: Hadron Engine|[of] p1b: Miraidon\n|-activate|p1a: Iron Hands|ability: Quark Drive\n|-start|p1a: Iron Hands|quarkdriveatk\n|turn|3\n|\n|t:|1773006251\n|switch|p2b: Regieleki|Regieleki, L50|100/100\n|move|p2a: Koraidon|Protect|p2a: Koraidon\n|-singleturn|p2a: Koraidon|Protect\n|move|p1b: Miraidon|Draco Meteor|p2b: Regieleki\n|-enditem|p2b: Regieleki|Focus Sash\n|-damage|p2b: Regieleki|1/100\n|-unboost|p1b: Miraidon|spa|2\n|move|p1a: Iron Hands|Drain Punch|p2b: Regieleki\n|-damage|p2b: Regieleki|0 fnt\n|faint|p2b: Regieleki\n|\n|-weather|SunnyDay|[upkeep]\n|upkeep\n|\n|t:|1773006263\n|switch|p2b: Calyrex|Calyrex-Shadow, L50|100/100\n|-ability|p2b: Calyrex|As One\n|-ability|p2b: Calyrex|Unnerve\n|turn|4\n|\n|t:|1773006282\n|switch|p2a: Rillaboom|Rillaboom, L50, F|84/100\n|-fieldstart|move: Grassy Terrain|[from] ability: Grassy Surge|[of] p2a: Rillaboom\n|-end|p1a: Iron Hands|Quark Drive\n|-terastallize|p1a: Iron Hands|Bug\n|move|p2b: Calyrex|Astral Barrage|p1a: Iron Hands|[spread] p1a,p1b\n|-damage|p1a: Iron Hands|65/100\n|-damage|p1b: Miraidon|45/100\n|-damage|p2b: Calyrex|91/100|[from] item: Life Orb\n|move|p1b: Miraidon|Draco Meteor|p2a: Rillaboom\n|-damage|p2a: Rillaboom|54/100\n|-unboost|p1b: Miraidon|spa|2\n|move|p1a: Iron Hands|Low Kick|p2a: Rillaboom\n|-damage|p2a: Rillaboom|14/100\n|\n|-weather|SunnyDay|[upkeep]\n|-heal|p2b: Calyrex|97/100|[from] Grassy Terrain\n|-heal|p1b: Miraidon|51/100|[from] Grassy Terrain\n|-heal|p2a: Rillaboom|20/100|[from] Grassy Terrain\n|-heal|p1a: Iron Hands|71/100|[from] Grassy Terrain\n|upkeep\n|turn|5\n|\n|t:|1773006307\n|move|p2a: Rillaboom|Fake Out|p1a: Iron Hands\n|-damage|p1a: Iron Hands|63/100\n|move|p2b: Calyrex|Astral Barrage|p1b: Miraidon|[spread] p1a,p1b\n|-damage|p1a: Iron Hands|28/100\n|-damage|p1b: Miraidon|0 fnt\n|faint|p1b: Miraidon\n|-ability|p2b: Calyrex|Grim Neigh|boost\n|-boost|p2b: Calyrex|spa|1\n|-damage|p2b: Calyrex|87/100|[from] item: Life Orb\n|cant|p1a: Iron Hands|flinch\n|\n|-weather|none\n|-heal|p2b: Calyrex|93/100|[from] Grassy Terrain\n|-heal|p2a: Rillaboom|26/100|[from] Grassy Terrain\n|-heal|p1a: Iron Hands|35/100|[from] Grassy Terrain\n|upkeep\n|\n|t:|1773006323\n|switch|p1b: Calyrex|Calyrex-Shadow, L50|100/100\n|-ability|p1b: Calyrex|As One\n|-ability|p1b: Calyrex|Unnerve\n|turn|6\n|\n|t:|1773006331\n|-terastallize|p2b: Calyrex|Dark\n|move|p2a: Rillaboom|Grassy Glide|p1b: Calyrex\n|-damage|p1b: Calyrex|67/100\n|move|p1b: Calyrex|Astral Barrage|p2b: Calyrex|[spread] p2a,p2b\n|-resisted|p2b: Calyrex\n|-damage|p2a: Rillaboom|0 fnt\n|-damage|p2b: Calyrex|64/100\n|faint|p2a: Rillaboom\n|-ability|p1b: Calyrex|Grim Neigh|boost\n|-boost|p1b: Calyrex|spa|1\n|-damage|p1b: Calyrex|57/100|[from] item: Life Orb\n|move|p2b: Calyrex|Astral Barrage|p1b: Calyrex|[spread] p1a,p1b\n|-supereffective|p1b: Calyrex\n|-damage|p1a: Iron Hands|0 fnt\n|-damage|p1b: Calyrex|0 fnt\n|faint|p1a: Iron Hands\n|-end|p1a: Iron Hands|Quark Drive|[silent]\n|faint|p1b: Calyrex\n|-damage|p2b: Calyrex|54/100|[from] item: Life Orb\n|\n|win|Cello L.\n|raw|onxlaughtvgc's rating: 1400 &rarr; <strong>1385</strong><br />(-15 for losing)\n|raw|Cello L.'s rating: 1496 &rarr; <strong>1511</strong><br />(+15 for winning)\n","uploadtime":1773006350,"views":17,"formatid":"gen9vgc2026regi","rating":1385,"private":0,"password":null}