{"id":"gen9vgc2026regi-2582238077","format":"[Gen 9] VGC 2026 Reg I","players":["RandomcatFFR","OpenTeamPlz"],"log":"|j|\u2606RandomcatFFR\n|j|\u2606OpenTeamPlz\n|t:|1776074804\n|gametype|doubles\n|player|p1|RandomcatFFR|bugcatcher-gen4dp|1533\n|player|p2|OpenTeamPlz|265|1262\n|gen|9\n|tier|[Gen 9] VGC 2026 Reg I\n|rated|\n|rule|Species Clause: Limit one of each Pok\u00e9mon\n|rule|Item Clause: Limit 1 of each item\n|clearpoke\n|poke|p1|Calyrex-Shadow, L50|\n|poke|p1|Zamazenta-*, L50|\n|poke|p1|Chi-Yu, L50|\n|poke|p1|Indeedee-F, L50, F|\n|poke|p1|Amoonguss, L50, M|\n|poke|p1|Raging Bolt, L50|\n|poke|p2|Flutter Mane, L50|\n|poke|p2|Torkoal, L50, M|\n|poke|p2|Groudon, L50|\n|poke|p2|Lapras, L50, F|\n|poke|p2|Miraidon, L50|\n|poke|p2|Urshifu-*, L50, F|\n|teampreview|4\n|inactive|Battle timer is ON: inactive players will automatically lose when time's up. (requested by OpenTeamPlz)\nOpenTeamPlz has agreed to open team sheets.\nRandomcatFFR has agreed to open team sheets.\n|showteam|p1|Calyrex-Shadow||FocusSash|AsOneSpectrier|AstralBarrage,Psychic,Encore,Protect||||||50|,,,,,Ghost]Zamazenta-Crowned||RustedShield|DauntlessShield|behemothbash,BodyPress,WideGuard,Protect||||||50|,,,,,Water]Chi-Yu||ChoiceScarf|BeadsofRuin|HeatWave,Snarl,Ruination,Flamethrower||||||50|,,,,,Fire]Indeedee-F||SafetyGoggles|PsychicSurge|FollowMe,DazzlingGleam,TrickRoom,HelpingHand|||F|||50|,,,,,Water]Amoonguss||RockyHelmet|Regenerator|Spore,RagePowder,PollenPuff,Protect|||M|||50|,,,,,Dark]Raging Bolt||AssaultVest|Protosynthesis|Snarl,Electroweb,Thunderclap,DracoMeteor||||||50|,,,,,Fairy\n|showteam|p2|Flutter Mane||FocusSash|Protosynthesis|Protect,PerishSong,DazzlingGleam,ShadowBall||||||50|,,,,,Fairy]Torkoal||Leftovers|Drought|Protect,Yawn,HeatWave,Fissure|||M|||50|,,,,,Grass]Groudon||LifeOrb|Drought|Protect,PrecipiceBlades,HeatCrash,ShadowClaw||||||50|,,,,,Normal]Lapras||BrightPowder|WaterAbsorb|Protect,PerishSong,HornDrill,IceShard|||F|||50|,,,,,Ground]Miraidon||ChoiceSpecs|HadronEngine|VoltSwitch,ElectroDrift,DazzlingGleam,DracoMeteor||||||50|,,,,,Electric]Urshifu||BlackGlasses|UnseenFist|Detect,WickedBlow,SuckerPunch,CloseCombat|||F|||50|,,,,,Poison\n|inactive|RandomcatFFR has 60 seconds left.\n|c|\u2606RandomcatFFR|why would you do this to me\n|inactive|RandomcatFFR has 30 seconds left.\n|inactive|RandomcatFFR has 20 seconds left.\n|c|\u2606OpenTeamPlz|haha\n|inactive|RandomcatFFR has 15 seconds left.\n|inactive|RandomcatFFR has 10 seconds left.\n|inactive|RandomcatFFR has 5 seconds left.\n|\n|t:|1776074892\n|teamsize|p1|4\n|teamsize|p2|4\n|start\n|switch|p1a: Calyrex|Calyrex-Shadow, L50|100/100\n|switch|p1b: Indeedee|Indeedee-F, L50, F|100/100\n|switch|p2a: Life_Orb|Groudon, L50|100/100\n|switch|p2b: Focus_Sash|Flutter Mane, L50|100/100\n|-ability|p1a: Calyrex|As One\n|-ability|p1a: Calyrex|Unnerve\n|-weather|SunnyDay|[from] ability: Drought|[of] p2a: Life_Orb\n|-activate|p2b: Focus_Sash|ability: Protosynthesis\n|-start|p2b: Focus_Sash|protosynthesisspa\n|-fieldstart|move: Psychic Terrain|[from] ability: Psychic Surge|[of] p1b: Indeedee\n|turn|1\n|\n|t:|1776074915\n|-terastallize|p1a: Calyrex|Ghost\n|move|p1b: Indeedee|Helping Hand|p1a: Calyrex\n|-singleturn|p1a: Calyrex|Helping Hand|[of] p1b: Indeedee\n|move|p1a: Calyrex|Astral Barrage|p2b: Focus_Sash|[spread] p2a,p2b\n|-supereffective|p2b: Focus_Sash\n|-damage|p2a: Life_Orb|30/100\n|-enditem|p2b: Focus_Sash|Focus Sash\n|-damage|p2b: Focus_Sash|1/100\n|move|p2b: Focus_Sash|Dazzling Gleam|p1b: Indeedee|[spread] p1a,p1b\n|-damage|p1a: Calyrex|57/100\n|-damage|p1b: Indeedee|68/100\n|move|p2a: Life_Orb|Precipice Blades|p1b: Indeedee|[spread] p1a,p1b\n|-damage|p1a: Calyrex|0 fnt\n|-damage|p1b: Indeedee|0 fnt\n|faint|p1a: Calyrex\n|faint|p1b: Indeedee\n|-damage|p2a: Life_Orb|20/100|[from] item: Life Orb\n|\n|-weather|SunnyDay|[upkeep]\n|upkeep\n|\n|t:|1776074929\n|switch|p1a: Zamazenta|Zamazenta-Crowned, L50|100/100\n|switch|p1b: Chi-Yu|Chi-Yu, L50|100/100\n|-ability|p1b: Chi-Yu|Beads of Ruin\n|-ability|p1a: Zamazenta|Dauntless Shield|boost\n|-boost|p1a: Zamazenta|def|1\n|turn|2\n|inactive|RandomcatFFR has 30 seconds left.\n|inactive|RandomcatFFR has 20 seconds left.\n|\n|t:|1776074968\n|move|p2b: Focus_Sash|Protect|p2b: Focus_Sash\n|-singleturn|p2b: Focus_Sash|Protect\n|move|p1b: Chi-Yu|Snarl|p2b: Focus_Sash|[spread] p2a\n|-activate|p2b: Focus_Sash|move: Protect\n|-crit|p2a: Life_Orb\n|-damage|p2a: Life_Orb|0 fnt\n|faint|p2a: Life_Orb\n|move|p1a: Zamazenta|Body Press|p2b: Focus_Sash\n|-activate|p2b: Focus_Sash|move: Protect\n|\n|-weather|SunnyDay|[upkeep]\n|upkeep\n|\n|t:|1776074975\n|switch|p2a: Bright powder|Lapras, L50, F|100/100\n|turn|3\n|\n|t:|1776074984\n|-end|p2b: Focus_Sash|Protosynthesis|[silent]\n|switch|p2b: Black_Glasses|Urshifu, L50, F|100/100\n|-terastallize|p2a: Bright powder|Ground\n|move|p1b: Chi-Yu|Snarl|p2b: Black_Glasses|[spread] p2a,p2b\n|-resisted|p2b: Black_Glasses\n|-damage|p2a: Bright powder|73/100\n|-damage|p2b: Black_Glasses|88/100\n|-unboost|p2a: Bright powder|spa|1\n|-unboost|p2b: Black_Glasses|spa|1\n|move|p1a: Zamazenta|Body Press|p2a: Bright powder\n|-damage|p2a: Bright powder|25/100\n|move|p2a: Bright powder|Perish Song|p2a: Bright powder\n|-start|p1a: Zamazenta|perish3|[silent]\n|-start|p1b: Chi-Yu|perish3|[silent]\n|-start|p2a: Bright powder|perish3|[silent]\n|-start|p2b: Black_Glasses|perish3|[silent]\n|-fieldactivate|move: Perish Song\n|\n|-weather|SunnyDay|[upkeep]\n|-start|p1b: Chi-Yu|perish3\n|-start|p1a: Zamazenta|perish3\n|-start|p2b: Black_Glasses|perish3\n|-start|p2a: Bright powder|perish3\n|upkeep\n|turn|4\n|c|\u2606OpenTeamPlz|have a good day\n|\n|t:|1776075005\n|move|p2b: Black_Glasses|Detect|p2b: Black_Glasses\n|-singleturn|p2b: Black_Glasses|Protect\n|move|p2a: Bright powder|Protect|p2a: Bright powder\n|-singleturn|p2a: Bright powder|Protect\n|move|p1b: Chi-Yu|Snarl|p2b: Black_Glasses|[spread] \n|-activate|p2a: Bright powder|move: Protect\n|-activate|p2b: Black_Glasses|move: Protect\n|move|p1a: Zamazenta|Body Press|p2b: Black_Glasses\n|-activate|p2b: Black_Glasses|move: Protect\n|\n|-weather|SunnyDay|[upkeep]\n|-start|p1b: Chi-Yu|perish2\n|-start|p1a: Zamazenta|perish2\n|-start|p2b: Black_Glasses|perish2\n|-start|p2a: Bright powder|perish2\n|upkeep\n|turn|5\n|\n|t:|1776075012\n|switch|p2a: Focus_Sash|Flutter Mane, L50|1/100\n|-activate|p2a: Focus_Sash|ability: Protosynthesis\n|-start|p2a: Focus_Sash|protosynthesisspa\n|move|p1b: Chi-Yu|Snarl|p2a: Focus_Sash|[spread] p2a,p2b\n|-resisted|p2b: Black_Glasses\n|-damage|p2a: Focus_Sash|0 fnt\n|-damage|p2b: Black_Glasses|76/100\n|-unboost|p2b: Black_Glasses|spa|1\n|faint|p2a: Focus_Sash\n|-end|p2a: Focus_Sash|Protosynthesis|[silent]\n|move|p1a: Zamazenta|Body Press|p2b: Black_Glasses\n|-supereffective|p2b: Black_Glasses\n|-damage|p2b: Black_Glasses|0 fnt\n|faint|p2b: Black_Glasses\n|\n|-weather|none\n|-start|p1b: Chi-Yu|perish1\n|-start|p1a: Zamazenta|perish1\n|-fieldend|move: Psychic Terrain\n|upkeep\n|\n|t:|1776075015\n|switch|p2b: Bright powder|Lapras, L50, F, tera:Ground|25/100\n|turn|6\n|\n|t:|1776075019\n|move|p2b: Bright powder|Protect|p2b: Bright powder\n|-singleturn|p2b: Bright powder|Protect\n|move|p1b: Chi-Yu|Snarl|p2b: Bright powder\n|-activate|p2b: Bright powder|move: Protect\n|move|p1a: Zamazenta|Body Press|p2b: Bright powder\n|-activate|p2b: Bright powder|move: Protect\n|\n|-start|p1b: Chi-Yu|perish0\n|-start|p1a: Zamazenta|perish0\n|faint|p1b: Chi-Yu\n|faint|p1a: Zamazenta\n|\n|win|OpenTeamPlz\n|raw|RandomcatFFR's rating: 1533 &rarr; <strong>1500</strong><br />(-33 for losing)\n|raw|OpenTeamPlz's rating: 1262 &rarr; <strong>1303</strong><br />(+41 for winning)\n|c|\u2606RandomcatFFR|youre evil\n|l|\u2606RandomcatFFR\n|player|p1|\n","uploadtime":1776075037,"views":15,"formatid":"gen9vgc2026regi","rating":1303,"private":0,"password":null}