{"id":"gen9vgc2026regi-2589685792","format":"[Gen 9] VGC 2026 Reg I","players":["lalo's pollos","Chenis123"],"log":"|j|\u2606lalo's pollos\n|j|\u2606Chenis123\n|t:|1776747104\n|gametype|doubles\n|player|p1|lalo's pollos|102|1497\n|player|p2|Chenis123|170|1457\n|gen|9\n|tier|[Gen 9] VGC 2026 Reg I\n|rated|\n|rule|Species Clause: Limit one of each Pok\u00e9mon\n|rule|Item Clause: Limit 1 of each item\n|clearpoke\n|poke|p1|Miraidon, L50|\n|poke|p1|Landorus, L50, M|\n|poke|p1|Incineroar, L50, F|\n|poke|p1|Iron Bundle, L50|\n|poke|p1|Farigiraf, L50, F|\n|poke|p1|Calyrex-Ice, L50|\n|poke|p2|Lunala, L50|\n|poke|p2|Ursaluna, L50, M|\n|poke|p2|Urshifu-*, L50, F|\n|poke|p2|Miraidon, L50|\n|poke|p2|Grimmsnarl, L50, M|\n|poke|p2|Incineroar, L50, F|\n|teampreview|4\n|inactive|Battle timer is ON: inactive players will automatically lose when time's up. (requested by Chenis123)\n|inactive|Chenis123 has 60 seconds left.\n|\n|t:|1776747150\n|teamsize|p1|4\n|teamsize|p2|4\n|start\n|switch|p1a: Co-Star|Miraidon, L50|100/100\n|switch|p1b: Calyrex|Calyrex-Ice, L50|100/100\n|switch|p2a: Miraidon|Miraidon, L50|100/100\n|switch|p2b: Grimmsnarl|Grimmsnarl, L50, M|100/100\n|-ability|p1b: Calyrex|As One\n|-ability|p1b: Calyrex|Unnerve\n|-fieldstart|move: Electric Terrain|[from] ability: Hadron Engine|[of] p1a: Co-Star\n|-activate|p2a: Miraidon|ability: Hadron Engine\n|turn|1\n|\n|t:|1776747160\n|-terastallize|p2a: Miraidon|Fairy\n|move|p2b: Grimmsnarl|Reflect|p2b: Grimmsnarl\n|-sidestart|p2: Chenis123|Reflect\n|move|p1a: Co-Star|Volt Switch|p2a: Miraidon\n|-damage|p2a: Miraidon|49/100\n|\n|t:|1776747167\n|switch|p1a: Incineroar|Incineroar, L50, F|100/100|[from] Volt Switch\n|-ability|p1a: Incineroar|Intimidate|boost\n|-unboost|p2a: Miraidon|atk|1\n|-unboost|p2b: Grimmsnarl|atk|1\n|move|p2a: Miraidon|Dazzling Gleam|p1b: Calyrex|[spread] p1a,p1b\n|-damage|p1a: Incineroar|69/100\n|-damage|p1b: Calyrex|71/100\n|move|p1b: Calyrex|Glacial Lance|p2b: Grimmsnarl|[spread] p2a,p2b\n|-damage|p2a: Miraidon|17/100\n|-damage|p2b: Grimmsnarl|63/100\n|\n|upkeep\n|turn|2\n|\n|t:|1776747187\n|switch|p2a: Lunala|Lunala, L50|100/100\n|-enditem|p2a: Lunala|Electric Seed\n|-boost|p2a: Lunala|def|1|[from] item: Electric Seed\n|move|p1a: Incineroar|Fake Out|p2b: Grimmsnarl\n|-damage|p2b: Grimmsnarl|55/100\n|cant|p2b: Grimmsnarl|flinch\n|move|p1b: Calyrex|Glacial Lance|p2b: Grimmsnarl|[spread] p2a,p2b\n|-damage|p2a: Lunala|90/100\n|-damage|p2b: Grimmsnarl|15/100\n|\n|upkeep\n|turn|3\n|\n|t:|1776747200\n|move|p2b: Grimmsnarl|Light Screen|p2b: Grimmsnarl\n|-sidestart|p2: Chenis123|move: Light Screen\n|move|p2a: Lunala|Moongeist Beam|p1b: Calyrex\n|-supereffective|p1b: Calyrex\n|-damage|p1b: Calyrex|0 fnt\n|faint|p1b: Calyrex\n|move|p1a: Incineroar|Knock Off|p2a: Lunala\n|-supereffective|p2a: Lunala\n|-damage|p2a: Lunala|56/100\n|\n|upkeep\n|\n|t:|1776747205\n|switch|p1b: Co-Star|Miraidon, L50|100/100\n|-activate|p1b: Co-Star|ability: Hadron Engine\n|turn|4\n|\n|t:|1776747214\n|move|p1b: Co-Star|Electro Drift|p2a: Lunala\n|-damage|p2a: Lunala|0 fnt\n|faint|p2a: Lunala\n|move|p2b: Grimmsnarl|Spirit Break|p1b: Co-Star\n|-supereffective|p1b: Co-Star\n|-damage|p1b: Co-Star|56/100\n|-unboost|p1b: Co-Star|spa|1\n|move|p1a: Incineroar|Flare Blitz|p2b: Grimmsnarl\n|-damage|p2b: Grimmsnarl|0 fnt\n|faint|p2b: Grimmsnarl\n|-damage|p1a: Incineroar|64/100|[from] Recoil\n|\n|upkeep\n|\n|t:|1776747221\n|switch|p2a: Miraidon|Miraidon, L50, tera:Fairy|17/100\n|switch|p2b: Urshifu|Urshifu-Rapid-Strike, L50, F|100/100\n|-activate|p2a: Miraidon|ability: Hadron Engine\n|turn|5\n|\n|t:|1776747240\n|move|p1b: Co-Star|Electro Drift|p2b: Urshifu\n|-supereffective|p2b: Urshifu\n|-damage|p2b: Urshifu|0 fnt\n|faint|p2b: Urshifu\n|move|p2a: Miraidon|Dazzling Gleam|p1a: Incineroar|[spread] p1a,p1b\n|-supereffective|p1b: Co-Star\n|-damage|p1a: Incineroar|34/100\n|-damage|p1b: Co-Star|0 fnt\n|faint|p1b: Co-Star\n|move|p1a: Incineroar|Flare Blitz|p2a: Miraidon\n|-damage|p2a: Miraidon|0 fnt\n|faint|p2a: Miraidon\n|-damage|p1a: Incineroar|29/100|[from] Recoil\n|\n|win|lalo's pollos\n|raw|lalo&apos;s pollos's rating: 1497 &rarr; <strong>1515</strong><br />(+18 for winning)\n|raw|Chenis123's rating: 1457 &rarr; <strong>1439</strong><br />(-18 for losing)\n|l|\u2606Chenis123\n|player|p2|\n|l|\u2606lalo's pollos\n|player|p1|\n","uploadtime":1776747444,"views":9,"formatid":"gen9vgc2026regi","rating":1439,"private":0,"password":null}