{"id":"gen9vgc2026regi-2576801580","format":"[Gen 9] VGC 2026 Reg I","players":["TLegend396","Bman311"],"log":"|j|\u2606TLegend396\n|j|\u2606Bman311\n|t:|1775506831\n|gametype|doubles\n|player|p1|TLegend396|169|1476\n|player|p2|Bman311|101|1519\n|gen|9\n|tier|[Gen 9] VGC 2026 Reg I\n|rated|\n|rule|Species Clause: Limit one of each Pok\u00e9mon\n|rule|Item Clause: Limit 1 of each item\n|clearpoke\n|poke|p1|Kingambit, L50, M|\n|poke|p1|Ursaluna-Bloodmoon, L50, M|\n|poke|p1|Calyrex-Ice, L50|\n|poke|p1|Amoonguss, L50, F|\n|poke|p1|Kyogre, L50|\n|poke|p1|Smeargle, L50, F|\n|poke|p2|Koraidon, L50|\n|poke|p2|Calyrex-Ice, L50|\n|poke|p2|Incineroar, L50, F|\n|poke|p2|Brute Bonnet, L50|\n|poke|p2|Flutter Mane, L50|\n|poke|p2|Raging Bolt, L50|\n|teampreview|4\n|inactive|Battle timer is ON: inactive players will automatically lose when time's up. (requested by Bman311)\nBman311 has agreed to open team sheets.\n|inactive|TLegend396 has 60 seconds left.\n|inactive|Bman311 has 60 seconds left.\n|\n|t:|1775506871\n|teamsize|p1|4\n|teamsize|p2|4\n|start\n|switch|p1a: Calyrex|Calyrex-Ice, L50|100/100\n|switch|p1b: Smeargle|Smeargle, L50, F|100/100\n|switch|p2a: Flutter Mane|Flutter Mane, L50|100/100\n|switch|p2b: Incineroar|Incineroar, L50, F|100/100\n|-ability|p1a: Calyrex|As One\n|-ability|p1a: Calyrex|Unnerve\n|-ability|p2b: Incineroar|Intimidate|boost\n|-fail|p1a: Calyrex|unboost|[from] item: Clear Amulet|[of] p1a: Calyrex\n|-unboost|p1b: Smeargle|atk|1\n|turn|1\n|inactive|TLegend396 has 30 seconds left.\n|\n|t:|1775506903\n|move|p2b: Incineroar|Fake Out|p1b: Smeargle\n|-damage|p1b: Smeargle|81/100\n|cant|p1b: Smeargle|flinch\n|move|p2a: Flutter Mane|Taunt|p1a: Calyrex\n|-start|p1a: Calyrex|move: Taunt\n|cant|p1a: Calyrex|move: Taunt|Trick Room\n|\n|-ability|p1b: Smeargle|Moody|boost\n|-boost|p1b: Smeargle|spd|2\n|-unboost|p1b: Smeargle|spa|1\n|upkeep\n|turn|2\n|inactive|TLegend396 has 30 seconds left.\n|inactive|TLegend396 has 20 seconds left.\n|inactive|TLegend396 has 15 seconds left.\n|inactive|TLegend396 has 10 seconds left.\n|\n|t:|1775506949\n|-terastallize|p1a: Calyrex|Fairy\n|move|p2a: Flutter Mane|Moonblast|p1b: Smeargle\n|-damage|p1b: Smeargle|36/100\n|move|p2b: Incineroar|Knock Off|p1a: Calyrex\n|-resisted|p1a: Calyrex\n|-damage|p1a: Calyrex|87/100\n|-enditem|p1a: Calyrex|Clear Amulet|[from] move: Knock Off|[of] p2b: Incineroar\n|move|p1a: Calyrex|Glacial Lance|p2b: Incineroar|[spread] p2a,p2b\n|-resisted|p2b: Incineroar\n|-enditem|p2a: Flutter Mane|Focus Sash\n|-damage|p2a: Flutter Mane|1/100\n|-damage|p2b: Incineroar|74/100\n|move|p1b: Smeargle|Trick Room|p1b: Smeargle\n|-fieldstart|move: Trick Room|[of] p1b: Smeargle\n|\n|-ability|p1b: Smeargle|Moody|boost\n|-boost|p1b: Smeargle|spe|2\n|-unboost|p1b: Smeargle|atk|1\n|upkeep\n|turn|3\n|inactive|TLegend396 has 30 seconds left.\n|\n|t:|1775506974\n|move|p1a: Calyrex|Glacial Lance|p2a: Flutter Mane|[spread] p2a,p2b\n|-resisted|p2b: Incineroar\n|-damage|p2a: Flutter Mane|0 fnt\n|-damage|p2b: Incineroar|50/100\n|faint|p2a: Flutter Mane\n|-end|p2a: Flutter Mane|Protosynthesis|[silent]\n|-ability|p1a: Calyrex|Chilling Neigh|boost\n|-boost|p1a: Calyrex|atk|1\n|move|p2b: Incineroar|U-turn|p1b: Smeargle\n|-damage|p1b: Smeargle|1/100\n|\n|t:|1775506978\n|switch|p2b: Brute Bonnet|Brute Bonnet, L50|100/100|[from] U-turn\n|move|p1b: Smeargle|Decorate|p1a: Calyrex\n|-boost|p1a: Calyrex|atk|2\n|-boost|p1a: Calyrex|spa|2\n|\n|-end|p1a: Calyrex|move: Taunt\n|-ability|p1b: Smeargle|Moody|boost\n|-boost|p1b: Smeargle|spa|2\n|-unboost|p1b: Smeargle|spd|1\n|upkeep\n|\n|t:|1775506980\n|switch|p2a: Incineroar|Incineroar, L50, F|50/100\n|-ability|p2a: Incineroar|Intimidate|boost\n|-unboost|p1a: Calyrex|atk|1\n|-unboost|p1b: Smeargle|atk|1\n|turn|4\n|inactive|TLegend396 has 30 seconds left.\n|inactive|TLegend396 has 20 seconds left.\n|inactive|TLegend396 has 15 seconds left.\n|\n|t:|1775507020\n|switch|p1a: Kingambit|Kingambit, L50, M|100/100\n|-terastallize|p2b: Brute Bonnet|Water\n|move|p2a: Incineroar|Fake Out|p1b: Smeargle\n|-damage|p1b: Smeargle|0 fnt\n|faint|p1b: Smeargle\n|move|p2b: Brute Bonnet|Spore|p1a: Kingambit\n|-status|p1a: Kingambit|slp|[from] move: Spore\n|\n|upkeep\n|\n|t:|1775507030\n|switch|p1b: Calyrex|Calyrex-Ice, L50, tera:Fairy|87/100\n|-ability|p1b: Calyrex|As One\n|-ability|p1b: Calyrex|Unnerve\n|turn|5\n|inactive|TLegend396 has 30 seconds left.\n|inactive|TLegend396 has 20 seconds left.\n|inactive|TLegend396 has 15 seconds left.\n|\n|t:|1775507071\n|move|p2b: Brute Bonnet|Rage Powder|p2b: Brute Bonnet\n|-singleturn|p2b: Brute Bonnet|move: Rage Powder\n|move|p1b: Calyrex|Throat Chop|p2b: Brute Bonnet\n|-damage|p2b: Brute Bonnet|78/100\n|cant|p1a: Kingambit|slp\n|move|p2a: Incineroar|Flare Blitz|p1a: Kingambit\n|-supereffective|p1a: Kingambit\n|-damage|p1a: Kingambit|16/100 slp\n|-enditem|p1a: Kingambit|Sitrus Berry|[eat]\n|-heal|p1a: Kingambit|41/100 slp|[from] item: Sitrus Berry\n|-damage|p2a: Incineroar|22/100|[from] Recoil\n|\n|upkeep\n|turn|6\n|\n|t:|1775507089\n|move|p1b: Calyrex|Throat Chop|p2b: Brute Bonnet\n|-damage|p2b: Brute Bonnet|55/100\n|cant|p1a: Kingambit|slp\n|move|p2b: Brute Bonnet|Spore|p1b: Calyrex\n|-status|p1b: Calyrex|slp|[from] move: Spore\n|move|p2a: Incineroar|Flare Blitz|p1a: Kingambit\n|-supereffective|p1a: Kingambit\n|-damage|p1a: Kingambit|0 fnt\n|faint|p1a: Kingambit\n|-damage|p2a: Incineroar|8/100|[from] Recoil\n|\n|-fieldend|move: Trick Room\n|upkeep\n|\n|t:|1775507095\n|switch|p1a: Ursaluna|Ursaluna-Bloodmoon, L50, M|100/100\n|turn|7\n|\n|t:|1775507120\n|move|p2a: Incineroar|Knock Off|p1a: Ursaluna\n|-damage|p1a: Ursaluna|70/100\n|-enditem|p1a: Ursaluna|Life Orb|[from] move: Knock Off|[of] p2a: Incineroar\n|move|p2b: Brute Bonnet|Seed Bomb|p1a: Ursaluna\n|-supereffective|p1a: Ursaluna\n|-damage|p1a: Ursaluna|20/100\n|move|p1a: Ursaluna|Blood Moon|p2b: Brute Bonnet\n|-damage|p2b: Brute Bonnet|0 fnt\n|faint|p2b: Brute Bonnet\n|-end|p2b: Brute Bonnet|Protosynthesis|[silent]\n|cant|p1b: Calyrex|slp\n|\n|upkeep\n|\n|t:|1775507125\n|switch|p2b: Koraidon|Koraidon, L50|100/100\n|-weather|SunnyDay|[from] ability: Orichalcum Pulse|[of] p2b: Koraidon\n|-activate|p2b: Koraidon|Orichalcum Pulse|[source]\n|turn|8\n|\n|t:|1775507135\n|move|p1a: Ursaluna|Protect|p1a: Ursaluna\n|-singleturn|p1a: Ursaluna|Protect\n|move|p2b: Koraidon|Flare Blitz|p1b: Calyrex\n|-damage|p1b: Calyrex|25/100 slp\n|-damage|p2b: Koraidon|76/100|[from] Recoil\n|-damage|p2b: Koraidon|66/100|[from] item: Life Orb\n|move|p2a: Incineroar|Knock Off|p1a: Ursaluna\n|-activate|p1a: Ursaluna|move: Protect\n|cant|p1b: Calyrex|slp\n|\n|-weather|SunnyDay|[upkeep]\n|upkeep\n|turn|9\n|inactive|TLegend396 has 30 seconds left.\n|\n|t:|1775507166\n|move|p2b: Koraidon|Flare Blitz|p1b: Calyrex\n|-damage|p1b: Calyrex|0 fnt\n|faint|p1b: Calyrex\n|-damage|p2b: Koraidon|57/100|[from] Recoil\n|-damage|p2b: Koraidon|47/100|[from] item: Life Orb\n|move|p2a: Incineroar|Flare Blitz|p1a: Ursaluna\n|-damage|p1a: Ursaluna|0 fnt\n|faint|p1a: Ursaluna\n|-damage|p2a: Incineroar|1/100|[from] Recoil\n|\n|win|Bman311\n|raw|TLegend396's rating: 1476 &rarr; <strong>1458</strong><br />(-18 for losing)\n|raw|Bman311's rating: 1519 &rarr; <strong>1537</strong><br />(+18 for winning)\n|c|\u2606Bman311|gg\n|l|\u2606TLegend396\n|player|p1|\n|l|\u2606Bman311\n|player|p2|\n","uploadtime":1775507409,"views":10,"formatid":"gen9vgc2026regi","rating":1458,"private":0,"password":null}