{"id":"gen9vgc2026regi-2561752467","format":"[Gen 9] VGC 2026 Reg I","players":["Jonen","hdhsjsko"],"log":"|j|\u2606Jonen\n|j|\u2606hdhsjsko\n|t:|1773840280\n|gametype|doubles\n|player|p1|Jonen|hiker-gen4|1236\n|player|p2|hdhsjsko|backpacker|1145\n|gen|9\n|tier|[Gen 9] VGC 2026 Reg I\n|rated|\n|rule|Species Clause: Limit one of each Pok\u00e9mon\n|rule|Item Clause: Limit 1 of each item\n|clearpoke\n|poke|p1|Groudon, L50|\n|poke|p1|Lunala, L50|\n|poke|p1|Sableye, L50, F|\n|poke|p1|Chi-Yu, L50|\n|poke|p1|Rillaboom, L50, M|\n|poke|p1|Jumpluff, L50, F|\n|poke|p2|Torkoal, L50, F|\n|poke|p2|Cresselia, L50, F|\n|poke|p2|Calyrex-Ice, L50|\n|poke|p2|Ursaluna, L50, F|\n|poke|p2|Amoonguss, L50, F|\n|poke|p2|Zamazenta-*, L50|\n|teampreview|4\n|\n|t:|1773840303\n|teamsize|p1|4\n|teamsize|p2|4\n|start\n|switch|p1a: Lunala|Lunala, L50|100/100\n|switch|p1b: Sableye|Sableye, L50, F|100/100\n|switch|p2a: Cresselia|Cresselia, L50, F|100/100\n|switch|p2b: Zamazenta|Zamazenta-Crowned, L50|100/100\n|-ability|p2b: Zamazenta|Dauntless Shield|boost\n|-boost|p2b: Zamazenta|def|1\n|turn|1\n|\n|t:|1773840318\n|move|p2a: Cresselia|Helping Hand|p2b: Zamazenta\n|-singleturn|p2b: Zamazenta|Helping Hand|[of] p2a: Cresselia\n|move|p1b: Sableye|Gravity|p1b: Sableye\n|-fieldstart|move: Gravity\n|move|p2b: Zamazenta|Heavy Slam|p1a: Lunala\n|-damage|p1a: Lunala|68/100\n|move|p1a: Lunala|Hypnosis|p2a: Cresselia\n|-status|p2a: Cresselia|slp|[from] move: Hypnosis\n|\n|upkeep\n|turn|2\n|\n|t:|1773840330\n|switch|p1b: Groudon|Groudon, L50|100/100\n|-weather|SunnyDay|[from] ability: Drought|[of] p1b: Groudon\n|move|p2b: Zamazenta|Heavy Slam|p1a: Lunala\n|-damage|p1a: Lunala|21/100\n|move|p1a: Lunala|Hypnosis|p2b: Zamazenta\n|-status|p2b: Zamazenta|slp|[from] move: Hypnosis\n|cant|p2a: Cresselia|slp\n|\n|-weather|SunnyDay|[upkeep]\n|upkeep\n|turn|3\n|\n|t:|1773840346\n|cant|p2b: Zamazenta|slp\n|move|p1a: Lunala|Meteor Beam||[still]\n|-prepare|p1a: Lunala|Meteor Beam\n|-boost|p1a: Lunala|spa|1\n|-enditem|p1a: Lunala|Power Herb\n|-anim|p1a: Lunala|Meteor Beam|p2a: Cresselia\n|-damage|p2a: Cresselia|70/100 slp\n|move|p1b: Groudon|Precipice Blades|p2b: Zamazenta|[spread] p2a,p2b\n|-supereffective|p2b: Zamazenta\n|-damage|p2a: Cresselia|11/100 slp\n|-damage|p2b: Zamazenta|34/100 slp\n|-damage|p1b: Groudon|91/100|[from] item: Life Orb\n|cant|p2a: Cresselia|slp\n|\n|-weather|SunnyDay|[upkeep]\n|upkeep\n|turn|4\n|\n|t:|1773840361\n|-curestatus|p2b: Zamazenta|slp|[msg]\n|move|p2b: Zamazenta|Heavy Slam|p1a: Lunala\n|-damage|p1a: Lunala|0 fnt\n|faint|p1a: Lunala\n|move|p1b: Groudon|Heat Crash|p2a: Cresselia\n|-damage|p2a: Cresselia|0 fnt\n|faint|p2a: Cresselia\n|-damage|p1b: Groudon|81/100|[from] item: Life Orb\n|\n|-weather|SunnyDay|[upkeep]\n|upkeep\n|\n|t:|1773840369\n|switch|p1a: Sableye|Sableye, L50, F|100/100\n|switch|p2a: Calyrex|Calyrex-Ice, L50|100/100\n|-ability|p2a: Calyrex|As One\n|-ability|p2a: Calyrex|Unnerve\n|turn|5\n|\n|t:|1773840379\n|-terastallize|p1b: Groudon|Fire\n|move|p2b: Zamazenta|Body Press|p1b: Groudon\n|-damage|p1b: Groudon|41/100\n|move|p1b: Groudon|Precipice Blades|p2a: Calyrex|[spread] p2a,p2b\n|-supereffective|p2b: Zamazenta\n|-damage|p2a: Calyrex|54/100\n|-damage|p2b: Zamazenta|0 fnt\n|faint|p2b: Zamazenta\n|-damage|p1b: Groudon|31/100|[from] item: Life Orb\n|move|p1a: Sableye|Foul Play|p2a: Calyrex\n|-supereffective|p2a: Calyrex\n|-damage|p2a: Calyrex|0 fnt\n|faint|p2a: Calyrex\n|\n|-weather|SunnyDay|[upkeep]\n|-fieldend|move: Gravity\n|upkeep\n|\n|t:|1773840392\n|switch|p2b: Torkoal|Torkoal, L50, F|100/100\n|turn|6\n|\n|t:|1773840398\n|move|p1a: Sableye|Gravity|p1a: Sableye\n|-fieldstart|move: Gravity\n|move|p1b: Groudon|Precipice Blades|p2b: Torkoal\n|-supereffective|p2b: Torkoal\n|-damage|p2b: Torkoal|0 fnt\n|faint|p2b: Torkoal\n|-damage|p1b: Groudon|22/100|[from] item: Life Orb\n|\n|win|Jonen\n|raw|Jonen's rating: 1236 &rarr; <strong>1255</strong><br />(+19 for winning)\n|raw|hdhsjsko's rating: 1145 &rarr; <strong>1126</strong><br />(-19 for losing)\n","uploadtime":1773840399,"views":10,"formatid":"gen9vgc2026regi","rating":1126,"private":0,"password":null}