{"id":"gen9vgc2026regi-2540132321","format":"[Gen 9] VGC 2026 Reg I","players":["Walkertiw","Luca8"],"log":"|j|\u2606Walkertiw\n|j|\u2606Luca8\n|t:|1771166554\n|gametype|doubles\n|player|p1|Walkertiw|265|1358\n|player|p2|Luca8|flint|1332\n|gen|9\n|tier|[Gen 9] VGC 2026 Reg I\n|rated|\n|rule|Species Clause: Limit one of each Pok\u00e9mon\n|rule|Item Clause: Limit 1 of each item\n|clearpoke\n|poke|p1|Kyogre, L50|\n|poke|p1|Zacian-*, L50|\n|poke|p1|Roaring Moon, L50|\n|poke|p1|Amoonguss, L50, F|\n|poke|p1|Chien-Pao, L50|\n|poke|p1|Urshifu-*, L50, M|\n|poke|p2|Whimsicott, L50, F|\n|poke|p2|Kyogre, L50|\n|poke|p2|Landorus, L50, M|\n|poke|p2|Lunala, L50|\n|poke|p2|Farigiraf, L50, M|\n|poke|p2|Amoonguss, L50, F|\n|teampreview|4\n|\n|t:|1771166589\n|teamsize|p1|4\n|teamsize|p2|4\n|start\n|switch|p1a: Zacian|Zacian-Crowned, L50|100/100\n|switch|p1b: Roaring Moon|Roaring Moon, L50|100/100\n|switch|p2a: Lunala|Lunala, L50|100/100\n|switch|p2b: Whimsicott|Whimsicott, L50, F|100/100\n|-ability|p1a: Zacian|Intrepid Sword|boost\n|-boost|p1a: Zacian|atk|1\n|-enditem|p1b: Roaring Moon|Booster Energy\n|-activate|p1b: Roaring Moon|ability: Protosynthesis|[fromitem]\n|-start|p1b: Roaring Moon|protosynthesisspe\n|turn|1\n|\n|t:|1771166612\n|-terastallize|p2a: Lunala|Normal\n|move|p2b: Whimsicott|Tailwind|p2b: Whimsicott\n|-sidestart|p2: Luca8|move: Tailwind\n|move|p1b: Roaring Moon|Knock Off|p2a: Lunala\n|-damage|p2a: Lunala|82/100\n|-enditem|p2a: Lunala|Power Herb|[from] move: Knock Off|[of] p1b: Roaring Moon\n|move|p2a: Lunala|Dazzling Gleam|p1b: Roaring Moon|[spread] p1a,p1b\n|-resisted|p1a: Zacian\n|-supereffective|p1b: Roaring Moon\n|-damage|p1a: Zacian|91/100\n|-damage|p1b: Roaring Moon|26/100\n|move|p1a: Zacian|Behemoth Blade|p2b: Whimsicott\n|-supereffective|p2b: Whimsicott\n|-enditem|p2b: Whimsicott|Focus Sash\n|-damage|p2b: Whimsicott|1/100\n|\n|upkeep\n|turn|2\n|j| lunala fairy ghost\n|\n|t:|1771166647\n|move|p1b: Roaring Moon|Protect|p1b: Roaring Moon\n|-singleturn|p1b: Roaring Moon|Protect\n|move|p2b: Whimsicott|Moonblast|p1b: Roaring Moon\n|-activate|p1b: Roaring Moon|move: Protect\n|move|p2a: Lunala|Will-O-Wisp|p1a: Zacian|[miss]\n|-miss|p2a: Lunala|p1a: Zacian\n|move|p1a: Zacian|Behemoth Blade|p2b: Whimsicott\n|-supereffective|p2b: Whimsicott\n|-damage|p2b: Whimsicott|0 fnt\n|faint|p2b: Whimsicott\n|\n|upkeep\n|\n|t:|1771166660\n|switch|p2b: Kyogre|Kyogre, L50|100/100\n|-weather|RainDance|[from] ability: Drizzle|[of] p2b: Kyogre\n|turn|3\n|l| lunala fairy ghost\n|\n|t:|1771166682\n|move|p2b: Kyogre|Water Spout|p1b: Roaring Moon|[spread] p1a,p1b\n|-resisted|p1b: Roaring Moon\n|-damage|p1a: Zacian|14/100\n|-damage|p1b: Roaring Moon|0 fnt\n|faint|p1b: Roaring Moon\n|-end|p1b: Roaring Moon|Protosynthesis|[silent]\n|move|p2a: Lunala|Moongeist Beam|p1a: Zacian\n|-damage|p1a: Zacian|0 fnt\n|faint|p1a: Zacian\n|\n|-weather|RainDance|[upkeep]\n|upkeep\n|\n|t:|1771166685\n|switch|p1a: Chien-Pao|Chien-Pao, L50|100/100\n|switch|p1b: Kyogre|Kyogre, L50|100/100\n|-ability|p1a: Chien-Pao|Sword of Ruin\n|turn|4\n|j| not world\n|\n|t:|1771166708\n|move|p1a: Chien-Pao|Protect|p1a: Chien-Pao\n|-singleturn|p1a: Chien-Pao|Protect\n|move|p1b: Kyogre|Protect|p1b: Kyogre\n|-singleturn|p1b: Kyogre|Protect\n|move|p2b: Kyogre|Water Spout|p1b: Kyogre|[spread] \n|-activate|p1a: Chien-Pao|move: Protect\n|-activate|p1b: Kyogre|move: Protect\n|move|p2a: Lunala|Dazzling Gleam|p1b: Kyogre|[spread] \n|-activate|p1a: Chien-Pao|move: Protect\n|-activate|p1b: Kyogre|move: Protect\n|\n|-weather|RainDance|[upkeep]\n|-sideend|p2: Luca8|move: Tailwind\n|upkeep\n|turn|5\n|l| not world\n|\n|t:|1771166728\n|-terastallize|p1b: Kyogre|Grass\n|move|p2b: Kyogre|Water Spout|p1a: Chien-Pao|[spread] p1a,p1b\n|-resisted|p1b: Kyogre\n|-enditem|p1a: Chien-Pao|Focus Sash\n|-damage|p1a: Chien-Pao|1/100\n|-damage|p1b: Kyogre|67/100\n|move|p1a: Chien-Pao|Sacred Sword|p2a: Lunala\n|-supereffective|p2a: Lunala\n|-damage|p2a: Lunala|16/100\n|move|p1b: Kyogre|Water Spout|p2b: Kyogre|[spread] p2a,p2b\n|-crit|p2a: Lunala\n|-resisted|p2b: Kyogre\n|-damage|p2a: Lunala|0 fnt\n|-damage|p2b: Kyogre|70/100\n|faint|p2a: Lunala\n|\n|-weather|RainDance|[upkeep]\n|upkeep\n|\n|t:|1771166745\n|switch|p2a: Landorus|Landorus, L50, M|100/100\n|turn|6\n|\n|t:|1771166764\n|move|p1a: Chien-Pao|Sucker Punch|p2b: Kyogre\n|-crit|p2b: Kyogre\n|-damage|p2b: Kyogre|0 fnt\n|faint|p2b: Kyogre\n|move|p2a: Landorus|Sludge Bomb|p1b: Kyogre\n|-supereffective|p1b: Kyogre\n|-damage|p1b: Kyogre|0 fnt\n|faint|p1b: Kyogre\n|\n|-weather|RainDance|[upkeep]\n|upkeep\n|turn|7\n|\n|t:|1771166778\n|move|p1a: Chien-Pao|Protect|p1a: Chien-Pao\n|-singleturn|p1a: Chien-Pao|Protect\n|move|p2a: Landorus|Protect||[still]\n|-fail|p2a: Landorus\n|\n|-weather|none\n|upkeep\n|turn|8\n|\n|t:|1771166785\n|move|p2a: Landorus|Protect|p2a: Landorus\n|-singleturn|p2a: Landorus|Protect\n|move|p1a: Chien-Pao|Icicle Crash|p2a: Landorus\n|-activate|p2a: Landorus|move: Protect\n|\n|upkeep\n|turn|9\n|\n|t:|1771166793\n|move|p1a: Chien-Pao|Icicle Crash|p2a: Landorus\n|-supereffective|p2a: Landorus\n|-damage|p2a: Landorus|0 fnt\n|faint|p2a: Landorus\n|\n|win|Walkertiw\n|raw|Walkertiw's rating: 1358 &rarr; <strong>1377</strong><br />(+19 for winning)\n|raw|Luca8's rating: 1332 &rarr; <strong>1313</strong><br />(-19 for losing)\n|l|\u2606Luca8\n|player|p2|\n|l|\u2606Walkertiw\n|player|p1|\n","uploadtime":1771167005,"views":29,"formatid":"gen9vgc2026regi","rating":1313,"private":0,"password":null}