{"id":"gen9vgc2026regi-2519199958","format":"[Gen 9] VGC 2026 Reg I","players":["darkest_contender","marcxhenry"],"log":"|j|\u2606darkest_contender\n|j|\u2606marcxhenry\n|t:|1768483198\n|gametype|doubles\n|player|p1|darkest_contender|n|1314\n|player|p2|marcxhenry|hilbert-wonderlauncher|1339\n|gen|9\n|tier|[Gen 9] VGC 2026 Reg I\n|rated|\n|rule|Species Clause: Limit one of each Pok\u00e9mon\n|rule|Item Clause: Limit 1 of each item\n|clearpoke\n|poke|p1|Calyrex-Shadow, L50|\n|poke|p1|Zamazenta-*, L50|\n|poke|p1|Ogerpon-Cornerstone, L50, F|\n|poke|p1|Flutter Mane, L50|\n|poke|p1|Whimsicott, L50, F|\n|poke|p1|Torkoal, L50, M|\n|poke|p2|Calyrex-Shadow, L50|\n|poke|p2|Urshifu-*, L50, M|\n|poke|p2|Roaring Moon, L50|\n|poke|p2|Kyogre, L50|\n|poke|p2|Tsareena, L50, F|\n|poke|p2|Kingambit, L50, M|\n|teampreview|4\n|inactive|Battle timer is ON: inactive players will automatically lose when time's up. (requested by darkest_contender)\n|\n|t:|1768483226\n|teamsize|p1|4\n|teamsize|p2|4\n|start\n|switch|p1a: Zamazenta|Zamazenta-Crowned, L50|100/100\n|switch|p1b: Flutter Mane|Flutter Mane, L50|100/100\n|switch|p2a: Ludwig|Calyrex-Shadow, L50|100/100\n|switch|p2b: Tripitz|Kyogre, L50, shiny|100/100\n|-ability|p2a: Ludwig|As One\n|-ability|p2a: Ludwig|Unnerve\n|-ability|p1a: Zamazenta|Dauntless Shield|boost\n|-boost|p1a: Zamazenta|def|1\n|-weather|RainDance|[from] ability: Drizzle|[of] p2b: Tripitz\n|-enditem|p1b: Flutter Mane|Booster Energy\n|-activate|p1b: Flutter Mane|ability: Protosynthesis|[fromitem]\n|-start|p1b: Flutter Mane|protosynthesisspe\n|turn|1\n|\n|t:|1768483251\n|switch|p2b: Hermann|Kingambit, L50, M, shiny|100/100\n|-terastallize|p2a: Ludwig|Normal\n|move|p1b: Flutter Mane|Icy Wind|p2a: Ludwig|[spread] p2a,p2b\n|-resisted|p2b: Hermann\n|-damage|p2a: Ludwig|86/100\n|-damage|p2b: Hermann|96/100\n|-unboost|p2a: Ludwig|spe|1\n|-unboost|p2b: Hermann|spe|1\n|-ability|p2b: Hermann|Defiant|boost\n|-boost|p2b: Hermann|atk|2\n|move|p1a: Zamazenta|Body Press|p2b: Hermann\n|-supereffective|p2b: Hermann\n|-damage|p2b: Hermann|0 fnt\n|faint|p2b: Hermann\n|move|p2a: Ludwig|Trick Room|p2a: Ludwig\n|-fieldstart|move: Trick Room|[of] p2a: Ludwig\n|\n|-weather|RainDance|[upkeep]\n|upkeep\n|\n|t:|1768483269\n|switch|p2b: Tripitz|Kyogre, L50, shiny|100/100\n|turn|2\n|\n|t:|1768483282\n|-terastallize|p1a: Zamazenta|Dragon\n|move|p2b: Tripitz|Hydro Pump|p1b: Flutter Mane\n|-damage|p1b: Flutter Mane|0 fnt\n|faint|p1b: Flutter Mane\n|-end|p1b: Flutter Mane|Protosynthesis|[silent]\n|move|p2a: Ludwig|Psychic|p1a: Zamazenta\n|-damage|p1a: Zamazenta|61/100\n|move|p1a: Zamazenta|Body Press|p2a: Ludwig\n|-supereffective|p2a: Ludwig\n|-damage|p2a: Ludwig|0 fnt\n|faint|p2a: Ludwig\n|\n|-weather|RainDance|[upkeep]\n|upkeep\n|\n|t:|1768483296\n|switch|p1b: Ogerpon|Ogerpon-Cornerstone, L50, F|100/100\n|switch|p2a: Eva|Tsareena, L50, F, shiny|100/100\n|turn|3\n|\n|t:|1768483306\n|move|p2a: Eva|Triple Axel|p1b: Ogerpon\n|-supereffective|p1b: Ogerpon\n|-damage|p1b: Ogerpon|83/100\n|-supereffective|p1b: Ogerpon\n|-damage|p1b: Ogerpon|44/100\n|-supereffective|p1b: Ogerpon\n|-damage|p1b: Ogerpon|0 fnt\n|faint|p1b: Ogerpon\n|-hitcount|p1: Ogerpon|3\n|move|p2b: Tripitz|Water Spout|p1a: Zamazenta\n|-resisted|p1a: Zamazenta\n|-damage|p1a: Zamazenta|3/100\n|move|p1a: Zamazenta|Body Press|p2a: Eva\n|-damage|p2a: Eva|18/100\n|\n|-weather|RainDance|[upkeep]\n|upkeep\n|\n|t:|1768483320\n|switch|p1b: Calyrex|Calyrex-Shadow, L50|100/100\n|-ability|p1b: Calyrex|As One\n|-ability|p1b: Calyrex|Unnerve\n|turn|4\n|\n|t:|1768483335\n|move|p1a: Zamazenta|Wide Guard|p1a: Zamazenta\n|-singleturn|p1a: Zamazenta|Wide Guard\n|move|p2a: Eva|Triple Axel|p1a: Zamazenta\n|-supereffective|p1a: Zamazenta\n|-damage|p1a: Zamazenta|0 fnt\n|faint|p1a: Zamazenta\n|-hitcount|p1: Zamazenta|1\n|move|p2b: Tripitz|Hydro Pump|p1b: Calyrex\n|-enditem|p1b: Calyrex|Focus Sash\n|-damage|p1b: Calyrex|1/100\n|move|p1b: Calyrex|Astral Barrage|p2a: Eva|[spread] p2a,p2b\n|-damage|p2a: Eva|0 fnt\n|-damage|p2b: Tripitz|56/100\n|faint|p2a: Eva\n|-ability|p1b: Calyrex|Grim Neigh|boost\n|-boost|p1b: Calyrex|spa|1\n|\n|-weather|RainDance|[upkeep]\n|upkeep\n|turn|5\n|\n|t:|1768483355\n|move|p1b: Calyrex|Protect|p1b: Calyrex\n|-singleturn|p1b: Calyrex|Protect\n|move|p2b: Tripitz|Water Spout|p1b: Calyrex\n|-activate|p1b: Calyrex|move: Protect\n|\n|-weather|none\n|-fieldend|move: Trick Room\n|upkeep\n|turn|6\n|\n|t:|1768483363\n|move|p1b: Calyrex|Astral Barrage|p2b: Tripitz\n|-damage|p2b: Tripitz|0 fnt\n|faint|p2b: Tripitz\n|\n|win|darkest_contender\n|raw|darkest_contender's rating: 1314 &rarr; <strong>1335</strong><br />(+21 for winning)\n|raw|marcxhenry's rating: 1339 &rarr; <strong>1318</strong><br />(-21 for losing)\n|l|\u2606marcxhenry\n|player|p2|\n|l|\u2606darkest_contender\n|player|p1|\n","uploadtime":1768483500,"views":14,"formatid":"gen9vgc2026regi","rating":1318,"private":0,"password":null}