{"id":"gen9vgc2026regi-2551045326","format":"[Gen 9] VGC 2026 Reg I","players":["Zorse Mentality","Northgdh"],"log":"|j|\u2606Zorse Mentality\n|j|\u2606Northgdh\n|t:|1772560171\n|gametype|doubles\n|player|p1|Zorse Mentality|266|1314\n|player|p2|Northgdh|pokemonranger-gen4|1284\n|gen|9\n|tier|[Gen 9] VGC 2026 Reg I\n|rated|\n|rule|Species Clause: Limit one of each Pok\u00e9mon\n|rule|Item Clause: Limit 1 of each item\n|clearpoke\n|poke|p1|Miraidon, L50|\n|poke|p1|Lunala, L50|\n|poke|p1|Dondozo, L50, M|\n|poke|p1|Tatsugiri, L50, F|\n|poke|p1|Raichu-Alola, L50, M|\n|poke|p1|Ursaluna, L50, M|\n|poke|p2|Incineroar, L50, M|\n|poke|p2|Flutter Mane, L50|\n|poke|p2|Calyrex-Ice, L50|\n|poke|p2|Lunala, L50|\n|poke|p2|Rillaboom, L50, M|\n|poke|p2|Ogerpon-Hearthflame, L50, F|\n|teampreview|4\n|inactive|Battle timer is ON: inactive players will automatically lose when time's up. (requested by Northgdh)\n|inactive|Northgdh has 60 seconds left.\n|\n|t:|1772560223\n|teamsize|p1|4\n|teamsize|p2|4\n|start\n|switch|p1a: Raichu|Raichu-Alola, L50, M|100/100\n|switch|p1b: Miraidon|Miraidon, L50|100/100\n|switch|p2a: Richeh|Flutter Mane, L50, shiny|100/100\n|switch|p2b: Olruggio|Lunala, L50|100/100\n|-fieldstart|move: Electric Terrain|[from] ability: Hadron Engine|[of] p1b: Miraidon\n|-enditem|p2a: Richeh|Booster Energy\n|-activate|p2a: Richeh|ability: Protosynthesis|[fromitem]\n|-start|p2a: Richeh|protosynthesisspe\n|turn|1\n|inactive|Zorse Mentality has 30 seconds left.\n|inactive|Zorse Mentality has 20 seconds left.\n|\n|t:|1772560258\n|switch|p2b: Tetia|Rillaboom, L50, M, shiny|100/100\n|-fieldstart|move: Grassy Terrain|[from] ability: Grassy Surge|[of] p2b: Tetia\n|-terastallize|p1a: Raichu|Normal\n|move|p2a: Richeh|Moonblast|p1a: Raichu\n|-damage|p1a: Raichu|54/100\n|move|p1b: Miraidon|Electro Drift|p2b: Tetia\n|-resisted|p2b: Tetia\n|-damage|p2b: Tetia|80/100\n|move|p1a: Raichu|Electroweb|p2a: Richeh|[spread] p2a,p2b\n|-resisted|p2b: Tetia\n|-damage|p2a: Richeh|88/100\n|-damage|p2b: Tetia|75/100\n|-unboost|p2a: Richeh|spe|1\n|-unboost|p2b: Tetia|spe|1\n|\n|-heal|p2a: Richeh|94/100|[from] Grassy Terrain\n|-heal|p1a: Raichu|60/100|[from] Grassy Terrain\n|-heal|p2b: Tetia|81/100|[from] Grassy Terrain\n|upkeep\n|turn|2\n|inactive|Zorse Mentality has 30 seconds left.\n|inactive|Zorse Mentality has 20 seconds left.\n|inactive|Northgdh has 30 seconds left.\n|inactive|Zorse Mentality has 15 seconds left.\n|inactive|Zorse Mentality has 10 seconds left.\n|\n|t:|1772560305\n|switch|p2b: Qiffrey|Calyrex-Ice, L50|100/100\n|-ability|p2b: Qiffrey|As One\n|-ability|p2b: Qiffrey|Unnerve\n|move|p1b: Miraidon|Electro Drift|p2a: Richeh\n|-damage|p2a: Richeh|45/100\n|move|p2a: Richeh|Moonblast|p1b: Miraidon\n|-supereffective|p1b: Miraidon\n|-damage|p1b: Miraidon|33/100\n|-unboost|p1b: Miraidon|spa|1\n|move|p1a: Raichu|Electroweb|p2a: Richeh|[spread] p2a,p2b\n|-damage|p2a: Richeh|33/100\n|-damage|p2b: Qiffrey|91/100\n|-unboost|p2a: Richeh|spe|1\n|\n|-heal|p1b: Miraidon|39/100|[from] Grassy Terrain\n|-heal|p1a: Raichu|66/100|[from] Grassy Terrain\n|-heal|p2a: Richeh|39/100|[from] Grassy Terrain\n|-heal|p2b: Qiffrey|97/100|[from] Grassy Terrain\n|upkeep\n|turn|3\n|inactive|Northgdh has 30 seconds left.\n|inactive|Northgdh has 20 seconds left.\n|inactive|Northgdh has 15 seconds left.\n|inactive|Northgdh has 10 seconds left.\n|\n|t:|1772560350\n|-end|p2a: Richeh|Protosynthesis|[silent]\n|switch|p2a: Olruggio|Lunala, L50|100/100\n|move|p1b: Miraidon|Electro Drift|p2a: Olruggio\n|-damage|p2a: Olruggio|86/100\n|move|p1a: Raichu|Fling|p2b: Qiffrey\n|-supereffective|p2b: Qiffrey\n|-crit|p2b: Qiffrey\n|-damage|p2b: Qiffrey|88/100\n|-enditem|p1a: Raichu|King's Rock|[from] move: Fling\n|move|p2b: Qiffrey|Glacial Lance|p1a: Raichu|[spread] p1a,p1b\n|-supereffective|p1b: Miraidon\n|-damage|p1a: Raichu|0 fnt\n|-damage|p1b: Miraidon|0 fnt\n|faint|p1a: Raichu\n|faint|p1b: Miraidon\n|-ability|p2b: Qiffrey|Chilling Neigh|boost\n|-boost|p2b: Qiffrey|atk|2\n|\n|-heal|p2a: Olruggio|92/100|[from] Grassy Terrain\n|-heal|p2a: Olruggio|98/100|[from] item: Leftovers\n|-heal|p2b: Qiffrey|94/100|[from] Grassy Terrain\n|upkeep\n|c|\u2606Northgdh|Fling? \ud83d\ude2d\n|\n|t:|1772560374\n|switch|p1a: Dondozo|Dondozo, L50, M|100/100\n|switch|p1b: Tatsugiri|Tatsugiri, L50, F|100/100\n|-activate|p1b: Tatsugiri|ability: Commander|[of] p1a: Dondozo\n|-boost|p1a: Dondozo|atk|2\n|-boost|p1a: Dondozo|spa|2\n|-boost|p1a: Dondozo|spe|2\n|-boost|p1a: Dondozo|def|2\n|-boost|p1a: Dondozo|spd|2\n|turn|4\n|\n|t:|1772560387\n|move|p2a: Olruggio|Protect|p2a: Olruggio\n|-singleturn|p2a: Olruggio|Protect\n|move|p1a: Dondozo|Order Up|p2b: Qiffrey\n|-damage|p2b: Qiffrey|77/100\n|-boost|p1a: Dondozo|atk|1\n|move|p2b: Qiffrey|Leech Seed|p1a: Dondozo\n|-start|p1a: Dondozo|move: Leech Seed\n|\n|-heal|p2a: Olruggio|100/100|[from] Grassy Terrain\n|-heal|p2b: Qiffrey|83/100|[from] Grassy Terrain\n|-damage|p1a: Dondozo|88/100|[from] Leech Seed|[of] p2b: Qiffrey\n|-heal|p2b: Qiffrey|99/100|[silent]\n|upkeep\n|turn|5\n|\n|t:|1772560401\n|move|p2a: Olruggio|Calm Mind|p2a: Olruggio\n|-boost|p2a: Olruggio|spa|1\n|-boost|p2a: Olruggio|spd|1\n|move|p1a: Dondozo|Earthquake|p2a: Olruggio|[spread] p2a,p2b\n|-miss|p1a: Dondozo|p1b: Tatsugiri\n|-damage|p2a: Olruggio|92/100\n|-damage|p2b: Qiffrey|89/100\n|move|p2b: Qiffrey|Trick Room|p2b: Qiffrey\n|-fieldstart|move: Trick Room|[of] p2b: Qiffrey\n|\n|-heal|p2b: Qiffrey|95/100|[from] Grassy Terrain\n|-heal|p1a: Dondozo|94/100|[from] Grassy Terrain\n|-heal|p2a: Olruggio|98/100|[from] Grassy Terrain\n|-heal|p2a: Olruggio|100/100|[from] item: Leftovers\n|-damage|p1a: Dondozo|82/100|[from] Leech Seed|[of] p2b: Qiffrey\n|-heal|p2b: Qiffrey|100/100|[silent]\n|-fieldend|move: Grassy Terrain\n|upkeep\n|turn|6\n|c|\u2606Northgdh|Slow dozo too\n|c|\u2606Northgdh|I\u2019m crine\n|inactive|Northgdh has 30 seconds left.\n|\n|t:|1772560435\n|move|p1a: Dondozo|Order Up|p2b: Qiffrey\n|-crit|p2b: Qiffrey\n|-damage|p2b: Qiffrey|67/100\n|-boost|p1a: Dondozo|atk|1\n|move|p2a: Olruggio|Calm Mind|p2a: Olruggio\n|-boost|p2a: Olruggio|spa|1\n|-boost|p2a: Olruggio|spd|1\n|move|p2b: Qiffrey|Trick Room|p2b: Qiffrey\n|-fieldend|move: Trick Room\n|\n|-damage|p1a: Dondozo|69/100|[from] Leech Seed|[of] p2b: Qiffrey\n|-heal|p2b: Qiffrey|83/100|[silent]\n|upkeep\n|turn|7\n|\n|t:|1772560450\n|move|p2b: Qiffrey|Protect|p2b: Qiffrey\n|-singleturn|p2b: Qiffrey|Protect\n|move|p2a: Olruggio|Moongeist Beam|p1a: Dondozo\n|-damage|p1a: Dondozo|32/100\n|move|p1a: Dondozo|Order Up|p2a: Olruggio\n|-damage|p2a: Olruggio|80/100\n|-boost|p1a: Dondozo|atk|1\n|\n|-heal|p2a: Olruggio|87/100|[from] item: Leftovers\n|-damage|p1a: Dondozo|19/100|[from] Leech Seed|[of] p2b: Qiffrey\n|-heal|p2b: Qiffrey|99/100|[silent]\n|upkeep\n|turn|8\n|\n|t:|1772560465\n|move|p2a: Olruggio|Moongeist Beam|p1a: Dondozo\n|-damage|p1a: Dondozo|0 fnt\n|faint|p1a: Dondozo\n|move|p2b: Qiffrey|Glacial Lance|p1b: Tatsugiri\n|-enditem|p1b: Tatsugiri|Focus Sash\n|-damage|p1b: Tatsugiri|1/100\n|\n|-heal|p2a: Olruggio|93/100|[from] item: Leftovers\n|upkeep\n|turn|9\n|c|\u2606Northgdh|ggwp\n|-message|Zorse Mentality forfeited.\n|\n|win|Northgdh\n|raw|Zorse Mentality's rating: 1314 &rarr; <strong>1292</strong><br />(-22 for losing)\n|raw|Northgdh's rating: 1284 &rarr; <strong>1311</strong><br />(+27 for winning)\n|l|\u2606Zorse Mentality\n|player|p1|\n|l|\u2606Northgdh\n|player|p2|\n","uploadtime":1772560728,"views":16,"formatid":"gen9vgc2026regi","rating":1292,"private":0,"password":null}