{"id":"gen9vgc2026regi-2526166259","format":"[Gen 9] VGC 2026 Reg I","players":["Rypassed You","marcxhenry"],"log":"|j|\u2606Rypassed You\n|j|\u2606marcxhenry\n|t:|1769378362\n|gametype|doubles\n|player|p1|Rypassed You|drayton|1346\n|player|p2|marcxhenry|hilbert-wonderlauncher|1457\n|gen|9\n|tier|[Gen 9] VGC 2026 Reg I\n|rated|\n|rule|Species Clause: Limit one of each Pok\u00e9mon\n|rule|Item Clause: Limit 1 of each item\n|clearpoke\n|poke|p1|Kyogre, L50|\n|poke|p1|Miraidon, L50|\n|poke|p1|Tornadus, L50, M|\n|poke|p1|Iron Hands, L50|\n|poke|p1|Farigiraf, L50, F|\n|poke|p1|Urshifu-*, L50, M|\n|poke|p2|Palkia-Origin, L50|\n|poke|p2|Indeedee-F, L50, F|\n|poke|p2|Ursaluna, L50, F|\n|poke|p2|Ogerpon-Hearthflame, L50, F|\n|poke|p2|Articuno-Galar, L50|\n|poke|p2|Calyrex-Ice, L50|\n|teampreview|4\n|inactive|Battle timer is ON: inactive players will automatically lose when time's up. (requested by Rypassed You)\n|\n|t:|1769378383\n|teamsize|p1|4\n|teamsize|p2|4\n|start\n|switch|p1a: Dhruva|Kyogre, L50|100/100\n|switch|p1b: Josy|Farigiraf, L50, F|100/100\n|switch|p2a: Indeedee|Indeedee-F, L50, F, shiny|100/100\n|switch|p2b: Articuno|Articuno-Galar, L50|100/100\n|-weather|RainDance|[from] ability: Drizzle|[of] p1a: Dhruva\n|-fieldstart|move: Psychic Terrain|[from] ability: Psychic Surge|[of] p2a: Indeedee\n|turn|1\n|\n|t:|1769378400\n|switch|p2b: Palkia|Palkia-Origin, L50|100/100\n|-terastallize|p2a: Indeedee|Water\n|move|p1a: Dhruva|Protect|p1a: Dhruva\n|-singleturn|p1a: Dhruva|Protect\n|move|p1b: Josy|Imprison|p1b: Josy\n|-start|p1b: Josy|move: Imprison\n|cant|p2a: Indeedee|move: Imprison|Trick Room\n|\n|-weather|RainDance|[upkeep]\n|upkeep\n|turn|2\n|j| here's where king!\n|\n|t:|1769378415\n|move|p1b: Josy|Helping Hand|p1a: Dhruva\n|-singleturn|p1a: Dhruva|Helping Hand|[of] p1b: Josy\n|move|p1a: Dhruva|Ice Beam|p2b: Palkia\n|-damage|p2b: Palkia|60/100\n|move|p2b: Palkia|Hydro Pump|p1b: Josy\n|-damage|p1b: Josy|0 fnt\n|faint|p1b: Josy\n|move|p2a: Indeedee|Dazzling Gleam|p1a: Dhruva\n|-damage|p1a: Dhruva|87/100\n|\n|-weather|RainDance|[upkeep]\n|upkeep\n|\n|t:|1769378424\n|switch|p1b: Natalia|Miraidon, L50|100/100\n|-fieldstart|move: Electric Terrain|[from] ability: Hadron Engine|[of] p1b: Natalia\n|turn|3\n|\n|t:|1769378442\n|move|p2a: Indeedee|Follow Me|p2a: Indeedee\n|-singleturn|p2a: Indeedee|move: Follow Me\n|move|p1b: Natalia|Volt Switch|p2a: Indeedee\n|-supereffective|p2a: Indeedee\n|-damage|p2a: Indeedee|0 fnt\n|faint|p2a: Indeedee\n|\n|t:|1769378446\n|switch|p1b: Eugene|Iron Hands, L50|100/100|[from] Volt Switch\n|-activate|p1b: Eugene|ability: Quark Drive\n|-start|p1b: Eugene|quarkdriveatk\n|move|p1a: Dhruva|Ice Beam|p2b: Palkia\n|-damage|p2b: Palkia|33/100\n|move|p2b: Palkia|Trick Room|p2b: Palkia\n|-fieldstart|move: Trick Room|[of] p2b: Palkia\n|\n|-weather|RainDance|[upkeep]\n|upkeep\n|\n|t:|1769378456\n|switch|p2a: Paula|Ursaluna, L50, F, shiny|100/100\n|turn|4\n|\n|t:|1769378471\n|-terastallize|p1b: Eugene|Bug\n|move|p2a: Paula|Protect|p2a: Paula\n|-singleturn|p2a: Paula|Protect\n|move|p2b: Palkia|Protect|p2b: Palkia\n|-singleturn|p2b: Palkia|Protect\n|move|p1b: Eugene|Low Kick|p2b: Palkia\n|-activate|p2b: Palkia|move: Protect\n|move|p1a: Dhruva|Ice Beam|p2a: Paula\n|-activate|p2a: Paula|move: Protect\n|\n|-weather|RainDance|[upkeep]\n|-status|p2a: Paula|brn|[from] item: Flame Orb\n|upkeep\n|turn|5\n|\n|t:|1769378493\n|move|p1b: Eugene|Low Kick|p2a: Paula\n|-supereffective|p2a: Paula\n|-damage|p2a: Paula|0 fnt\n|faint|p2a: Paula\n|move|p2b: Palkia|Spacial Rend|p1a: Dhruva\n|-damage|p1a: Dhruva|25/100\n|move|p1a: Dhruva|Ice Beam|p2b: Palkia\n|-damage|p2b: Palkia|5/100\n|\n|-weather|none\n|upkeep\n|\n|t:|1769378502\n|switch|p2a: Articuno|Articuno-Galar, L50|100/100\n|turn|6\n|\n|t:|1769378509\n|move|p2b: Palkia|Protect|p2b: Palkia\n|-singleturn|p2b: Palkia|Protect\n|move|p1b: Eugene|Wild Charge|p2a: Articuno\n|-supereffective|p2a: Articuno\n|-damage|p2a: Articuno|0 fnt\n|faint|p2a: Articuno\n|-damage|p1b: Eugene|81/100|[from] Recoil\n|move|p1a: Dhruva|Ice Beam|p2b: Palkia\n|-activate|p2b: Palkia|move: Protect\n|\n|upkeep\n|turn|7\n|-message|marcxhenry forfeited.\n|\n|win|Rypassed You\n|raw|Rypassed You's rating: 1346 &rarr; <strong>1372</strong><br />(+26 for winning)\n|raw|marcxhenry's rating: 1457 &rarr; <strong>1431</strong><br />(-26 for losing)\n|l|\u2606marcxhenry\n|player|p2|\n|l|\u2606Rypassed You\n|player|p1|\n|l| here's where king!\n","uploadtime":1769378659,"views":16,"formatid":"gen9vgc2026regi","rating":1372,"private":0,"password":null}