{"id":"gen9vgc2026regi-2568987778","format":"[Gen 9] VGC 2026 Reg I","players":["TheNamesBetty","miloso"],"log":"|j|\u2606TheNamesBetty\n|j|\u2606miloso\n|t:|1774638796\n|gametype|doubles\n|player|p1|TheNamesBetty|koga|1317\n|player|p2|miloso|ghetsis-gen5bw|1292\n|gen|9\n|tier|[Gen 9] VGC 2026 Reg I\n|rated|\n|rule|Species Clause: Limit one of each Pok\u00e9mon\n|rule|Item Clause: Limit 1 of each item\n|clearpoke\n|poke|p1|Calyrex-Shadow, L50|\n|poke|p1|Koraidon, L50|\n|poke|p1|Rillaboom, L50, F|\n|poke|p1|Incineroar, L50, M|\n|poke|p1|Regieleki, L50|\n|poke|p1|Cramorant, L50, F|\n|poke|p2|Koraidon, L50|\n|poke|p2|Talonflame, L50, F|\n|poke|p2|Calyrex-Shadow, L50|\n|poke|p2|Urshifu-*, L50, M|\n|poke|p2|Indeedee, L50, M|\n|poke|p2|Flutter Mane, L50|\n|teampreview|4\nTheNamesBetty has agreed to open team sheets.\n|inactive|Battle timer is ON: inactive players will automatically lose when time's up. (requested by miloso)\n|\n|t:|1774638833\n|teamsize|p1|4\n|teamsize|p2|4\n|start\n|switch|p1a: Incineroar|Incineroar, L50, M|100/100\n|switch|p1b: Koraidon|Koraidon, L50|100/100\n|switch|p2a: Calyrex|Calyrex-Shadow, L50|100/100\n|switch|p2b: Urshifu|Urshifu, L50, M|100/100\n|-ability|p2a: Calyrex|As One\n|-ability|p2a: Calyrex|Unnerve\n|-weather|SunnyDay|[from] ability: Orichalcum Pulse|[of] p1b: Koraidon\n|-activate|p1b: Koraidon|Orichalcum Pulse|[source]\n|-ability|p1a: Incineroar|Intimidate|boost\n|-unboost|p2a: Calyrex|atk|1\n|-unboost|p2b: Urshifu|atk|1\n|turn|1\n|inactive|miloso has 30 seconds left.\n|\n|t:|1774638859\n|move|p1a: Incineroar|Fake Out|p2b: Urshifu\n|-damage|p2b: Urshifu|89/100\n|cant|p2b: Urshifu|flinch\n|move|p2a: Calyrex|Expanding Force|p1b: Koraidon\n|-supereffective|p1b: Koraidon\n|-damage|p1b: Koraidon|21/100\n|move|p1b: Koraidon|Flame Charge|p2b: Urshifu\n|-damage|p2b: Urshifu|54/100\n|-boost|p1b: Koraidon|spe|1\n|\n|-weather|SunnyDay|[upkeep]\n|upkeep\n|turn|2\n|inactive|miloso has 30 seconds left.\n|\n|t:|1774638885\n|move|p2a: Calyrex|Protect|p2a: Calyrex\n|-singleturn|p2a: Calyrex|Protect\n|move|p1b: Koraidon|Flare Blitz|p2a: Calyrex\n|-activate|p2a: Calyrex|move: Protect\n|move|p2b: Urshifu|Wicked Blow|p1b: Koraidon\n|-resisted|p1b: Koraidon\n|-crit|p1b: Koraidon\n|-damage|p1b: Koraidon|0 fnt\n|faint|p1b: Koraidon\n|move|p1a: Incineroar|Knock Off|p2a: Calyrex\n|-activate|p2a: Calyrex|move: Protect\n|\n|-weather|SunnyDay|[upkeep]\n|upkeep\n|\n|t:|1774638895\n|switch|p1b: Rillaboom|Rillaboom, L50, F|100/100\n|-fieldstart|move: Grassy Terrain|[from] ability: Grassy Surge|[of] p1b: Rillaboom\n|turn|3\n|inactive|TheNamesBetty has 30 seconds left.\n|\n|t:|1774638926\n|-terastallize|p2a: Calyrex|Normal\n|move|p2b: Urshifu|Wicked Blow|p1b: Rillaboom\n|-crit|p1b: Rillaboom\n|-damage|p1b: Rillaboom|41/100\n|move|p2a: Calyrex|Astral Barrage|p1a: Incineroar|[spread] p1a,p1b\n|-resisted|p1a: Incineroar\n|-damage|p1a: Incineroar|77/100\n|-damage|p1b: Rillaboom|11/100\n|move|p1b: Rillaboom|U-turn|p2b: Urshifu\n|-damage|p2b: Urshifu|30/100\n|\n|t:|1774638938\n|switch|p1b: Calyrex|Calyrex-Shadow, L50|100/100|[from] U-turn\n|-ability|p1b: Calyrex|As One\n|-ability|p1b: Calyrex|Unnerve\n|move|p1a: Incineroar|Knock Off|p2a: Calyrex\n|-damage|p2a: Calyrex|54/100\n|-enditem|p2a: Calyrex|Focus Sash|[from] move: Knock Off|[of] p1a: Incineroar\n|\n|-weather|SunnyDay|[upkeep]\n|-heal|p2b: Urshifu|36/100|[from] Grassy Terrain\n|-heal|p2a: Calyrex|60/100|[from] Grassy Terrain\n|-heal|p1a: Incineroar|83/100|[from] Grassy Terrain\n|upkeep\n|turn|4\n|inactive|TheNamesBetty has 30 seconds left.\n|\n|t:|1774638970\n|-terastallize|p1b: Calyrex|Dark\n|move|p2b: Urshifu|Wicked Blow|p1b: Calyrex\n|-resisted|p1b: Calyrex\n|-crit|p1b: Calyrex\n|-damage|p1b: Calyrex|63/100\n|move|p2a: Calyrex|Astral Barrage|p1b: Calyrex|[spread] p1a,p1b\n|-resisted|p1a: Incineroar\n|-resisted|p1b: Calyrex\n|-damage|p1a: Incineroar|56/100\n|-damage|p1b: Calyrex|39/100\n|move|p1b: Calyrex|Psychic|p2a: Calyrex\n|-damage|p2a: Calyrex|0 fnt\n|faint|p2a: Calyrex\n|-ability|p1b: Calyrex|Grim Neigh|boost\n|-boost|p1b: Calyrex|spa|1\n|-damage|p1b: Calyrex|29/100|[from] item: Life Orb\n|move|p1a: Incineroar|Parting Shot|p2b: Urshifu\n|-unboost|p2b: Urshifu|atk|1\n|-unboost|p2b: Urshifu|spa|1\n|\n|t:|1774638980\n|switch|p1a: Rillaboom|Rillaboom, L50, F|11/100|[from] Parting Shot\n|\n|-weather|SunnyDay|[upkeep]\n|-heal|p2b: Urshifu|43/100|[from] Grassy Terrain\n|-heal|p1b: Calyrex|36/100|[from] Grassy Terrain\n|-heal|p1a: Rillaboom|17/100|[from] Grassy Terrain\n|upkeep\n|\n|t:|1774638990\n|switch|p2a: Talonflame|Talonflame, L50, F, shiny|100/100\n|turn|5\n|\n|t:|1774639015\n|move|p1a: Rillaboom|Fake Out|p2b: Urshifu\n|-damage|p2b: Urshifu|30/100\n|move|p2a: Talonflame|Brave Bird|p1b: Calyrex\n|-damage|p1b: Calyrex|0 fnt\n|faint|p1b: Calyrex\n|-damage|p2a: Talonflame|85/100|[from] Recoil\n|cant|p2b: Urshifu|flinch\n|\n|-weather|none\n|-heal|p2b: Urshifu|36/100|[from] Grassy Terrain\n|-heal|p1a: Rillaboom|23/100|[from] Grassy Terrain\n|upkeep\n|\n|t:|1774639020\n|switch|p1b: Incineroar|Incineroar, L50, M|56/100\n|-ability|p1b: Incineroar|Intimidate|boost\n|-unboost|p2a: Talonflame|atk|1\n|-unboost|p2b: Urshifu|atk|1\n|turn|6\n|\n|t:|1774639033\n|move|p1a: Rillaboom|Grassy Glide|p2b: Urshifu\n|-crit|p2b: Urshifu\n|-damage|p2b: Urshifu|0 fnt\n|faint|p2b: Urshifu\n|move|p2a: Talonflame|Brave Bird|p1a: Rillaboom\n|-supereffective|p1a: Rillaboom\n|-damage|p1a: Rillaboom|0 fnt\n|faint|p1a: Rillaboom\n|-damage|p2a: Talonflame|76/100|[from] Recoil\n|move|p1b: Incineroar|Knock Off|p2a: Talonflame\n|-damage|p2a: Talonflame|17/100\n|-enditem|p2a: Talonflame|Sharp Beak|[from] move: Knock Off|[of] p1b: Incineroar\n|\n|-heal|p1b: Incineroar|62/100|[from] Grassy Terrain\n|upkeep\n|\n|t:|1774639038\n|switch|p2b: Koraidon|Koraidon, L50, shiny|100/100\n|-weather|SunnyDay|[from] ability: Orichalcum Pulse|[of] p2b: Koraidon\n|-activate|p2b: Koraidon|Orichalcum Pulse|[source]\n|turn|7\n|\n|t:|1774639044\n|move|p2b: Koraidon|Collision Course|p1b: Incineroar\n|-supereffective|p1b: Incineroar\n|-damage|p1b: Incineroar|0 fnt\n|faint|p1b: Incineroar\n|-damage|p2b: Koraidon|91/100|[from] item: Life Orb\n|\n|win|miloso\n|raw|TheNamesBetty's rating: 1317 &rarr; <strong>1296</strong><br />(-21 for losing)\n|raw|miloso's rating: 1292 &rarr; <strong>1319</strong><br />(+27 for winning)\n|l|\u2606miloso\n|player|p2|\n|l|\u2606TheNamesBetty\n|player|p1|\n","uploadtime":1774639317,"views":13,"formatid":"gen9vgc2026regi","rating":1296,"private":0,"password":null}