{"id":"gen9vgc2026regi-2518568237","format":"[Gen 9] VGC 2026 Reg I","players":["deepseek666","ScribbleScribble"],"log":"|j|\u2606deepseek666\n|j|\u2606ScribbleScribble\n|t:|1768405491\n|gametype|doubles\n|player|p1|deepseek666|266|1179\n|player|p2|ScribbleScribble|mina-lgpe|1329\n|gen|9\n|tier|[Gen 9] VGC 2026 Reg I\n|rated|\n|rule|Species Clause: Limit one of each Pok\u00e9mon\n|rule|Item Clause: Limit 1 of each item\n|clearpoke\n|poke|p1|Calyrex-Ice, L50|\n|poke|p1|Sableye, L50, F|\n|poke|p1|Kyogre, L50|\n|poke|p1|Chandelure, L50, M|\n|poke|p1|Oranguru, L50, F|\n|poke|p1|Indeedee, L50, M|\n|poke|p2|Calyrex-Ice, L50|\n|poke|p2|Kyogre, L50|\n|poke|p2|Tornadus, L50, M|\n|poke|p2|Indeedee-F, L50, F|\n|poke|p2|Urshifu-*, L50, M|\n|poke|p2|Landorus, L50, M|\n|teampreview|4\n|inactive|Battle timer is ON: inactive players will automatically lose when time's up. (requested by ScribbleScribble)\n|inactive|deepseek666 also wants the timer to be on.\n|\n|t:|1768405518\n|teamsize|p1|4\n|teamsize|p2|4\n|start\n|switch|p1a: Sableye|Sableye, L50, F|100/100\n|switch|p1b: Indeedee|Indeedee, L50, M|100/100\n|switch|p2a: Calyrex|Calyrex-Ice, L50|100/100\n|switch|p2b: Tornadus|Tornadus, L50, M|100/100\n|-ability|p2a: Calyrex|As One\n|-ability|p2a: Calyrex|Unnerve\n|-fieldstart|move: Psychic Terrain|[from] ability: Psychic Surge|[of] p1b: Indeedee\n|-item|p1a: Sableye|Air Balloon\n|turn|1\n|inactive|ScribbleScribble has 30 seconds left.\n|\n|t:|1768405545\n|move|p2b: Tornadus|Tailwind|p2b: Tornadus\n|-sidestart|p2: ScribbleScribble|move: Tailwind\n|move|p1a: Sableye|Skill Swap|p1b: Indeedee\n|-activate|p1a: Sableye|move: Skill Swap|||[of] p1b: Indeedee\n|move|p1b: Indeedee|Substitute|p1b: Indeedee\n|-start|p1b: Indeedee|Substitute\n|-damage|p1b: Indeedee|76/100\n|move|p2a: Calyrex|Glacial Lance|p1b: Indeedee|[spread] p1a,p1b\n|-crit|p1b: Indeedee\n|-end|p1b: Indeedee|Substitute\n|-damage|p1a: Sableye|4/100\n|-enditem|p1a: Sableye|Air Balloon\n|\n|-heal|p1b: Indeedee|82/100|[from] item: Leftovers\n|upkeep\n|turn|2\n|\n|t:|1768405563\n|move|p1b: Indeedee|Protect|p1b: Indeedee\n|-singleturn|p1b: Indeedee|Protect\n|move|p2b: Tornadus|Bleakwind Storm|p1b: Indeedee|[spread] p1a\n|-activate|p1b: Indeedee|move: Protect\n|-damage|p1a: Sableye|0 fnt\n|faint|p1a: Sableye\n|move|p2a: Calyrex|Glacial Lance|p1b: Indeedee\n|-activate|p1b: Indeedee|move: Protect\n|\n|-heal|p1b: Indeedee|88/100|[from] item: Leftovers\n|upkeep\n|\n|t:|1768405571\n|switch|p1a: Kyogre|Kyogre, L50|100/100\n|-weather|RainDance|[from] ability: Drizzle|[of] p1a: Kyogre\n|turn|3\n|\n|t:|1768405576\n|-terastallize|p2a: Calyrex|Grass\n|-terastallize|p1a: Kyogre|Water\n|move|p1b: Indeedee|After You|p1a: Kyogre\n|-activate|p1a: Kyogre|move: After You\n|move|p1a: Kyogre|Water Spout|p2a: Calyrex|[spread] p2a,p2b\n|-resisted|p2a: Calyrex\n|-damage|p2a: Calyrex|23/100\n|-enditem|p2b: Tornadus|Focus Sash\n|-damage|p2b: Tornadus|1/100\n|move|p2b: Tornadus|Bleakwind Storm|p1b: Indeedee|[spread] p1a,p1b\n|-damage|p1a: Kyogre|77/100\n|-damage|p1b: Indeedee|43/100\n|-unboost|p1b: Indeedee|spe|1\n|move|p2a: Calyrex|Seed Bomb|p1a: Kyogre\n|-supereffective|p1a: Kyogre\n|-damage|p1a: Kyogre|0 fnt\n|faint|p1a: Kyogre\n|-ability|p2a: Calyrex|Chilling Neigh|boost\n|-boost|p2a: Calyrex|atk|1\n|\n|-weather|RainDance|[upkeep]\n|-heal|p1b: Indeedee|49/100|[from] item: Leftovers\n|upkeep\n|\n|t:|1768405581\n|switch|p1a: Calyrex|Calyrex-Ice, L50|100/100\n|-ability|p1a: Calyrex|As One\n|-ability|p1a: Calyrex|Unnerve\n|turn|4\n|\n|t:|1768405592\n|move|p1b: Indeedee|After You|p1a: Calyrex\n|-activate|p1a: Calyrex|move: After You\n|move|p1a: Calyrex|Glacial Lance|p2a: Calyrex|[spread] p2a,p2b\n|-supereffective|p2a: Calyrex\n|-supereffective|p2b: Tornadus\n|-damage|p2a: Calyrex|0 fnt\n|-damage|p2b: Tornadus|0 fnt\n|faint|p2a: Calyrex\n|faint|p2b: Tornadus\n|-ability|p1a: Calyrex|Chilling Neigh|boost\n|-boost|p1a: Calyrex|atk|2\n|\n|-weather|RainDance|[upkeep]\n|-heal|p1b: Indeedee|55/100|[from] item: Leftovers\n|-sideend|p2: ScribbleScribble|move: Tailwind\n|upkeep\n|\n|t:|1768405594\n|switch|p2b: Urshifu|Urshifu-Rapid-Strike, L50, M|100/100\n|switch|p2a: Kyogre|Kyogre, L50|100/100\n|turn|5\n|\n|t:|1768405604\n|move|p2a: Kyogre|Protect|p2a: Kyogre\n|-singleturn|p2a: Kyogre|Protect\n|move|p1b: Indeedee|After You|p1a: Calyrex\n|-activate|p1a: Calyrex|move: After You\n|move|p1a: Calyrex|Glacial Lance|p2b: Urshifu|[spread] p2b\n|-activate|p2a: Kyogre|move: Protect\n|-resisted|p2b: Urshifu\n|-damage|p2b: Urshifu|12/100\n|move|p2b: Urshifu|Surging Strikes|p1b: Indeedee\n|-crit|p1b: Indeedee\n|-damage|p1b: Indeedee|0 fnt\n|faint|p1b: Indeedee\n|-hitcount|p1: Indeedee|1\n|\n|-weather|RainDance|[upkeep]\n|-fieldend|move: Psychic Terrain\n|upkeep\n|turn|6\n|\n|t:|1768405607\n|move|p2a: Kyogre|Water Spout|p1a: Calyrex\n|-damage|p1a: Calyrex|0 fnt\n|faint|p1a: Calyrex\n|\n|win|ScribbleScribble\n|raw|deepseek666's rating: 1179 &rarr; <strong>1164</strong><br />(-15 for losing)\n|raw|ScribbleScribble's rating: 1329 &rarr; <strong>1341</strong><br />(+12 for winning)\n|l|\u2606deepseek666\n|player|p1|\n|l|\u2606ScribbleScribble\n|player|p2|\n","uploadtime":1768405815,"views":14,"formatid":"gen9vgc2026regi","rating":1164,"private":0,"password":null}