{"id":"gen9vgc2026regi-2551082929","format":"[Gen 9] VGC 2026 Reg I","players":["Zorse Mentality","Buty800"],"log":"|j|\u2606Zorse Mentality\n|j|\u2606Buty800\n|t:|1772563331\n|gametype|doubles\n|player|p1|Zorse Mentality|266|1329\n|player|p2|Buty800|101|1329\n|gen|9\n|tier|[Gen 9] VGC 2026 Reg I\n|rated|\n|rule|Species Clause: Limit one of each Pok\u00e9mon\n|rule|Item Clause: Limit 1 of each item\n|clearpoke\n|poke|p1|Miraidon, L50|\n|poke|p1|Lunala, L50|\n|poke|p1|Dondozo, L50, M|\n|poke|p1|Tatsugiri, L50, M|\n|poke|p1|Raichu-Alola, L50, F|\n|poke|p1|Ursaluna, L50, F|\n|poke|p2|Calyrex-Ice, L50|\n|poke|p2|Lunala, L50|\n|poke|p2|Smeargle, L50, M|\n|poke|p2|Urshifu-*, L50, M|\n|poke|p2|Torkoal, L50, M|\n|poke|p2|Indeedee-F, L50, F|\n|teampreview|4\n|\n|t:|1772563362\n|teamsize|p1|4\n|teamsize|p2|4\n|start\n|switch|p1a: Miraidon|Miraidon, L50|100/100\n|switch|p1b: Lunala|Lunala, L50|100/100\n|switch|p2a: Lunala|Lunala, L50|100/100\n|switch|p2b: Indeedee|Indeedee-F, L50, F, shiny|100/100\n|-fieldstart|move: Electric Terrain|[from] ability: Hadron Engine|[of] p1a: Miraidon\n|-enditem|p1b: Lunala|Electric Seed\n|-boost|p1b: Lunala|def|1|[from] item: Electric Seed\n|-fieldstart|move: Psychic Terrain|[from] ability: Psychic Surge|[of] p2b: Indeedee\n|turn|1\n|inactive|Battle timer is ON: inactive players will automatically lose when time's up. (requested by Zorse Mentality)\n|inactive|Zorse Mentality has 60 seconds left.\n|\n|t:|1772563401\n|-terastallize|p2a: Lunala|Grass\n|move|p1a: Miraidon|Snarl|p2a: Lunala|[spread] p2a,p2b\n|-supereffective|p2b: Indeedee\n|-damage|p2a: Lunala|95/100\n|-damage|p2b: Indeedee|67/100\n|-unboost|p2a: Lunala|spa|1\n|-unboost|p2b: Indeedee|spa|1\n|move|p2a: Lunala|Moongeist Beam|p1b: Lunala\n|-supereffective|p1b: Lunala\n|-damage|p1b: Lunala|50/100\n|move|p1b: Lunala|Moongeist Beam|p2a: Lunala\n|-damage|p2a: Lunala|61/100\n|move|p2b: Indeedee|Trick Room|p2b: Indeedee\n|-fieldstart|move: Trick Room|[of] p2b: Indeedee\n|\n|upkeep\n|turn|2\n|inactive|Zorse Mentality has 30 seconds left.\n|inactive|Buty800 has 30 seconds left.\n|\n|t:|1772563435\n|switch|p2b: Calyrex|Calyrex-Ice, L50|100/100\n|-ability|p2b: Calyrex|As One\n|-ability|p2b: Calyrex|Unnerve\n|switch|p1a: Ursaluna|Ursaluna, L50, F|100/100\n|-terastallize|p1b: Lunala|Fairy\n|move|p2a: Lunala|Expanding Force|p1a: Ursaluna|[spread] p1a,p1b\n|-damage|p1a: Ursaluna|61/100\n|-damage|p1b: Lunala|23/100\n|move|p1b: Lunala|Trick Room|p1b: Lunala\n|-fieldend|move: Trick Room\n|\n|-status|p1a: Ursaluna|brn|[from] item: Flame Orb\n|upkeep\n|turn|3\n|inactive|Buty800 has 30 seconds left.\n|\n|t:|1772563469\n|move|p1b: Lunala|Wide Guard|p1b: Lunala\n|-singleturn|p1b: Lunala|Wide Guard\n|move|p2a: Lunala|Expanding Force|p1a: Ursaluna|[spread] \n|-activate|p1a: Ursaluna|move: Wide Guard\n|-activate|p1b: Lunala|move: Wide Guard\n|move|p2b: Calyrex|Glacial Lance|p1b: Lunala|[spread] \n|-activate|p1a: Ursaluna|move: Wide Guard\n|-activate|p1b: Lunala|move: Wide Guard\n|move|p1a: Ursaluna|Earthquake|p2a: Lunala|[spread] p2a,p2b\n|-activate|p1b: Lunala|move: Wide Guard\n|-resisted|p2a: Lunala\n|-damage|p2a: Lunala|34/100\n|-damage|p2b: Calyrex|62/100\n|\n|-damage|p1a: Ursaluna|55/100 brn|[from] brn\n|upkeep\n|turn|4\n|inactive|Zorse Mentality has 30 seconds left.\n|inactive|Zorse Mentality has 20 seconds left.\n|\n|t:|1772563505\n|move|p1b: Lunala|Wide Guard|p1b: Lunala\n|-singleturn|p1b: Lunala|Wide Guard\n|move|p2b: Calyrex|High Horsepower|p1b: Lunala\n|-damage|p1b: Lunala|6/100\n|move|p1a: Ursaluna|Facade|p2b: Calyrex\n|-damage|p2b: Calyrex|0 fnt\n|faint|p2b: Calyrex\n|move|p2a: Lunala|Trick Room|p2a: Lunala\n|-fieldstart|move: Trick Room|[of] p2a: Lunala\n|\n|-damage|p1a: Ursaluna|49/100 brn|[from] brn\n|upkeep\n|\n|t:|1772563522\n|switch|p2b: Indeedee|Indeedee-F, L50, F, shiny|67/100\n|turn|5\n|inactive|Zorse Mentality has 30 seconds left.\n|\n|t:|1772563551\n|move|p1b: Lunala|Wide Guard|p1b: Lunala\n|-singleturn|p1b: Lunala|Wide Guard\n|move|p1a: Ursaluna|Earthquake|p2a: Lunala|[spread] p2a,p2b\n|-activate|p1b: Lunala|move: Wide Guard\n|-resisted|p2a: Lunala\n|-damage|p2a: Lunala|8/100\n|-damage|p2b: Indeedee|4/100\n|move|p2b: Indeedee|Alluring Voice|p1b: Lunala\n|-damage|p1b: Lunala|0 fnt\n|faint|p1b: Lunala\n|move|p2a: Lunala|Meteor Beam||[still]\n|-prepare|p2a: Lunala|Meteor Beam\n|-boost|p2a: Lunala|spa|1\n|-enditem|p2a: Lunala|Power Herb\n|-anim|p2a: Lunala|Meteor Beam|p1a: Ursaluna\n|-resisted|p1a: Ursaluna\n|-damage|p1a: Ursaluna|30/100 brn\n|\n|-damage|p1a: Ursaluna|24/100 brn|[from] brn\n|-fieldend|move: Psychic Terrain\n|upkeep\n|\n|t:|1772563570\n|switch|p1b: Raichu|Raichu-Alola, L50, F|100/100\n|turn|6\n|\n|t:|1772563591\n|move|p1b: Raichu|Fake Out|p2b: Indeedee\n|-damage|p2b: Indeedee|0 fnt\n|faint|p2b: Indeedee\n|move|p1a: Ursaluna|Facade|p2a: Lunala\n|-damage|p2a: Lunala|0 fnt\n|faint|p2a: Lunala\n|\n|-damage|p1a: Ursaluna|18/100 brn|[from] brn\n|upkeep\n|\n|t:|1772563598\n|switch|p2b: Urshifu|Urshifu, L50, M|100/100\n|turn|7\n|-message|Buty800 forfeited.\n|\n|win|Zorse Mentality\n|raw|Zorse Mentality's rating: 1329 &rarr; <strong>1349</strong><br />(+20 for winning)\n|raw|Buty800's rating: 1329 &rarr; <strong>1309</strong><br />(-20 for losing)\n|l|\u2606Buty800\n|player|p2|\n|l|\u2606Zorse Mentality\n|player|p1|\n","uploadtime":1772563839,"views":14,"formatid":"gen9vgc2026regi","rating":1309,"private":0,"password":null}