{"id":"gen9vgc2026regi-2568722411","format":"[Gen 9] VGC 2026 Reg I","players":["WrestlingDemon","Binky11"],"log":"|j|\u2606WrestlingDemon\n|j|\u2606Binky11\n|t:|1774617493\n|gametype|doubles\n|player|p1|WrestlingDemon|hiker-gen4|1437\n|player|p2|Binky11|miku-ice|1481\n|gen|9\n|tier|[Gen 9] VGC 2026 Reg I\n|rated|\n|rule|Species Clause: Limit one of each Pok\u00e9mon\n|rule|Item Clause: Limit 1 of each item\n|clearpoke\n|poke|p1|Kyogre, L50|\n|poke|p1|Calyrex-Ice, L50|\n|poke|p1|Amoonguss, L50, M|\n|poke|p1|Indeedee-F, L50, F|\n|poke|p1|Iron Jugulis, L50|\n|poke|p1|Urshifu-*, L50, M|\n|poke|p2|Kyogre, L50|\n|poke|p2|Necrozma-Dusk-Mane, L50|\n|poke|p2|Amoonguss, L50, M|\n|poke|p2|Iron Jugulis, L50|\n|poke|p2|Raging Bolt, L50|\n|poke|p2|Urshifu-*, L50, F|\n|teampreview|4\n|inactive|Battle timer is ON: inactive players will automatically lose when time's up. (requested by Binky11)\n|inactive|WrestlingDemon has 60 seconds left.\n|\n|t:|1774617534\n|teamsize|p1|4\n|teamsize|p2|4\n|start\n|switch|p1a: Iron Jugulis|Iron Jugulis, L50|100/100\n|switch|p1b: Urshifu|Urshifu-Rapid-Strike, L50, M|100/100\n|switch|p2a: Kyogre|Kyogre, L50|100/100\n|switch|p2b: Urshifu|Urshifu-Rapid-Strike, L50, F|100/100\n|-weather|RainDance|[from] ability: Drizzle|[of] p2a: Kyogre\n|-enditem|p1a: Iron Jugulis|Booster Energy\n|-activate|p1a: Iron Jugulis|ability: Quark Drive|[fromitem]\n|-start|p1a: Iron Jugulis|quarkdrivespe\n|turn|1\n|inactive|Binky11 has 30 seconds left.\n|\n|t:|1774617569\n|move|p2b: Urshifu|Detect|p2b: Urshifu\n|-singleturn|p2b: Urshifu|Protect\n|move|p1a: Iron Jugulis|Tailwind|p1a: Iron Jugulis\n|-sidestart|p1: WrestlingDemon|move: Tailwind\n|move|p1b: Urshifu|Close Combat|p2a: Kyogre\n|-damage|p2a: Kyogre|32/100\n|-unboost|p1b: Urshifu|def|1\n|-unboost|p1b: Urshifu|spd|1\n|move|p2a: Kyogre|Thunder|p1a: Iron Jugulis\n|-supereffective|p1a: Iron Jugulis\n|-damage|p1a: Iron Jugulis|0 fnt\n|faint|p1a: Iron Jugulis\n|-end|p1a: Iron Jugulis|Quark Drive|[silent]\n|\n|-weather|RainDance|[upkeep]\n|upkeep\n|inactive|WrestlingDemon has 30 seconds left.\n|inactive|WrestlingDemon has 20 seconds left.\n|inactive|WrestlingDemon has 15 seconds left.\n|\n|t:|1774617611\n|switch|p1a: Kyogre|Kyogre, L50|100/100\n|turn|2\n|inactive|Binky11 has 30 seconds left.\n|inactive|Binky11 has 20 seconds left.\n|\n|t:|1774617648\n|switch|p2b: Amoonguss|Amoonguss, L50, M|100/100\n|-terastallize|p1a: Kyogre|Water\n|move|p1b: Urshifu|Close Combat|p2b: Amoonguss\n|-resisted|p2b: Amoonguss\n|-damage|p2b: Amoonguss|76/100\n|-unboost|p1b: Urshifu|def|1\n|-unboost|p1b: Urshifu|spd|1\n|-damage|p1b: Urshifu|84/100|[from] item: Rocky Helmet|[of] p2b: Amoonguss\n|move|p1a: Kyogre|Water Spout|p2a: Kyogre|[spread] p2a,p2b\n|-resisted|p2a: Kyogre\n|-resisted|p2b: Amoonguss\n|-damage|p2a: Kyogre|0 fnt\n|-damage|p2b: Amoonguss|0 fnt\n|faint|p2a: Kyogre\n|faint|p2b: Amoonguss\n|\n|-weather|RainDance|[upkeep]\n|upkeep\n|\n|t:|1774617661\n|switch|p2a: Necrozma|Necrozma-Dusk-Mane, L50|100/100\n|switch|p2b: Urshifu|Urshifu-Rapid-Strike, L50, F|100/100\n|turn|3\n|inactive|Binky11 has 30 seconds left.\n|\n|t:|1774617690\n|-terastallize|p2a: Necrozma|Grass\n|move|p2b: Urshifu|Detect|p2b: Urshifu\n|-singleturn|p2b: Urshifu|Protect\n|move|p1b: Urshifu|Close Combat|p2b: Urshifu\n|-damage|p2b: Urshifu|31/100\n|-unboost|p1b: Urshifu|def|1\n|-unboost|p1b: Urshifu|spd|1\n|move|p1a: Kyogre|Water Spout|p2b: Urshifu|[spread] p2a\n|-activate|p2b: Urshifu|move: Protect\n|-resisted|p2a: Necrozma\n|-damage|p2a: Necrozma|22/100\n|move|p2a: Necrozma|Photon Geyser|p1b: Urshifu\n|-supereffective|p1b: Urshifu\n|-damage|p1b: Urshifu|0 fnt\n|faint|p1b: Urshifu\n|\n|-weather|RainDance|[upkeep]\n|upkeep\n|\n|t:|1774617706\n|switch|p1b: Calyrex|Calyrex-Ice, L50|100/100\n|-ability|p1b: Calyrex|As One\n|-ability|p1b: Calyrex|Unnerve\n|turn|4\n|\n|t:|1774617710\n|move|p2b: Urshifu|Detect|p2b: Urshifu\n|-singleturn|p2b: Urshifu|Protect\n|move|p2a: Necrozma|Protect|p2a: Necrozma\n|-singleturn|p2a: Necrozma|Protect\n|move|p1a: Kyogre|Water Spout|p2b: Urshifu|[spread] \n|-activate|p2a: Necrozma|move: Protect\n|-activate|p2b: Urshifu|move: Protect\n|move|p1b: Calyrex|Glacial Lance|p2a: Necrozma|[spread] \n|-activate|p2a: Necrozma|move: Protect\n|-activate|p2b: Urshifu|move: Protect\n|\n|-weather|RainDance|[upkeep]\n|-sideend|p1: WrestlingDemon|move: Tailwind\n|upkeep\n|turn|5\n|\n|t:|1774617725\n|move|p2b: Urshifu|Surging Strikes|p1a: Kyogre\n|-resisted|p1a: Kyogre\n|-crit|p1a: Kyogre\n|-damage|p1a: Kyogre|84/100\n|-resisted|p1a: Kyogre\n|-crit|p1a: Kyogre\n|-damage|p1a: Kyogre|67/100\n|-resisted|p1a: Kyogre\n|-crit|p1a: Kyogre\n|-damage|p1a: Kyogre|52/100\n|-hitcount|p1a: Kyogre|3\n|move|p1a: Kyogre|Water Spout|p2a: Necrozma|[spread] p2a,p2b\n|-resisted|p2a: Necrozma\n|-resisted|p2b: Urshifu\n|-damage|p2a: Necrozma|0 fnt\n|-damage|p2b: Urshifu|0 fnt\n|faint|p2a: Necrozma\n|faint|p2b: Urshifu\n|\n|win|WrestlingDemon\n|raw|WrestlingDemon's rating: 1437 &rarr; <strong>1460</strong><br />(+23 for winning)\n|raw|Binky11's rating: 1481 &rarr; <strong>1458</strong><br />(-23 for losing)\n|l|\u2606Binky11\n|player|p2|\n|l|\u2606WrestlingDemon\n|player|p1|\n","uploadtime":1774617932,"views":19,"formatid":"gen9vgc2026regi","rating":1458,"private":0,"password":null}