{"id":"gen9vgc2026regi-2572645621","format":"[Gen 9] VGC 2026 Reg I","players":["blackred123","justpaolo008"],"log":"|j|\u2606blackred123\n|j|\u2606justpaolo008\n|t:|1775052064\n|gametype|doubles\n|player|p1|blackred123|iono-masters|1406\n|player|p2|justpaolo008|wattson|1371\n|gen|9\n|tier|[Gen 9] VGC 2026 Reg I\n|rated|\n|rule|Species Clause: Limit one of each Pok\u00e9mon\n|rule|Item Clause: Limit 1 of each item\n|clearpoke\n|poke|p1|Groudon, L50|\n|poke|p1|Volcarona, L50, M|\n|poke|p1|Incineroar, L50, M|\n|poke|p1|Rillaboom, L50, M|\n|poke|p1|Grimmsnarl, L50, M|\n|poke|p1|Miraidon, L50|\n|poke|p2|Lunala, L50|\n|poke|p2|Miraidon, L50|\n|poke|p2|Whimsicott, L50, F|\n|poke|p2|Incineroar, L50, F|\n|poke|p2|Urshifu-*, L50, F|\n|poke|p2|Ursaluna, L50, F|\n|teampreview|4\n|inactive|Battle timer is ON: inactive players will automatically lose when time's up. (requested by justpaolo008)\n|inactive|blackred123 also wants the timer to be on.\n|\n|t:|1775052085\n|teamsize|p1|4\n|teamsize|p2|4\n|start\n|switch|p1a: \u94f6\u91d1\u5996\u86c7|Miraidon, L50, shiny|100/100\n|switch|p1b: Grimmsnarl|Grimmsnarl, L50, M|100/100\n|switch|p2a: Miraidon|Miraidon, L50|100/100\n|switch|p2b: Whimsicott|Whimsicott, L50, F|100/100\n|-fieldstart|move: Electric Terrain|[from] ability: Hadron Engine|[of] p2a: Miraidon\n|-activate|p1a: \u94f6\u91d1\u5996\u86c7|ability: Hadron Engine\n|turn|1\n|\n|t:|1775052108\n|-terastallize|p1a: \u94f6\u91d1\u5996\u86c7|Fairy\n|move|p2b: Whimsicott|Light Screen|p2b: Whimsicott\n|-sidestart|p2: justpaolo008|move: Light Screen\n|move|p1b: Grimmsnarl|Taunt|p2b: Whimsicott\n|-start|p2b: Whimsicott|move: Taunt\n|move|p2a: Miraidon|Volt Switch|p1a: \u94f6\u91d1\u5996\u86c7\n|-damage|p1a: \u94f6\u91d1\u5996\u86c7|20/100\n|\n|t:|1775052121\n|switch|p2a: Ursaluna|Ursaluna, L50, F|100/100|[from] Volt Switch\n|move|p1a: \u94f6\u91d1\u5996\u86c7|Calm Mind|p1a: \u94f6\u91d1\u5996\u86c7\n|-boost|p1a: \u94f6\u91d1\u5996\u86c7|spa|1\n|-boost|p1a: \u94f6\u91d1\u5996\u86c7|spd|1\n|\n|-status|p2a: Ursaluna|brn|[from] item: Flame Orb\n|upkeep\n|turn|2\n|\n|t:|1775052136\n|move|p2a: Ursaluna|Protect|p2a: Ursaluna\n|-singleturn|p2a: Ursaluna|Protect\n|move|p1a: \u94f6\u91d1\u5996\u86c7|Parabolic Charge|p2b: Whimsicott|[spread] p1b,p2b\n|-activate|p2a: Ursaluna|move: Protect\n|-resisted|p2b: Whimsicott\n|-damage|p1b: Grimmsnarl|28/100\n|-heal|p1a: \u94f6\u91d1\u5996\u86c7|56/100|[from] drain|[of] p1b: Grimmsnarl\n|-damage|p2b: Whimsicott|80/100\n|-heal|p1a: \u94f6\u91d1\u5996\u86c7|64/100|[from] drain|[of] p2b: Whimsicott\n|move|p2b: Whimsicott|Moonblast|p1a: \u94f6\u91d1\u5996\u86c7\n|-damage|p1a: \u94f6\u91d1\u5996\u86c7|49/100\n|move|p1b: Grimmsnarl|Spirit Break|p2b: Whimsicott\n|-damage|p2b: Whimsicott|42/100\n|\n|-damage|p2a: Ursaluna|94/100 brn|[from] brn\n|upkeep\n|turn|3\n|inactive|blackred123 has 30 seconds left.\n|\n|t:|1775052166\n|move|p1b: Grimmsnarl|Reflect|p1b: Grimmsnarl\n|-sidestart|p1: blackred123|Reflect\n|move|p1a: \u94f6\u91d1\u5996\u86c7|Dazzling Gleam|p2b: Whimsicott|[spread] p2a,p2b\n|-damage|p2a: Ursaluna|58/100 brn\n|-damage|p2b: Whimsicott|0 fnt\n|faint|p2b: Whimsicott\n|move|p2a: Ursaluna|Earthquake|p1a: \u94f6\u91d1\u5996\u86c7|[spread] p1a,p1b\n|-damage|p1a: \u94f6\u91d1\u5996\u86c7|13/100\n|-damage|p1b: Grimmsnarl|0 fnt\n|faint|p1b: Grimmsnarl\n|\n|-damage|p2a: Ursaluna|52/100 brn|[from] brn\n|upkeep\n|\n|t:|1775052182\n|switch|p2b: Miraidon|Miraidon, L50|100/100\n|switch|p1b: \u6c38\u96cf\u5854\u83f2|Groudon, L50|100/100\n|-activate|p2b: Miraidon|ability: Hadron Engine\n|-weather|SunnyDay|[from] ability: Drought|[of] p1b: \u6c38\u96cf\u5854\u83f2\n|turn|4\n|\n|t:|1775052205\n|move|p2b: Miraidon|Draco Meteor|p1b: \u6c38\u96cf\u5854\u83f2\n|-damage|p1b: \u6c38\u96cf\u5854\u83f2|3/100\n|-unboost|p2b: Miraidon|spa|2\n|move|p1a: \u94f6\u91d1\u5996\u86c7|Dazzling Gleam|p2b: Miraidon|[spread] p2a,p2b\n|-supereffective|p2b: Miraidon\n|-damage|p2a: Ursaluna|14/100 brn\n|-damage|p2b: Miraidon|32/100\n|move|p1b: \u6c38\u96cf\u5854\u83f2|Precipice Blades|p2a: Ursaluna|[spread] p2a,p2b\n|-supereffective|p2b: Miraidon\n|-damage|p2a: Ursaluna|0 fnt\n|-damage|p2b: Miraidon|0 fnt\n|faint|p2a: Ursaluna\n|faint|p2b: Miraidon\n|\n|-weather|SunnyDay|[upkeep]\n|upkeep\n|\n|t:|1775052215\n|switch|p2b: Urshifu|Urshifu-Rapid-Strike, L50, F|100/100\n|turn|5\n|\n|t:|1775052222\n|-terastallize|p2b: Urshifu|Poison\n|move|p1a: \u94f6\u91d1\u5996\u86c7|Dazzling Gleam|p2b: Urshifu\n|-resisted|p2b: Urshifu\n|-damage|p2b: Urshifu|72/100\n|move|p2b: Urshifu|Surging Strikes|p1b: \u6c38\u96cf\u5854\u83f2\n|-supereffective|p1b: \u6c38\u96cf\u5854\u83f2\n|-crit|p1b: \u6c38\u96cf\u5854\u83f2\n|-damage|p1b: \u6c38\u96cf\u5854\u83f2|0 fnt\n|faint|p1b: \u6c38\u96cf\u5854\u83f2\n|-hitcount|p1: \u6c38\u96cf\u5854\u83f2|1\n|\n|-weather|SunnyDay|[upkeep]\n|-sideend|p2: justpaolo008|move: Light Screen\n|-fieldend|move: Electric Terrain\n|upkeep\n|-message|justpaolo008 forfeited.\n|\n|win|blackred123\n|raw|blackred123's rating: 1406 &rarr; <strong>1424</strong><br />(+18 for winning)\n|raw|justpaolo008's rating: 1371 &rarr; <strong>1353</strong><br />(-18 for losing)\n|l|\u2606justpaolo008\n|player|p2|\n","uploadtime":1775052233,"views":12,"formatid":"gen9vgc2026regi","rating":1353,"private":0,"password":null}