{"id":"gen9vgc2026regi-2582535397","format":"[Gen 9] VGC 2026 Reg I","players":["assault111","liam.2025"],"log":"|j|\u2606assault111\n|j|\u2606liam.2025\n|t:|1776097871\n|gametype|doubles\n|player|p1|assault111|youngster-gen4dp|1423\n|player|p2|liam.2025|policeman|1474\n|gen|9\n|tier|[Gen 9] VGC 2026 Reg I\n|rated|\n|rule|Species Clause: Limit one of each Pok\u00e9mon\n|rule|Item Clause: Limit 1 of each item\n|clearpoke\n|poke|p1|Raging Bolt, L50|\n|poke|p1|Dragonite, L50, F|\n|poke|p1|Ogerpon-Cornerstone, L50, F|\n|poke|p1|Chien-Pao, L50|\n|poke|p1|Zamazenta-*, L50|\n|poke|p1|Calyrex-Shadow, L50|\n|poke|p2|Murkrow, L50, F|\n|poke|p2|Weezing-Galar, L50, M|\n|poke|p2|Terapagos, L50, M|\n|poke|p2|Smeargle, L50, F|\n|poke|p2|Calyrex-Ice, L50|\n|poke|p2|Ursaluna, L50, F|\n|teampreview|4\n|inactive|Battle timer is ON: inactive players will automatically lose when time's up. (requested by liam.2025)\n|inactive|assault111 has 60 seconds left.\n|\n|t:|1776097925\n|teamsize|p1|4\n|teamsize|p2|4\n|start\n|switch|p1a: lil cheetah|Chien-Pao, L50|100/100\n|switch|p1b: best boy|Zamazenta-Crowned, L50|100/100\n|switch|p2a: Murkrow|Murkrow, L50, F|100/100\n|switch|p2b: Weezing|Weezing-Galar, L50, M|100/100\n|-ability|p2b: Weezing|Neutralizing Gas\n|-block|p2a: Murkrow|item: Ability Shield\n|turn|1\n|\n|t:|1776097938\n|move|p2a: Murkrow|Tailwind|p2a: Murkrow\n|-sidestart|p2: liam.2025|move: Tailwind\n|move|p2b: Weezing|Misty Explosion|p1b: best boy|[spread] p2a,p1a,p1b\n|-supereffective|p2a: Murkrow\n|-supereffective|p1a: lil cheetah\n|-damage|p2a: Murkrow|0 fnt\n|-damage|p1a: lil cheetah|20/100\n|-damage|p1b: best boy|73/100\n|faint|p2b: Weezing\n|-end|p2b: Weezing|ability: Neutralizing Gas\n|-ability|p1a: lil cheetah|Sword of Ruin\n|-ability|p1b: best boy|Dauntless Shield|boost\n|-boost|p1b: best boy|def|1\n|faint|p2a: Murkrow\n|move|p1a: lil cheetah|Ruination|p2: Murkrow|[notarget]\n|-fail|p1a: lil cheetah\n|move|p1b: best boy|Heavy Slam|p2: Murkrow|[notarget]\n|-fail|p1b: best boy\n|\n|upkeep\n|c|\u2606assault111|why?\n|\n|t:|1776097953\n|switch|p2b: Smeargle|Smeargle, L50, F|100/100\n|switch|p2a: Terapagos|Terapagos, L50, M|100/100\n|-activate|p2a: Terapagos|ability: Tera Shift\n|detailschange|p2a: Terapagos|Terapagos-Terastal, L50, M\n|-heal|p2a: Terapagos|100/100|[silent]\n|turn|2\n|inactive|assault111 has 30 seconds left.\n|\n|t:|1776097987\n|-terastallize|p2a: Terapagos|Stellar\n|detailschange|p2a: Terapagos|Terapagos-Stellar, L50, M, tera:Stellar\n|-heal|p2a: Terapagos|100/100|[silent]\n|move|p1b: best boy|Protect|p1b: best boy\n|-singleturn|p1b: best boy|Protect\n|move|p2b: Smeargle|Decorate|p2a: Terapagos\n|-boost|p2a: Terapagos|atk|2\n|-boost|p2a: Terapagos|spa|2\n|move|p2a: Terapagos|Tera Starstorm|p1b: best boy|[spread] p1a\n|-activate|p1b: best boy|move: Protect\n|-damage|p1a: lil cheetah|0 fnt\n|faint|p1a: lil cheetah\n|\n|upkeep\n|\n|t:|1776098002\n|switch|p1a: best girl|Ogerpon-Cornerstone, L50, F|100/100\n|turn|3\n|inactive|assault111 has 30 seconds left.\n|\n|t:|1776098033\n|move|p1b: best boy|Wide Guard|p1b: best boy\n|-singleturn|p1b: best boy|Wide Guard\n|move|p2b: Smeargle|Feint|p1a: best girl\n|-activate|p1a: best girl|move: Feint\n|-resisted|p1a: best girl\n|-damage|p1a: best girl|96/100\n|move|p2a: Terapagos|Tera Starstorm|p1b: best boy|[spread] p1a,p1b\n|-damage|p1a: best girl|0 fnt\n|-damage|p1b: best boy|0 fnt\n|faint|p1a: best girl\n|faint|p1b: best boy\n|\n|upkeep\n|\n|t:|1776098045\n|switch|p1b: DeerOnHorseAction|Calyrex-Shadow, L50|100/100\n|-ability|p1b: DeerOnHorseAction|As One\n|-ability|p1b: DeerOnHorseAction|Unnerve\n|turn|4\n|\n|t:|1776098058\n|move|p2b: Smeargle|Follow Me|p2b: Smeargle\n|-singleturn|p2b: Smeargle|move: Follow Me\n|move|p2a: Terapagos|Tera Starstorm|p1b: DeerOnHorseAction\n|-enditem|p1b: DeerOnHorseAction|Focus Sash\n|-damage|p1b: DeerOnHorseAction|1/100\n|move|p1b: DeerOnHorseAction|Psychic|p2b: Smeargle\n|-enditem|p2b: Smeargle|Focus Sash\n|-damage|p2b: Smeargle|1/100\n|-unboost|p2b: Smeargle|spd|1\n|\n|-sideend|p2: liam.2025|move: Tailwind\n|upkeep\n|turn|5\n|\n|t:|1776098070\n|move|p2b: Smeargle|Follow Me|p2b: Smeargle\n|-singleturn|p2b: Smeargle|move: Follow Me\n|move|p1b: DeerOnHorseAction|Psychic|p2b: Smeargle\n|-damage|p2b: Smeargle|0 fnt\n|faint|p2b: Smeargle\n|-ability|p1b: DeerOnHorseAction|Grim Neigh|boost\n|-boost|p1b: DeerOnHorseAction|spa|1\n|move|p2a: Terapagos|Tera Starstorm|p1b: DeerOnHorseAction\n|-damage|p1b: DeerOnHorseAction|0 fnt\n|faint|p1b: DeerOnHorseAction\n|\n|win|liam.2025\n|raw|assault111's rating: 1423 &rarr; <strong>1406</strong><br />(-17 for losing)\n|raw|liam.2025's rating: 1474 &rarr; <strong>1491</strong><br />(+17 for winning)\n|l|\u2606assault111\n|player|p1|\n","uploadtime":1776098263,"views":10,"formatid":"gen9vgc2026regi","rating":1406,"private":0,"password":null}