{"id":"gen9vgc2026regi-2538163965","format":"[Gen 9] VGC 2026 Reg I","players":["renan.tony","EllenJoe2026"],"log":"|j|\u2606renan.tony\n|j|\u2606EllenJoe2026\n|t:|1770901541\n|gametype|doubles\n|player|p1|renan.tony|lance|1378\n|player|p2|EllenJoe2026|iono|1499\n|gen|9\n|tier|[Gen 9] VGC 2026 Reg I\n|rated|\n|rule|Species Clause: Limit one of each Pok\u00e9mon\n|rule|Item Clause: Limit 1 of each item\n|clearpoke\n|poke|p1|Whimsicott, L50, M|\n|poke|p1|Miraidon, L50|\n|poke|p1|Ho-Oh, L50|\n|poke|p1|Incineroar, L50, F|\n|poke|p1|Farigiraf, L50, M|\n|poke|p1|Dragonite, L50, F|\n|poke|p2|Kyogre, L50|\n|poke|p2|Calyrex-Shadow, L50|\n|poke|p2|Indeedee-F, L50, F|\n|poke|p2|Tornadus, L50, M|\n|poke|p2|Urshifu-*, L50, F|\n|poke|p2|Smeargle, L50, F|\n|teampreview|4\n|inactive|Battle timer is ON: inactive players will automatically lose when time's up. (requested by EllenJoe2026)\n|\n|t:|1770901561\n|teamsize|p1|4\n|teamsize|p2|4\n|start\n|switch|p1a: Whimsicott|Whimsicott, L50, M|100/100\n|switch|p1b: Dragonite|Dragonite, L50, F|100/100\n|switch|p2a: Tornadus|Tornadus, L50, M, shiny|100/100\n|switch|p2b: Kyogre|Kyogre, L50, shiny|100/100\n|-weather|RainDance|[from] ability: Drizzle|[of] p2b: Kyogre\n|turn|1\n|\n|t:|1770901578\n|switch|p2b: Calyrex|Calyrex-Shadow, L50|100/100\n|-ability|p2b: Calyrex|As One\n|-ability|p2b: Calyrex|Unnerve\n|move|p1a: Whimsicott|Sunny Day|p1a: Whimsicott\n|-weather|SunnyDay\n|move|p1b: Dragonite|Ice Spinner|p2a: Tornadus\n|-supereffective|p2a: Tornadus\n|-damage|p2a: Tornadus|52/100\n|move|p2a: Tornadus|Icy Wind|p1a: Whimsicott|[spread] p1a,p1b\n|-supereffective|p1a: Whimsicott\n|-supereffective|p1b: Dragonite\n|-damage|p1a: Whimsicott|71/100\n|-damage|p1b: Dragonite|80/100\n|-unboost|p1a: Whimsicott|spe|1\n|-unboost|p1b: Dragonite|spe|1\n|\n|-weather|SunnyDay|[upkeep]\n|upkeep\n|turn|2\n|\n|t:|1770901603\n|-terastallize|p1b: Dragonite|Normal\n|move|p2a: Tornadus|Tailwind|p2a: Tornadus\n|-sidestart|p2: EllenJoe2026|move: Tailwind\n|move|p1a: Whimsicott|Light Screen|p1a: Whimsicott\n|-sidestart|p1: renan.tony|move: Light Screen\n|move|p2b: Calyrex|Astral Barrage|p1b: Dragonite|[spread] p1a\n|-immune|p1b: Dragonite\n|-damage|p1a: Whimsicott|3/100\n|move|p1b: Dragonite|Scale Shot|p2b: Calyrex\n|-damage|p2b: Calyrex|85/100\n|-damage|p2b: Calyrex|71/100\n|-damage|p2b: Calyrex|55/100\n|-damage|p2b: Calyrex|40/100\n|-hitcount|p2b: Calyrex|4\n|-unboost|p1b: Dragonite|def|1\n|-boost|p1b: Dragonite|spe|1\n|\n|-weather|SunnyDay|[upkeep]\n|upkeep\n|turn|3\n|\n|t:|1770901625\n|switch|p2b: Urshifu|Urshifu-Rapid-Strike, L50, F|100/100\n|switch|p1a: Miraidon|Miraidon, L50|100/100\n|-fieldstart|move: Electric Terrain|[from] ability: Hadron Engine|[of] p1a: Miraidon\n|move|p2a: Tornadus|Icy Wind|p1a: Miraidon|[spread] p1a,p1b\n|-supereffective|p1a: Miraidon\n|-damage|p1a: Miraidon|87/100\n|-damage|p1b: Dragonite|74/100\n|-unboost|p1a: Miraidon|spe|1\n|-unboost|p1b: Dragonite|spe|1\n|move|p1b: Dragonite|Scale Shot|p2b: Urshifu\n|-damage|p2b: Urshifu|88/100\n|-damage|p2b: Urshifu|74/100\n|-damage|p2b: Urshifu|62/100\n|-crit|p2b: Urshifu\n|-damage|p2b: Urshifu|41/100\n|-hitcount|p2b: Urshifu|4\n|-unboost|p1b: Dragonite|def|1\n|-boost|p1b: Dragonite|spe|1\n|\n|-weather|SunnyDay|[upkeep]\n|upkeep\n|turn|4\n|inactive|EllenJoe2026 has 30 seconds left.\n|inactive|EllenJoe2026 has 20 seconds left.\n|\n|t:|1770901661\n|switch|p1b: Whimsicott|Whimsicott, L50, M|3/100\n|move|p2a: Tornadus|Rain Dance|p2a: Tornadus\n|-weather|RainDance\n|move|p2b: Urshifu|Surging Strikes|p1b: Whimsicott\n|-resisted|p1b: Whimsicott\n|-crit|p1b: Whimsicott\n|-damage|p1b: Whimsicott|0 fnt\n|faint|p1b: Whimsicott\n|-hitcount|p1: Whimsicott|1\n|move|p1a: Miraidon|Parabolic Charge|p2b: Urshifu|[spread] p2a,p2b\n|-supereffective|p2a: Tornadus\n|-supereffective|p2b: Urshifu\n|-damage|p2a: Tornadus|0 fnt\n|-heal|p1a: Miraidon|100/100|[from] drain|[of] p2a: Tornadus\n|-damage|p2b: Urshifu|0 fnt\n|faint|p2a: Tornadus\n|faint|p2b: Urshifu\n|\n|-weather|RainDance|[upkeep]\n|upkeep\n|\n|t:|1770901678\n|switch|p2b: Calyrex|Calyrex-Shadow, L50|40/100\n|switch|p1b: Dragonite|Dragonite, L50, F, tera:Normal|74/100\n|switch|p2a: Kyogre|Kyogre, L50, shiny|100/100\n|-ability|p2b: Calyrex|As One\n|-ability|p2b: Calyrex|Unnerve\n|turn|5\n|inactive|EllenJoe2026 has 30 seconds left.\n|\n|t:|1770901708\n|-terastallize|p2a: Kyogre|Water\n|move|p1a: Miraidon|Protect|p1a: Miraidon\n|-singleturn|p1a: Miraidon|Protect\n|move|p1b: Dragonite|Protect|p1b: Dragonite\n|-singleturn|p1b: Dragonite|Protect\n|move|p2a: Kyogre|Origin Pulse|p1b: Dragonite|[spread] \n|-activate|p1a: Miraidon|move: Protect\n|-activate|p1b: Dragonite|move: Protect\n|move|p2b: Calyrex|Astral Barrage|p1a: Miraidon|[spread] \n|-activate|p1a: Miraidon|move: Protect\n|-activate|p1b: Dragonite|move: Protect\n|\n|-weather|RainDance|[upkeep]\n|-sideend|p2: EllenJoe2026|move: Tailwind\n|upkeep\n|turn|6\n|inactive|renan.tony has 30 seconds left.\n|\n|t:|1770901738\n|move|p2a: Kyogre|Origin Pulse|p1a: Miraidon|[spread] p1a,p1b\n|-resisted|p1a: Miraidon\n|-damage|p1a: Miraidon|70/100\n|-damage|p1b: Dragonite|20/100\n|move|p2b: Calyrex|Astral Barrage|p1b: Dragonite|[spread] p1a\n|-immune|p1b: Dragonite\n|-damage|p1a: Miraidon|23/100\n|move|p1a: Miraidon|Electro Drift|p2a: Kyogre\n|-supereffective|p2a: Kyogre\n|-damage|p2a: Kyogre|0 fnt\n|faint|p2a: Kyogre\n|move|p1b: Dragonite|Scale Shot|p2b: Calyrex|[miss]\n|-miss|p1b: Dragonite|p2b: Calyrex\n|\n|-weather|RainDance|[upkeep]\n|-sideend|p1: renan.tony|move: Light Screen\n|upkeep\n|turn|7\n|-message|EllenJoe2026 forfeited.\n|\n|win|renan.tony\n|raw|renan.tony's rating: 1378 &rarr; <strong>1405</strong><br />(+27 for winning)\n|raw|EllenJoe2026's rating: 1499 &rarr; <strong>1472</strong><br />(-27 for losing)\n|l|\u2606EllenJoe2026\n|player|p2|\n|l|\u2606renan.tony\n|player|p1|\n","uploadtime":1770901894,"views":13,"formatid":"gen9vgc2026regi","rating":1405,"private":0,"password":null}