{"id":"gen9vgc2026regi-2517071095","format":"[Gen 9] VGC 2026 Reg I","players":["reccanohono","blackred123\u6c38\u96cf\u5854\u83f2\u4fa0"],"log":"|j|\u2606reccanohono\n|j|\u2606blackred123\u6c38\u96cf\u5854\u83f2\u4fa0\n|t:|1768225308\n|gametype|doubles\n|player|p1|reccanohono|169|1083\n|player|p2|blackred123\u6c38\u96cf\u5854\u83f2\u4fa0|iono-masters|1169\n|gen|9\n|tier|[Gen 9] VGC 2026 Reg I\n|rated|\n|rule|Species Clause: Limit one of each Pok\u00e9mon\n|rule|Item Clause: Limit 1 of each item\n|clearpoke\n|poke|p1|Koraidon, L50|\n|poke|p1|Typhlosion, L50, M|\n|poke|p1|Groudon, L50|\n|poke|p1|Torkoal, L50, F|\n|poke|p1|Moltres, L50|\n|poke|p1|Arcanine, L50, F|\n|poke|p2|Calyrex-Shadow, L50|\n|poke|p2|Zamazenta-*, L50|\n|poke|p2|Incineroar, L50, F|\n|poke|p2|Rillaboom, L50, M|\n|poke|p2|Ogerpon-Cornerstone, L50, F|\n|poke|p2|Tornadus, L50, M|\n|teampreview|4\n|inactive|Battle timer is ON: inactive players will automatically lose when time's up. (requested by blackred123\u6c38\u96cf\u5854\u83f2\u4fa0)\n|\n|t:|1768225332\n|teamsize|p1|4\n|teamsize|p2|4\n|start\n|switch|p1a: Koraidon|Koraidon, L50|100/100\n|switch|p1b: Typhlosion|Typhlosion, L50, M|100/100\n|switch|p2a: \u5636\u9a6c\u51a0\u54e5|Calyrex-Shadow, L50|100/100\n|switch|p2b: \u5e05otto\u5e05|Incineroar, L50, F|100/100\n|-ability|p2a: \u5636\u9a6c\u51a0\u54e5|As One\n|-ability|p2a: \u5636\u9a6c\u51a0\u54e5|Unnerve\n|-weather|SunnyDay|[from] ability: Orichalcum Pulse|[of] p1a: Koraidon\n|-activate|p1a: Koraidon|Orichalcum Pulse|[source]\n|-ability|p2b: \u5e05otto\u5e05|Intimidate|boost\n|-unboost|p1a: Koraidon|atk|1\n|-unboost|p1b: Typhlosion|atk|1\n|turn|1\n|\n|t:|1768225355\n|move|p2b: \u5e05otto\u5e05|Fake Out|p1a: Koraidon\n|-damage|p1a: Koraidon|93/100\n|move|p2a: \u5636\u9a6c\u51a0\u54e5|Astral Barrage|p1b: Typhlosion|[spread] p1a,p1b\n|-damage|p1a: Koraidon|55/100\n|-damage|p1b: Typhlosion|22/100\n|move|p1b: Typhlosion|Eruption|p2a: \u5636\u9a6c\u51a0\u54e5|[spread] p2a,p2b\n|-resisted|p2b: \u5e05otto\u5e05\n|-damage|p2a: \u5636\u9a6c\u51a0\u54e5|65/100\n|-damage|p2b: \u5e05otto\u5e05|83/100\n|cant|p1a: Koraidon|flinch\n|\n|-weather|SunnyDay|[upkeep]\n|upkeep\n|turn|2\n|inactive|blackred123\u6c38\u96cf\u5854\u83f2\u4fa0 has 30 seconds left.\n|\n|t:|1768225382\n|switch|p1b: Moltres|Moltres, L50|100/100\n|move|p2a: \u5636\u9a6c\u51a0\u54e5|Psychic|p1a: Koraidon\n|-supereffective|p1a: Koraidon\n|-crit|p1a: Koraidon\n|-damage|p1a: Koraidon|0 fnt\n|faint|p1a: Koraidon\n|-ability|p2a: \u5636\u9a6c\u51a0\u54e5|Grim Neigh|boost\n|-boost|p2a: \u5636\u9a6c\u51a0\u54e5|spa|1\n|move|p2b: \u5e05otto\u5e05|Knock Off|p1b: Moltres\n|-damage|p1b: Moltres|51/100\n|-enditem|p1b: Moltres|Life Orb|[from] move: Knock Off|[of] p2b: \u5e05otto\u5e05\n|\n|-weather|SunnyDay|[upkeep]\n|upkeep\n|\n|t:|1768225396\n|switch|p1a: Typhlosion|Typhlosion, L50, M|22/100\n|turn|3\n|\n|t:|1768225402\n|move|p2a: \u5636\u9a6c\u51a0\u54e5|Astral Barrage|p1a: Typhlosion|[spread] p1a,p1b\n|-damage|p1a: Typhlosion|0 fnt\n|-damage|p1b: Moltres|0 fnt\n|faint|p1a: Typhlosion\n|faint|p1b: Moltres\n|-ability|p2a: \u5636\u9a6c\u51a0\u54e5|Grim Neigh|boost\n|-boost|p2a: \u5636\u9a6c\u51a0\u54e5|spa|2\n|move|p2b: \u5e05otto\u5e05|Knock Off|p1: Typhlosion|[notarget]\n|-fail|p2b: \u5e05otto\u5e05\n|\n|-weather|SunnyDay|[upkeep]\n|upkeep\n|\n|t:|1768225418\n|switch|p1a: Arcanine|Arcanine, L50, F|100/100\n|-ability|p1a: Arcanine|Intimidate|boost\n|-unboost|p2a: \u5636\u9a6c\u51a0\u54e5|atk|1\n|-unboost|p2b: \u5e05otto\u5e05|atk|1\n|turn|4\n|\n|t:|1768225425\n|-terastallize|p1a: Arcanine|Normal\n|move|p1a: Arcanine|Extreme Speed|p2b: \u5e05otto\u5e05\n|-damage|p2b: \u5e05otto\u5e05|55/100\n|-damage|p1a: Arcanine|84/100|[from] item: Rocky Helmet|[of] p2b: \u5e05otto\u5e05\n|move|p2a: \u5636\u9a6c\u51a0\u54e5|Astral Barrage|p1a: Arcanine\n|-immune|p1a: Arcanine\n|move|p2b: \u5e05otto\u5e05|Knock Off|p1a: Arcanine\n|-damage|p1a: Arcanine|53/100\n|-enditem|p1a: Arcanine|Focus Sash|[from] move: Knock Off|[of] p2b: \u5e05otto\u5e05\n|\n|-weather|SunnyDay|[upkeep]\n|upkeep\n|turn|5\n|\n|t:|1768225441\n|move|p2a: \u5636\u9a6c\u51a0\u54e5|Psychic|p1a: Arcanine\n|-damage|p1a: Arcanine|0 fnt\n|faint|p1a: Arcanine\n|\n|win|blackred123\u6c38\u96cf\u5854\u83f2\u4fa0\n|raw|reccanohono's rating: 1083 &rarr; <strong>1066</strong><br />(-17 for losing)\n|raw|blackred123\u6c38\u96cf\u5854\u83f2\u4fa0's rating: 1169 &rarr; <strong>1188</strong><br />(+19 for winning)\n","uploadtime":1768225444,"views":17,"formatid":"gen9vgc2026regi","rating":1066,"private":0,"password":null}