{"id":"gen9vgc2026regi-2534608682","format":"[Gen 9] VGC 2026 Reg I","players":["alzombie","fogdocker"],"log":"|j|\u2606alzombie\n|j|\u2606fogdocker\n|t:|1770445185\n|gametype|doubles\n|player|p1|alzombie|1|1329\n|player|p2|fogdocker|265|1441\n|gen|9\n|tier|[Gen 9] VGC 2026 Reg I\n|rated|\n|rule|Species Clause: Limit one of each Pok\u00e9mon\n|rule|Item Clause: Limit 1 of each item\n|clearpoke\n|poke|p1|Lunala, L50|\n|poke|p1|Ursaluna, L50, F|\n|poke|p1|Urshifu-*, L50, F|\n|poke|p1|Miraidon, L50|\n|poke|p1|Grimmsnarl, L50, M|\n|poke|p1|Incineroar, L50, M|\n|poke|p2|Terapagos, L50, M|\n|poke|p2|Koraidon, L50|\n|poke|p2|Flutter Mane, L50|\n|poke|p2|Rillaboom, L50, M|\n|poke|p2|Incineroar, L50, F|\n|poke|p2|Volcarona, L50, M|\n|teampreview|4\n|inactive|Battle timer is ON: inactive players will automatically lose when time's up. (requested by alzombie)\n|inactive|fogdocker has 60 seconds left.\n|\n|t:|1770445234\n|teamsize|p1|4\n|teamsize|p2|4\n|start\n|switch|p1a: Grimmsnarl|Grimmsnarl, L50, M|100/100\n|switch|p1b: Miraidon|Miraidon, L50|100/100\n|switch|p2a: Rillaboom|Rillaboom, L50, M|100/100\n|switch|p2b: Koraidon|Koraidon, L50|100/100\n|-weather|SunnyDay|[from] ability: Orichalcum Pulse|[of] p2b: Koraidon\n|-activate|p2b: Koraidon|Orichalcum Pulse|[source]\n|-fieldstart|move: Electric Terrain|[from] ability: Hadron Engine|[of] p1b: Miraidon\n|-fieldstart|move: Grassy Terrain|[from] ability: Grassy Surge|[of] p2a: Rillaboom\n|turn|1\n|\n|t:|1770445256\n|move|p2a: Rillaboom|Fake Out|p1a: Grimmsnarl\n|-damage|p1a: Grimmsnarl|85/100\n|cant|p1a: Grimmsnarl|flinch\n|move|p2b: Koraidon|Close Combat|p1b: Miraidon\n|-damage|p1b: Miraidon|10/100\n|-unboost|p2b: Koraidon|def|1\n|-unboost|p2b: Koraidon|spd|1\n|-damage|p2b: Koraidon|91/100|[from] item: Life Orb\n|move|p1b: Miraidon|Draco Meteor|p2b: Koraidon\n|-supereffective|p2b: Koraidon\n|-damage|p2b: Koraidon|0 fnt\n|-unboost|p1b: Miraidon|spa|2\n|faint|p2b: Koraidon\n|\n|-weather|SunnyDay|[upkeep]\n|-heal|p1b: Miraidon|15/100|[from] Grassy Terrain\n|-heal|p1a: Grimmsnarl|91/100|[from] Grassy Terrain\n|upkeep\n|\n|t:|1770445269\n|switch|p2b: Terapagos|Terapagos, L50, M|100/100\n|-activate|p2b: Terapagos|ability: Tera Shift\n|detailschange|p2b: Terapagos|Terapagos-Terastal, L50, M\n|-heal|p2b: Terapagos|100/100|[silent]\n|turn|2\n|\n|t:|1770445285\n|move|p1a: Grimmsnarl|Taunt|p2b: Terapagos\n|-start|p2b: Terapagos|move: Taunt\n|move|p1b: Miraidon|Volt Switch|p2a: Rillaboom\n|-resisted|p2a: Rillaboom\n|-damage|p2a: Rillaboom|94/100\n|\n|t:|1770445291\n|switch|p1b: Incineroar|Incineroar, L50, M|100/100|[from] Volt Switch\n|-ability|p1b: Incineroar|Intimidate|boost\n|-unboost|p2a: Rillaboom|atk|1\n|-unboost|p2b: Terapagos|atk|1\n|move|p2a: Rillaboom|U-turn|p1b: Incineroar\n|-damage|p1b: Incineroar|90/100\n|-damage|p2a: Rillaboom|78/100|[from] item: Rocky Helmet|[of] p1b: Incineroar\n|\n|t:|1770445294\n|switch|p2a: Incineroar|Incineroar, L50, F|100/100|[from] U-turn\n|-ability|p2a: Incineroar|Intimidate|boost\n|-unboost|p1a: Grimmsnarl|atk|1\n|-unboost|p1b: Incineroar|atk|1\n|cant|p2b: Terapagos|move: Taunt|Calm Mind\n|\n|-weather|SunnyDay|[upkeep]\n|-heal|p1a: Grimmsnarl|97/100|[from] Grassy Terrain\n|-heal|p1b: Incineroar|96/100|[from] Grassy Terrain\n|upkeep\n|turn|3\n|\n|t:|1770445313\n|move|p1a: Grimmsnarl|Light Screen|p1a: Grimmsnarl\n|-sidestart|p1: alzombie|move: Light Screen\n|move|p2b: Terapagos|Tera Starstorm|p1b: Incineroar\n|-damage|p1b: Incineroar|66/100\n|move|p2a: Incineroar|Taunt|p1a: Grimmsnarl\n|-start|p1a: Grimmsnarl|move: Taunt\n|move|p1b: Incineroar|Knock Off|p2b: Terapagos\n|-activate|p2b: Terapagos|ability: Tera Shell\n|-resisted|p2b: Terapagos\n|-damage|p2b: Terapagos|93/100\n|-enditem|p2b: Terapagos|Leftovers|[from] move: Knock Off|[of] p1b: Incineroar\n|\n|-weather|SunnyDay|[upkeep]\n|-heal|p2b: Terapagos|99/100|[from] Grassy Terrain\n|-heal|p1a: Grimmsnarl|100/100|[from] Grassy Terrain\n|-heal|p1b: Incineroar|72/100|[from] Grassy Terrain\n|upkeep\n|turn|4\n|\n|t:|1770445337\n|move|p2b: Terapagos|Tera Starstorm|p1b: Incineroar\n|-damage|p1b: Incineroar|43/100\n|move|p2a: Incineroar|Parting Shot|p1a: Grimmsnarl\n|-unboost|p1a: Grimmsnarl|atk|1\n|-unboost|p1a: Grimmsnarl|spa|1\n|\n|t:|1770445341\n|switch|p2a: Rillaboom|Rillaboom, L50, M|78/100|[from] Parting Shot\n|move|p1a: Grimmsnarl|Spirit Break|p2b: Terapagos\n|-damage|p2b: Terapagos|88/100\n|-unboost|p2b: Terapagos|spa|1\n|move|p1b: Incineroar|Knock Off|p2a: Rillaboom\n|-damage|p2a: Rillaboom|55/100\n|-enditem|p2a: Rillaboom|Assault Vest|[from] move: Knock Off|[of] p1b: Incineroar\n|\n|-weather|SunnyDay|[upkeep]\n|-heal|p2a: Rillaboom|60/100|[from] Grassy Terrain\n|-heal|p2b: Terapagos|94/100|[from] Grassy Terrain\n|-heal|p1b: Incineroar|49/100|[from] Grassy Terrain\n|-end|p2b: Terapagos|move: Taunt\n|upkeep\n|turn|5\n|\n|t:|1770445361\n|move|p2a: Rillaboom|U-turn|p1a: Grimmsnarl\n|-damage|p1a: Grimmsnarl|76/100\n|\n|t:|1770445363\n|switch|p2a: Incineroar|Incineroar, L50, F|100/100|[from] U-turn\n|-ability|p2a: Incineroar|Intimidate|boost\n|-unboost|p1a: Grimmsnarl|atk|1\n|-unboost|p1b: Incineroar|atk|1\n|move|p2b: Terapagos|Calm Mind|p2b: Terapagos\n|-boost|p2b: Terapagos|spa|1\n|-boost|p2b: Terapagos|spd|1\n|move|p1a: Grimmsnarl|Spirit Break|p2a: Incineroar\n|-damage|p2a: Incineroar|90/100\n|-unboost|p2a: Incineroar|spa|1\n|move|p1b: Incineroar|Parting Shot|p2a: Incineroar\n|-unboost|p2a: Incineroar|atk|1\n|-unboost|p2a: Incineroar|spa|1\n|\n|t:|1770445382\n|switch|p1b: Lunala|Lunala, L50|100/100|[from] Parting Shot\n|\n|-weather|none\n|-heal|p2b: Terapagos|100/100|[from] Grassy Terrain\n|-heal|p2a: Incineroar|96/100|[from] Grassy Terrain\n|-heal|p1a: Grimmsnarl|82/100|[from] Grassy Terrain\n|-fieldend|move: Grassy Terrain\n|upkeep\n|turn|6\n|\n|t:|1770445395\n|switch|p2a: Rillaboom|Rillaboom, L50, M|60/100\n|-fieldstart|move: Grassy Terrain|[from] ability: Grassy Surge|[of] p2a: Rillaboom\n|move|p1b: Lunala|Moonblast|p2b: Terapagos\n|-activate|p2b: Terapagos|ability: Tera Shell\n|-resisted|p2b: Terapagos\n|-damage|p2b: Terapagos|90/100\n|-unboost|p2b: Terapagos|spa|1\n|move|p2b: Terapagos|Calm Mind|p2b: Terapagos\n|-boost|p2b: Terapagos|spa|1\n|-boost|p2b: Terapagos|spd|1\n|move|p1a: Grimmsnarl|Spirit Break|p2b: Terapagos\n|-damage|p2b: Terapagos|82/100\n|-unboost|p2b: Terapagos|spa|1\n|\n|-heal|p2a: Rillaboom|66/100|[from] Grassy Terrain\n|-heal|p2b: Terapagos|89/100|[from] Grassy Terrain\n|-heal|p1a: Grimmsnarl|88/100|[from] Grassy Terrain\n|-end|p1a: Grimmsnarl|move: Taunt\n|upkeep\n|turn|7\n|\n|t:|1770445420\n|move|p2a: Rillaboom|Fake Out|p1a: Grimmsnarl\n|-damage|p1a: Grimmsnarl|73/100\n|cant|p1a: Grimmsnarl|flinch\n|move|p1b: Lunala|Moonblast|p2a: Rillaboom\n|-damage|p2a: Rillaboom|36/100\n|move|p2b: Terapagos|Calm Mind|p2b: Terapagos\n|-boost|p2b: Terapagos|spa|1\n|-boost|p2b: Terapagos|spd|1\n|\n|-heal|p2a: Rillaboom|42/100|[from] Grassy Terrain\n|-heal|p2b: Terapagos|95/100|[from] Grassy Terrain\n|-heal|p1a: Grimmsnarl|79/100|[from] Grassy Terrain\n|upkeep\n|turn|8\n|\n|t:|1770445444\n|move|p1a: Grimmsnarl|Taunt|p2b: Terapagos\n|-start|p2b: Terapagos|move: Taunt\n|move|p1b: Lunala|Moonblast|p2a: Rillaboom\n|-damage|p2a: Rillaboom|8/100\n|move|p2a: Rillaboom|U-turn|p1a: Grimmsnarl\n|-damage|p1a: Grimmsnarl|56/100\n|\n|t:|1770445450\n|switch|p2a: Incineroar|Incineroar, L50, F|96/100|[from] U-turn\n|-ability|p2a: Incineroar|Intimidate|boost\n|-unboost|p1a: Grimmsnarl|atk|1\n|-unboost|p1b: Lunala|atk|1\n|move|p2b: Terapagos|Tera Starstorm|p1b: Lunala\n|-immune|p1b: Lunala\n|\n|-heal|p2b: Terapagos|100/100|[from] Grassy Terrain\n|-heal|p2a: Incineroar|100/100|[from] Grassy Terrain\n|-heal|p1a: Grimmsnarl|62/100|[from] Grassy Terrain\n|upkeep\n|turn|9\n|\n|t:|1770445471\n|switch|p1a: Incineroar|Incineroar, L50, M|49/100\n|-ability|p1a: Incineroar|Intimidate|boost\n|-unboost|p2a: Incineroar|atk|1\n|-unboost|p2b: Terapagos|atk|1\n|move|p1b: Lunala|Moonblast|p2a: Incineroar\n|-damage|p2a: Incineroar|68/100\n|move|p2b: Terapagos|Earth Power|p1a: Incineroar\n|-supereffective|p1a: Incineroar\n|-damage|p1a: Incineroar|19/100\n|move|p2a: Incineroar|Knock Off|p1b: Lunala\n|-supereffective|p1b: Lunala\n|-damage|p1b: Lunala|61/100\n|-enditem|p1b: Lunala|Electric Seed|[from] move: Knock Off|[of] p2a: Incineroar\n|\n|-heal|p1b: Lunala|67/100|[from] Grassy Terrain\n|-heal|p2a: Incineroar|74/100|[from] Grassy Terrain\n|-heal|p1a: Incineroar|25/100|[from] Grassy Terrain\n|upkeep\n|turn|10\n|inactive|alzombie has 30 seconds left.\n|\n|t:|1770445496\n|switch|p1b: Grimmsnarl|Grimmsnarl, L50, M|62/100\n|move|p2b: Terapagos|Earth Power|p1a: Incineroar\n|-supereffective|p1a: Incineroar\n|-damage|p1a: Incineroar|0 fnt\n|faint|p1a: Incineroar\n|move|p2a: Incineroar|Knock Off|p1b: Grimmsnarl\n|-resisted|p1b: Grimmsnarl\n|-damage|p1b: Grimmsnarl|56/100\n|-enditem|p1b: Grimmsnarl|Light Clay|[from] move: Knock Off|[of] p2a: Incineroar\n|\n|-heal|p2a: Incineroar|80/100|[from] Grassy Terrain\n|-heal|p1b: Grimmsnarl|62/100|[from] Grassy Terrain\n|-end|p2b: Terapagos|move: Taunt\n|-sideend|p1: alzombie|move: Light Screen\n|-fieldend|move: Grassy Terrain\n|upkeep\n|\n|t:|1770445516\n|switch|p1a: Miraidon|Miraidon, L50|15/100\n|-fieldstart|move: Electric Terrain|[from] ability: Hadron Engine|[of] p1a: Miraidon\n|turn|11\n|inactive|alzombie has 30 seconds left.\n|\n|t:|1770445545\n|-terastallize|p2b: Terapagos|Stellar\n|detailschange|p2b: Terapagos|Terapagos-Stellar, L50, M, tera:Stellar\n|-heal|p2b: Terapagos|100/100|[silent]\n|-ability|p2b: Terapagos|Teraform Zero\n|-fieldend|move: Electric Terrain\n|move|p1b: Grimmsnarl|Taunt|p2b: Terapagos\n|-start|p2b: Terapagos|move: Taunt\n|move|p1a: Miraidon|Volt Switch|p2a: Incineroar\n|-damage|p2a: Incineroar|40/100\n|\n|t:|1770445556\n|switch|p1a: Lunala|Lunala, L50|67/100|[from] Volt Switch\n|move|p2b: Terapagos|Tera Starstorm|p1b: Grimmsnarl|[spread] p1a,p1b\n|-damage|p1a: Lunala|45/100\n|-damage|p1b: Grimmsnarl|34/100\n|move|p2a: Incineroar|Knock Off|p1a: Lunala\n|-supereffective|p1a: Lunala\n|-damage|p1a: Lunala|0 fnt\n|faint|p1a: Lunala\n|\n|upkeep\n|\n|t:|1770445567\n|switch|p1a: Miraidon|Miraidon, L50|15/100\n|-fieldstart|move: Electric Terrain|[from] ability: Hadron Engine|[of] p1a: Miraidon\n|turn|12\n|\n|t:|1770445589\n|switch|p2a: Rillaboom|Rillaboom, L50, M|8/100\n|-fieldstart|move: Grassy Terrain|[from] ability: Grassy Surge|[of] p2a: Rillaboom\n|move|p1b: Grimmsnarl|Light Screen|p1b: Grimmsnarl\n|-sidestart|p1: alzombie|move: Light Screen\n|move|p1a: Miraidon|Snarl|p2b: Terapagos|[spread] p2a\n|-miss|p1a: Miraidon|p2b: Terapagos\n|-damage|p2a: Rillaboom|0 fnt\n|faint|p2a: Rillaboom\n|move|p2b: Terapagos|Tera Starstorm|p1a: Miraidon|[spread] p1a,p1b\n|-damage|p1a: Miraidon|4/100\n|-damage|p1b: Grimmsnarl|15/100\n|\n|-heal|p1a: Miraidon|10/100|[from] Grassy Terrain\n|-heal|p1b: Grimmsnarl|21/100|[from] Grassy Terrain\n|upkeep\n|inactive|fogdocker has 30 seconds left.\n|\n|t:|1770445623\n|switch|p2a: Incineroar|Incineroar, L50, F|40/100\n|-ability|p2a: Incineroar|Intimidate|boost\n|-unboost|p1a: Miraidon|atk|1\n|-unboost|p1b: Grimmsnarl|atk|1\n|turn|13\n|\n|t:|1770445633\n|move|p2a: Incineroar|Fake Out|p1a: Miraidon\n|-damage|p1a: Miraidon|1/100\n|cant|p1a: Miraidon|flinch\n|move|p2b: Terapagos|Tera Starstorm|p1b: Grimmsnarl|[spread] p1a,p1b\n|-damage|p1a: Miraidon|0 fnt\n|-damage|p1b: Grimmsnarl|2/100\n|faint|p1a: Miraidon\n|move|p1b: Grimmsnarl|Spirit Break|p2b: Terapagos\n|-damage|p2b: Terapagos|91/100\n|-unboost|p2b: Terapagos|spa|1\n|\n|-heal|p2b: Terapagos|97/100|[from] Grassy Terrain\n|-heal|p2a: Incineroar|46/100|[from] Grassy Terrain\n|-heal|p1b: Grimmsnarl|8/100|[from] Grassy Terrain\n|-end|p2b: Terapagos|move: Taunt\n|upkeep\n|turn|14\n|-message|alzombie forfeited.\n|\n|win|fogdocker\n|raw|alzombie's rating: 1329 &rarr; <strong>1315</strong><br />(-14 for losing)\n|raw|fogdocker's rating: 1441 &rarr; <strong>1455</strong><br />(+14 for winning)\n|l|\u2606alzombie\n|player|p1|\n|l|\u2606fogdocker\n|player|p2|\n","uploadtime":1770445909,"views":15,"formatid":"gen9vgc2026regi","rating":1315,"private":0,"password":null}