{"id":"gen9vgc2026regi-2558484828","format":"[Gen 9] VGC 2026 Reg I","players":["Shagrathisbeast","potato718"],"log":"|j|\u2606Shagrathisbeast\n|j|\u2606potato718\n|t:|1773439265\n|gametype|doubles\n|player|p1|Shagrathisbeast|steven|1426\n|player|p2|potato718|dawn|1305\n|gen|9\n|tier|[Gen 9] VGC 2026 Reg I\n|rated|\n|rule|Species Clause: Limit one of each Pok\u00e9mon\n|rule|Item Clause: Limit 1 of each item\n|clearpoke\n|poke|p1|Giratina-Origin, L50|\n|poke|p1|Zamazenta-*, L50|\n|poke|p1|Chien-Pao, L50|\n|poke|p1|Urshifu-*, L50, F|\n|poke|p1|Rillaboom, L50, F|\n|poke|p1|Entei, L50|\n|poke|p2|Calyrex-Ice, L50|\n|poke|p2|Dusclops, L50, F|\n|poke|p2|Incineroar, L50, F|\n|poke|p2|Miraidon, L50|\n|poke|p2|Araquanid, L50, F|\n|poke|p2|Urshifu-*, L50, M|\n|teampreview|4\npotato718 has agreed to open team sheets.\n|\n|t:|1773439322\n|teamsize|p1|4\n|teamsize|p2|4\n|start\n|switch|p1a: Chien-Pao|Chien-Pao, L50, shiny|100/100\n|switch|p1b: Entei|Entei, L50|100/100\n|switch|p2a: Araquanid|Araquanid, L50, F|100/100\n|switch|p2b: Calyrex|Calyrex-Ice, L50|100/100\n|-ability|p2b: Calyrex|As One\n|-ability|p2b: Calyrex|Unnerve\n|-ability|p1a: Chien-Pao|Sword of Ruin\n|turn|1\n|\n|t:|1773439372\n|-terastallize|p1b: Entei|Normal\n|move|p1a: Chien-Pao|Protect|p1a: Chien-Pao\n|-singleturn|p1a: Chien-Pao|Protect\n|move|p2b: Calyrex|Protect|p2b: Calyrex\n|-singleturn|p2b: Calyrex|Protect\n|move|p1b: Entei|Sacred Fire|p2b: Calyrex\n|-activate|p2b: Calyrex|move: Protect\n|move|p2a: Araquanid|Liquidation|p1b: Entei\n|-damage|p1b: Entei|0 fnt\n|faint|p1b: Entei\n|\n|upkeep\n|\n|t:|1773439384\n|switch|p1b: Zamazenta|Zamazenta-Crowned, L50, shiny|100/100\n|-ability|p1b: Zamazenta|Dauntless Shield|boost\n|-boost|p1b: Zamazenta|def|1\n|turn|2\n|\n|t:|1773439402\n|-terastallize|p2b: Calyrex|Water\n|move|p1a: Chien-Pao|Sucker Punch|p2a: Araquanid\n|-damage|p2a: Araquanid|48/100\n|move|p1b: Zamazenta|Iron Defense|p1b: Zamazenta\n|-boost|p1b: Zamazenta|def|2\n|move|p2a: Araquanid|Liquidation|p1a: Chien-Pao\n|-crit|p1a: Chien-Pao\n|-enditem|p1a: Chien-Pao|Focus Sash\n|-damage|p1a: Chien-Pao|1/100\n|move|p2b: Calyrex|Trick Room|p2b: Calyrex\n|-fieldstart|move: Trick Room|[of] p2b: Calyrex\n|\n|upkeep\n|turn|3\n|\n|t:|1773439422\n|move|p2b: Calyrex|Protect|p2b: Calyrex\n|-singleturn|p2b: Calyrex|Protect\n|move|p1a: Chien-Pao|Protect|p1a: Chien-Pao\n|-singleturn|p1a: Chien-Pao|Protect\n|move|p2a: Araquanid|Infestation|p1b: Zamazenta\n|-resisted|p1b: Zamazenta\n|-damage|p1b: Zamazenta|99/100\n|-activate|p1b: Zamazenta|move: Infestation|[of] p2a: Araquanid\n|move|p1b: Zamazenta|Iron Defense|p1b: Zamazenta\n|-boost|p1b: Zamazenta|def|2\n|\n|-damage|p1b: Zamazenta|88/100|[from] move: Infestation|[partiallytrapped]\n|upkeep\n|turn|4\n|\n|t:|1773439438\n|switch|p2b: Dusclops|Dusclops, L50, F|100/100\n|-ability|p2b: Dusclops|Pressure\n|move|p1a: Chien-Pao|Sucker Punch|p2a: Araquanid\n|-damage|p2a: Araquanid|0 fnt\n|faint|p2a: Araquanid\n|move|p1b: Zamazenta|Body Press|p2b: Dusclops\n|-immune|p2b: Dusclops\n|\n|-end|p1b: Zamazenta|Infestation|[partiallytrapped]|[silent]\n|upkeep\n|\n|t:|1773439446\n|switch|p2a: Incineroar|Incineroar, L50, F|100/100\n|-ability|p2a: Incineroar|Intimidate|boost\n|-unboost|p1a: Chien-Pao|atk|1\n|-unboost|p1b: Zamazenta|atk|1\n|turn|5\n|\n|t:|1773439463\n|switch|p1a: Giratina|Giratina-Origin, L50, shiny|100/100\n|move|p1b: Zamazenta|Protect|p1b: Zamazenta\n|-singleturn|p1b: Zamazenta|Protect\n|move|p2a: Incineroar|Fake Out|p1a: Giratina\n|-immune|p1a: Giratina\n|move|p2b: Dusclops|Disable|p1b: Zamazenta\n|-activate|p1b: Zamazenta|move: Protect\n|\n|upkeep\n|turn|6\n|\n|t:|1773439474\n|move|p2b: Dusclops|Will-O-Wisp|p1b: Zamazenta\n|-status|p1b: Zamazenta|brn\n|move|p2a: Incineroar|Knock Off|p1a: Giratina\n|-supereffective|p1a: Giratina\n|-damage|p1a: Giratina|60/100\n|move|p1a: Giratina|Poltergeist|p2b: Dusclops\n|-activate|p2b: Dusclops|move: Poltergeist|Eviolite\n|-supereffective|p2b: Dusclops\n|-damage|p2b: Dusclops|26/100\n|move|p1b: Zamazenta|Body Press|p2a: Incineroar\n|-supereffective|p2a: Incineroar\n|-damage|p2a: Incineroar|0 fnt\n|faint|p2a: Incineroar\n|\n|-damage|p1b: Zamazenta|82/100 brn|[from] brn\n|-fieldend|move: Trick Room\n|upkeep\n|\n|t:|1773439485\n|switch|p2a: Calyrex|Calyrex-Ice, L50, tera:Water|100/100\n|-ability|p2a: Calyrex|As One\n|-ability|p2a: Calyrex|Unnerve\n|turn|7\n|\n|t:|1773439495\n|move|p2a: Calyrex|Protect|p2a: Calyrex\n|-singleturn|p2a: Calyrex|Protect\n|move|p1b: Zamazenta|Iron Defense|p1b: Zamazenta\n|-boost|p1b: Zamazenta|def|1\n|move|p1a: Giratina|Poltergeist|p2b: Dusclops\n|-activate|p2b: Dusclops|move: Poltergeist|Eviolite\n|-supereffective|p2b: Dusclops\n|-damage|p2b: Dusclops|0 fnt\n|faint|p2b: Dusclops\n|\n|-damage|p1b: Zamazenta|76/100 brn|[from] brn\n|upkeep\n|turn|8\n|\n|t:|1773439517\n|move|p1b: Zamazenta|Body Press|p2a: Calyrex\n|-damage|p2a: Calyrex|41/100\n|move|p1a: Giratina|Draco Meteor|p2a: Calyrex\n|-damage|p2a: Calyrex|0 fnt\n|-unboost|p1a: Giratina|spa|2\n|faint|p2a: Calyrex\n|\n|win|Shagrathisbeast\n|raw|Shagrathisbeast's rating: 1426 &rarr; <strong>1439</strong><br />(+13 for winning)\n|raw|potato718's rating: 1305 &rarr; <strong>1292</strong><br />(-13 for losing)\n|l|\u2606potato718\n|player|p2|\n|c|\u2606Shagrathisbeast|freak\n|l|\u2606Shagrathisbeast\n|player|p1|\n","uploadtime":1773439741,"views":11,"formatid":"gen9vgc2026regi","rating":1292,"private":0,"password":null}