{"id":"gen9vgc2026regi-2525771794","format":"[Gen 9] VGC 2026 Reg I","players":["cy2rexfiy","lyxxx"],"log":"|j|\u203dcy2rexfiy\n|j|\u2606lyxxx\n|t:|1769323289\n|gametype|doubles\n|player|p1|cy2rexfiy|102|1283\n|player|p2|lyxxx|2|1335\n|gen|9\n|tier|[Gen 9] VGC 2026 Reg I\n|rated|\n|rule|Species Clause: Limit one of each Pok\u00e9mon\n|rule|Item Clause: Limit 1 of each item\n|clearpoke\n|poke|p1|Calyrex-Ice, L50|\n|poke|p1|Rillaboom, L50, M|\n|poke|p1|Incineroar, L50, M|\n|poke|p1|Terapagos, L50, M|\n|poke|p1|Walking Wake, L50|\n|poke|p1|Smeargle, L50, M|\n|poke|p2|Calyrex-Ice, L50|\n|poke|p2|Kyogre, L50|\n|poke|p2|Smeargle, L50, M|\n|poke|p2|Indeedee-F, L50, F|\n|poke|p2|Urshifu-*, L50, M|\n|poke|p2|Ursaluna-Bloodmoon, L50, M|\n|teampreview|4\n|inactive|Battle timer is ON: inactive players will automatically lose when time's up. (requested by lyxxx)\n|\n|t:|1769323304\n|teamsize|p1|4\n|teamsize|p2|4\n|start\n|switch|p1a: Incineroar|Incineroar, L50, M|100/100\n|switch|p1b: Calyrex|Calyrex-Ice, L50|100/100\n|switch|p2a: Calyrex|Calyrex-Ice, L50|100/100\n|switch|p2b: Indeedee|Indeedee-F, L50, F|100/100\n|-ability|p1b: Calyrex|As One\n|-ability|p1b: Calyrex|Unnerve\n|-ability|p2a: Calyrex|As One\n|-ability|p2a: Calyrex|Unnerve\n|-fieldstart|move: Psychic Terrain|[from] ability: Psychic Surge|[of] p2b: Indeedee\n|-ability|p1a: Incineroar|Intimidate|boost\n|-fail|p2a: Calyrex|unboost|[from] item: Clear Amulet|[of] p2a: Calyrex\n|-unboost|p2b: Indeedee|atk|1\n|turn|1\n|inactive|cy2rexfiy has 30 seconds left.\n|inactive|lyxxx has 30 seconds left.\n|inactive|cy2rexfiy has 20 seconds left.\n|\n|t:|1769323342\n|move|p2b: Indeedee|Follow Me|p2b: Indeedee\n|-singleturn|p2b: Indeedee|move: Follow Me\n|move|p1a: Incineroar|Knock Off|p2b: Indeedee\n|-supereffective|p2b: Indeedee\n|-damage|p2b: Indeedee|11/100\n|-enditem|p2b: Indeedee|Safety Goggles|[from] move: Knock Off|[of] p1a: Incineroar\n|move|p1b: Calyrex|Leech Seed|p2b: Indeedee\n|-start|p2b: Indeedee|move: Leech Seed\n|move|p2a: Calyrex|Crunch|p1b: Calyrex\n|-supereffective|p1b: Calyrex\n|-damage|p1b: Calyrex|55/100\n|\n|-damage|p2b: Indeedee|0 fnt|[from] Leech Seed|[of] p1b: Calyrex\n|-heal|p1b: Calyrex|64/100|[silent]\n|faint|p2b: Indeedee\n|upkeep\n|\n|t:|1769323357\n|switch|p2b: Urshifu|Urshifu-Rapid-Strike, L50, M|100/100\n|turn|2\n|\n|t:|1769323370\n|switch|p1a: Terapagos|Terapagos, L50, M|100/100\n|-activate|p1a: Terapagos|ability: Tera Shift\n|detailschange|p1a: Terapagos|Terapagos-Terastal, L50, M\n|-heal|p1a: Terapagos|100/100|[silent]\n|-terastallize|p1b: Calyrex|Water\n|move|p2b: Urshifu|Surging Strikes|p1b: Calyrex\n|-resisted|p1b: Calyrex\n|-crit|p1b: Calyrex\n|-damage|p1b: Calyrex|55/100\n|-resisted|p1b: Calyrex\n|-crit|p1b: Calyrex\n|-damage|p1b: Calyrex|46/100\n|-resisted|p1b: Calyrex\n|-crit|p1b: Calyrex\n|-damage|p1b: Calyrex|37/100\n|-hitcount|p1b: Calyrex|3\n|-damage|p2b: Urshifu|91/100|[from] item: Life Orb\n|move|p1b: Calyrex|Leech Seed|p2a: Calyrex\n|-start|p2a: Calyrex|move: Leech Seed\n|move|p2a: Calyrex|Trick Room|p2a: Calyrex\n|-fieldstart|move: Trick Room|[of] p2a: Calyrex\n|\n|-damage|p2a: Calyrex|88/100|[from] Leech Seed|[of] p1b: Calyrex\n|-heal|p1b: Calyrex|49/100|[silent]\n|upkeep\n|turn|3\n|inactive|cy2rexfiy has 30 seconds left.\n|inactive|lyxxx has 30 seconds left.\n|\n|t:|1769323404\n|switch|p1a: Incineroar|Incineroar, L50, M|100/100\n|-ability|p1a: Incineroar|Intimidate|boost\n|-fail|p2a: Calyrex|unboost|[from] item: Clear Amulet|[of] p2a: Calyrex\n|-unboost|p2b: Urshifu|atk|1\n|move|p2a: Calyrex|Glacial Lance|p1a: Incineroar|[spread] p1a,p1b\n|-resisted|p1a: Incineroar\n|-resisted|p1b: Calyrex\n|-damage|p1a: Incineroar|75/100\n|-damage|p1b: Calyrex|31/100\n|move|p1b: Calyrex|Glacial Lance|p2b: Urshifu|[spread] p2a,p2b\n|-resisted|p2a: Calyrex\n|-resisted|p2b: Urshifu\n|-damage|p2a: Calyrex|72/100\n|-damage|p2b: Urshifu|64/100\n|move|p2b: Urshifu|Close Combat|p1a: Incineroar\n|-supereffective|p1a: Incineroar\n|-damage|p1a: Incineroar|0 fnt\n|-unboost|p2b: Urshifu|def|1\n|-unboost|p2b: Urshifu|spd|1\n|faint|p1a: Incineroar\n|-damage|p2b: Urshifu|54/100|[from] item: Life Orb\n|\n|-damage|p2a: Calyrex|59/100|[from] Leech Seed|[of] p1b: Calyrex\n|-heal|p1b: Calyrex|43/100|[silent]\n|upkeep\n|\n|t:|1769323427\n|switch|p1a: Rillaboom|Rillaboom, L50, M|100/100\n|-fieldstart|move: Grassy Terrain|[from] ability: Grassy Surge|[of] p1a: Rillaboom\n|turn|4\n|\n|t:|1769323437\n|move|p1a: Rillaboom|Fake Out|p2a: Calyrex\n|-damage|p2a: Calyrex|50/100\n|cant|p2a: Calyrex|flinch\n|move|p1b: Calyrex|Glacial Lance|p2a: Calyrex|[spread] p2a,p2b\n|-resisted|p2a: Calyrex\n|-resisted|p2b: Urshifu\n|-damage|p2a: Calyrex|33/100\n|-damage|p2b: Urshifu|18/100\n|move|p2b: Urshifu|Close Combat|p1b: Calyrex\n|-damage|p1b: Calyrex|5/100\n|-unboost|p2b: Urshifu|def|1\n|-unboost|p2b: Urshifu|spd|1\n|-damage|p2b: Urshifu|8/100|[from] item: Life Orb\n|\n|-heal|p2a: Calyrex|39/100|[from] Grassy Terrain\n|-heal|p1b: Calyrex|11/100|[from] Grassy Terrain\n|-heal|p2b: Urshifu|14/100|[from] Grassy Terrain\n|-damage|p2a: Calyrex|27/100|[from] Leech Seed|[of] p1b: Calyrex\n|-heal|p1b: Calyrex|23/100|[silent]\n|upkeep\n|turn|5\n|inactive|cy2rexfiy has 30 seconds left.\n|\n|t:|1769323462\n|-terastallize|p2a: Calyrex|Grass\n|move|p1a: Rillaboom|Grassy Glide|p2a: Calyrex\n|-resisted|p2a: Calyrex\n|-damage|p2a: Calyrex|16/100\n|move|p2a: Calyrex|Glacial Lance|p1b: Calyrex|[spread] p1a,p1b\n|-supereffective|p1a: Rillaboom\n|-resisted|p1b: Calyrex\n|-damage|p1a: Rillaboom|0 fnt\n|-damage|p1b: Calyrex|5/100\n|faint|p1a: Rillaboom\n|-ability|p2a: Calyrex|Chilling Neigh|boost\n|-boost|p2a: Calyrex|atk|1\n|move|p1b: Calyrex|Glacial Lance|p2b: Urshifu|[spread] p2a,p2b\n|-supereffective|p2a: Calyrex\n|-resisted|p2b: Urshifu\n|-damage|p2a: Calyrex|0 fnt\n|-damage|p2b: Urshifu|0 fnt\n|faint|p2a: Calyrex\n|faint|p2b: Urshifu\n|-ability|p1b: Calyrex|Chilling Neigh|boost\n|-boost|p1b: Calyrex|atk|2\n|\n|-heal|p1b: Calyrex|11/100|[from] Grassy Terrain\n|upkeep\n|inactive|cy2rexfiy has 30 seconds left.\n|\n|t:|1769323490\n|switch|p1a: Terapagos|Terapagos-Terastal, L50, M|100/100\n|switch|p2b: Kyogre|Kyogre, L50|100/100\n|-weather|RainDance|[from] ability: Drizzle|[of] p2b: Kyogre\n|turn|6\n|\n|t:|1769323500\n|move|p2b: Kyogre|Water Spout|p1a: Terapagos|[spread] p1a,p1b\n|-activate|p1a: Terapagos|ability: Tera Shell\n|-resisted|p1a: Terapagos\n|-resisted|p1b: Calyrex\n|-damage|p1a: Terapagos|60/100\n|-damage|p1b: Calyrex|0 fnt\n|faint|p1b: Calyrex\n|move|p1a: Terapagos|Calm Mind|p1a: Terapagos\n|-boost|p1a: Terapagos|spa|1\n|-boost|p1a: Terapagos|spd|1\n|\n|-weather|RainDance|[upkeep]\n|-heal|p1a: Terapagos|66/100|[from] Grassy Terrain\n|-heal|p1a: Terapagos|72/100|[from] item: Leftovers\n|-fieldend|move: Trick Room\n|upkeep\n|turn|7\n|\n|t:|1769323517\n|move|p1a: Terapagos|Protect|p1a: Terapagos\n|-singleturn|p1a: Terapagos|Protect\n|move|p2b: Kyogre|Thunder|p1a: Terapagos\n|-activate|p1a: Terapagos|move: Protect\n|\n|-weather|RainDance|[upkeep]\n|-heal|p1a: Terapagos|77/100|[from] Grassy Terrain\n|-heal|p1a: Terapagos|83/100|[from] item: Leftovers\n|upkeep\n|turn|8\n|\n|t:|1769323528\n|move|p1a: Terapagos|Tera Starstorm|p2b: Kyogre\n|-damage|p2b: Kyogre|37/100\n|move|p2b: Kyogre|Thunder|p1a: Terapagos\n|-damage|p1a: Terapagos|58/100\n|\n|-weather|RainDance|[upkeep]\n|-heal|p1a: Terapagos|63/100|[from] Grassy Terrain\n|-heal|p1a: Terapagos|69/100|[from] item: Leftovers\n|-heal|p2b: Kyogre|43/100|[from] Grassy Terrain\n|-fieldend|move: Grassy Terrain\n|upkeep\n|turn|9\n|\n|t:|1769323540\n|move|p1a: Terapagos|Tera Starstorm|p2b: Kyogre\n|-damage|p2b: Kyogre|0 fnt\n|faint|p2b: Kyogre\n|\n|win|cy2rexfiy\n|raw|cy2rexfiy's rating: 1283 &rarr; <strong>1312</strong><br />(+29 for winning)\n|raw|lyxxx's rating: 1335 &rarr; <strong>1312</strong><br />(-23 for losing)\n|l|\u2606lyxxx\n|player|p2|\n|l|\u203dcy2rexfiy\n|player|p1|\n","uploadtime":1769323694,"views":9,"formatid":"gen9vgc2026regi","rating":1312,"private":0,"password":null}