{"id":"gen9vgc2026regi-2547503463","format":"[Gen 9] VGC 2026 Reg I","players":["qingxi\u98ce\u5996\u7cbe\u4fa0fyjx","thienhaha555"],"log":"|j|\u2606qingxi\u98ce\u5996\u7cbe\u4fa0fyjx\n|j|\u2606thienhaha555\n|t:|1772099891\n|gametype|doubles\n|player|p1|qingxi\u98ce\u5996\u7cbe\u4fa0fyjx|beauty-gen4dp|1432\n|player|p2|thienhaha555|beauty-gen4dp|1393\n|gen|9\n|tier|[Gen 9] VGC 2026 Reg I\n|rated|\n|rule|Species Clause: Limit one of each Pok\u00e9mon\n|rule|Item Clause: Limit 1 of each item\n|clearpoke\n|poke|p1|Kyogre, L50|\n|poke|p1|Luvdisc, L50, F|\n|poke|p1|Tornadus, L50, M|\n|poke|p1|Urshifu-*, L50, F|\n|poke|p1|Indeedee-F, L50, F|\n|poke|p1|Calyrex-Ice, L50|\n|poke|p2|Eternatus, L50|\n|poke|p2|Incineroar, L50, M|\n|poke|p2|Rillaboom, L50, F|\n|poke|p2|Toxapex, L50, M|\n|poke|p2|Calyrex-Shadow, L50|\n|poke|p2|Clodsire, L50, F|\n|teampreview|4\n|inactive|Battle timer is ON: inactive players will automatically lose when time's up. (requested by thienhaha555)\n|\n|t:|1772099912\n|teamsize|p1|4\n|teamsize|p2|4\n|start\n|switch|p1a: Kyogre|Kyogre, L50|100/100\n|switch|p1b: Luvdisc|Luvdisc, L50, F, shiny|100/100\n|switch|p2a: Eternatus|Eternatus, L50|100/100\n|switch|p2b: Clodsire|Clodsire, L50, F, shiny|100/100\n|-weather|RainDance|[from] ability: Drizzle|[of] p1a: Kyogre\n|-ability|p2a: Eternatus|Pressure\n|turn|1\n|\n|t:|1772099937\n|move|p1b: Luvdisc|Icy Wind|p2b: Clodsire|[spread] p2a,p2b\n|-supereffective|p2a: Eternatus\n|-supereffective|p2b: Clodsire\n|-damage|p2a: Eternatus|92/100\n|-damage|p2b: Clodsire|91/100\n|-unboost|p2a: Eternatus|spe|1\n|-unboost|p2b: Clodsire|spe|1\n|move|p1a: Kyogre|Ice Beam|p2a: Eternatus\n|-supereffective|p2a: Eternatus\n|-damage|p2a: Eternatus|20/100\n|move|p2a: Eternatus|Cosmic Power|p2a: Eternatus\n|-boost|p2a: Eternatus|def|1\n|-boost|p2a: Eternatus|spd|1\n|move|p2b: Clodsire|Toxic|p1a: Kyogre\n|-status|p1a: Kyogre|tox\n|\n|-weather|RainDance|[upkeep]\n|-heal|p2a: Eternatus|26/100|[from] item: Leftovers\n|-heal|p2b: Clodsire|97/100|[from] item: Black Sludge\n|-damage|p1a: Kyogre|94/100 tox|[from] psn\n|upkeep\n|turn|2\n|j| Rxu\n|\n|t:|1772099956\n|move|p2a: Eternatus|Protect|p2a: Eternatus\n|-singleturn|p2a: Eternatus|Protect\n|move|p1b: Luvdisc|Icy Wind|p2a: Eternatus|[spread] p2b\n|-activate|p2a: Eternatus|move: Protect\n|-supereffective|p2b: Clodsire\n|-damage|p2b: Clodsire|87/100\n|-unboost|p2b: Clodsire|spe|1\n|move|p1a: Kyogre|Ice Beam|p2b: Clodsire\n|-supereffective|p2b: Clodsire\n|-damage|p2b: Clodsire|24/100\n|-status|p2b: Clodsire|frz\n|cant|p2b: Clodsire|frz\n|\n|-weather|RainDance|[upkeep]\n|-heal|p2a: Eternatus|32/100|[from] item: Leftovers\n|-heal|p2b: Clodsire|30/100 frz|[from] item: Black Sludge\n|-damage|p1a: Kyogre|82/100 tox|[from] psn\n|upkeep\n|turn|3\n|\n|t:|1772099974\n|switch|p2b: Rillaboom|Rillaboom, L50, F|100/100\n|-fieldstart|move: Grassy Terrain|[from] ability: Grassy Surge|[of] p2b: Rillaboom\n|-terastallize|p2a: Eternatus|Fairy\n|move|p1b: Luvdisc|Icy Wind|p2b: Rillaboom|[spread] p2a,p2b\n|-supereffective|p2b: Rillaboom\n|-damage|p2a: Eternatus|29/100\n|-damage|p2b: Rillaboom|90/100\n|-unboost|p2a: Eternatus|spe|1\n|-unboost|p2b: Rillaboom|spe|1\n|move|p1a: Kyogre|Ice Beam|p2a: Eternatus\n|-damage|p2a: Eternatus|4/100\n|move|p2a: Eternatus|Recover|p2a: Eternatus\n|-heal|p2a: Eternatus|54/100\n|\n|-weather|RainDance|[upkeep]\n|-heal|p1a: Kyogre|88/100 tox|[from] Grassy Terrain\n|-heal|p2a: Eternatus|60/100|[from] Grassy Terrain\n|-heal|p2a: Eternatus|66/100|[from] item: Leftovers\n|-heal|p2b: Rillaboom|96/100|[from] Grassy Terrain\n|-damage|p1a: Kyogre|69/100 tox|[from] psn\n|upkeep\n|turn|4\n|inactive|qingxi\u98ce\u5996\u7cbe\u4fa0fyjx has 30 seconds left.\n|inactive|qingxi\u98ce\u5996\u7cbe\u4fa0fyjx has 20 seconds left.\n|\n|t:|1772100010\n|switch|p1b: Indeedee|Indeedee-F, L50, F|100/100\n|-fieldstart|move: Psychic Terrain|[from] ability: Psychic Surge|[of] p1b: Indeedee\n|move|p2b: Rillaboom|Fake Out|p1a: Kyogre\n|-activate|p1a: Kyogre|move: Psychic Terrain\n|move|p1a: Kyogre|Ice Beam|p2b: Rillaboom\n|-supereffective|p2b: Rillaboom\n|-damage|p2b: Rillaboom|25/100\n|move|p2a: Eternatus|Cosmic Power|p2a: Eternatus\n|-boost|p2a: Eternatus|def|1\n|-boost|p2a: Eternatus|spd|1\n|\n|-weather|RainDance|[upkeep]\n|-heal|p2a: Eternatus|72/100|[from] item: Leftovers\n|-damage|p1a: Kyogre|45/100 tox|[from] psn\n|upkeep\n|turn|5\n|\n|t:|1772100027\n|switch|p1b: Luvdisc|Luvdisc, L50, F, shiny|100/100\n|switch|p2b: Clodsire|Clodsire, L50, F, shiny|30/100 frz\n|move|p1a: Kyogre|Ice Beam|p2b: Clodsire\n|-supereffective|p2b: Clodsire\n|-damage|p2b: Clodsire|0 fnt\n|faint|p2b: Clodsire\n|move|p2a: Eternatus|Cosmic Power|p2a: Eternatus\n|-boost|p2a: Eternatus|def|1\n|-boost|p2a: Eternatus|spd|1\n|\n|-weather|none\n|-heal|p2a: Eternatus|78/100|[from] item: Leftovers\n|-damage|p1a: Kyogre|13/100 tox|[from] psn\n|upkeep\n|inactive|thienhaha555 has 30 seconds left.\n|\n|t:|1772100053\n|switch|p2b: Calyrex|Calyrex-Shadow, L50|100/100\n|-ability|p2b: Calyrex|As One\n|-ability|p2b: Calyrex|Unnerve\n|turn|6\n|\n|t:|1772100063\n|switch|p1a: Indeedee|Indeedee-F, L50, F|100/100\n|move|p2b: Calyrex|Astral Barrage|p1b: Luvdisc|[spread] p1b\n|-immune|p1a: Indeedee\n|-enditem|p1b: Luvdisc|Focus Sash\n|-damage|p1b: Luvdisc|1/100\n|move|p1b: Luvdisc|Endeavor|p2a: Eternatus\n|-damage|p2a: Eternatus|1/100\n|move|p2a: Eternatus|Cosmic Power|p2a: Eternatus\n|-boost|p2a: Eternatus|def|1\n|-boost|p2a: Eternatus|spd|1\n|\n|-heal|p2a: Eternatus|7/100|[from] item: Leftovers\n|upkeep\n|turn|7\n|\n|t:|1772100079\n|move|p2b: Calyrex|Astral Barrage|p1b: Luvdisc|[spread] p1b\n|-immune|p1a: Indeedee\n|-damage|p1b: Luvdisc|0 fnt\n|faint|p1b: Luvdisc\n|-ability|p2b: Calyrex|Grim Neigh|boost\n|-boost|p2b: Calyrex|spa|1\n|move|p1a: Indeedee|Psychic|p2a: Eternatus\n|-damage|p2a: Eternatus|0 fnt\n|faint|p2a: Eternatus\n|\n|upkeep\n|\n|t:|1772100094\n|switch|p1b: Calyrex|Calyrex-Ice, L50|100/100\n|switch|p2a: Rillaboom|Rillaboom, L50, F|25/100\n|-ability|p1b: Calyrex|As One\n|-ability|p1b: Calyrex|Unnerve\n|-fieldstart|move: Grassy Terrain|[from] ability: Grassy Surge|[of] p2a: Rillaboom\n|turn|8\n|inactive|qingxi\u98ce\u5996\u7cbe\u4fa0fyjx has 30 seconds left.\n|\n|t:|1772100123\n|switch|p1b: Kyogre|Kyogre, L50|13/100 tox\n|-weather|RainDance|[from] ability: Drizzle|[of] p1b: Kyogre\n|move|p2a: Rillaboom|Fake Out|p1b: Kyogre\n|-damage|p1b: Kyogre|0 fnt\n|faint|p1b: Kyogre\n|move|p2b: Calyrex|Encore|p1a: Indeedee\n|-start|p1a: Indeedee|Encore\n|move|p1a: Indeedee|Psychic|p2b: Calyrex\n|-resisted|p2b: Calyrex\n|-damage|p2b: Calyrex|85/100\n|\n|-weather|RainDance|[upkeep]\n|-heal|p2b: Calyrex|91/100|[from] Grassy Terrain\n|-heal|p2a: Rillaboom|31/100|[from] Grassy Terrain\n|upkeep\n|c|\u2606thienhaha555|lol indeen sp than cal\n|\n|t:|1772100132\n|switch|p1b: Calyrex|Calyrex-Ice, L50|100/100\n|-ability|p1b: Calyrex|As One\n|-ability|p1b: Calyrex|Unnerve\n|turn|9\n|\n|t:|1772100141\n|-terastallize|p1b: Calyrex|Grass\n|move|p2b: Calyrex|Astral Barrage|p1a: Indeedee|[spread] p1b\n|-immune|p1a: Indeedee\n|-damage|p1b: Calyrex|42/100\n|move|p2a: Rillaboom|Wood Hammer|p1b: Calyrex\n|-resisted|p1b: Calyrex\n|-damage|p1b: Calyrex|17/100\n|-damage|p2a: Rillaboom|23/100|[from] Recoil\n|move|p1a: Indeedee|Psychic|p2a: Rillaboom\n|-damage|p2a: Rillaboom|5/100\n|move|p1b: Calyrex|Icicle Spear|p2b: Calyrex\n|-damage|p2b: Calyrex|68/100\n|-damage|p2b: Calyrex|48/100\n|-damage|p2b: Calyrex|28/100\n|-damage|p2b: Calyrex|8/100\n|-hitcount|p2b: Calyrex|4\n|\n|-weather|RainDance|[upkeep]\n|-heal|p2b: Calyrex|14/100|[from] Grassy Terrain\n|-heal|p2a: Rillaboom|11/100|[from] Grassy Terrain\n|-heal|p1b: Calyrex|24/100|[from] Grassy Terrain\n|upkeep\n|turn|10\n|\n|t:|1772100163\n|move|p1b: Calyrex|Protect|p1b: Calyrex\n|-singleturn|p1b: Calyrex|Protect\n|move|p2b: Calyrex|Astral Barrage|p1a: Indeedee|[spread] \n|-activate|p1b: Calyrex|move: Protect\n|-immune|p1a: Indeedee\n|move|p1a: Indeedee|Psychic|p2b: Calyrex\n|-resisted|p2b: Calyrex\n|-damage|p2b: Calyrex|0 fnt\n|faint|p2b: Calyrex\n|move|p2a: Rillaboom|Wood Hammer|p1a: Indeedee\n|-crit|p1a: Indeedee\n|-damage|p1a: Indeedee|7/100\n|-enditem|p1a: Indeedee|Sitrus Berry|[eat]\n|-heal|p1a: Indeedee|32/100|[from] item: Sitrus Berry\n|-damage|p2a: Rillaboom|0 fnt|[from] Recoil\n|faint|p2a: Rillaboom\n|\n|win|qingxi\u98ce\u5996\u7cbe\u4fa0fyjx\n|raw|qingxi\u98ce\u5996\u7cbe\u4fa0fyjx's rating: 1432 &rarr; <strong>1450</strong><br />(+18 for winning)\n|raw|thienhaha555's rating: 1393 &rarr; <strong>1375</strong><br />(-18 for losing)\n|l|\u2606thienhaha555\n|player|p2|\n|l|\u2606qingxi\u98ce\u5996\u7cbe\u4fa0fyjx\n|player|p1|\n|l| Rxu\n","uploadtime":1772100346,"views":19,"formatid":"gen9vgc2026regi","rating":1375,"private":0,"password":null}