{"id":"gen9vgc2026regi-2568548241","format":"[Gen 9] VGC 2026 Reg I","players":["jerry rivera","biludbiludbilud"],"log":"|j|\u2606jerry rivera\n|j|\u2606biludbiludbilud\n|t:|1774594301\n|gametype|doubles\n|player|p1|jerry rivera|silver|1389\n|player|p2|biludbiludbilud|lucas|1470\n|gen|9\n|tier|[Gen 9] VGC 2026 Reg I\n|rated|\n|rule|Species Clause: Limit one of each Pok\u00e9mon\n|rule|Item Clause: Limit 1 of each item\n|clearpoke\n|poke|p1|Kyogre, L50|\n|poke|p1|Zacian-*, L50|\n|poke|p1|Tornadus, L50, M|\n|poke|p1|Amoonguss, L50, F|\n|poke|p1|Chien-Pao, L50|\n|poke|p1|Urshifu-*, L50, M|\n|poke|p2|Zamazenta-*, L50|\n|poke|p2|Calyrex-Shadow, L50|\n|poke|p2|Tornadus, L50, M|\n|poke|p2|Rillaboom, L50, F|\n|poke|p2|Smeargle, L50, F|\n|poke|p2|Raging Bolt, L50|\n|teampreview|4\n|inactive|Battle timer is ON: inactive players will automatically lose when time's up. (requested by biludbiludbilud)\n|\n|t:|1774594322\n|teamsize|p1|4\n|teamsize|p2|4\n|start\n|switch|p1a: Zacian|Zacian-Crowned, L50|100/100\n|switch|p1b: Tornadus|Tornadus, L50, M|100/100\n|switch|p2a: Calyrex|Calyrex-Shadow, L50|100/100\n|switch|p2b: Smeargle|Smeargle, L50, F|100/100\n|-ability|p2a: Calyrex|As One\n|-ability|p2a: Calyrex|Unnerve\n|-ability|p1a: Zacian|Intrepid Sword|boost\n|-boost|p1a: Zacian|atk|1\n|turn|1\n|\n|t:|1774594339\n|-terastallize|p1b: Tornadus|Ghost\n|move|p1a: Zacian|Protect|p1a: Zacian\n|-singleturn|p1a: Zacian|Protect\n|move|p2b: Smeargle|Fake Out|p1a: Zacian\n|-activate|p1a: Zacian|move: Protect\n|move|p1b: Tornadus|Tailwind|p1b: Tornadus\n|-sidestart|p1: jerry rivera|move: Tailwind\n|move|p2a: Calyrex|Astral Barrage|p1b: Tornadus|[spread] p1b\n|-activate|p1a: Zacian|move: Protect\n|-supereffective|p1b: Tornadus\n|-damage|p1b: Tornadus|0 fnt\n|faint|p1b: Tornadus\n|-ability|p2a: Calyrex|Grim Neigh|boost\n|-boost|p2a: Calyrex|spa|1\n|-damage|p2a: Calyrex|91/100|[from] item: Life Orb\n|\n|-ability|p2b: Smeargle|Moody|boost\n|-boost|p2b: Smeargle|spa|2\n|-unboost|p2b: Smeargle|atk|1\n|upkeep\n|\n|t:|1774594347\n|switch|p1b: Kyogre|Kyogre, L50|100/100\n|-weather|RainDance|[from] ability: Drizzle|[of] p1b: Kyogre\n|turn|2\n|\n|t:|1774594363\n|move|p2a: Calyrex|Protect|p2a: Calyrex\n|-singleturn|p2a: Calyrex|Protect\n|move|p1a: Zacian|Behemoth Blade|p2b: Smeargle\n|-enditem|p2b: Smeargle|Focus Sash\n|-damage|p2b: Smeargle|1/100\n|move|p1b: Kyogre|Water Spout|p2b: Smeargle|[spread] p2b\n|-activate|p2a: Calyrex|move: Protect\n|-damage|p2b: Smeargle|0 fnt\n|faint|p2b: Smeargle\n|\n|-weather|RainDance|[upkeep]\n|upkeep\n|\n|t:|1774594368\n|switch|p2b: Raging Bolt|Raging Bolt, L50|100/100\n|-enditem|p2b: Raging Bolt|Booster Energy\n|-activate|p2b: Raging Bolt|ability: Protosynthesis|[fromitem]\n|-start|p2b: Raging Bolt|protosynthesisspa\n|turn|3\n|\n|t:|1774594376\n|switch|p1b: Amoonguss|Amoonguss, L50, F|100/100\n|-terastallize|p2b: Raging Bolt|Electric\n|move|p2b: Raging Bolt|Thunderclap||[still]\n|-fail|p2b: Raging Bolt\n|move|p1a: Zacian|Behemoth Blade|p2a: Calyrex\n|-crit|p2a: Calyrex\n|-damage|p2a: Calyrex|0 fnt\n|faint|p2a: Calyrex\n|\n|-weather|RainDance|[upkeep]\n|upkeep\n|\n|t:|1774594379\n|switch|p2a: Zamazenta|Zamazenta-Crowned, L50|100/100\n|-ability|p2a: Zamazenta|Dauntless Shield|boost\n|-boost|p2a: Zamazenta|def|1\n|turn|4\n|\n|t:|1774594395\n|move|p1b: Amoonguss|Rage Powder|p1b: Amoonguss\n|-singleturn|p1b: Amoonguss|move: Rage Powder\n|move|p1a: Zacian|Swords Dance|p1a: Zacian\n|-boost|p1a: Zacian|atk|2\n|move|p2a: Zamazenta|Body Press|p1b: Amoonguss\n|-resisted|p1b: Amoonguss\n|-damage|p1b: Amoonguss|74/100\n|-damage|p2a: Zamazenta|84/100|[from] item: Rocky Helmet|[of] p1b: Amoonguss\n|move|p2b: Raging Bolt|Thunderbolt|p1b: Amoonguss\n|-resisted|p1b: Amoonguss\n|-damage|p1b: Amoonguss|29/100\n|-status|p1b: Amoonguss|par\n|\n|-weather|RainDance|[upkeep]\n|-sideend|p1: jerry rivera|move: Tailwind\n|upkeep\n|turn|5\n|\n|t:|1774594410\n|move|p1a: Zacian|Play Rough|p2b: Raging Bolt\n|-damage|p2b: Raging Bolt|4/100\n|move|p2a: Zamazenta|Body Press|p1b: Amoonguss\n|-resisted|p1b: Amoonguss\n|-damage|p1b: Amoonguss|5/100 par\n|-damage|p2a: Zamazenta|67/100|[from] item: Rocky Helmet|[of] p1b: Amoonguss\n|move|p2b: Raging Bolt|Thunderbolt|p1a: Zacian\n|-damage|p1a: Zacian|24/100\n|move|p1b: Amoonguss|Spore|p2a: Zamazenta\n|-status|p2a: Zamazenta|slp|[from] move: Spore\n|\n|-weather|RainDance|[upkeep]\n|upkeep\n|turn|6\n|-message|biludbiludbilud forfeited.\n|\n|win|jerry rivera\n|raw|jerry rivera's rating: 1389 &rarr; <strong>1414</strong><br />(+25 for winning)\n|raw|biludbiludbilud's rating: 1470 &rarr; <strong>1445</strong><br />(-25 for losing)\n|l|\u2606biludbiludbilud\n|player|p2|\n|l|\u2606jerry rivera\n|player|p1|\n","uploadtime":1774594705,"views":12,"formatid":"gen9vgc2026regi","rating":1414,"private":0,"password":null}