{"id":"gen9vgc2026regi-2577037557","format":"[Gen 9] VGC 2026 Reg I","players":["gabolve","SpooBear"],"log":"|j|\u2606gabolve\n|j|\u2606SpooBear\n|t:|1775529669\n|gametype|doubles\n|player|p1|gabolve|maid|1254\n|player|p2|SpooBear|gentleman-gen4dp|1275\n|gen|9\n|tier|[Gen 9] VGC 2026 Reg I\n|rated|\n|rule|Species Clause: Limit one of each Pok\u00e9mon\n|rule|Item Clause: Limit 1 of each item\n|clearpoke\n|poke|p1|Calyrex-Ice, L50|\n|poke|p1|Indeedee-F, L50, F|\n|poke|p1|Iron Hands, L50|\n|poke|p1|Kyogre, L50|\n|poke|p1|Archaludon, L50, F|\n|poke|p1|Sinistcha-Masterpiece, L50|\n|poke|p2|Calyrex-Ice, L50|\n|poke|p2|Flutter Mane, L50|\n|poke|p2|Incineroar, L50, F|\n|poke|p2|Koraidon, L50|\n|poke|p2|Rillaboom, L50, M|\n|poke|p2|Umbreon, L50, F|\n|teampreview|4\n|inactive|Battle timer is ON: inactive players will automatically lose when time's up. (requested by gabolve)\n|\n|t:|1775529692\n|teamsize|p1|4\n|teamsize|p2|4\n|start\n|switch|p1a: eedeednI|Indeedee-F, L50, F|100/100\n|switch|p1b: ecI-xerylaC|Calyrex-Ice, L50|100/100\n|switch|p2a: Flutter Mane|Flutter Mane, L50|100/100\n|switch|p2b: Calyrex|Calyrex-Ice, L50|100/100\n|-ability|p2b: Calyrex|As One\n|-ability|p2b: Calyrex|Unnerve\n|-ability|p1b: ecI-xerylaC|As One\n|-ability|p1b: ecI-xerylaC|Unnerve\n|-fieldstart|move: Psychic Terrain|[from] ability: Psychic Surge|[of] p1a: eedeednI\n|-enditem|p1a: eedeednI|Psychic Seed\n|-boost|p1a: eedeednI|spd|1|[from] item: Psychic Seed\n|turn|1\n|\n|t:|1775529715\n|move|p1a: eedeednI|Follow Me|p1a: eedeednI\n|-singleturn|p1a: eedeednI|move: Follow Me\n|move|p2a: Flutter Mane|Dazzling Gleam|p1a: eedeednI|[spread] p1a,p1b\n|-damage|p1a: eedeednI|75/100\n|-damage|p1b: ecI-xerylaC|67/100\n|move|p2b: Calyrex|Leech Seed|p1a: eedeednI\n|-start|p1a: eedeednI|move: Leech Seed\n|move|p1b: ecI-xerylaC|Glacial Lance|p2a: Flutter Mane|[spread] p2a,p2b\n|-resisted|p2b: Calyrex\n|-damage|p2a: Flutter Mane|0 fnt\n|-damage|p2b: Calyrex|81/100\n|faint|p2a: Flutter Mane\n|-end|p2a: Flutter Mane|Protosynthesis|[silent]\n|-ability|p1b: ecI-xerylaC|Chilling Neigh|boost\n|-boost|p1b: ecI-xerylaC|atk|1\n|\n|-heal|p2b: Calyrex|87/100|[from] item: Leftovers\n|-damage|p1a: eedeednI|62/100|[from] Leech Seed|[of] p2b: Calyrex\n|-heal|p2b: Calyrex|98/100|[silent]\n|upkeep\n|\n|t:|1775529729\n|switch|p2a: Rillaboom|Rillaboom, L50, M|100/100\n|-fieldstart|move: Grassy Terrain|[from] ability: Grassy Surge|[of] p2a: Rillaboom\n|turn|2\n|\n|t:|1775529739\n|switch|p1a: nodulahcrA|Archaludon, L50, F|100/100\n|move|p1b: ecI-xerylaC|Protect|p1b: ecI-xerylaC\n|-singleturn|p1b: ecI-xerylaC|Protect\n|move|p2a: Rillaboom|Fake Out|p1b: ecI-xerylaC\n|-activate|p1b: ecI-xerylaC|move: Protect\n|move|p2b: Calyrex|Leech Seed|p1b: ecI-xerylaC\n|-activate|p1b: ecI-xerylaC|move: Protect\n|\n|-heal|p2b: Calyrex|100/100|[from] Grassy Terrain\n|-heal|p1b: ecI-xerylaC|73/100|[from] Grassy Terrain\n|upkeep\n|turn|3\n|inactive|gabolve has 30 seconds left.\n|\n|t:|1775529765\n|-terastallize|p2a: Rillaboom|Fire\n|move|p2a: Rillaboom|Wood Hammer|p1b: ecI-xerylaC\n|-damage|p1b: ecI-xerylaC|28/100\n|-damage|p2a: Rillaboom|86/100|[from] Recoil\n|move|p1a: nodulahcrA|Dragon Pulse|p2a: Rillaboom\n|-crit|p2a: Rillaboom\n|-damage|p2a: Rillaboom|45/100\n|move|p2b: Calyrex|Leech Seed|p1b: ecI-xerylaC|[miss]\n|-miss|p2b: Calyrex|p1b: ecI-xerylaC\n|move|p1b: ecI-xerylaC|Glacial Lance|p2a: Rillaboom|[spread] p2a,p2b\n|-resisted|p2a: Rillaboom\n|-resisted|p2b: Calyrex\n|-damage|p2a: Rillaboom|1/100\n|-damage|p2b: Calyrex|72/100\n|\n|-heal|p2a: Rillaboom|7/100|[from] Grassy Terrain\n|-heal|p2b: Calyrex|78/100|[from] Grassy Terrain\n|-heal|p2b: Calyrex|84/100|[from] item: Leftovers\n|-heal|p1b: ecI-xerylaC|34/100|[from] Grassy Terrain\n|upkeep\n|turn|4\n|\n|t:|1775529784\n|switch|p2a: Koraidon|Koraidon, L50|100/100\n|-weather|SunnyDay|[from] ability: Orichalcum Pulse|[of] p2a: Koraidon\n|-activate|p2a: Koraidon|Orichalcum Pulse|[source]\n|move|p1b: ecI-xerylaC|Protect|p1b: ecI-xerylaC\n|-singleturn|p1b: ecI-xerylaC|Protect\n|move|p1a: nodulahcrA|Dragon Pulse|p2a: Koraidon\n|-supereffective|p2a: Koraidon\n|-damage|p2a: Koraidon|22/100\n|move|p2b: Calyrex|Leech Seed|p1a: nodulahcrA\n|-start|p1a: nodulahcrA|move: Leech Seed\n|\n|-weather|SunnyDay|[upkeep]\n|-heal|p2a: Koraidon|29/100|[from] Grassy Terrain\n|-heal|p2b: Calyrex|90/100|[from] Grassy Terrain\n|-heal|p2b: Calyrex|96/100|[from] item: Leftovers\n|-heal|p1b: ecI-xerylaC|40/100|[from] Grassy Terrain\n|-damage|p1a: nodulahcrA|88/100|[from] Leech Seed|[of] p2b: Calyrex\n|-heal|p2b: Calyrex|100/100|[silent]\n|upkeep\n|turn|5\n|\n|t:|1775529803\n|switch|p1b: eedeednI|Indeedee-F, L50, F|62/100\n|-fieldstart|move: Psychic Terrain|[from] ability: Psychic Surge|[of] p1b: eedeednI\n|move|p2a: Koraidon|Collision Course|p1a: nodulahcrA\n|-supereffective|p1a: nodulahcrA\n|-damage|p1a: nodulahcrA|0 fnt\n|faint|p1a: nodulahcrA\n|-damage|p2a: Koraidon|19/100|[from] item: Life Orb\n|move|p2b: Calyrex|Glacial Lance|p1b: eedeednI\n|-damage|p1b: eedeednI|0 fnt\n|faint|p1b: eedeednI\n|-ability|p2b: Calyrex|Chilling Neigh|boost\n|-boost|p2b: Calyrex|atk|1\n|\n|-weather|SunnyDay|[upkeep]\n|upkeep\n|\n|t:|1775529812\n|switch|p1b: ecI-xerylaC|Calyrex-Ice, L50|40/100\n|switch|p1a: ergoyK|Kyogre, L50|100/100\n|-ability|p1b: ecI-xerylaC|As One\n|-ability|p1b: ecI-xerylaC|Unnerve\n|-weather|RainDance|[from] ability: Drizzle|[of] p1a: ergoyK\n|turn|6\n|\n|t:|1775529825\n|switch|p2a: Rillaboom|Rillaboom, L50, M, tera:Fire|7/100\n|-fieldstart|move: Grassy Terrain|[from] ability: Grassy Surge|[of] p2a: Rillaboom\n|-terastallize|p1a: ergoyK|Water\n|move|p2b: Calyrex|Protect|p2b: Calyrex\n|-singleturn|p2b: Calyrex|Protect\n|move|p1a: ergoyK|Water Spout|p2a: Rillaboom|[spread] p2a\n|-activate|p2b: Calyrex|move: Protect\n|-supereffective|p2a: Rillaboom\n|-damage|p2a: Rillaboom|0 fnt\n|faint|p2a: Rillaboom\n|move|p1b: ecI-xerylaC|Trick Room|p1b: ecI-xerylaC\n|-fieldstart|move: Trick Room|[of] p1b: ecI-xerylaC\n|\n|-weather|RainDance|[upkeep]\n|-heal|p1b: ecI-xerylaC|46/100|[from] Grassy Terrain\n|upkeep\n|\n|t:|1775529839\n|switch|p2a: Koraidon|Koraidon, L50|19/100\n|-weather|SunnyDay|[from] ability: Orichalcum Pulse|[of] p2a: Koraidon\n|-activate|p2a: Koraidon|Orichalcum Pulse|[source]\n|turn|7\n|\n|t:|1775529850\n|move|p1b: ecI-xerylaC|Protect|p1b: ecI-xerylaC\n|-singleturn|p1b: ecI-xerylaC|Protect\n|move|p2a: Koraidon|Protect|p2a: Koraidon\n|-singleturn|p2a: Koraidon|Protect\n|move|p2b: Calyrex|Glacial Lance|p1a: ergoyK|[spread] p1a\n|-activate|p1b: ecI-xerylaC|move: Protect\n|-resisted|p1a: ergoyK\n|-damage|p1a: ergoyK|61/100\n|move|p1a: ergoyK|Origin Pulse|p2b: Calyrex|[spread] p2b\n|-activate|p2a: Koraidon|move: Protect\n|-damage|p2b: Calyrex|73/100\n|\n|-weather|SunnyDay|[upkeep]\n|-heal|p1b: ecI-xerylaC|52/100|[from] Grassy Terrain\n|-heal|p2b: Calyrex|79/100|[from] Grassy Terrain\n|-heal|p2b: Calyrex|85/100|[from] item: Leftovers\n|-heal|p1a: ergoyK|67/100|[from] Grassy Terrain\n|-heal|p2a: Koraidon|25/100|[from] Grassy Terrain\n|upkeep\n|turn|8\n|\n|t:|1775529867\n|move|p2a: Koraidon|Protect||[still]\n|-fail|p2a: Koraidon\n|move|p1b: ecI-xerylaC|Glacial Lance|p2b: Calyrex|[spread] p2a,p2b\n|-supereffective|p2a: Koraidon\n|-resisted|p2b: Calyrex\n|-damage|p2a: Koraidon|0 fnt\n|-damage|p2b: Calyrex|65/100\n|faint|p2a: Koraidon\n|-ability|p1b: ecI-xerylaC|Chilling Neigh|boost\n|-boost|p1b: ecI-xerylaC|atk|1\n|move|p2b: Calyrex|Leech Seed|p1a: ergoyK\n|-start|p1a: ergoyK|move: Leech Seed\n|move|p1a: ergoyK|Ice Beam|p2b: Calyrex\n|-resisted|p2b: Calyrex\n|-damage|p2b: Calyrex|52/100\n|\n|-weather|SunnyDay|[upkeep]\n|-heal|p1b: ecI-xerylaC|58/100|[from] Grassy Terrain\n|-heal|p2b: Calyrex|58/100|[from] Grassy Terrain\n|-heal|p2b: Calyrex|64/100|[from] item: Leftovers\n|-heal|p1a: ergoyK|73/100|[from] Grassy Terrain\n|-damage|p1a: ergoyK|61/100|[from] Leech Seed|[of] p2b: Calyrex\n|-heal|p2b: Calyrex|76/100|[silent]\n|upkeep\n|turn|9\n|\n|t:|1775529887\n|move|p2b: Calyrex|Protect|p2b: Calyrex\n|-singleturn|p2b: Calyrex|Protect\n|move|p1b: ecI-xerylaC|Glacial Lance|p2b: Calyrex\n|-activate|p2b: Calyrex|move: Protect\n|move|p1a: ergoyK|Ice Beam|p2b: Calyrex\n|-activate|p2b: Calyrex|move: Protect\n|\n|-weather|SunnyDay|[upkeep]\n|-heal|p1b: ecI-xerylaC|64/100|[from] Grassy Terrain\n|-heal|p2b: Calyrex|82/100|[from] Grassy Terrain\n|-heal|p2b: Calyrex|87/100|[from] item: Leftovers\n|-heal|p1a: ergoyK|67/100|[from] Grassy Terrain\n|-damage|p1a: ergoyK|55/100|[from] Leech Seed|[of] p2b: Calyrex\n|-heal|p2b: Calyrex|99/100|[silent]\n|upkeep\n|turn|10\n|\n|t:|1775529904\n|move|p1b: ecI-xerylaC|High Horsepower|p2b: Calyrex\n|-damage|p2b: Calyrex|63/100\n|move|p2b: Calyrex|Leech Seed|p1b: ecI-xerylaC\n|-start|p1b: ecI-xerylaC|move: Leech Seed\n|move|p1a: ergoyK|Ice Beam|p2b: Calyrex\n|-resisted|p2b: Calyrex\n|-damage|p2b: Calyrex|51/100\n|\n|-weather|SunnyDay|[upkeep]\n|-heal|p1b: ecI-xerylaC|70/100|[from] Grassy Terrain\n|-heal|p2b: Calyrex|57/100|[from] Grassy Terrain\n|-heal|p2b: Calyrex|63/100|[from] item: Leftovers\n|-heal|p1a: ergoyK|60/100|[from] Grassy Terrain\n|-damage|p1b: ecI-xerylaC|58/100|[from] Leech Seed|[of] p2b: Calyrex\n|-heal|p2b: Calyrex|75/100|[silent]\n|-damage|p1a: ergoyK|48/100|[from] Leech Seed|[of] p2b: Calyrex\n|-heal|p2b: Calyrex|87/100|[silent]\n|-fieldend|move: Trick Room\n|-fieldend|move: Grassy Terrain\n|upkeep\n|turn|11\n|\n|t:|1775529921\n|move|p1a: ergoyK|Ice Beam|p2b: Calyrex\n|-resisted|p2b: Calyrex\n|-damage|p2b: Calyrex|74/100\n|move|p2b: Calyrex|Glacial Lance|p1a: ergoyK|[spread] p1a,p1b\n|-resisted|p1a: ergoyK\n|-resisted|p1b: ecI-xerylaC\n|-crit|p1b: ecI-xerylaC\n|-damage|p1a: ergoyK|11/100\n|-damage|p1b: ecI-xerylaC|14/100\n|move|p1b: ecI-xerylaC|High Horsepower|p2b: Calyrex\n|-damage|p2b: Calyrex|32/100\n|\n|-weather|none\n|-heal|p2b: Calyrex|38/100|[from] item: Leftovers\n|-damage|p1a: ergoyK|0 fnt|[from] Leech Seed|[of] p2b: Calyrex\n|-heal|p2b: Calyrex|48/100|[silent]\n|faint|p1a: ergoyK\n|-damage|p1b: ecI-xerylaC|2/100|[from] Leech Seed|[of] p2b: Calyrex\n|-heal|p2b: Calyrex|60/100|[silent]\n|upkeep\n|turn|12\n|\n|t:|1775529936\n|move|p2b: Calyrex|Protect|p2b: Calyrex\n|-singleturn|p2b: Calyrex|Protect\n|move|p1b: ecI-xerylaC|High Horsepower|p2b: Calyrex\n|-activate|p2b: Calyrex|move: Protect\n|\n|-heal|p2b: Calyrex|66/100|[from] item: Leftovers\n|-damage|p1b: ecI-xerylaC|0 fnt|[from] Leech Seed|[of] p2b: Calyrex\n|-heal|p2b: Calyrex|67/100|[silent]\n|faint|p1b: ecI-xerylaC\n|\n|win|SpooBear\n|raw|gabolve's rating: 1254 &rarr; <strong>1231</strong><br />(-23 for losing)\n|raw|SpooBear's rating: 1275 &rarr; <strong>1298</strong><br />(+23 for winning)\n|c|\u2606SpooBear|gg\n","uploadtime":1775529950,"views":35,"formatid":"gen9vgc2026regi","rating":1231,"private":0,"password":null}