{"id":"gen9vgc2026regi-2573801527","format":"[Gen 9] VGC 2026 Reg I","players":["chowski3","Mirthinion"],"log":"|j|\u2606chowski3\n|j|\u2606Mirthinion\n|t:|1775166233\n|gametype|doubles\n|player|p1|chowski3|265|1475\n|player|p2|Mirthinion|janitor|1551\n|gen|9\n|tier|[Gen 9] VGC 2026 Reg I\n|rated|\n|rule|Species Clause: Limit one of each Pok\u00e9mon\n|rule|Item Clause: Limit 1 of each item\n|clearpoke\n|poke|p1|Amoonguss, L50, F|\n|poke|p1|Calyrex-Ice, L50|\n|poke|p1|Kyogre, L50|\n|poke|p1|Urshifu-*, L50, F|\n|poke|p1|Rillaboom, L50, M|\n|poke|p1|Flutter Mane, L50|\n|poke|p2|Calyrex-Shadow, L50|\n|poke|p2|Zamazenta-*, L50|\n|poke|p2|Urshifu-*, L50, M|\n|poke|p2|Incineroar, L50, M|\n|poke|p2|Rillaboom, L50, M|\n|poke|p2|Tornadus, L50, M|\n|teampreview|4\n|inactive|Battle timer is ON: inactive players will automatically lose when time's up. (requested by Mirthinion)\nMirthinion rejected open team sheets.\n|\n|t:|1775166260\n|teamsize|p1|4\n|teamsize|p2|4\n|start\n|switch|p1a: Calyrex|Calyrex-Ice, L50|100/100\n|switch|p1b: Rillaboom|Rillaboom, L50, M|100/100\n|switch|p2a: Beowulf|Urshifu-Rapid-Strike, L50, M|100/100\n|switch|p2b: Wolfgang|Incineroar, L50, M|100/100\n|-ability|p1a: Calyrex|As One\n|-ability|p1a: Calyrex|Unnerve\n|-fieldstart|move: Grassy Terrain|[from] ability: Grassy Surge|[of] p1b: Rillaboom\n|-ability|p2b: Wolfgang|Intimidate|boost\n|-unboost|p1a: Calyrex|atk|1\n|-unboost|p1b: Rillaboom|atk|1\n|turn|1\n|inactive|chowski3 has 30 seconds left.\n|inactive|Mirthinion has 30 seconds left.\n|inactive|chowski3 has 20 seconds left.\n|\n|t:|1775166298\n|-terastallize|p2a: Beowulf|Ghost\n|move|p1b: Rillaboom|Fake Out|p2b: Wolfgang\n|-damage|p2b: Wolfgang|93/100\n|cant|p2b: Wolfgang|flinch\n|move|p2a: Beowulf|Surging Strikes|p1a: Calyrex\n|-crit|p1a: Calyrex\n|-damage|p1a: Calyrex|84/100\n|-crit|p1a: Calyrex\n|-damage|p1a: Calyrex|68/100\n|-crit|p1a: Calyrex\n|-damage|p1a: Calyrex|51/100\n|-hitcount|p1a: Calyrex|3\n|move|p1a: Calyrex|Trick Room|p1a: Calyrex\n|-fieldstart|move: Trick Room|[of] p1a: Calyrex\n|\n|-heal|p1a: Calyrex|57/100|[from] Grassy Terrain\n|-heal|p1a: Calyrex|63/100|[from] item: Leftovers\n|-heal|p2b: Wolfgang|99/100|[from] Grassy Terrain\n|upkeep\n|turn|2\n|inactive|chowski3 has 30 seconds left.\n|inactive|Mirthinion has 30 seconds left.\n|inactive|chowski3 has 20 seconds left.\n|inactive|chowski3 has 15 seconds left.\n|\n|t:|1775166339\n|-terastallize|p1a: Calyrex|Fairy\n|move|p1a: Calyrex|Glacial Lance|p2b: Wolfgang|[spread] p2a,p2b\n|-resisted|p2b: Wolfgang\n|-damage|p2a: Beowulf|70/100\n|-damage|p2b: Wolfgang|84/100\n|move|p2b: Wolfgang|Knock Off|p1a: Calyrex\n|-resisted|p1a: Calyrex\n|-damage|p1a: Calyrex|53/100\n|-enditem|p1a: Calyrex|Leftovers|[from] move: Knock Off|[of] p2b: Wolfgang\n|move|p1b: Rillaboom|U-turn|p2a: Beowulf\n|-resisted|p2a: Beowulf\n|-damage|p2a: Beowulf|62/100\n|\n|t:|1775166348\n|switch|p1b: Amoonguss|Amoonguss, L50, F|100/100|[from] U-turn\n|move|p2a: Beowulf|Surging Strikes|p1a: Calyrex\n|-crit|p1a: Calyrex\n|-damage|p1a: Calyrex|37/100\n|-crit|p1a: Calyrex\n|-damage|p1a: Calyrex|21/100\n|-crit|p1a: Calyrex\n|-damage|p1a: Calyrex|5/100\n|-hitcount|p1a: Calyrex|3\n|\n|-heal|p1a: Calyrex|11/100|[from] Grassy Terrain\n|-heal|p2b: Wolfgang|90/100|[from] Grassy Terrain\n|-heal|p2a: Beowulf|69/100|[from] Grassy Terrain\n|upkeep\n|turn|3\n|inactive|chowski3 has 30 seconds left.\n|\n|t:|1775166381\n|move|p1b: Amoonguss|Pollen Puff|p1a: Calyrex\n|-heal|p1a: Calyrex|61/100\n|move|p1a: Calyrex|Leech Seed|p2a: Beowulf\n|-start|p2a: Beowulf|move: Leech Seed\n|move|p2b: Wolfgang|Flare Blitz|p1a: Calyrex\n|-damage|p1a: Calyrex|38/100\n|-damage|p2b: Wolfgang|82/100|[from] Recoil\n|move|p2a: Beowulf|Surging Strikes|p1a: Calyrex\n|-crit|p1a: Calyrex\n|-damage|p1a: Calyrex|21/100\n|-crit|p1a: Calyrex\n|-damage|p1a: Calyrex|6/100\n|-crit|p1a: Calyrex\n|-damage|p1a: Calyrex|0 fnt\n|faint|p1a: Calyrex\n|-hitcount|p1: Calyrex|3\n|\n|-heal|p2b: Wolfgang|88/100|[from] Grassy Terrain\n|-heal|p2a: Beowulf|75/100|[from] Grassy Terrain\n|upkeep\n|\n|t:|1775166392\n|switch|p1a: Kyogre|Kyogre, L50|100/100\n|-weather|RainDance|[from] ability: Drizzle|[of] p1a: Kyogre\n|turn|4\n|\n|t:|1775166412\n|move|p1b: Amoonguss|Rage Powder|p1b: Amoonguss\n|-singleturn|p1b: Amoonguss|move: Rage Powder\n|move|p2b: Wolfgang|Parting Shot|p1a: Kyogre\n|-unboost|p1a: Kyogre|atk|1\n|-unboost|p1a: Kyogre|spa|1\n|\n|t:|1775166416\n|switch|p2b: Drambor|Zamazenta-Crowned, L50|100/100|[from] Parting Shot\n|-ability|p2b: Drambor|Dauntless Shield|boost\n|-boost|p2b: Drambor|def|1\n|move|p1a: Kyogre|Water Spout|p2a: Beowulf|[spread] p2a,p2b\n|-damage|p2a: Beowulf|0 fnt\n|-damage|p2b: Drambor|44/100\n|faint|p2a: Beowulf\n|\n|-weather|RainDance|[upkeep]\n|-heal|p2b: Drambor|50/100|[from] Grassy Terrain\n|upkeep\n|\n|t:|1775166432\n|switch|p2a: Wolfgang|Incineroar, L50, M|88/100\n|-ability|p2a: Wolfgang|Intimidate|boost\n|-unboost|p1a: Kyogre|atk|1\n|-unboost|p1b: Amoonguss|atk|1\n|turn|5\n|\n|t:|1775166450\n|switch|p1a: Rillaboom|Rillaboom, L50, M|100/100\n|move|p2b: Drambor|Protect|p2b: Drambor\n|-singleturn|p2b: Drambor|Protect\n|move|p1b: Amoonguss|Spore|p2b: Drambor\n|-activate|p2b: Drambor|move: Protect\n|move|p2a: Wolfgang|Knock Off|p1a: Rillaboom\n|-damage|p1a: Rillaboom|65/100\n|-enditem|p1a: Rillaboom|Assault Vest|[from] move: Knock Off|[of] p2a: Wolfgang\n|\n|-weather|RainDance|[upkeep]\n|-heal|p2a: Wolfgang|94/100|[from] Grassy Terrain\n|-heal|p1a: Rillaboom|71/100|[from] Grassy Terrain\n|-heal|p2b: Drambor|56/100|[from] Grassy Terrain\n|-fieldend|move: Trick Room\n|-fieldend|move: Grassy Terrain\n|upkeep\n|turn|6\n|inactive|Mirthinion has 30 seconds left.\n|\n|t:|1775166476\n|move|p2b: Drambor|Protect||[still]\n|-fail|p2b: Drambor\n|move|p1a: Rillaboom|U-turn|p2a: Wolfgang\n|-damage|p2a: Wolfgang|72/100\n|\n|t:|1775166479\n|switch|p1a: Kyogre|Kyogre, L50|100/100|[from] U-turn\n|move|p2a: Wolfgang|Knock Off|p1b: Amoonguss\n|-damage|p1b: Amoonguss|70/100\n|-damage|p2a: Wolfgang|56/100|[from] item: Rocky Helmet|[of] p1b: Amoonguss\n|-enditem|p1b: Amoonguss|Rocky Helmet|[from] move: Knock Off|[of] p2a: Wolfgang\n|move|p1b: Amoonguss|Spore|p2b: Drambor\n|-status|p2b: Drambor|slp|[from] move: Spore\n|\n|-weather|RainDance|[upkeep]\n|upkeep\n|turn|7\n|\n|t:|1775166499\n|switch|p1b: Rillaboom|Rillaboom, L50, M|71/100\n|-fieldstart|move: Grassy Terrain|[from] ability: Grassy Surge|[of] p1b: Rillaboom\n|cant|p2b: Drambor|slp\n|move|p1a: Kyogre|Water Spout|p2b: Drambor|[spread] p2a,p2b\n|-supereffective|p2a: Wolfgang\n|-damage|p2a: Wolfgang|0 fnt\n|-damage|p2b: Drambor|0 fnt\n|faint|p2a: Wolfgang\n|faint|p2b: Drambor\n|\n|-weather|RainDance|[upkeep]\n|-heal|p1b: Rillaboom|77/100|[from] Grassy Terrain\n|upkeep\n|j| tomenos01\n|\n|t:|1775166513\n|switch|p2b: Mithrandir|Calyrex-Shadow, L50|100/100\n|-ability|p2b: Mithrandir|As One\n|-ability|p2b: Mithrandir|Unnerve\n|turn|8\n|\n|t:|1775166531\n|move|p2b: Mithrandir|Protect|p2b: Mithrandir\n|-singleturn|p2b: Mithrandir|Protect\n|move|p1b: Rillaboom|Grassy Glide|p2b: Mithrandir\n|-activate|p2b: Mithrandir|move: Protect\n|move|p1a: Kyogre|Origin Pulse|p2b: Mithrandir\n|-activate|p2b: Mithrandir|move: Protect\n|\n|-weather|none\n|-heal|p1b: Rillaboom|83/100|[from] Grassy Terrain\n|upkeep\n|turn|9\n|\n|t:|1775166543\n|switch|p1a: Amoonguss|Amoonguss, L50, F|100/100\n|move|p2b: Mithrandir|Pollen Puff|p1b: Rillaboom\n|-supereffective|p1b: Rillaboom\n|-damage|p1b: Rillaboom|7/100\n|move|p1b: Rillaboom|U-turn|p2b: Mithrandir\n|-damage|p2b: Mithrandir|79/100\n|\n|t:|1775166550\n|switch|p1b: Kyogre|Kyogre, L50|100/100|[from] U-turn\n|-weather|RainDance|[from] ability: Drizzle|[of] p1b: Kyogre\n|\n|-weather|RainDance|[upkeep]\n|-heal|p2b: Mithrandir|85/100|[from] Grassy Terrain\n|upkeep\n|turn|10\n|\n|t:|1775166572\n|move|p2b: Mithrandir|Protect|p2b: Mithrandir\n|-singleturn|p2b: Mithrandir|Protect\n|move|p1b: Kyogre|Origin Pulse|p2b: Mithrandir\n|-activate|p2b: Mithrandir|move: Protect\n|move|p1a: Amoonguss|Spore|p2b: Mithrandir\n|-activate|p2b: Mithrandir|move: Protect\n|\n|-weather|RainDance|[upkeep]\n|-heal|p2b: Mithrandir|90/100|[from] Grassy Terrain\n|upkeep\n|turn|11\n|\n|t:|1775166584\n|move|p1b: Kyogre|Protect|p1b: Kyogre\n|-singleturn|p1b: Kyogre|Protect\n|move|p2b: Mithrandir|Astral Barrage|p1a: Amoonguss|[spread] p1a\n|-activate|p1b: Kyogre|move: Protect\n|-damage|p1a: Amoonguss|58/100\n|move|p1a: Amoonguss|Spore|p2b: Mithrandir\n|-status|p2b: Mithrandir|slp|[from] move: Spore\n|\n|-weather|RainDance|[upkeep]\n|-heal|p2b: Mithrandir|96/100 slp|[from] Grassy Terrain\n|-heal|p1a: Amoonguss|64/100|[from] Grassy Terrain\n|-fieldend|move: Grassy Terrain\n|upkeep\n|turn|12\n|\n|t:|1775166601\n|move|p1a: Amoonguss|Rage Powder|p1a: Amoonguss\n|-singleturn|p1a: Amoonguss|move: Rage Powder\n|cant|p2b: Mithrandir|slp\n|move|p1b: Kyogre|Water Spout|p2b: Mithrandir\n|-damage|p2b: Mithrandir|0 fnt\n|faint|p2b: Mithrandir\n|\n|win|chowski3\n|raw|chowski3's rating: 1475 &rarr; <strong>1499</strong><br />(+24 for winning)\n|raw|Mirthinion's rating: 1551 &rarr; <strong>1527</strong><br />(-24 for losing)\n|l|\u2606chowski3\n|player|p1|\n|c|\u2606Mirthinion|gg\n","uploadtime":1775166613,"views":42,"formatid":"gen9vgc2026regi","rating":1499,"private":0,"password":null}