{"id":"gen9vgc2026regi-2565076603","format":"[Gen 9] VGC 2026 Reg I","players":["Rillabossman","bullgod4ever"],"log":"|j|\u2606Rillabossman\n|j|\u2606bullgod4ever\n|t:|1774226723\n|gametype|doubles\n|player|p1|Rillabossman|burglar|1489\n|player|p2|bullgod4ever|101|1495\n|gen|9\n|tier|[Gen 9] VGC 2026 Reg I\n|rated|\n|rule|Species Clause: Limit one of each Pok\u00e9mon\n|rule|Item Clause: Limit 1 of each item\n|clearpoke\n|poke|p1|Rayquaza, L50|\n|poke|p1|Kyogre, L50|\n|poke|p1|Farigiraf, L50, M|\n|poke|p1|Urshifu-*, L50, M|\n|poke|p1|Incineroar, L50, F|\n|poke|p1|Iron Hands, L50|\n|poke|p2|Calyrex-Ice, L50|\n|poke|p2|Miraidon, L50|\n|poke|p2|Urshifu-*, L50, M|\n|poke|p2|Incineroar, L50, F|\n|poke|p2|Landorus, L50, M|\n|poke|p2|Whimsicott, L50, F|\n|teampreview|4\n|c|\u2606Rillabossman|glhf\n|\n|t:|1774226760\n|teamsize|p1|4\n|teamsize|p2|4\n|start\n|switch|p1a: Incineroar|Incineroar, L50, F|100/100\n|switch|p1b: Rayquaza|Rayquaza, L50|100/100\n|switch|p2a: Miraidon|Miraidon, L50|100/100\n|switch|p2b: Whimsicott|Whimsicott, L50, F|100/100\n|-fieldstart|move: Electric Terrain|[from] ability: Hadron Engine|[of] p2a: Miraidon\n|-ability|p1b: Rayquaza|Air Lock\n|-ability|p1a: Incineroar|Intimidate|boost\n|-unboost|p2a: Miraidon|atk|1\n|-unboost|p2b: Whimsicott|atk|1\n|turn|1\n|\n|t:|1774226779\n|-terastallize|p2b: Whimsicott|Ghost\n|move|p1a: Incineroar|Fake Out|p2a: Miraidon\n|-damage|p2a: Miraidon|92/100\n|move|p2b: Whimsicott|Moonblast|p1b: Rayquaza\n|-supereffective|p1b: Rayquaza\n|-damage|p1b: Rayquaza|28/100\n|-unboost|p1b: Rayquaza|spa|1\n|cant|p2a: Miraidon|flinch\n|move|p1b: Rayquaza|Swords Dance|p1b: Rayquaza\n|-boost|p1b: Rayquaza|atk|2\n|\n|upkeep\n|turn|2\n|\n|t:|1774226827\n|-terastallize|p1b: Rayquaza|Normal\n|move|p1b: Rayquaza|Extreme Speed|p2a: Miraidon\n|-damage|p2a: Miraidon|8/100\n|move|p2b: Whimsicott|Encore|p1b: Rayquaza\n|-start|p1b: Rayquaza|Encore\n|move|p2a: Miraidon|Electro Drift|p1a: Incineroar\n|-damage|p1a: Incineroar|0 fnt\n|faint|p1a: Incineroar\n|\n|upkeep\n|\n|t:|1774226855\n|switch|p1a: Farigiraf|Farigiraf, L50, M|100/100\n|turn|3\n|\n|t:|1774226878\n|move|p1b: Rayquaza|Extreme Speed|p2a: Miraidon\n|-damage|p2a: Miraidon|0 fnt\n|faint|p2a: Miraidon\n|move|p2b: Whimsicott|Moonblast|p1b: Rayquaza\n|-damage|p1b: Rayquaza|0 fnt\n|faint|p1b: Rayquaza\n|move|p1a: Farigiraf|Trick Room|p1a: Farigiraf\n|-fieldstart|move: Trick Room|[of] p1a: Farigiraf\n|\n|upkeep\n|\n|t:|1774226891\n|switch|p1b: Iron Hands|Iron Hands, L50|100/100\n|switch|p2a: Landorus|Landorus, L50, M|100/100\n|-activate|p1b: Iron Hands|ability: Quark Drive\n|-start|p1b: Iron Hands|quarkdriveatk\n|turn|4\n|\n|t:|1774226908\n|move|p2a: Landorus|Protect|p2a: Landorus\n|-singleturn|p2a: Landorus|Protect\n|move|p1b: Iron Hands|Wild Charge|p2b: Whimsicott\n|-enditem|p2b: Whimsicott|Focus Sash\n|-damage|p2b: Whimsicott|1/100\n|-damage|p1b: Iron Hands|86/100|[from] Recoil\n|move|p1a: Farigiraf|Hyper Voice|p2a: Landorus|[spread] \n|-activate|p2a: Landorus|move: Protect\n|-immune|p2b: Whimsicott\n|move|p2b: Whimsicott|Moonblast|p1b: Iron Hands\n|-supereffective|p1b: Iron Hands\n|-damage|p1b: Iron Hands|51/100\n|\n|upkeep\n|turn|5\n|\n|t:|1774226934\n|move|p1b: Iron Hands|Wild Charge|p2b: Whimsicott\n|-damage|p2b: Whimsicott|0 fnt\n|faint|p2b: Whimsicott\n|-damage|p1b: Iron Hands|51/100|[from] Recoil\n|move|p1a: Farigiraf|Hyper Voice|p2a: Landorus\n|-damage|p2a: Landorus|63/100\n|-enditem|p1a: Farigiraf|Throat Spray\n|-boost|p1a: Farigiraf|spa|1|[from] item: Throat Spray\n|move|p2a: Landorus|Earth Power|p1b: Iron Hands\n|-supereffective|p1b: Iron Hands\n|-crit|p1b: Iron Hands\n|-damage|p1b: Iron Hands|0 fnt\n|faint|p1b: Iron Hands\n|-end|p1b: Iron Hands|Quark Drive|[silent]\n|\n|-fieldend|move: Electric Terrain\n|upkeep\n|\n|t:|1774226950\n|switch|p2b: Urshifu|Urshifu-Rapid-Strike, L50, M|100/100\n|turn|6\n|\n|t:|1774226969\n|move|p1a: Farigiraf|Hyper Voice|p2b: Urshifu|[spread] p2a,p2b\n|-crit|p2a: Landorus\n|-damage|p2a: Landorus|0 fnt\n|-damage|p2b: Urshifu|51/100\n|faint|p2a: Landorus\n|move|p2b: Urshifu|Surging Strikes|p1a: Farigiraf\n|-crit|p1a: Farigiraf\n|-damage|p1a: Farigiraf|65/100\n|-crit|p1a: Farigiraf\n|-damage|p1a: Farigiraf|29/100\n|-crit|p1a: Farigiraf\n|-damage|p1a: Farigiraf|0 fnt\n|faint|p1a: Farigiraf\n|-hitcount|p1: Farigiraf|3\n|\n|win|bullgod4ever\n|raw|Rillabossman's rating: 1501 &rarr; <strong>1481</strong><br />(-20 for losing)\n|raw|bullgod4ever's rating: 1495 &rarr; <strong>1515</strong><br />(+20 for winning)\n|c|\u2606bullgod4ever|Gg\n|c|\u2606bullgod4ever|Fun re match\n|c|\u2606Rillabossman|gg\n|j| thebeast4895\n|l|\u2606Rillabossman\n|player|p1|\n|l|\u2606bullgod4ever\n|player|p2|\n|l| thebeast4895\n","uploadtime":1774227177,"views":14,"formatid":"gen9vgc2026regi","rating":1481,"private":0,"password":null}