{"id":"gen9vgc2026regi-2549468189","format":"[Gen 9] VGC 2026 Reg I","players":["kojimuranishi","ihopeafairmatch"],"log":"|j|\u2606kojimuranishi\n|j|\u2606ihopeafairmatch\n|t:|1772372296\n|gametype|doubles\n|player|p1|kojimuranishi|102|1320\n|player|p2|ihopeafairmatch|ghetsis|1402\n|gen|9\n|tier|[Gen 9] VGC 2026 Reg I\n|rated|\n|rule|Species Clause: Limit one of each Pok\u00e9mon\n|rule|Item Clause: Limit 1 of each item\n|clearpoke\n|poke|p1|Raging Bolt, L50|\n|poke|p1|Calyrex-Ice, L50|\n|poke|p1|Kyogre, L50|\n|poke|p1|Indeedee-F, L50, F|\n|poke|p1|Ursaluna, L50, F|\n|poke|p1|Torkoal, L50, F|\n|poke|p2|Groudon, L50|\n|poke|p2|Roaring Moon, L50|\n|poke|p2|Lunala, L50|\n|poke|p2|Scovillain, L50, M|\n|poke|p2|Raging Bolt, L50|\n|poke|p2|Incineroar, L50, F|\n|teampreview|4\n|inactive|Battle timer is ON: inactive players will automatically lose when time's up. (requested by ihopeafairmatch)\n|\n|t:|1772372324\n|teamsize|p1|4\n|teamsize|p2|4\n|start\n|switch|p1a: Indeedee|Indeedee-F, L50, F|100/100\n|switch|p1b: Calyrex|Calyrex-Ice, L50|100/100\n|switch|p2a: Incineroar|Incineroar, L50, F|100/100\n|switch|p2b: Lunala|Lunala, L50|100/100\n|-ability|p1b: Calyrex|As One\n|-ability|p1b: Calyrex|Unnerve\n|-fieldstart|move: Psychic Terrain|[from] ability: Psychic Surge|[of] p1a: Indeedee\n|-ability|p2a: Incineroar|Intimidate|boost\n|-unboost|p1a: Indeedee|atk|1\n|-unboost|p1b: Calyrex|atk|1\n|turn|1\n|inactive|kojimuranishi has 30 seconds left.\n|\n|t:|1772372353\n|switch|p2a: Scovillain|Scovillain, L50, M|100/100\n|switch|p1b: Ursaluna|Ursaluna, L50, F|100/100\n|move|p2b: Lunala|Moonblast|p1a: Indeedee\n|-crit|p1a: Indeedee\n|-damage|p1a: Indeedee|46/100\n|move|p1a: Indeedee|Trick Room|p1a: Indeedee\n|-fieldstart|move: Trick Room|[of] p1a: Indeedee\n|\n|-status|p1b: Ursaluna|brn|[from] item: Flame Orb\n|upkeep\n|turn|2\n|\n|t:|1772372372\n|move|p2a: Scovillain|Rage Powder|p2a: Scovillain\n|-singleturn|p2a: Scovillain|move: Rage Powder\n|move|p1b: Ursaluna|Facade|p2a: Scovillain\n|-enditem|p2a: Scovillain|Focus Sash\n|-damage|p2a: Scovillain|1/100\n|move|p1a: Indeedee|Psychic|p2a: Scovillain\n|-damage|p2a: Scovillain|0 fnt\n|faint|p2a: Scovillain\n|move|p2b: Lunala|Moonblast|p1a: Indeedee\n|-damage|p1a: Indeedee|15/100\n|\n|-damage|p1b: Ursaluna|95/100 brn|[from] brn\n|upkeep\n|\n|t:|1772372392\n|switch|p2a: Incineroar|Incineroar, L50, F|100/100\n|-ability|p2a: Incineroar|Intimidate|boost\n|-unboost|p1a: Indeedee|atk|1\n|-unboost|p1b: Ursaluna|atk|1\n|turn|3\n|\n|t:|1772372408\n|switch|p1a: Calyrex|Calyrex-Ice, L50|100/100\n|-ability|p1a: Calyrex|As One\n|-ability|p1a: Calyrex|Unnerve\n|-terastallize|p2a: Incineroar|Bug\n|move|p1b: Ursaluna|Headlong Rush|p2a: Incineroar\n|-resisted|p2a: Incineroar\n|-damage|p2a: Incineroar|75/100\n|-unboost|p1b: Ursaluna|def|1\n|-unboost|p1b: Ursaluna|spd|1\n|move|p2a: Incineroar|U-turn|p1a: Calyrex\n|-supereffective|p1a: Calyrex\n|-damage|p1a: Calyrex|68/100\n|\n|t:|1772372411\n|switch|p2a: Groudon|Groudon, L50|100/100|[from] U-turn\n|-weather|SunnyDay|[from] ability: Drought|[of] p2a: Groudon\n|move|p2b: Lunala|Moonblast|p1b: Ursaluna\n|-damage|p1b: Ursaluna|41/100 brn\n|-unboost|p1b: Ursaluna|spa|1\n|\n|-weather|SunnyDay|[upkeep]\n|-heal|p1a: Calyrex|73/100|[from] item: Leftovers\n|-damage|p1b: Ursaluna|35/100 brn|[from] brn\n|upkeep\n|turn|4\n|inactive|kojimuranishi has 30 seconds left.\n|inactive|kojimuranishi has 20 seconds left.\n|inactive|kojimuranishi has 15 seconds left.\n|inactive|kojimuranishi has 10 seconds left.\n|\n|t:|1772372464\n|move|p1a: Calyrex|Protect|p1a: Calyrex\n|-singleturn|p1a: Calyrex|Protect\n|move|p1b: Ursaluna|Protect|p1b: Ursaluna\n|-singleturn|p1b: Ursaluna|Protect\n|move|p2b: Lunala|Wide Guard|p2b: Lunala\n|-singleturn|p2b: Lunala|Wide Guard\n|move|p2a: Groudon|Precipice Blades|p1b: Ursaluna|[spread] \n|-activate|p1a: Calyrex|move: Protect\n|-activate|p1b: Ursaluna|move: Protect\n|\n|-weather|SunnyDay|[upkeep]\n|-heal|p1a: Calyrex|79/100|[from] item: Leftovers\n|-damage|p1b: Ursaluna|29/100 brn|[from] brn\n|upkeep\n|turn|5\n|inactive|kojimuranishi has 30 seconds left.\n|\n|t:|1772372495\n|move|p2a: Groudon|Protect|p2a: Groudon\n|-singleturn|p2a: Groudon|Protect\n|move|p1b: Ursaluna|Facade|p2a: Groudon\n|-activate|p2a: Groudon|move: Protect\n|move|p1a: Calyrex|Leech Seed|p2b: Lunala\n|-start|p2b: Lunala|move: Leech Seed\n|move|p2b: Lunala|Meteor Beam||[still]\n|-prepare|p2b: Lunala|Meteor Beam\n|-boost|p2b: Lunala|spa|1\n|-enditem|p2b: Lunala|Power Herb\n|-anim|p2b: Lunala|Meteor Beam|p1a: Calyrex\n|-supereffective|p1a: Calyrex\n|-damage|p1a: Calyrex|10/100\n|\n|-weather|SunnyDay|[upkeep]\n|-heal|p1a: Calyrex|15/100|[from] item: Leftovers\n|-damage|p2b: Lunala|88/100|[from] Leech Seed|[of] p1a: Calyrex\n|-heal|p1a: Calyrex|29/100|[silent]\n|-damage|p1b: Ursaluna|23/100 brn|[from] brn\n|-fieldend|move: Trick Room\n|-fieldend|move: Psychic Terrain\n|upkeep\n|turn|6\n|l|\u2606ihopeafairmatch\n|inactive|ihopeafairmatch disconnected and has a minute to reconnect!\n|player|p2|\n|j|\u2606ihopeafairmatch\n|inactive|ihopeafairmatch reconnected and has 50 seconds left.\n|player|p2|ihopeafairmatch|ghetsis|\n|\n|t:|1772372519\n|move|p1a: Calyrex|Protect|p1a: Calyrex\n|-singleturn|p1a: Calyrex|Protect\n|move|p2b: Lunala|Moonblast|p1b: Ursaluna\n|-damage|p1b: Ursaluna|0 fnt\n|faint|p1b: Ursaluna\n|move|p2a: Groudon|Heat Crash|p1a: Calyrex\n|-activate|p1a: Calyrex|move: Protect\n|\n|-weather|SunnyDay|[upkeep]\n|-heal|p1a: Calyrex|34/100|[from] item: Leftovers\n|-damage|p2b: Lunala|76/100|[from] Leech Seed|[of] p1a: Calyrex\n|-heal|p1a: Calyrex|47/100|[silent]\n|upkeep\n|\n|t:|1772372531\n|switch|p1b: Kyogre|Kyogre, L50|100/100\n|-weather|RainDance|[from] ability: Drizzle|[of] p1b: Kyogre\n|turn|7\n|\n|t:|1772372540\n|switch|p1a: Indeedee|Indeedee-F, L50, F|15/100\n|-fieldstart|move: Psychic Terrain|[from] ability: Psychic Surge|[of] p1a: Indeedee\n|move|p2a: Groudon|Protect|p2a: Groudon\n|-singleturn|p2a: Groudon|Protect\n|move|p1b: Kyogre|Hydro Pump|p2a: Groudon\n|-activate|p2a: Groudon|move: Protect\n|move|p2b: Lunala|Moongeist Beam|p1a: Indeedee\n|-immune|p1a: Indeedee\n|\n|-weather|RainDance|[upkeep]\n|-damage|p2b: Lunala|64/100|[from] Leech Seed|[of] p1a: Indeedee\n|-heal|p1a: Indeedee|30/100|[silent]\n|upkeep\n|turn|8\n|\n|t:|1772372561\n|switch|p2a: Incineroar|Incineroar, L50, F, tera:Bug|75/100\n|-ability|p2a: Incineroar|Intimidate|boost\n|-unboost|p1a: Indeedee|atk|1\n|-unboost|p1b: Kyogre|atk|1\n|switch|p1a: Calyrex|Calyrex-Ice, L50|47/100\n|-ability|p1a: Calyrex|As One\n|-ability|p1a: Calyrex|Unnerve\n|move|p1b: Kyogre|Hydro Pump|p2a: Incineroar|[miss]\n|-miss|p1b: Kyogre|p2a: Incineroar\n|move|p2b: Lunala|Moonblast|p1a: Calyrex\n|-damage|p1a: Calyrex|20/100\n|-unboost|p1a: Calyrex|spa|1\n|\n|-weather|RainDance|[upkeep]\n|-heal|p1a: Calyrex|26/100|[from] item: Leftovers\n|-damage|p2b: Lunala|52/100|[from] Leech Seed|[of] p1a: Calyrex\n|-heal|p1a: Calyrex|39/100|[silent]\n|upkeep\n|turn|9\n|inactive|kojimuranishi has 30 seconds left.\n|\n|t:|1772372589\n|move|p1b: Kyogre|Hydro Pump|p2b: Lunala|[miss]\n|-miss|p1b: Kyogre|p2b: Lunala\n|move|p2b: Lunala|Moongeist Beam|p1b: Kyogre\n|-damage|p1b: Kyogre|32/100\n|move|p2a: Incineroar|Knock Off|p1b: Kyogre\n|-crit|p1b: Kyogre\n|-damage|p1b: Kyogre|0 fnt\n|-enditem|p1b: Kyogre|Choice Scarf|[from] move: Knock Off|[of] p2a: Incineroar\n|faint|p1b: Kyogre\n|move|p1a: Calyrex|Leech Seed|p2a: Incineroar\n|-start|p2a: Incineroar|move: Leech Seed\n|\n|-weather|RainDance|[upkeep]\n|-heal|p1a: Calyrex|45/100|[from] item: Leftovers\n|-damage|p2b: Lunala|40/100|[from] Leech Seed|[of] p1a: Calyrex\n|-heal|p1a: Calyrex|58/100|[silent]\n|-damage|p2a: Incineroar|63/100|[from] Leech Seed|[of] p1a: Calyrex\n|-heal|p1a: Calyrex|70/100|[silent]\n|upkeep\n|\n|t:|1772372607\n|switch|p1b: Indeedee|Indeedee-F, L50, F|30/100\n|turn|10\n|\n|t:|1772372617\n|-terastallize|p1a: Calyrex|Fairy\n|move|p1b: Indeedee|Protect|p1b: Indeedee\n|-singleturn|p1b: Indeedee|Protect\n|move|p2b: Lunala|Moonblast|p1b: Indeedee\n|-activate|p1b: Indeedee|move: Protect\n|move|p2a: Incineroar|U-turn|p1b: Indeedee\n|-activate|p1b: Indeedee|move: Protect\n|move|p1a: Calyrex|Glacial Lance|p2b: Lunala|[spread] p2a,p2b\n|-damage|p2a: Incineroar|25/100\n|-damage|p2b: Lunala|3/100\n|\n|-weather|RainDance|[upkeep]\n|-heal|p1a: Calyrex|76/100|[from] item: Leftovers\n|-damage|p2b: Lunala|0 fnt|[from] Leech Seed|[of] p1a: Calyrex\n|-heal|p1a: Calyrex|78/100|[silent]\n|faint|p2b: Lunala\n|-damage|p2a: Incineroar|13/100|[from] Leech Seed|[of] p1a: Calyrex\n|-heal|p1a: Calyrex|90/100|[silent]\n|upkeep\n|\n|t:|1772372621\n|switch|p2b: Groudon|Groudon, L50|100/100\n|-weather|SunnyDay|[from] ability: Drought|[of] p2b: Groudon\n|turn|11\n|\n|t:|1772372644\n|move|p2b: Groudon|Precipice Blades|p1b: Indeedee|[spread] p1a,p1b\n|-damage|p1a: Calyrex|56/100\n|-damage|p1b: Indeedee|0 fnt\n|faint|p1b: Indeedee\n|move|p2a: Incineroar|Flare Blitz|p1a: Calyrex\n|-damage|p1a: Calyrex|9/100\n|-damage|p2a: Incineroar|0 fnt|[from] Recoil\n|faint|p2a: Incineroar\n|move|p1a: Calyrex|Leech Seed|p2b: Groudon\n|-start|p2b: Groudon|move: Leech Seed\n|\n|-weather|SunnyDay|[upkeep]\n|-heal|p1a: Calyrex|15/100|[from] item: Leftovers\n|-damage|p2b: Groudon|88/100|[from] Leech Seed|[of] p1a: Calyrex\n|-heal|p1a: Calyrex|26/100|[silent]\n|-fieldend|move: Psychic Terrain\n|upkeep\n|turn|12\n|\n|t:|1772372659\n|move|p1a: Calyrex|Protect|p1a: Calyrex\n|-singleturn|p1a: Calyrex|Protect\n|move|p2b: Groudon|Precipice Blades|p1a: Calyrex\n|-activate|p1a: Calyrex|move: Protect\n|\n|-weather|SunnyDay|[upkeep]\n|-heal|p1a: Calyrex|32/100|[from] item: Leftovers\n|-damage|p2b: Groudon|76/100|[from] Leech Seed|[of] p1a: Calyrex\n|-heal|p1a: Calyrex|43/100|[silent]\n|upkeep\n|turn|13\n|\n|t:|1772372683\n|move|p2b: Groudon|Precipice Blades|p1a: Calyrex\n|-damage|p1a: Calyrex|0 fnt\n|faint|p1a: Calyrex\n|\n|win|ihopeafairmatch\n|raw|kojimuranishi's rating: 1320 &rarr; <strong>1305</strong><br />(-15 for losing)\n|raw|ihopeafairmatch's rating: 1402 &rarr; <strong>1417</strong><br />(+15 for winning)\n|l|\u2606kojimuranishi\n|player|p1|\n|l|\u2606ihopeafairmatch\n|player|p2|\n","uploadtime":1772372887,"views":14,"formatid":"gen9vgc2026regi","rating":1305,"private":0,"password":null}