{"id":"gen9vgc2026regi-2525092882","format":"[Gen 9] VGC 2026 Reg I","players":["ky123456","JOOLA"],"log":"|j|\u2606ky123456\n|j|\u2606JOOLA\n|t:|1769227607\n|gametype|doubles\n|player|p1|ky123456|cynthia-gen4|1420\n|player|p2|JOOLA|cress|1421\n|gen|9\n|tier|[Gen 9] VGC 2026 Reg I\n|rated|\n|rule|Species Clause: Limit one of each Pok\u00e9mon\n|rule|Item Clause: Limit 1 of each item\n|clearpoke\n|poke|p1|Kyogre, L50|\n|poke|p1|Calyrex-Ice, L50|\n|poke|p1|Grimmsnarl, L50, M|\n|poke|p1|Rillaboom, L50, F|\n|poke|p1|Landorus, L50, M|\n|poke|p1|Urshifu-*, L50, M|\n|poke|p2|Giratina-Origin, L50|\n|poke|p2|Zamazenta-*, L50|\n|poke|p2|Chien-Pao, L50|\n|poke|p2|Entei, L50|\n|poke|p2|Urshifu-*, L50, F|\n|poke|p2|Rillaboom, L50, F|\n|teampreview|4\n|inactive|Battle timer is ON: inactive players will automatically lose when time's up. (requested by JOOLA)\n|inactive|ky123456 has 60 seconds left.\n|inactive|JOOLA has 60 seconds left.\n|j| dasabe\u76d6\u6b27\u5361\u4fa0\n|inactive|JOOLA has 30 seconds left.\n|inactive|JOOLA has 20 seconds left.\n|\n|t:|1769227679\n|teamsize|p1|4\n|teamsize|p2|4\n|start\n|switch|p1a: Calyrex|Calyrex-Ice, L50|100/100\n|switch|p1b: Grimmsnarl|Grimmsnarl, L50, M|100/100\n|switch|p2a: Rillaboom|Rillaboom, L50, F|100/100\n|switch|p2b: Urshifu|Urshifu-Rapid-Strike, L50, F|100/100\n|-ability|p1a: Calyrex|As One\n|-ability|p1a: Calyrex|Unnerve\n|-fieldstart|move: Grassy Terrain|[from] ability: Grassy Surge|[of] p2a: Rillaboom\n|turn|1\n|inactive|ky123456 has 30 seconds left.\n|inactive|JOOLA has 30 seconds left.\n|inactive|JOOLA has 20 seconds left.\n|\n|t:|1769227718\n|-terastallize|p2a: Rillaboom|Water\n|move|p2a: Rillaboom|Fake Out|p1b: Grimmsnarl\n|-crit|p1b: Grimmsnarl\n|-damage|p1b: Grimmsnarl|83/100\n|cant|p1b: Grimmsnarl|flinch\n|move|p2b: Urshifu|Surging Strikes|p1b: Grimmsnarl\n|-crit|p1b: Grimmsnarl\n|-damage|p1b: Grimmsnarl|61/100\n|-crit|p1b: Grimmsnarl\n|-damage|p1b: Grimmsnarl|40/100\n|-crit|p1b: Grimmsnarl\n|-damage|p1b: Grimmsnarl|20/100\n|-hitcount|p1b: Grimmsnarl|3\n|move|p1a: Calyrex|Glacial Lance|p2b: Urshifu|[spread] p2a,p2b\n|-resisted|p2a: Rillaboom\n|-resisted|p2b: Urshifu\n|-damage|p2a: Rillaboom|80/100\n|-damage|p2b: Urshifu|73/100\n|\n|-heal|p2b: Urshifu|79/100|[from] Grassy Terrain\n|-heal|p2a: Rillaboom|86/100|[from] Grassy Terrain\n|-heal|p1b: Grimmsnarl|26/100|[from] Grassy Terrain\n|upkeep\n|turn|2\n|inactive|ky123456 has 30 seconds left.\n|inactive|JOOLA has 30 seconds left.\n|\n|t:|1769227752\n|move|p2a: Rillaboom|Grassy Glide|p1b: Grimmsnarl\n|-damage|p1b: Grimmsnarl|0 fnt\n|faint|p1b: Grimmsnarl\n|move|p2b: Urshifu|Surging Strikes|p1a: Calyrex\n|-crit|p1a: Calyrex\n|-damage|p1a: Calyrex|87/100\n|-crit|p1a: Calyrex\n|-damage|p1a: Calyrex|73/100\n|-crit|p1a: Calyrex\n|-damage|p1a: Calyrex|59/100\n|-hitcount|p1a: Calyrex|3\n|move|p1a: Calyrex|Leech Seed|p2b: Urshifu\n|-start|p2b: Urshifu|move: Leech Seed\n|\n|-heal|p2b: Urshifu|84/100|[from] Grassy Terrain\n|-heal|p2a: Rillaboom|92/100|[from] Grassy Terrain\n|-heal|p1a: Calyrex|65/100|[from] Grassy Terrain\n|-heal|p1a: Calyrex|71/100|[from] item: Leftovers\n|-damage|p2b: Urshifu|72/100|[from] Leech Seed|[of] p1a: Calyrex\n|-heal|p1a: Calyrex|81/100|[silent]\n|upkeep\n|\n|t:|1769227757\n|switch|p1b: Kyogre|Kyogre, L50|100/100\n|-weather|RainDance|[from] ability: Drizzle|[of] p1b: Kyogre\n|turn|3\n|inactive|JOOLA has 30 seconds left.\n|inactive|JOOLA has 20 seconds left.\n|inactive|JOOLA has 15 seconds left.\n|\n|t:|1769227802\n|switch|p2b: Zamazenta|Zamazenta-Crowned, L50|100/100\n|-ability|p2b: Zamazenta|Dauntless Shield|boost\n|-boost|p2b: Zamazenta|def|1\n|-terastallize|p1b: Kyogre|Grass\n|move|p2a: Rillaboom|Grassy Glide|p1b: Kyogre\n|-resisted|p1b: Kyogre\n|-damage|p1b: Kyogre|82/100\n|move|p1b: Kyogre|Thunder|p2a: Rillaboom\n|-supereffective|p2a: Rillaboom\n|-damage|p2a: Rillaboom|23/100\n|-status|p2a: Rillaboom|par\n|move|p1a: Calyrex|Glacial Lance|p2b: Zamazenta|[spread] p2a,p2b\n|-resisted|p2a: Rillaboom\n|-resisted|p2b: Zamazenta\n|-damage|p2a: Rillaboom|3/100 par\n|-damage|p2b: Zamazenta|90/100\n|\n|-weather|RainDance|[upkeep]\n|-heal|p2b: Zamazenta|96/100|[from] Grassy Terrain\n|-heal|p1b: Kyogre|88/100|[from] Grassy Terrain\n|-heal|p1a: Calyrex|86/100|[from] Grassy Terrain\n|-heal|p1a: Calyrex|92/100|[from] item: Leftovers\n|-heal|p2a: Rillaboom|9/100 par|[from] Grassy Terrain\n|upkeep\n|turn|4\n|inactive|JOOLA has 30 seconds left.\n|j| here's where king!\n|inactive|JOOLA has 20 seconds left.\n|\n|t:|1769227839\n|move|p2b: Zamazenta|Body Press|p1b: Kyogre\n|-damage|p1b: Kyogre|21/100\n|move|p1b: Kyogre|Origin Pulse|p2b: Zamazenta|[spread] p2a,p2b\n|-resisted|p2a: Rillaboom\n|-damage|p2a: Rillaboom|0 fnt\n|-damage|p2b: Zamazenta|33/100\n|faint|p2a: Rillaboom\n|move|p1a: Calyrex|Leech Seed|p2b: Zamazenta\n|-start|p2b: Zamazenta|move: Leech Seed\n|\n|-weather|RainDance|[upkeep]\n|-heal|p2b: Zamazenta|39/100|[from] Grassy Terrain\n|-heal|p1b: Kyogre|27/100|[from] Grassy Terrain\n|-heal|p1a: Calyrex|98/100|[from] Grassy Terrain\n|-heal|p1a: Calyrex|100/100|[from] item: Leftovers\n|-damage|p2b: Zamazenta|26/100|[from] Leech Seed|[of] p1a: Calyrex\n|upkeep\n|\n|t:|1769227855\n|switch|p2a: Urshifu|Urshifu-Rapid-Strike, L50, F|72/100\n|turn|5\n|\n|t:|1769227870\n|switch|p1b: Urshifu|Urshifu-Rapid-Strike, L50, M|100/100\n|move|p2a: Urshifu|Surging Strikes|p1a: Calyrex\n|-crit|p1a: Calyrex\n|-damage|p1a: Calyrex|80/100\n|-crit|p1a: Calyrex\n|-damage|p1a: Calyrex|60/100\n|-crit|p1a: Calyrex\n|-damage|p1a: Calyrex|38/100\n|-hitcount|p1a: Calyrex|3\n|move|p2b: Zamazenta|Body Press|p1b: Urshifu\n|-damage|p1b: Urshifu|33/100\n|move|p1a: Calyrex|Leech Seed|p2a: Urshifu\n|-start|p2a: Urshifu|move: Leech Seed\n|\n|-weather|RainDance|[upkeep]\n|-heal|p2a: Urshifu|78/100|[from] Grassy Terrain\n|-heal|p1b: Urshifu|39/100|[from] Grassy Terrain\n|-heal|p2b: Zamazenta|33/100|[from] Grassy Terrain\n|-heal|p1a: Calyrex|44/100|[from] Grassy Terrain\n|-heal|p1a: Calyrex|50/100|[from] item: Leftovers\n|-damage|p2a: Urshifu|66/100|[from] Leech Seed|[of] p1a: Calyrex\n|-heal|p1a: Calyrex|60/100|[silent]\n|-damage|p2b: Zamazenta|20/100|[from] Leech Seed|[of] p1a: Calyrex\n|-heal|p1a: Calyrex|71/100|[silent]\n|-fieldend|move: Grassy Terrain\n|upkeep\n|turn|6\n|inactive|ky123456 has 30 seconds left.\n|inactive|JOOLA has 30 seconds left.\n|\n|t:|1769227901\n|move|p2a: Urshifu|Surging Strikes|p1a: Calyrex\n|-crit|p1a: Calyrex\n|-damage|p1a: Calyrex|52/100\n|-crit|p1a: Calyrex\n|-damage|p1a: Calyrex|32/100\n|-crit|p1a: Calyrex\n|-damage|p1a: Calyrex|12/100\n|-hitcount|p1a: Calyrex|3\n|move|p1b: Urshifu|Surging Strikes|p2b: Zamazenta\n|-crit|p2b: Zamazenta\n|-damage|p2b: Zamazenta|0 fnt\n|faint|p2b: Zamazenta\n|-hitcount|p2: Zamazenta|1\n|move|p1a: Calyrex|Trick Room|p1a: Calyrex\n|-fieldstart|move: Trick Room|[of] p1a: Calyrex\n|\n|-weather|RainDance|[upkeep]\n|-heal|p1a: Calyrex|17/100|[from] item: Leftovers\n|-damage|p2a: Urshifu|54/100|[from] Leech Seed|[of] p1a: Calyrex\n|-heal|p1a: Calyrex|28/100|[silent]\n|upkeep\n|\n|t:|1769227918\n|switch|p2b: Giratina|Giratina-Origin, L50|100/100\n|turn|7\n|\n|t:|1769227929\n|move|p2b: Giratina|Shadow Sneak|p1a: Calyrex\n|-supereffective|p1a: Calyrex\n|-damage|p1a: Calyrex|0 fnt\n|faint|p1a: Calyrex\n|move|p1b: Urshifu|Surging Strikes|p2a: Urshifu\n|-resisted|p2a: Urshifu\n|-crit|p2a: Urshifu\n|-damage|p2a: Urshifu|38/100\n|-resisted|p2a: Urshifu\n|-crit|p2a: Urshifu\n|-damage|p2a: Urshifu|19/100\n|-resisted|p2a: Urshifu\n|-crit|p2a: Urshifu\n|-damage|p2a: Urshifu|1/100\n|-hitcount|p2a: Urshifu|3\n|move|p2a: Urshifu|Surging Strikes|p1b: Urshifu\n|-resisted|p1b: Urshifu\n|-crit|p1b: Urshifu\n|-damage|p1b: Urshifu|20/100\n|-resisted|p1b: Urshifu\n|-crit|p1b: Urshifu\n|-damage|p1b: Urshifu|3/100\n|-resisted|p1b: Urshifu\n|-crit|p1b: Urshifu\n|-damage|p1b: Urshifu|0 fnt\n|faint|p1b: Urshifu\n|-hitcount|p1: Urshifu|3\n|\n|-weather|none\n|upkeep\n|\n|t:|1769227943\n|switch|p1b: Kyogre|Kyogre, L50, tera:Grass|27/100\n|-weather|RainDance|[from] ability: Drizzle|[of] p1b: Kyogre\n|turn|8\n|\n|t:|1769227962\n|move|p2b: Giratina|Poltergeist|p1b: Kyogre\n|-activate|p1b: Kyogre|move: Poltergeist|Assault Vest\n|-damage|p1b: Kyogre|0 fnt\n|faint|p1b: Kyogre\n|\n|win|JOOLA\n|raw|ky123456's rating: 1420 &rarr; <strong>1400</strong><br />(-20 for losing)\n|raw|JOOLA's rating: 1421 &rarr; <strong>1441</strong><br />(+20 for winning)\n|l|\u2606ky123456\n|player|p1|\n|l|\u2606JOOLA\n|player|p2|\n|j| Yancy0902\u56fe\u56fe\u72ac\u4fa0\n|l| Yancy0902\u56fe\u56fe\u72ac\u4fa0\n","uploadtime":1769228208,"views":26,"formatid":"gen9vgc2026regi","rating":1400,"private":0,"password":null}