{"id":"gen9vgc2026regi-2559191652","format":"[Gen 9] VGC 2026 Reg I","players":["uhh daneooo","SleepySilver07"],"log":"|j|\u2606uhh daneooo\n|j|\u2606SleepySilver07\n|t:|1773530811\n|gametype|doubles\n|player|p1|uhh daneooo|riley|1319\n|player|p2|SleepySilver07|170|1392\n|gen|9\n|tier|[Gen 9] VGC 2026 Reg I\n|rated|\n|rule|Species Clause: Limit one of each Pok\u00e9mon\n|rule|Item Clause: Limit 1 of each item\n|clearpoke\n|poke|p1|Flutter Mane, L50|\n|poke|p1|Chi-Yu, L50|\n|poke|p1|Terapagos, L50, M|\n|poke|p1|Eternatus, L50|\n|poke|p1|Iron Hands, L50|\n|poke|p1|Grimmsnarl, L50, M|\n|poke|p2|Koraidon, L50|\n|poke|p2|Ho-Oh, L50|\n|poke|p2|Ting-Lu, L50|\n|poke|p2|Amoonguss, L50, M|\n|poke|p2|Bronzong, L50|\n|poke|p2|Flutter Mane, L50|\n|teampreview|4\nSleepySilver07 has agreed to open team sheets.\n|inactive|Battle timer is ON: inactive players will automatically lose when time's up. (requested by uhh daneooo)\n|inactive|SleepySilver07 has 60 seconds left.\n|inactive|uhh daneooo has 60 seconds left.\n|inactive|SleepySilver07 has 30 seconds left.\n|\n|t:|1773530898\n|teamsize|p1|4\n|teamsize|p2|4\n|start\n|switch|p1a: Chi-Yu|Chi-Yu, L50|100/100\n|switch|p1b: Eternatus|Eternatus, L50|100/100\n|switch|p2a: Koraidon|Koraidon, L50|100/100\n|switch|p2b: Ho-Oh|Ho-Oh, L50|100/100\n|-weather|SunnyDay|[from] ability: Orichalcum Pulse|[of] p2a: Koraidon\n|-activate|p2a: Koraidon|Orichalcum Pulse|[source]\n|-ability|p1b: Eternatus|Pressure\n|-ability|p1a: Chi-Yu|Beads of Ruin\n|turn|1\n|\n|t:|1773530913\n|switch|p2b: Ting-Lu|Ting-Lu, L50|100/100\n|-ability|p2b: Ting-Lu|Vessel of Ruin\n|move|p2a: Koraidon|Close Combat|p1a: Chi-Yu\n|-supereffective|p1a: Chi-Yu\n|-enditem|p1a: Chi-Yu|Focus Sash\n|-damage|p1a: Chi-Yu|1/100\n|-unboost|p2a: Koraidon|def|1\n|-unboost|p2a: Koraidon|spd|1\n|-damage|p2a: Koraidon|91/100|[from] item: Life Orb\n|move|p1b: Eternatus|Dynamax Cannon|p2a: Koraidon\n|-supereffective|p2a: Koraidon\n|-damage|p2a: Koraidon|0 fnt\n|faint|p2a: Koraidon\n|-damage|p1b: Eternatus|91/100|[from] item: Life Orb\n|move|p1a: Chi-Yu|Dark Pulse|p2b: Ting-Lu\n|-resisted|p2b: Ting-Lu\n|-damage|p2b: Ting-Lu|84/100\n|\n|-weather|SunnyDay|[upkeep]\n|upkeep\n|\n|t:|1773530921\n|switch|p2a: Ho-Oh|Ho-Oh, L50|100/100\n|turn|2\n|\n|t:|1773530938\n|switch|p2b: Amoonguss|Amoonguss, L50, M|100/100\n|move|p1b: Eternatus|Dynamax Cannon|p2b: Amoonguss\n|-damage|p2b: Amoonguss|16/100\n|-enditem|p2b: Amoonguss|Sitrus Berry|[eat]\n|-heal|p2b: Amoonguss|41/100|[from] item: Sitrus Berry\n|-damage|p1b: Eternatus|81/100|[from] item: Life Orb\n|move|p1a: Chi-Yu|Overheat|p2b: Amoonguss\n|-supereffective|p2b: Amoonguss\n|-damage|p2b: Amoonguss|0 fnt\n|-unboost|p1a: Chi-Yu|spa|2\n|faint|p2b: Amoonguss\n|move|p2a: Ho-Oh|Earthquake|p1b: Eternatus|[spread] p1a,p1b\n|-supereffective|p1a: Chi-Yu\n|-supereffective|p1b: Eternatus\n|-damage|p1a: Chi-Yu|0 fnt\n|-damage|p1b: Eternatus|39/100\n|faint|p1a: Chi-Yu\n|\n|-weather|SunnyDay|[upkeep]\n|upkeep\n|\n|t:|1773530953\n|switch|p1a: Iron Hands|Iron Hands, L50|100/100\n|switch|p2b: Ting-Lu|Ting-Lu, L50|84/100\n|-ability|p2b: Ting-Lu|Vessel of Ruin\n|turn|3\n|\n|t:|1773530968\n|-terastallize|p1a: Iron Hands|Water\n|-terastallize|p2b: Ting-Lu|Fairy\n|move|p1b: Eternatus|Sludge Bomb|p2a: Ho-Oh\n|-damage|p2a: Ho-Oh|82/100\n|-damage|p1b: Eternatus|29/100|[from] item: Life Orb\n|move|p2a: Ho-Oh|Sacred Fire|p1a: Iron Hands\n|-resisted|p1a: Iron Hands\n|-damage|p1a: Iron Hands|73/100\n|move|p1a: Iron Hands|Wild Charge|p2a: Ho-Oh\n|-supereffective|p2a: Ho-Oh\n|-damage|p2a: Ho-Oh|3/100\n|-damage|p1a: Iron Hands|55/100|[from] Recoil\n|move|p2b: Ting-Lu|Earthquake|p1a: Iron Hands|[spread] p1a,p1b\n|-immune|p2a: Ho-Oh\n|-supereffective|p1b: Eternatus\n|-damage|p1a: Iron Hands|16/100\n|-damage|p1b: Eternatus|0 fnt\n|faint|p1b: Eternatus\n|\n|-weather|SunnyDay|[upkeep]\n|upkeep\n|\n|t:|1773530981\n|switch|p1b: Terapagos|Terapagos, L50, M|100/100\n|-activate|p1b: Terapagos|ability: Tera Shift\n|detailschange|p1b: Terapagos|Terapagos-Terastal, L50, M\n|-heal|p1b: Terapagos|100/100|[silent]\n|turn|4\n|\n|t:|1773530999\n|move|p1b: Terapagos|Tera Starstorm|p2b: Ting-Lu\n|-damage|p2b: Ting-Lu|33/100\n|move|p2a: Ho-Oh|Sacred Fire|p1b: Terapagos\n|-activate|p1b: Terapagos|ability: Tera Shell\n|-resisted|p1b: Terapagos\n|-damage|p1b: Terapagos|63/100\n|move|p1a: Iron Hands|Wild Charge|p2a: Ho-Oh\n|-supereffective|p2a: Ho-Oh\n|-damage|p2a: Ho-Oh|0 fnt\n|faint|p2a: Ho-Oh\n|-damage|p1a: Iron Hands|16/100|[from] Recoil\n|move|p2b: Ting-Lu|Earthquake|p1b: Terapagos|[spread] p1a,p1b\n|-damage|p1a: Iron Hands|0 fnt\n|-damage|p1b: Terapagos|14/100\n|faint|p1a: Iron Hands\n|-end|p1a: Iron Hands|Quark Drive|[silent]\n|\n|-weather|SunnyDay|[upkeep]\n|upkeep\n|turn|5\n|c|\u2606uhh daneooo|gg bud\n|\n|t:|1773531020\n|move|p1b: Terapagos|Tera Starstorm|p2b: Ting-Lu\n|-damage|p2b: Ting-Lu|0 fnt\n|faint|p2b: Ting-Lu\n|\n|win|uhh daneooo\n|raw|uhh daneooo's rating: 1293 &rarr; <strong>1325</strong><br />(+32 for winning)\n|raw|SleepySilver07's rating: 1392 &rarr; <strong>1366</strong><br />(-26 for losing)\n|l|\u2606uhh daneooo\n|player|p1|\n|l|\u2606SleepySilver07\n|player|p2|\n","uploadtime":1773531265,"views":12,"formatid":"gen9vgc2026regi","rating":1325,"private":0,"password":null}