{"id":"gen9vgc2026regi-2564665784","format":"[Gen 9] VGC 2026 Reg I","players":["Ksp 2","blackred123"],"log":"|j|\u2606Ksp 2\n|j|\u2606blackred123\n|t:|1774183385\n|gametype|doubles\n|player|p1|Ksp 2|265|1281\n|player|p2|blackred123|iono-masters|1390\n|gen|9\n|tier|[Gen 9] VGC 2026 Reg I\n|rated|\n|rule|Species Clause: Limit one of each Pok\u00e9mon\n|rule|Item Clause: Limit 1 of each item\n|clearpoke\n|poke|p1|Ursaluna, L50, M|\n|poke|p1|Lunala, L50|\n|poke|p1|Miraidon, L50|\n|poke|p1|Incineroar, L50, F|\n|poke|p1|Iron Hands, L50|\n|poke|p1|Urshifu-*, L50, M|\n|poke|p2|Kyogre, L50|\n|poke|p2|Zacian-*, L50|\n|poke|p2|Clefairy, L50, F|\n|poke|p2|Tornadus, L50, M|\n|poke|p2|Landorus, L50, M|\n|poke|p2|Smeargle, L50, M|\n|teampreview|4\n|inactive|Battle timer is ON: inactive players will automatically lose when time's up. (requested by blackred123)\n|inactive|Ksp 2 has 60 seconds left.\n|\n|t:|1774183427\n|teamsize|p1|4\n|teamsize|p2|4\n|start\n|switch|p1a: Lunala|Lunala, L50|100/100\n|switch|p1b: Miraidon|Miraidon, L50|100/100\n|switch|p2a: Zacian|Zacian-Crowned, L50|100/100\n|switch|p2b: Tornadus|Tornadus, L50, M, shiny|100/100\n|-ability|p2a: Zacian|Intrepid Sword|boost\n|-boost|p2a: Zacian|atk|1\n|-fieldstart|move: Electric Terrain|[from] ability: Hadron Engine|[of] p1b: Miraidon\n|-enditem|p1a: Lunala|Electric Seed\n|-boost|p1a: Lunala|def|1|[from] item: Electric Seed\n|turn|1\n|\n|t:|1774183449\n|move|p2b: Tornadus|Taunt|p1a: Lunala\n|-start|p1a: Lunala|move: Taunt\n|move|p2a: Zacian|Play Rough|p1b: Miraidon\n|-supereffective|p1b: Miraidon\n|-damage|p1b: Miraidon|0 fnt\n|faint|p1b: Miraidon\n|cant|p1a: Lunala|move: Taunt|Trick Room\n|\n|upkeep\n|\n|t:|1774183463\n|switch|p1b: Iron Hands|Iron Hands, L50|100/100\n|-activate|p1b: Iron Hands|ability: Quark Drive\n|-start|p1b: Iron Hands|quarkdriveatk\n|turn|2\n|\n|t:|1774183474\n|switch|p1a: Incineroar|Incineroar, L50, F|100/100\n|-ability|p1a: Incineroar|Intimidate|boost\n|-unboost|p2a: Zacian|atk|1\n|-unboost|p2b: Tornadus|atk|1\n|-terastallize|p2a: Zacian|Normal\n|move|p2a: Zacian|Swords Dance|p2a: Zacian\n|-boost|p2a: Zacian|atk|2\n|move|p2b: Tornadus|Bleakwind Storm|p1b: Iron Hands|[spread] p1b\n|-miss|p2b: Tornadus|p1a: Incineroar\n|-damage|p1b: Iron Hands|80/100\n|move|p1b: Iron Hands|Thunder Punch|p2b: Tornadus\n|-supereffective|p2b: Tornadus\n|-damage|p2b: Tornadus|0 fnt\n|faint|p2b: Tornadus\n|\n|upkeep\n|\n|t:|1774183482\n|switch|p2b: Landorus|Landorus, L50, M|100/100\n|turn|3\n|\n|t:|1774183500\n|-terastallize|p1b: Iron Hands|Water\n|move|p1a: Incineroar|Fake Out|p2a: Zacian\n|-damage|p2a: Zacian|92/100\n|cant|p2a: Zacian|flinch\n|move|p2b: Landorus|Earth Power|p1b: Iron Hands\n|-damage|p1b: Iron Hands|51/100\n|move|p1b: Iron Hands|Drain Punch|p2a: Zacian\n|-supereffective|p2a: Zacian\n|-damage|p2a: Zacian|0 fnt\n|-heal|p1b: Iron Hands|87/100|[from] drain|[of] p2a: Zacian\n|faint|p2a: Zacian\n|\n|upkeep\n|\n|t:|1774183506\n|switch|p2a: Kyogre|Kyogre, L50, shiny|100/100\n|-weather|RainDance|[from] ability: Drizzle|[of] p2a: Kyogre\n|turn|4\n|inactive|Ksp 2 has 30 seconds left.\n|inactive|blackred123 has 30 seconds left.\n|\n|t:|1774183537\n|switch|p1a: Lunala|Lunala, L50|100/100\n|move|p2b: Landorus|Earth Power|p1b: Iron Hands\n|-damage|p1b: Iron Hands|57/100\n|move|p2a: Kyogre|Water Spout|p1b: Iron Hands|[spread] p1a,p1b\n|-resisted|p1b: Iron Hands\n|-damage|p1a: Lunala|38/100\n|-damage|p1b: Iron Hands|18/100\n|move|p1b: Iron Hands|Thunder Punch|p2a: Kyogre\n|-supereffective|p2a: Kyogre\n|-damage|p2a: Kyogre|0 fnt\n|faint|p2a: Kyogre\n|\n|-weather|RainDance|[upkeep]\n|upkeep\n|turn|5\n|inactive|Ksp 2 has 30 seconds left.\n|inactive|Ksp 2 has 20 seconds left.\n|inactive|Ksp 2 has 15 seconds left.\n|\n|t:|1774183579\n|-end|p1b: Iron Hands|Quark Drive|[silent]\n|switch|p1b: Incineroar|Incineroar, L50, F|100/100\n|-ability|p1b: Incineroar|Intimidate|boost\n|-unboost|p2b: Landorus|atk|1\n|move|p2b: Landorus|Earth Power|p1a: Lunala\n|-damage|p1a: Lunala|0 fnt\n|faint|p1a: Lunala\n|\n|-weather|RainDance|[upkeep]\n|-fieldend|move: Electric Terrain\n|upkeep\n|\n|t:|1774183585\n|switch|p1a: Iron Hands|Iron Hands, L50, tera:Water|18/100\n|turn|6\n|\n|t:|1774183600\n|move|p1b: Incineroar|Fake Out|p2b: Landorus\n|-damage|p2b: Landorus|90/100\n|cant|p2b: Landorus|flinch\n|move|p1a: Iron Hands|Heavy Slam|p2b: Landorus\n|-damage|p2b: Landorus|44/100\n|\n|-weather|RainDance|[upkeep]\n|upkeep\n|turn|7\n|\n|t:|1774183612\n|move|p2b: Landorus|Earth Power|p1a: Iron Hands\n|-damage|p1a: Iron Hands|0 fnt\n|faint|p1a: Iron Hands\n|-end|p1a: Iron Hands|Quark Drive|[silent]\n|move|p1b: Incineroar|Knock Off|p2b: Landorus\n|-damage|p2b: Landorus|9/100\n|-enditem|p2b: Landorus|Choice Scarf|[from] move: Knock Off|[of] p1b: Incineroar\n|\n|-weather|RainDance|[upkeep]\n|upkeep\n|turn|8\n|\n|t:|1774183624\n|move|p2b: Landorus|Sandsear Storm|p1b: Incineroar\n|-supereffective|p1b: Incineroar\n|-damage|p1b: Incineroar|0 fnt\n|faint|p1b: Incineroar\n|\n|win|blackred123\n|raw|Ksp 2's rating: 1281 &rarr; <strong>1264</strong><br />(-17 for losing)\n|raw|blackred123's rating: 1390 &rarr; <strong>1404</strong><br />(+14 for winning)\n","uploadtime":1774183635,"views":9,"formatid":"gen9vgc2026regi","rating":1264,"private":0,"password":null}