{"id":"gen9vgc2026regi-2558578449","format":"[Gen 9] VGC 2026 Reg I","players":["Rugss","D4RKEVA"],"log":"|j|\u2606Rugss\n|j|\u2606D4RKEVA\n|t:|1773449722\n|gametype|doubles\n|player|p1|Rugss|lucas|1089\n|player|p2|D4RKEVA|266|1160\n|gen|9\n|tier|[Gen 9] VGC 2026 Reg I\n|rated|\n|rule|Species Clause: Limit one of each Pok\u00e9mon\n|rule|Item Clause: Limit 1 of each item\n|clearpoke\n|poke|p1|Zacian-*, L50|\n|poke|p1|Calyrex-Shadow, L50|\n|poke|p1|Tornadus, L50, M|\n|poke|p1|Landorus, L50, M|\n|poke|p1|Urshifu-*, L50, F|\n|poke|p1|Incineroar, L50, M|\n|poke|p2|Raging Bolt, L50|\n|poke|p2|Chien-Pao, L50|\n|poke|p2|Calyrex-Shadow, L50|\n|poke|p2|Rillaboom, L50, M|\n|poke|p2|Amoonguss, L50, F|\n|poke|p2|Zamazenta-*, L50|\n|teampreview|4\n|inactive|Battle timer is ON: inactive players will automatically lose when time's up. (requested by D4RKEVA)\n|l|\u2606D4RKEVA\n|inactive|D4RKEVA disconnected and has a minute to reconnect!\n|player|p2|\n|j|\u2606D4RKEVA\n|inactive|D4RKEVA reconnected and has 70 seconds left.\n|player|p2|D4RKEVA|266|\n|inactive|Rugss has 60 seconds left.\n|inactive|D4RKEVA has 60 seconds left.\n|l|\u2606D4RKEVA\n|inactive|D4RKEVA disconnected and has a minute to reconnect!\n|player|p2|\n|inactive|Rugss has 30 seconds left.\n|j|\u2606D4RKEVA\n|inactive|D4RKEVA reconnected.\n|player|p2|D4RKEVA|266|\n|inactive|Rugss has 20 seconds left.\n|inactive|Rugss has 15 seconds left.\n|inactive|Rugss has 10 seconds left.\n|inactive|Rugss has 5 seconds left.\n|\n|t:|1773449813\n|teamsize|p1|4\n|teamsize|p2|4\n|start\n|switch|p1a: Incineroar|Incineroar, L50, M|100/100\n|switch|p1b: Landorus|Landorus, L50, M|100/100\n|switch|p2a: Chien-Pao|Chien-Pao, L50|100/100\n|switch|p2b: Zamazenta|Zamazenta-Crowned, L50|100/100\n|-ability|p2a: Chien-Pao|Sword of Ruin\n|-ability|p2b: Zamazenta|Dauntless Shield|boost\n|-boost|p2b: Zamazenta|def|1\n|-ability|p1a: Incineroar|Intimidate|boost\n|-unboost|p2a: Chien-Pao|atk|1\n|-unboost|p2b: Zamazenta|atk|1\n|turn|1\n|l|\u2606D4RKEVA\n|inactive|D4RKEVA disconnected and has a minute to reconnect!\n|player|p2|\n|j|\u2606D4RKEVA\n|inactive|D4RKEVA reconnected and has 35 seconds left.\n|player|p2|D4RKEVA|266|\n|inactive|Rugss has 30 seconds left.\n|inactive|D4RKEVA has 30 seconds left.\n|inactive|Rugss has 20 seconds left.\n|inactive|Rugss has 15 seconds left.\n|inactive|Rugss has 10 seconds left.\n|inactive|Rugss has 5 seconds left.\n|\n|t:|1773449864\n|-terastallize|p2b: Zamazenta|Water\n|-terastallize|p1b: Landorus|Water\n|move|p1a: Incineroar|Fake Out|p2b: Zamazenta\n|-damage|p2b: Zamazenta|95/100\n|move|p2a: Chien-Pao|Ice Spinner|p1b: Landorus\n|-resisted|p1b: Landorus\n|-damage|p1b: Landorus|76/100\n|-damage|p2a: Chien-Pao|91/100|[from] item: Life Orb\n|cant|p2b: Zamazenta|flinch\n|move|p1b: Landorus|Substitute|p1b: Landorus\n|-start|p1b: Landorus|Substitute\n|-damage|p1b: Landorus|52/100\n|\n|upkeep\n|turn|2\n|l|\u2606D4RKEVA\n|inactive|D4RKEVA disconnected and has a minute to reconnect!\n|player|p2|\n|j|\u2606D4RKEVA\n|inactive|D4RKEVA reconnected and has 35 seconds left.\n|player|p2|D4RKEVA|266|\n|inactive|Rugss has 30 seconds left.\n|inactive|D4RKEVA has 30 seconds left.\n|\n|t:|1773449895\n|switch|p1a: Calyrex|Calyrex-Shadow, L50|100/100\n|-ability|p1a: Calyrex|As One\n|-ability|p1a: Calyrex|Unnerve\n|move|p1b: Landorus|Protect|p1b: Landorus\n|-singleturn|p1b: Landorus|Protect\n|move|p2a: Chien-Pao|Ice Spinner|p1b: Landorus\n|-activate|p1b: Landorus|move: Protect\n|move|p2b: Zamazenta|Body Press|p1a: Calyrex\n|-immune|p1a: Calyrex\n|\n|upkeep\n|turn|3\n|inactive|Rugss has 30 seconds left.\n|\n|t:|1773449924\n|move|p2a: Chien-Pao|Sucker Punch|p1a: Calyrex\n|-supereffective|p1a: Calyrex\n|-enditem|p1a: Calyrex|Focus Sash\n|-damage|p1a: Calyrex|1/100\n|-damage|p2a: Chien-Pao|81/100|[from] item: Life Orb\n|move|p1a: Calyrex|Astral Barrage|p2a: Chien-Pao|[spread] p2a,p2b\n|-resisted|p2a: Chien-Pao\n|-damage|p2a: Chien-Pao|39/100\n|-damage|p2b: Zamazenta|57/100\n|move|p2b: Zamazenta|Body Press|p1b: Landorus\n|-end|p1b: Landorus|Substitute\n|move|p1b: Landorus|Earth Power|p2a: Chien-Pao\n|-damage|p2a: Chien-Pao|0 fnt\n|faint|p2a: Chien-Pao\n|\n|upkeep\n|\n|t:|1773449934\n|switch|p2a: Raging Bolt|Raging Bolt, L50|100/100\n|turn|4\n|inactive|Rugss has 30 seconds left.\n|inactive|Rugss has 20 seconds left.\n|inactive|Rugss has 15 seconds left.\n|inactive|Rugss has 10 seconds left.\n|\n|t:|1773449983\n|switch|p1a: Incineroar|Incineroar, L50, M|100/100\n|-ability|p1a: Incineroar|Intimidate|boost\n|-unboost|p2a: Raging Bolt|atk|1\n|-unboost|p2b: Zamazenta|atk|1\n|move|p1b: Landorus|Protect|p1b: Landorus\n|-singleturn|p1b: Landorus|Protect\n|move|p2a: Raging Bolt|Thunderclap||[still]\n|-fail|p2a: Raging Bolt\n|move|p2b: Zamazenta|Body Press|p1b: Landorus\n|-activate|p1b: Landorus|move: Protect\n|\n|upkeep\n|turn|5\n|inactive|Rugss has 30 seconds left.\n|inactive|Rugss has 20 seconds left.\n|inactive|Rugss has 15 seconds left.\n|inactive|Rugss has 10 seconds left.\n|inactive|Rugss has 5 seconds left.\n|\n|t:|1773450036\n|move|p2a: Raging Bolt|Protect|p2a: Raging Bolt\n|-singleturn|p2a: Raging Bolt|Protect\n|move|p2b: Zamazenta|Body Press|p1a: Incineroar\n|-supereffective|p1a: Incineroar\n|-crit|p1a: Incineroar\n|-damage|p1a: Incineroar|0 fnt\n|faint|p1a: Incineroar\n|move|p1b: Landorus|Earth Power|p2b: Zamazenta\n|-damage|p2b: Zamazenta|5/100\n|\n|upkeep\n|\n|t:|1773450047\n|switch|p1a: Zacian|Zacian-Crowned, L50|100/100\n|-ability|p1a: Zacian|Intrepid Sword|boost\n|-boost|p1a: Zacian|atk|1\n|turn|6\n|inactive|Rugss has 30 seconds left.\n|inactive|Rugss has 20 seconds left.\n|inactive|Rugss has 15 seconds left.\n|inactive|Rugss has 10 seconds left.\n|\n|t:|1773450095\n|move|p1b: Landorus|Protect|p1b: Landorus\n|-singleturn|p1b: Landorus|Protect\n|move|p1a: Zacian|Behemoth Blade|p2b: Zamazenta\n|-resisted|p2b: Zamazenta\n|-damage|p2b: Zamazenta|0 fnt\n|faint|p2b: Zamazenta\n|move|p2a: Raging Bolt|Thunderbolt|p1b: Landorus\n|-activate|p1b: Landorus|move: Protect\n|\n|upkeep\n|\n|t:|1773450100\n|switch|p2b: Calyrex|Calyrex-Shadow, L50|100/100\n|-ability|p2b: Calyrex|As One\n|-ability|p2b: Calyrex|Unnerve\n|turn|7\n|l|\u2606D4RKEVA\n|inactive|D4RKEVA disconnected and has a minute to reconnect!\n|player|p2|\n|inactive|Rugss has 30 seconds left.\n|j|\u2606D4RKEVA\n|inactive|D4RKEVA reconnected.\n|player|p2|D4RKEVA|266|\n|inactive|Rugss has 20 seconds left.\n|inactive|Rugss has 15 seconds left.\n|\n|t:|1773450141\n|move|p2b: Calyrex|Astral Barrage|p1b: Landorus|[spread] p1a,p1b\n|-damage|p1a: Zacian|57/100\n|-damage|p1b: Landorus|0 fnt\n|faint|p1b: Landorus\n|-ability|p2b: Calyrex|Grim Neigh|boost\n|-boost|p2b: Calyrex|spa|1\n|move|p1a: Zacian|Behemoth Blade|p2b: Calyrex\n|-damage|p2b: Calyrex|3/100\n|move|p2a: Raging Bolt|Thunderbolt|p1a: Zacian\n|-damage|p1a: Zacian|3/100\n|\n|upkeep\n|\n|t:|1773450153\n|switch|p1b: Calyrex|Calyrex-Shadow, L50|1/100\n|-ability|p1b: Calyrex|As One\n|-ability|p1b: Calyrex|Unnerve\n|turn|8\n|l|\u2606D4RKEVA\n|inactive|D4RKEVA disconnected and has a minute to reconnect!\n|player|p2|\n|inactive|Rugss has 30 seconds left.\n|j|\u2606D4RKEVA\n|inactive|D4RKEVA reconnected.\n|player|p2|D4RKEVA|266|\n|inactive|Rugss has 20 seconds left.\n|\n|t:|1773450189\n|move|p1a: Zacian|Protect|p1a: Zacian\n|-singleturn|p1a: Zacian|Protect\n|move|p2a: Raging Bolt|Thunderclap||[still]\n|-fail|p2a: Raging Bolt\n|move|p1b: Calyrex|Disable|p2b: Calyrex\n|-start|p2b: Calyrex|Disable|Astral Barrage\n|cant|p2b: Calyrex|Disable|Astral Barrage\n|\n|upkeep\n|turn|9\n|inactive|Rugss has 30 seconds left.\n|inactive|Rugss has 20 seconds left.\n|inactive|Rugss has 15 seconds left.\n|inactive|Rugss has 10 seconds left.\n|\n|t:|1773450239\n|move|p2a: Raging Bolt|Thunderclap|p1a: Zacian\n|-damage|p1a: Zacian|0 fnt\n|faint|p1a: Zacian\n|move|p1b: Calyrex|Astral Barrage|p2b: Calyrex|[spread] p2a,p2b\n|-supereffective|p2b: Calyrex\n|-damage|p2a: Raging Bolt|52/100\n|-damage|p2b: Calyrex|0 fnt\n|faint|p2b: Calyrex\n|-ability|p1b: Calyrex|Grim Neigh|boost\n|-boost|p1b: Calyrex|spa|1\n|\n|upkeep\n|turn|10\n|inactive|Rugss has 30 seconds left.\n|\n|t:|1773450256\n|move|p2a: Raging Bolt|Protect|p2a: Raging Bolt\n|-singleturn|p2a: Raging Bolt|Protect\n|move|p1b: Calyrex|Disable|p2a: Raging Bolt\n|-activate|p2a: Raging Bolt|move: Protect\n|\n|upkeep\n|turn|11\n|inactive|Rugss has 25 seconds left this turn.\n|\n|t:|1773450262\n|move|p1b: Calyrex|Protect|p1b: Calyrex\n|-singleturn|p1b: Calyrex|Protect\n|move|p2a: Raging Bolt|Thunderbolt|p1b: Calyrex\n|-activate|p1b: Calyrex|move: Protect\n|\n|upkeep\n|turn|12\n|inactive|Rugss has 25 seconds left this turn.\n|inactive|Rugss has 20 seconds left.\n|\n|t:|1773450273\n|move|p2a: Raging Bolt|Protect|p2a: Raging Bolt\n|-singleturn|p2a: Raging Bolt|Protect\n|move|p1b: Calyrex|Astral Barrage|p2a: Raging Bolt\n|-activate|p2a: Raging Bolt|move: Protect\n|\n|upkeep\n|turn|13\n|inactive|Rugss has 20 seconds left this turn.\n|inactive|Rugss has 15 seconds left.\n|\n|t:|1773450280\n|move|p2a: Raging Bolt|Thunderclap||[still]\n|-fail|p2a: Raging Bolt\n|move|p1b: Calyrex|Encore|p2a: Raging Bolt\n|-start|p2a: Raging Bolt|Encore\n|\n|upkeep\n|turn|14\n|inactive|Rugss has 15 seconds left this turn.\n|\n|t:|1773450285\n|move|p2a: Raging Bolt|Thunderclap|p1b: Calyrex\n|-damage|p1b: Calyrex|0 fnt\n|faint|p1b: Calyrex\n|\n|win|D4RKEVA\n|raw|Rugss's rating: 1089 &rarr; <strong>1070</strong><br />(-19 for losing)\n|raw|D4RKEVA's rating: 1160 &rarr; <strong>1180</strong><br />(+20 for winning)\n|l|\u2606D4RKEVA\n|player|p2|\n","uploadtime":1773450326,"views":15,"formatid":"gen9vgc2026regi","rating":1070,"private":0,"password":null}