{"id":"gen9vgc2026regi-2541294184","format":"[Gen 9] VGC 2026 Reg I","players":["johnkharkiv","EllenJoe2026"],"log":"|j|\u203djohnkharkiv\n|j|\u203dEllenJoe2026\n|t:|1771311826\n|gametype|doubles\n|player|p1|johnkharkiv|swimmerf-gen4dp|1311\n|player|p2|EllenJoe2026|iono|1470\n|gen|9\n|tier|[Gen 9] VGC 2026 Reg I\n|rated|\n|rule|Species Clause: Limit one of each Pok\u00e9mon\n|rule|Item Clause: Limit 1 of each item\n|clearpoke\n|poke|p1|Miraidon, L50|\n|poke|p1|Groudon, L50|\n|poke|p1|Tornadus, L50, M|\n|poke|p1|Charizard, L50, M|\n|poke|p1|Oranguru, L50, F|\n|poke|p1|Iron Valiant, L50|\n|poke|p2|Calyrex-Ice, L50|\n|poke|p2|Miraidon, L50|\n|poke|p2|Tornadus, L50, M|\n|poke|p2|Urshifu-*, L50, F|\n|poke|p2|Grimmsnarl, L50, M|\n|poke|p2|Iron Hands, L50|\n|teampreview|4\n|inactive|Battle timer is ON: inactive players will automatically lose when time's up. (requested by EllenJoe2026)\n|inactive|johnkharkiv has 60 seconds left.\n|inactive|EllenJoe2026 has 60 seconds left.\n|\n|t:|1771311870\n|teamsize|p1|4\n|teamsize|p2|4\n|start\n|switch|p1a: Groudon|Groudon, L50|100/100\n|switch|p1b: Iron Valiant|Iron Valiant, L50|100/100\n|switch|p2a: Calyrex|Calyrex-Ice, L50|100/100\n|switch|p2b: Grimmsnarl|Grimmsnarl, L50, M, shiny|100/100\n|-ability|p2a: Calyrex|As One\n|-ability|p2a: Calyrex|Unnerve\n|-weather|SunnyDay|[from] ability: Drought|[of] p1a: Groudon\n|turn|1\n|\n|t:|1771311892\n|-terastallize|p2a: Calyrex|Grass\n|move|p2b: Grimmsnarl|Reflect|p2b: Grimmsnarl\n|-sidestart|p2: EllenJoe2026|Reflect\n|move|p1b: Iron Valiant|Spirit Break|p2b: Grimmsnarl\n|-supereffective|p2b: Grimmsnarl\n|-damage|p2b: Grimmsnarl|56/100\n|-unboost|p2b: Grimmsnarl|spa|1\n|move|p1a: Groudon|Precipice Blades|p2a: Calyrex|[spread] p2a,p2b\n|-resisted|p2a: Calyrex\n|-damage|p2a: Calyrex|90/100\n|-damage|p2b: Grimmsnarl|24/100\n|move|p2a: Calyrex|Seed Bomb|p1a: Groudon\n|-supereffective|p1a: Groudon\n|-damage|p1a: Groudon|24/100\n|\n|-weather|SunnyDay|[upkeep]\n|upkeep\n|turn|2\n|inactive|EllenJoe2026 has 30 seconds left.\n|\n|t:|1771311924\n|switch|p1a: Charizard|Charizard, L50, M, shiny|100/100\n|move|p2b: Grimmsnarl|Taunt|p1b: Iron Valiant\n|-start|p1b: Iron Valiant|move: Taunt\n|move|p1b: Iron Valiant|Spirit Break|p2b: Grimmsnarl\n|-supereffective|p2b: Grimmsnarl\n|-damage|p2b: Grimmsnarl|0 fnt\n|faint|p2b: Grimmsnarl\n|move|p2a: Calyrex|Glacial Lance|p1b: Iron Valiant|[spread] p1a,p1b\n|-damage|p1a: Charizard|21/100\n|-damage|p1b: Iron Valiant|32/100\n|\n|-weather|SunnyDay|[upkeep]\n|-damage|p1a: Charizard|8/100|[from] ability: Solar Power|[of] p1a: Charizard\n|upkeep\n|\n|t:|1771311941\n|switch|p2b: Iron Hands|Iron Hands, L50, shiny|100/100\n|turn|3\n|inactive|johnkharkiv has 30 seconds left.\n|\n|t:|1771311967\n|switch|p1a: Oranguru|Oranguru, L50, F, shiny|100/100\n|move|p2b: Iron Hands|Fake Out|p1a: Oranguru\n|-damage|p1a: Oranguru|89/100\n|move|p1b: Iron Valiant|Spirit Break|p2b: Iron Hands\n|-supereffective|p2b: Iron Hands\n|-damage|p2b: Iron Hands|71/100\n|-unboost|p2b: Iron Hands|spa|1\n|move|p2a: Calyrex|Trick Room|p2a: Calyrex\n|-fieldstart|move: Trick Room|[of] p2a: Calyrex\n|-enditem|p1a: Oranguru|Room Service\n|-unboost|p1a: Oranguru|spe|1|[from] item: Room Service\n|\n|-weather|SunnyDay|[upkeep]\n|upkeep\n|turn|4\n|\n|t:|1771311983\n|move|p1a: Oranguru|Encore|p2a: Calyrex\n|-start|p2a: Calyrex|Encore\n|move|p2b: Iron Hands|Thunder Punch|p1b: Iron Valiant\n|-crit|p1b: Iron Valiant\n|-damage|p1b: Iron Valiant|0 fnt\n|faint|p1b: Iron Valiant\n|-end|p1b: Iron Valiant|Quark Drive|[silent]\n|move|p2a: Calyrex|Trick Room|p2a: Calyrex\n|-fieldend|move: Trick Room\n|\n|-weather|SunnyDay|[upkeep]\n|upkeep\n|\n|t:|1771311992\n|switch|p1b: Charizard|Charizard, L50, M, shiny|8/100\n|turn|5\n|\n|t:|1771312009\n|switch|p2a: Miraidon|Miraidon, L50, shiny|100/100\n|-fieldstart|move: Electric Terrain|[from] ability: Hadron Engine|[of] p2a: Miraidon\n|-activate|p2b: Iron Hands|ability: Quark Drive\n|-start|p2b: Iron Hands|quarkdriveatk\n|move|p1b: Charizard|Heat Wave|p2a: Miraidon|[spread] p2a,p2b\n|-resisted|p2a: Miraidon\n|-damage|p2a: Miraidon|70/100\n|-damage|p2b: Iron Hands|35/100\n|move|p2b: Iron Hands|Drain Punch|p1a: Oranguru\n|-damage|p1a: Oranguru|44/100\n|-heal|p2b: Iron Hands|55/100|[from] drain|[of] p1a: Oranguru\n|move|p1a: Oranguru|Encore|p2b: Iron Hands\n|-start|p2b: Iron Hands|Encore\n|\n|-weather|none\n|upkeep\n|turn|6\n|j| jiuhaili\n|inactive|EllenJoe2026 has 30 seconds left.\n|\n|t:|1771312034\n|move|p2a: Miraidon|Volt Switch|p1b: Charizard\n|-supereffective|p1b: Charizard\n|-damage|p1b: Charizard|0 fnt\n|faint|p1b: Charizard\n|\n|t:|1771312039\n|switch|p2a: Calyrex|Calyrex-Ice, L50, tera:Grass|90/100|[from] Volt Switch\n|-ability|p2a: Calyrex|As One\n|-ability|p2a: Calyrex|Unnerve\n|move|p2b: Iron Hands|Drain Punch|p1a: Oranguru\n|-damage|p1a: Oranguru|3/100\n|-heal|p2b: Iron Hands|73/100|[from] drain|[of] p1a: Oranguru\n|move|p1a: Oranguru|Foul Play|p2a: Calyrex\n|-damage|p2a: Calyrex|75/100\n|\n|upkeep\n|\n|t:|1771312041\n|switch|p1b: Groudon|Groudon, L50|24/100\n|-weather|SunnyDay|[from] ability: Drought|[of] p1b: Groudon\n|turn|7\n|\n|t:|1771312062\n|-terastallize|p1b: Groudon|Dark\n|move|p1b: Groudon|Earthquake|p2b: Iron Hands|[spread] p2a,p2b\n|-activate|p1a: Oranguru|ability: Telepathy\n|-resisted|p2a: Calyrex\n|-supereffective|p2b: Iron Hands\n|-damage|p2a: Calyrex|67/100\n|-damage|p2b: Iron Hands|34/100\n|move|p2a: Calyrex|Glacial Lance|p1b: Groudon|[spread] p1a,p1b\n|-damage|p1a: Oranguru|0 fnt\n|-damage|p1b: Groudon|0 fnt\n|faint|p1a: Oranguru\n|faint|p1b: Groudon\n|\n|win|EllenJoe2026\n|raw|johnkharkiv's rating: 1292 &rarr; <strong>1279</strong><br />(-13 for losing)\n|raw|EllenJoe2026's rating: 1470 &rarr; <strong>1481</strong><br />(+11 for winning)\n|l|\u203djohnkharkiv\n|player|p1|\n|l|\u203dEllenJoe2026\n|player|p2|\n|l| jiuhaili\n","uploadtime":1771312063,"views":11,"formatid":"gen9vgc2026regi","rating":1279,"private":0,"password":null}