{"id":"gen9vgc2026regi-2549041816","format":"[Gen 9] VGC 2026 Reg I","players":["Feenir","partigiano jonny"],"log":"|j|\u2606Feenir\n|j|\u2606partigiano jonny\n|t:|1772299419\n|gametype|doubles\n|player|p1|Feenir|1|1379\n|player|p2|partigiano jonny|volkner|1522\n|gen|9\n|tier|[Gen 9] VGC 2026 Reg I\n|rated|\n|rule|Species Clause: Limit one of each Pok\u00e9mon\n|rule|Item Clause: Limit 1 of each item\n|clearpoke\n|poke|p1|Miraidon, L50|\n|poke|p1|Landorus, L50, M|\n|poke|p1|Ursaluna, L50, F|\n|poke|p1|Calyrex-Ice, L50|\n|poke|p1|Whimsicott, L50, M|\n|poke|p1|Farigiraf, L50, M|\n|poke|p2|Terapagos, L50, M|\n|poke|p2|Miraidon, L50|\n|poke|p2|Incineroar, L50, M|\n|poke|p2|Iron Treads, L50|\n|poke|p2|Sinistcha, L50|\n|poke|p2|Urshifu-*, L50, M|\n|teampreview|4\n|\n|t:|1772299436\n|teamsize|p1|4\n|teamsize|p2|4\n|start\n|switch|p1a: Calyrex|Calyrex-Ice, L50|100/100\n|switch|p1b: Landorus|Landorus, L50, M|100/100\n|switch|p2a: Terapagos|Terapagos, L50, M|100/100\n|switch|p2b: Miraidon|Miraidon, L50|100/100\n|-activate|p2a: Terapagos|ability: Tera Shift\n|detailschange|p2a: Terapagos|Terapagos-Terastal, L50, M\n|-heal|p2a: Terapagos|100/100|[silent]\n|-ability|p1a: Calyrex|As One\n|-ability|p1a: Calyrex|Unnerve\n|-fieldstart|move: Electric Terrain|[from] ability: Hadron Engine|[of] p2b: Miraidon\n|-enditem|p2a: Terapagos|Electric Seed\n|-boost|p2a: Terapagos|def|1|[from] item: Electric Seed\n|turn|1\n|\n|t:|1772299446\n|move|p1a: Calyrex|Protect|p1a: Calyrex\n|-singleturn|p1a: Calyrex|Protect\n|move|p2b: Miraidon|Draco Meteor|p1b: Landorus\n|-crit|p1b: Landorus\n|-damage|p1b: Landorus|0 fnt\n|-unboost|p2b: Miraidon|spa|2\n|faint|p1b: Landorus\n|move|p2a: Terapagos|Calm Mind|p2a: Terapagos\n|-boost|p2a: Terapagos|spa|1\n|-boost|p2a: Terapagos|spd|1\n|\n|upkeep\n|\n|t:|1772299457\n|switch|p1b: Whimsicott|Whimsicott, L50, M|100/100\n|turn|2\n|\n|t:|1772299466\n|-terastallize|p2a: Terapagos|Stellar\n|detailschange|p2a: Terapagos|Terapagos-Stellar, L50, M, tera:Stellar\n|-heal|p2a: Terapagos|100/100|[silent]\n|-ability|p2a: Terapagos|Teraform Zero\n|-fieldend|move: Electric Terrain\n|move|p1b: Whimsicott|Encore|p2a: Terapagos\n|-start|p2a: Terapagos|Encore\n|move|p2b: Miraidon|Volt Switch|p1a: Calyrex\n|-damage|p1a: Calyrex|88/100\n|\n|t:|1772299473\n|switch|p2b: Iron Treads|Iron Treads, L50|100/100|[from] Volt Switch\n|move|p2a: Terapagos|Calm Mind|p2a: Terapagos\n|-boost|p2a: Terapagos|spa|1\n|-boost|p2a: Terapagos|spd|1\n|move|p1a: Calyrex|Trick Room|p1a: Calyrex\n|-fieldstart|move: Trick Room|[of] p1a: Calyrex\n|\n|upkeep\n|turn|3\n|\n|t:|1772299511\n|switch|p2a: Miraidon|Miraidon, L50|100/100\n|-fieldstart|move: Electric Terrain|[from] ability: Hadron Engine|[of] p2a: Miraidon\n|-activate|p2b: Iron Treads|ability: Quark Drive\n|-start|p2b: Iron Treads|quarkdrivespe\n|-terastallize|p1a: Calyrex|Water\n|move|p1a: Calyrex|Glacial Lance|p2a: Miraidon|[spread] p2a,p2b\n|-supereffective|p2a: Miraidon\n|-damage|p2a: Miraidon|0 fnt\n|-damage|p2b: Iron Treads|48/100\n|faint|p2a: Miraidon\n|-ability|p1a: Calyrex|Chilling Neigh|boost\n|-boost|p1a: Calyrex|atk|1\n|move|p1b: Whimsicott|Moonblast|p2b: Iron Treads\n|-resisted|p2b: Iron Treads\n|-damage|p2b: Iron Treads|24/100\n|move|p2b: Iron Treads|Steel Roller|p1a: Calyrex\n|-resisted|p1a: Calyrex\n|-damage|p1a: Calyrex|63/100\n|-fieldend|move: Electric Terrain\n|-end|p2b: Iron Treads|Quark Drive\n|-damage|p2b: Iron Treads|14/100|[from] item: Life Orb\n|\n|upkeep\n|\n|t:|1772299521\n|switch|p2a: Terapagos|Terapagos-Stellar, L50, M, tera:Stellar|100/100\n|turn|4\n|\n|t:|1772299530\n|move|p2b: Iron Treads|Protect|p2b: Iron Treads\n|-singleturn|p2b: Iron Treads|Protect\n|move|p1b: Whimsicott|Encore|p2b: Iron Treads\n|-activate|p2b: Iron Treads|move: Protect\n|move|p1a: Calyrex|Close Combat|p2a: Terapagos\n|-supereffective|p2a: Terapagos\n|-damage|p2a: Terapagos|10/100\n|-unboost|p1a: Calyrex|def|1\n|-unboost|p1a: Calyrex|spd|1\n|move|p2a: Terapagos|Tera Starstorm|p1b: Whimsicott|[spread] p1a,p1b\n|-supereffective|p1a: Calyrex\n|-damage|p1a: Calyrex|0 fnt\n|-damage|p1b: Whimsicott|12/100\n|faint|p1a: Calyrex\n|\n|upkeep\n|\n|t:|1772299532\n|switch|p1a: Miraidon|Miraidon, L50|100/100\n|-fieldstart|move: Electric Terrain|[from] ability: Hadron Engine|[of] p1a: Miraidon\n|-activate|p2b: Iron Treads|ability: Quark Drive\n|-start|p2b: Iron Treads|quarkdrivespe\n|turn|5\n|\n|t:|1772299553\n|-end|p2b: Iron Treads|Quark Drive|[silent]\n|switch|p2b: Sinistcha|Sinistcha, L50|100/100\n|-heal|p2a: Terapagos|35/100|[from] ability: Hospitality|[of] p2b: Sinistcha\n|move|p1b: Whimsicott|Fake Tears|p2b: Sinistcha\n|-unboost|p2b: Sinistcha|spd|2\n|move|p2a: Terapagos|Tera Starstorm|p1a: Miraidon|[spread] p1a,p1b\n|-damage|p1a: Miraidon|65/100\n|-damage|p1b: Whimsicott|0 fnt\n|faint|p1b: Whimsicott\n|move|p1a: Miraidon|Dazzling Gleam|p2b: Sinistcha|[spread] p2a,p2b\n|-damage|p2a: Terapagos|17/100\n|-damage|p2b: Sinistcha|35/100\n|\n|upkeep\n|turn|6\n|c|\u2606Feenir|gg\n|\n|t:|1772299564\n|move|p2b: Sinistcha|Shadow Ball|p1a: Miraidon\n|-damage|p1a: Miraidon|36/100\n|-unboost|p1a: Miraidon|spd|1\n|move|p2a: Terapagos|Tera Starstorm|p1a: Miraidon\n|-damage|p1a: Miraidon|0 fnt\n|faint|p1a: Miraidon\n|\n|win|partigiano jonny\n|raw|Feenir's rating: 1379 &rarr; <strong>1367</strong><br />(-12 for losing)\n|raw|partigiano jonny's rating: 1522 &rarr; <strong>1534</strong><br />(+12 for winning)\n","uploadtime":1772299565,"views":14,"formatid":"gen9vgc2026regi","rating":1367,"private":0,"password":null}