{"id":"gen9vgc2026regi-2570073995","format":"[Gen 9] VGC 2026 Reg I","players":["Bman311","The Legend SC"],"log":"|j|\u2606Bman311\n|j|\u2606The Legend SC\n|t:|1774765509\n|gametype|doubles\n|player|p1|Bman311|266|1337\n|player|p2|The Legend SC|101|1265\n|gen|9\n|tier|[Gen 9] VGC 2026 Reg I\n|rated|\n|rule|Species Clause: Limit one of each Pok\u00e9mon\n|rule|Item Clause: Limit 1 of each item\n|clearpoke\n|poke|p1|Calyrex-Shadow, L50|\n|poke|p1|Koraidon, L50|\n|poke|p1|Rillaboom, L50, F|\n|poke|p1|Incineroar, L50, F|\n|poke|p1|Volcarona, L50, M|\n|poke|p1|Regieleki, L50|\n|poke|p2|Groudon, L50|\n|poke|p2|Ho-Oh, L50|\n|poke|p2|Flutter Mane, L50|\n|poke|p2|Ogerpon-Cornerstone, L50, F|\n|poke|p2|Whimsicott, L50, F|\n|poke|p2|Gouging Fire, L50|\n|teampreview|4\n|inactive|Battle timer is ON: inactive players will automatically lose when time's up. (requested by Bman311)\n|inactive|The Legend SC also wants the timer to be on.\n|inactive|The Legend SC has 60 seconds left.\n|\n|t:|1774765550\n|teamsize|p1|4\n|teamsize|p2|4\n|start\n|switch|p1a: Calyrex|Calyrex-Shadow, L50|100/100\n|switch|p1b: Regieleki|Regieleki, L50|100/100\n|switch|p2a: Whimsicott|Whimsicott, L50, F|100/100\n|switch|p2b: Flutter Mane|Flutter Mane, L50|100/100\n|-ability|p1a: Calyrex|As One\n|-ability|p1a: Calyrex|Unnerve\n|turn|1\n|inactive|The Legend SC has 30 seconds left.\n|inactive|The Legend SC has 20 seconds left.\n|inactive|The Legend SC has 15 seconds left.\n|\n|t:|1774765592\n|move|p1a: Calyrex|Protect|p1a: Calyrex\n|-singleturn|p1a: Calyrex|Protect\n|move|p2a: Whimsicott|Tailwind|p2a: Whimsicott\n|-sidestart|p2: The Legend SC|move: Tailwind\n|move|p2b: Flutter Mane|Icy Wind|p1b: Regieleki|[spread] p1b\n|-activate|p1a: Calyrex|move: Protect\n|-damage|p1b: Regieleki|70/100\n|-unboost|p1b: Regieleki|spe|1\n|move|p1b: Regieleki|Electroweb|p2b: Flutter Mane|[spread] p2a,p2b\n|-resisted|p2a: Whimsicott\n|-damage|p2a: Whimsicott|86/100\n|-damage|p2b: Flutter Mane|75/100\n|-unboost|p2b: Flutter Mane|spe|1\n|\n|upkeep\n|turn|2\n|inactive|The Legend SC has 30 seconds left.\n|inactive|The Legend SC has 20 seconds left.\n|inactive|The Legend SC has 15 seconds left.\n|inactive|The Legend SC has 10 seconds left.\n|\n|t:|1774765638\n|switch|p1b: Incineroar|Incineroar, L50, F|100/100\n|-ability|p1b: Incineroar|Intimidate|boost\n|-unboost|p2a: Whimsicott|atk|1\n|-unboost|p2b: Flutter Mane|atk|1\n|-terastallize|p1a: Calyrex|Dark\n|move|p2a: Whimsicott|Sunny Day|p2a: Whimsicott\n|-weather|SunnyDay\n|-activate|p2b: Flutter Mane|ability: Protosynthesis\n|-start|p2b: Flutter Mane|protosynthesisspa\n|move|p2b: Flutter Mane|Shadow Ball|p1a: Calyrex\n|-resisted|p1a: Calyrex\n|-damage|p1a: Calyrex|75/100\n|move|p1a: Calyrex|Astral Barrage|p2a: Whimsicott|[spread] p2a,p2b\n|-supereffective|p2b: Flutter Mane\n|-damage|p2a: Whimsicott|18/100\n|-damage|p2b: Flutter Mane|0 fnt\n|faint|p2b: Flutter Mane\n|-end|p2b: Flutter Mane|Protosynthesis|[silent]\n|-ability|p1a: Calyrex|Grim Neigh|boost\n|-boost|p1a: Calyrex|spa|1\n|-damage|p1a: Calyrex|65/100|[from] item: Life Orb\n|\n|-weather|SunnyDay|[upkeep]\n|upkeep\n|inactive|The Legend SC has 30 seconds left.\n|\n|t:|1774765663\n|switch|p2b: Ho-Oh|Ho-Oh, L50|100/100\n|turn|3\n|inactive|The Legend SC has 30 seconds left.\n|\n|t:|1774765692\n|move|p1a: Calyrex|Protect|p1a: Calyrex\n|-singleturn|p1a: Calyrex|Protect\n|move|p1b: Incineroar|Fake Out|p2a: Whimsicott\n|-damage|p2a: Whimsicott|8/100\n|move|p2a: Whimsicott|Moonblast|p1a: Calyrex\n|-activate|p1a: Calyrex|move: Protect\n|move|p2b: Ho-Oh|Brave Bird|p1b: Incineroar\n|-damage|p1b: Incineroar|57/100\n|-damage|p2b: Ho-Oh|87/100|[from] Recoil\n|\n|-weather|SunnyDay|[upkeep]\n|upkeep\n|turn|4\n|inactive|The Legend SC has 30 seconds left.\n|inactive|The Legend SC has 20 seconds left.\n|\n|t:|1774765730\n|switch|p1a: Regieleki|Regieleki, L50|70/100\n|move|p2a: Whimsicott|Moonblast|p1a: Regieleki\n|-damage|p1a: Regieleki|16/100\n|move|p2b: Ho-Oh|Sacred Fire|p1a: Regieleki\n|-damage|p1a: Regieleki|0 fnt\n|faint|p1a: Regieleki\n|move|p1b: Incineroar|Knock Off|p2a: Whimsicott\n|-resisted|p2a: Whimsicott\n|-damage|p2a: Whimsicott|0 fnt\n|-enditem|p2a: Whimsicott|Covert Cloak|[from] move: Knock Off|[of] p1b: Incineroar\n|faint|p2a: Whimsicott\n|\n|-weather|SunnyDay|[upkeep]\n|-sideend|p2: The Legend SC|move: Tailwind\n|upkeep\n|\n|t:|1774765746\n|switch|p1a: Calyrex|Calyrex-Shadow, L50, tera:Dark|65/100\n|switch|p2a: Groudon|Groudon, L50|100/100\n|-ability|p1a: Calyrex|As One\n|-ability|p1a: Calyrex|Unnerve\n|turn|5\n|inactive|The Legend SC has 30 seconds left.\n|\n|t:|1774765772\n|move|p1a: Calyrex|Astral Barrage|p2b: Ho-Oh|[spread] p2a,p2b\n|-damage|p2a: Groudon|57/100\n|-damage|p2b: Ho-Oh|48/100\n|-damage|p1a: Calyrex|55/100|[from] item: Life Orb\n|move|p2a: Groudon|High Horsepower|p1b: Incineroar\n|-supereffective|p1b: Incineroar\n|-damage|p1b: Incineroar|0 fnt\n|faint|p1b: Incineroar\n|move|p2b: Ho-Oh|Sacred Fire|p1a: Calyrex\n|-damage|p1a: Calyrex|0 fnt\n|faint|p1a: Calyrex\n|\n|-weather|SunnyDay|[upkeep]\n|upkeep\n|\n|t:|1774765780\n|switch|p1b: Koraidon|Koraidon, L50|100/100\n|-activate|p1b: Koraidon|ability: Orichalcum Pulse\n|turn|6\n|\n|t:|1774765805\n|-terastallize|p2a: Groudon|Fire\n|move|p1b: Koraidon|Flare Blitz|p2b: Ho-Oh\n|-resisted|p2b: Ho-Oh\n|-damage|p2b: Ho-Oh|17/100\n|-damage|p1b: Koraidon|90/100|[from] Recoil\n|move|p2a: Groudon|High Horsepower|p1b: Koraidon\n|-damage|p1b: Koraidon|48/100\n|move|p2b: Ho-Oh|Recover|p2b: Ho-Oh\n|-heal|p2b: Ho-Oh|68/100\n|\n|-weather|none\n|upkeep\n|turn|7\n|-message|Bman311 forfeited.\n|\n|win|The Legend SC\n|raw|Bman311's rating: 1337 &rarr; <strong>1313</strong><br />(-24 for losing)\n|raw|The Legend SC's rating: 1265 &rarr; <strong>1295</strong><br />(+30 for winning)\n|l|\u2606Bman311\n|player|p1|\n|l|\u2606The Legend SC\n|player|p2|\n","uploadtime":1774766032,"views":10,"formatid":"gen9vgc2026regi","rating":1295,"private":0,"password":null}