{"id":"gen9vgc2026regi-2574610605","format":"[Gen 9] VGC 2026 Reg I","players":["WilliamguidiVGC","CHR1SPHX"],"log":"|j|\u2606WilliamguidiVGC\n|j|\u2606CHR1SPHX\n|t:|1775255611\n|gametype|doubles\n|player|p1|WilliamguidiVGC|2|1535\n|player|p2|CHR1SPHX|hilbert|1499\n|gen|9\n|tier|[Gen 9] VGC 2026 Reg I\n|rated|\n|rule|Species Clause: Limit one of each Pok\u00e9mon\n|rule|Item Clause: Limit 1 of each item\n|clearpoke\n|poke|p1|Calyrex-Shadow, L50|\n|poke|p1|Smeargle, L50, M|\n|poke|p1|Raging Bolt, L50|\n|poke|p1|Rillaboom, L50, M|\n|poke|p1|Tornadus, L50, M|\n|poke|p1|Zamazenta-*, L50|\n|poke|p2|Flutter Mane, L50|\n|poke|p2|Incineroar, L50, M|\n|poke|p2|Ursaluna, L50, M|\n|poke|p2|Amoonguss, L50, M|\n|poke|p2|Koraidon, L50|\n|poke|p2|Lunala, L50|\n|teampreview|4\n|inactive|Battle timer is ON: inactive players will automatically lose when time's up. (requested by CHR1SPHX)\n|j| darkmaikshark\nCHR1SPHX has agreed to open team sheets.\n|\n|t:|1775255636\n|teamsize|p1|4\n|teamsize|p2|4\n|start\n|switch|p1a: Tornadus|Tornadus, L50, M|100/100\n|switch|p1b: Calyrex|Calyrex-Shadow, L50|100/100\n|switch|p2a: Lunala|Lunala, L50, shiny|100/100\n|switch|p2b: Incineroar|Incineroar, L50, M|100/100\n|-ability|p1b: Calyrex|As One\n|-ability|p1b: Calyrex|Unnerve\n|-ability|p2b: Incineroar|Intimidate|boost\n|-unboost|p1a: Tornadus|atk|1\n|-unboost|p1b: Calyrex|atk|1\n|turn|1\n|inactive|CHR1SPHX has 30 seconds left.\n|\n|t:|1775255661\n|-terastallize|p1b: Calyrex|Dark\n|-terastallize|p2a: Lunala|Fairy\n|move|p1a: Tornadus|Taunt|p2a: Lunala\n|-start|p2a: Lunala|move: Taunt\n|-enditem|p2a: Lunala|Mental Herb\n|-end|p2a: Lunala|move: Taunt\n|move|p1b: Calyrex|Astral Barrage|p2b: Incineroar|[spread] p2a,p2b\n|-resisted|p2b: Incineroar\n|-damage|p2a: Lunala|77/100\n|-damage|p2b: Incineroar|72/100\n|-damage|p1b: Calyrex|91/100|[from] item: Life Orb\n|move|p2b: Incineroar|Knock Off|p1b: Calyrex\n|-resisted|p1b: Calyrex\n|-damage|p1b: Calyrex|69/100\n|-enditem|p1b: Calyrex|Life Orb|[from] move: Knock Off|[of] p2b: Incineroar\n|move|p2a: Lunala|Trick Room|p2a: Lunala\n|-fieldstart|move: Trick Room|[of] p2a: Lunala\n|\n|upkeep\n|turn|2\n|inactive|WilliamguidiVGC has 30 seconds left.\n|\n|t:|1775255692\n|switch|p1b: Zamazenta|Zamazenta-Crowned, L50|100/100\n|-ability|p1b: Zamazenta|Dauntless Shield|boost\n|-boost|p1b: Zamazenta|def|1\n|move|p2b: Incineroar|Parting Shot|p1b: Zamazenta\n|-unboost|p1b: Zamazenta|atk|1\n|-unboost|p1b: Zamazenta|spa|1\n|\n|t:|1775255711\n|switch|p2b: Ursaluna|Ursaluna, L50, M|100/100|[from] Parting Shot\n|move|p2a: Lunala|Moonblast|p1a: Tornadus\n|-damage|p1a: Tornadus|46/100\n|-unboost|p1a: Tornadus|spa|1\n|move|p1a: Tornadus|Bleakwind Storm|p2a: Lunala|[spread] p2a,p2b\n|-damage|p2a: Lunala|57/100\n|-damage|p2b: Ursaluna|80/100\n|\n|-status|p2b: Ursaluna|brn|[from] item: Flame Orb\n|upkeep\n|turn|3\n|\n|t:|1775255734\n|switch|p2b: Amoonguss|Amoonguss, L50, M, shiny|100/100\n|switch|p1a: Raging Bolt|Raging Bolt, L50|100/100\n|-enditem|p1a: Raging Bolt|Booster Energy\n|-activate|p1a: Raging Bolt|ability: Protosynthesis|[fromitem]\n|-start|p1a: Raging Bolt|protosynthesisspa\n|move|p2a: Lunala|Moonblast|p1a: Raging Bolt\n|-supereffective|p1a: Raging Bolt\n|-damage|p1a: Raging Bolt|12/100\n|-unboost|p1a: Raging Bolt|spa|1\n|move|p1b: Zamazenta|Body Press|p2b: Amoonguss\n|-resisted|p2b: Amoonguss\n|-crit|p2b: Amoonguss\n|-damage|p2b: Amoonguss|58/100\n|-damage|p1b: Zamazenta|84/100|[from] item: Rocky Helmet|[of] p2b: Amoonguss\n|\n|upkeep\n|turn|4\n|j| weetamfaetheyy\n|\n|t:|1775255755\n|switch|p2a: Incineroar|Incineroar, L50, M|72/100\n|-ability|p2a: Incineroar|Intimidate|boost\n|-unboost|p1a: Raging Bolt|atk|1\n|-unboost|p1b: Zamazenta|atk|1\n|move|p1b: Zamazenta|Protect|p1b: Zamazenta\n|-singleturn|p1b: Zamazenta|Protect\n|move|p1a: Raging Bolt|Thunderclap||[still]\n|-fail|p1a: Raging Bolt\n|move|p2b: Amoonguss|Spore|p1b: Zamazenta\n|-activate|p1b: Zamazenta|move: Protect\n|\n|upkeep\n|turn|5\n|\n|t:|1775255770\n|switch|p1b: Tornadus|Tornadus, L50, M|46/100\n|move|p1a: Raging Bolt|Thunderclap||[still]\n|-fail|p1a: Raging Bolt\n|move|p2b: Amoonguss|Spore|p1b: Tornadus\n|-status|p1b: Tornadus|slp|[from] move: Spore\n|move|p2a: Incineroar|Parting Shot|p1a: Raging Bolt\n|-unboost|p1a: Raging Bolt|atk|1\n|-unboost|p1a: Raging Bolt|spa|1\n|\n|t:|1775255783\n|switch|p2a: Lunala|Lunala, L50, shiny, tera:Fairy|57/100|[from] Parting Shot\n|\n|-fieldend|move: Trick Room\n|upkeep\n|turn|6\n|\n|t:|1775255796\n|cant|p1b: Tornadus|slp\n|move|p1a: Raging Bolt|Thunderbolt|p2a: Lunala\n|-damage|p2a: Lunala|33/100\n|move|p2b: Amoonguss|Pollen Puff|p2a: Lunala\n|-heal|p2a: Lunala|83/100\n|move|p2a: Lunala|Trick Room|p2a: Lunala\n|-fieldstart|move: Trick Room|[of] p2a: Lunala\n|\n|upkeep\n|turn|7\n|-message|WilliamguidiVGC forfeited.\n|\n|win|CHR1SPHX\n|raw|WilliamguidiVGC's rating: 1535 &rarr; <strong>1513</strong><br />(-22 for losing)\n|raw|CHR1SPHX's rating: 1499 &rarr; <strong>1521</strong><br />(+22 for winning)\n|l|\u2606WilliamguidiVGC\n|player|p1|\n|c|\u2606CHR1SPHX|well gg\n","uploadtime":1775255818,"views":12,"formatid":"gen9vgc2026regi","rating":1513,"private":0,"password":null}