{"id":"gen9vgc2026regi-2522609541","format":"[Gen 9] VGC 2026 Reg I","players":["BanKingambit69247","crifab93"],"log":"|j|\u2606BanKingambit69247\n|j|\u2606crifab93\n|t:|1768927652\n|gametype|doubles\n|player|p1|BanKingambit69247|170|1266\n|player|p2|crifab93|n|1456\n|gen|9\n|tier|[Gen 9] VGC 2026 Reg I\n|rated|\n|rule|Species Clause: Limit one of each Pok\u00e9mon\n|rule|Item Clause: Limit 1 of each item\n|clearpoke\n|poke|p1|Calyrex-Ice, L50|\n|poke|p1|Koraidon, L50|\n|poke|p1|Incineroar, L50, M|\n|poke|p1|Rillaboom, L50, F|\n|poke|p1|Chi-Yu, L50|\n|poke|p1|Flutter Mane, L50|\n|poke|p2|Rillaboom, L50, M|\n|poke|p2|Calyrex-Shadow, L50|\n|poke|p2|Zamazenta-*, L50|\n|poke|p2|Incineroar, L50, M|\n|poke|p2|Clefairy, L50, M|\n|poke|p2|Ogerpon-Hearthflame, L50, F|\n|teampreview|4\n|inactive|Battle timer is ON: inactive players will automatically lose when time's up. (requested by BanKingambit69247)\n|\n|t:|1768927665\n|teamsize|p1|4\n|teamsize|p2|4\n|start\n|switch|p1a: Flutter Mane|Flutter Mane, L50|100/100\n|switch|p1b: Koraidon|Koraidon, L50|100/100\n|switch|p2a: Incineroar|Incineroar, L50, M|100/100\n|switch|p2b: Calyrex|Calyrex-Shadow, L50|100/100\n|-ability|p2b: Calyrex|As One\n|-ability|p2b: Calyrex|Unnerve\n|-weather|SunnyDay|[from] ability: Orichalcum Pulse|[of] p1b: Koraidon\n|-activate|p1a: Flutter Mane|ability: Protosynthesis\n|-start|p1a: Flutter Mane|protosynthesisspe\n|-activate|p1b: Koraidon|Orichalcum Pulse|[source]\n|-ability|p2a: Incineroar|Intimidate|boost\n|-unboost|p1a: Flutter Mane|atk|1\n|-fail|p1b: Koraidon|unboost|[from] item: Clear Amulet|[of] p1b: Koraidon\n|turn|1\n|\n|t:|1768927673\n|move|p2b: Calyrex|Protect|p2b: Calyrex\n|-singleturn|p2b: Calyrex|Protect\n|move|p1a: Flutter Mane|Icy Wind|p2a: Incineroar|[spread] p2a\n|-activate|p2b: Calyrex|move: Protect\n|-resisted|p2a: Incineroar\n|-damage|p2a: Incineroar|94/100\n|-unboost|p2a: Incineroar|spe|1\n|move|p1b: Koraidon|Collision Course|p2a: Incineroar\n|-supereffective|p2a: Incineroar\n|-crit|p2a: Incineroar\n|-damage|p2a: Incineroar|0 fnt\n|-damage|p1b: Koraidon|84/100|[from] item: Rocky Helmet|[of] p2a: Incineroar\n|faint|p2a: Incineroar\n|\n|-weather|SunnyDay|[upkeep]\n|upkeep\n|\n|t:|1768927679\n|switch|p2a: Ogerpon|Ogerpon-Hearthflame, L50, F|100/100\n|-ability|p2a: Ogerpon|Mold Breaker\n|turn|2\n|\n|t:|1768927702\n|-terastallize|p1b: Koraidon|Fire\n|move|p2a: Ogerpon|Follow Me|p2a: Ogerpon\n|-singleturn|p2a: Ogerpon|move: Follow Me\n|move|p1a: Flutter Mane|Shadow Ball|p2a: Ogerpon\n|-crit|p2a: Ogerpon\n|-damage|p2a: Ogerpon|35/100\n|move|p2b: Calyrex|Psychic|p1b: Koraidon\n|-damage|p1b: Koraidon|15/100\n|-damage|p2b: Calyrex|91/100|[from] item: Life Orb\n|move|p1b: Koraidon|Collision Course|p2a: Ogerpon\n|-damage|p2a: Ogerpon|0 fnt\n|faint|p2a: Ogerpon\n|\n|-weather|SunnyDay|[upkeep]\n|upkeep\n|\n|t:|1768927710\n|switch|p2a: Clefairy|Clefairy, L50, M, shiny|100/100\n|turn|3\n|\n|t:|1768927719\n|move|p2b: Calyrex|Protect|p2b: Calyrex\n|-singleturn|p2b: Calyrex|Protect\n|move|p2a: Clefairy|Protect|p2a: Clefairy\n|-singleturn|p2a: Clefairy|Protect\n|move|p1a: Flutter Mane|Icy Wind|p2a: Clefairy|[spread] \n|-activate|p2a: Clefairy|move: Protect\n|-activate|p2b: Calyrex|move: Protect\n|move|p1b: Koraidon|Flare Blitz|p2a: Clefairy\n|-activate|p2a: Clefairy|move: Protect\n|\n|-weather|SunnyDay|[upkeep]\n|upkeep\n|turn|4\n|\n|t:|1768927735\n|move|p2a: Clefairy|Protect|p2a: Clefairy\n|-singleturn|p2a: Clefairy|Protect\n|move|p1a: Flutter Mane|Icy Wind|p2a: Clefairy|[spread] p2b\n|-activate|p2a: Clefairy|move: Protect\n|-damage|p2b: Calyrex|79/100\n|-unboost|p2b: Calyrex|spe|1\n|move|p1b: Koraidon|Flare Blitz|p2a: Clefairy\n|-activate|p2a: Clefairy|move: Protect\n|move|p2b: Calyrex|Astral Barrage|p1b: Koraidon|[spread] p1a,p1b\n|-supereffective|p1a: Flutter Mane\n|-enditem|p1a: Flutter Mane|Focus Sash\n|-damage|p1a: Flutter Mane|1/100\n|-damage|p1b: Koraidon|0 fnt\n|faint|p1b: Koraidon\n|-ability|p2b: Calyrex|Grim Neigh|boost\n|-boost|p2b: Calyrex|spa|1\n|-damage|p2b: Calyrex|69/100|[from] item: Life Orb\n|\n|-weather|SunnyDay|[upkeep]\n|upkeep\n|\n|t:|1768927739\n|switch|p1b: Chi-Yu|Chi-Yu, L50|100/100\n|-ability|p1b: Chi-Yu|Beads of Ruin\n|turn|5\n|\n|t:|1768927746\n|-terastallize|p2b: Calyrex|Dark\n|move|p2a: Clefairy|Follow Me|p2a: Clefairy\n|-singleturn|p2a: Clefairy|move: Follow Me\n|move|p1a: Flutter Mane|Moonblast|p2a: Clefairy\n|-damage|p2a: Clefairy|44/100\n|move|p1b: Chi-Yu|Heat Wave|p2b: Calyrex|[spread] p2a,p2b\n|-damage|p2a: Clefairy|0 fnt\n|-damage|p2b: Calyrex|12/100\n|faint|p2a: Clefairy\n|move|p2b: Calyrex|Astral Barrage|p1a: Flutter Mane|[spread] p1a,p1b\n|-supereffective|p1a: Flutter Mane\n|-resisted|p1b: Chi-Yu\n|-damage|p1a: Flutter Mane|0 fnt\n|-damage|p1b: Chi-Yu|38/100\n|faint|p1a: Flutter Mane\n|-end|p1a: Flutter Mane|Protosynthesis|[silent]\n|-ability|p2b: Calyrex|Grim Neigh|boost\n|-boost|p2b: Calyrex|spa|1\n|-damage|p2b: Calyrex|3/100|[from] item: Life Orb\n|\n|-weather|none\n|upkeep\n|\n|t:|1768927755\n|switch|p1a: Incineroar|Incineroar, L50, M|100/100\n|-ability|p1a: Incineroar|Intimidate|boost\n|-unboost|p2b: Calyrex|atk|1\n|turn|6\n|\n|t:|1768927758\n|move|p2b: Calyrex|Protect|p2b: Calyrex\n|-singleturn|p2b: Calyrex|Protect\n|move|p1a: Incineroar|Fake Out|p2b: Calyrex\n|-activate|p2b: Calyrex|move: Protect\n|move|p1b: Chi-Yu|Heat Wave|p2b: Calyrex\n|-activate|p2b: Calyrex|move: Protect\n|\n|upkeep\n|turn|7\n|\n|t:|1768927762\n|move|p1b: Chi-Yu|Heat Wave|p2b: Calyrex\n|-damage|p2b: Calyrex|0 fnt\n|faint|p2b: Calyrex\n|\n|win|BanKingambit69247\n|raw|BanKingambit69247's rating: 1266 &rarr; <strong>1303</strong><br />(+37 for winning)\n|raw|crifab93's rating: 1456 &rarr; <strong>1426</strong><br />(-30 for losing)\n","uploadtime":1768927764,"views":20,"formatid":"gen9vgc2026regi","rating":1303,"private":0,"password":null}