{"id":"gen9vgc2026regi-2587579319","format":"[Gen 9] VGC 2026 Reg I","players":["Boneyard00","Neighborhood Oaf"],"log":"|j|\u2606Boneyard00\n|j|\u2606Neighborhood Oaf\n|t:|1776543975\n|gametype|doubles\n|player|p1|Boneyard00|acetrainer-gen4dp|1146\n|player|p2|Neighborhood Oaf|1|1131\n|gen|9\n|tier|[Gen 9] VGC 2026 Reg I\n|rated|\n|rule|Species Clause: Limit one of each Pok\u00e9mon\n|rule|Item Clause: Limit 1 of each item\n|clearpoke\n|poke|p1|Ninetales-Alola, L50, F|\n|poke|p1|Baxcalibur, L50, M|\n|poke|p1|Talonflame, L50, F|\n|poke|p1|Scrafty, L50, F|\n|poke|p1|Rotom-Heat, L50|\n|poke|p1|Ditto, L50|\n|poke|p2|Amoonguss, L50, F|\n|poke|p2|Calyrex-Shadow, L50|\n|poke|p2|Zamazenta-*, L50|\n|poke|p2|Ogerpon-Cornerstone, L50, F|\n|poke|p2|Dragonite, L50, F|\n|poke|p2|Chien-Pao, L50|\n|teampreview|4\n|inactive|Battle timer is ON: inactive players will automatically lose when time's up. (requested by Neighborhood Oaf)\n|\n|t:|1776543997\n|teamsize|p1|4\n|teamsize|p2|4\n|start\n|switch|p1a: Tundra|Ninetales-Alola, L50, F|100/100\n|switch|p1b: Caribbean|Talonflame, L50, F|100/100\n|switch|p2a: Calyrex|Calyrex-Shadow, L50|100/100\n|switch|p2b: Amoonguss|Amoonguss, L50, F|100/100\n|-ability|p2a: Calyrex|As One\n|-ability|p2a: Calyrex|Unnerve\n|-weather|Snowscape|[from] ability: Snow Warning|[of] p1a: Tundra\n|turn|1\n|inactive|Neighborhood Oaf has 30 seconds left.\n|c|\u2606Boneyard00|Draft League Team... Have Mercy\n|\n|t:|1776544030\n|move|p1a: Tundra|Protect|p1a: Tundra\n|-singleturn|p1a: Tundra|Protect\n|move|p1b: Caribbean|Tailwind|p1b: Caribbean\n|-sidestart|p1: Boneyard00|move: Tailwind\n|move|p2a: Calyrex|Astral Barrage|p1b: Caribbean|[spread] p1b\n|-activate|p1a: Tundra|move: Protect\n|-damage|p1b: Caribbean|24/100\n|move|p2b: Amoonguss|Sludge Bomb|p1a: Tundra\n|-activate|p1a: Tundra|move: Protect\n|\n|-weather|Snowscape|[upkeep]\n|upkeep\n|turn|2\n|\n|t:|1776544051\n|switch|p1a: Huligga|Scrafty, L50, F, shiny|100/100\n|-ability|p1a: Huligga|Intimidate|boost\n|-unboost|p2a: Calyrex|atk|1\n|-unboost|p2b: Amoonguss|atk|1\n|move|p2b: Amoonguss|Rage Powder|p2b: Amoonguss\n|-singleturn|p2b: Amoonguss|move: Rage Powder\n|move|p1b: Caribbean|Taunt|p2b: Amoonguss\n|-start|p2b: Amoonguss|move: Taunt\n|move|p2a: Calyrex|Astral Barrage|p1b: Caribbean|[spread] p1a,p1b\n|-resisted|p1a: Huligga\n|-damage|p1a: Huligga|74/100\n|-damage|p1b: Caribbean|0 fnt\n|faint|p1b: Caribbean\n|-ability|p2a: Calyrex|Grim Neigh|boost\n|-boost|p2a: Calyrex|spa|1\n|\n|-weather|Snowscape|[upkeep]\n|upkeep\n|\n|t:|1776544060\n|switch|p1b: Hodag|Baxcalibur, L50, M|100/100\n|turn|3\n|\n|t:|1776544078\n|switch|p2b: Zamazenta|Zamazenta-Crowned, L50|100/100\n|-ability|p2b: Zamazenta|Dauntless Shield|boost\n|-boost|p2b: Zamazenta|def|1\n|move|p2a: Calyrex|Protect|p2a: Calyrex\n|-singleturn|p2a: Calyrex|Protect\n|move|p1b: Hodag|Icicle Spear|p2b: Zamazenta\n|-resisted|p2b: Zamazenta\n|-damage|p2b: Zamazenta|97/100\n|-resisted|p2b: Zamazenta\n|-damage|p2b: Zamazenta|93/100\n|-resisted|p2b: Zamazenta\n|-damage|p2b: Zamazenta|90/100\n|-resisted|p2b: Zamazenta\n|-damage|p2b: Zamazenta|87/100\n|-hitcount|p2b: Zamazenta|4\n|move|p1a: Huligga|Knock Off|p2a: Calyrex\n|-activate|p2a: Calyrex|move: Protect\n|\n|-weather|Snowscape|[upkeep]\n|upkeep\n|turn|4\n|\n|t:|1776544094\n|move|p1b: Hodag|Protect|p1b: Hodag\n|-singleturn|p1b: Hodag|Protect\n|move|p2a: Calyrex|Astral Barrage|p1b: Hodag|[spread] p1a\n|-activate|p1b: Hodag|move: Protect\n|-resisted|p1a: Huligga\n|-damage|p1a: Huligga|34/100\n|move|p2b: Zamazenta|Body Press|p1a: Huligga\n|-supereffective|p1a: Huligga\n|-damage|p1a: Huligga|0 fnt\n|faint|p1a: Huligga\n|\n|-weather|Snowscape|[upkeep]\n|-sideend|p1: Boneyard00|move: Tailwind\n|upkeep\n|\n|t:|1776544097\n|switch|p1a: Tundra|Ninetales-Alola, L50, F|100/100\n|turn|5\n|inactive|Neighborhood Oaf has 30 seconds left.\n|inactive|Neighborhood Oaf has 20 seconds left.\n|\n|t:|1776544136\n|move|p2a: Calyrex|Astral Barrage|p1b: Hodag|[spread] p1a,p1b\n|-damage|p1a: Tundra|19/100\n|-damage|p1b: Hodag|18/100\n|move|p1a: Tundra|Aurora Veil|p1a: Tundra\n|-sidestart|p1: Boneyard00|move: Aurora Veil\n|move|p2b: Zamazenta|Body Press|p1b: Hodag\n|-supereffective|p1b: Hodag\n|-damage|p1b: Hodag|0 fnt\n|faint|p1b: Hodag\n|\n|-weather|none\n|upkeep\n|turn|6\n|-message|Boneyard00 forfeited.\n|\n|win|Neighborhood Oaf\n|raw|Boneyard00's rating: 1146 &rarr; <strong>1120</strong><br />(-26 for losing)\n|raw|Neighborhood Oaf's rating: 1131 &rarr; <strong>1157</strong><br />(+26 for winning)\n|l|\u2606Boneyard00\n|player|p1|\n|l|\u2606Neighborhood Oaf\n|player|p2|\n","uploadtime":1776544454,"views":10,"formatid":"gen9vgc2026regi","rating":1120,"private":0,"password":null}