{"id":"gen9vgc2026regi-2557069737","format":"[Gen 9] VGC 2026 Reg I","players":["I\u2764\ufe0f\u5a1c\u7984forever","Bb4210"],"log":"|j|\u2606I\u2764\ufe0f\u5a1c\u7984forever\n|j|\u2606Bb4210\n|t:|1773276236\n|gametype|doubles\n|player|p1|I\u2764\ufe0f\u5a1c\u7984forever|youngcouple-gen4dp|1370\n|player|p2|Bb4210|2|1318\n|gen|9\n|tier|[Gen 9] VGC 2026 Reg I\n|rated|\n|rule|Species Clause: Limit one of each Pok\u00e9mon\n|rule|Item Clause: Limit 1 of each item\n|clearpoke\n|poke|p1|Groudon, L50|\n|poke|p1|Kyurem-White, L50|\n|poke|p1|Heatran, L50, M|\n|poke|p1|Whimsicott, L50, F|\n|poke|p1|Roaring Moon, L50|\n|poke|p1|Ditto, L50|\n|poke|p2|Zamazenta-*, L50|\n|poke|p2|Flutter Mane, L50|\n|poke|p2|Urshifu-*, L50, F|\n|poke|p2|Kyogre, L50|\n|poke|p2|Rillaboom, L50, F|\n|poke|p2|Tornadus, L50, M|\n|teampreview|4\n|\n|t:|1773276252\n|teamsize|p1|4\n|teamsize|p2|4\n|start\n|switch|p1a: Kyurem|Kyurem-White, L50|100/100\n|switch|p1b: Whimsicott|Whimsicott, L50, F|100/100\n|switch|p2a: Tornadus|Tornadus, L50, M|100/100\n|switch|p2b: Urshifu|Urshifu-Rapid-Strike, L50, F|100/100\n|-ability|p1a: Kyurem|Turboblaze\n|turn|1\n|\n|t:|1773276267\n|-terastallize|p2b: Urshifu|Water\n|move|p2a: Tornadus|Tailwind|p2a: Tornadus\n|-sidestart|p2: Bb4210|move: Tailwind\n|move|p2b: Urshifu|Surging Strikes|p1a: Kyurem\n|-resisted|p1a: Kyurem\n|-crit|p1a: Kyurem\n|-damage|p1a: Kyurem|88/100\n|-resisted|p1a: Kyurem\n|-crit|p1a: Kyurem\n|-damage|p1a: Kyurem|75/100\n|-resisted|p1a: Kyurem\n|-crit|p1a: Kyurem\n|-damage|p1a: Kyurem|63/100\n|-hitcount|p1a: Kyurem|3\n|move|p1a: Kyurem|Blizzard|p2b: Urshifu|[spread] p2a\n|-miss|p1a: Kyurem|p2b: Urshifu\n|-enditem|p1a: Kyurem|Blunder Policy\n|-boost|p1a: Kyurem|spe|2\n|-supereffective|p2a: Tornadus\n|-damage|p2a: Tornadus|0 fnt\n|faint|p2a: Tornadus\n|move|p1b: Whimsicott|Trick Room|p1b: Whimsicott\n|-fieldstart|move: Trick Room|[of] p1b: Whimsicott\n|\n|upkeep\n|\n|t:|1773276283\n|switch|p2a: Kyogre|Kyogre, L50|100/100\n|-weather|RainDance|[from] ability: Drizzle|[of] p2a: Kyogre\n|turn|2\n|inactive|Battle timer is ON: inactive players will automatically lose when time's up. (requested by Bb4210)\n|\n|t:|1773276294\n|move|p1b: Whimsicott|Energy Ball|p2b: Urshifu\n|-supereffective|p2b: Urshifu\n|-enditem|p2b: Urshifu|Focus Sash\n|-damage|p2b: Urshifu|1/100\n|move|p1a: Kyurem|Freeze-Dry|p2a: Kyogre\n|-supereffective|p2a: Kyogre\n|-damage|p2a: Kyogre|28/100\n|move|p2b: Urshifu|Surging Strikes|p1a: Kyurem\n|-resisted|p1a: Kyurem\n|-crit|p1a: Kyurem\n|-damage|p1a: Kyurem|44/100\n|-resisted|p1a: Kyurem\n|-crit|p1a: Kyurem\n|-damage|p1a: Kyurem|26/100\n|-resisted|p1a: Kyurem\n|-crit|p1a: Kyurem\n|-damage|p1a: Kyurem|10/100\n|-hitcount|p1a: Kyurem|3\n|move|p2a: Kyogre|Origin Pulse|p1b: Whimsicott|[spread] p1a\n|-miss|p2a: Kyogre|p1b: Whimsicott\n|-resisted|p1a: Kyurem\n|-damage|p1a: Kyurem|0 fnt\n|faint|p1a: Kyurem\n|\n|-weather|RainDance|[upkeep]\n|upkeep\n|\n|t:|1773276305\n|switch|p1a: Groudon|Groudon, L50|100/100\n|-weather|SunnyDay|[from] ability: Drought|[of] p1a: Groudon\n|turn|3\n|\n|t:|1773276310\n|switch|p2a: Zamazenta|Zamazenta-Crowned, L50|100/100\n|-ability|p2a: Zamazenta|Dauntless Shield|boost\n|-boost|p2a: Zamazenta|def|1\n|move|p2b: Urshifu|Detect|p2b: Urshifu\n|-singleturn|p2b: Urshifu|Protect\n|move|p1a: Groudon|Precipice Blades|p2a: Zamazenta|[spread] p2a\n|-activate|p2b: Urshifu|move: Protect\n|-supereffective|p2a: Zamazenta\n|-damage|p2a: Zamazenta|52/100\n|move|p1b: Whimsicott|Energy Ball|p2a: Zamazenta\n|-resisted|p2a: Zamazenta\n|-damage|p2a: Zamazenta|40/100\n|\n|-weather|SunnyDay|[upkeep]\n|upkeep\n|turn|4\n|\n|t:|1773276322\n|move|p2a: Zamazenta|Wide Guard|p2a: Zamazenta\n|-singleturn|p2a: Zamazenta|Wide Guard\n|move|p1a: Groudon|Heat Crash|p2a: Zamazenta\n|-supereffective|p2a: Zamazenta\n|-damage|p2a: Zamazenta|17/100\n|move|p1b: Whimsicott|Energy Ball|p2b: Urshifu\n|-supereffective|p2b: Urshifu\n|-damage|p2b: Urshifu|0 fnt\n|faint|p2b: Urshifu\n|\n|-weather|SunnyDay|[upkeep]\n|-sideend|p2: Bb4210|move: Tailwind\n|upkeep\n|\n|t:|1773276329\n|switch|p2b: Kyogre|Kyogre, L50|28/100\n|-weather|RainDance|[from] ability: Drizzle|[of] p2b: Kyogre\n|turn|5\n|\n|t:|1773276337\n|-terastallize|p1a: Groudon|Water\n|move|p1b: Whimsicott|Tailwind|p1b: Whimsicott\n|-sidestart|p1: I\u2764\ufe0f\u5a1c\u7984forever|move: Tailwind\n|move|p2a: Zamazenta|Behemoth Bash|p1a: Groudon\n|-resisted|p1a: Groudon\n|-damage|p1a: Groudon|88/100\n|move|p2b: Kyogre|Ice Beam|p1b: Whimsicott\n|-supereffective|p1b: Whimsicott\n|-enditem|p1b: Whimsicott|Focus Sash\n|-damage|p1b: Whimsicott|1/100\n|move|p1a: Groudon|Precipice Blades|p2b: Kyogre|[spread] p2a,p2b\n|-supereffective|p2a: Zamazenta\n|-damage|p2a: Zamazenta|0 fnt\n|-damage|p2b: Kyogre|0 fnt\n|faint|p2a: Zamazenta\n|faint|p2b: Kyogre\n|\n|win|I\u2764\ufe0f\u5a1c\u7984forever\n|raw|I\u2764\ufe0f\u5a1c\u7984forever's rating: 1370 &rarr; <strong>1387</strong><br />(+17 for winning)\n|raw|Bb4210's rating: 1318 &rarr; <strong>1301</strong><br />(-17 for losing)\n|l|\u2606Bb4210\n|player|p2|\n","uploadtime":1773276584,"views":13,"formatid":"gen9vgc2026regi","rating":1301,"private":0,"password":null}