{"id":"gen9vgc2026regi-2550495577","format":"[Gen 9] VGC 2026 Reg I","players":["501JFW","Kwiper"],"log":"|j|\u2606501JFW\n|j|\u2606Kwiper\n|t:|1772493101\n|gametype|doubles\n|player|p1|501JFW|1|1497\n|player|p2|Kwiper|sycamore|1541\n|gen|9\n|tier|[Gen 9] VGC 2026 Reg I\n|rated|\n|rule|Species Clause: Limit one of each Pok\u00e9mon\n|rule|Item Clause: Limit 1 of each item\n|clearpoke\n|poke|p1|Kyogre, L50|\n|poke|p1|Calyrex-Ice, L50|\n|poke|p1|Amoonguss, L50, M|\n|poke|p1|Iron Jugulis, L50|\n|poke|p1|Urshifu-*, L50, F|\n|poke|p1|Indeedee-F, L50, F|\n|poke|p2|Koraidon, L50|\n|poke|p2|Lunala, L50|\n|poke|p2|Indeedee-F, L50, F|\n|poke|p2|Flutter Mane, L50|\n|poke|p2|Volcarona, L50, M|\n|poke|p2|Ursaluna, L50, F|\n|teampreview|4\n|inactive|Battle timer is ON: inactive players will automatically lose when time's up. (requested by Kwiper)\n|\n|t:|1772493129\n|teamsize|p1|4\n|teamsize|p2|4\n|start\n|switch|p1a: Calyrex|Calyrex-Ice, L50|100/100\n|switch|p1b: Kyogre|Kyogre, L50, shiny|100/100\n|switch|p2a: Flutter Mane|Flutter Mane, L50|100/100\n|switch|p2b: Lunala|Lunala, L50, shiny|100/100\n|-ability|p1a: Calyrex|As One\n|-ability|p1a: Calyrex|Unnerve\n|-weather|RainDance|[from] ability: Drizzle|[of] p1b: Kyogre\n|turn|1\n|\n|t:|1772493150\n|-terastallize|p2b: Lunala|Water\n|-terastallize|p1a: Calyrex|Grass\n|move|p2a: Flutter Mane|Shadow Ball|p1a: Calyrex\n|-damage|p1a: Calyrex|74/100\n|-unboost|p1a: Calyrex|spd|1\n|move|p2b: Lunala|Meteor Beam||[still]\n|-prepare|p2b: Lunala|Meteor Beam\n|-boost|p2b: Lunala|spa|1\n|-enditem|p2b: Lunala|Power Herb\n|-anim|p2b: Lunala|Meteor Beam|p1a: Calyrex\n|-damage|p1a: Calyrex|17/100\n|move|p1b: Kyogre|Origin Pulse|p2a: Flutter Mane|[spread] p2a,p2b\n|-resisted|p2b: Lunala\n|-enditem|p2a: Flutter Mane|Focus Sash\n|-damage|p2a: Flutter Mane|1/100\n|-damage|p2b: Lunala|79/100\n|move|p1a: Calyrex|Trick Room|p1a: Calyrex\n|-fieldstart|move: Trick Room|[of] p1a: Calyrex\n|\n|-weather|RainDance|[upkeep]\n|upkeep\n|turn|2\n|\n|t:|1772493167\n|switch|p1a: Amoonguss|Amoonguss, L50, M, shiny|100/100\n|-end|p2a: Flutter Mane|Protosynthesis|[silent]\n|switch|p2a: Indeedee|Indeedee-F, L50, F|100/100\n|-fieldstart|move: Psychic Terrain|[from] ability: Psychic Surge|[of] p2a: Indeedee\n|move|p1b: Kyogre|Origin Pulse|p2b: Lunala|[spread] p2a\n|-miss|p1b: Kyogre|p2b: Lunala\n|-damage|p2a: Indeedee|0 fnt\n|faint|p2a: Indeedee\n|move|p2b: Lunala|Expanding Force|p1b: Kyogre|[spread] p1a,p1b\n|-supereffective|p1a: Amoonguss\n|-damage|p1a: Amoonguss|0 fnt\n|-damage|p1b: Kyogre|33/100\n|faint|p1a: Amoonguss\n|\n|-weather|RainDance|[upkeep]\n|upkeep\n|\n|t:|1772493180\n|switch|p1a: Calyrex|Calyrex-Ice, L50, tera:Grass|17/100\n|switch|p2a: Koraidon|Koraidon, L50, shiny|100/100\n|-ability|p1a: Calyrex|As One\n|-ability|p1a: Calyrex|Unnerve\n|-weather|SunnyDay|[from] ability: Orichalcum Pulse|[of] p2a: Koraidon\n|-activate|p2a: Koraidon|Orichalcum Pulse|[source]\n|turn|3\n|\n|t:|1772493187\n|switch|p1b: Indeedee|Indeedee-F, L50, F, shiny|100/100\n|-enditem|p1b: Indeedee|Psychic Seed\n|-boost|p1b: Indeedee|spd|1|[from] item: Psychic Seed\n|move|p2b: Lunala|Wide Guard|p2b: Lunala\n|-singleturn|p2b: Lunala|Wide Guard\n|move|p1a: Calyrex|Icicle Spear|p2a: Koraidon\n|-supereffective|p2a: Koraidon\n|-damage|p2a: Koraidon|65/100\n|-supereffective|p2a: Koraidon\n|-damage|p2a: Koraidon|31/100\n|-hitcount|p2a: Koraidon|2\n|move|p2a: Koraidon|Breaking Swipe|p1a: Calyrex|[spread] p1a,p1b\n|-damage|p1a: Calyrex|0 fnt\n|-damage|p1b: Indeedee|61/100\n|-unboost|p1b: Indeedee|atk|1\n|faint|p1a: Calyrex\n|-damage|p2a: Koraidon|21/100|[from] item: Life Orb\n|\n|-weather|SunnyDay|[upkeep]\n|upkeep\n|\n|t:|1772493199\n|switch|p1a: Kyogre|Kyogre, L50, shiny|33/100\n|-weather|RainDance|[from] ability: Drizzle|[of] p1a: Kyogre\n|turn|4\n|\n|t:|1772493208\n|switch|p2a: Flutter Mane|Flutter Mane, L50|1/100\n|move|p1b: Indeedee|Psychic|p2a: Flutter Mane\n|-damage|p2a: Flutter Mane|0 fnt\n|faint|p2a: Flutter Mane\n|-end|p2a: Flutter Mane|Protosynthesis|[silent]\n|move|p1a: Kyogre|Thunder|p2b: Lunala\n|-supereffective|p2b: Lunala\n|-damage|p2b: Lunala|0 fnt\n|faint|p2b: Lunala\n|\n|-weather|RainDance|[upkeep]\n|upkeep\n|\n|t:|1772493211\n|switch|p2b: Koraidon|Koraidon, L50, shiny|21/100\n|-weather|SunnyDay|[from] ability: Orichalcum Pulse|[of] p2b: Koraidon\n|-activate|p2b: Koraidon|Orichalcum Pulse|[source]\n|turn|5\n|-message|Kwiper forfeited.\n|\n|win|501JFW\n|raw|501JFW's rating: 1497 &rarr; <strong>1520</strong><br />(+23 for winning)\n|raw|Kwiper's rating: 1541 &rarr; <strong>1518</strong><br />(-23 for losing)\n|l|\u2606Kwiper\n|player|p2|\n|l|\u2606501JFW\n|player|p1|\n","uploadtime":1772493216,"views":32,"formatid":"gen9vgc2026regi","rating":1518,"private":0,"password":null}