{"id":"gen9vgc2026regi-2551866626","format":"[Gen 9] VGC 2026 Reg I","players":["Pokemonst3r","ConnerTEP"],"log":"|j|\u2606Pokemonst3r\n|j|\u2606ConnerTEP\n|t:|1772651876\n|gametype|doubles\n|player|p1|Pokemonst3r|266|1520\n|player|p2|ConnerTEP|acerola-masters2|1611\n|gen|9\n|tier|[Gen 9] VGC 2026 Reg I\n|rated|\n|rule|Species Clause: Limit one of each Pok\u00e9mon\n|rule|Item Clause: Limit 1 of each item\n|clearpoke\n|poke|p1|Chien-Pao, L50|\n|poke|p1|Calyrex-Shadow, L50|\n|poke|p1|Dondozo, L50, F|\n|poke|p1|Zamazenta-*, L50|\n|poke|p1|Dragonite, L50, F|\n|poke|p1|Tatsugiri, L50, M|\n|poke|p2|Groudon, L50|\n|poke|p2|Zacian-*, L50|\n|poke|p2|Chien-Pao, L50|\n|poke|p2|Volcarona, L50, M|\n|poke|p2|Raging Bolt, L50|\n|poke|p2|Walking Wake, L50|\n|teampreview|4\n|inactive|Battle timer is ON: inactive players will automatically lose when time's up. (requested by ConnerTEP)\n|inactive|Pokemonst3r also wants the timer to be on.\n|inactive|Pokemonst3r has 60 seconds left.\n|inactive|Pokemonst3r has 30 seconds left.\n|\n|t:|1772651942\n|teamsize|p1|4\n|teamsize|p2|4\n|start\n|switch|p1a: Dondozo|Dondozo, L50, F|100/100\n|switch|p1b: Calyrex|Calyrex-Shadow, L50|100/100\n|switch|p2a: Zacian|Zacian-Crowned, L50|100/100\n|switch|p2b: Volcarona|Volcarona, L50, M|100/100\n|-ability|p1b: Calyrex|As One\n|-ability|p1b: Calyrex|Unnerve\n|-ability|p2a: Zacian|Intrepid Sword|boost\n|-boost|p2a: Zacian|atk|1\n|turn|1\n|\n|t:|1772651960\n|switch|p1b: Tatsugiri|Tatsugiri, L50, M|100/100\n|-activate|p1b: Tatsugiri|ability: Commander|[of] p1a: Dondozo\n|-boost|p1a: Dondozo|atk|2\n|-boost|p1a: Dondozo|spa|2\n|-boost|p1a: Dondozo|spe|2\n|-boost|p1a: Dondozo|def|2\n|-boost|p1a: Dondozo|spd|2\n|move|p2a: Zacian|Protect|p2a: Zacian\n|-singleturn|p2a: Zacian|Protect\n|move|p2b: Volcarona|Tailwind|p2b: Volcarona\n|-sidestart|p2: ConnerTEP|move: Tailwind\n|move|p1a: Dondozo|Substitute|p1a: Dondozo\n|-start|p1a: Dondozo|Substitute\n|-damage|p1a: Dondozo|75/100\n|\n|-heal|p1a: Dondozo|82/100|[from] item: Leftovers\n|upkeep\n|turn|2\n|\n|t:|1772651979\n|-terastallize|p2a: Zacian|Water\n|move|p1a: Dondozo|Protect|p1a: Dondozo\n|-singleturn|p1a: Dondozo|Protect\n|move|p2a: Zacian|Play Rough|p1a: Dondozo\n|-activate|p1a: Dondozo|move: Protect\n|move|p2b: Volcarona|Overheat|p1a: Dondozo\n|-activate|p1a: Dondozo|move: Protect\n|\n|-heal|p1a: Dondozo|88/100|[from] item: Leftovers\n|upkeep\n|turn|3\n|\n|t:|1772651991\n|move|p2a: Zacian|Play Rough|p1a: Dondozo\n|-activate|p1a: Dondozo|move: Substitute|[damage]\n|move|p2b: Volcarona|Overheat|p1a: Dondozo\n|-resisted|p1a: Dondozo\n|-end|p1a: Dondozo|Substitute\n|-unboost|p2b: Volcarona|spa|2\n|move|p1a: Dondozo|Order Up|p2b: Volcarona\n|-damage|p2b: Volcarona|64/100\n|-boost|p1a: Dondozo|atk|1\n|\n|-heal|p1a: Dondozo|94/100|[from] item: Leftovers\n|upkeep\n|turn|4\n|\n|t:|1772652004\n|switch|p2b: Groudon|Groudon, L50|100/100\n|-weather|SunnyDay|[from] ability: Drought|[of] p2b: Groudon\n|move|p2a: Zacian|Play Rough|p1a: Dondozo\n|-damage|p1a: Dondozo|77/100\n|move|p1a: Dondozo|Substitute|p1a: Dondozo\n|-start|p1a: Dondozo|Substitute\n|-damage|p1a: Dondozo|52/100\n|\n|-weather|SunnyDay|[upkeep]\n|-heal|p1a: Dondozo|59/100|[from] item: Leftovers\n|-sideend|p2: ConnerTEP|move: Tailwind\n|upkeep\n|turn|5\n|\n|t:|1772652018\n|move|p2b: Groudon|Protect|p2b: Groudon\n|-singleturn|p2b: Groudon|Protect\n|move|p2a: Zacian|Play Rough|p1a: Dondozo\n|-activate|p1a: Dondozo|move: Substitute|[damage]\n|move|p1a: Dondozo|Order Up|p2b: Groudon\n|-activate|p2b: Groudon|move: Protect\n|\n|-weather|SunnyDay|[upkeep]\n|-heal|p1a: Dondozo|65/100|[from] item: Leftovers\n|upkeep\n|turn|6\n|\n|t:|1772652029\n|move|p1a: Dondozo|Protect|p1a: Dondozo\n|-singleturn|p1a: Dondozo|Protect\n|move|p2a: Zacian|Play Rough|p1a: Dondozo\n|-activate|p1a: Dondozo|move: Protect\n|move|p2b: Groudon|Will-O-Wisp|p1a: Dondozo\n|-activate|p1a: Dondozo|move: Protect\n|\n|-weather|SunnyDay|[upkeep]\n|-heal|p1a: Dondozo|71/100|[from] item: Leftovers\n|upkeep\n|turn|7\n|\n|t:|1772652041\n|move|p2a: Zacian|Play Rough|p1a: Dondozo\n|-end|p1a: Dondozo|Substitute\n|move|p2b: Groudon|Will-O-Wisp|p1a: Dondozo\n|-status|p1a: Dondozo|brn\n|move|p1a: Dondozo|Order Up|p2b: Groudon\n|-damage|p2b: Groudon|80/100\n|-boost|p1a: Dondozo|atk|1\n|\n|-weather|SunnyDay|[upkeep]\n|-heal|p1a: Dondozo|77/100 brn|[from] item: Leftovers\n|-damage|p1a: Dondozo|71/100 brn|[from] brn\n|upkeep\n|turn|8\n|\n|t:|1772652053\n|switch|p2b: Chien-Pao|Chien-Pao, L50|100/100\n|-ability|p2b: Chien-Pao|Sword of Ruin\n|move|p2a: Zacian|Sacred Sword|p1a: Dondozo\n|-damage|p1a: Dondozo|43/100 brn\n|move|p1a: Dondozo|Order Up|p2b: Chien-Pao\n|-damage|p2b: Chien-Pao|57/100\n|-boost|p1a: Dondozo|atk|1\n|\n|-weather|none\n|-heal|p1a: Dondozo|50/100 brn|[from] item: Leftovers\n|-damage|p1a: Dondozo|43/100 brn|[from] brn\n|upkeep\n|turn|9\n|\n|t:|1772652067\n|move|p2a: Zacian|Sacred Sword|p1a: Dondozo\n|-damage|p1a: Dondozo|17/100 brn\n|move|p2b: Chien-Pao|Throat Chop|p1a: Dondozo\n|-damage|p1a: Dondozo|0 fnt\n|faint|p1a: Dondozo\n|\n|upkeep\n|\n|t:|1772652076\n|switch|p1a: Zamazenta|Zamazenta-Crowned, L50|100/100\n|-ability|p1a: Zamazenta|Dauntless Shield|boost\n|-boost|p1a: Zamazenta|def|1\n|turn|10\n|\n|t:|1772652099\n|switch|p2b: Volcarona|Volcarona, L50, M|64/100\n|-terastallize|p1b: Tatsugiri|Steel\n|move|p2a: Zacian|Play Rough|p1b: Tatsugiri\n|-resisted|p1b: Tatsugiri\n|-damage|p1b: Tatsugiri|33/100\n|move|p1a: Zamazenta|Body Press|p2a: Zacian\n|-damage|p2a: Zacian|37/100\n|move|p1b: Tatsugiri|Tera Blast|p2b: Volcarona|[anim] Tera Blast Steel\n|-resisted|p2b: Volcarona\n|-damage|p2b: Volcarona|48/100\n|\n|upkeep\n|turn|11\n|\n|t:|1772652118\n|move|p2a: Zacian|Sacred Sword|p1b: Tatsugiri\n|-supereffective|p1b: Tatsugiri\n|-damage|p1b: Tatsugiri|0 fnt\n|faint|p1b: Tatsugiri\n|move|p1a: Zamazenta|Body Press|p2a: Zacian\n|-damage|p2a: Zacian|0 fnt\n|faint|p2a: Zacian\n|move|p2b: Volcarona|Tailwind|p2b: Volcarona\n|-sidestart|p2: ConnerTEP|move: Tailwind\n|\n|upkeep\n|\n|t:|1772652138\n|switch|p2a: Groudon|Groudon, L50|80/100\n|switch|p1b: Calyrex|Calyrex-Shadow, L50|100/100\n|-ability|p1b: Calyrex|As One\n|-ability|p1b: Calyrex|Unnerve\n|-weather|SunnyDay|[from] ability: Drought|[of] p2a: Groudon\n|turn|12\n|\n|t:|1772652151\n|move|p1a: Zamazenta|Protect|p1a: Zamazenta\n|-singleturn|p1a: Zamazenta|Protect\n|move|p1b: Calyrex|Astral Barrage|p2b: Volcarona|[spread] p2a,p2b\n|-damage|p2a: Groudon|36/100\n|-damage|p2b: Volcarona|2/100\n|move|p2b: Volcarona|Overheat|p1b: Calyrex\n|-damage|p1b: Calyrex|4/100\n|-unboost|p2b: Volcarona|spa|2\n|move|p2a: Groudon|Heat Crash|p1b: Calyrex\n|-damage|p1b: Calyrex|0 fnt\n|faint|p1b: Calyrex\n|\n|-weather|SunnyDay|[upkeep]\n|upkeep\n|turn|13\n|c|\u2606ConnerTEP|lmaooo\n|-message|Pokemonst3r forfeited.\n|\n|win|ConnerTEP\n|raw|Pokemonst3r's rating: 1520 &rarr; <strong>1505</strong><br />(-15 for losing)\n|raw|ConnerTEP's rating: 1611 &rarr; <strong>1626</strong><br />(+15 for winning)\n|l|\u2606Pokemonst3r\n|player|p1|\n|l|\u2606ConnerTEP\n|player|p2|\n","uploadtime":1772652397,"views":16,"formatid":"gen9vgc2026regi","rating":1505,"private":0,"password":null}