{"id":"gen9vgc2026regi-2537929662","format":"[Gen 9] VGC 2026 Reg I","players":["xianbutinghua","lalo's pollos"],"log":"|j|\u2606xianbutinghua\n|j|\u2606lalo's pollos\n|t:|1770865028\n|gametype|doubles\n|player|p1|xianbutinghua|winona|1456\n|player|p2|lalo's pollos|101|1595\n|gen|9\n|tier|[Gen 9] VGC 2026 Reg I\n|rated|\n|rule|Species Clause: Limit one of each Pok\u00e9mon\n|rule|Item Clause: Limit 1 of each item\n|clearpoke\n|poke|p1|Kyogre, L50|\n|poke|p1|Zacian-*, L50|\n|poke|p1|Grimmsnarl, L50, M|\n|poke|p1|Amoonguss, L50, M|\n|poke|p1|Landorus, L50, M|\n|poke|p1|Iron Jugulis, L50|\n|poke|p2|Zamazenta-*, L50|\n|poke|p2|Lunala, L50|\n|poke|p2|Rillaboom, L50, M|\n|poke|p2|Incineroar, L50, M|\n|poke|p2|Urshifu-*, L50, F|\n|poke|p2|Tornadus, L50, M|\n|teampreview|4\n|inactive|Battle timer is ON: inactive players will automatically lose when time's up. (requested by xianbutinghua)\n|j| lunala fairy ghost\n|inactive|lalo's pollos has 60 seconds left.\n|\n|t:|1770865071\n|teamsize|p1|4\n|teamsize|p2|4\n|start\n|switch|p1a: Grimmsnarl|Grimmsnarl, L50, M|100/100\n|switch|p1b: Kyogre|Kyogre, L50|100/100\n|switch|p2a: Tornadus|Tornadus, L50, M|100/100\n|switch|p2b: Urshifu|Urshifu-Rapid-Strike, L50, F|100/100\n|-weather|RainDance|[from] ability: Drizzle|[of] p1b: Kyogre\n|turn|1\n|inactive|xianbutinghua has 30 seconds left.\n|\n|t:|1770865101\n|move|p2b: Urshifu|Detect|p2b: Urshifu\n|-singleturn|p2b: Urshifu|Protect\n|move|p1a: Grimmsnarl|Thunder Wave|p2b: Urshifu\n|-activate|p2b: Urshifu|move: Protect\n|move|p2a: Tornadus|Bleakwind Storm|p1a: Grimmsnarl|[spread] p1a,p1b\n|-damage|p1a: Grimmsnarl|63/100\n|-damage|p1b: Kyogre|77/100\n|move|p1b: Kyogre|Origin Pulse|p2b: Urshifu|[spread] \n|-activate|p2b: Urshifu|move: Protect\n|-miss|p1b: Kyogre|p2a: Tornadus\n|\n|-weather|RainDance|[upkeep]\n|upkeep\n|turn|2\n|\n|t:|1770865129\n|move|p2a: Tornadus|Tailwind|p2a: Tornadus\n|-sidestart|p2: lalo's pollos|move: Tailwind\n|move|p1a: Grimmsnarl|Reflect|p1a: Grimmsnarl\n|-sidestart|p1: xianbutinghua|Reflect\n|move|p2b: Urshifu|Close Combat|p1b: Kyogre\n|-damage|p1b: Kyogre|35/100\n|-unboost|p2b: Urshifu|def|1\n|-unboost|p2b: Urshifu|spd|1\n|move|p1b: Kyogre|Origin Pulse|p2b: Urshifu|[spread] p2a,p2b\n|-resisted|p2b: Urshifu\n|-enditem|p2a: Tornadus|Focus Sash\n|-damage|p2a: Tornadus|1/100\n|-damage|p2b: Urshifu|0 fnt\n|faint|p2b: Urshifu\n|\n|-weather|RainDance|[upkeep]\n|upkeep\n|\n|t:|1770865139\n|switch|p2b: Zamazenta|Zamazenta-Crowned, L50|100/100\n|-ability|p2b: Zamazenta|Dauntless Shield|boost\n|-boost|p2b: Zamazenta|def|1\n|turn|3\n|\n|t:|1770865153\n|move|p1a: Grimmsnarl|Thunder Wave|p2b: Zamazenta\n|-status|p2b: Zamazenta|par\n|move|p2a: Tornadus|Bleakwind Storm|p1a: Grimmsnarl|[spread] p1a,p1b\n|-damage|p1a: Grimmsnarl|24/100\n|-damage|p1b: Kyogre|13/100\n|-unboost|p1a: Grimmsnarl|spe|1\n|move|p2b: Zamazenta|Body Press|p1b: Kyogre\n|-damage|p1b: Kyogre|0 fnt\n|faint|p1b: Kyogre\n|\n|-weather|RainDance|[upkeep]\n|upkeep\n|\n|t:|1770865163\n|switch|p1b: Zacian|Zacian-Crowned, L50|100/100\n|-ability|p1b: Zacian|Intrepid Sword|boost\n|-boost|p1b: Zacian|atk|1\n|turn|4\n|\n|t:|1770865183\n|move|p1a: Grimmsnarl|Light Screen|p1a: Grimmsnarl\n|-sidestart|p1: xianbutinghua|move: Light Screen\n|move|p2a: Tornadus|Bleakwind Storm|p1b: Zacian|[spread] p1a,p1b\n|-resisted|p1b: Zacian\n|-damage|p1a: Grimmsnarl|0 fnt\n|-damage|p1b: Zacian|90/100\n|-unboost|p1b: Zacian|spe|1\n|faint|p1a: Grimmsnarl\n|cant|p2b: Zamazenta|par\n|move|p1b: Zacian|Sacred Sword|p2b: Zamazenta\n|-supereffective|p2b: Zamazenta\n|-damage|p2b: Zamazenta|43/100 par\n|\n|-weather|RainDance|[upkeep]\n|upkeep\n|\n|t:|1770865190\n|switch|p1a: Iron Jugulis|Iron Jugulis, L50|100/100\n|-enditem|p1a: Iron Jugulis|Booster Energy\n|-activate|p1a: Iron Jugulis|ability: Quark Drive|[fromitem]\n|-start|p1a: Iron Jugulis|quarkdrivespe\n|turn|5\n|inactive|xianbutinghua has 30 seconds left.\n|\n|t:|1770865220\n|-terastallize|p2b: Zamazenta|Water\n|-terastallize|p1b: Zacian|Fairy\n|move|p2a: Tornadus|Bleakwind Storm|p1b: Zacian|[spread] p1a,p1b\n|-crit|p1a: Iron Jugulis\n|-damage|p1a: Iron Jugulis|38/100\n|-damage|p1b: Zacian|65/100\n|move|p1a: Iron Jugulis|Snarl|p2b: Zamazenta|[spread] p2a,p2b\n|-damage|p2a: Tornadus|0 fnt\n|-damage|p2b: Zamazenta|30/100 par\n|-unboost|p2b: Zamazenta|spa|1\n|faint|p2a: Tornadus\n|move|p2b: Zamazenta|Body Press|p1a: Iron Jugulis\n|-damage|p1a: Iron Jugulis|0 fnt\n|faint|p1a: Iron Jugulis\n|-end|p1a: Iron Jugulis|Quark Drive|[silent]\n|move|p1b: Zacian|Sacred Sword|p2b: Zamazenta\n|-damage|p2b: Zamazenta|0 fnt\n|faint|p2b: Zamazenta\n|\n|-weather|none\n|-sideend|p2: lalo's pollos|move: Tailwind\n|upkeep\n|l| lunala fairy ghost\n|\n|t:|1770865234\n|switch|p2b: Lunala|Lunala, L50|100/100\n|turn|6\n|\n|t:|1770865254\n|move|p1b: Zacian|Behemoth Blade|p2b: Lunala\n|-damage|p2b: Lunala|61/100\n|move|p2b: Lunala|Moongeist Beam|p1b: Zacian\n|-damage|p1b: Zacian|32/100\n|\n|-heal|p2b: Lunala|67/100|[from] item: Leftovers\n|upkeep\n|turn|7\n|\n|t:|1770865262\n|move|p2b: Lunala|Protect|p2b: Lunala\n|-singleturn|p2b: Lunala|Protect\n|move|p1b: Zacian|Behemoth Blade|p2b: Lunala\n|-activate|p2b: Lunala|move: Protect\n|\n|-heal|p2b: Lunala|73/100|[from] item: Leftovers\n|upkeep\n|turn|8\n|\n|t:|1770865271\n|move|p1b: Zacian|Behemoth Blade|p2b: Lunala\n|-damage|p2b: Lunala|3/100\n|move|p2b: Lunala|Moongeist Beam|p1b: Zacian\n|-damage|p1b: Zacian|0 fnt\n|faint|p1b: Zacian\n|\n|win|lalo's pollos\n|raw|xianbutinghua's rating: 1456 &rarr; <strong>1444</strong><br />(-12 for losing)\n|raw|lalo&apos;s pollos's rating: 1595 &rarr; <strong>1607</strong><br />(+12 for winning)\n|l|\u2606xianbutinghua\n|player|p1|\n","uploadtime":1770865303,"views":15,"formatid":"gen9vgc2026regi","rating":1444,"private":0,"password":null}