{"id":"gen9vgc2026regi-2513917325","format":"[Gen 9] VGC 2026 Reg I","players":["3rgutti","bullgod4ever"],"log":"|j|\u26063rgutti\n|j|\u2606bullgod4ever\n|t:|1767799894\n|gametype|doubles\n|player|p1|3rgutti|1|1138\n|player|p2|bullgod4ever|2|1240\n|gen|9\n|tier|[Gen 9] VGC 2026 Reg I\n|rated|\n|rule|Species Clause: Limit one of each Pok\u00e9mon\n|rule|Item Clause: Limit 1 of each item\n|clearpoke\n|poke|p1|Rillaboom, L50, F|\n|poke|p1|Tornadus, L50, M|\n|poke|p1|Gholdengo, L50|\n|poke|p1|Regidrago, L50|\n|poke|p1|Urshifu-*, L50, M|\n|poke|p1|Mimikyu, L50, M|\n|poke|p2|Calyrex-Shadow, L50|\n|poke|p2|Zamazenta-*, L50|\n|poke|p2|Chien-Pao, L50|\n|poke|p2|Dragonite, L50, M|\n|poke|p2|Amoonguss, L50, M|\n|poke|p2|Ogerpon-Cornerstone, L50, F|\n|teampreview|4\n|inactive|Battle timer is ON: inactive players will automatically lose when time's up. (requested by bullgod4ever)\n|inactive|3rgutti has 60 seconds left.\n|inactive|3rgutti has 30 seconds left.\n|inactive|3rgutti has 20 seconds left.\n|inactive|3rgutti has 15 seconds left.\n|inactive|3rgutti has 10 seconds left.\n|inactive|3rgutti has 5 seconds left.\n|\n|t:|1767800016\n|teamsize|p1|4\n|teamsize|p2|4\n|start\n|switch|p1a: Rillaboom|Rillaboom, L50, F|100/100\n|switch|p1b: Tornadus|Tornadus, L50, M|100/100\n|switch|p2a: Chien-Pao|Chien-Pao, L50|100/100\n|switch|p2b: Dragonite|Dragonite, L50, M|100/100\n|-ability|p2a: Chien-Pao|Sword of Ruin\n|-fieldstart|move: Grassy Terrain|[from] ability: Grassy Surge|[of] p1a: Rillaboom\n|turn|1\n|inactive|3rgutti has 30 seconds left.\n|\n|t:|1767800046\n|-terastallize|p2a: Chien-Pao|Ghost\n|move|p1a: Rillaboom|Fake Out|p2a: Chien-Pao\n|-immune|p2a: Chien-Pao\n|move|p2b: Dragonite|Extreme Speed|p1b: Tornadus\n|-damage|p1b: Tornadus|10/100\n|move|p2a: Chien-Pao|Ice Shard|p1b: Tornadus\n|-supereffective|p1b: Tornadus\n|-damage|p1b: Tornadus|0 fnt\n|faint|p1b: Tornadus\n|\n|upkeep\n|\n|t:|1767800056\n|switch|p1b: Gholdengo|Gholdengo, L50|100/100\n|turn|2\n|\n|t:|1767800070\n|-terastallize|p1b: Gholdengo|Steel\n|move|p2b: Dragonite|Extreme Speed|p1a: Rillaboom\n|-damage|p1a: Rillaboom|44/100\n|move|p2a: Chien-Pao|Ice Spinner|p1a: Rillaboom\n|-supereffective|p1a: Rillaboom\n|-damage|p1a: Rillaboom|0 fnt\n|-fieldend|move: Grassy Terrain\n|faint|p1a: Rillaboom\n|move|p1b: Gholdengo|Make It Rain|p2b: Dragonite|[spread] p2a,p2b\n|-damage|p2a: Chien-Pao|46/100\n|-damage|p2b: Dragonite|35/100\n|-unboost|p1b: Gholdengo|spa|1\n|-enditem|p1b: Gholdengo|White Herb\n|-clearnegativeboost|p1b: Gholdengo|[silent]\n|\n|upkeep\n|\n|t:|1767800081\n|switch|p1a: Regidrago|Regidrago, L50|100/100\n|turn|3\n|inactive|bullgod4ever has 30 seconds left.\n|\n|t:|1767800108\n|move|p1a: Regidrago|Protect|p1a: Regidrago\n|-singleturn|p1a: Regidrago|Protect\n|move|p2b: Dragonite|Extreme Speed|p1a: Regidrago\n|-activate|p1a: Regidrago|move: Protect\n|move|p2a: Chien-Pao|Ice Spinner|p1a: Regidrago\n|-activate|p1a: Regidrago|move: Protect\n|move|p1b: Gholdengo|Make It Rain|p2b: Dragonite|[spread] p2a,p2b\n|-damage|p2a: Chien-Pao|0 fnt\n|-damage|p2b: Dragonite|0 fnt\n|-unboost|p1b: Gholdengo|spa|1\n|faint|p2a: Chien-Pao\n|faint|p2b: Dragonite\n|\n|upkeep\n|\n|t:|1767800124\n|switch|p2a: Calyrex|Calyrex-Shadow, L50|100/100\n|switch|p2b: Zamazenta|Zamazenta-Crowned, L50|100/100\n|-ability|p2a: Calyrex|As One\n|-ability|p2a: Calyrex|Unnerve\n|-ability|p2b: Zamazenta|Dauntless Shield|boost\n|-boost|p2b: Zamazenta|def|1\n|turn|4\n|\n|t:|1767800139\n|move|p2a: Calyrex|Astral Barrage|p1a: Regidrago|[spread] p1a,p1b\n|-damage|p1a: Regidrago|43/100\n|-damage|p1b: Gholdengo|42/100\n|move|p2b: Zamazenta|Body Press|p1a: Regidrago\n|-crit|p1a: Regidrago\n|-damage|p1a: Regidrago|0 fnt\n|faint|p1a: Regidrago\n|move|p1b: Gholdengo|Shadow Ball|p2a: Calyrex\n|-supereffective|p2a: Calyrex\n|-enditem|p2a: Calyrex|Focus Sash\n|-damage|p2a: Calyrex|1/100\n|\n|upkeep\n|turn|5\n|-message|3rgutti forfeited.\n|\n|win|bullgod4ever\n|raw|3rgutti's rating: 1138 &rarr; <strong>1120</strong><br />(-18 for losing)\n|raw|bullgod4ever's rating: 1240 &rarr; <strong>1258</strong><br />(+18 for winning)\n|l|\u26063rgutti\n|player|p1|\n|l|\u2606bullgod4ever\n|player|p2|\n","uploadtime":1767800309,"views":14,"formatid":"gen9vgc2026regi","rating":1120,"private":0,"password":null}