{"id":"gen9vgc2026regi-2547573264","format":"[Gen 9] VGC 2026 Reg I","players":["KogaAF1219","blackred123\u6c38\u96cf\u5854\u83f2\u4fa0"],"log":"|j|\u2606KogaAF1219\n|j|\u2606blackred123\u6c38\u96cf\u5854\u83f2\u4fa0\n|t:|1772110506\n|gametype|doubles\n|player|p1|KogaAF1219|101|1283\n|player|p2|blackred123\u6c38\u96cf\u5854\u83f2\u4fa0|iono-masters|1485\n|gen|9\n|tier|[Gen 9] VGC 2026 Reg I\n|rated|\n|rule|Species Clause: Limit one of each Pok\u00e9mon\n|rule|Item Clause: Limit 1 of each item\n|clearpoke\n|poke|p1|Rotom-Fan, L50|\n|poke|p1|Groudon, L50|\n|poke|p1|Calyrex-Shadow, L50|\n|poke|p1|Indeedee, L50, M|\n|poke|p1|Hitmontop, L50, M|\n|poke|p1|Ogerpon-Cornerstone, L50, F|\n|poke|p2|Zamazenta-*, L50|\n|poke|p2|Calyrex-Shadow, L50|\n|poke|p2|Tornadus, L50, M|\n|poke|p2|Rillaboom, L50, M|\n|poke|p2|Smeargle, L50, M|\n|poke|p2|Raging Bolt, L50|\n|teampreview|4\n|inactive|Battle timer is ON: inactive players will automatically lose when time's up. (requested by blackred123\u6c38\u96cf\u5854\u83f2\u4fa0)\n|\n|t:|1772110528\n|teamsize|p1|4\n|teamsize|p2|4\n|start\n|switch|p1a: Indeedee|Indeedee, L50, M|100/100\n|switch|p1b: Ogerpon|Ogerpon-Cornerstone, L50, F|100/100\n|switch|p2a: \u9a6c\u6b7b\u4e86|Calyrex-Shadow, L50|100/100\n|switch|p2b: \u72d7\u7b14\u517b\u7684|Smeargle, L50, M|100/100\n|-ability|p2a: \u9a6c\u6b7b\u4e86|As One\n|-ability|p2a: \u9a6c\u6b7b\u4e86|Unnerve\n|-fieldstart|move: Psychic Terrain|[from] ability: Psychic Surge|[of] p1a: Indeedee\n|turn|1\n|\n|t:|1772110538\n|move|p2a: \u9a6c\u6b7b\u4e86|Protect|p2a: \u9a6c\u6b7b\u4e86\n|-singleturn|p2a: \u9a6c\u6b7b\u4e86|Protect\n|move|p1b: Ogerpon|Ivy Cudgel|p2a: \u9a6c\u6b7b\u4e86|[anim] Ivy Cudgel Rock\n|-activate|p2a: \u9a6c\u6b7b\u4e86|move: Protect\n|move|p1a: Indeedee|Expanding Force|p2b: \u72d7\u7b14\u517b\u7684|[spread] p2b\n|-activate|p2a: \u9a6c\u6b7b\u4e86|move: Protect\n|-enditem|p2b: \u72d7\u7b14\u517b\u7684|Focus Sash\n|-damage|p2b: \u72d7\u7b14\u517b\u7684|1/100\n|move|p2b: \u72d7\u7b14\u517b\u7684|Spore|p1a: Indeedee\n|-status|p1a: Indeedee|slp|[from] move: Spore\n|\n|-ability|p2b: \u72d7\u7b14\u517b\u7684|Moody|boost\n|-boost|p2b: \u72d7\u7b14\u517b\u7684|spa|2\n|-unboost|p2b: \u72d7\u7b14\u517b\u7684|def|1\n|upkeep\n|turn|2\n|\n|t:|1772110558\n|move|p1b: Ogerpon|Spiky Shield|p1b: Ogerpon\n|-singleturn|p1b: Ogerpon|move: Protect\n|move|p2a: \u9a6c\u6b7b\u4e86|Psychic|p1a: Indeedee\n|-resisted|p1a: Indeedee\n|-damage|p1a: Indeedee|38/100 slp\n|-damage|p2a: \u9a6c\u6b7b\u4e86|91/100|[from] item: Life Orb\n|cant|p1a: Indeedee|slp\n|move|p2b: \u72d7\u7b14\u517b\u7684|Decorate|p2a: \u9a6c\u6b7b\u4e86\n|-boost|p2a: \u9a6c\u6b7b\u4e86|atk|2\n|-boost|p2a: \u9a6c\u6b7b\u4e86|spa|2\n|\n|-ability|p2b: \u72d7\u7b14\u517b\u7684|Moody|boost\n|-boost|p2b: \u72d7\u7b14\u517b\u7684|def|2\n|-unboost|p2b: \u72d7\u7b14\u517b\u7684|atk|1\n|upkeep\n|turn|3\n|\n|t:|1772110575\n|move|p2b: \u72d7\u7b14\u517b\u7684|Follow Me|p2b: \u72d7\u7b14\u517b\u7684\n|-singleturn|p2b: \u72d7\u7b14\u517b\u7684|move: Follow Me\n|move|p2a: \u9a6c\u6b7b\u4e86|Psychic|p1a: Indeedee\n|-resisted|p1a: Indeedee\n|-damage|p1a: Indeedee|0 fnt\n|faint|p1a: Indeedee\n|-ability|p2a: \u9a6c\u6b7b\u4e86|Grim Neigh|boost\n|-boost|p2a: \u9a6c\u6b7b\u4e86|spa|1\n|-damage|p2a: \u9a6c\u6b7b\u4e86|81/100|[from] item: Life Orb\n|move|p1b: Ogerpon|Horn Leech|p2b: \u72d7\u7b14\u517b\u7684\n|-damage|p2b: \u72d7\u7b14\u517b\u7684|0 fnt\n|faint|p2b: \u72d7\u7b14\u517b\u7684\n|\n|upkeep\n|\n|t:|1772110584\n|switch|p1a: Calyrex|Calyrex-Shadow, L50|100/100\n|switch|p2b: \u9694\u58c1\u8001\u738b\u7231\u9001\u8349\u539f|Rillaboom, L50, M|100/100\n|-ability|p1a: Calyrex|As One\n|-ability|p1a: Calyrex|Unnerve\n|-fieldstart|move: Grassy Terrain|[from] ability: Grassy Surge|[of] p2b: \u9694\u58c1\u8001\u738b\u7231\u9001\u8349\u539f\n|turn|4\n|\n|t:|1772110594\n|-terastallize|p2a: \u9a6c\u6b7b\u4e86|Dark\n|move|p1a: Calyrex|Protect|p1a: Calyrex\n|-singleturn|p1a: Calyrex|Protect\n|move|p1b: Ogerpon|Spiky Shield|p1b: Ogerpon\n|-singleturn|p1b: Ogerpon|move: Protect\n|move|p2b: \u9694\u58c1\u8001\u738b\u7231\u9001\u8349\u539f|Grassy Glide|p1b: Ogerpon\n|-activate|p1b: Ogerpon|move: Protect\n|-damage|p2b: \u9694\u58c1\u8001\u738b\u7231\u9001\u8349\u539f|88/100|[from] Spiky Shield|[of] p1b: Ogerpon\n|move|p2a: \u9a6c\u6b7b\u4e86|Astral Barrage|p1b: Ogerpon|[spread] \n|-activate|p1a: Calyrex|move: Protect\n|-activate|p1b: Ogerpon|move: Protect\n|\n|-heal|p2a: \u9a6c\u6b7b\u4e86|87/100|[from] Grassy Terrain\n|-heal|p2b: \u9694\u58c1\u8001\u738b\u7231\u9001\u8349\u539f|94/100|[from] Grassy Terrain\n|upkeep\n|turn|5\n|\n|t:|1772110610\n|move|p2b: \u9694\u58c1\u8001\u738b\u7231\u9001\u8349\u539f|Grassy Glide|p1b: Ogerpon\n|-damage|p1b: Ogerpon|52/100\n|move|p1a: Calyrex|Haze|p1a: Calyrex\n|-clearallboost\n|move|p2a: \u9a6c\u6b7b\u4e86|Astral Barrage|p1a: Calyrex|[spread] p1a,p1b\n|-supereffective|p1a: Calyrex\n|-damage|p1a: Calyrex|0 fnt\n|-damage|p1b: Ogerpon|0 fnt\n|faint|p1a: Calyrex\n|faint|p1b: Ogerpon\n|-ability|p2a: \u9a6c\u6b7b\u4e86|Grim Neigh|boost\n|-boost|p2a: \u9a6c\u6b7b\u4e86|spa|2\n|-damage|p2a: \u9a6c\u6b7b\u4e86|78/100|[from] item: Life Orb\n|\n|-heal|p2a: \u9a6c\u6b7b\u4e86|84/100|[from] Grassy Terrain\n|-heal|p2b: \u9694\u58c1\u8001\u738b\u7231\u9001\u8349\u539f|99/100|[from] Grassy Terrain\n|upkeep\n|-message|KogaAF1219 forfeited.\n|\n|win|blackred123\u6c38\u96cf\u5854\u83f2\u4fa0\n|raw|KogaAF1219's rating: 1283 &rarr; <strong>1271</strong><br />(-12 for losing)\n|raw|blackred123\u6c38\u96cf\u5854\u83f2\u4fa0's rating: 1485 &rarr; <strong>1495</strong><br />(+10 for winning)\n|l|\u2606KogaAF1219\n|player|p1|\n","uploadtime":1772110625,"views":13,"formatid":"gen9vgc2026regi","rating":1271,"private":0,"password":null}