{"id":"gen9vgc2026regi-2579198664","format":"[Gen 9] VGC 2026 Reg I","players":["ragglefraggle42","labubumechanics"],"log":"|j|\u2606ragglefraggle42\n|j|\u2606labubumechanics\n|t:|1775759852\n|gametype|doubles\n|player|p1|ragglefraggle42|170|1252\n|player|p2|labubumechanics|265|1304\n|gen|9\n|tier|[Gen 9] VGC 2026 Reg I\n|rated|\n|rule|Species Clause: Limit one of each Pok\u00e9mon\n|rule|Item Clause: Limit 1 of each item\n|clearpoke\n|poke|p1|Calyrex-Ice, L50|\n|poke|p1|Oranguru, L50, F|\n|poke|p1|Gastrodon, L50, M|\n|poke|p1|Brute Bonnet, L50|\n|poke|p1|Ninetales-Alola, L50, M|\n|poke|p1|Ceruledge, L50, M|\n|poke|p2|Sinistcha, L50|\n|poke|p2|Urshifu-*, L50, M|\n|poke|p2|Terapagos, L50, M|\n|poke|p2|Miraidon, L50|\n|poke|p2|Incineroar, L50, F|\n|poke|p2|Iron Treads, L50|\n|teampreview|4\n|\n|t:|1775759874\n|teamsize|p1|4\n|teamsize|p2|4\n|start\n|switch|p1a: Oranguru|Oranguru, L50, F|100/100\n|switch|p1b: Ninetales|Ninetales-Alola, L50, M|100/100\n|switch|p2a: Miraidon|Miraidon, L50, shiny|100/100\n|switch|p2b: Iron Treads|Iron Treads, L50|100/100\n|-fieldstart|move: Electric Terrain|[from] ability: Hadron Engine|[of] p2a: Miraidon\n|-activate|p2b: Iron Treads|ability: Quark Drive\n|-start|p2b: Iron Treads|quarkdrivespe\n|-weather|Snowscape|[from] ability: Snow Warning|[of] p1b: Ninetales\n|turn|1\n|\n|t:|1775759889\n|move|p2a: Miraidon|Electro Drift|p1a: Oranguru\n|-damage|p1a: Oranguru|17/100\n|move|p2b: Iron Treads|Steel Roller|p1b: Ninetales\n|-supereffective|p1b: Ninetales\n|-damage|p1b: Ninetales|0 fnt\n|-fieldend|move: Electric Terrain\n|-end|p2b: Iron Treads|Quark Drive\n|faint|p1b: Ninetales\n|-damage|p2b: Iron Treads|91/100|[from] item: Life Orb\n|move|p1a: Oranguru|Trick Room|p1a: Oranguru\n|-fieldstart|move: Trick Room|[of] p1a: Oranguru\n|\n|-weather|Snowscape|[upkeep]\n|upkeep\n|\n|t:|1775759904\n|switch|p1b: Calyrex|Calyrex-Ice, L50|100/100\n|-ability|p1b: Calyrex|As One\n|-ability|p1b: Calyrex|Unnerve\n|turn|2\n|\n|t:|1775759916\n|switch|p1a: Gastrodon|Gastrodon, L50, M|100/100\n|switch|p2a: Incineroar|Incineroar, L50, F|100/100\n|-ability|p2a: Incineroar|Intimidate|boost\n|-unboost|p1a: Gastrodon|atk|1\n|-unboost|p1b: Calyrex|atk|1\n|move|p2b: Iron Treads|Protect|p2b: Iron Treads\n|-singleturn|p2b: Iron Treads|Protect\n|move|p1b: Calyrex|Iron Defense|p1b: Calyrex\n|-boost|p1b: Calyrex|def|2\n|\n|-weather|Snowscape|[upkeep]\n|upkeep\n|turn|3\n|\n|t:|1775759944\n|-terastallize|p1b: Calyrex|Fighting\n|move|p2a: Incineroar|Fake Out|p1b: Calyrex\n|-damage|p1b: Calyrex|98/100\n|-enditem|p1b: Calyrex|Kee Berry|[eat]\n|-boost|p1b: Calyrex|def|1|[from] item: Kee Berry\n|move|p1a: Gastrodon|Stockpile|p1a: Gastrodon\n|-start|p1a: Gastrodon|stockpile1\n|-boost|p1a: Gastrodon|def|1\n|-boost|p1a: Gastrodon|spd|1\n|cant|p1b: Calyrex|flinch\n|move|p2b: Iron Treads|Rock Slide|p1b: Calyrex|[spread] p1b\n|-miss|p2b: Iron Treads|p1a: Gastrodon\n|-resisted|p1b: Calyrex\n|-damage|p1b: Calyrex|95/100\n|-damage|p2b: Iron Treads|81/100|[from] item: Life Orb\n|\n|-weather|Snowscape|[upkeep]\n|upkeep\n|turn|4\n|\n|t:|1775759963\n|switch|p2a: Miraidon|Miraidon, L50, shiny|100/100\n|-fieldstart|move: Electric Terrain|[from] ability: Hadron Engine|[of] p2a: Miraidon\n|-activate|p2b: Iron Treads|ability: Quark Drive\n|-start|p2b: Iron Treads|quarkdrivespe\n|move|p2b: Iron Treads|Protect|p2b: Iron Treads\n|-singleturn|p2b: Iron Treads|Protect\n|move|p1a: Gastrodon|Stockpile|p1a: Gastrodon\n|-start|p1a: Gastrodon|stockpile2\n|-boost|p1a: Gastrodon|def|1\n|-boost|p1a: Gastrodon|spd|1\n|move|p1b: Calyrex|Body Press|p2b: Iron Treads\n|-activate|p2b: Iron Treads|move: Protect\n|\n|-weather|Snowscape|[upkeep]\n|upkeep\n|turn|5\n|\n|t:|1775759988\n|switch|p2a: Incineroar|Incineroar, L50, F|100/100\n|-ability|p2a: Incineroar|Intimidate|boost\n|-unboost|p1a: Gastrodon|atk|1\n|-unboost|p1b: Calyrex|atk|1\n|move|p1a: Gastrodon|Whirlpool|p2a: Incineroar\n|-supereffective|p2a: Incineroar\n|-damage|p2a: Incineroar|87/100\n|-activate|p2a: Incineroar|move: Whirlpool|[of] p1a: Gastrodon\n|move|p1b: Calyrex|Body Press|p2b: Iron Treads\n|-supereffective|p2b: Iron Treads\n|-damage|p2b: Iron Treads|0 fnt\n|faint|p2b: Iron Treads\n|-end|p2b: Iron Treads|Quark Drive|[silent]\n|-ability|p1b: Calyrex|Chilling Neigh|boost\n|-boost|p1b: Calyrex|atk|1\n|\n|-weather|none\n|-damage|p2a: Incineroar|71/100|[from] move: Whirlpool|[partiallytrapped]\n|-fieldend|move: Trick Room\n|upkeep\n|\n|t:|1775759998\n|switch|p2b: Terapagos|Terapagos, L50, M|100/100\n|-activate|p2b: Terapagos|ability: Tera Shift\n|detailschange|p2b: Terapagos|Terapagos-Terastal, L50, M\n|-heal|p2b: Terapagos|100/100|[silent]\n|-enditem|p2b: Terapagos|Electric Seed\n|-boost|p2b: Terapagos|def|1|[from] item: Electric Seed\n|turn|6\n|\n|t:|1775760011\n|-terastallize|p2b: Terapagos|Stellar\n|detailschange|p2b: Terapagos|Terapagos-Stellar, L50, M, tera:Stellar\n|-heal|p2b: Terapagos|100/100|[silent]\n|-ability|p2b: Terapagos|Teraform Zero\n|-fieldend|move: Electric Terrain\n|move|p2a: Incineroar|Fake Out|p1b: Calyrex\n|-damage|p1b: Calyrex|93/100\n|move|p2b: Terapagos|Tera Starstorm|p1b: Calyrex|[spread] p1a,p1b\n|-supereffective|p1b: Calyrex\n|-damage|p1a: Gastrodon|84/100\n|-damage|p1b: Calyrex|48/100\n|cant|p1b: Calyrex|flinch\n|move|p1a: Gastrodon|Whirlpool|p2b: Terapagos\n|-damage|p2b: Terapagos|92/100\n|-activate|p2b: Terapagos|move: Whirlpool|[of] p1a: Gastrodon\n|\n|-damage|p2b: Terapagos|76/100|[from] move: Whirlpool|[partiallytrapped]\n|-damage|p2a: Incineroar|54/100|[from] move: Whirlpool|[partiallytrapped]\n|upkeep\n|turn|7\n|\n|t:|1775760032\n|move|p2b: Terapagos|Tera Starstorm|p1a: Gastrodon|[spread] p1a,p1b\n|-supereffective|p1b: Calyrex\n|-damage|p1a: Gastrodon|69/100\n|-damage|p1b: Calyrex|4/100\n|move|p2a: Incineroar|U-turn|p1b: Calyrex\n|-resisted|p1b: Calyrex\n|-damage|p1b: Calyrex|2/100\n|\n|t:|1775760038\n|switch|p2a: Miraidon|Miraidon, L50, shiny|100/100|[from] U-turn\n|-fieldstart|move: Electric Terrain|[from] ability: Hadron Engine|[of] p2a: Miraidon\n|move|p1b: Calyrex|Body Press|p2b: Terapagos\n|-supereffective|p2b: Terapagos\n|-damage|p2b: Terapagos|5/100\n|move|p1a: Gastrodon|Stockpile|p1a: Gastrodon\n|-start|p1a: Gastrodon|stockpile3\n|-boost|p1a: Gastrodon|def|1\n|-boost|p1a: Gastrodon|spd|1\n|\n|-damage|p2b: Terapagos|0 fnt|[from] move: Whirlpool|[partiallytrapped]\n|faint|p2b: Terapagos\n|detailschange|p2: Terapagos|Terapagos, L50, M|[silent]\n|upkeep\n|\n|t:|1775760041\n|switch|p2b: Incineroar|Incineroar, L50, F|54/100\n|-ability|p2b: Incineroar|Intimidate|boost\n|-unboost|p1a: Gastrodon|atk|1\n|-unboost|p1b: Calyrex|atk|1\n|turn|8\n|\n|t:|1775760059\n|move|p2a: Miraidon|Draco Meteor|p1a: Gastrodon\n|-damage|p1a: Gastrodon|30/100\n|-unboost|p2a: Miraidon|spa|2\n|move|p2b: Incineroar|Knock Off|p1b: Calyrex\n|-resisted|p1b: Calyrex\n|-damage|p1b: Calyrex|0 fnt\n|faint|p1b: Calyrex\n|move|p1a: Gastrodon|Recover|p1a: Gastrodon\n|-heal|p1a: Gastrodon|80/100\n|\n|upkeep\n|\n|t:|1775760068\n|switch|p1b: Oranguru|Oranguru, L50, F|17/100\n|turn|9\n|\n|t:|1775760079\n|move|p2a: Miraidon|Draco Meteor|p1a: Gastrodon\n|-damage|p1a: Gastrodon|59/100\n|-unboost|p2a: Miraidon|spa|2\n|move|p2b: Incineroar|Knock Off|p1b: Oranguru\n|-supereffective|p1b: Oranguru\n|-damage|p1b: Oranguru|0 fnt\n|-enditem|p1b: Oranguru|Mental Herb|[from] move: Knock Off|[of] p2b: Incineroar\n|faint|p1b: Oranguru\n|move|p1a: Gastrodon|Whirlpool|p2b: Incineroar\n|-supereffective|p2b: Incineroar\n|-damage|p2b: Incineroar|42/100\n|-activate|p2b: Incineroar|move: Whirlpool|[of] p1a: Gastrodon\n|\n|-damage|p2b: Incineroar|26/100|[from] move: Whirlpool|[partiallytrapped]\n|upkeep\n|turn|10\n|\n|t:|1775760092\n|move|p2a: Miraidon|Draco Meteor|p1a: Gastrodon\n|-damage|p1a: Gastrodon|47/100\n|-unboost|p2a: Miraidon|spa|2\n|move|p2b: Incineroar|Knock Off|p1a: Gastrodon\n|-damage|p1a: Gastrodon|36/100\n|-enditem|p1a: Gastrodon|Binding Band|[from] move: Knock Off|[of] p2b: Incineroar\n|move|p1a: Gastrodon|Recover|p1a: Gastrodon\n|-heal|p1a: Gastrodon|86/100\n|\n|-damage|p2b: Incineroar|9/100|[from] move: Whirlpool|[partiallytrapped]\n|upkeep\n|turn|11\n|\n|t:|1775760106\n|move|p2a: Miraidon|Draco Meteor|p1a: Gastrodon\n|-damage|p1a: Gastrodon|75/100\n|move|p2b: Incineroar|Flare Blitz|p1a: Gastrodon\n|-resisted|p1a: Gastrodon\n|-damage|p1a: Gastrodon|67/100\n|-damage|p2b: Incineroar|7/100|[from] Recoil\n|move|p1a: Gastrodon|Whirlpool|p2a: Miraidon\n|-resisted|p2a: Miraidon\n|-damage|p2a: Miraidon|96/100\n|-activate|p2a: Miraidon|move: Whirlpool|[of] p1a: Gastrodon\n|\n|-damage|p2a: Miraidon|84/100|[from] move: Whirlpool|[partiallytrapped]\n|-damage|p2b: Incineroar|0 fnt|[from] move: Whirlpool|[partiallytrapped]\n|faint|p2b: Incineroar\n|-fieldend|move: Electric Terrain\n|upkeep\n|turn|12\n|\n|t:|1775760119\n|move|p2a: Miraidon|Draco Meteor|p1a: Gastrodon\n|-damage|p1a: Gastrodon|60/100\n|move|p1a: Gastrodon|Recover|p1a: Gastrodon\n|-heal|p1a: Gastrodon|100/100\n|\n|-damage|p2a: Miraidon|72/100|[from] move: Whirlpool|[partiallytrapped]\n|upkeep\n|turn|13\n|\n|t:|1775760126\n|move|p2a: Miraidon|Draco Meteor|p1a: Gastrodon\n|-damage|p1a: Gastrodon|92/100\n|move|p1a: Gastrodon|Muddy Water|p2a: Miraidon\n|-resisted|p2a: Miraidon\n|-damage|p2a: Miraidon|60/100\n|\n|-damage|p2a: Miraidon|48/100|[from] move: Whirlpool|[partiallytrapped]\n|upkeep\n|turn|14\n|\n|t:|1775760133\n|move|p2a: Miraidon|Draco Meteor|p1a: Gastrodon|[miss]\n|-miss|p2a: Miraidon|p1a: Gastrodon\n|move|p1a: Gastrodon|Muddy Water|p2a: Miraidon\n|-resisted|p2a: Miraidon\n|-damage|p2a: Miraidon|35/100\n|\n|-damage|p2a: Miraidon|23/100|[from] move: Whirlpool|[partiallytrapped]\n|upkeep\n|turn|15\n|\n|t:|1775760140\n|move|p2a: Miraidon|Draco Meteor|p1a: Gastrodon|[miss]\n|-miss|p2a: Miraidon|p1a: Gastrodon\n|move|p1a: Gastrodon|Muddy Water|p2a: Miraidon\n|-resisted|p2a: Miraidon\n|-damage|p2a: Miraidon|11/100\n|\n|-damage|p2a: Miraidon|0 fnt|[from] move: Whirlpool|[partiallytrapped]\n|faint|p2a: Miraidon\n|\n|win|ragglefraggle42\n|raw|ragglefraggle42's rating: 1252 &rarr; <strong>1281</strong><br />(+29 for winning)\n|raw|labubumechanics's rating: 1304 &rarr; <strong>1281</strong><br />(-23 for losing)\n|l|\u2606ragglefraggle42\n|player|p1|\n","uploadtime":1775760142,"views":22,"formatid":"gen9vgc2026regi","rating":1281,"private":0,"password":null}