{"id":"gen9vgc2026regi-2552328930","format":"[Gen 9] VGC 2026 Reg I","players":["CHR1SPHX","shangenb5"],"log":"|j|\u2606CHR1SPHX\n|j|\u2606shangenb5\n|t:|1772708907\n|gametype|doubles\n|player|p1|CHR1SPHX|hilbert|1233\n|player|p2|shangenb5|101|1421\n|gen|9\n|tier|[Gen 9] VGC 2026 Reg I\n|rated|\n|rule|Species Clause: Limit one of each Pok\u00e9mon\n|rule|Item Clause: Limit 1 of each item\n|clearpoke\n|poke|p1|Lunala, L50|\n|poke|p1|Amoonguss, L50, M|\n|poke|p1|Ting-Lu, L50|\n|poke|p1|Incineroar, L50, M|\n|poke|p1|Koraidon, L50|\n|poke|p1|Flutter Mane, L50|\n|poke|p2|Miraidon, L50|\n|poke|p2|Groudon, L50|\n|poke|p2|Walking Wake, L50|\n|poke|p2|Grimmsnarl, L50, M|\n|poke|p2|Incineroar, L50, M|\n|poke|p2|Volcarona, L50, M|\n|teampreview|4\n|inactive|Battle timer is ON: inactive players will automatically lose when time's up. (requested by shangenb5)\n|inactive|CHR1SPHX also wants the timer to be on.\n|inactive|shangenb5 has 60 seconds left.\n|\n|t:|1772708941\n|teamsize|p1|4\n|teamsize|p2|4\n|start\n|switch|p1a: Ting-Lu|Ting-Lu, L50|100/100\n|switch|p1b: Lunala|Lunala, L50, shiny|100/100\n|switch|p2a: Incineroar|Incineroar, L50, M|100/100\n|switch|p2b: Groudon|Groudon, L50|100/100\n|-weather|SunnyDay|[from] ability: Drought|[of] p2b: Groudon\n|-ability|p2a: Incineroar|Intimidate|boost\n|-unboost|p1a: Ting-Lu|atk|1\n|-unboost|p1b: Lunala|atk|1\n|-ability|p1a: Ting-Lu|Vessel of Ruin\n|turn|1\n|inactive|shangenb5 has 30 seconds left.\n|\n|t:|1772708968\n|switch|p1a: Amoonguss|Amoonguss, L50, M, shiny|100/100\n|-terastallize|p1b: Lunala|Fairy\n|-terastallize|p2a: Incineroar|Grass\n|move|p2b: Groudon|Precipice Blades|p1a: Amoonguss|[spread] p1a\n|-miss|p2b: Groudon|p1b: Lunala\n|-damage|p1a: Amoonguss|57/100\n|move|p2a: Incineroar|Knock Off|p1b: Lunala\n|-resisted|p1b: Lunala\n|-crit|p1b: Lunala\n|-damage|p1b: Lunala|88/100\n|-enditem|p1b: Lunala|Mental Herb|[from] move: Knock Off|[of] p2a: Incineroar\n|move|p1b: Lunala|Trick Room|p1b: Lunala\n|-fieldstart|move: Trick Room|[of] p1b: Lunala\n|\n|-weather|SunnyDay|[upkeep]\n|upkeep\n|turn|2\n|inactive|shangenb5 has 30 seconds left.\n|inactive|shangenb5 has 20 seconds left.\n|\n|t:|1772709005\n|move|p1a: Amoonguss|Spore|p2b: Groudon\n|-status|p2b: Groudon|slp|[from] move: Spore\n|move|p2a: Incineroar|Flare Blitz|p1a: Amoonguss\n|-supereffective|p1a: Amoonguss\n|-damage|p1a: Amoonguss|0 fnt\n|-damage|p2a: Incineroar|84/100|[from] item: Rocky Helmet|[of] p1a: Amoonguss\n|faint|p1a: Amoonguss\n|-damage|p2a: Incineroar|64/100|[from] Recoil\n|move|p1b: Lunala|Moonblast|p2a: Incineroar\n|-damage|p2a: Incineroar|14/100\n|cant|p2b: Groudon|slp\n|\n|-weather|SunnyDay|[upkeep]\n|upkeep\n|inactive|CHR1SPHX has 30 seconds left.\n|inactive|CHR1SPHX has 20 seconds left.\n|\n|t:|1772709041\n|switch|p1a: Incineroar|Incineroar, L50, M|100/100\n|-ability|p1a: Incineroar|Intimidate|boost\n|-unboost|p2a: Incineroar|atk|1\n|-unboost|p2b: Groudon|atk|1\n|turn|3\n|inactive|CHR1SPHX has 30 seconds left.\n|inactive|CHR1SPHX has 20 seconds left.\n|\n|t:|1772709078\n|move|p1a: Incineroar|Parting Shot|p2b: Groudon\n|-unboost|p2b: Groudon|atk|1\n|-unboost|p2b: Groudon|spa|1\n|\n|t:|1772709080\n|switch|p1a: Ting-Lu|Ting-Lu, L50|100/100|[from] Parting Shot\n|-ability|p1a: Ting-Lu|Vessel of Ruin\n|move|p2a: Incineroar|Parting Shot|p1b: Lunala\n|-unboost|p1b: Lunala|atk|1\n|-unboost|p1b: Lunala|spa|1\n|\n|t:|1772709089\n|switch|p2a: Volcarona|Volcarona, L50, M|100/100|[from] Parting Shot\n|move|p1b: Lunala|Moonblast|p2a: Volcarona\n|-resisted|p2a: Volcarona\n|-damage|p2a: Volcarona|88/100\n|cant|p2b: Groudon|slp\n|\n|-weather|SunnyDay|[upkeep]\n|-heal|p2a: Volcarona|94/100|[from] item: Leftovers\n|upkeep\n|turn|4\n|\n|t:|1772709110\n|switch|p2b: Incineroar|Incineroar, L50, M, tera:Grass|14/100\n|-ability|p2b: Incineroar|Intimidate|boost\n|-unboost|p1a: Ting-Lu|atk|1\n|-unboost|p1b: Lunala|atk|1\n|move|p1b: Lunala|Moonblast|p2b: Incineroar\n|-damage|p2b: Incineroar|0 fnt\n|faint|p2b: Incineroar\n|move|p2a: Volcarona|Quiver Dance|p2a: Volcarona\n|-boost|p2a: Volcarona|spa|1\n|-boost|p2a: Volcarona|spd|1\n|-boost|p2a: Volcarona|spe|1\n|move|p1a: Ting-Lu|Whirlwind|p2a: Volcarona\n|drag|p2a: Miraidon|Miraidon, L50, shiny|100/100\n|-fieldstart|move: Electric Terrain|[from] ability: Hadron Engine|[of] p2a: Miraidon\n|\n|-weather|SunnyDay|[upkeep]\n|upkeep\n|\n|t:|1772709133\n|switch|p2b: Groudon|Groudon, L50|100/100 slp\n|turn|5\n|\n|t:|1772709151\n|move|p2a: Miraidon|Protect|p2a: Miraidon\n|-singleturn|p2a: Miraidon|Protect\n|move|p1b: Lunala|Wide Guard|p1b: Lunala\n|-singleturn|p1b: Lunala|Wide Guard\n|move|p1a: Ting-Lu|Earthquake|p2a: Miraidon|[spread] p2b\n|-activate|p1b: Lunala|move: Wide Guard\n|-activate|p2a: Miraidon|move: Protect\n|-damage|p2b: Groudon|87/100 slp\n|-curestatus|p2b: Groudon|slp|[msg]\n|move|p2b: Groudon|Precipice Blades|p1a: Ting-Lu|[spread] \n|-activate|p1a: Ting-Lu|move: Wide Guard\n|-activate|p1b: Lunala|move: Wide Guard\n|\n|-weather|none\n|-fieldend|move: Trick Room\n|upkeep\n|turn|6\n|inactive|CHR1SPHX has 30 seconds left.\n|inactive|shangenb5 has 30 seconds left.\n|inactive|CHR1SPHX has 20 seconds left.\n|inactive|CHR1SPHX has 15 seconds left.\n|inactive|CHR1SPHX has 10 seconds left.\n|\n|t:|1772709201\n|switch|p1b: Incineroar|Incineroar, L50, M|100/100\n|-ability|p1b: Incineroar|Intimidate|boost\n|-unboost|p2a: Miraidon|atk|1\n|-unboost|p2b: Groudon|atk|1\n|move|p2a: Miraidon|Volt Switch|p1b: Incineroar\n|-crit|p1b: Incineroar\n|-damage|p1b: Incineroar|25/100\n|-damage|p2a: Miraidon|91/100|[from] item: Life Orb\n|\n|t:|1772709209\n|switch|p2a: Volcarona|Volcarona, L50, M|94/100|[from] Volt Switch\n|move|p2b: Groudon|High Horsepower|p1b: Incineroar\n|-supereffective|p1b: Incineroar\n|-damage|p1b: Incineroar|0 fnt\n|faint|p1b: Incineroar\n|move|p1a: Ting-Lu|Ruination|p2b: Groudon|[miss]\n|-miss|p1a: Ting-Lu|p2b: Groudon\n|\n|-heal|p2a: Volcarona|100/100|[from] item: Leftovers\n|upkeep\n|\n|t:|1772709234\n|switch|p1b: Lunala|Lunala, L50, shiny, tera:Fairy|88/100\n|turn|7\n|\n|t:|1772709252\n|switch|p2b: Miraidon|Miraidon, L50, shiny|91/100\n|-activate|p2b: Miraidon|ability: Hadron Engine\n|move|p2a: Volcarona|Fiery Dance|p1b: Lunala\n|-damage|p1b: Lunala|69/100\n|-boost|p2a: Volcarona|spa|1\n|move|p1a: Ting-Lu|Ruination|p2b: Miraidon\n|-damage|p2b: Miraidon|46/100\n|move|p1b: Lunala|Trick Room|p1b: Lunala\n|-fieldstart|move: Trick Room|[of] p1b: Lunala\n|\n|upkeep\n|turn|8\n|\n|t:|1772709275\n|move|p2b: Miraidon|Protect|p2b: Miraidon\n|-singleturn|p2b: Miraidon|Protect\n|move|p1b: Lunala|Wide Guard|p1b: Lunala\n|-singleturn|p1b: Lunala|Wide Guard\n|move|p1a: Ting-Lu|Earthquake|p2b: Miraidon|[spread] p2a\n|-activate|p1b: Lunala|move: Wide Guard\n|-activate|p2b: Miraidon|move: Protect\n|-damage|p2a: Volcarona|69/100\n|move|p2a: Volcarona|Fiery Dance|p1b: Lunala\n|-damage|p1b: Lunala|39/100\n|\n|-heal|p2a: Volcarona|75/100|[from] item: Leftovers\n|-fieldend|move: Electric Terrain\n|upkeep\n|turn|9\n|inactive|CHR1SPHX has 30 seconds left.\n|\n|t:|1772709307\n|switch|p2b: Groudon|Groudon, L50|87/100\n|-weather|SunnyDay|[from] ability: Drought|[of] p2b: Groudon\n|move|p2a: Volcarona|Protect|p2a: Volcarona\n|-singleturn|p2a: Volcarona|Protect\n|move|p1b: Lunala|Wide Guard|p1b: Lunala\n|-singleturn|p1b: Lunala|Wide Guard\n|move|p1a: Ting-Lu|Earthquake|p2a: Volcarona|[spread] p2b\n|-activate|p1b: Lunala|move: Wide Guard\n|-activate|p2a: Volcarona|move: Protect\n|-damage|p2b: Groudon|71/100\n|\n|-weather|SunnyDay|[upkeep]\n|-heal|p2a: Volcarona|82/100|[from] item: Leftovers\n|upkeep\n|turn|10\n|inactive|shangenb5 has 30 seconds left.\n|\n|t:|1772709336\n|move|p1a: Ting-Lu|Ruination|p2a: Volcarona\n|-damage|p2a: Volcarona|41/100\n|move|p1b: Lunala|Moongeist Beam|p2a: Volcarona\n|-damage|p2a: Volcarona|5/100\n|move|p2b: Groudon|High Horsepower|p1b: Lunala\n|-damage|p1b: Lunala|3/100\n|move|p2a: Volcarona|Giga Drain|p1a: Ting-Lu\n|-supereffective|p1a: Ting-Lu\n|-damage|p1a: Ting-Lu|58/100\n|-heal|p2a: Volcarona|33/100|[from] drain|[of] p1a: Ting-Lu\n|\n|-weather|SunnyDay|[upkeep]\n|-heal|p2a: Volcarona|40/100|[from] item: Leftovers\n|upkeep\n|turn|11\n|inactive|CHR1SPHX has 30 seconds left.\n|inactive|CHR1SPHX has 20 seconds left.\n|inactive|CHR1SPHX has 15 seconds left.\n|inactive|CHR1SPHX has 10 seconds left.\n|inactive|CHR1SPHX has 5 seconds left.\n|\n|t:|1772709391\n|move|p2a: Volcarona|Protect|p2a: Volcarona\n|-singleturn|p2a: Volcarona|Protect\n|move|p1a: Ting-Lu|Ruination|p2b: Groudon\n|-damage|p2b: Groudon|36/100\n|move|p1b: Lunala|Moongeist Beam|p2a: Volcarona\n|-activate|p2a: Volcarona|move: Protect\n|move|p2b: Groudon|Heat Crash|p1b: Lunala\n|-damage|p1b: Lunala|0 fnt\n|faint|p1b: Lunala\n|\n|-weather|SunnyDay|[upkeep]\n|-heal|p2a: Volcarona|46/100|[from] item: Leftovers\n|-fieldend|move: Trick Room\n|upkeep\n|turn|12\n|\n|t:|1772709412\n|move|p2a: Volcarona|Giga Drain|p1a: Ting-Lu\n|-supereffective|p1a: Ting-Lu\n|-damage|p1a: Ting-Lu|18/100\n|-heal|p2a: Volcarona|73/100|[from] drain|[of] p1a: Ting-Lu\n|-enditem|p1a: Ting-Lu|Sitrus Berry|[eat]\n|-heal|p1a: Ting-Lu|43/100|[from] item: Sitrus Berry\n|move|p2b: Groudon|Precipice Blades|p1a: Ting-Lu\n|-damage|p1a: Ting-Lu|2/100\n|move|p1a: Ting-Lu|Earthquake|p2b: Groudon|[spread] p2a,p2b\n|-damage|p2a: Volcarona|42/100\n|-damage|p2b: Groudon|21/100\n|\n|-weather|SunnyDay|[upkeep]\n|-heal|p2a: Volcarona|48/100|[from] item: Leftovers\n|upkeep\n|turn|13\n|\n|t:|1772709427\n|move|p2a: Volcarona|Giga Drain|p1a: Ting-Lu\n|-supereffective|p1a: Ting-Lu\n|-damage|p1a: Ting-Lu|0 fnt\n|-heal|p2a: Volcarona|49/100|[from] drain|[of] p1a: Ting-Lu\n|faint|p1a: Ting-Lu\n|\n|win|shangenb5\n|raw|CHR1SPHX's rating: 1233 &rarr; <strong>1220</strong><br />(-13 for losing)\n|raw|shangenb5's rating: 1421 &rarr; <strong>1431</strong><br />(+10 for winning)\n|l|\u2606CHR1SPHX\n|player|p1|\n|l|\u2606shangenb5\n|player|p2|\n","uploadtime":1772709434,"views":15,"formatid":"gen9vgc2026regi","rating":1220,"private":0,"password":null}