{"id":"gen9vgc2026regi-2562398535","format":"[Gen 9] VGC 2026 Reg I","players":["Bejitocruz","SycrasisEU"],"log":"|j|\u2606Bejitocruz\n|j|\u2606SycrasisEU\n|t:|1773911016\n|gametype|doubles\n|player|p1|Bejitocruz|170|1108\n|player|p2|SycrasisEU|pryce|1187\n|gen|9\n|tier|[Gen 9] VGC 2026 Reg I\n|rated|\n|rule|Species Clause: Limit one of each Pok\u00e9mon\n|rule|Item Clause: Limit 1 of each item\n|clearpoke\n|poke|p1|Pelipper, L50, F|\n|poke|p1|Archaludon, L50, F|\n|poke|p1|Drednaw, L50, M|\n|poke|p1|Incineroar, L50, F|\n|poke|p1|Amoonguss, L50, M|\n|poke|p1|Gholdengo, L50|\n|poke|p2|Koraidon, L50|\n|poke|p2|Incineroar, L50, M|\n|poke|p2|Miraidon, L50|\n|poke|p2|Clefairy, L50, M|\n|poke|p2|Sneasler, L50, M|\n|poke|p2|Suicune, L50|\n|teampreview|4\nSycrasisEU has agreed to open team sheets.\n|\n|t:|1773911034\n|teamsize|p1|4\n|teamsize|p2|4\n|start\n|switch|p1a: Incineroar|Incineroar, L50, F|100/100\n|switch|p1b: Drednaw|Drednaw, L50, M|100/100\n|switch|p2a: Miraidon|Miraidon, L50|100/100\n|switch|p2b: Sneasler|Sneasler, L50, M|100/100\n|-fieldstart|move: Electric Terrain|[from] ability: Hadron Engine|[of] p2a: Miraidon\n|-enditem|p2b: Sneasler|Electric Seed\n|-boost|p2b: Sneasler|def|1|[from] item: Electric Seed\n|-ability|p1a: Incineroar|Intimidate|boost\n|-unboost|p2a: Miraidon|atk|1\n|-unboost|p2b: Sneasler|atk|1\n|turn|1\n|\n|t:|1773911066\n|move|p1b: Drednaw|Protect|p1b: Drednaw\n|-singleturn|p1b: Drednaw|Protect\n|move|p2b: Sneasler|Close Combat|p1b: Drednaw\n|-activate|p1b: Drednaw|move: Protect\n|move|p2a: Miraidon|Volt Switch|p1b: Drednaw\n|-activate|p1b: Drednaw|move: Protect\n|move|p1a: Incineroar|Parting Shot|p2a: Miraidon\n|-unboost|p2a: Miraidon|atk|1\n|-unboost|p2a: Miraidon|spa|1\n|\n|t:|1773911078\n|switch|p1a: Pelipper|Pelipper, L50, F|100/100|[from] Parting Shot\n|-weather|RainDance|[from] ability: Drizzle|[of] p1a: Pelipper\n|\n|-weather|RainDance|[upkeep]\n|upkeep\n|turn|2\n|\n|t:|1773911090\n|-terastallize|p1b: Drednaw|Grass\n|move|p2b: Sneasler|Close Combat|p1b: Drednaw\n|-damage|p1b: Drednaw|43/100\n|-unboost|p2b: Sneasler|def|1\n|-unboost|p2b: Sneasler|spd|1\n|move|p1b: Drednaw|Rock Slide|p2a: Miraidon|[spread] p2a,p2b\n|-resisted|p2b: Sneasler\n|-damage|p2a: Miraidon|60/100\n|-damage|p2b: Sneasler|65/100\n|-damage|p1b: Drednaw|33/100|[from] item: Life Orb\n|move|p2a: Miraidon|Volt Switch|p1a: Pelipper\n|-supereffective|p1a: Pelipper\n|-enditem|p1a: Pelipper|Focus Sash\n|-damage|p1a: Pelipper|1/100\n|\n|t:|1773911106\n|switch|p2a: Koraidon|Koraidon, L50|100/100|[from] Volt Switch\n|-weather|SunnyDay|[from] ability: Orichalcum Pulse|[of] p2a: Koraidon\n|-activate|p2a: Koraidon|Orichalcum Pulse|[source]\n|move|p1a: Pelipper|Tailwind|p1a: Pelipper\n|-sidestart|p1: Bejitocruz|move: Tailwind\n|\n|-weather|SunnyDay|[upkeep]\n|upkeep\n|turn|3\n|\n|t:|1773911121\n|switch|p1a: Incineroar|Incineroar, L50, F|100/100\n|-ability|p1a: Incineroar|Intimidate|boost\n|-unboost|p2a: Koraidon|atk|1\n|-unboost|p2b: Sneasler|atk|1\n|move|p1b: Drednaw|Protect|p1b: Drednaw\n|-singleturn|p1b: Drednaw|Protect\n|move|p2b: Sneasler|Dire Claw|p1b: Drednaw\n|-activate|p1b: Drednaw|move: Protect\n|move|p2a: Koraidon|U-turn|p1a: Incineroar\n|-damage|p1a: Incineroar|73/100\n|\n|t:|1773911133\n|switch|p2a: Incineroar|Incineroar, L50, M, shiny|100/100|[from] U-turn\n|-ability|p2a: Incineroar|Intimidate|boost\n|-unboost|p1a: Incineroar|atk|1\n|-unboost|p1b: Drednaw|atk|1\n|\n|-weather|SunnyDay|[upkeep]\n|upkeep\n|turn|4\n|\n|t:|1773911143\n|move|p1a: Incineroar|Fake Out|p2b: Sneasler\n|-damage|p2b: Sneasler|52/100\n|move|p2a: Incineroar|Fake Out|p1b: Drednaw\n|-damage|p1b: Drednaw|19/100\n|cant|p2b: Sneasler|flinch\n|cant|p1b: Drednaw|flinch\n|\n|-weather|SunnyDay|[upkeep]\n|upkeep\n|turn|5\n|\n|t:|1773911177\n|switch|p1a: Archaludon|Archaludon, L50, F|100/100\n|move|p2b: Sneasler|Protect|p2b: Sneasler\n|-singleturn|p2b: Sneasler|Protect\n|move|p1b: Drednaw|Liquidation|p2a: Incineroar\n|-supereffective|p2a: Incineroar\n|-damage|p2a: Incineroar|66/100\n|-damage|p1b: Drednaw|10/100|[from] item: Life Orb\n|move|p2a: Incineroar|Parting Shot|p1a: Archaludon\n|-unboost|p1a: Archaludon|atk|1\n|-unboost|p1a: Archaludon|spa|1\n|\n|t:|1773911194\n|switch|p2a: Miraidon|Miraidon, L50|60/100|[from] Parting Shot\n|-activate|p2a: Miraidon|ability: Hadron Engine\n|\n|-weather|SunnyDay|[upkeep]\n|-sideend|p1: Bejitocruz|move: Tailwind\n|-fieldend|move: Electric Terrain\n|upkeep\n|turn|6\n|\n|t:|1773911235\n|switch|p2b: Incineroar|Incineroar, L50, M, shiny|66/100\n|-ability|p2b: Incineroar|Intimidate|boost\n|-unboost|p1a: Archaludon|atk|1\n|-unboost|p1b: Drednaw|atk|1\n|-terastallize|p2a: Miraidon|Fairy\n|move|p1b: Drednaw|Protect|p1b: Drednaw\n|-singleturn|p1b: Drednaw|Protect\n|move|p2a: Miraidon|Volt Switch|p1b: Drednaw\n|-activate|p1b: Drednaw|move: Protect\n|move|p1a: Archaludon|Body Press|p2a: Miraidon\n|-resisted|p2a: Miraidon\n|-damage|p2a: Miraidon|48/100\n|\n|-weather|none\n|upkeep\n|turn|7\n|inactive|Battle timer is ON: inactive players will automatically lose when time's up. (requested by Bejitocruz)\n|inactive|SycrasisEU has 60 seconds left.\n|\n|t:|1773911298\n|switch|p1b: Pelipper|Pelipper, L50, F|1/100\n|-weather|RainDance|[from] ability: Drizzle|[of] p1b: Pelipper\n|move|p2b: Incineroar|Fake Out|p1b: Pelipper\n|-damage|p1b: Pelipper|0 fnt\n|faint|p1b: Pelipper\n|move|p2a: Miraidon|Volt Switch|p1a: Archaludon\n|-resisted|p1a: Archaludon\n|-damage|p1a: Archaludon|79/100\n|-ability|p1a: Archaludon|Stamina|boost\n|-boost|p1a: Archaludon|def|1\n|\n|t:|1773911308\n|switch|p2a: Koraidon|Koraidon, L50|100/100|[from] Volt Switch\n|-weather|SunnyDay|[from] ability: Orichalcum Pulse|[of] p2a: Koraidon\n|-activate|p2a: Koraidon|Orichalcum Pulse|[source]\n|move|p1a: Archaludon|Electro Shot||[still]\n|-prepare|p1a: Archaludon|Electro Shot\n|-boost|p1a: Archaludon|spa|1\n|\n|-weather|SunnyDay|[upkeep]\n|upkeep\n|\n|t:|1773911311\n|switch|p1b: Incineroar|Incineroar, L50, F|73/100\n|-ability|p1b: Incineroar|Intimidate|boost\n|-unboost|p2a: Koraidon|atk|1\n|-unboost|p2b: Incineroar|atk|1\n|turn|8\n|inactive|SycrasisEU has 30 seconds left.\n|\n|t:|1773911338\n|move|p1b: Incineroar|Fake Out|p2a: Koraidon\n|-damage|p2a: Koraidon|91/100\n|cant|p2a: Koraidon|flinch\n|move|p1a: Archaludon|Electro Shot|p2b: Incineroar|[from] lockedmove\n|-damage|p2b: Incineroar|28/100\n|move|p2b: Incineroar|Parting Shot|p1a: Archaludon\n|-unboost|p1a: Archaludon|atk|1\n|-unboost|p1a: Archaludon|spa|1\n|\n|t:|1773911348\n|switch|p2b: Sneasler|Sneasler, L50, M|52/100|[from] Parting Shot\n|\n|-weather|SunnyDay|[upkeep]\n|upkeep\n|turn|9\n|inactive|Bejitocruz has 30 seconds left.\n|inactive|Bejitocruz has 20 seconds left.\n|\n|t:|1773911385\n|move|p2a: Koraidon|Collision Course|p1a: Archaludon\n|-supereffective|p1a: Archaludon\n|-damage|p1a: Archaludon|0 fnt\n|faint|p1a: Archaludon\n|move|p2b: Sneasler|Close Combat|p1b: Incineroar\n|-supereffective|p1b: Incineroar\n|-damage|p1b: Incineroar|0 fnt\n|-unboost|p2b: Sneasler|def|1\n|-unboost|p2b: Sneasler|spd|1\n|faint|p1b: Incineroar\n|\n|-weather|SunnyDay|[upkeep]\n|upkeep\n|l|\u2606Bejitocruz\n|inactive|Bejitocruz disconnected and has a minute to reconnect!\n|player|p1|\n|inactive|Bejitocruz has 30 seconds left.\n|inactive|Bejitocruz has 20 seconds left.\n|inactive|Bejitocruz has 15 seconds left.\n|inactive|Bejitocruz has 10 seconds left.\n|inactive|Bejitocruz has 5 seconds left.\n|-message|Bejitocruz lost due to inactivity.\n|\n|win|SycrasisEU\n|raw|Bejitocruz's rating: 1108 &rarr; <strong>1089</strong><br />(-19 for losing)\n|raw|SycrasisEU's rating: 1187 &rarr; <strong>1206</strong><br />(+19 for winning)\n|l|\u2606SycrasisEU\n|player|p2|\n","uploadtime":1773911835,"views":9,"formatid":"gen9vgc2026regi","rating":1089,"private":0,"password":null}