{"id":"gen9vgc2026regi-2559210525","format":"[Gen 9] VGC 2026 Reg I","players":["rito buff zed","SnorlaxPikachu1"],"log":"|j|\u2606rito buff zed\n|j|\u2606SnorlaxPikachu1\n|t:|1773532985\n|gametype|doubles\n|player|p1|rito buff zed|cynthia|1416\n|player|p2|SnorlaxPikachu1|palmer|1566\n|gen|9\n|tier|[Gen 9] VGC 2026 Reg I\n|rated|\n|rule|Species Clause: Limit one of each Pok\u00e9mon\n|rule|Item Clause: Limit 1 of each item\n|clearpoke\n|poke|p1|Calyrex-Shadow, L50|\n|poke|p1|Zamazenta-*, L50|\n|poke|p1|Incineroar, L50, F|\n|poke|p1|Rillaboom, L50, M|\n|poke|p1|Amoonguss, L50, F|\n|poke|p1|Urshifu-*, L50, M|\n|poke|p2|Groudon, L50|\n|poke|p2|Zacian-*, L50|\n|poke|p2|Iron Valiant, L50|\n|poke|p2|Incineroar, L50, F|\n|poke|p2|Raging Bolt, L50|\n|poke|p2|Brute Bonnet, L50|\n|teampreview|4\n|inactive|Battle timer is ON: inactive players will automatically lose when time's up. (requested by rito buff zed)\nrito buff zed has agreed to open team sheets.\nSnorlaxPikachu1 has agreed to open team sheets.\n|showteam|p1|Calyrex-Shadow||FocusSash|AsOneSpectrier|AstralBarrage,Psychic,NastyPlot,Protect||||||50|,,,,,Ghost]Zamazenta-Crowned||RustedShield|DauntlessShield|BodyPress,HeavySlam,WideGuard,Protect||||||50|,,,,,Dragon]Incineroar||ChopleBerry|Intimidate|KnockOff,WillOWisp,FakeOut,PartingShot|||F|||50|,,,,,Bug]Rillaboom||AssaultVest|GrassySurge|WoodHammer,GrassyGlide,FakeOut,Uturn|||M|||50|,,,,,Fire]Amoonguss||MentalHerb|Regenerator|PollenPuff,Spore,RagePowder,Protect|||F|||50|,,,,,Fire]Urshifu||BlackGlasses|UnseenFist|WickedBlow,CloseCombat,SuckerPunch,Detect|||M|||50|,,,,,Dark\n|showteam|p2|Groudon||AssaultVest|Drought|PrecipiceBlades,HeatCrash,HighHorsepower,RockSlide||||||50|,,,,,Fire]Zacian-Crowned||RustedSword|IntrepidSword|behemothblade,PlayRough,SacredSword,Protect||||||50|,,,,,Water]Iron Valiant||BoosterEnergy|QuarkDrive|Moonblast,Coaching,WideGuard,IcyWind||||||50|,,,,,Ghost]Incineroar||SitrusBerry|Intimidate|FakeOut,FlareBlitz,KnockOff,PartingShot|||F|||50|,,,,,Water]Raging Bolt||LifeOrb|Protosynthesis|Thunderbolt,Thunderclap,DracoMeteor,Protect||||||50|,,,,,Electric]Brute Bonnet||CovertCloak|Protosynthesis|Spore,RagePowder,SuckerPunch,SeedBomb||||||50|,,,,,Water\n|inactive|rito buff zed has 60 seconds left.\n|\n|t:|1773533029\n|teamsize|p1|4\n|teamsize|p2|4\n|start\n|switch|p1a: Incineroar|Incineroar, L50, F|100/100\n|switch|p1b: Amoonguss|Amoonguss, L50, F|100/100\n|switch|p2a: Groudon|Groudon, L50|100/100\n|switch|p2b: Iron Valiant|Iron Valiant, L50|100/100\n|-weather|SunnyDay|[from] ability: Drought|[of] p2a: Groudon\n|-ability|p1a: Incineroar|Intimidate|boost\n|-unboost|p2a: Groudon|atk|1\n|-unboost|p2b: Iron Valiant|atk|1\n|-enditem|p2b: Iron Valiant|Booster Energy\n|-activate|p2b: Iron Valiant|ability: Quark Drive|[fromitem]\n|-start|p2b: Iron Valiant|quarkdrivespe\n|turn|1\n|inactive|rito buff zed has 30 seconds left.\n|\n|t:|1773533061\n|move|p1a: Incineroar|Fake Out|p2a: Groudon\n|-damage|p2a: Groudon|94/100\n|move|p2b: Iron Valiant|Coaching|p2a: Groudon\n|-boost|p2a: Groudon|atk|1\n|-boost|p2a: Groudon|def|1\n|cant|p2a: Groudon|flinch\n|move|p1b: Amoonguss|Spore|p2b: Iron Valiant\n|-status|p2b: Iron Valiant|slp|[from] move: Spore\n|\n|-weather|SunnyDay|[upkeep]\n|upkeep\n|turn|2\n|\n|t:|1773533080\n|-terastallize|p2a: Groudon|Fire\n|-terastallize|p1b: Amoonguss|Fire\n|cant|p2b: Iron Valiant|slp\n|move|p2a: Groudon|Heat Crash|p1b: Amoonguss\n|-resisted|p1b: Amoonguss\n|-damage|p1b: Amoonguss|49/100\n|move|p1a: Incineroar|Knock Off|p2a: Groudon\n|-damage|p2a: Groudon|78/100\n|-enditem|p2a: Groudon|Assault Vest|[from] move: Knock Off|[of] p1a: Incineroar\n|move|p1b: Amoonguss|Spore|p2a: Groudon\n|-status|p2a: Groudon|slp|[from] move: Spore\n|\n|-weather|SunnyDay|[upkeep]\n|upkeep\n|turn|3\n|\n|t:|1773533101\n|switch|p1b: Zamazenta|Zamazenta-Crowned, L50|100/100\n|-ability|p1b: Zamazenta|Dauntless Shield|boost\n|-boost|p1b: Zamazenta|def|1\n|-curestatus|p2b: Iron Valiant|slp|[msg]\n|move|p2b: Iron Valiant|Coaching|p2a: Groudon\n|-boost|p2a: Groudon|atk|1\n|-boost|p2a: Groudon|def|1\n|cant|p2a: Groudon|slp\n|move|p1a: Incineroar|Parting Shot|p2a: Groudon\n|-unboost|p2a: Groudon|atk|1\n|-unboost|p2a: Groudon|spa|1\n|\n|t:|1773533112\n|switch|p1a: Calyrex|Calyrex-Shadow, L50|100/100|[from] Parting Shot\n|-ability|p1a: Calyrex|As One\n|-ability|p1a: Calyrex|Unnerve\n|\n|-weather|SunnyDay|[upkeep]\n|upkeep\n|turn|4\n|\n|t:|1773533121\n|move|p2b: Iron Valiant|Wide Guard|p2b: Iron Valiant\n|-singleturn|p2b: Iron Valiant|Wide Guard\n|move|p1a: Calyrex|Psychic|p2a: Groudon\n|-damage|p2a: Groudon|26/100 slp\n|move|p1b: Zamazenta|Body Press|p2a: Groudon\n|-damage|p2a: Groudon|2/100 slp\n|cant|p2a: Groudon|slp\n|\n|-weather|SunnyDay|[upkeep]\n|upkeep\n|turn|5\n|inactive|rito buff zed has 30 seconds left.\n|\n|t:|1773533152\n|move|p2b: Iron Valiant|Icy Wind|p1a: Calyrex|[spread] p1a,p1b\n|-resisted|p1b: Zamazenta\n|-damage|p1a: Calyrex|89/100\n|-damage|p1b: Zamazenta|96/100\n|-unboost|p1a: Calyrex|spe|1\n|-unboost|p1b: Zamazenta|spe|1\n|move|p1a: Calyrex|Psychic|p2b: Iron Valiant\n|-supereffective|p2b: Iron Valiant\n|-damage|p2b: Iron Valiant|0 fnt\n|faint|p2b: Iron Valiant\n|-end|p2b: Iron Valiant|Quark Drive|[silent]\n|-ability|p1a: Calyrex|Grim Neigh|boost\n|-boost|p1a: Calyrex|spa|1\n|-curestatus|p2a: Groudon|slp|[msg]\n|move|p2a: Groudon|Heat Crash|p1a: Calyrex\n|-damage|p1a: Calyrex|0 fnt\n|faint|p1a: Calyrex\n|move|p1b: Zamazenta|Body Press|p2a: Groudon\n|-damage|p2a: Groudon|0 fnt\n|faint|p2a: Groudon\n|\n|-weather|none\n|upkeep\n|\n|t:|1773533171\n|switch|p1a: Incineroar|Incineroar, L50, F|100/100\n|switch|p2b: Brute Bonnet|Brute Bonnet, L50|100/100\n|switch|p2a: Zacian|Zacian-Crowned, L50|100/100\n|-ability|p2a: Zacian|Intrepid Sword|boost\n|-boost|p2a: Zacian|atk|1\n|-ability|p1a: Incineroar|Intimidate|boost\n|-unboost|p2a: Zacian|atk|1\n|-unboost|p2b: Brute Bonnet|atk|1\n|turn|6\n|inactive|rito buff zed has 30 seconds left.\n|\n|t:|1773533205\n|move|p1a: Incineroar|Fake Out|p2b: Brute Bonnet\n|-crit|p2b: Brute Bonnet\n|-damage|p2b: Brute Bonnet|90/100\n|move|p2a: Zacian|Sacred Sword|p1b: Zamazenta\n|-supereffective|p1b: Zamazenta\n|-damage|p1b: Zamazenta|54/100\n|move|p1b: Zamazenta|Body Press|p2b: Brute Bonnet\n|-supereffective|p2b: Brute Bonnet\n|-damage|p2b: Brute Bonnet|7/100\n|move|p2b: Brute Bonnet|Spore|p1a: Incineroar\n|-status|p1a: Incineroar|slp|[from] move: Spore\n|\n|upkeep\n|turn|7\n|c|\u2606rito buff zed|me when its open team sheet adn im surprised by covert cloak\n|\n|t:|1773533230\n|switch|p1a: Amoonguss|Amoonguss, L50, F, tera:Fire|82/100\n|move|p2b: Brute Bonnet|Sucker Punch|p1b: Zamazenta\n|-resisted|p1b: Zamazenta\n|-damage|p1b: Zamazenta|50/100\n|move|p2a: Zacian|Sacred Sword|p1b: Zamazenta\n|-supereffective|p1b: Zamazenta\n|-damage|p1b: Zamazenta|14/100\n|move|p1b: Zamazenta|Body Press|p2b: Brute Bonnet\n|-supereffective|p2b: Brute Bonnet\n|-damage|p2b: Brute Bonnet|0 fnt\n|faint|p2b: Brute Bonnet\n|-end|p2b: Brute Bonnet|Protosynthesis|[silent]\n|\n|upkeep\n|turn|8\n|\n|t:|1773533243\n|move|p1b: Zamazenta|Protect|p1b: Zamazenta\n|-singleturn|p1b: Zamazenta|Protect\n|move|p2a: Zacian|Sacred Sword|p1b: Zamazenta\n|-activate|p1b: Zamazenta|move: Protect\n|move|p1a: Amoonguss|Spore|p2a: Zacian\n|-status|p2a: Zacian|slp|[from] move: Spore\n|\n|upkeep\n|turn|9\n|-message|SnorlaxPikachu1 forfeited.\n|\n|win|rito buff zed\n|raw|rito buff zed's rating: 1395 &rarr; <strong>1424</strong><br />(+29 for winning)\n|raw|SnorlaxPikachu1's rating: 1566 &rarr; <strong>1537</strong><br />(-29 for losing)\n|l|\u2606SnorlaxPikachu1\n|player|p2|\n","uploadtime":1773533503,"views":12,"formatid":"gen9vgc2026regi","rating":1424,"private":0,"password":null}