{"id":"gen9vgc2026regi-2560080499","format":"[Gen 9] VGC 2026 Reg I","players":["jd8erh","B1g b3luga"],"log":"|j|\u2606jd8erh\n|j|\u2606B1g b3luga\n|t:|1773648418\n|gametype|doubles\n|player|p1|jd8erh|101|1483\n|player|p2|B1g b3luga|266|1502\n|gen|9\n|tier|[Gen 9] VGC 2026 Reg I\n|rated|\n|rule|Species Clause: Limit one of each Pok\u00e9mon\n|rule|Item Clause: Limit 1 of each item\n|clearpoke\n|poke|p1|Calyrex-Ice, L50|\n|poke|p1|Miraidon, L50|\n|poke|p1|Incineroar, L50, F|\n|poke|p1|Farigiraf, L50, F|\n|poke|p1|Volcarona, L50, F|\n|poke|p1|Grimmsnarl, L50, M|\n|poke|p2|Smeargle, L50, M|\n|poke|p2|Zamazenta-*, L50|\n|poke|p2|Farigiraf, L50, M|\n|poke|p2|Kyogre, L50|\n|poke|p2|Rillaboom, L50, M|\n|poke|p2|Urshifu-*, L50, F|\n|teampreview|4\n|inactive|Battle timer is ON: inactive players will automatically lose when time's up. (requested by jd8erh)\njd8erh has agreed to open team sheets.\n|l|\u2606jd8erh\n|inactive|jd8erh disconnected and has a minute to reconnect!\n|player|p1|\n|j|\u2606jd8erh\n|inactive|jd8erh reconnected and has 60 seconds left.\n|player|p1|jd8erh|101|\n|\n|t:|1773648461\n|teamsize|p1|4\n|teamsize|p2|4\n|start\n|switch|p1a: Miraidon|Miraidon, L50|100/100\n|switch|p1b: Grimmsnarl|Grimmsnarl, L50, M|100/100\n|switch|p2a: Smeargle|Smeargle, L50, M|100/100\n|switch|p2b: Kyogre|Kyogre, L50|100/100\n|-fieldstart|move: Electric Terrain|[from] ability: Hadron Engine|[of] p1a: Miraidon\n|-weather|RainDance|[from] ability: Drizzle|[of] p2b: Kyogre\n|turn|1\n|\n|t:|1773648472\n|move|p2a: Smeargle|Fake Out|p1a: Miraidon\n|-damage|p1a: Miraidon|97/100\n|move|p1b: Grimmsnarl|Light Screen|p1b: Grimmsnarl\n|-sidestart|p1: jd8erh|move: Light Screen\n|cant|p1a: Miraidon|flinch\n|move|p2b: Kyogre|Water Spout|p1a: Miraidon|[spread] p1a,p1b\n|-resisted|p1a: Miraidon\n|-damage|p1a: Miraidon|52/100\n|-damage|p1b: Grimmsnarl|19/100\n|\n|-weather|RainDance|[upkeep]\n|-ability|p2a: Smeargle|Moody|boost\n|-boost|p2a: Smeargle|def|2\n|-unboost|p2a: Smeargle|spe|1\n|upkeep\n|turn|2\n|\n|t:|1773648485\n|move|p2a: Smeargle|Follow Me|p2a: Smeargle\n|-singleturn|p2a: Smeargle|move: Follow Me\n|move|p1b: Grimmsnarl|Thunder Wave|p2a: Smeargle\n|-status|p2a: Smeargle|par\n|move|p1a: Miraidon|Snarl|p2b: Kyogre|[spread] p2a,p2b\n|-damage|p2a: Smeargle|63/100 par\n|-damage|p2b: Kyogre|89/100\n|-unboost|p2a: Smeargle|spa|1\n|-unboost|p2b: Kyogre|spa|1\n|move|p2b: Kyogre|Water Spout|p1a: Miraidon|[spread] p1a,p1b\n|-resisted|p1a: Miraidon\n|-damage|p1a: Miraidon|28/100\n|-damage|p1b: Grimmsnarl|0 fnt\n|faint|p1b: Grimmsnarl\n|\n|-weather|RainDance|[upkeep]\n|-ability|p2a: Smeargle|Moody|boost\n|-boost|p2a: Smeargle|spe|2\n|-unboost|p2a: Smeargle|spd|1\n|upkeep\n|\n|t:|1773648489\n|switch|p1b: Calyrex|Calyrex-Ice, L50|100/100\n|-ability|p1b: Calyrex|As One\n|-ability|p1b: Calyrex|Unnerve\n|turn|3\n|\n|t:|1773648503\n|-terastallize|p1b: Calyrex|Water\n|move|p1a: Miraidon|Snarl|p2b: Kyogre|[spread] p2a,p2b\n|-damage|p2a: Smeargle|3/100 par\n|-damage|p2b: Kyogre|76/100\n|-unboost|p2a: Smeargle|spa|1\n|-unboost|p2b: Kyogre|spa|1\n|move|p2b: Kyogre|Water Spout|p1a: Miraidon|[spread] p1a,p1b\n|-resisted|p1a: Miraidon\n|-resisted|p1b: Calyrex\n|-damage|p1a: Miraidon|10/100\n|-damage|p1b: Calyrex|87/100\n|move|p2a: Smeargle|Decorate|p2b: Kyogre\n|-boost|p2b: Kyogre|atk|2\n|-boost|p2b: Kyogre|spa|2\n|move|p1b: Calyrex|Leech Seed|p2b: Kyogre|[miss]\n|-miss|p1b: Calyrex|p2b: Kyogre\n|\n|-weather|RainDance|[upkeep]\n|-heal|p1b: Calyrex|93/100|[from] item: Leftovers\n|-ability|p2a: Smeargle|Moody|boost\n|-boost|p2a: Smeargle|spe|2\n|-unboost|p2a: Smeargle|def|1\n|upkeep\n|turn|4\n|l|\u2606jd8erh\n|inactive|jd8erh disconnected and has a minute to reconnect!\n|player|p1|\n|inactive|B1g b3luga has 30 seconds left.\n|\n|t:|1773648528\n|switch|p2b: Rillaboom|Rillaboom, L50, M|100/100\n|-fieldstart|move: Grassy Terrain|[from] ability: Grassy Surge|[of] p2b: Rillaboom\n|move|p1a: Miraidon|Snarl|p2b: Rillaboom|[spread] p2a,p2b\n|-damage|p2a: Smeargle|0 fnt\n|-damage|p2b: Rillaboom|88/100\n|-unboost|p2b: Rillaboom|spa|1\n|faint|p2a: Smeargle\n|move|p1b: Calyrex|Leech Seed|p2b: Rillaboom\n|-immune|p2b: Rillaboom\n|\n|-weather|RainDance|[upkeep]\n|-heal|p1a: Miraidon|16/100|[from] Grassy Terrain\n|-heal|p2b: Rillaboom|94/100|[from] Grassy Terrain\n|-heal|p1b: Calyrex|99/100|[from] Grassy Terrain\n|-heal|p1b: Calyrex|100/100|[from] item: Leftovers\n|upkeep\n|j|\u2606jd8erh\n|inactive|jd8erh reconnected.\n|player|p1|jd8erh|101|\n|\n|t:|1773648541\n|switch|p2a: Kyogre|Kyogre, L50|76/100\n|turn|5\n|\n|t:|1773648547\n|-terastallize|p2a: Kyogre|Electric\n|move|p2b: Rillaboom|Fake Out|p1a: Miraidon\n|-damage|p1a: Miraidon|4/100\n|cant|p1a: Miraidon|flinch\n|move|p2a: Kyogre|Thunder|p1b: Calyrex\n|-supereffective|p1b: Calyrex\n|-damage|p1b: Calyrex|19/100\n|move|p1b: Calyrex|Glacial Lance|p2b: Rillaboom|[spread] p2a,p2b\n|-supereffective|p2b: Rillaboom\n|-damage|p2a: Kyogre|18/100\n|-damage|p2b: Rillaboom|0 fnt\n|faint|p2b: Rillaboom\n|-ability|p1b: Calyrex|Chilling Neigh|boost\n|-boost|p1b: Calyrex|atk|1\n|\n|-weather|none\n|-heal|p1a: Miraidon|10/100|[from] Grassy Terrain\n|-heal|p2a: Kyogre|23/100|[from] Grassy Terrain\n|-heal|p1b: Calyrex|25/100|[from] Grassy Terrain\n|-heal|p1b: Calyrex|31/100|[from] item: Leftovers\n|upkeep\n|\n|t:|1773648560\n|switch|p2b: Urshifu|Urshifu-Rapid-Strike, L50, F|100/100\n|turn|6\n|\n|t:|1773648565\n|switch|p1a: Volcarona|Volcarona, L50, F|100/100\n|move|p2b: Urshifu|Aqua Jet|p1a: Volcarona\n|-supereffective|p1a: Volcarona\n|-damage|p1a: Volcarona|44/100\n|-damage|p2b: Urshifu|84/100|[from] item: Rocky Helmet|[of] p1a: Volcarona\n|-status|p2b: Urshifu|brn|[from] ability: Flame Body|[of] p1a: Volcarona\n|move|p2a: Kyogre|Thunder|p1b: Calyrex\n|-supereffective|p1b: Calyrex\n|-damage|p1b: Calyrex|0 fnt\n|faint|p1b: Calyrex\n|\n|-heal|p1a: Volcarona|50/100|[from] Grassy Terrain\n|-heal|p2b: Urshifu|90/100 brn|[from] Grassy Terrain\n|-heal|p2a: Kyogre|29/100|[from] Grassy Terrain\n|-damage|p2b: Urshifu|84/100 brn|[from] brn\n|upkeep\n|\n|t:|1773648567\n|switch|p1b: Miraidon|Miraidon, L50|10/100\n|-fieldstart|move: Electric Terrain|[from] ability: Hadron Engine|[of] p1b: Miraidon\n|turn|7\n|\n|t:|1773648578\n|move|p2b: Urshifu|Aqua Jet|p1b: Miraidon\n|-resisted|p1b: Miraidon\n|-damage|p1b: Miraidon|4/100\n|move|p1b: Miraidon|Electro Drift|p2b: Urshifu\n|-supereffective|p2b: Urshifu\n|-damage|p2b: Urshifu|0 fnt\n|faint|p2b: Urshifu\n|move|p1a: Volcarona|Overheat|p2a: Kyogre\n|-damage|p2a: Kyogre|0 fnt\n|-unboost|p1a: Volcarona|spa|2\n|faint|p2a: Kyogre\n|\n|win|jd8erh\n|raw|jd8erh's rating: 1483 &rarr; <strong>1504</strong><br />(+21 for winning)\n|raw|B1g b3luga's rating: 1502 &rarr; <strong>1481</strong><br />(-21 for losing)\n|l|\u2606B1g b3luga\n|player|p2|\n|l|\u2606jd8erh\n|player|p1|\n","uploadtime":1773648835,"views":12,"formatid":"gen9vgc2026regi","rating":1481,"private":0,"password":null}