{"id":"gen9vgc2026regi-2563214750","format":"[Gen 9] VGC 2026 Reg I","players":["clefci","1400SpotsForTCG"],"log":"|j|\u2606clefci\n|j|\u26061400SpotsForTCG\n|t:|1774004293\n|gametype|doubles\n|player|p1|clefci|266|1154\n|player|p2|1400SpotsForTCG|170|1206\n|gen|9\n|tier|[Gen 9] VGC 2026 Reg I\n|rated|\n|rule|Species Clause: Limit one of each Pok\u00e9mon\n|rule|Item Clause: Limit 1 of each item\n|clearpoke\n|poke|p1|Solgaleo, L50|\n|poke|p1|Koraidon, L50|\n|poke|p1|Armarouge, L50, F|\n|poke|p1|Indeedee-F, L50, F|\n|poke|p1|Grimmsnarl, L50, M|\n|poke|p1|Flutter Mane, L50|\n|poke|p2|Groudon, L50|\n|poke|p2|Ogerpon-Hearthflame, L50, F|\n|poke|p2|Flutter Mane, L50|\n|poke|p2|Raging Bolt, L50|\n|poke|p2|Lunala, L50|\n|poke|p2|Jumpluff, L50, F|\n|teampreview|4\n|inactive|Battle timer is ON: inactive players will automatically lose when time's up. (requested by clefci)\n|inactive|clefci has 60 seconds left.\n|inactive|1400SpotsForTCG has 60 seconds left.\n|\n|t:|1774004338\n|teamsize|p1|4\n|teamsize|p2|4\n|start\n|switch|p1a: Solgaleo|Solgaleo, L50|100/100\n|switch|p1b: Indeedee|Indeedee-F, L50, F|100/100\n|switch|p2a: Ogerpon|Ogerpon-Hearthflame, L50, F|100/100\n|switch|p2b: Groudon|Groudon, L50|100/100\n|-ability|p2a: Ogerpon|Mold Breaker\n|-weather|SunnyDay|[from] ability: Drought|[of] p2b: Groudon\n|-fieldstart|move: Psychic Terrain|[from] ability: Psychic Surge|[of] p1b: Indeedee\n|-enditem|p1a: Solgaleo|Psychic Seed\n|-boost|p1a: Solgaleo|spd|1|[from] item: Psychic Seed\n|turn|1\n|\n|t:|1774004361\n|-terastallize|p2a: Ogerpon|Fire\n|detailschange|p2a: Ogerpon|Ogerpon-Hearthflame-Tera, L50, F, tera:Fire\n|-ability|p2a: Ogerpon|Embody Aspect (Hearthflame)|boost\n|-boost|p2a: Ogerpon|atk|1\n|move|p1a: Solgaleo|Protect|p1a: Solgaleo\n|-singleturn|p1a: Solgaleo|Protect\n|move|p2a: Ogerpon|Ivy Cudgel|p1b: Indeedee|[anim] Ivy Cudgel Fire\n|-damage|p1b: Indeedee|0 fnt\n|faint|p1b: Indeedee\n|move|p2b: Groudon|Precipice Blades|p1a: Solgaleo\n|-activate|p1a: Solgaleo|move: Protect\n|\n|-weather|SunnyDay|[upkeep]\n|upkeep\n|\n|t:|1774004379\n|switch|p1b: Koraidon|Koraidon, L50|100/100\n|-activate|p1b: Koraidon|ability: Orichalcum Pulse\n|turn|2\n|\n|t:|1774004388\n|-terastallize|p1a: Solgaleo|Fire\n|move|p1b: Koraidon|Flare Blitz|p2b: Groudon\n|-damage|p2b: Groudon|45/100\n|-damage|p1b: Koraidon|81/100|[from] Recoil\n|move|p2a: Ogerpon|Ivy Cudgel|p1a: Solgaleo|[anim] Ivy Cudgel Fire\n|-resisted|p1a: Solgaleo\n|-damage|p1a: Solgaleo|44/100\n|move|p1a: Solgaleo|Expanding Force|p2a: Ogerpon|[spread] p2a,p2b\n|-damage|p2a: Ogerpon|43/100\n|-damage|p2b: Groudon|0 fnt\n|faint|p2b: Groudon\n|\n|-weather|SunnyDay|[upkeep]\n|upkeep\n|\n|t:|1774004404\n|switch|p2b: Lunala|Lunala, L50|100/100\n|turn|3\n|\n|t:|1774004412\n|move|p2a: Ogerpon|Spiky Shield|p2a: Ogerpon\n|-singleturn|p2a: Ogerpon|move: Protect\n|move|p1b: Koraidon|Flare Blitz|p2b: Lunala\n|-damage|p2b: Lunala|64/100\n|-damage|p1b: Koraidon|67/100|[from] Recoil\n|move|p2b: Lunala|Moonblast|p1b: Koraidon\n|-supereffective|p1b: Koraidon\n|-damage|p1b: Koraidon|0 fnt\n|faint|p1b: Koraidon\n|move|p1a: Solgaleo|Flamethrower|p2b: Lunala\n|-damage|p2b: Lunala|14/100\n|\n|-weather|SunnyDay|[upkeep]\n|upkeep\n|\n|t:|1774004424\n|switch|p1b: Flutter Mane|Flutter Mane, L50|100/100\n|-activate|p1b: Flutter Mane|ability: Protosynthesis\n|-start|p1b: Flutter Mane|protosynthesisspe\n|turn|4\n|\n|t:|1774004445\n|switch|p2b: Flutter Mane|Flutter Mane, L50|100/100\n|-activate|p2b: Flutter Mane|ability: Protosynthesis\n|-start|p2b: Flutter Mane|protosynthesisspe\n|move|p1b: Flutter Mane|Icy Wind|p2a: Ogerpon|[spread] p2a,p2b\n|-resisted|p2a: Ogerpon\n|-damage|p2a: Ogerpon|36/100\n|-damage|p2b: Flutter Mane|86/100\n|-unboost|p2a: Ogerpon|spe|1\n|-unboost|p2b: Flutter Mane|spe|1\n|move|p1a: Solgaleo|Expanding Force|p2b: Flutter Mane|[spread] p2a,p2b\n|-damage|p2a: Ogerpon|0 fnt\n|-damage|p2b: Flutter Mane|26/100\n|faint|p2a: Ogerpon\n|detailschange|p2: Ogerpon|Ogerpon-Hearthflame, L50, F|[silent]\n|\n|-weather|SunnyDay|[upkeep]\n|upkeep\n|\n|t:|1774004458\n|switch|p2a: Lunala|Lunala, L50|14/100\n|turn|5\n|-message|1400SpotsForTCG forfeited.\n|\n|win|clefci\n|raw|clefci's rating: 1154 &rarr; <strong>1183</strong><br />(+29 for winning)\n|raw|1400SpotsForTCG's rating: 1206 &rarr; <strong>1177</strong><br />(-29 for losing)\n|l|\u26061400SpotsForTCG\n|player|p2|\n|l|\u2606clefci\n|player|p1|\n","uploadtime":1774004723,"views":13,"formatid":"gen9vgc2026regi","rating":1177,"private":0,"password":null}