{"id":"gen9vgc2026regi-2552968726","format":"[Gen 9] VGC 2026 Reg I","players":["b3testing","inb_178"],"log":"|j|\u2606b3testing\n|j|\u2606inb_178\n|t:|1772777173\n|gametype|doubles\n|player|p1|b3testing|101|1428\n|player|p2|inb_178|169|1480\n|gen|9\n|tier|[Gen 9] VGC 2026 Reg I\n|rated|\n|rule|Species Clause: Limit one of each Pok\u00e9mon\n|rule|Item Clause: Limit 1 of each item\n|clearpoke\n|poke|p1|Terapagos, L50, M|\n|poke|p1|Calyrex-Shadow, L50|\n|poke|p1|Incineroar, L50, M|\n|poke|p1|Amoonguss, L50, F|\n|poke|p1|Tornadus, L50, M|\n|poke|p1|Smeargle, L50, M|\n|poke|p2|Miraidon, L50|\n|poke|p2|Zamazenta-*, L50|\n|poke|p2|Incineroar, L50, F|\n|poke|p2|Iron Bundle, L50|\n|poke|p2|Urshifu-*, L50, F|\n|poke|p2|Sneasler, L50, F|\n|teampreview|4\n|inactive|Battle timer is ON: inactive players will automatically lose when time's up. (requested by b3testing)\n|inactive|b3testing has 60 seconds left.\n|inactive|inb_178 has 60 seconds left.\n|\n|t:|1772777223\n|teamsize|p1|4\n|teamsize|p2|4\n|start\n|switch|p1a: Amoonguss|Amoonguss, L50, F|100/100\n|switch|p1b: Terapagos|Terapagos, L50, M|100/100\n|switch|p2a: Miraidon|Miraidon, L50|100/100\n|switch|p2b: Iron Bundle|Iron Bundle, L50|100/100\n|-activate|p1b: Terapagos|ability: Tera Shift\n|detailschange|p1b: Terapagos|Terapagos-Terastal, L50, M\n|-heal|p1b: Terapagos|100/100|[silent]\n|-fieldstart|move: Electric Terrain|[from] ability: Hadron Engine|[of] p2a: Miraidon\n|-activate|p2b: Iron Bundle|ability: Quark Drive\n|-start|p2b: Iron Bundle|quarkdrivespe\n|turn|1\n|\n|t:|1772777242\n|-terastallize|p1b: Terapagos|Stellar\n|detailschange|p1b: Terapagos|Terapagos-Stellar, L50, M, tera:Stellar\n|-heal|p1b: Terapagos|100/100|[silent]\n|-ability|p1b: Terapagos|Teraform Zero\n|-fieldend|move: Electric Terrain\n|-end|p2b: Iron Bundle|Quark Drive\n|move|p2b: Iron Bundle|Ice Beam|p1a: Amoonguss\n|-supereffective|p1a: Amoonguss\n|-damage|p1a: Amoonguss|12/100\n|move|p2a: Miraidon|Volt Switch|p1a: Amoonguss\n|-resisted|p1a: Amoonguss\n|-damage|p1a: Amoonguss|0 fnt\n|faint|p1a: Amoonguss\n|\n|t:|1772777257\n|switch|p2a: Zamazenta|Zamazenta-Crowned, L50|100/100|[from] Volt Switch\n|-ability|p2a: Zamazenta|Dauntless Shield|boost\n|-boost|p2a: Zamazenta|def|1\n|move|p1b: Terapagos|Calm Mind|p1b: Terapagos\n|-boost|p1b: Terapagos|spa|1\n|-boost|p1b: Terapagos|spd|1\n|\n|upkeep\n|\n|t:|1772777265\n|switch|p1a: Tornadus|Tornadus, L50, M|100/100\n|turn|2\n|\n|t:|1772777276\n|switch|p2a: Miraidon|Miraidon, L50|100/100\n|-fieldstart|move: Electric Terrain|[from] ability: Hadron Engine|[of] p2a: Miraidon\n|-activate|p2b: Iron Bundle|ability: Quark Drive\n|-start|p2b: Iron Bundle|quarkdrivespe\n|move|p1b: Terapagos|Protect|p1b: Terapagos\n|-singleturn|p1b: Terapagos|Protect\n|move|p1a: Tornadus|Taunt|p2b: Iron Bundle\n|-start|p2b: Iron Bundle|move: Taunt\n|cant|p2b: Iron Bundle|move: Taunt|Encore\n|\n|upkeep\n|turn|3\n|\n|t:|1772777291\n|move|p1a: Tornadus|Tailwind|p1a: Tornadus\n|-sidestart|p1: b3testing|move: Tailwind\n|move|p2b: Iron Bundle|Icy Wind|p1a: Tornadus|[spread] p1a,p1b\n|-supereffective|p1a: Tornadus\n|-damage|p1a: Tornadus|52/100\n|-damage|p1b: Terapagos|92/100\n|-unboost|p1a: Tornadus|spe|1\n|move|p1b: Terapagos|Tera Starstorm|p2b: Iron Bundle|[spread] p2a,p2b\n|-damage|p2a: Miraidon|69/100\n|-enditem|p2b: Iron Bundle|Focus Sash\n|-damage|p2b: Iron Bundle|1/100\n|move|p2a: Miraidon|Volt Switch|p1a: Tornadus\n|-supereffective|p1a: Tornadus\n|-crit|p1a: Tornadus\n|-damage|p1a: Tornadus|0 fnt\n|faint|p1a: Tornadus\n|\n|t:|1772777310\n|switch|p2a: Urshifu|Urshifu, L50, F|100/100|[from] Volt Switch\n|\n|upkeep\n|\n|t:|1772777313\n|switch|p1a: Calyrex|Calyrex-Shadow, L50|100/100\n|-ability|p1a: Calyrex|As One\n|-ability|p1a: Calyrex|Unnerve\n|turn|4\n|inactive|inb_178 has 30 seconds left.\n|\n|t:|1772777341\n|-terastallize|p2b: Iron Bundle|Normal\n|move|p1a: Calyrex|Astral Barrage|p2a: Urshifu|[spread] p2a\n|-immune|p2b: Iron Bundle\n|-resisted|p2a: Urshifu\n|-damage|p2a: Urshifu|52/100\n|-damage|p1a: Calyrex|91/100|[from] item: Life Orb\n|move|p2b: Iron Bundle|Icy Wind|p1a: Calyrex|[spread] p1a,p1b\n|-damage|p1a: Calyrex|70/100\n|-damage|p1b: Terapagos|84/100\n|-unboost|p1a: Calyrex|spe|1\n|move|p1b: Terapagos|Tera Starstorm|p2a: Urshifu|[spread] p2a,p2b\n|-supereffective|p2b: Iron Bundle\n|-damage|p2a: Urshifu|0 fnt\n|-damage|p2b: Iron Bundle|0 fnt\n|faint|p2a: Urshifu\n|faint|p2b: Iron Bundle\n|-end|p2b: Iron Bundle|Quark Drive|[silent]\n|\n|upkeep\n|\n|t:|1772777361\n|switch|p2b: Miraidon|Miraidon, L50|69/100\n|switch|p2a: Zamazenta|Zamazenta-Crowned, L50|100/100\n|-activate|p2b: Miraidon|ability: Hadron Engine\n|turn|5\n|\n|t:|1772777382\n|move|p1a: Calyrex|Protect|p1a: Calyrex\n|-singleturn|p1a: Calyrex|Protect\n|move|p2a: Zamazenta|Wide Guard|p2a: Zamazenta\n|-singleturn|p2a: Zamazenta|Wide Guard\n|move|p1b: Terapagos|Earth Power|p2b: Miraidon\n|-supereffective|p2b: Miraidon\n|-damage|p2b: Miraidon|5/100\n|move|p2b: Miraidon|Parabolic Charge|p1b: Terapagos|[spread] p1b\n|-activate|p2a: Zamazenta|move: Wide Guard\n|-activate|p1a: Calyrex|move: Protect\n|-damage|p1b: Terapagos|62/100\n|-heal|p2b: Miraidon|20/100|[from] drain|[of] p1b: Terapagos\n|\n|upkeep\n|turn|6\n|\n|t:|1772777405\n|move|p1a: Calyrex|Encore|p2a: Zamazenta\n|-start|p2a: Zamazenta|Encore\n|move|p1b: Terapagos|Earth Power|p2b: Miraidon\n|-supereffective|p2b: Miraidon\n|-damage|p2b: Miraidon|0 fnt\n|faint|p2b: Miraidon\n|move|p2a: Zamazenta|Wide Guard||[still]\n|-fail|p2a: Zamazenta\n|\n|-sideend|p1: b3testing|move: Tailwind\n|-fieldend|move: Electric Terrain\n|upkeep\n|turn|7\n|-message|inb_178 forfeited.\n|\n|win|b3testing\n|raw|b3testing's rating: 1428 &rarr; <strong>1451</strong><br />(+23 for winning)\n|raw|inb_178's rating: 1480 &rarr; <strong>1457</strong><br />(-23 for losing)\n|l|\u2606inb_178\n|player|p2|\n|l|\u2606b3testing\n|player|p1|\n","uploadtime":1772777596,"views":17,"formatid":"gen9vgc2026regi","rating":1451,"private":0,"password":null}