{"id":"gen9vgc2026regi-2566066825","format":"[Gen 9] VGC 2026 Reg I","players":["Billlmads","akjdfjjkeef"],"log":"|j|\u2606Billlmads\n|j|\u2606akjdfjjkeef\n|t:|1774340239\n|gametype|doubles\n|player|p1|Billlmads|red|\n|player|p2|akjdfjjkeef|bea-masters|\n|gen|9\n|tier|[Gen 9] VGC 2026 Reg I\n|rated|Tournament battle\n|rule|Species Clause: Limit one of each Pok\u00e9mon\n|rule|Item Clause: Limit 1 of each item\n|raw|<div class=\"infobox\"><details class=\"readmore\" open><summary><strong>3 custom rules:</strong></summary> Open Team Sheets, Force Open Team Sheets, !Open Team Sheets</details></div>\n|clearpoke\n|poke|p1|Koraidon, L50|\n|poke|p1|Calyrex-Shadow, L50|\n|poke|p1|Flutter Mane, L50|\n|poke|p1|Incineroar, L50, M|\n|poke|p1|Clefairy, L50, F|\n|poke|p1|Rillaboom, L50, M|\n|poke|p2|Calyrex-Shadow, L50|\n|poke|p2|Zamazenta-*, L50|\n|poke|p2|Chien-Pao, L50|\n|poke|p2|Raging Bolt, L50|\n|poke|p2|Amoonguss, L50, F|\n|poke|p2|Tornadus, L50, M|\n|teampreview|4\n|showteam|p1|Koraidon||ClearAmulet|OrichalcumPulse|FlareBlitz,LowKick,FlameCharge,Protect||||||50|,,,,,Fire]Calyrex-Shadow||CovertCloak|AsOneSpectrier|AstralBarrage,Psychic,NastyPlot,Protect||||||50|,,,,,Water]Flutter Mane||FocusSash|Protosynthesis|Moonblast,Protect,IcyWind,Taunt||||||50|,,,,,Normal]Incineroar||SafetyGoggles|Intimidate|HelpingHand,KnockOff,Uturn,FakeOut|||M|||50|,,,,,Water]Clefairy||Eviolite|FriendGuard|FollowMe,HelpingHand,AfterYou,Protect|||F|||50|,,,,,Grass]Rillaboom||AssaultVest|GrassySurge|WoodHammer,GrassyGlide,FakeOut,Uturn|||M|||50|,,,,,Water\n|showteam|p2|Calyrex-Shadow||FocusSash|AsOneSpectrier|AstralBarrage,Psychic,Encore,Protect||||||50|,,,,,Ghost]Zamazenta-Crowned||RustedShield|DauntlessShield|BodyPress,HeavySlam,WideGuard,Protect||||||50|,,,,,Dragon]Chien-Pao||AssaultVest|SwordofRuin|IceSpinner,Ruination,IcyWind,SuckerPunch||||||50|,,,,,Ghost]Raging Bolt||BoosterEnergy|Protosynthesis|Thunderbolt,DragonPulse,Thunderclap,Protect||||||50|,,,,,Electric]Amoonguss||RockyHelmet|Regenerator|RagePowder,Spore,SludgeBomb,Protect|||F|||50|,,,,,Fairy]Tornadus||SharpBeak|Prankster|BleakwindStorm,Taunt,Tailwind,Protect|||M|||50|,,,,,Water\n|\n|t:|1774340292\n|teamsize|p1|4\n|teamsize|p2|4\n|start\n|switch|p1a: Koraidon|Koraidon, L50|100/100\n|switch|p1b: Flutter Mane|Flutter Mane, L50, shiny|100/100\n|switch|p2a: Calyrex|Calyrex-Shadow, L50|100/100\n|switch|p2b: Tornadus|Tornadus, L50, M|100/100\n|-ability|p2a: Calyrex|As One\n|-ability|p2a: Calyrex|Unnerve\n|-weather|SunnyDay|[from] ability: Orichalcum Pulse|[of] p1a: Koraidon\n|-activate|p1b: Flutter Mane|ability: Protosynthesis\n|-start|p1b: Flutter Mane|protosynthesisspe\n|-activate|p1a: Koraidon|Orichalcum Pulse|[source]\n|turn|1\n|\n|t:|1774340358\n|-terastallize|p1b: Flutter Mane|Normal\n|move|p1b: Flutter Mane|Icy Wind|p2b: Tornadus|[spread] p2b\n|-miss|p1b: Flutter Mane|p2a: Calyrex\n|-supereffective|p2b: Tornadus\n|-damage|p2b: Tornadus|68/100\n|-unboost|p2b: Tornadus|spe|1\n|move|p2a: Calyrex|Astral Barrage|p1a: Koraidon|[spread] p1a\n|-immune|p1b: Flutter Mane\n|-damage|p1a: Koraidon|54/100\n|move|p1a: Koraidon|Flame Charge|p2b: Tornadus\n|-damage|p2b: Tornadus|17/100\n|-boost|p1a: Koraidon|spe|1\n|move|p2b: Tornadus|Bleakwind Storm|p1b: Flutter Mane|[spread] \n|-miss|p2b: Tornadus|p1a: Koraidon\n|-miss|p2b: Tornadus|p1b: Flutter Mane\n|\n|-weather|SunnyDay|[upkeep]\n|upkeep\n|turn|2\n|\n|t:|1774340406\n|move|p1a: Koraidon|Protect|p1a: Koraidon\n|-singleturn|p1a: Koraidon|Protect\n|move|p2b: Tornadus|Tailwind|p2b: Tornadus\n|-sidestart|p2: akjdfjjkeef|move: Tailwind\n|move|p2a: Calyrex|Psychic|p1b: Flutter Mane\n|-damage|p1b: Flutter Mane|45/100\n|move|p1b: Flutter Mane|Icy Wind|p2b: Tornadus|[spread] p2a,p2b\n|-supereffective|p2b: Tornadus\n|-damage|p2a: Calyrex|86/100\n|-damage|p2b: Tornadus|0 fnt\n|-unboost|p2a: Calyrex|spe|1\n|faint|p2b: Tornadus\n|\n|-weather|SunnyDay|[upkeep]\n|upkeep\n|\n|t:|1774340422\n|switch|p2b: Zamazenta|Zamazenta-Crowned, L50|100/100\n|-ability|p2b: Zamazenta|Dauntless Shield|boost\n|-boost|p2b: Zamazenta|def|1\n|turn|3\n|\n|t:|1774340447\n|-end|p1b: Flutter Mane|Protosynthesis|[silent]\n|switch|p1b: Clefairy|Clefairy, L50, F|100/100\n|move|p2b: Zamazenta|Body Press|p1b: Clefairy\n|-resisted|p1b: Clefairy\n|-damage|p1b: Clefairy|77/100\n|move|p2a: Calyrex|Encore|p1a: Koraidon\n|-start|p1a: Koraidon|Encore\n|move|p1a: Koraidon|Protect||[still]\n|-fail|p1a: Koraidon\n|\n|-weather|SunnyDay|[upkeep]\n|upkeep\n|turn|4\n|\n|t:|1774340467\n|switch|p1a: Flutter Mane|Flutter Mane, L50, shiny, tera:Normal|45/100\n|-activate|p1a: Flutter Mane|ability: Protosynthesis\n|-start|p1a: Flutter Mane|protosynthesisspe\n|move|p1b: Clefairy|Protect|p1b: Clefairy\n|-singleturn|p1b: Clefairy|Protect\n|move|p2b: Zamazenta|Heavy Slam|p1b: Clefairy\n|-activate|p1b: Clefairy|move: Protect\n|move|p2a: Calyrex|Astral Barrage|p1b: Clefairy|[spread] \n|-activate|p1b: Clefairy|move: Protect\n|-immune|p1a: Flutter Mane\n|\n|-weather|SunnyDay|[upkeep]\n|upkeep\n|turn|5\n|j| Stuck In TSA\n|j| missouri mott\n|\n|t:|1774340547\n|switch|p2a: Raging Bolt|Raging Bolt, L50|100/100\n|-activate|p2a: Raging Bolt|ability: Protosynthesis\n|-start|p2a: Raging Bolt|protosynthesisspa\n|switch|p1b: Calyrex|Calyrex-Shadow, L50|100/100\n|-ability|p1b: Calyrex|As One\n|-ability|p1b: Calyrex|Unnerve\n|move|p1a: Flutter Mane|Protect|p1a: Flutter Mane\n|-singleturn|p1a: Flutter Mane|Protect\n|move|p2b: Zamazenta|Body Press|p1a: Flutter Mane\n|-activate|p1a: Flutter Mane|move: Protect\n|\n|-weather|none\n|-end|p1a: Flutter Mane|Protosynthesis\n|-end|p2a: Raging Bolt|Protosynthesis\n|-sideend|p2: akjdfjjkeef|move: Tailwind\n|upkeep\n|-enditem|p2a: Raging Bolt|Booster Energy\n|-activate|p2a: Raging Bolt|ability: Protosynthesis|[fromitem]\n|-start|p2a: Raging Bolt|protosynthesisspa\n|turn|6\n|j| stayinawake\n|\n|t:|1774340600\n|-terastallize|p2a: Raging Bolt|Electric\n|move|p1b: Calyrex|Nasty Plot|p1b: Calyrex\n|-boost|p1b: Calyrex|spa|2\n|move|p1a: Flutter Mane|Taunt|p2b: Zamazenta\n|-start|p2b: Zamazenta|move: Taunt\n|move|p2b: Zamazenta|Heavy Slam|p1b: Calyrex\n|-damage|p1b: Calyrex|47/100\n|move|p2a: Raging Bolt|Thunderbolt|p1b: Calyrex\n|-damage|p1b: Calyrex|0 fnt\n|faint|p1b: Calyrex\n|\n|upkeep\n|\n|t:|1774340609\n|switch|p1b: Koraidon|Koraidon, L50|54/100\n|-weather|SunnyDay|[from] ability: Orichalcum Pulse|[of] p1b: Koraidon\n|-activate|p1a: Flutter Mane|ability: Protosynthesis\n|-start|p1a: Flutter Mane|protosynthesisspe\n|-activate|p1b: Koraidon|Orichalcum Pulse|[source]\n|turn|7\n|\n|t:|1774340635\n|-end|p1a: Flutter Mane|Protosynthesis|[silent]\n|switch|p1a: Clefairy|Clefairy, L50, F|77/100\n|move|p1b: Koraidon|Low Kick|p2b: Zamazenta\n|-supereffective|p2b: Zamazenta\n|-damage|p2b: Zamazenta|37/100\n|move|p2b: Zamazenta|Body Press|p1b: Koraidon\n|-damage|p1b: Koraidon|12/100\n|move|p2a: Raging Bolt|Thunderbolt|p1a: Clefairy\n|-damage|p1a: Clefairy|0 fnt\n|faint|p1a: Clefairy\n|\n|-weather|SunnyDay|[upkeep]\n|upkeep\n|\n|t:|1774340640\n|switch|p1a: Flutter Mane|Flutter Mane, L50, shiny, tera:Normal|45/100\n|-activate|p1a: Flutter Mane|ability: Protosynthesis\n|-start|p1a: Flutter Mane|protosynthesisspe\n|turn|8\n|\n|t:|1774340678\n|move|p2a: Raging Bolt|Thunderclap|p1a: Flutter Mane\n|-damage|p1a: Flutter Mane|0 fnt\n|faint|p1a: Flutter Mane\n|-end|p1a: Flutter Mane|Protosynthesis|[silent]\n|move|p1b: Koraidon|Flare Blitz|p2a: Raging Bolt\n|-damage|p2a: Raging Bolt|22/100\n|-damage|p1b: Koraidon|0 fnt|[from] Recoil\n|faint|p1b: Koraidon\n|\n|win|akjdfjjkeef\n|n|\u2606Billlmads|billlmads\n|n|\u2606akjdfjjkeef|akjdfjjkeef\n|n| Stuck In TSA|stuckintsa\n|n| missouri mott|missourimott\n|n| stayinawake|stayinawake\n|l|\u2606Billlmads\n|player|p1|\n|l| stayinawake\n|j| aurora ltd\n|l| aurora ltd\n|l| Stuck In TSA\n|l|\u2606akjdfjjkeef\n|player|p2|\n|j|\u2606akjdfjjkeef\n|player|p2|akjdfjjkeef|bea-masters|\n","uploadtime":1774340731,"views":21,"formatid":"gen9vgc2026regi","rating":null,"private":0,"password":null}