{"id":"gen9vgc2026regi-2578085716","format":"[Gen 9] VGC 2026 Reg I","players":["Simon0123","Barn123"],"log":"|j|\u2606Simon0123\n|j|\u2606Barn123\n|t:|1775646202\n|gametype|doubles\n|player|p1|Simon0123|benga|1247\n|player|p2|Barn123|elesa|1309\n|gen|9\n|tier|[Gen 9] VGC 2026 Reg I\n|rated|\n|rule|Species Clause: Limit one of each Pok\u00e9mon\n|rule|Item Clause: Limit 1 of each item\n|clearpoke\n|poke|p1|Kyogre, L50|\n|poke|p1|Calyrex-Ice, L50|\n|poke|p1|Indeedee-F, L50, F|\n|poke|p1|Farigiraf, L50, F|\n|poke|p1|Ursaluna, L50, F|\n|poke|p1|Amoonguss, L50, M|\n|poke|p2|Zamazenta-*, L50|\n|poke|p2|Serperior, L50, F|\n|poke|p2|Rillaboom, L50, M|\n|poke|p2|Kyogre, L50|\n|poke|p2|Amoonguss, L50, F|\n|poke|p2|Incineroar, L50, M|\n|teampreview|4\n|inactive|Battle timer is ON: inactive players will automatically lose when time's up. (requested by Simon0123)\n|inactive|Barn123 has 60 seconds left.\n|\n|t:|1775646237\n|teamsize|p1|4\n|teamsize|p2|4\n|start\n|switch|p1a: Farigiraf|Farigiraf, L50, F, shiny|100/100\n|switch|p1b: Ursaluna|Ursaluna, L50, F, shiny|100/100\n|switch|p2a: Zamazenta|Zamazenta-Crowned, L50|100/100\n|switch|p2b: Rillaboom|Rillaboom, L50, M|100/100\n|-ability|p2a: Zamazenta|Dauntless Shield|boost\n|-boost|p2a: Zamazenta|def|1\n|-fieldstart|move: Grassy Terrain|[from] ability: Grassy Surge|[of] p2b: Rillaboom\n|turn|1\n|inactive|Barn123 has 30 seconds left.\n|\n|t:|1775646268\n|-terastallize|p2a: Zamazenta|Fighting\n|move|p1b: Ursaluna|Protect|p1b: Ursaluna\n|-singleturn|p1b: Ursaluna|Protect\n|move|p2a: Zamazenta|Body Press|p1b: Ursaluna\n|-activate|p1b: Ursaluna|move: Protect\n|move|p2b: Rillaboom|Knock Off|p1a: Farigiraf\n|-supereffective|p1a: Farigiraf\n|-damage|p1a: Farigiraf|45/100\n|-enditem|p1a: Farigiraf|Safety Goggles|[from] move: Knock Off|[of] p2b: Rillaboom\n|move|p1a: Farigiraf|Trick Room|p1a: Farigiraf\n|-fieldstart|move: Trick Room|[of] p1a: Farigiraf\n|\n|-heal|p1a: Farigiraf|51/100|[from] Grassy Terrain\n|-status|p1b: Ursaluna|brn|[from] item: Flame Orb\n|upkeep\n|turn|2\n|\n|t:|1775646292\n|-terastallize|p1b: Ursaluna|Ghost\n|move|p2a: Zamazenta|Protect|p2a: Zamazenta\n|-singleturn|p2a: Zamazenta|Protect\n|move|p1b: Ursaluna|Facade|p2b: Rillaboom\n|-damage|p2b: Rillaboom|0 fnt\n|faint|p2b: Rillaboom\n|move|p1a: Farigiraf|Psychic Noise|p2a: Zamazenta\n|-activate|p2a: Zamazenta|move: Protect\n|\n|-heal|p1a: Farigiraf|57/100|[from] Grassy Terrain\n|-damage|p1b: Ursaluna|95/100 brn|[from] brn\n|upkeep\n|inactive|Barn123 has 30 seconds left.\n|\n|t:|1775646321\n|switch|p2b: Kyogre|Kyogre, L50|100/100\n|-weather|RainDance|[from] ability: Drizzle|[of] p2b: Kyogre\n|turn|3\n|\n|t:|1775646340\n|move|p1b: Ursaluna|Protect|p1b: Ursaluna\n|-singleturn|p1b: Ursaluna|Protect\n|move|p2b: Kyogre|Protect|p2b: Kyogre\n|-singleturn|p2b: Kyogre|Protect\n|move|p1a: Farigiraf|Psychic Noise|p2a: Zamazenta\n|-supereffective|p2a: Zamazenta\n|-damage|p2a: Zamazenta|49/100\n|-start|p2a: Zamazenta|move: Heal Block\n|move|p2a: Zamazenta|Body Press|p1a: Farigiraf\n|-crit|p1a: Farigiraf\n|-damage|p1a: Farigiraf|0 fnt\n|faint|p1a: Farigiraf\n|\n|-weather|RainDance|[upkeep]\n|-heal|p1b: Ursaluna|100/100 brn|[from] Grassy Terrain\n|-damage|p1b: Ursaluna|95/100 brn|[from] brn\n|upkeep\n|inactive|Simon0123 has 30 seconds left.\n|\n|t:|1775646367\n|switch|p1a: Indeedee|Indeedee-F, L50, F, shiny|100/100\n|-fieldstart|move: Psychic Terrain|[from] ability: Psychic Surge|[of] p1a: Indeedee\n|-enditem|p1a: Indeedee|Psychic Seed\n|-boost|p1a: Indeedee|spd|1|[from] item: Psychic Seed\n|turn|4\n|inactive|Barn123 has 30 seconds left.\n|inactive|Barn123 has 20 seconds left.\n|inactive|Barn123 has 15 seconds left.\n|inactive|Barn123 has 10 seconds left.\n|\n|t:|1775646415\n|move|p1a: Indeedee|Helping Hand|p1b: Ursaluna\n|-singleturn|p1b: Ursaluna|Helping Hand|[of] p1a: Indeedee\n|move|p1b: Ursaluna|Facade|p2b: Kyogre\n|-damage|p2b: Kyogre|0 fnt\n|faint|p2b: Kyogre\n|move|p2a: Zamazenta|Body Press|p1a: Indeedee\n|-damage|p1a: Indeedee|1/100\n|\n|-weather|RainDance|[upkeep]\n|-damage|p1b: Ursaluna|89/100 brn|[from] brn\n|-end|p2a: Zamazenta|move: Heal Block\n|upkeep\n|\n|t:|1775646426\n|switch|p2b: Serperior|Serperior, L50, F|100/100\n|turn|5\n|inactive|Simon0123 has 30 seconds left.\n|\n|t:|1775646459\n|move|p2a: Zamazenta|Protect|p2a: Zamazenta\n|-singleturn|p2a: Zamazenta|Protect\n|move|p1a: Indeedee|Follow Me|p1a: Indeedee\n|-singleturn|p1a: Indeedee|move: Follow Me\n|move|p1b: Ursaluna|Facade|p2b: Serperior\n|-damage|p2b: Serperior|0 fnt\n|faint|p2b: Serperior\n|\n|-weather|RainDance|[upkeep]\n|-damage|p1b: Ursaluna|83/100 brn|[from] brn\n|-fieldend|move: Trick Room\n|upkeep\n|turn|6\n|-message|Barn123 forfeited.\n|\n|win|Simon0123\n|raw|Simon0123's rating: 1247 &rarr; <strong>1276</strong><br />(+29 for winning)\n|raw|Barn123's rating: 1309 &rarr; <strong>1285</strong><br />(-24 for losing)\n|l|\u2606Barn123\n|player|p2|\n|c|\u2606Simon0123|Ez\n|l|\u2606Simon0123\n|player|p1|\n","uploadtime":1775646714,"views":12,"formatid":"gen9vgc2026regi","rating":1276,"private":0,"password":null}