{"id":"gen9vgc2026regi-2590742736","format":"[Gen 9] VGC 2026 Reg I","players":["sakurashinmachi","TheManOfSausage"],"log":"|j|\u2606sakurashinmachi\n|j|\u2606TheManOfSausage\n|t:|1776841988\n|gametype|doubles\n|player|p1|sakurashinmachi|lucas|1513\n|player|p2|TheManOfSausage|miku-water|1643\n|gen|9\n|tier|[Gen 9] VGC 2026 Reg I\n|rated|\n|rule|Species Clause: Limit one of each Pok\u00e9mon\n|rule|Item Clause: Limit 1 of each item\n|clearpoke\n|poke|p1|Miraidon, L50|\n|poke|p1|Lunala, L50|\n|poke|p1|Whimsicott, L50, F|\n|poke|p1|Urshifu-*, L50, F|\n|poke|p1|Incineroar, L50, F|\n|poke|p1|Ursaluna, L50, F|\n|poke|p2|Calyrex-Shadow, L50|\n|poke|p2|Miraidon, L50|\n|poke|p2|Clefairy, L50, M|\n|poke|p2|Rillaboom, L50, M|\n|poke|p2|Incineroar, L50, M|\n|poke|p2|Volcarona, L50, M|\n|teampreview|4\nTheManOfSausage has agreed to open team sheets.\nsakurashinmachi has agreed to open team sheets.\n|showteam|p1|Miraidon||LifeOrb|HadronEngine|ElectroDrift,DracoMeteor,VoltSwitch,Protect||||||50|,,,,,Electric]Lunala||ElectricSeed|ShadowShield|MoongeistBeam,Moonblast,WideGuard,TrickRoom||||||50|,,,,,Fairy]Whimsicott||CovertCloak|Prankster|Moonblast,Encore,LightScreen,Tailwind|||F|||50|,,,,,Water]Urshifu-Rapid-Strike||ChoiceBand|UnseenFist|SurgingStrikes,CloseCombat,AquaJet,Uturn|||F|||50|,,,,,Ghost]Incineroar||AssaultVest|Intimidate|FlareBlitz,KnockOff,Uturn,FakeOut|||F|||50|,,,,,Bug]Ursaluna||FlameOrb|Guts|Facade,HeadlongRush,Earthquake,Protect|||F|||50|,,,,,Ghost\n|showteam|p2|Calyrex-Shadow||CovertCloak|AsOneSpectrier|AstralBarrage,DrainingKiss,NastyPlot,Protect||||||50|,,,,,Fairy]Miraidon||ChoiceScarf|HadronEngine|ElectroDrift,VoltSwitch,DracoMeteor,Snarl||||||50|,,,,,Electric]Clefairy||Eviolite|FriendGuard|HelpingHand,FollowMe,LifeDew,Protect|||M|||50|,,,,,Grass]Rillaboom||AssaultVest|GrassySurge|WoodHammer,GrassyGlide,Uturn,FakeOut|||M|||50|,,,,,Fire]Incineroar||RockyHelmet|Intimidate|Roar,KnockOff,FakeOut,PartingShot|||M|||50|,,,,,Grass]Volcarona||ElectricSeed|FlameBody|FieryDance,GigaDrain,QuiverDance,Protect|||M|||50|,,,,,Grass\n|\n|t:|1776842059\n|teamsize|p1|4\n|teamsize|p2|4\n|start\n|switch|p1a: Lunala|Lunala, L50|100/100\n|switch|p1b: Miraidon|Miraidon, L50|100/100\n|switch|p2a: Rice Shower|Calyrex-Shadow, L50|100/100\n|switch|p2b: Rillaboom|Rillaboom, L50, M|100/100\n|-ability|p2a: Rice Shower|As One\n|-ability|p2a: Rice Shower|Unnerve\n|-fieldstart|move: Electric Terrain|[from] ability: Hadron Engine|[of] p1b: Miraidon\n|-enditem|p1a: Lunala|Electric Seed\n|-boost|p1a: Lunala|def|1|[from] item: Electric Seed\n|-fieldstart|move: Grassy Terrain|[from] ability: Grassy Surge|[of] p2b: Rillaboom\n|turn|1\n|\n|t:|1776842092\n|-terastallize|p2a: Rice Shower|Fairy\n|-terastallize|p1a: Lunala|Fairy\n|move|p2a: Rice Shower|Nasty Plot|p2a: Rice Shower\n|-boost|p2a: Rice Shower|spa|2\n|move|p1b: Miraidon|Volt Switch|p2b: Rillaboom\n|-resisted|p2b: Rillaboom\n|-damage|p2b: Rillaboom|84/100\n|-damage|p1b: Miraidon|91/100|[from] item: Life Orb\n|\n|t:|1776842101\n|switch|p1b: Ursaluna|Ursaluna, L50, F|100/100|[from] Volt Switch\n|move|p2b: Rillaboom|U-turn|p1a: Lunala\n|-resisted|p1a: Lunala\n|-damage|p1a: Lunala|98/100\n|\n|t:|1776842104\n|switch|p2b: pipi|Clefairy, L50, M|100/100|[from] U-turn\n|move|p1a: Lunala|Trick Room|p1a: Lunala\n|-fieldstart|move: Trick Room|[of] p1a: Lunala\n|\n|-heal|p1a: Lunala|100/100|[from] Grassy Terrain\n|-status|p1b: Ursaluna|brn|[from] item: Flame Orb\n|upkeep\n|turn|2\n|\n|t:|1776842129\n|move|p2b: pipi|Protect|p2b: pipi\n|-singleturn|p2b: pipi|Protect\n|move|p2a: Rice Shower|Protect|p2a: Rice Shower\n|-singleturn|p2a: Rice Shower|Protect\n|move|p1a: Lunala|Wide Guard|p1a: Lunala\n|-singleturn|p1a: Lunala|Wide Guard\n|move|p1b: Ursaluna|Earthquake|p2b: pipi|[spread] \n|-activate|p1a: Lunala|move: Wide Guard\n|-activate|p2a: Rice Shower|move: Protect\n|-activate|p2b: pipi|move: Protect\n|\n|-damage|p1b: Ursaluna|94/100 brn|[from] brn\n|upkeep\n|turn|3\n|\n|t:|1776842146\n|move|p1a: Lunala|Wide Guard|p1a: Lunala\n|-singleturn|p1a: Lunala|Wide Guard\n|move|p2b: pipi|Follow Me|p2b: pipi\n|-singleturn|p2b: pipi|move: Follow Me\n|move|p1b: Ursaluna|Earthquake|p2a: Rice Shower|[spread] p2a,p2b\n|-activate|p1a: Lunala|move: Wide Guard\n|-crit|p2a: Rice Shower\n|-damage|p2a: Rice Shower|55/100\n|-damage|p2b: pipi|68/100\n|move|p2a: Rice Shower|Draining Kiss|p1a: Lunala\n|-damage|p1a: Lunala|75/100\n|-heal|p2a: Rice Shower|80/100|[from] drain|[of] p1a: Lunala\n|\n|-heal|p2b: pipi|74/100|[from] Grassy Terrain\n|-heal|p1b: Ursaluna|100/100 brn|[from] Grassy Terrain\n|-heal|p1a: Lunala|81/100|[from] Grassy Terrain\n|-heal|p2a: Rice Shower|86/100|[from] Grassy Terrain\n|-damage|p1b: Ursaluna|94/100 brn|[from] brn\n|upkeep\n|turn|4\n|\n|t:|1776842184\n|switch|p1a: Miraidon|Miraidon, L50|91/100\n|-fieldstart|move: Electric Terrain|[from] ability: Hadron Engine|[of] p1a: Miraidon\n|move|p2b: pipi|Follow Me|p2b: pipi\n|-singleturn|p2b: pipi|move: Follow Me\n|move|p1b: Ursaluna|Facade|p2b: pipi\n|-damage|p2b: pipi|0 fnt\n|faint|p2b: pipi\n|move|p2a: Rice Shower|Draining Kiss|p1a: Miraidon\n|-supereffective|p1a: Miraidon\n|-damage|p1a: Miraidon|0 fnt\n|-heal|p2a: Rice Shower|100/100|[from] drain|[of] p1a: Miraidon\n|faint|p1a: Miraidon\n|-ability|p2a: Rice Shower|Grim Neigh|boost\n|-boost|p2a: Rice Shower|spa|1\n|\n|-damage|p1b: Ursaluna|88/100 brn|[from] brn\n|upkeep\n|\n|t:|1776842221\n|switch|p2b: Rillaboom|Rillaboom, L50, M|84/100\n|switch|p1a: Lunala|Lunala, L50, tera:Fairy|81/100\n|-fieldstart|move: Grassy Terrain|[from] ability: Grassy Surge|[of] p2b: Rillaboom\n|turn|5\n|\n|t:|1776842242\n|switch|p1b: Incineroar|Incineroar, L50, F|100/100\n|-ability|p1b: Incineroar|Intimidate|boost\n|-unboost|p2a: Rice Shower|atk|1\n|-unboost|p2b: Rillaboom|atk|1\n|move|p2b: Rillaboom|Fake Out|p1b: Incineroar\n|-damage|p1b: Incineroar|91/100\n|move|p1a: Lunala|Moongeist Beam|p2a: Rice Shower\n|-damage|p2a: Rice Shower|47/100\n|move|p2a: Rice Shower|Draining Kiss|p1a: Lunala\n|-damage|p1a: Lunala|21/100\n|-heal|p2a: Rice Shower|100/100|[from] drain|[of] p1a: Lunala\n|\n|-heal|p1b: Incineroar|97/100|[from] Grassy Terrain\n|-heal|p2b: Rillaboom|90/100|[from] Grassy Terrain\n|-heal|p1a: Lunala|28/100|[from] Grassy Terrain\n|-fieldend|move: Trick Room\n|upkeep\n|turn|6\n|\n|t:|1776842279\n|move|p2a: Rice Shower|Astral Barrage|p1b: Incineroar|[spread] p1a,p1b\n|-resisted|p1b: Incineroar\n|-damage|p1a: Lunala|0 fnt\n|-damage|p1b: Incineroar|58/100\n|faint|p1a: Lunala\n|-ability|p2a: Rice Shower|Grim Neigh|boost\n|-boost|p2a: Rice Shower|spa|1\n|move|p2b: Rillaboom|U-turn|p1b: Incineroar\n|-damage|p1b: Incineroar|44/100\n|\n|t:|1776842283\n|switch|p2b: Magical Mirai|Miraidon, L50|100/100|[from] U-turn\n|-fieldstart|move: Electric Terrain|[from] ability: Hadron Engine|[of] p2b: Magical Mirai\n|move|p1b: Incineroar|Flare Blitz|p2a: Rice Shower\n|-damage|p2a: Rice Shower|45/100\n|-damage|p1b: Incineroar|27/100|[from] Recoil\n|\n|upkeep\n|\n|t:|1776842293\n|switch|p1a: Ursaluna|Ursaluna, L50, F|88/100 brn\n|turn|7\n|\n|t:|1776842300\n|move|p2a: Rice Shower|Protect|p2a: Rice Shower\n|-singleturn|p2a: Rice Shower|Protect\n|move|p2b: Magical Mirai|Volt Switch|p1b: Incineroar\n|-damage|p1b: Incineroar|0 fnt\n|faint|p1b: Incineroar\n|\n|t:|1776842302\n|switch|p2b: Rillaboom|Rillaboom, L50, M|90/100|[from] Volt Switch\n|-fieldstart|move: Grassy Terrain|[from] ability: Grassy Surge|[of] p2b: Rillaboom\n|move|p1a: Ursaluna|Earthquake|p2a: Rice Shower|[spread] p2b\n|-activate|p2a: Rice Shower|move: Protect\n|-resisted|p2b: Rillaboom\n|-damage|p2b: Rillaboom|74/100\n|\n|-heal|p2a: Rice Shower|50/100|[from] Grassy Terrain\n|-heal|p2b: Rillaboom|81/100|[from] Grassy Terrain\n|-heal|p1a: Ursaluna|94/100 brn|[from] Grassy Terrain\n|-damage|p1a: Ursaluna|88/100 brn|[from] brn\n|upkeep\n|turn|8\n|\n|t:|1776842306\n|move|p2b: Rillaboom|Fake Out|p1a: Ursaluna\n|-damage|p1a: Ursaluna|79/100 brn\n|move|p2a: Rice Shower|Nasty Plot|p2a: Rice Shower\n|-boost|p2a: Rice Shower|spa|2\n|cant|p1a: Ursaluna|flinch\n|\n|-heal|p2a: Rice Shower|56/100|[from] Grassy Terrain\n|-heal|p2b: Rillaboom|87/100|[from] Grassy Terrain\n|-heal|p1a: Ursaluna|85/100 brn|[from] Grassy Terrain\n|-damage|p1a: Ursaluna|79/100 brn|[from] brn\n|upkeep\n|turn|9\n|\n|t:|1776842310\n|move|p2a: Rice Shower|Draining Kiss|p1a: Ursaluna\n|-damage|p1a: Ursaluna|0 fnt\n|-heal|p2a: Rice Shower|100/100|[from] drain|[of] p1a: Ursaluna\n|faint|p1a: Ursaluna\n|\n|win|TheManOfSausage\n|raw|sakurashinmachi's rating: 1513 &rarr; <strong>1500</strong><br />(-13 for losing)\n|raw|TheManOfSausage's rating: 1643 &rarr; <strong>1656</strong><br />(+13 for winning)\n|c|\u2606TheManOfSausage|gg\n|c|\u2606sakurashinmachi|gg\n|l|\u2606sakurashinmachi\n|player|p1|\n","uploadtime":1776842473,"views":16,"formatid":"gen9vgc2026regi","rating":1500,"private":0,"password":null}