{"id":"gen9vgc2026regi-2566777445","format":"[Gen 9] VGC 2026 Reg I","players":["Wawesome","terafireflareblitz"],"log":"|j|\u203dWawesome\n|j|\u2606terafireflareblitz\n|t:|1774407967\n|gametype|doubles\n|player|p1|Wawesome|2|1414\n|player|p2|terafireflareblitz|sycamore|1489\n|gen|9\n|tier|[Gen 9] VGC 2026 Reg I\n|rated|\n|rule|Species Clause: Limit one of each Pok\u00e9mon\n|rule|Item Clause: Limit 1 of each item\n|clearpoke\n|poke|p1|Tornadus, L50, M|\n|poke|p1|Groudon, L50|\n|poke|p1|Grimmsnarl, L50, M|\n|poke|p1|Lunala, L50|\n|poke|p1|Flutter Mane, L50|\n|poke|p1|Rillaboom, L50, F|\n|poke|p2|Koraidon, L50|\n|poke|p2|Lunala, L50|\n|poke|p2|Indeedee-F, L50, F|\n|poke|p2|Flutter Mane, L50|\n|poke|p2|Volcarona, L50, F|\n|poke|p2|Ursaluna, L50, M|\n|teampreview|4\n|inactive|Battle timer is ON: inactive players will automatically lose when time's up. (requested by terafireflareblitz)\n|inactive|Wawesome has 60 seconds left.\n|\n|t:|1774408012\n|teamsize|p1|4\n|teamsize|p2|4\n|start\n|switch|p1a: Grimmsnarl|Grimmsnarl, L50, M|100/100\n|switch|p1b: Groudon|Groudon, L50|100/100\n|switch|p2a: Lunala|Lunala, L50, shiny|100/100\n|switch|p2b: Flutter Mane|Flutter Mane, L50|100/100\n|-weather|SunnyDay|[from] ability: Drought|[of] p1b: Groudon\n|-activate|p2b: Flutter Mane|ability: Protosynthesis\n|-start|p2b: Flutter Mane|protosynthesisspe\n|turn|1\n|\n|t:|1774408021\n|move|p1a: Grimmsnarl|Light Screen|p1a: Grimmsnarl\n|-sidestart|p1: Wawesome|move: Light Screen\n|move|p2b: Flutter Mane|Moonblast|p1a: Grimmsnarl\n|-supereffective|p1a: Grimmsnarl\n|-damage|p1a: Grimmsnarl|49/100\n|-unboost|p1a: Grimmsnarl|spa|1\n|move|p2a: Lunala|Meteor Beam||[still]\n|-prepare|p2a: Lunala|Meteor Beam\n|-boost|p2a: Lunala|spa|1\n|-enditem|p2a: Lunala|Power Herb\n|-anim|p2a: Lunala|Meteor Beam|p1a: Grimmsnarl\n|-damage|p1a: Grimmsnarl|7/100\n|move|p1b: Groudon|Heat Crash|p2b: Flutter Mane\n|-enditem|p2b: Flutter Mane|Focus Sash\n|-damage|p2b: Flutter Mane|1/100\n|\n|-weather|SunnyDay|[upkeep]\n|upkeep\n|turn|2\n|\n|t:|1774408042\n|move|p1a: Grimmsnarl|Reflect|p1a: Grimmsnarl\n|-sidestart|p1: Wawesome|Reflect\n|move|p2b: Flutter Mane|Icy Wind|p1a: Grimmsnarl|[spread] p1a,p1b\n|-supereffective|p1b: Groudon\n|-damage|p1a: Grimmsnarl|0 fnt\n|-damage|p1b: Groudon|87/100\n|-unboost|p1b: Groudon|spe|1\n|faint|p1a: Grimmsnarl\n|move|p2a: Lunala|Expanding Force|p1b: Groudon\n|-crit|p1b: Groudon\n|-damage|p1b: Groudon|20/100\n|move|p1b: Groudon|Precipice Blades|p2b: Flutter Mane|[spread] p2a,p2b\n|-damage|p2a: Lunala|78/100\n|-damage|p2b: Flutter Mane|0 fnt\n|faint|p2b: Flutter Mane\n|-end|p2b: Flutter Mane|Protosynthesis|[silent]\n|\n|-weather|SunnyDay|[upkeep]\n|upkeep\n|\n|t:|1774408056\n|switch|p2b: Koraidon|Koraidon, L50, shiny|100/100\n|switch|p1a: Flutter Mane|Flutter Mane, L50|100/100\n|-activate|p2b: Koraidon|ability: Orichalcum Pulse\n|-activate|p1a: Flutter Mane|ability: Protosynthesis\n|-start|p1a: Flutter Mane|protosynthesisspe\n|turn|3\n|\n|t:|1774408075\n|switch|p2b: Indeedee|Indeedee-F, L50, F|100/100\n|-fieldstart|move: Psychic Terrain|[from] ability: Psychic Surge|[of] p2b: Indeedee\n|-terastallize|p2a: Lunala|Water\n|move|p1a: Flutter Mane|Thunder Wave|p2b: Indeedee\n|-status|p2b: Indeedee|par\n|move|p2a: Lunala|Expanding Force|p1b: Groudon|[spread] p1a,p1b\n|-damage|p1a: Flutter Mane|33/100\n|-damage|p1b: Groudon|0 fnt\n|faint|p1b: Groudon\n|\n|-weather|SunnyDay|[upkeep]\n|upkeep\n|\n|t:|1774408084\n|switch|p1b: Lunala|Lunala, L50|100/100\n|turn|4\n|\n|t:|1774408102\n|move|p1b: Lunala|Wide Guard|p1b: Lunala\n|-singleturn|p1b: Lunala|Wide Guard\n|move|p2b: Indeedee|Follow Me|p2b: Indeedee\n|-singleturn|p2b: Indeedee|move: Follow Me\n|move|p1a: Flutter Mane|Moonblast|p2b: Indeedee\n|-damage|p2b: Indeedee|51/100 par\n|-unboost|p2b: Indeedee|spa|1\n|move|p2a: Lunala|Moongeist Beam|p1a: Flutter Mane\n|-supereffective|p1a: Flutter Mane\n|-damage|p1a: Flutter Mane|0 fnt\n|faint|p1a: Flutter Mane\n|-end|p1a: Flutter Mane|Protosynthesis|[silent]\n|\n|-weather|SunnyDay|[upkeep]\n|upkeep\n|turn|5\n|\n|t:|1774408116\n|cant|p2b: Indeedee|par\n|move|p1b: Lunala|Meteor Beam||[still]\n|-prepare|p1b: Lunala|Meteor Beam\n|-boost|p1b: Lunala|spa|1\n|-enditem|p1b: Lunala|Power Herb\n|-anim|p1b: Lunala|Meteor Beam|p2a: Lunala\n|-damage|p2a: Lunala|33/100\n|move|p2a: Lunala|Moongeist Beam|p1b: Lunala\n|-supereffective|p1b: Lunala\n|-damage|p1b: Lunala|15/100\n|\n|-weather|none\n|upkeep\n|turn|6\n|-message|Wawesome forfeited.\n|\n|win|terafireflareblitz\n|raw|Wawesome's rating: 1414 &rarr; <strong>1398</strong><br />(-16 for losing)\n|raw|terafireflareblitz's rating: 1489 &rarr; <strong>1505</strong><br />(+16 for winning)\n","uploadtime":1774408131,"views":11,"formatid":"gen9vgc2026regi","rating":1398,"private":0,"password":null}