{"id":"gen9vgc2026regi-2553768002","format":"[Gen 9] VGC 2026 Reg I","players":["fogdocker","cpinalli5"],"log":"|j|\u2606fogdocker\n|j|\u2606cpinalli5\n|t:|1772876831\n|gametype|doubles\n|player|p1|fogdocker|2|1534\n|player|p2|cpinalli5|elesa|1637\n|gen|9\n|tier|[Gen 9] VGC 2026 Reg I\n|rated|\n|rule|Species Clause: Limit one of each Pok\u00e9mon\n|rule|Item Clause: Limit 1 of each item\n|clearpoke\n|poke|p1|Calyrex-Ice, L50|\n|poke|p1|Koraidon, L50|\n|poke|p1|Flutter Mane, L50|\n|poke|p1|Incineroar, L50, M|\n|poke|p1|Rillaboom, L50, M|\n|poke|p1|Annihilape, L50, M|\n|poke|p2|Kyogre, L50|\n|poke|p2|Flutter Mane, L50|\n|poke|p2|Urshifu-*, L50, F|\n|poke|p2|Landorus, L50, M|\n|poke|p2|Smeargle, L50, F|\n|poke|p2|Calyrex-Ice, L50|\n|teampreview|4\n|c|\u2606cpinalli5|glhf\n|j| globalfish39\n|c|\u2606fogdocker|gl\n|c|\u2606cpinalli5|if i win im top 15\n|inactive|Battle timer is ON: inactive players will automatically lose when time's up. (requested by cpinalli5)\n|\n|t:|1772876872\n|teamsize|p1|4\n|teamsize|p2|4\n|start\n|switch|p1a: Calyrex|Calyrex-Ice, L50|100/100\n|switch|p1b: Rillaboom|Rillaboom, L50, M|100/100\n|switch|p2a: Smeargle|Smeargle, L50, F|100/100\n|switch|p2b: Calyrex|Calyrex-Ice, L50|100/100\n|-ability|p2b: Calyrex|As One\n|-ability|p2b: Calyrex|Unnerve\n|-ability|p1a: Calyrex|As One\n|-ability|p1a: Calyrex|Unnerve\n|-fieldstart|move: Grassy Terrain|[from] ability: Grassy Surge|[of] p1b: Rillaboom\n|turn|1\n|inactive|cpinalli5 has 30 seconds left.\n|\n|t:|1772876902\n|switch|p1b: Incineroar|Incineroar, L50, M|100/100\n|-ability|p1b: Incineroar|Intimidate|boost\n|-unboost|p2a: Smeargle|atk|1\n|-fail|p2b: Calyrex|unboost|[from] item: Clear Amulet|[of] p2b: Calyrex\n|-enditem|p2a: Smeargle|Eject Pack\n|\n|t:|1772876908\n|switch|p2a: Landorus|Landorus, L50, M|100/100\n|move|p1a: Calyrex|Glacial Lance|p2a: Landorus|[spread] p2a,p2b\n|-supereffective|p2a: Landorus\n|-resisted|p2b: Calyrex\n|-damage|p2a: Landorus|0 fnt\n|-damage|p2b: Calyrex|86/100\n|faint|p2a: Landorus\n|-ability|p1a: Calyrex|Chilling Neigh|boost\n|-boost|p1a: Calyrex|atk|1\n|move|p2b: Calyrex|Trick Room|p2b: Calyrex\n|-fieldstart|move: Trick Room|[of] p2b: Calyrex\n|\n|-heal|p2b: Calyrex|92/100|[from] Grassy Terrain\n|upkeep\n|\n|t:|1772876913\n|switch|p2a: alex|Kyogre, L50|100/100\n|-weather|RainDance|[from] ability: Drizzle|[of] p2a: alex\n|turn|2\n|\n|t:|1772876925\n|-terastallize|p2a: alex|Water\n|-terastallize|p1a: Calyrex|Water\n|move|p1b: Incineroar|Fake Out|p2a: alex\n|-damage|p2a: alex|91/100\n|cant|p2a: alex|flinch\n|move|p2b: Calyrex|Seed Bomb|p1a: Calyrex\n|-supereffective|p1a: Calyrex\n|-damage|p1a: Calyrex|52/100\n|move|p1a: Calyrex|Glacial Lance|p2a: alex|[spread] p2a,p2b\n|-resisted|p2a: alex\n|-resisted|p2b: Calyrex\n|-damage|p2a: alex|60/100\n|-damage|p2b: Calyrex|71/100\n|\n|-weather|RainDance|[upkeep]\n|-heal|p2a: alex|66/100|[from] Grassy Terrain\n|-heal|p1a: Calyrex|58/100|[from] Grassy Terrain\n|-heal|p2b: Calyrex|77/100|[from] Grassy Terrain\n|-heal|p1a: Calyrex|64/100|[from] item: Leftovers\n|upkeep\n|turn|3\n|inactive|fogdocker has 30 seconds left.\n|inactive|fogdocker has 20 seconds left.\n|inactive|fogdocker has 15 seconds left.\n|inactive|fogdocker has 10 seconds left.\n|\n|t:|1772876973\n|switch|p1b: Rillaboom|Rillaboom, L50, M|100/100\n|move|p2a: alex|Origin Pulse|p1a: Calyrex|[spread] p1a,p1b\n|-resisted|p1a: Calyrex\n|-resisted|p1b: Rillaboom\n|-damage|p1a: Calyrex|35/100\n|-damage|p1b: Rillaboom|69/100\n|move|p2b: Calyrex|Seed Bomb|p1a: Calyrex\n|-supereffective|p1a: Calyrex\n|-damage|p1a: Calyrex|0 fnt\n|faint|p1a: Calyrex\n|-ability|p2b: Calyrex|Chilling Neigh|boost\n|-boost|p2b: Calyrex|atk|1\n|\n|-weather|RainDance|[upkeep]\n|-heal|p2a: alex|72/100|[from] Grassy Terrain\n|-heal|p2b: Calyrex|83/100|[from] Grassy Terrain\n|-heal|p1b: Rillaboom|75/100|[from] Grassy Terrain\n|upkeep\n|\n|t:|1772876988\n|switch|p1a: Incineroar|Incineroar, L50, M|100/100\n|-ability|p1a: Incineroar|Intimidate|boost\n|-unboost|p2a: alex|atk|1\n|-fail|p2b: Calyrex|unboost|[from] item: Clear Amulet|[of] p2b: Calyrex\n|turn|4\n|inactive|fogdocker has 30 seconds left.\n|inactive|fogdocker has 20 seconds left.\n|inactive|fogdocker has 15 seconds left.\n|\n|t:|1772877029\n|switch|p1b: Koraidon|Koraidon, L50|100/100\n|-weather|SunnyDay|[from] ability: Orichalcum Pulse|[of] p1b: Koraidon\n|-activate|p1b: Koraidon|Orichalcum Pulse|[source]\n|move|p2a: alex|Protect|p2a: alex\n|-singleturn|p2a: alex|Protect\n|move|p1a: Incineroar|Fake Out|p2b: Calyrex\n|-damage|p2b: Calyrex|76/100\n|cant|p2b: Calyrex|flinch\n|\n|-weather|SunnyDay|[upkeep]\n|-heal|p2a: alex|77/100|[from] Grassy Terrain\n|-heal|p2b: Calyrex|82/100|[from] Grassy Terrain\n|upkeep\n|turn|5\n|\n|t:|1772877043\n|switch|p2a: Smeargle|Smeargle, L50, F|100/100\n|move|p1b: Koraidon|Protect|p1b: Koraidon\n|-singleturn|p1b: Koraidon|Protect\n|move|p2b: Calyrex|Glacial Lance|p1a: Incineroar|[spread] p1a\n|-activate|p1b: Koraidon|move: Protect\n|-resisted|p1a: Incineroar\n|-damage|p1a: Incineroar|68/100\n|move|p1a: Incineroar|Flare Blitz|p2b: Calyrex\n|-supereffective|p2b: Calyrex\n|-damage|p2b: Calyrex|0 fnt\n|faint|p2b: Calyrex\n|-damage|p1a: Incineroar|41/100|[from] Recoil\n|\n|-weather|SunnyDay|[upkeep]\n|-heal|p1a: Incineroar|47/100|[from] Grassy Terrain\n|-fieldend|move: Trick Room\n|-fieldend|move: Grassy Terrain\n|-ability|p2a: Smeargle|Moody|boost\n|-boost|p2a: Smeargle|spe|2\n|-unboost|p2a: Smeargle|def|1\n|upkeep\n|\n|t:|1772877055\n|switch|p2b: alex|Kyogre, L50, tera:Water|77/100\n|-weather|RainDance|[from] ability: Drizzle|[of] p2b: alex\n|turn|6\n|\n|t:|1772877064\n|switch|p1b: Rillaboom|Rillaboom, L50, M|75/100\n|-fieldstart|move: Grassy Terrain|[from] ability: Grassy Surge|[of] p1b: Rillaboom\n|move|p2a: Smeargle|Spore|p1b: Rillaboom\n|-immune|p1b: Rillaboom\n|move|p1a: Incineroar|Knock Off|p2a: Smeargle\n|-damage|p2a: Smeargle|0 fnt\n|faint|p2a: Smeargle\n|move|p2b: alex|Water Spout|p1b: Rillaboom|[spread] p1a,p1b\n|-supereffective|p1a: Incineroar\n|-resisted|p1b: Rillaboom\n|-damage|p1a: Incineroar|0 fnt\n|-damage|p1b: Rillaboom|44/100\n|faint|p1a: Incineroar\n|\n|-weather|RainDance|[upkeep]\n|-heal|p1b: Rillaboom|50/100|[from] Grassy Terrain\n|-heal|p2b: alex|83/100|[from] Grassy Terrain\n|upkeep\n|\n|t:|1772877074\n|switch|p1a: Koraidon|Koraidon, L50|100/100\n|-weather|SunnyDay|[from] ability: Orichalcum Pulse|[of] p1a: Koraidon\n|-activate|p1a: Koraidon|Orichalcum Pulse|[source]\n|turn|7\n|\n|t:|1772877078\n|move|p1b: Rillaboom|Grassy Glide|p2b: alex\n|-supereffective|p2b: alex\n|-damage|p2b: alex|15/100\n|move|p1a: Koraidon|Close Combat|p2b: alex\n|-damage|p2b: alex|0 fnt\n|-unboost|p1a: Koraidon|def|1\n|-unboost|p1a: Koraidon|spd|1\n|faint|p2b: alex\n|-damage|p1a: Koraidon|91/100|[from] item: Life Orb\n|\n|win|fogdocker\n|raw|fogdocker's rating: 1534 &rarr; <strong>1560</strong><br />(+26 for winning)\n|raw|cpinalli5's rating: 1637 &rarr; <strong>1611</strong><br />(-26 for losing)\n|c|\u2606fogdocker|gg\n|c|\u2606cpinalli5|gg\n|c|\u2606cpinalli5|26\n|c|\u2606cpinalli5|is wild\n|l|\u2606cpinalli5\n|player|p2|\n|l|\u2606fogdocker\n|player|p1|\n","uploadtime":1772877089,"views":30,"formatid":"gen9vgc2026regi","rating":1560,"private":0,"password":null}