{"id":"gen9vgc2026regi-2558669968","format":"[Gen 9] VGC 2026 Reg I","players":["euphyyy","ArisHazard"],"log":"|j|\u2606euphyyy\n|j|\u2606ArisHazard\n|t:|1773461153\n|gametype|doubles\n|player|p1|euphyyy|hilda-wonderlauncher|1342\n|player|p2|ArisHazard|102|1410\n|gen|9\n|tier|[Gen 9] VGC 2026 Reg I\n|rated|\n|rule|Species Clause: Limit one of each Pok\u00e9mon\n|rule|Item Clause: Limit 1 of each item\n|clearpoke\n|poke|p1|Calyrex-Shadow, L50|\n|poke|p1|Koraidon, L50|\n|poke|p1|Pachirisu, L50, F|\n|poke|p1|Incineroar, L50, M|\n|poke|p1|Chesnaught, L50, F|\n|poke|p1|Chien-Pao, L50|\n|poke|p2|Calyrex-Ice, L50|\n|poke|p2|Hitmontop, L50, M|\n|poke|p2|Miraidon, L50|\n|poke|p2|Sableye, L50, M|\n|poke|p2|Ting-Lu, L50|\n|poke|p2|Iron Valiant, L50|\n|teampreview|4\n|inactive|Battle timer is ON: inactive players will automatically lose when time's up. (requested by ArisHazard)\n|\n|t:|1773461176\n|teamsize|p1|4\n|teamsize|p2|4\n|start\n|switch|p1a: Incineroar|Incineroar, L50, M|100/100\n|switch|p1b: Calyrex|Calyrex-Shadow, L50|100/100\n|switch|p2a: Calyrex|Calyrex-Ice, L50|100/100\n|switch|p2b: Hitmontop|Hitmontop, L50, M|100/100\n|-ability|p1b: Calyrex|As One\n|-ability|p1b: Calyrex|Unnerve\n|-ability|p2a: Calyrex|As One\n|-ability|p2a: Calyrex|Unnerve\n|-ability|p2b: Hitmontop|Intimidate|boost\n|-unboost|p1a: Incineroar|atk|1\n|-unboost|p1b: Calyrex|atk|1\n|-ability|p1a: Incineroar|Intimidate|boost\n|-fail|p2a: Calyrex|unboost|[from] item: Clear Amulet|[of] p2a: Calyrex\n|-unboost|p2b: Hitmontop|atk|1\n|turn|1\n|inactive|euphyyy has 30 seconds left.\n|inactive|ArisHazard has 30 seconds left.\n|\n|t:|1773461210\n|-terastallize|p2a: Calyrex|Fire\n|move|p2b: Hitmontop|Fake Out|p1a: Incineroar\n|-damage|p1a: Incineroar|94/100\n|move|p1b: Calyrex|Astral Barrage|p2b: Hitmontop|[spread] p2a,p2b\n|-damage|p2a: Calyrex|60/100\n|-damage|p2b: Hitmontop|47/100\n|cant|p1a: Incineroar|flinch\n|move|p2a: Calyrex|Trick Room|p2a: Calyrex\n|-fieldstart|move: Trick Room|[of] p2a: Calyrex\n|\n|upkeep\n|turn|2\n|\n|t:|1773461230\n|move|p2a: Calyrex|Protect|p2a: Calyrex\n|-singleturn|p2a: Calyrex|Protect\n|move|p1b: Calyrex|Protect|p1b: Calyrex\n|-singleturn|p1b: Calyrex|Protect\n|move|p1a: Incineroar|Knock Off|p2a: Calyrex\n|-activate|p2a: Calyrex|move: Protect\n|move|p2b: Hitmontop|Coaching|p2a: Calyrex\n|-boost|p2a: Calyrex|atk|1\n|-boost|p2a: Calyrex|def|1\n|\n|upkeep\n|turn|3\n|inactive|euphyyy has 30 seconds left.\n|inactive|euphyyy has 20 seconds left.\n|inactive|euphyyy has 15 seconds left.\n|inactive|euphyyy has 10 seconds left.\n|\n|t:|1773461277\n|switch|p1b: Pachirisu|Pachirisu, L50, F|100/100\n|move|p2b: Hitmontop|Wide Guard|p2b: Hitmontop\n|-singleturn|p2b: Hitmontop|Wide Guard\n|move|p2a: Calyrex|Glacial Lance|p1a: Incineroar|[spread] p1a,p1b\n|-resisted|p1a: Incineroar\n|-damage|p1a: Incineroar|51/100\n|-damage|p1b: Pachirisu|0 fnt\n|faint|p1b: Pachirisu\n|-ability|p2a: Calyrex|Chilling Neigh|boost\n|-boost|p2a: Calyrex|atk|1\n|move|p1a: Incineroar|Knock Off|p2a: Calyrex\n|-damage|p2a: Calyrex|47/100\n|-enditem|p2a: Calyrex|Clear Amulet|[from] move: Knock Off|[of] p1a: Incineroar\n|\n|upkeep\n|\n|t:|1773461292\n|switch|p1b: Koraidon|Koraidon, L50|100/100\n|-weather|SunnyDay|[from] ability: Orichalcum Pulse|[of] p1b: Koraidon\n|-activate|p1b: Koraidon|Orichalcum Pulse|[source]\n|turn|4\n|\n|t:|1773461310\n|switch|p2b: Sableye|Sableye, L50, M|100/100\n|-terastallize|p1b: Koraidon|Fire\n|move|p2a: Calyrex|Glacial Lance|p1b: Koraidon|[spread] p1a,p1b\n|-resisted|p1a: Incineroar\n|-resisted|p1b: Koraidon\n|-damage|p1a: Incineroar|0 fnt\n|-damage|p1b: Koraidon|53/100\n|faint|p1a: Incineroar\n|-ability|p2a: Calyrex|Chilling Neigh|boost\n|-boost|p2a: Calyrex|atk|1\n|move|p1b: Koraidon|Flame Charge|p2b: Sableye\n|-damage|p2b: Sableye|26/100\n|-boost|p1b: Koraidon|spe|1\n|-enditem|p2b: Sableye|Sitrus Berry|[eat]\n|-heal|p2b: Sableye|51/100|[from] item: Sitrus Berry\n|\n|-weather|SunnyDay|[upkeep]\n|upkeep\n|\n|t:|1773461326\n|switch|p1a: Calyrex|Calyrex-Shadow, L50|100/100\n|-ability|p1a: Calyrex|As One\n|-ability|p1a: Calyrex|Unnerve\n|turn|5\n|\n|t:|1773461335\n|move|p1a: Calyrex|Protect|p1a: Calyrex\n|-singleturn|p1a: Calyrex|Protect\n|move|p1b: Koraidon|Protect|p1b: Koraidon\n|-singleturn|p1b: Koraidon|Protect\n|move|p2a: Calyrex|Glacial Lance|p1a: Calyrex|[spread] \n|-activate|p1a: Calyrex|move: Protect\n|-activate|p1b: Koraidon|move: Protect\n|move|p2b: Sableye|Foul Play|p1a: Calyrex\n|-activate|p1a: Calyrex|move: Protect\n|\n|-weather|SunnyDay|[upkeep]\n|-fieldend|move: Trick Room\n|upkeep\n|turn|6\n|inactive|euphyyy has 30 seconds left.\n|inactive|euphyyy has 20 seconds left.\n|\n|t:|1773461372\n|move|p2b: Sableye|Encore|p1a: Calyrex\n|-start|p1a: Calyrex|Encore\n|move|p1b: Koraidon|Collision Course|p2a: Calyrex\n|-damage|p2a: Calyrex|21/100\n|move|p1a: Calyrex|Protect|p1a: Calyrex\n|-singleturn|p1a: Calyrex|Protect\n|move|p2a: Calyrex|Trick Room|p2a: Calyrex\n|-fieldstart|move: Trick Room|[of] p2a: Calyrex\n|\n|-weather|SunnyDay|[upkeep]\n|upkeep\n|turn|7\n|\n|t:|1773461387\n|move|p1a: Calyrex|Protect||[still]\n|-fail|p1a: Calyrex\n|move|p2a: Calyrex|Glacial Lance|p1a: Calyrex|[spread] p1a,p1b\n|-resisted|p1b: Koraidon\n|-damage|p1a: Calyrex|0 fnt\n|-damage|p1b: Koraidon|0 fnt\n|faint|p1a: Calyrex\n|faint|p1b: Koraidon\n|\n|win|ArisHazard\n|raw|euphyyy's rating: 1342 &rarr; <strong>1326</strong><br />(-16 for losing)\n|raw|ArisHazard's rating: 1410 &rarr; <strong>1426</strong><br />(+16 for winning)\n|l|\u2606ArisHazard\n|player|p2|\n","uploadtime":1773461634,"views":11,"formatid":"gen9vgc2026regi","rating":1326,"private":0,"password":null}