{"id":"gen9vgc2026regi-2559707588","format":"[Gen 9] VGC 2026 Reg I","players":["Odddish262","jd8erh"],"log":"|j|\u2606Odddish262\n|j|\u2606jd8erh\n|t:|1773601794\n|gametype|doubles\n|player|p1|Odddish262|caitlin|1387\n|player|p2|jd8erh|101|1471\n|gen|9\n|tier|[Gen 9] VGC 2026 Reg I\n|rated|\n|rule|Species Clause: Limit one of each Pok\u00e9mon\n|rule|Item Clause: Limit 1 of each item\n|clearpoke\n|poke|p1|Groudon, L50|\n|poke|p1|Chi-Yu, L50|\n|poke|p1|Flutter Mane, L50|\n|poke|p1|Raging Bolt, L50|\n|poke|p1|Calyrex-Ice, L50|\n|poke|p1|Jumpluff, L50, F|\n|poke|p2|Calyrex-Shadow, L50|\n|poke|p2|Koraidon, L50|\n|poke|p2|Brute Bonnet, L50|\n|poke|p2|Raging Bolt, L50|\n|poke|p2|Bronzong, L50|\n|poke|p2|Incineroar, L50, F|\n|teampreview|4\n|inactive|Battle timer is ON: inactive players will automatically lose when time's up. (requested by jd8erh)\n|inactive|Odddish262 also wants the timer to be on.\njd8erh has agreed to open team sheets.\n|inactive|Odddish262 has 60 seconds left.\n|c|\u2606jd8erh|Glhf\n|inactive|Odddish262 has 30 seconds left.\n|inactive|Odddish262 has 20 seconds left.\n|inactive|Odddish262 has 15 seconds left.\n|\n|t:|1773601871\n|teamsize|p1|4\n|teamsize|p2|4\n|start\n|switch|p1a: cuh|Chi-Yu, L50|100/100\n|switch|p1b: buhm|Groudon, L50|100/100\n|switch|p2a: Calyrex|Calyrex-Shadow, L50|100/100\n|switch|p2b: Brute Bonnet|Brute Bonnet, L50|100/100\n|-ability|p2a: Calyrex|As One\n|-ability|p2a: Calyrex|Unnerve\n|-ability|p1a: cuh|Beads of Ruin\n|-weather|SunnyDay|[from] ability: Drought|[of] p1b: buhm\n|-activate|p2b: Brute Bonnet|ability: Protosynthesis\n|-start|p2b: Brute Bonnet|protosynthesisdef\n|turn|1\n|l|\u2606jd8erh\n|inactive|jd8erh disconnected and has a minute to reconnect!\n|player|p2|\n|j|\u2606jd8erh\n|inactive|jd8erh reconnected and has 35 seconds left.\n|player|p2|jd8erh|101|\n|inactive|Odddish262 has 30 seconds left.\n|inactive|jd8erh has 30 seconds left.\n|\n|t:|1773601903\n|-end|p2b: Brute Bonnet|Protosynthesis|[silent]\n|switch|p2b: Incineroar|Incineroar, L50, F|100/100\n|-ability|p2b: Incineroar|Intimidate|boost\n|-unboost|p1a: cuh|atk|1\n|-unboost|p1b: buhm|atk|1\n|move|p2a: Calyrex|Protect|p2a: Calyrex\n|-singleturn|p2a: Calyrex|Protect\n|move|p1a: cuh|Snarl|p2b: Incineroar|[spread] p2b\n|-activate|p2a: Calyrex|move: Protect\n|-resisted|p2b: Incineroar\n|-damage|p2b: Incineroar|89/100\n|-unboost|p2b: Incineroar|spa|1\n|move|p1b: buhm|Heat Crash|p2b: Incineroar\n|-resisted|p2b: Incineroar\n|-damage|p2b: Incineroar|68/100\n|-damage|p1b: buhm|84/100|[from] item: Rocky Helmet|[of] p2b: Incineroar\n|\n|-weather|SunnyDay|[upkeep]\n|upkeep\n|turn|2\n|\n|t:|1773601920\n|-terastallize|p1a: cuh|Ghost\n|-terastallize|p2a: Calyrex|Dark\n|move|p2b: Incineroar|Fake Out|p1b: buhm\n|-damage|p1b: buhm|78/100\n|move|p1a: cuh|Snarl|p2b: Incineroar|[spread] p2a,p2b\n|-resisted|p2a: Calyrex\n|-resisted|p2b: Incineroar\n|-damage|p2a: Calyrex|86/100\n|-damage|p2b: Incineroar|58/100\n|-unboost|p2a: Calyrex|spa|1\n|-unboost|p2b: Incineroar|spa|1\n|move|p2a: Calyrex|Nasty Plot|p2a: Calyrex\n|-boost|p2a: Calyrex|spa|2\n|cant|p1b: buhm|flinch\n|\n|-weather|SunnyDay|[upkeep]\n|upkeep\n|turn|3\n|\n|t:|1773601938\n|move|p1a: cuh|Snarl|p2b: Incineroar|[spread] p2a,p2b\n|-resisted|p2a: Calyrex\n|-resisted|p2b: Incineroar\n|-damage|p2a: Calyrex|71/100\n|-damage|p2b: Incineroar|47/100\n|-unboost|p2a: Calyrex|spa|1\n|-unboost|p2b: Incineroar|spa|1\n|move|p2a: Calyrex|Astral Barrage|p1b: buhm|[spread] p1a,p1b\n|-supereffective|p1a: cuh\n|-damage|p1a: cuh|0 fnt\n|-damage|p1b: buhm|23/100\n|faint|p1a: cuh\n|-ability|p2a: Calyrex|Grim Neigh|boost\n|-boost|p2a: Calyrex|spa|1\n|-damage|p2a: Calyrex|61/100|[from] item: Life Orb\n|move|p1b: buhm|Precipice Blades|p2a: Calyrex|[spread] p2a\n|-miss|p1b: buhm|p2b: Incineroar\n|-damage|p2a: Calyrex|24/100\n|move|p2b: Incineroar|Parting Shot|p1b: buhm\n|-unboost|p1b: buhm|atk|1\n|-unboost|p1b: buhm|spa|1\n|\n|t:|1773601943\n|switch|p2b: Brute Bonnet|Brute Bonnet, L50|100/100|[from] Parting Shot\n|-activate|p2b: Brute Bonnet|ability: Protosynthesis\n|-start|p2b: Brute Bonnet|protosynthesisdef\n|\n|-weather|SunnyDay|[upkeep]\n|upkeep\n|\n|t:|1773601956\n|switch|p1a: fuh|Flutter Mane, L50|100/100\n|-activate|p1a: fuh|ability: Protosynthesis\n|-start|p1a: fuh|protosynthesisspe\n|turn|4\n|\n|t:|1773601964\n|move|p2a: Calyrex|Protect|p2a: Calyrex\n|-singleturn|p2a: Calyrex|Protect\n|move|p2b: Brute Bonnet|Sucker Punch|p1a: fuh\n|-damage|p1a: fuh|31/100\n|move|p1a: fuh|Moonblast|p2b: Brute Bonnet\n|-supereffective|p2b: Brute Bonnet\n|-damage|p2b: Brute Bonnet|15/100\n|move|p1b: buhm|Heat Crash|p2b: Brute Bonnet\n|-supereffective|p2b: Brute Bonnet\n|-damage|p2b: Brute Bonnet|0 fnt\n|faint|p2b: Brute Bonnet\n|-end|p2b: Brute Bonnet|Protosynthesis|[silent]\n|\n|-weather|SunnyDay|[upkeep]\n|upkeep\n|\n|t:|1773601971\n|switch|p2b: Raging Bolt|Raging Bolt, L50|100/100\n|-activate|p2b: Raging Bolt|ability: Protosynthesis\n|-start|p2b: Raging Bolt|protosynthesisspa\n|turn|5\n|\n|t:|1773601979\n|move|p1a: fuh|Protect|p1a: fuh\n|-singleturn|p1a: fuh|Protect\n|move|p2b: Raging Bolt|Thunderclap||[still]\n|-fail|p2b: Raging Bolt\n|move|p2a: Calyrex|Astral Barrage|p1b: buhm|[spread] p1b\n|-activate|p1a: fuh|move: Protect\n|-damage|p1b: buhm|0 fnt\n|faint|p1b: buhm\n|-ability|p2a: Calyrex|Grim Neigh|boost\n|-boost|p2a: Calyrex|spa|1\n|-damage|p2a: Calyrex|15/100|[from] item: Life Orb\n|\n|-weather|none\n|-end|p1a: fuh|Protosynthesis\n|-end|p2b: Raging Bolt|Protosynthesis\n|upkeep\n|\n|t:|1773601995\n|switch|p1b: suh|Calyrex-Ice, L50|100/100\n|-ability|p1b: suh|As One\n|-ability|p1b: suh|Unnerve\n|turn|6\n|\n|t:|1773602003\n|-end|p2b: Raging Bolt|Protosynthesis|[silent]\n|switch|p2b: Incineroar|Incineroar, L50, F|47/100\n|-ability|p2b: Incineroar|Intimidate|boost\n|-unboost|p1a: fuh|atk|1\n|-unboost|p1b: suh|atk|1\n|move|p2a: Calyrex|Astral Barrage|p1b: suh|[spread] p1a,p1b\n|-supereffective|p1a: fuh\n|-supereffective|p1b: suh\n|-damage|p1a: fuh|0 fnt\n|-damage|p1b: suh|0 fnt\n|faint|p1a: fuh\n|-end|p1a: fuh|Protosynthesis|[silent]\n|faint|p1b: suh\n|-damage|p2a: Calyrex|5/100|[from] item: Life Orb\n|\n|win|jd8erh\n|raw|Odddish262's rating: 1387 &rarr; <strong>1372</strong><br />(-15 for losing)\n|raw|jd8erh's rating: 1471 &rarr; <strong>1486</strong><br />(+15 for winning)\n|l|\u2606jd8erh\n|player|p2|\n|l|\u2606Odddish262\n|player|p1|\n","uploadtime":1773602171,"views":10,"formatid":"gen9vgc2026regi","rating":1372,"private":0,"password":null}