{"id":"gen9vgc2026regi-2564509069","format":"[Gen 9] VGC 2026 Reg I","players":["happidoodledoo","anidiotnon"],"log":"|j|\u2606happidoodledoo\n|j|\u2606anidiotnon\n|t:|1774154927\n|gametype|doubles\n|player|p1|happidoodledoo|1|1350\n|player|p2|anidiotnon|red|1396\n|gen|9\n|tier|[Gen 9] VGC 2026 Reg I\n|rated|\n|rule|Species Clause: Limit one of each Pok\u00e9mon\n|rule|Item Clause: Limit 1 of each item\n|clearpoke\n|poke|p1|Calyrex-Shadow, L50|\n|poke|p1|Weezing-Galar, L50, F|\n|poke|p1|Dondozo, L50, M|\n|poke|p1|Tatsugiri-Droopy, L50, F|\n|poke|p1|Brute Bonnet, L50|\n|poke|p1|Koraidon, L50|\n|poke|p2|Calyrex-Ice, L50|\n|poke|p2|Miraidon, L50|\n|poke|p2|Iron Hands, L50|\n|poke|p2|Farigiraf, L50, F|\n|poke|p2|Ogerpon-Hearthflame, L50, F|\n|poke|p2|Urshifu-*, L50, M|\n|teampreview|4\n|inactive|Battle timer is ON: inactive players will automatically lose when time's up. (requested by anidiotnon)\n|inactive|happidoodledoo has 60 seconds left.\n|\n|t:|1774154973\n|teamsize|p1|4\n|teamsize|p2|4\n|start\n|switch|p1a: Weezing|Weezing-Galar, L50, F, shiny|100/100\n|switch|p1b: Koraidon|Koraidon, L50|100/100\n|switch|p2a: Farigiraf|Farigiraf, L50, F|100/100\n|switch|p2b: Iron Hands|Iron Hands, L50|100/100\n|-ability|p1a: Weezing|Neutralizing Gas\n|-block|p1b: Koraidon|item: Ability Shield\n|-weather|SunnyDay|[from] ability: Orichalcum Pulse|[of] p1b: Koraidon\n|-activate|p1b: Koraidon|Orichalcum Pulse|[source]\n|turn|1\n|\n|t:|1774154986\n|-terastallize|p1b: Koraidon|Fire\n|move|p2b: Iron Hands|Fake Out|p1b: Koraidon\n|-damage|p1b: Koraidon|84/100\n|cant|p1b: Koraidon|flinch\n|move|p1a: Weezing|Poison Gas|p2b: Iron Hands|[spread] p2a,p2b\n|-status|p2a: Farigiraf|psn\n|-status|p2b: Iron Hands|psn\n|move|p2a: Farigiraf|Trick Room|p2a: Farigiraf\n|-fieldstart|move: Trick Room|[of] p2a: Farigiraf\n|\n|-weather|SunnyDay|[upkeep]\n|-damage|p2b: Iron Hands|88/100 psn|[from] psn\n|-damage|p2a: Farigiraf|88/100 psn|[from] psn\n|upkeep\n|turn|2\n|\n|t:|1774155008\n|move|p2b: Iron Hands|Wild Charge|p1a: Weezing\n|-damage|p1a: Weezing|60/100\n|-damage|p2b: Iron Hands|82/100 psn|[from] Recoil\n|move|p2a: Farigiraf|Psychic|p1a: Weezing\n|-supereffective|p1a: Weezing\n|-damage|p1a: Weezing|0 fnt\n|faint|p1a: Weezing\n|-end|p1a: Weezing|ability: Neutralizing Gas\n|move|p1b: Koraidon|Collision Course|p2a: Farigiraf\n|-damage|p2a: Farigiraf|19/100 psn\n|\n|-weather|SunnyDay|[upkeep]\n|-damage|p2b: Iron Hands|69/100 psn|[from] psn\n|-damage|p2a: Farigiraf|7/100 psn|[from] psn\n|upkeep\n|inactive|happidoodledoo has 30 seconds left.\n|\n|t:|1774155036\n|switch|p1a: Calyrex|Calyrex-Shadow, L50|100/100\n|-ability|p1a: Calyrex|As One\n|-ability|p1a: Calyrex|Unnerve\n|turn|3\n|\n|t:|1774155058\n|switch|p1b: Brute Bonnet|Brute Bonnet, L50|100/100\n|-activate|p1b: Brute Bonnet|ability: Protosynthesis\n|-start|p1b: Brute Bonnet|protosynthesisdef\n|move|p2b: Iron Hands|Drain Punch|p1b: Brute Bonnet\n|-supereffective|p1b: Brute Bonnet\n|-damage|p1b: Brute Bonnet|51/100\n|-heal|p2b: Iron Hands|90/100 psn|[from] drain|[of] p1b: Brute Bonnet\n|move|p2a: Farigiraf|Foul Play|p1a: Calyrex\n|-supereffective|p1a: Calyrex\n|-damage|p1a: Calyrex|32/100\n|move|p1a: Calyrex|Psychic|p2b: Iron Hands\n|-supereffective|p2b: Iron Hands\n|-damage|p2b: Iron Hands|7/100 psn\n|-damage|p1a: Calyrex|22/100|[from] item: Life Orb\n|\n|-weather|SunnyDay|[upkeep]\n|-damage|p2b: Iron Hands|0 fnt|[from] psn\n|faint|p2b: Iron Hands\n|-end|p2b: Iron Hands|Quark Drive|[silent]\n|-damage|p2a: Farigiraf|0 fnt|[from] psn\n|faint|p2a: Farigiraf\n|upkeep\n|\n|t:|1774155078\n|switch|p2b: Miraidon|Miraidon, L50|100/100\n|switch|p2a: Calyrex|Calyrex-Ice, L50|100/100\n|-ability|p2a: Calyrex|As One\n|-ability|p2a: Calyrex|Unnerve\n|-fieldstart|move: Electric Terrain|[from] ability: Hadron Engine|[of] p2b: Miraidon\n|turn|4\n|\n|t:|1774155102\n|switch|p1a: Koraidon|Koraidon, L50, tera:Fire|84/100\n|-activate|p1a: Koraidon|ability: Orichalcum Pulse\n|-terastallize|p2a: Calyrex|Fire\n|move|p1b: Brute Bonnet|Sucker Punch|p2b: Miraidon\n|-damage|p2b: Miraidon|71/100\n|move|p2a: Calyrex|Glacial Lance|p1a: Koraidon|[spread] p1a,p1b\n|-resisted|p1a: Koraidon\n|-supereffective|p1b: Brute Bonnet\n|-damage|p1a: Koraidon|55/100\n|-damage|p1b: Brute Bonnet|0 fnt\n|faint|p1b: Brute Bonnet\n|-end|p1b: Brute Bonnet|Protosynthesis|[silent]\n|-ability|p2a: Calyrex|Chilling Neigh|boost\n|-boost|p2a: Calyrex|atk|1\n|move|p2b: Miraidon|Electro Drift|p1a: Koraidon\n|-damage|p1a: Koraidon|0 fnt\n|faint|p1a: Koraidon\n|\n|-weather|SunnyDay|[upkeep]\n|upkeep\n|\n|t:|1774155112\n|switch|p1b: Calyrex|Calyrex-Shadow, L50|22/100\n|-ability|p1b: Calyrex|As One\n|-ability|p1b: Calyrex|Unnerve\n|turn|5\n|\n|t:|1774155122\n|move|p1b: Calyrex|Protect|p1b: Calyrex\n|-singleturn|p1b: Calyrex|Protect\n|move|p2a: Calyrex|Glacial Lance|p1b: Calyrex\n|-activate|p1b: Calyrex|move: Protect\n|move|p2b: Miraidon|Electro Drift|p1b: Calyrex\n|-activate|p1b: Calyrex|move: Protect\n|\n|-weather|none\n|-fieldend|move: Trick Room\n|upkeep\n|turn|6\n|\n|t:|1774155128\n|move|p2b: Miraidon|Electro Drift|p1b: Calyrex\n|-damage|p1b: Calyrex|0 fnt\n|faint|p1b: Calyrex\n|\n|win|anidiotnon\n|raw|happidoodledoo's rating: 1350 &rarr; <strong>1333</strong><br />(-17 for losing)\n|raw|anidiotnon's rating: 1396 &rarr; <strong>1413</strong><br />(+17 for winning)\n|l|\u2606happidoodledoo\n|player|p1|\n|l|\u2606anidiotnon\n|player|p2|\n","uploadtime":1774155365,"views":18,"formatid":"gen9vgc2026regi","rating":1333,"private":0,"password":null}