{"id":"gen9vgc2026regi-2549329787","format":"[Gen 9] VGC 2026 Reg I","players":["1zha","GX champion"],"log":"|j|\u26061zha\n|j|\u2606GX champion\n|t:|1772345060\n|gametype|doubles\n|player|p1|1zha|beauty-gen4dp|1624\n|player|p2|GX champion|red|1448\n|gen|9\n|tier|[Gen 9] VGC 2026 Reg I\n|rated|\n|rule|Species Clause: Limit one of each Pok\u00e9mon\n|rule|Item Clause: Limit 1 of each item\n|clearpoke\n|poke|p1|Calyrex-Shadow, L50|\n|poke|p1|Zamazenta-*, L50|\n|poke|p1|Whimsicott, L50, M|\n|poke|p1|Maushold-Four, L50|\n|poke|p1|Chi-Yu, L50|\n|poke|p1|Amoonguss, L50, F|\n|poke|p2|Zamazenta-*, L50|\n|poke|p2|Kyogre, L50|\n|poke|p2|Iron Jugulis, L50|\n|poke|p2|Rillaboom, L50, M|\n|poke|p2|Chien-Pao, L50|\n|poke|p2|Kingambit, L50, M|\n|teampreview|4\n|j| Rxu\n|inactive|Battle timer is ON: inactive players will automatically lose when time's up. (requested by GX champion)\n|\n|t:|1772345098\n|teamsize|p1|4\n|teamsize|p2|4\n|start\n|switch|p1a: Whimsicott|Whimsicott, L50, M, shiny|100/100\n|switch|p1b: Zamazenta|Zamazenta-Crowned, L50|100/100\n|switch|p2a: Iron Jugulis|Iron Jugulis, L50|100/100\n|switch|p2b: Kyogre|Kyogre, L50|100/100\n|-ability|p1b: Zamazenta|Dauntless Shield|boost\n|-boost|p1b: Zamazenta|def|1\n|-weather|RainDance|[from] ability: Drizzle|[of] p2b: Kyogre\n|-enditem|p2a: Iron Jugulis|Booster Energy\n|-activate|p2a: Iron Jugulis|ability: Quark Drive|[fromitem]\n|-start|p2a: Iron Jugulis|quarkdrivespe\n|turn|1\n|inactive|1zha has 30 seconds left.\n|inactive|GX champion has 30 seconds left.\n|inactive|GX champion has 20 seconds left.\n|inactive|1zha has 20 seconds left.\n|inactive|GX champion has 15 seconds left.\n|inactive|GX champion has 10 seconds left.\n|\n|t:|1772345148\n|-terastallize|p1b: Zamazenta|Dragon\n|move|p1a: Whimsicott|Tailwind|p1a: Whimsicott\n|-sidestart|p1: 1zha|move: Tailwind\n|move|p1b: Zamazenta|Body Press|p2a: Iron Jugulis\n|-damage|p2a: Iron Jugulis|37/100\n|move|p2a: Iron Jugulis|Tailwind|p2a: Iron Jugulis\n|-sidestart|p2: GX champion|move: Tailwind\n|move|p2b: Kyogre|Water Spout|p1a: Whimsicott|[spread] p1a,p1b\n|-resisted|p1a: Whimsicott\n|-resisted|p1b: Zamazenta\n|-damage|p1a: Whimsicott|24/100\n|-damage|p1b: Zamazenta|71/100\n|\n|-weather|RainDance|[upkeep]\n|upkeep\n|turn|2\n|\n|t:|1772345173\n|move|p2a: Iron Jugulis|Hurricane|p1b: Zamazenta\n|-damage|p1b: Zamazenta|37/100\n|move|p1a: Whimsicott|Endeavor|p2b: Kyogre\n|-damage|p2b: Kyogre|16/100\n|move|p1b: Zamazenta|Body Press|p2b: Kyogre\n|-damage|p2b: Kyogre|0 fnt\n|faint|p2b: Kyogre\n|\n|-weather|RainDance|[upkeep]\n|upkeep\n|\n|t:|1772345183\n|switch|p2b: Zamazenta|Zamazenta-Crowned, L50|100/100\n|-ability|p2b: Zamazenta|Dauntless Shield|boost\n|-boost|p2b: Zamazenta|def|1\n|turn|3\n|\n|t:|1772345197\n|move|p2a: Iron Jugulis|Hurricane|p1a: Whimsicott\n|-supereffective|p1a: Whimsicott\n|-damage|p1a: Whimsicott|0 fnt\n|faint|p1a: Whimsicott\n|move|p2b: Zamazenta|Body Press|p1b: Zamazenta\n|-damage|p1b: Zamazenta|14/100\n|move|p1b: Zamazenta|Body Press|p2a: Iron Jugulis\n|-damage|p2a: Iron Jugulis|0 fnt\n|faint|p2a: Iron Jugulis\n|-end|p2a: Iron Jugulis|Quark Drive|[silent]\n|\n|-weather|RainDance|[upkeep]\n|upkeep\n|\n|t:|1772345207\n|switch|p1a: Amoonguss|Amoonguss, L50, F, shiny|100/100\n|switch|p2a: Kingambit|Kingambit, L50, M|100/100\n|turn|4\n|inactive|GX champion has 30 seconds left.\n|inactive|1zha has 30 seconds left.\n|inactive|GX champion has 20 seconds left.\n|inactive|GX champion has 15 seconds left.\n|inactive|1zha has 20 seconds left.\n|inactive|1zha has 15 seconds left.\n|inactive|GX champion has 10 seconds left.\n|\n|t:|1772345263\n|-terastallize|p2b: Zamazenta|Grass\n|move|p2b: Zamazenta|Body Press|p1b: Zamazenta\n|-damage|p1b: Zamazenta|0 fnt\n|faint|p1b: Zamazenta\n|move|p2a: Kingambit|Iron Head|p1a: Amoonguss\n|-damage|p1a: Amoonguss|49/100\n|-damage|p2a: Kingambit|91/100|[from] item: Life Orb\n|move|p1a: Amoonguss|Spore|p2a: Kingambit\n|-status|p2a: Kingambit|slp|[from] move: Spore\n|\n|-weather|RainDance|[upkeep]\n|-sideend|p2: GX champion|move: Tailwind\n|-sideend|p1: 1zha|move: Tailwind\n|upkeep\n|\n|t:|1772345273\n|switch|p1b: Calyrex|Calyrex-Shadow, L50|100/100\n|-ability|p1b: Calyrex|As One\n|-ability|p1b: Calyrex|Unnerve\n|turn|5\n|\n|t:|1772345296\n|move|p1a: Amoonguss|Rage Powder|p1a: Amoonguss\n|-singleturn|p1a: Amoonguss|move: Rage Powder\n|move|p1b: Calyrex|Astral Barrage|p2b: Zamazenta|[spread] p2a,p2b\n|-resisted|p2a: Kingambit\n|-damage|p2a: Kingambit|57/100 slp\n|-damage|p2b: Zamazenta|48/100\n|-damage|p1b: Calyrex|91/100|[from] item: Life Orb\n|move|p2b: Zamazenta|Behemoth Bash|p1a: Amoonguss\n|-damage|p1a: Amoonguss|15/100\n|cant|p2a: Kingambit|slp\n|\n|-weather|none\n|upkeep\n|turn|6\n|\n|t:|1772345320\n|move|p2b: Zamazenta|Protect|p2b: Zamazenta\n|-singleturn|p2b: Zamazenta|Protect\n|move|p1a: Amoonguss|Rage Powder|p1a: Amoonguss\n|-singleturn|p1a: Amoonguss|move: Rage Powder\n|move|p1b: Calyrex|Astral Barrage|p2b: Zamazenta|[spread] p2a\n|-activate|p2b: Zamazenta|move: Protect\n|-resisted|p2a: Kingambit\n|-damage|p2a: Kingambit|23/100 slp\n|-damage|p1b: Calyrex|81/100|[from] item: Life Orb\n|cant|p2a: Kingambit|slp\n|\n|upkeep\n|turn|7\n|inactive|1zha has 30 seconds left.\n|\n|t:|1772345350\n|move|p2b: Zamazenta|Wide Guard|p2b: Zamazenta\n|-singleturn|p2b: Zamazenta|Wide Guard\n|move|p1a: Amoonguss|Rage Powder|p1a: Amoonguss\n|-singleturn|p1a: Amoonguss|move: Rage Powder\n|move|p1b: Calyrex|Astral Barrage|p2a: Kingambit|[spread] \n|-activate|p2a: Kingambit|move: Wide Guard\n|-activate|p2b: Zamazenta|move: Wide Guard\n|cant|p2a: Kingambit|slp\n|\n|upkeep\n|turn|8\n|\n|t:|1772345362\n|move|p2b: Zamazenta|Wide Guard|p2b: Zamazenta\n|-singleturn|p2b: Zamazenta|Wide Guard\n|move|p1a: Amoonguss|Rage Powder|p1a: Amoonguss\n|-singleturn|p1a: Amoonguss|move: Rage Powder\n|move|p1b: Calyrex|Psychic|p2b: Zamazenta\n|-crit|p2b: Zamazenta\n|-damage|p2b: Zamazenta|0 fnt\n|faint|p2b: Zamazenta\n|-ability|p1b: Calyrex|Grim Neigh|boost\n|-boost|p1b: Calyrex|spa|1\n|-damage|p1b: Calyrex|72/100|[from] item: Life Orb\n|-curestatus|p2a: Kingambit|slp|[msg]\n|move|p2a: Kingambit|Iron Head|p1a: Amoonguss\n|-damage|p1a: Amoonguss|0 fnt\n|faint|p1a: Amoonguss\n|-damage|p2a: Kingambit|14/100|[from] item: Life Orb\n|\n|upkeep\n|turn|9\n|\n|t:|1772345375\n|move|p1b: Calyrex|Protect|p1b: Calyrex\n|-singleturn|p1b: Calyrex|Protect\n|move|p2a: Kingambit|Sucker Punch||[still]\n|-fail|p2a: Kingambit\n|\n|upkeep\n|turn|10\n|\n|t:|1772345381\n|move|p1b: Calyrex|Nasty Plot|p1b: Calyrex\n|-boost|p1b: Calyrex|spa|2\n|move|p2a: Kingambit|Kowtow Cleave|p1b: Calyrex\n|-supereffective|p1b: Calyrex\n|-damage|p1b: Calyrex|0 fnt\n|faint|p1b: Calyrex\n|-damage|p2a: Kingambit|4/100|[from] item: Life Orb\n|\n|win|GX champion\n|raw|1zha's rating: 1624 &rarr; <strong>1595</strong><br />(-29 for losing)\n|raw|GX champion's rating: 1448 &rarr; <strong>1477</strong><br />(+29 for winning)\n|l|\u26061zha\n|player|p1|\n|l| Rxu\n|l|\u2606GX champion\n|player|p2|\n","uploadtime":1772345535,"views":17,"formatid":"gen9vgc2026regi","rating":1477,"private":0,"password":null}