{"id":"gen9vgc2026regi-2564007457","format":"[Gen 9] VGC 2026 Reg I","players":["mojaaa","I\u2764\ufe0f\u5a1c\u7984Forever"],"log":"|j|\u2606mojaaa\n|j|\u2606I\u2764\ufe0f\u5a1c\u7984Forever\n|t:|1774099133\n|gametype|doubles\n|player|p1|mojaaa|1|1420\n|player|p2|I\u2764\ufe0f\u5a1c\u7984Forever|youngcouple-gen4dp|1376\n|gen|9\n|tier|[Gen 9] VGC 2026 Reg I\n|rated|\n|rule|Species Clause: Limit one of each Pok\u00e9mon\n|rule|Item Clause: Limit 1 of each item\n|clearpoke\n|poke|p1|Calyrex-Ice, L50|\n|poke|p1|Grimmsnarl, L50, M|\n|poke|p1|Incineroar, L50, M|\n|poke|p1|Rillaboom, L50, M|\n|poke|p1|Miraidon, L50|\n|poke|p1|Annihilape, L50, M|\n|poke|p2|Groudon, L50|\n|poke|p2|Kyurem-White, L50|\n|poke|p2|Heatran, L50, F|\n|poke|p2|Whimsicott, L50, M|\n|poke|p2|Ditto, L50|\n|poke|p2|Flutter Mane, L50|\n|teampreview|4\n|\n|t:|1774099174\n|teamsize|p1|4\n|teamsize|p2|4\n|start\n|switch|p1a: Calyrex|Calyrex-Ice, L50|100/100\n|switch|p1b: Grimmsnarl|Grimmsnarl, L50, M|100/100\n|switch|p2a: Kyurem|Kyurem-White, L50|100/100\n|switch|p2b: Heatran|Heatran, L50, F|100/100\n|-ability|p1a: Calyrex|As One\n|-ability|p1a: Calyrex|Unnerve\n|-ability|p2a: Kyurem|Turboblaze\n|turn|1\n|\n|t:|1774099200\n|-terastallize|p1a: Calyrex|Fairy\n|move|p1b: Grimmsnarl|Light Screen|p1b: Grimmsnarl\n|-sidestart|p1: mojaaa|move: Light Screen\n|move|p2a: Kyurem|Shadow Ball|p1a: Calyrex\n|-damage|p1a: Calyrex|84/100\n|-unboost|p1a: Calyrex|spd|1\n|move|p2b: Heatran|Substitute|p2b: Heatran\n|-start|p2b: Heatran|Substitute\n|-damage|p2b: Heatran|76/100\n|move|p1a: Calyrex|Leech Seed||[still]\n|-fail|p1a: Calyrex\n|\n|-heal|p2b: Heatran|82/100|[from] item: Leftovers\n|-heal|p1a: Calyrex|90/100|[from] item: Leftovers\n|upkeep\n|turn|2\n|\n|t:|1774099217\n|move|p1b: Grimmsnarl|Parting Shot|p2a: Kyurem\n|-unboost|p2a: Kyurem|atk|1\n|-unboost|p2a: Kyurem|spa|1\n|\n|t:|1774099220\n|switch|p1b: Incineroar|Incineroar, L50, M|100/100|[from] Parting Shot\n|-ability|p1b: Incineroar|Intimidate|boost\n|-unboost|p2a: Kyurem|atk|1\n|-immune|p2b: Heatran\n|move|p2a: Kyurem|Blizzard|p1b: Incineroar|[spread] p1a\n|-miss|p2a: Kyurem|p1b: Incineroar\n|-enditem|p2a: Kyurem|Blunder Policy\n|-boost|p2a: Kyurem|spe|2\n|-damage|p1a: Calyrex|65/100\n|-status|p1a: Calyrex|frz\n|move|p2b: Heatran|Heat Wave|p1a: Calyrex|[spread] p1a,p1b\n|-resisted|p1b: Incineroar\n|-damage|p1a: Calyrex|41/100 frz\n|-damage|p1b: Incineroar|91/100\n|-curestatus|p1a: Calyrex|frz|[msg]\n|move|p1a: Calyrex|Leech Seed|p2a: Kyurem\n|-start|p2a: Kyurem|move: Leech Seed\n|\n|-heal|p2b: Heatran|88/100|[from] item: Leftovers\n|-heal|p1a: Calyrex|47/100|[from] item: Leftovers\n|-damage|p2a: Kyurem|88/100|[from] Leech Seed|[of] p1a: Calyrex\n|-heal|p1a: Calyrex|61/100|[silent]\n|upkeep\n|turn|3\n|\n|t:|1774099244\n|move|p1a: Calyrex|Protect|p1a: Calyrex\n|-singleturn|p1a: Calyrex|Protect\n|move|p2a: Kyurem|Blizzard|p1b: Incineroar|[spread] \n|-activate|p1a: Calyrex|move: Protect\n|-miss|p2a: Kyurem|p1b: Incineroar\n|move|p2b: Heatran|Heat Wave|p1a: Calyrex|[spread] p1b\n|-activate|p1a: Calyrex|move: Protect\n|-resisted|p1b: Incineroar\n|-damage|p1b: Incineroar|83/100\n|move|p1b: Incineroar|Roar|p2b: Heatran\n|drag|p2b: Ditto|Ditto, L50|100/100\n|-transform|p2b: Ditto|p1a: Calyrex|[from] ability: Imposter\n|-ability|p2b: Ditto|As One\n|-ability|p2b: Ditto|Unnerve\n|\n|-heal|p1a: Calyrex|67/100|[from] item: Leftovers\n|-damage|p2a: Kyurem|75/100|[from] Leech Seed|[of] p1a: Calyrex\n|-heal|p1a: Calyrex|81/100|[silent]\n|upkeep\n|-start|p2b: Ditto|typechange|Psychic/Ice|[silent]\n|turn|4\n|\n|t:|1774099276\n|move|p2a: Kyurem|Blizzard|p1b: Incineroar|[spread] p1a,p1b\n|-resisted|p1b: Incineroar\n|-damage|p1a: Calyrex|56/100\n|-damage|p1b: Incineroar|73/100\n|-status|p1b: Incineroar|frz\n|cant|p1b: Incineroar|frz\n|move|p1a: Calyrex|Glacial Lance|p2b: Ditto|[spread] p2a,p2b\n|-resisted|p2b: Ditto\n|-damage|p2a: Kyurem|26/100\n|-damage|p2b: Ditto|77/100\n|move|p2b: Ditto|Glacial Lance|p1b: Incineroar|[spread] p1a,p1b\n|-resisted|p1b: Incineroar\n|-damage|p1a: Calyrex|22/100\n|-damage|p1b: Incineroar|48/100 frz\n|\n|-heal|p1a: Calyrex|28/100|[from] item: Leftovers\n|-damage|p2a: Kyurem|13/100|[from] Leech Seed|[of] p1a: Calyrex\n|-heal|p1a: Calyrex|42/100|[silent]\n|upkeep\n|turn|5\n|\n|t:|1774099302\n|switch|p2a: Heatran|Heatran, L50, F|88/100\n|move|p1a: Calyrex|Protect|p1a: Calyrex\n|-singleturn|p1a: Calyrex|Protect\n|-curestatus|p1b: Incineroar|frz|[msg]\n|move|p1b: Incineroar|Parting Shot|p2b: Ditto\n|-unboost|p2b: Ditto|atk|1\n|-unboost|p2b: Ditto|spa|1\n|\n|t:|1774099310\n|switch|p1b: Grimmsnarl|Grimmsnarl, L50, M|100/100|[from] Parting Shot\n|move|p2b: Ditto|Leech Seed|p1a: Calyrex\n|-activate|p1a: Calyrex|move: Protect\n|\n|-heal|p2a: Heatran|94/100|[from] item: Leftovers\n|-heal|p1a: Calyrex|48/100|[from] item: Leftovers\n|upkeep\n|turn|6\n|\n|t:|1774099325\n|move|p1b: Grimmsnarl|Parting Shot|p2a: Heatran\n|-unboost|p2a: Heatran|atk|1\n|-unboost|p2a: Heatran|spa|1\n|\n|t:|1774099329\n|switch|p1b: Incineroar|Incineroar, L50, M|48/100|[from] Parting Shot\n|-ability|p1b: Incineroar|Intimidate|boost\n|-unboost|p2a: Heatran|atk|1\n|-unboost|p2b: Ditto|atk|1\n|move|p2a: Heatran|Substitute|p2a: Heatran\n|-start|p2a: Heatran|Substitute\n|-damage|p2a: Heatran|69/100\n|move|p2b: Ditto|Leech Seed|p1a: Calyrex\n|-start|p1a: Calyrex|move: Leech Seed\n|move|p1a: Calyrex|Glacial Lance|p2b: Ditto|[spread] p2a,p2b\n|-resisted|p2a: Heatran\n|-activate|p2a: Heatran|move: Substitute|[damage]\n|-resisted|p2b: Ditto\n|-damage|p2b: Ditto|51/100\n|\n|-heal|p2a: Heatran|75/100|[from] item: Leftovers\n|-heal|p1a: Calyrex|54/100|[from] item: Leftovers\n|-damage|p1a: Calyrex|42/100|[from] Leech Seed|[of] p2b: Ditto\n|-heal|p2b: Ditto|68/100|[silent]\n|upkeep\n|turn|7\n|\n|t:|1774099352\n|switch|p1a: Grimmsnarl|Grimmsnarl, L50, M|100/100\n|switch|p2b: Groudon|Groudon, L50|100/100\n|-weather|SunnyDay|[from] ability: Drought|[of] p2b: Groudon\n|move|p2a: Heatran|Protect|p2a: Heatran\n|-singleturn|p2a: Heatran|Protect\n|move|p1b: Incineroar|Knock Off|p2a: Heatran\n|-activate|p2a: Heatran|move: Protect\n|\n|-weather|SunnyDay|[upkeep]\n|-heal|p2a: Heatran|81/100|[from] item: Leftovers\n|upkeep\n|turn|8\n|\n|t:|1774099369\n|move|p1a: Grimmsnarl|Reflect|p1a: Grimmsnarl\n|-sidestart|p1: mojaaa|Reflect\n|move|p2b: Groudon|Precipice Blades|p1a: Grimmsnarl|[spread] p1a,p1b\n|-supereffective|p1b: Incineroar\n|-damage|p1a: Grimmsnarl|68/100\n|-damage|p1b: Incineroar|0 fnt\n|faint|p1b: Incineroar\n|move|p2a: Heatran|Heat Wave|p1a: Grimmsnarl\n|-damage|p1a: Grimmsnarl|30/100\n|\n|-weather|SunnyDay|[upkeep]\n|-heal|p2a: Heatran|87/100|[from] item: Leftovers\n|-sideend|p1: mojaaa|move: Light Screen\n|upkeep\n|\n|t:|1774099379\n|switch|p1b: Calyrex|Calyrex-Ice, L50, tera:Fairy|42/100\n|-ability|p1b: Calyrex|As One\n|-ability|p1b: Calyrex|Unnerve\n|turn|9\n|\n|t:|1774099386\n|move|p1a: Grimmsnarl|Parting Shot|p2a: Heatran\n|-unboost|p2a: Heatran|atk|1\n|-unboost|p2a: Heatran|spa|1\n|\n|t:|1774099389\n|switch|p1a: Rillaboom|Rillaboom, L50, M|100/100|[from] Parting Shot\n|-fieldstart|move: Grassy Terrain|[from] ability: Grassy Surge|[of] p1a: Rillaboom\n|move|p2b: Groudon|Precipice Blades|p1a: Rillaboom|[spread] p1a,p1b\n|-resisted|p1a: Rillaboom\n|-damage|p1a: Rillaboom|81/100\n|-damage|p1b: Calyrex|17/100\n|move|p2a: Heatran|Heat Wave|p1a: Rillaboom|[spread] p1a,p1b\n|-supereffective|p1a: Rillaboom\n|-damage|p1a: Rillaboom|43/100\n|-damage|p1b: Calyrex|0 fnt\n|faint|p1b: Calyrex\n|\n|-weather|SunnyDay|[upkeep]\n|-heal|p1a: Rillaboom|49/100|[from] Grassy Terrain\n|-heal|p2a: Heatran|93/100|[from] Grassy Terrain\n|-heal|p2a: Heatran|99/100|[from] item: Leftovers\n|upkeep\n|-message|mojaaa forfeited.\n|\n|win|I\u2764\ufe0f\u5a1c\u7984Forever\n|raw|mojaaa's rating: 1420 &rarr; <strong>1397</strong><br />(-23 for losing)\n|raw|I\u2764\ufe0f\u5a1c\u7984Forever's rating: 1376 &rarr; <strong>1399</strong><br />(+23 for winning)\n|l|\u2606mojaaa\n|player|p1|\n|l|\u2606I\u2764\ufe0f\u5a1c\u7984Forever\n|player|p2|\n","uploadtime":1774099607,"views":16,"formatid":"gen9vgc2026regi","rating":1397,"private":0,"password":null}