{"id":"gen9vgc2026regi-2569669838","format":"[Gen 9] VGC 2026 Reg I","players":["Kenobi_1","VJ2511"],"log":"|j|\u2606Kenobi_1\n|j|\u2606VJ2511\n|html|<table width=\"100%\"><tr><td align=\"left\">Kenobi_1</td><td align=\"right\">VJ2511</tr><tr><td align=\"left\"><i class=\"fa fa-circle-o\"></i> <i class=\"fa fa-circle-o\"></i> </td><td align=\"right\"><i class=\"fa fa-circle-o\"></i> <i class=\"fa fa-circle-o\"></i> </tr></table>\n|uhtml|bestof|<h2><strong>Game 1</strong> of <a href=\"/game-bestof3-gen9vgc2026regi-2569669837\">a best-of-3</a></h2>\n|t:|1774721437\n|gametype|doubles\n|player|p1|Kenobi_1|ash-alola|\n|player|p2|VJ2511|2|\n|gen|9\n|tier|[Gen 9] VGC 2026 Reg I\n|rule|Species Clause: Limit one of each Pok\u00e9mon\n|rule|Item Clause: Limit 1 of each item\n|raw|<div class=\"infobox\"><details class=\"readmore\" open><summary><strong>1 custom rule:</strong></summary> Best of = 3</details></div>\n|clearpoke\n|poke|p1|Calyrex-Shadow, L50|\n|poke|p1|Zamazenta-*, L50|\n|poke|p1|Smeargle, L50, F|\n|poke|p1|Tornadus, L50, M|\n|poke|p1|Rillaboom, L50, M|\n|poke|p1|Raging Bolt, L50|\n|poke|p2|Kyogre, L50|\n|poke|p2|Calyrex-Ice, L50|\n|poke|p2|Urshifu-*, L50, M|\n|poke|p2|Flutter Mane, L50|\n|poke|p2|Amoonguss, L50, F|\n|poke|p2|Rillaboom, L50, M|\n|teampreview|4\nKenobi_1 has agreed to open team sheets.\n|inactive|Battle timer is ON: inactive players will automatically lose when time's up. (requested by VJ2511)\n|\n|t:|1774721452\n|teamsize|p1|4\n|teamsize|p2|4\n|start\n|switch|p1a: Smeargle|Smeargle, L50, F|100/100\n|switch|p1b: Tornadus|Tornadus, L50, M|100/100\n|switch|p2a: Kyogre|Kyogre, L50|100/100\n|switch|p2b: Urshifu|Urshifu-Rapid-Strike, L50, M|100/100\n|-weather|RainDance|[from] ability: Drizzle|[of] p2a: Kyogre\n|turn|1\n|\n|t:|1774721461\n|-terastallize|p2b: Urshifu|Ghost\n|move|p1b: Tornadus|Tailwind|p1b: Tornadus\n|-sidestart|p1: Kenobi_1|move: Tailwind\n|move|p1a: Smeargle|Spore|p2b: Urshifu\n|-status|p2b: Urshifu|slp|[from] move: Spore\n|cant|p2b: Urshifu|slp\n|move|p2a: Kyogre|Origin Pulse|p1b: Tornadus|[spread] p1a,p1b\n|-crit|p1b: Tornadus\n|-enditem|p1a: Smeargle|Focus Sash\n|-damage|p1a: Smeargle|1/100\n|-damage|p1b: Tornadus|0 fnt\n|faint|p1b: Tornadus\n|\n|-weather|RainDance|[upkeep]\n|-ability|p1a: Smeargle|Moody|boost\n|-boost|p1a: Smeargle|def|2\n|-unboost|p1a: Smeargle|spd|1\n|upkeep\n|\n|t:|1774721472\n|switch|p1b: Raging Bolt|Raging Bolt, L50|100/100\n|-enditem|p1b: Raging Bolt|Booster Energy\n|-activate|p1b: Raging Bolt|ability: Protosynthesis|[fromitem]\n|-start|p1b: Raging Bolt|protosynthesisspa\n|turn|2\n|\n|t:|1774721483\n|switch|p2a: Amoonguss|Amoonguss, L50, F|100/100\n|move|p1a: Smeargle|Spore|p2a: Amoonguss\n|-immune|p2a: Amoonguss\n|cant|p2b: Urshifu|slp\n|move|p1b: Raging Bolt|Thunderbolt|p2b: Urshifu\n|-crit|p2b: Urshifu\n|-damage|p2b: Urshifu|0 fnt\n|faint|p2b: Urshifu\n|\n|-weather|RainDance|[upkeep]\n|-ability|p1a: Smeargle|Moody|boost\n|-boost|p1a: Smeargle|atk|2\n|-unboost|p1a: Smeargle|spa|1\n|upkeep\n|\n|t:|1774721496\n|switch|p2b: Calyrex|Calyrex-Ice, L50|100/100\n|-ability|p2b: Calyrex|As One\n|-ability|p2b: Calyrex|Unnerve\n|turn|3\n|inactive|Kenobi_1 has 30 seconds left.\n|inactive|Kenobi_1 has 20 seconds left.\n|inactive|Kenobi_1 has 15 seconds left.\n|inactive|Kenobi_1 has 10 seconds left.\n|inactive|Kenobi_1 has 5 seconds left.\n|\n|t:|1774721549\n|move|p1a: Smeargle|Follow Me|p1a: Smeargle\n|-singleturn|p1a: Smeargle|move: Follow Me\n|move|p2a: Amoonguss|Rage Powder|p2a: Amoonguss\n|-singleturn|p2a: Amoonguss|move: Rage Powder\n|move|p1b: Raging Bolt|Draco Meteor|p2a: Amoonguss\n|-damage|p2a: Amoonguss|14/100\n|-unboost|p1b: Raging Bolt|spa|2\n|move|p2b: Calyrex|Trick Room|p2b: Calyrex\n|-fieldstart|move: Trick Room|[of] p2b: Calyrex\n|\n|-weather|RainDance|[upkeep]\n|-ability|p1a: Smeargle|Moody|boost\n|-boost|p1a: Smeargle|atk|2\n|-unboost|p1a: Smeargle|spa|1\n|upkeep\n|turn|4\n|inactive|Kenobi_1 has 30 seconds left.\n|inactiveoff|Battle timer is now OFF.\n|\n|t:|1774721605\n|move|p2a: Amoonguss|Spore|p1b: Raging Bolt\n|-status|p1b: Raging Bolt|slp|[from] move: Spore\n|move|p2b: Calyrex|Glacial Lance|p1b: Raging Bolt|[spread] p1a,p1b\n|-supereffective|p1b: Raging Bolt\n|-damage|p1a: Smeargle|0 fnt\n|-damage|p1b: Raging Bolt|15/100 slp\n|faint|p1a: Smeargle\n|-ability|p2b: Calyrex|Chilling Neigh|boost\n|-boost|p2b: Calyrex|atk|1\n|cant|p1b: Raging Bolt|slp\n|\n|-weather|RainDance|[upkeep]\n|-sideend|p1: Kenobi_1|move: Tailwind\n|upkeep\n|\n|t:|1774721611\n|switch|p1a: Calyrex|Calyrex-Shadow, L50|100/100\n|-ability|p1a: Calyrex|As One\n|-ability|p1a: Calyrex|Unnerve\n|turn|5\n|\n|t:|1774721619\n|-terastallize|p1a: Calyrex|Dark\n|cant|p1b: Raging Bolt|slp\n|move|p2a: Amoonguss|Spore|p1a: Calyrex\n|-status|p1a: Calyrex|slp|[from] move: Spore\n|move|p2b: Calyrex|Glacial Lance|p1b: Raging Bolt|[spread] p1a,p1b\n|-supereffective|p1b: Raging Bolt\n|-damage|p1a: Calyrex|27/100 slp\n|-damage|p1b: Raging Bolt|0 fnt\n|faint|p1b: Raging Bolt\n|-end|p1b: Raging Bolt|Protosynthesis|[silent]\n|-ability|p2b: Calyrex|Chilling Neigh|boost\n|-boost|p2b: Calyrex|atk|1\n|cant|p1a: Calyrex|slp\n|\n|-weather|none\n|upkeep\n|turn|6\n|\n|t:|1774721632\n|move|p2a: Amoonguss|Pollen Puff|p1a: Calyrex\n|-supereffective|p1a: Calyrex\n|-damage|p1a: Calyrex|0 fnt\n|faint|p1a: Calyrex\n|\n|win|VJ2511\n|l|\u2606Kenobi_1\n|player|p1|\n","uploadtime":1774721636,"views":11,"formatid":"gen9vgc2026regi","rating":null,"private":0,"password":null}