{"id":"gen9vgc2026regi-2538700908","format":"[Gen 9] VGC 2026 Reg I","players":["fogdocker","kkSST"],"log":"|j|\u2606fogdocker\n|j|\u2606kkSST\n|t:|1770959190\n|gametype|doubles\n|player|p1|fogdocker|1|1534\n|player|p2|kkSST|caitlin|1573\n|gen|9\n|tier|[Gen 9] VGC 2026 Reg I\n|rated|\n|rule|Species Clause: Limit one of each Pok\u00e9mon\n|rule|Item Clause: Limit 1 of each item\n|clearpoke\n|poke|p1|Calyrex-Ice, L50|\n|poke|p1|Koraidon, L50|\n|poke|p1|Flutter Mane, L50|\n|poke|p1|Incineroar, L50, M|\n|poke|p1|Rillaboom, L50, F|\n|poke|p1|Volcarona, L50, M|\n|poke|p2|Calyrex-Shadow, L50|\n|poke|p2|Grimmsnarl, L50, M|\n|poke|p2|Incineroar, L50, M|\n|poke|p2|Rillaboom, L50, M|\n|poke|p2|Koraidon, L50|\n|poke|p2|Clefairy, L50, F|\n|teampreview|4\n|inactive|Battle timer is ON: inactive players will automatically lose when time's up. (requested by kkSST)\n|\n|t:|1770959231\n|teamsize|p1|4\n|teamsize|p2|4\n|start\n|switch|p1a: Incineroar|Incineroar, L50, M|100/100\n|switch|p1b: Calyrex|Calyrex-Ice, L50|100/100\n|switch|p2a: \u9ecf\u571f\u5f00\u5899\u5de8\u9b54|Grimmsnarl, L50, M, shiny|100/100\n|switch|p2b: \u592a\u5996\u5f3a\u5316\u9ed1\u9a6c|Calyrex-Shadow, L50|100/100\n|-ability|p2b: \u592a\u5996\u5f3a\u5316\u9ed1\u9a6c|As One\n|-ability|p2b: \u592a\u5996\u5f3a\u5316\u9ed1\u9a6c|Unnerve\n|-ability|p1b: Calyrex|As One\n|-ability|p1b: Calyrex|Unnerve\n|-ability|p1a: Incineroar|Intimidate|boost\n|-unboost|p2a: \u9ecf\u571f\u5f00\u5899\u5de8\u9b54|atk|1\n|-unboost|p2b: \u592a\u5996\u5f3a\u5316\u9ed1\u9a6c|atk|1\n|turn|1\n|\n|t:|1770959248\n|-terastallize|p2b: \u592a\u5996\u5f3a\u5316\u9ed1\u9a6c|Ghost\n|move|p1b: Calyrex|Protect|p1b: Calyrex\n|-singleturn|p1b: Calyrex|Protect\n|move|p2a: \u9ecf\u571f\u5f00\u5899\u5de8\u9b54|Fake Out|p1a: Incineroar\n|-damage|p1a: Incineroar|95/100\n|move|p2b: \u592a\u5996\u5f3a\u5316\u9ed1\u9a6c|Astral Barrage|p1a: Incineroar|[spread] p1a\n|-activate|p1b: Calyrex|move: Protect\n|-resisted|p1a: Incineroar\n|-damage|p1a: Incineroar|47/100\n|cant|p1a: Incineroar|flinch\n|\n|upkeep\n|turn|2\n|\n|t:|1770959261\n|-terastallize|p1b: Calyrex|Water\n|move|p2a: \u9ecf\u571f\u5f00\u5899\u5de8\u9b54|Taunt|p1b: Calyrex\n|-start|p1b: Calyrex|move: Taunt\n|move|p2b: \u592a\u5996\u5f3a\u5316\u9ed1\u9a6c|Astral Barrage|p1a: Incineroar|[spread] p1a,p1b\n|-resisted|p1a: Incineroar\n|-damage|p1a: Incineroar|0 fnt\n|-damage|p1b: Calyrex|39/100\n|faint|p1a: Incineroar\n|-ability|p2b: \u592a\u5996\u5f3a\u5316\u9ed1\u9a6c|Grim Neigh|boost\n|-boost|p2b: \u592a\u5996\u5f3a\u5316\u9ed1\u9a6c|spa|1\n|move|p1b: Calyrex|Glacial Lance|p2a: \u9ecf\u571f\u5f00\u5899\u5de8\u9b54|[spread] p2a,p2b\n|-damage|p2a: \u9ecf\u571f\u5f00\u5899\u5de8\u9b54|54/100\n|-damage|p2b: \u592a\u5996\u5f3a\u5316\u9ed1\u9a6c|39/100\n|\n|-heal|p1b: Calyrex|44/100|[from] item: Leftovers\n|upkeep\n|\n|t:|1770959271\n|switch|p1a: Flutter Mane|Flutter Mane, L50|100/100\n|turn|3\n|\n|t:|1770959278\n|switch|p1b: Koraidon|Koraidon, L50|100/100\n|-weather|SunnyDay|[from] ability: Orichalcum Pulse|[of] p1b: Koraidon\n|-activate|p1a: Flutter Mane|ability: Protosynthesis\n|-start|p1a: Flutter Mane|protosynthesisspe\n|-activate|p1b: Koraidon|Orichalcum Pulse|[source]\n|move|p2a: \u9ecf\u571f\u5f00\u5899\u5de8\u9b54|Scary Face|p1a: Flutter Mane\n|-unboost|p1a: Flutter Mane|spe|2\n|move|p2b: \u592a\u5996\u5f3a\u5316\u9ed1\u9a6c|Astral Barrage|p1a: Flutter Mane|[spread] p1a,p1b\n|-supereffective|p1a: Flutter Mane\n|-enditem|p1a: Flutter Mane|Focus Sash\n|-damage|p1a: Flutter Mane|1/100\n|-damage|p1b: Koraidon|0 fnt\n|faint|p1b: Koraidon\n|-ability|p2b: \u592a\u5996\u5f3a\u5316\u9ed1\u9a6c|Grim Neigh|boost\n|-boost|p2b: \u592a\u5996\u5f3a\u5316\u9ed1\u9a6c|spa|1\n|move|p1a: Flutter Mane|Shadow Ball|p2b: \u592a\u5996\u5f3a\u5316\u9ed1\u9a6c\n|-supereffective|p2b: \u592a\u5996\u5f3a\u5316\u9ed1\u9a6c\n|-damage|p2b: \u592a\u5996\u5f3a\u5316\u9ed1\u9a6c|0 fnt\n|faint|p2b: \u592a\u5996\u5f3a\u5316\u9ed1\u9a6c\n|\n|-weather|SunnyDay|[upkeep]\n|upkeep\n|\n|t:|1770959292\n|switch|p2b: \u6807\u51c6\u5760\u9970\u6597\u9f99|Koraidon, L50|100/100\n|switch|p1b: Calyrex|Calyrex-Ice, L50, tera:Water|44/100\n|-ability|p1b: Calyrex|As One\n|-ability|p1b: Calyrex|Unnerve\n|-activate|p2b: \u6807\u51c6\u5760\u9970\u6597\u9f99|ability: Orichalcum Pulse\n|turn|4\n|\n|t:|1770959314\n|move|p1a: Flutter Mane|Protect|p1a: Flutter Mane\n|-singleturn|p1a: Flutter Mane|Protect\n|move|p2b: \u6807\u51c6\u5760\u9970\u6597\u9f99|Collision Course|p1b: Calyrex\n|-damage|p1b: Calyrex|5/100\n|move|p2a: \u9ecf\u571f\u5f00\u5899\u5de8\u9b54|Spirit Break|p1a: Flutter Mane\n|-activate|p1a: Flutter Mane|move: Protect\n|move|p1b: Calyrex|Glacial Lance|p2a: \u9ecf\u571f\u5f00\u5899\u5de8\u9b54|[spread] p2a,p2b\n|-supereffective|p2b: \u6807\u51c6\u5760\u9970\u6597\u9f99\n|-damage|p2a: \u9ecf\u571f\u5f00\u5899\u5de8\u9b54|6/100\n|-damage|p2b: \u6807\u51c6\u5760\u9970\u6597\u9f99|14/100\n|\n|-weather|SunnyDay|[upkeep]\n|-heal|p1b: Calyrex|11/100|[from] item: Leftovers\n|upkeep\n|turn|5\n|\n|t:|1770959336\n|move|p1b: Calyrex|Protect|p1b: Calyrex\n|-singleturn|p1b: Calyrex|Protect\n|move|p2b: \u6807\u51c6\u5760\u9970\u6597\u9f99|Collision Course|p1b: Calyrex\n|-activate|p1b: Calyrex|move: Protect\n|move|p1a: Flutter Mane|Moonblast|p2b: \u6807\u51c6\u5760\u9970\u6597\u9f99\n|-supereffective|p2b: \u6807\u51c6\u5760\u9970\u6597\u9f99\n|-damage|p2b: \u6807\u51c6\u5760\u9970\u6597\u9f99|0 fnt\n|faint|p2b: \u6807\u51c6\u5760\u9970\u6597\u9f99\n|move|p2a: \u9ecf\u571f\u5f00\u5899\u5de8\u9b54|Spirit Break|p1b: Calyrex\n|-activate|p1b: Calyrex|move: Protect\n|\n|-weather|SunnyDay|[upkeep]\n|-heal|p1b: Calyrex|17/100|[from] item: Leftovers\n|upkeep\n|-message|kkSST forfeited.\n|\n|win|fogdocker\n|raw|fogdocker's rating: 1534 &rarr; <strong>1556</strong><br />(+22 for winning)\n|raw|kkSST's rating: 1573 &rarr; <strong>1551</strong><br />(-22 for losing)\n|l|\u2606kkSST\n|player|p2|\n|l|\u2606fogdocker\n|player|p1|\n","uploadtime":1770959491,"views":62,"formatid":"gen9vgc2026regi","rating":1551,"private":0,"password":null}