{"id":"gen9vgc2026regi-2569935591","format":"[Gen 9] VGC 2026 Reg I","players":["kanto25","terafireflareblitz"],"log":"|j|\u2606kanto25\n|j|\u2606terafireflareblitz\n|t:|1774747824\n|gametype|doubles\n|player|p1|kanto25|lucas|1427\n|player|p2|terafireflareblitz|sycamore|1631\n|gen|9\n|tier|[Gen 9] VGC 2026 Reg I\n|rated|\n|rule|Species Clause: Limit one of each Pok\u00e9mon\n|rule|Item Clause: Limit 1 of each item\n|clearpoke\n|poke|p1|Kyogre, L50|\n|poke|p1|Miraidon, L50|\n|poke|p1|Tornadus, L50, M|\n|poke|p1|Farigiraf, L50, F|\n|poke|p1|Iron Hands, L50|\n|poke|p1|Raging Bolt, L50|\n|poke|p2|Koraidon, L50|\n|poke|p2|Lunala, L50|\n|poke|p2|Indeedee-F, L50, F|\n|poke|p2|Flutter Mane, L50|\n|poke|p2|Volcarona, L50, M|\n|poke|p2|Ursaluna, L50, F|\n|teampreview|4\n|inactive|Battle timer is ON: inactive players will automatically lose when time's up. (requested by terafireflareblitz)\n|inactive|kanto25 has 60 seconds left.\n|inactive|kanto25 has 30 seconds left.\n|\n|t:|1774747887\n|teamsize|p1|4\n|teamsize|p2|4\n|start\n|switch|p1a: Kyogre|Kyogre, L50|100/100\n|switch|p1b: Tornadus|Tornadus, L50, M|100/100\n|switch|p2a: Lunala|Lunala, L50, shiny|100/100\n|switch|p2b: Indeedee|Indeedee-F, L50, F|100/100\n|-weather|RainDance|[from] ability: Drizzle|[of] p1a: Kyogre\n|-fieldstart|move: Psychic Terrain|[from] ability: Psychic Surge|[of] p2b: Indeedee\n|turn|1\n|\n|t:|1774747907\n|switch|p1a: Miraidon|Miraidon, L50|100/100\n|-fieldstart|move: Electric Terrain|[from] ability: Hadron Engine|[of] p1a: Miraidon\n|move|p2a: Lunala|Wide Guard|p2a: Lunala\n|-singleturn|p2a: Lunala|Wide Guard\n|move|p1b: Tornadus|Taunt|p2b: Indeedee\n|-start|p2b: Indeedee|move: Taunt\n|move|p2b: Indeedee|Alluring Voice|p1b: Tornadus\n|-damage|p1b: Tornadus|79/100\n|\n|-weather|RainDance|[upkeep]\n|upkeep\n|turn|2\n|inactive|kanto25 has 30 seconds left.\n|\n|t:|1774747937\n|switch|p2b: Volcarona|Volcarona, L50, M|100/100\n|move|p1a: Miraidon|Volt Switch|p2b: Volcarona\n|-damage|p2b: Volcarona|17/100\n|\n|t:|1774747947\n|switch|p1a: Kyogre|Kyogre, L50|100/100|[from] Volt Switch\n|move|p1b: Tornadus|Bleakwind Storm|p2a: Lunala|[spread] p2a,p2b\n|-supereffective|p2b: Volcarona\n|-damage|p2a: Lunala|87/100\n|-damage|p2b: Volcarona|0 fnt\n|faint|p2b: Volcarona\n|move|p2a: Lunala|Meteor Beam||[still]\n|-prepare|p2a: Lunala|Meteor Beam\n|-boost|p2a: Lunala|spa|1\n|-enditem|p2a: Lunala|Power Herb\n|-anim|p2a: Lunala|Meteor Beam|p1b: Tornadus\n|-supereffective|p1b: Tornadus\n|-damage|p1b: Tornadus|0 fnt\n|faint|p1b: Tornadus\n|\n|-weather|RainDance|[upkeep]\n|upkeep\n|\n|t:|1774747965\n|switch|p1b: Iron Hands|Iron Hands, L50|100/100\n|switch|p2b: Koraidon|Koraidon, L50, shiny|100/100\n|-weather|SunnyDay|[from] ability: Orichalcum Pulse|[of] p2b: Koraidon\n|-activate|p2b: Koraidon|Orichalcum Pulse|[source]\n|-activate|p1b: Iron Hands|ability: Quark Drive\n|-start|p1b: Iron Hands|quarkdriveatk\n|turn|3\n|inactive|kanto25 has 30 seconds left.\n|\n|t:|1774747990\n|-terastallize|p2b: Koraidon|Fire\n|move|p2b: Koraidon|Flare Blitz|p1b: Iron Hands\n|-damage|p1b: Iron Hands|0 fnt\n|faint|p1b: Iron Hands\n|-end|p1b: Iron Hands|Quark Drive|[silent]\n|-damage|p2b: Koraidon|54/100|[from] Recoil\n|-damage|p2b: Koraidon|44/100|[from] item: Life Orb\n|move|p2a: Lunala|Moongeist Beam|p1a: Kyogre\n|-damage|p1a: Kyogre|43/100\n|move|p1a: Kyogre|Origin Pulse|p2a: Lunala|[spread] p2a\n|-miss|p1a: Kyogre|p2b: Koraidon\n|-damage|p2a: Lunala|67/100\n|\n|-weather|SunnyDay|[upkeep]\n|upkeep\n|\n|t:|1774748005\n|switch|p1b: Miraidon|Miraidon, L50|100/100\n|-activate|p1b: Miraidon|ability: Hadron Engine\n|turn|4\n|\n|t:|1774748014\n|switch|p2b: Indeedee|Indeedee-F, L50, F|100/100\n|-fieldstart|move: Psychic Terrain|[from] ability: Psychic Surge|[of] p2b: Indeedee\n|move|p1a: Kyogre|Protect|p1a: Kyogre\n|-singleturn|p1a: Kyogre|Protect\n|move|p1b: Miraidon|Electro Drift|p2b: Indeedee\n|-damage|p2b: Indeedee|22/100\n|move|p2a: Lunala|Expanding Force|p1b: Miraidon|[spread] p1b\n|-activate|p1a: Kyogre|move: Protect\n|-damage|p1b: Miraidon|11/100\n|\n|-weather|SunnyDay|[upkeep]\n|upkeep\n|turn|5\n|\n|t:|1774748030\n|-terastallize|p1a: Kyogre|Water\n|move|p2b: Indeedee|Follow Me|p2b: Indeedee\n|-singleturn|p2b: Indeedee|move: Follow Me\n|move|p1b: Miraidon|Electro Drift|p2b: Indeedee\n|-damage|p2b: Indeedee|0 fnt\n|faint|p2b: Indeedee\n|move|p2a: Lunala|Expanding Force|p1b: Miraidon|[spread] p1a,p1b\n|-damage|p1a: Kyogre|0 fnt\n|-damage|p1b: Miraidon|0 fnt\n|faint|p1a: Kyogre\n|faint|p1b: Miraidon\n|\n|win|terafireflareblitz\n|raw|kanto25's rating: 1427 &rarr; <strong>1418</strong><br />(-9 for losing)\n|raw|terafireflareblitz's rating: 1631 &rarr; <strong>1640</strong><br />(+9 for winning)\n","uploadtime":1774748030,"views":13,"formatid":"gen9vgc2026regi","rating":1418,"private":0,"password":null}