{"id":"gen9vgc2026regi-2550619275","format":"[Gen 9] VGC 2026 Reg I","players":["501JFW","carrotvg"],"log":"|j|\u2606501JFW\n|j|\u2606carrotvg\n|t:|1772507378\n|gametype|doubles\n|player|p1|501JFW|170|1443\n|player|p2|carrotvg|lucas|1497\n|gen|9\n|tier|[Gen 9] VGC 2026 Reg I\n|rated|\n|rule|Species Clause: Limit one of each Pok\u00e9mon\n|rule|Item Clause: Limit 1 of each item\n|clearpoke\n|poke|p1|Lunala, L50|\n|poke|p1|Koraidon, L50|\n|poke|p1|Jumpluff, L50, F|\n|poke|p1|Ogerpon-Cornerstone, L50, F|\n|poke|p1|Raging Bolt, L50|\n|poke|p1|Ursaluna, L50, F|\n|poke|p2|Muk-Alola, L50, M|\n|poke|p2|Smeargle, L50, F|\n|poke|p2|Calyrex-Shadow, L50|\n|poke|p2|Tornadus, L50, M|\n|poke|p2|Zamazenta-*, L50|\n|poke|p2|Raging Bolt, L50|\n|teampreview|4\n|inactive|Battle timer is ON: inactive players will automatically lose when time's up. (requested by 501JFW)\n|inactive|501JFW has 60 seconds left.\n|inactive|501JFW has 30 seconds left.\n|inactive|501JFW has 20 seconds left.\n|inactive|501JFW has 15 seconds left.\n|inactive|501JFW has 10 seconds left.\n|inactive|501JFW has 5 seconds left.\n|\n|t:|1772507469\n|teamsize|p1|4\n|teamsize|p2|4\n|start\n|switch|p1a: Koraidon|Koraidon, L50, shiny|100/100\n|switch|p1b: Jumpluff|Jumpluff, L50, F, shiny|100/100\n|switch|p2a: Muk|Muk-Alola, L50, M|100/100\n|switch|p2b: Smeargle|Smeargle, L50, F|100/100\n|-weather|SunnyDay|[from] ability: Orichalcum Pulse|[of] p1a: Koraidon\n|-activate|p1a: Koraidon|Orichalcum Pulse|[source]\n|turn|1\n|\n|t:|1772507483\n|move|p2b: Smeargle|Fake Out|p1a: Koraidon\n|-damage|p1a: Koraidon|95/100\n|move|p1b: Jumpluff|Sleep Powder|p2a: Muk\n|-status|p2a: Muk|slp|[from] move: Sleep Powder\n|cant|p1a: Koraidon|flinch\n|cant|p2a: Muk|slp\n|\n|-weather|SunnyDay|[upkeep]\n|-ability|p2b: Smeargle|Moody|boost\n|-boost|p2b: Smeargle|spa|2\n|-unboost|p2b: Smeargle|atk|1\n|upkeep\n|turn|2\n|\n|t:|1772507507\n|move|p1b: Jumpluff|Sleep Powder|p2b: Smeargle\n|-status|p2b: Smeargle|slp|[from] move: Sleep Powder\n|move|p1a: Koraidon|Close Combat|p2a: Muk\n|-damage|p2a: Muk|29/100 slp\n|-unboost|p1a: Koraidon|def|1\n|-unboost|p1a: Koraidon|spd|1\n|cant|p2b: Smeargle|slp\n|cant|p2a: Muk|slp\n|\n|-weather|SunnyDay|[upkeep]\n|-heal|p2a: Muk|35/100 slp|[from] item: Leftovers\n|-ability|p2b: Smeargle|Moody|boost\n|-boost|p2b: Smeargle|def|2\n|-unboost|p2b: Smeargle|spd|1\n|upkeep\n|turn|3\n|\n|t:|1772507518\n|move|p1b: Jumpluff|Pollen Puff|p2b: Smeargle\n|-damage|p2b: Smeargle|59/100 slp\n|move|p1a: Koraidon|Close Combat|p2a: Muk\n|-damage|p2a: Muk|0 fnt\n|-unboost|p1a: Koraidon|def|1\n|-unboost|p1a: Koraidon|spd|1\n|faint|p2a: Muk\n|cant|p2b: Smeargle|slp\n|\n|-weather|SunnyDay|[upkeep]\n|-ability|p2b: Smeargle|Moody|boost\n|-boost|p2b: Smeargle|spa|2\n|-unboost|p2b: Smeargle|spe|1\n|upkeep\n|\n|t:|1772507529\n|switch|p2a: Calyrex|Calyrex-Shadow, L50|100/100\n|-ability|p2a: Calyrex|As One\n|-ability|p2a: Calyrex|Unnerve\n|turn|4\n|inactive|501JFW has 30 seconds left.\n|\n|t:|1772507559\n|-terastallize|p1b: Jumpluff|Normal\n|cant|p2b: Smeargle|slp\n|move|p1b: Jumpluff|Tailwind|p1b: Jumpluff\n|-sidestart|p1: 501JFW|move: Tailwind\n|move|p1a: Koraidon|Close Combat|p2b: Smeargle\n|-supereffective|p2b: Smeargle\n|-damage|p2b: Smeargle|0 fnt\n|-unboost|p1a: Koraidon|def|1\n|-unboost|p1a: Koraidon|spd|1\n|faint|p2b: Smeargle\n|move|p2a: Calyrex|Astral Barrage|p1b: Jumpluff|[spread] p1a\n|-immune|p1b: Jumpluff\n|-damage|p1a: Koraidon|0 fnt\n|faint|p1a: Koraidon\n|-ability|p2a: Calyrex|Grim Neigh|boost\n|-boost|p2a: Calyrex|spa|1\n|\n|-weather|SunnyDay|[upkeep]\n|upkeep\n|\n|t:|1772507569\n|switch|p1a: Lunala|Lunala, L50, shiny|100/100\n|switch|p2b: Zamazenta|Zamazenta-Crowned, L50|100/100\n|-ability|p2b: Zamazenta|Dauntless Shield|boost\n|-boost|p2b: Zamazenta|def|1\n|turn|5\n|inactive|carrotvg has 30 seconds left.\n|inactive|carrotvg has 20 seconds left.\n|\n|t:|1772507608\n|move|p2a: Calyrex|Protect|p2a: Calyrex\n|-singleturn|p2a: Calyrex|Protect\n|move|p1b: Jumpluff|Sleep Powder|p2a: Calyrex\n|-activate|p2a: Calyrex|move: Protect\n|move|p1a: Lunala|Heat Wave|p2a: Calyrex|[spread] p2b\n|-activate|p2a: Calyrex|move: Protect\n|-supereffective|p2b: Zamazenta\n|-damage|p2b: Zamazenta|48/100\n|move|p2b: Zamazenta|Body Press|p1b: Jumpluff\n|-supereffective|p1b: Jumpluff\n|-damage|p1b: Jumpluff|0 fnt\n|faint|p1b: Jumpluff\n|\n|-weather|none\n|upkeep\n|\n|t:|1772507612\n|switch|p1b: Raging Bolt|Raging Bolt, L50|100/100\n|turn|6\n|inactive|501JFW has 30 seconds left.\n|inactive|501JFW has 20 seconds left.\n|inactive|501JFW has 15 seconds left.\n|\n|t:|1772507653\n|-terastallize|p2a: Calyrex|Ghost\n|move|p1a: Lunala|Wide Guard|p1a: Lunala\n|-singleturn|p1a: Lunala|Wide Guard\n|move|p2a: Calyrex|Astral Barrage|p1a: Lunala|[spread] \n|-activate|p1a: Lunala|move: Wide Guard\n|-activate|p1b: Raging Bolt|move: Wide Guard\n|move|p1b: Raging Bolt|Electroweb|p2a: Calyrex|[spread] p2a,p2b\n|-damage|p2a: Calyrex|77/100\n|-damage|p2b: Zamazenta|33/100\n|-unboost|p2a: Calyrex|spe|1\n|-unboost|p2b: Zamazenta|spe|1\n|move|p2b: Zamazenta|Body Press|p1b: Raging Bolt\n|-damage|p1b: Raging Bolt|40/100\n|\n|upkeep\n|turn|7\n|inactive|501JFW has 30 seconds left.\n|inactive|501JFW has 20 seconds left.\n|l|\u2606501JFW\n|inactive|501JFW disconnected and has a minute to reconnect!\n|player|p1|\n|inactive|501JFW has 15 seconds left.\n|inactive|501JFW has 10 seconds left.\n|inactive|501JFW has 5 seconds left.\n|j|\u2606501JFW\n|inactive|501JFW reconnected and has 5 seconds left.\n|player|p1|501JFW|170|\n|\n|t:|1772507708\n|move|p2a: Calyrex|Protect|p2a: Calyrex\n|-singleturn|p2a: Calyrex|Protect\n|move|p2b: Zamazenta|Protect|p2b: Zamazenta\n|-singleturn|p2b: Zamazenta|Protect\n|move|p1a: Lunala|Moongeist Beam|p2a: Calyrex\n|-activate|p2a: Calyrex|move: Protect\n|move|p1b: Raging Bolt|Draco Meteor|p2a: Calyrex\n|-activate|p2a: Calyrex|move: Protect\n|\n|-sideend|p1: 501JFW|move: Tailwind\n|upkeep\n|turn|8\n|\n|t:|1772507732\n|move|p1a: Lunala|Moongeist Beam|p2a: Calyrex\n|-supereffective|p2a: Calyrex\n|-damage|p2a: Calyrex|0 fnt\n|faint|p2a: Calyrex\n|move|p2b: Zamazenta|Body Press|p1b: Raging Bolt\n|-crit|p1b: Raging Bolt\n|-damage|p1b: Raging Bolt|0 fnt\n|faint|p1b: Raging Bolt\n|-end|p1b: Raging Bolt|Protosynthesis|[silent]\n|\n|upkeep\n|turn|9\n|-message|carrotvg forfeited.\n|\n|win|501JFW\n|raw|501JFW's rating: 1443 &rarr; <strong>1465</strong><br />(+22 for winning)\n|raw|carrotvg's rating: 1481 &rarr; <strong>1459</strong><br />(-22 for losing)\n|l|\u2606carrotvg\n|player|p2|\n|l|\u2606501JFW\n|player|p1|\n","uploadtime":1772507932,"views":19,"formatid":"gen9vgc2026regi","rating":1459,"private":0,"password":null}