{"id":"gen9vgc2026regi-2530818469","format":"[Gen 9] VGC 2026 Reg I","players":["bullgod4ever","Luh_simoes-04"],"log":"|j|\u2606bullgod4ever\n|j|\u2606Luh_simoes-04\n|t:|1769975980\n|gametype|doubles\n|player|p1|bullgod4ever|265|1499\n|player|p2|Luh_simoes-04|drayden|1335\n|gen|9\n|tier|[Gen 9] VGC 2026 Reg I\n|rated|\n|rule|Species Clause: Limit one of each Pok\u00e9mon\n|rule|Item Clause: Limit 1 of each item\n|clearpoke\n|poke|p1|Calyrex-Shadow, L50|\n|poke|p1|Zamazenta-*, L50|\n|poke|p1|Chien-Pao, L50|\n|poke|p1|Dragonite, L50, F|\n|poke|p1|Amoonguss, L50, M|\n|poke|p1|Ogerpon-Cornerstone, L50, F|\n|poke|p2|Lunala, L50|\n|poke|p2|Ogerpon-Cornerstone, L50, F|\n|poke|p2|Calyrex-Ice, L50|\n|poke|p2|Urshifu-*, L50, M|\n|poke|p2|Armarouge, L50, F|\n|poke|p2|Indeedee-F, L50, F|\n|teampreview|4\n|inactive|Battle timer is ON: inactive players will automatically lose when time's up. (requested by Luh_simoes-04)\n|inactive|bullgod4ever has 60 seconds left.\n|\n|t:|1769976013\n|teamsize|p1|4\n|teamsize|p2|4\n|start\n|switch|p1a: Chien-Pao|Chien-Pao, L50|100/100\n|switch|p1b: Dragonite|Dragonite, L50, F|100/100\n|switch|p2a: Indeedee|Indeedee-F, L50, F|100/100\n|switch|p2b: Lunala|Lunala, L50|100/100\n|-ability|p1a: Chien-Pao|Sword of Ruin\n|-fieldstart|move: Psychic Terrain|[from] ability: Psychic Surge|[of] p2a: Indeedee\n|turn|1\n|\n|t:|1769976028\n|move|p2a: Indeedee|Follow Me|p2a: Indeedee\n|-singleturn|p2a: Indeedee|move: Follow Me\n|move|p1a: Chien-Pao|Ice Spinner|p2a: Indeedee\n|-damage|p2a: Indeedee|56/100\n|-fieldend|move: Psychic Terrain\n|move|p1b: Dragonite|Outrage|p2a: Indeedee\n|-damage|p2a: Indeedee|0 fnt\n|faint|p2a: Indeedee\n|move|p2b: Lunala|Trick Room|p2b: Lunala\n|-fieldstart|move: Trick Room|[of] p2b: Lunala\n|\n|upkeep\n|\n|t:|1769976033\n|switch|p2a: Urshifu|Urshifu, L50, M|100/100\n|turn|2\n|\n|t:|1769976052\n|-terastallize|p2b: Lunala|Fairy\n|move|p1a: Chien-Pao|Sucker Punch|p2b: Lunala\n|-resisted|p2b: Lunala\n|-damage|p2b: Lunala|93/100\n|move|p2a: Urshifu|Wicked Blow|p1a: Chien-Pao\n|-resisted|p1a: Chien-Pao\n|-crit|p1a: Chien-Pao\n|-damage|p1a: Chien-Pao|65/100\n|move|p2b: Lunala|Meteor Beam||[still]\n|-prepare|p2b: Lunala|Meteor Beam\n|-boost|p2b: Lunala|spa|1\n|-enditem|p2b: Lunala|Power Herb\n|-anim|p2b: Lunala|Meteor Beam|p1b: Dragonite\n|-supereffective|p1b: Dragonite\n|-damage|p1b: Dragonite|0 fnt\n|faint|p1b: Dragonite\n|\n|upkeep\n|\n|t:|1769976069\n|switch|p1b: Amoonguss|Amoonguss, L50, M|100/100\n|turn|3\n|inactive|Luh_simoes-04 has 30 seconds left.\n|\n|t:|1769976103\n|move|p1a: Chien-Pao|Ice Shard|p2a: Urshifu\n|-damage|p2a: Urshifu|77/100\n|move|p2a: Urshifu|Close Combat|p1a: Chien-Pao\n|-supereffective|p1a: Chien-Pao\n|-damage|p1a: Chien-Pao|0 fnt\n|-unboost|p2a: Urshifu|def|1\n|-unboost|p2a: Urshifu|spd|1\n|faint|p1a: Chien-Pao\n|move|p1b: Amoonguss|Spore|p2b: Lunala\n|-status|p2b: Lunala|slp|[from] move: Spore\n|cant|p2b: Lunala|slp\n|\n|upkeep\n|\n|t:|1769976116\n|switch|p1a: Calyrex|Calyrex-Shadow, L50|100/100\n|-ability|p1a: Calyrex|As One\n|-ability|p1a: Calyrex|Unnerve\n|turn|4\n|\n|t:|1769976125\n|-terastallize|p1a: Calyrex|Ghost\n|move|p2a: Urshifu|Detect|p2a: Urshifu\n|-singleturn|p2a: Urshifu|Protect\n|move|p1b: Amoonguss|Spore|p2a: Urshifu\n|-activate|p2a: Urshifu|move: Protect\n|cant|p2b: Lunala|slp\n|move|p1a: Calyrex|Astral Barrage|p2a: Urshifu|[spread] p2b\n|-activate|p2a: Urshifu|move: Protect\n|-damage|p2b: Lunala|37/100 slp\n|\n|upkeep\n|turn|5\n|\n|t:|1769976141\n|switch|p2a: Armarouge|Armarouge, L50, F|100/100\n|move|p1b: Amoonguss|Spore|p2a: Armarouge\n|-status|p2a: Armarouge|slp|[from] move: Spore\n|cant|p2b: Lunala|slp\n|move|p1a: Calyrex|Astral Barrage|p2a: Armarouge|[spread] p2a,p2b\n|-supereffective|p2a: Armarouge\n|-damage|p2a: Armarouge|0 fnt\n|-damage|p2b: Lunala|0 fnt\n|faint|p2a: Armarouge\n|faint|p2b: Lunala\n|-ability|p1a: Calyrex|Grim Neigh|boost\n|-boost|p1a: Calyrex|spa|2\n|\n|-fieldend|move: Trick Room\n|upkeep\n|-message|Luh_simoes-04 forfeited.\n|\n|win|bullgod4ever\n|raw|bullgod4ever's rating: 1499 &rarr; <strong>1510</strong><br />(+11 for winning)\n|raw|Luh_simoes-04's rating: 1335 &rarr; <strong>1324</strong><br />(-11 for losing)\n|l|\u2606Luh_simoes-04\n|player|p2|\n","uploadtime":1769976354,"views":12,"formatid":"gen9vgc2026regi","rating":1324,"private":0,"password":null}