{"id":"gen9vgc2026regi-2580686572","format":"[Gen 9] VGC 2026 Reg I","players":["ItsLeviosaStpItRon","koudaimiluyou"],"log":"|j|\u2606ItsLeviosaStpItRon\n|j|\u2606koudaimiluyou\n|t:|1775924248\n|gametype|doubles\n|player|p1|ItsLeviosaStpItRon|dragontamer|1380\n|player|p2|koudaimiluyou|elesa|1383\n|gen|9\n|tier|[Gen 9] VGC 2026 Reg I\n|rated|\n|rule|Species Clause: Limit one of each Pok\u00e9mon\n|rule|Item Clause: Limit 1 of each item\n|clearpoke\n|poke|p1|Koraidon, L50|\n|poke|p1|Lunala, L50|\n|poke|p1|Brute Bonnet, L50|\n|poke|p1|Ursaluna, L50, M|\n|poke|p1|Chi-Yu, L50|\n|poke|p1|Flutter Mane, L50|\n|poke|p2|Calyrex-Shadow, L50|\n|poke|p2|Koraidon, L50|\n|poke|p2|Clefairy, L50, M|\n|poke|p2|Indeedee-F, L50, F|\n|poke|p2|Iron Valiant, L50|\n|poke|p2|Raging Bolt, L50|\n|teampreview|4\nItsLeviosaStpItRon has agreed to open team sheets.\n|inactive|Battle timer is ON: inactive players will automatically lose when time's up. (requested by ItsLeviosaStpItRon)\n|\n|t:|1775924326\n|teamsize|p1|4\n|teamsize|p2|4\n|start\n|switch|p1a: Leviooosa|Chi-Yu, L50|100/100\n|switch|p1b: Wingardium|Flutter Mane, L50|100/100\n|switch|p2a: Koraidon|Koraidon, L50|100/100\n|switch|p2b: Iron Valiant|Iron Valiant, L50|100/100\n|-ability|p1a: Leviooosa|Beads of Ruin\n|-weather|SunnyDay|[from] ability: Orichalcum Pulse|[of] p2a: Koraidon\n|-activate|p1b: Wingardium|ability: Protosynthesis\n|-start|p1b: Wingardium|protosynthesisspe\n|-activate|p2a: Koraidon|Orichalcum Pulse|[source]\n|-enditem|p2b: Iron Valiant|Booster Energy\n|-activate|p2b: Iron Valiant|ability: Quark Drive|[fromitem]\n|-start|p2b: Iron Valiant|quarkdrivespe\n|turn|1\n|inactive|ItsLeviosaStpItRon has 30 seconds left.\n|inactive|koudaimiluyou has 30 seconds left.\n|inactive|koudaimiluyou has 20 seconds left.\n|\n|t:|1775924365\n|-terastallize|p2a: Koraidon|Fire\n|move|p2b: Iron Valiant|Wide Guard|p2b: Iron Valiant\n|-singleturn|p2b: Iron Valiant|Wide Guard\n|move|p1b: Wingardium|Moonblast|p2a: Koraidon\n|-resisted|p2a: Koraidon\n|-damage|p2a: Koraidon|72/100\n|-unboost|p2a: Koraidon|spa|1\n|move|p1a: Leviooosa|Overheat|p2b: Iron Valiant\n|-damage|p2b: Iron Valiant|0 fnt\n|-unboost|p1a: Leviooosa|spa|2\n|faint|p2b: Iron Valiant\n|-end|p2b: Iron Valiant|Quark Drive|[silent]\n|move|p2a: Koraidon|Flame Charge|p1b: Wingardium\n|-enditem|p1b: Wingardium|Focus Sash\n|-damage|p1b: Wingardium|1/100\n|-boost|p2a: Koraidon|spe|1\n|\n|-weather|SunnyDay|[upkeep]\n|upkeep\n|\n|t:|1775924381\n|switch|p2b: Clefairy|Clefairy, L50, M|100/100\n|turn|2\n|\n|t:|1775924399\n|switch|p1a: Not Leviosaaaa|Lunala, L50|100/100\n|move|p1b: Wingardium|Protect|p1b: Wingardium\n|-singleturn|p1b: Wingardium|Protect\n|move|p2a: Koraidon|Swords Dance|p2a: Koraidon\n|-boost|p2a: Koraidon|atk|2\n|move|p2b: Clefairy|Life Dew||[still]|[spread] p2a,p2b\n|-heal|p2a: Koraidon|97/100\n|-fail|p2b: Clefairy|heal\n|\n|-weather|SunnyDay|[upkeep]\n|upkeep\n|turn|3\n|c|\u2606ItsLeviosaStpItRon|Well done!\n|inactive|ItsLeviosaStpItRon has 30 seconds left.\n|inactive|koudaimiluyou has 30 seconds left.\n|\n|t:|1775924431\n|move|p2b: Clefairy|Follow Me|p2b: Clefairy\n|-singleturn|p2b: Clefairy|move: Follow Me\n|move|p1b: Wingardium|Icy Wind|p2a: Koraidon|[spread] p2a,p2b\n|-resisted|p2a: Koraidon\n|-damage|p2a: Koraidon|93/100\n|-damage|p2b: Clefairy|86/100\n|-unboost|p2a: Koraidon|spe|1\n|-unboost|p2b: Clefairy|spe|1\n|move|p2a: Koraidon|Flame Charge|p1b: Wingardium\n|-damage|p1b: Wingardium|0 fnt\n|-boost|p2a: Koraidon|spe|1\n|faint|p1b: Wingardium\n|-end|p1b: Wingardium|Protosynthesis|[silent]\n|move|p1a: Not Leviosaaaa|Trick Room|p1a: Not Leviosaaaa\n|-fieldstart|move: Trick Room|[of] p1a: Not Leviosaaaa\n|\n|-weather|SunnyDay|[upkeep]\n|upkeep\n|\n|t:|1775924453\n|switch|p1b: Leviooosa|Chi-Yu, L50|100/100\n|-ability|p1b: Leviooosa|Beads of Ruin\n|turn|4\n|\n|t:|1775924475\n|move|p2b: Clefairy|Follow Me|p2b: Clefairy\n|-singleturn|p2b: Clefairy|move: Follow Me\n|move|p1a: Not Leviosaaaa|Moongeist Beam|p2b: Clefairy\n|-damage|p2b: Clefairy|19/100\n|move|p1b: Leviooosa|Overheat|p2b: Clefairy\n|-crit|p2b: Clefairy\n|-damage|p2b: Clefairy|0 fnt\n|-unboost|p1b: Leviooosa|spa|2\n|faint|p2b: Clefairy\n|move|p2a: Koraidon|Drain Punch|p1b: Leviooosa\n|-supereffective|p1b: Leviooosa\n|-damage|p1b: Leviooosa|0 fnt\n|-heal|p2a: Koraidon|100/100|[from] drain|[of] p1b: Leviooosa\n|faint|p1b: Leviooosa\n|\n|-weather|SunnyDay|[upkeep]\n|upkeep\n|\n|t:|1775924484\n|switch|p2b: Calyrex|Calyrex-Shadow, L50|100/100\n|switch|p1b: It's|Koraidon, L50|100/100\n|-ability|p2b: Calyrex|As One\n|-ability|p2b: Calyrex|Unnerve\n|-activate|p1b: It's|ability: Orichalcum Pulse\n|turn|5\n|inactive|ItsLeviosaStpItRon has 30 seconds left.\n|\n|t:|1775924510\n|-terastallize|p1a: Not Leviosaaaa|Water\n|move|p2b: Calyrex|Protect|p2b: Calyrex\n|-singleturn|p2b: Calyrex|Protect\n|move|p2a: Koraidon|Protect|p2a: Koraidon\n|-singleturn|p2a: Koraidon|Protect\n|move|p1a: Not Leviosaaaa|Meteor Beam||[still]\n|-prepare|p1a: Not Leviosaaaa|Meteor Beam\n|-boost|p1a: Not Leviosaaaa|spa|1\n|-enditem|p1a: Not Leviosaaaa|Power Herb\n|-anim|p1a: Not Leviosaaaa|Meteor Beam|p2a: Koraidon\n|-activate|p2a: Koraidon|move: Protect\n|move|p1b: It's|Flare Blitz|p2b: Calyrex\n|-activate|p2b: Calyrex|move: Protect\n|\n|-weather|none\n|upkeep\n|turn|6\n|\n|t:|1775924521\n|move|p1a: Not Leviosaaaa|Moongeist Beam|p2b: Calyrex\n|-supereffective|p2b: Calyrex\n|-enditem|p2b: Calyrex|Focus Sash\n|-damage|p2b: Calyrex|1/100\n|move|p1b: It's|Flame Charge|p2b: Calyrex\n|-damage|p2b: Calyrex|0 fnt\n|-boost|p1b: It's|spe|1\n|faint|p2b: Calyrex\n|-damage|p1b: It's|91/100|[from] item: Life Orb\n|move|p2a: Koraidon|Drain Punch|p1a: Not Leviosaaaa\n|-damage|p1a: Not Leviosaaaa|66/100\n|\n|upkeep\n|turn|7\n|\n|t:|1775924544\n|move|p1a: Not Leviosaaaa|Moongeist Beam|p2a: Koraidon\n|-damage|p2a: Koraidon|33/100\n|move|p2a: Koraidon|Drain Punch|p1a: Not Leviosaaaa\n|-damage|p1a: Not Leviosaaaa|6/100\n|-heal|p2a: Koraidon|68/100|[from] drain|[of] p1a: Not Leviosaaaa\n|move|p1b: It's|Close Combat|p2a: Koraidon\n|-damage|p2a: Koraidon|11/100\n|-unboost|p1b: It's|def|1\n|-unboost|p1b: It's|spd|1\n|-damage|p1b: It's|81/100|[from] item: Life Orb\n|\n|-fieldend|move: Trick Room\n|upkeep\n|turn|8\n|\n|t:|1775924556\n|move|p1b: It's|Close Combat|p2a: Koraidon\n|-damage|p2a: Koraidon|0 fnt\n|-unboost|p1b: It's|def|1\n|-unboost|p1b: It's|spd|1\n|faint|p2a: Koraidon\n|-damage|p1b: It's|72/100|[from] item: Life Orb\n|\n|win|ItsLeviosaStpItRon\n|raw|ItsLeviosaStpItRon's rating: 1380 &rarr; <strong>1400</strong><br />(+20 for winning)\n|raw|koudaimiluyou's rating: 1383 &rarr; <strong>1363</strong><br />(-20 for losing)\n|l|\u2606koudaimiluyou\n|player|p2|\n|l|\u2606ItsLeviosaStpItRon\n|player|p1|\n|j|\u2606ItsLeviosaStpItRon\n|player|p1|ItsLeviosaStpItRon|dragontamer|\n|l|\u2606ItsLeviosaStpItRon\n|player|p1|\n","uploadtime":1775924597,"views":15,"formatid":"gen9vgc2026regi","rating":1363,"private":0,"password":null}