{"id":"gen9vgc2026regi-2525875820","format":"[Gen 9] VGC 2026 Reg I","players":["Unskilled99","kojimuranishi"],"log":"|j|\u2606Unskilled99\n|j|\u2606kojimuranishi\n|t:|1769344454\n|gametype|doubles\n|player|p1|Unskilled99|unknown|1529\n|player|p2|kojimuranishi|266|1486\n|gen|9\n|tier|[Gen 9] VGC 2026 Reg I\n|rated|\n|rule|Species Clause: Limit one of each Pok\u00e9mon\n|rule|Item Clause: Limit 1 of each item\n|clearpoke\n|poke|p1|Calyrex-Shadow, L50|\n|poke|p1|Zamazenta-*, L50|\n|poke|p1|Chien-Pao, L50|\n|poke|p1|Dragonite, L50, F|\n|poke|p1|Raging Bolt, L50|\n|poke|p1|Amoonguss, L50, F|\n|poke|p2|Zamazenta-*, L50|\n|poke|p2|Lunala, L50|\n|poke|p2|Chien-Pao, L50|\n|poke|p2|Dragonite, L50, M|\n|poke|p2|Landorus, L50, M|\n|poke|p2|Urshifu-*, L50, F|\n|teampreview|4\n|inactive|Battle timer is ON: inactive players will automatically lose when time's up. (requested by kojimuranishi)\n|inactive|Unskilled99 has 60 seconds left.\n|inactive|Unskilled99 has 30 seconds left.\n|\n|t:|1769344522\n|teamsize|p1|4\n|teamsize|p2|4\n|start\n|switch|p1a: Zamazenta|Zamazenta-Crowned, L50|100/100\n|switch|p1b: Calyrex|Calyrex-Shadow, L50|100/100\n|switch|p2a: Urshifu|Urshifu-Rapid-Strike, L50, F|100/100\n|switch|p2b: Landorus|Landorus, L50, M|100/100\n|-ability|p1b: Calyrex|As One\n|-ability|p1b: Calyrex|Unnerve\n|-ability|p1a: Zamazenta|Dauntless Shield|boost\n|-boost|p1a: Zamazenta|def|1\n|turn|1\n|\n|t:|1769344545\n|switch|p1b: Raging Bolt|Raging Bolt, L50|100/100\n|-enditem|p1b: Raging Bolt|Booster Energy\n|-activate|p1b: Raging Bolt|ability: Protosynthesis|[fromitem]\n|-start|p1b: Raging Bolt|protosynthesisspa\n|-terastallize|p1a: Zamazenta|Dragon\n|move|p2a: Urshifu|Detect|p2a: Urshifu\n|-singleturn|p2a: Urshifu|Protect\n|move|p2b: Landorus|Earth Power|p1a: Zamazenta\n|-damage|p1a: Zamazenta|62/100\n|move|p1a: Zamazenta|Heavy Slam|p2b: Landorus\n|-damage|p2b: Landorus|42/100\n|\n|upkeep\n|turn|2\n|\n|t:|1769344569\n|move|p1b: Raging Bolt|Protect|p1b: Raging Bolt\n|-singleturn|p1b: Raging Bolt|Protect\n|move|p2b: Landorus|Earth Power|p1a: Zamazenta\n|-damage|p1a: Zamazenta|25/100\n|move|p1a: Zamazenta|Heavy Slam|p2b: Landorus\n|-damage|p2b: Landorus|0 fnt\n|faint|p2b: Landorus\n|move|p2a: Urshifu|Close Combat|p1a: Zamazenta\n|-damage|p1a: Zamazenta|0 fnt\n|-unboost|p2a: Urshifu|def|1\n|-unboost|p2a: Urshifu|spd|1\n|faint|p1a: Zamazenta\n|\n|upkeep\n|\n|t:|1769344585\n|switch|p2b: Lunala|Lunala, L50|100/100\n|switch|p1a: Calyrex|Calyrex-Shadow, L50|100/100\n|-ability|p1a: Calyrex|As One\n|-ability|p1a: Calyrex|Unnerve\n|turn|3\n|\n|t:|1769344603\n|-terastallize|p2b: Lunala|Normal\n|move|p2a: Urshifu|Detect|p2a: Urshifu\n|-singleturn|p2a: Urshifu|Protect\n|move|p1b: Raging Bolt|Thunderclap||[still]\n|-fail|p1b: Raging Bolt\n|move|p1a: Calyrex|Psychic|p2a: Urshifu\n|-activate|p2a: Urshifu|move: Protect\n|move|p2b: Lunala|Moongeist Beam|p1a: Calyrex\n|-supereffective|p1a: Calyrex\n|-enditem|p1a: Calyrex|Focus Sash\n|-damage|p1a: Calyrex|1/100\n|\n|upkeep\n|turn|4\n|\n|t:|1769344625\n|switch|p1a: Chien-Pao|Chien-Pao, L50|100/100\n|-ability|p1a: Chien-Pao|Sword of Ruin\n|move|p2a: Urshifu|Aqua Jet|p1a: Chien-Pao\n|-damage|p1a: Chien-Pao|69/100\n|move|p2b: Lunala|Meteor Beam||[still]\n|-prepare|p2b: Lunala|Meteor Beam\n|-boost|p2b: Lunala|spa|1\n|-enditem|p2b: Lunala|Power Herb\n|-anim|p2b: Lunala|Meteor Beam|p1b: Raging Bolt\n|-damage|p1b: Raging Bolt|44/100\n|move|p1b: Raging Bolt|Thunderbolt|p2a: Urshifu\n|-supereffective|p2a: Urshifu\n|-enditem|p2a: Urshifu|Focus Sash\n|-damage|p2a: Urshifu|1/100\n|\n|upkeep\n|turn|5\n|inactive|kojimuranishi has 30 seconds left.\n|\n|t:|1769344651\n|switch|p2a: Zamazenta|Zamazenta-Crowned, L50|100/100\n|-ability|p2a: Zamazenta|Dauntless Shield|boost\n|-boost|p2a: Zamazenta|def|1\n|move|p1a: Chien-Pao|Icy Wind|p2a: Zamazenta|[spread] p2a,p2b\n|-resisted|p2a: Zamazenta\n|-damage|p2a: Zamazenta|97/100\n|-damage|p2b: Lunala|97/100\n|-unboost|p2a: Zamazenta|spe|1\n|-unboost|p2b: Lunala|spe|1\n|move|p1b: Raging Bolt|Thunderbolt|p2b: Lunala\n|-damage|p2b: Lunala|55/100\n|move|p2b: Lunala|Moonblast|p1b: Raging Bolt\n|-supereffective|p1b: Raging Bolt\n|-damage|p1b: Raging Bolt|0 fnt\n|faint|p1b: Raging Bolt\n|-end|p1b: Raging Bolt|Protosynthesis|[silent]\n|\n|upkeep\n|\n|t:|1769344665\n|switch|p1b: Calyrex|Calyrex-Shadow, L50|1/100\n|-ability|p1b: Calyrex|As One\n|-ability|p1b: Calyrex|Unnerve\n|turn|6\n|\n|t:|1769344680\n|move|p1b: Calyrex|Protect|p1b: Calyrex\n|-singleturn|p1b: Calyrex|Protect\n|move|p1a: Chien-Pao|Sucker Punch|p2a: Zamazenta\n|-resisted|p2a: Zamazenta\n|-damage|p2a: Zamazenta|88/100\n|move|p2a: Zamazenta|Behemoth Bash|p1a: Chien-Pao\n|-supereffective|p1a: Chien-Pao\n|-damage|p1a: Chien-Pao|0 fnt\n|faint|p1a: Chien-Pao\n|move|p2b: Lunala|Trick Room|p2b: Lunala\n|-fieldstart|move: Trick Room|[of] p2b: Lunala\n|\n|upkeep\n|turn|7\n|c|\u2606Unskilled99|i clicked\n|c|\u2606Unskilled99|ruination\n|-message|Unskilled99 forfeited.\n|\n|win|kojimuranishi\n|raw|Unskilled99's rating: 1529 &rarr; <strong>1507</strong><br />(-22 for losing)\n|raw|kojimuranishi's rating: 1486 &rarr; <strong>1508</strong><br />(+22 for winning)\n|l|\u2606Unskilled99\n|player|p1|\n|l|\u2606kojimuranishi\n|player|p2|\n","uploadtime":1769344924,"views":49,"formatid":"gen9vgc2026regi","rating":1507,"private":0,"password":null}