{"id":"gen9vgc2026regi-2588876205","format":"[Gen 9] VGC 2026 Reg I","players":["AtomEveVGC","yuri1910"],"log":"|j|\u2606AtomEveVGC\n|j|\u2606yuri1910\n|t:|1776681363\n|gametype|doubles\n|player|p1|AtomEveVGC|1|1554\n|player|p2|yuri1910|linebacker|1545\n|gen|9\n|tier|[Gen 9] VGC 2026 Reg I\n|rated|\n|rule|Species Clause: Limit one of each Pok\u00e9mon\n|rule|Item Clause: Limit 1 of each item\n|clearpoke\n|poke|p1|Calyrex-Shadow, L50|\n|poke|p1|Zamazenta-*, L50|\n|poke|p1|Chien-Pao, L50|\n|poke|p1|Dragonite, L50, M|\n|poke|p1|Amoonguss, L50, F|\n|poke|p1|Ogerpon-Cornerstone, L50, F|\n|poke|p2|Calyrex-Ice, L50|\n|poke|p2|Kyogre, L50|\n|poke|p2|Grimmsnarl, L50, M|\n|poke|p2|Rillaboom, L50, M|\n|poke|p2|Urshifu-*, L50, M|\n|poke|p2|Landorus, L50, M|\n|teampreview|4\n|\n|t:|1776681379\n|teamsize|p1|4\n|teamsize|p2|4\n|start\n|switch|p1a: Calyrex|Calyrex-Shadow, L50|100/100\n|switch|p1b: Zamazenta|Zamazenta-Crowned, L50|100/100\n|switch|p2a: Grimmsnarl|Grimmsnarl, L50, M|100/100\n|switch|p2b: Calyrex|Calyrex-Ice, L50|100/100\n|-ability|p1a: Calyrex|As One\n|-ability|p1a: Calyrex|Unnerve\n|-ability|p2b: Calyrex|As One\n|-ability|p2b: Calyrex|Unnerve\n|-ability|p1b: Zamazenta|Dauntless Shield|boost\n|-boost|p1b: Zamazenta|def|1\n|turn|1\n|\n|t:|1776681402\n|-terastallize|p2b: Calyrex|Grass\n|move|p2a: Grimmsnarl|Reflect|p2a: Grimmsnarl\n|-sidestart|p2: yuri1910|Reflect\n|move|p1a: Calyrex|Astral Barrage|p2b: Calyrex|[spread] p2a,p2b\n|-resisted|p2a: Grimmsnarl\n|-crit|p2b: Calyrex\n|-damage|p2a: Grimmsnarl|76/100\n|-damage|p2b: Calyrex|51/100\n|move|p1b: Zamazenta|Heavy Slam|p2a: Grimmsnarl\n|-supereffective|p2a: Grimmsnarl\n|-damage|p2a: Grimmsnarl|16/100\n|move|p2b: Calyrex|Trick Room|p2b: Calyrex\n|-fieldstart|move: Trick Room|[of] p2b: Calyrex\n|\n|-heal|p2b: Calyrex|57/100|[from] item: Leftovers\n|upkeep\n|turn|2\n|\n|t:|1776681418\n|move|p1a: Calyrex|Protect|p1a: Calyrex\n|-singleturn|p1a: Calyrex|Protect\n|move|p2b: Calyrex|Leech Seed|p1b: Zamazenta\n|-start|p1b: Zamazenta|move: Leech Seed\n|move|p2a: Grimmsnarl|Spirit Break|p1a: Calyrex\n|-activate|p1a: Calyrex|move: Protect\n|move|p1b: Zamazenta|Body Press|p2b: Calyrex\n|-damage|p2b: Calyrex|29/100\n|\n|-heal|p2b: Calyrex|34/100|[from] item: Leftovers\n|-damage|p1b: Zamazenta|88/100|[from] Leech Seed|[of] p2b: Calyrex\n|-heal|p2b: Calyrex|46/100|[silent]\n|upkeep\n|turn|3\n|\n|t:|1776681446\n|move|p1b: Zamazenta|Wide Guard|p1b: Zamazenta\n|-singleturn|p1b: Zamazenta|Wide Guard\n|move|p2b: Calyrex|Glacial Lance|p1a: Calyrex|[spread] \n|-activate|p1a: Calyrex|move: Wide Guard\n|-activate|p1b: Zamazenta|move: Wide Guard\n|move|p2a: Grimmsnarl|Spirit Break|p1a: Calyrex\n|-damage|p1a: Calyrex|62/100\n|-unboost|p1a: Calyrex|spa|1\n|move|p1a: Calyrex|Astral Barrage|p2a: Grimmsnarl|[spread] p2a,p2b\n|-resisted|p2a: Grimmsnarl\n|-damage|p2a: Grimmsnarl|0 fnt\n|-damage|p2b: Calyrex|22/100\n|faint|p2a: Grimmsnarl\n|-ability|p1a: Calyrex|Grim Neigh|boost\n|-boost|p1a: Calyrex|spa|1\n|\n|-heal|p2b: Calyrex|28/100|[from] item: Leftovers\n|-damage|p1b: Zamazenta|75/100|[from] Leech Seed|[of] p2b: Calyrex\n|-heal|p2b: Calyrex|40/100|[silent]\n|upkeep\n|\n|t:|1776681464\n|switch|p2a: Kyogre|Kyogre, L50|100/100\n|-weather|RainDance|[from] ability: Drizzle|[of] p2a: Kyogre\n|turn|4\n|\n|t:|1776681478\n|switch|p1a: Amoonguss|Amoonguss, L50, F|100/100\n|move|p1b: Zamazenta|Wide Guard|p1b: Zamazenta\n|-singleturn|p1b: Zamazenta|Wide Guard\n|move|p2b: Calyrex|Glacial Lance|p1a: Amoonguss|[spread] \n|-activate|p1a: Amoonguss|move: Wide Guard\n|-activate|p1b: Zamazenta|move: Wide Guard\n|move|p2a: Kyogre|Hydro Pump|p1b: Zamazenta\n|-damage|p1b: Zamazenta|13/100\n|\n|-weather|RainDance|[upkeep]\n|-heal|p2b: Calyrex|45/100|[from] item: Leftovers\n|-damage|p1b: Zamazenta|0 fnt|[from] Leech Seed|[of] p2b: Calyrex\n|-heal|p2b: Calyrex|57/100|[silent]\n|faint|p1b: Zamazenta\n|upkeep\n|\n|t:|1776681497\n|switch|p1b: Calyrex|Calyrex-Shadow, L50|62/100\n|-ability|p1b: Calyrex|As One\n|-ability|p1b: Calyrex|Unnerve\n|turn|5\n|\n|t:|1776681510\n|switch|p2a: Landorus|Landorus, L50, M|100/100\n|-terastallize|p1a: Amoonguss|Water\n|move|p1b: Calyrex|Protect|p1b: Calyrex\n|-singleturn|p1b: Calyrex|Protect\n|move|p1a: Amoonguss|Sludge Bomb|p2b: Calyrex\n|-supereffective|p2b: Calyrex\n|-damage|p2b: Calyrex|22/100\n|move|p2b: Calyrex|Glacial Lance|p1a: Amoonguss|[spread] p1a\n|-activate|p1b: Calyrex|move: Protect\n|-resisted|p1a: Amoonguss\n|-damage|p1a: Amoonguss|76/100\n|\n|-weather|RainDance|[upkeep]\n|-heal|p2b: Calyrex|28/100|[from] item: Leftovers\n|-fieldend|move: Trick Room\n|upkeep\n|turn|6\n|\n|t:|1776681528\n|move|p2b: Calyrex|Protect|p2b: Calyrex\n|-singleturn|p2b: Calyrex|Protect\n|move|p1b: Calyrex|Astral Barrage|p2a: Landorus|[spread] p2a\n|-activate|p2b: Calyrex|move: Protect\n|-damage|p2a: Landorus|40/100\n|move|p2a: Landorus|Sandsear Storm|p1b: Calyrex|[spread] p1a,p1b\n|-damage|p1a: Amoonguss|26/100\n|-damage|p1b: Calyrex|0 fnt\n|faint|p1b: Calyrex\n|move|p1a: Amoonguss|Spore|p2a: Landorus\n|-status|p2a: Landorus|slp|[from] move: Spore\n|\n|-weather|RainDance|[upkeep]\n|-heal|p2b: Calyrex|34/100|[from] item: Leftovers\n|upkeep\n|\n|t:|1776681532\n|switch|p1b: Dragonite|Dragonite, L50, M|100/100\n|turn|7\n|\n|t:|1776681558\n|cant|p2a: Landorus|slp\n|move|p1b: Dragonite|Low Kick|p2b: Calyrex\n|-damage|p2b: Calyrex|4/100\n|move|p2b: Calyrex|Glacial Lance|p1b: Dragonite|[spread] p1a,p1b\n|-resisted|p1a: Amoonguss\n|-supereffective|p1b: Dragonite\n|-damage|p1a: Amoonguss|0 fnt\n|-damage|p1b: Dragonite|0 fnt\n|faint|p1a: Amoonguss\n|faint|p1b: Dragonite\n|\n|win|yuri1910\n|raw|AtomEveVGC's rating: 1554 &rarr; <strong>1533</strong><br />(-21 for losing)\n|raw|yuri1910's rating: 1545 &rarr; <strong>1566</strong><br />(+21 for winning)\n|l|\u2606AtomEveVGC\n|player|p1|\n|l|\u2606yuri1910\n|player|p2|\n","uploadtime":1776681740,"views":11,"formatid":"gen9vgc2026regi","rating":1533,"private":0,"password":null}