{"id":"gen9vgc2026regi-2562719108","format":"[Gen 9] VGC 2026 Reg I","players":["wartortcorp","pigs2fly"],"log":"|j|\u2606wartortcorp\n|j|\u2606pigs2fly\n|t:|1773943907\n|gametype|doubles\n|player|p1|wartortcorp|265|1463\n|player|p2|pigs2fly|dexio|1518\n|gen|9\n|tier|[Gen 9] VGC 2026 Reg I\n|rated|\n|rule|Species Clause: Limit one of each Pok\u00e9mon\n|rule|Item Clause: Limit 1 of each item\n|clearpoke\n|poke|p1|Miraidon, L50|\n|poke|p1|Calyrex-Shadow, L50|\n|poke|p1|Araquanid, L50, M|\n|poke|p1|Incineroar, L50, F|\n|poke|p1|Whimsicott, L50, F|\n|poke|p1|Ogerpon, L50, F|\n|poke|p2|Annihilape, L50, M|\n|poke|p2|Tornadus, L50, M|\n|poke|p2|Dondozo, L50, M|\n|poke|p2|Tatsugiri-Droopy, L50, M|\n|poke|p2|Zacian-*, L50|\n|poke|p2|Kyogre, L50|\n|teampreview|4\n|\n|t:|1773943932\n|teamsize|p1|4\n|teamsize|p2|4\n|start\n|switch|p1a: Miraidon|Miraidon, L50|100/100\n|switch|p1b: Araquanid|Araquanid, L50, M|100/100\n|switch|p2a: Dondozo|Dondozo, L50, M|100/100\n|switch|p2b: Annihilape|Annihilape, L50, M|100/100\n|-fieldstart|move: Electric Terrain|[from] ability: Hadron Engine|[of] p1a: Miraidon\n|-enditem|p1b: Araquanid|Electric Seed\n|-boost|p1b: Araquanid|def|1|[from] item: Electric Seed\n|turn|1\n|\n|t:|1773944036\n|move|p2a: Dondozo|Protect|p2a: Dondozo\n|-singleturn|p2a: Dondozo|Protect\n|move|p1a: Miraidon|Volt Switch|p2a: Dondozo\n|-activate|p2a: Dondozo|move: Protect\n|move|p2b: Annihilape|Final Gambit|p1a: Miraidon\n|-damage|p1a: Miraidon|0 fnt\n|faint|p2b: Annihilape\n|faint|p1a: Miraidon\n|move|p1b: Araquanid|Infestation|p2a: Dondozo\n|-activate|p2a: Dondozo|move: Protect\n|\n|upkeep\n|\n|t:|1773944046\n|switch|p1a: Incineroar|Incineroar, L50, F|100/100\n|switch|p2b: Tatsugiri|Tatsugiri-Droopy, L50, M|100/100\n|-ability|p1a: Incineroar|Intimidate|boost\n|-unboost|p2a: Dondozo|atk|1\n|-unboost|p2b: Tatsugiri|atk|1\n|-activate|p2b: Tatsugiri|ability: Commander|[of] p2a: Dondozo\n|-boost|p2a: Dondozo|atk|2\n|-boost|p2a: Dondozo|spa|2\n|-boost|p2a: Dondozo|spe|2\n|-boost|p2a: Dondozo|def|2\n|-boost|p2a: Dondozo|spd|2\n|turn|2\n|\n|t:|1773944052\n|move|p1a: Incineroar|Fake Out|p2a: Dondozo\n|-damage|p2a: Dondozo|97/100\n|cant|p2a: Dondozo|flinch\n|move|p1b: Araquanid|Infestation|p2a: Dondozo\n|-damage|p2a: Dondozo|95/100\n|-activate|p2a: Dondozo|move: Infestation|[of] p1b: Araquanid\n|\n|-heal|p2a: Dondozo|100/100|[from] item: Leftovers\n|-damage|p2a: Dondozo|88/100|[from] move: Infestation|[partiallytrapped]\n|upkeep\n|turn|3\n|\n|t:|1773944067\n|-terastallize|p1a: Incineroar|Water\n|move|p2a: Dondozo|Body Press|p1a: Incineroar\n|-damage|p1a: Incineroar|52/100\n|move|p1a: Incineroar|U-turn|p2a: Dondozo\n|-crit|p2a: Dondozo\n|-damage|p2a: Dondozo|70/100\n|\n|t:|1773944073\n|switch|p1a: Calyrex|Calyrex-Shadow, L50|100/100|[from] U-turn\n|-ability|p1a: Calyrex|As One\n|-ability|p1a: Calyrex|Unnerve\n|move|p1b: Araquanid|Leech Life|p2a: Dondozo\n|-damage|p2a: Dondozo|64/100\n|\n|-heal|p2a: Dondozo|70/100|[from] item: Leftovers\n|-damage|p2a: Dondozo|57/100|[from] move: Infestation|[partiallytrapped]\n|upkeep\n|turn|4\n|\n|t:|1773944093\n|move|p1a: Calyrex|Protect|p1a: Calyrex\n|-singleturn|p1a: Calyrex|Protect\n|move|p2a: Dondozo|Earthquake|p1a: Calyrex|[spread] p1b\n|-miss|p2a: Dondozo|p2b: Tatsugiri\n|-activate|p1a: Calyrex|move: Protect\n|-resisted|p1b: Araquanid\n|-damage|p1b: Araquanid|88/100\n|move|p1b: Araquanid|Leech Life|p2a: Dondozo\n|-damage|p2a: Dondozo|50/100\n|-heal|p1b: Araquanid|94/100|[from] drain|[of] p2a: Dondozo\n|\n|-heal|p2a: Dondozo|56/100|[from] item: Leftovers\n|-damage|p2a: Dondozo|44/100|[from] move: Infestation|[partiallytrapped]\n|upkeep\n|turn|5\n|\n|t:|1773944101\n|move|p1b: Araquanid|Wide Guard|p1b: Araquanid\n|-singleturn|p1b: Araquanid|Wide Guard\n|move|p1a: Calyrex|Nasty Plot|p1a: Calyrex\n|-boost|p1a: Calyrex|spa|2\n|move|p2a: Dondozo|Order Up|p1a: Calyrex\n|-damage|p1a: Calyrex|68/100\n|-boost|p2a: Dondozo|def|1\n|\n|-heal|p2a: Dondozo|49/100|[from] item: Leftovers\n|-damage|p2a: Dondozo|37/100|[from] move: Infestation|[partiallytrapped]\n|-fieldend|move: Electric Terrain\n|upkeep\n|turn|6\n|\n|t:|1773944122\n|move|p1a: Calyrex|Protect|p1a: Calyrex\n|-singleturn|p1a: Calyrex|Protect\n|move|p2a: Dondozo|Order Up|p1a: Calyrex\n|-activate|p1a: Calyrex|move: Protect\n|move|p1b: Araquanid|Leech Life|p2a: Dondozo\n|-damage|p2a: Dondozo|32/100\n|-heal|p1b: Araquanid|98/100|[from] drain|[of] p2a: Dondozo\n|\n|-heal|p2a: Dondozo|38/100|[from] item: Leftovers\n|-damage|p2a: Dondozo|25/100|[from] move: Infestation|[partiallytrapped]\n|upkeep\n|turn|7\n|\n|t:|1773944129\n|move|p1a: Calyrex|Astral Barrage|p2a: Dondozo|[spread] p2a\n|-miss|p1a: Calyrex|p2b: Tatsugiri\n|-damage|p2a: Dondozo|0 fnt\n|faint|p2a: Dondozo\n|-ability|p1a: Calyrex|Grim Neigh|boost\n|-boost|p1a: Calyrex|spa|1\n|move|p1b: Araquanid|Leech Life|p2b: Tatsugiri\n|-damage|p2b: Tatsugiri|59/100\n|-heal|p1b: Araquanid|100/100|[from] drain|[of] p2b: Tatsugiri\n|\n|upkeep\n|-message|pigs2fly forfeited.\n|\n|win|wartortcorp\n|raw|wartortcorp's rating: 1463 &rarr; <strong>1486</strong><br />(+23 for winning)\n|raw|pigs2fly's rating: 1518 &rarr; <strong>1495</strong><br />(-23 for losing)\n|l|\u2606pigs2fly\n|player|p2|\n","uploadtime":1773944282,"views":11,"formatid":"gen9vgc2026regi","rating":1486,"private":0,"password":null}