{"id":"gen9vgc2026regi-2586824355","format":"[Gen 9] VGC 2026 Reg I","players":["buggybrain","Alejandro Almada"],"log":"|j|\u2606buggybrain\n|j|\u2606Alejandro Almada\n|t:|1776462949\n|gametype|doubles\n|player|p1|buggybrain|hiker-gen4|1582\n|player|p2|Alejandro Almada|1|1506\n|gen|9\n|tier|[Gen 9] VGC 2026 Reg I\n|rated|\n|rule|Species Clause: Limit one of each Pok\u00e9mon\n|rule|Item Clause: Limit 1 of each item\n|clearpoke\n|poke|p1|Chien-Pao, L50|\n|poke|p1|Zacian-*, L50|\n|poke|p1|Kyogre, L50|\n|poke|p1|Urshifu-*, L50, M|\n|poke|p1|Roaring Moon, L50|\n|poke|p1|Amoonguss, L50, M|\n|poke|p2|Lunala, L50|\n|poke|p2|Ursaluna, L50, M|\n|poke|p2|Urshifu-*, L50, F|\n|poke|p2|Miraidon, L50|\n|poke|p2|Grimmsnarl, L50, M|\n|poke|p2|Incineroar, L50, F|\n|teampreview|4\n|inactive|Battle timer is ON: inactive players will automatically lose when time's up. (requested by Alejandro Almada)\n|inactive|Alejandro Almada has 60 seconds left.\n|\n|t:|1776463003\n|teamsize|p1|4\n|teamsize|p2|4\n|start\n|switch|p1a: Runaway|Kyogre, L50, shiny|100/100\n|switch|p1b: METAVISION|Amoonguss, L50, M, shiny|100/100\n|switch|p2a: Lunala|Lunala, L50|100/100\n|switch|p2b: Incineroar|Incineroar, L50, F|100/100\n|-weather|RainDance|[from] ability: Drizzle|[of] p1a: Runaway\n|-ability|p2b: Incineroar|Intimidate|boost\n|-unboost|p1a: Runaway|atk|1\n|-unboost|p1b: METAVISION|atk|1\n|turn|1\n|inactive|Alejandro Almada has 30 seconds left.\n|inactive|Alejandro Almada has 20 seconds left.\n|\n|t:|1776463041\n|move|p2b: Incineroar|Fake Out|p1a: Runaway\n|-damage|p1a: Runaway|90/100\n|cant|p1a: Runaway|flinch\n|move|p1b: METAVISION|Spore|p2a: Lunala\n|-status|p2a: Lunala|slp|[from] move: Spore\n|cant|p2a: Lunala|slp\n|\n|-weather|RainDance|[upkeep]\n|upkeep\n|turn|2\n|inactive|buggybrain has 30 seconds left.\n|inactive|Alejandro Almada has 30 seconds left.\n|inactive|Alejandro Almada has 20 seconds left.\n|\n|t:|1776463079\n|-terastallize|p2b: Incineroar|Grass\n|-curestatus|p2a: Lunala|slp|[msg]\n|move|p2a: Lunala|Wide Guard|p2a: Lunala\n|-singleturn|p2a: Lunala|Wide Guard\n|move|p1b: METAVISION|Rage Powder|p1b: METAVISION\n|-singleturn|p1b: METAVISION|move: Rage Powder\n|move|p1a: Runaway|Water Spout|p2b: Incineroar|[spread] \n|-activate|p2a: Lunala|move: Wide Guard\n|-activate|p2b: Incineroar|move: Wide Guard\n|move|p2b: Incineroar|Parting Shot|p1b: METAVISION\n|-unboost|p1b: METAVISION|atk|1\n|-unboost|p1b: METAVISION|spa|1\n|\n|t:|1776463094\n|switch|p2b: Miraidon|Miraidon, L50|100/100|[from] Parting Shot\n|-fieldstart|move: Electric Terrain|[from] ability: Hadron Engine|[of] p2b: Miraidon\n|-enditem|p2a: Lunala|Electric Seed\n|-boost|p2a: Lunala|def|1|[from] item: Electric Seed\n|\n|-weather|RainDance|[upkeep]\n|upkeep\n|turn|3\n|\n|t:|1776463109\n|move|p1a: Runaway|Protect|p1a: Runaway\n|-singleturn|p1a: Runaway|Protect\n|move|p1b: METAVISION|Protect|p1b: METAVISION\n|-singleturn|p1b: METAVISION|Protect\n|move|p2b: Miraidon|Snarl|p1b: METAVISION|[spread] \n|-activate|p1a: Runaway|move: Protect\n|-activate|p1b: METAVISION|move: Protect\n|move|p2a: Lunala|Trick Room|p2a: Lunala\n|-fieldstart|move: Trick Room|[of] p2a: Lunala\n|\n|-weather|RainDance|[upkeep]\n|upkeep\n|turn|4\n|inactive|buggybrain has 30 seconds left.\n|\n|t:|1776463140\n|move|p1b: METAVISION|Pollen Puff|p1a: Runaway\n|-heal|p1a: Runaway|100/100\n|move|p2a: Lunala|Moongeist Beam|p1b: METAVISION\n|-damage|p1b: METAVISION|47/100\n|move|p1a: Runaway|Hydro Pump|p2b: Miraidon|[miss]\n|-miss|p1a: Runaway|p2b: Miraidon\n|move|p2b: Miraidon|Snarl|p1b: METAVISION|[spread] p1a,p1b\n|-damage|p1a: Runaway|87/100\n|-damage|p1b: METAVISION|29/100\n|-unboost|p1a: Runaway|spa|1\n|-unboost|p1b: METAVISION|spa|1\n|\n|-weather|RainDance|[upkeep]\n|upkeep\n|turn|5\n|inactive|buggybrain has 30 seconds left.\n|\n|t:|1776463169\n|switch|p1b: Vulcan|Urshifu-Rapid-Strike, L50, M|100/100\n|move|p1a: Runaway|Protect|p1a: Runaway\n|-singleturn|p1a: Runaway|Protect\n|move|p2a: Lunala|Moongeist Beam|p1b: Vulcan\n|-damage|p1b: Vulcan|26/100\n|move|p2b: Miraidon|Electro Drift|p1a: Runaway\n|-activate|p1a: Runaway|move: Protect\n|\n|-weather|none\n|upkeep\n|turn|6\n|l|\u2606Alejandro Almada\n|inactive|Alejandro Almada disconnected and has a minute to reconnect!\n|player|p2|\n|j|\u2606Alejandro Almada\n|inactive|Alejandro Almada reconnected and has 40 seconds left.\n|player|p2|Alejandro Almada|1|\n|inactive|Alejandro Almada has 30 seconds left.\n|\n|t:|1776463199\n|switch|p1a: METAVISION|Amoonguss, L50, M, shiny|62/100\n|move|p1b: Vulcan|Detect|p1b: Vulcan\n|-singleturn|p1b: Vulcan|Protect\n|move|p2a: Lunala|Moongeist Beam|p1a: METAVISION\n|-damage|p1a: METAVISION|8/100\n|move|p2b: Miraidon|Volt Switch|p1b: Vulcan\n|-activate|p1b: Vulcan|move: Protect\n|\n|-fieldend|move: Electric Terrain\n|upkeep\n|turn|7\n|inactive|buggybrain has 30 seconds left.\n|inactive|Alejandro Almada has 30 seconds left.\n|inactive|buggybrain has 20 seconds left.\n|inactive|buggybrain has 15 seconds left.\n|inactive|buggybrain has 10 seconds left.\n|inactive|buggybrain has 5 seconds left.\n|\n|t:|1776463253\n|switch|p2a: Incineroar|Incineroar, L50, F, tera:Grass|100/100\n|-ability|p2a: Incineroar|Intimidate|boost\n|-unboost|p1a: METAVISION|atk|1\n|-unboost|p1b: Vulcan|atk|1\n|move|p1a: METAVISION|Spore|p2a: Incineroar\n|-immune|p2a: Incineroar\n|move|p1b: Vulcan|Surging Strikes|p2b: Miraidon\n|-resisted|p2b: Miraidon\n|-crit|p2b: Miraidon\n|-damage|p2b: Miraidon|91/100\n|-resisted|p2b: Miraidon\n|-crit|p2b: Miraidon\n|-damage|p2b: Miraidon|81/100\n|-resisted|p2b: Miraidon\n|-crit|p2b: Miraidon\n|-damage|p2b: Miraidon|71/100\n|-hitcount|p2b: Miraidon|3\n|move|p2b: Miraidon|Snarl|p1a: METAVISION|[spread] p1a,p1b\n|-resisted|p1b: Vulcan\n|-damage|p1a: METAVISION|0 fnt\n|-damage|p1b: Vulcan|16/100\n|-unboost|p1b: Vulcan|spa|1\n|faint|p1a: METAVISION\n|\n|-fieldend|move: Trick Room\n|upkeep\n|\n|t:|1776463270\n|switch|p1a: Prince|Zacian-Crowned, L50, shiny|100/100\n|-ability|p1a: Prince|Intrepid Sword|boost\n|-boost|p1a: Prince|atk|1\n|turn|8\n|\n|t:|1776463283\n|move|p1a: Prince|Protect|p1a: Prince\n|-singleturn|p1a: Prince|Protect\n|move|p1b: Vulcan|Detect|p1b: Vulcan\n|-singleturn|p1b: Vulcan|Protect\n|move|p2a: Incineroar|Fake Out|p1a: Prince\n|-activate|p1a: Prince|move: Protect\n|move|p2b: Miraidon|Volt Switch|p1a: Prince\n|-activate|p1a: Prince|move: Protect\n|\n|upkeep\n|turn|9\n|\n|t:|1776463304\n|switch|p2b: Lunala|Lunala, L50|100/100\n|move|p1a: Prince|Play Rough|p2b: Lunala\n|-damage|p2b: Lunala|71/100\n|move|p1b: Vulcan|Taunt|p2a: Incineroar\n|-start|p2a: Incineroar|move: Taunt\n|cant|p2a: Incineroar|move: Taunt|Will-O-Wisp\n|\n|upkeep\n|turn|10\n|inactive|buggybrain has 30 seconds left.\n|inactive|Alejandro Almada has 30 seconds left.\n|inactive|Alejandro Almada has 20 seconds left.\n|\n|t:|1776463343\n|switch|p1b: Runaway|Kyogre, L50, shiny|87/100\n|-weather|RainDance|[from] ability: Drizzle|[of] p1b: Runaway\n|switch|p2a: Ursaluna|Ursaluna, L50, M|100/100\n|-terastallize|p1a: Prince|Fairy\n|move|p1a: Prince|Play Rough|p2b: Lunala\n|-damage|p2b: Lunala|3/100\n|move|p2b: Lunala|Moongeist Beam|p1a: Prince\n|-damage|p1a: Prince|54/100\n|\n|-weather|RainDance|[upkeep]\n|-status|p2a: Ursaluna|brn|[from] item: Flame Orb\n|upkeep\n|turn|11\n|inactive|buggybrain has 30 seconds left.\n|inactive|buggybrain has 20 seconds left.\n|\n|t:|1776463383\n|move|p2b: Lunala|Wide Guard|p2b: Lunala\n|-singleturn|p2b: Lunala|Wide Guard\n|move|p1a: Prince|Play Rough|p2a: Ursaluna\n|-crit|p2a: Ursaluna\n|-damage|p2a: Ursaluna|0 fnt\n|faint|p2a: Ursaluna\n|move|p1b: Runaway|Water Spout|p2b: Lunala\n|-activate|p2b: Lunala|move: Wide Guard\n|\n|-weather|RainDance|[upkeep]\n|upkeep\n|\n|t:|1776463392\n|switch|p2a: Miraidon|Miraidon, L50|71/100\n|-fieldstart|move: Electric Terrain|[from] ability: Hadron Engine|[of] p2a: Miraidon\n|turn|12\n|-message|Alejandro Almada forfeited.\n|\n|win|buggybrain\n|raw|buggybrain's rating: 1582 &rarr; <strong>1598</strong><br />(+16 for winning)\n|raw|Alejandro Almada's rating: 1506 &rarr; <strong>1490</strong><br />(-16 for losing)\n|l|\u2606Alejandro Almada\n|player|p2|\n|l|\u2606buggybrain\n|player|p1|\n","uploadtime":1776463611,"views":12,"formatid":"gen9vgc2026regi","rating":1490,"private":0,"password":null}