{"id":"gen9vgc2026regi-2546988492","format":"[Gen 9] VGC 2026 Reg I","players":["Wally2005","jepeg"],"log":"|j|\u2606Wally2005\n|j|\u2606jepeg\n|t:|1772036417\n|gametype|doubles\n|player|p1|Wally2005|265|1150\n|player|p2|jepeg|beauty-gen4dp|1162\n|gen|9\n|tier|[Gen 9] VGC 2026 Reg I\n|rated|\n|rule|Species Clause: Limit one of each Pok\u00e9mon\n|rule|Item Clause: Limit 1 of each item\n|clearpoke\n|poke|p1|Feraligatr, L50, M|\n|poke|p1|Miraidon, L50|\n|poke|p1|Whimsicott, L50, F|\n|poke|p1|Terapagos, L50, M|\n|poke|p1|Incineroar, L50, M|\n|poke|p1|Amoonguss, L50, M|\n|poke|p2|Calyrex-Shadow, L50|\n|poke|p2|Oranguru, L50, F|\n|poke|p2|Miraidon, L50|\n|poke|p2|Ogerpon-Hearthflame, L50, F|\n|poke|p2|Bruxish, L50, F|\n|poke|p2|Torkoal, L50, F|\n|teampreview|4\n|\n|t:|1772036453\n|teamsize|p1|4\n|teamsize|p2|4\n|start\n|switch|p1a: Incineroar|Incineroar, L50, M|100/100\n|switch|p1b: Whimsicott|Whimsicott, L50, F|100/100\n|switch|p2a: Calyrex|Calyrex-Shadow, L50|100/100\n|switch|p2b: Bruxish|Bruxish, L50, F, shiny|100/100\n|-ability|p2a: Calyrex|As One\n|-ability|p2a: Calyrex|Unnerve\n|-ability|p1a: Incineroar|Intimidate|boost\n|-unboost|p2a: Calyrex|atk|1\n|-unboost|p2b: Bruxish|atk|1\n|turn|1\n|inactive|Battle timer is ON: inactive players will automatically lose when time's up. (requested by Wally2005)\n|\n|t:|1772036480\n|-terastallize|p2a: Calyrex|Fire\n|move|p1b: Whimsicott|Tailwind|p1b: Whimsicott\n|-sidestart|p1: Wally2005|move: Tailwind\n|move|p2b: Bruxish|Surf|p1a: Incineroar|[spread] p2a,p1a,p1b\n|-supereffective|p2a: Calyrex\n|-supereffective|p1a: Incineroar\n|-resisted|p1b: Whimsicott\n|-damage|p2a: Calyrex|72/100\n|-damage|p1a: Incineroar|79/100\n|-damage|p1b: Whimsicott|92/100\n|-enditem|p2a: Calyrex|Weakness Policy\n|-boost|p2a: Calyrex|atk|2|[from] item: Weakness Policy\n|-boost|p2a: Calyrex|spa|2|[from] item: Weakness Policy\n|move|p2a: Calyrex|Astral Barrage|p1b: Whimsicott|[spread] p1a,p1b\n|-resisted|p1a: Incineroar\n|-damage|p1a: Incineroar|33/100\n|-damage|p1b: Whimsicott|0 fnt\n|faint|p1b: Whimsicott\n|-ability|p2a: Calyrex|Grim Neigh|boost\n|-boost|p2a: Calyrex|spa|1\n|move|p1a: Incineroar|Knock Off|p2a: Calyrex\n|-damage|p2a: Calyrex|39/100\n|\n|upkeep\n|inactive|Wally2005 has 30 seconds left.\n|\n|t:|1772036506\n|switch|p1b: Miraidon|Miraidon, L50|100/100\n|-fieldstart|move: Electric Terrain|[from] ability: Hadron Engine|[of] p1b: Miraidon\n|turn|2\n|\n|t:|1772036525\n|switch|p2b: Ogerpon|Ogerpon-Hearthflame, L50, F|100/100\n|-ability|p2b: Ogerpon|Mold Breaker\n|move|p2a: Calyrex|Protect|p2a: Calyrex\n|-singleturn|p2a: Calyrex|Protect\n|move|p1b: Miraidon|Electro Drift|p2a: Calyrex\n|-activate|p2a: Calyrex|move: Protect\n|move|p1a: Incineroar|Parting Shot|p2a: Calyrex\n|-activate|p2a: Calyrex|move: Protect\n|\n|upkeep\n|turn|3\n|\n|t:|1772036541\n|switch|p1a: Terapagos|Terapagos, L50, M|100/100\n|-activate|p1a: Terapagos|ability: Tera Shift\n|detailschange|p1a: Terapagos|Terapagos-Terastal, L50, M\n|-heal|p1a: Terapagos|100/100|[silent]\n|move|p2b: Ogerpon|Follow Me|p2b: Ogerpon\n|-singleturn|p2b: Ogerpon|move: Follow Me\n|move|p1b: Miraidon|Electro Drift|p2b: Ogerpon\n|-resisted|p2b: Ogerpon\n|-damage|p2b: Ogerpon|17/100\n|move|p2a: Calyrex|Astral Barrage|p1b: Miraidon|[spread] p1b\n|-immune|p1a: Terapagos\n|-damage|p1b: Miraidon|0 fnt\n|faint|p1b: Miraidon\n|-ability|p2a: Calyrex|Grim Neigh|boost\n|-boost|p2a: Calyrex|spa|1\n|\n|upkeep\n|\n|t:|1772036556\n|switch|p1b: Incineroar|Incineroar, L50, M|33/100\n|-ability|p1b: Incineroar|Intimidate|boost\n|-unboost|p2a: Calyrex|atk|1\n|-unboost|p2b: Ogerpon|atk|1\n|turn|4\n|inactive|jepeg has 30 seconds left.\n|\n|t:|1772036586\n|move|p2a: Calyrex|Protect|p2a: Calyrex\n|-singleturn|p2a: Calyrex|Protect\n|move|p1b: Incineroar|Fake Out|p2a: Calyrex\n|-activate|p2a: Calyrex|move: Protect\n|move|p1a: Terapagos|Calm Mind|p1a: Terapagos\n|-boost|p1a: Terapagos|spa|1\n|-boost|p1a: Terapagos|spd|1\n|move|p2b: Ogerpon|Ivy Cudgel|p1a: Terapagos|[anim] Ivy Cudgel Fire\n|-crit|p1a: Terapagos\n|-damage|p1a: Terapagos|31/100\n|\n|-heal|p1a: Terapagos|37/100|[from] item: Leftovers\n|-sideend|p1: Wally2005|move: Tailwind\n|upkeep\n|turn|5\n|inactive|jepeg has 30 seconds left.\n|\n|t:|1772036612\n|-terastallize|p1a: Terapagos|Stellar\n|detailschange|p1a: Terapagos|Terapagos-Stellar, L50, M, tera:Stellar\n|-heal|p1a: Terapagos|53/100|[silent]\n|-ability|p1a: Terapagos|Teraform Zero\n|-fieldend|move: Electric Terrain\n|move|p2a: Calyrex|Astral Barrage|p1a: Terapagos|[spread] p1b\n|-immune|p1a: Terapagos\n|-resisted|p1b: Incineroar\n|-damage|p1b: Incineroar|0 fnt\n|faint|p1b: Incineroar\n|-ability|p2a: Calyrex|Grim Neigh|boost\n|-boost|p2a: Calyrex|spa|1\n|move|p2b: Ogerpon|Ivy Cudgel|p1a: Terapagos|[anim] Ivy Cudgel Fire\n|-damage|p1a: Terapagos|29/100\n|move|p1a: Terapagos|Tera Starstorm|p2b: Ogerpon|[spread] p2a,p2b\n|-supereffective|p2a: Calyrex\n|-damage|p2a: Calyrex|0 fnt\n|-damage|p2b: Ogerpon|0 fnt\n|faint|p2a: Calyrex\n|faint|p2b: Ogerpon\n|\n|-heal|p1a: Terapagos|35/100|[from] item: Leftovers\n|upkeep\n|\n|t:|1772036631\n|switch|p2a: Miraidon|Miraidon, L50|100/100\n|switch|p2b: Bruxish|Bruxish, L50, F, shiny|100/100\n|-fieldstart|move: Electric Terrain|[from] ability: Hadron Engine|[of] p2a: Miraidon\n|turn|6\n|\n|t:|1772036638\n|move|p2b: Bruxish|Super Fang|p1a: Terapagos\n|-damage|p1a: Terapagos|18/100\n|move|p2a: Miraidon|Electro Drift|p1a: Terapagos\n|-crit|p1a: Terapagos\n|-damage|p1a: Terapagos|0 fnt\n|faint|p1a: Terapagos\n|detailschange|p1: Terapagos|Terapagos, L50, M|[silent]\n|\n|win|jepeg\n|raw|Wally2005's rating: 1150 &rarr; <strong>1126</strong><br />(-24 for losing)\n|raw|jepeg's rating: 1162 &rarr; <strong>1186</strong><br />(+24 for winning)\n|l|\u2606Wally2005\n|player|p1|\n|l|\u2606jepeg\n|player|p2|\n","uploadtime":1772036807,"views":11,"formatid":"gen9vgc2026regi","rating":1126,"private":0,"password":null}