{"id":"gen9vgc2026regi-2576284340","format":"[Gen 9] VGC 2026 Reg I","players":["Kwiper","Highkage2"],"log":"|j|\u2606Kwiper\n|j|\u203dHighkage2\n|t:|1775449500\n|gametype|doubles\n|player|p1|Kwiper|sycamore|1519\n|player|p2|Highkage2|doubleteam|1604\n|gen|9\n|tier|[Gen 9] VGC 2026 Reg I\n|rated|\n|rule|Species Clause: Limit one of each Pok\u00e9mon\n|rule|Item Clause: Limit 1 of each item\n|clearpoke\n|poke|p1|Koraidon, L50|\n|poke|p1|Lunala, L50|\n|poke|p1|Indeedee-F, L50, F|\n|poke|p1|Flutter Mane, L50|\n|poke|p1|Volcarona, L50, F|\n|poke|p1|Ursaluna, L50, F|\n|poke|p2|Incineroar, L50, M|\n|poke|p2|Rillaboom, L50, F|\n|poke|p2|Landorus, L50, M|\n|poke|p2|Smeargle, L50, F|\n|poke|p2|Koraidon, L50|\n|poke|p2|Calyrex-Ice, L50|\n|teampreview|4\n|inactive|Battle timer is ON: inactive players will automatically lose when time's up. (requested by Kwiper)\n|inactive|Kwiper has 60 seconds left.\n|inactive|Highkage2 has 60 seconds left.\n|inactive|Highkage2 has 30 seconds left.\n|\n|t:|1775449568\n|teamsize|p1|4\n|teamsize|p2|4\n|start\n|switch|p1a: Lunala|Lunala, L50, shiny|100/100\n|switch|p1b: Indeedee|Indeedee-F, L50, F|100/100\n|switch|p2a: Smeargle|Smeargle, L50, F|100/100\n|switch|p2b: Koraidon|Koraidon, L50|100/100\n|-weather|SunnyDay|[from] ability: Orichalcum Pulse|[of] p2b: Koraidon\n|-activate|p2b: Koraidon|Orichalcum Pulse|[source]\n|-fieldstart|move: Psychic Terrain|[from] ability: Psychic Surge|[of] p1b: Indeedee\n|turn|1\n|inactive|Highkage2 has 30 seconds left.\n|\n|t:|1775449593\n|switch|p2a: Rillaboom|Rillaboom, L50, F|100/100\n|-fieldstart|move: Grassy Terrain|[from] ability: Grassy Surge|[of] p2a: Rillaboom\n|-terastallize|p2b: Koraidon|Fire\n|move|p1b: Indeedee|Follow Me|p1b: Indeedee\n|-singleturn|p1b: Indeedee|move: Follow Me\n|move|p2b: Koraidon|Flame Charge|p1b: Indeedee\n|-damage|p1b: Indeedee|30/100\n|-boost|p2b: Koraidon|spe|1\n|move|p1a: Lunala|Expanding Force|p2a: Rillaboom\n|-damage|p2a: Rillaboom|62/100\n|\n|-weather|SunnyDay|[upkeep]\n|-heal|p2a: Rillaboom|68/100|[from] Grassy Terrain\n|-heal|p1b: Indeedee|37/100|[from] Grassy Terrain\n|upkeep\n|turn|2\n|\n|t:|1775449617\n|switch|p1b: Flutter Mane|Flutter Mane, L50|100/100\n|-activate|p1b: Flutter Mane|ability: Protosynthesis\n|-start|p1b: Flutter Mane|protosynthesisspe\n|move|p2a: Rillaboom|Grassy Glide|p1b: Flutter Mane\n|-damage|p1b: Flutter Mane|36/100\n|move|p2b: Koraidon|Flame Charge|p1a: Lunala\n|-damage|p1a: Lunala|72/100\n|-boost|p2b: Koraidon|spe|1\n|move|p1a: Lunala|Meteor Beam||[still]\n|-prepare|p1a: Lunala|Meteor Beam\n|-boost|p1a: Lunala|spa|1\n|-enditem|p1a: Lunala|Power Herb\n|-anim|p1a: Lunala|Meteor Beam|p2b: Koraidon\n|-supereffective|p2b: Koraidon\n|-damage|p2b: Koraidon|0 fnt\n|faint|p2b: Koraidon\n|\n|-weather|SunnyDay|[upkeep]\n|-heal|p1b: Flutter Mane|42/100|[from] Grassy Terrain\n|-heal|p2a: Rillaboom|74/100|[from] Grassy Terrain\n|-heal|p1a: Lunala|78/100|[from] Grassy Terrain\n|upkeep\n|\n|t:|1775449636\n|switch|p2b: Smeargle|Smeargle, L50, F|100/100\n|turn|3\n|\n|t:|1775449648\n|move|p1b: Flutter Mane|Protect|p1b: Flutter Mane\n|-singleturn|p1b: Flutter Mane|Protect\n|move|p2b: Smeargle|Spiky Shield|p2b: Smeargle\n|-singleturn|p2b: Smeargle|move: Protect\n|move|p2a: Rillaboom|U-turn|p1b: Flutter Mane\n|-activate|p1b: Flutter Mane|move: Protect\n|move|p1a: Lunala|Moongeist Beam|p2a: Rillaboom\n|-crit|p2a: Rillaboom\n|-damage|p2a: Rillaboom|0 fnt\n|faint|p2a: Rillaboom\n|\n|-weather|SunnyDay|[upkeep]\n|-heal|p1b: Flutter Mane|48/100|[from] Grassy Terrain\n|-heal|p1a: Lunala|84/100|[from] Grassy Terrain\n|-ability|p2b: Smeargle|Moody|boost\n|-boost|p2b: Smeargle|spe|2\n|-unboost|p2b: Smeargle|atk|1\n|upkeep\n|\n|t:|1775449650\n|switch|p2a: Calyrex|Calyrex-Ice, L50|100/100\n|-ability|p2a: Calyrex|As One\n|-ability|p2a: Calyrex|Unnerve\n|turn|4\n|\n|t:|1775449659\n|move|p1b: Flutter Mane|Icy Wind|p2a: Calyrex|[spread] p2a,p2b\n|-resisted|p2a: Calyrex\n|-damage|p2a: Calyrex|96/100\n|-damage|p2b: Smeargle|63/100\n|-unboost|p2a: Calyrex|spe|1\n|-unboost|p2b: Smeargle|spe|1\n|move|p2b: Smeargle|Spore|p1a: Lunala\n|-status|p1a: Lunala|slp|[from] move: Spore\n|cant|p1a: Lunala|slp\n|move|p2a: Calyrex|Glacial Lance|p1a: Lunala|[spread] p1a,p1b\n|-damage|p1a: Lunala|41/100 slp\n|-damage|p1b: Flutter Mane|0 fnt\n|faint|p1b: Flutter Mane\n|-end|p1b: Flutter Mane|Protosynthesis|[silent]\n|-ability|p2a: Calyrex|Chilling Neigh|boost\n|-boost|p2a: Calyrex|atk|1\n|\n|-weather|SunnyDay|[upkeep]\n|-heal|p2b: Smeargle|69/100|[from] Grassy Terrain\n|-heal|p1a: Lunala|46/100 slp|[from] Grassy Terrain\n|-heal|p2a: Calyrex|100/100|[from] Grassy Terrain\n|-ability|p2b: Smeargle|Moody|boost\n|-boost|p2b: Smeargle|spa|2\n|-unboost|p2b: Smeargle|def|1\n|upkeep\n|\n|t:|1775449664\n|switch|p1b: Indeedee|Indeedee-F, L50, F|37/100\n|-fieldstart|move: Psychic Terrain|[from] ability: Psychic Surge|[of] p1b: Indeedee\n|turn|5\n|\n|t:|1775449670\n|-terastallize|p1a: Lunala|Water\n|move|p2b: Smeargle|Spore|p1b: Indeedee\n|-activate|p1b: Indeedee|item: Safety Goggles|Spore\n|-curestatus|p1a: Lunala|slp|[msg]\n|move|p1a: Lunala|Expanding Force|p2b: Smeargle|[spread] p2a,p2b\n|-resisted|p2a: Calyrex\n|-damage|p2a: Calyrex|72/100\n|-damage|p2b: Smeargle|0 fnt\n|faint|p2b: Smeargle\n|move|p1b: Indeedee|Alluring Voice|p2a: Calyrex\n|-damage|p2a: Calyrex|62/100\n|move|p2a: Calyrex|Glacial Lance|p1b: Indeedee|[spread] p1a,p1b\n|-resisted|p1a: Lunala\n|-damage|p1a: Lunala|15/100\n|-damage|p1b: Indeedee|0 fnt\n|faint|p1b: Indeedee\n|-ability|p2a: Calyrex|Chilling Neigh|boost\n|-boost|p2a: Calyrex|atk|1\n|\n|-weather|none\n|-heal|p2a: Calyrex|68/100|[from] item: Leftovers\n|upkeep\n|\n|t:|1775449673\n|switch|p1b: Koraidon|Koraidon, L50, shiny|100/100\n|-weather|SunnyDay|[from] ability: Orichalcum Pulse|[of] p1b: Koraidon\n|-activate|p1b: Koraidon|Orichalcum Pulse|[source]\n|turn|6\n|-message|Highkage2 forfeited.\n|\n|win|Kwiper\n|raw|Kwiper's rating: 1519 &rarr; <strong>1544</strong><br />(+25 for winning)\n|raw|Highkage2's rating: 1604 &rarr; <strong>1579</strong><br />(-25 for losing)\n","uploadtime":1775449677,"views":16,"formatid":"gen9vgc2026regi","rating":1544,"private":0,"password":null}