{"id":"gen9vgc2026regi-2540768196","format":"[Gen 9] VGC 2026 Reg I","players":["SnowmanHay","Luca8"],"log":"|j|\u2606SnowmanHay\n|j|\u2606Luca8\n|t:|1771251806\n|gametype|doubles\n|player|p1|SnowmanHay|roxie|1389\n|player|p2|Luca8|flint|1459\n|gen|9\n|tier|[Gen 9] VGC 2026 Reg I\n|rated|\n|rule|Species Clause: Limit one of each Pok\u00e9mon\n|rule|Item Clause: Limit 1 of each item\n|clearpoke\n|poke|p1|Raichu, L50, F|\n|poke|p1|Zapdos-Galar, L50|\n|poke|p1|Terapagos, L50, M|\n|poke|p1|Calyrex-Ice, L50|\n|poke|p1|Hitmontop, L50, M|\n|poke|p1|Farigiraf, L50, M|\n|poke|p2|Whimsicott, L50, F|\n|poke|p2|Kyogre, L50|\n|poke|p2|Landorus, L50, M|\n|poke|p2|Lunala, L50|\n|poke|p2|Farigiraf, L50, F|\n|poke|p2|Amoonguss, L50, F|\n|teampreview|4\n|inactive|Battle timer is ON: inactive players will automatically lose when time's up. (requested by SnowmanHay)\n|inactive|Luca8 has 60 seconds left.\n|\n|t:|1771251867\n|teamsize|p1|4\n|teamsize|p2|4\n|start\n|switch|p1a: Hitmontop|Hitmontop, L50, M|100/100\n|switch|p1b: Calyrex|Calyrex-Ice, L50|100/100\n|switch|p2a: Kyogre|Kyogre, L50|100/100\n|switch|p2b: Farigiraf|Farigiraf, L50, F|100/100\n|-ability|p1b: Calyrex|As One\n|-ability|p1b: Calyrex|Unnerve\n|-weather|RainDance|[from] ability: Drizzle|[of] p2a: Kyogre\n|-ability|p1a: Hitmontop|Intimidate|boost\n|-unboost|p2a: Kyogre|atk|1\n|-unboost|p2b: Farigiraf|atk|1\n|turn|1\n|\n|t:|1771251888\n|move|p1a: Hitmontop|Wide Guard|p1a: Hitmontop\n|-singleturn|p1a: Hitmontop|Wide Guard\n|move|p2a: Kyogre|Water Spout|p1a: Hitmontop|[spread] \n|-activate|p1a: Hitmontop|move: Wide Guard\n|-activate|p1b: Calyrex|move: Wide Guard\n|move|p2b: Farigiraf|Foul Play|p1b: Calyrex\n|-supereffective|p1b: Calyrex\n|-crit|p1b: Calyrex\n|-damage|p1b: Calyrex|22/100\n|move|p1b: Calyrex|Glacial Lance|p2b: Farigiraf|[spread] p2a,p2b\n|-resisted|p2a: Kyogre\n|-damage|p2a: Kyogre|67/100\n|-damage|p2b: Farigiraf|50/100\n|\n|-weather|RainDance|[upkeep]\n|upkeep\n|turn|2\n|\n|t:|1771251908\n|switch|p1b: Zapdos|Zapdos-Galar, L50|100/100\n|move|p1a: Hitmontop|Wide Guard|p1a: Hitmontop\n|-singleturn|p1a: Hitmontop|Wide Guard\n|move|p2a: Kyogre|Water Spout|p1b: Zapdos|[spread] \n|-activate|p1a: Hitmontop|move: Wide Guard\n|-activate|p1b: Zapdos|move: Wide Guard\n|move|p2b: Farigiraf|Foul Play|p1b: Zapdos\n|-resisted|p1b: Zapdos\n|-damage|p1b: Zapdos|82/100\n|\n|-weather|RainDance|[upkeep]\n|upkeep\n|turn|3\n|\n|t:|1771251929\n|switch|p2a: Lunala|Lunala, L50|100/100\n|move|p1a: Hitmontop|Wide Guard|p1a: Hitmontop\n|-singleturn|p1a: Hitmontop|Wide Guard\n|move|p1b: Zapdos|Taunt|p2b: Farigiraf\n|-start|p2b: Farigiraf|move: Taunt\n|move|p2b: Farigiraf|Hyper Voice|p1b: Zapdos|[spread] \n|-activate|p1a: Hitmontop|move: Wide Guard\n|-activate|p1b: Zapdos|move: Wide Guard\n|\n|-weather|RainDance|[upkeep]\n|upkeep\n|turn|4\n|\n|t:|1771251948\n|-terastallize|p1b: Zapdos|Stellar\n|move|p1b: Zapdos|Knock Off|p2a: Lunala\n|-supereffective|p2a: Lunala\n|-damage|p2a: Lunala|33/100\n|-enditem|p2a: Lunala|Power Herb|[from] move: Knock Off|[of] p1b: Zapdos\n|move|p2a: Lunala|Meteor Beam||[still]\n|-prepare|p2a: Lunala|Meteor Beam\n|-boost|p2a: Lunala|spa|1\n|move|p1a: Hitmontop|Coaching|p1b: Zapdos\n|-boost|p1b: Zapdos|atk|1\n|-boost|p1b: Zapdos|def|1\n|move|p2b: Farigiraf|Hyper Voice|p1a: Hitmontop|[spread] p1a,p1b\n|-damage|p1a: Hitmontop|76/100\n|-damage|p1b: Zapdos|51/100\n|-enditem|p1a: Hitmontop|Eject Button\n|-enditem|p2b: Farigiraf|Throat Spray\n|-boost|p2b: Farigiraf|spa|1|[from] item: Throat Spray\n|\n|t:|1771251967\n|switch|p1a: Terapagos|Terapagos, L50, M|100/100\n|-activate|p1a: Terapagos|ability: Tera Shift\n|detailschange|p1a: Terapagos|Terapagos-Terastal, L50, M\n|-heal|p1a: Terapagos|100/100|[silent]\n|\n|-weather|RainDance|[upkeep]\n|upkeep\n|turn|5\n|\n|t:|1771251980\n|move|p1b: Zapdos|Knock Off|p2a: Lunala\n|-supereffective|p2a: Lunala\n|-damage|p2a: Lunala|0 fnt\n|faint|p2a: Lunala\n|move|p1a: Terapagos|Calm Mind|p1a: Terapagos\n|-boost|p1a: Terapagos|spa|1\n|-boost|p1a: Terapagos|spd|1\n|move|p2b: Farigiraf|Hyper Voice|p1b: Zapdos|[spread] p1a,p1b\n|-activate|p1a: Terapagos|ability: Tera Shell\n|-resisted|p1a: Terapagos\n|-damage|p1a: Terapagos|90/100\n|-damage|p1b: Zapdos|7/100\n|\n|-weather|none\n|-heal|p1a: Terapagos|96/100|[from] item: Leftovers\n|-end|p2b: Farigiraf|move: Taunt\n|upkeep\n|\n|t:|1771251995\n|switch|p2a: Kyogre|Kyogre, L50|67/100\n|-weather|RainDance|[from] ability: Drizzle|[of] p2a: Kyogre\n|turn|6\n|\n|t:|1771252008\n|move|p2a: Kyogre|Water Spout|p1a: Terapagos|[spread] p1a,p1b\n|-damage|p1a: Terapagos|60/100\n|-damage|p1b: Zapdos|0 fnt\n|faint|p1b: Zapdos\n|move|p1a: Terapagos|Tera Starstorm|p2a: Kyogre\n|-damage|p2a: Kyogre|0 fnt\n|faint|p2a: Kyogre\n|move|p2b: Farigiraf|Hyper Voice|p1a: Terapagos\n|-crit|p1a: Terapagos\n|-damage|p1a: Terapagos|1/100\n|\n|-weather|RainDance|[upkeep]\n|-heal|p1a: Terapagos|7/100|[from] item: Leftovers\n|upkeep\n|\n|t:|1771252022\n|switch|p1b: Hitmontop|Hitmontop, L50, M|76/100\n|switch|p2a: Amoonguss|Amoonguss, L50, F|100/100\n|-ability|p1b: Hitmontop|Intimidate|boost\n|-unboost|p2a: Amoonguss|atk|1\n|-unboost|p2b: Farigiraf|atk|1\n|turn|7\n|j| lunala fairy ghost\n|\n|t:|1771252044\n|move|p1a: Terapagos|Tera Starstorm|p2b: Farigiraf\n|-damage|p2b: Farigiraf|0 fnt\n|faint|p2b: Farigiraf\n|move|p1b: Hitmontop|Coaching|p1a: Terapagos\n|-boost|p1a: Terapagos|atk|1\n|-boost|p1a: Terapagos|def|1\n|move|p2a: Amoonguss|Clear Smog|p1a: Terapagos\n|-damage|p1a: Terapagos|0 fnt\n|-clearboost|p1a: Terapagos\n|faint|p1a: Terapagos\n|\n|-weather|RainDance|[upkeep]\n|upkeep\n|l| lunala fairy ghost\n|\n|t:|1771252055\n|switch|p1a: Calyrex|Calyrex-Ice, L50|22/100\n|-ability|p1a: Calyrex|As One\n|-ability|p1a: Calyrex|Unnerve\n|turn|8\n|\n|t:|1771252067\n|move|p1b: Hitmontop|Bullet Punch|p2a: Amoonguss\n|-damage|p2a: Amoonguss|91/100\n|-damage|p1b: Hitmontop|59/100|[from] item: Rocky Helmet|[of] p2a: Amoonguss\n|move|p2a: Amoonguss|Spore|p1a: Calyrex\n|-status|p1a: Calyrex|slp|[from] move: Spore\n|cant|p1a: Calyrex|slp\n|\n|-weather|RainDance|[upkeep]\n|upkeep\n|turn|9\n|\n|t:|1771252085\n|-terastallize|p2a: Amoonguss|Water\n|move|p1b: Hitmontop|Coaching|p1a: Calyrex\n|-boost|p1a: Calyrex|atk|1\n|-boost|p1a: Calyrex|def|1\n|move|p2a: Amoonguss|Pollen Puff|p1a: Calyrex\n|-supereffective|p1a: Calyrex\n|-damage|p1a: Calyrex|0 fnt\n|faint|p1a: Calyrex\n|\n|-weather|RainDance|[upkeep]\n|upkeep\n|turn|10\n|-message|SnowmanHay forfeited.\n|\n|win|Luca8\n|raw|SnowmanHay's rating: 1389 &rarr; <strong>1373</strong><br />(-16 for losing)\n|raw|Luca8's rating: 1459 &rarr; <strong>1475</strong><br />(+16 for winning)\n|l|\u2606SnowmanHay\n|player|p1|\n|l|\u2606Luca8\n|player|p2|\n","uploadtime":1771252301,"views":36,"formatid":"gen9vgc2026regi","rating":1373,"private":0,"password":null}