{"id":"gen9vgc2026regi-2573653299","format":"[Gen 9] VGC 2026 Reg I","players":["Snowsquall brute","sheeshshane925"],"log":"|j|\u2606Snowsquall brute\n|j|\u2606sheeshshane925\n|t:|1775153992\n|gametype|doubles\n|player|p1|Snowsquall brute|veteran|1465\n|player|p2|sheeshshane925|chuck|1481\n|gen|9\n|tier|[Gen 9] VGC 2026 Reg I\n|rated|\n|rule|Species Clause: Limit one of each Pok\u00e9mon\n|rule|Item Clause: Limit 1 of each item\n|clearpoke\n|poke|p1|Miraidon, L50|\n|poke|p1|Landorus-Therian, L50, M|\n|poke|p1|Iron Crown, L50|\n|poke|p1|Urshifu-*, L50, F|\n|poke|p2|Calyrex-Ice, L50|\n|poke|p2|Miraidon, L50|\n|poke|p2|Farigiraf, L50, F|\n|poke|p2|Iron Hands, L50|\n|poke|p2|Scraggy, L50, M|\n|poke|p2|Iron Bundle, L50|\n|teampreview|4\n|\n|t:|1775154027\n|teamsize|p1|4\n|teamsize|p2|4\n|start\n|switch|p1a: Miraidon|Miraidon, L50|100/100\n|switch|p1b: Landorus|Landorus-Therian, L50, M|100/100\n|switch|p2a: Miraidon|Miraidon, L50, shiny|100/100\n|switch|p2b: Iron Bundle|Iron Bundle, L50, shiny|100/100\n|-fieldstart|move: Electric Terrain|[from] ability: Hadron Engine|[of] p1a: Miraidon\n|-activate|p2b: Iron Bundle|ability: Quark Drive\n|-start|p2b: Iron Bundle|quarkdrivespe\n|-enditem|p1a: Miraidon|Electric Seed\n|-boost|p1a: Miraidon|def|1|[from] item: Electric Seed\n|-activate|p2a: Miraidon|ability: Hadron Engine\n|-ability|p1b: Landorus|Intimidate|boost\n|-unboost|p2a: Miraidon|atk|1\n|-unboost|p2b: Iron Bundle|atk|1\n|turn|1\n|inactive|Battle timer is ON: inactive players will automatically lose when time's up. (requested by sheeshshane925)\n|\n|t:|1775154054\n|switch|p1b: Iron Crown|Iron Crown, L50|100/100\n|-activate|p1b: Iron Crown|ability: Quark Drive\n|-start|p1b: Iron Crown|quarkdrivespe\n|-terastallize|p1a: Miraidon|Electric\n|-terastallize|p2a: Miraidon|Fairy\n|move|p2b: Iron Bundle|Icy Wind|p1b: Iron Crown|[spread] p1a,p1b\n|-crit|p1a: Miraidon\n|-resisted|p1b: Iron Crown\n|-damage|p1a: Miraidon|82/100\n|-damage|p1b: Iron Crown|92/100\n|-unboost|p1a: Miraidon|spe|1\n|-unboost|p1b: Iron Crown|spe|1\n|move|p2a: Miraidon|Dazzling Gleam|p1b: Iron Crown|[spread] p1a,p1b\n|-resisted|p1b: Iron Crown\n|-damage|p1a: Miraidon|43/100\n|-damage|p1b: Iron Crown|68/100\n|-damage|p2a: Miraidon|91/100|[from] item: Life Orb\n|move|p1a: Miraidon|Parabolic Charge|p2a: Miraidon|[spread] p1b,p2a,p2b\n|-supereffective|p2b: Iron Bundle\n|-damage|p1b: Iron Crown|22/100\n|-heal|p1a: Miraidon|65/100|[from] drain|[of] p1b: Iron Crown\n|-damage|p2a: Miraidon|51/100\n|-heal|p1a: Miraidon|85/100|[from] drain|[of] p2a: Miraidon\n|-enditem|p2b: Iron Bundle|Focus Sash\n|-damage|p2b: Iron Bundle|1/100\n|-heal|p1a: Miraidon|100/100|[from] drain|[of] p2b: Iron Bundle\n|\n|upkeep\n|turn|2\n|inactive|sheeshshane925 has 30 seconds left.\n|\n|t:|1775154081\n|move|p2b: Iron Bundle|Protect|p2b: Iron Bundle\n|-singleturn|p2b: Iron Bundle|Protect\n|move|p2a: Miraidon|Protect|p2a: Miraidon\n|-singleturn|p2a: Miraidon|Protect\n|move|p1b: Iron Crown|Tachyon Cutter|p2a: Miraidon\n|-activate|p2a: Miraidon|move: Protect\n|move|p1a: Miraidon|Parabolic Charge|p2a: Miraidon|[spread] p1b\n|-activate|p2a: Miraidon|move: Protect\n|-activate|p2b: Iron Bundle|move: Protect\n|-damage|p1b: Iron Crown|0 fnt\n|faint|p1b: Iron Crown\n|-end|p1b: Iron Crown|Quark Drive|[silent]\n|\n|upkeep\n|\n|t:|1775154089\n|switch|p1b: Urshifu|Urshifu-Rapid-Strike, L50, F|100/100\n|turn|3\n|\n|t:|1775154102\n|move|p1b: Urshifu|Protect|p1b: Urshifu\n|-singleturn|p1b: Urshifu|Protect\n|move|p2b: Iron Bundle|Freeze-Dry|p1b: Urshifu\n|-activate|p1b: Urshifu|move: Protect\n|move|p2a: Miraidon|Draco Meteor|p1a: Miraidon\n|-damage|p1a: Miraidon|22/100\n|-unboost|p2a: Miraidon|spa|2\n|-damage|p2a: Miraidon|42/100|[from] item: Life Orb\n|move|p1a: Miraidon|Parabolic Charge|p2b: Iron Bundle|[spread] p2a,p2b\n|-activate|p1b: Urshifu|move: Protect\n|-supereffective|p2b: Iron Bundle\n|-damage|p2a: Miraidon|4/100\n|-heal|p1a: Miraidon|41/100|[from] drain|[of] p2a: Miraidon\n|-damage|p2b: Iron Bundle|0 fnt\n|-heal|p1a: Miraidon|42/100|[from] drain|[of] p2b: Iron Bundle\n|faint|p2b: Iron Bundle\n|-end|p2b: Iron Bundle|Quark Drive|[silent]\n|\n|upkeep\n|\n|t:|1775154111\n|switch|p2b: Calyrex|Calyrex-Ice, L50|100/100\n|-ability|p2b: Calyrex|As One\n|-ability|p2b: Calyrex|Unnerve\n|turn|4\n|\n|t:|1775154134\n|move|p2b: Calyrex|Protect|p2b: Calyrex\n|-singleturn|p2b: Calyrex|Protect\n|move|p2a: Miraidon|Dazzling Gleam|p1a: Miraidon|[spread] p1a,p1b\n|-supereffective|p1b: Urshifu\n|-damage|p1a: Miraidon|23/100\n|-damage|p1b: Urshifu|46/100\n|-damage|p2a: Miraidon|0 fnt|[from] item: Life Orb\n|faint|p2a: Miraidon\n|move|p1b: Urshifu|Surging Strikes|p2b: Calyrex\n|-crit|p2b: Calyrex\n|-damage|p2b: Calyrex|90/100\n|-crit|p2b: Calyrex\n|-damage|p2b: Calyrex|80/100\n|-crit|p2b: Calyrex\n|-damage|p2b: Calyrex|70/100\n|-hitcount|p2b: Calyrex|3\n|move|p1a: Miraidon|Parabolic Charge|p2b: Calyrex|[spread] p1b\n|-activate|p2b: Calyrex|move: Protect\n|-supereffective|p1b: Urshifu\n|-damage|p1b: Urshifu|0 fnt\n|-heal|p1a: Miraidon|45/100|[from] drain|[of] p1b: Urshifu\n|faint|p1b: Urshifu\n|\n|upkeep\n|\n|t:|1775154143\n|switch|p2a: Iron Hands|Iron Hands, L50|100/100\n|switch|p1b: Landorus|Landorus-Therian, L50, M|100/100\n|-ability|p1b: Landorus|Intimidate|boost\n|-unboost|p2a: Iron Hands|atk|1\n|-fail|p2b: Calyrex|unboost|[from] item: Clear Amulet|[of] p2b: Calyrex\n|-activate|p2a: Iron Hands|ability: Quark Drive\n|-start|p2a: Iron Hands|quarkdriveatk\n|turn|5\n|\n|t:|1775154164\n|move|p2a: Iron Hands|Fake Out|p1a: Miraidon\n|-damage|p1a: Miraidon|38/100\n|move|p1b: Landorus|Stomping Tantrum|p2b: Calyrex\n|-damage|p2b: Calyrex|44/100\n|cant|p1a: Miraidon|flinch\n|move|p2b: Calyrex|Trick Room|p2b: Calyrex\n|-fieldstart|move: Trick Room|[of] p2b: Calyrex\n|\n|-fieldend|move: Electric Terrain\n|-end|p2a: Iron Hands|Quark Drive\n|upkeep\n|turn|6\n|-message|Snowsquall brute forfeited.\n|\n|win|sheeshshane925\n|raw|Snowsquall brute's rating: 1446 &rarr; <strong>1428</strong><br />(-18 for losing)\n|raw|sheeshshane925's rating: 1481 &rarr; <strong>1499</strong><br />(+18 for winning)\n|l|\u2606Snowsquall brute\n|player|p1|\n|l|\u2606sheeshshane925\n|player|p2|\n","uploadtime":1775154440,"views":18,"formatid":"gen9vgc2026regi","rating":1428,"private":0,"password":null}