{"id":"gen9vgc2026regi-2561794721","format":"[Gen 9] VGC 2026 Reg I","players":["Clueless Duelist","PATRIOTS_VG"],"log":"|j|\u2606Clueless Duelist\n|j|\u2606PATRIOTS_VG\n|t:|1773844253\n|gametype|doubles\n|player|p1|Clueless Duelist|265|1408\n|player|p2|PATRIOTS_VG|drayden|1618\n|gen|9\n|tier|[Gen 9] VGC 2026 Reg I\n|rated|\n|rule|Species Clause: Limit one of each Pok\u00e9mon\n|rule|Item Clause: Limit 1 of each item\n|clearpoke\n|poke|p1|Miraidon, L50|\n|poke|p1|Lunala, L50|\n|poke|p1|Whimsicott, L50, F|\n|poke|p1|Urshifu-*, L50, F|\n|poke|p1|Incineroar, L50, F|\n|poke|p1|Ursaluna, L50, F|\n|poke|p2|Incineroar, L50, M|\n|poke|p2|Calyrex-Shadow, L50|\n|poke|p2|Flutter Mane, L50|\n|poke|p2|Ogerpon-Cornerstone, L50, F|\n|poke|p2|Rillaboom, L50, F|\n|poke|p2|Terapagos, L50, M|\n|teampreview|4\n|inactive|Battle timer is ON: inactive players will automatically lose when time's up. (requested by Clueless Duelist)\n|\n|t:|1773844276\n|teamsize|p1|4\n|teamsize|p2|4\n|start\n|switch|p1a: Miraidon|Miraidon, L50|100/100\n|switch|p1b: Whimsicott|Whimsicott, L50, F|100/100\n|switch|p2a: Incineroar|Incineroar, L50, M|100/100\n|switch|p2b: Terapagos|Terapagos, L50, M|100/100\n|-activate|p2b: Terapagos|ability: Tera Shift\n|detailschange|p2b: Terapagos|Terapagos-Terastal, L50, M\n|-heal|p2b: Terapagos|100/100|[silent]\n|-fieldstart|move: Electric Terrain|[from] ability: Hadron Engine|[of] p1a: Miraidon\n|-ability|p2a: Incineroar|Intimidate|boost\n|-unboost|p1a: Miraidon|atk|1\n|-unboost|p1b: Whimsicott|atk|1\n|turn|1\n|\n|t:|1773844284\n|move|p1a: Miraidon|Protect|p1a: Miraidon\n|-singleturn|p1a: Miraidon|Protect\n|move|p2a: Incineroar|Fake Out|p1a: Miraidon\n|-activate|p1a: Miraidon|move: Protect\n|move|p1b: Whimsicott|Light Screen|p1b: Whimsicott\n|-sidestart|p1: Clueless Duelist|move: Light Screen\n|move|p2b: Terapagos|Calm Mind|p2b: Terapagos\n|-boost|p2b: Terapagos|spa|1\n|-boost|p2b: Terapagos|spd|1\n|\n|upkeep\n|turn|2\n|\n|t:|1773844305\n|switch|p2a: Ogerpon|Ogerpon-Cornerstone, L50, F|100/100\n|move|p2b: Terapagos|Protect|p2b: Terapagos\n|-singleturn|p2b: Terapagos|Protect\n|move|p1b: Whimsicott|Encore|p2b: Terapagos\n|-activate|p2b: Terapagos|move: Protect\n|move|p1a: Miraidon|Volt Switch|p2b: Terapagos\n|-activate|p2b: Terapagos|move: Protect\n|\n|upkeep\n|turn|3\n|inactive|PATRIOTS_VG has 30 seconds left.\n|\n|t:|1773844331\n|-terastallize|p2b: Terapagos|Stellar\n|detailschange|p2b: Terapagos|Terapagos-Stellar, L50, M, tera:Stellar\n|-heal|p2b: Terapagos|100/100|[silent]\n|-ability|p2b: Terapagos|Teraform Zero\n|-fieldend|move: Electric Terrain\n|move|p2a: Ogerpon|Follow Me|p2a: Ogerpon\n|-singleturn|p2a: Ogerpon|move: Follow Me\n|move|p1b: Whimsicott|Encore|p2a: Ogerpon\n|-start|p2a: Ogerpon|Encore\n|move|p1a: Miraidon|Volt Switch|p2a: Ogerpon\n|-resisted|p2a: Ogerpon\n|-damage|p2a: Ogerpon|74/100\n|-damage|p1a: Miraidon|91/100|[from] item: Life Orb\n|\n|t:|1773844345\n|switch|p1a: Lunala|Lunala, L50|100/100|[from] Volt Switch\n|move|p2b: Terapagos|Calm Mind|p2b: Terapagos\n|-boost|p2b: Terapagos|spa|1\n|-boost|p2b: Terapagos|spd|1\n|\n|upkeep\n|turn|4\n|j| as we've written\n|\n|t:|1773844363\n|move|p2a: Ogerpon|Follow Me|p2a: Ogerpon\n|-singleturn|p2a: Ogerpon|move: Follow Me\n|move|p1b: Whimsicott|Moonblast|p2a: Ogerpon\n|-damage|p2a: Ogerpon|43/100\n|-unboost|p2a: Ogerpon|spa|1\n|move|p1a: Lunala|Moongeist Beam|p2a: Ogerpon\n|-damage|p2a: Ogerpon|0 fnt\n|faint|p2a: Ogerpon\n|move|p2b: Terapagos|Tera Starstorm|p1a: Lunala|[spread] p1a,p1b\n|-damage|p1a: Lunala|84/100\n|-damage|p1b: Whimsicott|50/100\n|\n|upkeep\n|\n|t:|1773844373\n|switch|p2a: Calyrex|Calyrex-Shadow, L50|100/100\n|-ability|p2a: Calyrex|As One\n|-ability|p2a: Calyrex|Unnerve\n|turn|5\n|\n|t:|1773844402\n|switch|p2a: Incineroar|Incineroar, L50, M|100/100\n|-ability|p2a: Incineroar|Intimidate|boost\n|-unboost|p1a: Lunala|atk|1\n|-unboost|p1b: Whimsicott|atk|1\n|move|p1b: Whimsicott|Tailwind|p1b: Whimsicott\n|-sidestart|p1: Clueless Duelist|move: Tailwind\n|move|p1a: Lunala|Moongeist Beam|p2a: Incineroar\n|-resisted|p2a: Incineroar\n|-damage|p2a: Incineroar|75/100\n|move|p2b: Terapagos|Tera Starstorm|p1a: Lunala|[spread] p1a,p1b\n|-damage|p1a: Lunala|53/100\n|-damage|p1b: Whimsicott|2/100\n|\n|-sideend|p1: Clueless Duelist|move: Light Screen\n|upkeep\n|turn|6\n|\n|t:|1773844423\n|-terastallize|p1a: Lunala|Fairy\n|move|p1a: Lunala|Wide Guard|p1a: Lunala\n|-singleturn|p1a: Lunala|Wide Guard\n|move|p1b: Whimsicott|Encore|p2b: Terapagos\n|-start|p2b: Terapagos|Encore\n|move|p2b: Terapagos|Tera Starstorm|p1a: Lunala|[spread] \n|-activate|p1a: Lunala|move: Wide Guard\n|-activate|p1b: Whimsicott|move: Wide Guard\n|move|p2a: Incineroar|Parting Shot|p1a: Lunala\n|-unboost|p1a: Lunala|atk|1\n|-unboost|p1a: Lunala|spa|1\n|\n|t:|1773844431\n|switch|p2a: Calyrex|Calyrex-Shadow, L50|100/100|[from] Parting Shot\n|-ability|p2a: Calyrex|As One\n|-ability|p2a: Calyrex|Unnerve\n|\n|upkeep\n|turn|7\n|\n|t:|1773844438\n|move|p1b: Whimsicott|Light Screen|p1b: Whimsicott\n|-sidestart|p1: Clueless Duelist|move: Light Screen\n|move|p1a: Lunala|Moongeist Beam|p2a: Calyrex\n|-supereffective|p2a: Calyrex\n|-enditem|p2a: Calyrex|Focus Sash\n|-damage|p2a: Calyrex|1/100\n|move|p2a: Calyrex|Pollen Puff|p1b: Whimsicott\n|-damage|p1b: Whimsicott|0 fnt\n|faint|p1b: Whimsicott\n|-ability|p2a: Calyrex|Grim Neigh|boost\n|-boost|p2a: Calyrex|spa|1\n|move|p2b: Terapagos|Tera Starstorm|p1a: Lunala\n|-supereffective|p1a: Lunala\n|-damage|p1a: Lunala|0 fnt\n|faint|p1a: Lunala\n|\n|upkeep\n|\n|t:|1773844443\n|switch|p1b: Miraidon|Miraidon, L50|91/100\n|switch|p1a: Urshifu|Urshifu-Rapid-Strike, L50, F|100/100\n|-fieldstart|move: Electric Terrain|[from] ability: Hadron Engine|[of] p1b: Miraidon\n|turn|8\n|\n|t:|1773844458\n|switch|p2a: Incineroar|Incineroar, L50, M|75/100\n|-ability|p2a: Incineroar|Intimidate|boost\n|-unboost|p1a: Urshifu|atk|1\n|-unboost|p1b: Miraidon|atk|1\n|move|p1b: Miraidon|Electro Drift|p2b: Terapagos\n|-damage|p2b: Terapagos|56/100\n|-damage|p1b: Miraidon|82/100|[from] item: Life Orb\n|move|p1a: Urshifu|Surging Strikes|p2b: Terapagos\n|-crit|p2b: Terapagos\n|-damage|p2b: Terapagos|38/100\n|-crit|p2b: Terapagos\n|-damage|p2b: Terapagos|21/100\n|-crit|p2b: Terapagos\n|-damage|p2b: Terapagos|3/100\n|-hitcount|p2b: Terapagos|3\n|move|p2b: Terapagos|Tera Starstorm|p1b: Miraidon|[spread] p1a,p1b\n|-damage|p1a: Urshifu|33/100\n|-damage|p1b: Miraidon|35/100\n|\n|-heal|p2b: Terapagos|9/100|[from] item: Leftovers\n|-end|p2b: Terapagos|Encore\n|-sideend|p1: Clueless Duelist|move: Tailwind\n|upkeep\n|turn|9\n|inactive|PATRIOTS_VG has 30 seconds left.\n|\n|t:|1773844486\n|move|p2a: Incineroar|Fake Out|p1b: Miraidon\n|-damage|p1b: Miraidon|24/100\n|cant|p1b: Miraidon|flinch\n|move|p1a: Urshifu|Surging Strikes|p2a: Incineroar\n|-supereffective|p2a: Incineroar\n|-crit|p2a: Incineroar\n|-damage|p2a: Incineroar|26/100\n|-damage|p1a: Urshifu|17/100|[from] item: Rocky Helmet|[of] p2a: Incineroar\n|-supereffective|p2a: Incineroar\n|-crit|p2a: Incineroar\n|-damage|p2a: Incineroar|0 fnt\n|-damage|p1a: Urshifu|0 fnt|[from] item: Rocky Helmet|[of] p2a: Incineroar\n|faint|p2a: Incineroar\n|faint|p1a: Urshifu\n|-hitcount|p2: Incineroar|2\n|move|p2b: Terapagos|Tera Starstorm|p1b: Miraidon\n|-damage|p1b: Miraidon|0 fnt\n|faint|p1b: Miraidon\n|\n|win|PATRIOTS_VG\n|raw|Clueless Duelist's rating: 1408 &rarr; <strong>1399</strong><br />(-9 for losing)\n|raw|PATRIOTS_VG's rating: 1618 &rarr; <strong>1627</strong><br />(+9 for winning)\n|l|\u2606Clueless Duelist\n|player|p1|\n|l|\u2606PATRIOTS_VG\n|player|p2|\n|l| as we've written\n","uploadtime":1773844709,"views":11,"formatid":"gen9vgc2026regi","rating":1399,"private":0,"password":null}