{"id":"gen9vgc2026regi-2558444220","format":"[Gen 9] VGC 2026 Reg I","players":["Shagrathisbeast","alzombie"],"log":"|j|\u2606Shagrathisbeast\n|j|\u2606alzombie\n|t:|1773435113\n|gametype|doubles\n|player|p1|Shagrathisbeast|steven|1430\n|player|p2|alzombie|2|1471\n|gen|9\n|tier|[Gen 9] VGC 2026 Reg I\n|rated|\n|rule|Species Clause: Limit one of each Pok\u00e9mon\n|rule|Item Clause: Limit 1 of each item\n|clearpoke\n|poke|p1|Giratina-Origin, L50|\n|poke|p1|Zamazenta-*, L50|\n|poke|p1|Chien-Pao, L50|\n|poke|p1|Urshifu-*, L50, F|\n|poke|p1|Rillaboom, L50, F|\n|poke|p1|Entei, L50|\n|poke|p2|Lunala, L50|\n|poke|p2|Ursaluna, L50, M|\n|poke|p2|Urshifu-*, L50, F|\n|poke|p2|Miraidon, L50|\n|poke|p2|Grimmsnarl, L50, M|\n|poke|p2|Incineroar, L50, F|\n|teampreview|4\n|inactive|Battle timer is ON: inactive players will automatically lose when time's up. (requested by alzombie)\n|\n|t:|1773435181\n|teamsize|p1|4\n|teamsize|p2|4\n|start\n|switch|p1a: Zamazenta|Zamazenta-Crowned, L50, shiny|100/100\n|switch|p1b: Rillaboom|Rillaboom, L50, F|100/100\n|switch|p2a: Miraidon|Miraidon, L50|100/100\n|switch|p2b: Lunala|Lunala, L50|100/100\n|-ability|p1a: Zamazenta|Dauntless Shield|boost\n|-boost|p1a: Zamazenta|def|1\n|-fieldstart|move: Electric Terrain|[from] ability: Hadron Engine|[of] p2a: Miraidon\n|-enditem|p2b: Lunala|Electric Seed\n|-boost|p2b: Lunala|def|1|[from] item: Electric Seed\n|-fieldstart|move: Grassy Terrain|[from] ability: Grassy Surge|[of] p1b: Rillaboom\n|turn|1\n|inactive|Shagrathisbeast has 30 seconds left.\n|inactive|Shagrathisbeast has 20 seconds left.\n|inactive|Shagrathisbeast has 15 seconds left.\n|inactive|Shagrathisbeast has 10 seconds left.\n|inactive|Shagrathisbeast has 5 seconds left.\n|\n|t:|1773435233\n|switch|p2a: Incineroar|Incineroar, L50, F|100/100\n|-ability|p2a: Incineroar|Intimidate|boost\n|-unboost|p1a: Zamazenta|atk|1\n|-unboost|p1b: Rillaboom|atk|1\n|move|p1a: Zamazenta|Body Press|p2a: Incineroar\n|-supereffective|p2a: Incineroar\n|-damage|p2a: Incineroar|19/100\n|-damage|p1a: Zamazenta|84/100|[from] item: Rocky Helmet|[of] p2a: Incineroar\n|move|p1b: Rillaboom|Wood Hammer|p2a: Incineroar\n|-resisted|p2a: Incineroar\n|-damage|p2a: Incineroar|0 fnt\n|-damage|p1b: Rillaboom|84/100|[from] item: Rocky Helmet|[of] p2a: Incineroar\n|faint|p2a: Incineroar\n|-damage|p1b: Rillaboom|77/100|[from] Recoil\n|move|p2b: Lunala|Trick Room|p2b: Lunala\n|-fieldstart|move: Trick Room|[of] p2b: Lunala\n|\n|-heal|p1b: Rillaboom|83/100|[from] Grassy Terrain\n|-heal|p1a: Zamazenta|90/100|[from] Grassy Terrain\n|upkeep\n|\n|t:|1773435253\n|switch|p2a: Ursaluna|Ursaluna, L50, M|100/100\n|turn|2\n|inactive|Shagrathisbeast has 30 seconds left.\n|\n|t:|1773435287\n|move|p2a: Ursaluna|Protect|p2a: Ursaluna\n|-singleturn|p2a: Ursaluna|Protect\n|move|p1b: Rillaboom|U-turn|p2b: Lunala\n|-damage|p2b: Lunala|97/100\n|inactive|Shagrathisbeast has 30 seconds left.\n|\n|t:|1773435313\n|switch|p1b: Entei|Entei, L50|100/100|[from] U-turn\n|move|p2b: Lunala|Moongeist Beam|p1a: Zamazenta\n|-damage|p1a: Zamazenta|53/100\n|move|p1a: Zamazenta|Behemoth Bash|p2b: Lunala\n|-damage|p2b: Lunala|82/100\n|\n|-heal|p2b: Lunala|88/100|[from] Grassy Terrain\n|-heal|p1a: Zamazenta|59/100|[from] Grassy Terrain\n|-status|p2a: Ursaluna|brn|[from] item: Flame Orb\n|upkeep\n|turn|3\n|inactive|Shagrathisbeast has 30 seconds left.\n|\n|t:|1773435345\n|move|p1b: Entei|Protect|p1b: Entei\n|-singleturn|p1b: Entei|Protect\n|move|p1a: Zamazenta|Protect|p1a: Zamazenta\n|-singleturn|p1a: Zamazenta|Protect\n|move|p2a: Ursaluna|Earthquake|p1b: Entei|[spread] p2b\n|-activate|p1a: Zamazenta|move: Protect\n|-activate|p1b: Entei|move: Protect\n|-damage|p2b: Lunala|71/100\n|move|p2b: Lunala|Moongeist Beam|p1a: Zamazenta\n|-activate|p1a: Zamazenta|move: Protect\n|\n|-heal|p2b: Lunala|77/100|[from] Grassy Terrain\n|-heal|p1a: Zamazenta|65/100|[from] Grassy Terrain\n|-damage|p2a: Ursaluna|95/100 brn|[from] brn\n|upkeep\n|turn|4\n|inactive|alzombie has 30 seconds left.\n|\n|t:|1773435375\n|move|p2a: Ursaluna|Facade|p1b: Entei\n|-damage|p1b: Entei|0 fnt\n|faint|p1b: Entei\n|move|p2b: Lunala|Moongeist Beam|p1a: Zamazenta\n|-damage|p1a: Zamazenta|29/100\n|move|p1a: Zamazenta|Body Press|p2a: Ursaluna\n|-supereffective|p2a: Ursaluna\n|-crit|p2a: Ursaluna\n|-damage|p2a: Ursaluna|0 fnt\n|faint|p2a: Ursaluna\n|\n|-heal|p2b: Lunala|83/100|[from] Grassy Terrain\n|-heal|p1a: Zamazenta|35/100|[from] Grassy Terrain\n|upkeep\n|\n|t:|1773435394\n|switch|p2a: Miraidon|Miraidon, L50|100/100\n|switch|p1b: Giratina|Giratina-Origin, L50, shiny|100/100\n|-fieldstart|move: Electric Terrain|[from] ability: Hadron Engine|[of] p2a: Miraidon\n|turn|5\n|inactive|Shagrathisbeast has 30 seconds left.\n|\n|t:|1773435421\n|-terastallize|p2b: Lunala|Fairy\n|move|p1a: Zamazenta|Protect|p1a: Zamazenta\n|-singleturn|p1a: Zamazenta|Protect\n|move|p1b: Giratina|Poltergeist||[still]\n|-fail|p1b: Giratina\n|move|p2b: Lunala|Moonblast|p1b: Giratina\n|-supereffective|p1b: Giratina\n|-damage|p1b: Giratina|27/100\n|move|p2a: Miraidon|Snarl|p1a: Zamazenta|[spread] p1b\n|-activate|p1a: Zamazenta|move: Protect\n|-supereffective|p1b: Giratina\n|-damage|p1b: Giratina|0 fnt\n|faint|p1b: Giratina\n|\n|-fieldend|move: Trick Room\n|upkeep\n|c|\u2606Shagrathisbeast|oopsie\n|\n|t:|1773435434\n|switch|p1b: Rillaboom|Rillaboom, L50, F|83/100\n|-fieldstart|move: Grassy Terrain|[from] ability: Grassy Surge|[of] p1b: Rillaboom\n|turn|6\n|\n|t:|1773435456\n|move|p1b: Rillaboom|Fake Out|p2b: Lunala\n|-damage|p2b: Lunala|76/100\n|move|p1a: Zamazenta|Behemoth Bash|p2b: Lunala\n|-supereffective|p2b: Lunala\n|-damage|p2b: Lunala|48/100\n|move|p2a: Miraidon|Draco Meteor|p1b: Rillaboom\n|-damage|p1b: Rillaboom|30/100\n|-unboost|p2a: Miraidon|spa|2\n|cant|p2b: Lunala|flinch\n|\n|-heal|p1a: Zamazenta|42/100|[from] Grassy Terrain\n|-heal|p2b: Lunala|54/100|[from] Grassy Terrain\n|-heal|p1b: Rillaboom|36/100|[from] Grassy Terrain\n|upkeep\n|turn|7\n|\n|t:|1773435476\n|move|p1a: Zamazenta|Behemoth Bash|p2b: Lunala\n|-supereffective|p2b: Lunala\n|-damage|p2b: Lunala|25/100\n|move|p2a: Miraidon|Draco Meteor|p1b: Rillaboom\n|-damage|p1b: Rillaboom|10/100\n|-unboost|p2a: Miraidon|spa|2\n|move|p2b: Lunala|Moonblast|p1a: Zamazenta\n|-damage|p1a: Zamazenta|3/100\n|move|p1b: Rillaboom|Wood Hammer|p2b: Lunala\n|-damage|p2b: Lunala|0 fnt\n|faint|p2b: Lunala\n|-damage|p1b: Rillaboom|0 fnt|[from] Recoil\n|faint|p1b: Rillaboom\n|\n|-heal|p1a: Zamazenta|9/100|[from] Grassy Terrain\n|upkeep\n|turn|8\n|\n|t:|1773435497\n|move|p1a: Zamazenta|Protect|p1a: Zamazenta\n|-singleturn|p1a: Zamazenta|Protect\n|move|p2a: Miraidon|Electro Drift|p1a: Zamazenta\n|-activate|p1a: Zamazenta|move: Protect\n|\n|-heal|p1a: Zamazenta|15/100|[from] Grassy Terrain\n|upkeep\n|turn|9\n|\n|t:|1773435507\n|-terastallize|p1a: Zamazenta|Dragon\n|move|p1a: Zamazenta|Body Press|p2a: Miraidon\n|-damage|p2a: Miraidon|41/100\n|move|p2a: Miraidon|Electro Drift|p1a: Zamazenta\n|-resisted|p1a: Zamazenta\n|-damage|p1a: Zamazenta|8/100\n|\n|-heal|p1a: Zamazenta|14/100|[from] Grassy Terrain\n|-heal|p2a: Miraidon|47/100|[from] Grassy Terrain\n|upkeep\n|turn|10\n|\n|t:|1773435520\n|move|p1a: Zamazenta|Body Press|p2a: Miraidon\n|-damage|p2a: Miraidon|0 fnt\n|faint|p2a: Miraidon\n|\n|win|Shagrathisbeast\n|raw|Shagrathisbeast's rating: 1430 &rarr; <strong>1452</strong><br />(+22 for winning)\n|raw|alzombie's rating: 1471 &rarr; <strong>1449</strong><br />(-22 for losing)\n|l|\u2606alzombie\n|player|p2|\n|c|\u2606Shagrathisbeast|ggwp man\n|l|\u2606Shagrathisbeast\n|player|p1|\n","uploadtime":1773435740,"views":18,"formatid":"gen9vgc2026regi","rating":1449,"private":0,"password":null}