{"id":"gen9vgc2026regi-2568487069","format":"[Gen 9] VGC 2026 Reg I","players":["polinganos","987w"],"log":"|j|\u2606polinganos\n|j|\u2606987w\n|t:|1774584355\n|gametype|doubles\n|player|p1|polinganos|tate|1236\n|player|p2|987w|lacey|1357\n|gen|9\n|tier|[Gen 9] VGC 2026 Reg I\n|rated|\n|rule|Species Clause: Limit one of each Pok\u00e9mon\n|rule|Item Clause: Limit 1 of each item\n|clearpoke\n|poke|p1|Lunala, L50|\n|poke|p1|Kyogre, L50|\n|poke|p1|Indeedee-F, L50, F|\n|poke|p1|Tornadus, L50, M|\n|poke|p1|Sneasler, L50, F|\n|poke|p1|Archaludon, L50, M|\n|poke|p2|Miraidon, L50|\n|poke|p2|Calyrex-Ice, L50|\n|poke|p2|Volcarona, L50, M|\n|poke|p2|Incineroar, L50, F|\n|poke|p2|Urshifu-*, L50, F|\n|poke|p2|Whimsicott, L50, M|\n|teampreview|4\n|inactive|Battle timer is ON: inactive players will automatically lose when time's up. (requested by polinganos)\n|\n|t:|1774584379\n|teamsize|p1|4\n|teamsize|p2|4\n|start\n|switch|p1a: Indeedee|Indeedee-F, L50, F|100/100\n|switch|p1b: Sneasler|Sneasler, L50, F|100/100\n|switch|p2a: Miraidon|Miraidon, L50|100/100\n|switch|p2b: Whimsicott|Whimsicott, L50, M|100/100\n|-fieldstart|move: Electric Terrain|[from] ability: Hadron Engine|[of] p2a: Miraidon\n|-fieldstart|move: Psychic Terrain|[from] ability: Psychic Surge|[of] p1a: Indeedee\n|-enditem|p1b: Sneasler|Psychic Seed\n|-boost|p1b: Sneasler|spd|1|[from] item: Psychic Seed\n|turn|1\n|inactive|polinganos has 30 seconds left.\n|inactive|987w has 30 seconds left.\n|inactive|987w has 20 seconds left.\n|\n|t:|1774584417\n|move|p1a: Indeedee|Helping Hand|p1b: Sneasler\n|-singleturn|p1b: Sneasler|Helping Hand|[of] p1a: Indeedee\n|move|p1b: Sneasler|Close Combat|p2a: Miraidon\n|-damage|p2a: Miraidon|2/100\n|-unboost|p1b: Sneasler|def|1\n|-unboost|p1b: Sneasler|spd|1\n|move|p2b: Whimsicott|Endeavor|p1b: Sneasler\n|-damage|p1b: Sneasler|78/100\n|move|p2a: Miraidon|Volt Switch|p1a: Indeedee\n|-crit|p1a: Indeedee\n|-damage|p1a: Indeedee|47/100\n|\n|t:|1774584422\n|switch|p2a: Calyrex|Calyrex-Ice, L50|100/100|[from] Volt Switch\n|-ability|p2a: Calyrex|As One\n|-ability|p2a: Calyrex|Unnerve\n|\n|upkeep\n|turn|2\n|\n|t:|1774584439\n|-terastallize|p2a: Calyrex|Water\n|move|p2b: Whimsicott|Light Screen|p2b: Whimsicott\n|-sidestart|p2: 987w|move: Light Screen\n|move|p1b: Sneasler|Dire Claw|p2b: Whimsicott\n|-supereffective|p2b: Whimsicott\n|-enditem|p2b: Whimsicott|Focus Sash\n|-damage|p2b: Whimsicott|1/100\n|-status|p2b: Whimsicott|psn\n|move|p2a: Calyrex|Glacial Lance|p1b: Sneasler|[spread] p1a,p1b\n|-crit|p1a: Indeedee\n|-damage|p1a: Indeedee|0 fnt\n|-damage|p1b: Sneasler|0 fnt\n|faint|p1a: Indeedee\n|faint|p1b: Sneasler\n|-ability|p2a: Calyrex|Chilling Neigh|boost\n|-boost|p2a: Calyrex|atk|2\n|\n|-damage|p2b: Whimsicott|0 fnt|[from] psn\n|faint|p2b: Whimsicott\n|upkeep\n|\n|t:|1774584458\n|switch|p2b: Urshifu|Urshifu-Rapid-Strike, L50, F|100/100\n|switch|p1b: Kyogre|Kyogre, L50|100/100\n|switch|p1a: Lunala|Lunala, L50|100/100\n|-weather|RainDance|[from] ability: Drizzle|[of] p1b: Kyogre\n|turn|3\n|\n|t:|1774584472\n|move|p1a: Lunala|Wide Guard|p1a: Lunala\n|-singleturn|p1a: Lunala|Wide Guard\n|move|p2b: Urshifu|Close Combat|p1b: Kyogre\n|-damage|p1b: Kyogre|13/100\n|-unboost|p2b: Urshifu|def|1\n|-unboost|p2b: Urshifu|spd|1\n|move|p1b: Kyogre|Thunder|p2a: Calyrex\n|-supereffective|p2a: Calyrex\n|-damage|p2a: Calyrex|58/100\n|move|p2a: Calyrex|Glacial Lance|p1b: Kyogre|[spread] \n|-activate|p1a: Lunala|move: Wide Guard\n|-activate|p1b: Kyogre|move: Wide Guard\n|\n|-weather|RainDance|[upkeep]\n|upkeep\n|turn|4\n|\n|t:|1774584495\n|move|p1b: Kyogre|Protect|p1b: Kyogre\n|-singleturn|p1b: Kyogre|Protect\n|move|p2b: Urshifu|Close Combat|p1b: Kyogre\n|-damage|p1b: Kyogre|0 fnt\n|-unboost|p2b: Urshifu|def|1\n|-unboost|p2b: Urshifu|spd|1\n|faint|p1b: Kyogre\n|move|p1a: Lunala|Calm Mind|p1a: Lunala\n|-boost|p1a: Lunala|spa|1\n|-boost|p1a: Lunala|spd|1\n|move|p2a: Calyrex|Glacial Lance|p1a: Lunala\n|-damage|p1a: Lunala|48/100\n|\n|-weather|RainDance|[upkeep]\n|-heal|p1a: Lunala|54/100|[from] item: Leftovers\n|upkeep\n|turn|5\n|\n|t:|1774584519\n|switch|p2b: Miraidon|Miraidon, L50|2/100\n|-fieldstart|move: Electric Terrain|[from] ability: Hadron Engine|[of] p2b: Miraidon\n|move|p1a: Lunala|Moongeist Beam|p2a: Calyrex\n|-damage|p2a: Calyrex|22/100\n|move|p2a: Calyrex|Glacial Lance|p1a: Lunala\n|-damage|p1a: Lunala|0 fnt\n|faint|p1a: Lunala\n|\n|win|987w\n|raw|polinganos's rating: 1236 &rarr; <strong>1219</strong><br />(-17 for losing)\n|raw|987w's rating: 1357 &rarr; <strong>1370</strong><br />(+13 for winning)\n|l|\u2606polinganos\n|player|p1|\n|l|\u2606987w\n|player|p2|\n","uploadtime":1774584692,"views":11,"formatid":"gen9vgc2026regi","rating":1219,"private":0,"password":null}