{"id":"gen9vgc2026regi-2520257384","format":"[Gen 9] VGC 2026 Reg I","players":["ScribbleScribble","crifab93"],"log":"|j|\u2606ScribbleScribble\n|j|\u2606crifab93\n|t:|1768605110\n|gametype|doubles\n|player|p1|ScribbleScribble|mina-lgpe|1467\n|player|p2|crifab93|n|1446\n|gen|9\n|tier|[Gen 9] VGC 2026 Reg I\n|rated|\n|rule|Species Clause: Limit one of each Pok\u00e9mon\n|rule|Item Clause: Limit 1 of each item\n|clearpoke\n|poke|p1|Calyrex-Ice, L50|\n|poke|p1|Kyogre, L50|\n|poke|p1|Tornadus, L50, M|\n|poke|p1|Indeedee-F, L50, F|\n|poke|p1|Landorus, L50, M|\n|poke|p1|Urshifu-*, L50, F|\n|poke|p2|Rillaboom, L50, M|\n|poke|p2|Calyrex-Shadow, L50|\n|poke|p2|Zamazenta-*, L50|\n|poke|p2|Incineroar, L50, M|\n|poke|p2|Clefairy, L50, M|\n|poke|p2|Ogerpon-Hearthflame, L50, F|\n|teampreview|4\n|inactive|Battle timer is ON: inactive players will automatically lose when time's up. (requested by ScribbleScribble)\n|inactive|ScribbleScribble has 60 seconds left.\n|\n|t:|1768605146\n|teamsize|p1|4\n|teamsize|p2|4\n|start\n|switch|p1a: Tornadus|Tornadus, L50, M|100/100\n|switch|p1b: Landorus|Landorus, L50, M|100/100\n|switch|p2a: Rillaboom|Rillaboom, L50, M|100/100\n|switch|p2b: Calyrex|Calyrex-Shadow, L50|100/100\n|-ability|p2b: Calyrex|As One\n|-ability|p2b: Calyrex|Unnerve\n|-fieldstart|move: Grassy Terrain|[from] ability: Grassy Surge|[of] p2a: Rillaboom\n|turn|1\n|\n|t:|1768605160\n|-terastallize|p1a: Tornadus|Ghost\n|move|p2b: Calyrex|Protect|p2b: Calyrex\n|-singleturn|p2b: Calyrex|Protect\n|move|p1b: Landorus|Protect|p1b: Landorus\n|-singleturn|p1b: Landorus|Protect\n|move|p1a: Tornadus|Bleakwind Storm|p2b: Calyrex|[spread] \n|-activate|p2b: Calyrex|move: Protect\n|-miss|p1a: Tornadus|p2a: Rillaboom\n|move|p2a: Rillaboom|Wood Hammer|p1b: Landorus\n|-activate|p1b: Landorus|move: Protect\n|\n|upkeep\n|turn|2\n|\n|t:|1768605170\n|move|p1a: Tornadus|Tailwind|p1a: Tornadus\n|-sidestart|p1: ScribbleScribble|move: Tailwind\n|move|p1b: Landorus|Sandsear Storm|p2b: Calyrex|[spread] p2b\n|-miss|p1b: Landorus|p2a: Rillaboom\n|-damage|p2b: Calyrex|41/100\n|move|p2b: Calyrex|Astral Barrage|p1a: Tornadus|[spread] p1a,p1b\n|-supereffective|p1a: Tornadus\n|-enditem|p1a: Tornadus|Focus Sash\n|-damage|p1a: Tornadus|1/100\n|-damage|p1b: Landorus|19/100\n|-damage|p2b: Calyrex|31/100|[from] item: Life Orb\n|move|p2a: Rillaboom|U-turn|p1b: Landorus\n|-resisted|p1b: Landorus\n|-damage|p1b: Landorus|6/100\n|\n|t:|1768605181\n|switch|p2a: Ogerpon|Ogerpon-Hearthflame, L50, F|100/100|[from] U-turn\n|-ability|p2a: Ogerpon|Mold Breaker\n|\n|-heal|p1a: Tornadus|7/100|[from] Grassy Terrain\n|-heal|p2b: Calyrex|37/100|[from] Grassy Terrain\n|upkeep\n|turn|3\n|\n|t:|1768605186\n|switch|p1a: Indeedee|Indeedee-F, L50, F, shiny|100/100\n|-fieldstart|move: Psychic Terrain|[from] ability: Psychic Surge|[of] p1a: Indeedee\n|-enditem|p1a: Indeedee|Psychic Seed\n|-boost|p1a: Indeedee|spd|1|[from] item: Psychic Seed\n|move|p2b: Calyrex|Protect|p2b: Calyrex\n|-singleturn|p2b: Calyrex|Protect\n|move|p2a: Ogerpon|Spiky Shield|p2a: Ogerpon\n|-singleturn|p2a: Ogerpon|move: Protect\n|move|p1b: Landorus|Sandsear Storm|p2b: Calyrex|[spread] \n|-activate|p2a: Ogerpon|move: Protect\n|-activate|p2b: Calyrex|move: Protect\n|\n|upkeep\n|turn|4\n|\n|t:|1768605211\n|switch|p2b: Rillaboom|Rillaboom, L50, M|100/100\n|-fieldstart|move: Grassy Terrain|[from] ability: Grassy Surge|[of] p2b: Rillaboom\n|move|p1a: Indeedee|Follow Me|p1a: Indeedee\n|-singleturn|p1a: Indeedee|move: Follow Me\n|move|p1b: Landorus|Sludge Bomb|p2a: Ogerpon\n|-supereffective|p2a: Ogerpon\n|-damage|p2a: Ogerpon|0 fnt\n|faint|p2a: Ogerpon\n|\n|upkeep\n|\n|t:|1768605224\n|switch|p2a: Calyrex|Calyrex-Shadow, L50|37/100\n|-ability|p2a: Calyrex|As One\n|-ability|p2a: Calyrex|Unnerve\n|turn|5\n|\n|t:|1768605242\n|move|p2b: Rillaboom|Grassy Glide|p1a: Indeedee\n|-damage|p1a: Indeedee|61/100\n|move|p1b: Landorus|Sludge Bomb|p2b: Rillaboom\n|-supereffective|p2b: Rillaboom\n|-damage|p2b: Rillaboom|21/100\n|move|p2a: Calyrex|Nasty Plot|p2a: Calyrex\n|-boost|p2a: Calyrex|spa|2\n|move|p1a: Indeedee|Psychic|p2a: Calyrex\n|-resisted|p2a: Calyrex\n|-damage|p2a: Calyrex|22/100\n|\n|-heal|p2a: Calyrex|28/100|[from] Grassy Terrain\n|-heal|p1a: Indeedee|67/100|[from] Grassy Terrain\n|-heal|p2b: Rillaboom|27/100|[from] Grassy Terrain\n|-sideend|p1: ScribbleScribble|move: Tailwind\n|upkeep\n|turn|6\n|\n|t:|1768605259\n|move|p2a: Calyrex|Protect|p2a: Calyrex\n|-singleturn|p2a: Calyrex|Protect\n|move|p1b: Landorus|Protect|p1b: Landorus\n|-singleturn|p1b: Landorus|Protect\n|move|p2b: Rillaboom|Grassy Glide|p1b: Landorus\n|-activate|p1b: Landorus|move: Protect\n|move|p1a: Indeedee|Trick Room|p1a: Indeedee\n|-fieldstart|move: Trick Room|[of] p1a: Indeedee\n|\n|-heal|p1a: Indeedee|73/100|[from] Grassy Terrain\n|-heal|p2b: Rillaboom|33/100|[from] Grassy Terrain\n|-heal|p2a: Calyrex|35/100|[from] Grassy Terrain\n|upkeep\n|turn|7\n|-message|crifab93 forfeited.\n|\n|win|ScribbleScribble\n|raw|ScribbleScribble's rating: 1467 &rarr; <strong>1486</strong><br />(+19 for winning)\n|raw|crifab93's rating: 1446 &rarr; <strong>1427</strong><br />(-19 for losing)\n|l|\u2606crifab93\n|player|p2|\n|l|\u2606ScribbleScribble\n|player|p1|\n","uploadtime":1768605493,"views":19,"formatid":"gen9vgc2026regi","rating":1427,"private":0,"password":null}