{"id":"gen9vgc2026regi-2537996998","format":"[Gen 9] VGC 2026 Reg I","players":["TheManOfSausage","KINSEYCHO"],"log":"|j|\u2606TheManOfSausage\n|j|\u2606KINSEYCHO\n|t:|1770874822\n|gametype|doubles\n|player|p1|TheManOfSausage|miku-water|1319\n|player|p2|KINSEYCHO|veteran|1377\n|gen|9\n|tier|[Gen 9] VGC 2026 Reg I\n|rated|\n|rule|Species Clause: Limit one of each Pok\u00e9mon\n|rule|Item Clause: Limit 1 of each item\n|clearpoke\n|poke|p1|Calyrex-Ice, L50|\n|poke|p1|Miraidon, L50|\n|poke|p1|Amoonguss, L50, F|\n|poke|p1|Incineroar, L50, M|\n|poke|p1|Urshifu-*, L50, M|\n|poke|p1|Farigiraf, L50, F|\n|poke|p2|Muk-Alola, L50, F|\n|poke|p2|Smeargle, L50, F|\n|poke|p2|Flamigo, L50, M|\n|poke|p2|Calyrex-Shadow, L50|\n|poke|p2|Miraidon, L50|\n|poke|p2|Volcarona, L50, M|\n|teampreview|4\n|inactive|Battle timer is ON: inactive players will automatically lose when time's up. (requested by KINSEYCHO)\n|\n|t:|1770874837\n|teamsize|p1|4\n|teamsize|p2|4\n|start\n|switch|p1a: Tama|Miraidon, L50|100/100\n|switch|p1b: Farigiraf|Farigiraf, L50, F|100/100\n|switch|p2a: \u53d8\u5c0f\u53d8\u5c0f|Muk-Alola, L50, F|100/100\n|switch|p2b: \u5b62\u5b50\u5b62\u5b50|Smeargle, L50, F|100/100\n|-fieldstart|move: Electric Terrain|[from] ability: Hadron Engine|[of] p1a: Tama\n|-enditem|p1b: Farigiraf|Electric Seed\n|-boost|p1b: Farigiraf|def|1|[from] item: Electric Seed\n|turn|1\n|\n|t:|1770874854\n|move|p2b: \u5b62\u5b50\u5b62\u5b50|Follow Me|p2b: \u5b62\u5b50\u5b62\u5b50\n|-singleturn|p2b: \u5b62\u5b50\u5b62\u5b50|move: Follow Me\n|move|p1a: Tama|Volt Switch|p2b: \u5b62\u5b50\u5b62\u5b50\n|-enditem|p2b: \u5b62\u5b50\u5b62\u5b50|Focus Sash\n|-damage|p2b: \u5b62\u5b50\u5b62\u5b50|1/100\n|\n|t:|1770874858\n|switch|p1a: Ogurin|Calyrex-Ice, L50|100/100|[from] Volt Switch\n|-ability|p1a: Ogurin|As One\n|-ability|p1a: Ogurin|Unnerve\n|move|p1b: Farigiraf|Psychic|p2b: \u5b62\u5b50\u5b62\u5b50\n|-damage|p2b: \u5b62\u5b50\u5b62\u5b50|0 fnt\n|faint|p2b: \u5b62\u5b50\u5b62\u5b50\n|-ability|p2a: \u53d8\u5c0f\u53d8\u5c0f|Moody|Power of Alchemy|[from] ability: Power of Alchemy|[of] p2b: \u5b62\u5b50\u5b62\u5b50\n|move|p2a: \u53d8\u5c0f\u53d8\u5c0f|Minimize|p2a: \u53d8\u5c0f\u53d8\u5c0f\n|-boost|p2a: \u53d8\u5c0f\u53d8\u5c0f|evasion|2\n|\n|-ability|p2a: \u53d8\u5c0f\u53d8\u5c0f|Moody|boost\n|-boost|p2a: \u53d8\u5c0f\u53d8\u5c0f|def|2\n|-unboost|p2a: \u53d8\u5c0f\u53d8\u5c0f|spa|1\n|upkeep\n|\n|t:|1770874870\n|switch|p2b: \u4e39\u9876\u9e64|Flamigo, L50, M|100/100\n|-copyboost|p2b: \u4e39\u9876\u9e64|p2a: \u53d8\u5c0f\u53d8\u5c0f|[from] ability: Costar\n|-enditem|p2b: \u4e39\u9876\u9e64|White Herb\n|-clearnegativeboost|p2b: \u4e39\u9876\u9e64|[silent]\n|turn|2\n|\n|t:|1770874880\n|-terastallize|p2b: \u4e39\u9876\u9e64|Dark\n|move|p2b: \u4e39\u9876\u9e64|Wide Guard|p2b: \u4e39\u9876\u9e64\n|-singleturn|p2b: \u4e39\u9876\u9e64|Wide Guard\n|move|p1b: Farigiraf|Psychic|p2b: \u4e39\u9876\u9e64\n|-immune|p2b: \u4e39\u9876\u9e64\n|move|p2a: \u53d8\u5c0f\u53d8\u5c0f|Minimize|p2a: \u53d8\u5c0f\u53d8\u5c0f\n|-boost|p2a: \u53d8\u5c0f\u53d8\u5c0f|evasion|2\n|move|p1a: Ogurin|High Horsepower|p2a: \u53d8\u5c0f\u53d8\u5c0f\n|-supereffective|p2a: \u53d8\u5c0f\u53d8\u5c0f\n|-damage|p2a: \u53d8\u5c0f\u53d8\u5c0f|54/100\n|\n|-heal|p2a: \u53d8\u5c0f\u53d8\u5c0f|60/100|[from] item: Leftovers\n|-ability|p2a: \u53d8\u5c0f\u53d8\u5c0f|Moody|boost\n|-boost|p2a: \u53d8\u5c0f\u53d8\u5c0f|spe|2\n|-unboost|p2a: \u53d8\u5c0f\u53d8\u5c0f|spa|1\n|upkeep\n|turn|3\n|\n|t:|1770874902\n|move|p1b: Farigiraf|Helping Hand|p1a: Ogurin\n|-singleturn|p1a: Ogurin|Helping Hand|[of] p1b: Farigiraf\n|move|p2b: \u4e39\u9876\u9e64|Wide Guard|p2b: \u4e39\u9876\u9e64\n|-singleturn|p2b: \u4e39\u9876\u9e64|Wide Guard\n|move|p2a: \u53d8\u5c0f\u53d8\u5c0f|Minimize|p2a: \u53d8\u5c0f\u53d8\u5c0f\n|-boost|p2a: \u53d8\u5c0f\u53d8\u5c0f|evasion|2\n|move|p1a: Ogurin|High Horsepower|p2a: \u53d8\u5c0f\u53d8\u5c0f|[miss]\n|-miss|p1a: Ogurin|p2a: \u53d8\u5c0f\u53d8\u5c0f\n|\n|-heal|p2a: \u53d8\u5c0f\u53d8\u5c0f|67/100|[from] item: Leftovers\n|-ability|p2a: \u53d8\u5c0f\u53d8\u5c0f|Moody|boost\n|-boost|p2a: \u53d8\u5c0f\u53d8\u5c0f|spd|2\n|-unboost|p2a: \u53d8\u5c0f\u53d8\u5c0f|spe|1\n|upkeep\n|turn|4\n|\n|t:|1770874923\n|switch|p2b: \u9b3c\u9a6c\u738b|Calyrex-Shadow, L50|100/100\n|-ability|p2b: \u9b3c\u9a6c\u738b|As One\n|-ability|p2b: \u9b3c\u9a6c\u738b|Unnerve\n|move|p1b: Farigiraf|Helping Hand|p1a: Ogurin\n|-singleturn|p1a: Ogurin|Helping Hand|[of] p1b: Farigiraf\n|move|p2a: \u53d8\u5c0f\u53d8\u5c0f|Poison Gas|p1a: Ogurin|[spread] p1a,p1b\n|-status|p1a: Ogurin|psn\n|-status|p1b: Farigiraf|psn\n|move|p1a: Ogurin|High Horsepower|p2a: \u53d8\u5c0f\u53d8\u5c0f\n|-supereffective|p2a: \u53d8\u5c0f\u53d8\u5c0f\n|-damage|p2a: \u53d8\u5c0f\u53d8\u5c0f|0 fnt\n|faint|p2a: \u53d8\u5c0f\u53d8\u5c0f\n|-ability|p1a: Ogurin|Chilling Neigh|boost\n|-boost|p1a: Ogurin|atk|1\n|\n|-damage|p1b: Farigiraf|88/100 psn|[from] psn\n|-damage|p1a: Ogurin|88/100 psn|[from] psn\n|upkeep\n|\n|t:|1770874937\n|switch|p2a: \u4e39\u9876\u9e64|Flamigo, L50, M, tera:Dark|100/100\n|-copyboost|p2a: \u4e39\u9876\u9e64|p2b: \u9b3c\u9a6c\u738b|[from] ability: Costar\n|turn|5\n|\n|t:|1770874949\n|move|p1a: Ogurin|Protect|p1a: Ogurin\n|-singleturn|p1a: Ogurin|Protect\n|move|p2b: \u9b3c\u9a6c\u738b|Astral Barrage|p1b: Farigiraf|[spread] \n|-activate|p1a: Ogurin|move: Protect\n|-immune|p1b: Farigiraf\n|move|p2a: \u4e39\u9876\u9e64|Close Combat|p1a: Ogurin\n|-activate|p1a: Ogurin|move: Protect\n|move|p1b: Farigiraf|Trick Room|p1b: Farigiraf\n|-fieldstart|move: Trick Room|[of] p1b: Farigiraf\n|\n|-damage|p1a: Ogurin|76/100 psn|[from] psn\n|-damage|p1b: Farigiraf|76/100 psn|[from] psn\n|-fieldend|move: Electric Terrain\n|upkeep\n|turn|6\n|-message|KINSEYCHO forfeited.\n|\n|win|TheManOfSausage\n|raw|TheManOfSausage's rating: 1319 &rarr; <strong>1342</strong><br />(+23 for winning)\n|raw|KINSEYCHO's rating: 1377 &rarr; <strong>1354</strong><br />(-23 for losing)\n|l|\u2606KINSEYCHO\n|player|p2|\n|l|\u2606TheManOfSausage\n|player|p1|\n","uploadtime":1770875154,"views":12,"formatid":"gen9vgc2026regi","rating":1342,"private":0,"password":null}