{"id":"gen9vgc2026regi-2543510485","format":"[Gen 9] VGC 2026 Reg I","players":["marcxhenry","zebraschinge"],"log":"|j|\u2606marcxhenry\n|j|\u2606zebraschinge\n|t:|1771586106\n|gametype|doubles\n|player|p1|marcxhenry|hilbert-wonderlauncher|1439\n|player|p2|zebraschinge|wallace|1405\n|gen|9\n|tier|[Gen 9] VGC 2026 Reg I\n|rated|\n|rule|Species Clause: Limit one of each Pok\u00e9mon\n|rule|Item Clause: Limit 1 of each item\n|clearpoke\n|poke|p1|Calyrex-Shadow, L50|\n|poke|p1|Urshifu-*, L50, M|\n|poke|p1|Roaring Moon, L50|\n|poke|p1|Kyogre, L50|\n|poke|p1|Tsareena, L50, F|\n|poke|p1|Kingambit, L50, M|\n|poke|p2|Miraidon, L50|\n|poke|p2|Grimmsnarl, L50, M|\n|poke|p2|Calyrex-Ice, L50|\n|poke|p2|Farigiraf, L50, M|\n|poke|p2|Murkrow, L50, F|\n|poke|p2|Diglett, L50, F|\n|teampreview|4\n|inactive|Battle timer is ON: inactive players will automatically lose when time's up. (requested by zebraschinge)\n|inactive|zebraschinge has 60 seconds left.\n|\n|t:|1771586149\n|teamsize|p1|4\n|teamsize|p2|4\n|start\n|switch|p1a: Tripitz|Kyogre, L50, shiny|100/100\n|switch|p1b: Hitmonshe|Tsareena, L50, F, shiny|100/100\n|switch|p2a: Olangaar|Grimmsnarl, L50, M|100/100\n|switch|p2b: High Horsepow miss|Calyrex-Ice, L50|100/100\n|-ability|p2b: High Horsepow miss|As One\n|-ability|p2b: High Horsepow miss|Unnerve\n|-weather|RainDance|[from] ability: Drizzle|[of] p1a: Tripitz\n|-item|p1a: Tripitz|Mystic Water|[from] ability: Frisk|[of] p2a: Olangaar\n|-item|p1b: Hitmonshe|Wide Lens|[from] ability: Frisk|[of] p2a: Olangaar\n|turn|1\n|\n|t:|1771586173\n|-terastallize|p2b: High Horsepow miss|Water\n|move|p1a: Tripitz|Water Spout|p2a: Olangaar|[spread] p2a,p2b\n|-resisted|p2b: High Horsepow miss\n|-damage|p2a: Olangaar|20/100\n|-damage|p2b: High Horsepow miss|60/100\n|move|p1b: Hitmonshe|Power Whip|p2b: High Horsepow miss\n|-supereffective|p2b: High Horsepow miss\n|-damage|p2b: High Horsepow miss|0 fnt\n|faint|p2b: High Horsepow miss\n|move|p2a: Olangaar|Spirit Break|p1a: Tripitz\n|-damage|p1a: Tripitz|60/100\n|-unboost|p1a: Tripitz|spa|1\n|\n|-weather|RainDance|[upkeep]\n|upkeep\n|\n|t:|1771586191\n|switch|p2b: Miraidon|Miraidon, L50|100/100\n|-fieldstart|move: Electric Terrain|[from] ability: Hadron Engine|[of] p2b: Miraidon\n|turn|2\n|\n|t:|1771586204\n|switch|p2a: Farigiraf|Farigiraf, L50, M|100/100\n|-terastallize|p1a: Tripitz|Ground\n|move|p2b: Miraidon|Dragon Pulse|p1b: Hitmonshe\n|-damage|p1b: Hitmonshe|0 fnt\n|faint|p1b: Hitmonshe\n|-damage|p2b: Miraidon|91/100|[from] item: Life Orb\n|move|p1a: Tripitz|Origin Pulse|p2b: Miraidon|[spread] p2a,p2b\n|-resisted|p2b: Miraidon\n|-damage|p2a: Farigiraf|38/100\n|-damage|p2b: Miraidon|66/100\n|-enditem|p2a: Farigiraf|Sitrus Berry|[eat]\n|-heal|p2a: Farigiraf|62/100|[from] item: Sitrus Berry\n|\n|-weather|RainDance|[upkeep]\n|upkeep\n|\n|t:|1771586218\n|switch|p1b: Hermann|Kingambit, L50, M, shiny|100/100\n|turn|3\n|\n|t:|1771586236\n|move|p1a: Tripitz|Protect|p1a: Tripitz\n|-singleturn|p1a: Tripitz|Protect\n|move|p2b: Miraidon|Electro Drift|p1b: Hermann\n|-damage|p1b: Hermann|9/100\n|-damage|p2b: Miraidon|56/100|[from] item: Life Orb\n|move|p2a: Farigiraf|Tera Blast|p1b: Hermann\n|-resisted|p1b: Hermann\n|-crit|p1b: Hermann\n|-damage|p1b: Hermann|0 fnt\n|faint|p1b: Hermann\n|\n|-weather|RainDance|[upkeep]\n|upkeep\n|\n|t:|1771586247\n|switch|p1b: Ludwig|Calyrex-Shadow, L50|100/100\n|-ability|p1b: Ludwig|As One\n|-ability|p1b: Ludwig|Unnerve\n|turn|4\n|inactive|zebraschinge has 30 seconds left.\n|\n|t:|1771586273\n|move|p1b: Ludwig|Protect|p1b: Ludwig\n|-singleturn|p1b: Ludwig|Protect\n|move|p2a: Farigiraf|Protect|p2a: Farigiraf\n|-singleturn|p2a: Farigiraf|Protect\n|move|p2b: Miraidon|Dragon Pulse|p1a: Tripitz\n|-damage|p1a: Tripitz|0 fnt\n|faint|p1a: Tripitz\n|-damage|p2b: Miraidon|47/100|[from] item: Life Orb\n|\n|-weather|RainDance|[upkeep]\n|upkeep\n|turn|5\n|\n|t:|1771586287\n|move|p1b: Ludwig|Psychic|p2b: Miraidon\n|-damage|p2b: Miraidon|0 fnt\n|faint|p2b: Miraidon\n|-ability|p1b: Ludwig|Grim Neigh|boost\n|-boost|p1b: Ludwig|spa|1\n|move|p2a: Farigiraf|Foul Play|p1b: Ludwig\n|-supereffective|p1b: Ludwig\n|-damage|p1b: Ludwig|23/100\n|\n|-weather|none\n|upkeep\n|\n|t:|1771586296\n|switch|p2b: Olangaar|Grimmsnarl, L50, M|20/100\n|-item|p1b: Ludwig|Focus Sash|[from] ability: Frisk|[of] p2b: Olangaar\n|turn|6\n|-message|marcxhenry forfeited.\n|\n|win|zebraschinge\n|raw|marcxhenry's rating: 1439 &rarr; <strong>1417</strong><br />(-22 for losing)\n|raw|zebraschinge's rating: 1405 &rarr; <strong>1427</strong><br />(+22 for winning)\n|l|\u2606marcxhenry\n|player|p1|\n|l|\u2606zebraschinge\n|player|p2|\n","uploadtime":1771586547,"views":15,"formatid":"gen9vgc2026regi","rating":1417,"private":0,"password":null}