{"id":"gen9vgc2026regi-2568217804","format":"[Gen 9] VGC 2026 Reg I","players":["itastelikeiron","Donye East"],"log":"|j|\u2606itastelikeiron\n|j|\u2606Donye East\n|t:|1774556804\n|gametype|doubles\n|player|p1|itastelikeiron|infielder|1449\n|player|p2|Donye East|nemona-s|1431\n|gen|9\n|tier|[Gen 9] VGC 2026 Reg I\n|rated|\n|rule|Species Clause: Limit one of each Pok\u00e9mon\n|rule|Item Clause: Limit 1 of each item\n|clearpoke\n|poke|p1|Kyogre, L50|\n|poke|p1|Lunala, L50|\n|poke|p1|Luvdisc, L50, M|\n|poke|p1|Landorus, L50, M|\n|poke|p1|Indeedee-F, L50, F|\n|poke|p1|Basculegion, L50, M|\n|poke|p2|Incineroar, L50, F|\n|poke|p2|Miraidon, L50|\n|poke|p2|Kyogre, L50|\n|poke|p2|Urshifu-*, L50, M|\n|poke|p2|Kingambit, L50, F|\n|poke|p2|Tornadus, L50, M|\n|teampreview|4\n|inactive|Battle timer is ON: inactive players will automatically lose when time's up. (requested by Donye East)\n|inactive|Donye East has 60 seconds left.\n|\n|t:|1774556844\n|teamsize|p1|4\n|teamsize|p2|4\n|start\n|switch|p1a: Landorus|Landorus, L50, M|100/100\n|switch|p1b: Lunala|Lunala, L50|100/100\n|switch|p2a: Tornadus|Tornadus, L50, M|100/100\n|switch|p2b: Kyogre|Kyogre, L50|100/100\n|-weather|RainDance|[from] ability: Drizzle|[of] p2b: Kyogre\n|turn|1\n|\n|t:|1774556864\n|switch|p1a: Indeedee|Indeedee-F, L50, F|100/100\n|-fieldstart|move: Psychic Terrain|[from] ability: Psychic Surge|[of] p1a: Indeedee\n|move|p2b: Kyogre|Protect|p2b: Kyogre\n|-singleturn|p2b: Kyogre|Protect\n|move|p2a: Tornadus|Taunt|p1b: Lunala\n|-activate|p1b: Lunala|move: Psychic Terrain\n|move|p1b: Lunala|Expanding Force|p2a: Tornadus|[spread] p2a\n|-activate|p2b: Kyogre|move: Protect\n|-crit|p2a: Tornadus\n|-damage|p2a: Tornadus|31/100\n|\n|-weather|RainDance|[upkeep]\n|upkeep\n|turn|2\n|\n|t:|1774556877\n|move|p1b: Lunala|Wide Guard|p1b: Lunala\n|-singleturn|p1b: Lunala|Wide Guard\n|move|p2b: Kyogre|Water Spout|p1a: Indeedee|[spread] \n|-activate|p1a: Indeedee|move: Wide Guard\n|-activate|p1b: Lunala|move: Wide Guard\n|move|p2a: Tornadus|Bleakwind Storm|p1b: Lunala|[spread] \n|-activate|p1a: Indeedee|move: Wide Guard\n|-activate|p1b: Lunala|move: Wide Guard\n|move|p1a: Indeedee|Trick Room|p1a: Indeedee\n|-fieldstart|move: Trick Room|[of] p1a: Indeedee\n|\n|-weather|RainDance|[upkeep]\n|upkeep\n|turn|3\n|\n|t:|1774556892\n|move|p2a: Tornadus|Protect|p2a: Tornadus\n|-singleturn|p2a: Tornadus|Protect\n|move|p2b: Kyogre|Protect|p2b: Kyogre\n|-singleturn|p2b: Kyogre|Protect\n|move|p1a: Indeedee|Psychic|p2a: Tornadus\n|-activate|p2a: Tornadus|move: Protect\n|move|p1b: Lunala|Expanding Force|p2b: Kyogre|[spread] \n|-activate|p2a: Tornadus|move: Protect\n|-activate|p2b: Kyogre|move: Protect\n|\n|-weather|RainDance|[upkeep]\n|upkeep\n|turn|4\n|\n|t:|1774556914\n|switch|p1a: Kyogre|Kyogre, L50|100/100\n|switch|p2a: Kingambit|Kingambit, L50, F, shiny|100/100\n|move|p1b: Lunala|Expanding Force|p2b: Kyogre|[spread] p2b\n|-immune|p2a: Kingambit\n|-damage|p2b: Kyogre|57/100\n|move|p2b: Kyogre|Origin Pulse|p1a: Kyogre|[spread] p1a\n|-miss|p2b: Kyogre|p1b: Lunala\n|-resisted|p1a: Kyogre\n|-damage|p1a: Kyogre|72/100\n|\n|-weather|RainDance|[upkeep]\n|upkeep\n|turn|5\n|inactive|itastelikeiron has 30 seconds left.\n|inactive|Donye East has 30 seconds left.\n|\n|t:|1774556945\n|-terastallize|p1b: Lunala|Normal\n|move|p2a: Kingambit|Kowtow Cleave|p1b: Lunala\n|-damage|p1b: Lunala|76/100\n|move|p1a: Kyogre|Origin Pulse|p2a: Kingambit|[spread] p2a,p2b\n|-resisted|p2b: Kyogre\n|-damage|p2a: Kingambit|26/100\n|-damage|p2b: Kyogre|28/100\n|move|p1b: Lunala|Meteor Beam||[still]\n|-prepare|p1b: Lunala|Meteor Beam\n|-boost|p1b: Lunala|spa|1\n|-enditem|p1b: Lunala|Power Herb\n|-anim|p1b: Lunala|Meteor Beam|p2a: Kingambit\n|-resisted|p2a: Kingambit\n|-crit|p2a: Kingambit\n|-damage|p2a: Kingambit|0 fnt\n|faint|p2a: Kingambit\n|move|p2b: Kyogre|Origin Pulse|p1b: Lunala|[spread] p1a,p1b\n|-resisted|p1a: Kyogre\n|-damage|p1a: Kyogre|47/100\n|-damage|p1b: Lunala|15/100\n|\n|-weather|none\n|-fieldend|move: Psychic Terrain\n|upkeep\n|\n|t:|1774556958\n|switch|p2a: Tornadus|Tornadus, L50, M|31/100\n|turn|6\n|\n|t:|1774556974\n|move|p2a: Tornadus|Protect|p2a: Tornadus\n|-singleturn|p2a: Tornadus|Protect\n|move|p2b: Kyogre|Protect|p2b: Kyogre\n|-singleturn|p2b: Kyogre|Protect\n|move|p1a: Kyogre|Ice Beam|p2a: Tornadus\n|-activate|p2a: Tornadus|move: Protect\n|move|p1b: Lunala|Moongeist Beam|p2b: Kyogre\n|-activate|p2b: Kyogre|move: Protect\n|\n|-fieldend|move: Trick Room\n|upkeep\n|turn|7\n|\n|t:|1774556989\n|move|p1b: Lunala|Wide Guard|p1b: Lunala\n|-singleturn|p1b: Lunala|Wide Guard\n|move|p2a: Tornadus|Tailwind|p2a: Tornadus\n|-sidestart|p2: Donye East|move: Tailwind\n|move|p2b: Kyogre|Thunder|p1b: Lunala|[miss]\n|-miss|p2b: Kyogre|p1b: Lunala\n|move|p1a: Kyogre|Origin Pulse|p2b: Kyogre|[spread] p2a,p2b\n|-crit|p2a: Tornadus\n|-resisted|p2b: Kyogre\n|-damage|p2a: Tornadus|0 fnt\n|-damage|p2b: Kyogre|8/100\n|faint|p2a: Tornadus\n|\n|upkeep\n|\n|t:|1774556995\n|switch|p2a: Miraidon|Miraidon, L50|100/100\n|-fieldstart|move: Electric Terrain|[from] ability: Hadron Engine|[of] p2a: Miraidon\n|turn|8\n|\n|t:|1774557014\n|-terastallize|p2a: Miraidon|Fairy\n|move|p1a: Kyogre|Protect|p1a: Kyogre\n|-singleturn|p1a: Kyogre|Protect\n|move|p2a: Miraidon|Dazzling Gleam|p1a: Kyogre|[spread] p1b\n|-activate|p1a: Kyogre|move: Protect\n|-damage|p1b: Lunala|0 fnt\n|faint|p1b: Lunala\n|move|p2b: Kyogre|Origin Pulse|p1a: Kyogre\n|-activate|p1a: Kyogre|move: Protect\n|\n|upkeep\n|\n|t:|1774557026\n|switch|p1b: Indeedee|Indeedee-F, L50, F|100/100\n|-fieldstart|move: Psychic Terrain|[from] ability: Psychic Surge|[of] p1b: Indeedee\n|turn|9\n|\n|t:|1774557037\n|move|p2a: Miraidon|Dazzling Gleam|p1a: Kyogre|[spread] p1a,p1b\n|-damage|p1a: Kyogre|15/100\n|-damage|p1b: Indeedee|55/100\n|move|p2b: Kyogre|Origin Pulse|p1b: Indeedee|[spread] p1a,p1b\n|-resisted|p1a: Kyogre\n|-crit|p1a: Kyogre\n|-damage|p1a: Kyogre|0 fnt\n|-damage|p1b: Indeedee|3/100\n|faint|p1a: Kyogre\n|move|p1b: Indeedee|Trick Room|p1b: Indeedee\n|-fieldstart|move: Trick Room|[of] p1b: Indeedee\n|\n|upkeep\n|\n|t:|1774557039\n|switch|p1a: Landorus|Landorus, L50, M|100/100\n|turn|10\n|\n|t:|1774557046\n|move|p1b: Indeedee|Psychic|p2b: Kyogre\n|-damage|p2b: Kyogre|0 fnt\n|faint|p2b: Kyogre\n|move|p1a: Landorus|Sludge Bomb|p2a: Miraidon\n|-supereffective|p2a: Miraidon\n|-damage|p2a: Miraidon|32/100\n|move|p2a: Miraidon|Dazzling Gleam|p1b: Indeedee|[spread] p1a,p1b\n|-damage|p1a: Landorus|38/100\n|-damage|p1b: Indeedee|0 fnt\n|faint|p1b: Indeedee\n|\n|-sideend|p2: Donye East|move: Tailwind\n|upkeep\n|turn|11\n|\n|t:|1774557052\n|move|p2a: Miraidon|Dazzling Gleam|p1a: Landorus\n|-damage|p1a: Landorus|0 fnt\n|faint|p1a: Landorus\n|\n|win|Donye East\n|raw|itastelikeiron's rating: 1449 &rarr; <strong>1428</strong><br />(-21 for losing)\n|raw|Donye East's rating: 1431 &rarr; <strong>1452</strong><br />(+21 for winning)\n|l|\u2606itastelikeiron\n|player|p1|\n|l|\u2606Donye East\n|player|p2|\n","uploadtime":1774557275,"views":16,"formatid":"gen9vgc2026regi","rating":1428,"private":0,"password":null}