{"id":"gen9vgc2026regi-2536151741","format":"[Gen 9] VGC 2026 Reg I","players":["Cello L.","henrik22"],"log":"|j|\u2606Cello L.\n|j|\u2606henrik22\n|t:|1770658983\n|gametype|doubles\n|player|p1|Cello L.|psychic-gen4|1413\n|player|p2|henrik22|266|1360\n|gen|9\n|tier|[Gen 9] VGC 2026 Reg I\n|rated|\n|rule|Species Clause: Limit one of each Pok\u00e9mon\n|rule|Item Clause: Limit 1 of each item\n|clearpoke\n|poke|p1|Kyogre, L50|\n|poke|p1|Calyrex-Ice, L50|\n|poke|p1|Flutter Mane, L50|\n|poke|p1|Basculegion, L50, M|\n|poke|p1|Amoonguss, L50, M|\n|poke|p1|Grimmsnarl, L50, M|\n|poke|p2|Rillaboom, L50, F|\n|poke|p2|Kyogre, L50|\n|poke|p2|Incineroar, L50, M|\n|poke|p2|Calyrex-Ice, L50|\n|poke|p2|Corviknight, L50, M|\n|poke|p2|Urshifu-*, L50, F|\n|teampreview|4\n|inactive|Battle timer is ON: inactive players will automatically lose when time's up. (requested by henrik22)\n|inactive|henrik22 has 60 seconds left.\n|\n|t:|1770659038\n|teamsize|p1|4\n|teamsize|p2|4\n|start\n|switch|p1a: Calyrex|Calyrex-Ice, L50|100/100\n|switch|p1b: Amoonguss|Amoonguss, L50, M|100/100\n|switch|p2a: Calyrex|Calyrex-Ice, L50|100/100\n|switch|p2b: Kyogre|Kyogre, L50|100/100\n|-ability|p1a: Calyrex|As One\n|-ability|p1a: Calyrex|Unnerve\n|-ability|p2a: Calyrex|As One\n|-ability|p2a: Calyrex|Unnerve\n|-weather|RainDance|[from] ability: Drizzle|[of] p2b: Kyogre\n|turn|1\n|\n|t:|1770659060\n|move|p1b: Amoonguss|Protect|p1b: Amoonguss\n|-singleturn|p1b: Amoonguss|Protect\n|move|p2b: Kyogre|Water Spout|p1a: Calyrex|[spread] p1a\n|-activate|p1b: Amoonguss|move: Protect\n|-damage|p1a: Calyrex|28/100\n|move|p2a: Calyrex|Glacial Lance|p1b: Amoonguss|[spread] p1a\n|-activate|p1b: Amoonguss|move: Protect\n|-resisted|p1a: Calyrex\n|-damage|p1a: Calyrex|9/100\n|move|p1a: Calyrex|Trick Room|p1a: Calyrex\n|-fieldstart|move: Trick Room|[of] p1a: Calyrex\n|\n|-weather|RainDance|[upkeep]\n|-heal|p1a: Calyrex|15/100|[from] item: Leftovers\n|upkeep\n|turn|2\n|inactive|Cello L. has 30 seconds left.\n|inactive|Cello L. has 20 seconds left.\n|inactive|henrik22 has 30 seconds left.\n|inactive|Cello L. has 15 seconds left.\n|inactive|Cello L. has 10 seconds left.\n|\n|t:|1770659109\n|move|p2a: Calyrex|Protect|p2a: Calyrex\n|-singleturn|p2a: Calyrex|Protect\n|move|p1b: Amoonguss|Spore|p2b: Kyogre\n|-status|p2b: Kyogre|slp|[from] move: Spore\n|move|p1a: Calyrex|Glacial Lance|p2b: Kyogre|[spread] p2b\n|-activate|p2a: Calyrex|move: Protect\n|-resisted|p2b: Kyogre\n|-damage|p2b: Kyogre|74/100 slp\n|cant|p2b: Kyogre|slp\n|\n|-weather|RainDance|[upkeep]\n|-heal|p1a: Calyrex|21/100|[from] item: Leftovers\n|upkeep\n|turn|3\n|\n|t:|1770659128\n|move|p1b: Amoonguss|Spore|p2a: Calyrex\n|-status|p2a: Calyrex|slp|[from] move: Spore\n|cant|p2a: Calyrex|slp\n|move|p1a: Calyrex|Glacial Lance|p2a: Calyrex|[spread] p2a,p2b\n|-resisted|p2a: Calyrex\n|-resisted|p2b: Kyogre\n|-damage|p2a: Calyrex|84/100 slp\n|-damage|p2b: Kyogre|49/100 slp\n|cant|p2b: Kyogre|slp\n|\n|-weather|RainDance|[upkeep]\n|-heal|p1a: Calyrex|27/100|[from] item: Leftovers\n|upkeep\n|turn|4\n|\n|t:|1770659143\n|cant|p2b: Kyogre|slp\n|move|p1b: Amoonguss|Pollen Puff|p1a: Calyrex\n|-heal|p1a: Calyrex|76/100\n|cant|p2a: Calyrex|slp\n|move|p1a: Calyrex|Glacial Lance|p2a: Calyrex|[spread] p2a,p2b\n|-resisted|p2a: Calyrex\n|-resisted|p2b: Kyogre\n|-damage|p2a: Calyrex|67/100 slp\n|-damage|p2b: Kyogre|22/100 slp\n|\n|-weather|RainDance|[upkeep]\n|-heal|p1a: Calyrex|82/100|[from] item: Leftovers\n|upkeep\n|turn|5\n|\n|t:|1770659163\n|-curestatus|p2b: Kyogre|slp|[msg]\n|move|p2b: Kyogre|Protect|p2b: Kyogre\n|-singleturn|p2b: Kyogre|Protect\n|move|p1b: Amoonguss|Pollen Puff|p1a: Calyrex\n|-heal|p1a: Calyrex|100/100\n|-curestatus|p2a: Calyrex|slp|[msg]\n|move|p2a: Calyrex|Glacial Lance|p1a: Calyrex|[spread] p1a,p1b\n|-resisted|p1a: Calyrex\n|-supereffective|p1b: Amoonguss\n|-damage|p1a: Calyrex|81/100\n|-damage|p1b: Amoonguss|0 fnt\n|faint|p1b: Amoonguss\n|-ability|p2a: Calyrex|Chilling Neigh|boost\n|-boost|p2a: Calyrex|atk|1\n|move|p1a: Calyrex|Glacial Lance|p2a: Calyrex|[spread] p2a\n|-activate|p2b: Kyogre|move: Protect\n|-resisted|p2a: Calyrex\n|-damage|p2a: Calyrex|50/100\n|\n|-weather|none\n|-heal|p1a: Calyrex|86/100|[from] item: Leftovers\n|-fieldend|move: Trick Room\n|upkeep\n|inactive|Cello L. has 30 seconds left.\n|\n|t:|1770659191\n|switch|p1b: Basculegion|Basculegion, L50, M|100/100\n|turn|6\n|\n|t:|1770659206\n|switch|p2b: Urshifu|Urshifu-Rapid-Strike, L50, F|100/100\n|move|p2a: Calyrex|Protect|p2a: Calyrex\n|-singleturn|p2a: Calyrex|Protect\n|move|p1b: Basculegion|Last Respects|p2a: Calyrex\n|-activate|p2a: Calyrex|move: Protect\n|move|p1a: Calyrex|Glacial Lance|p2a: Calyrex|[spread] p2b\n|-activate|p2a: Calyrex|move: Protect\n|-resisted|p2b: Urshifu\n|-damage|p2b: Urshifu|73/100\n|\n|-heal|p1a: Calyrex|92/100|[from] item: Leftovers\n|upkeep\n|turn|7\n|inactive|Cello L. has 30 seconds left.\n|inactive|henrik22 has 30 seconds left.\n|inactive|Cello L. has 20 seconds left.\n|inactive|Cello L. has 15 seconds left.\n|inactive|Cello L. has 10 seconds left.\n|\n|t:|1770659253\n|-terastallize|p1b: Basculegion|Ghost\n|-terastallize|p2a: Calyrex|Water\n|move|p2b: Urshifu|Surging Strikes|p1a: Calyrex\n|-crit|p1a: Calyrex\n|-damage|p1a: Calyrex|79/100\n|-crit|p1a: Calyrex\n|-damage|p1a: Calyrex|65/100\n|-crit|p1a: Calyrex\n|-damage|p1a: Calyrex|52/100\n|-hitcount|p1a: Calyrex|3\n|move|p1b: Basculegion|Last Respects|p2b: Urshifu\n|-damage|p2b: Urshifu|0 fnt\n|faint|p2b: Urshifu\n|-damage|p1b: Basculegion|91/100|[from] item: Life Orb\n|move|p1a: Calyrex|Glacial Lance|p2a: Calyrex\n|-resisted|p2a: Calyrex\n|-damage|p2a: Calyrex|27/100\n|move|p2a: Calyrex|High Horsepower|p1a: Calyrex\n|-damage|p1a: Calyrex|15/100\n|\n|-heal|p1a: Calyrex|21/100|[from] item: Leftovers\n|upkeep\n|\n|t:|1770659276\n|switch|p2b: Rillaboom|Rillaboom, L50, F|100/100\n|-fieldstart|move: Grassy Terrain|[from] ability: Grassy Surge|[of] p2b: Rillaboom\n|turn|8\n|\n|t:|1770659295\n|move|p2a: Calyrex|Protect|p2a: Calyrex\n|-singleturn|p2a: Calyrex|Protect\n|move|p2b: Rillaboom|Wood Hammer|p1b: Basculegion\n|-damage|p1b: Basculegion|0 fnt\n|faint|p1b: Basculegion\n|-damage|p2b: Rillaboom|65/100|[from] Recoil\n|move|p1a: Calyrex|Glacial Lance|p2a: Calyrex|[spread] p2b\n|-activate|p2a: Calyrex|move: Protect\n|-supereffective|p2b: Rillaboom\n|-damage|p2b: Rillaboom|0 fnt\n|faint|p2b: Rillaboom\n|-ability|p1a: Calyrex|Chilling Neigh|boost\n|-boost|p1a: Calyrex|atk|1\n|\n|-heal|p1a: Calyrex|27/100|[from] Grassy Terrain\n|-heal|p1a: Calyrex|32/100|[from] item: Leftovers\n|-heal|p2a: Calyrex|33/100|[from] Grassy Terrain\n|upkeep\n|\n|t:|1770659315\n|switch|p2b: Kyogre|Kyogre, L50|22/100\n|switch|p1b: Kyogre|Kyogre, L50|100/100\n|-weather|RainDance|[from] ability: Drizzle|[of] p1b: Kyogre\n|turn|9\n|\n|t:|1770659325\n|move|p1b: Kyogre|Water Spout|p2a: Calyrex|[spread] p2a,p2b\n|-resisted|p2a: Calyrex\n|-resisted|p2b: Kyogre\n|-damage|p2a: Calyrex|0 fnt\n|-damage|p2b: Kyogre|0 fnt\n|faint|p2a: Calyrex\n|faint|p2b: Kyogre\n|\n|win|Cello L.\n|raw|Cello L.'s rating: 1413 &rarr; <strong>1430</strong><br />(+17 for winning)\n|raw|henrik22's rating: 1360 &rarr; <strong>1343</strong><br />(-17 for losing)\n|l|\u2606henrik22\n|player|p2|\n|l|\u2606Cello L.\n|player|p1|\n","uploadtime":1770659529,"views":12,"formatid":"gen9vgc2026regi","rating":1343,"private":0,"password":null}