{"id":"gen9vgc2026regi-2582549008","format":"[Gen 9] VGC 2026 Reg I","players":["isaaqdaseahawk","tinkatuffluvr"],"log":"|j|\u2606isaaqdaseahawk\n|j|\u2606tinkatuffluvr\n|t:|1776098703\n|gametype|doubles\n|player|p1|isaaqdaseahawk|n|1384\n|player|p2|tinkatuffluvr|cynthia|1361\n|gen|9\n|tier|[Gen 9] VGC 2026 Reg I\n|rated|\n|rule|Species Clause: Limit one of each Pok\u00e9mon\n|rule|Item Clause: Limit 1 of each item\n|clearpoke\n|poke|p1|Ogerpon-Wellspring, L50, F|\n|poke|p1|Grimmsnarl, L50, M|\n|poke|p1|Regieleki, L50|\n|poke|p1|Landorus-Therian, L50, M|\n|poke|p1|Terapagos, L50, M|\n|poke|p1|Ho-Oh, L50|\n|poke|p2|Iron Bundle, L50|\n|poke|p2|Farigiraf, L50, F|\n|poke|p2|Calyrex-Ice, L50|\n|poke|p2|Miraidon, L50|\n|poke|p2|Iron Hands, L50|\n|poke|p2|Annihilape, L50, F|\n|teampreview|4\n|\n|t:|1776098738\n|teamsize|p1|4\n|teamsize|p2|4\n|start\n|switch|p1a: Grimmsnarl|Grimmsnarl, L50, M|100/100\n|switch|p1b: Terapagos|Terapagos, L50, M|100/100\n|switch|p2a: Iron Bundle|Iron Bundle, L50|100/100\n|switch|p2b: Miraidon|Miraidon, L50|100/100\n|-activate|p1b: Terapagos|ability: Tera Shift\n|detailschange|p1b: Terapagos|Terapagos-Terastal, L50, M\n|-heal|p1b: Terapagos|100/100|[silent]\n|-fieldstart|move: Electric Terrain|[from] ability: Hadron Engine|[of] p2b: Miraidon\n|-activate|p2a: Iron Bundle|ability: Quark Drive\n|-start|p2a: Iron Bundle|quarkdrivespe\n|turn|1\n|\n|t:|1776098772\n|move|p1a: Grimmsnarl|Light Screen|p1a: Grimmsnarl\n|-sidestart|p1: isaaqdaseahawk|move: Light Screen\n|move|p2a: Iron Bundle|Icy Wind|p1b: Terapagos|[spread] p1a,p1b\n|-activate|p1b: Terapagos|ability: Tera Shell\n|-resisted|p1b: Terapagos\n|-damage|p1a: Grimmsnarl|87/100\n|-damage|p1b: Terapagos|94/100\n|-unboost|p1b: Terapagos|spe|1\n|move|p2b: Miraidon|Electro Drift|p1a: Grimmsnarl\n|-damage|p1a: Grimmsnarl|12/100\n|-damage|p2b: Miraidon|91/100|[from] item: Life Orb\n|move|p1b: Terapagos|Calm Mind|p1b: Terapagos\n|-boost|p1b: Terapagos|spa|1\n|-boost|p1b: Terapagos|spd|1\n|\n|-heal|p1b: Terapagos|100/100|[from] item: Leftovers\n|upkeep\n|turn|2\n|\n|t:|1776098821\n|-terastallize|p1b: Terapagos|Stellar\n|detailschange|p1b: Terapagos|Terapagos-Stellar, L50, M, tera:Stellar\n|-heal|p1b: Terapagos|100/100|[silent]\n|-ability|p1b: Terapagos|Teraform Zero\n|-fieldend|move: Electric Terrain\n|-end|p2a: Iron Bundle|Quark Drive\n|move|p1a: Grimmsnarl|Sucker Punch|p2b: Miraidon\n|-damage|p2b: Miraidon|65/100\n|move|p2a: Iron Bundle|Encore|p1b: Terapagos\n|-start|p1b: Terapagos|Encore\n|move|p2b: Miraidon|Volt Switch|p1a: Grimmsnarl\n|-damage|p1a: Grimmsnarl|0 fnt\n|faint|p1a: Grimmsnarl\n|-damage|p2b: Miraidon|55/100|[from] item: Life Orb\n|\n|t:|1776098866\n|switch|p2b: Iron Hands|Iron Hands, L50|100/100|[from] Volt Switch\n|move|p1b: Terapagos|Calm Mind|p1b: Terapagos\n|-boost|p1b: Terapagos|spa|1\n|-boost|p1b: Terapagos|spd|1\n|\n|upkeep\n|\n|t:|1776098884\n|switch|p1a: Landorus|Landorus-Therian, L50, M|100/100\n|-ability|p1a: Landorus|Intimidate|boost\n|-unboost|p2a: Iron Bundle|atk|1\n|-unboost|p2b: Iron Hands|atk|1\n|turn|3\n|\n|t:|1776098901\n|switch|p1a: Ho-Oh|Ho-Oh, L50|100/100\n|move|p2a: Iron Bundle|Ice Beam|p1a: Ho-Oh\n|-damage|p1a: Ho-Oh|83/100\n|move|p1b: Terapagos|Calm Mind|p1b: Terapagos\n|-boost|p1b: Terapagos|spa|1\n|-boost|p1b: Terapagos|spd|1\n|move|p2b: Iron Hands|Low Kick|p1b: Terapagos\n|-supereffective|p1b: Terapagos\n|-damage|p1b: Terapagos|72/100\n|\n|-heal|p1b: Terapagos|79/100|[from] item: Leftovers\n|upkeep\n|turn|4\n|\n|t:|1776098938\n|move|p2a: Iron Bundle|Ice Beam|p1a: Ho-Oh\n|-damage|p1a: Ho-Oh|66/100\n|move|p1a: Ho-Oh|Tailwind|p1a: Ho-Oh\n|-sidestart|p1: isaaqdaseahawk|move: Tailwind\n|move|p1b: Terapagos|Calm Mind|p1b: Terapagos\n|-boost|p1b: Terapagos|spa|1\n|-boost|p1b: Terapagos|spd|1\n|move|p2b: Iron Hands|Drain Punch|p1b: Terapagos\n|-supereffective|p1b: Terapagos\n|-damage|p1b: Terapagos|51/100\n|\n|-heal|p1b: Terapagos|57/100|[from] item: Leftovers\n|-end|p1b: Terapagos|Encore\n|upkeep\n|turn|5\n|\n|t:|1776098968\n|-end|p2b: Iron Hands|Quark Drive|[silent]\n|switch|p2b: Miraidon|Miraidon, L50|55/100\n|-fieldstart|move: Electric Terrain|[from] ability: Hadron Engine|[of] p2b: Miraidon\n|-activate|p2a: Iron Bundle|ability: Quark Drive\n|-start|p2a: Iron Bundle|quarkdrivespe\n|move|p2a: Iron Bundle|Encore|p1b: Terapagos\n|-start|p1b: Terapagos|Encore\n|move|p1a: Ho-Oh|Sacred Fire|p2b: Miraidon\n|-resisted|p2b: Miraidon\n|-damage|p2b: Miraidon|29/100\n|-status|p2b: Miraidon|brn\n|move|p1b: Terapagos|Calm Mind|p1b: Terapagos\n|-boost|p1b: Terapagos|spa|1\n|-boost|p1b: Terapagos|spd|1\n|\n|-heal|p1b: Terapagos|63/100|[from] item: Leftovers\n|-damage|p2b: Miraidon|23/100 brn|[from] brn\n|-sideend|p1: isaaqdaseahawk|move: Light Screen\n|upkeep\n|turn|6\n|\n|t:|1776099016\n|move|p2a: Iron Bundle|Ice Beam|p1a: Ho-Oh\n|-damage|p1a: Ho-Oh|41/100\n|move|p1a: Ho-Oh|Sacred Fire|p2b: Miraidon\n|-resisted|p2b: Miraidon\n|-damage|p2b: Miraidon|0 fnt\n|faint|p2b: Miraidon\n|move|p1b: Terapagos|Calm Mind|p1b: Terapagos\n|-boost|p1b: Terapagos|spa|1\n|-boost|p1b: Terapagos|spd|1\n|\n|-heal|p1b: Terapagos|69/100|[from] item: Leftovers\n|upkeep\n|\n|t:|1776099036\n|switch|p2b: Iron Hands|Iron Hands, L50|100/100\n|-activate|p2b: Iron Hands|ability: Quark Drive\n|-start|p2b: Iron Hands|quarkdriveatk\n|turn|7\n|\n|t:|1776099076\n|switch|p1a: Landorus|Landorus-Therian, L50, M|100/100\n|-ability|p1a: Landorus|Intimidate|boost\n|-unboost|p2a: Iron Bundle|atk|1\n|-unboost|p2b: Iron Hands|atk|1\n|move|p2b: Iron Hands|Fake Out|p1a: Landorus\n|-damage|p1a: Landorus|86/100\n|move|p2a: Iron Bundle|Ice Beam|p1a: Landorus\n|-supereffective|p1a: Landorus\n|-damage|p1a: Landorus|0 fnt\n|faint|p1a: Landorus\n|move|p1b: Terapagos|Calm Mind|p1b: Terapagos\n|-boost|p1b: Terapagos|spa|0\n|-boost|p1b: Terapagos|spd|0\n|\n|-heal|p1b: Terapagos|76/100|[from] item: Leftovers\n|-end|p1b: Terapagos|Encore\n|-sideend|p1: isaaqdaseahawk|move: Tailwind\n|upkeep\n|\n|t:|1776099084\n|switch|p1a: Ho-Oh|Ho-Oh, L50|74/100\n|turn|8\n|\n|t:|1776099106\n|move|p1b: Terapagos|Protect|p1b: Terapagos\n|-singleturn|p1b: Terapagos|Protect\n|move|p2a: Iron Bundle|Encore|p1b: Terapagos\n|-activate|p1b: Terapagos|move: Protect\n|move|p1a: Ho-Oh|Sacred Fire|p2a: Iron Bundle\n|-damage|p2a: Iron Bundle|36/100\n|-status|p2a: Iron Bundle|brn\n|move|p2b: Iron Hands|Wild Charge|p1a: Ho-Oh\n|-supereffective|p1a: Ho-Oh\n|-damage|p1a: Ho-Oh|0 fnt\n|faint|p1a: Ho-Oh\n|-damage|p2b: Iron Hands|85/100|[from] Recoil\n|\n|-heal|p1b: Terapagos|82/100|[from] item: Leftovers\n|-damage|p2a: Iron Bundle|30/100 brn|[from] brn\n|upkeep\n|turn|9\n|\n|t:|1776099124\n|move|p2a: Iron Bundle|Encore|p1b: Terapagos\n|-start|p1b: Terapagos|Encore\n|move|p1b: Terapagos|Protect||[still]\n|-fail|p1b: Terapagos\n|move|p2b: Iron Hands|Drain Punch|p1b: Terapagos\n|-supereffective|p1b: Terapagos\n|-damage|p1b: Terapagos|46/100\n|-heal|p2b: Iron Hands|100/100|[from] drain|[of] p1b: Terapagos\n|\n|-heal|p1b: Terapagos|52/100|[from] item: Leftovers\n|-damage|p2a: Iron Bundle|23/100 brn|[from] brn\n|-fieldend|move: Electric Terrain\n|-end|p2a: Iron Bundle|Quark Drive\n|-end|p2b: Iron Hands|Quark Drive\n|upkeep\n|turn|10\n|\n|t:|1776099145\n|-end|p2a: Iron Bundle|Quark Drive|[silent]\n|switch|p2a: Calyrex|Calyrex-Ice, L50|100/100\n|-ability|p2a: Calyrex|As One\n|-ability|p2a: Calyrex|Unnerve\n|move|p1b: Terapagos|Protect|p1b: Terapagos\n|-singleturn|p1b: Terapagos|Protect\n|move|p2b: Iron Hands|Drain Punch|p1b: Terapagos\n|-activate|p1b: Terapagos|move: Protect\n|\n|-heal|p1b: Terapagos|58/100|[from] item: Leftovers\n|upkeep\n|turn|11\n|\n|t:|1776099173\n|-end|p2b: Iron Hands|Quark Drive|[silent]\n|switch|p2b: Iron Bundle|Iron Bundle, L50|23/100 brn\n|move|p1b: Terapagos|Protect||[still]\n|-fail|p1b: Terapagos\n|move|p2a: Calyrex|Glacial Lance|p1b: Terapagos\n|-damage|p1b: Terapagos|20/100\n|\n|-heal|p1b: Terapagos|26/100|[from] item: Leftovers\n|-damage|p2b: Iron Bundle|17/100 brn|[from] brn\n|-end|p1b: Terapagos|Encore\n|upkeep\n|turn|12\n|\n|t:|1776099191\n|move|p2b: Iron Bundle|Encore|p1b: Terapagos\n|-start|p1b: Terapagos|Encore\n|move|p1b: Terapagos|Protect|p1b: Terapagos\n|-singleturn|p1b: Terapagos|Protect\n|move|p2a: Calyrex|Glacial Lance|p1b: Terapagos\n|-activate|p1b: Terapagos|move: Protect\n|\n|-heal|p1b: Terapagos|32/100|[from] item: Leftovers\n|-damage|p2b: Iron Bundle|11/100 brn|[from] brn\n|upkeep\n|turn|13\n|\n|t:|1776099204\n|move|p1b: Terapagos|Protect||[still]\n|-fail|p1b: Terapagos\n|move|p2b: Iron Bundle|Icy Wind|p1b: Terapagos\n|-damage|p1b: Terapagos|29/100\n|-unboost|p1b: Terapagos|spe|1\n|move|p2a: Calyrex|Glacial Lance|p1b: Terapagos\n|-damage|p1b: Terapagos|0 fnt\n|faint|p1b: Terapagos\n|detailschange|p1: Terapagos|Terapagos, L50, M|[silent]\n|\n|win|tinkatuffluvr\n|raw|isaaqdaseahawk's rating: 1384 &rarr; <strong>1363</strong><br />(-21 for losing)\n|raw|tinkatuffluvr's rating: 1361 &rarr; <strong>1382</strong><br />(+21 for winning)\n|l|\u2606isaaqdaseahawk\n|player|p1|\n|l|\u2606tinkatuffluvr\n|player|p2|\n","uploadtime":1776099388,"views":15,"formatid":"gen9vgc2026regi","rating":1363,"private":0,"password":null}