{"id":"gen9vgc2026regi-2541613143","format":"[Gen 9] VGC 2026 Reg I","players":["j0l0k0","mosca9876"],"log":"|j|\u2606j0l0k0\n|j|\u203dmosca9876\n|t:|1771352405\n|gametype|doubles\n|player|p1|j0l0k0|brycen|1448\n|player|p2|mosca9876|101|1411\n|gen|9\n|tier|[Gen 9] VGC 2026 Reg I\n|rated|\n|rule|Species Clause: Limit one of each Pok\u00e9mon\n|rule|Item Clause: Limit 1 of each item\n|clearpoke\n|poke|p1|Calyrex-Ice, L50|\n|poke|p1|Kyogre, L50|\n|poke|p1|Indeedee-F, L50, F|\n|poke|p1|Urshifu-*, L50, F|\n|poke|p1|Amoonguss, L50, F|\n|poke|p1|Landorus, L50, M|\n|poke|p2|Miraidon, L50|\n|poke|p2|Calyrex-Ice, L50|\n|poke|p2|Grimmsnarl, L50, M|\n|poke|p2|Sneasler, L50, F|\n|poke|p2|Farigiraf, L50, F|\n|poke|p2|Iron Hands, L50|\n|teampreview|4\n|inactive|Battle timer is ON: inactive players will automatically lose when time's up. (requested by j0l0k0)\n|inactive|mosca9876 has 60 seconds left.\n|\n|t:|1771352441\n|teamsize|p1|4\n|teamsize|p2|4\n|start\n|switch|p1a: Kyogre|Kyogre, L50, shiny|100/100\n|switch|p1b: Landorus|Landorus, L50, M, shiny|100/100\n|switch|p2a: Miraidon|Miraidon, L50|100/100\n|switch|p2b: Sneasler|Sneasler, L50, F|100/100\n|-fieldstart|move: Electric Terrain|[from] ability: Hadron Engine|[of] p2a: Miraidon\n|-enditem|p2b: Sneasler|Electric Seed\n|-boost|p2b: Sneasler|def|1|[from] item: Electric Seed\n|-weather|RainDance|[from] ability: Drizzle|[of] p1a: Kyogre\n|turn|1\n|\n|t:|1771352461\n|-terastallize|p2a: Miraidon|Fairy\n|move|p2b: Sneasler|Fake Out|p1b: Landorus\n|-crit|p1b: Landorus\n|-damage|p1b: Landorus|79/100\n|move|p2a: Miraidon|Dazzling Gleam|p1b: Landorus|[spread] p1a,p1b\n|-damage|p1a: Kyogre|81/100\n|-damage|p1b: Landorus|35/100\n|move|p1a: Kyogre|Ice Beam|p2a: Miraidon\n|-damage|p2a: Miraidon|67/100\n|cant|p1b: Landorus|flinch\n|\n|-weather|RainDance|[upkeep]\n|upkeep\n|turn|2\n|j| lunala fairy ghost\n|\n|t:|1771352482\n|-terastallize|p1b: Landorus|Steel\n|move|p2b: Sneasler|Dire Claw|p1a: Kyogre\n|-crit|p1a: Kyogre\n|-damage|p1a: Kyogre|21/100\n|-status|p1a: Kyogre|par\n|move|p2a: Miraidon|Dazzling Gleam|p1b: Landorus|[spread] p1a,p1b\n|-resisted|p1b: Landorus\n|-damage|p1a: Kyogre|3/100 par\n|-damage|p1b: Landorus|10/100\n|move|p1b: Landorus|Sludge Bomb|p2a: Miraidon\n|-supereffective|p2a: Miraidon\n|-damage|p2a: Miraidon|0 fnt\n|faint|p2a: Miraidon\n|cant|p1a: Kyogre|par\n|\n|-weather|RainDance|[upkeep]\n|upkeep\n|\n|t:|1771352493\n|switch|p2a: Grimmsnarl|Grimmsnarl, L50, M|100/100\n|turn|3\n|\n|t:|1771352502\n|move|p2a: Grimmsnarl|Fake Out|p1b: Landorus\n|-resisted|p1b: Landorus\n|-damage|p1b: Landorus|5/100\n|move|p2b: Sneasler|Dire Claw|p1a: Kyogre\n|-damage|p1a: Kyogre|0 fnt\n|faint|p1a: Kyogre\n|cant|p1b: Landorus|flinch\n|\n|-weather|RainDance|[upkeep]\n|upkeep\n|inactive|j0l0k0 has 30 seconds left.\n|\n|t:|1771352535\n|switch|p1a: Urshifu|Urshifu, L50, F|100/100\n|turn|4\n|\n|t:|1771352558\n|move|p2b: Sneasler|Throat Chop|p1b: Landorus\n|-damage|p1b: Landorus|0 fnt\n|faint|p1b: Landorus\n|move|p1a: Urshifu|Close Combat|p2b: Sneasler\n|-resisted|p2b: Sneasler\n|-damage|p2b: Sneasler|62/100\n|-unboost|p1a: Urshifu|def|1\n|-unboost|p1a: Urshifu|spd|1\n|move|p2a: Grimmsnarl|Spirit Break|p1a: Urshifu\n|-supereffective|p1a: Urshifu\n|-enditem|p1a: Urshifu|Focus Sash\n|-damage|p1a: Urshifu|1/100\n|-unboost|p1a: Urshifu|spa|1\n|\n|-weather|RainDance|[upkeep]\n|upkeep\n|\n|t:|1771352566\n|switch|p1b: Calyrex|Calyrex-Ice, L50|100/100\n|-ability|p1b: Calyrex|As One\n|-ability|p1b: Calyrex|Unnerve\n|turn|5\n|\n|t:|1771352580\n|move|p2b: Sneasler|Throat Chop|p1b: Calyrex\n|-supereffective|p1b: Calyrex\n|-damage|p1b: Calyrex|69/100\n|-start|p1b: Calyrex|Throat Chop|[silent]\n|move|p1a: Urshifu|Poison Jab|p2a: Grimmsnarl\n|-supereffective|p2a: Grimmsnarl\n|-damage|p2a: Grimmsnarl|42/100\n|move|p2a: Grimmsnarl|Spirit Break|p1a: Urshifu\n|-supereffective|p1a: Urshifu\n|-damage|p1a: Urshifu|0 fnt\n|faint|p1a: Urshifu\n|move|p1b: Calyrex|Trick Room|p1b: Calyrex\n|-fieldstart|move: Trick Room|[of] p1b: Calyrex\n|\n|-weather|none\n|-fieldend|move: Electric Terrain\n|upkeep\n|turn|6\n|\n|t:|1771352602\n|switch|p2a: Calyrex|Calyrex-Ice, L50|100/100\n|-ability|p2a: Calyrex|As One\n|-ability|p2a: Calyrex|Unnerve\n|move|p1b: Calyrex|Glacial Lance|p2b: Sneasler|[spread] p2a,p2b\n|-resisted|p2a: Calyrex\n|-damage|p2a: Calyrex|80/100\n|-damage|p2b: Sneasler|0 fnt\n|faint|p2b: Sneasler\n|-ability|p1b: Calyrex|Chilling Neigh|boost\n|-boost|p1b: Calyrex|atk|1\n|\n|-end|p1b: Calyrex|Throat Chop|[silent]\n|upkeep\n|\n|t:|1771352610\n|switch|p2b: Grimmsnarl|Grimmsnarl, L50, M|42/100\n|turn|7\n|\n|t:|1771352622\n|move|p2b: Grimmsnarl|Fake Out|p1b: Calyrex\n|-damage|p1b: Calyrex|62/100\n|cant|p1b: Calyrex|flinch\n|move|p2a: Calyrex|Trick Room|p2a: Calyrex\n|-fieldend|move: Trick Room\n|\n|upkeep\n|turn|8\n|\n|t:|1771352631\n|move|p2a: Calyrex|Glacial Lance|p1b: Calyrex\n|-resisted|p1b: Calyrex\n|-damage|p1b: Calyrex|43/100\n|move|p2b: Grimmsnarl|Spirit Break|p1b: Calyrex\n|-damage|p1b: Calyrex|24/100\n|move|p1b: Calyrex|Glacial Lance|p2a: Calyrex|[spread] p2a,p2b\n|-resisted|p2a: Calyrex\n|-damage|p2a: Calyrex|47/100\n|-damage|p2b: Grimmsnarl|0 fnt\n|faint|p2b: Grimmsnarl\n|-ability|p1b: Calyrex|Chilling Neigh|boost\n|-boost|p1b: Calyrex|atk|1\n|\n|upkeep\n|turn|9\n|\n|t:|1771352642\n|move|p2a: Calyrex|Glacial Lance|p1b: Calyrex\n|-resisted|p1b: Calyrex\n|-damage|p1b: Calyrex|1/100\n|move|p1b: Calyrex|Crunch|p2a: Calyrex\n|-supereffective|p2a: Calyrex\n|-damage|p2a: Calyrex|0 fnt\n|faint|p2a: Calyrex\n|\n|win|j0l0k0\n|raw|j0l0k0's rating: 1448 &rarr; <strong>1466</strong><br />(+18 for winning)\n|raw|mosca9876's rating: 1411 &rarr; <strong>1393</strong><br />(-18 for losing)\n|c|\u2606j0l0k0|ggwp\n|l|\u203dmosca9876\n|player|p2|\n|l|\u2606j0l0k0\n|player|p1|\n|l| lunala fairy ghost\n","uploadtime":1771352908,"views":13,"formatid":"gen9vgc2026regi","rating":1393,"private":0,"password":null}