{"id":"gen9vgc2026regi-2526634289","format":"[Gen 9] VGC 2026 Reg I","players":["hyunbelievable","qingxi\u98ce\u5996\u7cbe\u4fa0fyjx"],"log":"|j|\u2606hyunbelievable\n|j|\u2606qingxi\u98ce\u5996\u7cbe\u4fa0fyjx\n|t:|1769442938\n|gametype|doubles\n|player|p1|hyunbelievable|guzma|1324\n|player|p2|qingxi\u98ce\u5996\u7cbe\u4fa0fyjx|beauty-gen4dp|1297\n|gen|9\n|tier|[Gen 9] VGC 2026 Reg I\n|rated|\n|rule|Species Clause: Limit one of each Pok\u00e9mon\n|rule|Item Clause: Limit 1 of each item\n|clearpoke\n|poke|p1|Zacian-*, L50|\n|poke|p1|Kyogre, L50|\n|poke|p1|Rillaboom, L50, M|\n|poke|p1|Ditto, L50|\n|poke|p1|Farigiraf, L50, F|\n|poke|p1|Tornadus, L50, M|\n|poke|p2|Calyrex-Shadow, L50|\n|poke|p2|Zamazenta-*, L50|\n|poke|p2|Whimsicott, L50, F|\n|poke|p2|Maushold-Four, L50|\n|poke|p2|Chi-Yu, L50|\n|poke|p2|Amoonguss, L50, F|\n|teampreview|4\n|inactive|Battle timer is ON: inactive players will automatically lose when time's up. (requested by qingxi\u98ce\u5996\u7cbe\u4fa0fyjx)\n|j| Rxu\n|c|\u2606hyunbelievable|glhf\n|inactive|hyunbelievable has 60 seconds left.\n|\n|t:|1769442983\n|teamsize|p1|4\n|teamsize|p2|4\n|start\n|switch|p1a: NOM NOM NOM|Kyogre, L50|100/100\n|switch|p1b: 1000 CUTS|Zacian-Crowned, L50|100/100\n|switch|p2a: Whimsicott|Whimsicott, L50, F, shiny|100/100\n|switch|p2b: Maushold|Maushold-Four, L50, shiny|100/100\n|-ability|p1b: 1000 CUTS|Intrepid Sword|boost\n|-boost|p1b: 1000 CUTS|atk|1\n|-weather|RainDance|[from] ability: Drizzle|[of] p1a: NOM NOM NOM\n|turn|1\n|\n|t:|1769442997\n|switch|p1a: KNEEL PEASANTS|Farigiraf, L50, F|100/100\n|move|p2a: Whimsicott|Tailwind|p2a: Whimsicott\n|-sidestart|p2: qingxi\u98ce\u5996\u7cbe\u4fa0fyjx|move: Tailwind\n|move|p2b: Maushold|Population Bomb|p1a: KNEEL PEASANTS\n|-damage|p1a: KNEEL PEASANTS|92/100\n|-damage|p1a: KNEEL PEASANTS|82/100\n|-crit|p1a: KNEEL PEASANTS\n|-damage|p1a: KNEEL PEASANTS|70/100\n|-damage|p1a: KNEEL PEASANTS|61/100\n|-damage|p1a: KNEEL PEASANTS|53/100\n|-damage|p1a: KNEEL PEASANTS|44/100\n|-damage|p1a: KNEEL PEASANTS|36/100\n|-damage|p1a: KNEEL PEASANTS|27/100\n|-damage|p1a: KNEEL PEASANTS|19/100\n|-damage|p1a: KNEEL PEASANTS|11/100\n|-hitcount|p1a: KNEEL PEASANTS|10\n|move|p1b: 1000 CUTS|Sacred Sword|p2b: Maushold\n|-supereffective|p2b: Maushold\n|-damage|p2b: Maushold|0 fnt\n|faint|p2b: Maushold\n|\n|-weather|RainDance|[upkeep]\n|upkeep\n|\n|t:|1769443019\n|switch|p2b: Zamazenta|Zamazenta-Crowned, L50|100/100\n|-ability|p2b: Zamazenta|Dauntless Shield|boost\n|-boost|p2b: Zamazenta|def|1\n|turn|2\n|\n|t:|1769443033\n|switch|p1a: YOUR POWERS R MINE|Ditto, L50|100/100\n|-transform|p1a: YOUR POWERS R MINE|p2b: Zamazenta|[from] ability: Imposter\n|-ability|p1a: YOUR POWERS R MINE|Dauntless Shield|boost\n|-boost|p1a: YOUR POWERS R MINE|def|1\n|-terastallize|p2b: Zamazenta|Dragon\n|move|p2a: Whimsicott|Endeavor|p1b: 1000 CUTS\n|-damage|p1b: 1000 CUTS|77/100\n|move|p2b: Zamazenta|Body Press|p1a: YOUR POWERS R MINE\n|-supereffective|p1a: YOUR POWERS R MINE\n|-damage|p1a: YOUR POWERS R MINE|49/100\n|-enditem|p1a: YOUR POWERS R MINE|Red Card|[of] p2b: Zamazenta\n|drag|p2b: Calyrex|Calyrex-Shadow, L50|100/100\n|-ability|p2b: Calyrex|As One\n|-ability|p2b: Calyrex|Unnerve\n|move|p1b: 1000 CUTS|Sacred Sword|p2b: Calyrex\n|-immune|p2b: Calyrex\n|\n|-weather|RainDance|[upkeep]\n|upkeep\n|turn|3\n|inactive|qingxi\u98ce\u5996\u7cbe\u4fa0fyjx has 30 seconds left.\n|\n|t:|1769443067\n|move|p2b: Calyrex|Protect|p2b: Calyrex\n|-singleturn|p2b: Calyrex|Protect\n|move|p1a: YOUR POWERS R MINE|Wide Guard|p1a: YOUR POWERS R MINE\n|-singleturn|p1a: YOUR POWERS R MINE|Wide Guard\n|move|p2a: Whimsicott|Taunt|p1a: YOUR POWERS R MINE\n|-start|p1a: YOUR POWERS R MINE|move: Taunt\n|move|p1b: 1000 CUTS|Behemoth Blade|p2b: Calyrex\n|-activate|p2b: Calyrex|move: Protect\n|\n|-weather|RainDance|[upkeep]\n|upkeep\n|turn|4\n|inactive|qingxi\u98ce\u5996\u7cbe\u4fa0fyjx has 30 seconds left.\n|\n|t:|1769443094\n|-terastallize|p1b: 1000 CUTS|Stellar\n|move|p2a: Whimsicott|Encore|p1b: 1000 CUTS\n|-start|p1b: 1000 CUTS|Encore\n|move|p2b: Calyrex|Astral Barrage|p1a: YOUR POWERS R MINE|[spread] p1a,p1b\n|-damage|p1a: YOUR POWERS R MINE|0 fnt\n|-damage|p1b: 1000 CUTS|13/100\n|faint|p1a: YOUR POWERS R MINE\n|-ability|p2b: Calyrex|Grim Neigh|boost\n|-boost|p2b: Calyrex|spa|1\n|-damage|p2b: Calyrex|91/100|[from] item: Life Orb\n|move|p1b: 1000 CUTS|Behemoth Blade|p2b: Calyrex\n|-damage|p2b: Calyrex|0 fnt\n|faint|p2b: Calyrex\n|\n|-weather|RainDance|[upkeep]\n|-sideend|p2: qingxi\u98ce\u5996\u7cbe\u4fa0fyjx|move: Tailwind\n|upkeep\n|\n|t:|1769443115\n|switch|p2b: Zamazenta|Zamazenta-Crowned, L50, tera:Dragon|100/100\n|switch|p1a: NOM NOM NOM|Kyogre, L50|100/100\n|turn|5\n|\n|t:|1769443120\n|switch|p1b: KNEEL PEASANTS|Farigiraf, L50, F|11/100\n|move|p2a: Whimsicott|Tailwind|p2a: Whimsicott\n|-sidestart|p2: qingxi\u98ce\u5996\u7cbe\u4fa0fyjx|move: Tailwind\n|move|p2b: Zamazenta|Body Press|p1b: KNEEL PEASANTS\n|-damage|p1b: KNEEL PEASANTS|0 fnt\n|faint|p1b: KNEEL PEASANTS\n|move|p1a: NOM NOM NOM|Ice Beam|p2b: Zamazenta\n|-supereffective|p2b: Zamazenta\n|-damage|p2b: Zamazenta|22/100\n|\n|-weather|none\n|upkeep\n|\n|t:|1769443128\n|switch|p1b: 1000 CUTS|Zacian-Crowned, L50, tera:Stellar|13/100\n|turn|6\n|\n|t:|1769443142\n|move|p1b: 1000 CUTS|Protect|p1b: 1000 CUTS\n|-singleturn|p1b: 1000 CUTS|Protect\n|move|p2a: Whimsicott|Encore|p1a: NOM NOM NOM\n|-start|p1a: NOM NOM NOM|Encore\n|move|p2b: Zamazenta|Body Press|p1b: 1000 CUTS\n|-activate|p1b: 1000 CUTS|move: Protect\n|move|p1a: NOM NOM NOM|Ice Beam|p2b: Zamazenta\n|-supereffective|p2b: Zamazenta\n|-damage|p2b: Zamazenta|0 fnt\n|faint|p2b: Zamazenta\n|\n|upkeep\n|turn|7\n|-message|qingxi\u98ce\u5996\u7cbe\u4fa0fyjx forfeited.\n|\n|win|hyunbelievable\n|raw|hyunbelievable's rating: 1324 &rarr; <strong>1342</strong><br />(+18 for winning)\n|raw|qingxi\u98ce\u5996\u7cbe\u4fa0fyjx's rating: 1297 &rarr; <strong>1274</strong><br />(-23 for losing)\n|l|\u2606qingxi\u98ce\u5996\u7cbe\u4fa0fyjx\n|player|p2|\n|l| Rxu\n|l|\u2606hyunbelievable\n|player|p1|\n","uploadtime":1769443154,"views":13,"formatid":"gen9vgc2026regi","rating":1274,"private":0,"password":null}