{"id":"gen9vgc2026regi-2584589966","format":"[Gen 9] VGC 2026 Reg I","players":["MadMozzy","GalaxianGG"],"log":"|j|\u2606MadMozzy\n|j|\u2606GalaxianGG\n|t:|1776270678\n|gametype|doubles\n|player|p1|MadMozzy|nate|1303\n|player|p2|GalaxianGG|aromalady|1412\n|gen|9\n|tier|[Gen 9] VGC 2026 Reg I\n|rated|\n|rule|Species Clause: Limit one of each Pok\u00e9mon\n|rule|Item Clause: Limit 1 of each item\n|clearpoke\n|poke|p1|Calyrex-Ice, L50|\n|poke|p1|Kyogre, L50|\n|poke|p1|Iron Jugulis, L50|\n|poke|p1|Basculegion, L50, M|\n|poke|p1|Smeargle, L50, M|\n|poke|p1|Rillaboom, L50, F|\n|poke|p2|Miraidon, L50|\n|poke|p2|Farigiraf, L50, F|\n|poke|p2|Salamence, L50, M|\n|poke|p2|Flutter Mane, L50|\n|poke|p2|Kingambit, L50, F|\n|poke|p2|Kyogre, L50|\n|teampreview|4\nMadMozzy has agreed to open team sheets.\nGalaxianGG has agreed to open team sheets.\n|showteam|p1|Calyrex-Ice||Leftovers|AsOneGlastrier|GlacialLance,LeechSeed,Protect,TrickRoom||||||50|,,,,,Fairy]Kyogre||MysticWater|Drizzle|WaterSpout,Protect,HydroPump,OriginPulse||||||50|,,,,,Grass]Iron Jugulis||BoosterEnergy|QuarkDrive|Tailwind,Hurricane,Snarl,Protect||||||50|,,,,,Ground]Basculegion||LifeOrb|SwiftSwim|WaveCrash,LastRespects,Protect,AquaJet|||M|||50|,,,,,Ghost]Smeargle||FocusSash|Technician|FakeOut,Decorate,Spore,FollowMe|||M|||50|,,,,,Grass]Rillaboom||AssaultVest|GrassySurge|WoodHammer,FakeOut,Uturn,GrassyGlide|||F|||50|,,,,,Water\n|showteam|p2|Miraidon||ChoiceSpecs|HadronEngine|ElectroDrift,DragonPulse,DazzlingGleam,VoltSwitch||||||50|,,,,,Fairy]Farigiraf||ElectricSeed|ArmorTail|TrickRoom,FoulPlay,HelpingHand,PsychicNoise|||F|||50|,,,,,Water]Salamence||LifeOrb|Intimidate|Hurricane,DracoMeteor,Protect,Tailwind|||M|||50|,,,,,Steel]Flutter Mane||BoosterEnergy|Protosynthesis|Moonblast,Taunt,Protect,IcyWind||||||50|,,,,,Ground]Kingambit||BlackGlasses|Defiant|KowtowCleave,SuckerPunch,Protect,IronHead|||F|||50|,,,,,Ground]Kyogre||AssaultVest|Drizzle|WaterSpout,IceBeam,OriginPulse,TeraBlast||||||50|,,,,,Grass\n|\n|t:|1776270721\n|teamsize|p1|4\n|teamsize|p2|4\n|start\n|switch|p1a: Calyrex|Calyrex-Ice, L50|100/100\n|switch|p1b: Smeargle|Smeargle, L50, M|100/100\n|switch|p2a: Salamence|Salamence, L50, M, shiny|100/100\n|switch|p2b: Kyogre|Kyogre, L50, shiny|100/100\n|-ability|p1a: Calyrex|As One\n|-ability|p1a: Calyrex|Unnerve\n|-ability|p2a: Salamence|Intimidate|boost\n|-unboost|p1a: Calyrex|atk|1\n|-unboost|p1b: Smeargle|atk|1\n|-weather|RainDance|[from] ability: Drizzle|[of] p2b: Kyogre\n|turn|1\n|\n|t:|1776270743\n|move|p2a: Salamence|Protect|p2a: Salamence\n|-singleturn|p2a: Salamence|Protect\n|move|p1b: Smeargle|Fake Out|p2b: Kyogre\n|-damage|p2b: Kyogre|96/100\n|cant|p2b: Kyogre|flinch\n|move|p1a: Calyrex|Trick Room|p1a: Calyrex\n|-fieldstart|move: Trick Room|[of] p1a: Calyrex\n|\n|-weather|RainDance|[upkeep]\n|upkeep\n|turn|2\n|\n|t:|1776270780\n|switch|p2a: Kingambit|Kingambit, L50, F, shiny|100/100\n|move|p1b: Smeargle|Decorate|p1a: Calyrex\n|-boost|p1a: Calyrex|atk|2\n|-boost|p1a: Calyrex|spa|2\n|move|p1a: Calyrex|Glacial Lance|p2a: Kingambit|[spread] p2a,p2b\n|-resisted|p2a: Kingambit\n|-resisted|p2b: Kyogre\n|-damage|p2a: Kingambit|69/100\n|-damage|p2b: Kyogre|66/100\n|move|p2b: Kyogre|Water Spout|p1b: Smeargle|[spread] p1a,p1b\n|-damage|p1a: Calyrex|65/100\n|-enditem|p1b: Smeargle|Focus Sash\n|-damage|p1b: Smeargle|1/100\n|\n|-weather|RainDance|[upkeep]\n|-heal|p1a: Calyrex|71/100|[from] item: Leftovers\n|upkeep\n|turn|3\n|\n|t:|1776270850\n|-terastallize|p1a: Calyrex|Fairy\n|move|p1b: Smeargle|Spore|p2a: Kingambit\n|-status|p2a: Kingambit|slp|[from] move: Spore\n|move|p1a: Calyrex|Leech Seed|p2b: Kyogre\n|-start|p2b: Kyogre|move: Leech Seed\n|cant|p2a: Kingambit|slp\n|move|p2b: Kyogre|Origin Pulse|p1a: Calyrex|[spread] p1a\n|-miss|p2b: Kyogre|p1b: Smeargle\n|-damage|p1a: Calyrex|23/100\n|\n|-weather|RainDance|[upkeep]\n|-heal|p1a: Calyrex|29/100|[from] item: Leftovers\n|-damage|p2b: Kyogre|54/100|[from] Leech Seed|[of] p1a: Calyrex\n|-heal|p1a: Calyrex|41/100|[silent]\n|upkeep\n|turn|4\n|\n|t:|1776270890\n|cant|p2a: Kingambit|slp\n|move|p1b: Smeargle|Decorate|p1a: Calyrex\n|-boost|p1a: Calyrex|atk|2\n|-boost|p1a: Calyrex|spa|2\n|move|p1a: Calyrex|Glacial Lance|p2a: Kingambit|[spread] p2a,p2b\n|-resisted|p2a: Kingambit\n|-resisted|p2b: Kyogre\n|-damage|p2a: Kingambit|14/100 slp\n|-damage|p2b: Kyogre|3/100\n|move|p2b: Kyogre|Origin Pulse|p1a: Calyrex|[spread] p1a,p1b\n|-damage|p1a: Calyrex|0 fnt\n|-damage|p1b: Smeargle|0 fnt\n|faint|p1a: Calyrex\n|faint|p1b: Smeargle\n|\n|-weather|RainDance|[upkeep]\n|upkeep\n|\n|t:|1776270908\n|switch|p1b: Basculegion|Basculegion, L50, M|100/100\n|switch|p1a: Kyogre|Kyogre, L50|100/100\n|turn|5\n|\n|t:|1776270936\n|move|p1b: Basculegion|Protect|p1b: Basculegion\n|-singleturn|p1b: Basculegion|Protect\n|cant|p2a: Kingambit|slp\n|move|p1a: Kyogre|Water Spout|p2a: Kingambit|[spread] p2a,p2b\n|-resisted|p2b: Kyogre\n|-crit|p2b: Kyogre\n|-damage|p2a: Kingambit|0 fnt\n|-damage|p2b: Kyogre|0 fnt\n|faint|p2a: Kingambit\n|faint|p2b: Kyogre\n|\n|-weather|none\n|-fieldend|move: Trick Room\n|upkeep\n|\n|t:|1776270942\n|switch|p2b: Miraidon|Miraidon, L50, shiny|100/100\n|switch|p2a: Salamence|Salamence, L50, M, shiny|100/100\n|-fieldstart|move: Electric Terrain|[from] ability: Hadron Engine|[of] p2b: Miraidon\n|-ability|p2a: Salamence|Intimidate|boost\n|-unboost|p1a: Kyogre|atk|1\n|-unboost|p1b: Basculegion|atk|1\n|turn|6\n|\n|t:|1776270964\n|move|p1a: Kyogre|Protect|p1a: Kyogre\n|-singleturn|p1a: Kyogre|Protect\n|move|p2b: Miraidon|Electro Drift|p1a: Kyogre\n|-activate|p1a: Kyogre|move: Protect\n|move|p2a: Salamence|Draco Meteor|p1b: Basculegion\n|-damage|p1b: Basculegion|27/100\n|-unboost|p2a: Salamence|spa|2\n|-damage|p2a: Salamence|91/100|[from] item: Life Orb\n|move|p1b: Basculegion|Last Respects|p2b: Miraidon\n|-damage|p2b: Miraidon|34/100\n|-damage|p1b: Basculegion|18/100|[from] item: Life Orb\n|\n|upkeep\n|turn|7\n|-message|MadMozzy forfeited.\n|\n|win|GalaxianGG\n|raw|MadMozzy's rating: 1303 &rarr; <strong>1289</strong><br />(-14 for losing)\n|raw|GalaxianGG's rating: 1412 &rarr; <strong>1426</strong><br />(+14 for winning)\n|l|\u2606MadMozzy\n|player|p1|\n","uploadtime":1776270987,"views":10,"formatid":"gen9vgc2026regi","rating":1289,"private":0,"password":null}