{"id":"gen9vgc2026regi-2547042550","format":"[Gen 9] VGC 2026 Reg I","players":["kenjiowo","jepeg"],"log":"|j|\u2606kenjiowo\n|j|\u2606jepeg\n|t:|1772041353\n|gametype|doubles\n|player|p1|kenjiowo|roxie|1204\n|player|p2|jepeg|beauty-gen4dp|1289\n|gen|9\n|tier|[Gen 9] VGC 2026 Reg I\n|rated|\n|rule|Species Clause: Limit one of each Pok\u00e9mon\n|rule|Item Clause: Limit 1 of each item\n|clearpoke\n|poke|p1|Miraidon, L50|\n|poke|p1|Raichu-Alola, L50, M|\n|poke|p1|Umbreon, L50, F|\n|poke|p1|Donphan, L50, M|\n|poke|p1|Lugia, L50|\n|poke|p1|Arcanine, L50, M|\n|poke|p2|Calyrex-Shadow, L50|\n|poke|p2|Oranguru, L50, F|\n|poke|p2|Miraidon, L50|\n|poke|p2|Ogerpon-Hearthflame, L50, F|\n|poke|p2|Bruxish, L50, F|\n|poke|p2|Torkoal, L50, F|\n|teampreview|4\n|inactive|Battle timer is ON: inactive players will automatically lose when time's up. (requested by kenjiowo)\n|\n|t:|1772041390\n|teamsize|p1|4\n|teamsize|p2|4\n|start\n|switch|p1a: Miraidon|Miraidon, L50|100/100\n|switch|p1b: Raichu|Raichu-Alola, L50, M|100/100\n|switch|p2a: Calyrex|Calyrex-Shadow, L50|100/100\n|switch|p2b: Oranguru|Oranguru, L50, F, shiny|100/100\n|-ability|p2a: Calyrex|As One\n|-ability|p2a: Calyrex|Unnerve\n|-fieldstart|move: Electric Terrain|[from] ability: Hadron Engine|[of] p1a: Miraidon\n|-enditem|p1a: Miraidon|Electric Seed\n|-boost|p1a: Miraidon|def|1|[from] item: Electric Seed\n|turn|1\n|\n|t:|1772041413\n|-terastallize|p1b: Raichu|Normal\n|move|p1b: Raichu|Nuzzle|p2a: Calyrex\n|-damage|p2a: Calyrex|92/100\n|-status|p2a: Calyrex|par\n|move|p1a: Miraidon|Calm Mind|p1a: Miraidon\n|-boost|p1a: Miraidon|spa|1\n|-boost|p1a: Miraidon|spd|1\n|move|p2a: Calyrex|Astral Barrage|p1b: Raichu|[spread] p1a\n|-immune|p1b: Raichu\n|-damage|p1a: Miraidon|72/100\n|move|p2b: Oranguru|Trick Room|p2b: Oranguru\n|-fieldstart|move: Trick Room|[of] p2b: Oranguru\n|\n|upkeep\n|turn|2\n|inactive|kenjiowo has 30 seconds left.\n|inactive|jepeg has 30 seconds left.\n|inactive|kenjiowo has 20 seconds left.\n|\n|t:|1772041449\n|move|p2b: Oranguru|Instruct|p2a: Calyrex\n|-singleturn|p2a: Calyrex|move: Instruct|[of] p2b: Oranguru\n|move|p2a: Calyrex|Astral Barrage|p1b: Raichu|[spread] p1a\n|-immune|p1b: Raichu\n|-crit|p1a: Miraidon\n|-damage|p1a: Miraidon|15/100\n|move|p2a: Calyrex|Astral Barrage|p1b: Raichu|[spread] p1a\n|-immune|p1b: Raichu\n|-damage|p1a: Miraidon|0 fnt\n|faint|p1a: Miraidon\n|-ability|p2a: Calyrex|Grim Neigh|boost\n|-boost|p2a: Calyrex|spa|1\n|move|p1b: Raichu|Nuzzle|p2b: Oranguru\n|-damage|p2b: Oranguru|94/100\n|-status|p2b: Oranguru|par\n|\n|upkeep\n|\n|t:|1772041466\n|switch|p1a: Umbreon|Umbreon, L50, F|100/100\n|turn|3\n|\n|t:|1772041482\n|-terastallize|p2a: Calyrex|Fire\n|cant|p2b: Oranguru|par\n|move|p2a: Calyrex|Pollen Puff|p1a: Umbreon\n|-supereffective|p1a: Umbreon\n|-damage|p1a: Umbreon|28/100\n|move|p1a: Umbreon|Snarl|p2a: Calyrex|[spread] p2a,p2b\n|-supereffective|p2b: Oranguru\n|-damage|p2a: Calyrex|83/100 par\n|-damage|p2b: Oranguru|78/100 par\n|-unboost|p2a: Calyrex|spa|1\n|-unboost|p2b: Oranguru|spa|1\n|move|p1b: Raichu|Volt Switch|p2a: Calyrex\n|-damage|p2a: Calyrex|42/100 par\n|\n|t:|1772041498\n|switch|p1b: Arcanine|Arcanine, L50, M|100/100|[from] Volt Switch\n|-ability|p1b: Arcanine|Intimidate|boost\n|-unboost|p2a: Calyrex|atk|1\n|-fail|p2b: Oranguru|unboost|Attack|[from] ability: Inner Focus|[of] p2b: Oranguru\n|\n|upkeep\n|turn|4\n|\n|t:|1772041514\n|move|p2b: Oranguru|Instruct|p2a: Calyrex\n|-singleturn|p2a: Calyrex|move: Instruct|[of] p2b: Oranguru\n|cant|p2a: Calyrex|par\n|move|p2a: Calyrex|Astral Barrage|p1b: Arcanine|[spread] p1a,p1b\n|-resisted|p1a: Umbreon\n|-damage|p1a: Umbreon|9/100\n|-damage|p1b: Arcanine|58/100\n|move|p1a: Umbreon|Moonlight|p1a: Umbreon\n|-heal|p1a: Umbreon|59/100\n|move|p1b: Arcanine|Crunch|p2b: Oranguru\n|-supereffective|p2b: Oranguru\n|-damage|p2b: Oranguru|36/100 par\n|\n|upkeep\n|turn|5\n|\n|t:|1772041537\n|move|p1b: Arcanine|Extreme Speed|p2a: Calyrex\n|-damage|p2a: Calyrex|5/100 par\n|cant|p2b: Oranguru|par\n|cant|p2a: Calyrex|par\n|move|p1a: Umbreon|Moonlight|p1a: Umbreon\n|-heal|p1a: Umbreon|100/100\n|\n|-fieldend|move: Trick Room\n|-fieldend|move: Electric Terrain\n|upkeep\n|turn|6\n|\n|t:|1772041560\n|move|p1b: Arcanine|Crunch|p2b: Oranguru\n|-supereffective|p2b: Oranguru\n|-damage|p2b: Oranguru|0 fnt\n|faint|p2b: Oranguru\n|move|p1a: Umbreon|Snarl|p2a: Calyrex|[miss]\n|-miss|p1a: Umbreon|p2a: Calyrex\n|move|p2a: Calyrex|Astral Barrage|p1b: Arcanine|[spread] p1a,p1b\n|-resisted|p1a: Umbreon\n|-damage|p1a: Umbreon|82/100\n|-damage|p1b: Arcanine|21/100\n|\n|upkeep\n|\n|t:|1772041571\n|switch|p2b: Ogerpon|Ogerpon-Hearthflame, L50, F|100/100\n|-ability|p2b: Ogerpon|Mold Breaker\n|turn|7\n|\n|t:|1772041581\n|move|p2a: Calyrex|Protect|p2a: Calyrex\n|-singleturn|p2a: Calyrex|Protect\n|move|p1b: Arcanine|Extreme Speed|p2a: Calyrex\n|-activate|p2a: Calyrex|move: Protect\n|move|p2b: Ogerpon|Wood Hammer|p1b: Arcanine\n|-resisted|p1b: Arcanine\n|-damage|p1b: Arcanine|0 fnt\n|faint|p1b: Arcanine\n|-damage|p2b: Ogerpon|92/100|[from] Recoil\n|move|p1a: Umbreon|Reflect|p1a: Umbreon\n|-sidestart|p1: kenjiowo|Reflect\n|\n|upkeep\n|\n|t:|1772041583\n|switch|p1b: Raichu|Raichu-Alola, L50, M, tera:Normal|100/100\n|turn|8\n|\n|t:|1772041599\n|switch|p2a: Torkoal|Torkoal, L50, F|100/100\n|-weather|SunnyDay|[from] ability: Drought|[of] p2a: Torkoal\n|move|p1b: Raichu|Fake Out|p2b: Ogerpon\n|-damage|p2b: Ogerpon|79/100\n|cant|p2b: Ogerpon|flinch\n|move|p1a: Umbreon|Foul Play|p2a: Torkoal\n|-damage|p2a: Torkoal|81/100\n|\n|-weather|SunnyDay|[upkeep]\n|upkeep\n|turn|9\n|\n|t:|1772041615\n|move|p1b: Raichu|Nuzzle|p2b: Ogerpon\n|-resisted|p2b: Ogerpon\n|-damage|p2b: Ogerpon|75/100\n|-status|p2b: Ogerpon|par\n|move|p1a: Umbreon|Snarl|p2a: Torkoal|[spread] p2a,p2b\n|-damage|p2a: Torkoal|68/100\n|-damage|p2b: Ogerpon|65/100 par\n|-unboost|p2a: Torkoal|spa|1\n|-unboost|p2b: Ogerpon|spa|1\n|move|p2b: Ogerpon|Ivy Cudgel|p1a: Umbreon|[anim] Ivy Cudgel Fire\n|-damage|p1a: Umbreon|44/100\n|move|p2a: Torkoal|Heat Wave|p1b: Raichu|[spread] p1a,p1b\n|-damage|p1a: Umbreon|13/100\n|-damage|p1b: Raichu|31/100\n|-status|p1b: Raichu|brn\n|\n|-weather|SunnyDay|[upkeep]\n|-damage|p1b: Raichu|25/100 brn|[from] brn\n|upkeep\n|turn|10\n|\n|t:|1772041640\n|move|p1b: Raichu|Endeavor|p2a: Torkoal\n|-damage|p2a: Torkoal|21/100\n|move|p1a: Umbreon|Moonlight|p1a: Umbreon\n|-heal|p1a: Umbreon|80/100\n|cant|p2b: Ogerpon|par\n|move|p2a: Torkoal|Heat Wave|p1b: Raichu|[spread] p1a,p1b\n|-damage|p1a: Umbreon|50/100\n|-damage|p1b: Raichu|0 fnt\n|faint|p1b: Raichu\n|\n|-weather|SunnyDay|[upkeep]\n|upkeep\n|turn|11\n|\n|t:|1772041655\n|move|p1a: Umbreon|Snarl|p2b: Ogerpon|[spread] p2a,p2b\n|-damage|p2a: Torkoal|8/100\n|-damage|p2b: Ogerpon|55/100 par\n|-unboost|p2a: Torkoal|spa|1\n|-unboost|p2b: Ogerpon|spa|1\n|move|p2b: Ogerpon|Ivy Cudgel|p1a: Umbreon|[anim] Ivy Cudgel Fire\n|-damage|p1a: Umbreon|10/100\n|move|p2a: Torkoal|Heat Wave|p1a: Umbreon|[miss]\n|-miss|p2a: Torkoal|p1a: Umbreon\n|\n|-weather|SunnyDay|[upkeep]\n|-sideend|p1: kenjiowo|Reflect\n|upkeep\n|turn|12\n|\n|t:|1772041665\n|move|p1a: Umbreon|Moonlight|p1a: Umbreon\n|-heal|p1a: Umbreon|77/100\n|move|p2b: Ogerpon|Ivy Cudgel|p1a: Umbreon|[anim] Ivy Cudgel Fire\n|-damage|p1a: Umbreon|15/100\n|move|p2a: Torkoal|Heat Wave|p1a: Umbreon\n|-damage|p1a: Umbreon|0 fnt\n|faint|p1a: Umbreon\n|\n|win|jepeg\n|raw|kenjiowo's rating: 1204 &rarr; <strong>1185</strong><br />(-19 for losing)\n|raw|jepeg's rating: 1289 &rarr; <strong>1308</strong><br />(+19 for winning)\n|l|\u2606kenjiowo\n|player|p1|\n|l|\u2606jepeg\n|player|p2|\n","uploadtime":1772041839,"views":12,"formatid":"gen9vgc2026regi","rating":1185,"private":0,"password":null}