{"id":"gen9vgc2026regi-2568318588","format":"[Gen 9] VGC 2026 Reg I","players":["Cello L.","rainbowpillar"],"log":"|j|\u2606Cello L.\n|j|\u2606rainbowpillar\n|t:|1774565946\n|gametype|doubles\n|player|p1|Cello L.|cynthia-gen4|1576\n|player|p2|rainbowpillar|dawn|1434\n|gen|9\n|tier|[Gen 9] VGC 2026 Reg I\n|rated|\n|rule|Species Clause: Limit one of each Pok\u00e9mon\n|rule|Item Clause: Limit 1 of each item\n|clearpoke\n|poke|p1|Kyogre, L50|\n|poke|p1|Calyrex-Ice, L50|\n|poke|p1|Raging Bolt, L50|\n|poke|p1|Urshifu-*, L50, M|\n|poke|p1|Rillaboom, L50, F|\n|poke|p1|Amoonguss, L50, F|\n|poke|p2|Lunala, L50|\n|poke|p2|Koraidon, L50|\n|poke|p2|Landorus-Therian, L50, M|\n|poke|p2|Kingambit, L50, F|\n|poke|p2|Indeedee-F, L50, F|\n|poke|p2|Venusaur, L50, M|\n|teampreview|4\n|j| Pepinopequeno\n|l| Pepinopequeno\n|\n|t:|1774565983\n|teamsize|p1|4\n|teamsize|p2|4\n|start\n|switch|p1a: Calyrex|Calyrex-Ice, L50|100/100\n|switch|p1b: Raging Bolt|Raging Bolt, L50|100/100\n|switch|p2a: Lunala|Lunala, L50|100/100\n|switch|p2b: Venusaur|Venusaur, L50, M|100/100\n|-ability|p1a: Calyrex|As One\n|-ability|p1a: Calyrex|Unnerve\n|-enditem|p1b: Raging Bolt|Booster Energy\n|-activate|p1b: Raging Bolt|ability: Protosynthesis|[fromitem]\n|-start|p1b: Raging Bolt|protosynthesisspa\n|turn|1\n|\n|t:|1774566008\n|-terastallize|p1a: Calyrex|Fairy\n|move|p2b: Venusaur|Sludge Bomb|p1a: Calyrex\n|-supereffective|p1a: Calyrex\n|-damage|p1a: Calyrex|45/100\n|move|p2a: Lunala|Meteor Beam||[still]\n|-prepare|p2a: Lunala|Meteor Beam\n|-boost|p2a: Lunala|spa|1\n|-enditem|p2a: Lunala|Power Herb\n|-anim|p2a: Lunala|Meteor Beam|p1a: Calyrex\n|-damage|p1a: Calyrex|4/100\n|move|p1b: Raging Bolt|Dragon Pulse|p2a: Lunala\n|-damage|p2a: Lunala|79/100\n|move|p1a: Calyrex|Trick Room|p1a: Calyrex\n|-fieldstart|move: Trick Room|[of] p1a: Calyrex\n|\n|-heal|p1a: Calyrex|10/100|[from] item: Leftovers\n|upkeep\n|turn|2\n|\n|t:|1774566032\n|move|p1a: Calyrex|Glacial Lance|p2b: Venusaur|[spread] p2a,p2b\n|-supereffective|p2b: Venusaur\n|-damage|p2a: Lunala|39/100\n|-enditem|p2b: Venusaur|Focus Sash\n|-damage|p2b: Venusaur|1/100\n|move|p1b: Raging Bolt|Dragon Pulse|p2b: Venusaur\n|-damage|p2b: Venusaur|0 fnt\n|faint|p2b: Venusaur\n|move|p2a: Lunala|Moongeist Beam|p1b: Raging Bolt\n|-damage|p1b: Raging Bolt|30/100\n|\n|-heal|p1a: Calyrex|16/100|[from] item: Leftovers\n|upkeep\n|\n|t:|1774566036\n|switch|p2b: Kingambit|Kingambit, L50, F|100/100\n|turn|3\n|\n|t:|1774566068\n|move|p1a: Calyrex|Glacial Lance|p2a: Lunala|[spread] p2a,p2b\n|-resisted|p2b: Kingambit\n|-damage|p2a: Lunala|2/100\n|-damage|p2b: Kingambit|84/100\n|move|p2b: Kingambit|Iron Head|p1a: Calyrex\n|-supereffective|p1a: Calyrex\n|-damage|p1a: Calyrex|0 fnt\n|faint|p1a: Calyrex\n|move|p1b: Raging Bolt|Thunderbolt|p2a: Lunala\n|-damage|p2a: Lunala|0 fnt\n|faint|p2a: Lunala\n|\n|upkeep\n|\n|t:|1774566078\n|switch|p1a: Amoonguss|Amoonguss, L50, F|100/100\n|switch|p2a: Koraidon|Koraidon, L50, shiny|100/100\n|-weather|SunnyDay|[from] ability: Orichalcum Pulse|[of] p2a: Koraidon\n|-activate|p2a: Koraidon|Orichalcum Pulse|[source]\n|turn|4\n|\n|t:|1774566109\n|move|p2a: Koraidon|Protect|p2a: Koraidon\n|-singleturn|p2a: Koraidon|Protect\n|move|p1a: Amoonguss|Rage Powder|p1a: Amoonguss\n|-singleturn|p1a: Amoonguss|move: Rage Powder\n|move|p2b: Kingambit|Kowtow Cleave|p1a: Amoonguss\n|-damage|p1a: Amoonguss|58/100\n|-damage|p2b: Kingambit|68/100|[from] item: Rocky Helmet|[of] p1a: Amoonguss\n|move|p1b: Raging Bolt|Dragon Pulse|p2a: Koraidon\n|-activate|p2a: Koraidon|move: Protect\n|\n|-weather|SunnyDay|[upkeep]\n|upkeep\n|turn|5\n|\n|t:|1774566167\n|-terastallize|p2a: Koraidon|Fire\n|move|p1b: Raging Bolt|Protect|p1b: Raging Bolt\n|-singleturn|p1b: Raging Bolt|Protect\n|move|p1a: Amoonguss|Spore|p2a: Koraidon\n|-status|p2a: Koraidon|slp|[from] move: Spore\n|move|p2b: Kingambit|Kowtow Cleave|p1b: Raging Bolt\n|-activate|p1b: Raging Bolt|move: Protect\n|cant|p2a: Koraidon|slp\n|\n|-weather|SunnyDay|[upkeep]\n|-fieldend|move: Trick Room\n|upkeep\n|turn|6\n|\n|t:|1774566182\n|-curestatus|p2a: Koraidon|slp|[msg]\n|move|p2a: Koraidon|Protect|p2a: Koraidon\n|-singleturn|p2a: Koraidon|Protect\n|move|p1a: Amoonguss|Rage Powder|p1a: Amoonguss\n|-singleturn|p1a: Amoonguss|move: Rage Powder\n|move|p1b: Raging Bolt|Thunderbolt|p2a: Koraidon\n|-activate|p2a: Koraidon|move: Protect\n|move|p2b: Kingambit|Low Kick|p1a: Amoonguss\n|-resisted|p1a: Amoonguss\n|-damage|p1a: Amoonguss|52/100\n|-damage|p2b: Kingambit|51/100|[from] item: Rocky Helmet|[of] p1a: Amoonguss\n|\n|-weather|SunnyDay|[upkeep]\n|upkeep\n|turn|7\n|\n|t:|1774566202\n|move|p1a: Amoonguss|Rage Powder|p1a: Amoonguss\n|-singleturn|p1a: Amoonguss|move: Rage Powder\n|move|p2a: Koraidon|Flare Blitz|p1a: Amoonguss\n|-supereffective|p1a: Amoonguss\n|-damage|p1a: Amoonguss|0 fnt\n|-damage|p2a: Koraidon|84/100|[from] item: Rocky Helmet|[of] p1a: Amoonguss\n|faint|p1a: Amoonguss\n|-damage|p2a: Koraidon|64/100|[from] Recoil\n|-damage|p2a: Koraidon|54/100|[from] item: Life Orb\n|move|p1b: Raging Bolt|Thunderbolt|p2b: Kingambit\n|-damage|p2b: Kingambit|3/100\n|move|p2b: Kingambit|Kowtow Cleave|p1b: Raging Bolt\n|-damage|p1b: Raging Bolt|0 fnt\n|faint|p1b: Raging Bolt\n|-end|p1b: Raging Bolt|Protosynthesis|[silent]\n|\n|-weather|SunnyDay|[upkeep]\n|upkeep\n|\n|t:|1774566217\n|switch|p1a: Kyogre|Kyogre, L50|100/100\n|-weather|RainDance|[from] ability: Drizzle|[of] p1a: Kyogre\n|turn|8\n|\n|t:|1774566223\n|move|p2b: Kingambit|Sucker Punch|p1a: Kyogre\n|-damage|p1a: Kyogre|63/100\n|move|p2a: Koraidon|Close Combat|p1a: Kyogre\n|-damage|p1a: Kyogre|0 fnt\n|-unboost|p2a: Koraidon|def|1\n|-unboost|p2a: Koraidon|spd|1\n|faint|p1a: Kyogre\n|-damage|p2a: Koraidon|45/100|[from] item: Life Orb\n|\n|win|rainbowpillar\n|raw|Cello L.'s rating: 1576 &rarr; <strong>1548</strong><br />(-28 for losing)\n|raw|rainbowpillar's rating: 1434 &rarr; <strong>1462</strong><br />(+28 for winning)\n|l|\u2606Cello L.\n|player|p1|\n|l|\u2606rainbowpillar\n|player|p2|\n","uploadtime":1774566362,"views":14,"formatid":"gen9vgc2026regi","rating":1462,"private":0,"password":null}