{"id":"gen9vgc2026regi-2570203643","format":"[Gen 9] VGC 2026 Reg I","players":["Douglas Viana","I\u2764\ufe0f\u5a1c\u7984Forever"],"log":"|j|\u2606Douglas Viana\n|j|\u2606I\u2764\ufe0f\u5a1c\u7984Forever\n|t:|1774788105\n|gametype|doubles\n|player|p1|Douglas Viana|juan|1313\n|player|p2|I\u2764\ufe0f\u5a1c\u7984Forever|youngcouple-gen4dp|1423\n|gen|9\n|tier|[Gen 9] VGC 2026 Reg I\n|rated|\n|rule|Species Clause: Limit one of each Pok\u00e9mon\n|rule|Item Clause: Limit 1 of each item\n|clearpoke\n|poke|p1|Miraidon, L50|\n|poke|p1|Lunala, L50|\n|poke|p1|Whimsicott, L50, F|\n|poke|p1|Urshifu-*, L50, M|\n|poke|p1|Incineroar, L50, M|\n|poke|p1|Ursaluna, L50, F|\n|poke|p2|Groudon, L50|\n|poke|p2|Kyurem-White, L50|\n|poke|p2|Heatran, L50, M|\n|poke|p2|Whimsicott, L50, F|\n|poke|p2|Ditto, L50|\n|poke|p2|Flutter Mane, L50|\n|teampreview|4\n|inactive|Battle timer is ON: inactive players will automatically lose when time's up. (requested by Douglas Viana)\n|\n|t:|1774788122\n|teamsize|p1|4\n|teamsize|p2|4\n|start\n|switch|p1a: Lunala|Lunala, L50|100/100\n|switch|p1b: Incineroar|Incineroar, L50, M|100/100\n|switch|p2a: Kyurem|Kyurem-White, L50|100/100\n|switch|p2b: Heatran|Heatran, L50, M|100/100\n|-ability|p2a: Kyurem|Turboblaze\n|-ability|p1b: Incineroar|Intimidate|boost\n|-unboost|p2a: Kyurem|atk|1\n|-unboost|p2b: Heatran|atk|1\n|turn|1\n|inactive|Douglas Viana has 30 seconds left.\n|\n|t:|1774788157\n|move|p1b: Incineroar|Fake Out|p2b: Heatran\n|-resisted|p2b: Heatran\n|-damage|p2b: Heatran|95/100\n|move|p2a: Kyurem|Blizzard|p1a: Lunala|[spread] p1a,p1b\n|-resisted|p1b: Incineroar\n|-damage|p1a: Lunala|79/100\n|-damage|p1b: Incineroar|85/100\n|cant|p2b: Heatran|flinch\n|move|p1a: Lunala|Trick Room|p1a: Lunala\n|-fieldstart|move: Trick Room|[of] p1a: Lunala\n|\n|-heal|p2b: Heatran|100/100|[from] item: Leftovers\n|upkeep\n|turn|2\n|\n|t:|1774788177\n|move|p1b: Incineroar|Knock Off|p2b: Heatran\n|-damage|p2b: Heatran|57/100\n|-enditem|p2b: Heatran|Leftovers|[from] move: Knock Off|[of] p1b: Incineroar\n|move|p2b: Heatran|Substitute|p2b: Heatran\n|-start|p2b: Heatran|Substitute\n|-damage|p2b: Heatran|32/100\n|move|p2a: Kyurem|Shadow Ball|p1a: Lunala\n|-supereffective|p1a: Lunala\n|-damage|p1a: Lunala|0 fnt\n|faint|p1a: Lunala\n|\n|upkeep\n|\n|t:|1774788189\n|switch|p1a: Urshifu|Urshifu-Rapid-Strike, L50, M|100/100\n|turn|3\n|\n|t:|1774788197\n|move|p1b: Incineroar|Knock Off|p2a: Kyurem\n|-damage|p2a: Kyurem|59/100\n|-enditem|p2a: Kyurem|Blunder Policy|[from] move: Knock Off|[of] p1b: Incineroar\n|move|p2b: Heatran|Earth Power|p1b: Incineroar\n|-supereffective|p1b: Incineroar\n|-damage|p1b: Incineroar|48/100\n|move|p2a: Kyurem|Freeze-Dry|p1a: Urshifu\n|-supereffective|p1a: Urshifu\n|-enditem|p1a: Urshifu|Focus Sash\n|-damage|p1a: Urshifu|1/100\n|move|p1a: Urshifu|Surging Strikes|p2b: Heatran\n|-supereffective|p2b: Heatran\n|-crit|p2b: Heatran\n|-end|p2b: Heatran|Substitute\n|-supereffective|p2b: Heatran\n|-crit|p2b: Heatran\n|-damage|p2b: Heatran|0 fnt\n|faint|p2b: Heatran\n|-hitcount|p2: Heatran|2\n|\n|upkeep\n|\n|t:|1774788212\n|switch|p2b: Groudon|Groudon, L50|100/100\n|-weather|SunnyDay|[from] ability: Drought|[of] p2b: Groudon\n|turn|4\n|inactive|Douglas Viana has 30 seconds left.\n|\n|t:|1774788240\n|-terastallize|p1b: Incineroar|Bug\n|move|p1a: Urshifu|Aqua Jet|p2b: Groudon\n|-supereffective|p2b: Groudon\n|-damage|p2b: Groudon|88/100\n|move|p1b: Incineroar|Knock Off|p2b: Groudon\n|-damage|p2b: Groudon|54/100\n|-enditem|p2b: Groudon|Assault Vest|[from] move: Knock Off|[of] p1b: Incineroar\n|move|p2b: Groudon|Precipice Blades|p1b: Incineroar|[spread] p1a,p1b\n|-resisted|p1b: Incineroar\n|-crit|p1b: Incineroar\n|-damage|p1a: Urshifu|0 fnt\n|-damage|p1b: Incineroar|7/100\n|faint|p1a: Urshifu\n|move|p2a: Kyurem|Blizzard|p1b: Incineroar\n|-crit|p1b: Incineroar\n|-damage|p1b: Incineroar|0 fnt\n|faint|p1b: Incineroar\n|\n|-weather|SunnyDay|[upkeep]\n|upkeep\n|\n|t:|1774788259\n|switch|p1b: Ursaluna|Ursaluna, L50, F|100/100\n|turn|5\n|\n|t:|1774788280\n|switch|p2a: Ditto|Ditto, L50|100/100\n|-transform|p2a: Ditto|p1b: Ursaluna|[from] ability: Imposter\n|move|p1b: Ursaluna|Facade|p2a: Ditto\n|-damage|p2a: Ditto|57/100\n|move|p2b: Groudon|Precipice Blades|p1b: Ursaluna\n|-damage|p1b: Ursaluna|48/100\n|\n|-weather|SunnyDay|[upkeep]\n|-fieldend|move: Trick Room\n|-status|p1b: Ursaluna|brn|[from] item: Flame Orb\n|upkeep\n|turn|6\n|\n|t:|1774788293\n|move|p2b: Groudon|Precipice Blades|p1b: Ursaluna\n|-damage|p1b: Ursaluna|0 fnt\n|faint|p1b: Ursaluna\n|\n|win|I\u2764\ufe0f\u5a1c\u7984Forever\n|raw|Douglas Viana's rating: 1313 &rarr; <strong>1299</strong><br />(-14 for losing)\n|raw|I\u2764\ufe0f\u5a1c\u7984Forever's rating: 1423 &rarr; <strong>1437</strong><br />(+14 for winning)\n|l|\u2606I\u2764\ufe0f\u5a1c\u7984Forever\n|player|p2|\n|l|\u2606Douglas Viana\n|player|p1|\n","uploadtime":1774788489,"views":14,"formatid":"gen9vgc2026regi","rating":1299,"private":0,"password":null}