{"id":"gen9vgc2026regi-2535473335","format":"[Gen 9] VGC 2026 Reg I","players":["sujisuji","yamato-tak"],"log":"|j|\u2606sujisuji\n|j|\u2606yamato-tak\n|t:|1770572063\n|gametype|doubles\n|player|p1|sujisuji|eusine|1260\n|player|p2|yamato-tak|102|1407\n|gen|9\n|tier|[Gen 9] VGC 2026 Reg I\n|rated|\n|rule|Species Clause: Limit one of each Pok\u00e9mon\n|rule|Item Clause: Limit 1 of each item\n|clearpoke\n|poke|p1|Smeargle, L50, M|\n|poke|p1|Snorlax, L50, F|\n|poke|p1|Tornadus, L50, M|\n|poke|p1|Calyrex-Ice, L50|\n|poke|p1|Kyogre, L50|\n|poke|p1|Kingdra, L50, M|\n|poke|p2|Miraidon, L50|\n|poke|p2|Calyrex-Ice, L50|\n|poke|p2|Volcarona, L50, M|\n|poke|p2|Araquanid, L50, M|\n|poke|p2|Grimmsnarl, L50, M|\n|poke|p2|Rillaboom, L50, F|\n|teampreview|4\n|inactive|Battle timer is ON: inactive players will automatically lose when time's up. (requested by yamato-tak)\n|inactive|sujisuji also wants the timer to be on.\n|inactive|sujisuji has 60 seconds left.\n|\n|t:|1770572120\n|teamsize|p1|4\n|teamsize|p2|4\n|start\n|switch|p1a: Calyrex|Calyrex-Ice, L50|100/100\n|switch|p1b: Kyogre|Kyogre, L50|100/100\n|switch|p2a: Grimmsnarl|Grimmsnarl, L50, M, shiny|100/100\n|switch|p2b: Miraidon|Miraidon, L50, shiny|100/100\n|-ability|p1a: Calyrex|As One\n|-ability|p1a: Calyrex|Unnerve\n|-fieldstart|move: Electric Terrain|[from] ability: Hadron Engine|[of] p2b: Miraidon\n|-weather|RainDance|[from] ability: Drizzle|[of] p1b: Kyogre\n|turn|1\n|\n|t:|1770572139\n|-terastallize|p1b: Kyogre|Grass\n|move|p2a: Grimmsnarl|Fake Out|p1a: Calyrex\n|-damage|p1a: Calyrex|93/100\n|move|p2b: Miraidon|Calm Mind|p2b: Miraidon\n|-boost|p2b: Miraidon|spa|1\n|-boost|p2b: Miraidon|spd|1\n|move|p1b: Kyogre|Calm Mind|p1b: Kyogre\n|-boost|p1b: Kyogre|spa|1\n|-boost|p1b: Kyogre|spd|1\n|cant|p1a: Calyrex|flinch\n|\n|-weather|RainDance|[upkeep]\n|-heal|p1a: Calyrex|99/100|[from] item: Leftovers\n|upkeep\n|turn|2\n|inactive|sujisuji has 30 seconds left.\n|inactive|yamato-tak has 30 seconds left.\n|\n|t:|1770572173\n|-terastallize|p2b: Miraidon|Electric\n|move|p2a: Grimmsnarl|Reflect|p2a: Grimmsnarl\n|-sidestart|p2: yamato-tak|Reflect\n|move|p2b: Miraidon|Electro Drift|p1a: Calyrex\n|-damage|p1a: Calyrex|21/100\n|move|p1b: Kyogre|Calm Mind|p1b: Kyogre\n|-boost|p1b: Kyogre|spa|1\n|-boost|p1b: Kyogre|spd|1\n|move|p1a: Calyrex|Glacial Lance|p2b: Miraidon|[spread] p2a,p2b\n|-crit|p2b: Miraidon\n|-damage|p2a: Grimmsnarl|71/100\n|-damage|p2b: Miraidon|47/100\n|\n|-weather|RainDance|[upkeep]\n|-heal|p1a: Calyrex|27/100|[from] item: Leftovers\n|upkeep\n|turn|3\n|\n|t:|1770572188\n|move|p1a: Calyrex|Protect|p1a: Calyrex\n|-singleturn|p1a: Calyrex|Protect\n|move|p2a: Grimmsnarl|Light Screen|p2a: Grimmsnarl\n|-sidestart|p2: yamato-tak|move: Light Screen\n|move|p2b: Miraidon|Parabolic Charge|p1a: Calyrex|[spread] p2a,p1b\n|-activate|p1a: Calyrex|move: Protect\n|-crit|p2a: Grimmsnarl\n|-resisted|p1b: Kyogre\n|-crit|p1b: Kyogre\n|-damage|p2a: Grimmsnarl|0 fnt\n|-heal|p2b: Miraidon|81/100|[from] drain|[of] p2a: Grimmsnarl\n|-damage|p1b: Kyogre|57/100\n|-heal|p2b: Miraidon|100/100|[from] drain|[of] p1b: Kyogre\n|faint|p2a: Grimmsnarl\n|move|p1b: Kyogre|Origin Pulse|p2b: Miraidon|[miss]\n|-miss|p1b: Kyogre|p2b: Miraidon\n|\n|-weather|RainDance|[upkeep]\n|-heal|p1a: Calyrex|32/100|[from] item: Leftovers\n|upkeep\n|\n|t:|1770572204\n|switch|p2a: Calyrex|Calyrex-Ice, L50|100/100\n|-ability|p2a: Calyrex|As One\n|-ability|p2a: Calyrex|Unnerve\n|turn|4\n|\n|t:|1770572216\n|switch|p1a: Snorlax|Snorlax, L50, F|100/100\n|move|p2b: Miraidon|Electro Drift|p1a: Snorlax\n|-damage|p1a: Snorlax|30/100\n|move|p1b: Kyogre|Origin Pulse|p2b: Miraidon|[spread] p2a,p2b\n|-damage|p2a: Calyrex|40/100\n|-damage|p2b: Miraidon|53/100\n|move|p2a: Calyrex|Glacial Lance|p1a: Snorlax|[spread] p1a,p1b\n|-supereffective|p1b: Kyogre\n|-damage|p1a: Snorlax|6/100\n|-damage|p1b: Kyogre|0 fnt\n|faint|p1b: Kyogre\n|-ability|p2a: Calyrex|Chilling Neigh|boost\n|-boost|p2a: Calyrex|atk|1\n|\n|-weather|RainDance|[upkeep]\n|upkeep\n|\n|t:|1770572231\n|switch|p1b: Kingdra|Kingdra, L50, M|100/100\n|turn|5\n|\n|t:|1770572241\n|switch|p2b: Araquanid|Araquanid, L50, M, shiny|100/100\n|move|p2a: Calyrex|Protect|p2a: Calyrex\n|-singleturn|p2a: Calyrex|Protect\n|move|p1b: Kingdra|Muddy Water|p2b: Araquanid|[spread] \n|-activate|p2a: Calyrex|move: Protect\n|-miss|p1b: Kingdra|p2b: Araquanid\n|move|p1a: Snorlax|Crunch|p2a: Calyrex\n|-activate|p2a: Calyrex|move: Protect\n|\n|-weather|none\n|-fieldend|move: Electric Terrain\n|upkeep\n|turn|6\n|inactive|sujisuji has 30 seconds left.\n|\n|t:|1770572275\n|move|p1b: Kingdra|Muddy Water|p2a: Calyrex|[spread] p2b\n|-miss|p1b: Kingdra|p2a: Calyrex\n|-resisted|p2b: Araquanid\n|-damage|p2b: Araquanid|92/100\n|move|p2a: Calyrex|Glacial Lance|p1b: Kingdra|[spread] p1a,p1b\n|-damage|p1a: Snorlax|0 fnt\n|-damage|p1b: Kingdra|4/100\n|faint|p1a: Snorlax\n|-ability|p2a: Calyrex|Chilling Neigh|boost\n|-boost|p2a: Calyrex|atk|1\n|move|p2b: Araquanid|Leech Life|p1b: Kingdra\n|-crit|p1b: Kingdra\n|-damage|p1b: Kingdra|0 fnt\n|-heal|p2b: Araquanid|94/100|[from] drain|[of] p1b: Kingdra\n|faint|p1b: Kingdra\n|\n|upkeep\n|c|\u2606sujisuji|g\n|-message|sujisuji forfeited.\n|\n|win|yamato-tak\n|raw|sujisuji's rating: 1260 &rarr; <strong>1245</strong><br />(-15 for losing)\n|raw|yamato-tak's rating: 1407 &rarr; <strong>1419</strong><br />(+12 for winning)\n|l|\u2606sujisuji\n|player|p1|\n|l|\u2606yamato-tak\n|player|p2|\n","uploadtime":1770572484,"views":21,"formatid":"gen9vgc2026regi","rating":1245,"private":0,"password":null}