{"id":"gen9vgc2026regi-2556521549","format":"[Gen 9] VGC 2026 Reg I","players":["AnonFY","marcxhenry"],"log":"|j|\u2606AnonFY\n|j|\u2606marcxhenry\n|t:|1773220249\n|gametype|doubles\n|player|p1|AnonFY|101|1301\n|player|p2|marcxhenry|hilbert-wonderlauncher|1473\n|gen|9\n|tier|[Gen 9] VGC 2026 Reg I\n|rated|\n|rule|Species Clause: Limit one of each Pok\u00e9mon\n|rule|Item Clause: Limit 1 of each item\n|clearpoke\n|poke|p1|Calyrex-Shadow, L50|\n|poke|p1|Zamazenta-*, L50|\n|poke|p1|Chien-Pao, L50|\n|poke|p1|Raging Bolt, L50|\n|poke|p1|Whimsicott, L50, M|\n|poke|p1|Ogerpon-Cornerstone, L50, F|\n|poke|p2|Calyrex-Shadow, L50|\n|poke|p2|Urshifu-*, L50, M|\n|poke|p2|Roaring Moon, L50|\n|poke|p2|Kyogre, L50|\n|poke|p2|Tsareena, L50, F|\n|poke|p2|Kingambit, L50, M|\n|teampreview|4\n|\n|t:|1773220304\n|teamsize|p1|4\n|teamsize|p2|4\n|start\n|switch|p1a: Zamazenta|Zamazenta-Crowned, L50|100/100\n|switch|p1b: Whimsicott|Whimsicott, L50, M|100/100\n|switch|p2a: Ludwig|Calyrex-Shadow, L50|100/100\n|switch|p2b: Roter Baron|Roaring Moon, L50, shiny|100/100\n|-ability|p2a: Ludwig|As One\n|-ability|p2a: Ludwig|Unnerve\n|-ability|p1a: Zamazenta|Dauntless Shield|boost\n|-boost|p1a: Zamazenta|def|1\n|-enditem|p2b: Roter Baron|Booster Energy\n|-activate|p2b: Roter Baron|ability: Protosynthesis|[fromitem]\n|-start|p2b: Roter Baron|protosynthesisspe\n|turn|1\n|\n|t:|1773220331\n|-terastallize|p2b: Roter Baron|Flying\n|move|p1b: Whimsicott|Tailwind|p1b: Whimsicott\n|-sidestart|p1: AnonFY|move: Tailwind\n|move|p1a: Zamazenta|Heavy Slam|p2a: Ludwig\n|-damage|p2a: Ludwig|40/100\n|move|p2b: Roter Baron|Acrobatics|p1b: Whimsicott\n|-supereffective|p1b: Whimsicott\n|-damage|p1b: Whimsicott|0 fnt\n|-damage|p2b: Roter Baron|84/100|[from] item: Rocky Helmet|[of] p1b: Whimsicott\n|faint|p1b: Whimsicott\n|move|p2a: Ludwig|Trick Room|p2a: Ludwig\n|-fieldstart|move: Trick Room|[of] p2a: Ludwig\n|\n|upkeep\n|\n|t:|1773220347\n|switch|p1b: Raging Bolt|Raging Bolt, L50|100/100\n|-enditem|p1b: Raging Bolt|Booster Energy\n|-activate|p1b: Raging Bolt|ability: Protosynthesis|[fromitem]\n|-start|p1b: Raging Bolt|protosynthesisspa\n|turn|2\n|\n|t:|1773220361\n|-end|p2b: Roter Baron|Protosynthesis|[silent]\n|switch|p2b: Hitmonshe|Tsareena, L50, F, shiny|100/100\n|move|p1b: Raging Bolt|Thunderclap||[still]\n|cant|p2b: Hitmonshe|ability: Queenly Majesty|Thunderclap|[of] p1b: Raging Bolt\n|move|p2a: Ludwig|Astral Barrage|p1b: Raging Bolt|[spread] p1a,p1b\n|-damage|p1a: Zamazenta|65/100\n|-damage|p1b: Raging Bolt|49/100\n|move|p1a: Zamazenta|Heavy Slam|p2a: Ludwig\n|-damage|p2a: Ludwig|0 fnt\n|faint|p2a: Ludwig\n|\n|upkeep\n|\n|t:|1773220372\n|switch|p2a: Tripitz|Kyogre, L50, shiny|100/100\n|-weather|RainDance|[from] ability: Drizzle|[of] p2a: Tripitz\n|turn|3\n|\n|t:|1773220380\n|move|p1b: Raging Bolt|Thunderclap||[still]\n|cant|p2b: Hitmonshe|ability: Queenly Majesty|Thunderclap|[of] p1b: Raging Bolt\n|move|p2b: Hitmonshe|Triple Axel|p1b: Raging Bolt\n|-supereffective|p1b: Raging Bolt\n|-damage|p1b: Raging Bolt|34/100\n|-supereffective|p1b: Raging Bolt\n|-damage|p1b: Raging Bolt|8/100\n|-supereffective|p1b: Raging Bolt\n|-damage|p1b: Raging Bolt|0 fnt\n|faint|p1b: Raging Bolt\n|-end|p1b: Raging Bolt|Protosynthesis|[silent]\n|-hitcount|p1: Raging Bolt|3\n|move|p2a: Tripitz|Hydro Pump|p1a: Zamazenta|[miss]\n|-miss|p2a: Tripitz|p1a: Zamazenta\n|move|p1a: Zamazenta|Body Press|p2a: Tripitz\n|-damage|p2a: Tripitz|29/100\n|\n|-weather|RainDance|[upkeep]\n|upkeep\n|\n|t:|1773220396\n|switch|p1b: Calyrex|Calyrex-Shadow, L50|100/100\n|-ability|p1b: Calyrex|As One\n|-ability|p1b: Calyrex|Unnerve\n|turn|4\n|\n|t:|1773220410\n|move|p1b: Calyrex|Protect|p1b: Calyrex\n|-singleturn|p1b: Calyrex|Protect\n|move|p2b: Hitmonshe|Triple Axel|p1b: Calyrex\n|-activate|p1b: Calyrex|move: Protect\n|move|p2a: Tripitz|Origin Pulse|p1b: Calyrex|[spread] p1a\n|-activate|p1b: Calyrex|move: Protect\n|-damage|p1a: Zamazenta|4/100\n|move|p1a: Zamazenta|Body Press|p2a: Tripitz\n|-damage|p2a: Tripitz|0 fnt\n|faint|p2a: Tripitz\n|\n|-weather|RainDance|[upkeep]\n|-sideend|p1: AnonFY|move: Tailwind\n|upkeep\n|\n|t:|1773220423\n|switch|p2a: Roter Baron|Roaring Moon, L50, shiny, tera:Flying|84/100\n|turn|5\n|\n|t:|1773220432\n|move|p1a: Zamazenta|Protect|p1a: Zamazenta\n|-singleturn|p1a: Zamazenta|Protect\n|move|p2b: Hitmonshe|Triple Axel|p1a: Zamazenta\n|-activate|p1a: Zamazenta|move: Protect\n|move|p2a: Roter Baron|Knock Off|p1b: Calyrex\n|-supereffective|p1b: Calyrex\n|-enditem|p1b: Calyrex|Focus Sash\n|-damage|p1b: Calyrex|1/100\n|move|p1b: Calyrex|Astral Barrage|p2b: Hitmonshe|[spread] p2a,p2b\n|-damage|p2a: Roter Baron|34/100\n|-damage|p2b: Hitmonshe|35/100\n|\n|-weather|RainDance|[upkeep]\n|-fieldend|move: Trick Room\n|upkeep\n|turn|6\n|-message|marcxhenry forfeited.\n|\n|win|AnonFY\n|raw|AnonFY's rating: 1301 &rarr; <strong>1330</strong><br />(+29 for winning)\n|raw|marcxhenry's rating: 1473 &rarr; <strong>1444</strong><br />(-29 for losing)\n|l|\u2606marcxhenry\n|player|p2|\n|l|\u2606AnonFY\n|player|p1|\n","uploadtime":1773220664,"views":14,"formatid":"gen9vgc2026regi","rating":1330,"private":0,"password":null}