{"id":"gen9vgc2026regi-2573321819","format":"[Gen 9] VGC 2026 Reg I","players":["marcxhenry","don juan dozo"],"log":"|j|\u2606marcxhenry\n|j|\u2606don juan dozo\n|t:|1775121698\n|gametype|doubles\n|player|p1|marcxhenry|hilbert-wonderlauncher|1408\n|player|p2|don juan dozo|1|1399\n|gen|9\n|tier|[Gen 9] VGC 2026 Reg I\n|rated|\n|rule|Species Clause: Limit one of each Pok\u00e9mon\n|rule|Item Clause: Limit 1 of each item\n|clearpoke\n|poke|p1|Calyrex-Shadow, L50|\n|poke|p1|Urshifu-*, L50, M|\n|poke|p1|Roaring Moon, L50|\n|poke|p1|Kyogre, L50|\n|poke|p1|Tsareena, L50, F|\n|poke|p1|Kingambit, L50, M|\n|poke|p2|Calyrex-Shadow, L50|\n|poke|p2|Zamazenta-*, L50|\n|poke|p2|Ting-Lu, L50|\n|poke|p2|Dondozo, L50, M|\n|poke|p2|Chien-Pao, L50|\n|poke|p2|Ogerpon-Hearthflame, L50, F|\n|teampreview|4\n|\n|t:|1775121743\n|teamsize|p1|4\n|teamsize|p2|4\n|start\n|switch|p1a: Hitmonshe|Tsareena, L50, F, shiny|100/100\n|switch|p1b: Roter Baron|Roaring Moon, L50, shiny|100/100\n|switch|p2a: Magnus Carlsen|Zamazenta-Crowned, L50|100/100\n|switch|p2b: Emergency Button|Chien-Pao, L50|100/100\n|-ability|p2b: Emergency Button|Sword of Ruin\n|-ability|p2a: Magnus Carlsen|Dauntless Shield|boost\n|-boost|p2a: Magnus Carlsen|def|1\n|-enditem|p1b: Roter Baron|Booster Energy\n|-activate|p1b: Roter Baron|ability: Protosynthesis|[fromitem]\n|-start|p1b: Roter Baron|protosynthesisspe\n|turn|1\n|\n|t:|1775121759\n|move|p1a: Hitmonshe|Protect|p1a: Hitmonshe\n|-singleturn|p1a: Hitmonshe|Protect\n|move|p1b: Roter Baron|Tailwind|p1b: Roter Baron\n|-sidestart|p1: marcxhenry|move: Tailwind\n|move|p2b: Emergency Button|Ice Spinner|p1a: Hitmonshe\n|-activate|p1a: Hitmonshe|move: Protect\n|move|p2a: Magnus Carlsen|Body Press|p1b: Roter Baron\n|-supereffective|p1b: Roter Baron\n|-damage|p1b: Roter Baron|0 fnt\n|faint|p1b: Roter Baron\n|-end|p1b: Roter Baron|Protosynthesis|[silent]\n|\n|upkeep\n|\n|t:|1775121769\n|switch|p1b: Tripitz|Kyogre, L50, shiny|100/100\n|-weather|RainDance|[from] ability: Drizzle|[of] p1b: Tripitz\n|turn|2\n|\n|t:|1775121784\n|move|p2a: Magnus Carlsen|Wide Guard|p2a: Magnus Carlsen\n|-singleturn|p2a: Magnus Carlsen|Wide Guard\n|move|p1b: Tripitz|Hydro Pump|p2b: Emergency Button\n|-damage|p2b: Emergency Button|0 fnt\n|faint|p2b: Emergency Button\n|move|p1a: Hitmonshe|Power Whip|p2a: Magnus Carlsen\n|-resisted|p2a: Magnus Carlsen\n|-damage|p2a: Magnus Carlsen|89/100\n|\n|-weather|RainDance|[upkeep]\n|upkeep\n|\n|t:|1775121793\n|switch|p2b: 221 speed|Calyrex-Shadow, L50|100/100\n|-ability|p2b: 221 speed|As One\n|-ability|p2b: 221 speed|Unnerve\n|turn|3\n|\n|t:|1775121802\n|-terastallize|p2a: Magnus Carlsen|Dragon\n|move|p2b: 221 speed|Protect|p2b: 221 speed\n|-singleturn|p2b: 221 speed|Protect\n|move|p1b: Tripitz|Water Spout|p2b: 221 speed|[spread] p2a\n|-activate|p2b: 221 speed|move: Protect\n|-resisted|p2a: Magnus Carlsen\n|-damage|p2a: Magnus Carlsen|39/100\n|move|p1a: Hitmonshe|Triple Axel|p2b: 221 speed\n|-activate|p2b: 221 speed|move: Protect\n|move|p2a: Magnus Carlsen|Body Press|p1a: Hitmonshe\n|-damage|p1a: Hitmonshe|11/100\n|\n|-weather|RainDance|[upkeep]\n|upkeep\n|turn|4\n|\n|t:|1775121821\n|switch|p2b: Chromakopia|Ogerpon-Hearthflame, L50, F|100/100\n|-ability|p2b: Chromakopia|Mold Breaker\n|move|p1b: Tripitz|Hydro Pump|p2b: Chromakopia\n|-damage|p2b: Chromakopia|0 fnt\n|faint|p2b: Chromakopia\n|move|p1a: Hitmonshe|Triple Axel|p2a: Magnus Carlsen\n|-supereffective|p2a: Magnus Carlsen\n|-damage|p2a: Magnus Carlsen|32/100\n|-supereffective|p2a: Magnus Carlsen\n|-damage|p2a: Magnus Carlsen|21/100\n|-supereffective|p2a: Magnus Carlsen\n|-damage|p2a: Magnus Carlsen|3/100\n|-hitcount|p2a: Magnus Carlsen|3\n|move|p2a: Magnus Carlsen|Body Press|p1a: Hitmonshe\n|-damage|p1a: Hitmonshe|0 fnt\n|faint|p1a: Hitmonshe\n|\n|-weather|RainDance|[upkeep]\n|-sideend|p1: marcxhenry|move: Tailwind\n|upkeep\n|\n|t:|1775121838\n|switch|p2b: 221 speed|Calyrex-Shadow, L50|100/100\n|switch|p1a: Ludwig|Calyrex-Shadow, L50|100/100\n|-ability|p1a: Ludwig|As One\n|-ability|p1a: Ludwig|Unnerve\n|-ability|p2b: 221 speed|As One\n|-ability|p2b: 221 speed|Unnerve\n|turn|5\n|\n|t:|1775121853\n|-terastallize|p1a: Ludwig|Normal\n|move|p1b: Tripitz|Protect|p1b: Tripitz\n|-singleturn|p1b: Tripitz|Protect\n|move|p2a: Magnus Carlsen|Wide Guard|p2a: Magnus Carlsen\n|-singleturn|p2a: Magnus Carlsen|Wide Guard\n|move|p1a: Ludwig|Psychic|p2a: Magnus Carlsen\n|-damage|p2a: Magnus Carlsen|0 fnt\n|faint|p2a: Magnus Carlsen\n|-ability|p1a: Ludwig|Grim Neigh|boost\n|-boost|p1a: Ludwig|spa|1\n|move|p2b: 221 speed|Astral Barrage|p1b: Tripitz|[spread] \n|-activate|p1b: Tripitz|move: Protect\n|-immune|p1a: Ludwig\n|\n|-weather|RainDance|[upkeep]\n|upkeep\n|turn|6\n|-message|don juan dozo forfeited.\n|\n|win|marcxhenry\n|raw|marcxhenry's rating: 1408 &rarr; <strong>1429</strong><br />(+21 for winning)\n|raw|don juan dozo's rating: 1421 &rarr; <strong>1400</strong><br />(-21 for losing)\n|l|\u2606don juan dozo\n|player|p2|\n|l|\u2606marcxhenry\n|player|p1|\n","uploadtime":1775122110,"views":12,"formatid":"gen9vgc2026regi","rating":1400,"private":0,"password":null}