{"id":"gen9vgc2026regi-2587848321","format":"[Gen 9] VGC 2026 Reg I","players":["mihatelover","VJ2511"],"log":"|j|\u2606mihatelover\n|j|\u2606VJ2511\n|t:|1776570286\n|gametype|doubles\n|player|p1|mihatelover|101|1601\n|player|p2|VJ2511|265|1567\n|gen|9\n|tier|[Gen 9] VGC 2026 Reg I\n|rated|\n|rule|Species Clause: Limit one of each Pok\u00e9mon\n|rule|Item Clause: Limit 1 of each item\n|clearpoke\n|poke|p1|Koraidon, L50|\n|poke|p1|Flutter Mane, L50|\n|poke|p1|Lunala, L50|\n|poke|p1|Ursaluna, L50, M|\n|poke|p1|Incineroar, L50, F|\n|poke|p1|Ogerpon-Cornerstone, L50, F|\n|poke|p2|Calyrex-Shadow, L50|\n|poke|p2|Zamazenta-*, L50|\n|poke|p2|Chien-Pao, L50|\n|poke|p2|Dragonite, L50, M|\n|poke|p2|Raging Bolt, L50|\n|poke|p2|Amoonguss, L50, M|\n|teampreview|4\n|inactive|Battle timer is ON: inactive players will automatically lose when time's up. (requested by mihatelover)\n|inactive|VJ2511 has 60 seconds left.\n|inactive|VJ2511 has 30 seconds left.\n|inactive|VJ2511 has 20 seconds left.\n|inactive|VJ2511 has 15 seconds left.\n|inactive|VJ2511 has 10 seconds left.\n|\n|t:|1776570368\n|teamsize|p1|4\n|teamsize|p2|4\n|start\n|switch|p1a: Flutter Mane|Flutter Mane, L50|100/100\n|switch|p1b: Koraidon|Koraidon, L50|100/100\n|switch|p2a: Zamazenta|Zamazenta-Crowned, L50|100/100\n|switch|p2b: Raging Bolt|Raging Bolt, L50|100/100\n|-weather|SunnyDay|[from] ability: Orichalcum Pulse|[of] p1b: Koraidon\n|-activate|p1a: Flutter Mane|ability: Protosynthesis\n|-start|p1a: Flutter Mane|protosynthesisspe\n|-activate|p2b: Raging Bolt|ability: Protosynthesis\n|-start|p2b: Raging Bolt|protosynthesisspa\n|-activate|p1b: Koraidon|Orichalcum Pulse|[source]\n|-ability|p2a: Zamazenta|Dauntless Shield|boost\n|-boost|p2a: Zamazenta|def|1\n|turn|1\n|\n|t:|1776570387\n|-terastallize|p2a: Zamazenta|Dragon\n|move|p1a: Flutter Mane|Moonblast|p2b: Raging Bolt\n|-supereffective|p2b: Raging Bolt\n|-damage|p2b: Raging Bolt|20/100\n|-unboost|p2b: Raging Bolt|spa|1\n|move|p1b: Koraidon|Close Combat|p2b: Raging Bolt\n|-damage|p2b: Raging Bolt|0 fnt\n|-unboost|p1b: Koraidon|def|1\n|-unboost|p1b: Koraidon|spd|1\n|faint|p2b: Raging Bolt\n|-end|p2b: Raging Bolt|Protosynthesis|[silent]\n|-damage|p1b: Koraidon|91/100|[from] item: Life Orb\n|move|p2a: Zamazenta|Heavy Slam|p1a: Flutter Mane\n|-supereffective|p1a: Flutter Mane\n|-enditem|p1a: Flutter Mane|Focus Sash\n|-damage|p1a: Flutter Mane|1/100\n|\n|-weather|SunnyDay|[upkeep]\n|upkeep\n|\n|t:|1776570405\n|switch|p2b: Calyrex|Calyrex-Shadow, L50|100/100\n|-ability|p2b: Calyrex|As One\n|-ability|p2b: Calyrex|Unnerve\n|turn|2\n|\n|t:|1776570412\n|move|p2a: Zamazenta|Wide Guard|p2a: Zamazenta\n|-singleturn|p2a: Zamazenta|Wide Guard\n|move|p1a: Flutter Mane|Icy Wind|p2b: Calyrex|[spread] \n|-activate|p2a: Zamazenta|move: Wide Guard\n|-activate|p2b: Calyrex|move: Wide Guard\n|move|p2b: Calyrex|Astral Barrage|p1a: Flutter Mane|[spread] p1a,p1b\n|-supereffective|p1a: Flutter Mane\n|-damage|p1a: Flutter Mane|0 fnt\n|-damage|p1b: Koraidon|3/100\n|faint|p1a: Flutter Mane\n|-end|p1a: Flutter Mane|Protosynthesis|[silent]\n|-ability|p2b: Calyrex|Grim Neigh|boost\n|-boost|p2b: Calyrex|spa|1\n|move|p1b: Koraidon|Close Combat|p2a: Zamazenta\n|-damage|p2a: Zamazenta|59/100\n|-unboost|p1b: Koraidon|def|1\n|-unboost|p1b: Koraidon|spd|1\n|-damage|p1b: Koraidon|0 fnt|[from] item: Life Orb\n|faint|p1b: Koraidon\n|\n|-weather|SunnyDay|[upkeep]\n|upkeep\n|\n|t:|1776570416\n|switch|p1b: Ursaluna|Ursaluna, L50, M|100/100\n|switch|p1a: Lunala|Lunala, L50|100/100\n|turn|3\n|\n|t:|1776570436\n|-terastallize|p1a: Lunala|Dark\n|move|p1b: Ursaluna|Protect|p1b: Ursaluna\n|-singleturn|p1b: Ursaluna|Protect\n|move|p2b: Calyrex|Astral Barrage|p1a: Lunala|[spread] p1a\n|-activate|p1b: Ursaluna|move: Protect\n|-resisted|p1a: Lunala\n|-damage|p1a: Lunala|87/100\n|move|p2a: Zamazenta|Heavy Slam|p1a: Lunala\n|-damage|p1a: Lunala|52/100\n|move|p1a: Lunala|Trick Room|p1a: Lunala\n|-fieldstart|move: Trick Room|[of] p1a: Lunala\n|\n|-weather|SunnyDay|[upkeep]\n|-status|p1b: Ursaluna|brn|[from] item: Flame Orb\n|upkeep\n|turn|4\n|\n|t:|1776570459\n|move|p1b: Ursaluna|Facade|p2a: Zamazenta\n|-damage|p2a: Zamazenta|11/100\n|move|p1a: Lunala|Moongeist Beam|p2a: Zamazenta\n|-damage|p2a: Zamazenta|0 fnt\n|faint|p2a: Zamazenta\n|move|p2b: Calyrex|Astral Barrage|p1b: Ursaluna|[spread] p1a\n|-immune|p1b: Ursaluna\n|-resisted|p1a: Lunala\n|-damage|p1a: Lunala|22/100\n|\n|-weather|SunnyDay|[upkeep]\n|-damage|p1b: Ursaluna|94/100 brn|[from] brn\n|upkeep\n|\n|t:|1776570471\n|switch|p2a: Dragonite|Dragonite, L50, M, shiny|100/100\n|turn|5\n|\n|t:|1776570492\n|move|p2a: Dragonite|Extreme Speed|p1a: Lunala\n|-damage|p1a: Lunala|0 fnt\n|faint|p1a: Lunala\n|move|p1b: Ursaluna|Facade|p2b: Calyrex\n|-immune|p2b: Calyrex\n|move|p2b: Calyrex|Psychic|p1b: Ursaluna\n|-damage|p1b: Ursaluna|27/100 brn\n|\n|-weather|none\n|-damage|p1b: Ursaluna|21/100 brn|[from] brn\n|upkeep\n|turn|6\n|c|\u2606VJ2511|huh\n|-message|mihatelover forfeited.\n|\n|win|VJ2511\n|raw|mihatelover's rating: 1601 &rarr; <strong>1579</strong><br />(-22 for losing)\n|raw|VJ2511's rating: 1567 &rarr; <strong>1589</strong><br />(+22 for winning)\n|l|\u2606mihatelover\n|player|p1|\n","uploadtime":1776570518,"views":17,"formatid":"gen9vgc2026regi","rating":1579,"private":0,"password":null}