{"id":"gen9vgc2026regi-2578922647","format":"[Gen 9] VGC 2026 Reg I","players":["ducksh","asroarri"],"log":"|j|\u203dducksh\n|j|\u2606asroarri\n|t:|1775736826\n|gametype|doubles\n|player|p1|ducksh|byron|1420\n|player|p2|asroarri|dawn|1643\n|gen|9\n|tier|[Gen 9] VGC 2026 Reg I\n|rated|\n|rule|Species Clause: Limit one of each Pok\u00e9mon\n|rule|Item Clause: Limit 1 of each item\n|clearpoke\n|poke|p1|Raichu, L50, F|\n|poke|p1|Incineroar, L50, M|\n|poke|p1|Chien-Pao, L50|\n|poke|p1|Zamazenta-*, L50|\n|poke|p1|Pelipper, L50, F|\n|poke|p1|Calyrex-Shadow, L50|\n|poke|p2|Calyrex-Ice, L50|\n|poke|p2|Miraidon, L50|\n|poke|p2|Iron Hands, L50|\n|poke|p2|Farigiraf, L50, F|\n|poke|p2|Torkoal, L50, F|\n|poke|p2|Smeargle, L50, M|\n|teampreview|4\n|inactive|Battle timer is ON: inactive players will automatically lose when time's up. (requested by ducksh)\nducksh rejected open team sheets.\n|inactive|asroarri has 60 seconds left.\n|inactive|asroarri has 30 seconds left.\n|inactive|asroarri has 20 seconds left.\n|\n|t:|1775736901\n|teamsize|p1|4\n|teamsize|p2|4\n|start\n|switch|p1a: Raichu|Raichu, L50, F, shiny|100/100\n|switch|p1b: Zamazenta|Zamazenta-Crowned, L50|100/100\n|switch|p2a: Calyrex|Calyrex-Ice, L50|100/100\n|switch|p2b: Miraidon|Miraidon, L50|100/100\n|-ability|p2a: Calyrex|As One\n|-ability|p2a: Calyrex|Unnerve\n|-fieldstart|move: Electric Terrain|[from] ability: Hadron Engine|[of] p2b: Miraidon\n|-ability|p1b: Zamazenta|Dauntless Shield|boost\n|-boost|p1b: Zamazenta|def|1\n|turn|1\n|l|\u203dducksh\n|inactive|ducksh disconnected and has a minute to reconnect!\n|player|p1|\n|j|\u203dducksh\n|inactive|ducksh reconnected and has 45 seconds left.\n|player|p1|ducksh|byron|\n|n|\u203dducksh|ducksh\n|inactive|ducksh has 30 seconds left.\n|inactive|asroarri has 30 seconds left.\n|inactive|asroarri has 20 seconds left.\n|inactive|asroarri has 15 seconds left.\n|inactive|asroarri has 10 seconds left.\n|\n|t:|1775736947\n|switch|p2b: Smeargle|Smeargle, L50, M|100/100\n|move|p2a: Calyrex|Protect|p2a: Calyrex\n|-singleturn|p2a: Calyrex|Protect\n|move|p1a: Raichu|Nuzzle|p2a: Calyrex\n|-activate|p2a: Calyrex|move: Protect\n|move|p1b: Zamazenta|Body Press|p2b: Smeargle\n|-supereffective|p2b: Smeargle\n|-crit|p2b: Smeargle\n|-enditem|p2b: Smeargle|Focus Sash\n|-damage|p2b: Smeargle|1/100\n|\n|upkeep\n|turn|2\n|\n|t:|1775736969\n|move|p2b: Smeargle|Fake Out|p1a: Raichu\n|-damage|p1a: Raichu|90/100\n|cant|p1a: Raichu|flinch\n|move|p1b: Zamazenta|Body Press|p2b: Smeargle\n|-supereffective|p2b: Smeargle\n|-damage|p2b: Smeargle|0 fnt\n|faint|p2b: Smeargle\n|move|p2a: Calyrex|Trick Room|p2a: Calyrex\n|-fieldstart|move: Trick Room|[of] p2a: Calyrex\n|\n|upkeep\n|\n|t:|1775736975\n|switch|p2b: Iron Hands|Iron Hands, L50|100/100\n|-activate|p2b: Iron Hands|ability: Quark Drive\n|-start|p2b: Iron Hands|quarkdriveatk\n|turn|3\n|\n|t:|1775736995\n|switch|p1a: Pelipper|Pelipper, L50, F|100/100\n|-weather|RainDance|[from] ability: Drizzle|[of] p1a: Pelipper\n|-enditem|p1a: Pelipper|Room Service\n|-unboost|p1a: Pelipper|spe|1|[from] item: Room Service\n|-terastallize|p2a: Calyrex|Ground\n|move|p1b: Zamazenta|Protect|p1b: Zamazenta\n|-singleturn|p1b: Zamazenta|Protect\n|move|p2a: Calyrex|High Horsepower|p1b: Zamazenta\n|-activate|p1b: Zamazenta|move: Protect\n|move|p2b: Iron Hands|Low Kick|p1b: Zamazenta\n|-activate|p1b: Zamazenta|move: Protect\n|\n|-weather|RainDance|[upkeep]\n|upkeep\n|turn|4\n|inactive|ducksh has 30 seconds left.\n|inactive|ducksh has 20 seconds left.\n|\n|t:|1775737031\n|-terastallize|p1b: Zamazenta|Grass\n|move|p2b: Iron Hands|Wild Charge|p1a: Pelipper\n|-supereffective|p1a: Pelipper\n|-damage|p1a: Pelipper|0 fnt\n|faint|p1a: Pelipper\n|-damage|p2b: Iron Hands|85/100|[from] Recoil\n|move|p2a: Calyrex|High Horsepower|p1b: Zamazenta\n|-resisted|p1b: Zamazenta\n|-damage|p1b: Zamazenta|90/100\n|move|p1b: Zamazenta|Iron Defense|p1b: Zamazenta\n|-boost|p1b: Zamazenta|def|2\n|\n|-weather|RainDance|[upkeep]\n|upkeep\n|\n|t:|1775737048\n|switch|p1a: Raichu|Raichu, L50, F, shiny|90/100\n|turn|5\n|\n|t:|1775737068\n|move|p1a: Raichu|Fake Out|p2a: Calyrex\n|-damage|p2a: Calyrex|96/100\n|move|p2b: Iron Hands|Drain Punch|p1a: Raichu\n|-damage|p1a: Raichu|5/100\n|-heal|p2b: Iron Hands|100/100|[from] drain|[of] p1a: Raichu\n|cant|p2a: Calyrex|flinch\n|move|p1b: Zamazenta|Body Press|p2a: Calyrex\n|-damage|p2a: Calyrex|30/100\n|\n|-weather|RainDance|[upkeep]\n|-fieldend|move: Electric Terrain\n|-end|p2b: Iron Hands|Quark Drive\n|upkeep\n|turn|6\n|inactive|ducksh has 30 seconds left.\n|\n|t:|1775737094\n|move|p2a: Calyrex|Glacial Lance|p1b: Zamazenta|[spread] p1a,p1b\n|-crit|p1a: Raichu\n|-supereffective|p1b: Zamazenta\n|-damage|p1a: Raichu|0 fnt\n|-damage|p1b: Zamazenta|65/100\n|faint|p1a: Raichu\n|-ability|p2a: Calyrex|Chilling Neigh|boost\n|-boost|p2a: Calyrex|atk|1\n|move|p2b: Iron Hands|Drain Punch|p1b: Zamazenta\n|-damage|p1b: Zamazenta|55/100\n|move|p1b: Zamazenta|Body Press|p2b: Iron Hands\n|-crit|p2b: Iron Hands\n|-damage|p2b: Iron Hands|0 fnt\n|faint|p2b: Iron Hands\n|-end|p2b: Iron Hands|Quark Drive|[silent]\n|\n|-weather|RainDance|[upkeep]\n|-fieldend|move: Trick Room\n|upkeep\n|inactive|asroarri has 30 seconds left.\n|inactive|asroarri has 20 seconds left.\n|\n|t:|1775737134\n|switch|p1a: Calyrex|Calyrex-Shadow, L50|100/100\n|switch|p2b: Miraidon|Miraidon, L50|100/100\n|-ability|p1a: Calyrex|As One\n|-ability|p1a: Calyrex|Unnerve\n|-fieldstart|move: Electric Terrain|[from] ability: Hadron Engine|[of] p2b: Miraidon\n|turn|7\n|inactive|asroarri has 30 seconds left.\n|inactive|asroarri has 20 seconds left.\n|inactive|asroarri has 15 seconds left.\n|inactive|asroarri has 10 seconds left.\n|\n|t:|1775737181\n|move|p2b: Miraidon|Draco Meteor|p1a: Calyrex\n|-damage|p1a: Calyrex|0 fnt\n|-unboost|p2b: Miraidon|spa|2\n|faint|p1a: Calyrex\n|move|p1b: Zamazenta|Body Press|p2b: Miraidon\n|-damage|p2b: Miraidon|0 fnt\n|faint|p2b: Miraidon\n|move|p2a: Calyrex|Glacial Lance|p1b: Zamazenta\n|-supereffective|p1b: Zamazenta\n|-damage|p1b: Zamazenta|1/100\n|\n|-weather|none\n|upkeep\n|turn|8\n|-message|asroarri forfeited.\n|\n|win|ducksh\n|raw|ducksh's rating: 1420 &rarr; <strong>1451</strong><br />(+31 for winning)\n|raw|asroarri's rating: 1643 &rarr; <strong>1612</strong><br />(-31 for losing)\n|l|\u2606asroarri\n|player|p2|\n|l|\u203dducksh\n|player|p1|\n","uploadtime":1775737369,"views":6,"formatid":"gen9vgc2026regi","rating":1451,"private":0,"password":null}