{"id":"gen9vgc2026regi-2588621325","format":"[Gen 9] VGC 2026 Reg I","players":["clessvgc","srpada"],"log":"|j|\u2606clessvgc\n|j|\u2606srpada\n|t:|1776650928\n|gametype|doubles\n|player|p1|clessvgc|proton|1329\n|player|p2|srpada|102|1503\n|gen|9\n|tier|[Gen 9] VGC 2026 Reg I\n|rated|\n|rule|Species Clause: Limit one of each Pok\u00e9mon\n|rule|Item Clause: Limit 1 of each item\n|clearpoke\n|poke|p1|Landorus-Therian, L50, M|\n|poke|p1|Calyrex-Shadow, L50|\n|poke|p1|Iron Moth, L50|\n|poke|p1|Tornadus, L50, M|\n|poke|p1|Tinkaton, L50, F|\n|poke|p1|Kyogre, L50|\n|poke|p2|Weezing-Galar, L50, F|\n|poke|p2|Flutter Mane, L50|\n|poke|p2|Dondozo, L50, M|\n|poke|p2|Tatsugiri, L50, M|\n|poke|p2|Chi-Yu, L50|\n|poke|p2|Raging Bolt, L50|\n|teampreview|4\n|inactive|Battle timer is ON: inactive players will automatically lose when time's up. (requested by clessvgc)\n|\n|t:|1776650954\n|teamsize|p1|4\n|teamsize|p2|4\n|start\n|switch|p1a: Tinkaton|Tinkaton, L50, F|100/100\n|switch|p1b: Kyogre|Kyogre, L50|100/100\n|switch|p2a: Weezing|Weezing-Galar, L50, F|100/100\n|switch|p2b: Raging Bolt|Raging Bolt, L50|100/100\n|-ability|p2a: Weezing|Neutralizing Gas\n|turn|1\n|\n|t:|1776650971\n|move|p1a: Tinkaton|Fake Out|p2b: Raging Bolt\n|-damage|p2b: Raging Bolt|95/100\n|move|p1b: Kyogre|Water Spout|p2a: Weezing|[spread] p2a,p2b\n|-resisted|p2b: Raging Bolt\n|-damage|p2a: Weezing|1/100\n|-damage|p2b: Raging Bolt|71/100\n|-enditem|p2a: Weezing|Sitrus Berry|[eat]\n|-heal|p2a: Weezing|26/100|[from] item: Sitrus Berry\n|cant|p2b: Raging Bolt|flinch\n|move|p2a: Weezing|Poison Gas|p1b: Kyogre|[spread] p1a,p1b\n|-immune|p1a: Tinkaton\n|-status|p1b: Kyogre|psn\n|\n|-damage|p1b: Kyogre|88/100 psn|[from] psn\n|upkeep\n|turn|2\n|\n|t:|1776650989\n|move|p1b: Kyogre|Protect|p1b: Kyogre\n|-singleturn|p1b: Kyogre|Protect\n|move|p2a: Weezing|Protect|p2a: Weezing\n|-singleturn|p2a: Weezing|Protect\n|move|p2b: Raging Bolt|Thunderclap||[still]\n|-fail|p2b: Raging Bolt\n|move|p1a: Tinkaton|Gigaton Hammer|p2a: Weezing\n|-activate|p2a: Weezing|move: Protect\n|\n|-damage|p1b: Kyogre|75/100 psn|[from] psn\n|upkeep\n|turn|3\n|\n|t:|1776650999\n|-terastallize|p1b: Kyogre|Dragon\n|move|p2b: Raging Bolt|Thunderclap|p1b: Kyogre\n|-resisted|p1b: Kyogre\n|-damage|p1b: Kyogre|60/100 psn\n|move|p1b: Kyogre|Origin Pulse|p2b: Raging Bolt|[spread] p2a,p2b\n|-resisted|p2b: Raging Bolt\n|-damage|p2a: Weezing|0 fnt\n|-damage|p2b: Raging Bolt|56/100\n|faint|p2a: Weezing\n|-end|p2a: Weezing|ability: Neutralizing Gas\n|-weather|RainDance|[from] ability: Drizzle|[of] p1b: Kyogre\n|-ability|p1a: Tinkaton|Mold Breaker\n|move|p1a: Tinkaton|Play Rough|p2b: Raging Bolt\n|-supereffective|p2b: Raging Bolt\n|-damage|p2b: Raging Bolt|21/100\n|\n|-weather|RainDance|[upkeep]\n|-damage|p1b: Kyogre|48/100 psn|[from] psn\n|upkeep\n|\n|t:|1776651009\n|switch|p2a: Dondozo|Dondozo, L50, M|100/100\n|turn|4\n|j| lagggs\n|\n|t:|1776651027\n|switch|p1a: Landorus|Landorus-Therian, L50, M|100/100\n|-ability|p1a: Landorus|Intimidate|boost\n|-fail|p2a: Dondozo|unboost|Attack|[from] ability: Oblivious|[of] p2a: Dondozo\n|-unboost|p2b: Raging Bolt|atk|1\n|-end|p2b: Raging Bolt|Protosynthesis|[silent]\n|switch|p2b: Tatsugiri|Tatsugiri, L50, M|100/100\n|-activate|p2b: Tatsugiri|ability: Commander|[of] p2a: Dondozo\n|-boost|p2a: Dondozo|atk|2\n|-boost|p2a: Dondozo|spa|2\n|-boost|p2a: Dondozo|spe|2\n|-boost|p2a: Dondozo|def|2\n|-boost|p2a: Dondozo|spd|2\n|-terastallize|p2a: Dondozo|Grass\n|move|p1b: Kyogre|Origin Pulse|p2a: Dondozo|[spread] p2a\n|-miss|p1b: Kyogre|p2b: Tatsugiri\n|-resisted|p2a: Dondozo\n|-damage|p2a: Dondozo|79/100\n|move|p2a: Dondozo|Earthquake|p1b: Kyogre|[spread] p1b\n|-miss|p2a: Dondozo|p2b: Tatsugiri\n|-immune|p1a: Landorus\n|-damage|p1b: Kyogre|7/100 psn\n|\n|-weather|RainDance|[upkeep]\n|-damage|p1b: Kyogre|0 fnt|[from] psn\n|faint|p1b: Kyogre\n|upkeep\n|\n|t:|1776651037\n|switch|p1b: Tinkaton|Tinkaton, L50, F|100/100\n|-ability|p1b: Tinkaton|Mold Breaker\n|turn|5\n|\n|t:|1776651051\n|switch|p1a: Calyrex|Calyrex-Shadow, L50|100/100\n|-ability|p1a: Calyrex|As One\n|-ability|p1a: Calyrex|Unnerve\n|move|p1b: Tinkaton|Fake Out|p2a: Dondozo\n|-damage|p2a: Dondozo|77/100\n|-damage|p1b: Tinkaton|84/100|[from] item: Rocky Helmet|[of] p2a: Dondozo\n|cant|p2a: Dondozo|flinch\n|\n|-weather|RainDance|[upkeep]\n|upkeep\n|turn|6\n|\n|t:|1776651065\n|move|p1a: Calyrex|Astral Barrage|p2a: Dondozo|[spread] p2a\n|-miss|p1a: Calyrex|p2b: Tatsugiri\n|-damage|p2a: Dondozo|48/100\n|move|p1b: Tinkaton|Gigaton Hammer|p2a: Dondozo\n|-damage|p2a: Dondozo|39/100\n|move|p2a: Dondozo|Earthquake|p1b: Tinkaton|[spread] p1a,p1b\n|-miss|p2a: Dondozo|p2b: Tatsugiri\n|-supereffective|p1b: Tinkaton\n|-damage|p1a: Calyrex|60/100\n|-damage|p1b: Tinkaton|2/100\n|\n|-weather|RainDance|[upkeep]\n|upkeep\n|turn|7\n|\n|t:|1776651084\n|switch|p1b: Landorus|Landorus-Therian, L50, M|100/100\n|-ability|p1b: Landorus|Intimidate|boost\n|-fail|p2a: Dondozo|unboost|Attack|[from] ability: Oblivious|[of] p2a: Dondozo\n|-unboost|p2b: Tatsugiri|atk|1\n|move|p1a: Calyrex|Astral Barrage|p2b: Tatsugiri|[spread] p2a\n|-miss|p1a: Calyrex|p2b: Tatsugiri\n|-damage|p2a: Dondozo|13/100\n|move|p2a: Dondozo|Wave Crash|p1a: Calyrex\n|-damage|p1a: Calyrex|0 fnt\n|faint|p1a: Calyrex\n|-damage|p2a: Dondozo|0 fnt|[from] Recoil\n|faint|p2a: Dondozo\n|\n|-weather|none\n|upkeep\n|\n|t:|1776651100\n|switch|p1a: Tinkaton|Tinkaton, L50, F|2/100\n|switch|p2a: Raging Bolt|Raging Bolt, L50|21/100\n|-ability|p1a: Tinkaton|Mold Breaker\n|turn|8\n|\n|t:|1776651110\n|move|p1a: Tinkaton|Fake Out|p2b: Tatsugiri\n|-damage|p2b: Tatsugiri|89/100\n|move|p2a: Raging Bolt|Thunderclap||[still]\n|-fail|p2a: Raging Bolt\n|move|p1b: Landorus|Stomping Tantrum|p2a: Raging Bolt\n|-supereffective|p2a: Raging Bolt\n|-damage|p2a: Raging Bolt|0 fnt\n|faint|p2a: Raging Bolt\n|-end|p2a: Raging Bolt|Protosynthesis|[silent]\n|cant|p2b: Tatsugiri|flinch\n|\n|upkeep\n|turn|9\n|\n|t:|1776651117\n|move|p1b: Landorus|Stomping Tantrum|p2b: Tatsugiri\n|-damage|p2b: Tatsugiri|10/100\n|move|p2b: Tatsugiri|Muddy Water|p1b: Landorus|[spread] p1a\n|-miss|p2b: Tatsugiri|p1b: Landorus\n|-damage|p1a: Tinkaton|0 fnt\n|faint|p1a: Tinkaton\n|\n|upkeep\n|turn|10\n|\n|t:|1776651126\n|move|p1b: Landorus|Stomping Tantrum|p2b: Tatsugiri\n|-damage|p2b: Tatsugiri|0 fnt\n|faint|p2b: Tatsugiri\n|\n|win|clessvgc\n|raw|clessvgc's rating: 1329 &rarr; <strong>1358</strong><br />(+29 for winning)\n|raw|srpada's rating: 1503 &rarr; <strong>1474</strong><br />(-29 for losing)\n|l|\u2606srpada\n|player|p2|\n|l|\u2606clessvgc\n|player|p1|\n|l| lagggs\n","uploadtime":1776651306,"views":7,"formatid":"gen9vgc2026regi","rating":1358,"private":0,"password":null}