{"id":"gen9vgc2026regi-2559674080","format":"[Gen 9] VGC 2026 Reg I","players":["Tepig_nNz_498","ArisHazard"],"log":"|j|\u2606Tepig_nNz_498\n|j|\u2606ArisHazard\n|t:|1773598445\n|gametype|doubles\n|player|p1|Tepig_nNz_498|170|1343\n|player|p2|ArisHazard|266|1376\n|gen|9\n|tier|[Gen 9] VGC 2026 Reg I\n|rated|\n|rule|Species Clause: Limit one of each Pok\u00e9mon\n|rule|Item Clause: Limit 1 of each item\n|clearpoke\n|poke|p1|Miraidon, L50|\n|poke|p1|Iron Bundle, L50|\n|poke|p1|Iron Hands, L50|\n|poke|p1|Farigiraf, L50, F|\n|poke|p1|Dialga-Origin, L50|\n|poke|p1|Ursaluna, L50, M|\n|poke|p2|Calyrex-Ice, L50|\n|poke|p2|Hitmontop, L50, M|\n|poke|p2|Miraidon, L50|\n|poke|p2|Sableye, L50, F|\n|poke|p2|Ting-Lu, L50|\n|poke|p2|Iron Valiant, L50|\n|teampreview|4\n|inactive|Battle timer is ON: inactive players will automatically lose when time's up. (requested by Tepig_nNz_498)\n|\n|t:|1773598473\n|teamsize|p1|4\n|teamsize|p2|4\n|start\n|switch|p1a: Miraidon|Miraidon, L50|100/100\n|switch|p1b: Iron Bundle|Iron Bundle, L50|100/100\n|switch|p2a: Calyrex|Calyrex-Ice, L50|100/100\n|switch|p2b: Miraidon|Miraidon, L50|100/100\n|-ability|p2a: Calyrex|As One\n|-ability|p2a: Calyrex|Unnerve\n|-fieldstart|move: Electric Terrain|[from] ability: Hadron Engine|[of] p1a: Miraidon\n|-activate|p1b: Iron Bundle|ability: Quark Drive\n|-start|p1b: Iron Bundle|quarkdrivespe\n|-activate|p2b: Miraidon|ability: Hadron Engine\n|turn|1\n|\n|t:|1773598491\n|move|p1b: Iron Bundle|Icy Wind|p2b: Miraidon|[spread] p2a,p2b\n|-resisted|p2a: Calyrex\n|-supereffective|p2b: Miraidon\n|-damage|p2a: Calyrex|94/100\n|-damage|p2b: Miraidon|78/100\n|-unboost|p2b: Miraidon|spe|1\n|move|p1a: Miraidon|Volt Switch|p2b: Miraidon\n|-resisted|p2b: Miraidon\n|-damage|p2b: Miraidon|66/100\n|-damage|p1a: Miraidon|91/100|[from] item: Life Orb\n|\n|t:|1773598498\n|switch|p1a: Farigiraf|Farigiraf, L50, F|100/100|[from] Volt Switch\n|-enditem|p1a: Farigiraf|Electric Seed\n|-boost|p1a: Farigiraf|def|1|[from] item: Electric Seed\n|move|p2b: Miraidon|Snarl|p1a: Farigiraf|[spread] p1a,p1b\n|-supereffective|p1a: Farigiraf\n|-damage|p1a: Farigiraf|65/100\n|-damage|p1b: Iron Bundle|59/100\n|-unboost|p1a: Farigiraf|spa|1\n|-unboost|p1b: Iron Bundle|spa|1\n|move|p2a: Calyrex|Glacial Lance|p1b: Iron Bundle|[spread] p1a,p1b\n|-resisted|p1b: Iron Bundle\n|-damage|p1a: Farigiraf|32/100\n|-damage|p1b: Iron Bundle|41/100\n|\n|upkeep\n|turn|2\n|\n|t:|1773598519\n|move|p1b: Iron Bundle|Freeze-Dry|p2b: Miraidon\n|-supereffective|p2b: Miraidon\n|-damage|p2b: Miraidon|41/100\n|move|p2b: Miraidon|Volt Switch|p1a: Farigiraf\n|-damage|p1a: Farigiraf|0 fnt\n|faint|p1a: Farigiraf\n|\n|t:|1773598527\n|switch|p2b: Hitmontop|Hitmontop, L50, M|100/100|[from] Volt Switch\n|-ability|p2b: Hitmontop|Intimidate|boost\n|-unboost|p1b: Iron Bundle|atk|1\n|move|p2a: Calyrex|Glacial Lance|p1b: Iron Bundle\n|-resisted|p1b: Iron Bundle\n|-damage|p1b: Iron Bundle|19/100\n|\n|upkeep\n|\n|t:|1773598532\n|switch|p1a: Dialga|Dialga-Origin, L50|100/100\n|turn|3\n|\n|t:|1773598549\n|move|p2b: Hitmontop|Fake Out|p1a: Dialga\n|-resisted|p1a: Dialga\n|-damage|p1a: Dialga|97/100\n|move|p1b: Iron Bundle|Encore|p2b: Hitmontop\n|-start|p2b: Hitmontop|Encore\n|cant|p1a: Dialga|flinch\n|move|p2a: Calyrex|Trick Room|p2a: Calyrex\n|-fieldstart|move: Trick Room|[of] p2a: Calyrex\n|\n|upkeep\n|turn|4\n|\n|t:|1773598563\n|switch|p2b: Sableye|Sableye, L50, F|100/100\n|-terastallize|p2a: Calyrex|Fire\n|move|p2a: Calyrex|Glacial Lance|p1b: Iron Bundle|[spread] p1a,p1b\n|-resisted|p1b: Iron Bundle\n|-damage|p1a: Dialga|54/100\n|-damage|p1b: Iron Bundle|0 fnt\n|faint|p1b: Iron Bundle\n|-end|p1b: Iron Bundle|Quark Drive|[silent]\n|-ability|p2a: Calyrex|Chilling Neigh|boost\n|-boost|p2a: Calyrex|atk|1\n|move|p1a: Dialga|Flash Cannon|p2a: Calyrex\n|-resisted|p2a: Calyrex\n|-damage|p2a: Calyrex|73/100\n|\n|upkeep\n|\n|t:|1773598570\n|switch|p1b: Miraidon|Miraidon, L50|91/100\n|-activate|p1b: Miraidon|ability: Hadron Engine\n|turn|5\n|-message|Tepig_nNz_498 forfeited.\n|\n|win|ArisHazard\n|raw|Tepig_nNz_498's rating: 1343 &rarr; <strong>1325</strong><br />(-18 for losing)\n|raw|ArisHazard's rating: 1376 &rarr; <strong>1394</strong><br />(+18 for winning)\n|l|\u2606Tepig_nNz_498\n|player|p1|\n|l|\u2606ArisHazard\n|player|p2|\n","uploadtime":1773598776,"views":10,"formatid":"gen9vgc2026regi","rating":1325,"private":0,"password":null}