{"id":"gen9vgc2026regi-2551449664","format":"[Gen 9] VGC 2026 Reg I","players":["kojimuranishi","rito buff zed"],"log":"|j|\u2606kojimuranishi\n|j|\u2606rito buff zed\n|t:|1772603510\n|gametype|doubles\n|player|p1|kojimuranishi|101|1550\n|player|p2|rito buff zed|cynthia|1427\n|gen|9\n|tier|[Gen 9] VGC 2026 Reg I\n|rated|\n|rule|Species Clause: Limit one of each Pok\u00e9mon\n|rule|Item Clause: Limit 1 of each item\n|clearpoke\n|poke|p1|Raging Bolt, L50|\n|poke|p1|Calyrex-Ice, L50|\n|poke|p1|Kyogre, L50|\n|poke|p1|Indeedee-F, L50, F|\n|poke|p1|Ursaluna, L50, F|\n|poke|p1|Chien-Pao, L50|\n|poke|p2|Calyrex-Shadow, L50|\n|poke|p2|Zamazenta-*, L50|\n|poke|p2|Incineroar, L50, F|\n|poke|p2|Rillaboom, L50, M|\n|poke|p2|Amoonguss, L50, F|\n|poke|p2|Urshifu-*, L50, M|\n|teampreview|4\n|inactive|Battle timer is ON: inactive players will automatically lose when time's up. (requested by rito buff zed)\n|inactive|rito buff zed has 60 seconds left.\n|\n|t:|1772603555\n|teamsize|p1|4\n|teamsize|p2|4\n|start\n|switch|p1a: Chien-Pao|Chien-Pao, L50|100/100\n|switch|p1b: Kyogre|Kyogre, L50|100/100\n|switch|p2a: Zamazenta|Zamazenta-Crowned, L50|100/100\n|switch|p2b: Urshifu|Urshifu, L50, M|100/100\n|-weather|RainDance|[from] ability: Drizzle|[of] p1b: Kyogre\n|-ability|p1a: Chien-Pao|Sword of Ruin\n|-ability|p2a: Zamazenta|Dauntless Shield|boost\n|-boost|p2a: Zamazenta|def|1\n|turn|1\n|inactive|rito buff zed has 30 seconds left.\n|inactive|rito buff zed has 20 seconds left.\n|inactive|rito buff zed has 15 seconds left.\n|inactive|rito buff zed has 10 seconds left.\n|\n|t:|1772603604\n|-terastallize|p2a: Zamazenta|Dragon\n|move|p1b: Kyogre|Water Spout|p2a: Zamazenta|[spread] p2a,p2b\n|-resisted|p2a: Zamazenta\n|-crit|p2a: Zamazenta\n|-damage|p2a: Zamazenta|51/100\n|-damage|p2b: Urshifu|0 fnt\n|faint|p2b: Urshifu\n|move|p1a: Chien-Pao|Icicle Crash|p2a: Zamazenta\n|-supereffective|p2a: Zamazenta\n|-damage|p2a: Zamazenta|14/100\n|cant|p2a: Zamazenta|flinch\n|\n|-weather|RainDance|[upkeep]\n|upkeep\n|\n|t:|1772603629\n|switch|p2b: Rillaboom|Rillaboom, L50, M|100/100\n|-fieldstart|move: Grassy Terrain|[from] ability: Grassy Surge|[of] p2b: Rillaboom\n|turn|2\n|\n|t:|1772603653\n|switch|p1b: Indeedee|Indeedee-F, L50, F|100/100\n|-fieldstart|move: Psychic Terrain|[from] ability: Psychic Surge|[of] p1b: Indeedee\n|move|p2a: Zamazenta|Wide Guard|p2a: Zamazenta\n|-singleturn|p2a: Zamazenta|Wide Guard\n|move|p2b: Rillaboom|Fake Out|p1a: Chien-Pao\n|-activate|p1a: Chien-Pao|move: Psychic Terrain\n|move|p1a: Chien-Pao|Icicle Crash|p2a: Zamazenta\n|-supereffective|p2a: Zamazenta\n|-damage|p2a: Zamazenta|0 fnt\n|faint|p2a: Zamazenta\n|\n|-weather|RainDance|[upkeep]\n|upkeep\n|\n|t:|1772603664\n|switch|p2a: Calyrex|Calyrex-Shadow, L50|100/100\n|-ability|p2a: Calyrex|As One\n|-ability|p2a: Calyrex|Unnerve\n|turn|3\n|inactive|rito buff zed has 30 seconds left.\n|\n|t:|1772603689\n|move|p2a: Calyrex|Nasty Plot|p2a: Calyrex\n|-boost|p2a: Calyrex|spa|2\n|move|p1a: Chien-Pao|Icicle Crash|p2b: Rillaboom|[miss]\n|-miss|p1a: Chien-Pao|p2b: Rillaboom\n|move|p2b: Rillaboom|U-turn|p1a: Chien-Pao\n|-supereffective|p1a: Chien-Pao\n|-damage|p1a: Chien-Pao|39/100\n|move|p1b: Indeedee|Psychic|p2b: Rillaboom\n|-damage|p2b: Rillaboom|77/100\n|\n|-weather|RainDance|[upkeep]\n|upkeep\n|turn|4\n|\n|t:|1772603711\n|move|p2a: Calyrex|Astral Barrage|p1b: Indeedee|[spread] p1a\n|-immune|p1b: Indeedee\n|-resisted|p1a: Chien-Pao\n|-damage|p1a: Chien-Pao|0 fnt\n|faint|p1a: Chien-Pao\n|-ability|p2a: Calyrex|Grim Neigh|boost\n|-boost|p2a: Calyrex|spa|1\n|move|p2b: Rillaboom|U-turn|p1b: Indeedee\n|-supereffective|p1b: Indeedee\n|-crit|p1b: Indeedee\n|-damage|p1b: Indeedee|37/100\n|move|p1b: Indeedee|Trick Room|p1b: Indeedee\n|-fieldstart|move: Trick Room|[of] p1b: Indeedee\n|\n|-weather|RainDance|[upkeep]\n|upkeep\n|\n|t:|1772603725\n|switch|p1a: Calyrex|Calyrex-Ice, L50|100/100\n|-ability|p1a: Calyrex|As One\n|-ability|p1a: Calyrex|Unnerve\n|turn|5\n|\n|t:|1772603736\n|-terastallize|p1a: Calyrex|Water\n|move|p1a: Calyrex|Glacial Lance|p2b: Rillaboom|[spread] p2a,p2b\n|-supereffective|p2b: Rillaboom\n|-damage|p2a: Calyrex|47/100\n|-damage|p2b: Rillaboom|0 fnt\n|faint|p2b: Rillaboom\n|-ability|p1a: Calyrex|Chilling Neigh|boost\n|-boost|p1a: Calyrex|atk|1\n|move|p1b: Indeedee|Psychic|p2a: Calyrex\n|-resisted|p2a: Calyrex\n|-damage|p2a: Calyrex|28/100\n|move|p2a: Calyrex|Astral Barrage|p1b: Indeedee|[spread] p1a\n|-immune|p1b: Indeedee\n|-damage|p1a: Calyrex|29/100\n|\n|-weather|none\n|-heal|p1a: Calyrex|35/100|[from] item: Leftovers\n|upkeep\n|turn|6\n|\n|t:|1772603757\n|move|p2a: Calyrex|Protect|p2a: Calyrex\n|-singleturn|p2a: Calyrex|Protect\n|move|p1a: Calyrex|Glacial Lance|p2a: Calyrex\n|-activate|p2a: Calyrex|move: Protect\n|move|p1b: Indeedee|Heal Pulse|p1a: Calyrex\n|-heal|p1a: Calyrex|85/100\n|\n|-heal|p1a: Calyrex|91/100|[from] item: Leftovers\n|-fieldend|move: Psychic Terrain\n|upkeep\n|turn|7\n|\n|t:|1772603770\n|move|p2a: Calyrex|Protect|p2a: Calyrex\n|-singleturn|p2a: Calyrex|Protect\n|move|p1a: Calyrex|Glacial Lance|p2a: Calyrex\n|-activate|p2a: Calyrex|move: Protect\n|move|p1b: Indeedee|Heal Pulse|p1a: Calyrex\n|-heal|p1a: Calyrex|100/100\n|\n|upkeep\n|turn|8\n|\n|t:|1772603781\n|switch|p1b: Kyogre|Kyogre, L50|100/100\n|-weather|RainDance|[from] ability: Drizzle|[of] p1b: Kyogre\n|move|p2a: Calyrex|Protect|p2a: Calyrex\n|-singleturn|p2a: Calyrex|Protect\n|move|p1a: Calyrex|Glacial Lance|p2a: Calyrex\n|-activate|p2a: Calyrex|move: Protect\n|\n|-weather|RainDance|[upkeep]\n|-fieldend|move: Trick Room\n|upkeep\n|turn|9\n|\n|t:|1772603793\n|move|p1b: Kyogre|Water Spout|p2a: Calyrex\n|-damage|p2a: Calyrex|0 fnt\n|faint|p2a: Calyrex\n|\n|win|kojimuranishi\n|raw|kojimuranishi's rating: 1550 &rarr; <strong>1563</strong><br />(+13 for winning)\n|raw|rito buff zed's rating: 1427 &rarr; <strong>1414</strong><br />(-13 for losing)\n|l|\u2606kojimuranishi\n|player|p1|\n","uploadtime":1772603936,"views":15,"formatid":"gen9vgc2026regi","rating":1414,"private":0,"password":null}