{"id":"gen9vgc2026regi-2524818961","format":"[Gen 9] VGC 2026 Reg I","players":["pzyxhic","blacpanda"],"log":"|j|\u2606pzyxhic\n|j|\u2606blacpanda\n|t:|1769195984\n|gametype|doubles\n|player|p1|pzyxhic|265|1134\n|player|p2|blacpanda|169|1062\n|gen|9\n|tier|[Gen 9] VGC 2026 Reg I\n|rated|\n|rule|Species Clause: Limit one of each Pok\u00e9mon\n|rule|Item Clause: Limit 1 of each item\n|clearpoke\n|poke|p1|Miraidon, L50|\n|poke|p1|Ho-Oh, L50|\n|poke|p1|Amoonguss, L50, F|\n|poke|p1|Urshifu-*, L50, M|\n|poke|p1|Incineroar, L50, F|\n|poke|p1|Ting-Lu, L50|\n|poke|p2|Flutter Mane, L50|\n|poke|p2|Sableye, L50, M|\n|poke|p2|Indeedee-F, L50, F|\n|poke|p2|Groudon, L50|\n|poke|p2|Florges-White, L50, F|\n|poke|p2|Meowscarada, L50, F|\n|teampreview|4\n|\n|t:|1769196017\n|teamsize|p1|4\n|teamsize|p2|4\n|start\n|switch|p1a: Ho-Oh|Ho-Oh, L50|100/100\n|switch|p1b: Incineroar|Incineroar, L50, F|100/100\n|switch|p2a: Loco|Indeedee-F, L50, F|100/100\n|switch|p2b: Toph|Groudon, L50|100/100\n|-fieldstart|move: Psychic Terrain|[from] ability: Psychic Surge|[of] p2a: Loco\n|-weather|SunnyDay|[from] ability: Drought|[of] p2b: Toph\n|-ability|p1b: Incineroar|Intimidate|boost\n|-unboost|p2a: Loco|atk|1\n|-unboost|p2b: Toph|atk|1\n|turn|1\n|\n|t:|1769196048\n|move|p1a: Ho-Oh|Protect|p1a: Ho-Oh\n|-singleturn|p1a: Ho-Oh|Protect\n|move|p2b: Toph|Protect|p2b: Toph\n|-singleturn|p2b: Toph|Protect\n|move|p1b: Incineroar|U-turn|p2a: Loco\n|-supereffective|p2a: Loco\n|-damage|p2a: Loco|57/100\n|-damage|p1b: Incineroar|84/100|[from] item: Rocky Helmet|[of] p2a: Loco\n|\n|t:|1769196056\n|switch|p1b: Amoonguss|Amoonguss, L50, F|100/100|[from] U-turn\n|move|p2a: Loco|Trick Room|p2a: Loco\n|-fieldstart|move: Trick Room|[of] p2a: Loco\n|\n|-weather|SunnyDay|[upkeep]\n|upkeep\n|turn|2\n|\n|t:|1769196069\n|-terastallize|p2b: Toph|Fire\n|move|p2a: Loco|Follow Me|p2a: Loco\n|-singleturn|p2a: Loco|move: Follow Me\n|move|p1b: Amoonguss|Spore|p2a: Loco\n|-status|p2a: Loco|slp|[from] move: Spore\n|move|p2b: Toph|Eruption|p1a: Ho-Oh|[spread] p1a,p1b\n|-resisted|p1a: Ho-Oh\n|-supereffective|p1b: Amoonguss\n|-damage|p1a: Ho-Oh|73/100\n|-damage|p1b: Amoonguss|0 fnt\n|faint|p1b: Amoonguss\n|-damage|p2b: Toph|91/100|[from] item: Life Orb\n|move|p1a: Ho-Oh|Sacred Fire|p2a: Loco\n|-damage|p2a: Loco|0 fnt\n|faint|p2a: Loco\n|\n|-weather|SunnyDay|[upkeep]\n|-heal|p1a: Ho-Oh|79/100|[from] item: Leftovers\n|upkeep\n|\n|t:|1769196089\n|switch|p1b: Incineroar|Incineroar, L50, F|84/100\n|switch|p2a: Daisy|Florges-White, L50, F, shiny|100/100\n|-ability|p1b: Incineroar|Intimidate|boost\n|-unboost|p2a: Daisy|atk|1\n|-unboost|p2b: Toph|atk|1\n|turn|3\n|\n|t:|1769196110\n|switch|p1a: Miraidon|Miraidon, L50|100/100\n|-fieldstart|move: Electric Terrain|[from] ability: Hadron Engine|[of] p1a: Miraidon\n|move|p2b: Toph|Protect|p2b: Toph\n|-singleturn|p2b: Toph|Protect\n|move|p1b: Incineroar|Fake Out|p2b: Toph\n|-activate|p2b: Toph|move: Protect\n|move|p2a: Daisy|Trick|p1a: Miraidon\n|-activate|p2a: Daisy|move: Trick|[of] p1a: Miraidon\n|-item|p1a: Miraidon|Choice Specs|[from] move: Trick\n|-item|p2a: Daisy|Life Orb|[from] move: Trick\n|\n|-weather|SunnyDay|[upkeep]\n|upkeep\n|turn|4\n|\n|t:|1769196144\n|switch|p1a: Ho-Oh|Ho-Oh, L50|100/100\n|move|p1b: Incineroar|Knock Off|p2b: Toph\n|-damage|p2b: Toph|61/100\n|-enditem|p2b: Toph|Life Orb|[from] move: Knock Off|[of] p1b: Incineroar\n|move|p2a: Daisy|Moonblast|p1a: Ho-Oh\n|-resisted|p1a: Ho-Oh\n|-damage|p1a: Ho-Oh|83/100\n|-damage|p2a: Daisy|91/100|[from] item: Life Orb\n|move|p2b: Toph|Eruption|p1b: Incineroar|[spread] p1a,p1b\n|-resisted|p1a: Ho-Oh\n|-resisted|p1b: Incineroar\n|-damage|p1a: Ho-Oh|70/100\n|-damage|p1b: Incineroar|71/100\n|\n|-weather|SunnyDay|[upkeep]\n|-heal|p1a: Ho-Oh|76/100|[from] item: Leftovers\n|upkeep\n|turn|5\n|\n|t:|1769196173\n|switch|p2b: Fu|Flutter Mane, L50, shiny|100/100\n|-activate|p2b: Fu|ability: Protosynthesis\n|-start|p2b: Fu|protosynthesisspe\n|move|p1b: Incineroar|Knock Off|p2b: Fu\n|-damage|p2b: Fu|11/100\n|-enditem|p2b: Fu|Focus Sash|[from] move: Knock Off|[of] p1b: Incineroar\n|move|p2a: Daisy|Moonblast|p1b: Incineroar\n|-damage|p1b: Incineroar|38/100\n|-damage|p2a: Daisy|81/100|[from] item: Life Orb\n|move|p1a: Ho-Oh|Sacred Fire|p2a: Daisy\n|-damage|p2a: Daisy|14/100\n|\n|-weather|none\n|-end|p2b: Fu|Protosynthesis\n|-heal|p1a: Ho-Oh|82/100|[from] item: Leftovers\n|-fieldend|move: Trick Room\n|upkeep\n|turn|6\n|\n|t:|1769196204\n|switch|p2a: Toph|Groudon, L50, tera:Fire|61/100\n|-weather|SunnyDay|[from] ability: Drought|[of] p2a: Toph\n|-activate|p2b: Fu|ability: Protosynthesis\n|-start|p2b: Fu|protosynthesisspe\n|move|p2b: Fu|Dazzling Gleam|p1a: Ho-Oh|[spread] p1a,p1b\n|-resisted|p1a: Ho-Oh\n|-damage|p1a: Ho-Oh|74/100\n|-damage|p1b: Incineroar|22/100\n|move|p1a: Ho-Oh|Tailwind|p1a: Ho-Oh\n|-sidestart|p1: pzyxhic|move: Tailwind\n|move|p1b: Incineroar|Knock Off|p2b: Fu\n|-damage|p2b: Fu|0 fnt\n|faint|p2b: Fu\n|-end|p2b: Fu|Protosynthesis|[silent]\n|\n|-weather|SunnyDay|[upkeep]\n|-heal|p1a: Ho-Oh|80/100|[from] item: Leftovers\n|upkeep\n|\n|t:|1769196222\n|switch|p2b: Daisy|Florges-White, L50, F, shiny|14/100\n|turn|7\n|\n|t:|1769196234\n|move|p1a: Ho-Oh|Life Dew|p1a: Ho-Oh|[spread] p1a,p1b\n|-heal|p1a: Ho-Oh|100/100\n|-heal|p1b: Incineroar|47/100\n|move|p1b: Incineroar|Flare Blitz|p2b: Daisy\n|-damage|p2b: Daisy|0 fnt\n|faint|p2b: Daisy\n|-damage|p1b: Incineroar|43/100|[from] Recoil\n|move|p2a: Toph|Eruption|p1b: Incineroar|[spread] p1a,p1b\n|-resisted|p1a: Ho-Oh\n|-resisted|p1b: Incineroar\n|-damage|p1a: Ho-Oh|86/100\n|-damage|p1b: Incineroar|31/100\n|\n|-weather|SunnyDay|[upkeep]\n|-heal|p1a: Ho-Oh|93/100|[from] item: Leftovers\n|-fieldend|move: Electric Terrain\n|upkeep\n|turn|8\n|\n|t:|1769196256\n|move|p1a: Ho-Oh|Life Dew|p1a: Ho-Oh|[spread] p1a,p1b\n|-heal|p1a: Ho-Oh|100/100\n|-heal|p1b: Incineroar|56/100\n|move|p1b: Incineroar|Knock Off|p2a: Toph\n|-damage|p2a: Toph|41/100\n|move|p2a: Toph|Precipice Blades|p1a: Ho-Oh|[spread] p1b\n|-immune|p1a: Ho-Oh\n|-supereffective|p1b: Incineroar\n|-damage|p1b: Incineroar|0 fnt\n|faint|p1b: Incineroar\n|\n|-weather|SunnyDay|[upkeep]\n|upkeep\n|\n|t:|1769196269\n|switch|p1b: Miraidon|Miraidon, L50|100/100\n|-fieldstart|move: Electric Terrain|[from] ability: Hadron Engine|[of] p1b: Miraidon\n|turn|9\n|\n|t:|1769196282\n|-terastallize|p1b: Miraidon|Electric\n|move|p1b: Miraidon|Electro Drift|p2a: Toph\n|-crit|p2a: Toph\n|-damage|p2a: Toph|0 fnt\n|faint|p2a: Toph\n|\n|win|pzyxhic\n|raw|pzyxhic's rating: 1134 &rarr; <strong>1154</strong><br />(+20 for winning)\n|raw|blacpanda's rating: 1062 &rarr; <strong>1047</strong><br />(-15 for losing)\n|l|\u2606pzyxhic\n|player|p1|\n|l|\u2606blacpanda\n|player|p2|\n","uploadtime":1769196669,"views":13,"formatid":"gen9vgc2026regi","rating":1047,"private":0,"password":null}