{"id":"gen9vgc2026regi-2551035325","format":"[Gen 9] VGC 2026 Reg I","players":["kojimuranishi","meh is good"],"log":"|j|\u2606kojimuranishi\n|j|\u2606meh is good\n|t:|1772559325\n|gametype|doubles\n|player|p1|kojimuranishi|1|1490\n|player|p2|meh is good|flannery|1587\n|gen|9\n|tier|[Gen 9] VGC 2026 Reg I\n|rated|\n|rule|Species Clause: Limit one of each Pok\u00e9mon\n|rule|Item Clause: Limit 1 of each item\n|clearpoke\n|poke|p1|Raging Bolt, L50|\n|poke|p1|Calyrex-Ice, L50|\n|poke|p1|Kyogre, L50|\n|poke|p1|Indeedee-F, L50, F|\n|poke|p1|Ursaluna, L50, F|\n|poke|p1|Chien-Pao, L50|\n|poke|p2|Miraidon, L50|\n|poke|p2|Lunala, L50|\n|poke|p2|Ursaluna, L50, F|\n|poke|p2|Urshifu-*, L50, F|\n|poke|p2|Incineroar, L50, F|\n|poke|p2|Grimmsnarl, L50, M|\n|teampreview|4\n|inactive|Battle timer is ON: inactive players will automatically lose when time's up. (requested by meh is good)\n|\n|t:|1772559341\n|teamsize|p1|4\n|teamsize|p2|4\n|start\n|switch|p1a: Chien-Pao|Chien-Pao, L50|100/100\n|switch|p1b: Kyogre|Kyogre, L50|100/100\n|switch|p2a: Lunala|Lunala, L50, shiny|100/100\n|switch|p2b: Urshifu|Urshifu-Rapid-Strike, L50, F|100/100\n|-weather|RainDance|[from] ability: Drizzle|[of] p1b: Kyogre\n|-ability|p1a: Chien-Pao|Sword of Ruin\n|turn|1\n|\n|t:|1772559357\n|-terastallize|p2a: Lunala|Fairy\n|move|p1a: Chien-Pao|Protect|p1a: Chien-Pao\n|-singleturn|p1a: Chien-Pao|Protect\n|move|p2a: Lunala|Wide Guard|p2a: Lunala\n|-singleturn|p2a: Lunala|Wide Guard\n|move|p1b: Kyogre|Thunder|p2b: Urshifu\n|-supereffective|p2b: Urshifu\n|-damage|p2b: Urshifu|0 fnt\n|faint|p2b: Urshifu\n|\n|-weather|RainDance|[upkeep]\n|upkeep\n|inactive|meh is good has 30 seconds left.\n|\n|t:|1772559382\n|switch|p2b: Miraidon|Miraidon, L50|100/100\n|-fieldstart|move: Electric Terrain|[from] ability: Hadron Engine|[of] p2b: Miraidon\n|-enditem|p2a: Lunala|Electric Seed\n|-boost|p2a: Lunala|def|1|[from] item: Electric Seed\n|turn|2\n|\n|t:|1772559392\n|switch|p1b: Indeedee|Indeedee-F, L50, F|100/100\n|-fieldstart|move: Psychic Terrain|[from] ability: Psychic Surge|[of] p1b: Indeedee\n|move|p1a: Chien-Pao|Icicle Crash|p2b: Miraidon\n|-supereffective|p2b: Miraidon\n|-damage|p2b: Miraidon|5/100\n|move|p2b: Miraidon|Snarl|p1a: Chien-Pao|[spread] p1a,p1b\n|-resisted|p1a: Chien-Pao\n|-supereffective|p1b: Indeedee\n|-damage|p1a: Chien-Pao|90/100\n|-damage|p1b: Indeedee|70/100\n|-unboost|p1a: Chien-Pao|spa|1\n|-unboost|p1b: Indeedee|spa|1\n|move|p2a: Lunala|Moonblast|p1a: Chien-Pao\n|-supereffective|p1a: Chien-Pao\n|-damage|p1a: Chien-Pao|0 fnt\n|faint|p1a: Chien-Pao\n|\n|-weather|RainDance|[upkeep]\n|upkeep\n|\n|t:|1772559412\n|switch|p1a: Calyrex|Calyrex-Ice, L50|100/100\n|-ability|p1a: Calyrex|As One\n|-ability|p1a: Calyrex|Unnerve\n|turn|3\n|\n|t:|1772559422\n|move|p2a: Lunala|Wide Guard|p2a: Lunala\n|-singleturn|p2a: Lunala|Wide Guard\n|move|p2b: Miraidon|Volt Switch|p1b: Indeedee\n|-damage|p1b: Indeedee|34/100\n|\n|t:|1772559427\n|switch|p2b: Ursaluna|Ursaluna, L50, F|100/100|[from] Volt Switch\n|move|p1b: Indeedee|Psychic|p2b: Ursaluna\n|-damage|p2b: Ursaluna|77/100\n|move|p1a: Calyrex|Leech Seed|p2a: Lunala\n|-start|p2a: Lunala|move: Leech Seed\n|\n|-weather|RainDance|[upkeep]\n|-damage|p2a: Lunala|88/100|[from] Leech Seed|[of] p1a: Calyrex\n|-status|p2b: Ursaluna|brn|[from] item: Flame Orb\n|upkeep\n|turn|4\n|inactive|kojimuranishi has 30 seconds left.\n|\n|t:|1772559456\n|move|p2a: Lunala|Wide Guard|p2a: Lunala\n|-singleturn|p2a: Lunala|Wide Guard\n|move|p1b: Indeedee|Psychic|p2b: Ursaluna\n|-damage|p2b: Ursaluna|57/100 brn\n|move|p1a: Calyrex|Leech Seed|p2b: Ursaluna\n|-start|p2b: Ursaluna|move: Leech Seed\n|move|p2b: Ursaluna|Earthquake|p1a: Calyrex|[spread] p1a,p1b\n|-activate|p2a: Lunala|move: Wide Guard\n|-damage|p1a: Calyrex|59/100\n|-damage|p1b: Indeedee|0 fnt\n|faint|p1b: Indeedee\n|\n|-weather|RainDance|[upkeep]\n|-heal|p1a: Calyrex|65/100|[from] item: Leftovers\n|-damage|p2a: Lunala|75/100|[from] Leech Seed|[of] p1a: Calyrex\n|-heal|p1a: Calyrex|80/100|[silent]\n|-damage|p2b: Ursaluna|45/100 brn|[from] Leech Seed|[of] p1a: Calyrex\n|-heal|p1a: Calyrex|93/100|[silent]\n|-damage|p2b: Ursaluna|39/100 brn|[from] brn\n|upkeep\n|\n|t:|1772559475\n|switch|p1b: Kyogre|Kyogre, L50|100/100\n|turn|5\n|\n|t:|1772559495\n|move|p2b: Ursaluna|Protect|p2b: Ursaluna\n|-singleturn|p2b: Ursaluna|Protect\n|move|p1b: Kyogre|Hydro Pump|p2b: Ursaluna\n|-activate|p2b: Ursaluna|move: Protect\n|move|p2a: Lunala|Moongeist Beam|p1b: Kyogre\n|-damage|p1b: Kyogre|61/100\n|move|p1a: Calyrex|Glacial Lance|p2a: Lunala|[spread] p2a\n|-activate|p2b: Ursaluna|move: Protect\n|-damage|p2a: Lunala|51/100\n|\n|-weather|none\n|-heal|p1a: Calyrex|99/100|[from] item: Leftovers\n|-damage|p2a: Lunala|39/100|[from] Leech Seed|[of] p1a: Calyrex\n|-heal|p1a: Calyrex|100/100|[silent]\n|-damage|p2b: Ursaluna|27/100 brn|[from] Leech Seed|[of] p1a: Calyrex\n|-damage|p2b: Ursaluna|21/100 brn|[from] brn\n|upkeep\n|turn|6\n|inactive|kojimuranishi has 30 seconds left.\n|\n|t:|1772559522\n|move|p1a: Calyrex|Protect|p1a: Calyrex\n|-singleturn|p1a: Calyrex|Protect\n|move|p1b: Kyogre|Hydro Pump|p2b: Ursaluna\n|-supereffective|p2b: Ursaluna\n|-damage|p2b: Ursaluna|0 fnt\n|faint|p2b: Ursaluna\n|move|p2a: Lunala|Moongeist Beam|p1b: Kyogre\n|-damage|p1b: Kyogre|20/100\n|\n|-damage|p2a: Lunala|26/100|[from] Leech Seed|[of] p1a: Calyrex\n|-fieldend|move: Psychic Terrain\n|upkeep\n|\n|t:|1772559524\n|switch|p2b: Miraidon|Miraidon, L50|5/100\n|-fieldstart|move: Electric Terrain|[from] ability: Hadron Engine|[of] p2b: Miraidon\n|turn|7\n|\n|t:|1772559540\n|move|p1b: Kyogre|Hydro Pump|p2b: Miraidon\n|-resisted|p2b: Miraidon\n|-damage|p2b: Miraidon|0 fnt\n|faint|p2b: Miraidon\n|move|p2a: Lunala|Moongeist Beam|p1a: Calyrex\n|-supereffective|p1a: Calyrex\n|-damage|p1a: Calyrex|44/100\n|move|p1a: Calyrex|Glacial Lance|p2a: Lunala\n|-damage|p2a: Lunala|0 fnt\n|faint|p2a: Lunala\n|\n|win|kojimuranishi\n|raw|kojimuranishi's rating: 1490 &rarr; <strong>1515</strong><br />(+25 for winning)\n|raw|meh is good's rating: 1587 &rarr; <strong>1562</strong><br />(-25 for losing)\n|l|\u2606meh is good\n|player|p2|\n|l|\u2606kojimuranishi\n|player|p1|\n","uploadtime":1772559782,"views":18,"formatid":"gen9vgc2026regi","rating":1515,"private":0,"password":null}