{"id":"gen9vgc2026regi-2560929245","format":"[Gen 9] VGC 2026 Reg I","players":["so89","Jonen"],"log":"|j|\u2606so89\n|j|\u2606Jonen\n|t:|1773748619\n|gametype|doubles\n|player|p1|so89|pokemonbreeder-gen4|1314\n|player|p2|Jonen|hiker-gen4|1341\n|gen|9\n|tier|[Gen 9] VGC 2026 Reg I\n|rated|\n|rule|Species Clause: Limit one of each Pok\u00e9mon\n|rule|Item Clause: Limit 1 of each item\n|clearpoke\n|poke|p1|Miraidon, L50|\n|poke|p1|Okidogi, L50, M|\n|poke|p1|Chien-Pao, L50|\n|poke|p1|Kyogre, L50|\n|poke|p1|Incineroar, L50, F|\n|poke|p1|Whimsicott, L50, F|\n|poke|p2|Groudon, L50|\n|poke|p2|Lunala, L50|\n|poke|p2|Sableye, L50, M|\n|poke|p2|Chi-Yu, L50|\n|poke|p2|Rillaboom, L50, F|\n|poke|p2|Jumpluff, L50, M|\n|teampreview|4\n|\n|t:|1773748648\n|teamsize|p1|4\n|teamsize|p2|4\n|start\n|switch|p1a: Whimsicott|Whimsicott, L50, F|100/100\n|switch|p1b: Incineroar|Incineroar, L50, F|100/100\n|switch|p2a: Groudon|Groudon, L50|100/100\n|switch|p2b: Sableye|Sableye, L50, M|100/100\n|-weather|SunnyDay|[from] ability: Drought|[of] p2a: Groudon\n|-ability|p1b: Incineroar|Intimidate|boost\n|-unboost|p2a: Groudon|atk|1\n|-unboost|p2b: Sableye|atk|1\n|turn|1\n|\n|t:|1773748672\n|move|p1a: Whimsicott|Tailwind|p1a: Whimsicott\n|-sidestart|p1: so89|move: Tailwind\n|move|p2b: Sableye|Gravity|p2b: Sableye\n|-fieldstart|move: Gravity\n|move|p1b: Incineroar|Will-O-Wisp|p2a: Groudon\n|-status|p2a: Groudon|brn\n|move|p2a: Groudon|Precipice Blades|p1b: Incineroar|[spread] p1a,p1b\n|-resisted|p1a: Whimsicott\n|-supereffective|p1b: Incineroar\n|-damage|p1a: Whimsicott|89/100\n|-damage|p1b: Incineroar|63/100\n|-damage|p2a: Groudon|91/100 brn|[from] item: Life Orb\n|\n|-weather|SunnyDay|[upkeep]\n|-damage|p2a: Groudon|85/100 brn|[from] brn\n|upkeep\n|turn|2\n|\n|t:|1773748687\n|switch|p2b: Lunala|Lunala, L50|100/100\n|move|p1a: Whimsicott|Moonblast|p2b: Lunala\n|-crit|p2b: Lunala\n|-damage|p2b: Lunala|85/100\n|move|p1b: Incineroar|Parting Shot|p2a: Groudon\n|-unboost|p2a: Groudon|atk|1\n|-unboost|p2a: Groudon|spa|1\n|\n|t:|1773748696\n|switch|p1b: Kyogre|Kyogre, L50|100/100|[from] Parting Shot\n|-weather|RainDance|[from] ability: Drizzle|[of] p1b: Kyogre\n|move|p2a: Groudon|Heat Crash|p1a: Whimsicott\n|-supereffective|p1a: Whimsicott\n|-damage|p1a: Whimsicott|75/100\n|-damage|p2a: Groudon|75/100 brn|[from] item: Life Orb\n|\n|-weather|RainDance|[upkeep]\n|-damage|p2a: Groudon|70/100 brn|[from] brn\n|upkeep\n|turn|3\n|\n|t:|1773748718\n|switch|p2a: Rillaboom|Rillaboom, L50, F|100/100\n|-fieldstart|move: Grassy Terrain|[from] ability: Grassy Surge|[of] p2a: Rillaboom\n|move|p2b: Lunala|Protect|p2b: Lunala\n|-singleturn|p2b: Lunala|Protect\n|move|p1a: Whimsicott|Taunt|p2b: Lunala\n|-activate|p2b: Lunala|move: Protect\n|move|p1b: Kyogre|Water Spout|p2b: Lunala|[spread] p2a\n|-activate|p2b: Lunala|move: Protect\n|-resisted|p2a: Rillaboom\n|-damage|p2a: Rillaboom|66/100\n|\n|-weather|RainDance|[upkeep]\n|-heal|p1a: Whimsicott|81/100|[from] Grassy Terrain\n|-heal|p2b: Lunala|92/100|[from] Grassy Terrain\n|-heal|p2a: Rillaboom|72/100|[from] Grassy Terrain\n|upkeep\n|turn|4\n|\n|t:|1773748737\n|switch|p1b: Miraidon|Miraidon, L50|100/100\n|-fieldstart|move: Electric Terrain|[from] ability: Hadron Engine|[of] p1b: Miraidon\n|move|p2a: Rillaboom|Fake Out|p1b: Miraidon\n|-damage|p1b: Miraidon|87/100\n|move|p1a: Whimsicott|Light Screen|p1a: Whimsicott\n|-sidestart|p1: so89|move: Light Screen\n|move|p2b: Lunala|Hypnosis|p1a: Whimsicott\n|-activate|p1a: Whimsicott|move: Electric Terrain\n|\n|-weather|RainDance|[upkeep]\n|-sideend|p1: so89|move: Tailwind\n|upkeep\n|turn|5\n|\n|t:|1773748759\n|switch|p2b: Groudon|Groudon, L50|70/100 brn\n|-weather|SunnyDay|[from] ability: Drought|[of] p2b: Groudon\n|switch|p1a: Incineroar|Incineroar, L50, F|63/100\n|-ability|p1a: Incineroar|Intimidate|boost\n|-unboost|p2a: Rillaboom|atk|1\n|-unboost|p2b: Groudon|atk|1\n|move|p1b: Miraidon|Dazzling Gleam|p2a: Rillaboom|[spread] p2a,p2b\n|-damage|p2a: Rillaboom|46/100\n|-damage|p2b: Groudon|23/100 brn\n|move|p2a: Rillaboom|U-turn|p1a: Incineroar\n|-damage|p1a: Incineroar|54/100\n|-damage|p2a: Rillaboom|30/100|[from] item: Rocky Helmet|[of] p1a: Incineroar\n|\n|t:|1773748778\n|switch|p2a: Sableye|Sableye, L50, M|100/100|[from] U-turn\n|\n|-weather|SunnyDay|[upkeep]\n|-damage|p2b: Groudon|18/100 brn|[from] brn\n|-fieldend|move: Gravity\n|upkeep\n|turn|6\n|\n|t:|1773748786\n|switch|p1a: Whimsicott|Whimsicott, L50, F|81/100\n|move|p2a: Sableye|Disable|p1b: Miraidon\n|-start|p1b: Miraidon|Disable|Dazzling Gleam\n|cant|p1b: Miraidon|Disable|Dazzling Gleam\n|move|p2b: Groudon|High Horsepower|p1a: Whimsicott\n|-resisted|p1a: Whimsicott\n|-damage|p1a: Whimsicott|71/100\n|-damage|p2b: Groudon|8/100 brn|[from] item: Life Orb\n|\n|-weather|SunnyDay|[upkeep]\n|-damage|p2b: Groudon|2/100 brn|[from] brn\n|upkeep\n|turn|7\n|\n|t:|1773748798\n|switch|p1b: Incineroar|Incineroar, L50, F|54/100\n|-ability|p1b: Incineroar|Intimidate|boost\n|-unboost|p2a: Sableye|atk|1\n|-unboost|p2b: Groudon|atk|1\n|switch|p2b: Lunala|Lunala, L50|92/100\n|move|p2a: Sableye|Gravity|p2a: Sableye\n|-fieldstart|move: Gravity\n|move|p1a: Whimsicott|Moonblast|p2a: Sableye\n|-supereffective|p2a: Sableye\n|-damage|p2a: Sableye|8/100\n|\n|-weather|SunnyDay|[upkeep]\n|upkeep\n|turn|8\n|\n|t:|1773748830\n|switch|p1b: Miraidon|Miraidon, L50|87/100\n|-activate|p1b: Miraidon|ability: Hadron Engine\n|switch|p2a: Rillaboom|Rillaboom, L50, F|30/100\n|-fieldstart|move: Grassy Terrain|[from] ability: Grassy Surge|[of] p2a: Rillaboom\n|-terastallize|p2b: Lunala|Fairy\n|-terastallize|p1a: Whimsicott|Dark\n|move|p1a: Whimsicott|Taunt|p2b: Lunala\n|-start|p2b: Lunala|move: Taunt\n|cant|p2b: Lunala|move: Taunt|Hypnosis\n|\n|-weather|SunnyDay|[upkeep]\n|-heal|p1b: Miraidon|93/100|[from] Grassy Terrain\n|-heal|p2b: Lunala|98/100|[from] Grassy Terrain\n|-heal|p1a: Whimsicott|77/100|[from] Grassy Terrain\n|-heal|p2a: Rillaboom|36/100|[from] Grassy Terrain\n|-sideend|p1: so89|move: Light Screen\n|upkeep\n|turn|9\n|\n|t:|1773748858\n|move|p2a: Rillaboom|Fake Out|p1b: Miraidon\n|-damage|p1b: Miraidon|80/100\n|move|p1a: Whimsicott|Light Screen|p1a: Whimsicott\n|-sidestart|p1: so89|move: Light Screen\n|cant|p1b: Miraidon|flinch\n|move|p2b: Lunala|Meteor Beam||[still]\n|-prepare|p2b: Lunala|Meteor Beam\n|-boost|p2b: Lunala|spa|1\n|-enditem|p2b: Lunala|Power Herb\n|-anim|p2b: Lunala|Meteor Beam|p1b: Miraidon\n|-damage|p1b: Miraidon|40/100\n|\n|-weather|none\n|-heal|p1b: Miraidon|46/100|[from] Grassy Terrain\n|-heal|p2b: Lunala|100/100|[from] Grassy Terrain\n|-heal|p1a: Whimsicott|83/100|[from] Grassy Terrain\n|-heal|p2a: Rillaboom|42/100|[from] Grassy Terrain\n|upkeep\n|turn|10\n|\n|t:|1773748877\n|move|p1b: Miraidon|Volt Switch|p2a: Rillaboom\n|-resisted|p2a: Rillaboom\n|-damage|p2a: Rillaboom|26/100\n|\n|t:|1773748882\n|switch|p1b: Incineroar|Incineroar, L50, F|54/100|[from] Volt Switch\n|-ability|p1b: Incineroar|Intimidate|boost\n|-unboost|p2a: Rillaboom|atk|1\n|-unboost|p2b: Lunala|atk|1\n|move|p2b: Lunala|Moongeist Beam|p1b: Incineroar\n|-resisted|p1b: Incineroar\n|-damage|p1b: Incineroar|29/100\n|move|p1a: Whimsicott|Moonblast|p2a: Rillaboom\n|-damage|p2a: Rillaboom|9/100\n|move|p2a: Rillaboom|U-turn|p1a: Whimsicott\n|-supereffective|p1a: Whimsicott\n|-damage|p1a: Whimsicott|56/100\n|\n|t:|1773748898\n|switch|p2a: Groudon|Groudon, L50|2/100 brn|[from] U-turn\n|-weather|SunnyDay|[from] ability: Drought|[of] p2a: Groudon\n|\n|-weather|SunnyDay|[upkeep]\n|-heal|p2a: Groudon|8/100 brn|[from] Grassy Terrain\n|-heal|p1a: Whimsicott|62/100|[from] Grassy Terrain\n|-heal|p1b: Incineroar|35/100|[from] Grassy Terrain\n|-damage|p2a: Groudon|2/100 brn|[from] brn\n|-end|p2b: Lunala|move: Taunt\n|upkeep\n|turn|11\n|\n|t:|1773748917\n|move|p2b: Lunala|Hypnosis|p1b: Incineroar\n|-status|p1b: Incineroar|slp|[from] move: Hypnosis\n|move|p2a: Groudon|Precipice Blades|p1b: Incineroar|[spread] p1a,p1b\n|-supereffective|p1b: Incineroar\n|-damage|p1a: Whimsicott|26/100\n|-damage|p1b: Incineroar|0 fnt\n|faint|p1b: Incineroar\n|-damage|p2a: Groudon|0 fnt|[from] item: Life Orb\n|faint|p2a: Groudon\n|move|p1a: Whimsicott|Moonblast|p2b: Lunala\n|-damage|p2b: Lunala|90/100\n|\n|-weather|SunnyDay|[upkeep]\n|-heal|p2b: Lunala|96/100|[from] Grassy Terrain\n|-heal|p1a: Whimsicott|32/100|[from] Grassy Terrain\n|-fieldend|move: Gravity\n|upkeep\n|\n|t:|1773748938\n|switch|p2a: Rillaboom|Rillaboom, L50, F|9/100\n|switch|p1b: Kyogre|Kyogre, L50|100/100\n|-weather|RainDance|[from] ability: Drizzle|[of] p1b: Kyogre\n|turn|12\n|\n|t:|1773748954\n|move|p2a: Rillaboom|Grassy Glide|p1a: Whimsicott\n|-damage|p1a: Whimsicott|0 fnt\n|faint|p1a: Whimsicott\n|move|p2b: Lunala|Moongeist Beam|p1b: Kyogre\n|-damage|p1b: Kyogre|62/100\n|move|p1b: Kyogre|Origin Pulse|p2b: Lunala|[spread] p2a,p2b\n|-resisted|p2a: Rillaboom\n|-damage|p2a: Rillaboom|0 fnt\n|-damage|p2b: Lunala|28/100\n|faint|p2a: Rillaboom\n|\n|-weather|RainDance|[upkeep]\n|-heal|p2b: Lunala|34/100|[from] Grassy Terrain\n|-heal|p1b: Kyogre|67/100|[from] Grassy Terrain\n|-fieldend|move: Grassy Terrain\n|upkeep\n|\n|t:|1773748964\n|switch|p1a: Miraidon|Miraidon, L50|46/100\n|switch|p2a: Sableye|Sableye, L50, M|8/100\n|-fieldstart|move: Electric Terrain|[from] ability: Hadron Engine|[of] p1a: Miraidon\n|turn|13\n|\n|t:|1773748979\n|move|p2b: Lunala|Protect|p2b: Lunala\n|-singleturn|p2b: Lunala|Protect\n|move|p2a: Sableye|Disable|p1b: Kyogre\n|-start|p1b: Kyogre|Disable|Origin Pulse\n|move|p1a: Miraidon|Electro Drift|p2a: Sableye\n|-damage|p2a: Sableye|0 fnt\n|faint|p2a: Sableye\n|move|p1b: Kyogre|Water Spout|p2b: Lunala\n|-activate|p2b: Lunala|move: Protect\n|\n|-weather|RainDance|[upkeep]\n|-sideend|p1: so89|move: Light Screen\n|upkeep\n|turn|14\n|\n|t:|1773748991\n|move|p1a: Miraidon|Electro Drift|p2b: Lunala\n|-damage|p2b: Lunala|0 fnt\n|faint|p2b: Lunala\n|\n|win|so89\n|raw|so89's rating: 1314 &rarr; <strong>1336</strong><br />(+22 for winning)\n|raw|Jonen's rating: 1341 &rarr; <strong>1319</strong><br />(-22 for losing)\n","uploadtime":1773748992,"views":10,"formatid":"gen9vgc2026regi","rating":1319,"private":0,"password":null}