{"id":"gen9vgc2026regi-2559855273","format":"[Gen 9] VGC 2026 Reg I","players":["bullgod4ever","navinsachump"],"log":"|j|\u2606bullgod4ever\n|j|\u2606navinsachump\n|t:|1773616646\n|gametype|doubles\n|player|p1|bullgod4ever|170|1467\n|player|p2|navinsachump|266|1563\n|gen|9\n|tier|[Gen 9] VGC 2026 Reg I\n|rated|\n|rule|Species Clause: Limit one of each Pok\u00e9mon\n|rule|Item Clause: Limit 1 of each item\n|clearpoke\n|poke|p1|Calyrex-Shadow, L50|\n|poke|p1|Zamazenta-*, L50|\n|poke|p1|Chien-Pao, L50|\n|poke|p1|Dragonite, L50, F|\n|poke|p1|Amoonguss, L50, F|\n|poke|p1|Ogerpon-Cornerstone, L50, F|\n|poke|p2|Calyrex-Ice, L50|\n|poke|p2|Miraidon, L50|\n|poke|p2|Incineroar, L50, F|\n|poke|p2|Landorus, L50, M|\n|poke|p2|Whimsicott, L50, M|\n|poke|p2|Urshifu-*, L50, M|\n|teampreview|4\n|inactive|Battle timer is ON: inactive players will automatically lose when time's up. (requested by navinsachump)\n|\n|t:|1773616669\n|teamsize|p1|4\n|teamsize|p2|4\n|start\n|switch|p1a: Dragonite|Dragonite, L50, F|100/100\n|switch|p1b: Chien-Pao|Chien-Pao, L50|100/100\n|switch|p2a: Calyrex|Calyrex-Ice, L50|100/100\n|switch|p2b: Incineroar|Incineroar, L50, F|100/100\n|-ability|p2a: Calyrex|As One\n|-ability|p2a: Calyrex|Unnerve\n|-ability|p1b: Chien-Pao|Sword of Ruin\n|-ability|p2b: Incineroar|Intimidate|boost\n|-fail|p1a: Dragonite|unboost|Attack|[from] ability: Inner Focus|[of] p1a: Dragonite\n|-unboost|p1b: Chien-Pao|atk|1\n|turn|1\n|\n|t:|1773616691\n|switch|p1b: Zamazenta|Zamazenta-Crowned, L50|100/100\n|-ability|p1b: Zamazenta|Dauntless Shield|boost\n|-boost|p1b: Zamazenta|def|1\n|-terastallize|p1a: Dragonite|Normal\n|move|p2a: Calyrex|Protect|p2a: Calyrex\n|-singleturn|p2a: Calyrex|Protect\n|move|p1a: Dragonite|Extreme Speed|p2b: Incineroar\n|-damage|p2b: Incineroar|41/100\n|-damage|p1a: Dragonite|84/100|[from] item: Rocky Helmet|[of] p2b: Incineroar\n|move|p2b: Incineroar|Parting Shot|p1a: Dragonite\n|-unboost|p1a: Dragonite|atk|1\n|-unboost|p1a: Dragonite|spa|1\n|\n|t:|1773616709\n|switch|p2b: Landorus|Landorus, L50, M|100/100|[from] Parting Shot\n|\n|upkeep\n|turn|2\n|inactive|bullgod4ever has 30 seconds left.\n|\n|t:|1773616743\n|switch|p1a: Chien-Pao|Chien-Pao, L50|100/100\n|-ability|p1a: Chien-Pao|Sword of Ruin\n|move|p1b: Zamazenta|Protect|p1b: Zamazenta\n|-singleturn|p1b: Zamazenta|Protect\n|move|p2b: Landorus|Protect|p2b: Landorus\n|-singleturn|p2b: Landorus|Protect\n|move|p2a: Calyrex|Leech Seed|p1b: Zamazenta\n|-activate|p1b: Zamazenta|move: Protect\n|\n|upkeep\n|turn|3\n|inactive|bullgod4ever has 30 seconds left.\n|inactive|navinsachump has 30 seconds left.\n|\n|t:|1773616771\n|-terastallize|p2b: Landorus|Poison\n|move|p1a: Chien-Pao|Ruination|p2a: Calyrex\n|-damage|p2a: Calyrex|51/100\n|move|p1b: Zamazenta|Body Press|p2a: Calyrex\n|-damage|p2a: Calyrex|0 fnt\n|faint|p2a: Calyrex\n|move|p2b: Landorus|Earth Power|p1b: Zamazenta\n|-supereffective|p1b: Zamazenta\n|-damage|p1b: Zamazenta|0 fnt\n|faint|p1b: Zamazenta\n|\n|upkeep\n|\n|t:|1773616785\n|switch|p1b: Calyrex|Calyrex-Shadow, L50|100/100\n|switch|p2a: Incineroar|Incineroar, L50, F|41/100\n|-ability|p1b: Calyrex|As One\n|-ability|p1b: Calyrex|Unnerve\n|-ability|p2a: Incineroar|Intimidate|boost\n|-unboost|p1a: Chien-Pao|atk|1\n|-unboost|p1b: Calyrex|atk|1\n|turn|4\n|\n|t:|1773616796\n|switch|p1a: Dragonite|Dragonite, L50, F, tera:Normal|84/100\n|move|p1b: Calyrex|Protect|p1b: Calyrex\n|-singleturn|p1b: Calyrex|Protect\n|move|p2a: Incineroar|Fake Out|p1a: Dragonite\n|-damage|p1a: Dragonite|74/100\n|move|p2b: Landorus|Crunch|p1b: Calyrex\n|-activate|p1b: Calyrex|move: Protect\n|\n|upkeep\n|turn|5\n|inactive|navinsachump has 30 seconds left.\n|inactive|navinsachump has 20 seconds left.\n|inactive|navinsachump has 15 seconds left.\n|inactive|navinsachump has 10 seconds left.\n|\n|t:|1773616845\n|move|p2b: Landorus|Protect|p2b: Landorus\n|-singleturn|p2b: Landorus|Protect\n|move|p1a: Dragonite|Extreme Speed|p2a: Incineroar\n|-damage|p2a: Incineroar|0 fnt\n|-damage|p1a: Dragonite|58/100|[from] item: Rocky Helmet|[of] p2a: Incineroar\n|faint|p2a: Incineroar\n|move|p1b: Calyrex|Psychic|p2b: Landorus\n|-activate|p2b: Landorus|move: Protect\n|\n|upkeep\n|inactive|navinsachump has 30 seconds left.\n|inactive|navinsachump has 20 seconds left.\n|\n|t:|1773616882\n|switch|p2a: Miraidon|Miraidon, L50|100/100\n|-fieldstart|move: Electric Terrain|[from] ability: Hadron Engine|[of] p2a: Miraidon\n|turn|6\n|-message|navinsachump forfeited.\n|\n|win|bullgod4ever\n|raw|bullgod4ever's rating: 1467 &rarr; <strong>1492</strong><br />(+25 for winning)\n|raw|navinsachump's rating: 1563 &rarr; <strong>1538</strong><br />(-25 for losing)\n|l|\u2606navinsachump\n|player|p2|\n|l|\u2606bullgod4ever\n|player|p1|\n","uploadtime":1773617137,"views":14,"formatid":"gen9vgc2026regi","rating":1492,"private":0,"password":null}