{"id":"gen9vgc2026regi-2582129791","format":"[Gen 9] VGC 2026 Reg I","players":["TheManOfSausage","FearlyVGC"],"log":"|j|\u2606TheManOfSausage\n|j|\u2606FearlyVGC\n|t:|1776061810\n|gametype|doubles\n|player|p1|TheManOfSausage|miku-water|1600\n|player|p2|FearlyVGC|koga|1423\n|gen|9\n|tier|[Gen 9] VGC 2026 Reg I\n|rated|\n|rule|Species Clause: Limit one of each Pok\u00e9mon\n|rule|Item Clause: Limit 1 of each item\n|clearpoke\n|poke|p1|Calyrex-Ice, L50|\n|poke|p1|Miraidon, L50|\n|poke|p1|Farigiraf, L50, F|\n|poke|p1|Ogerpon-Cornerstone, L50, F|\n|poke|p1|Araquanid, L50, M|\n|poke|p1|Landorus, L50, M|\n|poke|p2|Koraidon, L50|\n|poke|p2|Calyrex-Shadow, L50|\n|poke|p2|Ogerpon-Cornerstone, L50, F|\n|poke|p2|Amoonguss, L50, F|\n|poke|p2|Whimsicott, L50, M|\n|poke|p2|Incineroar, L50, M|\n|teampreview|4\nTheManOfSausage has agreed to open team sheets.\nFearlyVGC has agreed to open team sheets.\n|showteam|p1|Calyrex-Ice||ClearAmulet|AsOneGlastrier|GlacialLance,HighHorsepower,TrickRoom,Protect||||||50|,,,,,Water]Miraidon||ChoiceScarf|HadronEngine|ElectroDrift,VoltSwitch,DracoMeteor,Snarl||||||50|,,,,,Electric]Farigiraf||ElectricSeed|ArmorTail|Psychic,FoulPlay,TrickRoom,HelpingHand|||F|||50|,,,,,Water]Ogerpon-Cornerstone||CornerstoneMask|Sturdy|IvyCudgel,KnockOff,FollowMe,SpikyShield|||F|||50|,,,,,Rock]Araquanid||MysticWater|WaterBubble|Liquidation,LeechLife,WideGuard,Protect|||M|||50|,,,,,Water]Landorus||LifeOrb|SheerForce|EarthPower,SludgeBomb,Substitute,Protect|||M|||50|,,,,,Steel\n|showteam|p2|Koraidon||LifeOrb|OrichalcumPulse|FlameCharge,FlareBlitz,CloseCombat,Protect||||||50|,,,,,Fire]Calyrex-Shadow||FocusSash|AsOneSpectrier|NastyPlot,AstralBarrage,ExpandingForce,Protect||||||50|,,,,,Dark]Ogerpon-Cornerstone||CornerstoneMask|Sturdy|FollowMe,SpikyShield,IvyCudgel,HornLeech|||F|||50|,,,,,Rock]Amoonguss||RockyHelmet|Regenerator|RagePowder,Spore,PollenPuff,Protect|||F|||50|,,,,,Dark]Whimsicott||CovertCloak|Prankster|Encore,Tailwind,Moonblast,SunnyDay|||M|||50|,,,,,Fire]Incineroar||AssaultVest|Intimidate|FakeOut,FlareBlitz,KnockOff,Uturn|||M|||50|,,,,,Bug\n|inactive|Battle timer is ON: inactive players will automatically lose when time's up. (requested by FearlyVGC)\n|\n|t:|1776061851\n|teamsize|p1|4\n|teamsize|p2|4\n|start\n|switch|p1a: Magical Mirai|Miraidon, L50|100/100\n|switch|p1b: Farigiraf|Farigiraf, L50, F|100/100\n|switch|p2a: Ogerpon|Ogerpon-Cornerstone, L50, F|100/100\n|switch|p2b: Whimsicott|Whimsicott, L50, M, shiny|100/100\n|-fieldstart|move: Electric Terrain|[from] ability: Hadron Engine|[of] p1a: Magical Mirai\n|-enditem|p1b: Farigiraf|Electric Seed\n|-boost|p1b: Farigiraf|def|1|[from] item: Electric Seed\n|turn|1\n|\n|t:|1776061872\n|move|p1a: Magical Mirai|Volt Switch|p2b: Whimsicott\n|-resisted|p2b: Whimsicott\n|-damage|p2b: Whimsicott|54/100\n|\n|t:|1776061875\n|switch|p1a: Landorus|Landorus, L50, M|100/100|[from] Volt Switch\n|move|p2b: Whimsicott|Moonblast|p1b: Farigiraf\n|-damage|p1b: Farigiraf|76/100\n|-unboost|p1b: Farigiraf|spa|1\n|move|p2a: Ogerpon|Ivy Cudgel|p1b: Farigiraf|[anim] Ivy Cudgel Rock\n|-crit|p1b: Farigiraf\n|-damage|p1b: Farigiraf|9/100\n|move|p1b: Farigiraf|Trick Room|p1b: Farigiraf\n|-fieldstart|move: Trick Room|[of] p1b: Farigiraf\n|\n|upkeep\n|turn|2\n|\n|t:|1776061898\n|move|p1b: Farigiraf|Psychic|p2a: Ogerpon\n|-damage|p2a: Ogerpon|75/100\n|move|p1a: Landorus|Sludge Bomb|p2b: Whimsicott\n|-supereffective|p2b: Whimsicott\n|-damage|p2b: Whimsicott|0 fnt\n|faint|p2b: Whimsicott\n|move|p2a: Ogerpon|Ivy Cudgel|p1a: Landorus|[anim] Ivy Cudgel Rock\n|-crit|p1a: Landorus\n|-damage|p1a: Landorus|8/100\n|\n|upkeep\n|\n|t:|1776061910\n|switch|p2b: Calyrex|Calyrex-Shadow, L50|100/100\n|-ability|p2b: Calyrex|As One\n|-ability|p2b: Calyrex|Unnerve\n|turn|3\n|\n|t:|1776061923\n|move|p2a: Ogerpon|Spiky Shield|p2a: Ogerpon\n|-singleturn|p2a: Ogerpon|move: Protect\n|move|p2b: Calyrex|Protect|p2b: Calyrex\n|-singleturn|p2b: Calyrex|Protect\n|move|p1b: Farigiraf|Foul Play|p2b: Calyrex\n|-activate|p2b: Calyrex|move: Protect\n|move|p1a: Landorus|Earth Power|p2b: Calyrex\n|-activate|p2b: Calyrex|move: Protect\n|\n|upkeep\n|turn|4\n|\n|t:|1776061938\n|move|p2a: Ogerpon|Follow Me|p2a: Ogerpon\n|-singleturn|p2a: Ogerpon|move: Follow Me\n|move|p1b: Farigiraf|Foul Play|p2a: Ogerpon\n|-damage|p2a: Ogerpon|39/100\n|move|p1a: Landorus|Earth Power|p2a: Ogerpon\n|-damage|p2a: Ogerpon|0 fnt\n|faint|p2a: Ogerpon\n|move|p2b: Calyrex|Astral Barrage|p1b: Farigiraf|[spread] p1a\n|-immune|p1b: Farigiraf\n|-damage|p1a: Landorus|0 fnt\n|faint|p1a: Landorus\n|-ability|p2b: Calyrex|Grim Neigh|boost\n|-boost|p2b: Calyrex|spa|1\n|\n|upkeep\n|\n|t:|1776061946\n|switch|p1a: Ogurin|Calyrex-Ice, L50|100/100\n|switch|p2a: Koraidon|Koraidon, L50, shiny|100/100\n|-ability|p1a: Ogurin|As One\n|-ability|p1a: Ogurin|Unnerve\n|-weather|SunnyDay|[from] ability: Orichalcum Pulse|[of] p2a: Koraidon\n|-activate|p2a: Koraidon|Orichalcum Pulse|[source]\n|turn|5\n|\n|t:|1776061960\n|-terastallize|p1a: Ogurin|Water\n|-terastallize|p2a: Koraidon|Fire\n|move|p1a: Ogurin|Glacial Lance|p2a: Koraidon|[spread] p2a,p2b\n|-resisted|p2a: Koraidon\n|-damage|p2a: Koraidon|74/100\n|-damage|p2b: Calyrex|21/100\n|move|p1b: Farigiraf|Psychic|p2a: Koraidon\n|-damage|p2a: Koraidon|51/100\n|move|p2a: Koraidon|Flame Charge|p1b: Farigiraf\n|-damage|p1b: Farigiraf|0 fnt\n|-boost|p2a: Koraidon|spe|1\n|faint|p1b: Farigiraf\n|-damage|p2a: Koraidon|42/100|[from] item: Life Orb\n|move|p2b: Calyrex|Astral Barrage|p1a: Ogurin\n|-damage|p1a: Ogurin|30/100\n|\n|-weather|SunnyDay|[upkeep]\n|-fieldend|move: Trick Room\n|-fieldend|move: Electric Terrain\n|upkeep\n|\n|t:|1776061965\n|switch|p1b: Magical Mirai|Miraidon, L50|100/100\n|-fieldstart|move: Electric Terrain|[from] ability: Hadron Engine|[of] p1b: Magical Mirai\n|turn|6\n|\n|t:|1776061972\n|move|p2a: Koraidon|Close Combat|p1b: Magical Mirai\n|-damage|p1b: Magical Mirai|0 fnt\n|-unboost|p2a: Koraidon|def|1\n|-unboost|p2a: Koraidon|spd|1\n|faint|p1b: Magical Mirai\n|-damage|p2a: Koraidon|32/100|[from] item: Life Orb\n|move|p2b: Calyrex|Astral Barrage|p1a: Ogurin\n|-damage|p1a: Ogurin|0 fnt\n|faint|p1a: Ogurin\n|\n|win|FearlyVGC\n|raw|TheManOfSausage's rating: 1600 &rarr; <strong>1571</strong><br />(-29 for losing)\n|raw|FearlyVGC's rating: 1423 &rarr; <strong>1452</strong><br />(+29 for winning)\n|c|\u2606TheManOfSausage|gg\n|l|\u2606TheManOfSausage\n|player|p1|\n|c|\u2606FearlyVGC|gg\n|l|\u2606FearlyVGC\n|player|p2|\n","uploadtime":1776062117,"views":11,"formatid":"gen9vgc2026regi","rating":1452,"private":0,"password":null}