{"id":"gen9vgc2026regi-2563082540","format":"[Gen 9] VGC 2026 Reg I","players":["pigs2fly","ExtremeManner"],"log":"|j|\u2606pigs2fly\n|j|\u2606ExtremeManner\n|t:|1773982535\n|gametype|doubles\n|player|p1|pigs2fly|dexio|1457\n|player|p2|ExtremeManner|candice|1417\n|gen|9\n|tier|[Gen 9] VGC 2026 Reg I\n|rated|\n|rule|Species Clause: Limit one of each Pok\u00e9mon\n|rule|Item Clause: Limit 1 of each item\n|clearpoke\n|poke|p1|Annihilape, L50, M|\n|poke|p1|Tornadus, L50, M|\n|poke|p1|Dondozo, L50, M|\n|poke|p1|Tatsugiri-Droopy, L50, M|\n|poke|p1|Zacian-*, L50|\n|poke|p1|Kyogre, L50|\n|poke|p2|Calyrex-Shadow, L50|\n|poke|p2|Zamazenta-*, L50|\n|poke|p2|Chien-Pao, L50|\n|poke|p2|Raging Bolt, L50|\n|poke|p2|Ogerpon-Cornerstone, L50, F|\n|poke|p2|Amoonguss, L50, F|\n|teampreview|4\n|inactive|Battle timer is ON: inactive players will automatically lose when time's up. (requested by ExtremeManner)\n|\n|t:|1773982572\n|teamsize|p1|4\n|teamsize|p2|4\n|start\n|switch|p1a: Kyogre|Kyogre, L50|100/100\n|switch|p1b: Zacian|Zacian-Crowned, L50, shiny|100/100\n|switch|p2a: Zamazenta|Zamazenta-Crowned, L50|100/100\n|switch|p2b: Sean|Chien-Pao, L50|100/100\n|-ability|p2b: Sean|Sword of Ruin\n|-ability|p1b: Zacian|Intrepid Sword|boost\n|-boost|p1b: Zacian|atk|1\n|-ability|p2a: Zamazenta|Dauntless Shield|boost\n|-boost|p2a: Zamazenta|def|1\n|-weather|RainDance|[from] ability: Drizzle|[of] p1a: Kyogre\n|turn|1\n|inactive|ExtremeManner has 30 seconds left.\n|inactive|ExtremeManner has 20 seconds left.\n|inactive|ExtremeManner has 15 seconds left.\n|inactive|ExtremeManner has 10 seconds left.\n|\n|t:|1773982618\n|move|p2a: Zamazenta|Protect|p2a: Zamazenta\n|-singleturn|p2a: Zamazenta|Protect\n|move|p2b: Sean|Ruination|p1b: Zacian\n|-damage|p1b: Zacian|50/100\n|move|p1b: Zacian|Behemoth Blade|p2b: Sean\n|-supereffective|p2b: Sean\n|-damage|p2b: Sean|0 fnt\n|faint|p2b: Sean\n|move|p1a: Kyogre|Origin Pulse|p2a: Zamazenta\n|-activate|p2a: Zamazenta|move: Protect\n|\n|-weather|RainDance|[upkeep]\n|upkeep\n|\n|t:|1773982629\n|switch|p2b: Calyrex|Calyrex-Shadow, L50|100/100\n|-ability|p2b: Calyrex|As One\n|-ability|p2b: Calyrex|Unnerve\n|turn|2\n|\n|t:|1773982636\n|-terastallize|p2b: Calyrex|Ghost\n|move|p2b: Calyrex|Astral Barrage|p1b: Zacian|[spread] p1a,p1b\n|-damage|p1a: Kyogre|66/100\n|-damage|p1b: Zacian|0 fnt\n|faint|p1b: Zacian\n|-ability|p2b: Calyrex|Grim Neigh|boost\n|-boost|p2b: Calyrex|spa|1\n|move|p2a: Zamazenta|Body Press|p1a: Kyogre\n|-damage|p1a: Kyogre|4/100\n|move|p1a: Kyogre|Hydro Pump|p2b: Calyrex\n|-enditem|p2b: Calyrex|Focus Sash\n|-damage|p2b: Calyrex|1/100\n|\n|-weather|RainDance|[upkeep]\n|upkeep\n|\n|t:|1773982641\n|switch|p1b: Dondozo|Dondozo, L50, M|100/100\n|turn|3\n|\n|t:|1773982662\n|switch|p1a: Tatsugiri|Tatsugiri-Droopy, L50, M|100/100\n|-activate|p1a: Tatsugiri|ability: Commander|[of] p1b: Dondozo\n|-boost|p1b: Dondozo|atk|2\n|-boost|p1b: Dondozo|spa|2\n|-boost|p1b: Dondozo|spe|2\n|-boost|p1b: Dondozo|def|2\n|-boost|p1b: Dondozo|spd|2\n|move|p2b: Calyrex|Astral Barrage|p1b: Dondozo|[spread] p1b\n|-miss|p2b: Calyrex|p1a: Tatsugiri\n|-damage|p1b: Dondozo|67/100\n|move|p2a: Zamazenta|Body Press|p1b: Dondozo\n|-damage|p1b: Dondozo|55/100\n|move|p1b: Dondozo|Order Up|p2b: Calyrex\n|-damage|p2b: Calyrex|0 fnt\n|faint|p2b: Calyrex\n|-boost|p1b: Dondozo|def|1\n|\n|-weather|RainDance|[upkeep]\n|-heal|p1b: Dondozo|61/100|[from] item: Leftovers\n|upkeep\n|\n|t:|1773982676\n|switch|p2b: Shahar|Raging Bolt, L50|100/100\n|-enditem|p2b: Shahar|Booster Energy\n|-activate|p2b: Shahar|ability: Protosynthesis|[fromitem]\n|-start|p2b: Shahar|protosynthesisspa\n|turn|4\n|\n|t:|1773982680\n|move|p2a: Zamazenta|Protect|p2a: Zamazenta\n|-singleturn|p2a: Zamazenta|Protect\n|move|p1b: Dondozo|Protect|p1b: Dondozo\n|-singleturn|p1b: Dondozo|Protect\n|move|p2b: Shahar|Protect||[still]\n|-fail|p2b: Shahar\n|\n|-weather|RainDance|[upkeep]\n|-heal|p1b: Dondozo|67/100|[from] item: Leftovers\n|upkeep\n|turn|5\n|\n|t:|1773982692\n|-terastallize|p1b: Dondozo|Grass\n|move|p2a: Zamazenta|Body Press|p1b: Dondozo\n|-damage|p1b: Dondozo|58/100\n|move|p1b: Dondozo|Order Up|p2b: Shahar\n|-supereffective|p2b: Shahar\n|-damage|p2b: Shahar|44/100\n|-boost|p1b: Dondozo|def|1\n|move|p2b: Shahar|Thunderbolt|p1b: Dondozo\n|-resisted|p1b: Dondozo\n|-damage|p1b: Dondozo|44/100\n|\n|-weather|none\n|-heal|p1b: Dondozo|50/100|[from] item: Leftovers\n|upkeep\n|turn|6\n|\n|t:|1773982697\n|move|p1b: Dondozo|Protect|p1b: Dondozo\n|-singleturn|p1b: Dondozo|Protect\n|move|p2a: Zamazenta|Body Press|p1b: Dondozo\n|-activate|p1b: Dondozo|move: Protect\n|move|p2b: Shahar|Dragon Pulse|p1b: Dondozo\n|-activate|p1b: Dondozo|move: Protect\n|\n|-heal|p1b: Dondozo|56/100|[from] item: Leftovers\n|upkeep\n|turn|7\n|\n|t:|1773982706\n|move|p2a: Zamazenta|Body Press|p1b: Dondozo\n|-damage|p1b: Dondozo|49/100\n|move|p1b: Dondozo|Order Up|p2b: Shahar\n|-supereffective|p2b: Shahar\n|-damage|p2b: Shahar|0 fnt\n|faint|p2b: Shahar\n|-end|p2b: Shahar|Protosynthesis|[silent]\n|-boost|p1b: Dondozo|def|1\n|\n|-heal|p1b: Dondozo|55/100|[from] item: Leftovers\n|upkeep\n|turn|8\n|-message|ExtremeManner forfeited.\n|\n|win|pigs2fly\n|raw|pigs2fly's rating: 1457 &rarr; <strong>1475</strong><br />(+18 for winning)\n|raw|ExtremeManner's rating: 1417 &rarr; <strong>1399</strong><br />(-18 for losing)\n|l|\u2606ExtremeManner\n|player|p2|\n|l|\u2606pigs2fly\n|player|p1|\n","uploadtime":1773982851,"views":14,"formatid":"gen9vgc2026regi","rating":1399,"private":0,"password":null}