{"id":"gen9vgc2026regi-2556532249","format":"[Gen 9] VGC 2026 Reg I","players":["marcxhenry","drive stone"],"log":"|j|\u2606marcxhenry\n|j|\u2606drive stone\n|t:|1773221946\n|gametype|doubles\n|player|p1|marcxhenry|hilbert-wonderlauncher|1410\n|player|p2|drive stone|cilan|1503\n|gen|9\n|tier|[Gen 9] VGC 2026 Reg I\n|rated|\n|rule|Species Clause: Limit one of each Pok\u00e9mon\n|rule|Item Clause: Limit 1 of each item\n|clearpoke\n|poke|p1|Calyrex-Shadow, L50|\n|poke|p1|Urshifu-*, L50, M|\n|poke|p1|Roaring Moon, L50|\n|poke|p1|Kyogre, L50|\n|poke|p1|Tsareena, L50, F|\n|poke|p1|Kingambit, L50, M|\n|poke|p2|Regieleki, L50|\n|poke|p2|Calyrex-Shadow, L50|\n|poke|p2|Koraidon, L50|\n|poke|p2|Incineroar, L50, F|\n|poke|p2|Rillaboom, L50, M|\n|poke|p2|Volcarona, L50, M|\n|teampreview|4\n|\n|t:|1773221983\n|teamsize|p1|4\n|teamsize|p2|4\n|start\n|switch|p1a: Roter Baron|Roaring Moon, L50, shiny|100/100\n|switch|p1b: Ludwig|Calyrex-Shadow, L50|100/100\n|switch|p2a: Volcarona|Volcarona, L50, M|100/100\n|switch|p2b: Regieleki|Regieleki, L50|100/100\n|-ability|p1b: Ludwig|As One\n|-ability|p1b: Ludwig|Unnerve\n|-enditem|p1a: Roter Baron|Booster Energy\n|-activate|p1a: Roter Baron|ability: Protosynthesis|[fromitem]\n|-start|p1a: Roter Baron|protosynthesisspe\n|turn|1\n|\n|t:|1773222002\n|move|p1b: Ludwig|Protect|p1b: Ludwig\n|-singleturn|p1b: Ludwig|Protect\n|move|p1a: Roter Baron|Tailwind|p1a: Roter Baron\n|-sidestart|p1: marcxhenry|move: Tailwind\n|move|p2b: Regieleki|Electroweb|p1a: Roter Baron|[spread] p1a\n|-activate|p1b: Ludwig|move: Protect\n|-resisted|p1a: Roter Baron\n|-damage|p1a: Roter Baron|89/100\n|-unboost|p1a: Roter Baron|spe|1\n|move|p2a: Volcarona|Quiver Dance|p2a: Volcarona\n|-boost|p2a: Volcarona|spa|1\n|-boost|p2a: Volcarona|spd|1\n|-boost|p2a: Volcarona|spe|1\n|\n|upkeep\n|turn|2\n|\n|t:|1773222024\n|-terastallize|p1a: Roter Baron|Flying\n|-terastallize|p2a: Volcarona|Water\n|move|p1b: Ludwig|Astral Barrage|p2b: Regieleki|[spread] p2a,p2b\n|-damage|p2a: Volcarona|68/100\n|-enditem|p2b: Regieleki|Focus Sash\n|-damage|p2b: Regieleki|1/100\n|move|p1a: Roter Baron|Acrobatics|p2a: Volcarona\n|-damage|p2a: Volcarona|11/100\n|move|p2b: Regieleki|Electroweb|p1b: Ludwig|[spread] p1a,p1b\n|-supereffective|p1a: Roter Baron\n|-damage|p1a: Roter Baron|38/100\n|-damage|p1b: Ludwig|71/100\n|-unboost|p1a: Roter Baron|spe|1\n|-unboost|p1b: Ludwig|spe|1\n|move|p2a: Volcarona|Quiver Dance|p2a: Volcarona\n|-boost|p2a: Volcarona|spa|1\n|-boost|p2a: Volcarona|spd|1\n|-boost|p2a: Volcarona|spe|1\n|\n|-heal|p2a: Volcarona|18/100|[from] item: Leftovers\n|upkeep\n|turn|3\n|\n|t:|1773222065\n|-end|p1a: Roter Baron|Protosynthesis|[silent]\n|switch|p1a: Hitmonshe|Tsareena, L50, F, shiny|100/100\n|move|p2a: Volcarona|Protect|p2a: Volcarona\n|-singleturn|p2a: Volcarona|Protect\n|move|p1b: Ludwig|Astral Barrage|p2b: Regieleki|[spread] p2b\n|-activate|p2a: Volcarona|move: Protect\n|-damage|p2b: Regieleki|0 fnt\n|faint|p2b: Regieleki\n|-ability|p1b: Ludwig|Grim Neigh|boost\n|-boost|p1b: Ludwig|spa|1\n|\n|-heal|p2a: Volcarona|24/100|[from] item: Leftovers\n|upkeep\n|\n|t:|1773222090\n|switch|p2b: Koraidon|Koraidon, L50|100/100\n|-weather|SunnyDay|[from] ability: Orichalcum Pulse|[of] p2b: Koraidon\n|-activate|p2b: Koraidon|Orichalcum Pulse|[source]\n|turn|4\n|\n|t:|1773222101\n|move|p2b: Koraidon|Protect|p2b: Koraidon\n|-singleturn|p2b: Koraidon|Protect\n|move|p1b: Ludwig|Astral Barrage|p2a: Volcarona|[spread] p2a\n|-activate|p2b: Koraidon|move: Protect\n|-damage|p2a: Volcarona|0 fnt\n|faint|p2a: Volcarona\n|-ability|p1b: Ludwig|Grim Neigh|boost\n|-boost|p1b: Ludwig|spa|1\n|move|p1a: Hitmonshe|Triple Axel|p2b: Koraidon\n|-activate|p2b: Koraidon|move: Protect\n|\n|-weather|SunnyDay|[upkeep]\n|-sideend|p1: marcxhenry|move: Tailwind\n|upkeep\n|\n|t:|1773222112\n|switch|p2a: Calyrex|Calyrex-Shadow, L50|100/100\n|-ability|p2a: Calyrex|As One\n|-ability|p2a: Calyrex|Unnerve\n|turn|5\n|\n|t:|1773222129\n|move|p1b: Ludwig|Protect|p1b: Ludwig\n|-singleturn|p1b: Ludwig|Protect\n|move|p2a: Calyrex|Astral Barrage|p1b: Ludwig|[spread] p1a\n|-activate|p1b: Ludwig|move: Protect\n|-damage|p1a: Hitmonshe|23/100\n|-damage|p2a: Calyrex|91/100|[from] item: Life Orb\n|move|p2b: Koraidon|Flame Charge|p1a: Hitmonshe\n|-supereffective|p1a: Hitmonshe\n|-damage|p1a: Hitmonshe|0 fnt\n|-boost|p2b: Koraidon|spe|1\n|faint|p1a: Hitmonshe\n|\n|-weather|SunnyDay|[upkeep]\n|upkeep\n|\n|t:|1773222142\n|switch|p1a: Roter Baron|Roaring Moon, L50, shiny, tera:Flying|38/100\n|-activate|p1a: Roter Baron|ability: Protosynthesis\n|-start|p1a: Roter Baron|protosynthesisspe\n|turn|6\n|\n|t:|1773222156\n|switch|p1b: Tripitz|Kyogre, L50, shiny|100/100\n|-weather|RainDance|[from] ability: Drizzle|[of] p1b: Tripitz\n|-end|p1a: Roter Baron|Protosynthesis\n|move|p2b: Koraidon|Collision Course|p1a: Roter Baron\n|-resisted|p1a: Roter Baron\n|-damage|p1a: Roter Baron|4/100\n|move|p2a: Calyrex|Astral Barrage|p1a: Roter Baron|[spread] p1a,p1b\n|-damage|p1a: Roter Baron|0 fnt\n|-damage|p1b: Tripitz|49/100\n|faint|p1a: Roter Baron\n|-end|p1a: Roter Baron|Protosynthesis|[silent]\n|-ability|p2a: Calyrex|Grim Neigh|boost\n|-boost|p2a: Calyrex|spa|1\n|-damage|p2a: Calyrex|81/100|[from] item: Life Orb\n|\n|-weather|RainDance|[upkeep]\n|upkeep\n|-message|marcxhenry forfeited.\n|\n|win|drive stone\n|raw|marcxhenry's rating: 1410 &rarr; <strong>1395</strong><br />(-15 for losing)\n|raw|drive stone's rating: 1503 &rarr; <strong>1518</strong><br />(+15 for winning)\n|l|\u2606marcxhenry\n|player|p1|\n|l|\u2606drive stone\n|player|p2|\n","uploadtime":1773222444,"views":16,"formatid":"gen9vgc2026regi","rating":1395,"private":0,"password":null}