{"id":"gen9vgc2026regi-2557285622","format":"[Gen 9] VGC 2026 Reg I","players":["Tepig_nNz_498","jj11j1"],"log":"|j|\u2606Tepig_nNz_498\n|j|\u2606jj11j1\n|t:|1773308273\n|gametype|doubles\n|player|p1|Tepig_nNz_498|2|1483\n|player|p2|jj11j1|265|1463\n|gen|9\n|tier|[Gen 9] VGC 2026 Reg I\n|rated|\n|rule|Species Clause: Limit one of each Pok\u00e9mon\n|rule|Item Clause: Limit 1 of each item\n|clearpoke\n|poke|p1|Miraidon, L50|\n|poke|p1|Iron Bundle, L50|\n|poke|p1|Iron Hands, L50|\n|poke|p1|Farigiraf, L50, F|\n|poke|p1|Dialga-Origin, L50|\n|poke|p1|Ursaluna, L50, M|\n|poke|p2|Kyogre, L50|\n|poke|p2|Calyrex-Ice, L50|\n|poke|p2|Landorus, L50, M|\n|poke|p2|Urshifu-*, L50, F|\n|poke|p2|Smeargle, L50, F|\n|poke|p2|Flutter Mane, L50|\n|teampreview|4\n|inactive|Battle timer is ON: inactive players will automatically lose when time's up. (requested by jj11j1)\n|\n|t:|1773308286\n|teamsize|p1|4\n|teamsize|p2|4\n|start\n|switch|p1a: Iron Bundle|Iron Bundle, L50|100/100\n|switch|p1b: Miraidon|Miraidon, L50|100/100\n|switch|p2a: Landorus|Landorus, L50, M|100/100\n|switch|p2b: Flutter Mane|Flutter Mane, L50|100/100\n|-fieldstart|move: Electric Terrain|[from] ability: Hadron Engine|[of] p1b: Miraidon\n|-activate|p1a: Iron Bundle|ability: Quark Drive\n|-start|p1a: Iron Bundle|quarkdrivespe\n|turn|1\n|inactive|jj11j1 has 30 seconds left.\n|\n|t:|1773308312\n|move|p2a: Landorus|Protect|p2a: Landorus\n|-singleturn|p2a: Landorus|Protect\n|move|p1a: Iron Bundle|Icy Wind|p2b: Flutter Mane|[spread] p2b\n|-activate|p2a: Landorus|move: Protect\n|-damage|p2b: Flutter Mane|78/100\n|-unboost|p2b: Flutter Mane|spe|1\n|move|p1b: Miraidon|Volt Switch|p2b: Flutter Mane\n|-damage|p2b: Flutter Mane|0 fnt\n|faint|p2b: Flutter Mane\n|-end|p2b: Flutter Mane|Protosynthesis|[silent]\n|-damage|p1b: Miraidon|91/100|[from] item: Life Orb\n|\n|t:|1773308321\n|switch|p1b: Dialga|Dialga-Origin, L50|100/100|[from] Volt Switch\n|\n|upkeep\n|\n|t:|1773308328\n|switch|p2b: Kyogre|Kyogre, L50|100/100\n|-weather|RainDance|[from] ability: Drizzle|[of] p2b: Kyogre\n|turn|2\n|\n|t:|1773308343\n|-terastallize|p2a: Landorus|Fairy\n|-terastallize|p1b: Dialga|Dragon\n|move|p2b: Kyogre|Protect|p2b: Kyogre\n|-singleturn|p2b: Kyogre|Protect\n|move|p1a: Iron Bundle|Freeze-Dry|p2b: Kyogre\n|-activate|p2b: Kyogre|move: Protect\n|move|p2a: Landorus|Sandsear Storm|p1b: Dialga|[spread] p1a,p1b\n|-enditem|p1a: Iron Bundle|Focus Sash\n|-damage|p1a: Iron Bundle|1/100\n|-damage|p1b: Dialga|53/100\n|move|p1b: Dialga|Dragon Pulse|p2a: Landorus\n|-immune|p2a: Landorus\n|\n|-weather|RainDance|[upkeep]\n|upkeep\n|turn|3\n|\n|t:|1773308363\n|switch|p2b: Calyrex|Calyrex-Ice, L50|100/100\n|-ability|p2b: Calyrex|As One\n|-ability|p2b: Calyrex|Unnerve\n|move|p1a: Iron Bundle|Encore||[still]\n|-fail|p1a: Iron Bundle\n|move|p2a: Landorus|Sandsear Storm|p1b: Dialga|[spread] p1a,p1b\n|-damage|p1a: Iron Bundle|0 fnt\n|-damage|p1b: Dialga|5/100\n|faint|p1a: Iron Bundle\n|-end|p1a: Iron Bundle|Quark Drive|[silent]\n|move|p1b: Dialga|Flash Cannon|p2a: Landorus\n|-supereffective|p2a: Landorus\n|-damage|p2a: Landorus|0 fnt\n|faint|p2a: Landorus\n|\n|-weather|RainDance|[upkeep]\n|upkeep\n|\n|t:|1773308381\n|switch|p1a: Miraidon|Miraidon, L50|91/100\n|switch|p2a: Kyogre|Kyogre, L50|100/100\n|-activate|p1a: Miraidon|ability: Hadron Engine\n|turn|4\n|\n|t:|1773308390\n|move|p2a: Kyogre|Protect|p2a: Kyogre\n|-singleturn|p2a: Kyogre|Protect\n|move|p1a: Miraidon|Discharge|p2a: Kyogre|[spread] p2b\n|-activate|p2a: Kyogre|move: Protect\n|-activate|p1b: Dialga|ability: Telepathy\n|-damage|p2b: Calyrex|53/100\n|-damage|p1a: Miraidon|81/100|[from] item: Life Orb\n|move|p1b: Dialga|Flash Cannon|p2b: Calyrex\n|-supereffective|p2b: Calyrex\n|-damage|p2b: Calyrex|0 fnt\n|faint|p2b: Calyrex\n|\n|-weather|RainDance|[upkeep]\n|upkeep\n|turn|5\n|\n|t:|1773308407\n|move|p1a: Miraidon|Discharge|p2a: Kyogre|[spread] p2a\n|-activate|p1b: Dialga|ability: Telepathy\n|-supereffective|p2a: Kyogre\n|-damage|p2a: Kyogre|9/100\n|-damage|p1a: Miraidon|72/100|[from] item: Life Orb\n|move|p1b: Dialga|Dragon Pulse|p2a: Kyogre\n|-damage|p2a: Kyogre|0 fnt\n|faint|p2a: Kyogre\n|\n|win|Tepig_nNz_498\n|raw|Tepig_nNz_498's rating: 1483 &rarr; <strong>1502</strong><br />(+19 for winning)\n|raw|jj11j1's rating: 1463 &rarr; <strong>1444</strong><br />(-19 for losing)\n|l|\u2606jj11j1\n|player|p2|\n|l|\u2606Tepig_nNz_498\n|player|p1|\n","uploadtime":1773308596,"views":26,"formatid":"gen9vgc2026regi","rating":1444,"private":0,"password":null}