{"id":"gen9vgc2026regi-2548907649","format":"[Gen 9] VGC 2026 Reg I","players":["dasabe\u76d6\u6b27\u5361\u4fa0","Crawsomeness"],"log":"|j|\u2606dasabe\u76d6\u6b27\u5361\u4fa0\n|j|\u2606Crawsomeness\n|t:|1772281071\n|gametype|doubles\n|player|p1|dasabe\u76d6\u6b27\u5361\u4fa0|may-masters4|1479\n|player|p2|Crawsomeness|hiker-gen4|1399\n|gen|9\n|tier|[Gen 9] VGC 2026 Reg I\n|rated|\n|rule|Species Clause: Limit one of each Pok\u00e9mon\n|rule|Item Clause: Limit 1 of each item\n|clearpoke\n|poke|p1|Kyogre, L50|\n|poke|p1|Miraidon, L50|\n|poke|p1|Whimsicott, L50, F|\n|poke|p1|Iron Hands, L50|\n|poke|p1|Farigiraf, L50, F|\n|poke|p1|Urshifu-*, L50, M|\n|poke|p2|Incineroar, L50, F|\n|poke|p2|Rillaboom, L50, F|\n|poke|p2|Landorus, L50, M|\n|poke|p2|Smeargle, L50, F|\n|poke|p2|Koraidon, L50|\n|poke|p2|Calyrex-Ice, L50|\n|teampreview|4\n|\n|t:|1772281091\n|teamsize|p1|4\n|teamsize|p2|4\n|start\n|switch|p1a: \u4e94\u5bfc\u718a\u6e7f|Urshifu, L50, M|100/100\n|switch|p1b: \u5c0f\u5934\u63a7\u5927\u5934|Farigiraf, L50, F, shiny|100/100\n|switch|p2a: Rillaboom|Rillaboom, L50, F|100/100\n|switch|p2b: Calyrex|Calyrex-Ice, L50|100/100\n|-ability|p2b: Calyrex|As One\n|-ability|p2b: Calyrex|Unnerve\n|-fieldstart|move: Grassy Terrain|[from] ability: Grassy Surge|[of] p2a: Rillaboom\n|turn|1\n|\n|t:|1772281103\n|-terastallize|p1a: \u4e94\u5bfc\u718a\u6e7f|Poison\n|-terastallize|p2b: Calyrex|Fairy\n|move|p1b: \u5c0f\u5934\u63a7\u5927\u5934|Helping Hand|p1a: \u4e94\u5bfc\u718a\u6e7f\n|-singleturn|p1a: \u4e94\u5bfc\u718a\u6e7f|Helping Hand|[of] p1b: \u5c0f\u5934\u63a7\u5927\u5934\n|move|p2a: Rillaboom|Wood Hammer|p1a: \u4e94\u5bfc\u718a\u6e7f\n|-resisted|p1a: \u4e94\u5bfc\u718a\u6e7f\n|-damage|p1a: \u4e94\u5bfc\u718a\u6e7f|66/100\n|-damage|p2a: Rillaboom|90/100|[from] Recoil\n|move|p1a: \u4e94\u5bfc\u718a\u6e7f|Poison Jab|p2b: Calyrex\n|-supereffective|p2b: Calyrex\n|-damage|p2b: Calyrex|0 fnt\n|faint|p2b: Calyrex\n|\n|-heal|p2a: Rillaboom|96/100|[from] Grassy Terrain\n|-heal|p1a: \u4e94\u5bfc\u718a\u6e7f|72/100|[from] Grassy Terrain\n|upkeep\n|c|\u2606Crawsomeness|nice read\n|\n|t:|1772281124\n|switch|p2b: Koraidon|Koraidon, L50|100/100\n|-weather|SunnyDay|[from] ability: Orichalcum Pulse|[of] p2b: Koraidon\n|-activate|p2b: Koraidon|Orichalcum Pulse|[source]\n|turn|2\n|\n|t:|1772281133\n|switch|p1a: \u6210\u90fd\u8001\u76d6|Kyogre, L50, shiny|100/100\n|-weather|RainDance|[from] ability: Drizzle|[of] p1a: \u6210\u90fd\u8001\u76d6\n|move|p2b: Koraidon|Flare Blitz|p1a: \u6210\u90fd\u8001\u76d6\n|-resisted|p1a: \u6210\u90fd\u8001\u76d6\n|-crit|p1a: \u6210\u90fd\u8001\u76d6\n|-damage|p1a: \u6210\u90fd\u8001\u76d6|82/100\n|-damage|p2b: Koraidon|95/100|[from] Recoil\n|move|p2a: Rillaboom|Wood Hammer|p1b: \u5c0f\u5934\u63a7\u5927\u5934\n|-crit|p1b: \u5c0f\u5934\u63a7\u5927\u5934\n|-damage|p1b: \u5c0f\u5934\u63a7\u5927\u5934|6/100\n|-damage|p2a: Rillaboom|61/100|[from] Recoil\n|move|p1b: \u5c0f\u5934\u63a7\u5927\u5934|Trick Room|p1b: \u5c0f\u5934\u63a7\u5927\u5934\n|-fieldstart|move: Trick Room|[of] p1b: \u5c0f\u5934\u63a7\u5927\u5934\n|\n|-weather|RainDance|[upkeep]\n|-heal|p1b: \u5c0f\u5934\u63a7\u5927\u5934|12/100|[from] Grassy Terrain\n|-heal|p1a: \u6210\u90fd\u8001\u76d6|87/100|[from] Grassy Terrain\n|-heal|p2a: Rillaboom|67/100|[from] Grassy Terrain\n|-heal|p2b: Koraidon|100/100|[from] Grassy Terrain\n|upkeep\n|turn|3\n|\n|t:|1772281140\n|switch|p2b: Landorus|Landorus, L50, M|100/100\n|move|p1b: \u5c0f\u5934\u63a7\u5927\u5934|Psychic|p2b: Landorus\n|-damage|p2b: Landorus|63/100\n|move|p1a: \u6210\u90fd\u8001\u76d6|Ice Beam|p2a: Rillaboom\n|-supereffective|p2a: Rillaboom\n|-damage|p2a: Rillaboom|0 fnt\n|faint|p2a: Rillaboom\n|\n|-weather|RainDance|[upkeep]\n|-heal|p1b: \u5c0f\u5934\u63a7\u5927\u5934|18/100|[from] Grassy Terrain\n|-heal|p1a: \u6210\u90fd\u8001\u76d6|93/100|[from] Grassy Terrain\n|upkeep\n|\n|t:|1772281145\n|switch|p2a: Koraidon|Koraidon, L50|100/100\n|-weather|SunnyDay|[from] ability: Orichalcum Pulse|[of] p2a: Koraidon\n|-activate|p2a: Koraidon|Orichalcum Pulse|[source]\n|turn|4\n|\n|t:|1772281152\n|move|p1b: \u5c0f\u5934\u63a7\u5927\u5934|Psychic|p2a: Koraidon\n|-supereffective|p2a: Koraidon\n|-damage|p2a: Koraidon|36/100\n|move|p2b: Landorus|Sandsear Storm|p1b: \u5c0f\u5934\u63a7\u5927\u5934|[spread] p1a\n|-miss|p2b: Landorus|p1b: \u5c0f\u5934\u63a7\u5927\u5934\n|-damage|p1a: \u6210\u90fd\u8001\u76d6|41/100\n|move|p1a: \u6210\u90fd\u8001\u76d6|Ice Beam|p2b: Landorus\n|-supereffective|p2b: Landorus\n|-damage|p2b: Landorus|0 fnt\n|faint|p2b: Landorus\n|move|p2a: Koraidon|Low Kick|p1a: \u6210\u90fd\u8001\u76d6\n|-damage|p1a: \u6210\u90fd\u8001\u76d6|0 fnt\n|faint|p1a: \u6210\u90fd\u8001\u76d6\n|\n|-weather|SunnyDay|[upkeep]\n|-heal|p1b: \u5c0f\u5934\u63a7\u5927\u5934|24/100|[from] Grassy Terrain\n|-heal|p2a: Koraidon|42/100|[from] Grassy Terrain\n|upkeep\n|\n|t:|1772281155\n|switch|p1a: \u4e94\u5bfc\u718a\u6e7f|Urshifu, L50, M, tera:Poison|72/100\n|turn|5\n|\n|t:|1772281159\n|move|p1b: \u5c0f\u5934\u63a7\u5927\u5934|Psychic|p2a: Koraidon\n|-supereffective|p2a: Koraidon\n|-damage|p2a: Koraidon|0 fnt\n|faint|p2a: Koraidon\n|\n|win|dasabe\u76d6\u6b27\u5361\u4fa0\n|raw|dasabe\u76d6\u6b27\u5361\u4fa0's rating: 1479 &rarr; <strong>1494</strong><br />(+15 for winning)\n|raw|Crawsomeness's rating: 1399 &rarr; <strong>1384</strong><br />(-15 for losing)\n|l|\u2606Crawsomeness\n|player|p2|\n|j| q!U_Q.e#E^e%@!\n|j| alex20101010\u65e0\u538b\u529b\u4e4b\u4eba\n|j| ranye\n|j| Esiolamond\n|l| ranye\n|j| caco11451\n|l| caco11451\n|j| h1119\n|j| caco11451\n|j| Chesed\u8d77\u53f81145145\n|l| caco11451\n|l| h1119\n|l| Chesed\u8d77\u53f81145145\n","uploadtime":1772281164,"views":12,"formatid":"gen9vgc2026regi","rating":1384,"private":0,"password":null}