{"id":"gen9vgc2026regi-2568404446","format":"[Gen 9] VGC 2026 Reg I","players":["tommytinkle","Cellpab1"],"log":"|j|\u2606tommytinkle\n|j|\u2606Cellpab1\n|t:|1774574779\n|gametype|doubles\n|player|p1|tommytinkle|170|1362\n|player|p2|Cellpab1|170|1478\n|gen|9\n|tier|[Gen 9] VGC 2026 Reg I\n|rated|\n|rule|Species Clause: Limit one of each Pok\u00e9mon\n|rule|Item Clause: Limit 1 of each item\n|clearpoke\n|poke|p1|Chien-Pao, L50|\n|poke|p1|Zacian-*, L50|\n|poke|p1|Urshifu-*, L50, M|\n|poke|p1|Lugia, L50|\n|poke|p1|Raichu, L50, F|\n|poke|p1|Incineroar, L50, F|\n|poke|p2|Calyrex-Ice, L50|\n|poke|p2|Miraidon, L50|\n|poke|p2|Landorus, L50, M|\n|poke|p2|Farigiraf, L50, M|\n|poke|p2|Incineroar, L50, M|\n|poke|p2|Amoonguss, L50, F|\n|teampreview|4\n|inactive|Battle timer is ON: inactive players will automatically lose when time's up. (requested by Cellpab1)\n|inactive|Cellpab1 has 60 seconds left.\n|\n|t:|1774574819\n|teamsize|p1|4\n|teamsize|p2|4\n|start\n|switch|p1a: Urshifu|Urshifu-Rapid-Strike, L50, M|100/100\n|switch|p1b: Lugia|Lugia, L50|100/100\n|switch|p2a: Calyrex|Calyrex-Ice, L50|100/100\n|switch|p2b: Landorus|Landorus, L50, M|100/100\n|-ability|p2a: Calyrex|As One\n|-ability|p2a: Calyrex|Unnerve\n|turn|1\n|\n|t:|1774574840\n|-terastallize|p1b: Lugia|Water\n|move|p1a: Urshifu|Surging Strikes|p2b: Landorus\n|-supereffective|p2b: Landorus\n|-crit|p2b: Landorus\n|-damage|p2b: Landorus|50/100\n|-supereffective|p2b: Landorus\n|-crit|p2b: Landorus\n|-damage|p2b: Landorus|0 fnt\n|faint|p2b: Landorus\n|-hitcount|p2: Landorus|2\n|move|p1b: Lugia|Calm Mind|p1b: Lugia\n|-boost|p1b: Lugia|spa|1\n|-boost|p1b: Lugia|spd|1\n|move|p2a: Calyrex|Trick Room|p2a: Calyrex\n|-fieldstart|move: Trick Room|[of] p2a: Calyrex\n|\n|upkeep\n|\n|t:|1774574852\n|switch|p2b: Amoonguss|Amoonguss, L50, F|100/100\n|turn|2\n|\n|t:|1774574869\n|-terastallize|p2b: Amoonguss|Water\n|move|p2b: Amoonguss|Spore|p1a: Urshifu\n|-status|p1a: Urshifu|slp|[from] move: Spore\n|move|p2a: Calyrex|Leech Seed|p1b: Lugia\n|-start|p1b: Lugia|move: Leech Seed\n|move|p1b: Lugia|Aeroblast|p2b: Amoonguss\n|-damage|p2b: Amoonguss|59/100\n|cant|p1a: Urshifu|slp\n|\n|-damage|p1b: Lugia|88/100|[from] Leech Seed|[of] p2a: Calyrex\n|upkeep\n|turn|3\n|\n|t:|1774574884\n|move|p1b: Lugia|Protect|p1b: Lugia\n|-singleturn|p1b: Lugia|Protect\n|move|p2b: Amoonguss|Sludge Bomb|p1a: Urshifu\n|-damage|p1a: Urshifu|61/100 slp\n|move|p2a: Calyrex|Glacial Lance|p1b: Lugia|[spread] p1a\n|-activate|p1b: Lugia|move: Protect\n|-resisted|p1a: Urshifu\n|-damage|p1a: Urshifu|32/100 slp\n|cant|p1a: Urshifu|slp\n|\n|-heal|p1b: Lugia|94/100|[from] item: Leftovers\n|-damage|p1b: Lugia|82/100|[from] Leech Seed|[of] p2a: Calyrex\n|upkeep\n|turn|4\n|inactive|Cellpab1 has 30 seconds left.\n|inactive|Cellpab1 has 20 seconds left.\n|\n|t:|1774574923\n|move|p2b: Amoonguss|Sludge Bomb|p1a: Urshifu\n|-damage|p1a: Urshifu|0 fnt\n|faint|p1a: Urshifu\n|move|p2a: Calyrex|Glacial Lance|p1b: Lugia\n|-resisted|p1b: Lugia\n|-damage|p1b: Lugia|64/100\n|move|p1b: Lugia|Aeroblast|p2b: Amoonguss\n|-damage|p2b: Amoonguss|20/100\n|\n|-heal|p1b: Lugia|70/100|[from] item: Leftovers\n|-damage|p1b: Lugia|58/100|[from] Leech Seed|[of] p2a: Calyrex\n|upkeep\n|\n|t:|1774574936\n|switch|p1a: Zacian|Zacian-Crowned, L50|100/100\n|-ability|p1a: Zacian|Intrepid Sword|boost\n|-boost|p1a: Zacian|atk|1\n|turn|5\n|\n|t:|1774574952\n|switch|p2b: Incineroar|Incineroar, L50, M|100/100\n|-ability|p2b: Incineroar|Intimidate|boost\n|-unboost|p1a: Zacian|atk|1\n|-unboost|p1b: Lugia|atk|1\n|move|p1a: Zacian|Protect|p1a: Zacian\n|-singleturn|p1a: Zacian|Protect\n|move|p2a: Calyrex|Glacial Lance|p1b: Lugia|[spread] p1b\n|-activate|p1a: Zacian|move: Protect\n|-resisted|p1b: Lugia\n|-damage|p1b: Lugia|45/100\n|move|p1b: Lugia|Aeroblast|p2b: Incineroar\n|-damage|p2b: Incineroar|70/100\n|\n|-heal|p1b: Lugia|51/100|[from] item: Leftovers\n|-damage|p1b: Lugia|39/100|[from] Leech Seed|[of] p2a: Calyrex\n|-fieldend|move: Trick Room\n|upkeep\n|turn|6\n|inactive|Cellpab1 has 30 seconds left.\n|\n|t:|1774574978\n|move|p2b: Incineroar|Fake Out|p1a: Zacian\n|-resisted|p1a: Zacian\n|-damage|p1a: Zacian|97/100\n|cant|p1a: Zacian|flinch\n|move|p1b: Lugia|Recover|p1b: Lugia\n|-heal|p1b: Lugia|89/100\n|move|p2a: Calyrex|Trick Room|p2a: Calyrex\n|-fieldstart|move: Trick Room|[of] p2a: Calyrex\n|\n|-heal|p1b: Lugia|95/100|[from] item: Leftovers\n|-damage|p1b: Lugia|83/100|[from] Leech Seed|[of] p2a: Calyrex\n|upkeep\n|turn|7\n|\n|t:|1774575002\n|switch|p2a: Amoonguss|Amoonguss, L50, F, tera:Water|54/100\n|move|p2b: Incineroar|U-turn|p1a: Zacian\n|-resisted|p1a: Zacian\n|-damage|p1a: Zacian|93/100\n|\n|t:|1774575007\n|switch|p2b: Calyrex|Calyrex-Ice, L50|100/100|[from] U-turn\n|-ability|p2b: Calyrex|As One\n|-ability|p2b: Calyrex|Unnerve\n|move|p1b: Lugia|Aeroblast|p2a: Amoonguss\n|-damage|p2a: Amoonguss|11/100\n|move|p1a: Zacian|Behemoth Blade|p2a: Amoonguss\n|-resisted|p2a: Amoonguss\n|-damage|p2a: Amoonguss|0 fnt\n|-damage|p1a: Zacian|77/100|[from] item: Rocky Helmet|[of] p2a: Amoonguss\n|faint|p2a: Amoonguss\n|\n|-heal|p1b: Lugia|89/100|[from] item: Leftovers\n|upkeep\n|\n|t:|1774575019\n|switch|p2a: Incineroar|Incineroar, L50, M|70/100\n|-ability|p2a: Incineroar|Intimidate|boost\n|-unboost|p1a: Zacian|atk|1\n|-unboost|p1b: Lugia|atk|1\n|turn|8\n|\n|t:|1774575034\n|move|p1b: Lugia|Protect|p1b: Lugia\n|-singleturn|p1b: Lugia|Protect\n|move|p1a: Zacian|Protect|p1a: Zacian\n|-singleturn|p1a: Zacian|Protect\n|move|p2b: Calyrex|Glacial Lance|p1a: Zacian|[spread] \n|-activate|p1a: Zacian|move: Protect\n|-activate|p1b: Lugia|move: Protect\n|move|p2a: Incineroar|Flare Blitz|p1a: Zacian\n|-activate|p1a: Zacian|move: Protect\n|\n|-heal|p1b: Lugia|95/100|[from] item: Leftovers\n|-damage|p1b: Lugia|83/100|[from] Leech Seed|[of] p2a: Incineroar\n|-heal|p2a: Incineroar|83/100|[silent]\n|upkeep\n|turn|9\n|inactive|Cellpab1 has 30 seconds left.\n|\n|t:|1774575060\n|switch|p1a: Raichu|Raichu, L50, F|100/100\n|move|p2b: Calyrex|Glacial Lance|p1b: Lugia|[spread] p1a,p1b\n|-resisted|p1b: Lugia\n|-damage|p1a: Raichu|29/100\n|-damage|p1b: Lugia|70/100\n|move|p2a: Incineroar|Flare Blitz|p1a: Raichu\n|-damage|p1a: Raichu|0 fnt\n|faint|p1a: Raichu\n|-damage|p2a: Incineroar|75/100|[from] Recoil\n|move|p1b: Lugia|Aeroblast|p2a: Incineroar\n|-damage|p2a: Incineroar|43/100\n|\n|-heal|p1b: Lugia|76/100|[from] item: Leftovers\n|-damage|p1b: Lugia|64/100|[from] Leech Seed|[of] p2a: Incineroar\n|-heal|p2a: Incineroar|56/100|[silent]\n|upkeep\n|\n|t:|1774575070\n|switch|p1a: Zacian|Zacian-Crowned, L50|77/100\n|turn|10\n|inactive|Cellpab1 has 30 seconds left.\n|inactive|Cellpab1 has 20 seconds left.\n|inactive|Cellpab1 has 15 seconds left.\n|inactive|Cellpab1 has 10 seconds left.\n|inactive|Cellpab1 has 5 seconds left.\n|\n|t:|1774575123\n|move|p1a: Zacian|Protect|p1a: Zacian\n|-singleturn|p1a: Zacian|Protect\n|move|p2b: Calyrex|Leech Seed|p1a: Zacian\n|-activate|p1a: Zacian|move: Protect\n|move|p2a: Incineroar|Flare Blitz|p1a: Zacian\n|-activate|p1a: Zacian|move: Protect\n|move|p1b: Lugia|Recover|p1b: Lugia\n|-heal|p1b: Lugia|100/100\n|\n|-damage|p1b: Lugia|88/100|[from] Leech Seed|[of] p2a: Incineroar\n|-heal|p2a: Incineroar|69/100|[silent]\n|-fieldend|move: Trick Room\n|upkeep\n|turn|11\n|\n|t:|1774575144\n|move|p1a: Zacian|Sacred Sword|p2a: Incineroar\n|-supereffective|p2a: Incineroar\n|-damage|p2a: Incineroar|17/100\n|move|p1b: Lugia|Aeroblast|p2a: Incineroar\n|-damage|p2a: Incineroar|0 fnt\n|faint|p2a: Incineroar\n|move|p2b: Calyrex|Leech Seed|p1a: Zacian\n|-start|p1a: Zacian|move: Leech Seed\n|\n|-heal|p1b: Lugia|94/100|[from] item: Leftovers\n|-damage|p1a: Zacian|65/100|[from] Leech Seed|[of] p2b: Calyrex\n|upkeep\n|turn|12\n|inactive|Cellpab1 has 30 seconds left.\n|inactive|Cellpab1 has 20 seconds left.\n|\n|t:|1774575182\n|move|p1a: Zacian|Protect|p1a: Zacian\n|-singleturn|p1a: Zacian|Protect\n|move|p1b: Lugia|Calm Mind|p1b: Lugia\n|-boost|p1b: Lugia|spa|1\n|-boost|p1b: Lugia|spd|1\n|move|p2b: Calyrex|Glacial Lance|p1a: Zacian|[spread] p1b\n|-activate|p1a: Zacian|move: Protect\n|-resisted|p1b: Lugia\n|-damage|p1b: Lugia|82/100\n|\n|-heal|p1b: Lugia|88/100|[from] item: Leftovers\n|-damage|p1a: Zacian|52/100|[from] Leech Seed|[of] p2b: Calyrex\n|upkeep\n|turn|13\n|inactive|Cellpab1 has 30 seconds left.\n|inactive|Cellpab1 has 20 seconds left.\n|inactive|Cellpab1 has 15 seconds left.\n|\n|t:|1774575225\n|move|p1a: Zacian|Behemoth Blade|p2b: Calyrex\n|-supereffective|p2b: Calyrex\n|-damage|p2b: Calyrex|21/100\n|move|p1b: Lugia|Aeroblast|p2b: Calyrex\n|-damage|p2b: Calyrex|0 fnt\n|faint|p2b: Calyrex\n|\n|win|tommytinkle\n|raw|tommytinkle's rating: 1362 &rarr; <strong>1388</strong><br />(+26 for winning)\n|raw|Cellpab1's rating: 1478 &rarr; <strong>1452</strong><br />(-26 for losing)\n|l|\u2606tommytinkle\n|player|p1|\n|l|\u2606Cellpab1\n|player|p2|\n","uploadtime":1774575484,"views":14,"formatid":"gen9vgc2026regi","rating":1388,"private":0,"password":null}