{"id":"gen9vgc2026regi-2535943452","format":"[Gen 9] VGC 2026 Reg I","players":["Alitiantian","fogdocker"],"log":"|j|\u2606Alitiantian\n|j|\u2606fogdocker\n|t:|1770636267\n|gametype|doubles\n|player|p1|Alitiantian|2|1329\n|player|p2|fogdocker|266|1378\n|gen|9\n|tier|[Gen 9] VGC 2026 Reg I\n|rated|\n|rule|Species Clause: Limit one of each Pok\u00e9mon\n|rule|Item Clause: Limit 1 of each item\n|clearpoke\n|poke|p1|Miraidon, L50|\n|poke|p1|Eternatus, L50|\n|poke|p1|Wo-Chien, L50|\n|poke|p1|Grimmsnarl, L50, M|\n|poke|p1|Mamoswine, L50, F|\n|poke|p1|Urshifu-*, L50, F|\n|poke|p2|Calyrex-Ice, L50|\n|poke|p2|Koraidon, L50|\n|poke|p2|Flutter Mane, L50|\n|poke|p2|Incineroar, L50, M|\n|poke|p2|Rillaboom, L50, F|\n|poke|p2|Volcarona, L50, F|\n|teampreview|4\n|inactive|Battle timer is ON: inactive players will automatically lose when time's up. (requested by fogdocker)\n|\n|t:|1770636311\n|teamsize|p1|4\n|teamsize|p2|4\n|start\n|switch|p1a: Grimmsnarl|Grimmsnarl, L50, M|100/100\n|switch|p1b: Eternatus|Eternatus, L50|100/100\n|switch|p2a: Rillaboom|Rillaboom, L50, F|100/100\n|switch|p2b: Calyrex|Calyrex-Ice, L50|100/100\n|-ability|p2b: Calyrex|As One\n|-ability|p2b: Calyrex|Unnerve\n|-ability|p1b: Eternatus|Pressure\n|-fieldstart|move: Grassy Terrain|[from] ability: Grassy Surge|[of] p2a: Rillaboom\n|turn|1\n|inactive|Alitiantian has 30 seconds left.\n|inactive|Alitiantian has 20 seconds left.\n|inactive|Alitiantian has 15 seconds left.\n|\n|t:|1770636352\n|-terastallize|p1b: Eternatus|Fire\n|move|p2a: Rillaboom|Fake Out|p1b: Eternatus\n|-damage|p1b: Eternatus|89/100\n|move|p1a: Grimmsnarl|Reflect|p1a: Grimmsnarl\n|-sidestart|p1: Alitiantian|Reflect\n|cant|p1b: Eternatus|flinch\n|move|p2b: Calyrex|Glacial Lance|p1b: Eternatus|[spread] p1a,p1b\n|-resisted|p1b: Eternatus\n|-damage|p1a: Grimmsnarl|70/100\n|-damage|p1b: Eternatus|74/100\n|\n|-heal|p1b: Eternatus|80/100|[from] Grassy Terrain\n|-heal|p1a: Grimmsnarl|76/100|[from] Grassy Terrain\n|upkeep\n|turn|2\n|inactive|fogdocker has 30 seconds left.\n|\n|t:|1770636386\n|switch|p2a: Flutter Mane|Flutter Mane, L50|100/100\n|move|p1b: Eternatus|Sludge Bomb|p2a: Flutter Mane\n|-damage|p2a: Flutter Mane|19/100\n|-status|p2a: Flutter Mane|psn\n|move|p1a: Grimmsnarl|Foul Play|p2b: Calyrex\n|-supereffective|p2b: Calyrex\n|-damage|p2b: Calyrex|45/100\n|move|p2b: Calyrex|Leech Seed|p1b: Eternatus\n|-start|p1b: Eternatus|move: Leech Seed\n|\n|-heal|p2a: Flutter Mane|25/100 psn|[from] Grassy Terrain\n|-heal|p1b: Eternatus|86/100|[from] Grassy Terrain\n|-heal|p1a: Grimmsnarl|82/100|[from] Grassy Terrain\n|-heal|p2b: Calyrex|51/100|[from] Grassy Terrain\n|-heal|p2b: Calyrex|57/100|[from] item: Leftovers\n|-damage|p1b: Eternatus|74/100|[from] Leech Seed|[of] p2b: Calyrex\n|-heal|p2b: Calyrex|70/100|[silent]\n|-damage|p2a: Flutter Mane|13/100 psn|[from] psn\n|upkeep\n|turn|3\n|l|\u2606fogdocker\n|inactive|fogdocker disconnected and has a minute to reconnect!\n|player|p2|\n|j|\u2606fogdocker\n|inactive|fogdocker reconnected and has 45 seconds left.\n|player|p2|fogdocker|266|\n|inactive|Alitiantian has 30 seconds left.\n|inactive|fogdocker has 30 seconds left.\n|inactive|fogdocker has 20 seconds left.\n|inactive|fogdocker has 15 seconds left.\n|\n|t:|1770636431\n|switch|p1b: Mamoswine|Mamoswine, L50, F|100/100\n|-terastallize|p2b: Calyrex|Water\n|move|p1a: Grimmsnarl|Light Screen|p1a: Grimmsnarl\n|-sidestart|p1: Alitiantian|move: Light Screen\n|move|p2a: Flutter Mane|Moonblast|p1a: Grimmsnarl\n|-supereffective|p1a: Grimmsnarl\n|-damage|p1a: Grimmsnarl|14/100\n|move|p2b: Calyrex|Glacial Lance|p1b: Mamoswine|[spread] p1a,p1b\n|-crit|p1a: Grimmsnarl\n|-damage|p1a: Grimmsnarl|0 fnt\n|-damage|p1b: Mamoswine|84/100\n|faint|p1a: Grimmsnarl\n|-ability|p2b: Calyrex|Chilling Neigh|boost\n|-boost|p2b: Calyrex|atk|1\n|\n|-heal|p2a: Flutter Mane|19/100 psn|[from] Grassy Terrain\n|-heal|p1b: Mamoswine|91/100|[from] Grassy Terrain\n|-heal|p2b: Calyrex|76/100|[from] Grassy Terrain\n|-heal|p2b: Calyrex|82/100|[from] item: Leftovers\n|-damage|p2a: Flutter Mane|7/100 psn|[from] psn\n|upkeep\n|\n|t:|1770636442\n|switch|p1a: Miraidon|Miraidon, L50|100/100\n|-fieldstart|move: Electric Terrain|[from] ability: Hadron Engine|[of] p1a: Miraidon\n|turn|4\n|\n|t:|1770636453\n|move|p2b: Calyrex|Protect|p2b: Calyrex\n|-singleturn|p2b: Calyrex|Protect\n|move|p1b: Mamoswine|Ice Shard|p2a: Flutter Mane\n|-damage|p2a: Flutter Mane|0 fnt\n|faint|p2a: Flutter Mane\n|-end|p2a: Flutter Mane|Protosynthesis|[silent]\n|move|p1a: Miraidon|Electro Drift|p2b: Calyrex\n|-activate|p2b: Calyrex|move: Protect\n|\n|-heal|p2b: Calyrex|87/100|[from] item: Leftovers\n|upkeep\n|\n|t:|1770636457\n|switch|p2a: Rillaboom|Rillaboom, L50, F|100/100\n|-fieldstart|move: Grassy Terrain|[from] ability: Grassy Surge|[of] p2a: Rillaboom\n|turn|5\n|\n|t:|1770636471\n|switch|p1a: Eternatus|Eternatus, L50, tera:Fire|74/100\n|-ability|p1a: Eternatus|Pressure\n|move|p2a: Rillaboom|Fake Out|p1b: Mamoswine\n|-damage|p1b: Mamoswine|82/100\n|move|p2b: Calyrex|Glacial Lance|p1b: Mamoswine|[spread] p1a,p1b\n|-resisted|p1a: Eternatus\n|-damage|p1a: Eternatus|52/100\n|-damage|p1b: Mamoswine|58/100\n|cant|p1b: Mamoswine|flinch\n|\n|-heal|p1a: Eternatus|58/100|[from] Grassy Terrain\n|-heal|p1b: Mamoswine|64/100|[from] Grassy Terrain\n|-heal|p2b: Calyrex|93/100|[from] Grassy Terrain\n|-heal|p2b: Calyrex|99/100|[from] item: Leftovers\n|upkeep\n|turn|6\n|\n|t:|1770636498\n|move|p1a: Eternatus|Dynamax Cannon|p2b: Calyrex\n|-damage|p2b: Calyrex|40/100\n|move|p2a: Rillaboom|Wood Hammer|p1b: Mamoswine\n|-supereffective|p1b: Mamoswine\n|-damage|p1b: Mamoswine|0 fnt\n|faint|p1b: Mamoswine\n|-damage|p2a: Rillaboom|78/100|[from] Recoil\n|move|p2b: Calyrex|Leech Seed|p1a: Eternatus\n|-start|p1a: Eternatus|move: Leech Seed\n|\n|-heal|p1a: Eternatus|64/100|[from] Grassy Terrain\n|-heal|p2a: Rillaboom|84/100|[from] Grassy Terrain\n|-heal|p2b: Calyrex|45/100|[from] Grassy Terrain\n|-heal|p2b: Calyrex|51/100|[from] item: Leftovers\n|-damage|p1a: Eternatus|51/100|[from] Leech Seed|[of] p2b: Calyrex\n|-heal|p2b: Calyrex|64/100|[silent]\n|upkeep\n|\n|t:|1770636509\n|switch|p1b: Miraidon|Miraidon, L50|100/100\n|-fieldstart|move: Electric Terrain|[from] ability: Hadron Engine|[of] p1b: Miraidon\n|turn|7\n|\n|t:|1770636532\n|move|p2b: Calyrex|Protect|p2b: Calyrex\n|-singleturn|p2b: Calyrex|Protect\n|move|p1a: Eternatus|Dynamax Cannon|p2b: Calyrex\n|-activate|p2b: Calyrex|move: Protect\n|move|p1b: Miraidon|Calm Mind|p1b: Miraidon\n|-boost|p1b: Miraidon|spa|1\n|-boost|p1b: Miraidon|spd|1\n|move|p2a: Rillaboom|U-turn|p1b: Miraidon\n|-damage|p1b: Miraidon|88/100\n|\n|t:|1770636542\n|switch|p2a: Koraidon|Koraidon, L50|100/100|[from] U-turn\n|-weather|SunnyDay|[from] ability: Orichalcum Pulse|[of] p2a: Koraidon\n|-activate|p2a: Koraidon|Orichalcum Pulse|[source]\n|\n|-weather|SunnyDay|[upkeep]\n|-heal|p2b: Calyrex|70/100|[from] item: Leftovers\n|-damage|p1a: Eternatus|39/100|[from] Leech Seed|[of] p2b: Calyrex\n|-heal|p2b: Calyrex|83/100|[silent]\n|upkeep\n|turn|8\n|\n|t:|1770636563\n|switch|p2b: Rillaboom|Rillaboom, L50, F|84/100\n|-fieldstart|move: Grassy Terrain|[from] ability: Grassy Surge|[of] p2b: Rillaboom\n|move|p2a: Koraidon|Protect|p2a: Koraidon\n|-singleturn|p2a: Koraidon|Protect\n|move|p1a: Eternatus|Dynamax Cannon|p2a: Koraidon\n|-activate|p2a: Koraidon|move: Protect\n|move|p1b: Miraidon|Electro Drift|p2b: Rillaboom\n|-resisted|p2b: Rillaboom\n|-damage|p2b: Rillaboom|63/100\n|\n|-weather|SunnyDay|[upkeep]\n|-heal|p1a: Eternatus|45/100|[from] Grassy Terrain\n|-heal|p1b: Miraidon|94/100|[from] Grassy Terrain\n|-heal|p2b: Rillaboom|69/100|[from] Grassy Terrain\n|-damage|p1a: Eternatus|33/100|[from] Leech Seed|[of] p2b: Rillaboom\n|-heal|p2b: Rillaboom|82/100|[silent]\n|-sideend|p1: Alitiantian|Reflect\n|upkeep\n|turn|9\n|\n|t:|1770636582\n|move|p2b: Rillaboom|Fake Out|p1a: Eternatus\n|-damage|p1a: Eternatus|21/100\n|move|p2a: Koraidon|Close Combat|p1b: Miraidon\n|-damage|p1b: Miraidon|10/100\n|-unboost|p2a: Koraidon|def|1\n|-unboost|p2a: Koraidon|spd|1\n|-damage|p2a: Koraidon|91/100|[from] item: Life Orb\n|cant|p1a: Eternatus|flinch\n|move|p1b: Miraidon|Dragon Pulse|p2a: Koraidon\n|-supereffective|p2a: Koraidon\n|-damage|p2a: Koraidon|0 fnt\n|faint|p2a: Koraidon\n|\n|-weather|SunnyDay|[upkeep]\n|-heal|p1a: Eternatus|27/100|[from] Grassy Terrain\n|-heal|p1b: Miraidon|15/100|[from] Grassy Terrain\n|-heal|p2b: Rillaboom|88/100|[from] Grassy Terrain\n|-damage|p1a: Eternatus|15/100|[from] Leech Seed|[of] p2b: Rillaboom\n|-heal|p2b: Rillaboom|100/100|[silent]\n|upkeep\n|\n|t:|1770636595\n|switch|p2a: Calyrex|Calyrex-Ice, L50, tera:Water|83/100\n|-ability|p2a: Calyrex|As One\n|-ability|p2a: Calyrex|Unnerve\n|turn|10\n|\n|t:|1770636620\n|move|p2a: Calyrex|Protect|p2a: Calyrex\n|-singleturn|p2a: Calyrex|Protect\n|move|p1a: Eternatus|Dynamax Cannon|p2b: Rillaboom\n|-damage|p2b: Rillaboom|41/100\n|move|p1b: Miraidon|Dragon Pulse|p2b: Rillaboom\n|-damage|p2b: Rillaboom|4/100\n|move|p2b: Rillaboom|Wood Hammer|p1b: Miraidon\n|-resisted|p1b: Miraidon\n|-damage|p1b: Miraidon|0 fnt\n|faint|p1b: Miraidon\n|-damage|p2b: Rillaboom|0 fnt|[from] Recoil\n|faint|p2b: Rillaboom\n|\n|-weather|SunnyDay|[upkeep]\n|-heal|p1a: Eternatus|21/100|[from] Grassy Terrain\n|-heal|p2a: Calyrex|89/100|[from] Grassy Terrain\n|-heal|p2a: Calyrex|95/100|[from] item: Leftovers\n|-sideend|p1: Alitiantian|move: Light Screen\n|upkeep\n|turn|11\n|\n|t:|1770636635\n|move|p1a: Eternatus|Dynamax Cannon|p2a: Calyrex\n|-damage|p2a: Calyrex|44/100\n|move|p2a: Calyrex|Glacial Lance|p1a: Eternatus\n|-resisted|p1a: Eternatus\n|-damage|p1a: Eternatus|0 fnt\n|faint|p1a: Eternatus\n|\n|win|fogdocker\n|raw|Alitiantian's rating: 1329 &rarr; <strong>1312</strong><br />(-17 for losing)\n|raw|fogdocker's rating: 1378 &rarr; <strong>1395</strong><br />(+17 for winning)\n|l|\u2606Alitiantian\n|player|p1|\n|l|\u2606fogdocker\n|player|p2|\n","uploadtime":1770636863,"views":23,"formatid":"gen9vgc2026regi","rating":1312,"private":0,"password":null}