{"id":"gen9vgc2026regi-2562726021","format":"[Gen 9] VGC 2026 Reg I","players":["Sh1k3","Neutralzr"],"log":"|j|\u2606Sh1k3\n|j|\u2606Neutralzr\n|t:|1773944486\n|gametype|doubles\n|player|p1|Sh1k3|266|1140\n|player|p2|Neutralzr|lance|1205\n|gen|9\n|tier|[Gen 9] VGC 2026 Reg I\n|rated|\n|rule|Species Clause: Limit one of each Pok\u00e9mon\n|rule|Item Clause: Limit 1 of each item\n|clearpoke\n|poke|p1|Groudon, L50|\n|poke|p1|Smeargle, L50, M|\n|poke|p1|Raging Bolt, L50|\n|poke|p1|Chi-Yu, L50|\n|poke|p1|Calyrex-Ice, L50|\n|poke|p1|Flutter Mane, L50|\n|poke|p2|Incineroar, L50, M|\n|poke|p2|Rillaboom, L50, F|\n|poke|p2|Landorus, L50, M|\n|poke|p2|Smeargle, L50, F|\n|poke|p2|Koraidon, L50|\n|poke|p2|Calyrex-Ice, L50|\n|teampreview|4\n|inactive|Battle timer is ON: inactive players will automatically lose when time's up. (requested by Neutralzr)\nNeutralzr rejected open team sheets.\n|inactive|Sh1k3 has 60 seconds left.\n|\n|t:|1773944527\n|teamsize|p1|4\n|teamsize|p2|4\n|start\n|switch|p1a: Home|Smeargle, L50, M|100/100\n|switch|p1b: Blessed|Groudon, L50|100/100\n|switch|p2a: Koraidon|Koraidon, L50, shiny|100/100\n|switch|p2b: Incineroar|Incineroar, L50, M, shiny|100/100\n|-weather|SunnyDay|[from] ability: Orichalcum Pulse|[of] p2a: Koraidon\n|-activate|p2a: Koraidon|Orichalcum Pulse|[source]\n|-ability|p2b: Incineroar|Intimidate|boost\n|-unboost|p1a: Home|atk|1\n|-fail|p1b: Blessed|unboost|[from] item: Clear Amulet|[of] p1b: Blessed\n|turn|1\n|inactive|Neutralzr has 30 seconds left.\n|inactive|Neutralzr has 20 seconds left.\n|\n|t:|1773944564\n|-terastallize|p1b: Blessed|Fire\n|move|p2a: Koraidon|Protect|p2a: Koraidon\n|-singleturn|p2a: Koraidon|Protect\n|move|p1a: Home|Fake Out|p2b: Incineroar\n|-damage|p2b: Incineroar|98/100\n|move|p1b: Blessed|Precipice Blades|p2a: Koraidon|[spread] p2b\n|-activate|p2a: Koraidon|move: Protect\n|-supereffective|p2b: Incineroar\n|-damage|p2b: Incineroar|17/100\n|cant|p2b: Incineroar|flinch\n|\n|-weather|SunnyDay|[upkeep]\n|-ability|p1a: Home|Moody|boost\n|-boost|p1a: Home|spa|2\n|-unboost|p1a: Home|atk|1\n|upkeep\n|turn|2\n|inactive|Sh1k3 has 30 seconds left.\n|inactive|Neutralzr has 30 seconds left.\n|\n|t:|1773944595\n|move|p2a: Koraidon|Low Kick|p1b: Blessed\n|-damage|p1b: Blessed|46/100\n|move|p1a: Home|Decorate|p1b: Blessed\n|-boost|p1b: Blessed|atk|2\n|-boost|p1b: Blessed|spa|2\n|move|p1b: Blessed|Precipice Blades|p2b: Incineroar|[spread] p2a\n|-miss|p1b: Blessed|p2b: Incineroar\n|-damage|p2a: Koraidon|10/100\n|move|p2b: Incineroar|Knock Off|p1a: Home\n|-damage|p1a: Home|34/100\n|-enditem|p1a: Home|Focus Sash|[from] move: Knock Off|[of] p2b: Incineroar\n|\n|-weather|SunnyDay|[upkeep]\n|-ability|p1a: Home|Moody|boost\n|-boost|p1a: Home|spe|2\n|-unboost|p1a: Home|def|1\n|upkeep\n|turn|3\n|inactive|Neutralzr has 30 seconds left.\n|inactive|Neutralzr has 20 seconds left.\n|\n|t:|1773944634\n|move|p2a: Koraidon|Protect|p2a: Koraidon\n|-singleturn|p2a: Koraidon|Protect\n|move|p1a: Home|Spore|p2a: Koraidon\n|-activate|p2a: Koraidon|move: Protect\n|move|p1b: Blessed|Heat Crash|p2b: Incineroar\n|-resisted|p2b: Incineroar\n|-damage|p2b: Incineroar|0 fnt\n|faint|p2b: Incineroar\n|\n|-weather|SunnyDay|[upkeep]\n|-ability|p1a: Home|Moody|boost\n|-boost|p1a: Home|spa|2\n|-unboost|p1a: Home|def|1\n|upkeep\n|\n|t:|1773944649\n|switch|p2b: Smeargle|Smeargle, L50, F|100/100\n|turn|4\n|\n|t:|1773944665\n|-terastallize|p2b: Smeargle|Grass\n|move|p1b: Blessed|Protect|p1b: Blessed\n|-singleturn|p1b: Blessed|Protect\n|move|p2b: Smeargle|Follow Me|p2b: Smeargle\n|-singleturn|p2b: Smeargle|move: Follow Me\n|move|p1a: Home|Spore|p2b: Smeargle\n|-immune|p2b: Smeargle\n|move|p2a: Koraidon|Low Kick|p1b: Blessed\n|-activate|p1b: Blessed|move: Protect\n|\n|-weather|SunnyDay|[upkeep]\n|-ability|p1a: Home|Moody|boost\n|-boost|p1a: Home|def|2\n|-unboost|p1a: Home|spd|1\n|-ability|p2b: Smeargle|Moody|boost\n|-boost|p2b: Smeargle|atk|2\n|-unboost|p2b: Smeargle|spa|1\n|upkeep\n|turn|5\n|inactive|Neutralzr has 30 seconds left.\n|inactive|Neutralzr has 20 seconds left.\n|inactive|Neutralzr has 15 seconds left.\n|\n|t:|1773944707\n|move|p1a: Home|Follow Me|p1a: Home\n|-singleturn|p1a: Home|move: Follow Me\n|move|p2b: Smeargle|Follow Me|p2b: Smeargle\n|-singleturn|p2b: Smeargle|move: Follow Me\n|move|p2a: Koraidon|Flame Charge|p1a: Home\n|-damage|p1a: Home|0 fnt\n|-boost|p2a: Koraidon|spe|1\n|faint|p1a: Home\n|move|p1b: Blessed|Heat Crash|p2b: Smeargle\n|-supereffective|p2b: Smeargle\n|-enditem|p2b: Smeargle|Focus Sash\n|-damage|p2b: Smeargle|1/100\n|\n|-weather|none\n|-ability|p2b: Smeargle|Moody|boost\n|-boost|p2b: Smeargle|atk|2\n|-unboost|p2b: Smeargle|spe|1\n|upkeep\n|\n|t:|1773944724\n|switch|p1a: Falling|Chi-Yu, L50|100/100\n|-ability|p1a: Falling|Beads of Ruin\n|turn|6\n|inactive|Neutralzr has 30 seconds left.\n|\n|t:|1773944753\n|move|p2a: Koraidon|Low Kick|p1a: Falling\n|-supereffective|p1a: Falling\n|-damage|p1a: Falling|65/100\n|move|p1a: Falling|Heat Wave|p2b: Smeargle|[spread] p2a,p2b\n|-resisted|p2a: Koraidon\n|-supereffective|p2b: Smeargle\n|-damage|p2a: Koraidon|0 fnt\n|-damage|p2b: Smeargle|0 fnt\n|faint|p2a: Koraidon\n|faint|p2b: Smeargle\n|move|p1b: Blessed|Precipice Blades|p2: Koraidon|[notarget]\n|-fail|p1b: Blessed\n|\n|upkeep\n|\n|t:|1773944759\n|switch|p2b: Calyrex|Calyrex-Ice, L50|100/100\n|-ability|p2b: Calyrex|As One\n|-ability|p2b: Calyrex|Unnerve\n|turn|7\n|-message|Neutralzr forfeited.\n|\n|win|Sh1k3\n|raw|Sh1k3's rating: 1140 &rarr; <strong>1170</strong><br />(+30 for winning)\n|raw|Neutralzr's rating: 1205 &rarr; <strong>1175</strong><br />(-30 for losing)\n|l|\u2606Neutralzr\n|player|p2|\n","uploadtime":1773944769,"views":11,"formatid":"gen9vgc2026regi","rating":1170,"private":0,"password":null}