{"id":"gen9vgc2026regi-2566898620","format":"[Gen 9] VGC 2026 Reg I","players":["Sheevp","Wawesome"],"log":"|j|\u2606Sheevp\n|j|\u203dWawesome\n|t:|1774426597\n|gametype|doubles\n|player|p1|Sheevp|1|1510\n|player|p2|Wawesome|265|1438\n|gen|9\n|tier|[Gen 9] VGC 2026 Reg I\n|rated|\n|rule|Species Clause: Limit one of each Pok\u00e9mon\n|rule|Item Clause: Limit 1 of each item\n|clearpoke\n|poke|p1|Incineroar, L50, F|\n|poke|p1|Rillaboom, L50, M|\n|poke|p1|Landorus, L50, M|\n|poke|p1|Smeargle, L50, M|\n|poke|p1|Koraidon, L50|\n|poke|p1|Calyrex-Ice, L50|\n|poke|p2|Kyogre, L50|\n|poke|p2|Wo-Chien, L50|\n|poke|p2|Incineroar, L50, F|\n|poke|p2|Zamazenta-*, L50|\n|poke|p2|Tornadus, L50, M|\n|poke|p2|Landorus, L50, M|\n|teampreview|4\n|inactive|Battle timer is ON: inactive players will automatically lose when time's up. (requested by Wawesome)\n|\n|t:|1774426640\n|teamsize|p1|4\n|teamsize|p2|4\n|start\n|switch|p1a: Smeargle|Smeargle, L50, M|100/100\n|switch|p1b: Calyrex|Calyrex-Ice, L50|100/100\n|switch|p2a: Wo-Chien|Wo-Chien, L50|100/100\n|switch|p2b: Incineroar|Incineroar, L50, F|100/100\n|-ability|p1b: Calyrex|As One\n|-ability|p1b: Calyrex|Unnerve\n|-ability|p2a: Wo-Chien|Tablets of Ruin\n|-ability|p2b: Incineroar|Intimidate|boost\n|-unboost|p1a: Smeargle|atk|1\n|-unboost|p1b: Calyrex|atk|1\n|turn|1\n|\n|t:|1774426662\n|move|p1a: Smeargle|Spiky Shield|p1a: Smeargle\n|-singleturn|p1a: Smeargle|move: Protect\n|move|p2b: Incineroar|Fake Out|p1b: Calyrex\n|-damage|p1b: Calyrex|95/100\n|move|p2a: Wo-Chien|Leech Seed|p1b: Calyrex\n|-start|p1b: Calyrex|move: Leech Seed\n|cant|p1b: Calyrex|flinch\n|\n|-heal|p1b: Calyrex|100/100|[from] item: Leftovers\n|-damage|p1b: Calyrex|88/100|[from] Leech Seed|[of] p2a: Wo-Chien\n|-ability|p1a: Smeargle|Moody|boost\n|-boost|p1a: Smeargle|spd|2\n|-unboost|p1a: Smeargle|spe|1\n|upkeep\n|turn|2\n|\n|t:|1774426681\n|switch|p1b: Koraidon|Koraidon, L50|100/100\n|-weather|SunnyDay|[from] ability: Orichalcum Pulse|[of] p1b: Koraidon\n|-activate|p1b: Koraidon|Orichalcum Pulse|[source]\n|move|p1a: Smeargle|Ruination|p2a: Wo-Chien\n|-damage|p2a: Wo-Chien|50/100\n|move|p2a: Wo-Chien|Taunt|p1a: Smeargle\n|-start|p1a: Smeargle|move: Taunt\n|move|p2b: Incineroar|Knock Off|p1b: Koraidon\n|-resisted|p1b: Koraidon\n|-damage|p1b: Koraidon|88/100\n|-enditem|p1b: Koraidon|Clear Amulet|[from] move: Knock Off|[of] p2b: Incineroar\n|\n|-weather|SunnyDay|[upkeep]\n|-ability|p1a: Smeargle|Moody|boost\n|-boost|p1a: Smeargle|def|2\n|-unboost|p1a: Smeargle|spe|1\n|upkeep\n|turn|3\n|inactive|Sheevp has 30 seconds left.\n|inactive|Wawesome has 30 seconds left.\n|\n|t:|1774426715\n|switch|p2b: Kyogre|Kyogre, L50|100/100\n|-weather|RainDance|[from] ability: Drizzle|[of] p2b: Kyogre\n|switch|p1a: Rillaboom|Rillaboom, L50, M|100/100\n|-fieldstart|move: Grassy Terrain|[from] ability: Grassy Surge|[of] p1a: Rillaboom\n|-terastallize|p2a: Wo-Chien|Poison\n|move|p1b: Koraidon|Low Kick|p2a: Wo-Chien\n|-resisted|p2a: Wo-Chien\n|-damage|p2a: Wo-Chien|37/100\n|-damage|p1b: Koraidon|72/100|[from] item: Rocky Helmet|[of] p2a: Wo-Chien\n|move|p2a: Wo-Chien|Leech Seed|p1b: Koraidon\n|-start|p1b: Koraidon|move: Leech Seed\n|\n|-weather|RainDance|[upkeep]\n|-heal|p1b: Koraidon|78/100|[from] Grassy Terrain\n|-heal|p2a: Wo-Chien|43/100|[from] Grassy Terrain\n|-damage|p1b: Koraidon|66/100|[from] Leech Seed|[of] p2a: Wo-Chien\n|-heal|p2a: Wo-Chien|56/100|[silent]\n|upkeep\n|turn|4\n|\n|t:|1774426736\n|switch|p2b: Incineroar|Incineroar, L50, F|100/100\n|-ability|p2b: Incineroar|Intimidate|boost\n|-unboost|p1a: Rillaboom|atk|1\n|-unboost|p1b: Koraidon|atk|1\n|switch|p1b: Smeargle|Smeargle, L50, M|100/100\n|move|p1a: Rillaboom|Fake Out|p2b: Incineroar\n|-damage|p2b: Incineroar|94/100\n|move|p2a: Wo-Chien|Ruination|p1a: Rillaboom\n|-damage|p1a: Rillaboom|51/100\n|\n|-weather|RainDance|[upkeep]\n|-heal|p1a: Rillaboom|57/100|[from] Grassy Terrain\n|-heal|p2a: Wo-Chien|62/100|[from] Grassy Terrain\n|-heal|p2b: Incineroar|99/100|[from] Grassy Terrain\n|-ability|p1b: Smeargle|Moody|boost\n|-boost|p1b: Smeargle|atk|2\n|-unboost|p1b: Smeargle|def|1\n|upkeep\n|turn|5\n|\n|t:|1774426759\n|move|p1a: Rillaboom|U-turn|p2b: Incineroar\n|-damage|p2b: Incineroar|91/100\n|\n|t:|1774426763\n|switch|p1a: Koraidon|Koraidon, L50|66/100|[from] U-turn\n|-weather|SunnyDay|[from] ability: Orichalcum Pulse|[of] p1a: Koraidon\n|-activate|p1a: Koraidon|Orichalcum Pulse|[source]\n|move|p1b: Smeargle|Spore|p2a: Wo-Chien\n|-status|p2a: Wo-Chien|slp|[from] move: Spore\n|cant|p2a: Wo-Chien|slp\n|move|p2b: Incineroar|U-turn|p1b: Smeargle\n|-damage|p1b: Smeargle|53/100\n|\n|t:|1774426774\n|switch|p2b: Kyogre|Kyogre, L50|100/100|[from] U-turn\n|-weather|RainDance|[from] ability: Drizzle|[of] p2b: Kyogre\n|\n|-weather|RainDance|[upkeep]\n|-heal|p1a: Koraidon|72/100|[from] Grassy Terrain\n|-heal|p1b: Smeargle|59/100|[from] Grassy Terrain\n|-heal|p2a: Wo-Chien|68/100 slp|[from] Grassy Terrain\n|-ability|p1b: Smeargle|Moody|boost\n|-boost|p1b: Smeargle|def|2\n|-unboost|p1b: Smeargle|spe|1\n|upkeep\n|turn|6\n|\n|t:|1774426788\n|switch|p1b: Rillaboom|Rillaboom, L50, M|57/100\n|move|p2b: Kyogre|Water Spout|p1b: Rillaboom|[spread] p1a,p1b\n|-resisted|p1a: Koraidon\n|-resisted|p1b: Rillaboom\n|-damage|p1a: Koraidon|28/100\n|-damage|p1b: Rillaboom|17/100\n|move|p1a: Koraidon|Low Kick|p2b: Kyogre\n|-damage|p2b: Kyogre|39/100\n|-curestatus|p2a: Wo-Chien|slp|[msg]\n|move|p2a: Wo-Chien|Leech Seed|p1a: Koraidon\n|-start|p1a: Koraidon|move: Leech Seed\n|\n|-weather|RainDance|[upkeep]\n|-heal|p2b: Kyogre|44/100|[from] Grassy Terrain\n|-heal|p1a: Koraidon|34/100|[from] Grassy Terrain\n|-heal|p1b: Rillaboom|23/100|[from] Grassy Terrain\n|-heal|p2a: Wo-Chien|74/100|[from] Grassy Terrain\n|-damage|p1a: Koraidon|22/100|[from] Leech Seed|[of] p2a: Wo-Chien\n|-heal|p2a: Wo-Chien|87/100|[silent]\n|upkeep\n|turn|7\n|inactive|Wawesome has 30 seconds left.\n|\n|t:|1774426820\n|switch|p2b: Incineroar|Incineroar, L50, F|91/100\n|-ability|p2b: Incineroar|Intimidate|boost\n|-unboost|p1a: Koraidon|atk|1\n|-unboost|p1b: Rillaboom|atk|1\n|switch|p1a: Smeargle|Smeargle, L50, M|59/100\n|move|p1b: Rillaboom|U-turn|p2b: Incineroar\n|-crit|p2b: Incineroar\n|-damage|p2b: Incineroar|67/100\n|\n|t:|1774426830\n|switch|p1b: Koraidon|Koraidon, L50|22/100|[from] U-turn\n|-weather|SunnyDay|[from] ability: Orichalcum Pulse|[of] p1b: Koraidon\n|-activate|p1b: Koraidon|Orichalcum Pulse|[source]\n|move|p2a: Wo-Chien|Leech Seed|p1a: Smeargle\n|-start|p1a: Smeargle|move: Leech Seed\n|\n|-weather|SunnyDay|[upkeep]\n|-heal|p1b: Koraidon|28/100|[from] Grassy Terrain\n|-heal|p1a: Smeargle|65/100|[from] Grassy Terrain\n|-heal|p2a: Wo-Chien|93/100|[from] Grassy Terrain\n|-heal|p2b: Incineroar|73/100|[from] Grassy Terrain\n|-damage|p1a: Smeargle|53/100|[from] Leech Seed|[of] p2a: Wo-Chien\n|-heal|p2a: Wo-Chien|100/100|[silent]\n|-fieldend|move: Grassy Terrain\n|-ability|p1a: Smeargle|Moody|boost\n|-boost|p1a: Smeargle|def|2\n|-unboost|p1a: Smeargle|spd|1\n|upkeep\n|turn|8\n|\n|t:|1774426852\n|move|p1a: Smeargle|Spiky Shield|p1a: Smeargle\n|-singleturn|p1a: Smeargle|move: Protect\n|move|p2b: Incineroar|Fake Out|p1b: Koraidon\n|-damage|p1b: Koraidon|21/100\n|cant|p1b: Koraidon|flinch\n|move|p2a: Wo-Chien|Leech Seed|p1b: Koraidon|[miss]\n|-miss|p2a: Wo-Chien|p1b: Koraidon\n|\n|-weather|SunnyDay|[upkeep]\n|-damage|p1a: Smeargle|40/100|[from] Leech Seed|[of] p2a: Wo-Chien\n|-ability|p1a: Smeargle|Moody|boost\n|-boost|p1a: Smeargle|spe|2\n|-unboost|p1a: Smeargle|spa|1\n|upkeep\n|turn|9\n|\n|t:|1774426865\n|move|p1a: Smeargle|Spore|p2a: Wo-Chien\n|-status|p2a: Wo-Chien|slp|[from] move: Spore\n|move|p1b: Koraidon|Low Kick|p2b: Incineroar\n|-supereffective|p2b: Incineroar\n|-damage|p2b: Incineroar|0 fnt\n|faint|p2b: Incineroar\n|cant|p2a: Wo-Chien|slp\n|\n|-weather|SunnyDay|[upkeep]\n|-damage|p1a: Smeargle|28/100|[from] Leech Seed|[of] p2a: Wo-Chien\n|-ability|p1a: Smeargle|Moody|boost\n|-boost|p1a: Smeargle|def|2\n|-unboost|p1a: Smeargle|atk|1\n|upkeep\n|\n|t:|1774426871\n|switch|p2b: Kyogre|Kyogre, L50|44/100\n|-weather|RainDance|[from] ability: Drizzle|[of] p2b: Kyogre\n|turn|10\n|\n|t:|1774426884\n|move|p1a: Smeargle|Spore|p2b: Kyogre\n|-status|p2b: Kyogre|slp|[from] move: Spore\n|cant|p2b: Kyogre|slp\n|move|p1b: Koraidon|Low Kick|p2b: Kyogre\n|-damage|p2b: Kyogre|0 fnt\n|faint|p2b: Kyogre\n|-curestatus|p2a: Wo-Chien|slp|[msg]\n|move|p2a: Wo-Chien|Ruination|p1b: Koraidon\n|-damage|p1b: Koraidon|11/100\n|\n|-weather|RainDance|[upkeep]\n|-damage|p1a: Smeargle|16/100|[from] Leech Seed|[of] p2a: Wo-Chien\n|-ability|p1a: Smeargle|Moody|boost\n|-boost|p1a: Smeargle|spe|2\n|-unboost|p1a: Smeargle|spd|1\n|upkeep\n|\n|t:|1774426891\n|switch|p2b: Zamazenta|Zamazenta-Crowned, L50|100/100\n|-ability|p2b: Zamazenta|Dauntless Shield|boost\n|-boost|p2b: Zamazenta|def|1\n|turn|11\n|\n|t:|1774426903\n|switch|p1b: Calyrex|Calyrex-Ice, L50|88/100\n|-ability|p1b: Calyrex|As One\n|-ability|p1b: Calyrex|Unnerve\n|move|p2b: Zamazenta|Protect|p2b: Zamazenta\n|-singleturn|p2b: Zamazenta|Protect\n|move|p2a: Wo-Chien|Protect|p2a: Wo-Chien\n|-singleturn|p2a: Wo-Chien|Protect\n|move|p1a: Smeargle|Spore|p2a: Wo-Chien\n|-activate|p2a: Wo-Chien|move: Protect\n|\n|-weather|RainDance|[upkeep]\n|-heal|p1b: Calyrex|94/100|[from] item: Leftovers\n|-damage|p1a: Smeargle|3/100|[from] Leech Seed|[of] p2a: Wo-Chien\n|-ability|p1a: Smeargle|Moody|boost\n|-boost|p1a: Smeargle|spd|2\n|-unboost|p1a: Smeargle|spe|1\n|upkeep\n|turn|12\n|\n|t:|1774426919\n|move|p1a: Smeargle|Spore|p2b: Zamazenta\n|-status|p2b: Zamazenta|slp|[from] move: Spore\n|cant|p2b: Zamazenta|slp\n|move|p2a: Wo-Chien|Leech Seed|p1b: Calyrex\n|-start|p1b: Calyrex|move: Leech Seed\n|move|p1b: Calyrex|Leech Seed|p2a: Wo-Chien\n|-start|p2a: Wo-Chien|move: Leech Seed\n|\n|-weather|RainDance|[upkeep]\n|-heal|p1b: Calyrex|99/100|[from] item: Leftovers\n|-damage|p1a: Smeargle|0 fnt|[from] Leech Seed|[of] p2a: Wo-Chien\n|faint|p1a: Smeargle\n|-damage|p2a: Wo-Chien|88/100|[from] Leech Seed|[of] p1b: Calyrex\n|-heal|p1b: Calyrex|100/100|[silent]\n|-damage|p1b: Calyrex|88/100|[from] Leech Seed|[of] p2a: Wo-Chien\n|-heal|p2a: Wo-Chien|100/100|[silent]\n|upkeep\n|\n|t:|1774426929\n|switch|p1a: Koraidon|Koraidon, L50|11/100\n|-weather|SunnyDay|[from] ability: Orichalcum Pulse|[of] p1a: Koraidon\n|-activate|p1a: Koraidon|Orichalcum Pulse|[source]\n|turn|13\n|\n|t:|1774426943\n|move|p1a: Koraidon|Low Kick|p2b: Zamazenta\n|-supereffective|p2b: Zamazenta\n|-damage|p2b: Zamazenta|44/100 slp\n|-curestatus|p2b: Zamazenta|slp|[msg]\n|move|p2b: Zamazenta|Body Press|p1b: Calyrex\n|-damage|p1b: Calyrex|60/100\n|move|p2a: Wo-Chien|Leech Seed|p1a: Koraidon\n|-start|p1a: Koraidon|move: Leech Seed\n|move|p1b: Calyrex|Leech Seed|p2b: Zamazenta\n|-start|p2b: Zamazenta|move: Leech Seed\n|\n|-weather|SunnyDay|[upkeep]\n|-heal|p1b: Calyrex|66/100|[from] item: Leftovers\n|-damage|p1a: Koraidon|0 fnt|[from] Leech Seed|[of] p2a: Wo-Chien\n|faint|p1a: Koraidon\n|-damage|p2b: Zamazenta|32/100|[from] Leech Seed|[of] p1b: Calyrex\n|-heal|p1b: Calyrex|78/100|[silent]\n|-damage|p2a: Wo-Chien|88/100|[from] Leech Seed|[of] p1b: Calyrex\n|-heal|p1b: Calyrex|89/100|[silent]\n|-damage|p1b: Calyrex|77/100|[from] Leech Seed|[of] p2a: Wo-Chien\n|-heal|p2a: Wo-Chien|100/100|[silent]\n|upkeep\n|\n|t:|1774426957\n|switch|p1a: Rillaboom|Rillaboom, L50, M|23/100\n|-fieldstart|move: Grassy Terrain|[from] ability: Grassy Surge|[of] p1a: Rillaboom\n|turn|14\n|\n|t:|1774426967\n|move|p2b: Zamazenta|Protect|p2b: Zamazenta\n|-singleturn|p2b: Zamazenta|Protect\n|move|p1a: Rillaboom|Fake Out|p2b: Zamazenta\n|-activate|p2b: Zamazenta|move: Protect\n|move|p2a: Wo-Chien|Taunt|p1b: Calyrex\n|-start|p1b: Calyrex|move: Taunt\n|cant|p1b: Calyrex|move: Taunt|Leech Seed\n|\n|-weather|SunnyDay|[upkeep]\n|-heal|p2b: Zamazenta|38/100|[from] Grassy Terrain\n|-heal|p1a: Rillaboom|29/100|[from] Grassy Terrain\n|-heal|p1b: Calyrex|83/100|[from] Grassy Terrain\n|-heal|p1b: Calyrex|89/100|[from] item: Leftovers\n|-damage|p2b: Zamazenta|25/100|[from] Leech Seed|[of] p1b: Calyrex\n|-heal|p1b: Calyrex|100/100|[silent]\n|-damage|p2a: Wo-Chien|88/100|[from] Leech Seed|[of] p1b: Calyrex\n|-damage|p1b: Calyrex|88/100|[from] Leech Seed|[of] p2a: Wo-Chien\n|-heal|p2a: Wo-Chien|100/100|[silent]\n|upkeep\n|turn|15\n|\n|t:|1774426985\n|move|p2b: Zamazenta|Body Press|p1a: Rillaboom\n|-damage|p1a: Rillaboom|0 fnt\n|faint|p1a: Rillaboom\n|move|p2a: Wo-Chien|Ruination|p1b: Calyrex\n|-damage|p1b: Calyrex|44/100\n|move|p1b: Calyrex|Glacial Lance|p2b: Zamazenta|[spread] p2a,p2b\n|-resisted|p2b: Zamazenta\n|-damage|p2a: Wo-Chien|73/100\n|-damage|p2b: Zamazenta|18/100\n|\n|-weather|SunnyDay|[upkeep]\n|-heal|p2b: Zamazenta|24/100|[from] Grassy Terrain\n|-heal|p2a: Wo-Chien|80/100|[from] Grassy Terrain\n|-heal|p1b: Calyrex|50/100|[from] Grassy Terrain\n|-heal|p1b: Calyrex|56/100|[from] item: Leftovers\n|-damage|p2b: Zamazenta|12/100|[from] Leech Seed|[of] p1b: Calyrex\n|-heal|p1b: Calyrex|68/100|[silent]\n|-damage|p2a: Wo-Chien|67/100|[from] Leech Seed|[of] p1b: Calyrex\n|-heal|p1b: Calyrex|79/100|[silent]\n|-damage|p1b: Calyrex|67/100|[from] Leech Seed|[of] p2a: Wo-Chien\n|-heal|p2a: Wo-Chien|80/100|[silent]\n|upkeep\n|turn|16\n|\n|t:|1774427005\n|move|p2b: Zamazenta|Body Press|p1b: Calyrex\n|-damage|p1b: Calyrex|36/100\n|move|p2a: Wo-Chien|Ruination|p1b: Calyrex\n|-damage|p1b: Calyrex|18/100\n|move|p1b: Calyrex|Glacial Lance|p2b: Zamazenta|[spread] p2a,p2b\n|-resisted|p2b: Zamazenta\n|-damage|p2a: Wo-Chien|49/100\n|-damage|p2b: Zamazenta|5/100\n|\n|-weather|SunnyDay|[upkeep]\n|-heal|p2b: Zamazenta|11/100|[from] Grassy Terrain\n|-heal|p2a: Wo-Chien|55/100|[from] Grassy Terrain\n|-heal|p1b: Calyrex|24/100|[from] Grassy Terrain\n|-heal|p1b: Calyrex|30/100|[from] item: Leftovers\n|-damage|p2b: Zamazenta|0 fnt|[from] Leech Seed|[of] p1b: Calyrex\n|-heal|p1b: Calyrex|40/100|[silent]\n|faint|p2b: Zamazenta\n|-damage|p2a: Wo-Chien|43/100|[from] Leech Seed|[of] p1b: Calyrex\n|-heal|p1b: Calyrex|51/100|[silent]\n|-damage|p1b: Calyrex|39/100|[from] Leech Seed|[of] p2a: Wo-Chien\n|-heal|p2a: Wo-Chien|56/100|[silent]\n|-end|p1b: Calyrex|move: Taunt\n|upkeep\n|turn|17\n|\n|t:|1774427027\n|move|p1b: Calyrex|Protect|p1b: Calyrex\n|-singleturn|p1b: Calyrex|Protect\n|move|p2a: Wo-Chien|Ruination|p1b: Calyrex\n|-activate|p1b: Calyrex|move: Protect\n|\n|-weather|none\n|-heal|p2a: Wo-Chien|62/100|[from] Grassy Terrain\n|-heal|p1b: Calyrex|45/100|[from] Grassy Terrain\n|-heal|p1b: Calyrex|51/100|[from] item: Leftovers\n|-damage|p2a: Wo-Chien|49/100|[from] Leech Seed|[of] p1b: Calyrex\n|-heal|p1b: Calyrex|62/100|[silent]\n|-damage|p1b: Calyrex|50/100|[from] Leech Seed|[of] p2a: Wo-Chien\n|-heal|p2a: Wo-Chien|62/100|[silent]\n|upkeep\n|turn|18\n|\n|t:|1774427040\n|-terastallize|p1b: Calyrex|Fairy\n|move|p2a: Wo-Chien|Ruination|p1b: Calyrex\n|-damage|p1b: Calyrex|26/100\n|move|p1b: Calyrex|Glacial Lance|p2a: Wo-Chien\n|-damage|p2a: Wo-Chien|28/100\n|\n|-heal|p2a: Wo-Chien|34/100|[from] Grassy Terrain\n|-heal|p1b: Calyrex|31/100|[from] Grassy Terrain\n|-heal|p1b: Calyrex|37/100|[from] item: Leftovers\n|-damage|p2a: Wo-Chien|21/100|[from] Leech Seed|[of] p1b: Calyrex\n|-heal|p1b: Calyrex|49/100|[silent]\n|-damage|p1b: Calyrex|37/100|[from] Leech Seed|[of] p2a: Wo-Chien\n|-heal|p2a: Wo-Chien|34/100|[silent]\n|-fieldend|move: Grassy Terrain\n|upkeep\n|turn|19\n|\n|t:|1774427055\n|move|p2a: Wo-Chien|Protect|p2a: Wo-Chien\n|-singleturn|p2a: Wo-Chien|Protect\n|move|p1b: Calyrex|Glacial Lance|p2a: Wo-Chien\n|-activate|p2a: Wo-Chien|move: Protect\n|\n|-heal|p1b: Calyrex|43/100|[from] item: Leftovers\n|-damage|p2a: Wo-Chien|22/100|[from] Leech Seed|[of] p1b: Calyrex\n|-heal|p1b: Calyrex|54/100|[silent]\n|-damage|p1b: Calyrex|42/100|[from] Leech Seed|[of] p2a: Wo-Chien\n|-heal|p2a: Wo-Chien|35/100|[silent]\n|upkeep\n|turn|20\n|\n|t:|1774427067\n|move|p2a: Wo-Chien|Ruination|p1b: Calyrex\n|-damage|p1b: Calyrex|21/100\n|move|p1b: Calyrex|Glacial Lance|p2a: Wo-Chien\n|-damage|p2a: Wo-Chien|0 fnt\n|faint|p2a: Wo-Chien\n|\n|win|Sheevp\n|raw|Sheevp's rating: 1510 &rarr; <strong>1526</strong><br />(+16 for winning)\n|raw|Wawesome's rating: 1438 &rarr; <strong>1422</strong><br />(-16 for losing)\n|l|\u2606Sheevp\n|player|p1|\n","uploadtime":1774427265,"views":11,"formatid":"gen9vgc2026regi","rating":1422,"private":0,"password":null}