{"id":"gen9vgc2026regi-2515099452","format":"[Gen 9] VGC 2026 Reg I","players":["Gravimoth","ComputerYui"],"log":"|j|\u203dGravimoth\n|j|\u2606ComputerYui\n|t:|1767952470\n|gametype|doubles\n|player|p1|Gravimoth|lusamine-masters|1125\n|player|p2|ComputerYui|artist-gen4|1081\n|gen|9\n|tier|[Gen 9] VGC 2026 Reg I\n|rated|\n|rule|Species Clause: Limit one of each Pok\u00e9mon\n|rule|Item Clause: Limit 1 of each item\n|clearpoke\n|poke|p1|Zamazenta-*, L50|\n|poke|p1|Urshifu-*, L50, F|\n|poke|p1|Raichu, L50, M|\n|poke|p1|Zacian-*, L50|\n|poke|p1|Talonflame, L50, F|\n|poke|p1|Ogerpon-Wellspring, L50, F|\n|poke|p2|Armarouge, L50, M|\n|poke|p2|Koraidon, L50|\n|poke|p2|Indeedee-F, L50, F|\n|poke|p2|Calyrex-Shadow, L50|\n|poke|p2|Whimsicott, L50, F|\n|poke|p2|Scream Tail, L50|\n|teampreview|4\n|inactive|Battle timer is ON: inactive players will automatically lose when time's up. (requested by Gravimoth)\n|\n|t:|1767952490\n|teamsize|p1|4\n|teamsize|p2|4\n|start\n|switch|p1a: Talonflame|Talonflame, L50, F|100/100\n|switch|p1b: Urshifu|Urshifu, L50, F|100/100\n|switch|p2a: Koraidon|Koraidon, L50|100/100\n|switch|p2b: Whimsicott|Whimsicott, L50, F, shiny|100/100\n|-weather|SunnyDay|[from] ability: Orichalcum Pulse|[of] p2a: Koraidon\n|-activate|p2a: Koraidon|Orichalcum Pulse|[source]\n|turn|1\n|inactive|Gravimoth has 30 seconds left.\n|inactive|ComputerYui has 30 seconds left.\n|\n|t:|1767952528\n|switch|p2a: Indeedee|Indeedee-F, L50, F, shiny|100/100\n|-fieldstart|move: Psychic Terrain|[from] ability: Psychic Surge|[of] p2a: Indeedee\n|move|p1a: Talonflame|Air Slash|p2b: Whimsicott\n|-activate|p2b: Whimsicott|move: Psychic Terrain\n|move|p2b: Whimsicott|Tailwind|p2b: Whimsicott\n|-sidestart|p2: ComputerYui|move: Tailwind\n|move|p1b: Urshifu|U-turn|p2b: Whimsicott\n|-damage|p2b: Whimsicott|36/100\n|\n|t:|1767952537\n|switch|p1b: Zacian|Zacian-Crowned, L50, shiny|100/100|[from] U-turn\n|-ability|p1b: Zacian|Intrepid Sword|boost\n|-boost|p1b: Zacian|atk|1\n|\n|-weather|SunnyDay|[upkeep]\n|upkeep\n|turn|2\n|\n|t:|1767952555\n|move|p2a: Indeedee|Follow Me|p2a: Indeedee\n|-singleturn|p2a: Indeedee|move: Follow Me\n|move|p2b: Whimsicott|Endeavor|p1b: Zacian\n|-damage|p1b: Zacian|23/100\n|move|p1a: Talonflame|Heat Wave|p2a: Indeedee|[spread] p2a,p2b\n|-supereffective|p2b: Whimsicott\n|-damage|p2a: Indeedee|72/100\n|-damage|p2b: Whimsicott|0 fnt\n|faint|p2b: Whimsicott\n|-enditem|p2a: Indeedee|Eject Button\n|\n|t:|1767952565\n|switch|p2a: Armarouge|Armarouge, L50, M, shiny|100/100\n|move|p1b: Zacian|Behemoth Blade|p2a: Armarouge\n|-resisted|p2a: Armarouge\n|-damage|p2a: Armarouge|53/100\n|-ability|p2a: Armarouge|Weak Armor|boost\n|-unboost|p2a: Armarouge|def|1\n|-boost|p2a: Armarouge|spe|2\n|\n|-weather|SunnyDay|[upkeep]\n|upkeep\n|\n|t:|1767952581\n|switch|p2b: Koraidon|Koraidon, L50|100/100\n|-activate|p2b: Koraidon|ability: Orichalcum Pulse\n|turn|3\n|inactive|ComputerYui has 30 seconds left.\n|\n|t:|1767952610\n|move|p2a: Armarouge|Endure|p2a: Armarouge\n|-singleturn|p2a: Armarouge|move: Endure\n|move|p1b: Zacian|Protect|p1b: Zacian\n|-singleturn|p1b: Zacian|Protect\n|move|p1a: Talonflame|Tailwind|p1a: Talonflame\n|-sidestart|p1: Gravimoth|move: Tailwind\n|move|p2b: Koraidon|Bulldoze|p1a: Talonflame|[spread] p2a\n|-activate|p1b: Zacian|move: Protect\n|-immune|p1a: Talonflame\n|-supereffective|p2a: Armarouge\n|-activate|p2a: Armarouge|move: Endure\n|-damage|p2a: Armarouge|1/100\n|-unboost|p2a: Armarouge|spe|1\n|-ability|p2a: Armarouge|Weak Armor|boost\n|-unboost|p2a: Armarouge|def|1\n|-boost|p2a: Armarouge|spe|2\n|-enditem|p2a: Armarouge|Weakness Policy\n|-boost|p2a: Armarouge|atk|2|[from] item: Weakness Policy\n|-boost|p2a: Armarouge|spa|2|[from] item: Weakness Policy\n|\n|-weather|SunnyDay|[upkeep]\n|upkeep\n|turn|4\n|\n|t:|1767952631\n|switch|p2b: Indeedee|Indeedee-F, L50, F, shiny|72/100\n|move|p1a: Talonflame|Protect|p1a: Talonflame\n|-singleturn|p1a: Talonflame|Protect\n|move|p2a: Armarouge|Expanding Force|p1b: Zacian|[spread] p1b\n|-activate|p1a: Talonflame|move: Protect\n|-resisted|p1b: Zacian\n|-damage|p1b: Zacian|0 fnt\n|faint|p1b: Zacian\n|\n|-weather|SunnyDay|[upkeep]\n|-sideend|p2: ComputerYui|move: Tailwind\n|upkeep\n|\n|t:|1767952638\n|switch|p1b: Zamazenta|Zamazenta-Crowned, L50, shiny|100/100\n|-ability|p1b: Zamazenta|Dauntless Shield|boost\n|-boost|p1b: Zamazenta|def|1\n|turn|5\n|inactive|ComputerYui has 30 seconds left.\n|inactive|ComputerYui has 20 seconds left.\n|\n|t:|1767952676\n|move|p2a: Armarouge|Endure|p2a: Armarouge\n|-singleturn|p2a: Armarouge|move: Endure\n|move|p2b: Indeedee|Protect|p2b: Indeedee\n|-singleturn|p2b: Indeedee|Protect\n|move|p1a: Talonflame|Heat Wave|p2b: Indeedee|[spread] p2a\n|-activate|p2b: Indeedee|move: Protect\n|-resisted|p2a: Armarouge\n|-activate|p2a: Armarouge|move: Endure\n|-damage|p2a: Armarouge|1/100\n|move|p1b: Zamazenta|Iron Defense|p1b: Zamazenta\n|-boost|p1b: Zamazenta|def|2\n|\n|-weather|none\n|-fieldend|move: Psychic Terrain\n|upkeep\n|turn|6\n|inactive|ComputerYui has 30 seconds left.\n|inactive|ComputerYui has 20 seconds left.\n|\n|t:|1767952716\n|-terastallize|p2a: Armarouge|Stellar\n|-terastallize|p1b: Zamazenta|Water\n|move|p2b: Indeedee|Follow Me|p2b: Indeedee\n|-singleturn|p2b: Indeedee|move: Follow Me\n|move|p1a: Talonflame|Heat Wave|p2b: Indeedee|[spread] p2a,p2b\n|-resisted|p2a: Armarouge\n|-damage|p2a: Armarouge|0 fnt\n|-damage|p2b: Indeedee|51/100\n|faint|p2a: Armarouge\n|move|p1b: Zamazenta|Body Press|p2b: Indeedee\n|-damage|p2b: Indeedee|0 fnt\n|faint|p2b: Indeedee\n|\n|-sideend|p1: Gravimoth|move: Tailwind\n|upkeep\n|-message|ComputerYui forfeited.\n|\n|win|Gravimoth\n|raw|Gravimoth's rating: 1125 &rarr; <strong>1147</strong><br />(+22 for winning)\n|raw|ComputerYui's rating: 1081 &rarr; <strong>1062</strong><br />(-19 for losing)\n|l|\u2606ComputerYui\n|player|p2|\n|l|\u203dGravimoth\n|player|p1|\n","uploadtime":1767953081,"views":13,"formatid":"gen9vgc2026regi","rating":1062,"private":0,"password":null}