{"id":"gen9vgc2026regi-2572150220","format":"[Gen 9] VGC 2026 Reg I","players":["Bman311","Mikeyk25"],"log":"|j|\u2606Bman311\n|j|\u2606Mikeyk25\n|t:|1774992274\n|gametype|doubles\n|player|p1|Bman311|2|1432\n|player|p2|Mikeyk25|170|1553\n|gen|9\n|tier|[Gen 9] VGC 2026 Reg I\n|rated|\n|rule|Species Clause: Limit one of each Pok\u00e9mon\n|rule|Item Clause: Limit 1 of each item\n|clearpoke\n|poke|p1|Koraidon, L50|\n|poke|p1|Calyrex-Ice, L50|\n|poke|p1|Incineroar, L50, M|\n|poke|p1|Brute Bonnet, L50|\n|poke|p1|Flutter Mane, L50|\n|poke|p1|Gouging Fire, L50|\n|poke|p2|Calyrex-Ice, L50|\n|poke|p2|Miraidon, L50|\n|poke|p2|Iron Hands, L50|\n|poke|p2|Urshifu-*, L50, F|\n|poke|p2|Incineroar, L50, F|\n|poke|p2|Ogerpon-Cornerstone, L50, F|\n|teampreview|4\n|inactive|Battle timer is ON: inactive players will automatically lose when time's up. (requested by Bman311)\nBman311 has agreed to open team sheets.\n|\n|t:|1774992299\n|teamsize|p1|4\n|teamsize|p2|4\n|start\n|switch|p1a: Gouging Fire|Gouging Fire, L50|100/100\n|switch|p1b: Koraidon|Koraidon, L50|100/100\n|switch|p2a: Calyrex|Calyrex-Ice, L50|100/100\n|switch|p2b: Incineroar|Incineroar, L50, F|100/100\n|-ability|p2a: Calyrex|As One\n|-ability|p2a: Calyrex|Unnerve\n|-weather|SunnyDay|[from] ability: Orichalcum Pulse|[of] p1b: Koraidon\n|-activate|p1a: Gouging Fire|ability: Protosynthesis\n|-start|p1a: Gouging Fire|protosynthesisspe\n|-activate|p1b: Koraidon|Orichalcum Pulse|[source]\n|-ability|p2b: Incineroar|Intimidate|boost\n|-unboost|p1a: Gouging Fire|atk|1\n|-unboost|p1b: Koraidon|atk|1\n|turn|1\n|\n|t:|1774992317\n|switch|p1b: Incineroar|Incineroar, L50, M|100/100\n|-ability|p1b: Incineroar|Intimidate|boost\n|-unboost|p2a: Calyrex|atk|1\n|-unboost|p2b: Incineroar|atk|1\n|move|p2b: Incineroar|Fake Out|p1b: Incineroar\n|-damage|p1b: Incineroar|94/100\n|move|p1a: Gouging Fire|Breaking Swipe|p2a: Calyrex|[spread] p2a,p2b\n|-damage|p2a: Calyrex|93/100\n|-damage|p2b: Incineroar|92/100\n|-unboost|p2a: Calyrex|atk|1\n|-unboost|p2b: Incineroar|atk|1\n|move|p2a: Calyrex|Trick Room|p2a: Calyrex\n|-fieldstart|move: Trick Room|[of] p2a: Calyrex\n|\n|-weather|SunnyDay|[upkeep]\n|-heal|p2a: Calyrex|99/100|[from] item: Leftovers\n|upkeep\n|turn|2\n|\n|t:|1774992341\n|switch|p2a: Iron Hands|Iron Hands, L50|100/100\n|move|p1b: Incineroar|Fake Out|p2b: Incineroar\n|-damage|p2b: Incineroar|83/100\n|cant|p2b: Incineroar|flinch\n|move|p1a: Gouging Fire|Breaking Swipe|p2b: Incineroar|[spread] p2a,p2b\n|-damage|p2a: Iron Hands|92/100\n|-damage|p2b: Incineroar|73/100\n|-unboost|p2a: Iron Hands|atk|1\n|-unboost|p2b: Incineroar|atk|1\n|\n|-weather|SunnyDay|[upkeep]\n|upkeep\n|turn|3\n|\n|t:|1774992359\n|move|p2a: Iron Hands|Drain Punch|p1b: Incineroar\n|-supereffective|p1b: Incineroar\n|-damage|p1b: Incineroar|40/100\n|-heal|p2a: Iron Hands|100/100|[from] drain|[of] p1b: Incineroar\n|move|p2b: Incineroar|Flare Blitz|p1b: Incineroar\n|-resisted|p1b: Incineroar\n|-damage|p1b: Incineroar|27/100\n|-damage|p2b: Incineroar|69/100|[from] Recoil\n|move|p1b: Incineroar|U-turn|p2a: Iron Hands\n|-resisted|p2a: Iron Hands\n|-damage|p2a: Iron Hands|94/100\n|\n|t:|1774992368\n|switch|p1b: Calyrex|Calyrex-Ice, L50|100/100|[from] U-turn\n|-ability|p1b: Calyrex|As One\n|-ability|p1b: Calyrex|Unnerve\n|move|p1a: Gouging Fire|Breaking Swipe|p2a: Iron Hands|[spread] p2a,p2b\n|-damage|p2a: Iron Hands|86/100\n|-damage|p2b: Incineroar|60/100\n|-unboost|p2a: Iron Hands|atk|1\n|-unboost|p2b: Incineroar|atk|1\n|\n|-weather|SunnyDay|[upkeep]\n|upkeep\n|turn|4\n|\n|t:|1774992385\n|-end|p1a: Gouging Fire|Protosynthesis|[silent]\n|switch|p1a: Incineroar|Incineroar, L50, M|27/100\n|-ability|p1a: Incineroar|Intimidate|boost\n|-unboost|p2a: Iron Hands|atk|1\n|-unboost|p2b: Incineroar|atk|1\n|move|p2a: Iron Hands|Drain Punch|p1b: Calyrex\n|-damage|p1b: Calyrex|89/100\n|-heal|p2a: Iron Hands|91/100|[from] drain|[of] p1b: Calyrex\n|move|p1b: Calyrex|High Horsepower|p2b: Incineroar\n|-supereffective|p2b: Incineroar\n|-damage|p2b: Incineroar|4/100\n|move|p2b: Incineroar|Knock Off|p1b: Calyrex\n|-supereffective|p1b: Calyrex\n|-damage|p1b: Calyrex|74/100\n|-enditem|p1b: Calyrex|Clear Amulet|[from] move: Knock Off|[of] p2b: Incineroar\n|\n|-weather|SunnyDay|[upkeep]\n|upkeep\n|turn|5\n|\n|t:|1774992403\n|switch|p2b: Calyrex|Calyrex-Ice, L50|99/100\n|-ability|p2b: Calyrex|As One\n|-ability|p2b: Calyrex|Unnerve\n|move|p1a: Incineroar|Fake Out|p2a: Iron Hands\n|-damage|p2a: Iron Hands|82/100\n|cant|p2a: Iron Hands|flinch\n|move|p1b: Calyrex|Glacial Lance|p2a: Iron Hands|[spread] p2a,p2b\n|-resisted|p2b: Calyrex\n|-damage|p2a: Iron Hands|47/100\n|-damage|p2b: Calyrex|82/100\n|\n|-weather|none\n|-heal|p2b: Calyrex|88/100|[from] item: Leftovers\n|-fieldend|move: Trick Room\n|upkeep\n|turn|6\n|\n|t:|1774992424\n|move|p1a: Incineroar|U-turn|p2b: Calyrex\n|-supereffective|p2b: Calyrex\n|-damage|p2b: Calyrex|63/100\n|\n|t:|1774992426\n|switch|p1a: Gouging Fire|Gouging Fire, L50|100/100|[from] U-turn\n|-enditem|p1a: Gouging Fire|Booster Energy\n|-activate|p1a: Gouging Fire|ability: Protosynthesis|[fromitem]\n|-start|p1a: Gouging Fire|protosynthesisspe\n|move|p1b: Calyrex|Glacial Lance|p2a: Iron Hands|[spread] p2a,p2b\n|-resisted|p2b: Calyrex\n|-damage|p2a: Iron Hands|10/100\n|-damage|p2b: Calyrex|47/100\n|move|p2b: Calyrex|Glacial Lance|p1a: Gouging Fire|[spread] p1a,p1b\n|-resisted|p1b: Calyrex\n|-damage|p1a: Gouging Fire|58/100\n|-damage|p1b: Calyrex|57/100\n|move|p2a: Iron Hands|Drain Punch|p1a: Gouging Fire\n|-damage|p1a: Gouging Fire|44/100\n|-heal|p2a: Iron Hands|15/100|[from] drain|[of] p1a: Gouging Fire\n|\n|-heal|p2b: Calyrex|53/100|[from] item: Leftovers\n|upkeep\n|turn|7\n|inactive|Mikeyk25 has 30 seconds left.\n|\n|t:|1774992456\n|-end|p2a: Iron Hands|Quark Drive|[silent]\n|switch|p2a: Incineroar|Incineroar, L50, F|4/100\n|-ability|p2a: Incineroar|Intimidate|boost\n|-unboost|p1a: Gouging Fire|atk|1\n|-unboost|p1b: Calyrex|atk|1\n|move|p2b: Calyrex|Protect|p2b: Calyrex\n|-singleturn|p2b: Calyrex|Protect\n|move|p1a: Gouging Fire|Howl|p1a: Gouging Fire|[spread] p1a,p1b\n|-boost|p1a: Gouging Fire|atk|1\n|-boost|p1b: Calyrex|atk|1\n|move|p1b: Calyrex|Glacial Lance|p2b: Calyrex|[spread] p2a\n|-activate|p2b: Calyrex|move: Protect\n|-resisted|p2a: Incineroar\n|-damage|p2a: Incineroar|0 fnt\n|faint|p2a: Incineroar\n|-ability|p1b: Calyrex|Chilling Neigh|boost\n|-boost|p1b: Calyrex|atk|1\n|\n|-heal|p2b: Calyrex|58/100|[from] item: Leftovers\n|upkeep\n|j| Therazer456\n|\n|t:|1774992475\n|switch|p2a: Iron Hands|Iron Hands, L50|15/100\n|turn|8\n|\n|t:|1774992479\n|move|p1b: Calyrex|Protect|p1b: Calyrex\n|-singleturn|p1b: Calyrex|Protect\n|move|p2a: Iron Hands|Fake Out|p1b: Calyrex\n|-activate|p1b: Calyrex|move: Protect\n|move|p1a: Gouging Fire|Breaking Swipe|p2b: Calyrex|[spread] p2a,p2b\n|-damage|p2a: Iron Hands|4/100\n|-damage|p2b: Calyrex|48/100\n|-unboost|p2a: Iron Hands|atk|1\n|-unboost|p2b: Calyrex|atk|1\n|move|p2b: Calyrex|Trick Room|p2b: Calyrex\n|-fieldstart|move: Trick Room|[of] p2b: Calyrex\n|\n|-heal|p2b: Calyrex|54/100|[from] item: Leftovers\n|upkeep\n|turn|9\n|\n|t:|1774992497\n|-end|p1a: Gouging Fire|Protosynthesis|[silent]\n|switch|p1a: Incineroar|Incineroar, L50, M|27/100\n|-ability|p1a: Incineroar|Intimidate|boost\n|-unboost|p2a: Iron Hands|atk|1\n|-unboost|p2b: Calyrex|atk|1\n|-terastallize|p2a: Iron Hands|Water\n|move|p2a: Iron Hands|Drain Punch|p1b: Calyrex\n|-damage|p1b: Calyrex|43/100\n|-heal|p2a: Iron Hands|9/100|[from] drain|[of] p1b: Calyrex\n|move|p2b: Calyrex|Glacial Lance|p1a: Incineroar|[spread] p1a,p1b\n|-resisted|p1a: Incineroar\n|-resisted|p1b: Calyrex\n|-damage|p1a: Incineroar|14/100\n|-damage|p1b: Calyrex|34/100\n|move|p1b: Calyrex|Glacial Lance|p2a: Iron Hands|[spread] p2a,p2b\n|-resisted|p2a: Iron Hands\n|-resisted|p2b: Calyrex\n|-damage|p2a: Iron Hands|0 fnt\n|-damage|p2b: Calyrex|29/100\n|faint|p2a: Iron Hands\n|-end|p2a: Iron Hands|Quark Drive|[silent]\n|-ability|p1b: Calyrex|Chilling Neigh|boost\n|-boost|p1b: Calyrex|atk|1\n|\n|-heal|p2b: Calyrex|35/100|[from] item: Leftovers\n|upkeep\n|\n|t:|1774992520\n|switch|p2a: Miraidon|Miraidon, L50|100/100\n|-fieldstart|move: Electric Terrain|[from] ability: Hadron Engine|[of] p2a: Miraidon\n|turn|10\n|\n|t:|1774992530\n|move|p1a: Incineroar|Fake Out|p2b: Calyrex\n|-damage|p2b: Calyrex|28/100\n|cant|p2b: Calyrex|flinch\n|move|p1b: Calyrex|Glacial Lance|p2b: Calyrex|[spread] p2a,p2b\n|-supereffective|p2a: Miraidon\n|-resisted|p2b: Calyrex\n|-damage|p2a: Miraidon|0 fnt\n|-damage|p2b: Calyrex|0 fnt\n|faint|p2a: Miraidon\n|faint|p2b: Calyrex\n|\n|win|Bman311\n|raw|Bman311's rating: 1432 &rarr; <strong>1459</strong><br />(+27 for winning)\n|raw|Mikeyk25's rating: 1553 &rarr; <strong>1526</strong><br />(-27 for losing)\n|l|\u2606Mikeyk25\n|player|p2|\n","uploadtime":1774992535,"views":20,"formatid":"gen9vgc2026regi","rating":1459,"private":0,"password":null}