{"id":"gen9vgc2026regi-2565322986","format":"[Gen 9] VGC 2026 Reg I","players":["CHR1SPHX","sharkwouter"],"log":"|j|\u2606CHR1SPHX\n|j|\u2606sharkwouter\n|t:|1774262978\n|gametype|doubles\n|player|p1|CHR1SPHX|hilbert|1358\n|player|p2|sharkwouter|170|1439\n|gen|9\n|tier|[Gen 9] VGC 2026 Reg I\n|rated|\n|rule|Species Clause: Limit one of each Pok\u00e9mon\n|rule|Item Clause: Limit 1 of each item\n|clearpoke\n|poke|p1|Flutter Mane, L50|\n|poke|p1|Incineroar, L50, M|\n|poke|p1|Ursaluna-Bloodmoon, L50, M|\n|poke|p1|Amoonguss, L50, M|\n|poke|p1|Koraidon, L50|\n|poke|p1|Lunala, L50|\n|poke|p2|Kyogre, L50|\n|poke|p2|Calyrex-Ice, L50|\n|poke|p2|Hitmontop, L50, M|\n|poke|p2|Amoonguss, L50, F|\n|poke|p2|Illumise, L50, F|\n|poke|p2|Basculegion, L50, M|\n|teampreview|4\n|inactive|Battle timer is ON: inactive players will automatically lose when time's up. (requested by CHR1SPHX)\n|inactive|sharkwouter has 60 seconds left.\n|\n|t:|1774263027\n|teamsize|p1|4\n|teamsize|p2|4\n|start\n|switch|p1a: Lunala|Lunala, L50, shiny|100/100\n|switch|p1b: Incineroar|Incineroar, L50, M|100/100\n|switch|p2a: Kyogre|Kyogre, L50|100/100\n|switch|p2b: Illumise|Illumise, L50, F|100/100\n|-weather|RainDance|[from] ability: Drizzle|[of] p2a: Kyogre\n|-ability|p1b: Incineroar|Intimidate|boost\n|-unboost|p2a: Kyogre|atk|1\n|-unboost|p2b: Illumise|atk|1\n|turn|1\n|inactive|CHR1SPHX has 30 seconds left.\n|\n|t:|1774263055\n|move|p2a: Kyogre|Protect|p2a: Kyogre\n|-singleturn|p2a: Kyogre|Protect\n|move|p1b: Incineroar|Fake Out|p2a: Kyogre\n|-activate|p2a: Kyogre|move: Protect\n|move|p2b: Illumise|Tailwind|p2b: Illumise\n|-sidestart|p2: sharkwouter|move: Tailwind\n|move|p1a: Lunala|Moongeist Beam|p2a: Kyogre\n|-activate|p2a: Kyogre|move: Protect\n|\n|-weather|RainDance|[upkeep]\n|upkeep\n|turn|2\n|inactive|sharkwouter has 30 seconds left.\n|inactive|sharkwouter has 20 seconds left.\n|inactive|sharkwouter has 15 seconds left.\n|inactive|sharkwouter has 10 seconds left.\n|inactive|sharkwouter has 5 seconds left.\n|\n|t:|1774263106\n|move|p1a: Lunala|Wide Guard|p1a: Lunala\n|-singleturn|p1a: Lunala|Wide Guard\n|move|p2b: Illumise|Rain Dance||[still]\n|-fail|p2b: Illumise\n|move|p2a: Kyogre|Hydro Pump|p1b: Incineroar\n|-supereffective|p1b: Incineroar\n|-damage|p1b: Incineroar|0 fnt\n|faint|p1b: Incineroar\n|\n|-weather|RainDance|[upkeep]\n|upkeep\n|\n|t:|1774263124\n|switch|p1b: Koraidon|Koraidon, L50|100/100\n|-weather|SunnyDay|[from] ability: Orichalcum Pulse|[of] p1b: Koraidon\n|-activate|p1b: Koraidon|Orichalcum Pulse|[source]\n|turn|3\n|\n|t:|1774263134\n|move|p2a: Kyogre|Protect|p2a: Kyogre\n|-singleturn|p2a: Kyogre|Protect\n|move|p2b: Illumise|Rain Dance|p2b: Illumise\n|-weather|RainDance\n|move|p1b: Koraidon|Flame Charge|p2b: Illumise\n|-supereffective|p2b: Illumise\n|-damage|p2b: Illumise|80/100\n|-boost|p1b: Koraidon|spe|1\n|move|p1a: Lunala|Moongeist Beam|p2a: Kyogre\n|-activate|p2a: Kyogre|move: Protect\n|\n|-weather|RainDance|[upkeep]\n|upkeep\n|turn|4\n|\n|t:|1774263157\n|move|p1b: Koraidon|Collision Course|p2a: Kyogre\n|-damage|p2a: Kyogre|49/100\n|move|p2a: Kyogre|Hydro Pump|p1b: Koraidon|[miss]\n|-miss|p2a: Kyogre|p1b: Koraidon\n|move|p2b: Illumise|Struggle Bug|p1b: Koraidon|[spread] p1a,p1b\n|-resisted|p1b: Koraidon\n|-damage|p1a: Lunala|97/100\n|-damage|p1b: Koraidon|96/100\n|-unboost|p1a: Lunala|spa|1\n|move|p1a: Lunala|Moongeist Beam|p2a: Kyogre\n|-damage|p2a: Kyogre|22/100\n|\n|-weather|RainDance|[upkeep]\n|-sideend|p2: sharkwouter|move: Tailwind\n|upkeep\n|turn|5\n|inactive|CHR1SPHX has 30 seconds left.\n|\n|t:|1774263195\n|move|p2a: Kyogre|Protect|p2a: Kyogre\n|-singleturn|p2a: Kyogre|Protect\n|move|p1b: Koraidon|Collision Course|p2a: Kyogre\n|-activate|p2a: Kyogre|move: Protect\n|move|p1a: Lunala|Moongeist Beam|p2b: Illumise\n|-damage|p2b: Illumise|48/100\n|move|p2b: Illumise|Struggle Bug|p1b: Koraidon|[spread] p1a,p1b\n|-resisted|p1b: Koraidon\n|-damage|p1a: Lunala|89/100\n|-damage|p1b: Koraidon|91/100\n|-unboost|p1a: Lunala|spa|1\n|\n|-weather|RainDance|[upkeep]\n|upkeep\n|turn|6\n|inactive|sharkwouter has 30 seconds left.\n|\n|t:|1774263226\n|switch|p1a: Flutter Mane|Flutter Mane, L50|100/100\n|move|p2b: Illumise|Tailwind|p2b: Illumise\n|-sidestart|p2: sharkwouter|move: Tailwind\n|move|p1b: Koraidon|Collision Course|p2a: Kyogre\n|-damage|p2a: Kyogre|0 fnt\n|faint|p2a: Kyogre\n|\n|-weather|RainDance|[upkeep]\n|upkeep\n|\n|t:|1774263238\n|switch|p2a: Calyrex|Calyrex-Ice, L50|100/100\n|-ability|p2a: Calyrex|As One\n|-ability|p2a: Calyrex|Unnerve\n|turn|7\n|inactive|sharkwouter has 30 seconds left.\n|\n|t:|1774263263\n|switch|p1b: Lunala|Lunala, L50, shiny|89/100\n|-terastallize|p2a: Calyrex|Grass\n|move|p1a: Flutter Mane|Protect|p1a: Flutter Mane\n|-singleturn|p1a: Flutter Mane|Protect\n|move|p2b: Illumise|Struggle Bug|p1a: Flutter Mane|[spread] p1b\n|-activate|p1a: Flutter Mane|move: Protect\n|-damage|p1b: Lunala|82/100\n|-unboost|p1b: Lunala|spa|1\n|move|p2a: Calyrex|Trick Room|p2a: Calyrex\n|-fieldstart|move: Trick Room|[of] p2a: Calyrex\n|\n|-weather|none\n|upkeep\n|turn|8\n|inactive|CHR1SPHX has 30 seconds left.\n|inactive|sharkwouter has 30 seconds left.\n|\n|t:|1774263290\n|move|p1b: Lunala|Wide Guard|p1b: Lunala\n|-singleturn|p1b: Lunala|Wide Guard\n|move|p2b: Illumise|Encore|p1a: Flutter Mane\n|-start|p1a: Flutter Mane|Encore\n|move|p2a: Calyrex|Seed Bomb|p1b: Lunala\n|-damage|p1b: Lunala|45/100\n|move|p1a: Flutter Mane|Protect||[still]\n|-fail|p1a: Flutter Mane\n|\n|upkeep\n|turn|9\n|\n|t:|1774263308\n|-end|p1a: Flutter Mane|Protosynthesis|[silent]\n|switch|p1a: Koraidon|Koraidon, L50|91/100\n|-weather|SunnyDay|[from] ability: Orichalcum Pulse|[of] p1a: Koraidon\n|-activate|p1a: Koraidon|Orichalcum Pulse|[source]\n|move|p2b: Illumise|Encore|p1b: Lunala\n|-start|p1b: Lunala|Encore\n|-enditem|p1b: Lunala|Mental Herb\n|-end|p1b: Lunala|Encore\n|move|p2a: Calyrex|Seed Bomb|p1b: Lunala\n|-damage|p1b: Lunala|3/100\n|move|p1b: Lunala|Moongeist Beam|p2a: Calyrex\n|-damage|p2a: Calyrex|74/100\n|\n|-weather|SunnyDay|[upkeep]\n|-sideend|p2: sharkwouter|move: Tailwind\n|upkeep\n|turn|10\n|inactive|CHR1SPHX has 30 seconds left.\n|inactive|sharkwouter has 30 seconds left.\n|\n|t:|1774263337\n|switch|p1b: Flutter Mane|Flutter Mane, L50|100/100\n|-activate|p1b: Flutter Mane|ability: Protosynthesis\n|-start|p1b: Flutter Mane|protosynthesisspe\n|-terastallize|p1a: Koraidon|Fire\n|move|p2b: Illumise|Rain Dance|p2b: Illumise\n|-weather|RainDance\n|-end|p1b: Flutter Mane|Protosynthesis\n|move|p2a: Calyrex|Seed Bomb|p1b: Flutter Mane\n|-enditem|p1b: Flutter Mane|Focus Sash\n|-damage|p1b: Flutter Mane|1/100\n|move|p1a: Koraidon|Flare Blitz|p2a: Calyrex\n|-supereffective|p2a: Calyrex\n|-damage|p2a: Calyrex|35/100\n|-damage|p1a: Koraidon|77/100|[from] Recoil\n|\n|-weather|RainDance|[upkeep]\n|upkeep\n|turn|11\n|inactive|sharkwouter has 30 seconds left.\n|\n|t:|1774263368\n|move|p1b: Flutter Mane|Protect|p1b: Flutter Mane\n|-singleturn|p1b: Flutter Mane|Protect\n|move|p2a: Calyrex|Glacial Lance|p1a: Koraidon|[spread] p1a\n|-activate|p1b: Flutter Mane|move: Protect\n|-resisted|p1a: Koraidon\n|-damage|p1a: Koraidon|49/100\n|move|p2b: Illumise|Struggle Bug|p1b: Flutter Mane|[spread] p1a\n|-activate|p1b: Flutter Mane|move: Protect\n|-resisted|p1a: Koraidon\n|-damage|p1a: Koraidon|44/100\n|move|p1a: Koraidon|Flare Blitz|p2a: Calyrex\n|-supereffective|p2a: Calyrex\n|-damage|p2a: Calyrex|0 fnt\n|faint|p2a: Calyrex\n|-damage|p1a: Koraidon|32/100|[from] Recoil\n|\n|-weather|RainDance|[upkeep]\n|-fieldend|move: Trick Room\n|upkeep\n|\n|t:|1774263379\n|switch|p2a: Basculegion|Basculegion, L50, M|100/100\n|turn|12\n|\n|t:|1774263400\n|switch|p1a: Lunala|Lunala, L50, shiny|3/100\n|move|p2b: Illumise|Encore|p1b: Flutter Mane\n|-start|p1b: Flutter Mane|Encore\n|move|p2a: Basculegion|Flip Turn|p1a: Lunala\n|-damage|p1a: Lunala|0 fnt\n|faint|p1a: Lunala\n|move|p1b: Flutter Mane|Protect||[still]\n|-fail|p1b: Flutter Mane\n|\n|-weather|RainDance|[upkeep]\n|upkeep\n|\n|t:|1774263405\n|switch|p1a: Koraidon|Koraidon, L50, tera:Fire|32/100\n|-weather|SunnyDay|[from] ability: Orichalcum Pulse|[of] p1a: Koraidon\n|-activate|p1b: Flutter Mane|ability: Protosynthesis\n|-start|p1b: Flutter Mane|protosynthesisspe\n|-activate|p1a: Koraidon|Orichalcum Pulse|[source]\n|turn|13\n|\n|t:|1774263422\n|move|p1b: Flutter Mane|Protect|p1b: Flutter Mane\n|-singleturn|p1b: Flutter Mane|Protect\n|move|p2b: Illumise|Rain Dance|p2b: Illumise\n|-weather|RainDance\n|-end|p1b: Flutter Mane|Protosynthesis\n|move|p2a: Basculegion|Flip Turn|p1a: Koraidon\n|-supereffective|p1a: Koraidon\n|-damage|p1a: Koraidon|0 fnt\n|faint|p1a: Koraidon\n|\n|-weather|RainDance|[upkeep]\n|upkeep\n|turn|14\n|-message|CHR1SPHX forfeited.\n|\n|win|sharkwouter\n|raw|CHR1SPHX's rating: 1358 &rarr; <strong>1343</strong><br />(-15 for losing)\n|raw|sharkwouter's rating: 1439 &rarr; <strong>1454</strong><br />(+15 for winning)\n|l|\u2606CHR1SPHX\n|player|p1|\n","uploadtime":1774263644,"views":10,"formatid":"gen9vgc2026regi","rating":1343,"private":0,"password":null}