{"id":"gen9vgc2026regi-2547490863","format":"[Gen 9] VGC 2026 Reg I","players":["haruto18062001","blackred123"],"log":"|j|\u2606haruto18062001\n|j|\u2606blackred123\n|t:|1772097779\n|gametype|doubles\n|player|p1|haruto18062001|169|1375\n|player|p2|blackred123|iono-masters|1414\n|gen|9\n|tier|[Gen 9] VGC 2026 Reg I\n|rated|\n|rule|Species Clause: Limit one of each Pok\u00e9mon\n|rule|Item Clause: Limit 1 of each item\n|clearpoke\n|poke|p1|Kyogre, L50|\n|poke|p1|Tornadus, L50, M|\n|poke|p1|Wo-Chien, L50|\n|poke|p1|Rhydon, L50, M|\n|poke|p1|Zamazenta-*, L50|\n|poke|p1|Incineroar, L50, M|\n|poke|p2|Calyrex-Shadow, L50|\n|poke|p2|Zamazenta-*, L50|\n|poke|p2|Chien-Pao, L50|\n|poke|p2|Dragonite, L50, M|\n|poke|p2|Amoonguss, L50, F|\n|poke|p2|Ogerpon-Cornerstone, L50, F|\n|teampreview|4\n|inactive|Battle timer is ON: inactive players will automatically lose when time's up. (requested by blackred123)\n|\n|t:|1772097801\n|teamsize|p1|4\n|teamsize|p2|4\n|start\n|switch|p1a: Incineroar|Incineroar, L50, M, shiny|100/100\n|switch|p1b: Zamazenta|Zamazenta-Crowned, L50|100/100\n|switch|p2a: Zamazenta|Zamazenta-Crowned, L50|100/100\n|switch|p2b: Chien-Pao|Chien-Pao, L50|100/100\n|-ability|p2b: Chien-Pao|Sword of Ruin\n|-ability|p1b: Zamazenta|Dauntless Shield|boost\n|-boost|p1b: Zamazenta|def|1\n|-ability|p2a: Zamazenta|Dauntless Shield|boost\n|-boost|p2a: Zamazenta|def|1\n|-ability|p1a: Incineroar|Intimidate|boost\n|-unboost|p2a: Zamazenta|atk|1\n|-unboost|p2b: Chien-Pao|atk|1\n|turn|1\n|\n|t:|1772097819\n|-terastallize|p2a: Zamazenta|Dragon\n|move|p1a: Incineroar|Fake Out|p2a: Zamazenta\n|-damage|p2a: Zamazenta|95/100\n|move|p2b: Chien-Pao|Ruination|p1b: Zamazenta\n|-damage|p1b: Zamazenta|50/100\n|move|p1b: Zamazenta|Iron Defense|p1b: Zamazenta\n|-boost|p1b: Zamazenta|def|2\n|cant|p2a: Zamazenta|flinch\n|\n|upkeep\n|turn|2\n|\n|t:|1772097838\n|-terastallize|p1b: Zamazenta|Grass\n|move|p2b: Chien-Pao|Ruination|p1b: Zamazenta\n|-damage|p1b: Zamazenta|25/100\n|move|p1b: Zamazenta|Body Press|p2a: Zamazenta\n|-damage|p2a: Zamazenta|31/100\n|move|p2a: Zamazenta|Body Press|p1a: Incineroar\n|-supereffective|p1a: Incineroar\n|-damage|p1a: Incineroar|0 fnt\n|faint|p1a: Incineroar\n|\n|upkeep\n|\n|t:|1772097852\n|switch|p1a: Tornadus|Tornadus, L50, M|100/100\n|turn|3\n|\n|t:|1772097862\n|move|p1a: Tornadus|Tailwind|p1a: Tornadus\n|-sidestart|p1: haruto18062001|move: Tailwind\n|move|p1b: Zamazenta|Body Press|p2b: Chien-Pao\n|-supereffective|p2b: Chien-Pao\n|-damage|p2b: Chien-Pao|0 fnt\n|faint|p2b: Chien-Pao\n|move|p2a: Zamazenta|Body Press|p1b: Zamazenta\n|-damage|p1b: Zamazenta|8/100\n|\n|upkeep\n|\n|t:|1772097869\n|switch|p2b: Dragonite|Dragonite, L50, M|100/100\n|turn|4\n|\n|t:|1772097880\n|move|p2a: Zamazenta|Wide Guard|p2a: Zamazenta\n|-singleturn|p2a: Zamazenta|Wide Guard\n|move|p2b: Dragonite|Extreme Speed|p1b: Zamazenta\n|-crit|p1b: Zamazenta\n|-damage|p1b: Zamazenta|0 fnt\n|faint|p1b: Zamazenta\n|move|p1a: Tornadus|Bleakwind Storm|p2b: Dragonite|[spread] \n|-activate|p2a: Zamazenta|move: Wide Guard\n|-activate|p2b: Dragonite|move: Wide Guard\n|\n|upkeep\n|\n|t:|1772097891\n|switch|p1b: Kyogre|Kyogre, L50|100/100\n|-weather|RainDance|[from] ability: Drizzle|[of] p1b: Kyogre\n|turn|5\n|\n|t:|1772097901\n|move|p2a: Zamazenta|Wide Guard|p2a: Zamazenta\n|-singleturn|p2a: Zamazenta|Wide Guard\n|move|p2b: Dragonite|Extreme Speed|p1b: Kyogre\n|-damage|p1b: Kyogre|52/100\n|move|p1a: Tornadus|Bleakwind Storm|p2a: Zamazenta|[spread] \n|-activate|p2a: Zamazenta|move: Wide Guard\n|-activate|p2b: Dragonite|move: Wide Guard\n|move|p1b: Kyogre|Thunder|p2a: Zamazenta\n|-resisted|p2a: Zamazenta\n|-damage|p2a: Zamazenta|18/100\n|\n|-weather|RainDance|[upkeep]\n|upkeep\n|turn|6\n|l|\u2606haruto18062001\n|inactive|haruto18062001 disconnected and has a minute to reconnect!\n|player|p1|\n|inactive|haruto18062001 has 30 seconds left.\n|inactive|haruto18062001 has 20 seconds left.\n|inactive|haruto18062001 has 15 seconds left.\n|inactive|haruto18062001 has 10 seconds left.\n|inactive|haruto18062001 has 5 seconds left.\n|-message|haruto18062001 lost due to inactivity.\n|\n|win|blackred123\n|raw|haruto18062001's rating: 1375 &rarr; <strong>1357</strong><br />(-18 for losing)\n|raw|blackred123's rating: 1414 &rarr; <strong>1432</strong><br />(+18 for winning)\n","uploadtime":1772098175,"views":12,"formatid":"gen9vgc2026regi","rating":1357,"private":0,"password":null}