{"id":"gen9vgc2026regi-2535646884","format":"[Gen 9] VGC 2026 Reg I","players":["wabofit","alexit93"],"log":"|j|\u2606wabofit\n|j|\u2606alexit93\n|t:|1770590689\n|gametype|doubles\n|player|p1|wabofit|101|1211\n|player|p2|alexit93|lucas-gen4pt|1418\n|gen|9\n|tier|[Gen 9] VGC 2026 Reg I\n|rated|\n|rule|Species Clause: Limit one of each Pok\u00e9mon\n|rule|Item Clause: Limit 1 of each item\n|clearpoke\n|poke|p1|Calyrex-Ice, L50|\n|poke|p1|Farigiraf, L50, F|\n|poke|p1|Dragapult, L50, F|\n|poke|p1|Brute Bonnet, L50|\n|poke|p1|Lunala, L50|\n|poke|p1|Incineroar, L50, F|\n|poke|p2|Zamazenta-*, L50|\n|poke|p2|Riolu, L50, F|\n|poke|p2|Calyrex-Ice, L50|\n|poke|p2|Rillaboom, L50, F|\n|poke|p2|Incineroar, L50, F|\n|poke|p2|Urshifu-*, L50, F|\n|teampreview|4\n|inactive|Battle timer is ON: inactive players will automatically lose when time's up. (requested by wabofit)\n|inactive|wabofit has 60 seconds left.\n|\n|t:|1770590737\n|teamsize|p1|4\n|teamsize|p2|4\n|start\n|switch|p1a: Lunala|Lunala, L50|100/100\n|switch|p1b: Incineroar|Incineroar, L50, F|100/100\n|switch|p2a: Calyrex|Calyrex-Ice, L50|100/100\n|switch|p2b: Riolu|Riolu, L50, F|100/100\n|-ability|p2a: Calyrex|As One\n|-ability|p2a: Calyrex|Unnerve\n|-ability|p1b: Incineroar|Intimidate|boost\n|-fail|p2a: Calyrex|unboost|[from] item: Clear Amulet|[of] p2a: Calyrex\n|-unboost|p2b: Riolu|atk|1\n|turn|1\n|\n|t:|1770590758\n|-terastallize|p2a: Calyrex|Ground\n|move|p2b: Riolu|Quick Guard|p2b: Riolu\n|-singleturn|p2b: Riolu|Quick Guard\n|move|p1a: Lunala|Wide Guard|p1a: Lunala\n|-singleturn|p1a: Lunala|Wide Guard\n|move|p1b: Incineroar|Knock Off|p2a: Calyrex\n|-damage|p2a: Calyrex|76/100\n|-enditem|p2a: Calyrex|Clear Amulet|[from] move: Knock Off|[of] p1b: Incineroar\n|move|p2a: Calyrex|High Horsepower|p1b: Incineroar\n|-supereffective|p1b: Incineroar\n|-damage|p1b: Incineroar|1/100\n|\n|upkeep\n|turn|2\n|inactive|wabofit has 30 seconds left.\n|\n|t:|1770590786\n|switch|p1b: Dragapult|Dragapult, L50, F|100/100\n|move|p2b: Riolu|Feint|p1b: Dragapult\n|-immune|p1b: Dragapult\n|move|p1a: Lunala|Moongeist Beam|p2a: Calyrex\n|-damage|p2a: Calyrex|34/100\n|move|p2a: Calyrex|Glacial Lance|p1b: Dragapult|[spread] p1a,p1b\n|-supereffective|p1b: Dragapult\n|-damage|p1a: Lunala|77/100\n|-enditem|p1b: Dragapult|Focus Sash\n|-damage|p1b: Dragapult|1/100\n|\n|upkeep\n|turn|3\n|inactive|wabofit has 30 seconds left.\n|\n|t:|1770590818\n|switch|p2a: Incineroar|Incineroar, L50, F|100/100\n|-ability|p2a: Incineroar|Intimidate|boost\n|-unboost|p1a: Lunala|atk|1\n|-fail|p1b: Dragapult|unboost|[from] ability: Clear Body|[of] p1b: Dragapult\n|-terastallize|p1a: Lunala|Fairy\n|move|p2b: Riolu|Coaching|p2a: Incineroar\n|-boost|p2a: Incineroar|atk|1\n|-boost|p2a: Incineroar|def|1\n|move|p1b: Dragapult|Phantom Force||[still]\n|-prepare|p1b: Dragapult|Phantom Force\n|move|p1a: Lunala|Dazzling Gleam|p2b: Riolu|[spread] p2a,p2b\n|-supereffective|p2b: Riolu\n|-damage|p2a: Incineroar|67/100\n|-damage|p2b: Riolu|19/100\n|\n|upkeep\n|turn|4\n|inactive|wabofit has 30 seconds left.\n|\n|t:|1770590853\n|switch|p2b: Zamazenta|Zamazenta-Crowned, L50, shiny|100/100\n|-ability|p2b: Zamazenta|Dauntless Shield|boost\n|-boost|p2b: Zamazenta|def|1\n|move|p2a: Incineroar|Fake Out|p1a: Lunala\n|-damage|p1a: Lunala|64/100\n|move|p1b: Dragapult|Phantom Force|p2b: Zamazenta|[from] lockedmove\n|-damage|p2b: Zamazenta|83/100\n|cant|p1a: Lunala|flinch\n|\n|upkeep\n|turn|5\n|inactive|wabofit has 30 seconds left.\n|inactive|wabofit has 20 seconds left.\n|inactive|wabofit has 15 seconds left.\n|inactive|wabofit has 10 seconds left.\n|inactive|wabofit has 5 seconds left.\n|\n|t:|1770590905\n|move|p1b: Dragapult|Phantom Force||[still]\n|-prepare|p1b: Dragapult|Phantom Force\n|move|p2b: Zamazenta|Behemoth Bash|p1a: Lunala\n|-supereffective|p1a: Lunala\n|-damage|p1a: Lunala|9/100\n|-enditem|p1a: Lunala|Weakness Policy\n|-boost|p1a: Lunala|atk|2|[from] item: Weakness Policy\n|-boost|p1a: Lunala|spa|2|[from] item: Weakness Policy\n|move|p2a: Incineroar|Knock Off|p1b: Dragapult|[miss]\n|-miss|p2a: Incineroar|p1b: Dragapult\n|move|p1a: Lunala|Trick Room|p1a: Lunala\n|-fieldstart|move: Trick Room|[of] p1a: Lunala\n|\n|upkeep\n|turn|6\n|\n|t:|1770590924\n|move|p2a: Incineroar|Knock Off|p1a: Lunala\n|-resisted|p1a: Lunala\n|-damage|p1a: Lunala|0 fnt\n|faint|p1a: Lunala\n|move|p2b: Zamazenta|Behemoth Bash|p1b: Dragapult|[miss]\n|-miss|p2b: Zamazenta|p1b: Dragapult\n|move|p1b: Dragapult|Phantom Force|p2a: Incineroar|[from] lockedmove\n|-resisted|p2a: Incineroar\n|-damage|p2a: Incineroar|55/100\n|-damage|p1b: Dragapult|0 fnt|[from] item: Rocky Helmet|[of] p2a: Incineroar\n|faint|p1b: Dragapult\n|\n|upkeep\n|\n|t:|1770590941\n|switch|p1a: Calyrex|Calyrex-Ice, L50|100/100\n|switch|p1b: Incineroar|Incineroar, L50, F|1/100\n|-ability|p1a: Calyrex|As One\n|-ability|p1a: Calyrex|Unnerve\n|-ability|p1b: Incineroar|Intimidate|boost\n|-unboost|p2a: Incineroar|atk|1\n|-unboost|p2b: Zamazenta|atk|1\n|turn|7\n|inactive|wabofit has 30 seconds left.\n|\n|t:|1770590968\n|move|p2b: Zamazenta|Protect|p2b: Zamazenta\n|-singleturn|p2b: Zamazenta|Protect\n|move|p1b: Incineroar|Fake Out|p2a: Incineroar\n|-damage|p2a: Incineroar|48/100\n|-damage|p1b: Incineroar|0 fnt|[from] item: Rocky Helmet|[of] p2a: Incineroar\n|faint|p1b: Incineroar\n|move|p1a: Calyrex|High Horsepower|p2a: Incineroar\n|-supereffective|p2a: Incineroar\n|-damage|p2a: Incineroar|0 fnt\n|-damage|p1a: Calyrex|84/100|[from] item: Rocky Helmet|[of] p2a: Incineroar\n|faint|p2a: Incineroar\n|-ability|p1a: Calyrex|Chilling Neigh|boost\n|-boost|p1a: Calyrex|atk|1\n|-damage|p1a: Calyrex|74/100|[from] item: Life Orb\n|\n|upkeep\n|\n|t:|1770590975\n|switch|p2a: Riolu|Riolu, L50, F|19/100\n|turn|8\n|inactive|wabofit has 30 seconds left.\n|inactive|wabofit has 20 seconds left.\n|inactive|wabofit has 15 seconds left.\n|inactive|wabofit has 10 seconds left.\n|inactive|wabofit has 5 seconds left.\n|\n|t:|1770591030\n|move|p2b: Zamazenta|Wide Guard|p2b: Zamazenta\n|-singleturn|p2b: Zamazenta|Wide Guard\n|move|p2a: Riolu|Coaching|p2b: Zamazenta\n|-boost|p2b: Zamazenta|atk|1\n|-boost|p2b: Zamazenta|def|1\n|move|p1a: Calyrex|Swords Dance|p1a: Calyrex\n|-boost|p1a: Calyrex|atk|2\n|\n|upkeep\n|turn|9\n|\n|t:|1770591046\n|move|p2b: Zamazenta|Protect||[still]\n|-fail|p2b: Zamazenta\n|move|p2a: Riolu|Coaching|p2b: Zamazenta\n|-boost|p2b: Zamazenta|atk|1\n|-boost|p2b: Zamazenta|def|1\n|move|p1a: Calyrex|High Horsepower|p2b: Zamazenta|[miss]\n|-miss|p1a: Calyrex|p2b: Zamazenta\n|\n|-fieldend|move: Trick Room\n|upkeep\n|turn|10\n|c|\u2606wabofit|5%\n|\n|t:|1770591068\n|move|p2a: Riolu|Coaching|p2b: Zamazenta\n|-boost|p2b: Zamazenta|atk|1\n|-boost|p2b: Zamazenta|def|1\n|move|p2b: Zamazenta|Body Press|p1a: Calyrex\n|-damage|p1a: Calyrex|0 fnt\n|faint|p1a: Calyrex\n|\n|win|alexit93\n|raw|wabofit's rating: 1211 &rarr; <strong>1199</strong><br />(-12 for losing)\n|raw|alexit93's rating: 1418 &rarr; <strong>1427</strong><br />(+9 for winning)\n|l|\u2606alexit93\n|player|p2|\n|l|\u2606wabofit\n|player|p1|\n","uploadtime":1770591308,"views":19,"formatid":"gen9vgc2026regi","rating":1199,"private":0,"password":null}