{"id":"gen9vgc2026regi-2577895003","format":"[Gen 9] VGC 2026 Reg I","players":["eltutonach","Chay655"],"log":"|j|\u2606eltutonach\n|j|\u2606Chay655\n|t:|1775617402\n|gametype|doubles\n|player|p1|eltutonach|102|1060\n|player|p2|Chay655|170|1094\n|gen|9\n|tier|[Gen 9] VGC 2026 Reg I\n|rated|\n|rule|Species Clause: Limit one of each Pok\u00e9mon\n|rule|Item Clause: Limit 1 of each item\n|clearpoke\n|poke|p1|Cobalion, L50|\n|poke|p1|Whimsicott, L50, F|\n|poke|p1|Kyogre, L50|\n|poke|p1|Calyrex-Ice, L50|\n|poke|p1|Grimmsnarl, L50, M|\n|poke|p1|Indeedee-F, L50, F|\n|poke|p2|Miraidon, L50|\n|poke|p2|Urshifu-*, L50, M|\n|poke|p2|Incineroar, L50, F|\n|poke|p2|Rillaboom, L50, F|\n|poke|p2|Amoonguss, L50, M|\n|poke|p2|Iron Bundle, L50|\n|teampreview|4\n|inactive|Battle timer is ON: inactive players will automatically lose when time's up. (requested by eltutonach)\n|\n|t:|1775617413\n|teamsize|p1|4\n|teamsize|p2|4\n|start\n|switch|p1a: Cobalion|Cobalion, L50|100/100\n|switch|p1b: Whimsicott|Whimsicott, L50, F|100/100\n|switch|p2a: Rillaboom|Rillaboom, L50, F|100/100\n|switch|p2b: Iron Bundle|Iron Bundle, L50|100/100\n|-fieldstart|move: Grassy Terrain|[from] ability: Grassy Surge|[of] p2a: Rillaboom\n|-enditem|p2b: Iron Bundle|Booster Energy\n|-activate|p2b: Iron Bundle|ability: Quark Drive|[fromitem]\n|-start|p2b: Iron Bundle|quarkdrivespe\n|turn|1\n|inactive|Chay655 has 30 seconds left.\n|\n|t:|1775617443\n|-end|p2b: Iron Bundle|Quark Drive|[silent]\n|switch|p2b: Incineroar|Incineroar, L50, F|100/100\n|-ability|p2b: Incineroar|Intimidate|boost\n|-unboost|p1a: Cobalion|atk|1\n|-unboost|p1b: Whimsicott|atk|1\n|-terastallize|p1b: Whimsicott|Ghost\n|move|p2a: Rillaboom|Fake Out|p1b: Whimsicott\n|-immune|p1b: Whimsicott\n|move|p1a: Cobalion|Sacred Sword|p2b: Incineroar\n|-supereffective|p2b: Incineroar\n|-damage|p2b: Incineroar|28/100\n|move|p1b: Whimsicott|Beat Up|p1a: Cobalion\n|-resisted|p1a: Cobalion\n|-crit|p1a: Cobalion\n|-damage|p1a: Cobalion|99/100\n|-ability|p1a: Cobalion|Justified|boost\n|-boost|p1a: Cobalion|atk|1\n|-resisted|p1a: Cobalion\n|-damage|p1a: Cobalion|98/100\n|-ability|p1a: Cobalion|Justified|boost\n|-boost|p1a: Cobalion|atk|1\n|-resisted|p1a: Cobalion\n|-damage|p1a: Cobalion|97/100\n|-ability|p1a: Cobalion|Justified|boost\n|-boost|p1a: Cobalion|atk|1\n|-resisted|p1a: Cobalion\n|-damage|p1a: Cobalion|96/100\n|-ability|p1a: Cobalion|Justified|boost\n|-boost|p1a: Cobalion|atk|1\n|-hitcount|p1a: Cobalion|4\n|\n|-heal|p1a: Cobalion|100/100|[from] Grassy Terrain\n|-heal|p2b: Incineroar|34/100|[from] Grassy Terrain\n|upkeep\n|turn|2\n|inactive|Chay655 has 30 seconds left.\n|inactive|Chay655 has 20 seconds left.\n|inactive|Chay655 has 15 seconds left.\n|inactive|Chay655 has 10 seconds left.\n|inactive|Chay655 has 5 seconds left.\n|\n|t:|1775617494\n|move|p1b: Whimsicott|Tailwind|p1b: Whimsicott\n|-sidestart|p1: eltutonach|move: Tailwind\n|move|p1a: Cobalion|Sacred Sword|p2b: Incineroar\n|-supereffective|p2b: Incineroar\n|-damage|p2b: Incineroar|0 fnt\n|faint|p2b: Incineroar\n|move|p2a: Rillaboom|Wood Hammer|p1b: Whimsicott\n|-damage|p1b: Whimsicott|29/100\n|-damage|p2a: Rillaboom|81/100|[from] Recoil\n|\n|-heal|p1b: Whimsicott|35/100|[from] Grassy Terrain\n|-heal|p2a: Rillaboom|87/100|[from] Grassy Terrain\n|-heal|p2a: Rillaboom|93/100|[from] item: Leftovers\n|upkeep\n|\n|t:|1775617513\n|switch|p2b: Amoonguss|Amoonguss, L50, M|100/100\n|turn|3\n|\n|t:|1775617527\n|move|p1a: Cobalion|Sacred Sword|p2a: Rillaboom\n|-damage|p2a: Rillaboom|0 fnt\n|faint|p2a: Rillaboom\n|move|p1b: Whimsicott|Beat Up|p1a: Cobalion\n|-resisted|p1a: Cobalion\n|-damage|p1a: Cobalion|99/100\n|-ability|p1a: Cobalion|Justified|boost\n|-boost|p1a: Cobalion|atk|1\n|-resisted|p1a: Cobalion\n|-damage|p1a: Cobalion|99/100\n|-ability|p1a: Cobalion|Justified|boost\n|-boost|p1a: Cobalion|atk|1\n|-resisted|p1a: Cobalion\n|-damage|p1a: Cobalion|98/100\n|-ability|p1a: Cobalion|Justified|boost\n|-boost|p1a: Cobalion|atk|1\n|-resisted|p1a: Cobalion\n|-damage|p1a: Cobalion|98/100\n|-hitcount|p1a: Cobalion|4\n|move|p2b: Amoonguss|Spore|p1a: Cobalion\n|-status|p1a: Cobalion|slp|[from] move: Spore\n|\n|-heal|p1a: Cobalion|100/100 slp|[from] Grassy Terrain\n|-heal|p1b: Whimsicott|41/100|[from] Grassy Terrain\n|upkeep\n|\n|t:|1775617548\n|switch|p2a: Iron Bundle|Iron Bundle, L50|100/100\n|turn|4\n|\n|t:|1775617572\n|move|p1b: Whimsicott|Taunt|p2b: Amoonguss\n|-start|p2b: Amoonguss|move: Taunt\n|cant|p1a: Cobalion|slp\n|move|p2a: Iron Bundle|Hydro Pump|p1a: Cobalion|[miss]\n|-miss|p2a: Iron Bundle|p1a: Cobalion\n|move|p2b: Amoonguss|Pollen Puff|p1a: Cobalion\n|-resisted|p1a: Cobalion\n|-damage|p1a: Cobalion|95/100 slp\n|\n|-heal|p1a: Cobalion|100/100 slp|[from] Grassy Terrain\n|-heal|p1b: Whimsicott|47/100|[from] Grassy Terrain\n|upkeep\n|turn|5\n|inactive|eltutonach has 30 seconds left.\n|\n|t:|1775617599\n|switch|p1b: Indeedee|Indeedee-F, L50, F|100/100\n|cant|p1a: Cobalion|slp\n|move|p2a: Iron Bundle|Hydro Pump|p1a: Cobalion\n|-damage|p1a: Cobalion|28/100 slp\n|move|p2b: Amoonguss|Pollen Puff|p1b: Indeedee\n|-supereffective|p1b: Indeedee\n|-damage|p1b: Indeedee|63/100\n|\n|-heal|p1b: Indeedee|69/100|[from] Grassy Terrain\n|-heal|p1a: Cobalion|34/100 slp|[from] Grassy Terrain\n|-sideend|p1: eltutonach|move: Tailwind\n|-fieldend|move: Grassy Terrain\n|upkeep\n|turn|6\n|\n|t:|1775617619\n|move|p1b: Indeedee|Fake Out|p2a: Iron Bundle\n|-damage|p2a: Iron Bundle|91/100\n|cant|p2a: Iron Bundle|flinch\n|-curestatus|p1a: Cobalion|slp|[msg]\n|move|p1a: Cobalion|Sacred Sword|p2a: Iron Bundle\n|-supereffective|p2a: Iron Bundle\n|-damage|p2a: Iron Bundle|0 fnt\n|faint|p2a: Iron Bundle\n|-end|p2a: Iron Bundle|Quark Drive|[silent]\n|move|p2b: Amoonguss|Pollen Puff|p1b: Indeedee\n|-supereffective|p1b: Indeedee\n|-damage|p1b: Indeedee|32/100\n|\n|-end|p2b: Amoonguss|move: Taunt\n|upkeep\n|turn|7\n|-message|Chay655 forfeited.\n|\n|win|eltutonach\n|raw|eltutonach's rating: 1060 &rarr; <strong>1094</strong><br />(+34 for winning)\n|raw|Chay655's rating: 1094 &rarr; <strong>1068</strong><br />(-26 for losing)\n|l|\u2606Chay655\n|player|p2|\n|l|\u2606eltutonach\n|player|p1|\n","uploadtime":1775617939,"views":10,"formatid":"gen9vgc2026regi","rating":1068,"private":0,"password":null}