{"id":"gen9vgc2026regi-2561643956","format":"[Gen 9] VGC 2026 Reg I","players":["FireYeti07","TheManOfSausage"],"log":"|j|\u203dFireYeti07\n|j|\u2606TheManOfSausage\n|t:|1773826955\n|gametype|doubles\n|player|p1|FireYeti07|hilbert|1492\n|player|p2|TheManOfSausage|miku-water|1440\n|gen|9\n|tier|[Gen 9] VGC 2026 Reg I\n|rated|\n|rule|Species Clause: Limit one of each Pok\u00e9mon\n|rule|Item Clause: Limit 1 of each item\n|clearpoke\n|poke|p1|Kyogre, L50|\n|poke|p1|Zacian-*, L50|\n|poke|p1|Raichu, L50, M|\n|poke|p1|Chien-Pao, L50|\n|poke|p1|Farigiraf, L50, F|\n|poke|p1|Whimsicott, L50, M|\n|poke|p2|Calyrex-Shadow, L50|\n|poke|p2|Miraidon, L50|\n|poke|p2|Clefairy, L50, M|\n|poke|p2|Rillaboom, L50, M|\n|poke|p2|Incineroar, L50, M|\n|poke|p2|Iron Bundle, L50|\n|teampreview|4\n|inactive|Battle timer is ON: inactive players will automatically lose when time's up. (requested by FireYeti07)\nTheManOfSausage has agreed to open team sheets.\n|inactive|FireYeti07 has 60 seconds left.\n|inactive|FireYeti07 has 30 seconds left.\n|inactive|FireYeti07 has 20 seconds left.\n|inactive|FireYeti07 has 15 seconds left.\n|\n|t:|1773827032\n|teamsize|p1|4\n|teamsize|p2|4\n|start\n|switch|p1a: Chien-Pao|Chien-Pao, L50|100/100\n|switch|p1b: Raichu|Raichu, L50, M|100/100\n|switch|p2a: Magical Mirai|Miraidon, L50|100/100\n|switch|p2b: Rice Shower|Calyrex-Shadow, L50|100/100\n|-ability|p2b: Rice Shower|As One\n|-ability|p2b: Rice Shower|Unnerve\n|-fieldstart|move: Electric Terrain|[from] ability: Hadron Engine|[of] p2a: Magical Mirai\n|-ability|p1a: Chien-Pao|Sword of Ruin\n|turn|1\n|\n|t:|1773827057\n|-terastallize|p2b: Rice Shower|Fairy\n|move|p2a: Magical Mirai|Snarl|p1a: Chien-Pao|[spread] p1a,p1b\n|-resisted|p1a: Chien-Pao\n|-crit|p1a: Chien-Pao\n|-damage|p1a: Chien-Pao|75/100\n|-damage|p1b: Raichu|80/100\n|-unboost|p1a: Chien-Pao|spa|1\n|-unboost|p1b: Raichu|spa|1\n|move|p2b: Rice Shower|Astral Barrage|p1b: Raichu|[spread] p1a,p1b\n|-resisted|p1a: Chien-Pao\n|-damage|p1a: Chien-Pao|33/100\n|-damage|p1b: Raichu|33/100\n|move|p1a: Chien-Pao|Icicle Crash|p2a: Magical Mirai\n|-supereffective|p2a: Magical Mirai\n|-damage|p2a: Magical Mirai|0 fnt\n|faint|p2a: Magical Mirai\n|move|p1b: Raichu|Nuzzle|p2b: Rice Shower\n|-damage|p2b: Rice Shower|89/100\n|\n|upkeep\n|\n|t:|1773827067\n|switch|p2a: Iron Bundle|Iron Bundle, L50|100/100\n|-activate|p2a: Iron Bundle|ability: Quark Drive\n|-start|p2a: Iron Bundle|quarkdrivespe\n|turn|2\n|\n|t:|1773827082\n|-end|p2a: Iron Bundle|Quark Drive|[silent]\n|switch|p2a: Incineroar|Incineroar, L50, M, shiny|100/100\n|-ability|p2a: Incineroar|Intimidate|boost\n|-unboost|p1a: Chien-Pao|atk|1\n|-unboost|p1b: Raichu|atk|1\n|move|p1a: Chien-Pao|Sucker Punch||[still]\n|-fail|p1a: Chien-Pao\n|move|p2b: Rice Shower|Astral Barrage|p1a: Chien-Pao|[spread] p1a,p1b\n|-resisted|p1a: Chien-Pao\n|-damage|p1a: Chien-Pao|0 fnt\n|-damage|p1b: Raichu|0 fnt\n|faint|p1a: Chien-Pao\n|faint|p1b: Raichu\n|-ability|p2b: Rice Shower|Grim Neigh|boost\n|-boost|p2b: Rice Shower|spa|2\n|\n|upkeep\n|\n|t:|1773827085\n|switch|p1a: Kyogre|Kyogre, L50|100/100\n|switch|p1b: Zacian|Zacian-Crowned, L50, shiny|100/100\n|-ability|p1b: Zacian|Intrepid Sword|boost\n|-boost|p1b: Zacian|atk|1\n|-weather|RainDance|[from] ability: Drizzle|[of] p1a: Kyogre\n|turn|3\n|\n|t:|1773827095\n|move|p1b: Zacian|Protect|p1b: Zacian\n|-singleturn|p1b: Zacian|Protect\n|move|p2a: Incineroar|Fake Out|p1a: Kyogre\n|-damage|p1a: Kyogre|92/100\n|move|p2b: Rice Shower|Astral Barrage|p1b: Zacian|[spread] p1a\n|-activate|p1b: Zacian|move: Protect\n|-damage|p1a: Kyogre|15/100\n|cant|p1a: Kyogre|flinch\n|\n|-weather|RainDance|[upkeep]\n|upkeep\n|turn|4\n|\n|t:|1773827103\n|move|p1a: Kyogre|Protect|p1a: Kyogre\n|-singleturn|p1a: Kyogre|Protect\n|move|p2b: Rice Shower|Astral Barrage|p1b: Zacian|[spread] p1b\n|-activate|p1a: Kyogre|move: Protect\n|-damage|p1b: Zacian|12/100\n|move|p1b: Zacian|Behemoth Blade|p2b: Rice Shower\n|-supereffective|p2b: Rice Shower\n|-damage|p2b: Rice Shower|0 fnt\n|faint|p2b: Rice Shower\n|move|p2a: Incineroar|Parting Shot|p1b: Zacian\n|-unboost|p1b: Zacian|atk|1\n|-unboost|p1b: Zacian|spa|1\n|\n|t:|1773827105\n|switch|p2a: Iron Bundle|Iron Bundle, L50|100/100|[from] Parting Shot\n|-activate|p2a: Iron Bundle|ability: Quark Drive\n|-start|p2a: Iron Bundle|quarkdrivespe\n|\n|-weather|RainDance|[upkeep]\n|upkeep\n|\n|t:|1773827106\n|switch|p2b: Incineroar|Incineroar, L50, M, shiny|100/100\n|-ability|p2b: Incineroar|Intimidate|boost\n|-unboost|p1a: Kyogre|atk|1\n|-unboost|p1b: Zacian|atk|1\n|turn|5\n|\n|t:|1773827125\n|move|p2b: Incineroar|Fake Out|p1b: Zacian\n|-resisted|p1b: Zacian\n|-damage|p1b: Zacian|7/100\n|move|p2a: Iron Bundle|Encore|p1a: Kyogre\n|-start|p1a: Kyogre|Encore\n|cant|p1b: Zacian|flinch\n|move|p1a: Kyogre|Protect||[still]\n|-fail|p1a: Kyogre\n|\n|-weather|RainDance|[upkeep]\n|-fieldend|move: Electric Terrain\n|-end|p2a: Iron Bundle|Quark Drive\n|upkeep\n|turn|6\n|\n|t:|1773827135\n|move|p1a: Kyogre|Protect|p1a: Kyogre\n|-singleturn|p1a: Kyogre|Protect\n|move|p1b: Zacian|Sacred Sword|p2a: Iron Bundle\n|-supereffective|p2a: Iron Bundle\n|-damage|p2a: Iron Bundle|41/100\n|move|p2a: Iron Bundle|Freeze-Dry|p1b: Zacian\n|-resisted|p1b: Zacian\n|-damage|p1b: Zacian|0 fnt\n|faint|p1b: Zacian\n|move|p2b: Incineroar|Flare Blitz|p1a: Kyogre\n|-activate|p1a: Kyogre|move: Protect\n|\n|-weather|RainDance|[upkeep]\n|upkeep\n|turn|7\n|-message|FireYeti07 forfeited.\n|\n|win|TheManOfSausage\n|raw|FireYeti07's rating: 1492 &rarr; <strong>1469</strong><br />(-23 for losing)\n|raw|TheManOfSausage's rating: 1440 &rarr; <strong>1463</strong><br />(+23 for winning)\n|l|\u203dFireYeti07\n|player|p1|\n|l|\u2606TheManOfSausage\n|player|p2|\n","uploadtime":1773827377,"views":12,"formatid":"gen9vgc2026regi","rating":1463,"private":0,"password":null}