{"id":"gen9vgc2026regi-2560359834","format":"[Gen 9] VGC 2026 Reg I","players":["Mirthinion","Chickenbaconegg"],"log":"|j|\u2606Mirthinion\n|j|\u2606Chickenbaconegg\n|t:|1773680398\n|gametype|doubles\n|player|p1|Mirthinion|janitor|1294\n|player|p2|Chickenbaconegg|lucas|1227\n|gen|9\n|tier|[Gen 9] VGC 2026 Reg I\n|rated|\n|rule|Species Clause: Limit one of each Pok\u00e9mon\n|rule|Item Clause: Limit 1 of each item\n|clearpoke\n|poke|p1|Calyrex-Shadow, L50|\n|poke|p1|Zamazenta-*, L50|\n|poke|p1|Urshifu-*, L50, M|\n|poke|p1|Incineroar, L50, M|\n|poke|p1|Rillaboom, L50, M|\n|poke|p1|Tornadus, L50, M|\n|poke|p2|Ho-Oh, L50|\n|poke|p2|Rillaboom, L50, M|\n|poke|p2|Terapagos, L50, M|\n|poke|p2|Metagross, L50|\n|poke|p2|Araquanid, L50, M|\n|poke|p2|Chien-Pao, L50|\n|teampreview|4\n|inactive|Battle timer is ON: inactive players will automatically lose when time's up. (requested by Chickenbaconegg)\n|inactive|Mirthinion also wants the timer to be on.\nMirthinion rejected open team sheets.\n|inactive|Mirthinion has 60 seconds left.\n|\n|t:|1773680439\n|teamsize|p1|4\n|teamsize|p2|4\n|start\n|switch|p1a: Vangwe|Tornadus, L50, M|100/100\n|switch|p1b: Beowulf|Urshifu-Rapid-Strike, L50, M|100/100\n|switch|p2a: Terapagos|Terapagos, L50, M|100/100\n|switch|p2b: Rillaboom|Rillaboom, L50, M|100/100\n|-activate|p2a: Terapagos|ability: Tera Shift\n|detailschange|p2a: Terapagos|Terapagos-Terastal, L50, M\n|-heal|p2a: Terapagos|100/100|[silent]\n|-fieldstart|move: Grassy Terrain|[from] ability: Grassy Surge|[of] p2b: Rillaboom\n|turn|1\n|inactive|Chickenbaconegg has 30 seconds left.\n|inactive|Chickenbaconegg has 20 seconds left.\n|inactive|Chickenbaconegg has 15 seconds left.\n|\n|t:|1773680480\n|-terastallize|p1b: Beowulf|Ghost\n|move|p2b: Rillaboom|Fake Out|p1b: Beowulf\n|-immune|p1b: Beowulf\n|move|p1a: Vangwe|Taunt|p2a: Terapagos\n|-start|p2a: Terapagos|move: Taunt\n|move|p1b: Beowulf|U-turn|p2a: Terapagos\n|-activate|p2a: Terapagos|ability: Tera Shell\n|-resisted|p2a: Terapagos\n|-damage|p2a: Terapagos|86/100\n|\n|t:|1773680490\n|switch|p1b: Drambor|Zamazenta-Crowned, L50|100/100|[from] U-turn\n|-ability|p1b: Drambor|Dauntless Shield|boost\n|-boost|p1b: Drambor|def|1\n|cant|p2a: Terapagos|move: Taunt|Calm Mind\n|\n|-heal|p2a: Terapagos|92/100|[from] Grassy Terrain\n|upkeep\n|turn|2\n|inactive|Chickenbaconegg has 30 seconds left.\n|\n|t:|1773680516\n|switch|p2a: Ho-Oh|Ho-Oh, L50|100/100\n|move|p1b: Drambor|Body Press|p2a: Ho-Oh\n|-resisted|p2a: Ho-Oh\n|-damage|p2a: Ho-Oh|71/100\n|move|p1a: Vangwe|Bleakwind Storm|p2b: Rillaboom|[spread] p2b\n|-miss|p1a: Vangwe|p2a: Ho-Oh\n|-supereffective|p2b: Rillaboom\n|-damage|p2b: Rillaboom|63/100\n|move|p2b: Rillaboom|Knock Off|p1a: Vangwe\n|-damage|p1a: Vangwe|61/100\n|-enditem|p1a: Vangwe|Covert Cloak|[from] move: Knock Off|[of] p2b: Rillaboom\n|\n|-heal|p2a: Ho-Oh|77/100|[from] item: Leftovers\n|-heal|p2b: Rillaboom|69/100|[from] Grassy Terrain\n|upkeep\n|turn|3\n|\n|t:|1773680536\n|switch|p2b: Terapagos|Terapagos-Terastal, L50, M|92/100\n|move|p1a: Vangwe|Rain Dance|p1a: Vangwe\n|-weather|RainDance\n|move|p1b: Drambor|Body Press|p2b: Terapagos\n|-supereffective|p2b: Terapagos\n|-damage|p2b: Terapagos|0 fnt\n|faint|p2b: Terapagos\n|move|p2a: Ho-Oh|Sacred Fire|p1b: Drambor\n|-supereffective|p1b: Drambor\n|-damage|p1b: Drambor|76/100\n|-status|p1b: Drambor|brn\n|\n|-weather|RainDance|[upkeep]\n|-heal|p1b: Drambor|82/100 brn|[from] Grassy Terrain\n|-heal|p2a: Ho-Oh|83/100|[from] item: Leftovers\n|-damage|p1b: Drambor|76/100 brn|[from] brn\n|upkeep\n|\n|t:|1773680550\n|switch|p2b: Araquanid|Araquanid, L50, M|100/100\n|turn|4\n|\n|t:|1773680563\n|move|p2b: Araquanid|Wide Guard|p2b: Araquanid\n|-singleturn|p2b: Araquanid|Wide Guard\n|move|p1b: Drambor|Body Press|p2a: Ho-Oh\n|-resisted|p2a: Ho-Oh\n|-damage|p2a: Ho-Oh|69/100\n|move|p1a: Vangwe|Bleakwind Storm|p2b: Araquanid|[spread] \n|-activate|p2a: Ho-Oh|move: Wide Guard\n|-activate|p2b: Araquanid|move: Wide Guard\n|move|p2a: Ho-Oh|Tailwind|p2a: Ho-Oh\n|-sidestart|p2: Chickenbaconegg|move: Tailwind\n|\n|-weather|RainDance|[upkeep]\n|-heal|p2a: Ho-Oh|75/100|[from] item: Leftovers\n|-heal|p1b: Drambor|82/100 brn|[from] Grassy Terrain\n|-damage|p1b: Drambor|76/100 brn|[from] brn\n|upkeep\n|turn|5\n|inactive|Chickenbaconegg has 30 seconds left.\n|\n|t:|1773680589\n|move|p1a: Vangwe|Tailwind|p1a: Vangwe\n|-sidestart|p1: Mirthinion|move: Tailwind\n|move|p1b: Drambor|Body Press|p2b: Araquanid\n|-resisted|p2b: Araquanid\n|-damage|p2b: Araquanid|83/100\n|move|p2a: Ho-Oh|Brave Bird|p1a: Vangwe\n|-damage|p1a: Vangwe|0 fnt\n|faint|p1a: Vangwe\n|-damage|p2a: Ho-Oh|58/100|[from] Recoil\n|move|p2b: Araquanid|Liquidation|p1b: Drambor\n|-damage|p1b: Drambor|31/100 brn\n|\n|-weather|RainDance|[upkeep]\n|-heal|p1b: Drambor|37/100 brn|[from] Grassy Terrain\n|-heal|p2a: Ho-Oh|64/100|[from] item: Leftovers\n|-heal|p2b: Araquanid|88/100|[from] Grassy Terrain\n|-damage|p1b: Drambor|31/100 brn|[from] brn\n|-fieldend|move: Grassy Terrain\n|upkeep\n|\n|t:|1773680606\n|switch|p1a: Mithrandir|Calyrex-Shadow, L50|100/100\n|-ability|p1a: Mithrandir|As One\n|-ability|p1a: Mithrandir|Unnerve\n|turn|6\n|\n|t:|1773680623\n|switch|p2a: Rillaboom|Rillaboom, L50, M|69/100\n|-fieldstart|move: Grassy Terrain|[from] ability: Grassy Surge|[of] p2a: Rillaboom\n|move|p2b: Araquanid|Wide Guard|p2b: Araquanid\n|-singleturn|p2b: Araquanid|Wide Guard\n|move|p1a: Mithrandir|Nasty Plot|p1a: Mithrandir\n|-boost|p1a: Mithrandir|spa|2\n|move|p1b: Drambor|Body Press|p2b: Araquanid\n|-resisted|p2b: Araquanid\n|-damage|p2b: Araquanid|70/100\n|\n|-weather|RainDance|[upkeep]\n|-heal|p1b: Drambor|37/100 brn|[from] Grassy Terrain\n|-heal|p2a: Rillaboom|74/100|[from] Grassy Terrain\n|-heal|p2b: Araquanid|75/100|[from] Grassy Terrain\n|-damage|p1b: Drambor|31/100 brn|[from] brn\n|upkeep\n|turn|7\n|inactive|Chickenbaconegg has 30 seconds left.\n|\n|t:|1773680653\n|-terastallize|p2b: Araquanid|Stellar\n|move|p2a: Rillaboom|Fake Out|p1a: Mithrandir\n|-immune|p1a: Mithrandir\n|move|p1a: Mithrandir|Pollen Puff|p2a: Rillaboom\n|-supereffective|p2a: Rillaboom\n|-damage|p2a: Rillaboom|0 fnt\n|faint|p2a: Rillaboom\n|-ability|p1a: Mithrandir|Grim Neigh|boost\n|-boost|p1a: Mithrandir|spa|1\n|move|p1b: Drambor|Body Press|p2b: Araquanid\n|-resisted|p2b: Araquanid\n|-damage|p2b: Araquanid|58/100\n|move|p2b: Araquanid|Liquidation|p1a: Mithrandir\n|-enditem|p1a: Mithrandir|Focus Sash\n|-damage|p1a: Mithrandir|1/100\n|\n|-weather|none\n|-heal|p1a: Mithrandir|7/100|[from] Grassy Terrain\n|-heal|p1b: Drambor|37/100 brn|[from] Grassy Terrain\n|-heal|p2b: Araquanid|64/100|[from] Grassy Terrain\n|-damage|p1b: Drambor|31/100 brn|[from] brn\n|-sideend|p2: Chickenbaconegg|move: Tailwind\n|upkeep\n|\n|t:|1773680671\n|switch|p2a: Ho-Oh|Ho-Oh, L50|97/100\n|turn|8\n|\n|t:|1773680696\n|move|p2b: Araquanid|Wide Guard|p2b: Araquanid\n|-singleturn|p2b: Araquanid|Wide Guard\n|move|p1a: Mithrandir|Pollen Puff|p2b: Araquanid\n|-damage|p2b: Araquanid|0 fnt\n|faint|p2b: Araquanid\n|-ability|p1a: Mithrandir|Grim Neigh|boost\n|-boost|p1a: Mithrandir|spa|1\n|move|p1b: Drambor|Body Press|p2a: Ho-Oh\n|-resisted|p2a: Ho-Oh\n|-damage|p2a: Ho-Oh|82/100\n|move|p2a: Ho-Oh|Brave Bird|p1a: Mithrandir\n|-damage|p1a: Mithrandir|0 fnt\n|faint|p1a: Mithrandir\n|-damage|p2a: Ho-Oh|80/100|[from] Recoil\n|\n|-heal|p1b: Drambor|37/100 brn|[from] Grassy Terrain\n|-heal|p2a: Ho-Oh|86/100|[from] item: Leftovers\n|-damage|p1b: Drambor|31/100 brn|[from] brn\n|-sideend|p1: Mirthinion|move: Tailwind\n|upkeep\n|\n|t:|1773680714\n|switch|p1a: Beowulf|Urshifu-Rapid-Strike, L50, M, tera:Ghost|100/100\n|turn|9\n|\n|t:|1773680723\n|move|p1b: Drambor|Body Press|p2a: Ho-Oh\n|-resisted|p2a: Ho-Oh\n|-damage|p2a: Ho-Oh|70/100\n|move|p1a: Beowulf|Surging Strikes|p2a: Ho-Oh\n|-supereffective|p2a: Ho-Oh\n|-crit|p2a: Ho-Oh\n|-damage|p2a: Ho-Oh|16/100\n|-supereffective|p2a: Ho-Oh\n|-crit|p2a: Ho-Oh\n|-damage|p2a: Ho-Oh|0 fnt\n|faint|p2a: Ho-Oh\n|-hitcount|p2: Ho-Oh|2\n|\n|win|Mirthinion\n|raw|Mirthinion's rating: 1294 &rarr; <strong>1314</strong><br />(+20 for winning)\n|raw|Chickenbaconegg's rating: 1227 &rarr; <strong>1207</strong><br />(-20 for losing)\n|l|\u2606Chickenbaconegg\n|player|p2|\n","uploadtime":1773680735,"views":92,"formatid":"gen9vgc2026regi","rating":1207,"private":0,"password":null}