{"id":"gen9vgc2026regi-2558051892","format":"[Gen 9] VGC 2026 Reg I","players":["SycrasisEU","rsemukae"],"log":"|j|\u2606SycrasisEU\n|j|\u2606rsemukae\n|t:|1773396339\n|gametype|doubles\n|player|p1|SycrasisEU|pryce|1304\n|player|p2|rsemukae|2|1228\n|gen|9\n|tier|[Gen 9] VGC 2026 Reg I\n|rated|\n|rule|Species Clause: Limit one of each Pok\u00e9mon\n|rule|Item Clause: Limit 1 of each item\n|clearpoke\n|poke|p1|Koraidon, L50|\n|poke|p1|Calyrex-Shadow, L50|\n|poke|p1|Clefairy, L50, F|\n|poke|p1|Rillaboom, L50, M|\n|poke|p1|Incineroar, L50, M|\n|poke|p1|Volbeat, L50, M|\n|poke|p2|Calyrex-Shadow, L50|\n|poke|p2|Ogerpon, L50, F|\n|poke|p2|Incineroar, L50, M|\n|poke|p2|Grimmsnarl, L50, M|\n|poke|p2|Whimsicott, L50, F|\n|poke|p2|Landorus-Therian, L50, M|\n|teampreview|4\n|inactive|Battle timer is ON: inactive players will automatically lose when time's up. (requested by SycrasisEU)\n|inactive|SycrasisEU has 60 seconds left.\n|\n|t:|1773396401\n|teamsize|p1|4\n|teamsize|p2|4\n|start\n|switch|p1a: Koraidon|Koraidon, L50, shiny|100/100\n|switch|p1b: Calyrex|Calyrex-Shadow, L50|100/100\n|switch|p2a: Whimsicott|Whimsicott, L50, F|100/100\n|switch|p2b: Landorus|Landorus-Therian, L50, M|100/100\n|-ability|p1b: Calyrex|As One\n|-ability|p1b: Calyrex|Unnerve\n|-weather|SunnyDay|[from] ability: Orichalcum Pulse|[of] p1a: Koraidon\n|-activate|p1a: Koraidon|Orichalcum Pulse|[source]\n|-ability|p2b: Landorus|Intimidate|boost\n|-unboost|p1a: Koraidon|atk|1\n|-unboost|p1b: Calyrex|atk|1\n|turn|1\n|\n|t:|1773396423\n|move|p2a: Whimsicott|Tailwind|p2a: Whimsicott\n|-sidestart|p2: rsemukae|move: Tailwind\n|move|p2b: Landorus|Earthquake|p1b: Calyrex|[spread] p2a,p1a,p1b\n|-resisted|p2a: Whimsicott\n|-crit|p1b: Calyrex\n|-damage|p2a: Whimsicott|83/100\n|-damage|p1a: Koraidon|61/100\n|-damage|p1b: Calyrex|22/100\n|-enditem|p2a: Whimsicott|Eject Button\n|\n|t:|1773396432\n|switch|p2a: Incineroar|Incineroar, L50, M|100/100\n|-ability|p2a: Incineroar|Intimidate|boost\n|-unboost|p1a: Koraidon|atk|1\n|-unboost|p1b: Calyrex|atk|1\n|move|p1b: Calyrex|Nasty Plot|p1b: Calyrex\n|-boost|p1b: Calyrex|spa|2\n|move|p1a: Koraidon|Flare Blitz|p2a: Incineroar\n|-resisted|p2a: Incineroar\n|-damage|p2a: Incineroar|71/100\n|-damage|p1a: Koraidon|50/100|[from] Recoil\n|\n|-weather|SunnyDay|[upkeep]\n|-heal|p2a: Incineroar|77/100|[from] item: Leftovers\n|upkeep\n|turn|2\n|\n|t:|1773396453\n|switch|p1a: Incineroar|Incineroar, L50, M, shiny|100/100\n|-ability|p1a: Incineroar|Intimidate|boost\n|-unboost|p2a: Incineroar|atk|1\n|-unboost|p2b: Landorus|atk|1\n|move|p1b: Calyrex|Protect|p1b: Calyrex\n|-singleturn|p1b: Calyrex|Protect\n|move|p2a: Incineroar|Fake Out|p1a: Incineroar\n|-damage|p1a: Incineroar|93/100\n|move|p2b: Landorus|Earthquake|p1b: Calyrex|[spread] p2a,p1a\n|-activate|p1b: Calyrex|move: Protect\n|-supereffective|p2a: Incineroar\n|-supereffective|p1a: Incineroar\n|-damage|p2a: Incineroar|30/100\n|-damage|p1a: Incineroar|39/100\n|\n|-weather|SunnyDay|[upkeep]\n|-heal|p2a: Incineroar|36/100|[from] item: Leftovers\n|upkeep\n|turn|3\n|inactive|rsemukae has 30 seconds left.\n|inactive|rsemukae has 20 seconds left.\n|\n|t:|1773396492\n|switch|p2b: Whimsicott|Whimsicott, L50, F|83/100\n|move|p1a: Incineroar|Fake Out|p2b: Whimsicott\n|-damage|p2b: Whimsicott|71/100\n|move|p1b: Calyrex|Astral Barrage|p2a: Incineroar|[spread] p2a,p2b\n|-resisted|p2a: Incineroar\n|-damage|p2a: Incineroar|0 fnt\n|-damage|p2b: Whimsicott|0 fnt\n|faint|p2a: Incineroar\n|faint|p2b: Whimsicott\n|-ability|p1b: Calyrex|Grim Neigh|boost\n|-boost|p1b: Calyrex|spa|2\n|\n|-weather|SunnyDay|[upkeep]\n|upkeep\n|\n|t:|1773396507\n|switch|p2b: Landorus|Landorus-Therian, L50, M|100/100\n|switch|p2a: Calyrex|Calyrex-Shadow, L50|100/100\n|-ability|p2a: Calyrex|As One\n|-ability|p2a: Calyrex|Unnerve\n|-ability|p2b: Landorus|Intimidate|boost\n|-unboost|p1a: Incineroar|atk|1\n|-unboost|p1b: Calyrex|atk|1\n|turn|4\n|\n|t:|1773396530\n|-terastallize|p2a: Calyrex|Normal\n|move|p1b: Calyrex|Protect|p1b: Calyrex\n|-singleturn|p1b: Calyrex|Protect\n|move|p2a: Calyrex|Astral Barrage|p1a: Incineroar|[spread] p1a\n|-activate|p1b: Calyrex|move: Protect\n|-resisted|p1a: Incineroar\n|-damage|p1a: Incineroar|0 fnt\n|faint|p1a: Incineroar\n|-ability|p2a: Calyrex|Grim Neigh|boost\n|-boost|p2a: Calyrex|spa|1\n|move|p2b: Landorus|Crunch|p1b: Calyrex\n|-activate|p1b: Calyrex|move: Protect\n|\n|-weather|SunnyDay|[upkeep]\n|-sideend|p2: rsemukae|move: Tailwind\n|upkeep\n|inactive|SycrasisEU has 30 seconds left.\n|\n|t:|1773396557\n|switch|p1a: Clefairy|Clefairy, L50, F|100/100\n|turn|5\n|\n|t:|1773396570\n|-terastallize|p1b: Calyrex|Dark\n|move|p1a: Clefairy|Follow Me|p1a: Clefairy\n|-singleturn|p1a: Clefairy|move: Follow Me\n|move|p2a: Calyrex|Astral Barrage|p1b: Calyrex|[spread] p1a,p1b\n|-resisted|p1b: Calyrex\n|-damage|p1a: Clefairy|28/100\n|-damage|p1b: Calyrex|0 fnt\n|faint|p1b: Calyrex\n|-ability|p2a: Calyrex|Grim Neigh|boost\n|-boost|p2a: Calyrex|spa|1\n|move|p2b: Landorus|Crunch|p1a: Clefairy\n|-resisted|p1a: Clefairy\n|-damage|p1a: Clefairy|11/100\n|-unboost|p1a: Clefairy|def|1\n|\n|-weather|none\n|upkeep\n|-message|SycrasisEU forfeited.\n|\n|win|rsemukae\n|raw|SycrasisEU's rating: 1304 &rarr; <strong>1280</strong><br />(-24 for losing)\n|raw|rsemukae's rating: 1228 &rarr; <strong>1258</strong><br />(+30 for winning)\n|l|\u2606SycrasisEU\n|player|p1|\n|l|\u2606rsemukae\n|player|p2|\n","uploadtime":1773396780,"views":15,"formatid":"gen9vgc2026regi","rating":1258,"private":0,"password":null}