{"id":"gen9vgc2026regi-2525236016","format":"[Gen 9] VGC 2026 Reg I","players":["CCdeal","blackred123"],"log":"|j|\u2606CCdeal\n|j|\u2606blackred123\n|t:|1769254799\n|gametype|doubles\n|player|p1|CCdeal|102|1353\n|player|p2|blackred123|iono-masters|1284\n|gen|9\n|tier|[Gen 9] VGC 2026 Reg I\n|rated|\n|rule|Species Clause: Limit one of each Pok\u00e9mon\n|rule|Item Clause: Limit 1 of each item\n|clearpoke\n|poke|p1|Miraidon, L50|\n|poke|p1|Calyrex-Ice, L50|\n|poke|p1|Iron Bundle, L50|\n|poke|p1|Thundurus, L50, M|\n|poke|p1|Chi-Yu, L50|\n|poke|p1|Farigiraf, L50, M|\n|poke|p2|Lunala, L50|\n|poke|p2|Koraidon, L50|\n|poke|p2|Chi-Yu, L50|\n|poke|p2|Flutter Mane, L50|\n|poke|p2|Brute Bonnet, L50|\n|poke|p2|Ursaluna, L50, F|\n|teampreview|4\n|inactive|Battle timer is ON: inactive players will automatically lose when time's up. (requested by blackred123)\n|inactive|blackred123 has 60 seconds left.\n|\n|t:|1769254830\n|teamsize|p1|4\n|teamsize|p2|4\n|start\n|switch|p1a: Miraidon|Miraidon, L50|100/100\n|switch|p1b: Iron Bundle|Iron Bundle, L50|100/100\n|switch|p2a: Lunala|Lunala, L50, shiny|100/100\n|switch|p2b: Koraidon|Koraidon, L50|100/100\n|-weather|SunnyDay|[from] ability: Orichalcum Pulse|[of] p2b: Koraidon\n|-activate|p2b: Koraidon|Orichalcum Pulse|[source]\n|-fieldstart|move: Electric Terrain|[from] ability: Hadron Engine|[of] p1a: Miraidon\n|-activate|p1b: Iron Bundle|ability: Quark Drive\n|-start|p1b: Iron Bundle|quarkdrivespe\n|turn|1\n|j| want eggs\n|inactive|CCdeal has 30 seconds left.\n|inactive|CCdeal has 20 seconds left.\n|inactive|CCdeal has 15 seconds left.\n|inactive|CCdeal has 10 seconds left.\n|\n|t:|1769254879\n|-terastallize|p2b: Koraidon|Fire\n|move|p1a: Miraidon|Protect|p1a: Miraidon\n|-singleturn|p1a: Miraidon|Protect\n|move|p2a: Lunala|Wide Guard|p2a: Lunala\n|-singleturn|p2a: Lunala|Wide Guard\n|move|p1b: Iron Bundle|Icy Wind|p2b: Koraidon|[spread] \n|-activate|p2a: Lunala|move: Wide Guard\n|-activate|p2b: Koraidon|move: Wide Guard\n|move|p2b: Koraidon|Close Combat|p1a: Miraidon\n|-activate|p1a: Miraidon|move: Protect\n|\n|-weather|SunnyDay|[upkeep]\n|upkeep\n|turn|2\n|inactive|CCdeal has 30 seconds left.\n|inactive|CCdeal has 20 seconds left.\n|inactive|CCdeal has 15 seconds left.\n|\n|t:|1769254923\n|switch|p1a: Farigiraf|Farigiraf, L50, M, shiny|100/100\n|-enditem|p1a: Farigiraf|Electric Seed\n|-boost|p1a: Farigiraf|def|1|[from] item: Electric Seed\n|move|p2a: Lunala|Wide Guard|p2a: Lunala\n|-singleturn|p2a: Lunala|Wide Guard\n|move|p1b: Iron Bundle|Encore|p2a: Lunala\n|-start|p2a: Lunala|Encore\n|move|p2b: Koraidon|Close Combat|p1a: Farigiraf\n|-damage|p1a: Farigiraf|41/100\n|-unboost|p2b: Koraidon|def|1\n|-unboost|p2b: Koraidon|spd|1\n|-damage|p2b: Koraidon|91/100|[from] item: Life Orb\n|\n|-weather|SunnyDay|[upkeep]\n|upkeep\n|turn|3\n|inactive|CCdeal has 30 seconds left.\n|inactive|CCdeal has 20 seconds left.\n|inactive|CCdeal has 15 seconds left.\n|inactive|CCdeal has 10 seconds left.\n|\n|t:|1769254969\n|switch|p2a: Chi-Yu|Chi-Yu, L50|100/100\n|-ability|p2a: Chi-Yu|Beads of Ruin\n|move|p1b: Iron Bundle|Freeze-Dry|p2a: Chi-Yu\n|-resisted|p2a: Chi-Yu\n|-damage|p2a: Chi-Yu|82/100\n|move|p2b: Koraidon|Flame Charge|p1a: Farigiraf\n|-damage|p1a: Farigiraf|0 fnt\n|-boost|p2b: Koraidon|spe|1\n|faint|p1a: Farigiraf\n|-damage|p2b: Koraidon|81/100|[from] item: Life Orb\n|\n|-weather|SunnyDay|[upkeep]\n|upkeep\n|\n|t:|1769254988\n|switch|p1a: Calyrex|Calyrex-Ice, L50|100/100\n|-ability|p1a: Calyrex|As One\n|-ability|p1a: Calyrex|Unnerve\n|turn|4\n|\n|t:|1769255003\n|-terastallize|p1a: Calyrex|Fire\n|move|p1b: Iron Bundle|Encore|p2b: Koraidon\n|-start|p2b: Koraidon|Encore\n|move|p2b: Koraidon|Flame Charge|p1a: Calyrex\n|-resisted|p1a: Calyrex\n|-damage|p1a: Calyrex|73/100\n|-boost|p2b: Koraidon|spe|1\n|-damage|p2b: Koraidon|72/100|[from] item: Life Orb\n|move|p2a: Chi-Yu|Heat Wave|p1b: Iron Bundle|[spread] p1a\n|-miss|p2a: Chi-Yu|p1b: Iron Bundle\n|-resisted|p1a: Calyrex\n|-damage|p1a: Calyrex|46/100\n|move|p1a: Calyrex|High Horsepower|p2b: Koraidon\n|-supereffective|p2b: Koraidon\n|-damage|p2b: Koraidon|0 fnt\n|faint|p2b: Koraidon\n|-ability|p1a: Calyrex|Chilling Neigh|boost\n|-boost|p1a: Calyrex|atk|1\n|\n|-weather|SunnyDay|[upkeep]\n|upkeep\n|\n|t:|1769255018\n|switch|p2b: Lunala|Lunala, L50, shiny|100/100\n|turn|5\n|inactive|CCdeal has 30 seconds left.\n|inactive|CCdeal has 20 seconds left.\n|\n|t:|1769255057\n|move|p1a: Calyrex|Protect|p1a: Calyrex\n|-singleturn|p1a: Calyrex|Protect\n|move|p1b: Iron Bundle|Icy Wind|p2a: Chi-Yu|[spread] p2b\n|-miss|p1b: Iron Bundle|p2a: Chi-Yu\n|-damage|p2b: Lunala|90/100\n|-unboost|p2b: Lunala|spe|1\n|move|p2a: Chi-Yu|Heat Wave|p1b: Iron Bundle|[spread] p1b\n|-activate|p1a: Calyrex|move: Protect\n|-enditem|p1b: Iron Bundle|Focus Sash\n|-damage|p1b: Iron Bundle|1/100\n|move|p2b: Lunala|Meteor Beam||[still]\n|-prepare|p2b: Lunala|Meteor Beam\n|-boost|p2b: Lunala|spa|1\n|-enditem|p2b: Lunala|Power Herb\n|-anim|p2b: Lunala|Meteor Beam|p1a: Calyrex\n|-activate|p1a: Calyrex|move: Protect\n|\n|-weather|none\n|-fieldend|move: Electric Terrain\n|-end|p1b: Iron Bundle|Quark Drive\n|upkeep\n|turn|6\n|inactive|CCdeal has 30 seconds left.\n|\n|t:|1769255090\n|move|p2a: Chi-Yu|Heat Wave|p1a: Calyrex|[spread] p1a,p1b\n|-resisted|p1a: Calyrex\n|-damage|p1a: Calyrex|29/100\n|-damage|p1b: Iron Bundle|0 fnt\n|faint|p1b: Iron Bundle\n|-end|p1b: Iron Bundle|Quark Drive|[silent]\n|move|p2b: Lunala|Moongeist Beam|p1a: Calyrex\n|-damage|p1a: Calyrex|0 fnt\n|faint|p1a: Calyrex\n|\n|upkeep\n|-message|CCdeal forfeited.\n|\n|win|blackred123\n|raw|CCdeal's rating: 1353 &rarr; <strong>1329</strong><br />(-24 for losing)\n|raw|blackred123's rating: 1284 &rarr; <strong>1314</strong><br />(+30 for winning)\n|l|\u2606CCdeal\n|player|p1|\n|l|\u2606blackred123\n|player|p2|\n|l| want eggs\n","uploadtime":1769255309,"views":11,"formatid":"gen9vgc2026regi","rating":1314,"private":0,"password":null}