{"id":"gen9vgc2026regi-2551577352","format":"[Gen 9] VGC 2026 Reg I","players":["Stinky62","dasabe\u76d6\u6b27\u5361\u4fa0"],"log":"|j|\u2606Stinky62\n|j|\u2606dasabe\u76d6\u6b27\u5361\u4fa0\n|t:|1772623839\n|gametype|doubles\n|player|p1|Stinky62|2|1397\n|player|p2|dasabe\u76d6\u6b27\u5361\u4fa0|may-masters4|1537\n|gen|9\n|tier|[Gen 9] VGC 2026 Reg I\n|rated|\n|rule|Species Clause: Limit one of each Pok\u00e9mon\n|rule|Item Clause: Limit 1 of each item\n|clearpoke\n|poke|p1|Terapagos, L50, M|\n|poke|p1|Calyrex-Shadow, L50|\n|poke|p1|Amoonguss, L50, M|\n|poke|p1|Ogerpon-Cornerstone, L50, F|\n|poke|p1|Incineroar, L50, F|\n|poke|p1|Rillaboom, L50, F|\n|poke|p2|Kyogre, L50|\n|poke|p2|Miraidon, L50|\n|poke|p2|Whimsicott, L50, F|\n|poke|p2|Iron Hands, L50|\n|poke|p2|Farigiraf, L50, F|\n|poke|p2|Urshifu-*, L50, M|\n|teampreview|4\n|\n|t:|1772623854\n|teamsize|p1|4\n|teamsize|p2|4\n|start\n|switch|p1a: Terapagos|Terapagos, L50, M|100/100\n|switch|p1b: Rillaboom|Rillaboom, L50, F|100/100\n|switch|p2a: \u5996\u820d\u7cbe\u62c9|Whimsicott, L50, F, shiny|100/100\n|switch|p2b: \u6210\u90fd\u8001\u76d6|Kyogre, L50, shiny|100/100\n|-activate|p1a: Terapagos|ability: Tera Shift\n|detailschange|p1a: Terapagos|Terapagos-Terastal, L50, M\n|-heal|p1a: Terapagos|100/100|[silent]\n|-weather|RainDance|[from] ability: Drizzle|[of] p2b: \u6210\u90fd\u8001\u76d6\n|-fieldstart|move: Grassy Terrain|[from] ability: Grassy Surge|[of] p1b: Rillaboom\n|turn|1\n|inactive|Battle timer is ON: inactive players will automatically lose when time's up. (requested by Stinky62)\n|\n|t:|1772623862\n|move|p2a: \u5996\u820d\u7cbe\u62c9|Endeavor|p1a: Terapagos\n|-damage|p1a: Terapagos|63/100\n|move|p2b: \u6210\u90fd\u8001\u76d6|Origin Pulse|p1a: Terapagos|[spread] p1a,p1b\n|-resisted|p1b: Rillaboom\n|-damage|p1a: Terapagos|0 fnt\n|-damage|p1b: Rillaboom|66/100\n|faint|p1a: Terapagos\n|move|p1b: Rillaboom|U-turn|p2a: \u5996\u820d\u7cbe\u62c9\n|-damage|p2a: \u5996\u820d\u7cbe\u62c9|65/100\n|\n|t:|1772623872\n|switch|p1b: Calyrex|Calyrex-Shadow, L50|100/100|[from] U-turn\n|-ability|p1b: Calyrex|As One\n|-ability|p1b: Calyrex|Unnerve\n|\n|-weather|RainDance|[upkeep]\n|-heal|p2a: \u5996\u820d\u7cbe\u62c9|70/100|[from] Grassy Terrain\n|upkeep\n|\n|t:|1772623877\n|switch|p1a: Ogerpon|Ogerpon-Cornerstone, L50, F|100/100\n|turn|2\n|\n|t:|1772623886\n|-terastallize|p1b: Calyrex|Ghost\n|move|p2a: \u5996\u820d\u7cbe\u62c9|Tailwind|p2a: \u5996\u820d\u7cbe\u62c9\n|-sidestart|p2: dasabe\u76d6\u6b27\u5361\u4fa0|move: Tailwind\n|move|p2b: \u6210\u90fd\u8001\u76d6|Origin Pulse|p1b: Calyrex|[spread] p1a,p1b\n|-ability|p1a: Ogerpon|Sturdy\n|-damage|p1a: Ogerpon|1/100\n|-enditem|p1b: Calyrex|Focus Sash\n|-damage|p1b: Calyrex|1/100\n|move|p1b: Calyrex|Astral Barrage|p2b: \u6210\u90fd\u8001\u76d6|[spread] p2a,p2b\n|-damage|p2a: \u5996\u820d\u7cbe\u62c9|0 fnt\n|-damage|p2b: \u6210\u90fd\u8001\u76d6|39/100\n|faint|p2a: \u5996\u820d\u7cbe\u62c9\n|-ability|p1b: Calyrex|Grim Neigh|boost\n|-boost|p1b: Calyrex|spa|1\n|move|p1a: Ogerpon|Ivy Cudgel|p2b: \u6210\u90fd\u8001\u76d6|[anim] Ivy Cudgel Rock\n|-damage|p2b: \u6210\u90fd\u8001\u76d6|0 fnt\n|faint|p2b: \u6210\u90fd\u8001\u76d6\n|\n|-weather|RainDance|[upkeep]\n|-heal|p1b: Calyrex|7/100|[from] Grassy Terrain\n|-heal|p1a: Ogerpon|7/100|[from] Grassy Terrain\n|upkeep\n|\n|t:|1772623894\n|switch|p2a: \u5c0f\u5934\u63a7\u5927\u5934|Farigiraf, L50, F, shiny|100/100\n|switch|p2b: \u94f6\u91d1\u5996\u86c7|Miraidon, L50, shiny|100/100\n|-fieldstart|move: Electric Terrain|[from] ability: Hadron Engine|[of] p2b: \u94f6\u91d1\u5996\u86c7\n|-enditem|p2a: \u5c0f\u5934\u63a7\u5927\u5934|Electric Seed\n|-boost|p2a: \u5c0f\u5934\u63a7\u5927\u5934|def|1|[from] item: Electric Seed\n|turn|3\n|\n|t:|1772623911\n|-terastallize|p2b: \u94f6\u91d1\u5996\u86c7|Fairy\n|move|p2a: \u5c0f\u5934\u63a7\u5927\u5934|Helping Hand|p2b: \u94f6\u91d1\u5996\u86c7\n|-singleturn|p2b: \u94f6\u91d1\u5996\u86c7|Helping Hand|[of] p2a: \u5c0f\u5934\u63a7\u5927\u5934\n|move|p1b: Calyrex|Protect|p1b: Calyrex\n|-singleturn|p1b: Calyrex|Protect\n|move|p2b: \u94f6\u91d1\u5996\u86c7|Dazzling Gleam|p1b: Calyrex|[spread] p1a\n|-activate|p1b: Calyrex|move: Protect\n|-damage|p1a: Ogerpon|0 fnt\n|faint|p1a: Ogerpon\n|-damage|p2b: \u94f6\u91d1\u5996\u86c7|91/100|[from] item: Life Orb\n|\n|-weather|RainDance|[upkeep]\n|upkeep\n|\n|t:|1772623916\n|switch|p1a: Rillaboom|Rillaboom, L50, F|66/100\n|-fieldstart|move: Grassy Terrain|[from] ability: Grassy Surge|[of] p1a: Rillaboom\n|turn|4\n|\n|t:|1772623923\n|move|p2a: \u5c0f\u5934\u63a7\u5927\u5934|Helping Hand|p2b: \u94f6\u91d1\u5996\u86c7\n|-singleturn|p2b: \u94f6\u91d1\u5996\u86c7|Helping Hand|[of] p2a: \u5c0f\u5934\u63a7\u5927\u5934\n|move|p1b: Calyrex|Protect||[still]\n|-fail|p1b: Calyrex\n|move|p2b: \u94f6\u91d1\u5996\u86c7|Dazzling Gleam|p1b: Calyrex|[spread] p1a,p1b\n|-damage|p1a: Rillaboom|23/100\n|-damage|p1b: Calyrex|0 fnt\n|faint|p1b: Calyrex\n|-damage|p2b: \u94f6\u91d1\u5996\u86c7|81/100|[from] item: Life Orb\n|move|p1a: Rillaboom|Wood Hammer|p2b: \u94f6\u91d1\u5996\u86c7\n|-damage|p2b: \u94f6\u91d1\u5996\u86c7|11/100\n|-damage|p1a: Rillaboom|2/100|[from] Recoil\n|\n|-weather|RainDance|[upkeep]\n|-heal|p2b: \u94f6\u91d1\u5996\u86c7|17/100|[from] Grassy Terrain\n|-heal|p1a: Rillaboom|8/100|[from] Grassy Terrain\n|upkeep\n|turn|5\n|\n|t:|1772623932\n|move|p1a: Rillaboom|Grassy Glide||[still]\n|cant|p2a: \u5c0f\u5934\u63a7\u5927\u5934|ability: Armor Tail|Grassy Glide|[of] p1a: Rillaboom\n|move|p2b: \u94f6\u91d1\u5996\u86c7|Electro Drift|p1a: Rillaboom\n|-resisted|p1a: Rillaboom\n|-damage|p1a: Rillaboom|0 fnt\n|faint|p1a: Rillaboom\n|-damage|p2b: \u94f6\u91d1\u5996\u86c7|7/100|[from] item: Life Orb\n|\n|win|dasabe\u76d6\u6b27\u5361\u4fa0\n|raw|Stinky62's rating: 1397 &rarr; <strong>1385</strong><br />(-12 for losing)\n|raw|dasabe\u76d6\u6b27\u5361\u4fa0's rating: 1537 &rarr; <strong>1549</strong><br />(+12 for winning)\n|l|\u2606Stinky62\n|player|p1|\n","uploadtime":1772623937,"views":13,"formatid":"gen9vgc2026regi","rating":1385,"private":0,"password":null}