{"id":"gen9vgc2026regi-2570678523","format":"[Gen 9] VGC 2026 Reg I","players":["pigs2fly","CrownFan02"],"log":"|j|\u2606pigs2fly\n|j|\u2606CrownFan02\n|t:|1774834946\n|gametype|doubles\n|player|p1|pigs2fly|dexio|\n|player|p2|CrownFan02|cyrus|\n|gen|9\n|tier|[Gen 9] VGC 2026 Reg I\n|rated|Tournament battle\n|rule|Species Clause: Limit one of each Pok\u00e9mon\n|rule|Item Clause: Limit 1 of each item\n|raw|<div class=\"infobox\"><details class=\"readmore\" open><summary><strong>3 custom rules:</strong></summary> Open Team Sheets, Force Open Team Sheets, !Open Team Sheets</details></div>\n|clearpoke\n|poke|p1|Annihilape, L50, M|\n|poke|p1|Tornadus, L50, M|\n|poke|p1|Dondozo, L50, M|\n|poke|p1|Tatsugiri, L50, M|\n|poke|p1|Zacian-*, L50|\n|poke|p1|Kyogre, L50|\n|poke|p2|Miraidon, L50|\n|poke|p2|Lunala, L50|\n|poke|p2|Farigiraf, L50, M|\n|poke|p2|Whimsicott, L50, M|\n|poke|p2|Incineroar, L50, M|\n|poke|p2|Araquanid, L50, M|\n|teampreview|4\n|showteam|p1|Annihilape||ChoiceScarf|Defiant|FinalGambit,Coaching,CloseCombat,ShadowClaw|||M|||50|,,,,,Ground]Tornadus||SharpBeak|Prankster|Protect,Tailwind,Hurricane,RainDance|||M|||50|,,,,,Dark]Dondozo||Leftovers|Unaware|Protect,OrderUp,HeavySlam,Earthquake|||M|||50|,,,,,Grass]Tatsugiri||FocusSash|Commander|Protect,MuddyWater,DragonPulse,HelpingHand|||M|||50|,,,,,Stellar]Zacian-Crowned||RustedSword|IntrepidSword|Protect,Crunch,PlayRough,behemothblade||||||50|,,,,,Fairy]Kyogre||AssaultVest|Drizzle|IceBeam,HydroPump,WaterSpout,OriginPulse||||||50|,,,,,Ghost\n|showteam|p2|Miraidon||ChoiceSpecs|HadronEngine|DracoMeteor,VoltSwitch,ElectroDrift,DazzlingGleam||||||50|,,,,,Fairy]Lunala||PowerHerb|ShadowShield|MeteorBeam,MoongeistBeam,Moonblast,WideGuard||||||50|,,,,,Water]Farigiraf||ElectricSeed|ArmorTail|TrickRoom,HelpingHand,Psychic,FoulPlay|||M|||50|,,,,,Water]Whimsicott||FocusSash|Prankster|LightScreen,Encore,Tailwind,Moonblast|||M|||50|,,,,,Ghost]Incineroar||SitrusBerry|Intimidate|FakeOut,PartingShot,KnockOff,FlareBlitz|||M|||50|,,,,,Ghost]Araquanid||MysticWater|WaterBubble|WideGuard,LeechLife,Liquidation,MirrorCoat|||M|||50|,,,,,Grass\n|j| miradonaod\n|j|@Radio Free C-Side\n|j| Oreo_Stars\n|c|\u2606pigs2fly|glhf\n|\n|t:|1774834966\n|teamsize|p1|4\n|teamsize|p2|4\n|start\n|switch|p1a: Dondozo|Dondozo, L50, M|100/100\n|switch|p1b: Annihilape|Annihilape, L50, M|100/100\n|switch|p2a: Lunala|Lunala, L50|100/100\n|switch|p2b: Whimsicott|Whimsicott, L50, M|100/100\n|turn|1\n|j| magicalarcher57\n|j| Ursaqueen\n|\n|t:|1774834986\n|switch|p1b: Tatsugiri|Tatsugiri, L50, M|100/100\n|-activate|p1b: Tatsugiri|ability: Commander|[of] p1a: Dondozo\n|-boost|p1a: Dondozo|atk|2\n|-boost|p1a: Dondozo|spa|2\n|-boost|p1a: Dondozo|spe|2\n|-boost|p1a: Dondozo|def|2\n|-boost|p1a: Dondozo|spd|2\n|switch|p2a: Miraidon|Miraidon, L50|100/100\n|-fieldstart|move: Electric Terrain|[from] ability: Hadron Engine|[of] p2a: Miraidon\n|move|p2b: Whimsicott|Tailwind|p2b: Whimsicott\n|-sidestart|p2: CrownFan02|move: Tailwind\n|move|p1a: Dondozo|Heavy Slam|p2b: Whimsicott\n|-supereffective|p2b: Whimsicott\n|-enditem|p2b: Whimsicott|Focus Sash\n|-damage|p2b: Whimsicott|1/100\n|\n|upkeep\n|turn|2\n|l| Ursaqueen\n|\n|t:|1774835005\n|-terastallize|p1a: Dondozo|Grass\n|move|p2b: Whimsicott|Encore|p1a: Dondozo\n|-start|p1a: Dondozo|Encore\n|move|p2a: Miraidon|Volt Switch|p1a: Dondozo\n|-resisted|p1a: Dondozo\n|-damage|p1a: Dondozo|80/100\n|\n|t:|1774835012\n|switch|p2a: Lunala|Lunala, L50|100/100|[from] Volt Switch\n|move|p1a: Dondozo|Heavy Slam|p2b: Whimsicott\n|-supereffective|p2b: Whimsicott\n|-damage|p2b: Whimsicott|0 fnt\n|faint|p2b: Whimsicott\n|\n|-heal|p1a: Dondozo|87/100|[from] item: Leftovers\n|upkeep\n|\n|t:|1774835020\n|switch|p2b: Miraidon|Miraidon, L50|100/100\n|-activate|p2b: Miraidon|ability: Hadron Engine\n|turn|3\n|j| 4Test4\n|l| magicalarcher57\n|\n|t:|1774835028\n|move|p2b: Miraidon|Electro Drift|p1a: Dondozo\n|-resisted|p1a: Dondozo\n|-damage|p1a: Dondozo|59/100\n|move|p2a: Lunala|Meteor Beam||[still]\n|-prepare|p2a: Lunala|Meteor Beam\n|-boost|p2a: Lunala|spa|1\n|-enditem|p2a: Lunala|Power Herb\n|-anim|p2a: Lunala|Meteor Beam|p1a: Dondozo\n|-damage|p1a: Dondozo|44/100\n|move|p1a: Dondozo|Heavy Slam|p2a: Lunala\n|-damage|p2a: Lunala|94/100\n|\n|-heal|p1a: Dondozo|50/100|[from] item: Leftovers\n|upkeep\n|turn|4\n|\n|t:|1774835042\n|switch|p2b: Araquanid|Araquanid, L50, M|100/100\n|move|p2a: Lunala|Moongeist Beam|p1a: Dondozo\n|-damage|p1a: Dondozo|22/100\n|move|p1a: Dondozo|Heavy Slam|p2a: Lunala\n|-damage|p2a: Lunala|78/100\n|\n|-heal|p1a: Dondozo|28/100|[from] item: Leftovers\n|-end|p1a: Dondozo|Encore\n|-sideend|p2: CrownFan02|move: Tailwind\n|upkeep\n|turn|5\n|\n|t:|1774835058\n|move|p1a: Dondozo|Order Up|p2a: Lunala\n|-damage|p2a: Lunala|48/100\n|-boost|p1a: Dondozo|atk|1\n|move|p2a: Lunala|Moongeist Beam|p1a: Dondozo\n|-damage|p1a: Dondozo|0 fnt\n|faint|p1a: Dondozo\n|move|p2b: Araquanid|Leech Life|p1b: Tatsugiri\n|-damage|p1b: Tatsugiri|55/100\n|\n|-fieldend|move: Electric Terrain\n|upkeep\n|\n|t:|1774835067\n|switch|p1a: Zacian|Zacian-Crowned, L50, shiny|100/100\n|-ability|p1a: Zacian|Intrepid Sword|boost\n|-boost|p1a: Zacian|atk|1\n|turn|6\n|j| crowsif\n|\n|t:|1774835086\n|move|p1a: Zacian|Crunch|p2a: Lunala\n|-supereffective|p2a: Lunala\n|-damage|p2a: Lunala|0 fnt\n|faint|p2a: Lunala\n|move|p1b: Tatsugiri|Dragon Pulse|p2b: Araquanid\n|-damage|p2b: Araquanid|66/100\n|move|p2b: Araquanid|Liquidation|p1a: Zacian\n|-crit|p1a: Zacian\n|-damage|p1a: Zacian|30/100\n|\n|upkeep\n|\n|t:|1774835088\n|switch|p2a: Miraidon|Miraidon, L50|100/100\n|-fieldstart|move: Electric Terrain|[from] ability: Hadron Engine|[of] p2a: Miraidon\n|turn|7\n|c| miradonaod|what was that reg g lunala team again\n|\n|t:|1774835109\n|-terastallize|p2a: Miraidon|Fairy\n|move|p1a: Zacian|Protect|p1a: Zacian\n|-singleturn|p1a: Zacian|Protect\n|move|p2a: Miraidon|Dazzling Gleam|p1a: Zacian|[spread] p1b\n|-activate|p1a: Zacian|move: Protect\n|-supereffective|p1b: Tatsugiri\n|-damage|p1b: Tatsugiri|0 fnt\n|faint|p1b: Tatsugiri\n|move|p2b: Araquanid|Liquidation|p1a: Zacian\n|-activate|p1a: Zacian|move: Protect\n|\n|upkeep\n|\n|t:|1774835115\n|switch|p1b: Annihilape|Annihilape, L50, M|100/100\n|turn|8\n|\n|t:|1774835124\n|move|p1b: Annihilape|Final Gambit|p2b: Araquanid\n|-damage|p2b: Araquanid|0 fnt\n|faint|p1b: Annihilape\n|faint|p2b: Araquanid\n|move|p1a: Zacian|Behemoth Blade|p2a: Miraidon\n|-supereffective|p2a: Miraidon\n|-damage|p2a: Miraidon|0 fnt\n|faint|p2a: Miraidon\n|\n|win|pigs2fly\n|n|\u2606pigs2fly|pigs2fly\n|n|\u2606CrownFan02|crownfan02\n|n| miradonaod|miradonaod\n|n|+Radio Free C-Side|radiofreecside\n|n| Oreo_Stars|oreostars\n|n| 4Test4|4test4\n|n| crowsif|crowsif\n","uploadtime":1774835124,"views":45,"formatid":"gen9vgc2026regi","rating":null,"private":0,"password":null}