{"id":"gen9vgc2026regi-2563951780","format":"[Gen 9] VGC 2026 Reg I","players":["xinshouok","KaiMVGC"],"log":"|j|\u2606xinshouok\n|j|\u2606KaiMVGC\n|t:|1774090679\n|gametype|doubles\n|player|p1|xinshouok|lucas|1404\n|player|p2|KaiMVGC|boarder|1419\n|gen|9\n|tier|[Gen 9] VGC 2026 Reg I\n|rated|\n|rule|Species Clause: Limit one of each Pok\u00e9mon\n|rule|Item Clause: Limit 1 of each item\n|clearpoke\n|poke|p1|Groudon, L50|\n|poke|p1|Grimmsnarl, L50, M|\n|poke|p1|Miraidon, L50|\n|poke|p1|Smeargle, L50, M|\n|poke|p1|Ditto, L50|\n|poke|p1|Cobalion, L50|\n|poke|p2|Calyrex-Shadow, L50|\n|poke|p2|Zamazenta-*, L50|\n|poke|p2|Rillaboom, L50, M|\n|poke|p2|Raging Bolt, L50|\n|poke|p2|Smeargle, L50, M|\n|poke|p2|Incineroar, L50, M|\n|teampreview|4\n|inactive|Battle timer is ON: inactive players will automatically lose when time's up. (requested by xinshouok)\n|\n|t:|1774090700\n|teamsize|p1|4\n|teamsize|p2|4\n|start\n|switch|p1a: Groudon|Groudon, L50|100/100\n|switch|p1b: Smeargle|Smeargle, L50, M|100/100\n|switch|p2a: Calyrex|Calyrex-Shadow, L50|100/100\n|switch|p2b: Smeargle|Smeargle, L50, M|100/100\n|-ability|p2a: Calyrex|As One\n|-ability|p2a: Calyrex|Unnerve\n|-weather|SunnyDay|[from] ability: Drought|[of] p1a: Groudon\n|turn|1\n|\n|t:|1774090715\n|move|p2a: Calyrex|Protect|p2a: Calyrex\n|-singleturn|p2a: Calyrex|Protect\n|move|p2b: Smeargle|Fake Out|p1b: Smeargle\n|-damage|p1b: Smeargle|89/100\n|cant|p1b: Smeargle|flinch\n|move|p1a: Groudon|Precipice Blades|p2b: Smeargle|[spread] \n|-activate|p2a: Calyrex|move: Protect\n|-miss|p1a: Groudon|p2b: Smeargle\n|\n|-weather|SunnyDay|[upkeep]\n|-ability|p1b: Smeargle|Moody|boost\n|-boost|p1b: Smeargle|spd|2\n|-unboost|p1b: Smeargle|def|1\n|-ability|p2b: Smeargle|Moody|boost\n|-boost|p2b: Smeargle|spe|2\n|-unboost|p2b: Smeargle|atk|1\n|upkeep\n|turn|2\n|\n|t:|1774090739\n|move|p2b: Smeargle|Spore|p1a: Groudon\n|-status|p1a: Groudon|slp|[from] move: Spore\n|move|p2a: Calyrex|Psychic|p1b: Smeargle\n|-damage|p1b: Smeargle|21/100\n|-damage|p2a: Calyrex|91/100|[from] item: Life Orb\n|move|p1b: Smeargle|Decorate|p1a: Groudon\n|-boost|p1a: Groudon|atk|2\n|-boost|p1a: Groudon|spa|2\n|cant|p1a: Groudon|slp\n|\n|-weather|SunnyDay|[upkeep]\n|-ability|p2b: Smeargle|Moody|boost\n|-boost|p2b: Smeargle|spd|2\n|-unboost|p2b: Smeargle|spa|1\n|-ability|p1b: Smeargle|Moody|boost\n|-boost|p1b: Smeargle|def|2\n|-unboost|p1b: Smeargle|spe|1\n|upkeep\n|turn|3\n|\n|t:|1774090760\n|switch|p2b: Rillaboom|Rillaboom, L50, M|100/100\n|-fieldstart|move: Grassy Terrain|[from] ability: Grassy Surge|[of] p2b: Rillaboom\n|move|p2a: Calyrex|Psychic|p1b: Smeargle\n|-damage|p1b: Smeargle|0 fnt\n|faint|p1b: Smeargle\n|-ability|p2a: Calyrex|Grim Neigh|boost\n|-boost|p2a: Calyrex|spa|1\n|-damage|p2a: Calyrex|81/100|[from] item: Life Orb\n|cant|p1a: Groudon|slp\n|\n|-weather|SunnyDay|[upkeep]\n|-heal|p2a: Calyrex|87/100|[from] Grassy Terrain\n|upkeep\n|\n|t:|1774090763\n|switch|p1b: Miraidon|Miraidon, L50|100/100\n|-fieldstart|move: Electric Terrain|[from] ability: Hadron Engine|[of] p1b: Miraidon\n|turn|4\n|\n|t:|1774090776\n|move|p2a: Calyrex|Protect|p2a: Calyrex\n|-singleturn|p2a: Calyrex|Protect\n|move|p1b: Miraidon|Snarl|p2b: Rillaboom|[spread] p2b\n|-activate|p2a: Calyrex|move: Protect\n|-damage|p2b: Rillaboom|88/100\n|-unboost|p2b: Rillaboom|spa|1\n|cant|p1a: Groudon|slp\n|move|p2b: Rillaboom|U-turn|p1a: Groudon\n|-damage|p1a: Groudon|84/100 slp\n|\n|t:|1774090778\n|switch|p2b: Smeargle|Smeargle, L50, M|100/100|[from] U-turn\n|\n|-weather|SunnyDay|[upkeep]\n|-ability|p2b: Smeargle|Moody|boost\n|-boost|p2b: Smeargle|atk|2\n|-unboost|p2b: Smeargle|spe|1\n|upkeep\n|turn|5\n|inactive|KaiMVGC has 30 seconds left.\n|\n|t:|1774090807\n|move|p2b: Smeargle|Fake Out|p1b: Miraidon\n|-damage|p1b: Miraidon|92/100\n|cant|p1b: Miraidon|flinch\n|move|p2a: Calyrex|Astral Barrage|p1b: Miraidon|[spread] p1a,p1b\n|-damage|p1a: Groudon|18/100 slp\n|-damage|p1b: Miraidon|7/100\n|-damage|p2a: Calyrex|78/100|[from] item: Life Orb\n|-curestatus|p1a: Groudon|slp|[msg]\n|move|p1a: Groudon|Heat Crash|p2a: Calyrex\n|-damage|p2a: Calyrex|0 fnt\n|faint|p2a: Calyrex\n|\n|-weather|none\n|-ability|p2b: Smeargle|Moody|boost\n|-boost|p2b: Smeargle|spa|2\n|-unboost|p2b: Smeargle|spe|1\n|upkeep\n|\n|t:|1774090815\n|switch|p2a: Rillaboom|Rillaboom, L50, M|88/100\n|-fieldstart|move: Grassy Terrain|[from] ability: Grassy Surge|[of] p2a: Rillaboom\n|turn|6\n|inactive|xinshouok has 30 seconds left.\n|\n|t:|1774090848\n|switch|p1b: Ditto|Ditto, L50|100/100\n|-transform|p1b: Ditto|p2a: Rillaboom|[from] ability: Imposter\n|-terastallize|p2a: Rillaboom|Fire\n|move|p1a: Groudon|Precipice Blades|p2b: Smeargle|[spread] p2a,p2b\n|-supereffective|p2a: Rillaboom\n|-damage|p2a: Rillaboom|0 fnt\n|-enditem|p2b: Smeargle|Focus Sash\n|-damage|p2b: Smeargle|1/100\n|faint|p2a: Rillaboom\n|move|p2b: Smeargle|Spore|p1b: Ditto\n|-immune|p1b: Ditto\n|\n|-heal|p1a: Groudon|24/100|[from] Grassy Terrain\n|-heal|p2b: Smeargle|7/100|[from] Grassy Terrain\n|-ability|p2b: Smeargle|Moody|boost\n|-boost|p2b: Smeargle|atk|2\n|-unboost|p2b: Smeargle|spe|1\n|upkeep\n|\n|t:|1774090856\n|switch|p2a: Zamazenta|Zamazenta-Crowned, L50|100/100\n|-ability|p2a: Zamazenta|Dauntless Shield|boost\n|-boost|p2a: Zamazenta|def|1\n|turn|7\n|inactive|xinshouok has 30 seconds left.\n|\n|t:|1774090887\n|move|p2a: Zamazenta|Body Press|p1a: Groudon\n|-damage|p1a: Groudon|0 fnt\n|faint|p1a: Groudon\n|move|p1b: Ditto|U-turn|p2b: Smeargle\n|-damage|p2b: Smeargle|0 fnt\n|faint|p2b: Smeargle\n|\n|t:|1774090891\n|switch|p1b: Miraidon|Miraidon, L50|7/100|[from] U-turn\n|-fieldstart|move: Electric Terrain|[from] ability: Hadron Engine|[of] p1b: Miraidon\n|\n|upkeep\n|\n|t:|1774090893\n|switch|p1a: Ditto|Ditto, L50|100/100\n|turn|8\n|\n|t:|1774090907\n|move|p2a: Zamazenta|Protect|p2a: Zamazenta\n|-singleturn|p2a: Zamazenta|Protect\n|move|p1b: Miraidon|Electro Drift|p2a: Zamazenta\n|-activate|p2a: Zamazenta|move: Protect\n|move|p1a: Ditto|Transform|p2a: Zamazenta\n|-transform|p1a: Ditto|p2a: Zamazenta\n|-ability|p1a: Ditto|Dauntless Shield|boost\n|-boost|p1a: Ditto|def|1\n|\n|upkeep\n|turn|9\n|-message|KaiMVGC forfeited.\n|\n|win|xinshouok\n|raw|xinshouok's rating: 1404 &rarr; <strong>1425</strong><br />(+21 for winning)\n|raw|KaiMVGC's rating: 1419 &rarr; <strong>1398</strong><br />(-21 for losing)\n|l|\u2606KaiMVGC\n|player|p2|\n|l|\u2606xinshouok\n|player|p1|\n","uploadtime":1774091104,"views":13,"formatid":"gen9vgc2026regi","rating":1398,"private":0,"password":null}