{"id":"gen9vgc2026regi-2567586505","format":"[Gen 9] VGC 2026 Reg I","players":["Luxerna","Rygonitee"],"log":"|j|\u2606Luxerna\n|j|\u2606Rygonitee\n|t:|1774490833\n|gametype|doubles\n|player|p1|Luxerna|dawn-gen4pt|1371\n|player|p2|Rygonitee|dragontamer|1395\n|gen|9\n|tier|[Gen 9] VGC 2026 Reg I\n|rated|\n|rule|Species Clause: Limit one of each Pok\u00e9mon\n|rule|Item Clause: Limit 1 of each item\n|clearpoke\n|poke|p1|Koraidon, L50|\n|poke|p1|Lunala, L50|\n|poke|p1|Incineroar, L50, M|\n|poke|p1|Flutter Mane, L50|\n|poke|p1|Amoonguss, L50, F|\n|poke|p1|Ursaluna, L50, M|\n|poke|p2|Zacian-*, L50|\n|poke|p2|Zamazenta-*, L50|\n|poke|p2|Zapdos-Galar, L50|\n|poke|p2|Dragonite, L50, F|\n|poke|p2|Chien-Pao, L50|\n|poke|p2|Flutter Mane, L50|\n|teampreview|4\n|\n|t:|1774490869\n|teamsize|p1|4\n|teamsize|p2|4\n|start\n|switch|p1a: Koraidon|Koraidon, L50|100/100\n|switch|p1b: Flutter Mane|Flutter Mane, L50|100/100\n|switch|p2a: Zapdos|Zapdos-Galar, L50|100/100\n|switch|p2b: Flutter Mane|Flutter Mane, L50|100/100\n|-weather|SunnyDay|[from] ability: Orichalcum Pulse|[of] p1a: Koraidon\n|-activate|p1b: Flutter Mane|ability: Protosynthesis\n|-start|p1b: Flutter Mane|protosynthesisspe\n|-activate|p2b: Flutter Mane|ability: Protosynthesis\n|-start|p2b: Flutter Mane|protosynthesisspe\n|-activate|p1a: Koraidon|Orichalcum Pulse|[source]\n|turn|1\n|\n|t:|1774490877\n|-terastallize|p1a: Koraidon|Fire\n|move|p2a: Zapdos|Protect|p2a: Zapdos\n|-singleturn|p2a: Zapdos|Protect\n|move|p1b: Flutter Mane|Icy Wind|p2a: Zapdos|[spread] p2b\n|-activate|p2a: Zapdos|move: Protect\n|-crit|p2b: Flutter Mane\n|-damage|p2b: Flutter Mane|77/100\n|-unboost|p2b: Flutter Mane|spe|1\n|move|p1a: Koraidon|Flare Blitz|p2a: Zapdos\n|-activate|p2a: Zapdos|move: Protect\n|move|p2b: Flutter Mane|Icy Wind|p1a: Koraidon|[spread] p1a,p1b\n|-resisted|p1a: Koraidon\n|-damage|p1a: Koraidon|94/100\n|-damage|p1b: Flutter Mane|84/100\n|-unboost|p1a: Koraidon|spe|1\n|-unboost|p1b: Flutter Mane|spe|1\n|\n|-weather|SunnyDay|[upkeep]\n|upkeep\n|turn|2\n|\n|t:|1774490900\n|move|p1b: Flutter Mane|Icy Wind|p2a: Zapdos|[spread] p2a,p2b\n|-supereffective|p2a: Zapdos\n|-damage|p2a: Zapdos|63/100\n|-damage|p2b: Flutter Mane|62/100\n|-unboost|p2a: Zapdos|spe|1\n|-ability|p2a: Zapdos|Defiant|boost\n|-boost|p2a: Zapdos|atk|2\n|-unboost|p2b: Flutter Mane|spe|1\n|move|p2b: Flutter Mane|Icy Wind|p1b: Flutter Mane|[spread] p1a,p1b\n|-resisted|p1a: Koraidon\n|-damage|p1a: Koraidon|87/100\n|-damage|p1b: Flutter Mane|68/100\n|-unboost|p1a: Koraidon|spe|1\n|-unboost|p1b: Flutter Mane|spe|1\n|move|p1a: Koraidon|Flare Blitz|p2a: Zapdos\n|-damage|p2a: Zapdos|0 fnt\n|faint|p2a: Zapdos\n|-damage|p1a: Koraidon|68/100|[from] Recoil\n|-damage|p1a: Koraidon|58/100|[from] item: Life Orb\n|\n|-weather|SunnyDay|[upkeep]\n|upkeep\n|\n|t:|1774490910\n|switch|p2a: Zacian|Zacian-Crowned, L50|100/100\n|-ability|p2a: Zacian|Intrepid Sword|boost\n|-boost|p2a: Zacian|atk|1\n|turn|3\n|\n|t:|1774490918\n|-end|p1b: Flutter Mane|Protosynthesis|[silent]\n|switch|p1b: Incineroar|Incineroar, L50, M|100/100\n|-ability|p1b: Incineroar|Intimidate|boost\n|-unboost|p2a: Zacian|atk|1\n|-unboost|p2b: Flutter Mane|atk|1\n|switch|p1a: Amoonguss|Amoonguss, L50, F|100/100\n|move|p2a: Zacian|Protect|p2a: Zacian\n|-singleturn|p2a: Zacian|Protect\n|move|p2b: Flutter Mane|Shadow Ball|p1a: Amoonguss\n|-damage|p1a: Amoonguss|61/100\n|\n|-weather|SunnyDay|[upkeep]\n|upkeep\n|turn|4\n|\n|t:|1774490935\n|move|p2a: Zacian|Protect||[still]\n|-fail|p2a: Zacian\n|move|p2b: Flutter Mane|Shadow Ball|p1a: Amoonguss\n|-damage|p1a: Amoonguss|23/100\n|move|p1b: Incineroar|Will-O-Wisp|p2a: Zacian\n|-status|p2a: Zacian|brn\n|move|p1a: Amoonguss|Spore|p2b: Flutter Mane\n|-status|p2b: Flutter Mane|slp|[from] move: Spore\n|\n|-weather|SunnyDay|[upkeep]\n|-damage|p2a: Zacian|95/100 brn|[from] brn\n|upkeep\n|turn|5\n|-message|Rygonitee forfeited.\n|\n|win|Luxerna\n|raw|Luxerna's rating: 1371 &rarr; <strong>1392</strong><br />(+21 for winning)\n|raw|Rygonitee's rating: 1395 &rarr; <strong>1374</strong><br />(-21 for losing)\n|l|\u2606Rygonitee\n|player|p2|\n|l|\u2606Luxerna\n|player|p1|\n","uploadtime":1774491197,"views":10,"formatid":"gen9vgc2026regi","rating":1374,"private":0,"password":null}