{"id":"gen9vgc2026regi-2560341301","format":"[Gen 9] VGC 2026 Reg I","players":["kojimuranishi","BrabreiVGC"],"log":"|j|\u2606kojimuranishi\n|j|\u2606BrabreiVGC\n|t:|1773678791\n|gametype|doubles\n|player|p1|kojimuranishi|170|1458\n|player|p2|BrabreiVGC|unknown|1385\n|gen|9\n|tier|[Gen 9] VGC 2026 Reg I\n|rated|\n|rule|Species Clause: Limit one of each Pok\u00e9mon\n|rule|Item Clause: Limit 1 of each item\n|clearpoke\n|poke|p1|Ogerpon-Cornerstone, L50, F|\n|poke|p1|Ho-Oh, L50|\n|poke|p1|Miraidon, L50|\n|poke|p1|Chien-Pao, L50|\n|poke|p1|Landorus, L50, M|\n|poke|p1|Farigiraf, L50, F|\n|poke|p2|Terapagos, L50, M|\n|poke|p2|Calyrex-Shadow, L50|\n|poke|p2|Iron Hands, L50|\n|poke|p2|Smeargle, L50, F|\n|poke|p2|Chi-Yu, L50|\n|poke|p2|Tornadus, L50, M|\n|teampreview|4\n|inactive|Battle timer is ON: inactive players will automatically lose when time's up. (requested by BrabreiVGC)\nBrabreiVGC has agreed to open team sheets.\n|inactive|BrabreiVGC has 60 seconds left.\n|\n|t:|1773678837\n|teamsize|p1|4\n|teamsize|p2|4\n|start\n|switch|p1a: Ogerpon|Ogerpon-Cornerstone, L50, F|100/100\n|switch|p1b: Miraidon|Miraidon, L50|100/100\n|switch|p2a: Iron Hands|Iron Hands, L50|100/100\n|switch|p2b: Calyrex|Calyrex-Shadow, L50|100/100\n|-ability|p2b: Calyrex|As One\n|-ability|p2b: Calyrex|Unnerve\n|-fieldstart|move: Electric Terrain|[from] ability: Hadron Engine|[of] p1b: Miraidon\n|-activate|p2a: Iron Hands|ability: Quark Drive\n|-start|p2a: Iron Hands|quarkdriveatk\n|turn|1\n|inactive|kojimuranishi has 30 seconds left.\n|\n|t:|1773678863\n|move|p2a: Iron Hands|Fake Out|p1b: Miraidon\n|-damage|p1b: Miraidon|81/100\n|cant|p1b: Miraidon|flinch\n|move|p2b: Calyrex|Astral Barrage|p1a: Ogerpon|[spread] p1a,p1b\n|-damage|p1a: Ogerpon|17/100\n|-damage|p1b: Miraidon|14/100\n|-damage|p2b: Calyrex|91/100|[from] item: Life Orb\n|move|p1a: Ogerpon|Ivy Cudgel|p2b: Calyrex|[anim] Ivy Cudgel Rock\n|-damage|p2b: Calyrex|24/100\n|\n|upkeep\n|turn|2\n|\n|t:|1773678884\n|move|p2b: Calyrex|Protect|p2b: Calyrex\n|-singleturn|p2b: Calyrex|Protect\n|move|p1b: Miraidon|Draco Meteor|p2a: Iron Hands\n|-damage|p2a: Iron Hands|54/100\n|-unboost|p1b: Miraidon|spa|2\n|move|p1a: Ogerpon|Power Whip|p2a: Iron Hands\n|-damage|p2a: Iron Hands|0 fnt\n|faint|p2a: Iron Hands\n|-end|p2a: Iron Hands|Quark Drive|[silent]\n|\n|upkeep\n|\n|t:|1773678896\n|switch|p2a: Tornadus|Tornadus, L50, M|100/100\n|turn|3\n|l|\u2606BrabreiVGC\n|inactive|BrabreiVGC disconnected and has a minute to reconnect!\n|player|p2|\n|\n|t:|1773678916\n|switch|p1b: Chien-Pao|Chien-Pao, L50|100/100\n|-ability|p1b: Chien-Pao|Sword of Ruin\n|move|p1a: Ogerpon|Spiky Shield|p1a: Ogerpon\n|-singleturn|p1a: Ogerpon|move: Protect\n|move|p2a: Tornadus|Tailwind|p2a: Tornadus\n|-sidestart|p2: BrabreiVGC|move: Tailwind\n|move|p2b: Calyrex|Astral Barrage|p1a: Ogerpon|[spread] p1b\n|-activate|p1a: Ogerpon|move: Protect\n|-resisted|p1b: Chien-Pao\n|-damage|p1b: Chien-Pao|49/100\n|-damage|p2b: Calyrex|15/100|[from] item: Life Orb\n|\n|upkeep\n|turn|4\n|j|\u2606BrabreiVGC\n|inactive|BrabreiVGC reconnected and has 55 seconds left.\n|player|p2|BrabreiVGC|unknown|\n|inactive|kojimuranishi has 30 seconds left.\n|inactive|BrabreiVGC has 30 seconds left.\n|\n|t:|1773678949\n|switch|p2b: Chi-Yu|Chi-Yu, L50|100/100\n|-ability|p2b: Chi-Yu|Beads of Ruin\n|move|p1a: Ogerpon|Spiky Shield||[still]\n|-fail|p1a: Ogerpon\n|move|p2a: Tornadus|Bleakwind Storm|p1b: Chien-Pao|[spread] p1a,p1b\n|-damage|p1a: Ogerpon|0 fnt\n|-damage|p1b: Chien-Pao|0 fnt\n|faint|p1a: Ogerpon\n|faint|p1b: Chien-Pao\n|\n|upkeep\n|\n|t:|1773678962\n|switch|p1b: Miraidon|Miraidon, L50|14/100\n|switch|p1a: Landorus|Landorus, L50, M|100/100\n|-activate|p1b: Miraidon|ability: Hadron Engine\n|turn|5\n|\n|t:|1773678973\n|-terastallize|p2b: Chi-Yu|Ghost\n|move|p1a: Landorus|Protect|p1a: Landorus\n|-singleturn|p1a: Landorus|Protect\n|move|p2b: Chi-Yu|Heat Wave|p1b: Miraidon|[spread] p1b\n|-activate|p1a: Landorus|move: Protect\n|-resisted|p1b: Miraidon\n|-damage|p1b: Miraidon|0 fnt\n|faint|p1b: Miraidon\n|move|p2a: Tornadus|Bleakwind Storm|p1a: Landorus\n|-activate|p1a: Landorus|move: Protect\n|\n|-fieldend|move: Electric Terrain\n|upkeep\n|turn|6\n|-message|kojimuranishi forfeited.\n|\n|win|BrabreiVGC\n|raw|kojimuranishi's rating: 1458 &rarr; <strong>1434</strong><br />(-24 for losing)\n|raw|BrabreiVGC's rating: 1385 &rarr; <strong>1409</strong><br />(+24 for winning)\n|l|\u2606kojimuranishi\n|player|p1|\n","uploadtime":1773678984,"views":13,"formatid":"gen9vgc2026regi","rating":1409,"private":0,"password":null}