{"id":"gen9vgc2026regi-2546753046","format":"[Gen 9] VGC 2026 Reg I","players":["ypsh1","blackred123"],"log":"|j|\u2606ypsh1\n|j|\u2606blackred123\n|t:|1772005596\n|gametype|doubles\n|player|p1|ypsh1|hilda-wonderlauncher|1323\n|player|p2|blackred123|iono-masters|1390\n|gen|9\n|tier|[Gen 9] VGC 2026 Reg I\n|rated|\n|rule|Species Clause: Limit one of each Pok\u00e9mon\n|rule|Item Clause: Limit 1 of each item\n|clearpoke\n|poke|p1|Calyrex-Shadow, L50|\n|poke|p1|Koraidon, L50|\n|poke|p1|Indeedee-F, L50, F|\n|poke|p1|Clefairy, L50, F|\n|poke|p1|Raging Bolt, L50|\n|poke|p1|Iron Valiant, L50|\n|poke|p2|Koraidon, L50|\n|poke|p2|Lunala, L50|\n|poke|p2|Tornadus, L50, M|\n|poke|p2|Raging Bolt, L50|\n|poke|p2|Rillaboom, L50, M|\n|poke|p2|Incineroar, L50, F|\n|teampreview|4\n|inactive|Battle timer is ON: inactive players will automatically lose when time's up. (requested by blackred123)\n|\n|t:|1772005615\n|teamsize|p1|4\n|teamsize|p2|4\n|start\n|switch|p1a: Koraidon|Koraidon, L50|100/100\n|switch|p1b: Indeedee|Indeedee-F, L50, F|100/100\n|switch|p2a: Lunala|Lunala, L50|100/100\n|switch|p2b: Incineroar|Incineroar, L50, F|100/100\n|-weather|SunnyDay|[from] ability: Orichalcum Pulse|[of] p1a: Koraidon\n|-activate|p1a: Koraidon|Orichalcum Pulse|[source]\n|-fieldstart|move: Psychic Terrain|[from] ability: Psychic Surge|[of] p1b: Indeedee\n|-enditem|p1a: Koraidon|Psychic Seed\n|-boost|p1a: Koraidon|spd|1|[from] item: Psychic Seed\n|-ability|p2b: Incineroar|Intimidate|boost\n|-unboost|p1a: Koraidon|atk|1\n|-unboost|p1b: Indeedee|atk|1\n|turn|1\n|inactive|ypsh1 has 30 seconds left.\n|inactive|blackred123 has 30 seconds left.\n|\n|t:|1772005649\n|-terastallize|p1a: Koraidon|Fire\n|move|p1a: Koraidon|Swords Dance|p1a: Koraidon\n|-boost|p1a: Koraidon|atk|2\n|move|p2a: Lunala|Meteor Beam||[still]\n|-prepare|p2a: Lunala|Meteor Beam\n|-boost|p2a: Lunala|spa|1\n|-enditem|p2a: Lunala|Power Herb\n|-anim|p2a: Lunala|Meteor Beam|p1b: Indeedee\n|-damage|p1b: Indeedee|30/100\n|move|p1b: Indeedee|Light Screen|p1b: Indeedee\n|-sidestart|p1: ypsh1|move: Light Screen\n|move|p2b: Incineroar|U-turn|p1b: Indeedee\n|-supereffective|p1b: Indeedee\n|-damage|p1b: Indeedee|0 fnt\n|faint|p1b: Indeedee\n|\n|t:|1772005668\n|switch|p2b: Koraidon|Koraidon, L50|100/100|[from] U-turn\n|-activate|p2b: Koraidon|ability: Orichalcum Pulse\n|\n|-weather|SunnyDay|[upkeep]\n|upkeep\n|\n|t:|1772005676\n|switch|p1b: Iron Valiant|Iron Valiant, L50|100/100\n|-enditem|p1b: Iron Valiant|Booster Energy\n|-activate|p1b: Iron Valiant|ability: Quark Drive|[fromitem]\n|-start|p1b: Iron Valiant|quarkdrivespe\n|turn|2\n|\n|t:|1772005690\n|switch|p2b: Incineroar|Incineroar, L50, F|100/100\n|-ability|p2b: Incineroar|Intimidate|boost\n|-unboost|p1a: Koraidon|atk|1\n|-unboost|p1b: Iron Valiant|atk|1\n|move|p1b: Iron Valiant|Icy Wind|p2a: Lunala|[spread] p2a,p2b\n|-resisted|p2b: Incineroar\n|-damage|p2a: Lunala|96/100\n|-damage|p2b: Incineroar|97/100\n|-unboost|p2a: Lunala|spe|1\n|-unboost|p2b: Incineroar|spe|1\n|move|p1a: Koraidon|Flame Charge|p2a: Lunala\n|-damage|p2a: Lunala|26/100\n|-boost|p1a: Koraidon|spe|1\n|move|p2a: Lunala|Meteor Beam||[still]\n|-prepare|p2a: Lunala|Meteor Beam\n|-boost|p2a: Lunala|spa|1\n|\n|-weather|SunnyDay|[upkeep]\n|upkeep\n|turn|3\n|\n|t:|1772005714\n|move|p1a: Koraidon|Protect|p1a: Koraidon\n|-singleturn|p1a: Koraidon|Protect\n|move|p1b: Iron Valiant|Coaching|p1a: Koraidon\n|-boost|p1a: Koraidon|atk|1\n|-boost|p1a: Koraidon|def|1\n|move|p2a: Lunala|Meteor Beam|p1a: Koraidon|[from] lockedmove\n|-activate|p1a: Koraidon|move: Protect\n|move|p2b: Incineroar|U-turn|p1b: Iron Valiant\n|-resisted|p1b: Iron Valiant\n|-damage|p1b: Iron Valiant|96/100\n|\n|t:|1772005729\n|switch|p2b: Koraidon|Koraidon, L50|100/100|[from] U-turn\n|-activate|p2b: Koraidon|ability: Orichalcum Pulse\n|\n|-weather|SunnyDay|[upkeep]\n|upkeep\n|turn|4\n|\n|t:|1772005749\n|-terastallize|p2b: Koraidon|Fire\n|move|p1b: Iron Valiant|Icy Wind|p2a: Lunala|[spread] p2a\n|-miss|p1b: Iron Valiant|p2b: Koraidon\n|-damage|p2a: Lunala|18/100\n|-unboost|p2a: Lunala|spe|1\n|move|p1a: Koraidon|Swords Dance|p1a: Koraidon\n|-boost|p1a: Koraidon|atk|2\n|move|p2b: Koraidon|Flame Charge|p1b: Iron Valiant\n|-damage|p1b: Iron Valiant|23/100\n|-boost|p2b: Koraidon|spe|1\n|move|p2a: Lunala|Moongeist Beam|p1b: Iron Valiant\n|-damage|p1b: Iron Valiant|0 fnt\n|faint|p1b: Iron Valiant\n|-end|p1b: Iron Valiant|Quark Drive|[silent]\n|\n|-weather|SunnyDay|[upkeep]\n|upkeep\n|\n|t:|1772005769\n|switch|p1b: Calyrex|Calyrex-Shadow, L50|100/100\n|-ability|p1b: Calyrex|As One\n|-ability|p1b: Calyrex|Unnerve\n|turn|5\n|\n|t:|1772005788\n|move|p2a: Lunala|Wide Guard|p2a: Lunala\n|-singleturn|p2a: Lunala|Wide Guard\n|move|p2b: Koraidon|Collision Course|p1a: Koraidon\n|-damage|p1a: Koraidon|62/100\n|move|p1a: Koraidon|Drain Punch|p2b: Koraidon\n|-damage|p2b: Koraidon|0 fnt\n|-heal|p1a: Koraidon|100/100|[from] drain|[of] p2b: Koraidon\n|faint|p2b: Koraidon\n|move|p1b: Calyrex|Astral Barrage|p2a: Lunala\n|-activate|p2a: Lunala|move: Wide Guard\n|\n|-weather|none\n|-sideend|p1: ypsh1|move: Light Screen\n|-fieldend|move: Psychic Terrain\n|upkeep\n|\n|t:|1772005803\n|switch|p2b: Raging Bolt|Raging Bolt, L50|100/100\n|turn|6\n|\n|t:|1772005819\n|switch|p2a: Incineroar|Incineroar, L50, F|97/100\n|-ability|p2a: Incineroar|Intimidate|boost\n|-unboost|p1a: Koraidon|atk|1\n|-unboost|p1b: Calyrex|atk|1\n|move|p1b: Calyrex|Protect|p1b: Calyrex\n|-singleturn|p1b: Calyrex|Protect\n|move|p1a: Koraidon|Flame Charge|p2a: Incineroar\n|-resisted|p2a: Incineroar\n|-damage|p2a: Incineroar|70/100\n|-boost|p1a: Koraidon|spe|1\n|move|p2b: Raging Bolt|Draco Meteor|p1b: Calyrex\n|-activate|p1b: Calyrex|move: Protect\n|\n|upkeep\n|turn|7\n|\n|t:|1772005840\n|move|p2a: Incineroar|Fake Out|p1a: Koraidon\n|-damage|p1a: Koraidon|94/100\n|cant|p1a: Koraidon|flinch\n|move|p1b: Calyrex|Astral Barrage|p2a: Incineroar|[spread] p2a,p2b\n|-resisted|p2a: Incineroar\n|-damage|p2a: Incineroar|52/100\n|-damage|p2b: Raging Bolt|52/100\n|move|p2b: Raging Bolt|Draco Meteor|p1a: Koraidon\n|-damage|p1a: Koraidon|36/100\n|-unboost|p2b: Raging Bolt|spa|2\n|-damage|p2b: Raging Bolt|42/100|[from] item: Life Orb\n|\n|upkeep\n|turn|8\n|\n|t:|1772005861\n|move|p2b: Raging Bolt|Thunderclap|p1a: Koraidon\n|-damage|p1a: Koraidon|20/100\n|-damage|p2b: Raging Bolt|33/100|[from] item: Life Orb\n|move|p1a: Koraidon|Drain Punch|p2a: Incineroar\n|-supereffective|p2a: Incineroar\n|-damage|p2a: Incineroar|0 fnt\n|-heal|p1a: Koraidon|47/100|[from] drain|[of] p2a: Incineroar\n|faint|p2a: Incineroar\n|move|p1b: Calyrex|Astral Barrage|p2b: Raging Bolt\n|-damage|p2b: Raging Bolt|0 fnt\n|faint|p2b: Raging Bolt\n|-end|p2b: Raging Bolt|Protosynthesis|[silent]\n|-ability|p1b: Calyrex|Grim Neigh|boost\n|-boost|p1b: Calyrex|spa|1\n|\n|upkeep\n|-message|blackred123 forfeited.\n|\n|win|ypsh1\n|raw|ypsh1's rating: 1323 &rarr; <strong>1347</strong><br />(+24 for winning)\n|raw|blackred123's rating: 1390 &rarr; <strong>1366</strong><br />(-24 for losing)\n|l|\u2606blackred123\n|player|p2|\n|l|\u2606ypsh1\n|player|p1|\n","uploadtime":1772006045,"views":13,"formatid":"gen9vgc2026regi","rating":1347,"private":0,"password":null}