{"id":"gen9vgc2026regi-2572593048","format":"[Gen 9] VGC 2026 Reg I","players":["bananenen","Galact7adi"],"log":"|j|\u2606bananenen\n|j|\u2606Galact7adi\n|t:|1775047030\n|gametype|doubles\n|player|p1|bananenen|1|1390\n|player|p2|Galact7adi|1|1481\n|gen|9\n|tier|[Gen 9] VGC 2026 Reg I\n|rated|\n|rule|Species Clause: Limit one of each Pok\u00e9mon\n|rule|Item Clause: Limit 1 of each item\n|clearpoke\n|poke|p1|Calyrex-Ice, L50|\n|poke|p1|Miraidon, L50|\n|poke|p1|Incineroar, L50, M|\n|poke|p1|Whimsicott, L50, M|\n|poke|p1|Urshifu-*, L50, M|\n|poke|p1|Landorus, L50, M|\n|poke|p2|Kyogre, L50|\n|poke|p2|Zamazenta-*, L50|\n|poke|p2|Raichu, L50, M|\n|poke|p2|Tornadus, L50, M|\n|poke|p2|Incineroar, L50, M|\n|poke|p2|Chien-Pao, L50|\n|teampreview|4\n|inactive|Battle timer is ON: inactive players will automatically lose when time's up. (requested by Galact7adi)\n|j| salamstudu\n|inactive|bananenen has 60 seconds left.\n|inactive|Galact7adi has 60 seconds left.\n|\n|t:|1775047084\n|teamsize|p1|4\n|teamsize|p2|4\n|start\n|switch|p1a: Calyrex|Calyrex-Ice, L50|100/100\n|switch|p1b: Miraidon|Miraidon, L50|100/100\n|switch|p2a: Tornadus|Tornadus, L50, M|100/100\n|switch|p2b: Zamazenta|Zamazenta-Crowned, L50|100/100\n|-ability|p1a: Calyrex|As One\n|-ability|p1a: Calyrex|Unnerve\n|-ability|p2b: Zamazenta|Dauntless Shield|boost\n|-boost|p2b: Zamazenta|def|1\n|-fieldstart|move: Electric Terrain|[from] ability: Hadron Engine|[of] p1b: Miraidon\n|turn|1\n|inactive|bananenen has 30 seconds left.\n|\n|t:|1775047110\n|switch|p2b: Raichu|Raichu, L50, M|100/100\n|-terastallize|p2a: Tornadus|Dark\n|move|p2a: Tornadus|Taunt|p1a: Calyrex\n|-start|p1a: Calyrex|move: Taunt\n|move|p1b: Miraidon|Volt Switch|p2b: Raichu\n|-activate|p2b: Raichu|ability: Lightning Rod\n|-ability|p2b: Raichu|Lightning Rod|boost\n|-boost|p2b: Raichu|spa|1\n|cant|p1a: Calyrex|move: Taunt|Leech Seed\n|\n|upkeep\n|turn|2\n|\n|t:|1775047133\n|switch|p1b: Landorus|Landorus, L50, M|100/100\n|move|p2b: Raichu|Fake Out|p1a: Calyrex\n|-damage|p1a: Calyrex|96/100\n|move|p2a: Tornadus|Bleakwind Storm|p1b: Landorus|[spread] p1a\n|-miss|p2a: Tornadus|p1b: Landorus\n|-damage|p1a: Calyrex|77/100\n|cant|p1a: Calyrex|flinch\n|\n|upkeep\n|turn|3\n|\n|t:|1775047144\n|move|p2a: Tornadus|Tailwind|p2a: Tornadus\n|-sidestart|p2: Galact7adi|move: Tailwind\n|move|p2b: Raichu|Volt Switch|p1a: Calyrex\n|-damage|p1a: Calyrex|49/100\n|\n|t:|1775047154\n|switch|p2b: Kyogre|Kyogre, L50|100/100|[from] Volt Switch\n|-weather|RainDance|[from] ability: Drizzle|[of] p2b: Kyogre\n|move|p1b: Landorus|Earth Power|p2b: Kyogre\n|-damage|p2b: Kyogre|46/100\n|move|p1a: Calyrex|Glacial Lance|p2a: Tornadus|[spread] p2a,p2b\n|-resisted|p2b: Kyogre\n|-damage|p2a: Tornadus|46/100\n|-damage|p2b: Kyogre|23/100\n|\n|-weather|RainDance|[upkeep]\n|-end|p1a: Calyrex|move: Taunt\n|upkeep\n|turn|4\n|inactive|bananenen has 30 seconds left.\n|inactive|bananenen has 20 seconds left.\n|\n|t:|1775047192\n|switch|p1a: Miraidon|Miraidon, L50|100/100\n|-activate|p1a: Miraidon|ability: Hadron Engine\n|-terastallize|p1b: Landorus|Water\n|move|p2a: Tornadus|Bleakwind Storm|p1b: Landorus|[spread] p1a,p1b\n|-resisted|p1a: Miraidon\n|-damage|p1a: Miraidon|88/100\n|-damage|p1b: Landorus|67/100\n|move|p2b: Kyogre|Origin Pulse|p1a: Miraidon|[spread] p1a,p1b\n|-resisted|p1a: Miraidon\n|-resisted|p1b: Landorus\n|-damage|p1a: Miraidon|49/100\n|-damage|p1b: Landorus|19/100\n|move|p1b: Landorus|Earth Power|p2b: Kyogre\n|-damage|p2b: Kyogre|0 fnt\n|faint|p2b: Kyogre\n|\n|-weather|RainDance|[upkeep]\n|upkeep\n|\n|t:|1775047199\n|switch|p2b: Zamazenta|Zamazenta-Crowned, L50|100/100\n|turn|5\n|inactive|bananenen has 30 seconds left.\n|inactive|bananenen has 20 seconds left.\n|\n|t:|1775047235\n|switch|p1a: Calyrex|Calyrex-Ice, L50|49/100\n|-ability|p1a: Calyrex|As One\n|-ability|p1a: Calyrex|Unnerve\n|move|p1b: Landorus|Protect|p1b: Landorus\n|-singleturn|p1b: Landorus|Protect\n|move|p2b: Zamazenta|Body Press|p1a: Calyrex\n|-crit|p1a: Calyrex\n|-damage|p1a: Calyrex|16/100\n|move|p2a: Tornadus|Bleakwind Storm|p1b: Landorus|[spread] p1a\n|-activate|p1b: Landorus|move: Protect\n|-damage|p1a: Calyrex|0 fnt\n|faint|p1a: Calyrex\n|\n|-weather|RainDance|[upkeep]\n|-fieldend|move: Electric Terrain\n|upkeep\n|\n|t:|1775047239\n|switch|p1a: Urshifu|Urshifu-Rapid-Strike, L50, M|100/100\n|turn|6\n|\n|t:|1775047261\n|switch|p1b: Miraidon|Miraidon, L50|49/100\n|-fieldstart|move: Electric Terrain|[from] ability: Hadron Engine|[of] p1b: Miraidon\n|move|p1a: Urshifu|Aqua Jet|p2a: Tornadus\n|-damage|p2a: Tornadus|0 fnt\n|faint|p2a: Tornadus\n|move|p2b: Zamazenta|Body Press|p1a: Urshifu\n|-damage|p1a: Urshifu|65/100\n|\n|-weather|RainDance|[upkeep]\n|-sideend|p2: Galact7adi|move: Tailwind\n|upkeep\n|\n|t:|1775047267\n|switch|p2a: Raichu|Raichu, L50, M|100/100\n|turn|7\n|\n|t:|1775047282\n|switch|p1b: Landorus|Landorus, L50, M, tera:Water|19/100\n|move|p2a: Raichu|Fake Out|p1a: Urshifu\n|-damage|p1a: Urshifu|57/100\n|cant|p1a: Urshifu|flinch\n|move|p2b: Zamazenta|Body Press|p1b: Landorus\n|-damage|p1b: Landorus|0 fnt\n|faint|p1b: Landorus\n|\n|-weather|none\n|upkeep\n|\n|t:|1775047287\n|switch|p1b: Miraidon|Miraidon, L50|49/100\n|-activate|p1b: Miraidon|ability: Hadron Engine\n|turn|8\n|\n|t:|1775047293\n|move|p1a: Urshifu|Aqua Jet|p2a: Raichu\n|-damage|p2a: Raichu|53/100\n|move|p2b: Zamazenta|Body Press|p1b: Miraidon\n|-damage|p1b: Miraidon|17/100\n|move|p1b: Miraidon|Dazzling Gleam|p2a: Raichu|[spread] p2a,p2b\n|-crit|p2a: Raichu\n|-damage|p2a: Raichu|0 fnt\n|-damage|p2b: Zamazenta|72/100\n|faint|p2a: Raichu\n|\n|upkeep\n|turn|9\n|\n|t:|1775047303\n|move|p1a: Urshifu|Aqua Jet|p2b: Zamazenta\n|-damage|p2b: Zamazenta|52/100\n|move|p2b: Zamazenta|Body Press|p1b: Miraidon\n|-damage|p1b: Miraidon|0 fnt\n|faint|p1b: Miraidon\n|\n|upkeep\n|turn|10\n|c|\u2606Galact7adi|Gg wp\n|\n|t:|1775047312\n|move|p1a: Urshifu|Aqua Jet|p2b: Zamazenta\n|-damage|p2b: Zamazenta|30/100\n|move|p2b: Zamazenta|Body Press|p1a: Urshifu\n|-damage|p1a: Urshifu|18/100\n|\n|-fieldend|move: Electric Terrain\n|upkeep\n|turn|11\n|\n|t:|1775047317\n|move|p1a: Urshifu|Aqua Jet|p2b: Zamazenta\n|-damage|p2b: Zamazenta|9/100\n|move|p2b: Zamazenta|Body Press|p1a: Urshifu\n|-damage|p1a: Urshifu|0 fnt\n|faint|p1a: Urshifu\n|\n|win|Galact7adi\n|raw|bananenen's rating: 1390 &rarr; <strong>1375</strong><br />(-15 for losing)\n|raw|Galact7adi's rating: 1481 &rarr; <strong>1496</strong><br />(+15 for winning)\n|c|\u2606bananenen|Gg\n|l|\u2606Galact7adi\n|player|p2|\n|l|\u2606bananenen\n|player|p1|\n","uploadtime":1775047396,"views":12,"formatid":"gen9vgc2026regi","rating":1375,"private":0,"password":null}