{"id":"gen9vgc2026regi-2579801183","format":"[Gen 9] VGC 2026 Reg I","players":["Mr.checkmate\u65e0\u5fc3\u65e0\u68a6","falphin4"],"log":"|j|\u2606Mr.checkmate\u65e0\u5fc3\u65e0\u68a6\n|j|\u2606falphin4\n|t:|1775829279\n|gametype|doubles\n|player|p1|Mr.checkmate\u65e0\u5fc3\u65e0\u68a6|cynthia-masters4|1539\n|player|p2|falphin4|smasher|1484\n|gen|9\n|tier|[Gen 9] VGC 2026 Reg I\n|rated|\n|rule|Species Clause: Limit one of each Pok\u00e9mon\n|rule|Item Clause: Limit 1 of each item\n|clearpoke\n|poke|p1|Calyrex-Shadow, L50|\n|poke|p1|Zamazenta-*, L50|\n|poke|p1|Chien-Pao, L50|\n|poke|p1|Dragonite, L50, F|\n|poke|p1|Raging Bolt, L50|\n|poke|p1|Amoonguss, L50, M|\n|poke|p2|Calyrex-Shadow, L50|\n|poke|p2|Kyogre, L50|\n|poke|p2|Iron Treads, L50|\n|poke|p2|Indeedee-F, L50, F|\n|poke|p2|Tornadus, L50, M|\n|poke|p2|Basculegion, L50, M|\n|teampreview|4\n|inactive|Battle timer is ON: inactive players will automatically lose when time's up. (requested by falphin4)\n|inactive|Mr.checkmate\u65e0\u5fc3\u65e0\u68a6 has 60 seconds left.\nfalphin4 rejected open team sheets.\n|\n|t:|1775829329\n|teamsize|p1|4\n|teamsize|p2|4\n|start\n|switch|p1a: Zamazenta|Zamazenta-Crowned, L50|100/100\n|switch|p1b: Chien-Pao|Chien-Pao, L50|100/100\n|switch|p2a: Kyogre|Kyogre, L50|100/100\n|switch|p2b: Basculegion|Basculegion, L50, M|100/100\n|-ability|p1b: Chien-Pao|Sword of Ruin\n|-ability|p1a: Zamazenta|Dauntless Shield|boost\n|-boost|p1a: Zamazenta|def|1\n|-weather|RainDance|[from] ability: Drizzle|[of] p2a: Kyogre\n|turn|1\n|inactive|falphin4 has 30 seconds left.\n|\n|t:|1775829357\n|-terastallize|p2b: Basculegion|Rock\n|move|p2b: Basculegion|Head Smash|p1b: Chien-Pao\n|-supereffective|p1b: Chien-Pao\n|-damage|p1b: Chien-Pao|0 fnt\n|faint|p1b: Chien-Pao\n|-damage|p2b: Basculegion|59/100|[from] Recoil\n|move|p1a: Zamazenta|Body Press|p2a: Kyogre\n|-damage|p2a: Kyogre|27/100\n|move|p2a: Kyogre|Water Spout|p1a: Zamazenta\n|-damage|p1a: Zamazenta|76/100\n|\n|-weather|RainDance|[upkeep]\n|upkeep\n|\n|t:|1775829380\n|switch|p1b: Calyrex|Calyrex-Shadow, L50|100/100\n|-ability|p1b: Calyrex|As One\n|-ability|p1b: Calyrex|Unnerve\n|turn|2\n|\n|t:|1775829392\n|switch|p2b: Indeedee|Indeedee-F, L50, F|100/100\n|-fieldstart|move: Psychic Terrain|[from] ability: Psychic Surge|[of] p2b: Indeedee\n|move|p1b: Calyrex|Protect|p1b: Calyrex\n|-singleturn|p1b: Calyrex|Protect\n|move|p1a: Zamazenta|Body Press|p2b: Indeedee\n|-damage|p2b: Indeedee|3/100\n|-damage|p1a: Zamazenta|60/100|[from] item: Rocky Helmet|[of] p2b: Indeedee\n|move|p2a: Kyogre|Thunder|p1a: Zamazenta\n|-damage|p1a: Zamazenta|33/100\n|-status|p1a: Zamazenta|par\n|\n|-weather|RainDance|[upkeep]\n|upkeep\n|turn|3\n|\n|t:|1775829410\n|move|p2b: Indeedee|Protect|p2b: Indeedee\n|-singleturn|p2b: Indeedee|Protect\n|move|p1b: Calyrex|Astral Barrage|p2a: Kyogre|[spread] p2a\n|-activate|p2b: Indeedee|move: Protect\n|-damage|p2a: Kyogre|0 fnt\n|faint|p2a: Kyogre\n|-ability|p1b: Calyrex|Grim Neigh|boost\n|-boost|p1b: Calyrex|spa|1\n|move|p1a: Zamazenta|Body Press|p2b: Indeedee\n|-activate|p2b: Indeedee|move: Protect\n|\n|-weather|RainDance|[upkeep]\n|upkeep\n|\n|t:|1775829418\n|switch|p2a: Basculegion|Basculegion, L50, M, tera:Rock|59/100\n|turn|4\n|\n|t:|1775829428\n|move|p1b: Calyrex|Protect|p1b: Calyrex\n|-singleturn|p1b: Calyrex|Protect\n|move|p2b: Indeedee|Follow Me|p2b: Indeedee\n|-singleturn|p2b: Indeedee|move: Follow Me\n|move|p2a: Basculegion|Last Respects|p1b: Calyrex\n|-activate|p1b: Calyrex|move: Protect\n|move|p1a: Zamazenta|Body Press|p2b: Indeedee\n|-damage|p2b: Indeedee|0 fnt\n|-damage|p1a: Zamazenta|16/100 par|[from] item: Rocky Helmet|[of] p2b: Indeedee\n|faint|p2b: Indeedee\n|\n|-weather|RainDance|[upkeep]\n|upkeep\n|\n|t:|1775829430\n|switch|p2b: Calyrex|Calyrex-Shadow, L50|100/100\n|-ability|p2b: Calyrex|As One\n|-ability|p2b: Calyrex|Unnerve\n|turn|5\n|\n|t:|1775829440\n|move|p1a: Zamazenta|Wide Guard|p1a: Zamazenta\n|-singleturn|p1a: Zamazenta|Wide Guard\n|move|p2a: Basculegion|Last Respects|p1b: Calyrex\n|-supereffective|p1b: Calyrex\n|-crit|p1b: Calyrex\n|-enditem|p1b: Calyrex|Focus Sash\n|-damage|p1b: Calyrex|1/100\n|move|p2b: Calyrex|Pollen Puff|p1b: Calyrex\n|-damage|p1b: Calyrex|0 fnt\n|faint|p1b: Calyrex\n|-ability|p2b: Calyrex|Grim Neigh|boost\n|-boost|p2b: Calyrex|spa|1\n|-damage|p2b: Calyrex|91/100|[from] item: Life Orb\n|\n|-weather|none\n|upkeep\n|\n|t:|1775829446\n|switch|p1b: Raging Bolt|Raging Bolt, L50|100/100\n|-enditem|p1b: Raging Bolt|Booster Energy\n|-activate|p1b: Raging Bolt|ability: Protosynthesis|[fromitem]\n|-start|p1b: Raging Bolt|protosynthesisspa\n|turn|6\n|\n|t:|1775829456\n|move|p1b: Raging Bolt|Protect|p1b: Raging Bolt\n|-singleturn|p1b: Raging Bolt|Protect\n|move|p2b: Calyrex|Expanding Force|p1a: Zamazenta|[spread] p1a\n|-activate|p1b: Raging Bolt|move: Protect\n|-damage|p1a: Zamazenta|0 fnt\n|faint|p1a: Zamazenta\n|-ability|p2b: Calyrex|Grim Neigh|boost\n|-boost|p2b: Calyrex|spa|1\n|-damage|p2b: Calyrex|81/100|[from] item: Life Orb\n|move|p2a: Basculegion|Last Respects|p1b: Raging Bolt\n|-activate|p1b: Raging Bolt|move: Protect\n|\n|-fieldend|move: Psychic Terrain\n|upkeep\n|turn|7\n|\n|t:|1775829471\n|-terastallize|p1b: Raging Bolt|Electric\n|move|p1b: Raging Bolt|Thunderclap|p2b: Calyrex\n|-damage|p2b: Calyrex|3/100\n|move|p2b: Calyrex|Astral Barrage|p1b: Raging Bolt\n|-damage|p1b: Raging Bolt|0 fnt\n|faint|p1b: Raging Bolt\n|-end|p1b: Raging Bolt|Protosynthesis|[silent]\n|-damage|p2b: Calyrex|0 fnt|[from] item: Life Orb\n|faint|p2b: Calyrex\n|\n|win|falphin4\n|raw|Mr.checkmate\u65e0\u5fc3\u65e0\u68a6's rating: 1539 &rarr; <strong>1516</strong><br />(-23 for losing)\n|raw|falphin4's rating: 1484 &rarr; <strong>1507</strong><br />(+23 for winning)\n|l|\u2606Mr.checkmate\u65e0\u5fc3\u65e0\u68a6\n|player|p1|\n|c|\u2606falphin4|Gg\n|l|\u2606falphin4\n|player|p2|\n|j|\u2606falphin4\n|player|p2|falphin4|smasher|\n","uploadtime":1775829680,"views":12,"formatid":"gen9vgc2026regi","rating":1507,"private":0,"password":null}