{"id":"gen9vgc2026regi-2575744908","format":"[Gen 9] VGC 2026 Reg I","players":["kaiSSTX","TheNamesBetty"],"log":"|j|\u2606kaiSSTX\n|j|\u2606TheNamesBetty\n|t:|1775395947\n|gametype|doubles\n|player|p1|kaiSSTX|hilbert|1403\n|player|p2|TheNamesBetty|koga|1322\n|gen|9\n|tier|[Gen 9] VGC 2026 Reg I\n|rated|\n|rule|Species Clause: Limit one of each Pok\u00e9mon\n|rule|Item Clause: Limit 1 of each item\n|clearpoke\n|poke|p1|Calyrex-Shadow, L50|\n|poke|p1|Koraidon, L50|\n|poke|p1|Raging Bolt, L50|\n|poke|p1|Flutter Mane, L50|\n|poke|p1|Clefairy, L50, F|\n|poke|p1|Incineroar, L50, F|\n|poke|p2|Koraidon, L50|\n|poke|p2|Calyrex-Shadow, L50|\n|poke|p2|Tornadus, L50, M|\n|poke|p2|Urshifu-*, L50, M|\n|poke|p2|Clefairy, L50, F|\n|poke|p2|Dewgong, L50, M|\n|teampreview|4\nTheNamesBetty has agreed to open team sheets.\n|\n|t:|1775395974\n|teamsize|p1|4\n|teamsize|p2|4\n|start\n|switch|p1a: Raging Bolt|Raging Bolt, L50|100/100\n|switch|p1b: Calyrex|Calyrex-Shadow, L50|100/100\n|switch|p2a: Kedluben|Calyrex-Shadow, L50|100/100\n|switch|p2b: D\u011bda Honza|Tornadus, L50, M|100/100\n|-ability|p2a: Kedluben|As One\n|-ability|p2a: Kedluben|Unnerve\n|-ability|p1b: Calyrex|As One\n|-ability|p1b: Calyrex|Unnerve\n|turn|1\n|\n|t:|1775395989\n|-terastallize|p2a: Kedluben|Dark\n|move|p1b: Calyrex|Protect|p1b: Calyrex\n|-singleturn|p1b: Calyrex|Protect\n|move|p2b: D\u011bda Honza|Tailwind|p2b: D\u011bda Honza\n|-sidestart|p2: TheNamesBetty|move: Tailwind\n|move|p2a: Kedluben|Astral Barrage|p1a: Raging Bolt|[spread] p1a\n|-activate|p1b: Calyrex|move: Protect\n|-damage|p1a: Raging Bolt|56/100\n|-damage|p2a: Kedluben|91/100|[from] item: Life Orb\n|move|p1a: Raging Bolt|Snarl|p2b: D\u011bda Honza|[spread] p2a,p2b\n|-resisted|p2a: Kedluben\n|-damage|p2a: Kedluben|82/100\n|-damage|p2b: D\u011bda Honza|82/100\n|-unboost|p2a: Kedluben|spa|1\n|-unboost|p2b: D\u011bda Honza|spa|1\n|\n|upkeep\n|turn|2\n|\n|t:|1775396014\n|-terastallize|p1b: Calyrex|Fairy\n|move|p1a: Raging Bolt|Thunderclap|p2b: D\u011bda Honza\n|-supereffective|p2b: D\u011bda Honza\n|-damage|p2b: D\u011bda Honza|0 fnt\n|faint|p2b: D\u011bda Honza\n|move|p2a: Kedluben|Astral Barrage|p1b: Calyrex|[spread] p1a,p1b\n|-damage|p1a: Raging Bolt|31/100\n|-damage|p1b: Calyrex|58/100\n|-damage|p2a: Kedluben|72/100|[from] item: Life Orb\n|move|p1b: Calyrex|Astral Barrage|p2a: Kedluben\n|-resisted|p2a: Kedluben\n|-damage|p2a: Kedluben|32/100\n|-damage|p1b: Calyrex|48/100|[from] item: Life Orb\n|\n|upkeep\n|\n|t:|1775396025\n|switch|p2b: Houska se sal\u00e1mem|Urshifu, L50, M|100/100\n|turn|3\n|\n|t:|1775396057\n|move|p2b: Houska se sal\u00e1mem|Sucker Punch|p1a: Raging Bolt\n|-damage|p1a: Raging Bolt|0 fnt\n|faint|p1a: Raging Bolt\n|-end|p1a: Raging Bolt|Protosynthesis|[silent]\n|move|p2a: Kedluben|Astral Barrage|p1b: Calyrex\n|-damage|p1b: Calyrex|0 fnt\n|faint|p1b: Calyrex\n|-ability|p2a: Kedluben|Grim Neigh|boost\n|-boost|p2a: Kedluben|spa|1\n|-damage|p2a: Kedluben|23/100|[from] item: Life Orb\n|\n|upkeep\n|\n|t:|1775396064\n|switch|p1b: Flutter Mane|Flutter Mane, L50|100/100\n|switch|p1a: Koraidon|Koraidon, L50|100/100\n|-weather|SunnyDay|[from] ability: Orichalcum Pulse|[of] p1a: Koraidon\n|-activate|p1b: Flutter Mane|ability: Protosynthesis\n|-start|p1b: Flutter Mane|protosynthesisspe\n|-activate|p1a: Koraidon|Orichalcum Pulse|[source]\n|turn|4\n|\n|t:|1775396093\n|move|p1b: Flutter Mane|Protect|p1b: Flutter Mane\n|-singleturn|p1b: Flutter Mane|Protect\n|move|p1a: Koraidon|Protect|p1a: Koraidon\n|-singleturn|p1a: Koraidon|Protect\n|move|p2b: Houska se sal\u00e1mem|Sucker Punch||[still]\n|-fail|p2b: Houska se sal\u00e1mem\n|move|p2a: Kedluben|Psychic|p1a: Koraidon\n|-activate|p1a: Koraidon|move: Protect\n|\n|-weather|SunnyDay|[upkeep]\n|-sideend|p2: TheNamesBetty|move: Tailwind\n|upkeep\n|turn|5\n|\n|t:|1775396120\n|move|p2b: Houska se sal\u00e1mem|Sucker Punch|p1b: Flutter Mane\n|-damage|p1b: Flutter Mane|17/100\n|move|p1b: Flutter Mane|Moonblast|p2a: Kedluben\n|-supereffective|p2a: Kedluben\n|-damage|p2a: Kedluben|0 fnt\n|faint|p2a: Kedluben\n|move|p1a: Koraidon|Collision Course|p2b: Houska se sal\u00e1mem\n|-supereffective|p2b: Houska se sal\u00e1mem\n|-damage|p2b: Houska se sal\u00e1mem|0 fnt\n|faint|p2b: Houska se sal\u00e1mem\n|\n|-weather|SunnyDay|[upkeep]\n|upkeep\n|\n|t:|1775396124\n|switch|p2b: Jan\u017di\u017ekaZTrocnova|Koraidon, L50|100/100\n|-activate|p2b: Jan\u017di\u017ekaZTrocnova|ability: Orichalcum Pulse\n|turn|6\n|\n|t:|1775396138\n|move|p2b: Jan\u017di\u017ekaZTrocnova|Protect|p2b: Jan\u017di\u017ekaZTrocnova\n|-singleturn|p2b: Jan\u017di\u017ekaZTrocnova|Protect\n|move|p1b: Flutter Mane|Moonblast|p2b: Jan\u017di\u017ekaZTrocnova\n|-activate|p2b: Jan\u017di\u017ekaZTrocnova|move: Protect\n|move|p1a: Koraidon|Collision Course|p2b: Jan\u017di\u017ekaZTrocnova\n|-activate|p2b: Jan\u017di\u017ekaZTrocnova|move: Protect\n|\n|-weather|SunnyDay|[upkeep]\n|upkeep\n|turn|7\n|\n|t:|1775396145\n|move|p2b: Jan\u017di\u017ekaZTrocnova|Protect||[still]\n|-fail|p2b: Jan\u017di\u017ekaZTrocnova\n|move|p1b: Flutter Mane|Moonblast|p2b: Jan\u017di\u017ekaZTrocnova\n|-supereffective|p2b: Jan\u017di\u017ekaZTrocnova\n|-damage|p2b: Jan\u017di\u017ekaZTrocnova|0 fnt\n|faint|p2b: Jan\u017di\u017ekaZTrocnova\n|\n|win|kaiSSTX\n|raw|kaiSSTX's rating: 1403 &rarr; <strong>1418</strong><br />(+15 for winning)\n|raw|TheNamesBetty's rating: 1322 &rarr; <strong>1307</strong><br />(-15 for losing)\n|l|\u2606TheNamesBetty\n|player|p2|\n","uploadtime":1775396344,"views":15,"formatid":"gen9vgc2026regi","rating":1307,"private":0,"password":null}