{"id":"gen9vgc2026regi-2529429158","format":"[Gen 9] VGC 2026 Reg I","players":["ky123456","kojimuranishi"],"log":"|j|\u2606ky123456\n|j|\u2606kojimuranishi\n|t:|1769786458\n|gametype|doubles\n|player|p1|ky123456|cynthia-gen4|1469\n|player|p2|kojimuranishi|1|1513\n|gen|9\n|tier|[Gen 9] VGC 2026 Reg I\n|rated|\n|rule|Species Clause: Limit one of each Pok\u00e9mon\n|rule|Item Clause: Limit 1 of each item\n|clearpoke\n|poke|p1|Kyogre, L50|\n|poke|p1|Calyrex-Ice, L50|\n|poke|p1|Grimmsnarl, L50, M|\n|poke|p1|Rillaboom, L50, M|\n|poke|p1|Landorus, L50, M|\n|poke|p1|Urshifu-*, L50, M|\n|poke|p2|Whimsicott, L50, M|\n|poke|p2|Calyrex-Ice, L50|\n|poke|p2|Miraidon, L50|\n|poke|p2|Chi-Yu, L50|\n|poke|p2|Landorus, L50, M|\n|poke|p2|Iron Hands, L50|\n|teampreview|4\n|inactive|Battle timer is ON: inactive players will automatically lose when time's up. (requested by kojimuranishi)\n|\n|t:|1769786511\n|teamsize|p1|4\n|teamsize|p2|4\n|start\n|switch|p1a: Calyrex|Calyrex-Ice, L50|100/100\n|switch|p1b: Rillaboom|Rillaboom, L50, M|100/100\n|switch|p2a: Whimsicott|Whimsicott, L50, M|100/100\n|switch|p2b: Calyrex|Calyrex-Ice, L50|100/100\n|-ability|p2b: Calyrex|As One\n|-ability|p2b: Calyrex|Unnerve\n|-ability|p1a: Calyrex|As One\n|-ability|p1a: Calyrex|Unnerve\n|-fieldstart|move: Grassy Terrain|[from] ability: Grassy Surge|[of] p1b: Rillaboom\n|turn|1\n|\n|t:|1769786529\n|move|p1b: Rillaboom|Fake Out|p2b: Calyrex\n|-damage|p2b: Calyrex|91/100\n|move|p2a: Whimsicott|Moonblast|p1a: Calyrex\n|-damage|p1a: Calyrex|78/100\n|cant|p2b: Calyrex|flinch\n|move|p1a: Calyrex|Glacial Lance|p2a: Whimsicott|[spread] p2a,p2b\n|-supereffective|p2a: Whimsicott\n|-resisted|p2b: Calyrex\n|-enditem|p2a: Whimsicott|Focus Sash\n|-damage|p2a: Whimsicott|1/100\n|-damage|p2b: Calyrex|72/100\n|\n|-heal|p2a: Whimsicott|7/100|[from] Grassy Terrain\n|-heal|p2b: Calyrex|78/100|[from] Grassy Terrain\n|-heal|p1a: Calyrex|84/100|[from] Grassy Terrain\n|-heal|p1a: Calyrex|90/100|[from] item: Leftovers\n|upkeep\n|turn|2\n|inactive|ky123456 has 30 seconds left.\n|inactive|ky123456 has 20 seconds left.\n|\n|t:|1769786565\n|switch|p2a: Iron Hands|Iron Hands, L50|100/100\n|-terastallize|p2b: Calyrex|Ice\n|move|p2b: Calyrex|Glacial Lance|p1b: Rillaboom|[spread] p1a,p1b\n|-resisted|p1a: Calyrex\n|-supereffective|p1b: Rillaboom\n|-damage|p1a: Calyrex|58/100\n|-damage|p1b: Rillaboom|0 fnt\n|faint|p1b: Rillaboom\n|-ability|p2b: Calyrex|Chilling Neigh|boost\n|-boost|p2b: Calyrex|atk|1\n|move|p1a: Calyrex|Leech Seed|p2b: Calyrex\n|-start|p2b: Calyrex|move: Leech Seed\n|\n|-heal|p2b: Calyrex|85/100|[from] Grassy Terrain\n|-heal|p1a: Calyrex|64/100|[from] Grassy Terrain\n|-heal|p1a: Calyrex|70/100|[from] item: Leftovers\n|-damage|p2b: Calyrex|72/100|[from] Leech Seed|[of] p1a: Calyrex\n|-heal|p1a: Calyrex|80/100|[silent]\n|upkeep\n|inactive|ky123456 has 30 seconds left.\n|inactive|ky123456 has 20 seconds left.\n|\n|t:|1769786604\n|switch|p1b: Kyogre|Kyogre, L50|100/100\n|-weather|RainDance|[from] ability: Drizzle|[of] p1b: Kyogre\n|turn|3\n|inactive|kojimuranishi has 30 seconds left.\n|\n|t:|1769786633\n|move|p2a: Iron Hands|Fake Out|p1b: Kyogre\n|-damage|p1b: Kyogre|84/100\n|cant|p1b: Kyogre|flinch\n|move|p2b: Calyrex|Glacial Lance|p1b: Kyogre|[spread] p1a,p1b\n|-resisted|p1a: Calyrex\n|-resisted|p1b: Kyogre\n|-crit|p1b: Kyogre\n|-damage|p1a: Calyrex|34/100\n|-damage|p1b: Kyogre|0 fnt\n|faint|p1b: Kyogre\n|-ability|p2b: Calyrex|Chilling Neigh|boost\n|-boost|p2b: Calyrex|atk|1\n|move|p1a: Calyrex|Glacial Lance|p2b: Calyrex|[spread] p2a,p2b\n|-resisted|p2b: Calyrex\n|-damage|p2a: Iron Hands|60/100\n|-damage|p2b: Calyrex|53/100\n|\n|-weather|RainDance|[upkeep]\n|-heal|p2b: Calyrex|59/100|[from] Grassy Terrain\n|-heal|p1a: Calyrex|40/100|[from] Grassy Terrain\n|-heal|p1a: Calyrex|46/100|[from] item: Leftovers\n|-heal|p2a: Iron Hands|66/100|[from] Grassy Terrain\n|-damage|p2b: Calyrex|47/100|[from] Leech Seed|[of] p1a: Calyrex\n|-heal|p1a: Calyrex|57/100|[silent]\n|upkeep\n|\n|t:|1769786645\n|switch|p1b: Landorus|Landorus, L50, M|100/100\n|turn|4\n|inactive|kojimuranishi has 30 seconds left.\n|inactive|kojimuranishi has 20 seconds left.\n|\n|t:|1769786682\n|switch|p2b: Miraidon|Miraidon, L50|100/100\n|-fieldstart|move: Electric Terrain|[from] ability: Hadron Engine|[of] p2b: Miraidon\n|-activate|p2a: Iron Hands|ability: Quark Drive\n|-start|p2a: Iron Hands|quarkdriveatk\n|move|p1b: Landorus|Sandsear Storm|p2b: Miraidon|[spread] p2a,p2b\n|-supereffective|p2a: Iron Hands\n|-supereffective|p2b: Miraidon\n|-damage|p2a: Iron Hands|4/100\n|-damage|p2b: Miraidon|0 fnt\n|faint|p2b: Miraidon\n|move|p2a: Iron Hands|Low Kick|p1a: Calyrex\n|-damage|p1a: Calyrex|0 fnt\n|faint|p1a: Calyrex\n|\n|-weather|RainDance|[upkeep]\n|upkeep\n|\n|t:|1769786699\n|switch|p2b: Whimsicott|Whimsicott, L50, M|7/100\n|turn|5\n|\n|t:|1769786711\n|move|p2b: Whimsicott|Tailwind|p2b: Whimsicott\n|-sidestart|p2: kojimuranishi|move: Tailwind\n|move|p1b: Landorus|Sandsear Storm|p2a: Iron Hands|[spread] p2a,p2b\n|-supereffective|p2a: Iron Hands\n|-resisted|p2b: Whimsicott\n|-damage|p2a: Iron Hands|0 fnt\n|-damage|p2b: Whimsicott|0 fnt\n|faint|p2a: Iron Hands\n|-end|p2a: Iron Hands|Quark Drive|[silent]\n|faint|p2b: Whimsicott\n|\n|-weather|RainDance|[upkeep]\n|upkeep\n|\n|t:|1769786729\n|switch|p2b: Calyrex|Calyrex-Ice, L50, tera:Ice|47/100\n|-ability|p2b: Calyrex|As One\n|-ability|p2b: Calyrex|Unnerve\n|turn|6\n|\n|t:|1769786739\n|-terastallize|p1b: Landorus|Water\n|move|p2b: Calyrex|Glacial Lance|p1b: Landorus\n|-resisted|p1b: Landorus\n|-damage|p1b: Landorus|27/100\n|move|p1b: Landorus|Sandsear Storm|p2b: Calyrex\n|-damage|p2b: Calyrex|0 fnt\n|faint|p2b: Calyrex\n|\n|win|ky123456\n|raw|ky123456's rating: 1469 &rarr; <strong>1492</strong><br />(+23 for winning)\n|raw|kojimuranishi's rating: 1513 &rarr; <strong>1490</strong><br />(-23 for losing)\n|l|\u2606ky123456\n|player|p1|\n|l|\u2606kojimuranishi\n|player|p2|\n","uploadtime":1769786949,"views":24,"formatid":"gen9vgc2026regi","rating":1490,"private":0,"password":null}