{"id":"gen9vgc2026regi-2558827535","format":"[Gen 9] VGC 2026 Reg I","players":["thttguy","jonen"],"log":"|j|\u2606thttguy\n|j|\u2606jonen\n|t:|1773489773\n|gametype|doubles\n|player|p1|thttguy|ghetsis-gen5bw|1202\n|player|p2|jonen|medium|1108\n|gen|9\n|tier|[Gen 9] VGC 2026 Reg I\n|rated|\n|rule|Species Clause: Limit one of each Pok\u00e9mon\n|rule|Item Clause: Limit 1 of each item\n|clearpoke\n|poke|p1|Kyurem-White, L50|\n|poke|p1|Calyrex-Shadow, L50|\n|poke|p1|Urshifu-*, L50, F|\n|poke|p1|Ninetales-Alola, L50, F|\n|poke|p1|Tornadus, L50, M|\n|poke|p1|Incineroar, L50, M|\n|poke|p2|Tornadus, L50, M|\n|poke|p2|Kyogre, L50|\n|poke|p2|Miraidon, L50|\n|poke|p2|Iron Hands, L50|\n|poke|p2|Tsareena, L50, F|\n|poke|p2|Urshifu-*, L50, F|\n|teampreview|4\n|\n|t:|1773489804\n|teamsize|p1|4\n|teamsize|p2|4\n|start\n|switch|p1a: Kyurem|Kyurem-White, L50|100/100\n|switch|p1b: Tornadus|Tornadus, L50, M|100/100\n|switch|p2a: Miraidon|Miraidon, L50|100/100\n|switch|p2b: Iron Hands|Iron Hands, L50, shiny|100/100\n|-fieldstart|move: Electric Terrain|[from] ability: Hadron Engine|[of] p2a: Miraidon\n|-activate|p2b: Iron Hands|ability: Quark Drive\n|-start|p2b: Iron Hands|quarkdriveatk\n|-ability|p1a: Kyurem|Turboblaze\n|turn|1\n|\n|t:|1773489836\n|-terastallize|p1a: Kyurem|Steel\n|move|p2b: Iron Hands|Fake Out|p1a: Kyurem\n|-resisted|p1a: Kyurem\n|-damage|p1a: Kyurem|90/100\n|move|p1b: Tornadus|Tailwind|p1b: Tornadus\n|-sidestart|p1: thttguy|move: Tailwind\n|cant|p1a: Kyurem|flinch\n|move|p2a: Miraidon|Volt Switch|p1b: Tornadus\n|-supereffective|p1b: Tornadus\n|-damage|p1b: Tornadus|0 fnt\n|faint|p1b: Tornadus\n|\n|t:|1773489851\n|switch|p2a: Kyogre|Kyogre, L50|100/100|[from] Volt Switch\n|-weather|RainDance|[from] ability: Drizzle|[of] p2a: Kyogre\n|\n|-weather|RainDance|[upkeep]\n|upkeep\n|inactive|Battle timer is ON: inactive players will automatically lose when time's up. (requested by thttguy)\n|\n|t:|1773489858\n|switch|p1b: Calyrex|Calyrex-Shadow, L50|100/100\n|-ability|p1b: Calyrex|As One\n|-ability|p1b: Calyrex|Unnerve\n|turn|2\n|\n|t:|1773489865\n|move|p2a: Kyogre|Protect|p2a: Kyogre\n|-singleturn|p2a: Kyogre|Protect\n|move|p1b: Calyrex|Astral Barrage|p2a: Kyogre|[spread] p2b\n|-activate|p2a: Kyogre|move: Protect\n|-crit|p2b: Iron Hands\n|-damage|p2b: Iron Hands|52/100\n|move|p1a: Kyurem|Freeze-Dry|p2a: Kyogre\n|-activate|p2a: Kyogre|move: Protect\n|move|p2b: Iron Hands|Low Kick|p1a: Kyurem\n|-supereffective|p1a: Kyurem\n|-damage|p1a: Kyurem|0 fnt\n|faint|p1a: Kyurem\n|\n|-weather|RainDance|[upkeep]\n|upkeep\n|\n|t:|1773489880\n|switch|p1a: Urshifu|Urshifu-Rapid-Strike, L50, F|100/100\n|turn|3\n|\n|t:|1773489889\n|move|p1b: Calyrex|Astral Barrage|p2a: Kyogre|[spread] p2a,p2b\n|-damage|p2a: Kyogre|63/100\n|-damage|p2b: Iron Hands|19/100\n|move|p1a: Urshifu|Surging Strikes|p2b: Iron Hands\n|-crit|p2b: Iron Hands\n|-damage|p2b: Iron Hands|0 fnt\n|faint|p2b: Iron Hands\n|-end|p2b: Iron Hands|Quark Drive|[silent]\n|-hitcount|p2: Iron Hands|1\n|move|p2a: Kyogre|Origin Pulse|p1a: Urshifu|[spread] p1a\n|-miss|p2a: Kyogre|p1b: Calyrex\n|-resisted|p1a: Urshifu\n|-damage|p1a: Urshifu|42/100\n|\n|-weather|RainDance|[upkeep]\n|upkeep\n|\n|t:|1773489898\n|switch|p2b: Tornadus|Tornadus, L50, M|100/100\n|turn|4\n|\n|t:|1773489909\n|move|p2b: Tornadus|Tailwind|p2b: Tornadus\n|-sidestart|p2: jonen|move: Tailwind\n|move|p1b: Calyrex|Astral Barrage|p2b: Tornadus|[spread] p2a,p2b\n|-damage|p2a: Kyogre|23/100\n|-damage|p2b: Tornadus|36/100\n|move|p2a: Kyogre|Water Spout|p1a: Urshifu|[spread] p1a,p1b\n|-resisted|p1a: Urshifu\n|-damage|p1a: Urshifu|24/100\n|-damage|p1b: Calyrex|74/100\n|move|p1a: Urshifu|Close Combat|p2a: Kyogre\n|-damage|p2a: Kyogre|0 fnt\n|-unboost|p1a: Urshifu|def|1\n|-unboost|p1a: Urshifu|spd|1\n|faint|p2a: Kyogre\n|\n|-weather|RainDance|[upkeep]\n|-sideend|p1: thttguy|move: Tailwind\n|upkeep\n|\n|t:|1773489917\n|switch|p2a: Miraidon|Miraidon, L50|100/100\n|-activate|p2a: Miraidon|ability: Hadron Engine\n|turn|5\n|\n|t:|1773489933\n|-terastallize|p2a: Miraidon|Fairy\n|move|p1a: Urshifu|Aqua Jet|p2b: Tornadus\n|-damage|p2b: Tornadus|0 fnt\n|faint|p2b: Tornadus\n|move|p2a: Miraidon|Dazzling Gleam|p1b: Calyrex|[spread] p1a,p1b\n|-supereffective|p1a: Urshifu\n|-damage|p1a: Urshifu|0 fnt\n|-damage|p1b: Calyrex|8/100\n|faint|p1a: Urshifu\n|move|p1b: Calyrex|Astral Barrage|p2a: Miraidon\n|-damage|p2a: Miraidon|36/100\n|\n|-weather|none\n|-fieldend|move: Electric Terrain\n|upkeep\n|turn|6\n|\n|t:|1773489950\n|move|p1b: Calyrex|Protect|p1b: Calyrex\n|-singleturn|p1b: Calyrex|Protect\n|move|p2a: Miraidon|Dazzling Gleam|p1b: Calyrex\n|-activate|p1b: Calyrex|move: Protect\n|\n|upkeep\n|turn|7\n|\n|t:|1773489955\n|move|p1b: Calyrex|Protect|p1b: Calyrex\n|-singleturn|p1b: Calyrex|Protect\n|move|p2a: Miraidon|Dazzling Gleam|p1b: Calyrex\n|-activate|p1b: Calyrex|move: Protect\n|\n|-sideend|p2: jonen|move: Tailwind\n|upkeep\n|turn|8\n|\n|t:|1773489962\n|move|p1b: Calyrex|Astral Barrage|p2a: Miraidon\n|-damage|p2a: Miraidon|0 fnt\n|faint|p2a: Miraidon\n|\n|win|thttguy\n|raw|thttguy's rating: 1202 &rarr; <strong>1220</strong><br />(+18 for winning)\n|raw|jonen's rating: 1108 &rarr; <strong>1090</strong><br />(-18 for losing)\n","uploadtime":1773489962,"views":14,"formatid":"gen9vgc2026regi","rating":1090,"private":0,"password":null}