{"id":"gen9vgc2026regi-2563916245","format":"[Gen 9] VGC 2026 Reg I","players":["BreakTheShadowWall","Gibsteroni"],"log":"|j|\u2606BreakTheShadowWall\n|j|\u2606Gibsteroni\n|t:|1774084077\n|gametype|doubles\n|player|p1|BreakTheShadowWall|266|1417\n|player|p2|Gibsteroni|1|1409\n|gen|9\n|tier|[Gen 9] VGC 2026 Reg I\n|rated|\n|rule|Species Clause: Limit one of each Pok\u00e9mon\n|rule|Item Clause: Limit 1 of each item\n|clearpoke\n|poke|p1|Miraidon, L50|\n|poke|p1|Iron Bundle, L50|\n|poke|p1|Lunala, L50|\n|poke|p1|Incineroar, L50, M|\n|poke|p1|Urshifu-*, L50, M|\n|poke|p1|Ursaluna, L50, M|\n|poke|p2|Miraidon, L50|\n|poke|p2|Indeedee-F, L50, F|\n|poke|p2|Brute Bonnet, L50|\n|poke|p2|Koraidon, L50|\n|poke|p2|Iron Crown, L50|\n|poke|p2|Entei, L50|\n|teampreview|4\nGibsteroni has agreed to open team sheets.\n|inactive|Battle timer is ON: inactive players will automatically lose when time's up. (requested by BreakTheShadowWall)\n|inactive|Gibsteroni has 60 seconds left.\n|\n|t:|1774084137\n|teamsize|p1|4\n|teamsize|p2|4\n|start\n|switch|p1a: Iron Bundle|Iron Bundle, L50|100/100\n|switch|p1b: Miraidon|Miraidon, L50|100/100\n|switch|p2a: Koraidon|Koraidon, L50|100/100\n|switch|p2b: Entei|Entei, L50|100/100\n|-fieldstart|move: Electric Terrain|[from] ability: Hadron Engine|[of] p1b: Miraidon\n|-activate|p1a: Iron Bundle|ability: Quark Drive\n|-start|p1a: Iron Bundle|quarkdrivespe\n|-weather|SunnyDay|[from] ability: Orichalcum Pulse|[of] p2a: Koraidon\n|-activate|p2a: Koraidon|Orichalcum Pulse|[source]\n|turn|1\n|inactive|Gibsteroni has 30 seconds left.\n|inactive|Gibsteroni has 20 seconds left.\n|inactive|Gibsteroni has 15 seconds left.\n|inactive|Gibsteroni has 10 seconds left.\n|\n|t:|1774084185\n|switch|p2b: Iron Crown|Iron Crown, L50|100/100\n|-activate|p2b: Iron Crown|ability: Quark Drive\n|-start|p2b: Iron Crown|quarkdrivespa\n|move|p1a: Iron Bundle|Icy Wind|p2a: Koraidon|[spread] p2a,p2b\n|-supereffective|p2a: Koraidon\n|-resisted|p2b: Iron Crown\n|-damage|p2a: Koraidon|59/100\n|-damage|p2b: Iron Crown|91/100\n|-unboost|p2b: Iron Crown|spe|1\n|move|p1b: Miraidon|Volt Switch|p2b: Iron Crown\n|-damage|p2b: Iron Crown|4/100\n|\n|t:|1774084208\n|switch|p1b: Lunala|Lunala, L50, shiny|100/100|[from] Volt Switch\n|-enditem|p1b: Lunala|Electric Seed\n|-boost|p1b: Lunala|def|1|[from] item: Electric Seed\n|move|p2a: Koraidon|Flame Charge|p1a: Iron Bundle\n|-damage|p1a: Iron Bundle|54/100\n|-boost|p2a: Koraidon|spe|1\n|\n|-weather|SunnyDay|[upkeep]\n|upkeep\n|turn|2\n|inactive|BreakTheShadowWall has 30 seconds left.\n|\n|t:|1774084242\n|move|p2a: Koraidon|Protect|p2a: Koraidon\n|-singleturn|p2a: Koraidon|Protect\n|move|p1a: Iron Bundle|Icy Wind|p2a: Koraidon|[spread] p2b\n|-activate|p2a: Koraidon|move: Protect\n|-resisted|p2b: Iron Crown\n|-damage|p2b: Iron Crown|0 fnt\n|faint|p2b: Iron Crown\n|-end|p2b: Iron Crown|Quark Drive|[silent]\n|move|p1b: Lunala|Moongeist Beam|p2a: Koraidon\n|-activate|p2a: Koraidon|move: Protect\n|\n|-weather|SunnyDay|[upkeep]\n|upkeep\n|\n|t:|1774084259\n|switch|p2b: Entei|Entei, L50|100/100\n|turn|3\n|inactive|Gibsteroni has 30 seconds left.\n|\n|t:|1774084290\n|-terastallize|p1a: Iron Bundle|Ghost\n|move|p1a: Iron Bundle|Encore|p2a: Koraidon\n|-start|p2a: Koraidon|Encore\n|move|p2a: Koraidon|Protect||[still]\n|-fail|p2a: Koraidon\n|move|p1b: Lunala|Moongeist Beam|p2b: Entei\n|-damage|p2b: Entei|63/100\n|move|p2b: Entei|Crunch|p1b: Lunala\n|-supereffective|p1b: Lunala\n|-damage|p1b: Lunala|70/100\n|\n|-weather|SunnyDay|[upkeep]\n|upkeep\n|turn|4\n|inactive|BreakTheShadowWall has 30 seconds left.\n|inactive|Gibsteroni has 30 seconds left.\n|inactive|BreakTheShadowWall has 20 seconds left.\n|inactive|BreakTheShadowWall has 15 seconds left.\n|inactive|BreakTheShadowWall has 10 seconds left.\n|inactive|BreakTheShadowWall has 5 seconds left.\n|\n|t:|1774084341\n|move|p2a: Koraidon|Protect|p2a: Koraidon\n|-singleturn|p2a: Koraidon|Protect\n|move|p1a: Iron Bundle|Icy Wind|p2b: Entei|[spread] p2b\n|-activate|p2a: Koraidon|move: Protect\n|-resisted|p2b: Entei\n|-damage|p2b: Entei|55/100\n|-unboost|p2b: Entei|spe|1\n|move|p1b: Lunala|Moongeist Beam|p2b: Entei\n|-crit|p2b: Entei\n|-damage|p2b: Entei|1/100\n|move|p2b: Entei|Crunch|p1a: Iron Bundle\n|-supereffective|p1a: Iron Bundle\n|-damage|p1a: Iron Bundle|0 fnt\n|faint|p1a: Iron Bundle\n|-end|p1a: Iron Bundle|Quark Drive|[silent]\n|\n|-weather|SunnyDay|[upkeep]\n|upkeep\n|inactive|BreakTheShadowWall has 30 seconds left.\n|inactive|BreakTheShadowWall has 20 seconds left.\n|\n|t:|1774084377\n|switch|p1a: Miraidon|Miraidon, L50|100/100\n|-activate|p1a: Miraidon|ability: Hadron Engine\n|turn|5\n|\n|t:|1774084396\n|switch|p2a: Miraidon|Miraidon, L50|100/100\n|-activate|p2a: Miraidon|ability: Hadron Engine\n|move|p2b: Entei|Extreme Speed|p1a: Miraidon\n|-damage|p1a: Miraidon|75/100\n|move|p1a: Miraidon|Dazzling Gleam|p2b: Entei|[spread] p2a,p2b\n|-supereffective|p2a: Miraidon\n|-resisted|p2b: Entei\n|-damage|p2a: Miraidon|31/100\n|-damage|p2b: Entei|0 fnt\n|faint|p2b: Entei\n|move|p1b: Lunala|Moongeist Beam|p2a: Miraidon\n|-damage|p2a: Miraidon|0 fnt\n|faint|p2a: Miraidon\n|\n|-weather|none\n|-fieldend|move: Electric Terrain\n|upkeep\n|\n|t:|1774084413\n|switch|p2b: Koraidon|Koraidon, L50|59/100\n|-weather|SunnyDay|[from] ability: Orichalcum Pulse|[of] p2b: Koraidon\n|-activate|p2b: Koraidon|Orichalcum Pulse|[source]\n|turn|6\n|\n|t:|1774084432\n|-terastallize|p2b: Koraidon|Fire\n|move|p1a: Miraidon|Dazzling Gleam|p2b: Koraidon\n|-resisted|p2b: Koraidon\n|-damage|p2b: Koraidon|39/100\n|move|p2b: Koraidon|Collision Course|p1a: Miraidon\n|-damage|p1a: Miraidon|0 fnt\n|faint|p1a: Miraidon\n|move|p1b: Lunala|Moonblast|p2b: Koraidon\n|-resisted|p2b: Koraidon\n|-damage|p2b: Koraidon|24/100\n|\n|-weather|SunnyDay|[upkeep]\n|upkeep\n|inactive|BreakTheShadowWall has 30 seconds left.\n|inactive|BreakTheShadowWall has 20 seconds left.\n|inactive|BreakTheShadowWall has 15 seconds left.\n|inactive|BreakTheShadowWall has 10 seconds left.\n|inactive|BreakTheShadowWall has 5 seconds left.\n|\n|t:|1774084486\n|switch|p1a: Incineroar|Incineroar, L50, M|100/100\n|-ability|p1a: Incineroar|Intimidate|boost\n|-fail|p2b: Koraidon|unboost|[from] item: Clear Amulet|[of] p2b: Koraidon\n|turn|7\n|\n|t:|1774084491\n|move|p2b: Koraidon|Protect|p2b: Koraidon\n|-singleturn|p2b: Koraidon|Protect\n|move|p1a: Incineroar|Fake Out|p2b: Koraidon\n|-activate|p2b: Koraidon|move: Protect\n|move|p1b: Lunala|Trick Room|p1b: Lunala\n|-fieldstart|move: Trick Room|[of] p1b: Lunala\n|\n|-weather|SunnyDay|[upkeep]\n|upkeep\n|turn|8\n|\n|t:|1774084501\n|move|p1a: Incineroar|Knock Off|p2b: Koraidon\n|-damage|p2b: Koraidon|0 fnt\n|-enditem|p2b: Koraidon|Clear Amulet|[from] move: Knock Off|[of] p1a: Incineroar\n|faint|p2b: Koraidon\n|\n|win|BreakTheShadowWall\n|raw|BreakTheShadowWall's rating: 1417 &rarr; <strong>1437</strong><br />(+20 for winning)\n|raw|Gibsteroni's rating: 1409 &rarr; <strong>1389</strong><br />(-20 for losing)\n|l|\u2606Gibsteroni\n|player|p2|\n","uploadtime":1774084666,"views":14,"formatid":"gen9vgc2026regi","rating":1389,"private":0,"password":null}