{"id":"gen9vgc2026regi-2521122357","format":"[Gen 9] VGC 2026 Reg I","players":["jpto5","porygon-epilepz"],"log":"|j|\u2606jpto5\n|j|\u2606porygon-epilepz\n|t:|1768733130\n|gametype|doubles\n|player|p1|jpto5|1|1393\n|player|p2|porygon-epilepz|ghetsis-gen5bw|1437\n|gen|9\n|tier|[Gen 9] VGC 2026 Reg I\n|rated|\n|rule|Species Clause: Limit one of each Pok\u00e9mon\n|rule|Item Clause: Limit 1 of each item\n|clearpoke\n|poke|p1|Tornadus, L50, M|\n|poke|p1|Kyogre, L50|\n|poke|p1|Zacian-*, L50|\n|poke|p1|Incineroar, L50, M|\n|poke|p1|Basculegion, L50, M|\n|poke|p1|Kilowattrel, L50, F|\n|poke|p2|Incineroar, L50, F|\n|poke|p2|Calyrex-Ice, L50|\n|poke|p2|Rillaboom, L50, M|\n|poke|p2|Smeargle, L50, F|\n|poke|p2|Landorus, L50, M|\n|poke|p2|Koraidon, L50|\n|teampreview|4\n|inactive|Battle timer is ON: inactive players will automatically lose when time's up. (requested by jpto5)\n|\n|t:|1768733158\n|teamsize|p1|4\n|teamsize|p2|4\n|start\n|switch|p1a: Kilowattrel|Kilowattrel, L50, F, shiny|100/100\n|switch|p1b: Incineroar|Incineroar, L50, M|100/100\n|switch|p2a: Calyrex|Calyrex-Ice, L50|100/100\n|switch|p2b: Rillaboom|Rillaboom, L50, M|100/100\n|-ability|p2a: Calyrex|As One\n|-ability|p2a: Calyrex|Unnerve\n|-fieldstart|move: Grassy Terrain|[from] ability: Grassy Surge|[of] p2b: Rillaboom\n|-ability|p1b: Incineroar|Intimidate|boost\n|-unboost|p2a: Calyrex|atk|1\n|-unboost|p2b: Rillaboom|atk|1\n|turn|1\n|inactive|porygon-epilepz has 30 seconds left.\n|\n|t:|1768733188\n|switch|p2a: Landorus|Landorus, L50, M|100/100\n|move|p1a: Kilowattrel|Protect|p1a: Kilowattrel\n|-singleturn|p1a: Kilowattrel|Protect\n|move|p2b: Rillaboom|Fake Out|p1a: Kilowattrel\n|-activate|p1a: Kilowattrel|move: Protect\n|move|p1b: Incineroar|Fake Out|p2a: Landorus\n|-damage|p2a: Landorus|90/100\n|\n|upkeep\n|turn|2\n|\n|t:|1768733207\n|move|p1a: Kilowattrel|Tailwind|p1a: Kilowattrel\n|-sidestart|p1: jpto5|move: Tailwind\n|move|p1b: Incineroar|Parting Shot|p2a: Landorus\n|-unboost|p2a: Landorus|atk|1\n|-unboost|p2a: Landorus|spa|1\n|\n|t:|1768733213\n|switch|p1b: Kyogre|Kyogre, L50|100/100|[from] Parting Shot\n|-weather|RainDance|[from] ability: Drizzle|[of] p1b: Kyogre\n|move|p2a: Landorus|Earth Power|p1b: Kyogre\n|-damage|p1b: Kyogre|74/100\n|move|p2b: Rillaboom|U-turn|p1a: Kilowattrel\n|-resisted|p1a: Kilowattrel\n|-damage|p1a: Kilowattrel|87/100\n|\n|t:|1768733220\n|switch|p2b: Koraidon|Koraidon, L50|100/100|[from] U-turn\n|-weather|SunnyDay|[from] ability: Orichalcum Pulse|[of] p2b: Koraidon\n|-activate|p2b: Koraidon|Orichalcum Pulse|[source]\n|\n|-weather|SunnyDay|[upkeep]\n|-heal|p1b: Kyogre|79/100|[from] Grassy Terrain\n|upkeep\n|turn|3\n|\n|t:|1768733237\n|switch|p1b: Tornadus|Tornadus, L50, M|100/100\n|move|p1a: Kilowattrel|Protect|p1a: Kilowattrel\n|-singleturn|p1a: Kilowattrel|Protect\n|move|p2b: Koraidon|Protect|p2b: Koraidon\n|-singleturn|p2b: Koraidon|Protect\n|move|p2a: Landorus|Sludge Bomb|p1a: Kilowattrel\n|-activate|p1a: Kilowattrel|move: Protect\n|\n|-weather|SunnyDay|[upkeep]\n|upkeep\n|turn|4\n|\n|t:|1768733262\n|switch|p2a: Calyrex|Calyrex-Ice, L50|100/100\n|-ability|p2a: Calyrex|As One\n|-ability|p2a: Calyrex|Unnerve\n|-terastallize|p2b: Koraidon|Fire\n|move|p1b: Tornadus|Rain Dance|p1b: Tornadus\n|-weather|RainDance\n|move|p1a: Kilowattrel|Hurricane|p2b: Koraidon\n|-damage|p2b: Koraidon|51/100\n|move|p2b: Koraidon|Flame Charge|p1a: Kilowattrel\n|-damage|p1a: Kilowattrel|56/100\n|-boost|p2b: Koraidon|spe|1\n|\n|-weather|RainDance|[upkeep]\n|-heal|p2b: Koraidon|57/100|[from] Grassy Terrain\n|upkeep\n|turn|5\n|\n|t:|1768733285\n|switch|p2b: Landorus|Landorus, L50, M|90/100\n|move|p1b: Tornadus|Bleakwind Storm|p2a: Calyrex|[spread] p2a,p2b\n|-crit|p2a: Calyrex\n|-damage|p2a: Calyrex|68/100\n|-damage|p2b: Landorus|57/100\n|move|p1a: Kilowattrel|Hurricane|p2b: Landorus\n|-crit|p2b: Landorus\n|-damage|p2b: Landorus|0 fnt\n|faint|p2b: Landorus\n|move|p2a: Calyrex|Glacial Lance|p1a: Kilowattrel|[spread] p1a,p1b\n|-supereffective|p1a: Kilowattrel\n|-supereffective|p1b: Tornadus\n|-damage|p1a: Kilowattrel|0 fnt\n|-enditem|p1b: Tornadus|Focus Sash\n|-damage|p1b: Tornadus|1/100\n|faint|p1a: Kilowattrel\n|-ability|p2a: Calyrex|Chilling Neigh|boost\n|-boost|p2a: Calyrex|atk|1\n|\n|-weather|RainDance|[upkeep]\n|-heal|p2a: Calyrex|74/100|[from] Grassy Terrain\n|-heal|p2a: Calyrex|80/100|[from] item: Leftovers\n|-sideend|p1: jpto5|move: Tailwind\n|-fieldend|move: Grassy Terrain\n|upkeep\n|\n|t:|1768733301\n|switch|p1a: Incineroar|Incineroar, L50, M|100/100\n|switch|p2b: Rillaboom|Rillaboom, L50, M|100/100\n|-fieldstart|move: Grassy Terrain|[from] ability: Grassy Surge|[of] p2b: Rillaboom\n|-ability|p1a: Incineroar|Intimidate|boost\n|-unboost|p2a: Calyrex|atk|1\n|-unboost|p2b: Rillaboom|atk|1\n|turn|6\n|\n|t:|1768733319\n|switch|p1b: Kyogre|Kyogre, L50|79/100\n|move|p2b: Rillaboom|Fake Out|p1a: Incineroar\n|-damage|p1a: Incineroar|93/100\n|cant|p1a: Incineroar|flinch\n|move|p2a: Calyrex|Glacial Lance|p1a: Incineroar|[spread] p1a,p1b\n|-resisted|p1a: Incineroar\n|-resisted|p1b: Kyogre\n|-damage|p1a: Incineroar|69/100\n|-damage|p1b: Kyogre|52/100\n|\n|-weather|RainDance|[upkeep]\n|-heal|p1b: Kyogre|58/100|[from] Grassy Terrain\n|-heal|p1a: Incineroar|75/100|[from] Grassy Terrain\n|-heal|p2a: Calyrex|86/100|[from] Grassy Terrain\n|-heal|p2a: Calyrex|91/100|[from] item: Leftovers\n|upkeep\n|turn|7\n|\n|t:|1768733341\n|move|p1b: Kyogre|Thunder|p2a: Calyrex\n|-damage|p2a: Calyrex|64/100\n|move|p2b: Rillaboom|Wood Hammer|p1b: Kyogre\n|-supereffective|p1b: Kyogre\n|-damage|p1b: Kyogre|0 fnt\n|faint|p1b: Kyogre\n|-damage|p2b: Rillaboom|84/100|[from] Recoil\n|move|p1a: Incineroar|Knock Off|p2a: Calyrex\n|-supereffective|p2a: Calyrex\n|-damage|p2a: Calyrex|21/100\n|-enditem|p2a: Calyrex|Leftovers|[from] move: Knock Off|[of] p1a: Incineroar\n|move|p2a: Calyrex|Leech Seed|p1a: Incineroar\n|-start|p1a: Incineroar|move: Leech Seed\n|\n|-weather|RainDance|[upkeep]\n|-heal|p2b: Rillaboom|90/100|[from] Grassy Terrain\n|-heal|p1a: Incineroar|81/100|[from] Grassy Terrain\n|-heal|p2a: Calyrex|27/100|[from] Grassy Terrain\n|-damage|p1a: Incineroar|68/100|[from] Leech Seed|[of] p2a: Calyrex\n|-heal|p2a: Calyrex|39/100|[silent]\n|upkeep\n|\n|t:|1768733347\n|switch|p1b: Tornadus|Tornadus, L50, M|1/100\n|turn|8\n|\n|t:|1768733361\n|move|p2b: Rillaboom|Grassy Glide|p1b: Tornadus\n|-resisted|p1b: Tornadus\n|-damage|p1b: Tornadus|0 fnt\n|faint|p1b: Tornadus\n|move|p1a: Incineroar|Knock Off|p2b: Rillaboom\n|-damage|p2b: Rillaboom|57/100\n|-enditem|p2b: Rillaboom|Assault Vest|[from] move: Knock Off|[of] p1a: Incineroar\n|move|p2a: Calyrex|Glacial Lance|p1a: Incineroar\n|-resisted|p1a: Incineroar\n|-damage|p1a: Incineroar|33/100\n|\n|-weather|none\n|-heal|p2b: Rillaboom|63/100|[from] Grassy Terrain\n|-heal|p1a: Incineroar|39/100|[from] Grassy Terrain\n|-heal|p2a: Calyrex|44/100|[from] Grassy Terrain\n|-damage|p1a: Incineroar|27/100|[from] Leech Seed|[of] p2a: Calyrex\n|-heal|p2a: Calyrex|57/100|[silent]\n|upkeep\n|turn|9\n|\n|t:|1768733374\n|move|p2b: Rillaboom|Wood Hammer|p1a: Incineroar\n|-resisted|p1a: Incineroar\n|-damage|p1a: Incineroar|4/100\n|-damage|p2b: Rillaboom|55/100|[from] Recoil\n|move|p1a: Incineroar|Flare Blitz|p2a: Calyrex\n|-supereffective|p2a: Calyrex\n|-damage|p2a: Calyrex|0 fnt\n|faint|p2a: Calyrex\n|-damage|p1a: Incineroar|0 fnt|[from] Recoil\n|faint|p1a: Incineroar\n|\n|win|porygon-epilepz\n|raw|jpto5's rating: 1393 &rarr; <strong>1376</strong><br />(-17 for losing)\n|raw|porygon-epilepz's rating: 1437 &rarr; <strong>1454</strong><br />(+17 for winning)\n|l|\u2606porygon-epilepz\n|player|p2|\n|l|\u2606jpto5\n|player|p1|\n","uploadtime":1768733375,"views":25,"formatid":"gen9vgc2026regi","rating":1376,"private":0,"password":null}