{"id":"gen9vgc2026regi-2561642694","format":"[Gen 9] VGC 2026 Reg I","players":["jj11j1","Alteraltaltaccount"],"log":"|j|\u2606jj11j1\n|j|\u2606Alteraltaltaccount\n|t:|1773826776\n|gametype|doubles\n|player|p1|jj11j1|170|1354\n|player|p2|Alteraltaltaccount|1|1335\n|gen|9\n|tier|[Gen 9] VGC 2026 Reg I\n|rated|\n|rule|Species Clause: Limit one of each Pok\u00e9mon\n|rule|Item Clause: Limit 1 of each item\n|clearpoke\n|poke|p1|Kyogre, L50|\n|poke|p1|Calyrex-Ice, L50|\n|poke|p1|Landorus, L50, M|\n|poke|p1|Urshifu-*, L50, M|\n|poke|p1|Smeargle, L50, F|\n|poke|p1|Flutter Mane, L50|\n|poke|p2|Kyogre, L50|\n|poke|p2|Hitmontop, L50, M|\n|poke|p2|Farigiraf, L50, F|\n|poke|p2|Miraidon, L50|\n|poke|p2|Urshifu-*, L50, M|\n|poke|p2|Clefairy, L50, F|\n|teampreview|4\n|\n|t:|1773826802\n|teamsize|p1|4\n|teamsize|p2|4\n|start\n|switch|p1a: Flutter Mane|Flutter Mane, L50|100/100\n|switch|p1b: Landorus|Landorus, L50, M|100/100\n|switch|p2a: Hitmontop|Hitmontop, L50, M|100/100\n|switch|p2b: Urshifu|Urshifu-Rapid-Strike, L50, M|100/100\n|-ability|p2a: Hitmontop|Intimidate|boost\n|-unboost|p1a: Flutter Mane|atk|1\n|-unboost|p1b: Landorus|atk|1\n|turn|1\n|\n|t:|1773826831\n|move|p2a: Hitmontop|Fake Out|p1b: Landorus\n|-damage|p1b: Landorus|90/100\n|move|p1a: Flutter Mane|Moonblast|p2b: Urshifu\n|-supereffective|p2b: Urshifu\n|-crit|p2b: Urshifu\n|-enditem|p2b: Urshifu|Focus Sash\n|-damage|p2b: Urshifu|1/100\n|-unboost|p2b: Urshifu|spa|1\n|cant|p1b: Landorus|flinch\n|move|p2b: Urshifu|Surging Strikes|p1a: Flutter Mane\n|-crit|p1a: Flutter Mane\n|-damage|p1a: Flutter Mane|52/100\n|-crit|p1a: Flutter Mane\n|-damage|p1a: Flutter Mane|4/100\n|-crit|p1a: Flutter Mane\n|-damage|p1a: Flutter Mane|0 fnt\n|faint|p1a: Flutter Mane\n|-end|p1a: Flutter Mane|Protosynthesis|[silent]\n|-hitcount|p1: Flutter Mane|3\n|\n|upkeep\n|\n|t:|1773826853\n|switch|p1a: Calyrex|Calyrex-Ice, L50|100/100\n|-ability|p1a: Calyrex|As One\n|-ability|p1a: Calyrex|Unnerve\n|turn|2\n|\n|t:|1773826866\n|-terastallize|p1a: Calyrex|Grass\n|move|p2a: Hitmontop|Wide Guard|p2a: Hitmontop\n|-singleturn|p2a: Hitmontop|Wide Guard\n|move|p1b: Landorus|Sandsear Storm|p2b: Urshifu|[spread] \n|-activate|p2a: Hitmontop|move: Wide Guard\n|-activate|p2b: Urshifu|move: Wide Guard\n|move|p2b: Urshifu|Surging Strikes|p1b: Landorus\n|-supereffective|p1b: Landorus\n|-crit|p1b: Landorus\n|-damage|p1b: Landorus|32/100\n|-supereffective|p1b: Landorus\n|-crit|p1b: Landorus\n|-damage|p1b: Landorus|0 fnt\n|faint|p1b: Landorus\n|-hitcount|p1: Landorus|2\n|move|p1a: Calyrex|Trick Room|p1a: Calyrex\n|-fieldstart|move: Trick Room|[of] p1a: Calyrex\n|\n|upkeep\n|\n|t:|1773826883\n|switch|p1b: Kyogre|Kyogre, L50|100/100\n|-weather|RainDance|[from] ability: Drizzle|[of] p1b: Kyogre\n|turn|3\n|\n|t:|1773826899\n|move|p2a: Hitmontop|Wide Guard|p2a: Hitmontop\n|-singleturn|p2a: Hitmontop|Wide Guard\n|move|p1b: Kyogre|Thunder|p2b: Urshifu\n|-supereffective|p2b: Urshifu\n|-damage|p2b: Urshifu|0 fnt\n|faint|p2b: Urshifu\n|move|p1a: Calyrex|Seed Bomb|p2a: Hitmontop\n|-damage|p2a: Hitmontop|51/100\n|-enditem|p2a: Hitmontop|Eject Button\n|\n|t:|1773826907\n|switch|p2a: Miraidon|Miraidon, L50|100/100\n|-fieldstart|move: Electric Terrain|[from] ability: Hadron Engine|[of] p2a: Miraidon\n|\n|-weather|RainDance|[upkeep]\n|upkeep\n|\n|t:|1773826908\n|switch|p2b: Clefairy|Clefairy, L50, F|100/100\n|turn|4\n|\n|t:|1773826929\n|-terastallize|p2a: Miraidon|Electric\n|move|p2b: Clefairy|After You|p2a: Miraidon\n|-activate|p2a: Miraidon|move: After You\n|move|p2a: Miraidon|Electro Drift|p1b: Kyogre\n|-supereffective|p1b: Kyogre\n|-damage|p1b: Kyogre|0 fnt\n|faint|p1b: Kyogre\n|move|p1a: Calyrex|Glacial Lance|p2a: Miraidon|[spread] p2a,p2b\n|-damage|p2a: Miraidon|50/100\n|-damage|p2b: Clefairy|47/100\n|\n|-weather|RainDance|[upkeep]\n|upkeep\n|turn|5\n|\n|t:|1773826943\n|switch|p2a: Hitmontop|Hitmontop, L50, M|51/100\n|-ability|p2a: Hitmontop|Intimidate|boost\n|-fail|p1a: Calyrex|unboost|[from] item: Clear Amulet|[of] p1a: Calyrex\n|move|p2b: Clefairy|Protect|p2b: Clefairy\n|-singleturn|p2b: Clefairy|Protect\n|move|p1a: Calyrex|Glacial Lance|p2a: Hitmontop|[spread] p2a\n|-activate|p2b: Clefairy|move: Protect\n|-damage|p2a: Hitmontop|6/100\n|\n|-weather|RainDance|[upkeep]\n|upkeep\n|turn|6\n|\n|t:|1773826958\n|switch|p2b: Miraidon|Miraidon, L50, tera:Electric|50/100\n|-activate|p2b: Miraidon|ability: Hadron Engine\n|move|p2a: Hitmontop|Fake Out|p1a: Calyrex\n|-damage|p1a: Calyrex|95/100\n|cant|p1a: Calyrex|flinch\n|\n|-weather|RainDance|[upkeep]\n|-fieldend|move: Trick Room\n|upkeep\n|turn|7\n|\n|t:|1773826970\n|move|p2a: Hitmontop|Feint|p1a: Calyrex\n|-damage|p1a: Calyrex|91/100\n|move|p2b: Miraidon|Draco Meteor|p1a: Calyrex\n|-damage|p1a: Calyrex|0 fnt\n|-unboost|p2b: Miraidon|spa|2\n|faint|p1a: Calyrex\n|\n|win|Alteraltaltaccount\n|raw|jj11j1's rating: 1354 &rarr; <strong>1333</strong><br />(-21 for losing)\n|raw|Alteraltaltaccount's rating: 1335 &rarr; <strong>1356</strong><br />(+21 for winning)\n|l|\u2606jj11j1\n|player|p1|\n|l|\u2606Alteraltaltaccount\n|player|p2|\n","uploadtime":1773827240,"views":10,"formatid":"gen9vgc2026regi","rating":1333,"private":0,"password":null}