{"id":"gen9vgc2026regi-2574276070","format":"[Gen 9] VGC 2026 Reg I","players":["Liangloving","asouleoe"],"log":"|j|\u2606Liangloving\n|j|\u2606asouleoe\n|t:|1775226158\n|gametype|doubles\n|player|p1|Liangloving|169|1352\n|player|p2|asouleoe|blue|1310\n|gen|9\n|tier|[Gen 9] VGC 2026 Reg I\n|rated|\n|rule|Species Clause: Limit one of each Pok\u00e9mon\n|rule|Item Clause: Limit 1 of each item\n|clearpoke\n|poke|p1|Terapagos, L50, M|\n|poke|p1|Lunala, L50|\n|poke|p1|Indeedee-F, L50, F|\n|poke|p1|Spiritomb, L50, F|\n|poke|p2|Hitmontop, L50, M|\n|poke|p2|Terapagos, L50, M|\n|poke|p2|Calyrex-Shadow, L50|\n|poke|p2|Ogerpon-Cornerstone, L50, F|\n|poke|p2|Whimsicott, L50, F|\n|poke|p2|Indeedee-F, L50, F|\n|teampreview|4\n|inactive|Battle timer is ON: inactive players will automatically lose when time's up. (requested by asouleoe)\n|\n|t:|1775226169\n|teamsize|p1|4\n|teamsize|p2|4\n|start\n|switch|p1a: Terapagos|Terapagos, L50, M|100/100\n|switch|p1b: Lunala|Lunala, L50|100/100\n|switch|p2a: Hitmontop|Hitmontop, L50, M|100/100\n|switch|p2b: Terapagos|Terapagos, L50, M|100/100\n|-activate|p1a: Terapagos|ability: Tera Shift\n|detailschange|p1a: Terapagos|Terapagos-Terastal, L50, M\n|-heal|p1a: Terapagos|100/100|[silent]\n|-activate|p2b: Terapagos|ability: Tera Shift\n|detailschange|p2b: Terapagos|Terapagos-Terastal, L50, M\n|-heal|p2b: Terapagos|100/100|[silent]\n|-ability|p2a: Hitmontop|Intimidate|boost\n|-unboost|p1a: Terapagos|atk|1\n|-unboost|p1b: Lunala|atk|1\n|turn|1\n|\n|t:|1775226189\n|switch|p1a: Indeedee|Indeedee-F, L50, F|100/100\n|-fieldstart|move: Psychic Terrain|[from] ability: Psychic Surge|[of] p1a: Indeedee\n|move|p2a: Hitmontop|Fake Out|p1a: Indeedee\n|-activate|p1a: Indeedee|move: Psychic Terrain\n|move|p1b: Lunala|Expanding Force|p2a: Hitmontop|[spread] p2a,p2b\n|-supereffective|p2a: Hitmontop\n|-activate|p2b: Terapagos|ability: Tera Shell\n|-resisted|p2b: Terapagos\n|-damage|p2a: Hitmontop|0 fnt\n|-damage|p2b: Terapagos|71/100\n|faint|p2a: Hitmontop\n|move|p2b: Terapagos|Rock Polish|p2b: Terapagos\n|-boost|p2b: Terapagos|spe|2\n|\n|upkeep\n|\n|t:|1775226205\n|switch|p2a: Calyrex|Calyrex-Shadow, L50|100/100\n|-ability|p2a: Calyrex|As One\n|-ability|p2a: Calyrex|Unnerve\n|turn|2\n|\n|t:|1775226214\n|switch|p1b: Terapagos|Terapagos-Terastal, L50, M|100/100\n|-terastallize|p2b: Terapagos|Stellar\n|detailschange|p2b: Terapagos|Terapagos-Stellar, L50, M, tera:Stellar\n|-heal|p2b: Terapagos|78/100|[silent]\n|-ability|p2b: Terapagos|Teraform Zero\n|-fieldend|move: Psychic Terrain\n|move|p2b: Terapagos|Tera Starstorm|p1a: Indeedee|[spread] p1a,p1b\n|-activate|p1b: Terapagos|ability: Tera Shell\n|-resisted|p1b: Terapagos\n|-damage|p1a: Indeedee|60/100\n|-damage|p1b: Terapagos|81/100\n|move|p2a: Calyrex|Astral Barrage|p1b: Terapagos|[spread] \n|-immune|p1a: Indeedee\n|-immune|p1b: Terapagos\n|move|p1a: Indeedee|Trick Room|p1a: Indeedee\n|-fieldstart|move: Trick Room|[of] p1a: Indeedee\n|\n|-heal|p1b: Terapagos|87/100|[from] item: Leftovers\n|upkeep\n|turn|3\n|inactive|Liangloving has 30 seconds left.\n|inactive|asouleoe has 30 seconds left.\n|\n|t:|1775226251\n|switch|p2b: Whimsicott|Whimsicott, L50, F|100/100\n|move|p1a: Indeedee|Healing Wish|p1a: Indeedee\n|faint|p1a: Indeedee\n|move|p1b: Terapagos|Calm Mind|p1b: Terapagos\n|-boost|p1b: Terapagos|spa|1\n|-boost|p1b: Terapagos|spd|1\n|move|p2a: Calyrex|Encore|p1b: Terapagos\n|-start|p1b: Terapagos|Encore\n|\n|-heal|p1b: Terapagos|93/100|[from] item: Leftovers\n|upkeep\n|\n|t:|1775226266\n|switch|p1a: Spiritomb|Spiritomb, L50, F|100/100\n|turn|4\n|\n|t:|1775226275\n|move|p1a: Spiritomb|Sucker Punch|p2a: Calyrex\n|-supereffective|p2a: Calyrex\n|-enditem|p2a: Calyrex|Focus Sash\n|-damage|p2a: Calyrex|1/100\n|move|p1b: Terapagos|Calm Mind|p1b: Terapagos\n|-boost|p1b: Terapagos|spa|1\n|-boost|p1b: Terapagos|spd|1\n|move|p2b: Whimsicott|Moonblast|p1a: Spiritomb\n|-supereffective|p1a: Spiritomb\n|-damage|p1a: Spiritomb|51/100\n|move|p2a: Calyrex|Astral Barrage|p1a: Spiritomb|[spread] p1a\n|-immune|p1b: Terapagos\n|-damage|p1a: Spiritomb|0 fnt\n|faint|p1a: Spiritomb\n|-ability|p2a: Calyrex|Grim Neigh|boost\n|-boost|p2a: Calyrex|spa|1\n|\n|-heal|p1b: Terapagos|99/100|[from] item: Leftovers\n|upkeep\n|\n|t:|1775226293\n|switch|p1a: Lunala|Lunala, L50|100/100\n|turn|5\n|\n|t:|1775226301\n|switch|p2a: Terapagos|Terapagos-Stellar, L50, M, tera:Stellar|78/100\n|move|p1a: Lunala|Wide Guard|p1a: Lunala\n|-singleturn|p1a: Lunala|Wide Guard\n|move|p1b: Terapagos|Calm Mind|p1b: Terapagos\n|-boost|p1b: Terapagos|spa|1\n|-boost|p1b: Terapagos|spd|1\n|move|p2b: Whimsicott|Moonblast|p1a: Lunala\n|-damage|p1a: Lunala|92/100\n|\n|-heal|p1b: Terapagos|100/100|[from] item: Leftovers\n|upkeep\n|turn|6\n|\n|t:|1775226320\n|move|p1a: Lunala|Wide Guard|p1a: Lunala\n|-singleturn|p1a: Lunala|Wide Guard\n|move|p2b: Whimsicott|Encore|p1a: Lunala\n|-start|p1a: Lunala|Encore\n|move|p2a: Terapagos|Earth Power|p1b: Terapagos\n|-activate|p1b: Terapagos|ability: Tera Shell\n|-resisted|p1b: Terapagos\n|-damage|p1b: Terapagos|93/100\n|-unboost|p1b: Terapagos|spd|1\n|move|p1b: Terapagos|Calm Mind|p1b: Terapagos\n|-boost|p1b: Terapagos|spa|1\n|-boost|p1b: Terapagos|spd|1\n|\n|-heal|p1b: Terapagos|99/100|[from] item: Leftovers\n|-end|p1b: Terapagos|Encore\n|-fieldend|move: Trick Room\n|upkeep\n|turn|7\n|inactive|Liangloving has 30 seconds left.\n|\n|t:|1775226346\n|move|p1a: Lunala|Wide Guard|p1a: Lunala\n|-singleturn|p1a: Lunala|Wide Guard\n|move|p2b: Whimsicott|Encore|p1b: Terapagos\n|-start|p1b: Terapagos|Encore\n|move|p1b: Terapagos|Calm Mind|p1b: Terapagos\n|-boost|p1b: Terapagos|spa|1\n|-boost|p1b: Terapagos|spd|1\n|move|p2a: Terapagos|Earth Power|p1a: Lunala\n|-damage|p1a: Lunala|63/100\n|\n|-heal|p1b: Terapagos|100/100|[from] item: Leftovers\n|upkeep\n|turn|8\n|-message|Liangloving forfeited.\n|\n|win|asouleoe\n|raw|Liangloving's rating: 1352 &rarr; <strong>1330</strong><br />(-22 for losing)\n|raw|asouleoe's rating: 1310 &rarr; <strong>1332</strong><br />(+22 for winning)\n|l|\u2606Liangloving\n|player|p1|\n","uploadtime":1775226367,"views":13,"formatid":"gen9vgc2026regi","rating":1330,"private":0,"password":null}