{"id":"gen9vgc2026regi-2543384545","format":"[Gen 9] VGC 2026 Reg I","players":["123456ag","lalo's pollos"],"log":"|j|\u2606123456ag\n|j|\u2606lalo's pollos\n|t:|1771563726\n|gametype|doubles\n|player|p1|123456ag|swimmerf-gen4dp|1481\n|player|p2|lalo's pollos|101|1427\n|gen|9\n|tier|[Gen 9] VGC 2026 Reg I\n|rated|\n|rule|Species Clause: Limit one of each Pok\u00e9mon\n|rule|Item Clause: Limit 1 of each item\n|clearpoke\n|poke|p1|Incineroar, L50, M|\n|poke|p1|Koraidon, L50|\n|poke|p1|Lunala, L50|\n|poke|p1|Ursaluna, L50, F|\n|poke|p1|Flutter Mane, L50|\n|poke|p1|Amoonguss, L50, F|\n|poke|p2|Zamazenta-*, L50|\n|poke|p2|Lunala, L50|\n|poke|p2|Rillaboom, L50, F|\n|poke|p2|Incineroar, L50, M|\n|poke|p2|Urshifu-*, L50, M|\n|poke|p2|Tornadus, L50, M|\n|teampreview|4\n|\n|t:|1771563773\n|teamsize|p1|4\n|teamsize|p2|4\n|start\n|switch|p1a: Lunala|Lunala, L50|100/100\n|switch|p1b: Amoonguss|Amoonguss, L50, F|100/100\n|switch|p2a: Zamazenta|Zamazenta-Crowned, L50|100/100\n|switch|p2b: Tornadus|Tornadus, L50, M|100/100\n|-ability|p2a: Zamazenta|Dauntless Shield|boost\n|-boost|p2a: Zamazenta|def|1\n|turn|1\n|\n|t:|1771563801\n|switch|p1b: Ursaluna|Ursaluna, L50, F|100/100\n|move|p2b: Tornadus|Bleakwind Storm|p1a: Lunala|[spread] p1a,p1b\n|-damage|p1a: Lunala|88/100\n|-damage|p1b: Ursaluna|66/100\n|-unboost|p1a: Lunala|spe|1\n|-unboost|p1b: Ursaluna|spe|1\n|move|p2a: Zamazenta|Heavy Slam|p1b: Ursaluna\n|-damage|p1b: Ursaluna|45/100\n|move|p1a: Lunala|Trick Room|p1a: Lunala\n|-fieldstart|move: Trick Room|[of] p1a: Lunala\n|\n|-status|p1b: Ursaluna|brn|[from] item: Flame Orb\n|upkeep\n|turn|2\n|\n|t:|1771563827\n|-terastallize|p1b: Ursaluna|Ghost\n|move|p2a: Zamazenta|Protect|p2a: Zamazenta\n|-singleturn|p2a: Zamazenta|Protect\n|move|p1b: Ursaluna|Headlong Rush|p2a: Zamazenta\n|-activate|p2a: Zamazenta|move: Protect\n|move|p1a: Lunala|Meteor Beam||[still]\n|-prepare|p1a: Lunala|Meteor Beam\n|-boost|p1a: Lunala|spa|1\n|-enditem|p1a: Lunala|Power Herb\n|-anim|p1a: Lunala|Meteor Beam|p2b: Tornadus\n|-supereffective|p2b: Tornadus\n|-enditem|p2b: Tornadus|Focus Sash\n|-damage|p2b: Tornadus|1/100\n|move|p2b: Tornadus|Bleakwind Storm|p1a: Lunala|[spread] p1a,p1b\n|-damage|p1a: Lunala|62/100\n|-damage|p1b: Ursaluna|15/100 brn\n|-unboost|p1b: Ursaluna|spe|1\n|\n|-damage|p1b: Ursaluna|9/100 brn|[from] brn\n|upkeep\n|turn|3\n|\n|t:|1771563856\n|switch|p2b: Incineroar|Incineroar, L50, M|100/100\n|-ability|p2b: Incineroar|Intimidate|boost\n|-unboost|p1a: Lunala|atk|1\n|-unboost|p1b: Ursaluna|atk|1\n|-terastallize|p2a: Zamazenta|Water\n|move|p1b: Ursaluna|Headlong Rush|p2a: Zamazenta\n|-damage|p2a: Zamazenta|73/100\n|-unboost|p1b: Ursaluna|def|1\n|-unboost|p1b: Ursaluna|spd|1\n|move|p1a: Lunala|Moongeist Beam|p2a: Zamazenta\n|-damage|p2a: Zamazenta|13/100\n|move|p2a: Zamazenta|Heavy Slam|p1a: Lunala\n|-damage|p1a: Lunala|23/100\n|\n|-damage|p1b: Ursaluna|4/100 brn|[from] brn\n|upkeep\n|turn|4\n|\n|t:|1771563881\n|move|p2a: Zamazenta|Protect|p2a: Zamazenta\n|-singleturn|p2a: Zamazenta|Protect\n|move|p1b: Ursaluna|Facade|p2b: Incineroar\n|-damage|p2b: Incineroar|33/100\n|move|p1a: Lunala|Moongeist Beam|p2a: Zamazenta\n|-activate|p2a: Zamazenta|move: Protect\n|move|p2b: Incineroar|Knock Off|p1a: Lunala\n|-supereffective|p1a: Lunala\n|-damage|p1a: Lunala|0 fnt\n|faint|p1a: Lunala\n|\n|-damage|p1b: Ursaluna|0 fnt|[from] brn\n|faint|p1b: Ursaluna\n|upkeep\n|\n|t:|1771563898\n|switch|p1b: Koraidon|Koraidon, L50|100/100\n|switch|p1a: Amoonguss|Amoonguss, L50, F|100/100\n|-weather|SunnyDay|[from] ability: Orichalcum Pulse|[of] p1b: Koraidon\n|-activate|p1b: Koraidon|Orichalcum Pulse|[source]\n|turn|5\n|\n|t:|1771563920\n|move|p1a: Amoonguss|Spore|p2a: Zamazenta\n|-status|p2a: Zamazenta|slp|[from] move: Spore\n|move|p2b: Incineroar|Taunt|p1a: Amoonguss\n|-start|p1a: Amoonguss|move: Taunt\n|cant|p2a: Zamazenta|slp\n|move|p1b: Koraidon|Close Combat|p2b: Incineroar\n|-supereffective|p2b: Incineroar\n|-damage|p2b: Incineroar|0 fnt\n|-unboost|p1b: Koraidon|def|1\n|-unboost|p1b: Koraidon|spd|1\n|faint|p2b: Incineroar\n|-damage|p1b: Koraidon|91/100|[from] item: Life Orb\n|\n|-weather|SunnyDay|[upkeep]\n|-fieldend|move: Trick Room\n|upkeep\n|\n|t:|1771563938\n|switch|p2b: Lunala|Lunala, L50|100/100\n|turn|6\n|\n|t:|1771563946\n|move|p1b: Koraidon|Protect|p1b: Koraidon\n|-singleturn|p1b: Koraidon|Protect\n|cant|p2a: Zamazenta|slp\n|move|p2b: Lunala|Moonblast|p1b: Koraidon\n|-activate|p1b: Koraidon|move: Protect\n|move|p1a: Amoonguss|Pollen Puff|p2b: Lunala\n|-damage|p2b: Lunala|94/100\n|\n|-weather|SunnyDay|[upkeep]\n|-heal|p2b: Lunala|99/100|[from] item: Leftovers\n|upkeep\n|turn|7\n|\n|t:|1771563963\n|move|p2b: Lunala|Protect|p2b: Lunala\n|-singleturn|p2b: Lunala|Protect\n|move|p1b: Koraidon|Flare Blitz|p2b: Lunala\n|-activate|p2b: Lunala|move: Protect\n|cant|p2a: Zamazenta|slp\n|move|p1a: Amoonguss|Pollen Puff|p2a: Zamazenta\n|-damage|p2a: Zamazenta|0 fnt\n|faint|p2a: Zamazenta\n|\n|-weather|SunnyDay|[upkeep]\n|-heal|p2b: Lunala|100/100|[from] item: Leftovers\n|upkeep\n|\n|t:|1771563972\n|switch|p2a: Tornadus|Tornadus, L50, M|1/100\n|turn|8\n|\n|t:|1771563988\n|move|p1b: Koraidon|Protect|p1b: Koraidon\n|-singleturn|p1b: Koraidon|Protect\n|move|p2a: Tornadus|Rain Dance|p2a: Tornadus\n|-weather|RainDance\n|move|p2b: Lunala|Moongeist Beam|p1a: Amoonguss\n|-damage|p1a: Amoonguss|58/100\n|move|p1a: Amoonguss|Pollen Puff|p2a: Tornadus\n|-resisted|p2a: Tornadus\n|-damage|p2a: Tornadus|0 fnt\n|faint|p2a: Tornadus\n|\n|-weather|RainDance|[upkeep]\n|-end|p1a: Amoonguss|move: Taunt\n|upkeep\n|turn|9\n|\n|t:|1771564024\n|move|p1a: Amoonguss|Rage Powder|p1a: Amoonguss\n|-singleturn|p1a: Amoonguss|move: Rage Powder\n|move|p1b: Koraidon|Flare Blitz|p2b: Lunala\n|-damage|p2b: Lunala|89/100\n|-damage|p1b: Koraidon|86/100|[from] Recoil\n|-damage|p1b: Koraidon|76/100|[from] item: Life Orb\n|move|p2b: Lunala|Moonblast|p1a: Amoonguss\n|-resisted|p1a: Amoonguss\n|-damage|p1a: Amoonguss|43/100\n|-unboost|p1a: Amoonguss|spa|1\n|\n|-weather|RainDance|[upkeep]\n|-heal|p2b: Lunala|95/100|[from] item: Leftovers\n|upkeep\n|turn|10\n|\n|t:|1771564051\n|move|p1b: Koraidon|Flare Blitz|p2b: Lunala\n|-damage|p2b: Lunala|71/100\n|-damage|p1b: Koraidon|66/100|[from] Recoil\n|-damage|p1b: Koraidon|56/100|[from] item: Life Orb\n|move|p2b: Lunala|Moongeist Beam|p1a: Amoonguss\n|-damage|p1a: Amoonguss|1/100\n|move|p1a: Amoonguss|Spore|p2b: Lunala\n|-status|p2b: Lunala|slp|[from] move: Spore\n|\n|-weather|RainDance|[upkeep]\n|-heal|p2b: Lunala|77/100 slp|[from] item: Leftovers\n|upkeep\n|turn|11\n|\n|t:|1771564070\n|move|p1b: Koraidon|Flare Blitz|p2b: Lunala\n|-damage|p2b: Lunala|54/100 slp\n|-damage|p1b: Koraidon|46/100|[from] Recoil\n|-damage|p1b: Koraidon|36/100|[from] item: Life Orb\n|cant|p2b: Lunala|slp\n|move|p1a: Amoonguss|Pollen Puff|p1b: Koraidon\n|-heal|p1b: Koraidon|86/100\n|\n|-weather|RainDance|[upkeep]\n|-heal|p2b: Lunala|60/100 slp|[from] item: Leftovers\n|upkeep\n|turn|12\n|\n|t:|1771564086\n|move|p1a: Amoonguss|Rage Powder|p1a: Amoonguss\n|-singleturn|p1a: Amoonguss|move: Rage Powder\n|move|p1b: Koraidon|Flare Blitz|p2b: Lunala\n|-damage|p2b: Lunala|39/100 slp\n|-damage|p1b: Koraidon|77/100|[from] Recoil\n|-damage|p1b: Koraidon|68/100|[from] item: Life Orb\n|cant|p2b: Lunala|slp\n|\n|-weather|none\n|-heal|p2b: Lunala|45/100 slp|[from] item: Leftovers\n|upkeep\n|turn|13\n|\n|t:|1771564099\n|move|p1a: Amoonguss|Rage Powder|p1a: Amoonguss\n|-singleturn|p1a: Amoonguss|move: Rage Powder\n|move|p1b: Koraidon|Flare Blitz|p2b: Lunala\n|-damage|p2b: Lunala|0 fnt\n|faint|p2b: Lunala\n|-damage|p1b: Koraidon|48/100|[from] Recoil\n|-damage|p1b: Koraidon|39/100|[from] item: Life Orb\n|\n|win|123456ag\n|raw|123456ag's rating: 1481 &rarr; <strong>1498</strong><br />(+17 for winning)\n|raw|lalo&apos;s pollos's rating: 1427 &rarr; <strong>1410</strong><br />(-17 for losing)\n|l|\u2606123456ag\n|player|p1|\n","uploadtime":1771564294,"views":15,"formatid":"gen9vgc2026regi","rating":1410,"private":0,"password":null}