{"id":"gen9vgc2026regi-2532750464","format":"[Gen 9] VGC 2026 Reg I","players":["zebraschinge","bullgod4ever"],"log":"|j|\u2606zebraschinge\n|j|\u2606bullgod4ever\n|t:|1770221084\n|gametype|doubles\n|player|p1|zebraschinge|102|1445\n|player|p2|bullgod4ever|102|1478\n|gen|9\n|tier|[Gen 9] VGC 2026 Reg I\n|rated|\n|rule|Species Clause: Limit one of each Pok\u00e9mon\n|rule|Item Clause: Limit 1 of each item\n|clearpoke\n|poke|p1|Miraidon, L50|\n|poke|p1|Grimmsnarl, L50, M|\n|poke|p1|Calyrex-Ice, L50|\n|poke|p1|Farigiraf, L50, M|\n|poke|p1|Tornadus, L50, M|\n|poke|p1|Diglett, L50, M|\n|poke|p2|Calyrex-Shadow, L50|\n|poke|p2|Zamazenta-*, L50|\n|poke|p2|Chien-Pao, L50|\n|poke|p2|Dragonite, L50, M|\n|poke|p2|Amoonguss, L50, M|\n|poke|p2|Ogerpon-Cornerstone, L50, F|\n|teampreview|4\n|inactive|Battle timer is ON: inactive players will automatically lose when time's up. (requested by zebraschinge)\n|inactive|zebraschinge has 60 seconds left.\n|\n|t:|1770221123\n|teamsize|p1|4\n|teamsize|p2|4\n|start\n|switch|p1a: Digda|Diglett, L50, M|100/100\n|switch|p1b: Miraidon|Miraidon, L50|100/100\n|switch|p2a: Zamazenta|Zamazenta-Crowned, L50|100/100\n|switch|p2b: Chien-Pao|Chien-Pao, L50|100/100\n|-ability|p2b: Chien-Pao|Sword of Ruin\n|-ability|p2a: Zamazenta|Dauntless Shield|boost\n|-boost|p2a: Zamazenta|def|1\n|-fieldstart|move: Electric Terrain|[from] ability: Hadron Engine|[of] p1b: Miraidon\n|turn|1\n|\n|t:|1770221147\n|-terastallize|p1b: Miraidon|Water\n|move|p2a: Zamazenta|Protect|p2a: Zamazenta\n|-singleturn|p2a: Zamazenta|Protect\n|move|p2b: Chien-Pao|Ice Shard|p1a: Digda\n|-supereffective|p1a: Digda\n|-enditem|p1a: Digda|Focus Sash\n|-damage|p1a: Digda|2/100\n|move|p1a: Digda|Endeavor|p2b: Chien-Pao\n|-damage|p2b: Chien-Pao|1/100\n|move|p1b: Miraidon|Parabolic Charge|p2a: Zamazenta|[spread] p2b\n|-activate|p2a: Zamazenta|move: Protect\n|-immune|p1a: Digda\n|-damage|p2b: Chien-Pao|0 fnt\n|faint|p2b: Chien-Pao\n|-damage|p1b: Miraidon|91/100|[from] item: Life Orb\n|\n|upkeep\n|\n|t:|1770221165\n|switch|p2b: Calyrex|Calyrex-Shadow, L50|100/100\n|-ability|p2b: Calyrex|As One\n|-ability|p2b: Calyrex|Unnerve\n|turn|2\n|\n|t:|1770221179\n|-terastallize|p2b: Calyrex|Ghost\n|move|p2a: Zamazenta|Wide Guard|p2a: Zamazenta\n|-singleturn|p2a: Zamazenta|Wide Guard\n|move|p1a: Digda|Sucker Punch|p2b: Calyrex\n|-supereffective|p2b: Calyrex\n|-damage|p2b: Calyrex|68/100\n|move|p2b: Calyrex|Astral Barrage|p1a: Digda|[spread] p1a,p1b\n|-damage|p1a: Digda|0 fnt\n|-damage|p1b: Miraidon|29/100\n|faint|p1a: Digda\n|-ability|p2b: Calyrex|Grim Neigh|boost\n|-boost|p2b: Calyrex|spa|1\n|move|p1b: Miraidon|Electro Drift|p2b: Calyrex\n|-damage|p2b: Calyrex|0 fnt\n|faint|p2b: Calyrex\n|-damage|p1b: Miraidon|20/100|[from] item: Life Orb\n|\n|upkeep\n|inactive|zebraschinge has 30 seconds left.\n|inactive|zebraschinge has 20 seconds left.\n|inactive|zebraschinge has 15 seconds left.\n|inactive|zebraschinge has 10 seconds left.\n|c|\u2606bullgod4ever|Very cool troll team my guy\n|\n|t:|1770221226\n|switch|p2b: Dragonite|Dragonite, L50, M|100/100\n|switch|p1a: High Horsepow miss|Calyrex-Ice, L50|100/100\n|-ability|p1a: High Horsepow miss|As One\n|-ability|p1a: High Horsepow miss|Unnerve\n|turn|3\n|\n|t:|1770221239\n|move|p2a: Zamazenta|Wide Guard|p2a: Zamazenta\n|-singleturn|p2a: Zamazenta|Wide Guard\n|move|p2b: Dragonite|Extreme Speed|p1b: Miraidon\n|-damage|p1b: Miraidon|0 fnt\n|faint|p1b: Miraidon\n|move|p1a: High Horsepow miss|Trick Room|p1a: High Horsepow miss\n|-fieldstart|move: Trick Room|[of] p1a: High Horsepow miss\n|\n|upkeep\n|\n|t:|1770221247\n|switch|p1b: Farigiraf|Farigiraf, L50, M|100/100\n|turn|4\n|\n|t:|1770221259\n|move|p2b: Dragonite|Extreme Speed||[still]\n|cant|p1b: Farigiraf|ability: Armor Tail|Extreme Speed|[of] p2b: Dragonite\n|move|p1a: High Horsepow miss|Glacial Lance|p2b: Dragonite|[spread] p2a,p2b\n|-resisted|p2a: Zamazenta\n|-supereffective|p2b: Dragonite\n|-damage|p2a: Zamazenta|89/100\n|-damage|p2b: Dragonite|0 fnt\n|faint|p2b: Dragonite\n|-ability|p1a: High Horsepow miss|Chilling Neigh|boost\n|-boost|p1a: High Horsepow miss|atk|1\n|move|p1b: Farigiraf|Psychic|p2a: Zamazenta\n|-damage|p2a: Zamazenta|64/100\n|move|p2a: Zamazenta|Body Press|p1b: Farigiraf\n|-crit|p1b: Farigiraf\n|-damage|p1b: Farigiraf|6/100\n|-enditem|p1b: Farigiraf|Sitrus Berry|[eat]\n|-heal|p1b: Farigiraf|31/100|[from] item: Sitrus Berry\n|\n|upkeep\n|turn|5\n|\n|t:|1770221277\n|move|p2a: Zamazenta|Protect|p2a: Zamazenta\n|-singleturn|p2a: Zamazenta|Protect\n|move|p1a: High Horsepow miss|High Horsepower|p2a: Zamazenta\n|-activate|p2a: Zamazenta|move: Protect\n|move|p1b: Farigiraf|Psychic|p2a: Zamazenta\n|-activate|p2a: Zamazenta|move: Protect\n|\n|-fieldend|move: Electric Terrain\n|upkeep\n|turn|6\n|\n|t:|1770221291\n|move|p1a: High Horsepow miss|High Horsepower|p2a: Zamazenta\n|-supereffective|p2a: Zamazenta\n|-damage|p2a: Zamazenta|18/100\n|move|p1b: Farigiraf|Psychic|p2a: Zamazenta\n|-damage|p2a: Zamazenta|0 fnt\n|faint|p2a: Zamazenta\n|\n|win|zebraschinge\n|raw|zebraschinge's rating: 1445 &rarr; <strong>1467</strong><br />(+22 for winning)\n|raw|bullgod4ever's rating: 1478 &rarr; <strong>1456</strong><br />(-22 for losing)\n|l|\u2606bullgod4ever\n|player|p2|\n|l|\u2606zebraschinge\n|player|p1|\n","uploadtime":1770221518,"views":30,"formatid":"gen9vgc2026regi","rating":1456,"private":0,"password":null}