{"id":"gen9vgc2026regi-2588084335","format":"[Gen 9] VGC 2026 Reg I","players":["QianSuiii","Luca8"],"log":"|j|\u2606QianSuiii\n|j|\u2606Luca8\n|t:|1776602449\n|gametype|doubles\n|player|p1|QianSuiii|266|1514\n|player|p2|Luca8|flint|1509\n|gen|9\n|tier|[Gen 9] VGC 2026 Reg I\n|rated|\n|rule|Species Clause: Limit one of each Pok\u00e9mon\n|rule|Item Clause: Limit 1 of each item\n|clearpoke\n|poke|p1|Zamazenta-*, L50|\n|poke|p1|Calyrex-Shadow, L50|\n|poke|p1|Tornadus, L50, M|\n|poke|p1|Urshifu-*, L50, M|\n|poke|p1|Rillaboom, L50, M|\n|poke|p1|Chien-Pao, L50|\n|poke|p2|Zamazenta-*, L50|\n|poke|p2|Indeedee-F, L50, F|\n|poke|p2|Torkoal, L50, F|\n|poke|p2|Calyrex-Shadow, L50|\n|poke|p2|Pelipper, L50, F|\n|poke|p2|Tornadus, L50, M|\n|teampreview|4\n|inactive|Battle timer is ON: inactive players will automatically lose when time's up. (requested by Luca8)\n|inactive|QianSuiii has 60 seconds left.\n|\n|t:|1776602514\n|teamsize|p1|4\n|teamsize|p2|4\n|start\n|switch|p1a: Tornadus|Tornadus, L50, M|100/100\n|switch|p1b: Calyrex|Calyrex-Shadow, L50|100/100\n|switch|p2a: Indeedee|Indeedee-F, L50, F|100/100\n|switch|p2b: Zamazenta|Zamazenta-Crowned, L50|100/100\n|-ability|p1b: Calyrex|As One\n|-ability|p1b: Calyrex|Unnerve\n|-ability|p2b: Zamazenta|Dauntless Shield|boost\n|-boost|p2b: Zamazenta|def|1\n|-fieldstart|move: Psychic Terrain|[from] ability: Psychic Surge|[of] p2a: Indeedee\n|turn|1\n|inactive|QianSuiii has 30 seconds left.\n|inactive|QianSuiii has 20 seconds left.\n|inactive|QianSuiii has 15 seconds left.\n|\n|t:|1776602555\n|move|p1b: Calyrex|Psychic|p2b: Zamazenta\n|-damage|p2b: Zamazenta|50/100\n|-unboost|p2b: Zamazenta|spd|1\n|move|p1a: Tornadus|Bleakwind Storm|p2b: Zamazenta|[spread] p2a,p2b\n|-damage|p2a: Indeedee|68/100\n|-damage|p2b: Zamazenta|22/100\n|move|p2b: Zamazenta|Crunch|p1b: Calyrex\n|-supereffective|p1b: Calyrex\n|-damage|p1b: Calyrex|2/100\n|move|p2a: Indeedee|Trick Room|p2a: Indeedee\n|-fieldstart|move: Trick Room|[of] p2a: Indeedee\n|\n|upkeep\n|turn|2\n|inactive|QianSuiii has 30 seconds left.\n|\n|t:|1776602581\n|switch|p1b: Zamazenta|Zamazenta-Crowned, L50|100/100\n|-ability|p1b: Zamazenta|Dauntless Shield|boost\n|-boost|p1b: Zamazenta|def|1\n|move|p2a: Indeedee|Psychic|p1a: Tornadus\n|-damage|p1a: Tornadus|60/100\n|move|p2b: Zamazenta|Heavy Slam|p1a: Tornadus\n|-crit|p1a: Tornadus\n|-damage|p1a: Tornadus|0 fnt\n|-damage|p2b: Zamazenta|5/100|[from] item: Rocky Helmet|[of] p1a: Tornadus\n|faint|p1a: Tornadus\n|\n|upkeep\n|\n|t:|1776602595\n|switch|p1a: Chien-Pao|Chien-Pao, L50|100/100\n|-ability|p1a: Chien-Pao|Sword of Ruin\n|turn|3\n|\n|t:|1776602605\n|-terastallize|p2b: Zamazenta|Fighting\n|move|p1b: Zamazenta|Protect|p1b: Zamazenta\n|-singleturn|p1b: Zamazenta|Protect\n|move|p1a: Chien-Pao|Protect|p1a: Chien-Pao\n|-singleturn|p1a: Chien-Pao|Protect\n|move|p2a: Indeedee|Psychic|p1b: Zamazenta\n|-activate|p1b: Zamazenta|move: Protect\n|move|p2b: Zamazenta|Body Press|p1b: Zamazenta\n|-activate|p1b: Zamazenta|move: Protect\n|\n|upkeep\n|turn|4\n|inactive|QianSuiii has 30 seconds left.\n|\n|t:|1776602633\n|-terastallize|p1b: Zamazenta|Ghost\n|move|p2a: Indeedee|Psychic|p1b: Zamazenta\n|-damage|p1b: Zamazenta|72/100\n|move|p2b: Zamazenta|Body Press|p1b: Zamazenta\n|-immune|p1b: Zamazenta\n|move|p1b: Zamazenta|Body Press|p2b: Zamazenta\n|-damage|p2b: Zamazenta|0 fnt\n|faint|p2b: Zamazenta\n|move|p1a: Chien-Pao|Icicle Crash|p2a: Indeedee\n|-damage|p2a: Indeedee|0 fnt\n|faint|p2a: Indeedee\n|-damage|p1a: Chien-Pao|91/100|[from] item: Life Orb\n|\n|upkeep\n|\n|t:|1776602652\n|switch|p2a: Torkoal|Torkoal, L50, F|100/100\n|switch|p2b: Calyrex|Calyrex-Shadow, L50|100/100\n|-ability|p2b: Calyrex|As One\n|-ability|p2b: Calyrex|Unnerve\n|-weather|SunnyDay|[from] ability: Drought|[of] p2a: Torkoal\n|turn|5\n|inactive|Luca8 has 30 seconds left.\n|inactive|Luca8 has 20 seconds left.\n|inactive|Luca8 has 15 seconds left.\n|\n|t:|1776602696\n|move|p1b: Zamazenta|Protect|p1b: Zamazenta\n|-singleturn|p1b: Zamazenta|Protect\n|move|p1a: Chien-Pao|Protect|p1a: Chien-Pao\n|-singleturn|p1a: Chien-Pao|Protect\n|move|p2b: Calyrex|Protect|p2b: Calyrex\n|-singleturn|p2b: Calyrex|Protect\n|move|p2a: Torkoal|Eruption|p1b: Zamazenta|[spread] \n|-activate|p1a: Chien-Pao|move: Protect\n|-activate|p1b: Zamazenta|move: Protect\n|\n|-weather|SunnyDay|[upkeep]\n|-fieldend|move: Trick Room\n|-fieldend|move: Psychic Terrain\n|upkeep\n|turn|6\n|\n|t:|1776602720\n|move|p1a: Chien-Pao|Sucker Punch|p2b: Calyrex\n|-supereffective|p2b: Calyrex\n|-enditem|p2b: Calyrex|Focus Sash\n|-damage|p2b: Calyrex|1/100\n|-damage|p1a: Chien-Pao|81/100|[from] item: Life Orb\n|move|p2b: Calyrex|Shadow Ball|p1b: Zamazenta\n|-supereffective|p1b: Zamazenta\n|-damage|p1b: Zamazenta|0 fnt\n|faint|p1b: Zamazenta\n|-ability|p2b: Calyrex|Grim Neigh|boost\n|-boost|p2b: Calyrex|spa|1\n|move|p2a: Torkoal|Eruption|p1a: Chien-Pao\n|-supereffective|p1a: Chien-Pao\n|-damage|p1a: Chien-Pao|0 fnt\n|faint|p1a: Chien-Pao\n|\n|-weather|SunnyDay|[upkeep]\n|upkeep\n|\n|t:|1776602736\n|switch|p1b: Calyrex|Calyrex-Shadow, L50|2/100\n|-ability|p1b: Calyrex|As One\n|-ability|p1b: Calyrex|Unnerve\n|turn|7\n|\n|t:|1776602746\n|move|p1b: Calyrex|Astral Barrage|p2a: Torkoal|[spread] p2a,p2b\n|-supereffective|p2b: Calyrex\n|-damage|p2a: Torkoal|28/100\n|-damage|p2b: Calyrex|0 fnt\n|faint|p2b: Calyrex\n|-ability|p1b: Calyrex|Grim Neigh|boost\n|-boost|p1b: Calyrex|spa|1\n|move|p2a: Torkoal|Solar Beam||[still]\n|-prepare|p2a: Torkoal|Solar Beam\n|-anim|p2a: Torkoal|Solar Beam|p1b: Calyrex\n|-damage|p1b: Calyrex|0 fnt\n|faint|p1b: Calyrex\n|\n|win|Luca8\n|raw|QianSuiii's rating: 1514 &rarr; <strong>1494</strong><br />(-20 for losing)\n|raw|Luca8's rating: 1509 &rarr; <strong>1529</strong><br />(+20 for winning)\n|l|\u2606QianSuiii\n|player|p1|\n|l|\u2606Luca8\n|player|p2|\n","uploadtime":1776602894,"views":8,"formatid":"gen9vgc2026regi","rating":1494,"private":0,"password":null}