{"id":"gen9vgc2026regi-2538887399","format":"[Gen 9] VGC 2026 Reg I","players":["xiaoliyunVGC","tuanxinhgai"],"log":"|j|\u2606xiaoliyunVGC\n|j|\u2606tuanxinhgai\n|t:|1770989849\n|gametype|doubles\n|player|p1|xiaoliyunVGC|liko|1473\n|player|p2|tuanxinhgai|2|1326\n|gen|9\n|tier|[Gen 9] VGC 2026 Reg I\n|rated|\n|rule|Species Clause: Limit one of each Pok\u00e9mon\n|rule|Item Clause: Limit 1 of each item\n|clearpoke\n|poke|p1|Zamazenta-*, L50|\n|poke|p1|Kyogre, L50|\n|poke|p1|Raichu, L50, F|\n|poke|p1|Flutter Mane, L50|\n|poke|p1|Tornadus, L50, M|\n|poke|p1|Kingambit, L50, M|\n|poke|p2|Zamazenta-*, L50|\n|poke|p2|Calyrex-Shadow, L50|\n|poke|p2|Rillaboom, L50, M|\n|poke|p2|Urshifu-*, L50, F|\n|poke|p2|Chien-Pao, L50|\n|poke|p2|Tornadus, L50, M|\n|teampreview|4\n|inactive|Battle timer is ON: inactive players will automatically lose when time's up. (requested by xiaoliyunVGC)\n|inactive|xiaoliyunVGC has 60 seconds left.\n|inactive|tuanxinhgai has 60 seconds left.\n|\n|t:|1770989892\n|teamsize|p1|4\n|teamsize|p2|4\n|start\n|switch|p1a: Zamazenta|Zamazenta-Crowned, L50, shiny|100/100\n|switch|p1b: Raichu|Raichu, L50, F|100/100\n|switch|p2a: Urshifu|Urshifu-Rapid-Strike, L50, F|100/100\n|switch|p2b: Rillaboom|Rillaboom, L50, M|100/100\n|-ability|p1a: Zamazenta|Dauntless Shield|boost\n|-boost|p1a: Zamazenta|def|1\n|-fieldstart|move: Grassy Terrain|[from] ability: Grassy Surge|[of] p2b: Rillaboom\n|turn|1\n|inactive|xiaoliyunVGC has 30 seconds left.\n|inactive|tuanxinhgai has 30 seconds left.\n|\n|t:|1770989924\n|-terastallize|p2a: Urshifu|Water\n|move|p1b: Raichu|Fake Out|p2a: Urshifu\n|-damage|p2a: Urshifu|91/100\n|move|p2b: Rillaboom|Fake Out|p1b: Raichu\n|-damage|p1b: Raichu|75/100\n|cant|p2a: Urshifu|flinch\n|move|p1a: Zamazenta|Body Press|p2a: Urshifu\n|-damage|p2a: Urshifu|23/100\n|\n|-heal|p2a: Urshifu|29/100|[from] Grassy Terrain\n|-heal|p1b: Raichu|81/100|[from] Grassy Terrain\n|upkeep\n|turn|2\n|inactive|xiaoliyunVGC has 30 seconds left.\n|inactive|tuanxinhgai has 30 seconds left.\n|\n|t:|1770989956\n|-terastallize|p1a: Zamazenta|Fighting\n|move|p2a: Urshifu|Surging Strikes|p1b: Raichu\n|-crit|p1b: Raichu\n|-damage|p1b: Raichu|37/100\n|-crit|p1b: Raichu\n|-damage|p1b: Raichu|0 fnt\n|faint|p1b: Raichu\n|-hitcount|p1: Raichu|2\n|move|p1a: Zamazenta|Body Press|p2b: Rillaboom\n|-damage|p2b: Rillaboom|15/100\n|move|p2b: Rillaboom|Wood Hammer|p1a: Zamazenta\n|-damage|p1a: Zamazenta|60/100\n|-damage|p2b: Rillaboom|2/100|[from] Recoil\n|\n|-heal|p2a: Urshifu|35/100|[from] Grassy Terrain\n|-heal|p1a: Zamazenta|66/100|[from] Grassy Terrain\n|-heal|p2b: Rillaboom|8/100|[from] Grassy Terrain\n|upkeep\n|\n|t:|1770989974\n|switch|p1b: Kingambit|Kingambit, L50, M|100/100\n|turn|3\n|inactive|xiaoliyunVGC has 30 seconds left.\n|inactive|tuanxinhgai has 30 seconds left.\n|\n|t:|1770990004\n|switch|p1b: Kyogre|Kyogre, L50|100/100\n|-weather|RainDance|[from] ability: Drizzle|[of] p1b: Kyogre\n|move|p2b: Rillaboom|Grassy Glide|p1a: Zamazenta\n|-damage|p1a: Zamazenta|50/100\n|move|p2a: Urshifu|Surging Strikes|p1a: Zamazenta\n|-crit|p1a: Zamazenta\n|-damage|p1a: Zamazenta|25/100\n|-crit|p1a: Zamazenta\n|-damage|p1a: Zamazenta|2/100\n|-crit|p1a: Zamazenta\n|-damage|p1a: Zamazenta|0 fnt\n|faint|p1a: Zamazenta\n|-hitcount|p1: Zamazenta|3\n|\n|-weather|RainDance|[upkeep]\n|-heal|p2a: Urshifu|41/100|[from] Grassy Terrain\n|-heal|p2b: Rillaboom|14/100|[from] Grassy Terrain\n|upkeep\n|\n|t:|1770990015\n|switch|p1a: Kingambit|Kingambit, L50, M|100/100\n|turn|4\n|\n|t:|1770990033\n|move|p2b: Rillaboom|Grassy Glide|p1b: Kyogre\n|-supereffective|p1b: Kyogre\n|-damage|p1b: Kyogre|0 fnt\n|faint|p1b: Kyogre\n|move|p1a: Kingambit|Sucker Punch||[still]\n|-fail|p1a: Kingambit\n|move|p2a: Urshifu|Surging Strikes|p1a: Kingambit\n|-crit|p1a: Kingambit\n|-damage|p1a: Kingambit|71/100\n|-crit|p1a: Kingambit\n|-damage|p1a: Kingambit|41/100\n|-crit|p1a: Kingambit\n|-damage|p1a: Kingambit|9/100\n|-hitcount|p1a: Kingambit|3\n|\n|-weather|RainDance|[upkeep]\n|-heal|p2a: Urshifu|48/100|[from] Grassy Terrain\n|-heal|p2b: Rillaboom|19/100|[from] Grassy Terrain\n|-heal|p1a: Kingambit|15/100|[from] Grassy Terrain\n|upkeep\n|turn|5\n|-message|xiaoliyunVGC forfeited.\n|\n|win|tuanxinhgai\n|raw|xiaoliyunVGC's rating: 1473 &rarr; <strong>1445</strong><br />(-28 for losing)\n|raw|tuanxinhgai's rating: 1326 &rarr; <strong>1354</strong><br />(+28 for winning)\n|l|\u2606xiaoliyunVGC\n|player|p1|\n|l|\u2606tuanxinhgai\n|player|p2|\n","uploadtime":1770990238,"views":24,"formatid":"gen9vgc2026regi","rating":1354,"private":0,"password":null}