{"id":"gen9vgc2026regi-2560817322","format":"[Gen 9] VGC 2026 Reg I","players":["swordsdanceurshifu","Lcj0071"],"log":"|j|\u2606swordsdanceurshifu\n|j|\u2606Lcj0071\n|t:|1773731835\n|gametype|doubles\n|player|p1|swordsdanceurshifu|170|1177\n|player|p2|Lcj0071|169|1114\n|gen|9\n|tier|[Gen 9] VGC 2026 Reg I\n|rated|\n|rule|Species Clause: Limit one of each Pok\u00e9mon\n|rule|Item Clause: Limit 1 of each item\n|clearpoke\n|poke|p1|Miraidon, L50|\n|poke|p1|Koraidon, L50|\n|poke|p1|Flutter Mane, L50|\n|poke|p1|Landorus, L50, M|\n|poke|p1|Toxapex, L50, M|\n|poke|p1|Incineroar, L50, F|\n|poke|p2|Kyogre, L50|\n|poke|p2|Volcarona, L50, F|\n|poke|p2|Rillaboom, L50, M|\n|poke|p2|Whimsicott, L50, M|\n|poke|p2|Chien-Pao, L50|\n|poke|p2|Giratina-Origin, L50|\n|teampreview|4\n|inactive|Battle timer is ON: inactive players will automatically lose when time's up. (requested by swordsdanceurshifu)\n|inactive|swordsdanceurshifu has 60 seconds left.\n|\n|t:|1773731894\n|teamsize|p1|4\n|teamsize|p2|4\n|start\n|switch|p1a: Miraidon|Miraidon, L50|100/100\n|switch|p1b: Koraidon|Koraidon, L50|100/100\n|switch|p2a: Volcarona|Volcarona, L50, F, shiny|100/100\n|switch|p2b: Chien-Pao|Chien-Pao, L50, shiny|100/100\n|-fieldstart|move: Electric Terrain|[from] ability: Hadron Engine|[of] p1a: Miraidon\n|-enditem|p1b: Koraidon|Electric Seed\n|-boost|p1b: Koraidon|def|1|[from] item: Electric Seed\n|-ability|p2b: Chien-Pao|Sword of Ruin\n|-weather|SunnyDay|[from] ability: Orichalcum Pulse|[of] p1b: Koraidon\n|-activate|p1b: Koraidon|Orichalcum Pulse|[source]\n|turn|1\n|inactive|Lcj0071 has 30 seconds left.\n|\n|t:|1773731923\n|-terastallize|p1b: Koraidon|Fire\n|move|p2a: Volcarona|Protect|p2a: Volcarona\n|-singleturn|p2a: Volcarona|Protect\n|move|p1a: Miraidon|Volt Switch|p2b: Chien-Pao\n|-enditem|p2b: Chien-Pao|Focus Sash\n|-damage|p2b: Chien-Pao|1/100\n|\n|t:|1773731931\n|switch|p1a: Toxapex|Toxapex, L50, M|100/100|[from] Volt Switch\n|move|p2b: Chien-Pao|Icicle Crash|p1a: Toxapex\n|-resisted|p1a: Toxapex\n|-damage|p1a: Toxapex|78/100\n|move|p1b: Koraidon|Flame Charge|p2b: Chien-Pao\n|-supereffective|p2b: Chien-Pao\n|-damage|p2b: Chien-Pao|0 fnt\n|-boost|p1b: Koraidon|spe|1\n|faint|p2b: Chien-Pao\n|\n|-weather|SunnyDay|[upkeep]\n|upkeep\n|\n|t:|1773731946\n|switch|p2b: Kyogre|Kyogre, L50, shiny|100/100\n|-weather|RainDance|[from] ability: Drizzle|[of] p2b: Kyogre\n|turn|2\n|\n|t:|1773731966\n|move|p1b: Koraidon|Protect|p1b: Koraidon\n|-singleturn|p1b: Koraidon|Protect\n|move|p2a: Volcarona|Rage Powder|p2a: Volcarona\n|-singleturn|p2a: Volcarona|move: Rage Powder\n|move|p2b: Kyogre|Water Spout|p1a: Toxapex|[spread] p1a\n|-activate|p1b: Koraidon|move: Protect\n|-resisted|p1a: Toxapex\n|-damage|p1a: Toxapex|32/100\n|move|p1a: Toxapex|Toxic|p2a: Volcarona\n|-status|p2a: Volcarona|tox\n|\n|-weather|RainDance|[upkeep]\n|-damage|p2a: Volcarona|94/100 tox|[from] psn\n|upkeep\n|turn|3\n|\n|t:|1773731987\n|move|p1a: Toxapex|Wide Guard|p1a: Toxapex\n|-singleturn|p1a: Toxapex|Wide Guard\n|move|p2a: Volcarona|Rage Powder|p2a: Volcarona\n|-singleturn|p2a: Volcarona|move: Rage Powder\n|move|p1b: Koraidon|Flare Blitz|p2a: Volcarona\n|-crit|p2a: Volcarona\n|-damage|p2a: Volcarona|54/100 tox\n|-damage|p1b: Koraidon|88/100|[from] Recoil\n|move|p2b: Kyogre|Water Spout|p1b: Koraidon|[spread] \n|-activate|p1a: Toxapex|move: Wide Guard\n|-activate|p1b: Koraidon|move: Wide Guard\n|\n|-weather|RainDance|[upkeep]\n|-damage|p2a: Volcarona|41/100 tox|[from] psn\n|upkeep\n|turn|4\n|\n|t:|1773732011\n|switch|p1a: Miraidon|Miraidon, L50|100/100\n|-activate|p1a: Miraidon|ability: Hadron Engine\n|move|p1b: Koraidon|Protect|p1b: Koraidon\n|-singleturn|p1b: Koraidon|Protect\n|move|p2a: Volcarona|Protect|p2a: Volcarona\n|-singleturn|p2a: Volcarona|Protect\n|move|p2b: Kyogre|Hydro Pump|p1b: Koraidon\n|-activate|p1b: Koraidon|move: Protect\n|\n|-weather|RainDance|[upkeep]\n|-damage|p2a: Volcarona|22/100 tox|[from] psn\n|upkeep\n|turn|5\n|\n|t:|1773732027\n|move|p2a: Volcarona|Rage Powder|p2a: Volcarona\n|-singleturn|p2a: Volcarona|move: Rage Powder\n|move|p1a: Miraidon|Volt Switch|p2a: Volcarona\n|-damage|p2a: Volcarona|0 fnt\n|faint|p2a: Volcarona\n|\n|t:|1773732034\n|switch|p1a: Toxapex|Toxapex, L50, M|65/100|[from] Volt Switch\n|move|p1b: Koraidon|Body Press|p2b: Kyogre\n|-damage|p2b: Kyogre|39/100\n|move|p2b: Kyogre|Water Spout|p1a: Toxapex|[spread] p1a,p1b\n|-resisted|p1a: Toxapex\n|-supereffective|p1b: Koraidon\n|-damage|p1a: Toxapex|48/100\n|-damage|p1b: Koraidon|11/100\n|\n|-weather|RainDance|[upkeep]\n|-fieldend|move: Electric Terrain\n|upkeep\n|\n|t:|1773732045\n|switch|p2a: Giratina|Giratina-Origin, L50, shiny|100/100\n|turn|6\n|\n|t:|1773732057\n|switch|p1a: Incineroar|Incineroar, L50, F|100/100\n|-ability|p1a: Incineroar|Intimidate|boost\n|-unboost|p2a: Giratina|atk|1\n|-unboost|p2b: Kyogre|atk|1\n|move|p2b: Kyogre|Protect|p2b: Kyogre\n|-singleturn|p2b: Kyogre|Protect\n|move|p1b: Koraidon|Body Press|p2b: Kyogre\n|-activate|p2b: Kyogre|move: Protect\n|move|p2a: Giratina|Poltergeist|p1a: Incineroar\n|-activate|p1a: Incineroar|move: Poltergeist|Assault Vest\n|-resisted|p1a: Incineroar\n|-damage|p1a: Incineroar|81/100\n|\n|-weather|none\n|upkeep\n|turn|7\n|\n|t:|1773732079\n|move|p1a: Incineroar|Fake Out|p2b: Kyogre\n|-damage|p2b: Kyogre|25/100\n|move|p2a: Giratina|Shadow Sneak|p1b: Koraidon\n|-damage|p1b: Koraidon|3/100\n|move|p1b: Koraidon|Body Press|p2b: Kyogre\n|-damage|p2b: Kyogre|0 fnt\n|faint|p2b: Kyogre\n|\n|upkeep\n|turn|8\n|\n|t:|1773732097\n|move|p2a: Giratina|Protect|p2a: Giratina\n|-singleturn|p2a: Giratina|Protect\n|move|p1b: Koraidon|Flare Blitz|p2a: Giratina\n|-activate|p2a: Giratina|move: Protect\n|move|p1a: Incineroar|Knock Off|p2a: Giratina\n|-activate|p2a: Giratina|move: Protect\n|\n|upkeep\n|turn|9\n|\n|t:|1773732106\n|-terastallize|p2a: Giratina|Fire\n|move|p1b: Koraidon|Flare Blitz|p2a: Giratina\n|-resisted|p2a: Giratina\n|-damage|p2a: Giratina|82/100\n|-damage|p1b: Koraidon|0 fnt|[from] Recoil\n|faint|p1b: Koraidon\n|move|p2a: Giratina|Poltergeist|p1a: Incineroar\n|-activate|p1a: Incineroar|move: Poltergeist|Assault Vest\n|-resisted|p1a: Incineroar\n|-damage|p1a: Incineroar|60/100\n|move|p1a: Incineroar|Knock Off|p2a: Giratina\n|-damage|p2a: Giratina|59/100\n|\n|upkeep\n|\n|t:|1773732116\n|switch|p1b: Miraidon|Miraidon, L50|100/100\n|-fieldstart|move: Electric Terrain|[from] ability: Hadron Engine|[of] p1b: Miraidon\n|turn|10\n|\n|t:|1773732123\n|move|p1b: Miraidon|Electro Drift|p2a: Giratina\n|-crit|p2a: Giratina\n|-damage|p2a: Giratina|0 fnt\n|faint|p2a: Giratina\n|\n|win|swordsdanceurshifu\n|raw|swordsdanceurshifu's rating: 1177 &rarr; <strong>1198</strong><br />(+21 for winning)\n|raw|Lcj0071's rating: 1114 &rarr; <strong>1093</strong><br />(-21 for losing)\n|l|\u2606swordsdanceurshifu\n|player|p1|\n|l|\u2606Lcj0071\n|player|p2|\n","uploadtime":1773732499,"views":12,"formatid":"gen9vgc2026regi","rating":1093,"private":0,"password":null}