{"id":"gen9vgc2026regi-2553149586","format":"[Gen 9] VGC 2026 Reg I","players":["xJafanx","ryo8989"],"log":"|j|\u2606xJafanx\n|j|\u2606ryo8989\n|t:|1772804477\n|gametype|doubles\n|player|p1|xJafanx|1|1286\n|player|p2|ryo8989|erika|1369\n|gen|9\n|tier|[Gen 9] VGC 2026 Reg I\n|rated|\n|rule|Species Clause: Limit one of each Pok\u00e9mon\n|rule|Item Clause: Limit 1 of each item\n|clearpoke\n|poke|p1|Miraidon, L50|\n|poke|p1|Whimsicott, L50, F|\n|poke|p1|Kingambit, L50, M|\n|poke|p1|Hitmontop, L50, M|\n|poke|p1|Ursaluna-Bloodmoon, L50, M|\n|poke|p1|Kyogre, L50|\n|poke|p2|Calyrex-Shadow, L50|\n|poke|p2|Rillaboom, L50, F|\n|poke|p2|Incineroar, L50, M|\n|poke|p2|Clefairy, L50, F|\n|poke|p2|Koraidon, L50|\n|poke|p2|Flutter Mane, L50|\n|teampreview|4\n|j| kurwa mac123\n|\n|t:|1772804513\n|teamsize|p1|4\n|teamsize|p2|4\n|start\n|switch|p1a: Miraidon|Miraidon, L50|100/100\n|switch|p1b: Whimsicott|Whimsicott, L50, F|100/100\n|switch|p2a: Calyrex|Calyrex-Shadow, L50|100/100\n|switch|p2b: Rillaboom|Rillaboom, L50, F|100/100\n|-ability|p2a: Calyrex|As One\n|-ability|p2a: Calyrex|Unnerve\n|-fieldstart|move: Electric Terrain|[from] ability: Hadron Engine|[of] p1a: Miraidon\n|-fieldstart|move: Grassy Terrain|[from] ability: Grassy Surge|[of] p2b: Rillaboom\n|turn|1\n|\n|t:|1772804531\n|move|p1b: Whimsicott|Tailwind|p1b: Whimsicott\n|-sidestart|p1: xJafanx|move: Tailwind\n|move|p1a: Miraidon|Electro Drift|p2a: Calyrex\n|-damage|p2a: Calyrex|31/100\n|-damage|p1a: Miraidon|91/100|[from] item: Life Orb\n|move|p2a: Calyrex|Astral Barrage|p1a: Miraidon|[spread] p1a,p1b\n|-damage|p1a: Miraidon|23/100\n|-damage|p1b: Whimsicott|0 fnt\n|faint|p1b: Whimsicott\n|-ability|p2a: Calyrex|Grim Neigh|boost\n|-boost|p2a: Calyrex|spa|1\n|-damage|p2a: Calyrex|21/100|[from] item: Life Orb\n|move|p2b: Rillaboom|U-turn|p1a: Miraidon\n|-damage|p1a: Miraidon|0 fnt\n|faint|p1a: Miraidon\n|\n|t:|1772804549\n|switch|p2b: Clefairy|Clefairy, L50, F, shiny|100/100|[from] U-turn\n|\n|-heal|p2a: Calyrex|27/100|[from] Grassy Terrain\n|upkeep\n|\n|t:|1772804554\n|switch|p1a: Kyogre|Kyogre, L50|100/100\n|switch|p1b: Hitmontop|Hitmontop, L50, M|100/100\n|-weather|RainDance|[from] ability: Drizzle|[of] p1a: Kyogre\n|-ability|p1b: Hitmontop|Intimidate|boost\n|-unboost|p2a: Calyrex|atk|1\n|-unboost|p2b: Clefairy|atk|1\n|turn|2\n|\n|t:|1772804577\n|move|p2b: Clefairy|Protect|p2b: Clefairy\n|-singleturn|p2b: Clefairy|Protect\n|move|p1b: Hitmontop|Fake Out|p2b: Clefairy\n|-activate|p2b: Clefairy|move: Protect\n|move|p1a: Kyogre|Water Spout|p2a: Calyrex|[spread] p2a\n|-activate|p2b: Clefairy|move: Protect\n|-crit|p2a: Calyrex\n|-damage|p2a: Calyrex|0 fnt\n|faint|p2a: Calyrex\n|\n|-weather|RainDance|[upkeep]\n|upkeep\n|\n|t:|1772804589\n|switch|p2a: Koraidon|Koraidon, L50|100/100\n|-weather|SunnyDay|[from] ability: Orichalcum Pulse|[of] p2a: Koraidon\n|-activate|p2a: Koraidon|Orichalcum Pulse|[source]\n|turn|3\n|\n|t:|1772804605\n|-terastallize|p1a: Kyogre|Ghost\n|move|p1b: Hitmontop|Feint|p2a: Koraidon\n|-crit|p2a: Koraidon\n|-damage|p2a: Koraidon|94/100\n|move|p1a: Kyogre|Water Spout|p2b: Clefairy|[spread] p2a,p2b\n|-resisted|p2a: Koraidon\n|-damage|p2a: Koraidon|83/100\n|-damage|p2b: Clefairy|72/100\n|move|p2a: Koraidon|Collision Course|p1a: Kyogre\n|-immune|p1a: Kyogre\n|move|p2b: Clefairy|Life Dew|p2b: Clefairy|[spread] p2a,p2b\n|-heal|p2a: Koraidon|100/100\n|-heal|p2b: Clefairy|97/100\n|\n|-weather|SunnyDay|[upkeep]\n|-heal|p2b: Clefairy|100/100|[from] Grassy Terrain\n|upkeep\n|turn|4\n|\n|t:|1772804627\n|move|p1a: Kyogre|Water Spout|p2b: Clefairy|[spread] p2a,p2b\n|-resisted|p2a: Koraidon\n|-damage|p2a: Koraidon|89/100\n|-damage|p2b: Clefairy|70/100\n|move|p2a: Koraidon|Flame Charge|p1a: Kyogre\n|-crit|p1a: Kyogre\n|-damage|p1a: Kyogre|38/100\n|-boost|p2a: Koraidon|spe|1\n|move|p1b: Hitmontop|Close Combat|p2a: Koraidon\n|-crit|p2a: Koraidon\n|-damage|p2a: Koraidon|54/100\n|-unboost|p1b: Hitmontop|def|1\n|-unboost|p1b: Hitmontop|spd|1\n|move|p2b: Clefairy|Life Dew|p2b: Clefairy|[spread] p2a,p2b\n|-heal|p2a: Koraidon|79/100\n|-heal|p2b: Clefairy|95/100\n|\n|-weather|SunnyDay|[upkeep]\n|-heal|p1a: Kyogre|43/100|[from] Grassy Terrain\n|-heal|p2a: Koraidon|85/100|[from] Grassy Terrain\n|-heal|p2b: Clefairy|100/100|[from] Grassy Terrain\n|-sideend|p1: xJafanx|move: Tailwind\n|upkeep\n|turn|5\n|-message|xJafanx forfeited.\n|\n|win|ryo8989\n|raw|xJafanx's rating: 1286 &rarr; <strong>1267</strong><br />(-19 for losing)\n|raw|ryo8989's rating: 1369 &rarr; <strong>1384</strong><br />(+15 for winning)\n|l|\u2606xJafanx\n|player|p1|\n|l|\u2606ryo8989\n|player|p2|\n","uploadtime":1772804890,"views":10,"formatid":"gen9vgc2026regi","rating":1267,"private":0,"password":null}