{"id":"gen9vgc2026regi-2565094443","format":"[Gen 9] VGC 2026 Reg I","players":["etaniol1024","BlackBookVGC"],"log":"|j|\u2606etaniol1024\n|j|\u2606BlackBookVGC\n|t:|1774228702\n|gametype|doubles\n|player|p1|etaniol1024|102|1461\n|player|p2|BlackBookVGC|lyra|1490\n|gen|9\n|tier|[Gen 9] VGC 2026 Reg I\n|rated|\n|rule|Species Clause: Limit one of each Pok\u00e9mon\n|rule|Item Clause: Limit 1 of each item\n|clearpoke\n|poke|p1|Terapagos, L50, M|\n|poke|p1|Lunala, L50|\n|poke|p1|Smeargle, L50, M|\n|poke|p1|Rillaboom, L50, M|\n|poke|p1|Ditto, L50|\n|poke|p1|Charjabug, L50, F|\n|poke|p2|Lunala, L50|\n|poke|p2|Incineroar, L50, M|\n|poke|p2|Whimsicott, L50, F|\n|poke|p2|Urshifu-*, L50, F|\n|poke|p2|Miraidon, L50|\n|poke|p2|Ursaluna, L50, F|\n|teampreview|4\n|\n|t:|1774228729\n|teamsize|p1|4\n|teamsize|p2|4\n|start\n|switch|p1a: Smeargle|Smeargle, L50, M|100/100\n|switch|p1b: Terapagos|Terapagos, L50, M|100/100\n|switch|p2a: Whimsicott|Whimsicott, L50, F, shiny|100/100\n|switch|p2b: Urshifu|Urshifu-Rapid-Strike, L50, F|100/100\n|-activate|p1b: Terapagos|ability: Tera Shift\n|detailschange|p1b: Terapagos|Terapagos-Terastal, L50, M\n|-heal|p1b: Terapagos|100/100|[silent]\n|turn|1\n|inactive|Battle timer is ON: inactive players will automatically lose when time's up. (requested by etaniol1024)\n|\n|t:|1774228764\n|-terastallize|p2b: Urshifu|Ghost\n|move|p1a: Smeargle|Fake Out|p2b: Urshifu\n|-immune|p2b: Urshifu\n|move|p2a: Whimsicott|Tailwind|p2a: Whimsicott\n|-sidestart|p2: BlackBookVGC|move: Tailwind\n|move|p2b: Urshifu|Surging Strikes|p1a: Smeargle\n|-crit|p1a: Smeargle\n|-damage|p1a: Smeargle|21/100\n|-crit|p1a: Smeargle\n|-damage|p1a: Smeargle|0 fnt\n|faint|p1a: Smeargle\n|-hitcount|p1: Smeargle|2\n|move|p1b: Terapagos|Tera Starstorm|p2b: Urshifu\n|-immune|p2b: Urshifu\n|\n|upkeep\n|\n|t:|1774228783\n|switch|p1a: Lunala|Lunala, L50|100/100\n|turn|2\n|inactive|BlackBookVGC has 30 seconds left.\n|\n|t:|1774228815\n|switch|p1b: Ditto|Ditto, L50|100/100\n|-transform|p1b: Ditto|p2a: Whimsicott|[from] ability: Imposter\n|move|p2a: Whimsicott|Fake Tears|p1b: Ditto\n|-unboost|p1b: Ditto|spd|2\n|move|p2b: Urshifu|Surging Strikes|p1b: Ditto\n|-resisted|p1b: Ditto\n|-crit|p1b: Ditto\n|-damage|p1b: Ditto|84/100\n|-resisted|p1b: Ditto\n|-crit|p1b: Ditto\n|-damage|p1b: Ditto|68/100\n|-resisted|p1b: Ditto\n|-crit|p1b: Ditto\n|-damage|p1b: Ditto|50/100\n|-hitcount|p1b: Ditto|3\n|move|p1a: Lunala|Meteor Beam||[still]\n|-prepare|p1a: Lunala|Meteor Beam\n|-boost|p1a: Lunala|spa|1\n|-enditem|p1a: Lunala|Power Herb\n|-anim|p1a: Lunala|Meteor Beam|p2b: Urshifu|[miss]\n|-miss|p1a: Lunala|p2b: Urshifu\n|\n|upkeep\n|turn|3\n|inactive|etaniol1024 has 30 seconds left.\n|inactive|etaniol1024 has 20 seconds left.\n|\n|t:|1774228855\n|move|p2a: Whimsicott|Encore|p1a: Lunala\n|-start|p1a: Lunala|Encore\n|move|p1b: Ditto|Tailwind|p1b: Ditto\n|-sidestart|p1: etaniol1024|move: Tailwind\n|move|p1a: Lunala|Meteor Beam||[still]\n|-prepare|p1a: Lunala|Meteor Beam\n|-boost|p1a: Lunala|spa|1\n|move|p2b: Urshifu|Surging Strikes|p1a: Lunala\n|-crit|p1a: Lunala\n|-damage|p1a: Lunala|85/100\n|-crit|p1a: Lunala\n|-damage|p1a: Lunala|58/100\n|-crit|p1a: Lunala\n|-damage|p1a: Lunala|32/100\n|-hitcount|p1a: Lunala|3\n|\n|upkeep\n|turn|4\n|inactive|BlackBookVGC has 30 seconds left.\n|\n|t:|1774228888\n|switch|p1b: Terapagos|Terapagos-Terastal, L50, M|100/100\n|move|p2a: Whimsicott|Moonblast|p1b: Terapagos\n|-activate|p1b: Terapagos|ability: Tera Shell\n|-resisted|p1b: Terapagos\n|-damage|p1b: Terapagos|88/100\n|move|p1a: Lunala|Meteor Beam|p2b: Urshifu|[from] lockedmove\n|-damage|p2b: Urshifu|0 fnt\n|faint|p2b: Urshifu\n|\n|-sideend|p2: BlackBookVGC|move: Tailwind\n|upkeep\n|\n|t:|1774228901\n|switch|p2b: Miraidon|Miraidon, L50, shiny|100/100\n|-fieldstart|move: Electric Terrain|[from] ability: Hadron Engine|[of] p2b: Miraidon\n|turn|5\n|\n|t:|1774228917\n|switch|p1a: Ditto|Ditto, L50|50/100\n|-transform|p1a: Ditto|p2b: Miraidon|[from] ability: Imposter\n|-activate|p1a: Ditto|ability: Hadron Engine\n|-terastallize|p1b: Terapagos|Stellar\n|detailschange|p1b: Terapagos|Terapagos-Stellar, L50, M, tera:Stellar\n|-heal|p1b: Terapagos|91/100|[silent]\n|-ability|p1b: Terapagos|Teraform Zero\n|-fieldend|move: Electric Terrain\n|move|p2a: Whimsicott|Tailwind|p2a: Whimsicott\n|-sidestart|p2: BlackBookVGC|move: Tailwind\n|move|p2b: Miraidon|Volt Switch|p1a: Ditto\n|-resisted|p1a: Ditto\n|-damage|p1a: Ditto|36/100\n|\n|t:|1774228932\n|switch|p2b: Lunala|Lunala, L50, shiny|100/100|[from] Volt Switch\n|move|p1b: Terapagos|Tera Starstorm|p2a: Whimsicott|[spread] p2a,p2b\n|-damage|p2a: Whimsicott|27/100\n|-damage|p2b: Lunala|81/100\n|\n|upkeep\n|turn|6\n|\n|t:|1774228951\n|switch|p1a: Lunala|Lunala, L50|32/100\n|move|p2a: Whimsicott|Fake Tears|p1b: Terapagos\n|-unboost|p1b: Terapagos|spd|2\n|move|p1b: Terapagos|Tera Starstorm|p2b: Lunala|[spread] p2a,p2b\n|-damage|p2a: Whimsicott|0 fnt\n|-damage|p2b: Lunala|41/100\n|faint|p2a: Whimsicott\n|move|p2b: Lunala|Moonblast|p1a: Lunala\n|-damage|p1a: Lunala|10/100\n|-unboost|p1a: Lunala|spa|1\n|\n|-sideend|p1: etaniol1024|move: Tailwind\n|upkeep\n|\n|t:|1774228958\n|switch|p2a: Miraidon|Miraidon, L50, shiny|100/100\n|-fieldstart|move: Electric Terrain|[from] ability: Hadron Engine|[of] p2a: Miraidon\n|-enditem|p2b: Lunala|Electric Seed\n|-boost|p2b: Lunala|def|1|[from] item: Electric Seed\n|turn|7\n|\n|t:|1774228971\n|move|p1a: Lunala|Wide Guard|p1a: Lunala\n|-singleturn|p1a: Lunala|Wide Guard\n|move|p2a: Miraidon|Electro Drift|p1b: Terapagos\n|-damage|p1b: Terapagos|0 fnt\n|faint|p1b: Terapagos\n|detailschange|p1: Terapagos|Terapagos, L50, M|[silent]\n|move|p2b: Lunala|Moonblast|p1a: Lunala\n|-damage|p1a: Lunala|0 fnt\n|faint|p1a: Lunala\n|\n|upkeep\n|\n|t:|1774228978\n|switch|p1b: Ditto|Ditto, L50|36/100\n|-transform|p1b: Ditto|p2a: Miraidon|[from] ability: Imposter\n|-activate|p1b: Ditto|ability: Hadron Engine\n|turn|8\n|\n|t:|1774228986\n|move|p2a: Miraidon|Electro Drift|p1b: Ditto\n|-resisted|p1b: Ditto\n|-damage|p1b: Ditto|0 fnt\n|faint|p1b: Ditto\n|\n|win|BlackBookVGC\n|raw|etaniol1024's rating: 1461 &rarr; <strong>1443</strong><br />(-18 for losing)\n|raw|BlackBookVGC's rating: 1490 &rarr; <strong>1508</strong><br />(+18 for winning)\n|l|\u2606etaniol1024\n|player|p1|\n|l|\u2606BlackBookVGC\n|player|p2|\n","uploadtime":1774229240,"views":12,"formatid":"gen9vgc2026regi","rating":1443,"private":0,"password":null}