{"id":"gen9vgc2026regi-2538580597","format":"[Gen 9] VGC 2026 Reg I","players":["Amofemboys123","eye-zitt"],"log":"|j|\u2606Amofemboys123\n|j|\u2606eye-zitt\n|t:|1770943059\n|gametype|doubles\n|player|p1|Amofemboys123|jasmine|1106\n|player|p2|eye-zitt|hilbert|1187\n|gen|9\n|tier|[Gen 9] VGC 2026 Reg I\n|rated|\n|rule|Species Clause: Limit one of each Pok\u00e9mon\n|rule|Item Clause: Limit 1 of each item\n|clearpoke\n|poke|p1|Empoleon, L50, M|\n|poke|p1|Pelipper, L50, M|\n|poke|p1|Archaludon, L50, F|\n|poke|p1|Iron Jugulis, L50|\n|poke|p1|Zacian-*, L50|\n|poke|p1|Haxorus, L50, M|\n|poke|p2|Terapagos, L50, M|\n|poke|p2|Calyrex-Shadow, L50|\n|poke|p2|Rillaboom, L50, M|\n|poke|p2|Incineroar, L50, M|\n|poke|p2|Amoonguss, L50, M|\n|poke|p2|Ogerpon-Cornerstone, L50, F|\n|teampreview|4\n|inactive|Battle timer is ON: inactive players will automatically lose when time's up. (requested by eye-zitt)\n|inactive|Amofemboys123 also wants the timer to be on.\n|\n|t:|1770943086\n|teamsize|p1|4\n|teamsize|p2|4\n|start\n|switch|p1a: Empoleon|Empoleon, L50, M|100/100\n|switch|p1b: Pelipper|Pelipper, L50, M|100/100\n|switch|p2a: Terapagos|Terapagos, L50, M|100/100\n|switch|p2b: Rillaboom|Rillaboom, L50, M|100/100\n|-activate|p2a: Terapagos|ability: Tera Shift\n|detailschange|p2a: Terapagos|Terapagos-Terastal, L50, M\n|-heal|p2a: Terapagos|100/100|[silent]\n|-fieldstart|move: Grassy Terrain|[from] ability: Grassy Surge|[of] p2b: Rillaboom\n|-weather|RainDance|[from] ability: Drizzle|[of] p1b: Pelipper\n|turn|1\n|\n|t:|1770943109\n|move|p2b: Rillaboom|Fake Out|p1b: Pelipper\n|-damage|p1b: Pelipper|86/100\n|move|p2a: Terapagos|Calm Mind|p2a: Terapagos\n|-boost|p2a: Terapagos|spa|1\n|-boost|p2a: Terapagos|spd|1\n|cant|p1b: Pelipper|flinch\n|move|p1a: Empoleon|Ice Beam|p2b: Rillaboom\n|-supereffective|p2b: Rillaboom\n|-damage|p2b: Rillaboom|41/100\n|\n|-weather|RainDance|[upkeep]\n|-heal|p2b: Rillaboom|47/100|[from] Grassy Terrain\n|upkeep\n|turn|2\n|\n|t:|1770943126\n|move|p2b: Rillaboom|Grassy Glide|p1b: Pelipper\n|-damage|p1b: Pelipper|50/100\n|move|p2a: Terapagos|Calm Mind|p2a: Terapagos\n|-boost|p2a: Terapagos|spa|1\n|-boost|p2a: Terapagos|spd|1\n|move|p1b: Pelipper|Tailwind|p1b: Pelipper\n|-sidestart|p1: Amofemboys123|move: Tailwind\n|move|p1a: Empoleon|Ice Beam|p2b: Rillaboom\n|-supereffective|p2b: Rillaboom\n|-crit|p2b: Rillaboom\n|-damage|p2b: Rillaboom|0 fnt\n|faint|p2b: Rillaboom\n|\n|-weather|RainDance|[upkeep]\n|upkeep\n|\n|t:|1770943133\n|switch|p2b: Calyrex|Calyrex-Shadow, L50|100/100\n|-ability|p2b: Calyrex|As One\n|-ability|p2b: Calyrex|Unnerve\n|turn|3\n|\n|t:|1770943152\n|switch|p1a: Zacian|Zacian-Crowned, L50|100/100\n|-ability|p1a: Zacian|Intrepid Sword|boost\n|-boost|p1a: Zacian|atk|1\n|move|p2b: Calyrex|Protect|p2b: Calyrex\n|-singleturn|p2b: Calyrex|Protect\n|move|p1b: Pelipper|U-turn|p2b: Calyrex\n|-activate|p2b: Calyrex|move: Protect\n|move|p2a: Terapagos|Earth Power|p1a: Zacian\n|-supereffective|p1a: Zacian\n|-damage|p1a: Zacian|0 fnt\n|faint|p1a: Zacian\n|\n|-weather|RainDance|[upkeep]\n|upkeep\n|\n|t:|1770943168\n|switch|p1a: Haxorus|Haxorus, L50, M|100/100\n|-ability|p1a: Haxorus|Mold Breaker\n|turn|4\n|\n|t:|1770943184\n|switch|p2b: Ogerpon|Ogerpon-Cornerstone, L50, F|100/100\n|move|p1a: Haxorus|Shadow Claw|p2b: Ogerpon\n|-crit|p2b: Ogerpon\n|-damage|p2b: Ogerpon|47/100\n|move|p1b: Pelipper|U-turn|p2a: Terapagos\n|-activate|p2a: Terapagos|ability: Tera Shell\n|-resisted|p2a: Terapagos\n|-damage|p2a: Terapagos|97/100\n|\n|t:|1770943193\n|switch|p1b: Empoleon|Empoleon, L50, M|100/100|[from] U-turn\n|move|p2a: Terapagos|Tera Starstorm|p1b: Empoleon\n|-resisted|p1b: Empoleon\n|-damage|p1b: Empoleon|40/100\n|\n|-weather|RainDance|[upkeep]\n|-heal|p2b: Ogerpon|52/100|[from] Grassy Terrain\n|-heal|p1b: Empoleon|46/100|[from] Grassy Terrain\n|-heal|p2a: Terapagos|100/100|[from] Grassy Terrain\n|upkeep\n|turn|5\n|\n|t:|1770943211\n|move|p1a: Haxorus|Dragon Dance|p1a: Haxorus\n|-boost|p1a: Haxorus|atk|1\n|-boost|p1a: Haxorus|spe|1\n|move|p2b: Ogerpon|Ivy Cudgel|p1a: Haxorus|[anim] Ivy Cudgel Rock\n|-crit|p1a: Haxorus\n|-damage|p1a: Haxorus|0 fnt\n|faint|p1a: Haxorus\n|move|p1b: Empoleon|Hydro Cannon|p2a: Terapagos\n|-activate|p2a: Terapagos|ability: Tera Shell\n|-resisted|p2a: Terapagos\n|-damage|p2a: Terapagos|65/100\n|-mustrecharge|p1b: Empoleon\n|move|p2a: Terapagos|Tera Starstorm|p1b: Empoleon\n|-resisted|p1b: Empoleon\n|-damage|p1b: Empoleon|0 fnt\n|faint|p1b: Empoleon\n|\n|-weather|RainDance|[upkeep]\n|-heal|p2b: Ogerpon|58/100|[from] Grassy Terrain\n|-heal|p2a: Terapagos|71/100|[from] Grassy Terrain\n|-heal|p2a: Terapagos|77/100|[from] item: Leftovers\n|-sideend|p1: Amofemboys123|move: Tailwind\n|-fieldend|move: Grassy Terrain\n|upkeep\n|-message|Amofemboys123 forfeited.\n|\n|win|eye-zitt\n|raw|Amofemboys123's rating: 1106 &rarr; <strong>1087</strong><br />(-19 for losing)\n|raw|eye-zitt's rating: 1187 &rarr; <strong>1206</strong><br />(+19 for winning)\n|l|\u2606Amofemboys123\n|player|p1|\n","uploadtime":1770943227,"views":25,"formatid":"gen9vgc2026regi","rating":1087,"private":0,"password":null}