{"id":"gen9vgc2026regi-2558559265","format":"[Gen 9] VGC 2026 Reg I","players":["D4RKEVA","thathorsetho"],"log":"|j|\u2606D4RKEVA\n|j|\u2606thathorsetho\n|t:|1773447477\n|gametype|doubles\n|player|p1|D4RKEVA|266|1131\n|player|p2|thathorsetho|youngcouple-gen4dp|1192\n|gen|9\n|tier|[Gen 9] VGC 2026 Reg I\n|rated|\n|rule|Species Clause: Limit one of each Pok\u00e9mon\n|rule|Item Clause: Limit 1 of each item\n|clearpoke\n|poke|p1|Raging Bolt, L50|\n|poke|p1|Chien-Pao, L50|\n|poke|p1|Calyrex-Shadow, L50|\n|poke|p1|Rillaboom, L50, M|\n|poke|p1|Amoonguss, L50, F|\n|poke|p1|Zamazenta-*, L50|\n|poke|p2|Miraidon, L50|\n|poke|p2|Calyrex-Ice, L50|\n|poke|p2|Incineroar, L50, M|\n|poke|p2|Landorus, L50, M|\n|poke|p2|Urshifu-*, L50, F|\n|poke|p2|Grimmsnarl, L50, M|\n|teampreview|4\n|inactive|Battle timer is ON: inactive players will automatically lose when time's up. (requested by D4RKEVA)\n|l|\u2606D4RKEVA\n|inactive|D4RKEVA disconnected and has a minute to reconnect!\n|player|p1|\n|inactive|thathorsetho has 60 seconds left.\n|j|\u2606D4RKEVA\n|inactive|D4RKEVA reconnected and has 60 seconds left.\n|player|p1|D4RKEVA|266|\n|\n|t:|1773447545\n|teamsize|p1|4\n|teamsize|p2|4\n|start\n|switch|p1a: Rillaboom|Rillaboom, L50, M|100/100\n|switch|p1b: Amoonguss|Amoonguss, L50, F|100/100\n|switch|p2a: Calyrex|Calyrex-Ice, L50|100/100\n|switch|p2b: Grimmsnarl|Grimmsnarl, L50, M|100/100\n|-ability|p2a: Calyrex|As One\n|-ability|p2a: Calyrex|Unnerve\n|-fieldstart|move: Grassy Terrain|[from] ability: Grassy Surge|[of] p1a: Rillaboom\n|turn|1\n|inactive|thathorsetho has 30 seconds left.\n|\n|t:|1773447573\n|switch|p2b: Miraidon|Miraidon, L50, shiny|100/100\n|-fieldstart|move: Electric Terrain|[from] ability: Hadron Engine|[of] p2b: Miraidon\n|move|p1a: Rillaboom|Fake Out|p2a: Calyrex\n|-damage|p2a: Calyrex|91/100\n|cant|p2a: Calyrex|flinch\n|move|p1b: Amoonguss|Spore|p2a: Calyrex\n|-activate|p2a: Calyrex|move: Electric Terrain\n|\n|-heal|p2a: Calyrex|97/100|[from] item: Leftovers\n|upkeep\n|turn|2\n|inactive|thathorsetho has 30 seconds left.\n|\n|t:|1773447602\n|switch|p1a: Zamazenta|Zamazenta-Crowned, L50|100/100\n|-ability|p1a: Zamazenta|Dauntless Shield|boost\n|-boost|p1a: Zamazenta|def|1\n|move|p1b: Amoonguss|Rage Powder|p1b: Amoonguss\n|-singleturn|p1b: Amoonguss|move: Rage Powder\n|move|p2b: Miraidon|Volt Switch|p1b: Amoonguss\n|-resisted|p1b: Amoonguss\n|-damage|p1b: Amoonguss|54/100\n|\n|t:|1773447613\n|switch|p2b: Grimmsnarl|Grimmsnarl, L50, M|100/100|[from] Volt Switch\n|move|p2a: Calyrex|Glacial Lance|p1a: Zamazenta|[spread] p1a,p1b\n|-resisted|p1a: Zamazenta\n|-supereffective|p1b: Amoonguss\n|-damage|p1a: Zamazenta|91/100\n|-damage|p1b: Amoonguss|0 fnt\n|faint|p1b: Amoonguss\n|-ability|p2a: Calyrex|Chilling Neigh|boost\n|-boost|p2a: Calyrex|atk|1\n|\n|-heal|p2a: Calyrex|100/100|[from] item: Leftovers\n|upkeep\n|\n|t:|1773447618\n|switch|p1b: Rillaboom|Rillaboom, L50, M|100/100\n|-fieldstart|move: Grassy Terrain|[from] ability: Grassy Surge|[of] p1b: Rillaboom\n|turn|3\n|\n|t:|1773447634\n|move|p2b: Grimmsnarl|Reflect|p2b: Grimmsnarl\n|-sidestart|p2: thathorsetho|Reflect\n|move|p1a: Zamazenta|Body Press|p2a: Calyrex\n|-damage|p2a: Calyrex|74/100\n|move|p1b: Rillaboom|U-turn|p2b: Grimmsnarl\n|-damage|p2b: Grimmsnarl|83/100\n|\n|t:|1773447639\n|switch|p1b: Calyrex|Calyrex-Shadow, L50|100/100|[from] U-turn\n|-ability|p1b: Calyrex|As One\n|-ability|p1b: Calyrex|Unnerve\n|move|p2a: Calyrex|Leech Seed|p1a: Zamazenta\n|-start|p1a: Zamazenta|move: Leech Seed\n|\n|-heal|p1a: Zamazenta|97/100|[from] Grassy Terrain\n|-heal|p2b: Grimmsnarl|89/100|[from] Grassy Terrain\n|-heal|p2a: Calyrex|80/100|[from] Grassy Terrain\n|-heal|p2a: Calyrex|86/100|[from] item: Leftovers\n|-damage|p1a: Zamazenta|85/100|[from] Leech Seed|[of] p2a: Calyrex\n|-heal|p2a: Calyrex|97/100|[silent]\n|upkeep\n|turn|4\n|l|\u2606D4RKEVA\n|inactive|D4RKEVA disconnected and has a minute to reconnect!\n|player|p1|\n|j|\u2606D4RKEVA\n|inactive|D4RKEVA reconnected and has 35 seconds left.\n|player|p1|D4RKEVA|266|\n|inactive|D4RKEVA has 30 seconds left.\n|\n|t:|1773447668\n|-terastallize|p2a: Calyrex|Water\n|move|p2b: Grimmsnarl|Light Screen|p2b: Grimmsnarl\n|-sidestart|p2: thathorsetho|move: Light Screen\n|move|p1b: Calyrex|Astral Barrage|p2a: Calyrex|[spread] p2a,p2b\n|-resisted|p2b: Grimmsnarl\n|-damage|p2a: Calyrex|74/100\n|-damage|p2b: Grimmsnarl|71/100\n|move|p1a: Zamazenta|Behemoth Bash|p2b: Grimmsnarl\n|-supereffective|p2b: Grimmsnarl\n|-damage|p2b: Grimmsnarl|15/100\n|move|p2a: Calyrex|Trick Room|p2a: Calyrex\n|-fieldstart|move: Trick Room|[of] p2a: Calyrex\n|\n|-heal|p2a: Calyrex|80/100|[from] Grassy Terrain\n|-heal|p2a: Calyrex|86/100|[from] item: Leftovers\n|-heal|p2b: Grimmsnarl|21/100|[from] Grassy Terrain\n|-heal|p1a: Zamazenta|91/100|[from] Grassy Terrain\n|-damage|p1a: Zamazenta|79/100|[from] Leech Seed|[of] p2a: Calyrex\n|-heal|p2a: Calyrex|97/100|[silent]\n|upkeep\n|turn|5\n|inactive|thathorsetho has 30 seconds left.\n|\n|t:|1773447700\n|move|p1a: Zamazenta|Wide Guard|p1a: Zamazenta\n|-singleturn|p1a: Zamazenta|Wide Guard\n|move|p2a: Calyrex|Leech Seed|p1b: Calyrex\n|-start|p1b: Calyrex|move: Leech Seed\n|move|p2b: Grimmsnarl|Spirit Break|p1b: Calyrex\n|-damage|p1b: Calyrex|60/100\n|-unboost|p1b: Calyrex|spa|1\n|move|p1b: Calyrex|Astral Barrage|p2a: Calyrex|[spread] p2a,p2b\n|-resisted|p2b: Grimmsnarl\n|-damage|p2a: Calyrex|81/100\n|-damage|p2b: Grimmsnarl|10/100\n|\n|-heal|p2a: Calyrex|86/100|[from] Grassy Terrain\n|-heal|p2a: Calyrex|92/100|[from] item: Leftovers\n|-heal|p2b: Grimmsnarl|16/100|[from] Grassy Terrain\n|-heal|p1a: Zamazenta|84/100|[from] Grassy Terrain\n|-heal|p1b: Calyrex|66/100|[from] Grassy Terrain\n|-damage|p1a: Zamazenta|72/100|[from] Leech Seed|[of] p2a: Calyrex\n|-heal|p2a: Calyrex|100/100|[silent]\n|-damage|p1b: Calyrex|53/100|[from] Leech Seed|[of] p2a: Calyrex\n|upkeep\n|turn|6\n|c|\u2606D4RKEVA|HURRY\n|c|\u2606D4RKEVA|OMFG\n|inactive|thathorsetho has 30 seconds left.\n|c|\u2606thathorsetho|cry harder\n|c|\u2606D4RKEVA|Im dcing every 20 sec\n|inactive|thathorsetho has 20 seconds left.\n|c|\u2606D4RKEVA|twice befpre you make a move\n|inactive|thathorsetho has 15 seconds left.\n|inactive|thathorsetho has 10 seconds left.\n|\n|t:|1773447746\n|switch|p1b: Rillaboom|Rillaboom, L50, M|100/100\n|move|p2a: Calyrex|Protect|p2a: Calyrex\n|-singleturn|p2a: Calyrex|Protect\n|move|p2b: Grimmsnarl|Spirit Break|p1b: Rillaboom\n|-damage|p1b: Rillaboom|69/100\n|-unboost|p1b: Rillaboom|spa|1\n|move|p1a: Zamazenta|Behemoth Bash|p2b: Grimmsnarl\n|-supereffective|p2b: Grimmsnarl\n|-damage|p2b: Grimmsnarl|0 fnt\n|faint|p2b: Grimmsnarl\n|\n|-heal|p1b: Rillaboom|74/100|[from] Grassy Terrain\n|-heal|p1a: Zamazenta|78/100|[from] Grassy Terrain\n|-damage|p1a: Zamazenta|66/100|[from] Leech Seed|[of] p2a: Calyrex\n|upkeep\n|c|\u2606D4RKEVA|Im gonna afk this out if I have to if you need this\n|\n|t:|1773447762\n|switch|p2b: Incineroar|Incineroar, L50, M|100/100\n|-ability|p2b: Incineroar|Intimidate|boost\n|-unboost|p1a: Zamazenta|atk|1\n|-unboost|p1b: Rillaboom|atk|1\n|turn|7\n|c|\u2606thathorsetho|im gonna think before i move\n|c|\u2606D4RKEVA|Cuz like immsuffering from showdown and my internet killing each other\n|c|\u2606thathorsetho|deal with it\n|inactive|D4RKEVA has 30 seconds left.\n|inactive|thathorsetho has 30 seconds left.\n|inactive|D4RKEVA has 20 seconds left.\n|\n|t:|1773447797\n|switch|p1a: Calyrex|Calyrex-Shadow, L50|53/100\n|-ability|p1a: Calyrex|As One\n|-ability|p1a: Calyrex|Unnerve\n|-terastallize|p1b: Rillaboom|Water\n|move|p2b: Incineroar|Fake Out|p1a: Calyrex\n|-immune|p1a: Calyrex\n|move|p2a: Calyrex|Glacial Lance|p1a: Calyrex|[spread] p1a,p1b\n|-resisted|p1b: Rillaboom\n|-damage|p1a: Calyrex|0 fnt\n|-damage|p1b: Rillaboom|33/100\n|faint|p1a: Calyrex\n|-ability|p2a: Calyrex|Chilling Neigh|boost\n|-boost|p2a: Calyrex|atk|1\n|move|p1b: Rillaboom|Wood Hammer|p2a: Calyrex\n|-supereffective|p2a: Calyrex\n|-crit|p2a: Calyrex\n|-damage|p2a: Calyrex|0 fnt\n|faint|p2a: Calyrex\n|-damage|p1b: Rillaboom|0 fnt|[from] Recoil\n|faint|p1b: Rillaboom\n|\n|-fieldend|move: Grassy Terrain\n|upkeep\n|\n|t:|1773447812\n|switch|p2a: Miraidon|Miraidon, L50, shiny|100/100\n|switch|p1b: Zamazenta|Zamazenta-Crowned, L50|66/100\n|-fieldstart|move: Electric Terrain|[from] ability: Hadron Engine|[of] p2a: Miraidon\n|turn|8\n|c|\u2606D4RKEVA|Mate we are in <1200 bo1. This is yolo area. Im trying Reg I for the first time ever\n|\n|t:|1773447829\n|move|p2b: Incineroar|Helping Hand|p2a: Miraidon\n|-singleturn|p2a: Miraidon|Helping Hand|[of] p2b: Incineroar\n|move|p1b: Zamazenta|Body Press|p2b: Incineroar\n|-supereffective|p2b: Incineroar\n|-damage|p2b: Incineroar|48/100\n|-damage|p1b: Zamazenta|50/100|[from] item: Rocky Helmet|[of] p2b: Incineroar\n|move|p2a: Miraidon|Electro Drift|p1b: Zamazenta\n|-damage|p1b: Zamazenta|0 fnt\n|faint|p1b: Zamazenta\n|\n|win|thathorsetho\n|raw|D4RKEVA's rating: 1131 &rarr; <strong>1110</strong><br />(-21 for losing)\n|raw|thathorsetho's rating: 1192 &rarr; <strong>1213</strong><br />(+21 for winning)\n|l|\u2606D4RKEVA\n|player|p1|\n|c|\u2606thathorsetho|good time to learn how not to tilt my guy\n","uploadtime":1773447863,"views":18,"formatid":"gen9vgc2026regi","rating":1110,"private":0,"password":null}