{"id":"gen9vgc2026regi-2578813670","format":"[Gen 9] VGC 2026 Reg I","players":["mewten000","migcthi"],"log":"|j|\u2606mewten000\n|j|\u2606migcthi\n|t:|1775722056\n|gametype|doubles\n|player|p1|mewten000|170|1358\n|player|p2|migcthi|101|1500\n|gen|9\n|tier|[Gen 9] VGC 2026 Reg I\n|rated|\n|rule|Species Clause: Limit one of each Pok\u00e9mon\n|rule|Item Clause: Limit 1 of each item\n|clearpoke\n|poke|p1|Lunala, L50|\n|poke|p1|Rillaboom, L50, M|\n|poke|p1|Incineroar, L50, M|\n|poke|p1|Koraidon, L50|\n|poke|p1|Flutter Mane, L50|\n|poke|p1|Iron Crown, L50|\n|poke|p2|Calyrex-Ice, L50|\n|poke|p2|Miraidon, L50|\n|poke|p2|Ursaluna, L50, F|\n|poke|p2|Volcarona, L50, M|\n|poke|p2|Grimmsnarl, L50, M|\n|poke|p2|Iron Hands, L50|\n|teampreview|4\n|inactive|Battle timer is ON: inactive players will automatically lose when time's up. (requested by migcthi)\n|\n|t:|1775722138\n|teamsize|p1|4\n|teamsize|p2|4\n|start\n|switch|p1a: Lunala|Lunala, L50|100/100\n|switch|p1b: Rillaboom|Rillaboom, L50, M|100/100\n|switch|p2a: Miraidon|Miraidon, L50|100/100\n|switch|p2b: Grimmsnarl|Grimmsnarl, L50, M|100/100\n|-fieldstart|move: Electric Terrain|[from] ability: Hadron Engine|[of] p2a: Miraidon\n|-fieldstart|move: Grassy Terrain|[from] ability: Grassy Surge|[of] p1b: Rillaboom\n|turn|1\n|\n|t:|1775722156\n|move|p1b: Rillaboom|Fake Out|p2a: Miraidon\n|-damage|p2a: Miraidon|89/100\n|cant|p2a: Miraidon|flinch\n|move|p1a: Lunala|Meteor Beam||[still]\n|-prepare|p1a: Lunala|Meteor Beam\n|-boost|p1a: Lunala|spa|1\n|-enditem|p1a: Lunala|Power Herb\n|-anim|p1a: Lunala|Meteor Beam|p2b: Grimmsnarl\n|-damage|p2b: Grimmsnarl|36/100\n|move|p2b: Grimmsnarl|Spirit Break|p1a: Lunala\n|-damage|p1a: Lunala|88/100\n|-unboost|p1a: Lunala|spa|1\n|\n|-heal|p2a: Miraidon|95/100|[from] Grassy Terrain\n|-heal|p1a: Lunala|94/100|[from] Grassy Terrain\n|-heal|p2b: Grimmsnarl|42/100|[from] Grassy Terrain\n|upkeep\n|turn|2\n|\n|t:|1775722175\n|move|p2b: Grimmsnarl|Light Screen|p2b: Grimmsnarl\n|-sidestart|p2: migcthi|move: Light Screen\n|move|p2a: Miraidon|Volt Switch|p1a: Lunala\n|-crit|p1a: Lunala\n|-damage|p1a: Lunala|39/100\n|\n|t:|1775722185\n|switch|p2a: Ursaluna|Ursaluna, L50, F|100/100|[from] Volt Switch\n|move|p1a: Lunala|Moonblast|p2b: Grimmsnarl\n|-supereffective|p2b: Grimmsnarl\n|-damage|p2b: Grimmsnarl|0 fnt\n|faint|p2b: Grimmsnarl\n|move|p1b: Rillaboom|Wood Hammer|p2a: Ursaluna\n|-supereffective|p2a: Ursaluna\n|-damage|p2a: Ursaluna|0 fnt\n|faint|p2a: Ursaluna\n|-damage|p1b: Rillaboom|66/100|[from] Recoil\n|\n|-heal|p1a: Lunala|45/100|[from] Grassy Terrain\n|-heal|p1b: Rillaboom|72/100|[from] Grassy Terrain\n|upkeep\n|\n|t:|1775722193\n|switch|p2a: Calyrex|Calyrex-Ice, L50|100/100\n|switch|p2b: Miraidon|Miraidon, L50|95/100\n|-ability|p2a: Calyrex|As One\n|-ability|p2a: Calyrex|Unnerve\n|-fieldstart|move: Electric Terrain|[from] ability: Hadron Engine|[of] p2b: Miraidon\n|turn|3\n|\n|t:|1775722207\n|switch|p1b: Incineroar|Incineroar, L50, M|100/100\n|-ability|p1b: Incineroar|Intimidate|boost\n|-unboost|p2a: Calyrex|atk|1\n|-unboost|p2b: Miraidon|atk|1\n|-terastallize|p2b: Miraidon|Fairy\n|move|p2b: Miraidon|Dazzling Gleam|p1a: Lunala|[spread] p1a,p1b\n|-damage|p1a: Lunala|0 fnt\n|-damage|p1b: Incineroar|50/100\n|faint|p1a: Lunala\n|move|p2a: Calyrex|Glacial Lance|p1b: Incineroar\n|-resisted|p1b: Incineroar\n|-damage|p1b: Incineroar|28/100\n|\n|upkeep\n|\n|t:|1775722218\n|switch|p1a: Rillaboom|Rillaboom, L50, M|72/100\n|-fieldstart|move: Grassy Terrain|[from] ability: Grassy Surge|[of] p1a: Rillaboom\n|turn|4\n|\n|t:|1775722228\n|-terastallize|p1a: Rillaboom|Fire\n|move|p2b: Miraidon|Dazzling Gleam|p1a: Rillaboom|[spread] p1a,p1b\n|-resisted|p1a: Rillaboom\n|-damage|p1a: Rillaboom|55/100\n|-damage|p1b: Incineroar|0 fnt\n|faint|p1b: Incineroar\n|move|p1a: Rillaboom|Wood Hammer|p2b: Miraidon\n|-damage|p2b: Miraidon|24/100\n|-damage|p1a: Rillaboom|31/100|[from] Recoil\n|move|p2a: Calyrex|Glacial Lance|p1a: Rillaboom\n|-resisted|p1a: Rillaboom\n|-damage|p1a: Rillaboom|10/100\n|\n|-heal|p2b: Miraidon|30/100|[from] Grassy Terrain\n|-heal|p1a: Rillaboom|16/100|[from] Grassy Terrain\n|upkeep\n|\n|t:|1775722242\n|switch|p1b: Koraidon|Koraidon, L50|100/100\n|-weather|SunnyDay|[from] ability: Orichalcum Pulse|[of] p1b: Koraidon\n|-activate|p1b: Koraidon|Orichalcum Pulse|[source]\n|turn|5\n|\n|t:|1775722249\n|move|p1a: Rillaboom|Grassy Glide|p2b: Miraidon\n|-damage|p2b: Miraidon|1/100\n|move|p1b: Koraidon|Flare Blitz|p2a: Calyrex\n|-supereffective|p2a: Calyrex\n|-damage|p2a: Calyrex|0 fnt\n|faint|p2a: Calyrex\n|-damage|p1b: Koraidon|62/100|[from] Recoil\n|move|p2b: Miraidon|Dazzling Gleam|p1b: Koraidon|[spread] p1a,p1b\n|-resisted|p1a: Rillaboom\n|-supereffective|p1b: Koraidon\n|-crit|p1b: Koraidon\n|-damage|p1a: Rillaboom|0 fnt\n|-damage|p1b: Koraidon|0 fnt\n|faint|p1a: Rillaboom\n|faint|p1b: Koraidon\n|\n|win|migcthi\n|raw|mewten000's rating: 1358 &rarr; <strong>1346</strong><br />(-12 for losing)\n|raw|migcthi's rating: 1500 &rarr; <strong>1512</strong><br />(+12 for winning)\n|l|\u2606mewten000\n|player|p1|\n","uploadtime":1775722257,"views":11,"formatid":"gen9vgc2026regi","rating":1346,"private":0,"password":null}