{"id":"gen9vgc2026regi-2555715345","format":"[Gen 9] VGC 2026 Reg I","players":["Schimmli","i\u2764\u5a1c\u7984forever"],"log":"|j|\u2606Schimmli\n|j|\u2606i\u2764\u5a1c\u7984forever\n|t:|1773123830\n|gametype|doubles\n|player|p1|Schimmli|101|1465\n|player|p2|i\u2764\u5a1c\u7984forever|youngcouple-gen4dp|1396\n|gen|9\n|tier|[Gen 9] VGC 2026 Reg I\n|rated|\n|rule|Species Clause: Limit one of each Pok\u00e9mon\n|rule|Item Clause: Limit 1 of each item\n|clearpoke\n|poke|p1|Terapagos, L50, M|\n|poke|p1|Calyrex-Shadow, L50|\n|poke|p1|Flutter Mane, L50|\n|poke|p1|Ogerpon-Cornerstone, L50, F|\n|poke|p1|Incineroar, L50, M|\n|poke|p1|Rillaboom, L50, F|\n|poke|p2|Groudon, L50|\n|poke|p2|Kyurem-White, L50|\n|poke|p2|Heatran, L50, F|\n|poke|p2|Whimsicott, L50, M|\n|poke|p2|Roaring Moon, L50|\n|poke|p2|Ditto, L50|\n|teampreview|4\n|\n|t:|1773123889\n|teamsize|p1|4\n|teamsize|p2|4\n|start\n|switch|p1a: Terapagos|Terapagos, L50, M|100/100\n|switch|p1b: Incineroar|Incineroar, L50, M, shiny|100/100\n|switch|p2a: Kyurem|Kyurem-White, L50|100/100\n|switch|p2b: Whimsicott|Whimsicott, L50, M|100/100\n|-activate|p1a: Terapagos|ability: Tera Shift\n|detailschange|p1a: Terapagos|Terapagos-Terastal, L50, M\n|-heal|p1a: Terapagos|100/100|[silent]\n|-ability|p2a: Kyurem|Turboblaze\n|-ability|p1b: Incineroar|Intimidate|boost\n|-unboost|p2a: Kyurem|atk|1\n|-unboost|p2b: Whimsicott|atk|1\n|turn|1\n|\n|t:|1773123908\n|move|p2b: Whimsicott|Endeavor|p1a: Terapagos\n|-damage|p1a: Terapagos|63/100\n|move|p2a: Kyurem|Blizzard|p1a: Terapagos|[spread] p1a\n|-miss|p2a: Kyurem|p1b: Incineroar\n|-enditem|p2a: Kyurem|Blunder Policy\n|-boost|p2a: Kyurem|spe|2\n|-damage|p1a: Terapagos|17/100\n|move|p1a: Terapagos|Calm Mind|p1a: Terapagos\n|-boost|p1a: Terapagos|spa|1\n|-boost|p1a: Terapagos|spd|1\n|move|p1b: Incineroar|Knock Off|p2b: Whimsicott\n|-resisted|p2b: Whimsicott\n|-damage|p2b: Whimsicott|70/100\n|-enditem|p2b: Whimsicott|Focus Sash|[from] move: Knock Off|[of] p1b: Incineroar\n|\n|-heal|p1a: Terapagos|23/100|[from] item: Leftovers\n|upkeep\n|turn|2\n|\n|t:|1773123931\n|move|p1a: Terapagos|Protect|p1a: Terapagos\n|-singleturn|p1a: Terapagos|Protect\n|move|p2a: Kyurem|Blizzard|p1a: Terapagos|[spread] p1b\n|-activate|p1a: Terapagos|move: Protect\n|-resisted|p1b: Incineroar\n|-damage|p1b: Incineroar|73/100\n|move|p2b: Whimsicott|Endeavor|p1b: Incineroar\n|-damage|p1b: Incineroar|42/100\n|-damage|p2b: Whimsicott|54/100|[from] item: Rocky Helmet|[of] p1b: Incineroar\n|move|p1b: Incineroar|Parting Shot|p2a: Kyurem\n|-unboost|p2a: Kyurem|atk|1\n|-unboost|p2a: Kyurem|spa|1\n|\n|t:|1773123945\n|switch|p1b: Rillaboom|Rillaboom, L50, F|100/100|[from] Parting Shot\n|-fieldstart|move: Grassy Terrain|[from] ability: Grassy Surge|[of] p1b: Rillaboom\n|\n|-heal|p2b: Whimsicott|60/100|[from] Grassy Terrain\n|-heal|p1a: Terapagos|30/100|[from] Grassy Terrain\n|-heal|p1a: Terapagos|36/100|[from] item: Leftovers\n|upkeep\n|turn|3\n|\n|t:|1773123961\n|-terastallize|p1a: Terapagos|Stellar\n|detailschange|p1a: Terapagos|Terapagos-Stellar, L50, M, tera:Stellar\n|-heal|p1a: Terapagos|52/100|[silent]\n|-ability|p1a: Terapagos|Teraform Zero\n|-fieldend|move: Grassy Terrain\n|move|p1b: Rillaboom|Fake Out|p2b: Whimsicott\n|-damage|p2b: Whimsicott|38/100\n|cant|p2b: Whimsicott|flinch\n|move|p2a: Kyurem|Blizzard|p1a: Terapagos|[spread] p1a,p1b\n|-supereffective|p1b: Rillaboom\n|-damage|p1a: Terapagos|36/100\n|-damage|p1b: Rillaboom|51/100\n|move|p1a: Terapagos|Tera Starstorm|p2b: Whimsicott|[spread] p2a,p2b\n|-damage|p2a: Kyurem|63/100\n|-damage|p2b: Whimsicott|0 fnt\n|faint|p2b: Whimsicott\n|\n|-heal|p1a: Terapagos|42/100|[from] item: Leftovers\n|upkeep\n|\n|t:|1773123983\n|switch|p2b: Groudon|Groudon, L50|100/100\n|-weather|SunnyDay|[from] ability: Drought|[of] p2b: Groudon\n|turn|4\n|\n|t:|1773123992\n|switch|p1b: Incineroar|Incineroar, L50, M, shiny|42/100\n|-ability|p1b: Incineroar|Intimidate|boost\n|-unboost|p2a: Kyurem|atk|1\n|-unboost|p2b: Groudon|atk|1\n|move|p1a: Terapagos|Protect|p1a: Terapagos\n|-singleturn|p1a: Terapagos|Protect\n|move|p2a: Kyurem|Blizzard|p1b: Incineroar|[spread] p1b\n|-activate|p1a: Terapagos|move: Protect\n|-resisted|p1b: Incineroar\n|-damage|p1b: Incineroar|26/100\n|move|p2b: Groudon|Precipice Blades|p1b: Incineroar|[spread] \n|-activate|p1a: Terapagos|move: Protect\n|-miss|p2b: Groudon|p1b: Incineroar\n|\n|-weather|SunnyDay|[upkeep]\n|-heal|p1a: Terapagos|48/100|[from] item: Leftovers\n|upkeep\n|turn|5\n|\n|t:|1773124018\n|move|p1b: Incineroar|Fake Out|p2b: Groudon\n|-damage|p2b: Groudon|94/100\n|move|p2a: Kyurem|Fusion Flare|p1a: Terapagos\n|-damage|p1a: Terapagos|27/100\n|move|p1a: Terapagos|Tera Starstorm|p2a: Kyurem|[spread] p2a,p2b\n|-crit|p2b: Groudon\n|-damage|p2a: Kyurem|27/100\n|-damage|p2b: Groudon|53/100\n|cant|p2b: Groudon|flinch\n|\n|-weather|SunnyDay|[upkeep]\n|-heal|p1a: Terapagos|33/100|[from] item: Leftovers\n|upkeep\n|turn|6\n|\n|t:|1773124033\n|move|p1a: Terapagos|Protect|p1a: Terapagos\n|-singleturn|p1a: Terapagos|Protect\n|move|p2a: Kyurem|Blizzard|p1a: Terapagos|[spread] \n|-activate|p1a: Terapagos|move: Protect\n|-miss|p2a: Kyurem|p1b: Incineroar\n|move|p2b: Groudon|Precipice Blades|p1a: Terapagos|[spread] p1b\n|-activate|p1a: Terapagos|move: Protect\n|-supereffective|p1b: Incineroar\n|-damage|p1b: Incineroar|0 fnt\n|faint|p1b: Incineroar\n|\n|-weather|SunnyDay|[upkeep]\n|-heal|p1a: Terapagos|39/100|[from] item: Leftovers\n|upkeep\n|\n|t:|1773124047\n|switch|p1b: Rillaboom|Rillaboom, L50, F|51/100\n|-fieldstart|move: Grassy Terrain|[from] ability: Grassy Surge|[of] p1b: Rillaboom\n|turn|7\n|\n|t:|1773124066\n|move|p1b: Rillaboom|Fake Out|p2b: Groudon\n|-damage|p2b: Groudon|43/100\n|move|p2a: Kyurem|Blizzard|p1a: Terapagos|[spread] p1b\n|-miss|p2a: Kyurem|p1a: Terapagos\n|-supereffective|p1b: Rillaboom\n|-damage|p1b: Rillaboom|5/100\n|move|p1a: Terapagos|Tera Starstorm|p2b: Groudon|[spread] p2a,p2b\n|-damage|p2a: Kyurem|0 fnt\n|-damage|p2b: Groudon|15/100\n|faint|p2a: Kyurem\n|cant|p2b: Groudon|flinch\n|\n|-weather|SunnyDay|[upkeep]\n|-heal|p1a: Terapagos|46/100|[from] Grassy Terrain\n|-heal|p1a: Terapagos|52/100|[from] item: Leftovers\n|-heal|p2b: Groudon|21/100|[from] Grassy Terrain\n|-heal|p1b: Rillaboom|11/100|[from] Grassy Terrain\n|upkeep\n|\n|t:|1773124077\n|switch|p2a: Ditto|Ditto, L50|100/100\n|-transform|p2a: Ditto|p1b: Rillaboom|[from] ability: Imposter\n|turn|8\n|\n|t:|1773124088\n|move|p2a: Ditto|Fake Out|p1b: Rillaboom\n|-damage|p1b: Rillaboom|0 fnt\n|faint|p1b: Rillaboom\n|move|p1a: Terapagos|Tera Starstorm|p2b: Groudon|[spread] p2a,p2b\n|-damage|p2a: Ditto|41/100\n|-damage|p2b: Groudon|0 fnt\n|faint|p2b: Groudon\n|\n|-weather|none\n|-heal|p1a: Terapagos|58/100|[from] Grassy Terrain\n|-heal|p1a: Terapagos|64/100|[from] item: Leftovers\n|-heal|p2a: Ditto|47/100|[from] Grassy Terrain\n|upkeep\n|\n|t:|1773124099\n|switch|p1b: Calyrex|Calyrex-Shadow, L50|100/100\n|-ability|p1b: Calyrex|As One\n|-ability|p1b: Calyrex|Unnerve\n|turn|9\n|\n|t:|1773124112\n|move|p2a: Ditto|Grassy Glide|p1b: Calyrex\n|-damage|p1b: Calyrex|61/100\n|move|p1b: Calyrex|Astral Barrage|p2a: Ditto\n|-damage|p2a: Ditto|0 fnt\n|faint|p2a: Ditto\n|\n|win|Schimmli\n|raw|Schimmli's rating: 1465 &rarr; <strong>1481</strong><br />(+16 for winning)\n|raw|i\u2764\u5a1c\u7984forever's rating: 1396 &rarr; <strong>1380</strong><br />(-16 for losing)\n|l|\u2606i\u2764\u5a1c\u7984forever\n|player|p2|\n|l|\u2606Schimmli\n|player|p1|\n","uploadtime":1773124270,"views":14,"formatid":"gen9vgc2026regi","rating":1380,"private":0,"password":null}