{"id":"gen9vgc2026regi-2537358556","format":"[Gen 9] VGC 2026 Reg I","players":["pogego","TheManOfSausage"],"log":"|j|\u203dpogego\n|j|\u2606TheManOfSausage\n|t:|1770803740\n|gametype|doubles\n|player|p1|pogego|alder|1152\n|player|p2|TheManOfSausage|miku-water|1119\n|gen|9\n|tier|[Gen 9] VGC 2026 Reg I\n|rated|\n|rule|Species Clause: Limit one of each Pok\u00e9mon\n|rule|Item Clause: Limit 1 of each item\n|clearpoke\n|poke|p1|Leavanny, L50, F|\n|poke|p1|Groudon, L50|\n|poke|p1|Ho-Oh, L50|\n|poke|p1|Iron Valiant, L50|\n|poke|p1|Incineroar, L50, F|\n|poke|p1|Raichu-Alola, L50, F|\n|poke|p2|Calyrex-Shadow, L50|\n|poke|p2|Koraidon, L50|\n|poke|p2|Brute Bonnet, L50|\n|poke|p2|Incineroar, L50, M|\n|poke|p2|Landorus, L50, M|\n|poke|p2|Flutter Mane, L50|\n|teampreview|4\n|inactive|Battle timer is ON: inactive players will automatically lose when time's up. (requested by pogego)\n|inactive|pogego has 60 seconds left.\n|\n|t:|1770803785\n|teamsize|p1|4\n|teamsize|p2|4\n|start\n|switch|p1a: Leavanny|Leavanny, L50, F|100/100\n|switch|p1b: Groudon|Groudon, L50, shiny|100/100\n|switch|p2a: Flutter Mane|Flutter Mane, L50|100/100\n|switch|p2b: Koraidon|Koraidon, L50|100/100\n|-weather|SunnyDay|[from] ability: Orichalcum Pulse|[of] p2b: Koraidon\n|-activate|p2a: Flutter Mane|ability: Protosynthesis\n|-start|p2a: Flutter Mane|protosynthesisspe\n|-activate|p2b: Koraidon|Orichalcum Pulse|[source]\n|turn|1\n|\n|t:|1770803795\n|-terastallize|p1b: Groudon|Fire\n|move|p2b: Koraidon|Protect|p2b: Koraidon\n|-singleturn|p2b: Koraidon|Protect\n|move|p1a: Leavanny|Entrainment|p1b: Groudon\n|-ability|p1b: Groudon|Chlorophyll|Drought|[from] move: Entrainment|[of] p1a: Leavanny\n|move|p2a: Flutter Mane|Icy Wind|p1b: Groudon|[spread] p1a,p1b\n|-supereffective|p1a: Leavanny\n|-resisted|p1b: Groudon\n|-damage|p1a: Leavanny|55/100\n|-damage|p1b: Groudon|93/100\n|-unboost|p1b: Groudon|spe|1\n|move|p1b: Groudon|Precipice Blades|p2b: Koraidon|[spread] p2a\n|-activate|p2b: Koraidon|move: Protect\n|-enditem|p2a: Flutter Mane|Focus Sash\n|-damage|p2a: Flutter Mane|1/100\n|\n|-weather|SunnyDay|[upkeep]\n|upkeep\n|turn|2\n|\n|t:|1770803819\n|switch|p1b: Iron Valiant|Iron Valiant, L50|100/100\n|-enditem|p1b: Iron Valiant|Booster Energy\n|-activate|p1b: Iron Valiant|ability: Quark Drive|[fromitem]\n|-start|p1b: Iron Valiant|quarkdrivespe\n|move|p1a: Leavanny|Protect|p1a: Leavanny\n|-singleturn|p1a: Leavanny|Protect\n|move|p2a: Flutter Mane|Icy Wind|p1a: Leavanny|[spread] p1b\n|-activate|p1a: Leavanny|move: Protect\n|-damage|p1b: Iron Valiant|76/100\n|-unboost|p1b: Iron Valiant|spe|1\n|move|p2b: Koraidon|Flame Charge|p1a: Leavanny\n|-activate|p1a: Leavanny|move: Protect\n|\n|-weather|SunnyDay|[upkeep]\n|upkeep\n|turn|3\n|\n|t:|1770803836\n|-terastallize|p2b: Koraidon|Fire\n|move|p1b: Iron Valiant|Protect|p1b: Iron Valiant\n|-singleturn|p1b: Iron Valiant|Protect\n|move|p1a: Leavanny|Sticky Web|p2b: Koraidon\n|-sidestart|p2: TheManOfSausage|move: Sticky Web\n|move|p2a: Flutter Mane|Dazzling Gleam|p1a: Leavanny|[spread] p1a\n|-activate|p1b: Iron Valiant|move: Protect\n|-damage|p1a: Leavanny|8/100\n|move|p2b: Koraidon|Flame Charge|p1a: Leavanny\n|-supereffective|p1a: Leavanny\n|-damage|p1a: Leavanny|0 fnt\n|-boost|p2b: Koraidon|spe|1\n|faint|p1a: Leavanny\n|\n|-weather|SunnyDay|[upkeep]\n|upkeep\n|\n|t:|1770803842\n|switch|p1a: Groudon|Groudon, L50, shiny, tera:Fire|93/100\n|turn|4\n|\n|t:|1770803850\n|-end|p1b: Iron Valiant|Quark Drive|[silent]\n|switch|p1b: Ho-Oh|Ho-Oh, L50|100/100\n|move|p2b: Koraidon|Protect|p2b: Koraidon\n|-singleturn|p2b: Koraidon|Protect\n|move|p2a: Flutter Mane|Dazzling Gleam|p1b: Ho-Oh|[spread] p1a,p1b\n|-resisted|p1a: Groudon\n|-resisted|p1b: Ho-Oh\n|-damage|p1a: Groudon|75/100\n|-damage|p1b: Ho-Oh|90/100\n|move|p1a: Groudon|Precipice Blades|p2a: Flutter Mane|[spread] p2a\n|-activate|p2b: Koraidon|move: Protect\n|-damage|p2a: Flutter Mane|0 fnt\n|faint|p2a: Flutter Mane\n|-end|p2a: Flutter Mane|Protosynthesis|[silent]\n|\n|-weather|SunnyDay|[upkeep]\n|upkeep\n|\n|t:|1770803855\n|switch|p2a: Brute Bonnet|Brute Bonnet, L50|100/100\n|-activate|p2a: Brute Bonnet|move: Sticky Web\n|-unboost|p2a: Brute Bonnet|spe|1\n|-activate|p2a: Brute Bonnet|ability: Protosynthesis\n|-start|p2a: Brute Bonnet|protosynthesisdef\n|turn|5\n|\n|t:|1770803872\n|move|p2b: Koraidon|Collision Course|p1a: Groudon\n|-damage|p1a: Groudon|15/100\n|move|p1b: Ho-Oh|Tailwind|p1b: Ho-Oh\n|-sidestart|p1: pogego|move: Tailwind\n|move|p1a: Groudon|Heat Crash|p2a: Brute Bonnet\n|-supereffective|p2a: Brute Bonnet\n|-damage|p2a: Brute Bonnet|1/100\n|move|p2a: Brute Bonnet|Spore|p1b: Ho-Oh\n|-status|p1b: Ho-Oh|slp|[from] move: Spore\n|\n|-weather|none\n|-end|p2a: Brute Bonnet|Protosynthesis\n|upkeep\n|turn|6\n|inactive|pogego has 30 seconds left.\n|inactive|pogego has 20 seconds left.\n|\n|t:|1770803909\n|move|p1a: Groudon|Protect|p1a: Groudon\n|-singleturn|p1a: Groudon|Protect\n|move|p2a: Brute Bonnet|Sucker Punch||[still]\n|-fail|p2a: Brute Bonnet\n|cant|p1b: Ho-Oh|slp\n|move|p2b: Koraidon|Flame Charge|p1b: Ho-Oh\n|-resisted|p1b: Ho-Oh\n|-damage|p1b: Ho-Oh|75/100 slp\n|-boost|p2b: Koraidon|spe|1\n|\n|upkeep\n|turn|7\n|-message|pogego forfeited.\n|\n|win|TheManOfSausage\n|raw|pogego's rating: 1152 &rarr; <strong>1125</strong><br />(-27 for losing)\n|raw|TheManOfSausage's rating: 1119 &rarr; <strong>1146</strong><br />(+27 for winning)\n|l|\u203dpogego\n|player|p1|\n|l|\u2606TheManOfSausage\n|player|p2|\n","uploadtime":1770804243,"views":10,"formatid":"gen9vgc2026regi","rating":1125,"private":0,"password":null}