{"id":"gen9vgc2026regi-2590173064","format":"[Gen 9] VGC 2026 Reg I","players":["roykeenkennedy","kolanion"],"log":"|j|\u2606roykeenkennedy\n|j|\u2606kolanion\n|t:|1776791540\n|gametype|doubles\n|player|p1|roykeenkennedy|265|1671\n|player|p2|kolanion|swimmer|1527\n|gen|9\n|tier|[Gen 9] VGC 2026 Reg I\n|rated|\n|rule|Species Clause: Limit one of each Pok\u00e9mon\n|rule|Item Clause: Limit 1 of each item\n|clearpoke\n|poke|p1|Calyrex-Ice, L50|\n|poke|p1|Annihilape, L50, M|\n|poke|p1|Grimmsnarl, L50, M|\n|poke|p1|Sinistcha-Masterpiece, L50|\n|poke|p1|Miraidon, L50|\n|poke|p1|Iron Hands, L50|\n|poke|p2|Calyrex-Ice, L50|\n|poke|p2|Ursaluna-Bloodmoon, L50, M|\n|poke|p2|Lunala, L50|\n|poke|p2|Ogerpon-Wellspring, L50, F|\n|poke|p2|Annihilape, L50, M|\n|poke|p2|Farigiraf, L50, F|\n|teampreview|4\n|inactive|Battle timer is ON: inactive players will automatically lose when time's up. (requested by kolanion)\n|inactive|roykeenkennedy has 60 seconds left.\n|\n|t:|1776791587\n|teamsize|p1|4\n|teamsize|p2|4\n|start\n|switch|p1a: Calyrex|Calyrex-Ice, L50|100/100\n|switch|p1b: Annihilape|Annihilape, L50, M|100/100\n|switch|p2a: Lunala|Lunala, L50, shiny|100/100\n|switch|p2b: Annihilape|Annihilape, L50, M|100/100\n|-ability|p1a: Calyrex|As One\n|-ability|p1a: Calyrex|Unnerve\n|turn|1\n|\n|t:|1776791602\n|move|p1a: Calyrex|Protect|p1a: Calyrex\n|-singleturn|p1a: Calyrex|Protect\n|move|p2b: Annihilape|Final Gambit|p1a: Calyrex\n|-activate|p1a: Calyrex|move: Protect\n|move|p1b: Annihilape|Rage Fist|p2b: Annihilape\n|-supereffective|p2b: Annihilape\n|-damage|p2b: Annihilape|55/100\n|move|p2a: Lunala|Moongeist Beam|p1a: Calyrex\n|-activate|p1a: Calyrex|move: Protect\n|\n|upkeep\n|turn|2\n|\n|t:|1776791619\n|-terastallize|p1a: Calyrex|Water\n|move|p2b: Annihilape|Final Gambit|p1a: Calyrex\n|-damage|p1a: Calyrex|44/100\n|faint|p2b: Annihilape\n|move|p1b: Annihilape|Rage Fist|p2a: Lunala\n|-supereffective|p2a: Lunala\n|-crit|p2a: Lunala\n|-damage|p2a: Lunala|46/100\n|move|p2a: Lunala|Moongeist Beam|p1a: Calyrex\n|-damage|p1a: Calyrex|8/100\n|move|p1a: Calyrex|Glacial Lance|p2a: Lunala\n|-damage|p2a: Lunala|0 fnt\n|faint|p2a: Lunala\n|-ability|p1a: Calyrex|Chilling Neigh|boost\n|-boost|p1a: Calyrex|atk|1\n|\n|upkeep\n|\n|t:|1776791624\n|switch|p2b: Calyrex|Calyrex-Ice, L50|100/100\n|switch|p2a: Ursaluna|Ursaluna-Bloodmoon, L50, M|100/100\n|-ability|p2b: Calyrex|As One\n|-ability|p2b: Calyrex|Unnerve\n|turn|3\n|inactive|roykeenkennedy has 30 seconds left.\n|\n|t:|1776791655\n|-terastallize|p2b: Calyrex|Ice\n|move|p2a: Ursaluna|Vacuum Wave|p1a: Calyrex\n|-damage|p1a: Calyrex|0 fnt\n|faint|p1a: Calyrex\n|move|p1b: Annihilape|Rage Fist|p2b: Calyrex\n|-damage|p2b: Calyrex|87/100\n|move|p2b: Calyrex|Trick Room|p2b: Calyrex\n|-fieldstart|move: Trick Room|[of] p2b: Calyrex\n|\n|upkeep\n|\n|t:|1776791666\n|switch|p1a: Iron Hands|Iron Hands, L50|100/100\n|turn|4\n|\n|t:|1776791673\n|switch|p1b: Miraidon|Miraidon, L50|100/100\n|-fieldstart|move: Electric Terrain|[from] ability: Hadron Engine|[of] p1b: Miraidon\n|-activate|p1a: Iron Hands|ability: Quark Drive\n|-start|p1a: Iron Hands|quarkdriveatk\n|-enditem|p1a: Iron Hands|Electric Seed\n|-boost|p1a: Iron Hands|def|1|[from] item: Electric Seed\n|move|p1a: Iron Hands|Low Kick|p2a: Ursaluna\n|-supereffective|p2a: Ursaluna\n|-damage|p2a: Ursaluna|0 fnt\n|faint|p2a: Ursaluna\n|move|p2b: Calyrex|High Horsepower|p1a: Iron Hands|[miss]\n|-miss|p2b: Calyrex|p1a: Iron Hands\n|\n|upkeep\n|turn|5\n|c|\u2606kolanion|95% accuracy\n|c|\u2606kolanion|i was destined to lose this\n|\n|t:|1776791696\n|switch|p1b: Annihilape|Annihilape, L50, M|100/100\n|move|p1a: Iron Hands|Low Kick|p2b: Calyrex\n|-supereffective|p2b: Calyrex\n|-crit|p2b: Calyrex\n|-damage|p2b: Calyrex|0 fnt\n|faint|p2b: Calyrex\n|\n|win|roykeenkennedy\n|raw|roykeenkennedy's rating: 1671 &rarr; <strong>1683</strong><br />(+12 for winning)\n|raw|kolanion's rating: 1527 &rarr; <strong>1515</strong><br />(-12 for losing)\n|l|\u2606kolanion\n|player|p2|\n|l|\u2606roykeenkennedy\n|player|p1|\n","uploadtime":1776791849,"views":14,"formatid":"gen9vgc2026regi","rating":1515,"private":0,"password":null}