{"id":"gen9vgc2026regi-2581733608","format":"[Gen 9] VGC 2026 Reg I","players":["htfg2024","castiel123"],"log":"|j|\u2606htfg2024\n|j|\u2606castiel123\n|t:|1776024255\n|gametype|doubles\n|player|p1|htfg2024|169|1179\n|player|p2|castiel123|101|1253\n|gen|9\n|tier|[Gen 9] VGC 2026 Reg I\n|rated|\n|rule|Species Clause: Limit one of each Pok\u00e9mon\n|rule|Item Clause: Limit 1 of each item\n|clearpoke\n|poke|p1|Kyogre, L50|\n|poke|p1|Grimmsnarl, L50, M|\n|poke|p1|Archaludon, L50, M|\n|poke|p1|Tornadus, L50, M|\n|poke|p1|Rillaboom, L50, M|\n|poke|p1|Calyrex-Shadow, L50|\n|poke|p2|Zamazenta-*, L50|\n|poke|p2|Terapagos, L50, M|\n|poke|p2|Whimsicott, L50, M|\n|poke|p2|Indeedee, L50, M|\n|poke|p2|Flutter Mane, L50|\n|poke|p2|Entei, L50|\n|teampreview|4\n|inactive|Battle timer is ON: inactive players will automatically lose when time's up. (requested by htfg2024)\nhtfg2024 rejected open team sheets.\n|\n|t:|1776024282\n|teamsize|p1|4\n|teamsize|p2|4\n|start\n|switch|p1a: Kyogre|Kyogre, L50|100/100\n|switch|p1b: Tornadus|Tornadus, L50, M|100/100\n|switch|p2a: Whimsicott|Whimsicott, L50, M|100/100\n|switch|p2b: Terapagos|Terapagos, L50, M|100/100\n|-activate|p2b: Terapagos|ability: Tera Shift\n|detailschange|p2b: Terapagos|Terapagos-Terastal, L50, M\n|-heal|p2b: Terapagos|100/100|[silent]\n|-weather|RainDance|[from] ability: Drizzle|[of] p1a: Kyogre\n|turn|1\n|inactive|htfg2024 has 30 seconds left.\n|\n|t:|1776024308\n|-terastallize|p2a: Whimsicott|Dark\n|move|p1b: Tornadus|Taunt|p2a: Whimsicott\n|-hint|Since gen 7, Dark is immune to Prankster moves.\n|-immune|p2a: Whimsicott\n|move|p2a: Whimsicott|Sunny Day|p2a: Whimsicott\n|-weather|SunnyDay\n|move|p1a: Kyogre|Water Spout|p2b: Terapagos|[spread] p2a,p2b\n|-activate|p2b: Terapagos|ability: Tera Shell\n|-resisted|p2b: Terapagos\n|-damage|p2a: Whimsicott|57/100\n|-damage|p2b: Terapagos|90/100\n|move|p2b: Terapagos|Calm Mind|p2b: Terapagos\n|-boost|p2b: Terapagos|spa|1\n|-boost|p2b: Terapagos|spd|1\n|\n|-weather|SunnyDay|[upkeep]\n|-heal|p2b: Terapagos|96/100|[from] item: Leftovers\n|upkeep\n|turn|2\n|\n|t:|1776024333\n|switch|p1a: Calyrex|Calyrex-Shadow, L50|100/100\n|-ability|p1a: Calyrex|As One\n|-ability|p1a: Calyrex|Unnerve\n|-terastallize|p1b: Tornadus|Dark\n|move|p1b: Tornadus|Taunt|p2b: Terapagos\n|-start|p2b: Terapagos|move: Taunt\n|move|p2a: Whimsicott|Tailwind|p2a: Whimsicott\n|-sidestart|p2: castiel123|move: Tailwind\n|move|p2b: Terapagos|Tera Starstorm|p1b: Tornadus\n|-damage|p1b: Tornadus|32/100\n|\n|-weather|SunnyDay|[upkeep]\n|-heal|p2b: Terapagos|100/100|[from] item: Leftovers\n|upkeep\n|turn|3\n|inactive|htfg2024 has 30 seconds left.\n|\n|t:|1776024363\n|switch|p2a: Indeedee|Indeedee, L50, M|100/100\n|-fieldstart|move: Psychic Terrain|[from] ability: Psychic Surge|[of] p2a: Indeedee\n|move|p1b: Tornadus|Tailwind|p1b: Tornadus\n|-sidestart|p1: htfg2024|move: Tailwind\n|move|p1a: Calyrex|Draining Kiss|p2a: Indeedee\n|-crit|p2a: Indeedee\n|-damage|p2a: Indeedee|42/100\n|-damage|p1a: Calyrex|91/100|[from] item: Life Orb\n|move|p2b: Terapagos|Tera Starstorm|p1b: Tornadus\n|-damage|p1b: Tornadus|0 fnt\n|faint|p1b: Tornadus\n|\n|-weather|SunnyDay|[upkeep]\n|upkeep\n|\n|t:|1776024379\n|switch|p1b: Kyogre|Kyogre, L50|100/100\n|-weather|RainDance|[from] ability: Drizzle|[of] p1b: Kyogre\n|turn|4\n|\n|t:|1776024396\n|move|p1b: Kyogre|Water Spout|p2a: Indeedee|[spread] p2a,p2b\n|-activate|p2b: Terapagos|ability: Tera Shell\n|-resisted|p2b: Terapagos\n|-damage|p2a: Indeedee|0 fnt\n|-damage|p2b: Terapagos|77/100\n|faint|p2a: Indeedee\n|move|p1a: Calyrex|Draining Kiss|p2b: Terapagos\n|-damage|p2b: Terapagos|62/100\n|-heal|p1a: Calyrex|100/100|[from] drain|[of] p2b: Terapagos\n|-damage|p1a: Calyrex|91/100|[from] item: Life Orb\n|move|p2b: Terapagos|Tera Starstorm|p1b: Kyogre\n|-damage|p1b: Kyogre|54/100\n|\n|-weather|RainDance|[upkeep]\n|-heal|p2b: Terapagos|68/100|[from] item: Leftovers\n|-end|p2b: Terapagos|move: Taunt\n|upkeep\n|\n|t:|1776024400\n|switch|p2a: Whimsicott|Whimsicott, L50, M, tera:Dark|57/100\n|turn|5\n|\n|t:|1776024418\n|move|p2b: Terapagos|Protect|p2b: Terapagos\n|-singleturn|p2b: Terapagos|Protect\n|move|p2a: Whimsicott|Sunny Day|p2a: Whimsicott\n|-weather|SunnyDay\n|move|p1b: Kyogre|Water Spout|p2a: Whimsicott|[spread] p2a\n|-activate|p2b: Terapagos|move: Protect\n|-damage|p2a: Whimsicott|33/100\n|move|p1a: Calyrex|Draining Kiss|p2a: Whimsicott\n|-supereffective|p2a: Whimsicott\n|-damage|p2a: Whimsicott|0 fnt\n|-heal|p1a: Calyrex|100/100|[from] drain|[of] p2a: Whimsicott\n|faint|p2a: Whimsicott\n|-ability|p1a: Calyrex|Grim Neigh|boost\n|-boost|p1a: Calyrex|spa|1\n|-damage|p1a: Calyrex|91/100|[from] item: Life Orb\n|\n|-weather|SunnyDay|[upkeep]\n|-heal|p2b: Terapagos|74/100|[from] item: Leftovers\n|-sideend|p2: castiel123|move: Tailwind\n|upkeep\n|\n|t:|1776024421\n|switch|p2a: Zamazenta|Zamazenta-Crowned, L50|100/100\n|-ability|p2a: Zamazenta|Dauntless Shield|boost\n|-boost|p2a: Zamazenta|def|1\n|turn|6\n|inactive|htfg2024 has 30 seconds left.\n|\n|t:|1776024453\n|switch|p1b: Archaludon|Archaludon, L50, M|100/100\n|move|p1a: Calyrex|Psychic|p2a: Zamazenta\n|-damage|p2a: Zamazenta|11/100\n|-damage|p1a: Calyrex|81/100|[from] item: Life Orb\n|move|p2a: Zamazenta|Behemoth Bash|p1a: Calyrex\n|-damage|p1a: Calyrex|31/100\n|move|p2b: Terapagos|Earth Power|p1a: Calyrex\n|-damage|p1a: Calyrex|0 fnt\n|faint|p1a: Calyrex\n|\n|-weather|SunnyDay|[upkeep]\n|-heal|p2b: Terapagos|80/100|[from] item: Leftovers\n|-sideend|p1: htfg2024|move: Tailwind\n|upkeep\n|\n|t:|1776024466\n|switch|p1a: Kyogre|Kyogre, L50|54/100\n|-weather|RainDance|[from] ability: Drizzle|[of] p1a: Kyogre\n|turn|7\n|\n|t:|1776024486\n|move|p2a: Zamazenta|Wide Guard|p2a: Zamazenta\n|-singleturn|p2a: Zamazenta|Wide Guard\n|move|p1a: Kyogre|Thunder|p2a: Zamazenta\n|-damage|p2a: Zamazenta|0 fnt\n|faint|p2a: Zamazenta\n|move|p2b: Terapagos|Tera Starstorm|p1a: Kyogre\n|-damage|p1a: Kyogre|7/100\n|move|p1b: Archaludon|Electro Shot||[still]\n|-prepare|p1b: Archaludon|Electro Shot\n|-boost|p1b: Archaludon|spa|1\n|-anim|p1b: Archaludon|Electro Shot|p2b: Terapagos\n|-damage|p2b: Terapagos|50/100\n|\n|-weather|RainDance|[upkeep]\n|-heal|p2b: Terapagos|55/100|[from] item: Leftovers\n|-fieldend|move: Psychic Terrain\n|upkeep\n|turn|8\n|\n|t:|1776024504\n|move|p2b: Terapagos|Protect|p2b: Terapagos\n|-singleturn|p2b: Terapagos|Protect\n|move|p1a: Kyogre|Thunder|p2b: Terapagos\n|-activate|p2b: Terapagos|move: Protect\n|move|p1b: Archaludon|Electro Shot||[still]\n|-prepare|p1b: Archaludon|Electro Shot\n|-boost|p1b: Archaludon|spa|1\n|-anim|p1b: Archaludon|Electro Shot|p2b: Terapagos\n|-activate|p2b: Terapagos|move: Protect\n|\n|-weather|RainDance|[upkeep]\n|-heal|p2b: Terapagos|61/100|[from] item: Leftovers\n|upkeep\n|turn|9\n|\n|t:|1776024526\n|move|p1a: Kyogre|Thunder|p2b: Terapagos\n|-damage|p2b: Terapagos|39/100\n|move|p2b: Terapagos|Earth Power|p1a: Kyogre\n|-damage|p1a: Kyogre|0 fnt\n|faint|p1a: Kyogre\n|move|p1b: Archaludon|Electro Shot||[still]\n|-prepare|p1b: Archaludon|Electro Shot\n|-boost|p1b: Archaludon|spa|1\n|-anim|p1b: Archaludon|Electro Shot|p2b: Terapagos\n|-damage|p2b: Terapagos|0 fnt\n|faint|p2b: Terapagos\n|\n|win|htfg2024\n|raw|htfg2024's rating: 1179 &rarr; <strong>1209</strong><br />(+30 for winning)\n|raw|castiel123's rating: 1253 &rarr; <strong>1223</strong><br />(-30 for losing)\n|l|\u2606castiel123\n|player|p2|\n|l|\u2606htfg2024\n|player|p1|\n","uploadtime":1776024708,"views":8,"formatid":"gen9vgc2026regi","rating":1209,"private":0,"password":null}