{"id":"gen9vgc2026regi-2515934929","format":"[Gen 9] VGC 2026 Reg I","players":["Cello L.","kojimuranishi"],"log":"|j|\u2606Cello L.\n|j|\u2606kojimuranishi\n|t:|1768062316\n|gametype|doubles\n|player|p1|Cello L.|cynthia-gen4|1351\n|player|p2|kojimuranishi|266|1411\n|gen|9\n|tier|[Gen 9] VGC 2026 Reg I\n|rated|\n|rule|Species Clause: Limit one of each Pok\u00e9mon\n|rule|Item Clause: Limit 1 of each item\n|clearpoke\n|poke|p1|Calyrex-Shadow, L50|\n|poke|p1|Zamazenta-*, L50|\n|poke|p1|Raging Bolt, L50|\n|poke|p1|Clefairy, L50, F|\n|poke|p1|Rillaboom, L50, F|\n|poke|p1|Incineroar, L50, F|\n|poke|p2|Raging Bolt, L50|\n|poke|p2|Calyrex-Ice, L50|\n|poke|p2|Kyogre, L50|\n|poke|p2|Indeedee-F, L50, F|\n|poke|p2|Landorus, L50, M|\n|poke|p2|Urshifu-*, L50, F|\n|teampreview|4\n|inactive|Battle timer is ON: inactive players will automatically lose when time's up. (requested by kojimuranishi)\n|\n|t:|1768062343\n|teamsize|p1|4\n|teamsize|p2|4\n|start\n|switch|p1a: Zamazenta|Zamazenta-Crowned, L50|100/100\n|switch|p1b: Clefairy|Clefairy, L50, F|100/100\n|switch|p2a: Landorus|Landorus, L50, M|100/100\n|switch|p2b: Kyogre|Kyogre, L50|100/100\n|-weather|RainDance|[from] ability: Drizzle|[of] p2b: Kyogre\n|-ability|p1a: Zamazenta|Dauntless Shield|boost\n|-boost|p1a: Zamazenta|def|1\n|turn|1\n|\n|t:|1768062367\n|move|p1a: Zamazenta|Protect|p1a: Zamazenta\n|-singleturn|p1a: Zamazenta|Protect\n|move|p1b: Clefairy|Protect|p1b: Clefairy\n|-singleturn|p1b: Clefairy|Protect\n|move|p2b: Kyogre|Hydro Pump|p1b: Clefairy\n|-activate|p1b: Clefairy|move: Protect\n|move|p2a: Landorus|Earth Power|p1a: Zamazenta\n|-activate|p1a: Zamazenta|move: Protect\n|\n|-weather|RainDance|[upkeep]\n|upkeep\n|turn|2\n|j| Therazer456\n|inactive|Cello L. has 30 seconds left.\n|\n|t:|1768062395\n|switch|p1b: Rillaboom|Rillaboom, L50, F|100/100\n|-fieldstart|move: Grassy Terrain|[from] ability: Grassy Surge|[of] p1b: Rillaboom\n|-terastallize|p1a: Zamazenta|Water\n|move|p2b: Kyogre|Hydro Pump|p1a: Zamazenta\n|-resisted|p1a: Zamazenta\n|-damage|p1a: Zamazenta|67/100\n|move|p1a: Zamazenta|Heavy Slam|p2a: Landorus\n|-damage|p2a: Landorus|40/100\n|move|p2a: Landorus|Earth Power|p1a: Zamazenta\n|-damage|p1a: Zamazenta|7/100\n|\n|-weather|RainDance|[upkeep]\n|-heal|p1a: Zamazenta|13/100|[from] Grassy Terrain\n|upkeep\n|turn|3\n|inactive|kojimuranishi has 30 seconds left.\n|\n|t:|1768062421\n|switch|p2a: Indeedee|Indeedee-F, L50, F|100/100\n|-fieldstart|move: Psychic Terrain|[from] ability: Psychic Surge|[of] p2a: Indeedee\n|move|p1b: Rillaboom|Fake Out|p2b: Kyogre\n|-activate|p2b: Kyogre|move: Psychic Terrain\n|move|p2b: Kyogre|Hydro Pump|p1a: Zamazenta|[miss]\n|-miss|p2b: Kyogre|p1a: Zamazenta\n|move|p1a: Zamazenta|Heavy Slam|p2a: Indeedee\n|-damage|p2a: Indeedee|55/100\n|-damage|p1a: Zamazenta|0 fnt|[from] item: Rocky Helmet|[of] p2a: Indeedee\n|faint|p1a: Zamazenta\n|\n|-weather|RainDance|[upkeep]\n|upkeep\n|\n|t:|1768062439\n|switch|p1a: Calyrex|Calyrex-Shadow, L50|100/100\n|-ability|p1a: Calyrex|As One\n|-ability|p1a: Calyrex|Unnerve\n|turn|4\n|\n|t:|1768062448\n|move|p1a: Calyrex|Protect|p1a: Calyrex\n|-singleturn|p1a: Calyrex|Protect\n|move|p2b: Kyogre|Hydro Pump|p1a: Calyrex\n|-activate|p1a: Calyrex|move: Protect\n|move|p1b: Rillaboom|U-turn|p2a: Indeedee\n|-supereffective|p2a: Indeedee\n|-damage|p2a: Indeedee|12/100\n|-damage|p1b: Rillaboom|84/100|[from] item: Rocky Helmet|[of] p2a: Indeedee\n|\n|t:|1768062456\n|switch|p1b: Clefairy|Clefairy, L50, F|100/100|[from] U-turn\n|move|p2a: Indeedee|Trick Room|p2a: Indeedee\n|-fieldstart|move: Trick Room|[of] p2a: Indeedee\n|\n|-weather|RainDance|[upkeep]\n|upkeep\n|turn|5\n|inactive|Cello L. has 30 seconds left.\n|\n|t:|1768062484\n|move|p1b: Clefairy|Follow Me|p1b: Clefairy\n|-singleturn|p1b: Clefairy|move: Follow Me\n|move|p2a: Indeedee|Psychic|p1b: Clefairy\n|-damage|p1b: Clefairy|65/100\n|move|p1a: Calyrex|Psychic|p2a: Indeedee\n|-resisted|p2a: Indeedee\n|-damage|p2a: Indeedee|0 fnt\n|faint|p2a: Indeedee\n|-ability|p1a: Calyrex|Grim Neigh|boost\n|-boost|p1a: Calyrex|spa|1\n|-damage|p1a: Calyrex|91/100|[from] item: Life Orb\n|move|p2b: Kyogre|Hydro Pump|p1b: Clefairy|[miss]\n|-miss|p2b: Kyogre|p1b: Clefairy\n|\n|-weather|none\n|upkeep\n|\n|t:|1768062503\n|switch|p2a: Calyrex|Calyrex-Ice, L50|100/100\n|-ability|p2a: Calyrex|As One\n|-ability|p2a: Calyrex|Unnerve\n|turn|6\n|\n|t:|1768062516\n|-terastallize|p2a: Calyrex|Fairy\n|move|p1b: Clefairy|Protect|p1b: Clefairy\n|-singleturn|p1b: Clefairy|Protect\n|move|p2a: Calyrex|Glacial Lance|p1a: Calyrex|[spread] p1a\n|-activate|p1b: Clefairy|move: Protect\n|-damage|p1a: Calyrex|53/100\n|move|p1a: Calyrex|Astral Barrage|p2b: Kyogre|[spread] p2a,p2b\n|-damage|p2a: Calyrex|45/100\n|-damage|p2b: Kyogre|25/100\n|-damage|p1a: Calyrex|43/100|[from] item: Life Orb\n|move|p2b: Kyogre|Hydro Pump|p1a: Calyrex\n|-damage|p1a: Calyrex|0 fnt\n|faint|p1a: Calyrex\n|\n|-heal|p2a: Calyrex|51/100|[from] item: Leftovers\n|upkeep\n|\n|t:|1768062532\n|switch|p1a: Rillaboom|Rillaboom, L50, F|84/100\n|-fieldstart|move: Grassy Terrain|[from] ability: Grassy Surge|[of] p1a: Rillaboom\n|turn|7\n|inactive|Cello L. has 30 seconds left.\n|\n|t:|1768062560\n|move|p1b: Clefairy|Protect|p1b: Clefairy\n|-singleturn|p1b: Clefairy|Protect\n|move|p1a: Rillaboom|Fake Out|p2a: Calyrex\n|-damage|p2a: Calyrex|43/100\n|cant|p2a: Calyrex|flinch\n|move|p2b: Kyogre|Hydro Pump|p1b: Clefairy\n|-activate|p1b: Clefairy|move: Protect\n|\n|-heal|p1b: Clefairy|71/100|[from] Grassy Terrain\n|-heal|p2a: Calyrex|49/100|[from] Grassy Terrain\n|-heal|p2a: Calyrex|55/100|[from] item: Leftovers\n|-heal|p1a: Rillaboom|90/100|[from] Grassy Terrain\n|-heal|p2b: Kyogre|31/100|[from] Grassy Terrain\n|upkeep\n|turn|8\n|\n|t:|1768062583\n|move|p1b: Clefairy|Encore|p2a: Calyrex\n|-start|p2a: Calyrex|Encore\n|move|p2a: Calyrex|Glacial Lance|p1b: Clefairy|[spread] p1a,p1b\n|-supereffective|p1a: Rillaboom\n|-damage|p1a: Rillaboom|27/100\n|-damage|p1b: Clefairy|35/100\n|move|p1a: Rillaboom|Wood Hammer|p2a: Calyrex\n|-crit|p2a: Calyrex\n|-damage|p2a: Calyrex|0 fnt\n|faint|p2a: Calyrex\n|-damage|p1a: Rillaboom|9/100|[from] Recoil\n|move|p2b: Kyogre|Hydro Pump|p1b: Clefairy\n|-damage|p1b: Clefairy|0 fnt\n|faint|p1b: Clefairy\n|\n|-heal|p1a: Rillaboom|15/100|[from] Grassy Terrain\n|-heal|p2b: Kyogre|37/100|[from] Grassy Terrain\n|-fieldend|move: Trick Room\n|upkeep\n|c|\u2606Cello L.|gg\n|\n|t:|1768062601\n|switch|p2a: Landorus|Landorus, L50, M|40/100\n|turn|9\n|\n|t:|1768062610\n|move|p1a: Rillaboom|Grassy Glide|p2b: Kyogre\n|-supereffective|p2b: Kyogre\n|-damage|p2b: Kyogre|0 fnt\n|faint|p2b: Kyogre\n|move|p2a: Landorus|Sludge Bomb|p1a: Rillaboom\n|-supereffective|p1a: Rillaboom\n|-damage|p1a: Rillaboom|0 fnt\n|faint|p1a: Rillaboom\n|\n|win|kojimuranishi\n|raw|Cello L.'s rating: 1351 &rarr; <strong>1334</strong><br />(-17 for losing)\n|raw|kojimuranishi's rating: 1411 &rarr; <strong>1428</strong><br />(+17 for winning)\n|l|\u2606Cello L.\n|player|p1|\n|l| Therazer456\n|l|\u2606kojimuranishi\n|player|p2|\n","uploadtime":1768062830,"views":14,"formatid":"gen9vgc2026regi","rating":1334,"private":0,"password":null}