{"id":"gen9vgc2026regi-2522467714","format":"[Gen 9] VGC 2026 Reg I","players":["Tymonyus","blackred123"],"log":"|j|\u2606Tymonyus\n|j|\u2606blackred123\n|t:|1768912257\n|gametype|doubles\n|player|p1|Tymonyus|cynthia-gen4|1100\n|player|p2|blackred123|iono-masters|1144\n|gen|9\n|tier|[Gen 9] VGC 2026 Reg I\n|rated|\n|rule|Species Clause: Limit one of each Pok\u00e9mon\n|rule|Item Clause: Limit 1 of each item\n|clearpoke\n|poke|p1|Zamazenta-*, L50|\n|poke|p1|Kyogre, L50|\n|poke|p1|Archaludon, L50, M|\n|poke|p1|Breloom, L50, F|\n|poke|p1|Brute Bonnet, L50|\n|poke|p1|Iron Bundle, L50|\n|poke|p2|Zamazenta-*, L50|\n|poke|p2|Calyrex-Shadow, L50|\n|poke|p2|Tornadus, L50, M|\n|poke|p2|Rillaboom, L50, M|\n|poke|p2|Smeargle, L50, M|\n|poke|p2|Raging Bolt, L50|\n|teampreview|4\n|inactive|Battle timer is ON: inactive players will automatically lose when time's up. (requested by Tymonyus)\n|inactive|blackred123 also wants the timer to be on.\n|inactive|blackred123 has 60 seconds left.\n|inactive|blackred123 has 30 seconds left.\n|\n|t:|1768912324\n|teamsize|p1|4\n|teamsize|p2|4\n|start\n|switch|p1a: Kyogre|Kyogre, L50|100/100\n|switch|p1b: Brute Bonnet|Brute Bonnet, L50|100/100\n|switch|p2a: \u9a6c\u6b7b\u4e86|Calyrex-Shadow, L50|100/100\n|switch|p2b: \u72d7\u7b14\u517b\u7684|Smeargle, L50, M|100/100\n|-ability|p2a: \u9a6c\u6b7b\u4e86|As One\n|-ability|p2a: \u9a6c\u6b7b\u4e86|Unnerve\n|-weather|RainDance|[from] ability: Drizzle|[of] p1a: Kyogre\n|turn|1\n|\n|t:|1768912345\n|-terastallize|p1a: Kyogre|Water\n|move|p2a: \u9a6c\u6b7b\u4e86|Protect|p2a: \u9a6c\u6b7b\u4e86\n|-singleturn|p2a: \u9a6c\u6b7b\u4e86|Protect\n|move|p1b: Brute Bonnet|Sucker Punch||[still]\n|-fail|p1b: Brute Bonnet\n|move|p2b: \u72d7\u7b14\u517b\u7684|Spore|p1a: Kyogre\n|-status|p1a: Kyogre|slp|[from] move: Spore\n|cant|p1a: Kyogre|slp\n|\n|-weather|RainDance|[upkeep]\n|-ability|p2b: \u72d7\u7b14\u517b\u7684|Moody|boost\n|-boost|p2b: \u72d7\u7b14\u517b\u7684|spa|2\n|-unboost|p2b: \u72d7\u7b14\u517b\u7684|spd|1\n|upkeep\n|turn|2\n|\n|t:|1768912369\n|switch|p2b: \u556a\u53fd\u556a\uff08\u5657\u53fd\u58f0\uff09|Zamazenta-Crowned, L50|100/100\n|-ability|p2b: \u556a\u53fd\u556a\uff08\u5657\u53fd\u58f0\uff09|Dauntless Shield|boost\n|-boost|p2b: \u556a\u53fd\u556a\uff08\u5657\u53fd\u58f0\uff09|def|1\n|-terastallize|p2a: \u9a6c\u6b7b\u4e86|Dark\n|move|p1b: Brute Bonnet|Sucker Punch|p2a: \u9a6c\u6b7b\u4e86\n|-resisted|p2a: \u9a6c\u6b7b\u4e86\n|-damage|p2a: \u9a6c\u6b7b\u4e86|84/100\n|move|p2a: \u9a6c\u6b7b\u4e86|Astral Barrage|p1a: Kyogre|[spread] p1a,p1b\n|-resisted|p1b: Brute Bonnet\n|-crit|p1b: Brute Bonnet\n|-damage|p1a: Kyogre|59/100 slp\n|-damage|p1b: Brute Bonnet|71/100\n|-damage|p2a: \u9a6c\u6b7b\u4e86|74/100|[from] item: Life Orb\n|cant|p1a: Kyogre|slp\n|move|p1a: Kyogre|Sleep Talk|p1a: Kyogre\n|move|p1a: Kyogre|Rest||[from] move: Sleep Talk|[still]\n|-fail|p1a: Kyogre\n|\n|-weather|RainDance|[upkeep]\n|-heal|p1a: Kyogre|65/100 slp|[from] item: Leftovers\n|upkeep\n|turn|3\n|\n|t:|1768912390\n|move|p1b: Brute Bonnet|Rage Powder|p1b: Brute Bonnet\n|-singleturn|p1b: Brute Bonnet|move: Rage Powder\n|move|p2a: \u9a6c\u6b7b\u4e86|Astral Barrage|p1b: Brute Bonnet|[spread] p1a,p1b\n|-resisted|p1b: Brute Bonnet\n|-damage|p1a: Kyogre|18/100 slp\n|-damage|p1b: Brute Bonnet|52/100\n|-damage|p2a: \u9a6c\u6b7b\u4e86|64/100|[from] item: Life Orb\n|move|p2b: \u556a\u53fd\u556a\uff08\u5657\u53fd\u58f0\uff09|Body Press|p1b: Brute Bonnet\n|-supereffective|p1b: Brute Bonnet\n|-damage|p1b: Brute Bonnet|0 fnt\n|faint|p1b: Brute Bonnet\n|-end|p1b: Brute Bonnet|Protosynthesis|[silent]\n|cant|p1a: Kyogre|slp\n|move|p1a: Kyogre|Sleep Talk|p1a: Kyogre\n|move|p1a: Kyogre|Rest||[from] move: Sleep Talk|[still]\n|-fail|p1a: Kyogre\n|\n|-weather|RainDance|[upkeep]\n|-heal|p1a: Kyogre|24/100 slp|[from] item: Leftovers\n|upkeep\n|\n|t:|1768912408\n|switch|p1b: Iron Bundle|Iron Bundle, L50|100/100\n|-enditem|p1b: Iron Bundle|Booster Energy\n|-activate|p1b: Iron Bundle|ability: Quark Drive|[fromitem]\n|-start|p1b: Iron Bundle|quarkdrivespe\n|turn|4\n|\n|t:|1768912426\n|switch|p2a: \u72d7\u7b14\u517b\u7684|Smeargle, L50, M|100/100\n|move|p1b: Iron Bundle|Ice Beam|p2a: \u72d7\u7b14\u517b\u7684\n|-enditem|p2a: \u72d7\u7b14\u517b\u7684|Focus Sash\n|-damage|p2a: \u72d7\u7b14\u517b\u7684|1/100\n|move|p2b: \u556a\u53fd\u556a\uff08\u5657\u53fd\u58f0\uff09|Body Press|p1a: Kyogre\n|-damage|p1a: Kyogre|0 fnt\n|faint|p1a: Kyogre\n|\n|-weather|RainDance|[upkeep]\n|-ability|p2a: \u72d7\u7b14\u517b\u7684|Moody|boost\n|-boost|p2a: \u72d7\u7b14\u517b\u7684|spd|2\n|-unboost|p2a: \u72d7\u7b14\u517b\u7684|spe|1\n|upkeep\n|\n|t:|1768912436\n|switch|p1a: Archaludon|Archaludon, L50, M|100/100\n|turn|5\n|\n|t:|1768912448\n|move|p2a: \u72d7\u7b14\u517b\u7684|Fake Out|p1b: Iron Bundle\n|-damage|p1b: Iron Bundle|94/100\n|cant|p1b: Iron Bundle|flinch\n|move|p2b: \u556a\u53fd\u556a\uff08\u5657\u53fd\u58f0\uff09|Body Press|p1b: Iron Bundle\n|-supereffective|p1b: Iron Bundle\n|-damage|p1b: Iron Bundle|0 fnt\n|faint|p1b: Iron Bundle\n|-end|p1b: Iron Bundle|Quark Drive|[silent]\n|move|p1a: Archaludon|Electro Shot||[still]\n|-prepare|p1a: Archaludon|Electro Shot\n|-boost|p1a: Archaludon|spa|1\n|-anim|p1a: Archaludon|Electro Shot|p2b: \u556a\u53fd\u556a\uff08\u5657\u53fd\u58f0\uff09\n|-damage|p2b: \u556a\u53fd\u556a\uff08\u5657\u53fd\u58f0\uff09|54/100\n|\n|-weather|none\n|-ability|p2a: \u72d7\u7b14\u517b\u7684|Moody|boost\n|-boost|p2a: \u72d7\u7b14\u517b\u7684|spe|2\n|-unboost|p2a: \u72d7\u7b14\u517b\u7684|def|1\n|upkeep\n|turn|6\n|\n|t:|1768912466\n|move|p2a: \u72d7\u7b14\u517b\u7684|Spore|p1a: Archaludon\n|-status|p1a: Archaludon|slp|[from] move: Spore\n|move|p2b: \u556a\u53fd\u556a\uff08\u5657\u53fd\u58f0\uff09|Body Press|p1a: Archaludon\n|-supereffective|p1a: Archaludon\n|-damage|p1a: Archaludon|0 fnt\n|faint|p1a: Archaludon\n|\n|win|blackred123\n|raw|Tymonyus's rating: 1100 &rarr; <strong>1078</strong><br />(-22 for losing)\n|raw|blackred123's rating: 1144 &rarr; <strong>1166</strong><br />(+22 for winning)\n|c|\u2606Tymonyus|Gg\n|l|\u2606Tymonyus\n|player|p1|\n","uploadtime":1768912478,"views":12,"formatid":"gen9vgc2026regi","rating":1078,"private":0,"password":null}