{"id":"gen9vgc2026regi-2548360550","format":"[Gen 9] VGC 2026 Reg I","players":["liamvgc1","VJ2511"],"log":"|j|\u2606liamvgc1\n|j|\u2606VJ2511\n|t:|1772207330\n|gametype|doubles\n|player|p1|liamvgc1|unknown|1390\n|player|p2|VJ2511|red-masters3|1538\n|gen|9\n|tier|[Gen 9] VGC 2026 Reg I\n|rated|\n|rule|Species Clause: Limit one of each Pok\u00e9mon\n|rule|Item Clause: Limit 1 of each item\n|clearpoke\n|poke|p1|Jumpluff, L50, F|\n|poke|p1|Raging Bolt, L50|\n|poke|p1|Groudon, L50|\n|poke|p1|Calyrex-Shadow, L50|\n|poke|p1|Urshifu-*, L50, M|\n|poke|p1|Ogerpon-Cornerstone, L50, F|\n|poke|p2|Calyrex-Shadow, L50|\n|poke|p2|Zamazenta-*, L50|\n|poke|p2|Chien-Pao, L50|\n|poke|p2|Dragonite, L50, F|\n|poke|p2|Raging Bolt, L50|\n|poke|p2|Amoonguss, L50, M|\n|teampreview|4\n|inactive|Battle timer is ON: inactive players will automatically lose when time's up. (requested by liamvgc1)\n|\n|t:|1772207348\n|teamsize|p1|4\n|teamsize|p2|4\n|start\n|switch|p1a: Jumpluff|Jumpluff, L50, F|100/100\n|switch|p1b: Groudon|Groudon, L50|100/100\n|switch|p2a: Dragonite|Dragonite, L50, F, shiny|100/100\n|switch|p2b: Chien-Pao|Chien-Pao, L50|100/100\n|-ability|p2b: Chien-Pao|Sword of Ruin\n|-weather|SunnyDay|[from] ability: Drought|[of] p1b: Groudon\n|turn|1\n|inactive|liamvgc1 has 30 seconds left.\n|\n|t:|1772207376\n|-terastallize|p2a: Dragonite|Normal\n|move|p2a: Dragonite|Extreme Speed|p1a: Jumpluff\n|-enditem|p1a: Jumpluff|Focus Sash\n|-damage|p1a: Jumpluff|1/100\n|move|p1a: Jumpluff|Sleep Powder|p2b: Chien-Pao\n|-status|p2b: Chien-Pao|slp|[from] move: Sleep Powder\n|cant|p2b: Chien-Pao|slp\n|move|p1b: Groudon|Bulk Up|p1b: Groudon\n|-boost|p1b: Groudon|atk|1\n|-boost|p1b: Groudon|def|1\n|\n|-weather|SunnyDay|[upkeep]\n|upkeep\n|turn|2\n|\n|t:|1772207387\n|-terastallize|p1a: Jumpluff|Ghost\n|move|p2a: Dragonite|Extreme Speed|p1a: Jumpluff\n|-immune|p1a: Jumpluff\n|move|p1a: Jumpluff|Endeavor|p2a: Dragonite\n|-damage|p2a: Dragonite|1/100\n|-curestatus|p2b: Chien-Pao|slp|[msg]\n|move|p2b: Chien-Pao|Ice Spinner|p1b: Groudon\n|-supereffective|p1b: Groudon\n|-damage|p1b: Groudon|62/100\n|move|p1b: Groudon|Precipice Blades|p2a: Dragonite|[spread] p2b\n|-miss|p1b: Groudon|p2a: Dragonite\n|-damage|p2b: Chien-Pao|0 fnt\n|faint|p2b: Chien-Pao\n|\n|-weather|SunnyDay|[upkeep]\n|upkeep\n|\n|t:|1772207390\n|switch|p2b: Calyrex|Calyrex-Shadow, L50|100/100\n|-ability|p2b: Calyrex|As One\n|-ability|p2b: Calyrex|Unnerve\n|turn|3\n|\n|t:|1772207407\n|move|p2a: Dragonite|Extreme Speed|p1b: Groudon\n|-damage|p1b: Groudon|32/100\n|move|p1a: Jumpluff|Tailwind|p1a: Jumpluff\n|-sidestart|p1: liamvgc1|move: Tailwind\n|move|p1b: Groudon|Heat Crash|p2b: Calyrex\n|-enditem|p2b: Calyrex|Focus Sash\n|-damage|p2b: Calyrex|1/100\n|move|p2b: Calyrex|Astral Barrage|p1b: Groudon|[spread] p1a,p1b\n|-supereffective|p1a: Jumpluff\n|-damage|p1a: Jumpluff|0 fnt\n|-damage|p1b: Groudon|0 fnt\n|faint|p1a: Jumpluff\n|faint|p1b: Groudon\n|-ability|p2b: Calyrex|Grim Neigh|boost\n|-boost|p2b: Calyrex|spa|2\n|\n|-weather|SunnyDay|[upkeep]\n|upkeep\n|\n|t:|1772207415\n|switch|p1a: Urshifu|Urshifu, L50, M|100/100\n|switch|p1b: Calyrex|Calyrex-Shadow, L50|100/100\n|-ability|p1b: Calyrex|As One\n|-ability|p1b: Calyrex|Unnerve\n|turn|4\n|inactive|liamvgc1 has 30 seconds left.\n|\n|t:|1772207443\n|move|p2a: Dragonite|Extreme Speed|p1a: Urshifu\n|-damage|p1a: Urshifu|43/100\n|move|p1b: Calyrex|Psychic|p2b: Calyrex\n|-resisted|p2b: Calyrex\n|-damage|p2b: Calyrex|0 fnt\n|faint|p2b: Calyrex\n|-ability|p1b: Calyrex|Grim Neigh|boost\n|-boost|p1b: Calyrex|spa|1\n|move|p1a: Urshifu|Close Combat|p2a: Dragonite\n|-supereffective|p2a: Dragonite\n|-damage|p2a: Dragonite|0 fnt\n|-unboost|p1a: Urshifu|def|1\n|-unboost|p1a: Urshifu|spd|1\n|faint|p2a: Dragonite\n|\n|-weather|SunnyDay|[upkeep]\n|upkeep\n|\n|t:|1772207447\n|switch|p2a: Zamazenta|Zamazenta-Crowned, L50|100/100\n|-ability|p2a: Zamazenta|Dauntless Shield|boost\n|-boost|p2a: Zamazenta|def|1\n|turn|5\n|\n|t:|1772207452\n|move|p1b: Calyrex|Astral Barrage|p2a: Zamazenta\n|-damage|p2a: Zamazenta|21/100\n|move|p1a: Urshifu|Close Combat|p2a: Zamazenta\n|-supereffective|p2a: Zamazenta\n|-damage|p2a: Zamazenta|0 fnt\n|-unboost|p1a: Urshifu|def|1\n|-unboost|p1a: Urshifu|spd|1\n|faint|p2a: Zamazenta\n|\n|win|liamvgc1\n|raw|liamvgc1's rating: 1390 &rarr; <strong>1418</strong><br />(+28 for winning)\n|raw|VJ2511's rating: 1538 &rarr; <strong>1510</strong><br />(-28 for losing)\n|l|\u2606VJ2511\n|player|p2|\n|l|\u2606liamvgc1\n|player|p1|\n","uploadtime":1772207640,"views":16,"formatid":"gen9vgc2026regi","rating":1418,"private":0,"password":null}