{"id":"gen9vgc2026regi-2538400081","format":"[Gen 9] VGC 2026 Reg I","players":["EllenJoe2026","iam confuced"],"log":"|j|\u2606EllenJoe2026\n|j|\u2606iam confuced\n|t:|1770924045\n|gametype|doubles\n|player|p1|EllenJoe2026|iono|1466\n|player|p2|iam confuced|caitlin|1407\n|gen|9\n|tier|[Gen 9] VGC 2026 Reg I\n|rated|\n|rule|Species Clause: Limit one of each Pok\u00e9mon\n|rule|Item Clause: Limit 1 of each item\n|clearpoke\n|poke|p1|Kyogre, L50|\n|poke|p1|Calyrex-Shadow, L50|\n|poke|p1|Indeedee-F, L50, F|\n|poke|p1|Tornadus, L50, M|\n|poke|p1|Urshifu-*, L50, F|\n|poke|p1|Smeargle, L50, F|\n|poke|p2|Roaring Moon, L50|\n|poke|p2|Kyogre, L50|\n|poke|p2|Calyrex-Shadow, L50|\n|poke|p2|Wo-Chien, L50|\n|poke|p2|Landorus, L50, M|\n|poke|p2|Urshifu-*, L50, F|\n|teampreview|4\n|inactive|Battle timer is ON: inactive players will automatically lose when time's up. (requested by EllenJoe2026)\n|inactive|EllenJoe2026 has 60 seconds left.\n|\n|t:|1770924095\n|teamsize|p1|4\n|teamsize|p2|4\n|start\n|switch|p1a: Tornadus|Tornadus, L50, M, shiny|100/100\n|switch|p1b: Kyogre|Kyogre, L50, shiny|100/100\n|switch|p2a: Kyogre|Kyogre, L50|100/100\n|switch|p2b: Wo-Chien|Wo-Chien, L50|100/100\n|-weather|RainDance|[from] ability: Drizzle|[of] p1b: Kyogre\n|-ability|p2b: Wo-Chien|Tablets of Ruin\n|turn|1\n|\n|t:|1770924110\n|-terastallize|p1b: Kyogre|Water\n|-terastallize|p2a: Kyogre|Grass\n|move|p1b: Kyogre|Water Spout|p2a: Kyogre|[spread] p2a,p2b\n|-resisted|p2a: Kyogre\n|-resisted|p2b: Wo-Chien\n|-damage|p2a: Kyogre|70/100\n|-damage|p2b: Wo-Chien|52/100\n|move|p1a: Tornadus|Icy Wind|p2a: Kyogre|[spread] p2a,p2b\n|-supereffective|p2a: Kyogre\n|-supereffective|p2b: Wo-Chien\n|-damage|p2a: Kyogre|59/100\n|-damage|p2b: Wo-Chien|35/100\n|-unboost|p2a: Kyogre|spe|1\n|-unboost|p2b: Wo-Chien|spe|1\n|move|p2b: Wo-Chien|Snarl|p1b: Kyogre|[spread] p1a,p1b\n|-damage|p1a: Tornadus|85/100\n|-damage|p1b: Kyogre|90/100\n|-unboost|p1a: Tornadus|spa|1\n|-unboost|p1b: Kyogre|spa|1\n|move|p2a: Kyogre|Water Spout|p1b: Kyogre|[spread] p1a,p1b\n|-resisted|p1b: Kyogre\n|-damage|p1a: Tornadus|19/100\n|-damage|p1b: Kyogre|66/100\n|\n|-weather|RainDance|[upkeep]\n|-heal|p2b: Wo-Chien|41/100|[from] item: Leftovers\n|upkeep\n|turn|2\n|inactive|EllenJoe2026 has 30 seconds left.\n|\n|t:|1770924138\n|move|p1b: Kyogre|Water Spout|p2b: Wo-Chien|[spread] p2a,p2b\n|-resisted|p2a: Kyogre\n|-resisted|p2b: Wo-Chien\n|-damage|p2a: Kyogre|47/100\n|-damage|p2b: Wo-Chien|20/100\n|move|p1a: Tornadus|Icy Wind|p2a: Kyogre|[spread] p2a\n|-miss|p1a: Tornadus|p2b: Wo-Chien\n|-supereffective|p2a: Kyogre\n|-damage|p2a: Kyogre|40/100\n|-unboost|p2a: Kyogre|spe|1\n|move|p2b: Wo-Chien|Pollen Puff|p2a: Kyogre\n|-heal|p2a: Kyogre|90/100\n|move|p2a: Kyogre|Thunder|p1b: Kyogre\n|-supereffective|p1b: Kyogre\n|-damage|p1b: Kyogre|0 fnt\n|faint|p1b: Kyogre\n|\n|-weather|RainDance|[upkeep]\n|-heal|p2b: Wo-Chien|26/100|[from] item: Leftovers\n|upkeep\n|\n|t:|1770924159\n|switch|p1b: Urshifu|Urshifu-Rapid-Strike, L50, F|100/100\n|turn|3\n|\n|t:|1770924179\n|move|p1b: Urshifu|Surging Strikes|p2a: Kyogre\n|-resisted|p2a: Kyogre\n|-crit|p2a: Kyogre\n|-damage|p2a: Kyogre|73/100\n|-resisted|p2a: Kyogre\n|-crit|p2a: Kyogre\n|-damage|p2a: Kyogre|55/100\n|-resisted|p2a: Kyogre\n|-crit|p2a: Kyogre\n|-damage|p2a: Kyogre|39/100\n|-hitcount|p2a: Kyogre|3\n|move|p1a: Tornadus|Icy Wind|p2b: Wo-Chien|[spread] p2a,p2b\n|-supereffective|p2a: Kyogre\n|-supereffective|p2b: Wo-Chien\n|-damage|p2a: Kyogre|32/100\n|-damage|p2b: Wo-Chien|14/100\n|-unboost|p2a: Kyogre|spe|1\n|-unboost|p2b: Wo-Chien|spe|1\n|move|p2b: Wo-Chien|Pollen Puff|p2a: Kyogre\n|-heal|p2a: Kyogre|81/100\n|move|p2a: Kyogre|Water Spout|p1b: Urshifu|[spread] p1a,p1b\n|-resisted|p1b: Urshifu\n|-damage|p1a: Tornadus|0 fnt\n|-damage|p1b: Urshifu|39/100\n|faint|p1a: Tornadus\n|\n|-weather|RainDance|[upkeep]\n|-heal|p2b: Wo-Chien|20/100|[from] item: Leftovers\n|upkeep\n|\n|t:|1770924189\n|switch|p1a: Calyrex|Calyrex-Shadow, L50|100/100\n|-ability|p1a: Calyrex|As One\n|-ability|p1a: Calyrex|Unnerve\n|turn|4\n|\n|t:|1770924208\n|move|p2b: Wo-Chien|Protect|p2b: Wo-Chien\n|-singleturn|p2b: Wo-Chien|Protect\n|move|p1a: Calyrex|Astral Barrage|p2b: Wo-Chien|[spread] p2a\n|-activate|p2b: Wo-Chien|move: Protect\n|-damage|p2a: Kyogre|42/100\n|move|p1b: Urshifu|Surging Strikes|p2a: Kyogre\n|-resisted|p2a: Kyogre\n|-crit|p2a: Kyogre\n|-damage|p2a: Kyogre|25/100\n|-resisted|p2a: Kyogre\n|-crit|p2a: Kyogre\n|-damage|p2a: Kyogre|7/100\n|-resisted|p2a: Kyogre\n|-crit|p2a: Kyogre\n|-damage|p2a: Kyogre|0 fnt\n|faint|p2a: Kyogre\n|-hitcount|p2: Kyogre|3\n|\n|-weather|RainDance|[upkeep]\n|-heal|p2b: Wo-Chien|26/100|[from] item: Leftovers\n|upkeep\n|\n|t:|1770924221\n|switch|p2a: Urshifu|Urshifu-Rapid-Strike, L50, F|100/100\n|turn|5\n|j| SaburuZ\n|\n|t:|1770924231\n|move|p2a: Urshifu|Surging Strikes|p1a: Calyrex\n|-crit|p1a: Calyrex\n|-damage|p1a: Calyrex|70/100\n|-crit|p1a: Calyrex\n|-damage|p1a: Calyrex|42/100\n|-crit|p1a: Calyrex\n|-damage|p1a: Calyrex|14/100\n|-hitcount|p1a: Calyrex|3\n|move|p1a: Calyrex|Astral Barrage|p2a: Urshifu|[spread] p2a,p2b\n|-resisted|p2b: Wo-Chien\n|-damage|p2a: Urshifu|0 fnt\n|-damage|p2b: Wo-Chien|0 fnt\n|faint|p2a: Urshifu\n|faint|p2b: Wo-Chien\n|-ability|p1a: Calyrex|Grim Neigh|boost\n|-boost|p1a: Calyrex|spa|2\n|move|p1b: Urshifu|Surging Strikes|p2: Urshifu|[notarget]\n|-fail|p1b: Urshifu\n|\n|-weather|none\n|upkeep\n|\n|t:|1770924245\n|switch|p2a: Calyrex|Calyrex-Shadow, L50|100/100\n|-ability|p2a: Calyrex|As One\n|-ability|p2a: Calyrex|Unnerve\n|turn|6\n|\n|t:|1770924248\n|move|p2a: Calyrex|Astral Barrage|p1b: Urshifu|[spread] p1a,p1b\n|-supereffective|p1a: Calyrex\n|-damage|p1a: Calyrex|0 fnt\n|-damage|p1b: Urshifu|0 fnt\n|faint|p1a: Calyrex\n|faint|p1b: Urshifu\n|\n|win|iam confuced\n|raw|EllenJoe2026's rating: 1466 &rarr; <strong>1443</strong><br />(-23 for losing)\n|raw|iam confuced's rating: 1407 &rarr; <strong>1430</strong><br />(+23 for winning)\n|l|\u2606EllenJoe2026\n|player|p1|\n|l|\u2606iam confuced\n|player|p2|\n|l| SaburuZ\n","uploadtime":1770924424,"views":32,"formatid":"gen9vgc2026regi","rating":1430,"private":0,"password":null}