{"id":"gen9vgc2026regi-2588717045","format":"[Gen 9] VGC 2026 Reg I","players":["jj11j1","sheeshshane925"],"log":"|j|\u2606jj11j1\n|j|\u2606sheeshshane925\n|t:|1776661387\n|gametype|doubles\n|player|p1|jj11j1|101|1562\n|player|p2|sheeshshane925|chuck|1676\n|gen|9\n|tier|[Gen 9] VGC 2026 Reg I\n|rated|\n|rule|Species Clause: Limit one of each Pok\u00e9mon\n|rule|Item Clause: Limit 1 of each item\n|clearpoke\n|poke|p1|Ho-Oh, L50|\n|poke|p1|Calyrex-Ice, L50|\n|poke|p1|Overqwil, L50, F|\n|poke|p1|Ting-Lu, L50|\n|poke|p1|Rillaboom, L50, F|\n|poke|p1|Ogerpon-Wellspring, L50, F|\n|poke|p2|Calyrex-Ice, L50|\n|poke|p2|Miraidon, L50|\n|poke|p2|Farigiraf, L50, M|\n|poke|p2|Iron Hands, L50|\n|poke|p2|Scraggy, L50, M|\n|poke|p2|Iron Bundle, L50|\n|teampreview|4\n|inactive|Battle timer is ON: inactive players will automatically lose when time's up. (requested by jj11j1)\n|inactive|sheeshshane925 has 60 seconds left.\n|\n|t:|1776661442\n|teamsize|p1|4\n|teamsize|p2|4\n|start\n|switch|p1a: Ting-Lu|Ting-Lu, L50|100/100\n|switch|p1b: Calyrex|Calyrex-Ice, L50|100/100\n|switch|p2a: Calyrex|Calyrex-Ice, L50|100/100\n|switch|p2b: Farigiraf|Farigiraf, L50, M, shiny|100/100\n|-ability|p1b: Calyrex|As One\n|-ability|p1b: Calyrex|Unnerve\n|-ability|p2a: Calyrex|As One\n|-ability|p2a: Calyrex|Unnerve\n|-ability|p1a: Ting-Lu|Vessel of Ruin\n|turn|1\n|inactive|jj11j1 has 30 seconds left.\n|\n|t:|1776661468\n|switch|p1a: Overqwil|Overqwil, L50, F|100/100\n|-ability|p1a: Overqwil|Intimidate|boost\n|-fail|p2a: Calyrex|unboost|[from] item: Clear Amulet|[of] p2a: Calyrex\n|-unboost|p2b: Farigiraf|atk|1\n|-terastallize|p1b: Calyrex|Water\n|move|p2a: Calyrex|Protect|p2a: Calyrex\n|-singleturn|p2a: Calyrex|Protect\n|move|p2b: Farigiraf|Foul Play|p1b: Calyrex\n|-damage|p1b: Calyrex|81/100\n|move|p1b: Calyrex|Leech Seed|p2a: Calyrex\n|-activate|p2a: Calyrex|move: Protect\n|\n|-heal|p1b: Calyrex|87/100|[from] item: Leftovers\n|upkeep\n|turn|2\n|\n|t:|1776661489\n|switch|p2b: Scraggy|Scraggy, L50, M|100/100\n|-ability|p2b: Scraggy|Intimidate|boost\n|-unboost|p1a: Overqwil|atk|1\n|-unboost|p1b: Calyrex|atk|1\n|-terastallize|p2a: Calyrex|Fire\n|move|p1a: Overqwil|Toxic Spikes|p2a: Calyrex\n|-sidestart|p2: sheeshshane925|move: Toxic Spikes\n|move|p1b: Calyrex|Leech Seed|p2a: Calyrex\n|-start|p2a: Calyrex|move: Leech Seed\n|move|p2a: Calyrex|Trick Room|p2a: Calyrex\n|-fieldstart|move: Trick Room|[of] p2a: Calyrex\n|\n|-heal|p1b: Calyrex|93/100|[from] item: Leftovers\n|-damage|p2a: Calyrex|88/100|[from] Leech Seed|[of] p1b: Calyrex\n|-heal|p1b: Calyrex|100/100|[silent]\n|upkeep\n|turn|3\n|\n|t:|1776661512\n|move|p2b: Scraggy|Coaching|p2a: Calyrex\n|-boost|p2a: Calyrex|atk|1\n|-boost|p2a: Calyrex|def|1\n|move|p1b: Calyrex|Leech Seed|p2b: Scraggy\n|-start|p2b: Scraggy|move: Leech Seed\n|move|p2a: Calyrex|Glacial Lance|p1b: Calyrex|[spread] p1a,p1b\n|-resisted|p1b: Calyrex\n|-damage|p1a: Overqwil|20/100\n|-damage|p1b: Calyrex|79/100\n|move|p1a: Overqwil|Toxic Spikes|p2b: Scraggy\n|-sidestart|p2: sheeshshane925|move: Toxic Spikes\n|\n|-heal|p1b: Calyrex|85/100|[from] item: Leftovers\n|-heal|p1a: Overqwil|27/100|[from] item: Black Sludge\n|-damage|p2b: Scraggy|89/100|[from] Leech Seed|[of] p1b: Calyrex\n|-heal|p1b: Calyrex|92/100|[silent]\n|-damage|p2a: Calyrex|76/100|[from] Leech Seed|[of] p1b: Calyrex\n|-heal|p1b: Calyrex|100/100|[silent]\n|upkeep\n|turn|4\n|\n|t:|1776661536\n|move|p2b: Scraggy|Coaching|p2a: Calyrex\n|-boost|p2a: Calyrex|atk|1\n|-boost|p2a: Calyrex|def|1\n|move|p1b: Calyrex|Glacial Lance|p2a: Calyrex|[spread] p2a,p2b\n|-resisted|p2a: Calyrex\n|-damage|p2a: Calyrex|72/100\n|-damage|p2b: Scraggy|57/100\n|move|p2a: Calyrex|Glacial Lance|p1a: Overqwil|[spread] p1a,p1b\n|-resisted|p1b: Calyrex\n|-damage|p1a: Overqwil|0 fnt\n|-damage|p1b: Calyrex|70/100\n|faint|p1a: Overqwil\n|-ability|p2a: Calyrex|Chilling Neigh|boost\n|-boost|p2a: Calyrex|atk|1\n|\n|-heal|p1b: Calyrex|75/100|[from] item: Leftovers\n|-damage|p2b: Scraggy|45/100|[from] Leech Seed|[of] p1b: Calyrex\n|-heal|p1b: Calyrex|83/100|[silent]\n|-damage|p2a: Calyrex|59/100|[from] Leech Seed|[of] p1b: Calyrex\n|-heal|p1b: Calyrex|95/100|[silent]\n|upkeep\n|\n|t:|1776661555\n|switch|p1a: Ho-Oh|Ho-Oh, L50|100/100\n|turn|5\n|\n|t:|1776661567\n|move|p2b: Scraggy|Endeavor|p1b: Calyrex\n|-damage|p1b: Calyrex|28/100\n|move|p1b: Calyrex|Glacial Lance|p2b: Scraggy|[spread] p2a,p2b\n|-resisted|p2a: Calyrex\n|-damage|p2a: Calyrex|55/100\n|-damage|p2b: Scraggy|14/100\n|move|p2a: Calyrex|Glacial Lance|p1a: Ho-Oh|[spread] p1a,p1b\n|-resisted|p1b: Calyrex\n|-damage|p1a: Ho-Oh|3/100\n|-damage|p1b: Calyrex|0 fnt\n|faint|p1b: Calyrex\n|-ability|p2a: Calyrex|Chilling Neigh|boost\n|-boost|p2a: Calyrex|atk|1\n|move|p1a: Ho-Oh|Whirlwind|p2a: Calyrex\n|drag|p2a: Miraidon|Miraidon, L50, shiny|100/100\n|-status|p2a: Miraidon|tox\n|-fieldstart|move: Electric Terrain|[from] ability: Hadron Engine|[of] p2a: Miraidon\n|\n|-damage|p2a: Miraidon|95/100 tox|[from] psn\n|upkeep\n|\n|t:|1776661589\n|switch|p1b: Ting-Lu|Ting-Lu, L50|100/100\n|-ability|p1b: Ting-Lu|Vessel of Ruin\n|turn|6\n|\n|t:|1776661601\n|switch|p2b: Farigiraf|Farigiraf, L50, M, shiny|100/100\n|-status|p2b: Farigiraf|tox\n|-enditem|p2b: Farigiraf|Electric Seed\n|-boost|p2b: Farigiraf|def|1|[from] item: Electric Seed\n|move|p2a: Miraidon|Protect|p2a: Miraidon\n|-singleturn|p2a: Miraidon|Protect\n|move|p1b: Ting-Lu|Earthquake|p2b: Farigiraf|[spread] p2b\n|-activate|p2a: Miraidon|move: Protect\n|-immune|p1a: Ho-Oh\n|-damage|p2b: Farigiraf|72/100 tox\n|move|p1a: Ho-Oh|Whirlwind|p2a: Miraidon\n|drag|p2a: Calyrex|Calyrex-Ice, L50, tera:Fire|55/100\n|-ability|p2a: Calyrex|As One\n|-ability|p2a: Calyrex|Unnerve\n|-status|p2a: Calyrex|tox\n|\n|-damage|p2a: Calyrex|49/100 tox|[from] psn\n|-damage|p2b: Farigiraf|66/100 tox|[from] psn\n|-fieldend|move: Trick Room\n|upkeep\n|turn|7\n|\n|t:|1776661625\n|switch|p2a: Scraggy|Scraggy, L50, M|14/100\n|-status|p2a: Scraggy|tox\n|-ability|p2a: Scraggy|Intimidate|boost\n|-unboost|p1a: Ho-Oh|atk|1\n|-unboost|p1b: Ting-Lu|atk|1\n|move|p1a: Ho-Oh|Life Dew||[still]|[spread] p1a,p1b\n|-heal|p1a: Ho-Oh|28/100\n|-fail|p1b: Ting-Lu|heal\n|move|p2b: Farigiraf|Psychic|p1a: Ho-Oh\n|-damage|p1a: Ho-Oh|15/100\n|move|p1b: Ting-Lu|Earthquake|p2b: Farigiraf|[spread] p2a,p2b\n|-immune|p1a: Ho-Oh\n|-damage|p2a: Scraggy|0 fnt\n|-damage|p2b: Farigiraf|47/100 tox\n|faint|p2a: Scraggy\n|\n|-damage|p2b: Farigiraf|35/100 tox|[from] psn\n|upkeep\n|\n|t:|1776661634\n|switch|p2a: Miraidon|Miraidon, L50, shiny|95/100 tox\n|-activate|p2a: Miraidon|ability: Hadron Engine\n|turn|8\n|\n|t:|1776661649\n|move|p2b: Farigiraf|Helping Hand|p2a: Miraidon\n|-singleturn|p2a: Miraidon|Helping Hand|[of] p2b: Farigiraf\n|move|p2a: Miraidon|Dazzling Gleam|p1a: Ho-Oh|[spread] p1a,p1b\n|-resisted|p1a: Ho-Oh\n|-supereffective|p1b: Ting-Lu\n|-damage|p1a: Ho-Oh|1/100\n|-damage|p1b: Ting-Lu|22/100\n|-damage|p2a: Miraidon|85/100 tox|[from] item: Life Orb\n|move|p1a: Ho-Oh|Life Dew|p1a: Ho-Oh|[spread] p1a,p1b\n|-heal|p1a: Ho-Oh|26/100\n|-heal|p1b: Ting-Lu|47/100\n|move|p1b: Ting-Lu|Earthquake|p2a: Miraidon|[spread] p2a,p2b\n|-immune|p1a: Ho-Oh\n|-supereffective|p2a: Miraidon\n|-damage|p2a: Miraidon|15/100 tox\n|-damage|p2b: Farigiraf|16/100 tox\n|\n|-damage|p2a: Miraidon|10/100 tox|[from] psn\n|-damage|p2b: Farigiraf|0 fnt|[from] psn\n|faint|p2b: Farigiraf\n|upkeep\n|\n|t:|1776661657\n|switch|p2b: Calyrex|Calyrex-Ice, L50, tera:Fire|49/100 tox\n|-ability|p2b: Calyrex|As One\n|-ability|p2b: Calyrex|Unnerve\n|turn|9\n|\n|t:|1776661674\n|move|p1a: Ho-Oh|Protect|p1a: Ho-Oh\n|-singleturn|p1a: Ho-Oh|Protect\n|move|p2a: Miraidon|Dazzling Gleam|p1b: Ting-Lu|[spread] p1b\n|-activate|p1a: Ho-Oh|move: Protect\n|-supereffective|p1b: Ting-Lu\n|-damage|p1b: Ting-Lu|0 fnt\n|faint|p1b: Ting-Lu\n|-damage|p2a: Miraidon|0 fnt|[from] item: Life Orb\n|faint|p2a: Miraidon\n|move|p2b: Calyrex|Glacial Lance|p1a: Ho-Oh\n|-activate|p1a: Ho-Oh|move: Protect\n|\n|-damage|p2b: Calyrex|43/100 tox|[from] psn\n|-fieldend|move: Electric Terrain\n|upkeep\n|turn|10\n|c|\u2606sheeshshane925|gg\n|\n|t:|1776661692\n|move|p1a: Ho-Oh|Life Dew|p1a: Ho-Oh\n|-heal|p1a: Ho-Oh|51/100\n|move|p2b: Calyrex|Glacial Lance|p1a: Ho-Oh\n|-damage|p1a: Ho-Oh|0 fnt\n|faint|p1a: Ho-Oh\n|\n|win|sheeshshane925\n|raw|jj11j1's rating: 1562 &rarr; <strong>1548</strong><br />(-14 for losing)\n|raw|sheeshshane925's rating: 1676 &rarr; <strong>1690</strong><br />(+14 for winning)\n|l|\u2606jj11j1\n|player|p1|\n|l|\u2606sheeshshane925\n|player|p2|\n","uploadtime":1776661948,"views":25,"formatid":"gen9vgc2026regi","rating":1548,"private":0,"password":null}