{"id":"gen9vgc2026regi-2548215386","format":"[Gen 9] VGC 2026 Reg I","players":["zebraschinge","501JFW"],"log":"|j|\u2606zebraschinge\n|j|\u2606501JFW\n|t:|1772188595\n|gametype|doubles\n|player|p1|zebraschinge|wallace|1513\n|player|p2|501JFW|265|1557\n|gen|9\n|tier|[Gen 9] VGC 2026 Reg I\n|rated|\n|rule|Species Clause: Limit one of each Pok\u00e9mon\n|rule|Item Clause: Limit 1 of each item\n|clearpoke\n|poke|p1|Miraidon, L50|\n|poke|p1|Grimmsnarl, L50, M|\n|poke|p1|Calyrex-Ice, L50|\n|poke|p1|Farigiraf, L50, F|\n|poke|p1|Murkrow, L50, F|\n|poke|p1|Diglett, L50, F|\n|poke|p2|Kyogre, L50|\n|poke|p2|Calyrex-Ice, L50|\n|poke|p2|Amoonguss, L50, M|\n|poke|p2|Flutter Mane, L50|\n|poke|p2|Grimmsnarl, L50, M|\n|poke|p2|Basculegion, L50, M|\n|teampreview|4\n|inactive|Battle timer is ON: inactive players will automatically lose when time's up. (requested by zebraschinge)\n|inactive|zebraschinge has 60 seconds left.\n|\n|t:|1772188642\n|teamsize|p1|4\n|teamsize|p2|4\n|start\n|switch|p1a: Digda|Diglett, L50, F|100/100\n|switch|p1b: Miraidon|Miraidon, L50|100/100\n|switch|p2a: Grimmsnarl|Grimmsnarl, L50, M, shiny|100/100\n|switch|p2b: Calyrex|Calyrex-Ice, L50|100/100\n|-ability|p2b: Calyrex|As One\n|-ability|p2b: Calyrex|Unnerve\n|-fieldstart|move: Electric Terrain|[from] ability: Hadron Engine|[of] p1b: Miraidon\n|turn|1\n|\n|t:|1772188666\n|move|p2a: Grimmsnarl|Light Screen|p2a: Grimmsnarl\n|-sidestart|p2: 501JFW|move: Light Screen\n|move|p1a: Digda|Endeavor|p2b: Calyrex\n|-damage|p2b: Calyrex|34/100\n|move|p1b: Miraidon|Dragon Pulse|p2b: Calyrex\n|-crit|p2b: Calyrex\n|-damage|p2b: Calyrex|0 fnt\n|faint|p2b: Calyrex\n|-damage|p1b: Miraidon|91/100|[from] item: Life Orb\n|\n|upkeep\n|inactive|501JFW has 30 seconds left.\n|\n|t:|1772188696\n|switch|p2b: Kyogre|Kyogre, L50, shiny|100/100\n|-weather|RainDance|[from] ability: Drizzle|[of] p2b: Kyogre\n|turn|2\n|\n|t:|1772188720\n|move|p1a: Digda|Endeavor|p2b: Kyogre\n|-damage|p2b: Kyogre|34/100\n|move|p1b: Miraidon|Parabolic Charge|p2a: Grimmsnarl|[spread] p2a,p2b\n|-immune|p1a: Digda\n|-supereffective|p2b: Kyogre\n|-damage|p2a: Grimmsnarl|66/100\n|-heal|p1b: Miraidon|100/100|[from] drain|[of] p2a: Grimmsnarl\n|-damage|p2b: Kyogre|0 fnt\n|faint|p2b: Kyogre\n|-damage|p1b: Miraidon|91/100|[from] item: Life Orb\n|move|p2a: Grimmsnarl|Spirit Break|p1b: Miraidon\n|-supereffective|p1b: Miraidon\n|-damage|p1b: Miraidon|42/100\n|-unboost|p1b: Miraidon|spa|1\n|\n|-weather|RainDance|[upkeep]\n|upkeep\n|\n|t:|1772188723\n|switch|p2b: Basculegion|Basculegion, L50, M, shiny|100/100\n|turn|3\n|inactive|zebraschinge has 30 seconds left.\n|inactive|501JFW has 30 seconds left.\n|\n|t:|1772188752\n|move|p1a: Digda|Protect|p1a: Digda\n|-singleturn|p1a: Digda|Protect\n|move|p1b: Miraidon|Protect|p1b: Miraidon\n|-singleturn|p1b: Miraidon|Protect\n|move|p2b: Basculegion|Last Respects|p1b: Miraidon\n|-activate|p1b: Miraidon|move: Protect\n|move|p2a: Grimmsnarl|Spirit Break|p1a: Digda\n|-activate|p1a: Digda|move: Protect\n|\n|-weather|RainDance|[upkeep]\n|upkeep\n|turn|4\n|inactive|zebraschinge has 30 seconds left.\n|\n|t:|1772188778\n|move|p2b: Basculegion|Last Respects|p1b: Miraidon\n|-damage|p1b: Miraidon|0 fnt\n|faint|p1b: Miraidon\n|move|p1a: Digda|Foul Play|p2b: Basculegion\n|-supereffective|p2b: Basculegion\n|-damage|p2b: Basculegion|23/100\n|move|p2a: Grimmsnarl|Spirit Break|p1a: Digda\n|-enditem|p1a: Digda|Focus Sash\n|-damage|p1a: Digda|2/100\n|-unboost|p1a: Digda|spa|1\n|\n|-weather|RainDance|[upkeep]\n|upkeep\n|\n|t:|1772188791\n|switch|p1b: Olangaar|Grimmsnarl, L50, M|100/100\n|-item|p2a: Grimmsnarl|Light Clay|[from] ability: Frisk|[of] p1b: Olangaar\n|-item|p2b: Basculegion|Choice Band|[from] ability: Frisk|[of] p1b: Olangaar\n|turn|5\n|-message|501JFW forfeited.\n|\n|win|zebraschinge\n|raw|zebraschinge's rating: 1513 &rarr; <strong>1536</strong><br />(+23 for winning)\n|raw|501JFW's rating: 1557 &rarr; <strong>1534</strong><br />(-23 for losing)\n|l|\u2606501JFW\n|player|p2|\n|l|\u2606zebraschinge\n|player|p1|\n|j|\u2606zebraschinge\n|player|p1|zebraschinge|wallace|\n|l|\u2606zebraschinge\n|player|p1|\n","uploadtime":1772188977,"views":29,"formatid":"gen9vgc2026regi","rating":1534,"private":0,"password":null}