{"id":"gen9vgc2026regi-2554822196","format":"[Gen 9] VGC 2026 Reg I","players":["jj11j1","Darktyranit"],"log":"|j|\u2606jj11j1\n|j|\u2606Darktyranit\n|t:|1773015743\n|gametype|doubles\n|player|p1|jj11j1|266|1219\n|player|p2|Darktyranit|roark|1158\n|gen|9\n|tier|[Gen 9] VGC 2026 Reg I\n|rated|\n|rule|Species Clause: Limit one of each Pok\u00e9mon\n|rule|Item Clause: Limit 1 of each item\n|clearpoke\n|poke|p1|Kyogre, L50|\n|poke|p1|Calyrex-Ice, L50|\n|poke|p1|Landorus, L50, M|\n|poke|p1|Urshifu-*, L50, F|\n|poke|p1|Smeargle, L50, F|\n|poke|p1|Flutter Mane, L50|\n|poke|p2|Amoonguss, L50, F|\n|poke|p2|Calyrex-Ice, L50|\n|poke|p2|Kyogre, L50|\n|poke|p2|Grimmsnarl, L50, M|\n|poke|p2|Ninetales-Alola, L50, F|\n|poke|p2|Basculegion, L50, M|\n|teampreview|4\n|\n|t:|1773015768\n|teamsize|p1|4\n|teamsize|p2|4\n|start\n|switch|p1a: Flutter Mane|Flutter Mane, L50|100/100\n|switch|p1b: Smeargle|Smeargle, L50, F|100/100\n|switch|p2a: Grimmsnarl|Grimmsnarl, L50, M, shiny|100/100\n|switch|p2b: Calyrex|Calyrex-Ice, L50|100/100\n|-ability|p2b: Calyrex|As One\n|-ability|p2b: Calyrex|Unnerve\n|turn|1\n|inactive|Battle timer is ON: inactive players will automatically lose when time's up. (requested by Darktyranit)\n|inactive|jj11j1 has 60 seconds left.\n|\n|t:|1773015800\n|move|p2b: Calyrex|Protect|p2b: Calyrex\n|-singleturn|p2b: Calyrex|Protect\n|move|p1b: Smeargle|Fake Out|p2a: Grimmsnarl\n|-damage|p2a: Grimmsnarl|95/100\n|move|p1a: Flutter Mane|Moonblast|p2a: Grimmsnarl\n|-supereffective|p2a: Grimmsnarl\n|-damage|p2a: Grimmsnarl|7/100\n|cant|p2a: Grimmsnarl|flinch\n|\n|-ability|p1b: Smeargle|Moody|boost\n|-boost|p1b: Smeargle|spd|2\n|-unboost|p1b: Smeargle|spa|1\n|-enditem|p1b: Smeargle|Eject Pack\n|upkeep\n|\n|t:|1773015816\n|switch|p1b: Calyrex|Calyrex-Ice, L50|100/100\n|-ability|p1b: Calyrex|As One\n|-ability|p1b: Calyrex|Unnerve\n|turn|2\n|\n|t:|1773015834\n|switch|p1b: Smeargle|Smeargle, L50, F|100/100\n|move|p2a: Grimmsnarl|Light Screen|p2a: Grimmsnarl\n|-sidestart|p2: Darktyranit|move: Light Screen\n|move|p1a: Flutter Mane|Moonblast|p2a: Grimmsnarl\n|-supereffective|p2a: Grimmsnarl\n|-damage|p2a: Grimmsnarl|0 fnt\n|faint|p2a: Grimmsnarl\n|move|p2b: Calyrex|Glacial Lance|p1b: Smeargle|[spread] p1a,p1b\n|-enditem|p1a: Flutter Mane|Focus Sash\n|-damage|p1a: Flutter Mane|1/100\n|-damage|p1b: Smeargle|0 fnt\n|faint|p1b: Smeargle\n|-ability|p2b: Calyrex|Chilling Neigh|boost\n|-boost|p2b: Calyrex|atk|1\n|\n|upkeep\n|\n|t:|1773015852\n|switch|p1b: Calyrex|Calyrex-Ice, L50|100/100\n|switch|p2a: Ninetales|Ninetales-Alola, L50, F, shiny|100/100\n|-ability|p1b: Calyrex|As One\n|-ability|p1b: Calyrex|Unnerve\n|-weather|Snowscape|[from] ability: Snow Warning|[of] p2a: Ninetales\n|turn|3\n|\n|t:|1773015867\n|-terastallize|p2b: Calyrex|Fairy\n|move|p2a: Ninetales|Dazzling Gleam|p1b: Calyrex|[spread] p1a,p1b\n|-damage|p1a: Flutter Mane|0 fnt\n|-damage|p1b: Calyrex|87/100\n|faint|p1a: Flutter Mane\n|-end|p1a: Flutter Mane|Protosynthesis|[silent]\n|move|p2b: Calyrex|Glacial Lance|p1b: Calyrex\n|-resisted|p1b: Calyrex\n|-damage|p1b: Calyrex|63/100\n|move|p1b: Calyrex|Imprison|p1b: Calyrex\n|-start|p1b: Calyrex|move: Imprison\n|\n|-weather|Snowscape|[upkeep]\n|upkeep\n|\n|t:|1773015882\n|switch|p1a: Kyogre|Kyogre, L50|100/100\n|-weather|RainDance|[from] ability: Drizzle|[of] p1a: Kyogre\n|turn|4\n|\n|t:|1773015902\n|switch|p2b: Kyogre|Kyogre, L50, shiny|100/100\n|-terastallize|p1a: Kyogre|Water\n|move|p2a: Ninetales|Dazzling Gleam|p1a: Kyogre|[spread] p1a,p1b\n|-damage|p1a: Kyogre|88/100\n|-damage|p1b: Calyrex|50/100\n|move|p1a: Kyogre|Water Spout|p2a: Ninetales|[spread] p2a,p2b\n|-resisted|p2b: Kyogre\n|-damage|p2a: Ninetales|13/100\n|-damage|p2b: Kyogre|69/100\n|move|p1b: Calyrex|Trick Room|p1b: Calyrex\n|-fieldstart|move: Trick Room|[of] p1b: Calyrex\n|\n|-weather|RainDance|[upkeep]\n|upkeep\n|turn|5\n|inactive|jj11j1 has 30 seconds left.\n|inactive|jj11j1 has 20 seconds left.\n|inactive|jj11j1 has 15 seconds left.\n|\n|t:|1773015947\n|move|p2a: Ninetales|Protect|p2a: Ninetales\n|-singleturn|p2a: Ninetales|Protect\n|move|p1a: Kyogre|Water Spout|p2a: Ninetales|[spread] p2b\n|-activate|p2a: Ninetales|move: Protect\n|-resisted|p2b: Kyogre\n|-damage|p2b: Kyogre|37/100\n|move|p1b: Calyrex|Seed Bomb|p2b: Kyogre\n|-supereffective|p2b: Kyogre\n|-damage|p2b: Kyogre|0 fnt\n|faint|p2b: Kyogre\n|-ability|p1b: Calyrex|Chilling Neigh|boost\n|-boost|p1b: Calyrex|atk|1\n|\n|-weather|RainDance|[upkeep]\n|upkeep\n|\n|t:|1773015957\n|switch|p2b: Calyrex|Calyrex-Ice, L50, tera:Fairy|100/100\n|-ability|p2b: Calyrex|As One\n|-ability|p2b: Calyrex|Unnerve\n|turn|6\n|l|\u2606Darktyranit\n|inactive|Darktyranit disconnected and has a minute to reconnect!\n|player|p2|\n|inactive|Darktyranit has 30 seconds left.\n|inactive|Darktyranit has 20 seconds left.\n|inactive|Darktyranit has 15 seconds left.\n|inactive|Darktyranit has 10 seconds left.\n|inactive|Darktyranit has 5 seconds left.\n|-message|Darktyranit lost due to inactivity.\n|\n|win|jj11j1\n|raw|jj11j1's rating: 1219 &rarr; <strong>1240</strong><br />(+21 for winning)\n|raw|Darktyranit's rating: 1158 &rarr; <strong>1137</strong><br />(-21 for losing)\n|l|\u2606jj11j1\n|player|p1|\n","uploadtime":1773016196,"views":12,"formatid":"gen9vgc2026regi","rating":1137,"private":0,"password":null}