{"id":"gen9vgc2026regi-2563040646","format":"[Gen 9] VGC 2026 Reg I","players":["1VLTSQ Joker","csr burrito"],"log":"|raw|<div class=\"broadcast-blue\"><strong>This battle is required to be public due to a player having a name starting with '1vltsq'.</div>\n|j|\u26061VLTSQ Joker\n|j|\u2606csr burrito\n|t:|1773976606\n|gametype|doubles\n|player|p1|1VLTSQ Joker|blue|1370\n|player|p2|csr burrito|101|1473\n|gen|9\n|tier|[Gen 9] VGC 2026 Reg I\n|rated|\n|rule|Species Clause: Limit one of each Pok\u00e9mon\n|rule|Item Clause: Limit 1 of each item\n|clearpoke\n|poke|p1|Calyrex-Ice, L50|\n|poke|p1|Smeargle, L50, F|\n|poke|p1|Kyogre, L50|\n|poke|p1|Maushold, L50|\n|poke|p1|Volcarona, L50, F|\n|poke|p1|Chesnaught, L50, M|\n|poke|p2|Grimmsnarl, L50, M|\n|poke|p2|Clefairy, L50, F|\n|poke|p2|Calyrex-Shadow, L50|\n|poke|p2|Incineroar, L50, M|\n|poke|p2|Koraidon, L50|\n|poke|p2|Rillaboom, L50, M|\n|teampreview|4\n|inactive|Battle timer is ON: inactive players will automatically lose when time's up. (requested by csr burrito)\n|inactive|csr burrito has 60 seconds left.\n|\n|t:|1773976656\n|teamsize|p1|4\n|teamsize|p2|4\n|start\n|switch|p1a: Calyrex|Calyrex-Ice, L50|100/100\n|switch|p1b: Smeargle|Smeargle, L50, F|100/100\n|switch|p2a: Grimmsnarl|Grimmsnarl, L50, M|100/100\n|switch|p2b: Incineroar|Incineroar, L50, M|100/100\n|-ability|p1a: Calyrex|As One\n|-ability|p1a: Calyrex|Unnerve\n|-ability|p2b: Incineroar|Intimidate|boost\n|-unboost|p1a: Calyrex|atk|1\n|-unboost|p1b: Smeargle|atk|1\n|turn|1\n|inactive|1VLTSQ Joker has 30 seconds left.\n|inactive|1VLTSQ Joker has 20 seconds left.\n|inactive|1VLTSQ Joker has 15 seconds left.\n|inactive|1VLTSQ Joker has 10 seconds left.\n|inactive|1VLTSQ Joker has 5 seconds left.\n|\n|t:|1773976711\n|move|p1b: Smeargle|Follow Me|p1b: Smeargle\n|-singleturn|p1b: Smeargle|move: Follow Me\n|move|p2a: Grimmsnarl|Thunder Wave|p1b: Smeargle\n|-status|p1b: Smeargle|par\n|move|p1a: Calyrex|Glacial Lance|p2b: Incineroar|[spread] p2a,p2b\n|-resisted|p2b: Incineroar\n|-damage|p2a: Grimmsnarl|65/100\n|-damage|p2b: Incineroar|88/100\n|move|p2b: Incineroar|Taunt|p1b: Smeargle\n|-start|p1b: Smeargle|move: Taunt\n|\n|-ability|p1b: Smeargle|Moody|boost\n|-boost|p1b: Smeargle|def|2\n|-unboost|p1b: Smeargle|spe|1\n|upkeep\n|turn|2\n|c|\u26061VLTSQ Joker|nice timer bro\n|inactive|1VLTSQ Joker has 30 seconds left.\n|\n|t:|1773976739\n|switch|p1b: Maushold|Maushold, L50|100/100\n|move|p1a: Calyrex|Glacial Lance|p2a: Grimmsnarl|[spread] p2a,p2b\n|-resisted|p2b: Incineroar\n|-damage|p2a: Grimmsnarl|29/100\n|-damage|p2b: Incineroar|76/100\n|move|p2a: Grimmsnarl|Spirit Break|p1b: Maushold\n|-damage|p1b: Maushold|54/100\n|-unboost|p1b: Maushold|spa|1\n|move|p2b: Incineroar|Parting Shot|p1a: Calyrex\n|-unboost|p1a: Calyrex|atk|1\n|-unboost|p1a: Calyrex|spa|1\n|\n|t:|1773976748\n|switch|p2b: Calyrex|Calyrex-Shadow, L50|100/100|[from] Parting Shot\n|-ability|p2b: Calyrex|As One\n|-ability|p2b: Calyrex|Unnerve\n|\n|upkeep\n|turn|3\n|\n|t:|1773976758\n|-terastallize|p2b: Calyrex|Fairy\n|-terastallize|p1a: Calyrex|Grass\n|move|p2a: Grimmsnarl|Reflect|p2a: Grimmsnarl\n|-sidestart|p2: csr burrito|Reflect\n|move|p2b: Calyrex|Nasty Plot|p2b: Calyrex\n|-boost|p2b: Calyrex|spa|2\n|move|p1b: Maushold|Bite|p2b: Calyrex\n|-resisted|p2b: Calyrex\n|-damage|p2b: Calyrex|94/100\n|move|p1a: Calyrex|Crunch|p2b: Calyrex\n|-resisted|p2b: Calyrex\n|-damage|p2b: Calyrex|88/100\n|\n|upkeep\n|turn|4\n|inactive|csr burrito has 30 seconds left.\n|c|\u26061VLTSQ Joker|if youre gonna use timer can you play fast?\n|\n|t:|1773976788\n|move|p2a: Grimmsnarl|Light Screen|p2a: Grimmsnarl\n|-sidestart|p2: csr burrito|move: Light Screen\n|move|p2b: Calyrex|Draining Kiss|p1b: Maushold\n|-damage|p1b: Maushold|0 fnt\n|-heal|p2b: Calyrex|100/100|[from] drain|[of] p1b: Maushold\n|faint|p1b: Maushold\n|-ability|p2b: Calyrex|Grim Neigh|boost\n|-boost|p2b: Calyrex|spa|1\n|move|p1a: Calyrex|Glacial Lance|p2b: Calyrex|[spread] p2a,p2b\n|-damage|p2a: Grimmsnarl|11/100\n|-damage|p2b: Calyrex|82/100\n|\n|upkeep\n|\n|t:|1773976798\n|switch|p1b: Smeargle|Smeargle, L50, F|100/100 par\n|turn|5\n|\n|t:|1773976818\n|switch|p2a: Incineroar|Incineroar, L50, M|76/100\n|-ability|p2a: Incineroar|Intimidate|boost\n|-unboost|p1a: Calyrex|atk|1\n|-unboost|p1b: Smeargle|atk|1\n|move|p2b: Calyrex|Protect|p2b: Calyrex\n|-singleturn|p2b: Calyrex|Protect\n|move|p1a: Calyrex|Glacial Lance|p2b: Calyrex|[spread] p2a\n|-activate|p2b: Calyrex|move: Protect\n|-resisted|p2a: Incineroar\n|-damage|p2a: Incineroar|70/100\n|move|p1b: Smeargle|Spore|p2b: Calyrex\n|-activate|p2b: Calyrex|move: Protect\n|\n|-ability|p1b: Smeargle|Moody|boost\n|-boost|p1b: Smeargle|atk|2\n|-unboost|p1b: Smeargle|spa|1\n|upkeep\n|turn|6\n|\n|t:|1773976831\n|move|p2a: Incineroar|Fake Out|p1b: Smeargle\n|-damage|p1b: Smeargle|73/100 par\n|move|p2b: Calyrex|Draining Kiss|p1b: Smeargle\n|-damage|p1b: Smeargle|0 fnt\n|-heal|p2b: Calyrex|100/100|[from] drain|[of] p1b: Smeargle\n|faint|p1b: Smeargle\n|-ability|p2b: Calyrex|Grim Neigh|boost\n|-boost|p2b: Calyrex|spa|1\n|move|p1a: Calyrex|Glacial Lance|p2a: Incineroar|[spread] p2a,p2b\n|-resisted|p2a: Incineroar\n|-damage|p2a: Incineroar|65/100\n|-damage|p2b: Calyrex|87/100\n|\n|upkeep\n|\n|t:|1773976839\n|switch|p1b: Kyogre|Kyogre, L50|100/100\n|-weather|RainDance|[from] ability: Drizzle|[of] p1b: Kyogre\n|turn|7\n|\n|t:|1773976844\n|switch|p2a: Koraidon|Koraidon, L50, shiny|100/100\n|-weather|SunnyDay|[from] ability: Orichalcum Pulse|[of] p2a: Koraidon\n|-activate|p2a: Koraidon|Orichalcum Pulse|[source]\n|move|p1b: Kyogre|Water Spout|p2b: Calyrex|[spread] p2a,p2b\n|-resisted|p2a: Koraidon\n|-damage|p2a: Koraidon|91/100\n|-damage|p2b: Calyrex|67/100\n|move|p2b: Calyrex|Astral Barrage|p1b: Kyogre|[spread] p1a,p1b\n|-damage|p1a: Calyrex|31/100\n|-damage|p1b: Kyogre|0 fnt\n|faint|p1b: Kyogre\n|-ability|p2b: Calyrex|Grim Neigh|boost\n|-boost|p2b: Calyrex|spa|1\n|move|p1a: Calyrex|Glacial Lance|p2a: Koraidon|[spread] p2a,p2b\n|-supereffective|p2a: Koraidon\n|-damage|p2a: Koraidon|65/100\n|-damage|p2b: Calyrex|54/100\n|\n|-weather|SunnyDay|[upkeep]\n|upkeep\n|turn|8\n|c|\u26061VLTSQ Joker|timer won ya game\n|c|\u26061VLTSQ Joker|gg\n|-message|1VLTSQ Joker forfeited.\n|\n|win|csr burrito\n|raw|1VLTSQ Joker's rating: 1370 &rarr; <strong>1356</strong><br />(-14 for losing)\n|raw|csr burrito's rating: 1473 &rarr; <strong>1487</strong><br />(+14 for winning)\n|l|\u26061VLTSQ Joker\n|player|p1|\n|l|\u2606csr burrito\n|player|p2|\n","uploadtime":1773976876,"views":20,"formatid":"gen9vgc2026regi","rating":1356,"private":0,"password":null}