{"id":"gen9vgc2026regi-2555358372","format":"[Gen 9] VGC 2026 Reg I","players":["honga_honga","plantscience"],"log":"|j|\u2606honga_honga\n|j|\u2606plantscience\n|t:|1773082169\n|gametype|doubles\n|player|p1|honga_honga|2|1274\n|player|p2|plantscience|169|1400\n|gen|9\n|tier|[Gen 9] VGC 2026 Reg I\n|rated|\n|rule|Species Clause: Limit one of each Pok\u00e9mon\n|rule|Item Clause: Limit 1 of each item\n|clearpoke\n|poke|p1|Groudon, L50|\n|poke|p1|Ho-Oh, L50|\n|poke|p1|Typhlosion-Hisui, L50, M|\n|poke|p1|Raging Bolt, L50|\n|poke|p1|Jumpluff, L50, M|\n|poke|p1|Incineroar, L50, M|\n|poke|p2|Chien-Pao, L50|\n|poke|p2|Calyrex-Shadow, L50|\n|poke|p2|Urshifu-*, L50, M|\n|poke|p2|Zamazenta-*, L50|\n|poke|p2|Weezing-Galar, L50, F|\n|poke|p2|Dragonite, L50, F|\n|teampreview|4\n|inactive|Battle timer is ON: inactive players will automatically lose when time's up. (requested by honga_honga)\n|inactive|plantscience has 60 seconds left.\n|\n|t:|1773082203\n|teamsize|p1|4\n|teamsize|p2|4\n|start\n|switch|p1a: Incineroar|Incineroar, L50, M|100/100\n|switch|p1b: Jumpluff|Jumpluff, L50, M|100/100\n|switch|p2a: Weezing|Weezing-Galar, L50, F|100/100\n|switch|p2b: Calyrex|Calyrex-Shadow, L50|100/100\n|-ability|p2a: Weezing|Neutralizing Gas\n|-ability|p2b: Calyrex|As One\n|-ability|p2b: Calyrex|Unnerve\n|turn|1\n|\n|t:|1773082221\n|move|p2b: Calyrex|Astral Barrage|p1b: Jumpluff|[spread] p1a,p1b\n|-resisted|p1a: Incineroar\n|-damage|p1a: Incineroar|72/100\n|-damage|p1b: Jumpluff|41/100\n|move|p1b: Jumpluff|Sleep Powder|p2a: Weezing|[miss]\n|-miss|p1b: Jumpluff|p2a: Weezing\n|move|p2a: Weezing|Poison Gas|p1b: Jumpluff|[spread] p1a,p1b\n|-status|p1a: Incineroar|psn\n|-status|p1b: Jumpluff|psn\n|move|p1a: Incineroar|Knock Off|p2b: Calyrex\n|-supereffective|p2b: Calyrex\n|-enditem|p2b: Calyrex|Focus Sash\n|-damage|p2b: Calyrex|1/100\n|\n|-damage|p1b: Jumpluff|29/100 psn|[from] psn\n|-damage|p1a: Incineroar|60/100 psn|[from] psn\n|upkeep\n|turn|2\n|\n|t:|1773082243\n|move|p2b: Calyrex|Protect|p2b: Calyrex\n|-singleturn|p2b: Calyrex|Protect\n|move|p1b: Jumpluff|Sleep Powder|p2a: Weezing\n|-status|p2a: Weezing|slp|[from] move: Sleep Powder\n|cant|p2a: Weezing|slp\n|move|p1a: Incineroar|Knock Off|p2b: Calyrex\n|-activate|p2b: Calyrex|move: Protect\n|\n|-damage|p1b: Jumpluff|17/100 psn|[from] psn\n|-damage|p1a: Incineroar|48/100 psn|[from] psn\n|upkeep\n|turn|3\n|\n|t:|1773082261\n|switch|p2b: Chien-Pao|Chien-Pao, L50|100/100\n|move|p1b: Jumpluff|Tailwind|p1b: Jumpluff\n|-sidestart|p1: honga_honga|move: Tailwind\n|move|p1a: Incineroar|Knock Off|p2b: Chien-Pao\n|-resisted|p2b: Chien-Pao\n|-damage|p2b: Chien-Pao|79/100\n|-enditem|p2b: Chien-Pao|Assault Vest|[from] move: Knock Off|[of] p1a: Incineroar\n|-curestatus|p2a: Weezing|slp|[msg]\n|move|p2a: Weezing|Dazzling Gleam|p1b: Jumpluff|[spread] p1a,p1b\n|-damage|p1a: Incineroar|31/100 psn\n|-damage|p1b: Jumpluff|0 fnt\n|faint|p1b: Jumpluff\n|\n|-damage|p1a: Incineroar|18/100 psn|[from] psn\n|upkeep\n|j| globalfish39\n|\n|t:|1773082278\n|switch|p1b: Groudon|Groudon, L50|100/100\n|turn|4\n|\n|t:|1773082291\n|move|p2a: Weezing|Protect|p2a: Weezing\n|-singleturn|p2a: Weezing|Protect\n|move|p1b: Groudon|Precipice Blades|p2b: Chien-Pao|[spread] p2b\n|-activate|p2a: Weezing|move: Protect\n|-damage|p2b: Chien-Pao|23/100\n|move|p2b: Chien-Pao|Ice Spinner|p1b: Groudon\n|-supereffective|p1b: Groudon\n|-damage|p1b: Groudon|60/100\n|move|p1a: Incineroar|Parting Shot|p2b: Chien-Pao\n|-unboost|p2b: Chien-Pao|atk|1\n|-unboost|p2b: Chien-Pao|spa|1\n|\n|t:|1773082302\n|switch|p1a: Ho-Oh|Ho-Oh, L50|100/100|[from] Parting Shot\n|\n|upkeep\n|turn|5\n|\n|t:|1773082317\n|switch|p2b: Dragonite|Dragonite, L50, F|100/100\n|move|p1b: Groudon|Precipice Blades|p2b: Dragonite|[spread] p2a\n|-immune|p2b: Dragonite\n|-supereffective|p2a: Weezing\n|-damage|p2a: Weezing|13/100\n|move|p1a: Ho-Oh|Sacred Fire|p2a: Weezing\n|-damage|p2a: Weezing|0 fnt\n|faint|p2a: Weezing\n|-end|p2a: Weezing|ability: Neutralizing Gas\n|-weather|SunnyDay|[from] ability: Drought|[of] p1b: Groudon\n|-damage|p1a: Ho-Oh|91/100|[from] item: Life Orb\n|\n|-weather|SunnyDay|[upkeep]\n|upkeep\n|\n|t:|1773082327\n|switch|p2a: Chien-Pao|Chien-Pao, L50|23/100\n|-ability|p2a: Chien-Pao|Sword of Ruin\n|turn|6\n|\n|t:|1773082341\n|-terastallize|p2b: Dragonite|Normal\n|move|p2b: Dragonite|Extreme Speed|p1a: Ho-Oh\n|-damage|p1a: Ho-Oh|5/100\n|move|p1a: Ho-Oh|Sacred Fire|p2b: Dragonite\n|-damage|p2b: Dragonite|0 fnt\n|faint|p2b: Dragonite\n|-damage|p1a: Ho-Oh|0 fnt|[from] item: Life Orb\n|faint|p1a: Ho-Oh\n|move|p1b: Groudon|Rock Slide|p2a: Chien-Pao\n|-supereffective|p2a: Chien-Pao\n|-damage|p2a: Chien-Pao|0 fnt\n|faint|p2a: Chien-Pao\n|\n|-weather|SunnyDay|[upkeep]\n|-sideend|p1: honga_honga|move: Tailwind\n|upkeep\n|\n|t:|1773082355\n|switch|p2a: Calyrex|Calyrex-Shadow, L50|1/100\n|switch|p1a: Incineroar|Incineroar, L50, M|18/100 psn\n|-ability|p2a: Calyrex|As One\n|-ability|p2a: Calyrex|Unnerve\n|-ability|p1a: Incineroar|Intimidate|boost\n|-unboost|p2a: Calyrex|atk|1\n|turn|7\n|\n|t:|1773082366\n|move|p2a: Calyrex|Protect|p2a: Calyrex\n|-singleturn|p2a: Calyrex|Protect\n|move|p1a: Incineroar|Fake Out|p2a: Calyrex\n|-activate|p2a: Calyrex|move: Protect\n|move|p1b: Groudon|Earthquake|p2a: Calyrex|[spread] p1a\n|-activate|p2a: Calyrex|move: Protect\n|-supereffective|p1a: Incineroar\n|-crit|p1a: Incineroar\n|-damage|p1a: Incineroar|0 fnt\n|faint|p1a: Incineroar\n|\n|-weather|SunnyDay|[upkeep]\n|upkeep\n|turn|8\n|\n|t:|1773082377\n|move|p2a: Calyrex|Astral Barrage|p1b: Groudon\n|-damage|p1b: Groudon|0 fnt\n|faint|p1b: Groudon\n|\n|win|plantscience\n|raw|honga_honga's rating: 1274 &rarr; <strong>1258</strong><br />(-16 for losing)\n|raw|plantscience's rating: 1400 &rarr; <strong>1413</strong><br />(+13 for winning)\n|l|\u2606honga_honga\n|player|p1|\n|l|\u2606plantscience\n|player|p2|\n","uploadtime":1773082615,"views":22,"formatid":"gen9vgc2026regi","rating":1258,"private":0,"password":null}