{"id":"gen9vgc2026regi-2527634436","format":"[Gen 9] VGC 2026 Reg I","players":["cdogp3","mnmnmnmnm6"],"log":"|j|\u2606cdogp3\n|j|\u2606mnmnmnmnm6\n|t:|1769557439\n|gametype|doubles\n|player|p1|cdogp3|hoopster|1482\n|player|p2|mnmnmnmnm6|265|1439\n|gen|9\n|tier|[Gen 9] VGC 2026 Reg I\n|rated|\n|rule|Species Clause: Limit one of each Pok\u00e9mon\n|rule|Item Clause: Limit 1 of each item\n|clearpoke\n|poke|p1|Incineroar, L50, M|\n|poke|p1|Landorus, L50, M|\n|poke|p1|Calyrex-Shadow, L50|\n|poke|p1|Koraidon, L50|\n|poke|p1|Brute Bonnet, L50|\n|poke|p1|Raging Bolt, L50|\n|poke|p2|Miraidon, L50|\n|poke|p2|Landorus-Therian, L50, M|\n|poke|p2|Farigiraf, L50, M|\n|poke|p2|Chi-Yu, L50|\n|poke|p2|Chien-Pao, L50|\n|poke|p2|Zamazenta-*, L50|\n|teampreview|4\n|inactive|Battle timer is ON: inactive players will automatically lose when time's up. (requested by mnmnmnmnm6)\n|inactive|cdogp3 also wants the timer to be on.\n|\n|t:|1769557461\n|teamsize|p1|4\n|teamsize|p2|4\n|start\n|switch|p1a: Mao & Agati|Calyrex-Shadow, L50|100/100\n|switch|p1b: Matthias|Koraidon, L50|100/100\n|switch|p2a: Farigiraf|Farigiraf, L50, M|100/100\n|switch|p2b: Chi-Yu|Chi-Yu, L50|100/100\n|-ability|p1a: Mao & Agati|As One\n|-ability|p1a: Mao & Agati|Unnerve\n|-ability|p2b: Chi-Yu|Beads of Ruin\n|-weather|SunnyDay|[from] ability: Orichalcum Pulse|[of] p1b: Matthias\n|-activate|p1b: Matthias|Orichalcum Pulse|[source]\n|turn|1\n|inactive|mnmnmnmnm6 has 30 seconds left.\n|\n|t:|1769557489\n|-terastallize|p1b: Matthias|Fire\n|move|p1a: Mao & Agati|Protect|p1a: Mao & Agati\n|-singleturn|p1a: Mao & Agati|Protect\n|move|p2b: Chi-Yu|Heat Wave|p1a: Mao & Agati|[spread] \n|-activate|p1a: Mao & Agati|move: Protect\n|-miss|p2b: Chi-Yu|p1b: Matthias\n|move|p1b: Matthias|Flame Charge|p2a: Farigiraf\n|-damage|p2a: Farigiraf|46/100\n|-boost|p1b: Matthias|spe|1\n|move|p2a: Farigiraf|Night Shade|p1b: Matthias\n|-damage|p1b: Matthias|75/100\n|\n|-weather|SunnyDay|[upkeep]\n|upkeep\n|turn|2\n|\n|t:|1769557508\n|switch|p2a: Landorus|Landorus-Therian, L50, M|100/100\n|-ability|p2a: Landorus|Intimidate|boost\n|-unboost|p1a: Mao & Agati|atk|1\n|-fail|p1b: Matthias|unboost|[from] item: Clear Amulet|[of] p1b: Matthias\n|-terastallize|p2b: Chi-Yu|Fire\n|move|p1b: Matthias|Flame Charge|p2a: Landorus\n|-damage|p2a: Landorus|42/100\n|-boost|p1b: Matthias|spe|1\n|move|p2b: Chi-Yu|Heat Wave|p1a: Mao & Agati|[spread] p1a,p1b\n|-resisted|p1b: Matthias\n|-enditem|p1a: Mao & Agati|Focus Sash\n|-damage|p1a: Mao & Agati|1/100\n|-damage|p1b: Matthias|23/100\n|move|p1a: Mao & Agati|Astral Barrage|p2b: Chi-Yu|[spread] p2a,p2b\n|-crit|p2b: Chi-Yu\n|-damage|p2a: Landorus|0 fnt\n|-damage|p2b: Chi-Yu|1/100\n|faint|p2a: Landorus\n|-ability|p1a: Mao & Agati|Grim Neigh|boost\n|-boost|p1a: Mao & Agati|spa|1\n|\n|-weather|SunnyDay|[upkeep]\n|upkeep\n|\n|t:|1769557525\n|switch|p2a: Farigiraf|Farigiraf, L50, M|46/100\n|turn|3\n|\n|t:|1769557531\n|move|p1b: Matthias|Flare Blitz|p2b: Chi-Yu\n|-resisted|p2b: Chi-Yu\n|-damage|p2b: Chi-Yu|0 fnt\n|faint|p2b: Chi-Yu\n|-damage|p1b: Matthias|23/100|[from] Recoil\n|move|p1a: Mao & Agati|Psychic|p2a: Farigiraf\n|-resisted|p2a: Farigiraf\n|-damage|p2a: Farigiraf|15/100\n|move|p2a: Farigiraf|Trick Room|p2a: Farigiraf\n|-fieldstart|move: Trick Room|[of] p2a: Farigiraf\n|\n|-weather|SunnyDay|[upkeep]\n|upkeep\n|\n|t:|1769557540\n|switch|p2b: Zamazenta|Zamazenta-Crowned, L50|100/100\n|-ability|p2b: Zamazenta|Dauntless Shield|boost\n|-boost|p2b: Zamazenta|def|1\n|turn|4\n|\n|t:|1769557548\n|move|p1a: Mao & Agati|Protect|p1a: Mao & Agati\n|-singleturn|p1a: Mao & Agati|Protect\n|move|p2a: Farigiraf|Night Shade|p1a: Mao & Agati\n|-activate|p1a: Mao & Agati|move: Protect\n|move|p2b: Zamazenta|Body Press|p1b: Matthias\n|-damage|p1b: Matthias|0 fnt\n|faint|p1b: Matthias\n|\n|-weather|SunnyDay|[upkeep]\n|upkeep\n|\n|t:|1769557550\n|switch|p1b: Kareem|Incineroar, L50, M|100/100\n|-ability|p1b: Kareem|Intimidate|boost\n|-unboost|p2a: Farigiraf|atk|1\n|-unboost|p2b: Zamazenta|atk|1\n|turn|5\n|\n|t:|1769557557\n|switch|p1a: Aaron|Raging Bolt, L50|100/100\n|-activate|p1a: Aaron|ability: Protosynthesis\n|-start|p1a: Aaron|protosynthesisspa\n|move|p2a: Farigiraf|Night Shade|p1a: Aaron\n|-damage|p1a: Aaron|78/100\n|move|p1b: Kareem|Knock Off|p2a: Farigiraf\n|-supereffective|p2a: Farigiraf\n|-damage|p2a: Farigiraf|0 fnt\n|-enditem|p2a: Farigiraf|Mental Herb|[from] move: Knock Off|[of] p1b: Kareem\n|faint|p2a: Farigiraf\n|move|p2b: Zamazenta|Body Press|p1b: Kareem\n|-supereffective|p1b: Kareem\n|-damage|p1b: Kareem|0 fnt\n|-damage|p2b: Zamazenta|84/100|[from] item: Rocky Helmet|[of] p1b: Kareem\n|faint|p1b: Kareem\n|\n|-weather|none\n|-end|p1a: Aaron|Protosynthesis\n|upkeep\n|\n|t:|1769557563\n|switch|p1b: Mao & Agati|Calyrex-Shadow, L50|1/100\n|-ability|p1b: Mao & Agati|As One\n|-ability|p1b: Mao & Agati|Unnerve\n|turn|6\n|\n|t:|1769557573\n|move|p1a: Aaron|Thunderbolt|p2b: Zamazenta\n|-damage|p2b: Zamazenta|46/100\n|move|p2b: Zamazenta|Heavy Slam|p1b: Mao & Agati\n|-damage|p1b: Mao & Agati|0 fnt\n|faint|p1b: Mao & Agati\n|\n|upkeep\n|turn|7\n|\n|t:|1769557578\n|move|p2b: Zamazenta|Protect|p2b: Zamazenta\n|-singleturn|p2b: Zamazenta|Protect\n|move|p1a: Aaron|Thunderbolt|p2b: Zamazenta\n|-activate|p2b: Zamazenta|move: Protect\n|\n|-fieldend|move: Trick Room\n|upkeep\n|turn|8\n|\n|t:|1769557584\n|move|p2b: Zamazenta|Body Press|p1a: Aaron\n|-damage|p1a: Aaron|18/100\n|move|p1a: Aaron|Thunderbolt|p2b: Zamazenta\n|-damage|p2b: Zamazenta|6/100\n|\n|upkeep\n|turn|9\n|\n|t:|1769557591\n|move|p1a: Aaron|Thunderclap|p2b: Zamazenta\n|-damage|p2b: Zamazenta|0 fnt\n|faint|p2b: Zamazenta\n|\n|win|cdogp3\n|raw|cdogp3's rating: 1482 &rarr; <strong>1500</strong><br />(+18 for winning)\n|raw|mnmnmnmnm6's rating: 1439 &rarr; <strong>1421</strong><br />(-18 for losing)\n|l|\u2606cdogp3\n|player|p1|\n|l|\u2606mnmnmnmnm6\n|player|p2|\n","uploadtime":1769557847,"views":16,"formatid":"gen9vgc2026regi","rating":1421,"private":0,"password":null}