{"id":"gen9vgc2026regi-2564316095","format":"[Gen 9] VGC 2026 Reg I","players":["ChrixsVGC","ScribbleScribble"],"log":"|j|\u2606ChrixsVGC\n|j|\u2606ScribbleScribble\n|t:|1774131780\n|gametype|doubles\n|player|p1|ChrixsVGC|veteran|1474\n|player|p2|ScribbleScribble|mina-lgpe|1723\n|gen|9\n|tier|[Gen 9] VGC 2026 Reg I\n|rated|\n|rule|Species Clause: Limit one of each Pok\u00e9mon\n|rule|Item Clause: Limit 1 of each item\n|clearpoke\n|poke|p1|Zacian-*, L50|\n|poke|p1|Chi-Yu, L50|\n|poke|p1|Calyrex-Shadow, L50|\n|poke|p1|Whimsicott, L50, F|\n|poke|p1|Dondozo, L50, M|\n|poke|p1|Tatsugiri-Stretchy, L50, M|\n|poke|p2|Calyrex-Ice, L50|\n|poke|p2|Kyogre, L50|\n|poke|p2|Tornadus, L50, M|\n|poke|p2|Indeedee-F, L50, F|\n|poke|p2|Urshifu-*, L50, M|\n|poke|p2|Landorus, L50, M|\n|teampreview|4\n|inactive|Battle timer is ON: inactive players will automatically lose when time's up. (requested by ScribbleScribble)\n|inactive|ScribbleScribble has 60 seconds left.\n|\n|t:|1774131810\n|teamsize|p1|4\n|teamsize|p2|4\n|start\n|switch|p1a: Calyrex|Calyrex-Shadow, L50|100/100\n|switch|p1b: Whimsicott|Whimsicott, L50, F|100/100\n|switch|p2a: Calyrex|Calyrex-Ice, L50|100/100\n|switch|p2b: Indeedee|Indeedee-F, L50, F, shiny|100/100\n|-ability|p1a: Calyrex|As One\n|-ability|p1a: Calyrex|Unnerve\n|-ability|p2a: Calyrex|As One\n|-ability|p2a: Calyrex|Unnerve\n|-fieldstart|move: Psychic Terrain|[from] ability: Psychic Surge|[of] p2b: Indeedee\n|-enditem|p2b: Indeedee|Psychic Seed\n|-boost|p2b: Indeedee|spd|1|[from] item: Psychic Seed\n|turn|1\n|\n|t:|1774131824\n|-terastallize|p2a: Calyrex|Grass\n|move|p1b: Whimsicott|Helping Hand|p1a: Calyrex\n|-singleturn|p1a: Calyrex|Helping Hand|[of] p1b: Whimsicott\n|move|p1a: Calyrex|Pollen Puff|p2b: Indeedee\n|-supereffective|p2b: Indeedee\n|-damage|p2b: Indeedee|5/100\n|-damage|p1a: Calyrex|91/100|[from] item: Life Orb\n|move|p2a: Calyrex|Glacial Lance|p1a: Calyrex|[spread] p1a,p1b\n|-supereffective|p1b: Whimsicott\n|-damage|p1a: Calyrex|23/100\n|-damage|p1b: Whimsicott|0 fnt\n|faint|p1b: Whimsicott\n|-ability|p2a: Calyrex|Chilling Neigh|boost\n|-boost|p2a: Calyrex|atk|1\n|move|p2b: Indeedee|Trick Room|p2b: Indeedee\n|-fieldstart|move: Trick Room|[of] p2b: Indeedee\n|\n|upkeep\n|\n|t:|1774131838\n|switch|p1b: Dondozo|Dondozo, L50, M|100/100\n|turn|2\n|\n|t:|1774131854\n|switch|p2b: Urshifu|Urshifu-Rapid-Strike, L50, M|100/100\n|switch|p1a: Tatsugiri|Tatsugiri-Stretchy, L50, M|100/100\n|-activate|p1a: Tatsugiri|ability: Commander|[of] p1b: Dondozo\n|-boost|p1b: Dondozo|atk|2\n|-boost|p1b: Dondozo|spa|2\n|-boost|p1b: Dondozo|spe|2\n|-boost|p1b: Dondozo|def|2\n|-boost|p1b: Dondozo|spd|2\n|move|p2a: Calyrex|Seed Bomb|p1b: Dondozo\n|-supereffective|p1b: Dondozo\n|-damage|p1b: Dondozo|66/100\n|move|p1b: Dondozo|Earthquake|p2b: Urshifu|[spread] p2a,p2b\n|-miss|p1b: Dondozo|p1a: Tatsugiri\n|-resisted|p2a: Calyrex\n|-damage|p2a: Calyrex|86/100\n|-damage|p2b: Urshifu|54/100\n|\n|-heal|p1b: Dondozo|73/100|[from] item: Leftovers\n|upkeep\n|turn|3\n|\n|t:|1774131873\n|-terastallize|p1b: Dondozo|Dragon\n|move|p2a: Calyrex|Seed Bomb|p1b: Dondozo\n|-resisted|p1b: Dondozo\n|-damage|p1b: Dondozo|64/100\n|move|p2b: Urshifu|Close Combat|p1b: Dondozo\n|-damage|p1b: Dondozo|31/100\n|-unboost|p2b: Urshifu|def|1\n|-unboost|p2b: Urshifu|spd|1\n|move|p1b: Dondozo|Order Up|p2b: Urshifu\n|-damage|p2b: Urshifu|0 fnt\n|faint|p2b: Urshifu\n|-boost|p1b: Dondozo|spe|1\n|\n|-heal|p1b: Dondozo|37/100|[from] item: Leftovers\n|upkeep\n|\n|t:|1774131878\n|switch|p2b: Indeedee|Indeedee-F, L50, F, shiny|5/100\n|turn|4\n|\n|t:|1774131892\n|move|p1b: Dondozo|Protect|p1b: Dondozo\n|-singleturn|p1b: Dondozo|Protect\n|move|p2b: Indeedee|Psychic|p1b: Dondozo\n|-activate|p1b: Dondozo|move: Protect\n|move|p2a: Calyrex|Glacial Lance|p1a: Tatsugiri|[spread] \n|-miss|p2a: Calyrex|p1a: Tatsugiri\n|-activate|p1b: Dondozo|move: Protect\n|\n|-heal|p1b: Dondozo|43/100|[from] item: Leftovers\n|upkeep\n|turn|5\n|\n|t:|1774131899\n|switch|p2b: Tornadus|Tornadus, L50, M|100/100\n|move|p1b: Dondozo|Protect|p1b: Dondozo\n|-singleturn|p1b: Dondozo|Protect\n|move|p2a: Calyrex|Glacial Lance|p1b: Dondozo|[spread] \n|-miss|p2a: Calyrex|p1a: Tatsugiri\n|-activate|p1b: Dondozo|move: Protect\n|\n|-heal|p1b: Dondozo|49/100|[from] item: Leftovers\n|-fieldend|move: Trick Room\n|-fieldend|move: Psychic Terrain\n|upkeep\n|turn|6\n|\n|t:|1774131911\n|move|p2b: Tornadus|Tailwind|p2b: Tornadus\n|-sidestart|p2: ScribbleScribble|move: Tailwind\n|move|p2a: Calyrex|Glacial Lance|p1b: Dondozo|[spread] p1b\n|-miss|p2a: Calyrex|p1a: Tatsugiri\n|-supereffective|p1b: Dondozo\n|-damage|p1b: Dondozo|14/100\n|move|p1b: Dondozo|Order Up|p2a: Calyrex\n|-damage|p2a: Calyrex|38/100\n|-boost|p1b: Dondozo|spe|1\n|\n|-heal|p1b: Dondozo|20/100|[from] item: Leftovers\n|upkeep\n|turn|7\n|\n|t:|1774131925\n|move|p1b: Dondozo|Protect|p1b: Dondozo\n|-singleturn|p1b: Dondozo|Protect\n|move|p2b: Tornadus|Bleakwind Storm|p1b: Dondozo|[spread] \n|-miss|p2b: Tornadus|p1a: Tatsugiri\n|-activate|p1b: Dondozo|move: Protect\n|move|p2a: Calyrex|Glacial Lance|p1a: Tatsugiri|[spread] \n|-miss|p2a: Calyrex|p1a: Tatsugiri\n|-activate|p1b: Dondozo|move: Protect\n|\n|-heal|p1b: Dondozo|26/100|[from] item: Leftovers\n|upkeep\n|turn|8\n|\n|t:|1774131941\n|move|p2b: Tornadus|Bleakwind Storm|p1b: Dondozo|[spread] p1b\n|-miss|p2b: Tornadus|p1a: Tatsugiri\n|-damage|p1b: Dondozo|7/100\n|move|p1b: Dondozo|Order Up|p2a: Calyrex\n|-damage|p2a: Calyrex|0 fnt\n|faint|p2a: Calyrex\n|-boost|p1b: Dondozo|spe|1\n|\n|-heal|p1b: Dondozo|13/100|[from] item: Leftovers\n|upkeep\n|\n|t:|1774131944\n|switch|p2a: Indeedee|Indeedee-F, L50, F, shiny|5/100\n|-fieldstart|move: Psychic Terrain|[from] ability: Psychic Surge|[of] p2a: Indeedee\n|turn|9\n|\n|t:|1774131963\n|move|p2b: Tornadus|Bleakwind Storm|p1a: Tatsugiri|[spread] p1b\n|-miss|p2b: Tornadus|p1a: Tatsugiri\n|-damage|p1b: Dondozo|0 fnt\n|faint|p1b: Dondozo\n|move|p2a: Indeedee|Trick Room|p2a: Indeedee\n|-fieldstart|move: Trick Room|[of] p2a: Indeedee\n|\n|-sideend|p2: ScribbleScribble|move: Tailwind\n|upkeep\n|\n|t:|1774131969\n|switch|p1b: Calyrex|Calyrex-Shadow, L50|23/100\n|-ability|p1b: Calyrex|As One\n|-ability|p1b: Calyrex|Unnerve\n|turn|10\n|\n|t:|1774131972\n|move|p1b: Calyrex|Protect|p1b: Calyrex\n|-singleturn|p1b: Calyrex|Protect\n|move|p1a: Tatsugiri|Muddy Water|p2b: Tornadus|[spread] p2b\n|-miss|p1a: Tatsugiri|p2a: Indeedee\n|-damage|p2b: Tornadus|56/100\n|-unboost|p2b: Tornadus|accuracy|1\n|move|p2a: Indeedee|Psychic|p1a: Tatsugiri\n|-damage|p1a: Tatsugiri|55/100\n|move|p2b: Tornadus|Bleakwind Storm|p1b: Calyrex|[spread] \n|-activate|p1b: Calyrex|move: Protect\n|-miss|p2b: Tornadus|p1a: Tatsugiri\n|\n|upkeep\n|turn|11\n|\n|t:|1774131988\n|move|p1a: Tatsugiri|Muddy Water|p2a: Indeedee|[spread] p2a\n|-miss|p1a: Tatsugiri|p2b: Tornadus\n|-damage|p2a: Indeedee|0 fnt\n|faint|p2a: Indeedee\n|move|p2b: Tornadus|Bleakwind Storm|p1a: Tatsugiri|[spread] p1a,p1b\n|-damage|p1a: Tatsugiri|14/100\n|-damage|p1b: Calyrex|0 fnt\n|-enditem|p1a: Tatsugiri|Sitrus Berry|[eat]\n|-heal|p1a: Tatsugiri|39/100|[from] item: Sitrus Berry\n|faint|p1b: Calyrex\n|\n|upkeep\n|turn|12\n|\n|t:|1774131997\n|move|p1a: Tatsugiri|Draco Meteor|p2b: Tornadus\n|-damage|p2b: Tornadus|0 fnt\n|-unboost|p1a: Tatsugiri|spa|2\n|faint|p2b: Tornadus\n|\n|win|ChrixsVGC\n|raw|ChrixsVGC's rating: 1474 &rarr; <strong>1506</strong><br />(+32 for winning)\n|raw|ScribbleScribble's rating: 1723 &rarr; <strong>1691</strong><br />(-32 for losing)\n|l|\u2606ScribbleScribble\n|player|p2|\n|l|\u2606ChrixsVGC\n|player|p1|\n","uploadtime":1774132172,"views":18,"formatid":"gen9vgc2026regi","rating":1506,"private":0,"password":null}