{"id":"gen9vgc2026regi-2562087384","format":"[Gen 9] VGC 2026 Reg I","players":["Mirthinion","Ice124567890"],"log":"|j|\u2606Mirthinion\n|j|\u2606Ice124567890\n|t:|1773869830\n|gametype|doubles\n|player|p1|Mirthinion|janitor|1383\n|player|p2|Ice124567890|1|1435\n|gen|9\n|tier|[Gen 9] VGC 2026 Reg I\n|rated|\n|rule|Species Clause: Limit one of each Pok\u00e9mon\n|rule|Item Clause: Limit 1 of each item\n|clearpoke\n|poke|p1|Calyrex-Shadow, L50|\n|poke|p1|Zamazenta-*, L50|\n|poke|p1|Urshifu-*, L50, M|\n|poke|p1|Incineroar, L50, M|\n|poke|p1|Rillaboom, L50, M|\n|poke|p1|Tornadus, L50, M|\n|poke|p2|Incineroar, L50, M|\n|poke|p2|Calyrex-Ice, L50|\n|poke|p2|Rillaboom, L50, M|\n|poke|p2|Smeargle, L50, F|\n|poke|p2|Landorus, L50, M|\n|poke|p2|Koraidon, L50|\n|teampreview|4\n|inactive|Battle timer is ON: inactive players will automatically lose when time's up. (requested by Ice124567890)\n|inactive|Mirthinion also wants the timer to be on.\nMirthinion rejected open team sheets.\n|\n|t:|1773869844\n|teamsize|p1|4\n|teamsize|p2|4\n|start\n|switch|p1a: Vangwe|Tornadus, L50, M|100/100\n|switch|p1b: Beowulf|Urshifu-Rapid-Strike, L50, M|100/100\n|switch|p2a: Calyrex|Calyrex-Ice, L50|100/100\n|switch|p2b: Smeargle|Smeargle, L50, F|100/100\n|-ability|p2a: Calyrex|As One\n|-ability|p2a: Calyrex|Unnerve\n|turn|1\n|\n|t:|1773869859\n|-terastallize|p1b: Beowulf|Ghost\n|-terastallize|p2b: Smeargle|Grass\n|move|p1a: Vangwe|Taunt|p2a: Calyrex\n|-start|p2a: Calyrex|move: Taunt\n|move|p1b: Beowulf|Surging Strikes|p2b: Smeargle\n|-resisted|p2b: Smeargle\n|-crit|p2b: Smeargle\n|-damage|p2b: Smeargle|73/100\n|-resisted|p2b: Smeargle\n|-crit|p2b: Smeargle\n|-damage|p2b: Smeargle|45/100\n|-resisted|p2b: Smeargle\n|-crit|p2b: Smeargle\n|-damage|p2b: Smeargle|14/100\n|-hitcount|p2b: Smeargle|3\n|move|p2b: Smeargle|Spore|p1b: Beowulf\n|-status|p1b: Beowulf|slp|[from] move: Spore\n|move|p2a: Calyrex|Glacial Lance|p1b: Beowulf|[spread] p1a,p1b\n|-supereffective|p1a: Vangwe\n|-damage|p1a: Vangwe|0 fnt\n|-damage|p1b: Beowulf|48/100 slp\n|faint|p1a: Vangwe\n|-ability|p2a: Calyrex|Chilling Neigh|boost\n|-boost|p2a: Calyrex|atk|1\n|\n|-ability|p2b: Smeargle|Moody|boost\n|-boost|p2b: Smeargle|atk|2\n|-unboost|p2b: Smeargle|spa|1\n|upkeep\n|inactive|Mirthinion has 30 seconds left.\n|\n|t:|1773869885\n|switch|p1a: Drambor|Zamazenta-Crowned, L50|100/100\n|-ability|p1a: Drambor|Dauntless Shield|boost\n|-boost|p1a: Drambor|def|1\n|turn|2\n|\n|t:|1773869901\n|move|p1a: Drambor|Behemoth Bash|p2b: Smeargle\n|-damage|p2b: Smeargle|0 fnt\n|faint|p2b: Smeargle\n|cant|p1b: Beowulf|slp\n|move|p2a: Calyrex|Glacial Lance|p1a: Drambor|[spread] p1a,p1b\n|-resisted|p1a: Drambor\n|-damage|p1a: Drambor|82/100\n|-damage|p1b: Beowulf|0 fnt\n|faint|p1b: Beowulf\n|-ability|p2a: Calyrex|Chilling Neigh|boost\n|-boost|p2a: Calyrex|atk|1\n|\n|upkeep\n|\n|t:|1773869924\n|switch|p1b: Mithrandir|Calyrex-Shadow, L50|100/100\n|switch|p2b: Rillaboom|Rillaboom, L50, M|100/100\n|-ability|p1b: Mithrandir|As One\n|-ability|p1b: Mithrandir|Unnerve\n|-fieldstart|move: Grassy Terrain|[from] ability: Grassy Surge|[of] p2b: Rillaboom\n|turn|3\n|\n|t:|1773869936\n|move|p1a: Drambor|Wide Guard|p1a: Drambor\n|-singleturn|p1a: Drambor|Wide Guard\n|move|p2b: Rillaboom|Fake Out|p1a: Drambor\n|-resisted|p1a: Drambor\n|-damage|p1a: Drambor|80/100\n|move|p1b: Mithrandir|Nasty Plot|p1b: Mithrandir\n|-boost|p1b: Mithrandir|spa|2\n|move|p2a: Calyrex|Glacial Lance|p1b: Mithrandir|[spread] \n|-activate|p1a: Drambor|move: Wide Guard\n|-activate|p1b: Mithrandir|move: Wide Guard\n|\n|-heal|p1a: Drambor|86/100|[from] Grassy Terrain\n|-end|p2a: Calyrex|move: Taunt\n|upkeep\n|turn|4\n|inactive|Mirthinion has 30 seconds left.\n|inactive|Ice124567890 has 30 seconds left.\n|\n|t:|1773869968\n|move|p2a: Calyrex|Protect|p2a: Calyrex\n|-singleturn|p2a: Calyrex|Protect\n|move|p1b: Mithrandir|Astral Barrage|p2b: Rillaboom|[spread] p2b\n|-activate|p2a: Calyrex|move: Protect\n|-damage|p2b: Rillaboom|27/100\n|move|p1a: Drambor|Body Press|p2a: Calyrex\n|-activate|p2a: Calyrex|move: Protect\n|move|p2b: Rillaboom|Wood Hammer|p1b: Mithrandir\n|-crit|p1b: Mithrandir\n|-enditem|p1b: Mithrandir|Focus Sash\n|-damage|p1b: Mithrandir|1/100\n|-damage|p2b: Rillaboom|0 fnt|[from] Recoil\n|faint|p2b: Rillaboom\n|\n|-heal|p1b: Mithrandir|7/100|[from] Grassy Terrain\n|-heal|p1a: Drambor|92/100|[from] Grassy Terrain\n|upkeep\n|\n|t:|1773869970\n|switch|p2b: Landorus|Landorus, L50, M|100/100\n|turn|5\n|\n|t:|1773869993\n|move|p2b: Landorus|Protect|p2b: Landorus\n|-singleturn|p2b: Landorus|Protect\n|move|p1b: Mithrandir|Astral Barrage|p2b: Landorus|[spread] p2a\n|-activate|p2b: Landorus|move: Protect\n|-supereffective|p2a: Calyrex\n|-damage|p2a: Calyrex|0 fnt\n|faint|p2a: Calyrex\n|-ability|p1b: Mithrandir|Grim Neigh|boost\n|-boost|p1b: Mithrandir|spa|1\n|move|p1a: Drambor|Body Press|p2b: Landorus\n|-activate|p2b: Landorus|move: Protect\n|\n|-heal|p1b: Mithrandir|13/100|[from] Grassy Terrain\n|-heal|p1a: Drambor|98/100|[from] Grassy Terrain\n|upkeep\n|turn|6\n|\n|t:|1773870009\n|move|p1b: Mithrandir|Astral Barrage|p2b: Landorus\n|-damage|p2b: Landorus|0 fnt\n|faint|p2b: Landorus\n|\n|win|Mirthinion\n|raw|Mirthinion's rating: 1383 &rarr; <strong>1406</strong><br />(+23 for winning)\n|raw|Ice124567890's rating: 1435 &rarr; <strong>1412</strong><br />(-23 for losing)\n|l|\u2606Ice124567890\n|player|p2|\n","uploadtime":1773870016,"views":80,"formatid":"gen9vgc2026regi","rating":1406,"private":0,"password":null}