{"id":"gen9vgc2026regi-2580426504","format":"[Gen 9] VGC 2026 Reg I","players":["FRESHmustard","dragoonlong"],"log":"|j|\u2606FRESHmustard\n|j|\u2606dragoonlong\n|t:|1775894759\n|gametype|doubles\n|player|p1|FRESHmustard|clair|1410\n|player|p2|dragoonlong|2|1444\n|gen|9\n|tier|[Gen 9] VGC 2026 Reg I\n|rated|\n|rule|Species Clause: Limit one of each Pok\u00e9mon\n|rule|Item Clause: Limit 1 of each item\n|clearpoke\n|poke|p1|Lunala, L50|\n|poke|p1|Ursaluna, L50, F|\n|poke|p1|Urshifu-*, L50, F|\n|poke|p1|Miraidon, L50|\n|poke|p1|Grimmsnarl, L50, M|\n|poke|p1|Incineroar, L50, M|\n|poke|p2|Muk-Alola, L50, F|\n|poke|p2|Smeargle, L50, F|\n|poke|p2|Calyrex-Shadow, L50|\n|poke|p2|Kyogre, L50|\n|poke|p2|Flamigo, L50, F|\n|poke|p2|Rillaboom, L50, F|\n|teampreview|4\n|inactive|Battle timer is ON: inactive players will automatically lose when time's up. (requested by dragoonlong)\n|\n|t:|1775894784\n|teamsize|p1|4\n|teamsize|p2|4\n|start\n|switch|p1a: Incineroar|Incineroar, L50, M|100/100\n|switch|p1b: Lunala|Lunala, L50|100/100\n|switch|p2a: Muk|Muk-Alola, L50, F|100/100\n|switch|p2b: Smeargle|Smeargle, L50, F|100/100\n|-ability|p1a: Incineroar|Intimidate|boost\n|-unboost|p2a: Muk|atk|1\n|-unboost|p2b: Smeargle|atk|1\n|turn|1\n|inactive|FRESHmustard has 30 seconds left.\n|inactive|FRESHmustard has 20 seconds left.\n|inactive|FRESHmustard has 15 seconds left.\n|inactive|FRESHmustard has 10 seconds left.\n|\n|t:|1775894834\n|-terastallize|p1b: Lunala|Fairy\n|move|p1a: Incineroar|Fake Out|p2a: Muk\n|-damage|p2a: Muk|93/100\n|move|p2b: Smeargle|Spore|p1b: Lunala\n|-status|p1b: Lunala|slp|[from] move: Spore\n|cant|p1b: Lunala|slp\n|cant|p2a: Muk|flinch\n|\n|-heal|p2a: Muk|99/100|[from] item: Leftovers\n|-ability|p2b: Smeargle|Moody|boost\n|-boost|p2b: Smeargle|def|2\n|-unboost|p2b: Smeargle|spe|1\n|upkeep\n|turn|2\n|\n|t:|1775894852\n|switch|p1b: Miraidon|Miraidon, L50|100/100\n|-fieldstart|move: Electric Terrain|[from] ability: Hadron Engine|[of] p1b: Miraidon\n|move|p2b: Smeargle|Spore|p1a: Incineroar\n|-activate|p1a: Incineroar|move: Electric Terrain\n|move|p1a: Incineroar|Will-O-Wisp|p2a: Muk\n|-status|p2a: Muk|brn\n|move|p2a: Muk|Minimize|p2a: Muk\n|-boost|p2a: Muk|evasion|2\n|\n|-heal|p2a: Muk|100/100 brn|[from] item: Leftovers\n|-damage|p2a: Muk|94/100 brn|[from] brn\n|-ability|p2b: Smeargle|Moody|boost\n|-boost|p2b: Smeargle|spe|2\n|-unboost|p2b: Smeargle|atk|1\n|upkeep\n|turn|3\n|inactive|FRESHmustard has 30 seconds left.\n|\n|t:|1775894882\n|move|p2b: Smeargle|Salt Cure|p1b: Miraidon\n|-damage|p1b: Miraidon|99/100\n|-start|p1b: Miraidon|Salt Cure\n|move|p1b: Miraidon|Electro Drift|p2a: Muk|[miss]\n|-miss|p1b: Miraidon|p2a: Muk\n|move|p1a: Incineroar|Knock Off|p2b: Smeargle\n|-damage|p2b: Smeargle|66/100\n|-enditem|p2b: Smeargle|Focus Sash|[from] move: Knock Off|[of] p1a: Incineroar\n|move|p2a: Muk|Minimize|p2a: Muk\n|-boost|p2a: Muk|evasion|2\n|\n|-heal|p2a: Muk|100/100 brn|[from] item: Leftovers\n|-damage|p2a: Muk|94/100 brn|[from] brn\n|-damage|p1b: Miraidon|87/100|[from] Salt Cure\n|-ability|p2b: Smeargle|Moody|boost\n|-boost|p2b: Smeargle|spd|2\n|-unboost|p2b: Smeargle|spe|1\n|upkeep\n|turn|4\n|\n|t:|1775894903\n|switch|p1a: Lunala|Lunala, L50, tera:Fairy|100/100 slp\n|-enditem|p1a: Lunala|Electric Seed\n|-boost|p1a: Lunala|def|1|[from] item: Electric Seed\n|move|p1b: Miraidon|Electro Drift|p2a: Muk\n|-damage|p2a: Muk|17/100 brn\n|move|p2b: Smeargle|Salt Cure|p1a: Lunala\n|-damage|p1a: Lunala|99/100 slp\n|-start|p1a: Lunala|Salt Cure\n|move|p2a: Muk|Minimize|p2a: Muk\n|-boost|p2a: Muk|evasion|2\n|\n|-heal|p2a: Muk|23/100 brn|[from] item: Leftovers\n|-damage|p2a: Muk|17/100 brn|[from] brn\n|-damage|p1b: Miraidon|75/100|[from] Salt Cure\n|-damage|p1a: Lunala|88/100 slp|[from] Salt Cure\n|-ability|p2b: Smeargle|Moody|boost\n|-boost|p2b: Smeargle|spd|2\n|-unboost|p2b: Smeargle|spa|1\n|upkeep\n|turn|5\n|\n|t:|1775894923\n|switch|p1a: Incineroar|Incineroar, L50, M|100/100\n|-ability|p1a: Incineroar|Intimidate|boost\n|-unboost|p2a: Muk|atk|1\n|-unboost|p2b: Smeargle|atk|1\n|move|p2b: Smeargle|Follow Me|p2b: Smeargle\n|-singleturn|p2b: Smeargle|move: Follow Me\n|move|p1b: Miraidon|Electro Drift|p2b: Smeargle\n|-damage|p2b: Smeargle|0 fnt\n|faint|p2b: Smeargle\n|-ability|p2a: Muk|Moody|Power of Alchemy|[from] ability: Power of Alchemy|[of] p2b: Smeargle\n|move|p2a: Muk|Poison Gas|p1a: Incineroar|[spread] p1a,p1b\n|-status|p1a: Incineroar|psn\n|-status|p1b: Miraidon|psn\n|\n|-heal|p2a: Muk|23/100 brn|[from] item: Leftovers\n|-damage|p1b: Miraidon|63/100 psn|[from] psn\n|-damage|p1a: Incineroar|88/100 psn|[from] psn\n|-damage|p2a: Muk|17/100 brn|[from] brn\n|-damage|p1b: Miraidon|51/100 psn|[from] Salt Cure\n|-ability|p2a: Muk|Moody|boost\n|-boost|p2a: Muk|spa|2\n|-unboost|p2a: Muk|spd|1\n|upkeep\n|\n|t:|1775894944\n|switch|p2b: \u7329|Rillaboom, L50, F|100/100\n|-fieldstart|move: Grassy Terrain|[from] ability: Grassy Surge|[of] p2b: \u7329\n|turn|6\n|\n|t:|1775894953\n|switch|p1a: Lunala|Lunala, L50, tera:Fairy|88/100 slp\n|move|p2b: \u7329|Fake Out|p1a: Lunala\n|-damage|p1a: Lunala|79/100 slp\n|move|p1b: Miraidon|Volt Switch|p2a: Muk\n|-damage|p2a: Muk|0 fnt\n|faint|p2a: Muk\n|\n|t:|1775894962\n|switch|p1b: Incineroar|Incineroar, L50, M|88/100 psn|[from] Volt Switch\n|-ability|p1b: Incineroar|Intimidate|boost\n|-unboost|p2b: \u7329|atk|1\n|\n|-heal|p1a: Lunala|85/100 slp|[from] Grassy Terrain\n|-heal|p1b: Incineroar|94/100 psn|[from] Grassy Terrain\n|-damage|p1b: Incineroar|82/100 psn|[from] psn\n|upkeep\n|\n|t:|1775894965\n|switch|p2a: \u6709\u8010\u4e45|Calyrex-Shadow, L50|100/100\n|-ability|p2a: \u6709\u8010\u4e45|As One\n|-ability|p2a: \u6709\u8010\u4e45|Unnerve\n|turn|7\n|\n|t:|1775894979\n|-terastallize|p2a: \u6709\u8010\u4e45|Dark\n|move|p2a: \u6709\u8010\u4e45|Astral Barrage|p1b: Incineroar|[spread] p1a,p1b\n|-resisted|p1b: Incineroar\n|-damage|p1a: Lunala|35/100 slp\n|-damage|p1b: Incineroar|47/100 psn\n|move|p2b: \u7329|U-turn|p1b: Incineroar\n|-damage|p1b: Incineroar|37/100 psn\n|-damage|p2b: \u7329|84/100|[from] item: Rocky Helmet|[of] p1b: Incineroar\n|move|p1b: Incineroar|Knock Off|p2a: \u6709\u8010\u4e45\n|-resisted|p2a: \u6709\u8010\u4e45\n|-damage|p2a: \u6709\u8010\u4e45|76/100\n|-enditem|p2a: \u6709\u8010\u4e45|Spell Tag|[from] move: Knock Off|[of] p1b: Incineroar\n|cant|p1a: Lunala|slp\n|\n|-heal|p2a: \u6709\u8010\u4e45|82/100|[from] Grassy Terrain\n|-heal|p1a: Lunala|41/100 slp|[from] Grassy Terrain\n|-heal|p2b: \u7329|90/100|[from] Grassy Terrain\n|-heal|p1b: Incineroar|43/100 psn|[from] Grassy Terrain\n|-damage|p1b: Incineroar|30/100 psn|[from] psn\n|upkeep\n|turn|8\n|\n|t:|1775894996\n|cant|p1a: Lunala|slp\n|move|p2a: \u6709\u8010\u4e45|Astral Barrage|p1a: Lunala|[spread] p1a,p1b\n|-resisted|p1b: Incineroar\n|-damage|p1a: Lunala|0 fnt\n|-damage|p1b: Incineroar|5/100 psn\n|faint|p1a: Lunala\n|-ability|p2a: \u6709\u8010\u4e45|Grim Neigh|boost\n|-boost|p2a: \u6709\u8010\u4e45|spa|1\n|move|p2b: \u7329|U-turn|p1b: Incineroar\n|-damage|p1b: Incineroar|0 fnt\n|-damage|p2b: \u7329|73/100|[from] item: Rocky Helmet|[of] p1b: Incineroar\n|faint|p1b: Incineroar\n|\n|-heal|p2a: \u6709\u8010\u4e45|88/100|[from] Grassy Terrain\n|-heal|p2b: \u7329|79/100|[from] Grassy Terrain\n|upkeep\n|\n|t:|1775895006\n|switch|p1a: Ursaluna|Ursaluna, L50, F|100/100\n|switch|p1b: Miraidon|Miraidon, L50|51/100 psn\n|-fieldstart|move: Electric Terrain|[from] ability: Hadron Engine|[of] p1b: Miraidon\n|turn|9\n|\n|t:|1775895021\n|move|p2a: \u6709\u8010\u4e45|Astral Barrage|p1b: Miraidon|[spread] p1b\n|-immune|p1a: Ursaluna\n|-damage|p1b: Miraidon|6/100 psn\n|move|p1b: Miraidon|Draco Meteor|p2b: \u7329\n|-damage|p2b: \u7329|13/100\n|-unboost|p1b: Miraidon|spa|2\n|move|p2b: \u7329|Wood Hammer|p1a: Ursaluna\n|-supereffective|p1a: Ursaluna\n|-damage|p1a: Ursaluna|41/100\n|-damage|p2b: \u7329|0 fnt|[from] Recoil\n|faint|p2b: \u7329\n|move|p1a: Ursaluna|Facade|p2a: \u6709\u8010\u4e45\n|-damage|p2a: \u6709\u8010\u4e45|36/100\n|\n|-damage|p1b: Miraidon|0 fnt|[from] psn\n|faint|p1b: Miraidon\n|-status|p1a: Ursaluna|brn|[from] item: Flame Orb\n|upkeep\n|turn|10\n|\n|t:|1775895045\n|move|p2a: \u6709\u8010\u4e45|Protect|p2a: \u6709\u8010\u4e45\n|-singleturn|p2a: \u6709\u8010\u4e45|Protect\n|move|p1a: Ursaluna|Facade|p2a: \u6709\u8010\u4e45\n|-activate|p2a: \u6709\u8010\u4e45|move: Protect\n|\n|-damage|p1a: Ursaluna|35/100 brn|[from] brn\n|upkeep\n|turn|11\n|\n|t:|1775895051\n|move|p2a: \u6709\u8010\u4e45|Psychic|p1a: Ursaluna\n|-damage|p1a: Ursaluna|0 fnt\n|faint|p1a: Ursaluna\n|\n|win|dragoonlong\n|raw|FRESHmustard's rating: 1410 &rarr; <strong>1392</strong><br />(-18 for losing)\n|raw|dragoonlong's rating: 1444 &rarr; <strong>1462</strong><br />(+18 for winning)\n|l|\u2606dragoonlong\n|player|p2|\n|l|\u2606FRESHmustard\n|player|p1|\n","uploadtime":1775895252,"views":14,"formatid":"gen9vgc2026regi","rating":1392,"private":0,"password":null}