{"id":"gen9vgc2026regi-2562898903","format":"[Gen 9] VGC 2026 Reg I","players":["It'sJustKen VGC","Poliwhirl100"],"log":"|j|\u2606It'sJustKen VGC\n|j|\u2606Poliwhirl100\n|t:|1773960433\n|gametype|doubles\n|player|p1|It'sJustKen VGC|102|1477\n|player|p2|Poliwhirl100|parasollady|1356\n|gen|9\n|tier|[Gen 9] VGC 2026 Reg I\n|rated|\n|rule|Species Clause: Limit one of each Pok\u00e9mon\n|rule|Item Clause: Limit 1 of each item\n|clearpoke\n|poke|p1|Iron Hands, L50|\n|poke|p1|Incineroar, L50, M|\n|poke|p1|Calyrex-Shadow, L50|\n|poke|p1|Whimsicott, L50, M|\n|poke|p1|Farigiraf, L50, F|\n|poke|p1|Miraidon, L50|\n|poke|p2|Calyrex-Ice, L50|\n|poke|p2|Incineroar, L50, F|\n|poke|p2|Rillaboom, L50, M|\n|poke|p2|Lunala, L50|\n|poke|p2|Amoonguss, L50, M|\n|poke|p2|Exeggutor-Alola, L50, M|\n|teampreview|4\n|inactive|Battle timer is ON: inactive players will automatically lose when time's up. (requested by It'sJustKen VGC)\n|\n|t:|1773960456\n|teamsize|p1|4\n|teamsize|p2|4\n|start\n|switch|p1a: Calyrex|Calyrex-Shadow, L50|100/100\n|switch|p1b: Incineroar|Incineroar, L50, M|100/100\n|switch|p2a: Lunala|Lunala, L50|100/100\n|switch|p2b: Incineroar|Incineroar, L50, F|100/100\n|-ability|p1a: Calyrex|As One\n|-ability|p1a: Calyrex|Unnerve\n|-ability|p2b: Incineroar|Intimidate|boost\n|-unboost|p1a: Calyrex|atk|1\n|-unboost|p1b: Incineroar|atk|1\n|-ability|p1b: Incineroar|Intimidate|boost\n|-unboost|p2a: Lunala|atk|1\n|-unboost|p2b: Incineroar|atk|1\n|turn|1\n|inactive|Poliwhirl100 has 30 seconds left.\n|\n|t:|1773960486\n|-terastallize|p1a: Calyrex|Ghost\n|-terastallize|p2a: Lunala|Dark\n|move|p2a: Lunala|Wide Guard|p2a: Lunala\n|-singleturn|p2a: Lunala|Wide Guard\n|move|p1b: Incineroar|Fake Out|p2b: Incineroar\n|-damage|p2b: Incineroar|93/100\n|-damage|p1b: Incineroar|84/100|[from] item: Rocky Helmet|[of] p2b: Incineroar\n|move|p1a: Calyrex|Astral Barrage|p2b: Incineroar|[spread] \n|-activate|p2a: Lunala|move: Wide Guard\n|-activate|p2b: Incineroar|move: Wide Guard\n|cant|p2b: Incineroar|flinch\n|\n|upkeep\n|turn|2\n|inactive|It'sJustKen VGC has 30 seconds left.\n|\n|t:|1773960517\n|move|p1a: Calyrex|Astral Barrage|p2b: Incineroar|[spread] p2a,p2b\n|-resisted|p2a: Lunala\n|-resisted|p2b: Incineroar\n|-damage|p2a: Lunala|87/100\n|-damage|p2b: Incineroar|57/100\n|move|p2b: Incineroar|Knock Off|p1a: Calyrex\n|-supereffective|p1a: Calyrex\n|-damage|p1a: Calyrex|41/100\n|-enditem|p1a: Calyrex|Focus Sash|[from] move: Knock Off|[of] p2b: Incineroar\n|move|p1b: Incineroar|U-turn|p2a: Lunala\n|-supereffective|p2a: Lunala\n|-damage|p2a: Lunala|65/100\n|\n|t:|1773960523\n|switch|p1b: Miraidon|Miraidon, L50, shiny|100/100|[from] U-turn\n|-fieldstart|move: Electric Terrain|[from] ability: Hadron Engine|[of] p1b: Miraidon\n|move|p2a: Lunala|Trick Room|p2a: Lunala\n|-fieldstart|move: Trick Room|[of] p2a: Lunala\n|\n|upkeep\n|turn|3\n|\n|t:|1773960541\n|switch|p1a: Farigiraf|Farigiraf, L50, F|100/100\n|-enditem|p1a: Farigiraf|Electric Seed\n|-boost|p1a: Farigiraf|def|1|[from] item: Electric Seed\n|move|p2a: Lunala|Moongeist Beam|p1b: Miraidon\n|-damage|p1b: Miraidon|55/100\n|move|p2b: Incineroar|Knock Off|p1b: Miraidon\n|-damage|p1b: Miraidon|33/100\n|-enditem|p1b: Miraidon|Choice Specs|[from] move: Knock Off|[of] p2b: Incineroar\n|move|p1b: Miraidon|Volt Switch|p2a: Lunala\n|-damage|p2a: Lunala|19/100\n|\n|t:|1773960547\n|switch|p1b: Incineroar|Incineroar, L50, M|84/100|[from] Volt Switch\n|-ability|p1b: Incineroar|Intimidate|boost\n|-unboost|p2a: Lunala|atk|1\n|-unboost|p2b: Incineroar|atk|1\n|\n|upkeep\n|turn|4\n|inactive|Poliwhirl100 has 30 seconds left.\n|\n|t:|1773960577\n|move|p1b: Incineroar|U-turn|p2a: Lunala\n|-supereffective|p2a: Lunala\n|-damage|p2a: Lunala|0 fnt\n|faint|p2a: Lunala\n|\n|t:|1773960586\n|switch|p1b: Miraidon|Miraidon, L50, shiny|33/100|[from] U-turn\n|-activate|p1b: Miraidon|ability: Hadron Engine\n|move|p2b: Incineroar|Parting Shot|p1a: Farigiraf\n|-unboost|p1a: Farigiraf|atk|1\n|-unboost|p1a: Farigiraf|spa|1\n|\n|t:|1773960597\n|switch|p2b: Rillaboom|Rillaboom, L50, M|100/100|[from] Parting Shot\n|-fieldstart|move: Grassy Terrain|[from] ability: Grassy Surge|[of] p2b: Rillaboom\n|move|p1a: Farigiraf|Trick Room|p1a: Farigiraf\n|-fieldend|move: Trick Room\n|\n|-heal|p1b: Miraidon|39/100|[from] Grassy Terrain\n|upkeep\n|\n|t:|1773960615\n|switch|p2a: Calyrex|Calyrex-Ice, L50|100/100\n|-ability|p2a: Calyrex|As One\n|-ability|p2a: Calyrex|Unnerve\n|turn|5\n|inactive|It'sJustKen VGC has 30 seconds left.\n|\n|t:|1773960645\n|move|p1a: Farigiraf|Helping Hand|p1b: Miraidon\n|-singleturn|p1b: Miraidon|Helping Hand|[of] p1a: Farigiraf\n|move|p1b: Miraidon|Volt Switch|p2a: Calyrex\n|-damage|p2a: Calyrex|56/100\n|\n|t:|1773960646\n|switch|p1b: Incineroar|Incineroar, L50, M|84/100|[from] Volt Switch\n|-ability|p1b: Incineroar|Intimidate|boost\n|-fail|p2a: Calyrex|unboost|[from] item: Clear Amulet|[of] p2a: Calyrex\n|-unboost|p2b: Rillaboom|atk|1\n|move|p2b: Rillaboom|U-turn|p1a: Farigiraf\n|-supereffective|p1a: Farigiraf\n|-damage|p1a: Farigiraf|84/100\n|\n|t:|1773960656\n|switch|p2b: Incineroar|Incineroar, L50, F|57/100|[from] U-turn\n|-ability|p2b: Incineroar|Intimidate|boost\n|-unboost|p1a: Farigiraf|atk|1\n|-unboost|p1b: Incineroar|atk|1\n|move|p2a: Calyrex|Glacial Lance|p1b: Incineroar|[spread] p1a,p1b\n|-resisted|p1b: Incineroar\n|-damage|p1a: Farigiraf|57/100\n|-damage|p1b: Incineroar|66/100\n|\n|-heal|p2b: Incineroar|63/100|[from] Grassy Terrain\n|-heal|p1a: Farigiraf|63/100|[from] Grassy Terrain\n|-heal|p1b: Incineroar|72/100|[from] Grassy Terrain\n|-heal|p2a: Calyrex|62/100|[from] Grassy Terrain\n|upkeep\n|turn|6\n|\n|t:|1773960675\n|switch|p1a: Miraidon|Miraidon, L50, shiny|39/100\n|-fieldstart|move: Electric Terrain|[from] ability: Hadron Engine|[of] p1a: Miraidon\n|move|p2a: Calyrex|Protect|p2a: Calyrex\n|-singleturn|p2a: Calyrex|Protect\n|move|p1b: Incineroar|Fake Out|p2a: Calyrex\n|-activate|p2a: Calyrex|move: Protect\n|move|p2b: Incineroar|Parting Shot|p1a: Miraidon\n|-unboost|p1a: Miraidon|atk|1\n|-unboost|p1a: Miraidon|spa|1\n|\n|t:|1773960690\n|switch|p2b: Rillaboom|Rillaboom, L50, M|100/100|[from] Parting Shot\n|-fieldstart|move: Grassy Terrain|[from] ability: Grassy Surge|[of] p2b: Rillaboom\n|\n|-heal|p1a: Miraidon|44/100|[from] Grassy Terrain\n|-heal|p1b: Incineroar|78/100|[from] Grassy Terrain\n|-heal|p2a: Calyrex|68/100|[from] Grassy Terrain\n|upkeep\n|turn|7\n|\n|t:|1773960712\n|switch|p1a: Farigiraf|Farigiraf, L50, F|63/100\n|move|p2b: Rillaboom|High Horsepower|p1b: Incineroar\n|-supereffective|p1b: Incineroar\n|-damage|p1b: Incineroar|34/100\n|-damage|p2b: Rillaboom|84/100|[from] item: Rocky Helmet|[of] p1b: Incineroar\n|move|p1b: Incineroar|U-turn|p2a: Calyrex\n|-supereffective|p2a: Calyrex\n|-damage|p2a: Calyrex|55/100\n|\n|t:|1773960720\n|switch|p1b: Miraidon|Miraidon, L50, shiny|44/100|[from] U-turn\n|-fieldstart|move: Electric Terrain|[from] ability: Hadron Engine|[of] p1b: Miraidon\n|move|p2a: Calyrex|Glacial Lance|p1b: Miraidon|[spread] p1a,p1b\n|-supereffective|p1b: Miraidon\n|-damage|p1a: Farigiraf|22/100\n|-damage|p1b: Miraidon|0 fnt\n|faint|p1b: Miraidon\n|-ability|p2a: Calyrex|Chilling Neigh|boost\n|-boost|p2a: Calyrex|atk|1\n|\n|upkeep\n|\n|t:|1773960722\n|switch|p1b: Calyrex|Calyrex-Shadow, L50, tera:Ghost|41/100\n|-ability|p1b: Calyrex|As One\n|-ability|p1b: Calyrex|Unnerve\n|turn|8\n|\n|t:|1773960730\n|switch|p1a: Incineroar|Incineroar, L50, M|34/100\n|-ability|p1a: Incineroar|Intimidate|boost\n|-fail|p2a: Calyrex|unboost|[from] item: Clear Amulet|[of] p2a: Calyrex\n|-unboost|p2b: Rillaboom|atk|1\n|move|p1b: Calyrex|Protect|p1b: Calyrex\n|-singleturn|p1b: Calyrex|Protect\n|move|p2a: Calyrex|Protect|p2a: Calyrex\n|-singleturn|p2a: Calyrex|Protect\n|move|p2b: Rillaboom|Wood Hammer|p1b: Calyrex\n|-activate|p1b: Calyrex|move: Protect\n|\n|upkeep\n|turn|9\n|\n|t:|1773960751\n|switch|p2a: Incineroar|Incineroar, L50, F|63/100\n|-ability|p2a: Incineroar|Intimidate|boost\n|-unboost|p1a: Incineroar|atk|1\n|-unboost|p1b: Calyrex|atk|1\n|move|p1a: Incineroar|Fake Out|p2b: Rillaboom\n|-damage|p2b: Rillaboom|76/100\n|move|p1b: Calyrex|Astral Barrage|p2a: Incineroar|[spread] p2a,p2b\n|-resisted|p2a: Incineroar\n|-damage|p2a: Incineroar|32/100\n|-damage|p2b: Rillaboom|5/100\n|cant|p2b: Rillaboom|flinch\n|\n|upkeep\n|turn|10\n|inactive|It'sJustKen VGC has 30 seconds left.\n|inactive|It'sJustKen VGC has 20 seconds left.\n|inactive|It'sJustKen VGC has 15 seconds left.\n|inactive|It'sJustKen VGC has 10 seconds left.\n|inactive|It'sJustKen VGC has 5 seconds left.\n|\n|t:|1773960806\n|move|p1b: Calyrex|Protect|p1b: Calyrex\n|-singleturn|p1b: Calyrex|Protect\n|move|p1a: Incineroar|Fake Out||[still]\n|-hint|Fake Out only works on your first turn out.\n|-fail|p1a: Incineroar\n|move|p2b: Rillaboom|High Horsepower|p1a: Incineroar\n|-supereffective|p1a: Incineroar\n|-damage|p1a: Incineroar|0 fnt\n|-damage|p2b: Rillaboom|0 fnt|[from] item: Rocky Helmet|[of] p1a: Incineroar\n|faint|p1a: Incineroar\n|faint|p2b: Rillaboom\n|move|p2a: Incineroar|Knock Off|p1b: Calyrex\n|-activate|p1b: Calyrex|move: Protect\n|\n|upkeep\n|\n|t:|1773960808\n|switch|p2b: Calyrex|Calyrex-Ice, L50|55/100\n|switch|p1a: Farigiraf|Farigiraf, L50, F|22/100\n|-ability|p2b: Calyrex|As One\n|-ability|p2b: Calyrex|Unnerve\n|turn|11\n|\n|t:|1773960813\n|move|p1a: Farigiraf|Helping Hand|p1b: Calyrex\n|-singleturn|p1b: Calyrex|Helping Hand|[of] p1a: Farigiraf\n|move|p2b: Calyrex|Protect|p2b: Calyrex\n|-singleturn|p2b: Calyrex|Protect\n|move|p1b: Calyrex|Astral Barrage|p2a: Incineroar|[spread] p2a\n|-activate|p2b: Calyrex|move: Protect\n|-resisted|p2a: Incineroar\n|-damage|p2a: Incineroar|0 fnt\n|faint|p2a: Incineroar\n|-ability|p1b: Calyrex|Grim Neigh|boost\n|-boost|p1b: Calyrex|spa|1\n|\n|-fieldend|move: Electric Terrain\n|upkeep\n|turn|12\n|\n|t:|1773960824\n|move|p1a: Farigiraf|Helping Hand|p1b: Calyrex\n|-singleturn|p1b: Calyrex|Helping Hand|[of] p1a: Farigiraf\n|move|p1b: Calyrex|Astral Barrage|p2b: Calyrex\n|-supereffective|p2b: Calyrex\n|-damage|p2b: Calyrex|0 fnt\n|faint|p2b: Calyrex\n|\n|win|It'sJustKen VGC\n|raw|It&apos;sJustKen VGC's rating: 1477 &rarr; <strong>1490</strong><br />(+13 for winning)\n|raw|Poliwhirl100's rating: 1356 &rarr; <strong>1343</strong><br />(-13 for losing)\n|l|\u2606Poliwhirl100\n|player|p2|\n","uploadtime":1773960849,"views":11,"formatid":"gen9vgc2026regi","rating":1343,"private":0,"password":null}