{"id":"gen9vgc2026regi-2530870911","format":"[Gen 9] VGC 2026 Reg I","players":["jd8erh","solidserpent001"],"log":"|j|\u2606jd8erh\n|j|\u2606solidserpent001\n|t:|1769981723\n|gametype|doubles\n|player|p1|jd8erh|102|1170\n|player|p2|solidserpent001|101|1189\n|gen|9\n|tier|[Gen 9] VGC 2026 Reg I\n|rated|\n|rule|Species Clause: Limit one of each Pok\u00e9mon\n|rule|Item Clause: Limit 1 of each item\n|clearpoke\n|poke|p1|Miraidon, L50|\n|poke|p1|Calyrex-Ice, L50|\n|poke|p1|Urshifu-*, L50, M|\n|poke|p1|Incineroar, L50, F|\n|poke|p1|Farigiraf, L50, F|\n|poke|p1|Ogerpon-Hearthflame, L50, F|\n|poke|p2|Calyrex-Shadow, L50|\n|poke|p2|Kyogre, L50|\n|poke|p2|Toxapex, L50, M|\n|poke|p2|Raichu, L50, M|\n|poke|p2|Tornadus, L50, M|\n|poke|p2|Meowscarada, L50, M|\n|teampreview|4\n|inactive|Battle timer is ON: inactive players will automatically lose when time's up. (requested by jd8erh)\n|\n|t:|1769981752\n|teamsize|p1|4\n|teamsize|p2|4\n|start\n|switch|p1a: Miraidon|Miraidon, L50|100/100\n|switch|p1b: Urshifu|Urshifu-Rapid-Strike, L50, M|100/100\n|switch|p2a: Raichu|Raichu, L50, M|100/100\n|switch|p2b: Tornadus|Tornadus, L50, M|100/100\n|-fieldstart|move: Electric Terrain|[from] ability: Hadron Engine|[of] p1a: Miraidon\n|turn|1\n|\n|t:|1769981769\n|switch|p1b: Incineroar|Incineroar, L50, F|100/100\n|-ability|p1b: Incineroar|Intimidate|boost\n|-unboost|p2a: Raichu|atk|1\n|-unboost|p2b: Tornadus|atk|1\n|move|p2a: Raichu|Fake Out|p1b: Incineroar\n|-damage|p1b: Incineroar|95/100\n|move|p2b: Tornadus|Tailwind|p2b: Tornadus\n|-sidestart|p2: solidserpent001|move: Tailwind\n|move|p1a: Miraidon|Draco Meteor|p2a: Raichu\n|-damage|p2a: Raichu|0 fnt\n|-unboost|p1a: Miraidon|spa|2\n|faint|p2a: Raichu\n|\n|upkeep\n|\n|t:|1769981788\n|switch|p2a: Calyrex|Calyrex-Shadow, L50|100/100\n|-ability|p2a: Calyrex|As One\n|-ability|p2a: Calyrex|Unnerve\n|turn|2\n|\n|t:|1769981802\n|switch|p1a: Farigiraf|Farigiraf, L50, F|100/100\n|-enditem|p1a: Farigiraf|Electric Seed\n|-boost|p1a: Farigiraf|def|1|[from] item: Electric Seed\n|move|p2a: Calyrex|Astral Barrage|p1a: Farigiraf|[spread] p1b\n|-immune|p1a: Farigiraf\n|-resisted|p1b: Incineroar\n|-damage|p1b: Incineroar|79/100\n|move|p2b: Tornadus|Bleakwind Storm|p1b: Incineroar|[spread] p1b\n|-miss|p2b: Tornadus|p1a: Farigiraf\n|-damage|p1b: Incineroar|55/100\n|move|p1b: Incineroar|Knock Off|p2a: Calyrex\n|-supereffective|p2a: Calyrex\n|-damage|p2a: Calyrex|0 fnt\n|-enditem|p2a: Calyrex|Clear Amulet|[from] move: Knock Off|[of] p1b: Incineroar\n|faint|p2a: Calyrex\n|\n|upkeep\n|\n|t:|1769981821\n|switch|p2a: Meowscarada|Meowscarada, L50, M|100/100\n|turn|3\n|\n|t:|1769981836\n|-terastallize|p2b: Tornadus|Dark\n|move|p2a: Meowscarada|Knock Off|p1b: Incineroar\n|-start|p2a: Meowscarada|typechange|Dark|[from] ability: Protean\n|-resisted|p1b: Incineroar\n|-damage|p1b: Incineroar|28/100\n|-enditem|p1b: Incineroar|Assault Vest|[from] move: Knock Off|[of] p2a: Meowscarada\n|move|p2b: Tornadus|Dark Pulse|p1a: Farigiraf\n|-supereffective|p1a: Farigiraf\n|-damage|p1a: Farigiraf|10/100\n|move|p1b: Incineroar|U-turn|p2a: Meowscarada\n|-supereffective|p2a: Meowscarada\n|-damage|p2a: Meowscarada|37/100\n|\n|t:|1769981849\n|switch|p1b: Urshifu|Urshifu-Rapid-Strike, L50, M|100/100|[from] U-turn\n|move|p1a: Farigiraf|Hyper Voice|p2b: Tornadus|[spread] p2a,p2b\n|-crit|p2b: Tornadus\n|-damage|p2a: Meowscarada|0 fnt\n|-damage|p2b: Tornadus|40/100\n|faint|p2a: Meowscarada\n|\n|upkeep\n|turn|4\n|\n|t:|1769981859\n|move|p1b: Urshifu|Detect|p1b: Urshifu\n|-singleturn|p1b: Urshifu|Protect\n|move|p2b: Tornadus|Bleakwind Storm|p1b: Urshifu|[spread] p1a\n|-activate|p1b: Urshifu|move: Protect\n|-damage|p1a: Farigiraf|0 fnt\n|faint|p1a: Farigiraf\n|\n|-sideend|p2: solidserpent001|move: Tailwind\n|upkeep\n|\n|t:|1769981863\n|switch|p1a: Miraidon|Miraidon, L50|100/100\n|-activate|p1a: Miraidon|ability: Hadron Engine\n|turn|5\n|c|\u2606jd8erh|Gg\n|\n|t:|1769981874\n|move|p2b: Tornadus|Tailwind|p2b: Tornadus\n|-sidestart|p2: solidserpent001|move: Tailwind\n|move|p1a: Miraidon|Electro Drift|p2b: Tornadus\n|-damage|p2b: Tornadus|0 fnt\n|faint|p2b: Tornadus\n|\n|win|jd8erh\n|raw|jd8erh's rating: 1170 &rarr; <strong>1196</strong><br />(+26 for winning)\n|raw|solidserpent001's rating: 1189 &rarr; <strong>1163</strong><br />(-26 for losing)\n|l|\u2606jd8erh\n|player|p1|\n|l|\u2606solidserpent001\n|player|p2|\n","uploadtime":1769982099,"views":15,"formatid":"gen9vgc2026regi","rating":1163,"private":0,"password":null}