{"id":"gen9vgc2026regi-2566891437","format":"[Gen 9] VGC 2026 Reg I","players":["can i spectate","lstdddsg"],"log":"|j|\u2606can i spectate\n|j|\u2606lstdddsg\n|t:|1774425472\n|gametype|doubles\n|player|p1|can i spectate|liko|1403\n|player|p2|lstdddsg|riley|1515\n|gen|9\n|tier|[Gen 9] VGC 2026 Reg I\n|rated|\n|rule|Species Clause: Limit one of each Pok\u00e9mon\n|rule|Item Clause: Limit 1 of each item\n|clearpoke\n|poke|p1|Koraidon, L50|\n|poke|p1|Calyrex-Shadow, L50|\n|poke|p1|Chi-Yu, L50|\n|poke|p1|Farigiraf, L50, F|\n|poke|p1|Raging Bolt, L50|\n|poke|p1|Incineroar, L50, M|\n|poke|p2|Giratina-Origin, L50|\n|poke|p2|Zamazenta-*, L50|\n|poke|p2|Chien-Pao, L50|\n|poke|p2|Entei, L50|\n|poke|p2|Urshifu-*, L50, F|\n|poke|p2|Rillaboom, L50, M|\n|teampreview|4\n|inactive|Battle timer is ON: inactive players will automatically lose when time's up. (requested by lstdddsg)\n|inactive|lstdddsg has 60 seconds left.\n|\n|t:|1774425521\n|teamsize|p1|4\n|teamsize|p2|4\n|start\n|switch|p1a: Calyrex|Calyrex-Shadow, L50|100/100\n|switch|p1b: Chi-Yu|Chi-Yu, L50|100/100\n|switch|p2a: Chien-Pao|Chien-Pao, L50|100/100\n|switch|p2b: Entei|Entei, L50|100/100\n|-ability|p1a: Calyrex|As One\n|-ability|p1a: Calyrex|Unnerve\n|-ability|p1b: Chi-Yu|Beads of Ruin\n|-ability|p2a: Chien-Pao|Sword of Ruin\n|turn|1\n|\n|t:|1774425540\n|switch|p1a: Farigiraf|Farigiraf, L50, F|100/100\n|move|p2a: Chien-Pao|Protect|p2a: Chien-Pao\n|-singleturn|p2a: Chien-Pao|Protect\n|move|p2b: Entei|Protect|p2b: Entei\n|-singleturn|p2b: Entei|Protect\n|move|p1b: Chi-Yu|Heat Wave|p2a: Chien-Pao|[spread] \n|-activate|p2a: Chien-Pao|move: Protect\n|-activate|p2b: Entei|move: Protect\n|\n|upkeep\n|turn|2\n|inactive|lstdddsg has 30 seconds left.\n|\n|t:|1774425565\n|move|p1b: Chi-Yu|Heat Wave|p2a: Chien-Pao|[spread] p2a,p2b\n|-supereffective|p2a: Chien-Pao\n|-resisted|p2b: Entei\n|-crit|p2b: Entei\n|-enditem|p2a: Chien-Pao|Focus Sash\n|-damage|p2a: Chien-Pao|1/100\n|-damage|p2b: Entei|65/100\n|move|p2a: Chien-Pao|Ruination|p1a: Farigiraf\n|-damage|p1a: Farigiraf|50/100\n|move|p2b: Entei|Sacred Fire|p1a: Farigiraf\n|-damage|p1a: Farigiraf|0 fnt\n|faint|p1a: Farigiraf\n|-damage|p2b: Entei|55/100|[from] item: Life Orb\n|\n|upkeep\n|\n|t:|1774425581\n|switch|p1a: Calyrex|Calyrex-Shadow, L50|100/100\n|-ability|p1a: Calyrex|As One\n|-ability|p1a: Calyrex|Unnerve\n|turn|3\n|\n|t:|1774425588\n|move|p1a: Calyrex|Protect|p1a: Calyrex\n|-singleturn|p1a: Calyrex|Protect\n|move|p2a: Chien-Pao|Protect|p2a: Chien-Pao\n|-singleturn|p2a: Chien-Pao|Protect\n|move|p2b: Entei|Protect|p2b: Entei\n|-singleturn|p2b: Entei|Protect\n|move|p1b: Chi-Yu|Heat Wave|p2b: Entei|[spread] \n|-activate|p2a: Chien-Pao|move: Protect\n|-activate|p2b: Entei|move: Protect\n|\n|upkeep\n|turn|4\n|\n|t:|1774425612\n|switch|p1a: Koraidon|Koraidon, L50|100/100\n|-weather|SunnyDay|[from] ability: Orichalcum Pulse|[of] p1a: Koraidon\n|-activate|p1a: Koraidon|Orichalcum Pulse|[source]\n|-terastallize|p2b: Entei|Normal\n|move|p2b: Entei|Extreme Speed|p1b: Chi-Yu\n|-damage|p1b: Chi-Yu|1/100\n|-damage|p2b: Entei|45/100|[from] item: Life Orb\n|move|p1b: Chi-Yu|Heat Wave|p2a: Chien-Pao|[spread] p2b\n|-miss|p1b: Chi-Yu|p2a: Chien-Pao\n|-damage|p2b: Entei|0 fnt\n|faint|p2b: Entei\n|move|p2a: Chien-Pao|Icicle Crash|p1a: Koraidon\n|-supereffective|p1a: Koraidon\n|-damage|p1a: Koraidon|7/100\n|\n|-weather|SunnyDay|[upkeep]\n|upkeep\n|\n|t:|1774425636\n|switch|p2b: Giratina|Giratina-Origin, L50|100/100\n|turn|5\n|\n|t:|1774425643\n|move|p2a: Chien-Pao|Sucker Punch|p1a: Koraidon\n|-resisted|p1a: Koraidon\n|-damage|p1a: Koraidon|0 fnt\n|faint|p1a: Koraidon\n|move|p2b: Giratina|Shadow Sneak|p1b: Chi-Yu\n|-resisted|p1b: Chi-Yu\n|-damage|p1b: Chi-Yu|0 fnt\n|faint|p1b: Chi-Yu\n|\n|-weather|SunnyDay|[upkeep]\n|upkeep\n|\n|t:|1774425647\n|switch|p1b: Calyrex|Calyrex-Shadow, L50|100/100\n|-ability|p1b: Calyrex|As One\n|-ability|p1b: Calyrex|Unnerve\n|turn|6\n|\n|t:|1774425659\n|-terastallize|p1b: Calyrex|Normal\n|move|p2a: Chien-Pao|Sucker Punch|p1b: Calyrex\n|-damage|p1b: Calyrex|42/100\n|move|p2b: Giratina|Shadow Sneak|p1b: Calyrex\n|-immune|p1b: Calyrex\n|move|p1b: Calyrex|Astral Barrage|p2a: Chien-Pao|[spread] p2a,p2b\n|-resisted|p2a: Chien-Pao\n|-supereffective|p2b: Giratina\n|-damage|p2a: Chien-Pao|0 fnt\n|-damage|p2b: Giratina|17/100\n|faint|p2a: Chien-Pao\n|-ability|p1b: Calyrex|Grim Neigh|boost\n|-boost|p1b: Calyrex|spa|1\n|\n|-weather|SunnyDay|[upkeep]\n|upkeep\n|\n|t:|1774425675\n|switch|p2a: Zamazenta|Zamazenta-Crowned, L50|100/100\n|-ability|p2a: Zamazenta|Dauntless Shield|boost\n|-boost|p2a: Zamazenta|def|1\n|turn|7\n|\n|t:|1774425684\n|move|p1b: Calyrex|Psychic|p2a: Zamazenta\n|-damage|p2a: Zamazenta|41/100\n|move|p2a: Zamazenta|Body Press|p1b: Calyrex\n|-supereffective|p1b: Calyrex\n|-damage|p1b: Calyrex|0 fnt\n|faint|p1b: Calyrex\n|\n|win|lstdddsg\n|raw|can i spectate's rating: 1403 &rarr; <strong>1389</strong><br />(-14 for losing)\n|raw|lstdddsg's rating: 1515 &rarr; <strong>1529</strong><br />(+14 for winning)\n|l|\u2606can i spectate\n|player|p1|\n","uploadtime":1774425693,"views":11,"formatid":"gen9vgc2026regi","rating":1389,"private":0,"password":null}