{"id":"gen9vgc2026regi-2581869733","format":"[Gen 9] VGC 2026 Reg I","players":["JoeBro8","parrotboy"],"log":"|j|\u2606JoeBro8\n|j|\u2606parrotboy\n|t:|1776035291\n|gametype|doubles\n|player|p1|JoeBro8|n|1483\n|player|p2|parrotboy|hiker-gen4|1375\n|gen|9\n|tier|[Gen 9] VGC 2026 Reg I\n|rated|\n|rule|Species Clause: Limit one of each Pok\u00e9mon\n|rule|Item Clause: Limit 1 of each item\n|clearpoke\n|poke|p1|Incineroar, L50, M|\n|poke|p1|Landorus, L50, M|\n|poke|p1|Calyrex-Shadow, L50|\n|poke|p1|Koraidon, L50|\n|poke|p1|Brute Bonnet, L50|\n|poke|p1|Raging Bolt, L50|\n|poke|p2|Wartortle, L50, M|\n|poke|p2|Calyrex-Ice, L50|\n|poke|p2|Dragonite, L50, F|\n|poke|p2|Chien-Pao, L50|\n|poke|p2|Zamazenta-*, L50|\n|poke|p2|Scream Tail, L50|\n|teampreview|4\n|inactive|Battle timer is ON: inactive players will automatically lose when time's up. (requested by parrotboy)\n|inactive|parrotboy has 60 seconds left.\n|\n|t:|1776035330\n|teamsize|p1|4\n|teamsize|p2|4\n|start\n|switch|p1a: Incineroar|Incineroar, L50, M|100/100\n|switch|p1b: Calyrex|Calyrex-Shadow, L50|100/100\n|switch|p2a: Chien-Pao|Chien-Pao, L50|100/100\n|switch|p2b: Dragonite|Dragonite, L50, F|100/100\n|-ability|p1b: Calyrex|As One\n|-ability|p1b: Calyrex|Unnerve\n|-ability|p2a: Chien-Pao|Sword of Ruin\n|-ability|p1a: Incineroar|Intimidate|boost\n|-unboost|p2a: Chien-Pao|atk|1\n|-fail|p2b: Dragonite|unboost|Attack|[from] ability: Inner Focus|[of] p2b: Dragonite\n|turn|1\n|inactive|JoeBro8 has 30 seconds left.\n|\n|t:|1776035364\n|switch|p1b: Brute Bonnet|Brute Bonnet, L50|100/100\n|-terastallize|p2b: Dragonite|Normal\n|move|p2a: Chien-Pao|Protect|p2a: Chien-Pao\n|-singleturn|p2a: Chien-Pao|Protect\n|move|p2b: Dragonite|Extreme Speed|p1a: Incineroar\n|-damage|p1a: Incineroar|30/100\n|-damage|p2b: Dragonite|84/100|[from] item: Rocky Helmet|[of] p1a: Incineroar\n|move|p1a: Incineroar|Knock Off|p2b: Dragonite\n|-damage|p2b: Dragonite|35/100\n|-enditem|p2b: Dragonite|Choice Band|[from] move: Knock Off|[of] p1a: Incineroar\n|\n|upkeep\n|turn|2\n|\n|t:|1776035387\n|-terastallize|p1b: Brute Bonnet|Water\n|move|p1a: Incineroar|Helping Hand|p1b: Brute Bonnet\n|-singleturn|p1b: Brute Bonnet|Helping Hand|[of] p1a: Incineroar\n|move|p2a: Chien-Pao|Throat Chop|p1a: Incineroar\n|-resisted|p1a: Incineroar\n|-damage|p1a: Incineroar|17/100\n|-start|p1a: Incineroar|Throat Chop|[silent]\n|-damage|p2a: Chien-Pao|84/100|[from] item: Rocky Helmet|[of] p1a: Incineroar\n|move|p2b: Dragonite|Outrage|p1a: Incineroar\n|-damage|p1a: Incineroar|0 fnt\n|-damage|p2b: Dragonite|19/100|[from] item: Rocky Helmet|[of] p1a: Incineroar\n|faint|p1a: Incineroar\n|move|p1b: Brute Bonnet|Seed Bomb|p2b: Dragonite\n|-damage|p2b: Dragonite|0 fnt\n|faint|p2b: Dragonite\n|\n|upkeep\n|\n|t:|1776035400\n|switch|p2b: Calyrex|Calyrex-Ice, L50|100/100\n|switch|p1a: Koraidon|Koraidon, L50|100/100\n|-ability|p2b: Calyrex|As One\n|-ability|p2b: Calyrex|Unnerve\n|-weather|SunnyDay|[from] ability: Orichalcum Pulse|[of] p1a: Koraidon\n|-activate|p1b: Brute Bonnet|ability: Protosynthesis\n|-start|p1b: Brute Bonnet|protosynthesisdef\n|-activate|p1a: Koraidon|Orichalcum Pulse|[source]\n|turn|3\n|\n|t:|1776035411\n|move|p1a: Koraidon|Protect|p1a: Koraidon\n|-singleturn|p1a: Koraidon|Protect\n|move|p2a: Chien-Pao|Ice Spinner|p1a: Koraidon\n|-activate|p1a: Koraidon|move: Protect\n|move|p1b: Brute Bonnet|Spore|p2b: Calyrex\n|-status|p2b: Calyrex|slp|[from] move: Spore\n|cant|p2b: Calyrex|slp\n|\n|-weather|SunnyDay|[upkeep]\n|upkeep\n|turn|4\n|\n|t:|1776035424\n|move|p1b: Brute Bonnet|Rage Powder|p1b: Brute Bonnet\n|-singleturn|p1b: Brute Bonnet|move: Rage Powder\n|move|p2a: Chien-Pao|Ice Spinner|p1b: Brute Bonnet\n|-resisted|p1b: Brute Bonnet\n|-damage|p1b: Brute Bonnet|92/100\n|move|p1a: Koraidon|Flare Blitz|p2b: Calyrex\n|-supereffective|p2b: Calyrex\n|-damage|p2b: Calyrex|0 fnt\n|faint|p2b: Calyrex\n|-damage|p1a: Koraidon|65/100|[from] Recoil\n|\n|-weather|SunnyDay|[upkeep]\n|upkeep\n|\n|t:|1776035432\n|switch|p2b: Scream Tail|Scream Tail, L50|100/100\n|-activate|p2b: Scream Tail|ability: Protosynthesis\n|-start|p2b: Scream Tail|protosynthesisspe\n|turn|5\n|-message|parrotboy forfeited.\n|\n|win|JoeBro8\n|raw|JoeBro8's rating: 1483 &rarr; <strong>1497</strong><br />(+14 for winning)\n|raw|parrotboy's rating: 1375 &rarr; <strong>1361</strong><br />(-14 for losing)\n|l|\u2606parrotboy\n|player|p2|\n|l|\u2606JoeBro8\n|player|p1|\n","uploadtime":1776035573,"views":9,"formatid":"gen9vgc2026regi","rating":1361,"private":0,"password":null}