{"id":"gen9vgc2026regi-2537951267","format":"[Gen 9] VGC 2026 Reg I","players":["stayinawake","GoofyRonald756"],"log":"|j|\u2606stayinawake\n|j|\u2606GoofyRonald756\n|t:|1770867865\n|gametype|doubles\n|player|p1|stayinawake|102|1310\n|player|p2|GoofyRonald756|265|1468\n|gen|9\n|tier|[Gen 9] VGC 2026 Reg I\n|rated|\n|rule|Species Clause: Limit one of each Pok\u00e9mon\n|rule|Item Clause: Limit 1 of each item\n|clearpoke\n|poke|p1|Kyogre, L50|\n|poke|p1|Tornadus, L50, M|\n|poke|p1|Miraidon, L50|\n|poke|p1|Landorus, L50, M|\n|poke|p1|Pachirisu, L50, M|\n|poke|p1|Tsareena, L50, F|\n|poke|p2|Miraidon, L50|\n|poke|p2|Lunala, L50|\n|poke|p2|Sylveon, L50, F|\n|poke|p2|Incineroar, L50, M|\n|poke|p2|Whimsicott, L50, F|\n|poke|p2|Urshifu-*, L50, M|\n|teampreview|4\n|\n|t:|1770867908\n|teamsize|p1|4\n|teamsize|p2|4\n|start\n|switch|p1a: Kyogre|Kyogre, L50|100/100\n|switch|p1b: Miraidon|Miraidon, L50|100/100\n|switch|p2a: Miraidon|Miraidon, L50, shiny|100/100\n|switch|p2b: Whimsicott|Whimsicott, L50, F, shiny|100/100\n|-fieldstart|move: Electric Terrain|[from] ability: Hadron Engine|[of] p1b: Miraidon\n|-activate|p2a: Miraidon|ability: Hadron Engine\n|-weather|RainDance|[from] ability: Drizzle|[of] p1a: Kyogre\n|turn|1\n|\n|t:|1770867936\n|switch|p1a: Pachirisu|Pachirisu, L50, M|100/100\n|-terastallize|p1b: Miraidon|Electric\n|move|p2b: Whimsicott|Tailwind|p2b: Whimsicott\n|-sidestart|p2: GoofyRonald756|move: Tailwind\n|move|p2a: Miraidon|Draco Meteor|p1b: Miraidon\n|-damage|p1b: Miraidon|0 fnt\n|-unboost|p2a: Miraidon|spa|2\n|faint|p1b: Miraidon\n|\n|-weather|RainDance|[upkeep]\n|upkeep\n|\n|t:|1770867944\n|switch|p1b: Kyogre|Kyogre, L50|100/100\n|turn|2\n|\n|t:|1770867950\n|move|p2a: Miraidon|Draco Meteor|p1a: Pachirisu\n|-damage|p1a: Pachirisu|35/100\n|-unboost|p2a: Miraidon|spa|2\n|-enditem|p1a: Pachirisu|Sitrus Berry|[eat]\n|-heal|p1a: Pachirisu|60/100|[from] item: Sitrus Berry\n|move|p2b: Whimsicott|Moonblast|p1a: Pachirisu\n|-damage|p1a: Pachirisu|24/100\n|move|p1b: Kyogre|Water Spout|p2b: Whimsicott|[spread] p2a,p2b\n|-resisted|p2a: Miraidon\n|-resisted|p2b: Whimsicott\n|-damage|p2a: Miraidon|39/100\n|-enditem|p2b: Whimsicott|Focus Sash\n|-damage|p2b: Whimsicott|1/100\n|move|p1a: Pachirisu|Nuzzle|p2a: Miraidon\n|-resisted|p2a: Miraidon\n|-damage|p2a: Miraidon|38/100\n|\n|-weather|RainDance|[upkeep]\n|upkeep\n|turn|3\n|\n|t:|1770867988\n|move|p1a: Pachirisu|Protect|p1a: Pachirisu\n|-singleturn|p1a: Pachirisu|Protect\n|move|p2a: Miraidon|Draco Meteor|p1a: Pachirisu\n|-activate|p1a: Pachirisu|move: Protect\n|move|p2b: Whimsicott|Endeavor|p1b: Kyogre\n|-damage|p1b: Kyogre|1/100\n|move|p1b: Kyogre|Water Spout|p2a: Miraidon|[spread] p2a,p2b\n|-resisted|p2a: Miraidon\n|-resisted|p2b: Whimsicott\n|-damage|p2a: Miraidon|37/100\n|-damage|p2b: Whimsicott|0 fnt\n|faint|p2b: Whimsicott\n|\n|-weather|RainDance|[upkeep]\n|upkeep\n|\n|t:|1770867996\n|switch|p2b: Urshifu|Urshifu-Rapid-Strike, L50, M|100/100\n|turn|4\n|\n|t:|1770868007\n|switch|p2a: Lunala|Lunala, L50|100/100\n|-enditem|p2a: Lunala|Electric Seed\n|-boost|p2a: Lunala|def|1|[from] item: Electric Seed\n|move|p1a: Pachirisu|Follow Me|p1a: Pachirisu\n|-singleturn|p1a: Pachirisu|move: Follow Me\n|move|p2b: Urshifu|U-turn|p1a: Pachirisu\n|-damage|p1a: Pachirisu|0 fnt\n|faint|p1a: Pachirisu\n|\n|t:|1770868009\n|switch|p2b: Miraidon|Miraidon, L50, shiny|37/100|[from] U-turn\n|-activate|p2b: Miraidon|ability: Hadron Engine\n|move|p1b: Kyogre|Hydro Pump|p2b: Miraidon\n|-resisted|p2b: Miraidon\n|-damage|p2b: Miraidon|0 fnt\n|faint|p2b: Miraidon\n|\n|-weather|RainDance|[upkeep]\n|-sideend|p2: GoofyRonald756|move: Tailwind\n|upkeep\n|\n|t:|1770868014\n|switch|p2b: Urshifu|Urshifu-Rapid-Strike, L50, M|100/100\n|switch|p1a: Tsareena|Tsareena, L50, F|100/100\n|turn|5\n|-message|stayinawake forfeited.\n|\n|win|GoofyRonald756\n|raw|stayinawake's rating: 1310 &rarr; <strong>1299</strong><br />(-11 for losing)\n|raw|GoofyRonald756's rating: 1468 &rarr; <strong>1479</strong><br />(+11 for winning)\n|l|\u2606stayinawake\n|player|p1|\n|l|\u2606GoofyRonald756\n|player|p2|\n","uploadtime":1770868231,"views":19,"formatid":"gen9vgc2026regi","rating":1299,"private":0,"password":null}