{"id":"gen9vgc2026regi-2588008274","format":"[Gen 9] VGC 2026 Reg I","players":["kazcrafte","Harry Koekenpan"],"log":"|j|\u2606kazcrafte\n|j|\u2606Harry Koekenpan\n|t:|1776592190\n|gametype|doubles\n|player|p1|kazcrafte|cyrus|1189\n|player|p2|Harry Koekenpan|102|1375\n|gen|9\n|tier|[Gen 9] VGC 2026 Reg I\n|rated|\n|rule|Species Clause: Limit one of each Pok\u00e9mon\n|rule|Item Clause: Limit 1 of each item\n|clearpoke\n|poke|p1|Kyogre, L50|\n|poke|p1|Miraidon, L50|\n|poke|p1|Basculegion, L50, M|\n|poke|p1|Flutter Mane, L50|\n|poke|p1|Smeargle, L50, F|\n|poke|p1|Alcremie, L50, F|\n|poke|p2|Weezing-Galar, L50, M|\n|poke|p2|Calyrex-Shadow, L50|\n|poke|p2|Regigigas, L50|\n|poke|p2|Koraidon, L50|\n|poke|p2|Chi-Yu, L50|\n|poke|p2|Brute Bonnet, L50|\n|teampreview|4\n|inactive|Battle timer is ON: inactive players will automatically lose when time's up. (requested by kazcrafte)\n|\n|t:|1776592214\n|teamsize|p1|4\n|teamsize|p2|4\n|start\n|switch|p1a: Smeargle|Smeargle, L50, F|100/100\n|switch|p1b: Alcremie|Alcremie, L50, F|100/100\n|switch|p2a: Chi-Yu|Chi-Yu, L50|100/100\n|switch|p2b: Koraidon|Koraidon, L50|100/100\n|-weather|SunnyDay|[from] ability: Orichalcum Pulse|[of] p2b: Koraidon\n|-activate|p2b: Koraidon|Orichalcum Pulse|[source]\n|-ability|p2a: Chi-Yu|Beads of Ruin\n|turn|1\n|l|\u2606kazcrafte\n|inactive|kazcrafte disconnected and has a minute to reconnect!\n|player|p1|\n|j|\u2606kazcrafte\n|inactive|kazcrafte reconnected and has 40 seconds left.\n|player|p1|kazcrafte|cyrus|\n|inactive|kazcrafte has 30 seconds left.\n|inactive|Harry Koekenpan has 30 seconds left.\n|\n|t:|1776592248\n|-terastallize|p2b: Koraidon|Fire\n|move|p1a: Smeargle|Fake Out|p2b: Koraidon\n|-damage|p2b: Koraidon|95/100\n|cant|p2b: Koraidon|flinch\n|move|p2a: Chi-Yu|Heat Wave|p1b: Alcremie|[spread] p1a,p1b\n|-enditem|p1a: Smeargle|Focus Sash\n|-damage|p1a: Smeargle|1/100\n|-damage|p1b: Alcremie|38/100\n|-status|p1a: Smeargle|brn\n|-status|p1b: Alcremie|brn\n|move|p1b: Alcremie|Dazzling Gleam|p2b: Koraidon|[spread] p2a,p2b\n|-resisted|p2b: Koraidon\n|-damage|p2a: Chi-Yu|68/100\n|-damage|p2b: Koraidon|80/100\n|\n|-weather|SunnyDay|[upkeep]\n|-heal|p1b: Alcremie|44/100 brn|[from] item: Leftovers\n|-damage|p1a: Smeargle|0 fnt|[from] brn\n|faint|p1a: Smeargle\n|-damage|p1b: Alcremie|38/100 brn|[from] brn\n|upkeep\n|\n|t:|1776592253\n|switch|p1a: Kyogre|Kyogre, L50|100/100\n|-weather|RainDance|[from] ability: Drizzle|[of] p1a: Kyogre\n|turn|2\n|inactive|Harry Koekenpan has 30 seconds left.\n|\n|t:|1776592280\n|switch|p2b: Brute Bonnet|Brute Bonnet, L50|100/100\n|move|p2a: Chi-Yu|Protect|p2a: Chi-Yu\n|-singleturn|p2a: Chi-Yu|Protect\n|move|p1a: Kyogre|Water Spout|p2b: Brute Bonnet|[spread] p2b\n|-activate|p2a: Chi-Yu|move: Protect\n|-resisted|p2b: Brute Bonnet\n|-damage|p2b: Brute Bonnet|50/100\n|move|p1b: Alcremie|Dazzling Gleam|p2a: Chi-Yu|[spread] p2b\n|-activate|p2a: Chi-Yu|move: Protect\n|-supereffective|p2b: Brute Bonnet\n|-damage|p2b: Brute Bonnet|6/100\n|\n|-weather|RainDance|[upkeep]\n|-heal|p1b: Alcremie|44/100 brn|[from] item: Leftovers\n|-damage|p1b: Alcremie|38/100 brn|[from] brn\n|upkeep\n|turn|3\n|\n|t:|1776592304\n|-end|p2b: Brute Bonnet|Protosynthesis|[silent]\n|switch|p2b: Koraidon|Koraidon, L50, tera:Fire|80/100\n|-weather|SunnyDay|[from] ability: Orichalcum Pulse|[of] p2b: Koraidon\n|-activate|p2b: Koraidon|Orichalcum Pulse|[source]\n|move|p2a: Chi-Yu|Heat Wave|p1a: Kyogre|[spread] p1a,p1b\n|-resisted|p1a: Kyogre\n|-damage|p1a: Kyogre|77/100\n|-damage|p1b: Alcremie|0 fnt\n|faint|p1b: Alcremie\n|move|p1a: Kyogre|Origin Pulse|p2b: Koraidon|[spread] p2a,p2b\n|-supereffective|p2a: Chi-Yu\n|-supereffective|p2b: Koraidon\n|-damage|p2a: Chi-Yu|9/100\n|-damage|p2b: Koraidon|12/100\n|\n|-weather|SunnyDay|[upkeep]\n|upkeep\n|\n|t:|1776592307\n|switch|p1b: Miraidon|Miraidon, L50|100/100\n|-fieldstart|move: Electric Terrain|[from] ability: Hadron Engine|[of] p1b: Miraidon\n|turn|4\n|inactive|Harry Koekenpan has 30 seconds left.\n|inactive|Harry Koekenpan has 20 seconds left.\n|inactive|Harry Koekenpan has 15 seconds left.\n|inactive|Harry Koekenpan has 10 seconds left.\n|inactive|Harry Koekenpan has 5 seconds left.\n|\n|t:|1776592358\n|-terastallize|p1a: Kyogre|Water\n|move|p2b: Koraidon|Flare Blitz|p1a: Kyogre\n|-resisted|p1a: Kyogre\n|-damage|p1a: Kyogre|0 fnt\n|faint|p1a: Kyogre\n|-damage|p2b: Koraidon|0 fnt|[from] Recoil\n|faint|p2b: Koraidon\n|move|p1b: Miraidon|Dazzling Gleam|p2a: Chi-Yu\n|-damage|p2a: Chi-Yu|0 fnt\n|faint|p2a: Chi-Yu\n|\n|-weather|SunnyDay|[upkeep]\n|upkeep\n|\n|t:|1776592373\n|switch|p2b: Calyrex|Calyrex-Shadow, L50|100/100\n|switch|p2a: Brute Bonnet|Brute Bonnet, L50|6/100\n|-ability|p2b: Calyrex|As One\n|-ability|p2b: Calyrex|Unnerve\n|-activate|p2a: Brute Bonnet|ability: Protosynthesis\n|-start|p2a: Brute Bonnet|protosynthesisdef\n|turn|5\n|\n|t:|1776592382\n|move|p2a: Brute Bonnet|Sucker Punch|p1b: Miraidon\n|-damage|p1b: Miraidon|71/100\n|move|p2b: Calyrex|Astral Barrage|p1b: Miraidon\n|-damage|p1b: Miraidon|0 fnt\n|faint|p1b: Miraidon\n|-damage|p2b: Calyrex|91/100|[from] item: Life Orb\n|\n|win|Harry Koekenpan\n|raw|kazcrafte's rating: 1189 &rarr; <strong>1176</strong><br />(-13 for losing)\n|raw|Harry Koekenpan's rating: 1375 &rarr; <strong>1385</strong><br />(+10 for winning)\n|l|\u2606kazcrafte\n|player|p1|\n","uploadtime":1776592388,"views":7,"formatid":"gen9vgc2026regi","rating":1176,"private":0,"password":null}