{"id":"gen9vgc2026regi-2529182833","format":"[Gen 9] VGC 2026 Reg I","players":["ArisHazard","Esperminha"],"log":"|j|\u2606ArisHazard\n|j|\u2606Esperminha\n|t:|1769749178\n|gametype|doubles\n|player|p1|ArisHazard|1|1296\n|player|p2|Esperminha|whitney|1199\n|gen|9\n|tier|[Gen 9] VGC 2026 Reg I\n|rated|\n|rule|Species Clause: Limit one of each Pok\u00e9mon\n|rule|Item Clause: Limit 1 of each item\n|clearpoke\n|poke|p1|Smeargle, L50, M|\n|poke|p1|Muk-Alola, L50, M|\n|poke|p1|Raging Bolt, L50|\n|poke|p1|Terapagos, L50, M|\n|poke|p1|Ho-Oh, L50|\n|poke|p1|Sableye, L50, M|\n|poke|p2|Groudon, L50|\n|poke|p2|Lunala, L50|\n|poke|p2|Rillaboom, L50, F|\n|poke|p2|Incineroar, L50, M|\n|poke|p2|Walking Wake, L50|\n|poke|p2|Flutter Mane, L50|\n|teampreview|4\n|inactive|Battle timer is ON: inactive players will automatically lose when time's up. (requested by ArisHazard)\n|\n|t:|1769749214\n|teamsize|p1|4\n|teamsize|p2|4\n|start\n|switch|p1a: Smeargle|Smeargle, L50, M|100/100\n|switch|p1b: Muk|Muk-Alola, L50, M|100/100\n|switch|p2a: Groudon|Groudon, L50|100/100\n|switch|p2b: Walking Wake|Walking Wake, L50|100/100\n|-weather|SunnyDay|[from] ability: Drought|[of] p2a: Groudon\n|-activate|p2b: Walking Wake|ability: Protosynthesis\n|-start|p2b: Walking Wake|protosynthesisspe\n|turn|1\n|\n|t:|1769749239\n|move|p1a: Smeargle|Fake Out|p2a: Groudon\n|-damage|p2a: Groudon|97/100\n|move|p2b: Walking Wake|Hydro Steam|p1a: Smeargle\n|-enditem|p1a: Smeargle|Focus Sash\n|-damage|p1a: Smeargle|1/100\n|-damage|p2b: Walking Wake|91/100|[from] item: Life Orb\n|cant|p2a: Groudon|flinch\n|move|p1b: Muk|Minimize|p1b: Muk\n|-boost|p1b: Muk|evasion|2\n|\n|-weather|SunnyDay|[upkeep]\n|-ability|p1a: Smeargle|Moody|boost\n|-boost|p1a: Smeargle|spd|2\n|-unboost|p1a: Smeargle|spe|1\n|upkeep\n|turn|2\n|inactive|Esperminha has 30 seconds left.\n|\n|t:|1769749272\n|move|p1a: Smeargle|Wide Guard|p1a: Smeargle\n|-singleturn|p1a: Smeargle|Wide Guard\n|move|p2b: Walking Wake|Hydro Steam|p1b: Muk\n|-damage|p1b: Muk|45/100\n|-damage|p2b: Walking Wake|81/100|[from] item: Life Orb\n|move|p2a: Groudon|Precipice Blades|p1b: Muk|[spread] \n|-activate|p1a: Smeargle|move: Wide Guard\n|-activate|p1b: Muk|move: Wide Guard\n|move|p1b: Muk|Minimize|p1b: Muk\n|-boost|p1b: Muk|evasion|2\n|\n|-weather|SunnyDay|[upkeep]\n|-heal|p1b: Muk|51/100|[from] item: Leftovers\n|-ability|p1a: Smeargle|Moody|boost\n|-boost|p1a: Smeargle|spa|2\n|-unboost|p1a: Smeargle|spe|1\n|upkeep\n|turn|3\n|inactive|ArisHazard has 30 seconds left.\n|inactive|Esperminha has 30 seconds left.\n|inactive|ArisHazard has 20 seconds left.\n|\n|t:|1769749309\n|move|p1b: Muk|Protect|p1b: Muk\n|-singleturn|p1b: Muk|Protect\n|move|p2b: Walking Wake|Hydro Steam|p1a: Smeargle\n|-damage|p1a: Smeargle|0 fnt\n|faint|p1a: Smeargle\n|-ability|p1b: Muk|Moody|Power of Alchemy|[from] ability: Power of Alchemy|[of] p1a: Smeargle\n|-damage|p2b: Walking Wake|72/100|[from] item: Life Orb\n|move|p2a: Groudon|High Horsepower|p1b: Muk\n|-activate|p1b: Muk|move: Protect\n|\n|-weather|SunnyDay|[upkeep]\n|-heal|p1b: Muk|58/100|[from] item: Leftovers\n|-ability|p1b: Muk|Moody|boost\n|-boost|p1b: Muk|def|2\n|-unboost|p1b: Muk|spd|1\n|upkeep\n|inactive|ArisHazard has 30 seconds left.\n|inactive|ArisHazard has 20 seconds left.\n|\n|t:|1769749346\n|switch|p1a: Terapagos|Terapagos, L50, M|100/100\n|-activate|p1a: Terapagos|ability: Tera Shift\n|detailschange|p1a: Terapagos|Terapagos-Terastal, L50, M\n|-heal|p1a: Terapagos|100/100|[silent]\n|turn|4\n|\n|t:|1769749365\n|-terastallize|p1a: Terapagos|Stellar\n|detailschange|p1a: Terapagos|Terapagos-Stellar, L50, M, tera:Stellar\n|-heal|p1a: Terapagos|100/100|[silent]\n|-ability|p1a: Terapagos|Teraform Zero\n|-weather|none\n|-end|p2b: Walking Wake|Protosynthesis\n|move|p2b: Walking Wake|Snarl|p1b: Muk|[spread] p1a\n|-miss|p2b: Walking Wake|p1b: Muk\n|-damage|p1a: Terapagos|91/100\n|-unboost|p1a: Terapagos|spa|1\n|-damage|p2b: Walking Wake|62/100|[from] item: Life Orb\n|move|p2a: Groudon|Precipice Blades|p1b: Muk|[spread] p1a,p1b\n|-supereffective|p1b: Muk\n|-damage|p1a: Terapagos|53/100\n|-damage|p1b: Muk|18/100\n|move|p1a: Terapagos|Tera Starstorm|p2b: Walking Wake|[spread] p2a,p2b\n|-damage|p2a: Groudon|58/100\n|-damage|p2b: Walking Wake|24/100\n|move|p1b: Muk|Minimize|p1b: Muk\n|-boost|p1b: Muk|evasion|2\n|\n|-heal|p1b: Muk|24/100|[from] item: Leftovers\n|-ability|p1b: Muk|Moody|boost\n|-boost|p1b: Muk|atk|2\n|-unboost|p1b: Muk|spd|1\n|upkeep\n|turn|5\n|inactive|ArisHazard has 30 seconds left.\n|inactive|Esperminha has 30 seconds left.\n|inactive|ArisHazard has 20 seconds left.\n|inactive|ArisHazard has 15 seconds left.\n|inactive|Esperminha has 20 seconds left.\n|inactive|ArisHazard has 10 seconds left.\n|inactive|Esperminha has 15 seconds left.\n|\n|t:|1769749412\n|switch|p2a: Lunala|Lunala, L50|100/100\n|move|p1b: Muk|Protect|p1b: Muk\n|-singleturn|p1b: Muk|Protect\n|move|p2b: Walking Wake|Draco Meteor|p1a: Terapagos\n|-damage|p1a: Terapagos|4/100\n|-unboost|p2b: Walking Wake|spa|2\n|-damage|p2b: Walking Wake|14/100|[from] item: Life Orb\n|move|p1a: Terapagos|Tera Starstorm|p2a: Lunala|[spread] p2a,p2b\n|-damage|p2a: Lunala|86/100\n|-damage|p2b: Walking Wake|0 fnt\n|faint|p2b: Walking Wake\n|-end|p2b: Walking Wake|Protosynthesis|[silent]\n|\n|-heal|p1b: Muk|30/100|[from] item: Leftovers\n|-ability|p1b: Muk|Moody|boost\n|-boost|p1b: Muk|spe|2\n|-unboost|p1b: Muk|spd|1\n|upkeep\n|\n|t:|1769749432\n|switch|p2b: Groudon|Groudon, L50|58/100\n|-weather|SunnyDay|[from] ability: Drought|[of] p2b: Groudon\n|turn|6\n|\n|t:|1769749447\n|move|p1b: Muk|Knock Off|p2a: Lunala\n|-supereffective|p2a: Lunala\n|-damage|p2a: Lunala|0 fnt\n|-enditem|p2a: Lunala|Sitrus Berry|[from] move: Knock Off|[of] p1b: Muk\n|faint|p2a: Lunala\n|move|p2b: Groudon|Precipice Blades|p1b: Muk|[spread] p1a\n|-miss|p2b: Groudon|p1b: Muk\n|-damage|p1a: Terapagos|0 fnt\n|faint|p1a: Terapagos\n|detailschange|p1: Terapagos|Terapagos, L50, M|[silent]\n|\n|-weather|SunnyDay|[upkeep]\n|-heal|p1b: Muk|36/100|[from] item: Leftovers\n|-ability|p1b: Muk|Moody|boost\n|-boost|p1b: Muk|spe|2\n|-unboost|p1b: Muk|atk|1\n|upkeep\n|\n|t:|1769749472\n|switch|p2a: Flutter Mane|Flutter Mane, L50|100/100\n|switch|p1a: Sableye|Sableye, L50, M|100/100\n|-activate|p2a: Flutter Mane|ability: Protosynthesis\n|-start|p2a: Flutter Mane|protosynthesisspe\n|turn|7\n|\n|t:|1769749487\n|move|p1a: Sableye|Protect|p1a: Sableye\n|-singleturn|p1a: Sableye|Protect\n|move|p1b: Muk|Protect|p1b: Muk\n|-singleturn|p1b: Muk|Protect\n|move|p2a: Flutter Mane|Moonblast|p1a: Sableye\n|-activate|p1a: Sableye|move: Protect\n|move|p2b: Groudon|Precipice Blades|p1b: Muk|[spread] \n|-activate|p1a: Sableye|move: Protect\n|-activate|p1b: Muk|move: Protect\n|\n|-weather|SunnyDay|[upkeep]\n|-heal|p1b: Muk|42/100|[from] item: Leftovers\n|-ability|p1b: Muk|Moody|boost\n|-boost|p1b: Muk|spa|2\n|-unboost|p1b: Muk|atk|1\n|upkeep\n|turn|8\n|inactive|ArisHazard has 30 seconds left.\n|\n|t:|1769749518\n|move|p1a: Sableye|Disable|p2a: Flutter Mane\n|-start|p2a: Flutter Mane|Disable|Moonblast\n|cant|p2a: Flutter Mane|Disable|Moonblast\n|move|p1b: Muk|Toxic|p2b: Groudon\n|-status|p2b: Groudon|tox\n|move|p2b: Groudon|Precipice Blades|p1a: Sableye|[spread] p1a\n|-miss|p2b: Groudon|p1b: Muk\n|-damage|p1a: Sableye|28/100\n|-enditem|p1a: Sableye|Sitrus Berry|[eat]\n|-heal|p1a: Sableye|53/100|[from] item: Sitrus Berry\n|\n|-weather|SunnyDay|[upkeep]\n|-heal|p1b: Muk|49/100|[from] item: Leftovers\n|-damage|p2b: Groudon|52/100 tox|[from] psn\n|-ability|p1b: Muk|Moody|boost\n|-boost|p1b: Muk|def|2\n|-unboost|p1b: Muk|atk|1\n|upkeep\n|turn|9\n|inactive|ArisHazard has 30 seconds left.\n|inactive|Esperminha has 30 seconds left.\n|inactive|ArisHazard has 20 seconds left.\n|inactive|Esperminha has 20 seconds left.\n|inactive|ArisHazard has 15 seconds left.\n|inactive|Esperminha has 15 seconds left.\n|inactive|ArisHazard has 10 seconds left.\n|inactive|Esperminha has 10 seconds left.\n|inactive|ArisHazard has 5 seconds left.\n|inactive|Esperminha has 5 seconds left.\n|\n|t:|1769749570\n|move|p1a: Sableye|Encore|p2a: Flutter Mane\n|-start|p2a: Flutter Mane|Encore\n|cant|p2a: Flutter Mane|Disable|Moonblast\n|move|p1b: Muk|Knock Off|p2b: Groudon\n|-damage|p2b: Groudon|36/100 tox\n|-enditem|p2b: Groudon|Clear Amulet|[from] move: Knock Off|[of] p1b: Muk\n|move|p2b: Groudon|Heat Crash|p1b: Muk\n|-damage|p1b: Muk|8/100\n|\n|-weather|SunnyDay|[upkeep]\n|-heal|p1b: Muk|14/100|[from] item: Leftovers\n|-damage|p2b: Groudon|24/100 tox|[from] psn\n|-ability|p1b: Muk|Moody|boost\n|-boost|p1b: Muk|atk|2\n|-unboost|p1b: Muk|spd|1\n|upkeep\n|turn|10\n|inactive|ArisHazard has 30 seconds left.\n|inactive|Esperminha has 30 seconds left.\n|\n|t:|1769749597\n|move|p1b: Muk|Protect|p1b: Muk\n|-singleturn|p1b: Muk|Protect\n|-activate|p2a: Flutter Mane|move: Struggle\n|move|p2a: Flutter Mane|Struggle|p1a: Sableye\n|-damage|p1a: Sableye|46/100\n|-damage|p2a: Flutter Mane|75/100|[from] recoil\n|move|p2b: Groudon|Precipice Blades|p1b: Muk|[spread] \n|-activate|p1b: Muk|move: Protect\n|-miss|p2b: Groudon|p1a: Sableye\n|move|p1a: Sableye|Foul Play|p2b: Groudon\n|-damage|p2b: Groudon|0 fnt\n|faint|p2b: Groudon\n|\n|-weather|none\n|-end|p2a: Flutter Mane|Protosynthesis\n|-heal|p1b: Muk|20/100|[from] item: Leftovers\n|-ability|p1b: Muk|Moody|boost\n|-boost|p1b: Muk|spa|2\n|-unboost|p1b: Muk|def|1\n|upkeep\n|turn|11\n|inactive|ArisHazard has 30 seconds left.\n|inactive|ArisHazard has 20 seconds left.\n|\n|t:|1769749633\n|move|p1b: Muk|Knock Off|p2a: Flutter Mane\n|-damage|p2a: Flutter Mane|0 fnt\n|-enditem|p2a: Flutter Mane|Focus Sash|[from] move: Knock Off|[of] p1b: Muk\n|faint|p2a: Flutter Mane\n|-end|p2a: Flutter Mane|Protosynthesis|[silent]\n|\n|win|ArisHazard\n|raw|ArisHazard's rating: 1296 &rarr; <strong>1314</strong><br />(+18 for winning)\n|raw|Esperminha's rating: 1199 &rarr; <strong>1181</strong><br />(-18 for losing)\n|l|\u2606Esperminha\n|player|p2|\n","uploadtime":1769749914,"views":11,"formatid":"gen9vgc2026regi","rating":1181,"private":0,"password":null}