{"id":"gen9vgc2026regi-2546667000","format":"[Gen 9] VGC 2026 Reg I","players":["lalo's pollos","notKappa"],"log":"|j|\u2606lalo's pollos\n|j|\u2606notKappa\n|t:|1771991270\n|gametype|doubles\n|player|p1|lalo's pollos|169|1507\n|player|p2|notKappa|drayden|1357\n|gen|9\n|tier|[Gen 9] VGC 2026 Reg I\n|rated|\n|rule|Species Clause: Limit one of each Pok\u00e9mon\n|rule|Item Clause: Limit 1 of each item\n|clearpoke\n|poke|p1|Zamazenta-*, L50|\n|poke|p1|Lunala, L50|\n|poke|p1|Rillaboom, L50, M|\n|poke|p1|Incineroar, L50, F|\n|poke|p1|Urshifu-*, L50, M|\n|poke|p1|Tornadus, L50, M|\n|poke|p2|Lugia, L50|\n|poke|p2|Comfey, L50, F|\n|poke|p2|Rillaboom, L50, M|\n|poke|p2|Umbreon, L50, M|\n|poke|p2|Incineroar, L50, F|\n|poke|p2|Zamazenta-*, L50|\n|teampreview|4\n|\n|t:|1771991304\n|teamsize|p1|4\n|teamsize|p2|4\n|start\n|switch|p1a: Tornadus|Tornadus, L50, M|100/100\n|switch|p1b: Lunala|Lunala, L50|100/100\n|switch|p2a: Incineroar|Incineroar, L50, F|100/100\n|switch|p2b: Zamazenta|Zamazenta-Crowned, L50|100/100\n|-ability|p2b: Zamazenta|Dauntless Shield|boost\n|-boost|p2b: Zamazenta|def|1\n|-ability|p2a: Incineroar|Intimidate|boost\n|-unboost|p1a: Tornadus|atk|1\n|-unboost|p1b: Lunala|atk|1\n|turn|1\n|\n|t:|1771991322\n|move|p1b: Lunala|Protect|p1b: Lunala\n|-singleturn|p1b: Lunala|Protect\n|move|p2b: Zamazenta|Wide Guard|p2b: Zamazenta\n|-singleturn|p2b: Zamazenta|Wide Guard\n|move|p1a: Tornadus|Bleakwind Storm|p2b: Zamazenta|[spread] \n|-activate|p2a: Incineroar|move: Wide Guard\n|-activate|p2b: Zamazenta|move: Wide Guard\n|move|p2a: Incineroar|Knock Off|p1b: Lunala\n|-activate|p1b: Lunala|move: Protect\n|\n|upkeep\n|turn|2\n|\n|t:|1771991338\n|switch|p1b: Zamazenta|Zamazenta-Crowned, L50|100/100\n|-ability|p1b: Zamazenta|Dauntless Shield|boost\n|-boost|p1b: Zamazenta|def|1\n|move|p2b: Zamazenta|Wide Guard|p2b: Zamazenta\n|-singleturn|p2b: Zamazenta|Wide Guard\n|move|p1a: Tornadus|Bleakwind Storm|p2b: Zamazenta|[spread] \n|-activate|p2a: Incineroar|move: Wide Guard\n|-activate|p2b: Zamazenta|move: Wide Guard\n|move|p2a: Incineroar|Knock Off|p1b: Zamazenta\n|-resisted|p1b: Zamazenta\n|-damage|p1b: Zamazenta|94/100\n|\n|upkeep\n|turn|3\n|\n|t:|1771991361\n|move|p1a: Tornadus|Bleakwind Storm|p2b: Zamazenta|[spread] p2a\n|-miss|p1a: Tornadus|p2b: Zamazenta\n|-damage|p2a: Incineroar|54/100\n|move|p1b: Zamazenta|Body Press|p2b: Zamazenta\n|-supereffective|p2b: Zamazenta\n|-damage|p2b: Zamazenta|44/100\n|move|p2b: Zamazenta|Iron Defense|p2b: Zamazenta\n|-boost|p2b: Zamazenta|def|2\n|move|p2a: Incineroar|Will-O-Wisp|p1b: Zamazenta|[miss]\n|-miss|p2a: Incineroar|p1b: Zamazenta\n|\n|upkeep\n|turn|4\n|\n|t:|1771991380\n|move|p1a: Tornadus|Bleakwind Storm|p2b: Zamazenta|[spread] p2a\n|-miss|p1a: Tornadus|p2b: Zamazenta\n|-damage|p2a: Incineroar|8/100\n|-unboost|p2a: Incineroar|spe|1\n|move|p1b: Zamazenta|Body Press|p2a: Incineroar\n|-supereffective|p2a: Incineroar\n|-damage|p2a: Incineroar|0 fnt\n|faint|p2a: Incineroar\n|move|p2b: Zamazenta|Heavy Slam|p1a: Tornadus\n|-damage|p1a: Tornadus|28/100\n|\n|upkeep\n|\n|t:|1771991392\n|switch|p2a: Comfey|Comfey, L50, F|100/100\n|turn|5\n|\n|t:|1771991421\n|move|p2a: Comfey|Floral Healing|p2b: Zamazenta\n|-heal|p2b: Zamazenta|94/100\n|move|p1a: Tornadus|Taunt|p2a: Comfey\n|-start|p2a: Comfey|move: Taunt\n|move|p1b: Zamazenta|Body Press|p2b: Zamazenta\n|-supereffective|p2b: Zamazenta\n|-damage|p2b: Zamazenta|59/100\n|move|p2b: Zamazenta|Body Press|p1b: Zamazenta\n|-supereffective|p1b: Zamazenta\n|-damage|p1b: Zamazenta|8/100\n|\n|upkeep\n|turn|6\n|\n|t:|1771991447\n|move|p2a: Comfey|Draining Kiss|p1a: Tornadus\n|-damage|p1a: Tornadus|8/100\n|move|p1a: Tornadus|Bleakwind Storm|p2b: Zamazenta|[spread] p2a,p2b\n|-damage|p2a: Comfey|62/100\n|-damage|p2b: Zamazenta|29/100\n|-unboost|p2a: Comfey|spe|1\n|move|p1b: Zamazenta|Body Press|p2b: Zamazenta\n|-supereffective|p2b: Zamazenta\n|-damage|p2b: Zamazenta|0 fnt\n|faint|p2b: Zamazenta\n|\n|upkeep\n|\n|t:|1771991459\n|switch|p2b: Lugia|Lugia, L50|100/100\n|turn|7\n|\n|t:|1771991469\n|switch|p1a: Lunala|Lunala, L50|100/100\n|move|p2a: Comfey|Draining Kiss|p1a: Lunala\n|-damage|p1a: Lunala|95/100\n|-heal|p2a: Comfey|68/100|[from] drain|[of] p1a: Lunala\n|move|p1b: Zamazenta|Heavy Slam|p2a: Comfey\n|-supereffective|p2a: Comfey\n|-damage|p2a: Comfey|0 fnt\n|faint|p2a: Comfey\n|move|p2b: Lugia|Calm Mind|p2b: Lugia\n|-boost|p2b: Lugia|spa|1\n|-boost|p2b: Lugia|spd|1\n|\n|-heal|p1a: Lunala|100/100|[from] item: Leftovers\n|upkeep\n|turn|8\n|\n|t:|1771991487\n|move|p1b: Zamazenta|Heavy Slam|p2b: Lugia\n|-damage|p2b: Lugia|90/100\n|move|p1a: Lunala|Calm Mind|p1a: Lunala\n|-boost|p1a: Lunala|spa|1\n|-boost|p1a: Lunala|spd|1\n|move|p2b: Lugia|Earth Power|p1b: Zamazenta\n|-supereffective|p1b: Zamazenta\n|-damage|p1b: Zamazenta|0 fnt\n|faint|p1b: Zamazenta\n|\n|upkeep\n|\n|t:|1771991495\n|switch|p1b: Tornadus|Tornadus, L50, M|8/100\n|turn|9\n|\n|t:|1771991504\n|-terastallize|p2b: Lugia|Fairy\n|move|p1b: Tornadus|Taunt|p2b: Lugia\n|-start|p2b: Lugia|move: Taunt\n|move|p1a: Lunala|Moongeist Beam|p2b: Lugia\n|-damage|p2b: Lugia|61/100\n|cant|p2b: Lugia|move: Taunt|Calm Mind\n|\n|upkeep\n|turn|10\n|\n|t:|1771991531\n|move|p1b: Tornadus|Bleakwind Storm|p2b: Lugia\n|-damage|p2b: Lugia|44/100\n|move|p1a: Lunala|Moonblast|p2b: Lugia\n|-damage|p2b: Lugia|26/100\n|move|p2b: Lugia|Aeroblast|p1a: Lunala\n|-damage|p1a: Lunala|87/100\n|\n|-heal|p1a: Lunala|93/100|[from] item: Leftovers\n|upkeep\n|turn|11\n|\n|t:|1771991563\n|move|p1b: Tornadus|Rain Dance|p1b: Tornadus\n|-weather|RainDance\n|move|p1a: Lunala|Moongeist Beam|p2b: Lugia\n|-damage|p2b: Lugia|0 fnt\n|faint|p2b: Lugia\n|\n|win|lalo's pollos\n|raw|lalo&apos;s pollos's rating: 1507 &rarr; <strong>1519</strong><br />(+12 for winning)\n|raw|notKappa's rating: 1357 &rarr; <strong>1345</strong><br />(-12 for losing)\n|l|\u2606notKappa\n|player|p2|\n","uploadtime":1771991571,"views":29,"formatid":"gen9vgc2026regi","rating":1345,"private":0,"password":null}