{"id":"gen9vgc2026regi-2563800832","format":"[Gen 9] VGC 2026 Reg I","players":["sorbp","1VLTSQ Joker"],"log":"|raw|<div class=\"broadcast-blue\"><strong>This battle is required to be public due to a player having a name starting with '1vltsq'.</div>\n|j|\u2606sorbp\n|j|\u26061VLTSQ Joker\n|t:|1774063975\n|gametype|doubles\n|player|p1|sorbp|miku-psychic|1548\n|player|p2|1VLTSQ Joker|blue|1562\n|gen|9\n|tier|[Gen 9] VGC 2026 Reg I\n|rated|\n|rule|Species Clause: Limit one of each Pok\u00e9mon\n|rule|Item Clause: Limit 1 of each item\n|clearpoke\n|poke|p1|Miraidon, L50|\n|poke|p1|Zamazenta-*, L50|\n|poke|p1|Dragonite, L50, F|\n|poke|p1|Chien-Pao, L50|\n|poke|p1|Volcarona, L50, F|\n|poke|p1|Ogerpon, L50, F|\n|poke|p2|Calyrex-Ice, L50|\n|poke|p2|Smeargle, L50, M|\n|poke|p2|Kyogre, L50|\n|poke|p2|Maushold, L50|\n|poke|p2|Volcarona, L50, M|\n|poke|p2|Chesnaught, L50, M|\n|teampreview|4\n|\n|t:|1774064021\n|teamsize|p1|4\n|teamsize|p2|4\n|start\n|switch|p1a: Zamazenta|Zamazenta-Crowned, L50|100/100\n|switch|p1b: Ogerpon|Ogerpon, L50, F|100/100\n|switch|p2a: Calyrex|Calyrex-Ice, L50|100/100\n|switch|p2b: Smeargle|Smeargle, L50, M|100/100\n|-ability|p2a: Calyrex|As One\n|-ability|p2a: Calyrex|Unnerve\n|-ability|p1a: Zamazenta|Dauntless Shield|boost\n|-boost|p1a: Zamazenta|def|1\n|turn|1\n|inactive|Battle timer is ON: inactive players will automatically lose when time's up. (requested by sorbp)\n|\n|t:|1774064037\n|-terastallize|p2a: Calyrex|Grass\n|move|p1a: Zamazenta|Wide Guard|p1a: Zamazenta\n|-singleturn|p1a: Zamazenta|Wide Guard\n|move|p1b: Ogerpon|Taunt|p2a: Calyrex\n|-start|p2a: Calyrex|move: Taunt\n|move|p2b: Smeargle|Spore|p1a: Zamazenta\n|-status|p1a: Zamazenta|slp|[from] move: Spore\n|move|p2a: Calyrex|Glacial Lance|p1b: Ogerpon|[spread] \n|-activate|p1a: Zamazenta|move: Wide Guard\n|-activate|p1b: Ogerpon|move: Wide Guard\n|\n|-ability|p2b: Smeargle|Moody|boost\n|-boost|p2b: Smeargle|spe|2\n|-unboost|p2b: Smeargle|spd|1\n|upkeep\n|turn|2\n|inactive|sorbp has 30 seconds left.\n|\n|t:|1774064069\n|move|p2b: Smeargle|Decorate|p2a: Calyrex\n|-boost|p2a: Calyrex|atk|2\n|-boost|p2a: Calyrex|spa|2\n|move|p1b: Ogerpon|Ivy Cudgel|p2b: Smeargle\n|-enditem|p2b: Smeargle|Focus Sash\n|-damage|p2b: Smeargle|1/100\n|cant|p1a: Zamazenta|slp\n|move|p2a: Calyrex|Glacial Lance|p1b: Ogerpon|[spread] p1a,p1b\n|-resisted|p1a: Zamazenta\n|-supereffective|p1b: Ogerpon\n|-damage|p1a: Zamazenta|81/100 slp\n|-damage|p1b: Ogerpon|0 fnt\n|faint|p1b: Ogerpon\n|-ability|p2a: Calyrex|Chilling Neigh|boost\n|-boost|p2a: Calyrex|atk|1\n|\n|-ability|p2b: Smeargle|Moody|boost\n|-boost|p2b: Smeargle|def|2\n|-unboost|p2b: Smeargle|spe|1\n|upkeep\n|\n|t:|1774064078\n|switch|p1b: Miraidon|Miraidon, L50|100/100\n|-fieldstart|move: Electric Terrain|[from] ability: Hadron Engine|[of] p1b: Miraidon\n|turn|3\n|\n|t:|1774064090\n|move|p1b: Miraidon|Volt Switch|p2b: Smeargle\n|-damage|p2b: Smeargle|0 fnt\n|faint|p2b: Smeargle\n|\n|t:|1774064095\n|switch|p1b: Chien-Pao|Chien-Pao, L50|100/100|[from] Volt Switch\n|-ability|p1b: Chien-Pao|Sword of Ruin\n|cant|p1a: Zamazenta|slp\n|move|p2a: Calyrex|Glacial Lance|p1a: Zamazenta|[spread] p1a,p1b\n|-resisted|p1a: Zamazenta\n|-resisted|p1b: Chien-Pao\n|-damage|p1a: Zamazenta|44/100 slp\n|-damage|p1b: Chien-Pao|6/100\n|\n|-end|p2a: Calyrex|move: Taunt\n|upkeep\n|\n|t:|1774064106\n|switch|p2b: Volcarona|Volcarona, L50, M|100/100\n|turn|4\n|\n|t:|1774064115\n|move|p2b: Volcarona|Rage Powder|p2b: Volcarona\n|-singleturn|p2b: Volcarona|move: Rage Powder\n|move|p1b: Chien-Pao|Icicle Crash|p2b: Volcarona\n|-resisted|p2b: Volcarona\n|-damage|p2b: Volcarona|75/100\n|-curestatus|p1a: Zamazenta|slp|[msg]\n|move|p1a: Zamazenta|Body Press|p2b: Volcarona\n|-resisted|p2b: Volcarona\n|-damage|p2b: Volcarona|39/100\n|-damage|p1a: Zamazenta|28/100|[from] item: Rocky Helmet|[of] p2b: Volcarona\n|move|p2a: Calyrex|High Horsepower|p1a: Zamazenta\n|-supereffective|p1a: Zamazenta\n|-damage|p1a: Zamazenta|0 fnt\n|faint|p1a: Zamazenta\n|-ability|p2a: Calyrex|Chilling Neigh|boost\n|-boost|p2a: Calyrex|atk|1\n|\n|upkeep\n|\n|t:|1774064121\n|switch|p1a: Miraidon|Miraidon, L50|100/100\n|-activate|p1a: Miraidon|ability: Hadron Engine\n|turn|5\n|\n|t:|1774064134\n|-terastallize|p1a: Miraidon|Electric\n|move|p2b: Volcarona|Rage Powder|p2b: Volcarona\n|-singleturn|p2b: Volcarona|move: Rage Powder\n|move|p1a: Miraidon|Electro Drift|p2b: Volcarona\n|-damage|p2b: Volcarona|0 fnt\n|-damage|p1a: Miraidon|84/100|[from] item: Rocky Helmet|[of] p2b: Volcarona\n|faint|p2b: Volcarona\n|move|p1b: Chien-Pao|Icicle Crash|p2a: Calyrex\n|-supereffective|p2a: Calyrex\n|-damage|p2a: Calyrex|26/100\n|cant|p2a: Calyrex|flinch\n|\n|upkeep\n|\n|t:|1774064141\n|switch|p2b: Kyogre|Kyogre, L50|100/100\n|-weather|RainDance|[from] ability: Drizzle|[of] p2b: Kyogre\n|turn|6\n|c|\u26061VLTSQ Joker|flinch for the win\n|c|\u26061VLTSQ Joker|gg\n|\n|t:|1774064160\n|move|p1a: Miraidon|Electro Drift|p2b: Kyogre\n|-supereffective|p2b: Kyogre\n|-damage|p2b: Kyogre|0 fnt\n|faint|p2b: Kyogre\n|move|p1b: Chien-Pao|Crunch|p2a: Calyrex\n|-damage|p2a: Calyrex|0 fnt\n|faint|p2a: Calyrex\n|\n|win|sorbp\n|raw|sorbp's rating: 1548 &rarr; <strong>1569</strong><br />(+21 for winning)\n|raw|1VLTSQ Joker's rating: 1562 &rarr; <strong>1541</strong><br />(-21 for losing)\n|l|\u26061VLTSQ Joker\n|player|p2|\n|c|\u2606sorbp|my only out lol\n|l|\u2606sorbp\n|player|p1|\n","uploadtime":1774064373,"views":27,"formatid":"gen9vgc2026regi","rating":1541,"private":0,"password":null}