{"id":"gen9vgc2026regi-2541766782","format":"[Gen 9] VGC 2026 Reg I","players":["paradox franco","Schimmli"],"log":"|j|\u2606paradox franco\n|j|\u2606Schimmli\n|t:|1771366999\n|gametype|doubles\n|player|p1|paradox franco|elesa|1422\n|player|p2|Schimmli|265|1504\n|gen|9\n|tier|[Gen 9] VGC 2026 Reg I\n|rated|\n|rule|Species Clause: Limit one of each Pok\u00e9mon\n|rule|Item Clause: Limit 1 of each item\n|clearpoke\n|poke|p1|Lunala, L50|\n|poke|p1|Groudon, L50|\n|poke|p1|Whimsicott, L50, M|\n|poke|p1|Raging Bolt, L50|\n|poke|p1|Kingambit, L50, F|\n|poke|p1|Chi-Yu, L50|\n|poke|p2|Terapagos, L50, M|\n|poke|p2|Calyrex-Shadow, L50|\n|poke|p2|Flutter Mane, L50|\n|poke|p2|Ogerpon-Cornerstone, L50, F|\n|poke|p2|Incineroar, L50, F|\n|poke|p2|Rillaboom, L50, M|\n|teampreview|4\n|\n|t:|1771367032\n|teamsize|p1|4\n|teamsize|p2|4\n|start\n|switch|p1a: Whimsicott|Whimsicott, L50, M|100/100\n|switch|p1b: Raging Bolt|Raging Bolt, L50|100/100\n|switch|p2a: Terapagos|Terapagos, L50, M|100/100\n|switch|p2b: Incineroar|Incineroar, L50, F, shiny|100/100\n|-activate|p2a: Terapagos|ability: Tera Shift\n|detailschange|p2a: Terapagos|Terapagos-Terastal, L50, M\n|-heal|p2a: Terapagos|100/100|[silent]\n|-ability|p2b: Incineroar|Intimidate|boost\n|-unboost|p1a: Whimsicott|atk|1\n|-unboost|p1b: Raging Bolt|atk|1\n|turn|1\n|\n|t:|1771367047\n|move|p1a: Whimsicott|Moonblast|p2a: Terapagos\n|-activate|p2a: Terapagos|ability: Tera Shell\n|-resisted|p2a: Terapagos\n|-damage|p2a: Terapagos|84/100\n|move|p1b: Raging Bolt|Snarl|p2a: Terapagos|[spread] p2a,p2b\n|-resisted|p2b: Incineroar\n|-damage|p2a: Terapagos|71/100\n|-damage|p2b: Incineroar|93/100\n|-unboost|p2a: Terapagos|spa|1\n|-unboost|p2b: Incineroar|spa|1\n|move|p2a: Terapagos|Calm Mind|p2a: Terapagos\n|-boost|p2a: Terapagos|spa|1\n|-boost|p2a: Terapagos|spd|1\n|move|p2b: Incineroar|Knock Off|p1a: Whimsicott\n|-resisted|p1a: Whimsicott\n|-damage|p1a: Whimsicott|70/100\n|-enditem|p1a: Whimsicott|Focus Sash|[from] move: Knock Off|[of] p2b: Incineroar\n|\n|-heal|p2a: Terapagos|77/100|[from] item: Leftovers\n|upkeep\n|turn|2\n|inactive|Battle timer is ON: inactive players will automatically lose when time's up. (requested by paradox franco)\n|inactive|paradox franco has 60 seconds left.\n|\n|t:|1771367078\n|move|p2a: Terapagos|Protect|p2a: Terapagos\n|-singleturn|p2a: Terapagos|Protect\n|move|p1a: Whimsicott|Tailwind|p1a: Whimsicott\n|-sidestart|p1: paradox franco|move: Tailwind\n|move|p1b: Raging Bolt|Thunderbolt|p2b: Incineroar\n|-damage|p2b: Incineroar|42/100\n|move|p2b: Incineroar|Parting Shot|p1b: Raging Bolt\n|-unboost|p1b: Raging Bolt|atk|1\n|-unboost|p1b: Raging Bolt|spa|1\n|\n|t:|1771367087\n|switch|p2b: Rillaboom|Rillaboom, L50, M|100/100|[from] Parting Shot\n|-fieldstart|move: Grassy Terrain|[from] ability: Grassy Surge|[of] p2b: Rillaboom\n|\n|-heal|p1a: Whimsicott|76/100|[from] Grassy Terrain\n|-heal|p2a: Terapagos|83/100|[from] Grassy Terrain\n|-heal|p2a: Terapagos|90/100|[from] item: Leftovers\n|upkeep\n|turn|3\n|\n|t:|1771367098\n|move|p2b: Rillaboom|Fake Out|p1a: Whimsicott\n|-damage|p1a: Whimsicott|55/100\n|cant|p1a: Whimsicott|flinch\n|move|p1b: Raging Bolt|Snarl|p2a: Terapagos|[spread] p2a,p2b\n|-damage|p2a: Terapagos|83/100\n|-damage|p2b: Rillaboom|94/100\n|-unboost|p2a: Terapagos|spa|1\n|-unboost|p2b: Rillaboom|spa|1\n|move|p2a: Terapagos|Calm Mind|p2a: Terapagos\n|-boost|p2a: Terapagos|spa|1\n|-boost|p2a: Terapagos|spd|1\n|\n|-heal|p1a: Whimsicott|60/100|[from] Grassy Terrain\n|-heal|p2a: Terapagos|89/100|[from] Grassy Terrain\n|-heal|p2a: Terapagos|95/100|[from] item: Leftovers\n|-heal|p2b: Rillaboom|99/100|[from] Grassy Terrain\n|upkeep\n|turn|4\n|\n|t:|1771367116\n|move|p2a: Terapagos|Protect|p2a: Terapagos\n|-singleturn|p2a: Terapagos|Protect\n|move|p1a: Whimsicott|Encore|p2b: Rillaboom\n|-start|p2b: Rillaboom|Encore\n|move|p1b: Raging Bolt|Snarl|p2a: Terapagos|[spread] p2b\n|-activate|p2a: Terapagos|move: Protect\n|-damage|p2b: Rillaboom|92/100\n|-unboost|p2b: Rillaboom|spa|1\n|move|p2b: Rillaboom|Fake Out||[still]\n|-hint|Fake Out only works on your first turn out.\n|-fail|p2b: Rillaboom\n|\n|-heal|p1a: Whimsicott|66/100|[from] Grassy Terrain\n|-heal|p2a: Terapagos|100/100|[from] Grassy Terrain\n|-heal|p2b: Rillaboom|98/100|[from] Grassy Terrain\n|upkeep\n|turn|5\n|\n|t:|1771367130\n|-end|p1b: Raging Bolt|Protosynthesis|[silent]\n|switch|p1b: Groudon|Groudon, L50|100/100\n|-weather|SunnyDay|[from] ability: Drought|[of] p1b: Groudon\n|switch|p2b: Incineroar|Incineroar, L50, F, shiny|42/100\n|-ability|p2b: Incineroar|Intimidate|boost\n|-unboost|p1a: Whimsicott|atk|1\n|-unboost|p1b: Groudon|atk|1\n|move|p2a: Terapagos|Protect|p2a: Terapagos\n|-singleturn|p2a: Terapagos|Protect\n|move|p1a: Whimsicott|Encore|p2a: Terapagos\n|-activate|p2a: Terapagos|move: Protect\n|\n|-weather|SunnyDay|[upkeep]\n|-heal|p1a: Whimsicott|72/100|[from] Grassy Terrain\n|-heal|p2b: Incineroar|48/100|[from] Grassy Terrain\n|-sideend|p1: paradox franco|move: Tailwind\n|upkeep\n|turn|6\n|\n|t:|1771367146\n|move|p2b: Incineroar|Fake Out|p1a: Whimsicott\n|-damage|p1a: Whimsicott|54/100\n|cant|p1a: Whimsicott|flinch\n|move|p2a: Terapagos|Calm Mind|p2a: Terapagos\n|-boost|p2a: Terapagos|spa|1\n|-boost|p2a: Terapagos|spd|1\n|move|p1b: Groudon|High Horsepower|p2b: Incineroar\n|-supereffective|p2b: Incineroar\n|-damage|p2b: Incineroar|0 fnt\n|-damage|p1b: Groudon|84/100|[from] item: Rocky Helmet|[of] p2b: Incineroar\n|faint|p2b: Incineroar\n|\n|-weather|SunnyDay|[upkeep]\n|-heal|p1a: Whimsicott|60/100|[from] Grassy Terrain\n|-heal|p1b: Groudon|90/100|[from] Grassy Terrain\n|-fieldend|move: Grassy Terrain\n|upkeep\n|\n|t:|1771367158\n|switch|p2b: Rillaboom|Rillaboom, L50, M|98/100\n|-fieldstart|move: Grassy Terrain|[from] ability: Grassy Surge|[of] p2b: Rillaboom\n|turn|7\n|\n|t:|1771367172\n|-terastallize|p1a: Whimsicott|Ghost\n|-terastallize|p2a: Terapagos|Stellar\n|detailschange|p2a: Terapagos|Terapagos-Stellar, L50, M, tera:Stellar\n|-heal|p2a: Terapagos|100/100|[silent]\n|-ability|p2a: Terapagos|Teraform Zero\n|-weather|none\n|-fieldend|move: Grassy Terrain\n|move|p2b: Rillaboom|Fake Out|p1a: Whimsicott\n|-immune|p1a: Whimsicott\n|move|p1a: Whimsicott|Encore|p2a: Terapagos\n|-start|p2a: Terapagos|Encore\n|move|p2a: Terapagos|Calm Mind|p2a: Terapagos\n|-boost|p2a: Terapagos|spa|1\n|-boost|p2a: Terapagos|spd|1\n|move|p1b: Groudon|Heat Crash|p2b: Rillaboom\n|-supereffective|p2b: Rillaboom\n|-damage|p2b: Rillaboom|34/100\n|\n|upkeep\n|turn|8\n|\n|t:|1771367185\n|move|p1a: Whimsicott|Endeavor|p2a: Terapagos\n|-damage|p2a: Terapagos|28/100\n|move|p2a: Terapagos|Calm Mind|p2a: Terapagos\n|-boost|p2a: Terapagos|spa|1\n|-boost|p2a: Terapagos|spd|1\n|move|p1b: Groudon|Heat Crash|p2b: Rillaboom\n|-supereffective|p2b: Rillaboom\n|-crit|p2b: Rillaboom\n|-damage|p2b: Rillaboom|0 fnt\n|faint|p2b: Rillaboom\n|\n|-heal|p2a: Terapagos|34/100|[from] item: Leftovers\n|upkeep\n|\n|t:|1771367193\n|switch|p2b: Calyrex|Calyrex-Shadow, L50|100/100\n|-ability|p2b: Calyrex|As One\n|-ability|p2b: Calyrex|Unnerve\n|turn|9\n|\n|t:|1771367200\n|move|p1a: Whimsicott|Tailwind|p1a: Whimsicott\n|-sidestart|p1: paradox franco|move: Tailwind\n|move|p1b: Groudon|Rock Slide|p2b: Calyrex|[spread] p2a,p2b\n|-damage|p2a: Terapagos|26/100\n|-damage|p2b: Calyrex|82/100\n|move|p2b: Calyrex|Astral Barrage|p1a: Whimsicott|[spread] p1a,p1b\n|-supereffective|p1a: Whimsicott\n|-crit|p1b: Groudon\n|-damage|p1a: Whimsicott|0 fnt\n|-damage|p1b: Groudon|7/100\n|faint|p1a: Whimsicott\n|-ability|p2b: Calyrex|Grim Neigh|boost\n|-boost|p2b: Calyrex|spa|1\n|move|p2a: Terapagos|Calm Mind|p2a: Terapagos\n|-boost|p2a: Terapagos|spa|1\n|-boost|p2a: Terapagos|spd|1\n|\n|-heal|p2a: Terapagos|32/100|[from] item: Leftovers\n|-end|p2a: Terapagos|Encore\n|upkeep\n|\n|t:|1771367211\n|switch|p1a: Raging Bolt|Raging Bolt, L50|100/100\n|turn|10\n|\n|t:|1771367222\n|move|p2b: Calyrex|Protect|p2b: Calyrex\n|-singleturn|p2b: Calyrex|Protect\n|move|p1a: Raging Bolt|Snarl|p2a: Terapagos|[spread] p2a\n|-activate|p2b: Calyrex|move: Protect\n|-damage|p2a: Terapagos|30/100\n|-unboost|p2a: Terapagos|spa|1\n|move|p1b: Groudon|Heat Crash|p2a: Terapagos\n|-damage|p2a: Terapagos|12/100\n|move|p2a: Terapagos|Tera Starstorm|p1b: Groudon|[spread] p1a,p1b\n|-damage|p1a: Raging Bolt|47/100\n|-damage|p1b: Groudon|0 fnt\n|faint|p1b: Groudon\n|\n|-heal|p2a: Terapagos|18/100|[from] item: Leftovers\n|upkeep\n|\n|t:|1771367225\n|switch|p1b: Lunala|Lunala, L50|100/100\n|turn|11\n|\n|t:|1771367247\n|move|p1b: Lunala|Dazzling Gleam|p2b: Calyrex|[spread] p2a,p2b\n|-damage|p2a: Terapagos|13/100\n|-damage|p2b: Calyrex|46/100\n|move|p1a: Raging Bolt|Snarl|p2a: Terapagos|[spread] p2a,p2b\n|-supereffective|p2b: Calyrex\n|-damage|p2a: Terapagos|10/100\n|-damage|p2b: Calyrex|0 fnt\n|-unboost|p2a: Terapagos|spa|1\n|faint|p2b: Calyrex\n|move|p2a: Terapagos|Earth Power|p1a: Raging Bolt\n|-supereffective|p1a: Raging Bolt\n|-damage|p1a: Raging Bolt|0 fnt\n|faint|p1a: Raging Bolt\n|-end|p1a: Raging Bolt|Protosynthesis|[silent]\n|\n|-heal|p2a: Terapagos|16/100|[from] item: Leftovers\n|upkeep\n|turn|12\n|\n|t:|1771367260\n|move|p2a: Terapagos|Protect|p2a: Terapagos\n|-singleturn|p2a: Terapagos|Protect\n|move|p1b: Lunala|Dazzling Gleam|p2a: Terapagos\n|-activate|p2a: Terapagos|move: Protect\n|\n|-heal|p2a: Terapagos|23/100|[from] item: Leftovers\n|-sideend|p1: paradox franco|move: Tailwind\n|upkeep\n|turn|13\n|\n|t:|1771367269\n|move|p1b: Lunala|Dazzling Gleam|p2a: Terapagos\n|-damage|p2a: Terapagos|15/100\n|move|p2a: Terapagos|Earth Power|p1b: Lunala\n|-crit|p1b: Lunala\n|-damage|p1b: Lunala|62/100\n|\n|-heal|p2a: Terapagos|21/100|[from] item: Leftovers\n|upkeep\n|turn|14\n|\n|t:|1771367287\n|move|p1b: Lunala|Dazzling Gleam|p2a: Terapagos\n|-damage|p2a: Terapagos|13/100\n|move|p2a: Terapagos|Tera Starstorm|p1b: Lunala\n|-damage|p1b: Lunala|0 fnt\n|faint|p1b: Lunala\n|\n|win|Schimmli\n|raw|paradox franco's rating: 1422 &rarr; <strong>1407</strong><br />(-15 for losing)\n|raw|Schimmli's rating: 1504 &rarr; <strong>1519</strong><br />(+15 for winning)\n|l|\u2606paradox franco\n|player|p1|\n|l|\u2606Schimmli\n|player|p2|\n","uploadtime":1771367502,"views":14,"formatid":"gen9vgc2026regi","rating":1407,"private":0,"password":null}