{"id":"gen9vgc2026regi-2553716488","format":"[Gen 9] VGC 2026 Reg I","players":["KaiMVGC","anegasak"],"log":"|j|\u2606KaiMVGC\n|j|\u2606anegasak\n|t:|1772866483\n|gametype|doubles\n|player|p1|KaiMVGC|boarder|1340\n|player|p2|anegasak|102|1347\n|gen|9\n|tier|[Gen 9] VGC 2026 Reg I\n|rated|\n|rule|Species Clause: Limit one of each Pok\u00e9mon\n|rule|Item Clause: Limit 1 of each item\n|clearpoke\n|poke|p1|Calyrex-Shadow, L50|\n|poke|p1|Zamazenta-*, L50|\n|poke|p1|Incineroar, L50, F|\n|poke|p1|Rillaboom, L50, F|\n|poke|p1|Amoonguss, L50, M|\n|poke|p1|Urshifu-*, L50, M|\n|poke|p2|Miraidon, L50|\n|poke|p2|Lunala, L50|\n|poke|p2|Urshifu-*, L50, F|\n|poke|p2|Ursaluna, L50, M|\n|poke|p2|Incineroar, L50, M|\n|poke|p2|Whimsicott, L50, M|\n|teampreview|4\n|\n|t:|1772866529\n|teamsize|p1|4\n|teamsize|p2|4\n|start\n|switch|p1a: Incineroar|Incineroar, L50, F|100/100\n|switch|p1b: Amoonguss|Amoonguss, L50, M|100/100\n|switch|p2a: Miraidon|Miraidon, L50|100/100\n|switch|p2b: Lunala|Lunala, L50|100/100\n|-fieldstart|move: Electric Terrain|[from] ability: Hadron Engine|[of] p2a: Miraidon\n|-enditem|p2b: Lunala|Electric Seed\n|-boost|p2b: Lunala|def|1|[from] item: Electric Seed\n|-ability|p1a: Incineroar|Intimidate|boost\n|-unboost|p2a: Miraidon|atk|1\n|-unboost|p2b: Lunala|atk|1\n|turn|1\n|\n|t:|1772866557\n|switch|p1a: Rillaboom|Rillaboom, L50, F|100/100\n|-fieldstart|move: Grassy Terrain|[from] ability: Grassy Surge|[of] p1a: Rillaboom\n|move|p2a: Miraidon|Volt Switch|p1a: Rillaboom\n|-resisted|p1a: Rillaboom\n|-damage|p1a: Rillaboom|85/100\n|-damage|p2a: Miraidon|91/100|[from] item: Life Orb\n|\n|t:|1772866566\n|switch|p2a: Ursaluna|Ursaluna, L50, M|100/100|[from] Volt Switch\n|move|p1b: Amoonguss|Spore|p2b: Lunala\n|-status|p2b: Lunala|slp|[from] move: Spore\n|cant|p2b: Lunala|slp\n|\n|-heal|p1a: Rillaboom|91/100|[from] Grassy Terrain\n|-status|p2a: Ursaluna|brn|[from] item: Flame Orb\n|upkeep\n|turn|2\n|\n|t:|1772866589\n|switch|p1b: Incineroar|Incineroar, L50, F|100/100\n|-ability|p1b: Incineroar|Intimidate|boost\n|-unboost|p2a: Ursaluna|atk|1\n|-unboost|p2b: Lunala|atk|1\n|-terastallize|p2a: Ursaluna|Ghost\n|cant|p2b: Lunala|slp\n|move|p1a: Rillaboom|Wood Hammer|p2a: Ursaluna\n|-damage|p2a: Ursaluna|46/100 brn\n|-damage|p1a: Rillaboom|70/100|[from] Recoil\n|move|p2a: Ursaluna|Facade|p1a: Rillaboom\n|-damage|p1a: Rillaboom|0 fnt\n|faint|p1a: Rillaboom\n|\n|-heal|p2a: Ursaluna|52/100 brn|[from] Grassy Terrain\n|-damage|p2a: Ursaluna|46/100 brn|[from] brn\n|upkeep\n|\n|t:|1772866610\n|switch|p1a: Amoonguss|Amoonguss, L50, M|100/100\n|turn|3\n|\n|t:|1772866630\n|cant|p2b: Lunala|slp\n|move|p1b: Incineroar|Knock Off|p2a: Ursaluna\n|-supereffective|p2a: Ursaluna\n|-damage|p2a: Ursaluna|0 fnt\n|-enditem|p2a: Ursaluna|Flame Orb|[from] move: Knock Off|[of] p1b: Incineroar\n|faint|p2a: Ursaluna\n|move|p1a: Amoonguss|Pollen Puff|p2b: Lunala\n|-damage|p2b: Lunala|94/100 slp\n|\n|-heal|p2b: Lunala|99/100 slp|[from] Grassy Terrain\n|upkeep\n|\n|t:|1772866643\n|switch|p2a: Incineroar|Incineroar, L50, M|100/100\n|-ability|p2a: Incineroar|Intimidate|boost\n|-unboost|p1a: Amoonguss|atk|1\n|-unboost|p1b: Incineroar|atk|1\n|turn|4\n|\n|t:|1772866658\n|switch|p1b: Zamazenta|Zamazenta-Crowned, L50|100/100\n|-ability|p1b: Zamazenta|Dauntless Shield|boost\n|-boost|p1b: Zamazenta|def|1\n|move|p1a: Amoonguss|Protect|p1a: Amoonguss\n|-singleturn|p1a: Amoonguss|Protect\n|-curestatus|p2b: Lunala|slp|[msg]\n|move|p2b: Lunala|Moongeist Beam|p1a: Amoonguss\n|-activate|p1a: Amoonguss|move: Protect\n|move|p2a: Incineroar|U-turn|p1b: Zamazenta\n|-resisted|p1b: Zamazenta\n|-damage|p1b: Zamazenta|99/100\n|\n|t:|1772866673\n|switch|p2a: Miraidon|Miraidon, L50|91/100|[from] U-turn\n|-fieldstart|move: Electric Terrain|[from] ability: Hadron Engine|[of] p2a: Miraidon\n|\n|upkeep\n|turn|5\n|\n|t:|1772866687\n|switch|p1a: Incineroar|Incineroar, L50, F|100/100\n|-ability|p1a: Incineroar|Intimidate|boost\n|-unboost|p2a: Miraidon|atk|1\n|-unboost|p2b: Lunala|atk|1\n|-terastallize|p1b: Zamazenta|Dragon\n|move|p2a: Miraidon|Volt Switch|p1a: Incineroar\n|-damage|p1a: Incineroar|30/100\n|-damage|p2a: Miraidon|81/100|[from] item: Life Orb\n|\n|t:|1772866697\n|switch|p2a: Incineroar|Incineroar, L50, M|100/100|[from] Volt Switch\n|-ability|p2a: Incineroar|Intimidate|boost\n|-unboost|p1a: Incineroar|atk|1\n|-unboost|p1b: Zamazenta|atk|1\n|move|p1b: Zamazenta|Body Press|p2a: Incineroar\n|-supereffective|p2a: Incineroar\n|-damage|p2a: Incineroar|0 fnt\n|faint|p2a: Incineroar\n|move|p2b: Lunala|Moongeist Beam|p1a: Incineroar\n|-resisted|p1a: Incineroar\n|-damage|p1a: Incineroar|6/100\n|\n|upkeep\n|\n|t:|1772866711\n|switch|p2a: Miraidon|Miraidon, L50|81/100\n|-activate|p2a: Miraidon|ability: Hadron Engine\n|turn|6\n|\n|t:|1772866720\n|move|p2a: Miraidon|Protect|p2a: Miraidon\n|-singleturn|p2a: Miraidon|Protect\n|move|p1a: Incineroar|Fake Out|p2a: Miraidon\n|-activate|p2a: Miraidon|move: Protect\n|move|p1b: Zamazenta|Body Press|p2a: Miraidon\n|-activate|p2a: Miraidon|move: Protect\n|move|p2b: Lunala|Moonblast|p1b: Zamazenta\n|-supereffective|p1b: Zamazenta\n|-damage|p1b: Zamazenta|52/100\n|\n|upkeep\n|turn|7\n|\n|t:|1772866741\n|switch|p1a: Amoonguss|Amoonguss, L50, M|100/100\n|move|p1b: Zamazenta|Protect|p1b: Zamazenta\n|-singleturn|p1b: Zamazenta|Protect\n|move|p2a: Miraidon|Draco Meteor|p1b: Zamazenta\n|-activate|p1b: Zamazenta|move: Protect\n|move|p2b: Lunala|Moongeist Beam|p1a: Amoonguss\n|-damage|p1a: Amoonguss|59/100\n|\n|upkeep\n|turn|8\n|\n|t:|1772866764\n|switch|p1b: Incineroar|Incineroar, L50, F|6/100\n|-ability|p1b: Incineroar|Intimidate|boost\n|-unboost|p2a: Miraidon|atk|1\n|-unboost|p2b: Lunala|atk|1\n|move|p1a: Amoonguss|Protect|p1a: Amoonguss\n|-singleturn|p1a: Amoonguss|Protect\n|move|p2a: Miraidon|Draco Meteor|p1a: Amoonguss\n|-activate|p1a: Amoonguss|move: Protect\n|move|p2b: Lunala|Moonblast|p1b: Incineroar\n|-damage|p1b: Incineroar|0 fnt\n|faint|p1b: Incineroar\n|\n|-fieldend|move: Electric Terrain\n|upkeep\n|\n|t:|1772866774\n|switch|p1b: Zamazenta|Zamazenta-Crowned, L50, tera:Dragon|52/100\n|turn|9\n|\n|t:|1772866792\n|move|p1b: Zamazenta|Protect|p1b: Zamazenta\n|-singleturn|p1b: Zamazenta|Protect\n|move|p2a: Miraidon|Draco Meteor|p1a: Amoonguss\n|-damage|p1a: Amoonguss|0 fnt\n|-unboost|p2a: Miraidon|spa|2\n|faint|p1a: Amoonguss\n|-damage|p2a: Miraidon|71/100|[from] item: Life Orb\n|move|p2b: Lunala|Moongeist Beam|p1b: Zamazenta\n|-activate|p1b: Zamazenta|move: Protect\n|\n|upkeep\n|turn|10\n|\n|t:|1772866809\n|move|p2a: Miraidon|Draco Meteor|p1b: Zamazenta\n|-supereffective|p1b: Zamazenta\n|-damage|p1b: Zamazenta|0 fnt\n|-unboost|p2a: Miraidon|spa|2\n|faint|p1b: Zamazenta\n|-damage|p2a: Miraidon|62/100|[from] item: Life Orb\n|\n|win|anegasak\n|raw|KaiMVGC's rating: 1340 &rarr; <strong>1320</strong><br />(-20 for losing)\n|raw|anegasak's rating: 1347 &rarr; <strong>1367</strong><br />(+20 for winning)\n|l|\u2606anegasak\n|player|p2|\n","uploadtime":1772867041,"views":14,"formatid":"gen9vgc2026regi","rating":1320,"private":0,"password":null}