{"id":"gen9vgc2026regi-2553377088","format":"[Gen 9] VGC 2026 Reg I","players":["Pokemonst3r","shangenb5"],"log":"|j|\u2606Pokemonst3r\n|j|\u2606shangenb5\n|t:|1772825245\n|gametype|doubles\n|player|p1|Pokemonst3r|101|1524\n|player|p2|shangenb5|2|1496\n|gen|9\n|tier|[Gen 9] VGC 2026 Reg I\n|rated|\n|rule|Species Clause: Limit one of each Pok\u00e9mon\n|rule|Item Clause: Limit 1 of each item\n|clearpoke\n|poke|p1|Chien-Pao, L50|\n|poke|p1|Calyrex-Shadow, L50|\n|poke|p1|Dondozo, L50, F|\n|poke|p1|Zamazenta-*, L50|\n|poke|p1|Dragonite, L50, F|\n|poke|p1|Tatsugiri, L50, F|\n|poke|p2|Miraidon, L50|\n|poke|p2|Groudon, L50|\n|poke|p2|Walking Wake, L50|\n|poke|p2|Grimmsnarl, L50, M|\n|poke|p2|Incineroar, L50, M|\n|poke|p2|Volcarona, L50, M|\n|teampreview|4\n|inactive|Battle timer is ON: inactive players will automatically lose when time's up. (requested by Pokemonst3r)\n|j| g0dGun\n|inactive|shangenb5 has 60 seconds left.\n|\n|t:|1772825280\n|teamsize|p1|4\n|teamsize|p2|4\n|start\n|switch|p1a: Chien-Pao|Chien-Pao, L50|100/100\n|switch|p1b: Dragonite|Dragonite, L50, F|100/100\n|switch|p2a: Grimmsnarl|Grimmsnarl, L50, M|100/100\n|switch|p2b: Miraidon|Miraidon, L50, shiny|100/100\n|-ability|p1a: Chien-Pao|Sword of Ruin\n|-fieldstart|move: Electric Terrain|[from] ability: Hadron Engine|[of] p2b: Miraidon\n|turn|1\n|\n|t:|1772825299\n|-terastallize|p2b: Miraidon|Fairy\n|-terastallize|p1b: Dragonite|Normal\n|move|p1b: Dragonite|Extreme Speed|p2a: Grimmsnarl\n|-damage|p2a: Grimmsnarl|17/100\n|move|p2a: Grimmsnarl|Reflect|p2a: Grimmsnarl\n|-sidestart|p2: shangenb5|Reflect\n|move|p1a: Chien-Pao|Ice Spinner|p2b: Miraidon\n|-damage|p2b: Miraidon|65/100\n|-fieldend|move: Electric Terrain\n|move|p2b: Miraidon|Dazzling Gleam|p1a: Chien-Pao|[spread] p1a,p1b\n|-supereffective|p1a: Chien-Pao\n|-enditem|p1a: Chien-Pao|Focus Sash\n|-damage|p1a: Chien-Pao|1/100\n|-damage|p1b: Dragonite|60/100\n|-damage|p2b: Miraidon|56/100|[from] item: Life Orb\n|\n|upkeep\n|turn|2\n|inactive|shangenb5 has 30 seconds left.\n|\n|t:|1772825324\n|switch|p2b: Volcarona|Volcarona, L50, M|100/100\n|move|p1b: Dragonite|Extreme Speed|p2b: Volcarona\n|-damage|p2b: Volcarona|19/100\n|move|p2a: Grimmsnarl|Sucker Punch|p1a: Chien-Pao\n|-resisted|p1a: Chien-Pao\n|-damage|p1a: Chien-Pao|0 fnt\n|faint|p1a: Chien-Pao\n|\n|-heal|p2b: Volcarona|25/100|[from] item: Leftovers\n|upkeep\n|\n|t:|1772825334\n|switch|p1a: Zamazenta|Zamazenta-Crowned, L50|100/100\n|-ability|p1a: Zamazenta|Dauntless Shield|boost\n|-boost|p1a: Zamazenta|def|1\n|turn|3\n|\n|t:|1772825351\n|move|p1b: Dragonite|Extreme Speed|p2a: Grimmsnarl\n|-damage|p2a: Grimmsnarl|0 fnt\n|faint|p2a: Grimmsnarl\n|move|p1a: Zamazenta|Body Press|p2b: Volcarona\n|-resisted|p2b: Volcarona\n|-damage|p2b: Volcarona|0 fnt\n|faint|p2b: Volcarona\n|\n|upkeep\n|\n|t:|1772825359\n|switch|p2b: Miraidon|Miraidon, L50, shiny, tera:Fairy|56/100\n|switch|p2a: Groudon|Groudon, L50|100/100\n|-fieldstart|move: Electric Terrain|[from] ability: Hadron Engine|[of] p2b: Miraidon\n|-weather|SunnyDay|[from] ability: Drought|[of] p2a: Groudon\n|turn|4\n|\n|t:|1772825370\n|move|p2b: Miraidon|Protect|p2b: Miraidon\n|-singleturn|p2b: Miraidon|Protect\n|move|p1a: Zamazenta|Protect|p1a: Zamazenta\n|-singleturn|p1a: Zamazenta|Protect\n|move|p1b: Dragonite|Extreme Speed|p2b: Miraidon\n|-activate|p2b: Miraidon|move: Protect\n|move|p2a: Groudon|Precipice Blades|p1a: Zamazenta|[spread] p1b\n|-activate|p1a: Zamazenta|move: Protect\n|-damage|p1b: Dragonite|10/100\n|\n|-weather|SunnyDay|[upkeep]\n|upkeep\n|turn|5\n|\n|t:|1772825384\n|move|p1a: Zamazenta|Wide Guard|p1a: Zamazenta\n|-singleturn|p1a: Zamazenta|Wide Guard\n|move|p1b: Dragonite|Extreme Speed|p2b: Miraidon\n|-damage|p2b: Miraidon|10/100\n|move|p2b: Miraidon|Electro Drift|p1a: Zamazenta\n|-damage|p1a: Zamazenta|20/100\n|-damage|p2b: Miraidon|0 fnt|[from] item: Life Orb\n|faint|p2b: Miraidon\n|move|p2a: Groudon|Precipice Blades|p1b: Dragonite|[spread] \n|-activate|p1a: Zamazenta|move: Wide Guard\n|-activate|p1b: Dragonite|move: Wide Guard\n|\n|-weather|SunnyDay|[upkeep]\n|upkeep\n|turn|6\n|-message|shangenb5 forfeited.\n|\n|win|Pokemonst3r\n|raw|Pokemonst3r's rating: 1524 &rarr; <strong>1542</strong><br />(+18 for winning)\n|raw|shangenb5's rating: 1496 &rarr; <strong>1478</strong><br />(-18 for losing)\n|l|\u2606shangenb5\n|player|p2|\n|l|\u2606Pokemonst3r\n|player|p1|\n|l| g0dGun\n","uploadtime":1772825621,"views":14,"formatid":"gen9vgc2026regi","rating":1478,"private":0,"password":null}