{"id":"gen9vgc2026regi-2567218301","format":"[Gen 9] VGC 2026 Reg I","players":["curfy324","Alex Soto's fan"],"log":"|j|\u2606curfy324\n|j|\u2606Alex Soto's fan\n|t:|1774458147\n|gametype|doubles\n|player|p1|curfy324|265|1547\n|player|p2|Alex Soto's fan|1|1497\n|gen|9\n|tier|[Gen 9] VGC 2026 Reg I\n|rated|\n|rule|Species Clause: Limit one of each Pok\u00e9mon\n|rule|Item Clause: Limit 1 of each item\n|clearpoke\n|poke|p1|Zacian-*, L50|\n|poke|p1|Kyogre, L50|\n|poke|p1|Urshifu-*, L50, M|\n|poke|p1|Roaring Moon, L50|\n|poke|p1|Rillaboom, L50, M|\n|poke|p1|Volcarona, L50, F|\n|poke|p2|Kyogre, L50|\n|poke|p2|Calyrex-Ice, L50|\n|poke|p2|Urshifu-*, L50, M|\n|poke|p2|Landorus, L50, M|\n|poke|p2|Tornadus, L50, M|\n|poke|p2|Rillaboom, L50, M|\n|teampreview|4\n|inactive|Battle timer is ON: inactive players will automatically lose when time's up. (requested by curfy324)\n|inactive|Alex Soto's fan also wants the timer to be on.\n|\n|t:|1774458174\n|teamsize|p1|4\n|teamsize|p2|4\n|start\n|switch|p1a: Roaring Moon|Roaring Moon, L50, shiny|100/100\n|switch|p1b: Rillaboom|Rillaboom, L50, M, shiny|100/100\n|switch|p2a: Calyrex|Calyrex-Ice, L50|100/100\n|switch|p2b: Rillaboom|Rillaboom, L50, M|100/100\n|-ability|p2a: Calyrex|As One\n|-ability|p2a: Calyrex|Unnerve\n|-fieldstart|move: Grassy Terrain|[from] ability: Grassy Surge|[of] p1b: Rillaboom\n|-enditem|p1a: Roaring Moon|Booster Energy\n|-activate|p1a: Roaring Moon|ability: Protosynthesis|[fromitem]\n|-start|p1a: Roaring Moon|protosynthesisspe\n|turn|1\n|\n|t:|1774458196\n|move|p1b: Rillaboom|Fake Out|p2b: Rillaboom\n|-damage|p2b: Rillaboom|89/100\n|cant|p2b: Rillaboom|flinch\n|move|p1a: Roaring Moon|Knock Off|p2a: Calyrex\n|-supereffective|p2a: Calyrex\n|-damage|p2a: Calyrex|43/100\n|-enditem|p2a: Calyrex|Leftovers|[from] move: Knock Off|[of] p1a: Roaring Moon\n|move|p2a: Calyrex|Glacial Lance|p1a: Roaring Moon|[spread] p1a,p1b\n|-supereffective|p1a: Roaring Moon\n|-crit|p1a: Roaring Moon\n|-supereffective|p1b: Rillaboom\n|-damage|p1a: Roaring Moon|0 fnt\n|-damage|p1b: Rillaboom|0 fnt\n|faint|p1a: Roaring Moon\n|-end|p1a: Roaring Moon|Protosynthesis|[silent]\n|faint|p1b: Rillaboom\n|-ability|p2a: Calyrex|Chilling Neigh|boost\n|-boost|p2a: Calyrex|atk|2\n|\n|-heal|p2b: Rillaboom|95/100|[from] Grassy Terrain\n|-heal|p2a: Calyrex|48/100|[from] Grassy Terrain\n|upkeep\n|\n|t:|1774458213\n|switch|p1a: Zacian|Zacian-Crowned, L50, shiny|100/100\n|switch|p1b: Kyogre|Kyogre, L50|100/100\n|-ability|p1a: Zacian|Intrepid Sword|boost\n|-boost|p1a: Zacian|atk|1\n|-weather|RainDance|[from] ability: Drizzle|[of] p1b: Kyogre\n|turn|2\n|inactive|Alex Soto's fan has 30 seconds left.\n|\n|t:|1774458240\n|-terastallize|p1b: Kyogre|Grass\n|-terastallize|p2a: Calyrex|Grass\n|move|p1a: Zacian|Behemoth Blade|p2a: Calyrex\n|-damage|p2a: Calyrex|0 fnt\n|faint|p2a: Calyrex\n|move|p1b: Kyogre|Water Spout|p2b: Rillaboom\n|-resisted|p2b: Rillaboom\n|-damage|p2b: Rillaboom|43/100\n|move|p2b: Rillaboom|U-turn|p1b: Kyogre\n|-supereffective|p1b: Kyogre\n|-damage|p1b: Kyogre|57/100\n|\n|t:|1774458251\n|switch|p2b: Landorus|Landorus, L50, M|100/100|[from] U-turn\n|\n|-weather|RainDance|[upkeep]\n|-heal|p1b: Kyogre|63/100|[from] Grassy Terrain\n|upkeep\n|\n|t:|1774458253\n|switch|p2a: Rillaboom|Rillaboom, L50, M|43/100\n|turn|3\n|\n|t:|1774458262\n|move|p1a: Zacian|Protect|p1a: Zacian\n|-singleturn|p1a: Zacian|Protect\n|move|p1b: Kyogre|Protect|p1b: Kyogre\n|-singleturn|p1b: Kyogre|Protect\n|move|p2a: Rillaboom|Fake Out|p1a: Zacian\n|-activate|p1a: Zacian|move: Protect\n|move|p2b: Landorus|Sludge Bomb|p1b: Kyogre\n|-activate|p1b: Kyogre|move: Protect\n|\n|-weather|RainDance|[upkeep]\n|-heal|p1b: Kyogre|69/100|[from] Grassy Terrain\n|-heal|p2a: Rillaboom|48/100|[from] Grassy Terrain\n|upkeep\n|turn|4\n|\n|t:|1774458286\n|move|p2b: Landorus|Protect|p2b: Landorus\n|-singleturn|p2b: Landorus|Protect\n|move|p1a: Zacian|Behemoth Blade|p2a: Rillaboom\n|-damage|p2a: Rillaboom|0 fnt\n|faint|p2a: Rillaboom\n|move|p1b: Kyogre|Origin Pulse|p2b: Landorus\n|-activate|p2b: Landorus|move: Protect\n|\n|-weather|RainDance|[upkeep]\n|-heal|p1b: Kyogre|76/100|[from] Grassy Terrain\n|upkeep\n|j| oherrodersir\n|\n|t:|1774458294\n|switch|p2a: Kyogre|Kyogre, L50|100/100\n|turn|5\n|\n|t:|1774458308\n|move|p2a: Kyogre|Protect|p2a: Kyogre\n|-singleturn|p2a: Kyogre|Protect\n|move|p1a: Zacian|Play Rough|p2a: Kyogre\n|-activate|p2a: Kyogre|move: Protect\n|move|p1b: Kyogre|Origin Pulse|p2b: Landorus|[spread] p2b\n|-activate|p2a: Kyogre|move: Protect\n|-supereffective|p2b: Landorus\n|-damage|p2b: Landorus|0 fnt\n|faint|p2b: Landorus\n|\n|-weather|RainDance|[upkeep]\n|-heal|p1b: Kyogre|82/100|[from] Grassy Terrain\n|-fieldend|move: Grassy Terrain\n|upkeep\n|turn|6\n|-message|Alex Soto's fan forfeited.\n|\n|win|curfy324\n|raw|curfy324's rating: 1547 &rarr; <strong>1564</strong><br />(+17 for winning)\n|raw|Alex Soto&apos;s fan's rating: 1497 &rarr; <strong>1480</strong><br />(-17 for losing)\n|l|\u2606Alex Soto's fan\n|player|p2|\n|l|\u2606curfy324\n|player|p1|\n","uploadtime":1774458549,"views":12,"formatid":"gen9vgc2026regi","rating":1480,"private":0,"password":null}