{"id":"gen9vgc2026regi-2523275594","format":"[Gen 9] VGC 2026 Reg I","players":["alamossauro","zonavideovigilada"],"log":"|j|\u2606alamossauro\n|j|\u2606zonavideovigilada\n|t:|1769010505\n|gametype|doubles\n|player|p1|alamossauro|pokemaniac|1334\n|player|p2|zonavideovigilada|265|1402\n|gen|9\n|tier|[Gen 9] VGC 2026 Reg I\n|rated|\n|rule|Species Clause: Limit one of each Pok\u00e9mon\n|rule|Item Clause: Limit 1 of each item\n|clearpoke\n|poke|p1|Miraidon, L50|\n|poke|p1|Kyurem-White, L50|\n|poke|p1|Iron Bundle, L50|\n|poke|p1|Iron Hands, L50|\n|poke|p1|Tornadus, L50, M|\n|poke|p1|Kingambit, L50, M|\n|poke|p2|Chien-Pao, L50|\n|poke|p2|Calyrex-Shadow, L50|\n|poke|p2|Zamazenta-*, L50|\n|poke|p2|Amoonguss, L50, F|\n|poke|p2|Chi-Yu, L50|\n|poke|p2|Rillaboom, L50, F|\n|teampreview|4\n|\n|t:|1769010526\n|teamsize|p1|4\n|teamsize|p2|4\n|start\n|switch|p1a: Kyurem|Kyurem-White, L50|100/100\n|switch|p1b: Tornadus|Tornadus, L50, M|100/100\n|switch|p2a: Zamazenta|Zamazenta-Crowned, L50|100/100\n|switch|p2b: Chi-Yu|Chi-Yu, L50|100/100\n|-ability|p2b: Chi-Yu|Beads of Ruin\n|-ability|p2a: Zamazenta|Dauntless Shield|boost\n|-boost|p2a: Zamazenta|def|1\n|-ability|p1a: Kyurem|Turboblaze\n|turn|1\n|\n|t:|1769010545\n|-terastallize|p1b: Tornadus|Fire\n|move|p2b: Chi-Yu|Snarl|p1a: Kyurem|[spread] p1a,p1b\n|-damage|p1a: Kyurem|85/100\n|-damage|p1b: Tornadus|51/100\n|-unboost|p1a: Kyurem|spa|1\n|-unboost|p1b: Tornadus|spa|1\n|move|p2a: Zamazenta|Body Press|p1a: Kyurem\n|-supereffective|p1a: Kyurem\n|-damage|p1a: Kyurem|0 fnt\n|faint|p1a: Kyurem\n|move|p1b: Tornadus|Heat Wave|p2a: Zamazenta|[spread] p2a,p2b\n|-supereffective|p2a: Zamazenta\n|-resisted|p2b: Chi-Yu\n|-damage|p2a: Zamazenta|36/100\n|-damage|p2b: Chi-Yu|83/100\n|-status|p2a: Zamazenta|brn\n|-damage|p1b: Tornadus|41/100|[from] item: Life Orb\n|\n|-damage|p2a: Zamazenta|30/100 brn|[from] brn\n|upkeep\n|inactive|Battle timer is ON: inactive players will automatically lose when time's up. (requested by zonavideovigilada)\n|\n|t:|1769010564\n|switch|p1a: Miraidon|Miraidon, L50|100/100\n|-fieldstart|move: Electric Terrain|[from] ability: Hadron Engine|[of] p1a: Miraidon\n|turn|2\n|inactive|zonavideovigilada has 30 seconds left.\n|\n|t:|1769010599\n|switch|p2b: Rillaboom|Rillaboom, L50, F|100/100\n|-fieldstart|move: Grassy Terrain|[from] ability: Grassy Surge|[of] p2b: Rillaboom\n|move|p1b: Tornadus|Tailwind|p1b: Tornadus\n|-sidestart|p1: alamossauro|move: Tailwind\n|move|p1a: Miraidon|Electro Drift|p2b: Rillaboom\n|-resisted|p2b: Rillaboom\n|-damage|p2b: Rillaboom|60/100\n|move|p2a: Zamazenta|Body Press|p1b: Tornadus\n|-damage|p1b: Tornadus|0 fnt\n|faint|p1b: Tornadus\n|\n|-heal|p2a: Zamazenta|36/100 brn|[from] Grassy Terrain\n|-heal|p2b: Rillaboom|66/100|[from] Grassy Terrain\n|-damage|p2a: Zamazenta|30/100 brn|[from] brn\n|upkeep\n|\n|t:|1769010617\n|switch|p1b: Kingambit|Kingambit, L50, M|100/100\n|turn|3\n|\n|t:|1769010638\n|move|p2b: Rillaboom|Fake Out|p1a: Miraidon\n|-damage|p1a: Miraidon|88/100\n|move|p1b: Kingambit|Sucker Punch||[still]\n|-fail|p1b: Kingambit\n|cant|p1a: Miraidon|flinch\n|move|p2a: Zamazenta|Body Press|p1b: Kingambit\n|-supereffective|p1b: Kingambit\n|-damage|p1b: Kingambit|4/100\n|\n|-heal|p1a: Miraidon|94/100|[from] Grassy Terrain\n|-heal|p2a: Zamazenta|36/100 brn|[from] Grassy Terrain\n|-heal|p2b: Rillaboom|72/100|[from] Grassy Terrain\n|-heal|p1b: Kingambit|10/100|[from] Grassy Terrain\n|-damage|p2a: Zamazenta|30/100 brn|[from] brn\n|upkeep\n|turn|4\n|\n|t:|1769010656\n|move|p2b: Rillaboom|Grassy Glide|p1b: Kingambit\n|-resisted|p1b: Kingambit\n|-damage|p1b: Kingambit|0 fnt\n|faint|p1b: Kingambit\n|move|p1a: Miraidon|Electro Drift|p2b: Rillaboom\n|-resisted|p2b: Rillaboom\n|-damage|p2b: Rillaboom|31/100\n|move|p2a: Zamazenta|Body Press|p1a: Miraidon\n|-damage|p1a: Miraidon|58/100\n|\n|-heal|p1a: Miraidon|63/100|[from] Grassy Terrain\n|-heal|p2a: Zamazenta|36/100 brn|[from] Grassy Terrain\n|-heal|p2b: Rillaboom|37/100|[from] Grassy Terrain\n|-damage|p2a: Zamazenta|30/100 brn|[from] brn\n|upkeep\n|turn|5\n|\n|t:|1769010673\n|move|p1a: Miraidon|Electro Drift|p2b: Rillaboom\n|-resisted|p2b: Rillaboom\n|-damage|p2b: Rillaboom|0 fnt\n|faint|p2b: Rillaboom\n|move|p2a: Zamazenta|Body Press|p1a: Miraidon\n|-damage|p1a: Miraidon|31/100\n|\n|-heal|p1a: Miraidon|36/100|[from] Grassy Terrain\n|-heal|p2a: Zamazenta|36/100 brn|[from] Grassy Terrain\n|-damage|p2a: Zamazenta|30/100 brn|[from] brn\n|-sideend|p1: alamossauro|move: Tailwind\n|upkeep\n|\n|t:|1769010677\n|switch|p2b: Calyrex|Calyrex-Shadow, L50|100/100\n|-ability|p2b: Calyrex|As One\n|-ability|p2b: Calyrex|Unnerve\n|turn|6\n|-message|alamossauro forfeited.\n|\n|win|zonavideovigilada\n|raw|alamossauro's rating: 1334 &rarr; <strong>1318</strong><br />(-16 for losing)\n|raw|zonavideovigilada's rating: 1402 &rarr; <strong>1418</strong><br />(+16 for winning)\n|l|\u2606alamossauro\n|player|p1|\n|l|\u2606zonavideovigilada\n|player|p2|\n","uploadtime":1769010830,"views":12,"formatid":"gen9vgc2026regi","rating":1318,"private":0,"password":null}