{"id":"gen9vgc2026regi-2564556804","format":"[Gen 9] VGC 2026 Reg I","players":["I\u2764\ufe0f\u5a1c\u7984Forever","terafireflareblitz"],"log":"|j|\u2606I\u2764\ufe0f\u5a1c\u7984Forever\n|j|\u2606terafireflareblitz\n|t:|1774163306\n|gametype|doubles\n|player|p1|I\u2764\ufe0f\u5a1c\u7984Forever|youngcouple-gen4dp|1350\n|player|p2|terafireflareblitz|sycamore|1529\n|gen|9\n|tier|[Gen 9] VGC 2026 Reg I\n|rated|\n|rule|Species Clause: Limit one of each Pok\u00e9mon\n|rule|Item Clause: Limit 1 of each item\n|clearpoke\n|poke|p1|Groudon, L50|\n|poke|p1|Kyurem-White, L50|\n|poke|p1|Heatran, L50, F|\n|poke|p1|Whimsicott, L50, M|\n|poke|p1|Ditto, L50|\n|poke|p1|Flutter Mane, L50|\n|poke|p2|Koraidon, L50|\n|poke|p2|Lunala, L50|\n|poke|p2|Indeedee-F, L50, F|\n|poke|p2|Flutter Mane, L50|\n|poke|p2|Volcarona, L50, M|\n|poke|p2|Ursaluna, L50, F|\n|teampreview|4\n|inactive|Battle timer is ON: inactive players will automatically lose when time's up. (requested by terafireflareblitz)\n|\n|t:|1774163318\n|teamsize|p1|4\n|teamsize|p2|4\n|start\n|switch|p1a: Kyurem|Kyurem-White, L50|100/100\n|switch|p1b: Heatran|Heatran, L50, F|100/100\n|switch|p2a: Lunala|Lunala, L50, shiny|100/100\n|switch|p2b: Indeedee|Indeedee-F, L50, F|100/100\n|-ability|p1a: Kyurem|Turboblaze\n|-fieldstart|move: Psychic Terrain|[from] ability: Psychic Surge|[of] p2b: Indeedee\n|turn|1\n|\n|t:|1774163324\n|-terastallize|p2a: Lunala|Water\n|move|p2b: Indeedee|Helping Hand|p2a: Lunala\n|-singleturn|p2a: Lunala|Helping Hand|[of] p2b: Indeedee\n|move|p2a: Lunala|Meteor Beam||[still]\n|-prepare|p2a: Lunala|Meteor Beam\n|-boost|p2a: Lunala|spa|1\n|-enditem|p2a: Lunala|Power Herb\n|-anim|p2a: Lunala|Meteor Beam|p1a: Kyurem\n|-supereffective|p1a: Kyurem\n|-damage|p1a: Kyurem|0 fnt\n|faint|p1a: Kyurem\n|move|p1b: Heatran|Substitute|p1b: Heatran\n|-start|p1b: Heatran|Substitute\n|-damage|p1b: Heatran|76/100\n|\n|-heal|p1b: Heatran|82/100|[from] item: Leftovers\n|upkeep\n|\n|t:|1774163343\n|switch|p1a: Groudon|Groudon, L50|100/100\n|-weather|SunnyDay|[from] ability: Drought|[of] p1a: Groudon\n|turn|2\n|\n|t:|1774163355\n|move|p2b: Indeedee|Helping Hand|p2a: Lunala\n|-singleturn|p2a: Lunala|Helping Hand|[of] p2b: Indeedee\n|move|p2a: Lunala|Expanding Force|p1a: Groudon|[spread] p1a,p1b\n|-resisted|p1b: Heatran\n|-end|p1b: Heatran|Substitute\n|-damage|p1a: Groudon|18/100\n|move|p1a: Groudon|Crunch|p2b: Indeedee\n|-supereffective|p2b: Indeedee\n|-damage|p2b: Indeedee|39/100\n|-unboost|p2b: Indeedee|def|1\n|move|p1b: Heatran|Heat Wave|p2b: Indeedee|[spread] p2a,p2b\n|-resisted|p2a: Lunala\n|-damage|p2a: Lunala|92/100\n|-damage|p2b: Indeedee|0 fnt\n|faint|p2b: Indeedee\n|\n|-weather|SunnyDay|[upkeep]\n|-heal|p1b: Heatran|88/100|[from] item: Leftovers\n|upkeep\n|\n|t:|1774163364\n|switch|p2b: Koraidon|Koraidon, L50, shiny|100/100\n|-activate|p2b: Koraidon|ability: Orichalcum Pulse\n|turn|3\n|\n|t:|1774163384\n|move|p1b: Heatran|Protect|p1b: Heatran\n|-singleturn|p1b: Heatran|Protect\n|move|p2b: Koraidon|Breaking Swipe|p1b: Heatran|[spread] p1a\n|-activate|p1b: Heatran|move: Protect\n|-damage|p1a: Groudon|0 fnt\n|faint|p1a: Groudon\n|-damage|p2b: Koraidon|91/100|[from] item: Life Orb\n|move|p2a: Lunala|Moongeist Beam|p1b: Heatran\n|-activate|p1b: Heatran|move: Protect\n|\n|-weather|SunnyDay|[upkeep]\n|-heal|p1b: Heatran|94/100|[from] item: Leftovers\n|upkeep\n|\n|t:|1774163396\n|switch|p1a: Flutter Mane|Flutter Mane, L50|100/100\n|-activate|p1a: Flutter Mane|ability: Protosynthesis\n|-start|p1a: Flutter Mane|protosynthesisspa\n|turn|4\n|\n|t:|1774163405\n|switch|p2b: Ursaluna|Ursaluna, L50, F|100/100\n|-terastallize|p1a: Flutter Mane|Water\n|move|p1a: Flutter Mane|Dazzling Gleam|p2b: Ursaluna|[spread] p2a,p2b\n|-damage|p2a: Lunala|47/100\n|-damage|p2b: Ursaluna|55/100\n|move|p2a: Lunala|Expanding Force|p1a: Flutter Mane|[spread] p1a,p1b\n|-resisted|p1b: Heatran\n|-damage|p1a: Flutter Mane|14/100\n|-damage|p1b: Heatran|50/100\n|move|p1b: Heatran|Substitute|p1b: Heatran\n|-start|p1b: Heatran|Substitute\n|-damage|p1b: Heatran|26/100\n|\n|-weather|SunnyDay|[upkeep]\n|-heal|p1b: Heatran|32/100|[from] item: Leftovers\n|-status|p2b: Ursaluna|brn|[from] item: Flame Orb\n|upkeep\n|turn|5\n|\n|t:|1774163423\n|move|p2a: Lunala|Wide Guard|p2a: Lunala\n|-singleturn|p2a: Lunala|Wide Guard\n|move|p1a: Flutter Mane|Dazzling Gleam|p2b: Ursaluna|[spread] \n|-activate|p2a: Lunala|move: Wide Guard\n|-activate|p2b: Ursaluna|move: Wide Guard\n|move|p1b: Heatran|Earth Power|p2a: Lunala\n|-damage|p2a: Lunala|26/100\n|move|p2b: Ursaluna|Earthquake|p1a: Flutter Mane|[spread] p1a,p1b\n|-activate|p2a: Lunala|move: Wide Guard\n|-supereffective|p1b: Heatran\n|-end|p1b: Heatran|Substitute\n|-damage|p1a: Flutter Mane|0 fnt\n|faint|p1a: Flutter Mane\n|-end|p1a: Flutter Mane|Protosynthesis|[silent]\n|\n|-weather|SunnyDay|[upkeep]\n|-heal|p1b: Heatran|38/100|[from] item: Leftovers\n|-damage|p2b: Ursaluna|49/100 brn|[from] brn\n|-fieldend|move: Psychic Terrain\n|upkeep\n|turn|6\n|\n|t:|1774163440\n|switch|p2b: Koraidon|Koraidon, L50, shiny|91/100\n|-activate|p2b: Koraidon|ability: Orichalcum Pulse\n|move|p1b: Heatran|Protect|p1b: Heatran\n|-singleturn|p1b: Heatran|Protect\n|move|p2a: Lunala|Moongeist Beam|p1b: Heatran\n|-activate|p1b: Heatran|move: Protect\n|\n|-weather|none\n|-heal|p1b: Heatran|44/100|[from] item: Leftovers\n|upkeep\n|turn|7\n|\n|t:|1774163460\n|switch|p2b: Ursaluna|Ursaluna, L50, F|49/100 brn\n|move|p2a: Lunala|Moongeist Beam|p1b: Heatran\n|-damage|p1b: Heatran|0 fnt\n|faint|p1b: Heatran\n|\n|win|terafireflareblitz\n|raw|I\u2764\ufe0f\u5a1c\u7984Forever's rating: 1350 &rarr; <strong>1339</strong><br />(-11 for losing)\n|raw|terafireflareblitz's rating: 1529 &rarr; <strong>1540</strong><br />(+11 for winning)\n|l|\u2606terafireflareblitz\n|player|p2|\n|l|\u2606I\u2764\ufe0f\u5a1c\u7984Forever\n|player|p1|\n","uploadtime":1774163628,"views":14,"formatid":"gen9vgc2026regi","rating":1339,"private":0,"password":null}