{"id":"gen9vgc2026regi-2576474961","format":"[Gen 9] VGC 2026 Reg I","players":["TheNamesBetty","ky123456"],"log":"|j|\u2606TheNamesBetty\n|j|\u2606ky123456\n|t:|1775479303\n|gametype|doubles\n|player|p1|TheNamesBetty|koga|1505\n|player|p2|ky123456|cynthia-gen4|1486\n|gen|9\n|tier|[Gen 9] VGC 2026 Reg I\n|rated|\n|rule|Species Clause: Limit one of each Pok\u00e9mon\n|rule|Item Clause: Limit 1 of each item\n|clearpoke\n|poke|p1|Koraidon, L50|\n|poke|p1|Calyrex-Shadow, L50|\n|poke|p1|Tornadus, L50, M|\n|poke|p1|Chi-Yu, L50|\n|poke|p1|Clefairy, L50, M|\n|poke|p1|Dewgong, L50, M|\n|poke|p2|Rillaboom, L50, M|\n|poke|p2|Ting-Lu, L50|\n|poke|p2|Ho-Oh, L50|\n|poke|p2|Toxapex, L50, M|\n|poke|p2|Calyrex-Shadow, L50|\n|poke|p2|Incineroar, L50, M|\n|teampreview|4\n|\n|t:|1775479351\n|teamsize|p1|4\n|teamsize|p2|4\n|start\n|switch|p1a: Chi-Yu|Chi-Yu, L50, shiny|100/100\n|switch|p1b: Kedluben|Calyrex-Shadow, L50|100/100\n|switch|p2a: Toxapex|Toxapex, L50, M|100/100\n|switch|p2b: Ting-Lu|Ting-Lu, L50|100/100\n|-ability|p1b: Kedluben|As One\n|-ability|p1b: Kedluben|Unnerve\n|-ability|p1a: Chi-Yu|Beads of Ruin\n|-ability|p2b: Ting-Lu|Vessel of Ruin\n|turn|1\n|\n|t:|1775479368\n|switch|p2a: Incineroar|Incineroar, L50, M|100/100\n|-ability|p2a: Incineroar|Intimidate|boost\n|-unboost|p1a: Chi-Yu|atk|1\n|-unboost|p1b: Kedluben|atk|1\n|move|p1a: Chi-Yu|Overheat|p2b: Ting-Lu\n|-damage|p2b: Ting-Lu|50/100\n|-unboost|p1a: Chi-Yu|spa|2\n|move|p1b: Kedluben|Psychic|p2a: Incineroar\n|-immune|p2a: Incineroar\n|move|p2b: Ting-Lu|Stealth Rock|p1b: Kedluben\n|-sidestart|p1: TheNamesBetty|move: Stealth Rock\n|\n|-heal|p2b: Ting-Lu|56/100|[from] item: Leftovers\n|upkeep\n|turn|2\n|\n|t:|1775479390\n|switch|p1b: DDDMaxVerstappen|Dewgong, L50, M|100/100\n|-damage|p1b: DDDMaxVerstappen|76/100|[from] Stealth Rock\n|move|p2a: Incineroar|Fake Out|p1a: Chi-Yu\n|-damage|p1a: Chi-Yu|82/100\n|cant|p1a: Chi-Yu|flinch\n|move|p2b: Ting-Lu|Whirlwind|p1b: DDDMaxVerstappen\n|drag|p1b: Jan\u017di\u017ekaZTrocnova|Koraidon, L50|100/100\n|-damage|p1b: Jan\u017di\u017ekaZTrocnova|95/100|[from] Stealth Rock\n|-weather|SunnyDay|[from] ability: Orichalcum Pulse|[of] p1b: Jan\u017di\u017ekaZTrocnova\n|-activate|p1b: Jan\u017di\u017ekaZTrocnova|Orichalcum Pulse|[source]\n|\n|-weather|SunnyDay|[upkeep]\n|-heal|p2b: Ting-Lu|62/100|[from] item: Leftovers\n|upkeep\n|turn|3\n|\n|t:|1775479410\n|switch|p2a: Ho-Oh|Ho-Oh, L50|100/100\n|move|p2b: Ting-Lu|Protect|p2b: Ting-Lu\n|-singleturn|p2b: Ting-Lu|Protect\n|move|p1a: Chi-Yu|Overheat|p2b: Ting-Lu\n|-activate|p2b: Ting-Lu|move: Protect\n|move|p1b: Jan\u017di\u017ekaZTrocnova|Collision Course|p2a: Ho-Oh\n|-resisted|p2a: Ho-Oh\n|-damage|p2a: Ho-Oh|72/100\n|-enditem|p2a: Ho-Oh|Red Card|[of] p1b: Jan\u017di\u017ekaZTrocnova\n|drag|p1b: DDDMaxVerstappen|Dewgong, L50, M|76/100\n|-damage|p1b: DDDMaxVerstappen|51/100|[from] Stealth Rock\n|\n|-weather|SunnyDay|[upkeep]\n|-heal|p2b: Ting-Lu|68/100|[from] item: Leftovers\n|upkeep\n|turn|4\n|\n|t:|1775479434\n|switch|p2b: Toxapex|Toxapex, L50, M|100/100\n|move|p1b: DDDMaxVerstappen|Fake Out|p2a: Ho-Oh\n|-damage|p2a: Ho-Oh|66/100\n|move|p1a: Chi-Yu|Overheat|p2b: Toxapex|[miss]\n|-miss|p1a: Chi-Yu|p2b: Toxapex\n|cant|p2a: Ho-Oh|flinch\n|\n|-weather|SunnyDay|[upkeep]\n|upkeep\n|turn|5\n|\n|t:|1775479445\n|switch|p1a: Kedluben|Calyrex-Shadow, L50|100/100\n|-ability|p1a: Kedluben|As One\n|-ability|p1a: Kedluben|Unnerve\n|-damage|p1a: Kedluben|88/100|[from] Stealth Rock\n|move|p1b: DDDMaxVerstappen|Protect|p1b: DDDMaxVerstappen\n|-singleturn|p1b: DDDMaxVerstappen|Protect\n|move|p2a: Ho-Oh|Life Dew||[still]|[spread] p2a,p2b\n|-heal|p2a: Ho-Oh|91/100\n|-fail|p2b: Toxapex|heal\n|move|p2b: Toxapex|Toxic Spikes|p1a: Kedluben\n|-sidestart|p1: TheNamesBetty|move: Toxic Spikes\n|\n|-weather|SunnyDay|[upkeep]\n|upkeep\n|turn|6\n|\n|t:|1775479457\n|switch|p1b: Jan\u017di\u017ekaZTrocnova|Koraidon, L50|95/100\n|-damage|p1b: Jan\u017di\u017ekaZTrocnova|89/100|[from] Stealth Rock\n|-status|p1b: Jan\u017di\u017ekaZTrocnova|psn\n|-activate|p1b: Jan\u017di\u017ekaZTrocnova|ability: Orichalcum Pulse\n|switch|p2b: Incineroar|Incineroar, L50, M|100/100\n|-ability|p2b: Incineroar|Intimidate|boost\n|-unboost|p1a: Kedluben|atk|1\n|-fail|p1b: Jan\u017di\u017ekaZTrocnova|unboost|[from] item: Clear Amulet|[of] p1b: Jan\u017di\u017ekaZTrocnova\n|move|p1a: Kedluben|Astral Barrage|p2b: Incineroar|[spread] p2a,p2b\n|-resisted|p2b: Incineroar\n|-damage|p2a: Ho-Oh|49/100\n|-damage|p2b: Incineroar|68/100\n|-damage|p1a: Kedluben|79/100|[from] item: Life Orb\n|move|p2a: Ho-Oh|Whirlwind|p1a: Kedluben\n|drag|p1a: DDDMaxVerstappen|Dewgong, L50, M|51/100\n|-damage|p1a: DDDMaxVerstappen|26/100|[from] Stealth Rock\n|-status|p1a: DDDMaxVerstappen|psn\n|\n|-weather|none\n|-damage|p1b: Jan\u017di\u017ekaZTrocnova|77/100 psn|[from] psn\n|-damage|p1a: DDDMaxVerstappen|14/100 psn|[from] psn\n|upkeep\n|turn|7\n|\n|t:|1775479487\n|switch|p2b: Toxapex|Toxapex, L50, M|100/100\n|move|p1a: DDDMaxVerstappen|Fake Out|p2a: Ho-Oh\n|-damage|p2a: Ho-Oh|43/100\n|move|p1b: Jan\u017di\u017ekaZTrocnova|Collision Course|p2b: Toxapex\n|-resisted|p2b: Toxapex\n|-damage|p2b: Toxapex|81/100\n|cant|p2a: Ho-Oh|flinch\n|\n|-damage|p1b: Jan\u017di\u017ekaZTrocnova|65/100 psn|[from] psn\n|-damage|p1a: DDDMaxVerstappen|2/100 psn|[from] psn\n|upkeep\n|turn|8\n|\n|t:|1775479504\n|move|p1b: Jan\u017di\u017ekaZTrocnova|Flare Blitz|p2a: Ho-Oh\n|-resisted|p2a: Ho-Oh\n|-damage|p2a: Ho-Oh|27/100\n|-damage|p1b: Jan\u017di\u017ekaZTrocnova|59/100 psn|[from] Recoil\n|move|p2a: Ho-Oh|Life Dew|p2a: Ho-Oh|[spread] p2a,p2b\n|-heal|p2a: Ho-Oh|52/100\n|-heal|p2b: Toxapex|100/100\n|move|p1a: DDDMaxVerstappen|Perish Song|p1a: DDDMaxVerstappen\n|-start|p1a: DDDMaxVerstappen|perish3|[silent]\n|-start|p1b: Jan\u017di\u017ekaZTrocnova|perish3|[silent]\n|-start|p2a: Ho-Oh|perish3|[silent]\n|-start|p2b: Toxapex|perish3|[silent]\n|-fieldactivate|move: Perish Song\n|move|p2b: Toxapex|Toxic Spikes|p1a: DDDMaxVerstappen\n|-sidestart|p1: TheNamesBetty|move: Toxic Spikes\n|\n|-damage|p1b: Jan\u017di\u017ekaZTrocnova|47/100 psn|[from] psn\n|-damage|p1a: DDDMaxVerstappen|0 fnt|[from] psn\n|faint|p1a: DDDMaxVerstappen\n|-start|p1b: Jan\u017di\u017ekaZTrocnova|perish3\n|-start|p2a: Ho-Oh|perish3\n|-start|p2b: Toxapex|perish3\n|upkeep\n|j| HumanDoesVGC\n|\n|t:|1775479515\n|switch|p1a: Kedluben|Calyrex-Shadow, L50|79/100\n|-ability|p1a: Kedluben|As One\n|-ability|p1a: Kedluben|Unnerve\n|-damage|p1a: Kedluben|67/100|[from] Stealth Rock\n|-status|p1a: Kedluben|tox\n|turn|9\n|\n|t:|1775479526\n|switch|p2a: Incineroar|Incineroar, L50, M|68/100\n|-ability|p2a: Incineroar|Intimidate|boost\n|-unboost|p1a: Kedluben|atk|1\n|-fail|p1b: Jan\u017di\u017ekaZTrocnova|unboost|[from] item: Clear Amulet|[of] p1b: Jan\u017di\u017ekaZTrocnova\n|move|p1a: Kedluben|Psychic|p2a: Incineroar\n|-immune|p2a: Incineroar\n|move|p1b: Jan\u017di\u017ekaZTrocnova|Flare Blitz|p2a: Incineroar\n|-resisted|p2a: Incineroar\n|-damage|p2a: Incineroar|51/100\n|-damage|p1b: Jan\u017di\u017ekaZTrocnova|31/100 psn|[from] item: Rocky Helmet|[of] p2a: Incineroar\n|-damage|p1b: Jan\u017di\u017ekaZTrocnova|26/100 psn|[from] Recoil\n|move|p2b: Toxapex|Infestation|p1b: Jan\u017di\u017ekaZTrocnova\n|-resisted|p1b: Jan\u017di\u017ekaZTrocnova\n|-damage|p1b: Jan\u017di\u017ekaZTrocnova|24/100 psn\n|-activate|p1b: Jan\u017di\u017ekaZTrocnova|move: Infestation|[of] p2b: Toxapex\n|\n|-damage|p1a: Kedluben|61/100 tox|[from] psn\n|-damage|p1b: Jan\u017di\u017ekaZTrocnova|12/100 psn|[from] psn\n|-damage|p1b: Jan\u017di\u017ekaZTrocnova|0 fnt|[from] move: Infestation|[partiallytrapped]\n|faint|p1b: Jan\u017di\u017ekaZTrocnova\n|-start|p2b: Toxapex|perish2\n|upkeep\n|\n|t:|1775479529\n|switch|p1b: Chi-Yu|Chi-Yu, L50, shiny|82/100\n|-damage|p1b: Chi-Yu|57/100|[from] Stealth Rock\n|-status|p1b: Chi-Yu|tox\n|-ability|p1b: Chi-Yu|Beads of Ruin\n|turn|10\n|c|\u2606TheNamesBetty|I love your team\n|\n|t:|1775479553\n|switch|p2b: Ting-Lu|Ting-Lu, L50|68/100\n|-ability|p2b: Ting-Lu|Vessel of Ruin\n|-terastallize|p1a: Kedluben|Dark\n|move|p2a: Incineroar|Fake Out|p1b: Chi-Yu\n|-damage|p1b: Chi-Yu|40/100 tox\n|cant|p1b: Chi-Yu|flinch\n|move|p1a: Kedluben|Psychic|p2b: Ting-Lu\n|-immune|p2b: Ting-Lu\n|\n|-heal|p2b: Ting-Lu|74/100|[from] item: Leftovers\n|-damage|p1b: Chi-Yu|34/100 tox|[from] psn\n|-damage|p1a: Kedluben|50/100 tox|[from] psn\n|upkeep\n|turn|11\n|\n|t:|1775479574\n|move|p2a: Incineroar|Protect|p2a: Incineroar\n|-singleturn|p2a: Incineroar|Protect\n|move|p2b: Ting-Lu|Protect|p2b: Ting-Lu\n|-singleturn|p2b: Ting-Lu|Protect\n|move|p1b: Chi-Yu|Heat Wave|p2b: Ting-Lu|[spread] \n|-activate|p2a: Incineroar|move: Protect\n|-activate|p2b: Ting-Lu|move: Protect\n|move|p1a: Kedluben|Astral Barrage|p2b: Ting-Lu|[spread] \n|-activate|p2a: Incineroar|move: Protect\n|-activate|p2b: Ting-Lu|move: Protect\n|\n|-heal|p2b: Ting-Lu|80/100|[from] item: Leftovers\n|-damage|p1b: Chi-Yu|21/100 tox|[from] psn\n|-damage|p1a: Kedluben|32/100 tox|[from] psn\n|upkeep\n|turn|12\n|\n|t:|1775479580\n|move|p1b: Chi-Yu|Heat Wave|p2b: Ting-Lu|[spread] p2a,p2b\n|-resisted|p2a: Incineroar\n|-damage|p2a: Incineroar|32/100\n|-damage|p2b: Ting-Lu|52/100\n|move|p1a: Kedluben|Astral Barrage|p2a: Incineroar|[spread] p2a,p2b\n|-resisted|p2a: Incineroar\n|-resisted|p2b: Ting-Lu\n|-damage|p2a: Incineroar|0 fnt\n|-damage|p2b: Ting-Lu|27/100\n|faint|p2a: Incineroar\n|-ability|p1a: Kedluben|Grim Neigh|boost\n|-boost|p1a: Kedluben|spa|1\n|-damage|p1a: Kedluben|23/100 tox|[from] item: Life Orb\n|move|p2b: Ting-Lu|Ruination|p1a: Kedluben\n|-damage|p1a: Kedluben|12/100 tox\n|\n|-heal|p2b: Ting-Lu|33/100|[from] item: Leftovers\n|-damage|p1b: Chi-Yu|3/100 tox|[from] psn\n|-damage|p1a: Kedluben|0 fnt|[from] psn\n|faint|p1a: Kedluben\n|upkeep\n|\n|t:|1775479591\n|switch|p2a: Toxapex|Toxapex, L50, M|100/100\n|turn|13\n|\n|t:|1775479598\n|move|p2a: Toxapex|Wide Guard|p2a: Toxapex\n|-singleturn|p2a: Toxapex|Wide Guard\n|move|p1b: Chi-Yu|Heat Wave|p2a: Toxapex|[spread] \n|-activate|p2a: Toxapex|move: Wide Guard\n|-activate|p2b: Ting-Lu|move: Wide Guard\n|move|p2b: Ting-Lu|Ruination|p1b: Chi-Yu\n|-damage|p1b: Chi-Yu|2/100 tox\n|\n|-heal|p2b: Ting-Lu|39/100|[from] item: Leftovers\n|-damage|p1b: Chi-Yu|0 fnt|[from] psn\n|faint|p1b: Chi-Yu\n|\n|win|ky123456\n|raw|TheNamesBetty's rating: 1505 &rarr; <strong>1484</strong><br />(-21 for losing)\n|raw|ky123456's rating: 1486 &rarr; <strong>1507</strong><br />(+21 for winning)\n","uploadtime":1775479604,"views":16,"formatid":"gen9vgc2026regi","rating":1484,"private":0,"password":null}