{"id":"gen9vgc2026regi-2517999604","format":"[Gen 9] VGC 2026 Reg I","players":["MSANTOSE","Rillabossman"],"log":"|j|\u2606MSANTOSE\n|j|\u2606Rillabossman\n|t:|1768332431\n|gametype|doubles\n|player|p1|MSANTOSE|drayden|1273\n|player|p2|Rillabossman|burglar|1327\n|gen|9\n|tier|[Gen 9] VGC 2026 Reg I\n|rated|\n|rule|Species Clause: Limit one of each Pok\u00e9mon\n|rule|Item Clause: Limit 1 of each item\n|clearpoke\n|poke|p1|Necrozma-Dusk-Mane, L50|\n|poke|p1|Incineroar, L50, M|\n|poke|p1|Rillaboom, L50, F|\n|poke|p1|Calyrex-Shadow, L50|\n|poke|p1|Pelipper, L50, M|\n|poke|p1|Landorus, L50, M|\n|poke|p2|Calyrex-Shadow, L50|\n|poke|p2|Zamazenta-*, L50|\n|poke|p2|Rillaboom, L50, M|\n|poke|p2|Incineroar, L50, F|\n|poke|p2|Raging Bolt, L50|\n|poke|p2|Ogerpon-Hearthflame, L50, F|\n|teampreview|4\n|j| pokemonpengu\n|\n|t:|1768332513\n|teamsize|p1|4\n|teamsize|p2|4\n|start\n|switch|p1a: Landorus|Landorus, L50, M, shiny|100/100\n|switch|p1b: Calyrex|Calyrex-Shadow, L50|100/100\n|switch|p2a: Calyrex|Calyrex-Shadow, L50|100/100\n|switch|p2b: Incineroar|Incineroar, L50, F, shiny|100/100\n|-ability|p1b: Calyrex|As One\n|-ability|p1b: Calyrex|Unnerve\n|-ability|p2a: Calyrex|As One\n|-ability|p2a: Calyrex|Unnerve\n|-ability|p2b: Incineroar|Intimidate|boost\n|-unboost|p1a: Landorus|atk|1\n|-unboost|p1b: Calyrex|atk|1\n|turn|1\n|\n|t:|1768332530\n|-terastallize|p1b: Calyrex|Normal\n|-terastallize|p2a: Calyrex|Dark\n|move|p2b: Incineroar|Helping Hand|p2a: Calyrex\n|-singleturn|p2a: Calyrex|Helping Hand|[of] p2b: Incineroar\n|move|p1a: Landorus|Earth Power|p2b: Incineroar\n|-supereffective|p2b: Incineroar\n|-damage|p2b: Incineroar|0 fnt\n|faint|p2b: Incineroar\n|move|p1b: Calyrex|Astral Barrage|p2a: Calyrex\n|-resisted|p2a: Calyrex\n|-damage|p2a: Calyrex|64/100\n|move|p2a: Calyrex|Astral Barrage|p1b: Calyrex|[spread] p1a\n|-immune|p1b: Calyrex\n|-damage|p1a: Landorus|0 fnt\n|faint|p1a: Landorus\n|-ability|p2a: Calyrex|Grim Neigh|boost\n|-boost|p2a: Calyrex|spa|1\n|-damage|p2a: Calyrex|54/100|[from] item: Life Orb\n|\n|upkeep\n|c| pokemonpengu|what the boom\n|\n|t:|1768332550\n|switch|p1a: Incineroar|Incineroar, L50, M, shiny|100/100\n|switch|p2b: Zamazenta|Zamazenta-Crowned, L50|100/100\n|-ability|p2b: Zamazenta|Dauntless Shield|boost\n|-boost|p2b: Zamazenta|def|1\n|-ability|p1a: Incineroar|Intimidate|boost\n|-unboost|p2a: Calyrex|atk|1\n|-unboost|p2b: Zamazenta|atk|1\n|turn|2\n|c| pokemonpengu|i feel like i just witnessed a double murder\n|\n|t:|1768332581\n|move|p1a: Incineroar|Fake Out|p2a: Calyrex\n|-damage|p2a: Calyrex|38/100\n|move|p1b: Calyrex|Draining Kiss|p2a: Calyrex\n|-supereffective|p2a: Calyrex\n|-damage|p2a: Calyrex|0 fnt\n|faint|p2a: Calyrex\n|-ability|p1b: Calyrex|Grim Neigh|boost\n|-boost|p1b: Calyrex|spa|1\n|move|p2b: Zamazenta|Body Press|p1b: Calyrex\n|-supereffective|p1b: Calyrex\n|-enditem|p1b: Calyrex|Focus Sash\n|-damage|p1b: Calyrex|1/100\n|\n|upkeep\n|c|\u2606Rillabossman|ruh roh\n|\n|t:|1768332592\n|switch|p2a: Ogerpon|Ogerpon-Hearthflame, L50, F|100/100\n|-ability|p2a: Ogerpon|Mold Breaker\n|turn|3\n|\n|t:|1768332598\n|move|p1b: Calyrex|Protect|p1b: Calyrex\n|-singleturn|p1b: Calyrex|Protect\n|move|p2b: Zamazenta|Body Press|p1a: Incineroar\n|-supereffective|p1a: Incineroar\n|-damage|p1a: Incineroar|0 fnt\n|faint|p1a: Incineroar\n|move|p2a: Ogerpon|Ivy Cudgel|p1b: Calyrex|[anim] Ivy Cudgel Fire\n|-activate|p1b: Calyrex|move: Protect\n|\n|upkeep\n|\n|t:|1768332606\n|switch|p1a: Pelipper|Pelipper, L50, M, shiny|100/100\n|-weather|RainDance|[from] ability: Drizzle|[of] p1a: Pelipper\n|turn|4\n|\n|t:|1768332618\n|move|p1b: Calyrex|Astral Barrage|p2a: Ogerpon|[spread] p2a,p2b\n|-damage|p2a: Ogerpon|13/100\n|-damage|p2b: Zamazenta|42/100\n|move|p2b: Zamazenta|Body Press|p1b: Calyrex\n|-supereffective|p1b: Calyrex\n|-damage|p1b: Calyrex|0 fnt\n|faint|p1b: Calyrex\n|move|p2a: Ogerpon|Grassy Glide|p1a: Pelipper\n|-damage|p1a: Pelipper|70/100\n|move|p1a: Pelipper|Hurricane|p2a: Ogerpon\n|-supereffective|p2a: Ogerpon\n|-damage|p2a: Ogerpon|0 fnt\n|faint|p2a: Ogerpon\n|\n|-weather|RainDance|[upkeep]\n|upkeep\n|turn|5\n|c|\u2606Rillabossman|wait I lose now I think lol\n|\n|t:|1768332634\n|move|p2b: Zamazenta|Body Press|p1a: Pelipper\n|-resisted|p1a: Pelipper\n|-damage|p1a: Pelipper|35/100\n|move|p1a: Pelipper|Weather Ball|p2b: Zamazenta\n|-damage|p2b: Zamazenta|0 fnt\n|faint|p2b: Zamazenta\n|\n|win|MSANTOSE\n|raw|MSANTOSE's rating: 1273 &rarr; <strong>1302</strong><br />(+29 for winning)\n|raw|Rillabossman's rating: 1327 &rarr; <strong>1304</strong><br />(-23 for losing)\n|c|\u2606Rillabossman|gg\n|c| pokemonpengu|dauntless\n|c| pokemonpengu|behemoth bash\n|c|\u2606Rillabossman|should have brought rilla in the back\n|c| pokemonpengu|instead of what bro\n|c| pokemonpengu|ogerpon????\n|c|\u2606Rillabossman|probably oger\n|c| pokemonpengu|meh but rilla would die to pelipper\n|c| pokemonpengu|hurricane\n|c|\u2606Rillabossman|yeah but the priority being able to snipe the CSR would have helped\n|c| pokemonpengu|ig\n|c|\u2606Rillabossman|even bolt works with that as well\n|c| pokemonpengu|but you had incin\n|c| pokemonpengu|if you rotated incin out\n|c| pokemonpengu|t1\n|c| pokemonpengu|for like a ogerpon\n|c|\u2606Rillabossman|idk if it would have lived EP + astral though\n|c|\u2606Rillabossman|ggs msantose\n|c| pokemonpengu|ok, but then you sac ogerpon for csr basically later on\n|l|\u2606Rillabossman\n|player|p2|\n|l| pokemonpengu\n","uploadtime":1768332792,"views":13,"formatid":"gen9vgc2026regi","rating":1302,"private":0,"password":null}