{"id":"gen9vgc2026regi-2559634796","format":"[Gen 9] VGC 2026 Reg I","players":["Hanshappy","Simon0123"],"log":"|j|\u2606Hanshappy\n|j|\u2606Simon0123\n|t:|1773594423\n|gametype|doubles\n|player|p1|Hanshappy|266|1242\n|player|p2|Simon0123|benga|1184\n|gen|9\n|tier|[Gen 9] VGC 2026 Reg I\n|rated|\n|rule|Species Clause: Limit one of each Pok\u00e9mon\n|rule|Item Clause: Limit 1 of each item\n|clearpoke\n|poke|p1|Miraidon, L50|\n|poke|p1|Ho-Oh, L50|\n|poke|p1|Tyranitar, L50, M|\n|poke|p1|Excadrill, L50, M|\n|poke|p1|Farigiraf, L50, M|\n|poke|p1|Urshifu-*, L50, M|\n|poke|p2|Calyrex-Shadow, L50|\n|poke|p2|Koraidon, L50|\n|poke|p2|Flutter Mane, L50|\n|poke|p2|Raging Bolt, L50|\n|poke|p2|Whimsicott, L50, F|\n|poke|p2|Chi-Yu, L50|\n|teampreview|4\n|inactive|Battle timer is ON: inactive players will automatically lose when time's up. (requested by Simon0123)\n|inactive|Simon0123 has 60 seconds left.\n|\n|t:|1773594482\n|teamsize|p1|4\n|teamsize|p2|4\n|start\n|switch|p1a: Excadrill|Excadrill, L50, M|100/100\n|switch|p1b: Tyranitar|Tyranitar, L50, M|100/100\n|switch|p2a: Whimsicott|Whimsicott, L50, F|100/100\n|switch|p2b: Calyrex|Calyrex-Shadow, L50|100/100\n|-ability|p2b: Calyrex|As One\n|-ability|p2b: Calyrex|Unnerve\n|-weather|Sandstorm|[from] ability: Sand Stream|[of] p1b: Tyranitar\n|turn|1\n|\n|t:|1773594497\n|move|p2a: Whimsicott|Tailwind|p2a: Whimsicott\n|-sidestart|p2: Simon0123|move: Tailwind\n|move|p2b: Calyrex|Astral Barrage|p1a: Excadrill|[spread] p1a,p1b\n|-resisted|p1b: Tyranitar\n|-damage|p1a: Excadrill|24/100\n|-damage|p1b: Tyranitar|82/100\n|move|p1a: Excadrill|Iron Head|p2a: Whimsicott\n|-supereffective|p2a: Whimsicott\n|-damage|p2a: Whimsicott|0 fnt\n|faint|p2a: Whimsicott\n|move|p1b: Tyranitar|Knock Off|p2b: Calyrex\n|-supereffective|p2b: Calyrex\n|-enditem|p2b: Calyrex|Focus Sash\n|-damage|p2b: Calyrex|1/100\n|\n|-weather|Sandstorm|[upkeep]\n|-damage|p2b: Calyrex|0 fnt|[from] Sandstorm\n|faint|p2b: Calyrex\n|upkeep\n|\n|t:|1773594509\n|switch|p2b: Flutter Mane|Flutter Mane, L50|100/100\n|switch|p2a: Koraidon|Koraidon, L50|100/100\n|-weather|SunnyDay|[from] ability: Orichalcum Pulse|[of] p2a: Koraidon\n|-activate|p2b: Flutter Mane|ability: Protosynthesis\n|-start|p2b: Flutter Mane|protosynthesisspa\n|-activate|p2a: Koraidon|Orichalcum Pulse|[source]\n|turn|2\n|\n|t:|1773594526\n|switch|p1b: Ho-Oh|Ho-Oh, L50|100/100\n|move|p1a: Excadrill|Protect|p1a: Excadrill\n|-singleturn|p1a: Excadrill|Protect\n|move|p2a: Koraidon|Collision Course|p1a: Excadrill\n|-activate|p1a: Excadrill|move: Protect\n|move|p2b: Flutter Mane|Moonblast|p1b: Ho-Oh\n|-resisted|p1b: Ho-Oh\n|-damage|p1b: Ho-Oh|80/100\n|\n|-weather|SunnyDay|[upkeep]\n|upkeep\n|turn|3\n|\n|t:|1773594549\n|switch|p1a: Tyranitar|Tyranitar, L50, M|82/100\n|-weather|Sandstorm|[from] ability: Sand Stream|[of] p1a: Tyranitar\n|-end|p2b: Flutter Mane|Protosynthesis\n|-enditem|p2b: Flutter Mane|Booster Energy\n|-activate|p2b: Flutter Mane|ability: Protosynthesis|[fromitem]\n|-start|p2b: Flutter Mane|protosynthesisspa\n|move|p2a: Koraidon|Flare Blitz|p1b: Ho-Oh\n|-resisted|p1b: Ho-Oh\n|-damage|p1b: Ho-Oh|55/100\n|-damage|p2a: Koraidon|91/100|[from] Recoil\n|-damage|p2a: Koraidon|81/100|[from] item: Life Orb\n|move|p2b: Flutter Mane|Shadow Ball|p1b: Ho-Oh\n|-damage|p1b: Ho-Oh|21/100\n|move|p1b: Ho-Oh|Tailwind|p1b: Ho-Oh\n|-sidestart|p1: Hanshappy|move: Tailwind\n|\n|-weather|Sandstorm|[upkeep]\n|-damage|p2a: Koraidon|75/100|[from] Sandstorm\n|-damage|p2b: Flutter Mane|94/100|[from] Sandstorm\n|-damage|p1b: Ho-Oh|15/100|[from] Sandstorm\n|upkeep\n|turn|4\n|inactive|Hanshappy has 30 seconds left.\n|\n|t:|1773594575\n|-terastallize|p1a: Tyranitar|Flying\n|move|p2a: Koraidon|Collision Course|p1a: Tyranitar\n|-resisted|p1a: Tyranitar\n|-damage|p1a: Tyranitar|49/100\n|-damage|p2a: Koraidon|65/100|[from] item: Life Orb\n|move|p2b: Flutter Mane|Shadow Ball|p1b: Ho-Oh\n|-damage|p1b: Ho-Oh|0 fnt\n|faint|p1b: Ho-Oh\n|move|p1a: Tyranitar|Tera Blast|p2a: Koraidon|[anim] Tera Blast Flying\n|-supereffective|p2a: Koraidon\n|-damage|p2a: Koraidon|0 fnt\n|faint|p2a: Koraidon\n|\n|-weather|Sandstorm|[upkeep]\n|-damage|p2b: Flutter Mane|88/100|[from] Sandstorm\n|-damage|p1a: Tyranitar|43/100|[from] Sandstorm\n|-sideend|p2: Simon0123|move: Tailwind\n|upkeep\n|\n|t:|1773594584\n|switch|p1b: Excadrill|Excadrill, L50, M|24/100\n|turn|5\n|\n|t:|1773594594\n|move|p1b: Excadrill|Iron Head|p2b: Flutter Mane\n|-supereffective|p2b: Flutter Mane\n|-damage|p2b: Flutter Mane|0 fnt\n|faint|p2b: Flutter Mane\n|-end|p2b: Flutter Mane|Protosynthesis|[silent]\n|\n|win|Hanshappy\n|raw|Hanshappy's rating: 1242 &rarr; <strong>1263</strong><br />(+21 for winning)\n|raw|Simon0123's rating: 1184 &rarr; <strong>1163</strong><br />(-21 for losing)\n|l|\u2606Simon0123\n|player|p2|\n","uploadtime":1773594803,"views":11,"formatid":"gen9vgc2026regi","rating":1163,"private":0,"password":null}