{"id":"gen9vgc2026regi-2540778988","format":"[Gen 9] VGC 2026 Reg I","players":["Victini_Emil","kojimuranishi"],"log":"|j|\u2606Victini_Emil\n|j|\u2606kojimuranishi\n|t:|1771253042\n|gametype|doubles\n|player|p1|Victini_Emil|ghetsis-gen5bw|1215\n|player|p2|kojimuranishi|102|1367\n|gen|9\n|tier|[Gen 9] VGC 2026 Reg I\n|rated|\n|rule|Species Clause: Limit one of each Pok\u00e9mon\n|rule|Item Clause: Limit 1 of each item\n|clearpoke\n|poke|p1|Kyogre, L50|\n|poke|p1|Archaludon, L50, M|\n|poke|p1|Tsareena, L50, F|\n|poke|p1|Whimsicott, L50, M|\n|poke|p1|Zamazenta-*, L50|\n|poke|p1|Terrakion, L50|\n|poke|p2|Whimsicott, L50, F|\n|poke|p2|Calyrex-Ice, L50|\n|poke|p2|Miraidon, L50|\n|poke|p2|Chi-Yu, L50|\n|poke|p2|Landorus, L50, M|\n|poke|p2|Iron Hands, L50|\n|teampreview|4\n|inactive|Battle timer is ON: inactive players will automatically lose when time's up. (requested by kojimuranishi)\n|\n|t:|1771253078\n|teamsize|p1|4\n|teamsize|p2|4\n|start\n|switch|p1a: Baumwolle|Whimsicott, L50, M|100/100\n|switch|p1b: Ion|Terrakion, L50|100/100\n|switch|p2a: Whimsicott|Whimsicott, L50, F|100/100\n|switch|p2b: Landorus|Landorus, L50, M|100/100\n|turn|1\n|inactive|Victini_Emil has 30 seconds left.\n|\n|t:|1771253106\n|-terastallize|p1b: Ion|Grass\n|move|p2a: Whimsicott|Tailwind|p2a: Whimsicott\n|-sidestart|p2: kojimuranishi|move: Tailwind\n|move|p2b: Landorus|Earth Power|p1b: Ion\n|-resisted|p1b: Ion\n|-damage|p1b: Ion|57/100\n|move|p1a: Baumwolle|Beat Up|p1b: Ion\n|-damage|p1b: Ion|54/100\n|-ability|p1b: Ion|Justified|boost\n|-boost|p1b: Ion|atk|1\n|-damage|p1b: Ion|52/100\n|-ability|p1b: Ion|Justified|boost\n|-boost|p1b: Ion|atk|1\n|-damage|p1b: Ion|49/100\n|-ability|p1b: Ion|Justified|boost\n|-boost|p1b: Ion|atk|1\n|-enditem|p1b: Ion|Sitrus Berry|[eat]\n|-heal|p1b: Ion|74/100|[from] item: Sitrus Berry\n|-damage|p1b: Ion|71/100\n|-ability|p1b: Ion|Justified|boost\n|-boost|p1b: Ion|atk|1\n|-hitcount|p1b: Ion|4\n|move|p1b: Ion|Rock Slide|p2a: Whimsicott|[spread] p2a,p2b\n|-enditem|p2a: Whimsicott|Focus Sash\n|-damage|p2a: Whimsicott|1/100\n|-damage|p2b: Landorus|0 fnt\n|faint|p2b: Landorus\n|\n|upkeep\n|inactive|kojimuranishi has 30 seconds left.\n|\n|t:|1771253134\n|switch|p2b: Calyrex|Calyrex-Ice, L50|100/100\n|-ability|p2b: Calyrex|As One\n|-ability|p2b: Calyrex|Unnerve\n|turn|2\n|\n|t:|1771253144\n|switch|p1a: Hour of Wolf|Zamazenta-Crowned, L50|100/100\n|-ability|p1a: Hour of Wolf|Dauntless Shield|boost\n|-boost|p1a: Hour of Wolf|def|1\n|move|p2a: Whimsicott|Encore||[still]\n|-fail|p2a: Whimsicott\n|move|p2b: Calyrex|Glacial Lance|p1b: Ion|[spread] p1a,p1b\n|-resisted|p1a: Hour of Wolf\n|-supereffective|p1b: Ion\n|-damage|p1a: Hour of Wolf|83/100\n|-damage|p1b: Ion|0 fnt\n|faint|p1b: Ion\n|-ability|p2b: Calyrex|Chilling Neigh|boost\n|-boost|p2b: Calyrex|atk|1\n|\n|upkeep\n|\n|t:|1771253155\n|switch|p1b: MissUniverse|Tsareena, L50, F|100/100\n|turn|3\n|\n|t:|1771253170\n|switch|p2b: Miraidon|Miraidon, L50|100/100\n|-fieldstart|move: Electric Terrain|[from] ability: Hadron Engine|[of] p2b: Miraidon\n|move|p1a: Hour of Wolf|Wide Guard|p1a: Hour of Wolf\n|-singleturn|p1a: Hour of Wolf|Wide Guard\n|move|p2a: Whimsicott|Moonblast|p1a: Hour of Wolf\n|-damage|p1a: Hour of Wolf|57/100\n|-unboost|p1a: Hour of Wolf|spa|1\n|move|p1b: MissUniverse|Knock Off|p2b: Miraidon\n|-crit|p2b: Miraidon\n|-damage|p2b: Miraidon|47/100\n|-enditem|p2b: Miraidon|Choice Scarf|[from] move: Knock Off|[of] p1b: MissUniverse\n|\n|upkeep\n|turn|4\n|inactive|kojimuranishi has 30 seconds left.\n|\n|t:|1771253196\n|switch|p2a: Calyrex|Calyrex-Ice, L50|100/100\n|-ability|p2a: Calyrex|As One\n|-ability|p2a: Calyrex|Unnerve\n|switch|p1a: Baumwolle|Whimsicott, L50, M|100/100\n|-terastallize|p2b: Miraidon|Electric\n|move|p2b: Miraidon|Electro Drift|p1a: Baumwolle\n|-resisted|p1a: Baumwolle\n|-damage|p1a: Baumwolle|29/100\n|move|p1b: MissUniverse|Triple Axel|p2b: Miraidon\n|-damage|p2b: Miraidon|40/100\n|-damage|p2b: Miraidon|25/100\n|-damage|p2b: Miraidon|3/100\n|-hitcount|p2b: Miraidon|3\n|\n|-sideend|p2: kojimuranishi|move: Tailwind\n|upkeep\n|turn|5\n|inactive|Victini_Emil has 30 seconds left.\n|inactive|kojimuranishi has 30 seconds left.\n|inactive|Victini_Emil has 20 seconds left.\n|inactive|Victini_Emil has 15 seconds left.\n|inactive|Victini_Emil has 10 seconds left.\n|inactive|Victini_Emil has 5 seconds left.\n|\n|t:|1771253249\n|move|p1a: Baumwolle|Tailwind|p1a: Baumwolle\n|-sidestart|p1: Victini_Emil|move: Tailwind\n|move|p1b: MissUniverse|Power Whip|p2b: Miraidon|[miss]\n|-miss|p1b: MissUniverse|p2b: Miraidon\n|move|p2b: Miraidon|Electro Drift|p1a: Baumwolle\n|-resisted|p1a: Baumwolle\n|-damage|p1a: Baumwolle|0 fnt\n|faint|p1a: Baumwolle\n|move|p2a: Calyrex|Glacial Lance|p1b: MissUniverse\n|-supereffective|p1b: MissUniverse\n|-damage|p1b: MissUniverse|0 fnt\n|faint|p1b: MissUniverse\n|-ability|p2a: Calyrex|Chilling Neigh|boost\n|-boost|p2a: Calyrex|atk|1\n|\n|upkeep\n|\n|t:|1771253258\n|switch|p1b: Hour of Wolf|Zamazenta-Crowned, L50|57/100\n|turn|6\n|inactive|Victini_Emil has 30 seconds left.\n|inactive|Victini_Emil has 20 seconds left.\n|inactive|Victini_Emil has 15 seconds left.\n|inactive|Victini_Emil has 10 seconds left.\n|inactive|Victini_Emil has 5 seconds left.\n|\n|t:|1771253314\n|move|p1b: Hour of Wolf|Heavy Slam|p2a: Calyrex\n|-supereffective|p2a: Calyrex\n|-damage|p2a: Calyrex|79/100\n|move|p2b: Miraidon|Electro Drift|p1b: Hour of Wolf\n|-crit|p1b: Hour of Wolf\n|-damage|p1b: Hour of Wolf|0 fnt\n|faint|p1b: Hour of Wolf\n|\n|win|kojimuranishi\n|raw|Victini_Emil's rating: 1215 &rarr; <strong>1200</strong><br />(-15 for losing)\n|raw|kojimuranishi's rating: 1367 &rarr; <strong>1379</strong><br />(+12 for winning)\n|l|\u2606kojimuranishi\n|player|p2|\n|l|\u2606Victini_Emil\n|player|p1|\n","uploadtime":1771253536,"views":35,"formatid":"gen9vgc2026regi","rating":1200,"private":0,"password":null}