{"id":"gen9vgc2026regi-2557148627","format":"[Gen 9] VGC 2026 Reg I","players":["meeepmeepimasheep","ArisHazard"],"log":"|j|\u2606meeepmeepimasheep\n|j|\u2606ArisHazard\n|t:|1773285598\n|gametype|doubles\n|player|p1|meeepmeepimasheep|170|1231\n|player|p2|ArisHazard|101|1343\n|gen|9\n|tier|[Gen 9] VGC 2026 Reg I\n|rated|\n|rule|Species Clause: Limit one of each Pok\u00e9mon\n|rule|Item Clause: Limit 1 of each item\n|clearpoke\n|poke|p1|Kyogre, L50|\n|poke|p1|Iron Jugulis, L50|\n|poke|p1|Zacian-*, L50|\n|poke|p1|Amoonguss, L50, F|\n|poke|p1|Chien-Pao, L50|\n|poke|p1|Mienshao, L50, F|\n|poke|p2|Calyrex-Ice, L50|\n|poke|p2|Hitmontop, L50, M|\n|poke|p2|Miraidon, L50|\n|poke|p2|Sableye, L50, M|\n|poke|p2|Ting-Lu, L50|\n|poke|p2|Gholdengo, L50|\n|teampreview|4\n|\n|t:|1773285627\n|teamsize|p1|4\n|teamsize|p2|4\n|start\n|switch|p1a: Kyogre|Kyogre, L50|100/100\n|switch|p1b: Mienshao|Mienshao, L50, F|100/100\n|switch|p2a: Miraidon|Miraidon, L50|100/100\n|switch|p2b: Hitmontop|Hitmontop, L50, M|100/100\n|-fieldstart|move: Electric Terrain|[from] ability: Hadron Engine|[of] p2a: Miraidon\n|-weather|RainDance|[from] ability: Drizzle|[of] p1a: Kyogre\n|-ability|p2b: Hitmontop|Intimidate|boost\n|-unboost|p1a: Kyogre|atk|1\n|-fail|p1b: Mienshao|unboost|Attack|[from] ability: Inner Focus|[of] p1b: Mienshao\n|turn|1\n|inactive|Battle timer is ON: inactive players will automatically lose when time's up. (requested by ArisHazard)\n|\n|t:|1773285648\n|-terastallize|p1a: Kyogre|Grass\n|move|p1b: Mienshao|Fake Out|p2b: Hitmontop\n|-damage|p2b: Hitmontop|86/100\n|move|p2b: Hitmontop|Fake Out|p1a: Kyogre\n|-damage|p1a: Kyogre|91/100\n|move|p2a: Miraidon|Volt Switch|p1b: Mienshao\n|-enditem|p1b: Mienshao|Focus Sash\n|-damage|p1b: Mienshao|1/100\n|\n|t:|1773285659\n|switch|p2a: Sableye|Sableye, L50, M|100/100|[from] Volt Switch\n|cant|p1a: Kyogre|flinch\n|\n|-weather|RainDance|[upkeep]\n|upkeep\n|turn|2\n|\n|t:|1773285672\n|switch|p1b: Iron Jugulis|Iron Jugulis, L50|100/100\n|-activate|p1b: Iron Jugulis|ability: Quark Drive\n|-start|p1b: Iron Jugulis|quarkdrivespe\n|move|p2b: Hitmontop|Wide Guard|p2b: Hitmontop\n|-singleturn|p2b: Hitmontop|Wide Guard\n|move|p2a: Sableye|Encore|p1b: Iron Jugulis\n|-hint|Since gen 7, Dark is immune to Prankster moves.\n|-immune|p1b: Iron Jugulis\n|move|p1a: Kyogre|Water Spout|p2b: Hitmontop|[spread] \n|-activate|p2a: Sableye|move: Wide Guard\n|-activate|p2b: Hitmontop|move: Wide Guard\n|\n|-weather|RainDance|[upkeep]\n|upkeep\n|turn|3\n|\n|t:|1773285694\n|switch|p1a: Mienshao|Mienshao, L50, F|1/100\n|switch|p2a: Miraidon|Miraidon, L50|100/100\n|-activate|p2a: Miraidon|ability: Hadron Engine\n|move|p1b: Iron Jugulis|Hurricane|p2b: Hitmontop\n|-supereffective|p2b: Hitmontop\n|-damage|p2b: Hitmontop|9/100\n|move|p2b: Hitmontop|Close Combat|p1a: Mienshao\n|-damage|p1a: Mienshao|0 fnt\n|-unboost|p2b: Hitmontop|def|1\n|-unboost|p2b: Hitmontop|spd|1\n|faint|p1a: Mienshao\n|\n|-weather|RainDance|[upkeep]\n|upkeep\n|\n|t:|1773285712\n|switch|p1a: Zacian|Zacian-Crowned, L50|100/100\n|-ability|p1a: Zacian|Intrepid Sword|boost\n|-boost|p1a: Zacian|atk|1\n|turn|4\n|\n|t:|1773285730\n|move|p1b: Iron Jugulis|Tailwind|p1b: Iron Jugulis\n|-sidestart|p1: meeepmeepimasheep|move: Tailwind\n|move|p1a: Zacian|Play Rough|p2a: Miraidon\n|-supereffective|p2a: Miraidon\n|-damage|p2a: Miraidon|0 fnt\n|faint|p2a: Miraidon\n|move|p2b: Hitmontop|Coaching|p2: Miraidon|[notarget]\n|-fail|p2b: Hitmontop\n|\n|-weather|RainDance|[upkeep]\n|upkeep\n|\n|t:|1773285740\n|switch|p2a: Calyrex|Calyrex-Ice, L50|100/100\n|-ability|p2a: Calyrex|As One\n|-ability|p2a: Calyrex|Unnerve\n|turn|5\n|\n|t:|1773285752\n|switch|p2b: Sableye|Sableye, L50, M|100/100\n|move|p2a: Calyrex|Protect|p2a: Calyrex\n|-singleturn|p2a: Calyrex|Protect\n|move|p1b: Iron Jugulis|Snarl|p2a: Calyrex|[spread] p2b\n|-activate|p2a: Calyrex|move: Protect\n|-damage|p2b: Sableye|79/100\n|-unboost|p2b: Sableye|spa|1\n|move|p1a: Zacian|Behemoth Blade|p2a: Calyrex\n|-activate|p2a: Calyrex|move: Protect\n|\n|-weather|none\n|-fieldend|move: Electric Terrain\n|-end|p1b: Iron Jugulis|Quark Drive\n|upkeep\n|-enditem|p1b: Iron Jugulis|Booster Energy\n|-activate|p1b: Iron Jugulis|ability: Quark Drive|[fromitem]\n|-start|p1b: Iron Jugulis|quarkdrivespe\n|turn|6\n|\n|t:|1773285773\n|switch|p2b: Hitmontop|Hitmontop, L50, M|9/100\n|-ability|p2b: Hitmontop|Intimidate|boost\n|-unboost|p1a: Zacian|atk|1\n|-unboost|p1b: Iron Jugulis|atk|1\n|-terastallize|p2a: Calyrex|Fire\n|move|p1b: Iron Jugulis|Snarl|p2b: Hitmontop|[spread] p2a,p2b\n|-resisted|p2b: Hitmontop\n|-damage|p2a: Calyrex|88/100\n|-damage|p2b: Hitmontop|2/100\n|move|p1a: Zacian|Behemoth Blade|p2a: Calyrex\n|-resisted|p2a: Calyrex\n|-damage|p2a: Calyrex|73/100\n|move|p2a: Calyrex|Trick Room|p2a: Calyrex\n|-fieldstart|move: Trick Room|[of] p2a: Calyrex\n|\n|upkeep\n|turn|7\n|inactive|meeepmeepimasheep has 30 seconds left.\n|inactive|meeepmeepimasheep has 20 seconds left.\n|inactive|meeepmeepimasheep has 15 seconds left.\n|\n|t:|1773285814\n|move|p1b: Iron Jugulis|Protect|p1b: Iron Jugulis\n|-singleturn|p1b: Iron Jugulis|Protect\n|move|p2a: Calyrex|Glacial Lance|p1b: Iron Jugulis|[spread] p1a\n|-activate|p1b: Iron Jugulis|move: Protect\n|-resisted|p1a: Zacian\n|-damage|p1a: Zacian|79/100\n|move|p2b: Hitmontop|Coaching|p2a: Calyrex\n|-boost|p2a: Calyrex|atk|1\n|-boost|p2a: Calyrex|def|1\n|move|p1a: Zacian|Play Rough|p2b: Hitmontop\n|-supereffective|p2b: Hitmontop\n|-damage|p2b: Hitmontop|0 fnt\n|faint|p2b: Hitmontop\n|\n|-sideend|p1: meeepmeepimasheep|move: Tailwind\n|upkeep\n|\n|t:|1773285831\n|switch|p2b: Sableye|Sableye, L50, M|79/100\n|turn|8\n|\n|t:|1773285846\n|move|p1b: Iron Jugulis|Protect||[still]\n|-fail|p1b: Iron Jugulis\n|move|p2a: Calyrex|Stomping Tantrum|p1a: Zacian\n|-supereffective|p1a: Zacian\n|-damage|p1a: Zacian|0 fnt\n|faint|p1a: Zacian\n|-ability|p2a: Calyrex|Chilling Neigh|boost\n|-boost|p2a: Calyrex|atk|1\n|move|p2b: Sableye|Foul Play|p1b: Iron Jugulis\n|-resisted|p1b: Iron Jugulis\n|-damage|p1b: Iron Jugulis|94/100\n|\n|upkeep\n|\n|t:|1773285852\n|switch|p1a: Kyogre|Kyogre, L50, tera:Grass|91/100\n|-weather|RainDance|[from] ability: Drizzle|[of] p1a: Kyogre\n|turn|9\n|\n|t:|1773285866\n|move|p2b: Sableye|Protect|p2b: Sableye\n|-singleturn|p2b: Sableye|Protect\n|move|p1a: Kyogre|Protect|p1a: Kyogre\n|-singleturn|p1a: Kyogre|Protect\n|move|p1b: Iron Jugulis|Protect|p1b: Iron Jugulis\n|-singleturn|p1b: Iron Jugulis|Protect\n|move|p2a: Calyrex|Glacial Lance|p1b: Iron Jugulis|[spread] \n|-activate|p1a: Kyogre|move: Protect\n|-activate|p1b: Iron Jugulis|move: Protect\n|\n|-weather|RainDance|[upkeep]\n|upkeep\n|turn|10\n|\n|t:|1773285881\n|move|p1a: Kyogre|Protect||[still]\n|-fail|p1a: Kyogre\n|move|p1b: Iron Jugulis|Protect|p1b: Iron Jugulis\n|-singleturn|p1b: Iron Jugulis|Protect\n|move|p2b: Sableye|Encore|p1a: Kyogre\n|-start|p1a: Kyogre|Encore\n|move|p2a: Calyrex|Glacial Lance|p1a: Kyogre|[spread] p1a\n|-activate|p1b: Iron Jugulis|move: Protect\n|-supereffective|p1a: Kyogre\n|-damage|p1a: Kyogre|0 fnt\n|faint|p1a: Kyogre\n|-ability|p2a: Calyrex|Chilling Neigh|boost\n|-boost|p2a: Calyrex|atk|1\n|\n|-weather|RainDance|[upkeep]\n|-fieldend|move: Trick Room\n|upkeep\n|turn|11\n|\n|t:|1773285898\n|move|p1b: Iron Jugulis|Hurricane|p2a: Calyrex\n|-damage|p2a: Calyrex|39/100\n|move|p2b: Sableye|Foul Play|p1b: Iron Jugulis\n|-resisted|p1b: Iron Jugulis\n|-damage|p1b: Iron Jugulis|88/100\n|move|p2a: Calyrex|Glacial Lance|p1b: Iron Jugulis\n|-supereffective|p1b: Iron Jugulis\n|-damage|p1b: Iron Jugulis|0 fnt\n|faint|p1b: Iron Jugulis\n|-end|p1b: Iron Jugulis|Quark Drive|[silent]\n|\n|win|ArisHazard\n|raw|meeepmeepimasheep's rating: 1231 &rarr; <strong>1214</strong><br />(-17 for losing)\n|raw|ArisHazard's rating: 1343 &rarr; <strong>1357</strong><br />(+14 for winning)\n|l|\u2606meeepmeepimasheep\n|player|p1|\n|l|\u2606ArisHazard\n|player|p2|\n","uploadtime":1773286137,"views":14,"formatid":"gen9vgc2026regi","rating":1214,"private":0,"password":null}