{"id":"gen9vgc2026regi-2528268815","format":"[Gen 9] VGC 2026 Reg I","players":["MikelMtz","i\u2764\u5a1c\u7984forever"],"log":"|j|\u2606MikelMtz\n|j|\u2606i\u2764\u5a1c\u7984forever\n|t:|1769636009\n|gametype|doubles\n|player|p1|MikelMtz|266|1263\n|player|p2|i\u2764\u5a1c\u7984forever|youngcouple|1457\n|gen|9\n|tier|[Gen 9] VGC 2026 Reg I\n|rated|\n|rule|Species Clause: Limit one of each Pok\u00e9mon\n|rule|Item Clause: Limit 1 of each item\n|clearpoke\n|poke|p1|Calyrex-Ice, L50|\n|poke|p1|Indeedee-F, L50, F|\n|poke|p1|Amoonguss, L50, F|\n|poke|p1|Kingambit, L50, F|\n|poke|p1|Flutter Mane, L50|\n|poke|p1|Urshifu-*, L50, F|\n|poke|p2|Groudon, L50|\n|poke|p2|Kyurem-White, L50|\n|poke|p2|Heatran, L50, M|\n|poke|p2|Whimsicott, L50, M|\n|poke|p2|Roaring Moon, L50|\n|poke|p2|Ditto, L50|\n|teampreview|4\n|inactive|Battle timer is ON: inactive players will automatically lose when time's up. (requested by MikelMtz)\n|\n|t:|1769636033\n|teamsize|p1|4\n|teamsize|p2|4\n|start\n|switch|p1a: Indeedee|Indeedee-F, L50, F|100/100\n|switch|p1b: Calyrex|Calyrex-Ice, L50|100/100\n|switch|p2a: Heatran|Heatran, L50, M|100/100\n|switch|p2b: Kyurem|Kyurem-White, L50|100/100\n|-ability|p1b: Calyrex|As One\n|-ability|p1b: Calyrex|Unnerve\n|-ability|p2b: Kyurem|Turboblaze\n|-fieldstart|move: Psychic Terrain|[from] ability: Psychic Surge|[of] p1a: Indeedee\n|-enditem|p1a: Indeedee|Psychic Seed\n|-boost|p1a: Indeedee|spd|1|[from] item: Psychic Seed\n|turn|1\n|\n|t:|1769636056\n|move|p1a: Indeedee|Follow Me|p1a: Indeedee\n|-singleturn|p1a: Indeedee|move: Follow Me\n|move|p2b: Kyurem|Blizzard|p1a: Indeedee|[spread] \n|-miss|p2b: Kyurem|p1a: Indeedee\n|-enditem|p2b: Kyurem|Blunder Policy\n|-boost|p2b: Kyurem|spe|2\n|-miss|p2b: Kyurem|p1b: Calyrex\n|move|p2a: Heatran|Substitute|p2a: Heatran\n|-start|p2a: Heatran|Substitute\n|-damage|p2a: Heatran|76/100\n|move|p1b: Calyrex|Trick Room|p1b: Calyrex\n|-fieldstart|move: Trick Room|[of] p1b: Calyrex\n|\n|-heal|p2a: Heatran|82/100|[from] item: Leftovers\n|upkeep\n|turn|2\n|\n|t:|1769636080\n|move|p1a: Indeedee|Follow Me|p1a: Indeedee\n|-singleturn|p1a: Indeedee|move: Follow Me\n|move|p1b: Calyrex|Glacial Lance|p2a: Heatran|[spread] p2a,p2b\n|-resisted|p2a: Heatran\n|-activate|p2a: Heatran|move: Substitute|[damage]\n|-damage|p2b: Kyurem|56/100\n|move|p2a: Heatran|Heat Wave|p1b: Calyrex|[spread] p1a\n|-miss|p2a: Heatran|p1b: Calyrex\n|-damage|p1a: Indeedee|78/100\n|move|p2b: Kyurem|Earth Power|p1a: Indeedee\n|-damage|p1a: Indeedee|53/100\n|\n|-heal|p2a: Heatran|88/100|[from] item: Leftovers\n|upkeep\n|turn|3\n|inactive|MikelMtz has 30 seconds left.\n|inactive|MikelMtz has 20 seconds left.\n|\n|t:|1769636118\n|move|p1a: Indeedee|Follow Me|p1a: Indeedee\n|-singleturn|p1a: Indeedee|move: Follow Me\n|move|p1b: Calyrex|Glacial Lance|p2a: Heatran|[spread] p2a,p2b\n|-resisted|p2a: Heatran\n|-end|p2a: Heatran|Substitute\n|-damage|p2b: Kyurem|4/100\n|move|p2a: Heatran|Heat Wave|p1a: Indeedee|[spread] p1a,p1b\n|-supereffective|p1b: Calyrex\n|-damage|p1a: Indeedee|30/100\n|-damage|p1b: Calyrex|49/100\n|move|p2b: Kyurem|Fusion Flare|p1a: Indeedee\n|-crit|p1a: Indeedee\n|-damage|p1a: Indeedee|0 fnt\n|faint|p1a: Indeedee\n|\n|-heal|p1b: Calyrex|55/100|[from] item: Leftovers\n|-heal|p2a: Heatran|94/100|[from] item: Leftovers\n|upkeep\n|\n|t:|1769636126\n|switch|p1a: Amoonguss|Amoonguss, L50, F, shiny|100/100\n|turn|4\n|\n|t:|1769636148\n|move|p2a: Heatran|Protect|p2a: Heatran\n|-singleturn|p2a: Heatran|Protect\n|move|p1a: Amoonguss|Spore|p2a: Heatran\n|-activate|p2a: Heatran|move: Protect\n|move|p1b: Calyrex|Glacial Lance|p2a: Heatran|[spread] p2b\n|-activate|p2a: Heatran|move: Protect\n|-damage|p2b: Kyurem|0 fnt\n|faint|p2b: Kyurem\n|-ability|p1b: Calyrex|Chilling Neigh|boost\n|-boost|p1b: Calyrex|atk|1\n|\n|-heal|p1b: Calyrex|60/100|[from] item: Leftovers\n|-heal|p2a: Heatran|99/100|[from] item: Leftovers\n|upkeep\n|\n|t:|1769636160\n|switch|p2b: Ditto|Ditto, L50|100/100\n|-transform|p2b: Ditto|p1a: Amoonguss|[from] ability: Imposter\n|turn|5\n|\n|t:|1769636173\n|move|p2b: Ditto|Spore|p1b: Calyrex\n|-status|p1b: Calyrex|slp|[from] move: Spore\n|move|p1a: Amoonguss|Spore|p2a: Heatran\n|-status|p2a: Heatran|slp|[from] move: Spore\n|cant|p1b: Calyrex|slp\n|cant|p2a: Heatran|slp\n|\n|-heal|p1b: Calyrex|66/100 slp|[from] item: Leftovers\n|-heal|p2a: Heatran|100/100 slp|[from] item: Leftovers\n|-fieldend|move: Trick Room\n|-fieldend|move: Psychic Terrain\n|upkeep\n|turn|6\n|\n|t:|1769636195\n|switch|p2b: Groudon|Groudon, L50|100/100\n|-weather|SunnyDay|[from] ability: Drought|[of] p2b: Groudon\n|cant|p2a: Heatran|slp\n|move|p1a: Amoonguss|Pollen Puff|p1b: Calyrex\n|-heal|p1b: Calyrex|100/100 slp\n|cant|p1b: Calyrex|slp\n|\n|-weather|SunnyDay|[upkeep]\n|upkeep\n|turn|7\n|\n|t:|1769636217\n|-terastallize|p1b: Calyrex|Water\n|move|p2b: Groudon|Heat Crash|p1a: Amoonguss\n|-supereffective|p1a: Amoonguss\n|-damage|p1a: Amoonguss|0 fnt\n|-damage|p2b: Groudon|84/100|[from] item: Rocky Helmet|[of] p1a: Amoonguss\n|faint|p1a: Amoonguss\n|-curestatus|p2a: Heatran|slp|[msg]\n|move|p2a: Heatran|Substitute|p2a: Heatran\n|-start|p2a: Heatran|Substitute\n|-damage|p2a: Heatran|76/100\n|-curestatus|p1b: Calyrex|slp|[msg]\n|move|p1b: Calyrex|Trick Room|p1b: Calyrex\n|-fieldstart|move: Trick Room|[of] p1b: Calyrex\n|\n|-weather|SunnyDay|[upkeep]\n|-heal|p2a: Heatran|82/100|[from] item: Leftovers\n|upkeep\n|\n|t:|1769636228\n|switch|p1a: Flutter Mane|Flutter Mane, L50|100/100\n|-activate|p1a: Flutter Mane|ability: Protosynthesis\n|-start|p1a: Flutter Mane|protosynthesisspa\n|turn|8\n|\n|t:|1769636242\n|-terastallize|p2b: Groudon|Water\n|move|p1b: Calyrex|Glacial Lance|p2b: Groudon|[spread] p2a,p2b\n|-resisted|p2a: Heatran\n|-activate|p2a: Heatran|move: Substitute|[damage]\n|-resisted|p2b: Groudon\n|-damage|p2b: Groudon|55/100\n|move|p2a: Heatran|Heat Wave|p1b: Calyrex|[spread] p1a,p1b\n|-resisted|p1b: Calyrex\n|-damage|p1a: Flutter Mane|55/100\n|-damage|p1b: Calyrex|82/100\n|move|p2b: Groudon|Precipice Blades|p1b: Calyrex|[spread] p1a,p1b\n|-damage|p1a: Flutter Mane|0 fnt\n|-damage|p1b: Calyrex|48/100\n|faint|p1a: Flutter Mane\n|-end|p1a: Flutter Mane|Protosynthesis|[silent]\n|\n|-weather|SunnyDay|[upkeep]\n|-heal|p1b: Calyrex|54/100|[from] item: Leftovers\n|-heal|p2a: Heatran|88/100|[from] item: Leftovers\n|upkeep\n|turn|9\n|\n|t:|1769636263\n|move|p1b: Calyrex|High Horsepower|p2b: Groudon\n|-damage|p2b: Groudon|15/100\n|move|p2a: Heatran|Earth Power|p1b: Calyrex\n|-damage|p1b: Calyrex|33/100\n|move|p2b: Groudon|Precipice Blades|p1b: Calyrex\n|-damage|p1b: Calyrex|0 fnt\n|faint|p1b: Calyrex\n|\n|win|i\u2764\u5a1c\u7984forever\n|raw|MikelMtz's rating: 1263 &rarr; <strong>1251</strong><br />(-12 for losing)\n|raw|i\u2764\u5a1c\u7984forever's rating: 1457 &rarr; <strong>1467</strong><br />(+10 for winning)\n|l|\u2606MikelMtz\n|player|p1|\n|l|\u2606i\u2764\u5a1c\u7984forever\n|player|p2|\n","uploadtime":1769636460,"views":11,"formatid":"gen9vgc2026regi","rating":1251,"private":0,"password":null}