{"id":"gen9vgc2026regi-2552388621","format":"[Gen 9] VGC 2026 Reg I","players":["fogdocker","Jin Chunchen"],"log":"|j|\u2606fogdocker\n|j|\u2606Jin Chunchen\n|t:|1772716701\n|gametype|doubles\n|player|p1|fogdocker|2|1560\n|player|p2|Jin Chunchen|jupiter|1507\n|gen|9\n|tier|[Gen 9] VGC 2026 Reg I\n|rated|\n|rule|Species Clause: Limit one of each Pok\u00e9mon\n|rule|Item Clause: Limit 1 of each item\n|clearpoke\n|poke|p1|Calyrex-Ice, L50|\n|poke|p1|Koraidon, L50|\n|poke|p1|Flutter Mane, L50|\n|poke|p1|Incineroar, L50, F|\n|poke|p1|Rillaboom, L50, F|\n|poke|p1|Annihilape, L50, M|\n|poke|p2|Calyrex-Ice, L50|\n|poke|p2|Miraidon, L50|\n|poke|p2|Incineroar, L50, F|\n|poke|p2|Whimsicott, L50, M|\n|poke|p2|Urshifu-*, L50, M|\n|poke|p2|Farigiraf, L50, F|\n|teampreview|4\n|inactive|Battle timer is ON: inactive players will automatically lose when time's up. (requested by fogdocker)\n|j| takuchyanmaxheart\n|\n|t:|1772716728\n|teamsize|p1|4\n|teamsize|p2|4\n|start\n|switch|p1a: Calyrex|Calyrex-Ice, L50|100/100\n|switch|p1b: Rillaboom|Rillaboom, L50, F|100/100\n|switch|p2a: Farigiraf|Farigiraf, L50, F|100/100\n|switch|p2b: Miraidon|Miraidon, L50|100/100\n|-ability|p1a: Calyrex|As One\n|-ability|p1a: Calyrex|Unnerve\n|-fieldstart|move: Electric Terrain|[from] ability: Hadron Engine|[of] p2b: Miraidon\n|-enditem|p2a: Farigiraf|Electric Seed\n|-boost|p2a: Farigiraf|def|1|[from] item: Electric Seed\n|-fieldstart|move: Grassy Terrain|[from] ability: Grassy Surge|[of] p1b: Rillaboom\n|turn|1\n|inactive|fogdocker has 30 seconds left.\n|\n|t:|1772716754\n|move|p2b: Miraidon|Volt Switch|p1a: Calyrex\n|-damage|p1a: Calyrex|71/100\n|-damage|p2b: Miraidon|91/100|[from] item: Life Orb\n|\n|t:|1772716758\n|switch|p2b: Calyrex|Calyrex-Ice, L50|100/100|[from] Volt Switch\n|-ability|p2b: Calyrex|As One\n|-ability|p2b: Calyrex|Unnerve\n|move|p1b: Rillaboom|U-turn|p2a: Farigiraf\n|-supereffective|p2a: Farigiraf\n|-damage|p2a: Farigiraf|79/100\n|\n|t:|1772716768\n|switch|p1b: Incineroar|Incineroar, L50, F|100/100|[from] U-turn\n|-ability|p1b: Incineroar|Intimidate|boost\n|-unboost|p2a: Farigiraf|atk|1\n|-unboost|p2b: Calyrex|atk|1\n|move|p2a: Farigiraf|Foul Play|p1a: Calyrex\n|-supereffective|p1a: Calyrex\n|-damage|p1a: Calyrex|34/100\n|move|p1a: Calyrex|Glacial Lance|p2b: Calyrex|[spread] p2a,p2b\n|-resisted|p2b: Calyrex\n|-damage|p2a: Farigiraf|56/100\n|-damage|p2b: Calyrex|87/100\n|\n|-heal|p2a: Farigiraf|62/100|[from] Grassy Terrain\n|-heal|p2b: Calyrex|93/100|[from] Grassy Terrain\n|-heal|p2b: Calyrex|99/100|[from] item: Leftovers\n|-heal|p1a: Calyrex|40/100|[from] Grassy Terrain\n|-heal|p1a: Calyrex|45/100|[from] item: Leftovers\n|upkeep\n|turn|2\n|\n|t:|1772716786\n|move|p1a: Calyrex|Protect|p1a: Calyrex\n|-singleturn|p1a: Calyrex|Protect\n|move|p2a: Farigiraf|Foul Play|p1a: Calyrex\n|-activate|p1a: Calyrex|move: Protect\n|move|p1b: Incineroar|Knock Off|p2b: Calyrex\n|-supereffective|p2b: Calyrex\n|-damage|p2b: Calyrex|54/100\n|-enditem|p2b: Calyrex|Leftovers|[from] move: Knock Off|[of] p1b: Incineroar\n|move|p2b: Calyrex|Glacial Lance|p1b: Incineroar|[spread] p1b\n|-activate|p1a: Calyrex|move: Protect\n|-resisted|p1b: Incineroar\n|-damage|p1b: Incineroar|87/100\n|\n|-heal|p2a: Farigiraf|68/100|[from] Grassy Terrain\n|-heal|p1b: Incineroar|93/100|[from] Grassy Terrain\n|-heal|p2b: Calyrex|60/100|[from] Grassy Terrain\n|-heal|p1a: Calyrex|51/100|[from] Grassy Terrain\n|-heal|p1a: Calyrex|57/100|[from] item: Leftovers\n|upkeep\n|turn|3\n|\n|t:|1772716809\n|move|p2a: Farigiraf|Foul Play|p1a: Calyrex\n|-supereffective|p1a: Calyrex\n|-damage|p1a: Calyrex|20/100\n|move|p1b: Incineroar|Flare Blitz|p2b: Calyrex\n|-supereffective|p2b: Calyrex\n|-crit|p2b: Calyrex\n|-damage|p2b: Calyrex|0 fnt\n|faint|p2b: Calyrex\n|-damage|p1b: Incineroar|72/100|[from] Recoil\n|move|p1a: Calyrex|Leech Seed|p2a: Farigiraf\n|-start|p2a: Farigiraf|move: Leech Seed\n|\n|-heal|p2a: Farigiraf|74/100|[from] Grassy Terrain\n|-heal|p1b: Incineroar|78/100|[from] Grassy Terrain\n|-heal|p1a: Calyrex|26/100|[from] Grassy Terrain\n|-heal|p1a: Calyrex|32/100|[from] item: Leftovers\n|-damage|p2a: Farigiraf|62/100|[from] Leech Seed|[of] p1a: Calyrex\n|-heal|p1a: Calyrex|45/100|[silent]\n|upkeep\n|\n|t:|1772716819\n|switch|p2b: Miraidon|Miraidon, L50|91/100\n|-fieldstart|move: Electric Terrain|[from] ability: Hadron Engine|[of] p2b: Miraidon\n|turn|4\n|\n|t:|1772716828\n|switch|p1b: Rillaboom|Rillaboom, L50, F|100/100\n|-fieldstart|move: Grassy Terrain|[from] ability: Grassy Surge|[of] p1b: Rillaboom\n|move|p1a: Calyrex|Protect|p1a: Calyrex\n|-singleturn|p1a: Calyrex|Protect\n|move|p2b: Miraidon|Volt Switch|p1b: Rillaboom\n|-resisted|p1b: Rillaboom\n|-damage|p1b: Rillaboom|85/100\n|-damage|p2b: Miraidon|81/100|[from] item: Life Orb\n|\n|t:|1772716830\n|switch|p2b: Urshifu|Urshifu-Rapid-Strike, L50, M|100/100|[from] Volt Switch\n|move|p2a: Farigiraf|Foul Play|p1b: Rillaboom\n|-damage|p1b: Rillaboom|53/100\n|\n|-heal|p1b: Rillaboom|59/100|[from] Grassy Terrain\n|-heal|p2a: Farigiraf|68/100|[from] Grassy Terrain\n|-heal|p1a: Calyrex|51/100|[from] Grassy Terrain\n|-heal|p1a: Calyrex|57/100|[from] item: Leftovers\n|-damage|p2a: Farigiraf|55/100|[from] Leech Seed|[of] p1a: Calyrex\n|-heal|p1a: Calyrex|70/100|[silent]\n|upkeep\n|turn|5\n|\n|t:|1772716850\n|-terastallize|p2b: Urshifu|Ghost\n|move|p2a: Farigiraf|Helping Hand|p2b: Urshifu\n|-singleturn|p2b: Urshifu|Helping Hand|[of] p2a: Farigiraf\n|move|p2b: Urshifu|Surging Strikes|p1a: Calyrex\n|-crit|p1a: Calyrex\n|-damage|p1a: Calyrex|43/100\n|-crit|p1a: Calyrex\n|-damage|p1a: Calyrex|20/100\n|-crit|p1a: Calyrex\n|-damage|p1a: Calyrex|0 fnt\n|faint|p1a: Calyrex\n|-hitcount|p1: Calyrex|3\n|move|p1b: Rillaboom|Wood Hammer|p2b: Urshifu\n|-damage|p2b: Urshifu|31/100\n|-damage|p1b: Rillaboom|38/100|[from] Recoil\n|\n|-heal|p2b: Urshifu|37/100|[from] Grassy Terrain\n|-heal|p1b: Rillaboom|44/100|[from] Grassy Terrain\n|-heal|p2a: Farigiraf|61/100|[from] Grassy Terrain\n|upkeep\n|\n|t:|1772716863\n|switch|p1a: Koraidon|Koraidon, L50|100/100\n|-weather|SunnyDay|[from] ability: Orichalcum Pulse|[of] p1a: Koraidon\n|-activate|p1a: Koraidon|Orichalcum Pulse|[source]\n|turn|6\n|inactive|Jin Chunchen has 30 seconds left.\n|\n|t:|1772716899\n|switch|p2b: Miraidon|Miraidon, L50|81/100\n|-fieldstart|move: Electric Terrain|[from] ability: Hadron Engine|[of] p2b: Miraidon\n|move|p1a: Koraidon|Flare Blitz|p2a: Farigiraf\n|-damage|p2a: Farigiraf|10/100\n|-damage|p1a: Koraidon|79/100|[from] Recoil\n|-damage|p1a: Koraidon|70/100|[from] item: Life Orb\n|move|p1b: Rillaboom|Wood Hammer|p2b: Miraidon\n|-resisted|p2b: Miraidon\n|-damage|p2b: Miraidon|54/100\n|-damage|p1b: Rillaboom|36/100|[from] Recoil\n|move|p2a: Farigiraf|Psychic|p1a: Koraidon\n|-supereffective|p1a: Koraidon\n|-damage|p1a: Koraidon|0 fnt\n|faint|p1a: Koraidon\n|\n|-weather|SunnyDay|[upkeep]\n|upkeep\n|-message|fogdocker forfeited.\n|\n|win|Jin Chunchen\n|raw|fogdocker's rating: 1560 &rarr; <strong>1537</strong><br />(-23 for losing)\n|raw|Jin Chunchen's rating: 1507 &rarr; <strong>1530</strong><br />(+23 for winning)\n|l|\u2606fogdocker\n|player|p1|\n|l|\u2606Jin Chunchen\n|player|p2|\n","uploadtime":1772717120,"views":26,"formatid":"gen9vgc2026regi","rating":1530,"private":0,"password":null}