{"id":"gen9vgc2026regi-2569672041","format":"[Gen 9] VGC 2026 Reg I","players":["Kenobi_1","VJ2511"],"log":"|j|\u2606Kenobi_1\n|j|\u2606VJ2511\n|html|<table width=\"100%\"><tr><td align=\"left\">Kenobi_1</td><td align=\"right\">VJ2511</tr><tr><td align=\"left\"><i class=\"fa fa-circle-o\"></i> <i class=\"fa fa-circle-o\"></i> </td><td align=\"right\"><i class=\"fa fa-circle-o\"></i> <i class=\"fa fa-circle\"></i> </tr></table>\n|uhtml|bestof|<h2><strong>Game 2</strong> of <a href=\"/game-bestof3-gen9vgc2026regi-2569669837\">a best-of-3</a></h2>\n|t:|1774721647\n|gametype|doubles\n|player|p1|Kenobi_1|ash-alola|\n|player|p2|VJ2511|2|\n|gen|9\n|tier|[Gen 9] VGC 2026 Reg I\n|rule|Species Clause: Limit one of each Pok\u00e9mon\n|rule|Item Clause: Limit 1 of each item\n|raw|<div class=\"infobox\"><details class=\"readmore\" open><summary><strong>1 custom rule:</strong></summary> Best of = 3</details></div>\n|clearpoke\n|poke|p1|Calyrex-Shadow, L50|\n|poke|p1|Zamazenta-*, L50|\n|poke|p1|Smeargle, L50, M|\n|poke|p1|Tornadus, L50, M|\n|poke|p1|Rillaboom, L50, F|\n|poke|p1|Raging Bolt, L50|\n|poke|p2|Kyogre, L50|\n|poke|p2|Calyrex-Ice, L50|\n|poke|p2|Urshifu-*, L50, F|\n|poke|p2|Flutter Mane, L50|\n|poke|p2|Amoonguss, L50, F|\n|poke|p2|Rillaboom, L50, F|\n|teampreview|4\n|inactive|Battle timer is ON: inactive players will automatically lose when time's up. (requested by Kenobi_1)\nKenobi_1 has agreed to open team sheets.\n|\n|t:|1774721670\n|teamsize|p1|4\n|teamsize|p2|4\n|start\n|switch|p1a: Smeargle|Smeargle, L50, M|100/100\n|switch|p1b: Tornadus|Tornadus, L50, M|100/100\n|switch|p2a: Kyogre|Kyogre, L50|100/100\n|switch|p2b: Urshifu|Urshifu-Rapid-Strike, L50, F|100/100\n|-weather|RainDance|[from] ability: Drizzle|[of] p2a: Kyogre\n|turn|1\n|\n|t:|1774721683\n|move|p1b: Tornadus|Tailwind|p1b: Tornadus\n|-sidestart|p1: Kenobi_1|move: Tailwind\n|move|p1a: Smeargle|Spore|p2a: Kyogre\n|-status|p2a: Kyogre|slp|[from] move: Spore\n|move|p2b: Urshifu|Surging Strikes|p1a: Smeargle\n|-crit|p1a: Smeargle\n|-damage|p1a: Smeargle|41/100\n|-crit|p1a: Smeargle\n|-damage|p1a: Smeargle|0 fnt\n|faint|p1a: Smeargle\n|-hitcount|p1: Smeargle|2\n|cant|p2a: Kyogre|slp\n|\n|-weather|RainDance|[upkeep]\n|upkeep\n|\n|t:|1774721693\n|switch|p1a: Raging Bolt|Raging Bolt, L50|100/100\n|-enditem|p1a: Raging Bolt|Booster Energy\n|-activate|p1a: Raging Bolt|ability: Protosynthesis|[fromitem]\n|-start|p1a: Raging Bolt|protosynthesisspa\n|turn|2\n|\n|t:|1774721703\n|switch|p2b: Amoonguss|Amoonguss, L50, F|100/100\n|move|p1a: Raging Bolt|Thunderclap||[still]\n|-fail|p1a: Raging Bolt\n|move|p1b: Tornadus|Bleakwind Storm|p2b: Amoonguss|[spread] p2a,p2b\n|-supereffective|p2b: Amoonguss\n|-damage|p2a: Kyogre|68/100 slp\n|-damage|p2b: Amoonguss|30/100\n|-unboost|p2a: Kyogre|spe|1\n|-unboost|p2b: Amoonguss|spe|1\n|cant|p2a: Kyogre|slp\n|\n|-weather|RainDance|[upkeep]\n|upkeep\n|turn|3\n|\n|t:|1774721715\n|move|p1b: Tornadus|Bleakwind Storm|p2b: Amoonguss|[spread] p2a,p2b\n|-supereffective|p2b: Amoonguss\n|-damage|p2a: Kyogre|37/100 slp\n|-damage|p2b: Amoonguss|0 fnt\n|-unboost|p2a: Kyogre|spe|1\n|faint|p2b: Amoonguss\n|move|p1a: Raging Bolt|Thunderbolt|p2a: Kyogre\n|-supereffective|p2a: Kyogre\n|-damage|p2a: Kyogre|0 fnt\n|faint|p2a: Kyogre\n|\n|-weather|RainDance|[upkeep]\n|upkeep\n|\n|t:|1774721724\n|switch|p2a: Calyrex|Calyrex-Ice, L50|100/100\n|switch|p2b: Urshifu|Urshifu-Rapid-Strike, L50, F|100/100\n|-ability|p2a: Calyrex|As One\n|-ability|p2a: Calyrex|Unnerve\n|turn|4\n|\n|t:|1774721739\n|-terastallize|p2b: Urshifu|Ghost\n|move|p1a: Raging Bolt|Thunderclap|p2b: Urshifu\n|-damage|p2b: Urshifu|22/100\n|move|p1b: Tornadus|Bleakwind Storm|p2b: Urshifu|[spread] p2a,p2b\n|-damage|p2a: Calyrex|76/100\n|-damage|p2b: Urshifu|0 fnt\n|faint|p2b: Urshifu\n|move|p2a: Calyrex|Trick Room|p2a: Calyrex\n|-fieldstart|move: Trick Room|[of] p2a: Calyrex\n|\n|-weather|RainDance|[upkeep]\n|-heal|p2a: Calyrex|82/100|[from] item: Leftovers\n|-sideend|p1: Kenobi_1|move: Tailwind\n|upkeep\n|turn|5\n|\n|t:|1774721755\n|-terastallize|p1a: Raging Bolt|Electric\n|move|p2a: Calyrex|Glacial Lance|p1b: Tornadus|[spread] p1a,p1b\n|-supereffective|p1b: Tornadus\n|-damage|p1a: Raging Bolt|62/100\n|-damage|p1b: Tornadus|0 fnt\n|faint|p1b: Tornadus\n|-ability|p2a: Calyrex|Chilling Neigh|boost\n|-boost|p2a: Calyrex|atk|1\n|move|p1a: Raging Bolt|Thunderbolt|p2a: Calyrex\n|-damage|p2a: Calyrex|24/100\n|\n|-weather|none\n|-heal|p2a: Calyrex|29/100|[from] item: Leftovers\n|upkeep\n|\n|t:|1774721764\n|switch|p1b: Calyrex|Calyrex-Shadow, L50|100/100\n|-ability|p1b: Calyrex|As One\n|-ability|p1b: Calyrex|Unnerve\n|turn|6\n|\n|t:|1774721769\n|move|p2a: Calyrex|Protect|p2a: Calyrex\n|-singleturn|p2a: Calyrex|Protect\n|move|p1a: Raging Bolt|Thunderclap||[still]\n|-fail|p1a: Raging Bolt\n|move|p1b: Calyrex|Astral Barrage|p2a: Calyrex\n|-activate|p2a: Calyrex|move: Protect\n|\n|-heal|p2a: Calyrex|35/100|[from] item: Leftovers\n|upkeep\n|turn|7\n|\n|t:|1774721790\n|move|p1b: Calyrex|Protect|p1b: Calyrex\n|-singleturn|p1b: Calyrex|Protect\n|move|p1a: Raging Bolt|Thunderclap|p2a: Calyrex\n|-damage|p2a: Calyrex|0 fnt\n|faint|p2a: Calyrex\n|\n|win|Kenobi_1\n||Kenobi_1 is ready for game 3.\n||VJ2511 is ready for game 3.\n|uhtml|next|Next: <a href=\"/battle-gen9vgc2026regi-2569673610\"><strong>Game 3 of 3</strong></a>\n","uploadtime":1774721801,"views":14,"formatid":"gen9vgc2026regi","rating":null,"private":0,"password":null}