{"id":"gen9vgc2026regi-2591043040","format":"[Gen 9] VGC 2026 Reg I","players":["jed54321","roykeenkennedy"],"log":"|j|\u2606jed54321\n|j|\u2606roykeenkennedy\n|t:|1776870505\n|gametype|doubles\n|player|p1|jed54321|1|1473\n|player|p2|roykeenkennedy|102|1648\n|gen|9\n|tier|[Gen 9] VGC 2026 Reg I\n|rated|\n|rule|Species Clause: Limit one of each Pok\u00e9mon\n|rule|Item Clause: Limit 1 of each item\n|clearpoke\n|poke|p1|Calyrex-Ice, L50|\n|poke|p1|Incineroar, L50, M|\n|poke|p1|Rillaboom, L50, M|\n|poke|p1|Amoonguss, L50, M|\n|poke|p1|Kyogre, L50|\n|poke|p1|Raging Bolt, L50|\n|poke|p2|Calyrex-Ice, L50|\n|poke|p2|Annihilape, L50, F|\n|poke|p2|Grimmsnarl, L50, M|\n|poke|p2|Sinistcha-Masterpiece, L50|\n|poke|p2|Miraidon, L50|\n|poke|p2|Iron Hands, L50|\n|teampreview|4\n|\n|t:|1776870527\n|teamsize|p1|4\n|teamsize|p2|4\n|start\n|switch|p1a: Calyrex|Calyrex-Ice, L50|100/100\n|switch|p1b: Amoonguss|Amoonguss, L50, M|100/100\n|switch|p2a: Annihilape|Annihilape, L50, F|100/100\n|switch|p2b: Miraidon|Miraidon, L50|100/100\n|-ability|p1a: Calyrex|As One\n|-ability|p1a: Calyrex|Unnerve\n|-fieldstart|move: Electric Terrain|[from] ability: Hadron Engine|[of] p2b: Miraidon\n|turn|1\n|\n|t:|1776870553\n|switch|p1b: Rillaboom|Rillaboom, L50, M|100/100\n|-fieldstart|move: Grassy Terrain|[from] ability: Grassy Surge|[of] p1b: Rillaboom\n|-terastallize|p1a: Calyrex|Fairy\n|move|p2a: Annihilape|Final Gambit|p1b: Rillaboom\n|-damage|p1b: Rillaboom|0 fnt\n|faint|p2a: Annihilape\n|faint|p1b: Rillaboom\n|move|p2b: Miraidon|Volt Switch|p1a: Calyrex\n|-damage|p1a: Calyrex|77/100\n|\n|t:|1776870566\n|switch|p2b: Calyrex|Calyrex-Ice, L50|100/100|[from] Volt Switch\n|-ability|p2b: Calyrex|As One\n|-ability|p2b: Calyrex|Unnerve\n|move|p1a: Calyrex|Trick Room|p1a: Calyrex\n|-fieldstart|move: Trick Room|[of] p1a: Calyrex\n|\n|-heal|p1a: Calyrex|83/100|[from] Grassy Terrain\n|upkeep\n|\n|t:|1776870580\n|switch|p1b: Amoonguss|Amoonguss, L50, M|100/100\n|switch|p2a: Miraidon|Miraidon, L50|100/100\n|-fieldstart|move: Electric Terrain|[from] ability: Hadron Engine|[of] p2a: Miraidon\n|turn|2\n|\n|t:|1776870596\n|-terastallize|p2a: Miraidon|Electric\n|move|p1b: Amoonguss|Pollen Puff|p1a: Calyrex\n|-heal|p1a: Calyrex|100/100\n|move|p1a: Calyrex|Glacial Lance|p2b: Calyrex|[spread] p2a,p2b\n|-resisted|p2b: Calyrex\n|-damage|p2a: Miraidon|47/100\n|-damage|p2b: Calyrex|84/100\n|move|p2b: Calyrex|Glacial Lance|p1b: Amoonguss|[spread] p1a,p1b\n|-supereffective|p1b: Amoonguss\n|-damage|p1a: Calyrex|68/100\n|-damage|p1b: Amoonguss|0 fnt\n|faint|p1b: Amoonguss\n|-ability|p2b: Calyrex|Chilling Neigh|boost\n|-boost|p2b: Calyrex|atk|1\n|move|p2a: Miraidon|Electro Drift|p1a: Calyrex\n|-damage|p1a: Calyrex|0 fnt\n|faint|p1a: Calyrex\n|\n|upkeep\n|\n|t:|1776870610\n|switch|p1b: Kyogre|Kyogre, L50|100/100\n|-weather|RainDance|[from] ability: Drizzle|[of] p1b: Kyogre\n|turn|3\n|\n|t:|1776870650\n|switch|p2a: Sinistcha|Sinistcha-Masterpiece, L50|100/100\n|-heal|p2b: Calyrex|100/100|[from] ability: Hospitality|[of] p2a: Sinistcha\n|move|p1b: Kyogre|Water Spout|p2a: Sinistcha|[spread] p2a,p2b\n|-resisted|p2a: Sinistcha\n|-damage|p2a: Sinistcha|54/100\n|-damage|p2b: Calyrex|41/100\n|move|p2b: Calyrex|Trick Room|p2b: Calyrex\n|-fieldend|move: Trick Room\n|\n|-weather|RainDance|[upkeep]\n|upkeep\n|turn|4\n|\n|t:|1776870663\n|move|p1b: Kyogre|Water Spout|p2a: Sinistcha|[spread] p2a,p2b\n|-resisted|p2a: Sinistcha\n|-damage|p2a: Sinistcha|5/100\n|-damage|p2b: Calyrex|0 fnt\n|faint|p2b: Calyrex\n|move|p2a: Sinistcha|Matcha Gotcha|p1b: Kyogre\n|-supereffective|p1b: Kyogre\n|-damage|p1b: Kyogre|41/100\n|-heal|p2a: Sinistcha|34/100|[from] drain|[of] p1b: Kyogre\n|\n|-weather|RainDance|[upkeep]\n|upkeep\n|\n|t:|1776870681\n|switch|p2b: Miraidon|Miraidon, L50, tera:Electric|47/100\n|-activate|p2b: Miraidon|ability: Hadron Engine\n|turn|5\n|inactive|Battle timer is ON: inactive players will automatically lose when time's up. (requested by jed54321)\n|\n|t:|1776870722\n|move|p1b: Kyogre|Water Spout|p2b: Miraidon|[spread] p2a,p2b\n|-resisted|p2a: Sinistcha\n|-crit|p2a: Sinistcha\n|-damage|p2a: Sinistcha|6/100\n|-damage|p2b: Miraidon|25/100\n|move|p2b: Miraidon|Electro Drift|p1b: Kyogre\n|-supereffective|p1b: Kyogre\n|-damage|p1b: Kyogre|0 fnt\n|faint|p1b: Kyogre\n|\n|win|roykeenkennedy\n|raw|jed54321's rating: 1473 &rarr; <strong>1462</strong><br />(-11 for losing)\n|raw|roykeenkennedy's rating: 1648 &rarr; <strong>1659</strong><br />(+11 for winning)\n|l|\u2606jed54321\n|player|p1|\n|l|\u2606roykeenkennedy\n|player|p2|\n","uploadtime":1776870880,"views":14,"formatid":"gen9vgc2026regi","rating":1462,"private":0,"password":null}