{"id":"gen9vgc2026regi-2561780221","format":"[Gen 9] VGC 2026 Reg I","players":["pzyxhic","Daleg"],"log":"|j|\u2606pzyxhic\n|j|\u2606Daleg\n|t:|1773842950\n|gametype|doubles\n|player|p1|pzyxhic|101|1380\n|player|p2|Daleg|266|1482\n|gen|9\n|tier|[Gen 9] VGC 2026 Reg I\n|rated|\n|rule|Species Clause: Limit one of each Pok\u00e9mon\n|rule|Item Clause: Limit 1 of each item\n|clearpoke\n|poke|p1|Giratina-Origin, L50|\n|poke|p1|Zamazenta-*, L50|\n|poke|p1|Incineroar, L50, F|\n|poke|p1|Amoonguss, L50, F|\n|poke|p1|Urshifu-*, L50, F|\n|poke|p1|Grimmsnarl, L50, M|\n|poke|p2|Chien-Pao, L50|\n|poke|p2|Zamazenta-*, L50|\n|poke|p2|Miraidon, L50|\n|poke|p2|Landorus, L50, M|\n|poke|p2|Grimmsnarl, L50, M|\n|poke|p2|Ceruledge, L50, M|\n|teampreview|4\n|\n|t:|1773843006\n|teamsize|p1|4\n|teamsize|p2|4\n|start\n|switch|p1a: Incineroar|Incineroar, L50, F|100/100\n|switch|p1b: Urshifu|Urshifu-Rapid-Strike, L50, F|100/100\n|switch|p2a: Zamazenta|Zamazenta-Crowned, L50|100/100\n|switch|p2b: Miraidon|Miraidon, L50|100/100\n|-fieldstart|move: Electric Terrain|[from] ability: Hadron Engine|[of] p2b: Miraidon\n|-ability|p2a: Zamazenta|Dauntless Shield|boost\n|-boost|p2a: Zamazenta|def|1\n|-ability|p1a: Incineroar|Intimidate|boost\n|-unboost|p2a: Zamazenta|atk|1\n|-unboost|p2b: Miraidon|atk|1\n|turn|1\n|j| Winieska Rambulera\n|inactive|Battle timer is ON: inactive players will automatically lose when time's up. (requested by Daleg)\n|inactive|Daleg has 60 seconds left.\n|\n|t:|1773843046\n|switch|p1a: Giratina|Giratina-Origin, L50|100/100\n|-terastallize|p2a: Zamazenta|Grass\n|move|p1b: Urshifu|U-turn|p2b: Miraidon\n|-damage|p2b: Miraidon|81/100\n|\n|t:|1773843054\n|switch|p1b: Incineroar|Incineroar, L50, F|100/100|[from] U-turn\n|-ability|p1b: Incineroar|Intimidate|boost\n|-unboost|p2a: Zamazenta|atk|1\n|-unboost|p2b: Miraidon|atk|1\n|move|p2b: Miraidon|Electro Drift|p1b: Incineroar\n|-damage|p1b: Incineroar|53/100\n|move|p2a: Zamazenta|Body Press|p1a: Giratina\n|-immune|p1a: Giratina\n|\n|upkeep\n|turn|2\n|\n|t:|1773843077\n|move|p1b: Incineroar|Fake Out|p2a: Zamazenta\n|-damage|p2a: Zamazenta|96/100\n|move|p2b: Miraidon|Snarl|p1b: Incineroar|[spread] p1a,p1b\n|-supereffective|p1a: Giratina\n|-resisted|p1b: Incineroar\n|-damage|p1a: Giratina|78/100\n|-damage|p1b: Incineroar|49/100\n|-unboost|p1a: Giratina|spa|1\n|-unboost|p1b: Incineroar|spa|1\n|cant|p2a: Zamazenta|flinch\n|move|p1a: Giratina|Poltergeist|p2b: Miraidon\n|-activate|p2b: Miraidon|move: Poltergeist|Assault Vest\n|-damage|p2b: Miraidon|27/100\n|\n|upkeep\n|turn|3\n|inactive|pzyxhic has 30 seconds left.\n|inactive|Daleg has 30 seconds left.\n|inactive|pzyxhic has 20 seconds left.\n|inactive|pzyxhic has 15 seconds left.\n|\n|t:|1773843121\n|switch|p1b: Urshifu|Urshifu-Rapid-Strike, L50, F|100/100\n|move|p2b: Miraidon|Volt Switch|p1b: Urshifu\n|-supereffective|p1b: Urshifu\n|-damage|p1b: Urshifu|0 fnt\n|faint|p1b: Urshifu\n|\n|t:|1773843130\n|switch|p2b: Landorus|Landorus, L50, M|100/100|[from] Volt Switch\n|move|p2a: Zamazenta|Body Press|p1a: Giratina\n|-immune|p1a: Giratina\n|move|p1a: Giratina|Breaking Swipe|p2a: Zamazenta|[spread] p2a,p2b\n|-damage|p2a: Zamazenta|85/100\n|-damage|p2b: Landorus|68/100\n|-unboost|p2a: Zamazenta|atk|1\n|-unboost|p2b: Landorus|atk|1\n|\n|upkeep\n|\n|t:|1773843147\n|switch|p1b: Zamazenta|Zamazenta-Crowned, L50|100/100\n|-ability|p1b: Zamazenta|Dauntless Shield|boost\n|-boost|p1b: Zamazenta|def|1\n|turn|4\n|\n|t:|1773843164\n|-terastallize|p1b: Zamazenta|Dragon\n|move|p2b: Landorus|Earth Power|p1b: Zamazenta\n|-damage|p1b: Zamazenta|58/100\n|move|p2a: Zamazenta|Iron Defense|p2a: Zamazenta\n|-boost|p2a: Zamazenta|def|2\n|move|p1b: Zamazenta|Coaching|p1a: Giratina\n|-boost|p1a: Giratina|atk|1\n|-boost|p1a: Giratina|def|1\n|move|p1a: Giratina|Poltergeist|p2b: Landorus\n|-activate|p2b: Landorus|move: Poltergeist|Choice Scarf\n|-damage|p2b: Landorus|0 fnt\n|faint|p2b: Landorus\n|\n|upkeep\n|inactive|Daleg has 30 seconds left.\n|\n|t:|1773843197\n|switch|p2b: Miraidon|Miraidon, L50|27/100\n|-activate|p2b: Miraidon|ability: Hadron Engine\n|turn|5\n|\n|t:|1773843212\n|move|p1b: Zamazenta|Protect|p1b: Zamazenta\n|-singleturn|p1b: Zamazenta|Protect\n|move|p1a: Giratina|Protect|p1a: Giratina\n|-singleturn|p1a: Giratina|Protect\n|move|p2b: Miraidon|Dazzling Gleam|p1b: Zamazenta|[spread] \n|-activate|p1a: Giratina|move: Protect\n|-activate|p1b: Zamazenta|move: Protect\n|move|p2a: Zamazenta|Body Press|p1b: Zamazenta\n|-activate|p1b: Zamazenta|move: Protect\n|\n|-fieldend|move: Electric Terrain\n|upkeep\n|turn|6\n|inactive|Daleg has 30 seconds left.\n|\n|t:|1773843240\n|move|p1a: Giratina|Shadow Sneak|p2b: Miraidon\n|-damage|p2b: Miraidon|0 fnt\n|faint|p2b: Miraidon\n|move|p2a: Zamazenta|Body Press|p1b: Zamazenta\n|-damage|p1b: Zamazenta|19/100\n|move|p1b: Zamazenta|Coaching|p1a: Giratina\n|-boost|p1a: Giratina|atk|1\n|-boost|p1a: Giratina|def|1\n|\n|upkeep\n|\n|t:|1773843248\n|switch|p2b: Ceruledge|Ceruledge, L50, M|100/100\n|turn|7\n|\n|t:|1773843272\n|move|p1b: Zamazenta|Protect|p1b: Zamazenta\n|-singleturn|p1b: Zamazenta|Protect\n|move|p2b: Ceruledge|Protect|p2b: Ceruledge\n|-singleturn|p2b: Ceruledge|Protect\n|move|p1a: Giratina|Shadow Sneak|p2b: Ceruledge\n|-activate|p2b: Ceruledge|move: Protect\n|move|p2a: Zamazenta|Body Press|p1b: Zamazenta\n|-activate|p1b: Zamazenta|move: Protect\n|\n|upkeep\n|turn|8\n|inactive|Daleg has 30 seconds left.\n|\n|t:|1773843299\n|move|p1a: Giratina|Shadow Sneak|p2b: Ceruledge\n|-supereffective|p2b: Ceruledge\n|-damage|p2b: Ceruledge|0 fnt\n|faint|p2b: Ceruledge\n|move|p2a: Zamazenta|Body Press|p1b: Zamazenta\n|-damage|p1b: Zamazenta|0 fnt\n|faint|p1b: Zamazenta\n|\n|upkeep\n|\n|t:|1773843307\n|switch|p1b: Incineroar|Incineroar, L50, F|49/100\n|-ability|p1b: Incineroar|Intimidate|boost\n|-unboost|p2a: Zamazenta|atk|1\n|turn|9\n|\n|t:|1773843323\n|move|p1b: Incineroar|Fake Out|p2a: Zamazenta\n|-damage|p2a: Zamazenta|81/100\n|cant|p2a: Zamazenta|flinch\n|move|p1a: Giratina|Poltergeist|p2a: Zamazenta\n|-activate|p2a: Zamazenta|move: Poltergeist|Rusted Shield\n|-damage|p2a: Zamazenta|49/100\n|\n|upkeep\n|turn|10\n|\n|t:|1773843337\n|move|p2a: Zamazenta|Body Press|p1b: Incineroar\n|-supereffective|p1b: Incineroar\n|-damage|p1b: Incineroar|0 fnt\n|faint|p1b: Incineroar\n|move|p1a: Giratina|Poltergeist|p2a: Zamazenta\n|-activate|p2a: Zamazenta|move: Poltergeist|Rusted Shield\n|-damage|p2a: Zamazenta|14/100\n|\n|upkeep\n|turn|11\n|\n|t:|1773843346\n|move|p2a: Zamazenta|Behemoth Bash|p1a: Giratina\n|-damage|p1a: Giratina|73/100\n|move|p1a: Giratina|Breaking Swipe|p2a: Zamazenta\n|-damage|p2a: Zamazenta|0 fnt\n|faint|p2a: Zamazenta\n|\n|win|pzyxhic\n|raw|pzyxhic's rating: 1380 &rarr; <strong>1406</strong><br />(+26 for winning)\n|raw|Daleg's rating: 1482 &rarr; <strong>1456</strong><br />(-26 for losing)\n|l|\u2606Daleg\n|player|p2|\n|l|\u2606pzyxhic\n|player|p1|\n|l| Winieska Rambulera\n","uploadtime":1773843485,"views":13,"formatid":"gen9vgc2026regi","rating":1406,"private":0,"password":null}