{"id":"gen9vgc2026regi-2552114328","format":"[Gen 9] VGC 2026 Reg I","players":["lior97h","Cello L."],"log":"|j|\u2606lior97h\n|j|\u2606Cello L.\n|t:|1772677150\n|gametype|doubles\n|player|p1|lior97h|lucas|1413\n|player|p2|Cello L.|psychic-gen4|1474\n|gen|9\n|tier|[Gen 9] VGC 2026 Reg I\n|rated|\n|rule|Species Clause: Limit one of each Pok\u00e9mon\n|rule|Item Clause: Limit 1 of each item\n|clearpoke\n|poke|p1|Zamazenta-*, L50|\n|poke|p1|Gengar, L50, F|\n|poke|p1|Whimsicott, L50, M|\n|poke|p1|Calyrex-Shadow, L50|\n|poke|p1|Sableye, L50, M|\n|poke|p1|Smeargle, L50, M|\n|poke|p2|Calyrex-Shadow, L50|\n|poke|p2|Zamazenta-*, L50|\n|poke|p2|Raging Bolt, L50|\n|poke|p2|Rillaboom, L50, M|\n|poke|p2|Incineroar, L50, M|\n|poke|p2|Amoonguss, L50, F|\n|teampreview|4\n|inactive|Battle timer is ON: inactive players will automatically lose when time's up. (requested by lior97h)\n|j| Xav_ORCA\n|\n|t:|1772677176\n|teamsize|p1|4\n|teamsize|p2|4\n|start\n|switch|p1a: Sableye|Sableye, L50, M|100/100\n|switch|p1b: Zamazenta|Zamazenta-Crowned, L50|100/100\n|switch|p2a: Zamazenta|Zamazenta-Crowned, L50|100/100\n|switch|p2b: Amoonguss|Amoonguss, L50, F|100/100\n|-ability|p2a: Zamazenta|Dauntless Shield|boost\n|-boost|p2a: Zamazenta|def|1\n|-ability|p1b: Zamazenta|Dauntless Shield|boost\n|-boost|p1b: Zamazenta|def|1\n|turn|1\n|inactive|lior97h has 30 seconds left.\n|\n|t:|1772677207\n|move|p2a: Zamazenta|Protect|p2a: Zamazenta\n|-singleturn|p2a: Zamazenta|Protect\n|move|p1b: Zamazenta|Protect|p1b: Zamazenta\n|-singleturn|p1b: Zamazenta|Protect\n|move|p1a: Sableye|Fake Out|p2a: Zamazenta\n|-activate|p2a: Zamazenta|move: Protect\n|move|p2b: Amoonguss|Spore|p1a: Sableye\n|-status|p1a: Sableye|slp|[from] move: Spore\n|\n|upkeep\n|turn|2\n|\n|t:|1772677226\n|switch|p1b: Whimsicott|Whimsicott, L50, M|100/100\n|move|p2b: Amoonguss|Rage Powder|p2b: Amoonguss\n|-singleturn|p2b: Amoonguss|move: Rage Powder\n|cant|p1a: Sableye|slp\n|move|p2a: Zamazenta|Body Press|p1b: Whimsicott\n|-resisted|p1b: Whimsicott\n|-damage|p1b: Whimsicott|46/100\n|\n|upkeep\n|turn|3\n|\n|t:|1772677240\n|move|p1b: Whimsicott|Tailwind|p1b: Whimsicott\n|-sidestart|p1: lior97h|move: Tailwind\n|cant|p1a: Sableye|slp\n|move|p2a: Zamazenta|Body Press|p1b: Whimsicott\n|-resisted|p1b: Whimsicott\n|-damage|p1b: Whimsicott|0 fnt\n|faint|p1b: Whimsicott\n|move|p2b: Amoonguss|Spore|p1a: Sableye\n|-fail|p1a: Sableye|slp\n|\n|upkeep\n|\n|t:|1772677255\n|switch|p1b: Zamazenta|Zamazenta-Crowned, L50|100/100\n|turn|4\n|\n|t:|1772677265\n|move|p1b: Zamazenta|Protect|p1b: Zamazenta\n|-singleturn|p1b: Zamazenta|Protect\n|-curestatus|p1a: Sableye|slp|[msg]\n|move|p1a: Sableye|Disable|p2b: Amoonguss\n|-start|p2b: Amoonguss|Disable|Spore\n|move|p2a: Zamazenta|Body Press|p1b: Zamazenta\n|-activate|p1b: Zamazenta|move: Protect\n|cant|p2b: Amoonguss|Disable|Spore\n|\n|upkeep\n|turn|5\n|inactive|lior97h has 30 seconds left.\n|\n|t:|1772677297\n|-terastallize|p1b: Zamazenta|Fighting\n|move|p2b: Amoonguss|Rage Powder|p2b: Amoonguss\n|-singleturn|p2b: Amoonguss|move: Rage Powder\n|move|p1a: Sableye|Disable||[still]\n|-fail|p1a: Sableye\n|move|p1b: Zamazenta|Iron Defense|p1b: Zamazenta\n|-boost|p1b: Zamazenta|def|2\n|move|p2a: Zamazenta|Body Press|p1b: Zamazenta\n|-damage|p1b: Zamazenta|77/100\n|\n|upkeep\n|turn|6\n|\n|t:|1772677320\n|switch|p1a: Calyrex|Calyrex-Shadow, L50|100/100\n|-ability|p1a: Calyrex|As One\n|-ability|p1a: Calyrex|Unnerve\n|move|p2b: Amoonguss|Rage Powder|p2b: Amoonguss\n|-singleturn|p2b: Amoonguss|move: Rage Powder\n|move|p1b: Zamazenta|Body Press|p2b: Amoonguss\n|-resisted|p2b: Amoonguss\n|-damage|p2b: Amoonguss|49/100\n|-damage|p1b: Zamazenta|61/100|[from] item: Rocky Helmet|[of] p2b: Amoonguss\n|move|p2a: Zamazenta|Heavy Slam|p1a: Calyrex\n|-damage|p1a: Calyrex|45/100\n|\n|-sideend|p1: lior97h|move: Tailwind\n|upkeep\n|turn|7\n|inactive|Cello L. has 30 seconds left.\n|\n|t:|1772677348\n|-terastallize|p2a: Zamazenta|Water\n|move|p1a: Calyrex|Astral Barrage|p2a: Zamazenta|[spread] p2a,p2b\n|-damage|p2a: Zamazenta|58/100\n|-damage|p2b: Amoonguss|2/100\n|move|p2a: Zamazenta|Heavy Slam|p1a: Calyrex\n|-damage|p1a: Calyrex|0 fnt\n|faint|p1a: Calyrex\n|move|p1b: Zamazenta|Body Press|p2a: Zamazenta\n|-crit|p2a: Zamazenta\n|-damage|p2a: Zamazenta|0 fnt\n|faint|p2a: Zamazenta\n|move|p2b: Amoonguss|Sludge Bomb|p1b: Zamazenta\n|-damage|p1b: Zamazenta|42/100\n|\n|-end|p2b: Amoonguss|Disable\n|upkeep\n|\n|t:|1772677369\n|switch|p1a: Sableye|Sableye, L50, M|100/100\n|switch|p2a: Calyrex|Calyrex-Shadow, L50|100/100\n|-ability|p2a: Calyrex|As One\n|-ability|p2a: Calyrex|Unnerve\n|turn|8\n|\n|t:|1772677381\n|move|p2a: Calyrex|Protect|p2a: Calyrex\n|-singleturn|p2a: Calyrex|Protect\n|move|p1b: Zamazenta|Protect|p1b: Zamazenta\n|-singleturn|p1b: Zamazenta|Protect\n|move|p2b: Amoonguss|Protect|p2b: Amoonguss\n|-singleturn|p2b: Amoonguss|Protect\n|move|p1a: Sableye|Fake Out|p2b: Amoonguss\n|-activate|p2b: Amoonguss|move: Protect\n|\n|upkeep\n|turn|9\n|\n|t:|1772677394\n|move|p2b: Amoonguss|Rage Powder|p2b: Amoonguss\n|-singleturn|p2b: Amoonguss|move: Rage Powder\n|move|p1a: Sableye|Encore|p2b: Amoonguss\n|-start|p2b: Amoonguss|Encore\n|move|p2a: Calyrex|Astral Barrage|p1a: Sableye|[spread] p1a,p1b\n|-damage|p1a: Sableye|1/100\n|-damage|p1b: Zamazenta|0 fnt\n|faint|p1b: Zamazenta\n|-ability|p2a: Calyrex|Grim Neigh|boost\n|-boost|p2a: Calyrex|spa|1\n|-damage|p2a: Calyrex|91/100|[from] item: Life Orb\n|\n|upkeep\n|turn|10\n|-message|lior97h forfeited.\n|\n|win|Cello L.\n|raw|lior97h's rating: 1413 &rarr; <strong>1396</strong><br />(-17 for losing)\n|raw|Cello L.'s rating: 1474 &rarr; <strong>1491</strong><br />(+17 for winning)\n|l|\u2606Cello L.\n|player|p2|\n|l| Xav_ORCA\n","uploadtime":1772677422,"views":12,"formatid":"gen9vgc2026regi","rating":1396,"private":0,"password":null}