{"id":"gen9vgc2026regi-2560210514","format":"[Gen 9] VGC 2026 Reg I","players":["TinoD","TheNamesBetty"],"log":"|j|\u2606TinoD\n|j|\u2606TheNamesBetty\n|t:|1773666612\n|gametype|doubles\n|player|p1|TinoD|preschooler|1245\n|player|p2|TheNamesBetty|koga|1241\n|gen|9\n|tier|[Gen 9] VGC 2026 Reg I\n|rated|\n|rule|Species Clause: Limit one of each Pok\u00e9mon\n|rule|Item Clause: Limit 1 of each item\n|clearpoke\n|poke|p1|Calyrex-Ice, L50|\n|poke|p1|Ting-Lu, L50|\n|poke|p1|Miraidon, L50|\n|poke|p1|Urshifu-*, L50, F|\n|poke|p1|Tornadus, L50, M|\n|poke|p1|Incineroar, L50, M|\n|poke|p2|Eternatus, L50|\n|poke|p2|Ho-Oh, L50|\n|poke|p2|Gastrodon, L50, F|\n|poke|p2|Grimmsnarl, L50, M|\n|poke|p2|Ting-Lu, L50|\n|poke|p2|Rhydon, L50, M|\n|teampreview|4\n|inactive|Battle timer is ON: inactive players will automatically lose when time's up. (requested by TinoD)\nTheNamesBetty has agreed to open team sheets.\n|inactive|TheNamesBetty has 60 seconds left.\n|\n|t:|1773666659\n|teamsize|p1|4\n|teamsize|p2|4\n|start\n|switch|p1a: Incineroar|Incineroar, L50, M|100/100\n|switch|p1b: Ting-Lu|Ting-Lu, L50|100/100\n|switch|p2a: Ptakopysk|Eternatus, L50|100/100\n|switch|p2b: Kret\u00e9n Pojeban\u00fd|Grimmsnarl, L50, M|100/100\n|-ability|p2a: Ptakopysk|Pressure\n|-ability|p1a: Incineroar|Intimidate|boost\n|-unboost|p2a: Ptakopysk|atk|1\n|-unboost|p2b: Kret\u00e9n Pojeban\u00fd|atk|1\n|-ability|p1b: Ting-Lu|Vessel of Ruin\n|turn|1\n|\n|t:|1773666668\n|move|p1a: Incineroar|Fake Out|p2a: Ptakopysk\n|-damage|p2a: Ptakopysk|93/100\n|move|p2b: Kret\u00e9n Pojeban\u00fd|Reflect|p2b: Kret\u00e9n Pojeban\u00fd\n|-sidestart|p2: TheNamesBetty|Reflect\n|cant|p2a: Ptakopysk|flinch\n|move|p1b: Ting-Lu|Sand Tomb|p2a: Ptakopysk\n|-supereffective|p2a: Ptakopysk\n|-damage|p2a: Ptakopysk|81/100\n|-activate|p2a: Ptakopysk|move: Sand Tomb|[of] p1b: Ting-Lu\n|\n|-damage|p2a: Ptakopysk|69/100|[from] move: Sand Tomb|[partiallytrapped]\n|upkeep\n|turn|2\n|\n|t:|1773666682\n|move|p2a: Ptakopysk|Cosmic Power|p2a: Ptakopysk\n|-boost|p2a: Ptakopysk|def|1\n|-boost|p2a: Ptakopysk|spd|1\n|move|p1a: Incineroar|Knock Off|p2a: Ptakopysk\n|-damage|p2a: Ptakopysk|56/100\n|-enditem|p2a: Ptakopysk|Safety Goggles|[from] move: Knock Off|[of] p1a: Incineroar\n|move|p2b: Kret\u00e9n Pojeban\u00fd|Foul Play|p1b: Ting-Lu\n|-resisted|p1b: Ting-Lu\n|-damage|p1b: Ting-Lu|92/100\n|move|p1b: Ting-Lu|Sand Tomb|p2b: Kret\u00e9n Pojeban\u00fd\n|-damage|p2b: Kret\u00e9n Pojeban\u00fd|92/100\n|-activate|p2b: Kret\u00e9n Pojeban\u00fd|move: Sand Tomb|[of] p1b: Ting-Lu\n|\n|-damage|p2a: Ptakopysk|44/100|[from] move: Sand Tomb|[partiallytrapped]\n|-damage|p2b: Kret\u00e9n Pojeban\u00fd|80/100|[from] move: Sand Tomb|[partiallytrapped]\n|upkeep\n|turn|3\n|\n|t:|1773666699\n|move|p2a: Ptakopysk|Recover|p2a: Ptakopysk\n|-heal|p2a: Ptakopysk|94/100\n|move|p1a: Incineroar|U-turn|p2a: Ptakopysk\n|-resisted|p2a: Ptakopysk\n|-damage|p2a: Ptakopysk|91/100\n|\n|t:|1773666706\n|switch|p1a: Urshifu|Urshifu-Rapid-Strike, L50, F|100/100|[from] U-turn\n|move|p2b: Kret\u00e9n Pojeban\u00fd|Foul Play|p1a: Urshifu\n|-resisted|p1a: Urshifu\n|-damage|p1a: Urshifu|73/100\n|move|p1b: Ting-Lu|Whirlwind|p2a: Ptakopysk\n|drag|p2a: Sajdon|Rhydon, L50, M|100/100\n|\n|-damage|p2b: Kret\u00e9n Pojeban\u00fd|67/100|[from] move: Sand Tomb|[partiallytrapped]\n|upkeep\n|turn|4\n|inactive|TheNamesBetty has 30 seconds left.\n|\n|t:|1773666733\n|-terastallize|p2a: Sajdon|Fairy\n|move|p1a: Urshifu|Surging Strikes|p2a: Sajdon\n|-crit|p2a: Sajdon\n|-damage|p2a: Sajdon|91/100\n|-crit|p2a: Sajdon\n|-damage|p2a: Sajdon|80/100\n|-crit|p2a: Sajdon\n|-damage|p2a: Sajdon|70/100\n|-hitcount|p2a: Sajdon|3\n|move|p2b: Kret\u00e9n Pojeban\u00fd|Foul Play|p1a: Urshifu\n|-resisted|p1a: Urshifu\n|-damage|p1a: Urshifu|50/100\n|move|p1b: Ting-Lu|Sand Tomb|p2a: Sajdon\n|-damage|p2a: Sajdon|65/100\n|-activate|p2a: Sajdon|move: Sand Tomb|[of] p1b: Ting-Lu\n|move|p2a: Sajdon|Counter|p1b: Ting-Lu\n|-damage|p1b: Ting-Lu|85/100\n|\n|-damage|p2b: Kret\u00e9n Pojeban\u00fd|55/100|[from] move: Sand Tomb|[partiallytrapped]\n|-damage|p2a: Sajdon|53/100|[from] move: Sand Tomb|[partiallytrapped]\n|upkeep\n|turn|5\n|inactive|TinoD has 30 seconds left.\n|inactive|TheNamesBetty has 30 seconds left.\n|\n|t:|1773666761\n|switch|p1a: Incineroar|Incineroar, L50, M|100/100\n|-ability|p1a: Incineroar|Intimidate|boost\n|-unboost|p2a: Sajdon|atk|1\n|-unboost|p2b: Kret\u00e9n Pojeban\u00fd|atk|1\n|move|p2b: Kret\u00e9n Pojeban\u00fd|Foul Play|p1a: Incineroar\n|-resisted|p1a: Incineroar\n|-damage|p1a: Incineroar|87/100\n|move|p1b: Ting-Lu|Sand Tomb|p2a: Sajdon\n|-damage|p2a: Sajdon|49/100\n|move|p2a: Sajdon|High Horsepower|p1a: Incineroar\n|-supereffective|p1a: Incineroar\n|-damage|p1a: Incineroar|50/100\n|\n|-damage|p2b: Kret\u00e9n Pojeban\u00fd|42/100|[from] move: Sand Tomb|[partiallytrapped]\n|-damage|p2a: Sajdon|36/100|[from] move: Sand Tomb|[partiallytrapped]\n|upkeep\n|turn|6\n|\n|t:|1773666784\n|move|p2a: Sajdon|Protect|p2a: Sajdon\n|-singleturn|p2a: Sajdon|Protect\n|move|p1a: Incineroar|Fake Out|p2a: Sajdon\n|-activate|p2a: Sajdon|move: Protect\n|move|p2b: Kret\u00e9n Pojeban\u00fd|Foul Play|p1a: Incineroar\n|-resisted|p1a: Incineroar\n|-damage|p1a: Incineroar|38/100\n|move|p1b: Ting-Lu|Sand Tomb|p2a: Sajdon\n|-activate|p2a: Sajdon|move: Protect\n|\n|-damage|p2b: Kret\u00e9n Pojeban\u00fd|30/100|[from] move: Sand Tomb|[partiallytrapped]\n|-damage|p2a: Sajdon|24/100|[from] move: Sand Tomb|[partiallytrapped]\n|upkeep\n|turn|7\n|\n|t:|1773666807\n|move|p1a: Incineroar|Knock Off|p2a: Sajdon\n|-resisted|p2a: Sajdon\n|-damage|p2a: Sajdon|18/100\n|-enditem|p2a: Sajdon|Eviolite|[from] move: Knock Off|[of] p1a: Incineroar\n|move|p2b: Kret\u00e9n Pojeban\u00fd|Foul Play|p1a: Incineroar\n|-resisted|p1a: Incineroar\n|-damage|p1a: Incineroar|26/100\n|move|p2a: Sajdon|High Horsepower|p1a: Incineroar\n|-supereffective|p1a: Incineroar\n|-damage|p1a: Incineroar|0 fnt\n|faint|p1a: Incineroar\n|move|p1b: Ting-Lu|Whirlwind|p2a: Sajdon\n|drag|p2a: Ptakopysk|Eternatus, L50|91/100\n|-ability|p2a: Ptakopysk|Pressure\n|\n|-end|p2b: Kret\u00e9n Pojeban\u00fd|Sand Tomb|[partiallytrapped]\n|upkeep\n|\n|t:|1773666819\n|switch|p1a: Calyrex|Calyrex-Ice, L50|100/100\n|-ability|p1a: Calyrex|As One\n|-ability|p1a: Calyrex|Unnerve\n|turn|8\n|\n|t:|1773666828\n|move|p2a: Ptakopysk|Cosmic Power|p2a: Ptakopysk\n|-boost|p2a: Ptakopysk|def|1\n|-boost|p2a: Ptakopysk|spd|1\n|move|p1a: Calyrex|Glacial Lance|p2a: Ptakopysk|[spread] p2a,p2b\n|-supereffective|p2a: Ptakopysk\n|-damage|p2a: Ptakopysk|57/100\n|-damage|p2b: Kret\u00e9n Pojeban\u00fd|2/100\n|move|p2b: Kret\u00e9n Pojeban\u00fd|Foul Play|p1a: Calyrex\n|-supereffective|p1a: Calyrex\n|-damage|p1a: Calyrex|26/100\n|move|p1b: Ting-Lu|Sand Tomb|p2a: Ptakopysk\n|-supereffective|p2a: Ptakopysk\n|-damage|p2a: Ptakopysk|48/100\n|-activate|p2a: Ptakopysk|move: Sand Tomb|[of] p1b: Ting-Lu\n|\n|-damage|p2a: Ptakopysk|36/100|[from] move: Sand Tomb|[partiallytrapped]\n|-sideend|p2: TheNamesBetty|Reflect\n|upkeep\n|turn|9\n|inactive|TinoD has 30 seconds left.\n|\n|t:|1773666854\n|move|p2b: Kret\u00e9n Pojeban\u00fd|Reflect|p2b: Kret\u00e9n Pojeban\u00fd\n|-sidestart|p2: TheNamesBetty|Reflect\n|move|p2a: Ptakopysk|Recover|p2a: Ptakopysk\n|-heal|p2a: Ptakopysk|86/100\n|move|p1a: Calyrex|Glacial Lance|p2a: Ptakopysk|[spread] p2a,p2b\n|-supereffective|p2a: Ptakopysk\n|-damage|p2a: Ptakopysk|55/100\n|-damage|p2b: Kret\u00e9n Pojeban\u00fd|0 fnt\n|faint|p2b: Kret\u00e9n Pojeban\u00fd\n|-ability|p1a: Calyrex|Chilling Neigh|boost\n|-boost|p1a: Calyrex|atk|1\n|move|p1b: Ting-Lu|Whirlwind|p2a: Ptakopysk\n|drag|p2a: H\u00fa h\u00fa|Ho-Oh, L50|100/100\n|\n|upkeep\n|\n|t:|1773666869\n|switch|p2b: Ptakopysk|Eternatus, L50|55/100\n|-ability|p2b: Ptakopysk|Pressure\n|turn|10\n|\n|t:|1773666883\n|move|p1a: Calyrex|Protect|p1a: Calyrex\n|-singleturn|p1a: Calyrex|Protect\n|move|p2b: Ptakopysk|Sludge Wave|p1b: Ting-Lu|[spread] p2a,p1b\n|-activate|p1a: Calyrex|move: Protect\n|-crit|p2a: H\u00fa h\u00fa\n|-resisted|p1b: Ting-Lu\n|-damage|p2a: H\u00fa h\u00fa|80/100\n|-damage|p1b: Ting-Lu|75/100\n|-status|p2a: H\u00fa h\u00fa|psn\n|move|p2a: H\u00fa h\u00fa|Sacred Fire|p1b: Ting-Lu\n|-damage|p1b: Ting-Lu|55/100\n|move|p1b: Ting-Lu|Whirlwind|p2a: H\u00fa h\u00fa\n|drag|p2a: Sajdon|Rhydon, L50, M, tera:Fairy|18/100\n|\n|upkeep\n|turn|11\n|\n|t:|1773666904\n|move|p2a: Sajdon|Protect|p2a: Sajdon\n|-singleturn|p2a: Sajdon|Protect\n|move|p2b: Ptakopysk|Sludge Wave|p1b: Ting-Lu|[spread] p1a,p1b\n|-activate|p2a: Sajdon|move: Protect\n|-resisted|p1b: Ting-Lu\n|-damage|p1a: Calyrex|6/100\n|-damage|p1b: Ting-Lu|46/100\n|-enditem|p1b: Ting-Lu|Sitrus Berry|[eat]\n|-heal|p1b: Ting-Lu|71/100|[from] item: Sitrus Berry\n|move|p1a: Calyrex|Glacial Lance|p2a: Sajdon|[spread] p2b\n|-activate|p2a: Sajdon|move: Protect\n|-supereffective|p2b: Ptakopysk\n|-damage|p2b: Ptakopysk|0 fnt\n|faint|p2b: Ptakopysk\n|-ability|p1a: Calyrex|Chilling Neigh|boost\n|-boost|p1a: Calyrex|atk|1\n|move|p1b: Ting-Lu|Sand Tomb|p2a: Sajdon\n|-activate|p2a: Sajdon|move: Protect\n|\n|upkeep\n|\n|t:|1773666913\n|switch|p2b: H\u00fa h\u00fa|Ho-Oh, L50|100/100 psn\n|turn|12\n|\n|t:|1773666923\n|move|p1a: Calyrex|Glacial Lance|p2b: H\u00fa h\u00fa|[spread] p2a,p2b\n|-damage|p2a: Sajdon|0 fnt\n|-damage|p2b: H\u00fa h\u00fa|49/100 psn\n|faint|p2a: Sajdon\n|-ability|p1a: Calyrex|Chilling Neigh|boost\n|-boost|p1a: Calyrex|atk|1\n|move|p2b: H\u00fa h\u00fa|Sacred Fire|p1b: Ting-Lu\n|-damage|p1b: Ting-Lu|50/100\n|-status|p1b: Ting-Lu|brn\n|move|p1b: Ting-Lu|Sand Tomb|p2b: H\u00fa h\u00fa\n|-immune|p2b: H\u00fa h\u00fa\n|\n|-damage|p2b: H\u00fa h\u00fa|37/100 psn|[from] psn\n|-damage|p1b: Ting-Lu|44/100 brn|[from] brn\n|upkeep\n|turn|13\n|\n|t:|1773666938\n|move|p1a: Calyrex|Glacial Lance|p2b: H\u00fa h\u00fa\n|-damage|p2b: H\u00fa h\u00fa|0 fnt\n|faint|p2b: H\u00fa h\u00fa\n|\n|win|TinoD\n|raw|TinoD's rating: 1245 &rarr; <strong>1270</strong><br />(+25 for winning)\n|raw|TheNamesBetty's rating: 1241 &rarr; <strong>1216</strong><br />(-25 for losing)\n|l|\u2606TheNamesBetty\n|player|p2|\n","uploadtime":1773667175,"views":16,"formatid":"gen9vgc2026regi","rating":1216,"private":0,"password":null}