{"id":"gen9vgc2026regi-2538187537","format":"[Gen 9] VGC 2026 Reg I","players":["blackred123","ColonelSquid"],"log":"|j|\u2606blackred123\n|j|\u2606ColonelSquid\n|t:|1770904265\n|gametype|doubles\n|player|p1|blackred123|iono-masters|1442\n|player|p2|ColonelSquid|169|1437\n|gen|9\n|tier|[Gen 9] VGC 2026 Reg I\n|rated|\n|rule|Species Clause: Limit one of each Pok\u00e9mon\n|rule|Item Clause: Limit 1 of each item\n|clearpoke\n|poke|p1|Calyrex-Shadow, L50|\n|poke|p1|Zamazenta-*, L50|\n|poke|p1|Roaring Moon, L50|\n|poke|p1|Maushold-Four, L50|\n|poke|p1|Weezing, L50, M|\n|poke|p1|Amoonguss, L50, F|\n|poke|p2|Smeargle, L50, F|\n|poke|p2|Calyrex-Ice, L50|\n|poke|p2|Lunala, L50|\n|poke|p2|Indeedee-F, L50, F|\n|poke|p2|Raging Bolt, L50|\n|poke|p2|Urshifu-*, L50, M|\n|teampreview|4\n|inactive|Battle timer is ON: inactive players will automatically lose when time's up. (requested by ColonelSquid)\n|inactive|blackred123 also wants the timer to be on.\n|\n|t:|1770904284\n|teamsize|p1|4\n|teamsize|p2|4\n|start\n|switch|p1a: Roaring Moon|Roaring Moon, L50, shiny|100/100\n|switch|p1b: Zamazenta|Zamazenta-Crowned, L50|100/100\n|switch|p2a: Calyrex|Calyrex-Ice, L50|100/100\n|switch|p2b: Smeargle|Smeargle, L50, F|100/100\n|-ability|p2a: Calyrex|As One\n|-ability|p2a: Calyrex|Unnerve\n|-ability|p1b: Zamazenta|Dauntless Shield|boost\n|-boost|p1b: Zamazenta|def|1\n|-enditem|p1a: Roaring Moon|Booster Energy\n|-activate|p1a: Roaring Moon|ability: Protosynthesis|[fromitem]\n|-start|p1a: Roaring Moon|protosynthesisspe\n|turn|1\n|inactive|ColonelSquid has 30 seconds left.\n|inactive|ColonelSquid has 20 seconds left.\n|\n|t:|1770904322\n|-terastallize|p2a: Calyrex|Fire\n|move|p1a: Roaring Moon|Taunt|p2a: Calyrex\n|-start|p2a: Calyrex|move: Taunt\n|move|p1b: Zamazenta|Body Press|p2a: Calyrex\n|-damage|p2a: Calyrex|54/100\n|move|p2b: Smeargle|Decorate|p2a: Calyrex\n|-boost|p2a: Calyrex|atk|2\n|-boost|p2a: Calyrex|spa|2\n|cant|p2a: Calyrex|move: Taunt|Trick Room\n|\n|-ability|p2b: Smeargle|Moody|boost\n|-boost|p2b: Smeargle|spd|2\n|-unboost|p2b: Smeargle|def|1\n|upkeep\n|turn|2\n|inactive|blackred123 has 30 seconds left.\n|inactive|blackred123 has 20 seconds left.\n|inactive|blackred123 has 15 seconds left.\n|inactive|blackred123 has 10 seconds left.\n|\n|t:|1770904370\n|move|p2b: Smeargle|Follow Me|p2b: Smeargle\n|-singleturn|p2b: Smeargle|move: Follow Me\n|move|p1a: Roaring Moon|Knock Off|p2b: Smeargle\n|-enditem|p2b: Smeargle|Focus Sash\n|-damage|p2b: Smeargle|1/100\n|move|p1b: Zamazenta|Body Press|p2b: Smeargle\n|-supereffective|p2b: Smeargle\n|-damage|p2b: Smeargle|0 fnt\n|faint|p2b: Smeargle\n|move|p2a: Calyrex|Close Combat|p1a: Roaring Moon\n|-supereffective|p1a: Roaring Moon\n|-damage|p1a: Roaring Moon|0 fnt\n|-unboost|p2a: Calyrex|def|1\n|-unboost|p2a: Calyrex|spd|1\n|faint|p1a: Roaring Moon\n|-end|p1a: Roaring Moon|Protosynthesis|[silent]\n|-ability|p2a: Calyrex|Chilling Neigh|boost\n|-boost|p2a: Calyrex|atk|1\n|\n|upkeep\n|\n|t:|1770904382\n|switch|p1a: Calyrex|Calyrex-Shadow, L50|100/100\n|switch|p2b: Indeedee|Indeedee-F, L50, F|100/100\n|-ability|p1a: Calyrex|As One\n|-ability|p1a: Calyrex|Unnerve\n|-fieldstart|move: Psychic Terrain|[from] ability: Psychic Surge|[of] p2b: Indeedee\n|turn|3\n|\n|t:|1770904396\n|-terastallize|p1a: Calyrex|Ghost\n|move|p1a: Calyrex|Astral Barrage|p2a: Calyrex|[spread] p2a\n|-immune|p2b: Indeedee\n|-damage|p2a: Calyrex|0 fnt\n|faint|p2a: Calyrex\n|-ability|p1a: Calyrex|Grim Neigh|boost\n|-boost|p1a: Calyrex|spa|1\n|move|p1b: Zamazenta|Body Press|p2b: Indeedee\n|-crit|p2b: Indeedee\n|-damage|p2b: Indeedee|5/100\n|move|p2b: Indeedee|Trick Room|p2b: Indeedee\n|-fieldstart|move: Trick Room|[of] p2b: Indeedee\n|\n|upkeep\n|\n|t:|1770904406\n|switch|p2a: Lunala|Lunala, L50|100/100\n|turn|4\n|inactive|ColonelSquid has 30 seconds left.\n|\n|t:|1770904434\n|switch|p1a: Amoonguss|Amoonguss, L50, F|100/100\n|move|p2b: Indeedee|Psychic|p1b: Zamazenta\n|-damage|p1b: Zamazenta|76/100\n|move|p2a: Lunala|Meteor Beam||[still]\n|-prepare|p2a: Lunala|Meteor Beam\n|-boost|p2a: Lunala|spa|1\n|-enditem|p2a: Lunala|Power Herb\n|-anim|p2a: Lunala|Meteor Beam|p1b: Zamazenta\n|-resisted|p1b: Zamazenta\n|-damage|p1b: Zamazenta|64/100\n|move|p1b: Zamazenta|Body Press|p2b: Indeedee\n|-crit|p2b: Indeedee\n|-damage|p2b: Indeedee|0 fnt\n|faint|p2b: Indeedee\n|\n|upkeep\n|turn|5\n|\n|t:|1770904450\n|move|p1b: Zamazenta|Wide Guard|p1b: Zamazenta\n|-singleturn|p1b: Zamazenta|Wide Guard\n|move|p1a: Amoonguss|Spore|p2a: Lunala\n|-status|p2a: Lunala|slp|[from] move: Spore\n|cant|p2a: Lunala|slp\n|\n|upkeep\n|turn|6\n|\n|t:|1770904458\n|move|p1a: Amoonguss|Pollen Puff|p1b: Zamazenta\n|-heal|p1b: Zamazenta|100/100\n|cant|p2a: Lunala|slp\n|move|p1b: Zamazenta|Heavy Slam|p2a: Lunala\n|-damage|p2a: Lunala|82/100 slp\n|\n|upkeep\n|turn|7\n|\n|t:|1770904467\n|move|p1a: Amoonguss|Protect|p1a: Amoonguss\n|-singleturn|p1a: Amoonguss|Protect\n|cant|p2a: Lunala|slp\n|move|p1b: Zamazenta|Heavy Slam|p2a: Lunala\n|-damage|p2a: Lunala|43/100 slp\n|\n|-fieldend|move: Trick Room\n|-fieldend|move: Psychic Terrain\n|upkeep\n|turn|8\n|\n|t:|1770904477\n|move|p1b: Zamazenta|Heavy Slam|p2a: Lunala\n|-damage|p2a: Lunala|2/100 slp\n|move|p1a: Amoonguss|Pollen Puff|p2a: Lunala\n|-damage|p2a: Lunala|0 fnt\n|faint|p2a: Lunala\n|\n|win|blackred123\n|raw|blackred123's rating: 1442 &rarr; <strong>1462</strong><br />(+20 for winning)\n|raw|ColonelSquid's rating: 1437 &rarr; <strong>1417</strong><br />(-20 for losing)\n|l|\u2606ColonelSquid\n|player|p2|\n|j| Yancy0721\u56fe\u56fe\u72ac\u4fa0\n|l| Yancy0721\u56fe\u56fe\u72ac\u4fa0\n","uploadtime":1770904489,"views":13,"formatid":"gen9vgc2026regi","rating":1417,"private":0,"password":null}