{"id":"gen9vgc2026regi-2522598004","format":"[Gen 9] VGC 2026 Reg I","players":["BanKingambit69247","liam.2025"],"log":"|j|\u2606BanKingambit69247\n|j|\u2606liam.2025\n|t:|1768926582\n|gametype|doubles\n|player|p1|BanKingambit69247|170|1257\n|player|p2|liam.2025|policeman|1448\n|gen|9\n|tier|[Gen 9] VGC 2026 Reg I\n|rated|\n|rule|Species Clause: Limit one of each Pok\u00e9mon\n|rule|Item Clause: Limit 1 of each item\n|clearpoke\n|poke|p1|Calyrex-Ice, L50|\n|poke|p1|Koraidon, L50|\n|poke|p1|Incineroar, L50, M|\n|poke|p1|Rillaboom, L50, M|\n|poke|p1|Chi-Yu, L50|\n|poke|p1|Flutter Mane, L50|\n|poke|p2|Murkrow, L50, F|\n|poke|p2|Weezing-Galar, L50, M|\n|poke|p2|Terapagos, L50, M|\n|poke|p2|Smeargle, L50, F|\n|poke|p2|Calyrex-Ice, L50|\n|poke|p2|Ursaluna, L50, F|\n|teampreview|4\n|inactive|Battle timer is ON: inactive players will automatically lose when time's up. (requested by BanKingambit69247)\n|inactive|BanKingambit69247 has 60 seconds left.\n|\n|t:|1768926633\n|teamsize|p1|4\n|teamsize|p2|4\n|start\n|switch|p1a: Incineroar|Incineroar, L50, M|100/100\n|switch|p1b: Calyrex|Calyrex-Ice, L50|100/100\n|switch|p2a: Murkrow|Murkrow, L50, F|100/100\n|switch|p2b: Calyrex|Calyrex-Ice, L50|100/100\n|-ability|p2b: Calyrex|As One\n|-ability|p2b: Calyrex|Unnerve\n|-ability|p1b: Calyrex|As One\n|-ability|p1b: Calyrex|Unnerve\n|-ability|p1a: Incineroar|Intimidate|boost\n|-unboost|p2a: Murkrow|atk|1\n|-fail|p2b: Calyrex|unboost|[from] item: Clear Amulet|[of] p2b: Calyrex\n|turn|1\n|\n|t:|1768926656\n|move|p2a: Murkrow|Protect|p2a: Murkrow\n|-singleturn|p2a: Murkrow|Protect\n|move|p1b: Calyrex|Protect|p1b: Calyrex\n|-singleturn|p1b: Calyrex|Protect\n|move|p2b: Calyrex|Imprison|p2b: Calyrex\n|-start|p2b: Calyrex|move: Imprison\n|move|p1a: Incineroar|Knock Off|p2b: Calyrex\n|-supereffective|p2b: Calyrex\n|-damage|p2b: Calyrex|54/100\n|-enditem|p2b: Calyrex|Clear Amulet|[from] move: Knock Off|[of] p1a: Incineroar\n|\n|upkeep\n|turn|2\n|inactive|liam.2025 has 30 seconds left.\n|\n|t:|1768926683\n|move|p2a: Murkrow|Tailwind|p2a: Murkrow\n|-sidestart|p2: liam.2025|move: Tailwind\n|move|p2b: Calyrex|Glacial Lance|p1a: Incineroar|[spread] p1a,p1b\n|-resisted|p1a: Incineroar\n|-resisted|p1b: Calyrex\n|-damage|p1a: Incineroar|80/100\n|-damage|p1b: Calyrex|86/100\n|move|p1a: Incineroar|Parting Shot|p2b: Calyrex\n|-unboost|p2b: Calyrex|atk|1\n|-unboost|p2b: Calyrex|spa|1\n|\n|t:|1768926689\n|switch|p1a: Koraidon|Koraidon, L50|100/100|[from] Parting Shot\n|-weather|SunnyDay|[from] ability: Orichalcum Pulse|[of] p1a: Koraidon\n|-activate|p1a: Koraidon|Orichalcum Pulse|[source]\n|move|p1b: Calyrex|Leech Seed|p2b: Calyrex\n|-start|p2b: Calyrex|move: Leech Seed\n|\n|-weather|SunnyDay|[upkeep]\n|-heal|p1b: Calyrex|91/100|[from] item: Leftovers\n|-damage|p2b: Calyrex|42/100|[from] Leech Seed|[of] p1b: Calyrex\n|-heal|p1b: Calyrex|100/100|[silent]\n|upkeep\n|turn|3\n|\n|t:|1768926702\n|move|p1a: Koraidon|Protect|p1a: Koraidon\n|-singleturn|p1a: Koraidon|Protect\n|move|p1b: Calyrex|Protect|p1b: Calyrex\n|-singleturn|p1b: Calyrex|Protect\n|move|p2b: Calyrex|Glacial Lance|p1a: Koraidon|[spread] \n|-activate|p1a: Koraidon|move: Protect\n|-activate|p1b: Calyrex|move: Protect\n|move|p2a: Murkrow|Brave Bird|p1a: Koraidon\n|-activate|p1a: Koraidon|move: Protect\n|\n|-weather|SunnyDay|[upkeep]\n|-damage|p2b: Calyrex|30/100|[from] Leech Seed|[of] p1b: Calyrex\n|upkeep\n|turn|4\n|\n|t:|1768926718\n|-terastallize|p1a: Koraidon|Fire\n|move|p2b: Calyrex|Glacial Lance|p1a: Koraidon|[spread] p1a,p1b\n|-resisted|p1a: Koraidon\n|-resisted|p1b: Calyrex\n|-damage|p1a: Koraidon|86/100\n|-damage|p1b: Calyrex|92/100\n|move|p2a: Murkrow|Brave Bird|p1a: Koraidon\n|-damage|p1a: Koraidon|54/100\n|-damage|p2a: Murkrow|87/100|[from] Recoil\n|move|p1a: Koraidon|Flame Charge|p2a: Murkrow\n|-damage|p2a: Murkrow|0 fnt\n|-boost|p1a: Koraidon|spe|1\n|faint|p2a: Murkrow\n|move|p1b: Calyrex|Leech Seed||[still]\n|-fail|p1b: Calyrex\n|\n|-weather|SunnyDay|[upkeep]\n|-heal|p1b: Calyrex|98/100|[from] item: Leftovers\n|-damage|p2b: Calyrex|18/100|[from] Leech Seed|[of] p1b: Calyrex\n|-heal|p1b: Calyrex|100/100|[silent]\n|upkeep\n|\n|t:|1768926740\n|switch|p2a: Smeargle|Smeargle, L50, F|100/100\n|turn|5\n|\n|t:|1768926754\n|switch|p1b: Incineroar|Incineroar, L50, M|80/100\n|-ability|p1b: Incineroar|Intimidate|boost\n|-fail|p2a: Smeargle|unboost|Attack|[from] ability: Own Tempo|[of] p2a: Smeargle\n|-unboost|p2b: Calyrex|atk|1\n|move|p2a: Smeargle|Feint|p1a: Koraidon\n|-damage|p1a: Koraidon|47/100\n|move|p1a: Koraidon|Flame Charge|p2a: Smeargle\n|-enditem|p2a: Smeargle|Focus Sash\n|-damage|p2a: Smeargle|1/100\n|-boost|p1a: Koraidon|spe|1\n|move|p2b: Calyrex|High Horsepower|p1a: Koraidon\n|-supereffective|p1a: Koraidon\n|-damage|p1a: Koraidon|15/100\n|\n|-weather|SunnyDay|[upkeep]\n|-damage|p2b: Calyrex|6/100|[from] Leech Seed|[of] p1b: Incineroar\n|-heal|p1b: Incineroar|92/100|[silent]\n|-sideend|p2: liam.2025|move: Tailwind\n|upkeep\n|turn|6\n|-message|liam.2025 forfeited.\n|\n|win|BanKingambit69247\n|raw|BanKingambit69247's rating: 1257 &rarr; <strong>1295</strong><br />(+38 for winning)\n|raw|liam.2025's rating: 1448 &rarr; <strong>1418</strong><br />(-30 for losing)\n|l|\u2606liam.2025\n|player|p2|\n|l|\u2606BanKingambit69247\n|player|p1|\n","uploadtime":1768926774,"views":12,"formatid":"gen9vgc2026regi","rating":1295,"private":0,"password":null}