{"id":"gen9vgc2026regi-2516334578","format":"[Gen 9] VGC 2026 Reg I","players":["dasabe\u76d6\u6b27\u5361\u4fa0","we all hate ursf"],"log":"|j|\u2606dasabe\u76d6\u6b27\u5361\u4fa0\n|j|\u2606we all hate ursf\n|t:|1768123098\n|gametype|doubles\n|player|p1|dasabe\u76d6\u6b27\u5361\u4fa0|may-masters4|1370\n|player|p2|we all hate ursf|shadowtriad|1384\n|gen|9\n|tier|[Gen 9] VGC 2026 Reg I\n|rated|\n|rule|Species Clause: Limit one of each Pok\u00e9mon\n|rule|Item Clause: Limit 1 of each item\n|clearpoke\n|poke|p1|Calyrex-Shadow, L50|\n|poke|p1|Koraidon, L50|\n|poke|p1|Chi-Yu, L50|\n|poke|p1|Tornadus, L50, M|\n|poke|p1|Indeedee-F, L50, F|\n|poke|p1|Smeargle, L50, F|\n|poke|p2|Koraidon, L50|\n|poke|p2|Lunala, L50|\n|poke|p2|Chi-Yu, L50|\n|poke|p2|Flutter Mane, L50|\n|poke|p2|Ursaluna, L50, F|\n|poke|p2|Brute Bonnet, L50|\n|teampreview|4\n|inactive|Battle timer is ON: inactive players will automatically lose when time's up. (requested by we all hate ursf)\n|inactive|we all hate ursf has 60 seconds left.\n|\n|t:|1768123129\n|teamsize|p1|4\n|teamsize|p2|4\n|start\n|switch|p1a: \u9a6c\u6b7b\u4e86|Calyrex-Shadow, L50|100/100\n|switch|p1b: \u5c0f\u7b14\u7ea2\u80bf|Smeargle, L50, F, shiny|100/100\n|switch|p2a: Koraidon|Koraidon, L50|100/100\n|switch|p2b: Lunala|Lunala, L50|100/100\n|-ability|p1a: \u9a6c\u6b7b\u4e86|As One\n|-ability|p1a: \u9a6c\u6b7b\u4e86|Unnerve\n|-weather|SunnyDay|[from] ability: Orichalcum Pulse|[of] p2a: Koraidon\n|-activate|p2a: Koraidon|Orichalcum Pulse|[source]\n|turn|1\n|j| hbgzd\n|j| Kelsabsol\n|inactive|we all hate ursf has 30 seconds left.\n|\n|t:|1768123155\n|-terastallize|p1a: \u9a6c\u6b7b\u4e86|Ghost\n|-terastallize|p2b: Lunala|Water\n|move|p1a: \u9a6c\u6b7b\u4e86|Shadow Ball|p2a: Koraidon\n|-damage|p2a: Koraidon|1/100\n|-unboost|p2a: Koraidon|spd|1\n|move|p2a: Koraidon|Flame Charge|p1b: \u5c0f\u7b14\u7ea2\u80bf\n|-enditem|p1b: \u5c0f\u7b14\u7ea2\u80bf|Focus Sash\n|-damage|p1b: \u5c0f\u7b14\u7ea2\u80bf|1/100\n|-boost|p2a: Koraidon|spe|1\n|-damage|p2a: Koraidon|0 fnt|[from] item: Life Orb\n|faint|p2a: Koraidon\n|move|p1b: \u5c0f\u7b14\u7ea2\u80bf|Spore|p2b: Lunala\n|-status|p2b: Lunala|slp|[from] move: Spore\n|cant|p2b: Lunala|slp\n|\n|-weather|SunnyDay|[upkeep]\n|-ability|p1b: \u5c0f\u7b14\u7ea2\u80bf|Moody|boost\n|-boost|p1b: \u5c0f\u7b14\u7ea2\u80bf|spe|2\n|-unboost|p1b: \u5c0f\u7b14\u7ea2\u80bf|def|1\n|upkeep\n|\n|t:|1768123171\n|switch|p2a: Flutter Mane|Flutter Mane, L50|100/100\n|-activate|p2a: Flutter Mane|ability: Protosynthesis\n|-start|p2a: Flutter Mane|protosynthesisspe\n|turn|2\n|\n|t:|1768123176\n|move|p1b: \u5c0f\u7b14\u7ea2\u80bf|Wide Guard|p1b: \u5c0f\u7b14\u7ea2\u80bf\n|-singleturn|p1b: \u5c0f\u7b14\u7ea2\u80bf|Wide Guard\n|move|p2a: Flutter Mane|Icy Wind|p1b: \u5c0f\u7b14\u7ea2\u80bf|[spread] \n|-activate|p1a: \u9a6c\u6b7b\u4e86|move: Wide Guard\n|-activate|p1b: \u5c0f\u7b14\u7ea2\u80bf|move: Wide Guard\n|move|p1a: \u9a6c\u6b7b\u4e86|Shadow Ball|p2a: Flutter Mane\n|-supereffective|p2a: Flutter Mane\n|-enditem|p2a: Flutter Mane|Focus Sash\n|-damage|p2a: Flutter Mane|1/100\n|cant|p2b: Lunala|slp\n|\n|-weather|SunnyDay|[upkeep]\n|-ability|p1b: \u5c0f\u7b14\u7ea2\u80bf|Moody|boost\n|-boost|p1b: \u5c0f\u7b14\u7ea2\u80bf|def|2\n|-unboost|p1b: \u5c0f\u7b14\u7ea2\u80bf|spd|1\n|upkeep\n|turn|3\n|\n|t:|1768123183\n|move|p1b: \u5c0f\u7b14\u7ea2\u80bf|Follow Me|p1b: \u5c0f\u7b14\u7ea2\u80bf\n|-singleturn|p1b: \u5c0f\u7b14\u7ea2\u80bf|move: Follow Me\n|move|p2a: Flutter Mane|Shadow Ball|p1b: \u5c0f\u7b14\u7ea2\u80bf\n|-immune|p1b: \u5c0f\u7b14\u7ea2\u80bf\n|move|p1a: \u9a6c\u6b7b\u4e86|Shadow Ball|p2a: Flutter Mane\n|-supereffective|p2a: Flutter Mane\n|-damage|p2a: Flutter Mane|0 fnt\n|faint|p2a: Flutter Mane\n|-end|p2a: Flutter Mane|Protosynthesis|[silent]\n|-ability|p1a: \u9a6c\u6b7b\u4e86|Grim Neigh|boost\n|-boost|p1a: \u9a6c\u6b7b\u4e86|spa|1\n|cant|p2b: Lunala|slp\n|\n|-weather|SunnyDay|[upkeep]\n|-ability|p1b: \u5c0f\u7b14\u7ea2\u80bf|Moody|boost\n|-boost|p1b: \u5c0f\u7b14\u7ea2\u80bf|spd|2\n|-unboost|p1b: \u5c0f\u7b14\u7ea2\u80bf|spa|1\n|upkeep\n|\n|t:|1768123186\n|switch|p2a: Ursaluna|Ursaluna, L50, F|100/100\n|turn|4\n|\n|t:|1768123192\n|switch|p1b: \u4f8d\u7684\u6211\u7231\u5bfc\u7ba1|Indeedee-F, L50, F, shiny|100/100\n|-fieldstart|move: Psychic Terrain|[from] ability: Psychic Surge|[of] p1b: \u4f8d\u7684\u6211\u7231\u5bfc\u7ba1\n|-enditem|p1b: \u4f8d\u7684\u6211\u7231\u5bfc\u7ba1|Psychic Seed\n|-boost|p1b: \u4f8d\u7684\u6211\u7231\u5bfc\u7ba1|spd|1|[from] item: Psychic Seed\n|move|p2a: Ursaluna|Protect|p2a: Ursaluna\n|-singleturn|p2a: Ursaluna|Protect\n|move|p1a: \u9a6c\u6b7b\u4e86|Shadow Ball|p2b: Lunala\n|-damage|p2b: Lunala|52/100 slp\n|-unboost|p2b: Lunala|spd|1\n|-curestatus|p2b: Lunala|slp|[msg]\n|move|p2b: Lunala|Trick Room|p2b: Lunala\n|-fieldstart|move: Trick Room|[of] p2b: Lunala\n|\n|-weather|SunnyDay|[upkeep]\n|-status|p2a: Ursaluna|brn|[from] item: Flame Orb\n|upkeep\n|turn|5\n|\n|t:|1768123204\n|move|p2a: Ursaluna|Facade|p1b: \u4f8d\u7684\u6211\u7231\u5bfc\u7ba1\n|-damage|p1b: \u4f8d\u7684\u6211\u7231\u5bfc\u7ba1|0 fnt\n|faint|p1b: \u4f8d\u7684\u6211\u7231\u5bfc\u7ba1\n|move|p2b: Lunala|Meteor Beam||[still]\n|-prepare|p2b: Lunala|Meteor Beam\n|-boost|p2b: Lunala|spa|1\n|-enditem|p2b: Lunala|Power Herb\n|-anim|p2b: Lunala|Meteor Beam|p1a: \u9a6c\u6b7b\u4e86\n|-crit|p1a: \u9a6c\u6b7b\u4e86\n|-damage|p1a: \u9a6c\u6b7b\u4e86|8/100\n|move|p1a: \u9a6c\u6b7b\u4e86|Shadow Ball|p2b: Lunala\n|-damage|p2b: Lunala|0 fnt\n|faint|p2b: Lunala\n|-ability|p1a: \u9a6c\u6b7b\u4e86|Grim Neigh|boost\n|-boost|p1a: \u9a6c\u6b7b\u4e86|spa|1\n|\n|-weather|none\n|-damage|p2a: Ursaluna|95/100 brn|[from] brn\n|upkeep\n|\n|t:|1768123211\n|switch|p1b: \u4f60\u6731\u5417|Koraidon, L50, shiny|100/100\n|-weather|SunnyDay|[from] ability: Orichalcum Pulse|[of] p1b: \u4f60\u6731\u5417\n|-activate|p1b: \u4f60\u6731\u5417|Orichalcum Pulse|[source]\n|turn|6\n|\n|t:|1768123213\n|switch|p1a: \u5c0f\u7b14\u7ea2\u80bf|Smeargle, L50, F, shiny|1/100\n|move|p1b: \u4f60\u6731\u5417|Protect|p1b: \u4f60\u6731\u5417\n|-singleturn|p1b: \u4f60\u6731\u5417|Protect\n|move|p2a: Ursaluna|Earthquake|p1a: \u5c0f\u7b14\u7ea2\u80bf|[spread] p1a\n|-activate|p1b: \u4f60\u6731\u5417|move: Protect\n|-damage|p1a: \u5c0f\u7b14\u7ea2\u80bf|0 fnt\n|faint|p1a: \u5c0f\u7b14\u7ea2\u80bf\n|\n|-weather|SunnyDay|[upkeep]\n|-damage|p2a: Ursaluna|89/100 brn|[from] brn\n|upkeep\n|\n|t:|1768123217\n|switch|p1a: \u9a6c\u6b7b\u4e86|Calyrex-Shadow, L50, tera:Ghost|8/100\n|-ability|p1a: \u9a6c\u6b7b\u4e86|As One\n|-ability|p1a: \u9a6c\u6b7b\u4e86|Unnerve\n|turn|7\n|\n|t:|1768123222\n|move|p2a: Ursaluna|Facade|p1b: \u4f60\u6731\u5417\n|-damage|p1b: \u4f60\u6731\u5417|0 fnt\n|faint|p1b: \u4f60\u6731\u5417\n|move|p1a: \u9a6c\u6b7b\u4e86|Expanding Force|p2a: Ursaluna\n|-damage|p2a: Ursaluna|0 fnt\n|faint|p2a: Ursaluna\n|\n|win|dasabe\u76d6\u6b27\u5361\u4fa0\n|raw|dasabe\u76d6\u6b27\u5361\u4fa0's rating: 1370 &rarr; <strong>1391</strong><br />(+21 for winning)\n|raw|we all hate ursf's rating: 1384 &rarr; <strong>1363</strong><br />(-21 for losing)\n|l|\u2606dasabe\u76d6\u6b27\u5361\u4fa0\n|player|p1|\n|l|\u2606we all hate ursf\n|player|p2|\n|l| hbgzd\n","uploadtime":1768123263,"views":22,"formatid":"gen9vgc2026regi","rating":1363,"private":0,"password":null}