{"id":"gen9vgc2026regi-2528484746","format":"[Gen 9] VGC 2026 Reg I","players":["GAPDHC","hello343"],"log":"|j|\u2606GAPDHC\n|j|\u2606hello343\n|t:|1769663148\n|gametype|doubles\n|player|p1|GAPDHC|ruinmaniac|1458\n|player|p2|hello343|266|1354\n|gen|9\n|tier|[Gen 9] VGC 2026 Reg I\n|rated|\n|rule|Species Clause: Limit one of each Pok\u00e9mon\n|rule|Item Clause: Limit 1 of each item\n|clearpoke\n|poke|p1|Calyrex-Shadow, L50|\n|poke|p1|Eternatus, L50|\n|poke|p1|Grimmsnarl, L50, M|\n|poke|p1|Rillaboom, L50, M|\n|poke|p1|Dondozo, L50, F|\n|poke|p1|Tatsugiri-Droopy, L50, F|\n|poke|p2|Miraidon, L50|\n|poke|p2|Iron Valiant, L50|\n|poke|p2|Zamazenta-*, L50|\n|poke|p2|Thundurus, L50, M|\n|poke|p2|Slowking-Galar, L50, M|\n|poke|p2|Incineroar, L50, F|\n|teampreview|4\n|inactive|Battle timer is ON: inactive players will automatically lose when time's up. (requested by hello343)\n|\n|t:|1769663165\n|teamsize|p1|4\n|teamsize|p2|4\n|start\n|switch|p1a: Grimmsnarl|Grimmsnarl, L50, M|100/100\n|switch|p1b: Calyrex|Calyrex-Shadow, L50|100/100\n|switch|p2a: Miraidon|Miraidon, L50|100/100\n|switch|p2b: Iron Valiant|Iron Valiant, L50|100/100\n|-ability|p1b: Calyrex|As One\n|-ability|p1b: Calyrex|Unnerve\n|-fieldstart|move: Electric Terrain|[from] ability: Hadron Engine|[of] p2a: Miraidon\n|-activate|p2b: Iron Valiant|ability: Quark Drive\n|-start|p2b: Iron Valiant|quarkdrivespe\n|turn|1\n|\n|t:|1769663184\n|move|p2a: Miraidon|Protect|p2a: Miraidon\n|-singleturn|p2a: Miraidon|Protect\n|move|p1a: Grimmsnarl|Light Screen|p1a: Grimmsnarl\n|-sidestart|p1: GAPDHC|move: Light Screen\n|move|p2b: Iron Valiant|Icy Wind|p1a: Grimmsnarl|[spread] p1a,p1b\n|-damage|p1a: Grimmsnarl|90/100\n|-damage|p1b: Calyrex|91/100\n|-unboost|p1a: Grimmsnarl|spe|1\n|-unboost|p1b: Calyrex|spe|1\n|move|p1b: Calyrex|Astral Barrage|p2b: Iron Valiant|[spread] p2b\n|-activate|p2a: Miraidon|move: Protect\n|-enditem|p2b: Iron Valiant|Focus Sash\n|-damage|p2b: Iron Valiant|1/100\n|\n|upkeep\n|turn|2\n|\n|t:|1769663203\n|-terastallize|p2a: Miraidon|Electric\n|move|p2b: Iron Valiant|Wide Guard|p2b: Iron Valiant\n|-singleturn|p2b: Iron Valiant|Wide Guard\n|move|p1a: Grimmsnarl|Thunder Wave|p2b: Iron Valiant\n|-status|p2b: Iron Valiant|par\n|move|p2a: Miraidon|Electro Drift|p1b: Calyrex\n|-damage|p1b: Calyrex|0 fnt\n|faint|p1b: Calyrex\n|-damage|p2a: Miraidon|91/100|[from] item: Life Orb\n|\n|upkeep\n|\n|t:|1769663214\n|switch|p1b: Dondozo|Dondozo, L50, F|100/100\n|turn|3\n|\n|t:|1769663234\n|move|p1b: Dondozo|Protect|p1b: Dondozo\n|-singleturn|p1b: Dondozo|Protect\n|move|p2a: Miraidon|Draco Meteor|p1b: Dondozo\n|-activate|p1b: Dondozo|move: Protect\n|move|p2b: Iron Valiant|Icy Wind|p1b: Dondozo|[spread] p1a\n|-activate|p1b: Dondozo|move: Protect\n|-damage|p1a: Grimmsnarl|80/100\n|-unboost|p1a: Grimmsnarl|spe|1\n|move|p1a: Grimmsnarl|Spirit Break|p2b: Iron Valiant\n|-supereffective|p2b: Iron Valiant\n|-damage|p2b: Iron Valiant|0 fnt\n|faint|p2b: Iron Valiant\n|-end|p2b: Iron Valiant|Quark Drive|[silent]\n|\n|upkeep\n|\n|t:|1769663249\n|switch|p2b: Zamazenta|Zamazenta-Crowned, L50|100/100\n|-ability|p2b: Zamazenta|Dauntless Shield|boost\n|-boost|p2b: Zamazenta|def|1\n|turn|4\n|\n|t:|1769663262\n|switch|p1a: Tatsugiri|Tatsugiri-Droopy, L50, F|100/100\n|-activate|p1a: Tatsugiri|ability: Commander|[of] p1b: Dondozo\n|-boost|p1b: Dondozo|atk|2\n|-boost|p1b: Dondozo|spa|2\n|-boost|p1b: Dondozo|spe|2\n|-boost|p1b: Dondozo|def|2\n|-boost|p1b: Dondozo|spd|2\n|-terastallize|p1b: Dondozo|Electric\n|move|p2b: Zamazenta|Wide Guard|p2b: Zamazenta\n|-singleturn|p2b: Zamazenta|Wide Guard\n|move|p2a: Miraidon|Electro Drift|p1b: Dondozo\n|-resisted|p1b: Dondozo\n|-damage|p1b: Dondozo|77/100\n|-damage|p2a: Miraidon|81/100|[from] item: Life Orb\n|move|p1b: Dondozo|Earthquake|p2a: Miraidon|[spread] \n|-miss|p1b: Dondozo|p1a: Tatsugiri\n|-activate|p2a: Miraidon|move: Wide Guard\n|-activate|p2b: Zamazenta|move: Wide Guard\n|\n|-heal|p1b: Dondozo|83/100|[from] item: Leftovers\n|upkeep\n|turn|5\n|inactive|hello343 has 30 seconds left.\n|\n|t:|1769663287\n|switch|p2b: Slowking|Slowking-Galar, L50, M|100/100\n|-clearboost|p2a: Miraidon|[from] ability: Curious Medicine|[of] p2b: Slowking\n|move|p2a: Miraidon|Draco Meteor|p1b: Dondozo|[miss]\n|-miss|p2a: Miraidon|p1b: Dondozo\n|move|p1b: Dondozo|Order Up|p2a: Miraidon\n|-damage|p2a: Miraidon|29/100\n|-boost|p1b: Dondozo|def|1\n|\n|-heal|p1b: Dondozo|89/100|[from] item: Leftovers\n|-fieldend|move: Electric Terrain\n|upkeep\n|turn|6\n|\n|t:|1769663305\n|move|p2b: Slowking|Helping Hand|p2a: Miraidon\n|-singleturn|p2a: Miraidon|Helping Hand|[of] p2b: Slowking\n|move|p2a: Miraidon|Draco Meteor|p1b: Dondozo\n|-damage|p1b: Dondozo|45/100\n|-unboost|p2a: Miraidon|spa|2\n|-damage|p2a: Miraidon|19/100|[from] item: Life Orb\n|move|p1b: Dondozo|Earthquake|p2a: Miraidon|[spread] p2a,p2b\n|-miss|p1b: Dondozo|p1a: Tatsugiri\n|-supereffective|p2a: Miraidon\n|-supereffective|p2b: Slowking\n|-damage|p2a: Miraidon|0 fnt\n|-damage|p2b: Slowking|17/100\n|-enditem|p2b: Slowking|Sitrus Berry|[eat]\n|-heal|p2b: Slowking|42/100|[from] item: Sitrus Berry\n|faint|p2a: Miraidon\n|\n|-heal|p1b: Dondozo|51/100|[from] item: Leftovers\n|upkeep\n|\n|t:|1769663321\n|switch|p2a: Zamazenta|Zamazenta-Crowned, L50|100/100\n|turn|7\n|\n|t:|1769663334\n|move|p2b: Slowking|Helping Hand|p2a: Zamazenta\n|-singleturn|p2a: Zamazenta|Helping Hand|[of] p2b: Slowking\n|move|p2a: Zamazenta|Body Press|p1b: Dondozo\n|-damage|p1b: Dondozo|31/100\n|move|p1b: Dondozo|Order Up|p2b: Slowking\n|-damage|p2b: Slowking|0 fnt\n|faint|p2b: Slowking\n|-boost|p1b: Dondozo|def|1\n|\n|-heal|p1b: Dondozo|37/100|[from] item: Leftovers\n|upkeep\n|turn|8\n|-message|hello343 forfeited.\n|\n|win|GAPDHC\n|raw|GAPDHC's rating: 1458 &rarr; <strong>1472</strong><br />(+14 for winning)\n|raw|hello343's rating: 1354 &rarr; <strong>1340</strong><br />(-14 for losing)\n|l|\u2606hello343\n|player|p2|\n|l|\u2606GAPDHC\n|player|p1|\n","uploadtime":1769663493,"views":25,"formatid":"gen9vgc2026regi","rating":1340,"private":0,"password":null}