{"id":"gen9vgc2026regi-2574935013","format":"[Gen 9] VGC 2026 Reg I","players":["Ceraida","fogdocker"],"log":"|j|\u2606Ceraida\n|j|\u2606fogdocker\n|t:|1775298721\n|gametype|doubles\n|player|p1|Ceraida|veteran|1497\n|player|p2|fogdocker|2|1614\n|gen|9\n|tier|[Gen 9] VGC 2026 Reg I\n|rated|\n|rule|Species Clause: Limit one of each Pok\u00e9mon\n|rule|Item Clause: Limit 1 of each item\n|clearpoke\n|poke|p1|Calyrex-Shadow, L50|\n|poke|p1|Zamazenta-*, L50|\n|poke|p1|Indeedee-F, L50, F|\n|poke|p1|Volcarona, L50, F|\n|poke|p1|Brute Bonnet, L50|\n|poke|p1|Rillaboom, L50, F|\n|poke|p2|Calyrex-Ice, L50|\n|poke|p2|Koraidon, L50|\n|poke|p2|Flutter Mane, L50|\n|poke|p2|Incineroar, L50, F|\n|poke|p2|Rillaboom, L50, F|\n|poke|p2|Volcarona, L50, F|\n|teampreview|4\n|\n|t:|1775298739\n|teamsize|p1|4\n|teamsize|p2|4\n|start\n|switch|p1a: Calyrex|Calyrex-Shadow, L50|100/100\n|switch|p1b: Indeedee|Indeedee-F, L50, F|100/100\n|switch|p2a: Koraidon|Koraidon, L50|100/100\n|switch|p2b: Flutter Mane|Flutter Mane, L50|100/100\n|-ability|p1a: Calyrex|As One\n|-ability|p1a: Calyrex|Unnerve\n|-weather|SunnyDay|[from] ability: Orichalcum Pulse|[of] p2a: Koraidon\n|-activate|p2b: Flutter Mane|ability: Protosynthesis\n|-start|p2b: Flutter Mane|protosynthesisspe\n|-activate|p2a: Koraidon|Orichalcum Pulse|[source]\n|-fieldstart|move: Psychic Terrain|[from] ability: Psychic Surge|[of] p1b: Indeedee\n|turn|1\n|inactive|Battle timer is ON: inactive players will automatically lose when time's up. (requested by Ceraida)\n|\n|t:|1775298752\n|-terastallize|p2b: Flutter Mane|Normal\n|move|p1a: Calyrex|Protect|p1a: Calyrex\n|-singleturn|p1a: Calyrex|Protect\n|move|p1b: Indeedee|Protect|p1b: Indeedee\n|-singleturn|p1b: Indeedee|Protect\n|move|p2b: Flutter Mane|Icy Wind|p1b: Indeedee|[spread] \n|-activate|p1a: Calyrex|move: Protect\n|-activate|p1b: Indeedee|move: Protect\n|move|p2a: Koraidon|Flare Blitz|p1b: Indeedee\n|-activate|p1b: Indeedee|move: Protect\n|\n|-weather|SunnyDay|[upkeep]\n|upkeep\n|turn|2\n|inactive|fogdocker has 30 seconds left.\n|inactive|fogdocker has 20 seconds left.\n|inactive|fogdocker has 15 seconds left.\n|inactive|fogdocker has 10 seconds left.\n|inactive|fogdocker has 5 seconds left.\n|\n|t:|1775298802\n|move|p1b: Indeedee|Follow Me|p1b: Indeedee\n|-singleturn|p1b: Indeedee|move: Follow Me\n|move|p2b: Flutter Mane|Icy Wind|p1a: Calyrex|[spread] p1a,p1b\n|-damage|p1a: Calyrex|85/100\n|-damage|p1b: Indeedee|85/100\n|-unboost|p1a: Calyrex|spe|1\n|-unboost|p1b: Indeedee|spe|1\n|move|p2a: Koraidon|Flare Blitz|p1b: Indeedee\n|-damage|p1b: Indeedee|0 fnt\n|-damage|p2a: Koraidon|84/100|[from] item: Rocky Helmet|[of] p1b: Indeedee\n|faint|p1b: Indeedee\n|-damage|p2a: Koraidon|55/100|[from] Recoil\n|-damage|p2a: Koraidon|46/100|[from] item: Life Orb\n|move|p1a: Calyrex|Expanding Force|p2a: Koraidon|[spread] p2a,p2b\n|-supereffective|p2a: Koraidon\n|-damage|p2a: Koraidon|0 fnt\n|-damage|p2b: Flutter Mane|7/100\n|faint|p2a: Koraidon\n|-ability|p1a: Calyrex|Grim Neigh|boost\n|-boost|p1a: Calyrex|spa|1\n|-damage|p1a: Calyrex|75/100|[from] item: Life Orb\n|\n|-weather|SunnyDay|[upkeep]\n|upkeep\n|\n|t:|1775298816\n|switch|p2a: Volcarona|Volcarona, L50, F|100/100\n|switch|p1b: Brute Bonnet|Brute Bonnet, L50|100/100\n|-activate|p1b: Brute Bonnet|ability: Protosynthesis\n|-start|p1b: Brute Bonnet|protosynthesisdef\n|turn|3\n|inactive|fogdocker has 30 seconds left.\n|inactive|fogdocker has 20 seconds left.\n|inactive|fogdocker has 15 seconds left.\n|inactive|fogdocker has 10 seconds left.\n|\n|t:|1775298865\n|move|p1a: Calyrex|Protect|p1a: Calyrex\n|-singleturn|p1a: Calyrex|Protect\n|move|p2a: Volcarona|Protect|p2a: Volcarona\n|-singleturn|p2a: Volcarona|Protect\n|move|p2b: Flutter Mane|Moonblast|p1b: Brute Bonnet\n|-supereffective|p1b: Brute Bonnet\n|-damage|p1b: Brute Bonnet|20/100\n|move|p1b: Brute Bonnet|Spore|p2a: Volcarona\n|-activate|p2a: Volcarona|move: Protect\n|\n|-weather|SunnyDay|[upkeep]\n|upkeep\n|turn|4\n|inactive|fogdocker has 30 seconds left.\n|inactive|fogdocker has 20 seconds left.\n|inactive|fogdocker has 15 seconds left.\n|\n|t:|1775298909\n|switch|p2a: Incineroar|Incineroar, L50, F|100/100\n|-ability|p2a: Incineroar|Intimidate|boost\n|-unboost|p1a: Calyrex|atk|1\n|-unboost|p1b: Brute Bonnet|atk|1\n|-end|p1b: Brute Bonnet|Protosynthesis|[silent]\n|switch|p1b: Zamazenta|Zamazenta-Crowned, L50|100/100\n|-ability|p1b: Zamazenta|Dauntless Shield|boost\n|-boost|p1b: Zamazenta|def|1\n|-terastallize|p1a: Calyrex|Ground\n|move|p2b: Flutter Mane|Protect|p2b: Flutter Mane\n|-singleturn|p2b: Flutter Mane|Protect\n|move|p1a: Calyrex|Expanding Force|p2a: Incineroar|[spread] \n|-activate|p2b: Flutter Mane|move: Protect\n|-immune|p2a: Incineroar\n|\n|-weather|SunnyDay|[upkeep]\n|upkeep\n|turn|5\n|inactive|Ceraida has 30 seconds left.\n|inactive|fogdocker has 30 seconds left.\n|inactive|fogdocker has 20 seconds left.\n|inactive|fogdocker has 15 seconds left.\n|\n|t:|1775298951\n|-end|p2b: Flutter Mane|Protosynthesis|[silent]\n|switch|p2b: Volcarona|Volcarona, L50, F|100/100\n|move|p1b: Zamazenta|Wide Guard|p1b: Zamazenta\n|-singleturn|p1b: Zamazenta|Wide Guard\n|move|p1a: Calyrex|Tera Blast|p2a: Incineroar|[anim] Tera Blast Ground\n|-supereffective|p2a: Incineroar\n|-damage|p2a: Incineroar|0 fnt\n|faint|p2a: Incineroar\n|-ability|p1a: Calyrex|Grim Neigh|boost\n|-boost|p1a: Calyrex|spa|1\n|-damage|p1a: Calyrex|66/100|[from] item: Life Orb\n|\n|-weather|none\n|-fieldend|move: Psychic Terrain\n|upkeep\n|\n|t:|1775298959\n|switch|p2a: Flutter Mane|Flutter Mane, L50, tera:Normal|7/100\n|turn|6\n|\n|t:|1775298972\n|move|p2a: Flutter Mane|Moonblast|p1a: Calyrex\n|-crit|p1a: Calyrex\n|-damage|p1a: Calyrex|0 fnt\n|faint|p1a: Calyrex\n|move|p1b: Zamazenta|Body Press|p2a: Flutter Mane\n|-supereffective|p2a: Flutter Mane\n|-crit|p2a: Flutter Mane\n|-damage|p2a: Flutter Mane|0 fnt\n|faint|p2a: Flutter Mane\n|-end|p2a: Flutter Mane|Protosynthesis|[silent]\n|move|p2b: Volcarona|Fiery Dance|p1b: Zamazenta\n|-supereffective|p1b: Zamazenta\n|-crit|p1b: Zamazenta\n|-damage|p1b: Zamazenta|22/100\n|\n|upkeep\n|\n|t:|1775298975\n|switch|p1a: Brute Bonnet|Brute Bonnet, L50|20/100\n|turn|7\n|\n|t:|1775298986\n|move|p1a: Brute Bonnet|Sucker Punch|p2b: Volcarona\n|-damage|p2b: Volcarona|71/100\n|-damage|p1a: Brute Bonnet|3/100|[from] item: Rocky Helmet|[of] p2b: Volcarona\n|-status|p1a: Brute Bonnet|brn|[from] ability: Flame Body|[of] p2b: Volcarona\n|move|p1b: Zamazenta|Body Press|p2b: Volcarona\n|-resisted|p2b: Volcarona\n|-damage|p2b: Volcarona|43/100\n|-damage|p1b: Zamazenta|6/100|[from] item: Rocky Helmet|[of] p2b: Volcarona\n|move|p2b: Volcarona|Fiery Dance|p1a: Brute Bonnet\n|-supereffective|p1a: Brute Bonnet\n|-damage|p1a: Brute Bonnet|0 fnt\n|-boost|p2b: Volcarona|spa|1\n|faint|p1a: Brute Bonnet\n|-end|p1a: Brute Bonnet|Protosynthesis|[silent]\n|\n|upkeep\n|turn|8\n|-message|Ceraida forfeited.\n|\n|win|fogdocker\n|raw|Ceraida's rating: 1497 &rarr; <strong>1483</strong><br />(-14 for losing)\n|raw|fogdocker's rating: 1614 &rarr; <strong>1628</strong><br />(+14 for winning)\n|l|\u2606Ceraida\n|player|p1|\n","uploadtime":1775298992,"views":13,"formatid":"gen9vgc2026regi","rating":1483,"private":0,"password":null}