{"id":"gen9vgc2026regi-2567577923","format":"[Gen 9] VGC 2026 Reg I","players":["Koechophe","terafireflareblitz"],"log":"|j|\u2606Koechophe\n|j|\u2606terafireflareblitz\n|t:|1774489921\n|gametype|doubles\n|player|p1|Koechophe|101|1398\n|player|p2|terafireflareblitz|sycamore|1584\n|gen|9\n|tier|[Gen 9] VGC 2026 Reg I\n|rated|\n|rule|Species Clause: Limit one of each Pok\u00e9mon\n|rule|Item Clause: Limit 1 of each item\n|clearpoke\n|poke|p1|Miraidon, L50|\n|poke|p1|Grafaiai, L50, F|\n|poke|p1|Calyrex-Shadow, L50|\n|poke|p1|Gothitelle, L50, F|\n|poke|p1|Incineroar, L50, M|\n|poke|p1|Ogerpon-Wellspring, L50, F|\n|poke|p2|Koraidon, L50|\n|poke|p2|Lunala, L50|\n|poke|p2|Indeedee-F, L50, F|\n|poke|p2|Flutter Mane, L50|\n|poke|p2|Volcarona, L50, M|\n|poke|p2|Ursaluna, L50, F|\n|teampreview|4\n|inactive|Battle timer is ON: inactive players will automatically lose when time's up. (requested by terafireflareblitz)\n|j| huatuankhoa\n|inactive|Koechophe has 60 seconds left.\n|\n|t:|1774489953\n|teamsize|p1|4\n|teamsize|p2|4\n|start\n|switch|p1a: Miraidon|Miraidon, L50|100/100\n|switch|p1b: Grafaiai|Grafaiai, L50, F|100/100\n|switch|p2a: Lunala|Lunala, L50, shiny|100/100\n|switch|p2b: Indeedee|Indeedee-F, L50, F|100/100\n|-fieldstart|move: Electric Terrain|[from] ability: Hadron Engine|[of] p1a: Miraidon\n|-enditem|p1b: Grafaiai|Electric Seed\n|-boost|p1b: Grafaiai|def|1|[from] item: Electric Seed\n|-fieldstart|move: Psychic Terrain|[from] ability: Psychic Surge|[of] p2b: Indeedee\n|turn|1\n|inactive|Koechophe has 30 seconds left.\n|\n|t:|1774489979\n|move|p1b: Grafaiai|Knock Off|p2a: Lunala\n|-supereffective|p2a: Lunala\n|-damage|p2a: Lunala|64/100\n|-enditem|p2a: Lunala|Power Herb|[from] move: Knock Off|[of] p1b: Grafaiai\n|move|p1a: Miraidon|Volt Switch|p2a: Lunala\n|-damage|p2a: Lunala|30/100\n|-damage|p1a: Miraidon|91/100|[from] item: Life Orb\n|\n|t:|1774489987\n|switch|p1a: Incineroar|Incineroar, L50, M|100/100|[from] Volt Switch\n|-ability|p1a: Incineroar|Intimidate|boost\n|-unboost|p2a: Lunala|atk|1\n|-unboost|p2b: Indeedee|atk|1\n|move|p2a: Lunala|Expanding Force|p1a: Incineroar|[spread] p1b\n|-immune|p1a: Incineroar\n|-supereffective|p1b: Grafaiai\n|-damage|p1b: Grafaiai|0 fnt\n|faint|p1b: Grafaiai\n|move|p2b: Indeedee|Alluring Voice|p1a: Incineroar\n|-damage|p1a: Incineroar|89/100\n|\n|upkeep\n|\n|t:|1774490000\n|switch|p1b: Miraidon|Miraidon, L50|91/100\n|-fieldstart|move: Electric Terrain|[from] ability: Hadron Engine|[of] p1b: Miraidon\n|turn|2\n|l| huatuankhoa\n|\n|t:|1774490010\n|-terastallize|p1b: Miraidon|Fairy\n|move|p1a: Incineroar|Fake Out|p2b: Indeedee\n|-damage|p2b: Indeedee|88/100\n|cant|p2b: Indeedee|flinch\n|move|p1b: Miraidon|Dazzling Gleam|p2b: Indeedee|[spread] p2a,p2b\n|-damage|p2a: Lunala|0 fnt\n|-damage|p2b: Indeedee|35/100\n|faint|p2a: Lunala\n|-damage|p1b: Miraidon|81/100|[from] item: Life Orb\n|\n|upkeep\n|\n|t:|1774490019\n|switch|p2a: Koraidon|Koraidon, L50, shiny|100/100\n|-weather|SunnyDay|[from] ability: Orichalcum Pulse|[of] p2a: Koraidon\n|-activate|p2a: Koraidon|Orichalcum Pulse|[source]\n|turn|3\n|\n|t:|1774490033\n|switch|p1a: Calyrex|Calyrex-Shadow, L50|100/100\n|-ability|p1a: Calyrex|As One\n|-ability|p1a: Calyrex|Unnerve\n|-terastallize|p2a: Koraidon|Fire\n|move|p2b: Indeedee|Follow Me|p2b: Indeedee\n|-singleturn|p2b: Indeedee|move: Follow Me\n|move|p1b: Miraidon|Dazzling Gleam|p2b: Indeedee|[spread] p2a,p2b\n|-resisted|p2a: Koraidon\n|-damage|p2a: Koraidon|75/100\n|-damage|p2b: Indeedee|0 fnt\n|faint|p2b: Indeedee\n|-damage|p1b: Miraidon|71/100|[from] item: Life Orb\n|move|p2a: Koraidon|Close Combat|p1a: Calyrex\n|-immune|p1a: Calyrex\n|\n|-weather|SunnyDay|[upkeep]\n|upkeep\n|\n|t:|1774490035\n|switch|p2b: Flutter Mane|Flutter Mane, L50|100/100\n|-activate|p2b: Flutter Mane|ability: Protosynthesis\n|-start|p2b: Flutter Mane|protosynthesisspe\n|turn|4\n|inactive|Koechophe has 30 seconds left.\n|\n|t:|1774490063\n|switch|p1b: Incineroar|Incineroar, L50, M|89/100\n|-ability|p1b: Incineroar|Intimidate|boost\n|-unboost|p2a: Koraidon|atk|1\n|-unboost|p2b: Flutter Mane|atk|1\n|move|p1a: Calyrex|Protect|p1a: Calyrex\n|-singleturn|p1a: Calyrex|Protect\n|move|p2b: Flutter Mane|Icy Wind|p1a: Calyrex|[spread] p1b\n|-activate|p1a: Calyrex|move: Protect\n|-resisted|p1b: Incineroar\n|-damage|p1b: Incineroar|85/100\n|-unboost|p1b: Incineroar|spe|1\n|move|p2a: Koraidon|Flare Blitz|p1b: Incineroar\n|-resisted|p1b: Incineroar\n|-damage|p1b: Incineroar|39/100\n|-damage|p2a: Koraidon|58/100|[from] Recoil\n|-damage|p2a: Koraidon|48/100|[from] item: Life Orb\n|\n|-weather|SunnyDay|[upkeep]\n|upkeep\n|turn|5\n|-message|terafireflareblitz forfeited.\n|\n|win|Koechophe\n|raw|Koechophe's rating: 1398 &rarr; <strong>1428</strong><br />(+30 for winning)\n|raw|terafireflareblitz's rating: 1584 &rarr; <strong>1554</strong><br />(-30 for losing)\n|l|\u2606terafireflareblitz\n|player|p2|\n|l|\u2606Koechophe\n|player|p1|\n","uploadtime":1774490067,"views":11,"formatid":"gen9vgc2026regi","rating":1428,"private":0,"password":null}