{"id":"gen9vgc2026regi-2581784349","format":"[Gen 9] VGC 2026 Reg I","players":["RedPlaysVGC","N Jordan"],"log":"|j|\u2606RedPlaysVGC\n|j|\u2606N Jordan\n|t:|1776028149\n|gametype|doubles\n|player|p1|RedPlaysVGC|102|1445\n|player|p2|N Jordan|n|1562\n|gen|9\n|tier|[Gen 9] VGC 2026 Reg I\n|rated|\n|rule|Species Clause: Limit one of each Pok\u00e9mon\n|rule|Item Clause: Limit 1 of each item\n|clearpoke\n|poke|p1|Whimsicott, L50, F|\n|poke|p1|Calyrex-Shadow, L50|\n|poke|p1|Miraidon, L50|\n|poke|p1|Iron Hands, L50|\n|poke|p1|Chi-Yu, L50|\n|poke|p1|Farigiraf, L50, M|\n|poke|p2|Zacian-*, L50|\n|poke|p2|Kyogre, L50|\n|poke|p2|Grimmsnarl, L50, M|\n|poke|p2|Ursaluna-Bloodmoon, L50, M|\n|poke|p2|Iron Hands, L50|\n|poke|p2|Rillaboom, L50, M|\n|teampreview|4\n|\n|t:|1776028177\n|teamsize|p1|4\n|teamsize|p2|4\n|start\n|switch|p1a: Whimsicott|Whimsicott, L50, F|100/100\n|switch|p1b: Calyrex|Calyrex-Shadow, L50|100/100\n|switch|p2a: Grimmsnarl|Grimmsnarl, L50, M|100/100\n|switch|p2b: Ursaluna|Ursaluna-Bloodmoon, L50, M|100/100\n|-ability|p1b: Calyrex|As One\n|-ability|p1b: Calyrex|Unnerve\n|turn|1\n|\n|t:|1776028215\n|move|p1a: Whimsicott|Fake Tears|p2b: Ursaluna\n|-unboost|p2b: Ursaluna|spd|2\n|move|p2a: Grimmsnarl|Light Screen|p2a: Grimmsnarl\n|-sidestart|p2: N Jordan|move: Light Screen\n|move|p1b: Calyrex|Psychic|p2b: Ursaluna\n|-damage|p2b: Ursaluna|10/100\n|move|p2b: Ursaluna|Hyper Voice|p1b: Calyrex|[spread] p1a,p1b\n|-damage|p1a: Whimsicott|51/100\n|-damage|p1b: Calyrex|58/100\n|-enditem|p2b: Ursaluna|Throat Spray\n|-boost|p2b: Ursaluna|spa|1|[from] item: Throat Spray\n|\n|upkeep\n|turn|2\n|\n|t:|1776028230\n|move|p2a: Grimmsnarl|Sucker Punch|p1b: Calyrex\n|-supereffective|p1b: Calyrex\n|-damage|p1b: Calyrex|0 fnt\n|faint|p1b: Calyrex\n|move|p1a: Whimsicott|Moonblast|p2b: Ursaluna\n|-damage|p2b: Ursaluna|0 fnt\n|faint|p2b: Ursaluna\n|\n|upkeep\n|\n|t:|1776028237\n|switch|p1b: Chi-Yu|Chi-Yu, L50|100/100\n|switch|p2b: Zacian|Zacian-Crowned, L50|100/100\n|-ability|p1b: Chi-Yu|Beads of Ruin\n|-ability|p2b: Zacian|Intrepid Sword|boost\n|-boost|p2b: Zacian|atk|1\n|turn|3\n|\n|t:|1776028262\n|switch|p2a: Kyogre|Kyogre, L50|100/100\n|-weather|RainDance|[from] ability: Drizzle|[of] p2a: Kyogre\n|-terastallize|p2b: Zacian|Fighting\n|move|p1a: Whimsicott|Fake Tears|p2b: Zacian\n|-unboost|p2b: Zacian|spd|2\n|move|p1b: Chi-Yu|Heat Wave|p2a: Kyogre|[spread] p2b\n|-miss|p1b: Chi-Yu|p2a: Kyogre\n|-damage|p2b: Zacian|68/100\n|move|p2b: Zacian|Behemoth Blade|p1a: Whimsicott\n|-supereffective|p1a: Whimsicott\n|-damage|p1a: Whimsicott|0 fnt\n|faint|p1a: Whimsicott\n|\n|-weather|RainDance|[upkeep]\n|upkeep\n|j| inert%glick\n|\n|t:|1776028277\n|switch|p1a: Miraidon|Miraidon, L50|100/100\n|-fieldstart|move: Electric Terrain|[from] ability: Hadron Engine|[of] p1a: Miraidon\n|turn|4\n|\n|t:|1776028288\n|-terastallize|p1a: Miraidon|Fairy\n|move|p1b: Chi-Yu|Heat Wave|p2a: Kyogre|[spread] p2a,p2b\n|-resisted|p2a: Kyogre\n|-damage|p2a: Kyogre|97/100\n|-damage|p2b: Zacian|40/100\n|-status|p2a: Kyogre|brn\n|move|p1a: Miraidon|Dazzling Gleam|p2a: Kyogre|[spread] p2a,p2b\n|-supereffective|p2b: Zacian\n|-damage|p2a: Kyogre|72/100 brn\n|-damage|p2b: Zacian|0 fnt\n|faint|p2b: Zacian\n|move|p2a: Kyogre|Origin Pulse|p1b: Chi-Yu|[spread] p1a,p1b\n|-supereffective|p1b: Chi-Yu\n|-damage|p1a: Miraidon|17/100\n|-damage|p1b: Chi-Yu|0 fnt\n|faint|p1b: Chi-Yu\n|\n|-weather|RainDance|[upkeep]\n|-damage|p2a: Kyogre|66/100 brn|[from] brn\n|upkeep\n|\n|t:|1776028299\n|switch|p2b: Grimmsnarl|Grimmsnarl, L50, M|100/100\n|turn|5\n|\n|t:|1776028304\n|move|p2b: Grimmsnarl|Sucker Punch|p1a: Miraidon\n|-resisted|p1a: Miraidon\n|-damage|p1a: Miraidon|0 fnt\n|faint|p1a: Miraidon\n|\n|win|N Jordan\n|raw|RedPlaysVGC's rating: 1445 &rarr; <strong>1431</strong><br />(-14 for losing)\n|raw|N Jordan's rating: 1562 &rarr; <strong>1576</strong><br />(+14 for winning)\n|l|\u2606N Jordan\n|player|p2|\n|l|\u2606RedPlaysVGC\n|player|p1|\n","uploadtime":1776028519,"views":10,"formatid":"gen9vgc2026regi","rating":1431,"private":0,"password":null}