{"id":"gen9vgc2026regi-2542705078","format":"[Gen 9] VGC 2026 Reg I","players":["Sablewile","fogdocker"],"log":"|j|\u2606Sablewile\n|j|\u2606fogdocker\n|t:|1771482529\n|gametype|doubles\n|player|p1|Sablewile|102|1436\n|player|p2|fogdocker|1|1443\n|gen|9\n|tier|[Gen 9] VGC 2026 Reg I\n|rated|\n|rule|Species Clause: Limit one of each Pok\u00e9mon\n|rule|Item Clause: Limit 1 of each item\n|clearpoke\n|poke|p1|Miraidon, L50|\n|poke|p1|Calyrex-Ice, L50|\n|poke|p1|Volcarona, L50, F|\n|poke|p1|Grimmsnarl, L50, M|\n|poke|p1|Iron Hands, L50|\n|poke|p1|Rillaboom, L50, M|\n|poke|p2|Calyrex-Ice, L50|\n|poke|p2|Koraidon, L50|\n|poke|p2|Flutter Mane, L50|\n|poke|p2|Incineroar, L50, M|\n|poke|p2|Rillaboom, L50, M|\n|poke|p2|Volcarona, L50, M|\n|teampreview|4\n|\n|t:|1771482633\n|teamsize|p1|4\n|teamsize|p2|4\n|start\n|switch|p1a: Miraidon|Miraidon, L50|100/100\n|switch|p1b: Grimmsnarl|Grimmsnarl, L50, M|100/100\n|switch|p2a: Koraidon|Koraidon, L50|100/100\n|switch|p2b: Rillaboom|Rillaboom, L50, M|100/100\n|-fieldstart|move: Electric Terrain|[from] ability: Hadron Engine|[of] p1a: Miraidon\n|-weather|SunnyDay|[from] ability: Orichalcum Pulse|[of] p2a: Koraidon\n|-activate|p2a: Koraidon|Orichalcum Pulse|[source]\n|-fieldstart|move: Grassy Terrain|[from] ability: Grassy Surge|[of] p2b: Rillaboom\n|turn|1\n|\n|t:|1771482649\n|switch|p2a: Incineroar|Incineroar, L50, M|100/100\n|-ability|p2a: Incineroar|Intimidate|boost\n|-unboost|p1a: Miraidon|atk|1\n|-unboost|p1b: Grimmsnarl|atk|1\n|move|p2b: Rillaboom|Fake Out|p1a: Miraidon\n|-damage|p1a: Miraidon|88/100\n|move|p1b: Grimmsnarl|Reflect|p1b: Grimmsnarl\n|-sidestart|p1: Sablewile|Reflect\n|cant|p1a: Miraidon|flinch\n|\n|-weather|SunnyDay|[upkeep]\n|-heal|p1a: Miraidon|94/100|[from] Grassy Terrain\n|upkeep\n|turn|2\n|\n|t:|1771482672\n|move|p2a: Incineroar|Fake Out|p1a: Miraidon\n|-damage|p1a: Miraidon|86/100\n|move|p1b: Grimmsnarl|Thunder Wave|p2b: Rillaboom\n|-status|p2b: Rillaboom|par\n|cant|p1a: Miraidon|flinch\n|cant|p2b: Rillaboom|par\n|\n|-weather|SunnyDay|[upkeep]\n|-heal|p1a: Miraidon|91/100|[from] Grassy Terrain\n|upkeep\n|turn|3\n|\n|t:|1771482691\n|move|p1a: Miraidon|Volt Switch|p2a: Incineroar\n|-damage|p2a: Incineroar|67/100\n|\n|t:|1771482693\n|switch|p1a: Iron Hands|Iron Hands, L50|100/100|[from] Volt Switch\n|move|p1b: Grimmsnarl|Spirit Break|p2a: Incineroar\n|-damage|p2a: Incineroar|50/100\n|-unboost|p2a: Incineroar|spa|1\n|move|p2a: Incineroar|Knock Off|p1a: Iron Hands\n|-resisted|p1a: Iron Hands\n|-damage|p1a: Iron Hands|91/100\n|-enditem|p1a: Iron Hands|Assault Vest|[from] move: Knock Off|[of] p2a: Incineroar\n|move|p2b: Rillaboom|U-turn|p1a: Iron Hands\n|-resisted|p1a: Iron Hands\n|-damage|p1a: Iron Hands|86/100\n|\n|t:|1771482709\n|switch|p2b: Calyrex|Calyrex-Ice, L50|100/100|[from] U-turn\n|-ability|p2b: Calyrex|As One\n|-ability|p2b: Calyrex|Unnerve\n|\n|-weather|SunnyDay|[upkeep]\n|-heal|p1a: Iron Hands|92/100|[from] Grassy Terrain\n|-heal|p2a: Incineroar|56/100|[from] Grassy Terrain\n|upkeep\n|turn|4\n|\n|t:|1771482733\n|move|p1a: Iron Hands|Low Kick|p2a: Incineroar\n|-supereffective|p2a: Incineroar\n|-damage|p2a: Incineroar|0 fnt\n|faint|p2a: Incineroar\n|move|p1b: Grimmsnarl|Spirit Break|p2b: Calyrex\n|-damage|p2b: Calyrex|90/100\n|-unboost|p2b: Calyrex|spa|1\n|move|p2b: Calyrex|Leech Seed|p1b: Grimmsnarl\n|-start|p1b: Grimmsnarl|move: Leech Seed\n|\n|-weather|SunnyDay|[upkeep]\n|-heal|p1a: Iron Hands|98/100|[from] Grassy Terrain\n|-heal|p2b: Calyrex|96/100|[from] Grassy Terrain\n|-heal|p2b: Calyrex|100/100|[from] item: Leftovers\n|-damage|p1b: Grimmsnarl|88/100|[from] Leech Seed|[of] p2b: Calyrex\n|upkeep\n|\n|t:|1771482744\n|switch|p2a: Rillaboom|Rillaboom, L50, M|100/100 par\n|turn|5\n|\n|t:|1771482777\n|switch|p1b: Miraidon|Miraidon, L50|91/100\n|-fieldstart|move: Electric Terrain|[from] ability: Hadron Engine|[of] p1b: Miraidon\n|-activate|p1a: Iron Hands|ability: Quark Drive\n|-start|p1a: Iron Hands|quarkdriveatk\n|cant|p2a: Rillaboom|par\n|move|p1a: Iron Hands|Low Kick|p2b: Calyrex\n|-damage|p2b: Calyrex|48/100\n|move|p2b: Calyrex|Glacial Lance|p1a: Iron Hands|[spread] p1a,p1b\n|-supereffective|p1b: Miraidon\n|-damage|p1a: Iron Hands|76/100\n|-damage|p1b: Miraidon|29/100\n|\n|-weather|none\n|-heal|p2b: Calyrex|54/100|[from] item: Leftovers\n|-sideend|p1: Sablewile|Reflect\n|upkeep\n|turn|6\n|\n|t:|1771482811\n|move|p2b: Calyrex|Protect|p2b: Calyrex\n|-singleturn|p2b: Calyrex|Protect\n|move|p1b: Miraidon|Volt Switch|p2a: Rillaboom\n|-resisted|p2a: Rillaboom\n|-damage|p2a: Rillaboom|78/100 par\n|\n|t:|1771482815\n|switch|p1b: Grimmsnarl|Grimmsnarl, L50, M|88/100|[from] Volt Switch\n|move|p1a: Iron Hands|Wild Charge|p2b: Calyrex\n|-activate|p2b: Calyrex|move: Protect\n|move|p2a: Rillaboom|U-turn|p1b: Grimmsnarl\n|-damage|p1b: Grimmsnarl|67/100\n|\n|t:|1771482822\n|switch|p2a: Koraidon|Koraidon, L50|100/100|[from] U-turn\n|-weather|SunnyDay|[from] ability: Orichalcum Pulse|[of] p2a: Koraidon\n|-activate|p2a: Koraidon|Orichalcum Pulse|[source]\n|\n|-weather|SunnyDay|[upkeep]\n|-heal|p2b: Calyrex|60/100|[from] item: Leftovers\n|upkeep\n|turn|7\n|\n|t:|1771482834\n|switch|p2a: Rillaboom|Rillaboom, L50, M|78/100 par\n|-fieldstart|move: Grassy Terrain|[from] ability: Grassy Surge|[of] p2a: Rillaboom\n|-end|p1a: Iron Hands|Quark Drive\n|-terastallize|p1a: Iron Hands|Water\n|move|p1b: Grimmsnarl|Reflect|p1b: Grimmsnarl\n|-sidestart|p1: Sablewile|Reflect\n|move|p1a: Iron Hands|Low Kick|p2a: Rillaboom\n|-damage|p2a: Rillaboom|28/100 par\n|move|p2b: Calyrex|Glacial Lance|p1a: Iron Hands|[spread] p1a,p1b\n|-resisted|p1a: Iron Hands\n|-damage|p1a: Iron Hands|65/100\n|-damage|p1b: Grimmsnarl|37/100\n|\n|-weather|SunnyDay|[upkeep]\n|-heal|p1a: Iron Hands|71/100|[from] Grassy Terrain\n|-heal|p1b: Grimmsnarl|43/100|[from] Grassy Terrain\n|-heal|p2a: Rillaboom|34/100 par|[from] Grassy Terrain\n|-heal|p2b: Calyrex|66/100|[from] Grassy Terrain\n|-heal|p2b: Calyrex|72/100|[from] item: Leftovers\n|upkeep\n|turn|8\n|\n|t:|1771482851\n|switch|p1b: Calyrex|Calyrex-Ice, L50|100/100\n|-ability|p1b: Calyrex|As One\n|-ability|p1b: Calyrex|Unnerve\n|cant|p2a: Rillaboom|par\n|move|p1a: Iron Hands|Drain Punch|p2a: Rillaboom\n|-damage|p2a: Rillaboom|0 fnt\n|-heal|p1a: Iron Hands|86/100|[from] drain|[of] p2a: Rillaboom\n|faint|p2a: Rillaboom\n|move|p2b: Calyrex|Glacial Lance|p1a: Iron Hands|[spread] p1a,p1b\n|-resisted|p1a: Iron Hands\n|-resisted|p1b: Calyrex\n|-damage|p1a: Iron Hands|74/100\n|-damage|p1b: Calyrex|92/100\n|\n|-weather|SunnyDay|[upkeep]\n|-heal|p1a: Iron Hands|80/100|[from] Grassy Terrain\n|-heal|p1b: Calyrex|98/100|[from] Grassy Terrain\n|-heal|p1b: Calyrex|100/100|[from] item: Leftovers\n|-heal|p2b: Calyrex|77/100|[from] Grassy Terrain\n|-heal|p2b: Calyrex|83/100|[from] item: Leftovers\n|upkeep\n|\n|t:|1771482860\n|switch|p2a: Koraidon|Koraidon, L50|100/100\n|-activate|p2a: Koraidon|ability: Orichalcum Pulse\n|turn|9\n|\n|t:|1771482922\n|switch|p1b: Miraidon|Miraidon, L50|29/100\n|-fieldstart|move: Electric Terrain|[from] ability: Hadron Engine|[of] p1b: Miraidon\n|-activate|p1a: Iron Hands|ability: Quark Drive\n|-start|p1a: Iron Hands|quarkdriveatk\n|-terastallize|p2a: Koraidon|Fire\n|move|p2a: Koraidon|Close Combat|p1a: Iron Hands\n|-damage|p1a: Iron Hands|25/100\n|-unboost|p2a: Koraidon|def|1\n|-unboost|p2a: Koraidon|spd|1\n|-damage|p2a: Koraidon|91/100|[from] item: Life Orb\n|move|p1a: Iron Hands|Low Kick|p2b: Calyrex\n|-damage|p2b: Calyrex|32/100\n|move|p2b: Calyrex|Glacial Lance|p1b: Miraidon|[spread] p1a,p1b\n|-resisted|p1a: Iron Hands\n|-supereffective|p1b: Miraidon\n|-damage|p1a: Iron Hands|13/100\n|-damage|p1b: Miraidon|0 fnt\n|faint|p1b: Miraidon\n|-ability|p2b: Calyrex|Chilling Neigh|boost\n|-boost|p2b: Calyrex|atk|1\n|\n|-weather|SunnyDay|[upkeep]\n|-heal|p2b: Calyrex|38/100|[from] item: Leftovers\n|upkeep\n|inactive|Battle timer is ON: inactive players will automatically lose when time's up. (requested by fogdocker)\n|\n|t:|1771482936\n|switch|p1b: Calyrex|Calyrex-Ice, L50|100/100\n|-ability|p1b: Calyrex|As One\n|-ability|p1b: Calyrex|Unnerve\n|turn|10\n|inactive|Sablewile has 30 seconds left.\n|inactive|fogdocker has 30 seconds left.\n|inactive|Sablewile has 20 seconds left.\n|inactive|fogdocker has 20 seconds left.\n|inactive|Sablewile has 15 seconds left.\n|inactive|Sablewile has 10 seconds left.\n|\n|t:|1771482984\n|move|p2a: Koraidon|Flare Blitz|p1a: Iron Hands\n|-resisted|p1a: Iron Hands\n|-damage|p1a: Iron Hands|0 fnt\n|faint|p1a: Iron Hands\n|-end|p1a: Iron Hands|Quark Drive|[silent]\n|-damage|p2a: Koraidon|85/100|[from] Recoil\n|-damage|p2a: Koraidon|75/100|[from] item: Life Orb\n|move|p1b: Calyrex|Glacial Lance|p2b: Calyrex|[spread] p2a,p2b\n|-resisted|p2a: Koraidon\n|-resisted|p2b: Calyrex\n|-damage|p2a: Koraidon|42/100\n|-damage|p2b: Calyrex|25/100\n|move|p2b: Calyrex|Leech Seed|p1b: Calyrex\n|-start|p1b: Calyrex|move: Leech Seed\n|\n|-weather|none\n|-heal|p2b: Calyrex|31/100|[from] item: Leftovers\n|-damage|p1b: Calyrex|88/100|[from] Leech Seed|[of] p2b: Calyrex\n|-heal|p2b: Calyrex|43/100|[silent]\n|upkeep\n|\n|t:|1771482987\n|switch|p1a: Grimmsnarl|Grimmsnarl, L50, M|43/100\n|turn|11\n|\n|t:|1771483008\n|move|p1a: Grimmsnarl|Thunder Wave|p2a: Koraidon\n|-status|p2a: Koraidon|par\n|move|p2a: Koraidon|Flare Blitz|p1b: Calyrex\n|-supereffective|p1b: Calyrex\n|-damage|p1b: Calyrex|30/100\n|-damage|p2a: Koraidon|19/100 par|[from] Recoil\n|-damage|p2a: Koraidon|10/100 par|[from] item: Life Orb\n|move|p1b: Calyrex|Glacial Lance|p2b: Calyrex|[spread] p2a,p2b\n|-resisted|p2a: Koraidon\n|-resisted|p2b: Calyrex\n|-damage|p2a: Koraidon|0 fnt\n|-damage|p2b: Calyrex|30/100\n|faint|p2a: Koraidon\n|-ability|p1b: Calyrex|Chilling Neigh|boost\n|-boost|p1b: Calyrex|atk|1\n|move|p2b: Calyrex|Leech Seed|p1a: Grimmsnarl\n|-start|p1a: Grimmsnarl|move: Leech Seed\n|\n|-heal|p1b: Calyrex|36/100|[from] item: Leftovers\n|-heal|p2b: Calyrex|36/100|[from] item: Leftovers\n|-damage|p1a: Grimmsnarl|31/100|[from] Leech Seed|[of] p2b: Calyrex\n|-heal|p2b: Calyrex|48/100|[silent]\n|-damage|p1b: Calyrex|24/100|[from] Leech Seed|[of] p2b: Calyrex\n|-heal|p2b: Calyrex|60/100|[silent]\n|-sideend|p1: Sablewile|Reflect\n|upkeep\n|turn|12\n|\n|t:|1771483021\n|move|p2b: Calyrex|Protect|p2b: Calyrex\n|-singleturn|p2b: Calyrex|Protect\n|move|p1a: Grimmsnarl|Reflect|p1a: Grimmsnarl\n|-sidestart|p1: Sablewile|Reflect\n|move|p1b: Calyrex|Leech Seed|p2b: Calyrex\n|-activate|p2b: Calyrex|move: Protect\n|\n|-heal|p1b: Calyrex|29/100|[from] item: Leftovers\n|-heal|p2b: Calyrex|66/100|[from] item: Leftovers\n|-damage|p1a: Grimmsnarl|18/100|[from] Leech Seed|[of] p2b: Calyrex\n|-heal|p2b: Calyrex|78/100|[silent]\n|-damage|p1b: Calyrex|17/100|[from] Leech Seed|[of] p2b: Calyrex\n|-heal|p2b: Calyrex|90/100|[silent]\n|upkeep\n|turn|13\n|\n|t:|1771483034\n|move|p1a: Grimmsnarl|Thunder Wave|p2b: Calyrex\n|-status|p2b: Calyrex|par\n|move|p1b: Calyrex|Leech Seed|p2b: Calyrex\n|-start|p2b: Calyrex|move: Leech Seed\n|move|p2b: Calyrex|Glacial Lance|p1b: Calyrex|[spread] p1a,p1b\n|-resisted|p1b: Calyrex\n|-damage|p1a: Grimmsnarl|0 fnt\n|-damage|p1b: Calyrex|5/100\n|faint|p1a: Grimmsnarl\n|-ability|p2b: Calyrex|Chilling Neigh|boost\n|-boost|p2b: Calyrex|atk|1\n|\n|-heal|p1b: Calyrex|11/100|[from] item: Leftovers\n|-heal|p2b: Calyrex|96/100 par|[from] item: Leftovers\n|-damage|p1b: Calyrex|0 fnt|[from] Leech Seed|[of] p2b: Calyrex\n|-heal|p2b: Calyrex|100/100 par|[silent]\n|faint|p1b: Calyrex\n|\n|win|fogdocker\n|raw|Sablewile's rating: 1436 &rarr; <strong>1416</strong><br />(-20 for losing)\n|raw|fogdocker's rating: 1443 &rarr; <strong>1463</strong><br />(+20 for winning)\n|l|\u2606Sablewile\n|player|p1|\n|l|\u2606fogdocker\n|player|p2|\n","uploadtime":1771483247,"views":16,"formatid":"gen9vgc2026regi","rating":1416,"private":0,"password":null}