{"id":"gen9vgc2026regi-2566503293","format":"[Gen 9] VGC 2026 Reg I","players":["newlifecicle","soahmed"],"log":"|j|\u2606newlifecicle\n|j|\u2606soahmed\n|t:|1774381511\n|gametype|doubles\n|player|p1|newlifecicle|veteran|1394\n|player|p2|soahmed|backersf|1321\n|gen|9\n|tier|[Gen 9] VGC 2026 Reg I\n|rated|\n|rule|Species Clause: Limit one of each Pok\u00e9mon\n|rule|Item Clause: Limit 1 of each item\n|clearpoke\n|poke|p1|Miraidon, L50|\n|poke|p1|Lunala, L50|\n|poke|p1|Whimsicott, L50, M|\n|poke|p1|Urshifu-*, L50, M|\n|poke|p1|Incineroar, L50, F|\n|poke|p1|Ursaluna, L50, M|\n|poke|p2|Calyrex-Shadow, L50|\n|poke|p2|Zamazenta-*, L50|\n|poke|p2|Chien-Pao, L50|\n|poke|p2|Dragonite, L50, M|\n|poke|p2|Amoonguss, L50, M|\n|poke|p2|Ogerpon-Cornerstone, L50, F|\n|teampreview|4\n|inactive|Battle timer is ON: inactive players will automatically lose when time's up. (requested by newlifecicle)\n|\n|t:|1774381533\n|teamsize|p1|4\n|teamsize|p2|4\n|start\n|switch|p1a: Miraidon|Miraidon, L50|100/100\n|switch|p1b: Lunala|Lunala, L50|100/100\n|switch|p2a: Zamazenta|Zamazenta-Crowned, L50|100/100\n|switch|p2b: Chien-Pao|Chien-Pao, L50|100/100\n|-ability|p2b: Chien-Pao|Sword of Ruin\n|-fieldstart|move: Electric Terrain|[from] ability: Hadron Engine|[of] p1a: Miraidon\n|-enditem|p1b: Lunala|Electric Seed\n|-boost|p1b: Lunala|def|1|[from] item: Electric Seed\n|-ability|p2a: Zamazenta|Dauntless Shield|boost\n|-boost|p2a: Zamazenta|def|1\n|turn|1\n|inactive|soahmed has 30 seconds left.\n|inactive|soahmed has 20 seconds left.\n|inactive|soahmed has 15 seconds left.\n|inactive|soahmed has 10 seconds left.\n|inactive|soahmed has 5 seconds left.\n|\n|t:|1774381585\n|-terastallize|p1a: Miraidon|Electric\n|move|p2b: Chien-Pao|Ice Spinner|p1b: Lunala\n|-damage|p1b: Lunala|89/100\n|-fieldend|move: Electric Terrain\n|move|p1a: Miraidon|Volt Switch|p2b: Chien-Pao\n|-damage|p2b: Chien-Pao|41/100\n|-damage|p1a: Miraidon|91/100|[from] item: Life Orb\n|\n|t:|1774381596\n|switch|p1a: Incineroar|Incineroar, L50, F|100/100|[from] Volt Switch\n|-ability|p1a: Incineroar|Intimidate|boost\n|-unboost|p2a: Zamazenta|atk|1\n|-unboost|p2b: Chien-Pao|atk|1\n|move|p2a: Zamazenta|Body Press|p1a: Incineroar\n|-supereffective|p1a: Incineroar\n|-damage|p1a: Incineroar|0 fnt\n|faint|p1a: Incineroar\n|move|p1b: Lunala|Trick Room|p1b: Lunala\n|-fieldstart|move: Trick Room|[of] p1b: Lunala\n|\n|upkeep\n|\n|t:|1774381601\n|switch|p1a: Ursaluna|Ursaluna, L50, M|100/100\n|turn|2\n|inactive|soahmed has 30 seconds left.\n|\n|t:|1774381631\n|switch|p2b: Amoonguss|Amoonguss, L50, M|100/100\n|move|p1a: Ursaluna|Protect|p1a: Ursaluna\n|-singleturn|p1a: Ursaluna|Protect\n|move|p1b: Lunala|Moongeist Beam|p2a: Zamazenta\n|-damage|p2a: Zamazenta|56/100\n|move|p2a: Zamazenta|Body Press|p1a: Ursaluna\n|-activate|p1a: Ursaluna|move: Protect\n|\n|-status|p1a: Ursaluna|brn|[from] item: Flame Orb\n|upkeep\n|turn|3\n|\n|t:|1774381646\n|-terastallize|p2a: Zamazenta|Dragon\n|move|p1b: Lunala|Wide Guard|p1b: Lunala\n|-singleturn|p1b: Lunala|Wide Guard\n|move|p2b: Amoonguss|Rage Powder|p2b: Amoonguss\n|-singleturn|p2b: Amoonguss|move: Rage Powder\n|move|p1a: Ursaluna|Earthquake|p2b: Amoonguss|[spread] p2a,p2b\n|-activate|p1b: Lunala|move: Wide Guard\n|-damage|p2a: Zamazenta|33/100\n|-damage|p2b: Amoonguss|45/100\n|move|p2a: Zamazenta|Body Press|p1a: Ursaluna\n|-supereffective|p1a: Ursaluna\n|-damage|p1a: Ursaluna|0 fnt\n|faint|p1a: Ursaluna\n|\n|upkeep\n|\n|t:|1774381656\n|switch|p1a: Miraidon|Miraidon, L50, tera:Electric|91/100\n|-fieldstart|move: Electric Terrain|[from] ability: Hadron Engine|[of] p1a: Miraidon\n|turn|4\n|\n|t:|1774381675\n|move|p2a: Zamazenta|Protect|p2a: Zamazenta\n|-singleturn|p2a: Zamazenta|Protect\n|move|p1a: Miraidon|Protect|p1a: Miraidon\n|-singleturn|p1a: Miraidon|Protect\n|move|p2b: Amoonguss|Sludge Bomb|p1b: Lunala\n|-resisted|p1b: Lunala\n|-damage|p1b: Lunala|79/100\n|-status|p1b: Lunala|psn\n|move|p1b: Lunala|Moongeist Beam|p2a: Zamazenta\n|-activate|p2a: Zamazenta|move: Protect\n|\n|-damage|p1b: Lunala|67/100 psn|[from] psn\n|upkeep\n|turn|5\n|-message|newlifecicle forfeited.\n|\n|win|soahmed\n|raw|newlifecicle's rating: 1394 &rarr; <strong>1370</strong><br />(-24 for losing)\n|raw|soahmed's rating: 1321 &rarr; <strong>1345</strong><br />(+24 for winning)\n|l|\u2606newlifecicle\n|player|p1|\n|j|\u2606newlifecicle\n|player|p1|newlifecicle|veteran|\n","uploadtime":1774381688,"views":37,"formatid":"gen9vgc2026regi","rating":1345,"private":0,"password":null}