{"id":"gen9vgc2026regi-2559343241","format":"[Gen 9] VGC 2026 Reg I","players":["eye-zitt","rotom Jones"],"log":"|j|\u2606eye-zitt\n|j|\u2606rotom Jones\n|t:|1773549366\n|gametype|doubles\n|player|p1|eye-zitt|hilbert|1317\n|player|p2|rotom Jones|102|1203\n|gen|9\n|tier|[Gen 9] VGC 2026 Reg I\n|rated|\n|rule|Species Clause: Limit one of each Pok\u00e9mon\n|rule|Item Clause: Limit 1 of each item\n|clearpoke\n|poke|p1|Terapagos, L50, M|\n|poke|p1|Calyrex-Shadow, L50|\n|poke|p1|Rillaboom, L50, F|\n|poke|p1|Incineroar, L50, M|\n|poke|p1|Amoonguss, L50, M|\n|poke|p1|Ogerpon-Cornerstone, L50, F|\n|poke|p2|Jumpluff, L50, M|\n|poke|p2|Koraidon, L50|\n|poke|p2|Chi-Yu, L50|\n|poke|p2|Indeedee-F, L50, F|\n|poke|p2|Calyrex-Shadow, L50|\n|poke|p2|Gouging Fire, L50|\n|teampreview|4\n|inactive|Battle timer is ON: inactive players will automatically lose when time's up. (requested by eye-zitt)\n|inactive|rotom Jones has 60 seconds left.\n|\n|t:|1773549401\n|teamsize|p1|4\n|teamsize|p2|4\n|start\n|switch|p1a: Terapagos|Terapagos, L50, M|100/100\n|switch|p1b: Rillaboom|Rillaboom, L50, F|100/100\n|switch|p2a: Koraidon|Koraidon, L50|100/100\n|switch|p2b: Jumpluff|Jumpluff, L50, M|100/100\n|-activate|p1a: Terapagos|ability: Tera Shift\n|detailschange|p1a: Terapagos|Terapagos-Terastal, L50, M\n|-heal|p1a: Terapagos|100/100|[silent]\n|-weather|SunnyDay|[from] ability: Orichalcum Pulse|[of] p2a: Koraidon\n|-activate|p2a: Koraidon|Orichalcum Pulse|[source]\n|-fieldstart|move: Grassy Terrain|[from] ability: Grassy Surge|[of] p1b: Rillaboom\n|turn|1\n|inactive|eye-zitt has 30 seconds left.\n|inactive|eye-zitt has 20 seconds left.\n|\n|t:|1773549437\n|move|p2b: Jumpluff|Protect|p2b: Jumpluff\n|-singleturn|p2b: Jumpluff|Protect\n|move|p2a: Koraidon|Protect|p2a: Koraidon\n|-singleturn|p2a: Koraidon|Protect\n|move|p1b: Rillaboom|Fake Out|p2a: Koraidon\n|-activate|p2a: Koraidon|move: Protect\n|move|p1a: Terapagos|Calm Mind|p1a: Terapagos\n|-boost|p1a: Terapagos|spa|1\n|-boost|p1a: Terapagos|spd|1\n|\n|-weather|SunnyDay|[upkeep]\n|upkeep\n|turn|2\n|\n|t:|1773549462\n|move|p2b: Jumpluff|Tailwind|p2b: Jumpluff\n|-sidestart|p2: rotom Jones|move: Tailwind\n|move|p2a: Koraidon|Close Combat|p1a: Terapagos\n|-activate|p1a: Terapagos|ability: Tera Shell\n|-resisted|p1a: Terapagos\n|-damage|p1a: Terapagos|51/100\n|-unboost|p2a: Koraidon|def|1\n|-unboost|p2a: Koraidon|spd|1\n|-damage|p2a: Koraidon|91/100|[from] item: Life Orb\n|move|p1a: Terapagos|Earth Power|p2a: Koraidon\n|-damage|p2a: Koraidon|24/100\n|move|p1b: Rillaboom|U-turn|p2b: Jumpluff\n|-damage|p2b: Jumpluff|81/100\n|-damage|p1b: Rillaboom|84/100|[from] item: Rocky Helmet|[of] p2b: Jumpluff\n|\n|t:|1773549478\n|switch|p1b: Ogerpon|Ogerpon-Cornerstone, L50, F|100/100|[from] U-turn\n|\n|-weather|SunnyDay|[upkeep]\n|-heal|p2a: Koraidon|30/100|[from] Grassy Terrain\n|-heal|p1a: Terapagos|57/100|[from] Grassy Terrain\n|-heal|p1a: Terapagos|64/100|[from] item: Leftovers\n|upkeep\n|turn|3\n|inactive|rotom Jones has 30 seconds left.\n|inactive|rotom Jones has 20 seconds left.\n|inactive|rotom Jones has 15 seconds left.\n|inactive|rotom Jones has 10 seconds left.\n|\n|t:|1773549524\n|-terastallize|p1a: Terapagos|Stellar\n|detailschange|p1a: Terapagos|Terapagos-Stellar, L50, M, tera:Stellar\n|-heal|p1a: Terapagos|73/100|[silent]\n|-ability|p1a: Terapagos|Teraform Zero\n|-weather|none\n|-fieldend|move: Grassy Terrain\n|move|p2b: Jumpluff|Protect|p2b: Jumpluff\n|-singleturn|p2b: Jumpluff|Protect\n|move|p1b: Ogerpon|Follow Me|p1b: Ogerpon\n|-singleturn|p1b: Ogerpon|move: Follow Me\n|move|p2a: Koraidon|Flame Charge|p1b: Ogerpon\n|-damage|p1b: Ogerpon|67/100\n|-boost|p2a: Koraidon|spe|1\n|-damage|p2a: Koraidon|20/100|[from] item: Life Orb\n|move|p1a: Terapagos|Tera Starstorm|p2a: Koraidon|[spread] p2a\n|-activate|p2b: Jumpluff|move: Protect\n|-damage|p2a: Koraidon|0 fnt\n|faint|p2a: Koraidon\n|\n|-heal|p1a: Terapagos|79/100|[from] item: Leftovers\n|upkeep\n|inactive|rotom Jones has 30 seconds left.\n|\n|t:|1773549549\n|switch|p2a: Chi-Yu|Chi-Yu, L50|100/100\n|-ability|p2a: Chi-Yu|Beads of Ruin\n|turn|4\n|\n|t:|1773549568\n|-terastallize|p2a: Chi-Yu|Fire\n|move|p2b: Jumpluff|Helping Hand|p2a: Chi-Yu\n|-singleturn|p2a: Chi-Yu|Helping Hand|[of] p2b: Jumpluff\n|move|p1b: Ogerpon|Spiky Shield|p1b: Ogerpon\n|-singleturn|p1b: Ogerpon|move: Protect\n|move|p2a: Chi-Yu|Overheat|p1a: Terapagos\n|-damage|p1a: Terapagos|0 fnt\n|-unboost|p2a: Chi-Yu|spa|2\n|faint|p1a: Terapagos\n|detailschange|p1: Terapagos|Terapagos, L50, M|[silent]\n|\n|upkeep\n|\n|t:|1773549580\n|switch|p1a: Calyrex|Calyrex-Shadow, L50|100/100\n|-ability|p1a: Calyrex|As One\n|-ability|p1a: Calyrex|Unnerve\n|turn|5\n|\n|t:|1773549604\n|move|p2b: Jumpluff|Helping Hand|p2a: Chi-Yu\n|-singleturn|p2a: Chi-Yu|Helping Hand|[of] p2b: Jumpluff\n|move|p2a: Chi-Yu|Heat Wave|p1a: Calyrex|[spread] p1a,p1b\n|-damage|p1a: Calyrex|44/100\n|-damage|p1b: Ogerpon|0 fnt\n|faint|p1b: Ogerpon\n|move|p1a: Calyrex|Astral Barrage|p2b: Jumpluff|[spread] p2a,p2b\n|-damage|p2a: Chi-Yu|40/100\n|-damage|p2b: Jumpluff|2/100\n|\n|-sideend|p2: rotom Jones|move: Tailwind\n|upkeep\n|\n|t:|1773549614\n|switch|p1b: Rillaboom|Rillaboom, L50, F|84/100\n|-fieldstart|move: Grassy Terrain|[from] ability: Grassy Surge|[of] p1b: Rillaboom\n|turn|6\n|\n|t:|1773549628\n|move|p1b: Rillaboom|Fake Out|p2b: Jumpluff\n|-damage|p2b: Jumpluff|0 fnt\n|-damage|p1b: Rillaboom|67/100|[from] item: Rocky Helmet|[of] p2b: Jumpluff\n|faint|p2b: Jumpluff\n|move|p1a: Calyrex|Astral Barrage|p2a: Chi-Yu\n|-damage|p2a: Chi-Yu|0 fnt\n|faint|p2a: Chi-Yu\n|-ability|p1a: Calyrex|Grim Neigh|boost\n|-boost|p1a: Calyrex|spa|1\n|\n|-heal|p1a: Calyrex|50/100|[from] Grassy Terrain\n|-heal|p1b: Rillaboom|73/100|[from] Grassy Terrain\n|upkeep\n|\n|t:|1773549643\n|switch|p2a: Calyrex|Calyrex-Shadow, L50|100/100\n|-ability|p2a: Calyrex|As One\n|-ability|p2a: Calyrex|Unnerve\n|turn|7\n|\n|t:|1773549654\n|move|p1b: Rillaboom|Grassy Glide|p2a: Calyrex\n|-damage|p2a: Calyrex|59/100\n|move|p1a: Calyrex|Astral Barrage|p2a: Calyrex\n|-supereffective|p2a: Calyrex\n|-damage|p2a: Calyrex|0 fnt\n|faint|p2a: Calyrex\n|\n|win|eye-zitt\n|raw|eye-zitt's rating: 1317 &rarr; <strong>1331</strong><br />(+14 for winning)\n|raw|rotom Jones's rating: 1203 &rarr; <strong>1186</strong><br />(-17 for losing)\n|c|\u2606rotom Jones|Gg\n|c|\u2606eye-zitt|Gg\n|l|\u2606rotom Jones\n|player|p2|\n|l|\u2606eye-zitt\n|player|p1|\n","uploadtime":1773549826,"views":11,"formatid":"gen9vgc2026regi","rating":1186,"private":0,"password":null}