{"id":"gen9vgc2026regi-2579096124","format":"[Gen 9] VGC 2026 Reg I","players":["Sheevp","migcthi"],"log":"|j|\u2606Sheevp\n|j|\u2606migcthi\n|t:|1775751811\n|gametype|doubles\n|player|p1|Sheevp|1|1414\n|player|p2|migcthi|2|1504\n|gen|9\n|tier|[Gen 9] VGC 2026 Reg I\n|rated|\n|rule|Species Clause: Limit one of each Pok\u00e9mon\n|rule|Item Clause: Limit 1 of each item\n|clearpoke\n|poke|p1|Calyrex-Ice, L50|\n|poke|p1|Kyogre, L50|\n|poke|p1|Iron Jugulis, L50|\n|poke|p1|Basculegion, L50, M|\n|poke|p1|Smeargle, L50, F|\n|poke|p1|Rillaboom, L50, F|\n|poke|p2|Calyrex-Ice, L50|\n|poke|p2|Miraidon, L50|\n|poke|p2|Ursaluna, L50, M|\n|poke|p2|Volcarona, L50, F|\n|poke|p2|Grimmsnarl, L50, M|\n|poke|p2|Iron Hands, L50|\n|teampreview|4\n|inactive|Battle timer is ON: inactive players will automatically lose when time's up. (requested by migcthi)\n|\n|t:|1775751836\n|teamsize|p1|4\n|teamsize|p2|4\n|start\n|switch|p1a: Iron Jugulis|Iron Jugulis, L50|100/100\n|switch|p1b: Calyrex|Calyrex-Ice, L50|100/100\n|switch|p2a: Grimmsnarl|Grimmsnarl, L50, M|100/100\n|switch|p2b: Miraidon|Miraidon, L50|100/100\n|-ability|p1b: Calyrex|As One\n|-ability|p1b: Calyrex|Unnerve\n|-fieldstart|move: Electric Terrain|[from] ability: Hadron Engine|[of] p2b: Miraidon\n|-activate|p1a: Iron Jugulis|ability: Quark Drive\n|-start|p1a: Iron Jugulis|quarkdrivespe\n|turn|1\n|inactive|Sheevp has 30 seconds left.\n|inactive|Sheevp has 20 seconds left.\n|\n|t:|1775751872\n|-end|p1a: Iron Jugulis|Quark Drive|[silent]\n|switch|p1a: Rillaboom|Rillaboom, L50, F|100/100\n|-fieldstart|move: Grassy Terrain|[from] ability: Grassy Surge|[of] p1a: Rillaboom\n|-terastallize|p2b: Miraidon|Fairy\n|move|p2a: Grimmsnarl|Reflect|p2a: Grimmsnarl\n|-sidestart|p2: migcthi|Reflect\n|move|p2b: Miraidon|Dazzling Gleam|p1b: Calyrex|[spread] p1a,p1b\n|-damage|p1a: Rillaboom|63/100\n|-damage|p1b: Calyrex|73/100\n|move|p1b: Calyrex|Glacial Lance|p2b: Miraidon|[spread] p2a,p2b\n|-damage|p2a: Grimmsnarl|60/100\n|-damage|p2b: Miraidon|68/100\n|\n|-heal|p2b: Miraidon|74/100|[from] Grassy Terrain\n|-heal|p1a: Rillaboom|69/100|[from] Grassy Terrain\n|-heal|p2a: Grimmsnarl|66/100|[from] Grassy Terrain\n|-heal|p1b: Calyrex|79/100|[from] Grassy Terrain\n|-heal|p1b: Calyrex|85/100|[from] item: Leftovers\n|upkeep\n|turn|2\n|\n|t:|1775751893\n|move|p2a: Grimmsnarl|Thunder Wave|p1b: Calyrex\n|-status|p1b: Calyrex|par\n|move|p2b: Miraidon|Dazzling Gleam|p1b: Calyrex|[spread] p1a,p1b\n|-crit|p1b: Calyrex\n|-damage|p1a: Rillaboom|35/100\n|-damage|p1b: Calyrex|40/100 par\n|move|p1a: Rillaboom|Wood Hammer|p2b: Miraidon\n|-damage|p2b: Miraidon|28/100\n|-damage|p1a: Rillaboom|20/100|[from] Recoil\n|cant|p1b: Calyrex|par\n|\n|-heal|p2b: Miraidon|34/100|[from] Grassy Terrain\n|-heal|p1a: Rillaboom|26/100|[from] Grassy Terrain\n|-heal|p2a: Grimmsnarl|72/100|[from] Grassy Terrain\n|-heal|p1b: Calyrex|45/100 par|[from] Grassy Terrain\n|-heal|p1b: Calyrex|51/100 par|[from] item: Leftovers\n|upkeep\n|turn|3\n|\n|t:|1775751909\n|move|p1a: Rillaboom|Grassy Glide|p2b: Miraidon\n|-damage|p2b: Miraidon|14/100\n|move|p2b: Miraidon|Dazzling Gleam|p1b: Calyrex|[spread] p1a,p1b\n|-damage|p1a: Rillaboom|0 fnt\n|-damage|p1b: Calyrex|22/100 par\n|faint|p1a: Rillaboom\n|move|p2a: Grimmsnarl|Spirit Break|p1b: Calyrex\n|-damage|p1b: Calyrex|2/100 par\n|-unboost|p1b: Calyrex|spa|1\n|cant|p1b: Calyrex|par\n|\n|-heal|p2b: Miraidon|20/100|[from] Grassy Terrain\n|-heal|p2a: Grimmsnarl|78/100|[from] Grassy Terrain\n|-heal|p1b: Calyrex|8/100 par|[from] Grassy Terrain\n|-heal|p1b: Calyrex|14/100 par|[from] item: Leftovers\n|upkeep\n|\n|t:|1775751925\n|switch|p1a: Iron Jugulis|Iron Jugulis, L50|100/100\n|-enditem|p1a: Iron Jugulis|Booster Energy\n|-activate|p1a: Iron Jugulis|ability: Quark Drive|[fromitem]\n|-start|p1a: Iron Jugulis|quarkdrivespe\n|turn|4\n|\n|t:|1775751937\n|switch|p1b: Kyogre|Kyogre, L50|100/100\n|-weather|RainDance|[from] ability: Drizzle|[of] p1b: Kyogre\n|move|p1a: Iron Jugulis|Hurricane|p2b: Miraidon\n|-damage|p2b: Miraidon|0 fnt\n|faint|p2b: Miraidon\n|move|p2a: Grimmsnarl|Spirit Break|p1b: Kyogre\n|-damage|p1b: Kyogre|72/100\n|-unboost|p1b: Kyogre|spa|1\n|\n|-weather|RainDance|[upkeep]\n|-heal|p1b: Kyogre|78/100|[from] Grassy Terrain\n|-heal|p2a: Grimmsnarl|84/100|[from] Grassy Terrain\n|upkeep\n|\n|t:|1775751945\n|switch|p2b: Calyrex|Calyrex-Ice, L50|100/100\n|-ability|p2b: Calyrex|As One\n|-ability|p2b: Calyrex|Unnerve\n|turn|5\n|\n|t:|1775751961\n|move|p2a: Grimmsnarl|Light Screen|p2a: Grimmsnarl\n|-sidestart|p2: migcthi|move: Light Screen\n|move|p1a: Iron Jugulis|Hurricane|p2b: Calyrex\n|-damage|p2b: Calyrex|82/100\n|move|p1b: Kyogre|Water Spout|p2b: Calyrex|[spread] p2a,p2b\n|-damage|p2a: Grimmsnarl|47/100\n|-damage|p2b: Calyrex|56/100\n|move|p2b: Calyrex|Trick Room|p2b: Calyrex\n|-fieldstart|move: Trick Room|[of] p2b: Calyrex\n|\n|-weather|RainDance|[upkeep]\n|-heal|p2b: Calyrex|61/100|[from] Grassy Terrain\n|-heal|p2b: Calyrex|67/100|[from] item: Leftovers\n|-heal|p2a: Grimmsnarl|53/100|[from] Grassy Terrain\n|-heal|p1b: Kyogre|84/100|[from] Grassy Terrain\n|-fieldend|move: Grassy Terrain\n|upkeep\n|turn|6\n|-message|Sheevp forfeited.\n|\n|win|migcthi\n|raw|Sheevp's rating: 1414 &rarr; <strong>1399</strong><br />(-15 for losing)\n|raw|migcthi's rating: 1504 &rarr; <strong>1519</strong><br />(+15 for winning)\n|l|\u2606Sheevp\n|player|p1|\n","uploadtime":1775752210,"views":11,"formatid":"gen9vgc2026regi","rating":1399,"private":0,"password":null}