{"id":"gen9vgc2026regi-2563172774","format":"[Gen 9] VGC 2026 Reg I","players":["Jonen","TerraDelta"],"log":"|j|\u2606Jonen\n|j|\u2606TerraDelta\n|t:|1773998231\n|gametype|doubles\n|player|p1|Jonen|medium|1304\n|player|p2|TerraDelta|clair|1237\n|gen|9\n|tier|[Gen 9] VGC 2026 Reg I\n|rated|\n|rule|Species Clause: Limit one of each Pok\u00e9mon\n|rule|Item Clause: Limit 1 of each item\n|clearpoke\n|poke|p1|Groudon, L50|\n|poke|p1|Lunala, L50|\n|poke|p1|Sableye, L50, F|\n|poke|p1|Chi-Yu, L50|\n|poke|p1|Rillaboom, L50, F|\n|poke|p1|Jumpluff, L50, M|\n|poke|p2|Calyrex-Ice, L50|\n|poke|p2|Scraggy, L50, M|\n|poke|p2|Miraidon, L50|\n|poke|p2|Farigiraf, L50, F|\n|poke|p2|Iron Treads, L50|\n|poke|p2|Iron Hands, L50|\n|teampreview|4\n|\n|t:|1773998272\n|teamsize|p1|4\n|teamsize|p2|4\n|start\n|switch|p1a: Lunala|Lunala, L50|100/100\n|switch|p1b: Sableye|Sableye, L50, F|100/100\n|switch|p2a: Calyrex|Calyrex-Ice, L50|100/100\n|switch|p2b: Miraidon|Miraidon, L50|100/100\n|-ability|p2a: Calyrex|As One\n|-ability|p2a: Calyrex|Unnerve\n|-fieldstart|move: Electric Terrain|[from] ability: Hadron Engine|[of] p2b: Miraidon\n|turn|1\n|\n|t:|1773998294\n|move|p1b: Sableye|Gravity|p1b: Sableye\n|-fieldstart|move: Gravity\n|move|p1a: Lunala|Hypnosis|p2a: Calyrex\n|-activate|p2a: Calyrex|move: Electric Terrain\n|move|p2b: Miraidon|Volt Switch|p1a: Lunala\n|-damage|p1a: Lunala|56/100\n|\n|t:|1773998300\n|switch|p2b: Iron Hands|Iron Hands, L50|100/100|[from] Volt Switch\n|-activate|p2b: Iron Hands|ability: Quark Drive\n|-start|p2b: Iron Hands|quarkdriveatk\n|move|p2a: Calyrex|Trick Room|p2a: Calyrex\n|-fieldstart|move: Trick Room|[of] p2a: Calyrex\n|\n|upkeep\n|turn|2\n|\n|t:|1773998309\n|move|p1a: Lunala|Protect|p1a: Lunala\n|-singleturn|p1a: Lunala|Protect\n|move|p2a: Calyrex|Glacial Lance|p1b: Sableye|[spread] p1b\n|-activate|p1a: Lunala|move: Protect\n|-damage|p1b: Sableye|43/100\n|move|p2b: Iron Hands|Wild Charge|p1b: Sableye\n|-damage|p1b: Sableye|0 fnt\n|faint|p1b: Sableye\n|-damage|p2b: Iron Hands|93/100|[from] Recoil\n|\n|upkeep\n|\n|t:|1773998319\n|switch|p1b: Groudon|Groudon, L50|100/100\n|-weather|SunnyDay|[from] ability: Drought|[of] p1b: Groudon\n|turn|3\n|\n|t:|1773998341\n|-terastallize|p1b: Groudon|Fire\n|move|p2a: Calyrex|Glacial Lance|p1a: Lunala|[spread] p1a,p1b\n|-resisted|p1b: Groudon\n|-damage|p1a: Lunala|2/100\n|-damage|p1b: Groudon|80/100\n|move|p2b: Iron Hands|Low Kick|p1b: Groudon\n|-damage|p1b: Groudon|11/100\n|move|p1b: Groudon|Precipice Blades|p2a: Calyrex|[spread] p2a,p2b\n|-supereffective|p2b: Iron Hands\n|-damage|p2a: Calyrex|54/100\n|-damage|p2b: Iron Hands|0 fnt\n|faint|p2b: Iron Hands\n|-end|p2b: Iron Hands|Quark Drive|[silent]\n|-damage|p1b: Groudon|2/100|[from] item: Life Orb\n|move|p1a: Lunala|Moongeist Beam|p2a: Calyrex\n|-supereffective|p2a: Calyrex\n|-damage|p2a: Calyrex|0 fnt\n|faint|p2a: Calyrex\n|\n|-weather|SunnyDay|[upkeep]\n|upkeep\n|\n|t:|1773998349\n|switch|p2a: Scraggy|Scraggy, L50, M|100/100\n|switch|p2b: Miraidon|Miraidon, L50|100/100\n|-ability|p2a: Scraggy|Intimidate|boost\n|-unboost|p1a: Lunala|atk|1\n|-unboost|p1b: Groudon|atk|1\n|-activate|p2b: Miraidon|ability: Hadron Engine\n|turn|4\n|\n|t:|1773998396\n|move|p1b: Groudon|Protect|p1b: Groudon\n|-singleturn|p1b: Groudon|Protect\n|move|p2a: Scraggy|Fake Out|p1b: Groudon\n|-activate|p1b: Groudon|move: Protect\n|move|p2b: Miraidon|Electro Drift|p1a: Lunala\n|-damage|p1a: Lunala|0 fnt\n|faint|p1a: Lunala\n|\n|-weather|SunnyDay|[upkeep]\n|upkeep\n|\n|t:|1773998404\n|switch|p1a: Rillaboom|Rillaboom, L50, F|100/100\n|-fieldstart|move: Grassy Terrain|[from] ability: Grassy Surge|[of] p1a: Rillaboom\n|turn|5\n|\n|t:|1773998412\n|move|p1a: Rillaboom|Fake Out|p2a: Scraggy\n|-damage|p2a: Scraggy|88/100\n|cant|p2a: Scraggy|flinch\n|move|p1b: Groudon|Precipice Blades|p2a: Scraggy|[spread] p2a,p2b\n|-supereffective|p2b: Miraidon\n|-damage|p2a: Scraggy|44/100\n|-damage|p2b: Miraidon|17/100\n|-damage|p1b: Groudon|0 fnt|[from] item: Life Orb\n|faint|p1b: Groudon\n|move|p2b: Miraidon|Electro Drift|p1a: Rillaboom\n|-resisted|p1a: Rillaboom\n|-damage|p1a: Rillaboom|77/100\n|\n|-weather|SunnyDay|[upkeep]\n|-heal|p2a: Scraggy|50/100|[from] Grassy Terrain\n|-heal|p1a: Rillaboom|83/100|[from] Grassy Terrain\n|-heal|p2b: Miraidon|22/100|[from] Grassy Terrain\n|-fieldend|move: Trick Room\n|-fieldend|move: Gravity\n|upkeep\n|turn|6\n|\n|t:|1773998435\n|move|p2b: Miraidon|Electro Drift|p1a: Rillaboom\n|-resisted|p1a: Rillaboom\n|-damage|p1a: Rillaboom|59/100\n|move|p1a: Rillaboom|Wood Hammer|p2a: Scraggy\n|-damage|p2a: Scraggy|0 fnt\n|faint|p2a: Scraggy\n|-damage|p1a: Rillaboom|49/100|[from] Recoil\n|\n|-weather|SunnyDay|[upkeep]\n|-heal|p2b: Miraidon|28/100|[from] Grassy Terrain\n|-heal|p1a: Rillaboom|55/100|[from] Grassy Terrain\n|upkeep\n|turn|7\n|\n|t:|1773998444\n|move|p2b: Miraidon|Electro Drift|p1a: Rillaboom\n|-resisted|p1a: Rillaboom\n|-damage|p1a: Rillaboom|30/100\n|move|p1a: Rillaboom|Wood Hammer|p2b: Miraidon\n|-resisted|p2b: Miraidon\n|-damage|p2b: Miraidon|0 fnt\n|faint|p2b: Miraidon\n|-damage|p1a: Rillaboom|20/100|[from] Recoil\n|\n|win|Jonen\n|raw|Jonen's rating: 1304 &rarr; <strong>1320</strong><br />(+16 for winning)\n|raw|TerraDelta's rating: 1237 &rarr; <strong>1217</strong><br />(-20 for losing)\n|l|\u2606TerraDelta\n|player|p2|\n|l|\u2606Jonen\n|player|p1|\n","uploadtime":1773998445,"views":11,"formatid":"gen9vgc2026regi","rating":1217,"private":0,"password":null}