{"id":"gen9vgc2026regi-2571500438","format":"[Gen 9] VGC 2026 Reg I","players":["lstdddsg","Ashish9"],"log":"|j|\u2606lstdddsg\n|j|\u2606Ashish9\n|t:|1774925696\n|gametype|doubles\n|player|p1|lstdddsg|riley|1484\n|player|p2|Ashish9|1|1448\n|gen|9\n|tier|[Gen 9] VGC 2026 Reg I\n|rated|\n|rule|Species Clause: Limit one of each Pok\u00e9mon\n|rule|Item Clause: Limit 1 of each item\n|clearpoke\n|poke|p1|Giratina-Origin, L50|\n|poke|p1|Zamazenta-*, L50|\n|poke|p1|Chien-Pao, L50|\n|poke|p1|Entei, L50|\n|poke|p1|Urshifu-*, L50, F|\n|poke|p1|Rillaboom, L50, F|\n|poke|p2|Grimmsnarl, L50, M|\n|poke|p2|Calyrex-Ice, L50|\n|poke|p2|Groudon, L50|\n|poke|p2|Flutter Mane, L50|\n|poke|p2|Chi-Yu, L50|\n|poke|p2|Brute Bonnet, L50|\n|teampreview|4\n|inactive|Battle timer is ON: inactive players will automatically lose when time's up. (requested by lstdddsg)\n|inactive|lstdddsg has 60 seconds left.\n|inactive|Ashish9 has 60 seconds left.\n|\n|t:|1774925743\n|teamsize|p1|4\n|teamsize|p2|4\n|start\n|switch|p1a: Entei|Entei, L50|100/100\n|switch|p1b: Rillaboom|Rillaboom, L50, F|100/100\n|switch|p2a: Grimmsnarl|Grimmsnarl, L50, M|100/100\n|switch|p2b: Calyrex|Calyrex-Ice, L50|100/100\n|-ability|p2b: Calyrex|As One\n|-ability|p2b: Calyrex|Unnerve\n|-fieldstart|move: Grassy Terrain|[from] ability: Grassy Surge|[of] p1b: Rillaboom\n|turn|1\n|inactive|lstdddsg has 30 seconds left.\n|\n|t:|1774925769\n|move|p2b: Calyrex|Protect|p2b: Calyrex\n|-singleturn|p2b: Calyrex|Protect\n|move|p1b: Rillaboom|Fake Out|p2a: Grimmsnarl\n|-damage|p2a: Grimmsnarl|85/100\n|cant|p2a: Grimmsnarl|flinch\n|move|p1a: Entei|Sacred Fire|p2a: Grimmsnarl\n|-damage|p2a: Grimmsnarl|13/100\n|-damage|p1a: Entei|91/100|[from] item: Life Orb\n|\n|-heal|p1a: Entei|97/100|[from] Grassy Terrain\n|-heal|p2a: Grimmsnarl|19/100|[from] Grassy Terrain\n|upkeep\n|turn|2\n|\n|t:|1774925791\n|-terastallize|p2b: Calyrex|Fairy\n|move|p1b: Rillaboom|Grassy Glide|p2a: Grimmsnarl\n|-damage|p2a: Grimmsnarl|0 fnt\n|faint|p2a: Grimmsnarl\n|move|p1a: Entei|Sacred Fire|p2b: Calyrex\n|-damage|p2b: Calyrex|57/100\n|-damage|p1a: Entei|88/100|[from] item: Life Orb\n|move|p2b: Calyrex|Trick Room|p2b: Calyrex\n|-fieldstart|move: Trick Room|[of] p2b: Calyrex\n|\n|-heal|p2b: Calyrex|62/100|[from] Grassy Terrain\n|-heal|p2b: Calyrex|68/100|[from] item: Leftovers\n|-heal|p1a: Entei|94/100|[from] Grassy Terrain\n|upkeep\n|\n|t:|1774925803\n|switch|p2a: Groudon|Groudon, L50|100/100\n|-weather|SunnyDay|[from] ability: Drought|[of] p2a: Groudon\n|turn|3\n|\n|t:|1774925812\n|-terastallize|p1b: Rillaboom|Water\n|move|p1a: Entei|Protect|p1a: Entei\n|-singleturn|p1a: Entei|Protect\n|move|p2b: Calyrex|Glacial Lance|p1a: Entei|[spread] p1b\n|-activate|p1a: Entei|move: Protect\n|-resisted|p1b: Rillaboom\n|-damage|p1b: Rillaboom|80/100\n|move|p1b: Rillaboom|Wood Hammer|p2a: Groudon\n|-supereffective|p2a: Groudon\n|-damage|p2a: Groudon|5/100\n|-damage|p1b: Rillaboom|48/100|[from] Recoil\n|move|p2a: Groudon|High Horsepower|p1a: Entei\n|-activate|p1a: Entei|move: Protect\n|\n|-weather|SunnyDay|[upkeep]\n|-heal|p2b: Calyrex|74/100|[from] Grassy Terrain\n|-heal|p2b: Calyrex|80/100|[from] item: Leftovers\n|-heal|p1b: Rillaboom|54/100|[from] Grassy Terrain\n|-heal|p2a: Groudon|11/100|[from] Grassy Terrain\n|-heal|p1a: Entei|99/100|[from] Grassy Terrain\n|upkeep\n|turn|4\n|inactive|lstdddsg has 30 seconds left.\n|\n|t:|1774925838\n|switch|p2a: Chi-Yu|Chi-Yu, L50|100/100\n|-ability|p2a: Chi-Yu|Beads of Ruin\n|move|p1a: Entei|Extreme Speed|p2a: Chi-Yu\n|-damage|p2a: Chi-Yu|46/100\n|-damage|p1a: Entei|90/100|[from] item: Life Orb\n|move|p2b: Calyrex|Glacial Lance|p1b: Rillaboom|[spread] p1a,p1b\n|-resisted|p1a: Entei\n|-resisted|p1b: Rillaboom\n|-damage|p1a: Entei|67/100\n|-damage|p1b: Rillaboom|34/100\n|move|p1b: Rillaboom|U-turn|p2b: Calyrex\n|-resisted|p2b: Calyrex\n|-damage|p2b: Calyrex|72/100\n|\n|t:|1774925857\n|switch|p1b: Zamazenta|Zamazenta-Crowned, L50|100/100|[from] U-turn\n|-ability|p1b: Zamazenta|Dauntless Shield|boost\n|-boost|p1b: Zamazenta|def|1\n|\n|-weather|SunnyDay|[upkeep]\n|-heal|p2b: Calyrex|78/100|[from] Grassy Terrain\n|-heal|p2b: Calyrex|84/100|[from] item: Leftovers\n|-heal|p1a: Entei|74/100|[from] Grassy Terrain\n|-heal|p2a: Chi-Yu|52/100|[from] Grassy Terrain\n|upkeep\n|turn|5\n|inactive|lstdddsg has 30 seconds left.\n|\n|t:|1774925883\n|switch|p2a: Groudon|Groudon, L50|11/100\n|move|p1b: Zamazenta|Protect|p1b: Zamazenta\n|-singleturn|p1b: Zamazenta|Protect\n|move|p1a: Entei|Extreme Speed|p2a: Groudon\n|-damage|p2a: Groudon|0 fnt\n|faint|p2a: Groudon\n|-damage|p1a: Entei|64/100|[from] item: Life Orb\n|move|p2b: Calyrex|Leech Seed|p1b: Zamazenta\n|-activate|p1b: Zamazenta|move: Protect\n|\n|-weather|SunnyDay|[upkeep]\n|-heal|p2b: Calyrex|90/100|[from] Grassy Terrain\n|-heal|p2b: Calyrex|96/100|[from] item: Leftovers\n|-heal|p1a: Entei|70/100|[from] Grassy Terrain\n|-fieldend|move: Grassy Terrain\n|upkeep\n|\n|t:|1774925890\n|switch|p2a: Chi-Yu|Chi-Yu, L50|52/100\n|-ability|p2a: Chi-Yu|Beads of Ruin\n|turn|6\n|\n|t:|1774925910\n|move|p1a: Entei|Extreme Speed|p2a: Chi-Yu\n|-damage|p2a: Chi-Yu|0 fnt\n|faint|p2a: Chi-Yu\n|-damage|p1a: Entei|61/100|[from] item: Life Orb\n|move|p2b: Calyrex|Leech Seed|p1b: Zamazenta\n|-start|p1b: Zamazenta|move: Leech Seed\n|move|p1b: Zamazenta|Body Press|p2b: Calyrex\n|-resisted|p2b: Calyrex\n|-damage|p2b: Calyrex|74/100\n|\n|-weather|SunnyDay|[upkeep]\n|-heal|p2b: Calyrex|80/100|[from] item: Leftovers\n|-damage|p1b: Zamazenta|88/100|[from] Leech Seed|[of] p2b: Calyrex\n|-heal|p2b: Calyrex|91/100|[silent]\n|-fieldend|move: Trick Room\n|upkeep\n|turn|7\n|\n|t:|1774925926\n|switch|p1b: Rillaboom|Rillaboom, L50, F, tera:Water|34/100\n|-fieldstart|move: Grassy Terrain|[from] ability: Grassy Surge|[of] p1b: Rillaboom\n|move|p1a: Entei|Sacred Fire|p2b: Calyrex\n|-crit|p2b: Calyrex\n|-damage|p2b: Calyrex|0 fnt\n|faint|p2b: Calyrex\n|-damage|p1a: Entei|51/100|[from] item: Life Orb\n|\n|win|lstdddsg\n|raw|lstdddsg's rating: 1484 &rarr; <strong>1502</strong><br />(+18 for winning)\n|raw|Ashish9's rating: 1448 &rarr; <strong>1430</strong><br />(-18 for losing)\n|l|\u2606Ashish9\n|player|p2|\n","uploadtime":1774925940,"views":14,"formatid":"gen9vgc2026regi","rating":1430,"private":0,"password":null}