{"id":"gen9vgc2026regi-2528486469","format":"[Gen 9] VGC 2026 Reg I","players":["that is a sled","GAPDHC"],"log":"|j|\u2606that is a sled\n|j|\u2606GAPDHC\n|t:|1769663414\n|gametype|doubles\n|player|p1|that is a sled|brycen|1426\n|player|p2|GAPDHC|ruinmaniac|1472\n|gen|9\n|tier|[Gen 9] VGC 2026 Reg I\n|rated|\n|rule|Species Clause: Limit one of each Pok\u00e9mon\n|rule|Item Clause: Limit 1 of each item\n|clearpoke\n|poke|p1|Kyogre, L50|\n|poke|p1|Tornadus, L50, M|\n|poke|p1|Urshifu-*, L50, M|\n|poke|p1|Zamazenta-*, L50|\n|poke|p1|Flutter Mane, L50|\n|poke|p1|Incineroar, L50, F|\n|poke|p2|Calyrex-Shadow, L50|\n|poke|p2|Eternatus, L50|\n|poke|p2|Grimmsnarl, L50, M|\n|poke|p2|Rillaboom, L50, M|\n|poke|p2|Dondozo, L50, M|\n|poke|p2|Tatsugiri-Droopy, L50, M|\n|teampreview|4\n|inactive|Battle timer is ON: inactive players will automatically lose when time's up. (requested by that is a sled)\n|\n|t:|1769663437\n|teamsize|p1|4\n|teamsize|p2|4\n|start\n|switch|p1a: Kyogre|Kyogre, L50|100/100\n|switch|p1b: Tornadus|Tornadus, L50, M|100/100\n|switch|p2a: Grimmsnarl|Grimmsnarl, L50, M|100/100\n|switch|p2b: Calyrex|Calyrex-Shadow, L50|100/100\n|-ability|p2b: Calyrex|As One\n|-ability|p2b: Calyrex|Unnerve\n|-weather|RainDance|[from] ability: Drizzle|[of] p1a: Kyogre\n|turn|1\n|\n|t:|1769663448\n|move|p1a: Kyogre|Protect|p1a: Kyogre\n|-singleturn|p1a: Kyogre|Protect\n|move|p1b: Tornadus|Tailwind|p1b: Tornadus\n|-sidestart|p1: that is a sled|move: Tailwind\n|move|p2a: Grimmsnarl|Thunder Wave|p1a: Kyogre\n|-activate|p1a: Kyogre|move: Protect\n|move|p2b: Calyrex|Astral Barrage|p1a: Kyogre|[spread] p1b\n|-activate|p1a: Kyogre|move: Protect\n|-damage|p1b: Tornadus|2/100\n|\n|-weather|RainDance|[upkeep]\n|upkeep\n|turn|2\n|\n|t:|1769663464\n|switch|p1a: Zamazenta|Zamazenta-Crowned, L50|100/100\n|-ability|p1a: Zamazenta|Dauntless Shield|boost\n|-boost|p1a: Zamazenta|def|1\n|move|p2a: Grimmsnarl|Thunder Wave|p1a: Zamazenta\n|-status|p1a: Zamazenta|par\n|move|p1b: Tornadus|Bleakwind Storm|p2b: Calyrex|[spread] p2a,p2b\n|-crit|p2a: Grimmsnarl\n|-damage|p2a: Grimmsnarl|53/100\n|-damage|p2b: Calyrex|69/100\n|move|p2b: Calyrex|Astral Barrage|p1a: Zamazenta|[spread] p1a,p1b\n|-damage|p1a: Zamazenta|44/100 par\n|-damage|p1b: Tornadus|0 fnt\n|faint|p1b: Tornadus\n|-ability|p2b: Calyrex|Grim Neigh|boost\n|-boost|p2b: Calyrex|spa|1\n|\n|-weather|RainDance|[upkeep]\n|upkeep\n|\n|t:|1769663468\n|switch|p1b: Flutter Mane|Flutter Mane, L50|100/100\n|-enditem|p1b: Flutter Mane|Booster Energy\n|-activate|p1b: Flutter Mane|ability: Protosynthesis|[fromitem]\n|-start|p1b: Flutter Mane|protosynthesisspe\n|turn|3\n|\n|t:|1769663492\n|-terastallize|p2b: Calyrex|Dark\n|move|p1a: Zamazenta|Wide Guard|p1a: Zamazenta\n|-singleturn|p1a: Zamazenta|Wide Guard\n|move|p2a: Grimmsnarl|Light Screen|p2a: Grimmsnarl\n|-sidestart|p2: GAPDHC|move: Light Screen\n|move|p1b: Flutter Mane|Shadow Ball|p2b: Calyrex\n|-resisted|p2b: Calyrex\n|-damage|p2b: Calyrex|57/100\n|move|p2b: Calyrex|Astral Barrage|p1a: Zamazenta|[spread] \n|-activate|p1a: Zamazenta|move: Wide Guard\n|-activate|p1b: Flutter Mane|move: Wide Guard\n|\n|-weather|RainDance|[upkeep]\n|upkeep\n|turn|4\n|\n|t:|1769663503\n|move|p1a: Zamazenta|Wide Guard|p1a: Zamazenta\n|-singleturn|p1a: Zamazenta|Wide Guard\n|move|p1b: Flutter Mane|Moonblast|p2b: Calyrex\n|-supereffective|p2b: Calyrex\n|-damage|p2b: Calyrex|4/100\n|move|p2b: Calyrex|Astral Barrage|p1a: Zamazenta|[spread] \n|-activate|p1a: Zamazenta|move: Wide Guard\n|-activate|p1b: Flutter Mane|move: Wide Guard\n|move|p2a: Grimmsnarl|Spirit Break|p1b: Flutter Mane\n|-damage|p1b: Flutter Mane|51/100\n|-unboost|p1b: Flutter Mane|spa|1\n|\n|-weather|RainDance|[upkeep]\n|-sideend|p1: that is a sled|move: Tailwind\n|upkeep\n|turn|5\n|\n|t:|1769663520\n|switch|p2b: Dondozo|Dondozo, L50, M|100/100\n|move|p1a: Zamazenta|Wide Guard|p1a: Zamazenta\n|-singleturn|p1a: Zamazenta|Wide Guard\n|move|p1b: Flutter Mane|Icy Wind|p2a: Grimmsnarl|[spread] p2a,p2b\n|-resisted|p2b: Dondozo\n|-damage|p2a: Grimmsnarl|47/100\n|-damage|p2b: Dondozo|97/100\n|-unboost|p2a: Grimmsnarl|spe|1\n|-unboost|p2b: Dondozo|spe|1\n|move|p2a: Grimmsnarl|Spirit Break|p1b: Flutter Mane\n|-damage|p1b: Flutter Mane|0 fnt\n|faint|p1b: Flutter Mane\n|-end|p1b: Flutter Mane|Protosynthesis|[silent]\n|\n|-weather|none\n|-heal|p2b: Dondozo|100/100|[from] item: Leftovers\n|upkeep\n|\n|t:|1769663523\n|switch|p1b: Kyogre|Kyogre, L50|100/100\n|-weather|RainDance|[from] ability: Drizzle|[of] p1b: Kyogre\n|turn|6\n|\n|t:|1769663545\n|move|p2b: Dondozo|Protect|p2b: Dondozo\n|-singleturn|p2b: Dondozo|Protect\n|move|p2a: Grimmsnarl|Thunder Wave|p1b: Kyogre\n|-status|p1b: Kyogre|par\n|cant|p1a: Zamazenta|par\n|move|p1b: Kyogre|Thunder|p2b: Dondozo\n|-activate|p2b: Dondozo|move: Protect\n|\n|-weather|RainDance|[upkeep]\n|upkeep\n|turn|7\n|\n|t:|1769663561\n|switch|p2a: Tatsugiri|Tatsugiri-Droopy, L50, M|100/100\n|-activate|p2a: Tatsugiri|ability: Commander|[of] p2b: Dondozo\n|-boost|p2b: Dondozo|atk|2\n|-boost|p2b: Dondozo|spa|2\n|-boost|p2b: Dondozo|spe|2\n|-boost|p2b: Dondozo|def|2\n|-boost|p2b: Dondozo|spd|2\n|move|p2b: Dondozo|Order Up|p1b: Kyogre\n|-damage|p1b: Kyogre|56/100 par\n|-boost|p2b: Dondozo|def|1\n|move|p1a: Zamazenta|Behemoth Bash|p2a: Tatsugiri|[miss]\n|-miss|p1a: Zamazenta|p2a: Tatsugiri\n|move|p1b: Kyogre|Thunder|p2b: Dondozo\n|-supereffective|p2b: Dondozo\n|-damage|p2b: Dondozo|72/100\n|-status|p2b: Dondozo|par\n|\n|-weather|RainDance|[upkeep]\n|-heal|p2b: Dondozo|78/100 par|[from] item: Leftovers\n|upkeep\n|turn|8\n|\n|t:|1769663577\n|move|p1a: Zamazenta|Body Press|p2b: Dondozo\n|-damage|p2b: Dondozo|64/100 par\n|move|p1b: Kyogre|Thunder|p2b: Dondozo\n|-supereffective|p2b: Dondozo\n|-damage|p2b: Dondozo|39/100 par\n|move|p2b: Dondozo|Body Press|p1b: Kyogre\n|-damage|p1b: Kyogre|13/100 par\n|\n|-weather|RainDance|[upkeep]\n|-heal|p2b: Dondozo|45/100 par|[from] item: Leftovers\n|upkeep\n|turn|9\n|\n|t:|1769663589\n|move|p1a: Zamazenta|Body Press|p2b: Dondozo\n|-damage|p2b: Dondozo|33/100 par\n|move|p1b: Kyogre|Thunder|p2b: Dondozo\n|-supereffective|p2b: Dondozo\n|-damage|p2b: Dondozo|6/100 par\n|move|p2b: Dondozo|Earthquake|p1b: Kyogre|[spread] p1a,p1b\n|-miss|p2b: Dondozo|p2a: Tatsugiri\n|-supereffective|p1a: Zamazenta\n|-damage|p1a: Zamazenta|0 fnt\n|-damage|p1b: Kyogre|0 fnt\n|faint|p1a: Zamazenta\n|faint|p1b: Kyogre\n|\n|win|GAPDHC\n|raw|that is a sled's rating: 1426 &rarr; <strong>1409</strong><br />(-17 for losing)\n|raw|GAPDHC's rating: 1472 &rarr; <strong>1489</strong><br />(+17 for winning)\n|l|\u2606that is a sled\n|player|p1|\n|l|\u2606GAPDHC\n|player|p2|\n","uploadtime":1769663769,"views":16,"formatid":"gen9vgc2026regi","rating":1409,"private":0,"password":null}