{"id":"gen9vgc2026regi-2516559675","format":"[Gen 9] VGC 2026 Reg I","players":["Miurez","kojimuranishi"],"log":"|j|\u2606Miurez\n|j|\u2606kojimuranishi\n|t:|1768155768\n|gametype|doubles\n|player|p1|Miurez|pokemonranger-gen4|1319\n|player|p2|kojimuranishi|265|1365\n|gen|9\n|tier|[Gen 9] VGC 2026 Reg I\n|rated|\n|rule|Species Clause: Limit one of each Pok\u00e9mon\n|rule|Item Clause: Limit 1 of each item\n|clearpoke\n|poke|p1|Miraidon, L50|\n|poke|p1|Grimmsnarl, L50, M|\n|poke|p1|Groudon, L50|\n|poke|p1|Iron Bundle, L50|\n|poke|p1|Ogerpon-Hearthflame, L50, F|\n|poke|p1|Farigiraf, L50, M|\n|poke|p2|Raging Bolt, L50|\n|poke|p2|Calyrex-Ice, L50|\n|poke|p2|Kyogre, L50|\n|poke|p2|Indeedee-F, L50, F|\n|poke|p2|Ursaluna, L50, M|\n|poke|p2|Urshifu-*, L50, F|\n|teampreview|4\n|inactive|Battle timer is ON: inactive players will automatically lose when time's up. (requested by kojimuranishi)\n|inactive|Miurez has 60 seconds left.\n|inactive|Miurez has 30 seconds left.\n|\n|t:|1768155839\n|teamsize|p1|4\n|teamsize|p2|4\n|start\n|switch|p1a: Miraidon|Miraidon, L50|100/100\n|switch|p1b: Ogerpon|Ogerpon-Hearthflame, L50, F|100/100\n|switch|p2a: Indeedee|Indeedee-F, L50, F|100/100\n|switch|p2b: Calyrex|Calyrex-Ice, L50|100/100\n|-ability|p2b: Calyrex|As One\n|-ability|p2b: Calyrex|Unnerve\n|-fieldstart|move: Electric Terrain|[from] ability: Hadron Engine|[of] p1a: Miraidon\n|-ability|p1b: Ogerpon|Mold Breaker\n|-fieldstart|move: Psychic Terrain|[from] ability: Psychic Surge|[of] p2a: Indeedee\n|turn|1\n|inactive|Miurez has 30 seconds left.\n|\n|t:|1768155874\n|switch|p2b: Ursaluna|Ursaluna, L50, M|100/100\n|move|p1a: Miraidon|Volt Switch|p2a: Indeedee\n|-damage|p2a: Indeedee|46/100\n|\n|t:|1768155879\n|switch|p1a: Groudon|Groudon, L50|100/100|[from] Volt Switch\n|-weather|SunnyDay|[from] ability: Drought|[of] p1a: Groudon\n|move|p1b: Ogerpon|Ivy Cudgel|p2b: Ursaluna|[anim] Ivy Cudgel Fire\n|-damage|p2b: Ursaluna|32/100\n|move|p2a: Indeedee|Trick Room|p2a: Indeedee\n|-fieldstart|move: Trick Room|[of] p2a: Indeedee\n|\n|-weather|SunnyDay|[upkeep]\n|-status|p2b: Ursaluna|brn|[from] item: Flame Orb\n|upkeep\n|turn|2\n|\n|t:|1768155902\n|move|p1b: Ogerpon|Follow Me|p1b: Ogerpon\n|-singleturn|p1b: Ogerpon|move: Follow Me\n|move|p2b: Ursaluna|Facade|p1b: Ogerpon\n|-damage|p1b: Ogerpon|0 fnt\n|faint|p1b: Ogerpon\n|move|p2a: Indeedee|Heal Pulse|p2b: Ursaluna\n|-heal|p2b: Ursaluna|82/100 brn\n|move|p1a: Groudon|Precipice Blades|p2a: Indeedee|[spread] p2a,p2b\n|-damage|p2a: Indeedee|0 fnt\n|-damage|p2b: Ursaluna|45/100 brn\n|faint|p2a: Indeedee\n|\n|-weather|SunnyDay|[upkeep]\n|-damage|p2b: Ursaluna|39/100 brn|[from] brn\n|upkeep\n|\n|t:|1768155918\n|switch|p2a: Calyrex|Calyrex-Ice, L50|100/100\n|switch|p1b: Grimmsnarl|Grimmsnarl, L50, M|100/100\n|-ability|p2a: Calyrex|As One\n|-ability|p2a: Calyrex|Unnerve\n|turn|3\n|\n|t:|1768155943\n|-terastallize|p1a: Groudon|Fire\n|move|p1b: Grimmsnarl|Reflect|p1b: Grimmsnarl\n|-sidestart|p1: Miurez|Reflect\n|move|p2b: Ursaluna|Facade|p1a: Groudon\n|-damage|p1a: Groudon|44/100\n|move|p2a: Calyrex|Glacial Lance|p1a: Groudon|[spread] p1a,p1b\n|-resisted|p1a: Groudon\n|-damage|p1a: Groudon|33/100\n|-damage|p1b: Grimmsnarl|68/100\n|move|p1a: Groudon|Precipice Blades|p2a: Calyrex|[spread] p2a,p2b\n|-crit|p2a: Calyrex\n|-damage|p2a: Calyrex|55/100\n|-damage|p2b: Ursaluna|0 fnt\n|faint|p2b: Ursaluna\n|\n|-weather|SunnyDay|[upkeep]\n|-heal|p2a: Calyrex|61/100|[from] item: Leftovers\n|upkeep\n|\n|t:|1768155961\n|switch|p2b: Kyogre|Kyogre, L50|100/100\n|-weather|RainDance|[from] ability: Drizzle|[of] p2b: Kyogre\n|turn|4\n|inactive|Miurez has 30 seconds left.\n|inactive|Miurez has 20 seconds left.\n|inactive|Miurez has 15 seconds left.\n|inactive|Miurez has 10 seconds left.\n|\n|t:|1768156007\n|move|p1b: Grimmsnarl|Light Screen|p1b: Grimmsnarl\n|-sidestart|p1: Miurez|move: Light Screen\n|move|p2a: Calyrex|Leech Seed|p1b: Grimmsnarl\n|-start|p1b: Grimmsnarl|move: Leech Seed\n|move|p1a: Groudon|Precipice Blades|p2b: Kyogre|[spread] p2a\n|-miss|p1a: Groudon|p2b: Kyogre\n|-damage|p2a: Calyrex|28/100\n|move|p2b: Kyogre|Origin Pulse|p1b: Grimmsnarl|[spread] p1a,p1b\n|-supereffective|p1a: Groudon\n|-damage|p1a: Groudon|0 fnt\n|-damage|p1b: Grimmsnarl|24/100\n|faint|p1a: Groudon\n|\n|-weather|RainDance|[upkeep]\n|-heal|p2a: Calyrex|33/100|[from] item: Leftovers\n|-damage|p1b: Grimmsnarl|11/100|[from] Leech Seed|[of] p2a: Calyrex\n|-heal|p2a: Calyrex|45/100|[silent]\n|upkeep\n|\n|t:|1768156017\n|switch|p1a: Miraidon|Miraidon, L50|100/100\n|-fieldstart|move: Electric Terrain|[from] ability: Hadron Engine|[of] p1a: Miraidon\n|turn|5\n|inactive|Miurez has 30 seconds left.\n|\n|t:|1768156050\n|-terastallize|p2b: Kyogre|Water\n|move|p2a: Calyrex|Glacial Lance|p1b: Grimmsnarl|[spread] p1a,p1b\n|-supereffective|p1a: Miraidon\n|-damage|p1a: Miraidon|36/100\n|-damage|p1b: Grimmsnarl|0 fnt\n|faint|p1b: Grimmsnarl\n|-ability|p2a: Calyrex|Chilling Neigh|boost\n|-boost|p2a: Calyrex|atk|1\n|move|p1a: Miraidon|Discharge|p2a: Calyrex|[spread] p2a,p2b\n|-supereffective|p2b: Kyogre\n|-damage|p2a: Calyrex|0 fnt\n|-damage|p2b: Kyogre|0 fnt\n|faint|p2a: Calyrex\n|faint|p2b: Kyogre\n|\n|win|Miurez\n|raw|Miurez's rating: 1319 &rarr; <strong>1342</strong><br />(+23 for winning)\n|raw|kojimuranishi's rating: 1365 &rarr; <strong>1342</strong><br />(-23 for losing)\n|l|\u2606kojimuranishi\n|player|p2|\n|l|\u2606Miurez\n|player|p1|\n","uploadtime":1768156235,"views":14,"formatid":"gen9vgc2026regi","rating":1342,"private":0,"password":null}