{"id":"gen9vgc2026regi-2590027420","format":"[Gen 9] VGC 2026 Reg I","players":["svenblack","grandmakicker99"],"log":"|j|\u2606svenblack\n|j|\u2606grandmakicker99\n|t:|1776782222\n|gametype|doubles\n|player|p1|svenblack|barry|1501\n|player|p2|grandmakicker99|2|1389\n|gen|9\n|tier|[Gen 9] VGC 2026 Reg I\n|rated|\n|rule|Species Clause: Limit one of each Pok\u00e9mon\n|rule|Item Clause: Limit 1 of each item\n|clearpoke\n|poke|p1|Grimmsnarl, L50, M|\n|poke|p1|Iron Hands, L50|\n|poke|p1|Miraidon, L50|\n|poke|p1|Ho-Oh, L50|\n|poke|p1|Farigiraf, L50, M|\n|poke|p1|Ursaluna, L50, M|\n|poke|p2|Calyrex-Ice, L50|\n|poke|p2|Scraggy, L50, M|\n|poke|p2|Miraidon, L50|\n|poke|p2|Farigiraf, L50, F|\n|poke|p2|Iron Treads, L50|\n|poke|p2|Iron Hands, L50|\n|teampreview|4\n|inactive|Battle timer is ON: inactive players will automatically lose when time's up. (requested by svenblack)\n|inactive|grandmakicker99 also wants the timer to be on.\n|\n|t:|1776782248\n|teamsize|p1|4\n|teamsize|p2|4\n|start\n|switch|p1a: Miraidon|Miraidon, L50|100/100\n|switch|p1b: Iron Hands|Iron Hands, L50|100/100\n|switch|p2a: Miraidon|Miraidon, L50|100/100\n|switch|p2b: Iron Treads|Iron Treads, L50|100/100\n|-fieldstart|move: Electric Terrain|[from] ability: Hadron Engine|[of] p1a: Miraidon\n|-activate|p2b: Iron Treads|ability: Quark Drive\n|-start|p2b: Iron Treads|quarkdrivespe\n|-activate|p1b: Iron Hands|ability: Quark Drive\n|-start|p1b: Iron Hands|quarkdriveatk\n|-activate|p2a: Miraidon|ability: Hadron Engine\n|turn|1\n|\n|t:|1776782263\n|-end|p2b: Iron Treads|Quark Drive|[silent]\n|switch|p2b: Farigiraf|Farigiraf, L50, F|100/100\n|-enditem|p2b: Farigiraf|Electric Seed\n|-boost|p2b: Farigiraf|def|1|[from] item: Electric Seed\n|-terastallize|p1a: Miraidon|Fairy\n|-terastallize|p2a: Miraidon|Fairy\n|move|p1a: Miraidon|Dazzling Gleam|p2b: Farigiraf|[spread] p2a,p2b\n|-damage|p2a: Miraidon|57/100\n|-damage|p2b: Farigiraf|46/100\n|move|p2a: Miraidon|Dazzling Gleam|p1b: Iron Hands|[spread] p1a,p1b\n|-crit|p1a: Miraidon\n|-supereffective|p1b: Iron Hands\n|-damage|p1a: Miraidon|35/100\n|-damage|p1b: Iron Hands|30/100\n|move|p1b: Iron Hands|Low Kick|p2b: Farigiraf\n|-damage|p2b: Farigiraf|11/100\n|\n|upkeep\n|turn|2\n|inactive|grandmakicker99 has 30 seconds left.\n|\n|t:|1776782291\n|switch|p2a: Iron Treads|Iron Treads, L50|100/100\n|-activate|p2a: Iron Treads|ability: Quark Drive\n|-start|p2a: Iron Treads|quarkdrivespe\n|-end|p1b: Iron Hands|Quark Drive|[silent]\n|switch|p1b: Ursaluna|Ursaluna, L50, M|100/100\n|move|p1a: Miraidon|Dazzling Gleam|p2a: Iron Treads|[spread] p2a,p2b\n|-resisted|p2a: Iron Treads\n|-damage|p2a: Iron Treads|54/100\n|-damage|p2b: Farigiraf|0 fnt\n|faint|p2b: Farigiraf\n|\n|-status|p1b: Ursaluna|brn|[from] item: Flame Orb\n|upkeep\n|\n|t:|1776782308\n|switch|p2b: Calyrex|Calyrex-Ice, L50|100/100\n|-ability|p2b: Calyrex|As One\n|-ability|p2b: Calyrex|Unnerve\n|turn|3\n|\n|t:|1776782326\n|move|p2a: Iron Treads|High Horsepower|p1a: Miraidon\n|-damage|p1a: Miraidon|0 fnt\n|faint|p1a: Miraidon\n|-damage|p2a: Iron Treads|44/100|[from] item: Life Orb\n|move|p1b: Ursaluna|Facade|p2b: Calyrex\n|-damage|p2b: Calyrex|25/100\n|move|p2b: Calyrex|Trick Room|p2b: Calyrex\n|-fieldstart|move: Trick Room|[of] p2b: Calyrex\n|\n|-damage|p1b: Ursaluna|94/100 brn|[from] brn\n|upkeep\n|\n|t:|1776782331\n|switch|p1a: Iron Hands|Iron Hands, L50|30/100\n|-activate|p1a: Iron Hands|ability: Quark Drive\n|-start|p1a: Iron Hands|quarkdriveatk\n|turn|4\n|\n|t:|1776782349\n|-end|p1a: Iron Hands|Quark Drive|[silent]\n|switch|p1a: Grimmsnarl|Grimmsnarl, L50, M|100/100\n|-end|p2a: Iron Treads|Quark Drive|[silent]\n|switch|p2a: Miraidon|Miraidon, L50, tera:Fairy|57/100\n|-activate|p2a: Miraidon|ability: Hadron Engine\n|move|p2b: Calyrex|Protect|p2b: Calyrex\n|-singleturn|p2b: Calyrex|Protect\n|move|p1b: Ursaluna|Earthquake|p2a: Miraidon|[spread] p1a,p2a\n|-activate|p2b: Calyrex|move: Protect\n|-damage|p1a: Grimmsnarl|30/100\n|-damage|p2a: Miraidon|0 fnt\n|faint|p2a: Miraidon\n|\n|-damage|p1b: Ursaluna|88/100 brn|[from] brn\n|upkeep\n|\n|t:|1776782360\n|switch|p2a: Iron Treads|Iron Treads, L50|44/100\n|-activate|p2a: Iron Treads|ability: Quark Drive\n|-start|p2a: Iron Treads|quarkdrivespe\n|turn|5\n|\n|t:|1776782385\n|move|p1b: Ursaluna|Protect|p1b: Ursaluna\n|-singleturn|p1b: Ursaluna|Protect\n|move|p2a: Iron Treads|Protect|p2a: Iron Treads\n|-singleturn|p2a: Iron Treads|Protect\n|move|p1a: Grimmsnarl|Reflect|p1a: Grimmsnarl\n|-sidestart|p1: svenblack|Reflect\n|move|p2b: Calyrex|Glacial Lance|p1a: Grimmsnarl|[spread] p1a\n|-activate|p1b: Ursaluna|move: Protect\n|-damage|p1a: Grimmsnarl|0 fnt\n|faint|p1a: Grimmsnarl\n|-ability|p2b: Calyrex|Chilling Neigh|boost\n|-boost|p2b: Calyrex|atk|1\n|\n|-damage|p1b: Ursaluna|82/100 brn|[from] brn\n|-fieldend|move: Electric Terrain\n|-end|p2a: Iron Treads|Quark Drive\n|upkeep\n|\n|t:|1776782394\n|switch|p1a: Iron Hands|Iron Hands, L50|30/100\n|turn|6\n|\n|t:|1776782404\n|move|p1a: Iron Hands|Fake Out|p2b: Calyrex\n|-damage|p2b: Calyrex|15/100\n|cant|p2b: Calyrex|flinch\n|move|p1b: Ursaluna|Headlong Rush|p2a: Iron Treads\n|-supereffective|p2a: Iron Treads\n|-damage|p2a: Iron Treads|0 fnt\n|-unboost|p1b: Ursaluna|def|1\n|-unboost|p1b: Ursaluna|spd|1\n|faint|p2a: Iron Treads\n|-end|p2a: Iron Treads|Quark Drive|[silent]\n|\n|-damage|p1b: Ursaluna|76/100 brn|[from] brn\n|upkeep\n|turn|7\n|\n|t:|1776782422\n|move|p1b: Ursaluna|Protect|p1b: Ursaluna\n|-singleturn|p1b: Ursaluna|Protect\n|move|p2b: Calyrex|Glacial Lance|p1a: Iron Hands|[spread] p1a\n|-activate|p1b: Ursaluna|move: Protect\n|-damage|p1a: Iron Hands|0 fnt\n|faint|p1a: Iron Hands\n|-end|p1a: Iron Hands|Quark Drive|[silent]\n|-ability|p2b: Calyrex|Chilling Neigh|boost\n|-boost|p2b: Calyrex|atk|1\n|\n|-damage|p1b: Ursaluna|70/100 brn|[from] brn\n|-fieldend|move: Trick Room\n|upkeep\n|turn|8\n|c|\u2606grandmakicker99|gg\n|c|\u2606svenblack|gg\n|\n|t:|1776782438\n|move|p1b: Ursaluna|Facade|p2b: Calyrex\n|-damage|p2b: Calyrex|0 fnt\n|faint|p2b: Calyrex\n|\n|win|svenblack\n|raw|svenblack's rating: 1501 &rarr; <strong>1515</strong><br />(+14 for winning)\n|raw|grandmakicker99's rating: 1389 &rarr; <strong>1375</strong><br />(-14 for losing)\n|l|\u2606grandmakicker99\n|player|p2|\n|l|\u2606svenblack\n|player|p1|\n","uploadtime":1776782686,"views":6,"formatid":"gen9vgc2026regi","rating":1375,"private":0,"password":null}