{"id":"gen9vgc2026regi-2566736618","format":"[Gen 9] VGC 2026 Reg I","players":["slimeslatt252","sheeshshane925"],"log":"|j|\u2606slimeslatt252\n|j|\u2606sheeshshane925\n|t:|1774403454\n|gametype|doubles\n|player|p1|slimeslatt252|170|1478\n|player|p2|sheeshshane925|chuck|1544\n|gen|9\n|tier|[Gen 9] VGC 2026 Reg I\n|rated|\n|rule|Species Clause: Limit one of each Pok\u00e9mon\n|rule|Item Clause: Limit 1 of each item\n|clearpoke\n|poke|p1|Calyrex-Shadow, L50|\n|poke|p1|Koraidon, L50|\n|poke|p1|Incineroar, L50, M|\n|poke|p1|Raging Bolt, L50|\n|poke|p1|Brute Bonnet, L50|\n|poke|p1|Landorus, L50, M|\n|poke|p2|Calyrex-Ice, L50|\n|poke|p2|Miraidon, L50|\n|poke|p2|Farigiraf, L50, F|\n|poke|p2|Iron Hands, L50|\n|poke|p2|Scraggy, L50, M|\n|poke|p2|Iron Bundle, L50|\n|teampreview|4\n|inactive|Battle timer is ON: inactive players will automatically lose when time's up. (requested by slimeslatt252)\n|\n|t:|1774403476\n|teamsize|p1|4\n|teamsize|p2|4\n|start\n|switch|p1a: Incineroar|Incineroar, L50, M|100/100\n|switch|p1b: raging dingus|Raging Bolt, L50|100/100\n|switch|p2a: Miraidon|Miraidon, L50, shiny|100/100\n|switch|p2b: Iron Bundle|Iron Bundle, L50|100/100\n|-fieldstart|move: Electric Terrain|[from] ability: Hadron Engine|[of] p2a: Miraidon\n|-activate|p2b: Iron Bundle|ability: Quark Drive\n|-start|p2b: Iron Bundle|quarkdrivespe\n|-ability|p1a: Incineroar|Intimidate|boost\n|-unboost|p2a: Miraidon|atk|1\n|-unboost|p2b: Iron Bundle|atk|1\n|turn|1\n|inactive|slimeslatt252 has 30 seconds left.\n|inactive|sheeshshane925 has 30 seconds left.\n|inactive|slimeslatt252 has 20 seconds left.\n|inactive|sheeshshane925 has 20 seconds left.\n|inactive|slimeslatt252 has 15 seconds left.\n|inactive|slimeslatt252 has 10 seconds left.\n|inactive|slimeslatt252 has 5 seconds left.\n|\n|t:|1774403531\n|move|p1a: Incineroar|Fake Out|p2b: Iron Bundle\n|-damage|p2b: Iron Bundle|87/100\n|move|p1b: raging dingus|Thunderclap|p2a: Miraidon\n|-resisted|p2a: Miraidon\n|-damage|p2a: Miraidon|90/100\n|cant|p2b: Iron Bundle|flinch\n|move|p2a: Miraidon|Electro Drift|p1a: Incineroar\n|-damage|p1a: Incineroar|0 fnt\n|faint|p1a: Incineroar\n|-damage|p2a: Miraidon|80/100|[from] item: Life Orb\n|\n|upkeep\n|\n|t:|1774403555\n|switch|p1a: Calyrex|Calyrex-Shadow, L50|100/100\n|-ability|p1a: Calyrex|As One\n|-ability|p1a: Calyrex|Unnerve\n|turn|2\n|inactive|sheeshshane925 has 30 seconds left.\n|\n|t:|1774403584\n|-terastallize|p1a: Calyrex|Ghost\n|move|p1b: raging dingus|Thunderclap|p2b: Iron Bundle\n|-supereffective|p2b: Iron Bundle\n|-damage|p2b: Iron Bundle|0 fnt\n|faint|p2b: Iron Bundle\n|-end|p2b: Iron Bundle|Quark Drive|[silent]\n|move|p1a: Calyrex|Astral Barrage|p2a: Miraidon\n|-damage|p2a: Miraidon|6/100\n|move|p2a: Miraidon|Electro Drift|p1a: Calyrex\n|-enditem|p1a: Calyrex|Focus Sash\n|-damage|p1a: Calyrex|1/100\n|-damage|p2a: Miraidon|0 fnt|[from] item: Life Orb\n|faint|p2a: Miraidon\n|\n|upkeep\n|\n|t:|1774403589\n|switch|p2b: Scraggy|Scraggy, L50, M|100/100\n|switch|p2a: Calyrex|Calyrex-Ice, L50|100/100\n|-ability|p2a: Calyrex|As One\n|-ability|p2a: Calyrex|Unnerve\n|-ability|p2b: Scraggy|Intimidate|boost\n|-unboost|p1a: Calyrex|atk|1\n|-unboost|p1b: raging dingus|atk|1\n|turn|3\n|inactive|sheeshshane925 has 30 seconds left.\n|\n|t:|1774403621\n|-terastallize|p2a: Calyrex|Fire\n|move|p2b: Scraggy|Fake Out|p1b: raging dingus\n|-damage|p1b: raging dingus|94/100\n|move|p1a: Calyrex|Astral Barrage|p2b: Scraggy|[spread] p2a,p2b\n|-resisted|p2b: Scraggy\n|-damage|p2a: Calyrex|47/100\n|-damage|p2b: Scraggy|68/100\n|cant|p1b: raging dingus|flinch\n|move|p2a: Calyrex|Glacial Lance|p1a: Calyrex|[spread] p1a,p1b\n|-supereffective|p1b: raging dingus\n|-damage|p1a: Calyrex|0 fnt\n|-damage|p1b: raging dingus|0 fnt\n|faint|p1a: Calyrex\n|faint|p1b: raging dingus\n|-end|p1b: raging dingus|Protosynthesis|[silent]\n|-ability|p2a: Calyrex|Chilling Neigh|boost\n|-boost|p2a: Calyrex|atk|2\n|\n|upkeep\n|\n|t:|1774403630\n|switch|p1b: Koraidon|Koraidon, L50|100/100\n|-weather|SunnyDay|[from] ability: Orichalcum Pulse|[of] p1b: Koraidon\n|-activate|p1b: Koraidon|Orichalcum Pulse|[source]\n|turn|4\n|inactive|slimeslatt252 has 30 seconds left.\n|\n|t:|1774403662\n|move|p2a: Calyrex|Protect|p2a: Calyrex\n|-singleturn|p2a: Calyrex|Protect\n|move|p1b: Koraidon|Collision Course|p2b: Scraggy\n|-supereffective|p2b: Scraggy\n|-damage|p2b: Scraggy|0 fnt\n|faint|p2b: Scraggy\n|\n|-weather|SunnyDay|[upkeep]\n|upkeep\n|turn|5\n|\n|t:|1774403670\n|move|p1b: Koraidon|Collision Course|p2a: Calyrex\n|-damage|p2a: Calyrex|1/100\n|move|p2a: Calyrex|Glacial Lance|p1b: Koraidon\n|-supereffective|p1b: Koraidon\n|-damage|p1b: Koraidon|0 fnt\n|faint|p1b: Koraidon\n|\n|win|sheeshshane925\n|raw|slimeslatt252's rating: 1478 &rarr; <strong>1462</strong><br />(-16 for losing)\n|raw|sheeshshane925's rating: 1544 &rarr; <strong>1560</strong><br />(+16 for winning)\n|c|\u2606slimeslatt252|ffs\n|l|\u2606sheeshshane925\n|player|p2|\n","uploadtime":1774403823,"views":13,"formatid":"gen9vgc2026regi","rating":1462,"private":0,"password":null}