{"id":"gen9vgc2026regi-2573237084","format":"[Gen 9] VGC 2026 Reg I","players":["duncan ellenberg","photon sheister"],"log":"|j|\u2606duncan ellenberg\n|j|\u2606photon sheister\n|t:|1775107191\n|gametype|doubles\n|player|p1|duncan ellenberg|101|1416\n|player|p2|photon sheister|barry|1465\n|gen|9\n|tier|[Gen 9] VGC 2026 Reg I\n|rated|\n|rule|Species Clause: Limit one of each Pok\u00e9mon\n|rule|Item Clause: Limit 1 of each item\n|clearpoke\n|poke|p1|Koraidon, L50|\n|poke|p1|Lunala, L50|\n|poke|p1|Whimsicott, L50, F|\n|poke|p1|Flutter Mane, L50|\n|poke|p1|Ursaluna-Bloodmoon, L50, M|\n|poke|p1|Urshifu-*, L50, M|\n|poke|p2|Miraidon, L50|\n|poke|p2|Lunala, L50|\n|poke|p2|Sylveon, L50, M|\n|poke|p2|Incineroar, L50, M|\n|poke|p2|Whimsicott, L50, F|\n|poke|p2|Urshifu-*, L50, F|\n|teampreview|4\nduncan ellenberg rejected open team sheets.\n|inactive|Battle timer is ON: inactive players will automatically lose when time's up. (requested by duncan ellenberg)\n|inactive|duncan ellenberg has 60 seconds left.\n|\n|t:|1775107251\n|teamsize|p1|4\n|teamsize|p2|4\n|start\n|switch|p1a: Flutter Mane|Flutter Mane, L50|100/100\n|switch|p1b: Koraidon|Koraidon, L50|100/100\n|switch|p2a: Miraidon|Miraidon, L50, shiny|100/100\n|switch|p2b: Whimsicott|Whimsicott, L50, F, shiny|100/100\n|-fieldstart|move: Electric Terrain|[from] ability: Hadron Engine|[of] p2a: Miraidon\n|-weather|SunnyDay|[from] ability: Orichalcum Pulse|[of] p1b: Koraidon\n|-activate|p1a: Flutter Mane|ability: Protosynthesis\n|-start|p1a: Flutter Mane|protosynthesisspe\n|-activate|p1b: Koraidon|Orichalcum Pulse|[source]\n|turn|1\n|\n|t:|1775107269\n|-terastallize|p1b: Koraidon|Fire\n|move|p2b: Whimsicott|Tailwind|p2b: Whimsicott\n|-sidestart|p2: photon sheister|move: Tailwind\n|move|p2a: Miraidon|Volt Switch|p1a: Flutter Mane\n|-damage|p1a: Flutter Mane|0 fnt\n|faint|p1a: Flutter Mane\n|-end|p1a: Flutter Mane|Protosynthesis|[silent]\n|\n|t:|1775107272\n|switch|p2a: Sylveon|Sylveon, L50, M, shiny|100/100|[from] Volt Switch\n|move|p1b: Koraidon|Flame Charge|p2b: Whimsicott\n|-supereffective|p2b: Whimsicott\n|-enditem|p2b: Whimsicott|Focus Sash\n|-damage|p2b: Whimsicott|1/100\n|-boost|p1b: Koraidon|spe|1\n|-damage|p1b: Koraidon|91/100|[from] item: Life Orb\n|\n|-weather|SunnyDay|[upkeep]\n|upkeep\n|\n|t:|1775107280\n|switch|p1a: Whimsicott|Whimsicott, L50, F|100/100\n|turn|2\n|\n|t:|1775107295\n|move|p2a: Sylveon|Detect|p2a: Sylveon\n|-singleturn|p2a: Sylveon|Protect\n|move|p1a: Whimsicott|Tailwind|p1a: Whimsicott\n|-sidestart|p1: duncan ellenberg|move: Tailwind\n|move|p1b: Koraidon|Flame Charge|p2b: Whimsicott\n|-supereffective|p2b: Whimsicott\n|-damage|p2b: Whimsicott|0 fnt\n|-boost|p1b: Koraidon|spe|1\n|faint|p2b: Whimsicott\n|-damage|p1b: Koraidon|81/100|[from] item: Life Orb\n|\n|-weather|SunnyDay|[upkeep]\n|upkeep\n|\n|t:|1775107298\n|switch|p2b: Lunala|Lunala, L50|100/100\n|-enditem|p2b: Lunala|Electric Seed\n|-boost|p2b: Lunala|def|1|[from] item: Electric Seed\n|turn|3\n|\n|t:|1775107314\n|switch|p2a: Miraidon|Miraidon, L50, shiny|100/100\n|-activate|p2a: Miraidon|ability: Hadron Engine\n|move|p1a: Whimsicott|Encore||[still]\n|-fail|p1a: Whimsicott\n|move|p1b: Koraidon|Flare Blitz|p2b: Lunala\n|-damage|p2b: Lunala|56/100\n|-damage|p1b: Koraidon|62/100|[from] Recoil\n|-damage|p1b: Koraidon|52/100|[from] item: Life Orb\n|move|p2b: Lunala|Trick Room|p2b: Lunala\n|-fieldstart|move: Trick Room|[of] p2b: Lunala\n|\n|-weather|SunnyDay|[upkeep]\n|upkeep\n|turn|4\n|\n|t:|1775107333\n|switch|p2b: Sylveon|Sylveon, L50, M, shiny|100/100\n|move|p1b: Koraidon|Protect|p1b: Koraidon\n|-singleturn|p1b: Koraidon|Protect\n|move|p1a: Whimsicott|Encore||[still]\n|-fail|p1a: Whimsicott\n|move|p2a: Miraidon|Volt Switch|p1b: Koraidon\n|-activate|p1b: Koraidon|move: Protect\n|\n|-weather|SunnyDay|[upkeep]\n|-sideend|p2: photon sheister|move: Tailwind\n|upkeep\n|turn|5\n|\n|t:|1775107341\n|move|p2b: Sylveon|Hyper Voice|p1b: Koraidon|[spread] p1a,p1b\n|-crit|p1a: Whimsicott\n|-resisted|p1b: Koraidon\n|-damage|p1a: Whimsicott|14/100\n|-damage|p1b: Koraidon|31/100\n|move|p2a: Miraidon|Volt Switch|p1b: Koraidon\n|-damage|p1b: Koraidon|0 fnt\n|faint|p1b: Koraidon\n|\n|t:|1775107344\n|switch|p2a: Lunala|Lunala, L50|56/100|[from] Volt Switch\n|move|p1a: Whimsicott|Moonblast|p2a: Lunala\n|-damage|p2a: Lunala|35/100\n|-unboost|p2a: Lunala|spa|1\n|\n|-weather|none\n|-sideend|p1: duncan ellenberg|move: Tailwind\n|-fieldend|move: Electric Terrain\n|upkeep\n|\n|t:|1775107348\n|switch|p1b: Lunala|Lunala, L50|100/100\n|turn|6\n|-message|duncan ellenberg forfeited.\n|\n|win|photon sheister\n|raw|duncan ellenberg's rating: 1416 &rarr; <strong>1399</strong><br />(-17 for losing)\n|raw|photon sheister's rating: 1465 &rarr; <strong>1482</strong><br />(+17 for winning)\n|l|\u2606duncan ellenberg\n|player|p1|\n|l|\u2606photon sheister\n|player|p2|\n","uploadtime":1775107588,"views":13,"formatid":"gen9vgc2026regi","rating":1399,"private":0,"password":null}