{"id":"gen9vgc2026regi-2518309620","format":"[Gen 9] VGC 2026 Reg I","players":["Actoradoboy fan","we all hate ursf"],"log":"|j|\u2606Actoradoboy fan\n|j|\u2606we all hate ursf\n|t:|1768367834\n|gametype|doubles\n|player|p1|Actoradoboy fan|nate|1281\n|player|p2|we all hate ursf|shadowtriad|1227\n|gen|9\n|tier|[Gen 9] VGC 2026 Reg I\n|rated|\n|rule|Species Clause: Limit one of each Pok\u00e9mon\n|rule|Item Clause: Limit 1 of each item\n|clearpoke\n|poke|p1|Smeargle, L50, F|\n|poke|p1|Clefairy, L50, F|\n|poke|p1|Whimsicott, L50, F|\n|poke|p1|Zamazenta-*, L50|\n|poke|p1|Calyrex-Shadow, L50|\n|poke|p1|Rillaboom, L50, F|\n|poke|p2|Miraidon, L50|\n|poke|p2|Lunala, L50|\n|poke|p2|Ursaluna, L50, F|\n|poke|p2|Whimsicott, L50, F|\n|poke|p2|Urshifu-*, L50, M|\n|poke|p2|Incineroar, L50, M|\n|teampreview|4\n|inactive|Battle timer is ON: inactive players will automatically lose when time's up. (requested by Actoradoboy fan)\n|inactive|we all hate ursf also wants the timer to be on.\n|\n|t:|1768367861\n|teamsize|p1|4\n|teamsize|p2|4\n|start\n|switch|p1a: Calyrex|Calyrex-Shadow, L50|100/100\n|switch|p1b: Rillaboom|Rillaboom, L50, F|100/100\n|switch|p2a: Miraidon|Miraidon, L50|100/100\n|switch|p2b: Lunala|Lunala, L50|100/100\n|-ability|p1a: Calyrex|As One\n|-ability|p1a: Calyrex|Unnerve\n|-fieldstart|move: Electric Terrain|[from] ability: Hadron Engine|[of] p2a: Miraidon\n|-enditem|p2b: Lunala|Electric Seed\n|-boost|p2b: Lunala|def|1|[from] item: Electric Seed\n|-fieldstart|move: Grassy Terrain|[from] ability: Grassy Surge|[of] p1b: Rillaboom\n|turn|1\n|\n|t:|1768367873\n|switch|p1a: Clefairy|Clefairy, L50, F|100/100\n|move|p2b: Lunala|Wide Guard|p2b: Lunala\n|-singleturn|p2b: Lunala|Wide Guard\n|move|p2a: Miraidon|Volt Switch|p1a: Clefairy\n|-damage|p1a: Clefairy|49/100\n|\n|t:|1768367882\n|switch|p2a: Whimsicott|Whimsicott, L50, F|100/100|[from] Volt Switch\n|move|p1b: Rillaboom|U-turn|p2b: Lunala\n|-damage|p2b: Lunala|94/100\n|\n|t:|1768367886\n|switch|p1b: Calyrex|Calyrex-Shadow, L50|100/100|[from] U-turn\n|-ability|p1b: Calyrex|As One\n|-ability|p1b: Calyrex|Unnerve\n|\n|-heal|p2b: Lunala|100/100|[from] Grassy Terrain\n|-heal|p1a: Clefairy|55/100|[from] Grassy Terrain\n|upkeep\n|turn|2\n|inactive|we all hate ursf has 30 seconds left.\n|\n|t:|1768367917\n|-terastallize|p1b: Calyrex|Dark\n|move|p2b: Lunala|Wide Guard|p2b: Lunala\n|-singleturn|p2b: Lunala|Wide Guard\n|move|p1b: Calyrex|Astral Barrage|p2b: Lunala|[spread] \n|-activate|p2a: Whimsicott|move: Wide Guard\n|-activate|p2b: Lunala|move: Wide Guard\n|move|p2a: Whimsicott|Moonblast|p1b: Calyrex\n|-supereffective|p1b: Calyrex\n|-damage|p1b: Calyrex|64/100\n|move|p1a: Clefairy|Encore|p2b: Lunala\n|-start|p2b: Lunala|Encore\n|\n|-heal|p1b: Calyrex|69/100|[from] Grassy Terrain\n|-heal|p1a: Clefairy|62/100|[from] Grassy Terrain\n|upkeep\n|turn|3\n|\n|t:|1768367934\n|move|p1a: Clefairy|Helping Hand|p1b: Calyrex\n|-singleturn|p1b: Calyrex|Helping Hand|[of] p1a: Clefairy\n|move|p2b: Lunala|Wide Guard|p2b: Lunala\n|-singleturn|p2b: Lunala|Wide Guard\n|move|p1b: Calyrex|Psychic|p2a: Whimsicott\n|-damage|p2a: Whimsicott|0 fnt\n|faint|p2a: Whimsicott\n|-ability|p1b: Calyrex|Grim Neigh|boost\n|-boost|p1b: Calyrex|spa|1\n|-damage|p1b: Calyrex|60/100|[from] item: Life Orb\n|\n|-heal|p1b: Calyrex|66/100|[from] Grassy Terrain\n|-heal|p1a: Clefairy|68/100|[from] Grassy Terrain\n|upkeep\n|\n|t:|1768367946\n|switch|p2a: Miraidon|Miraidon, L50|100/100\n|-fieldstart|move: Electric Terrain|[from] ability: Hadron Engine|[of] p2a: Miraidon\n|turn|4\n|\n|t:|1768367953\n|switch|p2b: Urshifu|Urshifu-Rapid-Strike, L50, M|100/100\n|switch|p1a: Rillaboom|Rillaboom, L50, F|100/100\n|-fieldstart|move: Grassy Terrain|[from] ability: Grassy Surge|[of] p1a: Rillaboom\n|-terastallize|p2a: Miraidon|Fairy\n|move|p1b: Calyrex|Protect|p1b: Calyrex\n|-singleturn|p1b: Calyrex|Protect\n|move|p2a: Miraidon|Dazzling Gleam|p1b: Calyrex|[spread] p1a\n|-activate|p1b: Calyrex|move: Protect\n|-damage|p1a: Rillaboom|68/100\n|\n|-heal|p1b: Calyrex|72/100|[from] Grassy Terrain\n|-heal|p1a: Rillaboom|74/100|[from] Grassy Terrain\n|upkeep\n|turn|5\n|inactive|we all hate ursf has 30 seconds left.\n|\n|t:|1768367987\n|move|p1b: Calyrex|Astral Barrage|p2a: Miraidon|[spread] p2a,p2b\n|-damage|p2a: Miraidon|16/100\n|-damage|p2b: Urshifu|0 fnt\n|faint|p2b: Urshifu\n|-ability|p1b: Calyrex|Grim Neigh|boost\n|-boost|p1b: Calyrex|spa|1\n|-damage|p1b: Calyrex|62/100|[from] item: Life Orb\n|move|p2a: Miraidon|Dazzling Gleam|p1b: Calyrex|[spread] p1a,p1b\n|-supereffective|p1b: Calyrex\n|-damage|p1a: Rillaboom|39/100\n|-damage|p1b: Calyrex|0 fnt\n|faint|p1b: Calyrex\n|move|p1a: Rillaboom|Wood Hammer|p2a: Miraidon\n|-damage|p2a: Miraidon|0 fnt\n|faint|p2a: Miraidon\n|-damage|p1a: Rillaboom|34/100|[from] Recoil\n|\n|-heal|p1a: Rillaboom|39/100|[from] Grassy Terrain\n|upkeep\n|\n|t:|1768367998\n|switch|p1b: Zamazenta|Zamazenta-Crowned, L50|100/100\n|switch|p2b: Lunala|Lunala, L50|100/100\n|-ability|p1b: Zamazenta|Dauntless Shield|boost\n|-boost|p1b: Zamazenta|def|1\n|turn|6\n|\n|t:|1768368002\n|move|p1a: Rillaboom|Grassy Glide|p2b: Lunala\n|-damage|p2b: Lunala|87/100\n|move|p1b: Zamazenta|Heavy Slam|p2b: Lunala\n|-damage|p2b: Lunala|51/100\n|move|p2b: Lunala|Moongeist Beam|p1a: Rillaboom\n|-damage|p1a: Rillaboom|2/100\n|\n|-heal|p2b: Lunala|57/100|[from] Grassy Terrain\n|-heal|p1a: Rillaboom|8/100|[from] Grassy Terrain\n|upkeep\n|turn|7\n|\n|t:|1768368015\n|move|p1a: Rillaboom|Grassy Glide|p2b: Lunala\n|-damage|p2b: Lunala|31/100\n|move|p1b: Zamazenta|Heavy Slam|p2b: Lunala\n|-damage|p2b: Lunala|0 fnt\n|faint|p2b: Lunala\n|\n|win|Actoradoboy fan\n|raw|Actoradoboy fan's rating: 1281 &rarr; <strong>1302</strong><br />(+21 for winning)\n|raw|we all hate ursf's rating: 1227 &rarr; <strong>1206</strong><br />(-21 for losing)\n|l|\u2606we all hate ursf\n|player|p2|\n|l|\u2606Actoradoboy fan\n|player|p1|\n","uploadtime":1768368183,"views":12,"formatid":"gen9vgc2026regi","rating":1206,"private":0,"password":null}