{"id":"gen9vgc2026regi-2573420099","format":"[Gen 9] VGC 2026 Reg I","players":["Luca8","TheCxDc"],"log":"|j|\u2606Luca8\n|j|\u2606TheCxDc\n|t:|1775134897\n|gametype|doubles\n|player|p1|Luca8|flint|1416\n|player|p2|TheCxDc|170|1450\n|gen|9\n|tier|[Gen 9] VGC 2026 Reg I\n|rated|\n|rule|Species Clause: Limit one of each Pok\u00e9mon\n|rule|Item Clause: Limit 1 of each item\n|clearpoke\n|poke|p1|Urshifu-*, L50, M|\n|poke|p1|Kyogre, L50|\n|poke|p1|Farigiraf, L50, F|\n|poke|p1|Smeargle, L50, F|\n|poke|p1|Calyrex-Ice, L50|\n|poke|p1|Rhyperior, L50, F|\n|poke|p2|Sableye, L50, F|\n|poke|p2|Iron Valiant, L50|\n|poke|p2|Groudon, L50|\n|poke|p2|Chien-Pao, L50|\n|poke|p2|Tornadus, L50, M|\n|poke|p2|Rillaboom, L50, M|\n|teampreview|4\n|inactive|Battle timer is ON: inactive players will automatically lose when time's up. (requested by TheCxDc)\n|\n|t:|1775134927\n|teamsize|p1|4\n|teamsize|p2|4\n|start\n|switch|p1a: Farigiraf|Farigiraf, L50, F|100/100\n|switch|p1b: Smeargle|Smeargle, L50, F|100/100\n|switch|p2a: Sableye|Sableye, L50, F|100/100\n|switch|p2b: Iron Valiant|Iron Valiant, L50|100/100\n|-enditem|p2b: Iron Valiant|Booster Energy\n|-activate|p2b: Iron Valiant|ability: Quark Drive|[fromitem]\n|-start|p2b: Iron Valiant|quarkdrivespe\n|turn|1\n|inactive|Luca8 has 30 seconds left.\n|inactive|Luca8 has 20 seconds left.\n|\n|t:|1775134965\n|-terastallize|p2b: Iron Valiant|Ghost\n|move|p2a: Sableye|Gravity|p2a: Sableye\n|-fieldstart|move: Gravity\n|move|p2b: Iron Valiant|Hypnosis|p1a: Farigiraf\n|-status|p1a: Farigiraf|slp|[from] move: Hypnosis\n|move|p1b: Smeargle|Spore|p2a: Sableye\n|-status|p2a: Sableye|slp|[from] move: Spore\n|cant|p1a: Farigiraf|slp\n|\n|-ability|p1b: Smeargle|Moody|boost\n|-boost|p1b: Smeargle|spd|2\n|-unboost|p1b: Smeargle|spe|1\n|upkeep\n|turn|2\n|\n|t:|1775134981\n|switch|p2a: Groudon|Groudon, L50|100/100\n|-weather|SunnyDay|[from] ability: Drought|[of] p2a: Groudon\n|move|p2b: Iron Valiant|Hypnosis|p1b: Smeargle\n|-status|p1b: Smeargle|slp|[from] move: Hypnosis\n|cant|p1b: Smeargle|slp\n|-curestatus|p1a: Farigiraf|slp|[msg]\n|move|p1a: Farigiraf|Trick Room|p1a: Farigiraf\n|-fieldstart|move: Trick Room|[of] p1a: Farigiraf\n|\n|-weather|SunnyDay|[upkeep]\n|-ability|p1b: Smeargle|Moody|boost\n|-boost|p1b: Smeargle|spd|2\n|-unboost|p1b: Smeargle|spe|1\n|upkeep\n|turn|3\n|inactive|Luca8 has 30 seconds left.\n|\n|t:|1775135009\n|switch|p1b: Calyrex|Calyrex-Ice, L50|100/100\n|-ability|p1b: Calyrex|As One\n|-ability|p1b: Calyrex|Unnerve\n|move|p1a: Farigiraf|Hyper Voice|p2a: Groudon|[spread] p2a\n|-immune|p2b: Iron Valiant\n|-damage|p2a: Groudon|69/100\n|-enditem|p1a: Farigiraf|Throat Spray\n|-boost|p1a: Farigiraf|spa|1|[from] item: Throat Spray\n|move|p2a: Groudon|Precipice Blades|p1b: Calyrex|[spread] p1a,p1b\n|-damage|p1a: Farigiraf|50/100\n|-damage|p1b: Calyrex|67/100\n|move|p2b: Iron Valiant|Coaching|p2a: Groudon\n|-boost|p2a: Groudon|atk|1\n|-boost|p2a: Groudon|def|1\n|\n|-weather|SunnyDay|[upkeep]\n|upkeep\n|turn|4\n|inactive|Luca8 has 30 seconds left.\n|\n|t:|1775135037\n|move|p2b: Iron Valiant|Wide Guard|p2b: Iron Valiant\n|-singleturn|p2b: Iron Valiant|Wide Guard\n|move|p1b: Calyrex|High Horsepower|p2a: Groudon\n|-damage|p2a: Groudon|47/100\n|move|p1a: Farigiraf|Psychic|p2a: Groudon\n|-damage|p2a: Groudon|0 fnt\n|faint|p2a: Groudon\n|\n|-weather|SunnyDay|[upkeep]\n|upkeep\n|\n|t:|1775135049\n|switch|p2a: Chien-Pao|Chien-Pao, L50|100/100\n|-ability|p2a: Chien-Pao|Sword of Ruin\n|turn|5\n|\n|t:|1775135059\n|move|p2a: Chien-Pao|Protect|p2a: Chien-Pao\n|-singleturn|p2a: Chien-Pao|Protect\n|move|p1b: Calyrex|Leech Seed|p2b: Iron Valiant\n|-start|p2b: Iron Valiant|move: Leech Seed\n|move|p1a: Farigiraf|Dazzling Gleam|p2b: Iron Valiant|[spread] p2b\n|-activate|p2a: Chien-Pao|move: Protect\n|-crit|p2b: Iron Valiant\n|-damage|p2b: Iron Valiant|33/100\n|move|p2b: Iron Valiant|Hypnosis|p1b: Calyrex\n|-status|p1b: Calyrex|slp|[from] move: Hypnosis\n|\n|-weather|SunnyDay|[upkeep]\n|-damage|p2b: Iron Valiant|21/100|[from] Leech Seed|[of] p1b: Calyrex\n|-heal|p1b: Calyrex|78/100 slp|[silent]\n|-fieldend|move: Gravity\n|upkeep\n|turn|6\n|inactive|Luca8 has 30 seconds left.\n|\n|t:|1775135086\n|-end|p2b: Iron Valiant|Quark Drive|[silent]\n|switch|p2b: Sableye|Sableye, L50, F|100/100 slp\n|move|p2a: Chien-Pao|Ice Spinner|p1a: Farigiraf\n|-damage|p1a: Farigiraf|0 fnt\n|faint|p1a: Farigiraf\n|cant|p1b: Calyrex|slp\n|\n|-weather|none\n|-fieldend|move: Trick Room\n|upkeep\n|\n|t:|1775135098\n|switch|p1a: Kyogre|Kyogre, L50|100/100\n|-weather|RainDance|[from] ability: Drizzle|[of] p1a: Kyogre\n|turn|7\n|\n|t:|1775135118\n|cant|p2b: Sableye|slp\n|move|p2a: Chien-Pao|Sacred Sword|p1a: Kyogre\n|-damage|p1a: Kyogre|60/100\n|move|p1a: Kyogre|Water Spout|p2b: Sableye|[spread] p2a,p2b\n|-crit|p2a: Chien-Pao\n|-enditem|p2a: Chien-Pao|Focus Sash\n|-damage|p2a: Chien-Pao|1/100\n|-damage|p2b: Sableye|20/100 slp\n|-enditem|p2b: Sableye|Eject Button\n|\n|t:|1775135122\n|switch|p2b: Iron Valiant|Iron Valiant, L50, tera:Ghost|21/100\n|cant|p1b: Calyrex|slp\n|\n|-weather|RainDance|[upkeep]\n|upkeep\n|turn|8\n|\n|t:|1775135145\n|move|p1a: Kyogre|Protect|p1a: Kyogre\n|-singleturn|p1a: Kyogre|Protect\n|move|p2b: Iron Valiant|Wide Guard|p2b: Iron Valiant\n|-singleturn|p2b: Iron Valiant|Wide Guard\n|move|p2a: Chien-Pao|Sucker Punch||[still]\n|-fail|p2a: Chien-Pao\n|cant|p1b: Calyrex|slp\n|\n|-weather|RainDance|[upkeep]\n|upkeep\n|turn|9\n|\n|t:|1775135168\n|switch|p2a: Sableye|Sableye, L50, F|20/100 slp\n|switch|p1a: Smeargle|Smeargle, L50, F|100/100 slp\n|move|p2b: Iron Valiant|Hypnosis|p1a: Smeargle|[miss]\n|-miss|p2b: Iron Valiant|p1a: Smeargle\n|-curestatus|p1b: Calyrex|slp|[msg]\n|move|p1b: Calyrex|Trick Room|p1b: Calyrex\n|-fieldstart|move: Trick Room|[of] p1b: Calyrex\n|\n|-weather|RainDance|[upkeep]\n|-ability|p1a: Smeargle|Moody|boost\n|-boost|p1a: Smeargle|spe|2\n|-unboost|p1a: Smeargle|atk|1\n|upkeep\n|turn|10\n|\n|t:|1775135186\n|cant|p2a: Sableye|slp\n|move|p1b: Calyrex|High Horsepower|p2b: Iron Valiant\n|-damage|p2b: Iron Valiant|0 fnt\n|faint|p2b: Iron Valiant\n|-end|p2b: Iron Valiant|Quark Drive|[silent]\n|-ability|p1b: Calyrex|Chilling Neigh|boost\n|-boost|p1b: Calyrex|atk|1\n|cant|p1a: Smeargle|slp\n|\n|-weather|RainDance|[upkeep]\n|-ability|p1a: Smeargle|Moody|boost\n|-boost|p1a: Smeargle|def|2\n|-unboost|p1a: Smeargle|atk|1\n|upkeep\n|-message|TheCxDc forfeited.\n|\n|win|Luca8\n|raw|Luca8's rating: 1416 &rarr; <strong>1438</strong><br />(+22 for winning)\n|raw|TheCxDc's rating: 1450 &rarr; <strong>1428</strong><br />(-22 for losing)\n|l|\u2606TheCxDc\n|player|p2|\n|l|\u2606Luca8\n|player|p1|\n","uploadtime":1775135412,"views":12,"formatid":"gen9vgc2026regi","rating":1428,"private":0,"password":null}