{"id":"gen9vgc2026regi-2524047059","format":"[Gen 9] VGC 2026 Reg I","players":["chipydy1","marcxhenry"],"log":"|j|\u2606chipydy1\n|j|\u2606marcxhenry\n|t:|1769103120\n|gametype|doubles\n|player|p1|chipydy1|cynthia|1425\n|player|p2|marcxhenry|hilbert-wonderlauncher|1440\n|gen|9\n|tier|[Gen 9] VGC 2026 Reg I\n|rated|\n|rule|Species Clause: Limit one of each Pok\u00e9mon\n|rule|Item Clause: Limit 1 of each item\n|clearpoke\n|poke|p1|Calyrex-Shadow, L50|\n|poke|p1|Miraidon, L50|\n|poke|p1|Iron Hands, L50|\n|poke|p1|Kingambit, L50, F|\n|poke|p1|Chi-Yu, L50|\n|poke|p1|Whimsicott, L50, F|\n|poke|p2|Calyrex-Shadow, L50|\n|poke|p2|Urshifu-*, L50, M|\n|poke|p2|Roaring Moon, L50|\n|poke|p2|Kyogre, L50|\n|poke|p2|Tsareena, L50, F|\n|poke|p2|Kingambit, L50, M|\n|teampreview|4\n|\n|t:|1769103152\n|teamsize|p1|4\n|teamsize|p2|4\n|start\n|switch|p1a: Whimsicott|Whimsicott, L50, F, shiny|100/100\n|switch|p1b: Miraidon|Miraidon, L50, shiny|100/100\n|switch|p2a: Ludwig|Calyrex-Shadow, L50|100/100\n|switch|p2b: Tripitz|Kyogre, L50, shiny|100/100\n|-ability|p2a: Ludwig|As One\n|-ability|p2a: Ludwig|Unnerve\n|-fieldstart|move: Electric Terrain|[from] ability: Hadron Engine|[of] p1b: Miraidon\n|-weather|RainDance|[from] ability: Drizzle|[of] p2b: Tripitz\n|turn|1\n|\n|t:|1769103176\n|move|p2b: Tripitz|Protect|p2b: Tripitz\n|-singleturn|p2b: Tripitz|Protect\n|move|p1a: Whimsicott|Tailwind|p1a: Whimsicott\n|-sidestart|p1: chipydy1|move: Tailwind\n|move|p1b: Miraidon|Electro Drift|p2a: Ludwig\n|-enditem|p2a: Ludwig|Focus Sash\n|-damage|p2a: Ludwig|1/100\n|-damage|p1b: Miraidon|91/100|[from] item: Life Orb\n|move|p2a: Ludwig|Trick Room|p2a: Ludwig\n|-fieldstart|move: Trick Room|[of] p2a: Ludwig\n|\n|-weather|RainDance|[upkeep]\n|upkeep\n|turn|2\n|\n|t:|1769103197\n|switch|p2a: Eva|Tsareena, L50, F, shiny|100/100\n|-terastallize|p2b: Tripitz|Ground\n|move|p1a: Whimsicott|Light Screen|p1a: Whimsicott\n|-sidestart|p1: chipydy1|move: Light Screen\n|move|p2b: Tripitz|Water Spout|p1b: Miraidon|[spread] p1a,p1b\n|-resisted|p1a: Whimsicott\n|-resisted|p1b: Miraidon\n|-damage|p1a: Whimsicott|41/100\n|-damage|p1b: Miraidon|52/100\n|move|p1b: Miraidon|Dazzling Gleam|p2a: Eva|[spread] p2a,p2b\n|-damage|p2a: Eva|57/100\n|-damage|p2b: Tripitz|71/100\n|-damage|p1b: Miraidon|43/100|[from] item: Life Orb\n|\n|-weather|RainDance|[upkeep]\n|upkeep\n|turn|3\n|\n|t:|1769103220\n|move|p2a: Eva|Triple Axel|p1b: Miraidon\n|-supereffective|p1b: Miraidon\n|-damage|p1b: Miraidon|28/100\n|-supereffective|p1b: Miraidon\n|-damage|p1b: Miraidon|0 fnt\n|faint|p1b: Miraidon\n|-hitcount|p1: Miraidon|2\n|move|p2b: Tripitz|Water Spout|p1a: Whimsicott\n|-resisted|p1a: Whimsicott\n|-damage|p1a: Whimsicott|0 fnt\n|faint|p1a: Whimsicott\n|\n|-weather|RainDance|[upkeep]\n|upkeep\n|\n|t:|1769103233\n|switch|p1a: Iron Hands|Iron Hands, L50, shiny|100/100\n|switch|p1b: Calyrex|Calyrex-Shadow, L50|100/100\n|-ability|p1b: Calyrex|As One\n|-ability|p1b: Calyrex|Unnerve\n|-activate|p1a: Iron Hands|ability: Quark Drive\n|-start|p1a: Iron Hands|quarkdriveatk\n|turn|4\n|\n|t:|1769103249\n|switch|p2b: Ludwig|Calyrex-Shadow, L50|1/100\n|-ability|p2b: Ludwig|As One\n|-ability|p2b: Ludwig|Unnerve\n|move|p1b: Calyrex|Protect|p1b: Calyrex\n|-singleturn|p1b: Calyrex|Protect\n|move|p2a: Eva|Power Whip|p1a: Iron Hands\n|-damage|p1a: Iron Hands|54/100\n|move|p1a: Iron Hands|Low Kick|p2b: Ludwig\n|-immune|p2b: Ludwig\n|\n|-weather|RainDance|[upkeep]\n|-sideend|p1: chipydy1|move: Tailwind\n|upkeep\n|turn|5\n|\n|t:|1769103271\n|-terastallize|p1b: Calyrex|Ghost\n|move|p2b: Ludwig|Protect|p2b: Ludwig\n|-singleturn|p2b: Ludwig|Protect\n|move|p1a: Iron Hands|Wild Charge|p2b: Ludwig\n|-activate|p2b: Ludwig|move: Protect\n|move|p2a: Eva|Triple Axel|p1b: Calyrex\n|-damage|p1b: Calyrex|91/100\n|-damage|p1b: Calyrex|73/100\n|-damage|p1b: Calyrex|47/100\n|-hitcount|p1b: Calyrex|3\n|move|p1b: Calyrex|Astral Barrage|p2a: Eva|[spread] p2a\n|-activate|p2b: Ludwig|move: Protect\n|-damage|p2a: Eva|0 fnt\n|faint|p2a: Eva\n|-ability|p1b: Calyrex|Grim Neigh|boost\n|-boost|p1b: Calyrex|spa|1\n|\n|-weather|none\n|-fieldend|move: Trick Room\n|-fieldend|move: Electric Terrain\n|-end|p1a: Iron Hands|Quark Drive\n|upkeep\n|\n|t:|1769103291\n|switch|p2a: Hermann|Kingambit, L50, M, shiny|100/100\n|turn|6\n|\n|t:|1769103300\n|move|p2a: Hermann|Sucker Punch||[still]\n|-fail|p2a: Hermann\n|move|p1b: Calyrex|Encore|p2b: Ludwig\n|-start|p2b: Ludwig|Encore\n|move|p2b: Ludwig|Protect||[still]\n|-fail|p2b: Ludwig\n|move|p1a: Iron Hands|Low Kick|p2a: Hermann\n|-supereffective|p2a: Hermann\n|-damage|p2a: Hermann|0 fnt\n|faint|p2a: Hermann\n|\n|-sideend|p1: chipydy1|move: Light Screen\n|upkeep\n|c|\u2606marcxhenry|:OOOOOOOO\n|\n|t:|1769103312\n|switch|p2a: Tripitz|Kyogre, L50, shiny, tera:Ground|71/100\n|-weather|RainDance|[from] ability: Drizzle|[of] p2a: Tripitz\n|turn|7\n|\n|t:|1769103318\n|move|p2b: Ludwig|Protect|p2b: Ludwig\n|-singleturn|p2b: Ludwig|Protect\n|move|p1b: Calyrex|Astral Barrage|p2a: Tripitz|[spread] p2a\n|-activate|p2b: Ludwig|move: Protect\n|-damage|p2a: Tripitz|0 fnt\n|faint|p2a: Tripitz\n|-ability|p1b: Calyrex|Grim Neigh|boost\n|-boost|p1b: Calyrex|spa|1\n|move|p1a: Iron Hands|Low Kick|p2b: Ludwig\n|-activate|p2b: Ludwig|move: Protect\n|\n|-weather|RainDance|[upkeep]\n|upkeep\n|turn|8\n|\n|t:|1769103334\n|move|p2b: Ludwig|Protect||[still]\n|-fail|p2b: Ludwig\n|move|p1b: Calyrex|Astral Barrage|p2b: Ludwig\n|-supereffective|p2b: Ludwig\n|-damage|p2b: Ludwig|0 fnt\n|faint|p2b: Ludwig\n|\n|win|chipydy1\n|raw|chipydy1's rating: 1425 &rarr; <strong>1446</strong><br />(+21 for winning)\n|raw|marcxhenry's rating: 1440 &rarr; <strong>1419</strong><br />(-21 for losing)\n|l|\u2606marcxhenry\n|player|p2|\n|l|\u2606chipydy1\n|player|p1|\n","uploadtime":1769103519,"views":19,"formatid":"gen9vgc2026regi","rating":1419,"private":0,"password":null}