{"id":"gen9vgc2026regi-2570194170","format":"[Gen 9] VGC 2026 Reg I","players":["hfyssgtslaaa","chenxiangruxie"],"log":"|j|\u2606hfyssgtslaaa\n|j|\u2606chenxiangruxie\n|t:|1774786803\n|gametype|doubles\n|player|p1|hfyssgtslaaa|may-masters2|1422\n|player|p2|chenxiangruxie|dawn-gen4pt|1540\n|gen|9\n|tier|[Gen 9] VGC 2026 Reg I\n|rated|\n|rule|Species Clause: Limit one of each Pok\u00e9mon\n|rule|Item Clause: Limit 1 of each item\n|clearpoke\n|poke|p1|Raging Bolt, L50|\n|poke|p1|Chien-Pao, L50|\n|poke|p1|Calyrex-Shadow, L50|\n|poke|p1|Rillaboom, L50, F|\n|poke|p1|Amoonguss, L50, M|\n|poke|p1|Zamazenta-*, L50|\n|poke|p2|Tornadus, L50, M|\n|poke|p2|Miraidon, L50|\n|poke|p2|Iron Moth, L50|\n|poke|p2|Urshifu-*, L50, F|\n|poke|p2|Calyrex-Ice, L50|\n|poke|p2|Landorus, L50, M|\n|teampreview|4\n|inactive|Battle timer is ON: inactive players will automatically lose when time's up. (requested by hfyssgtslaaa)\n|inactive|hfyssgtslaaa has 60 seconds left.\n|inactive|chenxiangruxie has 60 seconds left.\nchenxiangruxie rejected open team sheets.\n|\n|t:|1774786859\n|teamsize|p1|4\n|teamsize|p2|4\n|start\n|switch|p1a: Calyrex|Calyrex-Shadow, L50|100/100\n|switch|p1b: Zamazenta|Zamazenta-Crowned, L50|100/100\n|switch|p2a: Tornadus|Tornadus, L50, M|100/100\n|switch|p2b: Landorus|Landorus, L50, M|100/100\n|-ability|p1a: Calyrex|As One\n|-ability|p1a: Calyrex|Unnerve\n|-ability|p1b: Zamazenta|Dauntless Shield|boost\n|-boost|p1b: Zamazenta|def|1\n|turn|1\n|inactive|chenxiangruxie has 30 seconds left.\n|\n|t:|1774786885\n|-terastallize|p2a: Tornadus|Normal\n|move|p2b: Landorus|Protect|p2b: Landorus\n|-singleturn|p2b: Landorus|Protect\n|move|p1b: Zamazenta|Protect|p1b: Zamazenta\n|-singleturn|p1b: Zamazenta|Protect\n|move|p1a: Calyrex|Astral Barrage|p2a: Tornadus|[spread] \n|-activate|p2b: Landorus|move: Protect\n|-immune|p2a: Tornadus\n|move|p2a: Tornadus|Bleakwind Storm|p1a: Calyrex|[spread] p1a\n|-activate|p1b: Zamazenta|move: Protect\n|-damage|p1a: Calyrex|60/100\n|-unboost|p1a: Calyrex|spe|1\n|\n|upkeep\n|turn|2\n|inactive|hfyssgtslaaa has 30 seconds left.\n|inactive|hfyssgtslaaa has 20 seconds left.\n|inactive|hfyssgtslaaa has 15 seconds left.\n|\n|t:|1774786929\n|-terastallize|p1b: Zamazenta|Water\n|move|p1a: Calyrex|Protect|p1a: Calyrex\n|-singleturn|p1a: Calyrex|Protect\n|move|p2a: Tornadus|Tailwind|p2a: Tornadus\n|-sidestart|p2: chenxiangruxie|move: Tailwind\n|move|p2b: Landorus|Earth Power|p1b: Zamazenta\n|-damage|p1b: Zamazenta|51/100\n|move|p1b: Zamazenta|Behemoth Bash|p2b: Landorus\n|-damage|p2b: Landorus|54/100\n|\n|upkeep\n|turn|3\n|\n|t:|1774786943\n|move|p1b: Zamazenta|Wide Guard|p1b: Zamazenta\n|-singleturn|p1b: Zamazenta|Wide Guard\n|move|p2a: Tornadus|Bleakwind Storm|p1b: Zamazenta|[spread] \n|-activate|p1a: Calyrex|move: Wide Guard\n|-activate|p1b: Zamazenta|move: Wide Guard\n|move|p2b: Landorus|Earth Power|p1a: Calyrex\n|-damage|p1a: Calyrex|0 fnt\n|faint|p1a: Calyrex\n|\n|upkeep\n|\n|t:|1774786952\n|switch|p1a: Chien-Pao|Chien-Pao, L50|100/100\n|-ability|p1a: Chien-Pao|Sword of Ruin\n|turn|4\n|\n|t:|1774786970\n|switch|p2b: Urshifu|Urshifu-Rapid-Strike, L50, F|100/100\n|move|p1a: Chien-Pao|Protect|p1a: Chien-Pao\n|-singleturn|p1a: Chien-Pao|Protect\n|move|p2a: Tornadus|Bleakwind Storm|p1a: Chien-Pao|[spread] \n|-activate|p1a: Chien-Pao|move: Protect\n|-miss|p2a: Tornadus|p1b: Zamazenta\n|move|p1b: Zamazenta|Body Press|p2a: Tornadus\n|-supereffective|p2a: Tornadus\n|-enditem|p2a: Tornadus|Focus Sash\n|-damage|p2a: Tornadus|1/100\n|\n|upkeep\n|turn|5\n|-message|hfyssgtslaaa forfeited.\n|\n|win|chenxiangruxie\n|raw|hfyssgtslaaa's rating: 1422 &rarr; <strong>1409</strong><br />(-13 for losing)\n|raw|chenxiangruxie's rating: 1540 &rarr; <strong>1553</strong><br />(+13 for winning)\n|l|\u2606hfyssgtslaaa\n|player|p1|\n|l|\u2606chenxiangruxie\n|player|p2|\n","uploadtime":1774787254,"views":14,"formatid":"gen9vgc2026regi","rating":1409,"private":0,"password":null}