{"id":"gen9vgc2026regi-2535865269","format":"[Gen 9] VGC 2026 Reg I","players":["fogdocker","avarussurava"],"log":"|j|\u2606fogdocker\n|j|\u2606avarussurava\n|t:|1770623016\n|gametype|doubles\n|player|p1|fogdocker|101|1437\n|player|p2|avarussurava|101|1327\n|gen|9\n|tier|[Gen 9] VGC 2026 Reg I\n|rated|\n|rule|Species Clause: Limit one of each Pok\u00e9mon\n|rule|Item Clause: Limit 1 of each item\n|clearpoke\n|poke|p1|Calyrex-Ice, L50|\n|poke|p1|Koraidon, L50|\n|poke|p1|Flutter Mane, L50|\n|poke|p1|Incineroar, L50, F|\n|poke|p1|Rillaboom, L50, F|\n|poke|p1|Volcarona, L50, F|\n|poke|p2|Tyranitar, L50, F|\n|poke|p2|Kyogre, L50|\n|poke|p2|Zamazenta-*, L50|\n|poke|p2|Gastrodon, L50, F|\n|poke|p2|Sinistcha, L50|\n|poke|p2|Ceruledge, L50, F|\n|teampreview|4\n|inactive|Battle timer is ON: inactive players will automatically lose when time's up. (requested by fogdocker)\n|\n|t:|1770623042\n|teamsize|p1|4\n|teamsize|p2|4\n|start\n|switch|p1a: Rillaboom|Rillaboom, L50, F|100/100\n|switch|p1b: Calyrex|Calyrex-Ice, L50|100/100\n|switch|p2a: Zamazenta|Zamazenta-Crowned, L50|100/100\n|switch|p2b: Ceruledge|Ceruledge, L50, F|100/100\n|-ability|p1b: Calyrex|As One\n|-ability|p1b: Calyrex|Unnerve\n|-ability|p2a: Zamazenta|Dauntless Shield|boost\n|-boost|p2a: Zamazenta|def|1\n|-fieldstart|move: Grassy Terrain|[from] ability: Grassy Surge|[of] p1a: Rillaboom\n|turn|1\n|\n|t:|1770623056\n|switch|p1a: Volcarona|Volcarona, L50, F|100/100\n|-terastallize|p1b: Calyrex|Water\n|move|p2a: Zamazenta|Iron Defense|p2a: Zamazenta\n|-boost|p2a: Zamazenta|def|2\n|move|p2b: Ceruledge|Taunt|p1b: Calyrex\n|-start|p1b: Calyrex|move: Taunt\n|cant|p1b: Calyrex|move: Taunt|Leech Seed\n|\n|upkeep\n|turn|2\n|\n|t:|1770623073\n|switch|p1b: Koraidon|Koraidon, L50|100/100\n|-weather|SunnyDay|[from] ability: Orichalcum Pulse|[of] p1b: Koraidon\n|-activate|p1b: Koraidon|Orichalcum Pulse|[source]\n|-terastallize|p2a: Zamazenta|Ground\n|move|p2a: Zamazenta|Iron Defense|p2a: Zamazenta\n|-boost|p2a: Zamazenta|def|2\n|move|p1a: Volcarona|Heat Wave|p2b: Ceruledge|[spread] p2a\n|-start|p2b: Ceruledge|ability: Flash Fire\n|-damage|p2a: Zamazenta|68/100\n|move|p2b: Ceruledge|Taunt|p1a: Volcarona\n|-start|p1a: Volcarona|move: Taunt\n|\n|-weather|SunnyDay|[upkeep]\n|-heal|p2a: Zamazenta|74/100|[from] Grassy Terrain\n|upkeep\n|turn|3\n|inactive|avarussurava has 30 seconds left.\n|\n|t:|1770623101\n|switch|p1b: Calyrex|Calyrex-Ice, L50, tera:Water|100/100\n|-ability|p1b: Calyrex|As One\n|-ability|p1b: Calyrex|Unnerve\n|move|p2a: Zamazenta|Body Press|p1a: Volcarona\n|-resisted|p1a: Volcarona\n|-damage|p1a: Volcarona|20/100\n|-damage|p2a: Zamazenta|57/100|[from] item: Rocky Helmet|[of] p1a: Volcarona\n|move|p1a: Volcarona|Struggle Bug|p2a: Zamazenta|[spread] p2a,p2b\n|-resisted|p2b: Ceruledge\n|-damage|p2a: Zamazenta|46/100\n|-damage|p2b: Ceruledge|96/100\n|-unboost|p2a: Zamazenta|spa|1\n|-unboost|p2b: Ceruledge|spa|1\n|move|p2b: Ceruledge|Bitter Blade|p1a: Volcarona\n|-damage|p1a: Volcarona|0 fnt\n|-heal|p2b: Ceruledge|100/100|[from] drain|[of] p1a: Volcarona\n|-damage|p2b: Ceruledge|84/100|[from] item: Rocky Helmet|[of] p1a: Volcarona\n|faint|p1a: Volcarona\n|\n|-weather|SunnyDay|[upkeep]\n|-heal|p2a: Zamazenta|52/100|[from] Grassy Terrain\n|-heal|p2b: Ceruledge|90/100|[from] Grassy Terrain\n|upkeep\n|\n|t:|1770623105\n|switch|p1a: Rillaboom|Rillaboom, L50, F|100/100\n|turn|4\n|inactive|avarussurava has 30 seconds left.\n|\n|t:|1770623136\n|move|p2a: Zamazenta|Wide Guard|p2a: Zamazenta\n|-singleturn|p2a: Zamazenta|Wide Guard\n|move|p2b: Ceruledge|Bitter Blade|p1a: Rillaboom\n|-supereffective|p1a: Rillaboom\n|-damage|p1a: Rillaboom|0 fnt\n|-heal|p2b: Ceruledge|100/100|[from] drain|[of] p1a: Rillaboom\n|faint|p1a: Rillaboom\n|move|p1b: Calyrex|Glacial Lance|p2b: Ceruledge|[spread] \n|-activate|p2a: Zamazenta|move: Wide Guard\n|-activate|p2b: Ceruledge|move: Wide Guard\n|\n|-weather|SunnyDay|[upkeep]\n|-heal|p2a: Zamazenta|58/100|[from] Grassy Terrain\n|upkeep\n|\n|t:|1770623143\n|switch|p1a: Koraidon|Koraidon, L50|100/100\n|-activate|p1a: Koraidon|ability: Orichalcum Pulse\n|turn|5\n|-message|fogdocker forfeited.\n|\n|win|avarussurava\n|raw|fogdocker's rating: 1437 &rarr; <strong>1411</strong><br />(-26 for losing)\n|raw|avarussurava's rating: 1327 &rarr; <strong>1353</strong><br />(+26 for winning)\n","uploadtime":1770623233,"views":15,"formatid":"gen9vgc2026regi","rating":1353,"private":0,"password":null}