{"id":"gen9vgc2026regi-2548234512","format":"[Gen 9] VGC 2026 Reg I","players":["thayerkash","xiaoliyunVGC"],"log":"|j|\u2606thayerkash\n|j|\u2606xiaoliyunVGC\n|t:|1772191623\n|gametype|doubles\n|player|p1|thayerkash|alder|1254\n|player|p2|xiaoliyunVGC|liko|1403\n|gen|9\n|tier|[Gen 9] VGC 2026 Reg I\n|rated|\n|rule|Species Clause: Limit one of each Pok\u00e9mon\n|rule|Item Clause: Limit 1 of each item\n|clearpoke\n|poke|p1|Miraidon, L50|\n|poke|p1|Koraidon, L50|\n|poke|p1|Tornadus, L50, M|\n|poke|p1|Walking Wake, L50|\n|poke|p1|Brute Bonnet, L50|\n|poke|p1|Heatran, L50, F|\n|poke|p2|Zamazenta-*, L50|\n|poke|p2|Kyogre, L50|\n|poke|p2|Raichu, L50, M|\n|poke|p2|Flutter Mane, L50|\n|poke|p2|Tornadus, L50, M|\n|poke|p2|Kingambit, L50, F|\n|teampreview|4\n|inactive|Battle timer is ON: inactive players will automatically lose when time's up. (requested by thayerkash)\n|inactive|xiaoliyunVGC also wants the timer to be on.\n|inactive|thayerkash has 60 seconds left.\n|inactive|thayerkash has 30 seconds left.\n|inactive|thayerkash has 20 seconds left.\n|\n|t:|1772191694\n|teamsize|p1|4\n|teamsize|p2|4\n|start\n|switch|p1a: Miraidon|Miraidon, L50|100/100\n|switch|p1b: Walking Wake|Walking Wake, L50|100/100\n|switch|p2a: Zamazenta|Zamazenta-Crowned, L50, shiny|100/100\n|switch|p2b: Raichu|Raichu, L50, M|100/100\n|-fieldstart|move: Electric Terrain|[from] ability: Hadron Engine|[of] p1a: Miraidon\n|-ability|p2a: Zamazenta|Dauntless Shield|boost\n|-boost|p2a: Zamazenta|def|1\n|turn|1\n|inactive|thayerkash has 30 seconds left.\n|\n|t:|1772191723\n|switch|p1a: Koraidon|Koraidon, L50|100/100\n|-weather|SunnyDay|[from] ability: Orichalcum Pulse|[of] p1a: Koraidon\n|-activate|p1b: Walking Wake|ability: Protosynthesis\n|-start|p1b: Walking Wake|protosynthesisspa\n|-activate|p1a: Koraidon|Orichalcum Pulse|[source]\n|-terastallize|p2a: Zamazenta|Fighting\n|move|p2b: Raichu|Fake Out|p1b: Walking Wake\n|-damage|p1b: Walking Wake|91/100\n|move|p1b: Walking Wake|Hydro Steam|p2a: Zamazenta\n|-damage|p2a: Zamazenta|53/100\n|move|p2a: Zamazenta|Body Press|p1a: Koraidon\n|-damage|p1a: Koraidon|15/100\n|\n|-weather|SunnyDay|[upkeep]\n|upkeep\n|turn|2\n|inactive|thayerkash has 30 seconds left.\n|\n|t:|1772191750\n|move|p1a: Koraidon|Flame Charge|p2b: Raichu\n|-damage|p2b: Raichu|27/100\n|-boost|p1a: Koraidon|spe|1\n|-damage|p1a: Koraidon|5/100|[from] item: Life Orb\n|move|p2b: Raichu|Nuzzle|p1b: Walking Wake\n|-damage|p1b: Walking Wake|80/100\n|move|p1b: Walking Wake|Hydro Steam|p2a: Zamazenta\n|-damage|p2a: Zamazenta|1/100\n|move|p2a: Zamazenta|Body Press|p1a: Koraidon\n|-damage|p1a: Koraidon|0 fnt\n|faint|p1a: Koraidon\n|\n|-weather|SunnyDay|[upkeep]\n|upkeep\n|\n|t:|1772191767\n|switch|p1a: Miraidon|Miraidon, L50|100/100\n|-activate|p1a: Miraidon|ability: Hadron Engine\n|turn|3\n|\n|t:|1772191781\n|move|p2a: Zamazenta|Protect|p2a: Zamazenta\n|-singleturn|p2a: Zamazenta|Protect\n|move|p2b: Raichu|Feint|p1b: Walking Wake\n|-damage|p1b: Walking Wake|72/100\n|move|p1a: Miraidon|Dazzling Gleam|p2b: Raichu|[spread] p2b\n|-activate|p2a: Zamazenta|move: Protect\n|-damage|p2b: Raichu|0 fnt\n|faint|p2b: Raichu\n|move|p1b: Walking Wake|Snarl|p2a: Zamazenta\n|-activate|p2a: Zamazenta|move: Protect\n|\n|-weather|SunnyDay|[upkeep]\n|upkeep\n|\n|t:|1772191790\n|switch|p2b: Flutter Mane|Flutter Mane, L50|100/100\n|-activate|p2b: Flutter Mane|ability: Protosynthesis\n|-start|p2b: Flutter Mane|protosynthesisspe\n|turn|4\n|\n|t:|1772191811\n|switch|p1a: Tornadus|Tornadus, L50, M|100/100\n|-terastallize|p1b: Walking Wake|Water\n|move|p2b: Flutter Mane|Moonblast|p1b: Walking Wake\n|-damage|p1b: Walking Wake|12/100\n|move|p1b: Walking Wake|Snarl|p2a: Zamazenta|[spread] p2a,p2b\n|-resisted|p2a: Zamazenta\n|-damage|p2a: Zamazenta|0 fnt\n|-damage|p2b: Flutter Mane|80/100\n|-unboost|p2b: Flutter Mane|spa|1\n|faint|p2a: Zamazenta\n|\n|-weather|SunnyDay|[upkeep]\n|upkeep\n|\n|t:|1772191823\n|switch|p2a: Kyogre|Kyogre, L50|100/100\n|-weather|RainDance|[from] ability: Drizzle|[of] p2a: Kyogre\n|-end|p2b: Flutter Mane|Protosynthesis\n|-end|p1b: Walking Wake|Protosynthesis\n|-enditem|p2b: Flutter Mane|Booster Energy\n|-activate|p2b: Flutter Mane|ability: Protosynthesis|[fromitem]\n|-start|p2b: Flutter Mane|protosynthesisspe\n|turn|5\n|\n|t:|1772191835\n|move|p1a: Tornadus|Tailwind|p1a: Tornadus\n|-sidestart|p1: thayerkash|move: Tailwind\n|move|p1b: Walking Wake|Draco Meteor|p2a: Kyogre\n|-damage|p2a: Kyogre|49/100\n|-unboost|p1b: Walking Wake|spa|2\n|move|p2b: Flutter Mane|Icy Wind|p1a: Tornadus|[spread] p1a,p1b\n|-supereffective|p1a: Tornadus\n|-resisted|p1b: Walking Wake\n|-damage|p1a: Tornadus|85/100\n|-damage|p1b: Walking Wake|7/100\n|-unboost|p1a: Tornadus|spe|1\n|move|p2a: Kyogre|Ice Beam|p1a: Tornadus\n|-supereffective|p1a: Tornadus\n|-damage|p1a: Tornadus|27/100\n|-status|p1a: Tornadus|frz\n|\n|-weather|RainDance|[upkeep]\n|-fieldend|move: Electric Terrain\n|upkeep\n|turn|6\n|inactive|thayerkash has 30 seconds left.\n|\n|t:|1772191865\n|cant|p1a: Tornadus|frz\n|move|p1b: Walking Wake|Snarl|p2b: Flutter Mane|[spread] p2a,p2b\n|-damage|p2a: Kyogre|43/100\n|-damage|p2b: Flutter Mane|73/100\n|-unboost|p2a: Kyogre|spa|1\n|-unboost|p2b: Flutter Mane|spa|1\n|move|p2b: Flutter Mane|Moonblast|p1a: Tornadus\n|-damage|p1a: Tornadus|6/100 frz\n|move|p2a: Kyogre|Ice Beam|p1b: Walking Wake\n|-resisted|p1b: Walking Wake\n|-damage|p1b: Walking Wake|0 fnt\n|faint|p1b: Walking Wake\n|-end|p1b: Walking Wake|Protosynthesis|[silent]\n|\n|-weather|RainDance|[upkeep]\n|upkeep\n|\n|t:|1772191880\n|switch|p1b: Miraidon|Miraidon, L50|100/100\n|-fieldstart|move: Electric Terrain|[from] ability: Hadron Engine|[of] p1b: Miraidon\n|turn|7\n|\n|t:|1772191892\n|move|p2b: Flutter Mane|Protect|p2b: Flutter Mane\n|-singleturn|p2b: Flutter Mane|Protect\n|move|p1b: Miraidon|Electro Drift|p2b: Flutter Mane\n|-activate|p2b: Flutter Mane|move: Protect\n|move|p2a: Kyogre|Ice Beam|p1b: Miraidon\n|-supereffective|p1b: Miraidon\n|-damage|p1b: Miraidon|57/100\n|cant|p1a: Tornadus|frz\n|\n|-weather|RainDance|[upkeep]\n|upkeep\n|turn|8\n|\n|t:|1772191909\n|move|p1b: Miraidon|Electro Drift|p2b: Flutter Mane\n|-damage|p2b: Flutter Mane|0 fnt\n|faint|p2b: Flutter Mane\n|-end|p2b: Flutter Mane|Protosynthesis|[silent]\n|move|p2a: Kyogre|Ice Beam|p1b: Miraidon\n|-supereffective|p1b: Miraidon\n|-damage|p1b: Miraidon|11/100\n|-curestatus|p1a: Tornadus|frz|[msg]\n|move|p1a: Tornadus|Bleakwind Storm|p2a: Kyogre\n|-damage|p2a: Kyogre|12/100\n|\n|-weather|RainDance|[upkeep]\n|-sideend|p1: thayerkash|move: Tailwind\n|upkeep\n|turn|9\n|-message|xiaoliyunVGC forfeited.\n|\n|win|thayerkash\n|raw|thayerkash's rating: 1254 &rarr; <strong>1289</strong><br />(+35 for winning)\n|raw|xiaoliyunVGC's rating: 1403 &rarr; <strong>1375</strong><br />(-28 for losing)\n|l|\u2606xiaoliyunVGC\n|player|p2|\n|l|\u2606thayerkash\n|player|p1|\n","uploadtime":1772192129,"views":15,"formatid":"gen9vgc2026regi","rating":1289,"private":0,"password":null}