{"id":"gen9vgc2026regi-2566734141","format":"[Gen 9] VGC 2026 Reg I","players":["slimeslatt252","qingyunyunyun"],"log":"|j|\u2606slimeslatt252\n|j|\u2606qingyunyunyun\n|t:|1774403191\n|gametype|doubles\n|player|p1|slimeslatt252|170|1457\n|player|p2|qingyunyunyun|265|1474\n|gen|9\n|tier|[Gen 9] VGC 2026 Reg I\n|rated|\n|rule|Species Clause: Limit one of each Pok\u00e9mon\n|rule|Item Clause: Limit 1 of each item\n|clearpoke\n|poke|p1|Calyrex-Shadow, L50|\n|poke|p1|Koraidon, L50|\n|poke|p1|Incineroar, L50, M|\n|poke|p1|Raging Bolt, L50|\n|poke|p1|Brute Bonnet, L50|\n|poke|p1|Landorus, L50, M|\n|poke|p2|Kyogre, L50|\n|poke|p2|Whimsicott, L50, M|\n|poke|p2|Tornadus, L50, M|\n|poke|p2|Urshifu-*, L50, M|\n|poke|p2|Zacian-*, L50|\n|poke|p2|Farigiraf, L50, M|\n|teampreview|4\n|inactive|Battle timer is ON: inactive players will automatically lose when time's up. (requested by slimeslatt252)\n|inactive|qingyunyunyun also wants the timer to be on.\n|\n|t:|1774403217\n|teamsize|p1|4\n|teamsize|p2|4\n|start\n|switch|p1a: Brute Bonnet|Brute Bonnet, L50|100/100\n|switch|p1b: raging dingus|Raging Bolt, L50|100/100\n|switch|p2a: Urshifu|Urshifu-Rapid-Strike, L50, M|100/100\n|switch|p2b: Tornadus|Tornadus, L50, M|100/100\n|turn|1\n|\n|t:|1774403231\n|-terastallize|p2a: Urshifu|Normal\n|move|p2b: Tornadus|Tailwind|p2b: Tornadus\n|-sidestart|p2: qingyunyunyun|move: Tailwind\n|move|p1b: raging dingus|Thunderclap|p2a: Urshifu\n|-damage|p2a: Urshifu|35/100\n|move|p2a: Urshifu|U-turn|p1a: Brute Bonnet\n|-supereffective|p1a: Brute Bonnet\n|-damage|p1a: Brute Bonnet|3/100\n|\n|t:|1774403242\n|switch|p2a: Zacian|Zacian-Crowned, L50|100/100|[from] U-turn\n|-ability|p2a: Zacian|Intrepid Sword|boost\n|-boost|p2a: Zacian|atk|1\n|move|p1a: Brute Bonnet|Spore|p2b: Tornadus\n|-status|p2b: Tornadus|slp|[from] move: Spore\n|\n|upkeep\n|turn|2\n|\n|t:|1774403261\n|move|p1a: Brute Bonnet|Rage Powder|p1a: Brute Bonnet\n|-singleturn|p1a: Brute Bonnet|move: Rage Powder\n|move|p2a: Zacian|Play Rough|p1a: Brute Bonnet\n|-supereffective|p1a: Brute Bonnet\n|-damage|p1a: Brute Bonnet|0 fnt\n|faint|p1a: Brute Bonnet\n|-end|p1a: Brute Bonnet|Protosynthesis|[silent]\n|cant|p2b: Tornadus|slp\n|move|p1b: raging dingus|Volt Switch|p2b: Tornadus\n|-supereffective|p2b: Tornadus\n|-damage|p2b: Tornadus|32/100 slp\n|\n|t:|1774403268\n|-end|p1b: raging dingus|Protosynthesis|[silent]\n|switch|p1b: Calyrex|Calyrex-Shadow, L50|100/100|[from] Volt Switch\n|-ability|p1b: Calyrex|As One\n|-ability|p1b: Calyrex|Unnerve\n|\n|upkeep\n|\n|t:|1774403270\n|switch|p1a: raging dingus|Raging Bolt, L50|100/100\n|turn|3\n|\n|t:|1774403279\n|-terastallize|p1a: raging dingus|Electric\n|move|p1b: Calyrex|Protect|p1b: Calyrex\n|-singleturn|p1b: Calyrex|Protect\n|move|p1a: raging dingus|Thunderclap|p2a: Zacian\n|-damage|p2a: Zacian|52/100\n|move|p2a: Zacian|Play Rough|p1a: raging dingus\n|-damage|p1a: raging dingus|44/100\n|cant|p2b: Tornadus|slp\n|\n|upkeep\n|turn|4\n|\n|t:|1774403302\n|switch|p2b: Urshifu|Urshifu-Rapid-Strike, L50, M, tera:Normal|35/100\n|move|p1a: raging dingus|Thunderclap|p2a: Zacian\n|-damage|p2a: Zacian|0 fnt\n|faint|p2a: Zacian\n|move|p1b: Calyrex|Astral Barrage|p2b: Urshifu\n|-immune|p2b: Urshifu\n|\n|-sideend|p2: qingyunyunyun|move: Tailwind\n|upkeep\n|\n|t:|1774403308\n|switch|p2a: Tornadus|Tornadus, L50, M|32/100 slp\n|turn|5\n|\n|t:|1774403312\n|move|p2b: Urshifu|Aqua Jet|p1b: Calyrex\n|-damage|p1b: Calyrex|64/100\n|-curestatus|p2a: Tornadus|slp|[msg]\n|move|p2a: Tornadus|Tailwind|p2a: Tornadus\n|-sidestart|p2: qingyunyunyun|move: Tailwind\n|move|p1a: raging dingus|Thunderclap||[still]\n|-fail|p1a: raging dingus\n|move|p1b: Calyrex|Astral Barrage|p2b: Urshifu|[spread] p2a\n|-immune|p2b: Urshifu\n|-crit|p2a: Tornadus\n|-damage|p2a: Tornadus|0 fnt\n|faint|p2a: Tornadus\n|-ability|p1b: Calyrex|Grim Neigh|boost\n|-boost|p1b: Calyrex|spa|1\n|\n|upkeep\n|\n|t:|1774403321\n|switch|p2a: Kyogre|Kyogre, L50, shiny|100/100\n|-weather|RainDance|[from] ability: Drizzle|[of] p2a: Kyogre\n|turn|6\n|\n|t:|1774403332\n|switch|p1b: Koraidon|Koraidon, L50|100/100\n|-weather|SunnyDay|[from] ability: Orichalcum Pulse|[of] p1b: Koraidon\n|-activate|p1a: raging dingus|ability: Protosynthesis\n|-start|p1a: raging dingus|protosynthesisspa\n|-activate|p1b: Koraidon|Orichalcum Pulse|[source]\n|move|p2b: Urshifu|Aqua Jet|p1b: Koraidon\n|-resisted|p1b: Koraidon\n|-damage|p1b: Koraidon|94/100\n|move|p1a: raging dingus|Thunderclap|p2a: Kyogre\n|-supereffective|p2a: Kyogre\n|-damage|p2a: Kyogre|0 fnt\n|faint|p2a: Kyogre\n|\n|-weather|SunnyDay|[upkeep]\n|upkeep\n|turn|7\n|-message|qingyunyunyun forfeited.\n|\n|win|slimeslatt252\n|raw|slimeslatt252's rating: 1457 &rarr; <strong>1478</strong><br />(+21 for winning)\n|raw|qingyunyunyun's rating: 1474 &rarr; <strong>1453</strong><br />(-21 for losing)\n|l|\u2606qingyunyunyun\n|player|p2|\n","uploadtime":1774403549,"views":11,"formatid":"gen9vgc2026regi","rating":1453,"private":0,"password":null}