{"id":"gen9vgc2026regi-2564890109","format":"[Gen 9] VGC 2026 Reg I","players":["ray_on_1248_","Jonen"],"log":"|j|\u2606ray_on_1248_\n|j|\u2606Jonen\n|t:|1774207692\n|gametype|doubles\n|player|p1|ray_on_1248_|hilda|1425\n|player|p2|Jonen|hiker-gen4|1370\n|gen|9\n|tier|[Gen 9] VGC 2026 Reg I\n|rated|\n|rule|Species Clause: Limit one of each Pok\u00e9mon\n|rule|Item Clause: Limit 1 of each item\n|clearpoke\n|poke|p1|Kyogre, L50|\n|poke|p1|Zacian-*, L50|\n|poke|p1|Wo-Chien, L50|\n|poke|p1|Grimmsnarl, L50, M|\n|poke|p1|Iron Hands, L50|\n|poke|p1|Tornadus, L50, M|\n|poke|p2|Groudon, L50|\n|poke|p2|Lunala, L50|\n|poke|p2|Sableye, L50, M|\n|poke|p2|Chi-Yu, L50|\n|poke|p2|Rillaboom, L50, F|\n|poke|p2|Jumpluff, L50, F|\n|teampreview|4\n|c|\u2606ray_on_1248_|glhf\n|c|\u2606Jonen|u2\n|\n|t:|1774207744\n|teamsize|p1|4\n|teamsize|p2|4\n|start\n|switch|p1a: Grimmsnarl|Grimmsnarl, L50, M|100/100\n|switch|p1b: Kyogre|Kyogre, L50, shiny|100/100\n|switch|p2a: Sableye|Sableye, L50, M|100/100\n|switch|p2b: Groudon|Groudon, L50|100/100\n|-weather|SunnyDay|[from] ability: Drought|[of] p2b: Groudon\n|-weather|RainDance|[from] ability: Drizzle|[of] p1b: Kyogre\n|turn|1\n|\n|t:|1774207772\n|move|p2b: Groudon|Protect|p2b: Groudon\n|-singleturn|p2b: Groudon|Protect\n|move|p1a: Grimmsnarl|Reflect|p1a: Grimmsnarl\n|-sidestart|p1: ray_on_1248_|Reflect\n|move|p2a: Sableye|Gravity|p2a: Sableye\n|-fieldstart|move: Gravity\n|move|p1b: Kyogre|Origin Pulse|p2b: Groudon|[spread] p2a\n|-activate|p2b: Groudon|move: Protect\n|-enditem|p2a: Sableye|Focus Sash\n|-damage|p2a: Sableye|1/100\n|\n|-weather|RainDance|[upkeep]\n|upkeep\n|turn|2\n|\n|t:|1774207784\n|move|p1b: Kyogre|Protect|p1b: Kyogre\n|-singleturn|p1b: Kyogre|Protect\n|move|p2a: Sableye|Disable|p1b: Kyogre\n|-activate|p1b: Kyogre|move: Protect\n|move|p2b: Groudon|Precipice Blades|p1a: Grimmsnarl|[spread] p1a\n|-activate|p1b: Kyogre|move: Protect\n|-damage|p1a: Grimmsnarl|49/100\n|-damage|p2b: Groudon|91/100|[from] item: Life Orb\n|move|p1a: Grimmsnarl|Spirit Break|p2a: Sableye\n|-supereffective|p2a: Sableye\n|-damage|p2a: Sableye|0 fnt\n|faint|p2a: Sableye\n|\n|-weather|RainDance|[upkeep]\n|upkeep\n|\n|t:|1774207789\n|switch|p2a: Lunala|Lunala, L50|100/100\n|turn|3\n|\n|t:|1774207803\n|switch|p1b: Wo-Chien|Wo-Chien, L50, shiny|100/100\n|-ability|p1b: Wo-Chien|Tablets of Ruin\n|move|p1a: Grimmsnarl|Thunder Wave|p2a: Lunala\n|-status|p2a: Lunala|par\n|move|p2b: Groudon|Precipice Blades|p1a: Grimmsnarl|[spread] p1a,p1b\n|-resisted|p1b: Wo-Chien\n|-damage|p1a: Grimmsnarl|10/100\n|-damage|p1b: Wo-Chien|85/100\n|-damage|p2b: Groudon|81/100|[from] item: Life Orb\n|move|p2a: Lunala|Hypnosis|p1b: Wo-Chien\n|-status|p1b: Wo-Chien|slp|[from] move: Hypnosis\n|\n|-weather|RainDance|[upkeep]\n|-heal|p1b: Wo-Chien|92/100 slp|[from] item: Leftovers\n|upkeep\n|turn|4\n|\n|t:|1774207822\n|switch|p2a: Rillaboom|Rillaboom, L50, F|100/100\n|-fieldstart|move: Grassy Terrain|[from] ability: Grassy Surge|[of] p2a: Rillaboom\n|move|p1a: Grimmsnarl|Light Screen|p1a: Grimmsnarl\n|-sidestart|p1: ray_on_1248_|move: Light Screen\n|move|p2b: Groudon|Substitute|p2b: Groudon\n|-start|p2b: Groudon|Substitute\n|-damage|p2b: Groudon|56/100\n|cant|p1b: Wo-Chien|slp\n|\n|-weather|RainDance|[upkeep]\n|-heal|p2b: Groudon|62/100|[from] Grassy Terrain\n|-heal|p1b: Wo-Chien|98/100 slp|[from] Grassy Terrain\n|-heal|p1b: Wo-Chien|100/100 slp|[from] item: Leftovers\n|-heal|p1a: Grimmsnarl|16/100|[from] Grassy Terrain\n|upkeep\n|turn|5\n|\n|t:|1774207831\n|move|p1a: Grimmsnarl|Thunder Wave|p2a: Rillaboom\n|-status|p2a: Rillaboom|par\n|move|p2b: Groudon|Precipice Blades|p1a: Grimmsnarl|[spread] p1a,p1b\n|-resisted|p1b: Wo-Chien\n|-damage|p1a: Grimmsnarl|0 fnt\n|-damage|p1b: Wo-Chien|85/100 slp\n|faint|p1a: Grimmsnarl\n|-damage|p2b: Groudon|52/100|[from] item: Life Orb\n|-curestatus|p1b: Wo-Chien|slp|[msg]\n|move|p1b: Wo-Chien|Ruination|p2a: Rillaboom\n|-damage|p2a: Rillaboom|51/100 par\n|move|p2a: Rillaboom|U-turn|p1b: Wo-Chien\n|-supereffective|p1b: Wo-Chien\n|-damage|p1b: Wo-Chien|48/100\n|\n|t:|1774207844\n|switch|p2a: Lunala|Lunala, L50|100/100 par|[from] U-turn\n|\n|-weather|none\n|-heal|p2b: Groudon|58/100|[from] Grassy Terrain\n|-heal|p1b: Wo-Chien|54/100|[from] Grassy Terrain\n|-heal|p1b: Wo-Chien|60/100|[from] item: Leftovers\n|-fieldend|move: Gravity\n|upkeep\n|\n|t:|1774207847\n|switch|p1a: Zacian|Zacian-Crowned, L50, shiny|100/100\n|-ability|p1a: Zacian|Intrepid Sword|boost\n|-boost|p1a: Zacian|atk|1\n|turn|6\n|\n|t:|1774207862\n|-terastallize|p2b: Groudon|Fire\n|move|p1a: Zacian|Protect|p1a: Zacian\n|-singleturn|p1a: Zacian|Protect\n|cant|p2a: Lunala|par\n|move|p2b: Groudon|Heat Crash|p1b: Wo-Chien\n|-supereffective|p1b: Wo-Chien\n|-damage|p1b: Wo-Chien|0 fnt\n|faint|p1b: Wo-Chien\n|-damage|p2b: Groudon|48/100|[from] item: Life Orb\n|\n|-heal|p2b: Groudon|54/100|[from] Grassy Terrain\n|upkeep\n|\n|t:|1774207870\n|switch|p1b: Kyogre|Kyogre, L50, shiny|100/100\n|-weather|RainDance|[from] ability: Drizzle|[of] p1b: Kyogre\n|turn|7\n|\n|t:|1774207893\n|-terastallize|p1b: Kyogre|Grass\n|move|p2b: Groudon|Protect|p2b: Groudon\n|-singleturn|p2b: Groudon|Protect\n|move|p1a: Zacian|Sacred Sword|p2b: Groudon\n|-activate|p2b: Groudon|move: Protect\n|move|p1b: Kyogre|Water Spout|p2a: Lunala|[spread] p2a\n|-activate|p2b: Groudon|move: Protect\n|-damage|p2a: Lunala|45/100 par\n|move|p2a: Lunala|Hypnosis|p1b: Kyogre|[miss]\n|-miss|p2a: Lunala|p1b: Kyogre\n|\n|-weather|RainDance|[upkeep]\n|-heal|p2b: Groudon|60/100|[from] Grassy Terrain\n|-heal|p2a: Lunala|51/100 par|[from] Grassy Terrain\n|upkeep\n|turn|8\n|\n|t:|1774207912\n|switch|p2a: Rillaboom|Rillaboom, L50, F|51/100 par\n|move|p1b: Kyogre|Protect|p1b: Kyogre\n|-singleturn|p1b: Kyogre|Protect\n|move|p1a: Zacian|Behemoth Blade|p2a: Rillaboom\n|-damage|p2a: Rillaboom|0 fnt\n|faint|p2a: Rillaboom\n|move|p2b: Groudon|Precipice Blades|p1b: Kyogre|[spread] p1a\n|-activate|p1b: Kyogre|move: Protect\n|-supereffective|p1a: Zacian\n|-damage|p1a: Zacian|18/100\n|-damage|p2b: Groudon|50/100|[from] item: Life Orb\n|\n|-weather|RainDance|[upkeep]\n|-heal|p1a: Zacian|24/100|[from] Grassy Terrain\n|-heal|p2b: Groudon|56/100|[from] Grassy Terrain\n|-sideend|p1: ray_on_1248_|Reflect\n|-fieldend|move: Grassy Terrain\n|upkeep\n|\n|t:|1774207920\n|switch|p2a: Lunala|Lunala, L50|51/100 par\n|turn|9\n|\n|t:|1774207940\n|move|p1a: Zacian|Behemoth Blade|p2a: Lunala\n|-damage|p2a: Lunala|0 fnt\n|faint|p2a: Lunala\n|move|p2b: Groudon|Precipice Blades|p1a: Zacian|[spread] p1a,p1b\n|-supereffective|p1a: Zacian\n|-crit|p1a: Zacian\n|-resisted|p1b: Kyogre\n|-damage|p1a: Zacian|0 fnt\n|-damage|p1b: Kyogre|64/100\n|faint|p1a: Zacian\n|-damage|p2b: Groudon|46/100|[from] item: Life Orb\n|move|p1b: Kyogre|Water Spout|p2b: Groudon\n|-supereffective|p2b: Groudon\n|-end|p2b: Groudon|Substitute\n|\n|-weather|RainDance|[upkeep]\n|upkeep\n|turn|10\n|\n|t:|1774207955\n|move|p2b: Groudon|Protect|p2b: Groudon\n|-singleturn|p2b: Groudon|Protect\n|move|p1b: Kyogre|Origin Pulse|p2b: Groudon\n|-activate|p2b: Groudon|move: Protect\n|\n|-weather|RainDance|[upkeep]\n|upkeep\n|turn|11\n|\n|t:|1774207964\n|move|p2b: Groudon|Protect|p2b: Groudon\n|-singleturn|p2b: Groudon|Protect\n|move|p1b: Kyogre|Origin Pulse|p2b: Groudon\n|-activate|p2b: Groudon|move: Protect\n|\n|-weather|none\n|-sideend|p1: ray_on_1248_|move: Light Screen\n|upkeep\n|turn|12\n|\n|t:|1774207975\n|move|p2b: Groudon|Heat Crash|p1b: Kyogre\n|-supereffective|p1b: Kyogre\n|-damage|p1b: Kyogre|0 fnt\n|faint|p1b: Kyogre\n|-damage|p2b: Groudon|36/100|[from] item: Life Orb\n|\n|win|Jonen\n|raw|ray_on_1248_'s rating: 1425 &rarr; <strong>1402</strong><br />(-23 for losing)\n|raw|Jonen's rating: 1370 &rarr; <strong>1393</strong><br />(+23 for winning)\n","uploadtime":1774207975,"views":10,"formatid":"gen9vgc2026regi","rating":1393,"private":0,"password":null}