{"id":"gen9vgc2026regi-2582252459","format":"[Gen 9] VGC 2026 Reg I","players":["jj11j1","Simon0123"],"log":"|j|\u2606jj11j1\n|j|\u2606Simon0123\n|t:|1776076375\n|gametype|doubles\n|player|p1|jj11j1|169|1583\n|player|p2|Simon0123|benga|1420\n|gen|9\n|tier|[Gen 9] VGC 2026 Reg I\n|rated|\n|rule|Species Clause: Limit one of each Pok\u00e9mon\n|rule|Item Clause: Limit 1 of each item\n|clearpoke\n|poke|p1|Kyogre, L50|\n|poke|p1|Calyrex-Ice, L50|\n|poke|p1|Landorus, L50, M|\n|poke|p1|Urshifu-*, L50, M|\n|poke|p1|Smeargle, L50, F|\n|poke|p1|Flutter Mane, L50|\n|poke|p2|Zacian-*, L50|\n|poke|p2|Kyogre, L50|\n|poke|p2|Tornadus, L50, M|\n|poke|p2|Urshifu-*, L50, F|\n|poke|p2|Incineroar, L50, F|\n|poke|p2|Rillaboom, L50, M|\n|teampreview|4\n|inactive|Battle timer is ON: inactive players will automatically lose when time's up. (requested by Simon0123)\n|inactive|jj11j1 has 60 seconds left.\n|inactive|Simon0123 has 60 seconds left.\n|\n|t:|1776076416\n|teamsize|p1|4\n|teamsize|p2|4\n|start\n|switch|p1a: Flutter Mane|Flutter Mane, L50|100/100\n|switch|p1b: Landorus|Landorus, L50, M|100/100\n|switch|p2a: Tornadus|Tornadus, L50, M|100/100\n|switch|p2b: Kyogre|Kyogre, L50|100/100\n|-weather|RainDance|[from] ability: Drizzle|[of] p2b: Kyogre\n|turn|1\n|\n|t:|1776076432\n|move|p1b: Landorus|Protect|p1b: Landorus\n|-singleturn|p1b: Landorus|Protect\n|move|p2a: Tornadus|Tailwind|p2a: Tornadus\n|-sidestart|p2: Simon0123|move: Tailwind\n|move|p2b: Kyogre|Water Spout|p1a: Flutter Mane|[spread] p1a\n|-activate|p1b: Landorus|move: Protect\n|-enditem|p1a: Flutter Mane|Focus Sash\n|-damage|p1a: Flutter Mane|1/100\n|move|p1a: Flutter Mane|Trick Room|p1a: Flutter Mane\n|-fieldstart|move: Trick Room|[of] p1a: Flutter Mane\n|\n|-weather|RainDance|[upkeep]\n|upkeep\n|turn|2\n|\n|t:|1776076453\n|move|p2b: Kyogre|Protect|p2b: Kyogre\n|-singleturn|p2b: Kyogre|Protect\n|move|p1b: Landorus|Sludge Bomb|p2a: Tornadus\n|-damage|p2a: Tornadus|33/100\n|move|p1a: Flutter Mane|Moonblast|p2b: Kyogre\n|-activate|p2b: Kyogre|move: Protect\n|move|p2a: Tornadus|Bleakwind Storm|p1a: Flutter Mane|[spread] p1a,p1b\n|-damage|p1a: Flutter Mane|0 fnt\n|-damage|p1b: Landorus|53/100\n|faint|p1a: Flutter Mane\n|-end|p1a: Flutter Mane|Protosynthesis|[silent]\n|\n|-weather|RainDance|[upkeep]\n|upkeep\n|\n|t:|1776076468\n|switch|p1a: Calyrex|Calyrex-Ice, L50|100/100\n|-ability|p1a: Calyrex|As One\n|-ability|p1a: Calyrex|Unnerve\n|turn|3\n|\n|t:|1776076477\n|-terastallize|p1a: Calyrex|Grass\n|move|p2a: Tornadus|Protect|p2a: Tornadus\n|-singleturn|p2a: Tornadus|Protect\n|move|p1a: Calyrex|Seed Bomb|p2b: Kyogre\n|-supereffective|p2b: Kyogre\n|-damage|p2b: Kyogre|0 fnt\n|faint|p2b: Kyogre\n|-ability|p1a: Calyrex|Chilling Neigh|boost\n|-boost|p1a: Calyrex|atk|1\n|move|p1b: Landorus|Sludge Bomb|p2a: Tornadus\n|-activate|p2a: Tornadus|move: Protect\n|\n|-weather|RainDance|[upkeep]\n|upkeep\n|\n|t:|1776076481\n|switch|p2b: Incineroar|Incineroar, L50, F|100/100\n|-ability|p2b: Incineroar|Intimidate|boost\n|-fail|p1a: Calyrex|unboost|[from] item: Clear Amulet|[of] p1a: Calyrex\n|-unboost|p1b: Landorus|atk|1\n|turn|4\n|\n|t:|1776076501\n|-terastallize|p2a: Tornadus|Ghost\n|move|p2b: Incineroar|Fake Out|p1a: Calyrex\n|-damage|p1a: Calyrex|93/100\n|cant|p1a: Calyrex|flinch\n|move|p1b: Landorus|Sludge Bomb|p2a: Tornadus\n|-resisted|p2a: Tornadus\n|-damage|p2a: Tornadus|2/100\n|move|p2a: Tornadus|Bleakwind Storm|p1a: Calyrex|[spread] p1a,p1b\n|-supereffective|p1a: Calyrex\n|-damage|p1a: Calyrex|40/100\n|-damage|p1b: Landorus|7/100\n|\n|-weather|RainDance|[upkeep]\n|-sideend|p2: Simon0123|move: Tailwind\n|upkeep\n|turn|5\n|inactive|jj11j1 has 30 seconds left.\n|inactive|Simon0123 has 30 seconds left.\n|inactive|jj11j1 has 20 seconds left.\n|\n|t:|1776076539\n|move|p2a: Tornadus|Protect|p2a: Tornadus\n|-singleturn|p2a: Tornadus|Protect\n|move|p1a: Calyrex|Glacial Lance|p2b: Incineroar|[spread] p2b\n|-activate|p2a: Tornadus|move: Protect\n|-resisted|p2b: Incineroar\n|-damage|p2b: Incineroar|65/100\n|move|p2b: Incineroar|Knock Off|p1b: Landorus\n|-damage|p1b: Landorus|0 fnt\n|-enditem|p1b: Landorus|Life Orb|[from] move: Knock Off|[of] p2b: Incineroar\n|faint|p1b: Landorus\n|\n|-weather|none\n|-fieldend|move: Trick Room\n|upkeep\n|\n|t:|1776076560\n|switch|p1b: Kyogre|Kyogre, L50|100/100\n|-weather|RainDance|[from] ability: Drizzle|[of] p1b: Kyogre\n|turn|6\n|\n|t:|1776076573\n|move|p2a: Tornadus|Bleakwind Storm|p1b: Kyogre|[spread] p1a,p1b\n|-supereffective|p1a: Calyrex\n|-damage|p1a: Calyrex|0 fnt\n|-damage|p1b: Kyogre|74/100\n|faint|p1a: Calyrex\n|move|p2b: Incineroar|Knock Off|p1b: Kyogre\n|-damage|p1b: Kyogre|37/100\n|-enditem|p1b: Kyogre|Power Lens|[from] move: Knock Off|[of] p2b: Incineroar\n|move|p1b: Kyogre|Water Spout|p2b: Incineroar|[spread] p2a,p2b\n|-supereffective|p2b: Incineroar\n|-damage|p2a: Tornadus|0 fnt\n|-damage|p2b: Incineroar|0 fnt\n|faint|p2a: Tornadus\n|faint|p2b: Incineroar\n|\n|-weather|RainDance|[upkeep]\n|upkeep\n|\n|t:|1776076589\n|switch|p2b: Zacian|Zacian-Crowned, L50|100/100\n|-ability|p2b: Zacian|Intrepid Sword|boost\n|-boost|p2b: Zacian|atk|1\n|turn|7\n|\n|t:|1776076594\n|move|p2b: Zacian|Play Rough|p1b: Kyogre\n|-damage|p1b: Kyogre|0 fnt\n|faint|p1b: Kyogre\n|\n|win|Simon0123\n|raw|jj11j1's rating: 1583 &rarr; <strong>1554</strong><br />(-29 for losing)\n|raw|Simon0123's rating: 1420 &rarr; <strong>1449</strong><br />(+29 for winning)\n|l|\u2606jj11j1\n|player|p1|\n|l|\u2606Simon0123\n|player|p2|\n","uploadtime":1776076837,"views":11,"formatid":"gen9vgc2026regi","rating":1449,"private":0,"password":null}