{"id":"gen9vgc2026regi-2544429386","format":"[Gen 9] VGC 2026 Reg I","players":["cdogp3","j0l0k0"],"log":"|j|\u2606cdogp3\n|j|\u2606j0l0k0\n|t:|1771705871\n|gametype|doubles\n|player|p1|cdogp3|hoopster|1597\n|player|p2|j0l0k0|brycen|1476\n|gen|9\n|tier|[Gen 9] VGC 2026 Reg I\n|rated|\n|rule|Species Clause: Limit one of each Pok\u00e9mon\n|rule|Item Clause: Limit 1 of each item\n|clearpoke\n|poke|p1|Koraidon, L50|\n|poke|p1|Calyrex-Shadow, L50|\n|poke|p1|Flutter Mane, L50|\n|poke|p1|Incineroar, L50, F|\n|poke|p1|Clefairy, L50, F|\n|poke|p1|Rillaboom, L50, F|\n|poke|p2|Calyrex-Ice, L50|\n|poke|p2|Kyogre, L50|\n|poke|p2|Indeedee-F, L50, F|\n|poke|p2|Urshifu-*, L50, F|\n|poke|p2|Amoonguss, L50, F|\n|poke|p2|Landorus, L50, M|\n|teampreview|4\n|inactive|Battle timer is ON: inactive players will automatically lose when time's up. (requested by cdogp3)\n|inactive|j0l0k0 also wants the timer to be on.\n|c|\u2606j0l0k0|hello again\n|\n|t:|1771705895\n|teamsize|p1|4\n|teamsize|p2|4\n|start\n|switch|p1a: Incineroar|Incineroar, L50, F|100/100\n|switch|p1b: Calyrex|Calyrex-Shadow, L50|100/100\n|switch|p2a: Indeedee|Indeedee-F, L50, F, shiny|100/100\n|switch|p2b: Calyrex|Calyrex-Ice, L50|100/100\n|-ability|p1b: Calyrex|As One\n|-ability|p1b: Calyrex|Unnerve\n|-ability|p2b: Calyrex|As One\n|-ability|p2b: Calyrex|Unnerve\n|-fieldstart|move: Psychic Terrain|[from] ability: Psychic Surge|[of] p2a: Indeedee\n|-ability|p1a: Incineroar|Intimidate|boost\n|-unboost|p2a: Indeedee|atk|1\n|-fail|p2b: Calyrex|unboost|[from] item: Clear Amulet|[of] p2b: Calyrex\n|turn|1\n|inactive|j0l0k0 has 30 seconds left.\n|inactive|j0l0k0 has 20 seconds left.\n|inactive|j0l0k0 has 15 seconds left.\n|inactive|j0l0k0 has 10 seconds left.\n|inactive|j0l0k0 has 5 seconds left.\n|\n|t:|1771705949\n|-terastallize|p2b: Calyrex|Normal\n|move|p2a: Indeedee|Follow Me|p2a: Indeedee\n|-singleturn|p2a: Indeedee|move: Follow Me\n|move|p1b: Calyrex|Psychic|p2a: Indeedee\n|-resisted|p2a: Indeedee\n|-damage|p2a: Indeedee|59/100\n|-damage|p1b: Calyrex|91/100|[from] item: Life Orb\n|move|p1a: Incineroar|U-turn|p2a: Indeedee\n|-supereffective|p2a: Indeedee\n|-damage|p2a: Indeedee|17/100\n|\n|t:|1771705959\n|switch|p1a: Rillaboom|Rillaboom, L50, F|100/100|[from] U-turn\n|-fieldstart|move: Grassy Terrain|[from] ability: Grassy Surge|[of] p1a: Rillaboom\n|move|p2b: Calyrex|Trick Room|p2b: Calyrex\n|-fieldstart|move: Trick Room|[of] p2b: Calyrex\n|\n|-heal|p2a: Indeedee|24/100|[from] Grassy Terrain\n|-heal|p1b: Calyrex|97/100|[from] Grassy Terrain\n|upkeep\n|turn|2\n|\n|t:|1771705966\n|move|p1a: Rillaboom|Fake Out|p2b: Calyrex\n|-damage|p2b: Calyrex|93/100\n|move|p2a: Indeedee|Follow Me|p2a: Indeedee\n|-singleturn|p2a: Indeedee|move: Follow Me\n|cant|p2b: Calyrex|flinch\n|move|p1b: Calyrex|Psychic|p2a: Indeedee\n|-resisted|p2a: Indeedee\n|-damage|p2a: Indeedee|0 fnt\n|faint|p2a: Indeedee\n|-ability|p1b: Calyrex|Grim Neigh|boost\n|-boost|p1b: Calyrex|spa|1\n|-damage|p1b: Calyrex|87/100|[from] item: Life Orb\n|\n|-heal|p2b: Calyrex|99/100|[from] Grassy Terrain\n|-heal|p1b: Calyrex|93/100|[from] Grassy Terrain\n|upkeep\n|\n|t:|1771705975\n|switch|p2a: Urshifu|Urshifu, L50, F|100/100\n|turn|3\n|\n|t:|1771705984\n|switch|p1b: Incineroar|Incineroar, L50, F|100/100\n|-ability|p1b: Incineroar|Intimidate|boost\n|-unboost|p2a: Urshifu|atk|1\n|-fail|p2b: Calyrex|unboost|[from] item: Clear Amulet|[of] p2b: Calyrex\n|-terastallize|p1a: Rillaboom|Water\n|move|p2b: Calyrex|Glacial Lance|p1a: Rillaboom|[spread] p1a,p1b\n|-resisted|p1a: Rillaboom\n|-resisted|p1b: Incineroar\n|-damage|p1a: Rillaboom|76/100\n|-damage|p1b: Incineroar|74/100\n|move|p1a: Rillaboom|U-turn|p2a: Urshifu\n|-damage|p2a: Urshifu|77/100\n|\n|t:|1771705993\n|switch|p1a: Koraidon|Koraidon, L50|100/100|[from] U-turn\n|-weather|SunnyDay|[from] ability: Orichalcum Pulse|[of] p1a: Koraidon\n|-activate|p1a: Koraidon|Orichalcum Pulse|[source]\n|move|p2a: Urshifu|Wicked Blow|p1b: Incineroar\n|-resisted|p1b: Incineroar\n|-crit|p1b: Incineroar\n|-damage|p1b: Incineroar|45/100\n|\n|-weather|SunnyDay|[upkeep]\n|-heal|p2b: Calyrex|100/100|[from] Grassy Terrain\n|-heal|p1b: Incineroar|51/100|[from] Grassy Terrain\n|-heal|p2a: Urshifu|83/100|[from] Grassy Terrain\n|upkeep\n|turn|4\n|\n|t:|1771706002\n|move|p1b: Incineroar|Fake Out|p2b: Calyrex\n|-damage|p2b: Calyrex|94/100\n|cant|p2b: Calyrex|flinch\n|move|p2a: Urshifu|Close Combat|p1a: Koraidon\n|-damage|p1a: Koraidon|61/100\n|-unboost|p2a: Urshifu|def|1\n|-unboost|p2a: Urshifu|spd|1\n|move|p1a: Koraidon|Low Kick|p2a: Urshifu\n|-supereffective|p2a: Urshifu\n|-damage|p2a: Urshifu|0 fnt\n|faint|p2a: Urshifu\n|\n|-weather|SunnyDay|[upkeep]\n|-heal|p2b: Calyrex|99/100|[from] Grassy Terrain\n|-heal|p1b: Incineroar|57/100|[from] Grassy Terrain\n|-heal|p1a: Koraidon|67/100|[from] Grassy Terrain\n|upkeep\n|\n|t:|1771706009\n|switch|p2a: Kyogre|Kyogre, L50, shiny|100/100\n|-weather|RainDance|[from] ability: Drizzle|[of] p2a: Kyogre\n|turn|5\n|\n|t:|1771706014\n|move|p1a: Koraidon|Protect|p1a: Koraidon\n|-singleturn|p1a: Koraidon|Protect\n|move|p2b: Calyrex|Glacial Lance|p1a: Koraidon|[spread] p1b\n|-activate|p1a: Koraidon|move: Protect\n|-resisted|p1b: Incineroar\n|-damage|p1b: Incineroar|30/100\n|move|p1b: Incineroar|U-turn|p2b: Calyrex\n|-damage|p2b: Calyrex|88/100\n|\n|t:|1771706019\n|switch|p1b: Rillaboom|Rillaboom, L50, F, tera:Water|76/100|[from] U-turn\n|move|p2a: Kyogre|Water Spout|p1a: Koraidon|[spread] p1b\n|-activate|p1a: Koraidon|move: Protect\n|-resisted|p1b: Rillaboom\n|-damage|p1b: Rillaboom|36/100\n|\n|-weather|RainDance|[upkeep]\n|-heal|p2b: Calyrex|94/100|[from] Grassy Terrain\n|-heal|p1b: Rillaboom|42/100|[from] Grassy Terrain\n|-heal|p1a: Koraidon|73/100|[from] Grassy Terrain\n|-fieldend|move: Trick Room\n|-fieldend|move: Grassy Terrain\n|upkeep\n|turn|6\n|c|\u2606j0l0k0|ggwp\n|\n|t:|1771706031\n|move|p1b: Rillaboom|Fake Out|p2a: Kyogre\n|-damage|p2a: Kyogre|89/100\n|move|p1a: Koraidon|Low Kick|p2b: Calyrex\n|-supereffective|p2b: Calyrex\n|-damage|p2b: Calyrex|12/100\n|cant|p2a: Kyogre|flinch\n|move|p2b: Calyrex|Glacial Lance|p1a: Koraidon|[spread] p1a,p1b\n|-supereffective|p1a: Koraidon\n|-crit|p1a: Koraidon\n|-resisted|p1b: Rillaboom\n|-damage|p1a: Koraidon|0 fnt\n|-damage|p1b: Rillaboom|15/100\n|faint|p1a: Koraidon\n|-ability|p2b: Calyrex|Chilling Neigh|boost\n|-boost|p2b: Calyrex|atk|1\n|\n|-weather|RainDance|[upkeep]\n|upkeep\n|\n|t:|1771706034\n|switch|p1a: Calyrex|Calyrex-Shadow, L50|93/100\n|-ability|p1a: Calyrex|As One\n|-ability|p1a: Calyrex|Unnerve\n|turn|7\n|\n|t:|1771706045\n|switch|p1b: Incineroar|Incineroar, L50, F|30/100\n|-ability|p1b: Incineroar|Intimidate|boost\n|-unboost|p2a: Kyogre|atk|1\n|-fail|p2b: Calyrex|unboost|[from] item: Clear Amulet|[of] p2b: Calyrex\n|move|p1a: Calyrex|Psychic|p2b: Calyrex\n|-damage|p2b: Calyrex|0 fnt\n|faint|p2b: Calyrex\n|-ability|p1a: Calyrex|Grim Neigh|boost\n|-boost|p1a: Calyrex|spa|1\n|-damage|p1a: Calyrex|83/100|[from] item: Life Orb\n|move|p2a: Kyogre|Thunder|p1b: Incineroar\n|-damage|p1b: Incineroar|0 fnt\n|faint|p1b: Incineroar\n|\n|-weather|RainDance|[upkeep]\n|upkeep\n|\n|t:|1771706047\n|switch|p1b: Rillaboom|Rillaboom, L50, F, tera:Water|15/100\n|-fieldstart|move: Grassy Terrain|[from] ability: Grassy Surge|[of] p1b: Rillaboom\n|turn|8\n|\n|t:|1771706060\n|move|p1b: Rillaboom|Grassy Glide|p2a: Kyogre\n|-supereffective|p2a: Kyogre\n|-damage|p2a: Kyogre|26/100\n|move|p1a: Calyrex|Psychic|p2a: Kyogre\n|-damage|p2a: Kyogre|0 fnt\n|faint|p2a: Kyogre\n|-damage|p1a: Calyrex|74/100|[from] item: Life Orb\n|\n|win|cdogp3\n|raw|cdogp3's rating: 1597 &rarr; <strong>1610</strong><br />(+13 for winning)\n|raw|j0l0k0's rating: 1476 &rarr; <strong>1463</strong><br />(-13 for losing)\n|l|\u2606cdogp3\n|player|p1|\n|l|\u2606j0l0k0\n|player|p2|\n","uploadtime":1771706296,"views":16,"formatid":"gen9vgc2026regi","rating":1463,"private":0,"password":null}