{"id":"gen9vgc2026regi-2567282739","format":"[Gen 9] VGC 2026 Reg I","players":["Guccisan1","bishmii"],"log":"|j|\u2606Guccisan1\n|j|\u2606bishmii\n|t:|1774462986\n|gametype|doubles\n|player|p1|Guccisan1|102|1433\n|player|p2|bishmii|170|1334\n|gen|9\n|tier|[Gen 9] VGC 2026 Reg I\n|rated|\n|rule|Species Clause: Limit one of each Pok\u00e9mon\n|rule|Item Clause: Limit 1 of each item\n|clearpoke\n|poke|p1|Calyrex-Ice, L50|\n|poke|p1|Miraidon, L50|\n|poke|p1|Grimmsnarl, L50, M|\n|poke|p1|Urshifu-*, L50, M|\n|poke|p1|Incineroar, L50, F|\n|poke|p1|Landorus, L50, M|\n|poke|p2|Incineroar, L50, F|\n|poke|p2|Calyrex-Shadow, L50|\n|poke|p2|Tornadus, L50, M|\n|poke|p2|Rillaboom, L50, F|\n|poke|p2|Sylveon, L50, M|\n|poke|p2|Zamazenta-*, L50|\n|teampreview|4\n|inactive|Battle timer is ON: inactive players will automatically lose when time's up. (requested by bishmii)\n|inactive|Guccisan1 has 60 seconds left.\n|\n|t:|1774463032\n|teamsize|p1|4\n|teamsize|p2|4\n|start\n|switch|p1a: Calyrex|Calyrex-Ice, L50|100/100\n|switch|p1b: Grimmsnarl|Grimmsnarl, L50, M|100/100\n|switch|p2a: Sylveon|Sylveon, L50, M|100/100\n|switch|p2b: Incineroar|Incineroar, L50, F|100/100\n|-ability|p1a: Calyrex|As One\n|-ability|p1a: Calyrex|Unnerve\n|-ability|p2b: Incineroar|Intimidate|boost\n|-unboost|p1a: Calyrex|atk|1\n|-unboost|p1b: Grimmsnarl|atk|1\n|turn|1\n|\n|t:|1774463052\n|move|p2b: Incineroar|Fake Out|p1b: Grimmsnarl\n|-damage|p1b: Grimmsnarl|89/100\n|cant|p1b: Grimmsnarl|flinch\n|move|p2a: Sylveon|Calm Mind|p2a: Sylveon\n|-boost|p2a: Sylveon|spa|1\n|-boost|p2a: Sylveon|spd|1\n|move|p1a: Calyrex|Leech Seed|p2a: Sylveon|[miss]\n|-miss|p1a: Calyrex|p2a: Sylveon\n|\n|upkeep\n|turn|2\n|\n|t:|1774463075\n|-terastallize|p1a: Calyrex|Water\n|move|p1b: Grimmsnarl|Light Screen|p1b: Grimmsnarl\n|-sidestart|p1: Guccisan1|move: Light Screen\n|move|p2b: Incineroar|Parting Shot|p1a: Calyrex\n|-unboost|p1a: Calyrex|atk|1\n|-unboost|p1a: Calyrex|spa|1\n|\n|t:|1774463086\n|switch|p2b: Rillaboom|Rillaboom, L50, F|100/100|[from] Parting Shot\n|-fieldstart|move: Grassy Terrain|[from] ability: Grassy Surge|[of] p2b: Rillaboom\n|move|p2a: Sylveon|Calm Mind|p2a: Sylveon\n|-boost|p2a: Sylveon|spa|1\n|-boost|p2a: Sylveon|spd|1\n|move|p1a: Calyrex|Leech Seed|p2a: Sylveon\n|-start|p2a: Sylveon|move: Leech Seed\n|\n|-heal|p1b: Grimmsnarl|95/100|[from] Grassy Terrain\n|-damage|p2a: Sylveon|88/100|[from] Leech Seed|[of] p1a: Calyrex\n|upkeep\n|turn|3\n|inactive|bishmii has 30 seconds left.\n|\n|t:|1774463113\n|switch|p1b: Incineroar|Incineroar, L50, F|100/100\n|-ability|p1b: Incineroar|Intimidate|boost\n|-unboost|p2a: Sylveon|atk|1\n|-unboost|p2b: Rillaboom|atk|1\n|move|p2b: Rillaboom|Fake Out|p1a: Calyrex\n|-damage|p1a: Calyrex|95/100\n|move|p2a: Sylveon|Hyper Voice|p1b: Incineroar|[spread] p1a,p1b\n|-damage|p1a: Calyrex|66/100\n|-damage|p1b: Incineroar|70/100\n|cant|p1a: Calyrex|flinch\n|\n|-heal|p1b: Incineroar|76/100|[from] Grassy Terrain\n|-heal|p2a: Sylveon|94/100|[from] Grassy Terrain\n|-heal|p2a: Sylveon|100/100|[from] item: Leftovers\n|-heal|p1a: Calyrex|72/100|[from] Grassy Terrain\n|-heal|p1a: Calyrex|77/100|[from] item: Leftovers\n|-damage|p2a: Sylveon|88/100|[from] Leech Seed|[of] p1a: Calyrex\n|-heal|p1a: Calyrex|89/100|[silent]\n|upkeep\n|turn|4\n|\n|t:|1774463129\n|switch|p2b: Incineroar|Incineroar, L50, F|100/100\n|-ability|p2b: Incineroar|Intimidate|boost\n|-unboost|p1a: Calyrex|atk|1\n|-unboost|p1b: Incineroar|atk|1\n|move|p2a: Sylveon|Protect|p2a: Sylveon\n|-singleturn|p2a: Sylveon|Protect\n|move|p1a: Calyrex|Protect|p1a: Calyrex\n|-singleturn|p1a: Calyrex|Protect\n|move|p1b: Incineroar|U-turn|p2b: Incineroar\n|-damage|p2b: Incineroar|89/100\n|\n|t:|1774463140\n|switch|p1b: Grimmsnarl|Grimmsnarl, L50, M|95/100|[from] U-turn\n|\n|-heal|p2b: Incineroar|95/100|[from] Grassy Terrain\n|-heal|p2a: Sylveon|94/100|[from] Grassy Terrain\n|-heal|p2a: Sylveon|100/100|[from] item: Leftovers\n|-heal|p1b: Grimmsnarl|100/100|[from] Grassy Terrain\n|-heal|p1a: Calyrex|95/100|[from] Grassy Terrain\n|-heal|p1a: Calyrex|100/100|[from] item: Leftovers\n|-damage|p2a: Sylveon|88/100|[from] Leech Seed|[of] p1a: Calyrex\n|upkeep\n|turn|5\n|inactive|Guccisan1 has 30 seconds left.\n|\n|t:|1774463168\n|move|p2b: Incineroar|Knock Off|p1a: Calyrex\n|-damage|p1a: Calyrex|78/100\n|-enditem|p1a: Calyrex|Leftovers|[from] move: Knock Off|[of] p2b: Incineroar\n|move|p2a: Sylveon|Calm Mind|p2a: Sylveon\n|-boost|p2a: Sylveon|spa|1\n|-boost|p2a: Sylveon|spd|1\n|move|p1b: Grimmsnarl|Spirit Break|p2a: Sylveon\n|-damage|p2a: Sylveon|58/100\n|-unboost|p2a: Sylveon|spa|1\n|move|p1a: Calyrex|Leech Seed|p2b: Incineroar\n|-start|p2b: Incineroar|move: Leech Seed\n|\n|-heal|p2b: Incineroar|100/100|[from] Grassy Terrain\n|-heal|p2a: Sylveon|64/100|[from] Grassy Terrain\n|-heal|p2a: Sylveon|70/100|[from] item: Leftovers\n|-heal|p1a: Calyrex|84/100|[from] Grassy Terrain\n|-damage|p2b: Incineroar|88/100|[from] Leech Seed|[of] p1a: Calyrex\n|-heal|p1a: Calyrex|96/100|[silent]\n|-damage|p2a: Sylveon|58/100|[from] Leech Seed|[of] p1a: Calyrex\n|-heal|p1a: Calyrex|100/100|[silent]\n|upkeep\n|turn|6\n|\n|t:|1774463189\n|move|p2a: Sylveon|Protect|p2a: Sylveon\n|-singleturn|p2a: Sylveon|Protect\n|move|p1b: Grimmsnarl|Thunder Wave|p2a: Sylveon\n|-activate|p2a: Sylveon|move: Protect\n|move|p2b: Incineroar|Parting Shot|p1b: Grimmsnarl\n|-unboost|p1b: Grimmsnarl|atk|1\n|-unboost|p1b: Grimmsnarl|spa|1\n|\n|t:|1774463202\n|switch|p2b: Rillaboom|Rillaboom, L50, F|100/100|[from] Parting Shot\n|move|p1a: Calyrex|Glacial Lance|p2a: Sylveon|[spread] p2b\n|-activate|p2a: Sylveon|move: Protect\n|-supereffective|p2b: Rillaboom\n|-damage|p2b: Rillaboom|60/100\n|\n|-heal|p2b: Rillaboom|66/100|[from] Grassy Terrain\n|-heal|p2a: Sylveon|64/100|[from] Grassy Terrain\n|-heal|p2a: Sylveon|70/100|[from] item: Leftovers\n|-damage|p2a: Sylveon|58/100|[from] Leech Seed|[of] p1a: Calyrex\n|-fieldend|move: Grassy Terrain\n|upkeep\n|turn|7\n|\n|t:|1774463224\n|move|p1b: Grimmsnarl|Reflect|p1b: Grimmsnarl\n|-sidestart|p1: Guccisan1|Reflect\n|move|p2b: Rillaboom|U-turn|p1b: Grimmsnarl\n|-damage|p1b: Grimmsnarl|84/100\n|\n|t:|1774463227\n|switch|p2b: Incineroar|Incineroar, L50, F|88/100|[from] U-turn\n|-ability|p2b: Incineroar|Intimidate|boost\n|-unboost|p1a: Calyrex|atk|1\n|-unboost|p1b: Grimmsnarl|atk|1\n|move|p2a: Sylveon|Hyper Voice|p1b: Grimmsnarl|[spread] p1a,p1b\n|-supereffective|p1b: Grimmsnarl\n|-damage|p1a: Calyrex|72/100\n|-damage|p1b: Grimmsnarl|7/100\n|move|p1a: Calyrex|Glacial Lance|p2b: Incineroar|[spread] p2a,p2b\n|-resisted|p2b: Incineroar\n|-damage|p2a: Sylveon|41/100\n|-damage|p2b: Incineroar|81/100\n|\n|-heal|p2a: Sylveon|47/100|[from] item: Leftovers\n|-damage|p2a: Sylveon|35/100|[from] Leech Seed|[of] p1a: Calyrex\n|-heal|p1a: Calyrex|84/100|[silent]\n|upkeep\n|turn|8\n|inactive|Guccisan1 has 30 seconds left.\n|inactive|bishmii has 30 seconds left.\n|inactive|Guccisan1 has 20 seconds left.\n|\n|t:|1774463265\n|switch|p1b: Incineroar|Incineroar, L50, F|76/100\n|-ability|p1b: Incineroar|Intimidate|boost\n|-unboost|p2a: Sylveon|atk|1\n|-unboost|p2b: Incineroar|atk|1\n|switch|p1a: Miraidon|Miraidon, L50|100/100\n|-fieldstart|move: Electric Terrain|[from] ability: Hadron Engine|[of] p1a: Miraidon\n|move|p2b: Incineroar|Fake Out|p1a: Miraidon\n|-damage|p1a: Miraidon|96/100\n|move|p2a: Sylveon|Hyper Voice|p1b: Incineroar|[spread] p1a,p1b\n|-supereffective|p1a: Miraidon\n|-damage|p1a: Miraidon|34/100\n|-damage|p1b: Incineroar|46/100\n|\n|-heal|p2a: Sylveon|41/100|[from] item: Leftovers\n|-damage|p2a: Sylveon|28/100|[from] Leech Seed|[of] p1a: Miraidon\n|-heal|p1a: Miraidon|45/100|[silent]\n|upkeep\n|turn|9\n|inactive|Guccisan1 has 30 seconds left.\n|inactive|bishmii has 30 seconds left.\n|inactive|bishmii has 20 seconds left.\n|\n|t:|1774463302\n|switch|p2b: Rillaboom|Rillaboom, L50, F|66/100\n|-fieldstart|move: Grassy Terrain|[from] ability: Grassy Surge|[of] p2b: Rillaboom\n|move|p2a: Sylveon|Protect|p2a: Sylveon\n|-singleturn|p2a: Sylveon|Protect\n|move|p1a: Miraidon|Volt Switch|p2b: Rillaboom\n|-resisted|p2b: Rillaboom\n|-damage|p2b: Rillaboom|48/100\n|\n|t:|1774463319\n|switch|p1a: Grimmsnarl|Grimmsnarl, L50, M|7/100|[from] Volt Switch\n|move|p1b: Incineroar|Flare Blitz|p2b: Rillaboom\n|-supereffective|p2b: Rillaboom\n|-damage|p2b: Rillaboom|0 fnt\n|faint|p2b: Rillaboom\n|-damage|p1b: Incineroar|28/100|[from] Recoil\n|\n|-heal|p1b: Incineroar|35/100|[from] Grassy Terrain\n|-heal|p2a: Sylveon|35/100|[from] Grassy Terrain\n|-heal|p2a: Sylveon|41/100|[from] item: Leftovers\n|-heal|p1a: Grimmsnarl|13/100|[from] Grassy Terrain\n|-damage|p2a: Sylveon|28/100|[from] Leech Seed|[of] p1a: Grimmsnarl\n|-heal|p1a: Grimmsnarl|25/100|[silent]\n|-sideend|p1: Guccisan1|move: Light Screen\n|upkeep\n|\n|t:|1774463326\n|switch|p2b: Incineroar|Incineroar, L50, F|81/100\n|-ability|p2b: Incineroar|Intimidate|boost\n|-unboost|p1a: Grimmsnarl|atk|1\n|-unboost|p1b: Incineroar|atk|1\n|turn|10\n|\n|t:|1774463336\n|move|p1b: Incineroar|Fake Out||[still]\n|-hint|Fake Out only works on your first turn out.\n|-fail|p1b: Incineroar\n|move|p2b: Incineroar|Fake Out|p1a: Grimmsnarl\n|-damage|p1a: Grimmsnarl|17/100\n|cant|p1a: Grimmsnarl|flinch\n|move|p2a: Sylveon|Hyper Voice|p1a: Grimmsnarl|[spread] p1a,p1b\n|-supereffective|p1a: Grimmsnarl\n|-damage|p1a: Grimmsnarl|0 fnt\n|-damage|p1b: Incineroar|0 fnt\n|faint|p1a: Grimmsnarl\n|faint|p1b: Incineroar\n|\n|-heal|p2b: Incineroar|87/100|[from] Grassy Terrain\n|-heal|p2a: Sylveon|35/100|[from] Grassy Terrain\n|-heal|p2a: Sylveon|41/100|[from] item: Leftovers\n|upkeep\n|\n|t:|1774463341\n|switch|p1b: Calyrex|Calyrex-Ice, L50, tera:Water|84/100\n|switch|p1a: Miraidon|Miraidon, L50|45/100\n|-ability|p1b: Calyrex|As One\n|-ability|p1b: Calyrex|Unnerve\n|-fieldstart|move: Electric Terrain|[from] ability: Hadron Engine|[of] p1a: Miraidon\n|turn|11\n|inactive|bishmii has 30 seconds left.\n|inactive|bishmii has 20 seconds left.\n|inactive|bishmii has 15 seconds left.\n|inactive|bishmii has 10 seconds left.\n|inactive|bishmii has 5 seconds left.\n|\n|t:|1774463392\n|move|p1a: Miraidon|Electro Drift|p2b: Incineroar\n|-damage|p2b: Incineroar|0 fnt\n|faint|p2b: Incineroar\n|move|p2a: Sylveon|Hyper Voice|p1a: Miraidon|[spread] p1a,p1b\n|-supereffective|p1a: Miraidon\n|-damage|p1a: Miraidon|0 fnt\n|-damage|p1b: Calyrex|43/100\n|faint|p1a: Miraidon\n|move|p1b: Calyrex|Glacial Lance|p2a: Sylveon\n|-damage|p2a: Sylveon|0 fnt\n|faint|p2a: Sylveon\n|-ability|p1b: Calyrex|Chilling Neigh|boost\n|-boost|p1b: Calyrex|atk|1\n|\n|upkeep\n|\n|t:|1774463400\n|switch|p2b: Zamazenta|Zamazenta-Crowned, L50|100/100\n|-ability|p2b: Zamazenta|Dauntless Shield|boost\n|-boost|p2b: Zamazenta|def|1\n|turn|12\n|\n|t:|1774463409\n|move|p2b: Zamazenta|Protect|p2b: Zamazenta\n|-singleturn|p2b: Zamazenta|Protect\n|move|p1b: Calyrex|Protect||[still]\n|-fail|p1b: Calyrex\n|\n|upkeep\n|turn|13\n|\n|t:|1774463419\n|move|p2b: Zamazenta|Iron Defense|p2b: Zamazenta\n|-boost|p2b: Zamazenta|def|2\n|move|p1b: Calyrex|Leech Seed|p2b: Zamazenta\n|-start|p2b: Zamazenta|move: Leech Seed\n|\n|-damage|p2b: Zamazenta|88/100|[from] Leech Seed|[of] p1b: Calyrex\n|-heal|p1b: Calyrex|55/100|[silent]\n|upkeep\n|turn|14\n|\n|t:|1774463432\n|move|p2b: Zamazenta|Iron Defense|p2b: Zamazenta\n|-boost|p2b: Zamazenta|def|2\n|move|p1b: Calyrex|Trick Room|p1b: Calyrex\n|-fieldstart|move: Trick Room|[of] p1b: Calyrex\n|\n|-damage|p2b: Zamazenta|76/100|[from] Leech Seed|[of] p1b: Calyrex\n|-heal|p1b: Calyrex|66/100|[silent]\n|-sideend|p1: Guccisan1|Reflect\n|upkeep\n|turn|15\n|\n|t:|1774463444\n|move|p1b: Calyrex|Glacial Lance|p2b: Zamazenta\n|-resisted|p2b: Zamazenta\n|-damage|p2b: Zamazenta|66/100\n|move|p2b: Zamazenta|Body Press|p1b: Calyrex\n|-damage|p1b: Calyrex|0 fnt\n|faint|p1b: Calyrex\n|\n|win|bishmii\n|raw|Guccisan1's rating: 1433 &rarr; <strong>1407</strong><br />(-26 for losing)\n|raw|bishmii's rating: 1334 &rarr; <strong>1360</strong><br />(+26 for winning)\n|c|\u2606bishmii|gg\n|l|\u2606Guccisan1\n|player|p1|\n","uploadtime":1774463636,"views":10,"formatid":"gen9vgc2026regi","rating":1360,"private":0,"password":null}