{"id":"gen9vgc2026regi-2525271609","format":"[Gen 9] VGC 2026 Reg I","players":["1zha","bhf.125"],"log":"|j|\u26061zha\n|j|\u2606bhf.125\n|t:|1769260929\n|gametype|doubles\n|player|p1|1zha|170|1258\n|player|p2|bhf.125|steven|1115\n|gen|9\n|tier|[Gen 9] VGC 2026 Reg I\n|rated|\n|rule|Species Clause: Limit one of each Pok\u00e9mon\n|rule|Item Clause: Limit 1 of each item\n|clearpoke\n|poke|p1|Miraidon, L50|\n|poke|p1|Incineroar, L50, M|\n|poke|p1|Thundurus, L50, M|\n|poke|p1|Ogerpon-Cornerstone, L50, F|\n|poke|p1|Oranguru, L50, F|\n|poke|p1|Calyrex-Shadow, L50|\n|poke|p2|Lunala, L50|\n|poke|p2|Koraidon, L50|\n|poke|p2|Chi-Yu, L50|\n|poke|p2|Incineroar, L50, M|\n|poke|p2|Lanturn, L50, M|\n|poke|p2|Gliscor, L50, M|\n|teampreview|4\n|inactive|Battle timer is ON: inactive players will automatically lose when time's up. (requested by bhf.125)\n|\n|t:|1769260954\n|teamsize|p1|4\n|teamsize|p2|4\n|start\n|switch|p1a: Miraidon|Miraidon, L50|100/100\n|switch|p1b: Incineroar|Incineroar, L50, M|100/100\n|switch|p2a: Incineroar|Incineroar, L50, M|100/100\n|switch|p2b: Chi-Yu|Chi-Yu, L50|100/100\n|-ability|p2b: Chi-Yu|Beads of Ruin\n|-fieldstart|move: Electric Terrain|[from] ability: Hadron Engine|[of] p1a: Miraidon\n|-enditem|p1a: Miraidon|Electric Seed\n|-boost|p1a: Miraidon|def|1|[from] item: Electric Seed\n|-ability|p1b: Incineroar|Intimidate|boost\n|-unboost|p2a: Incineroar|atk|1\n|-unboost|p2b: Chi-Yu|atk|1\n|-ability|p2a: Incineroar|Intimidate|boost\n|-unboost|p1a: Miraidon|atk|1\n|-unboost|p1b: Incineroar|atk|1\n|turn|1\n|\n|t:|1769260976\n|move|p1b: Incineroar|Fake Out|p2b: Chi-Yu\n|-damage|p2b: Chi-Yu|87/100\n|move|p2a: Incineroar|Fake Out|p1a: Miraidon\n|-damage|p1a: Miraidon|96/100\n|cant|p2b: Chi-Yu|flinch\n|cant|p1a: Miraidon|flinch\n|\n|upkeep\n|turn|2\n|\n|t:|1769260985\n|move|p2b: Chi-Yu|Snarl|p1b: Incineroar|[spread] p1a,p1b\n|-resisted|p1b: Incineroar\n|-damage|p1a: Miraidon|74/100\n|-damage|p1b: Incineroar|86/100\n|-unboost|p1a: Miraidon|spa|1\n|-unboost|p1b: Incineroar|spa|1\n|move|p1a: Miraidon|Calm Mind|p1a: Miraidon\n|-boost|p1a: Miraidon|spa|1\n|-boost|p1a: Miraidon|spd|1\n|move|p1b: Incineroar|Parting Shot|p2b: Chi-Yu\n|-unboost|p2b: Chi-Yu|atk|1\n|-unboost|p2b: Chi-Yu|spa|1\n|\n|t:|1769260995\n|switch|p1b: Oranguru|Oranguru, L50, F|100/100|[from] Parting Shot\n|move|p2a: Incineroar|Knock Off|p1b: Oranguru\n|-supereffective|p1b: Oranguru\n|-damage|p1b: Oranguru|32/100\n|-enditem|p1b: Oranguru|Covert Cloak|[from] move: Knock Off|[of] p2a: Incineroar\n|\n|upkeep\n|turn|3\n|\n|t:|1769261009\n|switch|p2b: Lanturn|Lanturn, L50, M|100/100\n|switch|p1b: Incineroar|Incineroar, L50, M|86/100\n|-ability|p1b: Incineroar|Intimidate|boost\n|-unboost|p2a: Incineroar|atk|1\n|-unboost|p2b: Lanturn|atk|1\n|move|p1a: Miraidon|Calm Mind|p1a: Miraidon\n|-boost|p1a: Miraidon|spa|1\n|-boost|p1a: Miraidon|spd|1\n|move|p2a: Incineroar|Parting Shot|p1a: Miraidon\n|-unboost|p1a: Miraidon|atk|1\n|-unboost|p1a: Miraidon|spa|1\n|\n|t:|1769261026\n|switch|p2a: Lunala|Lunala, L50|100/100|[from] Parting Shot\n|\n|upkeep\n|turn|4\n|\n|t:|1769261044\n|-terastallize|p2a: Lunala|Fairy\n|move|p1b: Incineroar|Fake Out|p2b: Lanturn\n|-damage|p2b: Lanturn|88/100\n|move|p1a: Miraidon|Calm Mind|p1a: Miraidon\n|-boost|p1a: Miraidon|spa|1\n|-boost|p1a: Miraidon|spd|1\n|move|p2a: Lunala|Moonblast|p1a: Miraidon\n|-supereffective|p1a: Miraidon\n|-damage|p1a: Miraidon|38/100\n|-unboost|p1a: Miraidon|spa|1\n|cant|p2b: Lanturn|flinch\n|\n|upkeep\n|turn|5\n|inactive|bhf.125 has 30 seconds left.\n|\n|t:|1769261077\n|-terastallize|p1a: Miraidon|Fairy\n|move|p1a: Miraidon|Parabolic Charge|p2a: Lunala|[spread] p1b,p2a\n|-heal|p2b: Lanturn|100/100|[from] ability: Volt Absorb|[of] p1a: Miraidon\n|-damage|p1b: Incineroar|48/100\n|-heal|p1a: Miraidon|57/100|[from] drain|[of] p1b: Incineroar\n|-damage|p2a: Lunala|86/100\n|-heal|p1a: Miraidon|65/100|[from] drain|[of] p2a: Lunala\n|-enditem|p1b: Incineroar|Sitrus Berry|[eat]\n|-heal|p1b: Incineroar|73/100|[from] item: Sitrus Berry\n|move|p2a: Lunala|Moonblast|p1a: Miraidon\n|-damage|p1a: Miraidon|49/100\n|move|p2b: Lanturn|Thunder Wave|p1a: Miraidon|[miss]\n|-miss|p2b: Lanturn|p1a: Miraidon\n|move|p1b: Incineroar|Parting Shot|p2a: Lunala\n|-unboost|p2a: Lunala|atk|1\n|-unboost|p2a: Lunala|spa|1\n|\n|t:|1769261094\n|switch|p1b: Oranguru|Oranguru, L50, F|32/100|[from] Parting Shot\n|\n|-heal|p2a: Lunala|92/100|[from] item: Leftovers\n|-fieldend|move: Electric Terrain\n|upkeep\n|turn|6\n|\n|t:|1769261105\n|move|p1a: Miraidon|Calm Mind|p1a: Miraidon\n|-boost|p1a: Miraidon|spa|1\n|-boost|p1a: Miraidon|spd|1\n|move|p1b: Oranguru|Instruct|p1a: Miraidon\n|-singleturn|p1a: Miraidon|move: Instruct|[of] p1b: Oranguru\n|move|p1a: Miraidon|Calm Mind|p1a: Miraidon\n|-boost|p1a: Miraidon|spa|1\n|-boost|p1a: Miraidon|spd|1\n|move|p2a: Lunala|Will-O-Wisp|p1a: Miraidon\n|-status|p1a: Miraidon|brn\n|move|p2b: Lanturn|Volt Switch|p1b: Oranguru\n|-damage|p1b: Oranguru|15/100\n|\n|t:|1769261123\n|switch|p2b: Chi-Yu|Chi-Yu, L50|87/100|[from] Volt Switch\n|-ability|p2b: Chi-Yu|Beads of Ruin\n|\n|-heal|p2a: Lunala|98/100|[from] item: Leftovers\n|-damage|p1a: Miraidon|43/100 brn|[from] brn\n|upkeep\n|turn|7\n|inactive|bhf.125 has 30 seconds left.\n|\n|t:|1769261150\n|switch|p1b: Incineroar|Incineroar, L50, M|73/100\n|-ability|p1b: Incineroar|Intimidate|boost\n|-unboost|p2a: Lunala|atk|1\n|-unboost|p2b: Chi-Yu|atk|1\n|switch|p2a: Lanturn|Lanturn, L50, M|100/100\n|move|p2b: Chi-Yu|Heat Wave|p1b: Incineroar|[spread] p1a,p1b\n|-resisted|p1b: Incineroar\n|-damage|p1a: Miraidon|31/100 brn\n|-damage|p1b: Incineroar|49/100\n|move|p1a: Miraidon|Parabolic Charge|p2a: Lanturn|[spread] p1b,p2b\n|-immune|p2a: Lanturn|[from] ability: Volt Absorb\n|-damage|p1b: Incineroar|0 fnt\n|-heal|p1a: Miraidon|55/100 brn|[from] drain|[of] p1b: Incineroar\n|-damage|p2b: Chi-Yu|32/100\n|-heal|p1a: Miraidon|72/100 brn|[from] drain|[of] p2b: Chi-Yu\n|faint|p1b: Incineroar\n|\n|-damage|p1a: Miraidon|67/100 brn|[from] brn\n|upkeep\n|\n|t:|1769261167\n|switch|p1b: Oranguru|Oranguru, L50, F|15/100\n|turn|8\n|\n|t:|1769261177\n|move|p2b: Chi-Yu|Heat Wave|p1a: Miraidon|[spread] p1a,p1b\n|-damage|p1a: Miraidon|57/100 brn\n|-damage|p1b: Oranguru|0 fnt\n|faint|p1b: Oranguru\n|move|p1a: Miraidon|Dragon Pulse|p2a: Lanturn\n|-damage|p2a: Lanturn|29/100\n|-enditem|p2a: Lanturn|Sitrus Berry|[eat]\n|-heal|p2a: Lanturn|54/100|[from] item: Sitrus Berry\n|move|p2a: Lanturn|Volt Switch|p1a: Miraidon\n|-damage|p1a: Miraidon|51/100 brn\n|\n|t:|1769261191\n|switch|p2a: Incineroar|Incineroar, L50, M|100/100|[from] Volt Switch\n|-ability|p2a: Incineroar|Intimidate|boost\n|-unboost|p1a: Miraidon|atk|1\n|\n|-damage|p1a: Miraidon|45/100 brn|[from] brn\n|upkeep\n|\n|t:|1769261195\n|switch|p1b: Calyrex|Calyrex-Shadow, L50|100/100\n|-ability|p1b: Calyrex|As One\n|-ability|p1b: Calyrex|Unnerve\n|turn|9\n|\n|t:|1769261210\n|move|p1a: Miraidon|Protect|p1a: Miraidon\n|-singleturn|p1a: Miraidon|Protect\n|move|p2b: Chi-Yu|Heat Wave|p1b: Calyrex|[spread] p1b\n|-activate|p1a: Miraidon|move: Protect\n|-damage|p1b: Calyrex|47/100\n|move|p1b: Calyrex|Astral Barrage|p2b: Chi-Yu|[spread] p2a,p2b\n|-resisted|p2a: Incineroar\n|-resisted|p2b: Chi-Yu\n|-damage|p2a: Incineroar|67/100\n|-damage|p2b: Chi-Yu|2/100\n|move|p2a: Incineroar|Knock Off|p1b: Calyrex\n|-supereffective|p1b: Calyrex\n|-damage|p1b: Calyrex|0 fnt\n|-enditem|p1b: Calyrex|Focus Sash|[from] move: Knock Off|[of] p2a: Incineroar\n|faint|p1b: Calyrex\n|\n|-damage|p1a: Miraidon|39/100 brn|[from] brn\n|upkeep\n|turn|10\n|\n|t:|1769261229\n|switch|p2b: Lanturn|Lanturn, L50, M|54/100\n|move|p1a: Miraidon|Parabolic Charge|p2b: Lanturn|[spread] p2a\n|-heal|p2b: Lanturn|79/100|[from] ability: Volt Absorb|[of] p1a: Miraidon\n|-damage|p2a: Incineroar|26/100\n|-heal|p1a: Miraidon|59/100 brn|[from] drain|[of] p2a: Incineroar\n|move|p2a: Incineroar|Parting Shot|p1a: Miraidon\n|-unboost|p1a: Miraidon|atk|1\n|-unboost|p1a: Miraidon|spa|1\n|\n|t:|1769261240\n|switch|p2a: Lunala|Lunala, L50, tera:Fairy|98/100|[from] Parting Shot\n|\n|-heal|p2a: Lunala|100/100|[from] item: Leftovers\n|-damage|p1a: Miraidon|54/100 brn|[from] brn\n|upkeep\n|turn|11\n|-message|1zha forfeited.\n|\n|win|bhf.125\n|raw|1zha's rating: 1258 &rarr; <strong>1223</strong><br />(-35 for losing)\n|raw|bhf.125's rating: 1115 &rarr; <strong>1150</strong><br />(+35 for winning)\n|l|\u26061zha\n|player|p1|\n|l|\u2606bhf.125\n|player|p2|\n","uploadtime":1769261532,"views":14,"formatid":"gen9vgc2026regi","rating":1150,"private":0,"password":null}