{"id":"gen9vgc2026regi-2590997252","format":"[Gen 9] VGC 2026 Reg I","players":["pumpkinflame","Sheeshshane925"],"log":"|j|\u2606pumpkinflame\n|j|\u2606Sheeshshane925\n|t:|1776867393\n|gametype|doubles\n|player|p1|pumpkinflame|adaman-masters|1474\n|player|p2|Sheeshshane925|chuck|1606\n|gen|9\n|tier|[Gen 9] VGC 2026 Reg I\n|rated|\n|rule|Species Clause: Limit one of each Pok\u00e9mon\n|rule|Item Clause: Limit 1 of each item\n|clearpoke\n|poke|p1|Kyogre, L50|\n|poke|p1|Archaludon, L50, F|\n|poke|p1|Rillaboom, L50, F|\n|poke|p1|Roaring Moon, L50|\n|poke|p1|Calyrex-Ice, L50|\n|poke|p1|Incineroar, L50, F|\n|poke|p2|Calyrex-Ice, L50|\n|poke|p2|Miraidon, L50|\n|poke|p2|Farigiraf, L50, M|\n|poke|p2|Iron Hands, L50|\n|poke|p2|Scraggy, L50, F|\n|poke|p2|Iron Bundle, L50|\n|teampreview|4\n|j| redjeg118\n|\n|t:|1776867446\n|teamsize|p1|4\n|teamsize|p2|4\n|start\n|switch|p1a: Chilly and Willy|Calyrex-Ice, L50|100/100\n|switch|p1b: K.O|Kyogre, L50|100/100\n|switch|p2a: Miraidon|Miraidon, L50, shiny|100/100\n|switch|p2b: Iron Bundle|Iron Bundle, L50, shiny|100/100\n|-ability|p1a: Chilly and Willy|As One\n|-ability|p1a: Chilly and Willy|Unnerve\n|-fieldstart|move: Electric Terrain|[from] ability: Hadron Engine|[of] p2a: Miraidon\n|-activate|p2b: Iron Bundle|ability: Quark Drive\n|-start|p2b: Iron Bundle|quarkdrivespe\n|-weather|RainDance|[from] ability: Drizzle|[of] p1b: K.O\n|turn|1\n|\n|t:|1776867456\n|switch|p1b: Miraidon 2|Archaludon, L50, F|100/100\n|-terastallize|p2a: Miraidon|Fairy\n|move|p2b: Iron Bundle|Freeze-Dry|p1b: Miraidon 2\n|-damage|p1b: Miraidon 2|73/100\n|-status|p1b: Miraidon 2|frz\n|-ability|p1b: Miraidon 2|Stamina|boost\n|-boost|p1b: Miraidon 2|def|1\n|move|p2a: Miraidon|Dazzling Gleam|p1b: Miraidon 2|[spread] p1a,p1b\n|-damage|p1a: Chilly and Willy|70/100\n|-damage|p1b: Miraidon 2|30/100 frz\n|-ability|p1b: Miraidon 2|Stamina|boost\n|-boost|p1b: Miraidon 2|def|1\n|-damage|p2a: Miraidon|91/100|[from] item: Life Orb\n|move|p1a: Chilly and Willy|Trick Room|p1a: Chilly and Willy\n|-fieldstart|move: Trick Room|[of] p1a: Chilly and Willy\n|\n|-weather|RainDance|[upkeep]\n|-heal|p1a: Chilly and Willy|75/100|[from] item: Leftovers\n|upkeep\n|turn|2\n|\n|t:|1776867472\n|-end|p2b: Iron Bundle|Quark Drive|[silent]\n|switch|p2b: Calyrex|Calyrex-Ice, L50|100/100\n|-ability|p2b: Calyrex|As One\n|-ability|p2b: Calyrex|Unnerve\n|move|p1a: Chilly and Willy|Glacial Lance|p2b: Calyrex|[spread] p2a,p2b\n|-resisted|p2b: Calyrex\n|-damage|p2a: Miraidon|51/100\n|-damage|p2b: Calyrex|85/100\n|cant|p1b: Miraidon 2|frz\n|move|p2a: Miraidon|Electro Drift|p1a: Chilly and Willy\n|-damage|p1a: Chilly and Willy|6/100\n|-damage|p2a: Miraidon|42/100|[from] item: Life Orb\n|\n|-weather|RainDance|[upkeep]\n|-heal|p1a: Chilly and Willy|12/100|[from] item: Leftovers\n|upkeep\n|turn|3\n|\n|t:|1776867496\n|switch|p2a: Scraggy|Scraggy, L50, F|100/100\n|-ability|p2a: Scraggy|Intimidate|boost\n|-unboost|p1a: Chilly and Willy|atk|1\n|-unboost|p1b: Miraidon 2|atk|1\n|move|p2b: Calyrex|Glacial Lance|p1b: Miraidon 2|[spread] p1a,p1b\n|-resisted|p1a: Chilly and Willy\n|-damage|p1a: Chilly and Willy|0 fnt\n|-damage|p1b: Miraidon 2|8/100 frz\n|-ability|p1b: Miraidon 2|Stamina|boost\n|-boost|p1b: Miraidon 2|def|1\n|faint|p1a: Chilly and Willy\n|-ability|p2b: Calyrex|Chilling Neigh|boost\n|-boost|p2b: Calyrex|atk|1\n|cant|p1b: Miraidon 2|frz\n|\n|-weather|RainDance|[upkeep]\n|upkeep\n|\n|t:|1776867512\n|switch|p1a: K.O|Kyogre, L50|100/100\n|turn|4\n|\n|t:|1776867520\n|move|p1a: K.O|Protect|p1a: K.O\n|-singleturn|p1a: K.O|Protect\n|move|p2a: Scraggy|Fake Out|p1a: K.O\n|-activate|p1a: K.O|move: Protect\n|move|p2b: Calyrex|Glacial Lance|p1a: K.O|[spread] p1b\n|-activate|p1a: K.O|move: Protect\n|-damage|p1b: Miraidon 2|0 fnt\n|faint|p1b: Miraidon 2\n|-ability|p2b: Calyrex|Chilling Neigh|boost\n|-boost|p2b: Calyrex|atk|1\n|\n|-weather|RainDance|[upkeep]\n|upkeep\n|\n|t:|1776867529\n|switch|p1b: Mrs. Dreads|Rillaboom, L50, F, shiny|100/100\n|-fieldstart|move: Grassy Terrain|[from] ability: Grassy Surge|[of] p1b: Mrs. Dreads\n|turn|5\n|\n|t:|1776867548\n|move|p2b: Calyrex|Protect|p2b: Calyrex\n|-singleturn|p2b: Calyrex|Protect\n|move|p1b: Mrs. Dreads|Fake Out|p2b: Calyrex\n|-activate|p2b: Calyrex|move: Protect\n|move|p2a: Scraggy|Coaching|p2b: Calyrex\n|-boost|p2b: Calyrex|atk|1\n|-boost|p2b: Calyrex|def|1\n|move|p1a: K.O|Water Spout|p2b: Calyrex|[spread] p2a\n|-activate|p2b: Calyrex|move: Protect\n|-damage|p2a: Scraggy|0 fnt\n|faint|p2a: Scraggy\n|\n|-weather|none\n|-heal|p2b: Calyrex|91/100|[from] Grassy Terrain\n|-fieldend|move: Trick Room\n|upkeep\n|\n|t:|1776867561\n|switch|p2a: Miraidon|Miraidon, L50, shiny, tera:Fairy|42/100\n|-fieldstart|move: Electric Terrain|[from] ability: Hadron Engine|[of] p2a: Miraidon\n|turn|6\n|\n|t:|1776867572\n|-terastallize|p1a: K.O|Grass\n|move|p2a: Miraidon|Electro Drift|p1a: K.O\n|-resisted|p1a: K.O\n|-damage|p1a: K.O|61/100\n|-damage|p2a: Miraidon|32/100|[from] item: Life Orb\n|move|p1a: K.O|Water Spout|p2a: Miraidon|[spread] p2a,p2b\n|-damage|p2a: Miraidon|0 fnt\n|-damage|p2b: Calyrex|60/100\n|faint|p2a: Miraidon\n|move|p1b: Mrs. Dreads|Wood Hammer|p2b: Calyrex\n|-damage|p2b: Calyrex|29/100\n|-damage|p1b: Mrs. Dreads|90/100|[from] Recoil\n|move|p2b: Calyrex|Glacial Lance|p1b: Mrs. Dreads|[spread] p1a,p1b\n|-supereffective|p1a: K.O\n|-supereffective|p1b: Mrs. Dreads\n|-damage|p1a: K.O|0 fnt\n|-damage|p1b: Mrs. Dreads|0 fnt\n|faint|p1a: K.O\n|faint|p1b: Mrs. Dreads\n|\n|win|Sheeshshane925\n|raw|pumpkinflame's rating: 1474 &rarr; <strong>1461</strong><br />(-13 for losing)\n|raw|Sheeshshane925's rating: 1606 &rarr; <strong>1619</strong><br />(+13 for winning)\n|l| redjeg118\n|l|\u2606pumpkinflame\n|player|p1|\n|l|\u2606Sheeshshane925\n|player|p2|\n","uploadtime":1776867722,"views":18,"formatid":"gen9vgc2026regi","rating":1461,"private":0,"password":null}