{"id":"gen9vgc2026regi-2558771392","format":"[Gen 9] VGC 2026 Reg I","players":["mertering","EllenJoe2026"],"log":"|j|\u2606mertering\n|j|\u2606EllenJoe2026\n|t:|1773479558\n|gametype|doubles\n|player|p1|mertering|giovanni|1368\n|player|p2|EllenJoe2026|1|1538\n|gen|9\n|tier|[Gen 9] VGC 2026 Reg I\n|rated|\n|rule|Species Clause: Limit one of each Pok\u00e9mon\n|rule|Item Clause: Limit 1 of each item\n|clearpoke\n|poke|p1|Hatterene, L50, F|\n|poke|p1|Indeedee-F, L50, F|\n|poke|p1|Calyrex-Ice, L50|\n|poke|p1|Torkoal, L50, M|\n|poke|p1|Lunala, L50|\n|poke|p1|Regidrago, L50|\n|poke|p2|Calyrex-Shadow, L50|\n|poke|p2|Zamazenta-*, L50|\n|poke|p2|Chien-Pao, L50|\n|poke|p2|Dragonite, L50, F|\n|poke|p2|Tornadus, L50, M|\n|poke|p2|Urshifu-*, L50, F|\n|teampreview|4\n|inactive|Battle timer is ON: inactive players will automatically lose when time's up. (requested by EllenJoe2026)\n|j| BichoPelao\n|inactive|EllenJoe2026 has 60 seconds left.\n|l| BichoPelao\n|inactive|EllenJoe2026 has 30 seconds left.\n|inactive|EllenJoe2026 has 20 seconds left.\n|\n|t:|1773479632\n|teamsize|p1|4\n|teamsize|p2|4\n|start\n|switch|p1a: Indeedee|Indeedee-F, L50, F|100/100\n|switch|p1b: Calyrex|Calyrex-Ice, L50|100/100\n|switch|p2a: Calyrex|Calyrex-Shadow, L50|100/100\n|switch|p2b: Urshifu|Urshifu-Rapid-Strike, L50, F|100/100\n|-ability|p2a: Calyrex|As One\n|-ability|p2a: Calyrex|Unnerve\n|-ability|p1b: Calyrex|As One\n|-ability|p1b: Calyrex|Unnerve\n|-fieldstart|move: Psychic Terrain|[from] ability: Psychic Surge|[of] p1a: Indeedee\n|turn|1\n|\n|t:|1773479650\n|-terastallize|p1b: Calyrex|Fire\n|move|p1a: Indeedee|Follow Me|p1a: Indeedee\n|-singleturn|p1a: Indeedee|move: Follow Me\n|move|p2b: Urshifu|U-turn|p1a: Indeedee\n|-supereffective|p1a: Indeedee\n|-damage|p1a: Indeedee|51/100\n|\n|t:|1773479657\n|switch|p2b: Zamazenta|Zamazenta-Crowned, L50, shiny|100/100|[from] U-turn\n|-ability|p2b: Zamazenta|Dauntless Shield|boost\n|-boost|p2b: Zamazenta|def|1\n|move|p2a: Calyrex|Astral Barrage|p1b: Calyrex|[spread] p1b\n|-immune|p1a: Indeedee\n|-damage|p1b: Calyrex|51/100\n|-damage|p2a: Calyrex|91/100|[from] item: Life Orb\n|move|p1b: Calyrex|Trick Room|p1b: Calyrex\n|-fieldstart|move: Trick Room|[of] p1b: Calyrex\n|\n|upkeep\n|turn|2\n|\n|t:|1773479681\n|move|p2a: Calyrex|Protect|p2a: Calyrex\n|-singleturn|p2a: Calyrex|Protect\n|move|p1b: Calyrex|High Horsepower|p2b: Zamazenta\n|-supereffective|p2b: Zamazenta\n|-damage|p2b: Zamazenta|65/100\n|move|p1a: Indeedee|Psychic|p2b: Zamazenta\n|-damage|p2b: Zamazenta|37/100\n|move|p2b: Zamazenta|Body Press|p1b: Calyrex\n|-damage|p1b: Calyrex|6/100\n|\n|upkeep\n|turn|3\n|\n|t:|1773479699\n|move|p2b: Zamazenta|Wide Guard|p2b: Zamazenta\n|-singleturn|p2b: Zamazenta|Wide Guard\n|move|p1b: Calyrex|High Horsepower|p2a: Calyrex\n|-damage|p2a: Calyrex|40/100\n|move|p1a: Indeedee|Psychic|p2a: Calyrex\n|-resisted|p2a: Calyrex\n|-crit|p2a: Calyrex\n|-damage|p2a: Calyrex|12/100\n|move|p2a: Calyrex|Astral Barrage|p1b: Calyrex|[spread] p1b\n|-immune|p1a: Indeedee\n|-damage|p1b: Calyrex|0 fnt\n|faint|p1b: Calyrex\n|-ability|p2a: Calyrex|Grim Neigh|boost\n|-boost|p2a: Calyrex|spa|1\n|-damage|p2a: Calyrex|2/100|[from] item: Life Orb\n|\n|upkeep\n|\n|t:|1773479717\n|switch|p1b: Torkoal|Torkoal, L50, M|100/100\n|-weather|SunnyDay|[from] ability: Drought|[of] p1b: Torkoal\n|turn|4\n|inactive|EllenJoe2026 has 30 seconds left.\n|\n|t:|1773479745\n|move|p2a: Calyrex|Protect|p2a: Calyrex\n|-singleturn|p2a: Calyrex|Protect\n|move|p2b: Zamazenta|Wide Guard|p2b: Zamazenta\n|-singleturn|p2b: Zamazenta|Wide Guard\n|move|p1b: Torkoal|Overheat|p2b: Zamazenta\n|-supereffective|p2b: Zamazenta\n|-damage|p2b: Zamazenta|0 fnt\n|-unboost|p1b: Torkoal|spa|2\n|faint|p2b: Zamazenta\n|move|p1a: Indeedee|Psychic|p2a: Calyrex\n|-activate|p2a: Calyrex|move: Protect\n|\n|-weather|SunnyDay|[upkeep]\n|upkeep\n|\n|t:|1773479760\n|switch|p2b: Urshifu|Urshifu-Rapid-Strike, L50, F|100/100\n|turn|5\n|\n|t:|1773479779\n|switch|p2a: Chien-Pao|Chien-Pao, L50, shiny|100/100\n|-ability|p2a: Chien-Pao|Sword of Ruin\n|move|p1b: Torkoal|Overheat|p2a: Chien-Pao\n|-supereffective|p2a: Chien-Pao\n|-enditem|p2a: Chien-Pao|Focus Sash\n|-damage|p2a: Chien-Pao|1/100\n|-unboost|p1b: Torkoal|spa|2\n|move|p1a: Indeedee|Psychic|p2b: Urshifu\n|-supereffective|p2b: Urshifu\n|-damage|p2b: Urshifu|0 fnt\n|faint|p2b: Urshifu\n|\n|-weather|SunnyDay|[upkeep]\n|-fieldend|move: Trick Room\n|-fieldend|move: Psychic Terrain\n|upkeep\n|\n|t:|1773479791\n|switch|p2b: Calyrex|Calyrex-Shadow, L50|2/100\n|-ability|p2b: Calyrex|As One\n|-ability|p2b: Calyrex|Unnerve\n|turn|6\n|-message|EllenJoe2026 forfeited.\n|\n|win|mertering\n|raw|mertering's rating: 1368 &rarr; <strong>1397</strong><br />(+29 for winning)\n|raw|EllenJoe2026's rating: 1538 &rarr; <strong>1509</strong><br />(-29 for losing)\n|l|\u2606EllenJoe2026\n|player|p2|\n|l|\u2606mertering\n|player|p1|\n","uploadtime":1773479965,"views":16,"formatid":"gen9vgc2026regi","rating":1397,"private":0,"password":null}