{"id":"gen9vgc2026regi-2543387266","format":"[Gen 9] VGC 2026 Reg I","players":["mulletboy games","lalo's pollos"],"log":"|j|\u2606mulletboy games\n|j|\u2606lalo's pollos\n|t:|1771564159\n|gametype|doubles\n|player|p1|mulletboy games|wallace|1216\n|player|p2|lalo's pollos|101|1410\n|gen|9\n|tier|[Gen 9] VGC 2026 Reg I\n|rated|\n|rule|Species Clause: Limit one of each Pok\u00e9mon\n|rule|Item Clause: Limit 1 of each item\n|clearpoke\n|poke|p1|Koraidon, L50|\n|poke|p1|Calyrex-Shadow, L50|\n|poke|p1|Flutter Mane, L50|\n|poke|p1|Walking Wake, L50|\n|poke|p1|Roaring Moon, L50|\n|poke|p1|Indeedee-F, L50, F|\n|poke|p2|Zamazenta-*, L50|\n|poke|p2|Lunala, L50|\n|poke|p2|Rillaboom, L50, M|\n|poke|p2|Incineroar, L50, M|\n|poke|p2|Urshifu-*, L50, F|\n|poke|p2|Tornadus, L50, M|\n|teampreview|4\n|inactive|Battle timer is ON: inactive players will automatically lose when time's up. (requested by mulletboy games)\n|inactive|mulletboy games has 60 seconds left.\n|\n|t:|1771564208\n|teamsize|p1|4\n|teamsize|p2|4\n|start\n|switch|p1a: Koraidon|Koraidon, L50|100/100\n|switch|p1b: Flutter Mane|Flutter Mane, L50|100/100\n|switch|p2a: Lunala|Lunala, L50|100/100\n|switch|p2b: Tornadus|Tornadus, L50, M|100/100\n|-weather|SunnyDay|[from] ability: Orichalcum Pulse|[of] p1a: Koraidon\n|-activate|p1b: Flutter Mane|ability: Protosynthesis\n|-start|p1b: Flutter Mane|protosynthesisspe\n|-activate|p1a: Koraidon|Orichalcum Pulse|[source]\n|turn|1\n|inactive|mulletboy games has 30 seconds left.\n|\n|t:|1771564238\n|-terastallize|p1a: Koraidon|Fire\n|-terastallize|p2a: Lunala|Fairy\n|move|p2b: Tornadus|Rain Dance|p2b: Tornadus\n|-weather|RainDance\n|-end|p1b: Flutter Mane|Protosynthesis\n|move|p1b: Flutter Mane|Shadow Ball|p2a: Lunala\n|-damage|p2a: Lunala|77/100\n|move|p1a: Koraidon|Flame Charge|p2b: Tornadus\n|-damage|p2b: Tornadus|68/100\n|-boost|p1a: Koraidon|spe|1\n|-damage|p1a: Koraidon|91/100|[from] item: Life Orb\n|move|p2a: Lunala|Calm Mind|p2a: Lunala\n|-boost|p2a: Lunala|spa|1\n|-boost|p2a: Lunala|spd|1\n|\n|-weather|RainDance|[upkeep]\n|-heal|p2a: Lunala|83/100|[from] item: Leftovers\n|upkeep\n|turn|2\n|\n|t:|1771564258\n|switch|p1a: Walking Wake|Walking Wake, L50|100/100\n|move|p2a: Lunala|Protect|p2a: Lunala\n|-singleturn|p2a: Lunala|Protect\n|move|p1b: Flutter Mane|Shadow Ball|p2b: Tornadus\n|-damage|p2b: Tornadus|0 fnt\n|faint|p2b: Tornadus\n|\n|-weather|RainDance|[upkeep]\n|-heal|p2a: Lunala|89/100|[from] item: Leftovers\n|upkeep\n|\n|t:|1771564267\n|switch|p2b: Rillaboom|Rillaboom, L50, M|100/100\n|-fieldstart|move: Grassy Terrain|[from] ability: Grassy Surge|[of] p2b: Rillaboom\n|turn|3\n|\n|t:|1771564277\n|-end|p1b: Flutter Mane|Protosynthesis|[silent]\n|switch|p1b: Koraidon|Koraidon, L50, tera:Fire|91/100\n|-weather|SunnyDay|[from] ability: Orichalcum Pulse|[of] p1b: Koraidon\n|-activate|p1a: Walking Wake|ability: Protosynthesis\n|-start|p1a: Walking Wake|protosynthesisspe\n|-activate|p1b: Koraidon|Orichalcum Pulse|[source]\n|move|p1a: Walking Wake|Protect|p1a: Walking Wake\n|-singleturn|p1a: Walking Wake|Protect\n|move|p2a: Lunala|Moonblast|p1a: Walking Wake\n|-activate|p1a: Walking Wake|move: Protect\n|move|p2b: Rillaboom|Wood Hammer|p1b: Koraidon\n|-resisted|p1b: Koraidon\n|-damage|p1b: Koraidon|59/100\n|-damage|p2b: Rillaboom|91/100|[from] Recoil\n|\n|-weather|SunnyDay|[upkeep]\n|-heal|p1b: Koraidon|65/100|[from] Grassy Terrain\n|-heal|p2a: Lunala|95/100|[from] Grassy Terrain\n|-heal|p2a: Lunala|100/100|[from] item: Leftovers\n|-heal|p2b: Rillaboom|97/100|[from] Grassy Terrain\n|upkeep\n|turn|4\n|\n|t:|1771564301\n|move|p1a: Walking Wake|Flamethrower|p2b: Rillaboom\n|-supereffective|p2b: Rillaboom\n|-damage|p2b: Rillaboom|23/100\n|-status|p2b: Rillaboom|brn\n|move|p1b: Koraidon|Flame Charge|p2a: Lunala\n|-damage|p2a: Lunala|66/100\n|-boost|p1b: Koraidon|spe|1\n|-damage|p1b: Koraidon|55/100|[from] item: Life Orb\n|move|p2a: Lunala|Moongeist Beam|p1b: Koraidon\n|-damage|p1b: Koraidon|0 fnt\n|faint|p1b: Koraidon\n|move|p2b: Rillaboom|Wood Hammer|p1a: Walking Wake\n|-damage|p1a: Walking Wake|67/100\n|-damage|p2b: Rillaboom|13/100 brn|[from] Recoil\n|\n|-weather|SunnyDay|[upkeep]\n|-heal|p1a: Walking Wake|72/100|[from] Grassy Terrain\n|-heal|p2a: Lunala|72/100|[from] Grassy Terrain\n|-heal|p2a: Lunala|79/100|[from] item: Leftovers\n|-heal|p2b: Rillaboom|18/100 brn|[from] Grassy Terrain\n|-damage|p2b: Rillaboom|13/100 brn|[from] brn\n|upkeep\n|\n|t:|1771564318\n|switch|p1b: Calyrex|Calyrex-Shadow, L50|100/100\n|-ability|p1b: Calyrex|As One\n|-ability|p1b: Calyrex|Unnerve\n|turn|5\n|\n|t:|1771564330\n|move|p2b: Rillaboom|Grassy Glide|p1b: Calyrex\n|-damage|p1b: Calyrex|82/100\n|move|p1a: Walking Wake|Hydro Steam|p2a: Lunala\n|-damage|p2a: Lunala|50/100\n|move|p1b: Calyrex|Astral Barrage|p2a: Lunala|[spread] p2a,p2b\n|-damage|p2a: Lunala|22/100\n|-damage|p2b: Rillaboom|0 fnt\n|faint|p2b: Rillaboom\n|-ability|p1b: Calyrex|Grim Neigh|boost\n|-boost|p1b: Calyrex|spa|1\n|move|p2a: Lunala|Moongeist Beam|p1b: Calyrex\n|-supereffective|p1b: Calyrex\n|-damage|p1b: Calyrex|0 fnt\n|faint|p1b: Calyrex\n|\n|-weather|SunnyDay|[upkeep]\n|-heal|p1a: Walking Wake|78/100|[from] Grassy Terrain\n|-heal|p2a: Lunala|28/100|[from] Grassy Terrain\n|-heal|p2a: Lunala|34/100|[from] item: Leftovers\n|upkeep\n|\n|t:|1771564346\n|switch|p1b: Flutter Mane|Flutter Mane, L50|100/100\n|switch|p2b: Zamazenta|Zamazenta-Crowned, L50|100/100\n|-ability|p2b: Zamazenta|Dauntless Shield|boost\n|-boost|p2b: Zamazenta|def|1\n|-activate|p1b: Flutter Mane|ability: Protosynthesis\n|-start|p1b: Flutter Mane|protosynthesisspe\n|turn|6\n|inactive|mulletboy games has 30 seconds left.\n|\n|t:|1771564371\n|move|p2a: Lunala|Protect|p2a: Lunala\n|-singleturn|p2a: Lunala|Protect\n|move|p1b: Flutter Mane|Moonblast|p2a: Lunala\n|-activate|p2a: Lunala|move: Protect\n|move|p1a: Walking Wake|Flamethrower|p2b: Zamazenta\n|-supereffective|p2b: Zamazenta\n|-damage|p2b: Zamazenta|30/100\n|-status|p2b: Zamazenta|brn\n|move|p2b: Zamazenta|Body Press|p1a: Walking Wake\n|-crit|p1a: Walking Wake\n|-damage|p1a: Walking Wake|16/100\n|\n|-weather|SunnyDay|[upkeep]\n|-heal|p1a: Walking Wake|22/100|[from] Grassy Terrain\n|-heal|p2b: Zamazenta|37/100 brn|[from] Grassy Terrain\n|-heal|p2a: Lunala|40/100|[from] Grassy Terrain\n|-heal|p2a: Lunala|46/100|[from] item: Leftovers\n|-damage|p2b: Zamazenta|30/100 brn|[from] brn\n|upkeep\n|turn|7\n|\n|t:|1771564387\n|move|p2b: Zamazenta|Protect|p2b: Zamazenta\n|-singleturn|p2b: Zamazenta|Protect\n|move|p1b: Flutter Mane|Moonblast|p2a: Lunala\n|-damage|p2a: Lunala|11/100\n|move|p1a: Walking Wake|Flamethrower|p2b: Zamazenta\n|-activate|p2b: Zamazenta|move: Protect\n|move|p2a: Lunala|Moongeist Beam|p1a: Walking Wake\n|-damage|p1a: Walking Wake|0 fnt\n|faint|p1a: Walking Wake\n|-end|p1a: Walking Wake|Protosynthesis|[silent]\n|\n|-weather|none\n|-end|p1b: Flutter Mane|Protosynthesis\n|-heal|p2b: Zamazenta|37/100 brn|[from] Grassy Terrain\n|-heal|p2a: Lunala|17/100|[from] Grassy Terrain\n|-heal|p2a: Lunala|23/100|[from] item: Leftovers\n|-damage|p2b: Zamazenta|30/100 brn|[from] brn\n|-fieldend|move: Grassy Terrain\n|upkeep\n|turn|8\n|\n|t:|1771564410\n|move|p1b: Flutter Mane|Moonblast|p2a: Lunala\n|-damage|p2a: Lunala|0 fnt\n|faint|p2a: Lunala\n|move|p2b: Zamazenta|Heavy Slam|p1b: Flutter Mane\n|-supereffective|p1b: Flutter Mane\n|-damage|p1b: Flutter Mane|0 fnt\n|faint|p1b: Flutter Mane\n|-end|p1b: Flutter Mane|Protosynthesis|[silent]\n|\n|win|lalo's pollos\n|raw|mulletboy games's rating: 1216 &rarr; <strong>1204</strong><br />(-12 for losing)\n|raw|lalo&apos;s pollos's rating: 1410 &rarr; <strong>1420</strong><br />(+10 for winning)\n|l|\u2606mulletboy games\n|player|p1|\n","uploadtime":1771564434,"views":12,"formatid":"gen9vgc2026regi","rating":1204,"private":0,"password":null}