{"id":"gen9vgc2026regi-2578771464","format":"[Gen 9] VGC 2026 Reg I","players":["mnmmnmnnnmn","lsslsssllsslsssl"],"log":"|j|\u2606mnmmnmnnnmn\n|j|\u2606lsslsssllsslsssl\n|t:|1775715686\n|gametype|doubles\n|player|p1|mnmmnmnnnmn|preschooler|1212\n|player|p2|lsslsssllsslsssl|266|1253\n|gen|9\n|tier|[Gen 9] VGC 2026 Reg I\n|rated|\n|rule|Species Clause: Limit one of each Pok\u00e9mon\n|rule|Item Clause: Limit 1 of each item\n|clearpoke\n|poke|p1|Lunala, L50|\n|poke|p1|Zamazenta-*, L50|\n|poke|p1|Primarina, L50, M|\n|poke|p1|Incineroar, L50, M|\n|poke|p1|Ursaluna, L50, M|\n|poke|p1|Cresselia, L50, F|\n|poke|p2|Muk-Alola, L50, F|\n|poke|p2|Smeargle, L50, F|\n|poke|p2|Flamigo, L50, F|\n|poke|p2|Calyrex-Shadow, L50|\n|poke|p2|Kyogre, L50|\n|poke|p2|Rillaboom, L50, F|\n|teampreview|4\n|inactive|Battle timer is ON: inactive players will automatically lose when time's up. (requested by mnmmnmnnnmn)\n|inactive|mnmmnmnnnmn has 60 seconds left.\n|inactive|lsslsssllsslsssl has 60 seconds left.\n|\n|t:|1775715744\n|teamsize|p1|4\n|teamsize|p2|4\n|start\n|switch|p1a: Incineroar|Incineroar, L50, M, shiny|100/100\n|switch|p1b: Ursaluna|Ursaluna, L50, M|100/100\n|switch|p2a: Muk|Muk-Alola, L50, F|100/100\n|switch|p2b: Smeargle|Smeargle, L50, F|100/100\n|-ability|p1a: Incineroar|Intimidate|boost\n|-unboost|p2a: Muk|atk|1\n|-unboost|p2b: Smeargle|atk|1\n|turn|1\n|\n|t:|1775715755\n|move|p2b: Smeargle|Fake Out|p1b: Ursaluna\n|-damage|p1b: Ursaluna|98/100\n|move|p1a: Incineroar|Flare Blitz|p2a: Muk\n|-damage|p2a: Muk|59/100\n|-damage|p1a: Incineroar|85/100|[from] Recoil\n|move|p2a: Muk|Minimize|p2a: Muk\n|-boost|p2a: Muk|evasion|2\n|cant|p1b: Ursaluna|flinch\n|\n|-heal|p2a: Muk|66/100|[from] item: Leftovers\n|-ability|p2b: Smeargle|Moody|boost\n|-boost|p2b: Smeargle|def|2\n|-unboost|p2b: Smeargle|spa|1\n|-status|p1b: Ursaluna|brn|[from] item: Flame Orb\n|upkeep\n|turn|2\n|inactive|lsslsssllsslsssl has 30 seconds left.\n|\n|t:|1775715782\n|-terastallize|p2a: Muk|Water\n|move|p2b: Smeargle|Follow Me|p2b: Smeargle\n|-singleturn|p2b: Smeargle|move: Follow Me\n|move|p1a: Incineroar|Flare Blitz|p2b: Smeargle\n|-damage|p2b: Smeargle|36/100\n|-damage|p1a: Incineroar|66/100|[from] Recoil\n|move|p2a: Muk|Minimize|p2a: Muk\n|-boost|p2a: Muk|evasion|2\n|move|p1b: Ursaluna|Facade|p2b: Smeargle\n|-damage|p2b: Smeargle|0 fnt\n|faint|p2b: Smeargle\n|-ability|p2a: Muk|Moody|Power of Alchemy|[from] ability: Power of Alchemy|[of] p2b: Smeargle\n|\n|-heal|p2a: Muk|72/100|[from] item: Leftovers\n|-damage|p1b: Ursaluna|91/100 brn|[from] brn\n|-ability|p2a: Muk|Moody|boost\n|-boost|p2a: Muk|spe|2\n|-unboost|p2a: Muk|atk|1\n|upkeep\n|inactive|lsslsssllsslsssl has 30 seconds left.\n|\n|t:|1775715809\n|switch|p2b: Rillaboom|Rillaboom, L50, F|100/100\n|-fieldstart|move: Grassy Terrain|[from] ability: Grassy Surge|[of] p2b: Rillaboom\n|turn|3\n|\n|t:|1775715820\n|move|p1b: Ursaluna|Protect|p1b: Ursaluna\n|-singleturn|p1b: Ursaluna|Protect\n|move|p2b: Rillaboom|Fake Out|p1b: Ursaluna\n|-activate|p1b: Ursaluna|move: Protect\n|move|p2a: Muk|Minimize|p2a: Muk\n|-boost|p2a: Muk|evasion|2\n|move|p1a: Incineroar|Flare Blitz|p2b: Rillaboom\n|-supereffective|p2b: Rillaboom\n|-damage|p2b: Rillaboom|19/100\n|-damage|p1a: Incineroar|37/100|[from] Recoil\n|\n|-heal|p2a: Muk|78/100|[from] Grassy Terrain\n|-heal|p2a: Muk|84/100|[from] item: Leftovers\n|-heal|p2b: Rillaboom|25/100|[from] Grassy Terrain\n|-heal|p1a: Incineroar|43/100|[from] Grassy Terrain\n|-heal|p1b: Ursaluna|98/100 brn|[from] Grassy Terrain\n|-damage|p1b: Ursaluna|91/100 brn|[from] brn\n|-ability|p2a: Muk|Moody|boost\n|-boost|p2a: Muk|spe|2\n|-unboost|p2a: Muk|atk|1\n|upkeep\n|turn|4\n|inactive|lsslsssllsslsssl has 30 seconds left.\n|\n|t:|1775715849\n|switch|p1b: Lunala|Lunala, L50, shiny|100/100\n|move|p2a: Muk|Knock Off|p1b: Lunala\n|-supereffective|p1b: Lunala\n|-damage|p1b: Lunala|75/100\n|-enditem|p1b: Lunala|Leftovers|[from] move: Knock Off|[of] p2a: Muk\n|move|p2b: Rillaboom|Wood Hammer|p1b: Lunala\n|-damage|p1b: Lunala|26/100\n|-damage|p2b: Rillaboom|8/100|[from] Recoil\n|move|p1a: Incineroar|Parting Shot|p2a: Muk|[miss]\n|-miss|p1a: Incineroar|p2a: Muk\n|\n|-heal|p2a: Muk|90/100|[from] Grassy Terrain\n|-heal|p2a: Muk|96/100|[from] item: Leftovers\n|-heal|p1b: Lunala|32/100|[from] Grassy Terrain\n|-heal|p2b: Rillaboom|14/100|[from] Grassy Terrain\n|-heal|p1a: Incineroar|49/100|[from] Grassy Terrain\n|-ability|p2a: Muk|Moody|boost\n|-boost|p2a: Muk|spa|2\n|-unboost|p2a: Muk|def|1\n|upkeep\n|turn|5\n|inactive|mnmmnmnnnmn has 30 seconds left.\n|inactive|lsslsssllsslsssl has 30 seconds left.\n|\n|t:|1775715883\n|move|p2b: Rillaboom|Grassy Glide|p1b: Lunala\n|-damage|p1b: Lunala|5/100\n|move|p2a: Muk|Knock Off|p1b: Lunala\n|-supereffective|p1b: Lunala\n|-damage|p1b: Lunala|0 fnt\n|faint|p1b: Lunala\n|move|p1a: Incineroar|Flare Blitz|p2b: Rillaboom\n|-supereffective|p2b: Rillaboom\n|-damage|p2b: Rillaboom|0 fnt\n|faint|p2b: Rillaboom\n|-damage|p1a: Incineroar|44/100|[from] Recoil\n|\n|-heal|p2a: Muk|100/100|[from] Grassy Terrain\n|-heal|p1a: Incineroar|50/100|[from] Grassy Terrain\n|-ability|p2a: Muk|Moody|boost\n|-boost|p2a: Muk|spe|2\n|-unboost|p2a: Muk|spd|1\n|upkeep\n|\n|t:|1775715892\n|switch|p1b: Primarina|Primarina, L50, M, shiny|100/100\n|switch|p2b: Calyrex|Calyrex-Shadow, L50|100/100\n|-ability|p2b: Calyrex|As One\n|-ability|p2b: Calyrex|Unnerve\n|turn|6\n|\n|t:|1775715904\n|switch|p1a: Ursaluna|Ursaluna, L50, M|91/100 brn\n|move|p2a: Muk|Protect|p2a: Muk\n|-singleturn|p2a: Muk|Protect\n|move|p2b: Calyrex|Protect|p2b: Calyrex\n|-singleturn|p2b: Calyrex|Protect\n|move|p1b: Primarina|Perish Song|p1b: Primarina\n|-start|p1a: Ursaluna|perish3|[silent]\n|-start|p1b: Primarina|perish3|[silent]\n|-start|p2a: Muk|perish3|[silent]\n|-start|p2b: Calyrex|perish3|[silent]\n|-fieldactivate|move: Perish Song\n|\n|-heal|p1a: Ursaluna|98/100 brn|[from] Grassy Terrain\n|-damage|p1a: Ursaluna|91/100 brn|[from] brn\n|-start|p2a: Muk|perish3\n|-start|p2b: Calyrex|perish3\n|-start|p1b: Primarina|perish3\n|-start|p1a: Ursaluna|perish3\n|-ability|p2a: Muk|Moody|boost\n|-boost|p2a: Muk|atk|2\n|-unboost|p2a: Muk|def|1\n|upkeep\n|turn|7\n|\n|t:|1775715920\n|move|p2a: Muk|Knock Off|p1a: Ursaluna\n|-damage|p1a: Ursaluna|71/100 brn\n|-enditem|p1a: Ursaluna|Flame Orb|[from] move: Knock Off|[of] p2a: Muk\n|move|p2b: Calyrex|Psych Up|p2a: Muk\n|-copyboost|p2b: Calyrex|p2a: Muk|[from] move: Psych Up\n|move|p1b: Primarina|Hyper Voice|p2a: Muk|[spread] p2b\n|-miss|p1b: Primarina|p2a: Muk\n|-damage|p2b: Calyrex|45/100\n|move|p1a: Ursaluna|Headlong Rush|p2b: Calyrex\n|-damage|p2b: Calyrex|0 fnt\n|-unboost|p1a: Ursaluna|def|1\n|-unboost|p1a: Ursaluna|spd|1\n|faint|p2b: Calyrex\n|\n|-heal|p1a: Ursaluna|77/100 brn|[from] Grassy Terrain\n|-damage|p1a: Ursaluna|71/100 brn|[from] brn\n|-start|p2a: Muk|perish2\n|-start|p1b: Primarina|perish2\n|-start|p1a: Ursaluna|perish2\n|-fieldend|move: Grassy Terrain\n|-ability|p2a: Muk|Moody|boost\n|-boost|p2a: Muk|def|2\n|-unboost|p2a: Muk|atk|1\n|upkeep\n|turn|8\n|c|\u2606mnmmnmnnnmn|gg\n|c|\u2606mnmmnmnnnmn|f u\n|\n|t:|1775715938\n|move|p1b: Primarina|Protect|p1b: Primarina\n|-singleturn|p1b: Primarina|Protect\n|move|p1a: Ursaluna|Protect|p1a: Ursaluna\n|-singleturn|p1a: Ursaluna|Protect\n|move|p2a: Muk|Knock Off|p1b: Primarina\n|-activate|p1b: Primarina|move: Protect\n|\n|-damage|p1a: Ursaluna|65/100 brn|[from] brn\n|-start|p2a: Muk|perish1\n|-start|p1b: Primarina|perish1\n|-start|p1a: Ursaluna|perish1\n|-ability|p2a: Muk|Moody|boost\n|-boost|p2a: Muk|atk|2\n|-unboost|p2a: Muk|spa|1\n|upkeep\n|turn|9\n|-message|lsslsssllsslsssl forfeited.\n|\n|win|mnmmnmnnnmn\n|raw|mnmmnmnnnmn's rating: 1212 &rarr; <strong>1240</strong><br />(+28 for winning)\n|raw|lsslsssllsslsssl's rating: 1253 &rarr; <strong>1225</strong><br />(-28 for losing)\n|l|\u2606lsslsssllsslsssl\n|player|p2|\n|l|\u2606mnmmnmnnnmn\n|player|p1|\n","uploadtime":1775716145,"views":8,"formatid":"gen9vgc2026regi","rating":1225,"private":0,"password":null}