{"id":"gen9vgc2026regi-2562594773","format":"[Gen 9] VGC 2026 Reg I","players":["Dezmane","Galact7adi"],"log":"|j|\u2606Dezmane\n|j|\u2606Galact7adi\n|t:|1773933272\n|gametype|doubles\n|player|p1|Dezmane|102|1316\n|player|p2|Galact7adi|265|1420\n|gen|9\n|tier|[Gen 9] VGC 2026 Reg I\n|rated|\n|rule|Species Clause: Limit one of each Pok\u00e9mon\n|rule|Item Clause: Limit 1 of each item\n|clearpoke\n|poke|p1|Kyogre, L50|\n|poke|p1|Iron Bundle, L50|\n|poke|p1|Miraidon, L50|\n|poke|p1|Kingambit, L50, F|\n|poke|p1|Iron Moth, L50|\n|poke|p1|Scream Tail, L50|\n|poke|p2|Brute Bonnet, L50|\n|poke|p2|Lunala, L50|\n|poke|p2|Ursaluna, L50, M|\n|poke|p2|Chi-Yu, L50|\n|poke|p2|Koraidon, L50|\n|poke|p2|Flutter Mane, L50|\n|teampreview|4\n|inactive|Battle timer is ON: inactive players will automatically lose when time's up. (requested by Dezmane)\n|inactive|Galact7adi also wants the timer to be on.\n|inactive|Dezmane has 60 seconds left.\n|inactive|Dezmane has 30 seconds left.\n|\n|t:|1773933336\n|teamsize|p1|4\n|teamsize|p2|4\n|start\n|switch|p1a: Scream Tail|Scream Tail, L50|100/100\n|switch|p1b: Iron Moth|Iron Moth, L50|100/100\n|switch|p2a: Lunala|Lunala, L50|100/100\n|switch|p2b: Brute Bonnet|Brute Bonnet, L50|100/100\n|-enditem|p1a: Scream Tail|Booster Energy\n|-activate|p1a: Scream Tail|ability: Protosynthesis|[fromitem]\n|-start|p1a: Scream Tail|protosynthesisspe\n|turn|1\n|inactive|Dezmane has 30 seconds left.\n|\n|t:|1773933368\n|-terastallize|p1b: Iron Moth|Fairy\n|-terastallize|p2b: Brute Bonnet|Water\n|move|p1b: Iron Moth|Dazzling Gleam|p2b: Brute Bonnet|[spread] p2a,p2b\n|-damage|p2a: Lunala|86/100\n|-damage|p2b: Brute Bonnet|62/100\n|move|p2b: Brute Bonnet|Spore|p1a: Scream Tail\n|-status|p1a: Scream Tail|slp|[from] move: Spore\n|cant|p1a: Scream Tail|slp\n|move|p2a: Lunala|Trick Room|p2a: Lunala\n|-fieldstart|move: Trick Room|[of] p2a: Lunala\n|\n|upkeep\n|turn|2\n|inactive|Dezmane has 30 seconds left.\n|inactive|Dezmane has 20 seconds left.\n|\n|t:|1773933403\n|move|p2b: Brute Bonnet|Seed Bomb|p1a: Scream Tail\n|-damage|p1a: Scream Tail|73/100 slp\n|move|p2a: Lunala|Meteor Beam||[still]\n|-prepare|p2a: Lunala|Meteor Beam\n|-boost|p2a: Lunala|spa|1\n|-enditem|p2a: Lunala|Power Herb\n|-anim|p2a: Lunala|Meteor Beam|p1a: Scream Tail\n|-damage|p1a: Scream Tail|22/100 slp\n|move|p1b: Iron Moth|Dazzling Gleam|p2a: Lunala|[spread] p2a,p2b\n|-damage|p2a: Lunala|55/100\n|-damage|p2b: Brute Bonnet|23/100\n|-enditem|p2b: Brute Bonnet|Sitrus Berry|[eat]\n|-heal|p2b: Brute Bonnet|48/100|[from] item: Sitrus Berry\n|cant|p1a: Scream Tail|slp\n|\n|upkeep\n|turn|3\n|\n|t:|1773933427\n|move|p2b: Brute Bonnet|Seed Bomb|p1a: Scream Tail\n|-crit|p1a: Scream Tail\n|-damage|p1a: Scream Tail|0 fnt\n|faint|p1a: Scream Tail\n|-end|p1a: Scream Tail|Protosynthesis|[silent]\n|move|p2a: Lunala|Moongeist Beam|p1b: Iron Moth\n|-damage|p1b: Iron Moth|18/100\n|move|p1b: Iron Moth|Dazzling Gleam|p2b: Brute Bonnet|[spread] p2a,p2b\n|-damage|p2a: Lunala|28/100\n|-damage|p2b: Brute Bonnet|7/100\n|\n|upkeep\n|\n|t:|1773933439\n|switch|p1a: Kingambit|Kingambit, L50, F|100/100\n|turn|4\n|inactive|Dezmane has 30 seconds left.\n|\n|t:|1773933466\n|-end|p1b: Iron Moth|Quark Drive|[silent]\n|switch|p1b: Kyogre|Kyogre, L50|100/100\n|-weather|RainDance|[from] ability: Drizzle|[of] p1b: Kyogre\n|move|p2b: Brute Bonnet|Rage Powder|p2b: Brute Bonnet\n|-singleturn|p2b: Brute Bonnet|move: Rage Powder\n|move|p1a: Kingambit|Kowtow Cleave|p2b: Brute Bonnet\n|-damage|p2b: Brute Bonnet|0 fnt\n|faint|p2b: Brute Bonnet\n|-end|p2b: Brute Bonnet|Protosynthesis|[silent]\n|move|p2a: Lunala|Moongeist Beam|p1b: Kyogre\n|-damage|p1b: Kyogre|35/100\n|\n|-weather|RainDance|[upkeep]\n|-heal|p1b: Kyogre|41/100|[from] item: Leftovers\n|upkeep\n|\n|t:|1773933480\n|switch|p2b: Ursaluna|Ursaluna, L50, M|100/100\n|turn|5\n|inactive|Dezmane has 30 seconds left.\n|\n|t:|1773933513\n|move|p1b: Kyogre|Protect|p1b: Kyogre\n|-singleturn|p1b: Kyogre|Protect\n|move|p2a: Lunala|Wide Guard|p2a: Lunala\n|-singleturn|p2a: Lunala|Wide Guard\n|move|p2b: Ursaluna|Earthquake|p1b: Kyogre|[spread] p1a\n|-activate|p2a: Lunala|move: Wide Guard\n|-activate|p1b: Kyogre|move: Protect\n|-supereffective|p1a: Kingambit\n|-damage|p1a: Kingambit|37/100\n|move|p1a: Kingambit|Kowtow Cleave|p2a: Lunala\n|-supereffective|p2a: Lunala\n|-damage|p2a: Lunala|0 fnt\n|faint|p2a: Lunala\n|\n|-weather|RainDance|[upkeep]\n|-heal|p1b: Kyogre|47/100|[from] item: Leftovers\n|-fieldend|move: Trick Room\n|-status|p2b: Ursaluna|brn|[from] item: Flame Orb\n|upkeep\n|\n|t:|1773933523\n|switch|p2a: Koraidon|Koraidon, L50|100/100\n|-weather|SunnyDay|[from] ability: Orichalcum Pulse|[of] p2a: Koraidon\n|-activate|p2a: Koraidon|Orichalcum Pulse|[source]\n|turn|6\n|\n|t:|1773933548\n|move|p2a: Koraidon|Flame Charge|p1a: Kingambit\n|-supereffective|p1a: Kingambit\n|-damage|p1a: Kingambit|0 fnt\n|-boost|p2a: Koraidon|spe|1\n|faint|p1a: Kingambit\n|-damage|p2a: Koraidon|91/100|[from] item: Life Orb\n|move|p1b: Kyogre|Origin Pulse|p2a: Koraidon|[spread] p2a,p2b\n|-resisted|p2a: Koraidon\n|-supereffective|p2b: Ursaluna\n|-damage|p2a: Koraidon|79/100\n|-damage|p2b: Ursaluna|59/100 brn\n|move|p2b: Ursaluna|Facade|p1b: Kyogre\n|-damage|p1b: Kyogre|0 fnt\n|faint|p1b: Kyogre\n|\n|-weather|SunnyDay|[upkeep]\n|-damage|p2b: Ursaluna|53/100 brn|[from] brn\n|upkeep\n|\n|t:|1773933558\n|switch|p1a: Iron Moth|Iron Moth, L50, tera:Fairy|18/100\n|turn|7\n|\n|t:|1773933562\n|move|p2a: Koraidon|Flame Charge|p1a: Iron Moth\n|-damage|p1a: Iron Moth|0 fnt\n|-boost|p2a: Koraidon|spe|1\n|faint|p1a: Iron Moth\n|-end|p1a: Iron Moth|Quark Drive|[silent]\n|-damage|p2a: Koraidon|69/100|[from] item: Life Orb\n|\n|win|Galact7adi\n|raw|Dezmane's rating: 1316 &rarr; <strong>1302</strong><br />(-14 for losing)\n|raw|Galact7adi's rating: 1420 &rarr; <strong>1434</strong><br />(+14 for winning)\n|c|\u2606Galact7adi|Gg wp\n|l|\u2606Galact7adi\n|player|p2|\n|c|\u2606Dezmane|Gg\n|l|\u2606Dezmane\n|player|p1|\n|j|\u2606Dezmane\n|player|p1|Dezmane|102|\n|l|\u2606Dezmane\n|player|p1|\n","uploadtime":1773933579,"views":15,"formatid":"gen9vgc2026regi","rating":1302,"private":0,"password":null}