{"id":"gen9vgc2026regi-2530009855","format":"[Gen 9] VGC 2026 Reg I","players":["Shuriky","blackred123"],"log":"|j|\u2606Shuriky\n|j|\u2606blackred123\n|t:|1769863278\n|gametype|doubles\n|player|p1|Shuriky|169|1343\n|player|p2|blackred123|iono-masters|1436\n|gen|9\n|tier|[Gen 9] VGC 2026 Reg I\n|rated|\n|rule|Species Clause: Limit one of each Pok\u00e9mon\n|rule|Item Clause: Limit 1 of each item\n|clearpoke\n|poke|p1|Miraidon, L50|\n|poke|p1|Kyogre, L50|\n|poke|p1|Whimsicott, L50, F|\n|poke|p1|Incineroar, L50, F|\n|poke|p1|Landorus, L50, M|\n|poke|p1|Urshifu-*, L50, F|\n|poke|p2|Calyrex-Shadow, L50|\n|poke|p2|Koraidon, L50|\n|poke|p2|Flutter Mane, L50|\n|poke|p2|Incineroar, L50, M|\n|poke|p2|Raging Bolt, L50|\n|poke|p2|Tornadus, L50, M|\n|teampreview|4\n|inactive|Battle timer is ON: inactive players will automatically lose when time's up. (requested by blackred123)\n|\n|t:|1769863301\n|teamsize|p1|4\n|teamsize|p2|4\n|start\n|switch|p1a: Larry|Miraidon, L50, shiny|100/100\n|switch|p1b: Trollsicott|Whimsicott, L50, F|100/100\n|switch|p2a: \u56fa\u5927\u5305\u52d2|Koraidon, L50|100/100\n|switch|p2b: Tornadus|Tornadus, L50, M, shiny|100/100\n|-weather|SunnyDay|[from] ability: Orichalcum Pulse|[of] p2a: \u56fa\u5927\u5305\u52d2\n|-activate|p2a: \u56fa\u5927\u5305\u52d2|Orichalcum Pulse|[source]\n|-fieldstart|move: Electric Terrain|[from] ability: Hadron Engine|[of] p1a: Larry\n|turn|1\n|inactive|Shuriky has 30 seconds left.\n|inactive|Shuriky has 20 seconds left.\n|\n|t:|1769863339\n|-terastallize|p2a: \u56fa\u5927\u5305\u52d2|Fire\n|move|p1b: Trollsicott|Tailwind|p1b: Trollsicott\n|-sidestart|p1: Shuriky|move: Tailwind\n|move|p2b: Tornadus|Tailwind|p2b: Tornadus\n|-sidestart|p2: blackred123|move: Tailwind\n|move|p2a: \u56fa\u5927\u5305\u52d2|Close Combat|p1a: Larry\n|-damage|p1a: Larry|22/100\n|-unboost|p2a: \u56fa\u5927\u5305\u52d2|def|1\n|-unboost|p2a: \u56fa\u5927\u5305\u52d2|spd|1\n|move|p1a: Larry|Dazzling Gleam|p2a: \u56fa\u5927\u5305\u52d2|[spread] p2a,p2b\n|-resisted|p2a: \u56fa\u5927\u5305\u52d2\n|-damage|p2a: \u56fa\u5927\u5305\u52d2|64/100\n|-damage|p2b: Tornadus|42/100\n|\n|-weather|SunnyDay|[upkeep]\n|upkeep\n|turn|2\n|inactive|Shuriky has 30 seconds left.\n|\n|t:|1769863366\n|switch|p1a: Wolfe|Incineroar, L50, F|100/100\n|-ability|p1a: Wolfe|Intimidate|boost\n|-fail|p2a: \u56fa\u5927\u5305\u52d2|unboost|[from] item: Clear Amulet|[of] p2a: \u56fa\u5927\u5305\u52d2\n|-unboost|p2b: Tornadus|atk|1\n|move|p2a: \u56fa\u5927\u5305\u52d2|Close Combat|p1a: Wolfe\n|-supereffective|p1a: Wolfe\n|-damage|p1a: Wolfe|0 fnt\n|-unboost|p2a: \u56fa\u5927\u5305\u52d2|def|1\n|-unboost|p2a: \u56fa\u5927\u5305\u52d2|spd|1\n|-damage|p2a: \u56fa\u5927\u5305\u52d2|48/100|[from] item: Rocky Helmet|[of] p1a: Wolfe\n|faint|p1a: Wolfe\n|move|p1b: Trollsicott|Moonblast|p2b: Tornadus\n|-damage|p2b: Tornadus|0 fnt\n|faint|p2b: Tornadus\n|\n|-weather|SunnyDay|[upkeep]\n|upkeep\n|\n|t:|1769863383\n|switch|p2b: \u6211\u8fd1\u89c6|Calyrex-Shadow, L50|100/100\n|switch|p1a: Steve|Kyogre, L50, shiny|100/100\n|-ability|p2b: \u6211\u8fd1\u89c6|As One\n|-ability|p2b: \u6211\u8fd1\u89c6|Unnerve\n|-weather|RainDance|[from] ability: Drizzle|[of] p1a: Steve\n|-enditem|p1a: Steve|Electric Seed\n|-boost|p1a: Steve|def|1|[from] item: Electric Seed\n|turn|3\n|\n|t:|1769863395\n|switch|p2a: Raging Bolt|Raging Bolt, L50|100/100\n|move|p2b: \u6211\u8fd1\u89c6|Astral Barrage|p1a: Steve|[spread] p1a,p1b\n|-damage|p1a: Steve|37/100\n|-enditem|p1b: Trollsicott|Focus Sash\n|-damage|p1b: Trollsicott|1/100\n|move|p1b: Trollsicott|Moonblast|p2b: \u6211\u8fd1\u89c6\n|-damage|p2b: \u6211\u8fd1\u89c6|64/100\n|move|p1a: Steve|Origin Pulse|p2a: Raging Bolt|[spread] p2a,p2b\n|-resisted|p2a: Raging Bolt\n|-damage|p2a: Raging Bolt|68/100\n|-damage|p2b: \u6211\u8fd1\u89c6|0 fnt\n|faint|p2b: \u6211\u8fd1\u89c6\n|\n|-weather|RainDance|[upkeep]\n|upkeep\n|\n|t:|1769863405\n|switch|p2b: \u56fa\u5927\u5305\u52d2|Koraidon, L50, tera:Fire|48/100\n|-weather|SunnyDay|[from] ability: Orichalcum Pulse|[of] p2b: \u56fa\u5927\u5305\u52d2\n|-activate|p2a: Raging Bolt|ability: Protosynthesis\n|-start|p2a: Raging Bolt|protosynthesisspa\n|-activate|p2b: \u56fa\u5927\u5305\u52d2|Orichalcum Pulse|[source]\n|turn|4\n|\n|t:|1769863423\n|move|p1a: Steve|Protect|p1a: Steve\n|-singleturn|p1a: Steve|Protect\n|move|p2b: \u56fa\u5927\u5305\u52d2|Flame Charge|p1b: Trollsicott\n|-supereffective|p1b: Trollsicott\n|-damage|p1b: Trollsicott|0 fnt\n|-boost|p2b: \u56fa\u5927\u5305\u52d2|spe|1\n|faint|p1b: Trollsicott\n|move|p2a: Raging Bolt|Thunderbolt|p1a: Steve\n|-activate|p1a: Steve|move: Protect\n|\n|-weather|SunnyDay|[upkeep]\n|-sideend|p1: Shuriky|move: Tailwind\n|-sideend|p2: blackred123|move: Tailwind\n|upkeep\n|\n|t:|1769863433\n|switch|p1b: Larry|Miraidon, L50, shiny|22/100\n|-activate|p1b: Larry|ability: Hadron Engine\n|turn|5\n|inactive|Shuriky has 30 seconds left.\n|\n|t:|1769863460\n|-terastallize|p1a: Steve|Water\n|move|p2a: Raging Bolt|Thunderclap|p1a: Steve\n|-supereffective|p1a: Steve\n|-damage|p1a: Steve|0 fnt\n|faint|p1a: Steve\n|move|p2b: \u56fa\u5927\u5305\u52d2|Close Combat|p1b: Larry\n|-damage|p1b: Larry|0 fnt\n|-unboost|p2b: \u56fa\u5927\u5305\u52d2|def|1\n|-unboost|p2b: \u56fa\u5927\u5305\u52d2|spd|1\n|faint|p1b: Larry\n|\n|win|blackred123\n|raw|Shuriky's rating: 1343 &rarr; <strong>1328</strong><br />(-15 for losing)\n|raw|blackred123's rating: 1436 &rarr; <strong>1451</strong><br />(+15 for winning)\n|l|\u2606Shuriky\n|player|p1|\n","uploadtime":1769863475,"views":13,"formatid":"gen9vgc2026regi","rating":1328,"private":0,"password":null}