{"id":"gen9vgc2026regi-2587413353","format":"[Gen 9] VGC 2026 Reg I","players":["Dnsnwhw","sjknjhlhf"],"log":"|j|\u2606Dnsnwhw\n|j|\u2606sjknjhlhf\n|t:|1776529748\n|gametype|doubles\n|player|p1|Dnsnwhw|gambler|1269\n|player|p2|sjknjhlhf|101|1441\n|gen|9\n|tier|[Gen 9] VGC 2026 Reg I\n|rated|\n|rule|Species Clause: Limit one of each Pok\u00e9mon\n|rule|Item Clause: Limit 1 of each item\n|clearpoke\n|poke|p1|Mienshao, L50, M|\n|poke|p1|Araquanid, L50, M|\n|poke|p1|Dusclops, L50, M|\n|poke|p1|Malamar, L50, M|\n|poke|p1|Grimmsnarl, L50, M|\n|poke|p1|Rayquaza, L50|\n|poke|p2|Amoonguss, L50, F|\n|poke|p2|Calyrex-Ice, L50|\n|poke|p2|Kyogre, L50|\n|poke|p2|Basculegion, L50, M|\n|poke|p2|Archaludon, L50, F|\n|poke|p2|Flutter Mane, L50|\n|teampreview|4\n|inactive|Battle timer is ON: inactive players will automatically lose when time's up. (requested by sjknjhlhf)\nDnsnwhw has agreed to open team sheets.\n|\n|t:|1776529778\n|teamsize|p1|4\n|teamsize|p2|4\n|start\n|switch|p1a: Lord Grim|Grimmsnarl, L50, M|100/100\n|switch|p1b: Whiskers|Mienshao, L50, M, shiny|100/100\n|switch|p2a: Calyrex|Calyrex-Ice, L50|100/100\n|switch|p2b: Kyogre|Kyogre, L50|100/100\n|-ability|p2a: Calyrex|As One\n|-ability|p2a: Calyrex|Unnerve\n|-weather|RainDance|[from] ability: Drizzle|[of] p2b: Kyogre\n|turn|1\n|\n|t:|1776529800\n|move|p2b: Kyogre|Protect|p2b: Kyogre\n|-singleturn|p2b: Kyogre|Protect\n|move|p1b: Whiskers|Fake Out|p2b: Kyogre\n|-activate|p2b: Kyogre|move: Protect\n|move|p1a: Lord Grim|Light Screen|p1a: Lord Grim\n|-sidestart|p1: Dnsnwhw|move: Light Screen\n|move|p2a: Calyrex|Trick Room|p2a: Calyrex\n|-fieldstart|move: Trick Room|[of] p2a: Calyrex\n|\n|-weather|RainDance|[upkeep]\n|upkeep\n|turn|2\n|\n|t:|1776529809\n|move|p1b: Whiskers|Wide Guard|p1b: Whiskers\n|-singleturn|p1b: Whiskers|Wide Guard\n|move|p1a: Lord Grim|Sucker Punch|p2a: Calyrex\n|-supereffective|p2a: Calyrex\n|-damage|p2a: Calyrex|62/100\n|move|p2a: Calyrex|Glacial Lance|p1b: Whiskers|[spread] \n|-activate|p1a: Lord Grim|move: Wide Guard\n|-activate|p1b: Whiskers|move: Wide Guard\n|move|p2b: Kyogre|Water Spout|p1a: Lord Grim|[spread] \n|-activate|p1a: Lord Grim|move: Wide Guard\n|-activate|p1b: Whiskers|move: Wide Guard\n|\n|-weather|RainDance|[upkeep]\n|upkeep\n|turn|3\n|\n|t:|1776529828\n|move|p1b: Whiskers|Wide Guard|p1b: Whiskers\n|-singleturn|p1b: Whiskers|Wide Guard\n|move|p1a: Lord Grim|Sucker Punch|p2b: Kyogre\n|-damage|p2b: Kyogre|64/100\n|move|p2a: Calyrex|Glacial Lance|p1b: Whiskers|[spread] \n|-activate|p1a: Lord Grim|move: Wide Guard\n|-activate|p1b: Whiskers|move: Wide Guard\n|move|p2b: Kyogre|Water Spout|p1b: Whiskers|[spread] \n|-activate|p1a: Lord Grim|move: Wide Guard\n|-activate|p1b: Whiskers|move: Wide Guard\n|\n|-weather|RainDance|[upkeep]\n|upkeep\n|turn|4\n|\n|t:|1776529845\n|move|p1b: Whiskers|Wide Guard|p1b: Whiskers\n|-singleturn|p1b: Whiskers|Wide Guard\n|move|p1a: Lord Grim|Sucker Punch|p2a: Calyrex\n|-supereffective|p2a: Calyrex\n|-damage|p2a: Calyrex|23/100\n|move|p2a: Calyrex|Glacial Lance|p1a: Lord Grim|[spread] \n|-activate|p1a: Lord Grim|move: Wide Guard\n|-activate|p1b: Whiskers|move: Wide Guard\n|move|p2b: Kyogre|Hydro Pump|p1b: Whiskers\n|-enditem|p1b: Whiskers|Focus Sash\n|-damage|p1b: Whiskers|1/100\n|\n|-weather|RainDance|[upkeep]\n|upkeep\n|turn|5\n|\n|t:|1776529868\n|switch|p1b: Shenron|Rayquaza, L50|100/100\n|-ability|p1b: Shenron|Air Lock\n|move|p1a: Lord Grim|Sucker Punch||[still]\n|-fail|p1a: Lord Grim\n|move|p2a: Calyrex|Leech Seed|p1b: Shenron\n|-start|p1b: Shenron|move: Leech Seed\n|move|p2b: Kyogre|Origin Pulse|p1a: Lord Grim|[spread] p1a,p1b\n|-resisted|p1b: Shenron\n|-damage|p1a: Lord Grim|56/100\n|-damage|p1b: Shenron|78/100\n|\n|-weather|none\n|-heal|p1b: Shenron|84/100|[from] item: Leftovers\n|-damage|p1b: Shenron|72/100|[from] Leech Seed|[of] p2a: Calyrex\n|-heal|p2a: Calyrex|34/100|[silent]\n|-fieldend|move: Trick Room\n|upkeep\n|turn|6\n|\n|t:|1776529889\n|switch|p2b: Archaludon|Archaludon, L50, F|100/100\n|-terastallize|p1b: Shenron|Normal\n|move|p2a: Calyrex|Protect|p2a: Calyrex\n|-singleturn|p2a: Calyrex|Protect\n|move|p1a: Lord Grim|Sucker Punch||[still]\n|-fail|p1a: Lord Grim\n|move|p1b: Shenron|Draco Meteor|p2a: Calyrex\n|-activate|p2a: Calyrex|move: Protect\n|\n|-heal|p1b: Shenron|78/100|[from] item: Leftovers\n|-damage|p1b: Shenron|65/100|[from] Leech Seed|[of] p2a: Calyrex\n|-heal|p2a: Calyrex|44/100|[silent]\n|upkeep\n|turn|7\n|\n|t:|1776529914\n|switch|p2a: Amoonguss|Amoonguss, L50, F|100/100\n|move|p1a: Lord Grim|Sucker Punch||[still]\n|-fail|p1a: Lord Grim\n|move|p1b: Shenron|Dragon Ascent|p2a: Amoonguss\n|-supereffective|p2a: Amoonguss\n|-damage|p2a: Amoonguss|0 fnt\n|-unboost|p1b: Shenron|def|1\n|-unboost|p1b: Shenron|spd|1\n|-damage|p1b: Shenron|49/100|[from] item: Rocky Helmet|[of] p2a: Amoonguss\n|faint|p2a: Amoonguss\n|move|p2b: Archaludon|Aura Sphere|p1b: Shenron\n|-supereffective|p1b: Shenron\n|-damage|p1b: Shenron|0 fnt\n|faint|p1b: Shenron\n|\n|upkeep\n|\n|t:|1776529929\n|switch|p1b: Whiskers|Mienshao, L50, M, shiny|1/100\n|switch|p2a: Kyogre|Kyogre, L50|64/100\n|-weather|RainDance|[from] ability: Drizzle|[of] p2a: Kyogre\n|turn|8\n|\n|t:|1776529942\n|move|p2a: Kyogre|Protect|p2a: Kyogre\n|-singleturn|p2a: Kyogre|Protect\n|move|p1a: Lord Grim|Sucker Punch||[still]\n|-fail|p1a: Lord Grim\n|move|p1b: Whiskers|Close Combat|p2b: Archaludon\n|-supereffective|p2b: Archaludon\n|-damage|p2b: Archaludon|18/100\n|-unboost|p1b: Whiskers|def|1\n|-unboost|p1b: Whiskers|spd|1\n|move|p2b: Archaludon|Electro Shot||[still]\n|-prepare|p2b: Archaludon|Electro Shot\n|-boost|p2b: Archaludon|spa|1\n|-anim|p2b: Archaludon|Electro Shot|p1b: Whiskers\n|-damage|p1b: Whiskers|0 fnt\n|faint|p1b: Whiskers\n|\n|-weather|RainDance|[upkeep]\n|-sideend|p1: Dnsnwhw|move: Light Screen\n|upkeep\n|\n|t:|1776529949\n|switch|p1b: Water Skater|Araquanid, L50, M, shiny|100/100\n|turn|9\n|\n|t:|1776529963\n|move|p1a: Lord Grim|Sucker Punch|p2b: Archaludon\n|-damage|p2b: Archaludon|0 fnt\n|faint|p2b: Archaludon\n|move|p2a: Kyogre|Water Spout|p1b: Water Skater|[spread] p1a,p1b\n|-resisted|p1b: Water Skater\n|-crit|p1b: Water Skater\n|-damage|p1a: Lord Grim|0 fnt\n|-damage|p1b: Water Skater|52/100\n|faint|p1a: Lord Grim\n|move|p1b: Water Skater|Liquidation|p2a: Kyogre\n|-resisted|p2a: Kyogre\n|-damage|p2a: Kyogre|7/100\n|\n|-weather|RainDance|[upkeep]\n|upkeep\n|\n|t:|1776529969\n|switch|p2b: Calyrex|Calyrex-Ice, L50|44/100\n|-ability|p2b: Calyrex|As One\n|-ability|p2b: Calyrex|Unnerve\n|turn|10\n|\n|t:|1776529990\n|-terastallize|p2b: Calyrex|Grass\n|move|p2a: Kyogre|Origin Pulse|p1b: Water Skater\n|-resisted|p1b: Water Skater\n|-damage|p1b: Water Skater|3/100\n|move|p2b: Calyrex|Glacial Lance|p1b: Water Skater\n|-resisted|p1b: Water Skater\n|-damage|p1b: Water Skater|0 fnt\n|faint|p1b: Water Skater\n|\n|win|sjknjhlhf\n|raw|Dnsnwhw's rating: 1286 &rarr; <strong>1271</strong><br />(-15 for losing)\n|raw|sjknjhlhf's rating: 1441 &rarr; <strong>1453</strong><br />(+12 for winning)\n|l|\u2606Dnsnwhw\n|player|p1|\n|l|\u2606sjknjhlhf\n|player|p2|\n","uploadtime":1776530212,"views":12,"formatid":"gen9vgc2026regi","rating":1271,"private":0,"password":null}