{"id":"gen9vgc2026regi-2582357117","format":"[Gen 9] VGC 2026 Reg I","players":["Ladder Dude 01","MadMozzy"],"log":"|j|\u2606Ladder Dude 01\n|j|\u2606MadMozzy\n|t:|1776086080\n|gametype|doubles\n|player|p1|Ladder Dude 01|giovanni|1072\n|player|p2|MadMozzy|nate|1000\n|gen|9\n|tier|[Gen 9] VGC 2026 Reg I\n|rated|\n|rule|Species Clause: Limit one of each Pok\u00e9mon\n|rule|Item Clause: Limit 1 of each item\n|clearpoke\n|poke|p1|Miraidon, L50|\n|poke|p1|Lunala, L50|\n|poke|p1|Whimsicott, L50, M|\n|poke|p1|Urshifu-*, L50, F|\n|poke|p1|Incineroar, L50, F|\n|poke|p1|Ursaluna, L50, M|\n|poke|p2|Calyrex-Ice, L50|\n|poke|p2|Kyogre, L50|\n|poke|p2|Iron Jugulis, L50|\n|poke|p2|Basculegion, L50, M|\n|poke|p2|Smeargle, L50, F|\n|poke|p2|Rillaboom, L50, F|\n|teampreview|4\n|inactive|Battle timer is ON: inactive players will automatically lose when time's up. (requested by Ladder Dude 01)\nMadMozzy has agreed to open team sheets.\n|inactive|Ladder Dude 01 has 60 seconds left.\n|inactive|MadMozzy has 60 seconds left.\n|inactive|MadMozzy has 30 seconds left.\n|n|\u2606MadMozzy|madmozzy\n|inactive|MadMozzy has 20 seconds left.\n|\n|t:|1776086155\n|teamsize|p1|4\n|teamsize|p2|4\n|start\n|switch|p1a: Incineroar|Incineroar, L50, F|100/100\n|switch|p1b: Lunala|Lunala, L50|100/100\n|switch|p2a: Iron Jugulis|Iron Jugulis, L50|100/100\n|switch|p2b: Kyogre|Kyogre, L50|100/100\n|-weather|RainDance|[from] ability: Drizzle|[of] p2b: Kyogre\n|-ability|p1a: Incineroar|Intimidate|boost\n|-unboost|p2a: Iron Jugulis|atk|1\n|-unboost|p2b: Kyogre|atk|1\n|-enditem|p2a: Iron Jugulis|Booster Energy\n|-activate|p2a: Iron Jugulis|ability: Quark Drive|[fromitem]\n|-start|p2a: Iron Jugulis|quarkdrivespe\n|turn|1\n|\n|t:|1776086179\n|move|p1a: Incineroar|Fake Out|p2a: Iron Jugulis\n|-damage|p2a: Iron Jugulis|88/100\n|cant|p2a: Iron Jugulis|flinch\n|move|p2b: Kyogre|Water Spout|p1a: Incineroar|[spread] p1a,p1b\n|-supereffective|p1a: Incineroar\n|-damage|p1a: Incineroar|0 fnt\n|-damage|p1b: Lunala|54/100\n|faint|p1a: Incineroar\n|move|p1b: Lunala|Trick Room|p1b: Lunala\n|-fieldstart|move: Trick Room|[of] p1b: Lunala\n|\n|-weather|RainDance|[upkeep]\n|upkeep\n|\n|t:|1776086191\n|switch|p1a: Ursaluna|Ursaluna, L50, M|100/100\n|turn|2\n|\n|t:|1776086216\n|-terastallize|p1a: Ursaluna|Ghost\n|move|p2b: Kyogre|Protect|p2b: Kyogre\n|-singleturn|p2b: Kyogre|Protect\n|move|p1a: Ursaluna|Facade|p2b: Kyogre\n|-activate|p2b: Kyogre|move: Protect\n|move|p1b: Lunala|Moonblast|p2a: Iron Jugulis\n|-supereffective|p2a: Iron Jugulis\n|-damage|p2a: Iron Jugulis|13/100\n|move|p2a: Iron Jugulis|Snarl|p1b: Lunala|[spread] p1a,p1b\n|-supereffective|p1a: Ursaluna\n|-supereffective|p1b: Lunala\n|-damage|p1a: Ursaluna|72/100\n|-damage|p1b: Lunala|8/100\n|-unboost|p1a: Ursaluna|spa|1\n|-unboost|p1b: Lunala|spa|1\n|\n|-weather|RainDance|[upkeep]\n|-status|p1a: Ursaluna|brn|[from] item: Flame Orb\n|upkeep\n|turn|3\n|inactive|MadMozzy has 30 seconds left.\n|inactive|MadMozzy has 20 seconds left.\n|inactive|MadMozzy has 15 seconds left.\n|inactive|MadMozzy has 10 seconds left.\n|inactive|MadMozzy has 5 seconds left.\n|\n|t:|1776086268\n|switch|p2b: Basculegion|Basculegion, L50, M|100/100\n|move|p1a: Ursaluna|Facade|p2b: Basculegion\n|-immune|p2b: Basculegion\n|move|p1b: Lunala|Moonblast|p2a: Iron Jugulis\n|-supereffective|p2a: Iron Jugulis\n|-damage|p2a: Iron Jugulis|0 fnt\n|faint|p2a: Iron Jugulis\n|-end|p2a: Iron Jugulis|Quark Drive|[silent]\n|\n|-weather|RainDance|[upkeep]\n|-damage|p1a: Ursaluna|66/100 brn|[from] brn\n|upkeep\n|\n|t:|1776086277\n|switch|p2a: Calyrex|Calyrex-Ice, L50|100/100\n|-ability|p2a: Calyrex|As One\n|-ability|p2a: Calyrex|Unnerve\n|turn|4\n|inactive|MadMozzy has 30 seconds left.\n|\n|t:|1776086304\n|move|p1a: Ursaluna|Protect|p1a: Ursaluna\n|-singleturn|p1a: Ursaluna|Protect\n|move|p2a: Calyrex|Glacial Lance|p1a: Ursaluna|[spread] p1b\n|-activate|p1a: Ursaluna|move: Protect\n|-damage|p1b: Lunala|0 fnt\n|faint|p1b: Lunala\n|-ability|p2a: Calyrex|Chilling Neigh|boost\n|-boost|p2a: Calyrex|atk|1\n|move|p2b: Basculegion|Last Respects|p1a: Ursaluna\n|-activate|p1a: Ursaluna|move: Protect\n|\n|-weather|RainDance|[upkeep]\n|-damage|p1a: Ursaluna|60/100 brn|[from] brn\n|upkeep\n|\n|t:|1776086310\n|switch|p1b: Miraidon|Miraidon, L50|100/100\n|-fieldstart|move: Electric Terrain|[from] ability: Hadron Engine|[of] p1b: Miraidon\n|turn|5\n|\n|t:|1776086329\n|move|p1b: Miraidon|Protect|p1b: Miraidon\n|-singleturn|p1b: Miraidon|Protect\n|move|p2b: Basculegion|Protect|p2b: Basculegion\n|-singleturn|p2b: Basculegion|Protect\n|move|p1a: Ursaluna|Headlong Rush|p2b: Basculegion\n|-activate|p2b: Basculegion|move: Protect\n|move|p2a: Calyrex|Glacial Lance|p1a: Ursaluna|[spread] p1a\n|-activate|p1b: Miraidon|move: Protect\n|-damage|p1a: Ursaluna|6/100 brn\n|\n|-weather|none\n|-damage|p1a: Ursaluna|0 fnt|[from] brn\n|faint|p1a: Ursaluna\n|-fieldend|move: Trick Room\n|upkeep\n|turn|6\n|inactive|Ladder Dude 01 has 30 seconds left.\n|\n|t:|1776086356\n|move|p1b: Miraidon|Electro Drift|p2a: Calyrex\n|-damage|p2a: Calyrex|19/100\n|-damage|p1b: Miraidon|91/100|[from] item: Life Orb\n|move|p2b: Basculegion|Last Respects|p1b: Miraidon\n|-crit|p1b: Miraidon\n|-damage|p1b: Miraidon|0 fnt\n|faint|p1b: Miraidon\n|-damage|p2b: Basculegion|91/100|[from] item: Life Orb\n|\n|win|MadMozzy\n|raw|Ladder Dude 01's rating: 1072 &rarr; <strong>1047</strong><br />(-25 for losing)\n|raw|MadMozzy's rating: 1000 &rarr; <strong>1048</strong><br />(+48 for winning)\n","uploadtime":1776086371,"views":14,"formatid":"gen9vgc2026regi","rating":1047,"private":0,"password":null}