{"id":"gen9vgc2026regi-2577682799","format":"[Gen 9] VGC 2026 Reg I","players":["FRESHmustard","Aylawayla"],"log":"|j|\u2606FRESHmustard\n|j|\u2606Aylawayla\n|t:|1775595929\n|gametype|doubles\n|player|p1|FRESHmustard|clair|1223\n|player|p2|Aylawayla|102|1279\n|gen|9\n|tier|[Gen 9] VGC 2026 Reg I\n|rated|\n|rule|Species Clause: Limit one of each Pok\u00e9mon\n|rule|Item Clause: Limit 1 of each item\n|clearpoke\n|poke|p1|Lunala, L50|\n|poke|p1|Ursaluna, L50, F|\n|poke|p1|Urshifu-*, L50, M|\n|poke|p1|Miraidon, L50|\n|poke|p1|Grimmsnarl, L50, M|\n|poke|p1|Incineroar, L50, F|\n|poke|p2|Calyrex-Shadow, L50|\n|poke|p2|Zacian-*, L50|\n|poke|p2|Rillaboom, L50, M|\n|poke|p2|Incineroar, L50, F|\n|poke|p2|Scream Tail, L50|\n|poke|p2|Ursaluna, L50, F|\n|teampreview|4\n|\n|t:|1775595957\n|teamsize|p1|4\n|teamsize|p2|4\n|start\n|switch|p1a: Lunala|Lunala, L50|100/100\n|switch|p1b: Miraidon|Miraidon, L50|100/100\n|switch|p2a: Zacian|Zacian-Crowned, L50|100/100\n|switch|p2b: Rillaboom|Rillaboom, L50, M|100/100\n|-ability|p2a: Zacian|Intrepid Sword|boost\n|-boost|p2a: Zacian|atk|1\n|-fieldstart|move: Electric Terrain|[from] ability: Hadron Engine|[of] p1b: Miraidon\n|-enditem|p1a: Lunala|Electric Seed\n|-boost|p1a: Lunala|def|1|[from] item: Electric Seed\n|-fieldstart|move: Grassy Terrain|[from] ability: Grassy Surge|[of] p2b: Rillaboom\n|turn|1\n|\n|t:|1775595984\n|move|p2a: Zacian|Swords Dance|p2a: Zacian\n|-boost|p2a: Zacian|atk|2\n|move|p1b: Miraidon|Electro Drift|p2a: Zacian\n|-crit|p2a: Zacian\n|-damage|p2a: Zacian|25/100\n|move|p2b: Rillaboom|U-turn|p1a: Lunala\n|-damage|p1a: Lunala|96/100\n|\n|t:|1775595994\n|switch|p2b: Scream Tail|Scream Tail, L50|100/100|[from] U-turn\n|-enditem|p2b: Scream Tail|Booster Energy\n|-activate|p2b: Scream Tail|ability: Protosynthesis|[fromitem]\n|-start|p2b: Scream Tail|protosynthesisspe\n|move|p1a: Lunala|Trick Room|p1a: Lunala\n|-fieldstart|move: Trick Room|[of] p1a: Lunala\n|\n|-heal|p1a: Lunala|100/100|[from] Grassy Terrain\n|-heal|p2a: Zacian|31/100|[from] Grassy Terrain\n|upkeep\n|turn|2\n|\n|t:|1775596013\n|-terastallize|p2b: Scream Tail|Dark\n|move|p2a: Zacian|Protect|p2a: Zacian\n|-singleturn|p2a: Zacian|Protect\n|move|p1a: Lunala|Moongeist Beam|p2b: Scream Tail\n|-resisted|p2b: Scream Tail\n|-damage|p2b: Scream Tail|80/100\n|move|p1b: Miraidon|Volt Switch|p2a: Zacian\n|-activate|p2a: Zacian|move: Protect\n|move|p2b: Scream Tail|Trick Room|p2b: Scream Tail\n|-fieldend|move: Trick Room\n|\n|-heal|p2b: Scream Tail|86/100|[from] Grassy Terrain\n|-heal|p2a: Zacian|37/100|[from] Grassy Terrain\n|upkeep\n|turn|3\n|\n|t:|1775596042\n|-terastallize|p1b: Miraidon|Electric\n|move|p2b: Scream Tail|Disable|p1b: Miraidon\n|-start|p1b: Miraidon|Disable|Volt Switch\n|move|p2a: Zacian|Play Rough|p1b: Miraidon\n|-damage|p1b: Miraidon|1/100\n|cant|p1b: Miraidon|Disable|Volt Switch\n|move|p1a: Lunala|Trick Room|p1a: Lunala\n|-fieldstart|move: Trick Room|[of] p1a: Lunala\n|\n|-heal|p1b: Miraidon|7/100|[from] Grassy Terrain\n|-heal|p2a: Zacian|43/100|[from] Grassy Terrain\n|-heal|p2b: Scream Tail|92/100|[from] Grassy Terrain\n|upkeep\n|turn|4\n|c|\u2606FRESHmustard|AHHHHHH 1 HP\n|\n|t:|1775596079\n|move|p2a: Zacian|Protect|p2a: Zacian\n|-singleturn|p2a: Zacian|Protect\n|move|p1a: Lunala|Moonblast|p2b: Scream Tail\n|-supereffective|p2b: Scream Tail\n|-damage|p2b: Scream Tail|39/100\n|-unboost|p2b: Scream Tail|spa|1\n|move|p1b: Miraidon|Electro Drift|p2a: Zacian\n|-activate|p2a: Zacian|move: Protect\n|move|p2b: Scream Tail|Trick Room|p2b: Scream Tail\n|-fieldend|move: Trick Room\n|\n|-heal|p2b: Scream Tail|45/100|[from] Grassy Terrain\n|-heal|p2a: Zacian|48/100|[from] Grassy Terrain\n|-heal|p1b: Miraidon|13/100|[from] Grassy Terrain\n|upkeep\n|turn|5\n|\n|t:|1775596114\n|switch|p1b: Urshifu|Urshifu-Rapid-Strike, L50, M|100/100\n|move|p2b: Scream Tail|Disable|p1a: Lunala\n|-start|p1a: Lunala|Disable|Moonblast\n|move|p2a: Zacian|Play Rough|p1b: Urshifu\n|-supereffective|p1b: Urshifu\n|-damage|p1b: Urshifu|0 fnt\n|faint|p1b: Urshifu\n|move|p1a: Lunala|Trick Room|p1a: Lunala\n|-fieldstart|move: Trick Room|[of] p1a: Lunala\n|\n|-heal|p2a: Zacian|54/100|[from] Grassy Terrain\n|-heal|p2b: Scream Tail|51/100|[from] Grassy Terrain\n|-fieldend|move: Grassy Terrain\n|upkeep\n|\n|t:|1775596122\n|switch|p1b: Ursaluna|Ursaluna, L50, F|100/100\n|turn|6\n|inactive|Battle timer is ON: inactive players will automatically lose when time's up. (requested by FRESHmustard)\n|\n|t:|1775596144\n|-end|p2b: Scream Tail|Protosynthesis|[silent]\n|switch|p2b: Rillaboom|Rillaboom, L50, M|100/100\n|-fieldstart|move: Grassy Terrain|[from] ability: Grassy Surge|[of] p2b: Rillaboom\n|move|p2a: Zacian|Protect|p2a: Zacian\n|-singleturn|p2a: Zacian|Protect\n|move|p1b: Ursaluna|Headlong Rush|p2b: Rillaboom\n|-resisted|p2b: Rillaboom\n|-damage|p2b: Rillaboom|71/100\n|-unboost|p1b: Ursaluna|def|1\n|-unboost|p1b: Ursaluna|spd|1\n|move|p1a: Lunala|Moongeist Beam|p2b: Rillaboom\n|-damage|p2b: Rillaboom|33/100\n|\n|-heal|p2b: Rillaboom|39/100|[from] Grassy Terrain\n|-heal|p2a: Zacian|60/100|[from] Grassy Terrain\n|-status|p1b: Ursaluna|brn|[from] item: Flame Orb\n|upkeep\n|turn|7\n|inactive|Aylawayla has 30 seconds left.\n|inactive|Aylawayla has 20 seconds left.\n|\n|t:|1775596182\n|move|p1b: Ursaluna|Protect|p1b: Ursaluna\n|-singleturn|p1b: Ursaluna|Protect\n|move|p2b: Rillaboom|Fake Out|p1b: Ursaluna\n|-activate|p1b: Ursaluna|move: Protect\n|move|p1a: Lunala|Moongeist Beam|p2b: Rillaboom\n|-damage|p2b: Rillaboom|0 fnt\n|faint|p2b: Rillaboom\n|move|p2a: Zacian|Behemoth Blade|p1a: Lunala\n|-damage|p1a: Lunala|68/100\n|\n|-heal|p1a: Lunala|74/100|[from] Grassy Terrain\n|-heal|p2a: Zacian|66/100|[from] Grassy Terrain\n|-damage|p1b: Ursaluna|95/100 brn|[from] brn\n|upkeep\n|\n|t:|1775596206\n|switch|p2b: Scream Tail|Scream Tail, L50, tera:Dark|51/100\n|turn|8\n|\n|t:|1775596225\n|move|p2a: Zacian|Protect|p2a: Zacian\n|-singleturn|p2a: Zacian|Protect\n|move|p1b: Ursaluna|Facade|p2b: Scream Tail\n|-damage|p2b: Scream Tail|0 fnt\n|faint|p2b: Scream Tail\n|-end|p2b: Scream Tail|Protosynthesis|[silent]\n|move|p1a: Lunala|Moongeist Beam|p2a: Zacian\n|-activate|p2a: Zacian|move: Protect\n|\n|-heal|p1b: Ursaluna|100/100 brn|[from] Grassy Terrain\n|-heal|p1a: Lunala|80/100|[from] Grassy Terrain\n|-heal|p2a: Zacian|72/100|[from] Grassy Terrain\n|-damage|p1b: Ursaluna|95/100 brn|[from] brn\n|-end|p1a: Lunala|Disable\n|upkeep\n|c|\u2606FRESHmustard|gg lil bro\n|\n|t:|1775596241\n|switch|p2b: Calyrex|Calyrex-Shadow, L50|100/100\n|-ability|p2b: Calyrex|As One\n|-ability|p2b: Calyrex|Unnerve\n|turn|9\n|\n|t:|1775596262\n|move|p2a: Zacian|Protect||[still]\n|-fail|p2a: Zacian\n|move|p2b: Calyrex|Protect|p2b: Calyrex\n|-singleturn|p2b: Calyrex|Protect\n|move|p1b: Ursaluna|Headlong Rush|p2a: Zacian\n|-supereffective|p2a: Zacian\n|-damage|p2a: Zacian|0 fnt\n|-unboost|p1b: Ursaluna|def|1\n|-unboost|p1b: Ursaluna|spd|1\n|faint|p2a: Zacian\n|move|p1a: Lunala|Moongeist Beam|p2b: Calyrex\n|-activate|p2b: Calyrex|move: Protect\n|\n|-heal|p1b: Ursaluna|100/100 brn|[from] Grassy Terrain\n|-heal|p1a: Lunala|87/100|[from] Grassy Terrain\n|-damage|p1b: Ursaluna|95/100 brn|[from] brn\n|-fieldend|move: Trick Room\n|upkeep\n|turn|10\n|-message|Aylawayla forfeited.\n|\n|win|FRESHmustard\n|raw|FRESHmustard's rating: 1223 &rarr; <strong>1252</strong><br />(+29 for winning)\n|raw|Aylawayla's rating: 1279 &rarr; <strong>1250</strong><br />(-29 for losing)\n|l|\u2606Aylawayla\n|player|p2|\n|l|\u2606FRESHmustard\n|player|p1|\n","uploadtime":1775596429,"views":4,"formatid":"gen9vgc2026regi","rating":1250,"private":0,"password":null}