{"id":"gen9vgc2026regi-2558803840","format":"[Gen 9] VGC 2026 Reg I","players":["PATRIOTS_VG","fogdocker"],"log":"|j|\u2606PATRIOTS_VG\n|j|\u2606fogdocker\n|t:|1773485711\n|gametype|doubles\n|player|p1|PATRIOTS_VG|drayden|1391\n|player|p2|fogdocker|265|1601\n|gen|9\n|tier|[Gen 9] VGC 2026 Reg I\n|rated|\n|rule|Species Clause: Limit one of each Pok\u00e9mon\n|rule|Item Clause: Limit 1 of each item\n|clearpoke\n|poke|p1|Whimsicott, L50, F|\n|poke|p1|Incineroar, L50, F|\n|poke|p1|Urshifu-*, L50, F|\n|poke|p1|Miraidon, L50|\n|poke|p1|Calyrex-Ice, L50|\n|poke|p1|Ogerpon-Cornerstone, L50, F|\n|poke|p2|Calyrex-Ice, L50|\n|poke|p2|Koraidon, L50|\n|poke|p2|Flutter Mane, L50|\n|poke|p2|Incineroar, L50, M|\n|poke|p2|Rillaboom, L50, F|\n|poke|p2|Annihilape, L50, M|\n|teampreview|4\n|inactive|Battle timer is ON: inactive players will automatically lose when time's up. (requested by PATRIOTS_VG)\n|\n|t:|1773485769\n|teamsize|p1|4\n|teamsize|p2|4\n|start\n|switch|p1a: Incineroar|Incineroar, L50, F|100/100\n|switch|p1b: Calyrex|Calyrex-Ice, L50|100/100\n|switch|p2a: Annihilape|Annihilape, L50, M|100/100\n|switch|p2b: Koraidon|Koraidon, L50|100/100\n|-ability|p1b: Calyrex|As One\n|-ability|p1b: Calyrex|Unnerve\n|-weather|SunnyDay|[from] ability: Orichalcum Pulse|[of] p2b: Koraidon\n|-activate|p2b: Koraidon|Orichalcum Pulse|[source]\n|-ability|p1a: Incineroar|Intimidate|boost\n|-unboost|p2a: Annihilape|atk|1\n|-ability|p2a: Annihilape|Defiant|boost\n|-boost|p2a: Annihilape|atk|2\n|-unboost|p2b: Koraidon|atk|1\n|turn|1\n|\n|t:|1773485786\n|switch|p1b: Ogerpon|Ogerpon-Cornerstone, L50, F|100/100\n|move|p2a: Annihilape|Final Gambit|p1b: Ogerpon\n|-ability|p1b: Ogerpon|Sturdy\n|-damage|p1b: Ogerpon|1/100\n|faint|p2a: Annihilape\n|move|p2b: Koraidon|Close Combat|p1a: Incineroar\n|-supereffective|p1a: Incineroar\n|-damage|p1a: Incineroar|0 fnt\n|-unboost|p2b: Koraidon|def|1\n|-unboost|p2b: Koraidon|spd|1\n|faint|p1a: Incineroar\n|-damage|p2b: Koraidon|91/100|[from] item: Life Orb\n|\n|-weather|SunnyDay|[upkeep]\n|upkeep\n|\n|t:|1773485796\n|switch|p2a: Incineroar|Incineroar, L50, M|100/100\n|switch|p1a: Calyrex|Calyrex-Ice, L50|100/100\n|-ability|p1a: Calyrex|As One\n|-ability|p1a: Calyrex|Unnerve\n|-ability|p2a: Incineroar|Intimidate|boost\n|-unboost|p1a: Calyrex|atk|1\n|-unboost|p1b: Ogerpon|atk|1\n|turn|2\n|\n|t:|1773485808\n|switch|p2a: Rillaboom|Rillaboom, L50, F|100/100\n|-fieldstart|move: Grassy Terrain|[from] ability: Grassy Surge|[of] p2a: Rillaboom\n|-terastallize|p2b: Koraidon|Fire\n|move|p1b: Ogerpon|Spiky Shield|p1b: Ogerpon\n|-singleturn|p1b: Ogerpon|move: Protect\n|move|p1a: Calyrex|Protect|p1a: Calyrex\n|-singleturn|p1a: Calyrex|Protect\n|move|p2b: Koraidon|Flare Blitz|p1a: Calyrex\n|-activate|p1a: Calyrex|move: Protect\n|\n|-weather|SunnyDay|[upkeep]\n|-heal|p2b: Koraidon|96/100|[from] Grassy Terrain\n|-heal|p1b: Ogerpon|7/100|[from] Grassy Terrain\n|upkeep\n|turn|3\n|\n|t:|1773485822\n|switch|p1b: Urshifu|Urshifu-Rapid-Strike, L50, F|100/100\n|-terastallize|p1a: Calyrex|Water\n|move|p2a: Rillaboom|Fake Out|p1a: Calyrex\n|-damage|p1a: Calyrex|92/100\n|move|p2b: Koraidon|Flame Charge|p1b: Urshifu\n|-resisted|p1b: Urshifu\n|-damage|p1b: Urshifu|72/100\n|-boost|p2b: Koraidon|spe|1\n|-damage|p2b: Koraidon|87/100|[from] item: Life Orb\n|cant|p1a: Calyrex|flinch\n|\n|-weather|SunnyDay|[upkeep]\n|-heal|p2b: Koraidon|92/100|[from] Grassy Terrain\n|-heal|p1b: Urshifu|78/100|[from] Grassy Terrain\n|-heal|p1a: Calyrex|98/100|[from] Grassy Terrain\n|-heal|p1a: Calyrex|100/100|[from] item: Leftovers\n|upkeep\n|turn|4\n|\n|t:|1773485836\n|move|p2b: Koraidon|Close Combat|p1b: Urshifu\n|-damage|p1b: Urshifu|6/100\n|-unboost|p2b: Koraidon|def|1\n|-unboost|p2b: Koraidon|spd|1\n|-damage|p2b: Koraidon|83/100|[from] item: Life Orb\n|move|p1b: Urshifu|Close Combat|p2a: Rillaboom\n|-damage|p2a: Rillaboom|12/100\n|-unboost|p1b: Urshifu|def|1\n|-unboost|p1b: Urshifu|spd|1\n|move|p2a: Rillaboom|Wood Hammer|p1a: Calyrex\n|-supereffective|p1a: Calyrex\n|-damage|p1a: Calyrex|10/100\n|-damage|p2a: Rillaboom|0 fnt|[from] Recoil\n|faint|p2a: Rillaboom\n|move|p1a: Calyrex|Trick Room|p1a: Calyrex\n|-fieldstart|move: Trick Room|[of] p1a: Calyrex\n|\n|-weather|SunnyDay|[upkeep]\n|-heal|p1a: Calyrex|15/100|[from] Grassy Terrain\n|-heal|p1a: Calyrex|21/100|[from] item: Leftovers\n|-heal|p1b: Urshifu|12/100|[from] Grassy Terrain\n|-heal|p2b: Koraidon|88/100|[from] Grassy Terrain\n|upkeep\n|\n|t:|1773485849\n|switch|p2a: Incineroar|Incineroar, L50, M|100/100\n|-ability|p2a: Incineroar|Intimidate|boost\n|-unboost|p1a: Calyrex|atk|1\n|-unboost|p1b: Urshifu|atk|1\n|turn|5\n|inactive|fogdocker has 30 seconds left.\n|\n|t:|1773485877\n|move|p2a: Incineroar|Fake Out|p1b: Urshifu\n|-damage|p1b: Urshifu|0 fnt\n|faint|p1b: Urshifu\n|move|p1a: Calyrex|Glacial Lance|p2a: Incineroar|[spread] p2a,p2b\n|-resisted|p2a: Incineroar\n|-resisted|p2b: Koraidon\n|-damage|p2a: Incineroar|90/100\n|-damage|p2b: Koraidon|62/100\n|move|p2b: Koraidon|Close Combat|p1a: Calyrex\n|-damage|p1a: Calyrex|0 fnt\n|-unboost|p2b: Koraidon|def|1\n|-unboost|p2b: Koraidon|spd|1\n|faint|p1a: Calyrex\n|-damage|p2b: Koraidon|52/100|[from] item: Life Orb\n|\n|-weather|none\n|-heal|p2a: Incineroar|96/100|[from] Grassy Terrain\n|-heal|p2b: Koraidon|58/100|[from] Grassy Terrain\n|upkeep\n|\n|t:|1773485884\n|switch|p1b: Ogerpon|Ogerpon-Cornerstone, L50, F|7/100\n|turn|6\n|\n|t:|1773485889\n|move|p2a: Incineroar|Knock Off|p1b: Ogerpon\n|-damage|p1b: Ogerpon|0 fnt\n|faint|p1b: Ogerpon\n|\n|win|fogdocker\n|raw|PATRIOTS_VG's rating: 1391 &rarr; <strong>1382</strong><br />(-9 for losing)\n|raw|fogdocker's rating: 1601 &rarr; <strong>1610</strong><br />(+9 for winning)\n|l|\u2606PATRIOTS_VG\n|player|p1|\n","uploadtime":1773485899,"views":15,"formatid":"gen9vgc2026regi","rating":1382,"private":0,"password":null}