{"id":"gen9vgc2026regi-2562729159","format":"[Gen 9] VGC 2026 Reg I","players":["Jonen","miah1212"],"log":"|j|\u2606Jonen\n|j|\u2606miah1212\n|t:|1773944753\n|gametype|doubles\n|player|p1|Jonen|medium|1274\n|player|p2|miah1212|nate|1281\n|gen|9\n|tier|[Gen 9] VGC 2026 Reg I\n|rated|\n|rule|Species Clause: Limit one of each Pok\u00e9mon\n|rule|Item Clause: Limit 1 of each item\n|clearpoke\n|poke|p1|Groudon, L50|\n|poke|p1|Lunala, L50|\n|poke|p1|Sableye, L50, M|\n|poke|p1|Chi-Yu, L50|\n|poke|p1|Rillaboom, L50, F|\n|poke|p1|Jumpluff, L50, F|\n|poke|p2|Calyrex-Shadow, L50|\n|poke|p2|Zamazenta-*, L50|\n|poke|p2|Chien-Pao, L50|\n|poke|p2|Dragonite, L50, F|\n|poke|p2|Raging Bolt, L50|\n|poke|p2|Amoonguss, L50, M|\n|teampreview|4\n|\n|t:|1773944795\n|teamsize|p1|4\n|teamsize|p2|4\n|start\n|switch|p1a: Groudon|Groudon, L50|100/100\n|switch|p1b: Jumpluff|Jumpluff, L50, F|100/100\n|switch|p2a: PinkPonyClub|Calyrex-Shadow, L50|100/100\n|switch|p2b: Verizon|Amoonguss, L50, M|100/100\n|-ability|p2a: PinkPonyClub|As One\n|-ability|p2a: PinkPonyClub|Unnerve\n|-weather|SunnyDay|[from] ability: Drought|[of] p1a: Groudon\n|turn|1\n|inactive|Battle timer is ON: inactive players will automatically lose when time's up. (requested by miah1212)\n|\n|t:|1773944810\n|move|p2a: PinkPonyClub|Protect|p2a: PinkPonyClub\n|-singleturn|p2a: PinkPonyClub|Protect\n|move|p1b: Jumpluff|Sleep Powder|p2a: PinkPonyClub\n|-activate|p2a: PinkPonyClub|move: Protect\n|move|p1a: Groudon|Substitute|p1a: Groudon\n|-start|p1a: Groudon|Substitute\n|-damage|p1a: Groudon|76/100\n|move|p2b: Verizon|Spore||[still]\n|-fail|p2b: Verizon\n|\n|-weather|SunnyDay|[upkeep]\n|upkeep\n|turn|2\n|\n|t:|1773944831\n|move|p1b: Jumpluff|Encore|p2a: PinkPonyClub\n|-start|p2a: PinkPonyClub|Encore\n|move|p2a: PinkPonyClub|Protect|p2a: PinkPonyClub\n|-singleturn|p2a: PinkPonyClub|Protect\n|move|p1a: Groudon|Precipice Blades|p2a: PinkPonyClub|[spread] p2b\n|-activate|p2a: PinkPonyClub|move: Protect\n|-damage|p2b: Verizon|41/100\n|-damage|p1a: Groudon|66/100|[from] item: Life Orb\n|move|p2b: Verizon|Sludge Bomb|p1b: Jumpluff\n|-supereffective|p1b: Jumpluff\n|-damage|p1b: Jumpluff|43/100\n|\n|-weather|SunnyDay|[upkeep]\n|upkeep\n|turn|3\n|\n|t:|1773944852\n|switch|p2a: Green Goober|Dragonite, L50, F|100/100\n|move|p2b: Verizon|Protect|p2b: Verizon\n|-singleturn|p2b: Verizon|Protect\n|move|p1b: Jumpluff|Tailwind|p1b: Jumpluff\n|-sidestart|p1: Jonen|move: Tailwind\n|move|p1a: Groudon|Precipice Blades|p2a: Green Goober|[spread] \n|-activate|p2b: Verizon|move: Protect\n|-immune|p2a: Green Goober\n|\n|-weather|SunnyDay|[upkeep]\n|upkeep\n|turn|4\n|\n|t:|1773944875\n|switch|p1b: Lunala|Lunala, L50|100/100\n|switch|p2b: Arlie|Chien-Pao, L50|100/100\n|-ability|p2b: Arlie|Sword of Ruin\n|move|p2a: Green Goober|Extreme Speed|p1b: Lunala\n|-immune|p1b: Lunala\n|move|p1a: Groudon|Heat Crash|p2b: Arlie\n|-supereffective|p2b: Arlie\n|-damage|p2b: Arlie|0 fnt\n|faint|p2b: Arlie\n|-damage|p1a: Groudon|56/100|[from] item: Life Orb\n|\n|-weather|SunnyDay|[upkeep]\n|upkeep\n|\n|t:|1773944892\n|switch|p2b: PinkPonyClub|Calyrex-Shadow, L50|100/100\n|-ability|p2b: PinkPonyClub|As One\n|-ability|p2b: PinkPonyClub|Unnerve\n|turn|5\n|\n|t:|1773944911\n|-terastallize|p1b: Lunala|Fairy\n|-terastallize|p2b: PinkPonyClub|Ghost\n|move|p2a: Green Goober|Extreme Speed|p1a: Groudon\n|-end|p1a: Groudon|Substitute\n|move|p1b: Lunala|Meteor Beam||[still]\n|-prepare|p1b: Lunala|Meteor Beam\n|-boost|p1b: Lunala|spa|1\n|-enditem|p1b: Lunala|Power Herb\n|-anim|p1b: Lunala|Meteor Beam|p2a: Green Goober\n|-supereffective|p2a: Green Goober\n|-damage|p2a: Green Goober|0 fnt\n|faint|p2a: Green Goober\n|move|p1a: Groudon|Heat Crash|p2b: PinkPonyClub\n|-enditem|p2b: PinkPonyClub|Focus Sash\n|-damage|p2b: PinkPonyClub|1/100\n|-damage|p1a: Groudon|47/100|[from] item: Life Orb\n|move|p2b: PinkPonyClub|Astral Barrage|p1b: Lunala|[spread] p1a,p1b\n|-damage|p1a: Groudon|0 fnt\n|-damage|p1b: Lunala|72/100\n|faint|p1a: Groudon\n|-ability|p2b: PinkPonyClub|Grim Neigh|boost\n|-boost|p2b: PinkPonyClub|spa|1\n|\n|-weather|none\n|upkeep\n|\n|t:|1773944933\n|switch|p1a: Chi-Yu|Chi-Yu, L50|100/100\n|switch|p2a: Verizon|Amoonguss, L50, M|74/100\n|-ability|p1a: Chi-Yu|Beads of Ruin\n|turn|6\n|inactive|Jonen has 30 seconds left.\n|\n|t:|1773944960\n|move|p2b: PinkPonyClub|Protect|p2b: PinkPonyClub\n|-singleturn|p2b: PinkPonyClub|Protect\n|move|p1a: Chi-Yu|Heat Wave|p2b: PinkPonyClub|[spread] p2a\n|-activate|p2b: PinkPonyClub|move: Protect\n|-supereffective|p2a: Verizon\n|-damage|p2a: Verizon|0 fnt\n|faint|p2a: Verizon\n|move|p1b: Lunala|Moongeist Beam|p2b: PinkPonyClub\n|-activate|p2b: PinkPonyClub|move: Protect\n|\n|-sideend|p1: Jonen|move: Tailwind\n|upkeep\n|turn|7\n|-message|miah1212 forfeited.\n|\n|win|Jonen\n|raw|Jonen's rating: 1274 &rarr; <strong>1300</strong><br />(+26 for winning)\n|raw|miah1212's rating: 1281 &rarr; <strong>1255</strong><br />(-26 for losing)\n","uploadtime":1773944967,"views":10,"formatid":"gen9vgc2026regi","rating":1255,"private":0,"password":null}