{"id":"gen9vgc2026regi-2563847929","format":"[Gen 9] VGC 2026 Reg I","players":["arstgmnei","Pigduckeater"],"log":"|j|\u2606arstgmnei\n|j|\u2606Pigduckeater\n|t:|1774070919\n|gametype|doubles\n|player|p1|arstgmnei|101|1312\n|player|p2|Pigduckeater|169|1391\n|gen|9\n|tier|[Gen 9] VGC 2026 Reg I\n|rated|\n|rule|Species Clause: Limit one of each Pok\u00e9mon\n|rule|Item Clause: Limit 1 of each item\n|clearpoke\n|poke|p1|Kyogre, L50|\n|poke|p1|Calyrex-Ice, L50|\n|poke|p1|Urshifu-*, L50, F|\n|poke|p1|Amoonguss, L50, M|\n|poke|p1|Iron Jugulis, L50|\n|poke|p1|Rillaboom, L50, F|\n|poke|p2|Incineroar, L50, M|\n|poke|p2|Weezing-Galar, L50, M|\n|poke|p2|Miraidon, L50|\n|poke|p2|Calyrex-Shadow, L50|\n|poke|p2|Iron Valiant, L50|\n|poke|p2|Smeargle, L50, F|\n|teampreview|4\n|\n|t:|1774070942\n|teamsize|p1|4\n|teamsize|p2|4\n|start\n|switch|p1a: Dragon|Iron Jugulis, L50|100/100\n|switch|p1b: Orca|Kyogre, L50|100/100\n|switch|p2a: Smeargle|Smeargle, L50, F|100/100\n|switch|p2b: Miraidon|Miraidon, L50|100/100\n|-fieldstart|move: Electric Terrain|[from] ability: Hadron Engine|[of] p2b: Miraidon\n|-enditem|p2b: Miraidon|Electric Seed\n|-boost|p2b: Miraidon|def|1|[from] item: Electric Seed\n|-activate|p1a: Dragon|ability: Quark Drive\n|-start|p1a: Dragon|quarkdrivespe\n|-weather|RainDance|[from] ability: Drizzle|[of] p1b: Orca\n|turn|1\n|\n|t:|1774070968\n|-terastallize|p1b: Orca|Grass\n|move|p2a: Smeargle|Fake Out|p1a: Dragon\n|-damage|p1a: Dragon|95/100\n|cant|p1a: Dragon|flinch\n|move|p2b: Miraidon|Calm Mind|p2b: Miraidon\n|-boost|p2b: Miraidon|spa|1\n|-boost|p2b: Miraidon|spd|1\n|move|p1b: Orca|Water Spout|p2b: Miraidon|[spread] p2a,p2b\n|-resisted|p2b: Miraidon\n|-enditem|p2a: Smeargle|Focus Sash\n|-damage|p2a: Smeargle|1/100\n|-damage|p2b: Miraidon|68/100\n|\n|-weather|RainDance|[upkeep]\n|-ability|p2a: Smeargle|Moody|boost\n|-boost|p2a: Smeargle|spe|2\n|-unboost|p2a: Smeargle|def|1\n|upkeep\n|turn|2\n|\n|t:|1774070992\n|move|p2a: Smeargle|Spore|p1a: Dragon\n|-status|p1a: Dragon|slp|[from] move: Spore\n|cant|p1a: Dragon|slp\n|move|p2b: Miraidon|Dragon Pulse|p1b: Orca\n|-damage|p1b: Orca|45/100\n|move|p1b: Orca|Water Spout|p2a: Smeargle|[spread] p2a,p2b\n|-resisted|p2b: Miraidon\n|-damage|p2a: Smeargle|0 fnt\n|-damage|p2b: Miraidon|54/100\n|faint|p2a: Smeargle\n|\n|-weather|RainDance|[upkeep]\n|upkeep\n|\n|t:|1774071008\n|switch|p2a: Calyrex|Calyrex-Shadow, L50|100/100\n|-ability|p2a: Calyrex|As One\n|-ability|p2a: Calyrex|Unnerve\n|turn|3\n|\n|t:|1774071050\n|-end|p1a: Dragon|Quark Drive|[silent]\n|switch|p1a: Monkey|Rillaboom, L50, F|100/100\n|-fieldstart|move: Grassy Terrain|[from] ability: Grassy Surge|[of] p1a: Monkey\n|-terastallize|p2a: Calyrex|Ground\n|move|p1b: Orca|Protect|p1b: Orca\n|-singleturn|p1b: Orca|Protect\n|move|p2a: Calyrex|Astral Barrage|p1a: Monkey|[spread] p1a\n|-activate|p1b: Orca|move: Protect\n|-damage|p1a: Monkey|51/100\n|-damage|p2a: Calyrex|91/100|[from] item: Life Orb\n|move|p2b: Miraidon|Parabolic Charge|p1a: Monkey|[spread] p1a\n|-activate|p1b: Orca|move: Protect\n|-immune|p2a: Calyrex\n|-resisted|p1a: Monkey\n|-damage|p1a: Monkey|38/100\n|-heal|p2b: Miraidon|62/100|[from] drain|[of] p1a: Monkey\n|\n|-weather|RainDance|[upkeep]\n|-heal|p2a: Calyrex|97/100|[from] Grassy Terrain\n|-heal|p2b: Miraidon|68/100|[from] Grassy Terrain\n|-heal|p1b: Orca|51/100|[from] Grassy Terrain\n|-heal|p1a: Monkey|43/100|[from] Grassy Terrain\n|upkeep\n|turn|4\n|\n|t:|1774071091\n|move|p2a: Calyrex|Protect|p2a: Calyrex\n|-singleturn|p2a: Calyrex|Protect\n|move|p2b: Miraidon|Protect|p2b: Miraidon\n|-singleturn|p2b: Miraidon|Protect\n|move|p1b: Orca|Hydro Pump|p2b: Miraidon\n|-activate|p2b: Miraidon|move: Protect\n|move|p1a: Monkey|U-turn|p2b: Miraidon\n|-activate|p2b: Miraidon|move: Protect\n|\n|-weather|RainDance|[upkeep]\n|-heal|p2a: Calyrex|100/100|[from] Grassy Terrain\n|-heal|p2b: Miraidon|74/100|[from] Grassy Terrain\n|-heal|p1b: Orca|57/100|[from] Grassy Terrain\n|-heal|p1a: Monkey|49/100|[from] Grassy Terrain\n|upkeep\n|turn|5\n|\n|t:|1774071132\n|move|p2a: Calyrex|Astral Barrage|p1a: Monkey|[spread] p1a,p1b\n|-damage|p1a: Monkey|4/100\n|-damage|p1b: Orca|15/100\n|-damage|p2a: Calyrex|91/100|[from] item: Life Orb\n|move|p2b: Miraidon|Dragon Pulse|p1b: Orca\n|-damage|p1b: Orca|0 fnt\n|faint|p1b: Orca\n|move|p1a: Monkey|U-turn|p2b: Miraidon\n|-crit|p2b: Miraidon\n|-damage|p2b: Miraidon|47/100\n|\n|t:|1774071144\n|switch|p1a: Dragon|Iron Jugulis, L50|95/100 slp|[from] U-turn\n|-enditem|p1a: Dragon|Booster Energy\n|-activate|p1a: Dragon|ability: Quark Drive|[fromitem]\n|-start|p1a: Dragon|quarkdrivespe\n|\n|-weather|none\n|-heal|p2a: Calyrex|97/100|[from] Grassy Terrain\n|-heal|p2b: Miraidon|53/100|[from] Grassy Terrain\n|upkeep\n|\n|t:|1774071153\n|switch|p1b: Horse|Calyrex-Ice, L50|100/100\n|-ability|p1b: Horse|As One\n|-ability|p1b: Horse|Unnerve\n|turn|6\n|\n|t:|1774071204\n|-curestatus|p1a: Dragon|slp|[msg]\n|move|p1a: Dragon|Snarl|p2b: Miraidon|[spread] p2a,p2b\n|-damage|p2a: Calyrex|78/100\n|-damage|p2b: Miraidon|44/100\n|-unboost|p2a: Calyrex|spa|1\n|-unboost|p2b: Miraidon|spa|1\n|move|p2a: Calyrex|Astral Barrage|p1b: Horse|[spread] p1a,p1b\n|-resisted|p1a: Dragon\n|-supereffective|p1b: Horse\n|-damage|p1a: Dragon|74/100\n|-damage|p1b: Horse|48/100\n|-damage|p2a: Calyrex|69/100|[from] item: Life Orb\n|move|p2b: Miraidon|Parabolic Charge|p1b: Horse|[spread] p1a,p1b\n|-immune|p2a: Calyrex\n|-supereffective|p1a: Dragon\n|-damage|p1a: Dragon|20/100\n|-heal|p2b: Miraidon|71/100|[from] drain|[of] p1a: Dragon\n|-damage|p1b: Horse|30/100\n|-heal|p2b: Miraidon|81/100|[from] drain|[of] p1b: Horse\n|move|p1b: Horse|Trick Room|p1b: Horse\n|-fieldstart|move: Trick Room|[of] p1b: Horse\n|\n|-heal|p1b: Horse|36/100|[from] Grassy Terrain\n|-heal|p2b: Miraidon|87/100|[from] Grassy Terrain\n|-heal|p2a: Calyrex|75/100|[from] Grassy Terrain\n|upkeep\n|turn|7\n|\n|t:|1774071232\n|switch|p2a: Weezing|Weezing-Galar, L50, M|100/100\n|-ability|p2a: Weezing|Neutralizing Gas\n|move|p2b: Miraidon|Protect|p2b: Miraidon\n|-singleturn|p2b: Miraidon|Protect\n|move|p1b: Horse|Glacial Lance|p2b: Miraidon|[spread] p2a\n|-activate|p2b: Miraidon|move: Protect\n|-damage|p2a: Weezing|45/100\n|move|p1a: Dragon|Snarl|p2a: Weezing|[spread] p2a\n|-activate|p2b: Miraidon|move: Protect\n|-resisted|p2a: Weezing\n|-damage|p2a: Weezing|37/100\n|-unboost|p2a: Weezing|spa|1\n|\n|-heal|p1b: Horse|42/100|[from] Grassy Terrain\n|-heal|p2a: Weezing|42/100|[from] Grassy Terrain\n|-heal|p2b: Miraidon|93/100|[from] Grassy Terrain\n|-fieldend|move: Grassy Terrain\n|upkeep\n|turn|8\n|\n|t:|1774071288\n|-end|p2a: Weezing|ability: Neutralizing Gas\n|-fieldstart|move: Electric Terrain|[from] ability: Hadron Engine|[of] p2b: Miraidon\n|switch|p2a: Calyrex|Calyrex-Shadow, L50, tera:Ground|75/100\n|-ability|p2a: Calyrex|As One\n|-ability|p2a: Calyrex|Unnerve\n|move|p1b: Horse|Glacial Lance|p2a: Calyrex|[spread] p2a,p2b\n|-supereffective|p2a: Calyrex\n|-supereffective|p2b: Miraidon\n|-damage|p2a: Calyrex|0 fnt\n|-damage|p2b: Miraidon|25/100\n|faint|p2a: Calyrex\n|-ability|p1b: Horse|Chilling Neigh|boost\n|-boost|p1b: Horse|atk|1\n|move|p2b: Miraidon|Parabolic Charge|p1b: Horse|[spread] p1a,p1b\n|-supereffective|p1a: Dragon\n|-damage|p1a: Dragon|0 fnt\n|-heal|p2b: Miraidon|35/100|[from] drain|[of] p1a: Dragon\n|-damage|p1b: Horse|13/100\n|-heal|p2b: Miraidon|51/100|[from] drain|[of] p1b: Horse\n|faint|p1a: Dragon\n|-end|p1a: Dragon|Quark Drive|[silent]\n|\n|upkeep\n|\n|t:|1774071308\n|switch|p1a: Monkey|Rillaboom, L50, F|4/100\n|switch|p2a: Weezing|Weezing-Galar, L50, M|42/100\n|-ability|p2a: Weezing|Neutralizing Gas\n|turn|9\n|\n|t:|1774071326\n|move|p2b: Miraidon|Protect|p2b: Miraidon\n|-singleturn|p2b: Miraidon|Protect\n|move|p1a: Monkey|Fake Out|p2a: Weezing\n|-damage|p2a: Weezing|31/100\n|-damage|p1a: Monkey|0 fnt|[from] item: Rocky Helmet|[of] p2a: Weezing\n|faint|p1a: Monkey\n|move|p1b: Horse|Glacial Lance|p2b: Miraidon|[spread] p2a\n|-activate|p2b: Miraidon|move: Protect\n|-damage|p2a: Weezing|0 fnt\n|faint|p2a: Weezing\n|-end|p2a: Weezing|ability: Neutralizing Gas\n|-activate|p2b: Miraidon|ability: Hadron Engine\n|-ability|p1b: Horse|Chilling Neigh|boost\n|-boost|p1b: Horse|atk|1\n|\n|upkeep\n|turn|10\n|\n|t:|1774071349\n|move|p2b: Miraidon|Protect||[still]\n|-fail|p2b: Miraidon\n|move|p1b: Horse|Glacial Lance|p2b: Miraidon\n|-supereffective|p2b: Miraidon\n|-damage|p2b: Miraidon|0 fnt\n|faint|p2b: Miraidon\n|\n|win|arstgmnei\n|raw|arstgmnei's rating: 1312 &rarr; <strong>1336</strong><br />(+24 for winning)\n|raw|Pigduckeater's rating: 1391 &rarr; <strong>1367</strong><br />(-24 for losing)\n","uploadtime":1774071372,"views":24,"formatid":"gen9vgc2026regi","rating":1336,"private":0,"password":null}