{"id":"gen9vgc2026regi-2525761045","format":"[Gen 9] VGC 2026 Reg I","players":["yamato-tak","no1.pokemon"],"log":"|j|\u2606yamato-tak\n|j|\u2606no1.pokemon\n|t:|1769321368\n|gametype|doubles\n|player|p1|yamato-tak|170|1393\n|player|p2|no1.pokemon|n-masters|1435\n|gen|9\n|tier|[Gen 9] VGC 2026 Reg I\n|rated|\n|rule|Species Clause: Limit one of each Pok\u00e9mon\n|rule|Item Clause: Limit 1 of each item\n|clearpoke\n|poke|p1|Miraidon, L50|\n|poke|p1|Calyrex-Ice, L50|\n|poke|p1|Volcarona, L50, F|\n|poke|p1|Araquanid, L50, F|\n|poke|p1|Grimmsnarl, L50, M|\n|poke|p1|Entei, L50|\n|poke|p2|Koraidon, L50|\n|poke|p2|Whimsicott, L50, F|\n|poke|p2|Calyrex-Shadow, L50|\n|poke|p2|Indeedee-F, L50, F|\n|poke|p2|Smeargle, L50, M|\n|poke|p2|Rillaboom, L50, F|\n|teampreview|4\n|inactive|Battle timer is ON: inactive players will automatically lose when time's up. (requested by no1.pokemon)\n|inactive|yamato-tak has 60 seconds left.\n|\n|t:|1769321403\n|teamsize|p1|4\n|teamsize|p2|4\n|start\n|switch|p1a: Grimmsnarl|Grimmsnarl, L50, M, shiny|100/100\n|switch|p1b: Calyrex|Calyrex-Ice, L50|100/100\n|switch|p2a: Rillaboom|Rillaboom, L50, F|100/100\n|switch|p2b: Smeargle|Smeargle, L50, M|100/100\n|-ability|p1b: Calyrex|As One\n|-ability|p1b: Calyrex|Unnerve\n|-fieldstart|move: Grassy Terrain|[from] ability: Grassy Surge|[of] p2a: Rillaboom\n|turn|1\n|inactive|yamato-tak has 30 seconds left.\n|inactive|yamato-tak has 20 seconds left.\n|inactive|yamato-tak has 15 seconds left.\n|\n|t:|1769321445\n|move|p1b: Calyrex|Protect|p1b: Calyrex\n|-singleturn|p1b: Calyrex|Protect\n|move|p2a: Rillaboom|Fake Out|p1a: Grimmsnarl\n|-damage|p1a: Grimmsnarl|86/100\n|cant|p1a: Grimmsnarl|flinch\n|move|p2b: Smeargle|Spore|p1b: Calyrex\n|-activate|p1b: Calyrex|move: Protect\n|\n|-heal|p1a: Grimmsnarl|92/100|[from] Grassy Terrain\n|-ability|p2b: Smeargle|Moody|boost\n|-boost|p2b: Smeargle|atk|2\n|-unboost|p2b: Smeargle|spd|1\n|upkeep\n|turn|2\n|\n|t:|1769321462\n|move|p1a: Grimmsnarl|Parting Shot|p2a: Rillaboom\n|-unboost|p2a: Rillaboom|atk|1\n|-unboost|p2a: Rillaboom|spa|1\n|\n|t:|1769321464\n|switch|p1a: Miraidon|Miraidon, L50, shiny|100/100|[from] Parting Shot\n|-fieldstart|move: Electric Terrain|[from] ability: Hadron Engine|[of] p1a: Miraidon\n|move|p2b: Smeargle|Decorate|p2a: Rillaboom\n|-boost|p2a: Rillaboom|atk|2\n|-boost|p2a: Rillaboom|spa|2\n|move|p2a: Rillaboom|Wood Hammer|p1a: Miraidon\n|-resisted|p1a: Miraidon\n|-damage|p1a: Miraidon|54/100\n|-damage|p2a: Rillaboom|85/100|[from] Recoil\n|move|p1b: Calyrex|Glacial Lance|p2a: Rillaboom|[spread] p2a,p2b\n|-supereffective|p2a: Rillaboom\n|-damage|p2a: Rillaboom|0 fnt\n|-enditem|p2b: Smeargle|Focus Sash\n|-damage|p2b: Smeargle|1/100\n|faint|p2a: Rillaboom\n|-ability|p1b: Calyrex|Chilling Neigh|boost\n|-boost|p1b: Calyrex|atk|1\n|\n|-ability|p2b: Smeargle|Moody|boost\n|-boost|p2b: Smeargle|spd|2\n|-unboost|p2b: Smeargle|spe|1\n|upkeep\n|\n|t:|1769321471\n|switch|p2a: Calyrex|Calyrex-Shadow, L50|100/100\n|-ability|p2a: Calyrex|As One\n|-ability|p2a: Calyrex|Unnerve\n|turn|3\n|\n|t:|1769321489\n|switch|p1a: Grimmsnarl|Grimmsnarl, L50, M, shiny|92/100\n|-terastallize|p1b: Calyrex|Fairy\n|move|p2a: Calyrex|Astral Barrage|p1b: Calyrex|[spread] p1a,p1b\n|-resisted|p1a: Grimmsnarl\n|-damage|p1a: Grimmsnarl|52/100\n|-damage|p1b: Calyrex|50/100\n|move|p2b: Smeargle|Endeavor|p1b: Calyrex\n|-damage|p1b: Calyrex|1/100\n|move|p1b: Calyrex|Glacial Lance|p2a: Calyrex|[spread] p2a,p2b\n|-damage|p2a: Calyrex|7/100\n|-damage|p2b: Smeargle|0 fnt\n|faint|p2b: Smeargle\n|-ability|p1b: Calyrex|Chilling Neigh|boost\n|-boost|p1b: Calyrex|atk|1\n|\n|upkeep\n|\n|t:|1769321499\n|switch|p2b: Koraidon|Koraidon, L50, shiny|100/100\n|-weather|SunnyDay|[from] ability: Orichalcum Pulse|[of] p2b: Koraidon\n|-activate|p2b: Koraidon|Orichalcum Pulse|[source]\n|turn|4\n|inactive|yamato-tak has 30 seconds left.\n|\n|t:|1769321527\n|-terastallize|p2b: Koraidon|Fire\n|move|p1b: Calyrex|Protect|p1b: Calyrex\n|-singleturn|p1b: Calyrex|Protect\n|move|p1a: Grimmsnarl|Reflect|p1a: Grimmsnarl\n|-sidestart|p1: yamato-tak|Reflect\n|move|p2a: Calyrex|Astral Barrage|p1a: Grimmsnarl|[spread] p1a\n|-activate|p1b: Calyrex|move: Protect\n|-resisted|p1a: Grimmsnarl\n|-damage|p1a: Grimmsnarl|15/100\n|move|p2b: Koraidon|Flame Charge|p1b: Calyrex\n|-activate|p1b: Calyrex|move: Protect\n|\n|-weather|SunnyDay|[upkeep]\n|upkeep\n|turn|5\n|\n|t:|1769321552\n|switch|p1b: Araquanid|Araquanid, L50, F, shiny|100/100\n|move|p1a: Grimmsnarl|Light Screen|p1a: Grimmsnarl\n|-sidestart|p1: yamato-tak|move: Light Screen\n|move|p2a: Calyrex|Astral Barrage|p1b: Araquanid|[spread] p1a,p1b\n|-resisted|p1a: Grimmsnarl\n|-crit|p1b: Araquanid\n|-damage|p1a: Grimmsnarl|0 fnt\n|-damage|p1b: Araquanid|0 fnt\n|faint|p1a: Grimmsnarl\n|faint|p1b: Araquanid\n|-ability|p2a: Calyrex|Grim Neigh|boost\n|-boost|p2a: Calyrex|spa|2\n|move|p2b: Koraidon|Flame Charge|p1: Grimmsnarl|[notarget]\n|-fail|p2b: Koraidon\n|\n|-weather|SunnyDay|[upkeep]\n|upkeep\n|\n|t:|1769321569\n|switch|p1a: Miraidon|Miraidon, L50, shiny|54/100\n|switch|p1b: Calyrex|Calyrex-Ice, L50, tera:Fairy|1/100\n|-ability|p1b: Calyrex|As One\n|-ability|p1b: Calyrex|Unnerve\n|-activate|p1a: Miraidon|ability: Hadron Engine\n|turn|6\n|-message|yamato-tak forfeited.\n|\n|win|no1.pokemon\n|raw|yamato-tak's rating: 1393 &rarr; <strong>1376</strong><br />(-17 for losing)\n|raw|no1.pokemon's rating: 1453 &rarr; <strong>1470</strong><br />(+17 for winning)\n","uploadtime":1769321803,"views":24,"formatid":"gen9vgc2026regi","rating":1376,"private":0,"password":null}