{"id":"gen9vgc2026regi-2517566854","format":"[Gen 9] VGC 2026 Reg I","players":["VJ2511","fogdocker"],"log":"|j|\u2606VJ2511\n|j|\u2606fogdocker\n|t:|1768277880\n|gametype|doubles\n|player|p1|VJ2511|red-masters3|1341\n|player|p2|fogdocker|170|1323\n|gen|9\n|tier|[Gen 9] VGC 2026 Reg I\n|rated|\n|rule|Species Clause: Limit one of each Pok\u00e9mon\n|rule|Item Clause: Limit 1 of each item\n|clearpoke\n|poke|p1|Calyrex-Shadow, L50|\n|poke|p1|Zamazenta-*, L50|\n|poke|p1|Incineroar, L50, F|\n|poke|p1|Rillaboom, L50, F|\n|poke|p1|Ogerpon-Hearthflame, L50, F|\n|poke|p1|Raging Bolt, L50|\n|poke|p2|Koraidon, L50|\n|poke|p2|Flutter Mane, L50|\n|poke|p2|Calyrex-Ice, L50|\n|poke|p2|Incineroar, L50, F|\n|poke|p2|Rillaboom, L50, M|\n|poke|p2|Amoonguss, L50, F|\n|teampreview|4\n|inactive|Battle timer is ON: inactive players will automatically lose when time's up. (requested by VJ2511)\n|inactive|fogdocker has 60 seconds left.\n|\n|t:|1768277916\n|teamsize|p1|4\n|teamsize|p2|4\n|start\n|switch|p1a: Calyrex|Calyrex-Shadow, L50|100/100\n|switch|p1b: Ogerpon|Ogerpon-Hearthflame, L50, F|100/100\n|switch|p2a: Koraidon|Koraidon, L50|100/100\n|switch|p2b: Flutter Mane|Flutter Mane, L50|100/100\n|-ability|p1a: Calyrex|As One\n|-ability|p1a: Calyrex|Unnerve\n|-weather|SunnyDay|[from] ability: Orichalcum Pulse|[of] p2a: Koraidon\n|-activate|p2b: Flutter Mane|ability: Protosynthesis\n|-start|p2b: Flutter Mane|protosynthesisspe\n|-activate|p2a: Koraidon|Orichalcum Pulse|[source]\n|-ability|p1b: Ogerpon|Mold Breaker\n|turn|1\n|inactive|fogdocker has 30 seconds left.\n|\n|t:|1768277941\n|switch|p1a: Incineroar|Incineroar, L50, F|100/100\n|-ability|p1a: Incineroar|Intimidate|boost\n|-unboost|p2a: Koraidon|atk|1\n|-unboost|p2b: Flutter Mane|atk|1\n|-terastallize|p2b: Flutter Mane|Normal\n|move|p2b: Flutter Mane|Icy Wind|p1b: Ogerpon|[spread] p1a,p1b\n|-resisted|p1a: Incineroar\n|-damage|p1a: Incineroar|95/100\n|-damage|p1b: Ogerpon|88/100\n|-unboost|p1a: Incineroar|spe|1\n|-unboost|p1b: Ogerpon|spe|1\n|move|p2a: Koraidon|Close Combat|p1b: Ogerpon\n|-damage|p1b: Ogerpon|11/100\n|-unboost|p2a: Koraidon|def|1\n|-unboost|p2a: Koraidon|spd|1\n|-damage|p2a: Koraidon|91/100|[from] item: Life Orb\n|move|p1b: Ogerpon|Ivy Cudgel|p2b: Flutter Mane|[anim] Ivy Cudgel Fire\n|-enditem|p2b: Flutter Mane|Focus Sash\n|-damage|p2b: Flutter Mane|1/100\n|\n|-weather|SunnyDay|[upkeep]\n|upkeep\n|turn|2\n|\n|t:|1768277963\n|-end|p2b: Flutter Mane|Protosynthesis|[silent]\n|switch|p2b: Incineroar|Incineroar, L50, F|100/100\n|-ability|p2b: Incineroar|Intimidate|boost\n|-unboost|p1a: Incineroar|atk|1\n|-unboost|p1b: Ogerpon|atk|1\n|move|p2a: Koraidon|Protect|p2a: Koraidon\n|-singleturn|p2a: Koraidon|Protect\n|move|p1a: Incineroar|Fake Out|p2a: Koraidon\n|-activate|p2a: Koraidon|move: Protect\n|move|p1b: Ogerpon|Ivy Cudgel|p2a: Koraidon|[anim] Ivy Cudgel Fire\n|-activate|p2a: Koraidon|move: Protect\n|\n|-weather|SunnyDay|[upkeep]\n|upkeep\n|turn|3\n|\n|t:|1768277979\n|switch|p1a: Calyrex|Calyrex-Shadow, L50|100/100\n|-ability|p1a: Calyrex|As One\n|-ability|p1a: Calyrex|Unnerve\n|move|p1b: Ogerpon|Spiky Shield|p1b: Ogerpon\n|-singleturn|p1b: Ogerpon|move: Protect\n|move|p2b: Incineroar|Fake Out|p1a: Calyrex\n|-immune|p1a: Calyrex\n|move|p2a: Koraidon|Flame Charge|p1b: Ogerpon\n|-activate|p1b: Ogerpon|move: Protect\n|-damage|p2a: Koraidon|79/100|[from] Spiky Shield|[of] p1b: Ogerpon\n|\n|-weather|SunnyDay|[upkeep]\n|upkeep\n|turn|4\n|inactive|fogdocker has 30 seconds left.\n|inactive|fogdocker has 20 seconds left.\n|inactive|fogdocker has 15 seconds left.\n|inactive|VJ2511 has 30 seconds left.\n|inactive|fogdocker has 10 seconds left.\n|\n|t:|1768278030\n|switch|p2b: Flutter Mane|Flutter Mane, L50, tera:Normal|1/100\n|-activate|p2b: Flutter Mane|ability: Protosynthesis\n|-start|p2b: Flutter Mane|protosynthesisspe\n|-terastallize|p1a: Calyrex|Dark\n|move|p2a: Koraidon|Protect|p2a: Koraidon\n|-singleturn|p2a: Koraidon|Protect\n|move|p1b: Ogerpon|Follow Me|p1b: Ogerpon\n|-singleturn|p1b: Ogerpon|move: Follow Me\n|move|p1a: Calyrex|Nasty Plot|p1a: Calyrex\n|-boost|p1a: Calyrex|spa|2\n|\n|-weather|SunnyDay|[upkeep]\n|upkeep\n|turn|5\n|inactive|fogdocker has 30 seconds left.\n|\n|t:|1768278062\n|switch|p1b: Incineroar|Incineroar, L50, F|95/100\n|-ability|p1b: Incineroar|Intimidate|boost\n|-unboost|p2a: Koraidon|atk|1\n|-unboost|p2b: Flutter Mane|atk|1\n|move|p2b: Flutter Mane|Protect|p2b: Flutter Mane\n|-singleturn|p2b: Flutter Mane|Protect\n|move|p1a: Calyrex|Protect|p1a: Calyrex\n|-singleturn|p1a: Calyrex|Protect\n|move|p2a: Koraidon|Flame Charge|p1a: Calyrex\n|-activate|p1a: Calyrex|move: Protect\n|\n|-weather|none\n|-end|p2b: Flutter Mane|Protosynthesis\n|upkeep\n|turn|6\n|\n|t:|1768278083\n|-end|p2b: Flutter Mane|Protosynthesis|[silent]\n|switch|p2b: Incineroar|Incineroar, L50, F|100/100\n|-ability|p2b: Incineroar|Intimidate|boost\n|-unboost|p1a: Calyrex|atk|1\n|-unboost|p1b: Incineroar|atk|1\n|move|p2a: Koraidon|Protect|p2a: Koraidon\n|-singleturn|p2a: Koraidon|Protect\n|move|p1b: Incineroar|Fake Out|p2b: Incineroar\n|-crit|p2b: Incineroar\n|-damage|p2b: Incineroar|88/100\n|move|p1a: Calyrex|Astral Barrage|p2b: Incineroar|[spread] p2b\n|-activate|p2a: Koraidon|move: Protect\n|-resisted|p2b: Incineroar\n|-damage|p2b: Incineroar|28/100\n|-damage|p1a: Calyrex|91/100|[from] item: Life Orb\n|\n|upkeep\n|turn|7\n|\n|t:|1768278096\n|switch|p1b: Ogerpon|Ogerpon-Hearthflame, L50, F|11/100\n|-ability|p1b: Ogerpon|Mold Breaker\n|move|p1a: Calyrex|Protect|p1a: Calyrex\n|-singleturn|p1a: Calyrex|Protect\n|move|p2b: Incineroar|Fake Out|p1a: Calyrex\n|-activate|p1a: Calyrex|move: Protect\n|move|p2a: Koraidon|Flame Charge|p1b: Ogerpon\n|-damage|p1b: Ogerpon|0 fnt\n|-boost|p2a: Koraidon|spe|1\n|faint|p1b: Ogerpon\n|-damage|p2a: Koraidon|69/100|[from] item: Life Orb\n|\n|upkeep\n|\n|t:|1768278105\n|switch|p1b: Incineroar|Incineroar, L50, F|95/100\n|-ability|p1b: Incineroar|Intimidate|boost\n|-unboost|p2a: Koraidon|atk|1\n|-unboost|p2b: Incineroar|atk|1\n|turn|8\n|\n|t:|1768278113\n|switch|p2b: Flutter Mane|Flutter Mane, L50, tera:Normal|1/100\n|move|p2a: Koraidon|Protect|p2a: Koraidon\n|-singleturn|p2a: Koraidon|Protect\n|move|p1b: Incineroar|Fake Out|p2a: Koraidon\n|-activate|p2a: Koraidon|move: Protect\n|move|p1a: Calyrex|Astral Barrage|p2b: Flutter Mane|[spread] \n|-activate|p2a: Koraidon|move: Protect\n|-immune|p2b: Flutter Mane\n|\n|upkeep\n|turn|9\n|\n|t:|1768278136\n|-end|p2b: Flutter Mane|Protosynthesis|[silent]\n|switch|p2b: Incineroar|Incineroar, L50, F|28/100\n|-ability|p2b: Incineroar|Intimidate|boost\n|-unboost|p1a: Calyrex|atk|1\n|-unboost|p1b: Incineroar|atk|1\n|move|p1a: Calyrex|Protect|p1a: Calyrex\n|-singleturn|p1a: Calyrex|Protect\n|move|p2a: Koraidon|Close Combat|p1a: Calyrex\n|-activate|p1a: Calyrex|move: Protect\n|move|p1b: Incineroar|Knock Off|p2b: Incineroar\n|-resisted|p2b: Incineroar\n|-damage|p2b: Incineroar|19/100\n|-enditem|p2b: Incineroar|Safety Goggles|[from] move: Knock Off|[of] p1b: Incineroar\n|\n|upkeep\n|turn|10\n|\n|t:|1768278150\n|switch|p1a: Zamazenta|Zamazenta-Crowned, L50|100/100\n|-ability|p1a: Zamazenta|Dauntless Shield|boost\n|-boost|p1a: Zamazenta|def|1\n|move|p2b: Incineroar|Fake Out|p1a: Zamazenta\n|-resisted|p1a: Zamazenta\n|-damage|p1a: Zamazenta|98/100\n|move|p2a: Koraidon|Close Combat|p1a: Zamazenta\n|-supereffective|p1a: Zamazenta\n|-damage|p1a: Zamazenta|73/100\n|-unboost|p2a: Koraidon|def|1\n|-unboost|p2a: Koraidon|spd|1\n|-damage|p2a: Koraidon|59/100|[from] item: Life Orb\n|move|p1b: Incineroar|Parting Shot|p2a: Koraidon\n|-unboost|p2a: Koraidon|atk|1\n|-unboost|p2a: Koraidon|spa|1\n|\n|t:|1768278159\n|switch|p1b: Calyrex|Calyrex-Shadow, L50, tera:Dark|91/100|[from] Parting Shot\n|-ability|p1b: Calyrex|As One\n|-ability|p1b: Calyrex|Unnerve\n|\n|upkeep\n|turn|11\n|inactive|fogdocker has 30 seconds left.\n|inactive|fogdocker has 20 seconds left.\n|inactive|fogdocker has 15 seconds left.\n|\n|t:|1768278202\n|switch|p2a: Calyrex|Calyrex-Ice, L50|100/100\n|-ability|p2a: Calyrex|As One\n|-ability|p2a: Calyrex|Unnerve\n|switch|p1b: Incineroar|Incineroar, L50, F|95/100\n|-ability|p1b: Incineroar|Intimidate|boost\n|-unboost|p2a: Calyrex|atk|1\n|-unboost|p2b: Incineroar|atk|1\n|move|p1a: Zamazenta|Body Press|p2b: Incineroar\n|-supereffective|p2b: Incineroar\n|-damage|p2b: Incineroar|0 fnt\n|faint|p2b: Incineroar\n|\n|upkeep\n|\n|t:|1768278218\n|switch|p2b: Koraidon|Koraidon, L50|59/100\n|-weather|SunnyDay|[from] ability: Orichalcum Pulse|[of] p2b: Koraidon\n|-activate|p2b: Koraidon|Orichalcum Pulse|[source]\n|turn|12\n|inactive|fogdocker has 30 seconds left.\n|inactive|fogdocker has 20 seconds left.\n|\n|t:|1768278254\n|switch|p1a: Calyrex|Calyrex-Shadow, L50, tera:Dark|91/100\n|-ability|p1a: Calyrex|As One\n|-ability|p1a: Calyrex|Unnerve\n|move|p2b: Koraidon|Protect|p2b: Koraidon\n|-singleturn|p2b: Koraidon|Protect\n|move|p1b: Incineroar|Fake Out|p2b: Koraidon\n|-activate|p2b: Koraidon|move: Protect\n|move|p2a: Calyrex|Leech Seed|p1a: Calyrex|[miss]\n|-miss|p2a: Calyrex|p1a: Calyrex\n|\n|-weather|SunnyDay|[upkeep]\n|upkeep\n|turn|13\n|\n|t:|1768278277\n|switch|p2a: Flutter Mane|Flutter Mane, L50, tera:Normal|1/100\n|-activate|p2a: Flutter Mane|ability: Protosynthesis\n|-start|p2a: Flutter Mane|protosynthesisspe\n|move|p2b: Koraidon|Protect|p2b: Koraidon\n|-singleturn|p2b: Koraidon|Protect\n|move|p1a: Calyrex|Psychic|p2b: Koraidon\n|-activate|p2b: Koraidon|move: Protect\n|move|p1b: Incineroar|Knock Off|p2a: Flutter Mane\n|-damage|p2a: Flutter Mane|0 fnt\n|faint|p2a: Flutter Mane\n|-end|p2a: Flutter Mane|Protosynthesis|[silent]\n|\n|-weather|SunnyDay|[upkeep]\n|upkeep\n|c|\u2606VJ2511|wow double\n|\n|t:|1768278288\n|switch|p2a: Calyrex|Calyrex-Ice, L50|100/100\n|-ability|p2a: Calyrex|As One\n|-ability|p2a: Calyrex|Unnerve\n|turn|14\n|c|\u2606VJ2511|doesnt matter\n|\n|t:|1768278296\n|move|p1a: Calyrex|Psychic|p2b: Koraidon\n|-supereffective|p2b: Koraidon\n|-damage|p2b: Koraidon|0 fnt\n|faint|p2b: Koraidon\n|-ability|p1a: Calyrex|Grim Neigh|boost\n|-boost|p1a: Calyrex|spa|1\n|-damage|p1a: Calyrex|81/100|[from] item: Life Orb\n|move|p1b: Incineroar|Knock Off|p2a: Calyrex\n|-supereffective|p2a: Calyrex\n|-crit|p2a: Calyrex\n|-damage|p2a: Calyrex|39/100\n|-enditem|p2a: Calyrex|Leftovers|[from] move: Knock Off|[of] p1b: Incineroar\n|move|p2a: Calyrex|Glacial Lance|p1b: Incineroar|[spread] p1a,p1b\n|-resisted|p1b: Incineroar\n|-damage|p1a: Calyrex|22/100\n|-damage|p1b: Incineroar|75/100\n|\n|-weather|SunnyDay|[upkeep]\n|upkeep\n|turn|15\n|-message|fogdocker forfeited.\n|\n|win|VJ2511\n|raw|VJ2511's rating: 1341 &rarr; <strong>1360</strong><br />(+19 for winning)\n|raw|fogdocker's rating: 1323 &rarr; <strong>1304</strong><br />(-19 for losing)\n|l|\u2606fogdocker\n|player|p2|\n","uploadtime":1768278319,"views":14,"formatid":"gen9vgc2026regi","rating":1304,"private":0,"password":null}