{"id":"gen9vgc2026regi-2565241442","format":"[Gen 9] VGC 2026 Reg I","players":["Vulpisfoglia","ScribbleScribble"],"log":"|j|\u2606Vulpisfoglia\n|j|\u2606ScribbleScribble\n|t:|1774250094\n|gametype|doubles\n|player|p1|Vulpisfoglia|kunoichi2-conquest|1392\n|player|p2|ScribbleScribble|mina-lgpe|1573\n|gen|9\n|tier|[Gen 9] VGC 2026 Reg I\n|rated|\n|rule|Species Clause: Limit one of each Pok\u00e9mon\n|rule|Item Clause: Limit 1 of each item\n|clearpoke\n|poke|p1|Calyrex-Shadow, L50|\n|poke|p1|Zamazenta-*, L50|\n|poke|p1|Rillaboom, L50, M|\n|poke|p1|Clefairy, L50, M|\n|poke|p1|Incineroar, L50, F|\n|poke|p1|Regieleki, L50|\n|poke|p2|Calyrex-Ice, L50|\n|poke|p2|Kyogre, L50|\n|poke|p2|Tornadus, L50, M|\n|poke|p2|Indeedee-F, L50, F|\n|poke|p2|Urshifu-*, L50, M|\n|poke|p2|Landorus, L50, M|\n|teampreview|4\n|inactive|Battle timer is ON: inactive players will automatically lose when time's up. (requested by ScribbleScribble)\n|inactive|ScribbleScribble has 60 seconds left.\n|\n|t:|1774250138\n|teamsize|p1|4\n|teamsize|p2|4\n|start\n|switch|p1a: Regieleki|Regieleki, L50|100/100\n|switch|p1b: Zamazenta|Zamazenta-Crowned, L50|100/100\n|switch|p2a: Tornadus|Tornadus, L50, M|100/100\n|switch|p2b: Urshifu|Urshifu-Rapid-Strike, L50, M|100/100\n|-ability|p1b: Zamazenta|Dauntless Shield|boost\n|-boost|p1b: Zamazenta|def|1\n|turn|1\n|\n|t:|1774250159\n|move|p2a: Tornadus|Tailwind|p2a: Tornadus\n|-sidestart|p2: ScribbleScribble|move: Tailwind\n|move|p2b: Urshifu|Surging Strikes|p1a: Regieleki\n|-crit|p1a: Regieleki\n|-damage|p1a: Regieleki|33/100\n|-crit|p1a: Regieleki\n|-damage|p1a: Regieleki|0 fnt\n|faint|p1a: Regieleki\n|-hitcount|p1: Regieleki|2\n|move|p1b: Zamazenta|Body Press|p2b: Urshifu\n|-damage|p2b: Urshifu|38/100\n|\n|upkeep\n|\n|t:|1774250169\n|switch|p1a: Rillaboom|Rillaboom, L50, M|100/100\n|-fieldstart|move: Grassy Terrain|[from] ability: Grassy Surge|[of] p1a: Rillaboom\n|turn|2\n|inactive|ScribbleScribble has 30 seconds left.\n|\n|t:|1774250197\n|move|p2a: Tornadus|Taunt|p1b: Zamazenta\n|-start|p1b: Zamazenta|move: Taunt\n|move|p2b: Urshifu|Surging Strikes|p1b: Zamazenta\n|-crit|p1b: Zamazenta\n|-damage|p1b: Zamazenta|82/100\n|-crit|p1b: Zamazenta\n|-damage|p1b: Zamazenta|66/100\n|-crit|p1b: Zamazenta\n|-damage|p1b: Zamazenta|49/100\n|-hitcount|p1b: Zamazenta|3\n|move|p1b: Zamazenta|Behemoth Bash|p2a: Tornadus\n|-damage|p2a: Tornadus|42/100\n|move|p1a: Rillaboom|Wood Hammer|p2a: Tornadus\n|-resisted|p2a: Tornadus\n|-damage|p2a: Tornadus|0 fnt\n|faint|p2a: Tornadus\n|-damage|p1a: Rillaboom|90/100|[from] Recoil\n|\n|-heal|p2b: Urshifu|44/100|[from] Grassy Terrain\n|-heal|p1b: Zamazenta|55/100|[from] Grassy Terrain\n|-heal|p1a: Rillaboom|96/100|[from] Grassy Terrain\n|upkeep\n|\n|t:|1774250206\n|switch|p2a: Calyrex|Calyrex-Ice, L50|100/100\n|-ability|p2a: Calyrex|As One\n|-ability|p2a: Calyrex|Unnerve\n|turn|3\n|\n|t:|1774250221\n|-terastallize|p2b: Urshifu|Ghost\n|-terastallize|p1a: Rillaboom|Fire\n|move|p1a: Rillaboom|Grassy Glide|p2b: Urshifu\n|-crit|p2b: Urshifu\n|-damage|p2b: Urshifu|0 fnt\n|faint|p2b: Urshifu\n|move|p2a: Calyrex|Glacial Lance|p1a: Rillaboom|[spread] p1a,p1b\n|-resisted|p1a: Rillaboom\n|-resisted|p1b: Zamazenta\n|-damage|p1a: Rillaboom|70/100\n|-damage|p1b: Zamazenta|45/100\n|move|p1b: Zamazenta|Body Press|p2a: Calyrex\n|-damage|p2a: Calyrex|53/100\n|\n|-heal|p2a: Calyrex|59/100|[from] Grassy Terrain\n|-heal|p1b: Zamazenta|51/100|[from] Grassy Terrain\n|-heal|p1a: Rillaboom|76/100|[from] Grassy Terrain\n|upkeep\n|inactive|ScribbleScribble has 30 seconds left.\n|inactive|ScribbleScribble has 20 seconds left.\n|\n|t:|1774250259\n|switch|p2b: Kyogre|Kyogre, L50|100/100\n|-weather|RainDance|[from] ability: Drizzle|[of] p2b: Kyogre\n|turn|4\n|\n|t:|1774250269\n|move|p1a: Rillaboom|Grassy Glide|p2a: Calyrex\n|-damage|p2a: Calyrex|35/100\n|move|p2b: Kyogre|Water Spout|p1b: Zamazenta|[spread] p1a,p1b\n|-supereffective|p1a: Rillaboom\n|-damage|p1a: Rillaboom|0 fnt\n|-damage|p1b: Zamazenta|0 fnt\n|faint|p1a: Rillaboom\n|faint|p1b: Zamazenta\n|move|p2a: Calyrex|Glacial Lance|p1: Rillaboom|[notarget]\n|-fail|p2a: Calyrex\n|\n|-weather|RainDance|[upkeep]\n|-heal|p2a: Calyrex|41/100|[from] Grassy Terrain\n|-sideend|p2: ScribbleScribble|move: Tailwind\n|upkeep\n|\n|t:|1774250277\n|switch|p1b: Calyrex|Calyrex-Shadow, L50|100/100\n|-ability|p1b: Calyrex|As One\n|-ability|p1b: Calyrex|Unnerve\n|turn|5\n|inactive|ScribbleScribble has 30 seconds left.\n|inactive|ScribbleScribble has 20 seconds left.\n|inactive|ScribbleScribble has 15 seconds left.\n|\n|t:|1774250320\n|move|p1b: Calyrex|Astral Barrage|p2a: Calyrex|[spread] p2a,p2b\n|-supereffective|p2a: Calyrex\n|-damage|p2a: Calyrex|0 fnt\n|-damage|p2b: Kyogre|54/100\n|faint|p2a: Calyrex\n|-ability|p1b: Calyrex|Grim Neigh|boost\n|-boost|p1b: Calyrex|spa|1\n|-damage|p1b: Calyrex|91/100|[from] item: Life Orb\n|move|p2b: Kyogre|Hydro Pump|p1b: Calyrex\n|-damage|p1b: Calyrex|0 fnt\n|faint|p1b: Calyrex\n|\n|win|ScribbleScribble\n|raw|Vulpisfoglia's rating: 1392 &rarr; <strong>1383</strong><br />(-9 for losing)\n|raw|ScribbleScribble's rating: 1609 &rarr; <strong>1618</strong><br />(+9 for winning)\n|l|\u2606ScribbleScribble\n|player|p2|\n|l|\u2606Vulpisfoglia\n|player|p1|\n","uploadtime":1774250483,"views":11,"formatid":"gen9vgc2026regi","rating":1383,"private":0,"password":null}