{"id":"gen9vgc2026regi-2540580579","format":"[Gen 9] VGC 2026 Reg I","players":["ryo8989","SEITA"],"log":"|j|\u2606ryo8989\n|j|\u2606SEITA\n|t:|1771221346\n|gametype|doubles\n|player|p1|ryo8989|erika|1524\n|player|p2|SEITA|lucas-gen4pt|1518\n|gen|9\n|tier|[Gen 9] VGC 2026 Reg I\n|rated|\n|rule|Species Clause: Limit one of each Pok\u00e9mon\n|rule|Item Clause: Limit 1 of each item\n|clearpoke\n|poke|p1|Calyrex-Ice, L50|\n|poke|p1|Miraidon, L50|\n|poke|p1|Incineroar, L50, F|\n|poke|p1|Farigiraf, L50, M|\n|poke|p1|Urshifu-*, L50, F|\n|poke|p1|Whimsicott, L50, F|\n|poke|p2|Zamazenta-*, L50|\n|poke|p2|Kyogre, L50|\n|poke|p2|Wo-Chien, L50|\n|poke|p2|Grimmsnarl, L50, M|\n|poke|p2|Rhyperior, L50, F|\n|poke|p2|Ditto, L50|\n|teampreview|4\n|\n|t:|1771221368\n|teamsize|p1|4\n|teamsize|p2|4\n|start\n|switch|p1a: Miraidon|Miraidon, L50|100/100\n|switch|p1b: Urshifu|Urshifu-Rapid-Strike, L50, F|100/100\n|switch|p2a: Grimmsnarl|Grimmsnarl, L50, M|100/100\n|switch|p2b: Zamazenta|Zamazenta-Crowned, L50|100/100\n|-ability|p2b: Zamazenta|Dauntless Shield|boost\n|-boost|p2b: Zamazenta|def|1\n|-fieldstart|move: Electric Terrain|[from] ability: Hadron Engine|[of] p1a: Miraidon\n|turn|1\n|\n|t:|1771221403\n|move|p2a: Grimmsnarl|Light Screen|p2a: Grimmsnarl\n|-sidestart|p2: SEITA|move: Light Screen\n|move|p2b: Zamazenta|Body Press|p1b: Urshifu\n|-damage|p1b: Urshifu|38/100\n|move|p1a: Miraidon|Electro Drift|p2b: Zamazenta\n|-damage|p2b: Zamazenta|52/100\n|move|p1b: Urshifu|Surging Strikes|p2b: Zamazenta\n|-crit|p2b: Zamazenta\n|-damage|p2b: Zamazenta|35/100\n|-crit|p2b: Zamazenta\n|-damage|p2b: Zamazenta|17/100\n|-crit|p2b: Zamazenta\n|-damage|p2b: Zamazenta|0 fnt\n|faint|p2b: Zamazenta\n|-hitcount|p2: Zamazenta|3\n|\n|upkeep\n|\n|t:|1771221422\n|switch|p2b: Rhyperior|Rhyperior, L50, F|100/100\n|turn|2\n|\n|t:|1771221430\n|-terastallize|p2b: Rhyperior|Water\n|move|p1a: Miraidon|Draco Meteor|p2b: Rhyperior\n|-damage|p2b: Rhyperior|59/100\n|-unboost|p1a: Miraidon|spa|2\n|move|p1b: Urshifu|Surging Strikes|p2a: Grimmsnarl\n|-crit|p2a: Grimmsnarl\n|-damage|p2a: Grimmsnarl|72/100\n|-crit|p2a: Grimmsnarl\n|-damage|p2a: Grimmsnarl|48/100\n|-crit|p2a: Grimmsnarl\n|-damage|p2a: Grimmsnarl|24/100\n|-hitcount|p2a: Grimmsnarl|3\n|move|p2a: Grimmsnarl|Spirit Break|p1b: Urshifu\n|-supereffective|p1b: Urshifu\n|-damage|p1b: Urshifu|0 fnt\n|faint|p1b: Urshifu\n|move|p2b: Rhyperior|High Horsepower|p1a: Miraidon\n|-supereffective|p1a: Miraidon\n|-damage|p1a: Miraidon|2/100\n|\n|upkeep\n|\n|t:|1771221451\n|switch|p1b: Calyrex|Calyrex-Ice, L50|100/100\n|-ability|p1b: Calyrex|As One\n|-ability|p1b: Calyrex|Unnerve\n|turn|3\n|\n|t:|1771221464\n|switch|p1a: Farigiraf|Farigiraf, L50, M|100/100\n|-enditem|p1a: Farigiraf|Electric Seed\n|-boost|p1a: Farigiraf|def|1|[from] item: Electric Seed\n|move|p2a: Grimmsnarl|Parting Shot||[still]\n|cant|p1a: Farigiraf|ability: Armor Tail|Parting Shot|[of] p2a: Grimmsnarl\n|move|p2b: Rhyperior|Rock Slide|p1b: Calyrex|[spread] p1a,p1b\n|-supereffective|p1b: Calyrex\n|-damage|p1a: Farigiraf|83/100\n|-damage|p1b: Calyrex|65/100\n|move|p1b: Calyrex|Glacial Lance|p2b: Rhyperior|[spread] p2a,p2b\n|-resisted|p2b: Rhyperior\n|-damage|p2a: Grimmsnarl|0 fnt\n|-damage|p2b: Rhyperior|41/100\n|faint|p2a: Grimmsnarl\n|-ability|p1b: Calyrex|Chilling Neigh|boost\n|-boost|p1b: Calyrex|atk|1\n|\n|upkeep\n|\n|t:|1771221481\n|switch|p2a: Kyogre|Kyogre, L50|100/100\n|-weather|RainDance|[from] ability: Drizzle|[of] p2a: Kyogre\n|turn|4\n|\n|t:|1771221530\n|move|p1b: Calyrex|Protect|p1b: Calyrex\n|-singleturn|p1b: Calyrex|Protect\n|move|p2a: Kyogre|Origin Pulse|p1a: Farigiraf|[spread] p1a\n|-activate|p1b: Calyrex|move: Protect\n|-damage|p1a: Farigiraf|23/100\n|move|p1a: Farigiraf|Psychic|p2b: Rhyperior\n|-damage|p2b: Rhyperior|28/100\n|move|p2b: Rhyperior|Rock Slide|p1a: Farigiraf|[spread] p1a\n|-activate|p1b: Calyrex|move: Protect\n|-damage|p1a: Farigiraf|5/100\n|\n|-weather|RainDance|[upkeep]\n|upkeep\n|turn|5\n|\n|t:|1771221552\n|move|p2a: Kyogre|Origin Pulse|p1b: Calyrex|[spread] p1a\n|-miss|p2a: Kyogre|p1b: Calyrex\n|-damage|p1a: Farigiraf|0 fnt\n|faint|p1a: Farigiraf\n|move|p2b: Rhyperior|Stone Edge|p1b: Calyrex\n|-supereffective|p1b: Calyrex\n|-damage|p1b: Calyrex|0 fnt\n|faint|p1b: Calyrex\n|\n|-weather|RainDance|[upkeep]\n|-fieldend|move: Electric Terrain\n|upkeep\n|\n|t:|1771221564\n|switch|p1a: Miraidon|Miraidon, L50|2/100\n|-fieldstart|move: Electric Terrain|[from] ability: Hadron Engine|[of] p1a: Miraidon\n|turn|6\n|\n|t:|1771221571\n|move|p1a: Miraidon|Draco Meteor|p2b: Rhyperior\n|-damage|p2b: Rhyperior|0 fnt\n|-unboost|p1a: Miraidon|spa|2\n|faint|p2b: Rhyperior\n|move|p2a: Kyogre|Ice Beam|p1a: Miraidon\n|-supereffective|p1a: Miraidon\n|-damage|p1a: Miraidon|0 fnt\n|faint|p1a: Miraidon\n|\n|win|SEITA\n|raw|ryo8989's rating: 1524 &rarr; <strong>1504</strong><br />(-20 for losing)\n|raw|SEITA's rating: 1518 &rarr; <strong>1538</strong><br />(+20 for winning)\n|l|\u2606ryo8989\n|player|p1|\n","uploadtime":1771221724,"views":38,"formatid":"gen9vgc2026regi","rating":1504,"private":0,"password":null}