{"id":"gen9vgc2026regi-2579780742","format":"[Gen 9] VGC 2026 Reg I","players":["eru_kh","Sheevp"],"log":"|j|\u2606eru_kh\n|j|\u2606Sheevp\n|t:|1775827458\n|gametype|doubles\n|player|p1|eru_kh|266|1481\n|player|p2|Sheevp|101|1465\n|gen|9\n|tier|[Gen 9] VGC 2026 Reg I\n|rated|\n|rule|Species Clause: Limit one of each Pok\u00e9mon\n|rule|Item Clause: Limit 1 of each item\n|clearpoke\n|poke|p1|Terapagos, L50, M|\n|poke|p1|Incineroar, L50, F|\n|poke|p1|Rillaboom, L50, F|\n|poke|p1|Amoonguss, L50, M|\n|poke|p1|Flutter Mane, L50|\n|poke|p1|Calyrex-Shadow, L50|\n|poke|p2|Calyrex-Ice, L50|\n|poke|p2|Kyogre, L50|\n|poke|p2|Smeargle, L50, F|\n|poke|p2|Roaring Moon, L50|\n|poke|p2|Amoonguss, L50, M|\n|poke|p2|Landorus, L50, M|\n|teampreview|4\n|\n|t:|1775827485\n|teamsize|p1|4\n|teamsize|p2|4\n|start\n|switch|p1a: Flutter Mane|Flutter Mane, L50|100/100\n|switch|p1b: Rillaboom|Rillaboom, L50, F, shiny|100/100\n|switch|p2a: Landorus|Landorus, L50, M|100/100\n|switch|p2b: Smeargle|Smeargle, L50, F|100/100\n|-fieldstart|move: Grassy Terrain|[from] ability: Grassy Surge|[of] p1b: Rillaboom\n|-enditem|p1a: Flutter Mane|Booster Energy\n|-activate|p1a: Flutter Mane|ability: Protosynthesis|[fromitem]\n|-start|p1a: Flutter Mane|protosynthesisspe\n|turn|1\n|\n|t:|1775827495\n|move|p2b: Smeargle|Fake Out|p1b: Rillaboom\n|-damage|p1b: Rillaboom|96/100\n|cant|p1b: Rillaboom|flinch\n|move|p1a: Flutter Mane|Icy Wind|p2a: Landorus|[spread] p2a,p2b\n|-supereffective|p2a: Landorus\n|-damage|p2a: Landorus|47/100\n|-damage|p2b: Smeargle|72/100\n|-unboost|p2a: Landorus|spe|1\n|-unboost|p2b: Smeargle|spe|1\n|move|p2a: Landorus|Sludge Bomb|p1b: Rillaboom\n|-supereffective|p1b: Rillaboom\n|-crit|p1b: Rillaboom\n|-damage|p1b: Rillaboom|3/100\n|\n|-heal|p1b: Rillaboom|9/100|[from] Grassy Terrain\n|-heal|p2b: Smeargle|77/100|[from] Grassy Terrain\n|-ability|p2b: Smeargle|Moody|boost\n|-boost|p2b: Smeargle|def|2\n|-unboost|p2b: Smeargle|atk|1\n|upkeep\n|turn|2\n|\n|t:|1775827518\n|switch|p2a: Calyrex|Calyrex-Ice, L50|100/100\n|-ability|p2a: Calyrex|As One\n|-ability|p2a: Calyrex|Unnerve\n|move|p1a: Flutter Mane|Icy Wind|p2b: Smeargle|[spread] p2a,p2b\n|-resisted|p2a: Calyrex\n|-damage|p2a: Calyrex|97/100\n|-damage|p2b: Smeargle|49/100\n|-unboost|p2a: Calyrex|spe|1\n|-unboost|p2b: Smeargle|spe|1\n|move|p1b: Rillaboom|U-turn|p2b: Smeargle\n|-crit|p2b: Smeargle\n|-damage|p2b: Smeargle|0 fnt\n|faint|p2b: Smeargle\n|\n|t:|1775827535\n|switch|p1b: Terapagos|Terapagos, L50, M|100/100|[from] U-turn\n|-activate|p1b: Terapagos|ability: Tera Shift\n|detailschange|p1b: Terapagos|Terapagos-Terastal, L50, M\n|-heal|p1b: Terapagos|100/100|[silent]\n|\n|-heal|p2a: Calyrex|100/100|[from] Grassy Terrain\n|upkeep\n|\n|t:|1775827549\n|switch|p2b: Roaring Moon|Roaring Moon, L50|100/100\n|-enditem|p2b: Roaring Moon|Booster Energy\n|-activate|p2b: Roaring Moon|ability: Protosynthesis|[fromitem]\n|-start|p2b: Roaring Moon|protosynthesisspe\n|turn|3\n|\n|t:|1775827562\n|-terastallize|p2b: Roaring Moon|Flying\n|move|p1a: Flutter Mane|Moonblast|p2b: Roaring Moon\n|-damage|p2b: Roaring Moon|57/100\n|move|p2b: Roaring Moon|Acrobatics|p1a: Flutter Mane\n|-damage|p1a: Flutter Mane|18/100\n|move|p1b: Terapagos|Calm Mind|p1b: Terapagos\n|-boost|p1b: Terapagos|spa|1\n|-boost|p1b: Terapagos|spd|1\n|move|p2a: Calyrex|Trick Room|p2a: Calyrex\n|-fieldstart|move: Trick Room|[of] p2a: Calyrex\n|\n|-heal|p1a: Flutter Mane|23/100|[from] Grassy Terrain\n|upkeep\n|turn|4\n|\n|t:|1775827588\n|move|p2a: Calyrex|Glacial Lance|p1a: Flutter Mane|[spread] p1a,p1b\n|-activate|p1b: Terapagos|ability: Tera Shell\n|-resisted|p1b: Terapagos\n|-damage|p1a: Flutter Mane|0 fnt\n|-damage|p1b: Terapagos|82/100\n|faint|p1a: Flutter Mane\n|-end|p1a: Flutter Mane|Protosynthesis|[silent]\n|-ability|p2a: Calyrex|Chilling Neigh|boost\n|-boost|p2a: Calyrex|atk|1\n|move|p1b: Terapagos|Tera Starstorm|p2b: Roaring Moon\n|-damage|p2b: Roaring Moon|0 fnt\n|faint|p2b: Roaring Moon\n|-end|p2b: Roaring Moon|Protosynthesis|[silent]\n|\n|-heal|p1b: Terapagos|88/100|[from] Grassy Terrain\n|-heal|p1b: Terapagos|94/100|[from] item: Leftovers\n|upkeep\n|\n|t:|1775827600\n|switch|p2b: Landorus|Landorus, L50, M|47/100\n|switch|p1a: Rillaboom|Rillaboom, L50, F, shiny|9/100\n|turn|5\n|\n|t:|1775827613\n|move|p2b: Landorus|Protect|p2b: Landorus\n|-singleturn|p2b: Landorus|Protect\n|move|p1a: Rillaboom|Fake Out|p2a: Calyrex\n|-damage|p2a: Calyrex|94/100\n|cant|p2a: Calyrex|flinch\n|move|p1b: Terapagos|Tera Starstorm|p2b: Landorus\n|-activate|p2b: Landorus|move: Protect\n|\n|-heal|p2a: Calyrex|99/100|[from] Grassy Terrain\n|-heal|p2a: Calyrex|100/100|[from] item: Leftovers\n|-heal|p1a: Rillaboom|15/100|[from] Grassy Terrain\n|-heal|p1b: Terapagos|100/100|[from] Grassy Terrain\n|-fieldend|move: Grassy Terrain\n|upkeep\n|turn|6\n|\n|t:|1775827627\n|switch|p1a: Calyrex|Calyrex-Shadow, L50|100/100\n|-ability|p1a: Calyrex|As One\n|-ability|p1a: Calyrex|Unnerve\n|move|p2a: Calyrex|Glacial Lance|p1b: Terapagos|[spread] p1a,p1b\n|-activate|p1b: Terapagos|ability: Tera Shell\n|-resisted|p1b: Terapagos\n|-damage|p1a: Calyrex|19/100\n|-damage|p1b: Terapagos|72/100\n|move|p1b: Terapagos|Tera Starstorm|p2b: Landorus\n|-damage|p2b: Landorus|0 fnt\n|faint|p2b: Landorus\n|\n|-heal|p1b: Terapagos|79/100|[from] item: Leftovers\n|upkeep\n|turn|7\n|\n|t:|1775827644\n|move|p1b: Terapagos|Protect|p1b: Terapagos\n|-singleturn|p1b: Terapagos|Protect\n|move|p1a: Calyrex|Protect|p1a: Calyrex\n|-singleturn|p1a: Calyrex|Protect\n|move|p2a: Calyrex|Glacial Lance|p1b: Terapagos|[spread] \n|-activate|p1a: Calyrex|move: Protect\n|-activate|p1b: Terapagos|move: Protect\n|\n|-heal|p1b: Terapagos|85/100|[from] item: Leftovers\n|-fieldend|move: Trick Room\n|upkeep\n|turn|8\n|-message|Sheevp forfeited.\n|\n|win|eru_kh\n|raw|eru_kh's rating: 1481 &rarr; <strong>1500</strong><br />(+19 for winning)\n|raw|Sheevp's rating: 1465 &rarr; <strong>1446</strong><br />(-19 for losing)\n|l|\u2606Sheevp\n|player|p2|\n|l|\u2606eru_kh\n|player|p1|\n","uploadtime":1775827896,"views":9,"formatid":"gen9vgc2026regi","rating":1446,"private":0,"password":null}