{"id":"gen9vgc2026regi-2580217216","format":"[Gen 9] VGC 2026 Reg I","players":["Hzqmrln","Cellpab1"],"log":"|j|\u2606Hzqmrln\n|j|\u2606Cellpab1\n|t:|1775866491\n|gametype|doubles\n|player|p1|Hzqmrln|2|1568\n|player|p2|Cellpab1|1|1604\n|gen|9\n|tier|[Gen 9] VGC 2026 Reg I\n|rated|\n|rule|Species Clause: Limit one of each Pok\u00e9mon\n|rule|Item Clause: Limit 1 of each item\n|clearpoke\n|poke|p1|Zamazenta-*, L50|\n|poke|p1|Farigiraf, L50, F|\n|poke|p1|Incineroar, L50, M|\n|poke|p1|Rillaboom, L50, M|\n|poke|p1|Kyogre, L50|\n|poke|p1|Whimsicott, L50, F|\n|poke|p2|Calyrex-Ice, L50|\n|poke|p2|Miraidon, L50|\n|poke|p2|Landorus, L50, M|\n|poke|p2|Farigiraf, L50, M|\n|poke|p2|Urshifu-*, L50, M|\n|poke|p2|Incineroar, L50, M|\n|teampreview|4\n|inactive|Battle timer is ON: inactive players will automatically lose when time's up. (requested by Hzqmrln)\n|inactive|Cellpab1 has 60 seconds left.\n|inactive|Cellpab1 has 30 seconds left.\n|inactive|Cellpab1 has 20 seconds left.\n|inactive|Cellpab1 has 15 seconds left.\n|inactive|Cellpab1 has 10 seconds left.\n|\n|t:|1775866577\n|teamsize|p1|4\n|teamsize|p2|4\n|start\n|switch|p1a: Kyogre|Kyogre, L50|100/100\n|switch|p1b: Rillaboom|Rillaboom, L50, M|100/100\n|switch|p2a: Farigiraf|Farigiraf, L50, M|100/100\n|switch|p2b: Miraidon|Miraidon, L50|100/100\n|-fieldstart|move: Electric Terrain|[from] ability: Hadron Engine|[of] p2b: Miraidon\n|-enditem|p2a: Farigiraf|Electric Seed\n|-boost|p2a: Farigiraf|def|1|[from] item: Electric Seed\n|-weather|RainDance|[from] ability: Drizzle|[of] p1a: Kyogre\n|-fieldstart|move: Grassy Terrain|[from] ability: Grassy Surge|[of] p1b: Rillaboom\n|turn|1\n|inactive|Hzqmrln has 30 seconds left.\n|inactive|Cellpab1 has 30 seconds left.\n|inactive|Cellpab1 has 20 seconds left.\n|inactive|Cellpab1 has 15 seconds left.\n|inactive|Cellpab1 has 10 seconds left.\n|inactive|Cellpab1 has 5 seconds left.\n|\n|t:|1775866631\n|-terastallize|p1a: Kyogre|Grass\n|move|p2b: Miraidon|Electro Drift|p1a: Kyogre\n|-resisted|p1a: Kyogre\n|-damage|p1a: Kyogre|76/100\n|move|p1a: Kyogre|Water Spout|p2a: Farigiraf|[spread] p2a,p2b\n|-resisted|p2b: Miraidon\n|-damage|p2a: Farigiraf|37/100\n|-damage|p2b: Miraidon|70/100\n|move|p1b: Rillaboom|High Horsepower|p2b: Miraidon\n|-supereffective|p2b: Miraidon\n|-damage|p2b: Miraidon|19/100\n|move|p2a: Farigiraf|Foul Play|p1b: Rillaboom\n|-crit|p1b: Rillaboom\n|-damage|p1b: Rillaboom|59/100\n|\n|-weather|RainDance|[upkeep]\n|-heal|p2b: Miraidon|25/100|[from] Grassy Terrain\n|-heal|p1a: Kyogre|82/100|[from] Grassy Terrain\n|-heal|p1b: Rillaboom|65/100|[from] Grassy Terrain\n|-heal|p2a: Farigiraf|43/100|[from] Grassy Terrain\n|upkeep\n|turn|2\n|inactive|Hzqmrln has 30 seconds left.\n|inactive|Cellpab1 has 30 seconds left.\n|inactive|Cellpab1 has 20 seconds left.\n|inactive|Cellpab1 has 15 seconds left.\n|inactive|Cellpab1 has 10 seconds left.\n|inactive|Cellpab1 has 5 seconds left.\n|\n|t:|1775866683\n|move|p2b: Miraidon|Electro Drift|p1a: Kyogre\n|-resisted|p1a: Kyogre\n|-damage|p1a: Kyogre|58/100\n|move|p1a: Kyogre|Water Spout|p2b: Miraidon|[spread] p2a,p2b\n|-resisted|p2b: Miraidon\n|-damage|p2a: Farigiraf|0 fnt\n|-damage|p2b: Miraidon|3/100\n|faint|p2a: Farigiraf\n|move|p1b: Rillaboom|Wood Hammer|p2b: Miraidon\n|-resisted|p2b: Miraidon\n|-damage|p2b: Miraidon|0 fnt\n|faint|p2b: Miraidon\n|-damage|p1b: Rillaboom|64/100|[from] Recoil\n|\n|-weather|RainDance|[upkeep]\n|-heal|p1a: Kyogre|64/100|[from] Grassy Terrain\n|-heal|p1b: Rillaboom|69/100|[from] Grassy Terrain\n|upkeep\n|\n|t:|1775866692\n|switch|p2b: Calyrex|Calyrex-Ice, L50|100/100\n|switch|p2a: Landorus|Landorus, L50, M|100/100\n|-ability|p2b: Calyrex|As One\n|-ability|p2b: Calyrex|Unnerve\n|turn|3\n|inactive|Cellpab1 has 30 seconds left.\n|inactive|Cellpab1 has 20 seconds left.\n|\n|t:|1775866729\n|switch|p1b: Incineroar|Incineroar, L50, M|100/100\n|-ability|p1b: Incineroar|Intimidate|boost\n|-unboost|p2a: Landorus|atk|1\n|-unboost|p2b: Calyrex|atk|1\n|-terastallize|p2a: Landorus|Water\n|move|p1a: Kyogre|Water Spout|p2a: Landorus|[spread] p2a,p2b\n|-resisted|p2a: Landorus\n|-damage|p2a: Landorus|65/100\n|-damage|p2b: Calyrex|67/100\n|move|p2a: Landorus|Sludge Bomb|p1b: Incineroar\n|-damage|p1b: Incineroar|55/100\n|move|p2b: Calyrex|Trick Room|p2b: Calyrex\n|-fieldstart|move: Trick Room|[of] p2b: Calyrex\n|\n|-weather|RainDance|[upkeep]\n|-heal|p2b: Calyrex|73/100|[from] Grassy Terrain\n|-heal|p2b: Calyrex|79/100|[from] item: Leftovers\n|-heal|p1b: Incineroar|61/100|[from] Grassy Terrain\n|-heal|p2a: Landorus|71/100|[from] Grassy Terrain\n|-heal|p1a: Kyogre|70/100|[from] Grassy Terrain\n|upkeep\n|turn|4\n|\n|t:|1775866751\n|switch|p1a: Zamazenta|Zamazenta-Crowned, L50|100/100\n|-ability|p1a: Zamazenta|Dauntless Shield|boost\n|-boost|p1a: Zamazenta|def|1\n|move|p1b: Incineroar|Fake Out|p2a: Landorus\n|-damage|p2a: Landorus|60/100\n|move|p2b: Calyrex|Glacial Lance|p1b: Incineroar|[spread] p1a,p1b\n|-resisted|p1a: Zamazenta\n|-resisted|p1b: Incineroar\n|-damage|p1a: Zamazenta|94/100\n|-damage|p1b: Incineroar|44/100\n|cant|p2a: Landorus|flinch\n|\n|-weather|RainDance|[upkeep]\n|-heal|p2b: Calyrex|84/100|[from] Grassy Terrain\n|-heal|p2b: Calyrex|90/100|[from] item: Leftovers\n|-heal|p1b: Incineroar|50/100|[from] Grassy Terrain\n|-heal|p2a: Landorus|66/100|[from] Grassy Terrain\n|-heal|p1a: Zamazenta|100/100|[from] Grassy Terrain\n|upkeep\n|turn|5\n|j| nocalculation\n|inactive|Cellpab1 has 30 seconds left.\n|\n|t:|1775866778\n|move|p1a: Zamazenta|Protect|p1a: Zamazenta\n|-singleturn|p1a: Zamazenta|Protect\n|move|p2b: Calyrex|Leech Seed|p1b: Incineroar\n|-start|p1b: Incineroar|move: Leech Seed\n|move|p1b: Incineroar|Will-O-Wisp|p2b: Calyrex|[miss]\n|-miss|p1b: Incineroar|p2b: Calyrex\n|move|p2a: Landorus|Sludge Bomb|p1b: Incineroar\n|-damage|p1b: Incineroar|11/100\n|\n|-weather|none\n|-heal|p2b: Calyrex|96/100|[from] Grassy Terrain\n|-heal|p2b: Calyrex|100/100|[from] item: Leftovers\n|-heal|p1b: Incineroar|17/100|[from] Grassy Terrain\n|-heal|p2a: Landorus|72/100|[from] Grassy Terrain\n|-damage|p1b: Incineroar|4/100|[from] Leech Seed|[of] p2b: Calyrex\n|-fieldend|move: Grassy Terrain\n|upkeep\n|turn|6\n|\n|t:|1775866798\n|move|p2b: Calyrex|Glacial Lance|p1a: Zamazenta|[spread] p1a,p1b\n|-resisted|p1a: Zamazenta\n|-resisted|p1b: Incineroar\n|-damage|p1a: Zamazenta|94/100\n|-damage|p1b: Incineroar|0 fnt\n|faint|p1b: Incineroar\n|-ability|p2b: Calyrex|Chilling Neigh|boost\n|-boost|p2b: Calyrex|atk|1\n|move|p2a: Landorus|Earth Power|p1a: Zamazenta\n|-supereffective|p1a: Zamazenta\n|-damage|p1a: Zamazenta|0 fnt\n|faint|p1a: Zamazenta\n|\n|upkeep\n|\n|t:|1775866810\n|switch|p1b: Kyogre|Kyogre, L50, tera:Grass|70/100\n|switch|p1a: Rillaboom|Rillaboom, L50, M|69/100\n|-fieldstart|move: Grassy Terrain|[from] ability: Grassy Surge|[of] p1a: Rillaboom\n|-weather|RainDance|[from] ability: Drizzle|[of] p1b: Kyogre\n|turn|7\n|inactive|Cellpab1 has 30 seconds left.\n|\n|t:|1775866841\n|move|p1a: Rillaboom|Fake Out|p2b: Calyrex\n|-damage|p2b: Calyrex|92/100\n|cant|p2b: Calyrex|flinch\n|move|p2a: Landorus|Sludge Bomb|p1a: Rillaboom\n|-supereffective|p1a: Rillaboom\n|-damage|p1a: Rillaboom|0 fnt\n|faint|p1a: Rillaboom\n|move|p1b: Kyogre|Thunder|p2a: Landorus\n|-supereffective|p2a: Landorus\n|-damage|p2a: Landorus|0 fnt\n|faint|p2a: Landorus\n|\n|-weather|RainDance|[upkeep]\n|-heal|p2b: Calyrex|98/100|[from] Grassy Terrain\n|-heal|p2b: Calyrex|100/100|[from] item: Leftovers\n|-heal|p1b: Kyogre|75/100|[from] Grassy Terrain\n|-fieldend|move: Trick Room\n|upkeep\n|turn|8\n|\n|t:|1775866864\n|move|p1b: Kyogre|Thunder|p2b: Calyrex\n|-damage|p2b: Calyrex|75/100\n|move|p2b: Calyrex|Glacial Lance|p1b: Kyogre\n|-supereffective|p1b: Kyogre\n|-damage|p1b: Kyogre|0 fnt\n|faint|p1b: Kyogre\n|\n|win|Cellpab1\n|raw|Hzqmrln's rating: 1568 &rarr; <strong>1550</strong><br />(-18 for losing)\n|raw|Cellpab1's rating: 1604 &rarr; <strong>1622</strong><br />(+18 for winning)\n|l|\u2606Hzqmrln\n|player|p1|\n|l|\u2606Cellpab1\n|player|p2|\n|l| nocalculation\n","uploadtime":1775867029,"views":16,"formatid":"gen9vgc2026regi","rating":1550,"private":0,"password":null}