{"id":"gen9vgc2026regi-2537791353","format":"[Gen 9] VGC 2026 Reg I","players":["TheBlackBelt","lalo's pollos"],"log":"|j|\u2606TheBlackBelt\n|j|\u2606lalo's pollos\n|t:|1770848475\n|gametype|doubles\n|player|p1|TheBlackBelt|gloria-league|1352\n|player|p2|lalo's pollos|101|1580\n|gen|9\n|tier|[Gen 9] VGC 2026 Reg I\n|rated|\n|rule|Species Clause: Limit one of each Pok\u00e9mon\n|rule|Item Clause: Limit 1 of each item\n|clearpoke\n|poke|p1|Ogerpon-Wellspring, L50, F|\n|poke|p1|Palkia, L50|\n|poke|p1|Whimsicott, L50, F|\n|poke|p1|Kyogre, L50|\n|poke|p1|Raichu, L50, M|\n|poke|p1|Farigiraf, L50, F|\n|poke|p2|Zamazenta-*, L50|\n|poke|p2|Lunala, L50|\n|poke|p2|Rillaboom, L50, F|\n|poke|p2|Incineroar, L50, F|\n|poke|p2|Urshifu-*, L50, M|\n|poke|p2|Tornadus, L50, M|\n|teampreview|4\n|inactive|Battle timer is ON: inactive players will automatically lose when time's up. (requested by TheBlackBelt)\n|inactive|lalo's pollos has 60 seconds left.\n|\n|t:|1770848521\n|teamsize|p1|4\n|teamsize|p2|4\n|start\n|switch|p1a: Whimsicott|Whimsicott, L50, F, shiny|100/100\n|switch|p1b: Farigiraf|Farigiraf, L50, F|100/100\n|switch|p2a: Lunala|Lunala, L50|100/100\n|switch|p2b: Tornadus|Tornadus, L50, M|100/100\n|turn|1\n|\n|t:|1770848532\n|move|p2b: Tornadus|Bleakwind Storm|p1a: Whimsicott|[spread] p1a,p1b\n|-supereffective|p1a: Whimsicott\n|-crit|p1b: Farigiraf\n|-damage|p1a: Whimsicott|12/100\n|-damage|p1b: Farigiraf|41/100\n|move|p2a: Lunala|Calm Mind|p2a: Lunala\n|-boost|p2a: Lunala|spa|1\n|-boost|p2a: Lunala|spd|1\n|move|p1a: Whimsicott|Moonblast|p2a: Lunala\n|-damage|p2a: Lunala|94/100\n|move|p1b: Farigiraf|Shadow Ball|p2a: Lunala\n|-supereffective|p2a: Lunala\n|-damage|p2a: Lunala|53/100\n|\n|-heal|p2a: Lunala|59/100|[from] item: Leftovers\n|upkeep\n|turn|2\n|\n|t:|1770848548\n|move|p1a: Whimsicott|Encore|p2a: Lunala\n|-start|p2a: Lunala|Encore\n|move|p2b: Tornadus|Bleakwind Storm|p1a: Whimsicott|[spread] p1b\n|-miss|p2b: Tornadus|p1a: Whimsicott\n|-crit|p1b: Farigiraf\n|-damage|p1b: Farigiraf|0 fnt\n|faint|p1b: Farigiraf\n|move|p2a: Lunala|Calm Mind|p2a: Lunala\n|-boost|p2a: Lunala|spa|1\n|-boost|p2a: Lunala|spd|1\n|\n|-heal|p2a: Lunala|65/100|[from] item: Leftovers\n|upkeep\n|\n|t:|1770848556\n|switch|p1b: Kyogre|Kyogre, L50|100/100\n|-weather|RainDance|[from] ability: Drizzle|[of] p1b: Kyogre\n|turn|3\n|\n|t:|1770848563\n|switch|p2a: Rillaboom|Rillaboom, L50, F|100/100\n|-fieldstart|move: Grassy Terrain|[from] ability: Grassy Surge|[of] p2a: Rillaboom\n|-terastallize|p1b: Kyogre|Water\n|move|p1a: Whimsicott|Tailwind|p1a: Whimsicott\n|-sidestart|p1: TheBlackBelt|move: Tailwind\n|move|p1b: Kyogre|Water Spout|p2b: Tornadus|[spread] p2a,p2b\n|-resisted|p2a: Rillaboom\n|-damage|p2a: Rillaboom|48/100\n|-enditem|p2b: Tornadus|Focus Sash\n|-damage|p2b: Tornadus|1/100\n|move|p2b: Tornadus|Bleakwind Storm|p1b: Kyogre|[spread] p1a,p1b\n|-supereffective|p1a: Whimsicott\n|-damage|p1a: Whimsicott|0 fnt\n|-damage|p1b: Kyogre|71/100\n|-unboost|p1b: Kyogre|spe|1\n|faint|p1a: Whimsicott\n|\n|-weather|RainDance|[upkeep]\n|-heal|p1b: Kyogre|77/100|[from] Grassy Terrain\n|-heal|p2a: Rillaboom|54/100|[from] Grassy Terrain\n|upkeep\n|\n|t:|1770848584\n|switch|p1a: Ogerpon|Ogerpon-Wellspring, L50, F|100/100\n|turn|4\n|inactive|lalo's pollos has 30 seconds left.\n|\n|t:|1770848609\n|move|p2b: Tornadus|Tailwind|p2b: Tornadus\n|-sidestart|p2: lalo's pollos|move: Tailwind\n|move|p1b: Kyogre|Water Spout|p2a: Rillaboom|[spread] p2a,p2b\n|-resisted|p2a: Rillaboom\n|-damage|p2a: Rillaboom|13/100\n|-damage|p2b: Tornadus|0 fnt\n|faint|p2b: Tornadus\n|move|p1a: Ogerpon|Ivy Cudgel|p2a: Rillaboom|[anim] Ivy Cudgel Water\n|-resisted|p2a: Rillaboom\n|-damage|p2a: Rillaboom|0 fnt\n|faint|p2a: Rillaboom\n|\n|-weather|RainDance|[upkeep]\n|-heal|p1b: Kyogre|83/100|[from] Grassy Terrain\n|upkeep\n|\n|t:|1770848619\n|switch|p2b: Lunala|Lunala, L50|65/100\n|switch|p2a: Zamazenta|Zamazenta-Crowned, L50|100/100\n|-ability|p2a: Zamazenta|Dauntless Shield|boost\n|-boost|p2a: Zamazenta|def|1\n|turn|5\n|\n|t:|1770848630\n|-terastallize|p2a: Zamazenta|Water\n|move|p2b: Lunala|Protect|p2b: Lunala\n|-singleturn|p2b: Lunala|Protect\n|move|p2a: Zamazenta|Body Press|p1b: Kyogre\n|-damage|p1b: Kyogre|0 fnt\n|faint|p1b: Kyogre\n|move|p1a: Ogerpon|Ivy Cudgel|p2b: Lunala|[anim] Ivy Cudgel Water\n|-activate|p2b: Lunala|move: Protect\n|\n|-weather|RainDance|[upkeep]\n|-heal|p2b: Lunala|71/100|[from] Grassy Terrain\n|-heal|p2b: Lunala|77/100|[from] item: Leftovers\n|upkeep\n|turn|6\n|\n|t:|1770848644\n|move|p2a: Zamazenta|Body Press|p1a: Ogerpon\n|-damage|p1a: Ogerpon|49/100\n|move|p2b: Lunala|Moongeist Beam|p1a: Ogerpon\n|-damage|p1a: Ogerpon|0 fnt\n|faint|p1a: Ogerpon\n|\n|win|lalo's pollos\n|raw|TheBlackBelt's rating: 1352 &rarr; <strong>1344</strong><br />(-8 for losing)\n|raw|lalo&apos;s pollos's rating: 1580 &rarr; <strong>1588</strong><br />(+8 for winning)\n","uploadtime":1770848787,"views":11,"formatid":"gen9vgc2026regi","rating":1344,"private":0,"password":null}