{"id":"gen9vgc2026regi-2534970738","format":"[Gen 9] VGC 2026 Reg I","players":["doomstahl","j0l0k0"],"log":"|j|\u2606doomstahl\n|j|\u2606j0l0k0\n|t:|1770498332\n|gametype|doubles\n|player|p1|doomstahl|hiker-gen4|1293\n|player|p2|j0l0k0|brycen|1329\n|gen|9\n|tier|[Gen 9] VGC 2026 Reg I\n|rated|\n|rule|Species Clause: Limit one of each Pok\u00e9mon\n|rule|Item Clause: Limit 1 of each item\n|clearpoke\n|poke|p1|Groudon, L50|\n|poke|p1|Miraidon, L50|\n|poke|p1|Tatsugiri, L50, M|\n|poke|p1|Dondozo, L50, M|\n|poke|p1|Sneasler, L50, F|\n|poke|p1|Garganacl, L50, M|\n|poke|p2|Calyrex-Ice, L50|\n|poke|p2|Kyogre, L50|\n|poke|p2|Indeedee-F, L50, F|\n|poke|p2|Urshifu-*, L50, F|\n|poke|p2|Amoonguss, L50, F|\n|poke|p2|Landorus, L50, M|\n|teampreview|4\n|inactive|Battle timer is ON: inactive players will automatically lose when time's up. (requested by j0l0k0)\n|\n|t:|1770498348\n|teamsize|p1|4\n|teamsize|p2|4\n|start\n|switch|p1a: Miraidon|Miraidon, L50, shiny|100/100\n|switch|p1b: Sneasler|Sneasler, L50, F, shiny|100/100\n|switch|p2a: Indeedee|Indeedee-F, L50, F, shiny|100/100\n|switch|p2b: Calyrex|Calyrex-Ice, L50|100/100\n|-ability|p2b: Calyrex|As One\n|-ability|p2b: Calyrex|Unnerve\n|-fieldstart|move: Electric Terrain|[from] ability: Hadron Engine|[of] p1a: Miraidon\n|-enditem|p1b: Sneasler|Electric Seed\n|-boost|p1b: Sneasler|def|1|[from] item: Electric Seed\n|-fieldstart|move: Psychic Terrain|[from] ability: Psychic Surge|[of] p2a: Indeedee\n|turn|1\n|\n|t:|1770498371\n|move|p2a: Indeedee|Follow Me|p2a: Indeedee\n|-singleturn|p2a: Indeedee|move: Follow Me\n|move|p1b: Sneasler|Toxic Spikes|p2a: Indeedee\n|-sidestart|p2: j0l0k0|move: Toxic Spikes\n|move|p1a: Miraidon|Volt Switch|p2a: Indeedee\n|-damage|p2a: Indeedee|56/100\n|\n|t:|1770498377\n|switch|p1a: Dondozo|Dondozo, L50, M, shiny|100/100|[from] Volt Switch\n|move|p2b: Calyrex|Trick Room|p2b: Calyrex\n|-fieldstart|move: Trick Room|[of] p2b: Calyrex\n|\n|upkeep\n|turn|2\n|\n|t:|1770498387\n|switch|p1b: Tatsugiri|Tatsugiri, L50, M, shiny|100/100\n|-activate|p1b: Tatsugiri|ability: Commander|[of] p1a: Dondozo\n|-boost|p1a: Dondozo|atk|2\n|-boost|p1a: Dondozo|spa|2\n|-boost|p1a: Dondozo|spe|2\n|-boost|p1a: Dondozo|def|2\n|-boost|p1a: Dondozo|spd|2\n|move|p2a: Indeedee|Follow Me|p2a: Indeedee\n|-singleturn|p2a: Indeedee|move: Follow Me\n|move|p2b: Calyrex|Glacial Lance|p1b: Tatsugiri|[spread] p1a\n|-miss|p2b: Calyrex|p1b: Tatsugiri\n|-resisted|p1a: Dondozo\n|-damage|p1a: Dondozo|91/100\n|move|p1a: Dondozo|Order Up|p2a: Indeedee\n|-damage|p2a: Indeedee|3/100\n|-boost|p1a: Dondozo|atk|1\n|\n|-heal|p1a: Dondozo|97/100|[from] item: Leftovers\n|upkeep\n|turn|3\n|\n|t:|1770498407\n|move|p1a: Dondozo|Earthquake|p2b: Calyrex|[spread] p2a,p2b\n|-miss|p1a: Dondozo|p1b: Tatsugiri\n|-damage|p2a: Indeedee|0 fnt\n|-damage|p2b: Calyrex|66/100\n|faint|p2a: Indeedee\n|move|p2b: Calyrex|Trick Room|p2b: Calyrex\n|-fieldend|move: Trick Room\n|\n|-heal|p1a: Dondozo|100/100|[from] item: Leftovers\n|upkeep\n|\n|t:|1770498410\n|switch|p2a: Amoonguss|Amoonguss, L50, F, shiny|100/100\n|-sideend|p2: j0l0k0|move: Toxic Spikes|[of] p2a: Amoonguss\n|turn|4\n|\n|t:|1770498423\n|move|p1a: Dondozo|Order Up|p2a: Amoonguss\n|-damage|p2a: Amoonguss|45/100\n|-boost|p1a: Dondozo|atk|1\n|move|p2a: Amoonguss|Clear Smog|p1a: Dondozo\n|-damage|p1a: Dondozo|93/100\n|-clearboost|p1a: Dondozo\n|move|p2b: Calyrex|Trick Room|p2b: Calyrex\n|-fieldstart|move: Trick Room|[of] p2b: Calyrex\n|\n|-heal|p1a: Dondozo|99/100|[from] item: Leftovers\n|upkeep\n|turn|5\n|\n|t:|1770498435\n|move|p2a: Amoonguss|Energy Ball|p1a: Dondozo\n|-supereffective|p1a: Dondozo\n|-damage|p1a: Dondozo|49/100\n|move|p2b: Calyrex|Glacial Lance|p1a: Dondozo|[spread] p1a\n|-miss|p2b: Calyrex|p1b: Tatsugiri\n|-resisted|p1a: Dondozo\n|-damage|p1a: Dondozo|31/100\n|move|p1a: Dondozo|Earthquake|p2b: Calyrex|[spread] p2a,p2b\n|-miss|p1a: Dondozo|p1b: Tatsugiri\n|-damage|p2a: Amoonguss|26/100\n|-damage|p2b: Calyrex|53/100\n|\n|-heal|p1a: Dondozo|37/100|[from] item: Leftovers\n|-fieldend|move: Psychic Terrain\n|upkeep\n|turn|6\n|\n|t:|1770498446\n|move|p2a: Amoonguss|Energy Ball|p1a: Dondozo\n|-supereffective|p1a: Dondozo\n|-damage|p1a: Dondozo|0 fnt\n|faint|p1a: Dondozo\n|move|p2b: Calyrex|Glacial Lance|p1b: Tatsugiri\n|-enditem|p1b: Tatsugiri|Focus Sash\n|-damage|p1b: Tatsugiri|1/100\n|\n|upkeep\n|\n|t:|1770498452\n|switch|p1a: Sneasler|Sneasler, L50, F, shiny|100/100\n|turn|7\n|\n|t:|1770498460\n|switch|p1b: Miraidon|Miraidon, L50, shiny|100/100\n|-fieldstart|move: Electric Terrain|[from] ability: Hadron Engine|[of] p1b: Miraidon\n|move|p1a: Sneasler|Fake Out|p2b: Calyrex\n|-damage|p2b: Calyrex|43/100\n|move|p2a: Amoonguss|Rage Powder|p2a: Amoonguss\n|-singleturn|p2a: Amoonguss|move: Rage Powder\n|cant|p2b: Calyrex|flinch\n|\n|upkeep\n|turn|8\n|\n|t:|1770498470\n|switch|p1b: Tatsugiri|Tatsugiri, L50, M, shiny|1/100\n|move|p2a: Amoonguss|Rage Powder|p2a: Amoonguss\n|-singleturn|p2a: Amoonguss|move: Rage Powder\n|move|p2b: Calyrex|Glacial Lance|p1b: Tatsugiri|[spread] p1a,p1b\n|-damage|p1a: Sneasler|0 fnt\n|-damage|p1b: Tatsugiri|0 fnt\n|faint|p1a: Sneasler\n|faint|p1b: Tatsugiri\n|-ability|p2b: Calyrex|Chilling Neigh|boost\n|-boost|p2b: Calyrex|atk|2\n|\n|-fieldend|move: Trick Room\n|upkeep\n|\n|t:|1770498473\n|switch|p1b: Miraidon|Miraidon, L50, shiny|100/100\n|-activate|p1b: Miraidon|ability: Hadron Engine\n|turn|9\n|\n|t:|1770498489\n|-terastallize|p1b: Miraidon|Electric\n|move|p2a: Amoonguss|Rage Powder|p2a: Amoonguss\n|-singleturn|p2a: Amoonguss|move: Rage Powder\n|move|p1b: Miraidon|Discharge|p2b: Calyrex|[spread] p2a,p2b\n|-resisted|p2a: Amoonguss\n|-damage|p2a: Amoonguss|0 fnt\n|-damage|p2b: Calyrex|0 fnt\n|faint|p2a: Amoonguss\n|faint|p2b: Calyrex\n|\n|upkeep\n|\n|t:|1770498500\n|switch|p2b: Kyogre|Kyogre, L50, shiny|100/100\n|-weather|RainDance|[from] ability: Drizzle|[of] p2b: Kyogre\n|turn|10\n|\n|t:|1770498508\n|-terastallize|p2b: Kyogre|Grass\n|move|p1b: Miraidon|Discharge|p2b: Kyogre\n|-resisted|p2b: Kyogre\n|-damage|p2b: Kyogre|70/100\n|move|p2b: Kyogre|Water Spout|p1b: Miraidon\n|-damage|p1b: Miraidon|14/100\n|\n|-weather|RainDance|[upkeep]\n|upkeep\n|turn|11\n|\n|t:|1770498522\n|move|p1b: Miraidon|Discharge|p2b: Kyogre\n|-resisted|p2b: Kyogre\n|-damage|p2b: Kyogre|36/100\n|move|p2b: Kyogre|Ice Beam|p1b: Miraidon\n|-damage|p1b: Miraidon|0 fnt\n|faint|p1b: Miraidon\n|\n|win|j0l0k0\n|raw|doomstahl's rating: 1293 &rarr; <strong>1271</strong><br />(-22 for losing)\n|raw|j0l0k0's rating: 1329 &rarr; <strong>1347</strong><br />(+18 for winning)\n|l|\u2606doomstahl\n|player|p1|\n|l|\u2606j0l0k0\n|player|p2|\n","uploadtime":1770498706,"views":11,"formatid":"gen9vgc2026regi","rating":1271,"private":0,"password":null}