{"id":"gen9vgc2026regi-2570750327","format":"[Gen 9] VGC 2026 Reg I","players":["Snowsquall brute","Kwiper"],"log":"|j|\u2606Snowsquall brute\n|j|\u2606Kwiper\n|t:|1774843149\n|gametype|doubles\n|player|p1|Snowsquall brute|veteran|1596\n|player|p2|Kwiper|sycamore|1672\n|gen|9\n|tier|[Gen 9] VGC 2026 Reg I\n|rated|\n|rule|Species Clause: Limit one of each Pok\u00e9mon\n|rule|Item Clause: Limit 1 of each item\n|clearpoke\n|poke|p1|Miraidon, L50|\n|poke|p1|Landorus-Therian, L50, M|\n|poke|p1|Volcarona, L50, F|\n|poke|p1|Kyogre, L50|\n|poke|p2|Koraidon, L50|\n|poke|p2|Lunala, L50|\n|poke|p2|Indeedee-F, L50, F|\n|poke|p2|Flutter Mane, L50|\n|poke|p2|Volcarona, L50, M|\n|poke|p2|Ursaluna, L50, M|\n|teampreview|4\n|inactive|Battle timer is ON: inactive players will automatically lose when time's up. (requested by Kwiper)\n|\n|t:|1774843174\n|teamsize|p1|4\n|teamsize|p2|4\n|start\n|switch|p1a: Landorus|Landorus-Therian, L50, M|100/100\n|switch|p1b: Kyogre|Kyogre, L50|100/100\n|switch|p2a: Lunala|Lunala, L50, shiny|100/100\n|switch|p2b: Flutter Mane|Flutter Mane, L50|100/100\n|-weather|RainDance|[from] ability: Drizzle|[of] p1b: Kyogre\n|-ability|p1a: Landorus|Intimidate|boost\n|-unboost|p2a: Lunala|atk|1\n|-unboost|p2b: Flutter Mane|atk|1\n|turn|1\n|\n|t:|1774843183\n|move|p2b: Flutter Mane|Icy Wind|p1a: Landorus|[spread] p1a,p1b\n|-supereffective|p1a: Landorus\n|-resisted|p1b: Kyogre\n|-damage|p1a: Landorus|63/100\n|-damage|p1b: Kyogre|96/100\n|-unboost|p1a: Landorus|spe|1\n|-unboost|p1b: Kyogre|spe|1\n|move|p2a: Lunala|Meteor Beam||[still]\n|-prepare|p2a: Lunala|Meteor Beam\n|-boost|p2a: Lunala|spa|1\n|-enditem|p2a: Lunala|Power Herb\n|-anim|p2a: Lunala|Meteor Beam|p1b: Kyogre\n|-damage|p1b: Kyogre|50/100\n|move|p1b: Kyogre|Origin Pulse|p2a: Lunala|[spread] p2b\n|-miss|p1b: Kyogre|p2a: Lunala\n|-damage|p2b: Flutter Mane|32/100\n|move|p1a: Landorus|Rock Tomb|p2a: Lunala\n|-damage|p2a: Lunala|91/100\n|-unboost|p2a: Lunala|spe|1\n|\n|-weather|RainDance|[upkeep]\n|-heal|p1b: Kyogre|56/100|[from] item: Leftovers\n|upkeep\n|turn|2\n|\n|t:|1774843192\n|move|p2b: Flutter Mane|Icy Wind|p1b: Kyogre|[spread] p1a,p1b\n|-supereffective|p1a: Landorus\n|-resisted|p1b: Kyogre\n|-damage|p1a: Landorus|26/100\n|-damage|p1b: Kyogre|52/100\n|-unboost|p1a: Landorus|spe|1\n|-unboost|p1b: Kyogre|spe|1\n|move|p2a: Lunala|Moongeist Beam|p1b: Kyogre\n|-damage|p1b: Kyogre|0 fnt\n|faint|p1b: Kyogre\n|move|p1a: Landorus|Rock Tomb|p2a: Lunala\n|-damage|p2a: Lunala|73/100\n|-unboost|p2a: Lunala|spe|1\n|\n|-weather|RainDance|[upkeep]\n|upkeep\n|\n|t:|1774843197\n|switch|p1b: Miraidon|Miraidon, L50|100/100\n|-fieldstart|move: Electric Terrain|[from] ability: Hadron Engine|[of] p1b: Miraidon\n|-enditem|p1b: Miraidon|Electric Seed\n|-boost|p1b: Miraidon|def|1|[from] item: Electric Seed\n|turn|3\n|\n|t:|1774843212\n|-end|p2b: Flutter Mane|Protosynthesis|[silent]\n|switch|p2b: Indeedee|Indeedee-F, L50, F|100/100\n|-fieldstart|move: Psychic Terrain|[from] ability: Psychic Surge|[of] p2b: Indeedee\n|move|p1b: Miraidon|Parabolic Charge|p2b: Indeedee|[spread] p2a,p2b\n|-immune|p1a: Landorus\n|-damage|p2a: Lunala|58/100\n|-damage|p2b: Indeedee|80/100\n|move|p2a: Lunala|Expanding Force|p1b: Miraidon|[spread] p1a,p1b\n|-damage|p1a: Landorus|0 fnt\n|-damage|p1b: Miraidon|40/100\n|faint|p1a: Landorus\n|\n|-weather|RainDance|[upkeep]\n|upkeep\n|\n|t:|1774843215\n|switch|p1a: Volcarona|Volcarona, L50, F|100/100\n|turn|4\n|\n|t:|1774843219\n|move|p2b: Indeedee|Follow Me|p2b: Indeedee\n|-singleturn|p2b: Indeedee|move: Follow Me\n|move|p1b: Miraidon|Calm Mind|p1b: Miraidon\n|-boost|p1b: Miraidon|spa|1\n|-boost|p1b: Miraidon|spd|1\n|move|p1a: Volcarona|Struggle Bug|p2a: Lunala|[spread] p2a,p2b\n|-supereffective|p2b: Indeedee\n|-damage|p2a: Lunala|45/100\n|-damage|p2b: Indeedee|50/100\n|-unboost|p2a: Lunala|spa|1\n|-unboost|p2b: Indeedee|spa|1\n|move|p2a: Lunala|Expanding Force|p1b: Miraidon|[spread] p1a,p1b\n|-damage|p1a: Volcarona|47/100\n|-damage|p1b: Miraidon|13/100\n|-enditem|p1a: Volcarona|Sitrus Berry|[eat]\n|-heal|p1a: Volcarona|72/100|[from] item: Sitrus Berry\n|\n|-weather|RainDance|[upkeep]\n|upkeep\n|turn|5\n|\n|t:|1774843224\n|-terastallize|p1b: Miraidon|Electric\n|move|p1a: Volcarona|Protect|p1a: Volcarona\n|-singleturn|p1a: Volcarona|Protect\n|move|p2a: Lunala|Wide Guard|p2a: Lunala\n|-singleturn|p2a: Lunala|Wide Guard\n|move|p1b: Miraidon|Parabolic Charge|p2b: Indeedee|[spread] \n|-activate|p2a: Lunala|move: Wide Guard\n|-activate|p2b: Indeedee|move: Wide Guard\n|-activate|p1a: Volcarona|move: Protect\n|move|p2b: Indeedee|Alluring Voice|p1b: Miraidon\n|-damage|p1b: Miraidon|8/100\n|\n|-weather|none\n|upkeep\n|turn|6\n|\n|t:|1774843231\n|move|p2b: Indeedee|Follow Me|p2b: Indeedee\n|-singleturn|p2b: Indeedee|move: Follow Me\n|move|p1b: Miraidon|Parabolic Charge|p2a: Lunala|[spread] p1a,p2a,p2b\n|-crit|p1a: Volcarona\n|-damage|p1a: Volcarona|15/100\n|-heal|p1b: Miraidon|34/100|[from] drain|[of] p1a: Volcarona\n|-damage|p2a: Lunala|13/100\n|-heal|p1b: Miraidon|52/100|[from] drain|[of] p2a: Lunala\n|-damage|p2b: Indeedee|10/100\n|-heal|p1b: Miraidon|69/100|[from] drain|[of] p2b: Indeedee\n|move|p1a: Volcarona|Struggle Bug|p2b: Indeedee|[spread] p2a,p2b\n|-supereffective|p2b: Indeedee\n|-crit|p2b: Indeedee\n|-damage|p2a: Lunala|1/100\n|-damage|p2b: Indeedee|0 fnt\n|-unboost|p2a: Lunala|spa|1\n|faint|p2b: Indeedee\n|move|p2a: Lunala|Expanding Force|p1b: Miraidon|[spread] p1a,p1b\n|-damage|p1a: Volcarona|0 fnt\n|-damage|p1b: Miraidon|50/100\n|faint|p1a: Volcarona\n|\n|upkeep\n|\n|t:|1774843233\n|switch|p2b: Koraidon|Koraidon, L50, shiny|100/100\n|-weather|SunnyDay|[from] ability: Orichalcum Pulse|[of] p2b: Koraidon\n|-activate|p2b: Koraidon|Orichalcum Pulse|[source]\n|turn|7\n|\n|t:|1774843241\n|-terastallize|p2b: Koraidon|Fire\n|move|p2a: Lunala|Wide Guard|p2a: Lunala\n|-singleturn|p2a: Lunala|Wide Guard\n|move|p2b: Koraidon|Flare Blitz|p1b: Miraidon\n|-damage|p1b: Miraidon|0 fnt\n|faint|p1b: Miraidon\n|-damage|p2b: Koraidon|82/100|[from] Recoil\n|-damage|p2b: Koraidon|72/100|[from] item: Life Orb\n|\n|win|Kwiper\n|raw|Snowsquall brute's rating: 1596 &rarr; <strong>1580</strong><br />(-16 for losing)\n|raw|Kwiper's rating: 1672 &rarr; <strong>1688</strong><br />(+16 for winning)\n","uploadtime":1774843241,"views":20,"formatid":"gen9vgc2026regi","rating":1580,"private":0,"password":null}