{"id":"gen9vgc2026regi-2523832554","format":"[Gen 9] VGC 2026 Reg I","players":["kojimuranishi","moyuanjie"],"log":"|j|\u2606kojimuranishi\n|j|\u2606moyuanjie\n|t:|1769078621\n|gametype|doubles\n|player|p1|kojimuranishi|169|1521\n|player|p2|moyuanjie|169|1487\n|gen|9\n|tier|[Gen 9] VGC 2026 Reg I\n|rated|\n|rule|Species Clause: Limit one of each Pok\u00e9mon\n|rule|Item Clause: Limit 1 of each item\n|clearpoke\n|poke|p1|Whimsicott, L50, F|\n|poke|p1|Calyrex-Ice, L50|\n|poke|p1|Miraidon, L50|\n|poke|p1|Chi-Yu, L50|\n|poke|p1|Ursaluna-Bloodmoon, L50, M|\n|poke|p1|Golduck, L50, M|\n|poke|p2|Miraidon, L50|\n|poke|p2|Calyrex-Ice, L50|\n|poke|p2|Landorus, L50, M|\n|poke|p2|Smeargle, L50, F|\n|poke|p2|Roaring Moon, L50|\n|poke|p2|Incineroar, L50, F|\n|teampreview|4\n|inactive|Battle timer is ON: inactive players will automatically lose when time's up. (requested by kojimuranishi)\n|j| Electroely\n|inactive|moyuanjie has 60 seconds left.\n|\n|t:|1769078663\n|teamsize|p1|4\n|teamsize|p2|4\n|start\n|switch|p1a: Ursaluna|Ursaluna-Bloodmoon, L50, M|100/100\n|switch|p1b: Miraidon|Miraidon, L50|100/100\n|switch|p2a: Calyrex|Calyrex-Ice, L50|100/100\n|switch|p2b: Smeargle|Smeargle, L50, F|100/100\n|-ability|p2a: Calyrex|As One\n|-ability|p2a: Calyrex|Unnerve\n|-fieldstart|move: Electric Terrain|[from] ability: Hadron Engine|[of] p1b: Miraidon\n|turn|1\n|\n|t:|1769078687\n|-terastallize|p1a: Ursaluna|Normal\n|-terastallize|p2b: Smeargle|Ground\n|move|p2b: Smeargle|Follow Me|p2b: Smeargle\n|-singleturn|p2b: Smeargle|move: Follow Me\n|move|p1b: Miraidon|Volt Switch|p2b: Smeargle\n|-immune|p2b: Smeargle\n|move|p1a: Ursaluna|Blood Moon|p2b: Smeargle\n|-enditem|p2b: Smeargle|Focus Sash\n|-damage|p2b: Smeargle|1/100\n|-damage|p1a: Ursaluna|91/100|[from] item: Life Orb\n|move|p2a: Calyrex|Glacial Lance|p1a: Ursaluna|[spread] p1a,p1b\n|-supereffective|p1b: Miraidon\n|-damage|p1a: Ursaluna|44/100\n|-damage|p1b: Miraidon|0 fnt\n|faint|p1b: Miraidon\n|-ability|p2a: Calyrex|Chilling Neigh|boost\n|-boost|p2a: Calyrex|atk|1\n|\n|upkeep\n|\n|t:|1769078708\n|switch|p1b: Calyrex|Calyrex-Ice, L50|100/100\n|-ability|p1b: Calyrex|As One\n|-ability|p1b: Calyrex|Unnerve\n|turn|2\n|\n|t:|1769078717\n|move|p1a: Ursaluna|Protect|p1a: Ursaluna\n|-singleturn|p1a: Ursaluna|Protect\n|move|p2b: Smeargle|Wide Guard|p2b: Smeargle\n|-singleturn|p2b: Smeargle|Wide Guard\n|move|p1b: Calyrex|Glacial Lance|p2b: Smeargle|[spread] \n|-activate|p2a: Calyrex|move: Wide Guard\n|-activate|p2b: Smeargle|move: Wide Guard\n|move|p2a: Calyrex|Glacial Lance|p1b: Calyrex|[spread] p1b\n|-activate|p1a: Ursaluna|move: Protect\n|-resisted|p1b: Calyrex\n|-damage|p1b: Calyrex|67/100\n|\n|upkeep\n|turn|3\n|\n|t:|1769078736\n|move|p2b: Smeargle|Follow Me|p2b: Smeargle\n|-singleturn|p2b: Smeargle|move: Follow Me\n|move|p1a: Ursaluna|Blood Moon|p2b: Smeargle\n|-damage|p2b: Smeargle|0 fnt\n|faint|p2b: Smeargle\n|-damage|p1a: Ursaluna|35/100|[from] item: Life Orb\n|move|p1b: Calyrex|Glacial Lance|p2a: Calyrex\n|-resisted|p2a: Calyrex\n|-damage|p2a: Calyrex|69/100\n|move|p2a: Calyrex|Glacial Lance|p1b: Calyrex|[spread] p1a,p1b\n|-resisted|p1b: Calyrex\n|-damage|p1a: Ursaluna|0 fnt\n|-damage|p1b: Calyrex|35/100\n|faint|p1a: Ursaluna\n|-ability|p2a: Calyrex|Chilling Neigh|boost\n|-boost|p2a: Calyrex|atk|1\n|\n|upkeep\n|l| Electroely\n|\n|t:|1769078754\n|switch|p1a: Whimsicott|Whimsicott, L50, F|100/100\n|switch|p2b: Miraidon|Miraidon, L50|100/100\n|-activate|p2b: Miraidon|ability: Hadron Engine\n|turn|4\n|\n|t:|1769078766\n|switch|p2b: Incineroar|Incineroar, L50, F|100/100\n|-ability|p2b: Incineroar|Intimidate|boost\n|-unboost|p1a: Whimsicott|atk|1\n|-unboost|p1b: Calyrex|atk|1\n|move|p1a: Whimsicott|Tailwind|p1a: Whimsicott\n|-sidestart|p1: kojimuranishi|move: Tailwind\n|move|p1b: Calyrex|Glacial Lance|p2b: Incineroar|[spread] p2a,p2b\n|-resisted|p2a: Calyrex\n|-resisted|p2b: Incineroar\n|-damage|p2a: Calyrex|52/100\n|-damage|p2b: Incineroar|78/100\n|move|p2a: Calyrex|Glacial Lance|p1b: Calyrex|[spread] p1a,p1b\n|-supereffective|p1a: Whimsicott\n|-resisted|p1b: Calyrex\n|-enditem|p1a: Whimsicott|Focus Sash\n|-damage|p1a: Whimsicott|1/100\n|-damage|p1b: Calyrex|0 fnt\n|faint|p1b: Calyrex\n|-ability|p2a: Calyrex|Chilling Neigh|boost\n|-boost|p2a: Calyrex|atk|1\n|\n|upkeep\n|turn|5\n|-message|kojimuranishi forfeited.\n|\n|win|moyuanjie\n|raw|kojimuranishi's rating: 1521 &rarr; <strong>1499</strong><br />(-22 for losing)\n|raw|moyuanjie's rating: 1487 &rarr; <strong>1509</strong><br />(+22 for winning)\n|l|\u2606kojimuranishi\n|player|p1|\n|l|\u2606moyuanjie\n|player|p2|\n","uploadtime":1769078994,"views":25,"formatid":"gen9vgc2026regi","rating":1499,"private":0,"password":null}