{"id":"gen9vgc2026regi-2573619188","format":"[Gen 9] VGC 2026 Reg I","players":["sunny_zong3","agustyva"],"log":"|j|\u2606sunny_zong3\n|j|\u2606agustyva\n|t:|1775151361\n|gametype|doubles\n|player|p1|sunny_zong3|1|1171\n|player|p2|agustyva|winona|1253\n|gen|9\n|tier|[Gen 9] VGC 2026 Reg I\n|rated|\n|rule|Species Clause: Limit one of each Pok\u00e9mon\n|rule|Item Clause: Limit 1 of each item\n|clearpoke\n|poke|p1|Typhlosion-Hisui, L50, M|\n|poke|p1|Miraidon, L50|\n|poke|p1|Calyrex-Shadow, L50|\n|poke|p1|Ursaluna, L50, F|\n|poke|p1|Incineroar, L50, M|\n|poke|p1|Murkrow, L50, F|\n|poke|p2|Calyrex-Shadow, L50|\n|poke|p2|Kyogre, L50|\n|poke|p2|Talonflame, L50, M|\n|poke|p2|Rillaboom, L50, M|\n|poke|p2|Archaludon, L50, M|\n|poke|p2|Bisharp, L50, M|\n|teampreview|4\n|inactive|Battle timer is ON: inactive players will automatically lose when time's up. (requested by agustyva)\n|inactive|sunny_zong3 also wants the timer to be on.\n|\n|t:|1775151375\n|teamsize|p1|4\n|teamsize|p2|4\n|start\n|switch|p1a: Murkrow|Murkrow, L50, F|100/100\n|switch|p1b: Typhlosion|Typhlosion-Hisui, L50, M|100/100\n|switch|p2a: Rillaboom|Rillaboom, L50, M|100/100\n|switch|p2b: Kyogre|Kyogre, L50|100/100\n|-weather|RainDance|[from] ability: Drizzle|[of] p2b: Kyogre\n|-fieldstart|move: Grassy Terrain|[from] ability: Grassy Surge|[of] p2a: Rillaboom\n|-enditem|p2a: Rillaboom|Grassy Seed\n|-boost|p2a: Rillaboom|def|1|[from] item: Grassy Seed\n|turn|1\n|inactive|sunny_zong3 has 30 seconds left.\n|inactive|agustyva has 30 seconds left.\n|inactive|agustyva has 20 seconds left.\n|inactive|agustyva has 15 seconds left.\n|inactive|agustyva has 10 seconds left.\n|\n|t:|1775151428\n|move|p2b: Kyogre|Protect|p2b: Kyogre\n|-singleturn|p2b: Kyogre|Protect\n|move|p2a: Rillaboom|Protect|p2a: Rillaboom\n|-singleturn|p2a: Rillaboom|Protect\n|move|p1a: Murkrow|Tailwind|p1a: Murkrow\n|-sidestart|p1: sunny_zong3|move: Tailwind\n|move|p1b: Typhlosion|Endeavor|p2b: Kyogre\n|-activate|p2b: Kyogre|move: Protect\n|\n|-weather|RainDance|[upkeep]\n|upkeep\n|turn|2\n|inactive|agustyva has 30 seconds left.\n|\n|t:|1775151462\n|move|p1b: Typhlosion|Shadow Ball|p2b: Kyogre\n|-damage|p2b: Kyogre|74/100\n|move|p1a: Murkrow|Brave Bird|p2b: Kyogre\n|-damage|p2b: Kyogre|35/100\n|-damage|p1a: Murkrow|81/100|[from] Recoil\n|move|p2a: Rillaboom|Knock Off|p1b: Typhlosion\n|-supereffective|p1b: Typhlosion\n|-enditem|p1b: Typhlosion|Focus Sash\n|-damage|p1b: Typhlosion|1/100\n|move|p2b: Kyogre|Ice Beam|p1a: Murkrow\n|-supereffective|p1a: Murkrow\n|-damage|p1a: Murkrow|0 fnt\n|faint|p1a: Murkrow\n|\n|-weather|RainDance|[upkeep]\n|-heal|p1b: Typhlosion|7/100|[from] Grassy Terrain\n|-heal|p2b: Kyogre|41/100|[from] Grassy Terrain\n|-heal|p2b: Kyogre|46/100|[from] item: Leftovers\n|upkeep\n|inactive|sunny_zong3 has 30 seconds left.\n|inactive|sunny_zong3 has 20 seconds left.\n|\n|t:|1775151497\n|switch|p1a: Miraidon|Miraidon, L50|100/100\n|-fieldstart|move: Electric Terrain|[from] ability: Hadron Engine|[of] p1a: Miraidon\n|turn|3\n|\n|t:|1775151517\n|switch|p2a: Calyrex|Calyrex-Shadow, L50|100/100\n|-ability|p2a: Calyrex|As One\n|-ability|p2a: Calyrex|Unnerve\n|-terastallize|p1a: Miraidon|Fairy\n|move|p2b: Kyogre|Protect|p2b: Kyogre\n|-singleturn|p2b: Kyogre|Protect\n|move|p1a: Miraidon|Dazzling Gleam|p2b: Kyogre|[spread] p2a\n|-activate|p2b: Kyogre|move: Protect\n|-damage|p2a: Calyrex|33/100\n|move|p1b: Typhlosion|Endeavor|p2a: Calyrex\n|-immune|p2a: Calyrex\n|\n|-weather|RainDance|[upkeep]\n|-heal|p2b: Kyogre|52/100|[from] item: Leftovers\n|upkeep\n|turn|4\n|\n|t:|1775151540\n|switch|p2b: Rillaboom|Rillaboom, L50, M|100/100\n|-fieldstart|move: Grassy Terrain|[from] ability: Grassy Surge|[of] p2b: Rillaboom\n|move|p2a: Calyrex|Protect|p2a: Calyrex\n|-singleturn|p2a: Calyrex|Protect\n|move|p1a: Miraidon|Dazzling Gleam|p2a: Calyrex|[spread] p2b\n|-activate|p2a: Calyrex|move: Protect\n|-damage|p2b: Rillaboom|50/100\n|move|p1b: Typhlosion|Curse|p2a: Calyrex\n|-start|p2a: Calyrex|Curse|[of] p1b: Typhlosion\n|-damage|p1b: Typhlosion|0 fnt\n|faint|p1b: Typhlosion\n|\n|-weather|RainDance|[upkeep]\n|-heal|p2a: Calyrex|40/100|[from] Grassy Terrain\n|-heal|p2b: Rillaboom|56/100|[from] Grassy Terrain\n|-damage|p2a: Calyrex|15/100|[from] Curse\n|-sideend|p1: sunny_zong3|move: Tailwind\n|upkeep\n|\n|t:|1775151542\n|switch|p1b: Calyrex|Calyrex-Shadow, L50|100/100\n|-ability|p1b: Calyrex|As One\n|-ability|p1b: Calyrex|Unnerve\n|turn|5\n|inactive|agustyva has 30 seconds left.\n|inactive|agustyva has 20 seconds left.\n|\n|t:|1775151578\n|switch|p2a: Talonflame|Talonflame, L50, M|100/100\n|move|p2b: Rillaboom|Fake Out|p1a: Miraidon\n|-damage|p1a: Miraidon|86/100\n|move|p1b: Calyrex|Astral Barrage|p2b: Rillaboom|[spread] p2a,p2b\n|-crit|p2b: Rillaboom\n|-damage|p2a: Talonflame|0 fnt\n|-damage|p2b: Rillaboom|0 fnt\n|faint|p2a: Talonflame\n|faint|p2b: Rillaboom\n|-ability|p1b: Calyrex|Grim Neigh|boost\n|-boost|p1b: Calyrex|spa|2\n|-damage|p1b: Calyrex|91/100|[from] item: Life Orb\n|cant|p1a: Miraidon|flinch\n|\n|-weather|none\n|-heal|p1b: Calyrex|96/100|[from] Grassy Terrain\n|-heal|p1a: Miraidon|91/100|[from] Grassy Terrain\n|upkeep\n|\n|t:|1775151595\n|switch|p2a: Kyogre|Kyogre, L50|52/100\n|switch|p2b: Calyrex|Calyrex-Shadow, L50|15/100\n|-ability|p2b: Calyrex|As One\n|-ability|p2b: Calyrex|Unnerve\n|-weather|RainDance|[from] ability: Drizzle|[of] p2a: Kyogre\n|turn|6\n|\n|t:|1775151611\n|move|p2a: Kyogre|Protect|p2a: Kyogre\n|-singleturn|p2a: Kyogre|Protect\n|move|p2b: Calyrex|Astral Barrage|p1b: Calyrex|[spread] p1a,p1b\n|-supereffective|p1b: Calyrex\n|-damage|p1a: Miraidon|38/100\n|-damage|p1b: Calyrex|0 fnt\n|faint|p1b: Calyrex\n|-ability|p2b: Calyrex|Grim Neigh|boost\n|-boost|p2b: Calyrex|spa|1\n|move|p1a: Miraidon|Dazzling Gleam|p2a: Kyogre|[spread] p2b\n|-activate|p2a: Kyogre|move: Protect\n|-damage|p2b: Calyrex|0 fnt\n|faint|p2b: Calyrex\n|\n|-weather|RainDance|[upkeep]\n|-heal|p1a: Miraidon|44/100|[from] Grassy Terrain\n|-heal|p2a: Kyogre|58/100|[from] Grassy Terrain\n|-heal|p2a: Kyogre|64/100|[from] item: Leftovers\n|upkeep\n|turn|7\n|inactive|sunny_zong3 has 30 seconds left.\n|inactive|agustyva has 30 seconds left.\n|\n|t:|1775151644\n|-terastallize|p2a: Kyogre|Grass\n|move|p1a: Miraidon|Dazzling Gleam|p2a: Kyogre\n|-damage|p2a: Kyogre|24/100\n|move|p2a: Kyogre|Origin Pulse|p1a: Miraidon\n|-damage|p1a: Miraidon|0 fnt\n|faint|p1a: Miraidon\n|\n|win|agustyva\n|raw|sunny_zong3's rating: 1171 &rarr; <strong>1152</strong><br />(-19 for losing)\n|raw|agustyva's rating: 1253 &rarr; <strong>1272</strong><br />(+19 for winning)\n|l|\u2606sunny_zong3\n|player|p1|\n","uploadtime":1775151652,"views":12,"formatid":"gen9vgc2026regi","rating":1152,"private":0,"password":null}