{"id":"gen9vgc2026regi-2536263184","format":"[Gen 9] VGC 2026 Reg I","players":["Abl6y","yamato-tak"],"log":"|j|\u2606Abl6y\n|j|\u2606yamato-tak\n|t:|1770669043\n|gametype|doubles\n|player|p1|Abl6y|swimmer-gen4dp|1395\n|player|p2|yamato-tak|266|1540\n|gen|9\n|tier|[Gen 9] VGC 2026 Reg I\n|rated|\n|rule|Species Clause: Limit one of each Pok\u00e9mon\n|rule|Item Clause: Limit 1 of each item\n|clearpoke\n|poke|p1|Incineroar, L50, F|\n|poke|p1|Urshifu-*, L50, F|\n|poke|p1|Miraidon, L50|\n|poke|p1|Calyrex-Ice, L50|\n|poke|p1|Landorus, L50, M|\n|poke|p1|Farigiraf, L50, M|\n|poke|p2|Miraidon, L50|\n|poke|p2|Calyrex-Ice, L50|\n|poke|p2|Volcarona, L50, F|\n|poke|p2|Araquanid, L50, M|\n|poke|p2|Grimmsnarl, L50, M|\n|poke|p2|Rillaboom, L50, M|\n|teampreview|4\n|inactive|Battle timer is ON: inactive players will automatically lose when time's up. (requested by yamato-tak)\n|inactive|Abl6y also wants the timer to be on.\n|j| shihevlrex7\n|l| shihevlrex7\n|inactive|Abl6y has 60 seconds left.\n|\n|t:|1770669075\n|teamsize|p1|4\n|teamsize|p2|4\n|start\n|switch|p1a: Miraidon|Miraidon, L50|100/100\n|switch|p1b: Farigiraf|Farigiraf, L50, M|100/100\n|switch|p2a: Miraidon|Miraidon, L50, shiny|100/100\n|switch|p2b: Grimmsnarl|Grimmsnarl, L50, M, shiny|100/100\n|-fieldstart|move: Electric Terrain|[from] ability: Hadron Engine|[of] p1a: Miraidon\n|-enditem|p1b: Farigiraf|Electric Seed\n|-boost|p1b: Farigiraf|def|1|[from] item: Electric Seed\n|-activate|p2a: Miraidon|ability: Hadron Engine\n|turn|1\n|\n|t:|1770669099\n|-terastallize|p2a: Miraidon|Electric\n|move|p2b: Grimmsnarl|Light Screen|p2b: Grimmsnarl\n|-sidestart|p2: yamato-tak|move: Light Screen\n|move|p1a: Miraidon|Volt Switch|p2b: Grimmsnarl\n|-damage|p2b: Grimmsnarl|60/100\n|\n|t:|1770669107\n|switch|p1a: Landorus|Landorus, L50, M|100/100|[from] Volt Switch\n|move|p2a: Miraidon|Calm Mind|p2a: Miraidon\n|-boost|p2a: Miraidon|spa|1\n|-boost|p2a: Miraidon|spd|1\n|move|p1b: Farigiraf|Trick Room|p1b: Farigiraf\n|-fieldstart|move: Trick Room|[of] p1b: Farigiraf\n|\n|upkeep\n|turn|2\n|\n|t:|1770669123\n|move|p2b: Grimmsnarl|Reflect|p2b: Grimmsnarl\n|-sidestart|p2: yamato-tak|Reflect\n|move|p1b: Farigiraf|Foul Play|p2a: Miraidon\n|-damage|p2a: Miraidon|91/100\n|move|p1a: Landorus|Sandsear Storm|p2a: Miraidon|[spread] p2a\n|-miss|p1a: Landorus|p2b: Grimmsnarl\n|-supereffective|p2a: Miraidon\n|-damage|p2a: Miraidon|50/100\n|move|p2a: Miraidon|Parabolic Charge|p1a: Landorus|[spread] p2b,p1b\n|-immune|p1a: Landorus\n|-damage|p2b: Grimmsnarl|14/100\n|-heal|p2a: Miraidon|73/100|[from] drain|[of] p2b: Grimmsnarl\n|-damage|p1b: Farigiraf|34/100\n|-heal|p2a: Miraidon|100/100|[from] drain|[of] p1b: Farigiraf\n|\n|upkeep\n|turn|3\n|\n|t:|1770669144\n|move|p1b: Farigiraf|Helping Hand|p1a: Landorus\n|-singleturn|p1a: Landorus|Helping Hand|[of] p1b: Farigiraf\n|move|p2b: Grimmsnarl|Parting Shot||[still]\n|cant|p1b: Farigiraf|ability: Armor Tail|Parting Shot|[of] p2b: Grimmsnarl\n|move|p1a: Landorus|Earth Power|p2a: Miraidon\n|-supereffective|p2a: Miraidon\n|-damage|p2a: Miraidon|32/100\n|move|p2a: Miraidon|Parabolic Charge|p1a: Landorus|[spread] p2b,p1b\n|-immune|p1a: Landorus\n|-damage|p2b: Grimmsnarl|0 fnt\n|-heal|p2a: Miraidon|38/100|[from] drain|[of] p2b: Grimmsnarl\n|-damage|p1b: Farigiraf|0 fnt\n|-heal|p2a: Miraidon|56/100|[from] drain|[of] p1b: Farigiraf\n|faint|p2b: Grimmsnarl\n|faint|p1b: Farigiraf\n|\n|upkeep\n|\n|t:|1770669160\n|switch|p1b: Calyrex|Calyrex-Ice, L50|100/100\n|switch|p2b: Calyrex|Calyrex-Ice, L50|100/100\n|-ability|p1b: Calyrex|As One\n|-ability|p1b: Calyrex|Unnerve\n|-ability|p2b: Calyrex|As One\n|-ability|p2b: Calyrex|Unnerve\n|turn|4\n|\n|t:|1770669183\n|switch|p2a: Araquanid|Araquanid, L50, M, shiny|100/100\n|-terastallize|p1a: Landorus|Poison\n|move|p1b: Calyrex|Glacial Lance|p2b: Calyrex|[spread] p2a,p2b\n|-resisted|p2a: Araquanid\n|-resisted|p2b: Calyrex\n|-damage|p2a: Araquanid|79/100\n|-damage|p2b: Calyrex|89/100\n|move|p2b: Calyrex|Glacial Lance|p1b: Calyrex|[spread] p1a,p1b\n|-resisted|p1b: Calyrex\n|-damage|p1a: Landorus|52/100\n|-damage|p1b: Calyrex|83/100\n|move|p1a: Landorus|Earth Power|p2a: Araquanid\n|-resisted|p2a: Araquanid\n|-damage|p2a: Araquanid|58/100\n|\n|upkeep\n|turn|5\n|\n|t:|1770669197\n|move|p1b: Calyrex|Protect|p1b: Calyrex\n|-singleturn|p1b: Calyrex|Protect\n|move|p1a: Landorus|Protect|p1a: Landorus\n|-singleturn|p1a: Landorus|Protect\n|move|p2a: Araquanid|Leech Life|p1b: Calyrex\n|-activate|p1b: Calyrex|move: Protect\n|move|p2b: Calyrex|Glacial Lance|p1b: Calyrex|[spread] \n|-activate|p1a: Landorus|move: Protect\n|-activate|p1b: Calyrex|move: Protect\n|\n|-fieldend|move: Trick Room\n|-fieldend|move: Electric Terrain\n|upkeep\n|turn|6\n|\n|t:|1770669217\n|move|p1a: Landorus|Sludge Bomb|p2a: Araquanid\n|-crit|p2a: Araquanid\n|-damage|p2a: Araquanid|0 fnt\n|faint|p2a: Araquanid\n|move|p2b: Calyrex|Glacial Lance|p1a: Landorus|[spread] p1a,p1b\n|-resisted|p1b: Calyrex\n|-damage|p1a: Landorus|3/100\n|-damage|p1b: Calyrex|66/100\n|move|p1b: Calyrex|Glacial Lance|p2b: Calyrex\n|-resisted|p2b: Calyrex\n|-damage|p2b: Calyrex|73/100\n|\n|upkeep\n|\n|t:|1770669221\n|switch|p2a: Miraidon|Miraidon, L50, shiny, tera:Electric|56/100\n|-fieldstart|move: Electric Terrain|[from] ability: Hadron Engine|[of] p2a: Miraidon\n|turn|7\n|\n|t:|1770669245\n|move|p1b: Calyrex|Protect|p1b: Calyrex\n|-singleturn|p1b: Calyrex|Protect\n|move|p2a: Miraidon|Electro Drift|p1a: Landorus\n|-damage|p1a: Landorus|0 fnt\n|faint|p1a: Landorus\n|move|p2b: Calyrex|Leech Seed|p1b: Calyrex\n|-activate|p1b: Calyrex|move: Protect\n|\n|upkeep\n|\n|t:|1770669255\n|switch|p1a: Miraidon|Miraidon, L50|100/100\n|-activate|p1a: Miraidon|ability: Hadron Engine\n|turn|8\n|\n|t:|1770669279\n|move|p1a: Miraidon|Electro Drift|p2b: Calyrex\n|-crit|p2b: Calyrex\n|-damage|p2b: Calyrex|0 fnt\n|faint|p2b: Calyrex\n|move|p2a: Miraidon|Electro Drift|p1b: Calyrex\n|-crit|p1b: Calyrex\n|-damage|p1b: Calyrex|0 fnt\n|faint|p1b: Calyrex\n|\n|-sideend|p2: yamato-tak|move: Light Screen\n|upkeep\n|turn|9\n|\n|t:|1770669288\n|move|p1a: Miraidon|Electro Drift|p2a: Miraidon\n|-resisted|p2a: Miraidon\n|-damage|p2a: Miraidon|21/100\n|move|p2a: Miraidon|Calm Mind|p2a: Miraidon\n|-boost|p2a: Miraidon|spa|1\n|-boost|p2a: Miraidon|spd|1\n|\n|-sideend|p2: yamato-tak|Reflect\n|upkeep\n|turn|10\n|\n|t:|1770669296\n|move|p1a: Miraidon|Electro Drift|p2a: Miraidon\n|-resisted|p2a: Miraidon\n|-damage|p2a: Miraidon|0 fnt\n|faint|p2a: Miraidon\n|\n|win|Abl6y\n|raw|Abl6y's rating: 1395 &rarr; <strong>1423</strong><br />(+28 for winning)\n|raw|yamato-tak's rating: 1540 &rarr; <strong>1512</strong><br />(-28 for losing)\n|l|\u2606yamato-tak\n|player|p2|\n|l|\u2606Abl6y\n|player|p1|\n","uploadtime":1770669543,"views":24,"formatid":"gen9vgc2026regi","rating":1423,"private":0,"password":null}