{"id":"gen9vgc2026regi-2555485757","format":"[Gen 9] VGC 2026 Reg I","players":["bullgod4ever","Kwiper"],"log":"|j|\u2606bullgod4ever\n|j|\u2606Kwiper\n|t:|1773094359\n|gametype|doubles\n|player|p1|bullgod4ever|101|1504\n|player|p2|Kwiper|sycamore|1488\n|gen|9\n|tier|[Gen 9] VGC 2026 Reg I\n|rated|\n|rule|Species Clause: Limit one of each Pok\u00e9mon\n|rule|Item Clause: Limit 1 of each item\n|clearpoke\n|poke|p1|Calyrex-Shadow, L50|\n|poke|p1|Zamazenta-*, L50|\n|poke|p1|Chien-Pao, L50|\n|poke|p1|Dragonite, L50, M|\n|poke|p1|Amoonguss, L50, M|\n|poke|p1|Ogerpon-Cornerstone, L50, F|\n|poke|p2|Koraidon, L50|\n|poke|p2|Lunala, L50|\n|poke|p2|Indeedee-F, L50, F|\n|poke|p2|Flutter Mane, L50|\n|poke|p2|Volcarona, L50, F|\n|poke|p2|Ursaluna, L50, F|\n|teampreview|4\n|inactive|Battle timer is ON: inactive players will automatically lose when time's up. (requested by Kwiper)\n|\n|t:|1773094384\n|teamsize|p1|4\n|teamsize|p2|4\n|start\n|switch|p1a: Dragonite|Dragonite, L50, M|100/100\n|switch|p1b: Chien-Pao|Chien-Pao, L50|100/100\n|switch|p2a: Lunala|Lunala, L50, shiny|100/100\n|switch|p2b: Indeedee|Indeedee-F, L50, F|100/100\n|-ability|p1b: Chien-Pao|Sword of Ruin\n|-fieldstart|move: Psychic Terrain|[from] ability: Psychic Surge|[of] p2b: Indeedee\n|turn|1\n|inactive|bullgod4ever has 30 seconds left.\n|\n|t:|1773094410\n|switch|p2b: Volcarona|Volcarona, L50, F|100/100\n|move|p1b: Chien-Pao|Ice Spinner|p2b: Volcarona\n|-resisted|p2b: Volcarona\n|-damage|p2b: Volcarona|80/100\n|-damage|p1b: Chien-Pao|84/100|[from] item: Rocky Helmet|[of] p2b: Volcarona\n|-fieldend|move: Psychic Terrain\n|move|p2a: Lunala|Meteor Beam||[still]\n|-prepare|p2a: Lunala|Meteor Beam\n|-boost|p2a: Lunala|spa|1\n|-enditem|p2a: Lunala|Power Herb\n|-anim|p2a: Lunala|Meteor Beam|p1b: Chien-Pao\n|-supereffective|p1b: Chien-Pao\n|-damage|p1b: Chien-Pao|0 fnt\n|faint|p1b: Chien-Pao\n|move|p1a: Dragonite|Outrage|p2b: Volcarona\n|-damage|p2b: Volcarona|0 fnt\n|-damage|p1a: Dragonite|84/100|[from] item: Rocky Helmet|[of] p2b: Volcarona\n|faint|p2b: Volcarona\n|\n|upkeep\n|\n|t:|1773094431\n|switch|p1b: Calyrex|Calyrex-Shadow, L50|100/100\n|switch|p2b: Indeedee|Indeedee-F, L50, F|100/100\n|-ability|p1b: Calyrex|As One\n|-ability|p1b: Calyrex|Unnerve\n|-fieldstart|move: Psychic Terrain|[from] ability: Psychic Surge|[of] p2b: Indeedee\n|turn|2\n|\n|t:|1773094454\n|-terastallize|p2b: Indeedee|Fairy\n|move|p2a: Lunala|Wide Guard|p2a: Lunala\n|-singleturn|p2a: Lunala|Wide Guard\n|move|p1b: Calyrex|Astral Barrage|p2a: Lunala|[spread] \n|-activate|p2a: Lunala|move: Wide Guard\n|-activate|p2b: Indeedee|move: Wide Guard\n|move|p1a: Dragonite|Outrage|p2a: Lunala|[from] lockedmove\n|-damage|p2a: Lunala|57/100\n|move|p2b: Indeedee|Trick Room|p2b: Indeedee\n|-fieldstart|move: Trick Room|[of] p2b: Indeedee\n|\n|upkeep\n|turn|3\n|\n|t:|1773094473\n|-terastallize|p1b: Calyrex|Ghost\n|move|p2b: Indeedee|Alluring Voice|p1b: Calyrex\n|-damage|p1b: Calyrex|74/100\n|move|p1a: Dragonite|Outrage|p2a: Lunala|[from] lockedmove\n|-damage|p2a: Lunala|0 fnt\n|faint|p2a: Lunala\n|-start|p1a: Dragonite|confusion|[fatigue]\n|move|p1b: Calyrex|Astral Barrage|p2b: Indeedee\n|-damage|p2b: Indeedee|10/100\n|\n|upkeep\n|\n|t:|1773094484\n|switch|p2a: Koraidon|Koraidon, L50, shiny|100/100\n|-weather|SunnyDay|[from] ability: Orichalcum Pulse|[of] p2a: Koraidon\n|-activate|p2a: Koraidon|Orichalcum Pulse|[source]\n|turn|4\n|\n|t:|1773094497\n|move|p1b: Calyrex|Protect|p1b: Calyrex\n|-singleturn|p1b: Calyrex|Protect\n|move|p2b: Indeedee|Alluring Voice|p1a: Dragonite\n|-supereffective|p1a: Dragonite\n|-damage|p1a: Dragonite|35/100\n|-activate|p1a: Dragonite|confusion\n|-damage|p1a: Dragonite|19/100|[from] confusion\n|move|p2a: Koraidon|Flare Blitz|p1b: Calyrex\n|-activate|p1b: Calyrex|move: Protect\n|\n|-weather|SunnyDay|[upkeep]\n|upkeep\n|turn|5\n|\n|t:|1773094513\n|switch|p1b: Ogerpon|Ogerpon-Cornerstone, L50, F|100/100\n|move|p2b: Indeedee|Alluring Voice|p1a: Dragonite\n|-supereffective|p1a: Dragonite\n|-damage|p1a: Dragonite|0 fnt\n|faint|p1a: Dragonite\n|move|p2a: Koraidon|Flare Blitz|p1b: Ogerpon\n|-ability|p1b: Ogerpon|Sturdy\n|-damage|p1b: Ogerpon|1/100\n|-damage|p2a: Koraidon|71/100|[from] Recoil\n|-damage|p2a: Koraidon|61/100|[from] item: Life Orb\n|\n|-weather|SunnyDay|[upkeep]\n|upkeep\n|-message|Kwiper forfeited.\n|\n|win|bullgod4ever\n|raw|bullgod4ever's rating: 1504 &rarr; <strong>1523</strong><br />(+19 for winning)\n|raw|Kwiper's rating: 1488 &rarr; <strong>1469</strong><br />(-19 for losing)\n|l|\u2606Kwiper\n|player|p2|\n|l|\u2606bullgod4ever\n|player|p1|\n","uploadtime":1773094523,"views":21,"formatid":"gen9vgc2026regi","rating":1469,"private":0,"password":null}