{"id":"gen9vgc2026regi-2579660378","format":"[Gen 9] VGC 2026 Reg I","players":["alexfind","Hazweioh"],"log":"|j|\u2606alexfind\n|j|\u2606Hazweioh\n|t:|1775812797\n|gametype|doubles\n|player|p1|alexfind|169|1446\n|player|p2|Hazweioh|102|1570\n|gen|9\n|tier|[Gen 9] VGC 2026 Reg I\n|rated|\n|rule|Species Clause: Limit one of each Pok\u00e9mon\n|rule|Item Clause: Limit 1 of each item\n|clearpoke\n|poke|p1|Koraidon, L50|\n|poke|p1|Calyrex-Shadow, L50|\n|poke|p1|Weezing-Galar, L50, F|\n|poke|p1|Raging Bolt, L50|\n|poke|p1|Sableye, L50, F|\n|poke|p1|Incineroar, L50, F|\n|poke|p2|Calyrex-Shadow, L50|\n|poke|p2|Zamazenta-*, L50|\n|poke|p2|Chien-Pao, L50|\n|poke|p2|Dragonite, L50, M|\n|poke|p2|Raging Bolt, L50|\n|poke|p2|Amoonguss, L50, F|\n|teampreview|4\n|\n|t:|1775812819\n|teamsize|p1|4\n|teamsize|p2|4\n|start\n|switch|p1a: Sableye|Sableye, L50, F|100/100\n|switch|p1b: Koraidon|Koraidon, L50|100/100\n|switch|p2a: Arlie|Chien-Pao, L50|100/100\n|switch|p2b: PinkPonyClub|Calyrex-Shadow, L50|100/100\n|-ability|p2b: PinkPonyClub|As One\n|-ability|p2b: PinkPonyClub|Unnerve\n|-ability|p2a: Arlie|Sword of Ruin\n|-weather|SunnyDay|[from] ability: Orichalcum Pulse|[of] p1b: Koraidon\n|-activate|p1b: Koraidon|Orichalcum Pulse|[source]\n|turn|1\n|inactive|Battle timer is ON: inactive players will automatically lose when time's up. (requested by alexfind)\n|\n|t:|1775812837\n|-terastallize|p1b: Koraidon|Fire\n|move|p1a: Sableye|Fake Out|p2a: Arlie\n|-damage|p2a: Arlie|89/100\n|move|p2b: PinkPonyClub|Astral Barrage|p1b: Koraidon|[spread] p1a,p1b\n|-damage|p1a: Sableye|37/100\n|-damage|p1b: Koraidon|40/100\n|cant|p2a: Arlie|flinch\n|move|p1b: Koraidon|Flame Charge|p2b: PinkPonyClub\n|-damage|p2b: PinkPonyClub|3/100\n|-boost|p1b: Koraidon|spe|1\n|\n|-weather|SunnyDay|[upkeep]\n|upkeep\n|turn|2\n|inactive|alexfind has 30 seconds left.\n|\n|t:|1775812863\n|switch|p1a: Incineroar|Incineroar, L50, F|100/100\n|-ability|p1a: Incineroar|Intimidate|boost\n|-unboost|p2a: Arlie|atk|1\n|-unboost|p2b: PinkPonyClub|atk|1\n|move|p1b: Koraidon|Protect|p1b: Koraidon\n|-singleturn|p1b: Koraidon|Protect\n|move|p2a: Arlie|Sucker Punch||[still]\n|-fail|p2a: Arlie\n|move|p2b: PinkPonyClub|Astral Barrage|p1a: Incineroar|[spread] p1a\n|-activate|p1b: Koraidon|move: Protect\n|-resisted|p1a: Incineroar\n|-damage|p1a: Incineroar|86/100\n|\n|-weather|SunnyDay|[upkeep]\n|upkeep\n|turn|3\n|inactive|alexfind has 30 seconds left.\n|inactive|Hazweioh has 30 seconds left.\n|inactive|alexfind has 20 seconds left.\n|inactive|Hazweioh has 20 seconds left.\n|inactive|Hazweioh has 15 seconds left.\n|inactive|alexfind has 15 seconds left.\n|inactive|Hazweioh has 10 seconds left.\n|inactive|alexfind has 10 seconds left.\n|\n|t:|1775812915\n|switch|p2b: Raging Bolt|Raging Bolt, L50|100/100\n|-activate|p2b: Raging Bolt|ability: Protosynthesis\n|-start|p2b: Raging Bolt|protosynthesisspa\n|switch|p2a: Green Goober|Dragonite, L50, M, shiny|100/100\n|move|p1a: Incineroar|Fake Out|p2a: Green Goober\n|-damage|p2a: Green Goober|90/100\n|move|p1b: Koraidon|Flare Blitz|p2a: Green Goober\n|-resisted|p2a: Green Goober\n|-damage|p2a: Green Goober|30/100\n|-status|p2a: Green Goober|brn\n|-damage|p1b: Koraidon|18/100|[from] Recoil\n|\n|-weather|SunnyDay|[upkeep]\n|-damage|p2a: Green Goober|24/100 brn|[from] brn\n|upkeep\n|turn|4\n|inactive|alexfind has 30 seconds left.\n|inactive|Hazweioh has 30 seconds left.\n|\n|t:|1775812948\n|switch|p1a: Sableye|Sableye, L50, F|37/100\n|move|p1b: Koraidon|Protect|p1b: Koraidon\n|-singleturn|p1b: Koraidon|Protect\n|move|p2a: Green Goober|Extreme Speed|p1b: Koraidon\n|-activate|p1b: Koraidon|move: Protect\n|move|p2b: Raging Bolt|Thunderbolt|p1a: Sableye\n|-damage|p1a: Sableye|0 fnt\n|faint|p1a: Sableye\n|\n|-weather|SunnyDay|[upkeep]\n|-damage|p2a: Green Goober|18/100 brn|[from] brn\n|upkeep\n|inactive|alexfind has 30 seconds left.\n|\n|t:|1775812981\n|switch|p1a: Calyrex|Calyrex-Shadow, L50|100/100\n|-ability|p1a: Calyrex|As One\n|-ability|p1a: Calyrex|Unnerve\n|turn|5\n|\n|t:|1775813003\n|switch|p1b: Incineroar|Incineroar, L50, F|86/100\n|-ability|p1b: Incineroar|Intimidate|boost\n|-fail|p2a: Green Goober|unboost|Attack|[from] ability: Inner Focus|[of] p2a: Green Goober\n|-unboost|p2b: Raging Bolt|atk|1\n|move|p1a: Calyrex|Protect|p1a: Calyrex\n|-singleturn|p1a: Calyrex|Protect\n|move|p2a: Green Goober|Extreme Speed|p1b: Incineroar\n|-damage|p1b: Incineroar|69/100\n|move|p2b: Raging Bolt|Thunderbolt|p1a: Calyrex\n|-activate|p1a: Calyrex|move: Protect\n|\n|-weather|none\n|-end|p2b: Raging Bolt|Protosynthesis\n|-damage|p2a: Green Goober|12/100 brn|[from] brn\n|upkeep\n|-enditem|p2b: Raging Bolt|Booster Energy\n|-activate|p2b: Raging Bolt|ability: Protosynthesis|[fromitem]\n|-start|p2b: Raging Bolt|protosynthesisspa\n|turn|6\n|inactive|alexfind has 30 seconds left.\n|inactive|Hazweioh has 30 seconds left.\n|inactive|alexfind has 20 seconds left.\n|inactive|Hazweioh has 20 seconds left.\n|j| ido1234567890\n|inactive|alexfind has 15 seconds left.\n|\n|t:|1775813046\n|move|p1b: Incineroar|Fake Out|p2b: Raging Bolt\n|-damage|p2b: Raging Bolt|92/100\n|move|p2a: Green Goober|Extreme Speed|p1b: Incineroar\n|-damage|p1b: Incineroar|51/100\n|cant|p2b: Raging Bolt|flinch\n|move|p1a: Calyrex|Astral Barrage|p2b: Raging Bolt|[spread] p2a,p2b\n|-damage|p2a: Green Goober|0 fnt\n|-damage|p2b: Raging Bolt|40/100\n|faint|p2a: Green Goober\n|-ability|p1a: Calyrex|Grim Neigh|boost\n|-boost|p1a: Calyrex|spa|1\n|\n|upkeep\n|inactive|Hazweioh has 30 seconds left.\n|inactive|Hazweioh has 20 seconds left.\n|inactive|Hazweioh has 15 seconds left.\n|\n|t:|1775813086\n|switch|p2a: Arlie|Chien-Pao, L50|89/100\n|-ability|p2a: Arlie|Sword of Ruin\n|turn|7\n|inactive|alexfind has 30 seconds left.\n|inactive|Hazweioh has 30 seconds left.\n|inactive|Hazweioh has 20 seconds left.\n|inactive|Hazweioh has 15 seconds left.\n|\n|t:|1775813127\n|move|p1a: Calyrex|Protect|p1a: Calyrex\n|-singleturn|p1a: Calyrex|Protect\n|move|p2b: Raging Bolt|Thunderclap|p1b: Incineroar\n|-damage|p1b: Incineroar|20/100\n|move|p2a: Arlie|Icy Wind|p1b: Incineroar|[spread] p1b\n|-activate|p1a: Calyrex|move: Protect\n|-resisted|p1b: Incineroar\n|-crit|p1b: Incineroar\n|-damage|p1b: Incineroar|15/100\n|-unboost|p1b: Incineroar|spe|1\n|move|p1b: Incineroar|Flare Blitz|p2a: Arlie\n|-supereffective|p2a: Arlie\n|-damage|p2a: Arlie|0 fnt\n|faint|p2a: Arlie\n|-damage|p1b: Incineroar|0 fnt|[from] Recoil\n|faint|p1b: Incineroar\n|\n|upkeep\n|\n|t:|1775813137\n|switch|p2a: PinkPonyClub|Calyrex-Shadow, L50|3/100\n|switch|p1b: Koraidon|Koraidon, L50, tera:Fire|18/100\n|-ability|p2a: PinkPonyClub|As One\n|-ability|p2a: PinkPonyClub|Unnerve\n|-weather|SunnyDay|[from] ability: Orichalcum Pulse|[of] p1b: Koraidon\n|-activate|p1b: Koraidon|Orichalcum Pulse|[source]\n|turn|8\n|inactive|alexfind has 30 seconds left.\n|\n|t:|1775813164\n|move|p2b: Raging Bolt|Protect|p2b: Raging Bolt\n|-singleturn|p2b: Raging Bolt|Protect\n|move|p2a: PinkPonyClub|Astral Barrage|p1a: Calyrex|[spread] p1a,p1b\n|-supereffective|p1a: Calyrex\n|-enditem|p1a: Calyrex|Focus Sash\n|-damage|p1a: Calyrex|1/100\n|-damage|p1b: Koraidon|0 fnt\n|faint|p1b: Koraidon\n|-ability|p2a: PinkPonyClub|Grim Neigh|boost\n|-boost|p2a: PinkPonyClub|spa|1\n|move|p1a: Calyrex|Astral Barrage|p2b: Raging Bolt|[spread] p2a\n|-activate|p2b: Raging Bolt|move: Protect\n|-supereffective|p2a: PinkPonyClub\n|-damage|p2a: PinkPonyClub|0 fnt\n|faint|p2a: PinkPonyClub\n|-ability|p1a: Calyrex|Grim Neigh|boost\n|-boost|p1a: Calyrex|spa|1\n|\n|-weather|SunnyDay|[upkeep]\n|upkeep\n|turn|9\n|-message|alexfind forfeited.\n|\n|win|Hazweioh\n|raw|alexfind's rating: 1446 &rarr; <strong>1433</strong><br />(-13 for losing)\n|raw|Hazweioh's rating: 1570 &rarr; <strong>1583</strong><br />(+13 for winning)\n|l|\u2606alexfind\n|player|p1|\n|l|\u2606Hazweioh\n|player|p2|\n","uploadtime":1775813364,"views":9,"formatid":"gen9vgc2026regi","rating":1433,"private":0,"password":null}