{"id":"gen9vgc2026regi-2550673375","format":"[Gen 9] VGC 2026 Reg I","players":["tginge","lalo's pollos"],"log":"|j|\u2606tginge\n|j|\u2606lalo's pollos\n|t:|1772514716\n|gametype|doubles\n|player|p1|tginge|170|1259\n|player|p2|lalo's pollos|2|1504\n|gen|9\n|tier|[Gen 9] VGC 2026 Reg I\n|rated|\n|rule|Species Clause: Limit one of each Pok\u00e9mon\n|rule|Item Clause: Limit 1 of each item\n|clearpoke\n|poke|p1|Kyogre, L50|\n|poke|p1|Tornadus, L50, M|\n|poke|p1|Iron Bundle, L50|\n|poke|p1|Miraidon, L50|\n|poke|p1|Flutter Mane, L50|\n|poke|p1|Amoonguss, L50, M|\n|poke|p2|Zamazenta-*, L50|\n|poke|p2|Lunala, L50|\n|poke|p2|Rillaboom, L50, M|\n|poke|p2|Incineroar, L50, M|\n|poke|p2|Urshifu-*, L50, F|\n|poke|p2|Tornadus, L50, M|\n|teampreview|4\n|inactive|Battle timer is ON: inactive players will automatically lose when time's up. (requested by tginge)\n|\n|t:|1772514758\n|teamsize|p1|4\n|teamsize|p2|4\n|start\n|switch|p1a: Kyogre|Kyogre, L50|100/100\n|switch|p1b: Tornadus|Tornadus, L50, M|100/100\n|switch|p2a: Lunala|Lunala, L50|100/100\n|switch|p2b: Tornadus|Tornadus, L50, M|100/100\n|-weather|RainDance|[from] ability: Drizzle|[of] p1a: Kyogre\n|turn|1\n|\n|t:|1772514782\n|switch|p1a: Miraidon|Miraidon, L50|100/100\n|-fieldstart|move: Electric Terrain|[from] ability: Hadron Engine|[of] p1a: Miraidon\n|move|p1b: Tornadus|Protect|p1b: Tornadus\n|-singleturn|p1b: Tornadus|Protect\n|move|p2b: Tornadus|Taunt|p1b: Tornadus\n|-activate|p1b: Tornadus|move: Protect\n|move|p2a: Lunala|Calm Mind|p2a: Lunala\n|-boost|p2a: Lunala|spa|1\n|-boost|p2a: Lunala|spd|1\n|\n|-weather|RainDance|[upkeep]\n|upkeep\n|turn|2\n|\n|t:|1772514798\n|-terastallize|p2a: Lunala|Fairy\n|move|p2b: Tornadus|Taunt|p1b: Tornadus\n|-start|p1b: Tornadus|move: Taunt\n|move|p1a: Miraidon|Snarl|p2b: Tornadus|[spread] p2a,p2b\n|-resisted|p2a: Lunala\n|-damage|p2a: Lunala|98/100\n|-damage|p2b: Tornadus|72/100\n|-unboost|p2a: Lunala|spa|1\n|-unboost|p2b: Tornadus|spa|1\n|move|p2a: Lunala|Moonblast|p1a: Miraidon\n|-supereffective|p1a: Miraidon\n|-damage|p1a: Miraidon|43/100\n|move|p1b: Tornadus|Bleakwind Storm|p2b: Tornadus|[spread] p2a,p2b\n|-damage|p2a: Lunala|79/100\n|-damage|p2b: Tornadus|18/100\n|\n|-weather|RainDance|[upkeep]\n|-heal|p2a: Lunala|85/100|[from] item: Leftovers\n|upkeep\n|turn|3\n|\n|t:|1772514818\n|move|p2b: Tornadus|Tailwind|p2b: Tornadus\n|-sidestart|p2: lalo's pollos|move: Tailwind\n|move|p2a: Lunala|Moonblast|p1a: Miraidon\n|-supereffective|p1a: Miraidon\n|-damage|p1a: Miraidon|0 fnt\n|faint|p1a: Miraidon\n|move|p1b: Tornadus|Bleakwind Storm|p2b: Tornadus|[spread] p2a,p2b\n|-crit|p2b: Tornadus\n|-damage|p2a: Lunala|66/100\n|-damage|p2b: Tornadus|0 fnt\n|faint|p2b: Tornadus\n|\n|-weather|RainDance|[upkeep]\n|-heal|p2a: Lunala|72/100|[from] item: Leftovers\n|upkeep\n|\n|t:|1772514831\n|switch|p2b: Zamazenta|Zamazenta-Crowned, L50|100/100\n|switch|p1a: Kyogre|Kyogre, L50|100/100\n|-ability|p2b: Zamazenta|Dauntless Shield|boost\n|-boost|p2b: Zamazenta|def|1\n|turn|4\n|\n|t:|1772514847\n|move|p2b: Zamazenta|Heavy Slam|p1b: Tornadus\n|-damage|p1b: Tornadus|40/100\n|move|p2a: Lunala|Moongeist Beam|p1b: Tornadus\n|-damage|p1b: Tornadus|0 fnt\n|faint|p1b: Tornadus\n|move|p1a: Kyogre|Thunder|p2a: Lunala\n|-damage|p2a: Lunala|32/100\n|-status|p2a: Lunala|par\n|\n|-weather|RainDance|[upkeep]\n|-heal|p2a: Lunala|38/100 par|[from] item: Leftovers\n|upkeep\n|\n|t:|1772514859\n|switch|p1b: Flutter Mane|Flutter Mane, L50|100/100\n|-enditem|p1b: Flutter Mane|Booster Energy\n|-activate|p1b: Flutter Mane|ability: Protosynthesis|[fromitem]\n|-start|p1b: Flutter Mane|protosynthesisspe\n|turn|5\n|inactive|tginge has 30 seconds left.\n|inactive|tginge has 20 seconds left.\n|\n|t:|1772514897\n|move|p2b: Zamazenta|Body Press|p1a: Kyogre\n|-damage|p1a: Kyogre|20/100\n|move|p1b: Flutter Mane|Moonblast|p2b: Zamazenta\n|-damage|p2b: Zamazenta|63/100\n|move|p1a: Kyogre|Thunder|p2a: Lunala\n|-damage|p2a: Lunala|0 fnt\n|faint|p2a: Lunala\n|\n|-weather|none\n|-fieldend|move: Electric Terrain\n|upkeep\n|\n|t:|1772514907\n|switch|p2a: Rillaboom|Rillaboom, L50, M|100/100\n|-fieldstart|move: Grassy Terrain|[from] ability: Grassy Surge|[of] p2a: Rillaboom\n|turn|6\n|\n|t:|1772514914\n|-terastallize|p1a: Kyogre|Ghost\n|move|p2a: Rillaboom|Grassy Glide|p1a: Kyogre\n|-damage|p1a: Kyogre|0 fnt\n|faint|p1a: Kyogre\n|move|p2b: Zamazenta|Heavy Slam|p1b: Flutter Mane\n|-supereffective|p1b: Flutter Mane\n|-damage|p1b: Flutter Mane|0 fnt\n|faint|p1b: Flutter Mane\n|-end|p1b: Flutter Mane|Protosynthesis|[silent]\n|\n|win|lalo's pollos\n|raw|tginge's rating: 1259 &rarr; <strong>1249</strong><br />(-10 for losing)\n|raw|lalo&apos;s pollos's rating: 1504 &rarr; <strong>1512</strong><br />(+8 for winning)\n|l|\u2606tginge\n|player|p1|\n","uploadtime":1772514923,"views":13,"formatid":"gen9vgc2026regi","rating":1249,"private":0,"password":null}