{"id":"gen9vgc2026regi-2567791252","format":"[Gen 9] VGC 2026 Reg I","players":["BanKingambit69247","Alteraltaltaccount"],"log":"|j|\u2606BanKingambit69247\n|j|\u2606Alteraltaltaccount\n|t:|1774520355\n|gametype|doubles\n|player|p1|BanKingambit69247|lucas|1436\n|player|p2|Alteraltaltaccount|102|1427\n|gen|9\n|tier|[Gen 9] VGC 2026 Reg I\n|rated|\n|rule|Species Clause: Limit one of each Pok\u00e9mon\n|rule|Item Clause: Limit 1 of each item\n|clearpoke\n|poke|p1|Calyrex-Shadow, L50|\n|poke|p1|Zamazenta-*, L50|\n|poke|p1|Chien-Pao, L50|\n|poke|p1|Ogerpon-Wellspring, L50, F|\n|poke|p1|Smeargle, L50, F|\n|poke|p1|Indeedee-F, L50, F|\n|poke|p2|Urshifu-*, L50, F|\n|poke|p2|Chien-Pao, L50|\n|poke|p2|Farigiraf, L50, F|\n|poke|p2|Miraidon, L50|\n|poke|p2|Calyrex-Shadow, L50|\n|poke|p2|Tornadus, L50, M|\n|teampreview|4\n|inactive|Battle timer is ON: inactive players will automatically lose when time's up. (requested by BanKingambit69247)\n|\n|t:|1774520381\n|teamsize|p1|4\n|teamsize|p2|4\n|start\n|switch|p1a: \u6211\u5927\u54e5|Smeargle, L50, F|100/100\n|switch|p1b: \u8bf6\u4f60\u600e\u4e48\u6b7b\u4e86?\u267f\u267f\u267f|Calyrex-Shadow, L50|100/100\n|switch|p2a: Urshifu|Urshifu-Rapid-Strike, L50, F|100/100\n|switch|p2b: Miraidon|Miraidon, L50|100/100\n|-ability|p1b: \u8bf6\u4f60\u600e\u4e48\u6b7b\u4e86?\u267f\u267f\u267f|As One\n|-ability|p1b: \u8bf6\u4f60\u600e\u4e48\u6b7b\u4e86?\u267f\u267f\u267f|Unnerve\n|-fieldstart|move: Electric Terrain|[from] ability: Hadron Engine|[of] p2b: Miraidon\n|turn|1\n|\n|t:|1774520396\n|-terastallize|p2a: Urshifu|Water\n|-terastallize|p1b: \u8bf6\u4f60\u600e\u4e48\u6b7b\u4e86?\u267f\u267f\u267f|Ghost\n|move|p1a: \u6211\u5927\u54e5|Follow Me|p1a: \u6211\u5927\u54e5\n|-singleturn|p1a: \u6211\u5927\u54e5|move: Follow Me\n|move|p2a: Urshifu|Surging Strikes|p1a: \u6211\u5927\u54e5\n|-crit|p1a: \u6211\u5927\u54e5\n|-damage|p1a: \u6211\u5927\u54e5|18/100\n|-crit|p1a: \u6211\u5927\u54e5\n|-damage|p1a: \u6211\u5927\u54e5|0 fnt\n|faint|p1a: \u6211\u5927\u54e5\n|-hitcount|p1: \u6211\u5927\u54e5|2\n|move|p1b: \u8bf6\u4f60\u600e\u4e48\u6b7b\u4e86?\u267f\u267f\u267f|Astral Barrage|p2b: Miraidon|[spread] p2a,p2b\n|-damage|p2a: Urshifu|0 fnt\n|-damage|p2b: Miraidon|0 fnt\n|faint|p2a: Urshifu\n|faint|p2b: Miraidon\n|-ability|p1b: \u8bf6\u4f60\u600e\u4e48\u6b7b\u4e86?\u267f\u267f\u267f|Grim Neigh|boost\n|-boost|p1b: \u8bf6\u4f60\u600e\u4e48\u6b7b\u4e86?\u267f\u267f\u267f|spa|2\n|\n|upkeep\n|\n|t:|1774520407\n|switch|p2b: Chien-Pao|Chien-Pao, L50|100/100\n|switch|p2a: Calyrex|Calyrex-Shadow, L50|100/100\n|switch|p1a: \u6211\u7684\u5de8\u517d\u5f39\u56de\u6765\u5566!\ud83d\udc37\ud83d\udc37\ud83d\udc37|Chien-Pao, L50|100/100\n|-ability|p2a: Calyrex|As One\n|-ability|p2a: Calyrex|Unnerve\n|-ability|p2b: Chien-Pao|Sword of Ruin\n|-ability|p1a: \u6211\u7684\u5de8\u517d\u5f39\u56de\u6765\u5566!\ud83d\udc37\ud83d\udc37\ud83d\udc37|Sword of Ruin\n|turn|2\n|\n|t:|1774520416\n|switch|p1b: \u60f3\u51ff\u5384\u8be1\u692a(\u76f4\u7403)|Ogerpon-Wellspring, L50, F|100/100\n|move|p2b: Chien-Pao|Sucker Punch||[still]\n|-fail|p2b: Chien-Pao\n|move|p2a: Calyrex|Calm Mind|p2a: Calyrex\n|-boost|p2a: Calyrex|spa|1\n|-boost|p2a: Calyrex|spd|1\n|move|p1a: \u6211\u7684\u5de8\u517d\u5f39\u56de\u6765\u5566!\ud83d\udc37\ud83d\udc37\ud83d\udc37|Icy Wind|p2a: Calyrex|[spread] p2a,p2b\n|-resisted|p2b: Chien-Pao\n|-damage|p2a: Calyrex|92/100\n|-damage|p2b: Chien-Pao|91/100\n|-unboost|p2b: Chien-Pao|spe|1\n|\n|upkeep\n|turn|3\n|\n|t:|1774520436\n|move|p2b: Chien-Pao|Sucker Punch|p1a: \u6211\u7684\u5de8\u517d\u5f39\u56de\u6765\u5566!\ud83d\udc37\ud83d\udc37\ud83d\udc37\n|-resisted|p1a: \u6211\u7684\u5de8\u517d\u5f39\u56de\u6765\u5566!\ud83d\udc37\ud83d\udc37\ud83d\udc37\n|-damage|p1a: \u6211\u7684\u5de8\u517d\u5f39\u56de\u6765\u5566!\ud83d\udc37\ud83d\udc37\ud83d\udc37|77/100\n|move|p2a: Calyrex|Astral Barrage|p1a: \u6211\u7684\u5de8\u517d\u5f39\u56de\u6765\u5566!\ud83d\udc37\ud83d\udc37\ud83d\udc37|[spread] p1a,p1b\n|-resisted|p1a: \u6211\u7684\u5de8\u517d\u5f39\u56de\u6765\u5566!\ud83d\udc37\ud83d\udc37\ud83d\udc37\n|-damage|p1a: \u6211\u7684\u5de8\u517d\u5f39\u56de\u6765\u5566!\ud83d\udc37\ud83d\udc37\ud83d\udc37|44/100\n|-damage|p1b: \u60f3\u51ff\u5384\u8be1\u692a(\u76f4\u7403)|33/100\n|move|p1a: \u6211\u7684\u5de8\u517d\u5f39\u56de\u6765\u5566!\ud83d\udc37\ud83d\udc37\ud83d\udc37|Ice Spinner|p2a: Calyrex\n|-damage|p2a: Calyrex|35/100\n|-fieldend|move: Electric Terrain\n|move|p1b: \u60f3\u51ff\u5384\u8be1\u692a(\u76f4\u7403)|Wood Hammer|p2b: Chien-Pao\n|-damage|p2b: Chien-Pao|13/100\n|-damage|p1b: \u60f3\u51ff\u5384\u8be1\u692a(\u76f4\u7403)|11/100|[from] Recoil\n|\n|upkeep\n|turn|4\n|\n|t:|1774520456\n|move|p1b: \u60f3\u51ff\u5384\u8be1\u692a(\u76f4\u7403)|Spiky Shield|p1b: \u60f3\u51ff\u5384\u8be1\u692a(\u76f4\u7403)\n|-singleturn|p1b: \u60f3\u51ff\u5384\u8be1\u692a(\u76f4\u7403)|move: Protect\n|move|p1a: \u6211\u7684\u5de8\u517d\u5f39\u56de\u6765\u5566!\ud83d\udc37\ud83d\udc37\ud83d\udc37|Sucker Punch|p2b: Chien-Pao\n|-resisted|p2b: Chien-Pao\n|-damage|p2b: Chien-Pao|0 fnt\n|faint|p2b: Chien-Pao\n|move|p2a: Calyrex|Astral Barrage|p1b: \u60f3\u51ff\u5384\u8be1\u692a(\u76f4\u7403)|[spread] p1a\n|-activate|p1b: \u60f3\u51ff\u5384\u8be1\u692a(\u76f4\u7403)|move: Protect\n|-resisted|p1a: \u6211\u7684\u5de8\u517d\u5f39\u56de\u6765\u5566!\ud83d\udc37\ud83d\udc37\ud83d\udc37\n|-damage|p1a: \u6211\u7684\u5de8\u517d\u5f39\u56de\u6765\u5566!\ud83d\udc37\ud83d\udc37\ud83d\udc37|5/100\n|\n|upkeep\n|turn|5\n|\n|t:|1774520461\n|move|p1a: \u6211\u7684\u5de8\u517d\u5f39\u56de\u6765\u5566!\ud83d\udc37\ud83d\udc37\ud83d\udc37|Sucker Punch|p2a: Calyrex\n|-supereffective|p2a: Calyrex\n|-damage|p2a: Calyrex|0 fnt\n|faint|p2a: Calyrex\n|\n|win|BanKingambit69247\n|raw|BanKingambit69247's rating: 1436 &rarr; <strong>1455</strong><br />(+19 for winning)\n|raw|Alteraltaltaccount's rating: 1427 &rarr; <strong>1408</strong><br />(-19 for losing)\n|l|\u2606Alteraltaltaccount\n|player|p2|\n","uploadtime":1774520463,"views":14,"formatid":"gen9vgc2026regi","rating":1408,"private":0,"password":null}