{"id":"gen9vgc2026regi-2557744010","format":"[Gen 9] VGC 2026 Reg I","players":["bmbrvr","Cello L."],"log":"|j|\u2606bmbrvr\n|j|\u2606Cello L.\n|t:|1773353214\n|gametype|doubles\n|player|p1|bmbrvr|silver|1368\n|player|p2|Cello L.|102|1432\n|gen|9\n|tier|[Gen 9] VGC 2026 Reg I\n|rated|\n|rule|Species Clause: Limit one of each Pok\u00e9mon\n|rule|Item Clause: Limit 1 of each item\n|clearpoke\n|poke|p1|Calyrex-Ice, L50|\n|poke|p1|Koraidon, L50|\n|poke|p1|Urshifu-*, L50, F|\n|poke|p1|Flutter Mane, L50|\n|poke|p1|Iron Moth, L50|\n|poke|p1|Whimsicott, L50, F|\n|poke|p2|Miraidon, L50|\n|poke|p2|Lunala, L50|\n|poke|p2|Ursaluna, L50, F|\n|poke|p2|Urshifu-*, L50, M|\n|poke|p2|Whimsicott, L50, M|\n|poke|p2|Incineroar, L50, M|\n|teampreview|4\n|inactive|Battle timer is ON: inactive players will automatically lose when time's up. (requested by bmbrvr)\n|inactive|bmbrvr has 60 seconds left.\n|inactive|Cello L. has 60 seconds left.\n|inactive|bmbrvr has 30 seconds left.\n|inactive|bmbrvr has 20 seconds left.\n|inactive|bmbrvr has 15 seconds left.\n|inactive|Cello L. has 30 seconds left.\n|inactive|bmbrvr has 10 seconds left.\n|inactive|bmbrvr has 5 seconds left.\n|\n|t:|1773353306\n|teamsize|p1|4\n|teamsize|p2|4\n|start\n|switch|p1a: Calyrex|Calyrex-Ice, L50|100/100\n|switch|p1b: Koraidon|Koraidon, L50, shiny|100/100\n|switch|p2a: Incineroar|Incineroar, L50, M|100/100\n|switch|p2b: Lunala|Lunala, L50|100/100\n|-ability|p1a: Calyrex|As One\n|-ability|p1a: Calyrex|Unnerve\n|-weather|SunnyDay|[from] ability: Orichalcum Pulse|[of] p1b: Koraidon\n|-activate|p1b: Koraidon|Orichalcum Pulse|[source]\n|-ability|p2a: Incineroar|Intimidate|boost\n|-fail|p1a: Calyrex|unboost|[from] item: Clear Amulet|[of] p1a: Calyrex\n|-unboost|p1b: Koraidon|atk|1\n|turn|1\n|inactive|bmbrvr has 30 seconds left.\n|inactive|Cello L. has 30 seconds left.\n|inactive|Cello L. has 20 seconds left.\n|\n|t:|1773353345\n|-terastallize|p2a: Incineroar|Bug\n|move|p2b: Lunala|Wide Guard|p2b: Lunala\n|-singleturn|p2b: Lunala|Wide Guard\n|move|p1b: Koraidon|U-turn|p2a: Incineroar\n|-damage|p2a: Incineroar|71/100\n|\n|t:|1773353352\n|switch|p1b: Urshifu|Urshifu, L50, F|100/100|[from] U-turn\n|move|p1a: Calyrex|High Horsepower|p2a: Incineroar\n|-resisted|p2a: Incineroar\n|-damage|p2a: Incineroar|51/100\n|move|p2a: Incineroar|U-turn|p1a: Calyrex\n|-supereffective|p1a: Calyrex\n|-damage|p1a: Calyrex|56/100\n|\n|t:|1773353363\n|switch|p2a: Miraidon|Miraidon, L50|100/100|[from] U-turn\n|-fieldstart|move: Electric Terrain|[from] ability: Hadron Engine|[of] p2a: Miraidon\n|-enditem|p2b: Lunala|Electric Seed\n|-boost|p2b: Lunala|def|1|[from] item: Electric Seed\n|\n|-weather|SunnyDay|[upkeep]\n|upkeep\n|turn|2\n|inactive|bmbrvr has 30 seconds left.\n|inactive|Cello L. has 30 seconds left.\n|inactive|bmbrvr has 20 seconds left.\n|inactive|bmbrvr has 15 seconds left.\n|inactive|bmbrvr has 10 seconds left.\n|\n|t:|1773353410\n|switch|p2b: Incineroar|Incineroar, L50, M, tera:Bug|51/100\n|-ability|p2b: Incineroar|Intimidate|boost\n|-fail|p1a: Calyrex|unboost|[from] item: Clear Amulet|[of] p1a: Calyrex\n|-unboost|p1b: Urshifu|atk|1\n|move|p2a: Miraidon|Electro Drift|p1a: Calyrex\n|-damage|p1a: Calyrex|0 fnt\n|faint|p1a: Calyrex\n|move|p1b: Urshifu|Wicked Blow|p2b: Incineroar\n|-crit|p2b: Incineroar\n|-damage|p2b: Incineroar|0 fnt\n|faint|p2b: Incineroar\n|\n|-weather|SunnyDay|[upkeep]\n|upkeep\n|inactive|Cello L. has 30 seconds left.\n|inactive|Cello L. has 20 seconds left.\n|\n|t:|1773353449\n|switch|p1a: Flutter Mane|Flutter Mane, L50, shiny|100/100\n|switch|p2b: Ursaluna|Ursaluna, L50, F|100/100\n|-activate|p1a: Flutter Mane|ability: Protosynthesis\n|-start|p1a: Flutter Mane|protosynthesisspa\n|turn|3\n|inactive|Cello L. has 30 seconds left.\n|inactive|Cello L. has 20 seconds left.\n|inactive|Cello L. has 15 seconds left.\n|inactive|Cello L. has 10 seconds left.\n|inactive|bmbrvr has 30 seconds left.\n|\n|t:|1773353506\n|switch|p2a: Lunala|Lunala, L50|100/100\n|-terastallize|p1a: Flutter Mane|Ground\n|move|p1a: Flutter Mane|Dazzling Gleam|p2a: Lunala|[spread] p2a,p2b\n|-damage|p2a: Lunala|84/100\n|-damage|p2b: Ursaluna|60/100\n|move|p1b: Urshifu|Wicked Blow|p2b: Ursaluna\n|-crit|p2b: Ursaluna\n|-damage|p2b: Ursaluna|11/100\n|move|p2b: Ursaluna|Headlong Rush|p1a: Flutter Mane\n|-enditem|p1a: Flutter Mane|Focus Sash\n|-damage|p1a: Flutter Mane|1/100\n|-unboost|p2b: Ursaluna|def|1\n|-unboost|p2b: Ursaluna|spd|1\n|\n|-weather|SunnyDay|[upkeep]\n|-status|p2b: Ursaluna|brn|[from] item: Flame Orb\n|upkeep\n|turn|4\n|\n|t:|1773353534\n|move|p2a: Lunala|Wide Guard|p2a: Lunala\n|-singleturn|p2a: Lunala|Wide Guard\n|move|p1a: Flutter Mane|Tera Blast|p2b: Ursaluna|[anim] Tera Blast Ground\n|-damage|p2b: Ursaluna|0 fnt\n|faint|p2b: Ursaluna\n|move|p1b: Urshifu|Wicked Blow|p2a: Lunala\n|-supereffective|p2a: Lunala\n|-crit|p2a: Lunala\n|-damage|p2a: Lunala|0 fnt\n|faint|p2a: Lunala\n|\n|-weather|SunnyDay|[upkeep]\n|upkeep\n|\n|t:|1773353545\n|switch|p2a: Miraidon|Miraidon, L50|100/100\n|-activate|p2a: Miraidon|ability: Hadron Engine\n|turn|5\n|\n|t:|1773353565\n|move|p1b: Urshifu|Sucker Punch|p2a: Miraidon\n|-damage|p2a: Miraidon|76/100\n|move|p1a: Flutter Mane|Tera Blast|p2a: Miraidon|[anim] Tera Blast Ground\n|-supereffective|p2a: Miraidon\n|-damage|p2a: Miraidon|0 fnt\n|faint|p2a: Miraidon\n|\n|win|bmbrvr\n|raw|bmbrvr's rating: 1368 &rarr; <strong>1392</strong><br />(+24 for winning)\n|raw|Cello L.'s rating: 1432 &rarr; <strong>1408</strong><br />(-24 for losing)\n|l|\u2606bmbrvr\n|player|p1|\n","uploadtime":1773353570,"views":21,"formatid":"gen9vgc2026regi","rating":1392,"private":0,"password":null}