{"id":"gen9vgc2026regi-2540584660","format":"[Gen 9] VGC 2026 Reg I","players":["mytestteams","SEITA"],"log":"|j|\u2606mytestteams\n|j|\u2606SEITA\n|t:|1771222071\n|gametype|doubles\n|player|p1|mytestteams|burglar|1484\n|player|p2|SEITA|lucas-gen4pt|1536\n|gen|9\n|tier|[Gen 9] VGC 2026 Reg I\n|rated|\n|rule|Species Clause: Limit one of each Pok\u00e9mon\n|rule|Item Clause: Limit 1 of each item\n|clearpoke\n|poke|p1|Miraidon, L50|\n|poke|p1|Zamazenta-*, L50|\n|poke|p1|Whimsicott, L50, F|\n|poke|p1|Urshifu-*, L50, M|\n|poke|p1|Landorus, L50, M|\n|poke|p1|Magmar, L50, M|\n|poke|p2|Zamazenta-*, L50|\n|poke|p2|Kyogre, L50|\n|poke|p2|Wo-Chien, L50|\n|poke|p2|Grimmsnarl, L50, M|\n|poke|p2|Rhyperior, L50, M|\n|poke|p2|Ditto, L50|\n|teampreview|4\n|inactive|Battle timer is ON: inactive players will automatically lose when time's up. (requested by mytestteams)\n|\n|t:|1771222090\n|teamsize|p1|4\n|teamsize|p2|4\n|start\n|switch|p1a: Magmar|Magmar, L50, M|100/100\n|switch|p1b: Landorus|Landorus, L50, M, shiny|100/100\n|switch|p2a: Grimmsnarl|Grimmsnarl, L50, M|100/100\n|switch|p2b: Zamazenta|Zamazenta-Crowned, L50|100/100\n|-ability|p2b: Zamazenta|Dauntless Shield|boost\n|-boost|p2b: Zamazenta|def|1\n|turn|1\n|\n|t:|1771222113\n|move|p2b: Zamazenta|Protect|p2b: Zamazenta\n|-singleturn|p2b: Zamazenta|Protect\n|move|p1b: Landorus|Protect|p1b: Landorus\n|-singleturn|p1b: Landorus|Protect\n|move|p2a: Grimmsnarl|Light Screen|p2a: Grimmsnarl\n|-sidestart|p2: SEITA|move: Light Screen\n|move|p1a: Magmar|Taunt|p2a: Grimmsnarl\n|-start|p2a: Grimmsnarl|move: Taunt\n|\n|upkeep\n|turn|2\n|\n|t:|1771222135\n|switch|p2b: Kyogre|Kyogre, L50|100/100\n|-weather|RainDance|[from] ability: Drizzle|[of] p2b: Kyogre\n|move|p1a: Magmar|Follow Me|p1a: Magmar\n|-singleturn|p1a: Magmar|move: Follow Me\n|move|p1b: Landorus|Sandsear Storm|p2a: Grimmsnarl|[spread] p2a,p2b\n|-damage|p2a: Grimmsnarl|54/100\n|-damage|p2b: Kyogre|72/100\n|move|p2a: Grimmsnarl|Spirit Break|p1a: Magmar\n|-resisted|p1a: Magmar\n|-damage|p1a: Magmar|89/100\n|-unboost|p1a: Magmar|spa|1\n|-status|p2a: Grimmsnarl|brn|[from] ability: Flame Body|[of] p1a: Magmar\n|\n|-weather|RainDance|[upkeep]\n|-heal|p2b: Kyogre|78/100|[from] item: Leftovers\n|-damage|p2a: Grimmsnarl|48/100 brn|[from] brn\n|upkeep\n|turn|3\n|inactive|mytestteams has 30 seconds left.\n|inactive|SEITA has 30 seconds left.\n|\n|t:|1771222169\n|move|p1b: Landorus|Protect|p1b: Landorus\n|-singleturn|p1b: Landorus|Protect\n|move|p1a: Magmar|Protect|p1a: Magmar\n|-singleturn|p1a: Magmar|Protect\n|move|p2b: Kyogre|Origin Pulse|p1b: Landorus|[spread] \n|-activate|p1a: Magmar|move: Protect\n|-activate|p1b: Landorus|move: Protect\n|move|p2a: Grimmsnarl|Spirit Break|p1b: Landorus\n|-activate|p1b: Landorus|move: Protect\n|\n|-weather|RainDance|[upkeep]\n|-heal|p2b: Kyogre|84/100|[from] item: Leftovers\n|-damage|p2a: Grimmsnarl|42/100 brn|[from] brn\n|upkeep\n|turn|4\n|inactive|mytestteams has 30 seconds left.\n|inactive|mytestteams has 20 seconds left.\n|\n|t:|1771222205\n|move|p1a: Magmar|Helping Hand|p1b: Landorus\n|-singleturn|p1b: Landorus|Helping Hand|[of] p1a: Magmar\n|move|p1b: Landorus|Earth Power|p2b: Kyogre\n|-damage|p2b: Kyogre|37/100\n|move|p2b: Kyogre|Origin Pulse|p1a: Magmar|[spread] p1a,p1b\n|-supereffective|p1a: Magmar\n|-supereffective|p1b: Landorus\n|-damage|p1a: Magmar|0 fnt\n|-damage|p1b: Landorus|0 fnt\n|faint|p1a: Magmar\n|faint|p1b: Landorus\n|move|p2a: Grimmsnarl|Spirit Break|p1: Magmar|[notarget]\n|-fail|p2a: Grimmsnarl\n|\n|-weather|RainDance|[upkeep]\n|-heal|p2b: Kyogre|43/100|[from] item: Leftovers\n|-damage|p2a: Grimmsnarl|36/100 brn|[from] brn\n|-end|p2a: Grimmsnarl|move: Taunt\n|upkeep\n|\n|t:|1771222211\n|switch|p1b: Zamazenta|Zamazenta-Crowned, L50, shiny|100/100\n|switch|p1a: Miraidon|Miraidon, L50|100/100\n|-fieldstart|move: Electric Terrain|[from] ability: Hadron Engine|[of] p1a: Miraidon\n|-ability|p1b: Zamazenta|Dauntless Shield|boost\n|-boost|p1b: Zamazenta|def|1\n|turn|5\n|inactive|SEITA has 30 seconds left.\n|\n|t:|1771222239\n|move|p2b: Kyogre|Protect|p2b: Kyogre\n|-singleturn|p2b: Kyogre|Protect\n|move|p2a: Grimmsnarl|Parting Shot|p1a: Miraidon\n|-unboost|p1a: Miraidon|atk|1\n|-unboost|p1a: Miraidon|spa|1\n|\n|t:|1771222245\n|switch|p2a: Rhyperior|Rhyperior, L50, M|100/100|[from] Parting Shot\n|move|p1a: Miraidon|Dazzling Gleam|p2a: Rhyperior|[spread] p2a\n|-activate|p2b: Kyogre|move: Protect\n|-damage|p2a: Rhyperior|87/100\n|move|p1b: Zamazenta|Body Press|p2b: Kyogre\n|-activate|p2b: Kyogre|move: Protect\n|\n|-weather|RainDance|[upkeep]\n|-heal|p2b: Kyogre|49/100|[from] item: Leftovers\n|upkeep\n|turn|6\n|inactive|SEITA has 30 seconds left.\n|inactive|SEITA has 20 seconds left.\n|inactive|SEITA has 15 seconds left.\n|inactive|SEITA has 10 seconds left.\n|\n|t:|1771222294\n|-terastallize|p1a: Miraidon|Fairy\n|-terastallize|p2a: Rhyperior|Water\n|move|p1a: Miraidon|Dazzling Gleam|p2a: Rhyperior|[spread] p2a,p2b\n|-damage|p2a: Rhyperior|66/100\n|-damage|p2b: Kyogre|31/100\n|move|p1b: Zamazenta|Body Press|p2b: Kyogre\n|-damage|p2b: Kyogre|0 fnt\n|faint|p2b: Kyogre\n|move|p2a: Rhyperior|High Horsepower|p1a: Miraidon\n|-damage|p1a: Miraidon|53/100\n|\n|-weather|none\n|upkeep\n|\n|t:|1771222318\n|switch|p2b: Grimmsnarl|Grimmsnarl, L50, M|36/100 brn\n|turn|7\n|\n|t:|1771222334\n|move|p2b: Grimmsnarl|Reflect|p2b: Grimmsnarl\n|-sidestart|p2: SEITA|Reflect\n|move|p1a: Miraidon|Dazzling Gleam|p2a: Rhyperior|[spread] p2a,p2b\n|-supereffective|p2b: Grimmsnarl\n|-damage|p2a: Rhyperior|47/100\n|-damage|p2b: Grimmsnarl|0 fnt\n|faint|p2b: Grimmsnarl\n|move|p1b: Zamazenta|Body Press|p2a: Rhyperior\n|-damage|p2a: Rhyperior|14/100\n|move|p2a: Rhyperior|High Horsepower|p1b: Zamazenta\n|-supereffective|p1b: Zamazenta\n|-damage|p1b: Zamazenta|57/100\n|\n|upkeep\n|\n|t:|1771222347\n|switch|p2b: Zamazenta|Zamazenta-Crowned, L50|100/100\n|turn|8\n|\n|t:|1771222359\n|move|p1a: Miraidon|Dazzling Gleam|p2a: Rhyperior|[spread] p2a,p2b\n|-crit|p2b: Zamazenta\n|-damage|p2a: Rhyperior|0 fnt\n|-damage|p2b: Zamazenta|40/100\n|faint|p2a: Rhyperior\n|move|p1b: Zamazenta|Body Press|p2b: Zamazenta\n|-supereffective|p2b: Zamazenta\n|-crit|p2b: Zamazenta\n|-damage|p2b: Zamazenta|0 fnt\n|faint|p2b: Zamazenta\n|\n|win|mytestteams\n|raw|mytestteams's rating: 1484 &rarr; <strong>1507</strong><br />(+23 for winning)\n|raw|SEITA's rating: 1536 &rarr; <strong>1513</strong><br />(-23 for losing)\n|l|\u2606mytestteams\n|player|p1|\n","uploadtime":1771222550,"views":46,"formatid":"gen9vgc2026regi","rating":1507,"private":0,"password":null}