{"id":"gen9vgc2026regi-2561450027","format":"[Gen 9] VGC 2026 Reg I","players":["alzombie","LechonkBro"],"log":"|j|\u2606alzombie\n|j|\u2606LechonkBro\n|t:|1773797524\n|gametype|doubles\n|player|p1|alzombie|1|1507\n|player|p2|LechonkBro|102|1570\n|gen|9\n|tier|[Gen 9] VGC 2026 Reg I\n|rated|\n|rule|Species Clause: Limit one of each Pok\u00e9mon\n|rule|Item Clause: Limit 1 of each item\n|clearpoke\n|poke|p1|Lunala, L50|\n|poke|p1|Ursaluna, L50, M|\n|poke|p1|Urshifu-*, L50, M|\n|poke|p1|Miraidon, L50|\n|poke|p1|Grimmsnarl, L50, M|\n|poke|p1|Incineroar, L50, F|\n|poke|p2|Chien-Pao, L50|\n|poke|p2|Calyrex-Shadow, L50|\n|poke|p2|Dondozo, L50, M|\n|poke|p2|Zamazenta-*, L50|\n|poke|p2|Dragonite, L50, M|\n|poke|p2|Tatsugiri, L50, M|\n|teampreview|4\n|inactive|Battle timer is ON: inactive players will automatically lose when time's up. (requested by LechonkBro)\n|\n|t:|1773797542\n|teamsize|p1|4\n|teamsize|p2|4\n|start\n|switch|p1a: Grimmsnarl|Grimmsnarl, L50, M|100/100\n|switch|p1b: Incineroar|Incineroar, L50, F|100/100\n|switch|p2a: Chien-Pao|Chien-Pao, L50|100/100\n|switch|p2b: Zamazenta|Zamazenta-Crowned, L50|100/100\n|-ability|p2a: Chien-Pao|Sword of Ruin\n|-ability|p2b: Zamazenta|Dauntless Shield|boost\n|-boost|p2b: Zamazenta|def|1\n|-ability|p1b: Incineroar|Intimidate|boost\n|-unboost|p2a: Chien-Pao|atk|1\n|-unboost|p2b: Zamazenta|atk|1\n|turn|1\n|\n|t:|1773797558\n|move|p1a: Grimmsnarl|Reflect|p1a: Grimmsnarl\n|-sidestart|p1: alzombie|Reflect\n|move|p2a: Chien-Pao|Taunt|p1a: Grimmsnarl\n|-start|p1a: Grimmsnarl|move: Taunt\n|move|p2b: Zamazenta|Body Press|p1b: Incineroar\n|-supereffective|p1b: Incineroar\n|-damage|p1b: Incineroar|19/100\n|-damage|p2b: Zamazenta|84/100|[from] item: Rocky Helmet|[of] p1b: Incineroar\n|move|p1b: Incineroar|Will-O-Wisp|p2b: Zamazenta\n|-status|p2b: Zamazenta|brn\n|\n|-damage|p2b: Zamazenta|78/100 brn|[from] brn\n|upkeep\n|turn|2\n|\n|t:|1773797575\n|switch|p1b: Lunala|Lunala, L50|100/100\n|move|p2a: Chien-Pao|Ruination|p1a: Grimmsnarl\n|-damage|p1a: Grimmsnarl|51/100\n|move|p2b: Zamazenta|Behemoth Bash|p1a: Grimmsnarl\n|-supereffective|p1a: Grimmsnarl\n|-damage|p1a: Grimmsnarl|27/100\n|move|p1a: Grimmsnarl|Spirit Break|p2a: Chien-Pao\n|-supereffective|p2a: Chien-Pao\n|-damage|p2a: Chien-Pao|15/100\n|-unboost|p2a: Chien-Pao|spa|1\n|\n|-damage|p2b: Zamazenta|72/100 brn|[from] brn\n|upkeep\n|turn|3\n|\n|t:|1773797597\n|switch|p1a: Miraidon|Miraidon, L50|100/100\n|-fieldstart|move: Electric Terrain|[from] ability: Hadron Engine|[of] p1a: Miraidon\n|-enditem|p1b: Lunala|Electric Seed\n|-boost|p1b: Lunala|def|1|[from] item: Electric Seed\n|-terastallize|p1b: Lunala|Fairy\n|move|p2a: Chien-Pao|Taunt|p1b: Lunala\n|-start|p1b: Lunala|move: Taunt\n|move|p2b: Zamazenta|Behemoth Bash|p1a: Miraidon\n|-resisted|p1a: Miraidon\n|-damage|p1a: Miraidon|96/100\n|move|p1b: Lunala|Moonblast|p2a: Chien-Pao\n|-supereffective|p2a: Chien-Pao\n|-damage|p2a: Chien-Pao|0 fnt\n|faint|p2a: Chien-Pao\n|\n|-damage|p2b: Zamazenta|66/100 brn|[from] brn\n|upkeep\n|\n|t:|1773797617\n|switch|p2a: Calyrex|Calyrex-Shadow, L50|100/100\n|-ability|p2a: Calyrex|As One\n|-ability|p2a: Calyrex|Unnerve\n|turn|4\n|\n|t:|1773797630\n|move|p2a: Calyrex|Astral Barrage|p1b: Lunala|[spread] p1a,p1b\n|-damage|p1a: Miraidon|67/100\n|-damage|p1b: Lunala|82/100\n|move|p2b: Zamazenta|Body Press|p1a: Miraidon\n|-damage|p1a: Miraidon|48/100\n|move|p1a: Miraidon|Snarl|p2a: Calyrex|[spread] p2a,p2b\n|-supereffective|p2a: Calyrex\n|-resisted|p2b: Zamazenta\n|-damage|p2a: Calyrex|14/100\n|-damage|p2b: Zamazenta|58/100 brn\n|-unboost|p2a: Calyrex|spa|1\n|-unboost|p2b: Zamazenta|spa|1\n|move|p1b: Lunala|Moonblast|p2a: Calyrex\n|-damage|p2a: Calyrex|0 fnt\n|faint|p2a: Calyrex\n|\n|-damage|p2b: Zamazenta|52/100 brn|[from] brn\n|upkeep\n|\n|t:|1773797646\n|switch|p2a: Dragonite|Dragonite, L50, M|100/100\n|turn|5\n|j| vasago\n|\n|t:|1773797666\n|-terastallize|p2a: Dragonite|Normal\n|move|p2a: Dragonite|Extreme Speed|p1a: Miraidon\n|-crit|p1a: Miraidon\n|-damage|p1a: Miraidon|0 fnt\n|faint|p1a: Miraidon\n|move|p2b: Zamazenta|Body Press|p1b: Lunala\n|-resisted|p1b: Lunala\n|-damage|p1b: Lunala|76/100\n|move|p1b: Lunala|Moonblast|p2a: Dragonite\n|-damage|p2a: Dragonite|50/100\n|\n|-damage|p2b: Zamazenta|46/100 brn|[from] brn\n|-end|p1b: Lunala|move: Taunt\n|upkeep\n|\n|t:|1773797681\n|switch|p1a: Incineroar|Incineroar, L50, F|19/100\n|-ability|p1a: Incineroar|Intimidate|boost\n|-fail|p2a: Dragonite|unboost|Attack|[from] ability: Inner Focus|[of] p2a: Dragonite\n|-unboost|p2b: Zamazenta|atk|1\n|turn|6\n|inactive|alzombie has 30 seconds left.\n|\n|t:|1773797708\n|move|p2a: Dragonite|Extreme Speed|p1b: Lunala\n|-damage|p1b: Lunala|55/100\n|move|p2b: Zamazenta|Behemoth Bash|p1b: Lunala\n|-supereffective|p1b: Lunala\n|-damage|p1b: Lunala|48/100\n|move|p1b: Lunala|Moonblast|p2a: Dragonite\n|-damage|p2a: Dragonite|5/100\n|move|p1a: Incineroar|Knock Off|p2a: Dragonite\n|-damage|p2a: Dragonite|0 fnt\n|-enditem|p2a: Dragonite|Choice Band|[from] move: Knock Off|[of] p1a: Incineroar\n|faint|p2a: Dragonite\n|\n|-damage|p2b: Zamazenta|40/100 brn|[from] brn\n|upkeep\n|turn|7\n|-message|LechonkBro forfeited.\n|\n|win|alzombie\n|raw|alzombie's rating: 1507 &rarr; <strong>1531</strong><br />(+24 for winning)\n|raw|LechonkBro's rating: 1570 &rarr; <strong>1546</strong><br />(-24 for losing)\n|l|\u2606LechonkBro\n|player|p2|\n|l| vasago\n|l|\u2606alzombie\n|player|p1|\n","uploadtime":1773797908,"views":18,"formatid":"gen9vgc2026regi","rating":1531,"private":0,"password":null}