{"id":"gen9vgc2026regi-2571914833","format":"[Gen 9] VGC 2026 Reg I","players":["Billlmads","platinumtower"],"log":"|j|\u2606Billlmads\n|j|\u2606platinumtower\n|t:|1774973933\n|gametype|doubles\n|player|p1|Billlmads|cynthia-masters4|1564\n|player|p2|platinumtower|dawn|1517\n|gen|9\n|tier|[Gen 9] VGC 2026 Reg I\n|rated|\n|rule|Species Clause: Limit one of each Pok\u00e9mon\n|rule|Item Clause: Limit 1 of each item\n|clearpoke\n|poke|p1|Koraidon, L50|\n|poke|p1|Incineroar, L50, M|\n|poke|p1|Rillaboom, L50, F|\n|poke|p1|Lunala, L50|\n|poke|p1|Landorus, L50, M|\n|poke|p1|Jumpluff, L50, M|\n|poke|p2|Lunala, L50|\n|poke|p2|Koraidon, L50|\n|poke|p2|Landorus-Therian, L50, M|\n|poke|p2|Kingambit, L50, F|\n|poke|p2|Indeedee-F, L50, F|\n|poke|p2|Venusaur, L50, M|\n|teampreview|4\n|j| zacattack110\n|\n|t:|1774973964\n|teamsize|p1|4\n|teamsize|p2|4\n|start\n|switch|p1a: Jumpluff|Jumpluff, L50, M|100/100\n|switch|p1b: Koraidon|Koraidon, L50, shiny|100/100\n|switch|p2a: Lunala|Lunala, L50|100/100\n|switch|p2b: Indeedee|Indeedee-F, L50, F|100/100\n|-weather|SunnyDay|[from] ability: Orichalcum Pulse|[of] p1b: Koraidon\n|-activate|p1b: Koraidon|Orichalcum Pulse|[source]\n|-fieldstart|move: Psychic Terrain|[from] ability: Psychic Surge|[of] p2b: Indeedee\n|turn|1\n|\n|t:|1774973983\n|switch|p1a: Lunala|Lunala, L50|100/100\n|move|p1b: Koraidon|Protect|p1b: Koraidon\n|-singleturn|p1b: Koraidon|Protect\n|move|p2b: Indeedee|Follow Me|p2b: Indeedee\n|-singleturn|p2b: Indeedee|move: Follow Me\n|move|p2a: Lunala|Meteor Beam||[still]\n|-prepare|p2a: Lunala|Meteor Beam\n|-boost|p2a: Lunala|spa|1\n|-enditem|p2a: Lunala|Power Herb\n|-anim|p2a: Lunala|Meteor Beam|p1a: Lunala\n|-damage|p1a: Lunala|75/100\n|\n|-weather|SunnyDay|[upkeep]\n|-heal|p1a: Lunala|81/100|[from] item: Leftovers\n|upkeep\n|turn|2\n|\n|t:|1774974002\n|move|p1a: Lunala|Protect|p1a: Lunala\n|-singleturn|p1a: Lunala|Protect\n|move|p2b: Indeedee|Follow Me|p2b: Indeedee\n|-singleturn|p2b: Indeedee|move: Follow Me\n|move|p1b: Koraidon|Flare Blitz|p2b: Indeedee\n|-damage|p2b: Indeedee|18/100\n|-damage|p1b: Koraidon|77/100|[from] Recoil\n|move|p2a: Lunala|Moongeist Beam|p1b: Koraidon\n|-damage|p1b: Koraidon|10/100\n|\n|-weather|SunnyDay|[upkeep]\n|-heal|p1a: Lunala|88/100|[from] item: Leftovers\n|upkeep\n|turn|3\n|\n|t:|1774974029\n|-terastallize|p2a: Lunala|Fairy\n|-terastallize|p1a: Lunala|Fairy\n|move|p2b: Indeedee|Follow Me|p2b: Indeedee\n|-singleturn|p2b: Indeedee|move: Follow Me\n|move|p1b: Koraidon|Flame Charge|p2b: Indeedee\n|-damage|p2b: Indeedee|0 fnt\n|-boost|p1b: Koraidon|spe|1\n|faint|p2b: Indeedee\n|move|p2a: Lunala|Expanding Force|p1b: Koraidon|[spread] p1a,p1b\n|-supereffective|p1b: Koraidon\n|-damage|p1a: Lunala|21/100\n|-damage|p1b: Koraidon|0 fnt\n|faint|p1b: Koraidon\n|move|p1a: Lunala|Moongeist Beam|p2a: Lunala\n|-damage|p2a: Lunala|78/100\n|\n|-weather|SunnyDay|[upkeep]\n|-heal|p1a: Lunala|27/100|[from] item: Leftovers\n|upkeep\n|\n|t:|1774974043\n|switch|p1b: Jumpluff|Jumpluff, L50, M|100/100\n|switch|p2b: Venusaur|Venusaur, L50, M|100/100\n|turn|4\n|\n|t:|1774974058\n|move|p1a: Lunala|Protect|p1a: Lunala\n|-singleturn|p1a: Lunala|Protect\n|move|p1b: Jumpluff|Sleep Powder|p2a: Lunala\n|-status|p2a: Lunala|slp|[from] move: Sleep Powder\n|move|p2b: Venusaur|Sludge Bomb|p1a: Lunala\n|-activate|p1a: Lunala|move: Protect\n|cant|p2a: Lunala|slp\n|\n|-weather|SunnyDay|[upkeep]\n|-heal|p1a: Lunala|33/100|[from] item: Leftovers\n|upkeep\n|turn|5\n|\n|t:|1774974071\n|switch|p1a: Landorus|Landorus, L50, M|100/100\n|move|p1b: Jumpluff|Encore|p2b: Venusaur\n|-start|p2b: Venusaur|Encore\n|move|p2b: Venusaur|Sludge Bomb|p1b: Jumpluff\n|-supereffective|p1b: Jumpluff\n|-damage|p1b: Jumpluff|7/100\n|cant|p2a: Lunala|slp\n|\n|-weather|none\n|-fieldend|move: Psychic Terrain\n|upkeep\n|turn|6\n|\n|t:|1774974090\n|move|p1b: Jumpluff|Tailwind|p1b: Jumpluff\n|-sidestart|p1: Billlmads|move: Tailwind\n|move|p1a: Landorus|Sludge Bomb|p2a: Lunala\n|-supereffective|p2a: Lunala\n|-damage|p2a: Lunala|9/100 slp\n|move|p2b: Venusaur|Sludge Bomb|p1b: Jumpluff\n|-supereffective|p1b: Jumpluff\n|-damage|p1b: Jumpluff|0 fnt\n|faint|p1b: Jumpluff\n|-curestatus|p2a: Lunala|slp|[msg]\n|move|p2a: Lunala|Moongeist Beam|p1a: Landorus\n|-damage|p1a: Landorus|0 fnt\n|faint|p1a: Landorus\n|\n|upkeep\n|-message|Billlmads forfeited.\n|\n|win|platinumtower\n|raw|Billlmads's rating: 1564 &rarr; <strong>1541</strong><br />(-23 for losing)\n|raw|platinumtower's rating: 1517 &rarr; <strong>1540</strong><br />(+23 for winning)\n","uploadtime":1774974108,"views":26,"formatid":"gen9vgc2026regi","rating":1540,"private":0,"password":null}