{"id":"gen9vgc2026regi-2580726726","format":"[Gen 9] VGC 2026 Reg I","players":["CrunchNKA","TheNamesBetty"],"log":"|j|\u2606CrunchNKA\n|j|\u2606TheNamesBetty\n|t:|1775927511\n|gametype|doubles\n|player|p1|CrunchNKA|1|1329\n|player|p2|TheNamesBetty|dragontamer|1360\n|gen|9\n|tier|[Gen 9] VGC 2026 Reg I\n|rated|\n|rule|Species Clause: Limit one of each Pok\u00e9mon\n|rule|Item Clause: Limit 1 of each item\n|clearpoke\n|poke|p1|Kyogre, L50|\n|poke|p1|Sneasler, L50, F|\n|poke|p1|Flutter Mane, L50|\n|poke|p1|Zacian-*, L50|\n|poke|p1|Farigiraf, L50, M|\n|poke|p1|Torkoal, L50, M|\n|poke|p2|Koraidon, L50|\n|poke|p2|Calyrex-Shadow, L50|\n|poke|p2|Electabuzz, L50, F|\n|poke|p2|Dewgong, L50, M|\n|poke|p2|Chi-Yu, L50|\n|poke|p2|Flutter Mane, L50|\n|teampreview|4\n|inactive|Battle timer is ON: inactive players will automatically lose when time's up. (requested by CrunchNKA)\n|\n|t:|1775927527\n|teamsize|p1|4\n|teamsize|p2|4\n|start\n|switch|p1a: Kyogre|Kyogre, L50|100/100\n|switch|p1b: Flutter Mane|Flutter Mane, L50|100/100\n|switch|p2a: Leviooosa|Chi-Yu, L50|100/100\n|switch|p2b: Wingardium|Flutter Mane, L50|100/100\n|-ability|p2a: Leviooosa|Beads of Ruin\n|-weather|RainDance|[from] ability: Drizzle|[of] p1a: Kyogre\n|-enditem|p1b: Flutter Mane|Booster Energy\n|-activate|p1b: Flutter Mane|ability: Protosynthesis|[fromitem]\n|-start|p1b: Flutter Mane|protosynthesisspe\n|turn|1\n|inactive|TheNamesBetty has 30 seconds left.\n|\n|t:|1775927558\n|-terastallize|p1a: Kyogre|Water\n|move|p1b: Flutter Mane|Icy Wind|p2a: Leviooosa|[spread] p2a,p2b\n|-resisted|p2a: Leviooosa\n|-damage|p2a: Leviooosa|94/100\n|-damage|p2b: Wingardium|84/100\n|-unboost|p2a: Leviooosa|spe|1\n|-unboost|p2b: Wingardium|spe|1\n|move|p1a: Kyogre|Water Spout|p2a: Leviooosa|[spread] p2a,p2b\n|-supereffective|p2a: Leviooosa\n|-damage|p2a: Leviooosa|0 fnt\n|-damage|p2b: Wingardium|0 fnt\n|faint|p2a: Leviooosa\n|faint|p2b: Wingardium\n|-end|p2b: Wingardium|Protosynthesis|[silent]\n|\n|-weather|RainDance|[upkeep]\n|upkeep\n|\n|t:|1775927568\n|switch|p2b: Jan\u017di\u017ekaZTrocnova|Koraidon, L50|100/100\n|switch|p2a: Kedluben|Calyrex-Shadow, L50|100/100\n|-ability|p2a: Kedluben|As One\n|-ability|p2a: Kedluben|Unnerve\n|-weather|SunnyDay|[from] ability: Orichalcum Pulse|[of] p2b: Jan\u017di\u017ekaZTrocnova\n|-activate|p2b: Jan\u017di\u017ekaZTrocnova|Orichalcum Pulse|[source]\n|turn|2\n|\n|t:|1775927578\n|switch|p1a: Sneasler|Sneasler, L50, F|100/100\n|-terastallize|p2a: Kedluben|Dark\n|move|p1b: Flutter Mane|Thunder Wave|p2b: Jan\u017di\u017ekaZTrocnova\n|-status|p2b: Jan\u017di\u017ekaZTrocnova|par\n|move|p2a: Kedluben|Astral Barrage|p1a: Sneasler|[spread] p1a,p1b\n|-supereffective|p1b: Flutter Mane\n|-damage|p1a: Sneasler|50/100\n|-damage|p1b: Flutter Mane|0 fnt\n|faint|p1b: Flutter Mane\n|-end|p1b: Flutter Mane|Protosynthesis|[silent]\n|-ability|p2a: Kedluben|Grim Neigh|boost\n|-boost|p2a: Kedluben|spa|1\n|-damage|p2a: Kedluben|91/100|[from] item: Life Orb\n|move|p2b: Jan\u017di\u017ekaZTrocnova|Flame Charge|p1a: Sneasler\n|-damage|p1a: Sneasler|6/100\n|-boost|p2b: Jan\u017di\u017ekaZTrocnova|spe|1\n|\n|-weather|SunnyDay|[upkeep]\n|upkeep\n|\n|t:|1775927598\n|switch|p1b: Kyogre|Kyogre, L50, tera:Water|100/100\n|-weather|RainDance|[from] ability: Drizzle|[of] p1b: Kyogre\n|turn|3\n|\n|t:|1775927606\n|move|p2a: Kedluben|Protect|p2a: Kedluben\n|-singleturn|p2a: Kedluben|Protect\n|move|p2b: Jan\u017di\u017ekaZTrocnova|Protect|p2b: Jan\u017di\u017ekaZTrocnova\n|-singleturn|p2b: Jan\u017di\u017ekaZTrocnova|Protect\n|move|p1a: Sneasler|Fake Out|p2a: Kedluben\n|-activate|p2a: Kedluben|move: Protect\n|move|p1b: Kyogre|Water Spout|p2a: Kedluben|[spread] \n|-activate|p2a: Kedluben|move: Protect\n|-activate|p2b: Jan\u017di\u017ekaZTrocnova|move: Protect\n|\n|-weather|RainDance|[upkeep]\n|upkeep\n|turn|4\n|\n|t:|1775927622\n|move|p1b: Kyogre|Water Spout|p2a: Kedluben|[spread] p2a,p2b\n|-resisted|p2b: Jan\u017di\u017ekaZTrocnova\n|-damage|p2a: Kedluben|0 fnt\n|-damage|p2b: Jan\u017di\u017ekaZTrocnova|43/100 par\n|faint|p2a: Kedluben\n|move|p1a: Sneasler|Dire Claw|p2b: Jan\u017di\u017ekaZTrocnova\n|-damage|p2b: Jan\u017di\u017ekaZTrocnova|16/100 par\n|move|p2b: Jan\u017di\u017ekaZTrocnova|Collision Course|p1b: Kyogre\n|-damage|p1b: Kyogre|48/100\n|\n|-weather|RainDance|[upkeep]\n|upkeep\n|turn|5\n|c|\u2606TheNamesBetty|I see\n|c|\u2606TheNamesBetty|Gg\n|-message|TheNamesBetty forfeited.\n|\n|win|CrunchNKA\n|raw|CrunchNKA's rating: 1329 &rarr; <strong>1351</strong><br />(+22 for winning)\n|raw|TheNamesBetty's rating: 1360 &rarr; <strong>1338</strong><br />(-22 for losing)\n|l|\u2606CrunchNKA\n|player|p1|\n|l|\u2606TheNamesBetty\n|player|p2|\n","uploadtime":1775927848,"views":11,"formatid":"gen9vgc2026regi","rating":1338,"private":0,"password":null}