{"id":"gen9vgc2026regi-2561151412","format":"[Gen 9] VGC 2026 Reg I","players":["dthk1216","cpxigao"],"log":"|j|\u2606dthk1216\n|j|\u2606cpxigao\n|t:|1773768908\n|gametype|doubles\n|player|p1|dthk1216|dawn|1545\n|player|p2|cpxigao|266|1491\n|gen|9\n|tier|[Gen 9] VGC 2026 Reg I\n|rated|\n|rule|Species Clause: Limit one of each Pok\u00e9mon\n|rule|Item Clause: Limit 1 of each item\n|clearpoke\n|poke|p1|Calyrex-Ice, L50|\n|poke|p1|Kyogre, L50|\n|poke|p1|Urshifu-*, L50, F|\n|poke|p1|Rillaboom, L50, F|\n|poke|p1|Grimmsnarl, L50, M|\n|poke|p1|Amoonguss, L50, F|\n|poke|p2|Terapagos, L50, M|\n|poke|p2|Lunala, L50|\n|poke|p2|Smeargle, L50, M|\n|poke|p2|Weezing-Galar, L50, F|\n|poke|p2|Murkrow, L50, F|\n|poke|p2|Ursaluna, L50, M|\n|teampreview|4\n|inactive|Battle timer is ON: inactive players will automatically lose when time's up. (requested by dthk1216)\n|\n|t:|1773768933\n|teamsize|p1|4\n|teamsize|p2|4\n|start\n|switch|p1a: Calyrex|Calyrex-Ice, L50|100/100\n|switch|p1b: Grimmsnarl|Grimmsnarl, L50, M|100/100\n|switch|p2a: Murkrow|Murkrow, L50, F|100/100\n|switch|p2b: Weezing|Weezing-Galar, L50, F|100/100\n|-ability|p2b: Weezing|Neutralizing Gas\n|-block|p2a: Murkrow|item: Ability Shield\n|-ability|p1a: Calyrex|As One\n|-ability|p1a: Calyrex|Unnerve\n|turn|1\n|inactive|cpxigao has 30 seconds left.\n|\n|t:|1773768964\n|move|p1a: Calyrex|Protect|p1a: Calyrex\n|-singleturn|p1a: Calyrex|Protect\n|move|p2a: Murkrow|Taunt|p1b: Grimmsnarl\n|-hint|Since gen 7, Dark is immune to Prankster moves.\n|-immune|p1b: Grimmsnarl\n|move|p2b: Weezing|Taunt|p1a: Calyrex\n|-activate|p1a: Calyrex|move: Protect\n|move|p1b: Grimmsnarl|Light Screen|p1b: Grimmsnarl\n|-sidestart|p1: dthk1216|move: Light Screen\n|\n|upkeep\n|turn|2\n|inactive|dthk1216 has 30 seconds left.\n|inactive|dthk1216 has 20 seconds left.\n|\n|t:|1773769001\n|switch|p1b: Kyogre|Kyogre, L50|100/100\n|move|p2a: Murkrow|Tailwind|p2a: Murkrow\n|-sidestart|p2: cpxigao|move: Tailwind\n|move|p2b: Weezing|Misty Explosion|p1a: Calyrex|[spread] p2a,p1a,p1b\n|-supereffective|p2a: Murkrow\n|-damage|p2a: Murkrow|0 fnt\n|-damage|p1a: Calyrex|86/100\n|-damage|p1b: Kyogre|82/100\n|faint|p2b: Weezing\n|-end|p2b: Weezing|ability: Neutralizing Gas\n|-weather|RainDance|[from] ability: Drizzle|[of] p1b: Kyogre\n|faint|p2a: Murkrow\n|move|p1a: Calyrex|Glacial Lance|p2: Murkrow|[notarget]\n|-fail|p1a: Calyrex\n|\n|-weather|RainDance|[upkeep]\n|-heal|p1a: Calyrex|92/100|[from] item: Leftovers\n|upkeep\n|\n|t:|1773769017\n|switch|p2b: Smeargle|Smeargle, L50, M|100/100\n|switch|p2a: Terapagos|Terapagos, L50, M|100/100\n|-activate|p2a: Terapagos|ability: Tera Shift\n|detailschange|p2a: Terapagos|Terapagos-Terastal, L50, M\n|-heal|p2a: Terapagos|100/100|[silent]\n|turn|3\n|\n|t:|1773769032\n|-terastallize|p2a: Terapagos|Stellar\n|detailschange|p2a: Terapagos|Terapagos-Stellar, L50, M, tera:Stellar\n|-heal|p2a: Terapagos|100/100|[silent]\n|-ability|p2a: Terapagos|Teraform Zero\n|-weather|none\n|move|p2b: Smeargle|Decorate|p2a: Terapagos\n|-boost|p2a: Terapagos|atk|2\n|-boost|p2a: Terapagos|spa|2\n|move|p2a: Terapagos|Tera Starstorm|p1a: Calyrex|[spread] p1a,p1b\n|-damage|p1a: Calyrex|42/100\n|-damage|p1b: Kyogre|25/100\n|move|p1b: Kyogre|Water Spout|p2a: Terapagos|[spread] p2a,p2b\n|-crit|p2b: Smeargle\n|-damage|p2a: Terapagos|83/100\n|-damage|p2b: Smeargle|19/100\n|move|p1a: Calyrex|Trick Room|p1a: Calyrex\n|-fieldstart|move: Trick Room|[of] p1a: Calyrex\n|\n|-heal|p1a: Calyrex|48/100|[from] item: Leftovers\n|upkeep\n|turn|4\n|inactive|cpxigao has 30 seconds left.\n|\n|t:|1773769064\n|switch|p1b: Grimmsnarl|Grimmsnarl, L50, M|100/100\n|move|p1a: Calyrex|Glacial Lance|p2b: Smeargle|[spread] p2a,p2b\n|-damage|p2a: Terapagos|46/100\n|-damage|p2b: Smeargle|0 fnt\n|faint|p2b: Smeargle\n|-ability|p1a: Calyrex|Chilling Neigh|boost\n|-boost|p1a: Calyrex|atk|1\n|move|p2a: Terapagos|Tera Starstorm|p1a: Calyrex|[spread] p1a,p1b\n|-damage|p1a: Calyrex|0 fnt\n|-damage|p1b: Grimmsnarl|31/100\n|faint|p1a: Calyrex\n|\n|upkeep\n|\n|t:|1773769070\n|switch|p1a: Amoonguss|Amoonguss, L50, F|100/100\n|turn|5\n|\n|t:|1773769081\n|switch|p1b: Kyogre|Kyogre, L50|25/100\n|-weather|RainDance|[from] ability: Drizzle|[of] p1b: Kyogre\n|move|p1a: Amoonguss|Spore|p2a: Terapagos\n|-status|p2a: Terapagos|slp|[from] move: Spore\n|cant|p2a: Terapagos|slp\n|\n|-weather|RainDance|[upkeep]\n|-sideend|p2: cpxigao|move: Tailwind\n|upkeep\n|turn|6\n|\n|t:|1773769092\n|move|p1a: Amoonguss|Pollen Puff|p1b: Kyogre\n|-heal|p1b: Kyogre|75/100\n|move|p1b: Kyogre|Water Spout|p2a: Terapagos\n|-damage|p2a: Terapagos|0 fnt\n|faint|p2a: Terapagos\n|detailschange|p2: Terapagos|Terapagos, L50, M|[silent]\n|\n|win|dthk1216\n|raw|dthk1216's rating: 1545 &rarr; <strong>1562</strong><br />(+17 for winning)\n|raw|cpxigao's rating: 1491 &rarr; <strong>1474</strong><br />(-17 for losing)\n|l|\u2606dthk1216\n|player|p1|\n|l|\u2606cpxigao\n|player|p2|\n","uploadtime":1773769291,"views":14,"formatid":"gen9vgc2026regi","rating":1474,"private":0,"password":null}