{"id":"gen9vgc2026regi-2576792725","format":"[Gen 9] VGC 2026 Reg I","players":["FallenTurtlle","SalmonintheGanges"],"log":"|j|\u2606FallenTurtlle\n|j|\u2606SalmonintheGanges\n|t:|1775506117\n|gametype|doubles\n|player|p1|FallenTurtlle|serena|1288\n|player|p2|SalmonintheGanges|fisherman|1298\n|gen|9\n|tier|[Gen 9] VGC 2026 Reg I\n|rated|\n|rule|Species Clause: Limit one of each Pok\u00e9mon\n|rule|Item Clause: Limit 1 of each item\n|clearpoke\n|poke|p1|Calyrex-Ice, L50|\n|poke|p1|Florges-Orange, L50, F|\n|poke|p1|Kyogre, L50|\n|poke|p1|Rhydon, L50, M|\n|poke|p1|Iron Jugulis, L50|\n|poke|p1|Ogerpon-Wellspring, L50, F|\n|poke|p2|Muk-Alola, L50, M|\n|poke|p2|Calyrex-Shadow, L50|\n|poke|p2|Ho-Oh, L50|\n|poke|p2|Smeargle, L50, M|\n|poke|p2|Flamigo, L50, F|\n|poke|p2|Zoroark-Hisui, L50, M|\n|teampreview|4\n|inactive|Battle timer is ON: inactive players will automatically lose when time's up. (requested by SalmonintheGanges)\n|\n|t:|1775506144\n|teamsize|p1|4\n|teamsize|p2|4\n|start\n|switch|p1a: Kyogre|Kyogre, L50, shiny|100/100\n|switch|p1b: Iron Jugulis|Iron Jugulis, L50|100/100\n|switch|p2a: Smeargle|Smeargle, L50, M|100/100\n|switch|p2b: Muk|Muk-Alola, L50, M|100/100\n|-weather|RainDance|[from] ability: Drizzle|[of] p1a: Kyogre\n|turn|1\n|\n|t:|1775506150\n|move|p1a: Kyogre|Protect|p1a: Kyogre\n|-singleturn|p1a: Kyogre|Protect\n|move|p2b: Muk|Protect|p2b: Muk\n|-singleturn|p2b: Muk|Protect\n|move|p2a: Smeargle|Spore|p1a: Kyogre\n|-activate|p1a: Kyogre|move: Protect\n|move|p1b: Iron Jugulis|Tailwind|p1b: Iron Jugulis\n|-sidestart|p1: FallenTurtlle|move: Tailwind\n|\n|-weather|RainDance|[upkeep]\n|-ability|p2a: Smeargle|Moody|boost\n|-boost|p2a: Smeargle|spd|2\n|-unboost|p2a: Smeargle|spe|1\n|upkeep\n|turn|2\n|\n|t:|1775506171\n|move|p2a: Smeargle|Wide Guard|p2a: Smeargle\n|-singleturn|p2a: Smeargle|Wide Guard\n|move|p1b: Iron Jugulis|Hurricane|p2a: Smeargle\n|-damage|p2a: Smeargle|52/100\n|move|p1a: Kyogre|Water Spout|p2a: Smeargle|[spread] \n|-activate|p2a: Smeargle|move: Wide Guard\n|-activate|p2b: Muk|move: Wide Guard\n|move|p2b: Muk|Minimize|p2b: Muk\n|-boost|p2b: Muk|evasion|2\n|\n|-weather|RainDance|[upkeep]\n|-ability|p2a: Smeargle|Moody|boost\n|-boost|p2a: Smeargle|def|2\n|-unboost|p2a: Smeargle|spd|1\n|upkeep\n|turn|3\n|\n|t:|1775506186\n|move|p2a: Smeargle|Wide Guard|p2a: Smeargle\n|-singleturn|p2a: Smeargle|Wide Guard\n|move|p1b: Iron Jugulis|Hurricane|p2b: Muk\n|-damage|p2b: Muk|72/100\n|move|p1a: Kyogre|Hydro Pump|p2a: Smeargle\n|-damage|p2a: Smeargle|0 fnt\n|faint|p2a: Smeargle\n|-ability|p2b: Muk|Moody|Power of Alchemy|[from] ability: Power of Alchemy|[of] p2a: Smeargle\n|move|p2b: Muk|Minimize|p2b: Muk\n|-boost|p2b: Muk|evasion|2\n|\n|-weather|RainDance|[upkeep]\n|-heal|p2b: Muk|78/100|[from] item: Leftovers\n|-ability|p2b: Muk|Moody|boost\n|-boost|p2b: Muk|spe|2\n|-unboost|p2b: Muk|spd|1\n|upkeep\n|\n|t:|1775506191\n|switch|p2a: Flamigo|Flamigo, L50, F|100/100\n|-copyboost|p2a: Flamigo|p2b: Muk|[from] ability: Costar\n|-enditem|p2a: Flamigo|White Herb\n|-clearnegativeboost|p2a: Flamigo|[silent]\n|turn|4\n|\n|t:|1775506197\n|move|p2a: Flamigo|Wide Guard|p2a: Flamigo\n|-singleturn|p2a: Flamigo|Wide Guard\n|move|p1b: Iron Jugulis|Hurricane|p2a: Flamigo\n|-supereffective|p2a: Flamigo\n|-damage|p2a: Flamigo|0 fnt\n|faint|p2a: Flamigo\n|move|p1a: Kyogre|Water Spout|p2b: Muk\n|-activate|p2b: Muk|move: Wide Guard\n|move|p2b: Muk|Substitute|p2b: Muk\n|-start|p2b: Muk|Substitute\n|-damage|p2b: Muk|53/100\n|\n|-weather|RainDance|[upkeep]\n|-heal|p2b: Muk|59/100|[from] item: Leftovers\n|-sideend|p1: FallenTurtlle|move: Tailwind\n|-ability|p2b: Muk|Moody|boost\n|-boost|p2b: Muk|def|2\n|-unboost|p2b: Muk|atk|1\n|upkeep\n|\n|t:|1775506203\n|switch|p2a: Calyrex|Calyrex-Shadow, L50|100/100\n|-ability|p2a: Calyrex|As One\n|-ability|p2a: Calyrex|Unnerve\n|turn|5\n|\n|t:|1775506214\n|switch|p1a: Florges|Florges-Orange, L50, F|100/100\n|move|p2a: Calyrex|Psych Up|p2b: Muk\n|-copyboost|p2a: Calyrex|p2b: Muk|[from] move: Psych Up\n|move|p2b: Muk|Minimize|p2b: Muk\n|-boost|p2b: Muk|evasion|2\n|move|p1b: Iron Jugulis|Tailwind|p1b: Iron Jugulis\n|-sidestart|p1: FallenTurtlle|move: Tailwind\n|\n|-weather|none\n|-heal|p2b: Muk|66/100|[from] item: Leftovers\n|-ability|p2b: Muk|Moody|boost\n|-boost|p2b: Muk|atk|2\n|-unboost|p2b: Muk|def|1\n|upkeep\n|turn|6\n|\n|t:|1775506235\n|switch|p1a: Kyogre|Kyogre, L50, shiny|100/100\n|-weather|RainDance|[from] ability: Drizzle|[of] p1a: Kyogre\n|move|p2a: Calyrex|Substitute|p2a: Calyrex\n|-start|p2a: Calyrex|Substitute\n|-damage|p2a: Calyrex|76/100\n|move|p1b: Iron Jugulis|Hurricane|p2a: Calyrex\n|-end|p2a: Calyrex|Substitute\n|move|p2b: Muk|Poison Fang|p1a: Kyogre\n|-damage|p1a: Kyogre|74/100\n|\n|-weather|RainDance|[upkeep]\n|-heal|p2b: Muk|72/100|[from] item: Leftovers\n|-ability|p2b: Muk|Moody|boost\n|-boost|p2b: Muk|def|2\n|-unboost|p2b: Muk|spd|1\n|upkeep\n|turn|7\n|\n|t:|1775506254\n|move|p2a: Calyrex|Stored Power|p1a: Kyogre\n|-damage|p1a: Kyogre|15/100\n|move|p1b: Iron Jugulis|Hurricane|p2a: Calyrex\n|-damage|p2a: Calyrex|7/100\n|-enditem|p2a: Calyrex|Sitrus Berry|[eat]\n|-heal|p2a: Calyrex|32/100|[from] item: Sitrus Berry\n|move|p1a: Kyogre|Origin Pulse|p2b: Muk|[spread] p2a\n|-miss|p1a: Kyogre|p2b: Muk\n|-damage|p2a: Calyrex|0 fnt\n|faint|p2a: Calyrex\n|move|p2b: Muk|Poison Fang|p1a: Kyogre\n|-damage|p1a: Kyogre|0 fnt\n|faint|p1a: Kyogre\n|\n|-weather|RainDance|[upkeep]\n|-heal|p2b: Muk|78/100|[from] item: Leftovers\n|-ability|p2b: Muk|Moody|boost\n|-boost|p2b: Muk|spe|2\n|-unboost|p2b: Muk|atk|1\n|upkeep\n|\n|t:|1775506267\n|switch|p1a: Calyrex|Calyrex-Ice, L50|100/100\n|-ability|p1a: Calyrex|As One\n|-ability|p1a: Calyrex|Unnerve\n|turn|8\n|\n|t:|1775506272\n|move|p1b: Iron Jugulis|Hurricane|p2b: Muk\n|-end|p2b: Muk|Substitute\n|move|p2b: Muk|Poison Fang|p1a: Calyrex\n|-damage|p1a: Calyrex|89/100\n|move|p1a: Calyrex|Glacial Lance|p2b: Muk|[miss]\n|-miss|p1a: Calyrex|p2b: Muk\n|\n|-weather|RainDance|[upkeep]\n|-heal|p2b: Muk|84/100|[from] item: Leftovers\n|-sideend|p1: FallenTurtlle|move: Tailwind\n|-ability|p2b: Muk|Moody|boost\n|-boost|p2b: Muk|spd|2\n|-unboost|p2b: Muk|def|1\n|upkeep\n|turn|9\n|\n|t:|1775506287\n|move|p2b: Muk|Substitute|p2b: Muk\n|-start|p2b: Muk|Substitute\n|-damage|p2b: Muk|59/100\n|move|p1b: Iron Jugulis|Hurricane|p2b: Muk\n|-end|p2b: Muk|Substitute\n|move|p1a: Calyrex|Trick Room|p1a: Calyrex\n|-fieldstart|move: Trick Room|[of] p1a: Calyrex\n|-enditem|p1a: Calyrex|Room Service\n|-unboost|p1a: Calyrex|spe|1|[from] item: Room Service\n|\n|-weather|RainDance|[upkeep]\n|-heal|p2b: Muk|66/100|[from] item: Leftovers\n|-ability|p2b: Muk|Moody|boost\n|-boost|p2b: Muk|spa|2\n|-unboost|p2b: Muk|spe|1\n|upkeep\n|turn|10\n|\n|t:|1775506294\n|move|p2b: Muk|Protect|p2b: Muk\n|-singleturn|p2b: Muk|Protect\n|move|p1a: Calyrex|Leech Seed|p2b: Muk\n|-activate|p2b: Muk|move: Protect\n|move|p1b: Iron Jugulis|Hurricane|p2b: Muk\n|-activate|p2b: Muk|move: Protect\n|\n|-weather|none\n|-heal|p2b: Muk|72/100|[from] item: Leftovers\n|-ability|p2b: Muk|Moody|boost\n|-boost|p2b: Muk|def|2\n|-unboost|p2b: Muk|spe|1\n|upkeep\n|turn|11\n|\n|t:|1775506303\n|move|p1a: Calyrex|Leech Seed|p2b: Muk|[miss]\n|-miss|p1a: Calyrex|p2b: Muk\n|move|p1b: Iron Jugulis|Dark Pulse|p2b: Muk|[miss]\n|-miss|p1b: Iron Jugulis|p2b: Muk\n|move|p2b: Muk|Substitute|p2b: Muk\n|-start|p2b: Muk|Substitute\n|-damage|p2b: Muk|47/100\n|\n|-heal|p2b: Muk|53/100|[from] item: Leftovers\n|-ability|p2b: Muk|Moody|boost\n|-boost|p2b: Muk|atk|2\n|-unboost|p2b: Muk|def|1\n|upkeep\n|turn|12\n|\n|t:|1775506309\n|move|p1a: Calyrex|Glacial Lance|p2b: Muk|[miss]\n|-miss|p1a: Calyrex|p2b: Muk\n|move|p1b: Iron Jugulis|Dark Pulse|p2b: Muk\n|-resisted|p2b: Muk\n|-activate|p2b: Muk|move: Substitute|[damage]\n|move|p2b: Muk|Poison Fang|p1a: Calyrex\n|-damage|p1a: Calyrex|65/100\n|\n|-heal|p2b: Muk|59/100|[from] item: Leftovers\n|-ability|p2b: Muk|Moody|boost\n|-boost|p2b: Muk|spa|2\n|-unboost|p2b: Muk|spe|1\n|upkeep\n|turn|13\n|\n|t:|1775506316\n|move|p1a: Calyrex|Glacial Lance|p2b: Muk|[miss]\n|-miss|p1a: Calyrex|p2b: Muk\n|move|p2b: Muk|Poison Fang|p1a: Calyrex\n|-damage|p1a: Calyrex|39/100\n|-status|p1a: Calyrex|tox\n|move|p1b: Iron Jugulis|Dark Pulse|p2b: Muk\n|-resisted|p2b: Muk\n|-activate|p2b: Muk|move: Substitute|[damage]\n|\n|-heal|p2b: Muk|66/100|[from] item: Leftovers\n|-damage|p1a: Calyrex|32/100 tox|[from] psn\n|-fieldend|move: Trick Room\n|-ability|p2b: Muk|Moody|boost\n|-boost|p2b: Muk|def|2\n|-unboost|p2b: Muk|spa|1\n|upkeep\n|turn|14\n|\n|t:|1775506334\n|-terastallize|p1b: Iron Jugulis|Steel\n|move|p1b: Iron Jugulis|Dark Pulse|p2b: Muk\n|-resisted|p2b: Muk\n|-end|p2b: Muk|Substitute\n|move|p2b: Muk|Poison Fang|p1b: Iron Jugulis\n|-immune|p1b: Iron Jugulis\n|move|p1a: Calyrex|Glacial Lance|p2b: Muk\n|-damage|p2b: Muk|44/100\n|\n|-heal|p2b: Muk|50/100|[from] item: Leftovers\n|-damage|p1a: Calyrex|20/100 tox|[from] psn\n|-ability|p2b: Muk|Moody|boost\n|-boost|p2b: Muk|atk|2\n|-unboost|p2b: Muk|spa|1\n|upkeep\n|turn|15\n|\n|t:|1775506349\n|move|p1b: Iron Jugulis|Dark Pulse|p2b: Muk|[miss]\n|-miss|p1b: Iron Jugulis|p2b: Muk\n|move|p2b: Muk|Substitute|p2b: Muk\n|-start|p2b: Muk|Substitute\n|-damage|p2b: Muk|25/100\n|move|p1a: Calyrex|Glacial Lance|p2b: Muk\n|-activate|p2b: Muk|move: Substitute|[damage]\n|\n|-heal|p2b: Muk|31/100|[from] item: Leftovers\n|-damage|p1a: Calyrex|1/100 tox|[from] psn\n|-ability|p2b: Muk|Moody|boost\n|-boost|p2b: Muk|def|1\n|-unboost|p2b: Muk|spa|1\n|upkeep\n|turn|16\n|\n|t:|1775506360\n|switch|p1a: Florges|Florges-Orange, L50, F|100/100\n|move|p2b: Muk|Protect|p2b: Muk\n|-singleturn|p2b: Muk|Protect\n|move|p1b: Iron Jugulis|Tailwind|p1b: Iron Jugulis\n|-sidestart|p1: FallenTurtlle|move: Tailwind\n|\n|-heal|p2b: Muk|37/100|[from] item: Leftovers\n|-ability|p2b: Muk|Moody|boost\n|-boost|p2b: Muk|spe|2\n|-unboost|p2b: Muk|def|1\n|upkeep\n|turn|17\n|\n|t:|1775506364\n|move|p1b: Iron Jugulis|Tailwind||[still]\n|-fail|p1b: Iron Jugulis\n|move|p2b: Muk|Poison Fang|p1a: Florges\n|-supereffective|p1a: Florges\n|-damage|p1a: Florges|10/100\n|move|p1a: Florges|Pollen Puff|p2b: Muk|[miss]\n|-miss|p1a: Florges|p2b: Muk\n|\n|-heal|p2b: Muk|44/100|[from] item: Leftovers\n|-ability|p2b: Muk|Moody|boost\n|-boost|p2b: Muk|spd|2\n|-unboost|p2b: Muk|spe|1\n|upkeep\n|turn|18\n|\n|t:|1775506367\n|move|p1b: Iron Jugulis|Tailwind||[still]\n|-fail|p1b: Iron Jugulis\n|move|p1a: Florges|Pollen Puff|p2b: Muk|[miss]\n|-miss|p1a: Florges|p2b: Muk\n|move|p2b: Muk|Poison Fang|p1a: Florges\n|-supereffective|p1a: Florges\n|-damage|p1a: Florges|0 fnt\n|faint|p1a: Florges\n|\n|-heal|p2b: Muk|50/100|[from] item: Leftovers\n|-ability|p2b: Muk|Moody|boost\n|-boost|p2b: Muk|atk|2\n|-unboost|p2b: Muk|def|1\n|upkeep\n|\n|t:|1775506370\n|switch|p1a: Calyrex|Calyrex-Ice, L50|1/100 tox\n|-ability|p1a: Calyrex|As One\n|-ability|p1a: Calyrex|Unnerve\n|turn|19\n|\n|t:|1775506372\n|move|p1b: Iron Jugulis|Tailwind||[still]\n|-fail|p1b: Iron Jugulis\n|move|p1a: Calyrex|Glacial Lance|p2b: Muk|[miss]\n|-miss|p1a: Calyrex|p2b: Muk\n|move|p2b: Muk|Poison Fang|p1a: Calyrex\n|-damage|p1a: Calyrex|0 fnt\n|faint|p1a: Calyrex\n|\n|-heal|p2b: Muk|56/100|[from] item: Leftovers\n|-sideend|p1: FallenTurtlle|move: Tailwind\n|-ability|p2b: Muk|Moody|boost\n|-boost|p2b: Muk|spa|2\n|-unboost|p2b: Muk|spe|1\n|upkeep\n|turn|20\n|\n|t:|1775506375\n|move|p1b: Iron Jugulis|Tailwind|p1b: Iron Jugulis\n|-sidestart|p1: FallenTurtlle|move: Tailwind\n|move|p2b: Muk|Minimize|p2b: Muk\n|-boost|p2b: Muk|evasion|0\n|\n|-heal|p2b: Muk|62/100|[from] item: Leftovers\n|-ability|p2b: Muk|Moody|boost\n|-boost|p2b: Muk|spd|2\n|-unboost|p2b: Muk|def|1\n|upkeep\n|turn|21\n|\n|t:|1775506376\n|move|p1b: Iron Jugulis|Tailwind||[still]\n|-fail|p1b: Iron Jugulis\n|move|p2b: Muk|Minimize|p2b: Muk\n|-boost|p2b: Muk|evasion|0\n|\n|-heal|p2b: Muk|68/100|[from] item: Leftovers\n|-ability|p2b: Muk|Moody|boost\n|-boost|p2b: Muk|spa|2\n|-unboost|p2b: Muk|def|1\n|upkeep\n|turn|22\n|\n|t:|1775506378\n|move|p1b: Iron Jugulis|Tailwind||[still]\n|-fail|p1b: Iron Jugulis\n|move|p2b: Muk|Minimize|p2b: Muk\n|-boost|p2b: Muk|evasion|0\n|\n|-heal|p2b: Muk|75/100|[from] item: Leftovers\n|-ability|p2b: Muk|Moody|boost\n|-boost|p2b: Muk|spa|1\n|-unboost|p2b: Muk|atk|1\n|upkeep\n|turn|23\n|\n|t:|1775506380\n|move|p1b: Iron Jugulis|Tailwind||[still]\n|-fail|p1b: Iron Jugulis\n|move|p2b: Muk|Minimize|p2b: Muk\n|-boost|p2b: Muk|evasion|0\n|\n|-heal|p2b: Muk|81/100|[from] item: Leftovers\n|-sideend|p1: FallenTurtlle|move: Tailwind\n|-ability|p2b: Muk|Moody|boost\n|-boost|p2b: Muk|atk|1\n|-unboost|p2b: Muk|def|1\n|upkeep\n|turn|24\n|\n|t:|1775506382\n|move|p1b: Iron Jugulis|Tailwind|p1b: Iron Jugulis\n|-sidestart|p1: FallenTurtlle|move: Tailwind\n|move|p2b: Muk|Minimize|p2b: Muk\n|-boost|p2b: Muk|evasion|0\n|\n|-heal|p2b: Muk|87/100|[from] item: Leftovers\n|-ability|p2b: Muk|Moody|boost\n|-boost|p2b: Muk|def|2\n|-unboost|p2b: Muk|spd|1\n|upkeep\n|turn|25\n|\n|t:|1775506384\n|move|p1b: Iron Jugulis|Tailwind||[still]\n|-fail|p1b: Iron Jugulis\n|move|p2b: Muk|Minimize|p2b: Muk\n|-boost|p2b: Muk|evasion|0\n|\n|-heal|p2b: Muk|93/100|[from] item: Leftovers\n|-ability|p2b: Muk|Moody|boost\n|-boost|p2b: Muk|spd|2\n|-unboost|p2b: Muk|spe|1\n|upkeep\n|turn|26\n|\n|t:|1775506385\n|move|p1b: Iron Jugulis|Tailwind||[still]\n|-fail|p1b: Iron Jugulis\n|move|p2b: Muk|Minimize|p2b: Muk\n|-boost|p2b: Muk|evasion|0\n|\n|-heal|p2b: Muk|99/100|[from] item: Leftovers\n|-ability|p2b: Muk|Moody|boost\n|-boost|p2b: Muk|spd|1\n|-unboost|p2b: Muk|def|1\n|upkeep\n|turn|27\n|\n|t:|1775506387\n|move|p1b: Iron Jugulis|Tailwind||[still]\n|-fail|p1b: Iron Jugulis\n|move|p2b: Muk|Minimize|p2b: Muk\n|-boost|p2b: Muk|evasion|0\n|\n|-heal|p2b: Muk|100/100|[from] item: Leftovers\n|-sideend|p1: FallenTurtlle|move: Tailwind\n|-ability|p2b: Muk|Moody|boost\n|-boost|p2b: Muk|spe|2\n|-unboost|p2b: Muk|spd|1\n|upkeep\n|turn|28\n|\n|t:|1775506389\n|move|p2b: Muk|Minimize|p2b: Muk\n|-boost|p2b: Muk|evasion|0\n|move|p1b: Iron Jugulis|Tailwind|p1b: Iron Jugulis\n|-sidestart|p1: FallenTurtlle|move: Tailwind\n|\n|-ability|p2b: Muk|Moody|boost\n|-boost|p2b: Muk|def|2\n|-unboost|p2b: Muk|atk|1\n|upkeep\n|turn|29\n|\n|t:|1775506390\n|move|p1b: Iron Jugulis|Tailwind||[still]\n|-fail|p1b: Iron Jugulis\n|move|p2b: Muk|Minimize|p2b: Muk\n|-boost|p2b: Muk|evasion|0\n|\n|-ability|p2b: Muk|Moody|boost\n|-boost|p2b: Muk|def|2\n|-unboost|p2b: Muk|atk|1\n|upkeep\n|turn|30\n|\n|t:|1775506391\n|move|p1b: Iron Jugulis|Tailwind||[still]\n|-fail|p1b: Iron Jugulis\n|move|p2b: Muk|Minimize|p2b: Muk\n|-boost|p2b: Muk|evasion|0\n|\n|-ability|p2b: Muk|Moody|boost\n|-boost|p2b: Muk|spd|1\n|-unboost|p2b: Muk|def|1\n|upkeep\n|turn|31\n|\n|t:|1775506393\n|move|p1b: Iron Jugulis|Tailwind||[still]\n|-fail|p1b: Iron Jugulis\n|move|p2b: Muk|Minimize|p2b: Muk\n|-boost|p2b: Muk|evasion|0\n|\n|-sideend|p1: FallenTurtlle|move: Tailwind\n|-ability|p2b: Muk|Moody|boost\n|-boost|p2b: Muk|atk|2\n|-unboost|p2b: Muk|spe|1\n|upkeep\n|turn|32\n|\n|t:|1775506394\n|move|p1b: Iron Jugulis|Tailwind|p1b: Iron Jugulis\n|-sidestart|p1: FallenTurtlle|move: Tailwind\n|move|p2b: Muk|Minimize|p2b: Muk\n|-boost|p2b: Muk|evasion|0\n|\n|-ability|p2b: Muk|Moody|boost\n|-boost|p2b: Muk|spe|2\n|-unboost|p2b: Muk|def|1\n|upkeep\n|turn|33\n|\n|t:|1775506397\n|move|p1b: Iron Jugulis|Tailwind||[still]\n|-fail|p1b: Iron Jugulis\n|move|p2b: Muk|Poison Fang|p1b: Iron Jugulis\n|-immune|p1b: Iron Jugulis\n|\n|-ability|p2b: Muk|Moody|boost\n|-boost|p2b: Muk|spe|2\n|-unboost|p2b: Muk|atk|1\n|upkeep\n|turn|34\n|\n|t:|1775506398\n|move|p1b: Iron Jugulis|Tailwind||[still]\n|-fail|p1b: Iron Jugulis\n|move|p2b: Muk|Poison Fang|p1b: Iron Jugulis\n|-immune|p1b: Iron Jugulis\n|\n|-ability|p2b: Muk|Moody|boost\n|-boost|p2b: Muk|spe|1\n|-unboost|p2b: Muk|spa|1\n|upkeep\n|turn|35\n|\n|t:|1775506400\n|move|p2b: Muk|Poison Fang|p1b: Iron Jugulis\n|-immune|p1b: Iron Jugulis\n|move|p1b: Iron Jugulis|Tailwind||[still]\n|-fail|p1b: Iron Jugulis\n|\n|-sideend|p1: FallenTurtlle|move: Tailwind\n|-ability|p2b: Muk|Moody|boost\n|-boost|p2b: Muk|def|2\n|-unboost|p2b: Muk|spe|1\n|upkeep\n|turn|36\n|\n|t:|1775506402\n|move|p2b: Muk|Poison Fang|p1b: Iron Jugulis\n|-immune|p1b: Iron Jugulis\n|move|p1b: Iron Jugulis|Tailwind|p1b: Iron Jugulis\n|-sidestart|p1: FallenTurtlle|move: Tailwind\n|\n|-ability|p2b: Muk|Moody|boost\n|-boost|p2b: Muk|spa|1\n|-unboost|p2b: Muk|spe|1\n|upkeep\n|turn|37\n|\n|t:|1775506404\n|move|p1b: Iron Jugulis|Tailwind||[still]\n|-fail|p1b: Iron Jugulis\n|move|p2b: Muk|Poison Fang|p1b: Iron Jugulis\n|-immune|p1b: Iron Jugulis\n|\n|-ability|p2b: Muk|Moody|boost\n|-boost|p2b: Muk|spe|2\n|-unboost|p2b: Muk|atk|1\n|upkeep\n|turn|38\n|\n|t:|1775506406\n|move|p2b: Muk|Poison Fang|p1b: Iron Jugulis\n|-immune|p1b: Iron Jugulis\n|move|p1b: Iron Jugulis|Hurricane|p2b: Muk\n|-end|p2b: Muk|Substitute\n|\n|-ability|p2b: Muk|Moody|boost\n|-boost|p2b: Muk|atk|2\n|-unboost|p2b: Muk|def|1\n|upkeep\n|turn|39\n|\n|t:|1775506408\n|move|p2b: Muk|Poison Fang|p1b: Iron Jugulis\n|-immune|p1b: Iron Jugulis\n|move|p1b: Iron Jugulis|Hurricane|p2b: Muk|[miss]\n|-miss|p1b: Iron Jugulis|p2b: Muk\n|\n|-sideend|p1: FallenTurtlle|move: Tailwind\n|-ability|p2b: Muk|Moody|boost\n|-boost|p2b: Muk|def|1\n|-unboost|p2b: Muk|atk|1\n|upkeep\n|turn|40\n|\n|t:|1775506410\n|move|p2b: Muk|Protect|p2b: Muk\n|-singleturn|p2b: Muk|Protect\n|move|p1b: Iron Jugulis|Hurricane|p2b: Muk\n|-activate|p2b: Muk|move: Protect\n|\n|-ability|p2b: Muk|Moody|boost\n|-boost|p2b: Muk|atk|1\n|-unboost|p2b: Muk|spd|1\n|upkeep\n|turn|41\n|\n|t:|1775506412\n|move|p2b: Muk|Substitute|p2b: Muk\n|-start|p2b: Muk|Substitute\n|-damage|p2b: Muk|76/100\n|move|p1b: Iron Jugulis|Hurricane|p2b: Muk|[miss]\n|-miss|p1b: Iron Jugulis|p2b: Muk\n|\n|-heal|p2b: Muk|82/100|[from] item: Leftovers\n|-ability|p2b: Muk|Moody|boost\n|-boost|p2b: Muk|spd|1\n|-unboost|p2b: Muk|spa|1\n|upkeep\n|turn|42\n|\n|t:|1775506414\n|move|p2b: Muk|Poison Fang|p1b: Iron Jugulis\n|-immune|p1b: Iron Jugulis\n|move|p1b: Iron Jugulis|Hurricane|p2b: Muk|[miss]\n|-miss|p1b: Iron Jugulis|p2b: Muk\n|\n|-heal|p2b: Muk|88/100|[from] item: Leftovers\n|-ability|p2b: Muk|Moody|boost\n|-boost|p2b: Muk|spa|1\n|-unboost|p2b: Muk|atk|1\n|upkeep\n|turn|43\n|\n|t:|1775506416\n|move|p2b: Muk|Protect|p2b: Muk\n|-singleturn|p2b: Muk|Protect\n|move|p1b: Iron Jugulis|Hurricane|p2b: Muk\n|-activate|p2b: Muk|move: Protect\n|\n|-heal|p2b: Muk|94/100|[from] item: Leftovers\n|-ability|p2b: Muk|Moody|boost\n|-boost|p2b: Muk|atk|1\n|-unboost|p2b: Muk|spd|1\n|upkeep\n|turn|44\n|\n|t:|1775506418\n|move|p2b: Muk|Poison Fang|p1b: Iron Jugulis\n|-immune|p1b: Iron Jugulis\n|move|p1b: Iron Jugulis|Hurricane|p2b: Muk|[miss]\n|-miss|p1b: Iron Jugulis|p2b: Muk\n|\n|-heal|p2b: Muk|100/100|[from] item: Leftovers\n|-ability|p2b: Muk|Moody|boost\n|-boost|p2b: Muk|spd|1\n|-unboost|p2b: Muk|atk|1\n|upkeep\n|turn|45\n|\n|t:|1775506422\n|move|p2b: Muk|Poison Fang|p1b: Iron Jugulis\n|-immune|p1b: Iron Jugulis\n|move|p1b: Iron Jugulis|Hurricane|p2b: Muk\n|-activate|p2b: Muk|move: Substitute|[damage]\n|\n|-ability|p2b: Muk|Moody|boost\n|-boost|p2b: Muk|atk|1\n|-unboost|p2b: Muk|spa|1\n|upkeep\n|turn|46\n|\n|t:|1775506424\n|move|p2b: Muk|Poison Fang|p1b: Iron Jugulis\n|-immune|p1b: Iron Jugulis\n|move|p1b: Iron Jugulis|Dark Pulse|p2b: Muk|[miss]\n|-miss|p1b: Iron Jugulis|p2b: Muk\n|\n|-ability|p2b: Muk|Moody|boost\n|-boost|p2b: Muk|spa|1\n|-unboost|p2b: Muk|def|1\n|upkeep\n|turn|47\n|\n|t:|1775506426\n|move|p2b: Muk|Poison Fang|p1b: Iron Jugulis\n|-immune|p1b: Iron Jugulis\n|move|p1b: Iron Jugulis|Dark Pulse|p2b: Muk|[miss]\n|-miss|p1b: Iron Jugulis|p2b: Muk\n|\n|-ability|p2b: Muk|Moody|boost\n|-boost|p2b: Muk|def|1\n|-unboost|p2b: Muk|spd|1\n|upkeep\n|turn|48\n|\n|t:|1775506427\n|move|p2b: Muk|Poison Fang|p1b: Iron Jugulis\n|-immune|p1b: Iron Jugulis\n|move|p1b: Iron Jugulis|Dark Pulse|p2b: Muk|[miss]\n|-miss|p1b: Iron Jugulis|p2b: Muk\n|\n|-ability|p2b: Muk|Moody|boost\n|-boost|p2b: Muk|spd|1\n|-unboost|p2b: Muk|def|1\n|upkeep\n|turn|49\n|\n|t:|1775506430\n|move|p2b: Muk|Poison Fang|p1b: Iron Jugulis\n|-immune|p1b: Iron Jugulis\n|move|p1b: Iron Jugulis|Dark Pulse|p2b: Muk\n|-resisted|p2b: Muk\n|-activate|p2b: Muk|move: Substitute|[damage]\n|\n|-ability|p2b: Muk|Moody|boost\n|-boost|p2b: Muk|def|1\n|-unboost|p2b: Muk|spe|1\n|upkeep\n|turn|50\n|\n|t:|1775506432\n|move|p2b: Muk|Poison Fang|p1b: Iron Jugulis\n|-immune|p1b: Iron Jugulis\n|move|p1b: Iron Jugulis|Dark Pulse|p2b: Muk\n|-resisted|p2b: Muk\n|-activate|p2b: Muk|move: Substitute|[damage]\n|\n|-ability|p2b: Muk|Moody|boost\n|-boost|p2b: Muk|spe|1\n|-unboost|p2b: Muk|def|1\n|upkeep\n|turn|51\n|\n|t:|1775506434\n|move|p2b: Muk|Protect|p2b: Muk\n|-singleturn|p2b: Muk|Protect\n|move|p1b: Iron Jugulis|Dark Pulse|p2b: Muk\n|-activate|p2b: Muk|move: Protect\n|\n|-ability|p2b: Muk|Moody|boost\n|-boost|p2b: Muk|def|1\n|-unboost|p2b: Muk|spd|1\n|upkeep\n|turn|52\n|\n|t:|1775506436\n|move|p2b: Muk|Substitute|p2b: Muk\n|-fail|p2b: Muk|move: Substitute\n|move|p1b: Iron Jugulis|Dark Pulse|p2b: Muk\n|-resisted|p2b: Muk\n|-activate|p2b: Muk|move: Substitute|[damage]\n|\n|-ability|p2b: Muk|Moody|boost\n|-boost|p2b: Muk|spd|1\n|-unboost|p2b: Muk|def|1\n|upkeep\n|turn|53\n|\n|t:|1775506438\n|move|p2b: Muk|Substitute|p2b: Muk\n|-fail|p2b: Muk|move: Substitute\n|move|p1b: Iron Jugulis|Dark Pulse|p2b: Muk\n|-resisted|p2b: Muk\n|-activate|p2b: Muk|move: Substitute|[damage]\n|\n|-ability|p2b: Muk|Moody|boost\n|-boost|p2b: Muk|def|1\n|-unboost|p2b: Muk|spa|1\n|upkeep\n|turn|54\n|\n|t:|1775506440\n|move|p2b: Muk|Protect|p2b: Muk\n|-singleturn|p2b: Muk|Protect\n|move|p1b: Iron Jugulis|Dark Pulse|p2b: Muk\n|-activate|p2b: Muk|move: Protect\n|\n|-ability|p2b: Muk|Moody|boost\n|-boost|p2b: Muk|spa|1\n|-unboost|p2b: Muk|spd|1\n|upkeep\n|turn|55\n|\n|t:|1775506441\n|move|p2b: Muk|Substitute|p2b: Muk\n|-fail|p2b: Muk|move: Substitute\n|move|p1b: Iron Jugulis|Dark Pulse|p2b: Muk\n|-resisted|p2b: Muk\n|-activate|p2b: Muk|move: Substitute|[damage]\n|\n|-ability|p2b: Muk|Moody|boost\n|-boost|p2b: Muk|spd|1\n|-unboost|p2b: Muk|spa|1\n|upkeep\n|turn|56\n|\n|t:|1775506443\n|move|p2b: Muk|Substitute|p2b: Muk\n|-fail|p2b: Muk|move: Substitute\n|move|p1b: Iron Jugulis|Dark Pulse|p2b: Muk|[miss]\n|-miss|p1b: Iron Jugulis|p2b: Muk\n|\n|-ability|p2b: Muk|Moody|boost\n|-boost|p2b: Muk|spa|1\n|-unboost|p2b: Muk|spd|1\n|upkeep\n|turn|57\n|\n|t:|1775506445\n|move|p2b: Muk|Protect|p2b: Muk\n|-singleturn|p2b: Muk|Protect\n|move|p1b: Iron Jugulis|Dark Pulse|p2b: Muk\n|-activate|p2b: Muk|move: Protect\n|\n|-ability|p2b: Muk|Moody|boost\n|-boost|p2b: Muk|spd|1\n|-unboost|p2b: Muk|def|1\n|upkeep\n|turn|58\n|\n|t:|1775506447\n|move|p2b: Muk|Substitute|p2b: Muk\n|-fail|p2b: Muk|move: Substitute\n|move|p1b: Iron Jugulis|Dark Pulse|p2b: Muk|[miss]\n|-miss|p1b: Iron Jugulis|p2b: Muk\n|\n|-ability|p2b: Muk|Moody|boost\n|-boost|p2b: Muk|def|1\n|-unboost|p2b: Muk|spd|1\n|upkeep\n|turn|59\n|\n|t:|1775506449\n|move|p2b: Muk|Protect|p2b: Muk\n|-singleturn|p2b: Muk|Protect\n|move|p1b: Iron Jugulis|Dark Pulse|p2b: Muk\n|-activate|p2b: Muk|move: Protect\n|\n|-ability|p2b: Muk|Moody|boost\n|-boost|p2b: Muk|spd|1\n|-unboost|p2b: Muk|spe|1\n|upkeep\n|turn|60\n|\n|t:|1775506450\n|move|p2b: Muk|Substitute|p2b: Muk\n|-fail|p2b: Muk|move: Substitute\n|move|p1b: Iron Jugulis|Dark Pulse|p2b: Muk\n|-resisted|p2b: Muk\n|-activate|p2b: Muk|move: Substitute|[damage]\n|\n|-ability|p2b: Muk|Moody|boost\n|-boost|p2b: Muk|spe|1\n|-unboost|p2b: Muk|atk|1\n|upkeep\n|turn|61\n|\n|t:|1775506452\n|move|p2b: Muk|Substitute|p2b: Muk\n|-fail|p2b: Muk|move: Substitute\n|move|p1b: Iron Jugulis|Dark Pulse|p2b: Muk|[miss]\n|-miss|p1b: Iron Jugulis|p2b: Muk\n|\n|-ability|p2b: Muk|Moody|boost\n|-boost|p2b: Muk|atk|1\n|-unboost|p2b: Muk|spe|1\n|upkeep\n|turn|62\n|\n|t:|1775506454\n|move|p2b: Muk|Protect|p2b: Muk\n|-singleturn|p2b: Muk|Protect\n|move|p1b: Iron Jugulis|Dark Pulse|p2b: Muk\n|-activate|p2b: Muk|move: Protect\n|\n|-ability|p2b: Muk|Moody|boost\n|-boost|p2b: Muk|spe|1\n|-unboost|p2b: Muk|spa|1\n|upkeep\n|turn|63\n|\n|t:|1775506456\n|move|p2b: Muk|Protect||[still]\n|-fail|p2b: Muk\n|move|p1b: Iron Jugulis|Dark Pulse|p2b: Muk|[miss]\n|-miss|p1b: Iron Jugulis|p2b: Muk\n|\n|-ability|p2b: Muk|Moody|boost\n|-boost|p2b: Muk|spa|1\n|-unboost|p2b: Muk|def|1\n|upkeep\n|turn|64\n|\n|t:|1775506458\n|move|p2b: Muk|Protect|p2b: Muk\n|-singleturn|p2b: Muk|Protect\n|move|p1b: Iron Jugulis|Dark Pulse|p2b: Muk\n|-activate|p2b: Muk|move: Protect\n|\n|-ability|p2b: Muk|Moody|boost\n|-boost|p2b: Muk|def|1\n|-unboost|p2b: Muk|spd|1\n|upkeep\n|turn|65\n|\n|t:|1775506459\n|move|p2b: Muk|Protect||[still]\n|-fail|p2b: Muk\n|move|p1b: Iron Jugulis|Snarl|p2b: Muk|[miss]\n|-miss|p1b: Iron Jugulis|p2b: Muk\n|\n|-ability|p2b: Muk|Moody|boost\n|-boost|p2b: Muk|spd|1\n|-unboost|p2b: Muk|def|1\n|upkeep\n|turn|66\n|\n|t:|1775506461\n|move|p2b: Muk|Protect|p2b: Muk\n|-singleturn|p2b: Muk|Protect\n|move|p1b: Iron Jugulis|Snarl|p2b: Muk\n|-activate|p2b: Muk|move: Protect\n|\n|-ability|p2b: Muk|Moody|boost\n|-boost|p2b: Muk|def|1\n|-unboost|p2b: Muk|atk|1\n|upkeep\n|turn|67\n|\n|t:|1775506462\n|move|p2b: Muk|Substitute|p2b: Muk\n|-fail|p2b: Muk|move: Substitute\n|move|p1b: Iron Jugulis|Snarl|p2b: Muk|[miss]\n|-miss|p1b: Iron Jugulis|p2b: Muk\n|\n|-ability|p2b: Muk|Moody|boost\n|-boost|p2b: Muk|atk|1\n|-unboost|p2b: Muk|spa|1\n|upkeep\n|turn|68\n|\n|t:|1775506463\n|move|p2b: Muk|Substitute|p2b: Muk\n|-fail|p2b: Muk|move: Substitute\n|move|p1b: Iron Jugulis|Snarl|p2b: Muk\n|-resisted|p2b: Muk\n|-damage|p2b: Muk|99/100\n|-unboost|p2b: Muk|spa|1\n|\n|-heal|p2b: Muk|100/100|[from] item: Leftovers\n|-ability|p2b: Muk|Moody|boost\n|-boost|p2b: Muk|spa|2\n|-unboost|p2b: Muk|atk|1\n|upkeep\n|turn|69\n|\n|t:|1775506465\n|move|p2b: Muk|Substitute|p2b: Muk\n|-fail|p2b: Muk|move: Substitute\n|move|p1b: Iron Jugulis|Snarl|p2b: Muk\n|-resisted|p2b: Muk\n|-damage|p2b: Muk|99/100\n|-unboost|p2b: Muk|spa|1\n|\n|-heal|p2b: Muk|100/100|[from] item: Leftovers\n|-ability|p2b: Muk|Moody|boost\n|-boost|p2b: Muk|atk|1\n|-unboost|p2b: Muk|spe|1\n|upkeep\n|turn|70\n|\n|t:|1775506467\n|move|p2b: Muk|Substitute|p2b: Muk\n|-fail|p2b: Muk|move: Substitute\n|move|p1b: Iron Jugulis|Snarl|p2b: Muk|[miss]\n|-miss|p1b: Iron Jugulis|p2b: Muk\n|\n|-ability|p2b: Muk|Moody|boost\n|-boost|p2b: Muk|spe|1\n|-unboost|p2b: Muk|atk|1\n|upkeep\n|turn|71\n|\n|t:|1775506468\n|move|p2b: Muk|Protect|p2b: Muk\n|-singleturn|p2b: Muk|Protect\n|move|p1b: Iron Jugulis|Snarl|p2b: Muk\n|-activate|p2b: Muk|move: Protect\n|\n|-ability|p2b: Muk|Moody|boost\n|-boost|p2b: Muk|atk|1\n|-unboost|p2b: Muk|spe|1\n|upkeep\n|turn|72\n|\n|t:|1775506469\n|move|p2b: Muk|Protect|p2b: Muk\n|-singleturn|p2b: Muk|Protect\n|move|p1b: Iron Jugulis|Snarl|p2b: Muk\n|-activate|p2b: Muk|move: Protect\n|\n|-ability|p2b: Muk|Moody|boost\n|-boost|p2b: Muk|spa|1\n|-unboost|p2b: Muk|def|1\n|upkeep\n|turn|73\n|\n|t:|1775506471\n|-activate|p2b: Muk|move: Struggle\n|move|p2b: Muk|Struggle|p1b: Iron Jugulis\n|-damage|p1b: Iron Jugulis|50/100\n|-damage|p2b: Muk|76/100|[from] recoil\n|move|p1b: Iron Jugulis|Snarl|p2b: Muk\n|-resisted|p2b: Muk\n|-damage|p2b: Muk|74/100\n|-unboost|p2b: Muk|spa|1\n|\n|-heal|p2b: Muk|80/100|[from] item: Leftovers\n|-ability|p2b: Muk|Moody|boost\n|-boost|p2b: Muk|spe|1\n|-unboost|p2b: Muk|spa|1\n|upkeep\n|turn|74\n|\n|t:|1775506475\n|-activate|p2b: Muk|move: Struggle\n|move|p2b: Muk|Struggle|p1b: Iron Jugulis\n|-damage|p1b: Iron Jugulis|0 fnt\n|faint|p1b: Iron Jugulis\n|-end|p1b: Iron Jugulis|Quark Drive|[silent]\n|-damage|p2b: Muk|55/100|[from] recoil\n|\n|win|SalmonintheGanges\n|raw|FallenTurtlle's rating: 1288 &rarr; <strong>1264</strong><br />(-24 for losing)\n|raw|SalmonintheGanges's rating: 1298 &rarr; <strong>1322</strong><br />(+24 for winning)\n|l|\u2606FallenTurtlle\n|player|p1|\n|l|\u2606SalmonintheGanges\n|player|p2|\n","uploadtime":1775506475,"views":10,"formatid":"gen9vgc2026regi","rating":1264,"private":0,"password":null}