{"id":"gen9vgc2026regi-2519832139","format":"[Gen 9] VGC 2026 Reg I","players":["natsuki7974","VJ2511"],"log":"|j|\u2606natsuki7974\n|j|\u2606VJ2511\n|t:|1768557693\n|gametype|doubles\n|player|p1|natsuki7974|265|1371\n|player|p2|VJ2511|red-masters3|1499\n|gen|9\n|tier|[Gen 9] VGC 2026 Reg I\n|rated|\n|rule|Species Clause: Limit one of each Pok\u00e9mon\n|rule|Item Clause: Limit 1 of each item\n|clearpoke\n|poke|p1|Calyrex-Shadow, L50|\n|poke|p1|Rillaboom, L50, M|\n|poke|p1|Incineroar, L50, M|\n|poke|p1|Clefairy, L50, F|\n|poke|p1|Smeargle, L50, M|\n|poke|p1|Terapagos, L50, M|\n|poke|p2|Calyrex-Shadow, L50|\n|poke|p2|Zamazenta-*, L50|\n|poke|p2|Smeargle, L50, M|\n|poke|p2|Incineroar, L50, M|\n|poke|p2|Rillaboom, L50, F|\n|poke|p2|Raging Bolt, L50|\n|teampreview|4\n|inactive|Battle timer is ON: inactive players will automatically lose when time's up. (requested by VJ2511)\n|\n|t:|1768557710\n|teamsize|p1|4\n|teamsize|p2|4\n|start\n|switch|p1a: Calyrex|Calyrex-Shadow, L50|100/100\n|switch|p1b: Incineroar|Incineroar, L50, M|100/100\n|switch|p2a: Calyrex|Calyrex-Shadow, L50|100/100\n|switch|p2b: Smeargle|Smeargle, L50, M|100/100\n|-ability|p2a: Calyrex|As One\n|-ability|p2a: Calyrex|Unnerve\n|-ability|p1a: Calyrex|As One\n|-ability|p1a: Calyrex|Unnerve\n|-ability|p1b: Incineroar|Intimidate|boost\n|-unboost|p2a: Calyrex|atk|1\n|-unboost|p2b: Smeargle|atk|1\n|turn|1\n|j| playerqwe\n|inactive|natsuki7974 has 30 seconds left.\n|inactive|natsuki7974 has 20 seconds left.\n|l| playerqwe\n|inactive|natsuki7974 has 15 seconds left.\n|\n|t:|1768557751\n|switch|p1a: Smeargle|Smeargle, L50, M|100/100\n|-terastallize|p2a: Calyrex|Dark\n|move|p2b: Smeargle|Fake Out|p1b: Incineroar\n|-damage|p1b: Incineroar|97/100\n|-damage|p2b: Smeargle|84/100|[from] item: Rocky Helmet|[of] p1b: Incineroar\n|cant|p1b: Incineroar|flinch\n|move|p2a: Calyrex|Nasty Plot|p2a: Calyrex\n|-boost|p2a: Calyrex|spa|2\n|\n|-ability|p2b: Smeargle|Moody|boost\n|-boost|p2b: Smeargle|spa|2\n|-unboost|p2b: Smeargle|atk|1\n|-ability|p1a: Smeargle|Moody|boost\n|-boost|p1a: Smeargle|spa|2\n|-unboost|p1a: Smeargle|spd|1\n|upkeep\n|turn|2\n|inactive|natsuki7974 has 30 seconds left.\n|\n|t:|1768557786\n|move|p2a: Calyrex|Protect|p2a: Calyrex\n|-singleturn|p2a: Calyrex|Protect\n|move|p1a: Smeargle|Spore|p2a: Calyrex\n|-activate|p2a: Calyrex|move: Protect\n|move|p2b: Smeargle|Spore|p1a: Smeargle\n|-status|p1a: Smeargle|slp|[from] move: Spore\n|move|p1b: Incineroar|Parting Shot|p2a: Calyrex\n|-activate|p2a: Calyrex|move: Protect\n|\n|-ability|p1a: Smeargle|Moody|boost\n|-boost|p1a: Smeargle|spe|2\n|-unboost|p1a: Smeargle|spa|1\n|-ability|p2b: Smeargle|Moody|boost\n|-boost|p2b: Smeargle|def|2\n|-unboost|p2b: Smeargle|spa|1\n|upkeep\n|turn|3\n|\n|t:|1768557796\n|cant|p1a: Smeargle|slp\n|move|p2a: Calyrex|Psychic|p1a: Smeargle\n|-enditem|p1a: Smeargle|Focus Sash\n|-damage|p1a: Smeargle|1/100 slp\n|-unboost|p1a: Smeargle|spd|1\n|-damage|p2a: Calyrex|91/100|[from] item: Life Orb\n|move|p2b: Smeargle|Spore|p1b: Incineroar\n|-status|p1b: Incineroar|slp|[from] move: Spore\n|cant|p1b: Incineroar|slp\n|\n|-ability|p1a: Smeargle|Moody|boost\n|-boost|p1a: Smeargle|spe|2\n|-unboost|p1a: Smeargle|spd|1\n|-ability|p2b: Smeargle|Moody|boost\n|-boost|p2b: Smeargle|spd|2\n|-unboost|p2b: Smeargle|spe|1\n|upkeep\n|turn|4\n|\n|t:|1768557820\n|move|p2b: Smeargle|Follow Me|p2b: Smeargle\n|-singleturn|p2b: Smeargle|move: Follow Me\n|cant|p1a: Smeargle|slp\n|move|p2a: Calyrex|Psychic|p1a: Smeargle\n|-damage|p1a: Smeargle|0 fnt\n|faint|p1a: Smeargle\n|-ability|p2a: Calyrex|Grim Neigh|boost\n|-boost|p2a: Calyrex|spa|1\n|-damage|p2a: Calyrex|82/100|[from] item: Life Orb\n|cant|p1b: Incineroar|slp\n|\n|-ability|p2b: Smeargle|Moody|boost\n|-boost|p2b: Smeargle|def|2\n|-unboost|p2b: Smeargle|spa|1\n|upkeep\n|\n|t:|1768557836\n|switch|p1a: Clefairy|Clefairy, L50, F|100/100\n|turn|5\n|\n|t:|1768557843\n|move|p1a: Clefairy|Protect|p1a: Clefairy\n|-singleturn|p1a: Clefairy|Protect\n|move|p2a: Calyrex|Astral Barrage|p1b: Incineroar|[spread] p1b\n|-activate|p1a: Clefairy|move: Protect\n|-resisted|p1b: Incineroar\n|-damage|p1b: Incineroar|29/100 slp\n|-damage|p2a: Calyrex|72/100|[from] item: Life Orb\n|cant|p1b: Incineroar|slp\n|move|p2b: Smeargle|Spore|p1a: Clefairy\n|-activate|p1a: Clefairy|move: Protect\n|\n|-ability|p2b: Smeargle|Moody|boost\n|-boost|p2b: Smeargle|atk|2\n|-unboost|p2b: Smeargle|spd|1\n|upkeep\n|turn|6\n|-message|natsuki7974 forfeited.\n|\n|win|VJ2511\n|raw|natsuki7974's rating: 1371 &rarr; <strong>1358</strong><br />(-13 for losing)\n|raw|VJ2511's rating: 1499 &rarr; <strong>1512</strong><br />(+13 for winning)\n|l|\u2606natsuki7974\n|player|p1|\n|l|\u2606VJ2511\n|player|p2|\n","uploadtime":1768557859,"views":16,"formatid":"gen9vgc2026regi","rating":1358,"private":0,"password":null}