{"id":"gen9vgc2026regi-2523496904","format":"[Gen 9] VGC 2026 Reg I","players":["SwitchesRExpensive","j0l0k0"],"log":"|j|\u2606SwitchesRExpensive\n|j|\u2606j0l0k0\n|t:|1769030983\n|gametype|doubles\n|player|p1|SwitchesRExpensive|1|1218\n|player|p2|j0l0k0|brycen|1344\n|gen|9\n|tier|[Gen 9] VGC 2026 Reg I\n|rated|\n|rule|Species Clause: Limit one of each Pok\u00e9mon\n|rule|Item Clause: Limit 1 of each item\n|clearpoke\n|poke|p1|Terapagos, L50, M|\n|poke|p1|Dialga-Origin, L50|\n|poke|p1|Golem-Alola, L50, F|\n|poke|p1|Torkoal, L50, F|\n|poke|p1|Pawmot, L50, M|\n|poke|p1|Tornadus, L50, M|\n|poke|p2|Calyrex-Ice, L50|\n|poke|p2|Kyogre, L50|\n|poke|p2|Indeedee-F, L50, F|\n|poke|p2|Urshifu-*, L50, F|\n|poke|p2|Amoonguss, L50, F|\n|poke|p2|Landorus, L50, M|\n|teampreview|4\n|inactive|Battle timer is ON: inactive players will automatically lose when time's up. (requested by j0l0k0)\n|inactive|SwitchesRExpensive also wants the timer to be on.\n|\n|t:|1769031005\n|teamsize|p1|4\n|teamsize|p2|4\n|start\n|switch|p1a: Golem|Golem-Alola, L50, F|100/100\n|switch|p1b: Dialga|Dialga-Origin, L50|100/100\n|switch|p2a: Indeedee|Indeedee-F, L50, F, shiny|100/100\n|switch|p2b: Calyrex|Calyrex-Ice, L50|100/100\n|-ability|p2b: Calyrex|As One\n|-ability|p2b: Calyrex|Unnerve\n|-fieldstart|move: Psychic Terrain|[from] ability: Psychic Surge|[of] p2a: Indeedee\n|turn|1\n|\n|t:|1769031027\n|switch|p2b: Landorus|Landorus, L50, M, shiny|100/100\n|move|p1a: Golem|Wide Guard|p1a: Golem\n|-singleturn|p1a: Golem|Wide Guard\n|move|p1b: Dialga|Flash Cannon|p2b: Landorus\n|-damage|p2b: Landorus|40/100\n|move|p2a: Indeedee|Trick Room|p2a: Indeedee\n|-fieldstart|move: Trick Room|[of] p2a: Indeedee\n|\n|upkeep\n|turn|2\n|\n|t:|1769031044\n|move|p2a: Indeedee|Helping Hand|p2b: Landorus\n|-singleturn|p2b: Landorus|Helping Hand|[of] p2a: Indeedee\n|move|p1a: Golem|Body Slam|p2a: Indeedee\n|-damage|p2a: Indeedee|43/100\n|move|p1b: Dialga|Flash Cannon|p2b: Landorus\n|-damage|p2b: Landorus|0 fnt\n|faint|p2b: Landorus\n|\n|upkeep\n|\n|t:|1769031054\n|switch|p2b: Calyrex|Calyrex-Ice, L50|100/100\n|-ability|p2b: Calyrex|As One\n|-ability|p2b: Calyrex|Unnerve\n|turn|3\n|\n|t:|1769031067\n|move|p1b: Dialga|Protect|p1b: Dialga\n|-singleturn|p1b: Dialga|Protect\n|move|p2a: Indeedee|Follow Me|p2a: Indeedee\n|-singleturn|p2a: Indeedee|move: Follow Me\n|move|p2b: Calyrex|Glacial Lance|p1b: Dialga|[spread] p1a\n|-activate|p1b: Dialga|move: Protect\n|-damage|p1a: Golem|49/100\n|move|p1a: Golem|Explosion|p2b: Calyrex|[spread] p2a,p2b\n|-activate|p1b: Dialga|move: Protect\n|-damage|p2a: Indeedee|0 fnt\n|-damage|p2b: Calyrex|20/100\n|faint|p1a: Golem\n|faint|p2a: Indeedee\n|\n|upkeep\n|\n|t:|1769031081\n|switch|p1a: Torkoal|Torkoal, L50, F|100/100\n|switch|p2a: Kyogre|Kyogre, L50, shiny|100/100\n|-weather|SunnyDay|[from] ability: Drought|[of] p1a: Torkoal\n|-weather|RainDance|[from] ability: Drizzle|[of] p2a: Kyogre\n|turn|4\n|\n|t:|1769031093\n|move|p1a: Torkoal|Overheat|p2b: Calyrex\n|-supereffective|p2b: Calyrex\n|-crit|p2b: Calyrex\n|-damage|p2b: Calyrex|0 fnt\n|-unboost|p1a: Torkoal|spa|2\n|faint|p2b: Calyrex\n|-enditem|p1a: Torkoal|Eject Pack\n|\n|t:|1769031099\n|switch|p1a: Terapagos|Terapagos, L50, M|100/100\n|-activate|p1a: Terapagos|ability: Tera Shift\n|detailschange|p1a: Terapagos|Terapagos-Terastal, L50, M\n|-heal|p1a: Terapagos|100/100|[silent]\n|move|p1b: Dialga|Dragon Pulse|p2a: Kyogre\n|-damage|p2a: Kyogre|73/100\n|move|p2a: Kyogre|Water Spout|p1b: Dialga|[spread] p1a,p1b\n|-activate|p1a: Terapagos|ability: Tera Shell\n|-resisted|p1a: Terapagos\n|-resisted|p1b: Dialga\n|-damage|p1a: Terapagos|68/100\n|-damage|p1b: Dialga|76/100\n|\n|-weather|RainDance|[upkeep]\n|-heal|p1a: Terapagos|74/100|[from] item: Leftovers\n|upkeep\n|turn|5\n|\n|t:|1769031120\n|-terastallize|p1a: Terapagos|Stellar\n|detailschange|p1a: Terapagos|Terapagos-Stellar, L50, M, tera:Stellar\n|-heal|p1a: Terapagos|80/100|[silent]\n|-ability|p1a: Terapagos|Teraform Zero\n|-weather|none\n|-fieldend|move: Psychic Terrain\n|move|p1a: Terapagos|Energy Ball|p2a: Kyogre\n|-supereffective|p2a: Kyogre\n|-damage|p2a: Kyogre|36/100\n|-unboost|p2a: Kyogre|spd|1\n|move|p2a: Kyogre|Hydro Pump|p1a: Terapagos|[miss]\n|-miss|p2a: Kyogre|p1a: Terapagos\n|move|p1b: Dialga|Dragon Pulse|p2a: Kyogre\n|-damage|p2a: Kyogre|0 fnt\n|faint|p2a: Kyogre\n|\n|win|SwitchesRExpensive\n|raw|SwitchesRExpensive's rating: 1218 &rarr; <strong>1252</strong><br />(+34 for winning)\n|raw|j0l0k0's rating: 1344 &rarr; <strong>1317</strong><br />(-27 for losing)\n|l|\u2606SwitchesRExpensive\n|player|p1|\n|l|\u2606j0l0k0\n|player|p2|\n","uploadtime":1769031277,"views":13,"formatid":"gen9vgc2026regi","rating":1252,"private":0,"password":null}