{"id":"gen9vgc2026regi-2532678389","format":"[Gen 9] VGC 2026 Reg I","players":["bo555","501JFW"],"log":"|j|\u2606bo555\n|j|\u2606501JFW\n|t:|1770213893\n|gametype|doubles\n|player|p1|bo555|hilbert|1345\n|player|p2|501JFW|170|1397\n|gen|9\n|tier|[Gen 9] VGC 2026 Reg I\n|rated|\n|rule|Species Clause: Limit one of each Pok\u00e9mon\n|rule|Item Clause: Limit 1 of each item\n|clearpoke\n|poke|p1|Smeargle, L50, M|\n|poke|p1|Muk-Alola, L50, M|\n|poke|p1|Calyrex-Shadow, L50|\n|poke|p1|Koraidon, L50|\n|poke|p1|Whimsicott, L50, F|\n|poke|p2|Kyogre, L50|\n|poke|p2|Calyrex-Ice, L50|\n|poke|p2|Amoonguss, L50, F|\n|poke|p2|Iron Jugulis, L50|\n|poke|p2|Urshifu-*, L50, M|\n|poke|p2|Indeedee-F, L50, F|\n|teampreview|4\n|inactive|Battle timer is ON: inactive players will automatically lose when time's up. (requested by bo555)\n|inactive|501JFW has 60 seconds left.\n|\n|t:|1770213937\n|teamsize|p1|4\n|teamsize|p2|4\n|start\n|switch|p1a: Smeargle|Smeargle, L50, M, shiny|100/100\n|switch|p1b: Muk|Muk-Alola, L50, M, shiny|100/100\n|switch|p2a: Kyogre|Kyogre, L50, shiny|100/100\n|switch|p2b: Urshifu|Urshifu-Rapid-Strike, L50, M|100/100\n|-weather|RainDance|[from] ability: Drizzle|[of] p2a: Kyogre\n|turn|1\n|\n|t:|1770213951\n|-terastallize|p1b: Muk|Water\n|move|p1a: Smeargle|Fake Out|p2b: Urshifu\n|-damage|p2b: Urshifu|96/100\n|cant|p2b: Urshifu|flinch\n|move|p2a: Kyogre|Water Spout|p1b: Muk|[spread] p1a,p1b\n|-resisted|p1b: Muk\n|-enditem|p1a: Smeargle|Focus Sash\n|-damage|p1a: Smeargle|1/100\n|-damage|p1b: Muk|41/100\n|move|p1b: Muk|Minimize|p1b: Muk\n|-boost|p1b: Muk|evasion|2\n|\n|-weather|RainDance|[upkeep]\n|-heal|p1b: Muk|47/100|[from] item: Leftovers\n|-ability|p1a: Smeargle|Moody|boost\n|-boost|p1a: Smeargle|spe|2\n|-unboost|p1a: Smeargle|spd|1\n|upkeep\n|turn|2\n|inactive|bo555 has 30 seconds left.\n|inactive|bo555 has 20 seconds left.\n|inactive|501JFW has 30 seconds left.\n|inactive|bo555 has 15 seconds left.\n|inactive|501JFW has 20 seconds left.\n|inactive|501JFW has 15 seconds left.\n|inactive|501JFW has 10 seconds left.\n|\n|t:|1770214007\n|move|p1a: Smeargle|Spore|p2a: Kyogre\n|-status|p2a: Kyogre|slp|[from] move: Spore\n|move|p2b: Urshifu|Surging Strikes|p1b: Muk\n|-resisted|p1b: Muk\n|-crit|p1b: Muk\n|-damage|p1b: Muk|28/100\n|-resisted|p1b: Muk\n|-crit|p1b: Muk\n|-damage|p1b: Muk|9/100\n|-resisted|p1b: Muk\n|-crit|p1b: Muk\n|-damage|p1b: Muk|0 fnt\n|faint|p1b: Muk\n|-hitcount|p1: Muk|3\n|cant|p2a: Kyogre|slp\n|\n|-weather|RainDance|[upkeep]\n|-ability|p1a: Smeargle|Moody|boost\n|-boost|p1a: Smeargle|spe|2\n|-unboost|p1a: Smeargle|atk|1\n|upkeep\n|\n|t:|1770214025\n|switch|p1b: Calyrex|Calyrex-Shadow, L50|100/100\n|-ability|p1b: Calyrex|As One\n|-ability|p1b: Calyrex|Unnerve\n|turn|3\n|inactive|501JFW has 30 seconds left.\n|\n|t:|1770214057\n|switch|p2a: Indeedee|Indeedee-F, L50, F, shiny|100/100\n|-fieldstart|move: Psychic Terrain|[from] ability: Psychic Surge|[of] p2a: Indeedee\n|-enditem|p2a: Indeedee|Psychic Seed\n|-boost|p2a: Indeedee|spd|1|[from] item: Psychic Seed\n|-terastallize|p2b: Urshifu|Grass\n|move|p1a: Smeargle|Spore|p2b: Urshifu\n|-immune|p2b: Urshifu\n|move|p1b: Calyrex|Astral Barrage|p2a: Indeedee|[spread] p2b\n|-immune|p2a: Indeedee\n|-damage|p2b: Urshifu|19/100\n|move|p2b: Urshifu|Surging Strikes|p1b: Calyrex\n|-crit|p1b: Calyrex\n|-damage|p1b: Calyrex|44/100\n|-crit|p1b: Calyrex\n|-damage|p1b: Calyrex|0 fnt\n|faint|p1b: Calyrex\n|-hitcount|p1: Calyrex|2\n|\n|-weather|RainDance|[upkeep]\n|-ability|p1a: Smeargle|Moody|boost\n|-boost|p1a: Smeargle|spa|2\n|-unboost|p1a: Smeargle|def|1\n|upkeep\n|\n|t:|1770214073\n|switch|p1b: Koraidon|Koraidon, L50, shiny|100/100\n|-weather|SunnyDay|[from] ability: Orichalcum Pulse|[of] p1b: Koraidon\n|-activate|p1b: Koraidon|Orichalcum Pulse|[source]\n|turn|4\n|\n|t:|1770214084\n|move|p2a: Indeedee|Follow Me|p2a: Indeedee\n|-singleturn|p2a: Indeedee|move: Follow Me\n|move|p1a: Smeargle|Spore|p2a: Indeedee\n|-status|p2a: Indeedee|slp|[from] move: Spore\n|move|p1b: Koraidon|Flame Charge|p2a: Indeedee\n|-damage|p2a: Indeedee|56/100 slp\n|-boost|p1b: Koraidon|spe|1\n|-damage|p1b: Koraidon|91/100|[from] item: Life Orb\n|move|p2b: Urshifu|Surging Strikes|p1a: Smeargle\n|-crit|p1a: Smeargle\n|-damage|p1a: Smeargle|0 fnt\n|faint|p1a: Smeargle\n|-hitcount|p1: Smeargle|1\n|\n|-weather|SunnyDay|[upkeep]\n|upkeep\n|turn|5\n|\n|t:|1770214103\n|switch|p2b: Kyogre|Kyogre, L50, shiny|100/100 slp\n|-weather|RainDance|[from] ability: Drizzle|[of] p2b: Kyogre\n|move|p1b: Koraidon|Flame Charge|p2b: Kyogre\n|-resisted|p2b: Kyogre\n|-damage|p2b: Kyogre|95/100 slp\n|-boost|p1b: Koraidon|spe|1\n|-damage|p1b: Koraidon|81/100|[from] item: Life Orb\n|cant|p2a: Indeedee|slp\n|\n|-weather|RainDance|[upkeep]\n|upkeep\n|turn|6\n|\n|t:|1770214116\n|move|p1b: Koraidon|Close Combat|p2b: Kyogre\n|-damage|p2b: Kyogre|14/100 slp\n|-unboost|p1b: Koraidon|def|1\n|-unboost|p1b: Koraidon|spd|1\n|-damage|p1b: Koraidon|72/100|[from] item: Life Orb\n|-curestatus|p2b: Kyogre|slp|[msg]\n|move|p2b: Kyogre|Origin Pulse|p1b: Koraidon\n|-resisted|p1b: Koraidon\n|-damage|p1b: Koraidon|0 fnt\n|faint|p1b: Koraidon\n|\n|win|501JFW\n|raw|bo555's rating: 1345 &rarr; <strong>1328</strong><br />(-17 for losing)\n|raw|501JFW's rating: 1397 &rarr; <strong>1414</strong><br />(+17 for winning)\n|l|\u2606bo555\n|player|p1|\n|l|\u2606501JFW\n|player|p2|\n","uploadtime":1770214306,"views":17,"formatid":"gen9vgc2026regi","rating":1328,"private":0,"password":null}