{"id":"gen9vgc2026regi-2535866092","format":"[Gen 9] VGC 2026 Reg I","players":["fulgrim2024","marcxhenry"],"log":"|j|\u2606fulgrim2024\n|j|\u2606marcxhenry\n|t:|1770623171\n|gametype|doubles\n|player|p1|fulgrim2024|nate|1388\n|player|p2|marcxhenry|hilbert-wonderlauncher|1669\n|gen|9\n|tier|[Gen 9] VGC 2026 Reg I\n|rated|\n|rule|Species Clause: Limit one of each Pok\u00e9mon\n|rule|Item Clause: Limit 1 of each item\n|clearpoke\n|poke|p1|Miraidon, L50|\n|poke|p1|Necrozma-Dusk-Mane, L50|\n|poke|p1|Grimmsnarl, L50, M|\n|poke|p1|Iron Hands, L50|\n|poke|p1|Ogerpon-Hearthflame, L50, F|\n|poke|p1|Chien-Pao, L50|\n|poke|p2|Calyrex-Shadow, L50|\n|poke|p2|Urshifu-*, L50, M|\n|poke|p2|Roaring Moon, L50|\n|poke|p2|Kyogre, L50|\n|poke|p2|Tsareena, L50, F|\n|poke|p2|Kingambit, L50, M|\n|teampreview|4\n|\n|t:|1770623217\n|teamsize|p1|4\n|teamsize|p2|4\n|start\n|switch|p1a: Grimmsnarl|Grimmsnarl, L50, M|100/100\n|switch|p1b: Chien-Pao|Chien-Pao, L50|100/100\n|switch|p2a: Roter Baron|Roaring Moon, L50, shiny|100/100\n|switch|p2b: Tripitz|Kyogre, L50, shiny|100/100\n|-ability|p1b: Chien-Pao|Sword of Ruin\n|-weather|RainDance|[from] ability: Drizzle|[of] p2b: Tripitz\n|-enditem|p2a: Roter Baron|Booster Energy\n|-activate|p2a: Roter Baron|ability: Protosynthesis|[fromitem]\n|-start|p2a: Roter Baron|protosynthesisspe\n|turn|1\n|\n|t:|1770623253\n|move|p1a: Grimmsnarl|Light Screen|p1a: Grimmsnarl\n|-sidestart|p1: fulgrim2024|move: Light Screen\n|move|p2a: Roter Baron|Tailwind|p2a: Roter Baron\n|-sidestart|p2: marcxhenry|move: Tailwind\n|move|p2b: Tripitz|Origin Pulse|p1a: Grimmsnarl|[spread] p1a,p1b\n|-damage|p1a: Grimmsnarl|32/100\n|-enditem|p1b: Chien-Pao|Focus Sash\n|-damage|p1b: Chien-Pao|1/100\n|move|p1b: Chien-Pao|Throat Chop|p2b: Tripitz\n|-damage|p2b: Tripitz|45/100\n|-start|p2b: Tripitz|Throat Chop|[silent]\n|\n|-weather|RainDance|[upkeep]\n|upkeep\n|turn|2\n|\n|t:|1770623289\n|move|p2b: Tripitz|Protect|p2b: Tripitz\n|-singleturn|p2b: Tripitz|Protect\n|move|p1b: Chien-Pao|Sucker Punch||[still]\n|-fail|p1b: Chien-Pao\n|move|p2a: Roter Baron|Acrobatics|p1a: Grimmsnarl\n|-damage|p1a: Grimmsnarl|0 fnt\n|faint|p1a: Grimmsnarl\n|\n|-weather|RainDance|[upkeep]\n|-end|p2b: Tripitz|Throat Chop|[silent]\n|upkeep\n|\n|t:|1770623298\n|switch|p1a: Miraidon|Miraidon, L50|100/100\n|-fieldstart|move: Electric Terrain|[from] ability: Hadron Engine|[of] p1a: Miraidon\n|turn|3\n|\n|t:|1770623310\n|-end|p2a: Roter Baron|Protosynthesis|[silent]\n|switch|p2a: Eva|Tsareena, L50, F, shiny|100/100\n|-terastallize|p2b: Tripitz|Ground\n|-terastallize|p1a: Miraidon|Fairy\n|move|p1b: Chien-Pao|Sucker Punch||[still]\n|cant|p2a: Eva|ability: Queenly Majesty|Sucker Punch|[of] p1b: Chien-Pao\n|move|p2b: Tripitz|Origin Pulse|p1b: Chien-Pao|[spread] p1a,p1b\n|-damage|p1a: Miraidon|43/100\n|-damage|p1b: Chien-Pao|0 fnt\n|faint|p1b: Chien-Pao\n|move|p1a: Miraidon|Dazzling Gleam|p2b: Tripitz|[spread] p2a,p2b\n|-damage|p2a: Eva|25/100\n|-damage|p2b: Tripitz|0 fnt\n|faint|p2b: Tripitz\n|\n|-weather|RainDance|[upkeep]\n|upkeep\n|\n|t:|1770623324\n|switch|p1b: Iron Hands|Iron Hands, L50|100/100\n|switch|p2b: Ludwig|Calyrex-Shadow, L50|100/100\n|-ability|p2b: Ludwig|As One\n|-ability|p2b: Ludwig|Unnerve\n|-activate|p1b: Iron Hands|ability: Quark Drive\n|-start|p1b: Iron Hands|quarkdriveatk\n|turn|4\n|\n|t:|1770623340\n|move|p2b: Ludwig|Astral Barrage|p1b: Iron Hands|[spread] p1a,p1b\n|-damage|p1a: Miraidon|7/100\n|-damage|p1b: Iron Hands|83/100\n|move|p2a: Eva|Power Whip|p1a: Miraidon\n|-damage|p1a: Miraidon|0 fnt\n|faint|p1a: Miraidon\n|move|p1b: Iron Hands|Wild Charge|p2b: Ludwig\n|-enditem|p2b: Ludwig|Focus Sash\n|-damage|p2b: Ludwig|1/100\n|-damage|p1b: Iron Hands|65/100|[from] Recoil\n|\n|-weather|RainDance|[upkeep]\n|-sideend|p2: marcxhenry|move: Tailwind\n|upkeep\n|turn|5\n|\n|t:|1770623357\n|move|p2b: Ludwig|Protect|p2b: Ludwig\n|-singleturn|p2b: Ludwig|Protect\n|move|p2a: Eva|Power Whip|p1b: Iron Hands\n|-damage|p1b: Iron Hands|21/100\n|move|p1b: Iron Hands|Drain Punch|p2a: Eva\n|-damage|p2a: Eva|0 fnt\n|-heal|p1b: Iron Hands|30/100|[from] drain|[of] p2a: Eva\n|faint|p2a: Eva\n|\n|-weather|none\n|upkeep\n|\n|t:|1770623367\n|switch|p2a: Roter Baron|Roaring Moon, L50, shiny|100/100\n|turn|6\n|\n|t:|1770623371\n|move|p2a: Roter Baron|Protect|p2a: Roter Baron\n|-singleturn|p2a: Roter Baron|Protect\n|move|p2b: Ludwig|Psychic|p1b: Iron Hands\n|-supereffective|p1b: Iron Hands\n|-damage|p1b: Iron Hands|0 fnt\n|faint|p1b: Iron Hands\n|-end|p1b: Iron Hands|Quark Drive|[silent]\n|\n|win|marcxhenry\n|raw|fulgrim2024's rating: 1388 &rarr; <strong>1381</strong><br />(-7 for losing)\n|raw|marcxhenry's rating: 1669 &rarr; <strong>1676</strong><br />(+7 for winning)\n|l|\u2606fulgrim2024\n|player|p1|\n|l|\u2606marcxhenry\n|player|p2|\n","uploadtime":1770623515,"views":23,"formatid":"gen9vgc2026regi","rating":1381,"private":0,"password":null}