{"id":"gen9vgc2026regi-2549466778","format":"[Gen 9] VGC 2026 Reg I","players":["snivypromaster","kojimuranishi"],"log":"|j|\u2606snivypromaster\n|j|\u2606kojimuranishi\n|t:|1772372076\n|gametype|doubles\n|player|p1|snivypromaster|iris-gen5bw2|1207\n|player|p2|kojimuranishi|102|1306\n|gen|9\n|tier|[Gen 9] VGC 2026 Reg I\n|rated|\n|rule|Species Clause: Limit one of each Pok\u00e9mon\n|rule|Item Clause: Limit 1 of each item\n|clearpoke\n|poke|p1|Serperior, L50, M|\n|poke|p1|Calyrex-Shadow, L50|\n|poke|p1|Kyogre, L50|\n|poke|p1|Archaludon, L50, M|\n|poke|p1|Tornadus, L50, M|\n|poke|p1|Whimsicott, L50, F|\n|poke|p2|Raging Bolt, L50|\n|poke|p2|Calyrex-Ice, L50|\n|poke|p2|Kyogre, L50|\n|poke|p2|Indeedee-F, L50, F|\n|poke|p2|Ursaluna, L50, F|\n|poke|p2|Torkoal, L50, F|\n|teampreview|4\n|inactive|Battle timer is ON: inactive players will automatically lose when time's up. (requested by kojimuranishi)\n|inactive|kojimuranishi has 60 seconds left.\n|\n|t:|1772372113\n|teamsize|p1|4\n|teamsize|p2|4\n|start\n|switch|p1a: Kyogre|Kyogre, L50|100/100\n|switch|p1b: Whimsicott|Whimsicott, L50, F, shiny|100/100\n|switch|p2a: Raging Bolt|Raging Bolt, L50|100/100\n|switch|p2b: Calyrex|Calyrex-Ice, L50|100/100\n|-ability|p2b: Calyrex|As One\n|-ability|p2b: Calyrex|Unnerve\n|-weather|RainDance|[from] ability: Drizzle|[of] p1a: Kyogre\n|turn|1\n|\n|t:|1772372128\n|move|p1b: Whimsicott|Helping Hand|p1a: Kyogre\n|-singleturn|p1a: Kyogre|Helping Hand|[of] p1b: Whimsicott\n|move|p2a: Raging Bolt|Thunderclap|p1a: Kyogre\n|-supereffective|p1a: Kyogre\n|-damage|p1a: Kyogre|33/100\n|-damage|p2a: Raging Bolt|91/100|[from] item: Life Orb\n|move|p1a: Kyogre|Water Spout|p2b: Calyrex|[spread] p2a,p2b\n|-resisted|p2a: Raging Bolt\n|-damage|p2a: Raging Bolt|62/100\n|-damage|p2b: Calyrex|64/100\n|move|p2b: Calyrex|Trick Room|p2b: Calyrex\n|-fieldstart|move: Trick Room|[of] p2b: Calyrex\n|\n|-weather|RainDance|[upkeep]\n|-heal|p2b: Calyrex|70/100|[from] item: Leftovers\n|upkeep\n|turn|2\n|inactive|snivypromaster has 30 seconds left.\n|\n|t:|1772372153\n|switch|p2b: Ursaluna|Ursaluna, L50, F|100/100\n|switch|p1b: Archaludon|Archaludon, L50, M|100/100\n|move|p2a: Raging Bolt|Thunderbolt|p1a: Kyogre\n|-supereffective|p1a: Kyogre\n|-damage|p1a: Kyogre|0 fnt\n|faint|p1a: Kyogre\n|-damage|p2a: Raging Bolt|53/100|[from] item: Life Orb\n|\n|-weather|RainDance|[upkeep]\n|-status|p2b: Ursaluna|brn|[from] item: Flame Orb\n|upkeep\n|\n|t:|1772372161\n|switch|p1a: Whimsicott|Whimsicott, L50, F, shiny|100/100\n|turn|3\n|\n|t:|1772372176\n|move|p1a: Whimsicott|Grassy Terrain|p1a: Whimsicott\n|-fieldstart|move: Grassy Terrain\n|-enditem|p1a: Whimsicott|Grassy Seed\n|-boost|p1a: Whimsicott|def|1|[from] item: Grassy Seed\n|move|p2b: Ursaluna|Rock Slide|p1a: Whimsicott|[spread] \n|-miss|p2b: Ursaluna|p1a: Whimsicott\n|-miss|p2b: Ursaluna|p1b: Archaludon\n|move|p2a: Raging Bolt|Draco Meteor|p1b: Archaludon\n|-damage|p1b: Archaludon|27/100\n|-unboost|p2a: Raging Bolt|spa|2\n|-ability|p1b: Archaludon|Stamina|boost\n|-boost|p1b: Archaludon|def|1\n|-damage|p2a: Raging Bolt|43/100|[from] item: Life Orb\n|move|p1b: Archaludon|Electro Shot||[still]\n|-prepare|p1b: Archaludon|Electro Shot\n|-boost|p1b: Archaludon|spa|1\n|-anim|p1b: Archaludon|Electro Shot|p2a: Raging Bolt\n|-resisted|p2a: Raging Bolt\n|-damage|p2a: Raging Bolt|28/100\n|\n|-weather|RainDance|[upkeep]\n|-heal|p2a: Raging Bolt|34/100|[from] Grassy Terrain\n|-heal|p1b: Archaludon|32/100|[from] Grassy Terrain\n|-damage|p2b: Ursaluna|95/100 brn|[from] brn\n|upkeep\n|turn|4\n|inactive|snivypromaster has 30 seconds left.\n|inactive|kojimuranishi has 30 seconds left.\n|\n|t:|1772372206\n|-end|p2a: Raging Bolt|Protosynthesis|[silent]\n|switch|p2a: Calyrex|Calyrex-Ice, L50|70/100\n|-ability|p2a: Calyrex|As One\n|-ability|p2a: Calyrex|Unnerve\n|move|p1a: Whimsicott|Fake Tears|p2b: Ursaluna\n|-unboost|p2b: Ursaluna|spd|2\n|move|p2b: Ursaluna|Facade|p1b: Archaludon\n|-resisted|p1b: Archaludon\n|-damage|p1b: Archaludon|0 fnt\n|faint|p1b: Archaludon\n|\n|-weather|RainDance|[upkeep]\n|-heal|p2a: Calyrex|76/100|[from] Grassy Terrain\n|-heal|p2b: Ursaluna|100/100 brn|[from] Grassy Terrain\n|-heal|p2a: Calyrex|82/100|[from] item: Leftovers\n|-damage|p2b: Ursaluna|95/100 brn|[from] brn\n|upkeep\n|\n|t:|1772372216\n|switch|p1b: Calyrex|Calyrex-Shadow, L50|100/100\n|-ability|p1b: Calyrex|As One\n|-ability|p1b: Calyrex|Unnerve\n|turn|5\n|inactive|snivypromaster has 30 seconds left.\n|\n|t:|1772372249\n|move|p1a: Whimsicott|Fake Tears|p2b: Ursaluna\n|-unboost|p2b: Ursaluna|spd|2\n|move|p2b: Ursaluna|Rock Slide|p1a: Whimsicott|[spread] p1a,p1b\n|-damage|p1a: Whimsicott|72/100\n|-damage|p1b: Calyrex|57/100\n|move|p2a: Calyrex|Glacial Lance|p1a: Whimsicott|[spread] p1a,p1b\n|-supereffective|p1a: Whimsicott\n|-damage|p1a: Whimsicott|0 fnt\n|-damage|p1b: Calyrex|3/100\n|faint|p1a: Whimsicott\n|-ability|p2a: Calyrex|Chilling Neigh|boost\n|-boost|p2a: Calyrex|atk|1\n|move|p1b: Calyrex|Astral Barrage|p2b: Ursaluna|[spread] p2a\n|-immune|p2b: Ursaluna\n|-supereffective|p2a: Calyrex\n|-damage|p2a: Calyrex|2/100\n|\n|-weather|none\n|-heal|p2a: Calyrex|8/100|[from] Grassy Terrain\n|-heal|p2b: Ursaluna|100/100 brn|[from] Grassy Terrain\n|-heal|p2a: Calyrex|14/100|[from] item: Leftovers\n|-heal|p1b: Calyrex|10/100|[from] Grassy Terrain\n|-damage|p2b: Ursaluna|95/100 brn|[from] brn\n|-fieldend|move: Trick Room\n|upkeep\n|turn|6\n|inactive|snivypromaster has 30 seconds left.\n|inactive|kojimuranishi has 30 seconds left.\n|\n|t:|1772372277\n|move|p1b: Calyrex|Draining Kiss|p2b: Ursaluna\n|-damage|p2b: Ursaluna|37/100 brn\n|-heal|p1b: Calyrex|68/100|[from] drain|[of] p2b: Ursaluna\n|move|p2b: Ursaluna|Headlong Rush|p1b: Calyrex\n|-damage|p1b: Calyrex|0 fnt\n|-unboost|p2b: Ursaluna|def|1\n|-unboost|p2b: Ursaluna|spd|1\n|faint|p1b: Calyrex\n|\n|win|kojimuranishi\n|raw|snivypromaster's rating: 1207 &rarr; <strong>1189</strong><br />(-18 for losing)\n|raw|kojimuranishi's rating: 1306 &rarr; <strong>1320</strong><br />(+14 for winning)\n|l|\u2606snivypromaster\n|player|p1|\n|l|\u2606kojimuranishi\n|player|p2|\n","uploadtime":1772372476,"views":15,"formatid":"gen9vgc2026regi","rating":1189,"private":0,"password":null}