{"id":"gen9vgc2026regi-2561647335","format":"[Gen 9] VGC 2026 Reg I","players":["wasaad5","randomcatffr"],"log":"|j|\u2606wasaad5\n|j|\u2606randomcatffr\n|t:|1773827445\n|gametype|doubles\n|player|p1|wasaad5|blue|1309\n|player|p2|randomcatffr|bugcatcher-gen4dp|1429\n|gen|9\n|tier|[Gen 9] VGC 2026 Reg I\n|rated|\n|rule|Species Clause: Limit one of each Pok\u00e9mon\n|rule|Item Clause: Limit 1 of each item\n|clearpoke\n|poke|p1|Kyurem-White, L50|\n|poke|p1|Zacian-*, L50|\n|poke|p1|Ninetales-Alola, L50, M|\n|poke|p1|Urshifu-*, L50, M|\n|poke|p1|Amoonguss, L50, F|\n|poke|p1|Incineroar, L50, M|\n|poke|p2|Zamazenta-*, L50|\n|poke|p2|Miraidon, L50|\n|poke|p2|Farigiraf, L50, F|\n|poke|p2|Volcarona, L50, F|\n|poke|p2|Whimsicott, L50, M|\n|poke|p2|Ogerpon-Cornerstone, L50, F|\n|teampreview|4\n|\n|t:|1773827522\n|teamsize|p1|4\n|teamsize|p2|4\n|start\n|switch|p1a: Zacian|Zacian-Crowned, L50|100/100\n|switch|p1b: Ninetales|Ninetales-Alola, L50, M|100/100\n|switch|p2a: Volcarona|Volcarona, L50, F|100/100\n|switch|p2b: Zamazenta|Zamazenta-Crowned, L50|100/100\n|-weather|Snowscape|[from] ability: Snow Warning|[of] p1b: Ninetales\n|-ability|p1a: Zacian|Intrepid Sword|boost\n|-boost|p1a: Zacian|atk|1\n|-ability|p2b: Zamazenta|Dauntless Shield|boost\n|-boost|p2b: Zamazenta|def|1\n|turn|1\n|\n|t:|1773827548\n|-terastallize|p1a: Zacian|Ground\n|move|p1b: Ninetales|Blizzard|p2b: Zamazenta|[spread] p2a,p2b\n|-resisted|p2a: Volcarona\n|-resisted|p2b: Zamazenta\n|-damage|p2a: Volcarona|86/100\n|-damage|p2b: Zamazenta|88/100\n|move|p1a: Zacian|Tera Blast|p2b: Zamazenta|[anim] Tera Blast Ground\n|-supereffective|p2b: Zamazenta\n|-damage|p2b: Zamazenta|38/100\n|move|p2b: Zamazenta|Heavy Slam|p1b: Ninetales\n|-supereffective|p1b: Ninetales\n|-damage|p1b: Ninetales|0 fnt\n|faint|p1b: Ninetales\n|move|p2a: Volcarona|Quiver Dance|p2a: Volcarona\n|-boost|p2a: Volcarona|spa|1\n|-boost|p2a: Volcarona|spd|1\n|-boost|p2a: Volcarona|spe|1\n|\n|-weather|Snowscape|[upkeep]\n|-heal|p2a: Volcarona|93/100|[from] item: Leftovers\n|upkeep\n|\n|t:|1773827570\n|switch|p1b: Kyurem|Kyurem-White, L50, shiny|100/100\n|-ability|p1b: Kyurem|Turboblaze\n|turn|2\n|\n|t:|1773827589\n|move|p2a: Volcarona|Protect|p2a: Volcarona\n|-singleturn|p2a: Volcarona|Protect\n|move|p2b: Zamazenta|Protect|p2b: Zamazenta\n|-singleturn|p2b: Zamazenta|Protect\n|move|p1a: Zacian|Tera Blast|p2b: Zamazenta|[anim] Tera Blast Ground\n|-activate|p2b: Zamazenta|move: Protect\n|move|p1b: Kyurem|Blizzard|p2b: Zamazenta|[spread] \n|-activate|p2a: Volcarona|move: Protect\n|-activate|p2b: Zamazenta|move: Protect\n|\n|-weather|Snowscape|[upkeep]\n|-heal|p2a: Volcarona|99/100|[from] item: Leftovers\n|upkeep\n|turn|3\n|\n|t:|1773827598\n|move|p2b: Zamazenta|Wide Guard|p2b: Zamazenta\n|-singleturn|p2b: Zamazenta|Wide Guard\n|move|p1a: Zacian|Tera Blast|p2b: Zamazenta|[anim] Tera Blast Ground\n|-supereffective|p2b: Zamazenta\n|-damage|p2b: Zamazenta|0 fnt\n|faint|p2b: Zamazenta\n|move|p2a: Volcarona|Will-O-Wisp|p1a: Zacian\n|-status|p1a: Zacian|brn\n|move|p1b: Kyurem|Blizzard|p2a: Volcarona\n|-activate|p2a: Volcarona|move: Wide Guard\n|\n|-weather|Snowscape|[upkeep]\n|-heal|p2a: Volcarona|100/100|[from] item: Leftovers\n|-damage|p1a: Zacian|95/100 brn|[from] brn\n|upkeep\n|\n|t:|1773827634\n|switch|p2b: Whimsicott|Whimsicott, L50, M|100/100\n|turn|4\n|\n|t:|1773827649\n|move|p2b: Whimsicott|Protect|p2b: Whimsicott\n|-singleturn|p2b: Whimsicott|Protect\n|move|p1a: Zacian|Behemoth Blade|p2b: Whimsicott\n|-activate|p2b: Whimsicott|move: Protect\n|move|p2a: Volcarona|Fiery Dance|p1b: Kyurem\n|-damage|p1b: Kyurem|56/100\n|move|p1b: Kyurem|Blizzard|p2a: Volcarona|[spread] p2a\n|-activate|p2b: Whimsicott|move: Protect\n|-resisted|p2a: Volcarona\n|-damage|p2a: Volcarona|79/100\n|\n|-weather|Snowscape|[upkeep]\n|-heal|p2a: Volcarona|85/100|[from] item: Leftovers\n|-damage|p1a: Zacian|89/100 brn|[from] brn\n|upkeep\n|turn|5\n|\n|t:|1773827664\n|move|p1a: Zacian|Behemoth Blade|p2b: Whimsicott\n|-supereffective|p2b: Whimsicott\n|-enditem|p2b: Whimsicott|Focus Sash\n|-damage|p2b: Whimsicott|1/100\n|move|p2a: Volcarona|Fiery Dance|p1b: Kyurem\n|-damage|p1b: Kyurem|9/100\n|move|p2b: Whimsicott|Moonblast|p1b: Kyurem\n|-supereffective|p1b: Kyurem\n|-damage|p1b: Kyurem|0 fnt\n|faint|p1b: Kyurem\n|\n|-weather|none\n|-heal|p2a: Volcarona|91/100|[from] item: Leftovers\n|-damage|p1a: Zacian|83/100 brn|[from] brn\n|upkeep\n|\n|t:|1773827672\n|switch|p1b: Urshifu|Urshifu, L50, M|100/100\n|turn|6\n|\n|t:|1773827713\n|switch|p2b: Miraidon|Miraidon, L50|100/100\n|-fieldstart|move: Electric Terrain|[from] ability: Hadron Engine|[of] p2b: Miraidon\n|move|p1b: Urshifu|Protect|p1b: Urshifu\n|-singleturn|p1b: Urshifu|Protect\n|move|p1a: Zacian|Behemoth Blade|p2b: Miraidon\n|-resisted|p2b: Miraidon\n|-damage|p2b: Miraidon|80/100\n|move|p2a: Volcarona|Will-O-Wisp|p1b: Urshifu\n|-activate|p1b: Urshifu|move: Protect\n|\n|-heal|p2a: Volcarona|97/100|[from] item: Leftovers\n|-damage|p1a: Zacian|77/100 brn|[from] brn\n|upkeep\n|turn|7\n|\n|t:|1773827751\n|switch|p2b: Whimsicott|Whimsicott, L50, M|1/100\n|move|p1a: Zacian|Tera Blast|p2b: Whimsicott|[anim] Tera Blast Ground\n|-resisted|p2b: Whimsicott\n|-damage|p2b: Whimsicott|0 fnt\n|faint|p2b: Whimsicott\n|move|p2a: Volcarona|Will-O-Wisp|p1b: Urshifu\n|-status|p1b: Urshifu|brn\n|move|p1b: Urshifu|Wicked Blow|p2a: Volcarona\n|-crit|p2a: Volcarona\n|-damage|p2a: Volcarona|72/100\n|\n|-heal|p2a: Volcarona|79/100|[from] item: Leftovers\n|-damage|p1a: Zacian|71/100 brn|[from] brn\n|-damage|p1b: Urshifu|95/100 brn|[from] brn\n|upkeep\n|\n|t:|1773827762\n|switch|p2b: Miraidon|Miraidon, L50|80/100\n|-activate|p2b: Miraidon|ability: Hadron Engine\n|turn|8\n|\n|t:|1773827794\n|-terastallize|p2b: Miraidon|Electric\n|move|p1b: Urshifu|Protect|p1b: Urshifu\n|-singleturn|p1b: Urshifu|Protect\n|move|p1a: Zacian|Tera Blast|p2b: Miraidon|[anim] Tera Blast Ground\n|-supereffective|p2b: Miraidon\n|-damage|p2b: Miraidon|20/100\n|move|p2a: Volcarona|Fiery Dance|p1a: Zacian\n|-damage|p1a: Zacian|18/100 brn\n|move|p2b: Miraidon|Electro Drift|p1b: Urshifu\n|-activate|p1b: Urshifu|move: Protect\n|\n|-heal|p2a: Volcarona|85/100|[from] item: Leftovers\n|-damage|p1a: Zacian|12/100 brn|[from] brn\n|-damage|p1b: Urshifu|89/100 brn|[from] brn\n|upkeep\n|turn|9\n|j| Tbccc15\n|\n|t:|1773827812\n|move|p1a: Zacian|Tera Blast|p2b: Miraidon|[anim] Tera Blast Ground\n|-supereffective|p2b: Miraidon\n|-damage|p2b: Miraidon|0 fnt\n|faint|p2b: Miraidon\n|move|p2a: Volcarona|Fiery Dance|p1b: Urshifu\n|-damage|p1b: Urshifu|10/100 brn\n|move|p1b: Urshifu|Wicked Blow|p2a: Volcarona\n|-crit|p2a: Volcarona\n|-damage|p2a: Volcarona|58/100\n|\n|-heal|p2a: Volcarona|65/100|[from] item: Leftovers\n|-damage|p1a: Zacian|6/100 brn|[from] brn\n|-damage|p1b: Urshifu|4/100 brn|[from] brn\n|upkeep\n|turn|10\n|\n|t:|1773827816\n|move|p2a: Volcarona|Protect|p2a: Volcarona\n|-singleturn|p2a: Volcarona|Protect\n|move|p1a: Zacian|Tera Blast|p2a: Volcarona|[anim] Tera Blast Ground\n|-activate|p2a: Volcarona|move: Protect\n|move|p1b: Urshifu|Wicked Blow|p2a: Volcarona\n|-crit|p2a: Volcarona\n|-damage|p2a: Volcarona|36/100\n|\n|-heal|p2a: Volcarona|43/100|[from] item: Leftovers\n|-damage|p1a: Zacian|0 fnt|[from] brn\n|faint|p1a: Zacian\n|-damage|p1b: Urshifu|0 fnt|[from] brn\n|faint|p1b: Urshifu\n|\n|win|randomcatffr\n|raw|wasaad5's rating: 1294 &rarr; <strong>1278</strong><br />(-16 for losing)\n|raw|randomcatffr's rating: 1429 &rarr; <strong>1442</strong><br />(+13 for winning)\n|l|\u2606wasaad5\n|player|p1|\n|l|\u2606randomcatffr\n|player|p2|\n|l| Tbccc15\n","uploadtime":1773828061,"views":10,"formatid":"gen9vgc2026regi","rating":1278,"private":0,"password":null}