{"id":"gen9vgc2026regi-2558859154","format":"[Gen 9] VGC 2026 Reg I","players":["blackred123","fogdocker"],"log":"|j|\u2606blackred123\n|j|\u2606fogdocker\n|t:|1773494425\n|gametype|doubles\n|player|p1|blackred123|iono-masters|1269\n|player|p2|fogdocker|2|1472\n|gen|9\n|tier|[Gen 9] VGC 2026 Reg I\n|rated|\n|rule|Species Clause: Limit one of each Pok\u00e9mon\n|rule|Item Clause: Limit 1 of each item\n|clearpoke\n|poke|p1|Kyogre, L50|\n|poke|p1|Zamazenta-*, L50|\n|poke|p1|Chien-Pao, L50|\n|poke|p1|Amoonguss, L50, F|\n|poke|p1|Dragonite, L50, M|\n|poke|p1|Rillaboom, L50, F|\n|poke|p2|Calyrex-Ice, L50|\n|poke|p2|Koraidon, L50|\n|poke|p2|Flutter Mane, L50|\n|poke|p2|Incineroar, L50, F|\n|poke|p2|Rillaboom, L50, F|\n|poke|p2|Annihilape, L50, M|\n|teampreview|4\n|inactive|Battle timer is ON: inactive players will automatically lose when time's up. (requested by blackred123)\n|\n|t:|1773494457\n|teamsize|p1|4\n|teamsize|p2|4\n|start\n|switch|p1a: Zamazenta|Zamazenta-Crowned, L50|100/100\n|switch|p1b: Chien-Pao|Chien-Pao, L50|100/100\n|switch|p2a: Calyrex|Calyrex-Ice, L50|100/100\n|switch|p2b: Flutter Mane|Flutter Mane, L50|100/100\n|-ability|p2a: Calyrex|As One\n|-ability|p2a: Calyrex|Unnerve\n|-ability|p1b: Chien-Pao|Sword of Ruin\n|-ability|p1a: Zamazenta|Dauntless Shield|boost\n|-boost|p1a: Zamazenta|def|1\n|turn|1\n|\n|t:|1773494471\n|-terastallize|p2a: Calyrex|Water\n|move|p2b: Flutter Mane|Protect|p2b: Flutter Mane\n|-singleturn|p2b: Flutter Mane|Protect\n|move|p1b: Chien-Pao|Taunt|p2a: Calyrex\n|-start|p2a: Calyrex|move: Taunt\n|move|p1a: Zamazenta|Heavy Slam|p2b: Flutter Mane\n|-activate|p2b: Flutter Mane|move: Protect\n|cant|p2a: Calyrex|move: Taunt|Leech Seed\n|\n|upkeep\n|turn|2\n|\n|t:|1773494484\n|-end|p2b: Flutter Mane|Protosynthesis|[silent]\n|switch|p2b: Rillaboom|Rillaboom, L50, F|100/100\n|-fieldstart|move: Grassy Terrain|[from] ability: Grassy Surge|[of] p2b: Rillaboom\n|move|p1b: Chien-Pao|Sucker Punch||[still]\n|-fail|p1b: Chien-Pao\n|move|p1a: Zamazenta|Heavy Slam|p2b: Rillaboom\n|-damage|p2b: Rillaboom|39/100\n|move|p2a: Calyrex|Glacial Lance|p1b: Chien-Pao|[spread] p1a,p1b\n|-resisted|p1a: Zamazenta\n|-resisted|p1b: Chien-Pao\n|-damage|p1a: Zamazenta|89/100\n|-damage|p1b: Chien-Pao|70/100\n|\n|-heal|p1b: Chien-Pao|75/100|[from] Grassy Terrain\n|-heal|p1a: Zamazenta|95/100|[from] Grassy Terrain\n|-heal|p2b: Rillaboom|45/100|[from] Grassy Terrain\n|upkeep\n|turn|3\n|\n|t:|1773494494\n|move|p1b: Chien-Pao|Protect|p1b: Chien-Pao\n|-singleturn|p1b: Chien-Pao|Protect\n|move|p2b: Rillaboom|Fake Out|p1b: Chien-Pao\n|-activate|p1b: Chien-Pao|move: Protect\n|move|p1a: Zamazenta|Body Press|p2b: Rillaboom\n|-damage|p2b: Rillaboom|0 fnt\n|faint|p2b: Rillaboom\n|move|p2a: Calyrex|Glacial Lance|p1a: Zamazenta|[spread] p1a\n|-activate|p1b: Chien-Pao|move: Protect\n|-resisted|p1a: Zamazenta\n|-damage|p1a: Zamazenta|84/100\n|\n|-heal|p1b: Chien-Pao|81/100|[from] Grassy Terrain\n|-heal|p1a: Zamazenta|90/100|[from] Grassy Terrain\n|-end|p2a: Calyrex|move: Taunt\n|upkeep\n|\n|t:|1773494497\n|switch|p2b: Koraidon|Koraidon, L50|100/100\n|-weather|SunnyDay|[from] ability: Orichalcum Pulse|[of] p2b: Koraidon\n|-activate|p2b: Koraidon|Orichalcum Pulse|[source]\n|turn|4\n|\n|t:|1773494512\n|switch|p1b: Kyogre|Kyogre, L50|100/100\n|-weather|RainDance|[from] ability: Drizzle|[of] p1b: Kyogre\n|move|p2b: Koraidon|Flare Blitz|p1b: Kyogre\n|-resisted|p1b: Kyogre\n|-damage|p1b: Kyogre|88/100\n|-status|p1b: Kyogre|brn\n|-damage|p2b: Koraidon|96/100|[from] Recoil\n|-damage|p2b: Koraidon|86/100|[from] item: Life Orb\n|move|p1a: Zamazenta|Body Press|p2b: Koraidon\n|-damage|p2b: Koraidon|21/100\n|move|p2a: Calyrex|Leech Seed|p1a: Zamazenta\n|-start|p1a: Zamazenta|move: Leech Seed\n|\n|-weather|RainDance|[upkeep]\n|-heal|p1b: Kyogre|94/100 brn|[from] Grassy Terrain\n|-heal|p2b: Koraidon|27/100|[from] Grassy Terrain\n|-heal|p1a: Zamazenta|96/100|[from] Grassy Terrain\n|-damage|p1a: Zamazenta|84/100|[from] Leech Seed|[of] p2a: Calyrex\n|-damage|p1b: Kyogre|88/100 brn|[from] brn\n|upkeep\n|turn|5\n|\n|t:|1773494532\n|move|p2b: Koraidon|Protect|p2b: Koraidon\n|-singleturn|p2b: Koraidon|Protect\n|move|p1b: Kyogre|Water Spout|p2a: Calyrex|[spread] p2a\n|-activate|p2b: Koraidon|move: Protect\n|-resisted|p2a: Calyrex\n|-damage|p2a: Calyrex|76/100\n|move|p1a: Zamazenta|Body Press|p2a: Calyrex\n|-damage|p2a: Calyrex|36/100\n|move|p2a: Calyrex|Leech Seed|p1b: Kyogre\n|-start|p1b: Kyogre|move: Leech Seed\n|\n|-weather|RainDance|[upkeep]\n|-heal|p1b: Kyogre|94/100 brn|[from] Grassy Terrain\n|-heal|p2b: Koraidon|32/100|[from] Grassy Terrain\n|-heal|p1a: Zamazenta|90/100|[from] Grassy Terrain\n|-heal|p2a: Calyrex|42/100|[from] Grassy Terrain\n|-heal|p2a: Calyrex|47/100|[from] item: Leftovers\n|-damage|p1b: Kyogre|82/100 brn|[from] Leech Seed|[of] p2a: Calyrex\n|-heal|p2a: Calyrex|58/100|[silent]\n|-damage|p1a: Zamazenta|78/100|[from] Leech Seed|[of] p2a: Calyrex\n|-heal|p2a: Calyrex|69/100|[silent]\n|-damage|p1b: Kyogre|76/100 brn|[from] brn\n|upkeep\n|turn|6\n|\n|t:|1773494543\n|switch|p2b: Flutter Mane|Flutter Mane, L50|100/100\n|move|p2a: Calyrex|Protect|p2a: Calyrex\n|-singleturn|p2a: Calyrex|Protect\n|move|p1b: Kyogre|Water Spout|p2b: Flutter Mane|[spread] p2b\n|-activate|p2a: Calyrex|move: Protect\n|-damage|p2b: Flutter Mane|31/100\n|move|p1a: Zamazenta|Body Press|p2a: Calyrex\n|-activate|p2a: Calyrex|move: Protect\n|\n|-weather|RainDance|[upkeep]\n|-heal|p1b: Kyogre|82/100 brn|[from] Grassy Terrain\n|-heal|p2b: Flutter Mane|37/100|[from] Grassy Terrain\n|-heal|p1a: Zamazenta|84/100|[from] Grassy Terrain\n|-heal|p2a: Calyrex|74/100|[from] Grassy Terrain\n|-heal|p2a: Calyrex|80/100|[from] item: Leftovers\n|-damage|p1b: Kyogre|70/100 brn|[from] Leech Seed|[of] p2a: Calyrex\n|-heal|p2a: Calyrex|91/100|[silent]\n|-damage|p1a: Zamazenta|72/100|[from] Leech Seed|[of] p2a: Calyrex\n|-heal|p2a: Calyrex|100/100|[silent]\n|-damage|p1b: Kyogre|64/100 brn|[from] brn\n|-fieldend|move: Grassy Terrain\n|upkeep\n|turn|7\n|\n|t:|1773494552\n|switch|p1b: Chien-Pao|Chien-Pao, L50|81/100\n|-ability|p1b: Chien-Pao|Sword of Ruin\n|move|p2b: Flutter Mane|Protect|p2b: Flutter Mane\n|-singleturn|p2b: Flutter Mane|Protect\n|move|p1a: Zamazenta|Heavy Slam|p2b: Flutter Mane\n|-activate|p2b: Flutter Mane|move: Protect\n|move|p2a: Calyrex|Glacial Lance|p1b: Chien-Pao|[spread] p1a,p1b\n|-resisted|p1a: Zamazenta\n|-resisted|p1b: Chien-Pao\n|-damage|p1a: Zamazenta|59/100\n|-damage|p1b: Chien-Pao|51/100\n|\n|-weather|RainDance|[upkeep]\n|-damage|p1a: Zamazenta|47/100|[from] Leech Seed|[of] p2a: Calyrex\n|upkeep\n|turn|8\n|\n|t:|1773494576\n|move|p1b: Chien-Pao|Protect|p1b: Chien-Pao\n|-singleturn|p1b: Chien-Pao|Protect\n|move|p2b: Flutter Mane|Protect||[still]\n|-fail|p2b: Flutter Mane\n|move|p1a: Zamazenta|Heavy Slam|p2b: Flutter Mane\n|-supereffective|p2b: Flutter Mane\n|-damage|p2b: Flutter Mane|0 fnt\n|faint|p2b: Flutter Mane\n|-end|p2b: Flutter Mane|Protosynthesis|[silent]\n|move|p2a: Calyrex|Leech Seed|p1b: Chien-Pao\n|-activate|p1b: Chien-Pao|move: Protect\n|\n|-weather|none\n|-damage|p1a: Zamazenta|34/100|[from] Leech Seed|[of] p2a: Calyrex\n|upkeep\n|\n|t:|1773494580\n|switch|p2b: Koraidon|Koraidon, L50|32/100\n|-weather|SunnyDay|[from] ability: Orichalcum Pulse|[of] p2b: Koraidon\n|-activate|p2b: Koraidon|Orichalcum Pulse|[source]\n|turn|9\n|\n|t:|1773494593\n|switch|p1a: Kyogre|Kyogre, L50|64/100 brn\n|-weather|RainDance|[from] ability: Drizzle|[of] p1a: Kyogre\n|move|p2b: Koraidon|Close Combat|p1a: Kyogre\n|-crit|p1a: Kyogre\n|-damage|p1a: Kyogre|0 fnt\n|-unboost|p2b: Koraidon|def|1\n|-unboost|p2b: Koraidon|spd|1\n|faint|p1a: Kyogre\n|-damage|p2b: Koraidon|23/100|[from] item: Life Orb\n|move|p1b: Chien-Pao|Ice Spinner|p2b: Koraidon\n|-supereffective|p2b: Koraidon\n|-damage|p2b: Koraidon|0 fnt\n|faint|p2b: Koraidon\n|move|p2a: Calyrex|Glacial Lance|p1b: Chien-Pao\n|-resisted|p1b: Chien-Pao\n|-damage|p1b: Chien-Pao|8/100\n|\n|-weather|RainDance|[upkeep]\n|upkeep\n|\n|t:|1773494602\n|switch|p1a: Zamazenta|Zamazenta-Crowned, L50|34/100\n|turn|10\n|\n|t:|1773494608\n|move|p1b: Chien-Pao|Taunt|p2a: Calyrex\n|-start|p2a: Calyrex|move: Taunt\n|move|p1a: Zamazenta|Body Press|p2a: Calyrex\n|-damage|p2a: Calyrex|65/100\n|cant|p2a: Calyrex|move: Taunt|Leech Seed\n|\n|-weather|RainDance|[upkeep]\n|-heal|p2a: Calyrex|71/100|[from] item: Leftovers\n|upkeep\n|turn|11\n|\n|t:|1773494619\n|move|p1b: Chien-Pao|Sucker Punch|p2a: Calyrex\n|-crit|p2a: Calyrex\n|-damage|p2a: Calyrex|34/100\n|move|p1a: Zamazenta|Body Press|p2a: Calyrex\n|-damage|p2a: Calyrex|2/100\n|move|p2a: Calyrex|Glacial Lance|p1b: Chien-Pao|[spread] p1a,p1b\n|-resisted|p1a: Zamazenta\n|-resisted|p1b: Chien-Pao\n|-damage|p1a: Zamazenta|14/100\n|-damage|p1b: Chien-Pao|0 fnt\n|faint|p1b: Chien-Pao\n|-ability|p2a: Calyrex|Chilling Neigh|boost\n|-boost|p2a: Calyrex|atk|1\n|\n|-weather|RainDance|[upkeep]\n|-heal|p2a: Calyrex|8/100|[from] item: Leftovers\n|upkeep\n|\n|t:|1773494625\n|switch|p1b: Dragonite|Dragonite, L50, M|100/100\n|turn|12\n|-message|fogdocker forfeited.\n|\n|win|blackred123\n|raw|blackred123's rating: 1269 &rarr; <strong>1307</strong><br />(+38 for winning)\n|raw|fogdocker's rating: 1472 &rarr; <strong>1441</strong><br />(-31 for losing)\n|l|\u2606fogdocker\n|player|p2|\n|j| cxy090506\n","uploadtime":1773494657,"views":14,"formatid":"gen9vgc2026regi","rating":1307,"private":0,"password":null}