{"id":"gen9vgc2026regi-2559363262","format":"[Gen 9] VGC 2026 Reg I","players":["Griffithzzz","TheManOfSausage"],"log":"|j|\u2606Griffithzzz\n|j|\u2606TheManOfSausage\n|t:|1773552401\n|gametype|doubles\n|player|p1|Griffithzzz|265|1360\n|player|p2|TheManOfSausage|miku-water|1503\n|gen|9\n|tier|[Gen 9] VGC 2026 Reg I\n|rated|\n|rule|Species Clause: Limit one of each Pok\u00e9mon\n|rule|Item Clause: Limit 1 of each item\n|clearpoke\n|poke|p1|Miraidon, L50|\n|poke|p1|Calyrex-Ice, L50|\n|poke|p1|Incineroar, L50, M|\n|poke|p1|Grimmsnarl, L50, M|\n|poke|p1|Tornadus, L50, M|\n|poke|p1|Urshifu-*, L50, F|\n|poke|p2|Zamazenta-*, L50|\n|poke|p2|Miraidon, L50|\n|poke|p2|Ogerpon-Cornerstone, L50, F|\n|poke|p2|Incineroar, L50, M|\n|poke|p2|Volcarona, L50, M|\n|poke|p2|Iron Bundle, L50|\n|teampreview|4\nTheManOfSausage has agreed to open team sheets.\n|\n|t:|1773552431\n|teamsize|p1|4\n|teamsize|p2|4\n|start\n|switch|p1a: Miraidon|Miraidon, L50|100/100\n|switch|p1b: Tornadus|Tornadus, L50, M|100/100\n|switch|p2a: Magical Mirai|Miraidon, L50|100/100\n|switch|p2b: Volcarona|Volcarona, L50, M|100/100\n|-fieldstart|move: Electric Terrain|[from] ability: Hadron Engine|[of] p2a: Magical Mirai\n|-enditem|p2b: Volcarona|Electric Seed\n|-boost|p2b: Volcarona|def|1|[from] item: Electric Seed\n|-activate|p1a: Miraidon|ability: Hadron Engine\n|turn|1\n|\n|t:|1773552459\n|-terastallize|p1a: Miraidon|Fairy\n|move|p1b: Tornadus|Tailwind|p1b: Tornadus\n|-sidestart|p1: Griffithzzz|move: Tailwind\n|move|p1a: Miraidon|Dazzling Gleam|p2b: Volcarona|[spread] p2a,p2b\n|-supereffective|p2a: Magical Mirai\n|-resisted|p2b: Volcarona\n|-damage|p2a: Magical Mirai|0 fnt\n|-damage|p2b: Volcarona|63/100\n|faint|p2a: Magical Mirai\n|move|p2b: Volcarona|Quiver Dance|p2b: Volcarona\n|-boost|p2b: Volcarona|spa|1\n|-boost|p2b: Volcarona|spd|1\n|-boost|p2b: Volcarona|spe|1\n|\n|upkeep\n|\n|t:|1773552466\n|switch|p2a: Zamazenta|Zamazenta-Crowned, L50|100/100\n|-ability|p2a: Zamazenta|Dauntless Shield|boost\n|-boost|p2a: Zamazenta|def|1\n|turn|2\n|\n|t:|1773552480\n|move|p2a: Zamazenta|Wide Guard|p2a: Zamazenta\n|-singleturn|p2a: Zamazenta|Wide Guard\n|move|p1b: Tornadus|Bleakwind Storm|p2b: Volcarona|[spread] \n|-activate|p2a: Zamazenta|move: Wide Guard\n|-activate|p2b: Volcarona|move: Wide Guard\n|move|p1a: Miraidon|Dazzling Gleam|p2a: Zamazenta|[spread] \n|-activate|p2a: Zamazenta|move: Wide Guard\n|-activate|p2b: Volcarona|move: Wide Guard\n|move|p2b: Volcarona|Quiver Dance|p2b: Volcarona\n|-boost|p2b: Volcarona|spa|1\n|-boost|p2b: Volcarona|spd|1\n|-boost|p2b: Volcarona|spe|1\n|\n|upkeep\n|turn|3\n|\n|t:|1773552496\n|switch|p1a: Incineroar|Incineroar, L50, M|100/100\n|-ability|p1a: Incineroar|Intimidate|boost\n|-unboost|p2a: Zamazenta|atk|1\n|-unboost|p2b: Volcarona|atk|1\n|move|p2a: Zamazenta|Wide Guard|p2a: Zamazenta\n|-singleturn|p2a: Zamazenta|Wide Guard\n|move|p1b: Tornadus|Rain Dance|p1b: Tornadus\n|-weather|RainDance\n|move|p2b: Volcarona|Quiver Dance|p2b: Volcarona\n|-boost|p2b: Volcarona|spa|1\n|-boost|p2b: Volcarona|spd|1\n|-boost|p2b: Volcarona|spe|1\n|\n|-weather|RainDance|[upkeep]\n|upkeep\n|turn|4\n|\n|t:|1773552517\n|move|p1a: Incineroar|Fake Out|p2a: Zamazenta\n|-resisted|p2a: Zamazenta\n|-damage|p2a: Zamazenta|98/100\n|move|p2b: Volcarona|Quiver Dance|p2b: Volcarona\n|-boost|p2b: Volcarona|spa|1\n|-boost|p2b: Volcarona|spd|1\n|-boost|p2b: Volcarona|spe|1\n|move|p1b: Tornadus|Bleakwind Storm|p2b: Volcarona|[spread] p2a,p2b\n|-supereffective|p2b: Volcarona\n|-damage|p2a: Zamazenta|74/100\n|-damage|p2b: Volcarona|43/100\n|cant|p2a: Zamazenta|flinch\n|\n|-weather|RainDance|[upkeep]\n|-sideend|p1: Griffithzzz|move: Tailwind\n|upkeep\n|turn|5\n|\n|t:|1773552532\n|switch|p1a: Urshifu|Urshifu-Rapid-Strike, L50, F|100/100\n|move|p1b: Tornadus|Substitute|p1b: Tornadus\n|-start|p1b: Tornadus|Substitute\n|-damage|p1b: Tornadus|76/100\n|move|p2b: Volcarona|Quiver Dance|p2b: Volcarona\n|-boost|p2b: Volcarona|spa|1\n|-boost|p2b: Volcarona|spd|1\n|-boost|p2b: Volcarona|spe|1\n|move|p2a: Zamazenta|Body Press|p1a: Urshifu\n|-damage|p1a: Urshifu|29/100\n|\n|-weather|RainDance|[upkeep]\n|-fieldend|move: Electric Terrain\n|upkeep\n|turn|6\n|\n|t:|1773552622\n|-terastallize|p2b: Volcarona|Grass\n|move|p1b: Tornadus|Tailwind|p1b: Tornadus\n|-sidestart|p1: Griffithzzz|move: Tailwind\n|move|p1a: Urshifu|Aqua Jet|p2b: Volcarona\n|-resisted|p2b: Volcarona\n|-crit|p2b: Volcarona\n|-damage|p2b: Volcarona|0 fnt\n|faint|p2b: Volcarona\n|move|p2a: Zamazenta|Body Press|p1b: Tornadus\n|-resisted|p1b: Tornadus\n|-end|p1b: Tornadus|Substitute\n|\n|-weather|RainDance|[upkeep]\n|upkeep\n|-message|TheManOfSausage forfeited.\n|\n|win|Griffithzzz\n|raw|Griffithzzz's rating: 1360 &rarr; <strong>1388</strong><br />(+28 for winning)\n|raw|TheManOfSausage's rating: 1503 &rarr; <strong>1475</strong><br />(-28 for losing)\n|l|\u2606TheManOfSausage\n|player|p2|\n|l|\u2606Griffithzzz\n|player|p1|\n","uploadtime":1773552808,"views":12,"formatid":"gen9vgc2026regi","rating":1388,"private":0,"password":null}