{"id":"gen9vgc2026regi-2558889377","format":"[Gen 9] VGC 2026 Reg I","players":["Shifours29","jonen"],"log":"|j|\u2606Shifours29\n|j|\u2606jonen\n|t:|1773498227\n|gametype|doubles\n|player|p1|Shifours29|170|1092\n|player|p2|jonen|medium|1136\n|gen|9\n|tier|[Gen 9] VGC 2026 Reg I\n|rated|\n|rule|Species Clause: Limit one of each Pok\u00e9mon\n|rule|Item Clause: Limit 1 of each item\n|clearpoke\n|poke|p1|Calyrex-Shadow, L50|\n|poke|p1|Zamazenta-*, L50|\n|poke|p1|Incineroar, L50, M|\n|poke|p1|Rillaboom, L50, M|\n|poke|p1|Amoonguss, L50, F|\n|poke|p1|Urshifu-*, L50, F|\n|poke|p2|Rabsca, L50, F|\n|poke|p2|Landorus, L50, M|\n|poke|p2|Calyrex-Ice, L50|\n|poke|p2|Miraidon, L50|\n|poke|p2|Incineroar, L50, M|\n|poke|p2|Urshifu-*, L50, F|\n|teampreview|4\n|inactive|Battle timer is ON: inactive players will automatically lose when time's up. (requested by jonen)\n|\n|t:|1773498302\n|teamsize|p1|4\n|teamsize|p2|4\n|start\n|switch|p1a: Zamazenta|Zamazenta-Crowned, L50|100/100\n|switch|p1b: Incineroar|Incineroar, L50, M|100/100\n|switch|p2a: Calyrex|Calyrex-Ice, L50|100/100\n|switch|p2b: Incineroar|Incineroar, L50, M|100/100\n|-ability|p2a: Calyrex|As One\n|-ability|p2a: Calyrex|Unnerve\n|-ability|p1a: Zamazenta|Dauntless Shield|boost\n|-boost|p1a: Zamazenta|def|1\n|-ability|p1b: Incineroar|Intimidate|boost\n|-unboost|p2a: Calyrex|atk|1\n|-unboost|p2b: Incineroar|atk|1\n|-ability|p2b: Incineroar|Intimidate|boost\n|-unboost|p1a: Zamazenta|atk|1\n|-unboost|p1b: Incineroar|atk|1\n|turn|1\n|inactive|Shifours29 has 30 seconds left.\n|inactive|jonen has 30 seconds left.\n|inactive|jonen has 20 seconds left.\n|inactive|jonen has 15 seconds left.\n|\n|t:|1773498345\n|move|p1b: Incineroar|Fake Out|p2a: Calyrex\n|-damage|p2a: Calyrex|96/100\n|move|p2b: Incineroar|Fake Out|p1a: Zamazenta\n|-resisted|p1a: Zamazenta\n|-damage|p1a: Zamazenta|99/100\n|cant|p1a: Zamazenta|flinch\n|cant|p2a: Calyrex|flinch\n|\n|-heal|p2a: Calyrex|100/100|[from] item: Leftovers\n|upkeep\n|turn|2\n|\n|t:|1773498370\n|switch|p2b: Miraidon|Miraidon, L50|100/100\n|-fieldstart|move: Electric Terrain|[from] ability: Hadron Engine|[of] p2b: Miraidon\n|move|p1a: Zamazenta|Body Press|p2b: Miraidon\n|-damage|p2b: Miraidon|31/100\n|move|p1b: Incineroar|Parting Shot|p2a: Calyrex\n|-unboost|p2a: Calyrex|atk|1\n|-unboost|p2a: Calyrex|spa|1\n|\n|t:|1773498384\n|switch|p1b: Calyrex|Calyrex-Shadow, L50|100/100|[from] Parting Shot\n|-ability|p1b: Calyrex|As One\n|-ability|p1b: Calyrex|Unnerve\n|move|p2a: Calyrex|Leech Seed|p1a: Zamazenta\n|-start|p1a: Zamazenta|move: Leech Seed\n|\n|-damage|p1a: Zamazenta|87/100|[from] Leech Seed|[of] p2a: Calyrex\n|upkeep\n|turn|3\n|\n|t:|1773498398\n|switch|p2b: Incineroar|Incineroar, L50, M|100/100\n|-ability|p2b: Incineroar|Intimidate|boost\n|-unboost|p1a: Zamazenta|atk|1\n|-unboost|p1b: Calyrex|atk|1\n|-terastallize|p2a: Calyrex|Fairy\n|move|p1b: Calyrex|Astral Barrage|p2b: Incineroar|[spread] p2a,p2b\n|-resisted|p2b: Incineroar\n|-damage|p2a: Calyrex|70/100\n|-damage|p2b: Incineroar|84/100\n|move|p1a: Zamazenta|Body Press|p2b: Incineroar\n|-supereffective|p2b: Incineroar\n|-damage|p2b: Incineroar|0 fnt\n|faint|p2b: Incineroar\n|move|p2a: Calyrex|Trick Room|p2a: Calyrex\n|-fieldstart|move: Trick Room|[of] p2a: Calyrex\n|\n|-heal|p2a: Calyrex|76/100|[from] item: Leftovers\n|-damage|p1a: Zamazenta|75/100|[from] Leech Seed|[of] p2a: Calyrex\n|-heal|p2a: Calyrex|87/100|[silent]\n|upkeep\n|\n|t:|1773498418\n|switch|p2b: Rabsca|Rabsca, L50, F|100/100\n|-enditem|p2b: Rabsca|Electric Seed\n|-boost|p2b: Rabsca|def|1|[from] item: Electric Seed\n|turn|4\n|\n|t:|1773498440\n|switch|p2a: Miraidon|Miraidon, L50|31/100\n|-activate|p2a: Miraidon|ability: Hadron Engine\n|move|p1a: Zamazenta|Wide Guard|p1a: Zamazenta\n|-singleturn|p1a: Zamazenta|Wide Guard\n|move|p2b: Rabsca|Bug Buzz|p1b: Calyrex\n|-crit|p1b: Calyrex\n|-damage|p1b: Calyrex|49/100\n|move|p1b: Calyrex|Nasty Plot|p1b: Calyrex\n|-boost|p1b: Calyrex|spa|2\n|\n|-damage|p1a: Zamazenta|63/100|[from] Leech Seed|[of] p2a: Miraidon\n|-heal|p2a: Miraidon|44/100|[silent]\n|upkeep\n|turn|5\n|\n|t:|1773498459\n|move|p2b: Rabsca|Speed Swap|p2a: Miraidon\n|-activate|p2b: Rabsca|move: Speed Swap|[of] p2a: Miraidon\n|move|p2a: Miraidon|Discharge|p1b: Calyrex|[spread] p1a,p1b\n|-activate|p2b: Rabsca|ability: Telepathy\n|-damage|p1a: Zamazenta|8/100\n|-damage|p1b: Calyrex|0 fnt\n|-status|p1a: Zamazenta|par\n|faint|p1b: Calyrex\n|move|p1a: Zamazenta|Body Press|p2a: Miraidon\n|-damage|p2a: Miraidon|0 fnt\n|faint|p2a: Miraidon\n|\n|upkeep\n|\n|t:|1773498473\n|switch|p2a: Calyrex|Calyrex-Ice, L50, tera:Fairy|87/100\n|switch|p1b: Urshifu|Urshifu, L50, F|100/100\n|-ability|p2a: Calyrex|As One\n|-ability|p2a: Calyrex|Unnerve\n|turn|6\n|\n|t:|1773498491\n|move|p2a: Calyrex|Glacial Lance|p1b: Urshifu|[spread] p1a,p1b\n|-resisted|p1a: Zamazenta\n|-damage|p1a: Zamazenta|0 fnt\n|-damage|p1b: Urshifu|44/100\n|faint|p1a: Zamazenta\n|-ability|p2a: Calyrex|Chilling Neigh|boost\n|-boost|p2a: Calyrex|atk|1\n|move|p1b: Urshifu|Wicked Blow|p2b: Rabsca\n|-supereffective|p2b: Rabsca\n|-crit|p2b: Rabsca\n|-damage|p2b: Rabsca|0 fnt\n|faint|p2b: Rabsca\n|\n|-heal|p2a: Calyrex|93/100|[from] item: Leftovers\n|-fieldend|move: Electric Terrain\n|upkeep\n|\n|t:|1773498504\n|switch|p1a: Incineroar|Incineroar, L50, M|100/100\n|-ability|p1a: Incineroar|Intimidate|boost\n|-unboost|p2a: Calyrex|atk|1\n|turn|7\n|\n|t:|1773498514\n|move|p1b: Urshifu|Detect|p1b: Urshifu\n|-singleturn|p1b: Urshifu|Protect\n|move|p2a: Calyrex|Glacial Lance|p1a: Incineroar|[spread] p1a\n|-activate|p1b: Urshifu|move: Protect\n|-resisted|p1a: Incineroar\n|-damage|p1a: Incineroar|81/100\n|move|p1a: Incineroar|Will-O-Wisp|p2a: Calyrex\n|-status|p2a: Calyrex|brn\n|\n|-heal|p2a: Calyrex|99/100 brn|[from] item: Leftovers\n|-damage|p2a: Calyrex|93/100 brn|[from] brn\n|-fieldend|move: Trick Room\n|upkeep\n|turn|8\n|\n|t:|1773498535\n|move|p1b: Urshifu|Wicked Blow|p2a: Calyrex\n|-resisted|p2a: Calyrex\n|-crit|p2a: Calyrex\n|-damage|p2a: Calyrex|70/100 brn\n|move|p1a: Incineroar|Knock Off|p2a: Calyrex\n|-resisted|p2a: Calyrex\n|-damage|p2a: Calyrex|58/100 brn\n|-enditem|p2a: Calyrex|Leftovers|[from] move: Knock Off|[of] p1a: Incineroar\n|move|p2a: Calyrex|Leech Seed|p1a: Incineroar|[miss]\n|-miss|p2a: Calyrex|p1a: Incineroar\n|\n|-damage|p2a: Calyrex|53/100 brn|[from] brn\n|upkeep\n|turn|9\n|-message|jonen forfeited.\n|\n|win|Shifours29\n|raw|Shifours29's rating: 1092 &rarr; <strong>1122</strong><br />(+30 for winning)\n|raw|jonen's rating: 1136 &rarr; <strong>1108</strong><br />(-28 for losing)\n","uploadtime":1773498550,"views":14,"formatid":"gen9vgc2026regi","rating":1108,"private":0,"password":null}