{"id":"gen9vgc2026regi-2552491616","format":"[Gen 9] VGC 2026 Reg I","players":["GodofSOHAI","CHR1SPHX"],"log":"|j|\u2606GodofSOHAI\n|j|\u2606CHR1SPHX\n|t:|1772726609\n|gametype|doubles\n|player|p1|GodofSOHAI|265|1211\n|player|p2|CHR1SPHX|hilbert|1221\n|gen|9\n|tier|[Gen 9] VGC 2026 Reg I\n|rated|\n|rule|Species Clause: Limit one of each Pok\u00e9mon\n|rule|Item Clause: Limit 1 of each item\n|clearpoke\n|poke|p1|Brute Bonnet, L50|\n|poke|p1|Lunala, L50|\n|poke|p1|Ursaluna, L50, M|\n|poke|p1|Chi-Yu, L50|\n|poke|p1|Koraidon, L50|\n|poke|p1|Flutter Mane, L50|\n|poke|p2|Lunala, L50|\n|poke|p2|Amoonguss, L50, M|\n|poke|p2|Ursaluna-Bloodmoon, L50, M|\n|poke|p2|Incineroar, L50, M|\n|poke|p2|Koraidon, L50|\n|poke|p2|Flutter Mane, L50|\n|teampreview|4\n|inactive|Battle timer is ON: inactive players will automatically lose when time's up. (requested by CHR1SPHX)\n|inactive|CHR1SPHX has 60 seconds left.\n|\n|t:|1772726641\n|teamsize|p1|4\n|teamsize|p2|4\n|start\n|switch|p1a: Koraidon|Koraidon, L50|100/100\n|switch|p1b: Lunala|Lunala, L50, shiny|100/100\n|switch|p2a: Lunala|Lunala, L50, shiny|100/100\n|switch|p2b: Incineroar|Incineroar, L50, M|100/100\n|-weather|SunnyDay|[from] ability: Orichalcum Pulse|[of] p1a: Koraidon\n|-activate|p1a: Koraidon|Orichalcum Pulse|[source]\n|-ability|p2b: Incineroar|Intimidate|boost\n|-unboost|p1a: Koraidon|atk|1\n|-unboost|p1b: Lunala|atk|1\n|turn|1\n|inactive|GodofSOHAI has 30 seconds left.\n|\n|t:|1772726666\n|switch|p2b: Amoonguss|Amoonguss, L50, M, shiny|100/100\n|-terastallize|p1b: Lunala|Water\n|-terastallize|p2a: Lunala|Fairy\n|move|p1a: Koraidon|Protect|p1a: Koraidon\n|-singleturn|p1a: Koraidon|Protect\n|move|p1b: Lunala|Meteor Beam||[still]\n|-prepare|p1b: Lunala|Meteor Beam\n|-boost|p1b: Lunala|spa|1\n|-enditem|p1b: Lunala|Power Herb\n|-anim|p1b: Lunala|Meteor Beam|p2b: Amoonguss\n|-damage|p2b: Amoonguss|44/100\n|move|p2a: Lunala|Trick Room|p2a: Lunala\n|-fieldstart|move: Trick Room|[of] p2a: Lunala\n|\n|-weather|SunnyDay|[upkeep]\n|upkeep\n|turn|2\n|inactive|GodofSOHAI has 30 seconds left.\n|inactive|CHR1SPHX has 30 seconds left.\n|inactive|CHR1SPHX has 20 seconds left.\n|inactive|CHR1SPHX has 15 seconds left.\n|inactive|CHR1SPHX has 10 seconds left.\n|inactive|GodofSOHAI has 20 seconds left.\n|\n|t:|1772726721\n|move|p2b: Amoonguss|Spore|p1a: Koraidon\n|-status|p1a: Koraidon|slp|[from] move: Spore\n|move|p2a: Lunala|Moonblast|p1b: Lunala\n|-damage|p1b: Lunala|84/100\n|move|p1b: Lunala|Moongeist Beam|p2b: Amoonguss\n|-crit|p2b: Amoonguss\n|-damage|p2b: Amoonguss|0 fnt\n|faint|p2b: Amoonguss\n|cant|p1a: Koraidon|slp\n|\n|-weather|SunnyDay|[upkeep]\n|upkeep\n|\n|t:|1772726734\n|switch|p2b: Incineroar|Incineroar, L50, M|100/100\n|-ability|p2b: Incineroar|Intimidate|boost\n|-unboost|p1a: Koraidon|atk|1\n|-unboost|p1b: Lunala|atk|1\n|turn|3\n|inactive|GodofSOHAI has 30 seconds left.\n|\n|t:|1772726759\n|switch|p1b: Chi-Yu|Chi-Yu, L50|100/100\n|-ability|p1b: Chi-Yu|Beads of Ruin\n|-curestatus|p1a: Koraidon|slp|[msg]\n|move|p1a: Koraidon|Protect|p1a: Koraidon\n|-singleturn|p1a: Koraidon|Protect\n|move|p2b: Incineroar|Parting Shot|p1b: Chi-Yu\n|-unboost|p1b: Chi-Yu|atk|1\n|-unboost|p1b: Chi-Yu|spa|1\n|\n|t:|1772726768\n|switch|p2b: Koraidon|Koraidon, L50|100/100|[from] Parting Shot\n|-activate|p2b: Koraidon|ability: Orichalcum Pulse\n|move|p2a: Lunala|Moonblast|p1a: Koraidon\n|-activate|p1a: Koraidon|move: Protect\n|\n|-weather|SunnyDay|[upkeep]\n|upkeep\n|turn|4\n|inactive|GodofSOHAI has 30 seconds left.\n|\n|t:|1772726793\n|switch|p2b: Incineroar|Incineroar, L50, M|100/100\n|-ability|p2b: Incineroar|Intimidate|boost\n|-unboost|p1a: Koraidon|atk|1\n|-unboost|p1b: Chi-Yu|atk|1\n|move|p2a: Lunala|Wide Guard|p2a: Lunala\n|-singleturn|p2a: Lunala|Wide Guard\n|move|p1a: Koraidon|Close Combat|p2b: Incineroar\n|-supereffective|p2b: Incineroar\n|-damage|p2b: Incineroar|23/100\n|-unboost|p1a: Koraidon|def|1\n|-unboost|p1a: Koraidon|spd|1\n|-damage|p1a: Koraidon|91/100|[from] item: Life Orb\n|move|p1b: Chi-Yu|Heat Wave|p2a: Lunala|[spread] \n|-activate|p2a: Lunala|move: Wide Guard\n|-activate|p2b: Incineroar|move: Wide Guard\n|\n|-weather|SunnyDay|[upkeep]\n|upkeep\n|turn|5\n|inactive|GodofSOHAI has 30 seconds left.\n|inactive|CHR1SPHX has 30 seconds left.\n|\n|t:|1772726819\n|switch|p2b: Koraidon|Koraidon, L50|100/100\n|-activate|p2b: Koraidon|ability: Orichalcum Pulse\n|switch|p1a: Flutter Mane|Flutter Mane, L50, shiny|100/100\n|-activate|p1a: Flutter Mane|ability: Protosynthesis\n|-start|p1a: Flutter Mane|protosynthesisspe\n|move|p2a: Lunala|Moonblast|p1b: Chi-Yu\n|-damage|p1b: Chi-Yu|45/100\n|move|p1b: Chi-Yu|Heat Wave|p2a: Lunala|[spread] p2a,p2b\n|-resisted|p2b: Koraidon\n|-damage|p2a: Lunala|83/100\n|-damage|p2b: Koraidon|77/100\n|\n|-weather|none\n|-end|p1a: Flutter Mane|Protosynthesis\n|-fieldend|move: Trick Room\n|upkeep\n|turn|6\n|inactive|GodofSOHAI has 30 seconds left.\n|inactive|CHR1SPHX has 30 seconds left.\n|inactive|CHR1SPHX has 20 seconds left.\n|\n|t:|1772726854\n|move|p2b: Koraidon|Protect|p2b: Koraidon\n|-singleturn|p2b: Koraidon|Protect\n|move|p1b: Chi-Yu|Heat Wave|p2a: Lunala|[spread] p2a\n|-activate|p2b: Koraidon|move: Protect\n|-crit|p2a: Lunala\n|-damage|p2a: Lunala|24/100\n|move|p1a: Flutter Mane|Moonblast|p2b: Koraidon\n|-activate|p2b: Koraidon|move: Protect\n|move|p2a: Lunala|Trick Room|p2a: Lunala\n|-fieldstart|move: Trick Room|[of] p2a: Lunala\n|\n|upkeep\n|turn|7\n|inactive|CHR1SPHX has 30 seconds left.\n|inactive|GodofSOHAI has 30 seconds left.\n|\n|t:|1772726887\n|move|p2a: Lunala|Moonblast|p1a: Flutter Mane\n|-damage|p1a: Flutter Mane|20/100\n|-unboost|p1a: Flutter Mane|spa|1\n|move|p2b: Koraidon|Flare Blitz|p1a: Flutter Mane\n|-damage|p1a: Flutter Mane|0 fnt\n|faint|p1a: Flutter Mane\n|-end|p1a: Flutter Mane|Protosynthesis|[silent]\n|-damage|p2b: Koraidon|72/100|[from] Recoil\n|move|p1b: Chi-Yu|Heat Wave|p2a: Lunala|[spread] p2a,p2b\n|-resisted|p2b: Koraidon\n|-damage|p2a: Lunala|2/100\n|-damage|p2b: Koraidon|56/100\n|\n|upkeep\n|\n|t:|1772726901\n|switch|p1a: Lunala|Lunala, L50, shiny, tera:Water|84/100\n|turn|8\n|\n|t:|1772726920\n|switch|p2a: Incineroar|Incineroar, L50, M|23/100\n|-ability|p2a: Incineroar|Intimidate|boost\n|-unboost|p1a: Lunala|atk|1\n|-unboost|p1b: Chi-Yu|atk|1\n|move|p1a: Lunala|Moongeist Beam|p2b: Koraidon\n|-damage|p2b: Koraidon|0 fnt\n|faint|p2b: Koraidon\n|move|p1b: Chi-Yu|Heat Wave|p2a: Incineroar\n|-resisted|p2a: Incineroar\n|-damage|p2a: Incineroar|7/100\n|\n|upkeep\n|\n|t:|1772726927\n|switch|p2b: Lunala|Lunala, L50, shiny, tera:Fairy|2/100\n|turn|9\n|inactive|GodofSOHAI has 30 seconds left.\n|\n|t:|1772726956\n|move|p2a: Incineroar|Fake Out|p1a: Lunala\n|-damage|p1a: Lunala|75/100\n|move|p2b: Lunala|Moonblast|p1b: Chi-Yu\n|-damage|p1b: Chi-Yu|0 fnt\n|faint|p1b: Chi-Yu\n|cant|p1a: Lunala|flinch\n|\n|upkeep\n|\n|t:|1772726963\n|switch|p1b: Koraidon|Koraidon, L50|91/100\n|-weather|SunnyDay|[from] ability: Orichalcum Pulse|[of] p1b: Koraidon\n|-activate|p1b: Koraidon|Orichalcum Pulse|[source]\n|turn|10\n|\n|t:|1772726977\n|move|p1b: Koraidon|Protect|p1b: Koraidon\n|-singleturn|p1b: Koraidon|Protect\n|move|p2a: Incineroar|Knock Off|p1a: Lunala\n|-damage|p1a: Lunala|55/100\n|move|p2b: Lunala|Moonblast|p1a: Lunala\n|-damage|p1a: Lunala|18/100\n|-unboost|p1a: Lunala|spa|1\n|move|p1a: Lunala|Moongeist Beam|p2b: Lunala\n|-damage|p2b: Lunala|0 fnt\n|faint|p2b: Lunala\n|\n|-weather|SunnyDay|[upkeep]\n|-fieldend|move: Trick Room\n|upkeep\n|turn|11\n|-message|CHR1SPHX forfeited.\n|\n|win|GodofSOHAI\n|raw|GodofSOHAI's rating: 1211 &rarr; <strong>1237</strong><br />(+26 for winning)\n|raw|CHR1SPHX's rating: 1221 &rarr; <strong>1195</strong><br />(-26 for losing)\n|l|\u2606CHR1SPHX\n|player|p2|\n","uploadtime":1772727004,"views":13,"formatid":"gen9vgc2026regi","rating":1195,"private":0,"password":null}