{"id":"gen9vgc2026regi-2577564463","format":"[Gen 9] VGC 2026 Reg I","players":["dman12352","ppyyy"],"log":"|j|\u2606dman12352\n|j|\u2606ppyyy\n|html|<table width=\"100%\"><tr><td align=\"left\">dman12352</td><td align=\"right\">ppyyy</tr><tr><td align=\"left\"><i class=\"fa fa-circle-o\"></i> <i class=\"fa fa-circle-o\"></i> </td><td align=\"right\"><i class=\"fa fa-circle-o\"></i> <i class=\"fa fa-circle-o\"></i> </tr></table>\n|uhtml|bestof|<h2><strong>Game 1</strong> of <a href=\"/game-bestof3-gen9vgc2026regi-2577564462\">a best-of-3</a></h2>\n|t:|1775586423\n|gametype|doubles\n|player|p1|dman12352|brycenman|\n|player|p2|ppyyy|elesa-gen5bw2|\n|gen|9\n|tier|[Gen 9] VGC 2026 Reg I\n|rated|Tournament battle\n|rule|Species Clause: Limit one of each Pok\u00e9mon\n|rule|Item Clause: Limit 1 of each item\n|raw|<div class=\"infobox\"><details class=\"readmore\" open><summary><strong>4 custom rules:</strong></summary> Open Team Sheets, Force Open Team Sheets, !Open Team Sheets, Best of = 3</details></div>\n|clearpoke\n|poke|p1|Incineroar, L50, M|\n|poke|p1|Calyrex-Shadow, L50|\n|poke|p1|Iron Bundle, L50|\n|poke|p1|Koraidon, L50|\n|poke|p1|Raging Bolt, L50|\n|poke|p1|Kingambit, L50, F|\n|poke|p2|Scream Tail, L50|\n|poke|p2|Rillaboom, L50, M|\n|poke|p2|Urshifu-*, L50, M|\n|poke|p2|Incineroar, L50, M|\n|poke|p2|Lunala, L50|\n|poke|p2|Zamazenta-*, L50|\n|teampreview|4\n|showteam|p1|Incineroar||RockyHelmet|Intimidate|FlareBlitz,Taunt,FakeOut,PartingShot|||M|||50|,,,,,Bug]Calyrex-Shadow||FocusSash|AsOneSpectrier|AstralBarrage,Psychic,Protect,Disable||||||50|,,,,,Dark]Iron Bundle||BoosterEnergy|QuarkDrive|FreezeDry,IcyWind,Protect,Encore||||||50|,,,,,Ghost]Koraidon||ClearAmulet|OrichalcumPulse|CollisionCourse,FlareBlitz,FlameCharge,Protect||||||50|,,,,,Fire]Raging Bolt||AssaultVest|Protosynthesis|VoltSwitch,DracoMeteor,Thunderclap,Snarl||||||50|,,,,,Fairy]Kingambit||BlackGlasses|Defiant|IronHead,KowtowCleave,SuckerPunch,Protect|||F|||50|,,,,,Fire\n|showteam|p2|Scream Tail||BoosterEnergy|Protosynthesis|DazzlingGleam,Encore,Disable,Protect||||||50|,,,,,Dark]Rillaboom||AssaultVest|GrassySurge|FakeOut,WoodHammer,GrassyGlide,Uturn|||M|||50|,,,,,Fire]Urshifu-Rapid-Strike||FocusSash|UnseenFist|SurgingStrikes,AquaJet,Taunt,Detect|||M|||50|,,,,,Grass]Incineroar||CovertCloak|Intimidate|FakeOut,WillOWisp,KnockOff,PartingShot|||M|||50|,,,,,Bug]Lunala||Leftovers|ShadowShield|MoongeistBeam,Moonblast,CalmMind,Protect||||||50|,,,,,Fairy]Zamazenta-Crowned||RustedShield|DauntlessShield|BodyPress,HeavySlam,WideGuard,Protect||||||50|,,,,,Ghost\n|inactive|Battle timer is ON: inactive players will automatically lose when time's up. (requested by dman12352)\n|c|\u2606dman12352|gl hf\n|c|\u2606ppyyy|u2\n|c|\u2606dman12352|you know I am suprised youre doing well with this it looks so odd on paper but it looks fun\n|c|\u2606ppyyy|thx\n|inactive|dman12352 has 60 seconds left.\n|inactive|ppyyy has 60 seconds left.\n|j| silverhaffling01\n|\n|t:|1775586483\n|teamsize|p1|4\n|teamsize|p2|4\n|start\n|switch|p1a: Calyrex|Calyrex-Shadow, L50|100/100\n|switch|p1b: Kingambit|Kingambit, L50, F|100/100\n|switch|p2a: Incineroar|Incineroar, L50, M|100/100\n|switch|p2b: Zamazenta|Zamazenta-Crowned, L50|100/100\n|-ability|p1a: Calyrex|As One\n|-ability|p1a: Calyrex|Unnerve\n|-ability|p2b: Zamazenta|Dauntless Shield|boost\n|-boost|p2b: Zamazenta|def|1\n|-ability|p2a: Incineroar|Intimidate|boost\n|-unboost|p1a: Calyrex|atk|1\n|-unboost|p1b: Kingambit|atk|1\n|-ability|p1b: Kingambit|Defiant|boost\n|-boost|p1b: Kingambit|atk|2\n|turn|1\n|inactive|ppyyy has 30 seconds left.\n|inactive|ppyyy has 20 seconds left.\n|\n|t:|1775586522\n|switch|p1a: Koraidon|Koraidon, L50|100/100\n|-weather|SunnyDay|[from] ability: Orichalcum Pulse|[of] p1a: Koraidon\n|-activate|p1a: Koraidon|Orichalcum Pulse|[source]\n|switch|p2a: Scream Tail|Scream Tail, L50|100/100\n|-activate|p2a: Scream Tail|ability: Protosynthesis\n|-start|p2a: Scream Tail|protosynthesisspe\n|move|p1b: Kingambit|Protect|p1b: Kingambit\n|-singleturn|p1b: Kingambit|Protect\n|move|p2b: Zamazenta|Heavy Slam|p1a: Koraidon\n|-damage|p1a: Koraidon|80/100\n|\n|-weather|SunnyDay|[upkeep]\n|upkeep\n|turn|2\n|inactive|ppyyy has 30 seconds left.\n|inactive|ppyyy has 20 seconds left.\n|inactive|ppyyy has 15 seconds left.\n|\n|t:|1775586566\n|-end|p2a: Scream Tail|Protosynthesis|[silent]\n|switch|p2a: Incineroar|Incineroar, L50, M|100/100\n|-ability|p2a: Incineroar|Intimidate|boost\n|-fail|p1a: Koraidon|unboost|[from] item: Clear Amulet|[of] p1a: Koraidon\n|-unboost|p1b: Kingambit|atk|1\n|-ability|p1b: Kingambit|Defiant|boost\n|-boost|p1b: Kingambit|atk|2\n|switch|p1b: Calyrex|Calyrex-Shadow, L50|100/100\n|-ability|p1b: Calyrex|As One\n|-ability|p1b: Calyrex|Unnerve\n|-terastallize|p1a: Koraidon|Fire\n|move|p1a: Koraidon|Flame Charge|p2a: Incineroar\n|-resisted|p2a: Incineroar\n|-damage|p2a: Incineroar|78/100\n|-boost|p1a: Koraidon|spe|1\n|move|p2b: Zamazenta|Body Press|p1a: Koraidon\n|-damage|p1a: Koraidon|29/100\n|\n|-weather|SunnyDay|[upkeep]\n|upkeep\n|turn|3\n|inactive|ppyyy has 30 seconds left.\n|inactive|ppyyy has 20 seconds left.\n|inactive|ppyyy has 15 seconds left.\n|inactive|ppyyy has 10 seconds left.\n|\n|t:|1775586612\n|move|p1a: Koraidon|Protect|p1a: Koraidon\n|-singleturn|p1a: Koraidon|Protect\n|move|p1b: Calyrex|Protect|p1b: Calyrex\n|-singleturn|p1b: Calyrex|Protect\n|move|p2a: Incineroar|Fake Out|p1a: Koraidon\n|-activate|p1a: Koraidon|move: Protect\n|move|p2b: Zamazenta|Body Press|p1a: Koraidon\n|-activate|p1a: Koraidon|move: Protect\n|\n|-weather|SunnyDay|[upkeep]\n|upkeep\n|turn|4\n|inactive|ppyyy has 30 seconds left.\n|\n|t:|1775586644\n|move|p1a: Koraidon|Collision Course|p2a: Incineroar\n|-supereffective|p2a: Incineroar\n|-damage|p2a: Incineroar|0 fnt\n|faint|p2a: Incineroar\n|move|p1b: Calyrex|Psychic|p2b: Zamazenta\n|-damage|p2b: Zamazenta|62/100\n|move|p2b: Zamazenta|Heavy Slam|p1b: Calyrex\n|-damage|p1b: Calyrex|39/100\n|\n|-weather|SunnyDay|[upkeep]\n|upkeep\n|\n|t:|1775586658\n|switch|p2a: Scream Tail|Scream Tail, L50|100/100\n|-activate|p2a: Scream Tail|ability: Protosynthesis\n|-start|p2a: Scream Tail|protosynthesisspe\n|turn|5\n|\n|t:|1775586664\n|-terastallize|p2b: Zamazenta|Ghost\n|move|p2b: Zamazenta|Wide Guard|p2b: Zamazenta\n|-singleturn|p2b: Zamazenta|Wide Guard\n|move|p2a: Scream Tail|Encore|p1a: Koraidon\n|-start|p1a: Koraidon|Encore\n|move|p1a: Koraidon|Collision Course|p2a: Scream Tail\n|-resisted|p2a: Scream Tail\n|-damage|p2a: Scream Tail|87/100\n|move|p1b: Calyrex|Astral Barrage|p2a: Scream Tail|[spread] \n|-activate|p2a: Scream Tail|move: Wide Guard\n|-activate|p2b: Zamazenta|move: Wide Guard\n|\n|-weather|none\n|-end|p2a: Scream Tail|Protosynthesis\n|upkeep\n|-enditem|p2a: Scream Tail|Booster Energy\n|-activate|p2a: Scream Tail|ability: Protosynthesis|[fromitem]\n|-start|p2a: Scream Tail|protosynthesisspe\n|turn|6\n|\n|t:|1775586680\n|switch|p1a: Kingambit|Kingambit, L50, F|100/100\n|move|p2a: Scream Tail|Disable|p1b: Calyrex\n|-start|p1b: Calyrex|Disable|Astral Barrage\n|cant|p1b: Calyrex|Disable|Astral Barrage\n|move|p2b: Zamazenta|Body Press|p1a: Kingambit\n|-supereffective|p1a: Kingambit\n|-damage|p1a: Kingambit|0 fnt\n|faint|p1a: Kingambit\n|\n|upkeep\n|\n|t:|1775586691\n|switch|p1a: Incineroar|Incineroar, L50, M|100/100\n|-ability|p1a: Incineroar|Intimidate|boost\n|-unboost|p2a: Scream Tail|atk|1\n|-unboost|p2b: Zamazenta|atk|1\n|turn|7\n|\n|t:|1775586699\n|switch|p1b: Koraidon|Koraidon, L50, tera:Fire|29/100\n|-weather|SunnyDay|[from] ability: Orichalcum Pulse|[of] p1b: Koraidon\n|-activate|p1b: Koraidon|Orichalcum Pulse|[source]\n|move|p1a: Incineroar|Fake Out|p2a: Scream Tail\n|-damage|p2a: Scream Tail|79/100\n|cant|p2a: Scream Tail|flinch\n|move|p2b: Zamazenta|Body Press|p1a: Incineroar\n|-supereffective|p1a: Incineroar\n|-damage|p1a: Incineroar|0 fnt\n|-damage|p2b: Zamazenta|45/100|[from] item: Rocky Helmet|[of] p1a: Incineroar\n|faint|p1a: Incineroar\n|\n|-weather|SunnyDay|[upkeep]\n|upkeep\n|\n|t:|1775586703\n|switch|p1a: Calyrex|Calyrex-Shadow, L50|39/100\n|-ability|p1a: Calyrex|As One\n|-ability|p1a: Calyrex|Unnerve\n|turn|8\n|\n|t:|1775586718\n|move|p2a: Scream Tail|Protect|p2a: Scream Tail\n|-singleturn|p2a: Scream Tail|Protect\n|move|p2b: Zamazenta|Protect|p2b: Zamazenta\n|-singleturn|p2b: Zamazenta|Protect\n|move|p1a: Calyrex|Psychic|p2b: Zamazenta\n|-activate|p2b: Zamazenta|move: Protect\n|move|p1b: Koraidon|Flame Charge|p2b: Zamazenta\n|-activate|p2b: Zamazenta|move: Protect\n|\n|-weather|SunnyDay|[upkeep]\n|upkeep\n|turn|9\n|\n|t:|1775586740\n|move|p2a: Scream Tail|Encore|p1a: Calyrex\n|-start|p1a: Calyrex|Encore\n|move|p1a: Calyrex|Psychic|p2b: Zamazenta\n|-damage|p2b: Zamazenta|7/100\n|move|p1b: Koraidon|Flare Blitz|p2b: Zamazenta\n|-damage|p2b: Zamazenta|0 fnt\n|faint|p2b: Zamazenta\n|-damage|p1b: Koraidon|27/100|[from] Recoil\n|\n|-weather|SunnyDay|[upkeep]\n|upkeep\n|\n|t:|1775586745\n|switch|p2b: Lunala|Lunala, L50|100/100\n|turn|10\n|\n|t:|1775586754\n|move|p2a: Scream Tail|Disable|p1b: Koraidon\n|-start|p1b: Koraidon|Disable|Flare Blitz\n|move|p1a: Calyrex|Psychic|p2b: Lunala\n|-resisted|p2b: Lunala\n|-damage|p2b: Lunala|92/100\n|move|p1b: Koraidon|Flame Charge|p2b: Lunala\n|-damage|p2b: Lunala|40/100\n|-boost|p1b: Koraidon|spe|1\n|move|p2b: Lunala|Moongeist Beam|p1a: Calyrex\n|-supereffective|p1a: Calyrex\n|-damage|p1a: Calyrex|0 fnt\n|faint|p1a: Calyrex\n|\n|-weather|SunnyDay|[upkeep]\n|-heal|p2b: Lunala|46/100|[from] item: Leftovers\n|upkeep\n|turn|11\n|\n|t:|1775586769\n|move|p2b: Lunala|Protect|p2b: Lunala\n|-singleturn|p2b: Lunala|Protect\n|move|p2a: Scream Tail|Encore|p1b: Koraidon\n|-start|p1b: Koraidon|Encore\n|move|p1b: Koraidon|Flame Charge|p2a: Scream Tail\n|-damage|p2a: Scream Tail|28/100\n|-boost|p1b: Koraidon|spe|1\n|\n|-weather|none\n|-heal|p2b: Lunala|53/100|[from] item: Leftovers\n|upkeep\n|turn|12\n|\n|t:|1775586778\n|move|p1b: Koraidon|Flame Charge|p2b: Lunala\n|-damage|p2b: Lunala|24/100\n|-boost|p1b: Koraidon|spe|1\n|move|p2a: Scream Tail|Dazzling Gleam|p1b: Koraidon\n|-resisted|p1b: Koraidon\n|-damage|p1b: Koraidon|18/100\n|move|p2b: Lunala|Moongeist Beam|p1b: Koraidon\n|-damage|p1b: Koraidon|0 fnt\n|faint|p1b: Koraidon\n|\n|win|ppyyy\n||dman12352 is ready for game 2.\n||ppyyy is ready for game 2.\n|uhtml|next|Next: <a href=\"/battle-gen9vgc2026regi-2577569210\"><strong>Game 2 of 3</strong></a>\n","uploadtime":1775586781,"views":11,"formatid":"gen9vgc2026regi","rating":null,"private":0,"password":null}