{"id":"gen9vgc2026regi-2556530597","format":"[Gen 9] VGC 2026 Reg I","players":["Henry0117","marcxhenry"],"log":"|j|\u2606Henry0117\n|j|\u2606marcxhenry\n|t:|1773221694\n|gametype|doubles\n|player|p1|Henry0117|hilda|1400\n|player|p2|marcxhenry|hilbert-wonderlauncher|1432\n|gen|9\n|tier|[Gen 9] VGC 2026 Reg I\n|rated|\n|rule|Species Clause: Limit one of each Pok\u00e9mon\n|rule|Item Clause: Limit 1 of each item\n|clearpoke\n|poke|p1|Miraidon, L50|\n|poke|p1|Zamazenta-*, L50|\n|poke|p1|Whimsicott, L50, M|\n|poke|p1|Farigiraf, L50, M|\n|poke|p1|Chien-Pao, L50|\n|poke|p1|Iron Treads, L50|\n|poke|p2|Calyrex-Shadow, L50|\n|poke|p2|Urshifu-*, L50, M|\n|poke|p2|Roaring Moon, L50|\n|poke|p2|Kyogre, L50|\n|poke|p2|Tsareena, L50, F|\n|poke|p2|Kingambit, L50, M|\n|teampreview|4\n|inactive|Battle timer is ON: inactive players will automatically lose when time's up. (requested by Henry0117)\n|\n|t:|1773221713\n|teamsize|p1|4\n|teamsize|p2|4\n|start\n|switch|p1a: Whimsicott|Whimsicott, L50, M, shiny|100/100\n|switch|p1b: Miraidon|Miraidon, L50, shiny|100/100\n|switch|p2a: Ludwig|Calyrex-Shadow, L50|100/100\n|switch|p2b: Roter Baron|Roaring Moon, L50, shiny|100/100\n|-ability|p2a: Ludwig|As One\n|-ability|p2a: Ludwig|Unnerve\n|-fieldstart|move: Electric Terrain|[from] ability: Hadron Engine|[of] p1b: Miraidon\n|-enditem|p2b: Roter Baron|Booster Energy\n|-activate|p2b: Roter Baron|ability: Protosynthesis|[fromitem]\n|-start|p2b: Roter Baron|protosynthesisspe\n|turn|1\n|\n|t:|1773221730\n|-terastallize|p2b: Roter Baron|Flying\n|-terastallize|p1b: Miraidon|Electric\n|move|p1a: Whimsicott|Tailwind|p1a: Whimsicott\n|-sidestart|p1: Henry0117|move: Tailwind\n|move|p1b: Miraidon|Volt Switch|p2b: Roter Baron\n|-supereffective|p2b: Roter Baron\n|-damage|p2b: Roter Baron|0 fnt\n|faint|p2b: Roter Baron\n|-end|p2b: Roter Baron|Protosynthesis|[silent]\n|\n|t:|1773221736\n|switch|p1b: Zamazenta|Zamazenta-Crowned, L50, shiny|100/100|[from] Volt Switch\n|-ability|p1b: Zamazenta|Dauntless Shield|boost\n|-boost|p1b: Zamazenta|def|1\n|move|p2a: Ludwig|Trick Room|p2a: Ludwig\n|-fieldstart|move: Trick Room|[of] p2a: Ludwig\n|\n|upkeep\n|\n|t:|1773221743\n|switch|p2b: Tripitz|Kyogre, L50, shiny|100/100\n|-weather|RainDance|[from] ability: Drizzle|[of] p2b: Tripitz\n|turn|2\n|\n|t:|1773221751\n|move|p2a: Ludwig|Protect|p2a: Ludwig\n|-singleturn|p2a: Ludwig|Protect\n|move|p1a: Whimsicott|Encore|p2a: Ludwig\n|-activate|p2a: Ludwig|move: Protect\n|move|p2b: Tripitz|Hydro Pump|p1b: Zamazenta\n|-damage|p1b: Zamazenta|11/100\n|move|p1b: Zamazenta|Body Press|p2b: Tripitz\n|-damage|p2b: Tripitz|35/100\n|\n|-weather|RainDance|[upkeep]\n|upkeep\n|turn|3\n|inactive|Henry0117 has 30 seconds left.\n|\n|t:|1773221780\n|switch|p2b: Hitmonshe|Tsareena, L50, F, shiny|100/100\n|move|p1b: Zamazenta|Protect|p1b: Zamazenta\n|-singleturn|p1b: Zamazenta|Protect\n|move|p2a: Ludwig|Astral Barrage|p1a: Whimsicott|[spread] p1a\n|-activate|p1b: Zamazenta|move: Protect\n|-damage|p1a: Whimsicott|28/100\n|move|p1a: Whimsicott|Moonblast|p2a: Ludwig\n|-damage|p2a: Ludwig|71/100\n|\n|-weather|RainDance|[upkeep]\n|upkeep\n|turn|4\n|inactive|marcxhenry has 30 seconds left.\n|\n|t:|1773221811\n|move|p1b: Zamazenta|Wide Guard|p1b: Zamazenta\n|-singleturn|p1b: Zamazenta|Wide Guard\n|move|p2b: Hitmonshe|Power Whip|p1b: Zamazenta\n|-resisted|p1b: Zamazenta\n|-damage|p1b: Zamazenta|0 fnt\n|faint|p1b: Zamazenta\n|move|p2a: Ludwig|Psychic|p1a: Whimsicott\n|-damage|p1a: Whimsicott|0 fnt\n|faint|p1a: Whimsicott\n|-ability|p2a: Ludwig|Grim Neigh|boost\n|-boost|p2a: Ludwig|spa|1\n|\n|-weather|RainDance|[upkeep]\n|-sideend|p1: Henry0117|move: Tailwind\n|upkeep\n|\n|t:|1773221819\n|switch|p1b: Miraidon|Miraidon, L50, shiny, tera:Electric|100/100\n|switch|p1a: Chien-Pao|Chien-Pao, L50, shiny|100/100\n|-activate|p1b: Miraidon|ability: Hadron Engine\n|-ability|p1a: Chien-Pao|Sword of Ruin\n|turn|5\n|\n|t:|1773221834\n|move|p2a: Ludwig|Protect|p2a: Ludwig\n|-singleturn|p2a: Ludwig|Protect\n|move|p2b: Hitmonshe|Power Whip|p1a: Chien-Pao\n|-damage|p1a: Chien-Pao|8/100\n|move|p1b: Miraidon|Electro Drift|p2a: Ludwig\n|-activate|p2a: Ludwig|move: Protect\n|move|p1a: Chien-Pao|Icicle Crash|p2b: Hitmonshe\n|-supereffective|p2b: Hitmonshe\n|-crit|p2b: Hitmonshe\n|-damage|p2b: Hitmonshe|0 fnt\n|faint|p2b: Hitmonshe\n|\n|-weather|RainDance|[upkeep]\n|-fieldend|move: Trick Room\n|-fieldend|move: Electric Terrain\n|upkeep\n|\n|t:|1773221848\n|switch|p2b: Tripitz|Kyogre, L50, shiny|35/100\n|turn|6\n|\n|t:|1773221852\n|move|p2b: Tripitz|Protect|p2b: Tripitz\n|-singleturn|p2b: Tripitz|Protect\n|move|p1a: Chien-Pao|Sucker Punch||[still]\n|-fail|p1a: Chien-Pao\n|move|p1b: Miraidon|Electro Drift|p2b: Tripitz\n|-activate|p2b: Tripitz|move: Protect\n|move|p2a: Ludwig|Trick Room|p2a: Ludwig\n|-fieldstart|move: Trick Room|[of] p2a: Ludwig\n|\n|-weather|none\n|upkeep\n|turn|7\n|\n|t:|1773221876\n|move|p1a: Chien-Pao|Protect|p1a: Chien-Pao\n|-singleturn|p1a: Chien-Pao|Protect\n|move|p2b: Tripitz|Origin Pulse|p1a: Chien-Pao|[spread] p1b\n|-activate|p1a: Chien-Pao|move: Protect\n|-damage|p1b: Miraidon|46/100\n|move|p1b: Miraidon|Electro Drift|p2b: Tripitz\n|-supereffective|p2b: Tripitz\n|-damage|p2b: Tripitz|0 fnt\n|faint|p2b: Tripitz\n|move|p2a: Ludwig|Astral Barrage|p1a: Chien-Pao|[spread] p1b\n|-activate|p1a: Chien-Pao|move: Protect\n|-damage|p1b: Miraidon|0 fnt\n|faint|p1b: Miraidon\n|-ability|p2a: Ludwig|Grim Neigh|boost\n|-boost|p2a: Ludwig|spa|1\n|\n|upkeep\n|turn|8\n|\n|t:|1773221893\n|move|p1a: Chien-Pao|Sucker Punch||[still]\n|-fail|p1a: Chien-Pao\n|move|p2a: Ludwig|Trick Room|p2a: Ludwig\n|-fieldend|move: Trick Room\n|\n|upkeep\n|turn|9\n|\n|t:|1773221907\n|move|p2a: Ludwig|Protect|p2a: Ludwig\n|-singleturn|p2a: Ludwig|Protect\n|move|p1a: Chien-Pao|Icicle Crash|p2a: Ludwig\n|-activate|p2a: Ludwig|move: Protect\n|\n|upkeep\n|turn|10\n|\n|t:|1773221913\n|move|p1a: Chien-Pao|Sucker Punch|p2a: Ludwig\n|-supereffective|p2a: Ludwig\n|-damage|p2a: Ludwig|0 fnt\n|faint|p2a: Ludwig\n|\n|win|Henry0117\n|raw|Henry0117's rating: 1400 &rarr; <strong>1422</strong><br />(+22 for winning)\n|raw|marcxhenry's rating: 1432 &rarr; <strong>1410</strong><br />(-22 for losing)\n|l|\u2606marcxhenry\n|player|p2|\n|l|\u2606Henry0117\n|player|p1|\n","uploadtime":1773222170,"views":12,"formatid":"gen9vgc2026regi","rating":1410,"private":0,"password":null}