{"id":"gen9vgc2026regi-2548135066","format":"[Gen 9] VGC 2026 Reg I","players":["VJ2511","ZEPHYRLEGI0N"],"log":"|j|\u2606VJ2511\n|j|\u2606ZEPHYRLEGI0N\n|t:|1772174504\n|gametype|doubles\n|player|p1|VJ2511|red-masters3|1555\n|player|p2|ZEPHYRLEGI0N|2|1525\n|gen|9\n|tier|[Gen 9] VGC 2026 Reg I\n|rated|\n|rule|Species Clause: Limit one of each Pok\u00e9mon\n|rule|Item Clause: Limit 1 of each item\n|clearpoke\n|poke|p1|Calyrex-Shadow, L50|\n|poke|p1|Zamazenta-*, L50|\n|poke|p1|Chien-Pao, L50|\n|poke|p1|Dragonite, L50, M|\n|poke|p1|Raging Bolt, L50|\n|poke|p1|Amoonguss, L50, M|\n|poke|p2|Koraidon, L50|\n|poke|p2|Calyrex-Shadow, L50|\n|poke|p2|Flutter Mane, L50|\n|poke|p2|Incineroar, L50, F|\n|poke|p2|Clefairy, L50, F|\n|poke|p2|Rillaboom, L50, F|\n|teampreview|4\n|inactive|Battle timer is ON: inactive players will automatically lose when time's up. (requested by VJ2511)\n|\n|t:|1772174518\n|teamsize|p1|4\n|teamsize|p2|4\n|start\n|switch|p1a: Zamazenta|Zamazenta-Crowned, L50|100/100\n|switch|p1b: Raging Bolt|Raging Bolt, L50|100/100\n|switch|p2a: Calyrex|Calyrex-Shadow, L50|100/100\n|switch|p2b: Rillaboom|Rillaboom, L50, F|100/100\n|-ability|p2a: Calyrex|As One\n|-ability|p2a: Calyrex|Unnerve\n|-ability|p1a: Zamazenta|Dauntless Shield|boost\n|-boost|p1a: Zamazenta|def|1\n|-fieldstart|move: Grassy Terrain|[from] ability: Grassy Surge|[of] p2b: Rillaboom\n|-enditem|p1b: Raging Bolt|Booster Energy\n|-activate|p1b: Raging Bolt|ability: Protosynthesis|[fromitem]\n|-start|p1b: Raging Bolt|protosynthesisspa\n|turn|1\n|\n|t:|1772174543\n|move|p2b: Rillaboom|Fake Out|p1b: Raging Bolt\n|-damage|p1b: Raging Bolt|89/100\n|move|p2a: Calyrex|Astral Barrage|p1a: Zamazenta|[spread] p1a,p1b\n|-crit|p1b: Raging Bolt\n|-damage|p1a: Zamazenta|48/100\n|-damage|p1b: Raging Bolt|0 fnt\n|faint|p1b: Raging Bolt\n|-end|p1b: Raging Bolt|Protosynthesis|[silent]\n|-ability|p2a: Calyrex|Grim Neigh|boost\n|-boost|p2a: Calyrex|spa|1\n|-damage|p2a: Calyrex|91/100|[from] item: Life Orb\n|move|p1a: Zamazenta|Heavy Slam|p2a: Calyrex\n|-damage|p2a: Calyrex|38/100\n|\n|-heal|p2a: Calyrex|44/100|[from] Grassy Terrain\n|-heal|p1a: Zamazenta|54/100|[from] Grassy Terrain\n|upkeep\n|c|\u2606VJ2511|common modest shadow rider bullshit\n|\n|t:|1772174556\n|switch|p1b: Calyrex|Calyrex-Shadow, L50|100/100\n|-ability|p1b: Calyrex|As One\n|-ability|p1b: Calyrex|Unnerve\n|turn|2\n|\n|t:|1772174565\n|-terastallize|p1b: Calyrex|Ghost\n|move|p1b: Calyrex|Astral Barrage|p2a: Calyrex|[spread] p2a,p2b\n|-supereffective|p2a: Calyrex\n|-damage|p2a: Calyrex|0 fnt\n|-damage|p2b: Rillaboom|50/100\n|faint|p2a: Calyrex\n|-ability|p1b: Calyrex|Grim Neigh|boost\n|-boost|p1b: Calyrex|spa|1\n|move|p1a: Zamazenta|Body Press|p2b: Rillaboom\n|-damage|p2b: Rillaboom|0 fnt\n|faint|p2b: Rillaboom\n|\n|-heal|p1a: Zamazenta|60/100|[from] Grassy Terrain\n|upkeep\n|\n|t:|1772174570\n|switch|p2a: Koraidon|Koraidon, L50|100/100\n|switch|p2b: Flutter Mane|Flutter Mane, L50|100/100\n|-weather|SunnyDay|[from] ability: Orichalcum Pulse|[of] p2a: Koraidon\n|-activate|p2b: Flutter Mane|ability: Protosynthesis\n|-start|p2b: Flutter Mane|protosynthesisspe\n|-activate|p2a: Koraidon|Orichalcum Pulse|[source]\n|turn|3\n|\n|t:|1772174582\n|switch|p1b: Dragonite|Dragonite, L50, M, shiny|100/100\n|-terastallize|p2a: Koraidon|Fire\n|move|p2b: Flutter Mane|Moonblast|p1b: Dragonite\n|-supereffective|p1b: Dragonite\n|-damage|p1b: Dragonite|11/100\n|move|p2a: Koraidon|Flame Charge|p1a: Zamazenta\n|-supereffective|p1a: Zamazenta\n|-damage|p1a: Zamazenta|5/100\n|-boost|p2a: Koraidon|spe|1\n|move|p1a: Zamazenta|Heavy Slam|p2b: Flutter Mane\n|-supereffective|p2b: Flutter Mane\n|-enditem|p2b: Flutter Mane|Focus Sash\n|-damage|p2b: Flutter Mane|1/100\n|\n|-weather|SunnyDay|[upkeep]\n|-heal|p2b: Flutter Mane|7/100|[from] Grassy Terrain\n|-heal|p1a: Zamazenta|11/100|[from] Grassy Terrain\n|upkeep\n|turn|4\n|\n|t:|1772174599\n|move|p2a: Koraidon|Protect|p2a: Koraidon\n|-singleturn|p2a: Koraidon|Protect\n|move|p1b: Dragonite|Aqua Jet|p2b: Flutter Mane\n|-crit|p2b: Flutter Mane\n|-damage|p2b: Flutter Mane|0 fnt\n|faint|p2b: Flutter Mane\n|-end|p2b: Flutter Mane|Protosynthesis|[silent]\n|move|p1a: Zamazenta|Body Press|p2a: Koraidon\n|-activate|p2a: Koraidon|move: Protect\n|\n|-weather|SunnyDay|[upkeep]\n|-heal|p1a: Zamazenta|17/100|[from] Grassy Terrain\n|upkeep\n|turn|5\n|\n|t:|1772174609\n|move|p1b: Dragonite|Aqua Jet|p2a: Koraidon\n|-supereffective|p2a: Koraidon\n|-damage|p2a: Koraidon|80/100\n|move|p2a: Koraidon|Flame Charge|p1a: Zamazenta\n|-supereffective|p1a: Zamazenta\n|-damage|p1a: Zamazenta|0 fnt\n|-boost|p2a: Koraidon|spe|1\n|faint|p1a: Zamazenta\n|\n|-weather|SunnyDay|[upkeep]\n|-heal|p2a: Koraidon|86/100|[from] Grassy Terrain\n|-fieldend|move: Grassy Terrain\n|upkeep\n|c|\u2606VJ2511|gg\n|\n|t:|1772174613\n|switch|p1a: Calyrex|Calyrex-Shadow, L50, tera:Ghost|100/100\n|-ability|p1a: Calyrex|As One\n|-ability|p1a: Calyrex|Unnerve\n|turn|6\n|c|\u2606ZEPHYRLEGI0N|gg\n|c|\u2606ZEPHYRLEGI0N|idt crit mattered\n|c|\u2606VJ2511|it didnt yea\n|c|\u2606ZEPHYRLEGI0N|are you scale dnite?\n|c|\u2606VJ2511|no\n|c|\u2606ZEPHYRLEGI0N|damn\n|c|\u2606ZEPHYRLEGI0N|flutter is a fraud\n|c|\u2606VJ2511|true\n|c|\u2606ZEPHYRLEGI0N|zama bolt lead threw me off ngl\n|inactive|ZEPHYRLEGI0N has 30 seconds left.\n|c|\u2606VJ2511|i see\n|c|\u2606ZEPHYRLEGI0N|like just loses to any korai lead\n|c|\u2606ZEPHYRLEGI0N|they always lead zama amoonguss\n|c|\u2606VJ2511|not rlly\n|inactive|ZEPHYRLEGI0N has 20 seconds left.\n|inactive|ZEPHYRLEGI0N has 15 seconds left.\n|inactive|ZEPHYRLEGI0N has 10 seconds left.\n|c|\u2606VJ2511|zama bolt is a very good lead into any korai lead\n|\n|t:|1772174660\n|move|p1b: Dragonite|Aqua Jet|p2a: Koraidon\n|-supereffective|p2a: Koraidon\n|-damage|p2a: Koraidon|67/100\n|move|p2a: Koraidon|Flame Charge|p1a: Calyrex\n|-crit|p1a: Calyrex\n|-enditem|p1a: Calyrex|Focus Sash\n|-damage|p1a: Calyrex|1/100\n|-boost|p2a: Koraidon|spe|1\n|move|p1a: Calyrex|Astral Barrage|p2a: Koraidon\n|-damage|p2a: Koraidon|0 fnt\n|faint|p2a: Koraidon\n|\n|win|VJ2511\n|raw|VJ2511's rating: 1555 &rarr; <strong>1573</strong><br />(+18 for winning)\n|raw|ZEPHYRLEGI0N's rating: 1525 &rarr; <strong>1507</strong><br />(-18 for losing)\n|c|\u2606VJ2511|or csr lead\n|c|\u2606VJ2511|ppl just need to know how to play it\n|c|\u2606ZEPHYRLEGI0N|uhhh\n|c|\u2606ZEPHYRLEGI0N|what if I just\n|c|\u2606ZEPHYRLEGI0N|protect flutter lk\n|c|\u2606ZEPHYRLEGI0N|the bolt\n|c|\u2606VJ2511|simple\n|c|\u2606VJ2511|double the zama\n|c|\u2606VJ2511|the bolt lives any clam koraidon attack\n|c|\u2606ZEPHYRLEGI0N|yeah ik\n|c|\u2606VJ2511|anyways ggs wp\n|c|\u2606ZEPHYRLEGI0N|I just need to range it for moonblast through thera\n|c|\u2606ZEPHYRLEGI0N|ggs\n|l|\u2606ZEPHYRLEGI0N\n|player|p2|\n|l|\u2606VJ2511\n|player|p1|\n","uploadtime":1772174921,"views":31,"formatid":"gen9vgc2026regi","rating":1507,"private":0,"password":null}