{"id":"gen9vgc2026regi-2578217253","format":"[Gen 9] VGC 2026 Reg I","players":["ripmyhopes","KaiMVGC"],"log":"|j|\u2606ripmyhopes\n|j|\u2606KaiMVGC\n|t:|1775659710\n|gametype|doubles\n|player|p1|ripmyhopes|266|1421\n|player|p2|KaiMVGC|boarder|1557\n|gen|9\n|tier|[Gen 9] VGC 2026 Reg I\n|rated|\n|rule|Species Clause: Limit one of each Pok\u00e9mon\n|rule|Item Clause: Limit 1 of each item\n|clearpoke\n|poke|p1|Calyrex-Shadow, L50|\n|poke|p1|Amoonguss, L50, F|\n|poke|p1|Zamazenta-*, L50|\n|poke|p1|Urshifu-*, L50, F|\n|poke|p1|Ditto, L50|\n|poke|p1|Tornadus, L50, M|\n|poke|p2|Calyrex-Shadow, L50|\n|poke|p2|Zamazenta-*, L50|\n|poke|p2|Smeargle, L50, M|\n|poke|p2|Rillaboom, L50, F|\n|poke|p2|Tornadus, L50, M|\n|poke|p2|Raging Bolt, L50|\n|teampreview|4\n|\n|t:|1775659733\n|teamsize|p1|4\n|teamsize|p2|4\n|start\n|switch|p1a: Calyrex|Calyrex-Shadow, L50|100/100\n|switch|p1b: Tornadus|Tornadus, L50, M|100/100\n|switch|p2a: Tornadus|Tornadus, L50, M|100/100\n|switch|p2b: Smeargle|Smeargle, L50, M|100/100\n|-ability|p1a: Calyrex|As One\n|-ability|p1a: Calyrex|Unnerve\n|turn|1\n|\n|t:|1775659753\n|move|p1b: Tornadus|Tailwind|p1b: Tornadus\n|-sidestart|p1: ripmyhopes|move: Tailwind\n|move|p1a: Calyrex|Psychic|p2b: Smeargle\n|-enditem|p2b: Smeargle|Focus Sash\n|-damage|p2b: Smeargle|1/100\n|-damage|p1a: Calyrex|91/100|[from] item: Life Orb\n|move|p2a: Tornadus|Bleakwind Storm|p1b: Tornadus|[spread] p1a,p1b\n|-damage|p1a: Calyrex|43/100\n|-damage|p1b: Tornadus|48/100\n|move|p2b: Smeargle|Spore|p1a: Calyrex\n|-status|p1a: Calyrex|slp|[from] move: Spore\n|\n|-ability|p2b: Smeargle|Moody|boost\n|-boost|p2b: Smeargle|def|2\n|-unboost|p2b: Smeargle|spe|1\n|upkeep\n|turn|2\n|\n|t:|1775659772\n|switch|p1a: Urshifu|Urshifu, L50, F|100/100\n|move|p2b: Smeargle|Wide Guard|p2b: Smeargle\n|-singleturn|p2b: Smeargle|Wide Guard\n|move|p1b: Tornadus|Icy Wind|p2b: Smeargle|[spread] \n|-activate|p2a: Tornadus|move: Wide Guard\n|-activate|p2b: Smeargle|move: Wide Guard\n|move|p2a: Tornadus|Bleakwind Storm|p1b: Tornadus|[spread] p1b\n|-miss|p2a: Tornadus|p1a: Urshifu\n|-damage|p1b: Tornadus|0 fnt\n|faint|p1b: Tornadus\n|\n|-ability|p2b: Smeargle|Moody|boost\n|-boost|p2b: Smeargle|spa|2\n|-unboost|p2b: Smeargle|atk|1\n|upkeep\n|\n|t:|1775659780\n|switch|p1b: Calyrex|Calyrex-Shadow, L50|43/100 slp\n|-ability|p1b: Calyrex|As One\n|-ability|p1b: Calyrex|Unnerve\n|turn|3\n|\n|t:|1775659794\n|move|p2b: Smeargle|Follow Me|p2b: Smeargle\n|-singleturn|p2b: Smeargle|move: Follow Me\n|cant|p1b: Calyrex|slp\n|move|p1a: Urshifu|Wicked Blow|p2b: Smeargle\n|-crit|p2b: Smeargle\n|-damage|p2b: Smeargle|0 fnt\n|faint|p2b: Smeargle\n|move|p2a: Tornadus|Bleakwind Storm|p1b: Calyrex|[spread] p1a,p1b\n|-supereffective|p1a: Urshifu\n|-enditem|p1a: Urshifu|Focus Sash\n|-damage|p1a: Urshifu|1/100\n|-damage|p1b: Calyrex|1/100 slp\n|\n|upkeep\n|\n|t:|1775659800\n|switch|p2b: Calyrex|Calyrex-Shadow, L50|100/100\n|-ability|p2b: Calyrex|As One\n|-ability|p2b: Calyrex|Unnerve\n|turn|4\n|\n|t:|1775659824\n|-terastallize|p2b: Calyrex|Dark\n|move|p2a: Tornadus|Tailwind|p2a: Tornadus\n|-sidestart|p2: KaiMVGC|move: Tailwind\n|cant|p1b: Calyrex|slp\n|move|p2b: Calyrex|Astral Barrage|p1b: Calyrex|[spread] p1a,p1b\n|-resisted|p1a: Urshifu\n|-supereffective|p1b: Calyrex\n|-damage|p1a: Urshifu|0 fnt\n|-damage|p1b: Calyrex|0 fnt\n|faint|p1a: Urshifu\n|faint|p1b: Calyrex\n|-ability|p2b: Calyrex|Grim Neigh|boost\n|-boost|p2b: Calyrex|spa|2\n|-damage|p2b: Calyrex|91/100|[from] item: Life Orb\n|\n|-sideend|p1: ripmyhopes|move: Tailwind\n|upkeep\n|c|\u2606ripmyhopes|for the record i so read that...\n|\n|t:|1775659846\n|switch|p1a: Ditto|Ditto, L50, shiny|100/100\n|-transform|p1a: Ditto|p2b: Calyrex|[from] ability: Imposter\n|-ability|p1a: Ditto|As One\n|-ability|p1a: Ditto|Unnerve\n|-start|p1a: Ditto|typechange|Psychic/Ghost|[silent]\n|turn|5\n|inactive|Battle timer is ON: inactive players will automatically lose when time's up. (requested by KaiMVGC)\n|\n|t:|1775659858\n|-terastallize|p1a: Ditto|Stellar\n|move|p2b: Calyrex|Astral Barrage|p1a: Ditto\n|-supereffective|p1a: Ditto\n|-damage|p1a: Ditto|0 fnt\n|faint|p1a: Ditto\n|-damage|p2b: Calyrex|81/100|[from] item: Life Orb\n|\n|win|KaiMVGC\n|raw|ripmyhopes's rating: 1421 &rarr; <strong>1408</strong><br />(-13 for losing)\n|raw|KaiMVGC's rating: 1557 &rarr; <strong>1570</strong><br />(+13 for winning)\n|c|\u2606ripmyhopes|ggs\n|l|\u2606KaiMVGC\n|player|p2|\n|l|\u2606ripmyhopes\n|player|p1|\n","uploadtime":1775660135,"views":8,"formatid":"gen9vgc2026regi","rating":1408,"private":0,"password":null}