{"id":"gen9vgc2026regi-2567031209","format":"[Gen 9] VGC 2026 Reg I","players":["Galact7adi","suc vat vk"],"log":"|j|\u2606Galact7adi\n|j|\u2606suc vat vk\n|t:|1774443172\n|gametype|doubles\n|player|p1|Galact7adi|101|1475\n|player|p2|suc vat vk|kimonogirl|1561\n|gen|9\n|tier|[Gen 9] VGC 2026 Reg I\n|rated|\n|rule|Species Clause: Limit one of each Pok\u00e9mon\n|rule|Item Clause: Limit 1 of each item\n|clearpoke\n|poke|p1|Brute Bonnet, L50|\n|poke|p1|Lunala, L50|\n|poke|p1|Ursaluna, L50, M|\n|poke|p1|Chi-Yu, L50|\n|poke|p1|Koraidon, L50|\n|poke|p1|Flutter Mane, L50|\n|poke|p2|Kyogre, L50|\n|poke|p2|Iron Jugulis, L50|\n|poke|p2|Amoonguss, L50, M|\n|poke|p2|Calyrex-Ice, L50|\n|poke|p2|Indeedee-F, L50, F|\n|poke|p2|Urshifu-*, L50, M|\n|teampreview|4\n|inactive|Battle timer is ON: inactive players will automatically lose when time's up. (requested by Galact7adi)\n|inactive|Galact7adi has 60 seconds left.\n|inactive|suc vat vk has 60 seconds left.\n|inactive|suc vat vk has 30 seconds left.\n|\n|t:|1774443240\n|teamsize|p1|4\n|teamsize|p2|4\n|start\n|switch|p1a: Lunala|Lunala, L50|100/100\n|switch|p1b: Brute Bonnet|Brute Bonnet, L50|100/100\n|switch|p2a: Iron Jugulis|Iron Jugulis, L50|100/100\n|switch|p2b: Calyrex|Calyrex-Ice, L50|100/100\n|-ability|p2b: Calyrex|As One\n|-ability|p2b: Calyrex|Unnerve\n|-enditem|p2a: Iron Jugulis|Booster Energy\n|-activate|p2a: Iron Jugulis|ability: Quark Drive|[fromitem]\n|-start|p2a: Iron Jugulis|quarkdrivespe\n|turn|1\n|\n|t:|1774443259\n|-terastallize|p1a: Lunala|Water\n|-terastallize|p2b: Calyrex|Grass\n|move|p2a: Iron Jugulis|Snarl|p1a: Lunala|[spread] p1a,p1b\n|-resisted|p1b: Brute Bonnet\n|-damage|p1a: Lunala|94/100\n|-damage|p1b: Brute Bonnet|92/100\n|-unboost|p1a: Lunala|spa|1\n|-unboost|p1b: Brute Bonnet|spa|1\n|move|p1a: Lunala|Meteor Beam||[still]\n|-prepare|p1a: Lunala|Meteor Beam\n|-boost|p1a: Lunala|spa|1\n|-enditem|p1a: Lunala|Power Herb\n|-anim|p1a: Lunala|Meteor Beam|p2a: Iron Jugulis\n|-supereffective|p2a: Iron Jugulis\n|-damage|p2a: Iron Jugulis|0 fnt\n|faint|p2a: Iron Jugulis\n|-end|p2a: Iron Jugulis|Quark Drive|[silent]\n|move|p1b: Brute Bonnet|Spore|p2b: Calyrex\n|-immune|p2b: Calyrex\n|move|p2b: Calyrex|Trick Room|p2b: Calyrex\n|-fieldstart|move: Trick Room|[of] p2b: Calyrex\n|\n|upkeep\n|inactive|suc vat vk has 30 seconds left.\n|\n|t:|1774443285\n|switch|p2a: Amoonguss|Amoonguss, L50, M, shiny|100/100\n|turn|2\n|\n|t:|1774443297\n|-end|p1b: Brute Bonnet|Protosynthesis|[silent]\n|switch|p1b: Ursaluna|Ursaluna, L50, M|100/100\n|move|p1a: Lunala|Wide Guard|p1a: Lunala\n|-singleturn|p1a: Lunala|Wide Guard\n|move|p2a: Amoonguss|Spore|p1a: Lunala\n|-status|p1a: Lunala|slp|[from] move: Spore\n|move|p2b: Calyrex|Swords Dance|p2b: Calyrex\n|-boost|p2b: Calyrex|atk|2\n|\n|-status|p1b: Ursaluna|brn|[from] item: Flame Orb\n|upkeep\n|turn|3\n|\n|t:|1774443315\n|move|p1b: Ursaluna|Protect|p1b: Ursaluna\n|-singleturn|p1b: Ursaluna|Protect\n|move|p2a: Amoonguss|Rage Powder|p2a: Amoonguss\n|-singleturn|p2a: Amoonguss|move: Rage Powder\n|move|p2b: Calyrex|Glacial Lance|p1a: Lunala|[spread] p1a\n|-activate|p1b: Ursaluna|move: Protect\n|-resisted|p1a: Lunala\n|-damage|p1a: Lunala|40/100 slp\n|cant|p1a: Lunala|slp\n|\n|-damage|p1b: Ursaluna|95/100 brn|[from] brn\n|upkeep\n|turn|4\n|\n|t:|1774443324\n|cant|p1a: Lunala|slp\n|move|p2a: Amoonguss|Rage Powder|p2a: Amoonguss\n|-singleturn|p2a: Amoonguss|move: Rage Powder\n|move|p1b: Ursaluna|Facade|p2a: Amoonguss\n|-damage|p2a: Amoonguss|0 fnt\n|-damage|p1b: Ursaluna|78/100 brn|[from] item: Rocky Helmet|[of] p2a: Amoonguss\n|faint|p2a: Amoonguss\n|move|p2b: Calyrex|Icicle Spear|p1b: Ursaluna\n|-supereffective|p1b: Ursaluna\n|-damage|p1b: Ursaluna|27/100 brn\n|-supereffective|p1b: Ursaluna\n|-damage|p1b: Ursaluna|0 fnt\n|faint|p1b: Ursaluna\n|-ability|p2b: Calyrex|Chilling Neigh|boost\n|-boost|p2b: Calyrex|atk|1\n|-hitcount|p1: Ursaluna|2\n|\n|upkeep\n|\n|t:|1774443333\n|switch|p2a: Kyogre|Kyogre, L50, shiny|100/100\n|switch|p1b: Brute Bonnet|Brute Bonnet, L50|92/100\n|-weather|RainDance|[from] ability: Drizzle|[of] p2a: Kyogre\n|turn|5\n|\n|t:|1774443349\n|-curestatus|p1a: Lunala|slp|[msg]\n|move|p1a: Lunala|Wide Guard|p1a: Lunala\n|-singleturn|p1a: Lunala|Wide Guard\n|move|p2b: Calyrex|Icicle Spear|p1b: Brute Bonnet\n|-supereffective|p1b: Brute Bonnet\n|-damage|p1b: Brute Bonnet|38/100\n|-supereffective|p1b: Brute Bonnet\n|-damage|p1b: Brute Bonnet|0 fnt\n|faint|p1b: Brute Bonnet\n|-end|p1b: Brute Bonnet|Protosynthesis|[silent]\n|-ability|p2b: Calyrex|Chilling Neigh|boost\n|-boost|p2b: Calyrex|atk|1\n|-hitcount|p1: Brute Bonnet|2\n|move|p2a: Kyogre|Water Spout|p1a: Lunala\n|-activate|p1a: Lunala|move: Wide Guard\n|\n|-weather|RainDance|[upkeep]\n|-fieldend|move: Trick Room\n|upkeep\n|\n|t:|1774443352\n|switch|p1b: Koraidon|Koraidon, L50|100/100\n|-weather|SunnyDay|[from] ability: Orichalcum Pulse|[of] p1b: Koraidon\n|-activate|p1b: Koraidon|Orichalcum Pulse|[source]\n|turn|6\n|\n|t:|1774443359\n|move|p1a: Lunala|Wide Guard|p1a: Lunala\n|-singleturn|p1a: Lunala|Wide Guard\n|move|p1b: Koraidon|Flare Blitz|p2b: Calyrex\n|-supereffective|p2b: Calyrex\n|-damage|p2b: Calyrex|0 fnt\n|faint|p2b: Calyrex\n|-damage|p1b: Koraidon|62/100|[from] Recoil\n|-damage|p1b: Koraidon|52/100|[from] item: Life Orb\n|move|p2a: Kyogre|Water Spout|p1a: Lunala|[spread] \n|-activate|p1a: Lunala|move: Wide Guard\n|-activate|p1b: Koraidon|move: Wide Guard\n|\n|-weather|SunnyDay|[upkeep]\n|upkeep\n|turn|7\n|\n|t:|1774443363\n|move|p1a: Lunala|Wide Guard|p1a: Lunala\n|-singleturn|p1a: Lunala|Wide Guard\n|move|p1b: Koraidon|Close Combat|p2a: Kyogre\n|-damage|p2a: Kyogre|0 fnt\n|-unboost|p1b: Koraidon|def|1\n|-unboost|p1b: Koraidon|spd|1\n|faint|p2a: Kyogre\n|-damage|p1b: Koraidon|43/100|[from] item: Life Orb\n|\n|win|Galact7adi\n|raw|Galact7adi's rating: 1475 &rarr; <strong>1501</strong><br />(+26 for winning)\n|raw|suc vat vk's rating: 1577 &rarr; <strong>1551</strong><br />(-26 for losing)\n|c|\u2606Galact7adi|Gg wp\n|l|\u2606suc vat vk\n|player|p2|\n|l|\u2606Galact7adi\n|player|p1|\n","uploadtime":1774443512,"views":11,"formatid":"gen9vgc2026regi","rating":1501,"private":0,"password":null}