{"id":"gen9vgc2026regi-2590116230","format":"[Gen 9] VGC 2026 Reg I","players":["luzeleah","Sunny_zong1"],"log":"|j|\u2606luzeleah\n|j|\u2606Sunny_zong1\n|t:|1776787951\n|gametype|doubles\n|player|p1|luzeleah|lacey|1397\n|player|p2|Sunny_zong1|bugsy|1484\n|gen|9\n|tier|[Gen 9] VGC 2026 Reg I\n|rated|\n|rule|Species Clause: Limit one of each Pok\u00e9mon\n|rule|Item Clause: Limit 1 of each item\n|clearpoke\n|poke|p1|Incineroar, L50, F|\n|poke|p1|Farigiraf, L50, F|\n|poke|p1|Iron Hands, L50|\n|poke|p1|Tornadus, L50, M|\n|poke|p1|Kyogre, L50|\n|poke|p1|Miraidon, L50|\n|poke|p2|Annihilape, L50, M|\n|poke|p2|Miraidon, L50|\n|poke|p2|Calyrex-Shadow, L50|\n|poke|p2|Wo-Chien, L50|\n|poke|p2|Grimmsnarl, L50, M|\n|poke|p2|Indeedee, L50, M|\n|teampreview|4\n|inactive|Battle timer is ON: inactive players will automatically lose when time's up. (requested by Sunny_zong1)\n|\n|t:|1776787981\n|teamsize|p1|4\n|teamsize|p2|4\n|start\n|switch|p1a: Violet|Miraidon, L50|100/100\n|switch|p1b: Citroenhand|Iron Hands, L50|100/100\n|switch|p2a: Grimmsnarl|Grimmsnarl, L50, M|100/100\n|switch|p2b: Indeedee|Indeedee, L50, M|100/100\n|-fieldstart|move: Electric Terrain|[from] ability: Hadron Engine|[of] p1a: Violet\n|-activate|p1b: Citroenhand|ability: Quark Drive\n|-start|p1b: Citroenhand|quarkdriveatk\n|-fieldstart|move: Psychic Terrain|[from] ability: Psychic Surge|[of] p2b: Indeedee\n|-enditem|p2b: Indeedee|Psychic Seed\n|-boost|p2b: Indeedee|spd|1|[from] item: Psychic Seed\n|-end|p1b: Citroenhand|Quark Drive\n|turn|1\n|inactive|luzeleah has 30 seconds left.\n|inactive|luzeleah has 20 seconds left.\n|inactive|luzeleah has 15 seconds left.\n|\n|t:|1776788021\n|-terastallize|p1b: Citroenhand|Bug\n|move|p2a: Grimmsnarl|Light Screen|p2a: Grimmsnarl\n|-sidestart|p2: Sunny_zong1|move: Light Screen\n|move|p1a: Violet|Volt Switch|p2b: Indeedee\n|-damage|p2b: Indeedee|79/100\n|\n|t:|1776788026\n|switch|p1a: Incineroar|Incineroar, L50, F|100/100|[from] Volt Switch\n|-ability|p1a: Incineroar|Intimidate|boost\n|-unboost|p2a: Grimmsnarl|atk|1\n|-unboost|p2b: Indeedee|atk|1\n|move|p2b: Indeedee|Expanding Force|p1a: Incineroar|[spread] p1b\n|-immune|p1a: Incineroar\n|-damage|p1b: Citroenhand|74/100\n|move|p1b: Citroenhand|Drain Punch|p2b: Indeedee\n|-damage|p2b: Indeedee|0 fnt\n|-heal|p1b: Citroenhand|98/100|[from] drain|[of] p2b: Indeedee\n|faint|p2b: Indeedee\n|\n|upkeep\n|\n|t:|1776788037\n|switch|p2b: Miraidon|Miraidon, L50|100/100\n|-fieldstart|move: Electric Terrain|[from] ability: Hadron Engine|[of] p2b: Miraidon\n|-activate|p1b: Citroenhand|ability: Quark Drive\n|-start|p1b: Citroenhand|quarkdriveatk\n|turn|2\n|\n|t:|1776788051\n|move|p2b: Miraidon|Protect|p2b: Miraidon\n|-singleturn|p2b: Miraidon|Protect\n|move|p1a: Incineroar|Fake Out|p2b: Miraidon\n|-activate|p2b: Miraidon|move: Protect\n|move|p2a: Grimmsnarl|Reflect|p2a: Grimmsnarl\n|-sidestart|p2: Sunny_zong1|Reflect\n|move|p1b: Citroenhand|Low Kick|p2b: Miraidon\n|-activate|p2b: Miraidon|move: Protect\n|\n|upkeep\n|turn|3\n|inactive|luzeleah has 30 seconds left.\n|\n|t:|1776788084\n|-end|p1b: Citroenhand|Quark Drive|[silent]\n|switch|p1b: Violet|Miraidon, L50|100/100\n|-activate|p1b: Violet|ability: Hadron Engine\n|move|p2b: Miraidon|Electro Drift|p1a: Incineroar\n|-damage|p1a: Incineroar|0 fnt\n|-damage|p2b: Miraidon|84/100|[from] item: Rocky Helmet|[of] p1a: Incineroar\n|faint|p1a: Incineroar\n|-damage|p2b: Miraidon|74/100|[from] item: Life Orb\n|move|p2a: Grimmsnarl|Foul Play|p1b: Violet\n|-damage|p1b: Violet|80/100\n|\n|upkeep\n|\n|t:|1776788096\n|switch|p1a: Citroenhand|Iron Hands, L50, tera:Bug|98/100\n|-activate|p1a: Citroenhand|ability: Quark Drive\n|-start|p1a: Citroenhand|quarkdriveatk\n|turn|4\n|\n|t:|1776788107\n|move|p2b: Miraidon|Protect|p2b: Miraidon\n|-singleturn|p2b: Miraidon|Protect\n|move|p1a: Citroenhand|Fake Out|p2a: Grimmsnarl\n|-damage|p2a: Grimmsnarl|85/100\n|move|p1b: Violet|Draco Meteor|p2b: Miraidon\n|-activate|p2b: Miraidon|move: Protect\n|cant|p2a: Grimmsnarl|flinch\n|\n|upkeep\n|turn|5\n|\n|t:|1776788128\n|-terastallize|p2b: Miraidon|Fairy\n|move|p1b: Violet|Draco Meteor|p2b: Miraidon\n|-immune|p2b: Miraidon\n|move|p2b: Miraidon|Dazzling Gleam|p1a: Citroenhand|[spread] p1a,p1b\n|-supereffective|p1b: Violet\n|-damage|p1a: Citroenhand|69/100\n|-damage|p1b: Violet|0 fnt\n|faint|p1b: Violet\n|-damage|p2b: Miraidon|64/100|[from] item: Life Orb\n|move|p2a: Grimmsnarl|Foul Play|p1a: Citroenhand\n|-damage|p1a: Citroenhand|31/100\n|move|p1a: Citroenhand|Low Kick|p2b: Miraidon\n|-resisted|p2b: Miraidon\n|-damage|p2b: Miraidon|32/100\n|\n|upkeep\n|j| ddgfdhad\n|-message|luzeleah forfeited.\n|\n|win|Sunny_zong1\n|raw|luzeleah's rating: 1397 &rarr; <strong>1382</strong><br />(-15 for losing)\n|raw|Sunny_zong1's rating: 1484 &rarr; <strong>1499</strong><br />(+15 for winning)\n|l|\u2606luzeleah\n|player|p1|\n|l| ddgfdhad\n|l|\u2606Sunny_zong1\n|player|p2|\n","uploadtime":1776788327,"views":11,"formatid":"gen9vgc2026regi","rating":1382,"private":0,"password":null}