{"id":"gen9vgc2026regi-2589271169","format":"[Gen 9] VGC 2026 Reg I","players":["Harry Koekenpan","Edo_Cava"],"log":"|j|\u2606Harry Koekenpan\n|j|\u2606Edo_Cava\n|t:|1776710746\n|gametype|doubles\n|player|p1|Harry Koekenpan|101|1443\n|player|p2|Edo_Cava|red|1338\n|gen|9\n|tier|[Gen 9] VGC 2026 Reg I\n|rated|\n|rule|Species Clause: Limit one of each Pok\u00e9mon\n|rule|Item Clause: Limit 1 of each item\n|clearpoke\n|poke|p1|Weezing-Galar, L50, M|\n|poke|p1|Calyrex-Shadow, L50|\n|poke|p1|Regigigas, L50|\n|poke|p1|Koraidon, L50|\n|poke|p1|Chi-Yu, L50|\n|poke|p1|Brute Bonnet, L50|\n|poke|p2|Calyrex-Ice, L50|\n|poke|p2|Miraidon, L50|\n|poke|p2|Grimmsnarl, L50, M|\n|poke|p2|Urshifu-*, L50, M|\n|poke|p2|Incineroar, L50, F|\n|poke|p2|Landorus, L50, M|\n|teampreview|4\n|inactive|Battle timer is ON: inactive players will automatically lose when time's up. (requested by Edo_Cava)\nEdo_Cava has agreed to open team sheets.\n|inactive|Harry Koekenpan has 60 seconds left.\n|inactive|Harry Koekenpan has 30 seconds left.\n|inactive|Harry Koekenpan has 20 seconds left.\n|inactive|Harry Koekenpan has 15 seconds left.\n|inactive|Harry Koekenpan has 10 seconds left.\n|inactive|Harry Koekenpan has 5 seconds left.\n|\n|t:|1776710840\n|teamsize|p1|4\n|teamsize|p2|4\n|start\n|switch|p1a: Weezing|Weezing-Galar, L50, M|100/100\n|switch|p1b: Calyrex|Calyrex-Shadow, L50|100/100\n|switch|p2a: Incineroar|Incineroar, L50, F|100/100\n|switch|p2b: Grimmsnarl|Grimmsnarl, L50, M|100/100\n|-ability|p1a: Weezing|Neutralizing Gas\n|-ability|p1b: Calyrex|As One\n|-ability|p1b: Calyrex|Unnerve\n|turn|1\n|\n|t:|1776710861\n|switch|p1b: Regigigas|Regigigas, L50|100/100\n|move|p2b: Grimmsnarl|Light Screen|p2b: Grimmsnarl\n|-sidestart|p2: Edo_Cava|move: Light Screen\n|move|p2a: Incineroar|Knock Off|p1b: Regigigas\n|-damage|p1b: Regigigas|68/100\n|-enditem|p1b: Regigigas|Choice Scarf|[from] move: Knock Off|[of] p2a: Incineroar\n|move|p1a: Weezing|Poison Gas|p2b: Grimmsnarl|[spread] p2a,p2b\n|-status|p2a: Incineroar|psn\n|-status|p2b: Grimmsnarl|psn\n|\n|-damage|p2b: Grimmsnarl|88/100 psn|[from] psn\n|-damage|p2a: Incineroar|88/100 psn|[from] psn\n|upkeep\n|turn|2\n|\n|t:|1776710880\n|move|p1b: Regigigas|Heavy Slam|p2b: Grimmsnarl\n|-supereffective|p2b: Grimmsnarl\n|-damage|p2b: Grimmsnarl|0 fnt\n|faint|p2b: Grimmsnarl\n|move|p1a: Weezing|Toxic Spikes|p2a: Incineroar\n|-sidestart|p2: Edo_Cava|move: Toxic Spikes\n|move|p2a: Incineroar|Will-O-Wisp|p1b: Regigigas\n|-status|p1b: Regigigas|brn\n|\n|-damage|p2a: Incineroar|76/100 psn|[from] psn\n|-damage|p1b: Regigigas|62/100 brn|[from] brn\n|upkeep\n|\n|t:|1776710890\n|switch|p2b: Calyrex|Calyrex-Ice, L50|100/100\n|-ability|p2b: Calyrex|As One\n|-ability|p2b: Calyrex|Unnerve\n|-status|p2b: Calyrex|psn\n|turn|3\n|\n|t:|1776710915\n|move|p1b: Regigigas|Knock Off|p2b: Calyrex\n|-supereffective|p2b: Calyrex\n|-damage|p2b: Calyrex|76/100 psn\n|-enditem|p2b: Calyrex|Leftovers|[from] move: Knock Off|[of] p1b: Regigigas\n|move|p1a: Weezing|Sludge Bomb|p2b: Calyrex\n|-damage|p2b: Calyrex|65/100 psn\n|move|p2a: Incineroar|Knock Off|p1a: Weezing\n|-resisted|p1a: Weezing\n|-damage|p1a: Weezing|85/100\n|-enditem|p1a: Weezing|Sitrus Berry|[from] move: Knock Off|[of] p2a: Incineroar\n|move|p2b: Calyrex|Leech Seed|p1a: Weezing\n|-start|p1a: Weezing|move: Leech Seed\n|\n|-damage|p1a: Weezing|73/100|[from] Leech Seed|[of] p2b: Calyrex\n|-heal|p2b: Calyrex|75/100 psn|[silent]\n|-damage|p2a: Incineroar|63/100 psn|[from] psn\n|-damage|p2b: Calyrex|63/100 psn|[from] psn\n|-damage|p1b: Regigigas|56/100 brn|[from] brn\n|upkeep\n|turn|4\n|inactive|Harry Koekenpan has 30 seconds left.\n|\n|t:|1776710943\n|-end|p1a: Weezing|ability: Neutralizing Gas\n|-start|p1b: Regigigas|ability: Slow Start\n|-ability|p2a: Incineroar|Intimidate|boost\n|-unboost|p1a: Weezing|atk|1\n|-unboost|p1b: Regigigas|atk|1\n|switch|p1a: Koraidon|Koraidon, L50|100/100\n|-weather|SunnyDay|[from] ability: Orichalcum Pulse|[of] p1a: Koraidon\n|-activate|p1a: Koraidon|Orichalcum Pulse|[source]\n|move|p2a: Incineroar|Parting Shot|p1b: Regigigas\n|-unboost|p1b: Regigigas|atk|1\n|-unboost|p1b: Regigigas|spa|1\n|\n|t:|1776710954\n|switch|p2a: Miraidon|Miraidon, L50|100/100|[from] Parting Shot\n|-status|p2a: Miraidon|psn\n|-fieldstart|move: Electric Terrain|[from] ability: Hadron Engine|[of] p2a: Miraidon\n|move|p1b: Regigigas|Double-Edge|p2b: Calyrex\n|-damage|p2b: Calyrex|57/100 psn\n|-damage|p1b: Regigigas|54/100 brn|[from] Recoil\n|move|p2b: Calyrex|Glacial Lance|p1a: Koraidon|[spread] p1a,p1b\n|-supereffective|p1a: Koraidon\n|-damage|p1a: Koraidon|11/100\n|-damage|p1b: Regigigas|7/100 brn\n|\n|-weather|SunnyDay|[upkeep]\n|-damage|p2a: Miraidon|88/100 psn|[from] psn\n|-damage|p2b: Calyrex|44/100 psn|[from] psn\n|-damage|p1b: Regigigas|1/100 brn|[from] brn\n|upkeep\n|turn|5\n|inactive|Harry Koekenpan has 30 seconds left.\n|\n|t:|1776710982\n|switch|p2a: Incineroar|Incineroar, L50, F|63/100 psn\n|-ability|p2a: Incineroar|Intimidate|boost\n|-unboost|p1a: Koraidon|atk|1\n|-unboost|p1b: Regigigas|atk|1\n|-terastallize|p2b: Calyrex|Water\n|move|p1a: Koraidon|Protect|p1a: Koraidon\n|-singleturn|p1a: Koraidon|Protect\n|move|p1b: Regigigas|Knock Off|p2b: Calyrex\n|-damage|p2b: Calyrex|43/100 psn\n|move|p2b: Calyrex|Glacial Lance|p1a: Koraidon|[spread] p1b\n|-activate|p1a: Koraidon|move: Protect\n|-damage|p1b: Regigigas|0 fnt\n|faint|p1b: Regigigas\n|-end|p1b: Regigigas|Slow Start|[silent]\n|-ability|p2b: Calyrex|Chilling Neigh|boost\n|-boost|p2b: Calyrex|atk|1\n|\n|-weather|SunnyDay|[upkeep]\n|-damage|p2a: Incineroar|51/100 psn|[from] psn\n|-damage|p2b: Calyrex|30/100 psn|[from] psn\n|upkeep\n|\n|t:|1776711005\n|switch|p1b: Calyrex|Calyrex-Shadow, L50|100/100\n|-ability|p1b: Calyrex|As One\n|-ability|p1b: Calyrex|Unnerve\n|turn|6\n|\n|t:|1776711013\n|move|p2b: Calyrex|Protect|p2b: Calyrex\n|-singleturn|p2b: Calyrex|Protect\n|move|p1b: Calyrex|Astral Barrage|p2b: Calyrex|[spread] p2a\n|-activate|p2b: Calyrex|move: Protect\n|-resisted|p2a: Incineroar\n|-damage|p2a: Incineroar|35/100 psn\n|-damage|p1b: Calyrex|91/100|[from] item: Life Orb\n|move|p1a: Koraidon|Collision Course|p2a: Incineroar\n|-supereffective|p2a: Incineroar\n|-damage|p2a: Incineroar|0 fnt\n|faint|p2a: Incineroar\n|\n|-weather|SunnyDay|[upkeep]\n|-damage|p2b: Calyrex|18/100 psn|[from] psn\n|upkeep\n|\n|t:|1776711024\n|switch|p2a: Miraidon|Miraidon, L50|88/100 psn\n|-activate|p2a: Miraidon|ability: Hadron Engine\n|turn|7\n|\n|t:|1776711042\n|move|p1b: Calyrex|Astral Barrage|p2b: Calyrex|[spread] p2a,p2b\n|-damage|p2a: Miraidon|52/100 psn\n|-damage|p2b: Calyrex|0 fnt\n|faint|p2b: Calyrex\n|-ability|p1b: Calyrex|Grim Neigh|boost\n|-boost|p1b: Calyrex|spa|1\n|-damage|p1b: Calyrex|81/100|[from] item: Life Orb\n|move|p1a: Koraidon|Collision Course|p2a: Miraidon\n|-crit|p2a: Miraidon\n|-damage|p2a: Miraidon|0 fnt\n|faint|p2a: Miraidon\n|\n|win|Harry Koekenpan\n|raw|Harry Koekenpan's rating: 1443 &rarr; <strong>1457</strong><br />(+14 for winning)\n|raw|Edo_Cava's rating: 1338 &rarr; <strong>1324</strong><br />(-14 for losing)\n|l|\u2606Edo_Cava\n|player|p2|\n|l|\u2606Harry Koekenpan\n|player|p1|\n","uploadtime":1776711220,"views":7,"formatid":"gen9vgc2026regi","rating":1324,"private":0,"password":null}