{"id":"gen9vgc2026regi-2576443444","format":"[Gen 9] VGC 2026 Reg I","players":["avarussurava","dasabe\u76d6\u6b27\u5361\u4fa0"],"log":"|j|\u2606avarussurava\n|j|\u2606dasabe\u76d6\u6b27\u5361\u4fa0\n|t:|1775475326\n|gametype|doubles\n|player|p1|avarussurava|102|1408\n|player|p2|dasabe\u76d6\u6b27\u5361\u4fa0|may-masters4|1611\n|gen|9\n|tier|[Gen 9] VGC 2026 Reg I\n|rated|\n|rule|Species Clause: Limit one of each Pok\u00e9mon\n|rule|Item Clause: Limit 1 of each item\n|clearpoke\n|poke|p1|Kyogre, L50|\n|poke|p1|Tyranitar, L50, F|\n|poke|p1|Zamazenta-*, L50|\n|poke|p1|Gastrodon, L50, M|\n|poke|p1|Sinistcha, L50|\n|poke|p1|Ceruledge, L50, F|\n|poke|p2|Calyrex-Ice, L50|\n|poke|p2|Miraidon, L50|\n|poke|p2|Volcarona, L50, F|\n|poke|p2|Grimmsnarl, L50, M|\n|poke|p2|Urshifu-*, L50, F|\n|poke|p2|Incineroar, L50, F|\n|teampreview|4\n|\n|t:|1775475364\n|teamsize|p1|4\n|teamsize|p2|4\n|start\n|switch|p1a: Zamazenta|Zamazenta-Crowned, L50|100/100\n|switch|p1b: Ceruledge|Ceruledge, L50, F|100/100\n|switch|p2a: \u94f6\u91d1\u5996\u86c7|Miraidon, L50, shiny|100/100\n|switch|p2b: \u94f6\u6bdb\u6ee1\u8eab|Grimmsnarl, L50, M, shiny|100/100\n|-fieldstart|move: Electric Terrain|[from] ability: Hadron Engine|[of] p2a: \u94f6\u91d1\u5996\u86c7\n|-ability|p1a: Zamazenta|Dauntless Shield|boost\n|-boost|p1a: Zamazenta|def|1\n|turn|1\n|\n|t:|1775475379\n|-terastallize|p1a: Zamazenta|Ground\n|move|p2b: \u94f6\u6bdb\u6ee1\u8eab|Reflect|p2b: \u94f6\u6bdb\u6ee1\u8eab\n|-sidestart|p2: dasabe\u76d6\u6b27\u5361\u4fa0|Reflect\n|move|p2a: \u94f6\u91d1\u5996\u86c7|Volt Switch|p1b: Ceruledge\n|-damage|p1b: Ceruledge|14/100\n|-damage|p2a: \u94f6\u91d1\u5996\u86c7|91/100|[from] item: Life Orb\n|\n|t:|1775475383\n|switch|p2a: \u629b\u5f00\u864e\u54e5\u54ee\u7a74|Incineroar, L50, F|100/100|[from] Volt Switch\n|-ability|p2a: \u629b\u5f00\u864e\u54e5\u54ee\u7a74|Intimidate|boost\n|-unboost|p1a: Zamazenta|atk|1\n|-unboost|p1b: Ceruledge|atk|1\n|move|p1a: Zamazenta|Iron Defense|p1a: Zamazenta\n|-boost|p1a: Zamazenta|def|2\n|move|p1b: Ceruledge|Taunt|p2b: \u94f6\u6bdb\u6ee1\u8eab\n|-start|p2b: \u94f6\u6bdb\u6ee1\u8eab|move: Taunt\n|\n|upkeep\n|turn|2\n|\n|t:|1775475407\n|switch|p1b: Sinistcha|Sinistcha, L50|100/100\n|move|p1a: Zamazenta|Body Press|p2a: \u629b\u5f00\u864e\u54e5\u54ee\u7a74\n|-supereffective|p2a: \u629b\u5f00\u864e\u54e5\u54ee\u7a74\n|-damage|p2a: \u629b\u5f00\u864e\u54e5\u54ee\u7a74|0 fnt\n|faint|p2a: \u629b\u5f00\u864e\u54e5\u54ee\u7a74\n|move|p2b: \u94f6\u6bdb\u6ee1\u8eab|Spirit Break|p1a: Zamazenta\n|-damage|p1a: Zamazenta|93/100\n|-unboost|p1a: Zamazenta|spa|1\n|\n|upkeep\n|\n|t:|1775475416\n|switch|p2a: \u9e7f\u51a0\u738b|Calyrex-Ice, L50|100/100\n|-ability|p2a: \u9e7f\u51a0\u738b|As One\n|-ability|p2a: \u9e7f\u51a0\u738b|Unnerve\n|turn|3\n|\n|t:|1775475424\n|-terastallize|p2a: \u9e7f\u51a0\u738b|Fire\n|move|p1a: Zamazenta|Wide Guard|p1a: Zamazenta\n|-singleturn|p1a: Zamazenta|Wide Guard\n|move|p1b: Sinistcha|Shadow Ball|p2a: \u9e7f\u51a0\u738b\n|-damage|p2a: \u9e7f\u51a0\u738b|73/100\n|move|p2b: \u94f6\u6bdb\u6ee1\u8eab|Spirit Break|p1a: Zamazenta\n|-damage|p1a: Zamazenta|85/100\n|-unboost|p1a: Zamazenta|spa|1\n|move|p2a: \u9e7f\u51a0\u738b|Glacial Lance|p1a: Zamazenta|[spread] \n|-activate|p1a: Zamazenta|move: Wide Guard\n|-activate|p1b: Sinistcha|move: Wide Guard\n|\n|upkeep\n|turn|4\n|\n|t:|1775475442\n|switch|p2b: \u94f6\u91d1\u5996\u86c7|Miraidon, L50, shiny|91/100\n|-activate|p2b: \u94f6\u91d1\u5996\u86c7|ability: Hadron Engine\n|move|p1a: Zamazenta|Wide Guard|p1a: Zamazenta\n|-singleturn|p1a: Zamazenta|Wide Guard\n|move|p1b: Sinistcha|Shadow Ball|p2a: \u9e7f\u51a0\u738b\n|-damage|p2a: \u9e7f\u51a0\u738b|42/100\n|move|p2a: \u9e7f\u51a0\u738b|Glacial Lance|p1b: Sinistcha|[spread] \n|-activate|p1a: Zamazenta|move: Wide Guard\n|-activate|p1b: Sinistcha|move: Wide Guard\n|\n|upkeep\n|turn|5\n|\n|t:|1775475482\n|move|p1b: Sinistcha|Rage Powder|p1b: Sinistcha\n|-singleturn|p1b: Sinistcha|move: Rage Powder\n|move|p2b: \u94f6\u91d1\u5996\u86c7|Draco Meteor|p1b: Sinistcha\n|-damage|p1b: Sinistcha|0 fnt\n|-unboost|p2b: \u94f6\u91d1\u5996\u86c7|spa|2\n|faint|p1b: Sinistcha\n|-damage|p2b: \u94f6\u91d1\u5996\u86c7|81/100|[from] item: Life Orb\n|move|p1a: Zamazenta|Body Press|p2b: \u94f6\u91d1\u5996\u86c7\n|-damage|p2b: \u94f6\u91d1\u5996\u86c7|0 fnt\n|faint|p2b: \u94f6\u91d1\u5996\u86c7\n|move|p2a: \u9e7f\u51a0\u738b|Leech Seed|p1a: Zamazenta\n|-start|p1a: Zamazenta|move: Leech Seed\n|\n|-damage|p1a: Zamazenta|73/100|[from] Leech Seed|[of] p2a: \u9e7f\u51a0\u738b\n|-heal|p2a: \u9e7f\u51a0\u738b|52/100|[silent]\n|-fieldend|move: Electric Terrain\n|upkeep\n|\n|t:|1775475502\n|switch|p2b: \u94f6\u6bdb\u6ee1\u8eab|Grimmsnarl, L50, M, shiny|100/100\n|switch|p1b: Gastrodon|Gastrodon, L50, M|100/100\n|turn|6\n|\n|t:|1775475510\n|move|p1a: Zamazenta|Body Press|p2a: \u9e7f\u51a0\u738b\n|-damage|p2a: \u9e7f\u51a0\u738b|6/100\n|move|p2b: \u94f6\u6bdb\u6ee1\u8eab|Spirit Break|p1a: Zamazenta\n|-damage|p1a: Zamazenta|65/100\n|-unboost|p1a: Zamazenta|spa|1\n|move|p2a: \u9e7f\u51a0\u738b|Glacial Lance|p1a: Zamazenta|[spread] p1a,p1b\n|-supereffective|p1a: Zamazenta\n|-damage|p1a: Zamazenta|33/100\n|-damage|p1b: Gastrodon|41/100\n|move|p1b: Gastrodon|Earth Power|p2a: \u9e7f\u51a0\u738b\n|-supereffective|p2a: \u9e7f\u51a0\u738b\n|-damage|p2a: \u9e7f\u51a0\u738b|0 fnt\n|faint|p2a: \u9e7f\u51a0\u738b\n|\n|upkeep\n|turn|7\n|j| Spea1\n|-message|dasabe\u76d6\u6b27\u5361\u4fa0 forfeited.\n|\n|win|avarussurava\n|raw|avarussurava's rating: 1408 &rarr; <strong>1439</strong><br />(+31 for winning)\n|raw|dasabe\u76d6\u6b27\u5361\u4fa0's rating: 1611 &rarr; <strong>1580</strong><br />(-31 for losing)\n|l|\u2606dasabe\u76d6\u6b27\u5361\u4fa0\n|player|p2|\n|l| Spea1\n","uploadtime":1775475528,"views":11,"formatid":"gen9vgc2026regi","rating":1439,"private":0,"password":null}