{"id":"gen9vgc2026regi-2546004500","format":"[Gen 9] VGC 2026 Reg I","players":["u lost da game","EllenJoe2026"],"log":"|j|\u2606u lost da game\n|j|\u2606EllenJoe2026\n|t:|1771912393\n|gametype|doubles\n|player|p1|u lost da game|170|1360\n|player|p2|EllenJoe2026|iono|1459\n|gen|9\n|tier|[Gen 9] VGC 2026 Reg I\n|rated|\n|rule|Species Clause: Limit one of each Pok\u00e9mon\n|rule|Item Clause: Limit 1 of each item\n|clearpoke\n|poke|p1|Miraidon, L50|\n|poke|p1|Ursaluna, L50, M|\n|poke|p1|Ho-Oh, L50|\n|poke|p1|Incineroar, L50, M|\n|poke|p1|Flutter Mane, L50|\n|poke|p1|Cresselia, L50, F|\n|poke|p2|Calyrex-Shadow, L50|\n|poke|p2|Zamazenta-*, L50|\n|poke|p2|Incineroar, L50, F|\n|poke|p2|Rillaboom, L50, F|\n|poke|p2|Ogerpon-Cornerstone, L50, F|\n|poke|p2|Tornadus, L50, M|\n|teampreview|4\n|inactive|Battle timer is ON: inactive players will automatically lose when time's up. (requested by EllenJoe2026)\n|inactive|EllenJoe2026 has 60 seconds left.\n|\n|t:|1771912432\n|teamsize|p1|4\n|teamsize|p2|4\n|start\n|switch|p1a: Cresselia|Cresselia, L50, F|100/100\n|switch|p1b: Incineroar|Incineroar, L50, M|100/100\n|switch|p2a: Rillaboom|Rillaboom, L50, F, shiny|100/100\n|switch|p2b: Zamazenta|Zamazenta-Crowned, L50, shiny|100/100\n|-ability|p2b: Zamazenta|Dauntless Shield|boost\n|-boost|p2b: Zamazenta|def|1\n|-fieldstart|move: Grassy Terrain|[from] ability: Grassy Surge|[of] p2a: Rillaboom\n|-ability|p1b: Incineroar|Intimidate|boost\n|-unboost|p2a: Rillaboom|atk|1\n|-unboost|p2b: Zamazenta|atk|1\n|turn|1\n|\n|t:|1771912447\n|move|p1b: Incineroar|Fake Out|p2b: Zamazenta\n|-resisted|p2b: Zamazenta\n|-damage|p2b: Zamazenta|98/100\n|cant|p2b: Zamazenta|flinch\n|move|p2a: Rillaboom|U-turn|p1a: Cresselia\n|-supereffective|p1a: Cresselia\n|-damage|p1a: Cresselia|79/100\n|\n|t:|1771912463\n|switch|p2a: Incineroar|Incineroar, L50, F, shiny|100/100|[from] U-turn\n|-ability|p2a: Incineroar|Intimidate|boost\n|-unboost|p1a: Cresselia|atk|1\n|-unboost|p1b: Incineroar|atk|1\n|move|p1a: Cresselia|Trick Room|p1a: Cresselia\n|-fieldstart|move: Trick Room|[of] p1a: Cresselia\n|\n|-heal|p2b: Zamazenta|100/100|[from] Grassy Terrain\n|upkeep\n|turn|2\n|inactive|EllenJoe2026 has 30 seconds left.\n|\n|t:|1771912488\n|switch|p1b: Ho-Oh|Ho-Oh, L50|100/100\n|move|p2a: Incineroar|Taunt|p1a: Cresselia\n|-start|p1a: Cresselia|move: Taunt\n|move|p1a: Cresselia|Psychic|p2b: Zamazenta\n|-damage|p2b: Zamazenta|82/100\n|move|p2b: Zamazenta|Body Press|p1b: Ho-Oh\n|-resisted|p1b: Ho-Oh\n|-damage|p1b: Ho-Oh|65/100\n|\n|-heal|p2b: Zamazenta|88/100|[from] Grassy Terrain\n|upkeep\n|turn|3\n|\n|t:|1771912504\n|switch|p1a: Incineroar|Incineroar, L50, M|100/100\n|-ability|p1a: Incineroar|Intimidate|boost\n|-unboost|p2a: Incineroar|atk|1\n|-unboost|p2b: Zamazenta|atk|1\n|move|p2b: Zamazenta|Protect|p2b: Zamazenta\n|-singleturn|p2b: Zamazenta|Protect\n|move|p2a: Incineroar|Knock Off|p1b: Ho-Oh\n|-damage|p1b: Ho-Oh|43/100\n|-enditem|p1b: Ho-Oh|Clear Amulet|[from] move: Knock Off|[of] p2a: Incineroar\n|move|p1b: Ho-Oh|Sacred Fire|p2b: Zamazenta\n|-activate|p2b: Zamazenta|move: Protect\n|\n|-heal|p2b: Zamazenta|94/100|[from] Grassy Terrain\n|upkeep\n|turn|4\n|inactive|EllenJoe2026 has 30 seconds left.\n|\n|t:|1771912530\n|-terastallize|p2b: Zamazenta|Dragon\n|move|p1a: Incineroar|Fake Out|p2b: Zamazenta\n|-damage|p2b: Zamazenta|89/100\n|move|p2a: Incineroar|Parting Shot|p1b: Ho-Oh\n|-unboost|p1b: Ho-Oh|atk|1\n|-unboost|p1b: Ho-Oh|spa|1\n|\n|t:|1771912548\n|switch|p2a: Calyrex|Calyrex-Shadow, L50|100/100|[from] Parting Shot\n|-ability|p2a: Calyrex|As One\n|-ability|p2a: Calyrex|Unnerve\n|move|p1b: Ho-Oh|Sacred Fire|p2b: Zamazenta\n|-resisted|p2b: Zamazenta\n|-damage|p2b: Zamazenta|82/100\n|-status|p2b: Zamazenta|brn\n|cant|p2b: Zamazenta|flinch\n|\n|-heal|p2b: Zamazenta|88/100 brn|[from] Grassy Terrain\n|-damage|p2b: Zamazenta|82/100 brn|[from] brn\n|upkeep\n|turn|5\n|\n|t:|1771912570\n|switch|p1a: Cresselia|Cresselia, L50, F|79/100\n|switch|p1b: Ursaluna|Ursaluna, L50, M|100/100\n|switch|p2b: Incineroar|Incineroar, L50, F, shiny|100/100\n|-ability|p2b: Incineroar|Intimidate|boost\n|-unboost|p1a: Cresselia|atk|1\n|-unboost|p1b: Ursaluna|atk|1\n|move|p2a: Calyrex|Protect||[still]\n|-fail|p2a: Calyrex\n|\n|-fieldend|move: Trick Room\n|-fieldend|move: Grassy Terrain\n|-status|p1b: Ursaluna|brn|[from] item: Flame Orb\n|upkeep\n|turn|6\n|inactive|EllenJoe2026 has 30 seconds left.\n|inactive|EllenJoe2026 has 20 seconds left.\n|\n|t:|1771912609\n|switch|p1a: Incineroar|Incineroar, L50, M|100/100\n|-ability|p1a: Incineroar|Intimidate|boost\n|-unboost|p2a: Calyrex|atk|1\n|-unboost|p2b: Incineroar|atk|1\n|move|p1b: Ursaluna|Protect|p1b: Ursaluna\n|-singleturn|p1b: Ursaluna|Protect\n|move|p2a: Calyrex|Nasty Plot|p2a: Calyrex\n|-boost|p2a: Calyrex|spa|2\n|move|p2b: Incineroar|Taunt|p1a: Incineroar\n|-start|p1a: Incineroar|move: Taunt\n|\n|-damage|p1b: Ursaluna|95/100 brn|[from] brn\n|upkeep\n|turn|7\n|\n|t:|1771912625\n|switch|p2b: Zamazenta|Zamazenta-Crowned, L50, shiny, tera:Dragon|82/100 brn\n|move|p2a: Calyrex|Protect|p2a: Calyrex\n|-singleturn|p2a: Calyrex|Protect\n|move|p1a: Incineroar|Knock Off|p2a: Calyrex\n|-activate|p2a: Calyrex|move: Protect\n|move|p1b: Ursaluna|Earthquake|p2b: Zamazenta|[spread] p1a,p2b\n|-activate|p2a: Calyrex|move: Protect\n|-supereffective|p1a: Incineroar\n|-damage|p1a: Incineroar|19/100\n|-damage|p2b: Zamazenta|61/100 brn\n|\n|-damage|p2b: Zamazenta|55/100 brn|[from] brn\n|-damage|p1b: Ursaluna|89/100 brn|[from] brn\n|upkeep\n|turn|8\n|inactive|u lost da game has 30 seconds left.\n|\n|t:|1771912657\n|switch|p1b: Cresselia|Cresselia, L50, F|79/100\n|move|p2a: Calyrex|Psychic|p1b: Cresselia\n|-resisted|p1b: Cresselia\n|-damage|p1b: Cresselia|50/100\n|move|p2b: Zamazenta|Body Press|p1a: Incineroar\n|-supereffective|p1a: Incineroar\n|-damage|p1a: Incineroar|0 fnt\n|faint|p1a: Incineroar\n|\n|-damage|p2b: Zamazenta|49/100 brn|[from] brn\n|upkeep\n|\n|t:|1771912661\n|switch|p1a: Ho-Oh|Ho-Oh, L50|76/100\n|turn|9\n|inactive|EllenJoe2026 has 30 seconds left.\n|\n|t:|1771912694\n|switch|p2b: Incineroar|Incineroar, L50, F, shiny|100/100\n|-ability|p2b: Incineroar|Intimidate|boost\n|-unboost|p1a: Ho-Oh|atk|1\n|-unboost|p1b: Cresselia|atk|1\n|move|p1b: Cresselia|Helping Hand|p1a: Ho-Oh\n|-singleturn|p1a: Ho-Oh|Helping Hand|[of] p1b: Cresselia\n|move|p2a: Calyrex|Psychic|p1b: Cresselia\n|-resisted|p1b: Cresselia\n|-damage|p1b: Cresselia|21/100\n|move|p1a: Ho-Oh|Sacred Fire|p2a: Calyrex\n|-damage|p2a: Calyrex|32/100\n|-status|p2a: Calyrex|brn\n|\n|-damage|p2a: Calyrex|26/100 brn|[from] brn\n|upkeep\n|turn|10\n|inactive|EllenJoe2026 has 30 seconds left.\n|\n|t:|1771912720\n|switch|p1b: Ursaluna|Ursaluna, L50, M|89/100 brn\n|move|p1a: Ho-Oh|Protect|p1a: Ho-Oh\n|-singleturn|p1a: Ho-Oh|Protect\n|move|p2b: Incineroar|Fake Out|p1a: Ho-Oh\n|-activate|p1a: Ho-Oh|move: Protect\n|move|p2a: Calyrex|Astral Barrage|p1a: Ho-Oh|[spread] \n|-activate|p1a: Ho-Oh|move: Protect\n|-immune|p1b: Ursaluna\n|\n|-damage|p2a: Calyrex|20/100 brn|[from] brn\n|-damage|p1b: Ursaluna|83/100 brn|[from] brn\n|upkeep\n|turn|11\n|inactive|EllenJoe2026 has 30 seconds left.\n|\n|t:|1771912746\n|move|p2a: Calyrex|Protect|p2a: Calyrex\n|-singleturn|p2a: Calyrex|Protect\n|move|p1b: Ursaluna|Protect|p1b: Ursaluna\n|-singleturn|p1b: Ursaluna|Protect\n|move|p1a: Ho-Oh|Brave Bird|p2a: Calyrex\n|-activate|p2a: Calyrex|move: Protect\n|move|p2b: Incineroar|Parting Shot|p1b: Ursaluna\n|-activate|p1b: Ursaluna|move: Protect\n|\n|-damage|p2a: Calyrex|14/100 brn|[from] brn\n|-damage|p1b: Ursaluna|77/100 brn|[from] brn\n|upkeep\n|turn|12\n|\n|t:|1771912764\n|switch|p1b: Cresselia|Cresselia, L50, F|21/100\n|move|p2a: Calyrex|Astral Barrage|p1a: Ho-Oh|[spread] p1a,p1b\n|-supereffective|p1b: Cresselia\n|-damage|p1a: Ho-Oh|0 fnt\n|-damage|p1b: Cresselia|0 fnt\n|faint|p1a: Ho-Oh\n|faint|p1b: Cresselia\n|-ability|p2a: Calyrex|Grim Neigh|boost\n|-boost|p2a: Calyrex|spa|2\n|move|p2b: Incineroar|Parting Shot|p1: Ho-Oh|[notarget]\n|-fail|p2b: Incineroar\n|\n|-damage|p2a: Calyrex|7/100 brn|[from] brn\n|upkeep\n|\n|t:|1771912770\n|switch|p1b: Ursaluna|Ursaluna, L50, M|77/100 brn\n|turn|13\n|\n|t:|1771912780\n|switch|p2b: Rillaboom|Rillaboom, L50, F, shiny|100/100\n|-fieldstart|move: Grassy Terrain|[from] ability: Grassy Surge|[of] p2b: Rillaboom\n|move|p1b: Ursaluna|Protect|p1b: Ursaluna\n|-singleturn|p1b: Ursaluna|Protect\n|move|p2a: Calyrex|Psychic|p1b: Ursaluna\n|-activate|p1b: Ursaluna|move: Protect\n|\n|-heal|p2a: Calyrex|14/100 brn|[from] Grassy Terrain\n|-heal|p1b: Ursaluna|83/100 brn|[from] Grassy Terrain\n|-damage|p2a: Calyrex|7/100 brn|[from] brn\n|-damage|p1b: Ursaluna|77/100 brn|[from] brn\n|upkeep\n|turn|14\n|\n|t:|1771912790\n|-terastallize|p1b: Ursaluna|Ghost\n|move|p2a: Calyrex|Psychic|p1b: Ursaluna\n|-damage|p1b: Ursaluna|0 fnt\n|faint|p1b: Ursaluna\n|\n|win|EllenJoe2026\n|raw|u lost da game's rating: 1360 &rarr; <strong>1346</strong><br />(-14 for losing)\n|raw|EllenJoe2026's rating: 1459 &rarr; <strong>1473</strong><br />(+14 for winning)\n|l|\u2606u lost da game\n|player|p1|\n|l|\u2606EllenJoe2026\n|player|p2|\n","uploadtime":1771913051,"views":13,"formatid":"gen9vgc2026regi","rating":1346,"private":0,"password":null}