{"id":"gen9vgc2026regi-2579937196","format":"[Gen 9] VGC 2026 Reg I","players":["sunny_zong4","Zori53"],"log":"|j|\u2606sunny_zong4\n|j|\u2606Zori53\n|t:|1775840256\n|gametype|doubles\n|player|p1|sunny_zong4|266|1245\n|player|p2|Zori53|266|1143\n|gen|9\n|tier|[Gen 9] VGC 2026 Reg I\n|rated|\n|rule|Species Clause: Limit one of each Pok\u00e9mon\n|rule|Item Clause: Limit 1 of each item\n|clearpoke\n|poke|p1|Miraidon, L50|\n|poke|p1|Grimmsnarl, L50, M|\n|poke|p1|Groudon, L50|\n|poke|p1|Wo-Chien, L50|\n|poke|p1|Ting-Lu, L50|\n|poke|p1|Landorus-Therian, L50, M|\n|poke|p2|Calyrex-Shadow, L50|\n|poke|p2|Terapagos, L50, M|\n|poke|p2|Weezing-Galar, L50, F|\n|poke|p2|Tornadus, L50, M|\n|poke|p2|Toedscruel, L50, M|\n|poke|p2|Farigiraf, L50, F|\n|teampreview|4\n|inactive|Battle timer is ON: inactive players will automatically lose when time's up. (requested by sunny_zong4)\n|\n|t:|1775840284\n|teamsize|p1|4\n|teamsize|p2|4\n|start\n|switch|p1a: Miraidon|Miraidon, L50|100/100\n|switch|p1b: Grimmsnarl|Grimmsnarl, L50, M|100/100\n|switch|p2a: Weezing|Weezing-Galar, L50, F|100/100\n|switch|p2b: Toedscruel|Toedscruel, L50, M|100/100\n|-ability|p2a: Weezing|Neutralizing Gas\n|turn|1\n|\n|t:|1775840309\n|move|p2b: Toedscruel|Rage Powder|p2b: Toedscruel\n|-singleturn|p2b: Toedscruel|move: Rage Powder\n|move|p1a: Miraidon|Electro Drift|p2b: Toedscruel\n|-immune|p2b: Toedscruel\n|move|p2a: Weezing|Taunt|p1b: Grimmsnarl\n|-start|p1b: Grimmsnarl|move: Taunt\n|cant|p1b: Grimmsnarl|move: Taunt|Light Screen\n|\n|upkeep\n|turn|2\n|\n|t:|1775840333\n|-terastallize|p1a: Miraidon|Fairy\n|move|p1a: Miraidon|Dazzling Gleam|p2a: Weezing|[spread] p2a,p2b\n|-resisted|p2a: Weezing\n|-damage|p2a: Weezing|75/100\n|-damage|p2b: Toedscruel|57/100\n|-damage|p1a: Miraidon|91/100|[from] item: Life Orb\n|move|p2b: Toedscruel|Spore|p1b: Grimmsnarl\n|-status|p1b: Grimmsnarl|slp|[from] move: Spore\n|move|p2a: Weezing|Dazzling Gleam|p1a: Miraidon|[spread] p1a,p1b\n|-supereffective|p1b: Grimmsnarl\n|-damage|p1a: Miraidon|77/100\n|-damage|p1b: Grimmsnarl|74/100 slp\n|cant|p1b: Grimmsnarl|slp\n|\n|upkeep\n|turn|3\n|\n|t:|1775840352\n|move|p1a: Miraidon|Dazzling Gleam|p2a: Weezing|[spread] p2a,p2b\n|-resisted|p2a: Weezing\n|-damage|p2a: Weezing|48/100\n|-damage|p2b: Toedscruel|14/100\n|-damage|p1a: Miraidon|67/100|[from] item: Life Orb\n|move|p2b: Toedscruel|Earth Power|p1a: Miraidon\n|-damage|p1a: Miraidon|40/100\n|-unboost|p1a: Miraidon|spd|1\n|move|p2a: Weezing|Sludge Bomb|p1a: Miraidon\n|-supereffective|p1a: Miraidon\n|-damage|p1a: Miraidon|0 fnt\n|faint|p1a: Miraidon\n|-curestatus|p1b: Grimmsnarl|slp|[msg]\n|move|p1b: Grimmsnarl|Foul Play|p2b: Toedscruel\n|-damage|p2b: Toedscruel|0 fnt\n|faint|p2b: Toedscruel\n|\n|-end|p1b: Grimmsnarl|move: Taunt\n|upkeep\n|\n|t:|1775840362\n|switch|p1a: Groudon|Groudon, L50|100/100\n|switch|p2b: Calyrex|Calyrex-Shadow, L50|100/100\n|-ability|p2b: Calyrex|As One\n|-ability|p2b: Calyrex|Unnerve\n|turn|4\n|\n|t:|1775840379\n|move|p2b: Calyrex|Protect|p2b: Calyrex\n|-singleturn|p2b: Calyrex|Protect\n|move|p2a: Weezing|Protect|p2a: Weezing\n|-singleturn|p2a: Weezing|Protect\n|move|p1a: Groudon|Precipice Blades|p2b: Calyrex|[spread] \n|-activate|p2a: Weezing|move: Protect\n|-activate|p2b: Calyrex|move: Protect\n|move|p1b: Grimmsnarl|Foul Play|p2b: Calyrex\n|-activate|p2b: Calyrex|move: Protect\n|\n|upkeep\n|turn|5\n|\n|t:|1775840396\n|move|p2b: Calyrex|Disable|p1a: Groudon\n|-start|p1a: Groudon|Disable|Precipice Blades\n|cant|p1a: Groudon|Disable|Precipice Blades\n|move|p2a: Weezing|Sludge Bomb|p1b: Grimmsnarl\n|-supereffective|p1b: Grimmsnarl\n|-damage|p1b: Grimmsnarl|34/100\n|move|p1b: Grimmsnarl|Light Screen|p1b: Grimmsnarl\n|-sidestart|p1: sunny_zong4|move: Light Screen\n|\n|upkeep\n|turn|6\n|\n|t:|1775840420\n|move|p2b: Calyrex|Astral Barrage|p1a: Groudon|[spread] p1a,p1b\n|-resisted|p1b: Grimmsnarl\n|-damage|p1a: Groudon|78/100\n|-damage|p1b: Grimmsnarl|21/100\n|move|p1a: Groudon|Heavy Slam|p2b: Calyrex\n|-damage|p2b: Calyrex|41/100\n|move|p2a: Weezing|Sludge Bomb|p1b: Grimmsnarl\n|-supereffective|p1b: Grimmsnarl\n|-damage|p1b: Grimmsnarl|0 fnt\n|faint|p1b: Grimmsnarl\n|\n|upkeep\n|\n|t:|1775840422\n|switch|p1b: Landorus|Landorus-Therian, L50, M|100/100\n|turn|7\n|inactive|Zori53 has 30 seconds left.\n|\n|t:|1775840451\n|move|p2b: Calyrex|Protect|p2b: Calyrex\n|-singleturn|p2b: Calyrex|Protect\n|move|p1b: Landorus|Stomping Tantrum|p2b: Calyrex\n|-activate|p2b: Calyrex|move: Protect\n|move|p1a: Groudon|Heavy Slam|p2a: Weezing\n|-supereffective|p2a: Weezing\n|-damage|p2a: Weezing|0 fnt\n|faint|p2a: Weezing\n|-end|p2a: Weezing|ability: Neutralizing Gas\n|-ability|p1b: Landorus|Intimidate|boost\n|-unboost|p2b: Calyrex|atk|1\n|-weather|SunnyDay|[from] ability: Drought|[of] p1a: Groudon\n|\n|-weather|SunnyDay|[upkeep]\n|upkeep\n|\n|t:|1775840459\n|switch|p2a: Terapagos|Terapagos, L50, M|100/100\n|-activate|p2a: Terapagos|ability: Tera Shift\n|detailschange|p2a: Terapagos|Terapagos-Terastal, L50, M\n|-heal|p2a: Terapagos|100/100|[silent]\n|turn|8\n|\n|t:|1775840477\n|move|p1b: Landorus|Stomping Tantrum|p2b: Calyrex\n|-damage|p2b: Calyrex|0 fnt\n|faint|p2b: Calyrex\n|move|p2a: Terapagos|Rock Polish|p2a: Terapagos\n|-boost|p2a: Terapagos|spe|2\n|move|p1a: Groudon|Heat Crash|p2a: Terapagos\n|-activate|p2a: Terapagos|ability: Tera Shell\n|-resisted|p2a: Terapagos\n|-damage|p2a: Terapagos|63/100\n|\n|-weather|SunnyDay|[upkeep]\n|-end|p1a: Groudon|Disable\n|upkeep\n|turn|9\n|\n|t:|1775840488\n|-terastallize|p2a: Terapagos|Stellar\n|detailschange|p2a: Terapagos|Terapagos-Stellar, L50, M, tera:Stellar\n|-heal|p2a: Terapagos|73/100|[silent]\n|-ability|p2a: Terapagos|Teraform Zero\n|-weather|none\n|move|p2a: Terapagos|Tera Starstorm|p1b: Landorus|[spread] p1a,p1b\n|-damage|p1a: Groudon|60/100\n|-damage|p1b: Landorus|66/100\n|move|p1b: Landorus|Stomping Tantrum|p2a: Terapagos\n|-damage|p2a: Terapagos|45/100\n|move|p1a: Groudon|Body Press|p2a: Terapagos\n|-supereffective|p2a: Terapagos\n|-damage|p2a: Terapagos|8/100\n|\n|upkeep\n|turn|10\n|inactive|Zori53 has 30 seconds left.\n|\n|t:|1775840513\n|move|p2a: Terapagos|Meteor Beam||[still]\n|-prepare|p2a: Terapagos|Meteor Beam\n|-boost|p2a: Terapagos|spa|1\n|-enditem|p2a: Terapagos|Power Herb\n|-anim|p2a: Terapagos|Meteor Beam|p1b: Landorus\n|-damage|p1b: Landorus|0 fnt\n|faint|p1b: Landorus\n|move|p1a: Groudon|Body Press|p2a: Terapagos\n|-supereffective|p2a: Terapagos\n|-damage|p2a: Terapagos|0 fnt\n|faint|p2a: Terapagos\n|detailschange|p2: Terapagos|Terapagos, L50, M|[silent]\n|\n|win|sunny_zong4\n|raw|sunny_zong4's rating: 1245 &rarr; <strong>1263</strong><br />(+18 for winning)\n|raw|Zori53's rating: 1143 &rarr; <strong>1125</strong><br />(-18 for losing)\n|l|\u2606sunny_zong4\n|player|p1|\n","uploadtime":1775840690,"views":10,"formatid":"gen9vgc2026regi","rating":1125,"private":0,"password":null}