{"id":"gen9vgc2026regi-2553222697","format":"[Gen 9] VGC 2026 Reg I","players":["STAR_MK","drive stone"],"log":"|j|\u2606STAR_MK\n|j|\u2606drive stone\n|t:|1772811520\n|gametype|doubles\n|player|p1|STAR_MK|swimmerf|1230\n|player|p2|drive stone|cilan|1454\n|gen|9\n|tier|[Gen 9] VGC 2026 Reg I\n|rated|\n|rule|Species Clause: Limit one of each Pok\u00e9mon\n|rule|Item Clause: Limit 1 of each item\n|clearpoke\n|poke|p1|Groudon, L50|\n|poke|p1|Miraidon, L50|\n|poke|p1|Slither Wing, L50|\n|poke|p1|Flutter Mane, L50|\n|poke|p1|Entei, L50|\n|poke|p1|Iron Jugulis, L50|\n|poke|p2|Regieleki, L50|\n|poke|p2|Calyrex-Shadow, L50|\n|poke|p2|Koraidon, L50|\n|poke|p2|Incineroar, L50, M|\n|poke|p2|Rillaboom, L50, F|\n|poke|p2|Volcarona, L50, M|\n|teampreview|4\n|inactive|Battle timer is ON: inactive players will automatically lose when time's up. (requested by STAR_MK)\n|inactive|drive stone has 60 seconds left.\n|\n|t:|1772811562\n|teamsize|p1|4\n|teamsize|p2|4\n|start\n|switch|p1a: Slither Winged GOD|Slither Wing, L50|100/100\n|switch|p1b: Iron Throat|Iron Jugulis, L50|100/100\n|switch|p2a: Koraidon|Koraidon, L50|100/100\n|switch|p2b: Regieleki|Regieleki, L50|100/100\n|-weather|SunnyDay|[from] ability: Orichalcum Pulse|[of] p2a: Koraidon\n|-activate|p1a: Slither Winged GOD|ability: Protosynthesis\n|-start|p1a: Slither Winged GOD|protosynthesisatk\n|-activate|p2a: Koraidon|Orichalcum Pulse|[source]\n|-enditem|p1b: Iron Throat|Booster Energy\n|-activate|p1b: Iron Throat|ability: Quark Drive|[fromitem]\n|-start|p1b: Iron Throat|quarkdrivespe\n|turn|1\n|inactive|drive stone has 30 seconds left.\n|\n|t:|1772811588\n|-terastallize|p1b: Iron Throat|Dark\n|-terastallize|p2a: Koraidon|Fire\n|move|p1a: Slither Winged GOD|First Impression|p2b: Regieleki\n|-enditem|p2b: Regieleki|Focus Sash\n|-damage|p2b: Regieleki|1/100\n|-damage|p1a: Slither Winged GOD|90/100|[from] item: Life Orb\n|move|p2b: Regieleki|Electroweb|p1a: Slither Winged GOD|[spread] p1a,p1b\n|-crit|p1b: Iron Throat\n|-damage|p1a: Slither Winged GOD|68/100\n|-damage|p1b: Iron Throat|66/100\n|-unboost|p1a: Slither Winged GOD|spe|1\n|-unboost|p1b: Iron Throat|spe|1\n|move|p2a: Koraidon|Flame Charge|p1a: Slither Winged GOD\n|-supereffective|p1a: Slither Winged GOD\n|-damage|p1a: Slither Winged GOD|0 fnt\n|-boost|p2a: Koraidon|spe|1\n|faint|p1a: Slither Winged GOD\n|-end|p1a: Slither Winged GOD|Protosynthesis|[silent]\n|move|p1b: Iron Throat|Tailwind|p1b: Iron Throat\n|-sidestart|p1: STAR_MK|move: Tailwind\n|\n|-weather|SunnyDay|[upkeep]\n|upkeep\n|\n|t:|1772811603\n|switch|p1a: Iron Serpent|Miraidon, L50|100/100\n|-fieldstart|move: Electric Terrain|[from] ability: Hadron Engine|[of] p1a: Iron Serpent\n|turn|2\n|\n|t:|1772811621\n|move|p2a: Koraidon|Protect|p2a: Koraidon\n|-singleturn|p2a: Koraidon|Protect\n|move|p1a: Iron Serpent|Electro Drift|p2a: Koraidon\n|-activate|p2a: Koraidon|move: Protect\n|move|p1b: Iron Throat|Snarl|p2b: Regieleki|[spread] p2b\n|-activate|p2a: Koraidon|move: Protect\n|-damage|p2b: Regieleki|0 fnt\n|faint|p2b: Regieleki\n|\n|-weather|SunnyDay|[upkeep]\n|upkeep\n|inactive|drive stone has 30 seconds left.\n|inactive|drive stone has 20 seconds left.\n|inactive|drive stone has 15 seconds left.\n|inactive|drive stone has 10 seconds left.\n|inactive|drive stone has 5 seconds left.\n|\n|t:|1772811676\n|switch|p2b: Incineroar|Incineroar, L50, M|100/100\n|-ability|p2b: Incineroar|Intimidate|boost\n|-unboost|p1a: Iron Serpent|atk|1\n|-unboost|p1b: Iron Throat|atk|1\n|turn|3\n|inactive|drive stone has 30 seconds left.\n|inactive|drive stone has 20 seconds left.\n|inactive|drive stone has 15 seconds left.\n|inactive|drive stone has 10 seconds left.\n|inactive|drive stone has 5 seconds left.\n|\n|t:|1772811731\n|move|p2b: Incineroar|Fake Out|p1b: Iron Throat\n|-damage|p1b: Iron Throat|55/100\n|move|p1a: Iron Serpent|Electro Drift|p2a: Koraidon\n|-damage|p2a: Koraidon|0 fnt\n|faint|p2a: Koraidon\n|cant|p1b: Iron Throat|flinch\n|\n|-weather|SunnyDay|[upkeep]\n|upkeep\n|\n|t:|1772811740\n|switch|p2a: Calyrex|Calyrex-Shadow, L50|100/100\n|-ability|p2a: Calyrex|As One\n|-ability|p2a: Calyrex|Unnerve\n|turn|4\n|inactive|STAR_MK has 30 seconds left.\n|inactive|STAR_MK has 20 seconds left.\n|inactive|STAR_MK has 15 seconds left.\n|inactive|STAR_MK has 10 seconds left.\n|inactive|STAR_MK has 5 seconds left.\n|\n|t:|1772811795\n|move|p2a: Calyrex|Protect|p2a: Calyrex\n|-singleturn|p2a: Calyrex|Protect\n|move|p1a: Iron Serpent|Electro Drift|p2a: Calyrex\n|-activate|p2a: Calyrex|move: Protect\n|move|p1b: Iron Throat|Tailwind||[still]\n|-fail|p1b: Iron Throat\n|move|p2b: Incineroar|Knock Off|p1a: Iron Serpent\n|-damage|p1a: Iron Serpent|65/100\n|-enditem|p1a: Iron Serpent|Choice Specs|[from] move: Knock Off|[of] p2b: Incineroar\n|\n|-weather|SunnyDay|[upkeep]\n|-sideend|p1: STAR_MK|move: Tailwind\n|upkeep\n|turn|5\n|\n|t:|1772811814\n|move|p2a: Calyrex|Astral Barrage|p1b: Iron Throat|[spread] p1a,p1b\n|-resisted|p1b: Iron Throat\n|-damage|p1a: Iron Serpent|0 fnt\n|-damage|p1b: Iron Throat|22/100\n|faint|p1a: Iron Serpent\n|-ability|p2a: Calyrex|Grim Neigh|boost\n|-boost|p2a: Calyrex|spa|1\n|-damage|p2a: Calyrex|91/100|[from] item: Life Orb\n|move|p1b: Iron Throat|Snarl|p2b: Incineroar|[spread] p2a,p2b\n|-supereffective|p2a: Calyrex\n|-resisted|p2b: Incineroar\n|-damage|p2a: Calyrex|2/100\n|-damage|p2b: Incineroar|89/100\n|-unboost|p2a: Calyrex|spa|1\n|-unboost|p2b: Incineroar|spa|1\n|move|p2b: Incineroar|Knock Off|p1b: Iron Throat\n|-resisted|p1b: Iron Throat\n|-damage|p1b: Iron Throat|9/100\n|\n|-weather|none\n|upkeep\n|\n|t:|1772811825\n|switch|p1a: Groud on dis|Groudon, L50|100/100\n|-weather|SunnyDay|[from] ability: Drought|[of] p1a: Groud on dis\n|turn|6\n|\n|t:|1772811844\n|move|p2a: Calyrex|Astral Barrage|p1a: Groud on dis|[spread] p1a,p1b\n|-resisted|p1b: Iron Throat\n|-damage|p1a: Groud on dis|64/100\n|-damage|p1b: Iron Throat|0 fnt\n|faint|p1b: Iron Throat\n|-end|p1b: Iron Throat|Quark Drive|[silent]\n|-ability|p2a: Calyrex|Grim Neigh|boost\n|-boost|p2a: Calyrex|spa|1\n|-damage|p2a: Calyrex|0 fnt|[from] item: Life Orb\n|faint|p2a: Calyrex\n|move|p1a: Groud on dis|Precipice Blades|p2b: Incineroar|[miss]\n|-miss|p1a: Groud on dis|p2b: Incineroar\n|move|p2b: Incineroar|Knock Off|p1a: Groud on dis\n|-damage|p1a: Groud on dis|39/100\n|-enditem|p1a: Groud on dis|Assault Vest|[from] move: Knock Off|[of] p2b: Incineroar\n|\n|-weather|SunnyDay|[upkeep]\n|-fieldend|move: Electric Terrain\n|upkeep\n|turn|7\n|\n|t:|1772811864\n|move|p1a: Groud on dis|Precipice Blades|p2b: Incineroar\n|-supereffective|p2b: Incineroar\n|-damage|p2b: Incineroar|0 fnt\n|faint|p2b: Incineroar\n|\n|win|STAR_MK\n|raw|STAR_MK's rating: 1230 &rarr; <strong>1269</strong><br />(+39 for winning)\n|raw|drive stone's rating: 1454 &rarr; <strong>1423</strong><br />(-31 for losing)\n|l|\u2606drive stone\n|player|p2|\n|l|\u2606STAR_MK\n|player|p1|\n","uploadtime":1772812034,"views":14,"formatid":"gen9vgc2026regi","rating":1269,"private":0,"password":null}