{"id":"gen9vgc2026regi-2560104753","format":"[Gen 9] VGC 2026 Reg I","players":["chamu Rhye","jonen"],"log":"|j|\u2606chamu Rhye\n|j|\u2606jonen\n|t:|1773652527\n|gametype|doubles\n|player|p1|chamu Rhye|veteran|1072\n|player|p2|jonen|medium|1112\n|gen|9\n|tier|[Gen 9] VGC 2026 Reg I\n|rated|\n|rule|Species Clause: Limit one of each Pok\u00e9mon\n|rule|Item Clause: Limit 1 of each item\n|clearpoke\n|poke|p1|Incineroar, L50, M|\n|poke|p1|Whimsicott, L50, F|\n|poke|p1|Rillaboom, L50, M|\n|poke|p1|Sneasler, L50, M|\n|poke|p1|Walking Wake, L50|\n|poke|p1|Koraidon, L50|\n|poke|p2|Tornadus, L50, M|\n|poke|p2|Kyogre, L50|\n|poke|p2|Miraidon, L50|\n|poke|p2|Iron Hands, L50|\n|poke|p2|Tsareena, L50, F|\n|poke|p2|Urshifu-*, L50, F|\n|teampreview|4\n|inactive|Battle timer is ON: inactive players will automatically lose when time's up. (requested by chamu Rhye)\n|inactive|jonen has 60 seconds left.\n|\n|t:|1773652565\n|teamsize|p1|4\n|teamsize|p2|4\n|start\n|switch|p1a: Whimsicott|Whimsicott, L50, F|100/100\n|switch|p1b: Incineroar|Incineroar, L50, M|100/100\n|switch|p2a: Tornadus|Tornadus, L50, M|100/100\n|switch|p2b: Kyogre|Kyogre, L50|100/100\n|-weather|RainDance|[from] ability: Drizzle|[of] p2b: Kyogre\n|-ability|p1b: Incineroar|Intimidate|boost\n|-unboost|p2a: Tornadus|atk|1\n|-unboost|p2b: Kyogre|atk|1\n|turn|1\n|\n|t:|1773652586\n|switch|p2a: Tsareena|Tsareena, L50, F, shiny|100/100\n|move|p1b: Incineroar|Fake Out||[still]\n|cant|p2a: Tsareena|ability: Queenly Majesty|Fake Out|[of] p1b: Incineroar\n|move|p1a: Whimsicott|Tailwind|p1a: Whimsicott\n|-sidestart|p1: chamu Rhye|move: Tailwind\n|move|p2b: Kyogre|Water Spout|p1b: Incineroar|[spread] p1a,p1b\n|-resisted|p1a: Whimsicott\n|-supereffective|p1b: Incineroar\n|-damage|p1a: Whimsicott|9/100\n|-damage|p1b: Incineroar|0 fnt\n|faint|p1b: Incineroar\n|\n|-weather|RainDance|[upkeep]\n|upkeep\n|\n|t:|1773652603\n|switch|p1b: Rillaboom|Rillaboom, L50, M|100/100\n|-fieldstart|move: Grassy Terrain|[from] ability: Grassy Surge|[of] p1b: Rillaboom\n|turn|2\n|\n|t:|1773652616\n|switch|p2b: Tornadus|Tornadus, L50, M|100/100\n|move|p1a: Whimsicott|Sunny Day|p1a: Whimsicott\n|-weather|SunnyDay\n|move|p1b: Rillaboom|U-turn|p2a: Tsareena\n|-supereffective|p2a: Tsareena\n|-damage|p2a: Tsareena|35/100\n|\n|t:|1773652622\n|switch|p1b: Sneasler|Sneasler, L50, M|100/100|[from] U-turn\n|-enditem|p1b: Sneasler|Grassy Seed\n|-boost|p1b: Sneasler|def|1|[from] item: Grassy Seed\n|move|p2a: Tsareena|Triple Axel|p1b: Sneasler\n|-damage|p1b: Sneasler|91/100\n|-damage|p1b: Sneasler|75/100\n|-damage|p1b: Sneasler|51/100\n|-hitcount|p1b: Sneasler|3\n|\n|-weather|SunnyDay|[upkeep]\n|-heal|p1b: Sneasler|57/100|[from] Grassy Terrain\n|-heal|p1a: Whimsicott|15/100|[from] Grassy Terrain\n|-heal|p2a: Tsareena|41/100|[from] Grassy Terrain\n|upkeep\n|turn|3\n|\n|t:|1773652645\n|move|p2b: Tornadus|Tailwind|p2b: Tornadus\n|-sidestart|p2: jonen|move: Tailwind\n|move|p1b: Sneasler|Dire Claw|p2a: Tsareena\n|-supereffective|p2a: Tsareena\n|-damage|p2a: Tsareena|0 fnt\n|faint|p2a: Tsareena\n|move|p1a: Whimsicott|Moonblast|p2b: Tornadus\n|-damage|p2b: Tornadus|53/100\n|\n|-weather|SunnyDay|[upkeep]\n|-heal|p1b: Sneasler|63/100|[from] Grassy Terrain\n|-heal|p1a: Whimsicott|21/100|[from] Grassy Terrain\n|upkeep\n|\n|t:|1773652653\n|switch|p2a: Miraidon|Miraidon, L50|100/100\n|-fieldstart|move: Electric Terrain|[from] ability: Hadron Engine|[of] p2a: Miraidon\n|turn|4\n|\n|t:|1773652667\n|move|p1a: Whimsicott|Encore|p2b: Tornadus\n|-start|p2b: Tornadus|Encore\n|move|p1b: Sneasler|Dire Claw|p2a: Miraidon\n|-damage|p2a: Miraidon|52/100\n|move|p2a: Miraidon|Volt Switch|p1a: Whimsicott\n|-resisted|p1a: Whimsicott\n|-damage|p1a: Whimsicott|0 fnt\n|faint|p1a: Whimsicott\n|\n|t:|1773652674\n|switch|p2a: Kyogre|Kyogre, L50|100/100|[from] Volt Switch\n|-weather|RainDance|[from] ability: Drizzle|[of] p2a: Kyogre\n|move|p2b: Tornadus|Tailwind||[still]\n|-fail|p2b: Tornadus\n|\n|-weather|RainDance|[upkeep]\n|-sideend|p1: chamu Rhye|move: Tailwind\n|upkeep\n|\n|t:|1773652685\n|switch|p1a: Rillaboom|Rillaboom, L50, M|100/100\n|-fieldstart|move: Grassy Terrain|[from] ability: Grassy Surge|[of] p1a: Rillaboom\n|turn|5\n|\n|t:|1773652694\n|switch|p2b: Miraidon|Miraidon, L50|52/100\n|-fieldstart|move: Electric Terrain|[from] ability: Hadron Engine|[of] p2b: Miraidon\n|move|p2a: Kyogre|Protect|p2a: Kyogre\n|-singleturn|p2a: Kyogre|Protect\n|move|p1b: Sneasler|Dire Claw|p2a: Kyogre\n|-activate|p2a: Kyogre|move: Protect\n|move|p1a: Rillaboom|Grassy Glide|p2a: Kyogre\n|-activate|p2a: Kyogre|move: Protect\n|\n|-weather|RainDance|[upkeep]\n|upkeep\n|turn|6\n|\n|t:|1773652713\n|move|p2b: Miraidon|Draco Meteor|p1a: Rillaboom\n|-crit|p1a: Rillaboom\n|-damage|p1a: Rillaboom|0 fnt\n|-unboost|p2b: Miraidon|spa|2\n|faint|p1a: Rillaboom\n|move|p1b: Sneasler|Dire Claw|p2b: Miraidon\n|-damage|p2b: Miraidon|6/100\n|move|p2a: Kyogre|Water Spout|p1b: Sneasler\n|-damage|p1b: Sneasler|0 fnt\n|faint|p1b: Sneasler\n|\n|win|jonen\n|raw|chamu Rhye's rating: 1072 &rarr; <strong>1054</strong><br />(-18 for losing)\n|raw|jonen's rating: 1112 &rarr; <strong>1134</strong><br />(+22 for winning)\n|l|\u2606jonen\n|player|p2|\n|l|\u2606chamu Rhye\n|player|p1|\n","uploadtime":1773652713,"views":10,"formatid":"gen9vgc2026regi","rating":1054,"private":0,"password":null}