{"id":"gen9vgc2026regi-2560297335","format":"[Gen 9] VGC 2026 Reg I","players":["jonen","tyfuerwgerg"],"log":"|j|\u2606jonen\n|j|\u2606tyfuerwgerg\n|t:|1773674966\n|gametype|doubles\n|player|p1|jonen|medium|1165\n|player|p2|tyfuerwgerg|265|1111\n|gen|9\n|tier|[Gen 9] VGC 2026 Reg I\n|rated|\n|rule|Species Clause: Limit one of each Pok\u00e9mon\n|rule|Item Clause: Limit 1 of each item\n|clearpoke\n|poke|p1|Sneasler, L50, F|\n|poke|p1|Ditto, L50|\n|poke|p1|Calyrex-Ice, L50|\n|poke|p1|Miraidon, L50|\n|poke|p1|Urshifu-*, L50, F|\n|poke|p1|Incineroar, L50, F|\n|poke|p2|Kyogre, L50|\n|poke|p2|Whimsicott, L50, F|\n|poke|p2|Farigiraf, L50, M|\n|poke|p2|Weezing-Galar, L50, M|\n|poke|p2|Archaludon, L50, M|\n|poke|p2|Raichu, L50, F|\n|teampreview|4\n|inactive|Battle timer is ON: inactive players will automatically lose when time's up. (requested by tyfuerwgerg)\n|inactive|tyfuerwgerg has 60 seconds left.\n|\n|t:|1773675022\n|teamsize|p1|4\n|teamsize|p2|4\n|start\n|switch|p1a: Calyrex|Calyrex-Ice, L50|100/100\n|switch|p1b: Incineroar|Incineroar, L50, F|100/100\n|switch|p2a: Whimsicott|Whimsicott, L50, F|100/100\n|switch|p2b: Kyogre|Kyogre, L50|100/100\n|-ability|p1a: Calyrex|As One\n|-ability|p1a: Calyrex|Unnerve\n|-weather|RainDance|[from] ability: Drizzle|[of] p2b: Kyogre\n|-ability|p1b: Incineroar|Intimidate|boost\n|-unboost|p2a: Whimsicott|atk|1\n|-unboost|p2b: Kyogre|atk|1\n|turn|1\n|\n|t:|1773675038\n|-terastallize|p2b: Kyogre|Water\n|move|p1b: Incineroar|Fake Out|p2b: Kyogre\n|-damage|p2b: Kyogre|89/100\n|move|p2a: Whimsicott|Taunt|p1a: Calyrex\n|-start|p1a: Calyrex|move: Taunt\n|cant|p2b: Kyogre|flinch\n|cant|p1a: Calyrex|move: Taunt|Trick Room\n|\n|-weather|RainDance|[upkeep]\n|upkeep\n|turn|2\n|\n|t:|1773675064\n|switch|p1b: Miraidon|Miraidon, L50|100/100\n|-fieldstart|move: Electric Terrain|[from] ability: Hadron Engine|[of] p1b: Miraidon\n|-terastallize|p1a: Calyrex|Water\n|move|p2a: Whimsicott|Encore||[still]\n|-fail|p2a: Whimsicott\n|move|p2b: Kyogre|Water Spout|p1b: Miraidon|[spread] p1a,p1b\n|-resisted|p1a: Calyrex\n|-resisted|p1b: Miraidon\n|-damage|p1a: Calyrex|61/100\n|-damage|p1b: Miraidon|50/100\n|move|p1a: Calyrex|Glacial Lance|p2b: Kyogre|[spread] p2a,p2b\n|-supereffective|p2a: Whimsicott\n|-resisted|p2b: Kyogre\n|-damage|p2a: Whimsicott|0 fnt\n|-damage|p2b: Kyogre|60/100\n|faint|p2a: Whimsicott\n|-ability|p1a: Calyrex|Chilling Neigh|boost\n|-boost|p1a: Calyrex|atk|1\n|\n|-weather|RainDance|[upkeep]\n|upkeep\n|\n|t:|1773675087\n|switch|p2a: Raichu|Raichu, L50, F|100/100\n|turn|3\n|\n|t:|1773675102\n|move|p2b: Kyogre|Water Spout|p1b: Miraidon|[spread] p1a,p1b\n|-resisted|p1a: Calyrex\n|-crit|p1a: Calyrex\n|-resisted|p1b: Miraidon\n|-damage|p1a: Calyrex|27/100\n|-damage|p1b: Miraidon|18/100\n|move|p1b: Miraidon|Volt Switch|p2a: Raichu\n|-activate|p2a: Raichu|ability: Lightning Rod\n|-ability|p2a: Raichu|Lightning Rod|boost\n|-boost|p2a: Raichu|spa|1\n|move|p2a: Raichu|Thunder|p1a: Calyrex\n|-supereffective|p1a: Calyrex\n|-damage|p1a: Calyrex|0 fnt\n|faint|p1a: Calyrex\n|\n|-weather|RainDance|[upkeep]\n|upkeep\n|\n|t:|1773675124\n|switch|p1a: Incineroar|Incineroar, L50, F|100/100\n|-ability|p1a: Incineroar|Intimidate|boost\n|-unboost|p2a: Raichu|atk|1\n|-unboost|p2b: Kyogre|atk|1\n|turn|4\n|\n|t:|1773675136\n|switch|p2b: Archaludon|Archaludon, L50, M|100/100\n|move|p1a: Incineroar|Fake Out|p2b: Archaludon\n|-resisted|p2b: Archaludon\n|-crit|p2b: Archaludon\n|-damage|p2b: Archaludon|93/100\n|-ability|p2b: Archaludon|Stamina|boost\n|-boost|p2b: Archaludon|def|1\n|move|p1b: Miraidon|Draco Meteor|p2b: Archaludon\n|-damage|p2b: Archaludon|0 fnt\n|-unboost|p1b: Miraidon|spa|2\n|faint|p2b: Archaludon\n|-damage|p1b: Miraidon|8/100|[from] item: Life Orb\n|move|p2a: Raichu|Electroweb|p1a: Incineroar|[spread] p1a,p1b\n|-resisted|p1b: Miraidon\n|-damage|p1a: Incineroar|83/100\n|-damage|p1b: Miraidon|0 fnt\n|-unboost|p1a: Incineroar|spe|1\n|faint|p1b: Miraidon\n|\n|-weather|RainDance|[upkeep]\n|upkeep\n|\n|t:|1773675153\n|switch|p1b: Urshifu|Urshifu-Rapid-Strike, L50, F|100/100\n|switch|p2b: Kyogre|Kyogre, L50, tera:Water|60/100\n|turn|5\n|\n|t:|1773675178\n|move|p2b: Kyogre|Water Spout|p1b: Urshifu|[spread] p1a,p1b\n|-supereffective|p1a: Incineroar\n|-resisted|p1b: Urshifu\n|-crit|p1b: Urshifu\n|-damage|p1a: Incineroar|0 fnt\n|-damage|p1b: Urshifu|20/100\n|faint|p1a: Incineroar\n|move|p2a: Raichu|Thunder|p1b: Urshifu\n|-supereffective|p1b: Urshifu\n|-damage|p1b: Urshifu|0 fnt\n|faint|p1b: Urshifu\n|\n|win|tyfuerwgerg\n|raw|jonen's rating: 1165 &rarr; <strong>1136</strong><br />(-29 for losing)\n|raw|tyfuerwgerg's rating: 1111 &rarr; <strong>1140</strong><br />(+29 for winning)\n","uploadtime":1773675178,"views":11,"formatid":"gen9vgc2026regi","rating":1136,"private":0,"password":null}