{"id":"gen9vgc2026regi-2553567720","format":"[Gen 9] VGC 2026 Reg I","players":["anegasak","eye-zitt"],"log":"|j|\u2606anegasak\n|j|\u2606eye-zitt\n|t:|1772845310\n|gametype|doubles\n|player|p1|anegasak|169|1366\n|player|p2|eye-zitt|hilbert|1375\n|gen|9\n|tier|[Gen 9] VGC 2026 Reg I\n|rated|\n|rule|Species Clause: Limit one of each Pok\u00e9mon\n|rule|Item Clause: Limit 1 of each item\n|clearpoke\n|poke|p1|Kyogre, L50|\n|poke|p1|Lunala, L50|\n|poke|p1|Tornadus, L50, M|\n|poke|p1|Incineroar, L50, F|\n|poke|p1|Rillaboom, L50, M|\n|poke|p1|Smeargle, L50, F|\n|poke|p2|Terapagos, L50, M|\n|poke|p2|Calyrex-Shadow, L50|\n|poke|p2|Rillaboom, L50, M|\n|poke|p2|Incineroar, L50, M|\n|poke|p2|Amoonguss, L50, F|\n|poke|p2|Ogerpon-Cornerstone, L50, F|\n|teampreview|4\n|inactive|Battle timer is ON: inactive players will automatically lose when time's up. (requested by eye-zitt)\n|inactive|anegasak has 60 seconds left.\n|\n|t:|1772845351\n|teamsize|p1|4\n|teamsize|p2|4\n|start\n|switch|p1a: Tornadus|Tornadus, L50, M|100/100\n|switch|p1b: Smeargle|Smeargle, L50, F|100/100\n|switch|p2a: Terapagos|Terapagos, L50, M|100/100\n|switch|p2b: Amoonguss|Amoonguss, L50, F|100/100\n|-activate|p2a: Terapagos|ability: Tera Shift\n|detailschange|p2a: Terapagos|Terapagos-Terastal, L50, M\n|-heal|p2a: Terapagos|100/100|[silent]\n|turn|1\n|\n|t:|1772845370\n|move|p2b: Amoonguss|Protect|p2b: Amoonguss\n|-singleturn|p2b: Amoonguss|Protect\n|move|p1a: Tornadus|Taunt|p2b: Amoonguss\n|-activate|p2b: Amoonguss|move: Protect\n|move|p1b: Smeargle|Ruination|p2a: Terapagos\n|-damage|p2a: Terapagos|50/100\n|move|p2a: Terapagos|Calm Mind|p2a: Terapagos\n|-boost|p2a: Terapagos|spa|1\n|-boost|p2a: Terapagos|spd|1\n|\n|-heal|p2a: Terapagos|57/100|[from] item: Leftovers\n|-ability|p1b: Smeargle|Moody|boost\n|-boost|p1b: Smeargle|spd|2\n|-unboost|p1b: Smeargle|atk|1\n|upkeep\n|turn|2\n|\n|t:|1772845393\n|move|p2a: Terapagos|Protect|p2a: Terapagos\n|-singleturn|p2a: Terapagos|Protect\n|move|p1a: Tornadus|Taunt|p2b: Amoonguss\n|-start|p2b: Amoonguss|move: Taunt\n|move|p1b: Smeargle|Ruination|p2a: Terapagos\n|-activate|p2a: Terapagos|move: Protect\n|cant|p2b: Amoonguss|move: Taunt|Spore\n|\n|-heal|p2a: Terapagos|63/100|[from] item: Leftovers\n|-ability|p1b: Smeargle|Moody|boost\n|-boost|p1b: Smeargle|atk|2\n|-unboost|p1b: Smeargle|spa|1\n|upkeep\n|turn|3\n|\n|t:|1772845417\n|-terastallize|p2a: Terapagos|Stellar\n|detailschange|p2a: Terapagos|Terapagos-Stellar, L50, M, tera:Stellar\n|-heal|p2a: Terapagos|72/100|[silent]\n|move|p1a: Tornadus|Bleakwind Storm|p2b: Amoonguss|[spread] p2a,p2b\n|-supereffective|p2b: Amoonguss\n|-damage|p2a: Terapagos|51/100\n|-damage|p2b: Amoonguss|1/100\n|-unboost|p2b: Amoonguss|spe|1\n|move|p1b: Smeargle|Spore|p2a: Terapagos\n|-status|p2a: Terapagos|slp|[from] move: Spore\n|cant|p2a: Terapagos|slp\n|move|p2b: Amoonguss|Pollen Puff|p1b: Smeargle\n|-crit|p1b: Smeargle\n|-damage|p1b: Smeargle|29/100\n|\n|-heal|p2a: Terapagos|57/100 slp|[from] item: Leftovers\n|-ability|p1b: Smeargle|Moody|boost\n|-boost|p1b: Smeargle|def|2\n|-unboost|p1b: Smeargle|spd|1\n|upkeep\n|turn|4\n|inactive|anegasak has 30 seconds left.\n|inactive|anegasak has 20 seconds left.\n|\n|t:|1772845455\n|switch|p2b: Rillaboom|Rillaboom, L50, M|100/100\n|-fieldstart|move: Grassy Terrain|[from] ability: Grassy Surge|[of] p2b: Rillaboom\n|move|p1a: Tornadus|Bleakwind Storm|p2a: Terapagos|[spread] p2a,p2b\n|-supereffective|p2b: Rillaboom\n|-damage|p2a: Terapagos|37/100 slp\n|-damage|p2b: Rillaboom|44/100\n|move|p1b: Smeargle|Spore|p2b: Rillaboom\n|-immune|p2b: Rillaboom\n|-curestatus|p2a: Terapagos|slp|[msg]\n|move|p2a: Terapagos|Tera Starstorm|p1a: Tornadus|[spread] p1a,p1b\n|-damage|p1a: Tornadus|11/100\n|-damage|p1b: Smeargle|0 fnt\n|faint|p1b: Smeargle\n|\n|-heal|p2a: Terapagos|44/100|[from] Grassy Terrain\n|-heal|p2a: Terapagos|50/100|[from] item: Leftovers\n|-heal|p2b: Rillaboom|50/100|[from] Grassy Terrain\n|upkeep\n|\n|t:|1772845477\n|switch|p1b: Lunala|Lunala, L50|100/100\n|turn|5\n|\n|t:|1772845498\n|move|p1a: Tornadus|Protect|p1a: Tornadus\n|-singleturn|p1a: Tornadus|Protect\n|move|p2a: Terapagos|Protect|p2a: Terapagos\n|-singleturn|p2a: Terapagos|Protect\n|move|p2b: Rillaboom|Fake Out|p1a: Tornadus\n|-activate|p1a: Tornadus|move: Protect\n|move|p1b: Lunala|Meteor Beam||[still]\n|-prepare|p1b: Lunala|Meteor Beam\n|-boost|p1b: Lunala|spa|1\n|-enditem|p1b: Lunala|Power Herb\n|-anim|p1b: Lunala|Meteor Beam|p2b: Rillaboom\n|-damage|p2b: Rillaboom|9/100\n|\n|-heal|p2a: Terapagos|56/100|[from] Grassy Terrain\n|-heal|p2a: Terapagos|62/100|[from] item: Leftovers\n|-heal|p2b: Rillaboom|15/100|[from] Grassy Terrain\n|upkeep\n|turn|6\n|inactive|anegasak has 30 seconds left.\n|\n|t:|1772845533\n|move|p1a: Tornadus|Tailwind|p1a: Tornadus\n|-sidestart|p1: anegasak|move: Tailwind\n|move|p2b: Rillaboom|Grassy Glide|p1a: Tornadus\n|-resisted|p1a: Tornadus\n|-damage|p1a: Tornadus|0 fnt\n|faint|p1a: Tornadus\n|move|p1b: Lunala|Moongeist Beam|p2b: Rillaboom\n|-damage|p2b: Rillaboom|0 fnt\n|faint|p2b: Rillaboom\n|move|p2a: Terapagos|Calm Mind|p2a: Terapagos\n|-boost|p2a: Terapagos|spa|1\n|-boost|p2a: Terapagos|spd|1\n|\n|-heal|p2a: Terapagos|69/100|[from] Grassy Terrain\n|-heal|p2a: Terapagos|75/100|[from] item: Leftovers\n|upkeep\n|\n|t:|1772845550\n|switch|p1a: Kyogre|Kyogre, L50|100/100\n|switch|p2b: Amoonguss|Amoonguss, L50, F|34/100\n|-weather|RainDance|[from] ability: Drizzle|[of] p1a: Kyogre\n|turn|7\n|\n|t:|1772845579\n|move|p2a: Terapagos|Protect|p2a: Terapagos\n|-singleturn|p2a: Terapagos|Protect\n|move|p2b: Amoonguss|Protect|p2b: Amoonguss\n|-singleturn|p2b: Amoonguss|Protect\n|move|p1b: Lunala|Meteor Beam||[still]\n|-prepare|p1b: Lunala|Meteor Beam\n|-boost|p1b: Lunala|spa|1\n|move|p1a: Kyogre|Ice Beam|p2b: Amoonguss\n|-activate|p2b: Amoonguss|move: Protect\n|\n|-weather|RainDance|[upkeep]\n|-heal|p2a: Terapagos|81/100|[from] Grassy Terrain\n|-heal|p2a: Terapagos|87/100|[from] item: Leftovers\n|-heal|p2b: Amoonguss|40/100|[from] Grassy Terrain\n|upkeep\n|turn|8\n|inactive|eye-zitt has 30 seconds left.\n|\n|t:|1772845604\n|move|p1b: Lunala|Meteor Beam|p2a: Terapagos|[from] lockedmove\n|-damage|p2a: Terapagos|57/100\n|move|p1a: Kyogre|Ice Beam|p2b: Amoonguss\n|-supereffective|p2b: Amoonguss\n|-damage|p2b: Amoonguss|0 fnt\n|faint|p2b: Amoonguss\n|move|p2a: Terapagos|Tera Starstorm|p1a: Kyogre|[spread] p1a,p1b\n|-damage|p1a: Kyogre|56/100\n|-damage|p1b: Lunala|68/100\n|\n|-weather|RainDance|[upkeep]\n|-heal|p1b: Lunala|74/100|[from] Grassy Terrain\n|-heal|p1a: Kyogre|63/100|[from] Grassy Terrain\n|-heal|p2a: Terapagos|64/100|[from] Grassy Terrain\n|-heal|p2a: Terapagos|70/100|[from] item: Leftovers\n|-fieldend|move: Grassy Terrain\n|upkeep\n|\n|t:|1772845617\n|switch|p2b: Calyrex|Calyrex-Shadow, L50|100/100\n|-ability|p2b: Calyrex|As One\n|-ability|p2b: Calyrex|Unnerve\n|turn|9\n|-message|anegasak forfeited.\n|\n|win|eye-zitt\n|raw|anegasak's rating: 1366 &rarr; <strong>1347</strong><br />(-19 for losing)\n|raw|eye-zitt's rating: 1375 &rarr; <strong>1394</strong><br />(+19 for winning)\n|l|\u2606anegasak\n|player|p1|\n","uploadtime":1772845633,"views":15,"formatid":"gen9vgc2026regi","rating":1347,"private":0,"password":null}