{"id":"gen9vgc2026regi-2531794334","format":"[Gen 9] VGC 2026 Reg I","players":["yamato-tak","we all hate ursf"],"log":"|j|\u2606yamato-tak\n|j|\u2606we all hate ursf\n|t:|1770099812\n|gametype|doubles\n|player|p1|yamato-tak|170|1548\n|player|p2|we all hate ursf|shadowtriad|1479\n|gen|9\n|tier|[Gen 9] VGC 2026 Reg I\n|rated|\n|rule|Species Clause: Limit one of each Pok\u00e9mon\n|rule|Item Clause: Limit 1 of each item\n|clearpoke\n|poke|p1|Miraidon, L50|\n|poke|p1|Groudon, L50|\n|poke|p1|Volcarona, L50, F|\n|poke|p1|Walking Wake, L50|\n|poke|p1|Wo-Chien, L50|\n|poke|p1|Grimmsnarl, L50, M|\n|poke|p2|Miraidon, L50|\n|poke|p2|Lunala, L50|\n|poke|p2|Ursaluna, L50, F|\n|poke|p2|Whimsicott, L50, M|\n|poke|p2|Urshifu-*, L50, M|\n|poke|p2|Incineroar, L50, M|\n|teampreview|4\n|inactive|Battle timer is ON: inactive players will automatically lose when time's up. (requested by yamato-tak)\n|inactive|we all hate ursf also wants the timer to be on.\n|\n|t:|1770099833\n|teamsize|p1|4\n|teamsize|p2|4\n|start\n|switch|p1a: Grimmsnarl|Grimmsnarl, L50, M, shiny|100/100\n|switch|p1b: Miraidon|Miraidon, L50, shiny|100/100\n|switch|p2a: Miraidon|Miraidon, L50|100/100\n|switch|p2b: Whimsicott|Whimsicott, L50, M|100/100\n|-fieldstart|move: Electric Terrain|[from] ability: Hadron Engine|[of] p1b: Miraidon\n|-activate|p2a: Miraidon|ability: Hadron Engine\n|turn|1\n|\n|t:|1770099852\n|switch|p1b: Wo-Chien|Wo-Chien, L50|100/100\n|-ability|p1b: Wo-Chien|Tablets of Ruin\n|-terastallize|p2a: Miraidon|Fairy\n|move|p2b: Whimsicott|Tailwind|p2b: Whimsicott\n|-sidestart|p2: we all hate ursf|move: Tailwind\n|move|p1a: Grimmsnarl|Light Screen|p1a: Grimmsnarl\n|-sidestart|p1: yamato-tak|move: Light Screen\n|move|p2a: Miraidon|Dazzling Gleam|p1a: Grimmsnarl|[spread] p1a,p1b\n|-supereffective|p1a: Grimmsnarl\n|-supereffective|p1b: Wo-Chien\n|-damage|p1a: Grimmsnarl|19/100\n|-damage|p1b: Wo-Chien|36/100\n|-enditem|p1b: Wo-Chien|Sitrus Berry|[eat]\n|-heal|p1b: Wo-Chien|61/100|[from] item: Sitrus Berry\n|\n|upkeep\n|turn|2\n|j| qwerikda\n|l| qwerikda\n|inactive|we all hate ursf has 30 seconds left.\n|\n|t:|1770099879\n|move|p1a: Grimmsnarl|Reflect|p1a: Grimmsnarl\n|-sidestart|p1: yamato-tak|Reflect\n|move|p2b: Whimsicott|Moonblast|p1b: Wo-Chien\n|-supereffective|p1b: Wo-Chien\n|-damage|p1b: Wo-Chien|34/100\n|move|p2a: Miraidon|Dazzling Gleam|p1b: Wo-Chien|[spread] p1a,p1b\n|-supereffective|p1a: Grimmsnarl\n|-supereffective|p1b: Wo-Chien\n|-damage|p1a: Grimmsnarl|0 fnt\n|-damage|p1b: Wo-Chien|0 fnt\n|faint|p1a: Grimmsnarl\n|faint|p1b: Wo-Chien\n|\n|upkeep\n|\n|t:|1770099882\n|switch|p1b: Groudon|Groudon, L50, shiny|100/100\n|switch|p1a: Miraidon|Miraidon, L50, shiny|100/100\n|-activate|p1a: Miraidon|ability: Hadron Engine\n|-weather|SunnyDay|[from] ability: Drought|[of] p1b: Groudon\n|turn|3\n|inactive|yamato-tak has 30 seconds left.\n|inactive|we all hate ursf has 30 seconds left.\n|inactive|we all hate ursf has 20 seconds left.\n|inactive|we all hate ursf has 15 seconds left.\n|inactive|we all hate ursf has 10 seconds left.\n|\n|t:|1770099932\n|-terastallize|p1a: Miraidon|Electric\n|move|p2b: Whimsicott|Moonblast|p1a: Miraidon\n|-damage|p1a: Miraidon|86/100\n|move|p2a: Miraidon|Dazzling Gleam|p1b: Groudon|[spread] p1a,p1b\n|-damage|p1a: Miraidon|51/100\n|-damage|p1b: Groudon|62/100\n|move|p1a: Miraidon|Calm Mind|p1a: Miraidon\n|-boost|p1a: Miraidon|spa|1\n|-boost|p1a: Miraidon|spd|1\n|move|p1b: Groudon|Heat Crash|p2b: Whimsicott\n|-supereffective|p2b: Whimsicott\n|-damage|p2b: Whimsicott|0 fnt\n|faint|p2b: Whimsicott\n|\n|-weather|SunnyDay|[upkeep]\n|upkeep\n|\n|t:|1770099943\n|switch|p2b: Lunala|Lunala, L50|100/100\n|-enditem|p2b: Lunala|Electric Seed\n|-boost|p2b: Lunala|def|1|[from] item: Electric Seed\n|turn|4\n|\n|t:|1770099961\n|move|p2a: Miraidon|Dazzling Gleam|p1a: Miraidon|[spread] p1a,p1b\n|-damage|p1a: Miraidon|28/100\n|-damage|p1b: Groudon|25/100\n|move|p1a: Miraidon|Parabolic Charge|p2b: Lunala|[spread] p2a,p2b\n|-immune|p1b: Groudon\n|-damage|p2a: Miraidon|45/100\n|-heal|p1a: Miraidon|55/100|[from] drain|[of] p2a: Miraidon\n|-damage|p2b: Lunala|77/100\n|-heal|p1a: Miraidon|69/100|[from] drain|[of] p2b: Lunala\n|move|p1b: Groudon|Heat Crash|p2a: Miraidon\n|-damage|p2a: Miraidon|13/100\n|move|p2b: Lunala|Trick Room|p2b: Lunala\n|-fieldstart|move: Trick Room|[of] p2b: Lunala\n|\n|-weather|SunnyDay|[upkeep]\n|-sideend|p2: we all hate ursf|move: Tailwind\n|upkeep\n|turn|5\n|\n|t:|1770099985\n|move|p2b: Lunala|Wide Guard|p2b: Lunala\n|-singleturn|p2b: Lunala|Wide Guard\n|move|p1b: Groudon|Heat Crash|p2a: Miraidon\n|-damage|p2a: Miraidon|0 fnt\n|faint|p2a: Miraidon\n|move|p1a: Miraidon|Electro Drift|p2b: Lunala\n|-damage|p2b: Lunala|0 fnt\n|faint|p2b: Lunala\n|\n|-weather|SunnyDay|[upkeep]\n|-fieldend|move: Electric Terrain\n|upkeep\n|\n|t:|1770099991\n|switch|p2b: Ursaluna|Ursaluna, L50, F|100/100\n|turn|6\n|\n|t:|1770100003\n|move|p2b: Ursaluna|Protect|p2b: Ursaluna\n|-singleturn|p2b: Ursaluna|Protect\n|move|p1b: Groudon|Precipice Blades|p2b: Ursaluna\n|-activate|p2b: Ursaluna|move: Protect\n|move|p1a: Miraidon|Draco Meteor|p2b: Ursaluna\n|-activate|p2b: Ursaluna|move: Protect\n|\n|-weather|SunnyDay|[upkeep]\n|-status|p2b: Ursaluna|brn|[from] item: Flame Orb\n|upkeep\n|turn|7\n|\n|t:|1770100011\n|move|p2b: Ursaluna|Earthquake|p1b: Groudon|[spread] p1a,p1b\n|-supereffective|p1a: Miraidon\n|-damage|p1a: Miraidon|0 fnt\n|-damage|p1b: Groudon|0 fnt\n|faint|p1a: Miraidon\n|faint|p1b: Groudon\n|\n|win|we all hate ursf\n|raw|yamato-tak's rating: 1548 &rarr; <strong>1524</strong><br />(-24 for losing)\n|raw|we all hate ursf's rating: 1479 &rarr; <strong>1503</strong><br />(+24 for winning)\n|l|\u2606we all hate ursf\n|player|p2|\n|l|\u2606yamato-tak\n|player|p1|\n","uploadtime":1770100150,"views":36,"formatid":"gen9vgc2026regi","rating":1503,"private":0,"password":null}