{"id":"gen9vgc2026regi-2563968665","format":"[Gen 9] VGC 2026 Reg I","players":["BlackBookVGC","shangenb4"],"log":"|j|\u2606BlackBookVGC\n|j|\u2606shangenb4\n|t:|1774093514\n|gametype|doubles\n|player|p1|BlackBookVGC|lyra|1323\n|player|p2|shangenb4|265|1427\n|gen|9\n|tier|[Gen 9] VGC 2026 Reg I\n|rated|\n|rule|Species Clause: Limit one of each Pok\u00e9mon\n|rule|Item Clause: Limit 1 of each item\n|clearpoke\n|poke|p1|Lunala, L50|\n|poke|p1|Incineroar, L50, M|\n|poke|p1|Whimsicott, L50, F|\n|poke|p1|Urshifu-*, L50, F|\n|poke|p1|Miraidon, L50|\n|poke|p1|Ursaluna, L50, F|\n|poke|p2|Koraidon, L50|\n|poke|p2|Lunala, L50|\n|poke|p2|Flutter Mane, L50|\n|poke|p2|Chi-Yu, L50|\n|poke|p2|Raging Bolt, L50|\n|poke|p2|Indeedee-F, L50, F|\n|teampreview|4\n|inactive|Battle timer is ON: inactive players will automatically lose when time's up. (requested by shangenb4)\n|\n|t:|1774093534\n|teamsize|p1|4\n|teamsize|p2|4\n|start\n|switch|p1a: Miraidon|Miraidon, L50, shiny|100/100\n|switch|p1b: Lunala|Lunala, L50, shiny|100/100\n|switch|p2a: Lunala|Lunala, L50|100/100\n|switch|p2b: Flutter Mane|Flutter Mane, L50|100/100\n|-fieldstart|move: Electric Terrain|[from] ability: Hadron Engine|[of] p1a: Miraidon\n|-enditem|p1b: Lunala|Electric Seed\n|-boost|p1b: Lunala|def|1|[from] item: Electric Seed\n|turn|1\n|inactive|BlackBookVGC has 30 seconds left.\n|\n|t:|1774093569\n|-terastallize|p1b: Lunala|Fairy\n|move|p2b: Flutter Mane|Taunt|p1b: Lunala\n|-start|p1b: Lunala|move: Taunt\n|move|p1a: Miraidon|Volt Switch|p2a: Lunala\n|-damage|p2a: Lunala|62/100\n|\n|t:|1774093583\n|switch|p1a: Incineroar|Incineroar, L50, M, shiny|100/100|[from] Volt Switch\n|-ability|p1a: Incineroar|Intimidate|boost\n|-unboost|p2a: Lunala|atk|1\n|-unboost|p2b: Flutter Mane|atk|1\n|move|p2a: Lunala|Meteor Beam||[still]\n|-prepare|p2a: Lunala|Meteor Beam\n|-boost|p2a: Lunala|spa|1\n|-enditem|p2a: Lunala|Power Herb\n|-anim|p2a: Lunala|Meteor Beam|p1a: Incineroar\n|-supereffective|p1a: Incineroar\n|-damage|p1a: Incineroar|32/100\n|move|p1b: Lunala|Moongeist Beam|p2a: Lunala\n|-supereffective|p2a: Lunala\n|-damage|p2a: Lunala|0 fnt\n|faint|p2a: Lunala\n|\n|upkeep\n|\n|t:|1774093603\n|switch|p2a: Koraidon|Koraidon, L50|100/100\n|-weather|SunnyDay|[from] ability: Orichalcum Pulse|[of] p2a: Koraidon\n|-activate|p2b: Flutter Mane|ability: Protosynthesis\n|-start|p2b: Flutter Mane|protosynthesisspe\n|-activate|p2a: Koraidon|Orichalcum Pulse|[source]\n|turn|2\n|\n|t:|1774093621\n|move|p2a: Koraidon|Protect|p2a: Koraidon\n|-singleturn|p2a: Koraidon|Protect\n|move|p2b: Flutter Mane|Moonblast|p1b: Lunala\n|-damage|p1b: Lunala|84/100\n|move|p1b: Lunala|Moonblast|p2b: Flutter Mane\n|-damage|p2b: Flutter Mane|46/100\n|move|p1a: Incineroar|U-turn|p2b: Flutter Mane\n|-resisted|p2b: Flutter Mane\n|-damage|p2b: Flutter Mane|35/100\n|\n|t:|1774093637\n|switch|p1a: Ursaluna|Ursaluna, L50, F, shiny|100/100|[from] U-turn\n|\n|-weather|SunnyDay|[upkeep]\n|-status|p1a: Ursaluna|brn|[from] item: Flame Orb\n|upkeep\n|turn|3\n|\n|t:|1774093650\n|-terastallize|p2a: Koraidon|Fire\n|move|p2b: Flutter Mane|Moonblast|p1b: Lunala\n|-damage|p1b: Lunala|51/100\n|move|p2a: Koraidon|Collision Course|p1a: Ursaluna\n|-supereffective|p1a: Ursaluna\n|-damage|p1a: Ursaluna|0 fnt\n|faint|p1a: Ursaluna\n|move|p1b: Lunala|Moonblast|p2a: Koraidon\n|-resisted|p2a: Koraidon\n|-damage|p2a: Koraidon|78/100\n|\n|-weather|SunnyDay|[upkeep]\n|-end|p1b: Lunala|move: Taunt\n|upkeep\n|\n|t:|1774093668\n|switch|p1a: Incineroar|Incineroar, L50, M, shiny|32/100\n|-ability|p1a: Incineroar|Intimidate|boost\n|-fail|p2a: Koraidon|unboost|[from] item: Clear Amulet|[of] p2a: Koraidon\n|-unboost|p2b: Flutter Mane|atk|1\n|turn|4\n|\n|t:|1774093691\n|-end|p2b: Flutter Mane|Protosynthesis|[silent]\n|switch|p2b: Indeedee|Indeedee-F, L50, F|100/100\n|-fieldstart|move: Psychic Terrain|[from] ability: Psychic Surge|[of] p2b: Indeedee\n|move|p1a: Incineroar|Fake Out|p2a: Koraidon\n|-activate|p2a: Koraidon|move: Psychic Terrain\n|move|p2a: Koraidon|Flare Blitz|p1b: Lunala\n|-damage|p1b: Lunala|0 fnt\n|faint|p1b: Lunala\n|-damage|p2a: Koraidon|58/100|[from] Recoil\n|\n|-weather|SunnyDay|[upkeep]\n|upkeep\n|\n|t:|1774093699\n|switch|p1b: Miraidon|Miraidon, L50, shiny|100/100\n|-fieldstart|move: Electric Terrain|[from] ability: Hadron Engine|[of] p1b: Miraidon\n|turn|5\n|inactive|BlackBookVGC has 30 seconds left.\n|\n|t:|1774093727\n|move|p2b: Indeedee|Follow Me|p2b: Indeedee\n|-singleturn|p2b: Indeedee|move: Follow Me\n|move|p1b: Miraidon|Electro Drift|p2b: Indeedee\n|-damage|p2b: Indeedee|0 fnt\n|-damage|p1b: Miraidon|84/100|[from] item: Rocky Helmet|[of] p2b: Indeedee\n|faint|p2b: Indeedee\n|move|p2a: Koraidon|Collision Course|p1a: Incineroar\n|-supereffective|p1a: Incineroar\n|-damage|p1a: Incineroar|0 fnt\n|faint|p1a: Incineroar\n|\n|-weather|SunnyDay|[upkeep]\n|upkeep\n|\n|t:|1774093742\n|switch|p2b: Flutter Mane|Flutter Mane, L50|35/100\n|-activate|p2b: Flutter Mane|ability: Protosynthesis\n|-start|p2b: Flutter Mane|protosynthesisspe\n|turn|6\n|inactive|BlackBookVGC has 30 seconds left.\n|inactive|BlackBookVGC has 20 seconds left.\n|inactive|BlackBookVGC has 15 seconds left.\n|inactive|BlackBookVGC has 10 seconds left.\n|inactive|BlackBookVGC has 5 seconds left.\n|\n|t:|1774093797\n|move|p2b: Flutter Mane|Moonblast|p1b: Miraidon\n|-supereffective|p1b: Miraidon\n|-damage|p1b: Miraidon|3/100\n|-unboost|p1b: Miraidon|spa|1\n|move|p1b: Miraidon|Electro Drift|p2b: Flutter Mane\n|-damage|p2b: Flutter Mane|0 fnt\n|faint|p2b: Flutter Mane\n|-end|p2b: Flutter Mane|Protosynthesis|[silent]\n|move|p2a: Koraidon|Flame Charge|p1b: Miraidon\n|-resisted|p1b: Miraidon\n|-damage|p1b: Miraidon|0 fnt\n|-boost|p2a: Koraidon|spe|1\n|faint|p1b: Miraidon\n|\n|win|shangenb4\n|raw|BlackBookVGC's rating: 1323 &rarr; <strong>1309</strong><br />(-14 for losing)\n|raw|shangenb4's rating: 1427 &rarr; <strong>1441</strong><br />(+14 for winning)\n","uploadtime":1774093816,"views":19,"formatid":"gen9vgc2026regi","rating":1309,"private":0,"password":null}