{"id":"gen9vgc2026regi-2562475636","format":"[Gen 9] VGC 2026 Reg I","players":["INT Leite Ninho","SeaWolfMikes"],"log":"|j|\u2606INT Leite Ninho\n|j|\u2606SeaWolfMikes\n|t:|1773921851\n|gametype|doubles\n|player|p1|INT Leite Ninho|elaine|\n|player|p2|SeaWolfMikes|ryuki|\n|gen|9\n|tier|[Gen 9] VGC 2026 Reg I\n|rated|Tournament battle\n|rule|Species Clause: Limit one of each Pok\u00e9mon\n|rule|Item Clause: Limit 1 of each item\n|raw|<div class=\"infobox\"><details class=\"readmore\" open><summary><strong>3 custom rules:</strong></summary> Open Team Sheets, Force Open Team Sheets, !Open Team Sheets</details></div>\n|clearpoke\n|poke|p1|Urshifu-*, L50, M|\n|poke|p1|Tornadus, L50, M|\n|poke|p1|Farigiraf, L50, F|\n|poke|p1|Zacian-*, L50|\n|poke|p1|Miraidon, L50|\n|poke|p1|Landorus, L50, M|\n|poke|p2|Flutter Mane, L50|\n|poke|p2|Koraidon, L50|\n|poke|p2|Chi-Yu, L50|\n|poke|p2|Brute Bonnet, L50|\n|poke|p2|Lunala, L50|\n|poke|p2|Ursaluna, L50, F|\n|teampreview|4\n|showteam|p1|Urshifu-Rapid-Strike||FocusSash|UnseenFist|SurgingStrikes,CloseCombat,AquaJet,Protect|||M|||50|,,,,,Water]Tornadus||CovertCloak|Prankster|Tailwind,RainDance,BleakwindStorm,FoulPlay|||M|||50|,,,,,Dark]Farigiraf||ElectricSeed|ArmorTail|Imprison,TrickRoom,HelpingHand,PsychicNoise|||F|||50|,,,,,Grass]Zacian-Crowned||RustedSword|IntrepidSword|Protect,behemothblade,PlayRough,SacredSword||||||50|,,,,,Fighting]Miraidon||ChoiceSpecs|HadronEngine|VoltSwitch,ElectroDrift,DracoMeteor,ParabolicCharge||||||50|,,,,,Electric]Landorus||ChoiceScarf|SheerForce|SandsearStorm,EarthPower,SludgeBomb,Psychic|||M|||50|,,,,,Water\n|showteam|p2|Flutter Mane||FocusSash|Protosynthesis|Moonblast,ShadowBall,IcyWind,Protect||||||50|,,,,,Stellar]Koraidon||LifeOrb|OrichalcumPulse|CloseCombat,FlareBlitz,FlameCharge,Protect||||||50|,,,,,Fire]Chi-Yu||ChoiceScarf|BeadsofRuin|HeatWave,DarkPulse,Overheat,Snarl||||||50|,,,,,Ghost]Brute Bonnet||SitrusBerry|Protosynthesis|SeedBomb,SuckerPunch,Spore,RagePowder||||||50|,,,,,Water]Lunala||PowerHerb|ShadowShield|MoongeistBeam,MeteorBeam,WideGuard,TrickRoom||||||50|,,,,,Water]Ursaluna||FlameOrb|Guts|Facade,HeadlongRush,Earthquake,Protect|||F|||50|,,,,,Ghost\n|inactive|Battle timer is ON: inactive players will automatically lose when time's up. (requested by INT Leite Ninho)\n|c|\u2606INT Leite Ninho|glhf\n|j| legionpoggers\n|l| legionpoggers\n|inactive|INT Leite Ninho has 60 seconds left.\n|c|\u2606SeaWolfMikes|u2\n|inactive|INT Leite Ninho has 30 seconds left.\n|inactive|INT Leite Ninho has 20 seconds left.\n|inactive|INT Leite Ninho has 15 seconds left.\n|\n|t:|1773921931\n|teamsize|p1|4\n|teamsize|p2|4\n|start\n|switch|p1a: Casas Lotericas|Tornadus, L50, M|100/100\n|switch|p1b: Super Choque|Miraidon, L50|100/100\n|switch|p2a: Brute Bonnet|Brute Bonnet, L50|100/100\n|switch|p2b: Lunala|Lunala, L50|100/100\n|-fieldstart|move: Electric Terrain|[from] ability: Hadron Engine|[of] p1b: Super Choque\n|turn|1\n|j| Zlem1\n|\n|t:|1773921954\n|-terastallize|p1b: Super Choque|Electric\n|move|p2a: Brute Bonnet|Rage Powder|p2a: Brute Bonnet\n|-singleturn|p2a: Brute Bonnet|move: Rage Powder\n|move|p1b: Super Choque|Volt Switch|p2a: Brute Bonnet\n|-resisted|p2a: Brute Bonnet\n|-damage|p2a: Brute Bonnet|50/100\n|-enditem|p2a: Brute Bonnet|Sitrus Berry|[eat]\n|-heal|p2a: Brute Bonnet|74/100|[from] item: Sitrus Berry\n|\n|t:|1773921962\n|switch|p1b: Evento Girafonico|Farigiraf, L50, F, shiny|100/100|[from] Volt Switch\n|-enditem|p1b: Evento Girafonico|Electric Seed\n|-boost|p1b: Evento Girafonico|def|1|[from] item: Electric Seed\n|move|p1a: Casas Lotericas|Bleakwind Storm|p2b: Lunala|[spread] p2a,p2b\n|-supereffective|p2a: Brute Bonnet\n|-damage|p2a: Brute Bonnet|13/100\n|-damage|p2b: Lunala|88/100\n|move|p2b: Lunala|Trick Room|p2b: Lunala\n|-fieldstart|move: Trick Room|[of] p2b: Lunala\n|\n|upkeep\n|turn|2\n|inactive|INT Leite Ninho has 30 seconds left.\n|inactive|SeaWolfMikes has 30 seconds left.\n|\n|t:|1773921996\n|switch|p2b: Ursaluna|Ursaluna, L50, F|100/100\n|move|p1b: Evento Girafonico|Psychic Noise|p2a: Brute Bonnet\n|-immune|p2a: Brute Bonnet\n|move|p2a: Brute Bonnet|Spore|p1a: Casas Lotericas\n|-status|p1a: Casas Lotericas|slp|[from] move: Spore\n|cant|p1a: Casas Lotericas|slp\n|\n|-status|p2b: Ursaluna|brn|[from] item: Flame Orb\n|upkeep\n|turn|3\n|\n|t:|1773922010\n|move|p2b: Ursaluna|Facade|p1b: Evento Girafonico\n|-damage|p1b: Evento Girafonico|20/100\n|move|p2a: Brute Bonnet|Seed Bomb|p1b: Evento Girafonico\n|-damage|p1b: Evento Girafonico|0 fnt\n|faint|p1b: Evento Girafonico\n|-curestatus|p1a: Casas Lotericas|slp|[msg]\n|move|p1a: Casas Lotericas|Bleakwind Storm|p2b: Ursaluna|[spread] p2a,p2b\n|-supereffective|p2a: Brute Bonnet\n|-damage|p2a: Brute Bonnet|0 fnt\n|-damage|p2b: Ursaluna|65/100 brn\n|faint|p2a: Brute Bonnet\n|-end|p2a: Brute Bonnet|Protosynthesis|[silent]\n|\n|-damage|p2b: Ursaluna|59/100 brn|[from] brn\n|upkeep\n|\n|t:|1773922021\n|switch|p1b: Dogecoin|Zacian-Crowned, L50|100/100\n|switch|p2a: Lunala|Lunala, L50|88/100\n|-ability|p1b: Dogecoin|Intrepid Sword|boost\n|-boost|p1b: Dogecoin|atk|1\n|turn|4\n|\n|t:|1773922038\n|move|p1b: Dogecoin|Protect|p1b: Dogecoin\n|-singleturn|p1b: Dogecoin|Protect\n|move|p2b: Ursaluna|Headlong Rush|p1b: Dogecoin\n|-activate|p1b: Dogecoin|move: Protect\n|move|p2a: Lunala|Meteor Beam||[still]\n|-prepare|p2a: Lunala|Meteor Beam\n|-boost|p2a: Lunala|spa|1\n|-enditem|p2a: Lunala|Power Herb\n|-anim|p2a: Lunala|Meteor Beam|p1a: Casas Lotericas\n|-supereffective|p1a: Casas Lotericas\n|-damage|p1a: Casas Lotericas|0 fnt\n|faint|p1a: Casas Lotericas\n|\n|-damage|p2b: Ursaluna|53/100 brn|[from] brn\n|upkeep\n|\n|t:|1773922045\n|switch|p1a: Super Choque|Miraidon, L50, tera:Electric|100/100\n|-activate|p1a: Super Choque|ability: Hadron Engine\n|turn|5\n|\n|t:|1773922053\n|move|p2a: Lunala|Wide Guard|p2a: Lunala\n|-singleturn|p2a: Lunala|Wide Guard\n|move|p2b: Ursaluna|Earthquake|p1a: Super Choque|[spread] p1a,p1b\n|-activate|p2a: Lunala|move: Wide Guard\n|-supereffective|p1a: Super Choque\n|-supereffective|p1b: Dogecoin\n|-crit|p1b: Dogecoin\n|-damage|p1a: Super Choque|0 fnt\n|-damage|p1b: Dogecoin|0 fnt\n|faint|p1a: Super Choque\n|faint|p1b: Dogecoin\n|\n|win|SeaWolfMikes\n|n|\u2606INT Leite Ninho|intleiteninho\n|n|\u2606SeaWolfMikes|seawolfmikes\n|n| Zlem1|zlem1\n","uploadtime":1773922064,"views":21,"formatid":"gen9vgc2026regi","rating":null,"private":0,"password":null}