{"id":"gen9vgc2026regi-2577835422","format":"[Gen 9] VGC 2026 Reg I","players":["lukeislit","Cellpab1"],"log":"|j|\u2606lukeislit\n|j|\u2606Cellpab1\n|t:|1775610862\n|gametype|doubles\n|player|p1|lukeislit|266|1382\n|player|p2|Cellpab1|101|1582\n|gen|9\n|tier|[Gen 9] VGC 2026 Reg I\n|rated|\n|rule|Species Clause: Limit one of each Pok\u00e9mon\n|rule|Item Clause: Limit 1 of each item\n|clearpoke\n|poke|p1|Calyrex-Ice, L50|\n|poke|p1|Indeedee-F, L50, F|\n|poke|p1|Torkoal, L50, M|\n|poke|p1|Hatterene, L50, F|\n|poke|p1|Smeargle, L50, M|\n|poke|p1|Ting-Lu, L50|\n|poke|p2|Calyrex-Ice, L50|\n|poke|p2|Miraidon, L50|\n|poke|p2|Landorus, L50, M|\n|poke|p2|Farigiraf, L50, F|\n|poke|p2|Urshifu-*, L50, M|\n|poke|p2|Incineroar, L50, F|\n|teampreview|4\n|inactive|Battle timer is ON: inactive players will automatically lose when time's up. (requested by Cellpab1)\nlukeislit has agreed to open team sheets.\n|inactive|Cellpab1 has 60 seconds left.\n|inactive|Cellpab1 has 30 seconds left.\n|inactive|Cellpab1 has 20 seconds left.\n|inactive|Cellpab1 has 15 seconds left.\n|inactive|Cellpab1 has 10 seconds left.\n|\n|t:|1775610947\n|teamsize|p1|4\n|teamsize|p2|4\n|start\n|switch|p1a: Calyrex|Calyrex-Ice, L50|100/100\n|switch|p1b: Indeedee-Fbomb|Indeedee-F, L50, F|100/100\n|switch|p2a: Farigiraf|Farigiraf, L50, F|100/100\n|switch|p2b: Urshifu|Urshifu-Rapid-Strike, L50, M|100/100\n|-ability|p1a: Calyrex|As One\n|-ability|p1a: Calyrex|Unnerve\n|-fieldstart|move: Psychic Terrain|[from] ability: Psychic Surge|[of] p1b: Indeedee-Fbomb\n|turn|1\n|\n|t:|1775610962\n|switch|p2b: Incineroar|Incineroar, L50, F|100/100\n|-ability|p2b: Incineroar|Intimidate|boost\n|-fail|p1a: Calyrex|unboost|[from] item: Clear Amulet|[of] p1a: Calyrex\n|-unboost|p1b: Indeedee-Fbomb|atk|1\n|move|p1b: Indeedee-Fbomb|Follow Me|p1b: Indeedee-Fbomb\n|-singleturn|p1b: Indeedee-Fbomb|move: Follow Me\n|move|p2a: Farigiraf|Foul Play|p1b: Indeedee-Fbomb\n|-supereffective|p1b: Indeedee-Fbomb\n|-damage|p1b: Indeedee-Fbomb|79/100\n|-damage|p2a: Farigiraf|84/100|[from] item: Rocky Helmet|[of] p1b: Indeedee-Fbomb\n|move|p1a: Calyrex|Trick Room|p1a: Calyrex\n|-fieldstart|move: Trick Room|[of] p1a: Calyrex\n|\n|upkeep\n|turn|2\n|inactive|Cellpab1 has 30 seconds left.\n|\n|t:|1775610988\n|move|p1b: Indeedee-Fbomb|Helping Hand|p1a: Calyrex\n|-singleturn|p1a: Calyrex|Helping Hand|[of] p1b: Indeedee-Fbomb\n|move|p1a: Calyrex|Glacial Lance|p2a: Farigiraf|[spread] p2a,p2b\n|-resisted|p2b: Incineroar\n|-damage|p2a: Farigiraf|7/100\n|-damage|p2b: Incineroar|65/100\n|move|p2b: Incineroar|U-turn|p1a: Calyrex\n|-supereffective|p1a: Calyrex\n|-damage|p1a: Calyrex|79/100\n|\n|t:|1775610997\n|switch|p2b: Calyrex|Calyrex-Ice, L50|100/100|[from] U-turn\n|-ability|p2b: Calyrex|As One\n|-ability|p2b: Calyrex|Unnerve\n|move|p2a: Farigiraf|Foul Play|p1a: Calyrex\n|-supereffective|p1a: Calyrex\n|-damage|p1a: Calyrex|23/100\n|\n|upkeep\n|turn|3\n|inactive|Cellpab1 has 30 seconds left.\n|inactive|Cellpab1 has 20 seconds left.\n|inactive|Cellpab1 has 15 seconds left.\n|inactive|Cellpab1 has 10 seconds left.\n|\n|t:|1775611045\n|switch|p2a: Incineroar|Incineroar, L50, F|65/100\n|-ability|p2a: Incineroar|Intimidate|boost\n|-fail|p1a: Calyrex|unboost|[from] item: Clear Amulet|[of] p1a: Calyrex\n|-unboost|p1b: Indeedee-Fbomb|atk|1\n|move|p1b: Indeedee-Fbomb|Helping Hand|p1a: Calyrex\n|-singleturn|p1a: Calyrex|Helping Hand|[of] p1b: Indeedee-Fbomb\n|move|p1a: Calyrex|Glacial Lance|p2a: Incineroar|[spread] p2a,p2b\n|-resisted|p2a: Incineroar\n|-resisted|p2b: Calyrex\n|-damage|p2a: Incineroar|31/100\n|-damage|p2b: Calyrex|71/100\n|move|p2b: Calyrex|Leech Seed|p1b: Indeedee-Fbomb\n|-start|p1b: Indeedee-Fbomb|move: Leech Seed\n|\n|-heal|p2b: Calyrex|77/100|[from] item: Leftovers\n|-damage|p1b: Indeedee-Fbomb|67/100|[from] Leech Seed|[of] p2b: Calyrex\n|-heal|p2b: Calyrex|87/100|[silent]\n|upkeep\n|turn|4\n|inactive|lukeislit has 30 seconds left.\n|inactive|Cellpab1 has 30 seconds left.\n|inactive|Cellpab1 has 20 seconds left.\n|\n|t:|1775611085\n|switch|p2a: Urshifu|Urshifu-Rapid-Strike, L50, M|100/100\n|move|p1b: Indeedee-Fbomb|Helping Hand|p1a: Calyrex\n|-singleturn|p1a: Calyrex|Helping Hand|[of] p1b: Indeedee-Fbomb\n|move|p1a: Calyrex|Glacial Lance|p2a: Urshifu|[spread] p2a,p2b\n|-resisted|p2a: Urshifu\n|-crit|p2a: Urshifu\n|-resisted|p2b: Calyrex\n|-damage|p2a: Urshifu|36/100\n|-damage|p2b: Calyrex|59/100\n|move|p2b: Calyrex|Glacial Lance|p1a: Calyrex|[spread] p1a,p1b\n|-resisted|p1a: Calyrex\n|-damage|p1a: Calyrex|8/100\n|-damage|p1b: Indeedee-Fbomb|0 fnt\n|faint|p1b: Indeedee-Fbomb\n|-ability|p2b: Calyrex|Chilling Neigh|boost\n|-boost|p2b: Calyrex|atk|1\n|\n|-heal|p2b: Calyrex|64/100|[from] item: Leftovers\n|upkeep\n|\n|t:|1775611100\n|switch|p1b: Torkoal|Torkoal, L50, M|100/100\n|-weather|SunnyDay|[from] ability: Drought|[of] p1b: Torkoal\n|turn|5\n|\n|t:|1775611120\n|-terastallize|p1b: Torkoal|Fire\n|move|p2b: Calyrex|Protect|p2b: Calyrex\n|-singleturn|p2b: Calyrex|Protect\n|move|p2a: Urshifu|Protect|p2a: Urshifu\n|-singleturn|p2a: Urshifu|Protect\n|move|p1b: Torkoal|Eruption|p2b: Calyrex|[spread] \n|-activate|p2a: Urshifu|move: Protect\n|-activate|p2b: Calyrex|move: Protect\n|move|p1a: Calyrex|Glacial Lance|p2b: Calyrex|[spread] \n|-activate|p2a: Urshifu|move: Protect\n|-activate|p2b: Calyrex|move: Protect\n|\n|-weather|SunnyDay|[upkeep]\n|-heal|p2b: Calyrex|70/100|[from] item: Leftovers\n|-fieldend|move: Trick Room\n|-fieldend|move: Psychic Terrain\n|upkeep\n|turn|6\n|inactive|Cellpab1 has 30 seconds left.\n|inactive|lukeislit has 30 seconds left.\n|inactive|Cellpab1 has 20 seconds left.\n|inactive|Cellpab1 has 15 seconds left.\n|inactive|Cellpab1 has 10 seconds left.\n|inactive|lukeislit has 20 seconds left.\n|inactive|lukeislit has 15 seconds left.\n|\n|t:|1775611176\n|-terastallize|p2a: Urshifu|Stellar\n|move|p2a: Urshifu|Surging Strikes|p1b: Torkoal\n|-supereffective|p1b: Torkoal\n|-crit|p1b: Torkoal\n|-damage|p1b: Torkoal|82/100\n|-supereffective|p1b: Torkoal\n|-crit|p1b: Torkoal\n|-damage|p1b: Torkoal|62/100\n|-supereffective|p1b: Torkoal\n|-crit|p1b: Torkoal\n|-damage|p1b: Torkoal|42/100\n|-hitcount|p1b: Torkoal|3\n|move|p2b: Calyrex|Glacial Lance|p1b: Torkoal|[spread] p1a,p1b\n|-resisted|p1a: Calyrex\n|-resisted|p1b: Torkoal\n|-damage|p1a: Calyrex|0 fnt\n|-damage|p1b: Torkoal|13/100\n|faint|p1a: Calyrex\n|-ability|p2b: Calyrex|Chilling Neigh|boost\n|-boost|p2b: Calyrex|atk|1\n|move|p1b: Torkoal|Heat Wave|p2b: Calyrex|[spread] p2a\n|-miss|p1b: Torkoal|p2b: Calyrex\n|-resisted|p2a: Urshifu\n|-damage|p2a: Urshifu|0 fnt\n|faint|p2a: Urshifu\n|\n|-weather|SunnyDay|[upkeep]\n|-heal|p2b: Calyrex|76/100|[from] item: Leftovers\n|upkeep\n|\n|t:|1775611197\n|switch|p2a: Incineroar|Incineroar, L50, F|31/100\n|switch|p1a: Hatterene|Hatterene, L50, F|100/100\n|-ability|p2a: Incineroar|Intimidate|boost\n|-unboost|p1a: Hatterene|atk|1\n|-unboost|p1b: Torkoal|atk|1\n|turn|7\n|inactive|lukeislit has 30 seconds left.\n|inactive|lukeislit has 20 seconds left.\n|\n|t:|1775611236\n|move|p2a: Incineroar|Flare Blitz|p1a: Hatterene\n|-damage|p1a: Hatterene|23/100\n|-status|p1a: Hatterene|brn\n|-damage|p2a: Incineroar|10/100|[from] Recoil\n|move|p2b: Calyrex|Glacial Lance|p1b: Torkoal|[spread] p1a,p1b\n|-resisted|p1b: Torkoal\n|-damage|p1a: Hatterene|0 fnt\n|-damage|p1b: Torkoal|0 fnt\n|faint|p1a: Hatterene\n|faint|p1b: Torkoal\n|\n|win|Cellpab1\n|raw|lukeislit's rating: 1382 &rarr; <strong>1371</strong><br />(-11 for losing)\n|raw|Cellpab1's rating: 1557 &rarr; <strong>1568</strong><br />(+11 for winning)\n|l|\u2606Cellpab1\n|player|p2|\n|l|\u2606lukeislit\n|player|p1|\n","uploadtime":1775611488,"views":11,"formatid":"gen9vgc2026regi","rating":1371,"private":0,"password":null}