{"id":"gen9vgc2026regi-2560346712","format":"[Gen 9] VGC 2026 Reg I","players":["kojimuranishi","2LOOKKKAP"],"log":"|j|\u2606kojimuranishi\n|j|\u26062LOOKKKAP\n|t:|1773679256\n|gametype|doubles\n|player|p1|kojimuranishi|170|1453\n|player|p2|2LOOKKKAP|101|1494\n|gen|9\n|tier|[Gen 9] VGC 2026 Reg I\n|rated|\n|rule|Species Clause: Limit one of each Pok\u00e9mon\n|rule|Item Clause: Limit 1 of each item\n|clearpoke\n|poke|p1|Ogerpon-Cornerstone, L50, F|\n|poke|p1|Ho-Oh, L50|\n|poke|p1|Miraidon, L50|\n|poke|p1|Chien-Pao, L50|\n|poke|p1|Landorus, L50, M|\n|poke|p1|Farigiraf, L50, F|\n|poke|p2|Dondozo, L50, F|\n|poke|p2|Tatsugiri, L50, M|\n|poke|p2|Calyrex-Shadow, L50|\n|poke|p2|Kyogre, L50|\n|poke|p2|Rillaboom, L50, M|\n|poke|p2|Raichu, L50, F|\n|teampreview|4\n|inactive|Battle timer is ON: inactive players will automatically lose when time's up. (requested by kojimuranishi)\n|\n|t:|1773679279\n|teamsize|p1|4\n|teamsize|p2|4\n|start\n|switch|p1a: Ho-Oh|Ho-Oh, L50|100/100\n|switch|p1b: Chien-Pao|Chien-Pao, L50|100/100\n|switch|p2a: Calyrex|Calyrex-Shadow, L50|100/100\n|switch|p2b: Kyogre|Kyogre, L50|100/100\n|-ability|p2a: Calyrex|As One\n|-ability|p2a: Calyrex|Unnerve\n|-weather|RainDance|[from] ability: Drizzle|[of] p2b: Kyogre\n|-ability|p1b: Chien-Pao|Sword of Ruin\n|turn|1\n|inactive|kojimuranishi has 30 seconds left.\n|inactive|2LOOKKKAP has 30 seconds left.\n|inactive|kojimuranishi has 20 seconds left.\n|\n|t:|1773679317\n|-terastallize|p2a: Calyrex|Ghost\n|-terastallize|p1a: Ho-Oh|Grass\n|move|p1b: Chien-Pao|Protect|p1b: Chien-Pao\n|-singleturn|p1b: Chien-Pao|Protect\n|move|p2b: Kyogre|Water Spout|p1a: Ho-Oh|[spread] p1a\n|-activate|p1b: Chien-Pao|move: Protect\n|-resisted|p1a: Ho-Oh\n|-damage|p1a: Ho-Oh|73/100\n|move|p2a: Calyrex|Astral Barrage|p1b: Chien-Pao|[spread] p1a\n|-activate|p1b: Chien-Pao|move: Protect\n|-damage|p1a: Ho-Oh|4/100\n|move|p1a: Ho-Oh|Brave Bird|p2b: Kyogre\n|-damage|p2b: Kyogre|15/100\n|-damage|p1a: Ho-Oh|0 fnt|[from] Recoil\n|faint|p1a: Ho-Oh\n|\n|-weather|RainDance|[upkeep]\n|upkeep\n|\n|t:|1773679340\n|switch|p1a: Miraidon|Miraidon, L50|100/100\n|-fieldstart|move: Electric Terrain|[from] ability: Hadron Engine|[of] p1a: Miraidon\n|turn|2\n|\n|t:|1773679365\n|switch|p2b: Rillaboom|Rillaboom, L50, M|100/100\n|-fieldstart|move: Grassy Terrain|[from] ability: Grassy Surge|[of] p2b: Rillaboom\n|switch|p2a: Raichu|Raichu, L50, F|100/100\n|-item|p2a: Raichu|Air Balloon\n|move|p1b: Chien-Pao|Sucker Punch||[still]\n|-fail|p1b: Chien-Pao\n|move|p1a: Miraidon|Electro Drift|p2a: Raichu\n|-activate|p2a: Raichu|ability: Lightning Rod\n|-ability|p2a: Raichu|Lightning Rod|boost\n|-boost|p2a: Raichu|spa|1\n|\n|-weather|RainDance|[upkeep]\n|upkeep\n|turn|3\n|inactive|2LOOKKKAP has 30 seconds left.\n|\n|t:|1773679399\n|switch|p1a: Ogerpon|Ogerpon-Cornerstone, L50, F|100/100\n|move|p1b: Chien-Pao|Protect|p1b: Chien-Pao\n|-singleturn|p1b: Chien-Pao|Protect\n|move|p2a: Raichu|Fake Out|p1b: Chien-Pao\n|-activate|p1b: Chien-Pao|move: Protect\n|move|p2b: Rillaboom|Wood Hammer|p1a: Ogerpon\n|-ability|p1a: Ogerpon|Sturdy\n|-damage|p1a: Ogerpon|1/100\n|-damage|p2b: Rillaboom|76/100|[from] Recoil\n|\n|-weather|RainDance|[upkeep]\n|-heal|p1a: Ogerpon|7/100|[from] Grassy Terrain\n|-heal|p2b: Rillaboom|82/100|[from] Grassy Terrain\n|upkeep\n|turn|4\n|\n|t:|1773679424\n|move|p1a: Ogerpon|Spiky Shield|p1a: Ogerpon\n|-singleturn|p1a: Ogerpon|move: Protect\n|move|p1b: Chien-Pao|Icicle Crash|p2b: Rillaboom\n|-supereffective|p2b: Rillaboom\n|-damage|p2b: Rillaboom|0 fnt\n|faint|p2b: Rillaboom\n|move|p2a: Raichu|Nuzzle|p1a: Ogerpon\n|-activate|p1a: Ogerpon|move: Protect\n|-damage|p2a: Raichu|89/100|[from] Spiky Shield|[of] p1a: Ogerpon\n|\n|-weather|RainDance|[upkeep]\n|-heal|p1a: Ogerpon|13/100|[from] Grassy Terrain\n|upkeep\n|\n|t:|1773679435\n|switch|p2b: Calyrex|Calyrex-Shadow, L50, tera:Ghost|100/100\n|-ability|p2b: Calyrex|As One\n|-ability|p2b: Calyrex|Unnerve\n|turn|5\n|inactive|kojimuranishi has 30 seconds left.\n|inactive|kojimuranishi has 20 seconds left.\n|inactive|kojimuranishi has 15 seconds left.\n|\n|t:|1773679478\n|switch|p2b: Kyogre|Kyogre, L50|15/100\n|move|p1b: Chien-Pao|Crunch|p2b: Kyogre\n|-damage|p2b: Kyogre|0 fnt\n|faint|p2b: Kyogre\n|move|p2a: Raichu|Nuzzle|p1b: Chien-Pao\n|-damage|p1b: Chien-Pao|92/100\n|-status|p1b: Chien-Pao|par\n|move|p1a: Ogerpon|Ivy Cudgel|p2a: Raichu|[anim] Ivy Cudgel Rock\n|-damage|p2a: Raichu|0 fnt\n|-enditem|p2a: Raichu|Air Balloon\n|faint|p2a: Raichu\n|\n|-weather|none\n|-heal|p1a: Ogerpon|18/100|[from] Grassy Terrain\n|-heal|p1b: Chien-Pao|98/100 par|[from] Grassy Terrain\n|upkeep\n|j| WeR4-2nd\n|\n|t:|1773679494\n|switch|p2b: Calyrex|Calyrex-Shadow, L50, tera:Ghost|100/100\n|-ability|p2b: Calyrex|As One\n|-ability|p2b: Calyrex|Unnerve\n|turn|6\n|\n|t:|1773679503\n|move|p1a: Ogerpon|Spiky Shield|p1a: Ogerpon\n|-singleturn|p1a: Ogerpon|move: Protect\n|move|p2b: Calyrex|Draining Kiss|p1b: Chien-Pao\n|-supereffective|p1b: Chien-Pao\n|-damage|p1b: Chien-Pao|0 fnt\n|faint|p1b: Chien-Pao\n|-ability|p2b: Calyrex|Grim Neigh|boost\n|-boost|p2b: Calyrex|spa|1\n|\n|-heal|p1a: Ogerpon|24/100|[from] Grassy Terrain\n|-fieldend|move: Grassy Terrain\n|upkeep\n|\n|t:|1773679514\n|switch|p1b: Miraidon|Miraidon, L50|100/100\n|-fieldstart|move: Electric Terrain|[from] ability: Hadron Engine|[of] p1b: Miraidon\n|turn|7\n|\n|t:|1773679519\n|move|p1a: Ogerpon|Spiky Shield||[still]\n|-fail|p1a: Ogerpon\n|move|p1b: Miraidon|Snarl|p2b: Calyrex\n|-supereffective|p2b: Calyrex\n|-damage|p2b: Calyrex|43/100\n|-unboost|p2b: Calyrex|spa|1\n|move|p2b: Calyrex|Draining Kiss|p1a: Ogerpon\n|-damage|p1a: Ogerpon|0 fnt\n|-heal|p2b: Calyrex|58/100|[from] drain|[of] p1a: Ogerpon\n|faint|p1a: Ogerpon\n|-ability|p2b: Calyrex|Grim Neigh|boost\n|-boost|p2b: Calyrex|spa|1\n|\n|upkeep\n|turn|8\n|\n|t:|1773679533\n|move|p1b: Miraidon|Snarl|p2b: Calyrex\n|-supereffective|p2b: Calyrex\n|-damage|p2b: Calyrex|3/100\n|-unboost|p2b: Calyrex|spa|1\n|move|p2b: Calyrex|Draining Kiss|p1b: Miraidon\n|-supereffective|p1b: Miraidon\n|-damage|p1b: Miraidon|43/100\n|-heal|p2b: Calyrex|47/100|[from] drain|[of] p1b: Miraidon\n|\n|upkeep\n|turn|9\n|\n|t:|1773679543\n|move|p1b: Miraidon|Snarl|p2b: Calyrex\n|-supereffective|p2b: Calyrex\n|-damage|p2b: Calyrex|0 fnt\n|faint|p2b: Calyrex\n|\n|win|kojimuranishi\n|raw|kojimuranishi's rating: 1453 &rarr; <strong>1475</strong><br />(+22 for winning)\n|raw|2LOOKKKAP's rating: 1494 &rarr; <strong>1472</strong><br />(-22 for losing)\n|l|\u26062LOOKKKAP\n|player|p2|\n|l|\u2606kojimuranishi\n|player|p1|\n|l| WeR4-2nd\n","uploadtime":1773679764,"views":13,"formatid":"gen9vgc2026regi","rating":1472,"private":0,"password":null}