{"id":"gen9vgc2026regi-2569575575","format":"[Gen 9] VGC 2026 Reg I","players":["ahfoong0411","yutarotaku"],"log":"|j|\u2606ahfoong0411\n|j|\u2606yutarotaku\n|t:|1774712379\n|gametype|doubles\n|player|p1|ahfoong0411|102|1416\n|player|p2|yutarotaku|102|1478\n|gen|9\n|tier|[Gen 9] VGC 2026 Reg I\n|rated|\n|rule|Species Clause: Limit one of each Pok\u00e9mon\n|rule|Item Clause: Limit 1 of each item\n|clearpoke\n|poke|p1|Calyrex-Ice, L50|\n|poke|p1|Miraidon, L50|\n|poke|p1|Grimmsnarl, L50, M|\n|poke|p1|Urshifu-*, L50, F|\n|poke|p1|Incineroar, L50, M|\n|poke|p1|Landorus, L50, M|\n|poke|p2|Calyrex-Shadow, L50|\n|poke|p2|Incineroar, L50, F|\n|poke|p2|Rillaboom, L50, M|\n|poke|p2|Kyogre, L50|\n|poke|p2|Tornadus, L50, M|\n|poke|p2|Brute Bonnet, L50|\n|teampreview|4\n|\n|t:|1774712411\n|teamsize|p1|4\n|teamsize|p2|4\n|start\n|switch|p1a: Grimmsnarl|Grimmsnarl, L50, M|100/100\n|switch|p1b: Calyrex|Calyrex-Ice, L50|100/100\n|switch|p2a: Rillaboom|Rillaboom, L50, M|100/100\n|switch|p2b: Calyrex|Calyrex-Shadow, L50|100/100\n|-ability|p2b: Calyrex|As One\n|-ability|p2b: Calyrex|Unnerve\n|-ability|p1b: Calyrex|As One\n|-ability|p1b: Calyrex|Unnerve\n|-fieldstart|move: Grassy Terrain|[from] ability: Grassy Surge|[of] p2a: Rillaboom\n|turn|1\n|\n|t:|1774712451\n|-terastallize|p1a: Grimmsnarl|Ghost\n|move|p2a: Rillaboom|Fake Out|p1b: Calyrex\n|-damage|p1b: Calyrex|92/100\n|move|p1a: Grimmsnarl|Thunder Wave|p2b: Calyrex\n|-status|p2b: Calyrex|par\n|cant|p2b: Calyrex|par\n|cant|p1b: Calyrex|flinch\n|\n|-heal|p1b: Calyrex|98/100|[from] Grassy Terrain\n|-heal|p1b: Calyrex|100/100|[from] item: Leftovers\n|upkeep\n|turn|2\n|\n|t:|1774712473\n|switch|p1a: Incineroar|Incineroar, L50, M|100/100\n|-ability|p1a: Incineroar|Intimidate|boost\n|-unboost|p2a: Rillaboom|atk|1\n|-unboost|p2b: Calyrex|atk|1\n|move|p1b: Calyrex|Protect|p1b: Calyrex\n|-singleturn|p1b: Calyrex|Protect\n|move|p2b: Calyrex|Astral Barrage|p1b: Calyrex|[spread] p1a\n|-activate|p1b: Calyrex|move: Protect\n|-resisted|p1a: Incineroar\n|-damage|p1a: Incineroar|83/100\n|move|p2a: Rillaboom|Wood Hammer|p1b: Calyrex\n|-activate|p1b: Calyrex|move: Protect\n|\n|-heal|p1a: Incineroar|90/100|[from] Grassy Terrain\n|upkeep\n|turn|3\n|\n|t:|1774712506\n|switch|p1b: Grimmsnarl|Grimmsnarl, L50, M, tera:Ghost|100/100\n|move|p1a: Incineroar|Knock Off|p2b: Calyrex\n|-supereffective|p2b: Calyrex\n|-enditem|p2b: Calyrex|Focus Sash\n|-damage|p2b: Calyrex|1/100 par\n|move|p2b: Calyrex|Nasty Plot|p2b: Calyrex\n|-boost|p2b: Calyrex|spa|2\n|move|p2a: Rillaboom|U-turn|p1b: Grimmsnarl\n|-resisted|p1b: Grimmsnarl\n|-damage|p1b: Grimmsnarl|93/100\n|\n|t:|1774712518\n|switch|p2a: Kyogre|Kyogre, L50|100/100|[from] U-turn\n|-weather|RainDance|[from] ability: Drizzle|[of] p2a: Kyogre\n|\n|-weather|RainDance|[upkeep]\n|-heal|p1a: Incineroar|96/100|[from] Grassy Terrain\n|-heal|p2b: Calyrex|7/100 par|[from] Grassy Terrain\n|-heal|p1b: Grimmsnarl|99/100|[from] Grassy Terrain\n|upkeep\n|turn|4\n|\n|t:|1774712570\n|move|p1b: Grimmsnarl|Thunder Wave|p2a: Kyogre\n|-status|p2a: Kyogre|par\n|move|p1a: Incineroar|Knock Off|p2b: Calyrex\n|-supereffective|p2b: Calyrex\n|-damage|p2b: Calyrex|0 fnt\n|faint|p2b: Calyrex\n|move|p2a: Kyogre|Water Spout|p1a: Incineroar|[spread] p1a,p1b\n|-supereffective|p1a: Incineroar\n|-damage|p1a: Incineroar|0 fnt\n|-damage|p1b: Grimmsnarl|0 fnt\n|faint|p1a: Incineroar\n|faint|p1b: Grimmsnarl\n|\n|-weather|RainDance|[upkeep]\n|upkeep\n|\n|t:|1774712587\n|switch|p2b: Rillaboom|Rillaboom, L50, M|100/100\n|switch|p1a: Calyrex|Calyrex-Ice, L50|100/100\n|switch|p1b: Miraidon|Miraidon, L50|100/100\n|-ability|p1a: Calyrex|As One\n|-ability|p1a: Calyrex|Unnerve\n|-fieldstart|move: Electric Terrain|[from] ability: Hadron Engine|[of] p1b: Miraidon\n|-fieldstart|move: Grassy Terrain|[from] ability: Grassy Surge|[of] p2b: Rillaboom\n|turn|5\n|\n|t:|1774712610\n|-terastallize|p2b: Rillaboom|Fire\n|move|p2b: Rillaboom|Fake Out|p1b: Miraidon\n|-damage|p1b: Miraidon|90/100\n|cant|p1b: Miraidon|flinch\n|move|p2a: Kyogre|Water Spout|p1a: Calyrex|[spread] p1a,p1b\n|-resisted|p1b: Miraidon\n|-damage|p1a: Calyrex|30/100\n|-damage|p1b: Miraidon|52/100\n|move|p1a: Calyrex|Glacial Lance|p2a: Kyogre|[spread] p2a,p2b\n|-resisted|p2a: Kyogre\n|-crit|p2a: Kyogre\n|-resisted|p2b: Rillaboom\n|-damage|p2a: Kyogre|60/100 par\n|-damage|p2b: Rillaboom|78/100\n|\n|-weather|RainDance|[upkeep]\n|-heal|p1b: Miraidon|58/100|[from] Grassy Terrain\n|-heal|p2b: Rillaboom|84/100|[from] Grassy Terrain\n|-heal|p2a: Kyogre|66/100 par|[from] Grassy Terrain\n|-heal|p1a: Calyrex|36/100|[from] Grassy Terrain\n|-heal|p1a: Calyrex|42/100|[from] item: Leftovers\n|upkeep\n|turn|6\n|\n|t:|1774712639\n|move|p1b: Miraidon|Electro Drift|p2a: Kyogre\n|-supereffective|p2a: Kyogre\n|-damage|p2a: Kyogre|0 fnt\n|faint|p2a: Kyogre\n|move|p2b: Rillaboom|Wood Hammer|p1b: Miraidon\n|-resisted|p1b: Miraidon\n|-damage|p1b: Miraidon|28/100\n|-damage|p2b: Rillaboom|74/100|[from] Recoil\n|move|p1a: Calyrex|Leech Seed|p2b: Rillaboom\n|-start|p2b: Rillaboom|move: Leech Seed\n|\n|-weather|RainDance|[upkeep]\n|-heal|p1b: Miraidon|34/100|[from] Grassy Terrain\n|-heal|p2b: Rillaboom|80/100|[from] Grassy Terrain\n|-heal|p1a: Calyrex|48/100|[from] Grassy Terrain\n|-heal|p1a: Calyrex|54/100|[from] item: Leftovers\n|-damage|p2b: Rillaboom|68/100|[from] Leech Seed|[of] p1a: Calyrex\n|-heal|p1a: Calyrex|66/100|[silent]\n|upkeep\n|\n|t:|1774712649\n|switch|p2a: Incineroar|Incineroar, L50, F|100/100\n|-ability|p2a: Incineroar|Intimidate|boost\n|-unboost|p1a: Calyrex|atk|1\n|-unboost|p1b: Miraidon|atk|1\n|turn|7\n|\n|t:|1774712672\n|move|p2a: Incineroar|Fake Out|p1b: Miraidon\n|-damage|p1b: Miraidon|25/100\n|cant|p1b: Miraidon|flinch\n|move|p2b: Rillaboom|Wood Hammer|p1b: Miraidon\n|-resisted|p1b: Miraidon\n|-damage|p1b: Miraidon|0 fnt\n|faint|p1b: Miraidon\n|-damage|p2b: Rillaboom|60/100|[from] Recoil\n|move|p1a: Calyrex|Leech Seed|p2a: Incineroar|[miss]\n|-miss|p1a: Calyrex|p2a: Incineroar\n|\n|-weather|none\n|-heal|p2b: Rillaboom|66/100|[from] Grassy Terrain\n|-heal|p1a: Calyrex|72/100|[from] Grassy Terrain\n|-heal|p1a: Calyrex|77/100|[from] item: Leftovers\n|-damage|p2b: Rillaboom|54/100|[from] Leech Seed|[of] p1a: Calyrex\n|-heal|p1a: Calyrex|89/100|[silent]\n|upkeep\n|turn|8\n|l|\u2606ahfoong0411\n|player|p1|\n|j|\u2606ahfoong0411\n|player|p1|ahfoong0411|102|\n|\n|t:|1774712740\n|move|p2b: Rillaboom|Grassy Glide|p1a: Calyrex\n|-damage|p1a: Calyrex|66/100\n|move|p2a: Incineroar|Knock Off|p1a: Calyrex\n|-supereffective|p1a: Calyrex\n|-damage|p1a: Calyrex|15/100\n|-enditem|p1a: Calyrex|Leftovers|[from] move: Knock Off|[of] p2a: Incineroar\n|move|p1a: Calyrex|Leech Seed|p2a: Incineroar\n|-start|p2a: Incineroar|move: Leech Seed\n|\n|-heal|p2b: Rillaboom|59/100|[from] Grassy Terrain\n|-heal|p1a: Calyrex|21/100|[from] Grassy Terrain\n|-damage|p2b: Rillaboom|47/100|[from] Leech Seed|[of] p1a: Calyrex\n|-heal|p1a: Calyrex|33/100|[silent]\n|-damage|p2a: Incineroar|88/100|[from] Leech Seed|[of] p1a: Calyrex\n|-heal|p1a: Calyrex|45/100|[silent]\n|upkeep\n|turn|9\n|\n|t:|1774712751\n|move|p1a: Calyrex|Protect|p1a: Calyrex\n|-singleturn|p1a: Calyrex|Protect\n|move|p2b: Rillaboom|Wood Hammer|p1a: Calyrex\n|-activate|p1a: Calyrex|move: Protect\n|move|p2a: Incineroar|Knock Off|p1a: Calyrex\n|-activate|p1a: Calyrex|move: Protect\n|\n|-heal|p2b: Rillaboom|53/100|[from] Grassy Terrain\n|-heal|p2a: Incineroar|94/100|[from] Grassy Terrain\n|-heal|p1a: Calyrex|51/100|[from] Grassy Terrain\n|-damage|p2b: Rillaboom|41/100|[from] Leech Seed|[of] p1a: Calyrex\n|-heal|p1a: Calyrex|63/100|[silent]\n|-damage|p2a: Incineroar|82/100|[from] Leech Seed|[of] p1a: Calyrex\n|-heal|p1a: Calyrex|75/100|[silent]\n|-fieldend|move: Grassy Terrain\n|upkeep\n|turn|10\n|\n|t:|1774712759\n|move|p2b: Rillaboom|U-turn|p1a: Calyrex\n|-supereffective|p1a: Calyrex\n|-damage|p1a: Calyrex|47/100\n|move|p2a: Incineroar|Knock Off|p1a: Calyrex\n|-supereffective|p1a: Calyrex\n|-damage|p1a: Calyrex|15/100\n|move|p1a: Calyrex|Trick Room|p1a: Calyrex\n|-fieldstart|move: Trick Room|[of] p1a: Calyrex\n|\n|-damage|p2a: Incineroar|69/100|[from] Leech Seed|[of] p1a: Calyrex\n|-heal|p1a: Calyrex|28/100|[silent]\n|-damage|p2b: Rillaboom|29/100|[from] Leech Seed|[of] p1a: Calyrex\n|-heal|p1a: Calyrex|40/100|[silent]\n|upkeep\n|turn|11\n|\n|t:|1774712769\n|move|p1a: Calyrex|Protect|p1a: Calyrex\n|-singleturn|p1a: Calyrex|Protect\n|move|p2a: Incineroar|Knock Off|p1a: Calyrex\n|-activate|p1a: Calyrex|move: Protect\n|move|p2b: Rillaboom|U-turn|p1a: Calyrex\n|-activate|p1a: Calyrex|move: Protect\n|\n|-damage|p2a: Incineroar|57/100|[from] Leech Seed|[of] p1a: Calyrex\n|-heal|p1a: Calyrex|52/100|[silent]\n|-damage|p2b: Rillaboom|17/100|[from] Leech Seed|[of] p1a: Calyrex\n|-heal|p1a: Calyrex|64/100|[silent]\n|upkeep\n|turn|12\n|\n|t:|1774712775\n|move|p1a: Calyrex|Glacial Lance|p2a: Incineroar|[spread] p2a,p2b\n|-resisted|p2a: Incineroar\n|-resisted|p2b: Rillaboom\n|-damage|p2a: Incineroar|44/100\n|-damage|p2b: Rillaboom|1/100\n|move|p2a: Incineroar|Knock Off|p1a: Calyrex\n|-supereffective|p1a: Calyrex\n|-damage|p1a: Calyrex|34/100\n|move|p2b: Rillaboom|U-turn|p1a: Calyrex\n|-supereffective|p1a: Calyrex\n|-damage|p1a: Calyrex|5/100\n|\n|-damage|p2a: Incineroar|31/100|[from] Leech Seed|[of] p1a: Calyrex\n|-heal|p1a: Calyrex|17/100|[silent]\n|-damage|p2b: Rillaboom|0 fnt|[from] Leech Seed|[of] p1a: Calyrex\n|-heal|p1a: Calyrex|18/100|[silent]\n|faint|p2b: Rillaboom\n|upkeep\n|turn|13\n|\n|t:|1774712780\n|move|p1a: Calyrex|Protect|p1a: Calyrex\n|-singleturn|p1a: Calyrex|Protect\n|move|p2a: Incineroar|Knock Off|p1a: Calyrex\n|-activate|p1a: Calyrex|move: Protect\n|\n|-damage|p2a: Incineroar|19/100|[from] Leech Seed|[of] p1a: Calyrex\n|-heal|p1a: Calyrex|30/100|[silent]\n|upkeep\n|turn|14\n|\n|t:|1774712785\n|move|p1a: Calyrex|Glacial Lance|p2a: Incineroar\n|-resisted|p2a: Incineroar\n|-damage|p2a: Incineroar|1/100\n|move|p2a: Incineroar|Knock Off|p1a: Calyrex\n|-supereffective|p1a: Calyrex\n|-damage|p1a: Calyrex|1/100\n|\n|-damage|p2a: Incineroar|0 fnt|[from] Leech Seed|[of] p1a: Calyrex\n|-heal|p1a: Calyrex|1/100|[silent]\n|faint|p2a: Incineroar\n|\n|win|ahfoong0411\n|raw|ahfoong0411's rating: 1416 &rarr; <strong>1440</strong><br />(+24 for winning)\n|raw|yutarotaku's rating: 1478 &rarr; <strong>1454</strong><br />(-24 for losing)\n|l|\u2606yutarotaku\n|player|p2|\n|l|\u2606ahfoong0411\n|player|p1|\n|j|\u2606ahfoong0411\n|player|p1|ahfoong0411|102|\n|l|\u2606ahfoong0411\n|player|p1|\n|j|\u2606ahfoong0411\n|player|p1|ahfoong0411|102|\n|l|\u2606ahfoong0411\n|player|p1|\n|j|\u2606ahfoong0411\n|player|p1|ahfoong0411|102|\n","uploadtime":1774713425,"views":38,"formatid":"gen9vgc2026regi","rating":1440,"private":0,"password":null}