{"id":"gen9vgc2026regi-2534092532","format":"[Gen 9] VGC 2026 Reg I","players":["daviduv","fogdocker"],"log":"|j|\u2606daviduv\n|j|\u2606fogdocker\n|t:|1770386764\n|gametype|doubles\n|player|p1|daviduv|blackbelt|1446\n|player|p2|fogdocker|102|1442\n|gen|9\n|tier|[Gen 9] VGC 2026 Reg I\n|rated|\n|rule|Species Clause: Limit one of each Pok\u00e9mon\n|rule|Item Clause: Limit 1 of each item\n|clearpoke\n|poke|p1|Lunala, L50|\n|poke|p1|Koraidon, L50|\n|poke|p1|Incineroar, L50, M|\n|poke|p1|Rillaboom, L50, F|\n|poke|p1|Flutter Mane, L50|\n|poke|p1|Scream Tail, L50|\n|poke|p2|Koraidon, L50|\n|poke|p2|Flutter Mane, L50|\n|poke|p2|Calyrex-Ice, L50|\n|poke|p2|Incineroar, L50, M|\n|poke|p2|Rillaboom, L50, M|\n|poke|p2|Amoonguss, L50, M|\n|teampreview|4\n|c|\u2606daviduv|glhf\n|\n|t:|1770386829\n|teamsize|p1|4\n|teamsize|p2|4\n|start\n|switch|p1a: Lunala|Lunala, L50|100/100\n|switch|p1b: Incineroar|Incineroar, L50, M|100/100\n|switch|p2a: Koraidon|Koraidon, L50|100/100\n|switch|p2b: Flutter Mane|Flutter Mane, L50|100/100\n|-weather|SunnyDay|[from] ability: Orichalcum Pulse|[of] p2a: Koraidon\n|-activate|p2b: Flutter Mane|ability: Protosynthesis\n|-start|p2b: Flutter Mane|protosynthesisspe\n|-activate|p2a: Koraidon|Orichalcum Pulse|[source]\n|-ability|p1b: Incineroar|Intimidate|boost\n|-unboost|p2a: Koraidon|atk|1\n|-unboost|p2b: Flutter Mane|atk|1\n|turn|1\n|\n|t:|1770386856\n|move|p2a: Koraidon|Protect|p2a: Koraidon\n|-singleturn|p2a: Koraidon|Protect\n|move|p1b: Incineroar|Fake Out|p2a: Koraidon\n|-activate|p2a: Koraidon|move: Protect\n|move|p2b: Flutter Mane|Moonblast|p1a: Lunala\n|-damage|p1a: Lunala|84/100\n|move|p1a: Lunala|Calm Mind|p1a: Lunala\n|-boost|p1a: Lunala|spa|1\n|-boost|p1a: Lunala|spd|1\n|\n|-weather|SunnyDay|[upkeep]\n|-heal|p1a: Lunala|90/100|[from] item: Leftovers\n|upkeep\n|turn|2\n|\n|t:|1770386886\n|switch|p1b: Flutter Mane|Flutter Mane, L50|100/100\n|-activate|p1b: Flutter Mane|ability: Protosynthesis\n|-start|p1b: Flutter Mane|protosynthesisspe\n|move|p1a: Lunala|Protect|p1a: Lunala\n|-singleturn|p1a: Lunala|Protect\n|move|p2b: Flutter Mane|Shadow Ball|p1a: Lunala\n|-activate|p1a: Lunala|move: Protect\n|move|p2a: Koraidon|Flare Blitz|p1a: Lunala\n|-activate|p1a: Lunala|move: Protect\n|\n|-weather|SunnyDay|[upkeep]\n|-heal|p1a: Lunala|96/100|[from] item: Leftovers\n|upkeep\n|turn|3\n|\n|t:|1770386938\n|-end|p1b: Flutter Mane|Protosynthesis|[silent]\n|switch|p1b: Incineroar|Incineroar, L50, M|100/100\n|-ability|p1b: Incineroar|Intimidate|boost\n|-unboost|p2a: Koraidon|atk|1\n|-unboost|p2b: Flutter Mane|atk|1\n|-terastallize|p2a: Koraidon|Fire\n|-terastallize|p1a: Lunala|Fairy\n|move|p2b: Flutter Mane|Shadow Ball|p1b: Incineroar\n|-resisted|p1b: Incineroar\n|-damage|p1b: Incineroar|83/100\n|move|p2a: Koraidon|Flame Charge|p1b: Incineroar\n|-resisted|p1b: Incineroar\n|-crit|p1b: Incineroar\n|-damage|p1b: Incineroar|29/100\n|-boost|p2a: Koraidon|spe|1\n|-damage|p2a: Koraidon|84/100|[from] item: Rocky Helmet|[of] p1b: Incineroar\n|-damage|p2a: Koraidon|74/100|[from] item: Life Orb\n|move|p1a: Lunala|Moongeist Beam|p2b: Flutter Mane\n|-supereffective|p2b: Flutter Mane\n|-enditem|p2b: Flutter Mane|Focus Sash\n|-damage|p2b: Flutter Mane|1/100\n|\n|-weather|SunnyDay|[upkeep]\n|-heal|p1a: Lunala|100/100|[from] item: Leftovers\n|upkeep\n|turn|4\n|\n|t:|1770386969\n|switch|p2a: Incineroar|Incineroar, L50, M|100/100\n|-ability|p2a: Incineroar|Intimidate|boost\n|-unboost|p1a: Lunala|atk|1\n|-unboost|p1b: Incineroar|atk|1\n|move|p1b: Incineroar|Fake Out|p2a: Incineroar\n|-damage|p2a: Incineroar|94/100\n|move|p2b: Flutter Mane|Moonblast|p1b: Incineroar\n|-damage|p1b: Incineroar|0 fnt\n|faint|p1b: Incineroar\n|move|p1a: Lunala|Moongeist Beam|p2b: Flutter Mane\n|-supereffective|p2b: Flutter Mane\n|-damage|p2b: Flutter Mane|0 fnt\n|faint|p2b: Flutter Mane\n|-end|p2b: Flutter Mane|Protosynthesis|[silent]\n|\n|-weather|SunnyDay|[upkeep]\n|upkeep\n|\n|t:|1770386987\n|switch|p2b: Calyrex|Calyrex-Ice, L50|100/100\n|switch|p1b: Flutter Mane|Flutter Mane, L50|100/100\n|-ability|p2b: Calyrex|As One\n|-ability|p2b: Calyrex|Unnerve\n|-activate|p1b: Flutter Mane|ability: Protosynthesis\n|-start|p1b: Flutter Mane|protosynthesisspe\n|turn|5\n|\n|t:|1770386998\n|move|p2b: Calyrex|Protect|p2b: Calyrex\n|-singleturn|p2b: Calyrex|Protect\n|move|p1b: Flutter Mane|Shadow Ball|p2b: Calyrex\n|-activate|p2b: Calyrex|move: Protect\n|move|p1a: Lunala|Moongeist Beam|p2b: Calyrex\n|-activate|p2b: Calyrex|move: Protect\n|move|p2a: Incineroar|Knock Off|p1a: Lunala\n|-resisted|p1a: Lunala\n|-damage|p1a: Lunala|93/100\n|-enditem|p1a: Lunala|Leftovers|[from] move: Knock Off|[of] p2a: Incineroar\n|\n|-weather|none\n|-end|p1b: Flutter Mane|Protosynthesis\n|upkeep\n|turn|6\n|\n|t:|1770387017\n|move|p1b: Flutter Mane|Shadow Ball|p2b: Calyrex\n|-supereffective|p2b: Calyrex\n|-damage|p2b: Calyrex|47/100\n|move|p1a: Lunala|Moongeist Beam|p2b: Calyrex\n|-supereffective|p2b: Calyrex\n|-damage|p2b: Calyrex|0 fnt\n|faint|p2b: Calyrex\n|move|p2a: Incineroar|Flare Blitz|p1a: Lunala\n|-damage|p1a: Lunala|55/100\n|-damage|p2a: Incineroar|79/100|[from] Recoil\n|\n|upkeep\n|\n|t:|1770387024\n|switch|p2b: Koraidon|Koraidon, L50, tera:Fire|74/100\n|-weather|SunnyDay|[from] ability: Orichalcum Pulse|[of] p2b: Koraidon\n|-activate|p1b: Flutter Mane|ability: Protosynthesis\n|-start|p1b: Flutter Mane|protosynthesisspe\n|-activate|p2b: Koraidon|Orichalcum Pulse|[source]\n|turn|7\n|\n|t:|1770387050\n|move|p1b: Flutter Mane|Protect|p1b: Flutter Mane\n|-singleturn|p1b: Flutter Mane|Protect\n|move|p1a: Lunala|Protect|p1a: Lunala\n|-singleturn|p1a: Lunala|Protect\n|move|p2b: Koraidon|Flame Charge|p1b: Flutter Mane\n|-activate|p1b: Flutter Mane|move: Protect\n|move|p2a: Incineroar|Knock Off|p1b: Flutter Mane\n|-activate|p1b: Flutter Mane|move: Protect\n|\n|-weather|SunnyDay|[upkeep]\n|upkeep\n|turn|8\n|\n|t:|1770387101\n|move|p2b: Koraidon|Protect|p2b: Koraidon\n|-singleturn|p2b: Koraidon|Protect\n|move|p1b: Flutter Mane|Icy Wind|p2a: Incineroar|[spread] p2a\n|-activate|p2b: Koraidon|move: Protect\n|-resisted|p2a: Incineroar\n|-damage|p2a: Incineroar|73/100\n|-unboost|p2a: Incineroar|spe|1\n|move|p1a: Lunala|Moongeist Beam|p2b: Koraidon\n|-activate|p2b: Koraidon|move: Protect\n|move|p2a: Incineroar|Knock Off|p1b: Flutter Mane\n|-damage|p1b: Flutter Mane|24/100\n|-enditem|p1b: Flutter Mane|Focus Sash|[from] move: Knock Off|[of] p2a: Incineroar\n|\n|-weather|SunnyDay|[upkeep]\n|upkeep\n|turn|9\n|\n|t:|1770387160\n|move|p1a: Lunala|Protect|p1a: Lunala\n|-singleturn|p1a: Lunala|Protect\n|move|p1b: Flutter Mane|Icy Wind|p2a: Incineroar|[spread] p2a,p2b\n|-resisted|p2a: Incineroar\n|-resisted|p2b: Koraidon\n|-damage|p2a: Incineroar|67/100\n|-damage|p2b: Koraidon|67/100\n|-unboost|p2a: Incineroar|spe|1\n|-unboost|p2b: Koraidon|spe|1\n|move|p2b: Koraidon|Flame Charge|p1b: Flutter Mane\n|-damage|p1b: Flutter Mane|0 fnt\n|-boost|p2b: Koraidon|spe|1\n|faint|p1b: Flutter Mane\n|-end|p1b: Flutter Mane|Protosynthesis|[silent]\n|-damage|p2b: Koraidon|58/100|[from] item: Life Orb\n|move|p2a: Incineroar|Flare Blitz|p1a: Lunala\n|-activate|p1a: Lunala|move: Protect\n|\n|-weather|SunnyDay|[upkeep]\n|upkeep\n|\n|t:|1770387176\n|switch|p1b: Koraidon|Koraidon, L50|100/100\n|-activate|p1b: Koraidon|ability: Orichalcum Pulse\n|turn|10\n|\n|t:|1770387194\n|move|p1b: Koraidon|Flame Charge|p2a: Incineroar\n|-resisted|p2a: Incineroar\n|-damage|p2a: Incineroar|50/100\n|-boost|p1b: Koraidon|spe|1\n|-damage|p1b: Koraidon|91/100|[from] item: Life Orb\n|move|p2b: Koraidon|Close Combat|p1b: Koraidon\n|-damage|p1b: Koraidon|0 fnt\n|-unboost|p2b: Koraidon|def|1\n|-unboost|p2b: Koraidon|spd|1\n|faint|p1b: Koraidon\n|-damage|p2b: Koraidon|48/100|[from] item: Life Orb\n|move|p1a: Lunala|Moongeist Beam|p2b: Koraidon\n|-damage|p2b: Koraidon|0 fnt\n|faint|p2b: Koraidon\n|move|p2a: Incineroar|Flare Blitz|p1a: Lunala\n|-damage|p1a: Lunala|0 fnt\n|faint|p1a: Lunala\n|-damage|p2a: Incineroar|29/100|[from] Recoil\n|\n|win|fogdocker\n|raw|daviduv's rating: 1446 &rarr; <strong>1426</strong><br />(-20 for losing)\n|raw|fogdocker's rating: 1442 &rarr; <strong>1462</strong><br />(+20 for winning)\n|c|\u2606daviduv|g\n|c|\u2606daviduv|g\n|c|\u2606daviduv|gg\n|l|\u2606daviduv\n|player|p1|\n|l|\u2606fogdocker\n|player|p2|\n","uploadtime":1770387227,"views":10,"formatid":"gen9vgc2026regi","rating":1426,"private":0,"password":null}