{"id":"gen9vgc2026regi-2550554977","format":"[Gen 9] VGC 2026 Reg I","players":["parsley<3","SnarkyShane"],"log":"|j|\u2606parsley<3\n|j|\u2606SnarkyShane\n|t:|1772499858\n|gametype|doubles\n|player|p1|parsley<3|lacey|1451\n|player|p2|SnarkyShane|gambler|1459\n|gen|9\n|tier|[Gen 9] VGC 2026 Reg I\n|rated|\n|rule|Species Clause: Limit one of each Pok\u00e9mon\n|rule|Item Clause: Limit 1 of each item\n|clearpoke\n|poke|p1|Ting-Lu, L50|\n|poke|p1|Grimmsnarl, L50, M|\n|poke|p1|Calyrex-Ice, L50|\n|poke|p1|Koraidon, L50|\n|poke|p1|Rillaboom, L50, F|\n|poke|p1|Walking Wake, L50|\n|poke|p2|Rayquaza, L50|\n|poke|p2|Calyrex-Shadow, L50|\n|poke|p2|Chien-Pao, L50|\n|poke|p2|Ting-Lu, L50|\n|poke|p2|Amoonguss, L50, F|\n|poke|p2|Avalugg-Hisui, L50, M|\n|teampreview|4\n|inactive|Battle timer is ON: inactive players will automatically lose when time's up. (requested by SnarkyShane)\n|inactive|SnarkyShane has 60 seconds left.\n|\n|t:|1772499894\n|teamsize|p1|4\n|teamsize|p2|4\n|start\n|switch|p1a: Koraidon|Koraidon, L50, shiny|100/100\n|switch|p1b: Walking Wake|Walking Wake, L50|100/100\n|switch|p2a: FesterinEquestrian|Calyrex-Shadow, L50|100/100\n|switch|p2b: Noodle Del Muerte|Rayquaza, L50|100/100\n|-ability|p2a: FesterinEquestrian|As One\n|-ability|p2a: FesterinEquestrian|Unnerve\n|-weather|SunnyDay|[from] ability: Orichalcum Pulse|[of] p1a: Koraidon\n|-activate|p1a: Koraidon|Orichalcum Pulse|[source]\n|-ability|p2b: Noodle Del Muerte|Air Lock\n|turn|1\n|inactive|parsley<3 has 30 seconds left.\n|inactive|parsley<3 has 20 seconds left.\n|\n|t:|1772499933\n|move|p1a: Koraidon|Protect|p1a: Koraidon\n|-singleturn|p1a: Koraidon|Protect\n|move|p2b: Noodle Del Muerte|Protect|p2b: Noodle Del Muerte\n|-singleturn|p2b: Noodle Del Muerte|Protect\n|move|p2a: FesterinEquestrian|Astral Barrage|p1a: Koraidon|[spread] p1b\n|-activate|p1a: Koraidon|move: Protect\n|-damage|p1b: Walking Wake|33/100\n|move|p1b: Walking Wake|Snarl|p2b: Noodle Del Muerte|[spread] p2a\n|-activate|p2b: Noodle Del Muerte|move: Protect\n|-supereffective|p2a: FesterinEquestrian\n|-damage|p2a: FesterinEquestrian|39/100\n|-unboost|p2a: FesterinEquestrian|spa|1\n|\n|-weather|SunnyDay|[upkeep]\n|upkeep\n|turn|2\n|inactive|parsley<3 has 30 seconds left.\n|inactive|SnarkyShane has 30 seconds left.\n|\n|t:|1772499966\n|-terastallize|p1a: Koraidon|Fire\n|move|p2a: FesterinEquestrian|Astral Barrage|p1a: Koraidon|[spread] p1a,p1b\n|-damage|p1a: Koraidon|67/100\n|-damage|p1b: Walking Wake|0 fnt\n|faint|p1b: Walking Wake\n|-end|p1b: Walking Wake|Protosynthesis|[silent]\n|-ability|p2a: FesterinEquestrian|Grim Neigh|boost\n|-boost|p2a: FesterinEquestrian|spa|1\n|move|p1a: Koraidon|Flame Charge|p2a: FesterinEquestrian\n|-damage|p2a: FesterinEquestrian|0 fnt\n|-boost|p1a: Koraidon|spe|1\n|faint|p2a: FesterinEquestrian\n|-damage|p1a: Koraidon|58/100|[from] item: Life Orb\n|move|p2b: Noodle Del Muerte|Swords Dance|p2b: Noodle Del Muerte\n|-boost|p2b: Noodle Del Muerte|atk|2\n|\n|-weather|SunnyDay|[upkeep]\n|upkeep\n|\n|t:|1772499990\n|switch|p2a: Rock 'em Sock 'em|Avalugg-Hisui, L50, M|100/100\n|switch|p1b: Rillaboom|Rillaboom, L50, F|100/100\n|-fieldstart|move: Grassy Terrain|[from] ability: Grassy Surge|[of] p1b: Rillaboom\n|turn|3\n|j| miguetest\n|l| miguetest\n|\n|t:|1772500013\n|move|p2b: Noodle Del Muerte|Protect|p2b: Noodle Del Muerte\n|-singleturn|p2b: Noodle Del Muerte|Protect\n|move|p2a: Rock 'em Sock 'em|Protect|p2a: Rock 'em Sock 'em\n|-singleturn|p2a: Rock 'em Sock 'em|Protect\n|move|p1b: Rillaboom|Fake Out|p2b: Noodle Del Muerte\n|-activate|p2b: Noodle Del Muerte|move: Protect\n|move|p1a: Koraidon|Close Combat|p2a: Rock 'em Sock 'em\n|-activate|p2a: Rock 'em Sock 'em|move: Protect\n|\n|-weather|SunnyDay|[upkeep]\n|-heal|p1a: Koraidon|63/100|[from] Grassy Terrain\n|upkeep\n|turn|4\n|\n|t:|1772500026\n|switch|p2a: Victor Creed|Chien-Pao, L50|100/100\n|-ability|p2a: Victor Creed|Sword of Ruin\n|move|p1a: Koraidon|Protect|p1a: Koraidon\n|-singleturn|p1a: Koraidon|Protect\n|move|p2b: Noodle Del Muerte|Extreme Speed|p1a: Koraidon\n|-activate|p1a: Koraidon|move: Protect\n|move|p1b: Rillaboom|Wood Hammer|p2a: Victor Creed\n|-damage|p2a: Victor Creed|0 fnt\n|faint|p2a: Victor Creed\n|-damage|p1b: Rillaboom|73/100|[from] Recoil\n|\n|-weather|SunnyDay|[upkeep]\n|-heal|p1a: Koraidon|69/100|[from] Grassy Terrain\n|-heal|p1b: Rillaboom|79/100|[from] Grassy Terrain\n|upkeep\n|\n|t:|1772500041\n|switch|p2a: Rock 'em Sock 'em|Avalugg-Hisui, L50, M|100/100\n|turn|5\n|\n|t:|1772500058\n|move|p2a: Rock 'em Sock 'em|Protect|p2a: Rock 'em Sock 'em\n|-singleturn|p2a: Rock 'em Sock 'em|Protect\n|move|p1a: Koraidon|Close Combat|p2a: Rock 'em Sock 'em\n|-activate|p2a: Rock 'em Sock 'em|move: Protect\n|move|p2b: Noodle Del Muerte|Dragon Ascent|p1a: Koraidon\n|-damage|p1a: Koraidon|0 fnt\n|-unboost|p2b: Noodle Del Muerte|def|1\n|-unboost|p2b: Noodle Del Muerte|spd|1\n|faint|p1a: Koraidon\n|move|p1b: Rillaboom|U-turn|p2b: Noodle Del Muerte\n|-resisted|p2b: Noodle Del Muerte\n|-damage|p2b: Noodle Del Muerte|83/100\n|\n|t:|1772500066\n|switch|p1b: Calyrex|Calyrex-Ice, L50|100/100|[from] U-turn\n|-ability|p1b: Calyrex|As One\n|-ability|p1b: Calyrex|Unnerve\n|\n|-weather|none\n|upkeep\n|\n|t:|1772500068\n|switch|p1a: Rillaboom|Rillaboom, L50, F|79/100\n|turn|6\n|\n|t:|1772500088\n|-terastallize|p2a: Rock 'em Sock 'em|Grass\n|move|p1a: Rillaboom|Fake Out|p2b: Noodle Del Muerte\n|-damage|p2b: Noodle Del Muerte|62/100\n|move|p2a: Rock 'em Sock 'em|Wide Guard|p2a: Rock 'em Sock 'em\n|-singleturn|p2a: Rock 'em Sock 'em|Wide Guard\n|cant|p2b: Noodle Del Muerte|flinch\n|move|p1b: Calyrex|Trick Room|p1b: Calyrex\n|-fieldstart|move: Trick Room|[of] p1b: Calyrex\n|\n|-heal|p1a: Rillaboom|85/100|[from] Grassy Terrain\n|upkeep\n|turn|7\n|\n|t:|1772500107\n|move|p2a: Rock 'em Sock 'em|Wide Guard|p2a: Rock 'em Sock 'em\n|-singleturn|p2a: Rock 'em Sock 'em|Wide Guard\n|move|p1b: Calyrex|Leech Seed|p2b: Noodle Del Muerte\n|-start|p2b: Noodle Del Muerte|move: Leech Seed\n|move|p1a: Rillaboom|Wood Hammer|p2b: Noodle Del Muerte\n|-resisted|p2b: Noodle Del Muerte\n|-damage|p2b: Noodle Del Muerte|34/100\n|-damage|p1a: Rillaboom|76/100|[from] Recoil\n|move|p2b: Noodle Del Muerte|Dragon Ascent|p1a: Rillaboom\n|-supereffective|p1a: Rillaboom\n|-damage|p1a: Rillaboom|0 fnt\n|-unboost|p2b: Noodle Del Muerte|def|1\n|-unboost|p2b: Noodle Del Muerte|spd|1\n|faint|p1a: Rillaboom\n|\n|-damage|p2b: Noodle Del Muerte|22/100|[from] Leech Seed|[of] p1b: Calyrex\n|-fieldend|move: Grassy Terrain\n|upkeep\n|turn|8\n|\n|t:|1772500124\n|move|p1b: Calyrex|Protect|p1b: Calyrex\n|-singleturn|p1b: Calyrex|Protect\n|move|p2b: Noodle Del Muerte|Extreme Speed|p1b: Calyrex\n|-activate|p1b: Calyrex|move: Protect\n|move|p2a: Rock 'em Sock 'em|Rock Blast|p1b: Calyrex\n|-activate|p1b: Calyrex|move: Protect\n|\n|-damage|p2b: Noodle Del Muerte|9/100|[from] Leech Seed|[of] p1b: Calyrex\n|upkeep\n|turn|9\n|\n|t:|1772500135\n|move|p2a: Rock 'em Sock 'em|Wide Guard|p2a: Rock 'em Sock 'em\n|-singleturn|p2a: Rock 'em Sock 'em|Wide Guard\n|move|p1b: Calyrex|Glacial Lance|p2a: Rock 'em Sock 'em|[spread] \n|-activate|p2a: Rock 'em Sock 'em|move: Wide Guard\n|-activate|p2b: Noodle Del Muerte|move: Wide Guard\n|move|p2b: Noodle Del Muerte|Dragon Ascent|p1b: Calyrex\n|-damage|p1b: Calyrex|16/100\n|-unboost|p2b: Noodle Del Muerte|def|1\n|-unboost|p2b: Noodle Del Muerte|spd|1\n|\n|-heal|p1b: Calyrex|22/100|[from] item: Leftovers\n|-damage|p2b: Noodle Del Muerte|0 fnt|[from] Leech Seed|[of] p1b: Calyrex\n|-heal|p1b: Calyrex|31/100|[silent]\n|faint|p2b: Noodle Del Muerte\n|upkeep\n|turn|10\n|\n|t:|1772500146\n|move|p1b: Calyrex|Protect|p1b: Calyrex\n|-singleturn|p1b: Calyrex|Protect\n|move|p2a: Rock 'em Sock 'em|Rock Blast|p1b: Calyrex\n|-activate|p1b: Calyrex|move: Protect\n|\n|-heal|p1b: Calyrex|37/100|[from] item: Leftovers\n|-fieldend|move: Trick Room\n|upkeep\n|turn|11\n|\n|t:|1772500152\n|move|p1b: Calyrex|Glacial Lance|p2a: Rock 'em Sock 'em\n|-supereffective|p2a: Rock 'em Sock 'em\n|-damage|p2a: Rock 'em Sock 'em|26/100\n|move|p2a: Rock 'em Sock 'em|Rock Blast|p1b: Calyrex\n|-supereffective|p1b: Calyrex\n|-damage|p1b: Calyrex|20/100\n|-supereffective|p1b: Calyrex\n|-damage|p1b: Calyrex|2/100\n|-supereffective|p1b: Calyrex\n|-damage|p1b: Calyrex|0 fnt\n|faint|p1b: Calyrex\n|-hitcount|p1: Calyrex|3\n|\n|win|SnarkyShane\n|raw|parsley&lt;3's rating: 1451 &rarr; <strong>1431</strong><br />(-20 for losing)\n|raw|SnarkyShane's rating: 1459 &rarr; <strong>1479</strong><br />(+20 for winning)\n|l|\u2606parsley<3\n|player|p1|\n|l|\u2606SnarkyShane\n|player|p2|\n","uploadtime":1772500292,"views":21,"formatid":"gen9vgc2026regi","rating":1431,"private":0,"password":null}