{"id":"gen9vgc2026regi-2569160246","format":"[Gen 9] VGC 2026 Reg I","players":["lolgz","editaccount"],"log":"|j|\u2606lolgz\n|j|\u2606editaccount\n|t:|1774654853\n|gametype|doubles\n|player|p1|lolgz|102|\n|player|p2|editaccount|2|\n|gen|9\n|tier|[Gen 9] VGC 2026 Reg I\n|rated|Tournament battle\n|rule|Species Clause: Limit one of each Pok\u00e9mon\n|rule|Item Clause: Limit 1 of each item\n|raw|<div class=\"infobox\"><details class=\"readmore\" open><summary><strong>3 custom rules:</strong></summary> Open Team Sheets, Force Open Team Sheets, !Open Team Sheets</details></div>\n|clearpoke\n|poke|p1|Calyrex-Ice, L50|\n|poke|p1|Lunala, L50|\n|poke|p1|Indeedee-F, L50, F|\n|poke|p1|Ursaluna, L50, M|\n|poke|p1|Torkoal, L50, M|\n|poke|p1|Iron Hands, L50|\n|poke|p2|Sinistcha, L50|\n|poke|p2|Urshifu-*, L50, M|\n|poke|p2|Terapagos, L50, M|\n|poke|p2|Miraidon, L50|\n|poke|p2|Incineroar, L50, F|\n|poke|p2|Iron Treads, L50|\n|teampreview|4\n|showteam|p1|Calyrex-Ice||Leftovers|AsOneGlastrier|GlacialLance,LeechSeed,TrickRoom,Protect||||||50|,,,,,Water]Lunala||PowerHerb|ShadowShield|MoongeistBeam,MeteorBeam,WideGuard,TrickRoom||||||50|,,,,,Fairy]Indeedee-F||SafetyGoggles|PsychicSurge|Psychic,FollowMe,HelpingHand,TrickRoom|||F|||50|,,,,,Water]Ursaluna||FlameOrb|Guts|Protect,Facade,HeadlongRush,Earthquake|||M|||50|,,,,,Ghost]Torkoal||ChoiceSpecs|Drought|Eruption,HeatWave,EarthPower,WeatherBall|||M|||50|,,,,,Fire]Iron Hands||ClearAmulet|QuarkDrive|FakeOut,DrainPunch,WildCharge,LowKick||||||50|,,,,,Grass\n|showteam|p2|Sinistcha||EjectButton|Hospitality|MatchaGotcha,RagePowder,LifeDew,Protect||||||50|,,,,,Dark]Urshifu-Rapid-Strike||FocusSash|UnseenFist|SurgingStrikes,CloseCombat,Detect,AquaJet|||M|||50|,,,,,Ghost]Terapagos||ElectricSeed|TeraShift|TeraStarstorm,EarthPower,Protect,CalmMind|||M|||50|,,,,,Stellar]Miraidon||ChoiceScarf|HadronEngine|ElectroDrift,VoltSwitch,DracoMeteor,Snarl||||||50|,,,,,Electric]Incineroar||AssaultVest|Intimidate|KnockOff,FakeOut,FlareBlitz,Uturn|||F|||50|,,,,,Bug]Iron Treads||LifeOrb|QuarkDrive|HighHorsepower,SteelRoller,RockSlide,Protect||||||50|,,,,,Ground\n|inactive|Battle timer is ON: inactive players will automatically lose when time's up. (requested by editaccount)\n|\n|t:|1774654918\n|teamsize|p1|4\n|teamsize|p2|4\n|start\n|switch|p1a: Iron Hands|Iron Hands, L50|100/100\n|switch|p1b: Lunala|Lunala, L50|100/100\n|switch|p2a: Incineroar|Incineroar, L50, F|100/100\n|switch|p2b: Terapagos|Terapagos, L50, M|100/100\n|-activate|p2b: Terapagos|ability: Tera Shift\n|detailschange|p2b: Terapagos|Terapagos-Terastal, L50, M\n|-heal|p2b: Terapagos|100/100|[silent]\n|-ability|p2a: Incineroar|Intimidate|boost\n|-fail|p1a: Iron Hands|unboost|[from] item: Clear Amulet|[of] p1a: Iron Hands\n|-unboost|p1b: Lunala|atk|1\n|turn|1\n|inactive|editaccount has 30 seconds left.\n|inactive|editaccount has 20 seconds left.\n|inactive|editaccount has 15 seconds left.\n|\n|t:|1774654959\n|move|p2a: Incineroar|Fake Out|p1a: Iron Hands\n|-damage|p1a: Iron Hands|93/100\n|cant|p1a: Iron Hands|flinch\n|move|p2b: Terapagos|Calm Mind|p2b: Terapagos\n|-boost|p2b: Terapagos|spa|1\n|-boost|p2b: Terapagos|spd|1\n|move|p1b: Lunala|Meteor Beam||[still]\n|-prepare|p1b: Lunala|Meteor Beam\n|-boost|p1b: Lunala|spa|1\n|-enditem|p1b: Lunala|Power Herb\n|-anim|p1b: Lunala|Meteor Beam|p2a: Incineroar\n|-supereffective|p2a: Incineroar\n|-damage|p2a: Incineroar|33/100\n|\n|upkeep\n|turn|2\n|j| Rodaku\n|\n|t:|1774654984\n|move|p2b: Terapagos|Calm Mind|p2b: Terapagos\n|-boost|p2b: Terapagos|spa|1\n|-boost|p2b: Terapagos|spd|1\n|move|p2a: Incineroar|Knock Off|p1a: Iron Hands\n|-resisted|p1a: Iron Hands\n|-damage|p1a: Iron Hands|81/100\n|-enditem|p1a: Iron Hands|Clear Amulet|[from] move: Knock Off|[of] p2a: Incineroar\n|move|p1a: Iron Hands|Drain Punch|p2b: Terapagos\n|-activate|p2b: Terapagos|ability: Tera Shell\n|-resisted|p2b: Terapagos\n|-damage|p2b: Terapagos|87/100\n|-heal|p1a: Iron Hands|86/100|[from] drain|[of] p2b: Terapagos\n|move|p1b: Lunala|Trick Room|p1b: Lunala\n|-fieldstart|move: Trick Room|[of] p1b: Lunala\n|\n|upkeep\n|turn|3\n|inactive|editaccount has 30 seconds left.\n|j| pfeitosa\n|\n|t:|1774655017\n|switch|p2a: Sinistcha|Sinistcha, L50|100/100\n|-heal|p2b: Terapagos|100/100|[from] ability: Hospitality|[of] p2a: Sinistcha\n|move|p1b: Lunala|Wide Guard|p1b: Lunala\n|-singleturn|p1b: Lunala|Wide Guard\n|move|p1a: Iron Hands|Drain Punch|p2b: Terapagos\n|-activate|p2b: Terapagos|ability: Tera Shell\n|-resisted|p2b: Terapagos\n|-damage|p2b: Terapagos|87/100\n|-heal|p1a: Iron Hands|91/100|[from] drain|[of] p2b: Terapagos\n|move|p2b: Terapagos|Earth Power|p1a: Iron Hands\n|-supereffective|p1a: Iron Hands\n|-damage|p1a: Iron Hands|20/100\n|\n|upkeep\n|turn|4\n|l| pfeitosa\n|\n|t:|1774655042\n|switch|p2a: Incineroar|Incineroar, L50, F|33/100\n|-ability|p2a: Incineroar|Intimidate|boost\n|-unboost|p1a: Iron Hands|atk|1\n|-unboost|p1b: Lunala|atk|1\n|move|p1a: Iron Hands|Drain Punch|p2b: Terapagos\n|-supereffective|p2b: Terapagos\n|-damage|p2b: Terapagos|48/100\n|-heal|p1a: Iron Hands|35/100|[from] drain|[of] p2b: Terapagos\n|move|p1b: Lunala|Moongeist Beam|p2a: Incineroar\n|-resisted|p2a: Incineroar\n|-damage|p2a: Incineroar|11/100\n|move|p2b: Terapagos|Earth Power|p1b: Lunala\n|-damage|p1b: Lunala|86/100\n|\n|upkeep\n|turn|5\n|\n|t:|1774655063\n|move|p2a: Incineroar|Fake Out|p1a: Iron Hands\n|-damage|p1a: Iron Hands|28/100\n|cant|p1a: Iron Hands|flinch\n|move|p1b: Lunala|Moongeist Beam|p2a: Incineroar\n|-resisted|p2a: Incineroar\n|-damage|p2a: Incineroar|0 fnt\n|faint|p2a: Incineroar\n|move|p2b: Terapagos|Tera Starstorm|p1a: Iron Hands\n|-damage|p1a: Iron Hands|0 fnt\n|faint|p1a: Iron Hands\n|-end|p1a: Iron Hands|Quark Drive|[silent]\n|\n|upkeep\n|\n|t:|1774655080\n|switch|p1a: Calyrex|Calyrex-Ice, L50|100/100\n|switch|p2a: Urshifu|Urshifu-Rapid-Strike, L50, M|100/100\n|-ability|p1a: Calyrex|As One\n|-ability|p1a: Calyrex|Unnerve\n|turn|6\n|\n|t:|1774655088\n|-terastallize|p2b: Terapagos|Stellar\n|detailschange|p2b: Terapagos|Terapagos-Stellar, L50, M, tera:Stellar\n|-heal|p2b: Terapagos|62/100|[silent]\n|move|p2a: Urshifu|Detect|p2a: Urshifu\n|-singleturn|p2a: Urshifu|Protect\n|move|p1b: Lunala|Wide Guard|p1b: Lunala\n|-singleturn|p1b: Lunala|Wide Guard\n|move|p1a: Calyrex|Glacial Lance|p2a: Urshifu|[spread] p2b\n|-activate|p2a: Urshifu|move: Protect\n|-damage|p2b: Terapagos|37/100\n|move|p2b: Terapagos|Tera Starstorm|p1b: Lunala|[spread] \n|-activate|p1a: Calyrex|move: Wide Guard\n|-activate|p1b: Lunala|move: Wide Guard\n|\n|-fieldend|move: Trick Room\n|upkeep\n|turn|7\n|\n|t:|1774655108\n|-terastallize|p1a: Calyrex|Water\n|move|p2a: Urshifu|Surging Strikes|p1a: Calyrex\n|-resisted|p1a: Calyrex\n|-crit|p1a: Calyrex\n|-damage|p1a: Calyrex|93/100\n|-resisted|p1a: Calyrex\n|-crit|p1a: Calyrex\n|-damage|p1a: Calyrex|87/100\n|-resisted|p1a: Calyrex\n|-crit|p1a: Calyrex\n|-damage|p1a: Calyrex|81/100\n|-hitcount|p1a: Calyrex|3\n|move|p2b: Terapagos|Tera Starstorm|p1a: Calyrex|[spread] p1a,p1b\n|-supereffective|p1a: Calyrex\n|-damage|p1a: Calyrex|5/100\n|-damage|p1b: Lunala|47/100\n|move|p1a: Calyrex|Leech Seed|p2b: Terapagos\n|-start|p2b: Terapagos|move: Leech Seed\n|move|p1b: Lunala|Trick Room|p1b: Lunala\n|-fieldstart|move: Trick Room|[of] p1b: Lunala\n|\n|-heal|p1a: Calyrex|11/100|[from] item: Leftovers\n|-damage|p2b: Terapagos|24/100|[from] Leech Seed|[of] p1a: Calyrex\n|-heal|p1a: Calyrex|26/100|[silent]\n|upkeep\n|turn|8\n|\n|t:|1774655125\n|switch|p2a: Sinistcha|Sinistcha, L50|100/100\n|-heal|p2b: Terapagos|49/100|[from] ability: Hospitality|[of] p2a: Sinistcha\n|move|p1a: Calyrex|Glacial Lance|p2a: Sinistcha|[spread] p2a,p2b\n|-supereffective|p2a: Sinistcha\n|-damage|p2a: Sinistcha|18/100\n|-damage|p2b: Terapagos|25/100\n|-enditem|p2a: Sinistcha|Eject Button\n|\n|t:|1774655132\n|switch|p2a: Urshifu|Urshifu-Rapid-Strike, L50, M|100/100\n|move|p1b: Lunala|Moongeist Beam|p2a: Urshifu\n|-enditem|p2a: Urshifu|Focus Sash\n|-damage|p2a: Urshifu|1/100\n|move|p2b: Terapagos|Earth Power|p1a: Calyrex\n|-damage|p1a: Calyrex|0 fnt\n|faint|p1a: Calyrex\n|\n|upkeep\n|\n|t:|1774655139\n|switch|p1a: Indeedee|Indeedee-F, L50, F|100/100\n|-fieldstart|move: Psychic Terrain|[from] ability: Psychic Surge|[of] p1a: Indeedee\n|turn|9\n|j| AkselVGC\n|\n|t:|1774655157\n|switch|p2a: Sinistcha|Sinistcha, L50|18/100\n|-heal|p2b: Terapagos|50/100|[from] ability: Hospitality|[of] p2a: Sinistcha\n|move|p1b: Lunala|Moongeist Beam|p2a: Sinistcha\n|-supereffective|p2a: Sinistcha\n|-damage|p2a: Sinistcha|0 fnt\n|faint|p2a: Sinistcha\n|move|p1a: Indeedee|Psychic|p2b: Terapagos\n|-damage|p2b: Terapagos|38/100\n|move|p2b: Terapagos|Tera Starstorm|p1a: Indeedee|[spread] p1a,p1b\n|-damage|p1a: Indeedee|33/100\n|-damage|p1b: Lunala|2/100\n|\n|-damage|p2b: Terapagos|25/100|[from] Leech Seed|[of] p1a: Indeedee\n|-heal|p1a: Indeedee|51/100|[silent]\n|upkeep\n|c|\u2606lolgz|gg\n|\n|t:|1774655166\n|switch|p2a: Urshifu|Urshifu-Rapid-Strike, L50, M|1/100\n|turn|10\n|\n|t:|1774655173\n|move|p2a: Urshifu|Detect|p2a: Urshifu\n|-singleturn|p2a: Urshifu|Protect\n|move|p1b: Lunala|Moongeist Beam|p2a: Urshifu\n|-activate|p2a: Urshifu|move: Protect\n|move|p1a: Indeedee|Psychic|p2b: Terapagos\n|-damage|p2b: Terapagos|13/100\n|-unboost|p2b: Terapagos|spd|1\n|move|p2b: Terapagos|Earth Power|p1b: Lunala\n|-damage|p1b: Lunala|0 fnt\n|faint|p1b: Lunala\n|\n|-damage|p2b: Terapagos|1/100|[from] Leech Seed|[of] p1a: Indeedee\n|-heal|p1a: Indeedee|69/100|[silent]\n|upkeep\n|turn|11\n|\n|t:|1774655184\n|move|p1a: Indeedee|Psychic|p2a: Urshifu\n|-supereffective|p2a: Urshifu\n|-damage|p2a: Urshifu|0 fnt\n|faint|p2a: Urshifu\n|move|p2b: Terapagos|Tera Starstorm|p1a: Indeedee\n|-damage|p1a: Indeedee|0 fnt\n|faint|p1a: Indeedee\n|\n|win|editaccount\n|n|\u2606lolgz|lolgz\n|n|\u2606editaccount|editaccount\n|n| Rodaku|rodaku\n|n| AkselVGC|akselvgc\n","uploadtime":1774655184,"views":13,"formatid":"gen9vgc2026regi","rating":null,"private":0,"password":null}