{"id":"gen9vgc2026regi-2562571826","format":"[Gen 9] VGC 2026 Reg I","players":["Shooples","sheeshshane925"],"log":"|j|\u2606Shooples\n|j|\u2606sheeshshane925\n|t:|1773931350\n|gametype|doubles\n|player|p1|Shooples|170|1306\n|player|p2|sheeshshane925|chuck|1405\n|gen|9\n|tier|[Gen 9] VGC 2026 Reg I\n|rated|\n|rule|Species Clause: Limit one of each Pok\u00e9mon\n|rule|Item Clause: Limit 1 of each item\n|clearpoke\n|poke|p1|Miraidon, L50|\n|poke|p1|Terapagos, L50, M|\n|poke|p1|Dachsbun, L50, F|\n|poke|p1|Sinistcha, L50|\n|poke|p1|Incineroar, L50, F|\n|poke|p1|Urshifu-*, L50, F|\n|poke|p2|Calyrex-Ice, L50|\n|poke|p2|Miraidon, L50|\n|poke|p2|Farigiraf, L50, F|\n|poke|p2|Iron Hands, L50|\n|poke|p2|Scraggy, L50, M|\n|poke|p2|Iron Bundle, L50|\n|teampreview|4\n|inactive|Battle timer is ON: inactive players will automatically lose when time's up. (requested by Shooples)\n|\n|t:|1773931378\n|teamsize|p1|4\n|teamsize|p2|4\n|start\n|switch|p1a: Miraidon|Miraidon, L50|100/100\n|switch|p1b: Incineroar|Incineroar, L50, F|100/100\n|switch|p2a: Iron Hands|Iron Hands, L50|100/100\n|switch|p2b: Farigiraf|Farigiraf, L50, F, shiny|100/100\n|-fieldstart|move: Electric Terrain|[from] ability: Hadron Engine|[of] p1a: Miraidon\n|-enditem|p2b: Farigiraf|Electric Seed\n|-boost|p2b: Farigiraf|def|1|[from] item: Electric Seed\n|-activate|p2a: Iron Hands|ability: Quark Drive\n|-start|p2a: Iron Hands|quarkdriveatk\n|-ability|p1b: Incineroar|Intimidate|boost\n|-unboost|p2a: Iron Hands|atk|1\n|-unboost|p2b: Farigiraf|atk|1\n|turn|1\n|\n|t:|1773931401\n|switch|p1a: Sinistcha|Sinistcha, L50|100/100\n|move|p2a: Iron Hands|Fake Out|p1a: Sinistcha\n|-immune|p1a: Sinistcha\n|move|p1b: Incineroar|Will-O-Wisp|p2a: Iron Hands|[miss]\n|-miss|p1b: Incineroar|p2a: Iron Hands\n|move|p2b: Farigiraf|Trick Room|p2b: Farigiraf\n|-fieldstart|move: Trick Room|[of] p2b: Farigiraf\n|\n|upkeep\n|turn|2\n|\n|t:|1773931424\n|-end|p2a: Iron Hands|Quark Drive|[silent]\n|switch|p2a: Scraggy|Scraggy, L50, M|100/100\n|-ability|p2a: Scraggy|Intimidate|boost\n|-unboost|p1a: Sinistcha|atk|1\n|-unboost|p1b: Incineroar|atk|1\n|switch|p2b: Calyrex|Calyrex-Ice, L50|100/100\n|-ability|p2b: Calyrex|As One\n|-ability|p2b: Calyrex|Unnerve\n|move|p1b: Incineroar|Knock Off|p2b: Calyrex\n|-supereffective|p2b: Calyrex\n|-damage|p2b: Calyrex|72/100\n|-enditem|p2b: Calyrex|Clear Amulet|[from] move: Knock Off|[of] p1b: Incineroar\n|move|p1a: Sinistcha|Trick Room|p1a: Sinistcha\n|-fieldend|move: Trick Room\n|\n|upkeep\n|turn|3\n|\n|t:|1773931448\n|-terastallize|p2b: Calyrex|Fire\n|move|p1a: Sinistcha|Shadow Ball|p2b: Calyrex\n|-crit|p2b: Calyrex\n|-damage|p2b: Calyrex|27/100\n|move|p1b: Incineroar|Will-O-Wisp|p2b: Calyrex\n|-immune|p2b: Calyrex\n|move|p2b: Calyrex|Glacial Lance|p1b: Incineroar|[spread] p1a,p1b\n|-supereffective|p1a: Sinistcha\n|-resisted|p1b: Incineroar\n|-enditem|p1a: Sinistcha|Focus Sash\n|-damage|p1a: Sinistcha|1/100\n|-damage|p1b: Incineroar|78/100\n|move|p2a: Scraggy|Coaching|p2b: Calyrex\n|-boost|p2b: Calyrex|atk|1\n|-boost|p2b: Calyrex|def|1\n|\n|upkeep\n|turn|4\n|inactive|sheeshshane925 has 30 seconds left.\n|inactive|sheeshshane925 has 20 seconds left.\n|\n|t:|1773931483\n|switch|p2a: Iron Hands|Iron Hands, L50|100/100\n|-activate|p2a: Iron Hands|ability: Quark Drive\n|-start|p2a: Iron Hands|quarkdriveatk\n|move|p1a: Sinistcha|Protect|p1a: Sinistcha\n|-singleturn|p1a: Sinistcha|Protect\n|move|p1b: Incineroar|Will-O-Wisp|p2a: Iron Hands|[miss]\n|-miss|p1b: Incineroar|p2a: Iron Hands\n|move|p2b: Calyrex|Glacial Lance|p1b: Incineroar|[spread] p1b\n|-activate|p1a: Sinistcha|move: Protect\n|-resisted|p1b: Incineroar\n|-damage|p1b: Incineroar|47/100\n|\n|upkeep\n|turn|5\n|\n|t:|1773931499\n|move|p2a: Iron Hands|Fake Out|p1b: Incineroar\n|-damage|p1b: Incineroar|31/100\n|-damage|p2a: Iron Hands|84/100|[from] item: Rocky Helmet|[of] p1b: Incineroar\n|move|p1a: Sinistcha|Shadow Ball|p2b: Calyrex\n|-damage|p2b: Calyrex|0 fnt\n|faint|p2b: Calyrex\n|cant|p1b: Incineroar|flinch\n|\n|-fieldend|move: Electric Terrain\n|-end|p2a: Iron Hands|Quark Drive\n|upkeep\n|-message|sheeshshane925 forfeited.\n|\n|win|Shooples\n|raw|Shooples's rating: 1306 &rarr; <strong>1332</strong><br />(+26 for winning)\n|raw|sheeshshane925's rating: 1405 &rarr; <strong>1379</strong><br />(-26 for losing)\n|l|\u2606sheeshshane925\n|player|p2|\n|l|\u2606Shooples\n|player|p1|\n","uploadtime":1773931761,"views":9,"formatid":"gen9vgc2026regi","rating":1332,"private":0,"password":null}