{"id":"gen9vgc2026regi-2561905097","format":"[Gen 9] VGC 2026 Reg I","players":["firefalls","Ing Burrito"],"log":"|j|\u2606firefalls\n|j|\u2606Ing Burrito\n|t:|1773853570\n|gametype|doubles\n|player|p1|firefalls|n|1237\n|player|p2|Ing Burrito|buck|1242\n|gen|9\n|tier|[Gen 9] VGC 2026 Reg I\n|rated|\n|rule|Species Clause: Limit one of each Pok\u00e9mon\n|rule|Item Clause: Limit 1 of each item\n|clearpoke\n|poke|p1|Koraidon, L50|\n|poke|p1|Scovillain, L50, F|\n|poke|p1|Miraidon, L50|\n|poke|p1|Chesnaught, L50, M|\n|poke|p1|Clefairy, L50, M|\n|poke|p1|Indeedee-F, L50, F|\n|poke|p2|Koraidon, L50|\n|poke|p2|Lunala, L50|\n|poke|p2|Indeedee-F, L50, F|\n|poke|p2|Flutter Mane, L50|\n|poke|p2|Ogerpon-Cornerstone, L50, F|\n|poke|p2|Chi-Yu, L50|\n|teampreview|4\n|inactive|Battle timer is ON: inactive players will automatically lose when time's up. (requested by firefalls)\n|inactive|Ing Burrito also wants the timer to be on.\n|\n|t:|1773853597\n|teamsize|p1|4\n|teamsize|p2|4\n|start\n|switch|p1a: Scovillain|Scovillain, L50, F|100/100\n|switch|p1b: Miraidon|Miraidon, L50|100/100\n|switch|p2a: Lunala|Lunala, L50|100/100\n|switch|p2b: Indeedee|Indeedee-F, L50, F|100/100\n|-fieldstart|move: Electric Terrain|[from] ability: Hadron Engine|[of] p1b: Miraidon\n|-fieldstart|move: Psychic Terrain|[from] ability: Psychic Surge|[of] p2b: Indeedee\n|turn|1\n|inactive|firefalls has 30 seconds left.\n|\n|t:|1773853626\n|switch|p1a: Clefairy|Clefairy, L50, M|100/100\n|move|p2a: Lunala|Protect|p2a: Lunala\n|-singleturn|p2a: Lunala|Protect\n|move|p1b: Miraidon|Snarl|p2b: Indeedee|[spread] p2b\n|-activate|p2a: Lunala|move: Protect\n|-supereffective|p2b: Indeedee\n|-damage|p2b: Indeedee|65/100\n|-unboost|p2b: Indeedee|spa|1\n|move|p2b: Indeedee|Trick Room|p2b: Indeedee\n|-fieldstart|move: Trick Room|[of] p2b: Indeedee\n|\n|upkeep\n|turn|2\n|\n|t:|1773853645\n|move|p2b: Indeedee|Helping Hand|p2a: Lunala\n|-singleturn|p2a: Lunala|Helping Hand|[of] p2b: Indeedee\n|move|p1a: Clefairy|Follow Me|p1a: Clefairy\n|-singleturn|p1a: Clefairy|move: Follow Me\n|move|p2a: Lunala|Expanding Force|p1a: Clefairy|[spread] p1a,p1b\n|-damage|p1a: Clefairy|15/100\n|-damage|p1b: Miraidon|35/100\n|move|p1b: Miraidon|Snarl|p2a: Lunala|[spread] p2a,p2b\n|-supereffective|p2a: Lunala\n|-supereffective|p2b: Indeedee\n|-damage|p2a: Lunala|73/100\n|-damage|p2b: Indeedee|34/100\n|-unboost|p2a: Lunala|spa|1\n|-unboost|p2b: Indeedee|spa|1\n|\n|upkeep\n|turn|3\n|\n|t:|1773853666\n|move|p2b: Indeedee|Helping Hand|p2a: Lunala\n|-singleturn|p2a: Lunala|Helping Hand|[of] p2b: Indeedee\n|move|p1a: Clefairy|After You|p1b: Miraidon\n|-activate|p1b: Miraidon|move: After You\n|move|p1b: Miraidon|Snarl|p2b: Indeedee|[spread] p2a,p2b\n|-supereffective|p2a: Lunala\n|-supereffective|p2b: Indeedee\n|-damage|p2a: Lunala|23/100\n|-damage|p2b: Indeedee|4/100\n|-unboost|p2a: Lunala|spa|1\n|-unboost|p2b: Indeedee|spa|1\n|move|p2a: Lunala|Expanding Force|p1a: Clefairy|[spread] p1a,p1b\n|-damage|p1a: Clefairy|0 fnt\n|-damage|p1b: Miraidon|3/100\n|faint|p1a: Clefairy\n|\n|upkeep\n|\n|t:|1773853681\n|switch|p1a: Scovillain|Scovillain, L50, F|100/100\n|turn|4\n|\n|t:|1773853695\n|move|p2b: Indeedee|Shadow Ball|p1b: Miraidon\n|-damage|p1b: Miraidon|0 fnt\n|faint|p1b: Miraidon\n|move|p1a: Scovillain|Overheat|p2a: Lunala\n|-damage|p2a: Lunala|0 fnt\n|-unboost|p1a: Scovillain|spa|2\n|faint|p2a: Lunala\n|\n|upkeep\n|\n|t:|1773853708\n|switch|p2a: Flutter Mane|Flutter Mane, L50|100/100\n|switch|p1b: Koraidon|Koraidon, L50|100/100\n|-weather|SunnyDay|[from] ability: Orichalcum Pulse|[of] p1b: Koraidon\n|-activate|p2a: Flutter Mane|ability: Protosynthesis\n|-start|p2a: Flutter Mane|protosynthesisspe\n|-activate|p1b: Koraidon|Orichalcum Pulse|[source]\n|turn|5\n|\n|t:|1773853725\n|move|p2a: Flutter Mane|Protect|p2a: Flutter Mane\n|-singleturn|p2a: Flutter Mane|Protect\n|move|p2b: Indeedee|Shadow Ball|p1b: Koraidon\n|-damage|p1b: Koraidon|93/100\n|move|p1b: Koraidon|Flame Charge|p2a: Flutter Mane\n|-activate|p2a: Flutter Mane|move: Protect\n|move|p1a: Scovillain|Overheat|p2b: Indeedee\n|-damage|p2b: Indeedee|0 fnt\n|-unboost|p1a: Scovillain|spa|2\n|faint|p2b: Indeedee\n|\n|-weather|SunnyDay|[upkeep]\n|-fieldend|move: Trick Room\n|-fieldend|move: Psychic Terrain\n|upkeep\n|\n|t:|1773853739\n|switch|p2b: Koraidon|Koraidon, L50|100/100\n|-activate|p2b: Koraidon|ability: Orichalcum Pulse\n|turn|6\n|\n|t:|1773853762\n|-terastallize|p2b: Koraidon|Fire\n|-terastallize|p1b: Koraidon|Fire\n|move|p2a: Flutter Mane|Icy Wind|p1a: Scovillain|[spread] p1a,p1b\n|-resisted|p1b: Koraidon\n|-damage|p1a: Scovillain|73/100\n|-damage|p1b: Koraidon|85/100\n|-unboost|p1a: Scovillain|spe|1\n|move|p2b: Koraidon|Flare Blitz|p1b: Koraidon\n|-resisted|p1b: Koraidon\n|-damage|p1b: Koraidon|11/100\n|-damage|p2b: Koraidon|76/100|[from] Recoil\n|-damage|p2b: Koraidon|66/100|[from] item: Life Orb\n|move|p1a: Scovillain|Overheat|p2a: Flutter Mane\n|-damage|p2a: Flutter Mane|71/100\n|-unboost|p1a: Scovillain|spa|2\n|move|p1b: Koraidon|Flame Charge|p2a: Flutter Mane\n|-damage|p2a: Flutter Mane|0 fnt\n|-boost|p1b: Koraidon|spe|1\n|faint|p2a: Flutter Mane\n|-end|p2a: Flutter Mane|Protosynthesis|[silent]\n|\n|-weather|SunnyDay|[upkeep]\n|upkeep\n|turn|7\n|inactive|firefalls has 30 seconds left.\n|\n|t:|1773853789\n|move|p1a: Scovillain|Rage Powder|p1a: Scovillain\n|-singleturn|p1a: Scovillain|move: Rage Powder\n|move|p1b: Koraidon|Collision Course|p2b: Koraidon\n|-damage|p2b: Koraidon|0 fnt\n|faint|p2b: Koraidon\n|\n|win|firefalls\n|raw|firefalls's rating: 1237 &rarr; <strong>1262</strong><br />(+25 for winning)\n|raw|Ing Burrito's rating: 1242 &rarr; <strong>1217</strong><br />(-25 for losing)\n|l|\u2606Ing Burrito\n|player|p2|\n|l|\u2606firefalls\n|player|p1|\n","uploadtime":1773853948,"views":10,"formatid":"gen9vgc2026regi","rating":1217,"private":0,"password":null}