{"id":"gen9vgc2026regi-2547209687","format":"[Gen 9] VGC 2026 Reg I","players":["Emdimian","alexit93"],"log":"|j|\u203dEmdimian\n|j|\u2606alexit93\n|t:|1772057468\n|gametype|doubles\n|player|p1|Emdimian|medium|1151\n|player|p2|alexit93|lucas-gen4pt|1306\n|gen|9\n|tier|[Gen 9] VGC 2026 Reg I\n|rated|\n|rule|Species Clause: Limit one of each Pok\u00e9mon\n|rule|Item Clause: Limit 1 of each item\n|clearpoke\n|poke|p1|Ursaluna-Bloodmoon, L50, M|\n|poke|p1|Iron Hands, L50|\n|poke|p1|Koraidon, L50|\n|poke|p1|Lunala, L50|\n|poke|p1|Roaring Moon, L50|\n|poke|p1|Walking Wake, L50|\n|poke|p2|Zamazenta-*, L50|\n|poke|p2|Chien-Pao, L50|\n|poke|p2|Miraidon, L50|\n|poke|p2|Iron Hands, L50|\n|poke|p2|Riolu, L50, F|\n|poke|p2|Landorus, L50, M|\n|teampreview|4\n|\n|t:|1772057542\n|teamsize|p1|4\n|teamsize|p2|4\n|start\n|switch|p1a: Koraidon|Koraidon, L50, shiny|100/100\n|switch|p1b: Lunala|Lunala, L50, shiny|100/100\n|switch|p2a: Miraidon|Miraidon, L50, shiny|100/100\n|switch|p2b: Riolu|Riolu, L50, F|100/100\n|-fieldstart|move: Electric Terrain|[from] ability: Hadron Engine|[of] p2a: Miraidon\n|-weather|SunnyDay|[from] ability: Orichalcum Pulse|[of] p1a: Koraidon\n|-activate|p1a: Koraidon|Orichalcum Pulse|[source]\n|turn|1\n|\n|t:|1772057576\n|move|p2b: Riolu|Feint|p1a: Koraidon\n|-damage|p1a: Koraidon|96/100\n|move|p2a: Miraidon|Volt Switch|p1a: Koraidon\n|-resisted|p1a: Koraidon\n|-damage|p1a: Koraidon|48/100\n|\n|t:|1772057579\n|switch|p2a: Zamazenta|Zamazenta-Crowned, L50, shiny|100/100|[from] Volt Switch\n|-ability|p2a: Zamazenta|Dauntless Shield|boost\n|-boost|p2a: Zamazenta|def|1\n|move|p1b: Lunala|Psychic|p2b: Riolu\n|-supereffective|p2b: Riolu\n|-damage|p2b: Riolu|0 fnt\n|faint|p2b: Riolu\n|move|p1a: Koraidon|Dragon Tail|p2a: Zamazenta\n|-resisted|p2a: Zamazenta\n|-damage|p2a: Zamazenta|94/100\n|drag|p2a: Miraidon|Miraidon, L50, shiny|100/100\n|-activate|p2a: Miraidon|ability: Hadron Engine\n|\n|-weather|SunnyDay|[upkeep]\n|-heal|p1a: Koraidon|54/100|[from] item: Leftovers\n|upkeep\n|\n|t:|1772057584\n|switch|p2b: Chien-Pao|Chien-Pao, L50|100/100\n|-ability|p2b: Chien-Pao|Sword of Ruin\n|turn|2\n|\n|t:|1772057619\n|move|p1a: Koraidon|Protect|p1a: Koraidon\n|-singleturn|p1a: Koraidon|Protect\n|move|p2a: Miraidon|Electro Drift|p1a: Koraidon\n|-activate|p1a: Koraidon|move: Protect\n|move|p2b: Chien-Pao|Ice Spinner|p1b: Lunala\n|-damage|p1b: Lunala|70/100\n|-fieldend|move: Electric Terrain\n|move|p1b: Lunala|Trick Room|p1b: Lunala\n|-fieldstart|move: Trick Room|[of] p1b: Lunala\n|\n|-weather|SunnyDay|[upkeep]\n|-heal|p1a: Koraidon|60/100|[from] item: Leftovers\n|upkeep\n|turn|3\n|\n|t:|1772057640\n|switch|p1a: Ursaluna|Ursaluna-Bloodmoon, L50, M|100/100\n|switch|p2b: Zamazenta|Zamazenta-Crowned, L50, shiny|94/100\n|move|p1b: Lunala|Psychic|p2a: Miraidon\n|-damage|p2a: Miraidon|52/100\n|move|p2a: Miraidon|Electro Drift|p1b: Lunala\n|-damage|p1b: Lunala|10/100\n|\n|-weather|SunnyDay|[upkeep]\n|upkeep\n|turn|4\n|\n|t:|1772057670\n|-terastallize|p1a: Ursaluna|Ground\n|move|p2b: Zamazenta|Protect|p2b: Zamazenta\n|-singleturn|p2b: Zamazenta|Protect\n|move|p1a: Ursaluna|Earth Power|p2b: Zamazenta\n|-activate|p2b: Zamazenta|move: Protect\n|move|p1b: Lunala|Moongeist Beam|p2a: Miraidon\n|-damage|p2a: Miraidon|0 fnt\n|faint|p2a: Miraidon\n|\n|-weather|SunnyDay|[upkeep]\n|upkeep\n|\n|t:|1772057675\n|switch|p2a: Chien-Pao|Chien-Pao, L50|100/100\n|-ability|p2a: Chien-Pao|Sword of Ruin\n|turn|5\n|\n|t:|1772057695\n|-terastallize|p2b: Zamazenta|Dragon\n|move|p2a: Chien-Pao|Sucker Punch|p1a: Ursaluna\n|-damage|p1a: Ursaluna|54/100\n|move|p1a: Ursaluna|Earth Power|p2a: Chien-Pao\n|-damage|p2a: Chien-Pao|0 fnt\n|faint|p2a: Chien-Pao\n|move|p1b: Lunala|Psychic|p2b: Zamazenta\n|-damage|p2b: Zamazenta|53/100\n|move|p2b: Zamazenta|Behemoth Bash|p1b: Lunala\n|-damage|p1b: Lunala|0 fnt\n|faint|p1b: Lunala\n|\n|-weather|none\n|upkeep\n|-message|alexit93 forfeited.\n|\n|win|Emdimian\n|raw|Emdimian's rating: 1151 &rarr; <strong>1186</strong><br />(+35 for winning)\n|raw|alexit93's rating: 1306 &rarr; <strong>1278</strong><br />(-28 for losing)\n|l|\u2606alexit93\n|player|p2|\n|l|\u203dEmdimian\n|player|p1|\n","uploadtime":1772057847,"views":11,"formatid":"gen9vgc2026regi","rating":1186,"private":0,"password":null}