{"id":"gen9vgc2026regi-2562136627","format":"[Gen 9] VGC 2026 Reg I","players":["It'sJustKen VGC","parks34"],"log":"|j|\u2606It'sJustKen VGC\n|j|\u2606parks34\n|t:|1773874752\n|gametype|doubles\n|player|p1|It'sJustKen VGC|265|\n|player|p2|parks34|steven|\n|gen|9\n|tier|[Gen 9] VGC 2026 Reg I\n|rated|Tournament battle\n|rule|Species Clause: Limit one of each Pok\u00e9mon\n|rule|Item Clause: Limit 1 of each item\n|raw|<div class=\"infobox\"><details class=\"readmore\" open><summary><strong>3 custom rules:</strong></summary> Open Team Sheets, Force Open Team Sheets, !Open Team Sheets</details></div>\n|clearpoke\n|poke|p1|Iron Hands, L50|\n|poke|p1|Incineroar, L50, M|\n|poke|p1|Calyrex-Shadow, L50|\n|poke|p1|Whimsicott, L50, M|\n|poke|p1|Farigiraf, L50, M|\n|poke|p1|Miraidon, L50|\n|poke|p2|Miraidon, L50|\n|poke|p2|Calyrex-Shadow, L50|\n|poke|p2|Whimsicott, L50, M|\n|poke|p2|Urshifu-*, L50, F|\n|poke|p2|Ogerpon-Wellspring, L50, F|\n|poke|p2|Basculegion, L50, M|\n|teampreview|4\n|showteam|p1|Iron Hands||AssaultVest|QuarkDrive|FakeOut,DrainPunch,WildCharge,LowKick||||||50|,,,,,Water]Incineroar||RockyHelmet|Intimidate|FakeOut,Uturn,KnockOff,FlareBlitz|||M|||50|,,,,,Bug]Calyrex-Shadow||FocusSash|AsOneSpectrier|Protect,AstralBarrage,Psychic,Imprison||||||50|,,,,,Ghost]Whimsicott||CovertCloak|Prankster|Tailwind,Encore,Moonblast,LightScreen|||M|||50|,,,,,Fire]Farigiraf||ElectricSeed|ArmorTail|Psychic,Roar,TrickRoom,HelpingHand|||M|||50|,,,,,Water]Miraidon||ChoiceSpecs|HadronEngine|ElectroDrift,VoltSwitch,DracoMeteor,DazzlingGleam||||||50|,,,,,Fairy\n|showteam|p2|Miraidon||LifeOrb|HadronEngine|Protect,DazzlingGleam,DracoMeteor,ElectroDrift||||||50|,,,,,Electric]Calyrex-Shadow||FocusSash|AsOneSpectrier|AstralBarrage,EnergyBall,Protect,Psychic||||||50|,,,,,Ghost]Whimsicott||RockyHelmet|Prankster|Tailwind,Moonblast,Protect,Uturn|||M|||50|,,,,,Fairy]Urshifu||ChoiceBand|UnseenFist|CloseCombat,WickedBlow,ThunderPunch,IcePunch|||F|||50|,,,,,Dark]Ogerpon-Wellspring||WellspringMask|WaterAbsorb|IvyCudgel,SpikyShield,HornLeech,FollowMe|||F|||50|,,,,,Water]Basculegion||ChoiceScarf|Adaptability|WaveCrash,DoubleEdge,HeadSmash,LastRespects|||M|||50|,,,,,Water\n|inactive|Battle timer is ON: inactive players will automatically lose when time's up. (requested by It'sJustKen VGC)\n|c|\u2606parks34|hi\n|c|\u2606It'sJustKen VGC|glhf!\n|j| The Yegorushhka\n|l| The Yegorushhka\n|\n|t:|1773874781\n|teamsize|p1|4\n|teamsize|p2|4\n|start\n|switch|p1a: Calyrex|Calyrex-Shadow, L50|100/100\n|switch|p1b: Whimsicott|Whimsicott, L50, M|100/100\n|switch|p2a: Whimsicott|Whimsicott, L50, M|100/100\n|switch|p2b: Basculegion|Basculegion, L50, M|100/100\n|-ability|p1a: Calyrex|As One\n|-ability|p1a: Calyrex|Unnerve\n|turn|1\n|c|\u2606parks34|lets see who makes it to the finales\n|inactive|It'sJustKen VGC has 30 seconds left.\n|\n|t:|1773874807\n|move|p1a: Calyrex|Protect|p1a: Calyrex\n|-singleturn|p1a: Calyrex|Protect\n|move|p2a: Whimsicott|Tailwind|p2a: Whimsicott\n|-sidestart|p2: parks34|move: Tailwind\n|move|p1b: Whimsicott|Light Screen|p1b: Whimsicott\n|-sidestart|p1: It'sJustKen VGC|move: Light Screen\n|move|p2b: Basculegion|Wave Crash|p1a: Calyrex\n|-activate|p1a: Calyrex|move: Protect\n|\n|upkeep\n|turn|2\n|\n|t:|1773874816\n|-terastallize|p1a: Calyrex|Ghost\n|move|p1b: Whimsicott|Encore|p2a: Whimsicott\n|-start|p2a: Whimsicott|Encore\n|move|p2a: Whimsicott|Tailwind||[still]\n|-fail|p2a: Whimsicott\n|move|p2b: Basculegion|Wave Crash|p1a: Calyrex\n|-damage|p1a: Calyrex|2/100\n|-damage|p2b: Basculegion|73/100|[from] Recoil\n|move|p1a: Calyrex|Astral Barrage|p2a: Whimsicott|[spread] p2a,p2b\n|-supereffective|p2b: Basculegion\n|-damage|p2a: Whimsicott|0 fnt\n|-damage|p2b: Basculegion|0 fnt\n|faint|p2a: Whimsicott\n|faint|p2b: Basculegion\n|-ability|p1a: Calyrex|Grim Neigh|boost\n|-boost|p1a: Calyrex|spa|2\n|\n|upkeep\n|\n|t:|1773874825\n|switch|p2a: Calyrex|Calyrex-Shadow, L50|100/100\n|switch|p2b: Miraidon|Miraidon, L50|100/100\n|-ability|p2a: Calyrex|As One\n|-ability|p2a: Calyrex|Unnerve\n|-fieldstart|move: Electric Terrain|[from] ability: Hadron Engine|[of] p2b: Miraidon\n|turn|3\n|\n|t:|1773874846\n|-terastallize|p2a: Calyrex|Ghost\n|move|p1a: Calyrex|Protect|p1a: Calyrex\n|-singleturn|p1a: Calyrex|Protect\n|move|p2b: Miraidon|Electro Drift|p1b: Whimsicott\n|-resisted|p1b: Whimsicott\n|-damage|p1b: Whimsicott|43/100\n|-damage|p2b: Miraidon|91/100|[from] item: Life Orb\n|move|p2a: Calyrex|Astral Barrage|p1a: Calyrex|[spread] p1b\n|-activate|p1a: Calyrex|move: Protect\n|-damage|p1b: Whimsicott|0 fnt\n|faint|p1b: Whimsicott\n|-ability|p2a: Calyrex|Grim Neigh|boost\n|-boost|p2a: Calyrex|spa|1\n|\n|upkeep\n|\n|t:|1773874851\n|switch|p1b: Farigiraf|Farigiraf, L50, M|100/100\n|-enditem|p1b: Farigiraf|Electric Seed\n|-boost|p1b: Farigiraf|def|1|[from] item: Electric Seed\n|turn|4\n|\n|t:|1773874860\n|move|p2a: Calyrex|Protect|p2a: Calyrex\n|-singleturn|p2a: Calyrex|Protect\n|move|p2b: Miraidon|Electro Drift|p1a: Calyrex\n|-damage|p1a: Calyrex|0 fnt\n|faint|p1a: Calyrex\n|-damage|p2b: Miraidon|81/100|[from] item: Life Orb\n|move|p1b: Farigiraf|Trick Room|p1b: Farigiraf\n|-fieldstart|move: Trick Room|[of] p1b: Farigiraf\n|\n|-sideend|p2: parks34|move: Tailwind\n|upkeep\n|\n|t:|1773874864\n|switch|p1a: Miraidon|Miraidon, L50, shiny|100/100\n|-activate|p1a: Miraidon|ability: Hadron Engine\n|turn|5\n|j| Rainpelt103\n|\n|t:|1773874879\n|move|p1b: Farigiraf|Helping Hand|p1a: Miraidon\n|-singleturn|p1a: Miraidon|Helping Hand|[of] p1b: Farigiraf\n|move|p1a: Miraidon|Dazzling Gleam|p2a: Calyrex|[spread] p2a,p2b\n|-supereffective|p2b: Miraidon\n|-damage|p2a: Calyrex|27/100\n|-damage|p2b: Miraidon|0 fnt\n|faint|p2b: Miraidon\n|move|p2a: Calyrex|Astral Barrage|p1b: Farigiraf|[spread] p1a\n|-immune|p1b: Farigiraf\n|-damage|p1a: Miraidon|36/100\n|\n|-sideend|p1: It'sJustKen VGC|move: Light Screen\n|upkeep\n|turn|6\n|\n|t:|1773874885\n|move|p2a: Calyrex|Protect|p2a: Calyrex\n|-singleturn|p2a: Calyrex|Protect\n|move|p1b: Farigiraf|Psychic|p2a: Calyrex\n|-activate|p2a: Calyrex|move: Protect\n|move|p1a: Miraidon|Dazzling Gleam|p2a: Calyrex\n|-activate|p2a: Calyrex|move: Protect\n|\n|upkeep\n|turn|7\n|c|\u2606parks34|gg\n|c|\u2606It'sJustKen VGC|gg wp\n|\n|t:|1773874892\n|move|p1b: Farigiraf|Psychic|p2a: Calyrex\n|-damage|p2a: Calyrex|0 fnt\n|faint|p2a: Calyrex\n|\n|win|It'sJustKen VGC\n|n|\u2606It'sJustKen VGC|itsjustkenvgc\n|n|\u2606parks34|parks34\n|n| Rainpelt103|rainpelt103\n","uploadtime":1773874895,"views":10,"formatid":"gen9vgc2026regi","rating":null,"private":0,"password":null}