{"id":"gen9vgc2026regi-2546433842","format":"[Gen 9] VGC 2026 Reg I","players":["SiamCat","Simon0123"],"log":"|j|\u2606SiamCat\n|j|\u2606Simon0123\n|t:|1771964393\n|gametype|doubles\n|player|p1|SiamCat|ltsurge|1203\n|player|p2|Simon0123|benga|1137\n|gen|9\n|tier|[Gen 9] VGC 2026 Reg I\n|rated|\n|rule|Species Clause: Limit one of each Pok\u00e9mon\n|rule|Item Clause: Limit 1 of each item\n|clearpoke\n|poke|p1|Miraidon, L50|\n|poke|p1|Oranguru, L50, M|\n|poke|p1|Groudon, L50|\n|poke|p1|Sinistcha-Masterpiece, L50|\n|poke|p1|Incineroar, L50, F|\n|poke|p1|Flutter Mane, L50|\n|poke|p2|Miraidon, L50|\n|poke|p2|Flutter Mane, L50|\n|poke|p2|Incineroar, L50, M|\n|poke|p2|Urshifu-*, L50, F|\n|poke|p2|Tornadus, L50, M|\n|poke|p2|Amoonguss, L50, M|\n|teampreview|4\n|inactive|Battle timer is ON: inactive players will automatically lose when time's up. (requested by Simon0123)\n|inactive|Simon0123 has 60 seconds left.\n|\n|t:|1771964426\n|teamsize|p1|4\n|teamsize|p2|4\n|start\n|switch|p1a: BMW|Miraidon, L50, shiny|100/100\n|switch|p1b: oRANGE|Oranguru, L50, M, shiny|100/100\n|switch|p2a: Miraidon|Miraidon, L50|100/100\n|switch|p2b: Incineroar|Incineroar, L50, M|100/100\n|-fieldstart|move: Electric Terrain|[from] ability: Hadron Engine|[of] p2a: Miraidon\n|-enditem|p1a: BMW|Electric Seed\n|-boost|p1a: BMW|def|1|[from] item: Electric Seed\n|-activate|p1b: oRANGE|ability: Symbiosis|Covert Cloak|[of] p1a: BMW\n|-activate|p1a: BMW|ability: Hadron Engine\n|-ability|p2b: Incineroar|Intimidate|boost\n|-unboost|p1a: BMW|atk|1\n|-unboost|p1b: oRANGE|atk|1\n|turn|1\n|inactive|SiamCat has 30 seconds left.\n|inactive|Simon0123 has 30 seconds left.\n|\n|t:|1771964456\n|-terastallize|p2a: Miraidon|Electric\n|-terastallize|p1a: BMW|Fairy\n|move|p2b: Incineroar|Fake Out|p1a: BMW\n|-damage|p1a: BMW|96/100\n|move|p2a: Miraidon|Volt Switch|p1b: oRANGE\n|-damage|p1b: oRANGE|8/100\n|\n|t:|1771964478\n|switch|p2a: Urshifu|Urshifu-Rapid-Strike, L50, F|100/100|[from] Volt Switch\n|move|p1a: BMW|Calm Mind|p1a: BMW\n|-boost|p1a: BMW|spa|1\n|-boost|p1a: BMW|spd|1\n|move|p1b: oRANGE|Instruct|p1a: BMW\n|-singleturn|p1a: BMW|move: Instruct|[of] p1b: oRANGE\n|move|p1a: BMW|Calm Mind|p1a: BMW\n|-boost|p1a: BMW|spa|1\n|-boost|p1a: BMW|spd|1\n|\n|upkeep\n|turn|2\n|inactive|Simon0123 has 30 seconds left.\n|inactive|Simon0123 has 20 seconds left.\n|inactive|Simon0123 has 15 seconds left.\n|\n|t:|1771964519\n|move|p2a: Urshifu|Protect|p2a: Urshifu\n|-singleturn|p2a: Urshifu|Protect\n|move|p1a: BMW|Parabolic Charge|p2a: Urshifu|[spread] p1b,p2b\n|-activate|p2a: Urshifu|move: Protect\n|-damage|p1b: oRANGE|0 fnt\n|-heal|p1a: BMW|99/100|[from] drain|[of] p1b: oRANGE\n|-damage|p2b: Incineroar|48/100\n|-heal|p1a: BMW|100/100|[from] drain|[of] p2b: Incineroar\n|faint|p1b: oRANGE\n|move|p2b: Incineroar|Knock Off|p1a: BMW\n|-resisted|p1a: BMW\n|-damage|p1a: BMW|92/100\n|-enditem|p1a: BMW|Covert Cloak|[from] move: Knock Off|[of] p2b: Incineroar\n|\n|upkeep\n|\n|t:|1771964532\n|switch|p1b: protein shake|Sinistcha-Masterpiece, L50, shiny|100/100\n|-heal|p1a: BMW|100/100|[from] ability: Hospitality|[of] p1b: protein shake\n|turn|3\n|\n|t:|1771964546\n|switch|p2b: Flutter Mane|Flutter Mane, L50|100/100\n|move|p1b: protein shake|Rage Powder|p1b: protein shake\n|-singleturn|p1b: protein shake|move: Rage Powder\n|move|p2a: Urshifu|Surging Strikes|p1b: protein shake\n|-resisted|p1b: protein shake\n|-crit|p1b: protein shake\n|-damage|p1b: protein shake|92/100\n|-damage|p2a: Urshifu|84/100|[from] item: Rocky Helmet|[of] p1b: protein shake\n|-resisted|p1b: protein shake\n|-crit|p1b: protein shake\n|-damage|p1b: protein shake|84/100\n|-damage|p2a: Urshifu|67/100|[from] item: Rocky Helmet|[of] p1b: protein shake\n|-resisted|p1b: protein shake\n|-crit|p1b: protein shake\n|-damage|p1b: protein shake|75/100\n|-damage|p2a: Urshifu|51/100|[from] item: Rocky Helmet|[of] p1b: protein shake\n|-hitcount|p1b: protein shake|3\n|move|p1a: BMW|Dragon Pulse|p2b: Flutter Mane\n|-immune|p2b: Flutter Mane\n|\n|upkeep\n|turn|4\n|inactive|Simon0123 has 30 seconds left.\n|inactive|Simon0123 has 20 seconds left.\n|\n|t:|1771964585\n|move|p1b: protein shake|Rage Powder|p1b: protein shake\n|-singleturn|p1b: protein shake|move: Rage Powder\n|move|p2b: Flutter Mane|Shadow Ball|p1b: protein shake\n|-supereffective|p1b: protein shake\n|-damage|p1b: protein shake|0 fnt\n|faint|p1b: protein shake\n|move|p2a: Urshifu|Surging Strikes|p1a: BMW\n|-crit|p1a: BMW\n|-damage|p1a: BMW|84/100\n|-crit|p1a: BMW\n|-damage|p1a: BMW|66/100\n|-crit|p1a: BMW\n|-damage|p1a: BMW|49/100\n|-hitcount|p1a: BMW|3\n|move|p1a: BMW|Parabolic Charge|p2a: Urshifu|[spread] p2a,p2b\n|-supereffective|p2a: Urshifu\n|-damage|p2a: Urshifu|0 fnt\n|-heal|p1a: BMW|70/100|[from] drain|[of] p2a: Urshifu\n|-damage|p2b: Flutter Mane|24/100\n|-heal|p1a: BMW|94/100|[from] drain|[of] p2b: Flutter Mane\n|faint|p2a: Urshifu\n|\n|upkeep\n|\n|t:|1771964607\n|switch|p2a: Incineroar|Incineroar, L50, M|48/100\n|switch|p1b: Groudon|Groudon, L50, shiny|100/100\n|-weather|SunnyDay|[from] ability: Drought|[of] p1b: Groudon\n|-activate|p2b: Flutter Mane|ability: Protosynthesis\n|-start|p2b: Flutter Mane|protosynthesisspe\n|-ability|p2a: Incineroar|Intimidate|boost\n|-unboost|p1a: BMW|atk|1\n|-unboost|p1b: Groudon|atk|1\n|turn|5\n|\n|t:|1771964621\n|move|p1a: BMW|Protect|p1a: BMW\n|-singleturn|p1a: BMW|Protect\n|move|p1b: Groudon|Protect|p1b: Groudon\n|-singleturn|p1b: Groudon|Protect\n|move|p2a: Incineroar|Fake Out|p1b: Groudon\n|-activate|p1b: Groudon|move: Protect\n|move|p2b: Flutter Mane|Moonblast|p1a: BMW\n|-activate|p1a: BMW|move: Protect\n|\n|-weather|SunnyDay|[upkeep]\n|-fieldend|move: Electric Terrain\n|upkeep\n|turn|6\n|inactive|SiamCat has 30 seconds left.\n|\n|t:|1771964656\n|move|p2b: Flutter Mane|Moonblast|p1a: BMW\n|-damage|p1a: BMW|75/100\n|move|p1a: BMW|Parabolic Charge|p2a: Incineroar|[spread] p2a,p2b\n|-immune|p1b: Groudon\n|-damage|p2a: Incineroar|18/100\n|-heal|p1a: BMW|89/100|[from] drain|[of] p2a: Incineroar\n|-damage|p2b: Flutter Mane|0 fnt\n|-heal|p1a: BMW|97/100|[from] drain|[of] p2b: Flutter Mane\n|faint|p2b: Flutter Mane\n|-end|p2b: Flutter Mane|Protosynthesis|[silent]\n|move|p1b: Groudon|Precipice Blades|p2a: Incineroar\n|-supereffective|p2a: Incineroar\n|-damage|p2a: Incineroar|0 fnt\n|faint|p2a: Incineroar\n|\n|-weather|SunnyDay|[upkeep]\n|upkeep\n|-message|Simon0123 forfeited.\n|\n|win|SiamCat\n|raw|SiamCat's rating: 1203 &rarr; <strong>1223</strong><br />(+20 for winning)\n|raw|Simon0123's rating: 1137 &rarr; <strong>1117</strong><br />(-20 for losing)\n|l|\u2606Simon0123\n|player|p2|\n|l|\u2606SiamCat\n|player|p1|\n","uploadtime":1771964830,"views":12,"formatid":"gen9vgc2026regi","rating":1117,"private":0,"password":null}