{"id":"gen9vgc2026regi-2530351481","format":"[Gen 9] VGC 2026 Reg I","players":["Bmox","lalo's pollos"],"log":"|j|\u2606Bmox\n|j|\u2606lalo's pollos\n|t:|1769905698\n|gametype|doubles\n|player|p1|Bmox|palmer|1258\n|player|p2|lalo's pollos|169|1384\n|gen|9\n|tier|[Gen 9] VGC 2026 Reg I\n|rated|\n|rule|Species Clause: Limit one of each Pok\u00e9mon\n|rule|Item Clause: Limit 1 of each item\n|clearpoke\n|poke|p1|Rayquaza, L50|\n|poke|p1|Calyrex-Shadow, L50|\n|poke|p1|Landorus, L50, M|\n|poke|p1|Annihilape, L50, M|\n|poke|p1|Chien-Pao, L50|\n|poke|p1|Tornadus, L50, M|\n|poke|p2|Miraidon, L50|\n|poke|p2|Landorus, L50, M|\n|poke|p2|Incineroar, L50, F|\n|poke|p2|Iron Bundle, L50|\n|poke|p2|Farigiraf, L50, M|\n|poke|p2|Calyrex-Ice, L50|\n|teampreview|4\n|\n|t:|1769905713\n|teamsize|p1|4\n|teamsize|p2|4\n|start\n|switch|p1a: Chien-Pao|Chien-Pao, L50|100/100\n|switch|p1b: Landorus|Landorus, L50, M|100/100\n|switch|p2a: Co-Star|Miraidon, L50|100/100\n|switch|p2b: the Star|Iron Bundle, L50|100/100\n|-fieldstart|move: Electric Terrain|[from] ability: Hadron Engine|[of] p2a: Co-Star\n|-activate|p2b: the Star|ability: Quark Drive\n|-start|p2b: the Star|quarkdrivespe\n|-ability|p1a: Chien-Pao|Sword of Ruin\n|turn|1\n|\n|t:|1769905739\n|move|p1a: Chien-Pao|Protect|p1a: Chien-Pao\n|-singleturn|p1a: Chien-Pao|Protect\n|move|p2b: the Star|Icy Wind|p1b: Landorus|[spread] p1b\n|-activate|p1a: Chien-Pao|move: Protect\n|-supereffective|p1b: Landorus\n|-damage|p1b: Landorus|0 fnt\n|faint|p1b: Landorus\n|move|p2a: Co-Star|Volt Switch|p1a: Chien-Pao\n|-activate|p1a: Chien-Pao|move: Protect\n|\n|upkeep\n|\n|t:|1769905754\n|switch|p1b: Rayquaza|Rayquaza, L50|100/100\n|-ability|p1b: Rayquaza|Air Lock\n|turn|2\n|\n|t:|1769905769\n|switch|p2a: the Manager|Farigiraf, L50, M|100/100\n|-terastallize|p1b: Rayquaza|Normal\n|move|p2b: the Star|Freeze-Dry|p1b: Rayquaza\n|-damage|p1b: Rayquaza|63/100\n|move|p1a: Chien-Pao|Throat Chop|p2b: the Star\n|-damage|p2b: the Star|7/100\n|-start|p2b: the Star|Throat Chop|[silent]\n|-damage|p1a: Chien-Pao|91/100|[from] item: Life Orb\n|move|p1b: Rayquaza|Dragon Ascent|p2a: the Manager\n|-damage|p2a: the Manager|0 fnt\n|-unboost|p1b: Rayquaza|def|1\n|-unboost|p1b: Rayquaza|spd|1\n|faint|p2a: the Manager\n|\n|upkeep\n|\n|t:|1769905788\n|switch|p2a: Co-Star|Miraidon, L50|100/100\n|-activate|p2a: Co-Star|ability: Hadron Engine\n|turn|3\n|\n|t:|1769905794\n|switch|p1b: Calyrex|Calyrex-Shadow, L50|100/100\n|-ability|p1b: Calyrex|As One\n|-ability|p1b: Calyrex|Unnerve\n|-terastallize|p2a: Co-Star|Fairy\n|move|p1a: Chien-Pao|Sucker Punch|p2b: the Star\n|-damage|p2b: the Star|0 fnt\n|faint|p2b: the Star\n|-end|p2b: the Star|Quark Drive|[silent]\n|-damage|p1a: Chien-Pao|81/100|[from] item: Life Orb\n|move|p2a: Co-Star|Dazzling Gleam|p1b: Calyrex|[spread] p1a,p1b\n|-supereffective|p1a: Chien-Pao\n|-damage|p1a: Chien-Pao|0 fnt\n|-damage|p1b: Calyrex|39/100\n|faint|p1a: Chien-Pao\n|\n|upkeep\n|\n|t:|1769905804\n|switch|p2b: Calyrex|Calyrex-Ice, L50|100/100\n|switch|p1a: Rayquaza|Rayquaza, L50, tera:Normal|63/100\n|-ability|p2b: Calyrex|As One\n|-ability|p2b: Calyrex|Unnerve\n|-ability|p1a: Rayquaza|Air Lock\n|turn|4\n|\n|t:|1769905825\n|move|p1a: Rayquaza|Extreme Speed|p2b: Calyrex\n|-damage|p2b: Calyrex|52/100\n|move|p1b: Calyrex|Disable|p2a: Co-Star\n|-start|p2a: Co-Star|Disable|Dazzling Gleam\n|cant|p2a: Co-Star|Disable|Dazzling Gleam\n|move|p2b: Calyrex|Glacial Lance|p1b: Calyrex|[spread] p1a,p1b\n|-damage|p1a: Rayquaza|2/100\n|-damage|p1b: Calyrex|0 fnt\n|faint|p1b: Calyrex\n|-ability|p2b: Calyrex|Chilling Neigh|boost\n|-boost|p2b: Calyrex|atk|1\n|\n|upkeep\n|turn|5\n|\n|t:|1769905836\n|move|p2b: Calyrex|Protect|p2b: Calyrex\n|-singleturn|p2b: Calyrex|Protect\n|move|p1a: Rayquaza|Extreme Speed|p2b: Calyrex\n|-activate|p2b: Calyrex|move: Protect\n|-activate|p2a: Co-Star|move: Struggle\n|move|p2a: Co-Star|Struggle|p1a: Rayquaza\n|-damage|p1a: Rayquaza|0 fnt\n|faint|p1a: Rayquaza\n|-damage|p2a: Co-Star|75/100|[from] recoil\n|\n|win|lalo's pollos\n|raw|Bmox's rating: 1258 &rarr; <strong>1242</strong><br />(-16 for losing)\n|raw|lalo&apos;s pollos's rating: 1384 &rarr; <strong>1397</strong><br />(+13 for winning)\n|l|\u2606Bmox\n|player|p1|\n","uploadtime":1769906104,"views":16,"formatid":"gen9vgc2026regi","rating":1242,"private":0,"password":null}