{"id":"gen9vgc2026regi-2575097459","format":"[Gen 9] VGC 2026 Reg I","players":["buggybrain","jonen"],"log":"|j|\u2606buggybrain\n|j|\u2606jonen\n|t:|1775318745\n|gametype|doubles\n|player|p1|buggybrain|hiker-gen4|1497\n|player|p2|jonen|medium|1589\n|gen|9\n|tier|[Gen 9] VGC 2026 Reg I\n|rated|\n|rule|Species Clause: Limit one of each Pok\u00e9mon\n|rule|Item Clause: Limit 1 of each item\n|clearpoke\n|poke|p1|Calyrex-Shadow, L50|\n|poke|p1|Zamazenta-*, L50|\n|poke|p1|Chien-Pao, L50|\n|poke|p1|Dragonite, L50, M|\n|poke|p1|Raging Bolt, L50|\n|poke|p1|Amoonguss, L50, M|\n|poke|p2|Groudon, L50|\n|poke|p2|Lunala, L50|\n|poke|p2|Sableye, L50, F|\n|poke|p2|Chi-Yu, L50|\n|poke|p2|Rillaboom, L50, F|\n|poke|p2|Jumpluff, L50, F|\n|teampreview|4\n|\n|t:|1775318783\n|teamsize|p1|4\n|teamsize|p2|4\n|start\n|switch|p1a: Arlie|Chien-Pao, L50|100/100\n|switch|p1b: Green Goober|Dragonite, L50, M|100/100\n|switch|p2a: Groudon|Groudon, L50|100/100\n|switch|p2b: Jumpluff|Jumpluff, L50, F|100/100\n|-ability|p1a: Arlie|Sword of Ruin\n|-weather|SunnyDay|[from] ability: Drought|[of] p2a: Groudon\n|turn|1\n|c|\u2606jonen|Green goober not even green smh\n|\n|t:|1775318842\n|switch|p2b: Lunala|Lunala, L50|100/100\n|-terastallize|p1b: Green Goober|Normal\n|move|p1b: Green Goober|Extreme Speed|p2b: Lunala\n|-immune|p2b: Lunala\n|move|p1a: Arlie|Ice Spinner|p2a: Groudon\n|-supereffective|p2a: Groudon\n|-damage|p2a: Groudon|33/100\n|move|p2a: Groudon|Heat Crash|p1a: Arlie\n|-supereffective|p1a: Arlie\n|-damage|p1a: Arlie|0 fnt\n|faint|p1a: Arlie\n|\n|-weather|SunnyDay|[upkeep]\n|upkeep\n|\n|t:|1775318848\n|switch|p1a: PinkPonyClub|Calyrex-Shadow, L50|100/100\n|-ability|p1a: PinkPonyClub|As One\n|-ability|p1a: PinkPonyClub|Unnerve\n|turn|2\n|\n|t:|1775318865\n|move|p1b: Green Goober|Extreme Speed|p2b: Lunala\n|-immune|p2b: Lunala\n|move|p1a: PinkPonyClub|Astral Barrage|p2a: Groudon|[spread] p2a,p2b\n|-supereffective|p2b: Lunala\n|-damage|p2a: Groudon|0 fnt\n|-damage|p2b: Lunala|14/100\n|faint|p2a: Groudon\n|-ability|p1a: PinkPonyClub|Grim Neigh|boost\n|-boost|p1a: PinkPonyClub|spa|1\n|move|p2b: Lunala|Moongeist Beam|p1a: PinkPonyClub\n|-supereffective|p1a: PinkPonyClub\n|-enditem|p1a: PinkPonyClub|Focus Sash\n|-damage|p1a: PinkPonyClub|1/100\n|\n|-weather|SunnyDay|[upkeep]\n|-heal|p2b: Lunala|20/100|[from] item: Leftovers\n|upkeep\n|\n|t:|1775318871\n|switch|p2a: Chi-Yu|Chi-Yu, L50|100/100\n|-ability|p2a: Chi-Yu|Beads of Ruin\n|turn|3\n|\n|t:|1775318892\n|-terastallize|p2a: Chi-Yu|Ghost\n|move|p1a: PinkPonyClub|Protect|p1a: PinkPonyClub\n|-singleturn|p1a: PinkPonyClub|Protect\n|move|p1b: Green Goober|Extreme Speed|p2a: Chi-Yu\n|-immune|p2a: Chi-Yu\n|move|p2a: Chi-Yu|Heat Wave|p1a: PinkPonyClub|[spread] p1b\n|-activate|p1a: PinkPonyClub|move: Protect\n|-damage|p1b: Green Goober|29/100\n|move|p2b: Lunala|Hypnosis|p1b: Green Goober\n|-status|p1b: Green Goober|slp|[from] move: Hypnosis\n|\n|-weather|SunnyDay|[upkeep]\n|-heal|p2b: Lunala|26/100|[from] item: Leftovers\n|upkeep\n|turn|4\n|\n|t:|1775318935\n|cant|p1b: Green Goober|slp\n|move|p2a: Chi-Yu|Heat Wave|p1b: Green Goober|[spread] p1a,p1b\n|-damage|p1a: PinkPonyClub|0 fnt\n|-damage|p1b: Green Goober|0 fnt\n|faint|p1a: PinkPonyClub\n|faint|p1b: Green Goober\n|move|p2b: Lunala|Moongeist Beam|p1: PinkPonyClub|[notarget]\n|-fail|p2b: Lunala\n|\n|-weather|SunnyDay|[upkeep]\n|-heal|p2b: Lunala|32/100|[from] item: Leftovers\n|upkeep\n|\n|t:|1775318938\n|switch|p1a: protec|Zamazenta-Crowned, L50|100/100\n|-ability|p1a: protec|Dauntless Shield|boost\n|-boost|p1a: protec|def|1\n|turn|5\n|\n|t:|1775318945\n|move|p2a: Chi-Yu|Heat Wave|p1a: protec\n|-supereffective|p1a: protec\n|-damage|p1a: protec|0 fnt\n|faint|p1a: protec\n|\n|win|jonen\n|raw|buggybrain's rating: 1497 &rarr; <strong>1482</strong><br />(-15 for losing)\n|raw|jonen's rating: 1589 &rarr; <strong>1604</strong><br />(+15 for winning)\n","uploadtime":1775318945,"views":9,"formatid":"gen9vgc2026regi","rating":1482,"private":0,"password":null}