{"id":"gen9vgc2026regi-2524629226","format":"[Gen 9] VGC 2026 Reg I","players":["Hoshinaaa","blackred123"],"log":"|j|\u2606Hoshinaaa\n|j|\u2606blackred123\n|t:|1769177891\n|gametype|doubles\n|player|p1|Hoshinaaa|rosa|1462\n|player|p2|blackred123|iono-masters|1367\n|gen|9\n|tier|[Gen 9] VGC 2026 Reg I\n|rated|\n|rule|Species Clause: Limit one of each Pok\u00e9mon\n|rule|Item Clause: Limit 1 of each item\n|clearpoke\n|poke|p1|Grimmsnarl, L50, M|\n|poke|p1|Miraidon, L50|\n|poke|p1|Groudon, L50|\n|poke|p1|Volcarona, L50, F|\n|poke|p1|Sinistcha-Masterpiece, L50|\n|poke|p1|Farigiraf, L50, F|\n|poke|p2|Kyogre, L50|\n|poke|p2|Calyrex-Ice, L50|\n|poke|p2|Iron Jugulis, L50|\n|poke|p2|Amoonguss, L50, F|\n|poke|p2|Indeedee-F, L50, F|\n|poke|p2|Urshifu-*, L50, M|\n|teampreview|4\n|inactive|Battle timer is ON: inactive players will automatically lose when time's up. (requested by Hoshinaaa)\n|inactive|blackred123 also wants the timer to be on.\n|\n|t:|1769177920\n|teamsize|p1|4\n|teamsize|p2|4\n|start\n|switch|p1a: \u53cb\u60c5\u9632\u5b88|Grimmsnarl, L50, M|100/100\n|switch|p1b: \u6df1\u5ea6\u8fd1\u89c6|Groudon, L50|100/100\n|switch|p2a: Calyrex|Calyrex-Ice, L50|100/100\n|switch|p2b: Indeedee|Indeedee-F, L50, F|100/100\n|-ability|p2a: Calyrex|As One\n|-ability|p2a: Calyrex|Unnerve\n|-weather|SunnyDay|[from] ability: Drought|[of] p1b: \u6df1\u5ea6\u8fd1\u89c6\n|-fieldstart|move: Psychic Terrain|[from] ability: Psychic Surge|[of] p2b: Indeedee\n|turn|1\n|\n|t:|1769177954\n|-terastallize|p1b: \u6df1\u5ea6\u8fd1\u89c6|Fire\n|move|p1a: \u53cb\u60c5\u9632\u5b88|Reflect|p1a: \u53cb\u60c5\u9632\u5b88\n|-sidestart|p1: Hoshinaaa|Reflect\n|move|p1b: \u6df1\u5ea6\u8fd1\u89c6|Precipice Blades|p2a: Calyrex|[spread] p2a\n|-miss|p1b: \u6df1\u5ea6\u8fd1\u89c6|p2b: Indeedee\n|-damage|p2a: Calyrex|71/100\n|move|p2b: Indeedee|Psychic|p1b: \u6df1\u5ea6\u8fd1\u89c6\n|-damage|p1b: \u6df1\u5ea6\u8fd1\u89c6|77/100\n|move|p2a: Calyrex|Trick Room|p2a: Calyrex\n|-fieldstart|move: Trick Room|[of] p2a: Calyrex\n|\n|-weather|SunnyDay|[upkeep]\n|upkeep\n|turn|2\n|\n|t:|1769177974\n|move|p2b: Indeedee|Helping Hand|p2a: Calyrex\n|-singleturn|p2a: Calyrex|Helping Hand|[of] p2b: Indeedee\n|move|p2a: Calyrex|Glacial Lance|p1a: \u53cb\u60c5\u9632\u5b88|[spread] p1a,p1b\n|-resisted|p1b: \u6df1\u5ea6\u8fd1\u89c6\n|-damage|p1a: \u53cb\u60c5\u9632\u5b88|39/100\n|-damage|p1b: \u6df1\u5ea6\u8fd1\u89c6|58/100\n|move|p1a: \u53cb\u60c5\u9632\u5b88|Foul Play|p2a: Calyrex\n|-supereffective|p2a: Calyrex\n|-damage|p2a: Calyrex|0 fnt\n|faint|p2a: Calyrex\n|move|p1b: \u6df1\u5ea6\u8fd1\u89c6|Precipice Blades|p2b: Indeedee\n|-damage|p2b: Indeedee|34/100\n|-enditem|p2b: Indeedee|Eject Button\n|\n|t:|1769177982\n|switch|p2b: Kyogre|Kyogre, L50|100/100\n|-weather|RainDance|[from] ability: Drizzle|[of] p2b: Kyogre\n|\n|-weather|RainDance|[upkeep]\n|upkeep\n|\n|t:|1769177993\n|switch|p2a: Indeedee|Indeedee-F, L50, F|34/100\n|turn|3\n|\n|t:|1769177999\n|switch|p1b: Sinistcha|Sinistcha-Masterpiece, L50|100/100\n|-heal|p1a: \u53cb\u60c5\u9632\u5b88|63/100|[from] ability: Hospitality|[of] p1b: Sinistcha\n|move|p2a: Indeedee|Helping Hand|p2b: Kyogre\n|-singleturn|p2b: Kyogre|Helping Hand|[of] p2a: Indeedee\n|move|p1a: \u53cb\u60c5\u9632\u5b88|Light Screen|p1a: \u53cb\u60c5\u9632\u5b88\n|-sidestart|p1: Hoshinaaa|move: Light Screen\n|move|p2b: Kyogre|Water Spout|p1b: Sinistcha|[spread] p1a,p1b\n|-resisted|p1b: Sinistcha\n|-damage|p1a: \u53cb\u60c5\u9632\u5b88|0 fnt\n|-damage|p1b: Sinistcha|23/100\n|faint|p1a: \u53cb\u60c5\u9632\u5b88\n|\n|-weather|RainDance|[upkeep]\n|upkeep\n|\n|t:|1769178014\n|switch|p1a: \u6df1\u5ea6\u8fd1\u89c6|Groudon, L50, tera:Fire|58/100\n|-weather|SunnyDay|[from] ability: Drought|[of] p1a: \u6df1\u5ea6\u8fd1\u89c6\n|turn|4\n|\n|t:|1769178022\n|switch|p1b: Miraidon|Miraidon, L50|100/100\n|-fieldstart|move: Electric Terrain|[from] ability: Hadron Engine|[of] p1b: Miraidon\n|-terastallize|p2b: Kyogre|Water\n|move|p2a: Indeedee|Helping Hand|p2b: Kyogre\n|-singleturn|p2b: Kyogre|Helping Hand|[of] p2a: Indeedee\n|move|p2b: Kyogre|Water Spout|p1b: Miraidon|[spread] p1a,p1b\n|-supereffective|p1a: \u6df1\u5ea6\u8fd1\u89c6\n|-resisted|p1b: Miraidon\n|-damage|p1a: \u6df1\u5ea6\u8fd1\u89c6|0 fnt\n|-damage|p1b: Miraidon|68/100\n|faint|p1a: \u6df1\u5ea6\u8fd1\u89c6\n|\n|-weather|SunnyDay|[upkeep]\n|upkeep\n|\n|t:|1769178038\n|switch|p1a: Sinistcha|Sinistcha-Masterpiece, L50|23/100\n|-heal|p1b: Miraidon|93/100|[from] ability: Hospitality|[of] p1a: Sinistcha\n|turn|5\n|\n|t:|1769178046\n|switch|p2b: Iron Jugulis|Iron Jugulis, L50|100/100\n|-activate|p2b: Iron Jugulis|ability: Quark Drive\n|-start|p2b: Iron Jugulis|quarkdrivespe\n|move|p1a: Sinistcha|Protect|p1a: Sinistcha\n|-singleturn|p1a: Sinistcha|Protect\n|move|p2a: Indeedee|Psychic|p1a: Sinistcha\n|-activate|p1a: Sinistcha|move: Protect\n|move|p1b: Miraidon|Parabolic Charge|p2b: Iron Jugulis|[spread] p2a,p2b\n|-activate|p1a: Sinistcha|move: Protect\n|-supereffective|p2b: Iron Jugulis\n|-damage|p2a: Indeedee|0 fnt\n|-heal|p1b: Miraidon|100/100|[from] drain|[of] p2a: Indeedee\n|-damage|p2b: Iron Jugulis|0 fnt\n|faint|p2a: Indeedee\n|faint|p2b: Iron Jugulis\n|-end|p2b: Iron Jugulis|Quark Drive|[silent]\n|-damage|p1b: Miraidon|91/100|[from] item: Life Orb\n|\n|-weather|SunnyDay|[upkeep]\n|-fieldend|move: Trick Room\n|upkeep\n|\n|t:|1769178059\n|switch|p2b: Kyogre|Kyogre, L50, tera:Water|100/100\n|-weather|RainDance|[from] ability: Drizzle|[of] p2b: Kyogre\n|turn|6\n|-message|blackred123 forfeited.\n|\n|win|Hoshinaaa\n|raw|Hoshinaaa's rating: 1462 &rarr; <strong>1477</strong><br />(+15 for winning)\n|raw|blackred123's rating: 1367 &rarr; <strong>1352</strong><br />(-15 for losing)\n|l|\u2606blackred123\n|player|p2|\n|l|\u2606Hoshinaaa\n|player|p1|\n","uploadtime":1769178227,"views":13,"formatid":"gen9vgc2026regi","rating":1352,"private":0,"password":null}