{"id":"gen9vgc2026regi-2520748373","format":"[Gen 9] VGC 2026 Reg I","players":["j0l0k0","Berino1"],"log":"|j|\u2606j0l0k0\n|j|\u2606Berino1\n|t:|1768678233\n|gametype|doubles\n|player|p1|j0l0k0|brycen|1417\n|player|p2|Berino1|steven|1242\n|gen|9\n|tier|[Gen 9] VGC 2026 Reg I\n|rated|\n|rule|Species Clause: Limit one of each Pok\u00e9mon\n|rule|Item Clause: Limit 1 of each item\n|clearpoke\n|poke|p1|Calyrex-Ice, L50|\n|poke|p1|Kyogre, L50|\n|poke|p1|Indeedee-F, L50, F|\n|poke|p1|Urshifu-*, L50, F|\n|poke|p1|Amoonguss, L50, F|\n|poke|p1|Landorus, L50, M|\n|poke|p2|Kyogre, L50|\n|poke|p2|Solgaleo, L50|\n|poke|p2|Rillaboom, L50, F|\n|poke|p2|Incineroar, L50, F|\n|poke|p2|Dragonite, L50, F|\n|poke|p2|Grimmsnarl, L50, M|\n|teampreview|4\n|inactive|Battle timer is ON: inactive players will automatically lose when time's up. (requested by j0l0k0)\n|inactive|j0l0k0 has 60 seconds left.\n|\n|t:|1768678265\n|teamsize|p1|4\n|teamsize|p2|4\n|start\n|switch|p1a: Kyogre|Kyogre, L50, shiny|100/100\n|switch|p1b: Indeedee|Indeedee-F, L50, F, shiny|100/100\n|switch|p2a: Solgaleo|Solgaleo, L50|100/100\n|switch|p2b: Grimmsnarl|Grimmsnarl, L50, M|100/100\n|-fieldstart|move: Psychic Terrain|[from] ability: Psychic Surge|[of] p1b: Indeedee\n|-weather|RainDance|[from] ability: Drizzle|[of] p1a: Kyogre\n|turn|1\n|j| here's where king!\n|\n|t:|1768678282\n|move|p2a: Solgaleo|Wide Guard|p2a: Solgaleo\n|-singleturn|p2a: Solgaleo|Wide Guard\n|move|p2b: Grimmsnarl|Light Screen|p2b: Grimmsnarl\n|-sidestart|p2: Berino1|move: Light Screen\n|move|p1a: Kyogre|Water Spout|p2b: Grimmsnarl|[spread] \n|-activate|p2a: Solgaleo|move: Wide Guard\n|-activate|p2b: Grimmsnarl|move: Wide Guard\n|move|p1b: Indeedee|Trick Room|p1b: Indeedee\n|-fieldstart|move: Trick Room|[of] p1b: Indeedee\n|\n|-weather|RainDance|[upkeep]\n|upkeep\n|turn|2\n|\n|t:|1768678302\n|move|p2a: Solgaleo|Wide Guard|p2a: Solgaleo\n|-singleturn|p2a: Solgaleo|Wide Guard\n|move|p1b: Indeedee|Follow Me|p1b: Indeedee\n|-singleturn|p1b: Indeedee|move: Follow Me\n|move|p2b: Grimmsnarl|Reflect|p2b: Grimmsnarl\n|-sidestart|p2: Berino1|Reflect\n|move|p1a: Kyogre|Water Spout|p2a: Solgaleo|[spread] \n|-activate|p2a: Solgaleo|move: Wide Guard\n|-activate|p2b: Grimmsnarl|move: Wide Guard\n|\n|-weather|RainDance|[upkeep]\n|upkeep\n|turn|3\n|\n|t:|1768678315\n|switch|p2b: Rillaboom|Rillaboom, L50, F|100/100\n|-fieldstart|move: Grassy Terrain|[from] ability: Grassy Surge|[of] p2b: Rillaboom\n|move|p1b: Indeedee|Helping Hand|p1a: Kyogre\n|-singleturn|p1a: Kyogre|Helping Hand|[of] p1b: Indeedee\n|move|p2a: Solgaleo|Wide Guard|p2a: Solgaleo\n|-singleturn|p2a: Solgaleo|Wide Guard\n|move|p1a: Kyogre|Hydro Pump|p2a: Solgaleo\n|-damage|p2a: Solgaleo|24/100\n|\n|-weather|RainDance|[upkeep]\n|-heal|p2a: Solgaleo|30/100|[from] Grassy Terrain\n|-heal|p2a: Solgaleo|36/100|[from] item: Leftovers\n|upkeep\n|turn|4\n|inactive|Berino1 has 30 seconds left.\n|\n|t:|1768678346\n|move|p2b: Rillaboom|Fake Out|p1a: Kyogre\n|-damage|p1a: Kyogre|87/100\n|move|p1b: Indeedee|Follow Me|p1b: Indeedee\n|-singleturn|p1b: Indeedee|move: Follow Me\n|cant|p1a: Kyogre|flinch\n|move|p2a: Solgaleo|Sunsteel Strike|p1b: Indeedee\n|-damage|p1b: Indeedee|46/100\n|\n|-weather|RainDance|[upkeep]\n|-heal|p1a: Kyogre|93/100|[from] Grassy Terrain\n|-heal|p1b: Indeedee|52/100|[from] Grassy Terrain\n|-heal|p2a: Solgaleo|42/100|[from] Grassy Terrain\n|-heal|p2a: Solgaleo|49/100|[from] item: Leftovers\n|upkeep\n|turn|5\n|inactive|j0l0k0 has 30 seconds left.\n|\n|t:|1768678375\n|-terastallize|p1a: Kyogre|Grass\n|move|p2a: Solgaleo|Wide Guard|p2a: Solgaleo\n|-singleturn|p2a: Solgaleo|Wide Guard\n|move|p1b: Indeedee|Follow Me|p1b: Indeedee\n|-singleturn|p1b: Indeedee|move: Follow Me\n|move|p1a: Kyogre|Ice Beam|p2b: Rillaboom\n|-supereffective|p2b: Rillaboom\n|-damage|p2b: Rillaboom|63/100\n|move|p2b: Rillaboom|Wood Hammer|p1b: Indeedee\n|-damage|p1b: Indeedee|0 fnt\n|faint|p1b: Indeedee\n|-damage|p2b: Rillaboom|49/100|[from] Recoil\n|\n|-weather|none\n|-heal|p1a: Kyogre|99/100|[from] Grassy Terrain\n|-heal|p2b: Rillaboom|55/100|[from] Grassy Terrain\n|-heal|p2a: Solgaleo|55/100|[from] Grassy Terrain\n|-heal|p2a: Solgaleo|61/100|[from] item: Leftovers\n|-fieldend|move: Trick Room\n|upkeep\n|\n|t:|1768678394\n|switch|p1b: Calyrex|Calyrex-Ice, L50|100/100\n|-ability|p1b: Calyrex|As One\n|-ability|p1b: Calyrex|Unnerve\n|turn|6\n|\n|t:|1768678406\n|move|p2a: Solgaleo|Sunsteel Strike|p1b: Calyrex\n|-supereffective|p1b: Calyrex\n|-damage|p1b: Calyrex|42/100\n|move|p2b: Rillaboom|U-turn|p1a: Kyogre\n|-supereffective|p1a: Kyogre\n|-damage|p1a: Kyogre|59/100\n|\n|t:|1768678417\n|switch|p2b: Grimmsnarl|Grimmsnarl, L50, M|100/100|[from] U-turn\n|move|p1a: Kyogre|Hydro Pump|p2a: Solgaleo\n|-damage|p2a: Solgaleo|32/100\n|move|p1b: Calyrex|Trick Room|p1b: Calyrex\n|-fieldstart|move: Trick Room|[of] p1b: Calyrex\n|\n|-heal|p1b: Calyrex|47/100|[from] Grassy Terrain\n|-heal|p1a: Kyogre|65/100|[from] Grassy Terrain\n|-heal|p2a: Solgaleo|38/100|[from] Grassy Terrain\n|-heal|p2a: Solgaleo|44/100|[from] item: Leftovers\n|upkeep\n|turn|7\n|\n|t:|1768678438\n|move|p2a: Solgaleo|Wide Guard|p2a: Solgaleo\n|-singleturn|p2a: Solgaleo|Wide Guard\n|move|p2b: Grimmsnarl|Thunder Wave|p1a: Kyogre\n|-status|p1a: Kyogre|par\n|move|p1a: Kyogre|Hydro Pump|p2a: Solgaleo|[miss]\n|-miss|p1a: Kyogre|p2a: Solgaleo\n|move|p1b: Calyrex|Crunch|p2a: Solgaleo\n|-supereffective|p2a: Solgaleo\n|-damage|p2a: Solgaleo|11/100\n|\n|-heal|p1a: Kyogre|71/100 par|[from] Grassy Terrain\n|-heal|p1b: Calyrex|53/100|[from] Grassy Terrain\n|-heal|p2a: Solgaleo|17/100|[from] Grassy Terrain\n|-heal|p2a: Solgaleo|23/100|[from] item: Leftovers\n|-fieldend|move: Grassy Terrain\n|upkeep\n|turn|8\n|l| here's where king!\n|inactive|j0l0k0 has 30 seconds left.\n|\n|t:|1768678466\n|switch|p2a: Rillaboom|Rillaboom, L50, F|55/100\n|-fieldstart|move: Grassy Terrain|[from] ability: Grassy Surge|[of] p2a: Rillaboom\n|move|p2b: Grimmsnarl|Thunder Wave|p1b: Calyrex\n|-status|p1b: Calyrex|par\n|move|p1b: Calyrex|Crunch|p2a: Rillaboom\n|-damage|p2a: Rillaboom|33/100\n|cant|p1a: Kyogre|par\n|\n|-heal|p1b: Calyrex|59/100 par|[from] Grassy Terrain\n|-heal|p1a: Kyogre|76/100 par|[from] Grassy Terrain\n|-heal|p2a: Rillaboom|39/100|[from] Grassy Terrain\n|-sideend|p2: Berino1|move: Light Screen\n|upkeep\n|turn|9\n|\n|t:|1768678489\n|move|p2b: Grimmsnarl|Light Screen|p2b: Grimmsnarl\n|-sidestart|p2: Berino1|move: Light Screen\n|move|p1b: Calyrex|Glacial Lance|p2a: Rillaboom|[spread] p2a,p2b\n|-supereffective|p2a: Rillaboom\n|-damage|p2a: Rillaboom|0 fnt\n|-damage|p2b: Grimmsnarl|61/100\n|faint|p2a: Rillaboom\n|-ability|p1b: Calyrex|Chilling Neigh|boost\n|-boost|p1b: Calyrex|atk|1\n|cant|p1a: Kyogre|par\n|\n|-heal|p1b: Calyrex|65/100 par|[from] Grassy Terrain\n|-heal|p1a: Kyogre|82/100 par|[from] Grassy Terrain\n|-heal|p2b: Grimmsnarl|67/100|[from] Grassy Terrain\n|-sideend|p2: Berino1|Reflect\n|upkeep\n|\n|t:|1768678506\n|switch|p2a: Solgaleo|Solgaleo, L50|23/100\n|turn|10\n|\n|t:|1768678514\n|move|p2a: Solgaleo|Wide Guard|p2a: Solgaleo\n|-singleturn|p2a: Solgaleo|Wide Guard\n|move|p2b: Grimmsnarl|Reflect|p2b: Grimmsnarl\n|-sidestart|p2: Berino1|Reflect\n|move|p1b: Calyrex|Crunch|p2a: Solgaleo\n|-supereffective|p2a: Solgaleo\n|-damage|p2a: Solgaleo|0 fnt\n|faint|p2a: Solgaleo\n|-ability|p1b: Calyrex|Chilling Neigh|boost\n|-boost|p1b: Calyrex|atk|1\n|cant|p1a: Kyogre|par\n|\n|-heal|p1b: Calyrex|71/100 par|[from] Grassy Terrain\n|-heal|p1a: Kyogre|88/100 par|[from] Grassy Terrain\n|-heal|p2b: Grimmsnarl|73/100|[from] Grassy Terrain\n|-fieldend|move: Trick Room\n|upkeep\n|\n|t:|1768678524\n|switch|p2a: Kyogre|Kyogre, L50|100/100\n|-weather|RainDance|[from] ability: Drizzle|[of] p2a: Kyogre\n|turn|11\n|\n|t:|1768678530\n|move|p2a: Kyogre|Water Spout|p1b: Calyrex|[spread] p1a,p1b\n|-resisted|p1a: Kyogre\n|-damage|p1a: Kyogre|60/100 par\n|-damage|p1b: Calyrex|0 fnt\n|faint|p1b: Calyrex\n|move|p2b: Grimmsnarl|Spirit Break|p1a: Kyogre\n|-damage|p1a: Kyogre|29/100 par\n|-unboost|p1a: Kyogre|spa|1\n|move|p1a: Kyogre|Thunder|p2a: Kyogre\n|-supereffective|p2a: Kyogre\n|-damage|p2a: Kyogre|72/100\n|\n|-weather|RainDance|[upkeep]\n|-heal|p2a: Kyogre|78/100|[from] Grassy Terrain\n|-heal|p2b: Grimmsnarl|79/100|[from] Grassy Terrain\n|-heal|p1a: Kyogre|35/100 par|[from] Grassy Terrain\n|upkeep\n|\n|t:|1768678547\n|switch|p1b: Landorus|Landorus, L50, M, shiny|100/100\n|turn|12\n|\n|t:|1768678565\n|move|p2a: Kyogre|Ice Beam|p1a: Kyogre\n|-supereffective|p1a: Kyogre\n|-damage|p1a: Kyogre|1/100 par\n|move|p1b: Landorus|Sandsear Storm|p2b: Grimmsnarl|[spread] p2a,p2b\n|-damage|p2a: Kyogre|50/100\n|-damage|p2b: Grimmsnarl|40/100\n|move|p2b: Grimmsnarl|Spirit Break|p1b: Landorus\n|-damage|p1b: Landorus|71/100\n|-unboost|p1b: Landorus|spa|1\n|move|p1a: Kyogre|Thunder|p2a: Kyogre\n|-supereffective|p2a: Kyogre\n|-damage|p2a: Kyogre|21/100\n|\n|-weather|RainDance|[upkeep]\n|-heal|p2a: Kyogre|27/100|[from] Grassy Terrain\n|-heal|p2b: Grimmsnarl|46/100|[from] Grassy Terrain\n|-heal|p1a: Kyogre|7/100 par|[from] Grassy Terrain\n|-fieldend|move: Grassy Terrain\n|upkeep\n|turn|13\n|inactive|Berino1 has 30 seconds left.\n|\n|t:|1768678593\n|move|p2a: Kyogre|Origin Pulse|p1b: Landorus|[spread] p1a,p1b\n|-resisted|p1a: Kyogre\n|-supereffective|p1b: Landorus\n|-damage|p1a: Kyogre|0 fnt\n|-damage|p1b: Landorus|0 fnt\n|faint|p1a: Kyogre\n|faint|p1b: Landorus\n|\n|win|Berino1\n|raw|j0l0k0's rating: 1417 &rarr; <strong>1388</strong><br />(-29 for losing)\n|raw|Berino1's rating: 1242 &rarr; <strong>1279</strong><br />(+37 for winning)\n|c|\u2606j0l0k0|ggwp\n|c|\u2606Berino1|gg autist\n|l|\u2606Berino1\n|player|p2|\n|c|\u2606j0l0k0|?\n|l|\u2606j0l0k0\n|player|p1|\n","uploadtime":1768678778,"views":11,"formatid":"gen9vgc2026regi","rating":1279,"private":0,"password":null}