{"id":"gen9vgc2026regi-2561878065","format":"[Gen 9] VGC 2026 Reg I","players":["CHR1SPHX","OnePsychoTitan"],"log":"|j|\u2606CHR1SPHX\n|j|\u2606OnePsychoTitan\n|t:|1773851315\n|gametype|doubles\n|player|p1|CHR1SPHX|hilbert|1247\n|player|p2|OnePsychoTitan|rood|1170\n|gen|9\n|tier|[Gen 9] VGC 2026 Reg I\n|rated|\n|rule|Species Clause: Limit one of each Pok\u00e9mon\n|rule|Item Clause: Limit 1 of each item\n|clearpoke\n|poke|p1|Flutter Mane, L50|\n|poke|p1|Incineroar, L50, M|\n|poke|p1|Ursaluna-Bloodmoon, L50, M|\n|poke|p1|Amoonguss, L50, M|\n|poke|p1|Koraidon, L50|\n|poke|p1|Lunala, L50|\n|poke|p2|Chien-Pao, L50|\n|poke|p2|Kyogre, L50|\n|poke|p2|Calyrex-Ice, L50|\n|poke|p2|Primarina, L50, M|\n|poke|p2|Incineroar, L50, M|\n|poke|p2|Ursaluna, L50, F|\n|teampreview|4\n|inactive|Battle timer is ON: inactive players will automatically lose when time's up. (requested by CHR1SPHX)\nCHR1SPHX rejected open team sheets.\n|inactive|CHR1SPHX has 60 seconds left.\n|inactive|OnePsychoTitan has 60 seconds left.\n|\n|t:|1773851364\n|teamsize|p1|4\n|teamsize|p2|4\n|start\n|switch|p1a: Lunala|Lunala, L50, shiny|100/100\n|switch|p1b: Incineroar|Incineroar, L50, M|100/100\n|switch|p2a: Chien-Pao|Chien-Pao, L50|100/100\n|switch|p2b: Kyogre|Kyogre, L50|100/100\n|-ability|p2a: Chien-Pao|Sword of Ruin\n|-weather|RainDance|[from] ability: Drizzle|[of] p2b: Kyogre\n|-ability|p1b: Incineroar|Intimidate|boost\n|-unboost|p2a: Chien-Pao|atk|1\n|-unboost|p2b: Kyogre|atk|1\n|turn|1\n|inactive|OnePsychoTitan has 30 seconds left.\n|inactive|OnePsychoTitan has 20 seconds left.\n|inactive|OnePsychoTitan has 15 seconds left.\n|\n|t:|1773851405\n|-terastallize|p1a: Lunala|Fairy\n|move|p2b: Kyogre|Protect|p2b: Kyogre\n|-singleturn|p2b: Kyogre|Protect\n|move|p1b: Incineroar|Fake Out|p2b: Kyogre\n|-activate|p2b: Kyogre|move: Protect\n|move|p2a: Chien-Pao|Icy Wind|p1a: Lunala|[spread] p1a\n|-miss|p2a: Chien-Pao|p1b: Incineroar\n|-damage|p1a: Lunala|97/100\n|-unboost|p1a: Lunala|spe|1\n|move|p1a: Lunala|Trick Room|p1a: Lunala\n|-fieldstart|move: Trick Room|[of] p1a: Lunala\n|\n|-weather|RainDance|[upkeep]\n|upkeep\n|turn|2\n|inactive|OnePsychoTitan has 30 seconds left.\n|inactive|OnePsychoTitan has 20 seconds left.\n|inactive|OnePsychoTitan has 15 seconds left.\n|\n|t:|1773851447\n|move|p1a: Lunala|Moonblast|p2b: Kyogre\n|-damage|p2b: Kyogre|61/100\n|move|p1b: Incineroar|Parting Shot|p2b: Kyogre\n|-unboost|p2b: Kyogre|atk|1\n|-unboost|p2b: Kyogre|spa|1\n|\n|t:|1773851452\n|switch|p1b: Koraidon|Koraidon, L50|100/100|[from] Parting Shot\n|-weather|SunnyDay|[from] ability: Orichalcum Pulse|[of] p1b: Koraidon\n|-activate|p1b: Koraidon|Orichalcum Pulse|[source]\n|move|p2b: Kyogre|Water Spout|p1b: Koraidon|[spread] p1a,p1b\n|-resisted|p1b: Koraidon\n|-damage|p1a: Lunala|85/100\n|-damage|p1b: Koraidon|94/100\n|move|p2a: Chien-Pao|Crunch|p1a: Lunala\n|-resisted|p1a: Lunala\n|-damage|p1a: Lunala|73/100\n|\n|-weather|SunnyDay|[upkeep]\n|upkeep\n|turn|3\n|\n|t:|1773851473\n|switch|p2b: Primarina|Primarina, L50, M|100/100\n|move|p1a: Lunala|Moonblast|p2a: Chien-Pao\n|-supereffective|p2a: Chien-Pao\n|-enditem|p2a: Chien-Pao|Focus Sash\n|-damage|p2a: Chien-Pao|1/100\n|move|p1b: Koraidon|Collision Course|p2a: Chien-Pao\n|-supereffective|p2a: Chien-Pao\n|-damage|p2a: Chien-Pao|0 fnt\n|faint|p2a: Chien-Pao\n|\n|-weather|SunnyDay|[upkeep]\n|upkeep\n|\n|t:|1773851484\n|switch|p2a: Kyogre|Kyogre, L50|61/100\n|-weather|RainDance|[from] ability: Drizzle|[of] p2a: Kyogre\n|turn|4\n|\n|t:|1773851501\n|switch|p1b: Incineroar|Incineroar, L50, M|100/100\n|-ability|p1b: Incineroar|Intimidate|boost\n|-unboost|p2a: Kyogre|atk|1\n|-unboost|p2b: Primarina|atk|1\n|move|p1a: Lunala|Wide Guard|p1a: Lunala\n|-singleturn|p1a: Lunala|Wide Guard\n|move|p2b: Primarina|Dazzling Gleam|p1a: Lunala|[spread] \n|-activate|p1a: Lunala|move: Wide Guard\n|-activate|p1b: Incineroar|move: Wide Guard\n|move|p2a: Kyogre|Hydro Pump|p1a: Lunala\n|-damage|p1a: Lunala|0 fnt\n|faint|p1a: Lunala\n|\n|-weather|RainDance|[upkeep]\n|upkeep\n|\n|t:|1773851523\n|switch|p1a: Koraidon|Koraidon, L50|94/100\n|-weather|SunnyDay|[from] ability: Orichalcum Pulse|[of] p1a: Koraidon\n|-activate|p1a: Koraidon|Orichalcum Pulse|[source]\n|turn|5\n|inactive|CHR1SPHX has 30 seconds left.\n|inactive|OnePsychoTitan has 30 seconds left.\n|inactive|CHR1SPHX has 20 seconds left.\n|inactive|CHR1SPHX has 15 seconds left.\n|\n|t:|1773851564\n|move|p2b: Primarina|Protect|p2b: Primarina\n|-singleturn|p2b: Primarina|Protect\n|move|p2a: Kyogre|Protect|p2a: Kyogre\n|-singleturn|p2a: Kyogre|Protect\n|move|p1b: Incineroar|Fake Out|p2b: Primarina\n|-activate|p2b: Primarina|move: Protect\n|move|p1a: Koraidon|Flare Blitz|p2b: Primarina\n|-activate|p2b: Primarina|move: Protect\n|\n|-weather|SunnyDay|[upkeep]\n|-fieldend|move: Trick Room\n|upkeep\n|turn|6\n|inactive|OnePsychoTitan has 30 seconds left.\n|\n|t:|1773851590\n|switch|p2a: Calyrex|Calyrex-Ice, L50|100/100\n|-ability|p2a: Calyrex|As One\n|-ability|p2a: Calyrex|Unnerve\n|move|p1a: Koraidon|Protect|p1a: Koraidon\n|-singleturn|p1a: Koraidon|Protect\n|move|p2b: Primarina|Dazzling Gleam|p1b: Incineroar|[spread] p1b\n|-activate|p1a: Koraidon|move: Protect\n|-damage|p1b: Incineroar|78/100\n|move|p1b: Incineroar|Parting Shot|p2b: Primarina\n|-unboost|p2b: Primarina|atk|1\n|-unboost|p2b: Primarina|spa|1\n|\n|t:|1773851601\n|switch|p1b: Ursaluna|Ursaluna-Bloodmoon, L50, M|100/100|[from] Parting Shot\n|\n|-weather|SunnyDay|[upkeep]\n|upkeep\n|turn|7\n|inactive|OnePsychoTitan has 30 seconds left.\n|\n|t:|1773851636\n|switch|p1a: Incineroar|Incineroar, L50, M|78/100\n|-ability|p1a: Incineroar|Intimidate|boost\n|-unboost|p2a: Calyrex|atk|1\n|-unboost|p2b: Primarina|atk|1\n|switch|p2b: Kyogre|Kyogre, L50|61/100\n|-weather|RainDance|[from] ability: Drizzle|[of] p2b: Kyogre\n|-terastallize|p2a: Calyrex|Water\n|move|p2a: Calyrex|Glacial Lance|p1b: Ursaluna|[spread] p1a,p1b\n|-resisted|p1a: Incineroar\n|-supereffective|p1b: Ursaluna\n|-damage|p1a: Incineroar|62/100\n|-damage|p1b: Ursaluna|51/100\n|move|p1b: Ursaluna|Hyper Voice|p2a: Calyrex|[spread] p2a,p2b\n|-damage|p2a: Calyrex|71/100\n|-damage|p2b: Kyogre|26/100\n|-damage|p1b: Ursaluna|42/100|[from] item: Life Orb\n|\n|-weather|RainDance|[upkeep]\n|-heal|p2a: Calyrex|76/100|[from] item: Leftovers\n|upkeep\n|turn|8\n|inactive|OnePsychoTitan has 30 seconds left.\n|inactive|OnePsychoTitan has 20 seconds left.\n|\n|t:|1773851672\n|switch|p1b: Koraidon|Koraidon, L50|94/100\n|-weather|SunnyDay|[from] ability: Orichalcum Pulse|[of] p1b: Koraidon\n|-activate|p1b: Koraidon|Orichalcum Pulse|[source]\n|move|p1a: Incineroar|Fake Out|p2a: Calyrex\n|-damage|p2a: Calyrex|70/100\n|move|p2b: Kyogre|Hydro Pump|p1a: Incineroar\n|-supereffective|p1a: Incineroar\n|-damage|p1a: Incineroar|5/100\n|cant|p2a: Calyrex|flinch\n|\n|-weather|SunnyDay|[upkeep]\n|-heal|p2a: Calyrex|75/100|[from] item: Leftovers\n|upkeep\n|turn|9\n|inactive|CHR1SPHX has 30 seconds left.\n|inactive|CHR1SPHX has 20 seconds left.\n|inactive|CHR1SPHX has 15 seconds left.\n|\n|t:|1773851716\n|switch|p2b: Primarina|Primarina, L50, M|100/100\n|move|p1b: Koraidon|Collision Course|p2a: Calyrex\n|-damage|p2a: Calyrex|35/100\n|move|p1a: Incineroar|Parting Shot|p2a: Calyrex\n|-unboost|p2a: Calyrex|atk|1\n|-unboost|p2a: Calyrex|spa|1\n|\n|t:|1773851723\n|switch|p1a: Ursaluna|Ursaluna-Bloodmoon, L50, M|42/100|[from] Parting Shot\n|move|p2a: Calyrex|Glacial Lance|p1a: Ursaluna|[spread] p1a,p1b\n|-supereffective|p1a: Ursaluna\n|-supereffective|p1b: Koraidon\n|-damage|p1a: Ursaluna|8/100\n|-damage|p1b: Koraidon|46/100\n|\n|-weather|SunnyDay|[upkeep]\n|-heal|p2a: Calyrex|41/100|[from] item: Leftovers\n|upkeep\n|turn|10\n|inactive|CHR1SPHX has 30 seconds left.\n|inactive|CHR1SPHX has 20 seconds left.\n|inactive|CHR1SPHX has 15 seconds left.\n|\n|t:|1773851764\n|switch|p2a: Kyogre|Kyogre, L50|26/100\n|-weather|RainDance|[from] ability: Drizzle|[of] p2a: Kyogre\n|move|p1b: Koraidon|Flare Blitz|p2b: Primarina\n|-resisted|p2b: Primarina\n|-crit|p2b: Primarina\n|-damage|p2b: Primarina|84/100\n|-damage|p1b: Koraidon|41/100|[from] Recoil\n|move|p2b: Primarina|Dazzling Gleam|p1a: Ursaluna|[spread] p1a,p1b\n|-supereffective|p1b: Koraidon\n|-damage|p1a: Ursaluna|0 fnt\n|-damage|p1b: Koraidon|0 fnt\n|faint|p1a: Ursaluna\n|faint|p1b: Koraidon\n|\n|-weather|RainDance|[upkeep]\n|upkeep\n|\n|t:|1773851768\n|switch|p1b: Incineroar|Incineroar, L50, M|5/100\n|-ability|p1b: Incineroar|Intimidate|boost\n|-unboost|p2a: Kyogre|atk|1\n|-unboost|p2b: Primarina|atk|1\n|turn|11\n|-message|CHR1SPHX forfeited.\n|\n|win|OnePsychoTitan\n|raw|CHR1SPHX's rating: 1247 &rarr; <strong>1217</strong><br />(-30 for losing)\n|raw|OnePsychoTitan's rating: 1170 &rarr; <strong>1200</strong><br />(+30 for winning)\n|l|\u2606CHR1SPHX\n|player|p1|\n","uploadtime":1773851954,"views":39,"formatid":"gen9vgc2026regi","rating":1200,"private":0,"password":null}