{"id":"gen9vgc2026regi-2515402977","format":"[Gen 9] VGC 2026 Reg I","players":["Miurez","Rillabossman"],"log":"|j|\u2606Miurez\n|j|\u2606Rillabossman\n|t:|1767987197\n|gametype|doubles\n|player|p1|Miurez|pokemonranger-gen4|1300\n|player|p2|Rillabossman|burglar|1316\n|gen|9\n|tier|[Gen 9] VGC 2026 Reg I\n|rated|\n|rule|Species Clause: Limit one of each Pok\u00e9mon\n|rule|Item Clause: Limit 1 of each item\n|clearpoke\n|poke|p1|Zacian-*, L50|\n|poke|p1|Incineroar, L50, M|\n|poke|p1|Kyogre, L50|\n|poke|p1|Raichu, L50, F|\n|poke|p1|Urshifu-*, L50, M|\n|poke|p1|Tornadus, L50, M|\n|poke|p2|Kyogre, L50|\n|poke|p2|Necrozma-Dusk-Mane, L50|\n|poke|p2|Amoonguss, L50, F|\n|poke|p2|Urshifu-*, L50, F|\n|poke|p2|Chien-Pao, L50|\n|poke|p2|Iron Hands, L50|\n|teampreview|4\n|c|\u2606Rillabossman|glhf\n|\n|t:|1767987216\n|teamsize|p1|4\n|teamsize|p2|4\n|start\n|switch|p1a: Raichu|Raichu, L50, F|100/100\n|switch|p1b: Urshifu|Urshifu-Rapid-Strike, L50, M|100/100\n|switch|p2a: Necrozma|Necrozma-Dusk-Mane, L50|100/100\n|switch|p2b: Urshifu|Urshifu-Rapid-Strike, L50, F|100/100\n|turn|1\n|\n|t:|1767987231\n|-terastallize|p1b: Urshifu|Water\n|move|p1a: Raichu|Fake Out|p2b: Urshifu\n|-damage|p2b: Urshifu|92/100\n|move|p1b: Urshifu|Surging Strikes|p2a: Necrozma\n|-crit|p2a: Necrozma\n|-damage|p2a: Necrozma|81/100\n|-crit|p2a: Necrozma\n|-damage|p2a: Necrozma|60/100\n|-crit|p2a: Necrozma\n|-damage|p2a: Necrozma|40/100\n|-hitcount|p2a: Necrozma|3\n|cant|p2b: Urshifu|flinch\n|move|p2a: Necrozma|Photon Geyser|p1b: Urshifu\n|-crit|p1b: Urshifu\n|-damage|p1b: Urshifu|10/100\n|\n|upkeep\n|turn|2\n|\n|t:|1767987251\n|switch|p2a: Amoonguss|Amoonguss, L50, F, shiny|100/100\n|move|p1b: Urshifu|Surging Strikes|p2a: Amoonguss\n|-resisted|p2a: Amoonguss\n|-crit|p2a: Amoonguss\n|-damage|p2a: Amoonguss|91/100\n|-damage|p1b: Urshifu|0 fnt|[from] item: Rocky Helmet|[of] p2a: Amoonguss\n|faint|p1b: Urshifu\n|-hitcount|p2a: Amoonguss|1\n|move|p2b: Urshifu|Surging Strikes|p1a: Raichu\n|-crit|p1a: Raichu\n|-damage|p1a: Raichu|65/100\n|-crit|p1a: Raichu\n|-damage|p1a: Raichu|33/100\n|-crit|p1a: Raichu\n|-damage|p1a: Raichu|2/100\n|-hitcount|p1a: Raichu|3\n|move|p1a: Raichu|Nuzzle|p2b: Urshifu\n|-supereffective|p2b: Urshifu\n|-crit|p2b: Urshifu\n|-damage|p2b: Urshifu|74/100\n|-status|p2b: Urshifu|par\n|\n|upkeep\n|\n|t:|1767987264\n|switch|p1b: Kyogre|Kyogre, L50|100/100\n|-weather|RainDance|[from] ability: Drizzle|[of] p1b: Kyogre\n|turn|3\n|\n|t:|1767987274\n|move|p2a: Amoonguss|Protect|p2a: Amoonguss\n|-singleturn|p2a: Amoonguss|Protect\n|move|p1a: Raichu|Endeavor|p2a: Amoonguss\n|-activate|p2a: Amoonguss|move: Protect\n|move|p1b: Kyogre|Water Spout|p2a: Amoonguss|[spread] p2b\n|-activate|p2a: Amoonguss|move: Protect\n|-resisted|p2b: Urshifu\n|-damage|p2b: Urshifu|0 fnt\n|faint|p2b: Urshifu\n|\n|-weather|RainDance|[upkeep]\n|upkeep\n|\n|t:|1767987281\n|switch|p2b: Kyogre|Kyogre, L50|100/100\n|turn|4\n|\n|t:|1767987314\n|move|p2a: Amoonguss|Rage Powder|p2a: Amoonguss\n|-singleturn|p2a: Amoonguss|move: Rage Powder\n|move|p1a: Raichu|Endeavor|p2a: Amoonguss\n|-damage|p2a: Amoonguss|1/100\n|-damage|p1a: Raichu|0 fnt|[from] item: Rocky Helmet|[of] p2a: Amoonguss\n|faint|p1a: Raichu\n|move|p2b: Kyogre|Water Spout|p1b: Kyogre\n|-resisted|p1b: Kyogre\n|-damage|p1b: Kyogre|53/100\n|move|p1b: Kyogre|Water Spout|p2b: Kyogre|[spread] p2a,p2b\n|-resisted|p2a: Amoonguss\n|-resisted|p2b: Kyogre\n|-damage|p2a: Amoonguss|0 fnt\n|-damage|p2b: Kyogre|78/100\n|faint|p2a: Amoonguss\n|\n|-weather|RainDance|[upkeep]\n|upkeep\n|\n|t:|1767987327\n|switch|p1a: Zacian|Zacian-Crowned, L50, shiny|100/100\n|switch|p2a: Necrozma|Necrozma-Dusk-Mane, L50|40/100\n|-ability|p1a: Zacian|Intrepid Sword|boost\n|-boost|p1a: Zacian|atk|1\n|turn|5\n|\n|t:|1767987373\n|move|p2a: Necrozma|Protect|p2a: Necrozma\n|-singleturn|p2a: Necrozma|Protect\n|move|p1a: Zacian|Play Rough|p2b: Kyogre\n|-damage|p2b: Kyogre|9/100\n|move|p2b: Kyogre|Hydro Pump|p1a: Zacian|[miss]\n|-miss|p2b: Kyogre|p1a: Zacian\n|move|p1b: Kyogre|Origin Pulse|p2b: Kyogre|[spread] \n|-activate|p2a: Necrozma|move: Protect\n|-miss|p1b: Kyogre|p2b: Kyogre\n|\n|-weather|RainDance|[upkeep]\n|upkeep\n|turn|6\n|-message|Rillabossman forfeited.\n|\n|win|Miurez\n|raw|Miurez's rating: 1300 &rarr; <strong>1326</strong><br />(+26 for winning)\n|raw|Rillabossman's rating: 1316 &rarr; <strong>1295</strong><br />(-21 for losing)\n|l|\u2606Rillabossman\n|player|p2|\n|l|\u2606Miurez\n|player|p1|\n","uploadtime":1767987633,"views":15,"formatid":"gen9vgc2026regi","rating":1295,"private":0,"password":null}