{"id":"gen9vgc2026regi-2573785912","format":"[Gen 9] VGC 2026 Reg I","players":["simistcha","1VLTSQ Joker"],"log":"|raw|<div class=\"broadcast-blue\"><strong>This battle is required to be public due to a player having a name starting with '1vltsq'.</div>\n|j|\u2606simistcha\n|j|\u26061VLTSQ Joker\n|t:|1775164822\n|gametype|doubles\n|player|p1|simistcha|cynthia|1415\n|player|p2|1VLTSQ Joker|blue|1526\n|gen|9\n|tier|[Gen 9] VGC 2026 Reg I\n|rated|\n|rule|Species Clause: Limit one of each Pok\u00e9mon\n|rule|Item Clause: Limit 1 of each item\n|clearpoke\n|poke|p1|Calyrex-Ice, L50|\n|poke|p1|Ursaluna, L50, F|\n|poke|p1|Miraidon, L50|\n|poke|p1|Grimmsnarl, L50, M|\n|poke|p1|Ditto, L50|\n|poke|p1|Urshifu-*, L50, M|\n|poke|p2|Calyrex-Ice, L50|\n|poke|p2|Smeargle, L50, F|\n|poke|p2|Kyogre, L50|\n|poke|p2|Maushold, L50|\n|poke|p2|Volcarona, L50, M|\n|poke|p2|Pawmot, L50, F|\n|teampreview|4\nsimistcha rejected open team sheets.\n|inactive|Battle timer is ON: inactive players will automatically lose when time's up. (requested by simistcha)\n|inactive|1VLTSQ Joker has 60 seconds left.\n|\n|t:|1775164874\n|teamsize|p1|4\n|teamsize|p2|4\n|start\n|switch|p1a: Grimmsnarl|Grimmsnarl, L50, M|100/100\n|switch|p1b: Miraidon|Miraidon, L50|100/100\n|switch|p2a: Calyrex|Calyrex-Ice, L50|100/100\n|switch|p2b: Smeargle|Smeargle, L50, F|100/100\n|-ability|p2a: Calyrex|As One\n|-ability|p2a: Calyrex|Unnerve\n|-fieldstart|move: Electric Terrain|[from] ability: Hadron Engine|[of] p1b: Miraidon\n|turn|1\n|inactive|1VLTSQ Joker has 30 seconds left.\n|inactive|1VLTSQ Joker has 20 seconds left.\n|inactive|1VLTSQ Joker has 15 seconds left.\n|inactive|1VLTSQ Joker has 10 seconds left.\n|\n|t:|1775164919\n|-terastallize|p2a: Calyrex|Grass\n|move|p2b: Smeargle|Fake Out|p1b: Miraidon\n|-damage|p1b: Miraidon|96/100\n|move|p1a: Grimmsnarl|Reflect|p1a: Grimmsnarl\n|-sidestart|p1: simistcha|Reflect\n|cant|p1b: Miraidon|flinch\n|move|p2a: Calyrex|Glacial Lance|p1a: Grimmsnarl|[spread] p1a,p1b\n|-supereffective|p1b: Miraidon\n|-damage|p1a: Grimmsnarl|59/100\n|-damage|p1b: Miraidon|34/100\n|\n|-ability|p2b: Smeargle|Moody|boost\n|-boost|p2b: Smeargle|spd|2\n|-unboost|p2b: Smeargle|atk|1\n|upkeep\n|turn|2\n|j| darkmaikshark\n|\n|t:|1775164941\n|move|p1b: Miraidon|Volt Switch|p2b: Smeargle\n|-damage|p2b: Smeargle|30/100\n|\n|t:|1775164951\n|switch|p1b: Calyrex|Calyrex-Ice, L50|100/100|[from] Volt Switch\n|-ability|p1b: Calyrex|As One\n|-ability|p1b: Calyrex|Unnerve\n|move|p2b: Smeargle|Decorate|p2a: Calyrex\n|-boost|p2a: Calyrex|atk|2\n|-boost|p2a: Calyrex|spa|2\n|move|p2a: Calyrex|Glacial Lance|p1a: Grimmsnarl|[spread] p1a,p1b\n|-resisted|p1b: Calyrex\n|-damage|p1a: Grimmsnarl|0 fnt\n|-damage|p1b: Calyrex|78/100\n|faint|p1a: Grimmsnarl\n|-ability|p2a: Calyrex|Chilling Neigh|boost\n|-boost|p2a: Calyrex|atk|1\n|\n|-heal|p1b: Calyrex|84/100|[from] item: Leftovers\n|-ability|p2b: Smeargle|Moody|boost\n|-boost|p2b: Smeargle|atk|2\n|-unboost|p2b: Smeargle|spa|1\n|upkeep\n|\n|t:|1775164960\n|switch|p1a: Urshifu|Urshifu-Rapid-Strike, L50, M|100/100\n|turn|3\n|inactive|1VLTSQ Joker has 30 seconds left.\n|\n|t:|1775164994\n|move|p2b: Smeargle|Follow Me|p2b: Smeargle\n|-singleturn|p2b: Smeargle|move: Follow Me\n|move|p1a: Urshifu|Surging Strikes|p2b: Smeargle\n|-crit|p2b: Smeargle\n|-damage|p2b: Smeargle|0 fnt\n|faint|p2b: Smeargle\n|-hitcount|p2: Smeargle|1\n|move|p2a: Calyrex|Glacial Lance|p1a: Urshifu|[spread] p1a,p1b\n|-resisted|p1a: Urshifu\n|-resisted|p1b: Calyrex\n|-damage|p1a: Urshifu|53/100\n|-damage|p1b: Calyrex|55/100\n|move|p1b: Calyrex|Glacial Lance|p2a: Calyrex\n|-supereffective|p2a: Calyrex\n|-damage|p2a: Calyrex|3/100\n|\n|-heal|p1b: Calyrex|61/100|[from] item: Leftovers\n|upkeep\n|inactive|1VLTSQ Joker has 30 seconds left.\n|\n|t:|1775165029\n|switch|p2b: Kyogre|Kyogre, L50|100/100\n|-weather|RainDance|[from] ability: Drizzle|[of] p2b: Kyogre\n|turn|4\n|\n|t:|1775165042\n|move|p1b: Calyrex|Protect|p1b: Calyrex\n|-singleturn|p1b: Calyrex|Protect\n|move|p1a: Urshifu|Aqua Jet|p2a: Calyrex\n|-resisted|p2a: Calyrex\n|-damage|p2a: Calyrex|0 fnt\n|faint|p2a: Calyrex\n|move|p2b: Kyogre|Water Spout|p1b: Calyrex|[spread] p1a\n|-activate|p1b: Calyrex|move: Protect\n|-resisted|p1a: Urshifu\n|-damage|p1a: Urshifu|0 fnt\n|faint|p1a: Urshifu\n|\n|-weather|RainDance|[upkeep]\n|-heal|p1b: Calyrex|67/100|[from] item: Leftovers\n|upkeep\n|\n|t:|1775165049\n|switch|p1a: Miraidon|Miraidon, L50|34/100\n|switch|p2a: Pawmot|Pawmot, L50, F|100/100\n|-activate|p1a: Miraidon|ability: Hadron Engine\n|turn|5\n|\n|t:|1775165062\n|move|p2a: Pawmot|Fake Out|p1b: Calyrex\n|-damage|p1b: Calyrex|62/100\n|move|p2b: Kyogre|Water Spout|p1a: Miraidon|[spread] p1a,p1b\n|-resisted|p1a: Miraidon\n|-damage|p1a: Miraidon|9/100\n|-damage|p1b: Calyrex|8/100\n|move|p1a: Miraidon|Electro Drift|p2b: Kyogre\n|-supereffective|p2b: Kyogre\n|-crit|p2b: Kyogre\n|-damage|p2b: Kyogre|0 fnt\n|faint|p2b: Kyogre\n|cant|p1b: Calyrex|flinch\n|\n|-weather|RainDance|[upkeep]\n|-heal|p1b: Calyrex|14/100|[from] item: Leftovers\n|-fieldend|move: Electric Terrain\n|upkeep\n|turn|6\n|\n|t:|1775165079\n|move|p2a: Pawmot|Revival Blessing|p2a: Pawmot\n|\n|t:|1775165082\n|-heal|p2: Kyogre|50/100|[from] move: Revival Blessing\n|switch|p2b: Kyogre|Kyogre, L50|50/100\n|move|p1a: Miraidon|Draco Meteor|p2a: Pawmot|[miss]\n|-miss|p1a: Miraidon|p2a: Pawmot\n|move|p1b: Calyrex|Leech Seed|p2a: Pawmot\n|-start|p2a: Pawmot|move: Leech Seed\n|\n|-weather|RainDance|[upkeep]\n|-heal|p1b: Calyrex|20/100|[from] item: Leftovers\n|-damage|p2a: Pawmot|88/100|[from] Leech Seed|[of] p1b: Calyrex\n|-heal|p1b: Calyrex|30/100|[silent]\n|upkeep\n|turn|7\n|\n|t:|1775165100\n|move|p1b: Calyrex|Protect|p1b: Calyrex\n|-singleturn|p1b: Calyrex|Protect\n|move|p2b: Kyogre|Origin Pulse|p1b: Calyrex|[spread] p1a\n|-activate|p1b: Calyrex|move: Protect\n|-resisted|p1a: Miraidon\n|-damage|p1a: Miraidon|0 fnt\n|faint|p1a: Miraidon\n|move|p2a: Pawmot|Nuzzle|p1b: Calyrex\n|-activate|p1b: Calyrex|move: Protect\n|\n|-weather|RainDance|[upkeep]\n|-heal|p1b: Calyrex|36/100|[from] item: Leftovers\n|-damage|p2a: Pawmot|76/100|[from] Leech Seed|[of] p1b: Calyrex\n|-heal|p1b: Calyrex|47/100|[silent]\n|upkeep\n|turn|8\n|\n|t:|1775165108\n|move|p2b: Kyogre|Origin Pulse|p1b: Calyrex\n|-damage|p1b: Calyrex|0 fnt\n|faint|p1b: Calyrex\n|\n|win|1VLTSQ Joker\n|raw|simistcha's rating: 1415 &rarr; <strong>1401</strong><br />(-14 for losing)\n|raw|1VLTSQ Joker's rating: 1526 &rarr; <strong>1540</strong><br />(+14 for winning)\n|l|\u2606simistcha\n|player|p1|\n|l| darkmaikshark\n|l|\u26061VLTSQ Joker\n|player|p2|\n","uploadtime":1775165312,"views":11,"formatid":"gen9vgc2026regi","rating":1401,"private":0,"password":null}