{"id":"gen9vgc2026regi-2570038954","format":"[Gen 9] VGC 2026 Reg I","players":["terafireflareblitz","soten soten"],"log":"|j|\u2606terafireflareblitz\n|j|\u2606soten soten\n|t:|1774760069\n|gametype|doubles\n|player|p1|terafireflareblitz|sycamore|1560\n|player|p2|soten soten|hilbert|1572\n|gen|9\n|tier|[Gen 9] VGC 2026 Reg I\n|rated|\n|rule|Species Clause: Limit one of each Pok\u00e9mon\n|rule|Item Clause: Limit 1 of each item\n|clearpoke\n|poke|p1|Koraidon, L50|\n|poke|p1|Lunala, L50|\n|poke|p1|Indeedee-F, L50, F|\n|poke|p1|Flutter Mane, L50|\n|poke|p1|Volcarona, L50, F|\n|poke|p1|Ursaluna, L50, M|\n|poke|p2|Ho-Oh, L50|\n|poke|p2|Eternatus, L50|\n|poke|p2|Incineroar, L50, M|\n|poke|p2|Rillaboom, L50, F|\n|poke|p2|Toxapex, L50, M|\n|poke|p2|Ting-Lu, L50|\n|teampreview|4\n|inactive|Battle timer is ON: inactive players will automatically lose when time's up. (requested by terafireflareblitz)\n|inactive|soten soten also wants the timer to be on.\n|\n|t:|1774760079\n|teamsize|p1|4\n|teamsize|p2|4\n|start\n|switch|p1a: Lunala|Lunala, L50, shiny|100/100\n|switch|p1b: Indeedee|Indeedee-F, L50, F|100/100\n|switch|p2a: Eternatus|Eternatus, L50|100/100\n|switch|p2b: Ho-Oh|Ho-Oh, L50|100/100\n|-ability|p2a: Eternatus|Pressure\n|-fieldstart|move: Psychic Terrain|[from] ability: Psychic Surge|[of] p1b: Indeedee\n|turn|1\n|\n|t:|1774760096\n|switch|p2b: Ting-Lu|Ting-Lu, L50|100/100\n|-ability|p2b: Ting-Lu|Vessel of Ruin\n|switch|p1b: Ursaluna|Ursaluna, L50, M|100/100\n|-terastallize|p1a: Lunala|Water\n|move|p2a: Eternatus|Substitute|p2a: Eternatus\n|-start|p2a: Eternatus|Substitute\n|-damage|p2a: Eternatus|76/100\n|move|p1a: Lunala|Expanding Force|p2b: Ting-Lu|[spread] p2a\n|-immune|p2b: Ting-Lu\n|-supereffective|p2a: Eternatus\n|-end|p2a: Eternatus|Substitute\n|\n|-heal|p2a: Eternatus|82/100|[from] item: Black Sludge\n|-status|p1b: Ursaluna|brn|[from] item: Flame Orb\n|upkeep\n|turn|2\n|\n|t:|1774760105\n|switch|p2a: Incineroar|Incineroar, L50, M|100/100\n|-ability|p2a: Incineroar|Intimidate|boost\n|-unboost|p1a: Lunala|atk|1\n|-unboost|p1b: Ursaluna|atk|1\n|move|p1a: Lunala|Expanding Force|p2b: Ting-Lu|[spread] \n|-immune|p2a: Incineroar\n|-immune|p2b: Ting-Lu\n|move|p1b: Ursaluna|Facade|p2a: Incineroar\n|-damage|p2a: Incineroar|36/100\n|-enditem|p2a: Incineroar|Sitrus Berry|[eat]\n|-heal|p2a: Incineroar|61/100|[from] item: Sitrus Berry\n|move|p2b: Ting-Lu|Sand Tomb|p1b: Ursaluna\n|-damage|p1b: Ursaluna|90/100 brn\n|-activate|p1b: Ursaluna|move: Sand Tomb|[of] p2b: Ting-Lu\n|\n|-damage|p1b: Ursaluna|84/100 brn|[from] brn\n|-damage|p1b: Ursaluna|72/100 brn|[from] move: Sand Tomb|[partiallytrapped]\n|upkeep\n|turn|3\n|\n|t:|1774760129\n|switch|p2a: Eternatus|Eternatus, L50|82/100\n|-ability|p2a: Eternatus|Pressure\n|move|p1a: Lunala|Meteor Beam||[still]\n|-prepare|p1a: Lunala|Meteor Beam\n|-boost|p1a: Lunala|spa|1\n|-enditem|p1a: Lunala|Power Herb\n|-anim|p1a: Lunala|Meteor Beam|p2a: Eternatus\n|-damage|p2a: Eternatus|50/100\n|move|p1b: Ursaluna|Facade|p2b: Ting-Lu\n|-damage|p2b: Ting-Lu|59/100\n|move|p2b: Ting-Lu|Snarl|p1b: Ursaluna|[spread] p1a,p1b\n|-damage|p1a: Lunala|98/100\n|-damage|p1b: Ursaluna|65/100 brn\n|-unboost|p1a: Lunala|spa|1\n|-unboost|p1b: Ursaluna|spa|1\n|\n|-heal|p2a: Eternatus|56/100|[from] item: Black Sludge\n|-heal|p2b: Ting-Lu|65/100|[from] item: Leftovers\n|-damage|p1b: Ursaluna|59/100 brn|[from] brn\n|-damage|p1b: Ursaluna|46/100 brn|[from] move: Sand Tomb|[partiallytrapped]\n|upkeep\n|turn|4\n|\n|t:|1774760141\n|move|p2a: Eternatus|Protect|p2a: Eternatus\n|-singleturn|p2a: Eternatus|Protect\n|move|p2b: Ting-Lu|Protect|p2b: Ting-Lu\n|-singleturn|p2b: Ting-Lu|Protect\n|move|p1a: Lunala|Expanding Force|p2b: Ting-Lu|[spread] \n|-activate|p2a: Eternatus|move: Protect\n|-activate|p2b: Ting-Lu|move: Protect\n|move|p1b: Ursaluna|Facade|p2b: Ting-Lu\n|-activate|p2b: Ting-Lu|move: Protect\n|\n|-heal|p2a: Eternatus|62/100|[from] item: Black Sludge\n|-heal|p2b: Ting-Lu|71/100|[from] item: Leftovers\n|-damage|p1b: Ursaluna|41/100 brn|[from] brn\n|-damage|p1b: Ursaluna|28/100 brn|[from] move: Sand Tomb|[partiallytrapped]\n|upkeep\n|turn|5\n|\n|t:|1774760150\n|switch|p2a: Incineroar|Incineroar, L50, M|61/100\n|-ability|p2a: Incineroar|Intimidate|boost\n|-unboost|p1a: Lunala|atk|1\n|-unboost|p1b: Ursaluna|atk|1\n|move|p1a: Lunala|Meteor Beam||[still]\n|-prepare|p1a: Lunala|Meteor Beam\n|-boost|p1a: Lunala|spa|1\n|move|p1b: Ursaluna|Facade|p2b: Ting-Lu\n|-damage|p2b: Ting-Lu|36/100\n|move|p2b: Ting-Lu|Sand Tomb|p1a: Lunala\n|-damage|p1a: Lunala|87/100\n|-activate|p1a: Lunala|move: Sand Tomb|[of] p2b: Ting-Lu\n|\n|-heal|p2b: Ting-Lu|42/100|[from] item: Leftovers\n|-damage|p1b: Ursaluna|22/100 brn|[from] brn\n|-damage|p1a: Lunala|75/100|[from] move: Sand Tomb|[partiallytrapped]\n|-damage|p1b: Ursaluna|10/100 brn|[from] move: Sand Tomb|[partiallytrapped]\n|-fieldend|move: Psychic Terrain\n|upkeep\n|turn|6\n|\n|t:|1774760171\n|move|p2a: Incineroar|Fake Out|p1a: Lunala\n|-damage|p1a: Lunala|65/100\n|cant|p1a: Lunala|flinch\n|move|p1b: Ursaluna|Facade|p2b: Ting-Lu\n|-crit|p2b: Ting-Lu\n|-damage|p2b: Ting-Lu|0 fnt\n|faint|p2b: Ting-Lu\n|\n|-damage|p1b: Ursaluna|4/100 brn|[from] brn\n|-end|p1a: Lunala|Sand Tomb|[partiallytrapped]|[silent]\n|-end|p1b: Ursaluna|Sand Tomb|[partiallytrapped]|[silent]\n|upkeep\n|\n|t:|1774760178\n|switch|p2b: Eternatus|Eternatus, L50|62/100\n|-ability|p2b: Eternatus|Pressure\n|turn|7\n|\n|t:|1774760184\n|switch|p1b: Indeedee|Indeedee-F, L50, F|100/100\n|-fieldstart|move: Psychic Terrain|[from] ability: Psychic Surge|[of] p1b: Indeedee\n|move|p2b: Eternatus|Substitute|p2b: Eternatus\n|-start|p2b: Eternatus|Substitute\n|-damage|p2b: Eternatus|37/100\n|move|p1a: Lunala|Expanding Force|p2b: Eternatus|[spread] p2b\n|-immune|p2a: Incineroar\n|-supereffective|p2b: Eternatus\n|-end|p2b: Eternatus|Substitute\n|move|p2a: Incineroar|Knock Off|p1b: Indeedee\n|-supereffective|p1b: Indeedee\n|-damage|p1b: Indeedee|26/100\n|-enditem|p1b: Indeedee|Safety Goggles|[from] move: Knock Off|[of] p2a: Incineroar\n|\n|-heal|p2b: Eternatus|43/100|[from] item: Black Sludge\n|upkeep\n|turn|8\n|\n|t:|1774760207\n|move|p2b: Eternatus|Substitute|p2b: Eternatus\n|-start|p2b: Eternatus|Substitute\n|-damage|p2b: Eternatus|18/100\n|move|p1a: Lunala|Meteor Beam||[still]\n|-prepare|p1a: Lunala|Meteor Beam\n|-boost|p1a: Lunala|spa|1\n|move|p1b: Indeedee|Alluring Voice|p2b: Eternatus\n|-damage|p2b: Eternatus|7/100\n|move|p2a: Incineroar|Parting Shot|p1a: Lunala\n|-unboost|p1a: Lunala|atk|1\n|-unboost|p1a: Lunala|spa|1\n|\n|t:|1774760210\n|switch|p2a: Ho-Oh|Ho-Oh, L50|100/100|[from] Parting Shot\n|\n|-heal|p2b: Eternatus|13/100|[from] item: Black Sludge\n|upkeep\n|turn|9\n|\n|t:|1774760215\n|move|p2a: Ho-Oh|Protect|p2a: Ho-Oh\n|-singleturn|p2a: Ho-Oh|Protect\n|move|p2b: Eternatus|Toxic|p1a: Lunala\n|-status|p1a: Lunala|tox\n|move|p1a: Lunala|Meteor Beam|p2a: Ho-Oh|[from] lockedmove\n|-activate|p2a: Ho-Oh|move: Protect\n|move|p1b: Indeedee|Alluring Voice|p2b: Eternatus\n|-damage|p2b: Eternatus|0 fnt\n|faint|p2b: Eternatus\n|\n|-damage|p1a: Lunala|60/100 tox|[from] psn\n|upkeep\n|-message|soten soten forfeited.\n|\n|win|terafireflareblitz\n|raw|terafireflareblitz's rating: 1560 &rarr; <strong>1581</strong><br />(+21 for winning)\n|raw|soten soten's rating: 1572 &rarr; <strong>1551</strong><br />(-21 for losing)\n|l|\u2606soten soten\n|player|p2|\n|l|\u2606terafireflareblitz\n|player|p1|\n","uploadtime":1774760220,"views":22,"formatid":"gen9vgc2026regi","rating":1551,"private":0,"password":null}