{"id":"gen9vgc2026regi-2535479381","format":"[Gen 9] VGC 2026 Reg I","players":["lalo's pollos","esterfly"],"log":"|j|\u2606lalo's pollos\n|j|\u2606esterfly\n|t:|1770572735\n|gametype|doubles\n|player|p1|lalo's pollos|169|1404\n|player|p2|esterfly|170|1271\n|gen|9\n|tier|[Gen 9] VGC 2026 Reg I\n|rated|\n|rule|Species Clause: Limit one of each Pok\u00e9mon\n|rule|Item Clause: Limit 1 of each item\n|clearpoke\n|poke|p1|Zamazenta-*, L50|\n|poke|p1|Lunala, L50|\n|poke|p1|Rillaboom, L50, F|\n|poke|p1|Incineroar, L50, M|\n|poke|p1|Urshifu-*, L50, M|\n|poke|p1|Tornadus, L50, M|\n|poke|p2|Miraidon, L50|\n|poke|p2|Calyrex-Shadow, L50|\n|poke|p2|Dondozo, L50, M|\n|poke|p2|Tatsugiri, L50, F|\n|poke|p2|Chien-Pao, L50|\n|poke|p2|Ninetales-Alola, L50, F|\n|teampreview|4\n|\n|t:|1770572779\n|teamsize|p1|4\n|teamsize|p2|4\n|start\n|switch|p1a: Lunala|Lunala, L50|100/100\n|switch|p1b: Tornadus|Tornadus, L50, M|100/100\n|switch|p2a: Miraidon|Miraidon, L50|100/100\n|switch|p2b: Dondozo|Dondozo, L50, M|100/100\n|-fieldstart|move: Electric Terrain|[from] ability: Hadron Engine|[of] p2a: Miraidon\n|turn|1\n|\n|t:|1770572798\n|switch|p1b: Rillaboom|Rillaboom, L50, F|100/100\n|-fieldstart|move: Grassy Terrain|[from] ability: Grassy Surge|[of] p1b: Rillaboom\n|move|p2a: Miraidon|Volt Switch|p1b: Rillaboom\n|-resisted|p1b: Rillaboom\n|-damage|p1b: Rillaboom|86/100\n|\n|t:|1770572805\n|switch|p2a: Tatsugiri|Tatsugiri, L50, F|100/100|[from] Volt Switch\n|-activate|p2a: Tatsugiri|ability: Commander|[of] p2b: Dondozo\n|-boost|p2b: Dondozo|atk|2\n|-boost|p2b: Dondozo|spa|2\n|-boost|p2b: Dondozo|spe|2\n|-boost|p2b: Dondozo|def|2\n|-boost|p2b: Dondozo|spd|2\n|move|p1a: Lunala|Calm Mind|p1a: Lunala\n|-boost|p1a: Lunala|spa|1\n|-boost|p1a: Lunala|spd|1\n|move|p2b: Dondozo|Order Up|p1a: Lunala\n|-damage|p1a: Lunala|81/100\n|-boost|p2b: Dondozo|atk|1\n|\n|-heal|p1a: Lunala|87/100|[from] Grassy Terrain\n|-heal|p1a: Lunala|93/100|[from] item: Leftovers\n|-heal|p1b: Rillaboom|92/100|[from] Grassy Terrain\n|upkeep\n|turn|2\n|\n|t:|1770572822\n|-terastallize|p2b: Dondozo|Grass\n|move|p1b: Rillaboom|Fake Out|p2b: Dondozo\n|-damage|p2b: Dondozo|97/100\n|move|p1a: Lunala|Calm Mind|p1a: Lunala\n|-boost|p1a: Lunala|spa|1\n|-boost|p1a: Lunala|spd|1\n|move|p2b: Dondozo|Order Up|p1a: Lunala\n|-damage|p1a: Lunala|43/100\n|-boost|p2b: Dondozo|atk|1\n|\n|-heal|p1a: Lunala|49/100|[from] Grassy Terrain\n|-heal|p1a: Lunala|55/100|[from] item: Leftovers\n|-heal|p1b: Rillaboom|98/100|[from] Grassy Terrain\n|-heal|p2b: Dondozo|100/100|[from] Grassy Terrain\n|upkeep\n|turn|3\n|\n|t:|1770572836\n|-terastallize|p1a: Lunala|Fairy\n|move|p1a: Lunala|Moongeist Beam|p2b: Dondozo\n|-crit|p2b: Dondozo\n|-damage|p2b: Dondozo|0 fnt\n|faint|p2b: Dondozo\n|move|p1b: Rillaboom|U-turn|p2a: Tatsugiri\n|-damage|p2a: Tatsugiri|66/100\n|\n|t:|1770572845\n|switch|p1b: Tornadus|Tornadus, L50, M|100/100|[from] U-turn\n|\n|-heal|p2a: Tatsugiri|71/100|[from] Grassy Terrain\n|-heal|p1a: Lunala|61/100|[from] Grassy Terrain\n|-heal|p1a: Lunala|67/100|[from] item: Leftovers\n|upkeep\n|\n|t:|1770572855\n|switch|p2b: Calyrex|Calyrex-Shadow, L50|100/100\n|-ability|p2b: Calyrex|As One\n|-ability|p2b: Calyrex|Unnerve\n|turn|4\n|\n|t:|1770572864\n|move|p2b: Calyrex|Protect|p2b: Calyrex\n|-singleturn|p2b: Calyrex|Protect\n|move|p1a: Lunala|Protect|p1a: Lunala\n|-singleturn|p1a: Lunala|Protect\n|move|p1b: Tornadus|Tailwind|p1b: Tornadus\n|-sidestart|p1: lalo's pollos|move: Tailwind\n|move|p2a: Tatsugiri|Icy Wind|p1a: Lunala|[spread] p1b\n|-activate|p1a: Lunala|move: Protect\n|-supereffective|p1b: Tornadus\n|-damage|p1b: Tornadus|60/100\n|-unboost|p1b: Tornadus|spe|1\n|\n|-heal|p1a: Lunala|73/100|[from] Grassy Terrain\n|-heal|p1a: Lunala|79/100|[from] item: Leftovers\n|-heal|p2a: Tatsugiri|77/100|[from] Grassy Terrain\n|upkeep\n|turn|5\n|\n|t:|1770572908\n|move|p2b: Calyrex|Protect|p2b: Calyrex\n|-singleturn|p2b: Calyrex|Protect\n|move|p1a: Lunala|Moonblast|p2b: Calyrex\n|-activate|p2b: Calyrex|move: Protect\n|move|p1b: Tornadus|Bleakwind Storm|p2a: Tatsugiri|[spread] \n|-activate|p2b: Calyrex|move: Protect\n|-miss|p1b: Tornadus|p2a: Tatsugiri\n|move|p2a: Tatsugiri|Icy Wind|p1b: Tornadus|[spread] p1a,p1b\n|-supereffective|p1b: Tornadus\n|-damage|p1a: Lunala|73/100\n|-damage|p1b: Tornadus|26/100\n|-unboost|p1a: Lunala|spe|1\n|-unboost|p1b: Tornadus|spe|1\n|\n|-heal|p1a: Lunala|79/100|[from] Grassy Terrain\n|-heal|p1a: Lunala|85/100|[from] item: Leftovers\n|-heal|p2a: Tatsugiri|82/100|[from] Grassy Terrain\n|-fieldend|move: Grassy Terrain\n|upkeep\n|turn|6\n|\n|t:|1770572927\n|switch|p1b: Rillaboom|Rillaboom, L50, F|98/100\n|-fieldstart|move: Grassy Terrain|[from] ability: Grassy Surge|[of] p1b: Rillaboom\n|move|p2b: Calyrex|Astral Barrage|p1a: Lunala|[spread] p1a,p1b\n|-damage|p1a: Lunala|66/100\n|-damage|p1b: Rillaboom|52/100\n|move|p1a: Lunala|Moongeist Beam|p2b: Calyrex\n|-supereffective|p2b: Calyrex\n|-enditem|p2b: Calyrex|Focus Sash\n|-damage|p2b: Calyrex|1/100\n|move|p2a: Tatsugiri|Muddy Water|p1a: Lunala|[spread] p1a,p1b\n|-resisted|p1b: Rillaboom\n|-damage|p1a: Lunala|55/100\n|-damage|p1b: Rillaboom|40/100\n|\n|-heal|p1b: Rillaboom|46/100|[from] Grassy Terrain\n|-heal|p2b: Calyrex|7/100|[from] Grassy Terrain\n|-heal|p1a: Lunala|61/100|[from] Grassy Terrain\n|-heal|p1a: Lunala|67/100|[from] item: Leftovers\n|-heal|p2a: Tatsugiri|88/100|[from] Grassy Terrain\n|upkeep\n|turn|7\n|j| yippeee_hooray\n|\n|t:|1770572949\n|switch|p2b: Miraidon|Miraidon, L50|100/100\n|-fieldstart|move: Electric Terrain|[from] ability: Hadron Engine|[of] p2b: Miraidon\n|move|p1b: Rillaboom|Grassy Glide|p2b: Miraidon\n|-resisted|p2b: Miraidon\n|-damage|p2b: Miraidon|88/100\n|move|p1a: Lunala|Moonblast|p2a: Tatsugiri\n|-supereffective|p2a: Tatsugiri\n|-damage|p2a: Tatsugiri|0 fnt\n|faint|p2a: Tatsugiri\n|\n|-heal|p1a: Lunala|73/100|[from] item: Leftovers\n|-sideend|p1: lalo's pollos|move: Tailwind\n|upkeep\n|\n|t:|1770572963\n|switch|p2a: Calyrex|Calyrex-Shadow, L50|7/100\n|-ability|p2a: Calyrex|As One\n|-ability|p2a: Calyrex|Unnerve\n|turn|8\n|\n|t:|1770572978\n|move|p1a: Lunala|Protect|p1a: Lunala\n|-singleturn|p1a: Lunala|Protect\n|move|p2b: Miraidon|Electro Drift|p1a: Lunala\n|-activate|p1a: Lunala|move: Protect\n|move|p2a: Calyrex|Astral Barrage|p1b: Rillaboom|[spread] p1b\n|-activate|p1a: Lunala|move: Protect\n|-damage|p1b: Rillaboom|1/100\n|move|p1b: Rillaboom|U-turn|p2b: Miraidon\n|-damage|p2b: Miraidon|68/100\n|\n|t:|1770572991\n|switch|p1b: Tornadus|Tornadus, L50, M|26/100|[from] U-turn\n|\n|-heal|p1a: Lunala|79/100|[from] item: Leftovers\n|upkeep\n|turn|9\n|\n|t:|1770572998\n|move|p1b: Tornadus|Tailwind|p1b: Tornadus\n|-sidestart|p1: lalo's pollos|move: Tailwind\n|move|p2b: Miraidon|Electro Drift|p1a: Lunala\n|-damage|p1a: Lunala|46/100\n|move|p2a: Calyrex|Astral Barrage|p1b: Tornadus|[spread] p1a,p1b\n|-damage|p1a: Lunala|26/100\n|-damage|p1b: Tornadus|0 fnt\n|faint|p1b: Tornadus\n|-ability|p2a: Calyrex|Grim Neigh|boost\n|-boost|p2a: Calyrex|spa|1\n|move|p1a: Lunala|Moonblast|p2b: Miraidon\n|-supereffective|p2b: Miraidon\n|-damage|p2b: Miraidon|0 fnt\n|faint|p2b: Miraidon\n|\n|-heal|p1a: Lunala|32/100|[from] item: Leftovers\n|upkeep\n|\n|t:|1770573010\n|switch|p1b: Rillaboom|Rillaboom, L50, F|1/100\n|-fieldstart|move: Grassy Terrain|[from] ability: Grassy Surge|[of] p1b: Rillaboom\n|turn|10\n|\n|t:|1770573018\n|move|p2a: Calyrex|Protect|p2a: Calyrex\n|-singleturn|p2a: Calyrex|Protect\n|move|p1b: Rillaboom|Grassy Glide|p2a: Calyrex\n|-activate|p2a: Calyrex|move: Protect\n|move|p1a: Lunala|Moongeist Beam|p2a: Calyrex\n|-activate|p2a: Calyrex|move: Protect\n|\n|-heal|p1b: Rillaboom|7/100|[from] Grassy Terrain\n|-heal|p2a: Calyrex|12/100|[from] Grassy Terrain\n|-heal|p1a: Lunala|38/100|[from] Grassy Terrain\n|-heal|p1a: Lunala|44/100|[from] item: Leftovers\n|upkeep\n|turn|11\n|-message|esterfly forfeited.\n|\n|win|lalo's pollos\n|raw|lalo&apos;s pollos's rating: 1404 &rarr; <strong>1417</strong><br />(+13 for winning)\n|raw|esterfly's rating: 1271 &rarr; <strong>1255</strong><br />(-16 for losing)\n|l|\u2606esterfly\n|player|p2|\n","uploadtime":1770573170,"views":12,"formatid":"gen9vgc2026regi","rating":1255,"private":0,"password":null}