{"id":"gen9vgc2026regi-2543481554","format":"[Gen 9] VGC 2026 Reg I","players":["AidanPkmn","blackred123"],"log":"|j|\u2606AidanPkmn\n|j|\u2606blackred123\n|t:|1771581415\n|gametype|doubles\n|player|p1|AidanPkmn|ethan|1312\n|player|p2|blackred123|iono-masters|1313\n|gen|9\n|tier|[Gen 9] VGC 2026 Reg I\n|rated|\n|rule|Species Clause: Limit one of each Pok\u00e9mon\n|rule|Item Clause: Limit 1 of each item\n|clearpoke\n|poke|p1|Flutter Mane, L50|\n|poke|p1|Terapagos, L50, M|\n|poke|p1|Urshifu-*, L50, F|\n|poke|p1|Incineroar, L50, M|\n|poke|p1|Rillaboom, L50, F|\n|poke|p1|Zacian-*, L50|\n|poke|p2|Miraidon, L50|\n|poke|p2|Groudon, L50|\n|poke|p2|Farigiraf, L50, F|\n|poke|p2|Ogerpon-Hearthflame, L50, F|\n|poke|p2|Iron Hands, L50|\n|poke|p2|Jumpluff, L50, F|\n|teampreview|4\n|inactive|Battle timer is ON: inactive players will automatically lose when time's up. (requested by AidanPkmn)\n|inactive|blackred123 also wants the timer to be on.\n|\n|t:|1771581437\n|teamsize|p1|4\n|teamsize|p2|4\n|start\n|switch|p1a: Terapagos|Terapagos, L50, M|100/100\n|switch|p1b: Incineroar|Incineroar, L50, M|100/100\n|switch|p2a: P\u56fa\u771f\u5927|Groudon, L50, shiny|100/100\n|switch|p2b: \u5f3a\u6bfd\u5c0f\u5b50|Jumpluff, L50, F, shiny|100/100\n|-activate|p1a: Terapagos|ability: Tera Shift\n|detailschange|p1a: Terapagos|Terapagos-Terastal, L50, M\n|-heal|p1a: Terapagos|100/100|[silent]\n|-weather|SunnyDay|[from] ability: Drought|[of] p2a: P\u56fa\u771f\u5927\n|-ability|p1b: Incineroar|Intimidate|boost\n|-unboost|p2a: P\u56fa\u771f\u5927|atk|1\n|-unboost|p2b: \u5f3a\u6bfd\u5c0f\u5b50|atk|1\n|turn|1\n|inactive|AidanPkmn has 30 seconds left.\n|inactive|AidanPkmn has 20 seconds left.\n|\n|t:|1771581473\n|move|p1a: Terapagos|Protect|p1a: Terapagos\n|-singleturn|p1a: Terapagos|Protect\n|move|p2b: \u5f3a\u6bfd\u5c0f\u5b50|Encore||[still]\n|-fail|p2b: \u5f3a\u6bfd\u5c0f\u5b50\n|move|p2a: P\u56fa\u771f\u5927|Precipice Blades|p1a: Terapagos|[spread] \n|-activate|p1a: Terapagos|move: Protect\n|-miss|p2a: P\u56fa\u771f\u5927|p1b: Incineroar\n|move|p1b: Incineroar|Flare Blitz|p2b: \u5f3a\u6bfd\u5c0f\u5b50\n|-supereffective|p2b: \u5f3a\u6bfd\u5c0f\u5b50\n|-damage|p2b: \u5f3a\u6bfd\u5c0f\u5b50|0 fnt\n|faint|p2b: \u5f3a\u6bfd\u5c0f\u5b50\n|-damage|p1b: Incineroar|73/100|[from] Recoil\n|\n|-weather|SunnyDay|[upkeep]\n|upkeep\n|\n|t:|1771581488\n|switch|p2b: \u94f6\u91d1\u5996\u86c7|Miraidon, L50, shiny|100/100\n|-fieldstart|move: Electric Terrain|[from] ability: Hadron Engine|[of] p2b: \u94f6\u91d1\u5996\u86c7\n|turn|2\n|\n|t:|1771581496\n|switch|p1b: Rillaboom|Rillaboom, L50, F|100/100\n|-fieldstart|move: Grassy Terrain|[from] ability: Grassy Surge|[of] p1b: Rillaboom\n|-terastallize|p2b: \u94f6\u91d1\u5996\u86c7|Electric\n|move|p2b: \u94f6\u91d1\u5996\u86c7|Discharge|p1b: Rillaboom|[spread] p1a,p1b\n|-immune|p2a: P\u56fa\u771f\u5927\n|-activate|p1a: Terapagos|ability: Tera Shell\n|-resisted|p1a: Terapagos\n|-resisted|p1b: Rillaboom\n|-damage|p1a: Terapagos|75/100\n|-damage|p1b: Rillaboom|77/100\n|-status|p1b: Rillaboom|par\n|move|p2a: P\u56fa\u771f\u5927|Precipice Blades|p1a: Terapagos|[spread] p1a,p1b\n|-resisted|p1b: Rillaboom\n|-damage|p1a: Terapagos|38/100\n|-damage|p1b: Rillaboom|52/100 par\n|move|p1a: Terapagos|Calm Mind|p1a: Terapagos\n|-boost|p1a: Terapagos|spa|1\n|-boost|p1a: Terapagos|spd|1\n|\n|-weather|SunnyDay|[upkeep]\n|-heal|p1a: Terapagos|44/100|[from] Grassy Terrain\n|-heal|p1a: Terapagos|50/100|[from] item: Leftovers\n|-heal|p1b: Rillaboom|58/100 par|[from] Grassy Terrain\n|upkeep\n|turn|3\n|inactive|AidanPkmn has 30 seconds left.\n|\n|t:|1771581527\n|switch|p2b: \u692a\u692a\u8be1\u5934|Ogerpon-Hearthflame, L50, F|100/100\n|-ability|p2b: \u692a\u692a\u8be1\u5934|Mold Breaker\n|move|p1b: Rillaboom|Fake Out|p2a: P\u56fa\u771f\u5927\n|-damage|p2a: P\u56fa\u771f\u5927|91/100\n|cant|p2a: P\u56fa\u771f\u5927|flinch\n|move|p1a: Terapagos|Calm Mind|p1a: Terapagos\n|-boost|p1a: Terapagos|spa|1\n|-boost|p1a: Terapagos|spd|1\n|\n|-weather|SunnyDay|[upkeep]\n|-heal|p2a: P\u56fa\u771f\u5927|97/100|[from] Grassy Terrain\n|-heal|p1a: Terapagos|55/100|[from] Grassy Terrain\n|-heal|p1a: Terapagos|61/100|[from] item: Leftovers\n|-heal|p1b: Rillaboom|64/100 par|[from] Grassy Terrain\n|upkeep\n|turn|4\n|\n|t:|1771581540\n|switch|p1b: Incineroar|Incineroar, L50, M|73/100\n|-ability|p1b: Incineroar|Intimidate|boost\n|-unboost|p2a: P\u56fa\u771f\u5927|atk|1\n|-unboost|p2b: \u692a\u692a\u8be1\u5934|atk|1\n|move|p1a: Terapagos|Protect|p1a: Terapagos\n|-singleturn|p1a: Terapagos|Protect\n|move|p2b: \u692a\u692a\u8be1\u5934|Ivy Cudgel|p1a: Terapagos|[anim] Ivy Cudgel Fire\n|-activate|p1a: Terapagos|move: Protect\n|move|p2a: P\u56fa\u771f\u5927|Precipice Blades|p1a: Terapagos|[spread] p1b\n|-activate|p1a: Terapagos|move: Protect\n|-supereffective|p1b: Incineroar\n|-damage|p1b: Incineroar|9/100\n|-enditem|p1b: Incineroar|Sitrus Berry|[eat]\n|-heal|p1b: Incineroar|34/100|[from] item: Sitrus Berry\n|\n|-weather|SunnyDay|[upkeep]\n|-heal|p2a: P\u56fa\u771f\u5927|100/100|[from] Grassy Terrain\n|-heal|p1a: Terapagos|67/100|[from] Grassy Terrain\n|-heal|p1a: Terapagos|73/100|[from] item: Leftovers\n|-heal|p1b: Incineroar|40/100|[from] Grassy Terrain\n|upkeep\n|turn|5\n|inactive|AidanPkmn has 30 seconds left.\n|inactive|AidanPkmn has 20 seconds left.\n|inactive|AidanPkmn has 15 seconds left.\n|inactive|AidanPkmn has 10 seconds left.\n|\n|t:|1771581587\n|switch|p2a: \u94f6\u91d1\u5996\u86c7|Miraidon, L50, shiny, tera:Electric|100/100\n|-fieldstart|move: Electric Terrain|[from] ability: Hadron Engine|[of] p2a: \u94f6\u91d1\u5996\u86c7\n|-terastallize|p1a: Terapagos|Stellar\n|detailschange|p1a: Terapagos|Terapagos-Stellar, L50, M, tera:Stellar\n|-heal|p1a: Terapagos|80/100|[silent]\n|-ability|p1a: Terapagos|Teraform Zero\n|-weather|none\n|-fieldend|move: Electric Terrain\n|move|p1b: Incineroar|Fake Out|p2b: \u692a\u692a\u8be1\u5934\n|-damage|p2b: \u692a\u692a\u8be1\u5934|86/100\n|cant|p2b: \u692a\u692a\u8be1\u5934|flinch\n|move|p1a: Terapagos|Tera Starstorm|p2a: \u94f6\u91d1\u5996\u86c7|[spread] p2a,p2b\n|-supereffective|p2a: \u94f6\u91d1\u5996\u86c7\n|-damage|p2a: \u94f6\u91d1\u5996\u86c7|0 fnt\n|-damage|p2b: \u692a\u692a\u8be1\u5934|5/100\n|faint|p2a: \u94f6\u91d1\u5996\u86c7\n|\n|-heal|p1a: Terapagos|86/100|[from] item: Leftovers\n|upkeep\n|\n|t:|1771581593\n|switch|p2a: P\u56fa\u771f\u5927|Groudon, L50, shiny|100/100\n|-weather|SunnyDay|[from] ability: Drought|[of] p2a: P\u56fa\u771f\u5927\n|turn|6\n|\n|t:|1771581600\n|move|p2b: \u692a\u692a\u8be1\u5934|Ivy Cudgel|p1a: Terapagos|[anim] Ivy Cudgel Fire\n|-damage|p1a: Terapagos|55/100\n|move|p2a: P\u56fa\u771f\u5927|Precipice Blades|p1b: Incineroar|[spread] p1a,p1b\n|-supereffective|p1b: Incineroar\n|-damage|p1a: Terapagos|14/100\n|-damage|p1b: Incineroar|0 fnt\n|faint|p1b: Incineroar\n|move|p1a: Terapagos|Tera Starstorm|p2b: \u692a\u692a\u8be1\u5934|[spread] p2a,p2b\n|-damage|p2a: P\u56fa\u771f\u5927|35/100\n|-damage|p2b: \u692a\u692a\u8be1\u5934|0 fnt\n|faint|p2b: \u692a\u692a\u8be1\u5934\n|\n|-weather|SunnyDay|[upkeep]\n|-heal|p1a: Terapagos|20/100|[from] item: Leftovers\n|upkeep\n|\n|t:|1771581606\n|switch|p1b: Rillaboom|Rillaboom, L50, F|64/100 par\n|-fieldstart|move: Grassy Terrain|[from] ability: Grassy Surge|[of] p1b: Rillaboom\n|turn|7\n|\n|t:|1771581611\n|move|p1b: Rillaboom|Fake Out|p2a: P\u56fa\u771f\u5927\n|-damage|p2a: P\u56fa\u771f\u5927|26/100\n|cant|p2a: P\u56fa\u771f\u5927|flinch\n|move|p1a: Terapagos|Tera Starstorm|p2a: P\u56fa\u771f\u5927\n|-damage|p2a: P\u56fa\u771f\u5927|0 fnt\n|faint|p2a: P\u56fa\u771f\u5927\n|\n|win|AidanPkmn\n|raw|AidanPkmn's rating: 1312 &rarr; <strong>1332</strong><br />(+20 for winning)\n|raw|blackred123's rating: 1313 &rarr; <strong>1293</strong><br />(-20 for losing)\n|l|\u2606blackred123\n|player|p2|\n","uploadtime":1771581806,"views":12,"formatid":"gen9vgc2026regi","rating":1293,"private":0,"password":null}