{"id":"gen9vgc2026regi-2552059935","format":"[Gen 9] VGC 2026 Reg I","players":["GX champion","Capitan taquito"],"log":"|j|\u2606GX champion\n|j|\u2606Capitan taquito\n|t:|1772670782\n|gametype|doubles\n|player|p1|GX champion|red|1507\n|player|p2|Capitan taquito|169|1563\n|gen|9\n|tier|[Gen 9] VGC 2026 Reg I\n|rated|\n|rule|Species Clause: Limit one of each Pok\u00e9mon\n|rule|Item Clause: Limit 1 of each item\n|clearpoke\n|poke|p1|Zamazenta-*, L50|\n|poke|p1|Kyogre, L50|\n|poke|p1|Iron Jugulis, L50|\n|poke|p1|Rillaboom, L50, M|\n|poke|p1|Chien-Pao, L50|\n|poke|p1|Kingambit, L50, M|\n|poke|p2|Amoonguss, L50, M|\n|poke|p2|Chien-Pao, L50|\n|poke|p2|Zamazenta-*, L50|\n|poke|p2|Calyrex-Shadow, L50|\n|poke|p2|Dragonite, L50, M|\n|poke|p2|Ogerpon-Cornerstone, L50, F|\n|teampreview|4\n|inactive|Battle timer is ON: inactive players will automatically lose when time's up. (requested by Capitan taquito)\n|\n|t:|1772670813\n|teamsize|p1|4\n|teamsize|p2|4\n|start\n|switch|p1a: Zamazenta|Zamazenta-Crowned, L50|100/100\n|switch|p1b: Iron Jugulis|Iron Jugulis, L50|100/100\n|switch|p2a: Chien-Pao|Chien-Pao, L50|100/100\n|switch|p2b: Zamazenta|Zamazenta-Crowned, L50|100/100\n|-ability|p2a: Chien-Pao|Sword of Ruin\n|-ability|p2b: Zamazenta|Dauntless Shield|boost\n|-boost|p2b: Zamazenta|def|1\n|-ability|p1a: Zamazenta|Dauntless Shield|boost\n|-boost|p1a: Zamazenta|def|1\n|-enditem|p1b: Iron Jugulis|Booster Energy\n|-activate|p1b: Iron Jugulis|ability: Quark Drive|[fromitem]\n|-start|p1b: Iron Jugulis|quarkdrivespe\n|turn|1\n|inactive|GX champion has 30 seconds left.\n|\n|t:|1772670844\n|-terastallize|p2a: Chien-Pao|Ghost\n|move|p1b: Iron Jugulis|Tailwind|p1b: Iron Jugulis\n|-sidestart|p1: GX champion|move: Tailwind\n|move|p1a: Zamazenta|Iron Defense|p1a: Zamazenta\n|-boost|p1a: Zamazenta|def|2\n|move|p2a: Chien-Pao|Ruination|p1a: Zamazenta\n|-damage|p1a: Zamazenta|50/100\n|move|p2b: Zamazenta|Body Press|p1a: Zamazenta\n|-supereffective|p1a: Zamazenta\n|-damage|p1a: Zamazenta|3/100\n|\n|upkeep\n|turn|2\n|inactive|Capitan taquito has 30 seconds left.\n|\n|t:|1772670871\n|move|p2a: Chien-Pao|Sucker Punch|p1a: Zamazenta\n|-resisted|p1a: Zamazenta\n|-damage|p1a: Zamazenta|0 fnt\n|faint|p1a: Zamazenta\n|move|p1b: Iron Jugulis|Snarl|p2a: Chien-Pao|[spread] p2a,p2b\n|-supereffective|p2a: Chien-Pao\n|-resisted|p2b: Zamazenta\n|-damage|p2a: Chien-Pao|71/100\n|-damage|p2b: Zamazenta|94/100\n|-unboost|p2a: Chien-Pao|spa|1\n|-unboost|p2b: Zamazenta|spa|1\n|move|p2b: Zamazenta|Body Press|p1b: Iron Jugulis\n|-damage|p1b: Iron Jugulis|4/100\n|\n|upkeep\n|\n|t:|1772670874\n|switch|p1a: Kyogre|Kyogre, L50|100/100\n|-weather|RainDance|[from] ability: Drizzle|[of] p1a: Kyogre\n|turn|3\n|\n|t:|1772670888\n|move|p2b: Zamazenta|Wide Guard|p2b: Zamazenta\n|-singleturn|p2b: Zamazenta|Wide Guard\n|move|p2a: Chien-Pao|Ice Shard|p1b: Iron Jugulis\n|-supereffective|p1b: Iron Jugulis\n|-damage|p1b: Iron Jugulis|0 fnt\n|faint|p1b: Iron Jugulis\n|-end|p1b: Iron Jugulis|Quark Drive|[silent]\n|move|p1a: Kyogre|Thunder|p2a: Chien-Pao\n|-damage|p2a: Chien-Pao|34/100\n|\n|-weather|RainDance|[upkeep]\n|upkeep\n|\n|t:|1772670893\n|switch|p1b: Kingambit|Kingambit, L50, M|100/100\n|turn|4\n|\n|t:|1772670901\n|move|p2a: Chien-Pao|Sucker Punch|p1a: Kyogre\n|-damage|p1a: Kyogre|72/100\n|move|p1a: Kyogre|Water Spout|p2a: Chien-Pao|[spread] p2a,p2b\n|-damage|p2a: Chien-Pao|0 fnt\n|-damage|p2b: Zamazenta|44/100\n|faint|p2a: Chien-Pao\n|move|p2b: Zamazenta|Body Press|p1a: Kyogre\n|-damage|p1a: Kyogre|14/100\n|move|p1b: Kingambit|Iron Head|p2b: Zamazenta\n|-resisted|p2b: Zamazenta\n|-damage|p2b: Zamazenta|33/100\n|-damage|p1b: Kingambit|91/100|[from] item: Life Orb\n|\n|-weather|RainDance|[upkeep]\n|-sideend|p1: GX champion|move: Tailwind\n|upkeep\n|\n|t:|1772670908\n|switch|p2a: Dragonite|Dragonite, L50, M|100/100\n|turn|5\n|-message|GX champion forfeited.\n|\n|win|Capitan taquito\n|raw|GX champion's rating: 1507 &rarr; <strong>1490</strong><br />(-17 for losing)\n|raw|Capitan taquito's rating: 1563 &rarr; <strong>1580</strong><br />(+17 for winning)\n|l|\u2606GX champion\n|player|p1|\n|l|\u2606Capitan taquito\n|player|p2|\n","uploadtime":1772671179,"views":22,"formatid":"gen9vgc2026regi","rating":1490,"private":0,"password":null}