{"id":"gen9vgc2026regi-2560677650","format":"[Gen 9] VGC 2026 Reg I","players":["TimeforCHILLI","It'sJustKen VGC"],"log":"|j|\u2606TimeforCHILLI\n|j|\u2606It'sJustKen VGC\n|t:|1773711493\n|gametype|doubles\n|player|p1|TimeforCHILLI|caitlin|\n|player|p2|It'sJustKen VGC|2|\n|gen|9\n|tier|[Gen 9] VGC 2026 Reg I\n|rated|Tournament battle\n|rule|Species Clause: Limit one of each Pok\u00e9mon\n|rule|Item Clause: Limit 1 of each item\n|raw|<div class=\"infobox\"><details class=\"readmore\" open><summary><strong>3 custom rules:</strong></summary> Open Team Sheets, Force Open Team Sheets, !Open Team Sheets</details></div>\n|clearpoke\n|poke|p1|Groudon, L50|\n|poke|p1|Kyogre, L50|\n|poke|p1|Flutter Mane, L50|\n|poke|p1|Wo-Chien, L50|\n|poke|p1|Raging Bolt, L50|\n|poke|p1|Slither Wing, L50|\n|poke|p2|Miraidon, L50|\n|poke|p2|Dragonite, L50, M|\n|poke|p2|Chien-Pao, L50|\n|poke|p2|Dondozo, L50, M|\n|poke|p2|Tatsugiri, L50, M|\n|poke|p2|Lunala, L50|\n|teampreview|4\n|showteam|p1|Groudon||WideLens|Drought|PrecipiceBlades,HeatCrash,WillOWisp,ThunderWave||||||50|,,,,,Fire]Kyogre||AssaultVest|Drizzle|WaterSpout,OriginPulse,Thunder,IceBeam||||||50|,,,,,Electric]Flutter Mane||FocusSash|Protosynthesis|Moonblast,IcyWind,Taunt,Protect||||||50|,,,,,Normal]Wo-Chien||Leftovers|TabletsofRuin|PollenPuff,Ruination,LeechSeed,Protect||||||50|,,,,,Fairy]Raging Bolt||CovertCloak|Protosynthesis|Thunderbolt,Thunderclap,WeatherBall,Protect||||||50|,,,,,Fire]Slither Wing||LifeOrb|Protosynthesis|FirstImpression,CloseCombat,Uturn,Protect||||||50|,,,,,Bug\n|showteam|p2|Miraidon||ChoiceSpecs|HadronEngine|ElectroDrift,VoltSwitch,DracoMeteor,DazzlingGleam||||||50|,,,,,Fairy]Dragonite||ChoiceBand|InnerFocus|ExtremeSpeed,Outrage,Earthquake,GigaImpact|||M|||50|,,,,,Normal]Chien-Pao||AssaultVest|SwordofRuin|Ruination,IcicleCrash,SuckerPunch,IcyWind||||||50|,,,,,Ghost]Dondozo||CovertCloak|Oblivious|Protect,WaveCrash,OrderUp,Earthquake|||M|||50|,,,,,Ground]Tatsugiri||ChoiceScarf|Commander|DracoMeteor,IcyWind,Surf,HydroPump|||M|||50|,,,,,Normal]Lunala||ElectricSeed|ShadowShield|MoongeistBeam,Psychic,Tailwind,WideGuard||||||50|,,,,,Water\n|inactive|Battle timer is ON: inactive players will automatically lose when time's up. (requested by It'sJustKen VGC)\n|j| child Pikachu\n|inactive|TimeforCHILLI has 60 seconds left.\n|\n|t:|1773711538\n|teamsize|p1|4\n|teamsize|p2|4\n|start\n|switch|p1a: OOPARTS|Slither Wing, L50|100/100\n|switch|p1b: \u30ad\u30e3\u30f3\u30c7\u30a3\u30af\u30c3\u30ad\u30fc\u30c1\u30e7\u30b3\u30ec\u30c3\u30c8~\u2661|Flutter Mane, L50|100/100\n|switch|p2a: Miraidon|Miraidon, L50|100/100\n|switch|p2b: Lunala|Lunala, L50|100/100\n|-fieldstart|move: Electric Terrain|[from] ability: Hadron Engine|[of] p2a: Miraidon\n|-enditem|p2b: Lunala|Electric Seed\n|-boost|p2b: Lunala|def|1|[from] item: Electric Seed\n|turn|1\n|j| magicalarcher57\n|inactive|TimeforCHILLI has 30 seconds left.\n|inactive|TimeforCHILLI has 20 seconds left.\n|\n|t:|1773711578\n|-terastallize|p2a: Miraidon|Fairy\n|move|p1a: OOPARTS|First Impression|p2a: Miraidon\n|-resisted|p2a: Miraidon\n|-damage|p2a: Miraidon|68/100\n|-damage|p1a: OOPARTS|91/100|[from] item: Life Orb\n|move|p1b: \u30ad\u30e3\u30f3\u30c7\u30a3\u30af\u30c3\u30ad\u30fc\u30c1\u30e7\u30b3\u30ec\u30c3\u30c8~\u2661|Icy Wind|p2b: Lunala|[spread] p2a\n|-miss|p1b: \u30ad\u30e3\u30f3\u30c7\u30a3\u30af\u30c3\u30ad\u30fc\u30c1\u30e7\u30b3\u30ec\u30c3\u30c8~\u2661|p2b: Lunala\n|-damage|p2a: Miraidon|56/100\n|-unboost|p2a: Miraidon|spe|1\n|move|p2b: Lunala|Tailwind|p2b: Lunala\n|-sidestart|p2: It'sJustKen VGC|move: Tailwind\n|move|p2a: Miraidon|Dazzling Gleam|p1b: \u30ad\u30e3\u30f3\u30c7\u30a3\u30af\u30c3\u30ad\u30fc\u30c1\u30e7\u30b3\u30ec\u30c3\u30c8~\u2661|[spread] p1a,p1b\n|-supereffective|p1a: OOPARTS\n|-damage|p1a: OOPARTS|0 fnt\n|-damage|p1b: \u30ad\u30e3\u30f3\u30c7\u30a3\u30af\u30c3\u30ad\u30fc\u30c1\u30e7\u30b3\u30ec\u30c3\u30c8~\u2661|29/100\n|faint|p1a: OOPARTS\n|-end|p1a: OOPARTS|Protosynthesis|[silent]\n|\n|upkeep\n|\n|t:|1773711597\n|switch|p1a: \u3056\u3053|Kyogre, L50|100/100\n|-weather|RainDance|[from] ability: Drizzle|[of] p1a: \u3056\u3053\n|turn|2\n|inactive|TimeforCHILLI has 30 seconds left.\n|inactive|It'sJustKen VGC has 30 seconds left.\n|l| magicalarcher57\n|inactive|It'sJustKen VGC has 20 seconds left.\n|\n|t:|1773711636\n|move|p1b: \u30ad\u30e3\u30f3\u30c7\u30a3\u30af\u30c3\u30ad\u30fc\u30c1\u30e7\u30b3\u30ec\u30c3\u30c8~\u2661|Protect|p1b: \u30ad\u30e3\u30f3\u30c7\u30a3\u30af\u30c3\u30ad\u30fc\u30c1\u30e7\u30b3\u30ec\u30c3\u30c8~\u2661\n|-singleturn|p1b: \u30ad\u30e3\u30f3\u30c7\u30a3\u30af\u30c3\u30ad\u30fc\u30c1\u30e7\u30b3\u30ec\u30c3\u30c8~\u2661|Protect\n|move|p2b: Lunala|Wide Guard|p2b: Lunala\n|-singleturn|p2b: Lunala|Wide Guard\n|move|p2a: Miraidon|Dazzling Gleam|p1b: \u30ad\u30e3\u30f3\u30c7\u30a3\u30af\u30c3\u30ad\u30fc\u30c1\u30e7\u30b3\u30ec\u30c3\u30c8~\u2661|[spread] p1a\n|-activate|p1b: \u30ad\u30e3\u30f3\u30c7\u30a3\u30af\u30c3\u30ad\u30fc\u30c1\u30e7\u30b3\u30ec\u30c3\u30c8~\u2661|move: Protect\n|-damage|p1a: \u3056\u3053|72/100\n|move|p1a: \u3056\u3053|Origin Pulse|p2b: Lunala|[spread] \n|-activate|p2a: Miraidon|move: Wide Guard\n|-activate|p2b: Lunala|move: Wide Guard\n|\n|-weather|RainDance|[upkeep]\n|upkeep\n|turn|3\n|inactive|TimeforCHILLI has 30 seconds left.\n|l| child Pikachu\n|inactive|TimeforCHILLI has 20 seconds left.\n|\n|t:|1773711672\n|move|p1b: \u30ad\u30e3\u30f3\u30c7\u30a3\u30af\u30c3\u30ad\u30fc\u30c1\u30e7\u30b3\u30ec\u30c3\u30c8~\u2661|Protect||[still]\n|-fail|p1b: \u30ad\u30e3\u30f3\u30c7\u30a3\u30af\u30c3\u30ad\u30fc\u30c1\u30e7\u30b3\u30ec\u30c3\u30c8~\u2661\n|move|p2b: Lunala|Wide Guard|p2b: Lunala\n|-singleturn|p2b: Lunala|Wide Guard\n|move|p2a: Miraidon|Dazzling Gleam|p1b: \u30ad\u30e3\u30f3\u30c7\u30a3\u30af\u30c3\u30ad\u30fc\u30c1\u30e7\u30b3\u30ec\u30c3\u30c8~\u2661|[spread] p1a,p1b\n|-damage|p1a: \u3056\u3053|41/100\n|-damage|p1b: \u30ad\u30e3\u30f3\u30c7\u30a3\u30af\u30c3\u30ad\u30fc\u30c1\u30e7\u30b3\u30ec\u30c3\u30c8~\u2661|0 fnt\n|faint|p1b: \u30ad\u30e3\u30f3\u30c7\u30a3\u30af\u30c3\u30ad\u30fc\u30c1\u30e7\u30b3\u30ec\u30c3\u30c8~\u2661\n|-end|p1b: \u30ad\u30e3\u30f3\u30c7\u30a3\u30af\u30c3\u30ad\u30fc\u30c1\u30e7\u30b3\u30ec\u30c3\u30c8~\u2661|Protosynthesis|[silent]\n|move|p1a: \u3056\u3053|Thunder|p2a: Miraidon\n|-damage|p2a: Miraidon|10/100\n|\n|-weather|RainDance|[upkeep]\n|upkeep\n|\n|t:|1773711687\n|switch|p1b: \u304a\u3061\u3083\u3081\u304d\u306e\u3046|Wo-Chien, L50|100/100\n|-ability|p1b: \u304a\u3061\u3083\u3081\u304d\u306e\u3046|Tablets of Ruin\n|turn|4\n|j| Ironbundleisgoat\n|inactive|It'sJustKen VGC has 30 seconds left.\n|\n|t:|1773711713\n|switch|p2a: Dragonite|Dragonite, L50, M|100/100\n|-terastallize|p1b: \u304a\u3061\u3083\u3081\u304d\u306e\u3046|Fairy\n|move|p2b: Lunala|Moongeist Beam|p1a: \u3056\u3053\n|-damage|p1a: \u3056\u3053|14/100\n|move|p1b: \u304a\u3061\u3083\u3081\u304d\u306e\u3046|Pollen Puff|p1a: \u3056\u3053\n|-heal|p1a: \u3056\u3053|63/100\n|move|p1a: \u3056\u3053|Ice Beam|p2a: Dragonite\n|-supereffective|p2a: Dragonite\n|-damage|p2a: Dragonite|0 fnt\n|faint|p2a: Dragonite\n|\n|-weather|RainDance|[upkeep]\n|-sideend|p2: It'sJustKen VGC|move: Tailwind\n|upkeep\n|\n|t:|1773711716\n|switch|p2a: Miraidon|Miraidon, L50, tera:Fairy|10/100\n|-activate|p2a: Miraidon|ability: Hadron Engine\n|turn|5\n|inactive|TimeforCHILLI has 30 seconds left.\n|\n|t:|1773711744\n|move|p2a: Miraidon|Volt Switch|p1a: \u3056\u3053\n|-supereffective|p1a: \u3056\u3053\n|-damage|p1a: \u3056\u3053|0 fnt\n|faint|p1a: \u3056\u3053\n|\n|t:|1773711749\n|switch|p2a: Chien-Pao|Chien-Pao, L50|100/100|[from] Volt Switch\n|-ability|p2a: Chien-Pao|Sword of Ruin\n|move|p2b: Lunala|Moongeist Beam|p1b: \u304a\u3061\u3083\u3081\u304d\u306e\u3046\n|-damage|p1b: \u304a\u3061\u3083\u3081\u304d\u306e\u3046|62/100\n|move|p1b: \u304a\u3061\u3083\u3081\u304d\u306e\u3046|Pollen Puff|p1: \u3056\u3053|[notarget]\n|-fail|p1b: \u304a\u3061\u3083\u3081\u304d\u306e\u3046\n|\n|-weather|RainDance|[upkeep]\n|-heal|p1b: \u304a\u3061\u3083\u3081\u304d\u306e\u3046|69/100|[from] item: Leftovers\n|-fieldend|move: Electric Terrain\n|upkeep\n|turn|6\n|j| ShatterTheShackles\n|l| ShatterTheShackles\n|\n|t:|1773711769\n|move|p1b: \u304a\u3061\u3083\u3081\u304d\u306e\u3046|Protect|p1b: \u304a\u3061\u3083\u3081\u304d\u306e\u3046\n|-singleturn|p1b: \u304a\u3061\u3083\u3081\u304d\u306e\u3046|Protect\n|move|p2a: Chien-Pao|Ruination|p1b: \u304a\u3061\u3083\u3081\u304d\u306e\u3046\n|-activate|p1b: \u304a\u3061\u3083\u3081\u304d\u306e\u3046|move: Protect\n|move|p2b: Lunala|Moongeist Beam|p1b: \u304a\u3061\u3083\u3081\u304d\u306e\u3046\n|-activate|p1b: \u304a\u3061\u3083\u3081\u304d\u306e\u3046|move: Protect\n|\n|-weather|none\n|-heal|p1b: \u304a\u3061\u3083\u3081\u304d\u306e\u3046|75/100|[from] item: Leftovers\n|upkeep\n|turn|7\n|j| missouri mott\n|\n|t:|1773711785\n|move|p2a: Chien-Pao|Ruination|p1b: \u304a\u3061\u3083\u3081\u304d\u306e\u3046\n|-damage|p1b: \u304a\u3061\u3083\u3081\u304d\u306e\u3046|38/100\n|move|p2b: Lunala|Moongeist Beam|p1b: \u304a\u3061\u3083\u3081\u304d\u306e\u3046\n|-damage|p1b: \u304a\u3061\u3083\u3081\u304d\u306e\u3046|0 fnt\n|faint|p1b: \u304a\u3061\u3083\u3081\u304d\u306e\u3046\n|\n|win|It'sJustKen VGC\n|n|\u2606TimeforCHILLI|timeforchilli\n|n|\u2606It'sJustKen VGC|itsjustkenvgc\n|n| Ironbundleisgoat|ironbundleisgoat\n|n| missouri mott|missourimott\n","uploadtime":1773711791,"views":9,"formatid":"gen9vgc2026regi","rating":null,"private":0,"password":null}