{"id":"gen9vgc2026regi-2563422528","format":"[Gen 9] VGC 2026 Reg I","players":["Wakandius_PMSD","tryashy"],"log":"|badge|p1|bronze|gen9randombattle|100-8\n|uhtml|medal-msg|<div class=\"broadcast-blue\">Curious what those medals under the avatar are? PS now has Ladder Seasons! For more information, check out the <a href=\"https://www.smogon.com/forums/threads/3740067/\">thread on Smogon.</a></div>\n|j|\u2606Wakandius_PMSD\n|j|\u2606tryashy\n|t:|1774024893\n|gametype|doubles\n|player|p1|Wakandius_PMSD|265|1397\n|player|p2|tryashy|dawn|1434\n|gen|9\n|tier|[Gen 9] VGC 2026 Reg I\n|rated|\n|rule|Species Clause: Limit one of each Pok\u00e9mon\n|rule|Item Clause: Limit 1 of each item\n|clearpoke\n|poke|p1|Calyrex-Ice, L50|\n|poke|p1|Miraidon, L50|\n|poke|p1|Ursaluna, L50, M|\n|poke|p1|Volcarona, L50, F|\n|poke|p1|Grimmsnarl, L50, M|\n|poke|p1|Iron Hands, L50|\n|poke|p2|Groudon, L50|\n|poke|p2|Rayquaza, L50|\n|poke|p2|Shiftry, L50, M|\n|poke|p2|Urshifu-*, L50, M|\n|poke|p2|Dondozo, L50, F|\n|poke|p2|Tatsugiri, L50, M|\n|teampreview|4\n|inactive|Battle timer is ON: inactive players will automatically lose when time's up. (requested by tryashy)\n|\n|t:|1774024918\n|teamsize|p1|4\n|teamsize|p2|4\n|start\n|switch|p1a: Grimmsnarl|Grimmsnarl, L50, M|100/100\n|switch|p1b: Miraidon|Miraidon, L50|100/100\n|switch|p2a: Groudon|Groudon, L50|100/100\n|switch|p2b: Shiftry|Shiftry, L50, M|100/100\n|-fieldstart|move: Electric Terrain|[from] ability: Hadron Engine|[of] p1b: Miraidon\n|-weather|SunnyDay|[from] ability: Drought|[of] p2a: Groudon\n|turn|1\n|\n|t:|1774024931\n|-terastallize|p1b: Miraidon|Fairy\n|move|p2b: Shiftry|Fake Out|p1b: Miraidon\n|-damage|p1b: Miraidon|93/100\n|move|p1a: Grimmsnarl|Reflect|p1a: Grimmsnarl\n|-sidestart|p1: Wakandius_PMSD|Reflect\n|cant|p1b: Miraidon|flinch\n|move|p2a: Groudon|Earth Power|p1b: Miraidon\n|-damage|p1b: Miraidon|48/100\n|-damage|p2a: Groudon|91/100|[from] item: Life Orb\n|\n|-weather|SunnyDay|[upkeep]\n|upkeep\n|turn|2\n|\n|t:|1774024943\n|-terastallize|p2a: Groudon|Fire\n|move|p1a: Grimmsnarl|Light Screen|p1a: Grimmsnarl\n|-sidestart|p1: Wakandius_PMSD|move: Light Screen\n|move|p2b: Shiftry|Tailwind|p2b: Shiftry\n|-sidestart|p2: tryashy|move: Tailwind\n|move|p2a: Groudon|Eruption|p1a: Grimmsnarl|[spread] p1a,p1b\n|-damage|p1a: Grimmsnarl|41/100\n|-damage|p1b: Miraidon|5/100\n|-damage|p2a: Groudon|81/100|[from] item: Life Orb\n|move|p1b: Miraidon|Dazzling Gleam|p2a: Groudon|[spread] p2a,p2b\n|-resisted|p2a: Groudon\n|-supereffective|p2b: Shiftry\n|-damage|p2a: Groudon|51/100\n|-enditem|p2b: Shiftry|Focus Sash\n|-damage|p2b: Shiftry|1/100\n|\n|-weather|SunnyDay|[upkeep]\n|upkeep\n|turn|3\n|inactive|Wakandius_PMSD has 30 seconds left.\n|inactive|tryashy has 30 seconds left.\n|\n|t:|1774024982\n|move|p1a: Grimmsnarl|Thunder Wave|p2a: Groudon\n|-status|p2a: Groudon|par\n|move|p2b: Shiftry|Toxic Spikes|p1b: Miraidon\n|-sidestart|p1: Wakandius_PMSD|move: Toxic Spikes\n|move|p1b: Miraidon|Dazzling Gleam|p2b: Shiftry|[spread] p2a,p2b\n|-resisted|p2a: Groudon\n|-supereffective|p2b: Shiftry\n|-damage|p2a: Groudon|24/100 par\n|-damage|p2b: Shiftry|0 fnt\n|faint|p2b: Shiftry\n|move|p2a: Groudon|Eruption|p1a: Grimmsnarl|[spread] p1a,p1b\n|-damage|p1a: Grimmsnarl|27/100\n|-damage|p1b: Miraidon|0 fnt\n|faint|p1b: Miraidon\n|-damage|p2a: Groudon|14/100 par|[from] item: Life Orb\n|\n|-weather|SunnyDay|[upkeep]\n|upkeep\n|\n|t:|1774025000\n|switch|p1b: Calyrex|Calyrex-Ice, L50|100/100\n|switch|p2b: Dondozo|Dondozo, L50, F|100/100\n|-ability|p1b: Calyrex|As One\n|-ability|p1b: Calyrex|Unnerve\n|-status|p1b: Calyrex|psn\n|turn|4\n|\n|t:|1774025023\n|move|p1a: Grimmsnarl|Thunder Wave|p2b: Dondozo\n|-status|p2b: Dondozo|par\n|move|p2a: Groudon|Overheat|p1b: Calyrex\n|-supereffective|p1b: Calyrex\n|-damage|p1b: Calyrex|0 fnt\n|-unboost|p2a: Groudon|spa|2\n|faint|p1b: Calyrex\n|-damage|p2a: Groudon|5/100 par|[from] item: Life Orb\n|cant|p2b: Dondozo|par\n|\n|-weather|SunnyDay|[upkeep]\n|upkeep\n|\n|t:|1774025030\n|switch|p1b: Iron Hands|Iron Hands, L50|100/100\n|-status|p1b: Iron Hands|psn\n|-activate|p1b: Iron Hands|ability: Quark Drive\n|-start|p1b: Iron Hands|quarkdriveatk\n|turn|5\n|\n|t:|1774025042\n|move|p2a: Groudon|Earth Power|p1b: Iron Hands\n|-supereffective|p1b: Iron Hands\n|-damage|p1b: Iron Hands|82/100 psn\n|-damage|p2a: Groudon|0 fnt|[from] item: Life Orb\n|faint|p2a: Groudon\n|move|p1a: Grimmsnarl|Spirit Break|p2b: Dondozo\n|-damage|p2b: Dondozo|83/100 par\n|-unboost|p2b: Dondozo|spa|1\n|move|p1b: Iron Hands|Wild Charge|p2b: Dondozo\n|-supereffective|p2b: Dondozo\n|-damage|p2b: Dondozo|0 fnt\n|faint|p2b: Dondozo\n|-damage|p1b: Iron Hands|60/100 psn|[from] Recoil\n|\n|-weather|none\n|-damage|p1b: Iron Hands|48/100 psn|[from] psn\n|-sideend|p2: tryashy|move: Tailwind\n|-fieldend|move: Electric Terrain\n|-end|p1b: Iron Hands|Quark Drive\n|upkeep\n|\n|t:|1774025049\n|switch|p2a: Tatsugiri|Tatsugiri, L50, M|100/100\n|turn|6\n|\n|t:|1774025065\n|move|p1a: Grimmsnarl|Thunder Wave|p2a: Tatsugiri\n|-status|p2a: Tatsugiri|par\n|move|p1b: Iron Hands|Wild Charge|p2a: Tatsugiri\n|-damage|p2a: Tatsugiri|25/100 par\n|-damage|p1b: Iron Hands|34/100 psn|[from] Recoil\n|move|p2a: Tatsugiri|Muddy Water|p1b: Iron Hands|[spread] p1a,p1b\n|-damage|p1a: Grimmsnarl|0 fnt\n|-damage|p1b: Iron Hands|16/100 psn\n|faint|p1a: Grimmsnarl\n|\n|-damage|p1b: Iron Hands|4/100 psn|[from] psn\n|upkeep\n|turn|7\n|\n|t:|1774025075\n|move|p1b: Iron Hands|Wild Charge|p2a: Tatsugiri\n|-damage|p2a: Tatsugiri|0 fnt\n|faint|p2a: Tatsugiri\n|-damage|p1b: Iron Hands|0 fnt|[from] Recoil\n|faint|p1b: Iron Hands\n|-end|p1b: Iron Hands|Quark Drive|[silent]\n|\n|win|Wakandius_PMSD\n|raw|Wakandius_PMSD's rating: 1397 &rarr; <strong>1419</strong><br />(+22 for winning)\n|raw|tryashy's rating: 1434 &rarr; <strong>1412</strong><br />(-22 for losing)\n|l|\u2606Wakandius_PMSD\n|player|p1|\n","uploadtime":1774025327,"views":22,"formatid":"gen9vgc2026regi","rating":1412,"private":0,"password":null}