{"id":"gen9vgc2026regi-2536002736","format":"[Gen 9] VGC 2026 Reg I","players":["Tepig_nNz_498","blackred123"],"log":"|j|\u2606Tepig_nNz_498\n|j|\u2606blackred123\n|t:|1770644301\n|gametype|doubles\n|player|p1|Tepig_nNz_498|169|1284\n|player|p2|blackred123|iono-masters|1270\n|gen|9\n|tier|[Gen 9] VGC 2026 Reg I\n|rated|\n|rule|Species Clause: Limit one of each Pok\u00e9mon\n|rule|Item Clause: Limit 1 of each item\n|clearpoke\n|poke|p1|Whimsicott, L50, F|\n|poke|p1|Reshiram, L50|\n|poke|p1|Incineroar, L50, M|\n|poke|p1|Lilligant-Hisui, L50, F|\n|poke|p1|Brute Bonnet, L50|\n|poke|p1|Koraidon, L50|\n|poke|p2|Koraidon, L50|\n|poke|p2|Lunala, L50|\n|poke|p2|Tornadus, L50, M|\n|poke|p2|Raging Bolt, L50|\n|poke|p2|Rillaboom, L50, F|\n|poke|p2|Incineroar, L50, F|\n|teampreview|4\n|inactive|Battle timer is ON: inactive players will automatically lose when time's up. (requested by blackred123)\n|inactive|Tepig_nNz_498 has 60 seconds left.\n|\n|t:|1770644335\n|teamsize|p1|4\n|teamsize|p2|4\n|start\n|switch|p1a: Whimsicott|Whimsicott, L50, F|100/100\n|switch|p1b: Koraidon|Koraidon, L50|100/100\n|switch|p2a: Lunala|Lunala, L50|100/100\n|switch|p2b: Tornadus|Tornadus, L50, M|100/100\n|-weather|SunnyDay|[from] ability: Orichalcum Pulse|[of] p1b: Koraidon\n|-activate|p1b: Koraidon|Orichalcum Pulse|[source]\n|turn|1\n|\n|t:|1770644354\n|move|p1a: Whimsicott|Taunt|p2b: Tornadus\n|-start|p2b: Tornadus|move: Taunt\n|cant|p2b: Tornadus|move: Taunt|Tailwind\n|move|p1b: Koraidon|Flare Blitz|p2b: Tornadus\n|-enditem|p2b: Tornadus|Focus Sash\n|-damage|p2b: Tornadus|1/100\n|-damage|p1b: Koraidon|72/100|[from] Recoil\n|move|p2a: Lunala|Meteor Beam||[still]\n|-prepare|p2a: Lunala|Meteor Beam\n|-boost|p2a: Lunala|spa|1\n|-enditem|p2a: Lunala|Power Herb\n|-anim|p2a: Lunala|Meteor Beam|p1b: Koraidon\n|-resisted|p1b: Koraidon\n|-damage|p1b: Koraidon|34/100\n|\n|-weather|SunnyDay|[upkeep]\n|upkeep\n|turn|2\n|\n|t:|1770644374\n|switch|p2b: Raging Bolt|Raging Bolt, L50|100/100\n|-activate|p2b: Raging Bolt|ability: Protosynthesis\n|-start|p2b: Raging Bolt|protosynthesisspa\n|move|p1b: Koraidon|Close Combat|p2b: Raging Bolt\n|-damage|p2b: Raging Bolt|21/100\n|-unboost|p1b: Koraidon|def|1\n|-unboost|p1b: Koraidon|spd|1\n|-enditem|p1b: Koraidon|Eject Pack\n|\n|t:|1770644381\n|switch|p1b: Reshiram|Reshiram, L50|100/100\n|-ability|p1b: Reshiram|Turboblaze\n|move|p1a: Whimsicott|Moonblast|p2a: Lunala\n|-damage|p2a: Lunala|91/100\n|move|p2a: Lunala|Moongeist Beam|p1b: Reshiram\n|-damage|p1b: Reshiram|39/100\n|\n|-weather|SunnyDay|[upkeep]\n|upkeep\n|turn|3\n|inactive|Tepig_nNz_498 has 30 seconds left.\n|\n|t:|1770644411\n|-terastallize|p1b: Reshiram|Fire\n|move|p1a: Whimsicott|Tailwind|p1a: Whimsicott\n|-sidestart|p1: Tepig_nNz_498|move: Tailwind\n|move|p2b: Raging Bolt|Thunderclap|p1b: Reshiram\n|-damage|p1b: Reshiram|0 fnt\n|faint|p1b: Reshiram\n|-damage|p2b: Raging Bolt|12/100|[from] item: Life Orb\n|move|p2a: Lunala|Moongeist Beam|p1a: Whimsicott\n|-damage|p1a: Whimsicott|0 fnt\n|faint|p1a: Whimsicott\n|\n|-weather|SunnyDay|[upkeep]\n|upkeep\n|\n|t:|1770644419\n|switch|p1a: Koraidon|Koraidon, L50|34/100\n|switch|p1b: Lilligant|Lilligant-Hisui, L50, F|100/100\n|-activate|p1a: Koraidon|ability: Orichalcum Pulse\n|turn|4\n|\n|t:|1770644432\n|move|p2b: Raging Bolt|Thunderclap|p1a: Koraidon\n|-resisted|p1a: Koraidon\n|-damage|p1a: Koraidon|2/100\n|-damage|p2b: Raging Bolt|2/100|[from] item: Life Orb\n|move|p1b: Lilligant|Sleep Powder|p2a: Lunala\n|-status|p2a: Lunala|slp|[from] move: Sleep Powder\n|move|p1a: Koraidon|Dragon Claw|p2b: Raging Bolt\n|-supereffective|p2b: Raging Bolt\n|-damage|p2b: Raging Bolt|0 fnt\n|faint|p2b: Raging Bolt\n|-end|p2b: Raging Bolt|Protosynthesis|[silent]\n|cant|p2a: Lunala|slp\n|\n|-weather|SunnyDay|[upkeep]\n|upkeep\n|\n|t:|1770644440\n|switch|p2b: Tornadus|Tornadus, L50, M|1/100\n|turn|5\n|\n|t:|1770644450\n|move|p2b: Tornadus|Tailwind|p2b: Tornadus\n|-sidestart|p2: blackred123|move: Tailwind\n|move|p1b: Lilligant|Solar Blade||[still]\n|-prepare|p1b: Lilligant|Solar Blade\n|-anim|p1b: Lilligant|Solar Blade|p2b: Tornadus\n|-resisted|p2b: Tornadus\n|-damage|p2b: Tornadus|0 fnt\n|faint|p2b: Tornadus\n|move|p1a: Koraidon|Flare Blitz|p2a: Lunala\n|-damage|p2a: Lunala|11/100 slp\n|-damage|p1a: Koraidon|0 fnt|[from] Recoil\n|faint|p1a: Koraidon\n|cant|p2a: Lunala|slp\n|\n|-weather|none\n|upkeep\n|\n|t:|1770644460\n|switch|p2b: Koraidon|Koraidon, L50|100/100\n|-weather|SunnyDay|[from] ability: Orichalcum Pulse|[of] p2b: Koraidon\n|-activate|p2b: Koraidon|Orichalcum Pulse|[source]\n|turn|6\n|\n|t:|1770644475\n|-terastallize|p2b: Koraidon|Fire\n|move|p1b: Lilligant|Sleep Powder|p2b: Koraidon\n|-status|p2b: Koraidon|slp|[from] move: Sleep Powder\n|cant|p2b: Koraidon|slp\n|cant|p2a: Lunala|slp\n|\n|-weather|SunnyDay|[upkeep]\n|-sideend|p1: Tepig_nNz_498|move: Tailwind\n|upkeep\n|turn|7\n|\n|t:|1770644486\n|move|p1b: Lilligant|Solar Blade||[still]\n|-prepare|p1b: Lilligant|Solar Blade\n|-anim|p1b: Lilligant|Solar Blade|p2a: Lunala\n|-damage|p2a: Lunala|0 fnt\n|faint|p2a: Lunala\n|-curestatus|p2b: Koraidon|slp|[msg]\n|move|p2b: Koraidon|Flame Charge|p1b: Lilligant\n|-supereffective|p1b: Lilligant\n|-enditem|p1b: Lilligant|Focus Sash\n|-damage|p1b: Lilligant|1/100\n|-boost|p2b: Koraidon|spe|1\n|\n|-weather|SunnyDay|[upkeep]\n|upkeep\n|turn|8\n|\n|t:|1770644493\n|move|p2b: Koraidon|Flame Charge|p1b: Lilligant\n|-supereffective|p1b: Lilligant\n|-damage|p1b: Lilligant|0 fnt\n|-boost|p2b: Koraidon|spe|1\n|faint|p1b: Lilligant\n|\n|win|blackred123\n|raw|Tepig_nNz_498's rating: 1284 &rarr; <strong>1258</strong><br />(-26 for losing)\n|raw|blackred123's rating: 1270 &rarr; <strong>1296</strong><br />(+26 for winning)\n|l|\u2606Tepig_nNz_498\n|player|p1|\n|j| Yancy0721\u56fe\u56fe\u72ac\u4fa0\n|l| Yancy0721\u56fe\u56fe\u72ac\u4fa0\n","uploadtime":1770644749,"views":11,"formatid":"gen9vgc2026regi","rating":1258,"private":0,"password":null}