{"id":"gen9vgc2026regi-2541296298","format":"[Gen 9] VGC 2026 Reg I","players":["lalo's pollos","Tritonfrostbane"],"log":"|j|\u2606lalo's pollos\n|j|\u2606Tritonfrostbane\n|t:|1771312247\n|gametype|doubles\n|player|p1|lalo's pollos|102|1453\n|player|p2|Tritonfrostbane|102|1350\n|gen|9\n|tier|[Gen 9] VGC 2026 Reg I\n|rated|\n|rule|Species Clause: Limit one of each Pok\u00e9mon\n|rule|Item Clause: Limit 1 of each item\n|clearpoke\n|poke|p1|Zamazenta-*, L50|\n|poke|p1|Lunala, L50|\n|poke|p1|Rillaboom, L50, F|\n|poke|p1|Incineroar, L50, M|\n|poke|p1|Urshifu-*, L50, M|\n|poke|p1|Tornadus, L50, M|\n|poke|p2|Calyrex-Ice, L50|\n|poke|p2|Indeedee-F, L50, F|\n|poke|p2|Lunala, L50|\n|poke|p2|Torkoal, L50, F|\n|poke|p2|Smeargle, L50, F|\n|poke|p2|Urshifu-*, L50, F|\n|teampreview|4\n|\n|t:|1771312272\n|teamsize|p1|4\n|teamsize|p2|4\n|start\n|switch|p1a: Incineroar|Incineroar, L50, M|100/100\n|switch|p1b: Lunala|Lunala, L50|100/100\n|switch|p2a: Indeedee|Indeedee-F, L50, F|100/100\n|switch|p2b: Lunala|Lunala, L50, shiny|100/100\n|-fieldstart|move: Psychic Terrain|[from] ability: Psychic Surge|[of] p2a: Indeedee\n|-ability|p1a: Incineroar|Intimidate|boost\n|-unboost|p2a: Indeedee|atk|1\n|-unboost|p2b: Lunala|atk|1\n|turn|1\n|\n|t:|1771312317\n|switch|p1a: Zamazenta|Zamazenta-Crowned, L50|100/100\n|-ability|p1a: Zamazenta|Dauntless Shield|boost\n|-boost|p1a: Zamazenta|def|1\n|-terastallize|p1b: Lunala|Fairy\n|-terastallize|p2b: Lunala|Grass\n|move|p1b: Lunala|Calm Mind|p1b: Lunala\n|-boost|p1b: Lunala|spa|1\n|-boost|p1b: Lunala|spd|1\n|move|p2b: Lunala|Meteor Beam||[still]\n|-prepare|p2b: Lunala|Meteor Beam\n|-boost|p2b: Lunala|spa|1\n|-enditem|p2b: Lunala|Power Herb\n|-anim|p2b: Lunala|Meteor Beam|p1a: Zamazenta|[miss]\n|-miss|p2b: Lunala|p1a: Zamazenta\n|move|p2a: Indeedee|Alluring Voice|p1a: Zamazenta\n|-damage|p1a: Zamazenta|86/100\n|-start|p1a: Zamazenta|confusion\n|\n|upkeep\n|turn|2\n|\n|t:|1771312342\n|-activate|p1a: Zamazenta|confusion\n|move|p1a: Zamazenta|Body Press|p2a: Indeedee\n|-damage|p2a: Indeedee|29/100\n|move|p1b: Lunala|Calm Mind|p1b: Lunala\n|-boost|p1b: Lunala|spa|1\n|-boost|p1b: Lunala|spd|1\n|move|p2b: Lunala|Moongeist Beam|p1b: Lunala\n|-damage|p1b: Lunala|85/100\n|move|p2a: Indeedee|Trick Room|p2a: Indeedee\n|-fieldstart|move: Trick Room|[of] p2a: Indeedee\n|\n|-heal|p1b: Lunala|91/100|[from] item: Leftovers\n|upkeep\n|turn|3\n|\n|t:|1771312359\n|move|p1b: Lunala|Protect|p1b: Lunala\n|-singleturn|p1b: Lunala|Protect\n|move|p2a: Indeedee|Follow Me|p2a: Indeedee\n|-singleturn|p2a: Indeedee|move: Follow Me\n|move|p2b: Lunala|Expanding Force|p1b: Lunala|[spread] p1a\n|-activate|p1b: Lunala|move: Protect\n|-damage|p1a: Zamazenta|13/100\n|-activate|p1a: Zamazenta|confusion\n|move|p1a: Zamazenta|Body Press|p2a: Indeedee\n|-crit|p2a: Indeedee\n|-damage|p2a: Indeedee|0 fnt\n|faint|p2a: Indeedee\n|\n|-heal|p1b: Lunala|97/100|[from] item: Leftovers\n|upkeep\n|\n|t:|1771312376\n|switch|p2a: Torkoal|Torkoal, L50, F|100/100\n|-weather|SunnyDay|[from] ability: Drought|[of] p2a: Torkoal\n|turn|4\n|\n|t:|1771312388\n|-end|p1a: Zamazenta|confusion\n|move|p1a: Zamazenta|Wide Guard|p1a: Zamazenta\n|-singleturn|p1a: Zamazenta|Wide Guard\n|move|p2a: Torkoal|Weather Ball|p1b: Lunala\n|-damage|p1b: Lunala|60/100\n|move|p2b: Lunala|Moongeist Beam|p1a: Zamazenta\n|-damage|p1a: Zamazenta|0 fnt\n|faint|p1a: Zamazenta\n|move|p1b: Lunala|Moongeist Beam|p2a: Torkoal\n|-damage|p2a: Torkoal|0 fnt\n|faint|p2a: Torkoal\n|\n|-weather|SunnyDay|[upkeep]\n|-heal|p1b: Lunala|66/100|[from] item: Leftovers\n|upkeep\n|\n|t:|1771312408\n|switch|p2a: Smeargle|Smeargle, L50, F|100/100\n|switch|p1a: Incineroar|Incineroar, L50, M|100/100\n|-ability|p1a: Incineroar|Intimidate|boost\n|-unboost|p2a: Smeargle|atk|1\n|-unboost|p2b: Lunala|atk|1\n|turn|5\n|j| jiuhaili\n|\n|t:|1771312423\n|move|p1b: Lunala|Protect|p1b: Lunala\n|-singleturn|p1b: Lunala|Protect\n|move|p2a: Smeargle|Follow Me|p2a: Smeargle\n|-singleturn|p2a: Smeargle|move: Follow Me\n|move|p1a: Incineroar|Taunt|p2a: Smeargle\n|-start|p2a: Smeargle|move: Taunt\n|move|p2b: Lunala|Expanding Force|p1a: Incineroar|[spread] \n|-activate|p1b: Lunala|move: Protect\n|-immune|p1a: Incineroar\n|\n|-weather|SunnyDay|[upkeep]\n|-heal|p1b: Lunala|72/100|[from] item: Leftovers\n|-fieldend|move: Psychic Terrain\n|upkeep\n|turn|6\n|\n|t:|1771312455\n|move|p2a: Smeargle|Fake Out||[still]\n|-hint|Fake Out only works on your first turn out.\n|-fail|p2a: Smeargle\n|move|p1a: Incineroar|Parting Shot|p2b: Lunala\n|-unboost|p2b: Lunala|atk|1\n|-unboost|p2b: Lunala|spa|1\n|\n|t:|1771312461\n|switch|p1a: Rillaboom|Rillaboom, L50, F|100/100|[from] Parting Shot\n|-fieldstart|move: Grassy Terrain|[from] ability: Grassy Surge|[of] p1a: Rillaboom\n|move|p2b: Lunala|Expanding Force|p1b: Lunala\n|-damage|p1b: Lunala|55/100\n|move|p1b: Lunala|Moonblast|p2b: Lunala\n|-damage|p2b: Lunala|67/100\n|\n|-weather|SunnyDay|[upkeep]\n|-heal|p2b: Lunala|73/100|[from] Grassy Terrain\n|-heal|p1b: Lunala|61/100|[from] Grassy Terrain\n|-heal|p1b: Lunala|67/100|[from] item: Leftovers\n|-fieldend|move: Trick Room\n|upkeep\n|turn|7\n|-message|Tritonfrostbane forfeited.\n|\n|win|lalo's pollos\n|raw|lalo&apos;s pollos's rating: 1453 &rarr; <strong>1467</strong><br />(+14 for winning)\n|raw|Tritonfrostbane's rating: 1350 &rarr; <strong>1336</strong><br />(-14 for losing)\n|l| jiuhaili\n","uploadtime":1771312514,"views":11,"formatid":"gen9vgc2026regi","rating":1336,"private":0,"password":null}