{"id":"gen9vgc2026regi-2567703115","format":"[Gen 9] VGC 2026 Reg I","players":["clefci","momentaueita"],"log":"|j|\u2606clefci\n|j|\u2606momentaueita\n|t:|1774506777\n|gametype|doubles\n|player|p1|clefci|102|1405\n|player|p2|momentaueita|flint|1458\n|gen|9\n|tier|[Gen 9] VGC 2026 Reg I\n|rated|\n|rule|Species Clause: Limit one of each Pok\u00e9mon\n|rule|Item Clause: Limit 1 of each item\n|clearpoke\n|poke|p1|Groudon, L50|\n|poke|p1|Lunala, L50|\n|poke|p1|Flutter Mane, L50|\n|poke|p1|Gouging Fire, L50|\n|poke|p1|Jumpluff, L50, M|\n|poke|p1|Raging Bolt, L50|\n|poke|p2|Incineroar, L50, F|\n|poke|p2|Thundurus, L50, M|\n|poke|p2|Kyogre, L50|\n|poke|p2|Calyrex-Ice, L50|\n|poke|p2|Farigiraf, L50, F|\n|poke|p2|Ursaluna-Bloodmoon, L50, M|\n|teampreview|4\n|inactive|Battle timer is ON: inactive players will automatically lose when time's up. (requested by momentaueita)\n|inactive|clefci has 60 seconds left.\n|inactive|momentaueita has 60 seconds left.\n|\n|t:|1774506823\n|teamsize|p1|4\n|teamsize|p2|4\n|start\n|switch|p1a: Lunala|Lunala, L50|100/100\n|switch|p1b: Jumpluff|Jumpluff, L50, M|100/100\n|switch|p2a: Calyrex|Calyrex-Ice, L50|100/100\n|switch|p2b: Incineroar|Incineroar, L50, F|100/100\n|-ability|p2a: Calyrex|As One\n|-ability|p2a: Calyrex|Unnerve\n|-ability|p2b: Incineroar|Intimidate|boost\n|-unboost|p1a: Lunala|atk|1\n|-unboost|p1b: Jumpluff|atk|1\n|turn|1\n|inactive|clefci has 30 seconds left.\n|inactive|clefci has 20 seconds left.\n|inactive|clefci has 15 seconds left.\n|inactive|clefci has 10 seconds left.\n|\n|t:|1774506872\n|-terastallize|p2a: Calyrex|Grass\n|move|p1b: Jumpluff|Sleep Powder|p2a: Calyrex\n|-immune|p2a: Calyrex\n|move|p1a: Lunala|Moongeist Beam|p2a: Calyrex\n|-damage|p2a: Calyrex|30/100\n|move|p2b: Incineroar|Knock Off|p1a: Lunala\n|-supereffective|p1a: Lunala\n|-damage|p1a: Lunala|36/100\n|-enditem|p1a: Lunala|Choice Specs|[from] move: Knock Off|[of] p2b: Incineroar\n|move|p2a: Calyrex|Trick Room|p2a: Calyrex\n|-fieldstart|move: Trick Room|[of] p2a: Calyrex\n|\n|upkeep\n|turn|2\n|inactive|clefci has 30 seconds left.\n|inactive|clefci has 20 seconds left.\n|inactive|clefci has 15 seconds left.\n|inactive|clefci has 10 seconds left.\n|\n|t:|1774506921\n|move|p1b: Jumpluff|Protect|p1b: Jumpluff\n|-singleturn|p1b: Jumpluff|Protect\n|move|p2a: Calyrex|Glacial Lance|p1a: Lunala|[spread] p1a\n|-activate|p1b: Jumpluff|move: Protect\n|-damage|p1a: Lunala|0 fnt\n|faint|p1a: Lunala\n|-ability|p2a: Calyrex|Chilling Neigh|boost\n|-boost|p2a: Calyrex|atk|1\n|move|p2b: Incineroar|Snarl|p1b: Jumpluff\n|-activate|p1b: Jumpluff|move: Protect\n|\n|upkeep\n|\n|t:|1774506931\n|switch|p1a: Groudon|Groudon, L50|100/100\n|-weather|SunnyDay|[from] ability: Drought|[of] p1a: Groudon\n|turn|3\n|\n|t:|1774506943\n|-terastallize|p1a: Groudon|Water\n|move|p1b: Jumpluff|Protect||[still]\n|-fail|p1b: Jumpluff\n|move|p2a: Calyrex|Glacial Lance|p1b: Jumpluff|[spread] p1a,p1b\n|-resisted|p1a: Groudon\n|-supereffective|p1b: Jumpluff\n|-damage|p1a: Groudon|72/100\n|-enditem|p1b: Jumpluff|Focus Sash\n|-damage|p1b: Jumpluff|1/100\n|move|p2b: Incineroar|Snarl|p1a: Groudon|[spread] p1a,p1b\n|-damage|p1a: Groudon|62/100\n|-damage|p1b: Jumpluff|0 fnt\n|faint|p1b: Jumpluff\n|move|p1a: Groudon|Precipice Blades|p2b: Incineroar|[spread] p2a\n|-miss|p1a: Groudon|p2b: Incineroar\n|-resisted|p2a: Calyrex\n|-damage|p2a: Calyrex|15/100\n|\n|-weather|SunnyDay|[upkeep]\n|upkeep\n|\n|t:|1774506959\n|switch|p1b: Raging Bolt|Raging Bolt, L50|100/100\n|-activate|p1b: Raging Bolt|ability: Protosynthesis\n|-start|p1b: Raging Bolt|protosynthesisspa\n|turn|4\n|\n|t:|1774506965\n|move|p1b: Raging Bolt|Thunderclap|p2a: Calyrex\n|-resisted|p2a: Calyrex\n|-damage|p2a: Calyrex|0 fnt\n|faint|p2a: Calyrex\n|move|p2b: Incineroar|Snarl|p1a: Groudon|[spread] p1a,p1b\n|-damage|p1a: Groudon|51/100\n|-damage|p1b: Raging Bolt|94/100\n|-unboost|p1b: Raging Bolt|spa|1\n|move|p1a: Groudon|Precipice Blades|p2b: Incineroar\n|-supereffective|p2b: Incineroar\n|-damage|p2b: Incineroar|6/100\n|\n|-weather|SunnyDay|[upkeep]\n|upkeep\n|\n|t:|1774506968\n|switch|p2a: Ursaluna|Ursaluna-Bloodmoon, L50, M|100/100\n|turn|5\n|\n|t:|1774506977\n|move|p2a: Ursaluna|Blood Moon|p1b: Raging Bolt\n|-damage|p1b: Raging Bolt|36/100\n|-damage|p2a: Ursaluna|91/100|[from] item: Life Orb\n|move|p2b: Incineroar|Snarl|p1b: Raging Bolt|[spread] p1a,p1b\n|-damage|p1a: Groudon|42/100\n|-damage|p1b: Raging Bolt|30/100\n|-unboost|p1b: Raging Bolt|spa|1\n|move|p1b: Raging Bolt|Draco Meteor|p2a: Ursaluna\n|-damage|p2a: Ursaluna|42/100\n|-unboost|p1b: Raging Bolt|spa|2\n|move|p1a: Groudon|Precipice Blades|p2a: Ursaluna|[spread] p2a,p2b\n|-supereffective|p2b: Incineroar\n|-damage|p2a: Ursaluna|7/100\n|-damage|p2b: Incineroar|0 fnt\n|faint|p2b: Incineroar\n|\n|-weather|SunnyDay|[upkeep]\n|-fieldend|move: Trick Room\n|upkeep\n|\n|t:|1774506984\n|switch|p2b: Kyogre|Kyogre, L50|100/100\n|-weather|RainDance|[from] ability: Drizzle|[of] p2b: Kyogre\n|-end|p1b: Raging Bolt|Protosynthesis\n|turn|6\n|\n|t:|1774507011\n|move|p1b: Raging Bolt|Thunderclap|p2b: Kyogre\n|-supereffective|p2b: Kyogre\n|-damage|p2b: Kyogre|79/100\n|move|p2b: Kyogre|Water Spout|p1b: Raging Bolt|[spread] p1a,p1b\n|-resisted|p1a: Groudon\n|-resisted|p1b: Raging Bolt\n|-damage|p1a: Groudon|9/100\n|-damage|p1b: Raging Bolt|6/100\n|move|p1a: Groudon|Precipice Blades|p2a: Ursaluna|[spread] p2a,p2b\n|-crit|p2a: Ursaluna\n|-damage|p2a: Ursaluna|0 fnt\n|-damage|p2b: Kyogre|23/100\n|faint|p2a: Ursaluna\n|\n|-weather|RainDance|[upkeep]\n|upkeep\n|turn|7\n|\n|t:|1774507022\n|move|p1a: Groudon|Helping Hand|p1b: Raging Bolt\n|-singleturn|p1b: Raging Bolt|Helping Hand|[of] p1a: Groudon\n|move|p1b: Raging Bolt|Thunderclap|p2b: Kyogre\n|-supereffective|p2b: Kyogre\n|-damage|p2b: Kyogre|0 fnt\n|faint|p2b: Kyogre\n|\n|win|clefci\n|raw|clefci's rating: 1405 &rarr; <strong>1428</strong><br />(+23 for winning)\n|raw|momentaueita's rating: 1458 &rarr; <strong>1435</strong><br />(-23 for losing)\n|l|\u2606momentaueita\n|player|p2|\n|l|\u2606clefci\n|player|p1|\n","uploadtime":1774507279,"views":15,"formatid":"gen9vgc2026regi","rating":1428,"private":0,"password":null}