{"id":"gen9vgc2026regi-2544343421","format":"[Gen 9] VGC 2026 Reg I","players":["EllenJoe2026","prova77"],"log":"|j|\u203dEllenJoe2026\n|j|\u2606prova77\n|t:|1771696000\n|gametype|doubles\n|player|p1|EllenJoe2026|iono|1509\n|player|p2|prova77|swimmerf-gen4dp|1452\n|gen|9\n|tier|[Gen 9] VGC 2026 Reg I\n|rated|\n|rule|Species Clause: Limit one of each Pok\u00e9mon\n|rule|Item Clause: Limit 1 of each item\n|clearpoke\n|poke|p1|Calyrex-Shadow, L50|\n|poke|p1|Zamazenta-*, L50|\n|poke|p1|Chien-Pao, L50|\n|poke|p1|Dragonite, L50, M|\n|poke|p1|Amoonguss, L50, M|\n|poke|p1|Ogerpon-Cornerstone, L50, F|\n|poke|p2|Necrozma-Dusk-Mane, L50|\n|poke|p2|Indeedee-F, L50, F|\n|poke|p2|Dusclops, L50, M|\n|poke|p2|Raging Bolt, L50|\n|poke|p2|Torterra, L50, F|\n|poke|p2|Calyrex-Ice, L50|\n|teampreview|4\n|inactive|Battle timer is ON: inactive players will automatically lose when time's up. (requested by prova77)\n|inactive|EllenJoe2026 also wants the timer to be on.\n|inactive|prova77 has 60 seconds left.\n|\n|t:|1771696032\n|teamsize|p1|4\n|teamsize|p2|4\n|start\n|switch|p1a: Ogerpon|Ogerpon-Cornerstone, L50, F|100/100\n|switch|p1b: Calyrex|Calyrex-Shadow, L50|100/100\n|switch|p2a: Torterra|Torterra, L50, F|100/100\n|switch|p2b: Calyrex|Calyrex-Ice, L50|100/100\n|-ability|p1b: Calyrex|As One\n|-ability|p1b: Calyrex|Unnerve\n|-ability|p2b: Calyrex|As One\n|-ability|p2b: Calyrex|Unnerve\n|turn|1\n|\n|t:|1771696052\n|-terastallize|p2b: Calyrex|Grass\n|move|p1b: Calyrex|Protect|p1b: Calyrex\n|-singleturn|p1b: Calyrex|Protect\n|move|p2a: Torterra|Wide Guard|p2a: Torterra\n|-singleturn|p2a: Torterra|Wide Guard\n|move|p1a: Ogerpon|Taunt|p2b: Calyrex\n|-start|p2b: Calyrex|move: Taunt\n|cant|p2b: Calyrex|move: Taunt|Trick Room\n|\n|upkeep\n|turn|2\n|inactive|EllenJoe2026 has 30 seconds left.\n|inactive|EllenJoe2026 has 20 seconds left.\n|inactive|EllenJoe2026 has 15 seconds left.\n|\n|t:|1771696097\n|move|p2a: Torterra|Wide Guard|p2a: Torterra\n|-singleturn|p2a: Torterra|Wide Guard\n|move|p1b: Calyrex|Psychic|p2b: Calyrex\n|-damage|p2b: Calyrex|66/100\n|move|p1a: Ogerpon|Ivy Cudgel|p2b: Calyrex|[anim] Ivy Cudgel Rock\n|-damage|p2b: Calyrex|25/100\n|move|p2b: Calyrex|Glacial Lance|p1a: Ogerpon|[spread] p1a,p1b\n|-supereffective|p1a: Ogerpon\n|-ability|p1a: Ogerpon|Sturdy\n|-damage|p1a: Ogerpon|1/100\n|-damage|p1b: Calyrex|36/100\n|\n|upkeep\n|turn|3\n|inactive|EllenJoe2026 has 30 seconds left.\n|inactive|prova77 has 30 seconds left.\n|inactive|EllenJoe2026 has 20 seconds left.\n|\n|t:|1771696135\n|switch|p2b: Raging Bolt|Raging Bolt, L50|100/100\n|move|p1b: Calyrex|Protect|p1b: Calyrex\n|-singleturn|p1b: Calyrex|Protect\n|move|p1a: Ogerpon|Taunt|p2a: Torterra\n|-start|p2a: Torterra|move: Taunt\n|move|p2a: Torterra|High Horsepower|p1b: Calyrex\n|-activate|p1b: Calyrex|move: Protect\n|\n|upkeep\n|turn|4\n|\n|t:|1771696157\n|switch|p1b: Amoonguss|Amoonguss, L50, M|100/100\n|move|p1a: Ogerpon|Ivy Cudgel|p2b: Raging Bolt|[anim] Ivy Cudgel Rock\n|-damage|p2b: Raging Bolt|45/100\n|move|p2b: Raging Bolt|Electroweb|p1b: Amoonguss|[spread] p1a,p1b\n|-resisted|p1a: Ogerpon\n|-resisted|p1b: Amoonguss\n|-damage|p1a: Ogerpon|0 fnt\n|-damage|p1b: Amoonguss|91/100\n|-unboost|p1b: Amoonguss|spe|1\n|faint|p1a: Ogerpon\n|move|p2a: Torterra|High Horsepower|p1b: Amoonguss\n|-damage|p1b: Amoonguss|64/100\n|-damage|p2a: Torterra|84/100|[from] item: Rocky Helmet|[of] p1b: Amoonguss\n|\n|-heal|p2a: Torterra|90/100|[from] item: Leftovers\n|upkeep\n|\n|t:|1771696171\n|switch|p1a: Calyrex|Calyrex-Shadow, L50|36/100\n|-ability|p1a: Calyrex|As One\n|-ability|p1a: Calyrex|Unnerve\n|turn|5\n|\n|t:|1771696185\n|move|p1b: Amoonguss|Rage Powder|p1b: Amoonguss\n|-singleturn|p1b: Amoonguss|move: Rage Powder\n|move|p1a: Calyrex|Astral Barrage|p2a: Torterra|[spread] p2a,p2b\n|-damage|p2a: Torterra|43/100\n|-damage|p2b: Raging Bolt|17/100\n|move|p2b: Raging Bolt|Snarl|p1b: Amoonguss|[spread] p1a,p1b\n|-supereffective|p1a: Calyrex\n|-crit|p1b: Amoonguss\n|-damage|p1a: Calyrex|0 fnt\n|-damage|p1b: Amoonguss|46/100\n|-unboost|p1b: Amoonguss|spa|1\n|faint|p1a: Calyrex\n|move|p2a: Torterra|High Horsepower|p1b: Amoonguss\n|-damage|p1b: Amoonguss|17/100\n|-damage|p2a: Torterra|26/100|[from] item: Rocky Helmet|[of] p1b: Amoonguss\n|\n|-heal|p2a: Torterra|32/100|[from] item: Leftovers\n|-end|p2a: Torterra|move: Taunt\n|upkeep\n|j| mtsmlxs\n|\n|t:|1771696191\n|switch|p1a: Zamazenta|Zamazenta-Crowned, L50|100/100\n|-ability|p1a: Zamazenta|Dauntless Shield|boost\n|-boost|p1a: Zamazenta|def|1\n|turn|6\n|\n|t:|1771696214\n|move|p1a: Zamazenta|Body Press|p2a: Torterra\n|-damage|p2a: Torterra|0 fnt\n|faint|p2a: Torterra\n|move|p2b: Raging Bolt|Dragon Pulse|p1b: Amoonguss\n|-damage|p1b: Amoonguss|0 fnt\n|faint|p1b: Amoonguss\n|\n|upkeep\n|\n|t:|1771696220\n|switch|p2a: Dusclops|Dusclops, L50, M|100/100\n|-item|p1a: Zamazenta|Rusted Shield|[from] ability: Frisk|[of] p2a: Dusclops\n|turn|7\n|l| mtsmlxs\n|\n|t:|1771696234\n|-end|p2b: Raging Bolt|Protosynthesis|[silent]\n|switch|p2b: Calyrex|Calyrex-Ice, L50, tera:Grass|25/100\n|-ability|p2b: Calyrex|As One\n|-ability|p2b: Calyrex|Unnerve\n|move|p1a: Zamazenta|Body Press|p2b: Calyrex\n|-damage|p2b: Calyrex|0 fnt\n|faint|p2b: Calyrex\n|move|p2a: Dusclops|Trick Room|p2a: Dusclops\n|-fieldstart|move: Trick Room|[of] p2a: Dusclops\n|\n|upkeep\n|\n|t:|1771696243\n|switch|p2b: Raging Bolt|Raging Bolt, L50|17/100\n|turn|8\n|\n|t:|1771696249\n|move|p1a: Zamazenta|Protect|p1a: Zamazenta\n|-singleturn|p1a: Zamazenta|Protect\n|move|p2b: Raging Bolt|Thunderclap||[still]\n|-fail|p2b: Raging Bolt\n|move|p2a: Dusclops|Night Shade|p1a: Zamazenta\n|-activate|p1a: Zamazenta|move: Protect\n|\n|upkeep\n|turn|9\n|\n|t:|1771696260\n|move|p2b: Raging Bolt|Thunderclap|p1a: Zamazenta\n|-damage|p1a: Zamazenta|74/100\n|move|p2a: Dusclops|Night Shade|p1a: Zamazenta\n|-damage|p1a: Zamazenta|48/100\n|move|p1a: Zamazenta|Body Press|p2b: Raging Bolt\n|-damage|p2b: Raging Bolt|0 fnt\n|faint|p2b: Raging Bolt\n|-end|p2b: Raging Bolt|Protosynthesis|[silent]\n|\n|upkeep\n|turn|10\n|\n|t:|1771696268\n|move|p1a: Zamazenta|Protect|p1a: Zamazenta\n|-singleturn|p1a: Zamazenta|Protect\n|move|p2a: Dusclops|Night Shade|p1a: Zamazenta\n|-activate|p1a: Zamazenta|move: Protect\n|\n|upkeep\n|turn|11\n|\n|t:|1771696274\n|move|p2a: Dusclops|Night Shade|p1a: Zamazenta\n|-damage|p1a: Zamazenta|22/100\n|move|p1a: Zamazenta|Heavy Slam|p2a: Dusclops\n|-damage|p2a: Dusclops|70/100\n|\n|-fieldend|move: Trick Room\n|upkeep\n|turn|12\n|-message|EllenJoe2026 forfeited.\n|\n|win|prova77\n|raw|EllenJoe2026's rating: 1509 &rarr; <strong>1486</strong><br />(-23 for losing)\n|raw|prova77's rating: 1452 &rarr; <strong>1475</strong><br />(+23 for winning)\n|l|\u203dEllenJoe2026\n|player|p1|\n|l|\u2606prova77\n|player|p2|\n","uploadtime":1771696434,"views":28,"formatid":"gen9vgc2026regi","rating":1475,"private":0,"password":null}