{"id":"gen9vgc2026regi-2518511345","format":"[Gen 9] VGC 2026 Reg I","players":["Actoradoboy fan","KUTF1"],"log":"|j|\u2606Actoradoboy fan\n|j|\u2606KUTF1\n|t:|1768399639\n|gametype|doubles\n|player|p1|Actoradoboy fan|nate|1364\n|player|p2|KUTF1|giovanni|1322\n|gen|9\n|tier|[Gen 9] VGC 2026 Reg I\n|rated|\n|rule|Species Clause: Limit one of each Pok\u00e9mon\n|rule|Item Clause: Limit 1 of each item\n|clearpoke\n|poke|p1|Miraidon, L50|\n|poke|p1|Urshifu-*, L50, F|\n|poke|p1|Clefairy, L50, M|\n|poke|p1|Whimsicott, L50, F|\n|poke|p1|Calyrex-Shadow, L50|\n|poke|p1|Incineroar, L50, M|\n|poke|p2|Terapagos, L50, M|\n|poke|p2|Whimsicott, L50, M|\n|poke|p2|Zamazenta-*, L50|\n|poke|p2|Zoroark-Hisui, L50, M|\n|poke|p2|Kingambit, L50, F|\n|poke|p2|Chi-Yu, L50|\n|teampreview|4\n|inactive|Battle timer is ON: inactive players will automatically lose when time's up. (requested by KUTF1)\n|inactive|Actoradoboy fan also wants the timer to be on.\n|l|\u2606Actoradoboy fan\n|inactive|Actoradoboy fan disconnected and has a minute to reconnect!\n|player|p1|\n|inactive|KUTF1 has 60 seconds left.\n|\n|t:|1768399670\n|teamsize|p1|4\n|teamsize|p2|4\n|start\n|switch|p1a: Miraidon|Miraidon, L50|100/100\n|switch|p1b: Urshifu|Urshifu-Rapid-Strike, L50, F|100/100\n|switch|p2a: The Amalgamation|Chi-Yu, L50|100/100\n|switch|p2b: You\u2019re a SuperStar|Whimsicott, L50, M, shiny|100/100\n|-fieldstart|move: Electric Terrain|[from] ability: Hadron Engine|[of] p1a: Miraidon\n|-ability|p2a: The Amalgamation|Beads of Ruin\n|turn|1\n|inactive|Actoradoboy fan has 30 seconds left.\n|inactive|Actoradoboy fan has 20 seconds left.\n|inactive|Actoradoboy fan has 15 seconds left.\n|inactive|Actoradoboy fan has 10 seconds left.\n|j|\u2606Actoradoboy fan\n|inactive|Actoradoboy fan reconnected and has 10 seconds left.\n|player|p1|Actoradoboy fan|nate|\n|inactive|Actoradoboy fan has 5 seconds left.\n|\n|t:|1768399721\n|move|p1b: Urshifu|Aqua Jet|p2a: The Amalgamation\n|-supereffective|p2a: The Amalgamation\n|-damage|p2a: The Amalgamation|27/100\n|move|p1a: Miraidon|Volt Switch|p2a: The Amalgamation\n|-damage|p2a: The Amalgamation|0 fnt\n|faint|p2a: The Amalgamation\n|\n|t:|1768399725\n|switch|p1a: Whimsicott|Whimsicott, L50, F|100/100|[from] Volt Switch\n|move|p2b: You\u2019re a SuperStar|Moonblast|p1b: Urshifu\n|-supereffective|p1b: Urshifu\n|-damage|p1b: Urshifu|24/100\n|-unboost|p1b: Urshifu|spa|1\n|\n|upkeep\n|\n|t:|1768399742\n|switch|p2a: The Bite|Terapagos, L50, M|100/100\n|-activate|p2a: The Bite|ability: Tera Shift\n|detailschange|p2a: The Bite|Terapagos-Terastal, L50, M\n|-heal|p2a: The Bite|100/100|[silent]\n|turn|2\n|\n|t:|1768399754\n|move|p2b: You\u2019re a SuperStar|Taunt|p1a: Whimsicott\n|-start|p1a: Whimsicott|move: Taunt\n|cant|p1a: Whimsicott|move: Taunt|Tailwind\n|move|p2a: The Bite|Tera Starstorm|p1b: Urshifu\n|-damage|p1b: Urshifu|0 fnt\n|faint|p1b: Urshifu\n|\n|upkeep\n|\n|t:|1768399760\n|switch|p1b: Calyrex|Calyrex-Shadow, L50|100/100\n|-ability|p1b: Calyrex|As One\n|-ability|p1b: Calyrex|Unnerve\n|turn|3\n|\n|t:|1768399774\n|-terastallize|p2a: The Bite|Stellar\n|detailschange|p2a: The Bite|Terapagos-Stellar, L50, M, tera:Stellar\n|-heal|p2a: The Bite|100/100|[silent]\n|-ability|p2a: The Bite|Teraform Zero\n|-fieldend|move: Electric Terrain\n|move|p1b: Calyrex|Astral Barrage|p2a: The Bite|[spread] p2b\n|-immune|p2a: The Bite\n|-damage|p2b: You\u2019re a SuperStar|17/100\n|move|p2b: You\u2019re a SuperStar|Moonblast|p1b: Calyrex\n|-damage|p1b: Calyrex|77/100\n|move|p2a: The Bite|Tera Starstorm|p1b: Calyrex|[spread] p1a,p1b\n|-damage|p1a: Whimsicott|50/100\n|-damage|p1b: Calyrex|29/100\n|move|p1a: Whimsicott|Moonblast|p2b: You\u2019re a SuperStar\n|-damage|p2b: You\u2019re a SuperStar|0 fnt\n|faint|p2b: You\u2019re a SuperStar\n|\n|upkeep\n|\n|t:|1768399777\n|switch|p2b: Quirky at Night|Zamazenta-Crowned, L50, shiny|100/100\n|-ability|p2b: Quirky at Night|Dauntless Shield|boost\n|-boost|p2b: Quirky at Night|def|1\n|turn|4\n|\n|t:|1768399796\n|move|p1b: Calyrex|Protect|p1b: Calyrex\n|-singleturn|p1b: Calyrex|Protect\n|move|p2b: Quirky at Night|Behemoth Bash|p1a: Whimsicott\n|-supereffective|p1a: Whimsicott\n|-damage|p1a: Whimsicott|0 fnt\n|faint|p1a: Whimsicott\n|move|p2a: The Bite|Tera Starstorm|p1b: Calyrex\n|-activate|p1b: Calyrex|move: Protect\n|\n|upkeep\n|\n|t:|1768399800\n|switch|p1a: Miraidon|Miraidon, L50|100/100\n|-fieldstart|move: Electric Terrain|[from] ability: Hadron Engine|[of] p1a: Miraidon\n|turn|5\n|\n|t:|1768399813\n|-terastallize|p1a: Miraidon|Electric\n|move|p1a: Miraidon|Electro Drift|p2a: The Bite\n|-damage|p2a: The Bite|10/100\n|move|p1b: Calyrex|Draining Kiss|p2a: The Bite\n|-damage|p2a: The Bite|0 fnt\n|-heal|p1b: Calyrex|38/100|[from] drain|[of] p2a: The Bite\n|faint|p2a: The Bite\n|detailschange|p2: The Bite|Terapagos, L50, M|[silent]\n|-ability|p1b: Calyrex|Grim Neigh|boost\n|-boost|p1b: Calyrex|spa|1\n|move|p2b: Quirky at Night|Body Press|p1a: Miraidon\n|-damage|p1a: Miraidon|46/100\n|\n|upkeep\n|turn|6\n|\n|t:|1768399820\n|move|p1a: Miraidon|Electro Drift|p2b: Quirky at Night\n|-damage|p2b: Quirky at Night|4/100\n|move|p1b: Calyrex|Astral Barrage|p2b: Quirky at Night\n|-damage|p2b: Quirky at Night|0 fnt\n|faint|p2b: Quirky at Night\n|\n|win|Actoradoboy fan\n|raw|Actoradoboy fan's rating: 1364 &rarr; <strong>1382</strong><br />(+18 for winning)\n|raw|KUTF1's rating: 1322 &rarr; <strong>1304</strong><br />(-18 for losing)\n|l|\u2606KUTF1\n|player|p2|\n|l|\u2606Actoradoboy fan\n|player|p1|\n","uploadtime":1768400078,"views":11,"formatid":"gen9vgc2026regi","rating":1304,"private":0,"password":null}