{"id":"gen9vgc2026regi-2579110504","format":"[Gen 9] VGC 2026 Reg I","players":["Jungosylv","clefci"],"log":"|j|\u2606Jungosylv\n|j|\u2606clefci\n|t:|1775752952\n|gametype|doubles\n|player|p1|Jungosylv|265|1476\n|player|p2|clefci|dawn|1567\n|gen|9\n|tier|[Gen 9] VGC 2026 Reg I\n|rated|\n|rule|Species Clause: Limit one of each Pok\u00e9mon\n|rule|Item Clause: Limit 1 of each item\n|clearpoke\n|poke|p1|Calyrex-Shadow, L50|\n|poke|p1|Koraidon, L50|\n|poke|p1|Chi-Yu, L50|\n|poke|p1|Brute Bonnet, L50|\n|poke|p1|Iron Valiant, L50|\n|poke|p1|Whimsicott, L50, M|\n|poke|p2|Calyrex-Ice, L50|\n|poke|p2|Miraidon, L50|\n|poke|p2|Iron Hands, L50|\n|poke|p2|Farigiraf, L50, F|\n|poke|p2|Torkoal, L50, M|\n|poke|p2|Smeargle, L50, F|\n|teampreview|4\n|inactive|Battle timer is ON: inactive players will automatically lose when time's up. (requested by clefci)\n|inactive|Jungosylv has 60 seconds left.\n|\n|t:|1775752988\n|teamsize|p1|4\n|teamsize|p2|4\n|start\n|switch|p1a: Koraidon|Koraidon, L50, shiny|100/100\n|switch|p1b: Chi-Yu|Chi-Yu, L50|100/100\n|switch|p2a: Calyrex|Calyrex-Ice, L50|100/100\n|switch|p2b: Miraidon|Miraidon, L50|100/100\n|-ability|p2a: Calyrex|As One\n|-ability|p2a: Calyrex|Unnerve\n|-fieldstart|move: Electric Terrain|[from] ability: Hadron Engine|[of] p2b: Miraidon\n|-ability|p1b: Chi-Yu|Beads of Ruin\n|-weather|SunnyDay|[from] ability: Orichalcum Pulse|[of] p1a: Koraidon\n|-activate|p1a: Koraidon|Orichalcum Pulse|[source]\n|turn|1\n|inactive|Jungosylv has 30 seconds left.\n|inactive|Jungosylv has 20 seconds left.\n|inactive|Jungosylv has 15 seconds left.\n|inactive|Jungosylv has 10 seconds left.\n|\n|t:|1775753036\n|-terastallize|p2a: Calyrex|Ground\n|move|p1a: Koraidon|Protect|p1a: Koraidon\n|-singleturn|p1a: Koraidon|Protect\n|move|p2b: Miraidon|Draco Meteor|p1a: Koraidon\n|-activate|p1a: Koraidon|move: Protect\n|move|p1b: Chi-Yu|Heat Wave|p2b: Miraidon|[spread] p2a,p2b\n|-resisted|p2b: Miraidon\n|-damage|p2a: Calyrex|48/100\n|-damage|p2b: Miraidon|69/100\n|-status|p2b: Miraidon|brn\n|move|p2a: Calyrex|Trick Room|p2a: Calyrex\n|-fieldstart|move: Trick Room|[of] p2a: Calyrex\n|\n|-weather|SunnyDay|[upkeep]\n|-damage|p2b: Miraidon|63/100 brn|[from] brn\n|upkeep\n|turn|2\n|\n|t:|1775753057\n|switch|p1a: Iron Valiant|Iron Valiant, L50, shiny|100/100\n|-activate|p1a: Iron Valiant|ability: Quark Drive\n|-start|p1a: Iron Valiant|quarkdrivespe\n|switch|p2b: Iron Hands|Iron Hands, L50|100/100\n|-activate|p2b: Iron Hands|ability: Quark Drive\n|-start|p2b: Iron Hands|quarkdriveatk\n|move|p2a: Calyrex|High Horsepower|p1b: Chi-Yu\n|-supereffective|p1b: Chi-Yu\n|-damage|p1b: Chi-Yu|0 fnt\n|faint|p1b: Chi-Yu\n|-ability|p2a: Calyrex|Chilling Neigh|boost\n|-boost|p2a: Calyrex|atk|1\n|\n|-weather|SunnyDay|[upkeep]\n|upkeep\n|\n|t:|1775753075\n|switch|p1b: Koraidon|Koraidon, L50, shiny|100/100\n|-activate|p1b: Koraidon|ability: Orichalcum Pulse\n|turn|3\n|\n|t:|1775753094\n|move|p1b: Koraidon|Protect|p1b: Koraidon\n|-singleturn|p1b: Koraidon|Protect\n|move|p1a: Iron Valiant|Protect|p1a: Iron Valiant\n|-singleturn|p1a: Iron Valiant|Protect\n|move|p2a: Calyrex|High Horsepower|p1b: Koraidon\n|-activate|p1b: Koraidon|move: Protect\n|move|p2b: Iron Hands|Wild Charge|p1a: Iron Valiant\n|-activate|p1a: Iron Valiant|move: Protect\n|\n|-weather|SunnyDay|[upkeep]\n|upkeep\n|turn|4\n|\n|t:|1775753119\n|move|p2a: Calyrex|High Horsepower|p1a: Iron Valiant\n|-damage|p1a: Iron Valiant|0 fnt\n|faint|p1a: Iron Valiant\n|-end|p1a: Iron Valiant|Quark Drive|[silent]\n|-ability|p2a: Calyrex|Chilling Neigh|boost\n|-boost|p2a: Calyrex|atk|1\n|move|p2b: Iron Hands|Low Kick|p1b: Koraidon\n|-damage|p1b: Koraidon|21/100\n|move|p1b: Koraidon|Collision Course|p2a: Calyrex\n|-damage|p2a: Calyrex|0 fnt\n|faint|p2a: Calyrex\n|\n|-weather|SunnyDay|[upkeep]\n|upkeep\n|\n|t:|1775753133\n|switch|p2a: Torkoal|Torkoal, L50, M|100/100\n|switch|p1a: Calyrex|Calyrex-Shadow, L50|100/100\n|-ability|p1a: Calyrex|As One\n|-ability|p1a: Calyrex|Unnerve\n|turn|5\n|\n|t:|1775753144\n|move|p1b: Koraidon|Protect|p1b: Koraidon\n|-singleturn|p1b: Koraidon|Protect\n|move|p1a: Calyrex|Protect|p1a: Calyrex\n|-singleturn|p1a: Calyrex|Protect\n|move|p2a: Torkoal|Weather Ball|p1a: Calyrex\n|-activate|p1a: Calyrex|move: Protect\n|move|p2b: Iron Hands|Drain Punch|p1b: Koraidon\n|-activate|p1b: Koraidon|move: Protect\n|\n|-weather|none\n|-fieldend|move: Trick Room\n|-fieldend|move: Electric Terrain\n|-end|p2b: Iron Hands|Quark Drive\n|upkeep\n|turn|6\n|inactive|Jungosylv has 30 seconds left.\n|\n|t:|1775753171\n|-terastallize|p1b: Koraidon|Fire\n|move|p1a: Calyrex|Astral Barrage|p2b: Iron Hands|[spread] p2a,p2b\n|-damage|p2a: Torkoal|25/100\n|-damage|p2b: Iron Hands|71/100\n|move|p1b: Koraidon|Flare Blitz|p2b: Iron Hands\n|-damage|p2b: Iron Hands|24/100\n|-damage|p1b: Koraidon|0 fnt|[from] Recoil\n|faint|p1b: Koraidon\n|move|p2b: Iron Hands|Drain Punch|p1a: Calyrex\n|-immune|p1a: Calyrex\n|move|p2a: Torkoal|Weather Ball|p1a: Calyrex\n|-immune|p1a: Calyrex\n|\n|upkeep\n|turn|7\n|\n|t:|1775753188\n|move|p1a: Calyrex|Astral Barrage|p2b: Iron Hands|[spread] p2a,p2b\n|-damage|p2a: Torkoal|0 fnt\n|-damage|p2b: Iron Hands|0 fnt\n|faint|p2a: Torkoal\n|faint|p2b: Iron Hands\n|-end|p2b: Iron Hands|Quark Drive|[silent]\n|-ability|p1a: Calyrex|Grim Neigh|boost\n|-boost|p1a: Calyrex|spa|2\n|\n|upkeep\n|\n|t:|1775753191\n|switch|p2a: Miraidon|Miraidon, L50|63/100 brn\n|-fieldstart|move: Electric Terrain|[from] ability: Hadron Engine|[of] p2a: Miraidon\n|turn|8\n|\n|t:|1775753199\n|move|p2a: Miraidon|Snarl|p1a: Calyrex\n|-supereffective|p1a: Calyrex\n|-enditem|p1a: Calyrex|Focus Sash\n|-damage|p1a: Calyrex|1/100\n|-unboost|p1a: Calyrex|spa|1\n|move|p1a: Calyrex|Astral Barrage|p2a: Miraidon\n|-damage|p2a: Miraidon|0 fnt\n|faint|p2a: Miraidon\n|\n|win|Jungosylv\n|raw|Jungosylv's rating: 1476 &rarr; <strong>1501</strong><br />(+25 for winning)\n|raw|clefci's rating: 1567 &rarr; <strong>1542</strong><br />(-25 for losing)\n|l|\u2606clefci\n|player|p2|\n|l|\u2606Jungosylv\n|player|p1|\n","uploadtime":1775753458,"views":12,"formatid":"gen9vgc2026regi","rating":1501,"private":0,"password":null}