{"id":"gen9vgc2026regi-2568117828","format":"[Gen 9] VGC 2026 Reg I","players":["Dezmane","slimeslatt252"],"log":"|j|\u2606Dezmane\n|j|\u2606slimeslatt252\n|t:|1774548738\n|gametype|doubles\n|player|p1|Dezmane|169|1395\n|player|p2|slimeslatt252|169|1471\n|gen|9\n|tier|[Gen 9] VGC 2026 Reg I\n|rated|\n|rule|Species Clause: Limit one of each Pok\u00e9mon\n|rule|Item Clause: Limit 1 of each item\n|clearpoke\n|poke|p1|Kyogre, L50|\n|poke|p1|Iron Bundle, L50|\n|poke|p1|Miraidon, L50|\n|poke|p1|Kingambit, L50, M|\n|poke|p1|Archaludon, L50, F|\n|poke|p1|Iron Moth, L50|\n|poke|p2|Calyrex-Shadow, L50|\n|poke|p2|Koraidon, L50|\n|poke|p2|Incineroar, L50, M|\n|poke|p2|Raging Bolt, L50|\n|poke|p2|Brute Bonnet, L50|\n|poke|p2|Landorus, L50, M|\n|teampreview|4\n|inactive|Battle timer is ON: inactive players will automatically lose when time's up. (requested by slimeslatt252)\n|inactive|Dezmane also wants the timer to be on.\n|inactive|Dezmane has 60 seconds left.\n|\n|t:|1774548778\n|teamsize|p1|4\n|teamsize|p2|4\n|start\n|switch|p1a: Kyogre|Kyogre, L50|100/100\n|switch|p1b: Miraidon|Miraidon, L50|100/100\n|switch|p2a: Incineroar|Incineroar, L50, M|100/100\n|switch|p2b: raging dingus|Raging Bolt, L50|100/100\n|-fieldstart|move: Electric Terrain|[from] ability: Hadron Engine|[of] p1b: Miraidon\n|-weather|RainDance|[from] ability: Drizzle|[of] p1a: Kyogre\n|-ability|p2a: Incineroar|Intimidate|boost\n|-unboost|p1a: Kyogre|atk|1\n|-unboost|p1b: Miraidon|atk|1\n|turn|1\n|inactive|Dezmane has 30 seconds left.\n|\n|t:|1774548805\n|move|p2a: Incineroar|Fake Out|p1b: Miraidon\n|-damage|p1b: Miraidon|90/100\n|move|p1b: Miraidon|Dragon Pulse|p2b: raging dingus\n|-supereffective|p2b: raging dingus\n|-damage|p2b: raging dingus|34/100\n|move|p2b: raging dingus|Dragon Pulse|p1b: Miraidon\n|-supereffective|p1b: Miraidon\n|-damage|p1b: Miraidon|5/100\n|move|p1a: Kyogre|Ice Beam|p2a: Incineroar\n|-resisted|p2a: Incineroar\n|-damage|p2a: Incineroar|88/100\n|\n|-weather|RainDance|[upkeep]\n|upkeep\n|turn|2\n|\n|t:|1774548828\n|switch|p1b: Iron Bundle|Iron Bundle, L50|100/100\n|-activate|p1b: Iron Bundle|ability: Quark Drive\n|-start|p1b: Iron Bundle|quarkdrivespe\n|-terastallize|p1a: Kyogre|Grass\n|move|p2b: raging dingus|Thunderclap|p1a: Kyogre\n|-resisted|p1a: Kyogre\n|-damage|p1a: Kyogre|92/100\n|move|p1a: Kyogre|Water Spout|p2b: raging dingus|[spread] p2a,p2b\n|-supereffective|p2a: Incineroar\n|-resisted|p2b: raging dingus\n|-damage|p2a: Incineroar|0 fnt\n|-damage|p2b: raging dingus|11/100\n|faint|p2a: Incineroar\n|\n|-weather|RainDance|[upkeep]\n|upkeep\n|\n|t:|1774548850\n|switch|p2a: Koraidon|Koraidon, L50|100/100\n|-weather|SunnyDay|[from] ability: Orichalcum Pulse|[of] p2a: Koraidon\n|-activate|p2b: raging dingus|ability: Protosynthesis\n|-start|p2b: raging dingus|protosynthesisspa\n|-activate|p2a: Koraidon|Orichalcum Pulse|[source]\n|turn|3\n|\n|t:|1774548871\n|switch|p1a: Iron Moth|Iron Moth, L50|100/100\n|-activate|p1a: Iron Moth|ability: Quark Drive\n|-start|p1a: Iron Moth|quarkdrivespe\n|-terastallize|p2a: Koraidon|Fire\n|move|p2b: raging dingus|Thunderclap|p1b: Iron Bundle\n|-supereffective|p1b: Iron Bundle\n|-enditem|p1b: Iron Bundle|Focus Sash\n|-damage|p1b: Iron Bundle|1/100\n|move|p1b: Iron Bundle|Icy Wind|p2a: Koraidon|[spread] p2a,p2b\n|-resisted|p2a: Koraidon\n|-supereffective|p2b: raging dingus\n|-damage|p2a: Koraidon|92/100\n|-damage|p2b: raging dingus|0 fnt\n|faint|p2b: raging dingus\n|-end|p2b: raging dingus|Protosynthesis|[silent]\n|move|p2a: Koraidon|Flame Charge|p1a: Iron Moth\n|-resisted|p1a: Iron Moth\n|-damage|p1a: Iron Moth|51/100\n|-boost|p2a: Koraidon|spe|1\n|\n|-weather|SunnyDay|[upkeep]\n|upkeep\n|inactive|slimeslatt252 has 30 seconds left.\n|\n|t:|1774548903\n|switch|p2b: Calyrex|Calyrex-Shadow, L50|100/100\n|-ability|p2b: Calyrex|As One\n|-ability|p2b: Calyrex|Unnerve\n|turn|4\n|inactive|Dezmane has 30 seconds left.\n|\n|t:|1774548939\n|move|p2b: Calyrex|Protect|p2b: Calyrex\n|-singleturn|p2b: Calyrex|Protect\n|move|p1b: Iron Bundle|Icy Wind|p2a: Koraidon|[spread] \n|-activate|p2b: Calyrex|move: Protect\n|-miss|p1b: Iron Bundle|p2a: Koraidon\n|move|p2a: Koraidon|Flame Charge|p1b: Iron Bundle\n|-damage|p1b: Iron Bundle|0 fnt\n|-boost|p2a: Koraidon|spe|1\n|faint|p1b: Iron Bundle\n|-end|p1b: Iron Bundle|Quark Drive|[silent]\n|move|p1a: Iron Moth|Sludge Wave|p2b: Calyrex|[spread] p2a\n|-activate|p2b: Calyrex|move: Protect\n|-damage|p2a: Koraidon|42/100\n|\n|-weather|SunnyDay|[upkeep]\n|upkeep\n|\n|t:|1774548957\n|switch|p1b: Kyogre|Kyogre, L50, tera:Grass|92/100\n|-weather|RainDance|[from] ability: Drizzle|[of] p1b: Kyogre\n|turn|5\n|\n|t:|1774548973\n|-end|p1a: Iron Moth|Quark Drive|[silent]\n|switch|p1a: Miraidon|Miraidon, L50|5/100\n|-activate|p1a: Miraidon|ability: Hadron Engine\n|move|p2a: Koraidon|Flare Blitz|p1b: Kyogre\n|-supereffective|p1b: Kyogre\n|-crit|p1b: Kyogre\n|-damage|p1b: Kyogre|1/100\n|-damage|p2a: Koraidon|10/100|[from] Recoil\n|move|p2b: Calyrex|Astral Barrage|p1b: Kyogre|[spread] p1a,p1b\n|-damage|p1a: Miraidon|0 fnt\n|-damage|p1b: Kyogre|0 fnt\n|faint|p1a: Miraidon\n|faint|p1b: Kyogre\n|-ability|p2b: Calyrex|Grim Neigh|boost\n|-boost|p2b: Calyrex|spa|2\n|\n|-weather|RainDance|[upkeep]\n|-fieldend|move: Electric Terrain\n|upkeep\n|\n|t:|1774548983\n|switch|p1a: Iron Moth|Iron Moth, L50|51/100\n|turn|6\n|\n|t:|1774548989\n|move|p2a: Koraidon|Collision Course|p1a: Iron Moth\n|-resisted|p1a: Iron Moth\n|-damage|p1a: Iron Moth|12/100\n|move|p2b: Calyrex|Astral Barrage|p1a: Iron Moth\n|-damage|p1a: Iron Moth|0 fnt\n|faint|p1a: Iron Moth\n|-end|p1a: Iron Moth|Quark Drive|[silent]\n|\n|win|slimeslatt252\n|raw|Dezmane's rating: 1395 &rarr; <strong>1379</strong><br />(-16 for losing)\n|raw|slimeslatt252's rating: 1471 &rarr; <strong>1487</strong><br />(+16 for winning)\n|c|\u2606Dezmane|Gg\n","uploadtime":1774549003,"views":66,"formatid":"gen9vgc2026regi","rating":1379,"private":0,"password":null}