{"id":"gen9vgc2026regi-2563303901","format":"[Gen 9] VGC 2026 Reg I","players":["chlok!","Mirthinion"],"log":"|j|\u203dchlok!\n|j|\u2606Mirthinion\n|t:|1774014477\n|gametype|doubles\n|player|p1|chlok!|boarder|1339\n|player|p2|Mirthinion|janitor|1340\n|gen|9\n|tier|[Gen 9] VGC 2026 Reg I\n|rated|\n|rule|Species Clause: Limit one of each Pok\u00e9mon\n|rule|Item Clause: Limit 1 of each item\n|clearpoke\n|poke|p1|Calyrex-Ice, L50|\n|poke|p1|Koraidon, L50|\n|poke|p1|Flutter Mane, L50|\n|poke|p1|Incineroar, L50, F|\n|poke|p1|Amoonguss, L50, F|\n|poke|p1|Walking Wake, L50|\n|poke|p2|Calyrex-Shadow, L50|\n|poke|p2|Zamazenta-*, L50|\n|poke|p2|Urshifu-*, L50, M|\n|poke|p2|Incineroar, L50, M|\n|poke|p2|Rillaboom, L50, M|\n|poke|p2|Tornadus, L50, M|\n|teampreview|4\n|inactive|Battle timer is ON: inactive players will automatically lose when time's up. (requested by Mirthinion)\nMirthinion rejected open team sheets.\n|\n|t:|1774014496\n|teamsize|p1|4\n|teamsize|p2|4\n|start\n|switch|p1a: Koraidon|Koraidon, L50, shiny|100/100\n|switch|p1b: Walking Wake|Walking Wake, L50|100/100\n|switch|p2a: Vangwe|Tornadus, L50, M|100/100\n|switch|p2b: Beowulf|Urshifu-Rapid-Strike, L50, M|100/100\n|-weather|SunnyDay|[from] ability: Orichalcum Pulse|[of] p1a: Koraidon\n|-activate|p1b: Walking Wake|ability: Protosynthesis\n|-start|p1b: Walking Wake|protosynthesisspe\n|-activate|p1a: Koraidon|Orichalcum Pulse|[source]\n|turn|1\n|inactive|chlok! has 30 seconds left.\n|\n|t:|1774014524\n|switch|p1a: Incineroar|Incineroar, L50, F, shiny|100/100\n|-ability|p1a: Incineroar|Intimidate|boost\n|-unboost|p2a: Vangwe|atk|1\n|-unboost|p2b: Beowulf|atk|1\n|move|p2a: Vangwe|Rain Dance|p2a: Vangwe\n|-weather|RainDance\n|-end|p1b: Walking Wake|Protosynthesis\n|move|p2b: Beowulf|Close Combat|p1b: Walking Wake\n|-damage|p1b: Walking Wake|45/100\n|-unboost|p2b: Beowulf|def|1\n|-unboost|p2b: Beowulf|spd|1\n|move|p1b: Walking Wake|Weather Ball|p2a: Vangwe\n|-damage|p2a: Vangwe|33/100\n|\n|-weather|RainDance|[upkeep]\n|upkeep\n|turn|2\n|\n|t:|1774014547\n|-terastallize|p2b: Beowulf|Ghost\n|move|p1a: Incineroar|Fake Out|p2b: Beowulf\n|-immune|p2b: Beowulf\n|move|p2a: Vangwe|Tailwind|p2a: Vangwe\n|-sidestart|p2: Mirthinion|move: Tailwind\n|move|p2b: Beowulf|Close Combat|p1b: Walking Wake\n|-damage|p1b: Walking Wake|0 fnt\n|-unboost|p2b: Beowulf|def|1\n|-unboost|p2b: Beowulf|spd|1\n|faint|p1b: Walking Wake\n|-end|p1b: Walking Wake|Protosynthesis|[silent]\n|\n|-weather|RainDance|[upkeep]\n|upkeep\n|\n|t:|1774014558\n|switch|p1b: Calyrex|Calyrex-Ice, L50|100/100\n|-ability|p1b: Calyrex|As One\n|-ability|p1b: Calyrex|Unnerve\n|turn|3\n|\n|t:|1774014580\n|switch|p2a: Drambor|Zamazenta-Crowned, L50|100/100\n|-ability|p2a: Drambor|Dauntless Shield|boost\n|-boost|p2a: Drambor|def|1\n|move|p2b: Beowulf|Close Combat|p1a: Incineroar\n|-supereffective|p1a: Incineroar\n|-damage|p1a: Incineroar|5/100\n|-unboost|p2b: Beowulf|def|1\n|-unboost|p2b: Beowulf|spd|1\n|-damage|p2b: Beowulf|84/100|[from] item: Rocky Helmet|[of] p1a: Incineroar\n|move|p1a: Incineroar|Parting Shot|p2b: Beowulf\n|-unboost|p2b: Beowulf|atk|1\n|-unboost|p2b: Beowulf|spa|1\n|\n|t:|1774014587\n|switch|p1a: Koraidon|Koraidon, L50, shiny|100/100|[from] Parting Shot\n|-weather|SunnyDay|[from] ability: Orichalcum Pulse|[of] p1a: Koraidon\n|-activate|p1a: Koraidon|Orichalcum Pulse|[source]\n|move|p1b: Calyrex|Glacial Lance|p2b: Beowulf|[spread] p2a,p2b\n|-resisted|p2a: Drambor\n|-damage|p2a: Drambor|89/100\n|-damage|p2b: Beowulf|0 fnt\n|faint|p2b: Beowulf\n|-ability|p1b: Calyrex|Chilling Neigh|boost\n|-boost|p1b: Calyrex|atk|1\n|\n|-weather|SunnyDay|[upkeep]\n|upkeep\n|inactive|Mirthinion has 30 seconds left.\n|\n|t:|1774014615\n|switch|p2b: Vangwe|Tornadus, L50, M|33/100\n|turn|4\n|inactive|Mirthinion has 30 seconds left.\n|\n|t:|1774014649\n|-terastallize|p1a: Koraidon|Fire\n|move|p2a: Drambor|Protect|p2a: Drambor\n|-singleturn|p2a: Drambor|Protect\n|move|p2b: Vangwe|Taunt|p1b: Calyrex\n|-start|p1b: Calyrex|move: Taunt\n|move|p1a: Koraidon|Flame Charge|p2a: Drambor\n|-activate|p2a: Drambor|move: Protect\n|move|p1b: Calyrex|Glacial Lance|p2a: Drambor|[spread] p2b\n|-activate|p2a: Drambor|move: Protect\n|-supereffective|p2b: Vangwe\n|-damage|p2b: Vangwe|0 fnt\n|faint|p2b: Vangwe\n|-ability|p1b: Calyrex|Chilling Neigh|boost\n|-boost|p1b: Calyrex|atk|1\n|\n|-weather|SunnyDay|[upkeep]\n|upkeep\n|\n|t:|1774014664\n|switch|p2b: Mithrandir|Calyrex-Shadow, L50|100/100\n|-ability|p2b: Mithrandir|As One\n|-ability|p2b: Mithrandir|Unnerve\n|turn|5\n|\n|t:|1774014675\n|move|p2b: Mithrandir|Astral Barrage|p1a: Koraidon|[spread] p1a,p1b\n|-crit|p1a: Koraidon\n|-supereffective|p1b: Calyrex\n|-damage|p1a: Koraidon|23/100\n|-damage|p1b: Calyrex|43/100\n|move|p2a: Drambor|Body Press|p1a: Koraidon\n|-crit|p1a: Koraidon\n|-damage|p1a: Koraidon|0 fnt\n|faint|p1a: Koraidon\n|move|p1b: Calyrex|Glacial Lance|p2a: Drambor|[spread] p2a,p2b\n|-resisted|p2a: Drambor\n|-damage|p2a: Drambor|65/100\n|-enditem|p2b: Mithrandir|Focus Sash\n|-damage|p2b: Mithrandir|1/100\n|\n|-weather|SunnyDay|[upkeep]\n|-sideend|p2: Mirthinion|move: Tailwind\n|upkeep\n|\n|t:|1774014682\n|switch|p1a: Incineroar|Incineroar, L50, F, shiny|5/100\n|-ability|p1a: Incineroar|Intimidate|boost\n|-unboost|p2a: Drambor|atk|1\n|-unboost|p2b: Mithrandir|atk|1\n|turn|6\n|\n|t:|1774014698\n|move|p2a: Drambor|Wide Guard|p2a: Drambor\n|-singleturn|p2a: Drambor|Wide Guard\n|move|p2b: Mithrandir|Astral Barrage|p1b: Calyrex|[spread] p1a,p1b\n|-resisted|p1a: Incineroar\n|-supereffective|p1b: Calyrex\n|-damage|p1a: Incineroar|0 fnt\n|-damage|p1b: Calyrex|0 fnt\n|faint|p1a: Incineroar\n|faint|p1b: Calyrex\n|\n|win|Mirthinion\n|raw|chlok!'s rating: 1339 &rarr; <strong>1319</strong><br />(-20 for losing)\n|raw|Mirthinion's rating: 1340 &rarr; <strong>1360</strong><br />(+20 for winning)\n|l|\u2606Mirthinion\n|player|p2|\n","uploadtime":1774014812,"views":73,"formatid":"gen9vgc2026regi","rating":1319,"private":0,"password":null}