{"id":"gen9vgc2026regi-2562436645","format":"[Gen 9] VGC 2026 Reg I","players":["DracoDragoo","TheManOfSausage"],"log":"|j|\u2606DracoDragoo\n|j|\u2606TheManOfSausage\n|t:|1773916833\n|gametype|doubles\n|player|p1|DracoDragoo|elesa|1368\n|player|p2|TheManOfSausage|miku-water|1535\n|gen|9\n|tier|[Gen 9] VGC 2026 Reg I\n|rated|\n|rule|Species Clause: Limit one of each Pok\u00e9mon\n|rule|Item Clause: Limit 1 of each item\n|clearpoke\n|poke|p1|Miraidon, L50|\n|poke|p1|Iron Bundle, L50|\n|poke|p1|Lunala, L50|\n|poke|p1|Incineroar, L50, M|\n|poke|p1|Urshifu-*, L50, F|\n|poke|p1|Landorus, L50, M|\n|poke|p2|Calyrex-Ice, L50|\n|poke|p2|Miraidon, L50|\n|poke|p2|Ogerpon-Cornerstone, L50, F|\n|poke|p2|Volcarona, L50, M|\n|poke|p2|Urshifu-*, L50, M|\n|poke|p2|Grimmsnarl, L50, M|\n|teampreview|4\nTheManOfSausage has agreed to open team sheets.\n|\n|t:|1773916885\n|teamsize|p1|4\n|teamsize|p2|4\n|start\n|switch|p1a: Incineroar|Incineroar, L50, M|100/100\n|switch|p1b: Iron Bundle|Iron Bundle, L50|100/100\n|switch|p2a: Magical Mirai|Miraidon, L50|100/100\n|switch|p2b: Grimmsnarl|Grimmsnarl, L50, M, shiny|100/100\n|-fieldstart|move: Electric Terrain|[from] ability: Hadron Engine|[of] p2a: Magical Mirai\n|-activate|p1b: Iron Bundle|ability: Quark Drive\n|-start|p1b: Iron Bundle|quarkdrivespe\n|-ability|p1a: Incineroar|Intimidate|boost\n|-unboost|p2a: Magical Mirai|atk|1\n|-unboost|p2b: Grimmsnarl|atk|1\n|turn|1\n|\n|t:|1773916911\n|move|p1a: Incineroar|Fake Out|p2a: Magical Mirai\n|-damage|p2a: Magical Mirai|90/100\n|move|p2b: Grimmsnarl|Light Screen|p2b: Grimmsnarl\n|-sidestart|p2: TheManOfSausage|move: Light Screen\n|move|p1b: Iron Bundle|Encore|p2b: Grimmsnarl\n|-start|p2b: Grimmsnarl|Encore\n|cant|p2a: Magical Mirai|flinch\n|\n|upkeep\n|turn|2\n|\n|t:|1773916933\n|switch|p2b: Ogurin|Calyrex-Ice, L50|100/100\n|-ability|p2b: Ogurin|As One\n|-ability|p2b: Ogurin|Unnerve\n|move|p1b: Iron Bundle|Protect|p1b: Iron Bundle\n|-singleturn|p1b: Iron Bundle|Protect\n|move|p2a: Magical Mirai|Volt Switch|p1b: Iron Bundle\n|-activate|p1b: Iron Bundle|move: Protect\n|move|p1a: Incineroar|U-turn|p2b: Ogurin\n|-supereffective|p2b: Ogurin\n|-damage|p2b: Ogurin|79/100\n|\n|t:|1773916971\n|switch|p1a: Lunala|Lunala, L50, shiny|100/100|[from] U-turn\n|-enditem|p1a: Lunala|Electric Seed\n|-boost|p1a: Lunala|def|1|[from] item: Electric Seed\n|\n|upkeep\n|turn|3\n|\n|t:|1773916980\n|-terastallize|p2b: Ogurin|Water\n|move|p1b: Iron Bundle|Taunt|p2b: Ogurin\n|-start|p2b: Ogurin|move: Taunt\n|move|p2a: Magical Mirai|Volt Switch|p1b: Iron Bundle\n|-supereffective|p1b: Iron Bundle\n|-enditem|p1b: Iron Bundle|Focus Sash\n|-damage|p1b: Iron Bundle|1/100\n|\n|t:|1773916987\n|switch|p2a: Grimmsnarl|Grimmsnarl, L50, M, shiny|100/100|[from] Volt Switch\n|move|p1a: Lunala|Moongeist Beam|p2b: Ogurin\n|-damage|p2b: Ogurin|56/100\n|move|p2b: Ogurin|Glacial Lance|p1b: Iron Bundle|[spread] p1a,p1b\n|-resisted|p1b: Iron Bundle\n|-damage|p1a: Lunala|84/100\n|-damage|p1b: Iron Bundle|0 fnt\n|faint|p1b: Iron Bundle\n|-end|p1b: Iron Bundle|Quark Drive|[silent]\n|-ability|p2b: Ogurin|Chilling Neigh|boost\n|-boost|p2b: Ogurin|atk|1\n|\n|upkeep\n|\n|t:|1773917008\n|switch|p1b: Urshifu|Urshifu-Rapid-Strike, L50, F|100/100\n|turn|4\n|\n|t:|1773917022\n|move|p1b: Urshifu|Close Combat|p2b: Ogurin\n|-damage|p2b: Ogurin|0 fnt\n|-unboost|p1b: Urshifu|def|1\n|-unboost|p1b: Urshifu|spd|1\n|faint|p2b: Ogurin\n|move|p1a: Lunala|Moongeist Beam|p2a: Grimmsnarl\n|-resisted|p2a: Grimmsnarl\n|-damage|p2a: Grimmsnarl|86/100\n|move|p2a: Grimmsnarl|Spirit Break|p1b: Urshifu\n|-supereffective|p1b: Urshifu\n|-damage|p1b: Urshifu|8/100\n|-unboost|p1b: Urshifu|spa|1\n|\n|upkeep\n|\n|t:|1773917036\n|switch|p2b: Magical Mirai|Miraidon, L50|90/100\n|-activate|p2b: Magical Mirai|ability: Hadron Engine\n|turn|5\n|\n|t:|1773917044\n|switch|p1b: Incineroar|Incineroar, L50, M|100/100\n|-ability|p1b: Incineroar|Intimidate|boost\n|-unboost|p2a: Grimmsnarl|atk|1\n|-unboost|p2b: Magical Mirai|atk|1\n|-terastallize|p1a: Lunala|Fairy\n|move|p2b: Magical Mirai|Electro Drift|p1a: Lunala\n|-damage|p1a: Lunala|0 fnt\n|faint|p1a: Lunala\n|move|p2a: Grimmsnarl|Spirit Break|p1b: Incineroar\n|-damage|p1b: Incineroar|85/100\n|-unboost|p1b: Incineroar|spa|1\n|\n|-fieldend|move: Electric Terrain\n|upkeep\n|\n|t:|1773917058\n|switch|p1a: Urshifu|Urshifu-Rapid-Strike, L50, F|8/100\n|turn|6\n|\n|t:|1773917070\n|switch|p2b: Urshifu|Urshifu-Rapid-Strike, L50, M|100/100\n|move|p1b: Incineroar|Fake Out|p2b: Urshifu\n|-damage|p2b: Urshifu|90/100\n|move|p1a: Urshifu|Surging Strikes|p2a: Grimmsnarl\n|-crit|p2a: Grimmsnarl\n|-damage|p2a: Grimmsnarl|53/100\n|-crit|p2a: Grimmsnarl\n|-damage|p2a: Grimmsnarl|18/100\n|-crit|p2a: Grimmsnarl\n|-damage|p2a: Grimmsnarl|0 fnt\n|faint|p2a: Grimmsnarl\n|-hitcount|p2: Grimmsnarl|3\n|\n|upkeep\n|\n|t:|1773917072\n|switch|p2a: Magical Mirai|Miraidon, L50|90/100\n|-fieldstart|move: Electric Terrain|[from] ability: Hadron Engine|[of] p2a: Magical Mirai\n|turn|7\n|\n|t:|1773917086\n|move|p2a: Magical Mirai|Electro Drift|p1a: Urshifu\n|-supereffective|p1a: Urshifu\n|-crit|p1a: Urshifu\n|-damage|p1a: Urshifu|0 fnt\n|faint|p1a: Urshifu\n|move|p2b: Urshifu|Surging Strikes|p1b: Incineroar\n|-supereffective|p1b: Incineroar\n|-crit|p1b: Incineroar\n|-damage|p1b: Incineroar|51/100\n|-supereffective|p1b: Incineroar\n|-crit|p1b: Incineroar\n|-damage|p1b: Incineroar|17/100\n|-supereffective|p1b: Incineroar\n|-crit|p1b: Incineroar\n|-damage|p1b: Incineroar|0 fnt\n|faint|p1b: Incineroar\n|-hitcount|p1: Incineroar|3\n|\n|win|TheManOfSausage\n|raw|DracoDragoo's rating: 1368 &rarr; <strong>1357</strong><br />(-11 for losing)\n|raw|TheManOfSausage's rating: 1535 &rarr; <strong>1546</strong><br />(+11 for winning)\n|c|\u2606TheManOfSausage|gg\n|l|\u2606DracoDragoo\n|player|p1|\n|l|\u2606TheManOfSausage\n|player|p2|\n","uploadtime":1773917316,"views":11,"formatid":"gen9vgc2026regi","rating":1357,"private":0,"password":null}