{"id":"gen9vgc2026regi-2547761416","format":"[Gen 9] VGC 2026 Reg I","players":["pails pals","drive stone"],"log":"|j|\u2606pails pals\n|j|\u2606drive stone\n|t:|1772129511\n|gametype|doubles\n|player|p1|pails pals|1|1272\n|player|p2|drive stone|cilan|1223\n|gen|9\n|tier|[Gen 9] VGC 2026 Reg I\n|rated|\n|rule|Species Clause: Limit one of each Pok\u00e9mon\n|rule|Item Clause: Limit 1 of each item\n|clearpoke\n|poke|p1|Calyrex-Ice, L50|\n|poke|p1|Necrozma-Dawn-Wings, L50|\n|poke|p1|Ursaluna-Bloodmoon, L50, M|\n|poke|p1|Skeledirge, L50, M|\n|poke|p1|Indeedee-F, L50, F|\n|poke|p1|Hatterene, L50, F|\n|poke|p2|Calyrex-Ice, L50|\n|poke|p2|Ho-Oh, L50|\n|poke|p2|Overqwil, L50, F|\n|poke|p2|Rillaboom, L50, F|\n|poke|p2|Ting-Lu, L50|\n|poke|p2|Ogerpon-Wellspring, L50, F|\n|teampreview|4\n|inactive|Battle timer is ON: inactive players will automatically lose when time's up. (requested by pails pals)\n|inactive|pails pals has 60 seconds left.\n|\n|t:|1772129558\n|teamsize|p1|4\n|teamsize|p2|4\n|start\n|switch|p1a: Indeedee|Indeedee-F, L50, F, shiny|100/100\n|switch|p1b: Necrozma|Necrozma-Dawn-Wings, L50|100/100\n|switch|p2a: Calyrex|Calyrex-Ice, L50|100/100\n|switch|p2b: Overqwil|Overqwil, L50, F|100/100\n|-ability|p2a: Calyrex|As One\n|-ability|p2a: Calyrex|Unnerve\n|-ability|p2b: Overqwil|Intimidate|boost\n|-unboost|p1a: Indeedee|atk|1\n|-unboost|p1b: Necrozma|atk|1\n|-fieldstart|move: Psychic Terrain|[from] ability: Psychic Surge|[of] p1a: Indeedee\n|-enditem|p1a: Indeedee|Psychic Seed\n|-boost|p1a: Indeedee|spd|1|[from] item: Psychic Seed\n|turn|1\n|inactive|drive stone has 30 seconds left.\n|\n|t:|1772129584\n|move|p1a: Indeedee|Follow Me|p1a: Indeedee\n|-singleturn|p1a: Indeedee|move: Follow Me\n|move|p2b: Overqwil|Toxic Spikes|p1b: Necrozma\n|-sidestart|p1: pails pals|move: Toxic Spikes\n|move|p2a: Calyrex|Leech Seed|p1a: Indeedee\n|-start|p1a: Indeedee|move: Leech Seed\n|move|p1b: Necrozma|Trick Room|p1b: Necrozma\n|-fieldstart|move: Trick Room|[of] p1b: Necrozma\n|\n|-damage|p1a: Indeedee|88/100|[from] Leech Seed|[of] p2a: Calyrex\n|upkeep\n|turn|2\n|\n|t:|1772129600\n|-terastallize|p2a: Calyrex|Water\n|move|p1a: Indeedee|Follow Me|p1a: Indeedee\n|-singleturn|p1a: Indeedee|move: Follow Me\n|move|p2a: Calyrex|Glacial Lance|p1b: Necrozma|[spread] p1a,p1b\n|-damage|p1a: Indeedee|40/100\n|-damage|p1b: Necrozma|61/100\n|move|p1b: Necrozma|Meteor Beam||[still]\n|-prepare|p1b: Necrozma|Meteor Beam\n|-boost|p1b: Necrozma|spa|1\n|-enditem|p1b: Necrozma|Power Herb\n|-anim|p1b: Necrozma|Meteor Beam|p2a: Calyrex\n|-damage|p2a: Calyrex|48/100\n|move|p2b: Overqwil|Barb Barrage|p1a: Indeedee\n|-damage|p1a: Indeedee|19/100\n|-status|p1a: Indeedee|psn\n|\n|-heal|p2a: Calyrex|54/100|[from] item: Leftovers\n|-damage|p1a: Indeedee|7/100 psn|[from] Leech Seed|[of] p2a: Calyrex\n|-heal|p2a: Calyrex|65/100|[silent]\n|-damage|p1a: Indeedee|0 fnt|[from] psn\n|faint|p1a: Indeedee\n|upkeep\n|\n|t:|1772129622\n|switch|p1a: Calyrex|Calyrex-Ice, L50|100/100\n|-ability|p1a: Calyrex|As One\n|-ability|p1a: Calyrex|Unnerve\n|-status|p1a: Calyrex|psn\n|turn|3\n|\n|t:|1772129636\n|move|p2a: Calyrex|Protect|p2a: Calyrex\n|-singleturn|p2a: Calyrex|Protect\n|move|p2b: Overqwil|Protect|p2b: Overqwil\n|-singleturn|p2b: Overqwil|Protect\n|move|p1a: Calyrex|Seed Bomb|p2a: Calyrex\n|-activate|p2a: Calyrex|move: Protect\n|move|p1b: Necrozma|Expanding Force|p2a: Calyrex|[spread] \n|-activate|p2a: Calyrex|move: Protect\n|-activate|p2b: Overqwil|move: Protect\n|\n|-heal|p2a: Calyrex|71/100|[from] item: Leftovers\n|-damage|p1a: Calyrex|88/100 psn|[from] psn\n|upkeep\n|turn|4\n|\n|t:|1772129653\n|switch|p2a: Ho-Oh|Ho-Oh, L50|100/100\n|move|p1a: Calyrex|Seed Bomb|p2a: Ho-Oh\n|-resisted|p2a: Ho-Oh\n|-damage|p2a: Ho-Oh|94/100\n|move|p1b: Necrozma|Expanding Force|p2b: Overqwil|[spread] p2a\n|-immune|p2b: Overqwil\n|-damage|p2a: Ho-Oh|25/100\n|move|p2b: Overqwil|Throat Chop|p1b: Necrozma\n|-supereffective|p1b: Necrozma\n|-damage|p1b: Necrozma|0 fnt\n|faint|p1b: Necrozma\n|\n|-damage|p1a: Calyrex|75/100 psn|[from] psn\n|upkeep\n|\n|t:|1772129668\n|switch|p1b: Skeledirge|Skeledirge, L50, M, shiny|100/100\n|-status|p1b: Skeledirge|psn\n|turn|5\n|\n|t:|1772129682\n|-terastallize|p1b: Skeledirge|Grass\n|move|p2a: Ho-Oh|Protect|p2a: Ho-Oh\n|-singleturn|p2a: Ho-Oh|Protect\n|move|p1a: Calyrex|Glacial Lance|p2b: Overqwil|[spread] p2b\n|-activate|p2a: Ho-Oh|move: Protect\n|-damage|p2b: Overqwil|41/100\n|move|p1b: Skeledirge|Torch Song|p2b: Overqwil\n|-damage|p2b: Overqwil|0 fnt\n|-boost|p1b: Skeledirge|spa|1\n|faint|p2b: Overqwil\n|-damage|p1b: Skeledirge|91/100 psn|[from] item: Life Orb\n|\n|-damage|p1a: Calyrex|63/100 psn|[from] psn\n|-damage|p1b: Skeledirge|79/100 psn|[from] psn\n|-fieldend|move: Trick Room\n|-fieldend|move: Psychic Terrain\n|upkeep\n|\n|t:|1772129706\n|switch|p2b: Calyrex|Calyrex-Ice, L50, tera:Water|71/100\n|-ability|p2b: Calyrex|As One\n|-ability|p2b: Calyrex|Unnerve\n|turn|6\n|\n|t:|1772129723\n|move|p1b: Skeledirge|Protect|p1b: Skeledirge\n|-singleturn|p1b: Skeledirge|Protect\n|move|p2a: Ho-Oh|Sacred Fire|p1b: Skeledirge\n|-activate|p1b: Skeledirge|move: Protect\n|move|p2b: Calyrex|Leech Seed|p1a: Calyrex\n|-start|p1a: Calyrex|move: Leech Seed\n|move|p1a: Calyrex|Glacial Lance|p2b: Calyrex|[spread] p2a,p2b\n|-resisted|p2b: Calyrex\n|-damage|p2a: Ho-Oh|0 fnt\n|-damage|p2b: Calyrex|56/100\n|faint|p2a: Ho-Oh\n|-ability|p1a: Calyrex|Chilling Neigh|boost\n|-boost|p1a: Calyrex|atk|1\n|\n|-heal|p2b: Calyrex|62/100|[from] item: Leftovers\n|-damage|p1a: Calyrex|50/100 psn|[from] Leech Seed|[of] p2b: Calyrex\n|-heal|p2b: Calyrex|74/100|[silent]\n|-damage|p1b: Skeledirge|66/100 psn|[from] psn\n|-damage|p1a: Calyrex|38/100 psn|[from] psn\n|upkeep\n|\n|t:|1772129742\n|switch|p2a: Ting-Lu|Ting-Lu, L50|100/100\n|-ability|p2a: Ting-Lu|Vessel of Ruin\n|turn|7\n|\n|t:|1772129753\n|move|p2b: Calyrex|Protect|p2b: Calyrex\n|-singleturn|p2b: Calyrex|Protect\n|move|p2a: Ting-Lu|Throat Chop|p1a: Calyrex\n|-supereffective|p1a: Calyrex\n|-damage|p1a: Calyrex|0 fnt\n|faint|p1a: Calyrex\n|move|p1b: Skeledirge|Tera Blast|p2b: Calyrex|[anim] Tera Blast Grass\n|-activate|p2b: Calyrex|move: Protect\n|\n|-heal|p2b: Calyrex|80/100|[from] item: Leftovers\n|-damage|p1b: Skeledirge|54/100 psn|[from] psn\n|upkeep\n|turn|8\n|\n|t:|1772129767\n|move|p2b: Calyrex|Glacial Lance|p1b: Skeledirge\n|-supereffective|p1b: Skeledirge\n|-crit|p1b: Skeledirge\n|-damage|p1b: Skeledirge|0 fnt\n|faint|p1b: Skeledirge\n|\n|win|drive stone\n|raw|pails pals's rating: 1272 &rarr; <strong>1243</strong><br />(-29 for losing)\n|raw|drive stone's rating: 1223 &rarr; <strong>1252</strong><br />(+29 for winning)\n|l|\u2606pails pals\n|player|p1|\n|l|\u2606drive stone\n|player|p2|\n","uploadtime":1772129986,"views":17,"formatid":"gen9vgc2026regi","rating":1243,"private":0,"password":null}