{"id":"gen9vgc2026regi-2559357435","format":"[Gen 9] VGC 2026 Reg I","players":["ronnoc02","sheeshshane925"],"log":"|j|\u2606ronnoc02\n|j|\u2606sheeshshane925\n|t:|1773551478\n|gametype|doubles\n|player|p1|ronnoc02|102|1425\n|player|p2|sheeshshane925|chuck|1344\n|gen|9\n|tier|[Gen 9] VGC 2026 Reg I\n|rated|\n|rule|Species Clause: Limit one of each Pok\u00e9mon\n|rule|Item Clause: Limit 1 of each item\n|clearpoke\n|poke|p1|Rayquaza, L50|\n|poke|p1|Lunala, L50|\n|poke|p1|Weezing-Galar, L50, M|\n|poke|p1|Chi-Yu, L50|\n|poke|p1|Ogerpon-Hearthflame, L50, F|\n|poke|p1|Urshifu-*, L50, M|\n|poke|p2|Calyrex-Ice, L50|\n|poke|p2|Miraidon, L50|\n|poke|p2|Farigiraf, L50, F|\n|poke|p2|Iron Hands, L50|\n|poke|p2|Scraggy, L50, M|\n|poke|p2|Iron Bundle, L50|\n|teampreview|4\n|inactive|Battle timer is ON: inactive players will automatically lose when time's up. (requested by ronnoc02)\n|inactive|sheeshshane925 has 60 seconds left.\n|inactive|sheeshshane925 has 30 seconds left.\n|inactive|sheeshshane925 has 20 seconds left.\n|inactive|sheeshshane925 has 15 seconds left.\n|inactive|sheeshshane925 has 10 seconds left.\n|inactive|sheeshshane925 has 5 seconds left.\n|\n|t:|1773551567\n|teamsize|p1|4\n|teamsize|p2|4\n|start\n|switch|p1a: Rayquaza|Rayquaza, L50, shiny|100/100\n|switch|p1b: Ogerpon|Ogerpon-Hearthflame, L50, F|100/100\n|switch|p2a: Calyrex|Calyrex-Ice, L50|100/100\n|switch|p2b: Iron Hands|Iron Hands, L50|100/100\n|-ability|p2a: Calyrex|As One\n|-ability|p2a: Calyrex|Unnerve\n|-ability|p1b: Ogerpon|Mold Breaker\n|-ability|p1a: Rayquaza|Air Lock\n|turn|1\n|\n|t:|1773551590\n|-terastallize|p1a: Rayquaza|Normal\n|-terastallize|p2a: Calyrex|Fire\n|move|p2b: Iron Hands|Fake Out|p1a: Rayquaza\n|-damage|p1a: Rayquaza|86/100\n|move|p1b: Ogerpon|Ivy Cudgel|p2a: Calyrex|[anim] Ivy Cudgel Fire\n|-resisted|p2a: Calyrex\n|-crit|p2a: Calyrex\n|-damage|p2a: Calyrex|75/100\n|cant|p1a: Rayquaza|flinch\n|move|p2a: Calyrex|Trick Room|p2a: Calyrex\n|-fieldstart|move: Trick Room|[of] p2a: Calyrex\n|\n|upkeep\n|turn|2\n|\n|t:|1773551602\n|switch|p2a: Miraidon|Miraidon, L50, shiny|100/100\n|-fieldstart|move: Electric Terrain|[from] ability: Hadron Engine|[of] p2a: Miraidon\n|-activate|p2b: Iron Hands|ability: Quark Drive\n|-start|p2b: Iron Hands|quarkdriveatk\n|move|p1b: Ogerpon|Follow Me|p1b: Ogerpon\n|-singleturn|p1b: Ogerpon|move: Follow Me\n|move|p2b: Iron Hands|Low Kick|p1b: Ogerpon\n|-damage|p1b: Ogerpon|50/100\n|move|p1a: Rayquaza|Swords Dance|p1a: Rayquaza\n|-boost|p1a: Rayquaza|atk|2\n|\n|upkeep\n|turn|3\n|\n|t:|1773551623\n|move|p1a: Rayquaza|Protect|p1a: Rayquaza\n|-singleturn|p1a: Rayquaza|Protect\n|move|p1b: Ogerpon|Spiky Shield|p1b: Ogerpon\n|-singleturn|p1b: Ogerpon|move: Protect\n|move|p2b: Iron Hands|Low Kick|p1a: Rayquaza\n|-activate|p1a: Rayquaza|move: Protect\n|move|p2a: Miraidon|Electro Drift|p1a: Rayquaza\n|-activate|p1a: Rayquaza|move: Protect\n|\n|upkeep\n|turn|4\n|\n|t:|1773551632\n|move|p1a: Rayquaza|Extreme Speed|p2a: Miraidon\n|-damage|p2a: Miraidon|0 fnt\n|faint|p2a: Miraidon\n|-damage|p1a: Rayquaza|76/100|[from] item: Life Orb\n|move|p1b: Ogerpon|Follow Me|p1b: Ogerpon\n|-singleturn|p1b: Ogerpon|move: Follow Me\n|move|p2b: Iron Hands|Low Kick|p1b: Ogerpon\n|-damage|p1b: Ogerpon|0 fnt\n|faint|p1b: Ogerpon\n|\n|upkeep\n|\n|t:|1773551640\n|switch|p1b: Weezing|Weezing-Galar, L50, M, shiny|100/100\n|switch|p2a: Scraggy|Scraggy, L50, M|100/100\n|-ability|p1b: Weezing|Neutralizing Gas\n|turn|5\n|\n|t:|1773551659\n|move|p1a: Rayquaza|Extreme Speed|p2b: Iron Hands\n|-damage|p2b: Iron Hands|15/100\n|-damage|p1a: Rayquaza|67/100|[from] item: Life Orb\n|move|p2a: Scraggy|Foul Play|p1a: Rayquaza\n|-damage|p1a: Rayquaza|0 fnt\n|faint|p1a: Rayquaza\n|move|p2b: Iron Hands|Wild Charge|p1b: Weezing\n|-crit|p1b: Weezing\n|-damage|p1b: Weezing|7/100\n|-damage|p2b: Iron Hands|0 fnt|[from] Recoil\n|faint|p2b: Iron Hands\n|-end|p2b: Iron Hands|Quark Drive|[silent]\n|move|p1b: Weezing|Sludge Bomb|p2a: Scraggy\n|-damage|p2a: Scraggy|78/100\n|\n|-heal|p1b: Weezing|13/100|[from] item: Leftovers\n|-fieldend|move: Trick Room\n|upkeep\n|\n|t:|1773551669\n|switch|p1a: Lunala|Lunala, L50|100/100\n|switch|p2b: Calyrex|Calyrex-Ice, L50, tera:Fire|75/100\n|-ability|p2b: Calyrex|As One\n|-ability|p2b: Calyrex|Unnerve\n|turn|6\n|\n|t:|1773551682\n|move|p1a: Lunala|Meteor Beam||[still]\n|-prepare|p1a: Lunala|Meteor Beam\n|-boost|p1a: Lunala|spa|1\n|-enditem|p1a: Lunala|Power Herb\n|-anim|p1a: Lunala|Meteor Beam|p2b: Calyrex\n|-supereffective|p2b: Calyrex\n|-damage|p2b: Calyrex|0 fnt\n|faint|p2b: Calyrex\n|move|p1b: Weezing|Will-O-Wisp|p2a: Scraggy\n|-status|p2a: Scraggy|brn\n|move|p2a: Scraggy|Foul Play|p1a: Lunala\n|-supereffective|p1a: Lunala\n|-crit|p1a: Lunala\n|-damage|p1a: Lunala|24/100\n|\n|-heal|p1b: Weezing|19/100|[from] item: Leftovers\n|-damage|p2a: Scraggy|73/100 brn|[from] brn\n|-fieldend|move: Electric Terrain\n|upkeep\n|turn|7\n|-message|sheeshshane925 forfeited.\n|\n|win|ronnoc02\n|raw|ronnoc02's rating: 1425 &rarr; <strong>1440</strong><br />(+15 for winning)\n|raw|sheeshshane925's rating: 1344 &rarr; <strong>1329</strong><br />(-15 for losing)\n|l|\u2606sheeshshane925\n|player|p2|\n|l|\u2606ronnoc02\n|player|p1|\n","uploadtime":1773551860,"views":12,"formatid":"gen9vgc2026regi","rating":1329,"private":0,"password":null}