{"id":"gen9vgc2026regi-2578032213","format":"[Gen 9] VGC 2026 Reg I","players":["Dr.Aero","SycrasisEU"],"log":"|j|\u2606Dr.Aero\n|j|\u2606SycrasisEU\n|t:|1775638404\n|gametype|doubles\n|player|p1|Dr.Aero|camper|1133\n|player|p2|SycrasisEU|byron|1199\n|gen|9\n|tier|[Gen 9] VGC 2026 Reg I\n|rated|\n|rule|Species Clause: Limit one of each Pok\u00e9mon\n|rule|Item Clause: Limit 1 of each item\n|clearpoke\n|poke|p1|Gothitelle, L50, M|\n|poke|p1|Miraidon, L50|\n|poke|p1|Incineroar, L50, M|\n|poke|p1|Calyrex-Ice, L50|\n|poke|p1|Kingambit, L50, M|\n|poke|p1|Clefairy, L50, F|\n|poke|p2|Kyogre, L50|\n|poke|p2|Tornadus, L50, M|\n|poke|p2|Clefairy, L50, M|\n|poke|p2|Urshifu-*, L50, M|\n|poke|p2|Zacian-*, L50|\n|poke|p2|Landorus, L50, M|\n|teampreview|4\n|inactive|Battle timer is ON: inactive players will automatically lose when time's up. (requested by Dr.Aero)\nSycrasisEU has agreed to open team sheets.\n|inactive|SycrasisEU has 60 seconds left.\n|\n|t:|1775638446\n|teamsize|p1|4\n|teamsize|p2|4\n|start\n|switch|p1a: Gothitelle|Gothitelle, L50, M|100/100\n|switch|p1b: Incineroar|Incineroar, L50, M|100/100\n|switch|p2a: Kyogre|Kyogre, L50|100/100\n|switch|p2b: Zacian|Zacian-Crowned, L50|100/100\n|-weather|RainDance|[from] ability: Drizzle|[of] p2a: Kyogre\n|-ability|p2b: Zacian|Intrepid Sword|boost\n|-boost|p2b: Zacian|atk|1\n|-ability|p1b: Incineroar|Intimidate|boost\n|-unboost|p2a: Kyogre|atk|1\n|-unboost|p2b: Zacian|atk|1\n|turn|1\n|\n|t:|1775638462\n|move|p1b: Incineroar|Fake Out|p2a: Kyogre\n|-damage|p2a: Kyogre|86/100\n|cant|p2a: Kyogre|flinch\n|move|p2b: Zacian|Swords Dance|p2b: Zacian\n|-boost|p2b: Zacian|atk|2\n|move|p1a: Gothitelle|Trick Room|p1a: Gothitelle\n|-fieldstart|move: Trick Room|[of] p1a: Gothitelle\n|\n|-weather|RainDance|[upkeep]\n|upkeep\n|turn|2\n|\n|t:|1775638476\n|-terastallize|p2b: Zacian|Fire\n|move|p1a: Gothitelle|Psychic|p2a: Kyogre\n|-damage|p2a: Kyogre|61/100\n|move|p1b: Incineroar|Knock Off|p2a: Kyogre\n|-damage|p2a: Kyogre|11/100\n|-enditem|p2a: Kyogre|Choice Scarf|[from] move: Knock Off|[of] p1b: Incineroar\n|move|p2a: Kyogre|Origin Pulse|p1a: Gothitelle|[spread] p1a\n|-miss|p2a: Kyogre|p1b: Incineroar\n|-damage|p1a: Gothitelle|41/100\n|-enditem|p1a: Gothitelle|Sitrus Berry|[eat]\n|-heal|p1a: Gothitelle|65/100|[from] item: Sitrus Berry\n|move|p2b: Zacian|Behemoth Blade|p1a: Gothitelle\n|-damage|p1a: Gothitelle|0 fnt\n|faint|p1a: Gothitelle\n|\n|-weather|RainDance|[upkeep]\n|upkeep\n|\n|t:|1775638491\n|switch|p1a: Calyrex|Calyrex-Ice, L50|100/100\n|-ability|p1a: Calyrex|As One\n|-ability|p1a: Calyrex|Unnerve\n|turn|3\n|\n|t:|1775638509\n|-terastallize|p1a: Calyrex|Water\n|move|p2b: Zacian|Protect|p2b: Zacian\n|-singleturn|p2b: Zacian|Protect\n|move|p1a: Calyrex|High Horsepower|p2b: Zacian\n|-activate|p2b: Zacian|move: Protect\n|move|p1b: Incineroar|Knock Off|p2a: Kyogre\n|-damage|p2a: Kyogre|0 fnt\n|faint|p2a: Kyogre\n|\n|-weather|RainDance|[upkeep]\n|upkeep\n|\n|t:|1775638519\n|switch|p2a: Clefairy|Clefairy, L50, M|100/100\n|turn|4\n|\n|t:|1775638526\n|move|p2a: Clefairy|After You|p2b: Zacian\n|-activate|p2b: Zacian|move: After You\n|move|p2b: Zacian|Play Rough|p1a: Calyrex\n|-damage|p1a: Calyrex|39/100\n|move|p1a: Calyrex|High Horsepower|p2b: Zacian\n|-supereffective|p2b: Zacian\n|-crit|p2b: Zacian\n|-damage|p2b: Zacian|7/100\n|move|p1b: Incineroar|U-turn|p2a: Clefairy\n|-resisted|p2a: Clefairy\n|-damage|p2a: Clefairy|88/100\n|\n|t:|1775638531\n|switch|p1b: Clefairy|Clefairy, L50, F|100/100|[from] U-turn\n|\n|-weather|RainDance|[upkeep]\n|upkeep\n|turn|5\n|\n|t:|1775638552\n|move|p1b: Clefairy|Follow Me|p1b: Clefairy\n|-singleturn|p1b: Clefairy|move: Follow Me\n|move|p2a: Clefairy|After You||[still]\n|-fail|p2a: Clefairy\n|move|p1a: Calyrex|Glacial Lance|p2a: Clefairy|[spread] p2a,p2b\n|-resisted|p2b: Zacian\n|-damage|p2a: Clefairy|13/100\n|-damage|p2b: Zacian|0 fnt\n|faint|p2b: Zacian\n|-ability|p1a: Calyrex|Chilling Neigh|boost\n|-boost|p1a: Calyrex|atk|1\n|\n|-weather|none\n|-fieldend|move: Trick Room\n|upkeep\n|-message|SycrasisEU forfeited.\n|\n|win|Dr.Aero\n|raw|Dr.Aero's rating: 1133 &rarr; <strong>1163</strong><br />(+30 for winning)\n|raw|SycrasisEU's rating: 1199 &rarr; <strong>1169</strong><br />(-30 for losing)\n|l|\u2606SycrasisEU\n|player|p2|\n|l|\u2606Dr.Aero\n|player|p1|\n","uploadtime":1775638566,"views":7,"formatid":"gen9vgc2026regi","rating":1163,"private":0,"password":null}