{"id":"gen9vgc2026regi-2562517862","format":"[Gen 9] VGC 2026 Reg I","players":["Luxerna","rhaizz"],"log":"|j|\u2606Luxerna\n|j|\u2606rhaizz\n|t:|1773926377\n|gametype|doubles\n|player|p1|Luxerna|dawn-gen4pt|1175\n|player|p2|rhaizz|nate|1204\n|gen|9\n|tier|[Gen 9] VGC 2026 Reg I\n|rated|\n|rule|Species Clause: Limit one of each Pok\u00e9mon\n|rule|Item Clause: Limit 1 of each item\n|clearpoke\n|poke|p1|Zacian-*, L50|\n|poke|p1|Calyrex-Shadow, L50|\n|poke|p1|Thundurus, L50, M|\n|poke|p1|Chien-Pao, L50|\n|poke|p1|Ogerpon-Hearthflame, L50, F|\n|poke|p1|Urshifu-*, L50, M|\n|poke|p2|Koraidon, L50|\n|poke|p2|Miraidon, L50|\n|poke|p2|Incineroar, L50, M|\n|poke|p2|Arboliva, L50, M|\n|poke|p2|Iron Hands, L50|\n|poke|p2|Flutter Mane, L50|\n|teampreview|4\n|inactive|Battle timer is ON: inactive players will automatically lose when time's up. (requested by rhaizz)\nrhaizz has agreed to open team sheets.\n|inactive|rhaizz has 60 seconds left.\n|\n|t:|1773926437\n|teamsize|p1|4\n|teamsize|p2|4\n|start\n|switch|p1a: Thundurus|Thundurus, L50, M|100/100\n|switch|p1b: Urshifu|Urshifu-Rapid-Strike, L50, M|100/100\n|switch|p2a: Setter|Flutter Mane, L50, shiny|100/100\n|switch|p2b: Helping|Koraidon, L50, shiny|100/100\n|-weather|SunnyDay|[from] ability: Orichalcum Pulse|[of] p2b: Helping\n|-activate|p2a: Setter|ability: Protosynthesis\n|-start|p2a: Setter|protosynthesisspa\n|-activate|p2b: Helping|Orichalcum Pulse|[source]\n|turn|1\n|inactive|rhaizz has 30 seconds left.\n|\n|t:|1773926463\n|move|p2b: Helping|Helping Hand|p2a: Setter\n|-singleturn|p2a: Setter|Helping Hand|[of] p2b: Helping\n|move|p1a: Thundurus|Rain Dance|p1a: Thundurus\n|-weather|RainDance\n|-end|p2a: Setter|Protosynthesis\n|move|p1b: Urshifu|Surging Strikes|p2a: Setter\n|-crit|p2a: Setter\n|-damage|p2a: Setter|42/100\n|-crit|p2a: Setter\n|-damage|p2a: Setter|0 fnt\n|faint|p2a: Setter\n|-end|p2a: Setter|Protosynthesis|[silent]\n|-hitcount|p2: Setter|2\n|\n|-weather|RainDance|[upkeep]\n|upkeep\n|\n|t:|1773926481\n|switch|p2a: Olive|Arboliva, L50, M, shiny|100/100\n|turn|2\n|\n|t:|1773926500\n|-terastallize|p2a: Olive|Fairy\n|move|p1a: Thundurus|Thunder Wave|p2a: Olive\n|-status|p2a: Olive|par\n|move|p1b: Urshifu|Surging Strikes|p2b: Helping\n|-resisted|p2b: Helping\n|-crit|p2b: Helping\n|-damage|p2b: Helping|86/100\n|-resisted|p2b: Helping\n|-crit|p2b: Helping\n|-damage|p2b: Helping|71/100\n|-resisted|p2b: Helping\n|-crit|p2b: Helping\n|-damage|p2b: Helping|55/100\n|-hitcount|p2b: Helping|3\n|move|p2b: Helping|Collision Course|p1b: Urshifu\n|-damage|p1b: Urshifu|31/100\n|-damage|p2b: Helping|46/100|[from] item: Life Orb\n|move|p2a: Olive|Dazzling Gleam|p1b: Urshifu|[spread] p1a,p1b\n|-supereffective|p1b: Urshifu\n|-damage|p1a: Thundurus|58/100\n|-damage|p1b: Urshifu|0 fnt\n|faint|p1b: Urshifu\n|\n|-weather|RainDance|[upkeep]\n|upkeep\n|\n|t:|1773926519\n|switch|p1b: Zacian|Zacian-Crowned, L50|100/100\n|-ability|p1b: Zacian|Intrepid Sword|boost\n|-boost|p1b: Zacian|atk|1\n|turn|3\n|\n|t:|1773926528\n|switch|p2b: Cat|Incineroar, L50, M, shiny|100/100\n|-ability|p2b: Cat|Intimidate|boost\n|-unboost|p1a: Thundurus|atk|1\n|-unboost|p1b: Zacian|atk|1\n|-terastallize|p1b: Zacian|Fighting\n|move|p2a: Olive|Protect|p2a: Olive\n|-singleturn|p2a: Olive|Protect\n|move|p1a: Thundurus|Thunder Wave|p2b: Cat\n|-hint|Since gen 7, Dark is immune to Prankster moves.\n|-immune|p2b: Cat\n|move|p1b: Zacian|Behemoth Blade|p2a: Olive\n|-activate|p2a: Olive|move: Protect\n|\n|-weather|RainDance|[upkeep]\n|upkeep\n|turn|4\n|inactive|rhaizz has 30 seconds left.\n|\n|t:|1773926554\n|move|p1b: Zacian|Protect|p1b: Zacian\n|-singleturn|p1b: Zacian|Protect\n|move|p2b: Cat|Fake Out|p1b: Zacian\n|-activate|p1b: Zacian|move: Protect\n|move|p1a: Thundurus|Wildbolt Storm|p2b: Cat|[spread] p2a,p2b\n|-damage|p2a: Olive|67/100 par\n|-damage|p2b: Cat|63/100\n|move|p2a: Olive|Dazzling Gleam|p1b: Zacian|[spread] p1a\n|-activate|p1b: Zacian|move: Protect\n|-damage|p1a: Thundurus|15/100\n|\n|-weather|RainDance|[upkeep]\n|upkeep\n|turn|5\n|inactive|rhaizz has 30 seconds left.\n|\n|t:|1773926580\n|move|p2a: Olive|Protect|p2a: Olive\n|-singleturn|p2a: Olive|Protect\n|move|p1b: Zacian|Sacred Sword|p2b: Cat\n|-supereffective|p2b: Cat\n|-damage|p2b: Cat|0 fnt\n|-damage|p1b: Zacian|84/100|[from] item: Rocky Helmet|[of] p2b: Cat\n|faint|p2b: Cat\n|move|p1a: Thundurus|Wildbolt Storm|p2a: Olive\n|-activate|p2a: Olive|move: Protect\n|\n|-weather|none\n|upkeep\n|\n|t:|1773926593\n|switch|p2b: Helping|Koraidon, L50, shiny|46/100\n|-weather|SunnyDay|[from] ability: Orichalcum Pulse|[of] p2b: Helping\n|-activate|p2b: Helping|Orichalcum Pulse|[source]\n|turn|6\n|\n|t:|1773926604\n|move|p1a: Thundurus|Rain Dance|p1a: Thundurus\n|-weather|RainDance\n|move|p1b: Zacian|Behemoth Blade|p2a: Olive\n|-supereffective|p2a: Olive\n|-damage|p2a: Olive|0 fnt\n|faint|p2a: Olive\n|move|p2b: Helping|Collision Course|p1b: Zacian\n|-crit|p1b: Zacian\n|-damage|p1b: Zacian|0 fnt\n|faint|p1b: Zacian\n|-damage|p2b: Helping|36/100|[from] item: Life Orb\n|\n|-weather|RainDance|[upkeep]\n|upkeep\n|\n|t:|1773926609\n|switch|p1b: Chien-Pao|Chien-Pao, L50|100/100\n|-ability|p1b: Chien-Pao|Sword of Ruin\n|turn|7\n|\n|t:|1773926622\n|move|p1a: Thundurus|Thunder Wave|p2b: Helping\n|-status|p2b: Helping|par\n|move|p1b: Chien-Pao|Ice Spinner|p2b: Helping\n|-supereffective|p2b: Helping\n|-damage|p2b: Helping|0 fnt\n|faint|p2b: Helping\n|\n|win|Luxerna\n|raw|Luxerna's rating: 1175 &rarr; <strong>1202</strong><br />(+27 for winning)\n|raw|rhaizz's rating: 1204 &rarr; <strong>1177</strong><br />(-27 for losing)\n|l|\u2606Luxerna\n|player|p1|\n|l|\u2606rhaizz\n|player|p2|\n","uploadtime":1773926819,"views":10,"formatid":"gen9vgc2026regi","rating":1177,"private":0,"password":null}