{"id":"gen9vgc2026regi-2521147518","format":"[Gen 9] VGC 2026 Reg I","players":["Tepig_nNz_498","j0l0k0"],"log":"|j|\u2606Tepig_nNz_498\n|j|\u2606j0l0k0\n|t:|1768737879\n|gametype|doubles\n|player|p1|Tepig_nNz_498|170|1410\n|player|p2|j0l0k0|brycen|1447\n|gen|9\n|tier|[Gen 9] VGC 2026 Reg I\n|rated|\n|rule|Species Clause: Limit one of each Pok\u00e9mon\n|rule|Item Clause: Limit 1 of each item\n|clearpoke\n|poke|p1|Ludicolo, L50, M|\n|poke|p1|Kyogre, L50|\n|poke|p1|Amoonguss, L50, M|\n|poke|p1|Tornadus, L50, M|\n|poke|p1|Zacian-*, L50|\n|poke|p1|Urshifu-*, L50, M|\n|poke|p2|Calyrex-Ice, L50|\n|poke|p2|Kyogre, L50|\n|poke|p2|Indeedee-F, L50, F|\n|poke|p2|Urshifu-*, L50, F|\n|poke|p2|Amoonguss, L50, F|\n|poke|p2|Landorus, L50, M|\n|teampreview|4\n|inactive|Battle timer is ON: inactive players will automatically lose when time's up. (requested by j0l0k0)\n|inactive|Tepig_nNz_498 has 60 seconds left.\n|inactive|Tepig_nNz_498 has 30 seconds left.\n|inactive|Tepig_nNz_498 has 20 seconds left.\n|inactive|Tepig_nNz_498 has 15 seconds left.\n|\n|t:|1768737955\n|teamsize|p1|4\n|teamsize|p2|4\n|start\n|switch|p1a: Urshifu|Urshifu-Rapid-Strike, L50, M|100/100\n|switch|p1b: Kyogre|Kyogre, L50|100/100\n|switch|p2a: Kyogre|Kyogre, L50, shiny|100/100\n|switch|p2b: Urshifu|Urshifu, L50, F|100/100\n|-weather|RainDance|[from] ability: Drizzle|[of] p1b: Kyogre\n|turn|1\n|inactive|j0l0k0 has 30 seconds left.\n|inactive|j0l0k0 has 20 seconds left.\n|\n|t:|1768737992\n|move|p1a: Urshifu|Close Combat|p2b: Urshifu\n|-supereffective|p2b: Urshifu\n|-enditem|p2b: Urshifu|Focus Sash\n|-damage|p2b: Urshifu|1/100\n|-unboost|p1a: Urshifu|def|1\n|-unboost|p1a: Urshifu|spd|1\n|move|p1b: Kyogre|Origin Pulse|p2a: Kyogre|[spread] p2a,p2b\n|-resisted|p2a: Kyogre\n|-damage|p2a: Kyogre|80/100\n|-damage|p2b: Urshifu|0 fnt\n|faint|p2b: Urshifu\n|-damage|p1b: Kyogre|91/100|[from] item: Life Orb\n|move|p2a: Kyogre|Thunder|p1b: Kyogre\n|-supereffective|p1b: Kyogre\n|-damage|p1b: Kyogre|17/100\n|\n|-weather|RainDance|[upkeep]\n|upkeep\n|\n|t:|1768738008\n|switch|p2b: Calyrex|Calyrex-Ice, L50|100/100\n|-ability|p2b: Calyrex|As One\n|-ability|p2b: Calyrex|Unnerve\n|turn|2\n|\n|t:|1768738022\n|move|p1a: Urshifu|Close Combat|p2a: Kyogre\n|-damage|p2a: Kyogre|17/100\n|-unboost|p1a: Urshifu|def|1\n|-unboost|p1a: Urshifu|spd|1\n|move|p1b: Kyogre|Origin Pulse|p2b: Calyrex|[spread] p2a,p2b\n|-resisted|p2a: Kyogre\n|-crit|p2b: Calyrex\n|-damage|p2a: Kyogre|0 fnt\n|-damage|p2b: Calyrex|13/100\n|faint|p2a: Kyogre\n|-damage|p1b: Kyogre|7/100|[from] item: Life Orb\n|move|p2b: Calyrex|Trick Room|p2b: Calyrex\n|-fieldstart|move: Trick Room|[of] p2b: Calyrex\n|\n|-weather|RainDance|[upkeep]\n|upkeep\n|\n|t:|1768738034\n|switch|p2a: Landorus|Landorus, L50, M, shiny|100/100\n|turn|3\n|\n|t:|1768738060\n|move|p1b: Kyogre|Protect|p1b: Kyogre\n|-singleturn|p1b: Kyogre|Protect\n|move|p2b: Calyrex|Glacial Lance|p1b: Kyogre|[spread] p1a\n|-activate|p1b: Kyogre|move: Protect\n|-resisted|p1a: Urshifu\n|-damage|p1a: Urshifu|34/100\n|move|p2a: Landorus|Sandsear Storm|p1a: Urshifu|[spread] p1a\n|-activate|p1b: Kyogre|move: Protect\n|-damage|p1a: Urshifu|0 fnt\n|faint|p1a: Urshifu\n|\n|-weather|RainDance|[upkeep]\n|upkeep\n|\n|t:|1768738062\n|switch|p1a: Amoonguss|Amoonguss, L50, M|100/100\n|turn|4\n|\n|t:|1768738079\n|move|p1a: Amoonguss|Pollen Puff|p2b: Calyrex\n|-supereffective|p2b: Calyrex\n|-damage|p2b: Calyrex|0 fnt\n|faint|p2b: Calyrex\n|move|p2a: Landorus|Sludge Bomb|p1b: Kyogre\n|-damage|p1b: Kyogre|0 fnt\n|faint|p1b: Kyogre\n|\n|-weather|RainDance|[upkeep]\n|upkeep\n|\n|t:|1768738086\n|switch|p1b: Zacian|Zacian-Crowned, L50, shiny|100/100\n|-ability|p1b: Zacian|Intrepid Sword|boost\n|-boost|p1b: Zacian|atk|1\n|turn|5\n|\n|t:|1768738102\n|-terastallize|p2a: Landorus|Steel\n|-terastallize|p1b: Zacian|Ground\n|move|p1a: Amoonguss|Spore|p2a: Landorus\n|-status|p2a: Landorus|slp|[from] move: Spore\n|cant|p2a: Landorus|slp\n|move|p1b: Zacian|Behemoth Blade|p2a: Landorus\n|-resisted|p2a: Landorus\n|-damage|p2a: Landorus|55/100 slp\n|\n|-weather|none\n|upkeep\n|turn|6\n|\n|t:|1768738115\n|move|p1a: Amoonguss|Rage Powder|p1a: Amoonguss\n|-singleturn|p1a: Amoonguss|move: Rage Powder\n|-curestatus|p2a: Landorus|slp|[msg]\n|move|p2a: Landorus|Sandsear Storm|p1a: Amoonguss|[spread] p1a,p1b\n|-damage|p1a: Amoonguss|37/100\n|-damage|p1b: Zacian|43/100\n|move|p1b: Zacian|Tera Blast|p2a: Landorus|[anim] Tera Blast Ground\n|-supereffective|p2a: Landorus\n|-damage|p2a: Landorus|0 fnt\n|faint|p2a: Landorus\n|\n|win|Tepig_nNz_498\n|raw|Tepig_nNz_498's rating: 1410 &rarr; <strong>1432</strong><br />(+22 for winning)\n|raw|j0l0k0's rating: 1447 &rarr; <strong>1425</strong><br />(-22 for losing)\n|l|\u2606j0l0k0\n|player|p2|\n|l|\u2606Tepig_nNz_498\n|player|p1|\n","uploadtime":1768738312,"views":17,"formatid":"gen9vgc2026regi","rating":1425,"private":0,"password":null}