{"id":"gen9vgc2026regi-2522441600","format":"[Gen 9] VGC 2026 Reg I","players":["blackred123","daisabei\u706b\u795e\u86fe\u4fa0"],"log":"|j|\u2606blackred123\n|j|\u2606daisabei\u706b\u795e\u86fe\u4fa0\n|t:|1768908382\n|gametype|doubles\n|player|p1|blackred123|iono-masters|1155\n|player|p2|daisabei\u706b\u795e\u86fe\u4fa0|may-masters4|1187\n|gen|9\n|tier|[Gen 9] VGC 2026 Reg I\n|rated|\n|rule|Species Clause: Limit one of each Pok\u00e9mon\n|rule|Item Clause: Limit 1 of each item\n|clearpoke\n|poke|p1|Zacian-*, L50|\n|poke|p1|Kyogre, L50|\n|poke|p1|Amoonguss, L50, M|\n|poke|p1|Incineroar, L50, M|\n|poke|p1|Urshifu-*, L50, M|\n|poke|p1|Iron Jugulis, L50|\n|poke|p2|Palkia-Origin, L50|\n|poke|p2|Miraidon, L50|\n|poke|p2|Ursaluna, L50, M|\n|poke|p2|Grimmsnarl, L50, M|\n|poke|p2|Pelipper, L50, M|\n|poke|p2|Urshifu-*, L50, F|\n|teampreview|4\n|inactive|Battle timer is ON: inactive players will automatically lose when time's up. (requested by blackred123)\n|j| Esiolamond\n|c|\u2606daisabei\u706b\u795e\u86fe\u4fa0|\uff1f\n|c| Esiolamond|\ud83d\udc40\n|c| Esiolamond|lmao\n|inactive|blackred123 has 60 seconds left.\n|\n|t:|1768908420\n|teamsize|p1|4\n|teamsize|p2|4\n|start\n|switch|p1a: \u55f7\u545c\uff5e|Iron Jugulis, L50|100/100\n|switch|p1b: \u4e3b\u4eba\ud83d\ude2d\ud83e\udd75|Incineroar, L50, M|100/100\n|switch|p2a: \u94f6\u6bdb\u6ee1\u8eab|Grimmsnarl, L50, M, shiny|100/100\n|switch|p2b: \u94f6\u91d1\u5996\u86c7|Miraidon, L50, shiny|100/100\n|-fieldstart|move: Electric Terrain|[from] ability: Hadron Engine|[of] p2b: \u94f6\u91d1\u5996\u86c7\n|-activate|p1a: \u55f7\u545c\uff5e|ability: Quark Drive\n|-start|p1a: \u55f7\u545c\uff5e|quarkdrivespe\n|-ability|p1b: \u4e3b\u4eba\ud83d\ude2d\ud83e\udd75|Intimidate|boost\n|-unboost|p2a: \u94f6\u6bdb\u6ee1\u8eab|atk|1\n|-unboost|p2b: \u94f6\u91d1\u5996\u86c7|atk|1\n|turn|1\n|\n|t:|1768908434\n|move|p1b: \u4e3b\u4eba\ud83d\ude2d\ud83e\udd75|Fake Out|p2a: \u94f6\u6bdb\u6ee1\u8eab\n|-damage|p2a: \u94f6\u6bdb\u6ee1\u8eab|89/100\n|cant|p2a: \u94f6\u6bdb\u6ee1\u8eab|flinch\n|move|p1a: \u55f7\u545c\uff5e|Tailwind|p1a: \u55f7\u545c\uff5e\n|-sidestart|p1: blackred123|move: Tailwind\n|move|p2b: \u94f6\u91d1\u5996\u86c7|Volt Switch|p1a: \u55f7\u545c\uff5e\n|-supereffective|p1a: \u55f7\u545c\uff5e\n|-damage|p1a: \u55f7\u545c\uff5e|0 fnt\n|faint|p1a: \u55f7\u545c\uff5e\n|-end|p1a: \u55f7\u545c\uff5e|Quark Drive|[silent]\n|\n|t:|1768908441\n|switch|p2b: \u5473\u513f\u8098|Palkia-Origin, L50|100/100|[from] Volt Switch\n|\n|upkeep\n|\n|t:|1768908448\n|switch|p1a: \u963f\u5c14\u6258\u8389\u96c5|Zacian-Crowned, L50, shiny|100/100\n|-ability|p1a: \u963f\u5c14\u6258\u8389\u96c5|Intrepid Sword|boost\n|-boost|p1a: \u963f\u5c14\u6258\u8389\u96c5|atk|1\n|turn|2\n|\n|t:|1768908470\n|move|p2b: \u5473\u513f\u8098|Protect|p2b: \u5473\u513f\u8098\n|-singleturn|p2b: \u5473\u513f\u8098|Protect\n|move|p2a: \u94f6\u6bdb\u6ee1\u8eab|Thunder Wave|p1a: \u963f\u5c14\u6258\u8389\u96c5\n|-status|p1a: \u963f\u5c14\u6258\u8389\u96c5|par\n|move|p1b: \u4e3b\u4eba\ud83d\ude2d\ud83e\udd75|Parting Shot|p2b: \u5473\u513f\u8098\n|-activate|p2b: \u5473\u513f\u8098|move: Protect\n|move|p1a: \u963f\u5c14\u6258\u8389\u96c5|Play Rough|p2b: \u5473\u513f\u8098\n|-activate|p2b: \u5473\u513f\u8098|move: Protect\n|\n|upkeep\n|turn|3\n|\n|t:|1768908480\n|move|p2a: \u94f6\u6bdb\u6ee1\u8eab|Reflect|p2a: \u94f6\u6bdb\u6ee1\u8eab\n|-sidestart|p2: daisabei\u706b\u795e\u86fe\u4fa0|Reflect\n|move|p1b: \u4e3b\u4eba\ud83d\ude2d\ud83e\udd75|Parting Shot|p2b: \u5473\u513f\u8098\n|-unboost|p2b: \u5473\u513f\u8098|atk|1\n|-unboost|p2b: \u5473\u513f\u8098|spa|1\n|j| eggyhvevo\n|\n|t:|1768908484\n|switch|p1b: \u9a6c\u5243\u5929\u7231\u661f|Kyogre, L50, shiny|100/100|[from] Parting Shot\n|-weather|RainDance|[from] ability: Drizzle|[of] p1b: \u9a6c\u5243\u5929\u7231\u661f\n|move|p1a: \u963f\u5c14\u6258\u8389\u96c5|Play Rough|p2b: \u5473\u513f\u8098\n|-supereffective|p2b: \u5473\u513f\u8098\n|-damage|p2b: \u5473\u513f\u8098|5/100\n|move|p2b: \u5473\u513f\u8098|Hydro Pump|p1b: \u9a6c\u5243\u5929\u7231\u661f\n|-resisted|p1b: \u9a6c\u5243\u5929\u7231\u661f\n|-damage|p1b: \u9a6c\u5243\u5929\u7231\u661f|84/100\n|\n|-weather|RainDance|[upkeep]\n|upkeep\n|turn|4\n|\n|t:|1768908500\n|-terastallize|p1b: \u9a6c\u5243\u5929\u7231\u661f|Electric\n|move|p2a: \u94f6\u6bdb\u6ee1\u8eab|Thunder Wave|p1b: \u9a6c\u5243\u5929\u7231\u661f\n|-immune|p1b: \u9a6c\u5243\u5929\u7231\u661f\n|move|p1b: \u9a6c\u5243\u5929\u7231\u661f|Water Spout|p2b: \u5473\u513f\u8098|[spread] p2a,p2b\n|-resisted|p2b: \u5473\u513f\u8098\n|-damage|p2a: \u94f6\u6bdb\u6ee1\u8eab|24/100\n|-damage|p2b: \u5473\u513f\u8098|0 fnt\n|faint|p2b: \u5473\u513f\u8098\n|move|p1a: \u963f\u5c14\u6258\u8389\u96c5|Behemoth Blade|p2a: \u94f6\u6bdb\u6ee1\u8eab\n|-supereffective|p2a: \u94f6\u6bdb\u6ee1\u8eab\n|-crit|p2a: \u94f6\u6bdb\u6ee1\u8eab\n|-damage|p2a: \u94f6\u6bdb\u6ee1\u8eab|0 fnt\n|faint|p2a: \u94f6\u6bdb\u6ee1\u8eab\n|\n|-weather|RainDance|[upkeep]\n|-sideend|p1: blackred123|move: Tailwind\n|upkeep\n|c| Esiolamond|\ud83e\udd14\n|\n|t:|1768908503\n|switch|p2b: \u94f6\u91d1\u5996\u86c7|Miraidon, L50, shiny|100/100\n|switch|p2a: \u4e94\u5bfc\u718a\u6e7f|Urshifu-Rapid-Strike, L50, F|100/100\n|-activate|p2b: \u94f6\u91d1\u5996\u86c7|ability: Hadron Engine\n|turn|5\n|\n|t:|1768908527\n|switch|p1b: \u4e3b\u4eba\ud83d\ude2d\ud83e\udd75|Incineroar, L50, M|100/100\n|-ability|p1b: \u4e3b\u4eba\ud83d\ude2d\ud83e\udd75|Intimidate|boost\n|-unboost|p2a: \u4e94\u5bfc\u718a\u6e7f|atk|1\n|-unboost|p2b: \u94f6\u91d1\u5996\u86c7|atk|1\n|-terastallize|p2b: \u94f6\u91d1\u5996\u86c7|Electric\n|move|p2b: \u94f6\u91d1\u5996\u86c7|Electro Drift|p1a: \u963f\u5c14\u6258\u8389\u96c5\n|-damage|p1a: \u963f\u5c14\u6258\u8389\u96c5|0 fnt\n|faint|p1a: \u963f\u5c14\u6258\u8389\u96c5\n|move|p2a: \u4e94\u5bfc\u718a\u6e7f|Surging Strikes|p1b: \u4e3b\u4eba\ud83d\ude2d\ud83e\udd75\n|-supereffective|p1b: \u4e3b\u4eba\ud83d\ude2d\ud83e\udd75\n|-crit|p1b: \u4e3b\u4eba\ud83d\ude2d\ud83e\udd75\n|-damage|p1b: \u4e3b\u4eba\ud83d\ude2d\ud83e\udd75|10/100\n|-supereffective|p1b: \u4e3b\u4eba\ud83d\ude2d\ud83e\udd75\n|-crit|p1b: \u4e3b\u4eba\ud83d\ude2d\ud83e\udd75\n|-damage|p1b: \u4e3b\u4eba\ud83d\ude2d\ud83e\udd75|0 fnt\n|faint|p1b: \u4e3b\u4eba\ud83d\ude2d\ud83e\udd75\n|-hitcount|p1: \u4e3b\u4eba\ud83d\ude2d\ud83e\udd75|2\n|\n|-weather|RainDance|[upkeep]\n|-fieldend|move: Electric Terrain\n|upkeep\n|\n|t:|1768908538\n|switch|p1b: \u9a6c\u5243\u5929\u7231\u661f|Kyogre, L50, shiny, tera:Electric|84/100\n|turn|6\n|c| Esiolamond|\ud83d\udc40!\n|\n|t:|1768908545\n|move|p2b: \u94f6\u91d1\u5996\u86c7|Draco Meteor|p1b: \u9a6c\u5243\u5929\u7231\u661f\n|-damage|p1b: \u9a6c\u5243\u5929\u7231\u661f|51/100\n|-unboost|p2b: \u94f6\u91d1\u5996\u86c7|spa|2\n|move|p2a: \u4e94\u5bfc\u718a\u6e7f|Surging Strikes|p1b: \u9a6c\u5243\u5929\u7231\u661f\n|-crit|p1b: \u9a6c\u5243\u5929\u7231\u661f\n|-damage|p1b: \u9a6c\u5243\u5929\u7231\u661f|7/100\n|-crit|p1b: \u9a6c\u5243\u5929\u7231\u661f\n|-damage|p1b: \u9a6c\u5243\u5929\u7231\u661f|0 fnt\n|faint|p1b: \u9a6c\u5243\u5929\u7231\u661f\n|-hitcount|p1: \u9a6c\u5243\u5929\u7231\u661f|2\n|\n|win|daisabei\u706b\u795e\u86fe\u4fa0\n|raw|blackred123's rating: 1155 &rarr; <strong>1132</strong><br />(-23 for losing)\n|raw|daisabei\u706b\u795e\u86fe\u4fa0's rating: 1187 &rarr; <strong>1210</strong><br />(+23 for winning)\n|l|\u2606daisabei\u706b\u795e\u86fe\u4fa0\n|player|p2|\n|l|\u2606blackred123\n|player|p1|\n|l| eggyhvevo\n|l| Esiolamond\n","uploadtime":1768908936,"views":11,"formatid":"gen9vgc2026regi","rating":1132,"private":0,"password":null}