{"id":"gen9vgc2026regi-2574063818","format":"[Gen 9] VGC 2026 Reg I","players":["kananame","blackred123"],"log":"|j|\u2606kananame\n|j|\u2606blackred123\n|t:|1775195818\n|gametype|doubles\n|player|p1|kananame|n|1405\n|player|p2|blackred123|iono-masters|1463\n|gen|9\n|tier|[Gen 9] VGC 2026 Reg I\n|rated|\n|rule|Species Clause: Limit one of each Pok\u00e9mon\n|rule|Item Clause: Limit 1 of each item\n|clearpoke\n|poke|p1|Lunala, L50|\n|poke|p1|Ursaluna, L50, M|\n|poke|p1|Koraidon, L50|\n|poke|p1|Flutter Mane, L50|\n|poke|p1|Incineroar, L50, F|\n|poke|p1|Chi-Yu, L50|\n|poke|p2|Kyogre, L50|\n|poke|p2|Zamazenta-*, L50|\n|poke|p2|Chien-Pao, L50|\n|poke|p2|Amoonguss, L50, F|\n|poke|p2|Dragonite, L50, F|\n|poke|p2|Rillaboom, L50, M|\n|teampreview|4\n|inactive|Battle timer is ON: inactive players will automatically lose when time's up. (requested by blackred123)\n|inactive|kananame also wants the timer to be on.\n|\n|t:|1775195844\n|teamsize|p1|4\n|teamsize|p2|4\n|start\n|switch|p1a: Incineroar|Incineroar, L50, F|100/100\n|switch|p1b: Lunala|Lunala, L50|100/100\n|switch|p2a: Zamazenta|Zamazenta-Crowned, L50|100/100\n|switch|p2b: Chien-Pao|Chien-Pao, L50|100/100\n|-ability|p2b: Chien-Pao|Sword of Ruin\n|-ability|p2a: Zamazenta|Dauntless Shield|boost\n|-boost|p2a: Zamazenta|def|1\n|-ability|p1a: Incineroar|Intimidate|boost\n|-unboost|p2a: Zamazenta|atk|1\n|-unboost|p2b: Chien-Pao|atk|1\n|turn|1\n|\n|t:|1775195861\n|-terastallize|p1a: Incineroar|Ghost\n|move|p2b: Chien-Pao|Taunt|p2a: Zamazenta\n|-start|p2a: Zamazenta|move: Taunt\n|move|p2a: Zamazenta|Body Press|p1a: Incineroar\n|-immune|p1a: Incineroar\n|move|p1b: Lunala|Moonblast|p2b: Chien-Pao\n|-supereffective|p2b: Chien-Pao\n|-enditem|p2b: Chien-Pao|Focus Sash\n|-damage|p2b: Chien-Pao|1/100\n|move|p1a: Incineroar|Will-O-Wisp|p2a: Zamazenta\n|-status|p2a: Zamazenta|brn\n|\n|-damage|p2a: Zamazenta|94/100 brn|[from] brn\n|upkeep\n|turn|2\n|\n|t:|1775195885\n|switch|p1b: Koraidon|Koraidon, L50|100/100\n|-weather|SunnyDay|[from] ability: Orichalcum Pulse|[of] p1b: Koraidon\n|-activate|p1b: Koraidon|Orichalcum Pulse|[source]\n|move|p2b: Chien-Pao|Taunt|p1b: Koraidon\n|-start|p1b: Koraidon|move: Taunt\n|move|p2a: Zamazenta|Heavy Slam|p1b: Koraidon\n|-damage|p1b: Koraidon|90/100\n|move|p1a: Incineroar|Parting Shot|p2a: Zamazenta\n|-unboost|p2a: Zamazenta|atk|1\n|-unboost|p2a: Zamazenta|spa|1\n|\n|t:|1775195899\n|switch|p1a: Chi-Yu|Chi-Yu, L50|100/100|[from] Parting Shot\n|-ability|p1a: Chi-Yu|Beads of Ruin\n|\n|-weather|SunnyDay|[upkeep]\n|-damage|p2a: Zamazenta|88/100 brn|[from] brn\n|upkeep\n|turn|3\n|\n|t:|1775195906\n|switch|p2b: Kyogre|Kyogre, L50|100/100\n|-weather|RainDance|[from] ability: Drizzle|[of] p2b: Kyogre\n|move|p1a: Chi-Yu|Snarl|p2b: Kyogre|[spread] p2a,p2b\n|-resisted|p2a: Zamazenta\n|-damage|p2a: Zamazenta|76/100 brn\n|-damage|p2b: Kyogre|77/100\n|-unboost|p2a: Zamazenta|spa|1\n|-unboost|p2b: Kyogre|spa|1\n|move|p1b: Koraidon|Close Combat|p2b: Kyogre\n|-damage|p2b: Kyogre|0 fnt\n|-unboost|p1b: Koraidon|def|1\n|-unboost|p1b: Koraidon|spd|1\n|faint|p2b: Kyogre\n|-damage|p1b: Koraidon|81/100|[from] item: Life Orb\n|move|p2a: Zamazenta|Body Press|p1a: Chi-Yu\n|-supereffective|p1a: Chi-Yu\n|-damage|p1a: Chi-Yu|0 fnt\n|faint|p1a: Chi-Yu\n|\n|-weather|RainDance|[upkeep]\n|-damage|p2a: Zamazenta|70/100 brn|[from] brn\n|-end|p2a: Zamazenta|move: Taunt\n|upkeep\n|\n|t:|1775195926\n|switch|p1a: Incineroar|Incineroar, L50, F, tera:Ghost|100/100\n|switch|p2b: Chien-Pao|Chien-Pao, L50|1/100\n|-ability|p2b: Chien-Pao|Sword of Ruin\n|-ability|p1a: Incineroar|Intimidate|boost\n|-unboost|p2a: Zamazenta|atk|1\n|-unboost|p2b: Chien-Pao|atk|1\n|turn|4\n|\n|t:|1775195949\n|switch|p1b: Lunala|Lunala, L50|100/100\n|-terastallize|p2b: Chien-Pao|Stellar\n|move|p1a: Incineroar|Fake Out|p2b: Chien-Pao\n|-damage|p2b: Chien-Pao|0 fnt\n|faint|p2b: Chien-Pao\n|move|p2a: Zamazenta|Heavy Slam|p1b: Lunala\n|-damage|p1b: Lunala|97/100\n|\n|-weather|RainDance|[upkeep]\n|-heal|p1b: Lunala|100/100|[from] item: Leftovers\n|-damage|p2a: Zamazenta|64/100 brn|[from] brn\n|upkeep\n|\n|t:|1775195958\n|switch|p2b: Dragonite|Dragonite, L50, F|100/100\n|turn|5\n|\n|t:|1775195972\n|move|p2b: Dragonite|Aqua Jet|p1a: Incineroar\n|-damage|p1a: Incineroar|69/100\n|-damage|p2b: Dragonite|84/100|[from] item: Rocky Helmet|[of] p1a: Incineroar\n|move|p2a: Zamazenta|Heavy Slam|p1a: Incineroar\n|-damage|p1a: Incineroar|61/100\n|-damage|p2a: Zamazenta|47/100 brn|[from] item: Rocky Helmet|[of] p1a: Incineroar\n|move|p1b: Lunala|Moonblast|p2b: Dragonite\n|-supereffective|p2b: Dragonite\n|-damage|p2b: Dragonite|20/100\n|move|p1a: Incineroar|Will-O-Wisp|p2b: Dragonite|[miss]\n|-miss|p1a: Incineroar|p2b: Dragonite\n|\n|-weather|RainDance|[upkeep]\n|-damage|p2a: Zamazenta|41/100 brn|[from] brn\n|upkeep\n|turn|6\n|-message|blackred123 forfeited.\n|\n|win|kananame\n|raw|kananame's rating: 1405 &rarr; <strong>1428</strong><br />(+23 for winning)\n|raw|blackred123's rating: 1463 &rarr; <strong>1440</strong><br />(-23 for losing)\n|l|\u2606kananame\n|player|p1|\n|l|\u2606blackred123\n|player|p2|\n","uploadtime":1775196226,"views":10,"formatid":"gen9vgc2026regi","rating":1428,"private":0,"password":null}