{"id":"gen9vgc2026regi-2565571427","format":"[Gen 9] VGC 2026 Reg I","players":["ricepresident666","ScribbleScribble"],"log":"|j|\u2606ricepresident666\n|j|\u2606ScribbleScribble\n|t:|1774286184\n|gametype|doubles\n|player|p1|ricepresident666|gambler|1490\n|player|p2|ScribbleScribble|mina-lgpe|1578\n|gen|9\n|tier|[Gen 9] VGC 2026 Reg I\n|rated|\n|rule|Species Clause: Limit one of each Pok\u00e9mon\n|rule|Item Clause: Limit 1 of each item\n|clearpoke\n|poke|p1|Brute Bonnet, L50|\n|poke|p1|Lunala, L50|\n|poke|p1|Ursaluna, L50, F|\n|poke|p1|Chi-Yu, L50|\n|poke|p1|Koraidon, L50|\n|poke|p1|Flutter Mane, L50|\n|poke|p2|Calyrex-Ice, L50|\n|poke|p2|Kyogre, L50|\n|poke|p2|Tornadus, L50, M|\n|poke|p2|Indeedee-F, L50, F|\n|poke|p2|Urshifu-*, L50, F|\n|poke|p2|Landorus, L50, M|\n|teampreview|4\n|inactive|Battle timer is ON: inactive players will automatically lose when time's up. (requested by ScribbleScribble)\n|inactive|ricepresident666 also wants the timer to be on.\n|\n|t:|1774286203\n|teamsize|p1|4\n|teamsize|p2|4\n|start\n|switch|p1a: Lunala|Lunala, L50|100/100\n|switch|p1b: Chi-Yu|Chi-Yu, L50, shiny|100/100\n|switch|p2a: Tornadus|Tornadus, L50, M|100/100\n|switch|p2b: Landorus|Landorus, L50, M|100/100\n|-ability|p1b: Chi-Yu|Beads of Ruin\n|turn|1\n|\n|t:|1774286223\n|switch|p1b: Brute Bonnet|Brute Bonnet, L50, shiny|100/100\n|move|p2b: Landorus|Protect|p2b: Landorus\n|-singleturn|p2b: Landorus|Protect\n|move|p2a: Tornadus|Taunt|p1a: Lunala\n|-start|p1a: Lunala|move: Taunt\n|move|p1a: Lunala|Meteor Beam||[still]\n|-prepare|p1a: Lunala|Meteor Beam\n|-boost|p1a: Lunala|spa|1\n|-enditem|p1a: Lunala|Power Herb\n|-anim|p1a: Lunala|Meteor Beam|p2a: Tornadus\n|-supereffective|p2a: Tornadus\n|-enditem|p2a: Tornadus|Focus Sash\n|-damage|p2a: Tornadus|1/100\n|\n|upkeep\n|turn|2\n|\n|t:|1774286243\n|-terastallize|p2b: Landorus|Poison\n|move|p2a: Tornadus|Tailwind|p2a: Tornadus\n|-sidestart|p2: ScribbleScribble|move: Tailwind\n|move|p1b: Brute Bonnet|Sucker Punch||[still]\n|-fail|p1b: Brute Bonnet\n|move|p2b: Landorus|Sludge Bomb|p1b: Brute Bonnet\n|-supereffective|p1b: Brute Bonnet\n|-damage|p1b: Brute Bonnet|0 fnt\n|faint|p1b: Brute Bonnet\n|-end|p1b: Brute Bonnet|Protosynthesis|[silent]\n|move|p1a: Lunala|Moongeist Beam|p2b: Landorus\n|-damage|p2b: Landorus|9/100\n|\n|upkeep\n|\n|t:|1774286265\n|switch|p1b: Koraidon|Koraidon, L50, shiny|100/100\n|-weather|SunnyDay|[from] ability: Orichalcum Pulse|[of] p1b: Koraidon\n|-activate|p1b: Koraidon|Orichalcum Pulse|[source]\n|turn|3\n|\n|t:|1774286269\n|move|p1b: Koraidon|Protect|p1b: Koraidon\n|-singleturn|p1b: Koraidon|Protect\n|move|p2a: Tornadus|Bleakwind Storm|p1b: Koraidon|[spread] \n|-activate|p1b: Koraidon|move: Protect\n|-miss|p2a: Tornadus|p1a: Lunala\n|move|p2b: Landorus|Sandsear Storm|p1b: Koraidon|[spread] \n|-activate|p1b: Koraidon|move: Protect\n|-miss|p2b: Landorus|p1a: Lunala\n|move|p1a: Lunala|Moongeist Beam|p2b: Landorus\n|-damage|p2b: Landorus|0 fnt\n|faint|p2b: Landorus\n|\n|-weather|SunnyDay|[upkeep]\n|-end|p1a: Lunala|move: Taunt\n|upkeep\n|\n|t:|1774286277\n|switch|p2b: Kyogre|Kyogre, L50|100/100\n|-weather|RainDance|[from] ability: Drizzle|[of] p2b: Kyogre\n|turn|4\n|inactive|ricepresident666 has 30 seconds left.\n|\n|t:|1774286303\n|switch|p1b: Chi-Yu|Chi-Yu, L50, shiny|100/100\n|-ability|p1b: Chi-Yu|Beads of Ruin\n|-terastallize|p1a: Lunala|Water\n|move|p2b: Kyogre|Protect|p2b: Kyogre\n|-singleturn|p2b: Kyogre|Protect\n|move|p2a: Tornadus|Taunt|p1a: Lunala\n|-start|p1a: Lunala|move: Taunt\n|move|p1a: Lunala|Moongeist Beam|p2a: Tornadus\n|-damage|p2a: Tornadus|0 fnt\n|faint|p2a: Tornadus\n|\n|-weather|RainDance|[upkeep]\n|upkeep\n|\n|t:|1774286312\n|switch|p2a: Calyrex|Calyrex-Ice, L50|100/100\n|-ability|p2a: Calyrex|As One\n|-ability|p2a: Calyrex|Unnerve\n|turn|5\n|\n|t:|1774286327\n|switch|p1b: Koraidon|Koraidon, L50, shiny|100/100\n|-weather|SunnyDay|[from] ability: Orichalcum Pulse|[of] p1b: Koraidon\n|-activate|p1b: Koraidon|Orichalcum Pulse|[source]\n|move|p2b: Kyogre|Water Spout|p1b: Koraidon|[spread] p1a,p1b\n|-resisted|p1a: Lunala\n|-resisted|p1b: Koraidon\n|-damage|p1a: Lunala|95/100\n|-damage|p1b: Koraidon|79/100\n|move|p2a: Calyrex|Seed Bomb|p1a: Lunala\n|-supereffective|p1a: Lunala\n|-damage|p1a: Lunala|41/100\n|move|p1a: Lunala|Moongeist Beam|p2b: Kyogre\n|-crit|p2b: Kyogre\n|-damage|p2b: Kyogre|8/100\n|\n|-weather|SunnyDay|[upkeep]\n|-sideend|p2: ScribbleScribble|move: Tailwind\n|upkeep\n|turn|6\n|inactive|ricepresident666 has 30 seconds left.\n|inactive|ricepresident666 has 20 seconds left.\n|\n|t:|1774286363\n|move|p1b: Koraidon|Flare Blitz|p2a: Calyrex\n|-supereffective|p2a: Calyrex\n|-damage|p2a: Calyrex|0 fnt\n|faint|p2a: Calyrex\n|-damage|p1b: Koraidon|44/100|[from] Recoil\n|-damage|p1b: Koraidon|35/100|[from] item: Life Orb\n|move|p2b: Kyogre|Hydro Pump|p1b: Koraidon|[miss]\n|-miss|p2b: Kyogre|p1b: Koraidon\n|move|p1a: Lunala|Moongeist Beam|p2b: Kyogre\n|-damage|p2b: Kyogre|0 fnt\n|faint|p2b: Kyogre\n|\n|win|ricepresident666\n|raw|ricepresident666's rating: 1490 &rarr; <strong>1515</strong><br />(+25 for winning)\n|raw|ScribbleScribble's rating: 1578 &rarr; <strong>1553</strong><br />(-25 for losing)\n|c|\u2606ricepresident666|No way\n|l|\u2606ScribbleScribble\n|player|p2|\n|l|\u2606ricepresident666\n|player|p1|\n","uploadtime":1774286557,"views":14,"formatid":"gen9vgc2026regi","rating":1515,"private":0,"password":null}