{"id":"gen9vgc2026regi-2528508030","format":"[Gen 9] VGC 2026 Reg I","players":["jiuge4477","jpto5"],"log":"|j|\u2606jiuge4477\n|j|\u2606jpto5\n|t:|1769667202\n|gametype|doubles\n|player|p1|jiuge4477|169|1170\n|player|p2|jpto5|2|1223\n|gen|9\n|tier|[Gen 9] VGC 2026 Reg I\n|rated|\n|rule|Species Clause: Limit one of each Pok\u00e9mon\n|rule|Item Clause: Limit 1 of each item\n|clearpoke\n|poke|p1|Kyogre, L50|\n|poke|p1|Smeargle, L50, M|\n|poke|p1|Ursaluna-Bloodmoon, L50, M|\n|poke|p1|Grimmsnarl, L50, M|\n|poke|p1|Incineroar, L50, M|\n|poke|p1|Calyrex-Ice, L50|\n|poke|p2|Tornadus, L50, M|\n|poke|p2|Kyogre, L50|\n|poke|p2|Zacian-*, L50|\n|poke|p2|Basculegion, L50, M|\n|poke|p2|Gallade, L50, M|\n|poke|p2|Iron Bundle, L50|\n|teampreview|4\n|inactive|Battle timer is ON: inactive players will automatically lose when time's up. (requested by jpto5)\n|inactive|jpto5 has 60 seconds left.\n|\n|t:|1769667240\n|teamsize|p1|4\n|teamsize|p2|4\n|start\n|switch|p1a: Calyrex|Calyrex-Ice, L50|100/100\n|switch|p1b: Smeargle|Smeargle, L50, M|100/100\n|switch|p2a: Basculegion|Basculegion, L50, M|100/100\n|switch|p2b: Iron Bundle|Iron Bundle, L50|100/100\n|-ability|p1a: Calyrex|As One\n|-ability|p1a: Calyrex|Unnerve\n|-enditem|p2b: Iron Bundle|Booster Energy\n|-activate|p2b: Iron Bundle|ability: Quark Drive|[fromitem]\n|-start|p2b: Iron Bundle|quarkdrivespa\n|turn|1\n|\n|t:|1769667262\n|move|p1b: Smeargle|Follow Me|p1b: Smeargle\n|-singleturn|p1b: Smeargle|move: Follow Me\n|move|p2b: Iron Bundle|Hydro Pump|p1b: Smeargle\n|-damage|p1b: Smeargle|0 fnt\n|faint|p1b: Smeargle\n|move|p2a: Basculegion|Wave Crash|p1a: Calyrex\n|-damage|p1a: Calyrex|49/100\n|-damage|p2a: Basculegion|83/100|[from] Recoil\n|-damage|p2a: Basculegion|73/100|[from] item: Life Orb\n|move|p1a: Calyrex|Trick Room|p1a: Calyrex\n|-fieldstart|move: Trick Room|[of] p1a: Calyrex\n|\n|upkeep\n|\n|t:|1769667276\n|switch|p1b: Kyogre|Kyogre, L50|100/100\n|-weather|RainDance|[from] ability: Drizzle|[of] p1b: Kyogre\n|turn|2\n|\n|t:|1769667290\n|move|p2b: Iron Bundle|Protect|p2b: Iron Bundle\n|-singleturn|p2b: Iron Bundle|Protect\n|move|p1b: Kyogre|Water Spout|p2a: Basculegion|[spread] p2a\n|-activate|p2b: Iron Bundle|move: Protect\n|-resisted|p2a: Basculegion\n|-damage|p2a: Basculegion|13/100\n|move|p1a: Calyrex|Glacial Lance|p2a: Basculegion|[spread] p2a\n|-activate|p2b: Iron Bundle|move: Protect\n|-resisted|p2a: Basculegion\n|-damage|p2a: Basculegion|0 fnt\n|faint|p2a: Basculegion\n|-ability|p1a: Calyrex|Chilling Neigh|boost\n|-boost|p1a: Calyrex|atk|1\n|\n|-weather|RainDance|[upkeep]\n|upkeep\n|\n|t:|1769667295\n|switch|p2a: Gallade|Gallade, L50, M|100/100\n|turn|3\n|\n|t:|1769667317\n|move|p2a: Gallade|Wide Guard|p2a: Gallade\n|-singleturn|p2a: Gallade|Wide Guard\n|move|p1b: Kyogre|Thunder|p2b: Iron Bundle\n|-supereffective|p2b: Iron Bundle\n|-damage|p2b: Iron Bundle|0 fnt\n|faint|p2b: Iron Bundle\n|-end|p2b: Iron Bundle|Quark Drive|[silent]\n|move|p1a: Calyrex|Glacial Lance|p2a: Gallade\n|-activate|p2a: Gallade|move: Wide Guard\n|\n|-weather|RainDance|[upkeep]\n|upkeep\n|\n|t:|1769667324\n|switch|p2b: Zacian|Zacian-Crowned, L50|100/100\n|-ability|p2b: Zacian|Intrepid Sword|boost\n|-boost|p2b: Zacian|atk|1\n|turn|4\n|\n|t:|1769667348\n|move|p1b: Kyogre|Thunder|p2a: Gallade\n|-damage|p2a: Gallade|56/100\n|-status|p2a: Gallade|par\n|move|p1a: Calyrex|High Horsepower|p2b: Zacian\n|-supereffective|p2b: Zacian\n|-damage|p2b: Zacian|0 fnt\n|faint|p2b: Zacian\n|-ability|p1a: Calyrex|Chilling Neigh|boost\n|-boost|p1a: Calyrex|atk|1\n|move|p2a: Gallade|Leaf Blade|p1b: Kyogre\n|-supereffective|p1b: Kyogre\n|-damage|p1b: Kyogre|11/100\n|\n|-weather|RainDance|[upkeep]\n|upkeep\n|turn|5\n|\n|t:|1769667367\n|move|p1b: Kyogre|Water Spout|p2a: Gallade\n|-damage|p2a: Gallade|41/100 par\n|move|p1a: Calyrex|Glacial Lance|p2a: Gallade\n|-damage|p2a: Gallade|0 fnt\n|faint|p2a: Gallade\n|\n|win|jiuge4477\n|raw|jiuge4477's rating: 1170 &rarr; <strong>1199</strong><br />(+29 for winning)\n|raw|jpto5's rating: 1223 &rarr; <strong>1194</strong><br />(-29 for losing)\n|l|\u2606jpto5\n|player|p2|\n|l|\u2606jiuge4477\n|player|p1|\n","uploadtime":1769667753,"views":18,"formatid":"gen9vgc2026regi","rating":1194,"private":0,"password":null}