{"id":"gen9vgc2026regi-2578821937","format":"[Gen 9] VGC 2026 Reg I","players":["cakesgalore3","fogdocker"],"log":"|j|\u2606cakesgalore3\n|j|\u2606fogdocker\n|t:|1775723296\n|gametype|doubles\n|player|p1|cakesgalore3|101|1520\n|player|p2|fogdocker|170|1502\n|gen|9\n|tier|[Gen 9] VGC 2026 Reg I\n|rated|\n|rule|Species Clause: Limit one of each Pok\u00e9mon\n|rule|Item Clause: Limit 1 of each item\n|clearpoke\n|poke|p1|Miraidon, L50|\n|poke|p1|Whimsicott, L50, M|\n|poke|p1|Iron Hands, L50|\n|poke|p1|Calyrex-Ice, L50|\n|poke|p1|Farigiraf, L50, M|\n|poke|p1|Urshifu-*, L50, F|\n|poke|p2|Calyrex-Ice, L50|\n|poke|p2|Koraidon, L50|\n|poke|p2|Flutter Mane, L50|\n|poke|p2|Incineroar, L50, F|\n|poke|p2|Rillaboom, L50, M|\n|poke|p2|Volcarona, L50, F|\n|teampreview|4\n|\n|t:|1775723328\n|teamsize|p1|4\n|teamsize|p2|4\n|start\n|switch|p1a: Miraidon|Miraidon, L50|100/100\n|switch|p1b: Farigiraf|Farigiraf, L50, M|100/100\n|switch|p2a: Rillaboom|Rillaboom, L50, M|100/100\n|switch|p2b: Calyrex|Calyrex-Ice, L50|100/100\n|-ability|p2b: Calyrex|As One\n|-ability|p2b: Calyrex|Unnerve\n|-fieldstart|move: Electric Terrain|[from] ability: Hadron Engine|[of] p1a: Miraidon\n|-enditem|p1b: Farigiraf|Electric Seed\n|-boost|p1b: Farigiraf|def|1|[from] item: Electric Seed\n|-fieldstart|move: Grassy Terrain|[from] ability: Grassy Surge|[of] p2a: Rillaboom\n|turn|1\n|\n|t:|1775723344\n|move|p1b: Farigiraf|Helping Hand|p1a: Miraidon\n|-singleturn|p1a: Miraidon|Helping Hand|[of] p1b: Farigiraf\n|move|p1a: Miraidon|Electro Drift|p2b: Calyrex\n|-damage|p2b: Calyrex|26/100\n|move|p2a: Rillaboom|U-turn|p1b: Farigiraf\n|-supereffective|p1b: Farigiraf\n|-damage|p1b: Farigiraf|77/100\n|\n|t:|1775723354\n|switch|p2a: Koraidon|Koraidon, L50|100/100|[from] U-turn\n|-weather|SunnyDay|[from] ability: Orichalcum Pulse|[of] p2a: Koraidon\n|-activate|p2a: Koraidon|Orichalcum Pulse|[source]\n|move|p2b: Calyrex|Glacial Lance|p1b: Farigiraf|[spread] p1a,p1b\n|-supereffective|p1a: Miraidon\n|-damage|p1a: Miraidon|7/100\n|-damage|p1b: Farigiraf|54/100\n|\n|-weather|SunnyDay|[upkeep]\n|-heal|p1a: Miraidon|12/100|[from] Grassy Terrain\n|-heal|p1b: Farigiraf|60/100|[from] Grassy Terrain\n|-heal|p2b: Calyrex|32/100|[from] Grassy Terrain\n|-heal|p2b: Calyrex|38/100|[from] item: Leftovers\n|upkeep\n|turn|2\n|\n|t:|1775723371\n|-terastallize|p2a: Koraidon|Fire\n|move|p1a: Miraidon|Electro Drift|p2b: Calyrex\n|-damage|p2b: Calyrex|0 fnt\n|faint|p2b: Calyrex\n|move|p2a: Koraidon|Flame Charge|p1a: Miraidon\n|-resisted|p1a: Miraidon\n|-damage|p1a: Miraidon|0 fnt\n|-boost|p2a: Koraidon|spe|1\n|faint|p1a: Miraidon\n|-damage|p2a: Koraidon|91/100|[from] item: Life Orb\n|move|p1b: Farigiraf|Trick Room|p1b: Farigiraf\n|-fieldstart|move: Trick Room|[of] p1b: Farigiraf\n|\n|-weather|SunnyDay|[upkeep]\n|-heal|p1b: Farigiraf|67/100|[from] Grassy Terrain\n|-heal|p2a: Koraidon|96/100|[from] Grassy Terrain\n|upkeep\n|\n|t:|1775723388\n|switch|p2b: Rillaboom|Rillaboom, L50, M|100/100\n|switch|p1a: Calyrex|Calyrex-Ice, L50|100/100\n|-ability|p1a: Calyrex|As One\n|-ability|p1a: Calyrex|Unnerve\n|turn|3\n|\n|t:|1775723403\n|switch|p2b: Incineroar|Incineroar, L50, F|100/100\n|-ability|p2b: Incineroar|Intimidate|boost\n|-fail|p1a: Calyrex|unboost|[from] item: Clear Amulet|[of] p1a: Calyrex\n|-unboost|p1b: Farigiraf|atk|1\n|-terastallize|p1a: Calyrex|Water\n|move|p2a: Koraidon|Protect|p2a: Koraidon\n|-singleturn|p2a: Koraidon|Protect\n|move|p1a: Calyrex|High Horsepower|p2a: Koraidon\n|-activate|p2a: Koraidon|move: Protect\n|move|p1b: Farigiraf|Baton Pass|p1b: Farigiraf\n|\n|t:|1775723413\n|switch|p1b: Urshifu|Urshifu, L50, F|100/100|[from] Baton Pass\n|\n|-weather|SunnyDay|[upkeep]\n|-heal|p2a: Koraidon|100/100|[from] Grassy Terrain\n|upkeep\n|turn|4\n|\n|t:|1775723467\n|switch|p2a: Rillaboom|Rillaboom, L50, M|100/100\n|move|p1a: Calyrex|Glacial Lance|p2a: Rillaboom|[spread] p2a,p2b\n|-supereffective|p2a: Rillaboom\n|-resisted|p2b: Incineroar\n|-damage|p2a: Rillaboom|0 fnt\n|-damage|p2b: Incineroar|78/100\n|faint|p2a: Rillaboom\n|-ability|p1a: Calyrex|Chilling Neigh|boost\n|-boost|p1a: Calyrex|atk|1\n|move|p2b: Incineroar|Parting Shot|p1b: Urshifu\n|-unboost|p1b: Urshifu|atk|1\n|-unboost|p1b: Urshifu|spa|1\n|\n|t:|1775723473\n|switch|p2b: Koraidon|Koraidon, L50, tera:Fire|100/100|[from] Parting Shot\n|-activate|p2b: Koraidon|ability: Orichalcum Pulse\n|move|p1b: Urshifu|Close Combat|p2b: Koraidon\n|-damage|p2b: Koraidon|56/100\n|-unboost|p1b: Urshifu|def|1\n|-unboost|p1b: Urshifu|spd|1\n|\n|-weather|SunnyDay|[upkeep]\n|-heal|p2b: Koraidon|62/100|[from] Grassy Terrain\n|upkeep\n|\n|t:|1775723475\n|switch|p2a: Incineroar|Incineroar, L50, F|78/100\n|-ability|p2a: Incineroar|Intimidate|boost\n|-fail|p1a: Calyrex|unboost|[from] item: Clear Amulet|[of] p1a: Calyrex\n|-unboost|p1b: Urshifu|atk|1\n|turn|5\n|\n|t:|1775723498\n|switch|p1b: Farigiraf|Farigiraf, L50, M|67/100\n|move|p2a: Incineroar|Fake Out||[still]\n|cant|p1b: Farigiraf|ability: Armor Tail|Fake Out|[of] p2a: Incineroar\n|move|p1a: Calyrex|High Horsepower|p2b: Koraidon\n|-supereffective|p2b: Koraidon\n|-damage|p2b: Koraidon|0 fnt\n|faint|p2b: Koraidon\n|-ability|p1a: Calyrex|Chilling Neigh|boost\n|-boost|p1a: Calyrex|atk|1\n|\n|-weather|none\n|-heal|p2a: Incineroar|84/100|[from] Grassy Terrain\n|-heal|p1b: Farigiraf|73/100|[from] Grassy Terrain\n|-fieldend|move: Grassy Terrain\n|upkeep\n|turn|6\n|-message|fogdocker forfeited.\n|\n|win|cakesgalore3\n|raw|cakesgalore3's rating: 1520 &rarr; <strong>1539</strong><br />(+19 for winning)\n|raw|fogdocker's rating: 1502 &rarr; <strong>1483</strong><br />(-19 for losing)\n|l|\u2606fogdocker\n|player|p2|\n|c|\u2606cakesgalore3|:book:\n|l|\u2606cakesgalore3\n|player|p1|\n","uploadtime":1775723669,"views":8,"formatid":"gen9vgc2026regi","rating":1483,"private":0,"password":null}