{"id":"gen9vgc2026regi-2575330718","format":"[Gen 9] VGC 2026 Reg I","players":["chromate","SeaWolfMikes"],"log":"|j|\u2606chromate\n|j|\u2606SeaWolfMikes\n|t:|1775340850\n|gametype|doubles\n|player|p1|chromate|miku-ghost|\n|player|p2|SeaWolfMikes|ryuki|\n|gen|9\n|tier|[Gen 9] VGC 2026 Reg I\n|rated|Tournament battle\n|rule|Species Clause: Limit one of each Pok\u00e9mon\n|rule|Item Clause: Limit 1 of each item\n|raw|<div class=\"infobox\"><details class=\"readmore\" open><summary><strong>3 custom rules:</strong></summary> Open Team Sheets, Force Open Team Sheets, !Open Team Sheets</details></div>\n|clearpoke\n|poke|p1|Calyrex-Ice, L50|\n|poke|p1|Kyogre, L50|\n|poke|p1|Rillaboom, L50, M|\n|poke|p1|Smeargle, L50, M|\n|poke|p1|Iron Jugulis, L50|\n|poke|p1|Basculegion, L50, M|\n|poke|p2|Groudon, L50|\n|poke|p2|Calyrex-Shadow, L50|\n|poke|p2|Jumpluff, L50, M|\n|poke|p2|Incineroar, L50, M|\n|poke|p2|Rillaboom, L50, F|\n|poke|p2|Raging Bolt, L50|\n|teampreview|4\n|showteam|p1|Calyrex-Ice||NeverMeltIce|AsOneGlastrier|GlacialLance,LeechSeed,TrickRoom,Protect||||||50|,,,,,Fairy]Kyogre||MysticWater|Drizzle|WaterSpout,HydroPump,Thunder,Protect||||||50|,,,,,Grass]Rillaboom||AssaultVest|GrassySurge|WoodHammer,GrassyGlide,FakeOut,Uturn|||M|||50|,,,,,Fire]Smeargle||FocusSash|Moody|Spore,Decorate,FollowMe,FakeOut|||M|||50|,,,,,Grass]Iron Jugulis||BoosterEnergy|QuarkDrive|Snarl,Hurricane,Tailwind,Taunt||||||50|,,,,,Ground]Basculegion||LifeOrb|SwiftSwim|WaveCrash,LastRespects,AquaJet,Protect|||M|||50|,,,,,Water\n|showteam|p2|Groudon||ClearAmulet|Drought|PrecipiceBlades,HeatCrash,BulkUp,Protect||||||50|,,,,,Fire]Calyrex-Shadow||FocusSash|AsOneSpectrier|AstralBarrage,Psychic,PollenPuff,Protect||||||50|,,,,,Ghost]Jumpluff||CovertCloak|Chlorophyll|SleepPowder,Tailwind,RagePowder,PollenPuff|||M|||50|,,,,,Water]Incineroar||SafetyGoggles|Intimidate|FlareBlitz,KnockOff,FakeOut,PartingShot|||M|||50|,,,,,Water]Rillaboom||AssaultVest|GrassySurge|WoodHammer,GrassyGlide,Uturn,FakeOut|||F|||50|,,,,,Fire]Raging Bolt||Magnet|Protosynthesis|DragonPulse,Thunderbolt,Thunderclap,Protect||||||50|,,,,,Electric\n|c|\u2606chromate|glhf\n|c|\u2606SeaWolfMikes|the one time i load don for fun i play vs 2 kyogre cir in a row\n|c|\u2606SeaWolfMikes|u2\n|j| TheNewBrends11@!\n|\n|t:|1775340899\n|teamsize|p1|4\n|teamsize|p2|4\n|start\n|switch|p1a: Calyrex|Calyrex-Ice, L50|100/100\n|switch|p1b: Smeargle|Smeargle, L50, M|100/100\n|switch|p2a: Jumpluff|Jumpluff, L50, M|100/100\n|switch|p2b: Calyrex|Calyrex-Shadow, L50|100/100\n|-ability|p2b: Calyrex|As One\n|-ability|p2b: Calyrex|Unnerve\n|-ability|p1a: Calyrex|As One\n|-ability|p1a: Calyrex|Unnerve\n|turn|1\n|\n|t:|1775340932\n|-terastallize|p2a: Jumpluff|Water\n|-terastallize|p1a: Calyrex|Fairy\n|move|p1b: Smeargle|Follow Me|p1b: Smeargle\n|-singleturn|p1b: Smeargle|move: Follow Me\n|move|p2b: Calyrex|Pollen Puff|p1b: Smeargle\n|-damage|p1b: Smeargle|10/100\n|move|p2a: Jumpluff|Pollen Puff|p1b: Smeargle\n|-damage|p1b: Smeargle|0 fnt\n|faint|p1b: Smeargle\n|move|p1a: Calyrex|Glacial Lance|p2a: Jumpluff|[spread] p2a,p2b\n|-resisted|p2a: Jumpluff\n|-damage|p2a: Jumpluff|55/100\n|-damage|p2b: Calyrex|28/100\n|\n|upkeep\n|\n|t:|1775340945\n|switch|p1b: Iron Jugulis|Iron Jugulis, L50|100/100\n|-enditem|p1b: Iron Jugulis|Booster Energy\n|-activate|p1b: Iron Jugulis|ability: Quark Drive|[fromitem]\n|-start|p1b: Iron Jugulis|quarkdrivespe\n|turn|2\n|\n|t:|1775340973\n|switch|p2b: Groudon|Groudon, L50|100/100\n|-weather|SunnyDay|[from] ability: Drought|[of] p2b: Groudon\n|move|p2a: Jumpluff|Sleep Powder|p1a: Calyrex\n|-status|p1a: Calyrex|slp|[from] move: Sleep Powder\n|move|p1b: Iron Jugulis|Taunt|p2a: Jumpluff\n|-start|p2a: Jumpluff|move: Taunt\n|cant|p1a: Calyrex|slp\n|\n|-weather|SunnyDay|[upkeep]\n|upkeep\n|turn|3\n|\n|t:|1775340983\n|switch|p2a: Rillaboom|Rillaboom, L50, F|100/100\n|-fieldstart|move: Grassy Terrain|[from] ability: Grassy Surge|[of] p2a: Rillaboom\n|move|p1b: Iron Jugulis|Tailwind|p1b: Iron Jugulis\n|-sidestart|p1: chromate|move: Tailwind\n|cant|p1a: Calyrex|slp\n|move|p2b: Groudon|Bulk Up|p2b: Groudon\n|-boost|p2b: Groudon|atk|1\n|-boost|p2b: Groudon|def|1\n|\n|-weather|SunnyDay|[upkeep]\n|upkeep\n|turn|4\n|\n|t:|1775340997\n|cant|p1a: Calyrex|slp\n|move|p2a: Rillaboom|Fake Out|p1a: Calyrex\n|-damage|p1a: Calyrex|93/100 slp\n|move|p1b: Iron Jugulis|Hurricane|p2a: Rillaboom|[miss]\n|-miss|p1b: Iron Jugulis|p2a: Rillaboom\n|move|p2b: Groudon|Precipice Blades|p1b: Iron Jugulis|[spread] p1a\n|-immune|p1b: Iron Jugulis\n|-damage|p1a: Calyrex|44/100 slp\n|\n|-weather|SunnyDay|[upkeep]\n|-heal|p1a: Calyrex|50/100 slp|[from] Grassy Terrain\n|upkeep\n|turn|5\n|\n|t:|1775341009\n|move|p2a: Rillaboom|Grassy Glide|p1a: Calyrex\n|-damage|p1a: Calyrex|29/100 slp\n|move|p1b: Iron Jugulis|Hurricane|p2b: Groudon|[miss]\n|-miss|p1b: Iron Jugulis|p2b: Groudon\n|-curestatus|p1a: Calyrex|slp|[msg]\n|move|p1a: Calyrex|Glacial Lance|p2a: Rillaboom|[spread] p2a,p2b\n|-supereffective|p2a: Rillaboom\n|-supereffective|p2b: Groudon\n|-damage|p2a: Rillaboom|0 fnt\n|-damage|p2b: Groudon|32/100\n|faint|p2a: Rillaboom\n|-ability|p1a: Calyrex|Chilling Neigh|boost\n|-boost|p1a: Calyrex|atk|1\n|move|p2b: Groudon|Precipice Blades|p1a: Calyrex|[spread] p1a\n|-immune|p1b: Iron Jugulis\n|-damage|p1a: Calyrex|0 fnt\n|faint|p1a: Calyrex\n|\n|-weather|SunnyDay|[upkeep]\n|-heal|p2b: Groudon|38/100|[from] Grassy Terrain\n|upkeep\n|\n|t:|1775341025\n|switch|p2a: Calyrex|Calyrex-Shadow, L50|28/100\n|switch|p1a: Kyogre|Kyogre, L50|100/100\n|-ability|p2a: Calyrex|As One\n|-ability|p2a: Calyrex|Unnerve\n|-weather|RainDance|[from] ability: Drizzle|[of] p1a: Kyogre\n|turn|6\n|\n|t:|1775341034\n|switch|p2b: Jumpluff|Jumpluff, L50, M, tera:Water|55/100\n|move|p2a: Calyrex|Protect|p2a: Calyrex\n|-singleturn|p2a: Calyrex|Protect\n|move|p1b: Iron Jugulis|Hurricane|p2b: Jumpluff\n|-damage|p2b: Jumpluff|16/100\n|move|p1a: Kyogre|Water Spout|p2a: Calyrex|[spread] p2b\n|-activate|p2a: Calyrex|move: Protect\n|-resisted|p2b: Jumpluff\n|-damage|p2b: Jumpluff|0 fnt\n|faint|p2b: Jumpluff\n|\n|-weather|RainDance|[upkeep]\n|-heal|p2a: Calyrex|35/100|[from] Grassy Terrain\n|-sideend|p1: chromate|move: Tailwind\n|upkeep\n|\n|t:|1775341036\n|switch|p2b: Groudon|Groudon, L50|38/100\n|-weather|SunnyDay|[from] ability: Drought|[of] p2b: Groudon\n|turn|7\n|\n|t:|1775341045\n|move|p1b: Iron Jugulis|Snarl|p2b: Groudon|[spread] p2a,p2b\n|-supereffective|p2a: Calyrex\n|-damage|p2a: Calyrex|0 fnt\n|-damage|p2b: Groudon|25/100\n|faint|p2a: Calyrex\n|move|p2b: Groudon|Precipice Blades|p1a: Kyogre|[spread] p1a\n|-immune|p1b: Iron Jugulis\n|-damage|p1a: Kyogre|56/100\n|move|p1a: Kyogre|Water Spout|p2b: Groudon\n|-supereffective|p2b: Groudon\n|-damage|p2b: Groudon|0 fnt\n|faint|p2b: Groudon\n|\n|win|chromate\n|n|\u2606chromate|chromate\n|n|\u2606SeaWolfMikes|seawolfmikes\n|n| TheNewBrends11@!|thenewbrends11\n|l|\u2606SeaWolfMikes\n|player|p2|\n|l|\u2606chromate\n|player|p1|\n","uploadtime":1775341083,"views":25,"formatid":"gen9vgc2026regi","rating":null,"private":0,"password":null}