{"id":"gen9vgc2026regi-2568324915","format":"[Gen 9] VGC 2026 Reg I","players":["renlovgc","Cello L."],"log":"|j|\u2606renlovgc\n|j|\u2606Cello L.\n|t:|1774566552\n|gametype|doubles\n|player|p1|renlovgc|102|1560\n|player|p2|Cello L.|cynthia-gen4|1548\n|gen|9\n|tier|[Gen 9] VGC 2026 Reg I\n|rated|\n|rule|Species Clause: Limit one of each Pok\u00e9mon\n|rule|Item Clause: Limit 1 of each item\n|clearpoke\n|poke|p1|Kyogre, L50|\n|poke|p1|Landorus, L50, M|\n|poke|p1|Zamazenta-*, L50|\n|poke|p1|Urshifu-*, L50, M|\n|poke|p1|Amoonguss, L50, F|\n|poke|p1|Incineroar, L50, M|\n|poke|p2|Kyogre, L50|\n|poke|p2|Calyrex-Ice, L50|\n|poke|p2|Raging Bolt, L50|\n|poke|p2|Urshifu-*, L50, M|\n|poke|p2|Rillaboom, L50, F|\n|poke|p2|Amoonguss, L50, M|\n|teampreview|4\n|inactive|Battle timer is ON: inactive players will automatically lose when time's up. (requested by renlovgc)\n|inactive|Cello L. has 60 seconds left.\n|inactive|renlovgc has 60 seconds left.\n|\n|t:|1774566613\n|teamsize|p1|4\n|teamsize|p2|4\n|start\n|switch|p1a: Kyogre|Kyogre, L50|100/100\n|switch|p1b: Zamazenta|Zamazenta-Crowned, L50|100/100\n|switch|p2a: Kyogre|Kyogre, L50|100/100\n|switch|p2b: Amoonguss|Amoonguss, L50, M|100/100\n|-ability|p1b: Zamazenta|Dauntless Shield|boost\n|-boost|p1b: Zamazenta|def|1\n|-weather|RainDance|[from] ability: Drizzle|[of] p2a: Kyogre\n|turn|1\n|inactive|renlovgc has 30 seconds left.\n|inactive|Cello L. has 30 seconds left.\n|\n|t:|1774566641\n|switch|p1a: Incineroar|Incineroar, L50, M|100/100\n|-ability|p1a: Incineroar|Intimidate|boost\n|-unboost|p2a: Kyogre|atk|1\n|-unboost|p2b: Amoonguss|atk|1\n|-terastallize|p1b: Zamazenta|Grass\n|move|p2b: Amoonguss|Rage Powder|p2b: Amoonguss\n|-singleturn|p2b: Amoonguss|move: Rage Powder\n|move|p1b: Zamazenta|Body Press|p2a: Kyogre\n|-damage|p2a: Kyogre|30/100\n|move|p2a: Kyogre|Water Spout|p1b: Zamazenta|[spread] p1a,p1b\n|-supereffective|p1a: Incineroar\n|-resisted|p1b: Zamazenta\n|-damage|p1a: Incineroar|39/100\n|-damage|p1b: Zamazenta|87/100\n|\n|-weather|RainDance|[upkeep]\n|upkeep\n|turn|2\n|inactive|renlovgc has 30 seconds left.\n|inactive|Cello L. has 30 seconds left.\n|\n|t:|1774566669\n|move|p2a: Kyogre|Protect|p2a: Kyogre\n|-singleturn|p2a: Kyogre|Protect\n|move|p1b: Zamazenta|Body Press|p2a: Kyogre\n|-activate|p2a: Kyogre|move: Protect\n|move|p1a: Incineroar|Knock Off|p2b: Amoonguss\n|-damage|p2b: Amoonguss|70/100\n|-damage|p1a: Incineroar|23/100|[from] item: Rocky Helmet|[of] p2b: Amoonguss\n|-enditem|p2b: Amoonguss|Rocky Helmet|[from] move: Knock Off|[of] p1a: Incineroar\n|move|p2b: Amoonguss|Spore|p1a: Incineroar\n|-activate|p1a: Incineroar|item: Safety Goggles|Spore\n|\n|-weather|RainDance|[upkeep]\n|upkeep\n|turn|3\n|\n|t:|1774566688\n|switch|p2a: Calyrex|Calyrex-Ice, L50|100/100\n|-ability|p2a: Calyrex|As One\n|-ability|p2a: Calyrex|Unnerve\n|move|p1b: Zamazenta|Body Press|p2a: Calyrex\n|-damage|p2a: Calyrex|64/100\n|move|p1a: Incineroar|Will-O-Wisp|p2a: Calyrex\n|-status|p2a: Calyrex|brn\n|move|p2b: Amoonguss|Pollen Puff|p1b: Zamazenta\n|-supereffective|p1b: Zamazenta\n|-damage|p1b: Zamazenta|61/100\n|\n|-weather|RainDance|[upkeep]\n|-heal|p2a: Calyrex|70/100 brn|[from] item: Leftovers\n|-damage|p2a: Calyrex|64/100 brn|[from] brn\n|upkeep\n|turn|4\n|\n|t:|1774566710\n|move|p1b: Zamazenta|Body Press|p2a: Calyrex\n|-damage|p2a: Calyrex|25/100 brn\n|move|p1a: Incineroar|Knock Off|p2a: Calyrex\n|-supereffective|p2a: Calyrex\n|-damage|p2a: Calyrex|0 fnt\n|-enditem|p2a: Calyrex|Leftovers|[from] move: Knock Off|[of] p1a: Incineroar\n|faint|p2a: Calyrex\n|move|p2b: Amoonguss|Pollen Puff|p2: Calyrex|[notarget]\n|-fail|p2b: Amoonguss\n|\n|-weather|RainDance|[upkeep]\n|upkeep\n|\n|t:|1774566728\n|switch|p2a: Rillaboom|Rillaboom, L50, F|100/100\n|-fieldstart|move: Grassy Terrain|[from] ability: Grassy Surge|[of] p2a: Rillaboom\n|turn|5\n|\n|t:|1774566738\n|move|p1b: Zamazenta|Body Press|p2a: Rillaboom\n|-damage|p2a: Rillaboom|27/100\n|move|p2a: Rillaboom|Wood Hammer|p1a: Incineroar\n|-resisted|p1a: Incineroar\n|-damage|p1a: Incineroar|0 fnt\n|faint|p1a: Incineroar\n|-damage|p2a: Rillaboom|20/100|[from] Recoil\n|move|p2b: Amoonguss|Pollen Puff|p1b: Zamazenta\n|-supereffective|p1b: Zamazenta\n|-damage|p1b: Zamazenta|36/100\n|\n|-weather|none\n|-heal|p1b: Zamazenta|43/100|[from] Grassy Terrain\n|-heal|p2a: Rillaboom|26/100|[from] Grassy Terrain\n|-heal|p2b: Amoonguss|76/100|[from] Grassy Terrain\n|upkeep\n|\n|t:|1774566747\n|switch|p1a: Landorus|Landorus, L50, M|100/100\n|turn|6\n|\n|t:|1774566767\n|move|p1b: Zamazenta|Protect|p1b: Zamazenta\n|-singleturn|p1b: Zamazenta|Protect\n|move|p2a: Rillaboom|Grassy Glide|p1b: Zamazenta\n|-activate|p1b: Zamazenta|move: Protect\n|move|p1a: Landorus|Sludge Bomb|p2a: Rillaboom\n|-supereffective|p2a: Rillaboom\n|-damage|p2a: Rillaboom|0 fnt\n|faint|p2a: Rillaboom\n|move|p2b: Amoonguss|Pollen Puff|p1b: Zamazenta\n|-activate|p1b: Zamazenta|move: Protect\n|\n|-heal|p1b: Zamazenta|49/100|[from] Grassy Terrain\n|-heal|p2b: Amoonguss|82/100|[from] Grassy Terrain\n|upkeep\n|\n|t:|1774566778\n|switch|p2a: Kyogre|Kyogre, L50|30/100\n|-weather|RainDance|[from] ability: Drizzle|[of] p2a: Kyogre\n|turn|7\n|\n|t:|1774566786\n|move|p2a: Kyogre|Protect|p2a: Kyogre\n|-singleturn|p2a: Kyogre|Protect\n|move|p1b: Zamazenta|Body Press|p2a: Kyogre\n|-activate|p2a: Kyogre|move: Protect\n|move|p1a: Landorus|Sandsear Storm|p2a: Kyogre|[spread] p2b\n|-activate|p2a: Kyogre|move: Protect\n|-damage|p2b: Amoonguss|30/100\n|move|p2b: Amoonguss|Spore|p1a: Landorus\n|-status|p1a: Landorus|slp|[from] move: Spore\n|\n|-weather|RainDance|[upkeep]\n|-heal|p1b: Zamazenta|55/100|[from] Grassy Terrain\n|-heal|p2a: Kyogre|36/100|[from] Grassy Terrain\n|-heal|p2b: Amoonguss|36/100|[from] Grassy Terrain\n|upkeep\n|turn|8\n|\n|t:|1774566801\n|move|p2a: Kyogre|Protect|p2a: Kyogre\n|-singleturn|p2a: Kyogre|Protect\n|move|p1b: Zamazenta|Body Press|p2a: Kyogre\n|-activate|p2a: Kyogre|move: Protect\n|cant|p1a: Landorus|slp\n|move|p2b: Amoonguss|Pollen Puff|p1b: Zamazenta\n|-supereffective|p1b: Zamazenta\n|-damage|p1b: Zamazenta|25/100\n|\n|-weather|RainDance|[upkeep]\n|-heal|p1b: Zamazenta|31/100|[from] Grassy Terrain\n|-heal|p2a: Kyogre|42/100|[from] Grassy Terrain\n|-heal|p2b: Amoonguss|42/100|[from] Grassy Terrain\n|upkeep\n|turn|9\n|\n|t:|1774566815\n|move|p2a: Kyogre|Protect||[still]\n|-fail|p2a: Kyogre\n|move|p1b: Zamazenta|Body Press|p2a: Kyogre\n|-damage|p2a: Kyogre|0 fnt\n|faint|p2a: Kyogre\n|cant|p1a: Landorus|slp\n|move|p2b: Amoonguss|Pollen Puff|p1b: Zamazenta\n|-supereffective|p1b: Zamazenta\n|-damage|p1b: Zamazenta|2/100\n|\n|-weather|RainDance|[upkeep]\n|-heal|p1b: Zamazenta|8/100|[from] Grassy Terrain\n|-heal|p2b: Amoonguss|48/100|[from] Grassy Terrain\n|-fieldend|move: Grassy Terrain\n|upkeep\n|turn|10\n|-message|Cello L. forfeited.\n|\n|win|renlovgc\n|raw|renlovgc's rating: 1560 &rarr; <strong>1579</strong><br />(+19 for winning)\n|raw|Cello L.'s rating: 1548 &rarr; <strong>1529</strong><br />(-19 for losing)\n|l|\u2606renlovgc\n|player|p1|\n|l|\u2606Cello L.\n|player|p2|\n","uploadtime":1774567052,"views":21,"formatid":"gen9vgc2026regi","rating":1529,"private":0,"password":null}