{"id":"gen9vgc2026regi-2566901875","format":"[Gen 9] VGC 2026 Reg I","players":["lstdddsg","kaiSSTX"],"log":"|j|\u2606lstdddsg\n|j|\u2606kaiSSTX\n|t:|1774427103\n|gametype|doubles\n|player|p1|lstdddsg|riley|1478\n|player|p2|kaiSSTX|hilbert|1402\n|gen|9\n|tier|[Gen 9] VGC 2026 Reg I\n|rated|\n|rule|Species Clause: Limit one of each Pok\u00e9mon\n|rule|Item Clause: Limit 1 of each item\n|clearpoke\n|poke|p1|Giratina-Origin, L50|\n|poke|p1|Zamazenta-*, L50|\n|poke|p1|Chien-Pao, L50|\n|poke|p1|Entei, L50|\n|poke|p1|Urshifu-*, L50, M|\n|poke|p1|Rillaboom, L50, M|\n|poke|p2|Calyrex-Shadow, L50|\n|poke|p2|Koraidon, L50|\n|poke|p2|Raging Bolt, L50|\n|poke|p2|Flutter Mane, L50|\n|poke|p2|Incineroar, L50, F|\n|poke|p2|Clefairy, L50, F|\n|teampreview|4\n|inactive|Battle timer is ON: inactive players will automatically lose when time's up. (requested by lstdddsg)\n|inactive|lstdddsg has 60 seconds left.\n|\n|t:|1774427142\n|teamsize|p1|4\n|teamsize|p2|4\n|start\n|switch|p1a: Chien-Pao|Chien-Pao, L50|100/100\n|switch|p1b: Entei|Entei, L50|100/100\n|switch|p2a: Flutter Mane|Flutter Mane, L50|100/100\n|switch|p2b: Koraidon|Koraidon, L50|100/100\n|-ability|p1a: Chien-Pao|Sword of Ruin\n|-weather|SunnyDay|[from] ability: Orichalcum Pulse|[of] p2b: Koraidon\n|-activate|p2a: Flutter Mane|ability: Protosynthesis\n|-start|p2a: Flutter Mane|protosynthesisspe\n|-activate|p2b: Koraidon|Orichalcum Pulse|[source]\n|turn|1\n|\n|t:|1774427165\n|move|p1a: Chien-Pao|Protect|p1a: Chien-Pao\n|-singleturn|p1a: Chien-Pao|Protect\n|move|p1b: Entei|Protect|p1b: Entei\n|-singleturn|p1b: Entei|Protect\n|move|p2a: Flutter Mane|Icy Wind|p1b: Entei|[spread] \n|-activate|p1a: Chien-Pao|move: Protect\n|-activate|p1b: Entei|move: Protect\n|move|p2b: Koraidon|Flame Charge|p1b: Entei\n|-activate|p1b: Entei|move: Protect\n|\n|-weather|SunnyDay|[upkeep]\n|upkeep\n|turn|2\n|\n|t:|1774427184\n|switch|p1b: Giratina|Giratina-Origin, L50|100/100\n|move|p1a: Chien-Pao|Sucker Punch|p2a: Flutter Mane\n|-damage|p2a: Flutter Mane|7/100\n|move|p2a: Flutter Mane|Moonblast|p1a: Chien-Pao\n|-supereffective|p1a: Chien-Pao\n|-enditem|p1a: Chien-Pao|Focus Sash\n|-damage|p1a: Chien-Pao|1/100\n|-unboost|p1a: Chien-Pao|spa|1\n|move|p2b: Koraidon|Flame Charge|p1a: Chien-Pao\n|-supereffective|p1a: Chien-Pao\n|-damage|p1a: Chien-Pao|0 fnt\n|-boost|p2b: Koraidon|spe|1\n|faint|p1a: Chien-Pao\n|\n|-weather|SunnyDay|[upkeep]\n|upkeep\n|inactive|lstdddsg has 30 seconds left.\n|\n|t:|1774427215\n|switch|p1a: Entei|Entei, L50|100/100\n|turn|3\n|\n|t:|1774427237\n|-end|p2a: Flutter Mane|Protosynthesis|[silent]\n|switch|p2a: Clefairy|Clefairy, L50, F|100/100\n|move|p2b: Koraidon|Protect|p2b: Koraidon\n|-singleturn|p2b: Koraidon|Protect\n|move|p1b: Giratina|Protect|p1b: Giratina\n|-singleturn|p1b: Giratina|Protect\n|move|p1a: Entei|Sacred Fire|p2b: Koraidon\n|-activate|p2b: Koraidon|move: Protect\n|\n|-weather|SunnyDay|[upkeep]\n|upkeep\n|turn|4\n|inactive|lstdddsg has 30 seconds left.\n|inactive|kaiSSTX has 30 seconds left.\n|\n|t:|1774427267\n|-terastallize|p2b: Koraidon|Fire\n|move|p2a: Clefairy|Helping Hand|p2b: Koraidon\n|-singleturn|p2b: Koraidon|Helping Hand|[of] p2a: Clefairy\n|move|p2b: Koraidon|Flare Blitz|p1b: Giratina\n|-resisted|p1b: Giratina\n|-damage|p1b: Giratina|28/100\n|-status|p1b: Giratina|brn\n|-damage|p2b: Koraidon|71/100|[from] Recoil\n|move|p1a: Entei|Sacred Fire|p2a: Clefairy\n|-crit|p2a: Clefairy\n|-damage|p2a: Clefairy|0 fnt\n|faint|p2a: Clefairy\n|-damage|p1a: Entei|91/100|[from] item: Life Orb\n|move|p1b: Giratina|Poltergeist|p2b: Koraidon\n|-activate|p2b: Koraidon|move: Poltergeist|Clear Amulet\n|-damage|p2b: Koraidon|43/100\n|\n|-weather|SunnyDay|[upkeep]\n|-damage|p1b: Giratina|22/100 brn|[from] brn\n|upkeep\n|\n|t:|1774427282\n|switch|p2a: Calyrex|Calyrex-Shadow, L50|100/100\n|-ability|p2a: Calyrex|As One\n|-ability|p2a: Calyrex|Unnerve\n|turn|5\n|inactive|kaiSSTX has 30 seconds left.\n|\n|t:|1774427312\n|-terastallize|p1a: Entei|Normal\n|move|p2b: Koraidon|Protect|p2b: Koraidon\n|-singleturn|p2b: Koraidon|Protect\n|move|p1a: Entei|Extreme Speed|p2b: Koraidon\n|-activate|p2b: Koraidon|move: Protect\n|move|p1b: Giratina|Shadow Sneak|p2b: Koraidon\n|-activate|p2b: Koraidon|move: Protect\n|move|p2a: Calyrex|Astral Barrage|p1b: Giratina|[spread] p1b\n|-immune|p1a: Entei\n|-supereffective|p1b: Giratina\n|-damage|p1b: Giratina|0 fnt\n|faint|p1b: Giratina\n|-ability|p2a: Calyrex|Grim Neigh|boost\n|-boost|p2a: Calyrex|spa|1\n|-damage|p2a: Calyrex|91/100|[from] item: Life Orb\n|\n|-weather|none\n|upkeep\n|\n|t:|1774427332\n|switch|p1b: Zamazenta|Zamazenta-Crowned, L50|100/100\n|-ability|p1b: Zamazenta|Dauntless Shield|boost\n|-boost|p1b: Zamazenta|def|1\n|turn|6\n|inactive|lstdddsg has 30 seconds left.\n|\n|t:|1774427361\n|move|p2b: Koraidon|Collision Course|p1a: Entei\n|-supereffective|p1a: Entei\n|-damage|p1a: Entei|0 fnt\n|faint|p1a: Entei\n|move|p2a: Calyrex|Psychic|p1b: Zamazenta\n|-damage|p1b: Zamazenta|37/100\n|-damage|p2a: Calyrex|81/100|[from] item: Life Orb\n|move|p1b: Zamazenta|Behemoth Bash|p2b: Koraidon\n|-resisted|p2b: Koraidon\n|-damage|p2b: Koraidon|26/100\n|\n|upkeep\n|turn|7\n|-message|lstdddsg forfeited.\n|\n|win|kaiSSTX\n|raw|lstdddsg's rating: 1478 &rarr; <strong>1454</strong><br />(-24 for losing)\n|raw|kaiSSTX's rating: 1402 &rarr; <strong>1426</strong><br />(+24 for winning)\n|l|\u2606lstdddsg\n|player|p1|\n|l|\u2606kaiSSTX\n|player|p2|\n","uploadtime":1774427540,"views":14,"formatid":"gen9vgc2026regi","rating":1426,"private":0,"password":null}