{"id":"gen9vgc2026regi-2536545417","format":"[Gen 9] VGC 2026 Reg I","players":["EllenJoe2026","no1.pokemon"],"log":"|j|\u2606EllenJoe2026\n|j|\u2606no1.pokemon\n|t:|1770702853\n|gametype|doubles\n|player|p1|EllenJoe2026|iono|1323\n|player|p2|no1.pokemon|n-masters|1408\n|gen|9\n|tier|[Gen 9] VGC 2026 Reg I\n|rated|\n|rule|Species Clause: Limit one of each Pok\u00e9mon\n|rule|Item Clause: Limit 1 of each item\n|clearpoke\n|poke|p1|Calyrex-Ice, L50|\n|poke|p1|Kyogre, L50|\n|poke|p1|Tornadus, L50, M|\n|poke|p1|Urshifu-*, L50, F|\n|poke|p1|Indeedee-F, L50, F|\n|poke|p1|Smeargle, L50, F|\n|poke|p2|Koraidon, L50|\n|poke|p2|Farigiraf, L50, M|\n|poke|p2|Whimsicott, L50, F|\n|poke|p2|Miraidon, L50|\n|poke|p2|Chien-Pao, L50|\n|poke|p2|Entei, L50|\n|teampreview|4\n|inactive|Battle timer is ON: inactive players will automatically lose when time's up. (requested by no1.pokemon)\n|inactive|EllenJoe2026 also wants the timer to be on.\n|\n|t:|1770702866\n|teamsize|p1|4\n|teamsize|p2|4\n|start\n|switch|p1a: Calyrex|Calyrex-Ice, L50|100/100\n|switch|p1b: Indeedee|Indeedee-F, L50, F, shiny|100/100\n|switch|p2a: Chien-Pao|Chien-Pao, L50|100/100\n|switch|p2b: Farigiraf|Farigiraf, L50, M|100/100\n|-ability|p1a: Calyrex|As One\n|-ability|p1a: Calyrex|Unnerve\n|-ability|p2a: Chien-Pao|Sword of Ruin\n|-fieldstart|move: Psychic Terrain|[from] ability: Psychic Surge|[of] p1b: Indeedee\n|turn|1\n|\n|t:|1770702873\n|-terastallize|p1a: Calyrex|Grass\n|move|p1b: Indeedee|Helping Hand|p1a: Calyrex\n|-singleturn|p1a: Calyrex|Helping Hand|[of] p1b: Indeedee\n|move|p2a: Chien-Pao|Crunch|p1b: Indeedee\n|-supereffective|p1b: Indeedee\n|-damage|p1b: Indeedee|8/100\n|-enditem|p1b: Indeedee|Eject Button\n|\n|t:|1770702878\n|switch|p1b: Tornadus|Tornadus, L50, M, shiny|100/100\n|move|p1a: Calyrex|Glacial Lance|p2b: Farigiraf|[spread] p2a,p2b\n|-resisted|p2a: Chien-Pao\n|-damage|p2a: Chien-Pao|46/100\n|-damage|p2b: Farigiraf|0 fnt\n|faint|p2b: Farigiraf\n|-ability|p1a: Calyrex|Chilling Neigh|boost\n|-boost|p1a: Calyrex|atk|1\n|\n|upkeep\n|\n|t:|1770702883\n|switch|p2b: Koraidon|Koraidon, L50, shiny|100/100\n|-weather|SunnyDay|[from] ability: Orichalcum Pulse|[of] p2b: Koraidon\n|-activate|p2b: Koraidon|Orichalcum Pulse|[source]\n|turn|2\n|\n|t:|1770702906\n|-terastallize|p2b: Koraidon|Fire\n|move|p1b: Tornadus|Rain Dance|p1b: Tornadus\n|-weather|RainDance\n|move|p2a: Chien-Pao|Icicle Crash|p1a: Calyrex\n|-supereffective|p1a: Calyrex\n|-damage|p1a: Calyrex|25/100\n|move|p2b: Koraidon|Flare Blitz|p1b: Tornadus\n|-damage|p1b: Tornadus|50/100\n|-damage|p2b: Koraidon|86/100|[from] Recoil\n|move|p1a: Calyrex|Glacial Lance|p2a: Chien-Pao|[spread] p2a,p2b\n|-resisted|p2a: Chien-Pao\n|-resisted|p2b: Koraidon\n|-damage|p2a: Chien-Pao|0 fnt\n|-damage|p2b: Koraidon|44/100\n|faint|p2a: Chien-Pao\n|-ability|p1a: Calyrex|Chilling Neigh|boost\n|-boost|p1a: Calyrex|atk|1\n|\n|-weather|RainDance|[upkeep]\n|upkeep\n|\n|t:|1770702918\n|switch|p2a: Miraidon|Miraidon, L50|100/100\n|-fieldstart|move: Electric Terrain|[from] ability: Hadron Engine|[of] p2a: Miraidon\n|turn|3\n|\n|t:|1770702935\n|switch|p1a: Indeedee|Indeedee-F, L50, F, shiny|8/100\n|-fieldstart|move: Psychic Terrain|[from] ability: Psychic Surge|[of] p1a: Indeedee\n|move|p1b: Tornadus|Tailwind|p1b: Tornadus\n|-sidestart|p1: EllenJoe2026|move: Tailwind\n|move|p2a: Miraidon|Electro Drift|p1b: Tornadus\n|-supereffective|p1b: Tornadus\n|-damage|p1b: Tornadus|0 fnt\n|faint|p1b: Tornadus\n|move|p2b: Koraidon|Flame Charge|p1a: Indeedee\n|-damage|p1a: Indeedee|0 fnt\n|-boost|p2b: Koraidon|spe|1\n|faint|p1a: Indeedee\n|\n|-weather|RainDance|[upkeep]\n|upkeep\n|\n|t:|1770702946\n|switch|p1b: Calyrex|Calyrex-Ice, L50, tera:Grass|25/100\n|switch|p1a: Kyogre|Kyogre, L50, shiny|100/100\n|-ability|p1b: Calyrex|As One\n|-ability|p1b: Calyrex|Unnerve\n|turn|4\n|\n|t:|1770702959\n|move|p1a: Kyogre|Water Spout|p2a: Miraidon|[spread] p2a,p2b\n|-resisted|p2a: Miraidon\n|-supereffective|p2b: Koraidon\n|-damage|p2a: Miraidon|54/100\n|-damage|p2b: Koraidon|0 fnt\n|faint|p2b: Koraidon\n|move|p2a: Miraidon|Electro Drift|p1b: Calyrex\n|-resisted|p1b: Calyrex\n|-damage|p1b: Calyrex|0 fnt\n|faint|p1b: Calyrex\n|\n|-weather|RainDance|[upkeep]\n|upkeep\n|turn|5\n|\n|t:|1770702967\n|move|p1a: Kyogre|Water Spout|p2a: Miraidon\n|-resisted|p2a: Miraidon\n|-damage|p2a: Miraidon|0 fnt\n|faint|p2a: Miraidon\n|\n|win|EllenJoe2026\n|raw|EllenJoe2026's rating: 1323 &rarr; <strong>1349</strong><br />(+26 for winning)\n|raw|no1.pokemon's rating: 1431 &rarr; <strong>1405</strong><br />(-26 for losing)\n|l|\u2606EllenJoe2026\n|player|p1|\n|l|\u2606no1.pokemon\n|player|p2|\n","uploadtime":1770703179,"views":12,"formatid":"gen9vgc2026regi","rating":1349,"private":0,"password":null}