{"id":"gen9vgc2026regi-2546700723","format":"[Gen 9] VGC 2026 Reg I","players":["EllenJoe2026","ConnerTEP"],"log":"|j|\u2606EllenJoe2026\n|j|\u2606ConnerTEP\n|t:|1771996213\n|gametype|doubles\n|player|p1|EllenJoe2026|iono|1475\n|player|p2|ConnerTEP|acerola-masters2|1548\n|gen|9\n|tier|[Gen 9] VGC 2026 Reg I\n|rated|\n|rule|Species Clause: Limit one of each Pok\u00e9mon\n|rule|Item Clause: Limit 1 of each item\n|clearpoke\n|poke|p1|Calyrex-Shadow, L50|\n|poke|p1|Zamazenta-*, L50|\n|poke|p1|Incineroar, L50, F|\n|poke|p1|Rillaboom, L50, F|\n|poke|p1|Ogerpon-Cornerstone, L50, F|\n|poke|p1|Tornadus, L50, M|\n|poke|p2|Groudon, L50|\n|poke|p2|Calyrex-Shadow, L50|\n|poke|p2|Scream Tail, L50|\n|poke|p2|Raging Bolt, L50|\n|poke|p2|Incineroar, L50, M|\n|poke|p2|Ogerpon-Cornerstone, L50, F|\n|teampreview|4\n|inactive|Battle timer is ON: inactive players will automatically lose when time's up. (requested by ConnerTEP)\n|inactive|EllenJoe2026 also wants the timer to be on.\n|inactive|EllenJoe2026 has 60 seconds left.\n|\n|t:|1771996255\n|teamsize|p1|4\n|teamsize|p2|4\n|start\n|switch|p1a: Calyrex|Calyrex-Shadow, L50|100/100\n|switch|p1b: Incineroar|Incineroar, L50, F, shiny|100/100\n|switch|p2a: Groudon|Groudon, L50|100/100\n|switch|p2b: Scream Tail|Scream Tail, L50|100/100\n|-ability|p1a: Calyrex|As One\n|-ability|p1a: Calyrex|Unnerve\n|-weather|SunnyDay|[from] ability: Drought|[of] p2a: Groudon\n|-activate|p2b: Scream Tail|ability: Protosynthesis\n|-start|p2b: Scream Tail|protosynthesisspe\n|-ability|p1b: Incineroar|Intimidate|boost\n|-fail|p2a: Groudon|unboost|[from] item: Clear Amulet|[of] p2a: Groudon\n|-unboost|p2b: Scream Tail|atk|1\n|turn|1\n|\n|t:|1771996279\n|move|p2b: Scream Tail|Protect|p2b: Scream Tail\n|-singleturn|p2b: Scream Tail|Protect\n|move|p1b: Incineroar|Fake Out|p2a: Groudon\n|-damage|p2a: Groudon|93/100\n|move|p1a: Calyrex|Astral Barrage|p2b: Scream Tail|[spread] p2a\n|-activate|p2b: Scream Tail|move: Protect\n|-damage|p2a: Groudon|38/100\n|cant|p2a: Groudon|flinch\n|\n|-weather|SunnyDay|[upkeep]\n|upkeep\n|turn|2\n|inactive|EllenJoe2026 has 30 seconds left.\n|\n|t:|1771996308\n|switch|p1b: Rillaboom|Rillaboom, L50, F, shiny|100/100\n|-fieldstart|move: Grassy Terrain|[from] ability: Grassy Surge|[of] p1b: Rillaboom\n|move|p1a: Calyrex|Protect|p1a: Calyrex\n|-singleturn|p1a: Calyrex|Protect\n|move|p2b: Scream Tail|Disable|p1a: Calyrex\n|-activate|p1a: Calyrex|move: Protect\n|move|p2a: Groudon|Precipice Blades|p1b: Rillaboom|[spread] p1b\n|-activate|p1a: Calyrex|move: Protect\n|-resisted|p1b: Rillaboom\n|-damage|p1b: Rillaboom|76/100\n|\n|-weather|SunnyDay|[upkeep]\n|-heal|p2a: Groudon|44/100|[from] Grassy Terrain\n|-heal|p1b: Rillaboom|82/100|[from] Grassy Terrain\n|upkeep\n|turn|3\n|\n|t:|1771996331\n|move|p2b: Scream Tail|Protect|p2b: Scream Tail\n|-singleturn|p2b: Scream Tail|Protect\n|move|p2a: Groudon|Protect|p2a: Groudon\n|-singleturn|p2a: Groudon|Protect\n|move|p1b: Rillaboom|Fake Out|p2b: Scream Tail\n|-activate|p2b: Scream Tail|move: Protect\n|move|p1a: Calyrex|Astral Barrage|p2b: Scream Tail|[spread] \n|-activate|p2a: Groudon|move: Protect\n|-activate|p2b: Scream Tail|move: Protect\n|\n|-weather|SunnyDay|[upkeep]\n|-heal|p2a: Groudon|50/100|[from] Grassy Terrain\n|-heal|p1b: Rillaboom|87/100|[from] Grassy Terrain\n|upkeep\n|turn|4\n|inactive|EllenJoe2026 has 30 seconds left.\n|\n|t:|1771996357\n|-terastallize|p2a: Groudon|Fire\n|move|p2b: Scream Tail|Disable|p1a: Calyrex\n|-start|p1a: Calyrex|Disable|Astral Barrage\n|move|p1a: Calyrex|Psychic|p2a: Groudon\n|-damage|p2a: Groudon|3/100\n|move|p2a: Groudon|Bulk Up|p2a: Groudon\n|-boost|p2a: Groudon|atk|1\n|-boost|p2a: Groudon|def|1\n|move|p1b: Rillaboom|Wood Hammer|p2b: Scream Tail\n|-damage|p2b: Scream Tail|41/100\n|-damage|p1b: Rillaboom|66/100|[from] Recoil\n|\n|-weather|SunnyDay|[upkeep]\n|-heal|p2b: Scream Tail|47/100|[from] Grassy Terrain\n|-heal|p2a: Groudon|8/100|[from] Grassy Terrain\n|-heal|p1b: Rillaboom|72/100|[from] Grassy Terrain\n|upkeep\n|turn|5\n|inactive|EllenJoe2026 has 30 seconds left.\n|inactive|EllenJoe2026 has 20 seconds left.\n|\n|t:|1771996393\n|-end|p2b: Scream Tail|Protosynthesis|[silent]\n|switch|p2b: Calyrex|Calyrex-Shadow, L50|100/100\n|-ability|p2b: Calyrex|As One\n|-ability|p2b: Calyrex|Unnerve\n|switch|p1a: Incineroar|Incineroar, L50, F, shiny|100/100\n|-ability|p1a: Incineroar|Intimidate|boost\n|-fail|p2a: Groudon|unboost|[from] item: Clear Amulet|[of] p2a: Groudon\n|-unboost|p2b: Calyrex|atk|1\n|move|p2a: Groudon|Protect|p2a: Groudon\n|-singleturn|p2a: Groudon|Protect\n|move|p1b: Rillaboom|Grassy Glide|p2a: Groudon\n|-activate|p2a: Groudon|move: Protect\n|\n|-weather|none\n|-heal|p2a: Groudon|14/100|[from] Grassy Terrain\n|-heal|p1b: Rillaboom|78/100|[from] Grassy Terrain\n|upkeep\n|turn|6\n|\n|t:|1771996417\n|switch|p2b: Scream Tail|Scream Tail, L50|47/100\n|-enditem|p2b: Scream Tail|Booster Energy\n|-activate|p2b: Scream Tail|ability: Protosynthesis|[fromitem]\n|-start|p2b: Scream Tail|protosynthesisspe\n|move|p2a: Groudon|Protect||[still]\n|-fail|p2a: Groudon\n|move|p1a: Incineroar|Fake Out|p2a: Groudon\n|-damage|p2a: Groudon|9/100\n|move|p1b: Rillaboom|Wood Hammer|p2b: Scream Tail\n|-damage|p2b: Scream Tail|0 fnt\n|faint|p2b: Scream Tail\n|-end|p2b: Scream Tail|Protosynthesis|[silent]\n|-damage|p1b: Rillaboom|61/100|[from] Recoil\n|\n|-heal|p2a: Groudon|15/100|[from] Grassy Terrain\n|-heal|p1b: Rillaboom|67/100|[from] Grassy Terrain\n|-fieldend|move: Grassy Terrain\n|upkeep\n|\n|t:|1771996429\n|switch|p2b: Calyrex|Calyrex-Shadow, L50|100/100\n|-ability|p2b: Calyrex|As One\n|-ability|p2b: Calyrex|Unnerve\n|turn|7\n|inactive|EllenJoe2026 has 30 seconds left.\n|inactive|EllenJoe2026 has 20 seconds left.\n|\n|t:|1771996468\n|-terastallize|p1a: Incineroar|Grass\n|move|p2b: Calyrex|Astral Barrage|p1a: Incineroar|[spread] p1a,p1b\n|-damage|p1a: Incineroar|53/100\n|-damage|p1b: Rillaboom|36/100\n|move|p2a: Groudon|Precipice Blades|p1a: Incineroar|[spread] p1a,p1b\n|-resisted|p1a: Incineroar\n|-resisted|p1b: Rillaboom\n|-damage|p1a: Incineroar|25/100\n|-damage|p1b: Rillaboom|0 fnt\n|faint|p1b: Rillaboom\n|move|p1a: Incineroar|Knock Off|p2b: Calyrex\n|-supereffective|p2b: Calyrex\n|-damage|p2b: Calyrex|0 fnt\n|-enditem|p2b: Calyrex|Covert Cloak|[from] move: Knock Off|[of] p1a: Incineroar\n|faint|p2b: Calyrex\n|\n|upkeep\n|\n|t:|1771996487\n|switch|p2b: Raging Bolt|Raging Bolt, L50|100/100\n|switch|p1b: Calyrex|Calyrex-Shadow, L50|100/100\n|-ability|p1b: Calyrex|As One\n|-ability|p1b: Calyrex|Unnerve\n|turn|8\n|\n|t:|1771996499\n|move|p2a: Groudon|Protect|p2a: Groudon\n|-singleturn|p2a: Groudon|Protect\n|move|p1b: Calyrex|Astral Barrage|p2b: Raging Bolt|[spread] p2b\n|-activate|p2a: Groudon|move: Protect\n|-damage|p2b: Raging Bolt|60/100\n|move|p2b: Raging Bolt|Draco Meteor|p1b: Calyrex\n|-damage|p1b: Calyrex|33/100\n|-unboost|p2b: Raging Bolt|spa|2\n|move|p1a: Incineroar|Parting Shot|p2b: Raging Bolt\n|-unboost|p2b: Raging Bolt|atk|1\n|-unboost|p2b: Raging Bolt|spa|1\n|j| 501JFW\n|-message|ConnerTEP forfeited.\n|\n|win|EllenJoe2026\n|raw|EllenJoe2026's rating: 1475 &rarr; <strong>1499</strong><br />(+24 for winning)\n|raw|ConnerTEP's rating: 1548 &rarr; <strong>1524</strong><br />(-24 for losing)\n|l|\u2606ConnerTEP\n|player|p2|\n|l|\u2606EllenJoe2026\n|player|p1|\n|l| 501JFW\n","uploadtime":1771996711,"views":18,"formatid":"gen9vgc2026regi","rating":1499,"private":0,"password":null}