{"id":"gen9vgc2026regi-2587094592","format":"[Gen 9] VGC 2026 Reg I","players":["kyoshimon","13579HXM"],"log":"|j|\u2606kyoshimon\n|j|\u260613579HXM\n|t:|1776492592\n|gametype|doubles\n|player|p1|kyoshimon|cynthia-gen4|1422\n|player|p2|13579HXM|dawn|1529\n|gen|9\n|tier|[Gen 9] VGC 2026 Reg I\n|rated|\n|rule|Species Clause: Limit one of each Pok\u00e9mon\n|rule|Item Clause: Limit 1 of each item\n|clearpoke\n|poke|p1|Kyogre, L50|\n|poke|p1|Chien-Pao, L50|\n|poke|p1|Landorus, L50, M|\n|poke|p1|Zamazenta-*, L50|\n|poke|p1|Iron Jugulis, L50|\n|poke|p1|Amoonguss, L50, F|\n|poke|p2|Calyrex-Shadow, L50|\n|poke|p2|Zamazenta-*, L50|\n|poke|p2|Chien-Pao, L50|\n|poke|p2|Dragonite, L50, F|\n|poke|p2|Incineroar, L50, F|\n|poke|p2|Amoonguss, L50, F|\n|teampreview|4\n|inactive|Battle timer is ON: inactive players will automatically lose when time's up. (requested by kyoshimon)\n|inactive|kyoshimon has 60 seconds left.\n|inactive|13579HXM has 60 seconds left.\n|\n|t:|1776492634\n|teamsize|p1|4\n|teamsize|p2|4\n|start\n|switch|p1a: Kyogre|Kyogre, L50|100/100\n|switch|p1b: Amoonguss|Amoonguss, L50, F|100/100\n|switch|p2a: Zamazenta|Zamazenta-Crowned, L50|100/100\n|switch|p2b: Chien-Pao|Chien-Pao, L50|100/100\n|-ability|p2b: Chien-Pao|Sword of Ruin\n|-ability|p2a: Zamazenta|Dauntless Shield|boost\n|-boost|p2a: Zamazenta|def|1\n|-weather|RainDance|[from] ability: Drizzle|[of] p1a: Kyogre\n|turn|1\n|\n|t:|1776492657\n|-terastallize|p2a: Zamazenta|Dragon\n|-terastallize|p1b: Amoonguss|Fire\n|move|p1a: Kyogre|Protect|p1a: Kyogre\n|-singleturn|p1a: Kyogre|Protect\n|move|p2b: Chien-Pao|Ice Spinner|p1b: Amoonguss\n|-resisted|p1b: Amoonguss\n|-damage|p1b: Amoonguss|80/100\n|-damage|p2b: Chien-Pao|84/100|[from] item: Rocky Helmet|[of] p1b: Amoonguss\n|move|p2a: Zamazenta|Body Press|p1b: Amoonguss\n|-damage|p1b: Amoonguss|9/100\n|-damage|p2a: Zamazenta|84/100|[from] item: Rocky Helmet|[of] p1b: Amoonguss\n|move|p1b: Amoonguss|Spore|p2a: Zamazenta\n|-status|p2a: Zamazenta|slp|[from] move: Spore\n|\n|-weather|RainDance|[upkeep]\n|upkeep\n|turn|2\n|\n|t:|1776492680\n|switch|p1b: Zamazenta|Zamazenta-Crowned, L50|100/100\n|-ability|p1b: Zamazenta|Dauntless Shield|boost\n|-boost|p1b: Zamazenta|def|1\n|move|p2b: Chien-Pao|Protect|p2b: Chien-Pao\n|-singleturn|p2b: Chien-Pao|Protect\n|cant|p2a: Zamazenta|slp\n|move|p1a: Kyogre|Water Spout|p2b: Chien-Pao|[spread] p2a\n|-activate|p2b: Chien-Pao|move: Protect\n|-resisted|p2a: Zamazenta\n|-damage|p2a: Zamazenta|42/100 slp\n|\n|-weather|RainDance|[upkeep]\n|upkeep\n|turn|3\n|inactive|13579HXM has 30 seconds left.\n|inactive|13579HXM has 20 seconds left.\n|inactive|13579HXM has 15 seconds left.\n|inactive|13579HXM has 10 seconds left.\n|\n|t:|1776492726\n|move|p2b: Chien-Pao|Sucker Punch|p1a: Kyogre\n|-damage|p1a: Kyogre|57/100\n|-curestatus|p2a: Zamazenta|slp|[msg]\n|move|p2a: Zamazenta|Body Press|p1b: Zamazenta\n|-supereffective|p1b: Zamazenta\n|-damage|p1b: Zamazenta|29/100\n|move|p1b: Zamazenta|Behemoth Bash|p2a: Zamazenta\n|-damage|p2a: Zamazenta|20/100\n|move|p1a: Kyogre|Water Spout|p2a: Zamazenta|[spread] p2a,p2b\n|-resisted|p2a: Zamazenta\n|-damage|p2a: Zamazenta|0 fnt\n|-damage|p2b: Chien-Pao|0 fnt\n|faint|p2a: Zamazenta\n|faint|p2b: Chien-Pao\n|\n|-weather|RainDance|[upkeep]\n|upkeep\n|\n|t:|1776492744\n|switch|p2b: Dragonite|Dragonite, L50, F|100/100\n|switch|p2a: Calyrex|Calyrex-Shadow, L50|100/100\n|-ability|p2a: Calyrex|As One\n|-ability|p2a: Calyrex|Unnerve\n|turn|4\n|inactive|kyoshimon has 30 seconds left.\n|\n|t:|1776492778\n|move|p2a: Calyrex|Protect|p2a: Calyrex\n|-singleturn|p2a: Calyrex|Protect\n|move|p1a: Kyogre|Protect|p1a: Kyogre\n|-singleturn|p1a: Kyogre|Protect\n|move|p2b: Dragonite|Extreme Speed|p1a: Kyogre\n|-activate|p1a: Kyogre|move: Protect\n|move|p1b: Zamazenta|Behemoth Bash|p2b: Dragonite\n|-damage|p2b: Dragonite|58/100\n|\n|-weather|RainDance|[upkeep]\n|upkeep\n|turn|5\n|inactive|kyoshimon has 30 seconds left.\n|\n|t:|1776492812\n|move|p1b: Zamazenta|Protect|p1b: Zamazenta\n|-singleturn|p1b: Zamazenta|Protect\n|move|p2b: Dragonite|Extreme Speed|p1a: Kyogre\n|-damage|p1a: Kyogre|16/100\n|move|p2a: Calyrex|Astral Barrage|p1a: Kyogre|[spread] p1a\n|-activate|p1b: Zamazenta|move: Protect\n|-damage|p1a: Kyogre|0 fnt\n|faint|p1a: Kyogre\n|-ability|p2a: Calyrex|Grim Neigh|boost\n|-boost|p2a: Calyrex|spa|1\n|-damage|p2a: Calyrex|91/100|[from] item: Life Orb\n|\n|-weather|none\n|upkeep\n|\n|t:|1776492820\n|switch|p1a: Iron Jugulis|Iron Jugulis, L50|100/100\n|-enditem|p1a: Iron Jugulis|Booster Energy\n|-activate|p1a: Iron Jugulis|ability: Quark Drive|[fromitem]\n|-start|p1a: Iron Jugulis|quarkdrivespe\n|turn|6\n|\n|t:|1776492837\n|move|p2a: Calyrex|Protect|p2a: Calyrex\n|-singleturn|p2a: Calyrex|Protect\n|move|p2b: Dragonite|Extreme Speed|p1a: Iron Jugulis\n|-damage|p1a: Iron Jugulis|60/100\n|move|p1a: Iron Jugulis|Tailwind|p1a: Iron Jugulis\n|-sidestart|p1: kyoshimon|move: Tailwind\n|move|p1b: Zamazenta|Behemoth Bash|p2b: Dragonite\n|-damage|p2b: Dragonite|19/100\n|\n|upkeep\n|turn|7\n|\n|t:|1776492860\n|move|p2a: Calyrex|Protect||[still]\n|-fail|p2a: Calyrex\n|move|p2b: Dragonite|Extreme Speed|p1a: Iron Jugulis\n|-damage|p1a: Iron Jugulis|20/100\n|move|p1a: Iron Jugulis|Snarl|p2b: Dragonite|[spread] p2a,p2b\n|-supereffective|p2a: Calyrex\n|-damage|p2a: Calyrex|27/100\n|-damage|p2b: Dragonite|4/100\n|-unboost|p2a: Calyrex|spa|1\n|-unboost|p2b: Dragonite|spa|1\n|move|p1b: Zamazenta|Behemoth Bash|p2a: Calyrex\n|-damage|p2a: Calyrex|0 fnt\n|faint|p2a: Calyrex\n|\n|upkeep\n|turn|8\n|j| testerman0059\n|\n|t:|1776492878\n|move|p2b: Dragonite|Extreme Speed|p1a: Iron Jugulis\n|-damage|p1a: Iron Jugulis|0 fnt\n|faint|p1a: Iron Jugulis\n|-end|p1a: Iron Jugulis|Quark Drive|[silent]\n|move|p1b: Zamazenta|Behemoth Bash|p2b: Dragonite\n|-damage|p2b: Dragonite|0 fnt\n|faint|p2b: Dragonite\n|\n|win|kyoshimon\n|raw|kyoshimon's rating: 1422 &rarr; <strong>1448</strong><br />(+26 for winning)\n|raw|13579HXM's rating: 1529 &rarr; <strong>1503</strong><br />(-26 for losing)\n|l|\u260613579HXM\n|player|p2|\n","uploadtime":1776492885,"views":170,"formatid":"gen9vgc2026regi","rating":1448,"private":0,"password":null}