{"id":"gen9vgc2026regi-2558167491","format":"[Gen 9] VGC 2026 Reg I","players":["ScapegoatSkunk","blackred123\u6c38\u96cf\u5854\u83f2\u4fa0"],"log":"|j|\u2606ScapegoatSkunk\n|j|\u2606blackred123\u6c38\u96cf\u5854\u83f2\u4fa0\n|t:|1773410133\n|gametype|doubles\n|player|p1|ScapegoatSkunk|265|1468\n|player|p2|blackred123\u6c38\u96cf\u5854\u83f2\u4fa0|iono-masters|1470\n|gen|9\n|tier|[Gen 9] VGC 2026 Reg I\n|rated|\n|rule|Species Clause: Limit one of each Pok\u00e9mon\n|rule|Item Clause: Limit 1 of each item\n|clearpoke\n|poke|p1|Zacian-*, L50|\n|poke|p1|Farigiraf, L50, M|\n|poke|p1|Tornadus, L50, M|\n|poke|p1|Rillaboom, L50, M|\n|poke|p1|Raging Bolt, L50|\n|poke|p1|Calyrex-Shadow, L50|\n|poke|p2|Groudon, L50|\n|poke|p2|Volcarona, L50, M|\n|poke|p2|Incineroar, L50, M|\n|poke|p2|Miraidon, L50|\n|poke|p2|Flutter Mane, L50|\n|poke|p2|Chien-Pao, L50|\n|teampreview|4\n|inactive|Battle timer is ON: inactive players will automatically lose when time's up. (requested by blackred123\u6c38\u96cf\u5854\u83f2\u4fa0)\n|\n|t:|1773410162\n|teamsize|p1|4\n|teamsize|p2|4\n|start\n|switch|p1a: Zacian|Zacian-Crowned, L50|100/100\n|switch|p1b: Farigiraf|Farigiraf, L50, M|100/100\n|switch|p2a: \u6c38\u96cf\u5854\u83f2|Groudon, L50|100/100\n|switch|p2b: \u548c\u6211\u6574\u7ffc\u53d1|Flutter Mane, L50|100/100\n|-ability|p1a: Zacian|Intrepid Sword|boost\n|-boost|p1a: Zacian|atk|1\n|-weather|SunnyDay|[from] ability: Drought|[of] p2a: \u6c38\u96cf\u5854\u83f2\n|-activate|p2b: \u548c\u6211\u6574\u7ffc\u53d1|ability: Protosynthesis\n|-start|p2b: \u548c\u6211\u6574\u7ffc\u53d1|protosynthesisspe\n|turn|1\n|\n|t:|1773410182\n|-terastallize|p1a: Zacian|Fighting\n|-terastallize|p2a: \u6c38\u96cf\u5854\u83f2|Fire\n|move|p2b: \u548c\u6211\u6574\u7ffc\u53d1|Moonblast|p1b: Farigiraf\n|-damage|p1b: Farigiraf|59/100\n|move|p1a: Zacian|Behemoth Blade|p2b: \u548c\u6211\u6574\u7ffc\u53d1\n|-supereffective|p2b: \u548c\u6211\u6574\u7ffc\u53d1\n|-enditem|p2b: \u548c\u6211\u6574\u7ffc\u53d1|Focus Sash\n|-damage|p2b: \u548c\u6211\u6574\u7ffc\u53d1|1/100\n|move|p2a: \u6c38\u96cf\u5854\u83f2|Precipice Blades|p1b: Farigiraf|[spread] p1b\n|-miss|p2a: \u6c38\u96cf\u5854\u83f2|p1a: Zacian\n|-damage|p1b: Farigiraf|13/100\n|move|p1b: Farigiraf|Foul Play|p2a: \u6c38\u96cf\u5854\u83f2\n|-damage|p2a: \u6c38\u96cf\u5854\u83f2|75/100\n|\n|-weather|SunnyDay|[upkeep]\n|upkeep\n|turn|2\n|inactive|ScapegoatSkunk has 30 seconds left.\n|\n|t:|1773410212\n|switch|p1b: Tornadus|Tornadus, L50, M|100/100\n|move|p1a: Zacian|Protect|p1a: Zacian\n|-singleturn|p1a: Zacian|Protect\n|move|p2b: \u548c\u6211\u6574\u7ffc\u53d1|Moonblast|p1a: Zacian\n|-activate|p1a: Zacian|move: Protect\n|move|p2a: \u6c38\u96cf\u5854\u83f2|Precipice Blades|p1a: Zacian|[spread] \n|-activate|p1a: Zacian|move: Protect\n|-immune|p1b: Tornadus\n|\n|-weather|SunnyDay|[upkeep]\n|upkeep\n|turn|3\n|\n|t:|1773410228\n|-end|p2b: \u548c\u6211\u6574\u7ffc\u53d1|Protosynthesis|[silent]\n|switch|p2b: \u94f6\u91d1\u5996\u86c7|Miraidon, L50, shiny|100/100\n|-fieldstart|move: Electric Terrain|[from] ability: Hadron Engine|[of] p2b: \u94f6\u91d1\u5996\u86c7\n|move|p1b: Tornadus|Tailwind|p1b: Tornadus\n|-sidestart|p1: ScapegoatSkunk|move: Tailwind\n|move|p1a: Zacian|Behemoth Blade|p2b: \u94f6\u91d1\u5996\u86c7\n|-resisted|p2b: \u94f6\u91d1\u5996\u86c7\n|-damage|p2b: \u94f6\u91d1\u5996\u86c7|69/100\n|move|p2a: \u6c38\u96cf\u5854\u83f2|Rock Slide|p1b: Tornadus|[spread] p1a,p1b\n|-resisted|p1a: Zacian\n|-supereffective|p1b: Tornadus\n|-damage|p1a: Zacian|91/100\n|-damage|p1b: Tornadus|47/100\n|\n|-weather|SunnyDay|[upkeep]\n|upkeep\n|turn|4\n|\n|t:|1773410251\n|switch|p2b: \u548c\u6211\u6574\u7ffc\u53d1|Flutter Mane, L50|1/100\n|-activate|p2b: \u548c\u6211\u6574\u7ffc\u53d1|ability: Protosynthesis\n|-start|p2b: \u548c\u6211\u6574\u7ffc\u53d1|protosynthesisspe\n|move|p1a: Zacian|Play Rough|p2b: \u548c\u6211\u6574\u7ffc\u53d1\n|-damage|p2b: \u548c\u6211\u6574\u7ffc\u53d1|0 fnt\n|faint|p2b: \u548c\u6211\u6574\u7ffc\u53d1\n|-end|p2b: \u548c\u6211\u6574\u7ffc\u53d1|Protosynthesis|[silent]\n|move|p1b: Tornadus|Bleakwind Storm|p2a: \u6c38\u96cf\u5854\u83f2\n|-damage|p2a: \u6c38\u96cf\u5854\u83f2|51/100\n|move|p2a: \u6c38\u96cf\u5854\u83f2|Rock Slide|p1b: Tornadus|[spread] p1a\n|-miss|p2a: \u6c38\u96cf\u5854\u83f2|p1b: Tornadus\n|-resisted|p1a: Zacian\n|-damage|p1a: Zacian|81/100\n|\n|-weather|SunnyDay|[upkeep]\n|upkeep\n|\n|t:|1773410261\n|switch|p2b: \u829d\u58eb\u96ea\u8c79|Chien-Pao, L50|100/100\n|-ability|p2b: \u829d\u58eb\u96ea\u8c79|Sword of Ruin\n|turn|5\n|\n|t:|1773410269\n|move|p2b: \u829d\u58eb\u96ea\u8c79|Sucker Punch|p1b: Tornadus\n|-damage|p1b: Tornadus|0 fnt\n|faint|p1b: Tornadus\n|-damage|p2b: \u829d\u58eb\u96ea\u8c79|91/100|[from] item: Life Orb\n|move|p1a: Zacian|Sacred Sword|p2b: \u829d\u58eb\u96ea\u8c79\n|-supereffective|p2b: \u829d\u58eb\u96ea\u8c79\n|-damage|p2b: \u829d\u58eb\u96ea\u8c79|0 fnt\n|faint|p2b: \u829d\u58eb\u96ea\u8c79\n|move|p2a: \u6c38\u96cf\u5854\u83f2|Precipice Blades|p1a: Zacian\n|-damage|p1a: Zacian|20/100\n|\n|-weather|none\n|upkeep\n|\n|t:|1773410277\n|switch|p2b: \u94f6\u91d1\u5996\u86c7|Miraidon, L50, shiny|69/100\n|switch|p1b: Calyrex|Calyrex-Shadow, L50|100/100\n|-ability|p1b: Calyrex|As One\n|-ability|p1b: Calyrex|Unnerve\n|-activate|p2b: \u94f6\u91d1\u5996\u86c7|ability: Hadron Engine\n|turn|6\n|\n|t:|1773410287\n|move|p1b: Calyrex|Astral Barrage|p2b: \u94f6\u91d1\u5996\u86c7|[spread] p2a,p2b\n|-damage|p2a: \u6c38\u96cf\u5854\u83f2|5/100\n|-damage|p2b: \u94f6\u91d1\u5996\u86c7|14/100\n|-damage|p1b: Calyrex|91/100|[from] item: Life Orb\n|move|p1a: Zacian|Play Rough|p2b: \u94f6\u91d1\u5996\u86c7\n|-supereffective|p2b: \u94f6\u91d1\u5996\u86c7\n|-damage|p2b: \u94f6\u91d1\u5996\u86c7|0 fnt\n|faint|p2b: \u94f6\u91d1\u5996\u86c7\n|move|p2a: \u6c38\u96cf\u5854\u83f2|Precipice Blades|p1a: Zacian|[spread] p1a,p1b\n|-crit|p1a: Zacian\n|-damage|p1a: Zacian|0 fnt\n|-damage|p1b: Calyrex|23/100\n|faint|p1a: Zacian\n|\n|-sideend|p1: ScapegoatSkunk|move: Tailwind\n|upkeep\n|\n|t:|1773410291\n|switch|p1a: Farigiraf|Farigiraf, L50, M|13/100\n|turn|7\n|-message|blackred123\u6c38\u96cf\u5854\u83f2\u4fa0 forfeited.\n|\n|win|ScapegoatSkunk\n|raw|ScapegoatSkunk's rating: 1468 &rarr; <strong>1488</strong><br />(+20 for winning)\n|raw|blackred123\u6c38\u96cf\u5854\u83f2\u4fa0's rating: 1470 &rarr; <strong>1450</strong><br />(-20 for losing)\n|l|\u2606blackred123\u6c38\u96cf\u5854\u83f2\u4fa0\n|player|p2|\n|l|\u2606ScapegoatSkunk\n|player|p1|\n","uploadtime":1773410546,"views":16,"formatid":"gen9vgc2026regi","rating":1450,"private":0,"password":null}