{"id":"gen9vgc2026regi-2572633513","format":"[Gen 9] VGC 2026 Reg I","players":["Nuburu","blackred123"],"log":"|j|\u2606Nuburu\n|j|\u2606blackred123\n|t:|1775050994\n|gametype|doubles\n|player|p1|Nuburu|265|1424\n|player|p2|blackred123|iono-masters|1404\n|gen|9\n|tier|[Gen 9] VGC 2026 Reg I\n|rated|\n|rule|Species Clause: Limit one of each Pok\u00e9mon\n|rule|Item Clause: Limit 1 of each item\n|clearpoke\n|poke|p1|Calyrex-Shadow, L50|\n|poke|p1|Koraidon, L50|\n|poke|p1|Clefairy, L50, M|\n|poke|p1|Flutter Mane, L50|\n|poke|p1|Incineroar, L50, F|\n|poke|p1|Rillaboom, L50, F|\n|poke|p2|Groudon, L50|\n|poke|p2|Volcarona, L50, M|\n|poke|p2|Incineroar, L50, F|\n|poke|p2|Rillaboom, L50, M|\n|poke|p2|Grimmsnarl, L50, M|\n|poke|p2|Miraidon, L50|\n|teampreview|4\n|inactive|Battle timer is ON: inactive players will automatically lose when time's up. (requested by blackred123)\nNuburu has agreed to open team sheets.\n|\n|t:|1775051016\n|teamsize|p1|4\n|teamsize|p2|4\n|start\n|switch|p1a: Calyrex|Calyrex-Shadow, L50|100/100\n|switch|p1b: Incineroar|Incineroar, L50, F|100/100\n|switch|p2a: \u94f6\u91d1\u5996\u86c7|Miraidon, L50, shiny|100/100\n|switch|p2b: Grimmsnarl|Grimmsnarl, L50, M|100/100\n|-ability|p1a: Calyrex|As One\n|-ability|p1a: Calyrex|Unnerve\n|-fieldstart|move: Electric Terrain|[from] ability: Hadron Engine|[of] p2a: \u94f6\u91d1\u5996\u86c7\n|-ability|p1b: Incineroar|Intimidate|boost\n|-unboost|p2a: \u94f6\u91d1\u5996\u86c7|atk|1\n|-unboost|p2b: Grimmsnarl|atk|1\n|turn|1\n|inactive|Nuburu has 30 seconds left.\n|inactive|Nuburu has 20 seconds left.\n|inactive|Nuburu has 15 seconds left.\n|\n|t:|1775051057\n|move|p1b: Incineroar|Fake Out|p2a: \u94f6\u91d1\u5996\u86c7\n|-damage|p2a: \u94f6\u91d1\u5996\u86c7|92/100\n|move|p2b: Grimmsnarl|Light Screen|p2b: Grimmsnarl\n|-sidestart|p2: blackred123|move: Light Screen\n|move|p1a: Calyrex|Nasty Plot|p1a: Calyrex\n|-boost|p1a: Calyrex|spa|2\n|move|p2a: \u94f6\u91d1\u5996\u86c7|Calm Mind|p2a: \u94f6\u91d1\u5996\u86c7\n|-boost|p2a: \u94f6\u91d1\u5996\u86c7|spa|1\n|-boost|p2a: \u94f6\u91d1\u5996\u86c7|spd|1\n|\n|upkeep\n|turn|2\n|inactive|Nuburu has 30 seconds left.\n|\n|t:|1775051090\n|switch|p1b: Clefairy|Clefairy, L50, M|100/100\n|move|p1a: Calyrex|Astral Barrage|p2a: \u94f6\u91d1\u5996\u86c7|[spread] p2a,p2b\n|-resisted|p2b: Grimmsnarl\n|-damage|p2a: \u94f6\u91d1\u5996\u86c7|43/100\n|-damage|p2b: Grimmsnarl|55/100\n|-damage|p1a: Calyrex|91/100|[from] item: Life Orb\n|move|p2a: \u94f6\u91d1\u5996\u86c7|Calm Mind|p2a: \u94f6\u91d1\u5996\u86c7\n|-boost|p2a: \u94f6\u91d1\u5996\u86c7|spa|1\n|-boost|p2a: \u94f6\u91d1\u5996\u86c7|spd|1\n|move|p2b: Grimmsnarl|Spirit Break|p1a: Calyrex\n|-damage|p1a: Calyrex|74/100\n|-unboost|p1a: Calyrex|spa|1\n|\n|upkeep\n|turn|3\n|\n|t:|1775051110\n|switch|p2b: \u6c38\u96cf\u5854\u83f2|Groudon, L50|100/100\n|-weather|SunnyDay|[from] ability: Drought|[of] p2b: \u6c38\u96cf\u5854\u83f2\n|-terastallize|p1b: Clefairy|Ground\n|move|p1b: Clefairy|Follow Me|p1b: Clefairy\n|-singleturn|p1b: Clefairy|move: Follow Me\n|move|p1a: Calyrex|Nasty Plot|p1a: Calyrex\n|-boost|p1a: Calyrex|spa|2\n|move|p2a: \u94f6\u91d1\u5996\u86c7|Parabolic Charge|p1b: Clefairy|[spread] p1a\n|-immune|p2b: \u6c38\u96cf\u5854\u83f2\n|-immune|p1b: Clefairy\n|-damage|p1a: Calyrex|12/100\n|-heal|p2a: \u94f6\u91d1\u5996\u86c7|72/100|[from] drain|[of] p1a: Calyrex\n|\n|-weather|SunnyDay|[upkeep]\n|upkeep\n|turn|4\n|\n|t:|1775051131\n|-terastallize|p2a: \u94f6\u91d1\u5996\u86c7|Fairy\n|move|p1b: Clefairy|Helping Hand|p1a: Calyrex\n|-singleturn|p1a: Calyrex|Helping Hand|[of] p1b: Clefairy\n|move|p1a: Calyrex|Astral Barrage|p2a: \u94f6\u91d1\u5996\u86c7|[spread] p2a,p2b\n|-crit|p2b: \u6c38\u96cf\u5854\u83f2\n|-damage|p2a: \u94f6\u91d1\u5996\u86c7|9/100\n|-damage|p2b: \u6c38\u96cf\u5854\u83f2|0 fnt\n|faint|p2b: \u6c38\u96cf\u5854\u83f2\n|-ability|p1a: Calyrex|Grim Neigh|boost\n|-boost|p1a: Calyrex|spa|1\n|-damage|p1a: Calyrex|2/100|[from] item: Life Orb\n|move|p2a: \u94f6\u91d1\u5996\u86c7|Dazzling Gleam|p1b: Clefairy|[spread] p1a,p1b\n|-damage|p1a: Calyrex|0 fnt\n|-damage|p1b: Clefairy|25/100\n|faint|p1a: Calyrex\n|\n|-weather|SunnyDay|[upkeep]\n|upkeep\n|\n|t:|1775051146\n|switch|p1a: Koraidon|Koraidon, L50|100/100\n|switch|p2b: \u516d\u7ffc\u4e01\u771f|Volcarona, L50, M|100/100\n|-activate|p1a: Koraidon|ability: Orichalcum Pulse\n|-enditem|p2b: \u516d\u7ffc\u4e01\u771f|Electric Seed\n|-boost|p2b: \u516d\u7ffc\u4e01\u771f|def|1|[from] item: Electric Seed\n|turn|5\n|\n|t:|1775051156\n|switch|p1b: Incineroar|Incineroar, L50, F|100/100\n|-ability|p1b: Incineroar|Intimidate|boost\n|-unboost|p2a: \u94f6\u91d1\u5996\u86c7|atk|1\n|-unboost|p2b: \u516d\u7ffc\u4e01\u771f|atk|1\n|move|p1a: Koraidon|Protect|p1a: Koraidon\n|-singleturn|p1a: Koraidon|Protect\n|move|p2a: \u94f6\u91d1\u5996\u86c7|Dazzling Gleam|p1a: Koraidon|[spread] p1b\n|-activate|p1a: Koraidon|move: Protect\n|-damage|p1b: Incineroar|39/100\n|move|p2b: \u516d\u7ffc\u4e01\u771f|Quiver Dance|p2b: \u516d\u7ffc\u4e01\u771f\n|-boost|p2b: \u516d\u7ffc\u4e01\u771f|spa|1\n|-boost|p2b: \u516d\u7ffc\u4e01\u771f|spd|1\n|-boost|p2b: \u516d\u7ffc\u4e01\u771f|spe|1\n|\n|-weather|SunnyDay|[upkeep]\n|-fieldend|move: Electric Terrain\n|upkeep\n|turn|6\n|inactive|blackred123 has 30 seconds left.\n|inactive|blackred123 has 20 seconds left.\n|\n|t:|1775051192\n|move|p1b: Incineroar|Fake Out|p2a: \u94f6\u91d1\u5996\u86c7\n|-damage|p2a: \u94f6\u91d1\u5996\u86c7|1/100\n|move|p2b: \u516d\u7ffc\u4e01\u771f|Heat Wave|p1a: Koraidon|[spread] p1a,p1b\n|-resisted|p1a: Koraidon\n|-resisted|p1b: Incineroar\n|-damage|p1a: Koraidon|70/100\n|-damage|p1b: Incineroar|9/100\n|move|p1a: Koraidon|Flame Charge|p2b: \u516d\u7ffc\u4e01\u771f\n|-damage|p2b: \u516d\u7ffc\u4e01\u771f|63/100\n|-boost|p1a: Koraidon|spe|1\n|move|p2a: \u94f6\u91d1\u5996\u86c7|Dazzling Gleam|p1a: Koraidon|[spread] p1a,p1b\n|-supereffective|p1a: Koraidon\n|-damage|p1a: Koraidon|0 fnt\n|-damage|p1b: Incineroar|0 fnt\n|faint|p1a: Koraidon\n|faint|p1b: Incineroar\n|\n|-weather|SunnyDay|[upkeep]\n|upkeep\n|-message|Nuburu forfeited.\n|\n|win|blackred123\n|raw|Nuburu's rating: 1424 &rarr; <strong>1403</strong><br />(-21 for losing)\n|raw|blackred123's rating: 1404 &rarr; <strong>1425</strong><br />(+21 for winning)\n|l|\u2606Nuburu\n|player|p1|\n","uploadtime":1775051215,"views":15,"formatid":"gen9vgc2026regi","rating":1403,"private":0,"password":null}