{"id":"gen9vgc2026regi-2578954135","format":"[Gen 9] VGC 2026 Reg I","players":["TitusLance","buggybrain"],"log":"|j|\u2606TitusLance\n|j|\u2606buggybrain\n|t:|1775740028\n|gametype|doubles\n|player|p1|TitusLance|hiker-gen4|1479\n|player|p2|buggybrain|hiker-gen4|1574\n|gen|9\n|tier|[Gen 9] VGC 2026 Reg I\n|rated|\n|rule|Species Clause: Limit one of each Pok\u00e9mon\n|rule|Item Clause: Limit 1 of each item\n|clearpoke\n|poke|p1|Calyrex-Ice, L50|\n|poke|p1|Kyogre, L50|\n|poke|p1|Rillaboom, L50, M|\n|poke|p1|Mimikyu, L50, F|\n|poke|p1|Incineroar, L50, M|\n|poke|p1|Grimmsnarl, L50, M|\n|poke|p2|Chien-Pao, L50|\n|poke|p2|Zacian-*, L50|\n|poke|p2|Kyogre, L50|\n|poke|p2|Urshifu-*, L50, M|\n|poke|p2|Roaring Moon, L50|\n|poke|p2|Amoonguss, L50, M|\n|teampreview|4\n|inactive|Battle timer is ON: inactive players will automatically lose when time's up. (requested by TitusLance)\n|\n|t:|1775740082\n|teamsize|p1|4\n|teamsize|p2|4\n|start\n|switch|p1a: Grimmsnarl|Grimmsnarl, L50, M|100/100\n|switch|p1b: Incineroar|Incineroar, L50, M|100/100\n|switch|p2a: Vulcan|Urshifu-Rapid-Strike, L50, M|100/100\n|switch|p2b: Runaway|Kyogre, L50, shiny|100/100\n|-weather|RainDance|[from] ability: Drizzle|[of] p2b: Runaway\n|-ability|p1b: Incineroar|Intimidate|boost\n|-unboost|p2a: Vulcan|atk|1\n|-unboost|p2b: Runaway|atk|1\n|turn|1\n|\n|t:|1775740100\n|-terastallize|p1b: Incineroar|Grass\n|move|p1b: Incineroar|Fake Out|p2b: Runaway\n|-damage|p2b: Runaway|92/100\n|move|p1a: Grimmsnarl|Light Screen|p1a: Grimmsnarl\n|-sidestart|p1: TitusLance|move: Light Screen\n|move|p2a: Vulcan|Surging Strikes|p1a: Grimmsnarl\n|-crit|p1a: Grimmsnarl\n|-damage|p1a: Grimmsnarl|56/100\n|-crit|p1a: Grimmsnarl\n|-damage|p1a: Grimmsnarl|6/100\n|-crit|p1a: Grimmsnarl\n|-damage|p1a: Grimmsnarl|0 fnt\n|faint|p1a: Grimmsnarl\n|-hitcount|p1: Grimmsnarl|3\n|cant|p2b: Runaway|flinch\n|\n|-weather|RainDance|[upkeep]\n|upkeep\n|\n|t:|1775740111\n|switch|p1a: Kyogre|Kyogre, L50|100/100\n|turn|2\n|\n|t:|1775740122\n|move|p2a: Vulcan|Surging Strikes|p1a: Kyogre\n|-resisted|p1a: Kyogre\n|-crit|p1a: Kyogre\n|-damage|p1a: Kyogre|86/100\n|-resisted|p1a: Kyogre\n|-crit|p1a: Kyogre\n|-damage|p1a: Kyogre|70/100\n|-resisted|p1a: Kyogre\n|-crit|p1a: Kyogre\n|-damage|p1a: Kyogre|56/100\n|-hitcount|p1a: Kyogre|3\n|move|p2b: Runaway|Origin Pulse|p1a: Kyogre|[spread] p1a,p1b\n|-resisted|p1a: Kyogre\n|-resisted|p1b: Incineroar\n|-damage|p1a: Kyogre|36/100\n|-damage|p1b: Incineroar|72/100\n|move|p1b: Incineroar|Will-O-Wisp|p2a: Vulcan\n|-status|p2a: Vulcan|brn\n|move|p1a: Kyogre|Calm Mind|p1a: Kyogre\n|-boost|p1a: Kyogre|spa|1\n|-boost|p1a: Kyogre|spd|1\n|\n|-weather|RainDance|[upkeep]\n|-heal|p1a: Kyogre|42/100|[from] item: Leftovers\n|-damage|p2a: Vulcan|95/100 brn|[from] brn\n|upkeep\n|turn|3\n|\n|t:|1775740145\n|move|p2a: Vulcan|Surging Strikes|p1a: Kyogre\n|-resisted|p1a: Kyogre\n|-crit|p1a: Kyogre\n|-damage|p1a: Kyogre|34/100\n|-resisted|p1a: Kyogre\n|-crit|p1a: Kyogre\n|-damage|p1a: Kyogre|27/100\n|-resisted|p1a: Kyogre\n|-crit|p1a: Kyogre\n|-damage|p1a: Kyogre|20/100\n|-hitcount|p1a: Kyogre|3\n|move|p2b: Runaway|Water Spout|p1b: Incineroar|[spread] p1a,p1b\n|-resisted|p1a: Kyogre\n|-resisted|p1b: Incineroar\n|-damage|p1a: Kyogre|4/100\n|-damage|p1b: Incineroar|36/100\n|-enditem|p1b: Incineroar|Sitrus Berry|[eat]\n|-heal|p1b: Incineroar|61/100|[from] item: Sitrus Berry\n|move|p1b: Incineroar|Snarl|p2b: Runaway|[spread] p2a\n|-miss|p1b: Incineroar|p2b: Runaway\n|-resisted|p2a: Vulcan\n|-damage|p2a: Vulcan|86/100 brn\n|-unboost|p2a: Vulcan|spa|1\n|move|p1a: Kyogre|Origin Pulse|p2a: Vulcan|[spread] p2a,p2b\n|-resisted|p2a: Vulcan\n|-resisted|p2b: Runaway\n|-damage|p2a: Vulcan|23/100 brn\n|-damage|p2b: Runaway|59/100\n|\n|-weather|RainDance|[upkeep]\n|-heal|p1a: Kyogre|10/100|[from] item: Leftovers\n|-damage|p2a: Vulcan|17/100 brn|[from] brn\n|upkeep\n|turn|4\n|inactive|TitusLance has 30 seconds left.\n|\n|t:|1775740175\n|move|p1a: Kyogre|Protect|p1a: Kyogre\n|-singleturn|p1a: Kyogre|Protect\n|move|p2a: Vulcan|Surging Strikes|p1a: Kyogre\n|-resisted|p1a: Kyogre\n|-crit|p1a: Kyogre\n|-damage|p1a: Kyogre|3/100\n|-resisted|p1a: Kyogre\n|-crit|p1a: Kyogre\n|-damage|p1a: Kyogre|0 fnt\n|faint|p1a: Kyogre\n|-hitcount|p1: Kyogre|2\n|move|p2b: Runaway|Water Spout|p1b: Incineroar\n|-resisted|p1b: Incineroar\n|-damage|p1b: Incineroar|33/100\n|move|p1b: Incineroar|Snarl|p2b: Runaway|[spread] p2a,p2b\n|-resisted|p2a: Vulcan\n|-damage|p2a: Vulcan|8/100 brn\n|-damage|p2b: Runaway|51/100\n|-unboost|p2a: Vulcan|spa|1\n|-unboost|p2b: Runaway|spa|1\n|\n|-weather|RainDance|[upkeep]\n|-damage|p2a: Vulcan|3/100 brn|[from] brn\n|upkeep\n|\n|t:|1775740181\n|switch|p1a: Calyrex|Calyrex-Ice, L50|100/100\n|-ability|p1a: Calyrex|As One\n|-ability|p1a: Calyrex|Unnerve\n|turn|5\n|\n|t:|1775740198\n|move|p2a: Vulcan|Surging Strikes|p1a: Calyrex\n|-crit|p1a: Calyrex\n|-damage|p1a: Calyrex|89/100\n|-crit|p1a: Calyrex\n|-damage|p1a: Calyrex|78/100\n|-crit|p1a: Calyrex\n|-damage|p1a: Calyrex|67/100\n|-hitcount|p1a: Calyrex|3\n|move|p2b: Runaway|Origin Pulse|p1a: Calyrex|[spread] p1b\n|-miss|p2b: Runaway|p1a: Calyrex\n|-resisted|p1b: Incineroar\n|-damage|p1b: Incineroar|16/100\n|move|p1b: Incineroar|Snarl|p2b: Runaway|[spread] p2a,p2b\n|-resisted|p2a: Vulcan\n|-damage|p2a: Vulcan|0 fnt\n|-damage|p2b: Runaway|43/100\n|-unboost|p2b: Runaway|spa|1\n|faint|p2a: Vulcan\n|move|p1a: Calyrex|Glacial Lance|p2b: Runaway\n|-resisted|p2b: Runaway\n|-damage|p2b: Runaway|9/100\n|\n|-weather|none\n|upkeep\n|\n|t:|1775740216\n|switch|p2a: Prince|Zacian-Crowned, L50, shiny|100/100\n|-ability|p2a: Prince|Intrepid Sword|boost\n|-boost|p2a: Prince|atk|1\n|turn|6\n|\n|t:|1775740225\n|move|p1a: Calyrex|Protect|p1a: Calyrex\n|-singleturn|p1a: Calyrex|Protect\n|move|p2a: Prince|Behemoth Blade|p1b: Incineroar\n|-damage|p1b: Incineroar|0 fnt\n|faint|p1b: Incineroar\n|move|p2b: Runaway|Origin Pulse|p1a: Calyrex\n|-activate|p1a: Calyrex|move: Protect\n|\n|upkeep\n|turn|7\n|-message|TitusLance forfeited.\n|\n|win|buggybrain\n|raw|TitusLance's rating: 1479 &rarr; <strong>1464</strong><br />(-15 for losing)\n|raw|buggybrain's rating: 1574 &rarr; <strong>1589</strong><br />(+15 for winning)\n|l|\u2606TitusLance\n|player|p1|\n|l|\u2606buggybrain\n|player|p2|\n","uploadtime":1775740492,"views":8,"formatid":"gen9vgc2026regi","rating":1464,"private":0,"password":null}