{"id":"gen9vgc2026regi-2560158966","format":"[Gen 9] VGC 2026 Reg I","players":["ohko_muk","jonen"],"log":"|j|\u2606ohko_muk\n|j|\u2606jonen\n|t:|1773660486\n|gametype|doubles\n|player|p1|ohko_muk|gambler|1253\n|player|p2|jonen|medium|1203\n|gen|9\n|tier|[Gen 9] VGC 2026 Reg I\n|rated|\n|rule|Species Clause: Limit one of each Pok\u00e9mon\n|rule|Item Clause: Limit 1 of each item\n|clearpoke\n|poke|p1|Calyrex-Shadow, L50|\n|poke|p1|Zamazenta-*, L50|\n|poke|p1|Chien-Pao, L50|\n|poke|p1|Dragonite, L50, M|\n|poke|p1|Amoonguss, L50, M|\n|poke|p1|Ogerpon-Cornerstone, L50, F|\n|poke|p2|Volcarona, L50, M|\n|poke|p2|Groudon, L50|\n|poke|p2|Incineroar, L50, F|\n|poke|p2|Flutter Mane, L50|\n|poke|p2|Grimmsnarl, L50, M|\n|poke|p2|Miraidon, L50|\n|teampreview|4\n|inactive|Battle timer is ON: inactive players will automatically lose when time's up. (requested by ohko_muk)\n|\n|t:|1773660512\n|teamsize|p1|4\n|teamsize|p2|4\n|start\n|switch|p1a: Zamazenta|Zamazenta-Crowned, L50|100/100\n|switch|p1b: Chien-Pao|Chien-Pao, L50|100/100\n|switch|p2a: Grimmsnarl|Grimmsnarl, L50, M|100/100\n|switch|p2b: Miraidon|Miraidon, L50|100/100\n|-ability|p1b: Chien-Pao|Sword of Ruin\n|-ability|p1a: Zamazenta|Dauntless Shield|boost\n|-boost|p1a: Zamazenta|def|1\n|-fieldstart|move: Electric Terrain|[from] ability: Hadron Engine|[of] p2b: Miraidon\n|turn|1\n|inactive|ohko_muk has 30 seconds left.\n|\n|t:|1773660547\n|-terastallize|p2b: Miraidon|Electric\n|move|p2a: Grimmsnarl|Reflect|p2a: Grimmsnarl\n|-sidestart|p2: jonen|Reflect\n|move|p1b: Chien-Pao|Ice Spinner|p2b: Miraidon\n|-damage|p2b: Miraidon|75/100\n|-fieldend|move: Electric Terrain\n|move|p1a: Zamazenta|Body Press|p2b: Miraidon\n|-damage|p2b: Miraidon|23/100\n|move|p2b: Miraidon|Volt Switch|p1a: Zamazenta\n|-damage|p1a: Zamazenta|64/100\n|\n|t:|1773660563\n|switch|p2b: Volcarona|Volcarona, L50, M|100/100|[from] Volt Switch\n|\n|upkeep\n|turn|2\n|\n|t:|1773660571\n|move|p1b: Chien-Pao|Ruination|p2b: Volcarona\n|-damage|p2b: Volcarona|50/100\n|move|p1a: Zamazenta|Behemoth Bash|p2a: Grimmsnarl\n|-supereffective|p2a: Grimmsnarl\n|-damage|p2a: Grimmsnarl|31/100\n|move|p2b: Volcarona|Tailwind|p2b: Volcarona\n|-sidestart|p2: jonen|move: Tailwind\n|move|p2a: Grimmsnarl|Spirit Break|p1b: Chien-Pao\n|-supereffective|p1b: Chien-Pao\n|-damage|p1b: Chien-Pao|35/100\n|-unboost|p1b: Chien-Pao|spa|1\n|\n|upkeep\n|turn|3\n|\n|t:|1773660593\n|move|p2a: Grimmsnarl|Thunder Wave|p1a: Zamazenta\n|-status|p1a: Zamazenta|par\n|move|p2b: Volcarona|Fiery Dance|p1b: Chien-Pao\n|-supereffective|p1b: Chien-Pao\n|-damage|p1b: Chien-Pao|0 fnt\n|-boost|p2b: Volcarona|spa|1\n|faint|p1b: Chien-Pao\n|cant|p1a: Zamazenta|par\n|\n|upkeep\n|\n|t:|1773660603\n|switch|p1b: Dragonite|Dragonite, L50, M|100/100\n|turn|4\n|\n|t:|1773660623\n|-terastallize|p1b: Dragonite|Normal\n|move|p1b: Dragonite|Extreme Speed|p2a: Grimmsnarl\n|-damage|p2a: Grimmsnarl|0 fnt\n|faint|p2a: Grimmsnarl\n|move|p2b: Volcarona|Fiery Dance|p1a: Zamazenta\n|-supereffective|p1a: Zamazenta\n|-damage|p1a: Zamazenta|0 fnt\n|faint|p1a: Zamazenta\n|\n|upkeep\n|\n|t:|1773660633\n|switch|p1a: Calyrex|Calyrex-Shadow, L50|100/100\n|switch|p2a: Groudon|Groudon, L50|100/100\n|-ability|p1a: Calyrex|As One\n|-ability|p1a: Calyrex|Unnerve\n|-weather|SunnyDay|[from] ability: Drought|[of] p2a: Groudon\n|turn|5\n|\n|t:|1773660646\n|move|p1a: Calyrex|Protect|p1a: Calyrex\n|-singleturn|p1a: Calyrex|Protect\n|move|p1b: Dragonite|Extreme Speed|p2b: Volcarona\n|-damage|p2b: Volcarona|7/100\n|-status|p1b: Dragonite|brn|[from] ability: Flame Body|[of] p2b: Volcarona\n|move|p2b: Volcarona|Struggle Bug|p1b: Dragonite|[spread] p1b\n|-activate|p1a: Calyrex|move: Protect\n|-damage|p1b: Dragonite|78/100 brn\n|-unboost|p1b: Dragonite|spa|1\n|move|p2a: Groudon|Precipice Blades|p1a: Calyrex|[spread] p1b\n|-activate|p1a: Calyrex|move: Protect\n|-damage|p1b: Dragonite|23/100 brn\n|\n|-weather|SunnyDay|[upkeep]\n|-damage|p1b: Dragonite|17/100 brn|[from] brn\n|-sideend|p2: jonen|move: Tailwind\n|upkeep\n|turn|6\n|\n|t:|1773660667\n|move|p1b: Dragonite|Extreme Speed|p2a: Groudon\n|-damage|p2a: Groudon|85/100\n|move|p1a: Calyrex|Astral Barrage|p2a: Groudon|[spread] p2a,p2b\n|-damage|p2a: Groudon|37/100\n|-damage|p2b: Volcarona|0 fnt\n|faint|p2b: Volcarona\n|-ability|p1a: Calyrex|Grim Neigh|boost\n|-boost|p1a: Calyrex|spa|1\n|move|p2a: Groudon|Heat Crash|p1a: Calyrex\n|-damage|p1a: Calyrex|4/100\n|\n|-weather|SunnyDay|[upkeep]\n|-damage|p1b: Dragonite|12/100 brn|[from] brn\n|upkeep\n|\n|t:|1773660678\n|switch|p2b: Miraidon|Miraidon, L50, tera:Electric|23/100\n|-fieldstart|move: Electric Terrain|[from] ability: Hadron Engine|[of] p2b: Miraidon\n|turn|7\n|\n|t:|1773660682\n|move|p2a: Groudon|Protect|p2a: Groudon\n|-singleturn|p2a: Groudon|Protect\n|move|p1b: Dragonite|Extreme Speed|p2b: Miraidon\n|-damage|p2b: Miraidon|4/100\n|move|p1a: Calyrex|Astral Barrage|p2b: Miraidon|[spread] p2b\n|-activate|p2a: Groudon|move: Protect\n|-damage|p2b: Miraidon|0 fnt\n|faint|p2b: Miraidon\n|-ability|p1a: Calyrex|Grim Neigh|boost\n|-boost|p1a: Calyrex|spa|1\n|\n|-weather|SunnyDay|[upkeep]\n|-damage|p1b: Dragonite|6/100 brn|[from] brn\n|upkeep\n|turn|8\n|\n|t:|1773660690\n|move|p1b: Dragonite|Extreme Speed|p2a: Groudon\n|-damage|p2a: Groudon|21/100\n|move|p1a: Calyrex|Astral Barrage|p2a: Groudon\n|-damage|p2a: Groudon|0 fnt\n|faint|p2a: Groudon\n|\n|win|ohko_muk\n|raw|ohko_muk's rating: 1253 &rarr; <strong>1274</strong><br />(+21 for winning)\n|raw|jonen's rating: 1203 &rarr; <strong>1182</strong><br />(-21 for losing)\n","uploadtime":1773660691,"views":10,"formatid":"gen9vgc2026regi","rating":1182,"private":0,"password":null}