{"id":"gen9vgc2026regi-2567346186","format":"[Gen 9] VGC 2026 Reg I","players":["Brierre","terafireflareblitz"],"log":"|j|\u2606Brierre\n|j|\u2606terafireflareblitz\n|t:|1774468354\n|gametype|doubles\n|player|p1|Brierre|hiker|1481\n|player|p2|terafireflareblitz|sycamore|1581\n|gen|9\n|tier|[Gen 9] VGC 2026 Reg I\n|rated|\n|rule|Species Clause: Limit one of each Pok\u00e9mon\n|rule|Item Clause: Limit 1 of each item\n|clearpoke\n|poke|p1|Chien-Pao, L50|\n|poke|p1|Zacian-*, L50|\n|poke|p1|Kyogre, L50|\n|poke|p1|Urshifu-*, L50, M|\n|poke|p1|Roaring Moon, L50|\n|poke|p1|Amoonguss, L50, M|\n|poke|p2|Koraidon, L50|\n|poke|p2|Lunala, L50|\n|poke|p2|Indeedee-F, L50, F|\n|poke|p2|Flutter Mane, L50|\n|poke|p2|Volcarona, L50, F|\n|poke|p2|Ursaluna, L50, M|\n|teampreview|4\n|inactive|Battle timer is ON: inactive players will automatically lose when time's up. (requested by terafireflareblitz)\n|inactive|Brierre has 60 seconds left.\n|\n|t:|1774468402\n|teamsize|p1|4\n|teamsize|p2|4\n|start\n|switch|p1a: Feathered Friend|Roaring Moon, L50|100/100\n|switch|p1b: Purp|Amoonguss, L50, M, shiny|100/100\n|switch|p2a: Lunala|Lunala, L50, shiny|100/100\n|switch|p2b: Indeedee|Indeedee-F, L50, F|100/100\n|-fieldstart|move: Psychic Terrain|[from] ability: Psychic Surge|[of] p2b: Indeedee\n|-enditem|p1a: Feathered Friend|Booster Energy\n|-activate|p1a: Feathered Friend|ability: Protosynthesis|[fromitem]\n|-start|p1a: Feathered Friend|protosynthesisspe\n|turn|1\n|\n|t:|1774468425\n|-terastallize|p2b: Indeedee|Fairy\n|move|p1a: Feathered Friend|Knock Off|p2a: Lunala\n|-supereffective|p2a: Lunala\n|-damage|p2a: Lunala|19/100\n|-enditem|p2a: Lunala|Power Herb|[from] move: Knock Off|[of] p1a: Feathered Friend\n|move|p2a: Lunala|Expanding Force|p1b: Purp|[spread] p1b\n|-immune|p1a: Feathered Friend\n|-supereffective|p1b: Purp\n|-damage|p1b: Purp|0 fnt\n|faint|p1b: Purp\n|move|p2b: Indeedee|Alluring Voice|p1a: Feathered Friend\n|-supereffective|p1a: Feathered Friend\n|-damage|p1a: Feathered Friend|1/100\n|\n|upkeep\n|\n|t:|1774468445\n|switch|p1b: Strawberry|Kyogre, L50, shiny|100/100\n|-weather|RainDance|[from] ability: Drizzle|[of] p1b: Strawberry\n|turn|2\n|\n|t:|1774468452\n|switch|p2a: Volcarona|Volcarona, L50, F|100/100\n|switch|p2b: Koraidon|Koraidon, L50, shiny|100/100\n|-weather|SunnyDay|[from] ability: Orichalcum Pulse|[of] p2b: Koraidon\n|-activate|p2b: Koraidon|Orichalcum Pulse|[source]\n|move|p1a: Feathered Friend|Knock Off|p2a: Volcarona\n|-damage|p2a: Volcarona|52/100\n|-damage|p1a: Feathered Friend|0 fnt|[from] item: Rocky Helmet|[of] p2a: Volcarona\n|faint|p1a: Feathered Friend\n|-end|p1a: Feathered Friend|Protosynthesis|[silent]\n|move|p1b: Strawberry|Hydro Pump|p2b: Koraidon\n|-resisted|p2b: Koraidon\n|-damage|p2b: Koraidon|82/100\n|\n|-weather|SunnyDay|[upkeep]\n|upkeep\n|\n|t:|1774468469\n|switch|p1a: Caliburn|Zacian-Crowned, L50|100/100\n|-ability|p1a: Caliburn|Intrepid Sword|boost\n|-boost|p1a: Caliburn|atk|1\n|turn|3\n|\n|t:|1774468482\n|move|p2a: Volcarona|Rage Powder|p2a: Volcarona\n|-singleturn|p2a: Volcarona|move: Rage Powder\n|move|p1a: Caliburn|Play Rough|p2a: Volcarona\n|-resisted|p2a: Volcarona\n|-damage|p2a: Volcarona|14/100\n|-damage|p1a: Caliburn|84/100|[from] item: Rocky Helmet|[of] p2a: Volcarona\n|-status|p1a: Caliburn|brn|[from] ability: Flame Body|[of] p2a: Volcarona\n|move|p2b: Koraidon|Close Combat|p1b: Strawberry\n|-damage|p1b: Strawberry|3/100\n|-unboost|p2b: Koraidon|def|1\n|-unboost|p2b: Koraidon|spd|1\n|-damage|p2b: Koraidon|72/100|[from] item: Life Orb\n|move|p1b: Strawberry|Hydro Pump|p2a: Volcarona\n|-supereffective|p2a: Volcarona\n|-damage|p2a: Volcarona|0 fnt\n|faint|p2a: Volcarona\n|\n|-weather|SunnyDay|[upkeep]\n|-damage|p1a: Caliburn|78/100 brn|[from] brn\n|upkeep\n|\n|t:|1774468492\n|switch|p2a: Indeedee|Indeedee-F, L50, F, tera:Fairy|100/100\n|turn|4\n|\n|t:|1774468506\n|move|p2b: Koraidon|Protect|p2b: Koraidon\n|-singleturn|p2b: Koraidon|Protect\n|move|p1a: Caliburn|Behemoth Blade|p2a: Indeedee\n|-supereffective|p2a: Indeedee\n|-damage|p2a: Indeedee|21/100\n|move|p1b: Strawberry|Origin Pulse|p2b: Koraidon|[spread] \n|-activate|p2b: Koraidon|move: Protect\n|-miss|p1b: Strawberry|p2a: Indeedee\n|move|p2a: Indeedee|Alluring Voice|p1b: Strawberry\n|-damage|p1b: Strawberry|0 fnt\n|faint|p1b: Strawberry\n|\n|-weather|SunnyDay|[upkeep]\n|-damage|p1a: Caliburn|72/100 brn|[from] brn\n|upkeep\n|turn|5\n|-message|Brierre forfeited.\n|\n|win|terafireflareblitz\n|raw|Brierre's rating: 1481 &rarr; <strong>1467</strong><br />(-14 for losing)\n|raw|terafireflareblitz's rating: 1581 &rarr; <strong>1595</strong><br />(+14 for winning)\n","uploadtime":1774468519,"views":12,"formatid":"gen9vgc2026regi","rating":1467,"private":0,"password":null}