{"id":"gen9vgc2026regi-2545944903","format":"[Gen 9] VGC 2026 Reg I","players":["alexit93","diggory delvet"],"log":"|j|\u2606alexit93\n|j|\u2606diggory delvet\n|t:|1771903659\n|gametype|doubles\n|player|p1|alexit93|lucas-gen4pt|1371\n|player|p2|diggory delvet|170|1336\n|gen|9\n|tier|[Gen 9] VGC 2026 Reg I\n|rated|\n|rule|Species Clause: Limit one of each Pok\u00e9mon\n|rule|Item Clause: Limit 1 of each item\n|clearpoke\n|poke|p1|Zamazenta-*, L50|\n|poke|p1|Riolu, L50, M|\n|poke|p1|Calyrex-Ice, L50|\n|poke|p1|Rillaboom, L50, M|\n|poke|p1|Incineroar, L50, M|\n|poke|p1|Urshifu-*, L50, F|\n|poke|p2|Ursaluna, L50, F|\n|poke|p2|Oranguru, L50, F|\n|poke|p2|Gastrodon, L50, F|\n|poke|p2|Dragonite, L50, F|\n|poke|p2|Palkia-Origin, L50|\n|poke|p2|Dialga-Origin, L50|\n|teampreview|4\n|\n|t:|1771903697\n|teamsize|p1|4\n|teamsize|p2|4\n|start\n|switch|p1a: Zamazenta|Zamazenta-Crowned, L50, shiny|100/100\n|switch|p1b: Riolu|Riolu, L50, M|100/100\n|switch|p2a: Palkia|Palkia-Origin, L50|100/100\n|switch|p2b: Gastrodon|Gastrodon, L50, F|100/100\n|-ability|p1a: Zamazenta|Dauntless Shield|boost\n|-boost|p1a: Zamazenta|def|1\n|turn|1\n|\n|t:|1771903716\n|move|p1b: Riolu|Coaching|p1a: Zamazenta\n|-boost|p1a: Zamazenta|atk|1\n|-boost|p1a: Zamazenta|def|1\n|move|p1a: Zamazenta|Body Press|p2a: Palkia\n|-damage|p2a: Palkia|4/100\n|move|p2a: Palkia|Surf|p1b: Riolu|[spread] p1a,p1b\n|-ability|p2b: Gastrodon|Storm Drain|boost\n|-boost|p2b: Gastrodon|spa|1\n|-damage|p1a: Zamazenta|63/100\n|-damage|p1b: Riolu|37/100\n|move|p2b: Gastrodon|Bulldoze|p1a: Zamazenta|[spread] p1a,p1b\n|-activate|p2a: Palkia|ability: Telepathy\n|-supereffective|p1a: Zamazenta\n|-damage|p1a: Zamazenta|55/100\n|-damage|p1b: Riolu|20/100\n|-unboost|p1a: Zamazenta|spe|1\n|-unboost|p1b: Riolu|spe|1\n|\n|upkeep\n|turn|2\n|\n|t:|1771903736\n|move|p1b: Riolu|Feint|p2a: Palkia\n|-damage|p2a: Palkia|0 fnt\n|faint|p2a: Palkia\n|move|p1a: Zamazenta|Body Press|p2b: Gastrodon\n|-damage|p2b: Gastrodon|6/100\n|move|p2b: Gastrodon|Surf|p1b: Riolu|[spread] p1a,p1b\n|-damage|p1a: Zamazenta|24/100\n|-damage|p1b: Riolu|0 fnt\n|faint|p1b: Riolu\n|\n|upkeep\n|\n|t:|1771903744\n|switch|p2a: Dragonite|Dragonite, L50, F|100/100\n|switch|p1b: Calyrex|Calyrex-Ice, L50|100/100\n|-ability|p1b: Calyrex|As One\n|-ability|p1b: Calyrex|Unnerve\n|turn|3\n|\n|t:|1771903771\n|-terastallize|p2a: Dragonite|Steel\n|move|p1a: Zamazenta|Wide Guard|p1a: Zamazenta\n|-singleturn|p1a: Zamazenta|Wide Guard\n|move|p2a: Dragonite|Bulldoze|p1b: Calyrex|[spread] p2b\n|-activate|p1a: Zamazenta|move: Wide Guard\n|-activate|p1b: Calyrex|move: Wide Guard\n|-damage|p2b: Gastrodon|0 fnt\n|faint|p2b: Gastrodon\n|move|p1b: Calyrex|Glacial Lance|p2a: Dragonite\n|-resisted|p2a: Dragonite\n|-damage|p2a: Dragonite|78/100\n|\n|upkeep\n|\n|t:|1771903780\n|switch|p2b: Dialga|Dialga-Origin, L50|100/100\n|turn|4\n|\n|t:|1771903800\n|-terastallize|p1b: Calyrex|Ground\n|move|p2a: Dragonite|Tailwind|p2a: Dragonite\n|-sidestart|p2: diggory delvet|move: Tailwind\n|move|p2b: Dialga|Dragon Pulse|p1a: Zamazenta\n|-resisted|p1a: Zamazenta\n|-damage|p1a: Zamazenta|0 fnt\n|faint|p1a: Zamazenta\n|move|p1b: Calyrex|High Horsepower|p2a: Dragonite\n|-supereffective|p2a: Dragonite\n|-damage|p2a: Dragonite|0 fnt\n|faint|p2a: Dragonite\n|-ability|p1b: Calyrex|Chilling Neigh|boost\n|-boost|p1b: Calyrex|atk|1\n|\n|upkeep\n|\n|t:|1771903805\n|switch|p1a: Incineroar|Incineroar, L50, M|100/100\n|-ability|p1a: Incineroar|Intimidate|boost\n|-unboost|p2b: Dialga|atk|1\n|turn|5\n|\n|t:|1771903809\n|move|p2b: Dialga|Protect|p2b: Dialga\n|-singleturn|p2b: Dialga|Protect\n|move|p1a: Incineroar|Fake Out|p2b: Dialga\n|-activate|p2b: Dialga|move: Protect\n|move|p1b: Calyrex|Trick Room|p1b: Calyrex\n|-fieldstart|move: Trick Room|[of] p1b: Calyrex\n|\n|upkeep\n|turn|6\n|\n|t:|1771903815\n|move|p1b: Calyrex|High Horsepower|p2b: Dialga\n|-supereffective|p2b: Dialga\n|-damage|p2b: Dialga|0 fnt\n|faint|p2b: Dialga\n|\n|win|alexit93\n|raw|alexit93's rating: 1371 &rarr; <strong>1390</strong><br />(+19 for winning)\n|raw|diggory delvet's rating: 1359 &rarr; <strong>1340</strong><br />(-19 for losing)\n|l|\u2606diggory delvet\n|player|p2|\n|l|\u2606alexit93\n|player|p1|\n","uploadtime":1771904011,"views":12,"formatid":"gen9vgc2026regi","rating":1340,"private":0,"password":null}