{"id":"gen9vgc2026regi-2548221624","format":"[Gen 9] VGC 2026 Reg I","players":["lakelake950","501JFW"],"log":"|j|\u2606lakelake950\n|j|\u2606501JFW\n|t:|1772189593\n|gametype|doubles\n|player|p1|lakelake950|n|1280\n|player|p2|501JFW|265|1536\n|gen|9\n|tier|[Gen 9] VGC 2026 Reg I\n|rated|\n|rule|Species Clause: Limit one of each Pok\u00e9mon\n|rule|Item Clause: Limit 1 of each item\n|clearpoke\n|poke|p1|Koraidon, L50|\n|poke|p1|Flutter Mane, L50|\n|poke|p1|Reshiram, L50|\n|poke|p1|Ogerpon-Wellspring, L50, F|\n|poke|p1|Venusaur, L50, M|\n|poke|p1|Typhlosion-Hisui, L50, M|\n|poke|p2|Kyogre, L50|\n|poke|p2|Calyrex-Ice, L50|\n|poke|p2|Amoonguss, L50, M|\n|poke|p2|Flutter Mane, L50|\n|poke|p2|Grimmsnarl, L50, M|\n|poke|p2|Basculegion, L50, M|\n|teampreview|4\n|inactive|Battle timer is ON: inactive players will automatically lose when time's up. (requested by 501JFW)\n|\n|t:|1772189630\n|teamsize|p1|4\n|teamsize|p2|4\n|start\n|switch|p1a: Reshiram|Reshiram, L50|100/100\n|switch|p1b: Venusaur|Venusaur, L50, M|100/100\n|switch|p2a: Grimmsnarl|Grimmsnarl, L50, M, shiny|100/100\n|switch|p2b: Calyrex|Calyrex-Ice, L50|100/100\n|-ability|p2b: Calyrex|As One\n|-ability|p2b: Calyrex|Unnerve\n|-ability|p1a: Reshiram|Turboblaze\n|turn|1\n|\n|t:|1772189647\n|switch|p1a: Koraidon|Koraidon, L50|100/100\n|-weather|SunnyDay|[from] ability: Orichalcum Pulse|[of] p1a: Koraidon\n|-activate|p1a: Koraidon|Orichalcum Pulse|[source]\n|-terastallize|p1b: Venusaur|Fire\n|move|p2b: Calyrex|Protect|p2b: Calyrex\n|-singleturn|p2b: Calyrex|Protect\n|move|p2a: Grimmsnarl|Light Screen|p2a: Grimmsnarl\n|-sidestart|p2: 501JFW|move: Light Screen\n|move|p1b: Venusaur|Sludge Bomb|p2a: Grimmsnarl\n|-supereffective|p2a: Grimmsnarl\n|-damage|p2a: Grimmsnarl|46/100\n|-damage|p1b: Venusaur|91/100|[from] item: Life Orb\n|\n|-weather|SunnyDay|[upkeep]\n|upkeep\n|turn|2\n|\n|t:|1772189668\n|-terastallize|p2b: Calyrex|Fairy\n|move|p2a: Grimmsnarl|Reflect|p2a: Grimmsnarl\n|-sidestart|p2: 501JFW|Reflect\n|move|p1b: Venusaur|Sludge Bomb|p2a: Grimmsnarl\n|-supereffective|p2a: Grimmsnarl\n|-damage|p2a: Grimmsnarl|0 fnt\n|faint|p2a: Grimmsnarl\n|-damage|p1b: Venusaur|81/100|[from] item: Life Orb\n|move|p1a: Koraidon|Flare Blitz|p2b: Calyrex\n|-damage|p2b: Calyrex|63/100\n|-damage|p1a: Koraidon|86/100|[from] Recoil\n|move|p2b: Calyrex|Trick Room|p2b: Calyrex\n|-fieldstart|move: Trick Room|[of] p2b: Calyrex\n|\n|-weather|SunnyDay|[upkeep]\n|-heal|p2b: Calyrex|69/100|[from] item: Leftovers\n|upkeep\n|\n|t:|1772189680\n|switch|p2a: Kyogre|Kyogre, L50, shiny|100/100\n|-weather|RainDance|[from] ability: Drizzle|[of] p2a: Kyogre\n|turn|3\n|\n|t:|1772189705\n|switch|p2a: Basculegion|Basculegion, L50, M, shiny|100/100\n|switch|p1b: Reshiram|Reshiram, L50|100/100\n|-ability|p1b: Reshiram|Turboblaze\n|switch|p1a: Ogerpon|Ogerpon-Wellspring, L50, F|100/100\n|move|p2b: Calyrex|Glacial Lance|p1b: Reshiram|[spread] p1a,p1b\n|-damage|p1a: Ogerpon|46/100\n|-damage|p1b: Reshiram|50/100\n|\n|-weather|RainDance|[upkeep]\n|-heal|p2b: Calyrex|75/100|[from] item: Leftovers\n|upkeep\n|turn|4\n|\n|t:|1772189723\n|move|p1a: Ogerpon|Spiky Shield|p1a: Ogerpon\n|-singleturn|p1a: Ogerpon|move: Protect\n|move|p2b: Calyrex|Glacial Lance|p1a: Ogerpon|[spread] p1b\n|-activate|p1a: Ogerpon|move: Protect\n|-damage|p1b: Reshiram|3/100\n|move|p1b: Reshiram|Draco Meteor|p2a: Basculegion\n|-damage|p2a: Basculegion|33/100\n|-unboost|p1b: Reshiram|spa|2\n|move|p2a: Basculegion|Flip Turn|p1b: Reshiram\n|-damage|p1b: Reshiram|0 fnt\n|faint|p1b: Reshiram\n|\n|t:|1772189727\n|switch|p2a: Kyogre|Kyogre, L50, shiny|100/100|[from] Flip Turn\n|\n|-weather|RainDance|[upkeep]\n|-heal|p2b: Calyrex|81/100|[from] item: Leftovers\n|upkeep\n|\n|t:|1772189734\n|switch|p1b: Koraidon|Koraidon, L50|86/100\n|-weather|SunnyDay|[from] ability: Orichalcum Pulse|[of] p1b: Koraidon\n|-activate|p1b: Koraidon|Orichalcum Pulse|[source]\n|turn|5\n|\n|t:|1772189746\n|switch|p2a: Basculegion|Basculegion, L50, M, shiny|33/100\n|move|p1b: Koraidon|Protect|p1b: Koraidon\n|-singleturn|p1b: Koraidon|Protect\n|move|p2b: Calyrex|Glacial Lance|p1b: Koraidon|[spread] p1a\n|-activate|p1b: Koraidon|move: Protect\n|-damage|p1a: Ogerpon|0 fnt\n|faint|p1a: Ogerpon\n|-ability|p2b: Calyrex|Chilling Neigh|boost\n|-boost|p2b: Calyrex|atk|1\n|\n|-weather|SunnyDay|[upkeep]\n|-heal|p2b: Calyrex|86/100|[from] item: Leftovers\n|upkeep\n|\n|t:|1772189758\n|switch|p1a: Venusaur|Venusaur, L50, M, tera:Fire|81/100\n|turn|6\n|\n|t:|1772189767\n|switch|p2a: Kyogre|Kyogre, L50, shiny|100/100\n|-weather|RainDance|[from] ability: Drizzle|[of] p2a: Kyogre\n|move|p2b: Calyrex|Glacial Lance|p1b: Koraidon|[spread] p1a,p1b\n|-resisted|p1a: Venusaur\n|-supereffective|p1b: Koraidon\n|-damage|p1a: Venusaur|23/100\n|-damage|p1b: Koraidon|0 fnt\n|faint|p1b: Koraidon\n|-ability|p2b: Calyrex|Chilling Neigh|boost\n|-boost|p2b: Calyrex|atk|1\n|move|p1a: Venusaur|Sludge Bomb|p2b: Calyrex\n|-supereffective|p2b: Calyrex\n|-damage|p2b: Calyrex|44/100\n|-damage|p1a: Venusaur|13/100|[from] item: Life Orb\n|\n|-weather|RainDance|[upkeep]\n|-heal|p2b: Calyrex|50/100|[from] item: Leftovers\n|-fieldend|move: Trick Room\n|upkeep\n|turn|7\n|-message|lakelake950 forfeited.\n|\n|win|501JFW\n|raw|lakelake950's rating: 1280 &rarr; <strong>1271</strong><br />(-9 for losing)\n|raw|501JFW's rating: 1536 &rarr; <strong>1543</strong><br />(+7 for winning)\n|l|\u2606lakelake950\n|player|p1|\n|l|\u2606501JFW\n|player|p2|\n","uploadtime":1772189935,"views":11,"formatid":"gen9vgc2026regi","rating":1271,"private":0,"password":null}