{"id":"gen9vgc2026regi-2515249125","format":"[Gen 9] VGC 2026 Reg I","players":["Voth","maihuyvuan"],"log":"|j|\u2606Voth\n|j|\u2606maihuyvuan\n|t:|1767972510\n|gametype|doubles\n|player|p1|Voth|dawn|1231\n|player|p2|maihuyvuan|lucas|1271\n|gen|9\n|tier|[Gen 9] VGC 2026 Reg I\n|rated|\n|rule|Species Clause: Limit one of each Pok\u00e9mon\n|rule|Item Clause: Limit 1 of each item\n|clearpoke\n|poke|p1|Urshifu-*, L50, M|\n|poke|p1|Calyrex-Ice, L50|\n|poke|p1|Tornadus, L50, M|\n|poke|p1|Landorus, L50, M|\n|poke|p1|Rillaboom, L50, F|\n|poke|p1|Kyogre, L50|\n|poke|p2|Koraidon, L50|\n|poke|p2|Necrozma-Dusk-Mane, L50|\n|poke|p2|Lilligant-Hisui, L50, F|\n|poke|p2|Flutter Mane, L50|\n|poke|p2|Raging Bolt, L50|\n|poke|p2|Garganacl, L50, M|\n|teampreview|4\n|\n|t:|1767972535\n|teamsize|p1|4\n|teamsize|p2|4\n|start\n|switch|p1a: Korra|Calyrex-Ice, L50|100/100\n|switch|p1b: Kaul Hilo|Landorus, L50, M|100/100\n|switch|p2a: Necrozma|Necrozma-Dusk-Mane, L50|100/100\n|switch|p2b: Lilligant|Lilligant-Hisui, L50, F|100/100\n|-ability|p1a: Korra|As One\n|-ability|p1a: Korra|Unnerve\n|turn|1\n|inactive|Battle timer is ON: inactive players will automatically lose when time's up. (requested by Voth)\n|\n|t:|1767972559\n|-terastallize|p1a: Korra|Water\n|move|p2a: Necrozma|Protect|p2a: Necrozma\n|-singleturn|p2a: Necrozma|Protect\n|move|p1b: Kaul Hilo|Earth Power|p2a: Necrozma\n|-activate|p2a: Necrozma|move: Protect\n|move|p2b: Lilligant|Coaching|p2a: Necrozma\n|-boost|p2a: Necrozma|atk|1\n|-boost|p2a: Necrozma|def|1\n|move|p1a: Korra|Trick Room|p1a: Korra\n|-fieldstart|move: Trick Room|[of] p1a: Korra\n|\n|upkeep\n|turn|2\n|\n|t:|1767972579\n|move|p1a: Korra|Glacial Lance|p2b: Lilligant|[spread] p2a,p2b\n|-resisted|p2a: Necrozma\n|-crit|p2a: Necrozma\n|-supereffective|p2b: Lilligant\n|-damage|p2a: Necrozma|71/100\n|-enditem|p2b: Lilligant|Focus Sash\n|-damage|p2b: Lilligant|1/100\n|move|p2a: Necrozma|Photon Geyser|p1b: Kaul Hilo\n|-damage|p1b: Kaul Hilo|14/100\n|move|p2b: Lilligant|Coaching|p2a: Necrozma\n|-boost|p2a: Necrozma|atk|1\n|-boost|p2a: Necrozma|def|1\n|move|p1b: Kaul Hilo|Sandsear Storm|p2b: Lilligant|[spread] p2a,p2b\n|-supereffective|p2a: Necrozma\n|-resisted|p2b: Lilligant\n|-damage|p2a: Necrozma|0 fnt\n|-damage|p2b: Lilligant|0 fnt\n|faint|p2a: Necrozma\n|faint|p2b: Lilligant\n|\n|upkeep\n|\n|t:|1767972604\n|switch|p2a: Koraidon|Koraidon, L50, shiny|100/100\n|switch|p2b: Garganacl|Garganacl, L50, M|100/100\n|-weather|SunnyDay|[from] ability: Orichalcum Pulse|[of] p2a: Koraidon\n|-activate|p2a: Koraidon|Orichalcum Pulse|[source]\n|turn|3\n|inactive|maihuyvuan has 30 seconds left.\n|\n|t:|1767972632\n|switch|p1b: Nuke|Kyogre, L50|100/100\n|-weather|RainDance|[from] ability: Drizzle|[of] p1b: Nuke\n|-terastallize|p2b: Garganacl|Flying\n|move|p2b: Garganacl|Wide Guard|p2b: Garganacl\n|-singleturn|p2b: Garganacl|Wide Guard\n|move|p1a: Korra|Leech Seed|p2b: Garganacl\n|-start|p2b: Garganacl|move: Leech Seed\n|move|p2a: Koraidon|Flame Charge|p1b: Nuke\n|-resisted|p1b: Nuke\n|-damage|p1b: Nuke|96/100\n|-boost|p2a: Koraidon|spe|1\n|\n|-weather|RainDance|[upkeep]\n|-damage|p2b: Garganacl|88/100|[from] Leech Seed|[of] p1a: Korra\n|upkeep\n|turn|4\n|\n|t:|1767972655\n|move|p2b: Garganacl|Salt Cure|p1b: Nuke\n|-damage|p1b: Nuke|82/100\n|-start|p1b: Nuke|Salt Cure\n|move|p1a: Korra|Leech Seed|p2a: Koraidon\n|-start|p2a: Koraidon|move: Leech Seed\n|move|p1b: Nuke|Thunder|p2b: Garganacl\n|-supereffective|p2b: Garganacl\n|-damage|p2b: Garganacl|9/100\n|move|p2a: Koraidon|Collision Course|p1b: Nuke\n|-damage|p1b: Nuke|25/100\n|\n|-weather|RainDance|[upkeep]\n|-heal|p2b: Garganacl|15/100|[from] item: Leftovers\n|-damage|p2b: Garganacl|3/100|[from] Leech Seed|[of] p1a: Korra\n|-damage|p2a: Koraidon|88/100|[from] Leech Seed|[of] p1a: Korra\n|-damage|p1b: Nuke|0 fnt|[from] Salt Cure\n|faint|p1b: Nuke\n|upkeep\n|\n|t:|1767972674\n|switch|p1b: Harambe|Rillaboom, L50, F|100/100\n|-fieldstart|move: Grassy Terrain|[from] ability: Grassy Surge|[of] p1b: Harambe\n|turn|5\n|\n|t:|1767972684\n|move|p2b: Garganacl|Protect|p2b: Garganacl\n|-singleturn|p2b: Garganacl|Protect\n|move|p1b: Harambe|Fake Out|p2b: Garganacl\n|-activate|p2b: Garganacl|move: Protect\n|move|p1a: Korra|Glacial Lance|p2a: Koraidon|[spread] p2a\n|-activate|p2b: Garganacl|move: Protect\n|-supereffective|p2a: Koraidon\n|-damage|p2a: Koraidon|0 fnt\n|faint|p2a: Koraidon\n|-ability|p1a: Korra|Chilling Neigh|boost\n|-boost|p1a: Korra|atk|1\n|\n|-weather|RainDance|[upkeep]\n|-heal|p2b: Garganacl|9/100|[from] item: Leftovers\n|-damage|p2b: Garganacl|0 fnt|[from] Leech Seed|[of] p1a: Korra\n|faint|p2b: Garganacl\n|\n|win|Voth\n|raw|Voth's rating: 1231 &rarr; <strong>1259</strong><br />(+28 for winning)\n|raw|maihuyvuan's rating: 1271 &rarr; <strong>1243</strong><br />(-28 for losing)\n|l|\u2606maihuyvuan\n|player|p2|\n","uploadtime":1767972938,"views":15,"formatid":"gen9vgc2026regi","rating":1243,"private":0,"password":null}