{"id":"gen9vgc2026regi-2565408381","format":"[Gen 9] VGC 2026 Reg I","players":["PrimordialChampion","Sunny_zong1"],"log":"|j|\u2606PrimordialChampion\n|j|\u2606Sunny_zong1\n|t:|1774272670\n|gametype|doubles\n|player|p1|PrimordialChampion|102|1221\n|player|p2|Sunny_zong1|169|1224\n|gen|9\n|tier|[Gen 9] VGC 2026 Reg I\n|rated|\n|rule|Species Clause: Limit one of each Pok\u00e9mon\n|rule|Item Clause: Limit 1 of each item\n|clearpoke\n|poke|p1|Chien-Pao, L50|\n|poke|p1|Landorus, L50, M|\n|poke|p1|Amoonguss, L50, F|\n|poke|p1|Roaring Moon, L50|\n|poke|p1|Zamazenta-*, L50|\n|poke|p1|Kyogre, L50|\n|poke|p2|Lugia, L50|\n|poke|p2|Flamigo, L50, F|\n|poke|p2|Muk-Alola, L50, F|\n|poke|p2|Calyrex-Shadow, L50|\n|poke|p2|Indeedee, L50, M|\n|poke|p2|Glalie, L50, F|\n|teampreview|4\n|inactive|Battle timer is ON: inactive players will automatically lose when time's up. (requested by PrimordialChampion)\nPrimordialChampion rejected open team sheets.\n|\n|t:|1774272695\n|teamsize|p1|4\n|teamsize|p2|4\n|start\n|switch|p1a: Kyogre|Kyogre, L50, shiny|100/100\n|switch|p1b: Amoonguss|Amoonguss, L50, F, shiny|100/100\n|switch|p2a: Glalie|Glalie, L50, F|100/100\n|switch|p2b: Muk|Muk-Alola, L50, F|100/100\n|-weather|RainDance|[from] ability: Drizzle|[of] p1a: Kyogre\n|turn|1\n|\n|t:|1774272705\n|move|p2a: Glalie|Protect|p2a: Glalie\n|-singleturn|p2a: Glalie|Protect\n|move|p2b: Muk|Protect|p2b: Muk\n|-singleturn|p2b: Muk|Protect\n|move|p1b: Amoonguss|Rage Powder|p1b: Amoonguss\n|-singleturn|p1b: Amoonguss|move: Rage Powder\n|move|p1a: Kyogre|Water Spout|p2b: Muk|[spread] \n|-activate|p2a: Glalie|move: Protect\n|-activate|p2b: Muk|move: Protect\n|\n|-weather|RainDance|[upkeep]\n|-ability|p2a: Glalie|Moody|boost\n|-boost|p2a: Glalie|atk|2\n|-unboost|p2a: Glalie|def|1\n|upkeep\n|turn|2\n|\n|t:|1774272726\n|move|p1b: Amoonguss|Rage Powder|p1b: Amoonguss\n|-singleturn|p1b: Amoonguss|move: Rage Powder\n|move|p1a: Kyogre|Water Spout|p2b: Muk|[spread] p2a,p2b\n|-enditem|p2a: Glalie|Focus Sash\n|-damage|p2a: Glalie|1/100\n|-damage|p2b: Muk|9/100\n|move|p2a: Glalie|Double Team|p2a: Glalie\n|-boost|p2a: Glalie|evasion|1\n|move|p2b: Muk|Minimize|p2b: Muk\n|-boost|p2b: Muk|evasion|2\n|\n|-weather|RainDance|[upkeep]\n|-heal|p2b: Muk|15/100|[from] item: Black Sludge\n|-ability|p2a: Glalie|Moody|boost\n|-boost|p2a: Glalie|spd|2\n|-unboost|p2a: Glalie|def|1\n|upkeep\n|turn|3\n|\n|t:|1774272743\n|move|p2a: Glalie|Protect|p2a: Glalie\n|-singleturn|p2a: Glalie|Protect\n|move|p2b: Muk|Protect|p2b: Muk\n|-singleturn|p2b: Muk|Protect\n|move|p1b: Amoonguss|Rage Powder|p1b: Amoonguss\n|-singleturn|p1b: Amoonguss|move: Rage Powder\n|move|p1a: Kyogre|Water Spout|p2b: Muk|[spread] \n|-activate|p2a: Glalie|move: Protect\n|-activate|p2b: Muk|move: Protect\n|\n|-weather|RainDance|[upkeep]\n|-heal|p2b: Muk|21/100|[from] item: Black Sludge\n|-ability|p2a: Glalie|Moody|boost\n|-boost|p2a: Glalie|spd|2\n|-unboost|p2a: Glalie|atk|1\n|upkeep\n|turn|4\n|\n|t:|1774272759\n|move|p1b: Amoonguss|Rage Powder|p1b: Amoonguss\n|-singleturn|p1b: Amoonguss|move: Rage Powder\n|move|p1a: Kyogre|Water Spout|p2a: Glalie|[spread] p2a,p2b\n|-damage|p2a: Glalie|0 fnt\n|-damage|p2b: Muk|0 fnt\n|faint|p2a: Glalie\n|faint|p2b: Muk\n|\n|-weather|RainDance|[upkeep]\n|upkeep\n|\n|t:|1774272762\n|switch|p2a: Lugia|Lugia, L50|100/100\n|switch|p2b: Calyrex|Calyrex-Shadow, L50|100/100\n|-ability|p2b: Calyrex|As One\n|-ability|p2b: Calyrex|Unnerve\n|-ability|p2a: Lugia|Pressure\n|turn|5\n|\n|t:|1774272774\n|move|p1b: Amoonguss|Rage Powder|p1b: Amoonguss\n|-singleturn|p1b: Amoonguss|move: Rage Powder\n|move|p2b: Calyrex|Astral Barrage|p1a: Kyogre|[spread] p1a,p1b\n|-damage|p1a: Kyogre|35/100\n|-damage|p1b: Amoonguss|43/100\n|move|p1a: Kyogre|Water Spout|p2a: Lugia|[spread] p2a,p2b\n|-damage|p2a: Lugia|79/100\n|-damage|p2b: Calyrex|56/100\n|move|p2a: Lugia|Aeroblast|p1b: Amoonguss\n|-supereffective|p1b: Amoonguss\n|-damage|p1b: Amoonguss|0 fnt\n|faint|p1b: Amoonguss\n|\n|-weather|none\n|-heal|p2a: Lugia|85/100|[from] item: Leftovers\n|upkeep\n|\n|t:|1774272789\n|switch|p1b: Zamazenta|Zamazenta-Crowned, L50, shiny|100/100\n|-ability|p1b: Zamazenta|Dauntless Shield|boost\n|-boost|p1b: Zamazenta|def|1\n|turn|6\n|\n|t:|1774272809\n|move|p1b: Zamazenta|Wide Guard|p1b: Zamazenta\n|-singleturn|p1b: Zamazenta|Wide Guard\n|move|p2b: Calyrex|Astral Barrage|p1a: Kyogre|[spread] \n|-activate|p1a: Kyogre|move: Wide Guard\n|-activate|p1b: Zamazenta|move: Wide Guard\n|move|p1a: Kyogre|Origin Pulse|p2b: Calyrex|[spread] p2a,p2b\n|-damage|p2a: Lugia|57/100\n|-damage|p2b: Calyrex|0 fnt\n|faint|p2b: Calyrex\n|move|p2a: Lugia|Psych Up|p1b: Zamazenta\n|-copyboost|p2a: Lugia|p1b: Zamazenta|[from] move: Psych Up\n|\n|-heal|p2a: Lugia|63/100|[from] item: Leftovers\n|upkeep\n|turn|7\n|\n|t:|1774272827\n|move|p1b: Zamazenta|Body Press|p2a: Lugia\n|-resisted|p2a: Lugia\n|-crit|p2a: Lugia\n|-damage|p2a: Lugia|52/100\n|move|p1a: Kyogre|Hydro Pump|p2a: Lugia\n|-damage|p2a: Lugia|12/100\n|move|p2a: Lugia|Calm Mind|p2a: Lugia\n|-boost|p2a: Lugia|spa|1\n|-boost|p2a: Lugia|spd|1\n|\n|-heal|p2a: Lugia|18/100|[from] item: Leftovers\n|upkeep\n|turn|8\n|\n|t:|1774272840\n|move|p1b: Zamazenta|Heavy Slam|p2a: Lugia\n|-damage|p2a: Lugia|5/100\n|move|p1a: Kyogre|Hydro Pump|p2a: Lugia\n|-crit|p2a: Lugia\n|-damage|p2a: Lugia|0 fnt\n|faint|p2a: Lugia\n|\n|win|PrimordialChampion\n|raw|PrimordialChampion's rating: 1221 &rarr; <strong>1246</strong><br />(+25 for winning)\n|raw|Sunny_zong1's rating: 1224 &rarr; <strong>1199</strong><br />(-25 for losing)\n|c|\u2606PrimordialChampion|gg\n|l|\u2606Sunny_zong1\n|player|p2|\n|l|\u2606PrimordialChampion\n|player|p1|\n","uploadtime":1774273102,"views":12,"formatid":"gen9vgc2026regi","rating":1199,"private":0,"password":null}