{"id":"gen9vgc2026regi-2565934513","format":"[Gen 9] VGC 2026 Reg I","players":["OttoTheIdol","lstdddsg"],"log":"|j|\u2606OttoTheIdol\n|j|\u2606lstdddsg\n|t:|1774319606\n|gametype|doubles\n|player|p1|OttoTheIdol|aaron|1309\n|player|p2|lstdddsg|riley|1549\n|gen|9\n|tier|[Gen 9] VGC 2026 Reg I\n|rated|\n|rule|Species Clause: Limit one of each Pok\u00e9mon\n|rule|Item Clause: Limit 1 of each item\n|clearpoke\n|poke|p1|Whimsicott, L50, M|\n|poke|p1|Calyrex-Shadow, L50|\n|poke|p1|Miraidon, L50|\n|poke|p1|Gallade, L50, M|\n|poke|p1|Azumarill, L50, M|\n|poke|p1|Farigiraf, L50, M|\n|poke|p2|Giratina-Origin, L50|\n|poke|p2|Zamazenta-*, L50|\n|poke|p2|Chien-Pao, L50|\n|poke|p2|Entei, L50|\n|poke|p2|Urshifu-*, L50, M|\n|poke|p2|Rillaboom, L50, F|\n|teampreview|4\n|inactive|Battle timer is ON: inactive players will automatically lose when time's up. (requested by lstdddsg)\n|inactive|lstdddsg has 60 seconds left.\n|inactive|lstdddsg has 30 seconds left.\n|inactive|lstdddsg has 20 seconds left.\n|\n|t:|1774319682\n|teamsize|p1|4\n|teamsize|p2|4\n|start\n|switch|p1a: Calyrex|Calyrex-Shadow, L50|100/100\n|switch|p1b: Gallade|Gallade, L50, M|100/100\n|switch|p2a: Chien-Pao|Chien-Pao, L50|100/100\n|switch|p2b: Rillaboom|Rillaboom, L50, F|100/100\n|-ability|p1a: Calyrex|As One\n|-ability|p1a: Calyrex|Unnerve\n|-ability|p2a: Chien-Pao|Sword of Ruin\n|-fieldstart|move: Grassy Terrain|[from] ability: Grassy Surge|[of] p2b: Rillaboom\n|turn|1\n|inactive|OttoTheIdol has 30 seconds left.\n|inactive|lstdddsg has 30 seconds left.\n|inactive|OttoTheIdol has 20 seconds left.\n|inactive|lstdddsg has 20 seconds left.\n|inactive|OttoTheIdol has 15 seconds left.\n|inactive|lstdddsg has 15 seconds left.\n|inactive|OttoTheIdol has 10 seconds left.\n|\n|t:|1774319728\n|switch|p1b: Farigiraf|Farigiraf, L50, M|100/100\n|move|p1a: Calyrex|Astral Barrage|p2a: Chien-Pao|[spread] p2a,p2b\n|-resisted|p2a: Chien-Pao\n|-damage|p2a: Chien-Pao|42/100\n|-damage|p2b: Rillaboom|47/100\n|-damage|p1a: Calyrex|91/100|[from] item: Life Orb\n|move|p2a: Chien-Pao|Icicle Crash|p1b: Farigiraf\n|-damage|p1b: Farigiraf|40/100\n|move|p2b: Rillaboom|U-turn|p1b: Farigiraf\n|-supereffective|p1b: Farigiraf\n|-damage|p1b: Farigiraf|0 fnt\n|faint|p1b: Farigiraf\n|inactive|lstdddsg has 30 seconds left.\n|inactive|lstdddsg has 20 seconds left.\n|inactive|lstdddsg has 15 seconds left.\n|inactive|lstdddsg has 10 seconds left.\n|\n|t:|1774319774\n|switch|p2b: Giratina|Giratina-Origin, L50|100/100|[from] U-turn\n|\n|-heal|p1a: Calyrex|97/100|[from] Grassy Terrain\n|-heal|p2a: Chien-Pao|48/100|[from] Grassy Terrain\n|upkeep\n|\n|t:|1774319793\n|switch|p1b: Miraidon|Miraidon, L50|100/100\n|-fieldstart|move: Electric Terrain|[from] ability: Hadron Engine|[of] p1b: Miraidon\n|turn|2\n|inactive|lstdddsg has 30 seconds left.\n|inactive|lstdddsg has 20 seconds left.\n|\n|t:|1774319830\n|-terastallize|p1a: Calyrex|Dark\n|move|p2a: Chien-Pao|Protect|p2a: Chien-Pao\n|-singleturn|p2a: Chien-Pao|Protect\n|move|p2b: Giratina|Shadow Sneak|p1a: Calyrex\n|-resisted|p1a: Calyrex\n|-damage|p1a: Calyrex|76/100\n|move|p1b: Miraidon|Draco Meteor|p2b: Giratina\n|-supereffective|p2b: Giratina\n|-damage|p2b: Giratina|0 fnt\n|-unboost|p1b: Miraidon|spa|2\n|faint|p2b: Giratina\n|move|p1a: Calyrex|Astral Barrage|p2a: Chien-Pao\n|-activate|p2a: Chien-Pao|move: Protect\n|\n|upkeep\n|\n|t:|1774319851\n|switch|p2b: Zamazenta|Zamazenta-Crowned, L50|100/100\n|-ability|p2b: Zamazenta|Dauntless Shield|boost\n|-boost|p2b: Zamazenta|def|1\n|turn|3\n|\n|t:|1774319865\n|move|p1b: Miraidon|Draco Meteor|p2a: Chien-Pao\n|-damage|p2a: Chien-Pao|0 fnt\n|-unboost|p1b: Miraidon|spa|2\n|faint|p2a: Chien-Pao\n|move|p1a: Calyrex|Astral Barrage|p2b: Zamazenta\n|-damage|p2b: Zamazenta|32/100\n|-damage|p1a: Calyrex|66/100|[from] item: Life Orb\n|move|p2b: Zamazenta|Body Press|p1a: Calyrex\n|-supereffective|p1a: Calyrex\n|-crit|p1a: Calyrex\n|-damage|p1a: Calyrex|0 fnt\n|faint|p1a: Calyrex\n|\n|upkeep\n|\n|t:|1774319880\n|switch|p1a: Gallade|Gallade, L50, M|100/100\n|switch|p2a: Rillaboom|Rillaboom, L50, F|47/100\n|-fieldstart|move: Grassy Terrain|[from] ability: Grassy Surge|[of] p2a: Rillaboom\n|turn|4\n|inactive|lstdddsg has 30 seconds left.\n|\n|t:|1774319911\n|-terastallize|p2b: Zamazenta|Ghost\n|move|p2a: Rillaboom|Fake Out|p1b: Miraidon\n|-damage|p1b: Miraidon|89/100\n|cant|p1b: Miraidon|flinch\n|move|p2b: Zamazenta|Body Press|p1b: Miraidon\n|-damage|p1b: Miraidon|27/100\n|move|p1a: Gallade|Sacred Sword|p2b: Zamazenta\n|-immune|p2b: Zamazenta\n|\n|-heal|p1b: Miraidon|32/100|[from] Grassy Terrain\n|-heal|p2b: Zamazenta|38/100|[from] Grassy Terrain\n|-heal|p2a: Rillaboom|53/100|[from] Grassy Terrain\n|upkeep\n|turn|5\n|inactive|lstdddsg has 30 seconds left.\n|\n|t:|1774319937\n|move|p2b: Zamazenta|Protect|p2b: Zamazenta\n|-singleturn|p2b: Zamazenta|Protect\n|move|p2a: Rillaboom|Grassy Glide|p1a: Gallade\n|-damage|p1a: Gallade|37/100\n|move|p1b: Miraidon|Draco Meteor|p2b: Zamazenta\n|-activate|p2b: Zamazenta|move: Protect\n|move|p1a: Gallade|Sacred Sword|p2a: Rillaboom\n|-damage|p2a: Rillaboom|1/100\n|\n|-heal|p1b: Miraidon|38/100|[from] Grassy Terrain\n|-heal|p2b: Zamazenta|44/100|[from] Grassy Terrain\n|-heal|p1a: Gallade|42/100|[from] Grassy Terrain\n|-heal|p2a: Rillaboom|7/100|[from] Grassy Terrain\n|upkeep\n|turn|6\n|\n|t:|1774319956\n|move|p2a: Rillaboom|Grassy Glide|p1a: Gallade\n|-damage|p1a: Gallade|0 fnt\n|faint|p1a: Gallade\n|move|p1b: Miraidon|Draco Meteor|p2b: Zamazenta\n|-damage|p2b: Zamazenta|25/100\n|-unboost|p1b: Miraidon|spa|2\n|move|p2b: Zamazenta|Body Press|p1b: Miraidon\n|-damage|p1b: Miraidon|0 fnt\n|faint|p1b: Miraidon\n|\n|win|lstdddsg\n|raw|OttoTheIdol's rating: 1309 &rarr; <strong>1301</strong><br />(-8 for losing)\n|raw|lstdddsg's rating: 1549 &rarr; <strong>1557</strong><br />(+8 for winning)\n|l|\u2606OttoTheIdol\n|player|p1|\n","uploadtime":1774319970,"views":14,"formatid":"gen9vgc2026regi","rating":1301,"private":0,"password":null}