{"id":"gen9vgc2026regi-2568227442","format":"[Gen 9] VGC 2026 Reg I","players":["soolers","Nahro1001"],"log":"|j|\u2606soolers\n|j|\u2606Nahro1001\n|t:|1774557629\n|gametype|doubles\n|player|p1|soolers|169|1344\n|player|p2|Nahro1001|266|1266\n|gen|9\n|tier|[Gen 9] VGC 2026 Reg I\n|rated|\n|rule|Species Clause: Limit one of each Pok\u00e9mon\n|rule|Item Clause: Limit 1 of each item\n|clearpoke\n|poke|p1|Groudon, L50|\n|poke|p1|Grafaiai, L50, F|\n|poke|p1|Volcarona, L50, M|\n|poke|p1|Incineroar, L50, M|\n|poke|p1|Giratina-Origin, L50|\n|poke|p1|Gouging Fire, L50|\n|poke|p2|Zamazenta-*, L50|\n|poke|p2|Chien-Pao, L50|\n|poke|p2|Miraidon, L50|\n|poke|p2|Whimsicott, L50, F|\n|poke|p2|Iron Hands, L50|\n|poke|p2|Volcarona, L50, F|\n|teampreview|4\n|l|\u2606soolers\n|player|p1|\n|j|\u2606soolers\n|player|p1|soolers|169|\n|\n|t:|1774557659\n|teamsize|p1|4\n|teamsize|p2|4\n|start\n|switch|p1a: Groudon|Groudon, L50|100/100\n|switch|p1b: Volcarona|Volcarona, L50, M|100/100\n|switch|p2a: Zamazenta|Zamazenta-Crowned, L50, shiny|100/100\n|switch|p2b: Miraidon|Miraidon, L50, shiny|100/100\n|-fieldstart|move: Electric Terrain|[from] ability: Hadron Engine|[of] p2b: Miraidon\n|-ability|p2a: Zamazenta|Dauntless Shield|boost\n|-boost|p2a: Zamazenta|def|1\n|-weather|SunnyDay|[from] ability: Drought|[of] p1a: Groudon\n|turn|1\n|inactive|Battle timer is ON: inactive players will automatically lose when time's up. (requested by Nahro1001)\n|\n|t:|1774557679\n|-terastallize|p2a: Zamazenta|Water\n|move|p2b: Miraidon|Draco Meteor|p1a: Groudon\n|-damage|p1a: Groudon|37/100\n|-unboost|p2b: Miraidon|spa|2\n|move|p2a: Zamazenta|Body Press|p1a: Groudon\n|-damage|p1a: Groudon|0 fnt\n|faint|p1a: Groudon\n|move|p1b: Volcarona|Will-O-Wisp|p2a: Zamazenta|[miss]\n|-miss|p1b: Volcarona|p2a: Zamazenta\n|\n|-weather|SunnyDay|[upkeep]\n|upkeep\n|\n|t:|1774557690\n|switch|p1a: Gouging Fire|Gouging Fire, L50|100/100\n|-activate|p1a: Gouging Fire|ability: Protosynthesis\n|-start|p1a: Gouging Fire|protosynthesisspe\n|turn|2\n|\n|t:|1774557712\n|switch|p2b: Iron Hands|Iron Hands, L50, shiny|100/100\n|-activate|p2b: Iron Hands|ability: Quark Drive\n|-start|p2b: Iron Hands|quarkdriveatk\n|move|p1a: Gouging Fire|Howl|p1a: Gouging Fire|[spread] p1a,p1b\n|-boost|p1a: Gouging Fire|atk|1\n|-boost|p1b: Volcarona|atk|1\n|move|p2a: Zamazenta|Body Press|p1a: Gouging Fire\n|-damage|p1a: Gouging Fire|52/100\n|move|p1b: Volcarona|Will-O-Wisp|p2a: Zamazenta\n|-status|p2a: Zamazenta|brn\n|\n|-weather|SunnyDay|[upkeep]\n|-damage|p2a: Zamazenta|94/100 brn|[from] brn\n|upkeep\n|turn|3\n|inactive|Nahro1001 has 30 seconds left.\n|\n|t:|1774557738\n|move|p1a: Gouging Fire|Burning Bulwark|p1a: Gouging Fire\n|-singleturn|p1a: Gouging Fire|move: Protect\n|move|p2b: Iron Hands|Fake Out|p1a: Gouging Fire\n|-activate|p1a: Gouging Fire|move: Protect\n|-status|p2b: Iron Hands|brn\n|move|p2a: Zamazenta|Body Press|p1a: Gouging Fire\n|-activate|p1a: Gouging Fire|move: Protect\n|move|p1b: Volcarona|Will-O-Wisp|p2b: Iron Hands\n|-fail|p2b: Iron Hands|brn\n|\n|-weather|SunnyDay|[upkeep]\n|-damage|p2a: Zamazenta|88/100 brn|[from] brn\n|-damage|p2b: Iron Hands|94/100 brn|[from] brn\n|upkeep\n|turn|4\n|\n|t:|1774557754\n|move|p1b: Volcarona|Rage Powder|p1b: Volcarona\n|-singleturn|p1b: Volcarona|move: Rage Powder\n|move|p1a: Gouging Fire|Howl|p1a: Gouging Fire|[spread] p1a,p1b\n|-boost|p1a: Gouging Fire|atk|1\n|-boost|p1b: Volcarona|atk|1\n|move|p2a: Zamazenta|Body Press|p1b: Volcarona\n|-resisted|p1b: Volcarona\n|-damage|p1b: Volcarona|84/100\n|move|p2b: Iron Hands|Low Kick|p1b: Volcarona\n|-resisted|p1b: Volcarona\n|-damage|p1b: Volcarona|73/100\n|\n|-weather|SunnyDay|[upkeep]\n|-damage|p2a: Zamazenta|82/100 brn|[from] brn\n|-damage|p2b: Iron Hands|88/100 brn|[from] brn\n|upkeep\n|turn|5\n|\n|t:|1774557773\n|move|p1b: Volcarona|Rage Powder|p1b: Volcarona\n|-singleturn|p1b: Volcarona|move: Rage Powder\n|move|p1a: Gouging Fire|Howl|p1a: Gouging Fire|[spread] p1a,p1b\n|-boost|p1a: Gouging Fire|atk|1\n|-boost|p1b: Volcarona|atk|1\n|move|p2a: Zamazenta|Body Press|p1b: Volcarona\n|-resisted|p1b: Volcarona\n|-damage|p1b: Volcarona|56/100\n|move|p2b: Iron Hands|Wild Charge|p1b: Volcarona\n|-crit|p1b: Volcarona\n|-damage|p1b: Volcarona|0 fnt\n|faint|p1b: Volcarona\n|-damage|p2b: Iron Hands|77/100 brn|[from] Recoil\n|\n|-weather|none\n|-end|p1a: Gouging Fire|Protosynthesis\n|-damage|p2a: Zamazenta|76/100 brn|[from] brn\n|-damage|p2b: Iron Hands|71/100 brn|[from] brn\n|-fieldend|move: Electric Terrain\n|-end|p2b: Iron Hands|Quark Drive\n|upkeep\n|\n|t:|1774557778\n|switch|p1b: Giratina|Giratina-Origin, L50|100/100\n|turn|6\n|inactive|Nahro1001 has 30 seconds left.\n|inactive|Nahro1001 has 20 seconds left.\n|inactive|Nahro1001 has 15 seconds left.\n|\n|t:|1774557821\n|move|p2a: Zamazenta|Body Press|p1a: Gouging Fire\n|-damage|p1a: Gouging Fire|28/100\n|move|p1a: Gouging Fire|Howl|p1a: Gouging Fire|[spread] p1a,p1b\n|-boost|p1a: Gouging Fire|atk|1\n|-boost|p1b: Giratina|atk|1\n|move|p1b: Giratina|Poltergeist|p2b: Iron Hands\n|-activate|p2b: Iron Hands|move: Poltergeist|Assault Vest\n|-damage|p2b: Iron Hands|1/100 brn\n|move|p2b: Iron Hands|Low Kick|p1a: Gouging Fire\n|-damage|p1a: Gouging Fire|1/100\n|\n|-damage|p2a: Zamazenta|70/100 brn|[from] brn\n|-damage|p2b: Iron Hands|0 fnt|[from] brn\n|faint|p2b: Iron Hands\n|-end|p2b: Iron Hands|Quark Drive|[silent]\n|upkeep\n|\n|t:|1774557838\n|switch|p2b: Miraidon|Miraidon, L50, shiny|100/100\n|-fieldstart|move: Electric Terrain|[from] ability: Hadron Engine|[of] p2b: Miraidon\n|turn|7\n|\n|t:|1774557853\n|move|p2b: Miraidon|Dazzling Gleam|p1b: Giratina|[spread] p1a,p1b\n|-supereffective|p1b: Giratina\n|-damage|p1a: Gouging Fire|0 fnt\n|-damage|p1b: Giratina|58/100\n|faint|p1a: Gouging Fire\n|-end|p1a: Gouging Fire|Protosynthesis|[silent]\n|move|p2a: Zamazenta|Body Press|p1b: Giratina\n|-immune|p1b: Giratina\n|move|p1b: Giratina|Dragon Claw|p2b: Miraidon\n|-supereffective|p2b: Miraidon\n|-damage|p2b: Miraidon|0 fnt\n|faint|p2b: Miraidon\n|\n|-damage|p2a: Zamazenta|64/100 brn|[from] brn\n|upkeep\n|\n|t:|1774557857\n|switch|p2b: Chien-Paolo|Chien-Pao, L50, shiny|100/100\n|-ability|p2b: Chien-Paolo|Sword of Ruin\n|turn|8\n|\n|t:|1774557866\n|move|p2b: Chien-Paolo|Icicle Crash|p1b: Giratina|[miss]\n|-miss|p2b: Chien-Paolo|p1b: Giratina\n|move|p2a: Zamazenta|Behemoth Bash|p1b: Giratina\n|-damage|p1b: Giratina|40/100\n|move|p1b: Giratina|Dragon Claw|p2b: Chien-Paolo\n|-enditem|p2b: Chien-Paolo|Focus Sash\n|-damage|p2b: Chien-Paolo|1/100\n|\n|-damage|p2a: Zamazenta|58/100 brn|[from] brn\n|upkeep\n|turn|9\n|\n|t:|1774557875\n|move|p2b: Chien-Paolo|Sucker Punch|p1b: Giratina\n|-supereffective|p1b: Giratina\n|-damage|p1b: Giratina|0 fnt\n|faint|p1b: Giratina\n|\n|win|Nahro1001\n|raw|soolers's rating: 1344 &rarr; <strong>1320</strong><br />(-24 for losing)\n|raw|Nahro1001's rating: 1266 &rarr; <strong>1297</strong><br />(+31 for winning)\n|l|\u2606soolers\n|player|p1|\n|l|\u2606Nahro1001\n|player|p2|\n","uploadtime":1774558101,"views":11,"formatid":"gen9vgc2026regi","rating":1297,"private":0,"password":null}