{"id":"gen9vgc2026regi-2575856444","format":"[Gen 9] VGC 2026 Reg I","players":["TheNamesBetty","Frostflame54321"],"log":"|j|\u2606TheNamesBetty\n|j|\u2606Frostflame54321\n|t:|1775407350\n|gametype|doubles\n|player|p1|TheNamesBetty|koga|1210\n|player|p2|Frostflame54321|iris-gen5bw2|1231\n|gen|9\n|tier|[Gen 9] VGC 2026 Reg I\n|rated|\n|rule|Species Clause: Limit one of each Pok\u00e9mon\n|rule|Item Clause: Limit 1 of each item\n|clearpoke\n|poke|p1|Koraidon, L50|\n|poke|p1|Calyrex-Shadow, L50|\n|poke|p1|Tornadus, L50, M|\n|poke|p1|Chi-Yu, L50|\n|poke|p1|Clefairy, L50, M|\n|poke|p1|Dewgong, L50, M|\n|poke|p2|Brute Bonnet, L50|\n|poke|p2|Lunala, L50|\n|poke|p2|Ursaluna, L50, M|\n|poke|p2|Chi-Yu, L50|\n|poke|p2|Koraidon, L50|\n|poke|p2|Flutter Mane, L50|\n|teampreview|4\n|inactive|Battle timer is ON: inactive players will automatically lose when time's up. (requested by Frostflame54321)\n|inactive|TheNamesBetty has 60 seconds left.\n|\n|t:|1775407383\n|teamsize|p1|4\n|teamsize|p2|4\n|start\n|switch|p1a: Jan\u017di\u017ekaZTrocnova|Koraidon, L50|100/100\n|switch|p1b: Chi-Yu|Chi-Yu, L50, shiny|100/100\n|switch|p2a: Chi-Yu|Chi-Yu, L50|100/100\n|switch|p2b: Koraidon|Koraidon, L50|100/100\n|-ability|p1b: Chi-Yu|Beads of Ruin\n|-ability|p2a: Chi-Yu|Beads of Ruin\n|-weather|SunnyDay|[from] ability: Orichalcum Pulse|[of] p2b: Koraidon\n|-activate|p2b: Koraidon|Orichalcum Pulse|[source]\n|-activate|p1a: Jan\u017di\u017ekaZTrocnova|ability: Orichalcum Pulse\n|turn|1\n|c|\u2606TheNamesBetty|Hi\n|c|\u2606Frostflame54321|Nice mirror\n|inactive|TheNamesBetty has 30 seconds left.\n|inactive|Frostflame54321 has 30 seconds left.\n|\n|t:|1775407418\n|move|p1b: Chi-Yu|Dark Pulse|p2b: Koraidon\n|-resisted|p2b: Koraidon\n|-damage|p2b: Koraidon|66/100\n|move|p2a: Chi-Yu|Dark Pulse|p1a: Jan\u017di\u017ekaZTrocnova\n|-resisted|p1a: Jan\u017di\u017ekaZTrocnova\n|-damage|p1a: Jan\u017di\u017ekaZTrocnova|76/100\n|cant|p2b: Koraidon|flinch\n|cant|p1a: Jan\u017di\u017ekaZTrocnova|flinch\n|\n|-weather|SunnyDay|[upkeep]\n|upkeep\n|turn|2\n|c|\u2606TheNamesBetty|Lmao\n|inactive|TheNamesBetty has 30 seconds left.\n|inactive|Frostflame54321 has 30 seconds left.\n|\n|t:|1775407451\n|move|p1b: Chi-Yu|Dark Pulse|p2b: Koraidon\n|-resisted|p2b: Koraidon\n|-damage|p2b: Koraidon|32/100\n|move|p2a: Chi-Yu|Dark Pulse|p1a: Jan\u017di\u017ekaZTrocnova\n|-resisted|p1a: Jan\u017di\u017ekaZTrocnova\n|-damage|p1a: Jan\u017di\u017ekaZTrocnova|51/100\n|move|p2b: Koraidon|Close Combat|p1b: Chi-Yu\n|-supereffective|p1b: Chi-Yu\n|-damage|p1b: Chi-Yu|0 fnt\n|-unboost|p2b: Koraidon|def|1\n|-unboost|p2b: Koraidon|spd|1\n|faint|p1b: Chi-Yu\n|-damage|p2b: Koraidon|22/100|[from] item: Life Orb\n|move|p1a: Jan\u017di\u017ekaZTrocnova|Flame Charge|p2b: Koraidon\n|-resisted|p2b: Koraidon\n|-damage|p2b: Koraidon|0 fnt\n|-boost|p1a: Jan\u017di\u017ekaZTrocnova|spe|1\n|faint|p2b: Koraidon\n|\n|-weather|SunnyDay|[upkeep]\n|upkeep\n|\n|t:|1775407464\n|switch|p2b: Ursaluna|Ursaluna, L50, M|100/100\n|switch|p1b: DDDMaxVerstappeb|Dewgong, L50, M|100/100\n|turn|3\n|inactive|TheNamesBetty has 30 seconds left.\n|inactive|TheNamesBetty has 20 seconds left.\n|inactive|TheNamesBetty has 15 seconds left.\n|\n|t:|1775407507\n|-terastallize|p2b: Ursaluna|Ghost\n|move|p1b: DDDMaxVerstappeb|Fake Out|p2a: Chi-Yu\n|-damage|p2a: Chi-Yu|88/100\n|move|p1a: Jan\u017di\u017ekaZTrocnova|Flare Blitz|p2b: Ursaluna\n|-damage|p2b: Ursaluna|40/100\n|-damage|p1a: Jan\u017di\u017ekaZTrocnova|28/100|[from] Recoil\n|cant|p2a: Chi-Yu|flinch\n|move|p2b: Ursaluna|Earthquake|p1b: DDDMaxVerstappeb|[spread] p2a,p1a,p1b\n|-supereffective|p2a: Chi-Yu\n|-damage|p2a: Chi-Yu|0 fnt\n|-damage|p1a: Jan\u017di\u017ekaZTrocnova|0 fnt\n|-damage|p1b: DDDMaxVerstappeb|50/100\n|faint|p2a: Chi-Yu\n|faint|p1a: Jan\u017di\u017ekaZTrocnova\n|\n|-weather|SunnyDay|[upkeep]\n|-status|p2b: Ursaluna|brn|[from] item: Flame Orb\n|upkeep\n|\n|t:|1775407525\n|switch|p1a: Kedluben|Calyrex-Shadow, L50|100/100\n|switch|p2a: Lunala|Lunala, L50|100/100\n|-ability|p1a: Kedluben|As One\n|-ability|p1a: Kedluben|Unnerve\n|turn|4\n|\n|t:|1775407543\n|-terastallize|p1a: Kedluben|Dark\n|move|p2a: Lunala|Wide Guard|p2a: Lunala\n|-singleturn|p2a: Lunala|Wide Guard\n|move|p1b: DDDMaxVerstappeb|Ice Shard|p2a: Lunala\n|-damage|p2a: Lunala|96/100\n|move|p1a: Kedluben|Psychic|p2b: Ursaluna\n|-damage|p2b: Ursaluna|0 fnt\n|faint|p2b: Ursaluna\n|-ability|p1a: Kedluben|Grim Neigh|boost\n|-boost|p1a: Kedluben|spa|1\n|-damage|p1a: Kedluben|91/100|[from] item: Life Orb\n|\n|-weather|SunnyDay|[upkeep]\n|upkeep\n|turn|5\n|-message|Frostflame54321 forfeited.\n|\n|win|TheNamesBetty\n|raw|TheNamesBetty's rating: 1210 &rarr; <strong>1237</strong><br />(+27 for winning)\n|raw|Frostflame54321's rating: 1231 &rarr; <strong>1204</strong><br />(-27 for losing)\n|l|\u2606Frostflame54321\n|player|p2|\n","uploadtime":1775407561,"views":13,"formatid":"gen9vgc2026regi","rating":1204,"private":0,"password":null}