{"id":"gen9vgc2026regi-2538203138","format":"[Gen 9] VGC 2026 Reg I","players":["blackred123","kkSST"],"log":"|j|\u2606blackred123\n|j|\u2606kkSST\n|t:|1770905931\n|gametype|doubles\n|player|p1|blackred123|iono-masters|1485\n|player|p2|kkSST|caitlin|1580\n|gen|9\n|tier|[Gen 9] VGC 2026 Reg I\n|rated|\n|rule|Species Clause: Limit one of each Pok\u00e9mon\n|rule|Item Clause: Limit 1 of each item\n|clearpoke\n|poke|p1|Calyrex-Shadow, L50|\n|poke|p1|Zamazenta-*, L50|\n|poke|p1|Roaring Moon, L50|\n|poke|p1|Maushold-Four, L50|\n|poke|p1|Weezing, L50, F|\n|poke|p1|Amoonguss, L50, F|\n|poke|p2|Calyrex-Shadow, L50|\n|poke|p2|Grimmsnarl, L50, M|\n|poke|p2|Incineroar, L50, M|\n|poke|p2|Rillaboom, L50, M|\n|poke|p2|Koraidon, L50|\n|poke|p2|Clefairy, L50, F|\n|teampreview|4\n|inactive|Battle timer is ON: inactive players will automatically lose when time's up. (requested by blackred123)\n|\n|t:|1770905950\n|teamsize|p1|4\n|teamsize|p2|4\n|start\n|switch|p1a: Zamazenta|Zamazenta-Crowned, L50|100/100\n|switch|p1b: Roaring Moon|Roaring Moon, L50, shiny|100/100\n|switch|p2a: \u9ecf\u571f\u5f00\u5899\u5de8\u9b54|Grimmsnarl, L50, M, shiny|100/100\n|switch|p2b: \u592a\u5996\u5f3a\u5316\u9ed1\u9a6c|Calyrex-Shadow, L50|100/100\n|-ability|p2b: \u592a\u5996\u5f3a\u5316\u9ed1\u9a6c|As One\n|-ability|p2b: \u592a\u5996\u5f3a\u5316\u9ed1\u9a6c|Unnerve\n|-ability|p1a: Zamazenta|Dauntless Shield|boost\n|-boost|p1a: Zamazenta|def|1\n|-enditem|p1b: Roaring Moon|Booster Energy\n|-activate|p1b: Roaring Moon|ability: Protosynthesis|[fromitem]\n|-start|p1b: Roaring Moon|protosynthesisspe\n|turn|1\n|\n|t:|1770905959\n|-terastallize|p2b: \u592a\u5996\u5f3a\u5316\u9ed1\u9a6c|Ghost\n|move|p2a: \u9ecf\u571f\u5f00\u5899\u5de8\u9b54|Fake Out|p1b: Roaring Moon\n|-damage|p1b: Roaring Moon|86/100\n|cant|p1b: Roaring Moon|flinch\n|move|p2b: \u592a\u5996\u5f3a\u5316\u9ed1\u9a6c|Astral Barrage|p1b: Roaring Moon|[spread] p1a,p1b\n|-resisted|p1b: Roaring Moon\n|-damage|p1a: Zamazenta|23/100\n|-damage|p1b: Roaring Moon|30/100\n|move|p1a: Zamazenta|Heavy Slam|p2a: \u9ecf\u571f\u5f00\u5899\u5de8\u9b54\n|-supereffective|p2a: \u9ecf\u571f\u5f00\u5899\u5de8\u9b54\n|-damage|p2a: \u9ecf\u571f\u5f00\u5899\u5de8\u9b54|4/100\n|\n|upkeep\n|turn|2\n|\n|t:|1770905978\n|switch|p2b: \u80cc\u5fc3\u7279\u9632\u8001\u864e|Incineroar, L50, M, shiny|100/100\n|-ability|p2b: \u80cc\u5fc3\u7279\u9632\u8001\u864e|Intimidate|boost\n|-unboost|p1a: Zamazenta|atk|1\n|-unboost|p1b: Roaring Moon|atk|1\n|move|p1a: Zamazenta|Wide Guard|p1a: Zamazenta\n|-singleturn|p1a: Zamazenta|Wide Guard\n|move|p1b: Roaring Moon|Knock Off|p2a: \u9ecf\u571f\u5f00\u5899\u5de8\u9b54\n|-resisted|p2a: \u9ecf\u571f\u5f00\u5899\u5de8\u9b54\n|-damage|p2a: \u9ecf\u571f\u5f00\u5899\u5de8\u9b54|0 fnt\n|-enditem|p2a: \u9ecf\u571f\u5f00\u5899\u5de8\u9b54|Covert Cloak|[from] move: Knock Off|[of] p1b: Roaring Moon\n|faint|p2a: \u9ecf\u571f\u5f00\u5899\u5de8\u9b54\n|\n|upkeep\n|\n|t:|1770905988\n|switch|p2a: \u6807\u51c6\u5760\u9970\u6597\u9f99|Koraidon, L50|100/100\n|-weather|SunnyDay|[from] ability: Orichalcum Pulse|[of] p2a: \u6807\u51c6\u5760\u9970\u6597\u9f99\n|-activate|p2a: \u6807\u51c6\u5760\u9970\u6597\u9f99|Orichalcum Pulse|[source]\n|turn|3\n|\n|t:|1770906000\n|move|p2b: \u80cc\u5fc3\u7279\u9632\u8001\u864e|Fake Out|p1b: Roaring Moon\n|-crit|p1b: Roaring Moon\n|-damage|p1b: Roaring Moon|10/100\n|cant|p1b: Roaring Moon|flinch\n|move|p2a: \u6807\u51c6\u5760\u9970\u6597\u9f99|U-turn|p1b: Roaring Moon\n|-supereffective|p1b: Roaring Moon\n|-damage|p1b: Roaring Moon|0 fnt\n|faint|p1b: Roaring Moon\n|-end|p1b: Roaring Moon|Protosynthesis|[silent]\n|\n|t:|1770906006\n|switch|p2a: \u592a\u5996\u5f3a\u5316\u9ed1\u9a6c|Calyrex-Shadow, L50, tera:Ghost|100/100|[from] U-turn\n|-ability|p2a: \u592a\u5996\u5f3a\u5316\u9ed1\u9a6c|As One\n|-ability|p2a: \u592a\u5996\u5f3a\u5316\u9ed1\u9a6c|Unnerve\n|move|p1a: Zamazenta|Body Press|p2b: \u80cc\u5fc3\u7279\u9632\u8001\u864e\n|-supereffective|p2b: \u80cc\u5fc3\u7279\u9632\u8001\u864e\n|-damage|p2b: \u80cc\u5fc3\u7279\u9632\u8001\u864e|7/100\n|-damage|p1a: Zamazenta|7/100|[from] item: Rocky Helmet|[of] p2b: \u80cc\u5fc3\u7279\u9632\u8001\u864e\n|\n|-weather|SunnyDay|[upkeep]\n|upkeep\n|\n|t:|1770906016\n|switch|p1b: Calyrex|Calyrex-Shadow, L50|100/100\n|-ability|p1b: Calyrex|As One\n|-ability|p1b: Calyrex|Unnerve\n|turn|4\n|\n|t:|1770906030\n|-terastallize|p1b: Calyrex|Ghost\n|move|p1a: Zamazenta|Wide Guard|p1a: Zamazenta\n|-singleturn|p1a: Zamazenta|Wide Guard\n|move|p1b: Calyrex|Astral Barrage|p2a: \u592a\u5996\u5f3a\u5316\u9ed1\u9a6c|[spread] p2a,p2b\n|-supereffective|p2a: \u592a\u5996\u5f3a\u5316\u9ed1\u9a6c\n|-resisted|p2b: \u80cc\u5fc3\u7279\u9632\u8001\u864e\n|-damage|p2a: \u592a\u5996\u5f3a\u5316\u9ed1\u9a6c|0 fnt\n|-damage|p2b: \u80cc\u5fc3\u7279\u9632\u8001\u864e|0 fnt\n|faint|p2a: \u592a\u5996\u5f3a\u5316\u9ed1\u9a6c\n|faint|p2b: \u80cc\u5fc3\u7279\u9632\u8001\u864e\n|-ability|p1b: Calyrex|Grim Neigh|boost\n|-boost|p1b: Calyrex|spa|2\n|\n|-weather|SunnyDay|[upkeep]\n|upkeep\n|\n|t:|1770906036\n|switch|p2b: \u6807\u51c6\u5760\u9970\u6597\u9f99|Koraidon, L50|100/100\n|-activate|p2b: \u6807\u51c6\u5760\u9970\u6597\u9f99|ability: Orichalcum Pulse\n|turn|5\n|\n|t:|1770906043\n|move|p2b: \u6807\u51c6\u5760\u9970\u6597\u9f99|Flare Blitz|p1b: Calyrex\n|-damage|p1b: Calyrex|0 fnt\n|faint|p1b: Calyrex\n|-damage|p2b: \u6807\u51c6\u5760\u9970\u6597\u9f99|70/100|[from] Recoil\n|move|p1a: Zamazenta|Body Press|p2b: \u6807\u51c6\u5760\u9970\u6597\u9f99\n|-damage|p2b: \u6807\u51c6\u5760\u9970\u6597\u9f99|12/100\n|\n|-weather|SunnyDay|[upkeep]\n|upkeep\n|\n|t:|1770906047\n|switch|p1b: Maushold|Maushold-Four, L50|100/100\n|turn|6\n|\n|t:|1770906054\n|move|p1b: Maushold|Follow Me|p1b: Maushold\n|-singleturn|p1b: Maushold|move: Follow Me\n|move|p2b: \u6807\u51c6\u5760\u9970\u6597\u9f99|Flare Blitz|p1b: Maushold\n|-damage|p1b: Maushold|7/100\n|-damage|p2b: \u6807\u51c6\u5760\u9970\u6597\u9f99|0 fnt|[from] Recoil\n|faint|p2b: \u6807\u51c6\u5760\u9970\u6597\u9f99\n|\n|win|blackred123\n|raw|blackred123's rating: 1485 &rarr; <strong>1510</strong><br />(+25 for winning)\n|raw|kkSST's rating: 1580 &rarr; <strong>1555</strong><br />(-25 for losing)\n|l|\u2606kkSST\n|player|p2|\n|l|\u2606blackred123\n|player|p1|\n","uploadtime":1770906305,"views":31,"formatid":"gen9vgc2026regi","rating":1510,"private":0,"password":null}