{"id":"gen9vgc2026regi-2539745924","format":"[Gen 9] VGC 2026 Reg I","players":["SnarkyShane","zjeskin"],"log":"|j|\u2606SnarkyShane\n|j|\u2606zjeskin\n|t:|1771103725\n|gametype|doubles\n|player|p1|SnarkyShane|gambler|1402\n|player|p2|zjeskin|blue-masters|1388\n|gen|9\n|tier|[Gen 9] VGC 2026 Reg I\n|rated|\n|rule|Species Clause: Limit one of each Pok\u00e9mon\n|rule|Item Clause: Limit 1 of each item\n|clearpoke\n|poke|p1|Rayquaza, L50|\n|poke|p1|Calyrex-Shadow, L50|\n|poke|p1|Chien-Pao, L50|\n|poke|p1|Ting-Lu, L50|\n|poke|p1|Amoonguss, L50, F|\n|poke|p1|Avalugg-Hisui, L50, M|\n|poke|p2|Calyrex-Shadow, L50|\n|poke|p2|Rillaboom, L50, M|\n|poke|p2|Clefairy, L50, F|\n|poke|p2|Zacian-*, L50|\n|poke|p2|Milotic, L50, F|\n|poke|p2|Farigiraf, L50, F|\n|teampreview|4\n|inactive|Battle timer is ON: inactive players will automatically lose when time's up. (requested by SnarkyShane)\n|inactive|SnarkyShane has 60 seconds left.\n|inactive|zjeskin has 60 seconds left.\n|\n|t:|1771103758\n|teamsize|p1|4\n|teamsize|p2|4\n|start\n|switch|p1a: FesterinEquestrian|Calyrex-Shadow, L50|100/100\n|switch|p1b: Breathe Deep|Amoonguss, L50, F|100/100\n|switch|p2a: Clefairy|Clefairy, L50, F, shiny|100/100\n|switch|p2b: Calyrex|Calyrex-Shadow, L50|100/100\n|-ability|p1a: FesterinEquestrian|As One\n|-ability|p1a: FesterinEquestrian|Unnerve\n|-ability|p2b: Calyrex|As One\n|-ability|p2b: Calyrex|Unnerve\n|turn|1\n|\n|t:|1771103776\n|move|p2b: Calyrex|Protect|p2b: Calyrex\n|-singleturn|p2b: Calyrex|Protect\n|move|p1b: Breathe Deep|Protect|p1b: Breathe Deep\n|-singleturn|p1b: Breathe Deep|Protect\n|move|p1a: FesterinEquestrian|Taunt|p2a: Clefairy\n|-start|p2a: Clefairy|move: Taunt\n|move|p2a: Clefairy|Icy Wind|p1a: FesterinEquestrian|[spread] p1a\n|-activate|p1b: Breathe Deep|move: Protect\n|-damage|p1a: FesterinEquestrian|94/100\n|-unboost|p1a: FesterinEquestrian|spe|1\n|\n|upkeep\n|turn|2\n|l|\u2606SnarkyShane\n|inactive|SnarkyShane disconnected and has a minute to reconnect!\n|player|p1|\n|j|\u2606SnarkyShane\n|inactive|SnarkyShane reconnected and has 40 seconds left.\n|player|p1|SnarkyShane|gambler|\n|inactive|SnarkyShane has 30 seconds left.\n|\n|t:|1771103806\n|switch|p1a: Victor Creed|Chien-Pao, L50|100/100\n|-ability|p1a: Victor Creed|Sword of Ruin\n|move|p2b: Calyrex|Astral Barrage|p1b: Breathe Deep|[spread] p1a,p1b\n|-resisted|p1a: Victor Creed\n|-damage|p1a: Victor Creed|54/100\n|-damage|p1b: Breathe Deep|58/100\n|move|p2a: Clefairy|Icy Wind|p1a: Victor Creed|[spread] p1a,p1b\n|-resisted|p1a: Victor Creed\n|-supereffective|p1b: Breathe Deep\n|-damage|p1a: Victor Creed|49/100\n|-damage|p1b: Breathe Deep|47/100\n|-unboost|p1a: Victor Creed|spe|1\n|-unboost|p1b: Breathe Deep|spe|1\n|move|p1b: Breathe Deep|Spore|p2a: Clefairy\n|-status|p2a: Clefairy|slp|[from] move: Spore\n|\n|upkeep\n|turn|3\n|inactive|SnarkyShane has 30 seconds left.\n|inactive|SnarkyShane has 20 seconds left.\n|\n|t:|1771103844\n|switch|p2a: Zacian|Zacian-Crowned, L50, shiny|100/100\n|-ability|p2a: Zacian|Intrepid Sword|boost\n|-boost|p2a: Zacian|atk|1\n|switch|p1b: FesterinEquestrian|Calyrex-Shadow, L50|94/100\n|-ability|p1b: FesterinEquestrian|As One\n|-ability|p1b: FesterinEquestrian|Unnerve\n|move|p2b: Calyrex|Protect|p2b: Calyrex\n|-singleturn|p2b: Calyrex|Protect\n|move|p1a: Victor Creed|Sucker Punch||[still]\n|-fail|p1a: Victor Creed\n|\n|upkeep\n|turn|4\n|inactive|SnarkyShane has 30 seconds left.\n|\n|t:|1771103870\n|-terastallize|p1b: FesterinEquestrian|Ghost\n|-terastallize|p2b: Calyrex|Fairy\n|move|p1a: Victor Creed|Sucker Punch|p2b: Calyrex\n|-resisted|p2b: Calyrex\n|-damage|p2b: Calyrex|68/100\n|move|p1b: FesterinEquestrian|Astral Barrage|p2b: Calyrex|[spread] p2a,p2b\n|-damage|p2a: Zacian|32/100\n|-damage|p2b: Calyrex|0 fnt\n|faint|p2b: Calyrex\n|-ability|p1b: FesterinEquestrian|Grim Neigh|boost\n|-boost|p1b: FesterinEquestrian|spa|1\n|move|p2a: Zacian|Behemoth Blade|p1b: FesterinEquestrian\n|-damage|p1b: FesterinEquestrian|0 fnt\n|faint|p1b: FesterinEquestrian\n|\n|upkeep\n|\n|t:|1771103890\n|switch|p2b: Rillaboom|Rillaboom, L50, M, shiny|100/100\n|switch|p1b: Breathe Deep|Amoonguss, L50, F|80/100\n|-fieldstart|move: Grassy Terrain|[from] ability: Grassy Surge|[of] p2b: Rillaboom\n|turn|5\n|\n|t:|1771103899\n|switch|p1a: Noodle Del Muerte|Rayquaza, L50|100/100\n|-ability|p1a: Noodle Del Muerte|Air Lock\n|move|p2b: Rillaboom|Fake Out|p1b: Breathe Deep\n|-crit|p1b: Breathe Deep\n|-damage|p1b: Breathe Deep|62/100\n|cant|p1b: Breathe Deep|flinch\n|move|p2a: Zacian|Behemoth Blade|p1a: Noodle Del Muerte\n|-damage|p1a: Noodle Del Muerte|23/100\n|\n|-heal|p2a: Zacian|38/100|[from] Grassy Terrain\n|-heal|p1b: Breathe Deep|67/100|[from] Grassy Terrain\n|upkeep\n|turn|6\n|inactive|SnarkyShane has 30 seconds left.\n|\n|t:|1771103925\n|switch|p2b: Clefairy|Clefairy, L50, F, shiny|100/100 slp\n|move|p1b: Breathe Deep|Rage Powder|p1b: Breathe Deep\n|-singleturn|p1b: Breathe Deep|move: Rage Powder\n|move|p2a: Zacian|Behemoth Blade|p1b: Breathe Deep\n|-damage|p1b: Breathe Deep|0 fnt\n|faint|p1b: Breathe Deep\n|move|p1a: Noodle Del Muerte|Dragon Ascent|p2b: Clefairy\n|-damage|p2b: Clefairy|4/100 slp\n|-unboost|p1a: Noodle Del Muerte|def|1\n|-unboost|p1a: Noodle Del Muerte|spd|1\n|\n|-heal|p2a: Zacian|44/100|[from] Grassy Terrain\n|-heal|p2b: Clefairy|11/100 slp|[from] Grassy Terrain\n|upkeep\n|\n|t:|1771103937\n|switch|p1b: Victor Creed|Chien-Pao, L50|49/100\n|-ability|p1b: Victor Creed|Sword of Ruin\n|turn|7\n|\n|t:|1771103958\n|move|p2a: Zacian|Protect|p2a: Zacian\n|-singleturn|p2a: Zacian|Protect\n|move|p1a: Noodle Del Muerte|Extreme Speed|p2b: Clefairy\n|-damage|p2b: Clefairy|0 fnt\n|faint|p2b: Clefairy\n|move|p1b: Victor Creed|Sacred Sword|p2a: Zacian\n|-activate|p2a: Zacian|move: Protect\n|\n|-heal|p1b: Victor Creed|54/100|[from] Grassy Terrain\n|-heal|p2a: Zacian|50/100|[from] Grassy Terrain\n|upkeep\n|\n|t:|1771103966\n|switch|p2b: Rillaboom|Rillaboom, L50, M, shiny|100/100\n|turn|8\n|\n|t:|1771103987\n|move|p2b: Rillaboom|Grassy Glide|p1b: Victor Creed\n|-damage|p1b: Victor Creed|0 fnt\n|faint|p1b: Victor Creed\n|move|p2a: Zacian|Behemoth Blade|p1a: Noodle Del Muerte\n|-crit|p1a: Noodle Del Muerte\n|-damage|p1a: Noodle Del Muerte|0 fnt\n|faint|p1a: Noodle Del Muerte\n|\n|win|zjeskin\n|raw|SnarkyShane's rating: 1402 &rarr; <strong>1381</strong><br />(-21 for losing)\n|raw|zjeskin's rating: 1388 &rarr; <strong>1409</strong><br />(+21 for winning)\n|l|\u2606SnarkyShane\n|player|p1|\n|l|\u2606zjeskin\n|player|p2|\n","uploadtime":1771104201,"views":35,"formatid":"gen9vgc2026regi","rating":1381,"private":0,"password":null}