{"id":"gen9vgc2026regi-2573967544","format":"[Gen 9] VGC 2026 Reg I","players":["Glaceon_1740","Nerfdinglu"],"log":"|j|\u2606Glaceon_1740\n|j|\u2606Nerfdinglu\n|t:|1775183454\n|gametype|doubles\n|player|p1|Glaceon_1740|dawn-gen4pt|1337\n|player|p2|Nerfdinglu|riley|1358\n|gen|9\n|tier|[Gen 9] VGC 2026 Reg I\n|rated|\n|rule|Species Clause: Limit one of each Pok\u00e9mon\n|rule|Item Clause: Limit 1 of each item\n|clearpoke\n|poke|p1|Meowscarada, L50, F|\n|poke|p1|Murkrow, L50, M|\n|poke|p1|Kyogre, L50|\n|poke|p1|Zacian-*, L50|\n|poke|p1|Incineroar, L50, F|\n|poke|p1|Rillaboom, L50, F|\n|poke|p2|Chien-Pao, L50|\n|poke|p2|Calyrex-Shadow, L50|\n|poke|p2|Zamazenta-*, L50|\n|poke|p2|Urshifu-*, L50, F|\n|poke|p2|Tornadus, L50, M|\n|poke|p2|Rillaboom, L50, M|\n|teampreview|4\n|inactive|Battle timer is ON: inactive players will automatically lose when time's up. (requested by Glaceon_1740)\n|inactive|Nerfdinglu has 60 seconds left.\n|\n|t:|1775183495\n|teamsize|p1|4\n|teamsize|p2|4\n|start\n|switch|p1a: Meowscarada|Meowscarada, L50, F|100/100\n|switch|p1b: Kyogre|Kyogre, L50|100/100\n|switch|p2a: Tornadus|Tornadus, L50, M|100/100\n|switch|p2b: Zamazenta|Zamazenta-Crowned, L50|100/100\n|-ability|p2b: Zamazenta|Dauntless Shield|boost\n|-boost|p2b: Zamazenta|def|1\n|-weather|RainDance|[from] ability: Drizzle|[of] p1b: Kyogre\n|turn|1\n|\n|t:|1775183514\n|move|p2a: Tornadus|Tailwind|p2a: Tornadus\n|-sidestart|p2: Nerfdinglu|move: Tailwind\n|move|p2b: Zamazenta|Body Press|p1b: Kyogre\n|-damage|p1b: Kyogre|49/100\n|move|p1a: Meowscarada|Play Rough|p2a: Tornadus\n|-start|p1a: Meowscarada|typechange|Fairy|[from] ability: Protean\n|-damage|p2a: Tornadus|36/100\n|move|p1b: Kyogre|Water Spout|p2a: Tornadus|[spread] p2a,p2b\n|-damage|p2a: Tornadus|0 fnt\n|-damage|p2b: Zamazenta|78/100\n|faint|p2a: Tornadus\n|\n|-weather|RainDance|[upkeep]\n|upkeep\n|\n|t:|1775183531\n|switch|p2a: Rillaboom|Rillaboom, L50, M|100/100\n|-fieldstart|move: Grassy Terrain|[from] ability: Grassy Surge|[of] p2a: Rillaboom\n|turn|2\n|inactive|Glaceon_1740 has 30 seconds left.\n|inactive|Glaceon_1740 has 20 seconds left.\n|\n|t:|1775183568\n|move|p1b: Kyogre|Protect|p1b: Kyogre\n|-singleturn|p1b: Kyogre|Protect\n|move|p2a: Rillaboom|Grassy Glide|p1b: Kyogre\n|-activate|p1b: Kyogre|move: Protect\n|move|p2b: Zamazenta|Behemoth Bash|p1a: Meowscarada\n|-supereffective|p1a: Meowscarada\n|-damage|p1a: Meowscarada|0 fnt\n|faint|p1a: Meowscarada\n|\n|-weather|RainDance|[upkeep]\n|-heal|p2b: Zamazenta|84/100|[from] Grassy Terrain\n|-heal|p1b: Kyogre|55/100|[from] Grassy Terrain\n|upkeep\n|\n|t:|1775183586\n|switch|p1a: Murkrow|Murkrow, L50, M, shiny|100/100\n|turn|3\n|\n|t:|1775183597\n|-terastallize|p1b: Kyogre|Grass\n|move|p2a: Rillaboom|Grassy Glide|p1b: Kyogre\n|-resisted|p1b: Kyogre\n|-damage|p1b: Kyogre|36/100\n|move|p1a: Murkrow|Tailwind|p1a: Murkrow\n|-sidestart|p1: Glaceon_1740|move: Tailwind\n|move|p2b: Zamazenta|Body Press|p1a: Murkrow\n|-damage|p1a: Murkrow|46/100\n|move|p1b: Kyogre|Origin Pulse|p2a: Rillaboom|[spread] p2a,p2b\n|-resisted|p2a: Rillaboom\n|-damage|p2a: Rillaboom|80/100\n|-damage|p2b: Zamazenta|49/100\n|\n|-weather|RainDance|[upkeep]\n|-heal|p2b: Zamazenta|55/100|[from] Grassy Terrain\n|-heal|p2a: Rillaboom|86/100|[from] Grassy Terrain\n|-heal|p1b: Kyogre|41/100|[from] Grassy Terrain\n|upkeep\n|turn|4\n|\n|t:|1775183622\n|move|p1b: Kyogre|Protect|p1b: Kyogre\n|-singleturn|p1b: Kyogre|Protect\n|move|p1a: Murkrow|Haze|p1a: Murkrow\n|-clearallboost\n|move|p2b: Zamazenta|Body Press|p1a: Murkrow\n|-damage|p1a: Murkrow|14/100\n|move|p2a: Rillaboom|U-turn|p1b: Kyogre\n|-activate|p1b: Kyogre|move: Protect\n|\n|-weather|RainDance|[upkeep]\n|-heal|p2b: Zamazenta|61/100|[from] Grassy Terrain\n|-heal|p2a: Rillaboom|92/100|[from] Grassy Terrain\n|-heal|p1b: Kyogre|47/100|[from] Grassy Terrain\n|-sideend|p2: Nerfdinglu|move: Tailwind\n|upkeep\n|turn|5\n|\n|t:|1775183643\n|move|p1a: Murkrow|Foul Play|p2a: Rillaboom\n|-damage|p2a: Rillaboom|43/100\n|move|p1b: Kyogre|Origin Pulse|p2a: Rillaboom|[spread] p2b\n|-miss|p1b: Kyogre|p2a: Rillaboom\n|-damage|p2b: Zamazenta|26/100\n|move|p2b: Zamazenta|Body Press|p1a: Murkrow\n|-damage|p1a: Murkrow|0 fnt\n|faint|p1a: Murkrow\n|move|p2a: Rillaboom|U-turn|p1b: Kyogre\n|-supereffective|p1b: Kyogre\n|-damage|p1b: Kyogre|0 fnt\n|faint|p1b: Kyogre\n|\n|t:|1775183650\n|switch|p2a: Chien-Pao|Chien-Pao, L50|100/100|[from] U-turn\n|-ability|p2a: Chien-Pao|Sword of Ruin\n|\n|-weather|none\n|-heal|p2b: Zamazenta|32/100|[from] Grassy Terrain\n|upkeep\n|\n|t:|1775183666\n|switch|p1b: Zacian|Zacian-Crowned, L50|100/100\n|-ability|p1b: Zacian|Intrepid Sword|boost\n|-boost|p1b: Zacian|atk|1\n|turn|6\n|\n|t:|1775183676\n|move|p2a: Chien-Pao|Protect|p2a: Chien-Pao\n|-singleturn|p2a: Chien-Pao|Protect\n|move|p1b: Zacian|Play Rough|p2b: Zamazenta\n|-damage|p2b: Zamazenta|0 fnt\n|faint|p2b: Zamazenta\n|\n|-sideend|p1: Glaceon_1740|move: Tailwind\n|-fieldend|move: Grassy Terrain\n|upkeep\n|\n|t:|1775183681\n|switch|p2b: Rillaboom|Rillaboom, L50, M|43/100\n|-fieldstart|move: Grassy Terrain|[from] ability: Grassy Surge|[of] p2b: Rillaboom\n|turn|7\n|\n|t:|1775183699\n|-terastallize|p2a: Chien-Pao|Stellar\n|move|p1b: Zacian|Protect|p1b: Zacian\n|-singleturn|p1b: Zacian|Protect\n|move|p2b: Rillaboom|Fake Out|p1b: Zacian\n|-activate|p1b: Zacian|move: Protect\n|move|p2a: Chien-Pao|Sacred Sword|p1b: Zacian\n|-activate|p1b: Zacian|move: Protect\n|\n|-heal|p2b: Rillaboom|49/100|[from] Grassy Terrain\n|upkeep\n|turn|8\n|\n|t:|1775183714\n|move|p2a: Chien-Pao|Protect|p2a: Chien-Pao\n|-singleturn|p2a: Chien-Pao|Protect\n|move|p1b: Zacian|Behemoth Blade|p2b: Rillaboom\n|-damage|p2b: Rillaboom|0 fnt\n|faint|p2b: Rillaboom\n|\n|upkeep\n|turn|9\n|\n|t:|1775183726\n|move|p1b: Zacian|Behemoth Blade|p2a: Chien-Pao\n|-supereffective|p2a: Chien-Pao\n|-damage|p2a: Chien-Pao|0 fnt\n|faint|p2a: Chien-Pao\n|\n|win|Glaceon_1740\n|raw|Glaceon_1740's rating: 1337 &rarr; <strong>1358</strong><br />(+21 for winning)\n|raw|Nerfdinglu's rating: 1358 &rarr; <strong>1337</strong><br />(-21 for losing)\n|l|\u2606Nerfdinglu\n|player|p2|\n|l|\u2606Glaceon_1740\n|player|p1|\n","uploadtime":1775183927,"views":10,"formatid":"gen9vgc2026regi","rating":1337,"private":0,"password":null}