{"id":"gen9vgc2026regi-2563247860","format":"[Gen 9] VGC 2026 Reg I","players":["soulo333","King Geedoraah"],"log":"|j|\u2606soulo333\n|j|\u2606King Geedoraah\n|t:|1774008531\n|gametype|doubles\n|player|p1|soulo333|169|1317\n|player|p2|King Geedoraah|ghetsis|1309\n|gen|9\n|tier|[Gen 9] VGC 2026 Reg I\n|rated|\n|rule|Species Clause: Limit one of each Pok\u00e9mon\n|rule|Item Clause: Limit 1 of each item\n|clearpoke\n|poke|p1|Miraidon, L50|\n|poke|p1|Grimmsnarl, L50, M|\n|poke|p1|Chien-Pao, L50|\n|poke|p1|Volcarona, L50, F|\n|poke|p1|Iron Hands, L50|\n|poke|p1|Zamazenta-*, L50|\n|poke|p2|Kyogre, L50|\n|poke|p2|Flutter Mane, L50|\n|poke|p2|Urshifu-*, L50, M|\n|poke|p2|Calyrex-Ice, L50|\n|poke|p2|Rillaboom, L50, F|\n|poke|p2|Iron Jugulis, L50|\n|teampreview|4\n|inactive|Battle timer is ON: inactive players will automatically lose when time's up. (requested by King Geedoraah)\n|\n|t:|1774008557\n|teamsize|p1|4\n|teamsize|p2|4\n|start\n|switch|p1a: Zamazenta|Zamazenta-Crowned, L50|100/100\n|switch|p1b: Volcarona|Volcarona, L50, F|100/100\n|switch|p2a: Calyrex|Calyrex-Ice, L50|100/100\n|switch|p2b: Rillaboom|Rillaboom, L50, F|100/100\n|-ability|p2a: Calyrex|As One\n|-ability|p2a: Calyrex|Unnerve\n|-ability|p1a: Zamazenta|Dauntless Shield|boost\n|-boost|p1a: Zamazenta|def|1\n|-fieldstart|move: Grassy Terrain|[from] ability: Grassy Surge|[of] p2b: Rillaboom\n|turn|1\n|\n|t:|1774008566\n|move|p2b: Rillaboom|Fake Out|p1b: Volcarona\n|-damage|p1b: Volcarona|87/100\n|-status|p2b: Rillaboom|brn|[from] ability: Flame Body|[of] p1b: Volcarona\n|move|p1a: Zamazenta|Body Press|p2a: Calyrex\n|-damage|p2a: Calyrex|58/100\n|cant|p1b: Volcarona|flinch\n|move|p2a: Calyrex|Leech Seed|p1b: Volcarona\n|-start|p1b: Volcarona|move: Leech Seed\n|\n|-heal|p1b: Volcarona|93/100|[from] Grassy Terrain\n|-heal|p1b: Volcarona|99/100|[from] item: Leftovers\n|-heal|p2a: Calyrex|64/100|[from] Grassy Terrain\n|-heal|p2a: Calyrex|70/100|[from] item: Leftovers\n|-damage|p1b: Volcarona|87/100|[from] Leech Seed|[of] p2a: Calyrex\n|-heal|p2a: Calyrex|81/100|[silent]\n|-damage|p2b: Rillaboom|95/100 brn|[from] brn\n|upkeep\n|turn|2\n|\n|t:|1774008585\n|switch|p1b: Grimmsnarl|Grimmsnarl, L50, M|100/100\n|switch|p2b: Flutter Mane|Flutter Mane, L50|100/100\n|-terastallize|p2a: Calyrex|Fairy\n|move|p1a: Zamazenta|Protect|p1a: Zamazenta\n|-singleturn|p1a: Zamazenta|Protect\n|move|p2a: Calyrex|Leech Seed|p1a: Zamazenta\n|-activate|p1a: Zamazenta|move: Protect\n|\n|-heal|p2a: Calyrex|87/100|[from] Grassy Terrain\n|-heal|p2a: Calyrex|93/100|[from] item: Leftovers\n|upkeep\n|turn|3\n|\n|t:|1774008601\n|move|p1b: Grimmsnarl|Thunder Wave|p2a: Calyrex\n|-status|p2a: Calyrex|par\n|move|p2b: Flutter Mane|Taunt|p1b: Grimmsnarl\n|-start|p1b: Grimmsnarl|move: Taunt\n|move|p1a: Zamazenta|Behemoth Bash|p2a: Calyrex\n|-supereffective|p2a: Calyrex\n|-damage|p2a: Calyrex|40/100 par\n|move|p2a: Calyrex|Leech Seed|p1a: Zamazenta\n|-start|p1a: Zamazenta|move: Leech Seed\n|\n|-heal|p2a: Calyrex|45/100 par|[from] Grassy Terrain\n|-heal|p2a: Calyrex|51/100 par|[from] item: Leftovers\n|-damage|p1a: Zamazenta|88/100|[from] Leech Seed|[of] p2a: Calyrex\n|-heal|p2a: Calyrex|61/100 par|[silent]\n|upkeep\n|turn|4\n|\n|t:|1774008612\n|move|p2b: Flutter Mane|Shadow Ball|p1b: Grimmsnarl\n|-resisted|p1b: Grimmsnarl\n|-damage|p1b: Grimmsnarl|80/100\n|-unboost|p1b: Grimmsnarl|spd|1\n|move|p1a: Zamazenta|Behemoth Bash|p2a: Calyrex\n|-supereffective|p2a: Calyrex\n|-damage|p2a: Calyrex|12/100 par\n|move|p1b: Grimmsnarl|Spirit Break|p2b: Flutter Mane\n|-damage|p2b: Flutter Mane|32/100\n|-unboost|p2b: Flutter Mane|spa|1\n|cant|p2a: Calyrex|par\n|\n|-heal|p2b: Flutter Mane|38/100|[from] Grassy Terrain\n|-heal|p1a: Zamazenta|94/100|[from] Grassy Terrain\n|-heal|p1b: Grimmsnarl|86/100|[from] Grassy Terrain\n|-heal|p2a: Calyrex|18/100 par|[from] Grassy Terrain\n|-heal|p2a: Calyrex|24/100 par|[from] item: Leftovers\n|-damage|p1a: Zamazenta|82/100|[from] Leech Seed|[of] p2a: Calyrex\n|-heal|p2a: Calyrex|34/100 par|[silent]\n|upkeep\n|turn|5\n|\n|t:|1774008630\n|move|p2a: Calyrex|Protect|p2a: Calyrex\n|-singleturn|p2a: Calyrex|Protect\n|move|p2b: Flutter Mane|Moonblast|p1b: Grimmsnarl\n|-supereffective|p1b: Grimmsnarl\n|-damage|p1b: Grimmsnarl|0 fnt\n|faint|p1b: Grimmsnarl\n|move|p1a: Zamazenta|Behemoth Bash|p2a: Calyrex\n|-activate|p2a: Calyrex|move: Protect\n|\n|-heal|p2b: Flutter Mane|44/100|[from] Grassy Terrain\n|-heal|p1a: Zamazenta|87/100|[from] Grassy Terrain\n|-heal|p2a: Calyrex|40/100 par|[from] Grassy Terrain\n|-heal|p2a: Calyrex|45/100 par|[from] item: Leftovers\n|-damage|p1a: Zamazenta|75/100|[from] Leech Seed|[of] p2a: Calyrex\n|-heal|p2a: Calyrex|56/100 par|[silent]\n|-fieldend|move: Grassy Terrain\n|upkeep\n|\n|t:|1774008635\n|switch|p1b: Miraidon|Miraidon, L50|100/100\n|-fieldstart|move: Electric Terrain|[from] ability: Hadron Engine|[of] p1b: Miraidon\n|turn|6\n|\n|t:|1774008646\n|switch|p2a: Rillaboom|Rillaboom, L50, F|95/100 brn\n|-fieldstart|move: Grassy Terrain|[from] ability: Grassy Surge|[of] p2a: Rillaboom\n|move|p1b: Miraidon|Electro Drift|p2a: Rillaboom\n|-resisted|p2a: Rillaboom\n|-damage|p2a: Rillaboom|65/100 brn\n|move|p2b: Flutter Mane|Moonblast|p1b: Miraidon\n|-supereffective|p1b: Miraidon\n|-damage|p1b: Miraidon|34/100\n|move|p1a: Zamazenta|Behemoth Bash|p2b: Flutter Mane\n|-supereffective|p2b: Flutter Mane\n|-damage|p2b: Flutter Mane|0 fnt\n|faint|p2b: Flutter Mane\n|-end|p2b: Flutter Mane|Protosynthesis|[silent]\n|\n|-heal|p1b: Miraidon|40/100|[from] Grassy Terrain\n|-heal|p1a: Zamazenta|81/100|[from] Grassy Terrain\n|-heal|p2a: Rillaboom|71/100 brn|[from] Grassy Terrain\n|-damage|p1a: Zamazenta|69/100|[from] Leech Seed|[of] p2a: Rillaboom\n|-heal|p2a: Rillaboom|81/100 brn|[silent]\n|-damage|p2a: Rillaboom|75/100 brn|[from] brn\n|upkeep\n|\n|t:|1774008657\n|switch|p2b: Calyrex|Calyrex-Ice, L50, tera:Fairy|56/100 par\n|-ability|p2b: Calyrex|As One\n|-ability|p2b: Calyrex|Unnerve\n|turn|7\n|\n|t:|1774008668\n|switch|p1b: Volcarona|Volcarona, L50, F|87/100\n|move|p2a: Rillaboom|Fake Out|p1b: Volcarona\n|-damage|p1b: Volcarona|80/100\n|move|p1a: Zamazenta|Behemoth Bash|p2b: Calyrex\n|-supereffective|p2b: Calyrex\n|-damage|p2b: Calyrex|5/100 par\n|move|p2b: Calyrex|Leech Seed|p1b: Volcarona\n|-start|p1b: Volcarona|move: Leech Seed\n|\n|-heal|p1a: Zamazenta|74/100|[from] Grassy Terrain\n|-heal|p1b: Volcarona|86/100|[from] Grassy Terrain\n|-heal|p1b: Volcarona|93/100|[from] item: Leftovers\n|-heal|p2a: Rillaboom|81/100 brn|[from] Grassy Terrain\n|-heal|p2b: Calyrex|11/100 par|[from] Grassy Terrain\n|-heal|p2b: Calyrex|17/100 par|[from] item: Leftovers\n|-damage|p1a: Zamazenta|62/100|[from] Leech Seed|[of] p2a: Rillaboom\n|-heal|p2a: Rillaboom|91/100 brn|[silent]\n|-damage|p1b: Volcarona|80/100|[from] Leech Seed|[of] p2b: Calyrex\n|-heal|p2b: Calyrex|29/100 par|[silent]\n|-damage|p2a: Rillaboom|86/100 brn|[from] brn\n|upkeep\n|turn|8\n|\n|t:|1774008687\n|switch|p2a: Kyogre|Kyogre, L50|100/100\n|-weather|RainDance|[from] ability: Drizzle|[of] p2a: Kyogre\n|move|p2b: Calyrex|Protect|p2b: Calyrex\n|-singleturn|p2b: Calyrex|Protect\n|move|p1a: Zamazenta|Behemoth Bash|p2b: Calyrex\n|-activate|p2b: Calyrex|move: Protect\n|move|p1b: Volcarona|Quiver Dance|p1b: Volcarona\n|-boost|p1b: Volcarona|spa|1\n|-boost|p1b: Volcarona|spd|1\n|-boost|p1b: Volcarona|spe|1\n|\n|-weather|RainDance|[upkeep]\n|-heal|p1b: Volcarona|86/100|[from] Grassy Terrain\n|-heal|p1b: Volcarona|93/100|[from] item: Leftovers\n|-heal|p1a: Zamazenta|68/100|[from] Grassy Terrain\n|-heal|p2b: Calyrex|34/100 par|[from] Grassy Terrain\n|-heal|p2b: Calyrex|40/100 par|[from] item: Leftovers\n|-damage|p1b: Volcarona|80/100|[from] Leech Seed|[of] p2b: Calyrex\n|-heal|p2b: Calyrex|52/100 par|[silent]\n|-damage|p1a: Zamazenta|56/100|[from] Leech Seed|[of] p2a: Kyogre\n|upkeep\n|turn|9\n|\n|t:|1774008711\n|-terastallize|p1b: Volcarona|Grass\n|move|p1b: Volcarona|Struggle Bug|p2a: Kyogre|[spread] p2a,p2b\n|-resisted|p2b: Calyrex\n|-damage|p2a: Kyogre|82/100\n|-damage|p2b: Calyrex|44/100 par\n|-unboost|p2a: Kyogre|spa|1\n|-unboost|p2b: Calyrex|spa|1\n|move|p1a: Zamazenta|Behemoth Bash|p2b: Calyrex\n|-supereffective|p2b: Calyrex\n|-damage|p2b: Calyrex|0 fnt\n|faint|p2b: Calyrex\n|move|p2a: Kyogre|Hydro Pump|p1a: Zamazenta\n|-damage|p1a: Zamazenta|0 fnt\n|faint|p1a: Zamazenta\n|\n|-weather|RainDance|[upkeep]\n|-heal|p1b: Volcarona|86/100|[from] Grassy Terrain\n|-heal|p1b: Volcarona|93/100|[from] item: Leftovers\n|-heal|p2a: Kyogre|88/100|[from] Grassy Terrain\n|upkeep\n|\n|t:|1774008722\n|switch|p1a: Miraidon|Miraidon, L50|40/100\n|switch|p2b: Rillaboom|Rillaboom, L50, F|86/100 brn\n|-fieldstart|move: Electric Terrain|[from] ability: Hadron Engine|[of] p1a: Miraidon\n|-fieldstart|move: Grassy Terrain|[from] ability: Grassy Surge|[of] p2b: Rillaboom\n|turn|10\n|\n|t:|1774008734\n|move|p2b: Rillaboom|Fake Out|p1a: Miraidon\n|-damage|p1a: Miraidon|34/100\n|move|p1b: Volcarona|Struggle Bug|p2a: Kyogre|[spread] p2a,p2b\n|-supereffective|p2b: Rillaboom\n|-damage|p2a: Kyogre|70/100\n|-damage|p2b: Rillaboom|47/100 brn\n|-unboost|p2a: Kyogre|spa|1\n|-unboost|p2b: Rillaboom|spa|1\n|cant|p1a: Miraidon|flinch\n|move|p2a: Kyogre|Water Spout|p1b: Volcarona|[spread] p1a,p1b\n|-resisted|p1a: Miraidon\n|-resisted|p1b: Volcarona\n|-damage|p1a: Miraidon|16/100\n|-damage|p1b: Volcarona|80/100\n|\n|-weather|RainDance|[upkeep]\n|-heal|p1b: Volcarona|86/100|[from] Grassy Terrain\n|-heal|p1b: Volcarona|93/100|[from] item: Leftovers\n|-heal|p1a: Miraidon|22/100|[from] Grassy Terrain\n|-heal|p2a: Kyogre|76/100|[from] Grassy Terrain\n|-heal|p2b: Rillaboom|53/100 brn|[from] Grassy Terrain\n|-damage|p1b: Volcarona|80/100|[from] Leech Seed|[of] p2b: Rillaboom\n|-heal|p2b: Rillaboom|64/100 brn|[silent]\n|-damage|p2b: Rillaboom|58/100 brn|[from] brn\n|upkeep\n|turn|11\n|\n|t:|1774008749\n|move|p2a: Kyogre|Protect|p2a: Kyogre\n|-singleturn|p2a: Kyogre|Protect\n|move|p1b: Volcarona|Struggle Bug|p2a: Kyogre|[spread] p2b\n|-activate|p2a: Kyogre|move: Protect\n|-supereffective|p2b: Rillaboom\n|-damage|p2b: Rillaboom|20/100 brn\n|-unboost|p2b: Rillaboom|spa|1\n|move|p1a: Miraidon|Dazzling Gleam|p2a: Kyogre|[spread] p2b\n|-activate|p2a: Kyogre|move: Protect\n|-damage|p2b: Rillaboom|0 fnt\n|faint|p2b: Rillaboom\n|\n|-weather|RainDance|[upkeep]\n|-heal|p1b: Volcarona|86/100|[from] Grassy Terrain\n|-heal|p1b: Volcarona|93/100|[from] item: Leftovers\n|-heal|p1a: Miraidon|28/100|[from] Grassy Terrain\n|-heal|p2a: Kyogre|82/100|[from] Grassy Terrain\n|upkeep\n|turn|12\n|\n|t:|1774008774\n|move|p1b: Volcarona|Struggle Bug|p2a: Kyogre\n|-damage|p2a: Kyogre|59/100\n|-unboost|p2a: Kyogre|spa|1\n|move|p1a: Miraidon|Dazzling Gleam|p2a: Kyogre\n|-damage|p2a: Kyogre|29/100\n|move|p2a: Kyogre|Origin Pulse|p1b: Volcarona|[spread] p1a,p1b\n|-resisted|p1a: Miraidon\n|-resisted|p1b: Volcarona\n|-damage|p1a: Miraidon|11/100\n|-damage|p1b: Volcarona|83/100\n|\n|-weather|none\n|-heal|p1b: Volcarona|89/100|[from] Grassy Terrain\n|-heal|p1b: Volcarona|95/100|[from] item: Leftovers\n|-heal|p1a: Miraidon|16/100|[from] Grassy Terrain\n|-heal|p2a: Kyogre|35/100|[from] Grassy Terrain\n|upkeep\n|turn|13\n|\n|t:|1774008777\n|move|p2a: Kyogre|Protect|p2a: Kyogre\n|-singleturn|p2a: Kyogre|Protect\n|move|p1b: Volcarona|Quiver Dance|p1b: Volcarona\n|-boost|p1b: Volcarona|spa|1\n|-boost|p1b: Volcarona|spd|1\n|-boost|p1b: Volcarona|spe|1\n|move|p1a: Miraidon|Dazzling Gleam|p2a: Kyogre\n|-activate|p2a: Kyogre|move: Protect\n|\n|-heal|p1b: Volcarona|100/100|[from] Grassy Terrain\n|-heal|p1a: Miraidon|22/100|[from] Grassy Terrain\n|-heal|p2a: Kyogre|41/100|[from] Grassy Terrain\n|upkeep\n|turn|14\n|\n|t:|1774008783\n|move|p1b: Volcarona|Struggle Bug|p2a: Kyogre\n|-damage|p2a: Kyogre|9/100\n|-unboost|p2a: Kyogre|spa|1\n|move|p1a: Miraidon|Dazzling Gleam|p2a: Kyogre\n|-damage|p2a: Kyogre|0 fnt\n|faint|p2a: Kyogre\n|\n|win|soulo333\n|raw|soulo333's rating: 1317 &rarr; <strong>1337</strong><br />(+20 for winning)\n|raw|King Geedoraah's rating: 1309 &rarr; <strong>1289</strong><br />(-20 for losing)\n","uploadtime":1774008783,"views":14,"formatid":"gen9vgc2026regi","rating":1289,"private":0,"password":null}