{"id":"gen9vgc2026regi-2578682810","format":"[Gen 9] VGC 2026 Reg I","players":["kojimuranishi","Luxerna"],"log":"|j|\u2606kojimuranishi\n|j|\u2606Luxerna\n|t:|1775703265\n|gametype|doubles\n|player|p1|kojimuranishi|170|1556\n|player|p2|Luxerna|dawn-gen4pt|1541\n|gen|9\n|tier|[Gen 9] VGC 2026 Reg I\n|rated|\n|rule|Species Clause: Limit one of each Pok\u00e9mon\n|rule|Item Clause: Limit 1 of each item\n|clearpoke\n|poke|p1|Whimsicott, L50, M|\n|poke|p1|Calyrex-Ice, L50|\n|poke|p1|Miraidon, L50|\n|poke|p1|Chi-Yu, L50|\n|poke|p1|Landorus, L50, M|\n|poke|p1|Farigiraf, L50, F|\n|poke|p2|Zamazenta-*, L50|\n|poke|p2|Calyrex-Shadow, L50|\n|poke|p2|Chien-Pao, L50|\n|poke|p2|Dragonite, L50, M|\n|poke|p2|Ogerpon-Cornerstone, L50, F|\n|poke|p2|Raging Bolt, L50|\n|teampreview|4\n|inactive|Battle timer is ON: inactive players will automatically lose when time's up. (requested by kojimuranishi)\n|j| logrus\n|\n|t:|1775703286\n|teamsize|p1|4\n|teamsize|p2|4\n|start\n|switch|p1a: Farigiraf|Farigiraf, L50, F|100/100\n|switch|p1b: Miraidon|Miraidon, L50|100/100\n|switch|p2a: Dragonite|Dragonite, L50, M|100/100\n|switch|p2b: Chien-Pao|Chien-Pao, L50|100/100\n|-fieldstart|move: Electric Terrain|[from] ability: Hadron Engine|[of] p1b: Miraidon\n|-enditem|p1a: Farigiraf|Electric Seed\n|-boost|p1a: Farigiraf|def|1|[from] item: Electric Seed\n|-ability|p2b: Chien-Pao|Sword of Ruin\n|turn|1\n|\n|t:|1775703306\n|move|p1b: Miraidon|Electro Drift|p2b: Chien-Pao\n|-enditem|p2b: Chien-Pao|Focus Sash\n|-damage|p2b: Chien-Pao|1/100\n|move|p2b: Chien-Pao|Ice Spinner|p1b: Miraidon\n|-supereffective|p1b: Miraidon\n|-damage|p1b: Miraidon|0 fnt\n|-fieldend|move: Electric Terrain\n|faint|p1b: Miraidon\n|move|p2a: Dragonite|Low Kick|p1a: Farigiraf\n|-damage|p1a: Farigiraf|53/100\n|move|p1a: Farigiraf|Trick Room|p1a: Farigiraf\n|-fieldstart|move: Trick Room|[of] p1a: Farigiraf\n|\n|upkeep\n|\n|t:|1775703319\n|switch|p1b: Calyrex|Calyrex-Ice, L50|100/100\n|-ability|p1b: Calyrex|As One\n|-ability|p1b: Calyrex|Unnerve\n|turn|2\n|\n|t:|1775703336\n|switch|p1a: Chi-Yu|Chi-Yu, L50|100/100\n|-ability|p1a: Chi-Yu|Beads of Ruin\n|switch|p2b: Zamazenta|Zamazenta-Crowned, L50|100/100\n|-ability|p2b: Zamazenta|Dauntless Shield|boost\n|-boost|p2b: Zamazenta|def|1\n|-terastallize|p2a: Dragonite|Normal\n|-terastallize|p1b: Calyrex|Ice\n|move|p2a: Dragonite|Low Kick|p1b: Calyrex\n|-supereffective|p1b: Calyrex\n|-damage|p1b: Calyrex|0 fnt\n|faint|p1b: Calyrex\n|\n|upkeep\n|\n|t:|1775703352\n|switch|p1b: Farigiraf|Farigiraf, L50, F|53/100\n|turn|3\n|\n|t:|1775703360\n|move|p1b: Farigiraf|Foul Play|p2a: Dragonite\n|-damage|p2a: Dragonite|65/100\n|move|p2a: Dragonite|Low Kick|p1a: Chi-Yu\n|-supereffective|p1a: Chi-Yu\n|-damage|p1a: Chi-Yu|62/100\n|move|p1a: Chi-Yu|Overheat|p2b: Zamazenta\n|-supereffective|p2b: Zamazenta\n|-damage|p2b: Zamazenta|0 fnt\n|-unboost|p1a: Chi-Yu|spa|2\n|faint|p2b: Zamazenta\n|\n|upkeep\n|\n|t:|1775703371\n|switch|p2b: Chien-Pao|Chien-Pao, L50|1/100\n|-ability|p2b: Chien-Pao|Sword of Ruin\n|turn|4\n|\n|t:|1775703377\n|move|p2b: Chien-Pao|Protect|p2b: Chien-Pao\n|-singleturn|p2b: Chien-Pao|Protect\n|move|p1b: Farigiraf|Foul Play|p2b: Chien-Pao\n|-activate|p2b: Chien-Pao|move: Protect\n|move|p2a: Dragonite|Low Kick|p1a: Chi-Yu\n|-supereffective|p1a: Chi-Yu\n|-damage|p1a: Chi-Yu|12/100\n|move|p1a: Chi-Yu|Overheat|p2a: Dragonite\n|-damage|p2a: Dragonite|0 fnt\n|-unboost|p1a: Chi-Yu|spa|2\n|faint|p2a: Dragonite\n|\n|upkeep\n|\n|t:|1775703388\n|switch|p2a: Calyrex|Calyrex-Shadow, L50|100/100\n|-ability|p2a: Calyrex|As One\n|-ability|p2a: Calyrex|Unnerve\n|turn|5\n|\n|t:|1775703400\n|move|p2b: Chien-Pao|Protect||[still]\n|-fail|p2b: Chien-Pao\n|move|p2a: Calyrex|Protect|p2a: Calyrex\n|-singleturn|p2a: Calyrex|Protect\n|move|p1b: Farigiraf|Light Screen|p1b: Farigiraf\n|-sidestart|p1: kojimuranishi|move: Light Screen\n|move|p1a: Chi-Yu|Overheat|p2b: Chien-Pao\n|-supereffective|p2b: Chien-Pao\n|-crit|p2b: Chien-Pao\n|-damage|p2b: Chien-Pao|0 fnt\n|-unboost|p1a: Chi-Yu|spa|2\n|faint|p2b: Chien-Pao\n|\n|-fieldend|move: Trick Room\n|upkeep\n|turn|6\n|\n|t:|1775703416\n|move|p2a: Calyrex|Encore|p1b: Farigiraf\n|-start|p1b: Farigiraf|Encore\n|move|p1a: Chi-Yu|Overheat|p2a: Calyrex\n|-damage|p2a: Calyrex|64/100\n|move|p1b: Farigiraf|Light Screen||[still]\n|-fail|p1b: Farigiraf\n|\n|upkeep\n|turn|7\n|\n|t:|1775703426\n|move|p2a: Calyrex|Astral Barrage|p1a: Chi-Yu|[spread] p1a\n|-immune|p1b: Farigiraf\n|-resisted|p1a: Chi-Yu\n|-damage|p1a: Chi-Yu|0 fnt\n|faint|p1a: Chi-Yu\n|-ability|p2a: Calyrex|Grim Neigh|boost\n|-boost|p2a: Calyrex|spa|1\n|-damage|p2a: Calyrex|54/100|[from] item: Life Orb\n|move|p1b: Farigiraf|Light Screen||[still]\n|-fail|p1b: Farigiraf\n|\n|upkeep\n|turn|8\n|\n|t:|1775703438\n|move|p2a: Calyrex|Psychic|p1b: Farigiraf\n|-resisted|p1b: Farigiraf\n|-damage|p1b: Farigiraf|24/100\n|-damage|p2a: Calyrex|45/100|[from] item: Life Orb\n|move|p1b: Farigiraf|Light Screen||[still]\n|-fail|p1b: Farigiraf\n|\n|-end|p1b: Farigiraf|Encore\n|upkeep\n|turn|9\n|-message|kojimuranishi forfeited.\n|\n|win|Luxerna\n|raw|kojimuranishi's rating: 1556 &rarr; <strong>1535</strong><br />(-21 for losing)\n|raw|Luxerna's rating: 1541 &rarr; <strong>1562</strong><br />(+21 for winning)\n|l|\u2606kojimuranishi\n|player|p1|\n|l|\u2606Luxerna\n|player|p2|\n","uploadtime":1775703687,"views":16,"formatid":"gen9vgc2026regi","rating":1535,"private":0,"password":null}