{"id":"gen9vgc2026regi-2587664680","format":"[Gen 9] VGC 2026 Reg I","players":["Tusuk","uhh daneooo"],"log":"|j|\u2606Tusuk\n|j|\u2606uhh daneooo\n|t:|1776551738\n|gametype|doubles\n|player|p1|Tusuk|bellelba|1465\n|player|p2|uhh daneooo|101|1534\n|gen|9\n|tier|[Gen 9] VGC 2026 Reg I\n|rated|\n|rule|Species Clause: Limit one of each Pok\u00e9mon\n|rule|Item Clause: Limit 1 of each item\n|clearpoke\n|poke|p1|Calyrex-Ice, L50|\n|poke|p1|Scraggy, L50, F|\n|poke|p1|Miraidon, L50|\n|poke|p1|Farigiraf, L50, M|\n|poke|p1|Iron Treads, L50|\n|poke|p1|Iron Hands, L50|\n|poke|p2|Grafaiai, L50, F|\n|poke|p2|Miraidon, L50|\n|poke|p2|Tornadus, L50, M|\n|poke|p2|Kyogre, L50|\n|poke|p2|Iron Treads, L50|\n|poke|p2|Flutter Mane, L50|\n|teampreview|4\n|inactive|Battle timer is ON: inactive players will automatically lose when time's up. (requested by Tusuk)\n|inactive|Tusuk has 60 seconds left.\n|inactive|uhh daneooo has 60 seconds left.\n|inactive|Tusuk has 30 seconds left.\n|inactive|uhh daneooo has 30 seconds left.\n|inactive|Tusuk has 20 seconds left.\n|inactive|Tusuk has 15 seconds left.\n|inactive|Tusuk has 10 seconds left.\n|inactive|Tusuk has 5 seconds left.\n|\n|t:|1776551830\n|teamsize|p1|4\n|teamsize|p2|4\n|start\n|switch|p1a: Calyrex|Calyrex-Ice, L50|100/100\n|switch|p1b: Scraggy|Scraggy, L50, F|100/100\n|switch|p2a: Miraidon|Miraidon, L50|100/100\n|switch|p2b: Grafaiai|Grafaiai, L50, F|100/100\n|-ability|p1a: Calyrex|As One\n|-ability|p1a: Calyrex|Unnerve\n|-fieldstart|move: Electric Terrain|[from] ability: Hadron Engine|[of] p2a: Miraidon\n|-enditem|p2b: Grafaiai|Electric Seed\n|-boost|p2b: Grafaiai|def|1|[from] item: Electric Seed\n|-ability|p1b: Scraggy|Intimidate|boost\n|-unboost|p2a: Miraidon|atk|1\n|-unboost|p2b: Grafaiai|atk|1\n|turn|1\n|\n|t:|1776551853\n|move|p1b: Scraggy|Fake Out|p2a: Miraidon\n|-damage|p2a: Miraidon|94/100\n|move|p2b: Grafaiai|Acid Spray|p1a: Calyrex\n|-damage|p1a: Calyrex|93/100\n|move|p2a: Miraidon|Electro Drift|p1a: Calyrex\n|-crit|p1a: Calyrex\n|-damage|p1a: Calyrex|4/100\n|move|p1a: Calyrex|Trick Room|p1a: Calyrex\n|-fieldstart|move: Trick Room|[of] p1a: Calyrex\n|\n|upkeep\n|turn|2\n|inactive|uhh daneooo has 30 seconds left.\n|\n|t:|1776551886\n|switch|p1b: Iron Hands|Iron Hands, L50|100/100\n|-activate|p1b: Iron Hands|ability: Quark Drive\n|-start|p1b: Iron Hands|quarkdriveatk\n|move|p1a: Calyrex|Protect|p1a: Calyrex\n|-singleturn|p1a: Calyrex|Protect\n|move|p2a: Miraidon|Protect|p2a: Miraidon\n|-singleturn|p2a: Miraidon|Protect\n|move|p2b: Grafaiai|Acid Spray|p1a: Calyrex\n|-activate|p1a: Calyrex|move: Protect\n|\n|upkeep\n|turn|3\n|inactive|uhh daneooo has 30 seconds left.\n|inactive|uhh daneooo has 20 seconds left.\n|inactive|uhh daneooo has 15 seconds left.\n|\n|t:|1776551928\n|switch|p2a: Kyogre|Kyogre, L50|100/100\n|-weather|RainDance|[from] ability: Drizzle|[of] p2a: Kyogre\n|move|p1b: Iron Hands|Fake Out|p2b: Grafaiai\n|-damage|p2b: Grafaiai|83/100\n|move|p1a: Calyrex|Glacial Lance|p2b: Grafaiai|[spread] p2a,p2b\n|-resisted|p2a: Kyogre\n|-damage|p2a: Kyogre|74/100\n|-damage|p2b: Grafaiai|33/100\n|cant|p2b: Grafaiai|flinch\n|\n|-weather|RainDance|[upkeep]\n|upkeep\n|turn|4\n|inactive|uhh daneooo has 30 seconds left.\n|inactive|Tusuk has 30 seconds left.\n|inactive|uhh daneooo has 20 seconds left.\n|\n|t:|1776551968\n|-terastallize|p2a: Kyogre|Ghost\n|move|p1a: Calyrex|Glacial Lance|p2b: Grafaiai|[spread] p2a,p2b\n|-damage|p2a: Kyogre|16/100\n|-damage|p2b: Grafaiai|0 fnt\n|faint|p2b: Grafaiai\n|-ability|p1a: Calyrex|Chilling Neigh|boost\n|-boost|p1a: Calyrex|atk|1\n|move|p1b: Iron Hands|Low Kick|p2a: Kyogre\n|-immune|p2a: Kyogre\n|move|p2a: Kyogre|Origin Pulse|p1b: Iron Hands|[spread] p1a\n|-miss|p2a: Kyogre|p1b: Iron Hands\n|-damage|p1a: Calyrex|0 fnt\n|faint|p1a: Calyrex\n|\n|-weather|RainDance|[upkeep]\n|upkeep\n|inactive|uhh daneooo has 30 seconds left.\n|inactive|uhh daneooo has 20 seconds left.\n|inactive|uhh daneooo has 15 seconds left.\n|\n|t:|1776552013\n|switch|p1a: Scraggy|Scraggy, L50, F|100/100\n|switch|p2b: Miraidon|Miraidon, L50|94/100\n|-ability|p1a: Scraggy|Intimidate|boost\n|-unboost|p2a: Kyogre|atk|1\n|-unboost|p2b: Miraidon|atk|1\n|-activate|p2b: Miraidon|ability: Hadron Engine\n|turn|5\n|inactive|Tusuk has 30 seconds left.\n|\n|t:|1776552043\n|move|p2b: Miraidon|Protect|p2b: Miraidon\n|-singleturn|p2b: Miraidon|Protect\n|move|p1a: Scraggy|Coaching|p1b: Iron Hands\n|-boost|p1b: Iron Hands|atk|1\n|-boost|p1b: Iron Hands|def|1\n|move|p1b: Iron Hands|Low Kick|p2b: Miraidon\n|-activate|p2b: Miraidon|move: Protect\n|move|p2a: Kyogre|Origin Pulse|p1a: Scraggy|[spread] p1a,p1b\n|-crit|p1b: Iron Hands\n|-damage|p1a: Scraggy|7/100\n|-damage|p1b: Iron Hands|7/100\n|\n|-weather|RainDance|[upkeep]\n|-fieldend|move: Trick Room\n|-fieldend|move: Electric Terrain\n|-end|p1b: Iron Hands|Quark Drive\n|upkeep\n|turn|6\n|inactive|uhh daneooo has 30 seconds left.\n|inactive|uhh daneooo has 20 seconds left.\n|inactive|uhh daneooo has 15 seconds left.\n|inactive|uhh daneooo has 10 seconds left.\n|inactive|uhh daneooo has 5 seconds left.\n|\n|t:|1776552096\n|switch|p2b: Iron Treads|Iron Treads, L50, shiny|100/100\n|move|p2a: Kyogre|Origin Pulse|p1a: Scraggy|[spread] p1a,p1b\n|-damage|p1a: Scraggy|0 fnt\n|-damage|p1b: Iron Hands|0 fnt\n|faint|p1a: Scraggy\n|faint|p1b: Iron Hands\n|-end|p1b: Iron Hands|Quark Drive|[silent]\n|\n|-weather|RainDance|[upkeep]\n|upkeep\n|-message|Tusuk forfeited.\n|\n|win|uhh daneooo\n|raw|Tusuk's rating: 1465 &rarr; <strong>1449</strong><br />(-16 for losing)\n|raw|uhh daneooo's rating: 1534 &rarr; <strong>1550</strong><br />(+16 for winning)\n|l|\u2606Tusuk\n|player|p1|\n|l|\u2606uhh daneooo\n|player|p2|\n","uploadtime":1776552356,"views":12,"formatid":"gen9vgc2026regi","rating":1449,"private":0,"password":null}