{"id":"gen9vgc2026regi-2539988238","format":"[Gen 9] VGC 2026 Reg I","players":["photon sheister","funforall"],"log":"|j|\u2606photon sheister\n|j|\u2606funforall\n|t:|1771139209\n|gametype|doubles\n|player|p1|photon sheister|266|1504\n|player|p2|funforall|170|1405\n|gen|9\n|tier|[Gen 9] VGC 2026 Reg I\n|rated|\n|rule|Species Clause: Limit one of each Pok\u00e9mon\n|rule|Item Clause: Limit 1 of each item\n|clearpoke\n|poke|p1|Miraidon, L50|\n|poke|p1|Lunala, L50|\n|poke|p1|Sylveon, L50, F|\n|poke|p1|Incineroar, L50, M|\n|poke|p1|Whimsicott, L50, M|\n|poke|p1|Urshifu-*, L50, F|\n|poke|p2|Groudon, L50|\n|poke|p2|Calyrex-Shadow, L50|\n|poke|p2|Incineroar, L50, M|\n|poke|p2|Amoonguss, L50, F|\n|poke|p2|Raging Bolt, L50|\n|poke|p2|Grimmsnarl, L50, M|\n|teampreview|4\n|inactive|Battle timer is ON: inactive players will automatically lose when time's up. (requested by funforall)\n|inactive|photon sheister has 60 seconds left.\n|\n|t:|1771139277\n|teamsize|p1|4\n|teamsize|p2|4\n|start\n|switch|p1a: Miraidon|Miraidon, L50, shiny|100/100\n|switch|p1b: Incineroar|Incineroar, L50, M|100/100\n|switch|p2a: Grimmsnarl|Grimmsnarl, L50, M, shiny|100/100\n|switch|p2b: Groudon|Groudon, L50|100/100\n|-fieldstart|move: Electric Terrain|[from] ability: Hadron Engine|[of] p1a: Miraidon\n|-weather|SunnyDay|[from] ability: Drought|[of] p2b: Groudon\n|-ability|p1b: Incineroar|Intimidate|boost\n|-unboost|p2a: Grimmsnarl|atk|1\n|-unboost|p2b: Groudon|atk|1\n|turn|1\n|inactive|funforall has 30 seconds left.\n|inactive|funforall has 20 seconds left.\n|\n|t:|1771139312\n|move|p1b: Incineroar|Fake Out|p2b: Groudon\n|-damage|p2b: Groudon|93/100\n|move|p2a: Grimmsnarl|Light Screen|p2a: Grimmsnarl\n|-sidestart|p2: funforall|move: Light Screen\n|move|p1a: Miraidon|Draco Meteor|p2b: Groudon\n|-damage|p2b: Groudon|27/100\n|-unboost|p1a: Miraidon|spa|2\n|cant|p2b: Groudon|flinch\n|\n|-weather|SunnyDay|[upkeep]\n|upkeep\n|turn|2\n|inactive|photon sheister has 30 seconds left.\n|\n|t:|1771139344\n|move|p2a: Grimmsnarl|Parting Shot|p1a: Miraidon\n|-unboost|p1a: Miraidon|atk|1\n|-unboost|p1a: Miraidon|spa|1\n|\n|t:|1771139347\n|switch|p2a: Amoonguss|Amoonguss, L50, F|100/100|[from] Parting Shot\n|move|p1a: Miraidon|Draco Meteor|p2b: Groudon\n|-damage|p2b: Groudon|3/100\n|-unboost|p1a: Miraidon|spa|2\n|move|p2b: Groudon|Precipice Blades|p1a: Miraidon|[spread] p1a,p1b\n|-supereffective|p1a: Miraidon\n|-supereffective|p1b: Incineroar\n|-damage|p1a: Miraidon|25/100\n|-damage|p1b: Incineroar|50/100\n|move|p1b: Incineroar|Flare Blitz|p2a: Amoonguss\n|-supereffective|p2a: Amoonguss\n|-crit|p2a: Amoonguss\n|-damage|p2a: Amoonguss|0 fnt\n|-damage|p1b: Incineroar|33/100|[from] item: Rocky Helmet|[of] p2a: Amoonguss\n|faint|p2a: Amoonguss\n|-damage|p1b: Incineroar|0 fnt|[from] Recoil\n|faint|p1b: Incineroar\n|\n|-weather|SunnyDay|[upkeep]\n|upkeep\n|\n|t:|1771139363\n|switch|p1b: Lunala|Lunala, L50|100/100\n|switch|p2a: Calyrex|Calyrex-Shadow, L50|100/100\n|-ability|p2a: Calyrex|As One\n|-ability|p2a: Calyrex|Unnerve\n|-enditem|p1b: Lunala|Electric Seed\n|-boost|p1b: Lunala|def|1|[from] item: Electric Seed\n|turn|3\n|\n|t:|1771139384\n|switch|p2b: Grimmsnarl|Grimmsnarl, L50, M, shiny|100/100\n|-terastallize|p1b: Lunala|Fairy\n|move|p2a: Calyrex|Protect|p2a: Calyrex\n|-singleturn|p2a: Calyrex|Protect\n|move|p1a: Miraidon|Draco Meteor|p2b: Grimmsnarl\n|-immune|p2b: Grimmsnarl\n|move|p1b: Lunala|Trick Room|p1b: Lunala\n|-fieldstart|move: Trick Room|[of] p1b: Lunala\n|\n|-weather|SunnyDay|[upkeep]\n|upkeep\n|turn|4\n|inactive|funforall has 30 seconds left.\n|\n|t:|1771139412\n|switch|p1a: Sylveon|Sylveon, L50, F, shiny|100/100\n|-terastallize|p2a: Calyrex|Ghost\n|move|p2b: Grimmsnarl|Parting Shot|p1b: Lunala\n|-unboost|p1b: Lunala|atk|1\n|-unboost|p1b: Lunala|spa|1\n|\n|t:|1771139418\n|switch|p2b: Groudon|Groudon, L50|3/100|[from] Parting Shot\n|move|p1b: Lunala|Moonblast|p2b: Groudon\n|-damage|p2b: Groudon|0 fnt\n|faint|p2b: Groudon\n|move|p2a: Calyrex|Astral Barrage|p1a: Sylveon|[spread] p1a,p1b\n|-damage|p1a: Sylveon|55/100\n|-damage|p1b: Lunala|73/100\n|\n|-weather|SunnyDay|[upkeep]\n|upkeep\n|\n|t:|1771139423\n|switch|p2b: Grimmsnarl|Grimmsnarl, L50, M, shiny|100/100\n|turn|5\n|\n|t:|1771139438\n|move|p2a: Calyrex|Protect|p2a: Calyrex\n|-singleturn|p2a: Calyrex|Protect\n|move|p2b: Grimmsnarl|Thunder Wave|p1b: Lunala\n|-status|p1b: Lunala|par\n|move|p1b: Lunala|Moongeist Beam|p2a: Calyrex\n|-activate|p2a: Calyrex|move: Protect\n|move|p1a: Sylveon|Hyper Voice|p2a: Calyrex|[spread] p2b\n|-activate|p2a: Calyrex|move: Protect\n|-supereffective|p2b: Grimmsnarl\n|-damage|p2b: Grimmsnarl|52/100\n|\n|-weather|none\n|-fieldend|move: Electric Terrain\n|upkeep\n|turn|6\n|\n|t:|1771139455\n|move|p2b: Grimmsnarl|Thunder Wave|p1a: Sylveon\n|-status|p1a: Sylveon|par\n|move|p1a: Sylveon|Hyper Voice|p2b: Grimmsnarl|[spread] p2a,p2b\n|-supereffective|p2b: Grimmsnarl\n|-damage|p2a: Calyrex|70/100\n|-damage|p2b: Grimmsnarl|0 fnt\n|faint|p2b: Grimmsnarl\n|cant|p1b: Lunala|par\n|move|p2a: Calyrex|Astral Barrage|p1b: Lunala|[spread] p1a,p1b\n|-damage|p1a: Sylveon|8/100 par\n|-damage|p1b: Lunala|19/100 par\n|\n|upkeep\n|turn|7\n|\n|t:|1771139466\n|move|p2a: Calyrex|Protect|p2a: Calyrex\n|-singleturn|p2a: Calyrex|Protect\n|move|p1a: Sylveon|Hyper Voice|p2a: Calyrex\n|-activate|p2a: Calyrex|move: Protect\n|move|p1b: Lunala|Moongeist Beam|p2a: Calyrex\n|-activate|p2a: Calyrex|move: Protect\n|\n|-fieldend|move: Trick Room\n|upkeep\n|turn|8\n|\n|t:|1771139473\n|move|p2a: Calyrex|Astral Barrage|p1b: Lunala|[spread] p1a,p1b\n|-damage|p1a: Sylveon|0 fnt\n|-damage|p1b: Lunala|0 fnt\n|faint|p1a: Sylveon\n|faint|p1b: Lunala\n|-ability|p2a: Calyrex|Grim Neigh|boost\n|-boost|p2a: Calyrex|spa|2\n|\n|-sideend|p2: funforall|move: Light Screen\n|upkeep\n|-message|photon sheister forfeited.\n|\n|win|funforall\n|raw|photon sheister's rating: 1504 &rarr; <strong>1478</strong><br />(-26 for losing)\n|raw|funforall's rating: 1405 &rarr; <strong>1431</strong><br />(+26 for winning)\n|l|\u2606photon sheister\n|player|p1|\n|l|\u2606funforall\n|player|p2|\n|j|\u2606photon sheister\n|player|p1|photon sheister|266|\n|l|\u2606photon sheister\n|player|p1|\n","uploadtime":1771139749,"views":42,"formatid":"gen9vgc2026regi","rating":1431,"private":0,"password":null}