{"id":"gen9vgc2026regi-2528700899","format":"[Gen 9] VGC 2026 Reg I","players":["CHR1SPHX","kelii"],"log":"|j|\u2606CHR1SPHX\n|j|\u2606kelii\n|t:|1769697285\n|gametype|doubles\n|player|p1|CHR1SPHX|169|1300\n|player|p2|kelii|dawn|1404\n|gen|9\n|tier|[Gen 9] VGC 2026 Reg I\n|rated|\n|rule|Species Clause: Limit one of each Pok\u00e9mon\n|rule|Item Clause: Limit 1 of each item\n|clearpoke\n|poke|p1|Incineroar, L50, M|\n|poke|p1|Koraidon, L50|\n|poke|p1|Flutter Mane, L50|\n|poke|p1|Brute Bonnet, L50|\n|poke|p1|Indeedee-F, L50, F|\n|poke|p1|Groudon, L50|\n|poke|p2|Calyrex-Ice, L50|\n|poke|p2|Lunala, L50|\n|poke|p2|Indeedee-F, L50, F|\n|poke|p2|Smeargle, L50, F|\n|poke|p2|Torkoal, L50, F|\n|poke|p2|Urshifu-*, L50, F|\n|teampreview|4\n|inactive|Battle timer is ON: inactive players will automatically lose when time's up. (requested by CHR1SPHX)\n|inactive|kelii also wants the timer to be on.\n|inactive|kelii has 60 seconds left.\n|\n|t:|1769697319\n|teamsize|p1|4\n|teamsize|p2|4\n|start\n|switch|p1a: Incineroar|Incineroar, L50, M|100/100\n|switch|p1b: Brute Bonnet|Brute Bonnet, L50, shiny|100/100\n|switch|p2a: Indeedee|Indeedee-F, L50, F, shiny|100/100\n|switch|p2b: Calyrex|Calyrex-Ice, L50|100/100\n|-ability|p2b: Calyrex|As One\n|-ability|p2b: Calyrex|Unnerve\n|-fieldstart|move: Psychic Terrain|[from] ability: Psychic Surge|[of] p2a: Indeedee\n|-ability|p1a: Incineroar|Intimidate|boost\n|-unboost|p2a: Indeedee|atk|1\n|-fail|p2b: Calyrex|unboost|[from] item: Clear Amulet|[of] p2b: Calyrex\n|turn|1\n|\n|t:|1769697337\n|move|p2a: Indeedee|Follow Me|p2a: Indeedee\n|-singleturn|p2a: Indeedee|move: Follow Me\n|move|p1a: Incineroar|Taunt|p2a: Indeedee\n|-start|p2a: Indeedee|move: Taunt\n|move|p1b: Brute Bonnet|Lash Out|p2a: Indeedee\n|-supereffective|p2a: Indeedee\n|-damage|p2a: Indeedee|43/100\n|move|p2b: Calyrex|Trick Room|p2b: Calyrex\n|-fieldstart|move: Trick Room|[of] p2b: Calyrex\n|\n|upkeep\n|turn|2\n|\n|t:|1769697355\n|-terastallize|p1b: Brute Bonnet|Water\n|move|p2b: Calyrex|High Horsepower|p1a: Incineroar\n|-supereffective|p1a: Incineroar\n|-damage|p1a: Incineroar|29/100\n|move|p1b: Brute Bonnet|Spore|p2b: Calyrex\n|-status|p2b: Calyrex|slp|[from] move: Spore\n|move|p1a: Incineroar|Flare Blitz|p2b: Calyrex\n|-supereffective|p2b: Calyrex\n|-damage|p2b: Calyrex|33/100 slp\n|-damage|p1a: Incineroar|7/100|[from] Recoil\n|move|p2a: Indeedee|Shadow Ball|p1b: Brute Bonnet\n|-damage|p1b: Brute Bonnet|87/100\n|\n|upkeep\n|turn|3\n|\n|t:|1769697373\n|switch|p1a: Groudon|Groudon, L50|100/100\n|-weather|SunnyDay|[from] ability: Drought|[of] p1a: Groudon\n|-activate|p1b: Brute Bonnet|ability: Protosynthesis\n|-start|p1b: Brute Bonnet|protosynthesisdef\n|cant|p2b: Calyrex|slp\n|move|p1b: Brute Bonnet|Lash Out|p2b: Calyrex\n|-supereffective|p2b: Calyrex\n|-damage|p2b: Calyrex|0 fnt\n|faint|p2b: Calyrex\n|move|p2a: Indeedee|Shadow Ball|p1a: Groudon\n|-damage|p1a: Groudon|82/100\n|\n|-weather|SunnyDay|[upkeep]\n|upkeep\n|\n|t:|1769697394\n|switch|p2b: Torkoal|Torkoal, L50, F, shiny|100/100\n|turn|4\n|\n|t:|1769697408\n|switch|p2a: Urshifu|Urshifu, L50, F|100/100\n|-terastallize|p2b: Torkoal|Fire\n|move|p2b: Torkoal|Eruption|p1b: Brute Bonnet|[spread] p1a,p1b\n|-resisted|p1b: Brute Bonnet\n|-damage|p1a: Groudon|0 fnt\n|-damage|p1b: Brute Bonnet|41/100\n|-enditem|p1b: Brute Bonnet|Sitrus Berry|[eat]\n|-heal|p1b: Brute Bonnet|66/100|[from] item: Sitrus Berry\n|faint|p1a: Groudon\n|move|p1b: Brute Bonnet|Spore|p2b: Torkoal\n|-status|p2b: Torkoal|slp|[from] move: Spore\n|\n|-weather|SunnyDay|[upkeep]\n|upkeep\n|\n|t:|1769697423\n|switch|p1a: Flutter Mane|Flutter Mane, L50|100/100\n|-activate|p1a: Flutter Mane|ability: Protosynthesis\n|-start|p1a: Flutter Mane|protosynthesisspe\n|turn|5\n|\n|t:|1769697433\n|-end|p1a: Flutter Mane|Protosynthesis|[silent]\n|switch|p1a: Incineroar|Incineroar, L50, M|7/100\n|-enditem|p1a: Incineroar|Aguav Berry|[eat]\n|-heal|p1a: Incineroar|41/100|[from] item: Aguav Berry\n|-ability|p1a: Incineroar|Intimidate|boost\n|-unboost|p2a: Urshifu|atk|1\n|-unboost|p2b: Torkoal|atk|1\n|move|p2a: Urshifu|Sucker Punch||[still]\n|-fail|p2a: Urshifu\n|cant|p2b: Torkoal|slp\n|move|p1b: Brute Bonnet|Spore|p2a: Urshifu\n|-status|p2a: Urshifu|slp|[from] move: Spore\n|\n|-weather|SunnyDay|[upkeep]\n|-fieldend|move: Trick Room\n|-fieldend|move: Psychic Terrain\n|upkeep\n|turn|6\n|\n|t:|1769697451\n|cant|p2a: Urshifu|slp\n|move|p1a: Incineroar|Parting Shot|p2b: Torkoal\n|-unboost|p2b: Torkoal|atk|1\n|-unboost|p2b: Torkoal|spa|1\n|\n|t:|1769697455\n|switch|p1a: Flutter Mane|Flutter Mane, L50|100/100|[from] Parting Shot\n|-activate|p1a: Flutter Mane|ability: Protosynthesis\n|-start|p1a: Flutter Mane|protosynthesisspe\n|move|p1b: Brute Bonnet|Lash Out|p2b: Torkoal\n|-damage|p2b: Torkoal|77/100 slp\n|-curestatus|p2b: Torkoal|slp|[msg]\n|move|p2b: Torkoal|Eruption|p1b: Brute Bonnet|[spread] p1a,p1b\n|-resisted|p1b: Brute Bonnet\n|-damage|p1a: Flutter Mane|41/100\n|-damage|p1b: Brute Bonnet|43/100\n|\n|-weather|SunnyDay|[upkeep]\n|upkeep\n|turn|7\n|inactive|kelii has 30 seconds left.\n|\n|t:|1769697485\n|-end|p1b: Brute Bonnet|Protosynthesis|[silent]\n|switch|p1b: Incineroar|Incineroar, L50, M|41/100\n|-ability|p1b: Incineroar|Intimidate|boost\n|-unboost|p2a: Urshifu|atk|1\n|-unboost|p2b: Torkoal|atk|1\n|-curestatus|p2a: Urshifu|slp|[msg]\n|move|p2a: Urshifu|Sucker Punch|p1a: Flutter Mane\n|-damage|p1a: Flutter Mane|0 fnt\n|faint|p1a: Flutter Mane\n|-end|p1a: Flutter Mane|Protosynthesis|[silent]\n|move|p2b: Torkoal|Eruption|p1b: Incineroar\n|-resisted|p1b: Incineroar\n|-damage|p1b: Incineroar|8/100\n|\n|-weather|none\n|upkeep\n|\n|t:|1769697492\n|switch|p1a: Brute Bonnet|Brute Bonnet, L50, shiny, tera:Water|43/100\n|turn|8\n|\n|t:|1769697510\n|move|p1b: Incineroar|Fake Out|p2a: Urshifu\n|-damage|p2a: Urshifu|89/100\n|cant|p2a: Urshifu|flinch\n|move|p1a: Brute Bonnet|Spore|p2b: Torkoal\n|-status|p2b: Torkoal|slp|[from] move: Spore\n|cant|p2b: Torkoal|slp\n|\n|upkeep\n|turn|9\n|\n|t:|1769697524\n|switch|p2a: Indeedee|Indeedee-F, L50, F, shiny|43/100\n|-fieldstart|move: Psychic Terrain|[from] ability: Psychic Surge|[of] p2a: Indeedee\n|move|p1b: Incineroar|Parting Shot|p2a: Indeedee\n|-unboost|p2a: Indeedee|atk|1\n|-unboost|p2a: Indeedee|spa|1\n|move|p1a: Brute Bonnet|Lash Out|p2b: Torkoal\n|-crit|p2b: Torkoal\n|-damage|p2b: Torkoal|38/100 slp\n|cant|p2b: Torkoal|slp\n|\n|upkeep\n|turn|10\n|\n|t:|1769697538\n|move|p2a: Indeedee|Follow Me|p2a: Indeedee\n|-singleturn|p2a: Indeedee|move: Follow Me\n|move|p1b: Incineroar|Taunt|p2a: Indeedee\n|-start|p2a: Indeedee|move: Taunt\n|move|p1a: Brute Bonnet|Lash Out|p2a: Indeedee\n|-supereffective|p2a: Indeedee\n|-damage|p2a: Indeedee|0 fnt\n|faint|p2a: Indeedee\n|cant|p2b: Torkoal|slp\n|\n|upkeep\n|\n|t:|1769697548\n|switch|p2a: Urshifu|Urshifu, L50, F|89/100\n|turn|11\n|\n|t:|1769697557\n|move|p2a: Urshifu|Wicked Blow|p1a: Brute Bonnet\n|-crit|p1a: Brute Bonnet\n|-damage|p1a: Brute Bonnet|0 fnt\n|faint|p1a: Brute Bonnet\n|-end|p1a: Brute Bonnet|Protosynthesis|[silent]\n|move|p1b: Incineroar|Flare Blitz|p2a: Urshifu\n|-damage|p2a: Urshifu|42/100\n|-damage|p1b: Incineroar|0 fnt|[from] Recoil\n|faint|p1b: Incineroar\n|\n|win|kelii\n|raw|CHR1SPHX's rating: 1300 &rarr; <strong>1282</strong><br />(-18 for losing)\n|raw|kelii's rating: 1404 &rarr; <strong>1418</strong><br />(+14 for winning)\n|l|\u2606CHR1SPHX\n|player|p1|\n|l|\u2606kelii\n|player|p2|\n","uploadtime":1769697811,"views":14,"formatid":"gen9vgc2026regi","rating":1282,"private":0,"password":null}