{"id":"gen9vgc2026regi-2559979742","format":"[Gen 9] VGC 2026 Reg I","players":["duck 7457546765","It'sJustKen VGC"],"log":"|j|\u2606duck 7457546765\n|j|\u2606It'sJustKen VGC\n|t:|1773631185\n|gametype|doubles\n|player|p1|duck 7457546765|skyla|1236\n|player|p2|It'sJustKen VGC|102|1277\n|gen|9\n|tier|[Gen 9] VGC 2026 Reg I\n|rated|\n|rule|Species Clause: Limit one of each Pok\u00e9mon\n|rule|Item Clause: Limit 1 of each item\n|clearpoke\n|poke|p1|Necrozma-Dusk-Mane, L50|\n|poke|p1|Chien-Pao, L50|\n|poke|p1|Terapagos, L50, M|\n|poke|p1|Tornadus, L50, M|\n|poke|p1|Raging Bolt, L50|\n|poke|p1|Clefairy, L50, M|\n|poke|p2|Urshifu-*, L50, M|\n|poke|p2|Incineroar, L50, F|\n|poke|p2|Flutter Mane, L50|\n|poke|p2|Whimsicott, L50, F|\n|poke|p2|Miraidon, L50|\n|poke|p2|Calyrex-Ice, L50|\n|teampreview|4\n|inactive|Battle timer is ON: inactive players will automatically lose when time's up. (requested by It'sJustKen VGC)\n|inactive|duck 7457546765 also wants the timer to be on.\n|\n|t:|1773631205\n|teamsize|p1|4\n|teamsize|p2|4\n|start\n|switch|p1a: Terapagos|Terapagos, L50, M|100/100\n|switch|p1b: Necrozma|Necrozma-Dusk-Mane, L50|100/100\n|switch|p2a: Hamilton|Incineroar, L50, F|100/100\n|switch|p2b: Calyrex|Calyrex-Ice, L50|100/100\n|-activate|p1a: Terapagos|ability: Tera Shift\n|detailschange|p1a: Terapagos|Terapagos-Terastal, L50, M\n|-heal|p1a: Terapagos|100/100|[silent]\n|-ability|p2b: Calyrex|As One\n|-ability|p2b: Calyrex|Unnerve\n|-ability|p2a: Hamilton|Intimidate|boost\n|-unboost|p1a: Terapagos|atk|1\n|-fail|p1b: Necrozma|unboost|[from] item: Clear Amulet|[of] p1b: Necrozma\n|turn|1\n|inactive|It'sJustKen VGC has 30 seconds left.\n|\n|t:|1773631231\n|move|p2a: Hamilton|U-turn|p1b: Necrozma\n|-damage|p1b: Necrozma|84/100\n|\n|t:|1773631233\n|switch|p2a: Norris|Whimsicott, L50, F|100/100|[from] U-turn\n|move|p1a: Terapagos|Meteor Beam||[still]\n|-prepare|p1a: Terapagos|Meteor Beam\n|-boost|p1a: Terapagos|spa|1\n|-enditem|p1a: Terapagos|Power Herb\n|-anim|p1a: Terapagos|Meteor Beam|p2b: Calyrex\n|-supereffective|p2b: Calyrex\n|-damage|p2b: Calyrex|15/100\n|move|p1b: Necrozma|Sunsteel Strike|p2b: Calyrex\n|-supereffective|p2b: Calyrex\n|-damage|p2b: Calyrex|0 fnt\n|faint|p2b: Calyrex\n|\n|upkeep\n|\n|t:|1773631247\n|switch|p2b: Miraidon|Miraidon, L50|100/100\n|-fieldstart|move: Electric Terrain|[from] ability: Hadron Engine|[of] p2b: Miraidon\n|turn|2\n|\n|t:|1773631257\n|-terastallize|p2b: Miraidon|Electric\n|-terastallize|p1a: Terapagos|Stellar\n|detailschange|p1a: Terapagos|Terapagos-Stellar, L50, M, tera:Stellar\n|-heal|p1a: Terapagos|100/100|[silent]\n|-ability|p1a: Terapagos|Teraform Zero\n|-fieldend|move: Electric Terrain\n|move|p2a: Norris|Encore|p1a: Terapagos\n|-start|p1a: Terapagos|Encore\n|move|p2b: Miraidon|Electro Drift|p1b: Necrozma\n|-damage|p1b: Necrozma|1/100\n|move|p1a: Terapagos|Meteor Beam||[still]\n|-prepare|p1a: Terapagos|Meteor Beam\n|-boost|p1a: Terapagos|spa|1\n|move|p1b: Necrozma|Sunsteel Strike|p2a: Norris\n|-supereffective|p2a: Norris\n|-damage|p2a: Norris|0 fnt\n|faint|p2a: Norris\n|\n|upkeep\n|\n|t:|1773631260\n|switch|p2a: Hamilton|Incineroar, L50, F|100/100\n|-ability|p2a: Hamilton|Intimidate|boost\n|-unboost|p1a: Terapagos|atk|1\n|-fail|p1b: Necrozma|unboost|[from] item: Clear Amulet|[of] p1b: Necrozma\n|turn|3\n|\n|t:|1773631283\n|move|p2a: Hamilton|Fake Out|p1a: Terapagos\n|-damage|p1a: Terapagos|92/100\n|move|p2b: Miraidon|Electro Drift|p1a: Terapagos\n|-damage|p1a: Terapagos|20/100\n|cant|p1a: Terapagos|flinch\n|move|p1b: Necrozma|Trick Room|p1b: Necrozma\n|-fieldstart|move: Trick Room|[of] p1b: Necrozma\n|\n|upkeep\n|turn|4\n|\n|t:|1773631301\n|move|p1b: Necrozma|Photon Geyser|p2b: Miraidon\n|-damage|p2b: Miraidon|52/100\n|move|p2a: Hamilton|Knock Off|p1b: Necrozma\n|-supereffective|p1b: Necrozma\n|-damage|p1b: Necrozma|0 fnt\n|-enditem|p1b: Necrozma|Clear Amulet|[from] move: Knock Off|[of] p2a: Hamilton\n|faint|p1b: Necrozma\n|move|p1a: Terapagos|Meteor Beam||[still]\n|-prepare|p1a: Terapagos|Meteor Beam\n|-boost|p1a: Terapagos|spa|1\n|move|p2b: Miraidon|Electro Drift|p1a: Terapagos\n|-damage|p1a: Terapagos|0 fnt\n|faint|p1a: Terapagos\n|detailschange|p1: Terapagos|Terapagos, L50, M|[silent]\n|\n|upkeep\n|\n|t:|1773631317\n|switch|p1a: Raging Bolt|Raging Bolt, L50|100/100\n|switch|p1b: Chien-Pao|Chien-Pao, L50|100/100\n|-ability|p1b: Chien-Pao|Sword of Ruin\n|turn|5\n|inactive|It'sJustKen VGC has 30 seconds left.\n|\n|t:|1773631343\n|move|p1a: Raging Bolt|Draco Meteor|p2a: Hamilton\n|-crit|p2a: Hamilton\n|-damage|p2a: Hamilton|18/100\n|-unboost|p1a: Raging Bolt|spa|2\n|move|p2a: Hamilton|Knock Off|p1a: Raging Bolt\n|-damage|p1a: Raging Bolt|51/100\n|-enditem|p1a: Raging Bolt|Assault Vest|[from] move: Knock Off|[of] p2a: Hamilton\n|move|p2b: Miraidon|Electro Drift|p1b: Chien-Pao\n|-enditem|p1b: Chien-Pao|Focus Sash\n|-damage|p1b: Chien-Pao|1/100\n|move|p1b: Chien-Pao|Sacred Sword|p2a: Hamilton\n|-supereffective|p2a: Hamilton\n|-damage|p2a: Hamilton|0 fnt\n|faint|p2a: Hamilton\n|\n|upkeep\n|turn|6\n|\n|t:|1773631361\n|move|p1b: Chien-Pao|Protect|p1b: Chien-Pao\n|-singleturn|p1b: Chien-Pao|Protect\n|move|p1a: Raging Bolt|Snarl|p2b: Miraidon\n|-damage|p2b: Miraidon|42/100\n|-unboost|p2b: Miraidon|spa|1\n|move|p2b: Miraidon|Electro Drift|p1b: Chien-Pao\n|-activate|p1b: Chien-Pao|move: Protect\n|\n|upkeep\n|turn|7\n|\n|t:|1773631384\n|move|p1b: Chien-Pao|Protect|p1b: Chien-Pao\n|-singleturn|p1b: Chien-Pao|Protect\n|move|p1a: Raging Bolt|Snarl|p2b: Miraidon\n|-damage|p2b: Miraidon|34/100\n|-unboost|p2b: Miraidon|spa|1\n|move|p2b: Miraidon|Electro Drift|p1b: Chien-Pao\n|-activate|p1b: Chien-Pao|move: Protect\n|\n|-fieldend|move: Trick Room\n|upkeep\n|turn|8\n|-message|It'sJustKen VGC forfeited.\n|\n|win|duck 7457546765\n|raw|duck 7457546765's rating: 1236 &rarr; <strong>1264</strong><br />(+28 for winning)\n|raw|It&apos;sJustKen VGC's rating: 1277 &rarr; <strong>1249</strong><br />(-28 for losing)\n|l|\u2606It'sJustKen VGC\n|player|p2|\n|l|\u2606duck 7457546765\n|player|p1|\n","uploadtime":1773631612,"views":11,"formatid":"gen9vgc2026regi","rating":1249,"private":0,"password":null}