{"id":"gen9vgc2026regi-2567652269","format":"[Gen 9] VGC 2026 Reg I","players":["bro is not washed","alzombie"],"log":"|j|\u2606bro is not washed\n|j|\u2606alzombie\n|t:|1774498620\n|gametype|doubles\n|player|p1|bro is not washed|giovanni|1359\n|player|p2|alzombie|101|1256\n|gen|9\n|tier|[Gen 9] VGC 2026 Reg I\n|rated|\n|rule|Species Clause: Limit one of each Pok\u00e9mon\n|rule|Item Clause: Limit 1 of each item\n|clearpoke\n|poke|p1|Calyrex-Shadow, L50|\n|poke|p1|Miraidon, L50|\n|poke|p1|Incineroar, L50, F|\n|poke|p1|Sneasler, L50, M|\n|poke|p1|Araquanid, L50, M|\n|poke|p1|Whimsicott, L50, M|\n|poke|p2|Miraidon, L50|\n|poke|p2|Calyrex-Ice, L50|\n|poke|p2|Farigiraf, L50, F|\n|poke|p2|Landorus, L50, M|\n|poke|p2|Incineroar, L50, M|\n|poke|p2|Tornadus, L50, M|\n|teampreview|4\n|inactive|Battle timer is ON: inactive players will automatically lose when time's up. (requested by bro is not washed)\n|\n|t:|1774498647\n|teamsize|p1|4\n|teamsize|p2|4\n|start\n|switch|p1a: Sneasler|Sneasler, L50, M|100/100\n|switch|p1b: Miraidon|Miraidon, L50|100/100\n|switch|p2a: Miraidon|Miraidon, L50|100/100\n|switch|p2b: Tornadus|Tornadus, L50, M|100/100\n|-fieldstart|move: Electric Terrain|[from] ability: Hadron Engine|[of] p1b: Miraidon\n|-enditem|p1a: Sneasler|Electric Seed\n|-boost|p1a: Sneasler|def|1|[from] item: Electric Seed\n|-activate|p2a: Miraidon|ability: Hadron Engine\n|turn|1\n|\n|t:|1774498671\n|move|p1a: Sneasler|Fake Out|p2a: Miraidon\n|-damage|p2a: Miraidon|86/100\n|move|p2b: Tornadus|Tailwind|p2b: Tornadus\n|-sidestart|p2: alzombie|move: Tailwind\n|cant|p2a: Miraidon|flinch\n|move|p1b: Miraidon|Volt Switch|p2b: Tornadus\n|-supereffective|p2b: Tornadus\n|-enditem|p2b: Tornadus|Focus Sash\n|-damage|p2b: Tornadus|1/100\n|\n|t:|1774498681\n|switch|p1b: Calyrex|Calyrex-Shadow, L50|100/100|[from] Volt Switch\n|-ability|p1b: Calyrex|As One\n|-ability|p1b: Calyrex|Unnerve\n|\n|upkeep\n|turn|2\n|\n|t:|1774498699\n|switch|p1a: Miraidon|Miraidon, L50|100/100\n|-activate|p1a: Miraidon|ability: Hadron Engine\n|-terastallize|p1b: Calyrex|Ghost\n|move|p2b: Tornadus|Rain Dance|p2b: Tornadus\n|-weather|RainDance\n|move|p2a: Miraidon|Dazzling Gleam|p1b: Calyrex|[spread] p1a,p1b\n|-supereffective|p1a: Miraidon\n|-damage|p1a: Miraidon|34/100\n|-damage|p1b: Calyrex|55/100\n|move|p1b: Calyrex|Astral Barrage|p2a: Miraidon|[spread] p2a,p2b\n|-damage|p2a: Miraidon|24/100\n|-damage|p2b: Tornadus|0 fnt\n|faint|p2b: Tornadus\n|-ability|p1b: Calyrex|Grim Neigh|boost\n|-boost|p1b: Calyrex|spa|1\n|\n|-weather|RainDance|[upkeep]\n|upkeep\n|\n|t:|1774498714\n|switch|p2b: Landorus|Landorus, L50, M|100/100\n|turn|3\n|\n|t:|1774498724\n|switch|p1a: Araquanid|Araquanid, L50, M|100/100\n|move|p1b: Calyrex|Protect|p1b: Calyrex\n|-singleturn|p1b: Calyrex|Protect\n|move|p2a: Miraidon|Dazzling Gleam|p1b: Calyrex|[spread] p1a\n|-activate|p1b: Calyrex|move: Protect\n|-crit|p1a: Araquanid\n|-damage|p1a: Araquanid|52/100\n|move|p2b: Landorus|Sandsear Storm|p1b: Calyrex|[spread] p1a\n|-activate|p1b: Calyrex|move: Protect\n|-resisted|p1a: Araquanid\n|-damage|p1a: Araquanid|32/100\n|\n|-weather|RainDance|[upkeep]\n|upkeep\n|turn|4\n|\n|t:|1774498748\n|switch|p2a: Farigiraf|Farigiraf, L50, F|100/100\n|move|p1a: Araquanid|Wide Guard|p1a: Araquanid\n|-singleturn|p1a: Araquanid|Wide Guard\n|move|p2b: Landorus|Earth Power|p1b: Calyrex\n|-damage|p1b: Calyrex|0 fnt\n|faint|p1b: Calyrex\n|\n|-weather|RainDance|[upkeep]\n|-sideend|p2: alzombie|move: Tailwind\n|upkeep\n|\n|t:|1774498757\n|switch|p1b: Miraidon|Miraidon, L50|34/100\n|-activate|p1b: Miraidon|ability: Hadron Engine\n|turn|5\n|\n|t:|1774498763\n|move|p1b: Miraidon|Draco Meteor|p2b: Landorus\n|-damage|p2b: Landorus|0 fnt\n|-unboost|p1b: Miraidon|spa|2\n|faint|p2b: Landorus\n|move|p2a: Farigiraf|Hyper Voice|p1a: Araquanid|[spread] p1a,p1b\n|-damage|p1a: Araquanid|13/100\n|-damage|p1b: Miraidon|12/100\n|-enditem|p2a: Farigiraf|Throat Spray\n|-boost|p2a: Farigiraf|spa|1|[from] item: Throat Spray\n|move|p1a: Araquanid|Liquidation|p2a: Farigiraf\n|-damage|p2a: Farigiraf|29/100\n|\n|-weather|RainDance|[upkeep]\n|-fieldend|move: Electric Terrain\n|upkeep\n|\n|t:|1774498776\n|switch|p2b: Miraidon|Miraidon, L50|24/100\n|-fieldstart|move: Electric Terrain|[from] ability: Hadron Engine|[of] p2b: Miraidon\n|turn|6\n|\n|t:|1774498785\n|move|p1b: Miraidon|Draco Meteor|p2b: Miraidon\n|-supereffective|p2b: Miraidon\n|-damage|p2b: Miraidon|0 fnt\n|-unboost|p1b: Miraidon|spa|2\n|faint|p2b: Miraidon\n|move|p2a: Farigiraf|Hyper Voice|p1b: Miraidon|[spread] p1a,p1b\n|-damage|p1a: Araquanid|0 fnt\n|-damage|p1b: Miraidon|0 fnt\n|faint|p1a: Araquanid\n|faint|p1b: Miraidon\n|\n|-weather|none\n|upkeep\n|\n|t:|1774498787\n|switch|p1b: Sneasler|Sneasler, L50, M|100/100\n|turn|7\n|\n|t:|1774498800\n|-terastallize|p2a: Farigiraf|Water\n|move|p1b: Sneasler|Close Combat|p2a: Farigiraf\n|-damage|p2a: Farigiraf|0 fnt\n|-unboost|p1b: Sneasler|def|1\n|-unboost|p1b: Sneasler|spd|1\n|faint|p2a: Farigiraf\n|\n|win|bro is not washed\n|raw|bro is not washed's rating: 1359 &rarr; <strong>1373</strong><br />(+14 for winning)\n|raw|alzombie's rating: 1256 &rarr; <strong>1238</strong><br />(-18 for losing)\n|l|\u2606alzombie\n|player|p2|\n|l|\u2606bro is not washed\n|player|p1|\n","uploadtime":1774499010,"views":11,"formatid":"gen9vgc2026regi","rating":1238,"private":0,"password":null}