{"id":"gen9vgc2026regi-2589955820","format":"[Gen 9] VGC 2026 Reg I","players":["Mars002","JakeNBake3D"],"log":"|j|\u2606Mars002\n|j|\u2606JakeNBake3D\n|t:|1776777111\n|gametype|doubles\n|player|p1|Mars002|101|1418\n|player|p2|JakeNBake3D|2|1500\n|gen|9\n|tier|[Gen 9] VGC 2026 Reg I\n|rated|\n|rule|Species Clause: Limit one of each Pok\u00e9mon\n|rule|Item Clause: Limit 1 of each item\n|clearpoke\n|poke|p1|Groudon, L50|\n|poke|p1|Calyrex-Ice, L50|\n|poke|p1|Rillaboom, L50, M|\n|poke|p1|Annihilape, L50, M|\n|poke|p1|Walking Wake, L50|\n|poke|p1|Comfey, L50, M|\n|poke|p2|Miraidon, L50|\n|poke|p2|Lunala, L50|\n|poke|p2|Incineroar, L50, F|\n|poke|p2|Urshifu-*, L50, M|\n|poke|p2|Grimmsnarl, L50, M|\n|poke|p2|Ursaluna, L50, M|\n|teampreview|4\n|inactive|Battle timer is ON: inactive players will automatically lose when time's up. (requested by Mars002)\n|\n|t:|1776777137\n|teamsize|p1|4\n|teamsize|p2|4\n|start\n|switch|p1a: Annihilape|Annihilape, L50, M|100/100\n|switch|p1b: Walking Wake|Walking Wake, L50|100/100\n|switch|p2a: Miraidon|Miraidon, L50|100/100\n|switch|p2b: Incineroar|Incineroar, L50, F, shiny|100/100\n|-fieldstart|move: Electric Terrain|[from] ability: Hadron Engine|[of] p2a: Miraidon\n|-ability|p2b: Incineroar|Intimidate|boost\n|-unboost|p1a: Annihilape|atk|1\n|-ability|p1a: Annihilape|Defiant|boost\n|-boost|p1a: Annihilape|atk|2\n|-unboost|p1b: Walking Wake|atk|1\n|turn|1\n|inactive|Mars002 has 30 seconds left.\n|\n|t:|1776777165\n|-end|p1b: Walking Wake|Protosynthesis|[silent]\n|switch|p1b: Groudon|Groudon, L50|100/100\n|-weather|SunnyDay|[from] ability: Drought|[of] p1b: Groudon\n|switch|p2a: Lunala|Lunala, L50, shiny|100/100\n|-enditem|p2a: Lunala|Electric Seed\n|-boost|p2a: Lunala|def|1|[from] item: Electric Seed\n|move|p2b: Incineroar|Fake Out|p1b: Groudon\n|-damage|p1b: Groudon|94/100\n|move|p1a: Annihilape|Close Combat|p2b: Incineroar\n|-supereffective|p2b: Incineroar\n|-damage|p2b: Incineroar|5/100\n|-unboost|p1a: Annihilape|def|1\n|-unboost|p1a: Annihilape|spd|1\n|-damage|p1a: Annihilape|84/100|[from] item: Rocky Helmet|[of] p2b: Incineroar\n|\n|-weather|SunnyDay|[upkeep]\n|upkeep\n|turn|2\n|inactive|Mars002 has 30 seconds left.\n|inactive|JakeNBake3D has 30 seconds left.\n|inactive|Mars002 has 20 seconds left.\n|inactive|JakeNBake3D has 20 seconds left.\n|inactive|Mars002 has 15 seconds left.\n|inactive|JakeNBake3D has 15 seconds left.\n|\n|t:|1776777209\n|switch|p1a: Walking Wake|Walking Wake, L50|100/100\n|-activate|p1a: Walking Wake|ability: Protosynthesis\n|-start|p1a: Walking Wake|protosynthesisspe\n|-terastallize|p2a: Lunala|Fairy\n|move|p1b: Groudon|Shadow Claw|p2a: Lunala\n|-crit|p2a: Lunala\n|-damage|p2a: Lunala|87/100\n|move|p2b: Incineroar|Will-O-Wisp|p1a: Walking Wake\n|-status|p1a: Walking Wake|brn\n|move|p2a: Lunala|Trick Room|p2a: Lunala\n|-fieldstart|move: Trick Room|[of] p2a: Lunala\n|\n|-weather|SunnyDay|[upkeep]\n|-damage|p1a: Walking Wake|94/100 brn|[from] brn\n|upkeep\n|turn|3\n|inactive|JakeNBake3D has 30 seconds left.\n|inactive|JakeNBake3D has 20 seconds left.\n|inactive|JakeNBake3D has 15 seconds left.\n|inactive|JakeNBake3D has 10 seconds left.\n|inactive|Mars002 has 30 seconds left.\n|\n|t:|1776777263\n|-end|p1a: Walking Wake|Protosynthesis|[silent]\n|switch|p1a: Calyrex|Calyrex-Ice, L50|100/100\n|-ability|p1a: Calyrex|As One\n|-ability|p1a: Calyrex|Unnerve\n|move|p2b: Incineroar|Will-O-Wisp|p1b: Groudon\n|-status|p1b: Groudon|brn\n|move|p1b: Groudon|Precipice Blades|p2b: Incineroar|[spread] p2a,p2b\n|-supereffective|p2b: Incineroar\n|-damage|p2a: Lunala|73/100\n|-damage|p2b: Incineroar|0 fnt\n|faint|p2b: Incineroar\n|move|p2a: Lunala|Moonblast|p1a: Calyrex\n|-damage|p1a: Calyrex|59/100\n|\n|-weather|SunnyDay|[upkeep]\n|-damage|p1b: Groudon|88/100 brn|[from] brn\n|upkeep\n|\n|t:|1776777282\n|switch|p2b: Ursaluna|Ursaluna, L50, M, shiny|100/100\n|turn|4\n|inactive|JakeNBake3D has 30 seconds left.\n|\n|t:|1776777308\n|-terastallize|p1a: Calyrex|Grass\n|move|p2a: Lunala|Wide Guard|p2a: Lunala\n|-singleturn|p2a: Lunala|Wide Guard\n|move|p2b: Ursaluna|Earthquake|p1b: Groudon|[spread] p1a,p1b\n|-activate|p2a: Lunala|move: Wide Guard\n|-resisted|p1a: Calyrex\n|-damage|p1a: Calyrex|46/100\n|-damage|p1b: Groudon|60/100 brn\n|move|p1b: Groudon|Heat Crash|p2a: Lunala\n|-damage|p2a: Lunala|56/100\n|move|p1a: Calyrex|Trick Room|p1a: Calyrex\n|-fieldend|move: Trick Room\n|\n|-weather|SunnyDay|[upkeep]\n|-damage|p1b: Groudon|55/100 brn|[from] brn\n|-status|p2b: Ursaluna|brn|[from] item: Flame Orb\n|upkeep\n|turn|5\n|\n|t:|1776777333\n|move|p2b: Ursaluna|Protect|p2b: Ursaluna\n|-singleturn|p2b: Ursaluna|Protect\n|move|p1b: Groudon|Precipice Blades|p2b: Ursaluna|[spread] p2a\n|-activate|p2b: Ursaluna|move: Protect\n|-damage|p2a: Lunala|43/100\n|move|p1a: Calyrex|Glacial Lance|p2a: Lunala|[spread] p2a\n|-activate|p2b: Ursaluna|move: Protect\n|-damage|p2a: Lunala|16/100\n|move|p2a: Lunala|Trick Room|p2a: Lunala\n|-fieldstart|move: Trick Room|[of] p2a: Lunala\n|\n|-weather|none\n|-damage|p2b: Ursaluna|95/100 brn|[from] brn\n|-damage|p1b: Groudon|49/100 brn|[from] brn\n|-fieldend|move: Electric Terrain\n|upkeep\n|turn|6\n|inactive|JakeNBake3D has 30 seconds left.\n|\n|t:|1776777361\n|move|p1a: Calyrex|Protect|p1a: Calyrex\n|-singleturn|p1a: Calyrex|Protect\n|move|p2b: Ursaluna|Facade|p1a: Calyrex\n|-activate|p1a: Calyrex|move: Protect\n|move|p1b: Groudon|Precipice Blades|p2b: Ursaluna|[spread] p2a,p2b\n|-crit|p2b: Ursaluna\n|-damage|p2a: Lunala|3/100\n|-damage|p2b: Ursaluna|66/100 brn\n|move|p2a: Lunala|Moonblast|p1b: Groudon\n|-damage|p1b: Groudon|17/100 brn\n|-unboost|p1b: Groudon|spa|1\n|\n|-damage|p2b: Ursaluna|60/100 brn|[from] brn\n|-damage|p1b: Groudon|11/100 brn|[from] brn\n|upkeep\n|turn|7\n|inactive|Mars002 has 30 seconds left.\n|inactive|JakeNBake3D has 30 seconds left.\n|\n|t:|1776777393\n|switch|p1a: Annihilape|Annihilape, L50, M|84/100\n|move|p2b: Ursaluna|Facade|p1a: Annihilape\n|-immune|p1a: Annihilape\n|move|p1b: Groudon|Heat Crash|p2a: Lunala\n|-damage|p2a: Lunala|0 fnt\n|faint|p2a: Lunala\n|\n|-damage|p2b: Ursaluna|54/100 brn|[from] brn\n|-damage|p1b: Groudon|5/100 brn|[from] brn\n|upkeep\n|\n|t:|1776777406\n|switch|p2a: Miraidon|Miraidon, L50|100/100\n|-fieldstart|move: Electric Terrain|[from] ability: Hadron Engine|[of] p2a: Miraidon\n|turn|8\n|\n|t:|1776777430\n|switch|p1b: Calyrex|Calyrex-Ice, L50, tera:Grass|46/100\n|-ability|p1b: Calyrex|As One\n|-ability|p1b: Calyrex|Unnerve\n|move|p2b: Ursaluna|Facade|p1b: Calyrex\n|-damage|p1b: Calyrex|0 fnt\n|faint|p1b: Calyrex\n|move|p2a: Miraidon|Electro Drift|p1a: Annihilape\n|-damage|p1a: Annihilape|0 fnt\n|faint|p1a: Annihilape\n|\n|-damage|p2b: Ursaluna|48/100 brn|[from] brn\n|upkeep\n|\n|t:|1776777446\n|switch|p1b: Groudon|Groudon, L50|5/100 brn\n|switch|p1a: Walking Wake|Walking Wake, L50|94/100 brn\n|-weather|SunnyDay|[from] ability: Drought|[of] p1b: Groudon\n|-activate|p1a: Walking Wake|ability: Protosynthesis\n|-start|p1a: Walking Wake|protosynthesisspe\n|turn|9\n|\n|t:|1776777465\n|move|p2b: Ursaluna|Facade|p1a: Walking Wake\n|-damage|p1a: Walking Wake|0 fnt\n|faint|p1a: Walking Wake\n|-end|p1a: Walking Wake|Protosynthesis|[silent]\n|move|p1b: Groudon|Precipice Blades|p2a: Miraidon|[spread] p2a,p2b\n|-supereffective|p2a: Miraidon\n|-damage|p2a: Miraidon|51/100\n|-damage|p2b: Ursaluna|28/100 brn\n|move|p2a: Miraidon|Snarl|p1b: Groudon\n|-crit|p1b: Groudon\n|-damage|p1b: Groudon|0 fnt\n|faint|p1b: Groudon\n|\n|win|JakeNBake3D\n|raw|Mars002's rating: 1418 &rarr; <strong>1403</strong><br />(-15 for losing)\n|raw|JakeNBake3D's rating: 1500 &rarr; <strong>1515</strong><br />(+15 for winning)\n|l|\u2606Mars002\n|player|p1|\n|l|\u2606JakeNBake3D\n|player|p2|\n","uploadtime":1776777616,"views":7,"formatid":"gen9vgc2026regi","rating":1403,"private":0,"password":null}