{"id":"gen9vgc2026regi-2548163377","format":"[Gen 9] VGC 2026 Reg I","players":["hdoot","fogdocker"],"log":"|j|\u2606hdoot\n|j|\u2606fogdocker\n|t:|1772179744\n|gametype|doubles\n|player|p1|hdoot|hiker-gen4|1289\n|player|p2|fogdocker|101|1432\n|gen|9\n|tier|[Gen 9] VGC 2026 Reg I\n|rated|\n|rule|Species Clause: Limit one of each Pok\u00e9mon\n|rule|Item Clause: Limit 1 of each item\n|clearpoke\n|poke|p1|Calyrex-Ice, L50|\n|poke|p1|Indeedee-F, L50, F|\n|poke|p1|Incineroar, L50, M|\n|poke|p1|Amoonguss, L50, M|\n|poke|p1|Dialga-Origin, L50|\n|poke|p1|Annihilape, L50, F|\n|poke|p2|Calyrex-Ice, L50|\n|poke|p2|Koraidon, L50|\n|poke|p2|Flutter Mane, L50|\n|poke|p2|Incineroar, L50, F|\n|poke|p2|Rillaboom, L50, F|\n|poke|p2|Volcarona, L50, M|\n|teampreview|4\n|\n|t:|1772179791\n|teamsize|p1|4\n|teamsize|p2|4\n|start\n|switch|p1a: Indeedee|Indeedee-F, L50, F|100/100\n|switch|p1b: Dialga|Dialga-Origin, L50, shiny|100/100\n|switch|p2a: Koraidon|Koraidon, L50|100/100\n|switch|p2b: Flutter Mane|Flutter Mane, L50|100/100\n|-weather|SunnyDay|[from] ability: Orichalcum Pulse|[of] p2a: Koraidon\n|-activate|p2b: Flutter Mane|ability: Protosynthesis\n|-start|p2b: Flutter Mane|protosynthesisspe\n|-activate|p2a: Koraidon|Orichalcum Pulse|[source]\n|-fieldstart|move: Psychic Terrain|[from] ability: Psychic Surge|[of] p1a: Indeedee\n|-enditem|p1a: Indeedee|Psychic Seed\n|-boost|p1a: Indeedee|spd|1|[from] item: Psychic Seed\n|turn|1\n|\n|t:|1772179822\n|move|p2a: Koraidon|Protect|p2a: Koraidon\n|-singleturn|p2a: Koraidon|Protect\n|move|p1a: Indeedee|Follow Me|p1a: Indeedee\n|-singleturn|p1a: Indeedee|move: Follow Me\n|move|p2b: Flutter Mane|Moonblast|p1a: Indeedee\n|-damage|p1a: Indeedee|70/100\n|-unboost|p1a: Indeedee|spa|1\n|move|p1b: Dialga|Trick Room|p1b: Dialga\n|-fieldstart|move: Trick Room|[of] p1b: Dialga\n|\n|-weather|SunnyDay|[upkeep]\n|upkeep\n|turn|2\n|\n|t:|1772179841\n|switch|p2a: Incineroar|Incineroar, L50, F|100/100\n|-ability|p2a: Incineroar|Intimidate|boost\n|-unboost|p1a: Indeedee|atk|1\n|-unboost|p1b: Dialga|atk|1\n|move|p2b: Flutter Mane|Protect|p2b: Flutter Mane\n|-singleturn|p2b: Flutter Mane|Protect\n|move|p1a: Indeedee|Psychic|p2a: Incineroar\n|-immune|p2a: Incineroar\n|move|p1b: Dialga|Draco Meteor|p2a: Incineroar\n|-damage|p2a: Incineroar|11/100\n|-unboost|p1b: Dialga|spa|2\n|\n|-weather|SunnyDay|[upkeep]\n|upkeep\n|turn|3\n|\n|t:|1772179864\n|move|p2a: Incineroar|Knock Off|p1b: Dialga\n|-damage|p1b: Dialga|82/100\n|move|p1a: Indeedee|Psychic|p2b: Flutter Mane\n|-damage|p2b: Flutter Mane|72/100\n|move|p1b: Dialga|Steel Beam|p2b: Flutter Mane\n|-supereffective|p2b: Flutter Mane\n|-damage|p2b: Flutter Mane|0 fnt\n|-damage|p1b: Dialga|31/100|[from] steelbeam\n|faint|p2b: Flutter Mane\n|-end|p2b: Flutter Mane|Protosynthesis|[silent]\n|\n|-weather|SunnyDay|[upkeep]\n|upkeep\n|\n|t:|1772179871\n|switch|p2b: Calyrex|Calyrex-Ice, L50|100/100\n|-ability|p2b: Calyrex|As One\n|-ability|p2b: Calyrex|Unnerve\n|turn|4\n|\n|t:|1772179886\n|switch|p1b: Calyrex|Calyrex-Ice, L50|100/100\n|-ability|p1b: Calyrex|As One\n|-ability|p1b: Calyrex|Unnerve\n|move|p1a: Indeedee|Follow Me|p1a: Indeedee\n|-singleturn|p1a: Indeedee|move: Follow Me\n|move|p2b: Calyrex|Glacial Lance|p1a: Indeedee|[spread] p1a,p1b\n|-resisted|p1b: Calyrex\n|-damage|p1a: Indeedee|24/100\n|-damage|p1b: Calyrex|86/100\n|move|p2a: Incineroar|Knock Off|p1a: Indeedee\n|-supereffective|p1a: Indeedee\n|-damage|p1a: Indeedee|0 fnt\n|faint|p1a: Indeedee\n|\n|-weather|SunnyDay|[upkeep]\n|upkeep\n|\n|t:|1772179900\n|switch|p1a: Amoonguss|Amoonguss, L50, M, shiny|100/100\n|turn|5\n|\n|t:|1772179906\n|move|p2b: Calyrex|Protect|p2b: Calyrex\n|-singleturn|p2b: Calyrex|Protect\n|move|p1a: Amoonguss|Spore|p2b: Calyrex\n|-activate|p2b: Calyrex|move: Protect\n|move|p1b: Calyrex|Glacial Lance|p2b: Calyrex|[spread] p2a\n|-activate|p2b: Calyrex|move: Protect\n|-resisted|p2a: Incineroar\n|-damage|p2a: Incineroar|0 fnt\n|faint|p2a: Incineroar\n|-ability|p1b: Calyrex|Chilling Neigh|boost\n|-boost|p1b: Calyrex|atk|1\n|\n|-weather|none\n|-fieldend|move: Trick Room\n|-fieldend|move: Psychic Terrain\n|upkeep\n|\n|t:|1772179908\n|switch|p2a: Koraidon|Koraidon, L50|100/100\n|-weather|SunnyDay|[from] ability: Orichalcum Pulse|[of] p2a: Koraidon\n|-activate|p2a: Koraidon|Orichalcum Pulse|[source]\n|turn|6\n|\n|t:|1772179918\n|-terastallize|p2a: Koraidon|Fire\n|-terastallize|p1a: Amoonguss|Water\n|move|p1a: Amoonguss|Rage Powder|p1a: Amoonguss\n|-singleturn|p1a: Amoonguss|move: Rage Powder\n|move|p2a: Koraidon|Flare Blitz|p1a: Amoonguss\n|-resisted|p1a: Amoonguss\n|-damage|p1a: Amoonguss|38/100\n|-damage|p2a: Koraidon|74/100|[from] Recoil\n|-damage|p2a: Koraidon|64/100|[from] item: Life Orb\n|move|p2b: Calyrex|Glacial Lance|p1b: Calyrex|[spread] p1a,p1b\n|-resisted|p1a: Amoonguss\n|-resisted|p1b: Calyrex\n|-damage|p1a: Amoonguss|20/100\n|-damage|p1b: Calyrex|73/100\n|move|p1b: Calyrex|Trick Room|p1b: Calyrex\n|-fieldstart|move: Trick Room|[of] p1b: Calyrex\n|\n|-weather|SunnyDay|[upkeep]\n|upkeep\n|turn|7\n|\n|t:|1772179935\n|move|p2a: Koraidon|Protect|p2a: Koraidon\n|-singleturn|p2a: Koraidon|Protect\n|move|p1a: Amoonguss|Spore|p2b: Calyrex\n|-status|p2b: Calyrex|slp|[from] move: Spore\n|cant|p2b: Calyrex|slp\n|move|p1b: Calyrex|High Horsepower|p2a: Koraidon\n|-activate|p2a: Koraidon|move: Protect\n|\n|-weather|SunnyDay|[upkeep]\n|upkeep\n|turn|8\n|\n|t:|1772179946\n|move|p1a: Amoonguss|Pollen Puff|p1b: Calyrex\n|-heal|p1b: Calyrex|100/100\n|move|p1b: Calyrex|High Horsepower|p2a: Koraidon\n|-supereffective|p2a: Koraidon\n|-damage|p2a: Koraidon|0 fnt\n|faint|p2a: Koraidon\n|-ability|p1b: Calyrex|Chilling Neigh|boost\n|-boost|p1b: Calyrex|atk|1\n|cant|p2b: Calyrex|slp\n|\n|-weather|SunnyDay|[upkeep]\n|upkeep\n|turn|9\n|\n|t:|1772179955\n|move|p1a: Amoonguss|Sludge Bomb|p2b: Calyrex\n|-damage|p2b: Calyrex|85/100 slp\n|cant|p2b: Calyrex|slp\n|move|p1b: Calyrex|Glacial Lance|p2b: Calyrex\n|-resisted|p2b: Calyrex\n|-damage|p2b: Calyrex|42/100 slp\n|\n|-weather|SunnyDay|[upkeep]\n|-heal|p2b: Calyrex|48/100 slp|[from] item: Leftovers\n|upkeep\n|turn|10\n|\n|t:|1772179963\n|move|p1a: Amoonguss|Sludge Bomb|p2b: Calyrex\n|-damage|p2b: Calyrex|32/100 slp\n|move|p1b: Calyrex|Glacial Lance|p2b: Calyrex\n|-resisted|p2b: Calyrex\n|-damage|p2b: Calyrex|0 fnt\n|-enditem|p1a: Amoonguss|Sitrus Berry|[eat]\n|-heal|p1a: Amoonguss|44/100|[from] item: Sitrus Berry\n|faint|p2b: Calyrex\n|\n|win|hdoot\n|raw|hdoot's rating: 1289 &rarr; <strong>1324</strong><br />(+35 for winning)\n|raw|fogdocker's rating: 1432 &rarr; <strong>1404</strong><br />(-28 for losing)\n|l|\u2606fogdocker\n|player|p2|\n|l|\u2606hdoot\n|player|p1|\n","uploadtime":1772180211,"views":9,"formatid":"gen9vgc2026regi","rating":1324,"private":0,"password":null}