{"id":"gen9vgc2026regi-2568734598","format":"[Gen 9] VGC 2026 Reg I","players":["Binky11","kilothegreat"],"log":"|j|\u2606Binky11\n|j|\u2606kilothegreat\n|t:|1774618574\n|gametype|doubles\n|player|p1|Binky11|miku-ice|1440\n|player|p2|kilothegreat|265|1477\n|gen|9\n|tier|[Gen 9] VGC 2026 Reg I\n|rated|\n|rule|Species Clause: Limit one of each Pok\u00e9mon\n|rule|Item Clause: Limit 1 of each item\n|clearpoke\n|poke|p1|Kyogre, L50|\n|poke|p1|Necrozma-Dusk-Mane, L50|\n|poke|p1|Amoonguss, L50, M|\n|poke|p1|Iron Jugulis, L50|\n|poke|p1|Raging Bolt, L50|\n|poke|p1|Urshifu-*, L50, F|\n|poke|p2|Miraidon, L50|\n|poke|p2|Calyrex-Ice, L50|\n|poke|p2|Incineroar, L50, F|\n|poke|p2|Amoonguss, L50, F|\n|poke|p2|Landorus, L50, M|\n|poke|p2|Urshifu-*, L50, M|\n|teampreview|4\n|\n|t:|1774618607\n|teamsize|p1|4\n|teamsize|p2|4\n|start\n|switch|p1a: Kyogre|Kyogre, L50|100/100\n|switch|p1b: Iron Jugulis|Iron Jugulis, L50|100/100\n|switch|p2a: Miraidon|Miraidon, L50|100/100\n|switch|p2b: Incineroar|Incineroar, L50, F|100/100\n|-fieldstart|move: Electric Terrain|[from] ability: Hadron Engine|[of] p2a: Miraidon\n|-activate|p1b: Iron Jugulis|ability: Quark Drive\n|-start|p1b: Iron Jugulis|quarkdrivespe\n|-weather|RainDance|[from] ability: Drizzle|[of] p1a: Kyogre\n|-ability|p2b: Incineroar|Intimidate|boost\n|-unboost|p1a: Kyogre|atk|1\n|-unboost|p1b: Iron Jugulis|atk|1\n|turn|1\n|\n|t:|1774618620\n|move|p1b: Iron Jugulis|Protect|p1b: Iron Jugulis\n|-singleturn|p1b: Iron Jugulis|Protect\n|move|p1a: Kyogre|Protect|p1a: Kyogre\n|-singleturn|p1a: Kyogre|Protect\n|move|p2b: Incineroar|Fake Out|p1a: Kyogre\n|-activate|p1a: Kyogre|move: Protect\n|move|p2a: Miraidon|Volt Switch|p1b: Iron Jugulis\n|-activate|p1b: Iron Jugulis|move: Protect\n|\n|-weather|RainDance|[upkeep]\n|upkeep\n|turn|2\n|\n|t:|1774618631\n|-terastallize|p2b: Incineroar|Bug\n|move|p2a: Miraidon|Volt Switch|p1a: Kyogre\n|-supereffective|p1a: Kyogre\n|-damage|p1a: Kyogre|22/100\n|\n|t:|1774618637\n|switch|p2a: Urshifu|Urshifu-Rapid-Strike, L50, M|100/100|[from] Volt Switch\n|move|p1b: Iron Jugulis|Tailwind|p1b: Iron Jugulis\n|-sidestart|p1: Binky11|move: Tailwind\n|move|p1a: Kyogre|Water Spout|p2a: Urshifu|[spread] p2a,p2b\n|-resisted|p2a: Urshifu\n|-damage|p2a: Urshifu|81/100\n|-damage|p2b: Incineroar|84/100\n|move|p2b: Incineroar|Knock Off|p1a: Kyogre\n|-damage|p1a: Kyogre|0 fnt\n|-enditem|p1a: Kyogre|Mystic Water|[from] move: Knock Off|[of] p2b: Incineroar\n|faint|p1a: Kyogre\n|\n|-weather|RainDance|[upkeep]\n|upkeep\n|\n|t:|1774618649\n|switch|p1a: Urshifu|Urshifu-Rapid-Strike, L50, F|100/100\n|turn|3\n|\n|t:|1774618679\n|switch|p2b: Calyrex|Calyrex-Ice, L50|100/100\n|-ability|p2b: Calyrex|As One\n|-ability|p2b: Calyrex|Unnerve\n|move|p1b: Iron Jugulis|Hurricane|p2a: Urshifu\n|-supereffective|p2a: Urshifu\n|-damage|p2a: Urshifu|0 fnt\n|faint|p2a: Urshifu\n|move|p1a: Urshifu|Surging Strikes|p2b: Calyrex\n|-crit|p2b: Calyrex\n|-damage|p2b: Calyrex|76/100\n|-crit|p2b: Calyrex\n|-damage|p2b: Calyrex|53/100\n|-crit|p2b: Calyrex\n|-damage|p2b: Calyrex|28/100\n|-hitcount|p2b: Calyrex|3\n|\n|-weather|RainDance|[upkeep]\n|-heal|p2b: Calyrex|33/100|[from] item: Leftovers\n|upkeep\n|\n|t:|1774618681\n|switch|p2a: Incineroar|Incineroar, L50, F, tera:Bug|84/100\n|-ability|p2a: Incineroar|Intimidate|boost\n|-unboost|p1a: Urshifu|atk|1\n|-unboost|p1b: Iron Jugulis|atk|1\n|turn|4\n|\n|t:|1774618698\n|switch|p2b: Miraidon|Miraidon, L50|100/100\n|-activate|p2b: Miraidon|ability: Hadron Engine\n|-terastallize|p1b: Iron Jugulis|Steel\n|move|p2a: Incineroar|Fake Out|p1a: Urshifu\n|-damage|p1a: Urshifu|87/100\n|move|p1b: Iron Jugulis|Hurricane|p2b: Miraidon\n|-resisted|p2b: Miraidon\n|-damage|p2b: Miraidon|83/100\n|cant|p1a: Urshifu|flinch\n|\n|-weather|RainDance|[upkeep]\n|upkeep\n|turn|5\n|\n|t:|1774618746\n|switch|p2a: Calyrex|Calyrex-Ice, L50|33/100\n|-ability|p2a: Calyrex|As One\n|-ability|p2a: Calyrex|Unnerve\n|move|p1b: Iron Jugulis|Hurricane|p2a: Calyrex\n|-damage|p2a: Calyrex|5/100\n|move|p1a: Urshifu|Surging Strikes|p2b: Miraidon\n|-resisted|p2b: Miraidon\n|-crit|p2b: Miraidon\n|-damage|p2b: Miraidon|64/100\n|-resisted|p2b: Miraidon\n|-crit|p2b: Miraidon\n|-damage|p2b: Miraidon|45/100\n|-resisted|p2b: Miraidon\n|-crit|p2b: Miraidon\n|-damage|p2b: Miraidon|27/100\n|-hitcount|p2b: Miraidon|3\n|move|p2b: Miraidon|Volt Switch|p1a: Urshifu\n|-supereffective|p1a: Urshifu\n|-damage|p1a: Urshifu|0 fnt\n|faint|p1a: Urshifu\n|\n|t:|1774618756\n|switch|p2b: Incineroar|Incineroar, L50, F, tera:Bug|84/100|[from] Volt Switch\n|-ability|p2b: Incineroar|Intimidate|boost\n|-unboost|p1b: Iron Jugulis|atk|1\n|\n|-weather|none\n|-heal|p2a: Calyrex|11/100|[from] item: Leftovers\n|-sideend|p1: Binky11|move: Tailwind\n|-fieldend|move: Electric Terrain\n|-end|p1b: Iron Jugulis|Quark Drive\n|upkeep\n|-enditem|p1b: Iron Jugulis|Booster Energy\n|-activate|p1b: Iron Jugulis|ability: Quark Drive|[fromitem]\n|-start|p1b: Iron Jugulis|quarkdrivespe\n|\n|t:|1774618763\n|switch|p1a: Necrozma|Necrozma-Dusk-Mane, L50|100/100\n|turn|6\n|\n|t:|1774618791\n|switch|p2b: Miraidon|Miraidon, L50|27/100\n|-fieldstart|move: Electric Terrain|[from] ability: Hadron Engine|[of] p2b: Miraidon\n|move|p2a: Calyrex|Protect|p2a: Calyrex\n|-singleturn|p2a: Calyrex|Protect\n|move|p1b: Iron Jugulis|Hurricane|p2a: Calyrex\n|-activate|p2a: Calyrex|move: Protect\n|move|p1a: Necrozma|Sunsteel Strike|p2a: Calyrex\n|-activate|p2a: Calyrex|move: Protect\n|\n|-heal|p2a: Calyrex|17/100|[from] item: Leftovers\n|upkeep\n|turn|7\n|\n|t:|1774618812\n|switch|p2a: Incineroar|Incineroar, L50, F, tera:Bug|84/100\n|-ability|p2a: Incineroar|Intimidate|boost\n|-fail|p1a: Necrozma|unboost|[from] item: Clear Amulet|[of] p1a: Necrozma\n|-unboost|p1b: Iron Jugulis|atk|1\n|move|p2b: Miraidon|Electro Drift|p1a: Necrozma\n|-damage|p1a: Necrozma|31/100\n|move|p1b: Iron Jugulis|Hurricane|p2a: Incineroar\n|-supereffective|p2a: Incineroar\n|-damage|p2a: Incineroar|33/100\n|-start|p2a: Incineroar|confusion\n|move|p1a: Necrozma|Photon Geyser|p2b: Miraidon\n|-damage|p2b: Miraidon|0 fnt\n|faint|p2b: Miraidon\n|\n|upkeep\n|\n|t:|1774618840\n|switch|p2b: Calyrex|Calyrex-Ice, L50|17/100\n|-ability|p2b: Calyrex|As One\n|-ability|p2b: Calyrex|Unnerve\n|turn|8\n|inactive|Battle timer is ON: inactive players will automatically lose when time's up. (requested by Binky11)\n|inactive|kilothegreat has 60 seconds left.\n|\n|t:|1774618886\n|move|p2b: Calyrex|Protect|p2b: Calyrex\n|-singleturn|p2b: Calyrex|Protect\n|move|p1b: Iron Jugulis|Hurricane|p2a: Incineroar|[miss]\n|-miss|p1b: Iron Jugulis|p2a: Incineroar\n|move|p1a: Necrozma|Sunsteel Strike|p2a: Incineroar\n|-damage|p2a: Incineroar|0 fnt\n|faint|p2a: Incineroar\n|\n|-heal|p2b: Calyrex|23/100|[from] item: Leftovers\n|upkeep\n|turn|9\n|-message|kilothegreat forfeited.\n|\n|win|Binky11\n|raw|Binky11's rating: 1440 &rarr; <strong>1462</strong><br />(+22 for winning)\n|raw|kilothegreat's rating: 1477 &rarr; <strong>1455</strong><br />(-22 for losing)\n|l|\u2606kilothegreat\n|player|p2|\n|j| Dreamy Doremy\n|l|\u2606Binky11\n|player|p1|\n","uploadtime":1774619041,"views":17,"formatid":"gen9vgc2026regi","rating":1455,"private":0,"password":null}