{"id":"gen9vgc2026regi-2530394179","format":"[Gen 9] VGC 2026 Reg I","players":["lalo's pollos","shawwing"],"log":"|j|\u2606lalo's pollos\n|j|\u2606shawwing\n|t:|1769911297\n|gametype|doubles\n|player|p1|lalo's pollos|169|1444\n|player|p2|shawwing|cynthia|1433\n|gen|9\n|tier|[Gen 9] VGC 2026 Reg I\n|rated|\n|rule|Species Clause: Limit one of each Pok\u00e9mon\n|rule|Item Clause: Limit 1 of each item\n|clearpoke\n|poke|p1|Miraidon, L50|\n|poke|p1|Landorus, L50, M|\n|poke|p1|Incineroar, L50, F|\n|poke|p1|Iron Bundle, L50|\n|poke|p1|Farigiraf, L50, M|\n|poke|p1|Calyrex-Ice, L50|\n|poke|p2|Urshifu-*, L50, M|\n|poke|p2|Incineroar, L50, F|\n|poke|p2|Volcarona, L50, M|\n|poke|p2|Whimsicott, L50, M|\n|poke|p2|Calyrex-Ice, L50|\n|poke|p2|Miraidon, L50|\n|teampreview|4\n|inactive|Battle timer is ON: inactive players will automatically lose when time's up. (requested by shawwing)\n|\n|t:|1769911314\n|teamsize|p1|4\n|teamsize|p2|4\n|start\n|switch|p1a: Co-Star|Miraidon, L50|100/100\n|switch|p1b: the Manager|Farigiraf, L50, M|100/100\n|switch|p2a: Miraidon|Miraidon, L50, shiny|100/100\n|switch|p2b: Whimsicott|Whimsicott, L50, M|100/100\n|-fieldstart|move: Electric Terrain|[from] ability: Hadron Engine|[of] p1a: Co-Star\n|-activate|p2a: Miraidon|ability: Hadron Engine\n|turn|1\n|\n|t:|1769911325\n|move|p2b: Whimsicott|Light Screen|p2b: Whimsicott\n|-sidestart|p2: shawwing|move: Light Screen\n|move|p1a: Co-Star|Dazzling Gleam|p2a: Miraidon|[spread] p2a,p2b\n|-supereffective|p2a: Miraidon\n|-damage|p2a: Miraidon|54/100\n|-damage|p2b: Whimsicott|68/100\n|move|p2a: Miraidon|Snarl|p1a: Co-Star|[spread] p1a,p1b\n|-supereffective|p1b: the Manager\n|-damage|p1a: Co-Star|81/100\n|-damage|p1b: the Manager|68/100\n|-unboost|p1a: Co-Star|spa|1\n|-unboost|p1b: the Manager|spa|1\n|move|p1b: the Manager|Trick Room|p1b: the Manager\n|-fieldstart|move: Trick Room|[of] p1b: the Manager\n|\n|upkeep\n|turn|2\n|\n|t:|1769911346\n|move|p1b: the Manager|Psychic|p2b: Whimsicott\n|-damage|p2b: Whimsicott|50/100\n|move|p2a: Miraidon|Volt Switch|p1a: Co-Star\n|-resisted|p1a: Co-Star\n|-damage|p1a: Co-Star|65/100\n|\n|t:|1769911354\n|switch|p2a: Calyrex|Calyrex-Ice, L50|100/100|[from] Volt Switch\n|-ability|p2a: Calyrex|As One\n|-ability|p2a: Calyrex|Unnerve\n|move|p2b: Whimsicott|Endeavor|p1a: Co-Star\n|-damage|p1a: Co-Star|43/100\n|move|p1a: Co-Star|Dazzling Gleam|p2a: Calyrex|[spread] p2a,p2b\n|-damage|p2a: Calyrex|87/100\n|-damage|p2b: Whimsicott|30/100\n|\n|upkeep\n|turn|3\n|\n|t:|1769911373\n|move|p2a: Calyrex|Glacial Lance|p1b: the Manager|[spread] p1a,p1b\n|-supereffective|p1a: Co-Star\n|-damage|p1a: Co-Star|0 fnt\n|-damage|p1b: the Manager|12/100\n|faint|p1a: Co-Star\n|-ability|p2a: Calyrex|Chilling Neigh|boost\n|-boost|p2a: Calyrex|atk|1\n|move|p1b: the Manager|Foul Play|p2a: Calyrex\n|-supereffective|p2a: Calyrex\n|-damage|p2a: Calyrex|12/100\n|move|p2b: Whimsicott|Endeavor|p1b: the Manager\n|-immune|p1b: the Manager\n|\n|upkeep\n|\n|t:|1769911384\n|switch|p1a: Calyrex|Calyrex-Ice, L50|100/100\n|-ability|p1a: Calyrex|As One\n|-ability|p1a: Calyrex|Unnerve\n|turn|4\n|\n|t:|1769911390\n|switch|p2b: Incineroar|Incineroar, L50, F, shiny|100/100\n|-ability|p2b: Incineroar|Intimidate|boost\n|-fail|p1a: Calyrex|unboost|[from] item: Clear Amulet|[of] p1a: Calyrex\n|-unboost|p1b: the Manager|atk|1\n|move|p1b: the Manager|Helping Hand|p1a: Calyrex\n|-singleturn|p1a: Calyrex|Helping Hand|[of] p1b: the Manager\n|move|p2a: Calyrex|Protect|p2a: Calyrex\n|-singleturn|p2a: Calyrex|Protect\n|move|p1a: Calyrex|Glacial Lance|p2a: Calyrex|[spread] p2b\n|-activate|p2a: Calyrex|move: Protect\n|-resisted|p2b: Incineroar\n|-damage|p2b: Incineroar|63/100\n|\n|upkeep\n|turn|5\n|\n|t:|1769911403\n|move|p1b: the Manager|Helping Hand|p1a: Calyrex\n|-singleturn|p1a: Calyrex|Helping Hand|[of] p1b: the Manager\n|move|p1a: Calyrex|High Horsepower|p2b: Incineroar\n|-supereffective|p2b: Incineroar\n|-damage|p2b: Incineroar|0 fnt\n|faint|p2b: Incineroar\n|-ability|p1a: Calyrex|Chilling Neigh|boost\n|-boost|p1a: Calyrex|atk|1\n|move|p2a: Calyrex|Glacial Lance|p1a: Calyrex|[spread] p1a,p1b\n|-resisted|p1a: Calyrex\n|-damage|p1a: Calyrex|73/100\n|-damage|p1b: the Manager|0 fnt\n|faint|p1b: the Manager\n|-ability|p2a: Calyrex|Chilling Neigh|boost\n|-boost|p2a: Calyrex|atk|1\n|\n|-sideend|p2: shawwing|move: Light Screen\n|-fieldend|move: Trick Room\n|-fieldend|move: Electric Terrain\n|upkeep\n|\n|t:|1769911411\n|switch|p2b: Miraidon|Miraidon, L50, shiny|54/100\n|switch|p1b: Incineroar|Incineroar, L50, F|100/100\n|-fieldstart|move: Electric Terrain|[from] ability: Hadron Engine|[of] p2b: Miraidon\n|-ability|p1b: Incineroar|Intimidate|boost\n|-fail|p2a: Calyrex|unboost|[from] item: Clear Amulet|[of] p2a: Calyrex\n|-unboost|p2b: Miraidon|atk|1\n|turn|6\n|\n|t:|1769911418\n|-terastallize|p2b: Miraidon|Electric\n|move|p2a: Calyrex|Protect|p2a: Calyrex\n|-singleturn|p2a: Calyrex|Protect\n|move|p1b: Incineroar|Fake Out|p2a: Calyrex\n|-activate|p2a: Calyrex|move: Protect\n|move|p2b: Miraidon|Electro Drift|p1a: Calyrex\n|-damage|p1a: Calyrex|0 fnt\n|faint|p1a: Calyrex\n|\n|upkeep\n|turn|7\n|c|\u2606lalo's pollos|ik its cloak\n|\n|t:|1769911431\n|move|p2b: Miraidon|Electro Drift|p1b: Incineroar\n|-damage|p1b: Incineroar|10/100\n|move|p2a: Calyrex|High Horsepower|p1b: Incineroar|[miss]\n|-miss|p2a: Calyrex|p1b: Incineroar\n|move|p1b: Incineroar|Flare Blitz|p2b: Miraidon\n|-damage|p2b: Miraidon|8/100\n|-damage|p1b: Incineroar|0 fnt|[from] Recoil\n|faint|p1b: Incineroar\n|\n|win|shawwing\n|raw|lalo&apos;s pollos's rating: 1444 &rarr; <strong>1423</strong><br />(-21 for losing)\n|raw|shawwing's rating: 1433 &rarr; <strong>1454</strong><br />(+21 for winning)\n|c|\u2606lalo's pollos|or was it scaarf?\n|c|\u2606shawwing|cloak\n|c|\u2606lalo's pollos|yup\n|c|\u2606lalo's pollos|gg\n|l|\u2606shawwing\n|player|p2|\n","uploadtime":1769911617,"views":15,"formatid":"gen9vgc2026regi","rating":1423,"private":0,"password":null}