{"id":"gen9vgc2026regi-2518363590","format":"[Gen 9] VGC 2026 Reg I","players":["darkest_contender","kojimuranishi"],"log":"|j|\u2606darkest_contender\n|j|\u2606kojimuranishi\n|t:|1768377375\n|gametype|doubles\n|player|p1|darkest_contender|n|1284\n|player|p2|kojimuranishi|1|1391\n|gen|9\n|tier|[Gen 9] VGC 2026 Reg I\n|rated|\n|rule|Species Clause: Limit one of each Pok\u00e9mon\n|rule|Item Clause: Limit 1 of each item\n|clearpoke\n|poke|p1|Calyrex-Shadow, L50|\n|poke|p1|Zamazenta-*, L50|\n|poke|p1|Ogerpon-Cornerstone, L50, F|\n|poke|p1|Flutter Mane, L50|\n|poke|p1|Whimsicott, L50, F|\n|poke|p1|Torkoal, L50, M|\n|poke|p2|Zamazenta-*, L50|\n|poke|p2|Lunala, L50|\n|poke|p2|Chien-Pao, L50|\n|poke|p2|Dragonite, L50, M|\n|poke|p2|Chi-Yu, L50|\n|poke|p2|Urshifu-*, L50, F|\n|teampreview|4\n|inactive|Battle timer is ON: inactive players will automatically lose when time's up. (requested by darkest_contender)\n|inactive|kojimuranishi has 60 seconds left.\n|\n|t:|1768377418\n|teamsize|p1|4\n|teamsize|p2|4\n|start\n|switch|p1a: Calyrex|Calyrex-Shadow, L50|100/100\n|switch|p1b: Flutter Mane|Flutter Mane, L50|100/100\n|switch|p2a: Zamazenta|Zamazenta-Crowned, L50|100/100\n|switch|p2b: Lunala|Lunala, L50|100/100\n|-ability|p1a: Calyrex|As One\n|-ability|p1a: Calyrex|Unnerve\n|-ability|p2a: Zamazenta|Dauntless Shield|boost\n|-boost|p2a: Zamazenta|def|1\n|-enditem|p1b: Flutter Mane|Booster Energy\n|-activate|p1b: Flutter Mane|ability: Protosynthesis|[fromitem]\n|-start|p1b: Flutter Mane|protosynthesisspe\n|turn|1\n|\n|t:|1768377438\n|move|p1b: Flutter Mane|Moonblast|p2a: Zamazenta\n|-damage|p2a: Zamazenta|67/100\n|move|p1a: Calyrex|Dark Pulse|p2b: Lunala\n|-supereffective|p2b: Lunala\n|-damage|p2b: Lunala|61/100\n|move|p2a: Zamazenta|Behemoth Bash|p1a: Calyrex\n|-damage|p1a: Calyrex|51/100\n|cant|p2b: Lunala|flinch\n|\n|upkeep\n|turn|2\n|inactive|kojimuranishi has 30 seconds left.\n|inactive|kojimuranishi has 20 seconds left.\n|inactive|kojimuranishi has 15 seconds left.\n|\n|t:|1768377479\n|switch|p2b: Chien-Pao|Chien-Pao, L50|100/100\n|-ability|p2b: Chien-Pao|Sword of Ruin\n|move|p1b: Flutter Mane|Moonblast|p2a: Zamazenta\n|-damage|p2a: Zamazenta|34/100\n|move|p1a: Calyrex|Dark Pulse|p2b: Chien-Pao\n|-resisted|p2b: Chien-Pao\n|-damage|p2b: Chien-Pao|74/100\n|move|p2a: Zamazenta|Behemoth Bash|p1b: Flutter Mane\n|-supereffective|p1b: Flutter Mane\n|-crit|p1b: Flutter Mane\n|-damage|p1b: Flutter Mane|0 fnt\n|faint|p1b: Flutter Mane\n|-end|p1b: Flutter Mane|Protosynthesis|[silent]\n|\n|upkeep\n|\n|t:|1768377495\n|switch|p1b: Ogerpon|Ogerpon-Cornerstone, L50, F|100/100\n|turn|3\n|\n|t:|1768377519\n|move|p1b: Ogerpon|Follow Me|p1b: Ogerpon\n|-singleturn|p1b: Ogerpon|move: Follow Me\n|move|p1a: Calyrex|Astral Barrage|p2b: Chien-Pao|[spread] p2a,p2b\n|-resisted|p2b: Chien-Pao\n|-damage|p2a: Zamazenta|0 fnt\n|-damage|p2b: Chien-Pao|25/100\n|faint|p2a: Zamazenta\n|-ability|p1a: Calyrex|Grim Neigh|boost\n|-boost|p1a: Calyrex|spa|1\n|move|p2b: Chien-Pao|Ice Spinner|p1b: Ogerpon\n|-supereffective|p1b: Ogerpon\n|-ability|p1b: Ogerpon|Sturdy\n|-damage|p1b: Ogerpon|1/100\n|-damage|p2b: Chien-Pao|16/100|[from] item: Life Orb\n|\n|upkeep\n|\n|t:|1768377534\n|switch|p2a: Chi-Yu|Chi-Yu, L50|100/100\n|-ability|p2a: Chi-Yu|Beads of Ruin\n|turn|4\n|\n|t:|1768377547\n|move|p1a: Calyrex|Protect|p1a: Calyrex\n|-singleturn|p1a: Calyrex|Protect\n|move|p2a: Chi-Yu|Heat Wave|p1a: Calyrex|[spread] p1b\n|-activate|p1a: Calyrex|move: Protect\n|-damage|p1b: Ogerpon|0 fnt\n|faint|p1b: Ogerpon\n|move|p2b: Chien-Pao|Sacred Sword|p1a: Calyrex\n|-activate|p1a: Calyrex|move: Protect\n|\n|upkeep\n|\n|t:|1768377552\n|switch|p1b: Zamazenta|Zamazenta-Crowned, L50|100/100\n|-ability|p1b: Zamazenta|Dauntless Shield|boost\n|-boost|p1b: Zamazenta|def|1\n|turn|5\n|\n|t:|1768377570\n|-terastallize|p1b: Zamazenta|Dragon\n|move|p1b: Zamazenta|Wide Guard|p1b: Zamazenta\n|-singleturn|p1b: Zamazenta|Wide Guard\n|move|p2b: Chien-Pao|Sucker Punch|p1a: Calyrex\n|-supereffective|p1a: Calyrex\n|-damage|p1a: Calyrex|0 fnt\n|faint|p1a: Calyrex\n|-damage|p2b: Chien-Pao|6/100|[from] item: Life Orb\n|move|p2a: Chi-Yu|Heat Wave|p1b: Zamazenta\n|-activate|p1b: Zamazenta|move: Wide Guard\n|\n|upkeep\n|turn|6\n|\n|t:|1768377586\n|switch|p2a: Lunala|Lunala, L50|61/100\n|move|p2b: Chien-Pao|Ice Spinner|p1b: Zamazenta\n|-supereffective|p1b: Zamazenta\n|-damage|p1b: Zamazenta|42/100\n|-damage|p2b: Chien-Pao|0 fnt|[from] item: Life Orb\n|faint|p2b: Chien-Pao\n|move|p1b: Zamazenta|Body Press|p2a: Lunala\n|-immune|p2a: Lunala\n|\n|upkeep\n|\n|t:|1768377597\n|switch|p2b: Chi-Yu|Chi-Yu, L50|100/100\n|-ability|p2b: Chi-Yu|Beads of Ruin\n|turn|7\n|\n|t:|1768377611\n|-terastallize|p2b: Chi-Yu|Ghost\n|move|p2b: Chi-Yu|Dark Pulse|p1b: Zamazenta\n|-damage|p1b: Zamazenta|0 fnt\n|faint|p1b: Zamazenta\n|\n|win|kojimuranishi\n|raw|darkest_contender's rating: 1284 &rarr; <strong>1266</strong><br />(-18 for losing)\n|raw|kojimuranishi's rating: 1391 &rarr; <strong>1405</strong><br />(+14 for winning)\n|l|\u2606darkest_contender\n|player|p1|\n|l|\u2606kojimuranishi\n|player|p2|\n|j|\u2606kojimuranishi\n|player|p2|kojimuranishi|1|\n|l|\u2606kojimuranishi\n|player|p2|\n","uploadtime":1768377786,"views":13,"formatid":"gen9vgc2026regi","rating":1266,"private":0,"password":null}