{"id":"gen9vgc2026regi-2513867126","format":"[Gen 9] VGC 2026 Reg I","players":["blackred123\u6c38\u96cf\u5854\u83f2\u4fa0","tonymacx86"],"log":"|j|\u2606blackred123\u6c38\u96cf\u5854\u83f2\u4fa0\n|j|\u2606tonymacx86\n|t:|1767794428\n|gametype|doubles\n|player|p1|blackred123\u6c38\u96cf\u5854\u83f2\u4fa0|iono-masters|1179\n|player|p2|tonymacx86|1|1104\n|gen|9\n|tier|[Gen 9] VGC 2026 Reg I\n|rated|\n|rule|Species Clause: Limit one of each Pok\u00e9mon\n|rule|Item Clause: Limit 1 of each item\n|clearpoke\n|poke|p1|Calyrex-Shadow, L50|\n|poke|p1|Zamazenta-*, L50|\n|poke|p1|Chien-Pao, L50|\n|poke|p1|Dragonite, L50, M|\n|poke|p1|Amoonguss, L50, F|\n|poke|p1|Ogerpon-Cornerstone, L50, F|\n|poke|p2|Iron Bundle, L50|\n|poke|p2|Ninetales-Alola, L50, M|\n|poke|p2|Ursaluna, L50, F|\n|poke|p2|Miraidon, L50|\n|poke|p2|Incineroar, L50, F|\n|poke|p2|Kingambit, L50, M|\n|teampreview|4\n|inactive|Battle timer is ON: inactive players will automatically lose when time's up. (requested by blackred123\u6c38\u96cf\u5854\u83f2\u4fa0)\n|inactive|blackred123\u6c38\u96cf\u5854\u83f2\u4fa0 has 60 seconds left.\n|inactive|tonymacx86 has 60 seconds left.\n|\n|t:|1767794470\n|teamsize|p1|4\n|teamsize|p2|4\n|start\n|switch|p1a: Chien-Pao|Chien-Pao, L50|100/100\n|switch|p1b: Dragonite|Dragonite, L50, M|100/100\n|switch|p2a: Ninetales|Ninetales-Alola, L50, M|100/100\n|switch|p2b: cat|Incineroar, L50, F|100/100\n|-ability|p1a: Chien-Pao|Sword of Ruin\n|-weather|Snowscape|[from] ability: Snow Warning|[of] p2a: Ninetales\n|-ability|p2b: cat|Intimidate|boost\n|-unboost|p1a: Chien-Pao|atk|1\n|-fail|p1b: Dragonite|unboost|Attack|[from] ability: Inner Focus|[of] p1b: Dragonite\n|turn|1\n|\n|t:|1767794494\n|move|p2b: cat|Fake Out|p1b: Dragonite\n|-damage|p1b: Dragonite|86/100\n|move|p1b: Dragonite|Extreme Speed|p2a: Ninetales\n|-damage|p2a: Ninetales|36/100\n|move|p1a: Chien-Pao|Ruination|p2a: Ninetales\n|-damage|p2a: Ninetales|19/100\n|move|p2a: Ninetales|Aurora Veil|p2a: Ninetales\n|-sidestart|p2: tonymacx86|move: Aurora Veil\n|\n|-weather|Snowscape|[upkeep]\n|upkeep\n|turn|2\n|\n|t:|1767794511\n|move|p1b: Dragonite|Extreme Speed|p2a: Ninetales\n|-damage|p2a: Ninetales|0 fnt\n|faint|p2a: Ninetales\n|move|p1a: Chien-Pao|Ruination|p2b: cat\n|-damage|p2b: cat|51/100\n|move|p2b: cat|Flare Blitz|p1a: Chien-Pao\n|-supereffective|p1a: Chien-Pao\n|-damage|p1a: Chien-Pao|23/100\n|-status|p1a: Chien-Pao|brn\n|-damage|p2b: cat|24/100|[from] Recoil\n|\n|-weather|Snowscape|[upkeep]\n|-damage|p1a: Chien-Pao|18/100 brn|[from] brn\n|upkeep\n|\n|t:|1767794525\n|switch|p2a: Miraidon|Miraidon, L50|100/100\n|-fieldstart|move: Electric Terrain|[from] ability: Hadron Engine|[of] p2a: Miraidon\n|turn|3\n|\n|t:|1767794543\n|-terastallize|p2a: Miraidon|Electric\n|-terastallize|p1b: Dragonite|Normal\n|move|p1b: Dragonite|Extreme Speed|p2a: Miraidon\n|-damage|p2a: Miraidon|31/100\n|move|p1a: Chien-Pao|Ice Shard|p2a: Miraidon\n|-damage|p2a: Miraidon|26/100\n|move|p2a: Miraidon|Electro Drift|p1b: Dragonite\n|-damage|p1b: Dragonite|0 fnt\n|faint|p1b: Dragonite\n|-damage|p2a: Miraidon|16/100|[from] item: Life Orb\n|move|p2b: cat|Flare Blitz|p1a: Chien-Pao\n|-supereffective|p1a: Chien-Pao\n|-damage|p1a: Chien-Pao|0 fnt\n|faint|p1a: Chien-Pao\n|-damage|p2b: cat|17/100|[from] Recoil\n|\n|-weather|Snowscape|[upkeep]\n|upkeep\n|\n|t:|1767794553\n|switch|p1a: Zamazenta|Zamazenta-Crowned, L50|100/100\n|switch|p1b: Calyrex|Calyrex-Shadow, L50|100/100\n|-ability|p1b: Calyrex|As One\n|-ability|p1b: Calyrex|Unnerve\n|-ability|p1a: Zamazenta|Dauntless Shield|boost\n|-boost|p1a: Zamazenta|def|1\n|turn|4\n|\n|t:|1767794572\n|move|p1b: Calyrex|Astral Barrage|p2b: cat|[spread] p2a,p2b\n|-resisted|p2b: cat\n|-damage|p2a: Miraidon|0 fnt\n|-damage|p2b: cat|2/100\n|faint|p2a: Miraidon\n|-ability|p1b: Calyrex|Grim Neigh|boost\n|-boost|p1b: Calyrex|spa|1\n|move|p1a: Zamazenta|Body Press|p2b: cat\n|-supereffective|p2b: cat\n|-damage|p2b: cat|0 fnt\n|faint|p2b: cat\n|\n|-weather|Snowscape|[upkeep]\n|upkeep\n|\n|t:|1767794585\n|switch|p2b: bead|Ursaluna, L50, F|100/100\n|turn|5\n|\n|t:|1767794594\n|move|p1b: Calyrex|Psychic|p2b: bead\n|-damage|p2b: bead|42/100\n|move|p1a: Zamazenta|Body Press|p2b: bead\n|-supereffective|p2b: bead\n|-damage|p2b: bead|0 fnt\n|faint|p2b: bead\n|\n|win|blackred123\u6c38\u96cf\u5854\u83f2\u4fa0\n|raw|blackred123\u6c38\u96cf\u5854\u83f2\u4fa0's rating: 1179 &rarr; <strong>1199</strong><br />(+20 for winning)\n|raw|tonymacx86's rating: 1104 &rarr; <strong>1084</strong><br />(-20 for losing)\n|l|\u2606tonymacx86\n|player|p2|\n|j| dasabe\u76d6\u6b27\u5361\u4fa0\n|l| dasabe\u76d6\u6b27\u5361\u4fa0\n","uploadtime":1767794601,"views":15,"formatid":"gen9vgc2026regi","rating":1084,"private":0,"password":null}