{"id":"gen9vgc2026regi-2527094510","format":"[Gen 9] VGC 2026 Reg I","players":["phuc2704","i\u2764\u5a1c\u7984forever"],"log":"|j|\u2606phuc2704\n|j|\u2606i\u2764\u5a1c\u7984forever\n|t:|1769493544\n|gametype|doubles\n|player|p1|phuc2704|169|1189\n|player|p2|i\u2764\u5a1c\u7984forever|youngcouple-gen4dp|1293\n|gen|9\n|tier|[Gen 9] VGC 2026 Reg I\n|rated|\n|rule|Species Clause: Limit one of each Pok\u00e9mon\n|rule|Item Clause: Limit 1 of each item\n|clearpoke\n|poke|p1|Indeedee-F, L50, F|\n|poke|p1|Armarouge, L50, M|\n|poke|p1|Torkoal, L50, F|\n|poke|p1|Ursaluna, L50, M|\n|poke|p1|Amoonguss, L50, F|\n|poke|p1|Calyrex-Ice, L50|\n|poke|p2|Groudon, L50|\n|poke|p2|Kyurem-White, L50|\n|poke|p2|Brute Bonnet, L50|\n|poke|p2|Heatran, L50, F|\n|poke|p2|Whimsicott, L50, M|\n|poke|p2|Roaring Moon, L50|\n|teampreview|4\n|\n|t:|1769493569\n|teamsize|p1|4\n|teamsize|p2|4\n|start\n|switch|p1a: Indeedee|Indeedee-F, L50, F|100/100\n|switch|p1b: Armarouge|Armarouge, L50, M|100/100\n|switch|p2a: Kyurem|Kyurem-White, L50|100/100\n|switch|p2b: Heatran|Heatran, L50, F|100/100\n|-ability|p2a: Kyurem|Turboblaze\n|-fieldstart|move: Psychic Terrain|[from] ability: Psychic Surge|[of] p1a: Indeedee\n|-enditem|p1a: Indeedee|Psychic Seed\n|-boost|p1a: Indeedee|spd|1|[from] item: Psychic Seed\n|turn|1\n|\n|t:|1769493587\n|-terastallize|p1b: Armarouge|Grass\n|move|p2a: Kyurem|Blizzard|p1a: Indeedee|[spread] p1a\n|-miss|p2a: Kyurem|p1b: Armarouge\n|-enditem|p2a: Kyurem|Blunder Policy\n|-boost|p2a: Kyurem|spe|2\n|-damage|p1a: Indeedee|67/100\n|move|p2b: Heatran|Substitute|p2b: Heatran\n|-start|p2b: Heatran|Substitute\n|-damage|p2b: Heatran|76/100\n|move|p1b: Armarouge|Expanding Force|p2a: Kyurem|[spread] p2a,p2b\n|-resisted|p2b: Heatran\n|-end|p2b: Heatran|Substitute\n|-damage|p2a: Kyurem|39/100\n|-damage|p1b: Armarouge|91/100|[from] item: Life Orb\n|move|p1a: Indeedee|Trick Room|p1a: Indeedee\n|-fieldstart|move: Trick Room|[of] p1a: Indeedee\n|\n|-heal|p2b: Heatran|82/100|[from] item: Leftovers\n|upkeep\n|turn|2\n|\n|t:|1769493613\n|switch|p1a: Ursaluna|Ursaluna, L50, M|100/100\n|move|p2b: Heatran|Protect|p2b: Heatran\n|-singleturn|p2b: Heatran|Protect\n|move|p1b: Armarouge|Expanding Force|p2a: Kyurem|[spread] p2a\n|-activate|p2b: Heatran|move: Protect\n|-damage|p2a: Kyurem|0 fnt\n|faint|p2a: Kyurem\n|-damage|p1b: Armarouge|81/100|[from] item: Life Orb\n|\n|-heal|p2b: Heatran|88/100|[from] item: Leftovers\n|-status|p1a: Ursaluna|brn|[from] item: Flame Orb\n|upkeep\n|\n|t:|1769493628\n|switch|p2a: Brute Bonnet|Brute Bonnet, L50|100/100\n|turn|3\n|\n|t:|1769493656\n|move|p2a: Brute Bonnet|Protect|p2a: Brute Bonnet\n|-singleturn|p2a: Brute Bonnet|Protect\n|move|p2b: Heatran|Protect||[still]\n|-fail|p2b: Heatran\n|move|p1a: Ursaluna|Headlong Rush|p2b: Heatran\n|-supereffective|p2b: Heatran\n|-damage|p2b: Heatran|0 fnt\n|-unboost|p1a: Ursaluna|def|1\n|-unboost|p1a: Ursaluna|spd|1\n|faint|p2b: Heatran\n|move|p1b: Armarouge|Armor Cannon|p2a: Brute Bonnet\n|-activate|p2a: Brute Bonnet|move: Protect\n|\n|-damage|p1a: Ursaluna|95/100 brn|[from] brn\n|upkeep\n|\n|t:|1769493669\n|switch|p2b: Groudon|Groudon, L50|100/100\n|-weather|SunnyDay|[from] ability: Drought|[of] p2b: Groudon\n|-activate|p2a: Brute Bonnet|ability: Protosynthesis\n|-start|p2a: Brute Bonnet|protosynthesisatk\n|turn|4\n|\n|t:|1769493680\n|-terastallize|p2a: Brute Bonnet|Water\n|move|p2a: Brute Bonnet|Rage Powder|p2a: Brute Bonnet\n|-singleturn|p2a: Brute Bonnet|move: Rage Powder\n|move|p1a: Ursaluna|Facade|p2a: Brute Bonnet\n|-damage|p2a: Brute Bonnet|15/100\n|-enditem|p2a: Brute Bonnet|Sitrus Berry|[eat]\n|-heal|p2a: Brute Bonnet|39/100|[from] item: Sitrus Berry\n|move|p1b: Armarouge|Armor Cannon|p2a: Brute Bonnet\n|-resisted|p2a: Brute Bonnet\n|-damage|p2a: Brute Bonnet|0 fnt\n|-unboost|p1b: Armarouge|def|1\n|-unboost|p1b: Armarouge|spd|1\n|faint|p2a: Brute Bonnet\n|-end|p2a: Brute Bonnet|Protosynthesis|[silent]\n|-damage|p1b: Armarouge|71/100|[from] item: Life Orb\n|move|p2b: Groudon|Precipice Blades|p1b: Armarouge|[spread] p1a,p1b\n|-resisted|p1b: Armarouge\n|-damage|p1a: Ursaluna|35/100 brn\n|-damage|p1b: Armarouge|32/100\n|\n|-weather|SunnyDay|[upkeep]\n|-damage|p1a: Ursaluna|29/100 brn|[from] brn\n|upkeep\n|turn|5\n|\n|t:|1769493698\n|move|p1a: Ursaluna|Facade|p2b: Groudon\n|-damage|p2b: Groudon|16/100\n|move|p1b: Armarouge|Expanding Force|p2b: Groudon\n|-damage|p2b: Groudon|0 fnt\n|faint|p2b: Groudon\n|-damage|p1b: Armarouge|22/100|[from] item: Life Orb\n|\n|win|phuc2704\n|raw|phuc2704's rating: 1189 &rarr; <strong>1221</strong><br />(+32 for winning)\n|raw|i\u2764\u5a1c\u7984forever's rating: 1293 &rarr; <strong>1261</strong><br />(-32 for losing)\n|l|\u2606phuc2704\n|player|p1|\n|l|\u2606i\u2764\u5a1c\u7984forever\n|player|p2|\n","uploadtime":1769493858,"views":11,"formatid":"gen9vgc2026regi","rating":1221,"private":0,"password":null}