{"id":"gen9vgc2026regi-2560608448","format":"[Gen 9] VGC 2026 Reg I","players":["sleemo2","caltond"],"log":"|j|\u2606sleemo2\n|j|\u2606caltond\n|t:|1773704027\n|gametype|doubles\n|player|p1|sleemo2|acetrainerf|1288\n|player|p2|caltond|1|1243\n|gen|9\n|tier|[Gen 9] VGC 2026 Reg I\n|rated|\n|rule|Species Clause: Limit one of each Pok\u00e9mon\n|rule|Item Clause: Limit 1 of each item\n|clearpoke\n|poke|p1|Koraidon, L50|\n|poke|p1|Lunala, L50|\n|poke|p1|Flutter Mane, L50|\n|poke|p1|Chi-Yu, L50|\n|poke|p1|Ursaluna, L50, F|\n|poke|p1|Brute Bonnet, L50|\n|poke|p2|Miraidon, L50|\n|poke|p2|Raikou, L50|\n|poke|p2|Calyrex-Ice, L50|\n|poke|p2|Urshifu-*, L50, F|\n|poke|p2|Whimsicott, L50, M|\n|poke|p2|Dipplin, L50, F|\n|teampreview|4\n|inactive|Battle timer is ON: inactive players will automatically lose when time's up. (requested by caltond)\n|\n|t:|1773704056\n|teamsize|p1|4\n|teamsize|p2|4\n|start\n|switch|p1a: Lunala|Lunala, L50|100/100\n|switch|p1b: Brute Bonnet|Brute Bonnet, L50|100/100\n|switch|p2a: Urshifu|Urshifu-Rapid-Strike, L50, F|100/100\n|switch|p2b: Raikou|Raikou, L50|100/100\n|turn|1\n|inactive|caltond has 30 seconds left.\n|\n|t:|1773704084\n|move|p1a: Lunala|Wide Guard|p1a: Lunala\n|-singleturn|p1a: Lunala|Wide Guard\n|move|p2a: Urshifu|U-turn|p1b: Brute Bonnet\n|-supereffective|p1b: Brute Bonnet\n|-damage|p1b: Brute Bonnet|3/100\n|-enditem|p1b: Brute Bonnet|Sitrus Berry|[eat]\n|-heal|p1b: Brute Bonnet|28/100|[from] item: Sitrus Berry\n|\n|t:|1773704093\n|switch|p2a: Calyrex|Calyrex-Ice, L50|100/100|[from] U-turn\n|-ability|p2a: Calyrex|As One\n|-ability|p2a: Calyrex|Unnerve\n|move|p2b: Raikou|Light Screen|p2b: Raikou\n|-sidestart|p2: caltond|move: Light Screen\n|move|p1b: Brute Bonnet|Spore|p2b: Raikou\n|-status|p2b: Raikou|slp|[from] move: Spore\n|\n|upkeep\n|turn|2\n|inactive|sleemo2 has 30 seconds left.\n|\n|t:|1773704119\n|switch|p2b: Miraidon|Miraidon, L50|100/100\n|-fieldstart|move: Electric Terrain|[from] ability: Hadron Engine|[of] p2b: Miraidon\n|-enditem|p2a: Calyrex|Electric Seed\n|-boost|p2a: Calyrex|def|1|[from] item: Electric Seed\n|-terastallize|p2a: Calyrex|Fire\n|move|p1a: Lunala|Meteor Beam||[still]\n|-prepare|p1a: Lunala|Meteor Beam\n|-boost|p1a: Lunala|spa|1\n|-enditem|p1a: Lunala|Power Herb\n|-anim|p1a: Lunala|Meteor Beam|p2a: Calyrex\n|-supereffective|p2a: Calyrex\n|-damage|p2a: Calyrex|39/100\n|move|p1b: Brute Bonnet|Spore|p2a: Calyrex\n|-activate|p2a: Calyrex|move: Electric Terrain\n|move|p2a: Calyrex|Leech Seed|p1a: Lunala\n|-start|p1a: Lunala|move: Leech Seed\n|\n|-damage|p1a: Lunala|88/100|[from] Leech Seed|[of] p2a: Calyrex\n|-heal|p2a: Calyrex|53/100|[silent]\n|upkeep\n|turn|3\n|inactive|sleemo2 has 30 seconds left.\n|inactive|caltond has 30 seconds left.\n|inactive|sleemo2 has 20 seconds left.\n|inactive|sleemo2 has 15 seconds left.\n|inactive|sleemo2 has 10 seconds left.\n|inactive|sleemo2 has 5 seconds left.\n|\n|t:|1773704174\n|move|p2b: Miraidon|Draco Meteor|p1a: Lunala\n|-damage|p1a: Lunala|30/100\n|-unboost|p2b: Miraidon|spa|2\n|move|p1a: Lunala|Moongeist Beam|p2b: Miraidon\n|-damage|p2b: Miraidon|61/100\n|move|p1b: Brute Bonnet|Seed Bomb|p2a: Calyrex\n|-resisted|p2a: Calyrex\n|-damage|p2a: Calyrex|48/100\n|move|p2a: Calyrex|Glacial Lance|p1b: Brute Bonnet|[spread] p1a,p1b\n|-supereffective|p1b: Brute Bonnet\n|-damage|p1a: Lunala|0 fnt\n|-damage|p1b: Brute Bonnet|0 fnt\n|faint|p1a: Lunala\n|faint|p1b: Brute Bonnet\n|-end|p1b: Brute Bonnet|Protosynthesis|[silent]\n|-ability|p2a: Calyrex|Chilling Neigh|boost\n|-boost|p2a: Calyrex|atk|2\n|\n|upkeep\n|inactive|sleemo2 has 30 seconds left.\n|inactive|sleemo2 has 20 seconds left.\n|inactive|sleemo2 has 15 seconds left.\n|inactive|sleemo2 has 10 seconds left.\n|inactive|sleemo2 has 5 seconds left.\n|\n|t:|1773704229\n|switch|p1a: Koraidon|Koraidon, L50|100/100\n|switch|p1b: Flutter Mane|Flutter Mane, L50|100/100\n|-weather|SunnyDay|[from] ability: Orichalcum Pulse|[of] p1a: Koraidon\n|-activate|p1b: Flutter Mane|ability: Protosynthesis\n|-start|p1b: Flutter Mane|protosynthesisspe\n|-activate|p1a: Koraidon|Orichalcum Pulse|[source]\n|turn|4\n|c|\u2606caltond|Bro just forfeit, don\u2019t do inactive like this\n|inactive|caltond has 30 seconds left.\n|\n|t:|1773704254\n|-terastallize|p1b: Flutter Mane|Stellar\n|move|p2a: Calyrex|Protect|p2a: Calyrex\n|-singleturn|p2a: Calyrex|Protect\n|move|p1b: Flutter Mane|Shadow Ball|p2a: Calyrex\n|-activate|p2a: Calyrex|move: Protect\n|move|p1a: Koraidon|Close Combat|p2b: Miraidon\n|-damage|p2b: Miraidon|0 fnt\n|-unboost|p1a: Koraidon|def|1\n|-unboost|p1a: Koraidon|spd|1\n|faint|p2b: Miraidon\n|-damage|p1a: Koraidon|91/100|[from] item: Life Orb\n|\n|-weather|SunnyDay|[upkeep]\n|upkeep\n|\n|t:|1773704264\n|switch|p2b: Urshifu|Urshifu-Rapid-Strike, L50, F|100/100\n|turn|5\n|\n|t:|1773704287\n|move|p1b: Flutter Mane|Shadow Ball|p2a: Calyrex\n|-damage|p2a: Calyrex|23/100\n|-unboost|p2a: Calyrex|spd|1\n|move|p1a: Koraidon|Close Combat|p2a: Calyrex\n|-damage|p2a: Calyrex|0 fnt\n|-unboost|p1a: Koraidon|def|1\n|-unboost|p1a: Koraidon|spd|1\n|faint|p2a: Calyrex\n|-damage|p1a: Koraidon|81/100|[from] item: Life Orb\n|move|p2b: Urshifu|Surging Strikes|p1b: Flutter Mane\n|-crit|p1b: Flutter Mane\n|-damage|p1b: Flutter Mane|66/100\n|-crit|p1b: Flutter Mane\n|-damage|p1b: Flutter Mane|33/100\n|-crit|p1b: Flutter Mane\n|-damage|p1b: Flutter Mane|3/100\n|-hitcount|p1b: Flutter Mane|3\n|\n|-weather|SunnyDay|[upkeep]\n|upkeep\n|\n|t:|1773704306\n|switch|p2a: Raikou|Raikou, L50|100/100 slp\n|turn|6\n|\n|t:|1773704316\n|move|p1b: Flutter Mane|Moonblast|p2b: Urshifu\n|-supereffective|p2b: Urshifu\n|-damage|p2b: Urshifu|0 fnt\n|faint|p2b: Urshifu\n|move|p1a: Koraidon|Close Combat|p2a: Raikou\n|-damage|p2a: Raikou|0 fnt\n|-unboost|p1a: Koraidon|def|1\n|-unboost|p1a: Koraidon|spd|1\n|faint|p2a: Raikou\n|-damage|p1a: Koraidon|72/100|[from] item: Life Orb\n|\n|win|sleemo2\n|raw|sleemo2's rating: 1288 &rarr; <strong>1310</strong><br />(+22 for winning)\n|raw|caltond's rating: 1243 &rarr; <strong>1221</strong><br />(-22 for losing)\n|l|\u2606caltond\n|player|p2|\n","uploadtime":1773704527,"views":10,"formatid":"gen9vgc2026regi","rating":1221,"private":0,"password":null}