{"id":"gen9vgc2026regi-2578877787","format":"[Gen 9] VGC 2026 Reg I","players":["chrisjhall11","Voth"],"log":"|j|\u2606chrisjhall11\n|j|\u2606Voth\n|t:|1775731248\n|gametype|doubles\n|player|p1|chrisjhall11|dawn|1464\n|player|p2|Voth|dawn|1464\n|gen|9\n|tier|[Gen 9] VGC 2026 Reg I\n|rated|\n|rule|Species Clause: Limit one of each Pok\u00e9mon\n|rule|Item Clause: Limit 1 of each item\n|clearpoke\n|poke|p1|Miraidon, L50|\n|poke|p1|Zamazenta-*, L50|\n|poke|p1|Amoonguss, L50, F|\n|poke|p1|Incineroar, L50, F|\n|poke|p1|Chien-Pao, L50|\n|poke|p1|Landorus, L50, M|\n|poke|p2|Urshifu-*, L50, M|\n|poke|p2|Calyrex-Ice, L50|\n|poke|p2|Tornadus, L50, M|\n|poke|p2|Landorus, L50, M|\n|poke|p2|Rillaboom, L50, F|\n|poke|p2|Kyogre, L50|\n|teampreview|4\n|\n|t:|1775731280\n|teamsize|p1|4\n|teamsize|p2|4\n|start\n|switch|p1a: Miraidon|Miraidon, L50|100/100\n|switch|p1b: Chien-Pao|Chien-Pao, L50|100/100\n|switch|p2a: Mustang|Calyrex-Ice, L50|100/100\n|switch|p2b: Roque|Landorus, L50, M|100/100\n|-ability|p2a: Mustang|As One\n|-ability|p2a: Mustang|Unnerve\n|-fieldstart|move: Electric Terrain|[from] ability: Hadron Engine|[of] p1a: Miraidon\n|-ability|p1b: Chien-Pao|Sword of Ruin\n|turn|1\n|inactive|Battle timer is ON: inactive players will automatically lose when time's up. (requested by Voth)\n|\n|t:|1775731319\n|switch|p2b: Darrow|Rillaboom, L50, F|100/100\n|-fieldstart|move: Grassy Terrain|[from] ability: Grassy Surge|[of] p2b: Darrow\n|move|p1a: Miraidon|Volt Switch|p2a: Mustang\n|-damage|p2a: Mustang|77/100\n|\n|t:|1775731331\n|switch|p1a: Amoonguss|Amoonguss, L50, F|100/100|[from] Volt Switch\n|move|p1b: Chien-Pao|Crunch|p2a: Mustang\n|-supereffective|p2a: Mustang\n|-damage|p2a: Mustang|8/100\n|move|p2a: Mustang|Trick Room|p2a: Mustang\n|-fieldstart|move: Trick Room|[of] p2a: Mustang\n|\n|-heal|p2a: Mustang|14/100|[from] Grassy Terrain\n|-heal|p2a: Mustang|19/100|[from] item: Leftovers\n|upkeep\n|turn|2\n|inactive|chrisjhall11 has 30 seconds left.\n|inactive|Voth has 30 seconds left.\n|\n|t:|1775731361\n|switch|p1b: Zamazenta|Zamazenta-Crowned, L50|100/100\n|-ability|p1b: Zamazenta|Dauntless Shield|boost\n|-boost|p1b: Zamazenta|def|1\n|-terastallize|p2b: Darrow|Fire\n|move|p1a: Amoonguss|Protect|p1a: Amoonguss\n|-singleturn|p1a: Amoonguss|Protect\n|move|p2a: Mustang|Protect|p2a: Mustang\n|-singleturn|p2a: Mustang|Protect\n|move|p2b: Darrow|Wood Hammer|p1b: Zamazenta\n|-resisted|p1b: Zamazenta\n|-crit|p1b: Zamazenta\n|-damage|p1b: Zamazenta|72/100\n|-damage|p2b: Darrow|92/100|[from] Recoil\n|\n|-heal|p2a: Mustang|25/100|[from] Grassy Terrain\n|-heal|p2a: Mustang|31/100|[from] item: Leftovers\n|-heal|p2b: Darrow|98/100|[from] Grassy Terrain\n|-heal|p1b: Zamazenta|78/100|[from] Grassy Terrain\n|upkeep\n|turn|3\n|\n|t:|1775731383\n|switch|p2a: Victra|Kyogre, L50|100/100\n|-weather|RainDance|[from] ability: Drizzle|[of] p2a: Victra\n|move|p1a: Amoonguss|Spore|p2a: Victra\n|-status|p2a: Victra|slp|[from] move: Spore\n|move|p2b: Darrow|U-turn|p1a: Amoonguss\n|-damage|p1a: Amoonguss|80/100\n|-damage|p2b: Darrow|81/100|[from] item: Rocky Helmet|[of] p1a: Amoonguss\n|\n|t:|1775731391\n|switch|p2b: Roque|Landorus, L50, M|100/100|[from] U-turn\n|move|p1b: Zamazenta|Body Press|p2b: Roque\n|-resisted|p2b: Roque\n|-damage|p2b: Roque|61/100\n|\n|-weather|RainDance|[upkeep]\n|-heal|p1a: Amoonguss|86/100|[from] Grassy Terrain\n|-heal|p1b: Zamazenta|84/100|[from] Grassy Terrain\n|upkeep\n|turn|4\n|\n|t:|1775731402\n|move|p1a: Amoonguss|Spore|p2b: Roque\n|-status|p2b: Roque|slp|[from] move: Spore\n|cant|p2a: Victra|slp\n|move|p1b: Zamazenta|Body Press|p2a: Victra\n|-damage|p2a: Victra|35/100 slp\n|cant|p2b: Roque|slp\n|\n|-weather|RainDance|[upkeep]\n|-heal|p1a: Amoonguss|92/100|[from] Grassy Terrain\n|-heal|p2a: Victra|41/100 slp|[from] Grassy Terrain\n|-heal|p1b: Zamazenta|90/100|[from] Grassy Terrain\n|upkeep\n|turn|5\n|inactive|chrisjhall11 has 30 seconds left.\n|\n|t:|1775731431\n|move|p1b: Zamazenta|Wide Guard|p1b: Zamazenta\n|-singleturn|p1b: Zamazenta|Wide Guard\n|move|p1a: Amoonguss|Rage Powder|p1a: Amoonguss\n|-singleturn|p1a: Amoonguss|move: Rage Powder\n|cant|p2a: Victra|slp\n|cant|p2b: Roque|slp\n|\n|-weather|RainDance|[upkeep]\n|-heal|p1a: Amoonguss|98/100|[from] Grassy Terrain\n|-heal|p2a: Victra|47/100 slp|[from] Grassy Terrain\n|-heal|p1b: Zamazenta|96/100|[from] Grassy Terrain\n|-fieldend|move: Trick Room\n|-fieldend|move: Grassy Terrain\n|upkeep\n|turn|6\n|\n|t:|1775731452\n|cant|p2b: Roque|slp\n|move|p1b: Zamazenta|Body Press|p2a: Victra\n|-damage|p2a: Victra|0 fnt\n|faint|p2a: Victra\n|move|p1a: Amoonguss|Spore|p2b: Roque\n|-fail|p2b: Roque|slp\n|\n|-weather|RainDance|[upkeep]\n|upkeep\n|-message|Voth forfeited.\n|\n|win|chrisjhall11\n|raw|chrisjhall11's rating: 1464 &rarr; <strong>1484</strong><br />(+20 for winning)\n|raw|Voth's rating: 1464 &rarr; <strong>1444</strong><br />(-20 for losing)\n|l|\u2606Voth\n|player|p2|\n|l|\u2606chrisjhall11\n|player|p1|\n|j|\u2606chrisjhall11\n|player|p1|chrisjhall11|dawn|\n","uploadtime":1775731624,"views":9,"formatid":"gen9vgc2026regi","rating":1444,"private":0,"password":null}