{"id":"gen9vgc2026regi-2563609998","format":"[Gen 9] VGC 2026 Reg I","players":["Shagrathisbeast","FortuneMC"],"log":"|j|\u2606Shagrathisbeast\n|j|\u2606FortuneMC\n|t:|1774042080\n|gametype|doubles\n|player|p1|Shagrathisbeast|steven|1244\n|player|p2|FortuneMC|veteran|1283\n|gen|9\n|tier|[Gen 9] VGC 2026 Reg I\n|rated|\n|rule|Species Clause: Limit one of each Pok\u00e9mon\n|rule|Item Clause: Limit 1 of each item\n|clearpoke\n|poke|p1|Kyogre, L50|\n|poke|p1|Regieleki, L50|\n|poke|p1|Ogerpon-Cornerstone, L50, F|\n|poke|p1|Farigiraf, L50, M|\n|poke|p1|Calyrex-Ice, L50|\n|poke|p1|Landorus, L50, M|\n|poke|p2|Calyrex-Shadow, L50|\n|poke|p2|Zacian-*, L50|\n|poke|p2|Chien-Pao, L50|\n|poke|p2|Urshifu-*, L50, F|\n|poke|p2|Tornadus, L50, M|\n|poke|p2|Brute Bonnet, L50|\n|teampreview|4\n|inactive|Battle timer is ON: inactive players will automatically lose when time's up. (requested by FortuneMC)\n|\n|t:|1774042135\n|teamsize|p1|4\n|teamsize|p2|4\n|start\n|switch|p1a: Ogerpon|Ogerpon-Cornerstone, L50, F|100/100\n|switch|p1b: Farigiraf|Farigiraf, L50, M, shiny|100/100\n|switch|p2a: Zacian|Zacian-Crowned, L50|100/100\n|switch|p2b: Brute Bonnet|Brute Bonnet, L50|100/100\n|-ability|p2a: Zacian|Intrepid Sword|boost\n|-boost|p2a: Zacian|atk|1\n|-enditem|p2b: Brute Bonnet|Booster Energy\n|-activate|p2b: Brute Bonnet|ability: Protosynthesis|[fromitem]\n|-start|p2b: Brute Bonnet|protosynthesisatk\n|turn|1\n|inactive|Shagrathisbeast has 30 seconds left.\n|\n|t:|1774042162\n|move|p1a: Ogerpon|Spiky Shield|p1a: Ogerpon\n|-singleturn|p1a: Ogerpon|move: Protect\n|move|p2a: Zacian|Swords Dance|p2a: Zacian\n|-boost|p2a: Zacian|atk|2\n|move|p2b: Brute Bonnet|Seed Bomb|p1a: Ogerpon\n|-activate|p1a: Ogerpon|move: Protect\n|move|p1b: Farigiraf|Trick Room|p1b: Farigiraf\n|-fieldstart|move: Trick Room|[of] p1b: Farigiraf\n|\n|upkeep\n|turn|2\n|\n|t:|1774042178\n|move|p2b: Brute Bonnet|Spore|p1b: Farigiraf\n|-activate|p1b: Farigiraf|item: Safety Goggles|Spore\n|move|p1b: Farigiraf|Foul Play|p2a: Zacian\n|-resisted|p2a: Zacian\n|-damage|p2a: Zacian|67/100\n|move|p1a: Ogerpon|Ivy Cudgel|p2b: Brute Bonnet|[anim] Ivy Cudgel Rock\n|-damage|p2b: Brute Bonnet|52/100\n|move|p2a: Zacian|Behemoth Blade|p1a: Ogerpon\n|-supereffective|p1a: Ogerpon\n|-ability|p1a: Ogerpon|Sturdy\n|-damage|p1a: Ogerpon|1/100\n|\n|upkeep\n|turn|3\n|inactive|Shagrathisbeast has 30 seconds left.\n|inactive|FortuneMC has 30 seconds left.\n|inactive|Shagrathisbeast has 20 seconds left.\n|\n|t:|1774042220\n|move|p1a: Ogerpon|Follow Me|p1a: Ogerpon\n|-singleturn|p1a: Ogerpon|move: Follow Me\n|move|p2b: Brute Bonnet|Seed Bomb|p1a: Ogerpon\n|-damage|p1a: Ogerpon|0 fnt\n|faint|p1a: Ogerpon\n|move|p1b: Farigiraf|Foul Play|p2a: Zacian\n|-resisted|p2a: Zacian\n|-damage|p2a: Zacian|33/100\n|move|p2a: Zacian|Play Rough|p1b: Farigiraf\n|-damage|p1b: Farigiraf|0 fnt\n|faint|p1b: Farigiraf\n|\n|upkeep\n|\n|t:|1774042231\n|switch|p1b: Kyogre|Kyogre, L50, shiny|100/100\n|switch|p1a: Calyrex|Calyrex-Ice, L50|100/100\n|-ability|p1a: Calyrex|As One\n|-ability|p1a: Calyrex|Unnerve\n|-weather|RainDance|[from] ability: Drizzle|[of] p1b: Kyogre\n|turn|4\n|\n|t:|1774042241\n|-terastallize|p2b: Brute Bonnet|Fire\n|move|p2a: Zacian|Protect|p2a: Zacian\n|-singleturn|p2a: Zacian|Protect\n|move|p2b: Brute Bonnet|Spore|p1b: Kyogre\n|-status|p1b: Kyogre|slp|[from] move: Spore\n|move|p1a: Calyrex|Glacial Lance|p2b: Brute Bonnet|[spread] p2b\n|-activate|p2a: Zacian|move: Protect\n|-resisted|p2b: Brute Bonnet\n|-damage|p2b: Brute Bonnet|31/100\n|cant|p1b: Kyogre|slp\n|\n|-weather|RainDance|[upkeep]\n|upkeep\n|turn|5\n|\n|t:|1774042252\n|move|p2b: Brute Bonnet|Spore|p1a: Calyrex\n|-status|p1a: Calyrex|slp|[from] move: Spore\n|cant|p1a: Calyrex|slp\n|cant|p1b: Kyogre|slp\n|move|p2a: Zacian|Play Rough|p1b: Kyogre\n|-damage|p1b: Kyogre|0 fnt\n|faint|p1b: Kyogre\n|\n|-weather|RainDance|[upkeep]\n|-fieldend|move: Trick Room\n|upkeep\n|turn|6\n|-message|Shagrathisbeast forfeited.\n|\n|win|FortuneMC\n|raw|Shagrathisbeast's rating: 1244 &rarr; <strong>1222</strong><br />(-22 for losing)\n|raw|FortuneMC's rating: 1283 &rarr; <strong>1305</strong><br />(+22 for winning)\n|l|\u2606Shagrathisbeast\n|player|p1|\n","uploadtime":1774042264,"views":12,"formatid":"gen9vgc2026regi","rating":1222,"private":0,"password":null}