{"id":"gen9vgc2026regi-2568770379","format":"[Gen 9] VGC 2026 Reg I","players":["k0haru","pzyxhic"],"log":"|j|\u2606k0haru\n|j|\u2606pzyxhic\n|t:|1774621585\n|gametype|doubles\n|player|p1|k0haru|101|1270\n|player|p2|pzyxhic|169|1341\n|gen|9\n|tier|[Gen 9] VGC 2026 Reg I\n|rated|\n|rule|Species Clause: Limit one of each Pok\u00e9mon\n|rule|Item Clause: Limit 1 of each item\n|clearpoke\n|poke|p1|Wo-Chien, L50|\n|poke|p1|Kyogre, L50|\n|poke|p1|Miraidon, L50|\n|poke|p1|Incineroar, L50, F|\n|poke|p1|Amoonguss, L50, F|\n|poke|p1|Urshifu-*, L50, M|\n|poke|p2|Calyrex-Ice, L50|\n|poke|p2|Miraidon, L50|\n|poke|p2|Sinistcha-Masterpiece, L50|\n|poke|p2|Incineroar, L50, F|\n|poke|p2|Urshifu-*, L50, F|\n|poke|p2|Grimmsnarl, L50, M|\n|teampreview|4\n|inactive|Battle timer is ON: inactive players will automatically lose when time's up. (requested by k0haru)\n|\n|t:|1774621619\n|teamsize|p1|4\n|teamsize|p2|4\n|start\n|switch|p1a: Wo-Chien|Wo-Chien, L50|100/100\n|switch|p1b: Kyogre|Kyogre, L50|100/100\n|switch|p2a: Miraidon|Miraidon, L50|100/100\n|switch|p2b: Grimmsnarl|Grimmsnarl, L50, M|100/100\n|-fieldstart|move: Electric Terrain|[from] ability: Hadron Engine|[of] p2a: Miraidon\n|-weather|RainDance|[from] ability: Drizzle|[of] p1b: Kyogre\n|-ability|p1a: Wo-Chien|Tablets of Ruin\n|turn|1\n|\n|t:|1774621641\n|-terastallize|p1b: Kyogre|Grass\n|move|p2b: Grimmsnarl|Light Screen|p2b: Grimmsnarl\n|-sidestart|p2: pzyxhic|move: Light Screen\n|move|p2a: Miraidon|Snarl|p1b: Kyogre|[spread] p1a,p1b\n|-resisted|p1a: Wo-Chien\n|-damage|p1a: Wo-Chien|95/100\n|-damage|p1b: Kyogre|91/100\n|-unboost|p1a: Wo-Chien|spa|1\n|-unboost|p1b: Kyogre|spa|1\n|move|p1b: Kyogre|Ice Beam|p2a: Miraidon\n|-supereffective|p2a: Miraidon\n|-damage|p2a: Miraidon|85/100\n|-status|p2a: Miraidon|frz\n|move|p1a: Wo-Chien|Snarl|p2b: Grimmsnarl|[spread] p2a,p2b\n|-resisted|p2b: Grimmsnarl\n|-damage|p2a: Miraidon|82/100 frz\n|-damage|p2b: Grimmsnarl|99/100\n|-unboost|p2a: Miraidon|spa|1\n|\n|-weather|RainDance|[upkeep]\n|-heal|p1a: Wo-Chien|100/100|[from] item: Leftovers\n|upkeep\n|turn|2\n|inactive|k0haru has 30 seconds left.\n|inactive|pzyxhic has 30 seconds left.\n|\n|t:|1774621671\n|switch|p1b: Incineroar|Incineroar, L50, F|100/100\n|-ability|p1b: Incineroar|Intimidate|boost\n|-unboost|p2a: Miraidon|atk|1\n|-unboost|p2b: Grimmsnarl|atk|1\n|move|p2b: Grimmsnarl|Thunder Wave|p1b: Incineroar\n|-hint|Since gen 7, Dark is immune to Prankster moves.\n|-immune|p1b: Incineroar\n|cant|p2a: Miraidon|frz\n|move|p1a: Wo-Chien|Leech Seed|p2a: Miraidon\n|-start|p2a: Miraidon|move: Leech Seed\n|\n|-weather|RainDance|[upkeep]\n|-damage|p2a: Miraidon|70/100 frz|[from] Leech Seed|[of] p1a: Wo-Chien\n|upkeep\n|turn|3\n|\n|t:|1774621694\n|move|p1b: Incineroar|Fake Out|p2b: Grimmsnarl\n|-damage|p2b: Grimmsnarl|90/100\n|move|p2b: Grimmsnarl|Reflect|p2b: Grimmsnarl\n|-sidestart|p2: pzyxhic|Reflect\n|cant|p2a: Miraidon|frz\n|move|p1a: Wo-Chien|Leech Seed|p2b: Grimmsnarl|[miss]\n|-miss|p1a: Wo-Chien|p2b: Grimmsnarl\n|\n|-weather|RainDance|[upkeep]\n|-damage|p2a: Miraidon|58/100 frz|[from] Leech Seed|[of] p1a: Wo-Chien\n|upkeep\n|turn|4\n|\n|t:|1774621719\n|switch|p2b: Sinistcha|Sinistcha-Masterpiece, L50|100/100\n|-heal|p2a: Miraidon|82/100 frz|[from] ability: Hospitality|[of] p2b: Sinistcha\n|cant|p2a: Miraidon|frz\n|move|p1a: Wo-Chien|Leech Seed|p2b: Sinistcha\n|-immune|p2b: Sinistcha\n|move|p1b: Incineroar|Parting Shot|p2a: Miraidon\n|-unboost|p2a: Miraidon|atk|1\n|-unboost|p2a: Miraidon|spa|1\n|\n|t:|1774621725\n|switch|p1b: Miraidon|Miraidon, L50|100/100|[from] Parting Shot\n|-activate|p1b: Miraidon|ability: Hadron Engine\n|\n|-weather|RainDance|[upkeep]\n|-damage|p2a: Miraidon|70/100 frz|[from] Leech Seed|[of] p1a: Wo-Chien\n|upkeep\n|turn|5\n|\n|t:|1774621743\n|move|p1b: Miraidon|Dazzling Gleam|p2b: Sinistcha|[spread] p2a,p2b\n|-supereffective|p2a: Miraidon\n|-crit|p2a: Miraidon\n|-damage|p2a: Miraidon|26/100 frz\n|-damage|p2b: Sinistcha|80/100\n|-curestatus|p2a: Miraidon|frz|[msg]\n|move|p2a: Miraidon|Volt Switch|p1b: Miraidon\n|-resisted|p1b: Miraidon\n|-damage|p1b: Miraidon|93/100\n|\n|t:|1774621751\n|switch|p2a: Grimmsnarl|Grimmsnarl, L50, M|90/100|[from] Volt Switch\n|move|p2b: Sinistcha|Life Dew|p2b: Sinistcha|[spread] p2a,p2b\n|-heal|p2a: Grimmsnarl|100/100\n|-heal|p2b: Sinistcha|100/100\n|move|p1a: Wo-Chien|Snarl|p2a: Grimmsnarl|[spread] p2a,p2b\n|-resisted|p2a: Grimmsnarl\n|-supereffective|p2b: Sinistcha\n|-damage|p2a: Grimmsnarl|99/100\n|-damage|p2b: Sinistcha|87/100\n|-unboost|p2b: Sinistcha|spa|1\n|\n|-weather|none\n|-sideend|p2: pzyxhic|move: Light Screen\n|-fieldend|move: Electric Terrain\n|upkeep\n|turn|6\n|\n|t:|1774621776\n|switch|p1b: Incineroar|Incineroar, L50, F|100/100\n|-ability|p1b: Incineroar|Intimidate|boost\n|-unboost|p2a: Grimmsnarl|atk|1\n|-unboost|p2b: Sinistcha|atk|1\n|switch|p2b: Calyrex|Calyrex-Ice, L50|100/100\n|-ability|p2b: Calyrex|As One\n|-ability|p2b: Calyrex|Unnerve\n|move|p1a: Wo-Chien|Leech Seed|p2a: Grimmsnarl\n|-start|p2a: Grimmsnarl|move: Leech Seed\n|move|p2a: Grimmsnarl|Spirit Break|p1b: Incineroar\n|-damage|p1b: Incineroar|89/100\n|-unboost|p1b: Incineroar|spa|1\n|\n|-damage|p2a: Grimmsnarl|87/100|[from] Leech Seed|[of] p1a: Wo-Chien\n|upkeep\n|turn|7\n|inactive|k0haru has 30 seconds left.\n|\n|t:|1774621803\n|move|p2b: Calyrex|Protect|p2b: Calyrex\n|-singleturn|p2b: Calyrex|Protect\n|move|p1b: Incineroar|Fake Out|p2b: Calyrex\n|-activate|p2b: Calyrex|move: Protect\n|move|p2a: Grimmsnarl|Light Screen|p2a: Grimmsnarl\n|-sidestart|p2: pzyxhic|move: Light Screen\n|move|p1a: Wo-Chien|Leech Seed|p2b: Calyrex\n|-activate|p2b: Calyrex|move: Protect\n|\n|-damage|p2a: Grimmsnarl|75/100|[from] Leech Seed|[of] p1a: Wo-Chien\n|-sideend|p2: pzyxhic|Reflect\n|upkeep\n|turn|8\n|\n|t:|1774621827\n|move|p2a: Grimmsnarl|Reflect|p2a: Grimmsnarl\n|-sidestart|p2: pzyxhic|Reflect\n|move|p1a: Wo-Chien|Leech Seed|p2b: Calyrex\n|-start|p2b: Calyrex|move: Leech Seed\n|move|p1b: Incineroar|Parting Shot|p2b: Calyrex\n|-fail|p2b: Calyrex|unboost|[from] item: Clear Amulet|[of] p2b: Calyrex\n|move|p2b: Calyrex|High Horsepower|p1b: Incineroar\n|-supereffective|p1b: Incineroar\n|-damage|p1b: Incineroar|37/100\n|\n|-damage|p2a: Grimmsnarl|62/100|[from] Leech Seed|[of] p1a: Wo-Chien\n|-damage|p2b: Calyrex|88/100|[from] Leech Seed|[of] p1a: Wo-Chien\n|upkeep\n|turn|9\n|\n|t:|1774621845\n|switch|p2a: Sinistcha|Sinistcha-Masterpiece, L50|87/100\n|-heal|p2b: Calyrex|100/100|[from] ability: Hospitality|[of] p2a: Sinistcha\n|move|p1a: Wo-Chien|Pollen Puff|p1b: Incineroar\n|-heal|p1b: Incineroar|87/100\n|move|p1b: Incineroar|Knock Off|p2b: Calyrex\n|-supereffective|p2b: Calyrex\n|-damage|p2b: Calyrex|77/100\n|-enditem|p2b: Calyrex|Clear Amulet|[from] move: Knock Off|[of] p1b: Incineroar\n|move|p2b: Calyrex|Glacial Lance|p1b: Incineroar|[spread] p1a,p1b\n|-supereffective|p1a: Wo-Chien\n|-resisted|p1b: Incineroar\n|-damage|p1a: Wo-Chien|35/100\n|-damage|p1b: Incineroar|71/100\n|\n|-heal|p1a: Wo-Chien|41/100|[from] item: Leftovers\n|-damage|p2b: Calyrex|65/100|[from] Leech Seed|[of] p1a: Wo-Chien\n|-heal|p1a: Wo-Chien|54/100|[silent]\n|upkeep\n|turn|10\n|inactive|k0haru has 30 seconds left.\n|inactive|pzyxhic has 30 seconds left.\n|\n|t:|1774621873\n|switch|p2b: Grimmsnarl|Grimmsnarl, L50, M|62/100\n|move|p1a: Wo-Chien|Protect|p1a: Wo-Chien\n|-singleturn|p1a: Wo-Chien|Protect\n|move|p2a: Sinistcha|Matcha Gotcha|p1b: Incineroar|[spread] p1b\n|-activate|p1a: Wo-Chien|move: Protect\n|-resisted|p1b: Incineroar\n|-damage|p1b: Incineroar|60/100\n|-heal|p2a: Sinistcha|93/100|[from] drain|[of] p1b: Incineroar\n|move|p1b: Incineroar|Flare Blitz|p2b: Grimmsnarl\n|-damage|p2b: Grimmsnarl|39/100\n|-damage|p1b: Incineroar|53/100|[from] Recoil\n|\n|-heal|p1a: Wo-Chien|60/100|[from] item: Leftovers\n|upkeep\n|turn|11\n|inactive|pzyxhic has 30 seconds left.\n|\n|t:|1774621902\n|switch|p1b: Miraidon|Miraidon, L50|93/100\n|-fieldstart|move: Electric Terrain|[from] ability: Hadron Engine|[of] p1b: Miraidon\n|switch|p2b: Miraidon|Miraidon, L50|26/100\n|-activate|p2b: Miraidon|ability: Hadron Engine\n|move|p2a: Sinistcha|Life Dew|p2a: Sinistcha|[spread] p2a,p2b\n|-heal|p2a: Sinistcha|100/100\n|-heal|p2b: Miraidon|51/100\n|move|p1a: Wo-Chien|Leech Seed|p2b: Miraidon\n|-start|p2b: Miraidon|move: Leech Seed\n|\n|-heal|p1a: Wo-Chien|67/100|[from] item: Leftovers\n|-damage|p2b: Miraidon|39/100|[from] Leech Seed|[of] p1a: Wo-Chien\n|-heal|p1a: Wo-Chien|80/100|[silent]\n|-sideend|p2: pzyxhic|move: Light Screen\n|upkeep\n|turn|12\n|inactive|k0haru has 30 seconds left.\n|inactive|k0haru has 20 seconds left.\n|\n|t:|1774621939\n|switch|p2b: Calyrex|Calyrex-Ice, L50|65/100\n|-ability|p2b: Calyrex|As One\n|-ability|p2b: Calyrex|Unnerve\n|move|p1b: Miraidon|Draco Meteor|p2a: Sinistcha\n|-crit|p2a: Sinistcha\n|-damage|p2a: Sinistcha|0 fnt\n|-unboost|p1b: Miraidon|spa|2\n|faint|p2a: Sinistcha\n|move|p1a: Wo-Chien|Snarl|p2b: Calyrex\n|-supereffective|p2b: Calyrex\n|-damage|p2b: Calyrex|48/100\n|-unboost|p2b: Calyrex|spa|1\n|\n|-heal|p1a: Wo-Chien|86/100|[from] item: Leftovers\n|-sideend|p2: pzyxhic|Reflect\n|upkeep\n|-message|pzyxhic forfeited.\n|\n|win|k0haru\n|raw|k0haru's rating: 1270 &rarr; <strong>1300</strong><br />(+30 for winning)\n|raw|pzyxhic's rating: 1341 &rarr; <strong>1317</strong><br />(-24 for losing)\n|l|\u2606pzyxhic\n|player|p2|\n|c|\u2606k0haru|Gg\n|l|\u2606k0haru\n|player|p1|\n","uploadtime":1774622092,"views":12,"formatid":"gen9vgc2026regi","rating":1300,"private":0,"password":null}