{"id":"gen9vgc2026regi-2590119245","format":"[Gen 9] VGC 2026 Reg I","players":["Sunny_zong1","darthray 25"],"log":"|j|\u2606Sunny_zong1\n|j|\u2606darthray 25\n|t:|1776788145\n|gametype|doubles\n|player|p1|Sunny_zong1|bugsy|1499\n|player|p2|darthray 25|marshal|1571\n|gen|9\n|tier|[Gen 9] VGC 2026 Reg I\n|rated|\n|rule|Species Clause: Limit one of each Pok\u00e9mon\n|rule|Item Clause: Limit 1 of each item\n|clearpoke\n|poke|p1|Annihilape, L50, M|\n|poke|p1|Miraidon, L50|\n|poke|p1|Calyrex-Shadow, L50|\n|poke|p1|Wo-Chien, L50|\n|poke|p1|Grimmsnarl, L50, M|\n|poke|p1|Indeedee, L50, M|\n|poke|p2|Zamazenta-*, L50|\n|poke|p2|Indeedee-F, L50, F|\n|poke|p2|Ursaluna, L50, M|\n|poke|p2|Amoonguss, L50, F|\n|poke|p2|Calyrex-Shadow, L50|\n|poke|p2|Iron Hands, L50|\n|teampreview|4\n|inactive|Battle timer is ON: inactive players will automatically lose when time's up. (requested by Sunny_zong1)\n|inactive|Sunny_zong1 has 60 seconds left.\n|inactive|darthray 25 has 60 seconds left.\n|j| ddgfdhad\n|\n|t:|1776788183\n|teamsize|p1|4\n|teamsize|p2|4\n|start\n|switch|p1a: Grimmsnarl|Grimmsnarl, L50, M|100/100\n|switch|p1b: Calyrex|Calyrex-Shadow, L50|100/100\n|switch|p2a: Zamazenta|Zamazenta-Crowned, L50|100/100\n|switch|p2b: Indeedee|Indeedee-F, L50, F|100/100\n|-ability|p1b: Calyrex|As One\n|-ability|p1b: Calyrex|Unnerve\n|-ability|p2a: Zamazenta|Dauntless Shield|boost\n|-boost|p2a: Zamazenta|def|1\n|-fieldstart|move: Psychic Terrain|[from] ability: Psychic Surge|[of] p2b: Indeedee\n|turn|1\n|\n|t:|1776788206\n|switch|p1b: Wo-Chien|Wo-Chien, L50|100/100\n|-ability|p1b: Wo-Chien|Tablets of Ruin\n|move|p1a: Grimmsnarl|Reflect|p1a: Grimmsnarl\n|-sidestart|p1: Sunny_zong1|Reflect\n|move|p2a: Zamazenta|Behemoth Bash|p1a: Grimmsnarl\n|-supereffective|p1a: Grimmsnarl\n|-damage|p1a: Grimmsnarl|51/100\n|move|p2b: Indeedee|Trick Room|p2b: Indeedee\n|-fieldstart|move: Trick Room|[of] p2b: Indeedee\n|\n|upkeep\n|turn|2\n|\n|t:|1776788227\n|switch|p2b: Ursaluna|Ursaluna, L50, M|100/100\n|move|p1b: Wo-Chien|Protect|p1b: Wo-Chien\n|-singleturn|p1b: Wo-Chien|Protect\n|move|p1a: Grimmsnarl|Light Screen|p1a: Grimmsnarl\n|-sidestart|p1: Sunny_zong1|move: Light Screen\n|move|p2a: Zamazenta|Behemoth Bash|p1a: Grimmsnarl\n|-supereffective|p1a: Grimmsnarl\n|-crit|p1a: Grimmsnarl\n|-damage|p1a: Grimmsnarl|0 fnt\n|faint|p1a: Grimmsnarl\n|\n|-status|p2b: Ursaluna|brn|[from] item: Flame Orb\n|upkeep\n|\n|t:|1776788235\n|switch|p1a: Miraidon|Miraidon, L50|100/100\n|-fieldstart|move: Electric Terrain|[from] ability: Hadron Engine|[of] p1a: Miraidon\n|turn|3\n|\n|t:|1776788257\n|move|p1a: Miraidon|Protect|p1a: Miraidon\n|-singleturn|p1a: Miraidon|Protect\n|move|p2b: Ursaluna|Facade|p1b: Wo-Chien\n|-damage|p1b: Wo-Chien|36/100\n|move|p1b: Wo-Chien|Leech Seed|p2b: Ursaluna\n|-start|p2b: Ursaluna|move: Leech Seed\n|move|p2a: Zamazenta|Body Press|p1b: Wo-Chien\n|-supereffective|p1b: Wo-Chien\n|-damage|p1b: Wo-Chien|0 fnt\n|faint|p1b: Wo-Chien\n|\n|-damage|p2b: Ursaluna|95/100 brn|[from] brn\n|upkeep\n|\n|t:|1776788261\n|switch|p1b: Calyrex|Calyrex-Shadow, L50|100/100\n|-ability|p1b: Calyrex|As One\n|-ability|p1b: Calyrex|Unnerve\n|turn|4\n|inactive|darthray 25 has 30 seconds left.\n|inactive|darthray 25 has 20 seconds left.\n|\n|t:|1776788299\n|-terastallize|p1a: Miraidon|Fairy\n|move|p2a: Zamazenta|Protect|p2a: Zamazenta\n|-singleturn|p2a: Zamazenta|Protect\n|move|p2b: Ursaluna|Earthquake|p1a: Miraidon|[spread] p1a,p1b\n|-activate|p2a: Zamazenta|move: Protect\n|-damage|p1a: Miraidon|50/100\n|-damage|p1b: Calyrex|44/100\n|move|p1a: Miraidon|Dazzling Gleam|p2a: Zamazenta|[spread] p2b\n|-activate|p2a: Zamazenta|move: Protect\n|-damage|p2b: Ursaluna|46/100 brn\n|-damage|p1a: Miraidon|40/100|[from] item: Life Orb\n|move|p1b: Calyrex|Expanding Force|p2b: Ursaluna\n|-damage|p2b: Ursaluna|0 fnt\n|faint|p2b: Ursaluna\n|-ability|p1b: Calyrex|Grim Neigh|boost\n|-boost|p1b: Calyrex|spa|1\n|\n|upkeep\n|\n|t:|1776788322\n|switch|p2b: Indeedee|Indeedee-F, L50, F|100/100\n|-fieldstart|move: Psychic Terrain|[from] ability: Psychic Surge|[of] p2b: Indeedee\n|turn|5\n|\n|t:|1776788341\n|move|p2a: Zamazenta|Wide Guard|p2a: Zamazenta\n|-singleturn|p2a: Zamazenta|Wide Guard\n|move|p2b: Indeedee|Psychic|p1a: Miraidon\n|-damage|p1a: Miraidon|15/100\n|move|p1a: Miraidon|Parabolic Charge|p2a: Zamazenta|[spread] p1b\n|-activate|p2a: Zamazenta|move: Wide Guard\n|-activate|p2b: Indeedee|move: Wide Guard\n|-damage|p1b: Calyrex|22/100\n|-heal|p1a: Miraidon|27/100|[from] drain|[of] p1b: Calyrex\n|-damage|p1a: Miraidon|17/100|[from] item: Life Orb\n|move|p1b: Calyrex|Expanding Force|p2b: Indeedee|[spread] \n|-activate|p2a: Zamazenta|move: Wide Guard\n|-activate|p2b: Indeedee|move: Wide Guard\n|\n|-fieldend|move: Trick Room\n|upkeep\n|turn|6\n|inactive|darthray 25 has 30 seconds left.\n|\n|t:|1776788372\n|move|p2a: Zamazenta|Wide Guard|p2a: Zamazenta\n|-singleturn|p2a: Zamazenta|Wide Guard\n|move|p1b: Calyrex|Expanding Force|p2b: Indeedee|[spread] \n|-activate|p2a: Zamazenta|move: Wide Guard\n|-activate|p2b: Indeedee|move: Wide Guard\n|move|p1a: Miraidon|Electro Drift|p2b: Indeedee\n|-damage|p2b: Indeedee|37/100\n|-damage|p1a: Miraidon|7/100|[from] item: Life Orb\n|move|p2b: Indeedee|Psychic|p1a: Miraidon\n|-damage|p1a: Miraidon|0 fnt\n|faint|p1a: Miraidon\n|\n|upkeep\n|turn|7\n|inactive|darthray 25 has 30 seconds left.\n|inactive|darthray 25 has 20 seconds left.\n|\n|t:|1776788408\n|move|p1b: Calyrex|Expanding Force|p2a: Zamazenta|[spread] p2a,p2b\n|-resisted|p2b: Indeedee\n|-damage|p2a: Zamazenta|0 fnt\n|-damage|p2b: Indeedee|0 fnt\n|faint|p2a: Zamazenta\n|faint|p2b: Indeedee\n|-ability|p1b: Calyrex|Grim Neigh|boost\n|-boost|p1b: Calyrex|spa|2\n|\n|upkeep\n|\n|t:|1776788418\n|switch|p2b: Calyrex|Calyrex-Shadow, L50|100/100\n|-ability|p2b: Calyrex|As One\n|-ability|p2b: Calyrex|Unnerve\n|turn|8\n|\n|t:|1776788424\n|move|p1b: Calyrex|Expanding Force|p2b: Calyrex\n|-resisted|p2b: Calyrex\n|-enditem|p2b: Calyrex|Focus Sash\n|-damage|p2b: Calyrex|1/100\n|move|p2b: Calyrex|Astral Barrage|p1b: Calyrex\n|-supereffective|p1b: Calyrex\n|-damage|p1b: Calyrex|0 fnt\n|faint|p1b: Calyrex\n|\n|win|darthray 25\n|raw|Sunny_zong1's rating: 1499 &rarr; <strong>1483</strong><br />(-16 for losing)\n|raw|darthray 25's rating: 1571 &rarr; <strong>1587</strong><br />(+16 for winning)\n|l| ddgfdhad\n|l|\u2606Sunny_zong1\n|player|p1|\n|l|\u2606darthray 25\n|player|p2|\n","uploadtime":1776788609,"views":9,"formatid":"gen9vgc2026regi","rating":1483,"private":0,"password":null}