{"id":"gen9vgc2026regi-2514404878","format":"[Gen 9] VGC 2026 Reg I","players":["Voth","Gene10"],"log":"|j|\u2606Voth\n|j|\u2606Gene10\n|t:|1767864160\n|gametype|doubles\n|player|p1|Voth|dawn|1277\n|player|p2|Gene10|265|1294\n|gen|9\n|tier|[Gen 9] VGC 2026 Reg I\n|rated|\n|rule|Species Clause: Limit one of each Pok\u00e9mon\n|rule|Item Clause: Limit 1 of each item\n|clearpoke\n|poke|p1|Urshifu-*, L50, M|\n|poke|p1|Calyrex-Ice, L50|\n|poke|p1|Tornadus, L50, M|\n|poke|p1|Landorus, L50, M|\n|poke|p1|Rillaboom, L50, F|\n|poke|p1|Kyogre, L50|\n|poke|p2|Calyrex-Ice, L50|\n|poke|p2|Miraidon, L50|\n|poke|p2|Grimmsnarl, L50, M|\n|poke|p2|Urshifu-*, L50, M|\n|poke|p2|Incineroar, L50, F|\n|poke|p2|Landorus, L50, M|\n|teampreview|4\n|inactive|Battle timer is ON: inactive players will automatically lose when time's up. (requested by Gene10)\n|inactive|Voth has 60 seconds left.\n|inactive|Gene10 has 60 seconds left.\n|\n|t:|1767864214\n|teamsize|p1|4\n|teamsize|p2|4\n|start\n|switch|p1a: Harambe|Rillaboom, L50, F|100/100\n|switch|p1b: Kaul Hilo|Landorus, L50, M|100/100\n|switch|p2a: Calyrex|Calyrex-Ice, L50|100/100\n|switch|p2b: Grimmsnarl|Grimmsnarl, L50, M|100/100\n|-ability|p2a: Calyrex|As One\n|-ability|p2a: Calyrex|Unnerve\n|-fieldstart|move: Grassy Terrain|[from] ability: Grassy Surge|[of] p1a: Harambe\n|turn|1\n|inactive|Voth has 30 seconds left.\n|inactive|Gene10 has 30 seconds left.\n|inactive|Voth has 20 seconds left.\n|inactive|Gene10 has 20 seconds left.\n|inactive|Voth has 15 seconds left.\n|inactive|Gene10 has 15 seconds left.\n|\n|t:|1767864256\n|switch|p1b: Nuke|Kyogre, L50|100/100\n|-weather|RainDance|[from] ability: Drizzle|[of] p1b: Nuke\n|switch|p1a: Korra|Calyrex-Ice, L50|100/100\n|-ability|p1a: Korra|As One\n|-ability|p1a: Korra|Unnerve\n|move|p2b: Grimmsnarl|Light Screen|p2b: Grimmsnarl\n|-sidestart|p2: Gene10|move: Light Screen\n|move|p2a: Calyrex|Glacial Lance|p1b: Nuke|[spread] p1a,p1b\n|-resisted|p1a: Korra\n|-resisted|p1b: Nuke\n|-damage|p1a: Korra|84/100\n|-damage|p1b: Nuke|76/100\n|\n|-weather|RainDance|[upkeep]\n|-heal|p1b: Nuke|82/100|[from] Grassy Terrain\n|-heal|p1a: Korra|90/100|[from] Grassy Terrain\n|-heal|p1a: Korra|96/100|[from] item: Leftovers\n|upkeep\n|turn|2\n|inactive|Voth has 30 seconds left.\n|inactive|Gene10 has 30 seconds left.\n|\n|t:|1767864287\n|move|p2b: Grimmsnarl|Reflect|p2b: Grimmsnarl\n|-sidestart|p2: Gene10|Reflect\n|move|p1b: Nuke|Water Spout|p2b: Grimmsnarl|[spread] p2a,p2b\n|-damage|p2a: Calyrex|62/100\n|-damage|p2b: Grimmsnarl|35/100\n|move|p2a: Calyrex|Leech Seed|p1b: Nuke\n|-start|p1b: Nuke|move: Leech Seed\n|move|p1a: Korra|Leech Seed|p2a: Calyrex|[miss]\n|-miss|p1a: Korra|p2a: Calyrex\n|\n|-weather|RainDance|[upkeep]\n|-heal|p1b: Nuke|87/100|[from] Grassy Terrain\n|-heal|p2b: Grimmsnarl|41/100|[from] Grassy Terrain\n|-heal|p2a: Calyrex|68/100|[from] Grassy Terrain\n|-heal|p2a: Calyrex|73/100|[from] item: Leftovers\n|-heal|p1a: Korra|100/100|[from] Grassy Terrain\n|-damage|p1b: Nuke|75/100|[from] Leech Seed|[of] p2a: Calyrex\n|-heal|p2a: Calyrex|86/100|[silent]\n|upkeep\n|turn|3\n|\n|t:|1767864307\n|move|p2b: Grimmsnarl|Thunder Wave|p1b: Nuke\n|-status|p1b: Nuke|par\n|move|p2a: Calyrex|Leech Seed|p1a: Korra\n|-start|p1a: Korra|move: Leech Seed\n|move|p1b: Nuke|Water Spout|p2a: Calyrex|[spread] p2a,p2b\n|-damage|p2a: Calyrex|49/100\n|-damage|p2b: Grimmsnarl|0 fnt\n|faint|p2b: Grimmsnarl\n|move|p1a: Korra|Leech Seed|p2a: Calyrex\n|-start|p2a: Calyrex|move: Leech Seed\n|\n|-weather|RainDance|[upkeep]\n|-heal|p2a: Calyrex|55/100|[from] Grassy Terrain\n|-heal|p2a: Calyrex|60/100|[from] item: Leftovers\n|-heal|p1b: Nuke|81/100 par|[from] Grassy Terrain\n|-damage|p2a: Calyrex|48/100|[from] Leech Seed|[of] p1a: Korra\n|-damage|p1b: Nuke|69/100 par|[from] Leech Seed|[of] p2a: Calyrex\n|-heal|p2a: Calyrex|60/100|[silent]\n|-damage|p1a: Korra|88/100|[from] Leech Seed|[of] p2a: Calyrex\n|-heal|p2a: Calyrex|72/100|[silent]\n|upkeep\n|\n|t:|1767864331\n|switch|p2b: Miraidon|Miraidon, L50|100/100\n|-fieldstart|move: Electric Terrain|[from] ability: Hadron Engine|[of] p2b: Miraidon\n|turn|4\n|inactive|Voth has 30 seconds left.\n|\n|t:|1767864360\n|switch|p1b: Harambe|Rillaboom, L50, F|100/100\n|-fieldstart|move: Grassy Terrain|[from] ability: Grassy Surge|[of] p1b: Harambe\n|move|p2b: Miraidon|Draco Meteor|p1a: Korra\n|-damage|p1a: Korra|30/100\n|-unboost|p2b: Miraidon|spa|2\n|move|p2a: Calyrex|Glacial Lance|p1b: Harambe|[spread] p1a,p1b\n|-resisted|p1a: Korra\n|-crit|p1a: Korra\n|-supereffective|p1b: Harambe\n|-damage|p1a: Korra|8/100\n|-damage|p1b: Harambe|5/100\n|move|p1a: Korra|Trick Room|p1a: Korra\n|-fieldstart|move: Trick Room|[of] p1a: Korra\n|\n|-weather|RainDance|[upkeep]\n|-heal|p1a: Korra|14/100|[from] Grassy Terrain\n|-heal|p1a: Korra|20/100|[from] item: Leftovers\n|-heal|p2a: Calyrex|78/100|[from] Grassy Terrain\n|-heal|p2a: Calyrex|84/100|[from] item: Leftovers\n|-heal|p1b: Harambe|11/100|[from] Grassy Terrain\n|-damage|p1a: Korra|8/100|[from] Leech Seed|[of] p2a: Calyrex\n|-heal|p2a: Calyrex|96/100|[silent]\n|-damage|p2a: Calyrex|84/100|[from] Leech Seed|[of] p1a: Korra\n|-heal|p1a: Korra|20/100|[silent]\n|upkeep\n|turn|5\n|inactive|Voth has 30 seconds left.\n|inactive|Gene10 has 30 seconds left.\n|inactive|Voth has 20 seconds left.\n|\n|t:|1767864396\n|switch|p2b: Incineroar|Incineroar, L50, F|100/100\n|-ability|p2b: Incineroar|Intimidate|boost\n|-unboost|p1a: Korra|atk|1\n|-unboost|p1b: Harambe|atk|1\n|move|p1b: Harambe|Fake Out|p2a: Calyrex\n|-damage|p2a: Calyrex|80/100\n|move|p1a: Korra|Glacial Lance|p2a: Calyrex|[spread] p2a,p2b\n|-resisted|p2a: Calyrex\n|-resisted|p2b: Incineroar\n|-damage|p2a: Calyrex|73/100\n|-damage|p2b: Incineroar|89/100\n|cant|p2a: Calyrex|flinch\n|\n|-weather|none\n|-heal|p1a: Korra|26/100|[from] Grassy Terrain\n|-heal|p1a: Korra|31/100|[from] item: Leftovers\n|-heal|p2a: Calyrex|79/100|[from] Grassy Terrain\n|-heal|p2a: Calyrex|85/100|[from] item: Leftovers\n|-heal|p1b: Harambe|16/100|[from] Grassy Terrain\n|-heal|p2b: Incineroar|95/100|[from] Grassy Terrain\n|-damage|p1a: Korra|19/100|[from] Leech Seed|[of] p2a: Calyrex\n|-heal|p2a: Calyrex|97/100|[silent]\n|-damage|p2a: Calyrex|85/100|[from] Leech Seed|[of] p1a: Korra\n|-heal|p1a: Korra|31/100|[silent]\n|upkeep\n|turn|6\n|\n|t:|1767864416\n|switch|p1b: Nuke|Kyogre, L50|69/100 par\n|-weather|RainDance|[from] ability: Drizzle|[of] p1b: Nuke\n|move|p1a: Korra|Protect|p1a: Korra\n|-singleturn|p1a: Korra|Protect\n|move|p2a: Calyrex|Glacial Lance|p1a: Korra|[spread] p1b\n|-activate|p1a: Korra|move: Protect\n|-resisted|p1b: Nuke\n|-damage|p1b: Nuke|43/100 par\n|move|p2b: Incineroar|U-turn|p1a: Korra\n|-activate|p1a: Korra|move: Protect\n|\n|-weather|RainDance|[upkeep]\n|-heal|p1a: Korra|37/100|[from] Grassy Terrain\n|-heal|p1a: Korra|43/100|[from] item: Leftovers\n|-heal|p1b: Nuke|49/100 par|[from] Grassy Terrain\n|-heal|p2a: Calyrex|91/100|[from] Grassy Terrain\n|-heal|p2a: Calyrex|97/100|[from] item: Leftovers\n|-heal|p2b: Incineroar|100/100|[from] Grassy Terrain\n|-damage|p1a: Korra|31/100|[from] Leech Seed|[of] p2a: Calyrex\n|-heal|p2a: Calyrex|100/100|[silent]\n|-damage|p2a: Calyrex|88/100|[from] Leech Seed|[of] p1a: Korra\n|-heal|p1a: Korra|43/100|[silent]\n|upkeep\n|turn|7\n|inactive|Voth has 30 seconds left.\n|inactive|Gene10 has 30 seconds left.\n|inactive|Voth has 20 seconds left.\n|inactive|Gene10 has 20 seconds left.\n|\n|t:|1767864460\n|move|p1a: Korra|Glacial Lance|p2b: Incineroar|[spread] p2a,p2b\n|-resisted|p2a: Calyrex\n|-resisted|p2b: Incineroar\n|-damage|p2a: Calyrex|81/100\n|-damage|p2b: Incineroar|88/100\n|move|p1b: Nuke|Origin Pulse|p2b: Incineroar|[spread] p2a\n|-miss|p1b: Nuke|p2b: Incineroar\n|-damage|p2a: Calyrex|43/100\n|move|p2a: Calyrex|Glacial Lance|p1b: Nuke|[spread] p1a,p1b\n|-resisted|p1a: Korra\n|-resisted|p1b: Nuke\n|-damage|p1a: Korra|28/100\n|-damage|p1b: Nuke|25/100 par\n|move|p2b: Incineroar|U-turn|p1a: Korra\n|-supereffective|p1a: Korra\n|-damage|p1a: Korra|7/100\n|\n|t:|1767864475\n|switch|p2b: Miraidon|Miraidon, L50|100/100|[from] U-turn\n|-fieldstart|move: Electric Terrain|[from] ability: Hadron Engine|[of] p2b: Miraidon\n|\n|-weather|RainDance|[upkeep]\n|-heal|p1a: Korra|13/100|[from] item: Leftovers\n|-heal|p2a: Calyrex|48/100|[from] item: Leftovers\n|-damage|p1a: Korra|0 fnt|[from] Leech Seed|[of] p2a: Calyrex\n|-heal|p2a: Calyrex|60/100|[silent]\n|faint|p1a: Korra\n|upkeep\n|\n|t:|1767864481\n|switch|p1a: Harambe|Rillaboom, L50, F|16/100\n|-fieldstart|move: Grassy Terrain|[from] ability: Grassy Surge|[of] p1a: Harambe\n|turn|8\n|\n|t:|1767864495\n|switch|p2a: Incineroar|Incineroar, L50, F|88/100\n|-ability|p2a: Incineroar|Intimidate|boost\n|-unboost|p1a: Harambe|atk|1\n|-unboost|p1b: Nuke|atk|1\n|cant|p1b: Nuke|par\n|move|p1a: Harambe|Wood Hammer|p2a: Incineroar\n|-resisted|p2a: Incineroar\n|-damage|p2a: Incineroar|71/100\n|-damage|p1a: Harambe|11/100|[from] Recoil\n|move|p2b: Miraidon|Volt Switch|p1b: Nuke\n|-supereffective|p1b: Nuke\n|-damage|p1b: Nuke|0 fnt\n|faint|p1b: Nuke\n|\n|t:|1767864509\n|switch|p2b: Calyrex|Calyrex-Ice, L50|60/100|[from] Volt Switch\n|-ability|p2b: Calyrex|As One\n|-ability|p2b: Calyrex|Unnerve\n|\n|-weather|RainDance|[upkeep]\n|-heal|p2b: Calyrex|66/100|[from] Grassy Terrain\n|-heal|p2b: Calyrex|72/100|[from] item: Leftovers\n|-heal|p1a: Harambe|17/100|[from] Grassy Terrain\n|-heal|p2a: Incineroar|78/100|[from] Grassy Terrain\n|-sideend|p2: Gene10|move: Light Screen\n|-fieldend|move: Trick Room\n|upkeep\n|\n|t:|1767864514\n|switch|p1b: Kaul Hilo|Landorus, L50, M|100/100\n|turn|9\n|\n|t:|1767864537\n|move|p1b: Kaul Hilo|Protect|p1b: Kaul Hilo\n|-singleturn|p1b: Kaul Hilo|Protect\n|move|p2a: Incineroar|Fake Out|p1b: Kaul Hilo\n|-activate|p1b: Kaul Hilo|move: Protect\n|move|p1a: Harambe|U-turn|p2b: Calyrex\n|-supereffective|p2b: Calyrex\n|-damage|p2b: Calyrex|60/100\n|move|p2b: Calyrex|Glacial Lance|p1b: Kaul Hilo|[spread] p1a\n|-activate|p1b: Kaul Hilo|move: Protect\n|-supereffective|p1a: Harambe\n|-damage|p1a: Harambe|0 fnt\n|faint|p1a: Harambe\n|-ability|p2b: Calyrex|Chilling Neigh|boost\n|-boost|p2b: Calyrex|atk|1\n|\n|-weather|RainDance|[upkeep]\n|-heal|p2a: Incineroar|84/100|[from] Grassy Terrain\n|-heal|p2b: Calyrex|66/100|[from] Grassy Terrain\n|-heal|p2b: Calyrex|72/100|[from] item: Leftovers\n|-sideend|p2: Gene10|Reflect\n|upkeep\n|turn|10\n|\n|t:|1767864562\n|-terastallize|p1b: Kaul Hilo|Poison\n|-terastallize|p2a: Incineroar|Grass\n|move|p1b: Kaul Hilo|Sandsear Storm|p2a: Incineroar|[spread] p2a,p2b\n|-resisted|p2a: Incineroar\n|-damage|p2a: Incineroar|64/100\n|-damage|p2b: Calyrex|36/100\n|move|p2a: Incineroar|Knock Off|p1b: Kaul Hilo\n|-damage|p1b: Kaul Hilo|59/100\n|-enditem|p1b: Kaul Hilo|Life Orb|[from] move: Knock Off|[of] p2a: Incineroar\n|move|p2b: Calyrex|Leech Seed|p1b: Kaul Hilo\n|-start|p1b: Kaul Hilo|move: Leech Seed\n|\n|-weather|none\n|-heal|p1b: Kaul Hilo|65/100|[from] Grassy Terrain\n|-heal|p2a: Incineroar|70/100|[from] Grassy Terrain\n|-heal|p2b: Calyrex|42/100|[from] Grassy Terrain\n|-heal|p2b: Calyrex|47/100|[from] item: Leftovers\n|-damage|p1b: Kaul Hilo|53/100|[from] Leech Seed|[of] p2b: Calyrex\n|-heal|p2b: Calyrex|57/100|[silent]\n|upkeep\n|turn|11\n|inactive|Gene10 has 30 seconds left.\n|\n|t:|1767864597\n|move|p1b: Kaul Hilo|Sludge Bomb|p2a: Incineroar\n|-supereffective|p2a: Incineroar\n|-damage|p2a: Incineroar|0 fnt\n|faint|p2a: Incineroar\n|move|p2b: Calyrex|Glacial Lance|p1b: Kaul Hilo\n|-damage|p1b: Kaul Hilo|0 fnt\n|faint|p1b: Kaul Hilo\n|\n|win|Gene10\n|raw|Voth's rating: 1277 &rarr; <strong>1253</strong><br />(-24 for losing)\n|raw|Gene10's rating: 1294 &rarr; <strong>1318</strong><br />(+24 for winning)\n|l|\u2606Gene10\n|player|p2|\n","uploadtime":1767864867,"views":13,"formatid":"gen9vgc2026regi","rating":1253,"private":0,"password":null}