{"id":"gen9vgc2026regi-2567698836","format":"[Gen 9] VGC 2026 Reg I","players":["clefci","ness#1glazer"],"log":"|j|\u2606clefci\n|j|\u2606ness#1glazer\n|t:|1774505995\n|gametype|doubles\n|player|p1|clefci|102|1369\n|player|p2|ness#1glazer|n|1363\n|gen|9\n|tier|[Gen 9] VGC 2026 Reg I\n|rated|\n|rule|Species Clause: Limit one of each Pok\u00e9mon\n|rule|Item Clause: Limit 1 of each item\n|clearpoke\n|poke|p1|Groudon, L50|\n|poke|p1|Lunala, L50|\n|poke|p1|Flutter Mane, L50|\n|poke|p1|Gouging Fire, L50|\n|poke|p1|Jumpluff, L50, M|\n|poke|p1|Raging Bolt, L50|\n|poke|p2|Tornadus, L50, M|\n|poke|p2|Indeedee-F, L50, F|\n|poke|p2|Calyrex-Shadow, L50|\n|poke|p2|Urshifu-*, L50, F|\n|poke|p2|Kyogre, L50|\n|poke|p2|Raichu, L50, M|\n|teampreview|4\n|inactive|Battle timer is ON: inactive players will automatically lose when time's up. (requested by clefci)\n|inactive|clefci has 60 seconds left.\n|inactive|ness#1glazer has 60 seconds left.\n|\n|t:|1774506051\n|teamsize|p1|4\n|teamsize|p2|4\n|start\n|switch|p1a: Lunala|Lunala, L50|100/100\n|switch|p1b: Gouging Fire|Gouging Fire, L50|100/100\n|switch|p2a: Urshifu|Urshifu-Rapid-Strike, L50, F|100/100\n|switch|p2b: Indeedee|Indeedee-F, L50, F|100/100\n|-fieldstart|move: Psychic Terrain|[from] ability: Psychic Surge|[of] p2b: Indeedee\n|turn|1\n|\n|t:|1774506072\n|-end|p1b: Gouging Fire|Protosynthesis|[silent]\n|switch|p1b: Jumpluff|Jumpluff, L50, M|100/100\n|-terastallize|p1a: Lunala|Fairy\n|move|p2b: Indeedee|Follow Me|p2b: Indeedee\n|-singleturn|p2b: Indeedee|move: Follow Me\n|move|p2a: Urshifu|Surging Strikes|p1a: Lunala\n|-crit|p1a: Lunala\n|-damage|p1a: Lunala|90/100\n|-crit|p1a: Lunala\n|-damage|p1a: Lunala|69/100\n|-crit|p1a: Lunala\n|-damage|p1a: Lunala|48/100\n|-hitcount|p1a: Lunala|3\n|move|p1a: Lunala|Dazzling Gleam|p2a: Urshifu|[spread] p2a,p2b\n|-supereffective|p2a: Urshifu\n|-damage|p2a: Urshifu|0 fnt\n|-damage|p2b: Indeedee|58/100\n|faint|p2a: Urshifu\n|\n|upkeep\n|\n|t:|1774506090\n|switch|p2a: Kyogre|Kyogre, L50|100/100\n|-weather|RainDance|[from] ability: Drizzle|[of] p2a: Kyogre\n|turn|2\n|inactive|clefci has 30 seconds left.\n|\n|t:|1774506123\n|-terastallize|p2a: Kyogre|Water\n|move|p2b: Indeedee|Follow Me|p2b: Indeedee\n|-singleturn|p2b: Indeedee|move: Follow Me\n|move|p1b: Jumpluff|Sleep Powder|p2b: Indeedee\n|-activate|p2b: Indeedee|item: Safety Goggles|Sleep Powder\n|move|p2a: Kyogre|Origin Pulse|p1b: Jumpluff|[spread] p1a,p1b\n|-resisted|p1b: Jumpluff\n|-damage|p1a: Lunala|0 fnt\n|-damage|p1b: Jumpluff|44/100\n|faint|p1a: Lunala\n|\n|-weather|RainDance|[upkeep]\n|upkeep\n|\n|t:|1774506134\n|switch|p1a: Groudon|Groudon, L50|100/100\n|-weather|SunnyDay|[from] ability: Drought|[of] p1a: Groudon\n|turn|3\n|\n|t:|1774506143\n|move|p2b: Indeedee|Follow Me|p2b: Indeedee\n|-singleturn|p2b: Indeedee|move: Follow Me\n|move|p1b: Jumpluff|Sleep Powder|p2b: Indeedee\n|-activate|p2b: Indeedee|item: Safety Goggles|Sleep Powder\n|move|p2a: Kyogre|Origin Pulse|p1a: Groudon|[spread] p1b\n|-miss|p2a: Kyogre|p1a: Groudon\n|-resisted|p1b: Jumpluff\n|-damage|p1b: Jumpluff|27/100\n|move|p1a: Groudon|Precipice Blades|p2a: Kyogre|[spread] p2b\n|-miss|p1a: Groudon|p2a: Kyogre\n|-damage|p2b: Indeedee|2/100\n|\n|-weather|SunnyDay|[upkeep]\n|upkeep\n|turn|4\n|\n|t:|1774506155\n|move|p2b: Indeedee|Follow Me|p2b: Indeedee\n|-singleturn|p2b: Indeedee|move: Follow Me\n|move|p1b: Jumpluff|Tailwind|p1b: Jumpluff\n|-sidestart|p1: clefci|move: Tailwind\n|move|p1a: Groudon|Precipice Blades|p2a: Kyogre|[spread] p2a,p2b\n|-damage|p2a: Kyogre|44/100\n|-damage|p2b: Indeedee|0 fnt\n|faint|p2b: Indeedee\n|move|p2a: Kyogre|Origin Pulse|p1b: Jumpluff|[spread] p1a,p1b\n|-supereffective|p1a: Groudon\n|-resisted|p1b: Jumpluff\n|-damage|p1a: Groudon|35/100\n|-damage|p1b: Jumpluff|9/100\n|\n|-weather|SunnyDay|[upkeep]\n|upkeep\n|\n|t:|1774506166\n|switch|p2b: Calyrex|Calyrex-Shadow, L50|100/100\n|-ability|p2b: Calyrex|As One\n|-ability|p2b: Calyrex|Unnerve\n|turn|5\n|\n|t:|1774506176\n|move|p1b: Jumpluff|Sleep Powder|p2b: Calyrex|[miss]\n|-miss|p1b: Jumpluff|p2b: Calyrex\n|move|p1a: Groudon|Precipice Blades|p2a: Kyogre|[spread] p2b\n|-miss|p1a: Groudon|p2a: Kyogre\n|-damage|p2b: Calyrex|44/100\n|move|p2b: Calyrex|Astral Barrage|p1b: Jumpluff|[spread] p1a,p1b\n|-damage|p1a: Groudon|0 fnt\n|-damage|p1b: Jumpluff|0 fnt\n|faint|p1a: Groudon\n|faint|p1b: Jumpluff\n|-ability|p2b: Calyrex|Grim Neigh|boost\n|-boost|p2b: Calyrex|spa|2\n|move|p2a: Kyogre|Origin Pulse|p1: Groudon|[notarget]\n|-fail|p2a: Kyogre\n|\n|-weather|SunnyDay|[upkeep]\n|-fieldend|move: Psychic Terrain\n|upkeep\n|\n|t:|1774506183\n|switch|p1a: Gouging Fire|Gouging Fire, L50|100/100\n|-activate|p1a: Gouging Fire|ability: Protosynthesis\n|-start|p1a: Gouging Fire|protosynthesisspe\n|turn|6\n|\n|t:|1774506188\n|move|p1a: Gouging Fire|Flare Blitz|p2b: Calyrex\n|-damage|p2b: Calyrex|0 fnt\n|faint|p2b: Calyrex\n|-damage|p1a: Gouging Fire|87/100|[from] Recoil\n|move|p2a: Kyogre|Origin Pulse|p1a: Gouging Fire|[miss]\n|-miss|p2a: Kyogre|p1a: Gouging Fire\n|\n|-weather|SunnyDay|[upkeep]\n|upkeep\n|turn|7\n|\n|t:|1774506201\n|move|p2a: Kyogre|Protect|p2a: Kyogre\n|-singleturn|p2a: Kyogre|Protect\n|move|p1a: Gouging Fire|Dragon Claw|p2a: Kyogre\n|-activate|p2a: Kyogre|move: Protect\n|\n|-weather|none\n|-end|p1a: Gouging Fire|Protosynthesis\n|-sideend|p1: clefci|move: Tailwind\n|upkeep\n|turn|8\n|\n|t:|1774506207\n|move|p1a: Gouging Fire|Dragon Claw|p2a: Kyogre\n|-damage|p2a: Kyogre|0 fnt\n|faint|p2a: Kyogre\n|\n|win|clefci\n|raw|clefci's rating: 1369 &rarr; <strong>1389</strong><br />(+20 for winning)\n|raw|ness#1glazer's rating: 1363 &rarr; <strong>1343</strong><br />(-20 for losing)\n|l|\u2606clefci\n|player|p1|\n|l|\u2606ness#1glazer\n|player|p2|\n","uploadtime":1774506438,"views":32,"formatid":"gen9vgc2026regi","rating":1343,"private":0,"password":null}