{"id":"gen9vgc2026regi-2547120532","format":"[Gen 9] VGC 2026 Reg I","players":["drive stone","cxy090506"],"log":"|j|\u2606drive stone\n|j|\u2606cxy090506\n|t:|1772048467\n|gametype|doubles\n|player|p1|drive stone|cilan|1195\n|player|p2|cxy090506|wallace|1227\n|gen|9\n|tier|[Gen 9] VGC 2026 Reg I\n|rated|\n|rule|Species Clause: Limit one of each Pok\u00e9mon\n|rule|Item Clause: Limit 1 of each item\n|clearpoke\n|poke|p1|Calyrex-Ice, L50|\n|poke|p1|Ho-Oh, L50|\n|poke|p1|Overqwil, L50, F|\n|poke|p1|Rillaboom, L50, F|\n|poke|p1|Ting-Lu, L50|\n|poke|p1|Ogerpon-Wellspring, L50, F|\n|poke|p2|Calyrex-Shadow, L50|\n|poke|p2|Indeedee-F, L50, F|\n|poke|p2|Whimsicott, L50, M|\n|poke|p2|Amoonguss, L50, M|\n|poke|p2|Zamazenta-*, L50|\n|poke|p2|Urshifu-*, L50, M|\n|teampreview|4\n|\n|t:|1772048520\n|teamsize|p1|4\n|teamsize|p2|4\n|start\n|switch|p1a: Calyrex|Calyrex-Ice, L50|100/100\n|switch|p1b: Overqwil|Overqwil, L50, F|100/100\n|switch|p2a: Calyrex|Calyrex-Shadow, L50|100/100\n|switch|p2b: Urshifu|Urshifu, L50, M|100/100\n|-ability|p2a: Calyrex|As One\n|-ability|p2a: Calyrex|Unnerve\n|-ability|p1a: Calyrex|As One\n|-ability|p1a: Calyrex|Unnerve\n|-ability|p1b: Overqwil|Intimidate|boost\n|-unboost|p2a: Calyrex|atk|1\n|-unboost|p2b: Urshifu|atk|1\n|turn|1\n|inactive|Battle timer is ON: inactive players will automatically lose when time's up. (requested by cxy090506)\n|\n|t:|1772048548\n|-terastallize|p2a: Calyrex|Fighting\n|-terastallize|p1a: Calyrex|Water\n|move|p2b: Urshifu|Wicked Blow|p1a: Calyrex\n|-crit|p1a: Calyrex\n|-damage|p1a: Calyrex|70/100\n|move|p2a: Calyrex|Astral Barrage|p1b: Overqwil|[spread] p1a,p1b\n|-resisted|p1b: Overqwil\n|-damage|p1a: Calyrex|24/100\n|-damage|p1b: Overqwil|66/100\n|-damage|p2a: Calyrex|91/100|[from] item: Life Orb\n|move|p1b: Overqwil|Barb Barrage|p2b: Urshifu\n|-damage|p2b: Urshifu|78/100\n|-status|p2b: Urshifu|psn\n|move|p1a: Calyrex|Trick Room|p1a: Calyrex\n|-fieldstart|move: Trick Room|[of] p1a: Calyrex\n|\n|-heal|p1a: Calyrex|29/100|[from] item: Leftovers\n|-heal|p1b: Overqwil|72/100|[from] item: Black Sludge\n|-damage|p2b: Urshifu|66/100 psn|[from] psn\n|upkeep\n|turn|2\n|\n|t:|1772048572\n|switch|p1a: Ho-Oh|Ho-Oh, L50|100/100\n|switch|p1b: Ting-Lu|Ting-Lu, L50|100/100\n|-ability|p1b: Ting-Lu|Vessel of Ruin\n|move|p2a: Calyrex|Astral Barrage|p1b: Ting-Lu|[spread] p1a,p1b\n|-resisted|p1b: Ting-Lu\n|-damage|p1a: Ho-Oh|72/100\n|-damage|p1b: Ting-Lu|79/100\n|-damage|p2a: Calyrex|81/100|[from] item: Life Orb\n|move|p2b: Urshifu|Wicked Blow|p1a: Ho-Oh\n|-crit|p1a: Ho-Oh\n|-damage|p1a: Ho-Oh|34/100\n|-damage|p2b: Urshifu|49/100 psn|[from] item: Rocky Helmet|[of] p1a: Ho-Oh\n|\n|-damage|p2b: Urshifu|37/100 psn|[from] psn\n|upkeep\n|turn|3\n|\n|t:|1772048598\n|move|p2a: Calyrex|Protect|p2a: Calyrex\n|-singleturn|p2a: Calyrex|Protect\n|move|p1b: Ting-Lu|Earthquake|p2a: Calyrex|[spread] p2b\n|-activate|p2a: Calyrex|move: Protect\n|-immune|p1a: Ho-Oh\n|-damage|p2b: Urshifu|0 fnt\n|faint|p2b: Urshifu\n|move|p1a: Ho-Oh|Life Dew|p1a: Ho-Oh|[spread] p1a,p1b\n|-heal|p1a: Ho-Oh|59/100\n|-heal|p1b: Ting-Lu|100/100\n|\n|upkeep\n|inactive|cxy090506 has 30 seconds left.\n|\n|t:|1772048629\n|switch|p2b: Indeedee|Indeedee-F, L50, F|100/100\n|-fieldstart|move: Psychic Terrain|[from] ability: Psychic Surge|[of] p2b: Indeedee\n|-enditem|p2b: Indeedee|Psychic Seed\n|-boost|p2b: Indeedee|spd|1|[from] item: Psychic Seed\n|turn|4\n|\n|t:|1772048641\n|move|p1b: Ting-Lu|Earthquake|p2b: Indeedee|[spread] p2a,p2b\n|-immune|p1a: Ho-Oh\n|-damage|p2a: Calyrex|6/100\n|-damage|p2b: Indeedee|49/100\n|move|p1a: Ho-Oh|Sacred Fire|p2a: Calyrex\n|-crit|p2a: Calyrex\n|-damage|p2a: Calyrex|0 fnt\n|faint|p2a: Calyrex\n|move|p2b: Indeedee|Trick Room|p2b: Indeedee\n|-fieldend|move: Trick Room\n|\n|upkeep\n|\n|t:|1772048649\n|switch|p2a: Zamazenta|Zamazenta-Crowned, L50|100/100\n|-ability|p2a: Zamazenta|Dauntless Shield|boost\n|-boost|p2a: Zamazenta|def|1\n|turn|5\n|\n|t:|1772048660\n|move|p2a: Zamazenta|Body Press|p1b: Ting-Lu\n|-supereffective|p1b: Ting-Lu\n|-damage|p1b: Ting-Lu|28/100\n|move|p1a: Ho-Oh|Sacred Fire|p2a: Zamazenta\n|-supereffective|p2a: Zamazenta\n|-damage|p2a: Zamazenta|65/100\n|-status|p2a: Zamazenta|brn\n|move|p2b: Indeedee|Dazzling Gleam|p1a: Ho-Oh|[spread] p1a,p1b\n|-resisted|p1a: Ho-Oh\n|-supereffective|p1b: Ting-Lu\n|-damage|p1a: Ho-Oh|56/100\n|-damage|p1b: Ting-Lu|14/100\n|move|p1b: Ting-Lu|Earthquake|p2b: Indeedee|[spread] p2a,p2b\n|-immune|p1a: Ho-Oh\n|-supereffective|p2a: Zamazenta\n|-damage|p2a: Zamazenta|23/100 brn\n|-damage|p2b: Indeedee|0 fnt\n|faint|p2b: Indeedee\n|\n|-damage|p2a: Zamazenta|17/100 brn|[from] brn\n|upkeep\n|turn|6\n|inactive|drive stone has 30 seconds left.\n|inactive|cxy090506 has 30 seconds left.\n|inactive|drive stone has 20 seconds left.\n|inactive|cxy090506 has 20 seconds left.\n|inactive|cxy090506 has 15 seconds left.\n|inactive|cxy090506 has 10 seconds left.\n|inactive|cxy090506 has 5 seconds left.\n|\n|t:|1772048715\n|switch|p1b: Calyrex|Calyrex-Ice, L50, tera:Water|29/100\n|-ability|p1b: Calyrex|As One\n|-ability|p1b: Calyrex|Unnerve\n|move|p2a: Zamazenta|Behemoth Bash|p1b: Calyrex\n|-resisted|p1b: Calyrex\n|-damage|p1b: Calyrex|25/100\n|move|p1a: Ho-Oh|Life Dew|p1a: Ho-Oh|[spread] p1a,p1b\n|-heal|p1a: Ho-Oh|81/100\n|-heal|p1b: Calyrex|50/100\n|\n|-heal|p1b: Calyrex|56/100|[from] item: Leftovers\n|-damage|p2a: Zamazenta|11/100 brn|[from] brn\n|upkeep\n|turn|7\n|inactive|cxy090506 has 30 seconds left.\n|inactive|cxy090506 has 20 seconds left.\n|inactive|cxy090506 has 15 seconds left.\n|inactive|cxy090506 has 10 seconds left.\n|inactive|cxy090506 has 5 seconds left.\n|\n|t:|1772048770\n|move|p1b: Calyrex|Protect|p1b: Calyrex\n|-singleturn|p1b: Calyrex|Protect\n|move|p2a: Zamazenta|Behemoth Bash|p1b: Calyrex\n|-activate|p1b: Calyrex|move: Protect\n|move|p1a: Ho-Oh|Sacred Fire|p2a: Zamazenta\n|-supereffective|p2a: Zamazenta\n|-damage|p2a: Zamazenta|0 fnt\n|faint|p2a: Zamazenta\n|\n|win|drive stone\n|raw|drive stone's rating: 1195 &rarr; <strong>1222</strong><br />(+27 for winning)\n|raw|cxy090506's rating: 1227 &rarr; <strong>1200</strong><br />(-27 for losing)\n|l|\u2606drive stone\n|player|p1|\n","uploadtime":1772049029,"views":11,"formatid":"gen9vgc2026regi","rating":1200,"private":0,"password":null}