{"id":"gen9vgc2026regi-2570092928","format":"[Gen 9] VGC 2026 Reg I","players":["Gial77","sunny_zong2"],"log":"|j|\u2606Gial77\n|j|\u2606sunny_zong2\n|t:|1774768964\n|gametype|doubles\n|player|p1|Gial77|266|1128\n|player|p2|sunny_zong2|170|1113\n|gen|9\n|tier|[Gen 9] VGC 2026 Reg I\n|rated|\n|rule|Species Clause: Limit one of each Pok\u00e9mon\n|rule|Item Clause: Limit 1 of each item\n|clearpoke\n|poke|p1|Miraidon, L50|\n|poke|p1|Garganacl, L50, F|\n|poke|p1|Zekrom, L50|\n|poke|p1|Toxapex, L50, M|\n|poke|p1|Incineroar, L50, M|\n|poke|p1|Thundurus, L50, M|\n|poke|p2|Glimmora, L50, F|\n|poke|p2|Eternatus, L50|\n|poke|p2|Miraidon, L50|\n|poke|p2|Muk-Alola, L50, F|\n|poke|p2|Incineroar, L50, F|\n|poke|p2|Grimmsnarl, L50, M|\n|teampreview|4\n|inactive|Battle timer is ON: inactive players will automatically lose when time's up. (requested by Gial77)\n|inactive|sunny_zong2 also wants the timer to be on.\n|inactive|Gial77 has 60 seconds left.\n|inactive|sunny_zong2 has 60 seconds left.\n|\n|t:|1774769019\n|teamsize|p1|4\n|teamsize|p2|4\n|start\n|switch|p1a: Miraidon|Miraidon, L50|100/100\n|switch|p1b: Zekrom|Zekrom, L50|100/100\n|switch|p2a: Grimmsnarl|Grimmsnarl, L50, M|100/100\n|switch|p2b: Glimmora|Glimmora, L50, F|100/100\n|-fieldstart|move: Electric Terrain|[from] ability: Hadron Engine|[of] p1a: Miraidon\n|-ability|p1b: Zekrom|Teravolt\n|turn|1\n|inactive|Gial77 has 30 seconds left.\n|inactive|Gial77 has 20 seconds left.\n|\n|t:|1774769055\n|-terastallize|p1a: Miraidon|Electric\n|move|p2a: Grimmsnarl|Light Screen|p2a: Grimmsnarl\n|-sidestart|p2: sunny_zong2|move: Light Screen\n|move|p1a: Miraidon|Discharge|p2a: Grimmsnarl|[spread] p1b,p2a,p2b\n|-resisted|p1b: Zekrom\n|-damage|p1b: Zekrom|84/100\n|-damage|p2a: Grimmsnarl|61/100\n|-damage|p2b: Glimmora|24/100\n|-status|p2b: Glimmora|par\n|-enditem|p1b: Zekrom|Cell Battery\n|-boost|p1b: Zekrom|atk|1|[from] item: Cell Battery\n|move|p1b: Zekrom|Charge|p1b: Zekrom\n|-boost|p1b: Zekrom|spd|1\n|-start|p1b: Zekrom|Charge\n|move|p2b: Glimmora|Mortal Spin|p1b: Zekrom|[spread] p1a,p1b\n|-damage|p1a: Miraidon|96/100\n|-damage|p1b: Zekrom|80/100\n|-status|p1a: Miraidon|psn\n|-status|p1b: Zekrom|psn\n|\n|-damage|p1a: Miraidon|83/100 psn|[from] psn\n|-damage|p1b: Zekrom|68/100 psn|[from] psn\n|upkeep\n|turn|2\n|\n|t:|1774769079\n|move|p2a: Grimmsnarl|Reflect|p2a: Grimmsnarl\n|-sidestart|p2: sunny_zong2|Reflect\n|move|p1a: Miraidon|Discharge|p2b: Glimmora|[spread] p1b,p2a,p2b\n|-resisted|p1b: Zekrom\n|-damage|p1b: Zekrom|57/100 psn\n|-damage|p2a: Grimmsnarl|22/100\n|-damage|p2b: Glimmora|0 fnt\n|faint|p2b: Glimmora\n|move|p1b: Zekrom|Fusion Bolt|p2a: Grimmsnarl\n|-damage|p2a: Grimmsnarl|0 fnt\n|faint|p2a: Grimmsnarl\n|-end|p1b: Zekrom|Charge|[silent]\n|\n|-damage|p1a: Miraidon|71/100 psn|[from] psn\n|-damage|p1b: Zekrom|44/100 psn|[from] psn\n|upkeep\n|\n|t:|1774769086\n|switch|p2b: Eternatus|Eternatus, L50|100/100\n|switch|p2a: Miraidon|Miraidon, L50|100/100\n|-activate|p2a: Miraidon|ability: Hadron Engine\n|-ability|p2b: Eternatus|Pressure\n|turn|3\n|\n|t:|1774769105\n|switch|p1a: Incineroar|Incineroar, L50, M|100/100\n|-ability|p1a: Incineroar|Intimidate|boost\n|-unboost|p2a: Miraidon|atk|1\n|-unboost|p2b: Eternatus|atk|1\n|move|p1b: Zekrom|Protect|p1b: Zekrom\n|-singleturn|p1b: Zekrom|Protect\n|move|p2a: Miraidon|Dazzling Gleam|p1a: Incineroar|[spread] p1a\n|-activate|p1b: Zekrom|move: Protect\n|-damage|p1a: Incineroar|64/100\n|move|p2b: Eternatus|Cosmic Power|p2b: Eternatus\n|-boost|p2b: Eternatus|def|1\n|-boost|p2b: Eternatus|spd|1\n|\n|-damage|p1b: Zekrom|32/100 psn|[from] psn\n|upkeep\n|turn|4\n|\n|t:|1774769125\n|-terastallize|p2a: Miraidon|Electric\n|move|p1a: Incineroar|Fake Out|p2a: Miraidon\n|-damage|p2a: Miraidon|93/100\n|cant|p2a: Miraidon|flinch\n|move|p2b: Eternatus|Sludge Bomb|p1b: Zekrom\n|-damage|p1b: Zekrom|6/100 psn\n|move|p1b: Zekrom|Outrage|p2a: Miraidon\n|-damage|p2a: Miraidon|12/100\n|\n|-damage|p1b: Zekrom|0 fnt|[from] psn\n|faint|p1b: Zekrom\n|upkeep\n|\n|t:|1774769140\n|switch|p1b: Miraidon|Miraidon, L50, tera:Electric|71/100 psn\n|-activate|p1b: Miraidon|ability: Hadron Engine\n|turn|5\n|\n|t:|1774769158\n|move|p1b: Miraidon|Volt Switch|p2a: Miraidon\n|-resisted|p2a: Miraidon\n|-damage|p2a: Miraidon|0 fnt\n|faint|p2a: Miraidon\n|\n|t:|1774769163\n|switch|p1b: Garganacl|Garganacl, L50, F|100/100|[from] Volt Switch\n|move|p2b: Eternatus|Sludge Bomb|p1b: Garganacl\n|-resisted|p1b: Garganacl\n|-damage|p1b: Garganacl|82/100\n|move|p1a: Incineroar|Knock Off|p2b: Eternatus\n|-damage|p2b: Eternatus|88/100\n|-enditem|p2b: Eternatus|Leftovers|[from] move: Knock Off|[of] p1a: Incineroar\n|\n|-heal|p1b: Garganacl|88/100|[from] item: Leftovers\n|-fieldend|move: Electric Terrain\n|upkeep\n|turn|6\n|-message|sunny_zong2 forfeited.\n|\n|win|Gial77\n|raw|Gial77's rating: 1128 &rarr; <strong>1152</strong><br />(+24 for winning)\n|raw|sunny_zong2's rating: 1113 &rarr; <strong>1089</strong><br />(-24 for losing)\n|l|\u2606sunny_zong2\n|player|p2|\n|l|\u2606Gial77\n|player|p1|\n","uploadtime":1774769335,"views":10,"formatid":"gen9vgc2026regi","rating":1089,"private":0,"password":null}