{"id":"gen9vgc2026regi-2569140356","format":"[Gen 9] VGC 2026 Reg I","players":["Orbwhisper","myminiman"],"log":"|j|\u2606Orbwhisper\n|j|\u2606myminiman\n|t:|1774652783\n|gametype|doubles\n|player|p1|Orbwhisper|swimmerf-gen4|1373\n|player|p2|myminiman|bea|1481\n|gen|9\n|tier|[Gen 9] VGC 2026 Reg I\n|rated|\n|rule|Species Clause: Limit one of each Pok\u00e9mon\n|rule|Item Clause: Limit 1 of each item\n|clearpoke\n|poke|p1|Calyrex-Ice, L50|\n|poke|p1|Lunala, L50|\n|poke|p1|Smeargle, L50, M|\n|poke|p1|Urshifu-*, L50, M|\n|poke|p1|Torkoal, L50, M|\n|poke|p1|Indeedee-F, L50, F|\n|poke|p2|Calyrex-Ice, L50|\n|poke|p2|Lunala, L50|\n|poke|p2|Rillaboom, L50, F|\n|poke|p2|Incineroar, L50, M|\n|teampreview|4\n|inactive|Battle timer is ON: inactive players will automatically lose when time's up. (requested by Orbwhisper)\n|\n|t:|1774652805\n|teamsize|p1|4\n|teamsize|p2|4\n|start\n|switch|p1a: Indeedee|Indeedee-F, L50, F, shiny|100/100\n|switch|p1b: Calyrex|Calyrex-Ice, L50|100/100\n|switch|p2a: Lunala|Lunala, L50|100/100\n|switch|p2b: Calyrex|Calyrex-Ice, L50|100/100\n|-ability|p2b: Calyrex|As One\n|-ability|p2b: Calyrex|Unnerve\n|-ability|p1b: Calyrex|As One\n|-ability|p1b: Calyrex|Unnerve\n|-fieldstart|move: Psychic Terrain|[from] ability: Psychic Surge|[of] p1a: Indeedee\n|turn|1\n|\n|t:|1774652820\n|move|p2a: Lunala|Meteor Beam||[still]\n|-prepare|p2a: Lunala|Meteor Beam\n|-boost|p2a: Lunala|spa|1\n|-enditem|p2a: Lunala|Power Herb\n|-anim|p2a: Lunala|Meteor Beam|p1b: Calyrex|[miss]\n|-miss|p2a: Lunala|p1b: Calyrex\n|move|p2b: Calyrex|Glacial Lance|p1a: Indeedee|[spread] p1a,p1b\n|-resisted|p1b: Calyrex\n|-damage|p1a: Indeedee|45/100\n|-damage|p1b: Calyrex|82/100\n|move|p1b: Calyrex|Imprison|p1b: Calyrex\n|-start|p1b: Calyrex|move: Imprison\n|move|p1a: Indeedee|Trick Room|p1a: Indeedee\n|-fieldstart|move: Trick Room|[of] p1a: Indeedee\n|\n|upkeep\n|turn|2\n|inactive|myminiman has 30 seconds left.\n|\n|t:|1774652848\n|move|p2a: Lunala|Wide Guard|p2a: Lunala\n|-singleturn|p2a: Lunala|Wide Guard\n|move|p1a: Indeedee|Follow Me|p1a: Indeedee\n|-singleturn|p1a: Indeedee|move: Follow Me\n|move|p1b: Calyrex|Glacial Lance|p2a: Lunala|[spread] \n|-activate|p2a: Lunala|move: Wide Guard\n|-activate|p2b: Calyrex|move: Wide Guard\n|move|p2b: Calyrex|Leech Seed|p1a: Indeedee\n|-start|p1a: Indeedee|move: Leech Seed\n|\n|-damage|p1a: Indeedee|32/100|[from] Leech Seed|[of] p2b: Calyrex\n|upkeep\n|turn|3\n|\n|t:|1774652863\n|move|p1a: Indeedee|Follow Me|p1a: Indeedee\n|-singleturn|p1a: Indeedee|move: Follow Me\n|move|p1b: Calyrex|High Horsepower|p2a: Lunala|[miss]\n|-miss|p1b: Calyrex|p2a: Lunala\n|move|p2b: Calyrex|Leech Seed||[still]\n|-fail|p2b: Calyrex\n|move|p2a: Lunala|Moongeist Beam|p1a: Indeedee\n|-immune|p1a: Indeedee\n|\n|-damage|p1a: Indeedee|20/100|[from] Leech Seed|[of] p2b: Calyrex\n|upkeep\n|turn|4\n|\n|t:|1774652882\n|move|p1a: Indeedee|Follow Me|p1a: Indeedee\n|-singleturn|p1a: Indeedee|move: Follow Me\n|move|p1b: Calyrex|High Horsepower|p2a: Lunala\n|-damage|p2a: Lunala|85/100\n|move|p2b: Calyrex|Leech Seed||[still]\n|-fail|p2b: Calyrex\n|move|p2a: Lunala|Meteor Beam||[still]\n|-prepare|p2a: Lunala|Meteor Beam\n|-boost|p2a: Lunala|spa|1\n|\n|-damage|p1a: Indeedee|7/100|[from] Leech Seed|[of] p2b: Calyrex\n|upkeep\n|turn|5\n|\n|t:|1774652892\n|move|p1a: Indeedee|Follow Me|p1a: Indeedee\n|-singleturn|p1a: Indeedee|move: Follow Me\n|move|p1b: Calyrex|Glacial Lance|p2b: Calyrex|[spread] p2a,p2b\n|-resisted|p2b: Calyrex\n|-damage|p2a: Lunala|43/100\n|-damage|p2b: Calyrex|85/100\n|move|p2b: Calyrex|Leech Seed||[still]\n|-fail|p2b: Calyrex\n|move|p2a: Lunala|Meteor Beam|p1a: Indeedee|[from] lockedmove\n|-damage|p1a: Indeedee|0 fnt\n|faint|p1a: Indeedee\n|\n|-heal|p2b: Calyrex|90/100|[from] item: Leftovers\n|-fieldend|move: Trick Room\n|-fieldend|move: Psychic Terrain\n|upkeep\n|\n|t:|1774652903\n|switch|p1a: Torkoal|Torkoal, L50, M, shiny|100/100\n|-weather|SunnyDay|[from] ability: Drought|[of] p1a: Torkoal\n|turn|6\n|inactive|myminiman has 30 seconds left.\n|inactive|myminiman has 20 seconds left.\n|\n|t:|1774652939\n|-terastallize|p2a: Lunala|Water\n|move|p2a: Lunala|Moongeist Beam|p1a: Torkoal\n|-damage|p1a: Torkoal|0 fnt\n|faint|p1a: Torkoal\n|move|p2b: Calyrex|Leech Seed|p1b: Calyrex\n|-start|p1b: Calyrex|move: Leech Seed\n|move|p1b: Calyrex|Trick Room|p1b: Calyrex\n|-fieldstart|move: Trick Room|[of] p1b: Calyrex\n|\n|-weather|SunnyDay|[upkeep]\n|-heal|p2b: Calyrex|96/100|[from] item: Leftovers\n|-damage|p1b: Calyrex|70/100|[from] Leech Seed|[of] p2b: Calyrex\n|-heal|p2b: Calyrex|100/100|[silent]\n|upkeep\n|\n|t:|1774652945\n|switch|p1a: Lunala|Lunala, L50|100/100\n|turn|7\n|\n|t:|1774652961\n|move|p1b: Calyrex|Glacial Lance|p2b: Calyrex|[spread] p2a,p2b\n|-resisted|p2a: Lunala\n|-resisted|p2b: Calyrex\n|-crit|p2b: Calyrex\n|-damage|p2a: Lunala|21/100\n|-damage|p2b: Calyrex|72/100\n|move|p2b: Calyrex|Leech Seed|p1a: Lunala\n|-start|p1a: Lunala|move: Leech Seed\n|move|p2a: Lunala|Moongeist Beam|p1a: Lunala\n|-supereffective|p1a: Lunala\n|-damage|p1a: Lunala|0 fnt\n|faint|p1a: Lunala\n|\n|-weather|SunnyDay|[upkeep]\n|-heal|p2b: Calyrex|77/100|[from] item: Leftovers\n|-damage|p1b: Calyrex|58/100|[from] Leech Seed|[of] p2b: Calyrex\n|-heal|p2b: Calyrex|89/100|[silent]\n|upkeep\n|turn|8\n|\n|t:|1774652985\n|move|p2a: Lunala|Wide Guard|p2a: Lunala\n|-singleturn|p2a: Lunala|Wide Guard\n|move|p1b: Calyrex|Glacial Lance|p2a: Lunala|[spread] \n|-activate|p2a: Lunala|move: Wide Guard\n|-activate|p2b: Calyrex|move: Wide Guard\n|move|p2b: Calyrex|Leech Seed||[still]\n|-fail|p2b: Calyrex\n|\n|-weather|SunnyDay|[upkeep]\n|-heal|p2b: Calyrex|95/100|[from] item: Leftovers\n|-damage|p1b: Calyrex|45/100|[from] Leech Seed|[of] p2b: Calyrex\n|-heal|p2b: Calyrex|100/100|[silent]\n|upkeep\n|turn|9\n|-message|Orbwhisper forfeited.\n|\n|win|myminiman\n|raw|Orbwhisper's rating: 1373 &rarr; <strong>1359</strong><br />(-14 for losing)\n|raw|myminiman's rating: 1481 &rarr; <strong>1495</strong><br />(+14 for winning)\n","uploadtime":1774652998,"views":22,"formatid":"gen9vgc2026regi","rating":1359,"private":0,"password":null}