{"id":"gen9vgc2026regi-2550553420","format":"[Gen 9] VGC 2026 Reg I","players":["88ccl3","it'sjustken vgc"],"log":"|j|\u260688ccl3\n|j|\u2606it'sjustken vgc\n|t:|1772499681\n|gametype|doubles\n|player|p1|88ccl3|2|1418\n|player|p2|it'sjustken vgc|2|1345\n|gen|9\n|tier|[Gen 9] VGC 2026 Reg I\n|rated|\n|rule|Species Clause: Limit one of each Pok\u00e9mon\n|rule|Item Clause: Limit 1 of each item\n|clearpoke\n|poke|p1|Koraidon, L50|\n|poke|p1|Lunala, L50|\n|poke|p1|Flutter Mane, L50|\n|poke|p1|Chi-Yu, L50|\n|poke|p1|Brute Bonnet, L50|\n|poke|p1|Ursaluna, L50, M|\n|poke|p2|Koraidon, L50|\n|poke|p2|Incineroar, L50, M|\n|poke|p2|Calyrex-Shadow, L50|\n|poke|p2|Amoonguss, L50, F|\n|poke|p2|Urshifu-*, L50, F|\n|poke|p2|Tornadus, L50, M|\n|teampreview|4\n|inactive|Battle timer is ON: inactive players will automatically lose when time's up. (requested by it'sjustken vgc)\n|\n|t:|1772499712\n|teamsize|p1|4\n|teamsize|p2|4\n|start\n|switch|p1a: Koraidon|Koraidon, L50|100/100\n|switch|p1b: Lunala|Lunala, L50|100/100\n|switch|p2a: Tornadus|Tornadus, L50, M|100/100\n|switch|p2b: Urshifu|Urshifu-Rapid-Strike, L50, F|100/100\n|-weather|SunnyDay|[from] ability: Orichalcum Pulse|[of] p1a: Koraidon\n|-activate|p1a: Koraidon|Orichalcum Pulse|[source]\n|turn|1\n|inactive|88ccl3 has 30 seconds left.\n|\n|t:|1772499738\n|-terastallize|p2b: Urshifu|Water\n|-terastallize|p1b: Lunala|Water\n|move|p2a: Tornadus|Rain Dance|p2a: Tornadus\n|-weather|RainDance\n|move|p2b: Urshifu|Surging Strikes|p1b: Lunala\n|-resisted|p1b: Lunala\n|-crit|p1b: Lunala\n|-damage|p1b: Lunala|92/100\n|-resisted|p1b: Lunala\n|-crit|p1b: Lunala\n|-damage|p1b: Lunala|75/100\n|-resisted|p1b: Lunala\n|-crit|p1b: Lunala\n|-damage|p1b: Lunala|58/100\n|-hitcount|p1b: Lunala|3\n|move|p1a: Koraidon|Close Combat|p2b: Urshifu\n|-damage|p2b: Urshifu|10/100\n|-unboost|p1a: Koraidon|def|1\n|-unboost|p1a: Koraidon|spd|1\n|-damage|p1a: Koraidon|91/100|[from] item: Life Orb\n|move|p1b: Lunala|Trick Room|p1b: Lunala\n|-fieldstart|move: Trick Room|[of] p1b: Lunala\n|\n|-weather|RainDance|[upkeep]\n|upkeep\n|turn|2\n|inactive|88ccl3 has 30 seconds left.\n|\n|t:|1772499765\n|switch|p2a: Amoonguss|Amoonguss, L50, F|100/100\n|switch|p2b: Calyrex|Calyrex-Shadow, L50|100/100\n|-ability|p2b: Calyrex|As One\n|-ability|p2b: Calyrex|Unnerve\n|move|p1b: Lunala|Meteor Beam||[still]\n|-prepare|p1b: Lunala|Meteor Beam\n|-boost|p1b: Lunala|spa|1\n|-enditem|p1b: Lunala|Power Herb\n|-anim|p1b: Lunala|Meteor Beam|p2a: Amoonguss\n|-damage|p2a: Amoonguss|38/100\n|-enditem|p2a: Amoonguss|Sitrus Berry|[eat]\n|-heal|p2a: Amoonguss|62/100|[from] item: Sitrus Berry\n|move|p1a: Koraidon|Close Combat|p2b: Calyrex\n|-immune|p2b: Calyrex\n|\n|-weather|RainDance|[upkeep]\n|upkeep\n|turn|3\n|inactive|88ccl3 has 30 seconds left.\n|inactive|88ccl3 has 20 seconds left.\n|inactive|88ccl3 has 15 seconds left.\n|inactive|88ccl3 has 10 seconds left.\n|\n|t:|1772499815\n|switch|p1a: Brute Bonnet|Brute Bonnet, L50|100/100\n|move|p1b: Lunala|Wide Guard|p1b: Lunala\n|-singleturn|p1b: Lunala|Wide Guard\n|move|p2a: Amoonguss|Spore|p1b: Lunala\n|-status|p1b: Lunala|slp|[from] move: Spore\n|move|p2b: Calyrex|Psychic|p1a: Brute Bonnet\n|-immune|p1a: Brute Bonnet\n|\n|-weather|RainDance|[upkeep]\n|upkeep\n|turn|4\n|\n|t:|1772499836\n|switch|p1b: Ursaluna|Ursaluna, L50, M|100/100\n|switch|p2b: Tornadus|Tornadus, L50, M|100/100\n|move|p2a: Amoonguss|Sludge Bomb|p1b: Ursaluna\n|-resisted|p1b: Ursaluna\n|-damage|p1b: Ursaluna|88/100\n|-status|p1b: Ursaluna|psn\n|move|p1a: Brute Bonnet|Spore|p2b: Tornadus\n|-activate|p2b: Tornadus|item: Safety Goggles|Spore\n|\n|-weather|RainDance|[upkeep]\n|-damage|p1b: Ursaluna|76/100 psn|[from] psn\n|upkeep\n|turn|5\n|\n|t:|1772499859\n|move|p2a: Amoonguss|Rage Powder|p2a: Amoonguss\n|-singleturn|p2a: Amoonguss|move: Rage Powder\n|move|p1b: Ursaluna|Facade|p2a: Amoonguss\n|-damage|p2a: Amoonguss|0 fnt\n|faint|p2a: Amoonguss\n|move|p1a: Brute Bonnet|Seed Bomb|p2b: Tornadus\n|-resisted|p2b: Tornadus\n|-damage|p2b: Tornadus|77/100\n|move|p2b: Tornadus|Bleakwind Storm|p1a: Brute Bonnet|[spread] p1a,p1b\n|-supereffective|p1a: Brute Bonnet\n|-damage|p1a: Brute Bonnet|45/100\n|-damage|p1b: Ursaluna|46/100 psn\n|-enditem|p1a: Brute Bonnet|Sitrus Berry|[eat]\n|-heal|p1a: Brute Bonnet|69/100|[from] item: Sitrus Berry\n|\n|-weather|none\n|-damage|p1b: Ursaluna|34/100 psn|[from] psn\n|-fieldend|move: Trick Room\n|upkeep\n|\n|t:|1772499875\n|switch|p2a: Urshifu|Urshifu-Rapid-Strike, L50, F, tera:Water|10/100\n|turn|6\n|\n|t:|1772499885\n|move|p2a: Urshifu|Aqua Jet|p1b: Ursaluna\n|-supereffective|p1b: Ursaluna\n|-damage|p1b: Ursaluna|0 fnt\n|faint|p1b: Ursaluna\n|move|p1a: Brute Bonnet|Sucker Punch||[still]\n|-fail|p1a: Brute Bonnet\n|move|p2b: Tornadus|Bleakwind Storm|p1a: Brute Bonnet\n|-supereffective|p1a: Brute Bonnet\n|-damage|p1a: Brute Bonnet|0 fnt\n|faint|p1a: Brute Bonnet\n|-end|p1a: Brute Bonnet|Protosynthesis|[silent]\n|\n|upkeep\n|\n|t:|1772499897\n|switch|p1a: Lunala|Lunala, L50, tera:Water|58/100 slp\n|switch|p1b: Koraidon|Koraidon, L50|91/100\n|-weather|SunnyDay|[from] ability: Orichalcum Pulse|[of] p1b: Koraidon\n|-activate|p1b: Koraidon|Orichalcum Pulse|[source]\n|turn|7\n|inactive|88ccl3 has 30 seconds left.\n|inactive|it'sjustken vgc has 30 seconds left.\n|inactive|88ccl3 has 20 seconds left.\n|inactive|it'sjustken vgc has 20 seconds left.\n|inactive|88ccl3 has 15 seconds left.\n|inactive|it'sjustken vgc has 15 seconds left.\n|\n|t:|1772499937\n|switch|p2a: Calyrex|Calyrex-Shadow, L50|100/100\n|-ability|p2a: Calyrex|As One\n|-ability|p2a: Calyrex|Unnerve\n|move|p2b: Tornadus|Rain Dance|p2b: Tornadus\n|-weather|RainDance\n|move|p1b: Koraidon|Flame Charge|p2a: Calyrex\n|-damage|p2a: Calyrex|88/100\n|-boost|p1b: Koraidon|spe|1\n|-damage|p1b: Koraidon|81/100|[from] item: Life Orb\n|cant|p1a: Lunala|slp\n|\n|-weather|RainDance|[upkeep]\n|upkeep\n|turn|8\n|\n|t:|1772499956\n|move|p1b: Koraidon|Protect|p1b: Koraidon\n|-singleturn|p1b: Koraidon|Protect\n|move|p2a: Calyrex|Psychic|p1a: Lunala\n|-damage|p1a: Lunala|3/100 slp\n|-unboost|p1a: Lunala|spd|1\n|-damage|p2a: Calyrex|79/100|[from] item: Life Orb\n|move|p2b: Tornadus|Bleakwind Storm|p1b: Koraidon|[spread] p1a\n|-activate|p1b: Koraidon|move: Protect\n|-damage|p1a: Lunala|0 fnt\n|faint|p1a: Lunala\n|\n|-weather|RainDance|[upkeep]\n|upkeep\n|turn|9\n|\n|t:|1772499979\n|move|p1b: Koraidon|Protect|p1b: Koraidon\n|-singleturn|p1b: Koraidon|Protect\n|move|p2b: Tornadus|Tailwind|p2b: Tornadus\n|-sidestart|p2: it'sjustken vgc|move: Tailwind\n|move|p2a: Calyrex|Psychic|p1b: Koraidon\n|-activate|p1b: Koraidon|move: Protect\n|\n|-weather|RainDance|[upkeep]\n|upkeep\n|turn|10\n|\n|t:|1772499988\n|move|p1b: Koraidon|Protect||[still]\n|-fail|p1b: Koraidon\n|move|p2a: Calyrex|Psychic|p1b: Koraidon\n|-supereffective|p1b: Koraidon\n|-damage|p1b: Koraidon|0 fnt\n|faint|p1b: Koraidon\n|-damage|p2a: Calyrex|69/100|[from] item: Life Orb\n|\n|win|it'sjustken vgc\n|raw|88ccl3's rating: 1418 &rarr; <strong>1394</strong><br />(-24 for losing)\n|raw|it&apos;sjustken vgc's rating: 1345 &rarr; <strong>1369</strong><br />(+24 for winning)\n|l|\u260688ccl3\n|player|p1|\n","uploadtime":1772500021,"views":12,"formatid":"gen9vgc2026regi","rating":1369,"private":0,"password":null}