{"id":"gen9vgc2026regi-2579602075","format":"[Gen 9] VGC 2026 Reg I","players":["LinkXSwords","TheManOfSausage"],"log":"|j|\u2606LinkXSwords\n|j|\u2606TheManOfSausage\n|t:|1775804151\n|gametype|doubles\n|player|p1|LinkXSwords|zinnia|1525\n|player|p2|TheManOfSausage|miku-water|1652\n|gen|9\n|tier|[Gen 9] VGC 2026 Reg I\n|rated|\n|rule|Species Clause: Limit one of each Pok\u00e9mon\n|rule|Item Clause: Limit 1 of each item\n|clearpoke\n|poke|p1|Calyrex-Ice, L50|\n|poke|p1|Miraidon, L50|\n|poke|p1|Iron Hands, L50|\n|poke|p1|Farigiraf, L50, M|\n|poke|p1|Ogerpon-Hearthflame, L50, F|\n|poke|p1|Urshifu-*, L50, M|\n|poke|p2|Calyrex-Ice, L50|\n|poke|p2|Miraidon, L50|\n|poke|p2|Farigiraf, L50, F|\n|poke|p2|Urshifu-*, L50, M|\n|poke|p2|Volcarona, L50, M|\n|poke|p2|Iron Hands, L50|\n|teampreview|4\nTheManOfSausage has agreed to open team sheets.\nLinkXSwords rejected open team sheets.\n|\n|t:|1775804163\n|teamsize|p1|4\n|teamsize|p2|4\n|start\n|switch|p1a: Belmonda|Miraidon, L50|100/100\n|switch|p1b: Rafa|Farigiraf, L50, M, shiny|100/100\n|switch|p2a: Magical Mirai|Miraidon, L50|100/100\n|switch|p2b: Ogurin|Calyrex-Ice, L50|100/100\n|-ability|p2b: Ogurin|As One\n|-ability|p2b: Ogurin|Unnerve\n|-fieldstart|move: Electric Terrain|[from] ability: Hadron Engine|[of] p2a: Magical Mirai\n|-activate|p1a: Belmonda|ability: Hadron Engine\n|turn|1\n|inactive|Battle timer is ON: inactive players will automatically lose when time's up. (requested by LinkXSwords)\n|\n|t:|1775804173\n|-terastallize|p1a: Belmonda|Fairy\n|move|p2b: Ogurin|Protect|p2b: Ogurin\n|-singleturn|p2b: Ogurin|Protect\n|move|p2a: Magical Mirai|Volt Switch|p1b: Rafa\n|-damage|p1b: Rafa|29/100\n|\n|t:|1775804175\n|switch|p2a: Volcarona|Volcarona, L50, M, shiny|100/100|[from] Volt Switch\n|move|p1a: Belmonda|Dazzling Gleam|p2a: Volcarona|[spread] p2a\n|-activate|p2b: Ogurin|move: Protect\n|-resisted|p2a: Volcarona\n|-damage|p2a: Volcarona|71/100\n|move|p1b: Rafa|Foul Play|p2b: Ogurin\n|-activate|p2b: Ogurin|move: Protect\n|\n|upkeep\n|turn|2\n|\n|t:|1775804186\n|move|p1a: Belmonda|Dazzling Gleam|p2b: Ogurin|[spread] p2a,p2b\n|-resisted|p2a: Volcarona\n|-damage|p2a: Volcarona|43/100\n|-damage|p2b: Ogurin|55/100\n|move|p2a: Volcarona|Fiery Dance|p1b: Rafa\n|-damage|p1b: Rafa|0 fnt\n|faint|p1b: Rafa\n|move|p2b: Ogurin|Trick Room|p2b: Ogurin\n|-fieldstart|move: Trick Room|[of] p2b: Ogurin\n|\n|upkeep\n|\n|t:|1775804194\n|switch|p1b: Cabez\u00f3n|Calyrex-Ice, L50|100/100\n|-ability|p1b: Cabez\u00f3n|As One\n|-ability|p1b: Cabez\u00f3n|Unnerve\n|turn|3\n|\n|t:|1775804201\n|switch|p1a: Ibai|Iron Hands, L50|100/100\n|-activate|p1a: Ibai|ability: Quark Drive\n|-start|p1a: Ibai|quarkdriveatk\n|move|p1b: Cabez\u00f3n|Protect|p1b: Cabez\u00f3n\n|-singleturn|p1b: Cabez\u00f3n|Protect\n|move|p2b: Ogurin|Glacial Lance|p1a: Ibai|[spread] p1a\n|-activate|p1b: Cabez\u00f3n|move: Protect\n|-damage|p1a: Ibai|57/100\n|move|p2a: Volcarona|Fiery Dance|p1a: Ibai\n|-damage|p1a: Ibai|31/100\n|-boost|p2a: Volcarona|spa|1\n|\n|upkeep\n|turn|4\n|inactive|LinkXSwords has 30 seconds left.\n|\n|t:|1775804230\n|move|p2b: Ogurin|Protect|p2b: Ogurin\n|-singleturn|p2b: Ogurin|Protect\n|move|p2a: Volcarona|Protect|p2a: Volcarona\n|-singleturn|p2a: Volcarona|Protect\n|move|p1b: Cabez\u00f3n|Glacial Lance|p2b: Ogurin|[spread] \n|-activate|p2a: Volcarona|move: Protect\n|-activate|p2b: Ogurin|move: Protect\n|move|p1a: Ibai|Wild Charge|p2a: Volcarona\n|-activate|p2a: Volcarona|move: Protect\n|\n|upkeep\n|turn|5\n|\n|t:|1775804238\n|move|p2b: Ogurin|Glacial Lance|p1a: Ibai|[spread] p1a,p1b\n|-resisted|p1b: Cabez\u00f3n\n|-damage|p1a: Ibai|0 fnt\n|-damage|p1b: Cabez\u00f3n|80/100\n|faint|p1a: Ibai\n|-end|p1a: Ibai|Quark Drive|[silent]\n|-ability|p2b: Ogurin|Chilling Neigh|boost\n|-boost|p2b: Ogurin|atk|1\n|move|p1b: Cabez\u00f3n|High Horsepower|p2b: Ogurin\n|-damage|p2b: Ogurin|30/100\n|move|p2a: Volcarona|Fiery Dance|p1b: Cabez\u00f3n\n|-supereffective|p1b: Cabez\u00f3n\n|-damage|p1b: Cabez\u00f3n|0 fnt\n|-boost|p2a: Volcarona|spa|1\n|faint|p1b: Cabez\u00f3n\n|\n|-fieldend|move: Electric Terrain\n|upkeep\n|j| ido1234567890\n|-message|LinkXSwords forfeited.\n|\n|win|TheManOfSausage\n|raw|LinkXSwords's rating: 1525 &rarr; <strong>1512</strong><br />(-13 for losing)\n|raw|TheManOfSausage's rating: 1652 &rarr; <strong>1665</strong><br />(+13 for winning)\n|l|\u2606LinkXSwords\n|player|p1|\n|l|\u2606TheManOfSausage\n|player|p2|\n","uploadtime":1775804467,"views":10,"formatid":"gen9vgc2026regi","rating":1512,"private":0,"password":null}