{"id":"gen9vgc2026regi-2541289868","format":"[Gen 9] VGC 2026 Reg I","players":["Jthepoke","lalo's pollos"],"log":"|j|\u2606Jthepoke\n|j|\u2606lalo's pollos\n|t:|1771311015\n|gametype|doubles\n|player|p1|Jthepoke|cyrus|1368\n|player|p2|lalo's pollos|102|1484\n|gen|9\n|tier|[Gen 9] VGC 2026 Reg I\n|rated|\n|rule|Species Clause: Limit one of each Pok\u00e9mon\n|rule|Item Clause: Limit 1 of each item\n|clearpoke\n|poke|p1|Miraidon, L50|\n|poke|p1|Calyrex-Ice, L50|\n|poke|p1|Volcarona, L50, F|\n|poke|p1|Incineroar, L50, F|\n|poke|p1|Urshifu-*, L50, F|\n|poke|p1|Rillaboom, L50, M|\n|poke|p2|Zamazenta-*, L50|\n|poke|p2|Lunala, L50|\n|poke|p2|Rillaboom, L50, F|\n|poke|p2|Incineroar, L50, M|\n|poke|p2|Urshifu-*, L50, M|\n|poke|p2|Tornadus, L50, M|\n|teampreview|4\n|j| riyuezi\n|\n|t:|1771311137\n|teamsize|p1|4\n|teamsize|p2|4\n|start\n|switch|p1a: Miraidon|Miraidon, L50|100/100\n|switch|p1b: Volcarona|Volcarona, L50, F|100/100\n|switch|p2a: Lunala|Lunala, L50|100/100\n|switch|p2b: Rillaboom|Rillaboom, L50, F|100/100\n|-fieldstart|move: Electric Terrain|[from] ability: Hadron Engine|[of] p1a: Miraidon\n|-enditem|p1b: Volcarona|Electric Seed\n|-boost|p1b: Volcarona|def|1|[from] item: Electric Seed\n|-fieldstart|move: Grassy Terrain|[from] ability: Grassy Surge|[of] p2b: Rillaboom\n|turn|1\n|\n|t:|1771311151\n|switch|p1a: Incineroar|Incineroar, L50, F|100/100\n|-ability|p1a: Incineroar|Intimidate|boost\n|-unboost|p2a: Lunala|atk|1\n|-unboost|p2b: Rillaboom|atk|1\n|move|p2b: Rillaboom|Fake Out|p1b: Volcarona\n|-damage|p1b: Volcarona|95/100\n|move|p2a: Lunala|Calm Mind|p2a: Lunala\n|-boost|p2a: Lunala|spa|1\n|-boost|p2a: Lunala|spd|1\n|cant|p1b: Volcarona|flinch\n|\n|-heal|p1b: Volcarona|100/100|[from] Grassy Terrain\n|upkeep\n|turn|2\n|\n|t:|1771311168\n|switch|p2b: Tornadus|Tornadus, L50, M|100/100\n|move|p2a: Lunala|Protect|p2a: Lunala\n|-singleturn|p2a: Lunala|Protect\n|move|p1b: Volcarona|Quiver Dance|p1b: Volcarona\n|-boost|p1b: Volcarona|spa|1\n|-boost|p1b: Volcarona|spd|1\n|-boost|p1b: Volcarona|spe|1\n|move|p1a: Incineroar|Knock Off|p2a: Lunala\n|-activate|p2a: Lunala|move: Protect\n|\n|upkeep\n|turn|3\n|\n|t:|1771311188\n|-terastallize|p2a: Lunala|Fairy\n|move|p2b: Tornadus|Taunt|p1b: Volcarona\n|-start|p1b: Volcarona|move: Taunt\n|move|p1b: Volcarona|Struggle Bug|p2b: Tornadus|[spread] p2a,p2b\n|-resisted|p2a: Lunala\n|-crit|p2a: Lunala\n|-resisted|p2b: Tornadus\n|-damage|p2a: Lunala|93/100\n|-damage|p2b: Tornadus|81/100\n|-unboost|p2a: Lunala|spa|1\n|-unboost|p2b: Tornadus|spa|1\n|move|p2a: Lunala|Moonblast|p1a: Incineroar\n|-damage|p1a: Incineroar|57/100\n|move|p1a: Incineroar|Parting Shot|p2a: Lunala\n|-unboost|p2a: Lunala|atk|1\n|-unboost|p2a: Lunala|spa|1\n|\n|t:|1771311204\n|switch|p1a: Miraidon|Miraidon, L50|100/100|[from] Parting Shot\n|-fieldstart|move: Electric Terrain|[from] ability: Hadron Engine|[of] p1a: Miraidon\n|\n|-heal|p2a: Lunala|99/100|[from] item: Leftovers\n|upkeep\n|turn|4\n|\n|t:|1771311220\n|switch|p2b: Rillaboom|Rillaboom, L50, F|100/100\n|-fieldstart|move: Grassy Terrain|[from] ability: Grassy Surge|[of] p2b: Rillaboom\n|move|p1a: Miraidon|Snarl|p2a: Lunala|[spread] p2a,p2b\n|-resisted|p2a: Lunala\n|-damage|p2a: Lunala|96/100\n|-damage|p2b: Rillaboom|88/100\n|-unboost|p2a: Lunala|spa|1\n|-unboost|p2b: Rillaboom|spa|1\n|move|p1b: Volcarona|Fiery Dance|p2a: Lunala\n|-crit|p2a: Lunala\n|-damage|p2a: Lunala|35/100\n|-boost|p1b: Volcarona|spa|1\n|move|p2a: Lunala|Calm Mind|p2a: Lunala\n|-boost|p2a: Lunala|spa|1\n|-boost|p2a: Lunala|spd|1\n|\n|-heal|p2a: Lunala|41/100|[from] Grassy Terrain\n|-heal|p2a: Lunala|47/100|[from] item: Leftovers\n|-heal|p2b: Rillaboom|94/100|[from] Grassy Terrain\n|upkeep\n|turn|5\n|-message|lalo's pollos forfeited.\n|\n|win|Jthepoke\n|raw|Jthepoke's rating: 1368 &rarr; <strong>1394</strong><br />(+26 for winning)\n|raw|lalo&apos;s pollos's rating: 1484 &rarr; <strong>1458</strong><br />(-26 for losing)\n|l|\u2606lalo's pollos\n|player|p2|\n|l| riyuezi\n|l|\u2606Jthepoke\n|player|p1|\n","uploadtime":1771311444,"views":15,"formatid":"gen9vgc2026regi","rating":1394,"private":0,"password":null}