{"id":"gen9vgc2026regi-2565979235","format":"[Gen 9] VGC 2026 Reg I","players":["he0","pigs2fly"],"log":"|j|\u2606he0\n|j|\u2606pigs2fly\n|t:|1774325197\n|gametype|doubles\n|player|p1|he0|canari|1371\n|player|p2|pigs2fly|dexio|1488\n|gen|9\n|tier|[Gen 9] VGC 2026 Reg I\n|rated|\n|rule|Species Clause: Limit one of each Pok\u00e9mon\n|rule|Item Clause: Limit 1 of each item\n|clearpoke\n|poke|p1|Miraidon, L50|\n|poke|p1|Calyrex-Ice, L50|\n|poke|p1|Urshifu-*, L50, M|\n|poke|p1|Incineroar, L50, F|\n|poke|p1|Whimsicott, L50, M|\n|poke|p1|Ursaluna, L50, F|\n|poke|p2|Annihilape, L50, M|\n|poke|p2|Tornadus, L50, M|\n|poke|p2|Dondozo, L50, M|\n|poke|p2|Tatsugiri, L50, M|\n|poke|p2|Zacian-*, L50|\n|poke|p2|Kyogre, L50|\n|teampreview|4\n|\n|t:|1774325234\n|teamsize|p1|4\n|teamsize|p2|4\n|start\n|switch|p1a: Miraidon|Miraidon, L50|100/100\n|switch|p1b: Whimsicott|Whimsicott, L50, M|100/100\n|switch|p2a: Dondozo|Dondozo, L50, M|100/100\n|switch|p2b: Annihilape|Annihilape, L50, M|100/100\n|-fieldstart|move: Electric Terrain|[from] ability: Hadron Engine|[of] p1a: Miraidon\n|turn|1\n|j| roger_leo1000\n|\n|t:|1774325269\n|switch|p2b: Tatsugiri|Tatsugiri, L50, M|100/100\n|-activate|p2b: Tatsugiri|ability: Commander|[of] p2a: Dondozo\n|-boost|p2a: Dondozo|atk|2\n|-boost|p2a: Dondozo|spa|2\n|-boost|p2a: Dondozo|spe|2\n|-boost|p2a: Dondozo|def|2\n|-boost|p2a: Dondozo|spd|2\n|-terastallize|p2a: Dondozo|Grass\n|move|p1b: Whimsicott|Tailwind|p1b: Whimsicott\n|-sidestart|p1: he0|move: Tailwind\n|move|p1a: Miraidon|Dazzling Gleam|p2a: Dondozo|[spread] p2a\n|-miss|p1a: Miraidon|p2b: Tatsugiri\n|-crit|p2a: Dondozo\n|-damage|p2a: Dondozo|44/100\n|move|p2a: Dondozo|Heavy Slam|p1b: Whimsicott\n|-supereffective|p1b: Whimsicott\n|-crit|p1b: Whimsicott\n|-damage|p1b: Whimsicott|0 fnt\n|faint|p1b: Whimsicott\n|\n|-heal|p2a: Dondozo|50/100|[from] item: Leftovers\n|upkeep\n|\n|t:|1774325274\n|switch|p1b: Calyrex|Calyrex-Ice, L50|100/100\n|-ability|p1b: Calyrex|As One\n|-ability|p1b: Calyrex|Unnerve\n|turn|2\n|\n|t:|1774325284\n|switch|p1a: Urshifu|Urshifu-Rapid-Strike, L50, M|100/100\n|move|p2a: Dondozo|Protect|p2a: Dondozo\n|-singleturn|p2a: Dondozo|Protect\n|move|p1b: Calyrex|Glacial Lance|p2b: Tatsugiri|[spread] \n|-miss|p1b: Calyrex|p2b: Tatsugiri\n|-activate|p2a: Dondozo|move: Protect\n|\n|-heal|p2a: Dondozo|56/100|[from] item: Leftovers\n|upkeep\n|turn|3\n|\n|t:|1774325320\n|move|p1a: Urshifu|Surging Strikes|p2a: Dondozo\n|-resisted|p2a: Dondozo\n|-crit|p2a: Dondozo\n|-damage|p2a: Dondozo|49/100\n|-resisted|p2a: Dondozo\n|-crit|p2a: Dondozo\n|-damage|p2a: Dondozo|42/100\n|-resisted|p2a: Dondozo\n|-crit|p2a: Dondozo\n|-damage|p2a: Dondozo|34/100\n|-hitcount|p2a: Dondozo|3\n|move|p1b: Calyrex|Glacial Lance|p2b: Tatsugiri|[spread] p2a\n|-miss|p1b: Calyrex|p2b: Tatsugiri\n|-supereffective|p2a: Dondozo\n|-damage|p2a: Dondozo|0 fnt\n|faint|p2a: Dondozo\n|-ability|p1b: Calyrex|Chilling Neigh|boost\n|-boost|p1b: Calyrex|atk|1\n|\n|upkeep\n|\n|t:|1774325323\n|switch|p2a: Zacian|Zacian-Crowned, L50, shiny|100/100\n|-ability|p2a: Zacian|Intrepid Sword|boost\n|-boost|p2a: Zacian|atk|1\n|turn|4\n|\n|t:|1774325338\n|-terastallize|p1b: Calyrex|Water\n|move|p1a: Urshifu|Surging Strikes|p2a: Zacian\n|-crit|p2a: Zacian\n|-damage|p2a: Zacian|82/100\n|-crit|p2a: Zacian\n|-damage|p2a: Zacian|64/100\n|-crit|p2a: Zacian\n|-damage|p2a: Zacian|44/100\n|-hitcount|p2a: Zacian|3\n|move|p2a: Zacian|Play Rough|p1a: Urshifu|[miss]\n|-miss|p2a: Zacian|p1a: Urshifu\n|move|p2b: Tatsugiri|Dragon Pulse|p1b: Calyrex\n|-damage|p1b: Calyrex|72/100\n|move|p1b: Calyrex|Trick Room|p1b: Calyrex\n|-fieldstart|move: Trick Room|[of] p1b: Calyrex\n|\n|-sideend|p1: he0|move: Tailwind\n|upkeep\n|turn|5\n|-message|pigs2fly forfeited.\n|\n|win|he0\n|raw|he0's rating: 1371 &rarr; <strong>1397</strong><br />(+26 for winning)\n|raw|pigs2fly's rating: 1488 &rarr; <strong>1462</strong><br />(-26 for losing)\n|l|\u2606pigs2fly\n|player|p2|\n|l|\u2606he0\n|player|p1|\n|l| roger_leo1000\n","uploadtime":1774325489,"views":10,"formatid":"gen9vgc2026regi","rating":1397,"private":0,"password":null}