{"id":"gen9vgc2026regi-2555499196","format":"[Gen 9] VGC 2026 Reg I","players":["Rypassed You","drive stone"],"log":"|j|\u2606Rypassed You\n|j|\u2606drive stone\n|t:|1773095766\n|gametype|doubles\n|player|p1|Rypassed You|drayton|1454\n|player|p2|drive stone|cilan|1611\n|gen|9\n|tier|[Gen 9] VGC 2026 Reg I\n|rated|\n|rule|Species Clause: Limit one of each Pok\u00e9mon\n|rule|Item Clause: Limit 1 of each item\n|clearpoke\n|poke|p1|Kyogre, L50|\n|poke|p1|Miraidon, L50|\n|poke|p1|Tornadus, L50, M|\n|poke|p1|Iron Hands, L50|\n|poke|p1|Farigiraf, L50, F|\n|poke|p1|Urshifu-*, L50, M|\n|poke|p2|Calyrex-Ice, L50|\n|poke|p2|Ho-Oh, L50|\n|poke|p2|Overqwil, L50, F|\n|poke|p2|Rillaboom, L50, F|\n|poke|p2|Ting-Lu, L50|\n|poke|p2|Ogerpon-Wellspring, L50, F|\n|teampreview|4\n|inactive|Battle timer is ON: inactive players will automatically lose when time's up. (requested by Rypassed You)\n|\n|t:|1773095785\n|teamsize|p1|4\n|teamsize|p2|4\n|start\n|switch|p1a: Natalia|Miraidon, L50|100/100\n|switch|p1b: Josy|Farigiraf, L50, F|100/100\n|switch|p2a: Calyrex|Calyrex-Ice, L50|100/100\n|switch|p2b: Rillaboom|Rillaboom, L50, F|100/100\n|-ability|p2a: Calyrex|As One\n|-ability|p2a: Calyrex|Unnerve\n|-fieldstart|move: Electric Terrain|[from] ability: Hadron Engine|[of] p1a: Natalia\n|-enditem|p1b: Josy|Electric Seed\n|-boost|p1b: Josy|def|1|[from] item: Electric Seed\n|-fieldstart|move: Grassy Terrain|[from] ability: Grassy Surge|[of] p2b: Rillaboom\n|turn|1\n|\n|t:|1773095805\n|move|p1a: Natalia|Draco Meteor|p2a: Calyrex\n|-damage|p2a: Calyrex|38/100\n|-unboost|p1a: Natalia|spa|2\n|move|p2b: Rillaboom|U-turn|p1b: Josy\n|-supereffective|p1b: Josy\n|-crit|p1b: Josy\n|-damage|p1b: Josy|36/100\n|\n|t:|1773095814\n|switch|p2b: Overqwil|Overqwil, L50, F|100/100|[from] U-turn\n|-ability|p2b: Overqwil|Intimidate|boost\n|-unboost|p1a: Natalia|atk|1\n|-unboost|p1b: Josy|atk|1\n|move|p1b: Josy|Foul Play|p2a: Calyrex\n|-supereffective|p2a: Calyrex\n|-damage|p2a: Calyrex|0 fnt\n|faint|p2a: Calyrex\n|\n|-heal|p1b: Josy|42/100|[from] Grassy Terrain\n|upkeep\n|\n|t:|1773095829\n|switch|p2a: Ogerpon|Ogerpon-Wellspring, L50, F|100/100\n|turn|2\n|\n|t:|1773095840\n|switch|p1a: Eugene|Iron Hands, L50|100/100\n|move|p2a: Ogerpon|Horn Leech|p1a: Eugene\n|-damage|p1a: Eugene|65/100\n|move|p2b: Overqwil|Toxic Spikes|p1b: Josy\n|-sidestart|p1: Rypassed You|move: Toxic Spikes\n|move|p1b: Josy|Foul Play|p2a: Ogerpon\n|-damage|p2a: Ogerpon|68/100\n|\n|-heal|p2a: Ogerpon|74/100|[from] Grassy Terrain\n|-heal|p1b: Josy|49/100|[from] Grassy Terrain\n|-heal|p1a: Eugene|71/100|[from] Grassy Terrain\n|upkeep\n|turn|3\n|inactive|Rypassed You has 30 seconds left.\n|inactive|Rypassed You has 20 seconds left.\n|inactive|Rypassed You has 15 seconds left.\n|\n|t:|1773095883\n|switch|p1b: Natalia|Miraidon, L50|100/100\n|-status|p1b: Natalia|psn\n|-fieldstart|move: Electric Terrain|[from] ability: Hadron Engine|[of] p1b: Natalia\n|-activate|p1a: Eugene|ability: Quark Drive\n|-start|p1a: Eugene|quarkdriveatk\n|move|p2a: Ogerpon|Spiky Shield|p2a: Ogerpon\n|-singleturn|p2a: Ogerpon|move: Protect\n|move|p2b: Overqwil|Toxic Spikes|p1b: Natalia\n|-sidestart|p1: Rypassed You|move: Toxic Spikes\n|move|p1a: Eugene|Wild Charge|p2a: Ogerpon\n|-activate|p2a: Ogerpon|move: Protect\n|-damage|p1a: Eugene|59/100|[from] Spiky Shield|[of] p2a: Ogerpon\n|\n|-damage|p1b: Natalia|88/100 psn|[from] psn\n|upkeep\n|turn|4\n|inactive|Rypassed You has 30 seconds left.\n|inactive|drive stone has 30 seconds left.\n|\n|t:|1773095917\n|switch|p2a: Rillaboom|Rillaboom, L50, F|100/100\n|-fieldstart|move: Grassy Terrain|[from] ability: Grassy Surge|[of] p2a: Rillaboom\n|-end|p1a: Eugene|Quark Drive\n|move|p1b: Natalia|Electro Drift|p2a: Rillaboom\n|-resisted|p2a: Rillaboom\n|-damage|p2a: Rillaboom|73/100\n|move|p2b: Overqwil|Barb Barrage|p1b: Natalia\n|-damage|p1b: Natalia|41/100 psn\n|move|p1a: Eugene|Low Kick|p2a: Rillaboom\n|-damage|p2a: Rillaboom|31/100\n|\n|-heal|p1b: Natalia|47/100 psn|[from] Grassy Terrain\n|-heal|p2a: Rillaboom|37/100|[from] Grassy Terrain\n|-heal|p1a: Eugene|65/100|[from] Grassy Terrain\n|-damage|p1b: Natalia|34/100 psn|[from] psn\n|upkeep\n|turn|5\n|inactive|Rypassed You has 30 seconds left.\n|inactive|Rypassed You has 20 seconds left.\n|inactive|Rypassed You has 15 seconds left.\n|\n|t:|1773095960\n|switch|p1b: Josy|Farigiraf, L50, F|49/100\n|-status|p1b: Josy|tox\n|switch|p2b: Ogerpon|Ogerpon-Wellspring, L50, F|74/100\n|move|p2a: Rillaboom|U-turn|p1b: Josy\n|-supereffective|p1b: Josy\n|-damage|p1b: Josy|5/100 tox\n|\n|t:|1773095969\n|switch|p2a: Overqwil|Overqwil, L50, F|100/100|[from] U-turn\n|-ability|p2a: Overqwil|Intimidate|boost\n|-unboost|p1a: Eugene|atk|1\n|-unboost|p1b: Josy|atk|1\n|move|p1a: Eugene|Drain Punch|p2a: Overqwil\n|-damage|p2a: Overqwil|75/100\n|-heal|p1a: Eugene|76/100|[from] drain|[of] p2a: Overqwil\n|\n|-heal|p2b: Ogerpon|80/100|[from] Grassy Terrain\n|-heal|p2a: Overqwil|81/100|[from] Grassy Terrain\n|-heal|p2a: Overqwil|87/100|[from] item: Black Sludge\n|-heal|p1b: Josy|11/100 tox|[from] Grassy Terrain\n|-heal|p1a: Eugene|82/100|[from] Grassy Terrain\n|-damage|p1b: Josy|5/100 tox|[from] psn\n|upkeep\n|turn|6\n|inactive|Rypassed You has 30 seconds left.\n|inactive|Rypassed You has 20 seconds left.\n|inactive|Rypassed You has 15 seconds left.\n|inactive|Rypassed You has 10 seconds left.\n|\n|t:|1773096015\n|move|p1b: Josy|Helping Hand|p1a: Eugene\n|-singleturn|p1a: Eugene|Helping Hand|[of] p1b: Josy\n|move|p2b: Ogerpon|Horn Leech|p1a: Eugene\n|-damage|p1a: Eugene|46/100\n|-heal|p2b: Ogerpon|100/100|[from] drain|[of] p1a: Eugene\n|move|p2a: Overqwil|Barb Barrage|p1a: Eugene\n|-damage|p1a: Eugene|30/100\n|-status|p1a: Eugene|psn\n|move|p1a: Eugene|Wild Charge|p2b: Ogerpon\n|-damage|p2b: Ogerpon|50/100\n|-damage|p1a: Eugene|20/100 psn|[from] Recoil\n|\n|-heal|p2b: Ogerpon|56/100|[from] Grassy Terrain\n|-heal|p2a: Overqwil|94/100|[from] Grassy Terrain\n|-heal|p2a: Overqwil|99/100|[from] item: Black Sludge\n|-heal|p1b: Josy|11/100 tox|[from] Grassy Terrain\n|-heal|p1a: Eugene|26/100 psn|[from] Grassy Terrain\n|-damage|p1b: Josy|0 fnt|[from] psn\n|faint|p1b: Josy\n|-damage|p1a: Eugene|14/100 psn|[from] psn\n|upkeep\n|\n|t:|1773096031\n|switch|p1b: Natalia|Miraidon, L50|34/100 psn\n|-fieldstart|move: Electric Terrain|[from] ability: Hadron Engine|[of] p1b: Natalia\n|-activate|p1a: Eugene|ability: Quark Drive\n|-start|p1a: Eugene|quarkdriveatk\n|turn|7\n|\n|t:|1773096053\n|switch|p2b: Rillaboom|Rillaboom, L50, F|37/100\n|-fieldstart|move: Grassy Terrain|[from] ability: Grassy Surge|[of] p2b: Rillaboom\n|-end|p1a: Eugene|Quark Drive\n|-end|p1a: Eugene|Quark Drive|[silent]\n|switch|p1a: Dhruva|Kyogre, L50|100/100\n|-status|p1a: Dhruva|tox\n|-weather|RainDance|[from] ability: Drizzle|[of] p1a: Dhruva\n|move|p1b: Natalia|Electro Drift|p2a: Overqwil\n|-damage|p2a: Overqwil|23/100\n|move|p2a: Overqwil|Barb Barrage|p1b: Natalia\n|-damage|p1b: Natalia|0 fnt\n|faint|p1b: Natalia\n|\n|-weather|RainDance|[upkeep]\n|-heal|p2b: Rillaboom|43/100|[from] Grassy Terrain\n|-heal|p2a: Overqwil|29/100|[from] Grassy Terrain\n|-heal|p2a: Overqwil|35/100|[from] item: Black Sludge\n|-damage|p1a: Dhruva|94/100 tox|[from] psn\n|upkeep\n|\n|t:|1773096067\n|switch|p1b: Eugene|Iron Hands, L50|14/100 psn\n|turn|8\n|\n|t:|1773096085\n|move|p1a: Dhruva|Protect|p1a: Dhruva\n|-singleturn|p1a: Dhruva|Protect\n|move|p2a: Overqwil|Protect|p2a: Overqwil\n|-singleturn|p2a: Overqwil|Protect\n|move|p2b: Rillaboom|Fake Out|p1b: Eugene\n|-damage|p1b: Eugene|4/100 psn\n|cant|p1b: Eugene|flinch\n|\n|-weather|RainDance|[upkeep]\n|-heal|p1a: Dhruva|100/100 tox|[from] Grassy Terrain\n|-heal|p2b: Rillaboom|48/100|[from] Grassy Terrain\n|-heal|p2a: Overqwil|42/100|[from] Grassy Terrain\n|-heal|p2a: Overqwil|48/100|[from] item: Black Sludge\n|-heal|p1b: Eugene|10/100 psn|[from] Grassy Terrain\n|-damage|p1a: Dhruva|88/100 tox|[from] psn\n|-damage|p1b: Eugene|0 fnt|[from] psn\n|faint|p1b: Eugene\n|-end|p1b: Eugene|Quark Drive|[silent]\n|upkeep\n|turn|9\n|\n|t:|1773096106\n|switch|p2a: Ogerpon|Ogerpon-Wellspring, L50, F|56/100\n|move|p1a: Dhruva|Origin Pulse|p2a: Ogerpon|[spread] \n|-heal|p2a: Ogerpon|81/100|[from] ability: Water Absorb|[of] p1a: Dhruva\n|-miss|p1a: Dhruva|p2b: Rillaboom\n|move|p2b: Rillaboom|Wood Hammer|p1a: Dhruva\n|-supereffective|p1a: Dhruva\n|-damage|p1a: Dhruva|0 fnt\n|faint|p1a: Dhruva\n|-damage|p2b: Rillaboom|23/100|[from] Recoil\n|\n|win|drive stone\n|raw|Rypassed You's rating: 1454 &rarr; <strong>1442</strong><br />(-12 for losing)\n|raw|drive stone's rating: 1611 &rarr; <strong>1623</strong><br />(+12 for winning)\n|l|\u2606Rypassed You\n|player|p1|\n|l|\u2606drive stone\n|player|p2|\n","uploadtime":1773096269,"views":16,"formatid":"gen9vgc2026regi","rating":1442,"private":0,"password":null}