{"id":"gen9vgc2026regi-2561681910","format":"[Gen 9] VGC 2026 Reg I","players":["lf99po","sheeshshane925"],"log":"|j|\u2606lf99po\n|j|\u2606sheeshshane925\n|t:|1773832220\n|gametype|doubles\n|player|p1|lf99po|lucas|1325\n|player|p2|sheeshshane925|chuck|1434\n|gen|9\n|tier|[Gen 9] VGC 2026 Reg I\n|rated|\n|rule|Species Clause: Limit one of each Pok\u00e9mon\n|rule|Item Clause: Limit 1 of each item\n|clearpoke\n|poke|p1|Terapagos, L50, M|\n|poke|p1|Annihilape, L50, F|\n|poke|p1|Landorus, L50, M|\n|poke|p1|Urshifu-*, L50, M|\n|poke|p1|Calyrex-Shadow, L50|\n|poke|p1|Tornadus, L50, M|\n|poke|p2|Calyrex-Ice, L50|\n|poke|p2|Miraidon, L50|\n|poke|p2|Farigiraf, L50, M|\n|poke|p2|Iron Hands, L50|\n|poke|p2|Scraggy, L50, F|\n|poke|p2|Iron Bundle, L50|\n|teampreview|4\n|inactive|Battle timer is ON: inactive players will automatically lose when time's up. (requested by sheeshshane925)\n|\n|t:|1773832288\n|teamsize|p1|4\n|teamsize|p2|4\n|start\n|switch|p1a: Tornadus|Tornadus, L50, M|100/100\n|switch|p1b: Calyrex|Calyrex-Shadow, L50|100/100\n|switch|p2a: Miraidon|Miraidon, L50, shiny|100/100\n|switch|p2b: Iron Bundle|Iron Bundle, L50|100/100\n|-ability|p1b: Calyrex|As One\n|-ability|p1b: Calyrex|Unnerve\n|-fieldstart|move: Electric Terrain|[from] ability: Hadron Engine|[of] p2a: Miraidon\n|-activate|p2b: Iron Bundle|ability: Quark Drive\n|-start|p2b: Iron Bundle|quarkdrivespe\n|turn|1\n|\n|t:|1773832300\n|move|p1b: Calyrex|Protect|p1b: Calyrex\n|-singleturn|p1b: Calyrex|Protect\n|move|p1a: Tornadus|Tailwind|p1a: Tornadus\n|-sidestart|p1: lf99po|move: Tailwind\n|move|p2b: Iron Bundle|Icy Wind|p1a: Tornadus|[spread] p1a\n|-activate|p1b: Calyrex|move: Protect\n|-supereffective|p1a: Tornadus\n|-damage|p1a: Tornadus|57/100\n|move|p2a: Miraidon|Electro Drift|p1b: Calyrex\n|-activate|p1b: Calyrex|move: Protect\n|\n|upkeep\n|turn|2\n|\n|t:|1773832313\n|move|p2a: Miraidon|Protect|p2a: Miraidon\n|-singleturn|p2a: Miraidon|Protect\n|move|p1b: Calyrex|Astral Barrage|p2a: Miraidon|[spread] p2b\n|-activate|p2a: Miraidon|move: Protect\n|-crit|p2b: Iron Bundle\n|-enditem|p2b: Iron Bundle|Focus Sash\n|-damage|p2b: Iron Bundle|1/100\n|move|p2b: Iron Bundle|Icy Wind|p1a: Tornadus|[spread] p1a,p1b\n|-supereffective|p1a: Tornadus\n|-damage|p1a: Tornadus|14/100\n|-damage|p1b: Calyrex|82/100\n|-unboost|p1b: Calyrex|spe|1\n|move|p1a: Tornadus|Bleakwind Storm|p2b: Iron Bundle|[spread] p2b\n|-activate|p2a: Miraidon|move: Protect\n|-damage|p2b: Iron Bundle|0 fnt\n|faint|p2b: Iron Bundle\n|-end|p2b: Iron Bundle|Quark Drive|[silent]\n|\n|upkeep\n|\n|t:|1773832320\n|switch|p2b: Calyrex|Calyrex-Ice, L50|100/100\n|-ability|p2b: Calyrex|As One\n|-ability|p2b: Calyrex|Unnerve\n|turn|3\n|\n|t:|1773832338\n|-terastallize|p2b: Calyrex|Fire\n|move|p1a: Tornadus|Taunt|p2b: Calyrex\n|-start|p2b: Calyrex|move: Taunt\n|move|p1b: Calyrex|Astral Barrage|p2a: Miraidon|[spread] p2a,p2b\n|-damage|p2a: Miraidon|54/100\n|-damage|p2b: Calyrex|63/100\n|move|p2a: Miraidon|Volt Switch|p1b: Calyrex\n|-damage|p1b: Calyrex|0 fnt\n|faint|p1b: Calyrex\n|-damage|p2a: Miraidon|44/100|[from] item: Life Orb\n|\n|t:|1773832353\n|switch|p2a: Scraggy|Scraggy, L50, F|100/100|[from] Volt Switch\n|-ability|p2a: Scraggy|Intimidate|boost\n|-unboost|p1a: Tornadus|atk|1\n|cant|p2b: Calyrex|move: Taunt|Trick Room\n|\n|upkeep\n|\n|t:|1773832368\n|switch|p1b: Annihilape|Annihilape, L50, F|100/100\n|turn|4\n|inactive|sheeshshane925 has 30 seconds left.\n|inactive|sheeshshane925 has 20 seconds left.\n|inactive|sheeshshane925 has 15 seconds left.\n|\n|t:|1773832414\n|switch|p1a: Terapagos|Terapagos, L50, M|100/100\n|-activate|p1a: Terapagos|ability: Tera Shift\n|detailschange|p1a: Terapagos|Terapagos-Terastal, L50, M\n|-heal|p1a: Terapagos|100/100|[silent]\n|move|p1b: Annihilape|Final Gambit|p2b: Calyrex\n|-damage|p2b: Calyrex|0 fnt\n|faint|p1b: Annihilape\n|faint|p2b: Calyrex\n|move|p2a: Scraggy|Foul Play|p1a: Terapagos\n|-activate|p1a: Terapagos|ability: Tera Shell\n|-resisted|p1a: Terapagos\n|-damage|p1a: Terapagos|88/100\n|\n|-sideend|p1: lf99po|move: Tailwind\n|upkeep\n|\n|t:|1773832423\n|switch|p1b: Tornadus|Tornadus, L50, M|14/100\n|switch|p2b: Miraidon|Miraidon, L50, shiny|44/100\n|-activate|p2b: Miraidon|ability: Hadron Engine\n|turn|5\n|-message|sheeshshane925 forfeited.\n|\n|win|lf99po\n|raw|lf99po's rating: 1325 &rarr; <strong>1351</strong><br />(+26 for winning)\n|raw|sheeshshane925's rating: 1434 &rarr; <strong>1408</strong><br />(-26 for losing)\n|l|\u2606sheeshshane925\n|player|p2|\n","uploadtime":1773832577,"views":11,"formatid":"gen9vgc2026regi","rating":1351,"private":0,"password":null}