{"id":"gen9vgc2026regi-2554464539","format":"[Gen 9] VGC 2026 Reg I","players":["godfocker","Galact7adi"],"log":"|j|\u2606godfocker\n|j|\u2606Galact7adi\n|t:|1772974285\n|gametype|doubles\n|player|p1|godfocker|101|1492\n|player|p2|Galact7adi|101|1450\n|gen|9\n|tier|[Gen 9] VGC 2026 Reg I\n|rated|\n|rule|Species Clause: Limit one of each Pok\u00e9mon\n|rule|Item Clause: Limit 1 of each item\n|clearpoke\n|poke|p1|Calyrex-Ice, L50|\n|poke|p1|Koraidon, L50|\n|poke|p1|Flutter Mane, L50|\n|poke|p1|Incineroar, L50, F|\n|poke|p1|Rillaboom, L50, F|\n|poke|p1|Annihilape, L50, M|\n|poke|p2|Brute Bonnet, L50|\n|poke|p2|Lunala, L50|\n|poke|p2|Ursaluna, L50, M|\n|poke|p2|Chi-Yu, L50|\n|poke|p2|Koraidon, L50|\n|poke|p2|Flutter Mane, L50|\n|teampreview|4\n|inactive|Battle timer is ON: inactive players will automatically lose when time's up. (requested by Galact7adi)\n|inactive|Galact7adi has 60 seconds left.\n|\n|t:|1772974322\n|teamsize|p1|4\n|teamsize|p2|4\n|start\n|switch|p1a: Calyrex|Calyrex-Ice, L50|100/100\n|switch|p1b: Flutter Mane|Flutter Mane, L50|100/100\n|switch|p2a: Flutter Mane|Flutter Mane, L50|100/100\n|switch|p2b: Lunala|Lunala, L50|100/100\n|-ability|p1a: Calyrex|As One\n|-ability|p1a: Calyrex|Unnerve\n|turn|1\n|\n|t:|1772974342\n|-terastallize|p2b: Lunala|Water\n|-terastallize|p1a: Calyrex|Water\n|move|p1b: Flutter Mane|Shadow Ball|p2b: Lunala\n|-damage|p2b: Lunala|84/100\n|move|p2a: Flutter Mane|Shadow Ball|p1b: Flutter Mane\n|-supereffective|p1b: Flutter Mane\n|-damage|p1b: Flutter Mane|2/100\n|move|p2b: Lunala|Meteor Beam||[still]\n|-prepare|p2b: Lunala|Meteor Beam\n|-boost|p2b: Lunala|spa|1\n|-enditem|p2b: Lunala|Power Herb\n|-anim|p2b: Lunala|Meteor Beam|p1a: Calyrex\n|-damage|p1a: Calyrex|57/100\n|move|p1a: Calyrex|Glacial Lance|p2a: Flutter Mane|[spread] p2a,p2b\n|-resisted|p2b: Lunala\n|-enditem|p2a: Flutter Mane|Focus Sash\n|-damage|p2a: Flutter Mane|1/100\n|-damage|p2b: Lunala|67/100\n|\n|-heal|p1a: Calyrex|62/100|[from] item: Leftovers\n|upkeep\n|turn|2\n|inactive|Galact7adi has 30 seconds left.\n|\n|t:|1772974371\n|move|p2a: Flutter Mane|Protect|p2a: Flutter Mane\n|-singleturn|p2a: Flutter Mane|Protect\n|move|p1b: Flutter Mane|Shadow Ball|p2a: Flutter Mane\n|-activate|p2a: Flutter Mane|move: Protect\n|move|p2b: Lunala|Moongeist Beam|p1a: Calyrex\n|-damage|p1a: Calyrex|15/100\n|move|p1a: Calyrex|Leech Seed|p2b: Lunala\n|-start|p2b: Lunala|move: Leech Seed\n|\n|-heal|p1a: Calyrex|20/100|[from] item: Leftovers\n|-damage|p2b: Lunala|55/100|[from] Leech Seed|[of] p1a: Calyrex\n|-heal|p1a: Calyrex|34/100|[silent]\n|upkeep\n|turn|3\n|inactive|godfocker has 30 seconds left.\n|\n|t:|1772974396\n|move|p1a: Calyrex|Protect|p1a: Calyrex\n|-singleturn|p1a: Calyrex|Protect\n|move|p1b: Flutter Mane|Moonblast|p2a: Flutter Mane\n|-damage|p2a: Flutter Mane|0 fnt\n|faint|p2a: Flutter Mane\n|-end|p2a: Flutter Mane|Protosynthesis|[silent]\n|move|p2b: Lunala|Moongeist Beam|p1a: Calyrex\n|-activate|p1a: Calyrex|move: Protect\n|\n|-heal|p1a: Calyrex|40/100|[from] item: Leftovers\n|-damage|p2b: Lunala|43/100|[from] Leech Seed|[of] p1a: Calyrex\n|-heal|p1a: Calyrex|53/100|[silent]\n|upkeep\n|\n|t:|1772974402\n|switch|p2a: Chi-Yu|Chi-Yu, L50|100/100\n|-ability|p2a: Chi-Yu|Beads of Ruin\n|turn|4\n|\n|t:|1772974423\n|switch|p1a: Incineroar|Incineroar, L50, F|100/100\n|-ability|p1a: Incineroar|Intimidate|boost\n|-unboost|p2a: Chi-Yu|atk|1\n|-unboost|p2b: Lunala|atk|1\n|move|p1b: Flutter Mane|Protect|p1b: Flutter Mane\n|-singleturn|p1b: Flutter Mane|Protect\n|move|p2a: Chi-Yu|Snarl|p1b: Flutter Mane|[spread] p1a\n|-activate|p1b: Flutter Mane|move: Protect\n|-resisted|p1a: Incineroar\n|-crit|p1a: Incineroar\n|-damage|p1a: Incineroar|81/100\n|-unboost|p1a: Incineroar|spa|1\n|move|p2b: Lunala|Moongeist Beam|p1a: Incineroar\n|-resisted|p1a: Incineroar\n|-damage|p1a: Incineroar|29/100\n|\n|-damage|p2b: Lunala|31/100|[from] Leech Seed|[of] p1a: Incineroar\n|-heal|p1a: Incineroar|43/100|[silent]\n|upkeep\n|turn|5\n|\n|t:|1772974444\n|move|p1a: Incineroar|Fake Out|p2a: Chi-Yu\n|-damage|p2a: Chi-Yu|84/100\n|cant|p2a: Chi-Yu|flinch\n|move|p1b: Flutter Mane|Moonblast|p2a: Chi-Yu\n|-damage|p2a: Chi-Yu|21/100\n|move|p2b: Lunala|Moongeist Beam|p1a: Incineroar\n|-resisted|p1a: Incineroar\n|-damage|p1a: Incineroar|0 fnt\n|faint|p1a: Incineroar\n|\n|upkeep\n|\n|t:|1772974456\n|switch|p1a: Koraidon|Koraidon, L50|100/100\n|-weather|SunnyDay|[from] ability: Orichalcum Pulse|[of] p1a: Koraidon\n|-activate|p1b: Flutter Mane|ability: Protosynthesis\n|-start|p1b: Flutter Mane|protosynthesisspe\n|-activate|p1a: Koraidon|Orichalcum Pulse|[source]\n|turn|6\n|\n|t:|1772974477\n|move|p1b: Flutter Mane|Moonblast|p2a: Chi-Yu\n|-damage|p2a: Chi-Yu|0 fnt\n|faint|p2a: Chi-Yu\n|move|p1a: Koraidon|Close Combat|p2b: Lunala\n|-damage|p2b: Lunala|0 fnt\n|-unboost|p1a: Koraidon|def|1\n|-unboost|p1a: Koraidon|spd|1\n|faint|p2b: Lunala\n|-damage|p1a: Koraidon|91/100|[from] item: Life Orb\n|\n|-weather|SunnyDay|[upkeep]\n|upkeep\n|\n|t:|1772974480\n|switch|p2b: Koraidon|Koraidon, L50|100/100\n|-activate|p2b: Koraidon|ability: Orichalcum Pulse\n|turn|7\n|\n|t:|1772974486\n|move|p1b: Flutter Mane|Moonblast|p2b: Koraidon\n|-supereffective|p2b: Koraidon\n|-damage|p2b: Koraidon|0 fnt\n|faint|p2b: Koraidon\n|\n|win|godfocker\n|raw|godfocker's rating: 1492 &rarr; <strong>1510</strong><br />(+18 for winning)\n|raw|Galact7adi's rating: 1450 &rarr; <strong>1432</strong><br />(-18 for losing)\n","uploadtime":1772974490,"views":17,"formatid":"gen9vgc2026regi","rating":1432,"private":0,"password":null}