{"id":"gen9vgc2026regi-2549433948","format":"[Gen 9] VGC 2026 Reg I","players":["blackred123\u6c38\u96cf\u5854\u83f2\u4fa0","kojimuranishi"],"log":"|j|\u2606blackred123\u6c38\u96cf\u5854\u83f2\u4fa0\n|j|\u2606kojimuranishi\n|t:|1772366607\n|gametype|doubles\n|player|p1|blackred123\u6c38\u96cf\u5854\u83f2\u4fa0|iono-masters|1420\n|player|p2|kojimuranishi|102|1376\n|gen|9\n|tier|[Gen 9] VGC 2026 Reg I\n|rated|\n|rule|Species Clause: Limit one of each Pok\u00e9mon\n|rule|Item Clause: Limit 1 of each item\n|clearpoke\n|poke|p1|Calyrex-Shadow, L50|\n|poke|p1|Zamazenta-*, L50|\n|poke|p1|Chien-Pao, L50|\n|poke|p1|Raging Bolt, L50|\n|poke|p1|Whimsicott, L50, F|\n|poke|p1|Ogerpon-Cornerstone, L50, F|\n|poke|p2|Raging Bolt, L50|\n|poke|p2|Calyrex-Ice, L50|\n|poke|p2|Kyogre, L50|\n|poke|p2|Indeedee-F, L50, F|\n|poke|p2|Ursaluna, L50, M|\n|poke|p2|Torkoal, L50, F|\n|teampreview|4\n|inactive|Battle timer is ON: inactive players will automatically lose when time's up. (requested by blackred123\u6c38\u96cf\u5854\u83f2\u4fa0)\n|\n|t:|1772366627\n|teamsize|p1|4\n|teamsize|p2|4\n|start\n|switch|p1a: \u55f7\u55f7\u55f7\u55f7|Zamazenta-Crowned, L50|100/100\n|switch|p1b: \u829d\u58eb\u96ea\u8c79|Chien-Pao, L50|100/100\n|switch|p2a: Indeedee|Indeedee-F, L50, F|100/100\n|switch|p2b: Calyrex|Calyrex-Ice, L50|100/100\n|-ability|p2b: Calyrex|As One\n|-ability|p2b: Calyrex|Unnerve\n|-ability|p1b: \u829d\u58eb\u96ea\u8c79|Sword of Ruin\n|-ability|p1a: \u55f7\u55f7\u55f7\u55f7|Dauntless Shield|boost\n|-boost|p1a: \u55f7\u55f7\u55f7\u55f7|def|1\n|-fieldstart|move: Psychic Terrain|[from] ability: Psychic Surge|[of] p2a: Indeedee\n|turn|1\n|\n|t:|1772366644\n|-terastallize|p2b: Calyrex|Fairy\n|move|p1b: \u829d\u58eb\u96ea\u8c79|Ice Spinner|p2a: Indeedee\n|-damage|p2a: Indeedee|56/100\n|-damage|p1b: \u829d\u58eb\u96ea\u8c79|84/100|[from] item: Rocky Helmet|[of] p2a: Indeedee\n|-fieldend|move: Psychic Terrain\n|move|p1a: \u55f7\u55f7\u55f7\u55f7|Body Press|p2a: Indeedee\n|-damage|p2a: Indeedee|0 fnt\n|-damage|p1a: \u55f7\u55f7\u55f7\u55f7|84/100|[from] item: Rocky Helmet|[of] p2a: Indeedee\n|faint|p2a: Indeedee\n|move|p2b: Calyrex|Leech Seed|p1a: \u55f7\u55f7\u55f7\u55f7\n|-start|p1a: \u55f7\u55f7\u55f7\u55f7|move: Leech Seed\n|\n|-damage|p1a: \u55f7\u55f7\u55f7\u55f7|72/100|[from] Leech Seed|[of] p2b: Calyrex\n|upkeep\n|\n|t:|1772366660\n|switch|p2a: Kyogre|Kyogre, L50|100/100\n|-weather|RainDance|[from] ability: Drizzle|[of] p2a: Kyogre\n|turn|2\n|\n|t:|1772366671\n|move|p2a: Kyogre|Hydro Pump|p1b: \u829d\u58eb\u96ea\u8c79|[miss]\n|-miss|p2a: Kyogre|p1b: \u829d\u58eb\u96ea\u8c79\n|move|p1b: \u829d\u58eb\u96ea\u8c79|Ruination|p2a: Kyogre\n|-damage|p2a: Kyogre|50/100\n|move|p1a: \u55f7\u55f7\u55f7\u55f7|Body Press|p2a: Kyogre\n|-damage|p2a: Kyogre|0 fnt\n|faint|p2a: Kyogre\n|move|p2b: Calyrex|Glacial Lance|p1b: \u829d\u58eb\u96ea\u8c79|[spread] p1a,p1b\n|-resisted|p1a: \u55f7\u55f7\u55f7\u55f7\n|-resisted|p1b: \u829d\u58eb\u96ea\u8c79\n|-damage|p1a: \u55f7\u55f7\u55f7\u55f7|59/100\n|-damage|p1b: \u829d\u58eb\u96ea\u8c79|62/100\n|\n|-weather|RainDance|[upkeep]\n|-damage|p1a: \u55f7\u55f7\u55f7\u55f7|47/100|[from] Leech Seed|[of] p2b: Calyrex\n|upkeep\n|\n|t:|1772366687\n|switch|p2a: Ursaluna|Ursaluna, L50, M|100/100\n|turn|3\n|\n|t:|1772366695\n|move|p2a: Ursaluna|Protect|p2a: Ursaluna\n|-singleturn|p2a: Ursaluna|Protect\n|move|p1b: \u829d\u58eb\u96ea\u8c79|Taunt|p2b: Calyrex\n|-start|p2b: Calyrex|move: Taunt\n|move|p1a: \u55f7\u55f7\u55f7\u55f7|Body Press|p2a: Ursaluna\n|-activate|p2a: Ursaluna|move: Protect\n|cant|p2b: Calyrex|move: Taunt|Trick Room\n|\n|-weather|RainDance|[upkeep]\n|-damage|p1a: \u55f7\u55f7\u55f7\u55f7|35/100|[from] Leech Seed|[of] p2b: Calyrex\n|-status|p2a: Ursaluna|brn|[from] item: Flame Orb\n|upkeep\n|turn|4\n|\n|t:|1772366709\n|move|p2a: Ursaluna|Protect|p2a: Ursaluna\n|-singleturn|p2a: Ursaluna|Protect\n|move|p1b: \u829d\u58eb\u96ea\u8c79|Ruination|p2b: Calyrex\n|-damage|p2b: Calyrex|51/100\n|move|p1a: \u55f7\u55f7\u55f7\u55f7|Body Press|p2a: Ursaluna\n|-activate|p2a: Ursaluna|move: Protect\n|move|p2b: Calyrex|Glacial Lance|p1b: \u829d\u58eb\u96ea\u8c79|[spread] p1a,p1b\n|-resisted|p1a: \u55f7\u55f7\u55f7\u55f7\n|-resisted|p1b: \u829d\u58eb\u96ea\u8c79\n|-damage|p1a: \u55f7\u55f7\u55f7\u55f7|23/100\n|-damage|p1b: \u829d\u58eb\u96ea\u8c79|38/100\n|\n|-weather|RainDance|[upkeep]\n|-heal|p2b: Calyrex|57/100|[from] item: Leftovers\n|-damage|p1a: \u55f7\u55f7\u55f7\u55f7|10/100|[from] Leech Seed|[of] p2b: Calyrex\n|-heal|p2b: Calyrex|68/100|[silent]\n|-damage|p2a: Ursaluna|95/100 brn|[from] brn\n|upkeep\n|turn|5\n|\n|t:|1772366728\n|move|p2a: Ursaluna|Protect||[still]\n|-fail|p2a: Ursaluna\n|move|p1b: \u829d\u58eb\u96ea\u8c79|Ruination|p2b: Calyrex\n|-damage|p2b: Calyrex|34/100\n|move|p1a: \u55f7\u55f7\u55f7\u55f7|Body Press|p2a: Ursaluna\n|-supereffective|p2a: Ursaluna\n|-damage|p2a: Ursaluna|0 fnt\n|faint|p2a: Ursaluna\n|move|p2b: Calyrex|Glacial Lance|p1b: \u829d\u58eb\u96ea\u8c79|[spread] p1a,p1b\n|-resisted|p1a: \u55f7\u55f7\u55f7\u55f7\n|-resisted|p1b: \u829d\u58eb\u96ea\u8c79\n|-damage|p1a: \u55f7\u55f7\u55f7\u55f7|0 fnt\n|-damage|p1b: \u829d\u58eb\u96ea\u8c79|14/100\n|faint|p1a: \u55f7\u55f7\u55f7\u55f7\n|-ability|p2b: Calyrex|Chilling Neigh|boost\n|-boost|p2b: Calyrex|atk|1\n|\n|-weather|RainDance|[upkeep]\n|-heal|p2b: Calyrex|40/100|[from] item: Leftovers\n|-end|p2b: Calyrex|move: Taunt\n|upkeep\n|\n|t:|1772366736\n|switch|p1a: \u53f8\u9a6c|Calyrex-Shadow, L50|100/100\n|-ability|p1a: \u53f8\u9a6c|As One\n|-ability|p1a: \u53f8\u9a6c|Unnerve\n|turn|6\n|\n|t:|1772366751\n|-terastallize|p1a: \u53f8\u9a6c|Ghost\n|move|p2b: Calyrex|Protect|p2b: Calyrex\n|-singleturn|p2b: Calyrex|Protect\n|move|p1a: \u53f8\u9a6c|Astral Barrage|p2b: Calyrex\n|-activate|p2b: Calyrex|move: Protect\n|move|p1b: \u829d\u58eb\u96ea\u8c79|Ruination|p2b: Calyrex\n|-activate|p2b: Calyrex|move: Protect\n|\n|-weather|none\n|-heal|p2b: Calyrex|46/100|[from] item: Leftovers\n|upkeep\n|turn|7\n|-message|kojimuranishi forfeited.\n|\n|win|blackred123\u6c38\u96cf\u5854\u83f2\u4fa0\n|raw|blackred123\u6c38\u96cf\u5854\u83f2\u4fa0's rating: 1420 &rarr; <strong>1437</strong><br />(+17 for winning)\n|raw|kojimuranishi's rating: 1376 &rarr; <strong>1359</strong><br />(-17 for losing)\n|l|\u2606kojimuranishi\n|player|p2|\n","uploadtime":1772366757,"views":12,"formatid":"gen9vgc2026regi","rating":1359,"private":0,"password":null}