{"id":"gen9vgc2026regi-2561533161","format":"[Gen 9] VGC 2026 Reg I","players":["bingusball","sheeshshane925"],"log":"|j|\u2606bingusball\n|j|\u2606sheeshshane925\n|t:|1773808082\n|gametype|doubles\n|player|p1|bingusball|265|1273\n|player|p2|sheeshshane925|chuck|1433\n|gen|9\n|tier|[Gen 9] VGC 2026 Reg I\n|rated|\n|rule|Species Clause: Limit one of each Pok\u00e9mon\n|rule|Item Clause: Limit 1 of each item\n|clearpoke\n|poke|p1|Calyrex-Ice, L50|\n|poke|p1|Iron Hands, L50|\n|poke|p1|Miraidon, L50|\n|poke|p1|Volcarona, L50, M|\n|poke|p1|Ogerpon-Wellspring, L50, F|\n|poke|p1|Farigiraf, L50, F|\n|poke|p2|Miraidon, L50|\n|poke|p2|Lunala, L50|\n|poke|p2|Ursaluna, L50, M|\n|poke|p2|Whimsicott, L50, F|\n|poke|p2|Incineroar, L50, F|\n|poke|p2|Urshifu-*, L50, M|\n|teampreview|4\n|inactive|Battle timer is ON: inactive players will automatically lose when time's up. (requested by bingusball)\n|\n|t:|1773808156\n|teamsize|p1|4\n|teamsize|p2|4\n|start\n|switch|p1a: Farigiraf|Farigiraf, L50, F|100/100\n|switch|p1b: Ogerpon|Ogerpon-Wellspring, L50, F|100/100\n|switch|p2a: Incineroar|Incineroar, L50, F|100/100\n|switch|p2b: Lunala|Lunala, L50|100/100\n|-ability|p2a: Incineroar|Intimidate|boost\n|-unboost|p1a: Farigiraf|atk|1\n|-unboost|p1b: Ogerpon|atk|1\n|turn|1\n|inactive|sheeshshane925 has 30 seconds left.\n|inactive|sheeshshane925 has 20 seconds left.\n|inactive|sheeshshane925 has 15 seconds left.\n|inactive|sheeshshane925 has 10 seconds left.\n|\n|t:|1773808201\n|move|p1b: Ogerpon|Ivy Cudgel|p2a: Incineroar|[anim] Ivy Cudgel Water\n|-supereffective|p2a: Incineroar\n|-crit|p2a: Incineroar\n|-damage|p2a: Incineroar|0 fnt\n|faint|p2a: Incineroar\n|move|p2b: Lunala|Moongeist Beam|p1b: Ogerpon\n|-damage|p1b: Ogerpon|40/100\n|move|p1a: Farigiraf|Trick Room|p1a: Farigiraf\n|-fieldstart|move: Trick Room|[of] p1a: Farigiraf\n|\n|upkeep\n|\n|t:|1773808206\n|switch|p2a: Ursaluna|Ursaluna, L50, M|100/100\n|turn|2\n|inactive|bingusball has 30 seconds left.\n|\n|t:|1773808235\n|move|p2a: Ursaluna|Facade|p1b: Ogerpon\n|-damage|p1b: Ogerpon|0 fnt\n|faint|p1b: Ogerpon\n|move|p1a: Farigiraf|Dazzling Gleam|p2b: Lunala|[spread] p2a,p2b\n|-damage|p2a: Ursaluna|84/100\n|-damage|p2b: Lunala|94/100\n|move|p2b: Lunala|Trick Room|p2b: Lunala\n|-fieldend|move: Trick Room\n|\n|-status|p2a: Ursaluna|brn|[from] item: Flame Orb\n|upkeep\n|\n|t:|1773808241\n|switch|p1b: Iron Hands|Iron Hands, L50|100/100\n|turn|3\n|inactive|sheeshshane925 has 30 seconds left.\n|inactive|bingusball has 30 seconds left.\n|inactive|sheeshshane925 has 20 seconds left.\n|\n|t:|1773808277\n|-terastallize|p2a: Ursaluna|Ghost\n|-terastallize|p1b: Iron Hands|Bug\n|move|p2b: Lunala|Moongeist Beam|p1b: Iron Hands\n|-damage|p1b: Iron Hands|67/100\n|move|p1a: Farigiraf|Hyper Voice|p2a: Ursaluna|[spread] \n|-immune|p2a: Ursaluna\n|-immune|p2b: Lunala\n|move|p2a: Ursaluna|Facade|p1a: Farigiraf\n|-damage|p1a: Farigiraf|0 fnt\n|faint|p1a: Farigiraf\n|move|p1b: Iron Hands|Brick Break|p2a: Ursaluna\n|-immune|p2a: Ursaluna\n|\n|-damage|p2a: Ursaluna|78/100 brn|[from] brn\n|upkeep\n|\n|t:|1773808285\n|switch|p1a: Calyrex|Calyrex-Ice, L50|100/100\n|-ability|p1a: Calyrex|As One\n|-ability|p1a: Calyrex|Unnerve\n|turn|4\n|\n|t:|1773808297\n|move|p2b: Lunala|Wide Guard|p2b: Lunala\n|-singleturn|p2b: Lunala|Wide Guard\n|move|p2a: Ursaluna|Facade|p1b: Iron Hands\n|-damage|p1b: Iron Hands|0 fnt\n|faint|p1b: Iron Hands\n|-end|p1b: Iron Hands|Quark Drive|[silent]\n|move|p1a: Calyrex|Glacial Lance|p2b: Lunala|[spread] \n|-activate|p2a: Ursaluna|move: Wide Guard\n|-activate|p2b: Lunala|move: Wide Guard\n|\n|-damage|p2a: Ursaluna|72/100 brn|[from] brn\n|upkeep\n|turn|5\n|-message|bingusball forfeited.\n|\n|win|sheeshshane925\n|raw|bingusball's rating: 1273 &rarr; <strong>1259</strong><br />(-14 for losing)\n|raw|sheeshshane925's rating: 1433 &rarr; <strong>1444</strong><br />(+11 for winning)\n|l|\u2606sheeshshane925\n|player|p2|\n","uploadtime":1773808453,"views":10,"formatid":"gen9vgc2026regi","rating":1259,"private":0,"password":null}