{"id":"gen9vgc2026regi-2568242985","format":"[Gen 9] VGC 2026 Reg I","players":["mlbd1","ArisHazard"],"log":"|j|\u2606mlbd1\n|j|\u2606ArisHazard\n|t:|1774558970\n|gametype|doubles\n|player|p1|mlbd1|101|1417\n|player|p2|ArisHazard|102|1469\n|gen|9\n|tier|[Gen 9] VGC 2026 Reg I\n|rated|\n|rule|Species Clause: Limit one of each Pok\u00e9mon\n|rule|Item Clause: Limit 1 of each item\n|clearpoke\n|poke|p1|Miraidon, L50|\n|poke|p1|Farigiraf, L50, M|\n|poke|p1|Calyrex-Ice, L50|\n|poke|p1|Iron Hands, L50|\n|poke|p1|Ogerpon-Cornerstone, L50, F|\n|poke|p1|Volcarona, L50, F|\n|poke|p2|Calyrex-Ice, L50|\n|poke|p2|Hitmontop, L50, M|\n|poke|p2|Miraidon, L50|\n|poke|p2|Sableye, L50, F|\n|poke|p2|Ting-Lu, L50|\n|poke|p2|Volcarona, L50, F|\n|teampreview|4\n|inactive|Battle timer is ON: inactive players will automatically lose when time's up. (requested by mlbd1)\n|inactive|mlbd1 has 60 seconds left.\n|inactive|ArisHazard has 60 seconds left.\n|inactive|mlbd1 has 30 seconds left.\n|\n|t:|1774559031\n|teamsize|p1|4\n|teamsize|p2|4\n|start\n|switch|p1a: Calyrex|Calyrex-Ice, L50|100/100\n|switch|p1b: Ogerpon|Ogerpon-Cornerstone, L50, F|100/100\n|switch|p2a: Calyrex|Calyrex-Ice, L50|100/100\n|switch|p2b: Hitmontop|Hitmontop, L50, M|100/100\n|-ability|p2a: Calyrex|As One\n|-ability|p2a: Calyrex|Unnerve\n|-ability|p1a: Calyrex|As One\n|-ability|p1a: Calyrex|Unnerve\n|-ability|p2b: Hitmontop|Intimidate|boost\n|-fail|p1a: Calyrex|unboost|[from] item: Clear Amulet|[of] p1a: Calyrex\n|-unboost|p1b: Ogerpon|atk|1\n|turn|1\n|\n|t:|1774559050\n|move|p1b: Ogerpon|Spiky Shield|p1b: Ogerpon\n|-singleturn|p1b: Ogerpon|move: Protect\n|move|p1a: Calyrex|Protect|p1a: Calyrex\n|-singleturn|p1a: Calyrex|Protect\n|move|p2b: Hitmontop|Coaching|p2a: Calyrex\n|-boost|p2a: Calyrex|atk|1\n|-boost|p2a: Calyrex|def|1\n|move|p2a: Calyrex|Trick Room|p2a: Calyrex\n|-fieldstart|move: Trick Room|[of] p2a: Calyrex\n|\n|upkeep\n|turn|2\n|\n|t:|1774559062\n|move|p1a: Calyrex|Glacial Lance|p2a: Calyrex|[spread] p2a,p2b\n|-resisted|p2a: Calyrex\n|-damage|p2a: Calyrex|87/100\n|-damage|p2b: Hitmontop|37/100\n|move|p2a: Calyrex|Glacial Lance|p1b: Ogerpon|[spread] p1a,p1b\n|-resisted|p1a: Calyrex\n|-supereffective|p1b: Ogerpon\n|-damage|p1a: Calyrex|76/100\n|-ability|p1b: Ogerpon|Sturdy\n|-damage|p1b: Ogerpon|1/100\n|move|p2b: Hitmontop|Close Combat|p1b: Ogerpon\n|-supereffective|p1b: Ogerpon\n|-crit|p1b: Ogerpon\n|-damage|p1b: Ogerpon|0 fnt\n|-unboost|p2b: Hitmontop|def|1\n|-unboost|p2b: Hitmontop|spd|1\n|faint|p1b: Ogerpon\n|\n|upkeep\n|\n|t:|1774559069\n|switch|p1b: Iron Hands|Iron Hands, L50|100/100\n|turn|3\n|\n|t:|1774559089\n|move|p2a: Calyrex|Protect|p2a: Calyrex\n|-singleturn|p2a: Calyrex|Protect\n|move|p1b: Iron Hands|Fake Out|p2a: Calyrex\n|-activate|p2a: Calyrex|move: Protect\n|move|p2b: Hitmontop|Wide Guard|p2b: Hitmontop\n|-singleturn|p2b: Hitmontop|Wide Guard\n|move|p1a: Calyrex|Glacial Lance|p2b: Hitmontop|[spread] \n|-activate|p2a: Calyrex|move: Wide Guard\n|-activate|p2b: Hitmontop|move: Wide Guard\n|\n|upkeep\n|turn|4\n|\n|t:|1774559107\n|switch|p2b: Ting-Lu|Ting-Lu, L50|100/100\n|-ability|p2b: Ting-Lu|Vessel of Ruin\n|-terastallize|p1b: Iron Hands|Water\n|move|p1a: Calyrex|High Horsepower|p2b: Ting-Lu\n|-damage|p2b: Ting-Lu|80/100\n|-damage|p1a: Calyrex|59/100|[from] item: Rocky Helmet|[of] p2b: Ting-Lu\n|move|p2a: Calyrex|Stomping Tantrum|p1b: Iron Hands\n|-damage|p1b: Iron Hands|70/100\n|move|p1b: Iron Hands|Low Kick|p2a: Calyrex\n|-damage|p2a: Calyrex|56/100\n|\n|upkeep\n|turn|5\n|inactive|ArisHazard has 30 seconds left.\n|inactive|ArisHazard has 20 seconds left.\n|inactive|ArisHazard has 15 seconds left.\n|\n|t:|1774559148\n|-terastallize|p2b: Ting-Lu|Poison\n|move|p1a: Calyrex|Glacial Lance|p2b: Ting-Lu|[spread] p2a,p2b\n|-resisted|p2a: Calyrex\n|-damage|p2a: Calyrex|42/100\n|-damage|p2b: Ting-Lu|51/100\n|move|p2a: Calyrex|Glacial Lance|p1a: Calyrex|[spread] p1a,p1b\n|-resisted|p1a: Calyrex\n|-resisted|p1b: Iron Hands\n|-damage|p1a: Calyrex|30/100\n|-damage|p1b: Iron Hands|43/100\n|move|p2b: Ting-Lu|Sand Tomb|p1a: Calyrex\n|-crit|p1a: Calyrex\n|-damage|p1a: Calyrex|16/100\n|-activate|p1a: Calyrex|move: Sand Tomb|[of] p2b: Ting-Lu\n|move|p1b: Iron Hands|Drain Punch|p2a: Calyrex\n|-damage|p2a: Calyrex|24/100\n|-heal|p1b: Iron Hands|50/100|[from] drain|[of] p2a: Calyrex\n|\n|-damage|p1a: Calyrex|4/100|[from] move: Sand Tomb|[partiallytrapped]\n|-fieldend|move: Trick Room\n|upkeep\n|turn|6\n|inactive|ArisHazard has 30 seconds left.\n|\n|t:|1774559173\n|move|p2a: Calyrex|Protect|p2a: Calyrex\n|-singleturn|p2a: Calyrex|Protect\n|move|p1b: Iron Hands|Low Kick|p2a: Calyrex\n|-activate|p2a: Calyrex|move: Protect\n|move|p2b: Ting-Lu|Ruination|p1b: Iron Hands\n|-damage|p1b: Iron Hands|26/100\n|move|p1a: Calyrex|High Horsepower|p2b: Ting-Lu\n|-supereffective|p2b: Ting-Lu\n|-damage|p2b: Ting-Lu|10/100\n|-damage|p1a: Calyrex|0 fnt|[from] item: Rocky Helmet|[of] p2b: Ting-Lu\n|faint|p1a: Calyrex\n|\n|upkeep\n|\n|t:|1774559182\n|switch|p1a: Miraidon|Miraidon, L50|100/100\n|-fieldstart|move: Electric Terrain|[from] ability: Hadron Engine|[of] p1a: Miraidon\n|-activate|p1b: Iron Hands|ability: Quark Drive\n|-start|p1b: Iron Hands|quarkdriveatk\n|turn|7\n|inactive|ArisHazard has 30 seconds left.\n|\n|t:|1774559209\n|move|p1a: Miraidon|Draco Meteor|p2b: Ting-Lu\n|-damage|p2b: Ting-Lu|0 fnt\n|-unboost|p1a: Miraidon|spa|2\n|faint|p2b: Ting-Lu\n|move|p1b: Iron Hands|Drain Punch|p2a: Calyrex\n|-damage|p2a: Calyrex|0 fnt\n|-heal|p1b: Iron Hands|35/100|[from] drain|[of] p2a: Calyrex\n|faint|p2a: Calyrex\n|\n|upkeep\n|\n|t:|1774559220\n|switch|p2b: Sableye|Sableye, L50, F|100/100\n|switch|p2a: Hitmontop|Hitmontop, L50, M|37/100\n|-ability|p2a: Hitmontop|Intimidate|boost\n|-unboost|p1a: Miraidon|atk|1\n|-unboost|p1b: Iron Hands|atk|1\n|turn|8\n|\n|t:|1774559228\n|move|p2a: Hitmontop|Fake Out|p1b: Iron Hands\n|-damage|p1b: Iron Hands|30/100\n|move|p2b: Sableye|Disable|p1a: Miraidon\n|-start|p1a: Miraidon|Disable|Draco Meteor\n|cant|p1a: Miraidon|Disable|Draco Meteor\n|cant|p1b: Iron Hands|flinch\n|\n|upkeep\n|turn|9\n|\n|t:|1774559241\n|move|p2b: Sableye|Encore|p1b: Iron Hands\n|-start|p1b: Iron Hands|Encore\n|-activate|p1a: Miraidon|move: Struggle\n|move|p1a: Miraidon|Struggle|p2a: Hitmontop\n|-damage|p2a: Hitmontop|30/100\n|-damage|p1a: Miraidon|75/100|[from] recoil\n|move|p2a: Hitmontop|Close Combat|p1b: Iron Hands\n|-damage|p1b: Iron Hands|3/100\n|-unboost|p2a: Hitmontop|def|1\n|-unboost|p2a: Hitmontop|spd|1\n|move|p1b: Iron Hands|Drain Punch|p2a: Hitmontop\n|-damage|p2a: Hitmontop|0 fnt\n|-heal|p1b: Iron Hands|13/100|[from] drain|[of] p2a: Hitmontop\n|faint|p2a: Hitmontop\n|\n|upkeep\n|turn|10\n|\n|t:|1774559259\n|-activate|p1a: Miraidon|move: Struggle\n|move|p1a: Miraidon|Struggle|p2b: Sableye\n|-damage|p2b: Sableye|93/100\n|-damage|p1a: Miraidon|50/100|[from] recoil\n|move|p1b: Iron Hands|Drain Punch|p2b: Sableye\n|-immune|p2b: Sableye\n|move|p2b: Sableye|Foul Play|p1b: Iron Hands\n|-damage|p1b: Iron Hands|0 fnt\n|faint|p1b: Iron Hands\n|-end|p1b: Iron Hands|Quark Drive|[silent]\n|\n|upkeep\n|turn|11\n|\n|t:|1774559271\n|-activate|p1a: Miraidon|move: Struggle\n|move|p1a: Miraidon|Struggle|p2b: Sableye\n|-damage|p2b: Sableye|86/100\n|-damage|p1a: Miraidon|25/100|[from] recoil\n|move|p2b: Sableye|Foul Play|p1a: Miraidon\n|-damage|p1a: Miraidon|10/100\n|\n|-end|p1a: Miraidon|Disable\n|-fieldend|move: Electric Terrain\n|upkeep\n|turn|12\n|\n|t:|1774559282\n|move|p2b: Sableye|Protect|p2b: Sableye\n|-singleturn|p2b: Sableye|Protect\n|move|p1a: Miraidon|Draco Meteor|p2b: Sableye\n|-activate|p2b: Sableye|move: Protect\n|\n|upkeep\n|turn|13\n|\n|t:|1774559289\n|move|p2b: Sableye|Disable|p1a: Miraidon\n|-start|p1a: Miraidon|Disable|Draco Meteor\n|cant|p1a: Miraidon|Disable|Draco Meteor\n|\n|upkeep\n|turn|14\n|-message|mlbd1 forfeited.\n|\n|win|ArisHazard\n|raw|mlbd1's rating: 1417 &rarr; <strong>1400</strong><br />(-17 for losing)\n|raw|ArisHazard's rating: 1469 &rarr; <strong>1486</strong><br />(+17 for winning)\n|l|\u2606mlbd1\n|player|p1|\n|l|\u2606ArisHazard\n|player|p2|\n","uploadtime":1774559476,"views":13,"formatid":"gen9vgc2026regi","rating":1400,"private":0,"password":null}