{"id":"gen9vgc2026regi-2570030413","format":"[Gen 9] VGC 2026 Reg I","players":["soten soten","lalo's pollos"],"log":"|j|\u2606soten soten\n|j|\u2606lalo's pollos\n|t:|1774758884\n|gametype|doubles\n|player|p1|soten soten|hilbert|1572\n|player|p2|lalo's pollos|265|1538\n|gen|9\n|tier|[Gen 9] VGC 2026 Reg I\n|rated|\n|rule|Species Clause: Limit one of each Pok\u00e9mon\n|rule|Item Clause: Limit 1 of each item\n|clearpoke\n|poke|p1|Ho-Oh, L50|\n|poke|p1|Eternatus, L50|\n|poke|p1|Incineroar, L50, F|\n|poke|p1|Rillaboom, L50, M|\n|poke|p1|Toxapex, L50, M|\n|poke|p1|Ting-Lu, L50|\n|poke|p2|Gothitelle, L50, M|\n|poke|p2|Scream Tail, L50|\n|poke|p2|Koraidon, L50|\n|poke|p2|Flutter Mane, L50|\n|poke|p2|Incineroar, L50, M|\n|poke|p2|Calyrex-Shadow, L50|\n|teampreview|4\n|inactive|Battle timer is ON: inactive players will automatically lose when time's up. (requested by soten soten)\n|\n|t:|1774758899\n|teamsize|p1|4\n|teamsize|p2|4\n|start\n|switch|p1a: Eternatus|Eternatus, L50|100/100\n|switch|p1b: Incineroar|Incineroar, L50, F|100/100\n|switch|p2a: Scream Tail|Scream Tail, L50|100/100\n|switch|p2b: Incineroar|Incineroar, L50, M|100/100\n|-ability|p1a: Eternatus|Pressure\n|-ability|p1b: Incineroar|Intimidate|boost\n|-unboost|p2a: Scream Tail|atk|1\n|-unboost|p2b: Incineroar|atk|1\n|-ability|p2b: Incineroar|Intimidate|boost\n|-unboost|p1a: Eternatus|atk|1\n|-unboost|p1b: Incineroar|atk|1\n|-enditem|p2a: Scream Tail|Booster Energy\n|-activate|p2a: Scream Tail|ability: Protosynthesis|[fromitem]\n|-start|p2a: Scream Tail|protosynthesisspe\n|turn|1\n|inactive|lalo's pollos has 30 seconds left.\n|\n|t:|1774758930\n|move|p2b: Incineroar|Fake Out|p1b: Incineroar\n|-damage|p1b: Incineroar|95/100\n|move|p2a: Scream Tail|Perish Song|p2a: Scream Tail\n|-start|p1a: Eternatus|perish3|[silent]\n|-start|p1b: Incineroar|perish3|[silent]\n|-start|p2a: Scream Tail|perish3|[silent]\n|-start|p2b: Incineroar|perish3|[silent]\n|-fieldactivate|move: Perish Song\n|move|p1a: Eternatus|Toxic|p2a: Scream Tail\n|-status|p2a: Scream Tail|tox\n|cant|p1b: Incineroar|flinch\n|\n|-damage|p2a: Scream Tail|95/100 tox|[from] psn\n|-start|p2a: Scream Tail|perish3\n|-start|p1a: Eternatus|perish3\n|-start|p1b: Incineroar|perish3\n|-start|p2b: Incineroar|perish3\n|upkeep\n|turn|2\n|\n|t:|1774758938\n|switch|p1a: Ho-Oh|Ho-Oh, L50|100/100\n|move|p2a: Scream Tail|Protect|p2a: Scream Tail\n|-singleturn|p2a: Scream Tail|Protect\n|move|p1b: Incineroar|Parting Shot|p2a: Scream Tail\n|-activate|p2a: Scream Tail|move: Protect\n|move|p2b: Incineroar|Parting Shot|p1a: Ho-Oh\n|-unboost|p1a: Ho-Oh|atk|1\n|-unboost|p1a: Ho-Oh|spa|1\n|\n|t:|1774758941\n|switch|p2b: Gothitelle|Gothitelle, L50, M|100/100|[from] Parting Shot\n|\n|-damage|p2a: Scream Tail|83/100 tox|[from] psn\n|-start|p2a: Scream Tail|perish2\n|-start|p1b: Incineroar|perish2\n|upkeep\n|turn|3\n|\n|t:|1774758956\n|-terastallize|p1b: Incineroar|Ghost\n|move|p2b: Gothitelle|Fake Out|p1b: Incineroar\n|-immune|p1b: Incineroar\n|move|p2a: Scream Tail|Perish Song|p2a: Scream Tail\n|-start|p1a: Ho-Oh|perish3|[silent]\n|-start|p2b: Gothitelle|perish3|[silent]\n|-fieldactivate|move: Perish Song\n|move|p1a: Ho-Oh|Sacred Fire|p2b: Gothitelle\n|-damage|p2b: Gothitelle|67/100\n|move|p1b: Incineroar|Roar|p1a: Ho-Oh\n|drag|p1a: Eternatus|Eternatus, L50|100/100\n|-ability|p1a: Eternatus|Pressure\n|\n|-heal|p2b: Gothitelle|73/100|[from] item: Leftovers\n|-damage|p2a: Scream Tail|65/100 tox|[from] psn\n|-start|p2a: Scream Tail|perish1\n|-start|p1b: Incineroar|perish1\n|-start|p2b: Gothitelle|perish3\n|upkeep\n|turn|4\n|\n|t:|1774758970\n|switch|p1b: Ho-Oh|Ho-Oh, L50|100/100\n|move|p2b: Gothitelle|Protect|p2b: Gothitelle\n|-singleturn|p2b: Gothitelle|Protect\n|move|p2a: Scream Tail|Perish Song|p2a: Scream Tail\n|-start|p1a: Eternatus|perish3|[silent]\n|-start|p1b: Ho-Oh|perish3|[silent]\n|-fieldactivate|move: Perish Song\n|move|p1a: Eternatus|Toxic|p2b: Gothitelle\n|-activate|p2b: Gothitelle|move: Protect\n|\n|-heal|p2b: Gothitelle|79/100|[from] item: Leftovers\n|-damage|p2a: Scream Tail|42/100 tox|[from] psn\n|-start|p2a: Scream Tail|perish0\n|-start|p1a: Eternatus|perish3\n|faint|p2a: Scream Tail\n|-end|p2a: Scream Tail|Protosynthesis|[silent]\n|-start|p1b: Ho-Oh|perish3\n|-start|p2b: Gothitelle|perish2\n|upkeep\n|\n|t:|1774758977\n|switch|p2a: Calyrex|Calyrex-Shadow, L50|100/100\n|-ability|p2a: Calyrex|As One\n|-ability|p2a: Calyrex|Unnerve\n|turn|5\n|inactive|lalo's pollos has 30 seconds left.\n|\n|t:|1774759003\n|move|p2a: Calyrex|Psychic|p1a: Eternatus\n|-supereffective|p1a: Eternatus\n|-damage|p1a: Eternatus|0 fnt\n|faint|p1a: Eternatus\n|-ability|p2a: Calyrex|Grim Neigh|boost\n|-boost|p2a: Calyrex|spa|1\n|-damage|p2a: Calyrex|91/100|[from] item: Life Orb\n|move|p1b: Ho-Oh|Sacred Fire|p2a: Calyrex\n|-damage|p2a: Calyrex|31/100\n|-status|p2a: Calyrex|brn\n|move|p2b: Gothitelle|Taunt|p1b: Ho-Oh\n|-start|p1b: Ho-Oh|move: Taunt\n|\n|-heal|p2b: Gothitelle|85/100|[from] item: Leftovers\n|-damage|p2a: Calyrex|25/100 brn|[from] brn\n|-start|p1b: Ho-Oh|perish2\n|-start|p2b: Gothitelle|perish1\n|upkeep\n|\n|t:|1774759014\n|switch|p1a: Ting-Lu|Ting-Lu, L50|100/100\n|-ability|p1a: Ting-Lu|Vessel of Ruin\n|turn|6\n|\n|t:|1774759027\n|switch|p2b: Incineroar|Incineroar, L50, M|100/100\n|-ability|p2b: Incineroar|Intimidate|boost\n|-unboost|p1a: Ting-Lu|atk|1\n|-unboost|p1b: Ho-Oh|atk|1\n|move|p2a: Calyrex|Protect|p2a: Calyrex\n|-singleturn|p2a: Calyrex|Protect\n|move|p1b: Ho-Oh|Sacred Fire|p2b: Incineroar\n|-resisted|p2b: Incineroar\n|-damage|p2b: Incineroar|89/100\n|move|p1a: Ting-Lu|Snarl|p2a: Calyrex|[spread] p2b\n|-activate|p2a: Calyrex|move: Protect\n|-resisted|p2b: Incineroar\n|-damage|p2b: Incineroar|84/100\n|-unboost|p2b: Incineroar|spa|1\n|\n|-damage|p2a: Calyrex|19/100 brn|[from] brn\n|-start|p1b: Ho-Oh|perish1\n|upkeep\n|turn|7\n|\n|t:|1774759039\n|switch|p1b: Incineroar|Incineroar, L50, F, tera:Ghost|95/100\n|-ability|p1b: Incineroar|Intimidate|boost\n|-unboost|p2a: Calyrex|atk|1\n|-unboost|p2b: Incineroar|atk|1\n|move|p2b: Incineroar|Fake Out|p1a: Ting-Lu\n|-crit|p1a: Ting-Lu\n|-damage|p1a: Ting-Lu|91/100\n|move|p2a: Calyrex|Astral Barrage|p1b: Incineroar|[spread] p1a,p1b\n|-resisted|p1a: Ting-Lu\n|-supereffective|p1b: Incineroar\n|-damage|p1a: Ting-Lu|70/100\n|-damage|p1b: Incineroar|0 fnt\n|faint|p1b: Incineroar\n|-ability|p2a: Calyrex|Grim Neigh|boost\n|-boost|p2a: Calyrex|spa|1\n|-damage|p2a: Calyrex|10/100 brn|[from] item: Life Orb\n|cant|p1a: Ting-Lu|flinch\n|\n|-heal|p1a: Ting-Lu|76/100|[from] item: Leftovers\n|-damage|p2a: Calyrex|4/100 brn|[from] brn\n|upkeep\n|\n|t:|1774759041\n|switch|p1b: Ho-Oh|Ho-Oh, L50|100/100\n|turn|8\n|\n|t:|1774759060\n|move|p2b: Incineroar|Helping Hand|p2a: Calyrex\n|-singleturn|p2a: Calyrex|Helping Hand|[of] p2b: Incineroar\n|move|p1b: Ho-Oh|Protect|p1b: Ho-Oh\n|-singleturn|p1b: Ho-Oh|Protect\n|move|p2a: Calyrex|Astral Barrage|p1a: Ting-Lu|[spread] p1a\n|-activate|p1b: Ho-Oh|move: Protect\n|-resisted|p1a: Ting-Lu\n|-damage|p1a: Ting-Lu|33/100\n|-damage|p2a: Calyrex|0 fnt|[from] item: Life Orb\n|faint|p2a: Calyrex\n|move|p1a: Ting-Lu|Sand Tomb|p2b: Incineroar\n|-supereffective|p2b: Incineroar\n|-damage|p2b: Incineroar|71/100\n|-activate|p2b: Incineroar|move: Sand Tomb|[of] p1a: Ting-Lu\n|\n|-heal|p1a: Ting-Lu|39/100|[from] item: Leftovers\n|-damage|p2b: Incineroar|59/100|[from] move: Sand Tomb|[partiallytrapped]\n|upkeep\n|\n|t:|1774759070\n|switch|p2a: Gothitelle|Gothitelle, L50, M|85/100\n|turn|9\n|-message|lalo's pollos forfeited.\n|\n|win|soten soten\n|raw|soten soten's rating: 1572 &rarr; <strong>1590</strong><br />(+18 for winning)\n|raw|lalo&apos;s pollos's rating: 1538 &rarr; <strong>1520</strong><br />(-18 for losing)\n|l|\u2606lalo's pollos\n|player|p2|\n|l|\u2606soten soten\n|player|p1|\n","uploadtime":1774759291,"views":16,"formatid":"gen9vgc2026regi","rating":1520,"private":0,"password":null}