{"id":"gen9vgc2026regi-2586949940","format":"[Gen 9] VGC 2026 Reg I","players":["dodatid2","clessvgc"],"log":"|j|\u2606dodatid2\n|j|\u2606clessvgc\n|t:|1776474796\n|gametype|doubles\n|player|p1|dodatid2|hiker-gen4|1365\n|player|p2|clessvgc|proton|1282\n|gen|9\n|tier|[Gen 9] VGC 2026 Reg I\n|rated|\n|rule|Species Clause: Limit one of each Pok\u00e9mon\n|rule|Item Clause: Limit 1 of each item\n|clearpoke\n|poke|p1|Hariyama, L50, M|\n|poke|p1|Calyrex-Ice, L50|\n|poke|p1|Amoonguss, L50, F|\n|poke|p1|Kyogre, L50|\n|poke|p1|Urshifu-*, L50, F|\n|poke|p1|Rillaboom, L50, M|\n|poke|p2|Grimmsnarl, L50, M|\n|poke|p2|Landorus-Therian, L50, M|\n|poke|p2|Weezing-Galar, L50, M|\n|poke|p2|Calyrex-Shadow, L50|\n|poke|p2|Rayquaza, L50|\n|poke|p2|Typhlosion-Hisui, L50, M|\n|teampreview|4\n|inactive|Battle timer is ON: inactive players will automatically lose when time's up. (requested by clessvgc)\n|\n|t:|1776474814\n|teamsize|p1|4\n|teamsize|p2|4\n|start\n|switch|p1a: Hariyama|Hariyama, L50, M|100/100\n|switch|p1b: Calyrex|Calyrex-Ice, L50|100/100\n|switch|p2a: Grimmsnarl|Grimmsnarl, L50, M|100/100\n|switch|p2b: Rayquaza|Rayquaza, L50|100/100\n|-ability|p1b: Calyrex|As One\n|-ability|p1b: Calyrex|Unnerve\n|-ability|p2b: Rayquaza|Air Lock\n|turn|1\n|inactive|dodatid2 has 30 seconds left.\n|\n|t:|1776474843\n|move|p2a: Grimmsnarl|Fake Out|p1b: Calyrex\n|-crit|p1b: Calyrex\n|-damage|p1b: Calyrex|90/100\n|move|p1a: Hariyama|Fake Out|p2a: Grimmsnarl\n|-damage|p2a: Grimmsnarl|85/100\n|move|p2b: Rayquaza|Swords Dance|p2b: Rayquaza\n|-boost|p2b: Rayquaza|atk|2\n|cant|p1b: Calyrex|flinch\n|\n|-status|p1a: Hariyama|brn|[from] item: Flame Orb\n|upkeep\n|turn|2\n|\n|t:|1776474853\n|move|p1b: Calyrex|Protect|p1b: Calyrex\n|-singleturn|p1b: Calyrex|Protect\n|move|p2a: Grimmsnarl|Taunt|p1b: Calyrex\n|-activate|p1b: Calyrex|move: Protect\n|move|p2b: Rayquaza|Dragon Ascent|p1a: Hariyama\n|-supereffective|p1a: Hariyama\n|-damage|p1a: Hariyama|0 fnt\n|-unboost|p2b: Rayquaza|def|1\n|-unboost|p2b: Rayquaza|spd|1\n|faint|p1a: Hariyama\n|\n|upkeep\n|\n|t:|1776474869\n|switch|p1a: Kyogre|Kyogre, L50|100/100\n|-weather|RainDance|[from] ability: Drizzle|[of] p1a: Kyogre\n|turn|3\n|\n|t:|1776474886\n|-terastallize|p2b: Rayquaza|Normal\n|move|p2b: Rayquaza|Extreme Speed|p1a: Kyogre\n|-damage|p1a: Kyogre|0 fnt\n|faint|p1a: Kyogre\n|move|p2a: Grimmsnarl|Taunt|p1b: Calyrex\n|-start|p1b: Calyrex|move: Taunt\n|cant|p1b: Calyrex|move: Taunt|Trick Room\n|\n|-weather|RainDance|[upkeep]\n|upkeep\n|\n|t:|1776474895\n|switch|p1a: Amoonguss|Amoonguss, L50, F|100/100\n|turn|4\n|\n|t:|1776474902\n|move|p1a: Amoonguss|Rage Powder|p1a: Amoonguss\n|-singleturn|p1a: Amoonguss|move: Rage Powder\n|move|p2a: Grimmsnarl|Taunt|p1a: Amoonguss\n|-start|p1a: Amoonguss|move: Taunt\n|move|p2b: Rayquaza|Dragon Ascent|p1a: Amoonguss\n|-supereffective|p1a: Amoonguss\n|-damage|p1a: Amoonguss|0 fnt\n|-unboost|p2b: Rayquaza|def|1\n|-unboost|p2b: Rayquaza|spd|1\n|-damage|p2b: Rayquaza|84/100|[from] item: Rocky Helmet|[of] p1a: Amoonguss\n|faint|p1a: Amoonguss\n|move|p1b: Calyrex|Glacial Lance|p2b: Rayquaza|[spread] p2a,p2b\n|-damage|p2a: Grimmsnarl|22/100\n|-damage|p2b: Rayquaza|0 fnt\n|faint|p2b: Rayquaza\n|-ability|p1b: Calyrex|Chilling Neigh|boost\n|-boost|p1b: Calyrex|atk|1\n|\n|-weather|RainDance|[upkeep]\n|upkeep\n|\n|t:|1776474907\n|switch|p2b: Calyrex|Calyrex-Shadow, L50|100/100\n|-ability|p2b: Calyrex|As One\n|-ability|p2b: Calyrex|Unnerve\n|turn|5\n|\n|t:|1776474918\n|switch|p2a: Typhlosion|Typhlosion-Hisui, L50, M|100/100\n|-item|p1b: Calyrex|Clear Amulet|[from] ability: Frisk|[of] p2a: Typhlosion\n|-terastallize|p1b: Calyrex|Fire\n|move|p2b: Calyrex|Astral Barrage|p1b: Calyrex\n|-damage|p1b: Calyrex|40/100\n|move|p1b: Calyrex|Glacial Lance|p2a: Typhlosion|[spread] p2a,p2b\n|-resisted|p2a: Typhlosion\n|-damage|p2a: Typhlosion|30/100\n|-enditem|p2b: Calyrex|Focus Sash\n|-damage|p2b: Calyrex|1/100\n|\n|-weather|RainDance|[upkeep]\n|-end|p1b: Calyrex|move: Taunt\n|upkeep\n|turn|6\n|\n|t:|1776474933\n|move|p2a: Typhlosion|Shadow Ball|p1b: Calyrex\n|-damage|p1b: Calyrex|12/100\n|move|p2b: Calyrex|Astral Barrage|p1b: Calyrex\n|-damage|p1b: Calyrex|0 fnt\n|faint|p1b: Calyrex\n|\n|win|clessvgc\n|raw|dodatid2's rating: 1365 &rarr; <strong>1340</strong><br />(-25 for losing)\n|raw|clessvgc's rating: 1282 &rarr; <strong>1313</strong><br />(+31 for winning)\n|l|\u2606dodatid2\n|player|p1|\n|l|\u2606clessvgc\n|player|p2|\n","uploadtime":1776475091,"views":10,"formatid":"gen9vgc2026regi","rating":1313,"private":0,"password":null}