{"id":"gen9vgc2026regi-2582543456","format":"[Gen 9] VGC 2026 Reg I","players":["IAmALittleKid","eltutonach"],"log":"|j|\u2606IAmALittleKid\n|j|\u2606eltutonach\n|t:|1776098361\n|gametype|doubles\n|player|p1|IAmALittleKid|1|1411\n|player|p2|eltutonach|169|1352\n|gen|9\n|tier|[Gen 9] VGC 2026 Reg I\n|rated|\n|rule|Species Clause: Limit one of each Pok\u00e9mon\n|rule|Item Clause: Limit 1 of each item\n|clearpoke\n|poke|p1|Calyrex-Shadow, L50|\n|poke|p1|Incineroar, L50, F|\n|poke|p1|Zamazenta-*, L50|\n|poke|p1|Rillaboom, L50, M|\n|poke|p1|Urshifu-*, L50, F|\n|poke|p1|Tornadus, L50, M|\n|poke|p2|Kyogre, L50|\n|poke|p2|Farigiraf, L50, M|\n|poke|p2|Calyrex-Ice, L50|\n|poke|p2|Raichu, L50, F|\n|poke|p2|Landorus-Therian, L50, M|\n|poke|p2|Flutter Mane, L50|\n|teampreview|4\n|\n|t:|1776098386\n|teamsize|p1|4\n|teamsize|p2|4\n|start\n|switch|p1a: Crenchle|Rillaboom, L50, M|100/100\n|switch|p1b: Horseless Headsman|Calyrex-Shadow, L50|100/100\n|switch|p2a: Kyogre|Kyogre, L50, shiny|100/100\n|switch|p2b: Farigiraf|Farigiraf, L50, M|100/100\n|-ability|p1b: Horseless Headsman|As One\n|-ability|p1b: Horseless Headsman|Unnerve\n|-fieldstart|move: Grassy Terrain|[from] ability: Grassy Surge|[of] p1a: Crenchle\n|-weather|RainDance|[from] ability: Drizzle|[of] p2a: Kyogre\n|turn|1\n|inactive|Battle timer is ON: inactive players will automatically lose when time's up. (requested by eltutonach)\n|\n|t:|1776098407\n|move|p2a: Kyogre|Protect|p2a: Kyogre\n|-singleturn|p2a: Kyogre|Protect\n|move|p1b: Horseless Headsman|Astral Barrage|p2b: Farigiraf|[spread] \n|-activate|p2a: Kyogre|move: Protect\n|-immune|p2b: Farigiraf\n|move|p1a: Crenchle|U-turn|p2b: Farigiraf\n|-supereffective|p2b: Farigiraf\n|-damage|p2b: Farigiraf|53/100\n|\n|t:|1776098417\n|switch|p1a: Mug|Incineroar, L50, F|100/100|[from] U-turn\n|-ability|p1a: Mug|Intimidate|boost\n|-unboost|p2a: Kyogre|atk|1\n|-unboost|p2b: Farigiraf|atk|1\n|move|p2b: Farigiraf|Trick Room|p2b: Farigiraf\n|-fieldstart|move: Trick Room|[of] p2b: Farigiraf\n|\n|-weather|RainDance|[upkeep]\n|-heal|p2b: Farigiraf|59/100|[from] Grassy Terrain\n|upkeep\n|turn|2\n|\n|t:|1776098441\n|-terastallize|p1a: Mug|Ghost\n|move|p2b: Farigiraf|Helping Hand|p2a: Kyogre\n|-singleturn|p2a: Kyogre|Helping Hand|[of] p2b: Farigiraf\n|move|p1b: Horseless Headsman|Protect|p1b: Horseless Headsman\n|-singleturn|p1b: Horseless Headsman|Protect\n|move|p1a: Mug|Knock Off|p2b: Farigiraf\n|-supereffective|p2b: Farigiraf\n|-damage|p2b: Farigiraf|0 fnt\n|-enditem|p2b: Farigiraf|Mental Herb|[from] move: Knock Off|[of] p1a: Mug\n|faint|p2b: Farigiraf\n|move|p2a: Kyogre|Water Spout|p1a: Mug|[spread] p1a\n|-activate|p1b: Horseless Headsman|move: Protect\n|-damage|p1a: Mug|0 fnt\n|faint|p1a: Mug\n|\n|-weather|RainDance|[upkeep]\n|upkeep\n|\n|t:|1776098460\n|switch|p1a: Crenchle|Rillaboom, L50, M|100/100\n|switch|p2b: Calyrex|Calyrex-Ice, L50|100/100\n|-ability|p2b: Calyrex|As One\n|-ability|p2b: Calyrex|Unnerve\n|turn|3\n|\n|t:|1776098471\n|switch|p1b: Lil Dude|Zamazenta-Crowned, L50|100/100\n|-ability|p1b: Lil Dude|Dauntless Shield|boost\n|-boost|p1b: Lil Dude|def|1\n|move|p1a: Crenchle|Fake Out|p2b: Calyrex\n|-damage|p2b: Calyrex|92/100\n|cant|p2b: Calyrex|flinch\n|move|p2a: Kyogre|Water Spout|p1a: Crenchle|[spread] p1a,p1b\n|-resisted|p1a: Crenchle\n|-damage|p1a: Crenchle|61/100\n|-damage|p1b: Lil Dude|20/100\n|\n|-weather|RainDance|[upkeep]\n|-heal|p2b: Calyrex|98/100|[from] Grassy Terrain\n|-heal|p1a: Crenchle|67/100|[from] Grassy Terrain\n|-heal|p1b: Lil Dude|26/100|[from] Grassy Terrain\n|upkeep\n|turn|4\n|inactive|eltutonach has 30 seconds left.\n|inactive|eltutonach has 20 seconds left.\n|\n|t:|1776098511\n|move|p1b: Lil Dude|Protect|p1b: Lil Dude\n|-singleturn|p1b: Lil Dude|Protect\n|move|p1a: Crenchle|Grassy Glide|p2a: Kyogre\n|-supereffective|p2a: Kyogre\n|-damage|p2a: Kyogre|31/100\n|move|p2b: Calyrex|Zen Headbutt|p1b: Lil Dude\n|-activate|p1b: Lil Dude|move: Protect\n|move|p2a: Kyogre|Ice Beam|p1a: Crenchle\n|-supereffective|p1a: Crenchle\n|-damage|p1a: Crenchle|12/100\n|\n|-weather|RainDance|[upkeep]\n|-heal|p2b: Calyrex|100/100|[from] Grassy Terrain\n|-heal|p2a: Kyogre|37/100|[from] Grassy Terrain\n|-heal|p2a: Kyogre|43/100|[from] item: Leftovers\n|-heal|p1a: Crenchle|18/100|[from] Grassy Terrain\n|-heal|p1b: Lil Dude|32/100|[from] Grassy Terrain\n|upkeep\n|turn|5\n|inactive|eltutonach has 30 seconds left.\n|\n|t:|1776098539\n|move|p1a: Crenchle|Grassy Glide|p2a: Kyogre\n|-supereffective|p2a: Kyogre\n|-damage|p2a: Kyogre|0 fnt\n|faint|p2a: Kyogre\n|move|p2b: Calyrex|Zen Headbutt|p1b: Lil Dude\n|-damage|p1b: Lil Dude|0 fnt\n|faint|p1b: Lil Dude\n|-ability|p2b: Calyrex|Chilling Neigh|boost\n|-boost|p2b: Calyrex|atk|1\n|\n|-weather|none\n|-heal|p1a: Crenchle|24/100|[from] Grassy Terrain\n|-fieldend|move: Trick Room\n|-fieldend|move: Grassy Terrain\n|upkeep\n|\n|t:|1776098553\n|switch|p1b: Horseless Headsman|Calyrex-Shadow, L50|100/100\n|switch|p2a: Landorus|Landorus-Therian, L50, M|100/100\n|-ability|p1b: Horseless Headsman|As One\n|-ability|p1b: Horseless Headsman|Unnerve\n|-ability|p2a: Landorus|Intimidate|boost\n|-unboost|p1a: Crenchle|atk|1\n|-unboost|p1b: Horseless Headsman|atk|1\n|turn|6\n|\n|t:|1776098569\n|-terastallize|p2b: Calyrex|Normal\n|move|p1b: Horseless Headsman|Astral Barrage|p2a: Landorus|[spread] p2a\n|-immune|p2b: Calyrex\n|-damage|p2a: Landorus|32/100\n|move|p2a: Landorus|Crunch|p1b: Horseless Headsman\n|-supereffective|p1b: Horseless Headsman\n|-enditem|p1b: Horseless Headsman|Focus Sash\n|-damage|p1b: Horseless Headsman|1/100\n|-unboost|p1b: Horseless Headsman|def|1\n|-damage|p2a: Landorus|22/100|[from] item: Life Orb\n|move|p1a: Crenchle|U-turn|p2b: Calyrex\n|-crit|p2b: Calyrex\n|-damage|p2b: Calyrex|80/100\n|move|p2b: Calyrex|Zen Headbutt|p1a: Crenchle\n|-damage|p1a: Crenchle|0 fnt\n|faint|p1a: Crenchle\n|-ability|p2b: Calyrex|Chilling Neigh|boost\n|-boost|p2b: Calyrex|atk|1\n|\n|upkeep\n|turn|7\n|c|\u2606IAmALittleKid|GREAT tera\n|c|\u2606IAmALittleKid|gg\n|inactive|IAmALittleKid has 30 seconds left.\n|\n|t:|1776098600\n|move|p1b: Horseless Headsman|Draining Kiss|p2a: Landorus\n|-damage|p2a: Landorus|0 fnt\n|-heal|p1b: Horseless Headsman|16/100|[from] drain|[of] p2a: Landorus\n|faint|p2a: Landorus\n|-ability|p1b: Horseless Headsman|Grim Neigh|boost\n|-boost|p1b: Horseless Headsman|spa|1\n|move|p2b: Calyrex|Zen Headbutt|p1b: Horseless Headsman\n|-resisted|p1b: Horseless Headsman\n|-damage|p1b: Horseless Headsman|0 fnt\n|faint|p1b: Horseless Headsman\n|\n|win|eltutonach\n|raw|IAmALittleKid's rating: 1411 &rarr; <strong>1388</strong><br />(-23 for losing)\n|raw|eltutonach's rating: 1352 &rarr; <strong>1375</strong><br />(+23 for winning)\n|l|\u2606IAmALittleKid\n|player|p1|\n|l|\u2606eltutonach\n|player|p2|\n","uploadtime":1776098825,"views":8,"formatid":"gen9vgc2026regi","rating":1375,"private":0,"password":null}