{"id":"gen9vgc2026regi-2563721328","format":"[Gen 9] VGC 2026 Reg I","players":["inb_178","potato718"],"log":"|j|\u2606inb_178\n|j|\u2606potato718\n|t:|1774054200\n|gametype|doubles\n|player|p1|inb_178|102|1485\n|player|p2|potato718|dawn|1421\n|gen|9\n|tier|[Gen 9] VGC 2026 Reg I\n|rated|\n|rule|Species Clause: Limit one of each Pok\u00e9mon\n|rule|Item Clause: Limit 1 of each item\n|clearpoke\n|poke|p1|Miraidon, L50|\n|poke|p1|Zamazenta-*, L50|\n|poke|p1|Incineroar, L50, F|\n|poke|p1|Iron Bundle, L50|\n|poke|p1|Urshifu-*, L50, M|\n|poke|p1|Sneasler, L50, F|\n|poke|p2|Miraidon, L50|\n|poke|p2|Calyrex-Shadow, L50|\n|poke|p2|Incineroar, L50, M|\n|poke|p2|Rillaboom, L50, F|\n|poke|p2|Urshifu-*, L50, M|\n|poke|p2|Iron Hands, L50|\n|teampreview|4\npotato718 has agreed to open team sheets.\n|\n|t:|1774054225\n|teamsize|p1|4\n|teamsize|p2|4\n|start\n|switch|p1a: Miraidon|Miraidon, L50|100/100\n|switch|p1b: Iron Bundle|Iron Bundle, L50|100/100\n|switch|p2a: Iron Hands|Iron Hands, L50|100/100\n|switch|p2b: Miraidon|Miraidon, L50|100/100\n|-fieldstart|move: Electric Terrain|[from] ability: Hadron Engine|[of] p2b: Miraidon\n|-activate|p1b: Iron Bundle|ability: Quark Drive\n|-start|p1b: Iron Bundle|quarkdrivespe\n|-activate|p2a: Iron Hands|ability: Quark Drive\n|-start|p2a: Iron Hands|quarkdriveatk\n|-activate|p1a: Miraidon|ability: Hadron Engine\n|turn|1\n|\n|t:|1774054246\n|-terastallize|p2b: Miraidon|Electric\n|move|p1b: Iron Bundle|Encore||[still]\n|-fail|p1b: Iron Bundle\n|move|p2b: Miraidon|Snarl|p1a: Miraidon|[spread] p1a\n|-miss|p2b: Miraidon|p1b: Iron Bundle\n|-damage|p1a: Miraidon|89/100\n|-unboost|p1a: Miraidon|spa|1\n|move|p1a: Miraidon|Dragon Pulse|p2b: Miraidon\n|-damage|p2b: Miraidon|64/100\n|move|p2a: Iron Hands|Wild Charge|p1b: Iron Bundle\n|-supereffective|p1b: Iron Bundle\n|-enditem|p1b: Iron Bundle|Focus Sash\n|-damage|p1b: Iron Bundle|1/100\n|-damage|p2a: Iron Hands|88/100|[from] Recoil\n|\n|upkeep\n|turn|2\n|\n|t:|1774054270\n|move|p1b: Iron Bundle|Protect|p1b: Iron Bundle\n|-singleturn|p1b: Iron Bundle|Protect\n|move|p2b: Miraidon|Snarl|p1b: Iron Bundle|[spread] p1a\n|-activate|p1b: Iron Bundle|move: Protect\n|-crit|p1a: Miraidon\n|-damage|p1a: Miraidon|70/100\n|-unboost|p1a: Miraidon|spa|1\n|move|p1a: Miraidon|Volt Switch|p2b: Miraidon\n|-resisted|p2b: Miraidon\n|-damage|p2b: Miraidon|50/100\n|\n|t:|1774054281\n|switch|p1a: Sneasler|Sneasler, L50, F|100/100|[from] Volt Switch\n|-enditem|p1a: Sneasler|Electric Seed\n|-boost|p1a: Sneasler|def|1|[from] item: Electric Seed\n|move|p2a: Iron Hands|Close Combat|p1a: Sneasler\n|-resisted|p1a: Sneasler\n|-damage|p1a: Sneasler|56/100\n|-unboost|p2a: Iron Hands|def|1\n|-unboost|p2a: Iron Hands|spd|1\n|\n|upkeep\n|turn|3\n|\n|t:|1774054299\n|switch|p2b: Rillaboom|Rillaboom, L50, F|100/100\n|-fieldstart|move: Grassy Terrain|[from] ability: Grassy Surge|[of] p2b: Rillaboom\n|-end|p1b: Iron Bundle|Quark Drive\n|-end|p2a: Iron Hands|Quark Drive\n|-end|p2a: Iron Hands|Quark Drive|[silent]\n|switch|p2a: Calyrex|Calyrex-Shadow, L50|100/100\n|-ability|p2a: Calyrex|As One\n|-ability|p2a: Calyrex|Unnerve\n|move|p1a: Sneasler|Low Kick|p2b: Rillaboom\n|-damage|p2b: Rillaboom|64/100\n|move|p1b: Iron Bundle|Ice Beam|p2a: Calyrex\n|-damage|p2a: Calyrex|54/100\n|\n|-heal|p1a: Sneasler|62/100|[from] Grassy Terrain\n|-heal|p2a: Calyrex|60/100|[from] Grassy Terrain\n|-heal|p1b: Iron Bundle|7/100|[from] Grassy Terrain\n|-heal|p2b: Rillaboom|70/100|[from] Grassy Terrain\n|upkeep\n|turn|4\n|\n|t:|1774054321\n|move|p1a: Sneasler|Protect|p1a: Sneasler\n|-singleturn|p1a: Sneasler|Protect\n|move|p1b: Iron Bundle|Protect|p1b: Iron Bundle\n|-singleturn|p1b: Iron Bundle|Protect\n|move|p2b: Rillaboom|Grassy Glide|p1b: Iron Bundle\n|-activate|p1b: Iron Bundle|move: Protect\n|move|p2a: Calyrex|Psychic|p1a: Sneasler\n|-activate|p1a: Sneasler|move: Protect\n|\n|-heal|p1a: Sneasler|68/100|[from] Grassy Terrain\n|-heal|p2a: Calyrex|66/100|[from] Grassy Terrain\n|-heal|p1b: Iron Bundle|13/100|[from] Grassy Terrain\n|-heal|p2b: Rillaboom|75/100|[from] Grassy Terrain\n|upkeep\n|turn|5\n|\n|t:|1774054337\n|-end|p1b: Iron Bundle|Quark Drive|[silent]\n|switch|p1b: Miraidon|Miraidon, L50|70/100\n|-fieldstart|move: Electric Terrain|[from] ability: Hadron Engine|[of] p1b: Miraidon\n|move|p1a: Sneasler|Throat Chop|p2a: Calyrex\n|-supereffective|p2a: Calyrex\n|-damage|p2a: Calyrex|0 fnt\n|faint|p2a: Calyrex\n|move|p2b: Rillaboom|Grassy Glide|p1b: Miraidon\n|-resisted|p1b: Miraidon\n|-damage|p1b: Miraidon|58/100\n|\n|upkeep\n|\n|t:|1774054364\n|switch|p2a: Miraidon|Miraidon, L50, tera:Electric|50/100\n|-activate|p2a: Miraidon|ability: Hadron Engine\n|turn|6\n|\n|t:|1774054374\n|move|p1a: Sneasler|Low Kick|p2a: Miraidon\n|-damage|p2a: Miraidon|0 fnt\n|faint|p2a: Miraidon\n|move|p1b: Miraidon|Dragon Pulse|p2b: Rillaboom\n|-damage|p2b: Rillaboom|26/100\n|move|p2b: Rillaboom|U-turn|p1b: Miraidon\n|-damage|p1b: Miraidon|40/100\n|\n|t:|1774054380\n|switch|p2b: Iron Hands|Iron Hands, L50|88/100|[from] U-turn\n|-activate|p2b: Iron Hands|ability: Quark Drive\n|-start|p2b: Iron Hands|quarkdriveatk\n|\n|upkeep\n|\n|t:|1774054382\n|switch|p2a: Rillaboom|Rillaboom, L50, F|26/100\n|-fieldstart|move: Grassy Terrain|[from] ability: Grassy Surge|[of] p2a: Rillaboom\n|-end|p2b: Iron Hands|Quark Drive\n|turn|7\n|\n|t:|1774054394\n|switch|p1b: Zamazenta|Zamazenta-Crowned, L50|100/100\n|-ability|p1b: Zamazenta|Dauntless Shield|boost\n|-boost|p1b: Zamazenta|def|1\n|move|p1a: Sneasler|Protect|p1a: Sneasler\n|-singleturn|p1a: Sneasler|Protect\n|move|p2a: Rillaboom|Wood Hammer|p1b: Zamazenta\n|-resisted|p1b: Zamazenta\n|-damage|p1b: Zamazenta|85/100\n|-damage|p2a: Rillaboom|21/100|[from] Recoil\n|move|p2b: Iron Hands|Swords Dance|p2b: Iron Hands\n|-boost|p2b: Iron Hands|atk|2\n|\n|-heal|p1a: Sneasler|73/100|[from] Grassy Terrain\n|-heal|p1b: Zamazenta|91/100|[from] Grassy Terrain\n|-heal|p2a: Rillaboom|27/100|[from] Grassy Terrain\n|-heal|p2b: Iron Hands|93/100|[from] Grassy Terrain\n|upkeep\n|turn|8\n|\n|t:|1774054416\n|move|p2a: Rillaboom|Grassy Glide|p1a: Sneasler\n|-resisted|p1a: Sneasler\n|-damage|p1a: Sneasler|57/100\n|move|p1a: Sneasler|Dire Claw|p2a: Rillaboom\n|-supereffective|p2a: Rillaboom\n|-damage|p2a: Rillaboom|0 fnt\n|faint|p2a: Rillaboom\n|move|p1b: Zamazenta|Body Press|p2b: Iron Hands\n|-damage|p2b: Iron Hands|56/100\n|move|p2b: Iron Hands|Close Combat|p1b: Zamazenta\n|-supereffective|p1b: Zamazenta\n|-damage|p1b: Zamazenta|0 fnt\n|-unboost|p2b: Iron Hands|def|1\n|-unboost|p2b: Iron Hands|spd|1\n|faint|p1b: Zamazenta\n|\n|-heal|p1a: Sneasler|62/100|[from] Grassy Terrain\n|-heal|p2b: Iron Hands|62/100|[from] Grassy Terrain\n|upkeep\n|\n|t:|1774054436\n|switch|p1b: Iron Bundle|Iron Bundle, L50|13/100\n|turn|9\n|\n|t:|1774054475\n|move|p1a: Sneasler|Low Kick|p2b: Iron Hands\n|-damage|p2b: Iron Hands|0 fnt\n|faint|p2b: Iron Hands\n|-end|p2b: Iron Hands|Quark Drive|[silent]\n|\n|win|inb_178\n|raw|inb_178's rating: 1485 &rarr; <strong>1501</strong><br />(+16 for winning)\n|raw|potato718's rating: 1421 &rarr; <strong>1405</strong><br />(-16 for losing)\n|l|\u2606potato718\n|player|p2|\n|l|\u2606inb_178\n|player|p1|\n","uploadtime":1774054737,"views":20,"formatid":"gen9vgc2026regi","rating":1405,"private":0,"password":null}