{"id":"gen9vgc2026regi-2582792025","format":"[Gen 9] VGC 2026 Reg I","players":["JoeBro8","kenjiowo"],"log":"|j|\u2606JoeBro8\n|j|\u2606kenjiowo\n|t:|1776114465\n|gametype|doubles\n|player|p1|JoeBro8|n|1441\n|player|p2|kenjiowo|roxie|1310\n|gen|9\n|tier|[Gen 9] VGC 2026 Reg I\n|rated|\n|rule|Species Clause: Limit one of each Pok\u00e9mon\n|rule|Item Clause: Limit 1 of each item\n|clearpoke\n|poke|p1|Calyrex-Shadow, L50|\n|poke|p1|Indeedee-F, L50, F|\n|poke|p1|Dondozo, L50, M|\n|poke|p1|Tatsugiri-Droopy, L50, F|\n|poke|p1|Weezing-Galar, L50, F|\n|poke|p1|Zacian-*, L50|\n|poke|p2|Miraidon, L50|\n|poke|p2|Raichu-Alola, L50, F|\n|poke|p2|Umbreon, L50, F|\n|poke|p2|Donphan, L50, M|\n|poke|p2|Lugia, L50|\n|poke|p2|Arcanine, L50, M|\n|teampreview|4\n|inactive|Battle timer is ON: inactive players will automatically lose when time's up. (requested by kenjiowo)\n|inactive|JoeBro8 has 60 seconds left.\n|inactive|kenjiowo has 60 seconds left.\n|inactive|JoeBro8 has 30 seconds left.\n|\n|t:|1776114530\n|teamsize|p1|4\n|teamsize|p2|4\n|start\n|switch|p1a: Weezing|Weezing-Galar, L50, F|100/100\n|switch|p1b: Zacian|Zacian-Crowned, L50|100/100\n|switch|p2a: Lugia|Lugia, L50|100/100\n|switch|p2b: Raichu|Raichu-Alola, L50, F|100/100\n|-ability|p1a: Weezing|Neutralizing Gas\n|turn|1\n|inactive|kenjiowo has 30 seconds left.\n|\n|t:|1776114558\n|move|p2b: Raichu|Fake Out|p1b: Zacian\n|-resisted|p1b: Zacian\n|-damage|p1b: Zacian|96/100\n|cant|p1b: Zacian|flinch\n|move|p2a: Lugia|Tailwind|p2a: Lugia\n|-sidestart|p2: kenjiowo|move: Tailwind\n|move|p1a: Weezing|Poison Gas|p2b: Raichu|[spread] p2a\n|-miss|p1a: Weezing|p2b: Raichu\n|-status|p2a: Lugia|psn\n|\n|-damage|p2a: Lugia|88/100 psn|[from] psn\n|upkeep\n|turn|2\n|inactive|kenjiowo has 30 seconds left.\n|\n|t:|1776114583\n|move|p1b: Zacian|Protect|p1b: Zacian\n|-singleturn|p1b: Zacian|Protect\n|move|p2b: Raichu|Nuzzle|p1b: Zacian\n|-activate|p1b: Zacian|move: Protect\n|move|p2a: Lugia|Aeroblast|p1a: Weezing\n|-damage|p1a: Weezing|65/100\n|move|p1a: Weezing|Toxic Spikes|p2b: Raichu\n|-sidestart|p2: kenjiowo|move: Toxic Spikes\n|\n|-damage|p2a: Lugia|76/100 psn|[from] psn\n|upkeep\n|turn|3\n|\n|t:|1776114607\n|-terastallize|p1b: Zacian|Ground\n|move|p2b: Raichu|Nuzzle|p1b: Zacian\n|-immune|p1b: Zacian\n|move|p2a: Lugia|Aeroblast|p1a: Weezing|[miss]\n|-miss|p2a: Lugia|p1a: Weezing\n|move|p1b: Zacian|Tera Blast|p2b: Raichu|[anim] Tera Blast Ground\n|-supereffective|p2b: Raichu\n|-enditem|p2b: Raichu|Focus Sash\n|-damage|p2b: Raichu|1/100\n|move|p1a: Weezing|Strange Steam|p2a: Lugia\n|-damage|p2a: Lugia|64/100 psn\n|\n|-damage|p2a: Lugia|52/100 psn|[from] psn\n|upkeep\n|turn|4\n|inactive|kenjiowo has 30 seconds left.\n|\n|t:|1776114639\n|-terastallize|p2a: Lugia|Grass\n|move|p1b: Zacian|Protect|p1b: Zacian\n|-singleturn|p1b: Zacian|Protect\n|move|p2b: Raichu|Endeavor|p1b: Zacian\n|-activate|p1b: Zacian|move: Protect\n|move|p2a: Lugia|Giga Drain|p1b: Zacian\n|-activate|p1b: Zacian|move: Protect\n|move|p1a: Weezing|Strange Steam|p2b: Raichu\n|-damage|p2b: Raichu|0 fnt\n|faint|p2b: Raichu\n|\n|-damage|p2a: Lugia|40/100 psn|[from] psn\n|-sideend|p2: kenjiowo|move: Tailwind\n|upkeep\n|\n|t:|1776114650\n|switch|p2b: Umbreon|Umbreon, L50, F|100/100\n|-status|p2b: Umbreon|psn\n|turn|5\n|inactive|JoeBro8 has 30 seconds left.\n|inactive|JoeBro8 has 20 seconds left.\n|inactive|JoeBro8 has 15 seconds left.\n|inactive|JoeBro8 has 10 seconds left.\n|inactive|JoeBro8 has 5 seconds left.\n|\n|t:|1776114701\n|-end|p1a: Weezing|ability: Neutralizing Gas\n|-ability|p1b: Zacian|Intrepid Sword|boost\n|-boost|p1b: Zacian|atk|1\n|switch|p1a: Calyrex|Calyrex-Shadow, L50|100/100\n|-ability|p1a: Calyrex|As One\n|-ability|p1a: Calyrex|Unnerve\n|move|p1b: Zacian|Behemoth Blade|p2a: Lugia\n|-damage|p2a: Lugia|0 fnt\n|faint|p2a: Lugia\n|move|p2b: Umbreon|Reflect|p2b: Umbreon\n|-sidestart|p2: kenjiowo|Reflect\n|\n|-damage|p2b: Umbreon|88/100 psn|[from] psn\n|upkeep\n|\n|t:|1776114715\n|switch|p2a: Miraidon|Miraidon, L50|100/100\n|-status|p2a: Miraidon|psn\n|-fieldstart|move: Electric Terrain|[from] ability: Hadron Engine|[of] p2a: Miraidon\n|-enditem|p2a: Miraidon|Electric Seed\n|-boost|p2a: Miraidon|def|1|[from] item: Electric Seed\n|turn|6\n|\n|t:|1776114728\n|switch|p1a: Indeedee|Indeedee-F, L50, F|100/100\n|-fieldstart|move: Psychic Terrain|[from] ability: Psychic Surge|[of] p1a: Indeedee\n|move|p1b: Zacian|Play Rough|p2a: Miraidon\n|-supereffective|p2a: Miraidon\n|-damage|p2a: Miraidon|46/100 psn\n|move|p2a: Miraidon|Dragon Pulse|p1b: Zacian\n|-damage|p1b: Zacian|64/100\n|move|p2b: Umbreon|Foul Play|p1a: Indeedee\n|-supereffective|p1a: Indeedee\n|-damage|p1a: Indeedee|69/100\n|-damage|p2b: Umbreon|72/100 psn|[from] item: Rocky Helmet|[of] p1a: Indeedee\n|\n|-damage|p2a: Miraidon|34/100 psn|[from] psn\n|-damage|p2b: Umbreon|59/100 psn|[from] psn\n|upkeep\n|turn|7\n|\n|t:|1776114746\n|move|p1b: Zacian|Tera Blast|p2a: Miraidon|[anim] Tera Blast Ground\n|-supereffective|p2a: Miraidon\n|-damage|p2a: Miraidon|0 fnt\n|faint|p2a: Miraidon\n|move|p2b: Umbreon|Moonlight|p2b: Umbreon\n|-heal|p2b: Umbreon|100/100 psn\n|move|p1a: Indeedee|Dazzling Gleam|p2b: Umbreon\n|-supereffective|p2b: Umbreon\n|-damage|p2b: Umbreon|76/100 psn\n|\n|-damage|p2b: Umbreon|63/100 psn|[from] psn\n|upkeep\n|turn|8\n|\n|t:|1776114752\n|move|p1a: Indeedee|Helping Hand|p1b: Zacian\n|-singleturn|p1b: Zacian|Helping Hand|[of] p1a: Indeedee\n|move|p1b: Zacian|Play Rough|p2b: Umbreon\n|-supereffective|p2b: Umbreon\n|-damage|p2b: Umbreon|0 fnt\n|-damage|p1b: Zacian|47/100|[from] item: Rocky Helmet|[of] p2b: Umbreon\n|faint|p2b: Umbreon\n|\n|win|JoeBro8\n|raw|JoeBro8's rating: 1441 &rarr; <strong>1454</strong><br />(+13 for winning)\n|raw|kenjiowo's rating: 1310 &rarr; <strong>1297</strong><br />(-13 for losing)\n|l|\u2606kenjiowo\n|player|p2|\n|l|\u2606JoeBro8\n|player|p1|\n","uploadtime":1776114971,"views":10,"formatid":"gen9vgc2026regi","rating":1297,"private":0,"password":null}