{"id":"gen9vgc2026regi-2525851881","format":"[Gen 9] VGC 2026 Reg I","players":["blackred123","king45390"],"log":"|j|\u2606blackred123\n|j|\u2606king45390\n|t:|1769339925\n|gametype|doubles\n|player|p1|blackred123|iono-masters|1295\n|player|p2|king45390|169|1228\n|gen|9\n|tier|[Gen 9] VGC 2026 Reg I\n|rated|\n|rule|Species Clause: Limit one of each Pok\u00e9mon\n|rule|Item Clause: Limit 1 of each item\n|clearpoke\n|poke|p1|Zamazenta-*, L50|\n|poke|p1|Calyrex-Shadow, L50|\n|poke|p1|Tornadus, L50, M|\n|poke|p1|Rillaboom, L50, M|\n|poke|p1|Smeargle, L50, F|\n|poke|p1|Raging Bolt, L50|\n|poke|p2|Zacian-*, L50|\n|poke|p2|Kyogre, L50|\n|poke|p2|Tornadus, L50, M|\n|poke|p2|Urshifu-*, L50, F|\n|poke|p2|Annihilape, L50, M|\n|poke|p2|Rillaboom, L50, F|\n|teampreview|4\n|inactive|Battle timer is ON: inactive players will automatically lose when time's up. (requested by king45390)\n|inactive|blackred123 also wants the timer to be on.\n|inactive|king45390 has 60 seconds left.\n|\n|t:|1769339961\n|teamsize|p1|4\n|teamsize|p2|4\n|start\n|switch|p1a: \u9a6c\u6b7b\u4e86|Calyrex-Shadow, L50|100/100\n|switch|p1b: \u7d2b\u5c3e\u723d\u98de|Tornadus, L50, M|100/100\n|switch|p2a: Urshifu|Urshifu-Rapid-Strike, L50, F|100/100\n|switch|p2b: Kyogre|Kyogre, L50|100/100\n|-ability|p1a: \u9a6c\u6b7b\u4e86|As One\n|-ability|p1a: \u9a6c\u6b7b\u4e86|Unnerve\n|-weather|RainDance|[from] ability: Drizzle|[of] p2b: Kyogre\n|turn|1\n|\n|t:|1769339975\n|switch|p1a: \u7acb\u4e86|Raging Bolt, L50|100/100\n|-enditem|p1a: \u7acb\u4e86|Booster Energy\n|-activate|p1a: \u7acb\u4e86|ability: Protosynthesis|[fromitem]\n|-start|p1a: \u7acb\u4e86|protosynthesisspa\n|move|p1b: \u7d2b\u5c3e\u723d\u98de|Tailwind|p1b: \u7d2b\u5c3e\u723d\u98de\n|-sidestart|p1: blackred123|move: Tailwind\n|move|p2a: Urshifu|Surging Strikes|p1a: \u7acb\u4e86\n|-resisted|p1a: \u7acb\u4e86\n|-crit|p1a: \u7acb\u4e86\n|-damage|p1a: \u7acb\u4e86|86/100\n|-resisted|p1a: \u7acb\u4e86\n|-crit|p1a: \u7acb\u4e86\n|-damage|p1a: \u7acb\u4e86|73/100\n|-resisted|p1a: \u7acb\u4e86\n|-crit|p1a: \u7acb\u4e86\n|-damage|p1a: \u7acb\u4e86|58/100\n|-hitcount|p1a: \u7acb\u4e86|3\n|move|p2b: Kyogre|Thunder|p1b: \u7d2b\u5c3e\u723d\u98de\n|-supereffective|p1b: \u7d2b\u5c3e\u723d\u98de\n|-damage|p1b: \u7d2b\u5c3e\u723d\u98de|13/100\n|\n|-weather|RainDance|[upkeep]\n|upkeep\n|turn|2\n|inactive|blackred123 has 30 seconds left.\n|inactive|king45390 has 30 seconds left.\n|\n|t:|1769340004\n|switch|p2a: Zacian|Zacian-Crowned, L50|100/100\n|-ability|p2a: Zacian|Intrepid Sword|boost\n|-boost|p2a: Zacian|atk|1\n|move|p2b: Kyogre|Protect|p2b: Kyogre\n|-singleturn|p2b: Kyogre|Protect\n|move|p1b: \u7d2b\u5c3e\u723d\u98de|Bleakwind Storm|p2a: Zacian|[spread] p2a\n|-activate|p2b: Kyogre|move: Protect\n|-resisted|p2a: Zacian\n|-damage|p2a: Zacian|86/100\n|move|p1a: \u7acb\u4e86|Thunderbolt|p2a: Zacian\n|-damage|p2a: Zacian|30/100\n|\n|-weather|RainDance|[upkeep]\n|upkeep\n|turn|3\n|\n|t:|1769340024\n|move|p2a: Zacian|Protect|p2a: Zacian\n|-singleturn|p2a: Zacian|Protect\n|move|p1b: \u7d2b\u5c3e\u723d\u98de|Bleakwind Storm|p2b: Kyogre|[spread] p2b\n|-activate|p2a: Zacian|move: Protect\n|-damage|p2b: Kyogre|75/100\n|move|p1a: \u7acb\u4e86|Thunderbolt|p2b: Kyogre\n|-supereffective|p2b: Kyogre\n|-damage|p2b: Kyogre|0 fnt\n|faint|p2b: Kyogre\n|\n|-weather|RainDance|[upkeep]\n|upkeep\n|\n|t:|1769340034\n|switch|p2b: Tornadus|Tornadus, L50, M|100/100\n|turn|4\n|\n|t:|1769340050\n|move|p1b: \u7d2b\u5c3e\u723d\u98de|Taunt|p2b: Tornadus\n|-start|p2b: Tornadus|move: Taunt\n|cant|p2b: Tornadus|move: Taunt|Tailwind\n|move|p1a: \u7acb\u4e86|Thunderbolt|p2a: Zacian\n|-damage|p2a: Zacian|0 fnt\n|faint|p2a: Zacian\n|\n|-weather|RainDance|[upkeep]\n|-sideend|p1: blackred123|move: Tailwind\n|upkeep\n|\n|t:|1769340055\n|switch|p2a: Urshifu|Urshifu-Rapid-Strike, L50, F|100/100\n|turn|5\n|\n|t:|1769340067\n|-terastallize|p2a: Urshifu|Stellar\n|move|p1b: \u7d2b\u5c3e\u723d\u98de|Tailwind|p1b: \u7d2b\u5c3e\u723d\u98de\n|-sidestart|p1: blackred123|move: Tailwind\n|move|p2a: Urshifu|Surging Strikes|p1a: \u7acb\u4e86\n|-resisted|p1a: \u7acb\u4e86\n|-crit|p1a: \u7acb\u4e86\n|-damage|p1a: \u7acb\u4e86|41/100\n|-resisted|p1a: \u7acb\u4e86\n|-crit|p1a: \u7acb\u4e86\n|-damage|p1a: \u7acb\u4e86|24/100\n|-resisted|p1a: \u7acb\u4e86\n|-crit|p1a: \u7acb\u4e86\n|-damage|p1a: \u7acb\u4e86|5/100\n|-hitcount|p1a: \u7acb\u4e86|3\n|move|p1a: \u7acb\u4e86|Thunderbolt|p2a: Urshifu\n|-supereffective|p2a: Urshifu\n|-damage|p2a: Urshifu|0 fnt\n|faint|p2a: Urshifu\n|move|p2b: Tornadus|Bleakwind Storm|p1a: \u7acb\u4e86|[spread] p1a,p1b\n|-resisted|p1a: \u7acb\u4e86\n|-crit|p1b: \u7d2b\u5c3e\u723d\u98de\n|-damage|p1a: \u7acb\u4e86|0 fnt\n|-damage|p1b: \u7d2b\u5c3e\u723d\u98de|0 fnt\n|faint|p1a: \u7acb\u4e86\n|-end|p1a: \u7acb\u4e86|Protosynthesis|[silent]\n|faint|p1b: \u7d2b\u5c3e\u723d\u98de\n|\n|-weather|none\n|upkeep\n|\n|t:|1769340082\n|switch|p1b: \u556a\u53fd\u556a\uff08\u5657\u53fd\u58f0\uff09|Zamazenta-Crowned, L50|100/100\n|switch|p1a: \u9a6c\u6b7b\u4e86|Calyrex-Shadow, L50|100/100\n|-ability|p1a: \u9a6c\u6b7b\u4e86|As One\n|-ability|p1a: \u9a6c\u6b7b\u4e86|Unnerve\n|-ability|p1b: \u556a\u53fd\u556a\uff08\u5657\u53fd\u58f0\uff09|Dauntless Shield|boost\n|-boost|p1b: \u556a\u53fd\u556a\uff08\u5657\u53fd\u58f0\uff09|def|1\n|turn|6\n|\n|t:|1769340089\n|move|p1a: \u9a6c\u6b7b\u4e86|Astral Barrage|p2b: Tornadus\n|-damage|p2b: Tornadus|0 fnt\n|faint|p2b: Tornadus\n|-damage|p1a: \u9a6c\u6b7b\u4e86|91/100|[from] item: Life Orb\n|\n|win|blackred123\n|raw|blackred123's rating: 1295 &rarr; <strong>1315</strong><br />(+20 for winning)\n|raw|king45390's rating: 1228 &rarr; <strong>1208</strong><br />(-20 for losing)\n","uploadtime":1769340097,"views":15,"formatid":"gen9vgc2026regi","rating":1208,"private":0,"password":null}