{"id":"gen9vgc2026regi-2587103041","format":"[Gen 9] VGC 2026 Reg I","players":["kyoshimon","13579HXM"],"log":"|j|\u2606kyoshimon\n|j|\u260613579HXM\n|t:|1776493782\n|gametype|doubles\n|player|p1|kyoshimon|cynthia-gen4|1428\n|player|p2|13579HXM|dawn|1501\n|gen|9\n|tier|[Gen 9] VGC 2026 Reg I\n|rated|\n|rule|Species Clause: Limit one of each Pok\u00e9mon\n|rule|Item Clause: Limit 1 of each item\n|clearpoke\n|poke|p1|Kyogre, L50|\n|poke|p1|Chien-Pao, L50|\n|poke|p1|Landorus, L50, M|\n|poke|p1|Zamazenta-*, L50|\n|poke|p1|Iron Jugulis, L50|\n|poke|p1|Amoonguss, L50, F|\n|poke|p2|Calyrex-Shadow, L50|\n|poke|p2|Zamazenta-*, L50|\n|poke|p2|Chien-Pao, L50|\n|poke|p2|Dragonite, L50, F|\n|poke|p2|Incineroar, L50, F|\n|poke|p2|Amoonguss, L50, F|\n|teampreview|4\n|inactive|Battle timer is ON: inactive players will automatically lose when time's up. (requested by kyoshimon)\n|\n|t:|1776493811\n|teamsize|p1|4\n|teamsize|p2|4\n|start\n|switch|p1a: Amoonguss|Amoonguss, L50, F|100/100\n|switch|p1b: Kyogre|Kyogre, L50|100/100\n|switch|p2a: Calyrex|Calyrex-Shadow, L50|100/100\n|switch|p2b: Zamazenta|Zamazenta-Crowned, L50|100/100\n|-ability|p2a: Calyrex|As One\n|-ability|p2a: Calyrex|Unnerve\n|-ability|p2b: Zamazenta|Dauntless Shield|boost\n|-boost|p2b: Zamazenta|def|1\n|-weather|RainDance|[from] ability: Drizzle|[of] p1b: Kyogre\n|turn|1\n|\n|t:|1776493834\n|-terastallize|p1a: Amoonguss|Fire\n|move|p1b: Kyogre|Protect|p1b: Kyogre\n|-singleturn|p1b: Kyogre|Protect\n|move|p2a: Calyrex|Astral Barrage|p1a: Amoonguss|[spread] p1a\n|-activate|p1b: Kyogre|move: Protect\n|-damage|p1a: Amoonguss|32/100\n|-damage|p2a: Calyrex|91/100|[from] item: Life Orb\n|move|p2b: Zamazenta|Body Press|p1b: Kyogre\n|-activate|p1b: Kyogre|move: Protect\n|move|p1a: Amoonguss|Spore|p2b: Zamazenta\n|-status|p2b: Zamazenta|slp|[from] move: Spore\n|\n|-weather|RainDance|[upkeep]\n|upkeep\n|turn|2\n|\n|t:|1776493857\n|switch|p1a: Iron Jugulis|Iron Jugulis, L50|100/100\n|-enditem|p1a: Iron Jugulis|Booster Energy\n|-activate|p1a: Iron Jugulis|ability: Quark Drive|[fromitem]\n|-start|p1a: Iron Jugulis|quarkdrivespe\n|move|p2a: Calyrex|Astral Barrage|p1b: Kyogre|[spread] p1a,p1b\n|-resisted|p1a: Iron Jugulis\n|-damage|p1a: Iron Jugulis|61/100\n|-damage|p1b: Kyogre|49/100\n|-damage|p2a: Calyrex|81/100|[from] item: Life Orb\n|cant|p2b: Zamazenta|slp\n|move|p1b: Kyogre|Origin Pulse|p2a: Calyrex|[spread] p2a,p2b\n|-crit|p2a: Calyrex\n|-damage|p2a: Calyrex|0 fnt\n|-damage|p2b: Zamazenta|31/100 slp\n|faint|p2a: Calyrex\n|\n|-weather|RainDance|[upkeep]\n|upkeep\n|\n|t:|1776493882\n|switch|p2a: Chien-Pao|Chien-Pao, L50|100/100\n|-ability|p2a: Chien-Pao|Sword of Ruin\n|turn|3\n|\n|t:|1776493897\n|switch|p1b: Amoonguss|Amoonguss, L50, F, tera:Fire|65/100\n|move|p1a: Iron Jugulis|Hurricane|p2b: Zamazenta\n|-damage|p2b: Zamazenta|0 fnt\n|faint|p2b: Zamazenta\n|move|p2a: Chien-Pao|Ice Spinner|p1a: Iron Jugulis\n|-supereffective|p1a: Iron Jugulis\n|-damage|p1a: Iron Jugulis|0 fnt\n|faint|p1a: Iron Jugulis\n|-end|p1a: Iron Jugulis|Quark Drive|[silent]\n|\n|-weather|RainDance|[upkeep]\n|upkeep\n|\n|t:|1776493910\n|switch|p2b: Dragonite|Dragonite, L50, F|100/100\n|switch|p1a: Kyogre|Kyogre, L50|49/100\n|turn|4\n|\n|t:|1776493925\n|-terastallize|p2b: Dragonite|Normal\n|move|p1a: Kyogre|Protect|p1a: Kyogre\n|-singleturn|p1a: Kyogre|Protect\n|move|p1b: Amoonguss|Protect|p1b: Amoonguss\n|-singleturn|p1b: Amoonguss|Protect\n|move|p2b: Dragonite|Extreme Speed|p1b: Amoonguss\n|-activate|p1b: Amoonguss|move: Protect\n|move|p2a: Chien-Pao|Sucker Punch||[still]\n|-fail|p2a: Chien-Pao\n|\n|-weather|RainDance|[upkeep]\n|upkeep\n|turn|5\n|\n|t:|1776493946\n|move|p2b: Dragonite|Extreme Speed|p1b: Amoonguss\n|-damage|p1b: Amoonguss|0 fnt\n|-damage|p2b: Dragonite|84/100|[from] item: Rocky Helmet|[of] p1b: Amoonguss\n|faint|p1b: Amoonguss\n|move|p2a: Chien-Pao|Sucker Punch|p1a: Kyogre\n|-damage|p1a: Kyogre|8/100\n|move|p1a: Kyogre|Origin Pulse|p2b: Dragonite|[spread] p2a,p2b\n|-enditem|p2a: Chien-Pao|Focus Sash\n|-damage|p2a: Chien-Pao|1/100\n|-damage|p2b: Dragonite|9/100\n|\n|-weather|none\n|upkeep\n|\n|t:|1776493956\n|switch|p1b: Zamazenta|Zamazenta-Crowned, L50|100/100\n|-ability|p1b: Zamazenta|Dauntless Shield|boost\n|-boost|p1b: Zamazenta|def|1\n|turn|6\n|\n|t:|1776493970\n|move|p1a: Kyogre|Protect|p1a: Kyogre\n|-singleturn|p1a: Kyogre|Protect\n|move|p2b: Dragonite|Extreme Speed|p1a: Kyogre\n|-activate|p1a: Kyogre|move: Protect\n|move|p2a: Chien-Pao|Sacred Sword|p1b: Zamazenta\n|-supereffective|p1b: Zamazenta\n|-damage|p1b: Zamazenta|54/100\n|move|p1b: Zamazenta|Behemoth Bash|p2a: Chien-Pao\n|-supereffective|p2a: Chien-Pao\n|-damage|p2a: Chien-Pao|0 fnt\n|faint|p2a: Chien-Pao\n|\n|upkeep\n|turn|7\n|\n|t:|1776493986\n|move|p2b: Dragonite|Extreme Speed|p1a: Kyogre\n|-damage|p1a: Kyogre|0 fnt\n|faint|p1a: Kyogre\n|move|p1b: Zamazenta|Body Press|p2b: Dragonite\n|-supereffective|p2b: Dragonite\n|-damage|p2b: Dragonite|0 fnt\n|faint|p2b: Dragonite\n|\n|win|kyoshimon\n|raw|kyoshimon's rating: 1428 &rarr; <strong>1452</strong><br />(+24 for winning)\n|raw|13579HXM's rating: 1501 &rarr; <strong>1477</strong><br />(-24 for losing)\n|l|\u260613579HXM\n|player|p2|\n","uploadtime":1776493998,"views":122,"formatid":"gen9vgc2026regi","rating":1452,"private":0,"password":null}