{"id":"gen9vgc2026regi-2551495440","format":"[Gen 9] VGC 2026 Reg I","players":["Zorse Mentality","Stinky61"],"log":"|j|\u2606Zorse Mentality\n|j|\u2606Stinky61\n|t:|1772611414\n|gametype|doubles\n|player|p1|Zorse Mentality|169|1380\n|player|p2|Stinky61|170|1427\n|gen|9\n|tier|[Gen 9] VGC 2026 Reg I\n|rated|\n|rule|Species Clause: Limit one of each Pok\u00e9mon\n|rule|Item Clause: Limit 1 of each item\n|clearpoke\n|poke|p1|Miraidon, L50|\n|poke|p1|Tatsugiri, L50, M|\n|poke|p1|Raichu-Alola, L50, M|\n|poke|p1|Dondozo, L50, M|\n|poke|p1|Calyrex-Shadow, L50|\n|poke|p1|Weezing-Galar, L50, F|\n|poke|p2|Kyogre, L50|\n|poke|p2|Necrozma-Dusk-Mane, L50|\n|poke|p2|Iron Jugulis, L50|\n|poke|p2|Ursaluna-Bloodmoon, L50, M|\n|poke|p2|Rillaboom, L50, F|\n|poke|p2|Urshifu-*, L50, F|\n|teampreview|4\n|inactive|Battle timer is ON: inactive players will automatically lose when time's up. (requested by Stinky61)\n|\n|t:|1772611443\n|teamsize|p1|4\n|teamsize|p2|4\n|start\n|switch|p1a: Calyrex|Calyrex-Shadow, L50|100/100\n|switch|p1b: Weezing|Weezing-Galar, L50, F|100/100\n|switch|p2a: Kyogre|Kyogre, L50|100/100\n|switch|p2b: Iron Jugulis|Iron Jugulis, L50|100/100\n|-ability|p1b: Weezing|Neutralizing Gas\n|-ability|p1a: Calyrex|As One\n|-ability|p1a: Calyrex|Unnerve\n|turn|1\n|inactive|Zorse Mentality has 30 seconds left.\n|inactive|Zorse Mentality has 20 seconds left.\n|inactive|Zorse Mentality has 15 seconds left.\n|inactive|Zorse Mentality has 10 seconds left.\n|\n|t:|1772611492\n|move|p2a: Kyogre|Protect|p2a: Kyogre\n|-singleturn|p2a: Kyogre|Protect\n|move|p1a: Calyrex|Astral Barrage|p2b: Iron Jugulis|[spread] p2b\n|-activate|p2a: Kyogre|move: Protect\n|-resisted|p2b: Iron Jugulis\n|-damage|p2b: Iron Jugulis|67/100\n|-damage|p1a: Calyrex|91/100|[from] item: Life Orb\n|move|p2b: Iron Jugulis|Tailwind|p2b: Iron Jugulis\n|-sidestart|p2: Stinky61|move: Tailwind\n|move|p1b: Weezing|Poison Gas|p2b: Iron Jugulis|[spread] p2b\n|-activate|p2a: Kyogre|move: Protect\n|-status|p2b: Iron Jugulis|psn\n|\n|-damage|p2b: Iron Jugulis|55/100 psn|[from] psn\n|upkeep\n|turn|2\n|\n|t:|1772611516\n|move|p1a: Calyrex|Protect|p1a: Calyrex\n|-singleturn|p1a: Calyrex|Protect\n|move|p2b: Iron Jugulis|Hurricane|p1b: Weezing|[miss]\n|-miss|p2b: Iron Jugulis|p1b: Weezing\n|move|p2a: Kyogre|Water Spout|p1b: Weezing|[spread] p1b\n|-activate|p1a: Calyrex|move: Protect\n|-damage|p1b: Weezing|0 fnt\n|faint|p1b: Weezing\n|-end|p1b: Weezing|ability: Neutralizing Gas\n|-weather|RainDance|[from] ability: Drizzle|[of] p2a: Kyogre\n|-enditem|p2b: Iron Jugulis|Booster Energy\n|-activate|p2b: Iron Jugulis|ability: Quark Drive|[fromitem]\n|-start|p2b: Iron Jugulis|quarkdrivespe\n|\n|-weather|RainDance|[upkeep]\n|-damage|p2b: Iron Jugulis|42/100 psn|[from] psn\n|upkeep\n|\n|t:|1772611533\n|switch|p1b: Dondozo|Dondozo, L50, M|100/100\n|turn|3\n|\n|t:|1772611558\n|switch|p1a: Tatsugiri|Tatsugiri, L50, M|100/100\n|-activate|p1a: Tatsugiri|ability: Commander|[of] p1b: Dondozo\n|-boost|p1b: Dondozo|atk|2\n|-boost|p1b: Dondozo|spa|2\n|-boost|p1b: Dondozo|spe|2\n|-boost|p1b: Dondozo|def|2\n|-boost|p1b: Dondozo|spd|2\n|move|p2b: Iron Jugulis|Hurricane|p1b: Dondozo\n|-damage|p1b: Dondozo|85/100\n|move|p2a: Kyogre|Water Spout|p1a: Tatsugiri|[spread] p1b\n|-miss|p2a: Kyogre|p1a: Tatsugiri\n|-resisted|p1b: Dondozo\n|-damage|p1b: Dondozo|64/100\n|move|p1b: Dondozo|Order Up|p2a: Kyogre\n|-damage|p2a: Kyogre|61/100\n|-boost|p1b: Dondozo|atk|1\n|\n|-weather|RainDance|[upkeep]\n|-damage|p2b: Iron Jugulis|30/100 psn|[from] psn\n|upkeep\n|turn|4\n|inactive|Zorse Mentality has 30 seconds left.\n|\n|t:|1772611592\n|move|p2b: Iron Jugulis|Hurricane|p1b: Dondozo\n|-damage|p1b: Dondozo|48/100\n|-start|p1b: Dondozo|confusion\n|move|p2a: Kyogre|Thunder|p1b: Dondozo\n|-supereffective|p1b: Dondozo\n|-damage|p1b: Dondozo|15/100\n|-activate|p1b: Dondozo|confusion\n|-damage|p1b: Dondozo|8/100|[from] confusion\n|\n|-weather|RainDance|[upkeep]\n|-damage|p2b: Iron Jugulis|18/100 psn|[from] psn\n|-sideend|p2: Stinky61|move: Tailwind\n|upkeep\n|turn|5\n|\n|t:|1772611607\n|move|p2b: Iron Jugulis|Tailwind|p2b: Iron Jugulis\n|-sidestart|p2: Stinky61|move: Tailwind\n|move|p2a: Kyogre|Thunder|p1b: Dondozo\n|-supereffective|p1b: Dondozo\n|-damage|p1b: Dondozo|0 fnt\n|faint|p1b: Dondozo\n|\n|-weather|RainDance|[upkeep]\n|-damage|p2b: Iron Jugulis|6/100 psn|[from] psn\n|upkeep\n|\n|t:|1772611617\n|switch|p1b: Calyrex|Calyrex-Shadow, L50|91/100\n|-ability|p1b: Calyrex|As One\n|-ability|p1b: Calyrex|Unnerve\n|turn|6\n|\n|t:|1772611632\n|move|p1b: Calyrex|Protect|p1b: Calyrex\n|-singleturn|p1b: Calyrex|Protect\n|move|p2b: Iron Jugulis|Snarl|p1b: Calyrex|[spread] p1a\n|-activate|p1b: Calyrex|move: Protect\n|-damage|p1a: Tatsugiri|80/100\n|-unboost|p1a: Tatsugiri|spa|1\n|move|p2a: Kyogre|Water Spout|p1a: Tatsugiri|[spread] p1a\n|-activate|p1b: Calyrex|move: Protect\n|-resisted|p1a: Tatsugiri\n|-damage|p1a: Tatsugiri|55/100\n|move|p1a: Tatsugiri|Icy Wind|p2a: Kyogre|[spread] p2a,p2b\n|-resisted|p2a: Kyogre\n|-supereffective|p2b: Iron Jugulis\n|-damage|p2a: Kyogre|58/100\n|-damage|p2b: Iron Jugulis|0 fnt\n|-unboost|p2a: Kyogre|spe|1\n|faint|p2b: Iron Jugulis\n|-end|p2b: Iron Jugulis|Quark Drive|[silent]\n|\n|-weather|none\n|upkeep\n|\n|t:|1772611636\n|switch|p2b: Urshifu|Urshifu-Rapid-Strike, L50, F|100/100\n|turn|7\n|inactive|Zorse Mentality has 30 seconds left.\n|inactive|Zorse Mentality has 20 seconds left.\n|inactive|Zorse Mentality has 15 seconds left.\n|inactive|Zorse Mentality has 10 seconds left.\n|\n|t:|1772611684\n|move|p2b: Urshifu|Surging Strikes|p1b: Calyrex\n|-crit|p1b: Calyrex\n|-damage|p1b: Calyrex|56/100\n|-crit|p1b: Calyrex\n|-damage|p1b: Calyrex|25/100\n|-crit|p1b: Calyrex\n|-damage|p1b: Calyrex|0 fnt\n|faint|p1b: Calyrex\n|-hitcount|p1: Calyrex|3\n|move|p2a: Kyogre|Hydro Pump|p1a: Tatsugiri\n|-resisted|p1a: Tatsugiri\n|-damage|p1a: Tatsugiri|28/100\n|move|p1a: Tatsugiri|Draco Meteor|p2a: Kyogre|[miss]\n|-miss|p1a: Tatsugiri|p2a: Kyogre\n|\n|upkeep\n|turn|8\n|-message|Zorse Mentality forfeited.\n|\n|win|Stinky61\n|raw|Zorse Mentality's rating: 1380 &rarr; <strong>1363</strong><br />(-17 for losing)\n|raw|Stinky61's rating: 1427 &rarr; <strong>1444</strong><br />(+17 for winning)\n|l|\u2606Zorse Mentality\n|player|p1|\n|l|\u2606Stinky61\n|player|p2|\n","uploadtime":1772611930,"views":12,"formatid":"gen9vgc2026regi","rating":1363,"private":0,"password":null}