{"id":"gen9vgc2026regi-2541159635","format":"[Gen 9] VGC 2026 Reg I","players":["kpxx","SEITA"],"log":"|j|\u2606kpxx\n|j|\u2606SEITA\n|t:|1771292579\n|gametype|doubles\n|player|p1|kpxx|lady|1490\n|player|p2|SEITA|lucas-gen4pt|1542\n|gen|9\n|tier|[Gen 9] VGC 2026 Reg I\n|rated|\n|rule|Species Clause: Limit one of each Pok\u00e9mon\n|rule|Item Clause: Limit 1 of each item\n|clearpoke\n|poke|p1|Miraidon, L50|\n|poke|p1|Calyrex-Ice, L50|\n|poke|p1|Pelipper, L50, M|\n|poke|p1|Volcarona, L50, F|\n|poke|p1|Incineroar, L50, M|\n|poke|p1|Landorus, L50, M|\n|poke|p2|Zamazenta-*, L50|\n|poke|p2|Kyogre, L50|\n|poke|p2|Wo-Chien, L50|\n|poke|p2|Grimmsnarl, L50, M|\n|poke|p2|Rhyperior, L50, M|\n|poke|p2|Ditto, L50|\n|teampreview|4\n|inactive|Battle timer is ON: inactive players will automatically lose when time's up. (requested by kpxx)\n|\n|t:|1771292603\n|teamsize|p1|4\n|teamsize|p2|4\n|start\n|switch|p1a: Pelipper|Pelipper, L50, M|100/100\n|switch|p1b: Calyrex|Calyrex-Ice, L50|100/100\n|switch|p2a: Grimmsnarl|Grimmsnarl, L50, M|100/100\n|switch|p2b: Zamazenta|Zamazenta-Crowned, L50|100/100\n|-ability|p1b: Calyrex|As One\n|-ability|p1b: Calyrex|Unnerve\n|-ability|p2b: Zamazenta|Dauntless Shield|boost\n|-boost|p2b: Zamazenta|def|1\n|-weather|RainDance|[from] ability: Drizzle|[of] p1a: Pelipper\n|turn|1\n|inactive|kpxx has 30 seconds left.\n|\n|t:|1771292628\n|switch|p1b: Landorus|Landorus, L50, M|100/100\n|move|p2a: Grimmsnarl|Light Screen|p2a: Grimmsnarl\n|-sidestart|p2: SEITA|move: Light Screen\n|move|p2b: Zamazenta|Iron Defense|p2b: Zamazenta\n|-boost|p2b: Zamazenta|def|2\n|move|p1a: Pelipper|Weather Ball|p2b: Zamazenta\n|-damage|p2b: Zamazenta|70/100\n|\n|-weather|RainDance|[upkeep]\n|upkeep\n|turn|2\n|\n|t:|1771292653\n|move|p2b: Zamazenta|Protect|p2b: Zamazenta\n|-singleturn|p2b: Zamazenta|Protect\n|move|p2a: Grimmsnarl|Parting Shot|p1b: Landorus\n|-unboost|p1b: Landorus|atk|1\n|-unboost|p1b: Landorus|spa|1\n|\n|t:|1771292659\n|switch|p2a: Kyogre|Kyogre, L50|100/100|[from] Parting Shot\n|move|p1b: Landorus|Earth Power|p2b: Zamazenta\n|-activate|p2b: Zamazenta|move: Protect\n|move|p1a: Pelipper|Hurricane|p2b: Zamazenta\n|-activate|p2b: Zamazenta|move: Protect\n|\n|-weather|RainDance|[upkeep]\n|upkeep\n|turn|3\n|inactive|SEITA has 30 seconds left.\n|\n|t:|1771292685\n|move|p1a: Pelipper|Wide Guard|p1a: Pelipper\n|-singleturn|p1a: Pelipper|Wide Guard\n|move|p2b: Zamazenta|Body Press|p1b: Landorus\n|-resisted|p1b: Landorus\n|-damage|p1b: Landorus|47/100\n|move|p1b: Landorus|Earth Power|p2b: Zamazenta\n|-supereffective|p2b: Zamazenta\n|-damage|p2b: Zamazenta|31/100\n|move|p2a: Kyogre|Thunder|p1a: Pelipper\n|-supereffective|p1a: Pelipper\n|-enditem|p1a: Pelipper|Focus Sash\n|-damage|p1a: Pelipper|1/100\n|\n|-weather|RainDance|[upkeep]\n|upkeep\n|turn|4\n|inactive|kpxx has 30 seconds left.\n|inactive|kpxx has 20 seconds left.\n|\n|t:|1771292725\n|switch|p1a: Miraidon|Miraidon, L50|100/100\n|-fieldstart|move: Electric Terrain|[from] ability: Hadron Engine|[of] p1a: Miraidon\n|move|p1b: Landorus|Protect|p1b: Landorus\n|-singleturn|p1b: Landorus|Protect\n|move|p2b: Zamazenta|Body Press|p1b: Landorus\n|-activate|p1b: Landorus|move: Protect\n|move|p2a: Kyogre|Ice Beam|p1a: Miraidon\n|-supereffective|p1a: Miraidon\n|-crit|p1a: Miraidon\n|-damage|p1a: Miraidon|13/100\n|\n|-weather|RainDance|[upkeep]\n|upkeep\n|turn|5\n|inactive|kpxx has 30 seconds left.\n|inactive|SEITA has 30 seconds left.\n|\n|t:|1771292754\n|switch|p1b: Pelipper|Pelipper, L50, M|1/100\n|switch|p2a: Rhyperior|Rhyperior, L50, M|100/100\n|move|p1a: Miraidon|Volt Switch|p2a: Rhyperior\n|-activate|p2a: Rhyperior|ability: Lightning Rod\n|-ability|p2a: Rhyperior|Lightning Rod|boost\n|-boost|p2a: Rhyperior|spa|1\n|move|p2b: Zamazenta|Body Press|p1b: Pelipper\n|-resisted|p1b: Pelipper\n|-damage|p1b: Pelipper|0 fnt\n|faint|p1b: Pelipper\n|\n|-weather|none\n|upkeep\n|\n|t:|1771292771\n|switch|p1b: Landorus|Landorus, L50, M|47/100\n|turn|6\n|\n|t:|1771292789\n|switch|p1a: Calyrex|Calyrex-Ice, L50|100/100\n|-ability|p1a: Calyrex|As One\n|-ability|p1a: Calyrex|Unnerve\n|-terastallize|p2a: Rhyperior|Water\n|move|p2b: Zamazenta|Body Press|p1b: Landorus\n|-resisted|p1b: Landorus\n|-crit|p1b: Landorus\n|-damage|p1b: Landorus|0 fnt\n|faint|p1b: Landorus\n|move|p2a: Rhyperior|Crunch|p1a: Calyrex\n|-supereffective|p1a: Calyrex\n|-damage|p1a: Calyrex|64/100\n|\n|-heal|p1a: Calyrex|70/100|[from] item: Leftovers\n|upkeep\n|\n|t:|1771292802\n|switch|p1b: Miraidon|Miraidon, L50|13/100\n|-activate|p1b: Miraidon|ability: Hadron Engine\n|turn|7\n|-message|kpxx forfeited.\n|\n|win|SEITA\n|raw|kpxx's rating: 1490 &rarr; <strong>1473</strong><br />(-17 for losing)\n|raw|SEITA's rating: 1542 &rarr; <strong>1559</strong><br />(+17 for winning)\n|l|\u2606kpxx\n|player|p1|\n|l|\u2606SEITA\n|player|p2|\n","uploadtime":1771293063,"views":48,"formatid":"gen9vgc2026regi","rating":1473,"private":0,"password":null}