{"id":"gen9vgc2026regi-2560350140","format":"[Gen 9] VGC 2026 Reg I","players":["jonen","mixontokox"],"log":"|j|\u2606jonen\n|j|\u2606mixontokox\n|t:|1773679558\n|gametype|doubles\n|player|p1|jonen|medium|1216\n|player|p2|mixontokox|101|1200\n|gen|9\n|tier|[Gen 9] VGC 2026 Reg I\n|rated|\n|rule|Species Clause: Limit one of each Pok\u00e9mon\n|rule|Item Clause: Limit 1 of each item\n|clearpoke\n|poke|p1|Rabsca, L50, F|\n|poke|p1|Landorus, L50, M|\n|poke|p1|Calyrex-Ice, L50|\n|poke|p1|Miraidon, L50|\n|poke|p1|Incineroar, L50, F|\n|poke|p1|Urshifu-*, L50, F|\n|poke|p2|Miraidon, L50|\n|poke|p2|Lunala, L50|\n|poke|p2|Urshifu-*, L50, F|\n|poke|p2|Incineroar, L50, F|\n|poke|p2|Whimsicott, L50, F|\n|poke|p2|Ursaluna, L50, M|\n|teampreview|4\n|inactive|Battle timer is ON: inactive players will automatically lose when time's up. (requested by mixontokox)\n|\n|t:|1773679591\n|teamsize|p1|4\n|teamsize|p2|4\n|start\n|switch|p1a: Rabsca|Rabsca, L50, F|100/100\n|switch|p1b: Miraidon|Miraidon, L50|100/100\n|switch|p2a: Miraidon|Miraidon, L50|100/100\n|switch|p2b: Whimsicott|Whimsicott, L50, F|100/100\n|-fieldstart|move: Electric Terrain|[from] ability: Hadron Engine|[of] p1b: Miraidon\n|-enditem|p1a: Rabsca|Electric Seed\n|-boost|p1a: Rabsca|def|1|[from] item: Electric Seed\n|-activate|p2a: Miraidon|ability: Hadron Engine\n|turn|1\n|\n|t:|1773679614\n|-terastallize|p1b: Miraidon|Electric\n|move|p2b: Whimsicott|Tailwind|p2b: Whimsicott\n|-sidestart|p2: mixontokox|move: Tailwind\n|move|p2a: Miraidon|Volt Switch|p1b: Miraidon\n|-resisted|p1b: Miraidon\n|-damage|p1b: Miraidon|57/100\n|\n|t:|1773679623\n|switch|p2a: Lunala|Lunala, L50|100/100|[from] Volt Switch\n|-enditem|p2a: Lunala|Electric Seed\n|-boost|p2a: Lunala|def|1|[from] item: Electric Seed\n|move|p1b: Miraidon|Discharge|p2a: Lunala|[spread] p2a,p2b\n|-activate|p1a: Rabsca|ability: Telepathy\n|-resisted|p2b: Whimsicott\n|-damage|p2a: Lunala|65/100\n|-damage|p2b: Whimsicott|38/100\n|-status|p2a: Lunala|par\n|move|p1a: Rabsca|Trick Room|p1a: Rabsca\n|-fieldstart|move: Trick Room|[of] p1a: Rabsca\n|\n|upkeep\n|turn|2\n|inactive|mixontokox has 30 seconds left.\n|inactive|mixontokox has 20 seconds left.\n|\n|t:|1773679661\n|switch|p1b: Incineroar|Incineroar, L50, F|100/100\n|-ability|p1b: Incineroar|Intimidate|boost\n|-unboost|p2a: Lunala|atk|1\n|-unboost|p2b: Whimsicott|atk|1\n|move|p2b: Whimsicott|Light Screen|p2b: Whimsicott\n|-sidestart|p2: mixontokox|move: Light Screen\n|move|p1a: Rabsca|Bug Buzz|p2b: Whimsicott\n|-damage|p2b: Whimsicott|9/100\n|move|p2a: Lunala|Moongeist Beam|p1b: Incineroar\n|-resisted|p1b: Incineroar\n|-damage|p1b: Incineroar|84/100\n|\n|upkeep\n|turn|3\n|\n|t:|1773679685\n|move|p1a: Rabsca|Bug Buzz|p2b: Whimsicott\n|-damage|p2b: Whimsicott|0 fnt\n|faint|p2b: Whimsicott\n|move|p1b: Incineroar|Knock Off|p2a: Lunala\n|-supereffective|p2a: Lunala\n|-damage|p2a: Lunala|0 fnt\n|faint|p2a: Lunala\n|\n|upkeep\n|\n|t:|1773679694\n|switch|p2a: Incineroar|Incineroar, L50, F|100/100\n|switch|p2b: Miraidon|Miraidon, L50|100/100\n|-ability|p2a: Incineroar|Intimidate|boost\n|-unboost|p1a: Rabsca|atk|1\n|-unboost|p1b: Incineroar|atk|1\n|-activate|p2b: Miraidon|ability: Hadron Engine\n|turn|4\n|inactive|mixontokox has 30 seconds left.\n|\n|t:|1773679728\n|-terastallize|p2b: Miraidon|Fairy\n|move|p2a: Incineroar|Fake Out|p1b: Incineroar\n|-damage|p1b: Incineroar|75/100\n|move|p1a: Rabsca|Bug Buzz|p2b: Miraidon\n|-resisted|p2b: Miraidon\n|-damage|p2b: Miraidon|91/100\n|cant|p1b: Incineroar|flinch\n|move|p2b: Miraidon|Electro Drift|p1a: Rabsca\n|-damage|p1a: Rabsca|0 fnt\n|faint|p1a: Rabsca\n|\n|-sideend|p2: mixontokox|move: Tailwind\n|upkeep\n|\n|t:|1773679744\n|switch|p1a: Miraidon|Miraidon, L50, tera:Electric|57/100\n|-activate|p1a: Miraidon|ability: Hadron Engine\n|turn|5\n|\n|t:|1773679755\n|move|p1b: Incineroar|Knock Off|p2a: Incineroar\n|-resisted|p2a: Incineroar\n|-damage|p2a: Incineroar|89/100\n|-enditem|p2a: Incineroar|Assault Vest|[from] move: Knock Off|[of] p1b: Incineroar\n|move|p2a: Incineroar|Flare Blitz|p1a: Miraidon\n|-damage|p1a: Miraidon|9/100\n|-damage|p2a: Incineroar|74/100|[from] Recoil\n|move|p2b: Miraidon|Electro Drift|p1a: Miraidon\n|-resisted|p1a: Miraidon\n|-damage|p1a: Miraidon|0 fnt\n|faint|p1a: Miraidon\n|\n|-fieldend|move: Trick Room\n|-fieldend|move: Electric Terrain\n|upkeep\n|\n|t:|1773679764\n|switch|p1a: Calyrex|Calyrex-Ice, L50|100/100\n|-ability|p1a: Calyrex|As One\n|-ability|p1a: Calyrex|Unnerve\n|turn|6\n|\n|t:|1773679783\n|move|p2b: Miraidon|Electro Drift|p1a: Calyrex\n|-damage|p1a: Calyrex|52/100\n|move|p2a: Incineroar|Flare Blitz|p1a: Calyrex\n|-supereffective|p1a: Calyrex\n|-damage|p1a: Calyrex|0 fnt\n|faint|p1a: Calyrex\n|-damage|p2a: Incineroar|57/100|[from] Recoil\n|move|p1b: Incineroar|Knock Off|p2a: Incineroar\n|-resisted|p2a: Incineroar\n|-damage|p2a: Incineroar|50/100\n|\n|-sideend|p2: mixontokox|move: Light Screen\n|upkeep\n|turn|7\n|c|\u2606jonen|gg\n|-message|jonen forfeited.\n|\n|win|mixontokox\n|raw|jonen's rating: 1216 &rarr; <strong>1190</strong><br />(-26 for losing)\n|raw|mixontokox's rating: 1200 &rarr; <strong>1226</strong><br />(+26 for winning)\n|l|\u2606jonen\n|player|p1|\n|l|\u2606mixontokox\n|player|p2|\n","uploadtime":1773679798,"views":10,"formatid":"gen9vgc2026regi","rating":1190,"private":0,"password":null}