{"id":"gen9vgc2026regi-2515975978","format":"[Gen 9] VGC 2026 Reg I","players":["AnyPrior8156","kojimuranishi"],"log":"|j|\u2606AnyPrior8156\n|j|\u2606kojimuranishi\n|t:|1768067020\n|gametype|doubles\n|player|p1|AnyPrior8156|266|1227\n|player|p2|kojimuranishi|266|1423\n|gen|9\n|tier|[Gen 9] VGC 2026 Reg I\n|rated|\n|rule|Species Clause: Limit one of each Pok\u00e9mon\n|rule|Item Clause: Limit 1 of each item\n|clearpoke\n|poke|p1|Dondozo, L50, M|\n|poke|p1|Tatsugiri, L50, F|\n|poke|p1|Flamigo, L50, M|\n|poke|p1|Miraidon, L50|\n|poke|p1|Incineroar, L50, F|\n|poke|p1|Iron Bundle, L50|\n|poke|p2|Raging Bolt, L50|\n|poke|p2|Calyrex-Ice, L50|\n|poke|p2|Kyogre, L50|\n|poke|p2|Indeedee-F, L50, F|\n|poke|p2|Landorus, L50, M|\n|poke|p2|Urshifu-*, L50, F|\n|teampreview|4\n|inactive|Battle timer is ON: inactive players will automatically lose when time's up. (requested by AnyPrior8156)\n|inactive|AnyPrior8156 has 60 seconds left.\n|inactive|kojimuranishi has 60 seconds left.\n|\n|t:|1768067057\n|teamsize|p1|4\n|teamsize|p2|4\n|start\n|switch|p1a: Incineroar|Incineroar, L50, F, shiny|100/100\n|switch|p1b: Miraidon|Miraidon, L50, shiny|100/100\n|switch|p2a: Indeedee|Indeedee-F, L50, F|100/100\n|switch|p2b: Raging Bolt|Raging Bolt, L50|100/100\n|-fieldstart|move: Electric Terrain|[from] ability: Hadron Engine|[of] p1b: Miraidon\n|-ability|p1a: Incineroar|Intimidate|boost\n|-unboost|p2a: Indeedee|atk|1\n|-unboost|p2b: Raging Bolt|atk|1\n|-fieldstart|move: Psychic Terrain|[from] ability: Psychic Surge|[of] p2a: Indeedee\n|-enditem|p2b: Raging Bolt|Booster Energy\n|-activate|p2b: Raging Bolt|ability: Protosynthesis|[fromitem]\n|-start|p2b: Raging Bolt|protosynthesisspa\n|turn|1\n|j| Therazer456\n|inactive|kojimuranishi has 30 seconds left.\n|\n|t:|1768067084\n|-terastallize|p1b: Miraidon|Fairy\n|move|p2a: Indeedee|Follow Me|p2a: Indeedee\n|-singleturn|p2a: Indeedee|move: Follow Me\n|move|p1b: Miraidon|Dazzling Gleam|p2b: Raging Bolt|[spread] p2a,p2b\n|-supereffective|p2b: Raging Bolt\n|-damage|p2a: Indeedee|65/100\n|-damage|p2b: Raging Bolt|38/100\n|move|p2b: Raging Bolt|Thunderbolt|p1a: Incineroar\n|-damage|p1a: Incineroar|41/100\n|-enditem|p1a: Incineroar|Sitrus Berry|[eat]\n|-heal|p1a: Incineroar|66/100|[from] item: Sitrus Berry\n|move|p1a: Incineroar|Knock Off|p2a: Indeedee\n|-supereffective|p2a: Indeedee\n|-damage|p2a: Indeedee|0 fnt\n|-damage|p1a: Incineroar|50/100|[from] item: Rocky Helmet|[of] p2a: Indeedee\n|-enditem|p2a: Indeedee|Rocky Helmet|[from] move: Knock Off|[of] p1a: Incineroar\n|faint|p2a: Indeedee\n|\n|upkeep\n|\n|t:|1768067105\n|switch|p2a: Calyrex|Calyrex-Ice, L50|100/100\n|-ability|p2a: Calyrex|As One\n|-ability|p2a: Calyrex|Unnerve\n|turn|2\n|\n|t:|1768067117\n|move|p2b: Raging Bolt|Protect|p2b: Raging Bolt\n|-singleturn|p2b: Raging Bolt|Protect\n|move|p1b: Miraidon|Dazzling Gleam|p2a: Calyrex|[spread] p2a\n|-activate|p2b: Raging Bolt|move: Protect\n|-damage|p2a: Calyrex|82/100\n|move|p1a: Incineroar|Flare Blitz|p2a: Calyrex\n|-supereffective|p2a: Calyrex\n|-damage|p2a: Calyrex|8/100\n|-status|p2a: Calyrex|brn\n|-damage|p1a: Incineroar|25/100|[from] Recoil\n|move|p2a: Calyrex|Trick Room|p2a: Calyrex\n|-fieldstart|move: Trick Room|[of] p2a: Calyrex\n|\n|-heal|p2a: Calyrex|14/100 brn|[from] item: Leftovers\n|-damage|p2a: Calyrex|8/100 brn|[from] brn\n|upkeep\n|turn|3\n|inactive|kojimuranishi has 30 seconds left.\n|\n|t:|1768067145\n|move|p2a: Calyrex|Protect|p2a: Calyrex\n|-singleturn|p2a: Calyrex|Protect\n|move|p1a: Incineroar|Protect|p1a: Incineroar\n|-singleturn|p1a: Incineroar|Protect\n|move|p2b: Raging Bolt|Thunderbolt|p1a: Incineroar\n|-activate|p1a: Incineroar|move: Protect\n|move|p1b: Miraidon|Discharge|p2a: Calyrex|[spread] p2b\n|-activate|p1a: Incineroar|move: Protect\n|-activate|p2a: Calyrex|move: Protect\n|-resisted|p2b: Raging Bolt\n|-damage|p2b: Raging Bolt|30/100\n|\n|-heal|p2a: Calyrex|14/100 brn|[from] item: Leftovers\n|-damage|p2a: Calyrex|8/100 brn|[from] brn\n|upkeep\n|turn|4\n|\n|t:|1768067168\n|move|p2a: Calyrex|Leech Seed|p1b: Miraidon\n|-start|p1b: Miraidon|move: Leech Seed\n|move|p1a: Incineroar|Flare Blitz|p2a: Calyrex\n|-supereffective|p2a: Calyrex\n|-damage|p2a: Calyrex|0 fnt\n|faint|p2a: Calyrex\n|-damage|p1a: Incineroar|22/100|[from] Recoil\n|move|p2b: Raging Bolt|Thunderbolt|p1a: Incineroar\n|-damage|p1a: Incineroar|0 fnt\n|faint|p1a: Incineroar\n|move|p1b: Miraidon|Dazzling Gleam|p2b: Raging Bolt\n|-supereffective|p2b: Raging Bolt\n|-damage|p2b: Raging Bolt|0 fnt\n|faint|p2b: Raging Bolt\n|-end|p2b: Raging Bolt|Protosynthesis|[silent]\n|\n|upkeep\n|\n|t:|1768067185\n|switch|p2a: Landorus|Landorus, L50, M|100/100\n|switch|p1a: Dondozo|Dondozo, L50, M, shiny|100/100\n|turn|5\n|\n|t:|1768067198\n|switch|p1b: Tatsugiri|Tatsugiri, L50, F, shiny|100/100\n|-activate|p1b: Tatsugiri|ability: Commander|[of] p1a: Dondozo\n|-boost|p1a: Dondozo|atk|2\n|-boost|p1a: Dondozo|spa|2\n|-boost|p1a: Dondozo|spe|2\n|-boost|p1a: Dondozo|def|2\n|-boost|p1a: Dondozo|spd|2\n|-terastallize|p2a: Landorus|Water\n|move|p1a: Dondozo|Wave Crash|p2a: Landorus\n|-resisted|p2a: Landorus\n|-damage|p2a: Landorus|37/100\n|-damage|p1a: Dondozo|86/100|[from] Recoil\n|move|p2a: Landorus|Earth Power|p1a: Dondozo\n|-damage|p1a: Dondozo|52/100\n|\n|-heal|p1a: Dondozo|58/100|[from] item: Leftovers\n|-fieldend|move: Psychic Terrain\n|upkeep\n|turn|6\n|-message|kojimuranishi forfeited.\n|\n|win|AnyPrior8156\n|raw|AnyPrior8156's rating: 1227 &rarr; <strong>1265</strong><br />(+38 for winning)\n|raw|kojimuranishi's rating: 1423 &rarr; <strong>1393</strong><br />(-30 for losing)\n|l|\u2606kojimuranishi\n|player|p2|\n|l|\u2606AnyPrior8156\n|player|p1|\n|j| HandsomeLechonk\n","uploadtime":1768067424,"views":17,"formatid":"gen9vgc2026regi","rating":1265,"private":0,"password":null}