{"id":"gen9vgc2026regi-2568239954","format":"[Gen 9] VGC 2026 Reg I","players":["yuri1910","ArisHazard"],"log":"|j|\u2606yuri1910\n|j|\u2606ArisHazard\n|t:|1774558706\n|gametype|doubles\n|player|p1|yuri1910|linebacker|1473\n|player|p2|ArisHazard|102|1490\n|gen|9\n|tier|[Gen 9] VGC 2026 Reg I\n|rated|\n|rule|Species Clause: Limit one of each Pok\u00e9mon\n|rule|Item Clause: Limit 1 of each item\n|clearpoke\n|poke|p1|Calyrex-Ice, L50|\n|poke|p1|Kyogre, L50|\n|poke|p1|Grimmsnarl, L50, M|\n|poke|p1|Rillaboom, L50, M|\n|poke|p1|Urshifu-*, L50, M|\n|poke|p1|Landorus, L50, M|\n|poke|p2|Calyrex-Ice, L50|\n|poke|p2|Hitmontop, L50, M|\n|poke|p2|Miraidon, L50|\n|poke|p2|Sableye, L50, F|\n|poke|p2|Ting-Lu, L50|\n|poke|p2|Volcarona, L50, M|\n|teampreview|4\n|\n|t:|1774558745\n|teamsize|p1|4\n|teamsize|p2|4\n|start\n|switch|p1a: Grimmsnarl|Grimmsnarl, L50, M|100/100\n|switch|p1b: Calyrex|Calyrex-Ice, L50|100/100\n|switch|p2a: Miraidon|Miraidon, L50|100/100\n|switch|p2b: Calyrex|Calyrex-Ice, L50|100/100\n|-ability|p1b: Calyrex|As One\n|-ability|p1b: Calyrex|Unnerve\n|-ability|p2b: Calyrex|As One\n|-ability|p2b: Calyrex|Unnerve\n|-fieldstart|move: Electric Terrain|[from] ability: Hadron Engine|[of] p2a: Miraidon\n|turn|1\n|inactive|Battle timer is ON: inactive players will automatically lose when time's up. (requested by ArisHazard)\n|\n|t:|1774558762\n|move|p1a: Grimmsnarl|Light Screen|p1a: Grimmsnarl\n|-sidestart|p1: yuri1910|move: Light Screen\n|move|p2a: Miraidon|Volt Switch|p1b: Calyrex\n|-damage|p1b: Calyrex|75/100\n|\n|t:|1774558766\n|switch|p2a: Hitmontop|Hitmontop, L50, M|100/100|[from] Volt Switch\n|-ability|p2a: Hitmontop|Intimidate|boost\n|-unboost|p1a: Grimmsnarl|atk|1\n|-unboost|p1b: Calyrex|atk|1\n|move|p1b: Calyrex|Glacial Lance|p2a: Hitmontop|[spread] p2a,p2b\n|-resisted|p2b: Calyrex\n|-damage|p2a: Hitmontop|64/100\n|-damage|p2b: Calyrex|90/100\n|move|p2b: Calyrex|Glacial Lance|p1a: Grimmsnarl|[spread] p1a,p1b\n|-resisted|p1b: Calyrex\n|-damage|p1a: Grimmsnarl|44/100\n|-damage|p1b: Calyrex|58/100\n|\n|-heal|p1b: Calyrex|63/100|[from] item: Leftovers\n|upkeep\n|turn|2\n|\n|t:|1774558791\n|move|p2a: Hitmontop|Fake Out|p1b: Calyrex\n|-damage|p1b: Calyrex|58/100\n|move|p1a: Grimmsnarl|Reflect|p1a: Grimmsnarl\n|-sidestart|p1: yuri1910|Reflect\n|cant|p1b: Calyrex|flinch\n|move|p2b: Calyrex|Trick Room|p2b: Calyrex\n|-fieldstart|move: Trick Room|[of] p2b: Calyrex\n|\n|-heal|p1b: Calyrex|63/100|[from] item: Leftovers\n|upkeep\n|turn|3\n|\n|t:|1774558805\n|move|p2b: Calyrex|Protect|p2b: Calyrex\n|-singleturn|p2b: Calyrex|Protect\n|move|p1b: Calyrex|Leech Seed|p2b: Calyrex\n|-activate|p2b: Calyrex|move: Protect\n|move|p1a: Grimmsnarl|Spirit Break|p2b: Calyrex\n|-activate|p2b: Calyrex|move: Protect\n|move|p2a: Hitmontop|Coaching|p2b: Calyrex\n|-boost|p2b: Calyrex|atk|1\n|-boost|p2b: Calyrex|def|1\n|\n|-heal|p1b: Calyrex|69/100|[from] item: Leftovers\n|upkeep\n|turn|4\n|\n|t:|1774558820\n|move|p1a: Grimmsnarl|Thunder Wave|p2b: Calyrex\n|-status|p2b: Calyrex|par\n|move|p2b: Calyrex|Glacial Lance|p1a: Grimmsnarl|[spread] p1a,p1b\n|-resisted|p1b: Calyrex\n|-damage|p1a: Grimmsnarl|0 fnt\n|-damage|p1b: Calyrex|50/100\n|faint|p1a: Grimmsnarl\n|-ability|p2b: Calyrex|Chilling Neigh|boost\n|-boost|p2b: Calyrex|atk|1\n|move|p1b: Calyrex|Leech Seed|p2b: Calyrex\n|-start|p2b: Calyrex|move: Leech Seed\n|move|p2a: Hitmontop|Coaching|p2b: Calyrex\n|-boost|p2b: Calyrex|atk|1\n|-boost|p2b: Calyrex|def|1\n|\n|-heal|p1b: Calyrex|56/100|[from] item: Leftovers\n|-damage|p2b: Calyrex|77/100 par|[from] Leech Seed|[of] p1b: Calyrex\n|-heal|p1b: Calyrex|68/100|[silent]\n|upkeep\n|\n|t:|1774558835\n|switch|p1a: Kyogre|Kyogre, L50|100/100\n|-weather|RainDance|[from] ability: Drizzle|[of] p1a: Kyogre\n|turn|5\n|\n|t:|1774558842\n|move|p2a: Hitmontop|Wide Guard|p2a: Hitmontop\n|-singleturn|p2a: Hitmontop|Wide Guard\n|cant|p2b: Calyrex|par\n|move|p1b: Calyrex|Leech Seed|p2a: Hitmontop\n|-start|p2a: Hitmontop|move: Leech Seed\n|move|p1a: Kyogre|Hydro Pump|p2b: Calyrex\n|-damage|p2b: Calyrex|16/100 par\n|\n|-weather|RainDance|[upkeep]\n|-heal|p1b: Calyrex|73/100|[from] item: Leftovers\n|-damage|p2b: Calyrex|4/100 par|[from] Leech Seed|[of] p1b: Calyrex\n|-heal|p1b: Calyrex|85/100|[silent]\n|-damage|p2a: Hitmontop|51/100|[from] Leech Seed|[of] p1b: Calyrex\n|-heal|p1b: Calyrex|94/100|[silent]\n|-fieldend|move: Electric Terrain\n|upkeep\n|turn|6\n|inactive|yuri1910 has 30 seconds left.\n|\n|t:|1774558872\n|move|p2b: Calyrex|Glacial Lance|p1a: Kyogre|[spread] p1a,p1b\n|-resisted|p1a: Kyogre\n|-resisted|p1b: Calyrex\n|-damage|p1a: Kyogre|58/100\n|-damage|p1b: Calyrex|67/100\n|move|p1b: Calyrex|Glacial Lance|p2b: Calyrex|[spread] p2a,p2b\n|-resisted|p2b: Calyrex\n|-damage|p2a: Hitmontop|15/100\n|-damage|p2b: Calyrex|0 fnt\n|faint|p2b: Calyrex\n|-ability|p1b: Calyrex|Chilling Neigh|boost\n|-boost|p1b: Calyrex|atk|1\n|move|p2a: Hitmontop|Close Combat|p1a: Kyogre\n|-crit|p1a: Kyogre\n|-damage|p1a: Kyogre|3/100\n|-unboost|p2a: Hitmontop|def|1\n|-unboost|p2a: Hitmontop|spd|1\n|move|p1a: Kyogre|Hydro Pump|p2a: Hitmontop|[miss]\n|-miss|p1a: Kyogre|p2a: Hitmontop\n|\n|-weather|RainDance|[upkeep]\n|-heal|p1b: Calyrex|72/100|[from] item: Leftovers\n|-damage|p2a: Hitmontop|3/100|[from] Leech Seed|[of] p1b: Calyrex\n|-heal|p1b: Calyrex|82/100|[silent]\n|-fieldend|move: Trick Room\n|upkeep\n|inactive|ArisHazard has 30 seconds left.\n|\n|t:|1774558900\n|switch|p2b: Miraidon|Miraidon, L50|100/100\n|-fieldstart|move: Electric Terrain|[from] ability: Hadron Engine|[of] p2b: Miraidon\n|turn|7\n|\n|t:|1774558912\n|switch|p1a: Rillaboom|Rillaboom, L50, M|100/100\n|-fieldstart|move: Grassy Terrain|[from] ability: Grassy Surge|[of] p1a: Rillaboom\n|-terastallize|p1b: Calyrex|Grass\n|move|p2a: Hitmontop|Wide Guard|p2a: Hitmontop\n|-singleturn|p2a: Hitmontop|Wide Guard\n|move|p2b: Miraidon|Snarl|p1a: Rillaboom|[spread] p1a,p1b\n|-damage|p1a: Rillaboom|92/100\n|-damage|p1b: Calyrex|75/100\n|-unboost|p1a: Rillaboom|spa|1\n|-unboost|p1b: Calyrex|spa|1\n|move|p1b: Calyrex|Glacial Lance|p2b: Miraidon|[spread] \n|-activate|p2a: Hitmontop|move: Wide Guard\n|-activate|p2b: Miraidon|move: Wide Guard\n|\n|-weather|RainDance|[upkeep]\n|-heal|p1a: Rillaboom|98/100|[from] Grassy Terrain\n|-heal|p2a: Hitmontop|9/100|[from] Grassy Terrain\n|-heal|p1b: Calyrex|81/100|[from] Grassy Terrain\n|-heal|p1b: Calyrex|87/100|[from] item: Leftovers\n|-damage|p2a: Hitmontop|0 fnt|[from] Leech Seed|[of] p1b: Calyrex\n|-heal|p1b: Calyrex|93/100|[silent]\n|faint|p2a: Hitmontop\n|upkeep\n|\n|t:|1774558934\n|switch|p2a: Sableye|Sableye, L50, F|100/100\n|turn|8\n|\n|t:|1774558946\n|-terastallize|p2b: Miraidon|Electric\n|move|p2a: Sableye|Encore|p1b: Calyrex\n|-start|p1b: Calyrex|Encore\n|move|p2b: Miraidon|Electro Drift|p1b: Calyrex\n|-resisted|p1b: Calyrex\n|-crit|p1b: Calyrex\n|-damage|p1b: Calyrex|56/100\n|move|p1a: Rillaboom|Wood Hammer|p2b: Miraidon\n|-damage|p2b: Miraidon|27/100\n|-damage|p1a: Rillaboom|75/100|[from] Recoil\n|move|p1b: Calyrex|Glacial Lance|p2b: Miraidon|[spread] p2a,p2b\n|-damage|p2a: Sableye|33/100\n|-damage|p2b: Miraidon|0 fnt\n|faint|p2b: Miraidon\n|-ability|p1b: Calyrex|Chilling Neigh|boost\n|-boost|p1b: Calyrex|atk|1\n|\n|-weather|RainDance|[upkeep]\n|-heal|p1a: Rillaboom|81/100|[from] Grassy Terrain\n|-heal|p1b: Calyrex|62/100|[from] Grassy Terrain\n|-heal|p1b: Calyrex|68/100|[from] item: Leftovers\n|-heal|p2a: Sableye|39/100|[from] Grassy Terrain\n|-sideend|p1: yuri1910|move: Light Screen\n|upkeep\n|turn|9\n|-message|ArisHazard forfeited.\n|\n|win|yuri1910\n|raw|yuri1910's rating: 1473 &rarr; <strong>1494</strong><br />(+21 for winning)\n|raw|ArisHazard's rating: 1490 &rarr; <strong>1469</strong><br />(-21 for losing)\n|l|\u2606ArisHazard\n|player|p2|\n|l|\u2606yuri1910\n|player|p1|\n","uploadtime":1774559201,"views":11,"formatid":"gen9vgc2026regi","rating":1469,"private":0,"password":null}