{"id":"gen9vgc2026regi-2564301089","format":"[Gen 9] VGC 2026 Reg I","players":["Toger220","conniecut"],"log":"|j|\u2606Toger220\n|j|\u2606conniecut\n|t:|1774130193\n|gametype|doubles\n|player|p1|Toger220|hilda-wonderlauncher|1238\n|player|p2|conniecut|lady|1169\n|gen|9\n|tier|[Gen 9] VGC 2026 Reg I\n|rated|\n|rule|Species Clause: Limit one of each Pok\u00e9mon\n|rule|Item Clause: Limit 1 of each item\n|clearpoke\n|poke|p1|Miraidon, L50|\n|poke|p1|Raichu-Alola, L50, M|\n|poke|p1|Eternatus, L50|\n|poke|p1|Incineroar, L50, M|\n|poke|p1|Smeargle, L50, F|\n|poke|p1|Cobalion, L50|\n|poke|p2|Calyrex-Ice, L50|\n|poke|p2|Sentret, L50, M|\n|poke|p2|Ho-Oh, L50|\n|poke|p2|Ursaluna-Bloodmoon, L50, M|\n|poke|p2|Amoonguss, L50, F|\n|poke|p2|Urshifu-*, L50, F|\n|teampreview|4\n|\n|t:|1774130252\n|teamsize|p1|4\n|teamsize|p2|4\n|start\n|switch|p1a: Miraidon|Miraidon, L50|100/100\n|switch|p1b: Smeargle|Smeargle, L50, F|100/100\n|switch|p2a: Calyrex|Calyrex-Ice, L50|100/100\n|switch|p2b: Sentret|Sentret, L50, M|100/100\n|-ability|p2a: Calyrex|As One\n|-ability|p2a: Calyrex|Unnerve\n|-fieldstart|move: Electric Terrain|[from] ability: Hadron Engine|[of] p1a: Miraidon\n|-item|p1a: Miraidon|Choice Specs|[from] ability: Frisk|[of] p2b: Sentret\n|-item|p1b: Smeargle|Focus Sash|[from] ability: Frisk|[of] p2b: Sentret\n|turn|1\n|\n|t:|1774130262\n|move|p1b: Smeargle|Fake Out|p2a: Calyrex\n|-damage|p2a: Calyrex|96/100\n|move|p2b: Sentret|Follow Me|p2b: Sentret\n|-singleturn|p2b: Sentret|move: Follow Me\n|move|p1a: Miraidon|Electro Drift|p2b: Sentret\n|-enditem|p2b: Sentret|Focus Sash\n|-damage|p2b: Sentret|1/100\n|cant|p2a: Calyrex|flinch\n|\n|-ability|p1b: Smeargle|Moody|boost\n|-boost|p1b: Smeargle|spd|2\n|-unboost|p1b: Smeargle|def|1\n|upkeep\n|turn|2\n|\n|t:|1774130283\n|move|p2b: Sentret|Follow Me|p2b: Sentret\n|-singleturn|p2b: Sentret|move: Follow Me\n|move|p1a: Miraidon|Electro Drift|p2b: Sentret\n|-damage|p2b: Sentret|0 fnt\n|faint|p2b: Sentret\n|move|p1b: Smeargle|Decorate|p1a: Miraidon\n|-boost|p1a: Miraidon|atk|2\n|-boost|p1a: Miraidon|spa|2\n|move|p2a: Calyrex|Trick Room|p2a: Calyrex\n|-fieldstart|move: Trick Room|[of] p2a: Calyrex\n|\n|-ability|p1b: Smeargle|Moody|boost\n|-boost|p1b: Smeargle|atk|2\n|-unboost|p1b: Smeargle|def|1\n|upkeep\n|\n|t:|1774130288\n|switch|p2b: Ursaluna|Ursaluna-Bloodmoon, L50, M|100/100\n|turn|3\n|\n|t:|1774130295\n|-terastallize|p2b: Ursaluna|Normal\n|-terastallize|p1a: Miraidon|Fairy\n|move|p1b: Smeargle|Follow Me|p1b: Smeargle\n|-singleturn|p1b: Smeargle|move: Follow Me\n|move|p2a: Calyrex|Glacial Lance|p1b: Smeargle|[spread] p1a,p1b\n|-damage|p1a: Miraidon|24/100\n|-enditem|p1b: Smeargle|Focus Sash\n|-damage|p1b: Smeargle|1/100\n|move|p2b: Ursaluna|Hyper Voice|p1a: Miraidon|[spread] p1a,p1b\n|-damage|p1a: Miraidon|0 fnt\n|-damage|p1b: Smeargle|0 fnt\n|faint|p1a: Miraidon\n|faint|p1b: Smeargle\n|\n|upkeep\n|\n|t:|1774130306\n|switch|p1b: Cobalion|Cobalion, L50|100/100\n|switch|p1a: Incineroar|Incineroar, L50, M|100/100\n|-ability|p1a: Incineroar|Intimidate|boost\n|-unboost|p2a: Calyrex|atk|1\n|-unboost|p2b: Ursaluna|atk|1\n|-enditem|p1b: Cobalion|Electric Seed\n|-boost|p1b: Cobalion|def|1|[from] item: Electric Seed\n|turn|4\n|\n|t:|1774130354\n|switch|p2a: Amoonguss|Amoonguss, L50, F|100/100\n|move|p1a: Incineroar|Fake Out|p2b: Ursaluna\n|-damage|p2b: Ursaluna|93/100\n|cant|p2b: Ursaluna|flinch\n|move|p1b: Cobalion|Iron Defense|p1b: Cobalion\n|-boost|p1b: Cobalion|def|2\n|\n|upkeep\n|turn|5\n|\n|t:|1774130367\n|move|p1b: Cobalion|Protect|p1b: Cobalion\n|-singleturn|p1b: Cobalion|Protect\n|move|p2a: Amoonguss|Rage Powder|p2a: Amoonguss\n|-singleturn|p2a: Amoonguss|move: Rage Powder\n|move|p2b: Ursaluna|Earth Power|p1b: Cobalion\n|-activate|p1b: Cobalion|move: Protect\n|move|p1a: Incineroar|Flare Blitz|p2a: Amoonguss\n|-supereffective|p2a: Amoonguss\n|-damage|p2a: Amoonguss|15/100\n|-damage|p1a: Incineroar|84/100|[from] item: Rocky Helmet|[of] p2a: Amoonguss\n|-damage|p1a: Incineroar|53/100|[from] Recoil\n|\n|-fieldend|move: Electric Terrain\n|upkeep\n|turn|6\n|\n|t:|1774130381\n|move|p1b: Cobalion|Protect||[still]\n|-fail|p1b: Cobalion\n|move|p2a: Amoonguss|Spore|p1b: Cobalion\n|-status|p1b: Cobalion|slp|[from] move: Spore\n|move|p2b: Ursaluna|Earth Power|p1b: Cobalion\n|-supereffective|p1b: Cobalion\n|-damage|p1b: Cobalion|0 fnt\n|faint|p1b: Cobalion\n|move|p1a: Incineroar|Knock Off|p2a: Amoonguss\n|-damage|p2a: Amoonguss|0 fnt\n|-damage|p1a: Incineroar|36/100|[from] item: Rocky Helmet|[of] p2a: Amoonguss\n|-enditem|p2a: Amoonguss|Rocky Helmet|[from] move: Knock Off|[of] p1a: Incineroar\n|-enditem|p1a: Incineroar|Sitrus Berry|[eat]\n|-heal|p1a: Incineroar|61/100|[from] item: Sitrus Berry\n|faint|p2a: Amoonguss\n|\n|-fieldend|move: Trick Room\n|upkeep\n|\n|t:|1774130388\n|switch|p2a: Calyrex|Calyrex-Ice, L50|96/100\n|-ability|p2a: Calyrex|As One\n|-ability|p2a: Calyrex|Unnerve\n|turn|7\n|-message|Toger220 forfeited.\n|\n|win|conniecut\n|raw|Toger220's rating: 1238 &rarr; <strong>1208</strong><br />(-30 for losing)\n|raw|conniecut's rating: 1169 &rarr; <strong>1199</strong><br />(+30 for winning)\n|l|\u2606Toger220\n|player|p1|\n|l|\u2606conniecut\n|player|p2|\n","uploadtime":1774130631,"views":16,"formatid":"gen9vgc2026regi","rating":1199,"private":0,"password":null}