{"id":"gen9vgc2026regi-2524545952","format":"[Gen 9] VGC 2026 Reg I","players":["test220102","inb_178"],"log":"|j|\u2606test220102\n|j|\u2606inb_178\n|t:|1769166822\n|gametype|doubles\n|player|p1|test220102|169|1323\n|player|p2|inb_178|2|1303\n|gen|9\n|tier|[Gen 9] VGC 2026 Reg I\n|rated|\n|rule|Species Clause: Limit one of each Pok\u00e9mon\n|rule|Item Clause: Limit 1 of each item\n|clearpoke\n|poke|p1|Terapagos, L50, M|\n|poke|p1|Miraidon, L50|\n|poke|p1|Incineroar, L50, M|\n|poke|p1|Sinistcha-Masterpiece, L50|\n|poke|p1|Iron Boulder, L50|\n|poke|p1|Landorus-Therian, L50, M|\n|poke|p2|Miraidon, L50|\n|poke|p2|Lunala, L50|\n|poke|p2|Iron Bundle, L50|\n|poke|p2|Ursaluna, L50, F|\n|poke|p2|Incineroar, L50, F|\n|poke|p2|Landorus, L50, M|\n|teampreview|4\n|inactive|Battle timer is ON: inactive players will automatically lose when time's up. (requested by test220102)\n|\n|t:|1769166848\n|teamsize|p1|4\n|teamsize|p2|4\n|start\n|switch|p1a: Terapagos|Terapagos, L50, M|100/100\n|switch|p1b: Miraidon|Miraidon, L50, shiny|100/100\n|switch|p2a: Miraidon|Miraidon, L50|100/100\n|switch|p2b: Iron Bundle|Iron Bundle, L50|100/100\n|-activate|p1a: Terapagos|ability: Tera Shift\n|detailschange|p1a: Terapagos|Terapagos-Terastal, L50, M\n|-heal|p1a: Terapagos|100/100|[silent]\n|-fieldstart|move: Electric Terrain|[from] ability: Hadron Engine|[of] p1b: Miraidon\n|-activate|p2b: Iron Bundle|ability: Quark Drive\n|-start|p2b: Iron Bundle|quarkdrivespe\n|-enditem|p1a: Terapagos|Electric Seed\n|-boost|p1a: Terapagos|def|1|[from] item: Electric Seed\n|-activate|p2a: Miraidon|ability: Hadron Engine\n|turn|1\n|\n|t:|1769166869\n|-terastallize|p2a: Miraidon|Electric\n|move|p2b: Iron Bundle|Icy Wind|p1a: Terapagos|[spread] p1a,p1b\n|-activate|p1a: Terapagos|ability: Tera Shell\n|-resisted|p1a: Terapagos\n|-supereffective|p1b: Miraidon\n|-damage|p1a: Terapagos|91/100\n|-damage|p1b: Miraidon|64/100\n|-unboost|p1a: Terapagos|spe|1\n|-unboost|p1b: Miraidon|spe|1\n|move|p2a: Miraidon|Volt Switch|p1a: Terapagos\n|-damage|p1a: Terapagos|8/100\n|\n|t:|1769166881\n|switch|p2a: Lunala|Lunala, L50|100/100|[from] Volt Switch\n|-enditem|p2a: Lunala|Electric Seed\n|-boost|p2a: Lunala|def|1|[from] item: Electric Seed\n|move|p1b: Miraidon|Volt Switch|p2b: Iron Bundle\n|-supereffective|p2b: Iron Bundle\n|-enditem|p2b: Iron Bundle|Focus Sash\n|-damage|p2b: Iron Bundle|1/100\n|\n|t:|1769166886\n|switch|p1b: Sinistcha|Sinistcha-Masterpiece, L50, shiny|100/100|[from] Volt Switch\n|-heal|p1a: Terapagos|33/100|[from] ability: Hospitality|[of] p1b: Sinistcha\n|move|p1a: Terapagos|Tera Starstorm|p2b: Iron Bundle\n|-damage|p2b: Iron Bundle|0 fnt\n|faint|p2b: Iron Bundle\n|-end|p2b: Iron Bundle|Quark Drive|[silent]\n|\n|upkeep\n|\n|t:|1769166902\n|switch|p2b: Miraidon|Miraidon, L50, tera:Electric|100/100\n|-activate|p2b: Miraidon|ability: Hadron Engine\n|turn|2\n|\n|t:|1769166915\n|move|p1a: Terapagos|Protect|p1a: Terapagos\n|-singleturn|p1a: Terapagos|Protect\n|move|p2b: Miraidon|Volt Switch|p1a: Terapagos\n|-activate|p1a: Terapagos|move: Protect\n|move|p1b: Sinistcha|Life Dew||[still]|[spread] p1a,p1b\n|-heal|p1a: Terapagos|58/100\n|-fail|p1b: Sinistcha|heal\n|move|p2a: Lunala|Trick Room|p2a: Lunala\n|-fieldstart|move: Trick Room|[of] p2a: Lunala\n|\n|upkeep\n|turn|3\n|\n|t:|1769166934\n|move|p1a: Terapagos|Earth Power|p2a: Lunala\n|-damage|p2a: Lunala|91/100\n|-unboost|p2a: Lunala|spd|1\n|move|p2a: Lunala|Moongeist Beam|p1b: Sinistcha\n|-supereffective|p1b: Sinistcha\n|-enditem|p1b: Sinistcha|Focus Sash\n|-damage|p1b: Sinistcha|1/100\n|move|p1b: Sinistcha|Shadow Ball|p2a: Lunala\n|-supereffective|p2a: Lunala\n|-damage|p2a: Lunala|0 fnt\n|faint|p2a: Lunala\n|move|p2b: Miraidon|Volt Switch|p1a: Terapagos\n|-damage|p1a: Terapagos|0 fnt\n|faint|p1a: Terapagos\n|\n|t:|1769166951\n|switch|p2b: Ursaluna|Ursaluna, L50, F|100/100|[from] Volt Switch\n|\n|-status|p2b: Ursaluna|brn|[from] item: Flame Orb\n|upkeep\n|\n|t:|1769166958\n|switch|p1a: Incineroar|Incineroar, L50, M|100/100\n|switch|p2a: Miraidon|Miraidon, L50, tera:Electric|100/100\n|-ability|p1a: Incineroar|Intimidate|boost\n|-unboost|p2a: Miraidon|atk|1\n|-unboost|p2b: Ursaluna|atk|1\n|-activate|p2a: Miraidon|ability: Hadron Engine\n|turn|4\n|\n|t:|1769166972\n|switch|p1b: Miraidon|Miraidon, L50, shiny|64/100\n|-activate|p1b: Miraidon|ability: Hadron Engine\n|move|p2b: Ursaluna|Protect|p2b: Ursaluna\n|-singleturn|p2b: Ursaluna|Protect\n|move|p1a: Incineroar|Fake Out|p2b: Ursaluna\n|-activate|p2b: Ursaluna|move: Protect\n|move|p2a: Miraidon|Electro Drift|p1a: Incineroar\n|-damage|p1a: Incineroar|7/100\n|\n|-damage|p2b: Ursaluna|95/100 brn|[from] brn\n|upkeep\n|turn|5\n|\n|t:|1769166992\n|switch|p1b: Sinistcha|Sinistcha-Masterpiece, L50, shiny|1/100\n|-heal|p1a: Incineroar|32/100|[from] ability: Hospitality|[of] p1b: Sinistcha\n|-terastallize|p1a: Incineroar|Bug\n|move|p2a: Miraidon|Protect|p2a: Miraidon\n|-singleturn|p2a: Miraidon|Protect\n|move|p2b: Ursaluna|Earthquake|p1b: Sinistcha|[spread] p1a,p1b\n|-activate|p2a: Miraidon|move: Protect\n|-resisted|p1a: Incineroar\n|-resisted|p1b: Sinistcha\n|-damage|p1a: Incineroar|17/100\n|-damage|p1b: Sinistcha|0 fnt\n|faint|p1b: Sinistcha\n|move|p1a: Incineroar|Flare Blitz|p2b: Ursaluna\n|-damage|p2b: Ursaluna|62/100 brn\n|-damage|p1a: Incineroar|5/100|[from] Recoil\n|\n|-damage|p2b: Ursaluna|57/100 brn|[from] brn\n|-fieldend|move: Electric Terrain\n|upkeep\n|\n|t:|1769166996\n|switch|p1b: Miraidon|Miraidon, L50, shiny|64/100\n|-fieldstart|move: Electric Terrain|[from] ability: Hadron Engine|[of] p1b: Miraidon\n|turn|6\n|\n|t:|1769167020\n|move|p1a: Incineroar|Fake Out||[still]\n|-hint|Fake Out only works on your first turn out.\n|-fail|p1a: Incineroar\n|move|p2b: Ursaluna|Headlong Rush|p1b: Miraidon\n|-supereffective|p1b: Miraidon\n|-damage|p1b: Miraidon|0 fnt\n|-unboost|p2b: Ursaluna|def|1\n|-unboost|p2b: Ursaluna|spd|1\n|faint|p1b: Miraidon\n|move|p2a: Miraidon|Electro Drift|p1a: Incineroar\n|-damage|p1a: Incineroar|0 fnt\n|faint|p1a: Incineroar\n|\n|win|inb_178\n|raw|test220102's rating: 1323 &rarr; <strong>1302</strong><br />(-21 for losing)\n|raw|inb_178's rating: 1303 &rarr; <strong>1324</strong><br />(+21 for winning)\n|l|\u2606test220102\n|player|p1|\n|l|\u2606inb_178\n|player|p2|\n","uploadtime":1769167183,"views":12,"formatid":"gen9vgc2026regi","rating":1302,"private":0,"password":null}