{"id":"gen9vgc2026regi-2576794204","format":"[Gen 9] VGC 2026 Reg I","players":["ScribbleScribble","Gameplaya"],"log":"|j|\u2606ScribbleScribble\n|j|\u2606Gameplaya\n|t:|1775506238\n|gametype|doubles\n|player|p1|ScribbleScribble|mina-lgpe|1653\n|player|p2|Gameplaya|teamrocket|1568\n|gen|9\n|tier|[Gen 9] VGC 2026 Reg I\n|rated|\n|rule|Species Clause: Limit one of each Pok\u00e9mon\n|rule|Item Clause: Limit 1 of each item\n|clearpoke\n|poke|p1|Calyrex-Ice, L50|\n|poke|p1|Kyogre, L50|\n|poke|p1|Tornadus, L50, M|\n|poke|p1|Indeedee-F, L50, F|\n|poke|p1|Urshifu-*, L50, M|\n|poke|p1|Landorus, L50, M|\n|poke|p2|Miraidon, L50|\n|poke|p2|Calyrex-Ice, L50|\n|poke|p2|Weezing-Galar, L50, F|\n|poke|p2|Regigigas, L50|\n|poke|p2|Iron Hands, L50|\n|poke|p2|Flutter Mane, L50|\n|teampreview|4\n|inactive|Battle timer is ON: inactive players will automatically lose when time's up. (requested by Gameplaya)\n|inactive|ScribbleScribble also wants the timer to be on.\n|\n|t:|1775506266\n|teamsize|p1|4\n|teamsize|p2|4\n|start\n|switch|p1a: Calyrex|Calyrex-Ice, L50|100/100\n|switch|p1b: Tornadus|Tornadus, L50, M|100/100\n|switch|p2a: Miraidon|Miraidon, L50|100/100\n|switch|p2b: Weezing|Weezing-Galar, L50, F|100/100\n|-ability|p2b: Weezing|Neutralizing Gas\n|-block|p2a: Miraidon|item: Ability Shield\n|-ability|p1a: Calyrex|As One\n|-ability|p1a: Calyrex|Unnerve\n|-fieldstart|move: Electric Terrain|[from] ability: Hadron Engine|[of] p2a: Miraidon\n|turn|1\n|\n|t:|1775506281\n|-terastallize|p1a: Calyrex|Grass\n|move|p2a: Miraidon|Volt Switch|p1b: Tornadus\n|-supereffective|p1b: Tornadus\n|-enditem|p1b: Tornadus|Focus Sash\n|-damage|p1b: Tornadus|1/100\n|\n|t:|1775506288\n|switch|p2a: Calyrex|Calyrex-Ice, L50|100/100|[from] Volt Switch\n|-ability|p2a: Calyrex|As One\n|-ability|p2a: Calyrex|Unnerve\n|move|p1b: Tornadus|Tailwind|p1b: Tornadus\n|-sidestart|p1: ScribbleScribble|move: Tailwind\n|move|p1a: Calyrex|Glacial Lance|p2b: Weezing|[spread] p2a,p2b\n|-resisted|p2a: Calyrex\n|-damage|p2a: Calyrex|84/100\n|-damage|p2b: Weezing|55/100\n|move|p2b: Weezing|Will-O-Wisp|p1a: Calyrex\n|-status|p1a: Calyrex|brn\n|\n|-heal|p2a: Calyrex|89/100|[from] item: Leftovers\n|-damage|p1a: Calyrex|95/100 brn|[from] brn\n|upkeep\n|turn|2\n|inactive|Gameplaya has 30 seconds left.\n|inactive|Gameplaya has 20 seconds left.\n|\n|t:|1775506326\n|move|p2b: Weezing|Protect|p2b: Weezing\n|-singleturn|p2b: Weezing|Protect\n|move|p1b: Tornadus|Bleakwind Storm|p2b: Weezing|[spread] p2a\n|-activate|p2b: Weezing|move: Protect\n|-damage|p2a: Calyrex|63/100\n|move|p1a: Calyrex|Imprison|p1a: Calyrex\n|-start|p1a: Calyrex|move: Imprison\n|cant|p2a: Calyrex|move: Imprison|Glacial Lance\n|\n|-heal|p2a: Calyrex|69/100|[from] item: Leftovers\n|-damage|p1a: Calyrex|89/100 brn|[from] brn\n|upkeep\n|turn|3\n|inactive|Gameplaya has 30 seconds left.\n|inactive|Gameplaya has 20 seconds left.\n|inactive|Gameplaya has 15 seconds left.\n|\n|t:|1775506370\n|move|p1b: Tornadus|Bleakwind Storm|p2a: Calyrex|[spread] p2a,p2b\n|-damage|p2a: Calyrex|43/100\n|-damage|p2b: Weezing|16/100\n|move|p1a: Calyrex|Glacial Lance|p2b: Weezing|[spread] p2a,p2b\n|-resisted|p2a: Calyrex\n|-damage|p2a: Calyrex|36/100\n|-damage|p2b: Weezing|0 fnt\n|faint|p2b: Weezing\n|-end|p2b: Weezing|ability: Neutralizing Gas\n|-ability|p1a: Calyrex|Chilling Neigh|boost\n|-boost|p1a: Calyrex|atk|1\n|move|p2a: Calyrex|Leech Seed|p1b: Tornadus|[miss]\n|-miss|p2a: Calyrex|p1b: Tornadus\n|\n|-heal|p2a: Calyrex|42/100|[from] item: Leftovers\n|-damage|p1a: Calyrex|83/100 brn|[from] brn\n|upkeep\n|\n|t:|1775506384\n|switch|p2b: Iron Hands|Iron Hands, L50|100/100\n|-activate|p2b: Iron Hands|ability: Quark Drive\n|-start|p2b: Iron Hands|quarkdriveatk\n|turn|4\n|\n|t:|1775506392\n|switch|p1b: Urshifu|Urshifu-Rapid-Strike, L50, M|100/100\n|switch|p2a: Miraidon|Miraidon, L50|100/100\n|-activate|p2a: Miraidon|ability: Hadron Engine\n|move|p2b: Iron Hands|Fake Out|p1a: Calyrex\n|-damage|p1a: Calyrex|69/100 brn\n|cant|p1a: Calyrex|flinch\n|\n|-damage|p1a: Calyrex|63/100 brn|[from] brn\n|-sideend|p1: ScribbleScribble|move: Tailwind\n|upkeep\n|turn|5\n|\n|t:|1775506407\n|-terastallize|p2a: Miraidon|Electric\n|move|p2a: Miraidon|Volt Switch|p1b: Urshifu\n|-supereffective|p1b: Urshifu\n|-damage|p1b: Urshifu|0 fnt\n|faint|p1b: Urshifu\n|\n|t:|1775506413\n|switch|p2a: Calyrex|Calyrex-Ice, L50|42/100|[from] Volt Switch\n|-ability|p2a: Calyrex|As One\n|-ability|p2a: Calyrex|Unnerve\n|move|p1a: Calyrex|Glacial Lance|p2a: Calyrex|[spread] p2a,p2b\n|-resisted|p2a: Calyrex\n|-damage|p2a: Calyrex|30/100\n|-damage|p2b: Iron Hands|76/100\n|move|p2b: Iron Hands|Low Kick|p1a: Calyrex\n|-damage|p1a: Calyrex|5/100 brn\n|\n|-heal|p2a: Calyrex|36/100|[from] item: Leftovers\n|-damage|p1a: Calyrex|0 fnt|[from] brn\n|faint|p1a: Calyrex\n|-fieldend|move: Electric Terrain\n|-end|p2b: Iron Hands|Quark Drive\n|upkeep\n|inactive|ScribbleScribble has 30 seconds left.\n|\n|t:|1775506443\n|switch|p1b: Tornadus|Tornadus, L50, M|1/100\n|switch|p1a: Kyogre|Kyogre, L50|100/100\n|-weather|RainDance|[from] ability: Drizzle|[of] p1a: Kyogre\n|turn|6\n|\n|t:|1775506453\n|-end|p2b: Iron Hands|Quark Drive|[silent]\n|switch|p2b: Miraidon|Miraidon, L50, tera:Electric|100/100\n|-fieldstart|move: Electric Terrain|[from] ability: Hadron Engine|[of] p2b: Miraidon\n|move|p2a: Calyrex|Protect|p2a: Calyrex\n|-singleturn|p2a: Calyrex|Protect\n|move|p1b: Tornadus|Bleakwind Storm|p2a: Calyrex|[spread] p2b\n|-activate|p2a: Calyrex|move: Protect\n|-resisted|p2b: Miraidon\n|-damage|p2b: Miraidon|83/100\n|move|p1a: Kyogre|Water Spout|p2b: Miraidon|[spread] p2b\n|-activate|p2a: Calyrex|move: Protect\n|-damage|p2b: Miraidon|0 fnt\n|faint|p2b: Miraidon\n|\n|-weather|RainDance|[upkeep]\n|-heal|p2a: Calyrex|42/100|[from] item: Leftovers\n|upkeep\n|\n|t:|1775506469\n|switch|p2b: Iron Hands|Iron Hands, L50|76/100\n|-activate|p2b: Iron Hands|ability: Quark Drive\n|-start|p2b: Iron Hands|quarkdriveatk\n|turn|7\n|\n|t:|1775506475\n|move|p1a: Kyogre|Protect|p1a: Kyogre\n|-singleturn|p1a: Kyogre|Protect\n|move|p2b: Iron Hands|Fake Out|p1a: Kyogre\n|-activate|p1a: Kyogre|move: Protect\n|move|p1b: Tornadus|Taunt|p2a: Calyrex\n|-start|p2a: Calyrex|move: Taunt\n|cant|p2a: Calyrex|move: Taunt|Trick Room\n|\n|-weather|RainDance|[upkeep]\n|-heal|p2a: Calyrex|48/100|[from] item: Leftovers\n|upkeep\n|turn|8\n|\n|t:|1775506493\n|move|p1b: Tornadus|Bleakwind Storm|p2a: Calyrex|[spread] p2a,p2b\n|-damage|p2a: Calyrex|20/100\n|-damage|p2b: Iron Hands|54/100\n|move|p1a: Kyogre|Water Spout|p2b: Iron Hands|[spread] p2a,p2b\n|-damage|p2a: Calyrex|0 fnt\n|-damage|p2b: Iron Hands|0 fnt\n|faint|p2a: Calyrex\n|faint|p2b: Iron Hands\n|-end|p2b: Iron Hands|Quark Drive|[silent]\n|\n|win|ScribbleScribble\n|raw|ScribbleScribble's rating: 1663 &rarr; <strong>1678</strong><br />(+15 for winning)\n|raw|Gameplaya's rating: 1568 &rarr; <strong>1553</strong><br />(-15 for losing)\n|l|\u2606Gameplaya\n|player|p2|\n|l|\u2606ScribbleScribble\n|player|p1|\n","uploadtime":1775506717,"views":11,"formatid":"gen9vgc2026regi","rating":1553,"private":0,"password":null}