{"id":"gen9vgc2026regi-2577245419","format":"[Gen 9] VGC 2026 Reg I","players":["TheNamesBetty","Gene10"],"log":"|j|\u2606TheNamesBetty\n|j|\u2606Gene10\n|t:|1775558879\n|gametype|doubles\n|player|p1|TheNamesBetty|koga|1368\n|player|p2|Gene10|101|1425\n|gen|9\n|tier|[Gen 9] VGC 2026 Reg I\n|rated|\n|rule|Species Clause: Limit one of each Pok\u00e9mon\n|rule|Item Clause: Limit 1 of each item\n|clearpoke\n|poke|p1|Eternatus, L50|\n|poke|p1|Grimmsnarl, L50, M|\n|poke|p1|Incineroar, L50, M|\n|poke|p1|Calyrex-Shadow, L50|\n|poke|p1|Dewgong, L50, M|\n|poke|p1|Annihilape, L50, M|\n|poke|p2|Kyogre, L50|\n|poke|p2|Calyrex-Ice, L50|\n|poke|p2|Farigiraf, L50, M|\n|poke|p2|Rillaboom, L50, F|\n|poke|p2|Amoonguss, L50, F|\n|poke|p2|Ursaluna-Bloodmoon, L50, M|\n|teampreview|4\n|inactive|Battle timer is ON: inactive players will automatically lose when time's up. (requested by Gene10)\nTheNamesBetty has agreed to open team sheets.\n|inactive|Gene10 has 60 seconds left.\n|\n|t:|1775558933\n|teamsize|p1|4\n|teamsize|p2|4\n|start\n|switch|p1a: Kret\u00e8n|Grimmsnarl, L50, M|100/100\n|switch|p1b: Op Ice|Annihilape, L50, M|100/100\n|switch|p2a: Kyogre|Kyogre, L50|100/100\n|switch|p2b: Farigiraf|Farigiraf, L50, M|100/100\n|-weather|RainDance|[from] ability: Drizzle|[of] p2a: Kyogre\n|turn|1\n|\n|t:|1775558951\n|move|p1a: Kret\u00e8n|Light Screen|p1a: Kret\u00e8n\n|-sidestart|p1: TheNamesBetty|move: Light Screen\n|move|p1b: Op Ice|Final Gambit|p2b: Farigiraf\n|-damage|p2b: Farigiraf|5/100\n|-enditem|p2b: Farigiraf|Sitrus Berry|[eat]\n|-heal|p2b: Farigiraf|30/100|[from] item: Sitrus Berry\n|faint|p1b: Op Ice\n|move|p2a: Kyogre|Water Spout|p1a: Kret\u00e8n\n|-damage|p1a: Kret\u00e8n|14/100\n|move|p2b: Farigiraf|Trick Room|p2b: Farigiraf\n|-fieldstart|move: Trick Room|[of] p2b: Farigiraf\n|\n|-weather|RainDance|[upkeep]\n|upkeep\n|\n|t:|1775558960\n|switch|p1b: Internet US|Eternatus, L50|100/100\n|-ability|p1b: Internet US|Pressure\n|turn|2\n|\n|t:|1775558972\n|switch|p2a: Calyrex|Calyrex-Ice, L50|100/100\n|-ability|p2a: Calyrex|As One\n|-ability|p2a: Calyrex|Unnerve\n|move|p2b: Farigiraf|Psychic|p1b: Internet US\n|-supereffective|p1b: Internet US\n|-damage|p1b: Internet US|76/100\n|move|p1a: Kret\u00e8n|Foul Play|p2a: Calyrex\n|-supereffective|p2a: Calyrex\n|-damage|p2a: Calyrex|19/100\n|move|p1b: Internet US|Cosmic Power|p1b: Internet US\n|-boost|p1b: Internet US|def|1\n|-boost|p1b: Internet US|spd|1\n|\n|-weather|RainDance|[upkeep]\n|upkeep\n|turn|3\n|\n|t:|1775558990\n|-terastallize|p1b: Internet US|Fairy\n|move|p2b: Farigiraf|Helping Hand|p2a: Calyrex\n|-singleturn|p2a: Calyrex|Helping Hand|[of] p2b: Farigiraf\n|move|p1a: Kret\u00e8n|Reflect|p1a: Kret\u00e8n\n|-sidestart|p1: TheNamesBetty|Reflect\n|move|p2a: Calyrex|Glacial Lance|p1b: Internet US|[spread] p1a,p1b\n|-damage|p1a: Kret\u00e8n|0 fnt\n|-damage|p1b: Internet US|45/100\n|faint|p1a: Kret\u00e8n\n|-ability|p2a: Calyrex|Chilling Neigh|boost\n|-boost|p2a: Calyrex|atk|1\n|move|p1b: Internet US|Sludge Wave|p2b: Farigiraf|[spread] p2a,p2b\n|-damage|p2a: Calyrex|0 fnt\n|-damage|p2b: Farigiraf|0 fnt\n|faint|p2a: Calyrex\n|faint|p2b: Farigiraf\n|\n|-weather|RainDance|[upkeep]\n|upkeep\n|\n|t:|1775559005\n|switch|p2a: Kyogre|Kyogre, L50|100/100\n|switch|p2b: Ursaluna|Ursaluna-Bloodmoon, L50, M|100/100\n|switch|p1a: Kedluben|Calyrex-Shadow, L50|100/100\n|-ability|p1a: Kedluben|As One\n|-ability|p1a: Kedluben|Unnerve\n|turn|4\n|\n|t:|1775559018\n|move|p1a: Kedluben|Protect|p1a: Kedluben\n|-singleturn|p1a: Kedluben|Protect\n|move|p2b: Ursaluna|Hyper Voice|p1a: Kedluben|[spread] p1b\n|-activate|p1a: Kedluben|move: Protect\n|-damage|p1b: Internet US|32/100\n|-damage|p2b: Ursaluna|90/100|[from] item: Life Orb\n|move|p1b: Internet US|Recover|p1b: Internet US\n|-heal|p1b: Internet US|82/100\n|move|p2a: Kyogre|Hydro Pump|p1b: Internet US\n|-damage|p1b: Internet US|58/100\n|\n|-weather|RainDance|[upkeep]\n|upkeep\n|turn|5\n|\n|t:|1775559038\n|move|p1a: Kedluben|Protect||[still]\n|-fail|p1a: Kedluben\n|move|p2b: Ursaluna|Hyper Voice|p1a: Kedluben|[spread] p1a,p1b\n|-damage|p1a: Kedluben|67/100\n|-damage|p1b: Internet US|44/100\n|-damage|p2b: Ursaluna|80/100|[from] item: Life Orb\n|move|p1b: Internet US|Recover|p1b: Internet US\n|-heal|p1b: Internet US|94/100\n|move|p2a: Kyogre|Hydro Pump|p1a: Kedluben\n|-damage|p1a: Kedluben|0 fnt\n|faint|p1a: Kedluben\n|\n|-weather|none\n|-fieldend|move: Trick Room\n|upkeep\n|turn|6\n|\n|t:|1775559058\n|-terastallize|p2a: Kyogre|Water\n|move|p2a: Kyogre|Hydro Pump|p1b: Internet US\n|-damage|p1b: Internet US|73/100\n|move|p1b: Internet US|Cosmic Power|p1b: Internet US\n|-boost|p1b: Internet US|def|1\n|-boost|p1b: Internet US|spd|1\n|move|p2b: Ursaluna|Blood Moon|p1b: Internet US\n|-damage|p1b: Internet US|52/100\n|-damage|p2b: Ursaluna|70/100|[from] item: Life Orb\n|\n|upkeep\n|turn|7\n|\n|t:|1775559077\n|move|p2a: Kyogre|Hydro Pump|p1b: Internet US\n|-damage|p1b: Internet US|37/100\n|move|p1b: Internet US|Recover|p1b: Internet US\n|-heal|p1b: Internet US|87/100\n|move|p2b: Ursaluna|Earth Power|p1b: Internet US\n|-damage|p1b: Internet US|73/100\n|-unboost|p1b: Internet US|spd|1\n|-damage|p2b: Ursaluna|60/100|[from] item: Life Orb\n|\n|upkeep\n|turn|8\n|\n|t:|1775559088\n|move|p2a: Kyogre|Hydro Pump|p1b: Internet US\n|-damage|p1b: Internet US|49/100\n|move|p1b: Internet US|Cosmic Power|p1b: Internet US\n|-boost|p1b: Internet US|def|1\n|-boost|p1b: Internet US|spd|1\n|move|p2b: Ursaluna|Blood Moon|p1b: Internet US\n|-damage|p1b: Internet US|29/100\n|-damage|p2b: Ursaluna|50/100|[from] item: Life Orb\n|\n|-sideend|p1: TheNamesBetty|move: Light Screen\n|upkeep\n|turn|9\n|\n|t:|1775559100\n|-activate|p2a: Kyogre|move: Struggle\n|move|p2a: Kyogre|Struggle|p1b: Internet US\n|-damage|p1b: Internet US|27/100\n|-damage|p2a: Kyogre|75/100|[from] recoil\n|move|p1b: Internet US|Recover|p1b: Internet US\n|-heal|p1b: Internet US|77/100\n|move|p2b: Ursaluna|Hyper Voice|p1b: Internet US\n|-damage|p1b: Internet US|58/100\n|-damage|p2b: Ursaluna|40/100|[from] item: Life Orb\n|\n|upkeep\n|turn|10\n|\n|t:|1775559114\n|-activate|p2a: Kyogre|move: Struggle\n|move|p2a: Kyogre|Struggle|p1b: Internet US\n|-damage|p1b: Internet US|56/100\n|-damage|p2a: Kyogre|50/100|[from] recoil\n|move|p1b: Internet US|Recover|p1b: Internet US\n|-heal|p1b: Internet US|100/100\n|move|p2b: Ursaluna|Blood Moon|p1b: Internet US\n|-damage|p1b: Internet US|70/100\n|-damage|p2b: Ursaluna|30/100|[from] item: Life Orb\n|\n|-sideend|p1: TheNamesBetty|Reflect\n|upkeep\n|turn|11\n|-message|Gene10 forfeited.\n|\n|win|TheNamesBetty\n|raw|TheNamesBetty's rating: 1368 &rarr; <strong>1391</strong><br />(+23 for winning)\n|raw|Gene10's rating: 1425 &rarr; <strong>1402</strong><br />(-23 for losing)\n|l|\u2606Gene10\n|player|p2|\n","uploadtime":1775559127,"views":13,"formatid":"gen9vgc2026regi","rating":1391,"private":0,"password":null}