{"id":"gen9vgc2026regi-2567615225","format":"[Gen 9] VGC 2026 Reg I","players":["PokeSnipesYT","JERRY RIVERA"],"log":"|j|\u2606PokeSnipesYT\n|j|\u2606JERRY RIVERA\n|t:|1774494014\n|gametype|doubles\n|player|p1|PokeSnipesYT|102|1309\n|player|p2|JERRY RIVERA|silver|1395\n|gen|9\n|tier|[Gen 9] VGC 2026 Reg I\n|rated|\n|rule|Species Clause: Limit one of each Pok\u00e9mon\n|rule|Item Clause: Limit 1 of each item\n|clearpoke\n|poke|p1|Ho-Oh, L50|\n|poke|p1|Overqwil, L50, M|\n|poke|p1|Ting-Lu, L50|\n|poke|p1|Ogerpon-Wellspring, L50, F|\n|poke|p1|Rillaboom, L50, F|\n|poke|p1|Calyrex-Ice, L50|\n|poke|p2|Kyogre, L50|\n|poke|p2|Calyrex-Shadow, L50|\n|poke|p2|Weezing-Galar, L50, F|\n|poke|p2|Dondozo, L50, F|\n|poke|p2|Tatsugiri-Droopy, L50, F|\n|poke|p2|Tornadus, L50, M|\n|teampreview|4\n|\n|t:|1774494030\n|teamsize|p1|4\n|teamsize|p2|4\n|start\n|switch|p1a: Ogerpon|Ogerpon-Wellspring, L50, F|100/100\n|switch|p1b: Calyrex|Calyrex-Ice, L50|100/100\n|switch|p2a: Queso|Kyogre, L50|100/100\n|switch|p2b: Vino|Calyrex-Shadow, L50|100/100\n|-ability|p2b: Vino|As One\n|-ability|p2b: Vino|Unnerve\n|-ability|p1b: Calyrex|As One\n|-ability|p1b: Calyrex|Unnerve\n|-weather|RainDance|[from] ability: Drizzle|[of] p2a: Queso\n|turn|1\n|inactive|Battle timer is ON: inactive players will automatically lose when time's up. (requested by PokeSnipesYT)\n|\n|t:|1774494049\n|-terastallize|p2b: Vino|Water\n|-terastallize|p1b: Calyrex|Water\n|move|p2a: Queso|Water Spout|p1b: Calyrex|[spread] p1b\n|-immune|p1a: Ogerpon|[from] ability: Water Absorb\n|-resisted|p1b: Calyrex\n|-damage|p1b: Calyrex|72/100\n|move|p2b: Vino|Astral Barrage|p1b: Calyrex|[spread] p1a,p1b\n|-damage|p1a: Ogerpon|37/100\n|-damage|p1b: Calyrex|25/100\n|-damage|p2b: Vino|91/100|[from] item: Life Orb\n|move|p1a: Ogerpon|Ivy Cudgel|p2b: Vino|[anim] Ivy Cudgel Water\n|-resisted|p2b: Vino\n|-damage|p2b: Vino|41/100\n|move|p1b: Calyrex|Trick Room|p1b: Calyrex\n|-fieldstart|move: Trick Room|[of] p1b: Calyrex\n|\n|-weather|RainDance|[upkeep]\n|-heal|p1b: Calyrex|31/100|[from] item: Leftovers\n|upkeep\n|turn|2\n|inactive|PokeSnipesYT has 30 seconds left.\n|inactive|JERRY RIVERA has 30 seconds left.\n|inactive|PokeSnipesYT has 20 seconds left.\n|inactive|JERRY RIVERA has 20 seconds left.\n|inactive|PokeSnipesYT has 15 seconds left.\n|\n|t:|1774494090\n|switch|p2a: Chorizo|Dondozo, L50, F|100/100\n|move|p1b: Calyrex|Leech Seed|p2a: Chorizo\n|-start|p2a: Chorizo|move: Leech Seed\n|move|p1a: Ogerpon|Horn Leech|p2b: Vino\n|-supereffective|p2b: Vino\n|-damage|p2b: Vino|0 fnt\n|-heal|p1a: Ogerpon|57/100|[from] drain|[of] p2b: Vino\n|faint|p2b: Vino\n|\n|-weather|RainDance|[upkeep]\n|-heal|p1b: Calyrex|37/100|[from] item: Leftovers\n|-damage|p2a: Chorizo|88/100|[from] Leech Seed|[of] p1b: Calyrex\n|-heal|p1b: Calyrex|52/100|[silent]\n|upkeep\n|\n|t:|1774494102\n|switch|p2b: Queso|Kyogre, L50|100/100\n|turn|3\n|inactive|PokeSnipesYT has 30 seconds left.\n|\n|t:|1774494136\n|move|p2a: Chorizo|Protect|p2a: Chorizo\n|-singleturn|p2a: Chorizo|Protect\n|move|p1b: Calyrex|Leech Seed|p2b: Queso|[miss]\n|-miss|p1b: Calyrex|p2b: Queso\n|move|p1a: Ogerpon|Horn Leech|p2a: Chorizo\n|-activate|p2a: Chorizo|move: Protect\n|move|p2b: Queso|Thunder|p1b: Calyrex\n|-supereffective|p1b: Calyrex\n|-damage|p1b: Calyrex|0 fnt\n|faint|p1b: Calyrex\n|\n|-weather|RainDance|[upkeep]\n|-heal|p2a: Chorizo|94/100|[from] item: Leftovers\n|upkeep\n|\n|t:|1774494153\n|switch|p1b: Overqwil|Overqwil, L50, M|100/100\n|-ability|p1b: Overqwil|Intimidate|boost\n|-unboost|p2a: Chorizo|atk|1\n|-unboost|p2b: Queso|atk|1\n|turn|4\n|\n|t:|1774494167\n|switch|p2b: Fuet|Tatsugiri-Droopy, L50, F|100/100\n|-activate|p2b: Fuet|ability: Commander|[of] p2a: Chorizo\n|-boost|p2a: Chorizo|atk|2\n|-boost|p2a: Chorizo|spa|2\n|-boost|p2a: Chorizo|spe|2\n|-boost|p2a: Chorizo|def|2\n|-boost|p2a: Chorizo|spd|2\n|move|p1b: Overqwil|Barb Barrage|p2a: Chorizo\n|-damage|p2a: Chorizo|87/100\n|move|p2a: Chorizo|Order Up|p1a: Ogerpon\n|-damage|p1a: Ogerpon|30/100\n|-boost|p2a: Chorizo|def|1\n|move|p1a: Ogerpon|Horn Leech|p2b: Fuet|[miss]\n|-miss|p1a: Ogerpon|p2b: Fuet\n|\n|-weather|RainDance|[upkeep]\n|-heal|p2a: Chorizo|93/100|[from] item: Leftovers\n|-damage|p2a: Chorizo|81/100|[from] Leech Seed|[of] p1b: Overqwil\n|upkeep\n|turn|5\n|inactive|PokeSnipesYT has 30 seconds left.\n|\n|t:|1774494201\n|switch|p1a: Ho-Oh|Ho-Oh, L50|100/100\n|move|p2a: Chorizo|Protect|p2a: Chorizo\n|-singleturn|p2a: Chorizo|Protect\n|move|p1b: Overqwil|Barb Barrage|p2a: Chorizo\n|-activate|p2a: Chorizo|move: Protect\n|\n|-weather|none\n|-heal|p2a: Chorizo|87/100|[from] item: Leftovers\n|-damage|p2a: Chorizo|75/100|[from] Leech Seed|[of] p1b: Overqwil\n|-fieldend|move: Trick Room\n|upkeep\n|turn|6\n|\n|t:|1774494214\n|switch|p1b: Ogerpon|Ogerpon-Wellspring, L50, F|30/100\n|move|p1a: Ho-Oh|Protect|p1a: Ho-Oh\n|-singleturn|p1a: Ho-Oh|Protect\n|move|p2a: Chorizo|Body Press|p1b: Ogerpon\n|-damage|p1b: Ogerpon|0 fnt\n|faint|p1b: Ogerpon\n|\n|-heal|p2a: Chorizo|81/100|[from] item: Leftovers\n|upkeep\n|\n|t:|1774494222\n|switch|p1b: Overqwil|Overqwil, L50, M|100/100\n|-ability|p1b: Overqwil|Intimidate|boost\n|-unboost|p2a: Chorizo|atk|1\n|-unboost|p2b: Fuet|atk|1\n|turn|7\n|\n|t:|1774494232\n|move|p2a: Chorizo|Body Press|p1b: Overqwil\n|-damage|p1b: Overqwil|55/100\n|move|p1b: Overqwil|Toxic Spikes|p2b: Fuet\n|-sidestart|p2: JERRY RIVERA|move: Toxic Spikes\n|move|p1a: Ho-Oh|Whirlwind||[still]\n|-fail|p1a: Ho-Oh\n|\n|-heal|p2a: Chorizo|87/100|[from] item: Leftovers\n|-heal|p1b: Overqwil|61/100|[from] item: Black Sludge\n|-damage|p2a: Chorizo|75/100|[from] Leech Seed|[of] p1b: Overqwil\n|-heal|p1b: Overqwil|78/100|[silent]\n|upkeep\n|turn|8\n|\n|t:|1774494244\n|move|p2a: Chorizo|Protect|p2a: Chorizo\n|-singleturn|p2a: Chorizo|Protect\n|move|p1a: Ho-Oh|Life Dew||[still]|[spread] p1a,p1b\n|-fail|p1a: Ho-Oh|heal\n|-heal|p1b: Overqwil|100/100\n|move|p1b: Overqwil|Barb Barrage|p2a: Chorizo\n|-activate|p2a: Chorizo|move: Protect\n|\n|-heal|p2a: Chorizo|81/100|[from] item: Leftovers\n|-damage|p2a: Chorizo|68/100|[from] Leech Seed|[of] p1b: Overqwil\n|upkeep\n|turn|9\n|\n|t:|1774494266\n|move|p2a: Chorizo|Order Up|p1a: Ho-Oh\n|-damage|p1a: Ho-Oh|88/100\n|-boost|p2a: Chorizo|def|1\n|move|p1a: Ho-Oh|Sacred Fire|p2a: Chorizo\n|-resisted|p2a: Chorizo\n|-damage|p2a: Chorizo|64/100\n|-status|p2a: Chorizo|brn\n|move|p1b: Overqwil|Toxic Spikes|p2b: Fuet\n|-sidestart|p2: JERRY RIVERA|move: Toxic Spikes\n|\n|-heal|p2a: Chorizo|70/100 brn|[from] item: Leftovers\n|-damage|p2a: Chorizo|58/100 brn|[from] Leech Seed|[of] p1b: Overqwil\n|-damage|p2a: Chorizo|51/100 brn|[from] brn\n|upkeep\n|turn|10\n|\n|t:|1774494290\n|move|p2a: Chorizo|Body Press|p1b: Overqwil\n|-damage|p1b: Overqwil|71/100\n|move|p1a: Ho-Oh|Sacred Fire|p2a: Chorizo\n|-resisted|p2a: Chorizo\n|-damage|p2a: Chorizo|47/100 brn\n|move|p1b: Overqwil|Throat Chop|p2a: Chorizo\n|-damage|p2a: Chorizo|40/100 brn\n|-start|p2a: Chorizo|Throat Chop|[silent]\n|\n|-heal|p2a: Chorizo|46/100 brn|[from] item: Leftovers\n|-heal|p1b: Overqwil|77/100|[from] item: Black Sludge\n|-damage|p2a: Chorizo|33/100 brn|[from] Leech Seed|[of] p1b: Overqwil\n|-heal|p1b: Overqwil|94/100|[silent]\n|-damage|p2a: Chorizo|27/100 brn|[from] brn\n|upkeep\n|turn|11\n|\n|t:|1774494308\n|move|p2a: Chorizo|Body Press|p1b: Overqwil\n|-damage|p1b: Overqwil|62/100\n|move|p1a: Ho-Oh|Sacred Fire|p2a: Chorizo\n|-resisted|p2a: Chorizo\n|-damage|p2a: Chorizo|23/100 brn\n|move|p1b: Overqwil|Throat Chop|p2a: Chorizo\n|-damage|p2a: Chorizo|16/100 brn\n|\n|-heal|p2a: Chorizo|22/100 brn|[from] item: Leftovers\n|-heal|p1b: Overqwil|69/100|[from] item: Black Sludge\n|-damage|p2a: Chorizo|10/100 brn|[from] Leech Seed|[of] p1b: Overqwil\n|-heal|p1b: Overqwil|85/100|[silent]\n|-damage|p2a: Chorizo|4/100 brn|[from] brn\n|-end|p2a: Chorizo|Throat Chop|[silent]\n|upkeep\n|turn|12\n|\n|t:|1774494326\n|move|p2a: Chorizo|Body Press|p1b: Overqwil\n|-damage|p1b: Overqwil|56/100\n|move|p1a: Ho-Oh|Life Dew|p1a: Ho-Oh|[spread] p1a,p1b\n|-heal|p1a: Ho-Oh|100/100\n|-heal|p1b: Overqwil|81/100\n|move|p1b: Overqwil|Throat Chop|p2a: Chorizo\n|-damage|p2a: Chorizo|0 fnt\n|faint|p2a: Chorizo\n|\n|-heal|p1b: Overqwil|87/100|[from] item: Black Sludge\n|upkeep\n|\n|t:|1774494332\n|switch|p2a: Queso|Kyogre, L50|100/100\n|-status|p2a: Queso|tox\n|-weather|RainDance|[from] ability: Drizzle|[of] p2a: Queso\n|turn|13\n|inactive|PokeSnipesYT has 30 seconds left.\n|\n|t:|1774494367\n|move|p1a: Ho-Oh|Protect|p1a: Ho-Oh\n|-singleturn|p1a: Ho-Oh|Protect\n|move|p1b: Overqwil|Protect|p1b: Overqwil\n|-singleturn|p1b: Overqwil|Protect\n|move|p2a: Queso|Water Spout|p1b: Overqwil|[spread] \n|-activate|p1a: Ho-Oh|move: Protect\n|-activate|p1b: Overqwil|move: Protect\n|move|p2b: Fuet|Muddy Water|p1b: Overqwil|[spread] \n|-activate|p1a: Ho-Oh|move: Protect\n|-activate|p1b: Overqwil|move: Protect\n|\n|-weather|RainDance|[upkeep]\n|-heal|p1b: Overqwil|93/100|[from] item: Black Sludge\n|-damage|p2a: Queso|94/100 tox|[from] psn\n|upkeep\n|turn|14\n|inactive|PokeSnipesYT has 30 seconds left.\n|inactive|PokeSnipesYT has 20 seconds left.\n|inactive|PokeSnipesYT has 15 seconds left.\n|inactive|PokeSnipesYT has 10 seconds left.\n|inactive|PokeSnipesYT has 5 seconds left.\n|\n|t:|1774494417\n|move|p1a: Ho-Oh|Protect||[still]\n|-fail|p1a: Ho-Oh\n|move|p2a: Queso|Water Spout|p1b: Overqwil|[spread] p1a,p1b\n|-supereffective|p1a: Ho-Oh\n|-damage|p1a: Ho-Oh|0 fnt\n|-damage|p1b: Overqwil|4/100\n|faint|p1a: Ho-Oh\n|move|p2b: Fuet|Muddy Water|p1b: Overqwil|[miss]\n|-miss|p2b: Fuet|p1b: Overqwil\n|move|p1b: Overqwil|Barb Barrage|p2b: Fuet\n|-damage|p2b: Fuet|57/100\n|-status|p2b: Fuet|psn\n|\n|-weather|RainDance|[upkeep]\n|-heal|p1b: Overqwil|10/100|[from] item: Black Sludge\n|-damage|p2a: Queso|82/100 tox|[from] psn\n|-damage|p2b: Fuet|44/100 psn|[from] psn\n|upkeep\n|turn|15\n|\n|t:|1774494427\n|move|p1b: Overqwil|Protect|p1b: Overqwil\n|-singleturn|p1b: Overqwil|Protect\n|move|p2a: Queso|Water Spout|p1b: Overqwil\n|-activate|p1b: Overqwil|move: Protect\n|move|p2b: Fuet|Draco Meteor|p1b: Overqwil\n|-activate|p1b: Overqwil|move: Protect\n|\n|-weather|RainDance|[upkeep]\n|-heal|p1b: Overqwil|16/100|[from] item: Black Sludge\n|-damage|p2a: Queso|63/100 tox|[from] psn\n|-damage|p2b: Fuet|32/100 psn|[from] psn\n|upkeep\n|turn|16\n|c|\u2606JERRY RIVERA|gg\n|\n|t:|1774494441\n|move|p1b: Overqwil|Protect|p1b: Overqwil\n|-singleturn|p1b: Overqwil|Protect\n|move|p2a: Queso|Water Spout|p1b: Overqwil\n|-activate|p1b: Overqwil|move: Protect\n|move|p2b: Fuet|Draco Meteor|p1b: Overqwil\n|-activate|p1b: Overqwil|move: Protect\n|\n|-weather|RainDance|[upkeep]\n|-heal|p1b: Overqwil|22/100|[from] item: Black Sludge\n|-damage|p2a: Queso|38/100 tox|[from] psn\n|-damage|p2b: Fuet|19/100 psn|[from] psn\n|upkeep\n|turn|17\n|\n|t:|1774494459\n|move|p1b: Overqwil|Protect||[still]\n|-fail|p1b: Overqwil\n|move|p2a: Queso|Water Spout|p1b: Overqwil\n|-damage|p1b: Overqwil|0 fnt\n|faint|p1b: Overqwil\n|\n|win|JERRY RIVERA\n|raw|PokeSnipesYT's rating: 1309 &rarr; <strong>1294</strong><br />(-15 for losing)\n|raw|JERRY RIVERA's rating: 1395 &rarr; <strong>1410</strong><br />(+15 for winning)\n|c|\u2606PokeSnipesYT|gg\n|l|\u2606JERRY RIVERA\n|player|p2|\n|l|\u2606PokeSnipesYT\n|player|p1|\n","uploadtime":1774494703,"views":10,"formatid":"gen9vgc2026regi","rating":1294,"private":0,"password":null}