{"id":"gen9vgc2026regi-2548294003","format":"[Gen 9] VGC 2026 Reg I","players":["partigiano jonny","LyricSum"],"log":"|j|\u2606partigiano jonny\n|j|\u2606LyricSum\n|t:|1772199792\n|gametype|doubles\n|player|p1|partigiano jonny|volkner|1388\n|player|p2|LyricSum|veteran|1391\n|gen|9\n|tier|[Gen 9] VGC 2026 Reg I\n|rated|\n|rule|Species Clause: Limit one of each Pok\u00e9mon\n|rule|Item Clause: Limit 1 of each item\n|clearpoke\n|poke|p1|Miraidon, L50|\n|poke|p1|Lunala, L50|\n|poke|p1|Incineroar, L50, M|\n|poke|p1|Ursaluna, L50, F|\n|poke|p1|Urshifu-*, L50, F|\n|poke|p1|Whimsicott, L50, M|\n|poke|p2|Gholdengo, L50|\n|poke|p2|Eternatus, L50|\n|poke|p2|Terapagos, L50, M|\n|poke|p2|Whimsicott, L50, F|\n|poke|p2|Incineroar, L50, F|\n|poke|p2|Urshifu-*, L50, M|\n|teampreview|4\n|inactive|Battle timer is ON: inactive players will automatically lose when time's up. (requested by LyricSum)\n|inactive|LyricSum has 60 seconds left.\n|\n|t:|1772199836\n|teamsize|p1|4\n|teamsize|p2|4\n|start\n|switch|p1a: Miraidon|Miraidon, L50|100/100\n|switch|p1b: Incineroar|Incineroar, L50, M|100/100\n|switch|p2a: Terapagos|Terapagos, L50, M|100/100\n|switch|p2b: Whimsicott|Whimsicott, L50, F|100/100\n|-activate|p2a: Terapagos|ability: Tera Shift\n|detailschange|p2a: Terapagos|Terapagos-Terastal, L50, M\n|-heal|p2a: Terapagos|100/100|[silent]\n|-fieldstart|move: Electric Terrain|[from] ability: Hadron Engine|[of] p1a: Miraidon\n|-ability|p1b: Incineroar|Intimidate|boost\n|-unboost|p2a: Terapagos|atk|1\n|-unboost|p2b: Whimsicott|atk|1\n|turn|1\n|\n|t:|1772199852\n|move|p2a: Terapagos|Protect|p2a: Terapagos\n|-singleturn|p2a: Terapagos|Protect\n|move|p1a: Miraidon|Volt Switch|p2a: Terapagos\n|-activate|p2a: Terapagos|move: Protect\n|move|p2b: Whimsicott|Moonblast|p1a: Miraidon\n|-supereffective|p1a: Miraidon\n|-damage|p1a: Miraidon|55/100\n|-unboost|p1a: Miraidon|spa|1\n|move|p1b: Incineroar|Flare Blitz|p2b: Whimsicott\n|-supereffective|p2b: Whimsicott\n|-damage|p2b: Whimsicott|0 fnt\n|faint|p2b: Whimsicott\n|-damage|p1b: Incineroar|73/100|[from] Recoil\n|\n|upkeep\n|\n|t:|1772199863\n|switch|p2b: Incineroar|Incineroar, L50, F|100/100\n|-ability|p2b: Incineroar|Intimidate|boost\n|-unboost|p1a: Miraidon|atk|1\n|-unboost|p1b: Incineroar|atk|1\n|turn|2\n|\n|t:|1772199874\n|switch|p1a: Whimsicott|Whimsicott, L50, M|100/100\n|move|p2b: Incineroar|Fake Out|p1b: Incineroar\n|-damage|p1b: Incineroar|63/100\n|move|p2a: Terapagos|Calm Mind|p2a: Terapagos\n|-boost|p2a: Terapagos|spa|1\n|-boost|p2a: Terapagos|spd|1\n|cant|p1b: Incineroar|flinch\n|\n|upkeep\n|turn|3\n|\n|t:|1772199885\n|move|p2a: Terapagos|Protect|p2a: Terapagos\n|-singleturn|p2a: Terapagos|Protect\n|move|p1a: Whimsicott|Encore|p2a: Terapagos\n|-activate|p2a: Terapagos|move: Protect\n|move|p1b: Incineroar|U-turn|p2a: Terapagos\n|-activate|p2a: Terapagos|move: Protect\n|move|p2b: Incineroar|Flare Blitz|p1a: Whimsicott\n|-supereffective|p1a: Whimsicott\n|-damage|p1a: Whimsicott|0 fnt\n|faint|p1a: Whimsicott\n|-damage|p2b: Incineroar|73/100|[from] Recoil\n|\n|upkeep\n|\n|t:|1772199893\n|switch|p1a: Urshifu|Urshifu-Rapid-Strike, L50, F|100/100\n|turn|4\n|\n|t:|1772199899\n|switch|p2b: Eternatus|Eternatus, L50|100/100\n|-ability|p2b: Eternatus|Pressure\n|-terastallize|p2a: Terapagos|Stellar\n|detailschange|p2a: Terapagos|Terapagos-Stellar, L50, M, tera:Stellar\n|-heal|p2a: Terapagos|100/100|[silent]\n|-ability|p2a: Terapagos|Teraform Zero\n|-fieldend|move: Electric Terrain\n|move|p1a: Urshifu|Surging Strikes|p2b: Eternatus\n|-resisted|p2b: Eternatus\n|-crit|p2b: Eternatus\n|-damage|p2b: Eternatus|88/100\n|-resisted|p2b: Eternatus\n|-crit|p2b: Eternatus\n|-damage|p2b: Eternatus|74/100\n|-resisted|p2b: Eternatus\n|-crit|p2b: Eternatus\n|-damage|p2b: Eternatus|62/100\n|-hitcount|p2b: Eternatus|3\n|move|p2a: Terapagos|Tera Starstorm|p1a: Urshifu|[spread] p1a,p1b\n|-damage|p1a: Urshifu|27/100\n|-damage|p1b: Incineroar|29/100\n|move|p1b: Incineroar|U-turn|p2a: Terapagos\n|-damage|p2a: Terapagos|93/100\n|\n|t:|1772199910\n|switch|p1b: Miraidon|Miraidon, L50|55/100|[from] U-turn\n|-fieldstart|move: Electric Terrain|[from] ability: Hadron Engine|[of] p1b: Miraidon\n|\n|-heal|p2a: Terapagos|99/100|[from] item: Leftovers\n|upkeep\n|turn|5\n|\n|t:|1772199930\n|move|p1b: Miraidon|Draco Meteor|p2b: Eternatus\n|-supereffective|p2b: Eternatus\n|-damage|p2b: Eternatus|0 fnt\n|-unboost|p1b: Miraidon|spa|2\n|faint|p2b: Eternatus\n|move|p1a: Urshifu|Surging Strikes|p2a: Terapagos\n|-crit|p2a: Terapagos\n|-damage|p2a: Terapagos|80/100\n|-crit|p2a: Terapagos\n|-damage|p2a: Terapagos|61/100\n|-crit|p2a: Terapagos\n|-damage|p2a: Terapagos|41/100\n|-hitcount|p2a: Terapagos|3\n|move|p2a: Terapagos|Tera Starstorm|p1b: Miraidon|[spread] p1a,p1b\n|-damage|p1a: Urshifu|0 fnt\n|-damage|p1b: Miraidon|7/100\n|faint|p1a: Urshifu\n|\n|-heal|p2a: Terapagos|47/100|[from] item: Leftovers\n|upkeep\n|\n|t:|1772199937\n|switch|p2b: Incineroar|Incineroar, L50, F|73/100\n|switch|p1a: Incineroar|Incineroar, L50, M|29/100\n|-ability|p1a: Incineroar|Intimidate|boost\n|-unboost|p2a: Terapagos|atk|1\n|-unboost|p2b: Incineroar|atk|1\n|-ability|p2b: Incineroar|Intimidate|boost\n|-unboost|p1a: Incineroar|atk|1\n|-unboost|p1b: Miraidon|atk|1\n|turn|6\n|\n|t:|1772199942\n|move|p1a: Incineroar|Fake Out|p2b: Incineroar\n|-damage|p2b: Incineroar|65/100\n|cant|p2b: Incineroar|flinch\n|move|p1b: Miraidon|Draco Meteor|p2a: Terapagos\n|-damage|p2a: Terapagos|16/100\n|-unboost|p1b: Miraidon|spa|2\n|move|p2a: Terapagos|Tera Starstorm|p1a: Incineroar|[spread] p1a,p1b\n|-damage|p1a: Incineroar|0 fnt\n|-damage|p1b: Miraidon|0 fnt\n|faint|p1a: Incineroar\n|faint|p1b: Miraidon\n|\n|win|LyricSum\n|raw|partigiano jonny's rating: 1388 &rarr; <strong>1368</strong><br />(-20 for losing)\n|raw|LyricSum's rating: 1391 &rarr; <strong>1411</strong><br />(+20 for winning)\n|l|\u2606partigiano jonny\n|player|p1|\n|l|\u2606LyricSum\n|player|p2|\n","uploadtime":1772199942,"views":13,"formatid":"gen9vgc2026regi","rating":1368,"private":0,"password":null}