{"id":"gen9vgc2026regi-2539672028","format":"[Gen 9] VGC 2026 Reg I","players":["morp4234","SEITA"],"log":"|j|\u2606morp4234\n|j|\u2606SEITA\n|t:|1771094820\n|gametype|doubles\n|player|p1|morp4234|2|1306\n|player|p2|SEITA|lucas-gen4pt|1294\n|gen|9\n|tier|[Gen 9] VGC 2026 Reg I\n|rated|\n|rule|Species Clause: Limit one of each Pok\u00e9mon\n|rule|Item Clause: Limit 1 of each item\n|clearpoke\n|poke|p1|Miraidon, L50|\n|poke|p1|Iron Bundle, L50|\n|poke|p1|Iron Hands, L50|\n|poke|p1|Incineroar, L50, F|\n|poke|p1|Lunala, L50|\n|poke|p1|Whimsicott, L50, F|\n|poke|p2|Zamazenta-*, L50|\n|poke|p2|Kyogre, L50|\n|poke|p2|Wo-Chien, L50|\n|poke|p2|Grimmsnarl, L50, M|\n|poke|p2|Landorus, L50, M|\n|poke|p2|Ditto, L50|\n|teampreview|4\n|\n|t:|1771094853\n|teamsize|p1|4\n|teamsize|p2|4\n|start\n|switch|p1a: Iron Bundle|Iron Bundle, L50|100/100\n|switch|p1b: Miraidon|Miraidon, L50|100/100\n|switch|p2a: Grimmsnarl|Grimmsnarl, L50, M|100/100\n|switch|p2b: Zamazenta|Zamazenta-Crowned, L50|100/100\n|-fieldstart|move: Electric Terrain|[from] ability: Hadron Engine|[of] p1b: Miraidon\n|-activate|p1a: Iron Bundle|ability: Quark Drive\n|-start|p1a: Iron Bundle|quarkdrivespe\n|-ability|p2b: Zamazenta|Dauntless Shield|boost\n|-boost|p2b: Zamazenta|def|1\n|turn|1\n|\n|t:|1771094876\n|-terastallize|p1b: Miraidon|Fairy\n|-terastallize|p2b: Zamazenta|Grass\n|move|p1a: Iron Bundle|Helping Hand|p1b: Miraidon\n|-singleturn|p1b: Miraidon|Helping Hand|[of] p1a: Iron Bundle\n|move|p2a: Grimmsnarl|Light Screen|p2a: Grimmsnarl\n|-sidestart|p2: SEITA|move: Light Screen\n|move|p1b: Miraidon|Dazzling Gleam|p2b: Zamazenta|[spread] p2a,p2b\n|-supereffective|p2a: Grimmsnarl\n|-damage|p2a: Grimmsnarl|0 fnt\n|-damage|p2b: Zamazenta|57/100\n|faint|p2a: Grimmsnarl\n|-damage|p1b: Miraidon|91/100|[from] item: Life Orb\n|move|p2b: Zamazenta|Body Press|p1b: Miraidon\n|-resisted|p1b: Miraidon\n|-damage|p1b: Miraidon|57/100\n|\n|upkeep\n|\n|t:|1771094908\n|switch|p2a: Kyogre|Kyogre, L50|100/100\n|-weather|RainDance|[from] ability: Drizzle|[of] p2a: Kyogre\n|turn|2\n|\n|t:|1771094924\n|move|p1a: Iron Bundle|Icy Wind|p2b: Zamazenta|[spread] p2a\n|-miss|p1a: Iron Bundle|p2b: Zamazenta\n|-resisted|p2a: Kyogre\n|-damage|p2a: Kyogre|96/100\n|-unboost|p2a: Kyogre|spe|1\n|move|p1b: Miraidon|Volt Switch|p2a: Kyogre\n|-supereffective|p2a: Kyogre\n|-damage|p2a: Kyogre|20/100\n|-damage|p1b: Miraidon|47/100|[from] item: Life Orb\n|\n|t:|1771094934\n|switch|p1b: Iron Hands|Iron Hands, L50|100/100|[from] Volt Switch\n|-activate|p1b: Iron Hands|ability: Quark Drive\n|-start|p1b: Iron Hands|quarkdriveatk\n|move|p2b: Zamazenta|Body Press|p1a: Iron Bundle\n|-supereffective|p1a: Iron Bundle\n|-enditem|p1a: Iron Bundle|Focus Sash\n|-damage|p1a: Iron Bundle|1/100\n|move|p2a: Kyogre|Origin Pulse|p1a: Iron Bundle|[spread] p1a,p1b\n|-resisted|p1a: Iron Bundle\n|-damage|p1a: Iron Bundle|0 fnt\n|-damage|p1b: Iron Hands|59/100\n|faint|p1a: Iron Bundle\n|-end|p1a: Iron Bundle|Quark Drive|[silent]\n|\n|-weather|RainDance|[upkeep]\n|-heal|p2a: Kyogre|26/100|[from] item: Leftovers\n|upkeep\n|\n|t:|1771094949\n|switch|p1a: Miraidon|Miraidon, L50, tera:Fairy|47/100\n|-activate|p1a: Miraidon|ability: Hadron Engine\n|turn|3\n|\n|t:|1771094955\n|move|p2b: Zamazenta|Protect|p2b: Zamazenta\n|-singleturn|p2b: Zamazenta|Protect\n|move|p2a: Kyogre|Protect|p2a: Kyogre\n|-singleturn|p2a: Kyogre|Protect\n|move|p1b: Iron Hands|Fake Out|p2b: Zamazenta\n|-activate|p2b: Zamazenta|move: Protect\n|move|p1a: Miraidon|Dazzling Gleam|p2a: Kyogre|[spread] \n|-activate|p2a: Kyogre|move: Protect\n|-activate|p2b: Zamazenta|move: Protect\n|\n|-weather|RainDance|[upkeep]\n|-heal|p2a: Kyogre|31/100|[from] item: Leftovers\n|upkeep\n|turn|4\n|\n|t:|1771094991\n|switch|p2a: Wo-Chien|Wo-Chien, L50|100/100\n|-ability|p2a: Wo-Chien|Tablets of Ruin\n|move|p1a: Miraidon|Volt Switch|p2a: Wo-Chien\n|-resisted|p2a: Wo-Chien\n|-damage|p2a: Wo-Chien|79/100\n|-damage|p1a: Miraidon|37/100|[from] item: Life Orb\n|\n|t:|1771094993\n|switch|p1a: Lunala|Lunala, L50|100/100|[from] Volt Switch\n|move|p2b: Zamazenta|Iron Defense|p2b: Zamazenta\n|-boost|p2b: Zamazenta|def|2\n|move|p1b: Iron Hands|Low Kick|p2b: Zamazenta\n|-damage|p2b: Zamazenta|42/100\n|\n|-weather|RainDance|[upkeep]\n|upkeep\n|turn|5\n|\n|t:|1771095015\n|move|p2b: Zamazenta|Body Press|p1b: Iron Hands\n|-damage|p1b: Iron Hands|11/100\n|move|p1a: Lunala|Meteor Beam||[still]\n|-prepare|p1a: Lunala|Meteor Beam\n|-boost|p1a: Lunala|spa|1\n|-enditem|p1a: Lunala|Power Herb\n|-anim|p1a: Lunala|Meteor Beam|p2b: Zamazenta\n|-damage|p2b: Zamazenta|13/100\n|move|p2a: Wo-Chien|Pollen Puff|p2b: Zamazenta\n|-heal|p2b: Zamazenta|62/100\n|move|p1b: Iron Hands|Drain Punch|p2a: Wo-Chien\n|-supereffective|p2a: Wo-Chien\n|-damage|p2a: Wo-Chien|10/100\n|-heal|p1b: Iron Hands|37/100|[from] drain|[of] p2a: Wo-Chien\n|\n|-weather|RainDance|[upkeep]\n|-fieldend|move: Electric Terrain\n|-end|p1b: Iron Hands|Quark Drive\n|upkeep\n|turn|6\n|\n|t:|1771095069\n|move|p2b: Zamazenta|Body Press|p1b: Iron Hands\n|-damage|p1b: Iron Hands|0 fnt\n|faint|p1b: Iron Hands\n|-end|p1b: Iron Hands|Quark Drive|[silent]\n|move|p1a: Lunala|Moongeist Beam|p2b: Zamazenta\n|-damage|p2b: Zamazenta|25/100\n|move|p2a: Wo-Chien|Foul Play|p1a: Lunala\n|-supereffective|p1a: Lunala\n|-damage|p1a: Lunala|54/100\n|\n|-weather|none\n|upkeep\n|\n|t:|1771095073\n|switch|p1b: Miraidon|Miraidon, L50, tera:Fairy|37/100\n|-fieldstart|move: Electric Terrain|[from] ability: Hadron Engine|[of] p1b: Miraidon\n|turn|7\n|\n|t:|1771095104\n|move|p1b: Miraidon|Dazzling Gleam|p2a: Wo-Chien|[spread] p2a,p2b\n|-supereffective|p2a: Wo-Chien\n|-damage|p2a: Wo-Chien|0 fnt\n|-damage|p2b: Zamazenta|0 fnt\n|faint|p2a: Wo-Chien\n|faint|p2b: Zamazenta\n|-damage|p1b: Miraidon|28/100|[from] item: Life Orb\n|move|p1a: Lunala|Moongeist Beam|p2: Wo-Chien|[notarget]\n|-fail|p1a: Lunala\n|\n|upkeep\n|-message|SEITA forfeited.\n|\n|win|morp4234\n|raw|morp4234's rating: 1306 &rarr; <strong>1325</strong><br />(+19 for winning)\n|raw|SEITA's rating: 1294 &rarr; <strong>1270</strong><br />(-24 for losing)\n|l|\u2606SEITA\n|player|p2|\n|l|\u2606morp4234\n|player|p1|\n","uploadtime":1771095305,"views":24,"formatid":"gen9vgc2026regi","rating":1270,"private":0,"password":null}