{"id":"gen9vgc2026regi-2580014231","format":"[Gen 9] VGC 2026 Reg I","players":["SnibSnapSnab","datbishgames"],"log":"|j|\u2606SnibSnapSnab\n|j|\u2606datbishgames\n|t:|1775846546\n|gametype|doubles\n|player|p1|SnibSnapSnab|266|1456\n|player|p2|datbishgames|mira|1557\n|gen|9\n|tier|[Gen 9] VGC 2026 Reg I\n|rated|\n|rule|Species Clause: Limit one of each Pok\u00e9mon\n|rule|Item Clause: Limit 1 of each item\n|clearpoke\n|poke|p1|Calyrex-Ice, L50|\n|poke|p1|Terapagos, L50, M|\n|poke|p1|Incineroar, L50, M|\n|poke|p1|Amoonguss, L50, M|\n|poke|p1|Rillaboom, L50, F|\n|poke|p1|Chi-Yu, L50|\n|poke|p2|Dialga-Origin, L50|\n|poke|p2|Ho-Oh, L50|\n|poke|p2|Rotom-Wash, L50|\n|poke|p2|Amoonguss, L50, M|\n|poke|p2|Ursaluna, L50, M|\n|poke|p2|Zoroark-Hisui, L50, M|\n|teampreview|4\n|inactive|Battle timer is ON: inactive players will automatically lose when time's up. (requested by datbishgames)\n|inactive|SnibSnapSnab has 60 seconds left.\n|inactive|SnibSnapSnab has 30 seconds left.\n|inactive|SnibSnapSnab has 20 seconds left.\n|\n|t:|1775846617\n|teamsize|p1|4\n|teamsize|p2|4\n|start\n|switch|p1a: Chi-Yu|Chi-Yu, L50|100/100\n|switch|p1b: Terapagos|Terapagos, L50, M|100/100\n|switch|p2a: Ho-Oh|Ho-Oh, L50|100/100\n|switch|p2b: Ursaluna|Ursaluna, L50, M|100/100\n|-activate|p1b: Terapagos|ability: Tera Shift\n|detailschange|p1b: Terapagos|Terapagos-Terastal, L50, M\n|-heal|p1b: Terapagos|100/100|[silent]\n|-ability|p1a: Chi-Yu|Beads of Ruin\n|turn|1\n|\n|t:|1775846641\n|move|p2b: Ursaluna|Protect|p2b: Ursaluna\n|-singleturn|p2b: Ursaluna|Protect\n|move|p1a: Chi-Yu|Heat Wave|p2a: Ho-Oh|[spread] p2a\n|-activate|p2b: Ursaluna|move: Protect\n|-resisted|p2a: Ho-Oh\n|-damage|p2a: Ho-Oh|84/100\n|move|p2a: Ho-Oh|Tailwind|p2a: Ho-Oh\n|-sidestart|p2: datbishgames|move: Tailwind\n|move|p1b: Terapagos|Meteor Beam||[still]\n|-prepare|p1b: Terapagos|Meteor Beam\n|-boost|p1b: Terapagos|spa|1\n|-enditem|p1b: Terapagos|Power Herb\n|-anim|p1b: Terapagos|Meteor Beam|p2a: Ho-Oh\n|-supereffective|p2a: Ho-Oh\n|-damage|p2a: Ho-Oh|0 fnt\n|faint|p2a: Ho-Oh\n|\n|-status|p2b: Ursaluna|brn|[from] item: Flame Orb\n|upkeep\n|\n|t:|1775846655\n|switch|p2a: Rotom|Rotom-Wash, L50|100/100\n|turn|2\n|\n|t:|1775846671\n|move|p1b: Terapagos|Protect|p1b: Terapagos\n|-singleturn|p1b: Terapagos|Protect\n|move|p2b: Ursaluna|Earthquake|p1b: Terapagos|[spread] p1a\n|-activate|p1b: Terapagos|move: Protect\n|-immune|p2a: Rotom|[from] ability: Levitate\n|-supereffective|p1a: Chi-Yu\n|-damage|p1a: Chi-Yu|0 fnt\n|faint|p1a: Chi-Yu\n|move|p2a: Rotom|Electroweb|p1b: Terapagos\n|-activate|p1b: Terapagos|move: Protect\n|\n|-damage|p2b: Ursaluna|95/100 brn|[from] brn\n|upkeep\n|\n|t:|1775846683\n|switch|p1a: Rillaboom|Rillaboom, L50, F|100/100\n|-fieldstart|move: Grassy Terrain|[from] ability: Grassy Surge|[of] p1a: Rillaboom\n|turn|3\n|\n|t:|1775846702\n|move|p2b: Ursaluna|Protect|p2b: Ursaluna\n|-singleturn|p2b: Ursaluna|Protect\n|move|p1a: Rillaboom|Grassy Glide|p2b: Ursaluna\n|-activate|p2b: Ursaluna|move: Protect\n|move|p2a: Rotom|Volt Switch|p1b: Terapagos\n|-activate|p1b: Terapagos|ability: Tera Shell\n|-resisted|p1b: Terapagos\n|-damage|p1b: Terapagos|91/100\n|\n|t:|1775846710\n|switch|p2a: Dialga|Dialga-Origin, L50|100/100|[from] Volt Switch\n|move|p1b: Terapagos|Tera Starstorm|p2a: Dialga\n|-resisted|p2a: Dialga\n|-damage|p2a: Dialga|66/100\n|\n|-heal|p2b: Ursaluna|100/100 brn|[from] Grassy Terrain\n|-heal|p2a: Dialga|72/100|[from] Grassy Terrain\n|-heal|p1b: Terapagos|97/100|[from] Grassy Terrain\n|-damage|p2b: Ursaluna|95/100 brn|[from] brn\n|upkeep\n|turn|4\n|\n|t:|1775846725\n|-terastallize|p2b: Ursaluna|Ghost\n|move|p1b: Terapagos|Protect|p1b: Terapagos\n|-singleturn|p1b: Terapagos|Protect\n|move|p1a: Rillaboom|Grassy Glide|p2b: Ursaluna\n|-damage|p2b: Ursaluna|62/100 brn\n|move|p2b: Ursaluna|Facade|p1b: Terapagos\n|-activate|p1b: Terapagos|move: Protect\n|move|p2a: Dialga|Trick Room|p2a: Dialga\n|-fieldstart|move: Trick Room|[of] p2a: Dialga\n|\n|-heal|p1b: Terapagos|100/100|[from] Grassy Terrain\n|-heal|p2a: Dialga|78/100|[from] Grassy Terrain\n|-heal|p2b: Ursaluna|68/100 brn|[from] Grassy Terrain\n|-damage|p2b: Ursaluna|62/100 brn|[from] brn\n|-sideend|p2: datbishgames|move: Tailwind\n|upkeep\n|turn|5\n|\n|t:|1775846748\n|switch|p1a: Incineroar|Incineroar, L50, M|100/100\n|-ability|p1a: Incineroar|Intimidate|boost\n|-unboost|p2a: Dialga|atk|1\n|-unboost|p2b: Ursaluna|atk|1\n|-terastallize|p1b: Terapagos|Stellar\n|detailschange|p1b: Terapagos|Terapagos-Stellar, L50, M, tera:Stellar\n|-heal|p1b: Terapagos|100/100|[silent]\n|-ability|p1b: Terapagos|Teraform Zero\n|-fieldend|move: Grassy Terrain\n|move|p2a: Dialga|Flash Cannon|p1b: Terapagos\n|-damage|p1b: Terapagos|65/100\n|move|p1b: Terapagos|Tera Starstorm|p2b: Ursaluna|[spread] p2a,p2b\n|-supereffective|p2b: Ursaluna\n|-damage|p2a: Dialga|35/100\n|-damage|p2b: Ursaluna|0 fnt\n|faint|p2b: Ursaluna\n|\n|upkeep\n|\n|t:|1775846762\n|switch|p2b: Rotom|Rotom-Wash, L50|100/100\n|turn|6\n|\n|t:|1775846770\n|move|p2a: Dialga|Protect|p2a: Dialga\n|-singleturn|p2a: Dialga|Protect\n|move|p1a: Incineroar|Fake Out|p2a: Dialga\n|-activate|p2a: Dialga|move: Protect\n|move|p1b: Terapagos|Tera Starstorm|p2b: Rotom|[spread] p2b\n|-activate|p2a: Dialga|move: Protect\n|-damage|p2b: Rotom|54/100\n|move|p2b: Rotom|Hydro Pump|p1a: Incineroar\n|-supereffective|p1a: Incineroar\n|-damage|p1a: Incineroar|49/100\n|\n|upkeep\n|turn|7\n|\n|t:|1775846790\n|switch|p1a: Rillaboom|Rillaboom, L50, F|100/100\n|-fieldstart|move: Grassy Terrain|[from] ability: Grassy Surge|[of] p1a: Rillaboom\n|move|p2a: Dialga|Draco Meteor|p1b: Terapagos\n|-damage|p1b: Terapagos|0 fnt\n|-unboost|p2a: Dialga|spa|2\n|faint|p1b: Terapagos\n|detailschange|p1: Terapagos|Terapagos, L50, M|[silent]\n|move|p2b: Rotom|Hydro Pump|p1a: Rillaboom\n|-resisted|p1a: Rillaboom\n|-damage|p1a: Rillaboom|82/100\n|\n|-heal|p2a: Dialga|41/100|[from] Grassy Terrain\n|-heal|p1a: Rillaboom|88/100|[from] Grassy Terrain\n|upkeep\n|\n|t:|1775846801\n|switch|p1b: Incineroar|Incineroar, L50, M|49/100\n|-ability|p1b: Incineroar|Intimidate|boost\n|-unboost|p2a: Dialga|atk|1\n|-unboost|p2b: Rotom|atk|1\n|turn|8\n|\n|t:|1775846814\n|move|p1b: Incineroar|Fake Out|p2a: Dialga\n|-resisted|p2a: Dialga\n|-damage|p2a: Dialga|37/100\n|move|p1a: Rillaboom|Grassy Glide|p2b: Rotom\n|-supereffective|p2b: Rotom\n|-damage|p2b: Rotom|0 fnt\n|faint|p2b: Rotom\n|cant|p2a: Dialga|flinch\n|\n|-heal|p1b: Incineroar|55/100|[from] Grassy Terrain\n|-heal|p2a: Dialga|43/100|[from] Grassy Terrain\n|-heal|p1a: Rillaboom|94/100|[from] Grassy Terrain\n|-fieldend|move: Trick Room\n|upkeep\n|turn|9\n|\n|t:|1775846827\n|move|p1a: Rillaboom|Wood Hammer|p2a: Dialga\n|-resisted|p2a: Dialga\n|-crit|p2a: Dialga\n|-damage|p2a: Dialga|15/100\n|-damage|p1a: Rillaboom|85/100|[from] Recoil\n|move|p2a: Dialga|Draco Meteor|p1b: Incineroar\n|-damage|p1b: Incineroar|23/100\n|-unboost|p2a: Dialga|spa|2\n|move|p1b: Incineroar|Knock Off|p2a: Dialga\n|-damage|p2a: Dialga|0 fnt\n|faint|p2a: Dialga\n|\n|win|SnibSnapSnab\n|raw|SnibSnapSnab's rating: 1456 &rarr; <strong>1482</strong><br />(+26 for winning)\n|raw|datbishgames's rating: 1557 &rarr; <strong>1531</strong><br />(-26 for losing)\n|l|\u2606datbishgames\n|player|p2|\n|l|\u2606SnibSnapSnab\n|player|p1|\n","uploadtime":1775846843,"views":21,"formatid":"gen9vgc2026regi","rating":1482,"private":0,"password":null}