{"id":"gen9vgc2026regi-2586964290","format":"[Gen 9] VGC 2026 Reg I","players":["clessvgc","dodatid2"],"log":"|j|\u2606clessvgc\n|j|\u2606dodatid2\n|t:|1776476231\n|gametype|doubles\n|player|p1|clessvgc|proton|1327\n|player|p2|dodatid2|hiker-gen4|1422\n|gen|9\n|tier|[Gen 9] VGC 2026 Reg I\n|rated|\n|rule|Species Clause: Limit one of each Pok\u00e9mon\n|rule|Item Clause: Limit 1 of each item\n|clearpoke\n|poke|p1|Grimmsnarl, L50, M|\n|poke|p1|Landorus-Therian, L50, M|\n|poke|p1|Weezing-Galar, L50, F|\n|poke|p1|Calyrex-Shadow, L50|\n|poke|p1|Rayquaza, L50|\n|poke|p1|Typhlosion-Hisui, L50, F|\n|poke|p2|Hariyama, L50, F|\n|poke|p2|Calyrex-Ice, L50|\n|poke|p2|Amoonguss, L50, M|\n|poke|p2|Kyogre, L50|\n|poke|p2|Urshifu-*, L50, F|\n|poke|p2|Roaring Moon, L50|\n|teampreview|4\n|inactive|Battle timer is ON: inactive players will automatically lose when time's up. (requested by clessvgc)\n|j| VGCbabyrex\n|inactive|dodatid2 has 60 seconds left.\n|\n|t:|1776476266\n|teamsize|p1|4\n|teamsize|p2|4\n|start\n|switch|p1a: Weezing|Weezing-Galar, L50, F|100/100\n|switch|p1b: Calyrex|Calyrex-Shadow, L50|100/100\n|switch|p2a: Hariyama|Hariyama, L50, F|100/100\n|switch|p2b: Calyrex|Calyrex-Ice, L50|100/100\n|-ability|p1a: Weezing|Neutralizing Gas\n|-ability|p1b: Calyrex|As One\n|-ability|p1b: Calyrex|Unnerve\n|-ability|p2b: Calyrex|As One\n|-ability|p2b: Calyrex|Unnerve\n|turn|1\n|\n|t:|1776476291\n|move|p2b: Calyrex|Protect|p2b: Calyrex\n|-singleturn|p2b: Calyrex|Protect\n|move|p1b: Calyrex|Astral Barrage|p2a: Hariyama|[spread] p2a\n|-activate|p2b: Calyrex|move: Protect\n|-damage|p2a: Hariyama|42/100\n|move|p1a: Weezing|Taunt|p2b: Calyrex\n|-activate|p2b: Calyrex|move: Protect\n|move|p2a: Hariyama|Coaching|p2b: Calyrex\n|-boost|p2b: Calyrex|atk|1\n|-boost|p2b: Calyrex|def|1\n|\n|-status|p2a: Hariyama|brn|[from] item: Flame Orb\n|upkeep\n|turn|2\n|\n|t:|1776476310\n|move|p1a: Weezing|Protect|p1a: Weezing\n|-singleturn|p1a: Weezing|Protect\n|move|p2a: Hariyama|Wide Guard|p2a: Hariyama\n|-singleturn|p2a: Hariyama|Wide Guard\n|move|p1b: Calyrex|Encore|p2b: Calyrex\n|-start|p2b: Calyrex|Encore\n|move|p2b: Calyrex|Protect||[still]\n|-fail|p2b: Calyrex\n|\n|-damage|p2a: Hariyama|36/100 brn|[from] brn\n|upkeep\n|turn|3\n|inactive|dodatid2 has 30 seconds left.\n|inactive|dodatid2 has 20 seconds left.\n|\n|t:|1776476346\n|switch|p2b: Amoonguss|Amoonguss, L50, M|100/100\n|move|p2a: Hariyama|Wide Guard|p2a: Hariyama\n|-singleturn|p2a: Hariyama|Wide Guard\n|move|p1b: Calyrex|Psychic|p2a: Hariyama\n|-supereffective|p2a: Hariyama\n|-damage|p2a: Hariyama|0 fnt\n|faint|p2a: Hariyama\n|-ability|p1b: Calyrex|Grim Neigh|boost\n|-boost|p1b: Calyrex|spa|1\n|move|p1a: Weezing|Sludge Bomb|p2b: Amoonguss\n|-damage|p2b: Amoonguss|75/100\n|\n|upkeep\n|\n|t:|1776476367\n|switch|p2a: Kyogre|Kyogre, L50|100/100\n|turn|4\n|\n|t:|1776476389\n|-terastallize|p1a: Weezing|Grass\n|move|p2a: Kyogre|Water Spout|p1a: Weezing|[spread] p1a,p1b\n|-resisted|p1a: Weezing\n|-damage|p1a: Weezing|67/100\n|-damage|p1b: Calyrex|34/100\n|move|p1b: Calyrex|Astral Barrage|p2b: Amoonguss|[spread] p2a,p2b\n|-damage|p2a: Kyogre|40/100\n|-damage|p2b: Amoonguss|0 fnt\n|faint|p2b: Amoonguss\n|-ability|p1b: Calyrex|Grim Neigh|boost\n|-boost|p1b: Calyrex|spa|1\n|move|p1a: Weezing|Taunt|p2a: Kyogre\n|-start|p2a: Kyogre|move: Taunt\n|\n|upkeep\n|\n|t:|1776476399\n|switch|p2b: Calyrex|Calyrex-Ice, L50|100/100\n|-ability|p2b: Calyrex|As One\n|-ability|p2b: Calyrex|Unnerve\n|turn|5\n|\n|t:|1776476411\n|-terastallize|p2b: Calyrex|Fire\n|move|p2a: Kyogre|Water Spout|p1b: Calyrex|[spread] p1a,p1b\n|-resisted|p1a: Weezing\n|-damage|p1a: Weezing|56/100\n|-damage|p1b: Calyrex|8/100\n|move|p1b: Calyrex|Astral Barrage|p2b: Calyrex|[spread] p2a,p2b\n|-damage|p2a: Kyogre|0 fnt\n|-damage|p2b: Calyrex|22/100\n|faint|p2a: Kyogre\n|-ability|p1b: Calyrex|Grim Neigh|boost\n|-boost|p1b: Calyrex|spa|1\n|move|p1a: Weezing|Taunt|p2b: Calyrex\n|-start|p2b: Calyrex|move: Taunt\n|cant|p2b: Calyrex|move: Taunt|Trick Room\n|\n|upkeep\n|turn|6\n|j| ChilledLotusA\n|-message|dodatid2 forfeited.\n|\n|win|clessvgc\n|raw|clessvgc's rating: 1327 &rarr; <strong>1352</strong><br />(+25 for winning)\n|raw|dodatid2's rating: 1422 &rarr; <strong>1397</strong><br />(-25 for losing)\n|l|\u2606dodatid2\n|player|p2|\n|l| ChilledLotusA\n","uploadtime":1776476606,"views":12,"formatid":"gen9vgc2026regi","rating":1352,"private":0,"password":null}