{"id":"gen9vgc2026regi-2587919423","format":"[Gen 9] VGC 2026 Reg I","players":["SnrubYesthatlldo","unzksakdk"],"log":"|j|\u2606SnrubYesthatlldo\n|j|\u2606unzksakdk\n|t:|1776579073\n|gametype|doubles\n|player|p1|SnrubYesthatlldo|102|1241\n|player|p2|unzksakdk|2|1341\n|gen|9\n|tier|[Gen 9] VGC 2026 Reg I\n|rated|\n|rule|Species Clause: Limit one of each Pok\u00e9mon\n|rule|Item Clause: Limit 1 of each item\n|clearpoke\n|poke|p1|Miraidon, L50|\n|poke|p1|Calyrex-Ice, L50|\n|poke|p1|Iron Hands, L50|\n|poke|p1|Farigiraf, L50, M|\n|poke|p1|Chi-Yu, L50|\n|poke|p1|Iron Bundle, L50|\n|poke|p2|Groudon, L50|\n|poke|p2|Urshifu-*, L50, F|\n|poke|p2|Miraidon, L50|\n|poke|p2|Farigiraf, L50, F|\n|poke|p2|Incineroar, L50, M|\n|poke|p2|Grimmsnarl, L50, M|\n|teampreview|4\nSnrubYesthatlldo has agreed to open team sheets.\n|\n|t:|1776579118\n|teamsize|p1|4\n|teamsize|p2|4\n|start\n|switch|p1a: Miraidon|Miraidon, L50|100/100\n|switch|p1b: Iron Bundle|Iron Bundle, L50|100/100\n|switch|p2a: Grimmsnarl|Grimmsnarl, L50, M|100/100\n|switch|p2b: Incineroar|Incineroar, L50, M|100/100\n|-fieldstart|move: Electric Terrain|[from] ability: Hadron Engine|[of] p1a: Miraidon\n|-activate|p1b: Iron Bundle|ability: Quark Drive\n|-start|p1b: Iron Bundle|quarkdrivespe\n|-ability|p2b: Incineroar|Intimidate|boost\n|-unboost|p1a: Miraidon|atk|1\n|-unboost|p1b: Iron Bundle|atk|1\n|turn|1\n|\n|t:|1776579174\n|-end|p1b: Iron Bundle|Quark Drive|[silent]\n|switch|p1b: Farigiraf|Farigiraf, L50, M|100/100\n|-enditem|p1b: Farigiraf|Electric Seed\n|-boost|p1b: Farigiraf|def|1|[from] item: Electric Seed\n|-terastallize|p1a: Miraidon|Electric\n|move|p2a: Grimmsnarl|Light Screen|p2a: Grimmsnarl\n|-sidestart|p2: unzksakdk|move: Light Screen\n|move|p1a: Miraidon|Electro Drift|p2b: Incineroar\n|-damage|p2b: Incineroar|0 fnt\n|faint|p2b: Incineroar\n|-damage|p1a: Miraidon|91/100|[from] item: Life Orb\n|\n|upkeep\n|\n|t:|1776579186\n|switch|p2b: Groudon|Groudon, L50|100/100\n|-weather|SunnyDay|[from] ability: Drought|[of] p2b: Groudon\n|turn|2\n|\n|t:|1776579199\n|move|p1a: Miraidon|Volt Switch|p2a: Grimmsnarl\n|-damage|p2a: Grimmsnarl|46/100\n|-damage|p1a: Miraidon|81/100|[from] item: Life Orb\n|\n|t:|1776579203\n|switch|p1a: Calyrex|Calyrex-Ice, L50|100/100|[from] Volt Switch\n|-ability|p1a: Calyrex|As One\n|-ability|p1a: Calyrex|Unnerve\n|move|p2b: Groudon|Precipice Blades|p1a: Calyrex|[spread] p1a,p1b\n|-damage|p1a: Calyrex|65/100\n|-damage|p1b: Farigiraf|72/100\n|move|p2a: Grimmsnarl|Spirit Break|p1a: Calyrex\n|-damage|p1a: Calyrex|46/100\n|-unboost|p1a: Calyrex|spa|1\n|move|p1b: Farigiraf|Trick Room|p1b: Farigiraf\n|-fieldstart|move: Trick Room|[of] p1b: Farigiraf\n|\n|-weather|SunnyDay|[upkeep]\n|-heal|p1a: Calyrex|52/100|[from] item: Leftovers\n|upkeep\n|turn|3\n|\n|t:|1776579240\n|-terastallize|p2b: Groudon|Fire\n|move|p2a: Grimmsnarl|Reflect|p2a: Grimmsnarl\n|-sidestart|p2: unzksakdk|Reflect\n|move|p1a: Calyrex|Leech Seed|p2b: Groudon\n|-start|p2b: Groudon|move: Leech Seed\n|move|p1b: Farigiraf|Foul Play|p2b: Groudon\n|-damage|p2b: Groudon|81/100\n|move|p2b: Groudon|Precipice Blades|p1b: Farigiraf|[spread] p1a,p1b\n|-damage|p1a: Calyrex|17/100\n|-damage|p1b: Farigiraf|41/100\n|\n|-weather|SunnyDay|[upkeep]\n|-heal|p1a: Calyrex|23/100|[from] item: Leftovers\n|-damage|p2b: Groudon|69/100|[from] Leech Seed|[of] p1a: Calyrex\n|-heal|p1a: Calyrex|35/100|[silent]\n|upkeep\n|turn|4\n|\n|t:|1776579261\n|move|p1a: Calyrex|Protect|p1a: Calyrex\n|-singleturn|p1a: Calyrex|Protect\n|move|p1b: Farigiraf|Psychic|p2b: Groudon\n|-damage|p2b: Groudon|49/100\n|move|p2a: Grimmsnarl|Spirit Break|p1a: Calyrex\n|-activate|p1a: Calyrex|move: Protect\n|move|p2b: Groudon|Precipice Blades|p1b: Farigiraf|[spread] p1b\n|-activate|p1a: Calyrex|move: Protect\n|-damage|p1b: Farigiraf|10/100\n|\n|-weather|SunnyDay|[upkeep]\n|-heal|p1a: Calyrex|41/100|[from] item: Leftovers\n|-damage|p2b: Groudon|37/100|[from] Leech Seed|[of] p1a: Calyrex\n|-heal|p1a: Calyrex|53/100|[silent]\n|upkeep\n|turn|5\n|\n|t:|1776579277\n|move|p1a: Calyrex|Glacial Lance|p2a: Grimmsnarl|[spread] p2a,p2b\n|-resisted|p2b: Groudon\n|-damage|p2a: Grimmsnarl|0 fnt\n|-damage|p2b: Groudon|26/100\n|faint|p2a: Grimmsnarl\n|-ability|p1a: Calyrex|Chilling Neigh|boost\n|-boost|p1a: Calyrex|atk|1\n|move|p1b: Farigiraf|Psychic|p2b: Groudon\n|-damage|p2b: Groudon|5/100\n|move|p2b: Groudon|Precipice Blades|p1a: Calyrex|[spread] p1a,p1b\n|-damage|p1a: Calyrex|20/100\n|-damage|p1b: Farigiraf|0 fnt\n|faint|p1b: Farigiraf\n|\n|-weather|SunnyDay|[upkeep]\n|-heal|p1a: Calyrex|26/100|[from] item: Leftovers\n|-damage|p2b: Groudon|0 fnt|[from] Leech Seed|[of] p1a: Calyrex\n|-heal|p1a: Calyrex|30/100|[silent]\n|faint|p2b: Groudon\n|-fieldend|move: Electric Terrain\n|upkeep\n|\n|t:|1776579300\n|switch|p1b: Iron Bundle|Iron Bundle, L50|100/100\n|switch|p2b: Miraidon|Miraidon, L50|100/100\n|-fieldstart|move: Electric Terrain|[from] ability: Hadron Engine|[of] p2b: Miraidon\n|-activate|p1b: Iron Bundle|ability: Quark Drive\n|-start|p1b: Iron Bundle|quarkdrivespe\n|turn|6\n|\n|t:|1776579311\n|move|p1b: Iron Bundle|Protect|p1b: Iron Bundle\n|-singleturn|p1b: Iron Bundle|Protect\n|move|p1a: Calyrex|Glacial Lance|p2b: Miraidon\n|-supereffective|p2b: Miraidon\n|-crit|p2b: Miraidon\n|-damage|p2b: Miraidon|0 fnt\n|faint|p2b: Miraidon\n|\n|win|SnrubYesthatlldo\n|raw|SnrubYesthatlldo's rating: 1241 &rarr; <strong>1273</strong><br />(+32 for winning)\n|raw|unzksakdk's rating: 1341 &rarr; <strong>1315</strong><br />(-26 for losing)\n|l|\u2606SnrubYesthatlldo\n|player|p1|\n","uploadtime":1776579449,"views":9,"formatid":"gen9vgc2026regi","rating":1273,"private":0,"password":null}