{"id":"gen9vgc2026regi-2547126765","format":"[Gen 9] VGC 2026 Reg I","players":["Tepig_nNz_498","pzyxhic"],"log":"|j|\u2606Tepig_nNz_498\n|j|\u2606pzyxhic\n|t:|1772049069\n|gametype|doubles\n|player|p1|Tepig_nNz_498|101|1368\n|player|p2|pzyxhic|266|1380\n|gen|9\n|tier|[Gen 9] VGC 2026 Reg I\n|rated|\n|rule|Species Clause: Limit one of each Pok\u00e9mon\n|rule|Item Clause: Limit 1 of each item\n|clearpoke\n|poke|p1|Calyrex-Ice, L50|\n|poke|p1|Incineroar, L50, M|\n|poke|p1|Slowking, L50, M|\n|poke|p1|Kyurem-White, L50|\n|poke|p1|Ninetales-Alola, L50, M|\n|poke|p1|Cetitan, L50, M|\n|poke|p2|Calyrex-Shadow, L50|\n|poke|p2|Chi-Yu, L50|\n|poke|p2|Whimsicott, L50, F|\n|poke|p2|Urshifu-*, L50, F|\n|poke|p2|Farigiraf, L50, F|\n|poke|p2|Kyurem-White, L50|\n|teampreview|4\n|\n|t:|1772049111\n|teamsize|p1|4\n|teamsize|p2|4\n|start\n|switch|p1a: Incineroar|Incineroar, L50, M|100/100\n|switch|p1b: Slowking|Slowking, L50, M|100/100\n|switch|p2a: Calyrex|Calyrex-Shadow, L50|100/100\n|switch|p2b: Kyurem|Kyurem-White, L50|100/100\n|-ability|p2a: Calyrex|As One\n|-ability|p2a: Calyrex|Unnerve\n|-ability|p2b: Kyurem|Turboblaze\n|-ability|p1a: Incineroar|Intimidate|boost\n|-unboost|p2a: Calyrex|atk|1\n|-unboost|p2b: Kyurem|atk|1\n|turn|1\n|\n|t:|1772049130\n|switch|p2a: Farigiraf|Farigiraf, L50, F|100/100\n|-terastallize|p1b: Slowking|Ground\n|move|p1a: Incineroar|Fake Out||[still]\n|cant|p2a: Farigiraf|ability: Armor Tail|Fake Out|[of] p1a: Incineroar\n|move|p2b: Kyurem|Freeze-Dry|p1b: Slowking\n|-supereffective|p1b: Slowking\n|-damage|p1b: Slowking|0 fnt\n|faint|p1b: Slowking\n|-damage|p2b: Kyurem|91/100|[from] item: Life Orb\n|\n|upkeep\n|\n|t:|1772049141\n|switch|p1b: Calyrex|Calyrex-Ice, L50|100/100\n|-ability|p1b: Calyrex|As One\n|-ability|p1b: Calyrex|Unnerve\n|turn|2\n|\n|t:|1772049152\n|move|p2a: Farigiraf|Helping Hand|p2b: Kyurem\n|-singleturn|p2b: Kyurem|Helping Hand|[of] p2a: Farigiraf\n|move|p2b: Kyurem|Fusion Flare|p1b: Calyrex\n|-supereffective|p1b: Calyrex\n|-damage|p1b: Calyrex|0 fnt\n|faint|p1b: Calyrex\n|-damage|p2b: Kyurem|81/100|[from] item: Life Orb\n|move|p1a: Incineroar|Knock Off|p2a: Farigiraf\n|-supereffective|p2a: Farigiraf\n|-damage|p2a: Farigiraf|38/100\n|-enditem|p2a: Farigiraf|Safety Goggles|[from] move: Knock Off|[of] p1a: Incineroar\n|\n|upkeep\n|\n|t:|1772049165\n|switch|p1b: Kyurem|Kyurem-White, L50|100/100\n|-ability|p1b: Kyurem|Turboblaze\n|turn|3\n|\n|t:|1772049180\n|-terastallize|p2b: Kyurem|Fire\n|move|p2a: Farigiraf|Helping Hand|p2b: Kyurem\n|-singleturn|p2b: Kyurem|Helping Hand|[of] p2a: Farigiraf\n|move|p2b: Kyurem|Earth Power|p1a: Incineroar\n|-supereffective|p1a: Incineroar\n|-damage|p1a: Incineroar|0 fnt\n|faint|p1a: Incineroar\n|-damage|p2b: Kyurem|71/100|[from] item: Life Orb\n|move|p1b: Kyurem|Dragon Pulse|p2b: Kyurem\n|-damage|p2b: Kyurem|17/100\n|\n|upkeep\n|turn|4\n|\n|t:|1772049199\n|move|p2a: Farigiraf|Helping Hand|p2b: Kyurem\n|-singleturn|p2b: Kyurem|Helping Hand|[of] p2a: Farigiraf\n|move|p2b: Kyurem|Fusion Flare|p1b: Kyurem\n|-damage|p1b: Kyurem|38/100\n|-damage|p2b: Kyurem|7/100|[from] item: Life Orb\n|move|p1b: Kyurem|Blizzard|p2b: Kyurem|[spread] p2a,p2b\n|-resisted|p2b: Kyurem\n|-damage|p2a: Farigiraf|0 fnt\n|-damage|p2b: Kyurem|0 fnt\n|faint|p2a: Farigiraf\n|faint|p2b: Kyurem\n|\n|upkeep\n|\n|t:|1772049212\n|switch|p2b: Chi-Yu|Chi-Yu, L50|100/100\n|switch|p2a: Calyrex|Calyrex-Shadow, L50|100/100\n|-ability|p2a: Calyrex|As One\n|-ability|p2a: Calyrex|Unnerve\n|-ability|p2b: Chi-Yu|Beads of Ruin\n|turn|5\n|\n|t:|1772049250\n|move|p2a: Calyrex|Astral Barrage|p1b: Kyurem\n|-damage|p1b: Kyurem|0 fnt\n|faint|p1b: Kyurem\n|\n|win|pzyxhic\n|raw|Tepig_nNz_498's rating: 1368 &rarr; <strong>1349</strong><br />(-19 for losing)\n|raw|pzyxhic's rating: 1380 &rarr; <strong>1399</strong><br />(+19 for winning)\n|l|\u2606Tepig_nNz_498\n|player|p1|\n|l|\u2606pzyxhic\n|player|p2|\n","uploadtime":1772049442,"views":15,"formatid":"gen9vgc2026regi","rating":1349,"private":0,"password":null}