{"id":"gen9vgc2026regi-2550715826","format":"[Gen 9] VGC 2026 Reg I","players":["EllenJoe2026","wibe guarb"],"log":"|j|\u2606EllenJoe2026\n|j|\u2606wibe guarb\n|t:|1772521884\n|gametype|doubles\n|player|p1|EllenJoe2026|iono|1357\n|player|p2|wibe guarb|ninjaboy|1317\n|gen|9\n|tier|[Gen 9] VGC 2026 Reg I\n|rated|\n|rule|Species Clause: Limit one of each Pok\u00e9mon\n|rule|Item Clause: Limit 1 of each item\n|clearpoke\n|poke|p1|Calyrex-Shadow, L50|\n|poke|p1|Zamazenta-*, L50|\n|poke|p1|Incineroar, L50, F|\n|poke|p1|Rillaboom, L50, F|\n|poke|p1|Ogerpon-Cornerstone, L50, F|\n|poke|p1|Tornadus, L50, M|\n|poke|p2|Basculegion, L50, M|\n|poke|p2|Kyogre, L50|\n|poke|p2|Weezing-Galar, L50, M|\n|poke|p2|Dialga-Origin, L50|\n|poke|p2|Wo-Chien, L50|\n|poke|p2|Indeedee-F, L50, F|\n|teampreview|4\n|inactive|Battle timer is ON: inactive players will automatically lose when time's up. (requested by EllenJoe2026)\n|inactive|EllenJoe2026 has 60 seconds left.\n|inactive|EllenJoe2026 has 30 seconds left.\n|\n|t:|1772521952\n|teamsize|p1|4\n|teamsize|p2|4\n|start\n|switch|p1a: Zamazenta|Zamazenta-Crowned, L50, shiny|100/100\n|switch|p1b: Incineroar|Incineroar, L50, F, shiny|100/100\n|switch|p2a: Dialga|Dialga-Origin, L50|100/100\n|switch|p2b: Indeedee|Indeedee-F, L50, F|100/100\n|-ability|p1a: Zamazenta|Dauntless Shield|boost\n|-boost|p1a: Zamazenta|def|1\n|-ability|p2a: Dialga|Pressure\n|-ability|p1b: Incineroar|Intimidate|boost\n|-unboost|p2a: Dialga|atk|1\n|-unboost|p2b: Indeedee|atk|1\n|-fieldstart|move: Psychic Terrain|[from] ability: Psychic Surge|[of] p2b: Indeedee\n|turn|1\n|\n|t:|1772521971\n|switch|p2a: Basculegion|Basculegion, L50, M|100/100\n|move|p1a: Zamazenta|Protect|p1a: Zamazenta\n|-singleturn|p1a: Zamazenta|Protect\n|move|p1b: Incineroar|Taunt|p2a: Basculegion\n|-start|p2a: Basculegion|move: Taunt\n|move|p2b: Indeedee|Trick Room|p2b: Indeedee\n|-fieldstart|move: Trick Room|[of] p2b: Indeedee\n|\n|upkeep\n|turn|2\n|inactive|EllenJoe2026 has 30 seconds left.\n|\n|t:|1772521997\n|move|p2b: Indeedee|Follow Me|p2b: Indeedee\n|-singleturn|p2b: Indeedee|move: Follow Me\n|move|p1b: Incineroar|Parting Shot|p2b: Indeedee\n|-unboost|p2b: Indeedee|atk|1\n|-unboost|p2b: Indeedee|spa|1\n|\n|t:|1772522009\n|switch|p1b: Rillaboom|Rillaboom, L50, F, shiny|100/100|[from] Parting Shot\n|-fieldstart|move: Grassy Terrain|[from] ability: Grassy Surge|[of] p1b: Rillaboom\n|move|p2a: Basculegion|Wave Crash|p1b: Rillaboom\n|-resisted|p1b: Rillaboom\n|-damage|p1b: Rillaboom|56/100\n|-damage|p2a: Basculegion|85/100|[from] Recoil\n|move|p1a: Zamazenta|Body Press|p2b: Indeedee\n|-damage|p2b: Indeedee|0 fnt\n|faint|p2b: Indeedee\n|\n|-heal|p1b: Rillaboom|62/100|[from] Grassy Terrain\n|-heal|p2a: Basculegion|91/100|[from] Grassy Terrain\n|upkeep\n|\n|t:|1772522015\n|switch|p2b: Weezing|Weezing-Galar, L50, M|100/100\n|-ability|p2b: Weezing|Neutralizing Gas\n|turn|3\n|inactive|EllenJoe2026 has 30 seconds left.\n|\n|t:|1772522044\n|switch|p2a: Dialga|Dialga-Origin, L50|100/100\n|move|p1b: Rillaboom|Fake Out|p2b: Weezing\n|-damage|p2b: Weezing|89/100\n|move|p2b: Weezing|Will-O-Wisp|p1a: Zamazenta\n|-status|p1a: Zamazenta|brn\n|move|p1a: Zamazenta|Heavy Slam|p2b: Weezing\n|-supereffective|p2b: Weezing\n|-damage|p2b: Weezing|45/100\n|\n|-heal|p2b: Weezing|51/100|[from] Grassy Terrain\n|-heal|p1b: Rillaboom|68/100|[from] Grassy Terrain\n|-damage|p1a: Zamazenta|94/100 brn|[from] brn\n|upkeep\n|turn|4\n|\n|t:|1772522066\n|switch|p1b: Incineroar|Incineroar, L50, F, shiny|100/100\n|-terastallize|p2a: Dialga|Bug\n|move|p2b: Weezing|Will-O-Wisp|p1b: Incineroar|[miss]\n|-miss|p2b: Weezing|p1b: Incineroar\n|move|p2a: Dialga|Dragon Pulse|p1a: Zamazenta\n|-resisted|p1a: Zamazenta\n|-damage|p1a: Zamazenta|71/100 brn\n|move|p1a: Zamazenta|Heavy Slam|p2b: Weezing\n|-supereffective|p2b: Weezing\n|-damage|p2b: Weezing|6/100\n|\n|-heal|p2b: Weezing|12/100|[from] Grassy Terrain\n|-heal|p1a: Zamazenta|77/100 brn|[from] Grassy Terrain\n|-damage|p1a: Zamazenta|71/100 brn|[from] brn\n|upkeep\n|turn|5\n|\n|t:|1772522084\n|-end|p2b: Weezing|ability: Neutralizing Gas\n|-ability|p1b: Incineroar|Intimidate|boost\n|-unboost|p2a: Dialga|atk|1\n|-unboost|p2b: Weezing|atk|1\n|-ability|p2a: Dialga|Pressure\n|switch|p2b: Basculegion|Basculegion, L50, M|91/100\n|move|p1b: Incineroar|Parting Shot|p2a: Dialga\n|-unboost|p2a: Dialga|atk|1\n|-unboost|p2a: Dialga|spa|1\n|\n|t:|1772522094\n|switch|p1b: Rillaboom|Rillaboom, L50, F, shiny|68/100|[from] Parting Shot\n|move|p2a: Dialga|Dragon Pulse|p1a: Zamazenta\n|-resisted|p1a: Zamazenta\n|-damage|p1a: Zamazenta|56/100 brn\n|move|p1a: Zamazenta|Heavy Slam|p2b: Basculegion\n|-resisted|p2b: Basculegion\n|-damage|p2b: Basculegion|77/100\n|\n|-heal|p1b: Rillaboom|74/100|[from] Grassy Terrain\n|-heal|p2b: Basculegion|84/100|[from] Grassy Terrain\n|-heal|p1a: Zamazenta|62/100 brn|[from] Grassy Terrain\n|-damage|p1a: Zamazenta|56/100 brn|[from] brn\n|-fieldend|move: Trick Room\n|upkeep\n|turn|6\n|\n|t:|1772522110\n|switch|p2a: Weezing|Weezing-Galar, L50, M|12/100\n|-ability|p2a: Weezing|Neutralizing Gas\n|move|p1b: Rillaboom|Grassy Glide|p2b: Basculegion\n|-supereffective|p2b: Basculegion\n|-damage|p2b: Basculegion|0 fnt\n|faint|p2b: Basculegion\n|move|p1a: Zamazenta|Body Press|p2a: Weezing\n|-resisted|p2a: Weezing\n|-damage|p2a: Weezing|4/100\n|\n|-heal|p1a: Zamazenta|62/100 brn|[from] Grassy Terrain\n|-heal|p1b: Rillaboom|80/100|[from] Grassy Terrain\n|-heal|p2a: Weezing|10/100|[from] Grassy Terrain\n|-damage|p1a: Zamazenta|56/100 brn|[from] brn\n|-fieldend|move: Grassy Terrain\n|upkeep\n|-message|wibe guarb forfeited.\n|\n|win|EllenJoe2026\n|raw|EllenJoe2026's rating: 1357 &rarr; <strong>1375</strong><br />(+18 for winning)\n|raw|wibe guarb's rating: 1317 &rarr; <strong>1299</strong><br />(-18 for losing)\n|l|\u2606wibe guarb\n|player|p2|\n|l|\u2606EllenJoe2026\n|player|p1|\n","uploadtime":1772522335,"views":15,"formatid":"gen9vgc2026regi","rating":1299,"private":0,"password":null}