{"id":"gen9vgc2026regi-2557308647","format":"[Gen 9] VGC 2026 Reg I","players":["drive stone","Ice124567890"],"log":"|j|\u2606drive stone\n|j|\u2606Ice124567890\n|t:|1773311687\n|gametype|doubles\n|player|p1|drive stone|cilan|1366\n|player|p2|Ice124567890|170|1464\n|gen|9\n|tier|[Gen 9] VGC 2026 Reg I\n|rated|\n|rule|Species Clause: Limit one of each Pok\u00e9mon\n|rule|Item Clause: Limit 1 of each item\n|clearpoke\n|poke|p1|Calyrex-Ice, L50|\n|poke|p1|Ho-Oh, L50|\n|poke|p1|Overqwil, L50, M|\n|poke|p1|Rillaboom, L50, F|\n|poke|p1|Ting-Lu, L50|\n|poke|p1|Ogerpon-Wellspring, L50, F|\n|poke|p2|Zacian-*, L50|\n|poke|p2|Calyrex-Shadow, L50|\n|poke|p2|Tornadus, L50, M|\n|poke|p2|Landorus, L50, M|\n|poke|p2|Urshifu-*, L50, F|\n|poke|p2|Incineroar, L50, F|\n|teampreview|4\n|inactive|Battle timer is ON: inactive players will automatically lose when time's up. (requested by Ice124567890)\n|inactive|drive stone has 60 seconds left.\n|inactive|drive stone has 30 seconds left.\n|inactive|drive stone has 20 seconds left.\n|\n|t:|1773311762\n|teamsize|p1|4\n|teamsize|p2|4\n|start\n|switch|p1a: Calyrex|Calyrex-Ice, L50|100/100\n|switch|p1b: Overqwil|Overqwil, L50, M|100/100\n|switch|p2a: Landorus|Landorus, L50, M|100/100\n|switch|p2b: Incineroar|Incineroar, L50, F|100/100\n|-ability|p1a: Calyrex|As One\n|-ability|p1a: Calyrex|Unnerve\n|-ability|p1b: Overqwil|Intimidate|boost\n|-unboost|p2a: Landorus|atk|1\n|-unboost|p2b: Incineroar|atk|1\n|-ability|p2b: Incineroar|Intimidate|boost\n|-unboost|p1a: Calyrex|atk|1\n|-unboost|p1b: Overqwil|atk|1\n|turn|1\n|\n|t:|1773311781\n|-terastallize|p1a: Calyrex|Water\n|move|p2b: Incineroar|Fake Out|p1a: Calyrex\n|-damage|p1a: Calyrex|97/100\n|move|p2a: Landorus|Substitute|p2a: Landorus\n|-start|p2a: Landorus|Substitute\n|-damage|p2a: Landorus|76/100\n|move|p1b: Overqwil|Toxic Spikes|p2b: Incineroar\n|-sidestart|p2: Ice124567890|move: Toxic Spikes\n|cant|p1a: Calyrex|flinch\n|\n|-heal|p1a: Calyrex|100/100|[from] item: Leftovers\n|upkeep\n|turn|2\n|inactive|Ice124567890 has 30 seconds left.\n|\n|t:|1773311809\n|move|p2a: Landorus|Earth Power|p1b: Overqwil\n|-supereffective|p1b: Overqwil\n|-damage|p1b: Overqwil|0 fnt\n|faint|p1b: Overqwil\n|move|p2b: Incineroar|Knock Off|p1a: Calyrex\n|-crit|p1a: Calyrex\n|-damage|p1a: Calyrex|70/100\n|-enditem|p1a: Calyrex|Leftovers|[from] move: Knock Off|[of] p2b: Incineroar\n|move|p1a: Calyrex|Trick Room|p1a: Calyrex\n|-fieldstart|move: Trick Room|[of] p1a: Calyrex\n|\n|upkeep\n|\n|t:|1773311826\n|switch|p1b: Ho-Oh|Ho-Oh, L50|100/100\n|turn|3\n|\n|t:|1773311839\n|switch|p1b: Ting-Lu|Ting-Lu, L50|100/100\n|-ability|p1b: Ting-Lu|Vessel of Ruin\n|move|p2a: Landorus|Protect|p2a: Landorus\n|-singleturn|p2a: Landorus|Protect\n|move|p1a: Calyrex|Glacial Lance|p2a: Landorus|[spread] p2b\n|-activate|p2a: Landorus|move: Protect\n|-resisted|p2b: Incineroar\n|-damage|p2b: Incineroar|88/100\n|move|p2b: Incineroar|Knock Off|p1b: Ting-Lu\n|-resisted|p1b: Ting-Lu\n|-damage|p1b: Ting-Lu|92/100\n|-enditem|p1b: Ting-Lu|Choice Band|[from] move: Knock Off|[of] p2b: Incineroar\n|\n|upkeep\n|turn|4\n|inactive|Ice124567890 has 30 seconds left.\n|inactive|Ice124567890 has 20 seconds left.\n|inactive|Ice124567890 has 15 seconds left.\n|inactive|Ice124567890 has 10 seconds left.\n|inactive|Ice124567890 has 5 seconds left.\n|\n|t:|1773311890\n|move|p1b: Ting-Lu|Throat Chop|p2a: Landorus\n|-end|p2a: Landorus|Substitute\n|move|p1a: Calyrex|Glacial Lance|p2a: Landorus|[spread] p2a,p2b\n|-supereffective|p2a: Landorus\n|-resisted|p2b: Incineroar\n|-damage|p2a: Landorus|0 fnt\n|-damage|p2b: Incineroar|75/100\n|faint|p2a: Landorus\n|-ability|p1a: Calyrex|Chilling Neigh|boost\n|-boost|p1a: Calyrex|atk|1\n|move|p2b: Incineroar|Knock Off|p1a: Calyrex\n|-damage|p1a: Calyrex|59/100\n|\n|upkeep\n|\n|t:|1773311894\n|switch|p2a: Zacian|Zacian-Crowned, L50|100/100\n|-ability|p2a: Zacian|Intrepid Sword|boost\n|-boost|p2a: Zacian|atk|1\n|turn|5\n|\n|t:|1773311908\n|switch|p1a: Ho-Oh|Ho-Oh, L50|100/100\n|-terastallize|p2a: Zacian|Fairy\n|move|p1b: Ting-Lu|Earthquake|p2b: Incineroar|[spread] p2a,p2b\n|-immune|p1a: Ho-Oh\n|-supereffective|p2b: Incineroar\n|-damage|p2a: Zacian|70/100\n|-damage|p2b: Incineroar|15/100\n|move|p2b: Incineroar|U-turn|p1a: Ho-Oh\n|-resisted|p1a: Ho-Oh\n|-damage|p1a: Ho-Oh|98/100\n|-damage|p2b: Incineroar|0 fnt|[from] item: Rocky Helmet|[of] p1a: Ho-Oh\n|faint|p2b: Incineroar\n|move|p2a: Zacian|Play Rough|p1b: Ting-Lu\n|-supereffective|p1b: Ting-Lu\n|-crit|p1b: Ting-Lu\n|-damage|p1b: Ting-Lu|0 fnt\n|faint|p1b: Ting-Lu\n|\n|upkeep\n|\n|t:|1773311926\n|switch|p1b: Calyrex|Calyrex-Ice, L50, tera:Water|59/100\n|switch|p2b: Calyrex|Calyrex-Shadow, L50|100/100\n|-ability|p1b: Calyrex|As One\n|-ability|p1b: Calyrex|Unnerve\n|-ability|p2b: Calyrex|As One\n|-ability|p2b: Calyrex|Unnerve\n|-status|p2b: Calyrex|psn\n|turn|6\n|\n|t:|1773311949\n|move|p2a: Zacian|Protect|p2a: Zacian\n|-singleturn|p2a: Zacian|Protect\n|move|p2b: Calyrex|Protect|p2b: Calyrex\n|-singleturn|p2b: Calyrex|Protect\n|move|p1b: Calyrex|Leech Seed|p2b: Calyrex\n|-activate|p2b: Calyrex|move: Protect\n|move|p1a: Ho-Oh|Life Dew|p1a: Ho-Oh|[spread] p1a,p1b\n|-heal|p1a: Ho-Oh|100/100\n|-heal|p1b: Calyrex|85/100\n|\n|-damage|p2b: Calyrex|88/100 psn|[from] psn\n|-fieldend|move: Trick Room\n|upkeep\n|turn|7\n|\n|t:|1773311960\n|move|p2b: Calyrex|Astral Barrage|p1a: Ho-Oh|[spread] p1a,p1b\n|-damage|p1a: Ho-Oh|68/100\n|-damage|p1b: Calyrex|48/100\n|move|p2a: Zacian|Play Rough|p1b: Calyrex\n|-damage|p1b: Calyrex|0 fnt\n|faint|p1b: Calyrex\n|move|p1a: Ho-Oh|Sacred Fire|p2a: Zacian\n|-damage|p2a: Zacian|36/100\n|\n|-damage|p2b: Calyrex|75/100 psn|[from] psn\n|upkeep\n|turn|8\n|\n|t:|1773311977\n|move|p2b: Calyrex|Astral Barrage|p1a: Ho-Oh\n|-damage|p1a: Ho-Oh|23/100\n|move|p2a: Zacian|Behemoth Blade|p1a: Ho-Oh\n|-resisted|p1a: Ho-Oh\n|-damage|p1a: Ho-Oh|0 fnt\n|-damage|p2a: Zacian|20/100|[from] item: Rocky Helmet|[of] p1a: Ho-Oh\n|faint|p1a: Ho-Oh\n|\n|win|Ice124567890\n|raw|drive stone's rating: 1366 &rarr; <strong>1351</strong><br />(-15 for losing)\n|raw|Ice124567890's rating: 1464 &rarr; <strong>1479</strong><br />(+15 for winning)\n|l|\u2606drive stone\n|player|p1|\n|l|\u2606Ice124567890\n|player|p2|\n","uploadtime":1773312173,"views":14,"formatid":"gen9vgc2026regi","rating":1351,"private":0,"password":null}