{"id":"gen9vgc2026regi-2553892455","format":"[Gen 9] VGC 2026 Reg I","players":["cyrusdgreatx","drive stone"],"log":"|j|\u2606cyrusdgreatx\n|j|\u2606drive stone\n|t:|1772896557\n|gametype|doubles\n|player|p1|cyrusdgreatx|gambler|1427\n|player|p2|drive stone|cilan|1416\n|gen|9\n|tier|[Gen 9] VGC 2026 Reg I\n|rated|\n|rule|Species Clause: Limit one of each Pok\u00e9mon\n|rule|Item Clause: Limit 1 of each item\n|clearpoke\n|poke|p1|Calyrex-Shadow, L50|\n|poke|p1|Rillaboom, L50, M|\n|poke|p1|Zamazenta-*, L50|\n|poke|p1|Incineroar, L50, M|\n|poke|p1|Urshifu-*, L50, F|\n|poke|p1|Flutter Mane, L50|\n|poke|p2|Regieleki, L50|\n|poke|p2|Calyrex-Shadow, L50|\n|poke|p2|Koraidon, L50|\n|poke|p2|Incineroar, L50, M|\n|poke|p2|Rillaboom, L50, M|\n|poke|p2|Volcarona, L50, M|\n|teampreview|4\n|inactive|Battle timer is ON: inactive players will automatically lose when time's up. (requested by cyrusdgreatx)\n|\n|t:|1772896599\n|teamsize|p1|4\n|teamsize|p2|4\n|start\n|switch|p1a: Rillaboom|Rillaboom, L50, M|100/100\n|switch|p1b: Zamazenta|Zamazenta-Crowned, L50|100/100\n|switch|p2a: Volcarona|Volcarona, L50, M|100/100\n|switch|p2b: Incineroar|Incineroar, L50, M|100/100\n|-ability|p1b: Zamazenta|Dauntless Shield|boost\n|-boost|p1b: Zamazenta|def|1\n|-fieldstart|move: Grassy Terrain|[from] ability: Grassy Surge|[of] p1a: Rillaboom\n|-ability|p2b: Incineroar|Intimidate|boost\n|-unboost|p1a: Rillaboom|atk|1\n|-unboost|p1b: Zamazenta|atk|1\n|turn|1\n|inactive|cyrusdgreatx has 30 seconds left.\n|\n|t:|1772896627\n|-terastallize|p1b: Zamazenta|Water\n|move|p1a: Rillaboom|Fake Out|p2b: Incineroar\n|-damage|p2b: Incineroar|93/100\n|cant|p2b: Incineroar|flinch\n|move|p1b: Zamazenta|Body Press|p2b: Incineroar\n|-supereffective|p2b: Incineroar\n|-crit|p2b: Incineroar\n|-damage|p2b: Incineroar|0 fnt\n|faint|p2b: Incineroar\n|move|p2a: Volcarona|Quiver Dance|p2a: Volcarona\n|-boost|p2a: Volcarona|spa|1\n|-boost|p2a: Volcarona|spd|1\n|-boost|p2a: Volcarona|spe|1\n|\n|upkeep\n|inactive|drive stone has 30 seconds left.\n|\n|t:|1772896653\n|switch|p2b: Calyrex|Calyrex-Shadow, L50|100/100\n|-ability|p2b: Calyrex|As One\n|-ability|p2b: Calyrex|Unnerve\n|turn|2\n|inactive|cyrusdgreatx has 30 seconds left.\n|\n|t:|1772896682\n|move|p1b: Zamazenta|Wide Guard|p1b: Zamazenta\n|-singleturn|p1b: Zamazenta|Wide Guard\n|move|p2b: Calyrex|Nasty Plot|p2b: Calyrex\n|-boost|p2b: Calyrex|spa|2\n|move|p2a: Volcarona|Quiver Dance|p2a: Volcarona\n|-boost|p2a: Volcarona|spa|1\n|-boost|p2a: Volcarona|spd|1\n|-boost|p2a: Volcarona|spe|1\n|move|p1a: Rillaboom|Wood Hammer|p2b: Calyrex\n|-damage|p2b: Calyrex|42/100\n|-damage|p1a: Rillaboom|82/100|[from] Recoil\n|\n|-heal|p2b: Calyrex|48/100|[from] Grassy Terrain\n|-heal|p1a: Rillaboom|88/100|[from] Grassy Terrain\n|upkeep\n|turn|3\n|inactive|cyrusdgreatx has 30 seconds left.\n|\n|t:|1772896715\n|move|p2b: Calyrex|Protect|p2b: Calyrex\n|-singleturn|p2b: Calyrex|Protect\n|move|p2a: Volcarona|Giga Drain|p1b: Zamazenta\n|-supereffective|p1b: Zamazenta\n|-damage|p1b: Zamazenta|6/100\n|move|p1b: Zamazenta|Body Press|p2a: Volcarona\n|-resisted|p2a: Volcarona\n|-damage|p2a: Volcarona|66/100\n|move|p1a: Rillaboom|U-turn|p2a: Volcarona\n|-resisted|p2a: Volcarona\n|-damage|p2a: Volcarona|58/100\n|\n|t:|1772896726\n|switch|p1a: Calyrex|Calyrex-Shadow, L50|100/100|[from] U-turn\n|-ability|p1a: Calyrex|As One\n|-ability|p1a: Calyrex|Unnerve\n|\n|-heal|p2a: Volcarona|64/100|[from] Grassy Terrain\n|-heal|p2a: Volcarona|70/100|[from] item: Leftovers\n|-heal|p2b: Calyrex|54/100|[from] Grassy Terrain\n|-heal|p1b: Zamazenta|12/100|[from] Grassy Terrain\n|upkeep\n|turn|4\n|inactive|drive stone has 30 seconds left.\n|\n|t:|1772896751\n|switch|p1b: Incineroar|Incineroar, L50, M|100/100\n|-ability|p1b: Incineroar|Intimidate|boost\n|-unboost|p2a: Volcarona|atk|1\n|-unboost|p2b: Calyrex|atk|1\n|-terastallize|p2b: Calyrex|Dark\n|move|p2a: Volcarona|Giga Drain|p1a: Calyrex\n|-damage|p1a: Calyrex|29/100\n|-heal|p2a: Volcarona|100/100|[from] drain|[of] p1a: Calyrex\n|move|p1a: Calyrex|Encore|p2b: Calyrex\n|-start|p2b: Calyrex|Encore\n|move|p2b: Calyrex|Protect||[still]\n|-fail|p2b: Calyrex\n|\n|-heal|p1a: Calyrex|36/100|[from] Grassy Terrain\n|-heal|p2b: Calyrex|60/100|[from] Grassy Terrain\n|upkeep\n|turn|5\n|inactive|cyrusdgreatx has 30 seconds left.\n|\n|t:|1772896781\n|switch|p2b: Koraidon|Koraidon, L50|100/100\n|-weather|SunnyDay|[from] ability: Orichalcum Pulse|[of] p2b: Koraidon\n|-activate|p2b: Koraidon|Orichalcum Pulse|[source]\n|move|p2a: Volcarona|Protect|p2a: Volcarona\n|-singleturn|p2a: Volcarona|Protect\n|move|p1b: Incineroar|Fake Out|p2a: Volcarona\n|-activate|p2a: Volcarona|move: Protect\n|move|p1a: Calyrex|Astral Barrage|p2b: Koraidon|[spread] p2b\n|-activate|p2a: Volcarona|move: Protect\n|-damage|p2b: Koraidon|57/100\n|\n|-weather|SunnyDay|[upkeep]\n|-heal|p1a: Calyrex|42/100|[from] Grassy Terrain\n|-heal|p2b: Koraidon|63/100|[from] Grassy Terrain\n|-fieldend|move: Grassy Terrain\n|upkeep\n|turn|6\n|inactive|cyrusdgreatx has 30 seconds left.\n|inactive|drive stone has 30 seconds left.\n|\n|t:|1772896816\n|switch|p1b: Rillaboom|Rillaboom, L50, M|88/100\n|-fieldstart|move: Grassy Terrain|[from] ability: Grassy Surge|[of] p1b: Rillaboom\n|move|p1a: Calyrex|Protect|p1a: Calyrex\n|-singleturn|p1a: Calyrex|Protect\n|move|p2a: Volcarona|Fiery Dance|p1a: Calyrex\n|-activate|p1a: Calyrex|move: Protect\n|move|p2b: Koraidon|Collision Course|p1b: Rillaboom\n|-damage|p1b: Rillaboom|21/100\n|\n|-weather|SunnyDay|[upkeep]\n|-heal|p1a: Calyrex|48/100|[from] Grassy Terrain\n|-heal|p2b: Koraidon|69/100|[from] Grassy Terrain\n|-heal|p1b: Rillaboom|27/100|[from] Grassy Terrain\n|upkeep\n|turn|7\n|inactive|cyrusdgreatx has 30 seconds left.\n|inactive|cyrusdgreatx has 20 seconds left.\n|\n|t:|1772896854\n|switch|p1b: Incineroar|Incineroar, L50, M|100/100\n|-ability|p1b: Incineroar|Intimidate|boost\n|-unboost|p2a: Volcarona|atk|1\n|-fail|p2b: Koraidon|unboost|[from] item: Clear Amulet|[of] p2b: Koraidon\n|move|p2a: Volcarona|Fiery Dance|p1a: Calyrex\n|-damage|p1a: Calyrex|0 fnt\n|faint|p1a: Calyrex\n|move|p2b: Koraidon|Flare Blitz|p1b: Incineroar\n|-resisted|p1b: Incineroar\n|-damage|p1b: Incineroar|61/100\n|-damage|p2b: Koraidon|56/100|[from] Recoil\n|\n|-weather|SunnyDay|[upkeep]\n|-heal|p2b: Koraidon|62/100|[from] Grassy Terrain\n|-heal|p1b: Incineroar|67/100|[from] Grassy Terrain\n|upkeep\n|-message|cyrusdgreatx forfeited.\n|\n|win|drive stone\n|raw|cyrusdgreatx's rating: 1427 &rarr; <strong>1406</strong><br />(-21 for losing)\n|raw|drive stone's rating: 1416 &rarr; <strong>1437</strong><br />(+21 for winning)\n|l|\u2606cyrusdgreatx\n|player|p1|\n|l|\u2606drive stone\n|player|p2|\n","uploadtime":1772897054,"views":18,"formatid":"gen9vgc2026regi","rating":1406,"private":0,"password":null}