{"id":"gen9vgc2026regi-2550002138","format":"[Gen 9] VGC 2026 Reg I","players":["reg foot","blackred123"],"log":"|j|\u2606reg foot\n|j|\u2606blackred123\n|t:|1772439712\n|gametype|doubles\n|player|p1|reg foot|2|1314\n|player|p2|blackred123|iono-masters|1432\n|gen|9\n|tier|[Gen 9] VGC 2026 Reg I\n|rated|\n|rule|Species Clause: Limit one of each Pok\u00e9mon\n|rule|Item Clause: Limit 1 of each item\n|clearpoke\n|poke|p1|Calyrex-Shadow, L50|\n|poke|p1|Terapagos, L50, M|\n|poke|p1|Amoonguss, L50, M|\n|poke|p1|Incineroar, L50, F|\n|poke|p1|Rillaboom, L50, M|\n|poke|p1|Urshifu-*, L50, F|\n|poke|p2|Kyogre, L50|\n|poke|p2|Zamazenta-*, L50|\n|poke|p2|Chien-Pao, L50|\n|poke|p2|Amoonguss, L50, M|\n|poke|p2|Dragonite, L50, F|\n|poke|p2|Rillaboom, L50, M|\n|teampreview|4\n|inactive|Battle timer is ON: inactive players will automatically lose when time's up. (requested by blackred123)\n|\n|t:|1772439737\n|teamsize|p1|4\n|teamsize|p2|4\n|start\n|switch|p1a: Terapagos|Terapagos, L50, M|100/100\n|switch|p1b: Incineroar|Incineroar, L50, F|100/100\n|switch|p2a: Zamazenta|Zamazenta-Crowned, L50|100/100\n|switch|p2b: Chien-Pao|Chien-Pao, L50|100/100\n|-activate|p1a: Terapagos|ability: Tera Shift\n|detailschange|p1a: Terapagos|Terapagos-Terastal, L50, M\n|-heal|p1a: Terapagos|100/100|[silent]\n|-ability|p2b: Chien-Pao|Sword of Ruin\n|-ability|p2a: Zamazenta|Dauntless Shield|boost\n|-boost|p2a: Zamazenta|def|1\n|-ability|p1b: Incineroar|Intimidate|boost\n|-unboost|p2a: Zamazenta|atk|1\n|-unboost|p2b: Chien-Pao|atk|1\n|turn|1\n|\n|t:|1772439748\n|move|p1b: Incineroar|Fake Out|p2a: Zamazenta\n|-resisted|p2a: Zamazenta\n|-damage|p2a: Zamazenta|98/100\n|move|p2b: Chien-Pao|Taunt|p1a: Terapagos\n|-start|p1a: Terapagos|move: Taunt\n|cant|p2a: Zamazenta|flinch\n|cant|p1a: Terapagos|move: Taunt|Calm Mind\n|\n|upkeep\n|turn|2\n|\n|t:|1772439763\n|switch|p1a: Amoonguss|Amoonguss, L50, M|100/100\n|switch|p1b: Rillaboom|Rillaboom, L50, M, shiny|100/100\n|-fieldstart|move: Grassy Terrain|[from] ability: Grassy Surge|[of] p1b: Rillaboom\n|move|p2b: Chien-Pao|Ice Spinner|p1a: Amoonguss\n|-supereffective|p1a: Amoonguss\n|-damage|p1a: Amoonguss|37/100\n|-damage|p2b: Chien-Pao|84/100|[from] item: Rocky Helmet|[of] p1a: Amoonguss\n|-fieldend|move: Grassy Terrain\n|move|p2a: Zamazenta|Body Press|p1b: Rillaboom\n|-damage|p1b: Rillaboom|20/100\n|\n|upkeep\n|turn|3\n|\n|t:|1772439785\n|switch|p1a: Incineroar|Incineroar, L50, F|100/100\n|-ability|p1a: Incineroar|Intimidate|boost\n|-unboost|p2a: Zamazenta|atk|1\n|-unboost|p2b: Chien-Pao|atk|1\n|move|p1b: Rillaboom|Fake Out|p2b: Chien-Pao\n|-damage|p2b: Chien-Pao|65/100\n|cant|p2b: Chien-Pao|flinch\n|move|p2a: Zamazenta|Heavy Slam|p1a: Incineroar\n|-resisted|p1a: Incineroar\n|-damage|p1a: Incineroar|87/100\n|\n|upkeep\n|turn|4\n|\n|t:|1772439797\n|move|p1a: Incineroar|Fake Out|p2a: Zamazenta\n|-resisted|p2a: Zamazenta\n|-damage|p2a: Zamazenta|95/100\n|move|p2b: Chien-Pao|Ice Spinner|p1b: Rillaboom\n|-supereffective|p1b: Rillaboom\n|-damage|p1b: Rillaboom|0 fnt\n|faint|p1b: Rillaboom\n|cant|p2a: Zamazenta|flinch\n|\n|upkeep\n|\n|t:|1772439801\n|switch|p1b: Amoonguss|Amoonguss, L50, M|71/100\n|turn|5\n|\n|t:|1772439810\n|move|p2b: Chien-Pao|Taunt|p1b: Amoonguss\n|-start|p1b: Amoonguss|move: Taunt\n|move|p2a: Zamazenta|Body Press|p1a: Incineroar\n|-supereffective|p1a: Incineroar\n|-crit|p1a: Incineroar\n|-damage|p1a: Incineroar|0 fnt\n|faint|p1a: Incineroar\n|cant|p1b: Amoonguss|move: Taunt|Spore\n|\n|upkeep\n|\n|t:|1772439815\n|switch|p1a: Terapagos|Terapagos-Terastal, L50, M|100/100\n|turn|6\n|\n|t:|1772439826\n|move|p1a: Terapagos|Protect|p1a: Terapagos\n|-singleturn|p1a: Terapagos|Protect\n|move|p2b: Chien-Pao|Ice Spinner|p1a: Terapagos\n|-activate|p1a: Terapagos|move: Protect\n|move|p2a: Zamazenta|Body Press|p1a: Terapagos\n|-activate|p1a: Terapagos|move: Protect\n|move|p1b: Amoonguss|Sludge Bomb|p2b: Chien-Pao\n|-damage|p2b: Chien-Pao|18/100\n|-status|p2b: Chien-Pao|psn\n|\n|-damage|p2b: Chien-Pao|6/100 psn|[from] psn\n|upkeep\n|turn|7\n|\n|t:|1772439835\n|move|p1a: Terapagos|Protect|p1a: Terapagos\n|-singleturn|p1a: Terapagos|Protect\n|move|p2b: Chien-Pao|Ice Spinner|p1a: Terapagos\n|-activate|p1a: Terapagos|move: Protect\n|move|p2a: Zamazenta|Body Press|p1a: Terapagos\n|-activate|p1a: Terapagos|move: Protect\n|move|p1b: Amoonguss|Sludge Bomb|p2b: Chien-Pao\n|-damage|p2b: Chien-Pao|0 fnt\n|faint|p2b: Chien-Pao\n|\n|-end|p1b: Amoonguss|move: Taunt\n|upkeep\n|\n|t:|1772439843\n|switch|p2b: Dragonite|Dragonite, L50, F|100/100\n|turn|8\n|\n|t:|1772439854\n|move|p1b: Amoonguss|Rage Powder|p1b: Amoonguss\n|-singleturn|p1b: Amoonguss|move: Rage Powder\n|move|p2a: Zamazenta|Body Press|p1b: Amoonguss\n|-resisted|p1b: Amoonguss\n|-damage|p1b: Amoonguss|46/100\n|-damage|p2a: Zamazenta|79/100|[from] item: Rocky Helmet|[of] p1b: Amoonguss\n|move|p2b: Dragonite|Aerial Ace|p1b: Amoonguss\n|-supereffective|p1b: Amoonguss\n|-damage|p1b: Amoonguss|0 fnt\n|-damage|p2b: Dragonite|84/100|[from] item: Rocky Helmet|[of] p1b: Amoonguss\n|faint|p1b: Amoonguss\n|move|p1a: Terapagos|Earth Power|p2a: Zamazenta\n|-supereffective|p2a: Zamazenta\n|-damage|p2a: Zamazenta|45/100\n|\n|upkeep\n|turn|9\n|\n|t:|1772439874\n|move|p2a: Zamazenta|Body Press|p1a: Terapagos\n|-activate|p1a: Terapagos|ability: Tera Shell\n|-resisted|p1a: Terapagos\n|-damage|p1a: Terapagos|79/100\n|move|p2b: Dragonite|Aerial Ace|p1a: Terapagos\n|-damage|p1a: Terapagos|42/100\n|move|p1a: Terapagos|Earth Power|p2a: Zamazenta\n|-supereffective|p2a: Zamazenta\n|-damage|p2a: Zamazenta|10/100\n|\n|-heal|p1a: Terapagos|48/100|[from] item: Leftovers\n|upkeep\n|turn|10\n|-message|reg foot forfeited.\n|\n|win|blackred123\n|raw|reg foot's rating: 1314 &rarr; <strong>1301</strong><br />(-13 for losing)\n|raw|blackred123's rating: 1432 &rarr; <strong>1445</strong><br />(+13 for winning)\n|l|\u2606reg foot\n|player|p1|\n|l|\u2606blackred123\n|player|p2|\n","uploadtime":1772440099,"views":11,"formatid":"gen9vgc2026regi","rating":1301,"private":0,"password":null}