{"id":"gen9vgc2026regi-2549510467","format":"[Gen 9] VGC 2026 Reg I","players":["Simon0123","crazykoraidon"],"log":"|j|\u2606Simon0123\n|j|\u2606crazykoraidon\n|t:|1772378094\n|gametype|doubles\n|player|p1|Simon0123|shadowtriad|1260\n|player|p2|crazykoraidon|pokemaniac|1111\n|gen|9\n|tier|[Gen 9] VGC 2026 Reg I\n|rated|\n|rule|Species Clause: Limit one of each Pok\u00e9mon\n|rule|Item Clause: Limit 1 of each item\n|clearpoke\n|poke|p1|Terapagos, L50, M|\n|poke|p1|Calyrex-Ice, L50|\n|poke|p1|Amoonguss, L50, M|\n|poke|p1|Farigiraf, L50, F|\n|poke|p1|Incineroar, L50, M|\n|poke|p1|Urshifu-*, L50, M|\n|poke|p2|Koraidon, L50|\n|poke|p2|Meowscarada, L50, M|\n|poke|p2|Greninja-*, L50, M|\n|poke|p2|Goodra-Hisui, L50, M|\n|poke|p2|Avalugg-Hisui, L50, F|\n|poke|p2|Vileplume, L50, F|\n|teampreview|4\n|inactive|Battle timer is ON: inactive players will automatically lose when time's up. (requested by crazykoraidon)\n|inactive|Simon0123 also wants the timer to be on.\n|inactive|Simon0123 has 60 seconds left.\n|\n|t:|1772378140\n|teamsize|p1|4\n|teamsize|p2|4\n|start\n|switch|p1a: Farigiraf|Farigiraf, L50, F|100/100\n|switch|p1b: Incineroar|Incineroar, L50, M|100/100\n|switch|p2a: Koraidon|Koraidon, L50|100/100\n|switch|p2b: Avalugg|Avalugg-Hisui, L50, F|100/100\n|-weather|SunnyDay|[from] ability: Orichalcum Pulse|[of] p2a: Koraidon\n|-activate|p2a: Koraidon|Orichalcum Pulse|[source]\n|-ability|p1b: Incineroar|Intimidate|boost\n|-fail|p2a: Koraidon|unboost|[from] item: Clear Amulet|[of] p2a: Koraidon\n|-unboost|p2b: Avalugg|atk|1\n|turn|1\n|\n|t:|1772378156\n|move|p1b: Incineroar|Fake Out|p2a: Koraidon\n|-damage|p2a: Koraidon|90/100\n|cant|p2a: Koraidon|flinch\n|move|p2b: Avalugg|Rock Blast|p1b: Incineroar\n|-supereffective|p1b: Incineroar\n|-damage|p1b: Incineroar|85/100\n|-supereffective|p1b: Incineroar\n|-damage|p1b: Incineroar|69/100\n|-supereffective|p1b: Incineroar\n|-damage|p1b: Incineroar|53/100\n|-supereffective|p1b: Incineroar\n|-damage|p1b: Incineroar|37/100\n|-enditem|p1b: Incineroar|Sitrus Berry|[eat]\n|-heal|p1b: Incineroar|62/100|[from] item: Sitrus Berry\n|-supereffective|p1b: Incineroar\n|-damage|p1b: Incineroar|47/100\n|-hitcount|p1b: Incineroar|5\n|move|p1a: Farigiraf|Trick Room|p1a: Farigiraf\n|-fieldstart|move: Trick Room|[of] p1a: Farigiraf\n|\n|-weather|SunnyDay|[upkeep]\n|upkeep\n|turn|2\n|inactive|Simon0123 has 30 seconds left.\n|\n|t:|1772378183\n|move|p2b: Avalugg|Rock Blast|p1b: Incineroar\n|-supereffective|p1b: Incineroar\n|-damage|p1b: Incineroar|31/100\n|-supereffective|p1b: Incineroar\n|-damage|p1b: Incineroar|15/100\n|-supereffective|p1b: Incineroar\n|-damage|p1b: Incineroar|0 fnt\n|faint|p1b: Incineroar\n|-hitcount|p1: Incineroar|3\n|move|p1a: Farigiraf|Psychic|p2a: Koraidon\n|-supereffective|p2a: Koraidon\n|-damage|p2a: Koraidon|22/100\n|move|p2a: Koraidon|Swords Dance|p2a: Koraidon\n|-boost|p2a: Koraidon|atk|2\n|\n|-weather|SunnyDay|[upkeep]\n|upkeep\n|\n|t:|1772378196\n|switch|p1b: Calyrex|Calyrex-Ice, L50|100/100\n|-ability|p1b: Calyrex|As One\n|-ability|p1b: Calyrex|Unnerve\n|turn|3\n|\n|t:|1772378207\n|-terastallize|p1b: Calyrex|Water\n|move|p1a: Farigiraf|Helping Hand|p1b: Calyrex\n|-singleturn|p1b: Calyrex|Helping Hand|[of] p1a: Farigiraf\n|move|p2b: Avalugg|Wide Guard|p2b: Avalugg\n|-singleturn|p2b: Avalugg|Wide Guard\n|move|p1b: Calyrex|Glacial Lance|p2b: Avalugg|[spread] \n|-activate|p2a: Koraidon|move: Wide Guard\n|-activate|p2b: Avalugg|move: Wide Guard\n|move|p2a: Koraidon|Flare Blitz|p1b: Calyrex\n|-resisted|p1b: Calyrex\n|-damage|p1b: Calyrex|45/100\n|-status|p1b: Calyrex|brn\n|-damage|p2a: Koraidon|0 fnt|[from] Recoil\n|faint|p2a: Koraidon\n|\n|-weather|SunnyDay|[upkeep]\n|-damage|p1b: Calyrex|40/100 brn|[from] brn\n|upkeep\n|\n|t:|1772378223\n|switch|p2a: Meowscarada|Meowscarada, L50, M|100/100\n|turn|4\n|c|\u2606Simon0123|Hahhaha\n|c|\u2606Simon0123|Fcking Lucky\n|\n|t:|1772378238\n|switch|p1b: Terapagos|Terapagos, L50, M|100/100\n|-activate|p1b: Terapagos|ability: Tera Shift\n|detailschange|p1b: Terapagos|Terapagos-Terastal, L50, M\n|-heal|p1b: Terapagos|100/100|[silent]\n|move|p2b: Avalugg|Wide Guard|p2b: Avalugg\n|-singleturn|p2b: Avalugg|Wide Guard\n|move|p1a: Farigiraf|Psychic|p2b: Avalugg\n|-damage|p2b: Avalugg|30/100\n|move|p2a: Meowscarada|Flower Trick|p1b: Terapagos\n|-start|p2a: Meowscarada|typechange|Grass|[from] ability: Protean\n|-activate|p1b: Terapagos|ability: Tera Shell\n|-resisted|p1b: Terapagos\n|-crit|p1b: Terapagos\n|-damage|p1b: Terapagos|69/100\n|\n|-weather|SunnyDay|[upkeep]\n|-heal|p1b: Terapagos|75/100|[from] item: Leftovers\n|upkeep\n|turn|5\n|\n|t:|1772378256\n|switch|p2b: Greninja|Greninja, L50, M|100/100\n|move|p1a: Farigiraf|Psychic|p2b: Greninja\n|-immune|p2b: Greninja\n|move|p1b: Terapagos|Tera Starstorm|p2a: Meowscarada\n|-damage|p2a: Meowscarada|7/100\n|move|p2a: Meowscarada|Flower Trick|p1a: Farigiraf\n|-crit|p1a: Farigiraf\n|-damage|p1a: Farigiraf|30/100\n|\n|-weather|none\n|-heal|p1b: Terapagos|81/100|[from] item: Leftovers\n|-fieldend|move: Trick Room\n|upkeep\n|turn|6\n|inactive|Simon0123 has 30 seconds left.\n|\n|t:|1772378283\n|move|p1a: Farigiraf|Protect|p1a: Farigiraf\n|-singleturn|p1a: Farigiraf|Protect\n|move|p2a: Meowscarada|Flower Trick|p1b: Terapagos\n|-crit|p1b: Terapagos\n|-damage|p1b: Terapagos|24/100\n|move|p2b: Greninja|Tera Blast|p1a: Farigiraf\n|-start|p2b: Greninja|typechange|Normal|[from] ability: Protean\n|-activate|p1a: Farigiraf|move: Protect\n|move|p1b: Terapagos|Tera Starstorm|p2a: Meowscarada\n|-damage|p2a: Meowscarada|0 fnt\n|faint|p2a: Meowscarada\n|\n|-heal|p1b: Terapagos|30/100|[from] item: Leftovers\n|upkeep\n|\n|t:|1772378290\n|switch|p2a: Avalugg|Avalugg-Hisui, L50, F|30/100\n|turn|7\n|\n|t:|1772378302\n|move|p1b: Terapagos|Protect|p1b: Terapagos\n|-singleturn|p1b: Terapagos|Protect\n|move|p2a: Avalugg|Protect|p2a: Avalugg\n|-singleturn|p2a: Avalugg|Protect\n|move|p2b: Greninja|Tera Blast|p1b: Terapagos\n|-activate|p1b: Terapagos|move: Protect\n|move|p1a: Farigiraf|Trick Room|p1a: Farigiraf\n|-fieldstart|move: Trick Room|[of] p1a: Farigiraf\n|\n|-heal|p1b: Terapagos|36/100|[from] item: Leftovers\n|upkeep\n|turn|8\n|\n|t:|1772378324\n|-terastallize|p2a: Avalugg|Ghost\n|move|p1b: Terapagos|Protect||[still]\n|-fail|p1b: Terapagos\n|move|p2a: Avalugg|Icicle Spear|p1b: Terapagos\n|-damage|p1b: Terapagos|24/100\n|-damage|p1b: Terapagos|12/100\n|-damage|p1b: Terapagos|2/100\n|-damage|p1b: Terapagos|0 fnt\n|faint|p1b: Terapagos\n|-hitcount|p1: Terapagos|4\n|move|p1a: Farigiraf|Psychic|p2a: Avalugg\n|-crit|p2a: Avalugg\n|-damage|p2a: Avalugg|0 fnt\n|faint|p2a: Avalugg\n|move|p2b: Greninja|Tera Blast|p1a: Farigiraf\n|-damage|p1a: Farigiraf|0 fnt\n|faint|p1a: Farigiraf\n|\n|upkeep\n|\n|t:|1772378339\n|switch|p1b: Calyrex|Calyrex-Ice, L50, tera:Water|40/100 brn\n|-ability|p1b: Calyrex|As One\n|-ability|p1b: Calyrex|Unnerve\n|turn|9\n|c|\u2606crazykoraidon|gg\n|\n|t:|1772378346\n|move|p1b: Calyrex|Glacial Lance|p2b: Greninja\n|-damage|p2b: Greninja|26/100\n|move|p2b: Greninja|Tera Blast|p1b: Calyrex\n|-damage|p1b: Calyrex|3/100 brn\n|\n|-damage|p1b: Calyrex|0 fnt|[from] brn\n|faint|p1b: Calyrex\n|\n|win|crazykoraidon\n|raw|Simon0123's rating: 1260 &rarr; <strong>1225</strong><br />(-35 for losing)\n|raw|crazykoraidon's rating: 1111 &rarr; <strong>1146</strong><br />(+35 for winning)\n|c|\u2606Simon0123|Lol\n|c|\u2606Simon0123|Hahahha\n|c|\u2606Simon0123|So Lucky man\n|l|\u2606Simon0123\n|player|p1|\n|l|\u2606crazykoraidon\n|player|p2|\n","uploadtime":1772378513,"views":17,"formatid":"gen9vgc2026regi","rating":1146,"private":0,"password":null}