{"id":"gen9vgc2026regi-2571307978","format":"[Gen 9] VGC 2026 Reg I","players":["Shagrathisbeast","chappell murkroan"],"log":"|j|\u2606Shagrathisbeast\n|j|\u2606chappell murkroan\n|t:|1774902320\n|gametype|doubles\n|player|p1|Shagrathisbeast|265|1449\n|player|p2|chappell murkroan|caitlin|1516\n|gen|9\n|tier|[Gen 9] VGC 2026 Reg I\n|rated|\n|rule|Species Clause: Limit one of each Pok\u00e9mon\n|rule|Item Clause: Limit 1 of each item\n|clearpoke\n|poke|p1|Zamazenta-*, L50|\n|poke|p1|Calyrex-Ice, L50|\n|poke|p1|Ogerpon-Cornerstone, L50, F|\n|poke|p1|Raging Bolt, L50|\n|poke|p1|Pelipper, L50, F|\n|poke|p1|Urshifu-*, L50, F|\n|poke|p2|Brute Bonnet, L50|\n|poke|p2|Lunala, L50|\n|poke|p2|Ursaluna, L50, F|\n|poke|p2|Chi-Yu, L50|\n|poke|p2|Koraidon, L50|\n|poke|p2|Flutter Mane, L50|\n|teampreview|4\n|inactive|Battle timer is ON: inactive players will automatically lose when time's up. (requested by chappell murkroan)\n|inactive|Shagrathisbeast has 60 seconds left.\n|inactive|chappell murkroan has 60 seconds left.\n|\n|t:|1774902379\n|teamsize|p1|4\n|teamsize|p2|4\n|start\n|switch|p1a: Ogerpon|Ogerpon-Cornerstone, L50, F|100/100\n|switch|p1b: Raging Bolt|Raging Bolt, L50|100/100\n|switch|p2a: Lunala|Lunala, L50|100/100\n|switch|p2b: Brute Bonnet|Brute Bonnet, L50|100/100\n|turn|1\n|\n|t:|1774902403\n|move|p1a: Ogerpon|Taunt|p2a: Lunala\n|-start|p2a: Lunala|move: Taunt\n|move|p2a: Lunala|Meteor Beam||[still]\n|-prepare|p2a: Lunala|Meteor Beam\n|-boost|p2a: Lunala|spa|1\n|-enditem|p2a: Lunala|Power Herb\n|-anim|p2a: Lunala|Meteor Beam|p1b: Raging Bolt\n|-damage|p1b: Raging Bolt|46/100\n|move|p1b: Raging Bolt|Thunderbolt|p2a: Lunala\n|-damage|p2a: Lunala|75/100\n|-damage|p1b: Raging Bolt|36/100|[from] item: Life Orb\n|move|p2b: Brute Bonnet|Seed Bomb|p1a: Ogerpon\n|-damage|p1a: Ogerpon|54/100\n|\n|upkeep\n|turn|2\n|\n|t:|1774902426\n|move|p1b: Raging Bolt|Protect|p1b: Raging Bolt\n|-singleturn|p1b: Raging Bolt|Protect\n|move|p1a: Ogerpon|Ivy Cudgel|p2a: Lunala|[anim] Ivy Cudgel Rock\n|-damage|p2a: Lunala|26/100\n|move|p2a: Lunala|Moongeist Beam|p1a: Ogerpon\n|-damage|p1a: Ogerpon|0 fnt\n|faint|p1a: Ogerpon\n|move|p2b: Brute Bonnet|Spore|p1b: Raging Bolt\n|-activate|p1b: Raging Bolt|move: Protect\n|\n|upkeep\n|\n|t:|1774902441\n|switch|p1a: Zamazenta|Zamazenta-Crowned, L50, shiny|100/100\n|-ability|p1a: Zamazenta|Dauntless Shield|boost\n|-boost|p1a: Zamazenta|def|1\n|turn|3\n|\n|t:|1774902447\n|-terastallize|p1a: Zamazenta|Grass\n|-terastallize|p2b: Brute Bonnet|Water\n|move|p1b: Raging Bolt|Thunderclap|p2a: Lunala\n|-crit|p2a: Lunala\n|-damage|p2a: Lunala|0 fnt\n|faint|p2a: Lunala\n|-damage|p1b: Raging Bolt|27/100|[from] item: Life Orb\n|move|p1a: Zamazenta|Body Press|p2b: Brute Bonnet\n|-damage|p2b: Brute Bonnet|51/100\n|move|p2b: Brute Bonnet|Spore|p1a: Zamazenta\n|-immune|p1a: Zamazenta\n|\n|upkeep\n|\n|t:|1774902452\n|switch|p2a: Chi-Yu|Chi-Yu, L50|100/100\n|-ability|p2a: Chi-Yu|Beads of Ruin\n|turn|4\n|\n|t:|1774902475\n|-end|p2b: Brute Bonnet|Protosynthesis|[silent]\n|switch|p2b: Koraidon|Koraidon, L50|100/100\n|-weather|SunnyDay|[from] ability: Orichalcum Pulse|[of] p2b: Koraidon\n|-activate|p1b: Raging Bolt|ability: Protosynthesis\n|-start|p1b: Raging Bolt|protosynthesisspa\n|-activate|p2b: Koraidon|Orichalcum Pulse|[source]\n|move|p1a: Zamazenta|Protect|p1a: Zamazenta\n|-singleturn|p1a: Zamazenta|Protect\n|move|p1b: Raging Bolt|Protect|p1b: Raging Bolt\n|-singleturn|p1b: Raging Bolt|Protect\n|move|p2a: Chi-Yu|Overheat|p1a: Zamazenta\n|-activate|p1a: Zamazenta|move: Protect\n|\n|-weather|SunnyDay|[upkeep]\n|upkeep\n|turn|5\n|inactive|Shagrathisbeast has 30 seconds left.\n|inactive|Shagrathisbeast has 20 seconds left.\n|inactive|Shagrathisbeast has 15 seconds left.\n|\n|t:|1774902516\n|move|p2a: Chi-Yu|Overheat|p1a: Zamazenta\n|-supereffective|p1a: Zamazenta\n|-damage|p1a: Zamazenta|0 fnt\n|-unboost|p2a: Chi-Yu|spa|2\n|faint|p1a: Zamazenta\n|move|p2b: Koraidon|Close Combat|p1b: Raging Bolt\n|-damage|p1b: Raging Bolt|0 fnt\n|-unboost|p2b: Koraidon|def|1\n|-unboost|p2b: Koraidon|spd|1\n|faint|p1b: Raging Bolt\n|-end|p1b: Raging Bolt|Protosynthesis|[silent]\n|-damage|p2b: Koraidon|91/100|[from] item: Life Orb\n|\n|-weather|SunnyDay|[upkeep]\n|upkeep\n|-message|Shagrathisbeast forfeited.\n|\n|win|chappell murkroan\n|raw|Shagrathisbeast's rating: 1449 &rarr; <strong>1433</strong><br />(-16 for losing)\n|raw|chappell murkroan's rating: 1516 &rarr; <strong>1532</strong><br />(+16 for winning)\n|l|\u2606Shagrathisbeast\n|player|p1|\n|l|\u2606chappell murkroan\n|player|p2|\n","uploadtime":1774902748,"views":15,"formatid":"gen9vgc2026regi","rating":1433,"private":0,"password":null}