{"id":"gen9vgc2026regi-2562603718","format":"[Gen 9] VGC 2026 Reg I","players":["2LOOKKKAP","Vectorpd"],"log":"|j|\u26062LOOKKKAP\n|j|\u2606Vectorpd\n|t:|1773934016\n|gametype|doubles\n|player|p1|2LOOKKKAP|102|1476\n|player|p2|Vectorpd|picnicker|1393\n|gen|9\n|tier|[Gen 9] VGC 2026 Reg I\n|rated|\n|rule|Species Clause: Limit one of each Pok\u00e9mon\n|rule|Item Clause: Limit 1 of each item\n|clearpoke\n|poke|p1|Dondozo, L50, M|\n|poke|p1|Tatsugiri, L50, F|\n|poke|p1|Calyrex-Shadow, L50|\n|poke|p1|Kyogre, L50|\n|poke|p1|Rillaboom, L50, F|\n|poke|p1|Raichu, L50, M|\n|poke|p2|Calyrex-Shadow, L50|\n|poke|p2|Zamazenta-*, L50|\n|poke|p2|Raging Bolt, L50|\n|poke|p2|Rillaboom, L50, M|\n|poke|p2|Tornadus, L50, M|\n|poke|p2|Smeargle, L50, F|\n|teampreview|4\n|inactive|Battle timer is ON: inactive players will automatically lose when time's up. (requested by Vectorpd)\n|j| Motobug in a Kart\n|inactive|Vectorpd has 60 seconds left.\n|\n|t:|1773934052\n|teamsize|p1|4\n|teamsize|p2|4\n|start\n|switch|p1a: Dondozo|Dondozo, L50, M|100/100\n|switch|p1b: Kyogre|Kyogre, L50|100/100\n|switch|p2a: Tornadus|Tornadus, L50, M|100/100\n|switch|p2b: Smeargle|Smeargle, L50, F|100/100\n|-weather|RainDance|[from] ability: Drizzle|[of] p1b: Kyogre\n|turn|1\n|\n|t:|1773934069\n|move|p2a: Tornadus|Tailwind|p2a: Tornadus\n|-sidestart|p2: Vectorpd|move: Tailwind\n|move|p2b: Smeargle|Spore|p1a: Dondozo\n|-status|p1a: Dondozo|slp|[from] move: Spore\n|move|p1b: Kyogre|Thunder|p2b: Smeargle\n|-enditem|p2b: Smeargle|Focus Sash\n|-damage|p2b: Smeargle|1/100\n|cant|p1a: Dondozo|slp\n|\n|-weather|RainDance|[upkeep]\n|-ability|p2b: Smeargle|Moody|boost\n|-boost|p2b: Smeargle|spe|2\n|-unboost|p2b: Smeargle|def|1\n|upkeep\n|turn|2\n|\n|t:|1773934090\n|switch|p1b: Tatsugiri|Tatsugiri, L50, F|100/100\n|-activate|p1b: Tatsugiri|ability: Commander|[of] p1a: Dondozo\n|-boost|p1a: Dondozo|atk|2\n|-boost|p1a: Dondozo|spa|2\n|-boost|p1a: Dondozo|spe|2\n|-boost|p1a: Dondozo|def|2\n|-boost|p1a: Dondozo|spd|2\n|move|p2b: Smeargle|Decorate|p2a: Tornadus\n|-boost|p2a: Tornadus|atk|2\n|-boost|p2a: Tornadus|spa|2\n|move|p2a: Tornadus|Bleakwind Storm|p1a: Dondozo|[spread] p1a\n|-miss|p2a: Tornadus|p1b: Tatsugiri\n|-damage|p1a: Dondozo|81/100 slp\n|cant|p1a: Dondozo|slp\n|\n|-weather|RainDance|[upkeep]\n|-heal|p1a: Dondozo|88/100 slp|[from] item: Leftovers\n|-ability|p2b: Smeargle|Moody|boost\n|-boost|p2b: Smeargle|def|2\n|-unboost|p2b: Smeargle|spa|1\n|upkeep\n|turn|3\n|inactive|Vectorpd has 30 seconds left.\n|inactive|Vectorpd has 20 seconds left.\n|inactive|Vectorpd has 15 seconds left.\n|inactive|Vectorpd has 10 seconds left.\n|\n|t:|1773934135\n|move|p2b: Smeargle|Decorate|p2a: Tornadus\n|-boost|p2a: Tornadus|atk|2\n|-boost|p2a: Tornadus|spa|2\n|move|p2a: Tornadus|Bleakwind Storm|p1a: Dondozo|[spread] p1a\n|-miss|p2a: Tornadus|p1b: Tatsugiri\n|-damage|p1a: Dondozo|69/100 slp\n|cant|p1a: Dondozo|slp\n|\n|-weather|RainDance|[upkeep]\n|-heal|p1a: Dondozo|75/100 slp|[from] item: Leftovers\n|-ability|p2b: Smeargle|Moody|boost\n|-boost|p2b: Smeargle|def|2\n|-unboost|p2b: Smeargle|atk|1\n|upkeep\n|turn|4\n|\n|t:|1773934160\n|-terastallize|p1a: Dondozo|Water\n|move|p2a: Tornadus|Protect|p2a: Tornadus\n|-singleturn|p2a: Tornadus|Protect\n|move|p2b: Smeargle|Decorate|p2a: Tornadus\n|-boost|p2a: Tornadus|atk|2\n|-boost|p2a: Tornadus|spa|2\n|-curestatus|p1a: Dondozo|slp|[msg]\n|move|p1a: Dondozo|Surf|p2a: Tornadus|[spread] p2b\n|-miss|p1a: Dondozo|p1b: Tatsugiri\n|-activate|p2a: Tornadus|move: Protect\n|-damage|p2b: Smeargle|0 fnt\n|faint|p2b: Smeargle\n|\n|-weather|RainDance|[upkeep]\n|-heal|p1a: Dondozo|81/100|[from] item: Leftovers\n|-sideend|p2: Vectorpd|move: Tailwind\n|upkeep\n|\n|t:|1773934166\n|switch|p2b: Zamazenta|Zamazenta-Crowned, L50|100/100\n|-ability|p2b: Zamazenta|Dauntless Shield|boost\n|-boost|p2b: Zamazenta|def|1\n|turn|5\n|\n|t:|1773934179\n|-terastallize|p2b: Zamazenta|Grass\n|move|p2b: Zamazenta|Wide Guard|p2b: Zamazenta\n|-singleturn|p2b: Zamazenta|Wide Guard\n|move|p2a: Tornadus|Bleakwind Storm|p1a: Dondozo|[spread] p1a\n|-miss|p2a: Tornadus|p1b: Tatsugiri\n|-damage|p1a: Dondozo|60/100\n|-unboost|p1a: Dondozo|spe|1\n|move|p1a: Dondozo|Zen Headbutt|p2a: Tornadus\n|-damage|p2a: Tornadus|63/100\n|\n|-weather|none\n|-heal|p1a: Dondozo|66/100|[from] item: Leftovers\n|upkeep\n|turn|6\n|inactive|Vectorpd has 30 seconds left.\n|inactive|Vectorpd has 20 seconds left.\n|\n|t:|1773934216\n|move|p1a: Dondozo|Protect|p1a: Dondozo\n|-singleturn|p1a: Dondozo|Protect\n|move|p2a: Tornadus|Tailwind|p2a: Tornadus\n|-sidestart|p2: Vectorpd|move: Tailwind\n|move|p2b: Zamazenta|Body Press|p1a: Dondozo\n|-activate|p1a: Dondozo|move: Protect\n|\n|-heal|p1a: Dondozo|72/100|[from] item: Leftovers\n|upkeep\n|turn|7\n|\n|t:|1773934225\n|move|p2b: Zamazenta|Body Press|p1a: Dondozo\n|-damage|p1a: Dondozo|58/100\n|move|p2a: Tornadus|Bleakwind Storm|p1b: Tatsugiri|[spread] p1a\n|-miss|p2a: Tornadus|p1b: Tatsugiri\n|-damage|p1a: Dondozo|39/100\n|move|p1a: Dondozo|Zen Headbutt|p2a: Tornadus\n|-damage|p2a: Tornadus|22/100\n|\n|-heal|p1a: Dondozo|45/100|[from] item: Leftovers\n|upkeep\n|turn|8\n|\n|t:|1773934239\n|move|p2b: Zamazenta|Body Press|p1a: Dondozo\n|-damage|p1a: Dondozo|31/100\n|move|p2a: Tornadus|Bleakwind Storm|p1b: Tatsugiri|[spread] p1a\n|-miss|p2a: Tornadus|p1b: Tatsugiri\n|-damage|p1a: Dondozo|11/100\n|-unboost|p1a: Dondozo|spe|1\n|move|p1a: Dondozo|Zen Headbutt|p2a: Tornadus\n|-damage|p2a: Tornadus|0 fnt\n|faint|p2a: Tornadus\n|\n|-heal|p1a: Dondozo|17/100|[from] item: Leftovers\n|upkeep\n|\n|t:|1773934249\n|switch|p2a: Calyrex|Calyrex-Shadow, L50|100/100\n|-ability|p2a: Calyrex|As One\n|-ability|p2a: Calyrex|Unnerve\n|turn|9\n|\n|t:|1773934255\n|move|p1a: Dondozo|Protect|p1a: Dondozo\n|-singleturn|p1a: Dondozo|Protect\n|move|p2a: Calyrex|Astral Barrage|p1b: Tatsugiri|[spread] \n|-miss|p2a: Calyrex|p1b: Tatsugiri\n|-activate|p1a: Dondozo|move: Protect\n|move|p2b: Zamazenta|Body Press|p1b: Tatsugiri|[miss]\n|-miss|p2b: Zamazenta|p1b: Tatsugiri\n|\n|-heal|p1a: Dondozo|23/100|[from] item: Leftovers\n|-sideend|p2: Vectorpd|move: Tailwind\n|upkeep\n|turn|10\n|\n|t:|1773934267\n|move|p1a: Dondozo|Protect||[still]\n|-fail|p1a: Dondozo\n|move|p2a: Calyrex|Astral Barrage|p1a: Dondozo|[spread] p1a\n|-miss|p2a: Calyrex|p1b: Tatsugiri\n|-damage|p1a: Dondozo|0 fnt\n|faint|p1a: Dondozo\n|-ability|p2a: Calyrex|Grim Neigh|boost\n|-boost|p2a: Calyrex|spa|1\n|-damage|p2a: Calyrex|91/100|[from] item: Life Orb\n|move|p2b: Zamazenta|Body Press|p1b: Tatsugiri\n|-enditem|p1b: Tatsugiri|Focus Sash\n|-damage|p1b: Tatsugiri|1/100\n|\n|upkeep\n|\n|t:|1773934281\n|switch|p1a: Kyogre|Kyogre, L50|100/100\n|-weather|RainDance|[from] ability: Drizzle|[of] p1a: Kyogre\n|turn|11\n|l| Motobug in a Kart\n|\n|t:|1773934298\n|move|p1a: Kyogre|Thunder|p2a: Calyrex\n|-damage|p2a: Calyrex|50/100\n|move|p2a: Calyrex|Astral Barrage|p1b: Tatsugiri|[spread] p1a,p1b\n|-damage|p1a: Kyogre|21/100\n|-damage|p1b: Tatsugiri|0 fnt\n|faint|p1b: Tatsugiri\n|-ability|p2a: Calyrex|Grim Neigh|boost\n|-boost|p2a: Calyrex|spa|1\n|-damage|p2a: Calyrex|41/100|[from] item: Life Orb\n|move|p2b: Zamazenta|Body Press|p1a: Kyogre\n|-damage|p1a: Kyogre|0 fnt\n|faint|p1a: Kyogre\n|\n|-weather|RainDance|[upkeep]\n|upkeep\n|\n|t:|1773934313\n|switch|p1b: Calyrex|Calyrex-Shadow, L50|100/100\n|-ability|p1b: Calyrex|As One\n|-ability|p1b: Calyrex|Unnerve\n|turn|12\n|\n|t:|1773934320\n|move|p2b: Zamazenta|Wide Guard|p2b: Zamazenta\n|-singleturn|p2b: Zamazenta|Wide Guard\n|move|p1b: Calyrex|Psychic|p2a: Calyrex\n|-resisted|p2a: Calyrex\n|-damage|p2a: Calyrex|0 fnt\n|faint|p2a: Calyrex\n|-ability|p1b: Calyrex|Grim Neigh|boost\n|-boost|p1b: Calyrex|spa|1\n|\n|-weather|RainDance|[upkeep]\n|upkeep\n|turn|13\n|\n|t:|1773934330\n|move|p1b: Calyrex|Psychic|p2b: Zamazenta\n|-damage|p2b: Zamazenta|19/100\n|move|p2b: Zamazenta|Heavy Slam|p1b: Calyrex\n|-damage|p1b: Calyrex|45/100\n|\n|-weather|RainDance|[upkeep]\n|upkeep\n|turn|14\n|\n|t:|1773934343\n|move|p1b: Calyrex|Psychic|p2b: Zamazenta\n|-damage|p2b: Zamazenta|0 fnt\n|faint|p2b: Zamazenta\n|\n|win|2LOOKKKAP\n|raw|2LOOKKKAP's rating: 1476 &rarr; <strong>1491</strong><br />(+15 for winning)\n|raw|Vectorpd's rating: 1393 &rarr; <strong>1378</strong><br />(-15 for losing)\n|l|\u2606Vectorpd\n|player|p2|\n","uploadtime":1773934506,"views":17,"formatid":"gen9vgc2026regi","rating":1378,"private":0,"password":null}