{"id":"gen9vgc2026regi-2522808736","format":"[Gen 9] VGC 2026 Reg I","players":["j0l0k0","schisch"],"log":"|j|\u2606j0l0k0\n|j|\u2606schisch\n|t:|1768946283\n|gametype|doubles\n|player|p1|j0l0k0|brycen|1352\n|player|p2|schisch|101|1277\n|gen|9\n|tier|[Gen 9] VGC 2026 Reg I\n|rated|\n|rule|Species Clause: Limit one of each Pok\u00e9mon\n|rule|Item Clause: Limit 1 of each item\n|clearpoke\n|poke|p1|Calyrex-Ice, L50|\n|poke|p1|Kyogre, L50|\n|poke|p1|Indeedee-F, L50, F|\n|poke|p1|Urshifu-*, L50, F|\n|poke|p1|Amoonguss, L50, F|\n|poke|p1|Landorus, L50, M|\n|poke|p2|Dialga-Origin, L50|\n|poke|p2|Ursaluna, L50, M|\n|poke|p2|Ogerpon-Wellspring, L50, F|\n|poke|p2|Ho-Oh, L50|\n|poke|p2|Flutter Mane, L50|\n|poke|p2|Enamorus-Therian, L50, F|\n|teampreview|4\n|inactive|Battle timer is ON: inactive players will automatically lose when time's up. (requested by j0l0k0)\n|inactive|schisch has 60 seconds left.\n|\n|t:|1768946329\n|teamsize|p1|4\n|teamsize|p2|4\n|start\n|switch|p1a: Indeedee|Indeedee-F, L50, F, shiny|100/100\n|switch|p1b: Calyrex|Calyrex-Ice, L50|100/100\n|switch|p2a: Dialga|Dialga-Origin, L50|100/100\n|switch|p2b: Ogerpon|Ogerpon-Wellspring, L50, F|100/100\n|-ability|p1b: Calyrex|As One\n|-ability|p1b: Calyrex|Unnerve\n|-fieldstart|move: Psychic Terrain|[from] ability: Psychic Surge|[of] p1a: Indeedee\n|turn|1\n|\n|t:|1768946345\n|move|p1a: Indeedee|Follow Me|p1a: Indeedee\n|-singleturn|p1a: Indeedee|move: Follow Me\n|move|p2b: Ogerpon|Ivy Cudgel|p1a: Indeedee|[anim] Ivy Cudgel Water\n|-crit|p1a: Indeedee\n|-damage|p1a: Indeedee|0 fnt\n|faint|p1a: Indeedee\n|move|p2a: Dialga|Flash Cannon|p1b: Calyrex\n|-supereffective|p1b: Calyrex\n|-damage|p1b: Calyrex|19/100\n|move|p1b: Calyrex|Trick Room|p1b: Calyrex\n|-fieldstart|move: Trick Room|[of] p1b: Calyrex\n|\n|upkeep\n|\n|t:|1768946355\n|switch|p1a: Kyogre|Kyogre, L50, shiny|100/100\n|-weather|RainDance|[from] ability: Drizzle|[of] p1a: Kyogre\n|turn|2\n|\n|t:|1768946364\n|move|p2a: Dialga|Protect|p2a: Dialga\n|-singleturn|p2a: Dialga|Protect\n|move|p2b: Ogerpon|Spiky Shield|p2b: Ogerpon\n|-singleturn|p2b: Ogerpon|move: Protect\n|move|p1b: Calyrex|Glacial Lance|p2b: Ogerpon|[spread] \n|-activate|p2a: Dialga|move: Protect\n|-activate|p2b: Ogerpon|move: Protect\n|move|p1a: Kyogre|Thunder|p2b: Ogerpon\n|-activate|p2b: Ogerpon|move: Protect\n|\n|-weather|RainDance|[upkeep]\n|upkeep\n|turn|3\n|\n|t:|1768946386\n|move|p1b: Calyrex|Glacial Lance|p2b: Ogerpon|[spread] p2a,p2b\n|-damage|p2a: Dialga|53/100\n|-damage|p2b: Ogerpon|23/100\n|move|p1a: Kyogre|Water Spout|p2b: Ogerpon|[spread] p2a\n|-heal|p2b: Ogerpon|48/100|[from] ability: Water Absorb|[of] p1a: Kyogre\n|-resisted|p2a: Dialga\n|-damage|p2a: Dialga|14/100\n|move|p2a: Dialga|Flash Cannon|p1b: Calyrex\n|-supereffective|p1b: Calyrex\n|-crit|p1b: Calyrex\n|-damage|p1b: Calyrex|0 fnt\n|faint|p1b: Calyrex\n|move|p2b: Ogerpon|Horn Leech|p1a: Kyogre\n|-supereffective|p1a: Kyogre\n|-damage|p1a: Kyogre|24/100\n|-heal|p2b: Ogerpon|97/100|[from] drain|[of] p1a: Kyogre\n|\n|-weather|RainDance|[upkeep]\n|upkeep\n|\n|t:|1768946401\n|switch|p1b: Urshifu|Urshifu, L50, F|100/100\n|turn|4\n|\n|t:|1768946421\n|-terastallize|p1a: Kyogre|Grass\n|move|p2a: Dialga|Protect|p2a: Dialga\n|-singleturn|p2a: Dialga|Protect\n|move|p1a: Kyogre|Thunder|p2a: Dialga\n|-activate|p2a: Dialga|move: Protect\n|move|p1b: Urshifu|Wicked Blow|p2b: Ogerpon\n|-crit|p2b: Ogerpon\n|-damage|p2b: Ogerpon|7/100\n|move|p2b: Ogerpon|Horn Leech|p1a: Kyogre\n|-resisted|p1a: Kyogre\n|-damage|p1a: Kyogre|4/100\n|-heal|p2b: Ogerpon|20/100|[from] drain|[of] p1a: Kyogre\n|\n|-weather|RainDance|[upkeep]\n|upkeep\n|turn|5\n|\n|t:|1768946445\n|move|p2b: Ogerpon|Follow Me|p2b: Ogerpon\n|-singleturn|p2b: Ogerpon|move: Follow Me\n|move|p1a: Kyogre|Thunder|p2b: Ogerpon\n|-damage|p2b: Ogerpon|0 fnt\n|faint|p2b: Ogerpon\n|move|p2a: Dialga|Dragon Pulse|p1b: Urshifu\n|-damage|p1b: Urshifu|8/100\n|move|p1b: Urshifu|Wicked Blow|p2a: Dialga\n|-crit|p2a: Dialga\n|-damage|p2a: Dialga|0 fnt\n|faint|p2a: Dialga\n|\n|-weather|RainDance|[upkeep]\n|-fieldend|move: Trick Room\n|-fieldend|move: Psychic Terrain\n|upkeep\n|\n|t:|1768946468\n|switch|p2b: Ho-Oh|Ho-Oh, L50|100/100\n|switch|p2a: Flutter Mane|Flutter Mane, L50|100/100\n|turn|6\n|\n|t:|1768946477\n|-terastallize|p2a: Flutter Mane|Fairy\n|move|p2a: Flutter Mane|Dazzling Gleam|p1b: Urshifu|[spread] p1a,p1b\n|-supereffective|p1b: Urshifu\n|-damage|p1a: Kyogre|0 fnt\n|-damage|p1b: Urshifu|0 fnt\n|faint|p1a: Kyogre\n|faint|p1b: Urshifu\n|\n|win|schisch\n|raw|j0l0k0's rating: 1352 &rarr; <strong>1328</strong><br />(-24 for losing)\n|raw|schisch's rating: 1277 &rarr; <strong>1307</strong><br />(+30 for winning)\n|l|\u2606j0l0k0\n|player|p1|\n|l|\u2606schisch\n|player|p2|\n","uploadtime":1768946738,"views":11,"formatid":"gen9vgc2026regi","rating":1307,"private":0,"password":null}