{"id":"gen9vgc2026regi-2568307439","format":"[Gen 9] VGC 2026 Reg I","players":["m4gicA","ludicolouvgc"],"log":"|j|\u2606m4gicA\n|j|\u2606ludicolouvgc\n|t:|1774564874\n|gametype|doubles\n|player|p1|m4gicA|266|1442\n|player|p2|ludicolouvgc|steven|1551\n|gen|9\n|tier|[Gen 9] VGC 2026 Reg I\n|rated|\n|rule|Species Clause: Limit one of each Pok\u00e9mon\n|rule|Item Clause: Limit 1 of each item\n|clearpoke\n|poke|p1|Koraidon, L50|\n|poke|p1|Camerupt, L50, F|\n|poke|p1|Indeedee-F, L50, F|\n|poke|p1|Lunala, L50|\n|poke|p1|Raging Bolt, L50|\n|poke|p1|Ogerpon-Hearthflame, L50, F|\n|poke|p2|Calyrex-Shadow, L50|\n|poke|p2|Zamazenta-*, L50|\n|poke|p2|Chien-Pao, L50|\n|poke|p2|Dragonite, L50, M|\n|poke|p2|Ogerpon-Cornerstone, L50, F|\n|poke|p2|Amoonguss, L50, F|\n|teampreview|4\n|inactive|Battle timer is ON: inactive players will automatically lose when time's up. (requested by ludicolouvgc)\n|inactive|m4gicA has 60 seconds left.\n|inactive|ludicolouvgc has 60 seconds left.\n|inactive|m4gicA has 30 seconds left.\n|\n|t:|1774564937\n|teamsize|p1|4\n|teamsize|p2|4\n|start\n|switch|p1a: Koraidon|Koraidon, L50|100/100\n|switch|p1b: Lunala|Lunala, L50|100/100\n|switch|p2a: Zamazenta|Zamazenta-Crowned, L50, shiny|100/100\n|switch|p2b: Chien-Pao|Chien-Pao, L50, shiny|100/100\n|-weather|SunnyDay|[from] ability: Orichalcum Pulse|[of] p1a: Koraidon\n|-activate|p1a: Koraidon|Orichalcum Pulse|[source]\n|-ability|p2b: Chien-Pao|Sword of Ruin\n|-ability|p2a: Zamazenta|Dauntless Shield|boost\n|-boost|p2a: Zamazenta|def|1\n|turn|1\n|inactive|m4gicA has 30 seconds left.\n|inactive|m4gicA has 20 seconds left.\n|inactive|ludicolouvgc has 30 seconds left.\n|inactive|m4gicA has 15 seconds left.\n|inactive|m4gicA has 10 seconds left.\n|\n|t:|1774564987\n|-terastallize|p2a: Zamazenta|Dragon\n|move|p2b: Chien-Pao|Ice Shard|p1a: Koraidon\n|-supereffective|p1a: Koraidon\n|-damage|p1a: Koraidon|58/100\n|move|p1a: Koraidon|Flare Blitz|p2a: Zamazenta\n|-resisted|p2a: Zamazenta\n|-damage|p2a: Zamazenta|78/100\n|-status|p2a: Zamazenta|brn\n|-damage|p1a: Koraidon|50/100|[from] Recoil\n|move|p2a: Zamazenta|Body Press|p1a: Koraidon\n|-damage|p1a: Koraidon|8/100\n|move|p1b: Lunala|Trick Room|p1b: Lunala\n|-fieldstart|move: Trick Room|[of] p1b: Lunala\n|\n|-weather|SunnyDay|[upkeep]\n|-damage|p2a: Zamazenta|72/100 brn|[from] brn\n|upkeep\n|turn|2\n|inactive|m4gicA has 30 seconds left.\n|inactive|m4gicA has 20 seconds left.\n|inactive|m4gicA has 15 seconds left.\n|\n|t:|1774565028\n|switch|p1a: Indeedee|Indeedee-F, L50, F|100/100\n|-fieldstart|move: Psychic Terrain|[from] ability: Psychic Surge|[of] p1a: Indeedee\n|-enditem|p1a: Indeedee|Psychic Seed\n|-boost|p1a: Indeedee|spd|1|[from] item: Psychic Seed\n|move|p1b: Lunala|Expanding Force|p2b: Chien-Pao|[spread] p2a\n|-immune|p2b: Chien-Pao\n|-damage|p2a: Zamazenta|33/100 brn\n|move|p2a: Zamazenta|Body Press|p1a: Indeedee\n|-damage|p1a: Indeedee|53/100\n|move|p2b: Chien-Pao|Ruination|p1b: Lunala\n|-damage|p1b: Lunala|50/100\n|\n|-weather|SunnyDay|[upkeep]\n|-heal|p1b: Lunala|57/100|[from] item: Leftovers\n|-damage|p2a: Zamazenta|27/100 brn|[from] brn\n|upkeep\n|turn|3\n|inactive|m4gicA has 30 seconds left.\n|\n|t:|1774565054\n|switch|p1b: Camerupt|Camerupt, L50, F|100/100\n|move|p2a: Zamazenta|Wide Guard|p2a: Zamazenta\n|-singleturn|p2a: Zamazenta|Wide Guard\n|move|p1a: Indeedee|Dazzling Gleam|p2b: Chien-Pao|[spread] \n|-activate|p2a: Zamazenta|move: Wide Guard\n|-activate|p2b: Chien-Pao|move: Wide Guard\n|move|p2b: Chien-Pao|Ice Spinner|p1a: Indeedee\n|-damage|p1a: Indeedee|12/100\n|-fieldend|move: Psychic Terrain\n|\n|-weather|SunnyDay|[upkeep]\n|-damage|p2a: Zamazenta|21/100 brn|[from] brn\n|upkeep\n|turn|4\n|inactive|m4gicA has 30 seconds left.\n|inactive|m4gicA has 20 seconds left.\n|\n|t:|1774565093\n|move|p2a: Zamazenta|Wide Guard|p2a: Zamazenta\n|-singleturn|p2a: Zamazenta|Wide Guard\n|move|p1a: Indeedee|Follow Me|p1a: Indeedee\n|-singleturn|p1a: Indeedee|move: Follow Me\n|move|p2b: Chien-Pao|Ice Shard|p1a: Indeedee\n|-damage|p1a: Indeedee|0 fnt\n|faint|p1a: Indeedee\n|move|p1b: Camerupt|Flamethrower|p2a: Zamazenta\n|-resisted|p2a: Zamazenta\n|-damage|p2a: Zamazenta|0 fnt\n|faint|p2a: Zamazenta\n|\n|-weather|SunnyDay|[upkeep]\n|upkeep\n|\n|t:|1774565109\n|switch|p1a: Lunala|Lunala, L50|57/100\n|switch|p2a: Calyrex|Calyrex-Shadow, L50|100/100\n|-ability|p2a: Calyrex|As One\n|-ability|p2a: Calyrex|Unnerve\n|turn|5\n|inactive|m4gicA has 30 seconds left.\n|inactive|ludicolouvgc has 30 seconds left.\n|inactive|m4gicA has 20 seconds left.\n|inactive|m4gicA has 15 seconds left.\n|inactive|m4gicA has 10 seconds left.\n|inactive|m4gicA has 5 seconds left.\n|\n|t:|1774565161\n|move|p2a: Calyrex|Protect|p2a: Calyrex\n|-singleturn|p2a: Calyrex|Protect\n|move|p1a: Lunala|Wide Guard|p1a: Lunala\n|-singleturn|p1a: Lunala|Wide Guard\n|move|p2b: Chien-Pao|Ice Shard|p1b: Camerupt\n|-damage|p1b: Camerupt|69/100\n|move|p1b: Camerupt|Flamethrower|p2a: Calyrex\n|-activate|p2a: Calyrex|move: Protect\n|\n|-weather|none\n|-heal|p1a: Lunala|63/100|[from] item: Leftovers\n|-fieldend|move: Trick Room\n|upkeep\n|turn|6\n|inactive|ludicolouvgc has 30 seconds left.\n|\n|t:|1774565191\n|switch|p1b: Koraidon|Koraidon, L50|8/100\n|-weather|SunnyDay|[from] ability: Orichalcum Pulse|[of] p1b: Koraidon\n|-activate|p1b: Koraidon|Orichalcum Pulse|[source]\n|move|p2a: Calyrex|Astral Barrage|p1b: Koraidon|[spread] p1a,p1b\n|-supereffective|p1a: Lunala\n|-damage|p1a: Lunala|0 fnt\n|-damage|p1b: Koraidon|0 fnt\n|faint|p1a: Lunala\n|faint|p1b: Koraidon\n|-ability|p2a: Calyrex|Grim Neigh|boost\n|-boost|p2a: Calyrex|spa|2\n|move|p2b: Chien-Pao|Ice Spinner|p1: Lunala|[notarget]\n|-fail|p2b: Chien-Pao\n|\n|-weather|SunnyDay|[upkeep]\n|upkeep\n|-message|m4gicA forfeited.\n|\n|win|ludicolouvgc\n|raw|m4gicA's rating: 1442 &rarr; <strong>1428</strong><br />(-14 for losing)\n|raw|ludicolouvgc's rating: 1551 &rarr; <strong>1565</strong><br />(+14 for winning)\n|l|\u2606m4gicA\n|player|p1|\n|l|\u2606ludicolouvgc\n|player|p2|\n","uploadtime":1774565398,"views":25,"formatid":"gen9vgc2026regi","rating":1428,"private":0,"password":null}