{"id":"gen9vgc2026regi-2531748853","format":"[Gen 9] VGC 2026 Reg I","players":["VJ2511","China-GX-WL"],"log":"|j|\u2606VJ2511\n|j|\u2606China-GX-WL\n|t:|1770092242\n|gametype|doubles\n|player|p1|VJ2511|red-masters3|1385\n|player|p2|China-GX-WL|giovanni|1264\n|gen|9\n|tier|[Gen 9] VGC 2026 Reg I\n|rated|\n|rule|Species Clause: Limit one of each Pok\u00e9mon\n|rule|Item Clause: Limit 1 of each item\n|clearpoke\n|poke|p1|Calyrex-Shadow, L50|\n|poke|p1|Zamazenta-*, L50|\n|poke|p1|Chien-Pao, L50|\n|poke|p1|Dragonite, L50, F|\n|poke|p1|Raging Bolt, L50|\n|poke|p1|Amoonguss, L50, M|\n|poke|p2|Terapagos, L50, M|\n|poke|p2|Miraidon, L50|\n|poke|p2|Cresselia, L50, F|\n|poke|p2|Indeedee-F, L50, F|\n|poke|p2|Clefairy, L50, M|\n|poke|p2|Amoonguss, L50, F|\n|teampreview|4\n|inactive|Battle timer is ON: inactive players will automatically lose when time's up. (requested by VJ2511)\n|\n|t:|1770092255\n|teamsize|p1|4\n|teamsize|p2|4\n|start\n|switch|p1a: Zamazenta|Zamazenta-Crowned, L50|100/100\n|switch|p1b: Chien-Pao|Chien-Pao, L50|100/100\n|switch|p2a: Miraidon|Miraidon, L50|100/100\n|switch|p2b: Terapagos|Terapagos, L50, M|100/100\n|-activate|p2b: Terapagos|ability: Tera Shift\n|detailschange|p2b: Terapagos|Terapagos-Terastal, L50, M\n|-heal|p2b: Terapagos|100/100|[silent]\n|-fieldstart|move: Electric Terrain|[from] ability: Hadron Engine|[of] p2a: Miraidon\n|-enditem|p2b: Terapagos|Electric Seed\n|-boost|p2b: Terapagos|def|1|[from] item: Electric Seed\n|-ability|p1b: Chien-Pao|Sword of Ruin\n|-ability|p1a: Zamazenta|Dauntless Shield|boost\n|-boost|p1a: Zamazenta|def|1\n|turn|1\n|inactive|China-GX-WL has 30 seconds left.\n|\n|t:|1770092282\n|-terastallize|p1a: Zamazenta|Dragon\n|move|p2a: Miraidon|Volt Switch|p1b: Chien-Pao\n|-damage|p1b: Chien-Pao|34/100\n|\n|t:|1770092292\n|switch|p2a: Indeedee|Indeedee-F, L50, F|100/100|[from] Volt Switch\n|-fieldstart|move: Psychic Terrain|[from] ability: Psychic Surge|[of] p2a: Indeedee\n|-enditem|p2a: Indeedee|Psychic Seed\n|-boost|p2a: Indeedee|spd|1|[from] item: Psychic Seed\n|move|p1b: Chien-Pao|Ruination|p2b: Terapagos\n|-damage|p2b: Terapagos|50/100\n|move|p1a: Zamazenta|Body Press|p2a: Indeedee\n|-crit|p2a: Indeedee\n|-damage|p2a: Indeedee|0 fnt\n|faint|p2a: Indeedee\n|move|p2b: Terapagos|Calm Mind|p2b: Terapagos\n|-boost|p2b: Terapagos|spa|1\n|-boost|p2b: Terapagos|spd|1\n|\n|upkeep\n|inactive|China-GX-WL has 30 seconds left.\n|\n|t:|1770092318\n|switch|p2a: Cresselia|Cresselia, L50, F|100/100\n|turn|2\n|\n|t:|1770092324\n|-terastallize|p2b: Terapagos|Stellar\n|detailschange|p2b: Terapagos|Terapagos-Stellar, L50, M, tera:Stellar\n|-heal|p2b: Terapagos|63/100|[silent]\n|-ability|p2b: Terapagos|Teraform Zero\n|-fieldend|move: Psychic Terrain\n|move|p2a: Cresselia|Ally Switch|p2a: Cresselia\n|swap|p2a: Cresselia|1|[from] move: Ally Switch\n|move|p1b: Chien-Pao|Ruination|p2a: Terapagos\n|-damage|p2a: Terapagos|32/100\n|move|p1a: Zamazenta|Heavy Slam|p2a: Terapagos\n|-damage|p2a: Terapagos|7/100\n|move|p2a: Terapagos|Tera Starstorm|p1b: Chien-Pao|[spread] p1a,p1b\n|-supereffective|p1a: Zamazenta\n|-damage|p1a: Zamazenta|28/100\n|-damage|p1b: Chien-Pao|0 fnt\n|faint|p1b: Chien-Pao\n|\n|upkeep\n|\n|t:|1770092341\n|switch|p1b: Calyrex|Calyrex-Shadow, L50|100/100\n|-ability|p1b: Calyrex|As One\n|-ability|p1b: Calyrex|Unnerve\n|turn|3\n|j| qwerikda\n|\n|t:|1770092351\n|move|p2a: Terapagos|Protect|p2a: Terapagos\n|-singleturn|p2a: Terapagos|Protect\n|move|p1b: Calyrex|Astral Barrage|p2b: Cresselia|[spread] p2b\n|-activate|p2a: Terapagos|move: Protect\n|-supereffective|p2b: Cresselia\n|-damage|p2b: Cresselia|43/100\n|move|p1a: Zamazenta|Heavy Slam|p2b: Cresselia\n|-damage|p2b: Cresselia|9/100\n|move|p2b: Cresselia|Lunar Blessing|p2b: Cresselia|[spread] p2a,p2b\n|-heal|p2a: Terapagos|31/100\n|-heal|p2b: Cresselia|34/100\n|\n|upkeep\n|turn|4\n|inactive|VJ2511 has 30 seconds left.\n|inactive|China-GX-WL has 30 seconds left.\n|\n|t:|1770092384\n|move|p1b: Calyrex|Astral Barrage|p2a: Terapagos|[spread] p2b\n|-immune|p2a: Terapagos\n|-supereffective|p2b: Cresselia\n|-damage|p2b: Cresselia|0 fnt\n|faint|p2b: Cresselia\n|-ability|p1b: Calyrex|Grim Neigh|boost\n|-boost|p1b: Calyrex|spa|1\n|move|p1a: Zamazenta|Body Press|p2a: Terapagos\n|-supereffective|p2a: Terapagos\n|-damage|p2a: Terapagos|0 fnt\n|faint|p2a: Terapagos\n|detailschange|p2: Terapagos|Terapagos, L50, M|[silent]\n|\n|upkeep\n|\n|t:|1770092401\n|switch|p2b: Miraidon|Miraidon, L50|100/100\n|-fieldstart|move: Electric Terrain|[from] ability: Hadron Engine|[of] p2b: Miraidon\n|turn|5\n|c|\u2606VJ2511|gg\n|\n|t:|1770092410\n|move|p1b: Calyrex|Protect|p1b: Calyrex\n|-singleturn|p1b: Calyrex|Protect\n|move|p1a: Zamazenta|Protect|p1a: Zamazenta\n|-singleturn|p1a: Zamazenta|Protect\n|move|p2b: Miraidon|Electro Drift|p1b: Calyrex\n|-activate|p1b: Calyrex|move: Protect\n|\n|upkeep\n|turn|6\n|-message|China-GX-WL forfeited.\n|\n|win|VJ2511\n|raw|VJ2511's rating: 1385 &rarr; <strong>1398</strong><br />(+13 for winning)\n|raw|China-GX-WL's rating: 1264 &rarr; <strong>1247</strong><br />(-17 for losing)\n|l|\u2606China-GX-WL\n|player|p2|\n|l|\u2606VJ2511\n|player|p1|\n|l| qwerikda\n","uploadtime":1770092569,"views":15,"formatid":"gen9vgc2026regi","rating":1247,"private":0,"password":null}