{"id":"gen9vgc2026regi-2530430020","format":"[Gen 9] VGC 2026 Reg I","players":["LeafStoned","ky123456"],"log":"|j|\u2606LeafStoned\n|j|\u2606ky123456\n|t:|1769916093\n|gametype|doubles\n|player|p1|LeafStoned|102|1275\n|player|p2|ky123456|cynthia-gen4|1383\n|gen|9\n|tier|[Gen 9] VGC 2026 Reg I\n|rated|\n|rule|Species Clause: Limit one of each Pok\u00e9mon\n|rule|Item Clause: Limit 1 of each item\n|clearpoke\n|poke|p1|Koraidon, L50|\n|poke|p1|Walking Wake, L50|\n|poke|p1|Exeggutor, L50, M|\n|poke|p1|Indeedee-F, L50, F|\n|poke|p1|Calyrex-Ice, L50|\n|poke|p1|Rhyperior, L50, F|\n|poke|p2|Lunala, L50|\n|poke|p2|Torkoal, L50, M|\n|poke|p2|Urshifu-*, L50, M|\n|poke|p2|Indeedee-F, L50, F|\n|poke|p2|Calyrex-Ice, L50|\n|poke|p2|Smeargle, L50, M|\n|teampreview|4\n|\n|t:|1769916135\n|teamsize|p1|4\n|teamsize|p2|4\n|start\n|switch|p1a: Calyrex|Calyrex-Ice, L50|100/100\n|switch|p1b: Koraidon|Koraidon, L50|100/100\n|switch|p2a: Lunala|Lunala, L50|100/100\n|switch|p2b: Indeedee|Indeedee-F, L50, F|100/100\n|-ability|p1a: Calyrex|As One\n|-ability|p1a: Calyrex|Unnerve\n|-weather|SunnyDay|[from] ability: Orichalcum Pulse|[of] p1b: Koraidon\n|-activate|p1b: Koraidon|Orichalcum Pulse|[source]\n|-fieldstart|move: Psychic Terrain|[from] ability: Psychic Surge|[of] p2b: Indeedee\n|-enditem|p1a: Calyrex|Psychic Seed\n|-boost|p1a: Calyrex|spd|1|[from] item: Psychic Seed\n|turn|1\n|\n|t:|1769916168\n|move|p2b: Indeedee|Follow Me|p2b: Indeedee\n|-singleturn|p2b: Indeedee|move: Follow Me\n|move|p1b: Koraidon|U-turn|p2b: Indeedee\n|-supereffective|p2b: Indeedee\n|-damage|p2b: Indeedee|30/100\n|\n|t:|1769916176\n|switch|p1b: Exeggutor|Exeggutor, L50, M|100/100|[from] U-turn\n|move|p2a: Lunala|Meteor Beam||[still]\n|-prepare|p2a: Lunala|Meteor Beam\n|-boost|p2a: Lunala|spa|1\n|-enditem|p2a: Lunala|Power Herb\n|-anim|p2a: Lunala|Meteor Beam|p1a: Calyrex\n|-supereffective|p1a: Calyrex\n|-damage|p1a: Calyrex|42/100\n|move|p1a: Calyrex|Imprison|p1a: Calyrex\n|-start|p1a: Calyrex|move: Imprison\n|\n|-weather|SunnyDay|[upkeep]\n|upkeep\n|turn|2\n|\n|t:|1769916207\n|move|p2b: Indeedee|Helping Hand|p2a: Lunala\n|-singleturn|p2a: Lunala|Helping Hand|[of] p2b: Indeedee\n|move|p1b: Exeggutor|Sleep Powder|p2a: Lunala\n|-status|p2a: Lunala|slp|[from] move: Sleep Powder\n|cant|p2a: Lunala|slp\n|move|p1a: Calyrex|Glacial Lance|p2a: Lunala|[spread] p2a,p2b\n|-crit|p2b: Indeedee\n|-damage|p2a: Lunala|82/100 slp\n|-damage|p2b: Indeedee|0 fnt\n|faint|p2b: Indeedee\n|-ability|p1a: Calyrex|Chilling Neigh|boost\n|-boost|p1a: Calyrex|atk|1\n|\n|-weather|SunnyDay|[upkeep]\n|upkeep\n|\n|t:|1769916213\n|switch|p2b: Torkoal|Torkoal, L50, M|100/100\n|turn|3\n|\n|t:|1769916244\n|-terastallize|p1a: Calyrex|Water\n|move|p1b: Exeggutor|Expanding Force|p2b: Torkoal|[spread] p2a,p2b\n|-resisted|p2a: Lunala\n|-damage|p2a: Lunala|61/100 slp\n|-damage|p2b: Torkoal|21/100\n|cant|p2a: Lunala|slp\n|move|p1a: Calyrex|Leech Seed|p2a: Lunala\n|-start|p2a: Lunala|move: Leech Seed\n|move|p2b: Torkoal|Heat Wave|p1a: Calyrex|[spread] p1b\n|-miss|p2b: Torkoal|p1a: Calyrex\n|-supereffective|p1b: Exeggutor\n|-enditem|p1b: Exeggutor|Focus Sash\n|-damage|p1b: Exeggutor|1/100\n|\n|-weather|SunnyDay|[upkeep]\n|-damage|p2a: Lunala|49/100 slp|[from] Leech Seed|[of] p1a: Calyrex\n|-heal|p1a: Calyrex|56/100|[silent]\n|upkeep\n|turn|4\n|\n|t:|1769916300\n|move|p1b: Exeggutor|Expanding Force|p2a: Lunala|[spread] p2a,p2b\n|-resisted|p2a: Lunala\n|-damage|p2a: Lunala|28/100 slp\n|-damage|p2b: Torkoal|0 fnt\n|faint|p2b: Torkoal\n|-curestatus|p2a: Lunala|slp|[msg]\n|move|p2a: Lunala|Expanding Force|p1a: Calyrex|[spread] p1a,p1b\n|-resisted|p1b: Exeggutor\n|-damage|p1a: Calyrex|15/100\n|-damage|p1b: Exeggutor|0 fnt\n|faint|p1b: Exeggutor\n|move|p1a: Calyrex|Glacial Lance|p2a: Lunala\n|-damage|p2a: Lunala|0 fnt\n|faint|p2a: Lunala\n|-ability|p1a: Calyrex|Chilling Neigh|boost\n|-boost|p1a: Calyrex|atk|1\n|\n|-weather|SunnyDay|[upkeep]\n|upkeep\n|\n|t:|1769916322\n|switch|p1b: Koraidon|Koraidon, L50|100/100\n|switch|p2b: Calyrex|Calyrex-Ice, L50|100/100\n|-ability|p2b: Calyrex|As One\n|-ability|p2b: Calyrex|Unnerve\n|-activate|p1b: Koraidon|ability: Orichalcum Pulse\n|turn|5\n|\n|t:|1769916331\n|-terastallize|p2b: Calyrex|Fire\n|move|p1b: Koraidon|Flare Blitz|p2b: Calyrex\n|-resisted|p2b: Calyrex\n|-damage|p2b: Calyrex|72/100\n|-damage|p1b: Koraidon|90/100|[from] Recoil\n|move|p1a: Calyrex|Imprison||[still]\n|-fail|p1a: Calyrex\n|move|p2b: Calyrex|High Horsepower|p1a: Calyrex\n|-damage|p1a: Calyrex|0 fnt\n|faint|p1a: Calyrex\n|-ability|p2b: Calyrex|Chilling Neigh|boost\n|-boost|p2b: Calyrex|atk|1\n|\n|-weather|none\n|-fieldend|move: Psychic Terrain\n|upkeep\n|\n|t:|1769916342\n|switch|p1a: Walking Wake|Walking Wake, L50|100/100\n|turn|6\n|j| wumuida321\n|\n|t:|1769916355\n|move|p1b: Koraidon|Flare Blitz|p2b: Calyrex\n|-resisted|p2b: Calyrex\n|-damage|p2b: Calyrex|58/100\n|-damage|p1b: Koraidon|85/100|[from] Recoil\n|move|p1a: Walking Wake|Hydro Steam|p2b: Calyrex\n|-supereffective|p2b: Calyrex\n|-damage|p2b: Calyrex|0 fnt\n|faint|p2b: Calyrex\n|-damage|p1a: Walking Wake|91/100|[from] item: Life Orb\n|\n|win|LeafStoned\n|raw|LeafStoned's rating: 1275 &rarr; <strong>1308</strong><br />(+33 for winning)\n|raw|ky123456's rating: 1383 &rarr; <strong>1357</strong><br />(-26 for losing)\n|l|\u2606ky123456\n|player|p2|\n|l|\u2606LeafStoned\n|player|p1|\n","uploadtime":1769916571,"views":20,"formatid":"gen9vgc2026regi","rating":1308,"private":0,"password":null}