{"id":"gen9vgc2026regi-2573404014","format":"[Gen 9] VGC 2026 Reg I","players":["Dogetrooper","sunny_zong3"],"log":"|j|\u2606Dogetrooper\n|j|\u2606sunny_zong3\n|t:|1775133206\n|gametype|doubles\n|player|p1|Dogetrooper|1|1228\n|player|p2|sunny_zong3|266|1346\n|gen|9\n|tier|[Gen 9] VGC 2026 Reg I\n|rated|\n|rule|Species Clause: Limit one of each Pok\u00e9mon\n|rule|Item Clause: Limit 1 of each item\n|clearpoke\n|poke|p1|Malamar, L50, M|\n|poke|p1|Lunala, L50|\n|poke|p1|Groudon, L50|\n|poke|p1|Hydrapple, L50, F|\n|poke|p1|Incineroar, L50, F|\n|poke|p1|Palafin, L50, M|\n|poke|p2|Typhlosion-Hisui, L50, M|\n|poke|p2|Miraidon, L50|\n|poke|p2|Calyrex-Shadow, L50|\n|poke|p2|Maushold-Four, L50|\n|poke|p2|Annihilape, L50, F|\n|poke|p2|Murkrow, L50, F|\n|teampreview|4\n|inactive|Battle timer is ON: inactive players will automatically lose when time's up. (requested by sunny_zong3)\n|inactive|Dogetrooper also wants the timer to be on.\n|inactive|Dogetrooper has 60 seconds left.\n|\n|t:|1775133247\n|teamsize|p1|4\n|teamsize|p2|4\n|start\n|switch|p1a: Groudon|Groudon, L50|100/100\n|switch|p1b: Malamar|Malamar, L50, M, shiny|100/100\n|switch|p2a: Murkrow|Murkrow, L50, F|100/100\n|switch|p2b: Typhlosion|Typhlosion-Hisui, L50, M|100/100\n|-weather|SunnyDay|[from] ability: Drought|[of] p1a: Groudon\n|turn|1\n|\n|t:|1775133264\n|move|p2b: Typhlosion|Eruption|p1a: Groudon|[spread] p1a,p1b\n|-crit|p1a: Groudon\n|-damage|p1a: Groudon|33/100\n|-damage|p1b: Malamar|33/100\n|move|p2a: Murkrow|Brave Bird|p1b: Malamar\n|-crit|p1b: Malamar\n|-damage|p1b: Malamar|0 fnt\n|faint|p1b: Malamar\n|-damage|p2a: Murkrow|85/100|[from] Recoil\n|move|p1a: Groudon|Stomping Tantrum|p2b: Typhlosion\n|-supereffective|p2b: Typhlosion\n|-enditem|p2b: Typhlosion|Focus Sash\n|-damage|p2b: Typhlosion|1/100\n|\n|-weather|SunnyDay|[upkeep]\n|upkeep\n|\n|t:|1775133275\n|switch|p1b: Lunala|Lunala, L50|100/100\n|turn|2\n|\n|t:|1775133285\n|move|p2a: Murkrow|Taunt|p1b: Lunala\n|-start|p1b: Lunala|move: Taunt\n|-enditem|p1b: Lunala|Mental Herb\n|-end|p1b: Lunala|move: Taunt\n|move|p2b: Typhlosion|Curse|p1b: Lunala\n|-start|p1b: Lunala|Curse|[of] p2b: Typhlosion\n|-damage|p2b: Typhlosion|0 fnt\n|faint|p2b: Typhlosion\n|move|p1a: Groudon|Heat Crash|p2a: Murkrow\n|-damage|p2a: Murkrow|0 fnt\n|faint|p2a: Murkrow\n|move|p1b: Lunala|Trick Room|p1b: Lunala\n|-fieldstart|move: Trick Room|[of] p1b: Lunala\n|\n|-weather|SunnyDay|[upkeep]\n|-damage|p1b: Lunala|75/100|[from] Curse\n|upkeep\n|\n|t:|1775133289\n|switch|p2a: Calyrex|Calyrex-Shadow, L50|100/100\n|switch|p2b: Miraidon|Miraidon, L50|100/100\n|-ability|p2a: Calyrex|As One\n|-ability|p2a: Calyrex|Unnerve\n|-fieldstart|move: Electric Terrain|[from] ability: Hadron Engine|[of] p2b: Miraidon\n|turn|3\n|\n|t:|1775133308\n|-terastallize|p2b: Miraidon|Fairy\n|move|p1a: Groudon|Precipice Blades|p2b: Miraidon|[spread] p2a\n|-miss|p1a: Groudon|p2b: Miraidon\n|-damage|p2a: Calyrex|30/100\n|move|p1b: Lunala|Moongeist Beam|p2a: Calyrex\n|-supereffective|p2a: Calyrex\n|-damage|p2a: Calyrex|0 fnt\n|faint|p2a: Calyrex\n|move|p2b: Miraidon|Dazzling Gleam|p1a: Groudon|[spread] p1a,p1b\n|-damage|p1a: Groudon|0 fnt\n|-damage|p1b: Lunala|39/100\n|faint|p1a: Groudon\n|\n|-weather|SunnyDay|[upkeep]\n|-damage|p1b: Lunala|14/100|[from] Curse\n|upkeep\n|\n|t:|1775133314\n|switch|p1a: Hydrapple|Hydrapple, L50, F, shiny|100/100\n|-ability|p1a: Hydrapple|Supersweet Syrup\n|-unboost|p2b: Miraidon|evasion|1\n|turn|4\n|\n|t:|1775133323\n|move|p1b: Lunala|Wide Guard|p1b: Lunala\n|-singleturn|p1b: Lunala|Wide Guard\n|move|p1a: Hydrapple|Leaf Storm|p2b: Miraidon\n|-damage|p2b: Miraidon|40/100\n|-unboost|p1a: Hydrapple|spa|2\n|move|p2b: Miraidon|Dazzling Gleam|p1a: Hydrapple|[spread] \n|-activate|p1a: Hydrapple|move: Wide Guard\n|-activate|p1b: Lunala|move: Wide Guard\n|\n|-weather|SunnyDay|[upkeep]\n|-damage|p1b: Lunala|0 fnt|[from] Curse\n|faint|p1b: Lunala\n|upkeep\n|turn|5\n|\n|t:|1775133333\n|-terastallize|p1a: Hydrapple|Steel\n|move|p1a: Hydrapple|Leaf Storm|p2b: Miraidon\n|-damage|p2b: Miraidon|11/100\n|-unboost|p1a: Hydrapple|spa|2\n|move|p2b: Miraidon|Dazzling Gleam|p1a: Hydrapple\n|-resisted|p1a: Hydrapple\n|-damage|p1a: Hydrapple|63/100\n|\n|-weather|none\n|-heal|p1a: Hydrapple|70/100|[from] item: Leftovers\n|upkeep\n|turn|6\n|\n|t:|1775133336\n|move|p1a: Hydrapple|Leaf Storm|p2b: Miraidon\n|-damage|p2b: Miraidon|0 fnt\n|-unboost|p1a: Hydrapple|spa|2\n|faint|p2b: Miraidon\n|\n|win|Dogetrooper\n|raw|Dogetrooper's rating: 1228 &rarr; <strong>1261</strong><br />(+33 for winning)\n|raw|sunny_zong3's rating: 1346 &rarr; <strong>1319</strong><br />(-27 for losing)\n|l|\u2606sunny_zong3\n|player|p2|\n|l|\u2606Dogetrooper\n|player|p1|\n","uploadtime":1775133515,"views":11,"formatid":"gen9vgc2026regi","rating":1261,"private":0,"password":null}