{"id":"gen9vgc2026regi-2549432337","format":"[Gen 9] VGC 2026 Reg I","players":["kojimuranishi","Gosmerko24"],"log":"|j|\u2606kojimuranishi\n|j|\u2606Gosmerko24\n|t:|1772366317\n|gametype|doubles\n|player|p1|kojimuranishi|102|1395\n|player|p2|Gosmerko24|liko|1406\n|gen|9\n|tier|[Gen 9] VGC 2026 Reg I\n|rated|\n|rule|Species Clause: Limit one of each Pok\u00e9mon\n|rule|Item Clause: Limit 1 of each item\n|clearpoke\n|poke|p1|Raging Bolt, L50|\n|poke|p1|Calyrex-Ice, L50|\n|poke|p1|Kyogre, L50|\n|poke|p1|Indeedee-F, L50, F|\n|poke|p1|Ursaluna, L50, F|\n|poke|p1|Torkoal, L50, F|\n|poke|p2|Calyrex-Ice, L50|\n|poke|p2|Indeedee-F, L50, F|\n|poke|p2|Giratina-Origin, L50|\n|poke|p2|Landorus-Therian, L50, M|\n|poke|p2|Alcremie-Rainbow-Swirl, L50, F|\n|poke|p2|Iron Valiant, L50|\n|teampreview|4\n|inactive|Battle timer is ON: inactive players will automatically lose when time's up. (requested by Gosmerko24)\n|inactive|Gosmerko24 has 60 seconds left.\n|\n|t:|1772366369\n|teamsize|p1|4\n|teamsize|p2|4\n|start\n|switch|p1a: Calyrex|Calyrex-Ice, L50|100/100\n|switch|p1b: Kyogre|Kyogre, L50|100/100\n|switch|p2a: Landorus|Landorus-Therian, L50, M, shiny|100/100\n|switch|p2b: Giratina|Giratina-Origin, L50|100/100\n|-ability|p1a: Calyrex|As One\n|-ability|p1a: Calyrex|Unnerve\n|-ability|p2a: Landorus|Intimidate|boost\n|-unboost|p1a: Calyrex|atk|1\n|-unboost|p1b: Kyogre|atk|1\n|-weather|RainDance|[from] ability: Drizzle|[of] p1b: Kyogre\n|turn|1\n|\n|t:|1772366392\n|-terastallize|p2b: Giratina|Steel\n|-terastallize|p1a: Calyrex|Fairy\n|move|p2a: Landorus|Earthquake|p1a: Calyrex|[spread] p1a,p1b\n|-immune|p2b: Giratina|[from] ability: Levitate\n|-damage|p1a: Calyrex|77/100\n|-damage|p1b: Kyogre|56/100\n|move|p1b: Kyogre|Water Spout|p2a: Landorus|[spread] p2a,p2b\n|-supereffective|p2a: Landorus\n|-damage|p2a: Landorus|0 fnt\n|-damage|p2b: Giratina|56/100\n|faint|p2a: Landorus\n|move|p2b: Giratina|Iron Head|p1a: Calyrex\n|-supereffective|p1a: Calyrex\n|-damage|p1a: Calyrex|29/100\n|cant|p1a: Calyrex|flinch\n|\n|-weather|RainDance|[upkeep]\n|-heal|p1a: Calyrex|35/100|[from] item: Leftovers\n|upkeep\n|\n|t:|1772366405\n|switch|p2a: Iron Valiant|Iron Valiant, L50|100/100\n|turn|2\n|\n|t:|1772366429\n|switch|p1b: Indeedee|Indeedee-F, L50, F|100/100\n|-fieldstart|move: Psychic Terrain|[from] ability: Psychic Surge|[of] p1b: Indeedee\n|move|p1a: Calyrex|Protect|p1a: Calyrex\n|-singleturn|p1a: Calyrex|Protect\n|move|p2a: Iron Valiant|Close Combat|p1b: Indeedee\n|-damage|p1b: Indeedee|29/100\n|-unboost|p2a: Iron Valiant|def|1\n|-unboost|p2a: Iron Valiant|spd|1\n|-damage|p2a: Iron Valiant|84/100|[from] item: Rocky Helmet|[of] p1b: Indeedee\n|move|p2b: Giratina|Iron Head|p1a: Calyrex\n|-activate|p1a: Calyrex|move: Protect\n|\n|-weather|RainDance|[upkeep]\n|-heal|p1a: Calyrex|41/100|[from] item: Leftovers\n|upkeep\n|turn|3\n|\n|t:|1772366447\n|switch|p1a: Raging Bolt|Raging Bolt, L50|100/100\n|move|p1b: Indeedee|Protect|p1b: Indeedee\n|-singleturn|p1b: Indeedee|Protect\n|move|p2a: Iron Valiant|Spirit Break|p1b: Indeedee\n|-activate|p1b: Indeedee|move: Protect\n|move|p2b: Giratina|Iron Head|p1a: Raging Bolt\n|-resisted|p1a: Raging Bolt\n|-damage|p1a: Raging Bolt|82/100\n|\n|-weather|RainDance|[upkeep]\n|upkeep\n|turn|4\n|inactive|kojimuranishi has 30 seconds left.\n|\n|t:|1772366481\n|move|p1a: Raging Bolt|Thunderclap|p2b: Giratina\n|-hint|Psychic Terrain doesn't affect Pok\u00e9mon immune to Ground.\n|-damage|p2b: Giratina|15/100\n|-damage|p1a: Raging Bolt|72/100|[from] item: Life Orb\n|move|p2a: Iron Valiant|Spirit Break|p1a: Raging Bolt\n|-supereffective|p1a: Raging Bolt\n|-crit|p1a: Raging Bolt\n|-damage|p1a: Raging Bolt|0 fnt\n|faint|p1a: Raging Bolt\n|-end|p1a: Raging Bolt|Protosynthesis|[silent]\n|move|p2b: Giratina|Draco Meteor|p1b: Indeedee\n|-damage|p1b: Indeedee|0 fnt\n|-unboost|p2b: Giratina|spa|2\n|faint|p1b: Indeedee\n|\n|-weather|RainDance|[upkeep]\n|upkeep\n|\n|t:|1772366497\n|switch|p1a: Calyrex|Calyrex-Ice, L50, tera:Fairy|41/100\n|switch|p1b: Kyogre|Kyogre, L50|56/100\n|-ability|p1a: Calyrex|As One\n|-ability|p1a: Calyrex|Unnerve\n|turn|5\n|\n|t:|1772366508\n|move|p2a: Iron Valiant|Wide Guard|p2a: Iron Valiant\n|-singleturn|p2a: Iron Valiant|Wide Guard\n|move|p1b: Kyogre|Origin Pulse|p2a: Iron Valiant|[spread] \n|-activate|p2a: Iron Valiant|move: Wide Guard\n|-activate|p2b: Giratina|move: Wide Guard\n|move|p2b: Giratina|Shadow Force||[still]\n|-prepare|p2b: Giratina|Shadow Force\n|move|p1a: Calyrex|Leech Seed|p2a: Iron Valiant|[miss]\n|-miss|p1a: Calyrex|p2a: Iron Valiant\n|\n|-weather|none\n|-heal|p1a: Calyrex|47/100|[from] item: Leftovers\n|upkeep\n|turn|6\n|\n|t:|1772366526\n|move|p1b: Kyogre|Origin Pulse|p2a: Iron Valiant|[spread] p2a\n|-miss|p1b: Kyogre|p2b: Giratina\n|-damage|p2a: Iron Valiant|0 fnt\n|faint|p2a: Iron Valiant\n|-end|p2a: Iron Valiant|Quark Drive|[silent]\n|move|p2b: Giratina|Shadow Force|p1b: Kyogre|[from] lockedmove\n|-damage|p1b: Kyogre|0 fnt\n|faint|p1b: Kyogre\n|move|p1a: Calyrex|Leech Seed|p2b: Giratina|[miss]\n|-miss|p1a: Calyrex|p2b: Giratina\n|\n|-heal|p1a: Calyrex|53/100|[from] item: Leftovers\n|-fieldend|move: Psychic Terrain\n|upkeep\n|inactive|Gosmerko24 has 30 seconds left.\n|\n|t:|1772366555\n|switch|p2a: Calyrex|Calyrex-Ice, L50|100/100\n|-ability|p2a: Calyrex|As One\n|-ability|p2a: Calyrex|Unnerve\n|turn|7\n|\n|t:|1772366561\n|move|p1a: Calyrex|Protect|p1a: Calyrex\n|-singleturn|p1a: Calyrex|Protect\n|move|p2b: Giratina|Iron Head|p1a: Calyrex\n|-activate|p1a: Calyrex|move: Protect\n|move|p2a: Calyrex|Glacial Lance|p1a: Calyrex\n|-activate|p1a: Calyrex|move: Protect\n|\n|-heal|p1a: Calyrex|58/100|[from] item: Leftovers\n|upkeep\n|turn|8\n|\n|t:|1772366572\n|move|p2b: Giratina|Iron Head|p1a: Calyrex\n|-supereffective|p1a: Calyrex\n|-damage|p1a: Calyrex|5/100\n|move|p1a: Calyrex|Leech Seed|p2b: Giratina\n|-start|p2b: Giratina|move: Leech Seed\n|move|p2a: Calyrex|Glacial Lance|p1a: Calyrex\n|-damage|p1a: Calyrex|0 fnt\n|faint|p1a: Calyrex\n|\n|win|Gosmerko24\n|raw|kojimuranishi's rating: 1395 &rarr; <strong>1376</strong><br />(-19 for losing)\n|raw|Gosmerko24's rating: 1406 &rarr; <strong>1425</strong><br />(+19 for winning)\n|l|\u2606Gosmerko24\n|player|p2|\n|l|\u2606kojimuranishi\n|player|p1|\n","uploadtime":1772366710,"views":13,"formatid":"gen9vgc2026regi","rating":1376,"private":0,"password":null}