{"id":"gen9vgc2026regi-2570746372","format":"[Gen 9] VGC 2026 Reg I","players":["Kwiper","Snowsquall brute"],"log":"|j|\u2606Kwiper\n|j|\u2606Snowsquall brute\n|t:|1774842624\n|gametype|doubles\n|player|p1|Kwiper|sycamore|1683\n|player|p2|Snowsquall brute|veteran|1598\n|gen|9\n|tier|[Gen 9] VGC 2026 Reg I\n|rated|\n|rule|Species Clause: Limit one of each Pok\u00e9mon\n|rule|Item Clause: Limit 1 of each item\n|clearpoke\n|poke|p1|Koraidon, L50|\n|poke|p1|Lunala, L50|\n|poke|p1|Indeedee-F, L50, F|\n|poke|p1|Flutter Mane, L50|\n|poke|p1|Volcarona, L50, F|\n|poke|p1|Ursaluna, L50, M|\n|poke|p2|Miraidon, L50|\n|poke|p2|Landorus-Therian, L50, M|\n|poke|p2|Volcarona, L50, M|\n|poke|p2|Kyogre, L50|\n|teampreview|4\n|inactive|Battle timer is ON: inactive players will automatically lose when time's up. (requested by Kwiper)\n|inactive|Kwiper has 60 seconds left.\n|\n|t:|1774842669\n|teamsize|p1|4\n|teamsize|p2|4\n|start\n|switch|p1a: Lunala|Lunala, L50, shiny|100/100\n|switch|p1b: Flutter Mane|Flutter Mane, L50|100/100\n|switch|p2a: Kyogre|Kyogre, L50|100/100\n|switch|p2b: Landorus|Landorus-Therian, L50, M|100/100\n|-weather|RainDance|[from] ability: Drizzle|[of] p2a: Kyogre\n|-ability|p2b: Landorus|Intimidate|boost\n|-unboost|p1a: Lunala|atk|1\n|-unboost|p1b: Flutter Mane|atk|1\n|turn|1\n|\n|t:|1774842684\n|move|p1a: Lunala|Wide Guard|p1a: Lunala\n|-singleturn|p1a: Lunala|Wide Guard\n|move|p1b: Flutter Mane|Icy Wind|p2b: Landorus|[spread] p2a,p2b\n|-resisted|p2a: Kyogre\n|-supereffective|p2b: Landorus\n|-damage|p2a: Kyogre|96/100\n|-damage|p2b: Landorus|61/100\n|-unboost|p2a: Kyogre|spe|1\n|-unboost|p2b: Landorus|spe|1\n|move|p2a: Kyogre|Origin Pulse|p1b: Flutter Mane|[spread] \n|-activate|p1a: Lunala|move: Wide Guard\n|-activate|p1b: Flutter Mane|move: Wide Guard\n|move|p2b: Landorus|U-turn|p1b: Flutter Mane\n|-resisted|p1b: Flutter Mane\n|-crit|p1b: Flutter Mane\n|-damage|p1b: Flutter Mane|80/100\n|\n|t:|1774842691\n|switch|p2b: Miraidon|Miraidon, L50|100/100|[from] U-turn\n|-fieldstart|move: Electric Terrain|[from] ability: Hadron Engine|[of] p2b: Miraidon\n|-enditem|p2b: Miraidon|Electric Seed\n|-boost|p2b: Miraidon|def|1|[from] item: Electric Seed\n|\n|-weather|RainDance|[upkeep]\n|-heal|p2a: Kyogre|100/100|[from] item: Leftovers\n|upkeep\n|turn|2\n|\n|t:|1774842710\n|move|p2b: Miraidon|Protect|p2b: Miraidon\n|-singleturn|p2b: Miraidon|Protect\n|move|p1b: Flutter Mane|Moonblast|p2a: Kyogre\n|-damage|p2a: Kyogre|70/100\n|move|p1a: Lunala|Meteor Beam||[still]\n|-prepare|p1a: Lunala|Meteor Beam\n|-boost|p1a: Lunala|spa|1\n|-enditem|p1a: Lunala|Power Herb\n|-anim|p1a: Lunala|Meteor Beam|p2a: Kyogre\n|-damage|p2a: Kyogre|26/100\n|move|p2a: Kyogre|Thunder|p1a: Lunala\n|-damage|p1a: Lunala|84/100\n|-status|p1a: Lunala|par\n|\n|-weather|RainDance|[upkeep]\n|-heal|p2a: Kyogre|32/100|[from] item: Leftovers\n|upkeep\n|turn|3\n|\n|t:|1774842717\n|-end|p1b: Flutter Mane|Protosynthesis|[silent]\n|switch|p1b: Indeedee|Indeedee-F, L50, F|100/100\n|-fieldstart|move: Psychic Terrain|[from] ability: Psychic Surge|[of] p1b: Indeedee\n|-terastallize|p2b: Miraidon|Electric\n|move|p2a: Kyogre|Protect|p2a: Kyogre\n|-singleturn|p2a: Kyogre|Protect\n|move|p2b: Miraidon|Parabolic Charge|p1a: Lunala|[spread] p1a,p1b\n|-activate|p2a: Kyogre|move: Protect\n|-damage|p1a: Lunala|63/100 par\n|-damage|p1b: Indeedee|72/100\n|move|p1a: Lunala|Expanding Force|p2b: Miraidon|[spread] p2b\n|-activate|p2a: Kyogre|move: Protect\n|-damage|p2b: Miraidon|34/100\n|\n|-weather|RainDance|[upkeep]\n|-heal|p2a: Kyogre|38/100|[from] item: Leftovers\n|upkeep\n|turn|4\n|\n|t:|1774842728\n|switch|p2b: Landorus|Landorus-Therian, L50, M|61/100\n|-ability|p2b: Landorus|Intimidate|boost\n|-unboost|p1a: Lunala|atk|1\n|-unboost|p1b: Indeedee|atk|1\n|move|p1b: Indeedee|Follow Me|p1b: Indeedee\n|-singleturn|p1b: Indeedee|move: Follow Me\n|move|p2a: Kyogre|Origin Pulse|p1a: Lunala|[spread] p1a,p1b\n|-damage|p1a: Lunala|20/100 par\n|-damage|p1b: Indeedee|10/100\n|move|p1a: Lunala|Expanding Force|p2a: Kyogre|[spread] p2a,p2b\n|-damage|p2a: Kyogre|0 fnt\n|-damage|p2b: Landorus|0 fnt\n|faint|p2a: Kyogre\n|faint|p2b: Landorus\n|\n|-weather|RainDance|[upkeep]\n|upkeep\n|\n|t:|1774842735\n|switch|p2a: Volcarona|Volcarona, L50, M|100/100\n|switch|p2b: Miraidon|Miraidon, L50, tera:Electric|34/100\n|-fieldstart|move: Electric Terrain|[from] ability: Hadron Engine|[of] p2b: Miraidon\n|turn|5\n|\n|t:|1774842749\n|switch|p1b: Flutter Mane|Flutter Mane, L50|80/100\n|move|p1a: Lunala|Wide Guard|p1a: Lunala\n|-singleturn|p1a: Lunala|Wide Guard\n|move|p2b: Miraidon|Calm Mind|p2b: Miraidon\n|-boost|p2b: Miraidon|spa|1\n|-boost|p2b: Miraidon|spd|1\n|move|p2a: Volcarona|Hurricane|p1a: Lunala\n|-damage|p1a: Lunala|0 fnt\n|faint|p1a: Lunala\n|\n|-weather|none\n|upkeep\n|\n|t:|1774842751\n|switch|p1a: Koraidon|Koraidon, L50, shiny|100/100\n|-weather|SunnyDay|[from] ability: Orichalcum Pulse|[of] p1a: Koraidon\n|-activate|p1b: Flutter Mane|ability: Protosynthesis\n|-start|p1b: Flutter Mane|protosynthesisspe\n|-activate|p1a: Koraidon|Orichalcum Pulse|[source]\n|turn|6\n|\n|t:|1774842764\n|-end|p1b: Flutter Mane|Protosynthesis|[silent]\n|switch|p1b: Indeedee|Indeedee-F, L50, F|10/100\n|-fieldstart|move: Psychic Terrain|[from] ability: Psychic Surge|[of] p1b: Indeedee\n|-terastallize|p1a: Koraidon|Fire\n|move|p2a: Volcarona|Protect|p2a: Volcarona\n|-singleturn|p2a: Volcarona|Protect\n|move|p1a: Koraidon|Breaking Swipe|p2a: Volcarona|[spread] p2b\n|-activate|p2a: Volcarona|move: Protect\n|-damage|p2b: Miraidon|3/100\n|-unboost|p2b: Miraidon|atk|1\n|-damage|p1a: Koraidon|91/100|[from] item: Life Orb\n|move|p2b: Miraidon|Parabolic Charge|p1a: Koraidon|[spread] p1a,p1b\n|-activate|p2a: Volcarona|move: Protect\n|-crit|p1a: Koraidon\n|-damage|p1a: Koraidon|22/100\n|-heal|p2b: Miraidon|33/100|[from] drain|[of] p1a: Koraidon\n|-damage|p1b: Indeedee|0 fnt\n|-heal|p2b: Miraidon|36/100|[from] drain|[of] p1b: Indeedee\n|faint|p1b: Indeedee\n|\n|-weather|SunnyDay|[upkeep]\n|upkeep\n|\n|t:|1774842767\n|switch|p1b: Flutter Mane|Flutter Mane, L50|80/100\n|-activate|p1b: Flutter Mane|ability: Protosynthesis\n|-start|p1b: Flutter Mane|protosynthesisspe\n|turn|7\n|\n|t:|1774842787\n|move|p2b: Miraidon|Protect|p2b: Miraidon\n|-singleturn|p2b: Miraidon|Protect\n|move|p1b: Flutter Mane|Shadow Ball|p2a: Volcarona\n|-damage|p2a: Volcarona|64/100\n|move|p1a: Koraidon|Flare Blitz|p2b: Miraidon\n|-activate|p2b: Miraidon|move: Protect\n|move|p2a: Volcarona|Hurricane|p1a: Koraidon|[miss]\n|-miss|p2a: Volcarona|p1a: Koraidon\n|\n|-weather|SunnyDay|[upkeep]\n|upkeep\n|turn|8\n|\n|t:|1774842796\n|move|p2b: Miraidon|Protect||[still]\n|-fail|p2b: Miraidon\n|move|p1b: Flutter Mane|Shadow Ball|p2a: Volcarona\n|-damage|p2a: Volcarona|28/100\n|-enditem|p2a: Volcarona|Sitrus Berry|[eat]\n|-heal|p2a: Volcarona|52/100|[from] item: Sitrus Berry\n|move|p1a: Koraidon|Flare Blitz|p2b: Miraidon\n|-damage|p2b: Miraidon|0 fnt\n|faint|p2b: Miraidon\n|-damage|p1a: Koraidon|8/100|[from] Recoil\n|-damage|p1a: Koraidon|0 fnt|[from] item: Life Orb\n|faint|p1a: Koraidon\n|move|p2a: Volcarona|Hurricane|p1b: Flutter Mane|[miss]\n|-miss|p2a: Volcarona|p1b: Flutter Mane\n|\n|-weather|SunnyDay|[upkeep]\n|upkeep\n|turn|9\n|j| bullgod4ever\n|\n|t:|1774842801\n|move|p2a: Volcarona|Protect|p2a: Volcarona\n|-singleturn|p2a: Volcarona|Protect\n|move|p1b: Flutter Mane|Shadow Ball|p2a: Volcarona\n|-activate|p2a: Volcarona|move: Protect\n|\n|-weather|SunnyDay|[upkeep]\n|upkeep\n|turn|10\n|\n|t:|1774842804\n|move|p1b: Flutter Mane|Shadow Ball|p2a: Volcarona\n|-damage|p2a: Volcarona|12/100\n|move|p2a: Volcarona|Will-O-Wisp|p1b: Flutter Mane\n|-status|p1b: Flutter Mane|brn\n|\n|-weather|none\n|-end|p1b: Flutter Mane|Protosynthesis\n|-damage|p1b: Flutter Mane|74/100 brn|[from] brn\n|-fieldend|move: Psychic Terrain\n|upkeep\n|turn|11\n|-message|Snowsquall brute forfeited.\n|\n|win|Kwiper\n|raw|Kwiper's rating: 1683 &rarr; <strong>1698</strong><br />(+15 for winning)\n|raw|Snowsquall brute's rating: 1598 &rarr; <strong>1583</strong><br />(-15 for losing)\n","uploadtime":1774842808,"views":25,"formatid":"gen9vgc2026regi","rating":1583,"private":0,"password":null}