{"id":"gen9vgc2026regi-2578742775","format":"[Gen 9] VGC 2026 Reg I","players":["ktuluVGC","Voth"],"log":"|j|\u2606ktuluVGC\n|j|\u2606Voth\n|t:|1775711174\n|gametype|doubles\n|player|p1|ktuluVGC|swimmerf-gen4|1342\n|player|p2|Voth|dawn|1457\n|gen|9\n|tier|[Gen 9] VGC 2026 Reg I\n|rated|\n|rule|Species Clause: Limit one of each Pok\u00e9mon\n|rule|Item Clause: Limit 1 of each item\n|clearpoke\n|poke|p1|Grimmsnarl, L50, M|\n|poke|p1|Metagross, L50|\n|poke|p1|Koraidon, L50|\n|poke|p1|Moltres-Galar, L50|\n|poke|p1|Groudon, L50|\n|poke|p1|Sableye, L50, M|\n|poke|p2|Urshifu-*, L50, M|\n|poke|p2|Calyrex-Ice, L50|\n|poke|p2|Tornadus, L50, M|\n|poke|p2|Landorus, L50, M|\n|poke|p2|Rillaboom, L50, F|\n|poke|p2|Kyogre, L50|\n|teampreview|4\n|inactive|Battle timer is ON: inactive players will automatically lose when time's up. (requested by Voth)\n|inactive|ktuluVGC has 60 seconds left.\n|inactive|ktuluVGC has 30 seconds left.\n|inactive|ktuluVGC has 20 seconds left.\n|inactive|ktuluVGC has 15 seconds left.\n|inactive|ktuluVGC has 10 seconds left.\n|inactive|ktuluVGC has 5 seconds left.\n|\n|t:|1775711287\n|teamsize|p1|4\n|teamsize|p2|4\n|start\n|switch|p1a: G-Money|Groudon, L50, shiny|100/100\n|switch|p1b: Reginald|Grimmsnarl, L50, M, shiny|100/100\n|switch|p2a: Mustang|Calyrex-Ice, L50|100/100\n|switch|p2b: Darrow|Rillaboom, L50, F|100/100\n|-ability|p2a: Mustang|As One\n|-ability|p2a: Mustang|Unnerve\n|-weather|SunnyDay|[from] ability: Drought|[of] p1a: G-Money\n|-fieldstart|move: Grassy Terrain|[from] ability: Grassy Surge|[of] p2b: Darrow\n|turn|1\n|inactive|ktuluVGC has 30 seconds left.\n|\n|t:|1775711322\n|switch|p1a: Awesome X|Metagross, L50, shiny|100/100\n|-terastallize|p2a: Mustang|Water\n|move|p2b: Darrow|Fake Out|p1b: Reginald\n|-damage|p1b: Reginald|83/100\n|cant|p1b: Reginald|flinch\n|move|p2a: Mustang|Glacial Lance|p1b: Reginald|[spread] p1a,p1b\n|-resisted|p1a: Awesome X\n|-damage|p1a: Awesome X|80/100\n|-damage|p1b: Reginald|16/100\n|\n|-weather|SunnyDay|[upkeep]\n|-heal|p1a: Awesome X|86/100|[from] Grassy Terrain\n|-heal|p1b: Reginald|22/100|[from] Grassy Terrain\n|upkeep\n|turn|2\n|\n|t:|1775711340\n|move|p2b: Darrow|Grassy Glide|p1b: Reginald\n|-damage|p1b: Reginald|0 fnt\n|faint|p1b: Reginald\n|move|p1a: Awesome X|Meteor Mash|p2a: Mustang\n|-resisted|p2a: Mustang\n|-damage|p2a: Mustang|85/100\n|-boost|p1a: Awesome X|atk|1\n|move|p2a: Mustang|Trick Room|p2a: Mustang\n|-fieldstart|move: Trick Room|[of] p2a: Mustang\n|\n|-weather|SunnyDay|[upkeep]\n|-heal|p2a: Mustang|91/100|[from] Grassy Terrain\n|-heal|p2a: Mustang|97/100|[from] item: Leftovers\n|-heal|p1a: Awesome X|92/100|[from] Grassy Terrain\n|upkeep\n|inactive|ktuluVGC has 30 seconds left.\n|\n|t:|1775711365\n|switch|p1b: Steve|Sableye, L50, M, shiny|100/100\n|turn|3\n|\n|t:|1775711378\n|switch|p2a: Victra|Kyogre, L50|100/100\n|-weather|RainDance|[from] ability: Drizzle|[of] p2a: Victra\n|move|p1b: Steve|Quash||[still]\n|-fail|p1b: Steve\n|move|p1a: Awesome X|Knock Off|p2a: Victra\n|-damage|p2a: Victra|50/100\n|-enditem|p2a: Victra|Mystic Water|[from] move: Knock Off|[of] p1a: Awesome X\n|move|p2b: Darrow|U-turn|p1a: Awesome X\n|-damage|p1a: Awesome X|76/100\n|\n|t:|1775711390\n|switch|p2b: Sevro|Urshifu-Rapid-Strike, L50, M|100/100|[from] U-turn\n|\n|-weather|RainDance|[upkeep]\n|-heal|p1a: Awesome X|82/100|[from] Grassy Terrain\n|-heal|p2a: Victra|56/100|[from] Grassy Terrain\n|upkeep\n|turn|4\n|\n|t:|1775711405\n|switch|p1b: G-Money|Groudon, L50, shiny|100/100\n|-weather|SunnyDay|[from] ability: Drought|[of] p1b: G-Money\n|move|p1a: Awesome X|Psychic Fangs|p2b: Sevro\n|-supereffective|p2b: Sevro\n|-damage|p2b: Sevro|0 fnt\n|faint|p2b: Sevro\n|move|p2a: Victra|Origin Pulse|p1a: Awesome X|[spread] p1a,p1b\n|-supereffective|p1b: G-Money\n|-damage|p1a: Awesome X|64/100\n|-damage|p1b: G-Money|63/100\n|\n|-weather|SunnyDay|[upkeep]\n|-heal|p1a: Awesome X|70/100|[from] Grassy Terrain\n|-heal|p1b: G-Money|69/100|[from] Grassy Terrain\n|-heal|p2a: Victra|62/100|[from] Grassy Terrain\n|upkeep\n|\n|t:|1775711411\n|switch|p2b: Mustang|Calyrex-Ice, L50, tera:Water|97/100\n|-ability|p2b: Mustang|As One\n|-ability|p2b: Mustang|Unnerve\n|turn|5\n|inactive|ktuluVGC has 30 seconds left.\n|inactive|ktuluVGC has 20 seconds left.\n|inactive|ktuluVGC has 15 seconds left.\n|\n|t:|1775711453\n|switch|p2a: Darrow|Rillaboom, L50, F|100/100\n|move|p1b: G-Money|Protect|p1b: G-Money\n|-singleturn|p1b: G-Money|Protect\n|move|p2b: Mustang|Leech Seed|p1a: Awesome X\n|-start|p1a: Awesome X|move: Leech Seed\n|move|p1a: Awesome X|Psychic Fangs|p2a: Darrow\n|-damage|p2a: Darrow|36/100\n|\n|-weather|SunnyDay|[upkeep]\n|-heal|p2b: Mustang|100/100|[from] Grassy Terrain\n|-heal|p1a: Awesome X|76/100|[from] Grassy Terrain\n|-heal|p2a: Darrow|42/100|[from] Grassy Terrain\n|-heal|p1b: G-Money|74/100|[from] Grassy Terrain\n|-damage|p1a: Awesome X|64/100|[from] Leech Seed|[of] p2b: Mustang\n|-fieldend|move: Grassy Terrain\n|upkeep\n|turn|6\n|inactive|ktuluVGC has 30 seconds left.\n|inactive|ktuluVGC has 20 seconds left.\n|inactive|ktuluVGC has 15 seconds left.\n|inactive|ktuluVGC has 10 seconds left.\n|\n|t:|1775711499\n|-terastallize|p1b: G-Money|Electric\n|move|p2a: Darrow|Fake Out|p1a: Awesome X\n|-resisted|p1a: Awesome X\n|-damage|p1a: Awesome X|58/100\n|move|p2b: Mustang|Glacial Lance|p1b: G-Money|[spread] p1a,p1b\n|-resisted|p1a: Awesome X\n|-damage|p1a: Awesome X|37/100\n|-damage|p1b: G-Money|42/100\n|cant|p1a: Awesome X|flinch\n|move|p1b: G-Money|Thunder Punch|p2b: Mustang\n|-supereffective|p2b: Mustang\n|-crit|p2b: Mustang\n|-damage|p2b: Mustang|36/100\n|\n|-weather|SunnyDay|[upkeep]\n|-heal|p2b: Mustang|42/100|[from] item: Leftovers\n|-damage|p1a: Awesome X|25/100|[from] Leech Seed|[of] p2b: Mustang\n|-heal|p2b: Mustang|53/100|[silent]\n|-fieldend|move: Trick Room\n|upkeep\n|turn|7\n|inactive|ktuluVGC has 30 seconds left.\n|inactive|ktuluVGC has 20 seconds left.\n|inactive|ktuluVGC has 15 seconds left.\n|inactive|ktuluVGC has 10 seconds left.\n|inactive|ktuluVGC has 5 seconds left.\n|\n|t:|1775711552\n|move|p2b: Mustang|Protect|p2b: Mustang\n|-singleturn|p2b: Mustang|Protect\n|move|p1b: G-Money|Thunder Punch|p2b: Mustang\n|-activate|p2b: Mustang|move: Protect\n|move|p2a: Darrow|Wood Hammer|p1b: G-Money\n|-damage|p1b: G-Money|10/100\n|-damage|p2a: Darrow|31/100|[from] Recoil\n|move|p1a: Awesome X|Psychic Fangs|p2b: Mustang\n|-activate|p2b: Mustang|move: Protect\n|\n|-weather|SunnyDay|[upkeep]\n|-heal|p2b: Mustang|58/100|[from] item: Leftovers\n|-damage|p1a: Awesome X|12/100|[from] Leech Seed|[of] p2b: Mustang\n|-heal|p2b: Mustang|70/100|[silent]\n|upkeep\n|turn|8\n|inactive|Voth has 30 seconds left.\n|inactive|Voth has 20 seconds left.\n|\n|t:|1775711591\n|move|p1a: Awesome X|Bullet Punch|p2a: Darrow\n|-damage|p2a: Darrow|0 fnt\n|faint|p2a: Darrow\n|move|p1b: G-Money|Thunder Punch|p2b: Mustang\n|-supereffective|p2b: Mustang\n|-damage|p2b: Mustang|29/100\n|move|p2b: Mustang|Trick Room|p2b: Mustang\n|-fieldstart|move: Trick Room|[of] p2b: Mustang\n|\n|-weather|none\n|-heal|p2b: Mustang|35/100|[from] item: Leftovers\n|-damage|p1a: Awesome X|0 fnt|[from] Leech Seed|[of] p2b: Mustang\n|-heal|p2b: Mustang|45/100|[silent]\n|faint|p1a: Awesome X\n|upkeep\n|inactive|Voth has 30 seconds left.\n|\n|t:|1775711617\n|switch|p1a: Steve|Sableye, L50, M, shiny|100/100\n|switch|p2a: Victra|Kyogre, L50|62/100\n|-weather|RainDance|[from] ability: Drizzle|[of] p2a: Victra\n|turn|9\n|inactive|ktuluVGC has 30 seconds left.\n|inactive|ktuluVGC has 20 seconds left.\n|\n|t:|1775711653\n|move|p1a: Steve|Quash|p2b: Mustang\n|-activate|p2b: Mustang|move: Quash\n|move|p1b: G-Money|Precipice Blades|p2a: Victra|[spread] p2a\n|-miss|p1b: G-Money|p2b: Mustang\n|-damage|p2a: Victra|21/100\n|move|p2a: Victra|Water Spout|p1b: G-Money|[spread] p1a,p1b\n|-damage|p1a: Steve|64/100\n|-damage|p1b: G-Money|0 fnt\n|faint|p1b: G-Money\n|move|p2b: Mustang|Glacial Lance|p1a: Steve\n|-damage|p1a: Steve|0 fnt\n|faint|p1a: Steve\n|\n|win|Voth\n|raw|ktuluVGC's rating: 1342 &rarr; <strong>1328</strong><br />(-14 for losing)\n|raw|Voth's rating: 1457 &rarr; <strong>1471</strong><br />(+14 for winning)\n|l|\u2606ktuluVGC\n|player|p1|\n|l|\u2606Voth\n|player|p2|\n","uploadtime":1775711883,"views":9,"formatid":"gen9vgc2026regi","rating":1328,"private":0,"password":null}