{"id":"gen9vgc2026regi-2590726281","format":"[Gen 9] VGC 2026 Reg I","players":["SycrasisEU","DUKEKER"],"log":"|j|\u2606SycrasisEU\n|j|\u2606DUKEKER\n|t:|1776839859\n|gametype|doubles\n|player|p1|SycrasisEU|byron|1379\n|player|p2|DUKEKER|psychicf-gen4|1367\n|gen|9\n|tier|[Gen 9] VGC 2026 Reg I\n|rated|\n|rule|Species Clause: Limit one of each Pok\u00e9mon\n|rule|Item Clause: Limit 1 of each item\n|clearpoke\n|poke|p1|Koraidon, L50|\n|poke|p1|Incineroar, L50, F|\n|poke|p1|Walking Wake, L50|\n|poke|p1|Lunala, L50|\n|poke|p1|Clefairy, L50, M|\n|poke|p1|Whimsicott, L50, F|\n|poke|p2|Calyrex-Ice, L50|\n|poke|p2|Kyogre, L50|\n|poke|p2|Volcarona, L50, M|\n|poke|p2|Landorus, L50, M|\n|poke|p2|Urshifu-*, L50, M|\n|poke|p2|Smeargle, L50, F|\n|teampreview|4\n|inactive|Battle timer is ON: inactive players will automatically lose when time's up. (requested by SycrasisEU)\nSycrasisEU has agreed to open team sheets.\n|j| Milo (Weimar)\n|j| icywizard7\n|inactive|SycrasisEU has 60 seconds left.\nDUKEKER rejected open team sheets.\n|inactive|SycrasisEU has 30 seconds left.\n|l| Milo (Weimar)\n|l| icywizard7\n|\n|t:|1776839940\n|teamsize|p1|4\n|teamsize|p2|4\n|start\n|switch|p1a: Incineroar|Incineroar, L50, F, shiny|100/100\n|switch|p1b: Lunala|Lunala, L50|100/100\n|switch|p2a: Calyrex|Calyrex-Ice, L50|100/100\n|switch|p2b: Smeargle|Smeargle, L50, F|100/100\n|-ability|p2a: Calyrex|As One\n|-ability|p2a: Calyrex|Unnerve\n|-ability|p1a: Incineroar|Intimidate|boost\n|-fail|p2a: Calyrex|unboost|[from] item: Clear Amulet|[of] p2a: Calyrex\n|-unboost|p2b: Smeargle|atk|1\n|-enditem|p2b: Smeargle|Eject Pack\n|\n|t:|1776839949\n|switch|p2b: Landorus|Landorus, L50, M|100/100\n|turn|1\n|\n|t:|1776839967\n|move|p2b: Landorus|Protect|p2b: Landorus\n|-singleturn|p2b: Landorus|Protect\n|move|p2a: Calyrex|Protect|p2a: Calyrex\n|-singleturn|p2a: Calyrex|Protect\n|move|p1a: Incineroar|Fake Out|p2b: Landorus\n|-activate|p2b: Landorus|move: Protect\n|move|p1b: Lunala|Meteor Beam||[still]\n|-prepare|p1b: Lunala|Meteor Beam\n|-boost|p1b: Lunala|spa|1\n|-enditem|p1b: Lunala|Power Herb\n|-anim|p1b: Lunala|Meteor Beam|p2a: Calyrex\n|-activate|p2a: Calyrex|move: Protect\n|\n|upkeep\n|turn|2\n|\n|t:|1776839984\n|-terastallize|p1a: Incineroar|Bug\n|-terastallize|p2a: Calyrex|Grass\n|move|p1b: Lunala|Moongeist Beam|p2a: Calyrex\n|-damage|p2a: Calyrex|44/100\n|move|p2b: Landorus|Sandsear Storm|p1a: Incineroar|[spread] p1a,p1b\n|-resisted|p1a: Incineroar\n|-damage|p1a: Incineroar|77/100\n|-damage|p1b: Lunala|78/100\n|move|p1a: Incineroar|Knock Off|p2a: Calyrex\n|-damage|p2a: Calyrex|16/100\n|-enditem|p2a: Calyrex|Clear Amulet|[from] move: Knock Off|[of] p1a: Incineroar\n|move|p2a: Calyrex|Trick Room|p2a: Calyrex\n|-fieldstart|move: Trick Room|[of] p2a: Calyrex\n|\n|upkeep\n|turn|3\n|\n|t:|1776840007\n|move|p1b: Lunala|Protect|p1b: Lunala\n|-singleturn|p1b: Lunala|Protect\n|move|p2a: Calyrex|Seed Bomb|p1a: Incineroar\n|-resisted|p1a: Incineroar\n|-damage|p1a: Incineroar|55/100\n|move|p1a: Incineroar|Flare Blitz|p2a: Calyrex\n|-supereffective|p2a: Calyrex\n|-damage|p2a: Calyrex|0 fnt\n|faint|p2a: Calyrex\n|-damage|p1a: Incineroar|50/100|[from] Recoil\n|move|p2b: Landorus|Sludge Bomb|p1a: Incineroar\n|-damage|p1a: Incineroar|16/100\n|\n|upkeep\n|\n|t:|1776840020\n|switch|p2a: Kyogre|Kyogre, L50|100/100\n|-weather|RainDance|[from] ability: Drizzle|[of] p2a: Kyogre\n|turn|4\n|\n|t:|1776840033\n|switch|p1a: Koraidon|Koraidon, L50, shiny|100/100\n|-weather|SunnyDay|[from] ability: Orichalcum Pulse|[of] p1a: Koraidon\n|-activate|p1a: Koraidon|Orichalcum Pulse|[source]\n|move|p2a: Kyogre|Water Spout|p1b: Lunala|[spread] p1a,p1b\n|-resisted|p1a: Koraidon\n|-damage|p1a: Koraidon|84/100\n|-damage|p1b: Lunala|49/100\n|move|p2b: Landorus|Sandsear Storm|p1a: Koraidon|[spread] p1a,p1b\n|-damage|p1a: Koraidon|32/100\n|-damage|p1b: Lunala|2/100\n|move|p1b: Lunala|Moongeist Beam|p2b: Landorus\n|-damage|p2b: Landorus|24/100\n|\n|-weather|SunnyDay|[upkeep]\n|upkeep\n|turn|5\n|inactive|DUKEKER has 30 seconds left.\n|\n|t:|1776840059\n|switch|p2a: Smeargle|Smeargle, L50, F|100/100\n|switch|p1a: Clefairy|Clefairy, L50, M|100/100\n|move|p1b: Lunala|Protect|p1b: Lunala\n|-singleturn|p1b: Lunala|Protect\n|move|p2b: Landorus|Sandsear Storm|p1b: Lunala|[spread] p1a\n|-activate|p1b: Lunala|move: Protect\n|-damage|p1a: Clefairy|68/100\n|\n|-weather|SunnyDay|[upkeep]\n|-ability|p2a: Smeargle|Moody|boost\n|-boost|p2a: Smeargle|spa|2\n|-unboost|p2a: Smeargle|spe|1\n|upkeep\n|turn|6\n|\n|t:|1776840078\n|move|p2a: Smeargle|Fake Out|p1a: Clefairy\n|-damage|p1a: Clefairy|62/100\n|cant|p1a: Clefairy|flinch\n|move|p2b: Landorus|Sandsear Storm|p1a: Clefairy|[spread] p1a,p1b\n|-damage|p1a: Clefairy|27/100\n|-damage|p1b: Lunala|0 fnt\n|faint|p1b: Lunala\n|\n|-weather|SunnyDay|[upkeep]\n|-fieldend|move: Trick Room\n|-ability|p2a: Smeargle|Moody|boost\n|-boost|p2a: Smeargle|spd|2\n|-unboost|p2a: Smeargle|def|1\n|upkeep\n|\n|t:|1776840084\n|switch|p1b: Koraidon|Koraidon, L50, shiny|32/100\n|-activate|p1b: Koraidon|ability: Orichalcum Pulse\n|turn|7\n|-message|SycrasisEU forfeited.\n|\n|win|DUKEKER\n|raw|SycrasisEU's rating: 1379 &rarr; <strong>1358</strong><br />(-21 for losing)\n|raw|DUKEKER's rating: 1367 &rarr; <strong>1388</strong><br />(+21 for winning)\n|l|\u2606SycrasisEU\n|player|p1|\n|l|\u2606DUKEKER\n|player|p2|\n","uploadtime":1776840304,"views":8,"formatid":"gen9vgc2026regi","rating":1358,"private":0,"password":null}