{"id":"gen9vgc2026regi-2549986043","format":"[Gen 9] VGC 2026 Reg I","players":["t1penny","RandomcatFFR"],"log":"|j|\u2606t1penny\n|j|\u2606RandomcatFFR\n|t:|1772436859\n|gametype|doubles\n|player|p1|t1penny|hilda|1400\n|player|p2|RandomcatFFR|artist-gen4|1433\n|gen|9\n|tier|[Gen 9] VGC 2026 Reg I\n|rated|\n|rule|Species Clause: Limit one of each Pok\u00e9mon\n|rule|Item Clause: Limit 1 of each item\n|clearpoke\n|poke|p1|Terapagos, L50, M|\n|poke|p1|Calyrex-Shadow, L50|\n|poke|p1|Incineroar, L50, F|\n|poke|p1|Tornadus, L50, M|\n|poke|p1|Smeargle, L50, M|\n|poke|p1|Farigiraf, L50, F|\n|poke|p2|Lunala, L50|\n|poke|p2|Incineroar, L50, F|\n|poke|p2|Brute Bonnet, L50|\n|poke|p2|Ursaluna, L50, F|\n|poke|p2|Flutter Mane, L50|\n|poke|p2|Koraidon, L50|\n|teampreview|4\n|inactive|Battle timer is ON: inactive players will automatically lose when time's up. (requested by t1penny)\n|\n|t:|1772436893\n|teamsize|p1|4\n|teamsize|p2|4\n|start\n|switch|p1a: Rat|Smeargle, L50, M|100/100\n|switch|p1b: Tonkers|Terapagos, L50, M|100/100\n|switch|p2a: Lunala|Lunala, L50|100/100\n|switch|p2b: Incineroar|Incineroar, L50, F|100/100\n|-activate|p1b: Tonkers|ability: Tera Shift\n|detailschange|p1b: Tonkers|Terapagos-Terastal, L50, M\n|-heal|p1b: Tonkers|100/100|[silent]\n|-ability|p2b: Incineroar|Intimidate|boost\n|-unboost|p1a: Rat|atk|1\n|-unboost|p1b: Tonkers|atk|1\n|turn|1\n|\n|t:|1772436914\n|-terastallize|p1b: Tonkers|Stellar\n|detailschange|p1b: Tonkers|Terapagos-Stellar, L50, M, tera:Stellar\n|-heal|p1b: Tonkers|100/100|[silent]\n|move|p1a: Rat|Fake Out|p2b: Incineroar\n|-damage|p2b: Incineroar|99/100\n|move|p2b: Incineroar|Fake Out|p1a: Rat\n|-damage|p1a: Rat|76/100\n|move|p1b: Tonkers|Tera Starstorm|p2a: Lunala|[spread] p2a,p2b\n|-damage|p2a: Lunala|76/100\n|-damage|p2b: Incineroar|42/100\n|move|p2a: Lunala|Meteor Beam||[still]\n|-prepare|p2a: Lunala|Meteor Beam\n|-boost|p2a: Lunala|spa|1\n|-enditem|p2a: Lunala|Power Herb\n|-anim|p2a: Lunala|Meteor Beam|p1a: Rat\n|-damage|p1a: Rat|0 fnt\n|faint|p1a: Rat\n|\n|upkeep\n|\n|t:|1772436929\n|switch|p1a: Yesman|Incineroar, L50, F|100/100\n|-ability|p1a: Yesman|Intimidate|boost\n|-unboost|p2a: Lunala|atk|1\n|-unboost|p2b: Incineroar|atk|1\n|turn|2\n|inactive|RandomcatFFR has 30 seconds left.\n|inactive|RandomcatFFR has 20 seconds left.\n|\n|t:|1772436965\n|move|p2a: Lunala|Wide Guard|p2a: Lunala\n|-singleturn|p2a: Lunala|Wide Guard\n|move|p1b: Tonkers|Tera Starstorm|p2a: Lunala|[spread] \n|-activate|p2a: Lunala|move: Wide Guard\n|-activate|p2b: Incineroar|move: Wide Guard\n|move|p2b: Incineroar|Parting Shot|p1b: Tonkers\n|-unboost|p1b: Tonkers|atk|1\n|-unboost|p1b: Tonkers|spa|1\n|\n|t:|1772436976\n|switch|p2b: Koraidon|Koraidon, L50|100/100|[from] Parting Shot\n|-weather|SunnyDay|[from] ability: Orichalcum Pulse|[of] p2b: Koraidon\n|-activate|p2b: Koraidon|Orichalcum Pulse|[source]\n|move|p1a: Yesman|Knock Off|p2a: Lunala\n|-supereffective|p2a: Lunala\n|-damage|p2a: Lunala|8/100\n|\n|-weather|SunnyDay|[upkeep]\n|upkeep\n|turn|3\n|inactive|RandomcatFFR has 30 seconds left.\n|inactive|RandomcatFFR has 20 seconds left.\n|inactive|RandomcatFFR has 15 seconds left.\n|inactive|RandomcatFFR has 10 seconds left.\n|\n|t:|1772437021\n|switch|p1b: Cali|Calyrex-Shadow, L50|100/100\n|-ability|p1b: Cali|As One\n|-ability|p1b: Cali|Unnerve\n|move|p2a: Lunala|Wide Guard|p2a: Lunala\n|-singleturn|p2a: Lunala|Wide Guard\n|move|p2b: Koraidon|Flame Charge|p1b: Cali\n|-damage|p1b: Cali|32/100\n|-boost|p2b: Koraidon|spe|1\n|-damage|p2b: Koraidon|91/100|[from] item: Life Orb\n|move|p1a: Yesman|Knock Off|p2a: Lunala\n|-supereffective|p2a: Lunala\n|-damage|p2a: Lunala|0 fnt\n|faint|p2a: Lunala\n|\n|-weather|SunnyDay|[upkeep]\n|upkeep\n|\n|t:|1772437039\n|switch|p2a: Brute Bonnet|Brute Bonnet, L50|100/100\n|-activate|p2a: Brute Bonnet|ability: Protosynthesis\n|-start|p2a: Brute Bonnet|protosynthesisspd\n|turn|4\n|\n|t:|1772437061\n|move|p1b: Cali|Protect|p1b: Cali\n|-singleturn|p1b: Cali|Protect\n|move|p2a: Brute Bonnet|Sucker Punch||[still]\n|-fail|p2a: Brute Bonnet\n|move|p2b: Koraidon|Close Combat|p1a: Yesman\n|-supereffective|p1a: Yesman\n|-damage|p1a: Yesman|0 fnt\n|-unboost|p2b: Koraidon|def|1\n|-unboost|p2b: Koraidon|spd|1\n|-damage|p2b: Koraidon|74/100|[from] item: Rocky Helmet|[of] p1a: Yesman\n|faint|p1a: Yesman\n|-damage|p2b: Koraidon|65/100|[from] item: Life Orb\n|\n|-weather|SunnyDay|[upkeep]\n|upkeep\n|\n|t:|1772437071\n|switch|p1a: Tonkers|Terapagos-Stellar, L50, M, tera:Stellar|100/100\n|turn|5\n|\n|t:|1772437091\n|move|p2a: Brute Bonnet|Sucker Punch||[still]\n|-fail|p2a: Brute Bonnet\n|move|p2b: Koraidon|Close Combat|p1a: Tonkers\n|-supereffective|p1a: Tonkers\n|-damage|p1a: Tonkers|0 fnt\n|-unboost|p2b: Koraidon|def|1\n|-unboost|p2b: Koraidon|spd|1\n|faint|p1a: Tonkers\n|detailschange|p1: Tonkers|Terapagos, L50, M|[silent]\n|-damage|p2b: Koraidon|55/100|[from] item: Life Orb\n|move|p1b: Cali|Encore|p2a: Brute Bonnet\n|-start|p2a: Brute Bonnet|Encore\n|\n|-weather|SunnyDay|[upkeep]\n|upkeep\n|turn|6\n|-message|t1penny forfeited.\n|\n|win|RandomcatFFR\n|raw|t1penny's rating: 1400 &rarr; <strong>1382</strong><br />(-18 for losing)\n|raw|RandomcatFFR's rating: 1433 &rarr; <strong>1451</strong><br />(+18 for winning)\n|l|\u2606t1penny\n|player|p1|\n|l|\u2606RandomcatFFR\n|player|p2|\n","uploadtime":1772437355,"views":12,"formatid":"gen9vgc2026regi","rating":1382,"private":0,"password":null}