{"id":"gen9vgc2026regi-2517204840","format":"[Gen 9] VGC 2026 Reg I","players":["paradox franco","kojimuranishi"],"log":"|j|\u2606paradox franco\n|j|\u2606kojimuranishi\n|t:|1768238953\n|gametype|doubles\n|player|p1|paradox franco|elesa|1272\n|player|p2|kojimuranishi|102|1354\n|gen|9\n|tier|[Gen 9] VGC 2026 Reg I\n|rated|\n|rule|Species Clause: Limit one of each Pok\u00e9mon\n|rule|Item Clause: Limit 1 of each item\n|clearpoke\n|poke|p1|Calyrex-Shadow, L50|\n|poke|p1|Koraidon, L50|\n|poke|p1|Raging Bolt, L50|\n|poke|p1|Chi-Yu, L50|\n|poke|p1|Weezing-Galar, L50, M|\n|poke|p1|Brute Bonnet, L50|\n|poke|p2|Raging Bolt, L50|\n|poke|p2|Calyrex-Ice, L50|\n|poke|p2|Kyogre, L50|\n|poke|p2|Indeedee-F, L50, F|\n|poke|p2|Ursaluna, L50, M|\n|poke|p2|Urshifu-*, L50, M|\n|teampreview|4\n|inactive|Battle timer is ON: inactive players will automatically lose when time's up. (requested by kojimuranishi)\n|inactive|kojimuranishi has 60 seconds left.\n|\n|t:|1768238997\n|teamsize|p1|4\n|teamsize|p2|4\n|start\n|switch|p1a: Weezing|Weezing-Galar, L50, M|100/100\n|switch|p1b: Chi-Yu|Chi-Yu, L50|100/100\n|switch|p2a: Indeedee|Indeedee-F, L50, F|100/100\n|switch|p2b: Calyrex|Calyrex-Ice, L50|100/100\n|-ability|p1a: Weezing|Neutralizing Gas\n|-ability|p2b: Calyrex|As One\n|-ability|p2b: Calyrex|Unnerve\n|turn|1\n|inactive|paradox franco has 30 seconds left.\n|inactive|kojimuranishi has 30 seconds left.\n|\n|t:|1768239030\n|-terastallize|p2b: Calyrex|Fairy\n|move|p1b: Chi-Yu|Dark Pulse|p2a: Indeedee\n|-supereffective|p2a: Indeedee\n|-damage|p2a: Indeedee|15/100\n|move|p1a: Weezing|Will-O-Wisp|p2b: Calyrex\n|-status|p2b: Calyrex|brn\n|move|p2b: Calyrex|Glacial Lance|p1a: Weezing|[spread] p1a,p1b\n|-resisted|p1b: Chi-Yu\n|-damage|p1a: Weezing|81/100\n|-damage|p1b: Chi-Yu|80/100\n|cant|p2a: Indeedee|flinch\n|\n|-damage|p2b: Calyrex|95/100 brn|[from] brn\n|upkeep\n|turn|2\n|inactive|kojimuranishi has 30 seconds left.\n|\n|t:|1768239059\n|switch|p2a: Kyogre|Kyogre, L50|100/100\n|move|p1b: Chi-Yu|Dark Pulse|p2a: Kyogre\n|-damage|p2a: Kyogre|65/100\n|move|p1a: Weezing|Taunt|p2b: Calyrex\n|-start|p2b: Calyrex|move: Taunt\n|cant|p2b: Calyrex|move: Taunt|Leech Seed\n|\n|-heal|p2b: Calyrex|100/100 brn|[from] item: Leftovers\n|-damage|p2b: Calyrex|95/100 brn|[from] brn\n|upkeep\n|turn|3\n|\n|t:|1768239080\n|switch|p2b: Ursaluna|Ursaluna, L50, M|100/100\n|move|p2a: Kyogre|Origin Pulse|p1b: Chi-Yu|[spread] p1a,p1b\n|-supereffective|p1b: Chi-Yu\n|-damage|p1a: Weezing|25/100\n|-damage|p1b: Chi-Yu|0 fnt\n|faint|p1b: Chi-Yu\n|move|p1a: Weezing|Dazzling Gleam|p2b: Ursaluna|[spread] p2a,p2b\n|-damage|p2a: Kyogre|49/100\n|-damage|p2b: Ursaluna|85/100\n|\n|-status|p2b: Ursaluna|brn|[from] item: Flame Orb\n|upkeep\n|\n|t:|1768239087\n|switch|p1b: Koraidon|Koraidon, L50|100/100\n|-weather|SunnyDay|[from] ability: Orichalcum Pulse|[of] p1b: Koraidon\n|-activate|p1b: Koraidon|Orichalcum Pulse|[source]\n|turn|4\n|inactive|kojimuranishi has 30 seconds left.\n|\n|t:|1768239115\n|switch|p2a: Calyrex|Calyrex-Ice, L50, tera:Fairy|95/100 brn\n|-ability|p2a: Calyrex|As One\n|-ability|p2a: Calyrex|Unnerve\n|move|p2b: Ursaluna|Protect|p2b: Ursaluna\n|-singleturn|p2b: Ursaluna|Protect\n|move|p1b: Koraidon|Collision Course|p2b: Ursaluna\n|-activate|p2b: Ursaluna|move: Protect\n|move|p1a: Weezing|Dazzling Gleam|p2a: Calyrex|[spread] p2a\n|-activate|p2b: Ursaluna|move: Protect\n|-damage|p2a: Calyrex|85/100 brn\n|\n|-weather|SunnyDay|[upkeep]\n|-heal|p2a: Calyrex|90/100 brn|[from] item: Leftovers\n|-damage|p2b: Ursaluna|79/100 brn|[from] brn\n|-damage|p2a: Calyrex|85/100 brn|[from] brn\n|upkeep\n|turn|5\n|inactive|kojimuranishi has 30 seconds left.\n|\n|t:|1768239148\n|switch|p2b: Indeedee|Indeedee-F, L50, F|15/100\n|-terastallize|p1b: Koraidon|Fire\n|move|p1b: Koraidon|Collision Course|p2b: Indeedee\n|-damage|p2b: Indeedee|0 fnt\n|-damage|p1b: Koraidon|84/100|[from] item: Rocky Helmet|[of] p2b: Indeedee\n|faint|p2b: Indeedee\n|move|p1a: Weezing|Taunt|p2a: Calyrex\n|-start|p2a: Calyrex|move: Taunt\n|move|p2a: Calyrex|Glacial Lance|p1b: Koraidon|[spread] p1a,p1b\n|-resisted|p1b: Koraidon\n|-damage|p1a: Weezing|6/100\n|-damage|p1b: Koraidon|75/100\n|\n|-weather|SunnyDay|[upkeep]\n|-heal|p2a: Calyrex|90/100 brn|[from] item: Leftovers\n|-damage|p2a: Calyrex|85/100 brn|[from] brn\n|upkeep\n|\n|t:|1768239169\n|switch|p2b: Kyogre|Kyogre, L50|49/100\n|turn|6\n|\n|t:|1768239178\n|switch|p1b: Brute Bonnet|Brute Bonnet, L50|100/100\n|move|p1a: Weezing|Protect|p1a: Weezing\n|-singleturn|p1a: Weezing|Protect\n|move|p2b: Kyogre|Origin Pulse|p1a: Weezing|[spread] p1b\n|-activate|p1a: Weezing|move: Protect\n|-resisted|p1b: Brute Bonnet\n|-crit|p1b: Brute Bonnet\n|-damage|p1b: Brute Bonnet|87/100\n|move|p2a: Calyrex|Glacial Lance|p1a: Weezing|[spread] p1b\n|-activate|p1a: Weezing|move: Protect\n|-supereffective|p1b: Brute Bonnet\n|-damage|p1b: Brute Bonnet|55/100\n|\n|-weather|SunnyDay|[upkeep]\n|-heal|p2a: Calyrex|90/100 brn|[from] item: Leftovers\n|-damage|p2a: Calyrex|85/100 brn|[from] brn\n|upkeep\n|turn|7\n|\n|t:|1768239199\n|switch|p2b: Ursaluna|Ursaluna, L50, M|79/100 brn\n|move|p1a: Weezing|Dazzling Gleam|p2b: Ursaluna|[spread] p2a,p2b\n|-damage|p2a: Calyrex|74/100 brn\n|-damage|p2b: Ursaluna|63/100 brn\n|move|p1b: Brute Bonnet|Seed Bomb|p2b: Ursaluna\n|-supereffective|p2b: Ursaluna\n|-damage|p2b: Ursaluna|14/100 brn\n|move|p2a: Calyrex|Glacial Lance|p1b: Brute Bonnet|[spread] p1a,p1b\n|-supereffective|p1b: Brute Bonnet\n|-damage|p1a: Weezing|0 fnt\n|-damage|p1b: Brute Bonnet|22/100\n|faint|p1a: Weezing\n|-end|p1a: Weezing|ability: Neutralizing Gas\n|-activate|p1b: Brute Bonnet|ability: Protosynthesis\n|-start|p1b: Brute Bonnet|protosynthesisdef\n|-ability|p2a: Calyrex|Chilling Neigh|boost\n|-boost|p2a: Calyrex|atk|1\n|\n|-weather|SunnyDay|[upkeep]\n|-heal|p2a: Calyrex|80/100 brn|[from] item: Leftovers\n|-damage|p2a: Calyrex|74/100 brn|[from] brn\n|-damage|p2b: Ursaluna|8/100 brn|[from] brn\n|-end|p2a: Calyrex|move: Taunt\n|upkeep\n|\n|t:|1768239204\n|switch|p1a: Koraidon|Koraidon, L50, tera:Fire|75/100\n|-activate|p1a: Koraidon|ability: Orichalcum Pulse\n|turn|8\n|inactive|kojimuranishi has 30 seconds left.\n|\n|t:|1768239231\n|switch|p2b: Kyogre|Kyogre, L50|49/100\n|-weather|RainDance|[from] ability: Drizzle|[of] p2b: Kyogre\n|-end|p1b: Brute Bonnet|Protosynthesis\n|move|p1b: Brute Bonnet|Sucker Punch||[still]\n|-fail|p1b: Brute Bonnet\n|move|p1a: Koraidon|Flame Charge|p2a: Calyrex\n|-damage|p2a: Calyrex|65/100 brn\n|-boost|p1a: Koraidon|spe|1\n|move|p2a: Calyrex|Trick Room|p2a: Calyrex\n|-fieldstart|move: Trick Room|[of] p2a: Calyrex\n|\n|-weather|RainDance|[upkeep]\n|-heal|p2a: Calyrex|71/100 brn|[from] item: Leftovers\n|-damage|p2a: Calyrex|65/100 brn|[from] brn\n|upkeep\n|turn|9\n|\n|t:|1768239249\n|move|p1a: Koraidon|Protect|p1a: Koraidon\n|-singleturn|p1a: Koraidon|Protect\n|move|p2a: Calyrex|Glacial Lance|p1a: Koraidon|[spread] p1b\n|-activate|p1a: Koraidon|move: Protect\n|-supereffective|p1b: Brute Bonnet\n|-damage|p1b: Brute Bonnet|0 fnt\n|faint|p1b: Brute Bonnet\n|-end|p1b: Brute Bonnet|Protosynthesis|[silent]\n|-ability|p2a: Calyrex|Chilling Neigh|boost\n|-boost|p2a: Calyrex|atk|1\n|move|p2b: Kyogre|Origin Pulse|p1a: Koraidon\n|-activate|p1a: Koraidon|move: Protect\n|\n|-weather|RainDance|[upkeep]\n|-heal|p2a: Calyrex|71/100 brn|[from] item: Leftovers\n|-damage|p2a: Calyrex|65/100 brn|[from] brn\n|upkeep\n|turn|10\n|-message|paradox franco forfeited.\n|\n|win|kojimuranishi\n|raw|paradox franco's rating: 1272 &rarr; <strong>1253</strong><br />(-19 for losing)\n|raw|kojimuranishi's rating: 1354 &rarr; <strong>1369</strong><br />(+15 for winning)\n|l|\u2606paradox franco\n|player|p1|\n|l|\u2606kojimuranishi\n|player|p2|\n","uploadtime":1768239402,"views":12,"formatid":"gen9vgc2026regi","rating":1253,"private":0,"password":null}