{"id":"gen9vgc2026regi-2551572815","format":"[Gen 9] VGC 2026 Reg I","players":["avarussurava","Simon0123"],"log":"|j|\u2606avarussurava\n|j|\u2606Simon0123\n|t:|1772623215\n|gametype|doubles\n|player|p1|avarussurava|1|1200\n|player|p2|Simon0123|benga|1231\n|gen|9\n|tier|[Gen 9] VGC 2026 Reg I\n|rated|\n|rule|Species Clause: Limit one of each Pok\u00e9mon\n|rule|Item Clause: Limit 1 of each item\n|clearpoke\n|poke|p1|Tyranitar, L50, F|\n|poke|p1|Kyogre, L50|\n|poke|p1|Zamazenta-*, L50|\n|poke|p1|Gastrodon, L50, F|\n|poke|p1|Sinistcha, L50|\n|poke|p1|Ceruledge, L50, M|\n|poke|p2|Terapagos, L50, M|\n|poke|p2|Calyrex-Ice, L50|\n|poke|p2|Amoonguss, L50, F|\n|poke|p2|Farigiraf, L50, F|\n|poke|p2|Incineroar, L50, F|\n|poke|p2|Urshifu-*, L50, F|\n|teampreview|4\n|inactive|Battle timer is ON: inactive players will automatically lose when time's up. (requested by Simon0123)\n|\n|t:|1772623242\n|teamsize|p1|4\n|teamsize|p2|4\n|start\n|switch|p1a: Zamazenta|Zamazenta-Crowned, L50|100/100\n|switch|p1b: Ceruledge|Ceruledge, L50, M|100/100\n|switch|p2a: Farigiraf|Farigiraf, L50, F|100/100\n|switch|p2b: Calyrex|Calyrex-Ice, L50|100/100\n|-ability|p2b: Calyrex|As One\n|-ability|p2b: Calyrex|Unnerve\n|-ability|p1a: Zamazenta|Dauntless Shield|boost\n|-boost|p1a: Zamazenta|def|1\n|turn|1\n|\n|t:|1772623258\n|move|p2b: Calyrex|Protect|p2b: Calyrex\n|-singleturn|p2b: Calyrex|Protect\n|move|p1a: Zamazenta|Iron Defense|p1a: Zamazenta\n|-boost|p1a: Zamazenta|def|2\n|move|p1b: Ceruledge|Taunt|p2b: Calyrex\n|-activate|p2b: Calyrex|move: Protect\n|move|p2a: Farigiraf|Trick Room|p2a: Farigiraf\n|-fieldstart|move: Trick Room|[of] p2a: Farigiraf\n|\n|upkeep\n|turn|2\n|\n|t:|1772623277\n|-terastallize|p2b: Calyrex|Water\n|move|p2a: Farigiraf|Helping Hand|p2b: Calyrex\n|-singleturn|p2b: Calyrex|Helping Hand|[of] p2a: Farigiraf\n|move|p2b: Calyrex|High Horsepower|p1b: Ceruledge\n|-supereffective|p1b: Ceruledge\n|-damage|p1b: Ceruledge|0 fnt\n|faint|p1b: Ceruledge\n|-ability|p2b: Calyrex|Chilling Neigh|boost\n|-boost|p2b: Calyrex|atk|1\n|move|p1a: Zamazenta|Body Press|p2b: Calyrex\n|-damage|p2b: Calyrex|22/100\n|\n|upkeep\n|\n|t:|1772623289\n|switch|p1b: Sinistcha|Sinistcha, L50|100/100\n|turn|3\n|\n|t:|1772623297\n|switch|p2a: Amoonguss|Amoonguss, L50, F|100/100\n|move|p2b: Calyrex|Protect|p2b: Calyrex\n|-singleturn|p2b: Calyrex|Protect\n|move|p1a: Zamazenta|Wide Guard|p1a: Zamazenta\n|-singleturn|p1a: Zamazenta|Wide Guard\n|move|p1b: Sinistcha|Matcha Gotcha|p2a: Amoonguss|[spread] \n|-activate|p2b: Calyrex|move: Protect\n|-miss|p1b: Sinistcha|p2a: Amoonguss\n|\n|upkeep\n|turn|4\n|\n|t:|1772623315\n|switch|p2b: Terapagos|Terapagos, L50, M|100/100\n|-activate|p2b: Terapagos|ability: Tera Shift\n|detailschange|p2b: Terapagos|Terapagos-Terastal, L50, M\n|-heal|p2b: Terapagos|100/100|[silent]\n|move|p1a: Zamazenta|Wide Guard|p1a: Zamazenta\n|-singleturn|p1a: Zamazenta|Wide Guard\n|move|p2a: Amoonguss|Spore|p1a: Zamazenta\n|-status|p1a: Zamazenta|slp|[from] move: Spore\n|move|p1b: Sinistcha|Matcha Gotcha|p2b: Terapagos|[spread] p2a,p2b\n|-resisted|p2a: Amoonguss\n|-activate|p2b: Terapagos|ability: Tera Shell\n|-resisted|p2b: Terapagos\n|-damage|p2a: Amoonguss|95/100\n|-damage|p2b: Terapagos|89/100\n|-status|p2a: Amoonguss|brn\n|\n|-heal|p2b: Terapagos|95/100|[from] item: Leftovers\n|-damage|p2a: Amoonguss|89/100 brn|[from] brn\n|upkeep\n|turn|5\n|inactive|avarussurava has 30 seconds left.\n|\n|t:|1772623344\n|move|p2a: Amoonguss|Pollen Puff|p1b: Sinistcha\n|-crit|p1b: Sinistcha\n|-damage|p1b: Sinistcha|66/100\n|move|p1b: Sinistcha|Shadow Ball|p2a: Amoonguss\n|-damage|p2a: Amoonguss|56/100 brn\n|-unboost|p2a: Amoonguss|spd|1\n|move|p2b: Terapagos|Earth Power|p1a: Zamazenta\n|-supereffective|p1a: Zamazenta\n|-damage|p1a: Zamazenta|64/100 slp\n|cant|p1a: Zamazenta|slp\n|\n|-heal|p2b: Terapagos|100/100|[from] item: Leftovers\n|-damage|p2a: Amoonguss|50/100 brn|[from] brn\n|-fieldend|move: Trick Room\n|upkeep\n|turn|6\n|\n|t:|1772623363\n|move|p2a: Amoonguss|Rage Powder|p2a: Amoonguss\n|-singleturn|p2a: Amoonguss|move: Rage Powder\n|cant|p1a: Zamazenta|slp\n|move|p2b: Terapagos|Earth Power|p1a: Zamazenta\n|-supereffective|p1a: Zamazenta\n|-damage|p1a: Zamazenta|23/100 slp\n|move|p1b: Sinistcha|Shadow Ball|p2a: Amoonguss\n|-damage|p2a: Amoonguss|5/100 brn\n|\n|-damage|p2a: Amoonguss|0 fnt|[from] brn\n|faint|p2a: Amoonguss\n|upkeep\n|\n|t:|1772623371\n|switch|p2a: Farigiraf|Farigiraf, L50, F|100/100\n|turn|7\n|inactive|Simon0123 has 30 seconds left.\n|\n|t:|1772623397\n|move|p2b: Terapagos|Protect|p2b: Terapagos\n|-singleturn|p2b: Terapagos|Protect\n|move|p1b: Sinistcha|Rage Powder|p1b: Sinistcha\n|-singleturn|p1b: Sinistcha|move: Rage Powder\n|cant|p1a: Zamazenta|slp\n|move|p2a: Farigiraf|Trick Room|p2a: Farigiraf\n|-fieldstart|move: Trick Room|[of] p2a: Farigiraf\n|\n|upkeep\n|turn|8\n|\n|t:|1772623414\n|-curestatus|p1a: Zamazenta|slp|[msg]\n|move|p1a: Zamazenta|Wide Guard|p1a: Zamazenta\n|-singleturn|p1a: Zamazenta|Wide Guard\n|move|p2a: Farigiraf|Psychic|p1a: Zamazenta\n|-damage|p1a: Zamazenta|2/100\n|move|p1b: Sinistcha|Life Dew|p1b: Sinistcha|[spread] p1a,p1b\n|-heal|p1a: Zamazenta|27/100\n|-heal|p1b: Sinistcha|92/100\n|move|p2b: Terapagos|Earth Power|p1a: Zamazenta\n|-supereffective|p1a: Zamazenta\n|-damage|p1a: Zamazenta|0 fnt\n|faint|p1a: Zamazenta\n|\n|upkeep\n|\n|t:|1772623428\n|switch|p1a: Gastrodon|Gastrodon, L50, F|100/100\n|turn|9\n|-message|avarussurava forfeited.\n|\n|win|Simon0123\n|raw|avarussurava's rating: 1200 &rarr; <strong>1177</strong><br />(-23 for losing)\n|raw|Simon0123's rating: 1231 &rarr; <strong>1254</strong><br />(+23 for winning)\n|l|\u2606avarussurava\n|player|p1|\n|l|\u2606Simon0123\n|player|p2|\n","uploadtime":1772623727,"views":13,"formatid":"gen9vgc2026regi","rating":1177,"private":0,"password":null}