{"id":"gen9vgc2026regi-2551843425","format":"[Gen 9] VGC 2026 Reg I","players":["Maphoo","Feenir"],"log":"|j|\u2606Maphoo\n|j|\u2606Feenir\n|t:|1772649921\n|gametype|doubles\n|player|p1|Maphoo|2|1354\n|player|p2|Feenir|102|1397\n|gen|9\n|tier|[Gen 9] VGC 2026 Reg I\n|rated|\n|rule|Species Clause: Limit one of each Pok\u00e9mon\n|rule|Item Clause: Limit 1 of each item\n|clearpoke\n|poke|p1|Lunala, L50|\n|poke|p1|Indeedee-F, L50, F|\n|poke|p1|Roaring Moon, L50|\n|poke|p1|Kyogre, L50|\n|poke|p1|Urshifu-*, L50, M|\n|poke|p1|Ursaluna, L50, M|\n|poke|p2|Miraidon, L50|\n|poke|p2|Landorus, L50, M|\n|poke|p2|Ursaluna, L50, M|\n|poke|p2|Calyrex-Ice, L50|\n|poke|p2|Whimsicott, L50, F|\n|poke|p2|Farigiraf, L50, M|\n|teampreview|4\n|\n|t:|1772649945\n|teamsize|p1|4\n|teamsize|p2|4\n|start\n|switch|p1a: Lunala|Lunala, L50, shiny|100/100\n|switch|p1b: Urshifu|Urshifu-Rapid-Strike, L50, M|100/100\n|switch|p2a: Miraidon|Miraidon, L50|100/100\n|switch|p2b: Farigiraf|Farigiraf, L50, M|100/100\n|-fieldstart|move: Electric Terrain|[from] ability: Hadron Engine|[of] p2a: Miraidon\n|-enditem|p2b: Farigiraf|Electric Seed\n|-boost|p2b: Farigiraf|def|1|[from] item: Electric Seed\n|turn|1\n|\n|t:|1772649962\n|move|p2a: Miraidon|Volt Switch|p1b: Urshifu\n|-supereffective|p1b: Urshifu\n|-enditem|p1b: Urshifu|Focus Sash\n|-damage|p1b: Urshifu|1/100\n|\n|t:|1772649976\n|switch|p2a: Calyrex|Calyrex-Ice, L50|100/100|[from] Volt Switch\n|-ability|p2a: Calyrex|As One\n|-ability|p2a: Calyrex|Unnerve\n|move|p1b: Urshifu|Taunt|p2b: Farigiraf\n|-start|p2b: Farigiraf|move: Taunt\n|move|p1a: Lunala|Meteor Beam||[still]\n|-prepare|p1a: Lunala|Meteor Beam\n|-boost|p1a: Lunala|spa|1\n|-enditem|p1a: Lunala|Power Herb\n|-anim|p1a: Lunala|Meteor Beam|p2a: Calyrex\n|-supereffective|p2a: Calyrex\n|-damage|p2a: Calyrex|8/100\n|cant|p2b: Farigiraf|move: Taunt|Trick Room\n|\n|upkeep\n|turn|2\n|\n|t:|1772649998\n|move|p2a: Calyrex|Protect|p2a: Calyrex\n|-singleturn|p2a: Calyrex|Protect\n|move|p1b: Urshifu|Surging Strikes|p2b: Farigiraf\n|-crit|p2b: Farigiraf\n|-damage|p2b: Farigiraf|81/100\n|-crit|p2b: Farigiraf\n|-damage|p2b: Farigiraf|62/100\n|-crit|p2b: Farigiraf\n|-damage|p2b: Farigiraf|43/100\n|-hitcount|p2b: Farigiraf|3\n|move|p1a: Lunala|Moongeist Beam|p2a: Calyrex\n|-activate|p2a: Calyrex|move: Protect\n|move|p2b: Farigiraf|Psychic|p1b: Urshifu\n|-supereffective|p1b: Urshifu\n|-damage|p1b: Urshifu|0 fnt\n|faint|p1b: Urshifu\n|\n|upkeep\n|\n|t:|1772650016\n|switch|p1b: Roaring Moon|Roaring Moon, L50|100/100\n|-enditem|p1b: Roaring Moon|Booster Energy\n|-activate|p1b: Roaring Moon|ability: Protosynthesis|[fromitem]\n|-start|p1b: Roaring Moon|protosynthesisspe\n|turn|3\n|\n|t:|1772650026\n|move|p1b: Roaring Moon|Tailwind|p1b: Roaring Moon\n|-sidestart|p1: Maphoo|move: Tailwind\n|move|p1a: Lunala|Moongeist Beam|p2a: Calyrex\n|-supereffective|p2a: Calyrex\n|-damage|p2a: Calyrex|0 fnt\n|faint|p2a: Calyrex\n|move|p2b: Farigiraf|Foul Play|p1a: Lunala\n|-supereffective|p1a: Lunala\n|-damage|p1a: Lunala|70/100\n|\n|-end|p2b: Farigiraf|move: Taunt\n|upkeep\n|\n|t:|1772650030\n|switch|p2a: Ursaluna|Ursaluna, L50, M|100/100\n|turn|4\n|\n|t:|1772650047\n|-end|p1b: Roaring Moon|Protosynthesis|[silent]\n|switch|p1b: Indeedee|Indeedee-F, L50, F, shiny|100/100\n|-fieldstart|move: Psychic Terrain|[from] ability: Psychic Surge|[of] p1b: Indeedee\n|-enditem|p1b: Indeedee|Psychic Seed\n|-boost|p1b: Indeedee|spd|1|[from] item: Psychic Seed\n|move|p1a: Lunala|Expanding Force|p2a: Ursaluna|[spread] p2a,p2b\n|-resisted|p2b: Farigiraf\n|-damage|p2a: Ursaluna|22/100\n|-damage|p2b: Farigiraf|0 fnt\n|faint|p2b: Farigiraf\n|move|p2a: Ursaluna|Crunch|p1a: Lunala\n|-supereffective|p1a: Lunala\n|-damage|p1a: Lunala|0 fnt\n|faint|p1a: Lunala\n|\n|-status|p2a: Ursaluna|brn|[from] item: Flame Orb\n|upkeep\n|\n|t:|1772650063\n|switch|p1a: Roaring Moon|Roaring Moon, L50|100/100\n|switch|p2b: Miraidon|Miraidon, L50|100/100\n|-fieldstart|move: Electric Terrain|[from] ability: Hadron Engine|[of] p2b: Miraidon\n|turn|5\n|\n|t:|1772650079\n|-terastallize|p2b: Miraidon|Fairy\n|move|p2a: Ursaluna|Protect|p2a: Ursaluna\n|-singleturn|p2a: Ursaluna|Protect\n|move|p1b: Indeedee|Follow Me|p1b: Indeedee\n|-singleturn|p1b: Indeedee|move: Follow Me\n|move|p1a: Roaring Moon|Knock Off|p2a: Ursaluna\n|-activate|p2a: Ursaluna|move: Protect\n|move|p2b: Miraidon|Dazzling Gleam|p1b: Indeedee|[spread] p1a,p1b\n|-supereffective|p1a: Roaring Moon\n|-damage|p1a: Roaring Moon|0 fnt\n|-damage|p1b: Indeedee|75/100\n|faint|p1a: Roaring Moon\n|-end|p1a: Roaring Moon|Protosynthesis|[silent]\n|\n|-damage|p2a: Ursaluna|16/100 brn|[from] brn\n|upkeep\n|turn|6\n|c|\u2606Feenir|gg\n|-message|Maphoo forfeited.\n|\n|win|Feenir\n|raw|Maphoo's rating: 1354 &rarr; <strong>1336</strong><br />(-18 for losing)\n|raw|Feenir's rating: 1389 &rarr; <strong>1407</strong><br />(+18 for winning)\n|l|\u2606Maphoo\n|player|p1|\n|l|\u2606Feenir\n|player|p2|\n","uploadtime":1772650339,"views":12,"formatid":"gen9vgc2026regi","rating":1336,"private":0,"password":null}