{"id":"gen9vgc2026regi-2573304689","format":"[Gen 9] VGC 2026 Reg I","players":["Dissidente","Glaceon_1740"],"log":"|j|\u2606Dissidente\n|j|\u203dGlaceon_1740\n|t:|1775118833\n|gametype|doubles\n|player|p1|Dissidente|proton|1334\n|player|p2|Glaceon_1740|dawn-gen4pt|1300\n|gen|9\n|tier|[Gen 9] VGC 2026 Reg I\n|rated|\n|rule|Species Clause: Limit one of each Pok\u00e9mon\n|rule|Item Clause: Limit 1 of each item\n|clearpoke\n|poke|p1|Calyrex-Shadow, L50|\n|poke|p1|Tornadus, L50, M|\n|poke|p1|Indeedee-F, L50, F|\n|poke|p1|Koraidon, L50|\n|poke|p1|Incineroar, L50, F|\n|poke|p1|Urshifu-*, L50, M|\n|poke|p2|Meowscarada, L50, F|\n|poke|p2|Murkrow, L50, M|\n|poke|p2|Kyogre, L50|\n|poke|p2|Zacian-*, L50|\n|poke|p2|Incineroar, L50, F|\n|poke|p2|Rillaboom, L50, F|\n|teampreview|4\n|inactive|Battle timer is ON: inactive players will automatically lose when time's up. (requested by Glaceon_1740)\nDissidente rejected open team sheets.\n|inactive|Dissidente has 60 seconds left.\n|\n|t:|1775118883\n|teamsize|p1|4\n|teamsize|p2|4\n|start\n|switch|p1a: Tornadus|Tornadus, L50, M|100/100\n|switch|p1b: Calyrex|Calyrex-Shadow, L50|100/100\n|switch|p2a: Meowscarada|Meowscarada, L50, F|100/100\n|switch|p2b: Kyogre|Kyogre, L50|100/100\n|-ability|p1b: Calyrex|As One\n|-ability|p1b: Calyrex|Unnerve\n|-weather|RainDance|[from] ability: Drizzle|[of] p2b: Kyogre\n|turn|1\n|inactive|Glaceon_1740 has 30 seconds left.\n|inactive|Glaceon_1740 has 20 seconds left.\n|inactive|Glaceon_1740 has 15 seconds left.\n|\n|t:|1775118925\n|switch|p2b: Murkrow|Murkrow, L50, M, shiny|100/100\n|move|p1b: Calyrex|Protect|p1b: Calyrex\n|-singleturn|p1b: Calyrex|Protect\n|move|p2a: Meowscarada|Triple Axel|p1a: Tornadus\n|-start|p2a: Meowscarada|typechange|Ice|[from] ability: Protean\n|-supereffective|p1a: Tornadus\n|-damage|p1a: Tornadus|77/100\n|-supereffective|p1a: Tornadus\n|-damage|p1a: Tornadus|27/100\n|-supereffective|p1a: Tornadus\n|-damage|p1a: Tornadus|0 fnt\n|faint|p1a: Tornadus\n|-hitcount|p1: Tornadus|3\n|\n|-weather|RainDance|[upkeep]\n|upkeep\n|inactive|Dissidente has 30 seconds left.\n|\n|t:|1775118954\n|switch|p1a: Indeedee|Indeedee-F, L50, F|100/100\n|-fieldstart|move: Psychic Terrain|[from] ability: Psychic Surge|[of] p1a: Indeedee\n|turn|2\n|inactive|Glaceon_1740 has 30 seconds left.\n|inactive|Glaceon_1740 has 20 seconds left.\n|inactive|Glaceon_1740 has 15 seconds left.\n|\n|t:|1775118998\n|move|p1a: Indeedee|Helping Hand|p1b: Calyrex\n|-singleturn|p1b: Calyrex|Helping Hand|[of] p1a: Indeedee\n|move|p2b: Murkrow|Tailwind|p2b: Murkrow\n|-sidestart|p2: Glaceon_1740|move: Tailwind\n|move|p2a: Meowscarada|Triple Axel|p1b: Calyrex\n|-crit|p1b: Calyrex\n|-damage|p1b: Calyrex|82/100\n|-damage|p1b: Calyrex|56/100\n|-damage|p1b: Calyrex|19/100\n|-hitcount|p1b: Calyrex|3\n|move|p1b: Calyrex|Astral Barrage|p2a: Meowscarada|[spread] p2a,p2b\n|-resisted|p2b: Murkrow\n|-damage|p2a: Meowscarada|0 fnt\n|-damage|p2b: Murkrow|37/100\n|faint|p2a: Meowscarada\n|-ability|p1b: Calyrex|Grim Neigh|boost\n|-boost|p1b: Calyrex|spa|1\n|-damage|p1b: Calyrex|10/100|[from] item: Life Orb\n|\n|-weather|RainDance|[upkeep]\n|upkeep\n|inactive|Glaceon_1740 has 30 seconds left.\n|\n|t:|1775119023\n|switch|p2a: Kyogre|Kyogre, L50|100/100\n|turn|3\n|\n|t:|1775119037\n|switch|p1b: Koraidon|Koraidon, L50|100/100\n|-weather|SunnyDay|[from] ability: Orichalcum Pulse|[of] p1b: Koraidon\n|-activate|p1b: Koraidon|Orichalcum Pulse|[source]\n|move|p2b: Murkrow|Foul Play|p1a: Indeedee\n|-supereffective|p1a: Indeedee\n|-damage|p1a: Indeedee|69/100\n|-damage|p2b: Murkrow|21/100|[from] item: Rocky Helmet|[of] p1a: Indeedee\n|move|p2a: Kyogre|Water Spout|p1a: Indeedee|[spread] p1a,p1b\n|-resisted|p1b: Koraidon\n|-damage|p1a: Indeedee|43/100\n|-damage|p1b: Koraidon|88/100\n|move|p1a: Indeedee|Trick Room|p1a: Indeedee\n|-fieldstart|move: Trick Room|[of] p1a: Indeedee\n|\n|-weather|SunnyDay|[upkeep]\n|upkeep\n|turn|4\n|inactive|Glaceon_1740 has 30 seconds left.\n|\n|t:|1775119067\n|move|p2b: Murkrow|Rain Dance|p2b: Murkrow\n|-weather|RainDance\n|move|p1a: Indeedee|Dazzling Gleam|p2a: Kyogre|[spread] p2a,p2b\n|-supereffective|p2b: Murkrow\n|-damage|p2a: Kyogre|90/100\n|-damage|p2b: Murkrow|0 fnt\n|faint|p2b: Murkrow\n|move|p1b: Koraidon|Collision Course|p2a: Kyogre\n|-damage|p2a: Kyogre|38/100\n|move|p2a: Kyogre|Origin Pulse|p1b: Koraidon|[spread] p1a,p1b\n|-resisted|p1b: Koraidon\n|-damage|p1a: Indeedee|0 fnt\n|-damage|p1b: Koraidon|58/100\n|faint|p1a: Indeedee\n|\n|-weather|RainDance|[upkeep]\n|upkeep\n|\n|t:|1775119084\n|switch|p1a: Calyrex|Calyrex-Shadow, L50|10/100\n|switch|p2b: Zacian|Zacian-Crowned, L50|100/100\n|-ability|p1a: Calyrex|As One\n|-ability|p1a: Calyrex|Unnerve\n|-ability|p2b: Zacian|Intrepid Sword|boost\n|-boost|p2b: Zacian|atk|1\n|turn|5\n|\n|t:|1775119099\n|move|p2a: Kyogre|Protect|p2a: Kyogre\n|-singleturn|p2a: Kyogre|Protect\n|move|p2b: Zacian|Protect|p2b: Zacian\n|-singleturn|p2b: Zacian|Protect\n|move|p1b: Koraidon|Collision Course|p2a: Kyogre\n|-activate|p2a: Kyogre|move: Protect\n|move|p1a: Calyrex|Astral Barrage|p2b: Zacian|[spread] \n|-activate|p2a: Kyogre|move: Protect\n|-activate|p2b: Zacian|move: Protect\n|\n|-weather|RainDance|[upkeep]\n|-sideend|p2: Glaceon_1740|move: Tailwind\n|upkeep\n|turn|6\n|\n|t:|1775119123\n|move|p1a: Calyrex|Protect|p1a: Calyrex\n|-singleturn|p1a: Calyrex|Protect\n|move|p2a: Kyogre|Water Spout|p1b: Koraidon|[spread] p1b\n|-activate|p1a: Calyrex|move: Protect\n|-resisted|p1b: Koraidon\n|-damage|p1b: Koraidon|44/100\n|move|p1b: Koraidon|Collision Course|p2a: Kyogre\n|-damage|p2a: Kyogre|0 fnt\n|faint|p2a: Kyogre\n|move|p2b: Zacian|Play Rough|p1b: Koraidon\n|-supereffective|p1b: Koraidon\n|-damage|p1b: Koraidon|0 fnt\n|faint|p1b: Koraidon\n|\n|-weather|RainDance|[upkeep]\n|-fieldend|move: Psychic Terrain\n|upkeep\n|turn|7\n|\n|t:|1775119144\n|move|p1a: Calyrex|Protect||[still]\n|-fail|p1a: Calyrex\n|move|p2b: Zacian|Behemoth Blade|p1a: Calyrex\n|-damage|p1a: Calyrex|0 fnt\n|faint|p1a: Calyrex\n|\n|win|Glaceon_1740\n|raw|Dissidente's rating: 1334 &rarr; <strong>1312</strong><br />(-22 for losing)\n|raw|Glaceon_1740's rating: 1300 &rarr; <strong>1327</strong><br />(+27 for winning)\n|l|\u2606Dissidente\n|player|p1|\n","uploadtime":1775119393,"views":10,"formatid":"gen9vgc2026regi","rating":1312,"private":0,"password":null}