{"id":"gen9vgc2026regi-2559965134","format":"[Gen 9] VGC 2026 Reg I","players":["LeaderFSPL","It'sJustKen VGC"],"log":"|j|\u2606LeaderFSPL\n|j|\u2606It'sJustKen VGC\n|t:|1773629325\n|gametype|doubles\n|player|p1|LeaderFSPL|aromalady|1207\n|player|p2|It'sJustKen VGC|102|1315\n|gen|9\n|tier|[Gen 9] VGC 2026 Reg I\n|rated|\n|rule|Species Clause: Limit one of each Pok\u00e9mon\n|rule|Item Clause: Limit 1 of each item\n|clearpoke\n|poke|p1|Miraidon, L50|\n|poke|p1|Whimsicott, L50, F|\n|poke|p1|Farigiraf, L50, F|\n|poke|p1|Iron Hands, L50|\n|poke|p1|Groudon, L50|\n|poke|p1|Typhlosion-Hisui, L50, M|\n|poke|p2|Miraidon, L50|\n|poke|p2|Oranguru, L50, F|\n|poke|p2|Iron Hands, L50|\n|poke|p2|Sinistcha, L50|\n|poke|p2|Incineroar, L50, M|\n|poke|p2|Calyrex-Shadow, L50|\n|teampreview|4\n|inactive|Battle timer is ON: inactive players will automatically lose when time's up. (requested by It'sJustKen VGC)\n|inactive|LeaderFSPL has 60 seconds left.\n|inactive|LeaderFSPL has 30 seconds left.\n|inactive|LeaderFSPL has 20 seconds left.\n|inactive|LeaderFSPL has 15 seconds left.\n|inactive|LeaderFSPL has 10 seconds left.\n|\n|t:|1773629406\n|teamsize|p1|4\n|teamsize|p2|4\n|start\n|switch|p1a: Whimsicott|Whimsicott, L50, F|100/100\n|switch|p1b: Typhlosion|Typhlosion-Hisui, L50, M|100/100\n|switch|p2a: Miraidon|Miraidon, L50, shiny|100/100\n|switch|p2b: Incineroar|Incineroar, L50, M|100/100\n|-fieldstart|move: Electric Terrain|[from] ability: Hadron Engine|[of] p2a: Miraidon\n|-enditem|p2a: Miraidon|Electric Seed\n|-boost|p2a: Miraidon|def|1|[from] item: Electric Seed\n|-ability|p2b: Incineroar|Intimidate|boost\n|-unboost|p1a: Whimsicott|atk|1\n|-unboost|p1b: Typhlosion|atk|1\n|turn|1\n|inactive|LeaderFSPL has 30 seconds left.\n|inactive|It'sJustKen VGC has 30 seconds left.\n|inactive|It'sJustKen VGC has 20 seconds left.\n|inactive|It'sJustKen VGC has 15 seconds left.\n|inactive|It'sJustKen VGC has 10 seconds left.\n|inactive|It'sJustKen VGC has 5 seconds left.\n|\n|t:|1773629457\n|move|p2a: Miraidon|Protect|p2a: Miraidon\n|-singleturn|p2a: Miraidon|Protect\n|move|p1a: Whimsicott|Fake Tears|p2a: Miraidon\n|-activate|p2a: Miraidon|move: Protect\n|move|p1b: Typhlosion|Shadow Ball|p2a: Miraidon\n|-activate|p2a: Miraidon|move: Protect\n|move|p2b: Incineroar|Flare Blitz|p1a: Whimsicott\n|-supereffective|p1a: Whimsicott\n|-crit|p1a: Whimsicott\n|-damage|p1a: Whimsicott|0 fnt\n|faint|p1a: Whimsicott\n|-damage|p2b: Incineroar|73/100|[from] Recoil\n|\n|upkeep\n|\n|t:|1773629473\n|switch|p1a: Miraidon|Miraidon, L50|100/100\n|-activate|p1a: Miraidon|ability: Hadron Engine\n|turn|2\n|inactive|LeaderFSPL has 30 seconds left.\n|inactive|It'sJustKen VGC has 30 seconds left.\n|inactive|It'sJustKen VGC has 20 seconds left.\n|inactive|It'sJustKen VGC has 15 seconds left.\n|inactive|LeaderFSPL has 20 seconds left.\n|\n|t:|1773629520\n|-terastallize|p2a: Miraidon|Electric\n|move|p1a: Miraidon|Volt Switch|p2b: Incineroar\n|-damage|p2b: Incineroar|0 fnt\n|faint|p2b: Incineroar\n|\n|t:|1773629525\n|switch|p1a: Groudon|Groudon, L50|100/100|[from] Volt Switch\n|-weather|SunnyDay|[from] ability: Drought|[of] p1a: Groudon\n|move|p1b: Typhlosion|Shadow Ball|p2a: Miraidon\n|-damage|p2a: Miraidon|71/100\n|move|p2a: Miraidon|Calm Mind|p2a: Miraidon\n|-boost|p2a: Miraidon|spa|1\n|-boost|p2a: Miraidon|spd|1\n|\n|-weather|SunnyDay|[upkeep]\n|upkeep\n|\n|t:|1773629529\n|switch|p2b: Iron Hands|Iron Hands, L50|100/100\n|-activate|p2b: Iron Hands|ability: Quark Drive\n|-start|p2b: Iron Hands|quarkdriveatk\n|turn|3\n|\n|t:|1773629548\n|move|p2b: Iron Hands|Fake Out|p1a: Groudon\n|-damage|p1a: Groudon|86/100\n|move|p1b: Typhlosion|Eruption|p2b: Iron Hands|[spread] p2a,p2b\n|-crit|p2b: Iron Hands\n|-damage|p2a: Miraidon|25/100\n|-damage|p2b: Iron Hands|43/100\n|move|p2a: Miraidon|Dragon Pulse|p1a: Groudon\n|-damage|p1a: Groudon|45/100\n|cant|p1a: Groudon|flinch\n|\n|-weather|SunnyDay|[upkeep]\n|upkeep\n|turn|4\n|inactive|LeaderFSPL has 30 seconds left.\n|inactive|LeaderFSPL has 20 seconds left.\n|\n|t:|1773629584\n|switch|p1a: Miraidon|Miraidon, L50|100/100\n|-activate|p1a: Miraidon|ability: Hadron Engine\n|-end|p2b: Iron Hands|Quark Drive|[silent]\n|switch|p2b: Sinistcha|Sinistcha, L50|100/100\n|-heal|p2a: Miraidon|50/100|[from] ability: Hospitality|[of] p2b: Sinistcha\n|move|p1b: Typhlosion|Eruption|p2a: Miraidon|[spread] p2a,p2b\n|-supereffective|p2b: Sinistcha\n|-damage|p2a: Miraidon|9/100\n|-damage|p2b: Sinistcha|0 fnt\n|faint|p2b: Sinistcha\n|move|p2a: Miraidon|Parabolic Charge|p1b: Typhlosion|[spread] p1a,p1b\n|-resisted|p1a: Miraidon\n|-damage|p1a: Miraidon|80/100\n|-heal|p2a: Miraidon|18/100|[from] drain|[of] p1a: Miraidon\n|-enditem|p1b: Typhlosion|Focus Sash\n|-damage|p1b: Typhlosion|1/100\n|-heal|p2a: Miraidon|54/100|[from] drain|[of] p1b: Typhlosion\n|\n|-weather|SunnyDay|[upkeep]\n|upkeep\n|\n|t:|1773629599\n|switch|p2b: Iron Hands|Iron Hands, L50|43/100\n|-activate|p2b: Iron Hands|ability: Quark Drive\n|-start|p2b: Iron Hands|quarkdriveatk\n|turn|5\n|inactive|LeaderFSPL has 30 seconds left.\n|\n|t:|1773629627\n|switch|p1a: Groudon|Groudon, L50|45/100\n|move|p1b: Typhlosion|Heat Wave|p2b: Iron Hands|[spread] p2a\n|-miss|p1b: Typhlosion|p2b: Iron Hands\n|-damage|p2a: Miraidon|16/100\n|move|p2a: Miraidon|Dragon Pulse|p1b: Typhlosion\n|-damage|p1b: Typhlosion|0 fnt\n|faint|p1b: Typhlosion\n|move|p2b: Iron Hands|Low Kick|p1a: Groudon\n|-damage|p1a: Groudon|0 fnt\n|faint|p1a: Groudon\n|\n|-weather|SunnyDay|[upkeep]\n|-fieldend|move: Electric Terrain\n|-end|p2b: Iron Hands|Quark Drive\n|upkeep\n|\n|t:|1773629641\n|switch|p1b: Miraidon|Miraidon, L50|80/100\n|-fieldstart|move: Electric Terrain|[from] ability: Hadron Engine|[of] p1b: Miraidon\n|-activate|p2b: Iron Hands|ability: Quark Drive\n|-start|p2b: Iron Hands|quarkdriveatk\n|turn|6\n|\n|t:|1773629650\n|-terastallize|p1b: Miraidon|Electric\n|move|p1b: Miraidon|Discharge|p2a: Miraidon|[spread] p2a,p2b\n|-resisted|p2a: Miraidon\n|-resisted|p2b: Iron Hands\n|-damage|p2a: Miraidon|0 fnt\n|-damage|p2b: Iron Hands|14/100\n|faint|p2a: Miraidon\n|move|p2b: Iron Hands|Low Kick|p1b: Miraidon\n|-damage|p1b: Miraidon|0 fnt\n|faint|p1b: Miraidon\n|\n|win|It'sJustKen VGC\n|raw|LeaderFSPL's rating: 1207 &rarr; <strong>1186</strong><br />(-21 for losing)\n|raw|It&apos;sJustKen VGC's rating: 1267 &rarr; <strong>1288</strong><br />(+21 for winning)\n|l|\u2606It'sJustKen VGC\n|player|p2|\n|l|\u2606LeaderFSPL\n|player|p1|\n","uploadtime":1773629654,"views":10,"formatid":"gen9vgc2026regi","rating":1186,"private":0,"password":null}