{"id":"gen9vgc2026regi-2529722289","format":"[Gen 9] VGC 2026 Reg I","players":["Shagrathisbeast","IronAurora"],"log":"|j|\u2606Shagrathisbeast\n|j|\u2606IronAurora\n|t:|1769815928\n|gametype|doubles\n|player|p1|Shagrathisbeast|steven|1350\n|player|p2|IronAurora|1|1341\n|gen|9\n|tier|[Gen 9] VGC 2026 Reg I\n|rated|\n|rule|Species Clause: Limit one of each Pok\u00e9mon\n|rule|Item Clause: Limit 1 of each item\n|clearpoke\n|poke|p1|Kyogre, L50|\n|poke|p1|Ogerpon-Cornerstone, L50, F|\n|poke|p1|Calyrex-Ice, L50|\n|poke|p1|Landorus, L50, M|\n|poke|p1|Farigiraf, L50, F|\n|poke|p1|Regieleki, L50|\n|poke|p2|Miraidon, L50|\n|poke|p2|Incineroar, L50, M|\n|poke|p2|Farigiraf, L50, M|\n|poke|p2|Iron Bundle, L50|\n|poke|p2|Lunala, L50|\n|poke|p2|Iron Hands, L50|\n|teampreview|4\n|inactive|Battle timer is ON: inactive players will automatically lose when time's up. (requested by IronAurora)\n|\n|t:|1769815995\n|teamsize|p1|4\n|teamsize|p2|4\n|start\n|switch|p1a: Regieleki|Regieleki, L50|100/100\n|switch|p1b: Calyrex|Calyrex-Ice, L50|100/100\n|switch|p2a: Iron Bundle|Iron Bundle, L50, shiny|100/100\n|switch|p2b: Miraidon|Miraidon, L50|100/100\n|-ability|p1b: Calyrex|As One\n|-ability|p1b: Calyrex|Unnerve\n|-fieldstart|move: Electric Terrain|[from] ability: Hadron Engine|[of] p2b: Miraidon\n|-activate|p2a: Iron Bundle|ability: Quark Drive\n|-start|p2a: Iron Bundle|quarkdrivespe\n|turn|1\n|inactive|Shagrathisbeast has 30 seconds left.\n|inactive|IronAurora has 30 seconds left.\n|inactive|Shagrathisbeast has 20 seconds left.\n|\n|t:|1769816035\n|-terastallize|p2b: Miraidon|Electric\n|move|p1a: Regieleki|Protect|p1a: Regieleki\n|-singleturn|p1a: Regieleki|Protect\n|move|p1b: Calyrex|Protect|p1b: Calyrex\n|-singleturn|p1b: Calyrex|Protect\n|move|p2a: Iron Bundle|Icy Wind|p1b: Calyrex|[spread] \n|-activate|p1a: Regieleki|move: Protect\n|-activate|p1b: Calyrex|move: Protect\n|move|p2b: Miraidon|Electro Drift|p1b: Calyrex\n|-activate|p1b: Calyrex|move: Protect\n|\n|upkeep\n|turn|2\n|\n|t:|1769816058\n|-terastallize|p1b: Calyrex|Dragon\n|move|p2a: Iron Bundle|Encore|p1b: Calyrex\n|-start|p1b: Calyrex|Encore\n|move|p1a: Regieleki|Volt Switch|p2a: Iron Bundle\n|-supereffective|p2a: Iron Bundle\n|-enditem|p2a: Iron Bundle|Focus Sash\n|-damage|p2a: Iron Bundle|1/100\n|\n|t:|1769816075\n|switch|p1a: Landorus|Landorus, L50, M|100/100|[from] Volt Switch\n|move|p2b: Miraidon|Electro Drift|p1a: Landorus\n|-immune|p1a: Landorus\n|move|p1b: Calyrex|Protect||[still]\n|-fail|p1b: Calyrex\n|\n|upkeep\n|turn|3\n|inactive|Shagrathisbeast has 30 seconds left.\n|\n|t:|1769816108\n|switch|p2b: Incineroar|Incineroar, L50, M, shiny|100/100\n|-ability|p2b: Incineroar|Intimidate|boost\n|-unboost|p1a: Landorus|atk|1\n|-fail|p1b: Calyrex|unboost|[from] item: Clear Amulet|[of] p1b: Calyrex\n|move|p1a: Landorus|Protect|p1a: Landorus\n|-singleturn|p1a: Landorus|Protect\n|move|p1b: Calyrex|Protect|p1b: Calyrex\n|-singleturn|p1b: Calyrex|Protect\n|move|p2a: Iron Bundle|Freeze-Dry|p1a: Landorus\n|-activate|p1a: Landorus|move: Protect\n|\n|upkeep\n|turn|4\n|inactive|Shagrathisbeast has 30 seconds left.\n|\n|t:|1769816141\n|switch|p1a: Kyogre|Kyogre, L50, shiny|100/100\n|-weather|RainDance|[from] ability: Drizzle|[of] p1a: Kyogre\n|move|p1b: Calyrex|Protect|p1b: Calyrex\n|-singleturn|p1b: Calyrex|Protect\n|move|p2a: Iron Bundle|Freeze-Dry|p1a: Kyogre\n|-supereffective|p1a: Kyogre\n|-damage|p1a: Kyogre|48/100\n|move|p2b: Incineroar|Knock Off|p1b: Calyrex\n|-activate|p1b: Calyrex|move: Protect\n|\n|-weather|RainDance|[upkeep]\n|-end|p1b: Calyrex|Encore\n|upkeep\n|turn|5\n|inactive|IronAurora has 30 seconds left.\n|j| riyuezi\n|inactive|Shagrathisbeast has 30 seconds left.\n|\n|t:|1769816179\n|move|p2a: Iron Bundle|Encore|p1b: Calyrex\n|-start|p1b: Calyrex|Encore\n|move|p1a: Kyogre|Origin Pulse|p2b: Incineroar|[spread] p2a,p2b\n|-resisted|p2a: Iron Bundle\n|-supereffective|p2b: Incineroar\n|-damage|p2a: Iron Bundle|0 fnt\n|-damage|p2b: Incineroar|0 fnt\n|faint|p2a: Iron Bundle\n|-end|p2a: Iron Bundle|Quark Drive|[silent]\n|faint|p2b: Incineroar\n|move|p1b: Calyrex|Protect||[still]\n|-fail|p1b: Calyrex\n|\n|-weather|RainDance|[upkeep]\n|-fieldend|move: Electric Terrain\n|upkeep\n|\n|t:|1769816192\n|switch|p2a: Miraidon|Miraidon, L50, tera:Electric|100/100\n|switch|p2b: Lunala|Lunala, L50, shiny|100/100\n|-fieldstart|move: Electric Terrain|[from] ability: Hadron Engine|[of] p2a: Miraidon\n|turn|6\n|\n|t:|1769816206\n|move|p1a: Kyogre|Protect|p1a: Kyogre\n|-singleturn|p1a: Kyogre|Protect\n|move|p1b: Calyrex|Protect|p1b: Calyrex\n|-singleturn|p1b: Calyrex|Protect\n|move|p2a: Miraidon|Dazzling Gleam|p1b: Calyrex|[spread] \n|-activate|p1a: Kyogre|move: Protect\n|-activate|p1b: Calyrex|move: Protect\n|move|p2b: Lunala|Meteor Beam||[still]\n|-prepare|p2b: Lunala|Meteor Beam\n|-boost|p2b: Lunala|spa|1\n|-enditem|p2b: Lunala|Power Herb\n|-anim|p2b: Lunala|Meteor Beam|p1a: Kyogre\n|-activate|p1a: Kyogre|move: Protect\n|\n|-weather|RainDance|[upkeep]\n|upkeep\n|turn|7\n|inactive|Shagrathisbeast has 30 seconds left.\n|\n|t:|1769816235\n|switch|p1b: Regieleki|Regieleki, L50|100/100\n|move|p2a: Miraidon|Dazzling Gleam|p1a: Kyogre|[spread] p1a,p1b\n|-damage|p1a: Kyogre|15/100\n|-damage|p1b: Regieleki|9/100\n|move|p1a: Kyogre|Origin Pulse|p2a: Miraidon|[spread] p2b\n|-miss|p1a: Kyogre|p2a: Miraidon\n|-damage|p2b: Lunala|69/100\n|move|p2b: Lunala|Moonblast|p1a: Kyogre\n|-damage|p1a: Kyogre|0 fnt\n|faint|p1a: Kyogre\n|\n|-weather|RainDance|[upkeep]\n|upkeep\n|\n|t:|1769816248\n|switch|p1a: Landorus|Landorus, L50, M|100/100\n|turn|8\n|l| riyuezi\n|\n|t:|1769816265\n|move|p1a: Landorus|Protect|p1a: Landorus\n|-singleturn|p1a: Landorus|Protect\n|move|p2b: Lunala|Wide Guard|p2b: Lunala\n|-singleturn|p2b: Lunala|Wide Guard\n|move|p1b: Regieleki|Thunderbolt|p2b: Lunala\n|-damage|p2b: Lunala|21/100\n|move|p2a: Miraidon|Dazzling Gleam|p1b: Regieleki|[spread] p1b\n|-activate|p1a: Landorus|move: Protect\n|-damage|p1b: Regieleki|0 fnt\n|faint|p1b: Regieleki\n|\n|-weather|none\n|upkeep\n|\n|t:|1769816274\n|switch|p1b: Calyrex|Calyrex-Ice, L50, tera:Dragon|100/100\n|-ability|p1b: Calyrex|As One\n|-ability|p1b: Calyrex|Unnerve\n|turn|9\n|\n|t:|1769816290\n|move|p2a: Miraidon|Dazzling Gleam|p1b: Calyrex|[spread] p1a,p1b\n|-supereffective|p1b: Calyrex\n|-damage|p1a: Landorus|48/100\n|-damage|p1b: Calyrex|33/100\n|move|p1a: Landorus|Earth Power|p2b: Lunala\n|-damage|p2b: Lunala|0 fnt\n|faint|p2b: Lunala\n|move|p1b: Calyrex|Trick Room|p1b: Calyrex\n|-fieldstart|move: Trick Room|[of] p1b: Calyrex\n|\n|upkeep\n|turn|10\n|j| riyuezi\n|\n|t:|1769816300\n|move|p1b: Calyrex|Glacial Lance|p2a: Miraidon\n|-damage|p2a: Miraidon|18/100\n|move|p1a: Landorus|Earth Power|p2a: Miraidon\n|-supereffective|p2a: Miraidon\n|-damage|p2a: Miraidon|0 fnt\n|faint|p2a: Miraidon\n|\n|win|Shagrathisbeast\n|raw|Shagrathisbeast's rating: 1350 &rarr; <strong>1369</strong><br />(+19 for winning)\n|raw|IronAurora's rating: 1341 &rarr; <strong>1322</strong><br />(-19 for losing)\n|l|\u2606IronAurora\n|player|p2|\n|l|\u2606Shagrathisbeast\n|player|p1|\n|l| riyuezi\n","uploadtime":1769816450,"views":12,"formatid":"gen9vgc2026regi","rating":1322,"private":0,"password":null}