{"id":"gen9vgc2026regi-2567694129","format":"[Gen 9] VGC 2026 Reg I","players":["slimeslatt252","qingyunyunyun"],"log":"|j|\u2606slimeslatt252\n|j|\u2606qingyunyunyun\n|t:|1774505170\n|gametype|doubles\n|player|p1|slimeslatt252|266|1504\n|player|p2|qingyunyunyun|1|1533\n|gen|9\n|tier|[Gen 9] VGC 2026 Reg I\n|rated|\n|rule|Species Clause: Limit one of each Pok\u00e9mon\n|rule|Item Clause: Limit 1 of each item\n|clearpoke\n|poke|p1|Calyrex-Shadow, L50|\n|poke|p1|Koraidon, L50|\n|poke|p1|Incineroar, L50, M|\n|poke|p1|Raging Bolt, L50|\n|poke|p1|Brute Bonnet, L50|\n|poke|p1|Landorus, L50, M|\n|poke|p2|Kyogre, L50|\n|poke|p2|Whimsicott, L50, F|\n|poke|p2|Tornadus, L50, M|\n|poke|p2|Urshifu-*, L50, M|\n|poke|p2|Zacian-*, L50|\n|poke|p2|Farigiraf, L50, M|\n|teampreview|4\n|inactive|Battle timer is ON: inactive players will automatically lose when time's up. (requested by slimeslatt252)\n|inactive|qingyunyunyun also wants the timer to be on.\n|\n|t:|1774505195\n|teamsize|p1|4\n|teamsize|p2|4\n|start\n|switch|p1a: Brute Bonnet|Brute Bonnet, L50|100/100\n|switch|p1b: raging dingus|Raging Bolt, L50|100/100\n|switch|p2a: Whimsicott|Whimsicott, L50, F|100/100\n|switch|p2b: Zacian|Zacian-Crowned, L50|100/100\n|-ability|p2b: Zacian|Intrepid Sword|boost\n|-boost|p2b: Zacian|atk|1\n|turn|1\n|\n|t:|1774505215\n|-terastallize|p1b: raging dingus|Electric\n|move|p2a: Whimsicott|Misty Terrain|p2a: Whimsicott\n|-fieldstart|move: Misty Terrain\n|move|p2b: Zacian|Play Rough|p1b: raging dingus\n|-damage|p1b: raging dingus|44/100\n|move|p1b: raging dingus|Volt Switch|p2b: Zacian\n|-damage|p2b: Zacian|52/100\n|j| We Dull Test\n|\n|t:|1774505224\n|-end|p1b: raging dingus|Protosynthesis|[silent]\n|switch|p1b: Calyrex|Calyrex-Shadow, L50|100/100|[from] Volt Switch\n|-ability|p1b: Calyrex|As One\n|-ability|p1b: Calyrex|Unnerve\n|move|p1a: Brute Bonnet|Spore|p2b: Zacian\n|-activate|p2b: Zacian|move: Misty Terrain\n|\n|upkeep\n|turn|2\n|\n|t:|1774505234\n|move|p1a: Brute Bonnet|Rage Powder|p1a: Brute Bonnet\n|-singleturn|p1a: Brute Bonnet|move: Rage Powder\n|move|p2a: Whimsicott|Tailwind|p2a: Whimsicott\n|-sidestart|p2: qingyunyunyun|move: Tailwind\n|move|p2b: Zacian|Behemoth Blade|p1a: Brute Bonnet\n|-damage|p1a: Brute Bonnet|48/100\n|move|p1b: Calyrex|Astral Barrage|p2b: Zacian|[spread] p2a,p2b\n|-enditem|p2a: Whimsicott|Focus Sash\n|-damage|p2a: Whimsicott|1/100\n|-damage|p2b: Zacian|0 fnt\n|faint|p2b: Zacian\n|-ability|p1b: Calyrex|Grim Neigh|boost\n|-boost|p1b: Calyrex|spa|1\n|\n|upkeep\n|\n|t:|1774505239\n|switch|p2b: Kyogre|Kyogre, L50, shiny|100/100\n|-weather|RainDance|[from] ability: Drizzle|[of] p2b: Kyogre\n|turn|3\n|inactive|qingyunyunyun has 30 seconds left.\n|\n|t:|1774505270\n|move|p2a: Whimsicott|Encore|p1b: Calyrex\n|-start|p1b: Calyrex|Encore\n|move|p1a: Brute Bonnet|Sucker Punch||[still]\n|-fail|p1a: Brute Bonnet\n|move|p2b: Kyogre|Water Spout|p1a: Brute Bonnet|[spread] p1a,p1b\n|-resisted|p1a: Brute Bonnet\n|-damage|p1a: Brute Bonnet|0 fnt\n|-enditem|p1b: Calyrex|Focus Sash\n|-damage|p1b: Calyrex|1/100\n|faint|p1a: Brute Bonnet\n|-end|p1a: Brute Bonnet|Protosynthesis|[silent]\n|move|p1b: Calyrex|Astral Barrage|p2b: Kyogre|[spread] p2a,p2b\n|-damage|p2a: Whimsicott|0 fnt\n|-damage|p2b: Kyogre|38/100\n|faint|p2a: Whimsicott\n|-ability|p1b: Calyrex|Grim Neigh|boost\n|-boost|p1b: Calyrex|spa|1\n|\n|-weather|RainDance|[upkeep]\n|upkeep\n|\n|t:|1774505283\n|switch|p2a: Urshifu|Urshifu-Rapid-Strike, L50, M|100/100\n|switch|p1a: raging dingus|Raging Bolt, L50, tera:Electric|44/100\n|turn|4\n|\n|t:|1774505295\n|switch|p1b: Koraidon|Koraidon, L50|100/100\n|-weather|SunnyDay|[from] ability: Orichalcum Pulse|[of] p1b: Koraidon\n|-activate|p1a: raging dingus|ability: Protosynthesis\n|-start|p1a: raging dingus|protosynthesisspa\n|-activate|p1b: Koraidon|Orichalcum Pulse|[source]\n|-terastallize|p2a: Urshifu|Normal\n|move|p1a: raging dingus|Thunderclap|p2b: Kyogre\n|-supereffective|p2b: Kyogre\n|-damage|p2b: Kyogre|0 fnt\n|faint|p2b: Kyogre\n|move|p2a: Urshifu|Surging Strikes|p1a: raging dingus\n|-crit|p1a: raging dingus\n|-damage|p1a: raging dingus|32/100\n|-crit|p1a: raging dingus\n|-damage|p1a: raging dingus|20/100\n|-crit|p1a: raging dingus\n|-damage|p1a: raging dingus|9/100\n|-hitcount|p1a: raging dingus|3\n|\n|-weather|SunnyDay|[upkeep]\n|upkeep\n|turn|5\n|-message|qingyunyunyun forfeited.\n|\n|win|slimeslatt252\n|raw|slimeslatt252's rating: 1504 &rarr; <strong>1526</strong><br />(+22 for winning)\n|raw|qingyunyunyun's rating: 1533 &rarr; <strong>1511</strong><br />(-22 for losing)\n|l|\u2606qingyunyunyun\n|player|p2|\n|l| We Dull Test\n","uploadtime":1774505457,"views":18,"formatid":"gen9vgc2026regi","rating":1511,"private":0,"password":null}