{"id":"gen9vgc2026regi-2562148986","format":"[Gen 9] VGC 2026 Reg I","players":["PokeSnipesYT","It'sJustKen VGC"],"log":"|j|\u2606PokeSnipesYT\n|j|\u2606It'sJustKen VGC\n|t:|1773876035\n|gametype|doubles\n|player|p1|PokeSnipesYT|1|\n|player|p2|It'sJustKen VGC|265|\n|gen|9\n|tier|[Gen 9] VGC 2026 Reg I\n|rated|Tournament battle\n|rule|Species Clause: Limit one of each Pok\u00e9mon\n|rule|Item Clause: Limit 1 of each item\n|raw|<div class=\"infobox\"><details class=\"readmore\" open><summary><strong>3 custom rules:</strong></summary> Open Team Sheets, Force Open Team Sheets, !Open Team Sheets</details></div>\n|clearpoke\n|poke|p1|Ho-Oh, L50|\n|poke|p1|Overqwil, L50, F|\n|poke|p1|Rillaboom, L50, F|\n|poke|p1|Calyrex-Ice, L50|\n|poke|p1|Ting-Lu, L50|\n|poke|p1|Ogerpon-Wellspring, L50, F|\n|poke|p2|Iron Hands, L50|\n|poke|p2|Incineroar, L50, M|\n|poke|p2|Calyrex-Shadow, L50|\n|poke|p2|Whimsicott, L50, F|\n|poke|p2|Farigiraf, L50, M|\n|poke|p2|Miraidon, L50|\n|teampreview|4\n|showteam|p1|Ho-Oh||RockyHelmet|Regenerator|Protect,LifeDew,Whirlwind,SacredFire||||||50|,,,,,Fairy]Overqwil||BlackSludge|Intimidate|Protect,BarbBarrage,Crunch,ToxicSpikes|||F|||50|,,,,,Poison]Rillaboom||AssaultVest|GrassySurge|WoodHammer,HighHorsepower,Uturn,FakeOut|||F|||50|,,,,,Water]Calyrex-Ice||Leftovers|AsOneGlastrier|Protect,LeechSeed,GlacialLance,TrickRoom||||||50|,,,,,Water]Ting-Lu||ChoiceBand|VesselofRuin|Earthquake,ThroatChop,StompingTantrum,StoneEdge||||||50|,,,,,Fire]Ogerpon-Wellspring||WellspringMask|WaterAbsorb|IvyCudgel,HornLeech,FollowMe,SpikyShield|||F|||50|,,,,,Water\n|showteam|p2|Iron Hands||AssaultVest|QuarkDrive|FakeOut,DrainPunch,WildCharge,LowKick||||||50|,,,,,Water]Incineroar||RockyHelmet|Intimidate|FakeOut,Uturn,KnockOff,FlareBlitz|||M|||50|,,,,,Bug]Calyrex-Shadow||FocusSash|AsOneSpectrier|Protect,AstralBarrage,Psychic,Imprison||||||50|,,,,,Ghost]Whimsicott||CovertCloak|Prankster|Tailwind,Encore,Moonblast,LightScreen|||F|||50|,,,,,Fire]Farigiraf||ElectricSeed|ArmorTail|Psychic,Roar,TrickRoom,HelpingHand|||M|||50|,,,,,Water]Miraidon||ChoiceSpecs|HadronEngine|ElectroDrift,VoltSwitch,DracoMeteor,DazzlingGleam||||||50|,,,,,Fairy\n|inactive|Battle timer is ON: inactive players will automatically lose when time's up. (requested by It'sJustKen VGC)\n|inactive|PokeSnipesYT has 60 seconds left.\n|inactive|PokeSnipesYT has 30 seconds left.\n|inactive|PokeSnipesYT has 20 seconds left.\n|inactive|PokeSnipesYT has 15 seconds left.\n|inactive|PokeSnipesYT has 10 seconds left.\n|\n|t:|1773876117\n|teamsize|p1|4\n|teamsize|p2|4\n|start\n|switch|p1a: Ho-Oh|Ho-Oh, L50|100/100\n|switch|p1b: Overqwil|Overqwil, L50, F|100/100\n|switch|p2a: Farigiraf|Farigiraf, L50, M|100/100\n|switch|p2b: Miraidon|Miraidon, L50, shiny|100/100\n|-fieldstart|move: Electric Terrain|[from] ability: Hadron Engine|[of] p2b: Miraidon\n|-enditem|p2a: Farigiraf|Electric Seed\n|-boost|p2a: Farigiraf|def|1|[from] item: Electric Seed\n|-ability|p1b: Overqwil|Intimidate|boost\n|-unboost|p2a: Farigiraf|atk|1\n|-unboost|p2b: Miraidon|atk|1\n|turn|1\n|inactive|It'sJustKen VGC has 30 seconds left.\n|\n|t:|1773876149\n|switch|p1a: Rillaboom|Rillaboom, L50, F|100/100\n|-fieldstart|move: Grassy Terrain|[from] ability: Grassy Surge|[of] p1a: Rillaboom\n|move|p2a: Farigiraf|Helping Hand|p2b: Miraidon\n|-singleturn|p2b: Miraidon|Helping Hand|[of] p2a: Farigiraf\n|move|p2b: Miraidon|Electro Drift|p1a: Rillaboom\n|-resisted|p1a: Rillaboom\n|-damage|p1a: Rillaboom|54/100\n|move|p1b: Overqwil|Toxic Spikes|p2a: Farigiraf\n|-sidestart|p2: It'sJustKen VGC|move: Toxic Spikes\n|\n|-heal|p1a: Rillaboom|60/100|[from] Grassy Terrain\n|upkeep\n|turn|2\n|\n|t:|1773876162\n|switch|p2b: Incineroar|Incineroar, L50, M|100/100\n|-status|p2b: Incineroar|psn\n|-ability|p2b: Incineroar|Intimidate|boost\n|-unboost|p1a: Rillaboom|atk|1\n|-unboost|p1b: Overqwil|atk|1\n|move|p1a: Rillaboom|Fake Out||[still]\n|cant|p2a: Farigiraf|ability: Armor Tail|Fake Out|[of] p1a: Rillaboom\n|move|p1b: Overqwil|Toxic Spikes|p2b: Incineroar\n|-sidestart|p2: It'sJustKen VGC|move: Toxic Spikes\n|move|p2a: Farigiraf|Trick Room|p2a: Farigiraf\n|-fieldstart|move: Trick Room|[of] p2a: Farigiraf\n|\n|-heal|p1a: Rillaboom|66/100|[from] Grassy Terrain\n|-damage|p2b: Incineroar|88/100 psn|[from] psn\n|upkeep\n|turn|3\n|\n|t:|1773876174\n|switch|p1a: Ho-Oh|Ho-Oh, L50|100/100\n|move|p1b: Overqwil|Protect|p1b: Overqwil\n|-singleturn|p1b: Overqwil|Protect\n|move|p2b: Incineroar|Knock Off|p1a: Ho-Oh\n|-damage|p1a: Ho-Oh|77/100\n|-damage|p2b: Incineroar|72/100 psn|[from] item: Rocky Helmet|[of] p1a: Ho-Oh\n|-enditem|p1a: Ho-Oh|Rocky Helmet|[from] move: Knock Off|[of] p2b: Incineroar\n|move|p2a: Farigiraf|Psychic|p1a: Ho-Oh\n|-damage|p1a: Ho-Oh|56/100\n|\n|-heal|p2b: Incineroar|78/100 psn|[from] Grassy Terrain\n|-damage|p2b: Incineroar|65/100 psn|[from] psn\n|upkeep\n|turn|4\n|j|+chromate\n|l|+chromate\n|inactive|PokeSnipesYT has 30 seconds left.\n|inactive|PokeSnipesYT has 20 seconds left.\n|\n|t:|1773876213\n|move|p2b: Incineroar|U-turn|p1b: Overqwil\n|-damage|p1b: Overqwil|84/100\n|\n|t:|1773876235\n|switch|p2b: Miraidon|Miraidon, L50, shiny|100/100|[from] U-turn\n|-status|p2b: Miraidon|tox\n|-fieldstart|move: Electric Terrain|[from] ability: Hadron Engine|[of] p2b: Miraidon\n|move|p2a: Farigiraf|Psychic|p1a: Ho-Oh\n|-damage|p1a: Ho-Oh|37/100\n|move|p1b: Overqwil|Barb Barrage|p2b: Miraidon\n|-damage|p2b: Miraidon|74/100 tox\n|move|p1a: Ho-Oh|Life Dew|p1a: Ho-Oh|[spread] p1a,p1b\n|-heal|p1a: Ho-Oh|62/100\n|-heal|p1b: Overqwil|100/100\n|\n|-damage|p2b: Miraidon|68/100 tox|[from] psn\n|upkeep\n|turn|5\n|\n|t:|1773876254\n|switch|p1b: Rillaboom|Rillaboom, L50, F|66/100\n|-fieldstart|move: Grassy Terrain|[from] ability: Grassy Surge|[of] p1b: Rillaboom\n|move|p2a: Farigiraf|Helping Hand|p2b: Miraidon\n|-singleturn|p2b: Miraidon|Helping Hand|[of] p2a: Farigiraf\n|move|p1a: Ho-Oh|Protect|p1a: Ho-Oh\n|-singleturn|p1a: Ho-Oh|Protect\n|move|p2b: Miraidon|Volt Switch|p1b: Rillaboom\n|-resisted|p1b: Rillaboom\n|-damage|p1b: Rillaboom|37/100\n|\n|t:|1773876262\n|switch|p2b: Iron Hands|Iron Hands, L50|100/100|[from] Volt Switch\n|-status|p2b: Iron Hands|tox\n|\n|-heal|p1b: Rillaboom|43/100|[from] Grassy Terrain\n|-damage|p2b: Iron Hands|94/100 tox|[from] psn\n|upkeep\n|turn|6\n|\n|t:|1773876277\n|switch|p1b: Overqwil|Overqwil, L50, F|100/100\n|-ability|p1b: Overqwil|Intimidate|boost\n|-unboost|p2a: Farigiraf|atk|1\n|-unboost|p2b: Iron Hands|atk|1\n|move|p2a: Farigiraf|Helping Hand|p2b: Iron Hands\n|-singleturn|p2b: Iron Hands|Helping Hand|[of] p2a: Farigiraf\n|move|p2b: Iron Hands|Wild Charge|p1a: Ho-Oh\n|-supereffective|p1a: Ho-Oh\n|-damage|p1a: Ho-Oh|0 fnt\n|faint|p1a: Ho-Oh\n|-damage|p2b: Iron Hands|80/100 tox|[from] Recoil\n|\n|-heal|p2b: Iron Hands|87/100 tox|[from] Grassy Terrain\n|-damage|p2b: Iron Hands|74/100 tox|[from] psn\n|-fieldend|move: Trick Room\n|upkeep\n|\n|t:|1773876288\n|switch|p1a: Calyrex|Calyrex-Ice, L50|100/100\n|-ability|p1a: Calyrex|As One\n|-ability|p1a: Calyrex|Unnerve\n|turn|7\n|inactive|It'sJustKen VGC has 30 seconds left.\n|inactive|It'sJustKen VGC has 20 seconds left.\n|\n|t:|1773876326\n|-end|p2b: Iron Hands|Quark Drive|[silent]\n|switch|p2b: Incineroar|Incineroar, L50, M|65/100 psn\n|-ability|p2b: Incineroar|Intimidate|boost\n|-unboost|p1a: Calyrex|atk|1\n|-unboost|p1b: Overqwil|atk|1\n|move|p1b: Overqwil|Crunch|p2a: Farigiraf\n|-supereffective|p2a: Farigiraf\n|-damage|p2a: Farigiraf|76/100\n|move|p2a: Farigiraf|Trick Room|p2a: Farigiraf\n|-fieldstart|move: Trick Room|[of] p2a: Farigiraf\n|move|p1a: Calyrex|Trick Room|p1a: Calyrex\n|-fieldend|move: Trick Room\n|\n|-heal|p2a: Farigiraf|83/100|[from] Grassy Terrain\n|-heal|p2b: Incineroar|71/100 psn|[from] Grassy Terrain\n|-damage|p2b: Incineroar|59/100 psn|[from] psn\n|upkeep\n|turn|8\n|\n|t:|1773876351\n|move|p1b: Overqwil|Barb Barrage|p2b: Incineroar\n|-damage|p2b: Incineroar|36/100 psn\n|move|p1a: Calyrex|Leech Seed|p2a: Farigiraf\n|-start|p2a: Farigiraf|move: Leech Seed\n|move|p2b: Incineroar|Knock Off|p1a: Calyrex\n|-supereffective|p1a: Calyrex\n|-damage|p1a: Calyrex|63/100\n|-enditem|p1a: Calyrex|Leftovers|[from] move: Knock Off|[of] p2b: Incineroar\n|move|p2a: Farigiraf|Trick Room|p2a: Farigiraf\n|-fieldstart|move: Trick Room|[of] p2a: Farigiraf\n|\n|-heal|p2b: Incineroar|42/100 psn|[from] Grassy Terrain\n|-heal|p1a: Calyrex|69/100|[from] Grassy Terrain\n|-heal|p2a: Farigiraf|89/100|[from] Grassy Terrain\n|-damage|p2a: Farigiraf|76/100|[from] Leech Seed|[of] p1a: Calyrex\n|-heal|p1a: Calyrex|82/100|[silent]\n|-damage|p2b: Incineroar|30/100 psn|[from] psn\n|upkeep\n|turn|9\n|j| TTTwins000\n|\n|t:|1773876374\n|move|p2b: Incineroar|Flare Blitz|p1a: Calyrex\n|-supereffective|p1a: Calyrex\n|-damage|p1a: Calyrex|32/100\n|-damage|p2b: Incineroar|13/100 psn|[from] Recoil\n|move|p1a: Calyrex|Glacial Lance|p2b: Incineroar|[spread] p2a,p2b\n|-resisted|p2b: Incineroar\n|-damage|p2a: Farigiraf|59/100\n|-damage|p2b: Incineroar|2/100 psn\n|move|p1b: Overqwil|Crunch|p2a: Farigiraf\n|-supereffective|p2a: Farigiraf\n|-damage|p2a: Farigiraf|36/100\n|move|p2a: Farigiraf|Roar|p1a: Calyrex\n|drag|p1a: Rillaboom|Rillaboom, L50, F|43/100\n|\n|-heal|p2b: Incineroar|8/100 psn|[from] Grassy Terrain\n|-heal|p2a: Farigiraf|42/100|[from] Grassy Terrain\n|-heal|p1a: Rillaboom|48/100|[from] Grassy Terrain\n|-damage|p2a: Farigiraf|30/100|[from] Leech Seed|[of] p1a: Rillaboom\n|-heal|p1a: Rillaboom|62/100|[silent]\n|-damage|p2b: Incineroar|0 fnt|[from] psn\n|faint|p2b: Incineroar\n|-fieldend|move: Grassy Terrain\n|upkeep\n|\n|t:|1773876379\n|switch|p2b: Miraidon|Miraidon, L50, shiny|68/100 tox\n|-fieldstart|move: Electric Terrain|[from] ability: Hadron Engine|[of] p2b: Miraidon\n|turn|10\n|j| The Yegorushhka\n|l| The Yegorushhka\n|inactive|PokeSnipesYT has 30 seconds left.\n|j| HandsomeLechonk\n|inactive|PokeSnipesYT has 20 seconds left.\n|\n|t:|1773876418\n|switch|p2a: Iron Hands|Iron Hands, L50|74/100 tox\n|-activate|p2a: Iron Hands|ability: Quark Drive\n|-start|p2a: Iron Hands|quarkdriveatk\n|move|p1b: Overqwil|Crunch|p2a: Iron Hands\n|-resisted|p2a: Iron Hands\n|-damage|p2a: Iron Hands|67/100 tox\n|move|p1a: Rillaboom|High Horsepower|p2b: Miraidon\n|-supereffective|p2b: Miraidon\n|-damage|p2b: Miraidon|17/100 tox\n|move|p2b: Miraidon|Volt Switch|p1a: Rillaboom\n|-resisted|p1a: Rillaboom\n|-damage|p1a: Rillaboom|24/100\n|\n|t:|1773876423\n|switch|p2b: Farigiraf|Farigiraf, L50, M|30/100|[from] Volt Switch\n|-status|p2b: Farigiraf|tox\n|\n|-damage|p2a: Iron Hands|60/100 tox|[from] psn\n|-damage|p2b: Farigiraf|24/100 tox|[from] psn\n|upkeep\n|turn|11\n|l| HandsomeLechonk\n|inactive|PokeSnipesYT has 30 seconds left.\n|\n|t:|1773876450\n|switch|p1a: Calyrex|Calyrex-Ice, L50|32/100\n|-ability|p1a: Calyrex|As One\n|-ability|p1a: Calyrex|Unnerve\n|move|p2b: Farigiraf|Helping Hand|p2a: Iron Hands\n|-singleturn|p2a: Iron Hands|Helping Hand|[of] p2b: Farigiraf\n|move|p2a: Iron Hands|Wild Charge|p1b: Overqwil\n|-damage|p1b: Overqwil|0 fnt\n|faint|p1b: Overqwil\n|-damage|p2a: Iron Hands|40/100 tox|[from] Recoil\n|\n|-damage|p2a: Iron Hands|28/100 tox|[from] psn\n|-damage|p2b: Farigiraf|11/100 tox|[from] psn\n|upkeep\n|\n|t:|1773876462\n|switch|p1b: Rillaboom|Rillaboom, L50, F|24/100\n|-fieldstart|move: Grassy Terrain|[from] ability: Grassy Surge|[of] p1b: Rillaboom\n|-end|p2a: Iron Hands|Quark Drive\n|turn|12\n|j| The Yegorushhka\n|l| The Yegorushhka\n|\n|t:|1773876473\n|move|p2b: Farigiraf|Helping Hand|p2a: Iron Hands\n|-singleturn|p2a: Iron Hands|Helping Hand|[of] p2b: Farigiraf\n|move|p2a: Iron Hands|Drain Punch|p1b: Rillaboom\n|-damage|p1b: Rillaboom|0 fnt\n|-heal|p2a: Iron Hands|38/100 tox|[from] drain|[of] p1b: Rillaboom\n|faint|p1b: Rillaboom\n|move|p1a: Calyrex|Glacial Lance|p2b: Farigiraf|[spread] p2a,p2b\n|-damage|p2a: Iron Hands|6/100 tox\n|-damage|p2b: Farigiraf|0 fnt\n|faint|p2b: Farigiraf\n|-ability|p1a: Calyrex|Chilling Neigh|boost\n|-boost|p1a: Calyrex|atk|1\n|\n|-heal|p2a: Iron Hands|12/100 tox|[from] Grassy Terrain\n|-heal|p1a: Calyrex|38/100|[from] Grassy Terrain\n|-damage|p2a: Iron Hands|0 fnt|[from] psn\n|faint|p2a: Iron Hands\n|-end|p2a: Iron Hands|Quark Drive|[silent]\n|-fieldend|move: Trick Room\n|upkeep\n|\n|t:|1773876477\n|switch|p2a: Miraidon|Miraidon, L50, shiny|17/100 tox\n|-fieldstart|move: Electric Terrain|[from] ability: Hadron Engine|[of] p2a: Miraidon\n|turn|13\n|\n|t:|1773876483\n|move|p1a: Calyrex|Protect|p1a: Calyrex\n|-singleturn|p1a: Calyrex|Protect\n|move|p2a: Miraidon|Electro Drift|p1a: Calyrex\n|-activate|p1a: Calyrex|move: Protect\n|\n|-damage|p2a: Miraidon|11/100 tox|[from] psn\n|upkeep\n|turn|14\n|c|\u2606PokeSnipesYT|30 perent chance\n|c|\u2606PokeSnipesYT|ainnoway\n|c|\u2606It'sJustKen VGC|lmao\n|c|\u2606PokeSnipesYT|hahahhaa\n|j| HandsomeLechonk\n|c|\u2606It'sJustKen VGC|gg wp regardless\n|\n|t:|1773876507\n|move|p1a: Calyrex|Protect||[still]\n|-fail|p1a: Calyrex\n|move|p2a: Miraidon|Electro Drift|p1a: Calyrex\n|-damage|p1a: Calyrex|0 fnt\n|faint|p1a: Calyrex\n|\n|win|It'sJustKen VGC\n|n|\u2606PokeSnipesYT|pokesnipesyt\n|n|\u2606It'sJustKen VGC|itsjustkenvgc\n|n| TTTwins000|tttwins000\n|n| HandsomeLechonk|handsomelechonk\n|c|\u2606PokeSnipesYT|awww\n|c|\u2606PokeSnipesYT|ggs\n|c|\u2606PokeSnipesYT|wp\n|l|\u2606PokeSnipesYT\n|player|p1|\n|l| HandsomeLechonk\n","uploadtime":1773876512,"views":14,"formatid":"gen9vgc2026regi","rating":null,"private":0,"password":null}