{"id":"gen9vgc2026regi-2559368017","format":"[Gen 9] VGC 2026 Reg I","players":["wasaad5","ronnoc02"],"log":"|j|\u2606wasaad5\n|j|\u2606ronnoc02\n|t:|1773553168\n|gametype|doubles\n|player|p1|wasaad5|blue|1330\n|player|p2|ronnoc02|102|1441\n|gen|9\n|tier|[Gen 9] VGC 2026 Reg I\n|rated|\n|rule|Species Clause: Limit one of each Pok\u00e9mon\n|rule|Item Clause: Limit 1 of each item\n|clearpoke\n|poke|p1|Kyurem-White, L50|\n|poke|p1|Zacian-*, L50|\n|poke|p1|Sableye, L50, F|\n|poke|p1|Urshifu-*, L50, M|\n|poke|p1|Amoonguss, L50, M|\n|poke|p1|Incineroar, L50, M|\n|poke|p2|Rayquaza, L50|\n|poke|p2|Lunala, L50|\n|poke|p2|Weezing-Galar, L50, M|\n|poke|p2|Chi-Yu, L50|\n|poke|p2|Ogerpon-Hearthflame, L50, F|\n|poke|p2|Urshifu-*, L50, M|\n|teampreview|4\n|inactive|Battle timer is ON: inactive players will automatically lose when time's up. (requested by ronnoc02)\n|\n|t:|1773553193\n|teamsize|p1|4\n|teamsize|p2|4\n|start\n|switch|p1a: Kyurem|Kyurem-White, L50, shiny|100/100\n|switch|p1b: Incineroar|Incineroar, L50, M|100/100\n|switch|p2a: Lunala|Lunala, L50|100/100\n|switch|p2b: Ogerpon|Ogerpon-Hearthflame, L50, F|100/100\n|-ability|p2b: Ogerpon|Mold Breaker\n|-ability|p1a: Kyurem|Turboblaze\n|-ability|p1b: Incineroar|Intimidate|boost\n|-unboost|p2a: Lunala|atk|1\n|-unboost|p2b: Ogerpon|atk|1\n|turn|1\n|\n|t:|1773553207\n|move|p2b: Ogerpon|Follow Me|p2b: Ogerpon\n|-singleturn|p2b: Ogerpon|move: Follow Me\n|move|p1a: Kyurem|Blizzard|p2b: Ogerpon|[spread] p2b\n|-miss|p1a: Kyurem|p2a: Lunala\n|-damage|p2b: Ogerpon|45/100\n|move|p2a: Lunala|Tailwind|p2a: Lunala\n|-sidestart|p2: ronnoc02|move: Tailwind\n|move|p1b: Incineroar|Knock Off|p2b: Ogerpon\n|-damage|p2b: Ogerpon|16/100\n|\n|upkeep\n|turn|2\n|\n|t:|1773553227\n|-terastallize|p2a: Lunala|Fairy\n|move|p2b: Ogerpon|Follow Me|p2b: Ogerpon\n|-singleturn|p2b: Ogerpon|move: Follow Me\n|move|p2a: Lunala|Meteor Beam||[still]\n|-prepare|p2a: Lunala|Meteor Beam\n|-boost|p2a: Lunala|spa|1\n|-enditem|p2a: Lunala|Power Herb\n|-anim|p2a: Lunala|Meteor Beam|p1a: Kyurem\n|-supereffective|p1a: Kyurem\n|-damage|p1a: Kyurem|32/100\n|move|p1a: Kyurem|Blizzard|p2a: Lunala|[spread] p2a,p2b\n|-damage|p2a: Lunala|82/100\n|-damage|p2b: Ogerpon|0 fnt\n|faint|p2b: Ogerpon\n|move|p1b: Incineroar|Knock Off|p2a: Lunala\n|-resisted|p2a: Lunala\n|-damage|p2a: Lunala|72/100\n|\n|upkeep\n|\n|t:|1773553237\n|switch|p2b: Weezing|Weezing-Galar, L50, M, shiny|100/100\n|-ability|p2b: Weezing|Neutralizing Gas\n|turn|3\n|\n|t:|1773553251\n|-terastallize|p1a: Kyurem|Fairy\n|move|p2a: Lunala|Moongeist Beam|p1a: Kyurem\n|-damage|p1a: Kyurem|0 fnt\n|faint|p1a: Kyurem\n|move|p2b: Weezing|Sludge Bomb|p1b: Incineroar\n|-damage|p1b: Incineroar|80/100\n|move|p1b: Incineroar|Parting Shot|p2a: Lunala\n|-unboost|p2a: Lunala|atk|1\n|-unboost|p2a: Lunala|spa|1\n|\n|t:|1773553261\n|switch|p1b: Zacian|Zacian-Crowned, L50|100/100|[from] Parting Shot\n|\n|upkeep\n|\n|t:|1773553263\n|switch|p1a: Incineroar|Incineroar, L50, M|80/100\n|turn|4\n|\n|t:|1773553271\n|move|p1a: Incineroar|Fake Out|p2b: Weezing\n|-damage|p2b: Weezing|91/100\n|move|p2a: Lunala|Moonblast|p1a: Incineroar\n|-damage|p1a: Incineroar|38/100\n|-unboost|p1a: Incineroar|spa|1\n|move|p1b: Zacian|Behemoth Blade|p2a: Lunala\n|-supereffective|p2a: Lunala\n|-damage|p2a: Lunala|0 fnt\n|faint|p2a: Lunala\n|cant|p2b: Weezing|flinch\n|\n|-heal|p2b: Weezing|97/100|[from] item: Leftovers\n|-sideend|p2: ronnoc02|move: Tailwind\n|upkeep\n|\n|t:|1773553274\n|switch|p2a: Chi-Yu|Chi-Yu, L50|100/100\n|turn|5\n|\n|t:|1773553285\n|move|p1b: Zacian|Protect|p1b: Zacian\n|-singleturn|p1b: Zacian|Protect\n|move|p2a: Chi-Yu|Overheat|p1b: Zacian\n|-activate|p1b: Zacian|move: Protect\n|move|p2b: Weezing|Sludge Bomb|p1a: Incineroar\n|-damage|p1a: Incineroar|16/100\n|-status|p1a: Incineroar|psn\n|move|p1a: Incineroar|Knock Off|p2a: Chi-Yu\n|-resisted|p2a: Chi-Yu\n|-damage|p2a: Chi-Yu|69/100\n|-enditem|p2a: Chi-Yu|Choice Scarf|[from] move: Knock Off|[of] p1a: Incineroar\n|\n|-heal|p2b: Weezing|100/100|[from] item: Leftovers\n|-damage|p1a: Incineroar|4/100 psn|[from] psn\n|upkeep\n|turn|6\n|inactive|wasaad5 has 30 seconds left.\n|\n|t:|1773553310\n|switch|p1a: Sableye|Sableye, L50, F|100/100\n|move|p2b: Weezing|Protect|p2b: Weezing\n|-singleturn|p2b: Weezing|Protect\n|move|p1b: Zacian|Play Rough|p2a: Chi-Yu|[miss]\n|-miss|p1b: Zacian|p2a: Chi-Yu\n|move|p2a: Chi-Yu|Overheat|p1b: Zacian\n|-supereffective|p1b: Zacian\n|-damage|p1b: Zacian|0 fnt\n|-unboost|p2a: Chi-Yu|spa|2\n|faint|p1b: Zacian\n|\n|upkeep\n|\n|t:|1773553313\n|switch|p1b: Incineroar|Incineroar, L50, M|4/100 psn\n|turn|7\n|-message|wasaad5 forfeited.\n|\n|win|ronnoc02\n|raw|wasaad5's rating: 1330 &rarr; <strong>1316</strong><br />(-14 for losing)\n|raw|ronnoc02's rating: 1441 &rarr; <strong>1455</strong><br />(+14 for winning)\n|l|\u2606wasaad5\n|player|p1|\n|l|\u2606ronnoc02\n|player|p2|\n","uploadtime":1773553486,"views":11,"formatid":"gen9vgc2026regi","rating":1316,"private":0,"password":null}