{"id":"gen9vgc2026regi-2574577933","format":"[Gen 9] VGC 2026 Reg I","players":["Skoplop","LabubuMechanics"],"log":"|j|\u2606Skoplop\n|j|\u2606LabubuMechanics\n|t:|1775252495\n|gametype|doubles\n|player|p1|Skoplop|colress|1074\n|player|p2|LabubuMechanics|102|1144\n|gen|9\n|tier|[Gen 9] VGC 2026 Reg I\n|rated|\n|rule|Species Clause: Limit one of each Pok\u00e9mon\n|rule|Item Clause: Limit 1 of each item\n|clearpoke\n|poke|p1|Glimmora, L50, F|\n|poke|p1|Gholdengo, L50|\n|poke|p1|Dragonite, L50, F|\n|poke|p1|Rillaboom, L50, F|\n|poke|p1|Chien-Pao, L50|\n|poke|p1|Urshifu-*, L50, F|\n|poke|p2|Terapagos, L50, M|\n|poke|p2|Miraidon, L50|\n|poke|p2|Urshifu-*, L50, M|\n|poke|p2|Iron Treads, L50|\n|poke|p2|Incineroar, L50, F|\n|poke|p2|Sinistcha, L50|\n|teampreview|4\n|\n|t:|1775252523\n|teamsize|p1|4\n|teamsize|p2|4\n|start\n|switch|p1a: Rillaboom|Rillaboom, L50, F|100/100\n|switch|p1b: Dragonite|Dragonite, L50, F, shiny|100/100\n|switch|p2a: Terapagos|Terapagos, L50, M|100/100\n|switch|p2b: Miraidon|Miraidon, L50, shiny|100/100\n|-activate|p2a: Terapagos|ability: Tera Shift\n|detailschange|p2a: Terapagos|Terapagos-Terastal, L50, M\n|-heal|p2a: Terapagos|100/100|[silent]\n|-fieldstart|move: Electric Terrain|[from] ability: Hadron Engine|[of] p2b: Miraidon\n|-enditem|p2a: Terapagos|Electric Seed\n|-boost|p2a: Terapagos|def|1|[from] item: Electric Seed\n|-fieldstart|move: Grassy Terrain|[from] ability: Grassy Surge|[of] p1a: Rillaboom\n|turn|1\n|\n|t:|1775252554\n|switch|p2b: Incineroar|Incineroar, L50, F|100/100\n|-ability|p2b: Incineroar|Intimidate|boost\n|-unboost|p1a: Rillaboom|atk|1\n|-unboost|p1b: Dragonite|atk|1\n|move|p2a: Terapagos|Protect|p2a: Terapagos\n|-singleturn|p2a: Terapagos|Protect\n|move|p1a: Rillaboom|Fake Out|p2b: Incineroar\n|-damage|p2b: Incineroar|93/100\n|move|p1b: Dragonite|Tailwind|p1b: Dragonite\n|-sidestart|p1: Skoplop|move: Tailwind\n|\n|-heal|p2b: Incineroar|99/100|[from] Grassy Terrain\n|upkeep\n|turn|2\n|\n|t:|1775252577\n|switch|p1a: Urshifu|Urshifu-Rapid-Strike, L50, F|100/100\n|move|p2b: Incineroar|Fake Out|p1b: Dragonite\n|-damage|p1b: Dragonite|96/100\n|cant|p1b: Dragonite|flinch\n|move|p2a: Terapagos|Calm Mind|p2a: Terapagos\n|-boost|p2a: Terapagos|spa|1\n|-boost|p2a: Terapagos|spd|1\n|\n|-heal|p2b: Incineroar|100/100|[from] Grassy Terrain\n|upkeep\n|turn|3\n|\n|t:|1775252600\n|switch|p2b: Sinistcha|Sinistcha, L50|100/100\n|-terastallize|p2a: Terapagos|Stellar\n|detailschange|p2a: Terapagos|Terapagos-Stellar, L50, M, tera:Stellar\n|-heal|p2a: Terapagos|100/100|[silent]\n|-ability|p2a: Terapagos|Teraform Zero\n|-fieldend|move: Grassy Terrain\n|move|p1b: Dragonite|Extreme Speed|p2a: Terapagos\n|-damage|p2a: Terapagos|95/100\n|move|p1a: Urshifu|Surging Strikes|p2b: Sinistcha\n|-resisted|p2b: Sinistcha\n|-crit|p2b: Sinistcha\n|-damage|p2b: Sinistcha|90/100\n|-resisted|p2b: Sinistcha\n|-crit|p2b: Sinistcha\n|-damage|p2b: Sinistcha|80/100\n|-resisted|p2b: Sinistcha\n|-crit|p2b: Sinistcha\n|-damage|p2b: Sinistcha|70/100\n|-hitcount|p2b: Sinistcha|3\n|-enditem|p2b: Sinistcha|Eject Button\n|\n|t:|1775252620\n|switch|p2b: Incineroar|Incineroar, L50, F|100/100\n|-ability|p2b: Incineroar|Intimidate|boost\n|-unboost|p1a: Urshifu|atk|1\n|-unboost|p1b: Dragonite|atk|1\n|move|p2a: Terapagos|Tera Starstorm|p1b: Dragonite|[spread] p1a,p1b\n|-damage|p1a: Urshifu|31/100\n|-damage|p1b: Dragonite|57/100\n|\n|upkeep\n|turn|4\n|\n|t:|1775252640\n|move|p2b: Incineroar|Fake Out|p1a: Urshifu\n|-damage|p1a: Urshifu|20/100\n|cant|p1a: Urshifu|flinch\n|move|p1b: Dragonite|Scale Shot|p2a: Terapagos\n|-damage|p2a: Terapagos|93/100\n|-damage|p2a: Terapagos|90/100\n|-damage|p2a: Terapagos|88/100\n|-damage|p2a: Terapagos|85/100\n|-damage|p2a: Terapagos|83/100\n|-hitcount|p2a: Terapagos|5\n|-unboost|p1b: Dragonite|def|1\n|-boost|p1b: Dragonite|spe|1\n|move|p2a: Terapagos|Tera Starstorm|p1b: Dragonite|[spread] p1a,p1b\n|-damage|p1a: Urshifu|0 fnt\n|-damage|p1b: Dragonite|20/100\n|faint|p1a: Urshifu\n|\n|-sideend|p1: Skoplop|move: Tailwind\n|upkeep\n|\n|t:|1775252643\n|switch|p1a: Rillaboom|Rillaboom, L50, F|100/100\n|-fieldstart|move: Grassy Terrain|[from] ability: Grassy Surge|[of] p1a: Rillaboom\n|turn|5\n|\n|t:|1775252665\n|-terastallize|p1a: Rillaboom|Fire\n|move|p1a: Rillaboom|Fake Out|p2a: Terapagos\n|-damage|p2a: Terapagos|79/100\n|move|p1b: Dragonite|Tailwind|p1b: Dragonite\n|-sidestart|p1: Skoplop|move: Tailwind\n|cant|p2a: Terapagos|flinch\n|move|p2b: Incineroar|U-turn|p1a: Rillaboom\n|-resisted|p1a: Rillaboom\n|-damage|p1a: Rillaboom|93/100\n|\n|t:|1775252674\n|switch|p2b: Miraidon|Miraidon, L50, shiny|100/100|[from] U-turn\n|-fieldstart|move: Electric Terrain|[from] ability: Hadron Engine|[of] p2b: Miraidon\n|\n|upkeep\n|turn|6\n|\n|t:|1775252689\n|move|p1b: Dragonite|Scale Shot|p2b: Miraidon\n|-supereffective|p2b: Miraidon\n|-damage|p2b: Miraidon|88/100\n|-supereffective|p2b: Miraidon\n|-damage|p2b: Miraidon|75/100\n|-hitcount|p2b: Miraidon|2\n|-unboost|p1b: Dragonite|def|1\n|-boost|p1b: Dragonite|spe|1\n|move|p2b: Miraidon|Volt Switch|p1b: Dragonite\n|-damage|p1b: Dragonite|0 fnt\n|faint|p1b: Dragonite\n|\n|t:|1775252702\n|switch|p2b: Sinistcha|Sinistcha, L50|70/100|[from] Volt Switch\n|-heal|p2a: Terapagos|100/100|[from] ability: Hospitality|[of] p2b: Sinistcha\n|move|p1a: Rillaboom|Wood Hammer|p2a: Terapagos\n|-damage|p2a: Terapagos|81/100\n|-damage|p1a: Rillaboom|85/100|[from] Recoil\n|move|p2a: Terapagos|Earth Power|p1a: Rillaboom\n|-supereffective|p1a: Rillaboom\n|-damage|p1a: Rillaboom|25/100\n|\n|upkeep\n|\n|t:|1775252712\n|switch|p1b: Chien-Pao|Chien-Pao, L50|100/100\n|-ability|p1b: Chien-Pao|Sword of Ruin\n|turn|7\n|\n|t:|1775252721\n|move|p2b: Sinistcha|Rage Powder|p2b: Sinistcha\n|-singleturn|p2b: Sinistcha|move: Rage Powder\n|move|p1b: Chien-Pao|Sacred Sword|p2b: Sinistcha\n|-immune|p2b: Sinistcha\n|move|p1a: Rillaboom|Wood Hammer|p2b: Sinistcha\n|-resisted|p2b: Sinistcha\n|-damage|p2b: Sinistcha|42/100\n|-damage|p1a: Rillaboom|16/100|[from] Recoil\n|move|p2a: Terapagos|Tera Starstorm|p1a: Rillaboom|[spread] p1a,p1b\n|-supereffective|p1a: Rillaboom\n|-damage|p1a: Rillaboom|0 fnt\n|-damage|p1b: Chien-Pao|20/100\n|faint|p1a: Rillaboom\n|\n|upkeep\n|turn|8\n|-message|Skoplop forfeited.\n|\n|win|LabubuMechanics\n|raw|Skoplop's rating: 1074 &rarr; <strong>1057</strong><br />(-17 for losing)\n|raw|LabubuMechanics's rating: 1144 &rarr; <strong>1164</strong><br />(+20 for winning)\n|l|\u2606Skoplop\n|player|p1|\n","uploadtime":1775252734,"views":18,"formatid":"gen9vgc2026regi","rating":1057,"private":0,"password":null}