{"id":"gen9vgc2026regi-2585275264","format":"[Gen 9] VGC 2026 Reg I","players":["TheNamesBetty","a_wood_is_good4"],"log":"|j|\u2606TheNamesBetty\n|j|\u2606a_wood_is_good4\n|t:|1776332728\n|gametype|doubles\n|player|p1|TheNamesBetty|koga|1438\n|player|p2|a_wood_is_good4|266|1379\n|gen|9\n|tier|[Gen 9] VGC 2026 Reg I\n|rated|\n|rule|Species Clause: Limit one of each Pok\u00e9mon\n|rule|Item Clause: Limit 1 of each item\n|clearpoke\n|poke|p1|Chien-Pao, L50|\n|poke|p1|Zacian-*, L50|\n|poke|p1|Kyogre, L50|\n|poke|p1|Urshifu-*, L50, M|\n|poke|p1|Roaring Moon, L50|\n|poke|p1|Amoonguss, L50, M|\n|poke|p2|Kyogre, L50|\n|poke|p2|Urshifu-*, L50, M|\n|poke|p2|Calyrex-Ice, L50|\n|poke|p2|Amoonguss, L50, M|\n|poke|p2|Rillaboom, L50, M|\n|poke|p2|Incineroar, L50, M|\n|teampreview|4\n|inactive|Battle timer is ON: inactive players will automatically lose when time's up. (requested by TheNamesBetty)\nTheNamesBetty has agreed to open team sheets.\n|inactive|a_wood_is_good4 has 60 seconds left.\n|inactive|a_wood_is_good4 has 30 seconds left.\n|\n|t:|1776332844\n|teamsize|p1|4\n|teamsize|p2|4\n|start\n|switch|p1a: JeNaMalin\u00e1ch|Kyogre, L50|100/100\n|switch|p1b: BylDobr\u00fdU\u010ditel|Roaring Moon, L50|100/100\n|switch|p2a: Incineroar|Incineroar, L50, M|100/100\n|switch|p2b: Calyrex|Calyrex-Ice, L50|100/100\n|-ability|p2b: Calyrex|As One\n|-ability|p2b: Calyrex|Unnerve\n|-weather|RainDance|[from] ability: Drizzle|[of] p1a: JeNaMalin\u00e1ch\n|-ability|p2a: Incineroar|Intimidate|boost\n|-unboost|p1a: JeNaMalin\u00e1ch|atk|1\n|-unboost|p1b: BylDobr\u00fdU\u010ditel|atk|1\n|-enditem|p1b: BylDobr\u00fdU\u010ditel|Booster Energy\n|-activate|p1b: BylDobr\u00fdU\u010ditel|ability: Protosynthesis|[fromitem]\n|-start|p1b: BylDobr\u00fdU\u010ditel|protosynthesisspe\n|turn|1\n|inactive|TheNamesBetty has 30 seconds left.\n|inactive|a_wood_is_good4 has 30 seconds left.\n|inactive|a_wood_is_good4 has 20 seconds left.\n|inactive|a_wood_is_good4 has 15 seconds left.\n|inactive|a_wood_is_good4 has 10 seconds left.\n|\n|t:|1776332893\n|switch|p1a: J\u00e1BychV\u011bd\u011bl|Amoonguss, L50, M, shiny|100/100\n|switch|p2a: Rillaboom|Rillaboom, L50, M|100/100\n|-fieldstart|move: Grassy Terrain|[from] ability: Grassy Surge|[of] p2a: Rillaboom\n|-terastallize|p2b: Calyrex|Grass\n|move|p1b: BylDobr\u00fdU\u010ditel|Knock Off|p2b: Calyrex\n|-damage|p2b: Calyrex|81/100\n|-enditem|p2b: Calyrex|Clear Amulet|[from] move: Knock Off|[of] p1b: BylDobr\u00fdU\u010ditel\n|move|p2b: Calyrex|Trick Room|p2b: Calyrex\n|-fieldstart|move: Trick Room|[of] p2b: Calyrex\n|\n|-weather|RainDance|[upkeep]\n|-heal|p2b: Calyrex|87/100|[from] Grassy Terrain\n|upkeep\n|turn|2\n|inactive|TheNamesBetty has 30 seconds left.\n|inactive|a_wood_is_good4 has 30 seconds left.\n|inactive|TheNamesBetty has 20 seconds left.\n|inactive|TheNamesBetty has 15 seconds left.\n|c|\u2606TheNamesBetty|That's awkward\n|inactive|TheNamesBetty has 10 seconds left.\n|inactive|TheNamesBetty has 5 seconds left.\n|\n|t:|1776332944\n|-end|p1b: BylDobr\u00fdU\u010ditel|Protosynthesis|[silent]\n|switch|p1b: NoNem\u00e1Talent|Zacian-Crowned, L50, shiny|100/100\n|-ability|p1b: NoNem\u00e1Talent|Intrepid Sword|boost\n|-boost|p1b: NoNem\u00e1Talent|atk|1\n|move|p1a: J\u00e1BychV\u011bd\u011bl|Pollen Puff|p2b: Calyrex\n|-supereffective|p2b: Calyrex\n|-damage|p2b: Calyrex|60/100\n|move|p2b: Calyrex|Glacial Lance|p1b: NoNem\u00e1Talent|[spread] p1a,p1b\n|-supereffective|p1a: J\u00e1BychV\u011bd\u011bl\n|-resisted|p1b: NoNem\u00e1Talent\n|-damage|p1a: J\u00e1BychV\u011bd\u011bl|1/100\n|-damage|p1b: NoNem\u00e1Talent|72/100\n|move|p2a: Rillaboom|U-turn|p1b: NoNem\u00e1Talent\n|-resisted|p1b: NoNem\u00e1Talent\n|-damage|p1b: NoNem\u00e1Talent|67/100\n|inactive|a_wood_is_good4 has 30 seconds left.\n|inactive|a_wood_is_good4 has 20 seconds left.\n|\n|t:|1776332982\n|switch|p2a: Incineroar|Incineroar, L50, M|100/100|[from] U-turn\n|-ability|p2a: Incineroar|Intimidate|boost\n|-unboost|p1a: J\u00e1BychV\u011bd\u011bl|atk|1\n|-unboost|p1b: NoNem\u00e1Talent|atk|1\n|\n|-weather|RainDance|[upkeep]\n|-heal|p1a: J\u00e1BychV\u011bd\u011bl|7/100|[from] Grassy Terrain\n|-heal|p2b: Calyrex|66/100|[from] Grassy Terrain\n|-heal|p1b: NoNem\u00e1Talent|73/100|[from] Grassy Terrain\n|upkeep\n|turn|3\n|inactive|a_wood_is_good4 has 30 seconds left.\n|\n|t:|1776333012\n|move|p1a: J\u00e1BychV\u011bd\u011bl|Protect|p1a: J\u00e1BychV\u011bd\u011bl\n|-singleturn|p1a: J\u00e1BychV\u011bd\u011bl|Protect\n|move|p1b: NoNem\u00e1Talent|Protect|p1b: NoNem\u00e1Talent\n|-singleturn|p1b: NoNem\u00e1Talent|Protect\n|move|p2b: Calyrex|Glacial Lance|p1a: J\u00e1BychV\u011bd\u011bl|[spread] \n|-activate|p1a: J\u00e1BychV\u011bd\u011bl|move: Protect\n|-activate|p1b: NoNem\u00e1Talent|move: Protect\n|move|p2a: Incineroar|Parting Shot|p1a: J\u00e1BychV\u011bd\u011bl\n|-activate|p1a: J\u00e1BychV\u011bd\u011bl|move: Protect\n|\n|-weather|RainDance|[upkeep]\n|-heal|p1a: J\u00e1BychV\u011bd\u011bl|13/100|[from] Grassy Terrain\n|-heal|p2b: Calyrex|72/100|[from] Grassy Terrain\n|-heal|p1b: NoNem\u00e1Talent|79/100|[from] Grassy Terrain\n|upkeep\n|turn|4\n|inactive|TheNamesBetty has 30 seconds left.\n|\n|t:|1776333042\n|switch|p1a: JeNaMalin\u00e1ch|Kyogre, L50|100/100\n|move|p2b: Calyrex|Glacial Lance|p1a: JeNaMalin\u00e1ch|[spread] p1a,p1b\n|-resisted|p1a: JeNaMalin\u00e1ch\n|-resisted|p1b: NoNem\u00e1Talent\n|-damage|p1a: JeNaMalin\u00e1ch|73/100\n|-damage|p1b: NoNem\u00e1Talent|54/100\n|move|p2a: Incineroar|Parting Shot|p1b: NoNem\u00e1Talent\n|-unboost|p1b: NoNem\u00e1Talent|atk|1\n|-unboost|p1b: NoNem\u00e1Talent|spa|1\n|\n|t:|1776333052\n|switch|p2a: Rillaboom|Rillaboom, L50, M|100/100|[from] Parting Shot\n|move|p1b: NoNem\u00e1Talent|Swords Dance|p1b: NoNem\u00e1Talent\n|-boost|p1b: NoNem\u00e1Talent|atk|2\n|\n|-weather|RainDance|[upkeep]\n|-heal|p2b: Calyrex|77/100|[from] Grassy Terrain\n|-heal|p1a: JeNaMalin\u00e1ch|79/100|[from] Grassy Terrain\n|-heal|p1b: NoNem\u00e1Talent|60/100|[from] Grassy Terrain\n|upkeep\n|turn|5\n|\n|t:|1776333073\n|switch|p2a: Incineroar|Incineroar, L50, M|100/100\n|-ability|p2a: Incineroar|Intimidate|boost\n|-unboost|p1a: JeNaMalin\u00e1ch|atk|1\n|-unboost|p1b: NoNem\u00e1Talent|atk|1\n|move|p1a: JeNaMalin\u00e1ch|Protect|p1a: JeNaMalin\u00e1ch\n|-singleturn|p1a: JeNaMalin\u00e1ch|Protect\n|move|p1b: NoNem\u00e1Talent|Protect|p1b: NoNem\u00e1Talent\n|-singleturn|p1b: NoNem\u00e1Talent|Protect\n|move|p2b: Calyrex|Glacial Lance|p1b: NoNem\u00e1Talent|[spread] \n|-activate|p1a: JeNaMalin\u00e1ch|move: Protect\n|-activate|p1b: NoNem\u00e1Talent|move: Protect\n|\n|-weather|none\n|-heal|p2b: Calyrex|83/100|[from] Grassy Terrain\n|-heal|p1a: JeNaMalin\u00e1ch|85/100|[from] Grassy Terrain\n|-heal|p1b: NoNem\u00e1Talent|66/100|[from] Grassy Terrain\n|-fieldend|move: Trick Room\n|-fieldend|move: Grassy Terrain\n|upkeep\n|turn|6\n|inactive|a_wood_is_good4 has 30 seconds left.\n|inactive|a_wood_is_good4 has 20 seconds left.\n|inactive|a_wood_is_good4 has 15 seconds left.\n|\n|t:|1776333116\n|move|p2a: Incineroar|Fake Out|p1a: JeNaMalin\u00e1ch\n|-damage|p1a: JeNaMalin\u00e1ch|74/100\n|move|p1b: NoNem\u00e1Talent|Behemoth Blade|p2b: Calyrex\n|-damage|p2b: Calyrex|49/100\n|cant|p1a: JeNaMalin\u00e1ch|flinch\n|move|p2b: Calyrex|Trick Room|p2b: Calyrex\n|-fieldstart|move: Trick Room|[of] p2b: Calyrex\n|\n|upkeep\n|turn|7\n|inactive|a_wood_is_good4 has 30 seconds left.\n|inactive|TheNamesBetty has 30 seconds left.\n|inactive|TheNamesBetty has 20 seconds left.\n|\n|t:|1776333157\n|switch|p2a: Rillaboom|Rillaboom, L50, M|100/100\n|-fieldstart|move: Grassy Terrain|[from] ability: Grassy Surge|[of] p2a: Rillaboom\n|-terastallize|p1a: JeNaMalin\u00e1ch|Grass\n|move|p2b: Calyrex|High Horsepower|p1b: NoNem\u00e1Talent\n|-supereffective|p1b: NoNem\u00e1Talent\n|-damage|p1b: NoNem\u00e1Talent|0 fnt\n|faint|p1b: NoNem\u00e1Talent\n|-ability|p2b: Calyrex|Chilling Neigh|boost\n|-boost|p2b: Calyrex|atk|1\n|move|p1a: JeNaMalin\u00e1ch|Origin Pulse|p2a: Rillaboom|[spread] p2b\n|-miss|p1a: JeNaMalin\u00e1ch|p2a: Rillaboom\n|-resisted|p2b: Calyrex\n|-damage|p2b: Calyrex|31/100\n|\n|-heal|p2b: Calyrex|37/100|[from] Grassy Terrain\n|-heal|p1a: JeNaMalin\u00e1ch|80/100|[from] Grassy Terrain\n|upkeep\n|c|\u2606TheNamesBetty|This is bad\n|inactive|TheNamesBetty has 30 seconds left.\n|\n|t:|1776333183\n|switch|p1b: J\u00e1BychV\u011bd\u011bl|Amoonguss, L50, M, shiny|46/100\n|turn|8\n|inactive|a_wood_is_good4 has 30 seconds left.\n|inactive|a_wood_is_good4 has 20 seconds left.\n|\n|t:|1776333223\n|move|p1b: J\u00e1BychV\u011bd\u011bl|Protect|p1b: J\u00e1BychV\u011bd\u011bl\n|-singleturn|p1b: J\u00e1BychV\u011bd\u011bl|Protect\n|move|p2b: Calyrex|Protect|p2b: Calyrex\n|-singleturn|p2b: Calyrex|Protect\n|move|p1a: JeNaMalin\u00e1ch|Protect|p1a: JeNaMalin\u00e1ch\n|-singleturn|p1a: JeNaMalin\u00e1ch|Protect\n|move|p2a: Rillaboom|U-turn|p1a: JeNaMalin\u00e1ch\n|-activate|p1a: JeNaMalin\u00e1ch|move: Protect\n|\n|-heal|p1b: J\u00e1BychV\u011bd\u011bl|52/100|[from] Grassy Terrain\n|-heal|p2b: Calyrex|43/100|[from] Grassy Terrain\n|-heal|p1a: JeNaMalin\u00e1ch|86/100|[from] Grassy Terrain\n|upkeep\n|turn|9\n|inactive|TheNamesBetty has 30 seconds left.\n|\n|t:|1776333255\n|move|p1b: J\u00e1BychV\u011bd\u011bl|Pollen Puff|p2b: Calyrex\n|-supereffective|p2b: Calyrex\n|-damage|p2b: Calyrex|19/100\n|move|p2b: Calyrex|Glacial Lance|p1b: J\u00e1BychV\u011bd\u011bl|[spread] p1a,p1b\n|-supereffective|p1a: JeNaMalin\u00e1ch\n|-supereffective|p1b: J\u00e1BychV\u011bd\u011bl\n|-damage|p1a: JeNaMalin\u00e1ch|0 fnt\n|-damage|p1b: J\u00e1BychV\u011bd\u011bl|0 fnt\n|faint|p1a: JeNaMalin\u00e1ch\n|faint|p1b: J\u00e1BychV\u011bd\u011bl\n|-ability|p2b: Calyrex|Chilling Neigh|boost\n|-boost|p2b: Calyrex|atk|2\n|move|p2a: Rillaboom|U-turn|p1: JeNaMalin\u00e1ch|[notarget]\n|-fail|p2a: Rillaboom\n|\n|-heal|p2b: Calyrex|25/100|[from] Grassy Terrain\n|upkeep\n|\n|t:|1776333259\n|switch|p1b: BylDobr\u00fdU\u010ditel|Roaring Moon, L50|100/100\n|turn|10\n|\n|t:|1776333269\n|switch|p2a: Incineroar|Incineroar, L50, M|100/100\n|-ability|p2a: Incineroar|Intimidate|boost\n|-unboost|p1b: BylDobr\u00fdU\u010ditel|atk|1\n|move|p2b: Calyrex|Protect|p2b: Calyrex\n|-singleturn|p2b: Calyrex|Protect\n|move|p1b: BylDobr\u00fdU\u010ditel|Acrobatics|p2b: Calyrex\n|-activate|p2b: Calyrex|move: Protect\n|\n|-heal|p2b: Calyrex|31/100|[from] Grassy Terrain\n|-fieldend|move: Trick Room\n|upkeep\n|turn|11\n|-message|TheNamesBetty forfeited.\n|\n|win|a_wood_is_good4\n|raw|TheNamesBetty's rating: 1438 &rarr; <strong>1415</strong><br />(-23 for losing)\n|raw|a_wood_is_good4's rating: 1379 &rarr; <strong>1402</strong><br />(+23 for winning)\n|l|\u2606TheNamesBetty\n|player|p1|\n|l|\u2606a_wood_is_good4\n|player|p2|\n|j|\u2606a_wood_is_good4\n|player|p2|a_wood_is_good4|266|\n","uploadtime":1776333345,"views":19,"formatid":"gen9vgc2026regi","rating":1402,"private":0,"password":null}