{"id":"gen9vgc2026regi-2521061846","format":"[Gen 9] VGC 2026 Reg I","players":["Supermembrane","kojimuranishi"],"log":"|j|\u2606Supermembrane\n|j|\u2606kojimuranishi\n|t:|1768720353\n|gametype|doubles\n|player|p1|Supermembrane|cynthia-gen4|1384\n|player|p2|kojimuranishi|169|1469\n|gen|9\n|tier|[Gen 9] VGC 2026 Reg I\n|rated|\n|rule|Species Clause: Limit one of each Pok\u00e9mon\n|rule|Item Clause: Limit 1 of each item\n|clearpoke\n|poke|p1|Lunala, L50|\n|poke|p1|Rillaboom, L50, M|\n|poke|p1|Amoonguss, L50, F|\n|poke|p1|Koraidon, L50|\n|poke|p1|Flutter Mane, L50|\n|poke|p1|Incineroar, L50, F|\n|poke|p2|Miraidon, L50|\n|poke|p2|Lunala, L50|\n|poke|p2|Chien-Pao, L50|\n|poke|p2|Dragonite, L50, M|\n|poke|p2|Ursaluna, L50, F|\n|poke|p2|Urshifu-*, L50, M|\n|teampreview|4\n|inactive|Battle timer is ON: inactive players will automatically lose when time's up. (requested by kojimuranishi)\n|inactive|Supermembrane also wants the timer to be on.\n|\n|t:|1768720387\n|teamsize|p1|4\n|teamsize|p2|4\n|start\n|switch|p1a: Koraidon|Koraidon, L50|100/100\n|switch|p1b: Flutter Mane|Flutter Mane, L50|100/100\n|switch|p2a: Lunala|Lunala, L50|100/100\n|switch|p2b: Chien-Pao|Chien-Pao, L50|100/100\n|-ability|p2b: Chien-Pao|Sword of Ruin\n|-weather|SunnyDay|[from] ability: Orichalcum Pulse|[of] p1a: Koraidon\n|-activate|p1b: Flutter Mane|ability: Protosynthesis\n|-start|p1b: Flutter Mane|protosynthesisspe\n|-activate|p1a: Koraidon|Orichalcum Pulse|[source]\n|turn|1\n|\n|t:|1768720411\n|-terastallize|p2a: Lunala|Normal\n|move|p2b: Chien-Pao|Protect|p2b: Chien-Pao\n|-singleturn|p2b: Chien-Pao|Protect\n|move|p1b: Flutter Mane|Taunt|p2a: Lunala\n|-start|p2a: Lunala|move: Taunt\n|move|p1a: Koraidon|Flare Blitz|p2b: Chien-Pao\n|-activate|p2b: Chien-Pao|move: Protect\n|cant|p2a: Lunala|move: Taunt|Trick Room\n|\n|-weather|SunnyDay|[upkeep]\n|upkeep\n|turn|2\n|inactive|Supermembrane has 30 seconds left.\n|\n|t:|1768720440\n|-terastallize|p1a: Koraidon|Fire\n|move|p2b: Chien-Pao|Sucker Punch|p1b: Flutter Mane\n|-enditem|p1b: Flutter Mane|Focus Sash\n|-damage|p1b: Flutter Mane|1/100\n|-damage|p2b: Chien-Pao|91/100|[from] item: Life Orb\n|move|p1b: Flutter Mane|Moonblast|p2a: Lunala\n|-damage|p2a: Lunala|83/100\n|-unboost|p2a: Lunala|spa|1\n|move|p1a: Koraidon|Close Combat|p2a: Lunala\n|-supereffective|p2a: Lunala\n|-damage|p2a: Lunala|0 fnt\n|-unboost|p1a: Koraidon|def|1\n|-unboost|p1a: Koraidon|spd|1\n|faint|p2a: Lunala\n|-damage|p1a: Koraidon|91/100|[from] item: Life Orb\n|\n|-weather|SunnyDay|[upkeep]\n|upkeep\n|\n|t:|1768720459\n|switch|p2a: Miraidon|Miraidon, L50|100/100\n|-fieldstart|move: Electric Terrain|[from] ability: Hadron Engine|[of] p2a: Miraidon\n|turn|3\n|inactive|kojimuranishi has 30 seconds left.\n|\n|t:|1768720489\n|-end|p1b: Flutter Mane|Protosynthesis|[silent]\n|switch|p1b: Rillaboom|Rillaboom, L50, M|100/100\n|-fieldstart|move: Grassy Terrain|[from] ability: Grassy Surge|[of] p1b: Rillaboom\n|move|p2a: Miraidon|Electro Drift|p1a: Koraidon\n|-damage|p1a: Koraidon|5/100\n|move|p2b: Chien-Pao|Ice Spinner|p1b: Rillaboom\n|-supereffective|p1b: Rillaboom\n|-crit|p1b: Rillaboom\n|-damage|p1b: Rillaboom|0 fnt\n|-fieldend|move: Grassy Terrain\n|faint|p1b: Rillaboom\n|-damage|p2b: Chien-Pao|81/100|[from] item: Life Orb\n|move|p1a: Koraidon|Close Combat|p2a: Miraidon\n|-damage|p2a: Miraidon|0 fnt\n|-unboost|p1a: Koraidon|def|1\n|-unboost|p1a: Koraidon|spd|1\n|faint|p2a: Miraidon\n|-damage|p1a: Koraidon|0 fnt|[from] item: Life Orb\n|faint|p1a: Koraidon\n|\n|-weather|SunnyDay|[upkeep]\n|upkeep\n|\n|t:|1768720512\n|switch|p2a: Ursaluna|Ursaluna, L50, F|100/100\n|switch|p1a: Flutter Mane|Flutter Mane, L50|1/100\n|switch|p1b: Lunala|Lunala, L50|100/100\n|-activate|p1a: Flutter Mane|ability: Protosynthesis\n|-start|p1a: Flutter Mane|protosynthesisspe\n|turn|4\n|\n|t:|1768720523\n|move|p1a: Flutter Mane|Protect|p1a: Flutter Mane\n|-singleturn|p1a: Flutter Mane|Protect\n|move|p2b: Chien-Pao|Protect|p2b: Chien-Pao\n|-singleturn|p2b: Chien-Pao|Protect\n|move|p1b: Lunala|Dazzling Gleam|p2a: Ursaluna|[spread] p2a\n|-activate|p2b: Chien-Pao|move: Protect\n|-damage|p2a: Ursaluna|80/100\n|move|p2a: Ursaluna|Rock Slide|p1a: Flutter Mane|[spread] p1b\n|-activate|p1a: Flutter Mane|move: Protect\n|-damage|p1b: Lunala|87/100\n|\n|-weather|SunnyDay|[upkeep]\n|-heal|p1b: Lunala|94/100|[from] item: Leftovers\n|-status|p2a: Ursaluna|brn|[from] item: Flame Orb\n|upkeep\n|turn|5\n|inactive|kojimuranishi has 30 seconds left.\n|\n|t:|1768720554\n|move|p2b: Chien-Pao|Sucker Punch|p1b: Lunala\n|-supereffective|p1b: Lunala\n|-damage|p1b: Lunala|0 fnt\n|faint|p1b: Lunala\n|-damage|p2b: Chien-Pao|72/100|[from] item: Life Orb\n|move|p1a: Flutter Mane|Moonblast|p2b: Chien-Pao\n|-supereffective|p2b: Chien-Pao\n|-damage|p2b: Chien-Pao|0 fnt\n|faint|p2b: Chien-Pao\n|move|p2a: Ursaluna|Rock Slide|p1a: Flutter Mane\n|-damage|p1a: Flutter Mane|0 fnt\n|faint|p1a: Flutter Mane\n|-end|p1a: Flutter Mane|Protosynthesis|[silent]\n|\n|win|kojimuranishi\n|raw|Supermembrane's rating: 1384 &rarr; <strong>1369</strong><br />(-15 for losing)\n|raw|kojimuranishi's rating: 1469 &rarr; <strong>1484</strong><br />(+15 for winning)\n|l|\u2606kojimuranishi\n|player|p2|\n","uploadtime":1768720802,"views":16,"formatid":"gen9vgc2026regi","rating":1369,"private":0,"password":null}