{"id":"gen9vgc2026regi-2553071391","format":"[Gen 9] VGC 2026 Reg I","players":["avarussurava","CHR1SPHX"],"log":"|j|\u2606avarussurava\n|j|\u2606CHR1SPHX\n|t:|1772794295\n|gametype|doubles\n|player|p1|avarussurava|169|1299\n|player|p2|CHR1SPHX|hilbert|1242\n|gen|9\n|tier|[Gen 9] VGC 2026 Reg I\n|rated|\n|rule|Species Clause: Limit one of each Pok\u00e9mon\n|rule|Item Clause: Limit 1 of each item\n|clearpoke\n|poke|p1|Tyranitar, L50, F|\n|poke|p1|Kyogre, L50|\n|poke|p1|Zamazenta-*, L50|\n|poke|p1|Gastrodon, L50, F|\n|poke|p1|Sinistcha, L50|\n|poke|p1|Ceruledge, L50, M|\n|poke|p2|Lunala, L50|\n|poke|p2|Amoonguss, L50, M|\n|poke|p2|Ursaluna-Bloodmoon, L50, M|\n|poke|p2|Incineroar, L50, M|\n|poke|p2|Koraidon, L50|\n|poke|p2|Flutter Mane, L50|\n|teampreview|4\n|inactive|Battle timer is ON: inactive players will automatically lose when time's up. (requested by CHR1SPHX)\n|inactive|CHR1SPHX has 60 seconds left.\n|\n|t:|1772794332\n|teamsize|p1|4\n|teamsize|p2|4\n|start\n|switch|p1a: Zamazenta|Zamazenta-Crowned, L50|100/100\n|switch|p1b: Ceruledge|Ceruledge, L50, M|100/100\n|switch|p2a: Lunala|Lunala, L50, shiny|100/100\n|switch|p2b: Ursaluna|Ursaluna-Bloodmoon, L50, M|100/100\n|-ability|p1a: Zamazenta|Dauntless Shield|boost\n|-boost|p1a: Zamazenta|def|1\n|turn|1\n|inactive|CHR1SPHX has 30 seconds left.\n|\n|t:|1772794359\n|-terastallize|p1a: Zamazenta|Ground\n|-terastallize|p2a: Lunala|Fairy\n|move|p2b: Ursaluna|Protect|p2b: Ursaluna\n|-singleturn|p2b: Ursaluna|Protect\n|move|p1a: Zamazenta|Iron Defense|p1a: Zamazenta\n|-boost|p1a: Zamazenta|def|2\n|move|p1b: Ceruledge|Taunt|p2a: Lunala\n|-start|p2a: Lunala|move: Taunt\n|-enditem|p2a: Lunala|Mental Herb\n|-end|p2a: Lunala|move: Taunt\n|move|p2a: Lunala|Trick Room|p2a: Lunala\n|-fieldstart|move: Trick Room|[of] p2a: Lunala\n|\n|upkeep\n|turn|2\n|\n|t:|1772794374\n|switch|p1b: Tyranitar|Tyranitar, L50, F|100/100\n|-weather|Sandstorm|[from] ability: Sand Stream|[of] p1b: Tyranitar\n|move|p2b: Ursaluna|Blood Moon|p1a: Zamazenta\n|-damage|p1a: Zamazenta|33/100\n|-damage|p2b: Ursaluna|91/100|[from] item: Life Orb\n|move|p2a: Lunala|Moonblast|p1a: Zamazenta\n|-damage|p1a: Zamazenta|0 fnt\n|faint|p1a: Zamazenta\n|\n|-weather|Sandstorm|[upkeep]\n|-damage|p2a: Lunala|94/100|[from] Sandstorm\n|upkeep\n|\n|t:|1772794389\n|switch|p1a: Sinistcha|Sinistcha, L50|100/100\n|turn|3\n|\n|t:|1772794410\n|switch|p2a: Koraidon|Koraidon, L50|100/100\n|-weather|SunnyDay|[from] ability: Orichalcum Pulse|[of] p2a: Koraidon\n|-activate|p2a: Koraidon|Orichalcum Pulse|[source]\n|move|p2b: Ursaluna|Earth Power|p1b: Tyranitar\n|-supereffective|p1b: Tyranitar\n|-damage|p1b: Tyranitar|16/100\n|-damage|p2b: Ursaluna|81/100|[from] item: Life Orb\n|move|p1b: Tyranitar|Knock Off|p2b: Ursaluna\n|-damage|p2b: Ursaluna|44/100\n|-enditem|p2b: Ursaluna|Life Orb|[from] move: Knock Off|[of] p1b: Tyranitar\n|move|p1a: Sinistcha|Matcha Gotcha|p2a: Koraidon|[spread] p2a,p2b\n|-resisted|p2a: Koraidon\n|-supereffective|p2b: Ursaluna\n|-damage|p2a: Koraidon|87/100\n|-damage|p2b: Ursaluna|0 fnt\n|-status|p2a: Koraidon|brn\n|faint|p2b: Ursaluna\n|\n|-weather|SunnyDay|[upkeep]\n|-damage|p2a: Koraidon|81/100 brn|[from] brn\n|upkeep\n|\n|t:|1772794421\n|switch|p2b: Lunala|Lunala, L50, shiny, tera:Fairy|94/100\n|turn|4\n|\n|t:|1772794434\n|switch|p1b: Ceruledge|Ceruledge, L50, M|100/100\n|switch|p2a: Flutter Mane|Flutter Mane, L50|100/100\n|-activate|p2a: Flutter Mane|ability: Protosynthesis\n|-start|p2a: Flutter Mane|protosynthesisspe\n|move|p1a: Sinistcha|Shadow Ball|p2b: Lunala\n|-damage|p2b: Lunala|65/100\n|move|p2b: Lunala|Moongeist Beam|p1a: Sinistcha\n|-supereffective|p1a: Sinistcha\n|-damage|p1a: Sinistcha|0 fnt\n|faint|p1a: Sinistcha\n|\n|-weather|SunnyDay|[upkeep]\n|upkeep\n|\n|t:|1772794448\n|switch|p1a: Tyranitar|Tyranitar, L50, F|16/100\n|-weather|Sandstorm|[from] ability: Sand Stream|[of] p1a: Tyranitar\n|-end|p2a: Flutter Mane|Protosynthesis\n|turn|5\n|\n|t:|1772794465\n|move|p2a: Flutter Mane|Protect|p2a: Flutter Mane\n|-singleturn|p2a: Flutter Mane|Protect\n|move|p1a: Tyranitar|Ice Punch|p2a: Flutter Mane\n|-activate|p2a: Flutter Mane|move: Protect\n|move|p1b: Ceruledge|Bitter Blade|p2b: Lunala\n|-damage|p2b: Lunala|28/100\n|move|p2b: Lunala|Moonblast|p1a: Tyranitar\n|-supereffective|p1a: Tyranitar\n|-damage|p1a: Tyranitar|0 fnt\n|faint|p1a: Tyranitar\n|\n|-weather|Sandstorm|[upkeep]\n|-damage|p2b: Lunala|22/100|[from] Sandstorm\n|-damage|p2a: Flutter Mane|94/100|[from] Sandstorm\n|-fieldend|move: Trick Room\n|upkeep\n|turn|6\n|\n|t:|1772794481\n|move|p1b: Ceruledge|Shadow Sneak|p2a: Flutter Mane\n|-supereffective|p2a: Flutter Mane\n|-damage|p2a: Flutter Mane|1/100\n|move|p2a: Flutter Mane|Shadow Ball|p1b: Ceruledge\n|-supereffective|p1b: Ceruledge\n|-damage|p1b: Ceruledge|12/100\n|move|p2b: Lunala|Moongeist Beam|p1b: Ceruledge\n|-supereffective|p1b: Ceruledge\n|-damage|p1b: Ceruledge|0 fnt\n|faint|p1b: Ceruledge\n|\n|win|CHR1SPHX\n|raw|avarussurava's rating: 1299 &rarr; <strong>1270</strong><br />(-29 for losing)\n|raw|CHR1SPHX's rating: 1242 &rarr; <strong>1271</strong><br />(+29 for winning)\n|c|\u2606CHR1SPHX|gg\n","uploadtime":1772794492,"views":16,"formatid":"gen9vgc2026regi","rating":1270,"private":0,"password":null}