{"id":"gen9vgc2026regi-2570378746","format":"[Gen 9] VGC 2026 Reg I","players":["shecallmedada","Regei"],"log":"|j|\u2606shecallmedada\n|j|\u2606Regei\n|t:|1774806251\n|gametype|doubles\n|player|p1|shecallmedada|burglar-gen1rb|1471\n|player|p2|Regei|drayton|1494\n|gen|9\n|tier|[Gen 9] VGC 2026 Reg I\n|rated|\n|rule|Species Clause: Limit one of each Pok\u00e9mon\n|rule|Item Clause: Limit 1 of each item\n|clearpoke\n|poke|p1|Koraidon, L50|\n|poke|p1|Miraidon, L50|\n|poke|p1|Incineroar, L50, F|\n|poke|p1|Iron Bundle, L50|\n|poke|p1|Toxapex, L50, M|\n|poke|p1|Landorus, L50, M|\n|poke|p2|Miraidon, L50|\n|poke|p2|Raging Bolt, L50|\n|poke|p2|Koraidon, L50|\n|poke|p2|Whimsicott, L50, M|\n|poke|p2|Iron Bundle, L50|\n|poke|p2|Farigiraf, L50, M|\n|teampreview|4\n|c|\u2606Regei|double bike>\nRegei has agreed to open team sheets.\n|c|\u2606shecallmedada|double bike gang\n|\n|t:|1774806312\n|teamsize|p1|4\n|teamsize|p2|4\n|start\n|switch|p1a: Miraidon|Miraidon, L50|100/100\n|switch|p1b: Iron Bundle|Iron Bundle, L50|100/100\n|switch|p2a: Miraidon|Miraidon, L50, shiny|100/100\n|switch|p2b: Whimsicott|Whimsicott, L50, M|100/100\n|-fieldstart|move: Electric Terrain|[from] ability: Hadron Engine|[of] p1a: Miraidon\n|-activate|p1b: Iron Bundle|ability: Quark Drive\n|-start|p1b: Iron Bundle|quarkdrivespe\n|-activate|p2a: Miraidon|ability: Hadron Engine\n|turn|1\n|j| Hider123\n|l| Hider123\n|\n|t:|1774806372\n|-terastallize|p1a: Miraidon|Electric\n|move|p2b: Whimsicott|Light Screen|p2b: Whimsicott\n|-sidestart|p2: Regei|move: Light Screen\n|move|p1b: Iron Bundle|Encore|p2b: Whimsicott\n|-start|p2b: Whimsicott|Encore\n|move|p1a: Miraidon|Electro Drift|p2a: Miraidon\n|-resisted|p2a: Miraidon\n|-damage|p2a: Miraidon|85/100\n|-damage|p1a: Miraidon|91/100|[from] item: Life Orb\n|move|p2a: Miraidon|Volt Switch|p1b: Iron Bundle\n|-supereffective|p1b: Iron Bundle\n|-enditem|p1b: Iron Bundle|Focus Sash\n|-damage|p1b: Iron Bundle|1/100\n|\n|t:|1774806395\n|switch|p2a: Iron Bundle|Iron Bundle, L50, shiny|100/100|[from] Volt Switch\n|-activate|p2a: Iron Bundle|ability: Quark Drive\n|-start|p2a: Iron Bundle|quarkdrivespe\n|\n|upkeep\n|turn|2\n|\n|t:|1774806419\n|switch|p2b: Koraidon|Koraidon, L50, shiny|100/100\n|-weather|SunnyDay|[from] ability: Orichalcum Pulse|[of] p2b: Koraidon\n|-activate|p2b: Koraidon|Orichalcum Pulse|[source]\n|move|p2a: Iron Bundle|Icy Wind|p1a: Miraidon|[spread] p1a,p1b\n|-resisted|p1b: Iron Bundle\n|-damage|p1a: Miraidon|70/100\n|-damage|p1b: Iron Bundle|0 fnt\n|-unboost|p1a: Miraidon|spe|1\n|faint|p1b: Iron Bundle\n|-end|p1b: Iron Bundle|Quark Drive|[silent]\n|move|p1a: Miraidon|Volt Switch|p2a: Iron Bundle\n|-supereffective|p2a: Iron Bundle\n|-enditem|p2a: Iron Bundle|Focus Sash\n|-damage|p2a: Iron Bundle|1/100\n|-damage|p1a: Miraidon|61/100|[from] item: Life Orb\n|\n|t:|1774806433\n|switch|p1a: Koraidon|Koraidon, L50|100/100|[from] Volt Switch\n|-activate|p1a: Koraidon|ability: Orichalcum Pulse\n|-enditem|p1a: Koraidon|Electric Seed\n|-boost|p1a: Koraidon|def|1|[from] item: Electric Seed\n|\n|-weather|SunnyDay|[upkeep]\n|upkeep\n|\n|t:|1774806438\n|switch|p1b: Miraidon|Miraidon, L50, tera:Electric|61/100\n|-activate|p1b: Miraidon|ability: Hadron Engine\n|turn|3\n|inactive|Battle timer is ON: inactive players will automatically lose when time's up. (requested by shecallmedada)\n|\n|t:|1774806472\n|move|p2a: Iron Bundle|Icy Wind|p1a: Koraidon|[spread] p1a,p1b\n|-supereffective|p1a: Koraidon\n|-damage|p1a: Koraidon|65/100\n|-damage|p1b: Miraidon|41/100\n|-unboost|p1a: Koraidon|spe|1\n|-unboost|p1b: Miraidon|spe|1\n|move|p2b: Koraidon|Scale Shot|p1b: Miraidon\n|-damage|p1b: Miraidon|22/100\n|-damage|p1b: Miraidon|2/100\n|-damage|p1b: Miraidon|0 fnt\n|faint|p1b: Miraidon\n|-hitcount|p1: Miraidon|3\n|-unboost|p2b: Koraidon|def|1\n|-boost|p2b: Koraidon|spe|1\n|move|p1a: Koraidon|Flame Charge|p2a: Iron Bundle\n|-damage|p2a: Iron Bundle|0 fnt\n|-boost|p1a: Koraidon|spe|1\n|faint|p2a: Iron Bundle\n|-end|p2a: Iron Bundle|Quark Drive|[silent]\n|\n|-weather|SunnyDay|[upkeep]\n|upkeep\n|inactive|Regei has 30 seconds left.\n|inactive|Regei has 20 seconds left.\n|inactive|Regei has 15 seconds left.\n|inactive|Regei has 10 seconds left.\n|\n|t:|1774806517\n|switch|p2a: Whimsicott|Whimsicott, L50, M|100/100\n|switch|p1b: Landorus|Landorus, L50, M|100/100\n|turn|4\n|\n|t:|1774806541\n|move|p2a: Whimsicott|Encore|p1a: Koraidon\n|-start|p1a: Koraidon|Encore\n|move|p2b: Koraidon|Flare Blitz|p1b: Landorus\n|-damage|p1b: Landorus|0 fnt\n|faint|p1b: Landorus\n|-damage|p2b: Koraidon|72/100|[from] Recoil\n|move|p1a: Koraidon|Flame Charge|p2a: Whimsicott\n|-supereffective|p2a: Whimsicott\n|-damage|p2a: Whimsicott|18/100\n|-boost|p1a: Koraidon|spe|1\n|\n|-weather|SunnyDay|[upkeep]\n|upkeep\n|turn|5\n|-message|shecallmedada forfeited.\n|\n|win|Regei\n|raw|shecallmedada's rating: 1471 &rarr; <strong>1452</strong><br />(-19 for losing)\n|raw|Regei's rating: 1494 &rarr; <strong>1513</strong><br />(+19 for winning)\n|l|\u2606shecallmedada\n|player|p1|\n","uploadtime":1774806555,"views":68,"formatid":"gen9vgc2026regi","rating":1452,"private":0,"password":null}