{"id":"gen9vgc2026regi-2587223029","format":"[Gen 9] VGC 2026 Reg I","players":["Simon0123","xinshouok"],"log":"|j|\u2606Simon0123\n|j|\u2606xinshouok\n|t:|1776511058\n|gametype|doubles\n|player|p1|Simon0123|benga|1566\n|player|p2|xinshouok|lucas|1552\n|gen|9\n|tier|[Gen 9] VGC 2026 Reg I\n|rated|\n|rule|Species Clause: Limit one of each Pok\u00e9mon\n|rule|Item Clause: Limit 1 of each item\n|clearpoke\n|poke|p1|Zacian-*, L50|\n|poke|p1|Kyogre, L50|\n|poke|p1|Tornadus, L50, M|\n|poke|p1|Urshifu-*, L50, F|\n|poke|p1|Incineroar, L50, M|\n|poke|p1|Rillaboom, L50, F|\n|poke|p2|Groudon, L50|\n|poke|p2|Grimmsnarl, L50, M|\n|poke|p2|Miraidon, L50|\n|poke|p2|Smeargle, L50, M|\n|poke|p2|Ditto, L50|\n|poke|p2|Cobalion, L50|\n|teampreview|4\n|inactive|Battle timer is ON: inactive players will automatically lose when time's up. (requested by xinshouok)\n|inactive|Simon0123 also wants the timer to be on.\n|\n|t:|1776511087\n|teamsize|p1|4\n|teamsize|p2|4\n|start\n|switch|p1a: Tornadus|Tornadus, L50, M, shiny|100/100\n|switch|p1b: Kyogre|Kyogre, L50, shiny|100/100\n|switch|p2a: Cobalion|Cobalion, L50|100/100\n|switch|p2b: Grimmsnarl|Grimmsnarl, L50, M|100/100\n|-weather|RainDance|[from] ability: Drizzle|[of] p1b: Kyogre\n|turn|1\n|inactive|xinshouok has 30 seconds left.\n|inactive|xinshouok has 20 seconds left.\n|inactive|xinshouok has 15 seconds left.\n|inactive|xinshouok has 10 seconds left.\n|\n|t:|1776511134\n|switch|p2a: Groudon|Groudon, L50|100/100\n|-weather|SunnyDay|[from] ability: Drought|[of] p2a: Groudon\n|move|p1a: Tornadus|Tailwind|p1a: Tornadus\n|-sidestart|p1: Simon0123|move: Tailwind\n|move|p2b: Grimmsnarl|Taunt|p1a: Tornadus\n|-start|p1a: Tornadus|move: Taunt\n|move|p1b: Kyogre|Water Spout|p2b: Grimmsnarl|[spread] p2a,p2b\n|-supereffective|p2a: Groudon\n|-damage|p2a: Groudon|51/100\n|-damage|p2b: Grimmsnarl|60/100\n|\n|-weather|SunnyDay|[upkeep]\n|upkeep\n|turn|2\n|\n|t:|1776511146\n|-terastallize|p1b: Kyogre|Ground\n|move|p2b: Grimmsnarl|Light Screen|p2b: Grimmsnarl\n|-sidestart|p2: xinshouok|move: Light Screen\n|move|p1a: Tornadus|Bleakwind Storm|p2b: Grimmsnarl|[spread] p2b\n|-miss|p1a: Tornadus|p2a: Groudon\n|-damage|p2b: Grimmsnarl|38/100\n|move|p1b: Kyogre|Water Spout|p2b: Grimmsnarl|[spread] p2a,p2b\n|-supereffective|p2a: Groudon\n|-crit|p2a: Groudon\n|-damage|p2a: Groudon|0 fnt\n|-damage|p2b: Grimmsnarl|15/100\n|faint|p2a: Groudon\n|\n|-weather|SunnyDay|[upkeep]\n|upkeep\n|\n|t:|1776511167\n|switch|p2a: Cobalion|Cobalion, L50|100/100\n|turn|3\n|\n|t:|1776511184\n|move|p2b: Grimmsnarl|Reflect|p2b: Grimmsnarl\n|-sidestart|p2: xinshouok|Reflect\n|move|p1a: Tornadus|Bleakwind Storm|p2b: Grimmsnarl|[spread] p2b\n|-miss|p1a: Tornadus|p2a: Cobalion\n|-damage|p2b: Grimmsnarl|0 fnt\n|faint|p2b: Grimmsnarl\n|move|p1b: Kyogre|Water Spout|p2a: Cobalion\n|-damage|p2a: Cobalion|61/100\n|move|p2a: Cobalion|Iron Defense|p2a: Cobalion\n|-boost|p2a: Cobalion|def|2\n|\n|-weather|SunnyDay|[upkeep]\n|-heal|p2a: Cobalion|68/100|[from] item: Leftovers\n|upkeep\n|\n|t:|1776511186\n|switch|p2b: Miraidon|Miraidon, L50|100/100\n|-fieldstart|move: Electric Terrain|[from] ability: Hadron Engine|[of] p2b: Miraidon\n|turn|4\n|\n|t:|1776511207\n|move|p1a: Tornadus|Bleakwind Storm|p2b: Miraidon|[spread] p2a\n|-miss|p1a: Tornadus|p2b: Miraidon\n|-damage|p2a: Cobalion|40/100\n|move|p1b: Kyogre|Water Spout|p2a: Cobalion|[spread] p2a,p2b\n|-resisted|p2b: Miraidon\n|-damage|p2a: Cobalion|6/100\n|-damage|p2b: Miraidon|88/100\n|move|p2b: Miraidon|Electro Drift|p1a: Tornadus\n|-supereffective|p1a: Tornadus\n|-enditem|p1a: Tornadus|Focus Sash\n|-damage|p1a: Tornadus|1/100\n|move|p2a: Cobalion|Body Press|p1b: Kyogre\n|-damage|p1b: Kyogre|0 fnt\n|faint|p1b: Kyogre\n|\n|-weather|SunnyDay|[upkeep]\n|-heal|p2a: Cobalion|12/100|[from] item: Leftovers\n|-end|p1a: Tornadus|move: Taunt\n|-sideend|p1: Simon0123|move: Tailwind\n|upkeep\n|\n|t:|1776511230\n|switch|p1b: Rillaboom|Rillaboom, L50, F, shiny|100/100\n|-fieldstart|move: Grassy Terrain|[from] ability: Grassy Surge|[of] p1b: Rillaboom\n|turn|5\n|\n|t:|1776511251\n|move|p2a: Cobalion|Protect|p2a: Cobalion\n|-singleturn|p2a: Cobalion|Protect\n|move|p1b: Rillaboom|Fake Out|p2b: Miraidon\n|-damage|p2b: Miraidon|79/100\n|move|p1a: Tornadus|Tailwind|p1a: Tornadus\n|-sidestart|p1: Simon0123|move: Tailwind\n|cant|p2b: Miraidon|flinch\n|\n|-weather|none\n|-heal|p2b: Miraidon|85/100|[from] Grassy Terrain\n|-heal|p2a: Cobalion|18/100|[from] Grassy Terrain\n|-heal|p2a: Cobalion|24/100|[from] item: Leftovers\n|upkeep\n|turn|6\n|\n|t:|1776511274\n|move|p1a: Tornadus|Bleakwind Storm|p2a: Cobalion|[spread] p2a,p2b\n|-resisted|p2b: Miraidon\n|-damage|p2a: Cobalion|0 fnt\n|-damage|p2b: Miraidon|76/100\n|-unboost|p2b: Miraidon|spe|1\n|faint|p2a: Cobalion\n|move|p1b: Rillaboom|High Horsepower|p2b: Miraidon\n|-supereffective|p2b: Miraidon\n|-damage|p2b: Miraidon|36/100\n|move|p2b: Miraidon|Electro Drift|p1a: Tornadus\n|-supereffective|p1a: Tornadus\n|-damage|p1a: Tornadus|0 fnt\n|faint|p1a: Tornadus\n|\n|-heal|p2b: Miraidon|42/100|[from] Grassy Terrain\n|upkeep\n|-message|xinshouok forfeited.\n|\n|win|Simon0123\n|raw|Simon0123's rating: 1566 &rarr; <strong>1585</strong><br />(+19 for winning)\n|raw|xinshouok's rating: 1552 &rarr; <strong>1533</strong><br />(-19 for losing)\n|l|\u2606xinshouok\n|player|p2|\n|j|\u2606xinshouok\n|player|p2|xinshouok|lucas|\n|l|\u2606xinshouok\n|player|p2|\n|l|\u2606Simon0123\n|player|p1|\n","uploadtime":1776511431,"views":15,"formatid":"gen9vgc2026regi","rating":1533,"private":0,"password":null}