{"id":"gen9vgc2026regi-2514262811","format":"[Gen 9] VGC 2026 Reg I","players":["Cello L.","gshh10"],"log":"|j|\u2606Cello L.\n|j|\u2606gshh10\n|t:|1767840974\n|gametype|doubles\n|player|p1|Cello L.|cynthia-gen4|1223\n|player|p2|gshh10|dawn|1254\n|gen|9\n|tier|[Gen 9] VGC 2026 Reg I\n|rated|\n|rule|Species Clause: Limit one of each Pok\u00e9mon\n|rule|Item Clause: Limit 1 of each item\n|clearpoke\n|poke|p1|Calyrex-Shadow, L50|\n|poke|p1|Zamazenta-*, L50|\n|poke|p1|Raging Bolt, L50|\n|poke|p1|Furret, L50, F|\n|poke|p1|Rillaboom, L50, M|\n|poke|p1|Incineroar, L50, F|\n|poke|p2|Miraidon, L50|\n|poke|p2|Whimsicott, L50, F|\n|poke|p2|Iron Hands, L50|\n|poke|p2|Iron Treads, L50|\n|poke|p2|Farigiraf, L50, F|\n|poke|p2|Calyrex-Ice, L50|\n|teampreview|4\n|\n|t:|1767841011\n|teamsize|p1|4\n|teamsize|p2|4\n|start\n|switch|p1a: Zamazenta|Zamazenta-Crowned, L50|100/100\n|switch|p1b: Rillaboom|Rillaboom, L50, M|100/100\n|switch|p2a: \u538b\u7f29\u771f\u70ab\u9a6c|Calyrex-Ice, L50|100/100\n|switch|p2b: Iron Hands|Iron Hands, L50|100/100\n|-ability|p2a: \u538b\u7f29\u771f\u70ab\u9a6c|As One\n|-ability|p2a: \u538b\u7f29\u771f\u70ab\u9a6c|Unnerve\n|-ability|p1a: Zamazenta|Dauntless Shield|boost\n|-boost|p1a: Zamazenta|def|1\n|-fieldstart|move: Grassy Terrain|[from] ability: Grassy Surge|[of] p1b: Rillaboom\n|turn|1\n|\n|t:|1767841047\n|move|p1a: Zamazenta|Wide Guard|p1a: Zamazenta\n|-singleturn|p1a: Zamazenta|Wide Guard\n|move|p2b: Iron Hands|Fake Out|p1a: Zamazenta\n|-resisted|p1a: Zamazenta\n|-damage|p1a: Zamazenta|98/100\n|move|p1b: Rillaboom|Wood Hammer|p2a: \u538b\u7f29\u771f\u70ab\u9a6c\n|-damage|p2a: \u538b\u7f29\u771f\u70ab\u9a6c|57/100\n|-damage|p1b: Rillaboom|86/100|[from] Recoil\n|move|p2a: \u538b\u7f29\u771f\u70ab\u9a6c|Swords Dance|p2a: \u538b\u7f29\u771f\u70ab\u9a6c\n|-boost|p2a: \u538b\u7f29\u771f\u70ab\u9a6c|atk|2\n|\n|-heal|p1a: Zamazenta|100/100|[from] Grassy Terrain\n|-heal|p1b: Rillaboom|92/100|[from] Grassy Terrain\n|-heal|p2a: \u538b\u7f29\u771f\u70ab\u9a6c|62/100|[from] Grassy Terrain\n|upkeep\n|turn|2\n|\n|t:|1767841073\n|move|p1a: Zamazenta|Body Press|p2a: \u538b\u7f29\u771f\u70ab\u9a6c\n|-damage|p2a: \u538b\u7f29\u771f\u70ab\u9a6c|21/100\n|move|p1b: Rillaboom|Wood Hammer|p2a: \u538b\u7f29\u771f\u70ab\u9a6c\n|-damage|p2a: \u538b\u7f29\u771f\u70ab\u9a6c|0 fnt\n|faint|p2a: \u538b\u7f29\u771f\u70ab\u9a6c\n|-damage|p1b: Rillaboom|85/100|[from] Recoil\n|move|p2b: Iron Hands|Low Kick|p1a: Zamazenta\n|-supereffective|p1a: Zamazenta\n|-damage|p1a: Zamazenta|53/100\n|\n|-heal|p1a: Zamazenta|59/100|[from] Grassy Terrain\n|-heal|p1b: Rillaboom|91/100|[from] Grassy Terrain\n|upkeep\n|\n|t:|1767841084\n|switch|p2a: Miraidon|Miraidon, L50|100/100\n|-fieldstart|move: Electric Terrain|[from] ability: Hadron Engine|[of] p2a: Miraidon\n|-activate|p2b: Iron Hands|ability: Quark Drive\n|-start|p2b: Iron Hands|quarkdriveatk\n|turn|3\n|\n|t:|1767841094\n|switch|p1b: Furret|Furret, L50, F|100/100\n|-item|p2a: Miraidon|Choice Specs|[from] ability: Frisk|[of] p1b: Furret\n|-item|p2b: Iron Hands|Assault Vest|[from] ability: Frisk|[of] p1b: Furret\n|move|p1a: Zamazenta|Protect|p1a: Zamazenta\n|-singleturn|p1a: Zamazenta|Protect\n|move|p2a: Miraidon|Electro Drift|p1a: Zamazenta\n|-activate|p1a: Zamazenta|move: Protect\n|move|p2b: Iron Hands|Wild Charge|p1b: Furret\n|-damage|p1b: Furret|2/100\n|-damage|p2b: Iron Hands|83/100|[from] Recoil\n|\n|upkeep\n|turn|4\n|\n|t:|1767841113\n|move|p1b: Furret|Follow Me|p1b: Furret\n|-singleturn|p1b: Furret|move: Follow Me\n|move|p2a: Miraidon|Electro Drift|p1b: Furret\n|-damage|p1b: Furret|0 fnt\n|faint|p1b: Furret\n|move|p1a: Zamazenta|Body Press|p2a: Miraidon\n|-damage|p2a: Miraidon|25/100\n|move|p2b: Iron Hands|Low Kick|p1a: Zamazenta\n|-supereffective|p1a: Zamazenta\n|-damage|p1a: Zamazenta|0 fnt\n|faint|p1a: Zamazenta\n|\n|upkeep\n|\n|t:|1767841125\n|switch|p1a: Calyrex|Calyrex-Shadow, L50|100/100\n|switch|p1b: Rillaboom|Rillaboom, L50, M|91/100\n|-ability|p1a: Calyrex|As One\n|-ability|p1a: Calyrex|Unnerve\n|-fieldstart|move: Grassy Terrain|[from] ability: Grassy Surge|[of] p1b: Rillaboom\n|-end|p2b: Iron Hands|Quark Drive\n|turn|5\n|\n|t:|1767841137\n|switch|p2a: Whimsicott|Whimsicott, L50, F|100/100\n|move|p1b: Rillaboom|Fake Out|p2a: Whimsicott\n|-damage|p2a: Whimsicott|86/100\n|move|p1a: Calyrex|Astral Barrage|p2b: Iron Hands|[spread] p2a,p2b\n|-damage|p2a: Whimsicott|5/100\n|-damage|p2b: Iron Hands|47/100\n|-damage|p1a: Calyrex|91/100|[from] item: Life Orb\n|move|p2b: Iron Hands|Wild Charge|p1a: Calyrex\n|-damage|p1a: Calyrex|30/100\n|-damage|p2b: Iron Hands|35/100|[from] Recoil\n|\n|-heal|p1a: Calyrex|36/100|[from] Grassy Terrain\n|-heal|p2a: Whimsicott|11/100|[from] Grassy Terrain\n|-heal|p1b: Rillaboom|97/100|[from] Grassy Terrain\n|-heal|p2b: Iron Hands|41/100|[from] Grassy Terrain\n|upkeep\n|turn|6\n|\n|t:|1767841190\n|move|p2a: Whimsicott|Tailwind|p2a: Whimsicott\n|-sidestart|p2: gshh10|move: Tailwind\n|move|p1a: Calyrex|Astral Barrage|p2a: Whimsicott|[spread] p2a,p2b\n|-damage|p2a: Whimsicott|0 fnt\n|-damage|p2b: Iron Hands|8/100\n|faint|p2a: Whimsicott\n|-ability|p1a: Calyrex|Grim Neigh|boost\n|-boost|p1a: Calyrex|spa|1\n|-damage|p1a: Calyrex|26/100|[from] item: Life Orb\n|move|p1b: Rillaboom|Wood Hammer|p2b: Iron Hands\n|-damage|p2b: Iron Hands|0 fnt\n|faint|p2b: Iron Hands\n|-end|p2b: Iron Hands|Quark Drive|[silent]\n|-damage|p1b: Rillaboom|94/100|[from] Recoil\n|\n|-heal|p1a: Calyrex|32/100|[from] Grassy Terrain\n|-heal|p1b: Rillaboom|99/100|[from] Grassy Terrain\n|upkeep\n|\n|t:|1767841198\n|switch|p2b: Miraidon|Miraidon, L50|25/100\n|-fieldstart|move: Electric Terrain|[from] ability: Hadron Engine|[of] p2b: Miraidon\n|turn|7\n|inactive|Battle timer is ON: inactive players will automatically lose when time's up. (requested by gshh10)\n|\n|t:|1767841252\n|-terastallize|p2b: Miraidon|Fairy\n|move|p2b: Miraidon|Dazzling Gleam|p1b: Rillaboom|[spread] p1a,p1b\n|-damage|p1a: Calyrex|0 fnt\n|-damage|p1b: Rillaboom|60/100\n|faint|p1a: Calyrex\n|move|p1b: Rillaboom|Wood Hammer|p2b: Miraidon\n|-damage|p2b: Miraidon|0 fnt\n|faint|p2b: Miraidon\n|-damage|p1b: Rillaboom|52/100|[from] Recoil\n|\n|win|Cello L.\n|raw|Cello L.'s rating: 1223 &rarr; <strong>1250</strong><br />(+27 for winning)\n|raw|gshh10's rating: 1254 &rarr; <strong>1227</strong><br />(-27 for losing)\n|l|\u2606Cello L.\n|player|p1|\n|l|\u2606gshh10\n|player|p2|\n","uploadtime":1767841418,"views":12,"formatid":"gen9vgc2026regi","rating":1227,"private":0,"password":null}