{"id":"gen9vgc2026regi-2518685279","format":"[Gen 9] VGC 2026 Reg I","players":["curfy27","kojimuranishi"],"log":"|j|\u2606curfy27\n|j|\u2606kojimuranishi\n|t:|1768416255\n|gametype|doubles\n|player|p1|curfy27|265|1371\n|player|p2|kojimuranishi|1|1574\n|gen|9\n|tier|[Gen 9] VGC 2026 Reg I\n|rated|\n|rule|Species Clause: Limit one of each Pok\u00e9mon\n|rule|Item Clause: Limit 1 of each item\n|clearpoke\n|poke|p1|Zacian-*, L50|\n|poke|p1|Lunala, L50|\n|poke|p1|Umbreon, L50, M|\n|poke|p1|Urshifu-*, L50, F|\n|poke|p1|Rillaboom, L50, F|\n|poke|p1|Thundurus, L50, M|\n|poke|p2|Whimsicott, L50, F|\n|poke|p2|Calyrex-Ice, L50|\n|poke|p2|Miraidon, L50|\n|poke|p2|Chi-Yu, L50|\n|poke|p2|Landorus, L50, M|\n|poke|p2|Ogerpon-Cornerstone, L50, F|\n|teampreview|4\n|inactive|Battle timer is ON: inactive players will automatically lose when time's up. (requested by kojimuranishi)\n|\n|t:|1768416281\n|teamsize|p1|4\n|teamsize|p2|4\n|start\n|switch|p1a: Thundurus|Thundurus, L50, M|100/100\n|switch|p1b: Urshifu|Urshifu-Rapid-Strike, L50, F|100/100\n|switch|p2a: Whimsicott|Whimsicott, L50, F|100/100\n|switch|p2b: Landorus|Landorus, L50, M|100/100\n|turn|1\n|inactive|kojimuranishi has 30 seconds left.\n|\n|t:|1768416315\n|switch|p2b: Miraidon|Miraidon, L50|100/100\n|-fieldstart|move: Electric Terrain|[from] ability: Hadron Engine|[of] p2b: Miraidon\n|move|p1a: Thundurus|Eerie Impulse|p2b: Miraidon\n|-unboost|p2b: Miraidon|spa|2\n|move|p1b: Urshifu|Surging Strikes|p2b: Miraidon\n|-resisted|p2b: Miraidon\n|-crit|p2b: Miraidon\n|-damage|p2b: Miraidon|89/100\n|-resisted|p2b: Miraidon\n|-crit|p2b: Miraidon\n|-damage|p2b: Miraidon|77/100\n|-resisted|p2b: Miraidon\n|-crit|p2b: Miraidon\n|-damage|p2b: Miraidon|67/100\n|-hitcount|p2b: Miraidon|3\n|move|p2a: Whimsicott|Moonblast|p1b: Urshifu\n|-supereffective|p1b: Urshifu\n|-damage|p1b: Urshifu|0 fnt\n|faint|p1b: Urshifu\n|\n|upkeep\n|\n|t:|1768416335\n|switch|p1b: Zacian|Zacian-Crowned, L50|100/100\n|-ability|p1b: Zacian|Intrepid Sword|boost\n|-boost|p1b: Zacian|atk|1\n|turn|2\n|j| shihevlpsu9\n|inactive|kojimuranishi has 30 seconds left.\n|l| shihevlpsu9\n|\n|t:|1768416370\n|-terastallize|p2b: Miraidon|Electric\n|move|p1a: Thundurus|Scary Face|p2b: Miraidon\n|-unboost|p2b: Miraidon|spe|2\n|move|p1b: Zacian|Play Rough|p2b: Miraidon\n|-damage|p2b: Miraidon|0 fnt\n|faint|p2b: Miraidon\n|move|p2a: Whimsicott|Moonblast|p1a: Thundurus\n|-damage|p1a: Thundurus|55/100\n|\n|upkeep\n|\n|t:|1768416384\n|switch|p2b: Chi-Yu|Chi-Yu, L50|100/100\n|-ability|p2b: Chi-Yu|Beads of Ruin\n|turn|3\n|\n|t:|1768416397\n|-terastallize|p1b: Zacian|Fairy\n|move|p2a: Whimsicott|Tailwind|p2a: Whimsicott\n|-sidestart|p2: kojimuranishi|move: Tailwind\n|move|p1a: Thundurus|Rain Dance|p1a: Thundurus\n|-weather|RainDance\n|move|p2b: Chi-Yu|Heat Wave|p1a: Thundurus|[spread] p1a,p1b\n|-damage|p1a: Thundurus|3/100\n|-damage|p1b: Zacian|65/100\n|move|p1b: Zacian|Play Rough|p2b: Chi-Yu\n|-damage|p2b: Chi-Yu|0 fnt\n|faint|p2b: Chi-Yu\n|\n|-weather|RainDance|[upkeep]\n|upkeep\n|\n|t:|1768416412\n|switch|p2b: Landorus|Landorus, L50, M|100/100\n|turn|4\n|\n|t:|1768416426\n|move|p2b: Landorus|Protect|p2b: Landorus\n|-singleturn|p2b: Landorus|Protect\n|move|p2a: Whimsicott|Encore|p1a: Thundurus\n|-start|p1a: Thundurus|Encore\n|move|p1a: Thundurus|Rain Dance||[still]\n|-fail|p1a: Thundurus\n|move|p1b: Zacian|Behemoth Blade|p2a: Whimsicott\n|-supereffective|p2a: Whimsicott\n|-enditem|p2a: Whimsicott|Focus Sash\n|-damage|p2a: Whimsicott|1/100\n|\n|-weather|RainDance|[upkeep]\n|upkeep\n|turn|5\n|\n|t:|1768416442\n|switch|p1a: Lunala|Lunala, L50|100/100\n|move|p1b: Zacian|Protect|p1b: Zacian\n|-singleturn|p1b: Zacian|Protect\n|move|p2a: Whimsicott|Moonblast|p1b: Zacian\n|-activate|p1b: Zacian|move: Protect\n|move|p2b: Landorus|Sludge Bomb|p1b: Zacian\n|-activate|p1b: Zacian|move: Protect\n|\n|-weather|RainDance|[upkeep]\n|-fieldend|move: Electric Terrain\n|upkeep\n|turn|6\n|\n|t:|1768416457\n|switch|p1b: Thundurus|Thundurus, L50, M|3/100\n|move|p2a: Whimsicott|Encore||[still]\n|-fail|p2a: Whimsicott\n|move|p2b: Landorus|Sandsear Storm|p1b: Thundurus|[spread] p1a\n|-immune|p1b: Thundurus\n|-damage|p1a: Lunala|75/100\n|move|p1a: Lunala|Moongeist Beam|p2a: Whimsicott\n|-damage|p2a: Whimsicott|0 fnt\n|faint|p2a: Whimsicott\n|\n|-weather|RainDance|[upkeep]\n|-sideend|p2: kojimuranishi|move: Tailwind\n|upkeep\n|turn|7\n|\n|t:|1768416476\n|move|p1b: Thundurus|Scary Face|p2b: Landorus\n|-unboost|p2b: Landorus|spe|2\n|move|p1a: Lunala|Meteor Beam||[still]\n|-prepare|p1a: Lunala|Meteor Beam\n|-boost|p1a: Lunala|spa|1\n|-enditem|p1a: Lunala|Power Herb\n|-anim|p1a: Lunala|Meteor Beam|p2b: Landorus\n|-damage|p2b: Landorus|19/100\n|move|p2b: Landorus|Earth Power|p1a: Lunala\n|-crit|p1a: Lunala\n|-damage|p1a: Lunala|0 fnt\n|faint|p1a: Lunala\n|\n|-weather|none\n|upkeep\n|\n|t:|1768416488\n|switch|p1a: Zacian|Zacian-Crowned, L50, tera:Fairy|65/100\n|turn|8\n|\n|t:|1768416496\n|move|p1b: Thundurus|Eerie Impulse|p2b: Landorus\n|-unboost|p2b: Landorus|spa|2\n|move|p1a: Zacian|Behemoth Blade|p2b: Landorus\n|-damage|p2b: Landorus|0 fnt\n|faint|p2b: Landorus\n|\n|win|curfy27\n|raw|curfy27's rating: 1371 &rarr; <strong>1402</strong><br />(+31 for winning)\n|raw|kojimuranishi's rating: 1574 &rarr; <strong>1543</strong><br />(-31 for losing)\n|l|\u2606curfy27\n|player|p1|\n|l|\u2606kojimuranishi\n|player|p2|\n","uploadtime":1768416720,"views":8,"formatid":"gen9vgc2026regi","rating":1402,"private":0,"password":null}