{"id":"gen9vgc2026regi-2565325575","format":"[Gen 9] VGC 2026 Reg I","players":["Jonen","Erseo05"],"log":"|j|\u2606Jonen\n|j|\u2606Erseo05\n|t:|1774263321\n|gametype|doubles\n|player|p1|Jonen|medium|1462\n|player|p2|Erseo05|lucas|1480\n|gen|9\n|tier|[Gen 9] VGC 2026 Reg I\n|rated|\n|rule|Species Clause: Limit one of each Pok\u00e9mon\n|rule|Item Clause: Limit 1 of each item\n|clearpoke\n|poke|p1|Groudon, L50|\n|poke|p1|Lunala, L50|\n|poke|p1|Sableye, L50, F|\n|poke|p1|Chi-Yu, L50|\n|poke|p1|Rillaboom, L50, M|\n|poke|p1|Jumpluff, L50, F|\n|poke|p2|Lunala, L50|\n|poke|p2|Indeedee-F, L50, F|\n|poke|p2|Calyrex-Ice, L50|\n|poke|p2|Raging Bolt, L50|\n|poke|p2|Brute Bonnet, L50|\n|poke|p2|Torkoal, L50, F|\n|teampreview|4\nErseo05 rejected open team sheets.\n|\n|t:|1774263356\n|teamsize|p1|4\n|teamsize|p2|4\n|start\n|switch|p1a: Lunala|Lunala, L50|100/100\n|switch|p1b: Sableye|Sableye, L50, F|100/100\n|switch|p2a: Indeedee|Indeedee-F, L50, F|100/100\n|switch|p2b: Calyrex|Calyrex-Ice, L50|100/100\n|-ability|p2b: Calyrex|As One\n|-ability|p2b: Calyrex|Unnerve\n|-fieldstart|move: Psychic Terrain|[from] ability: Psychic Surge|[of] p2a: Indeedee\n|turn|1\n|\n|t:|1774263395\n|move|p2a: Indeedee|Follow Me|p2a: Indeedee\n|-singleturn|p2a: Indeedee|move: Follow Me\n|move|p1b: Sableye|Gravity|p1b: Sableye\n|-fieldstart|move: Gravity\n|move|p1a: Lunala|Hypnosis|p2a: Indeedee\n|-status|p2a: Indeedee|slp|[from] move: Hypnosis\n|move|p2b: Calyrex|Trick Room|p2b: Calyrex\n|-fieldstart|move: Trick Room|[of] p2b: Calyrex\n|\n|upkeep\n|turn|2\n|\n|t:|1774263415\n|switch|p2a: Torkoal|Torkoal, L50, F|100/100\n|-weather|SunnyDay|[from] ability: Drought|[of] p2a: Torkoal\n|move|p2b: Calyrex|Glacial Lance|p1a: Lunala|[spread] p1a,p1b\n|-damage|p1a: Lunala|70/100\n|-damage|p1b: Sableye|43/100\n|move|p1b: Sableye|Foul Play|p2b: Calyrex\n|-supereffective|p2b: Calyrex\n|-damage|p2b: Calyrex|18/100\n|move|p1a: Lunala|Hypnosis|p2b: Calyrex\n|-status|p2b: Calyrex|slp|[from] move: Hypnosis\n|\n|-weather|SunnyDay|[upkeep]\n|upkeep\n|turn|3\n|inactive|Battle timer is ON: inactive players will automatically lose when time's up. (requested by Erseo05)\n|\n|t:|1774263448\n|-terastallize|p2a: Torkoal|Fire\n|move|p1a: Lunala|Protect|p1a: Lunala\n|-singleturn|p1a: Lunala|Protect\n|move|p2a: Torkoal|Weather Ball|p1a: Lunala\n|-activate|p1a: Lunala|move: Protect\n|cant|p2b: Calyrex|slp\n|move|p1b: Sableye|Foul Play|p2b: Calyrex\n|-supereffective|p2b: Calyrex\n|-damage|p2b: Calyrex|0 fnt\n|faint|p2b: Calyrex\n|\n|-weather|SunnyDay|[upkeep]\n|upkeep\n|\n|t:|1774263458\n|switch|p2b: Lunala|Lunala, L50|100/100\n|turn|4\n|\n|t:|1774263468\n|switch|p1a: Rillaboom|Rillaboom, L50, M|100/100\n|-fieldstart|move: Grassy Terrain|[from] ability: Grassy Surge|[of] p1a: Rillaboom\n|move|p1b: Sableye|Disable|p2a: Torkoal\n|-start|p2a: Torkoal|Disable|Weather Ball\n|move|p2a: Torkoal|Eruption|p1b: Sableye|[spread] p1a,p1b\n|-supereffective|p1a: Rillaboom\n|-damage|p1a: Rillaboom|0 fnt\n|-damage|p1b: Sableye|0 fnt\n|faint|p1a: Rillaboom\n|faint|p1b: Sableye\n|move|p2b: Lunala|Moonblast|p1: Rillaboom|[notarget]\n|-fail|p2b: Lunala\n|\n|-weather|SunnyDay|[upkeep]\n|upkeep\n|\n|t:|1774263476\n|switch|p1b: Lunala|Lunala, L50|70/100\n|switch|p1a: Groudon|Groudon, L50|100/100\n|turn|5\n|\n|t:|1774263499\n|-terastallize|p1a: Groudon|Fire\n|move|p1b: Lunala|Protect|p1b: Lunala\n|-singleturn|p1b: Lunala|Protect\n|move|p2b: Lunala|Wide Guard|p2b: Lunala\n|-singleturn|p2b: Lunala|Wide Guard\n|move|p2a: Torkoal|Eruption|p1a: Groudon|[spread] p1a\n|-activate|p1b: Lunala|move: Protect\n|-resisted|p1a: Groudon\n|-damage|p1a: Groudon|35/100\n|move|p1a: Groudon|Precipice Blades|p2b: Lunala|[spread] \n|-activate|p2a: Torkoal|move: Wide Guard\n|-activate|p2b: Lunala|move: Wide Guard\n|\n|-weather|SunnyDay|[upkeep]\n|-heal|p1a: Groudon|40/100|[from] Grassy Terrain\n|-heal|p1b: Lunala|76/100|[from] Grassy Terrain\n|-fieldend|move: Trick Room\n|-fieldend|move: Gravity\n|upkeep\n|turn|6\n|\n|t:|1774263522\n|move|p1b: Lunala|Meteor Beam||[still]\n|-prepare|p1b: Lunala|Meteor Beam\n|-boost|p1b: Lunala|spa|1\n|-enditem|p1b: Lunala|Power Herb\n|-anim|p1b: Lunala|Meteor Beam|p2a: Torkoal\n|-supereffective|p2a: Torkoal\n|-damage|p2a: Torkoal|0 fnt\n|faint|p2a: Torkoal\n|move|p1a: Groudon|Heat Crash|p2b: Lunala\n|-damage|p2b: Lunala|45/100\n|-damage|p1a: Groudon|31/100|[from] item: Life Orb\n|move|p2b: Lunala|Trick Room|p2b: Lunala\n|-fieldstart|move: Trick Room|[of] p2b: Lunala\n|\n|-weather|none\n|-heal|p2b: Lunala|51/100|[from] Grassy Terrain\n|-heal|p2b: Lunala|57/100|[from] item: Leftovers\n|-heal|p1a: Groudon|36/100|[from] Grassy Terrain\n|-heal|p1b: Lunala|82/100|[from] Grassy Terrain\n|upkeep\n|\n|t:|1774263533\n|switch|p2a: Indeedee|Indeedee-F, L50, F|100/100 slp\n|-fieldstart|move: Psychic Terrain|[from] ability: Psychic Surge|[of] p2a: Indeedee\n|turn|7\n|\n|t:|1774263541\n|cant|p2a: Indeedee|slp\n|move|p2b: Lunala|Expanding Force|p1a: Groudon|[spread] p1a,p1b\n|-resisted|p1b: Lunala\n|-damage|p1a: Groudon|0 fnt\n|-damage|p1b: Lunala|57/100\n|faint|p1a: Groudon\n|move|p1b: Lunala|Moongeist Beam|p2b: Lunala\n|-supereffective|p2b: Lunala\n|-damage|p2b: Lunala|0 fnt\n|faint|p2b: Lunala\n|\n|upkeep\n|turn|8\n|\n|t:|1774263550\n|cant|p2a: Indeedee|slp\n|move|p1b: Lunala|Meteor Beam||[still]\n|-prepare|p1b: Lunala|Meteor Beam\n|-boost|p1b: Lunala|spa|1\n|\n|upkeep\n|turn|9\n|\n|t:|1774263553\n|-curestatus|p2a: Indeedee|slp|[msg]\n|move|p2a: Indeedee|Psychic|p1b: Lunala\n|-resisted|p1b: Lunala\n|-damage|p1b: Lunala|40/100\n|move|p1b: Lunala|Meteor Beam|p2a: Indeedee|[from] lockedmove\n|-damage|p2a: Indeedee|23/100\n|\n|upkeep\n|turn|10\n|\n|t:|1774263566\n|move|p2a: Indeedee|Psychic|p1b: Lunala\n|-resisted|p1b: Lunala\n|-damage|p1b: Lunala|25/100\n|move|p1b: Lunala|Meteor Beam||[still]\n|-prepare|p1b: Lunala|Meteor Beam\n|-boost|p1b: Lunala|spa|1\n|\n|-fieldend|move: Trick Room\n|upkeep\n|turn|11\n|\n|t:|1774263573\n|move|p1b: Lunala|Meteor Beam|p2a: Indeedee|[from] lockedmove\n|-damage|p2a: Indeedee|0 fnt\n|faint|p2a: Indeedee\n|\n|win|Jonen\n|raw|Jonen's rating: 1462 &rarr; <strong>1483</strong><br />(+21 for winning)\n|raw|Erseo05's rating: 1480 &rarr; <strong>1459</strong><br />(-21 for losing)\n|c|\u2606Jonen|gg\n|l|\u2606Jonen\n|player|p1|\n|l|\u2606Erseo05\n|player|p2|\n","uploadtime":1774263573,"views":11,"formatid":"gen9vgc2026regi","rating":1459,"private":0,"password":null}