{"id":"gen9vgc2026regi-2565303996","format":"[Gen 9] VGC 2026 Reg I","players":["VJ2511","Iserjiano"],"log":"|j|\u2606VJ2511\n|j|\u2606Iserjiano\n|t:|1774260346\n|gametype|doubles\n|player|p1|VJ2511|1|1497\n|player|p2|Iserjiano|silver|1431\n|gen|9\n|tier|[Gen 9] VGC 2026 Reg I\n|rated|\n|rule|Species Clause: Limit one of each Pok\u00e9mon\n|rule|Item Clause: Limit 1 of each item\n|clearpoke\n|poke|p1|Calyrex-Shadow, L50|\n|poke|p1|Zamazenta-*, L50|\n|poke|p1|Chien-Pao, L50|\n|poke|p1|Dragonite, L50, M|\n|poke|p1|Raging Bolt, L50|\n|poke|p1|Amoonguss, L50, M|\n|poke|p2|Sableye, L50, M|\n|poke|p2|Yanmega, L50, M|\n|poke|p2|Groudon, L50|\n|poke|p2|Indeedee-F, L50, F|\n|poke|p2|Calyrex-Ice, L50|\n|poke|p2|Ursaluna-Bloodmoon, L50, M|\n|teampreview|4\n|inactive|Battle timer is ON: inactive players will automatically lose when time's up. (requested by Iserjiano)\n|\n|t:|1774260358\n|teamsize|p1|4\n|teamsize|p2|4\n|start\n|switch|p1a: Zamazenta|Zamazenta-Crowned, L50|100/100\n|switch|p1b: Chien-Pao|Chien-Pao, L50|100/100\n|switch|p2a: Sableye|Sableye, L50, M|100/100\n|switch|p2b: Yanmega|Yanmega, L50, M|100/100\n|-ability|p1b: Chien-Pao|Sword of Ruin\n|-ability|p1a: Zamazenta|Dauntless Shield|boost\n|-boost|p1a: Zamazenta|def|1\n|turn|1\n|\n|t:|1774260370\n|move|p2a: Sableye|Gravity|p2a: Sableye\n|-fieldstart|move: Gravity\n|move|p1b: Chien-Pao|Ice Spinner|p2b: Yanmega\n|-supereffective|p2b: Yanmega\n|-enditem|p2b: Yanmega|Focus Sash\n|-damage|p2b: Yanmega|1/100\n|move|p2b: Yanmega|Hypnosis|p1a: Zamazenta\n|-status|p1a: Zamazenta|slp|[from] move: Hypnosis\n|cant|p1a: Zamazenta|slp\n|\n|-ability|p2b: Yanmega|Speed Boost|boost\n|-boost|p2b: Yanmega|spe|1\n|upkeep\n|turn|2\n|\n|t:|1774260383\n|switch|p2a: Groudon|Groudon, L50|100/100\n|-weather|SunnyDay|[from] ability: Drought|[of] p2a: Groudon\n|move|p2b: Yanmega|Hypnosis|p1b: Chien-Pao\n|-status|p1b: Chien-Pao|slp|[from] move: Hypnosis\n|cant|p1b: Chien-Pao|slp\n|cant|p1a: Zamazenta|slp\n|\n|-weather|SunnyDay|[upkeep]\n|-ability|p2b: Yanmega|Speed Boost|boost\n|-boost|p2b: Yanmega|spe|1\n|upkeep\n|turn|3\n|\n|t:|1774260400\n|-terastallize|p1a: Zamazenta|Dragon\n|-terastallize|p2a: Groudon|Ground\n|cant|p1b: Chien-Pao|slp\n|move|p2b: Yanmega|Air Slash|p1a: Zamazenta\n|-damage|p1a: Zamazenta|76/100 slp\n|cant|p1a: Zamazenta|slp\n|move|p2a: Groudon|Precipice Blades|p1b: Chien-Pao|[spread] p1a,p1b\n|-damage|p1a: Zamazenta|26/100 slp\n|-damage|p1b: Chien-Pao|0 fnt\n|faint|p1b: Chien-Pao\n|\n|-weather|SunnyDay|[upkeep]\n|-ability|p2b: Yanmega|Speed Boost|boost\n|-boost|p2b: Yanmega|spe|1\n|upkeep\n|\n|t:|1774260417\n|switch|p1b: Calyrex|Calyrex-Shadow, L50|100/100\n|-ability|p1b: Calyrex|As One\n|-ability|p1b: Calyrex|Unnerve\n|turn|4\n|\n|t:|1774260425\n|switch|p2a: Ursaluna|Ursaluna-Bloodmoon, L50, M|100/100\n|move|p1b: Calyrex|Protect|p1b: Calyrex\n|-singleturn|p1b: Calyrex|Protect\n|-curestatus|p1a: Zamazenta|slp|[msg]\n|move|p1a: Zamazenta|Wide Guard|p1a: Zamazenta\n|-singleturn|p1a: Zamazenta|Wide Guard\n|move|p2b: Yanmega|Tailwind|p2b: Yanmega\n|-sidestart|p2: Iserjiano|move: Tailwind\n|\n|-weather|SunnyDay|[upkeep]\n|-ability|p2b: Yanmega|Speed Boost|boost\n|-boost|p2b: Yanmega|spe|1\n|upkeep\n|turn|5\n|inactive|Iserjiano has 30 seconds left.\n|\n|t:|1774260458\n|move|p2b: Yanmega|Hypnosis|p1a: Zamazenta\n|-status|p1a: Zamazenta|slp|[from] move: Hypnosis\n|move|p1b: Calyrex|Psychic|p2b: Yanmega\n|-damage|p2b: Yanmega|0 fnt\n|faint|p2b: Yanmega\n|-ability|p1b: Calyrex|Grim Neigh|boost\n|-boost|p1b: Calyrex|spa|1\n|cant|p1a: Zamazenta|slp\n|move|p2a: Ursaluna|Blood Moon|p1b: Calyrex\n|-enditem|p1b: Calyrex|Focus Sash\n|-damage|p1b: Calyrex|1/100\n|-damage|p2a: Ursaluna|90/100|[from] item: Life Orb\n|\n|-weather|SunnyDay|[upkeep]\n|-fieldend|move: Gravity\n|upkeep\n|\n|t:|1774260474\n|switch|p2b: Sableye|Sableye, L50, M|100/100\n|turn|6\n|\n|t:|1774260481\n|move|p2a: Ursaluna|Vacuum Wave|p1b: Calyrex\n|-resisted|p1b: Calyrex\n|-damage|p1b: Calyrex|0 fnt\n|faint|p1b: Calyrex\n|-damage|p2a: Ursaluna|80/100|[from] item: Life Orb\n|move|p2b: Sableye|Light Screen|p2b: Sableye\n|-sidestart|p2: Iserjiano|move: Light Screen\n|-curestatus|p1a: Zamazenta|slp|[msg]\n|move|p1a: Zamazenta|Heavy Slam|p2b: Sableye\n|-damage|p2b: Sableye|34/100\n|-enditem|p2b: Sableye|Eject Button\n|\n|t:|1774260505\n|switch|p2b: Groudon|Groudon, L50, tera:Ground|100/100\n|\n|-weather|none\n|upkeep\n|\n|t:|1774260516\n|switch|p1b: Amoonguss|Amoonguss, L50, M|100/100\n|turn|7\n|\n|t:|1774260539\n|move|p1a: Zamazenta|Protect|p1a: Zamazenta\n|-singleturn|p1a: Zamazenta|Protect\n|move|p1b: Amoonguss|Protect|p1b: Amoonguss\n|-singleturn|p1b: Amoonguss|Protect\n|move|p2b: Groudon|Precipice Blades|p1a: Zamazenta|[spread] \n|-activate|p1a: Zamazenta|move: Protect\n|-activate|p1b: Amoonguss|move: Protect\n|move|p2a: Ursaluna|Blood Moon|p1b: Amoonguss\n|-activate|p1b: Amoonguss|move: Protect\n|\n|-sideend|p2: Iserjiano|move: Tailwind\n|upkeep\n|turn|8\n|\n|t:|1774260558\n|move|p1a: Zamazenta|Body Press|p2a: Ursaluna\n|-supereffective|p2a: Ursaluna\n|-damage|p2a: Ursaluna|0 fnt\n|faint|p2a: Ursaluna\n|move|p2b: Groudon|Precipice Blades|p1a: Zamazenta|[spread] p1a,p1b\n|-crit|p1b: Amoonguss\n|-damage|p1a: Zamazenta|0 fnt\n|-damage|p1b: Amoonguss|0 fnt\n|faint|p1a: Zamazenta\n|faint|p1b: Amoonguss\n|\n|win|Iserjiano\n|raw|VJ2511's rating: 1497 &rarr; <strong>1473</strong><br />(-24 for losing)\n|raw|Iserjiano's rating: 1431 &rarr; <strong>1455</strong><br />(+24 for winning)\n|l|\u2606VJ2511\n|player|p1|\n|l|\u2606Iserjiano\n|player|p2|\n","uploadtime":1774260762,"views":12,"formatid":"gen9vgc2026regi","rating":1455,"private":0,"password":null}