{"id":"gen9vgc2026regi-2513849681","format":"[Gen 9] VGC 2026 Reg I","players":["alxback","dasabe\u76d6\u6b27\u5361\u4fa0"],"log":"|j|\u203dalxback\n|j|\u2606dasabe\u76d6\u6b27\u5361\u4fa0\n|t:|1767792242\n|gametype|doubles\n|player|p1|alxback|swimmer|1235\n|player|p2|dasabe\u76d6\u6b27\u5361\u4fa0|may-masters4|1397\n|gen|9\n|tier|[Gen 9] VGC 2026 Reg I\n|rated|\n|rule|Species Clause: Limit one of each Pok\u00e9mon\n|rule|Item Clause: Limit 1 of each item\n|clearpoke\n|poke|p1|Incineroar, L50, M|\n|poke|p1|Calyrex-Shadow, L50|\n|poke|p1|Miraidon, L50|\n|poke|p1|Grimmsnarl, L50, M|\n|poke|p1|Wo-Chien, L50|\n|poke|p1|Pachirisu, L50, F|\n|poke|p2|Calyrex-Ice, L50|\n|poke|p2|Kyogre, L50|\n|poke|p2|Smeargle, L50, M|\n|poke|p2|Rillaboom, L50, F|\n|poke|p2|Urshifu-*, L50, M|\n|poke|p2|Landorus, L50, M|\n|teampreview|4\n|inactive|Battle timer is ON: inactive players will automatically lose when time's up. (requested by alxback)\n|\n|t:|1767792258\n|teamsize|p1|4\n|teamsize|p2|4\n|start\n|switch|p1a: Grimmsnarl|Grimmsnarl, L50, M|100/100\n|switch|p1b: Miraidon|Miraidon, L50|100/100\n|switch|p2a: \u9e7f\u51a0\u738b|Calyrex-Ice, L50|100/100\n|switch|p2b: \u5c0f\u7b14\u7ea2\u80bf|Smeargle, L50, M, shiny|100/100\n|-ability|p2a: \u9e7f\u51a0\u738b|As One\n|-ability|p2a: \u9e7f\u51a0\u738b|Unnerve\n|-fieldstart|move: Electric Terrain|[from] ability: Hadron Engine|[of] p1b: Miraidon\n|turn|1\n|\n|t:|1767792273\n|-terastallize|p1b: Miraidon|Fairy\n|move|p2b: \u5c0f\u7b14\u7ea2\u80bf|Fake Out|p1a: Grimmsnarl\n|-damage|p1a: Grimmsnarl|96/100\n|cant|p1a: Grimmsnarl|flinch\n|move|p1b: Miraidon|Calm Mind|p1b: Miraidon\n|-boost|p1b: Miraidon|spa|1\n|-boost|p1b: Miraidon|spd|1\n|move|p2a: \u9e7f\u51a0\u738b|Glacial Lance|p1a: Grimmsnarl|[spread] p1a,p1b\n|-damage|p1a: Grimmsnarl|37/100\n|-damage|p1b: Miraidon|56/100\n|\n|-ability|p2b: \u5c0f\u7b14\u7ea2\u80bf|Moody|boost\n|-boost|p2b: \u5c0f\u7b14\u7ea2\u80bf|spa|2\n|-unboost|p2b: \u5c0f\u7b14\u7ea2\u80bf|atk|1\n|upkeep\n|turn|2\n|\n|t:|1767792288\n|switch|p2b: \u63e1\u8349\u733f|Rillaboom, L50, F|100/100\n|-fieldstart|move: Grassy Terrain|[from] ability: Grassy Surge|[of] p2b: \u63e1\u8349\u733f\n|move|p1a: Grimmsnarl|Reflect|p1a: Grimmsnarl\n|-sidestart|p1: alxback|Reflect\n|move|p1b: Miraidon|Parabolic Charge|p2a: \u9e7f\u51a0\u738b|[spread] p1a,p2a,p2b\n|-resisted|p2b: \u63e1\u8349\u733f\n|-damage|p1a: Grimmsnarl|4/100\n|-heal|p1b: Miraidon|72/100|[from] drain|[of] p1a: Grimmsnarl\n|-damage|p2a: \u9e7f\u51a0\u738b|79/100\n|-heal|p1b: Miraidon|83/100|[from] drain|[of] p2a: \u9e7f\u51a0\u738b\n|-damage|p2b: \u63e1\u8349\u733f|88/100\n|-heal|p1b: Miraidon|89/100|[from] drain|[of] p2b: \u63e1\u8349\u733f\n|move|p2a: \u9e7f\u51a0\u738b|Trick Room|p2a: \u9e7f\u51a0\u738b\n|-fieldstart|move: Trick Room|[of] p2a: \u9e7f\u51a0\u738b\n|\n|-heal|p2a: \u9e7f\u51a0\u738b|85/100|[from] Grassy Terrain\n|-heal|p2a: \u9e7f\u51a0\u738b|90/100|[from] item: Leftovers\n|-heal|p1a: Grimmsnarl|10/100|[from] Grassy Terrain\n|-heal|p2b: \u63e1\u8349\u733f|94/100|[from] Grassy Terrain\n|-heal|p1b: Miraidon|95/100|[from] Grassy Terrain\n|upkeep\n|turn|3\n|\n|t:|1767792306\n|move|p1a: Grimmsnarl|Parting Shot|p2a: \u9e7f\u51a0\u738b\n|-unboost|p2a: \u9e7f\u51a0\u738b|atk|1\n|-unboost|p2a: \u9e7f\u51a0\u738b|spa|1\n|\n|t:|1767792309\n|switch|p1a: Pachirisu|Pachirisu, L50, F|100/100|[from] Parting Shot\n|move|p2a: \u9e7f\u51a0\u738b|Glacial Lance|p1a: Pachirisu|[spread] p1a,p1b\n|-damage|p1a: Pachirisu|75/100\n|-damage|p1b: Miraidon|76/100\n|move|p2b: \u63e1\u8349\u733f|Wood Hammer|p1b: Miraidon\n|-damage|p1b: Miraidon|37/100\n|-damage|p2b: \u63e1\u8349\u733f|81/100|[from] Recoil\n|move|p1b: Miraidon|Parabolic Charge|p2b: \u63e1\u8349\u733f|[spread] p2a,p2b\n|-heal|p1a: Pachirisu|99/100|[from] ability: Volt Absorb|[of] p1b: Miraidon\n|-resisted|p2b: \u63e1\u8349\u733f\n|-damage|p2a: \u9e7f\u51a0\u738b|67/100\n|-heal|p1b: Miraidon|49/100|[from] drain|[of] p2a: \u9e7f\u51a0\u738b\n|-damage|p2b: \u63e1\u8349\u733f|68/100\n|-heal|p1b: Miraidon|56/100|[from] drain|[of] p2b: \u63e1\u8349\u733f\n|\n|-heal|p2a: \u9e7f\u51a0\u738b|73/100|[from] Grassy Terrain\n|-heal|p2a: \u9e7f\u51a0\u738b|79/100|[from] item: Leftovers\n|-heal|p2b: \u63e1\u8349\u733f|74/100|[from] Grassy Terrain\n|-heal|p1a: Pachirisu|100/100|[from] Grassy Terrain\n|-heal|p1b: Miraidon|61/100|[from] Grassy Terrain\n|upkeep\n|turn|4\n|\n|t:|1767792331\n|move|p1b: Miraidon|Protect|p1b: Miraidon\n|-singleturn|p1b: Miraidon|Protect\n|move|p2a: \u9e7f\u51a0\u738b|Leech Seed|p1b: Miraidon\n|-activate|p1b: Miraidon|move: Protect\n|move|p2b: \u63e1\u8349\u733f|Wood Hammer|p1b: Miraidon\n|-activate|p1b: Miraidon|move: Protect\n|move|p1a: Pachirisu|Nuzzle|p2a: \u9e7f\u51a0\u738b\n|-damage|p2a: \u9e7f\u51a0\u738b|76/100\n|-status|p2a: \u9e7f\u51a0\u738b|par\n|\n|-heal|p2a: \u9e7f\u51a0\u738b|82/100 par|[from] Grassy Terrain\n|-heal|p2a: \u9e7f\u51a0\u738b|87/100 par|[from] item: Leftovers\n|-heal|p2b: \u63e1\u8349\u733f|80/100|[from] Grassy Terrain\n|-heal|p1b: Miraidon|67/100|[from] Grassy Terrain\n|upkeep\n|turn|5\n|\n|t:|1767792348\n|move|p1a: Pachirisu|Follow Me|p1a: Pachirisu\n|-singleturn|p1a: Pachirisu|move: Follow Me\n|move|p2a: \u9e7f\u51a0\u738b|Leech Seed|p1a: Pachirisu\n|-start|p1a: Pachirisu|move: Leech Seed\n|move|p2b: \u63e1\u8349\u733f|Wood Hammer|p1a: Pachirisu\n|-damage|p1a: Pachirisu|51/100\n|-damage|p2b: \u63e1\u8349\u733f|63/100|[from] item: Rocky Helmet|[of] p1a: Pachirisu\n|-damage|p2b: \u63e1\u8349\u733f|50/100|[from] Recoil\n|move|p1b: Miraidon|Calm Mind|p1b: Miraidon\n|-boost|p1b: Miraidon|spa|1\n|-boost|p1b: Miraidon|spd|1\n|\n|-heal|p2a: \u9e7f\u51a0\u738b|93/100 par|[from] Grassy Terrain\n|-heal|p2a: \u9e7f\u51a0\u738b|99/100 par|[from] item: Leftovers\n|-heal|p2b: \u63e1\u8349\u733f|56/100|[from] Grassy Terrain\n|-heal|p1a: Pachirisu|57/100|[from] Grassy Terrain\n|-heal|p1b: Miraidon|73/100|[from] Grassy Terrain\n|-damage|p1a: Pachirisu|45/100|[from] Leech Seed|[of] p2a: \u9e7f\u51a0\u738b\n|-heal|p2a: \u9e7f\u51a0\u738b|100/100 par|[silent]\n|upkeep\n|turn|6\n|\n|t:|1767792372\n|move|p1a: Pachirisu|Follow Me|p1a: Pachirisu\n|-singleturn|p1a: Pachirisu|move: Follow Me\n|move|p2b: \u63e1\u8349\u733f|Grassy Glide|p1a: Pachirisu\n|-damage|p1a: Pachirisu|20/100\n|-damage|p2b: \u63e1\u8349\u733f|39/100|[from] item: Rocky Helmet|[of] p1a: Pachirisu\n|move|p2a: \u9e7f\u51a0\u738b|Glacial Lance|p1b: Miraidon|[spread] p1a,p1b\n|-crit|p1a: Pachirisu\n|-damage|p1a: Pachirisu|0 fnt\n|-damage|p1b: Miraidon|54/100\n|faint|p1a: Pachirisu\n|-ability|p2a: \u9e7f\u51a0\u738b|Chilling Neigh|boost\n|-boost|p2a: \u9e7f\u51a0\u738b|atk|1\n|move|p1b: Miraidon|Dragon Pulse|p2a: \u9e7f\u51a0\u738b\n|-damage|p2a: \u9e7f\u51a0\u738b|45/100 par\n|\n|-heal|p2a: \u9e7f\u51a0\u738b|51/100 par|[from] Grassy Terrain\n|-heal|p2a: \u9e7f\u51a0\u738b|57/100 par|[from] item: Leftovers\n|-heal|p2b: \u63e1\u8349\u733f|45/100|[from] Grassy Terrain\n|-heal|p1b: Miraidon|59/100|[from] Grassy Terrain\n|-fieldend|move: Trick Room\n|-fieldend|move: Grassy Terrain\n|upkeep\n|\n|t:|1767792381\n|switch|p1a: Calyrex|Calyrex-Shadow, L50|100/100\n|-ability|p1a: Calyrex|As One\n|-ability|p1a: Calyrex|Unnerve\n|turn|7\n|\n|t:|1767792397\n|move|p2a: \u9e7f\u51a0\u738b|Protect|p2a: \u9e7f\u51a0\u738b\n|-singleturn|p2a: \u9e7f\u51a0\u738b|Protect\n|move|p1a: Calyrex|Astral Barrage|p2a: \u9e7f\u51a0\u738b|[spread] p2b\n|-activate|p2a: \u9e7f\u51a0\u738b|move: Protect\n|-damage|p2b: \u63e1\u8349\u733f|11/100\n|move|p1b: Miraidon|Dragon Pulse|p2a: \u9e7f\u51a0\u738b\n|-activate|p2a: \u9e7f\u51a0\u738b|move: Protect\n|move|p2b: \u63e1\u8349\u733f|U-turn|p1b: Miraidon\n|-resisted|p1b: Miraidon\n|-damage|p1b: Miraidon|54/100\n|\n|t:|1767792402\n|switch|p2b: \u5c0f\u7b14\u7ea2\u80bf|Smeargle, L50, M, shiny|100/100|[from] U-turn\n|\n|-heal|p2a: \u9e7f\u51a0\u738b|63/100 par|[from] item: Leftovers\n|-ability|p2b: \u5c0f\u7b14\u7ea2\u80bf|Moody|boost\n|-boost|p2b: \u5c0f\u7b14\u7ea2\u80bf|spa|2\n|-unboost|p2b: \u5c0f\u7b14\u7ea2\u80bf|def|1\n|upkeep\n|turn|8\n|inactive|alxback has 30 seconds left.\n|\n|t:|1767792427\n|-terastallize|p2a: \u9e7f\u51a0\u738b|Fairy\n|move|p1a: Calyrex|Draining Kiss|p2b: \u5c0f\u7b14\u7ea2\u80bf\n|-damage|p2b: \u5c0f\u7b14\u7ea2\u80bf|63/100\n|move|p1b: Miraidon|Parabolic Charge|p2a: \u9e7f\u51a0\u738b|[spread] p1a,p2a,p2b\n|-damage|p1a: Calyrex|49/100\n|-heal|p1b: Miraidon|77/100|[from] drain|[of] p1a: Calyrex\n|-damage|p2a: \u9e7f\u51a0\u738b|29/100 par\n|-heal|p1b: Miraidon|94/100|[from] drain|[of] p2a: \u9e7f\u51a0\u738b\n|-damage|p2b: \u5c0f\u7b14\u7ea2\u80bf|0 fnt\n|-heal|p1b: Miraidon|100/100|[from] drain|[of] p2b: \u5c0f\u7b14\u7ea2\u80bf\n|faint|p2b: \u5c0f\u7b14\u7ea2\u80bf\n|cant|p2a: \u9e7f\u51a0\u738b|par\n|\n|-heal|p2a: \u9e7f\u51a0\u738b|35/100 par|[from] item: Leftovers\n|upkeep\n|\n|t:|1767792435\n|switch|p2b: \u63e1\u8349\u733f|Rillaboom, L50, F|11/100\n|-fieldstart|move: Grassy Terrain|[from] ability: Grassy Surge|[of] p2b: \u63e1\u8349\u733f\n|turn|9\n|\n|t:|1767792442\n|move|p1a: Calyrex|Protect|p1a: Calyrex\n|-singleturn|p1a: Calyrex|Protect\n|move|p2b: \u63e1\u8349\u733f|Fake Out|p1b: Miraidon\n|-damage|p1b: Miraidon|93/100\n|move|p1b: Miraidon|Parabolic Charge|p2a: \u9e7f\u51a0\u738b|[spread] p2a,p2b\n|-activate|p1a: Calyrex|move: Protect\n|-resisted|p2b: \u63e1\u8349\u733f\n|-damage|p2a: \u9e7f\u51a0\u738b|1/100 par\n|-heal|p1b: Miraidon|100/100|[from] drain|[of] p2a: \u9e7f\u51a0\u738b\n|-damage|p2b: \u63e1\u8349\u733f|0 fnt\n|faint|p2b: \u63e1\u8349\u733f\n|move|p2a: \u9e7f\u51a0\u738b|Trick Room|p2a: \u9e7f\u51a0\u738b\n|-fieldstart|move: Trick Room|[of] p2a: \u9e7f\u51a0\u738b\n|\n|-heal|p2a: \u9e7f\u51a0\u738b|7/100 par|[from] Grassy Terrain\n|-heal|p2a: \u9e7f\u51a0\u738b|13/100 par|[from] item: Leftovers\n|-heal|p1a: Calyrex|55/100|[from] Grassy Terrain\n|-sideend|p1: alxback|Reflect\n|upkeep\n|\n|t:|1767792447\n|switch|p2b: \u6210\u90fd\u8001\u76d6|Kyogre, L50|100/100\n|-weather|RainDance|[from] ability: Drizzle|[of] p2b: \u6210\u90fd\u8001\u76d6\n|turn|10\n|\n|t:|1767792466\n|move|p1a: Calyrex|Protect|p1a: Calyrex\n|-singleturn|p1a: Calyrex|Protect\n|cant|p2a: \u9e7f\u51a0\u738b|par\n|move|p2b: \u6210\u90fd\u8001\u76d6|Water Spout|p1a: Calyrex|[spread] p1b\n|-activate|p1a: Calyrex|move: Protect\n|-damage|p1b: Miraidon|45/100\n|move|p1b: Miraidon|Parabolic Charge|p2a: \u9e7f\u51a0\u738b|[spread] p2a,p2b\n|-activate|p1a: Calyrex|move: Protect\n|-supereffective|p2b: \u6210\u90fd\u8001\u76d6\n|-damage|p2a: \u9e7f\u51a0\u738b|0 fnt\n|-heal|p1b: Miraidon|51/100|[from] drain|[of] p2a: \u9e7f\u51a0\u738b\n|-damage|p2b: \u6210\u90fd\u8001\u76d6|12/100\n|-heal|p1b: Miraidon|89/100|[from] drain|[of] p2b: \u6210\u90fd\u8001\u76d6\n|faint|p2a: \u9e7f\u51a0\u738b\n|\n|-weather|RainDance|[upkeep]\n|-heal|p2b: \u6210\u90fd\u8001\u76d6|18/100|[from] Grassy Terrain\n|-heal|p1b: Miraidon|95/100|[from] Grassy Terrain\n|-heal|p1a: Calyrex|61/100|[from] Grassy Terrain\n|upkeep\n|turn|11\n|-message|dasabe\u76d6\u6b27\u5361\u4fa0 forfeited.\n|\n|win|alxback\n|raw|alxback's rating: 1235 &rarr; <strong>1271</strong><br />(+36 for winning)\n|raw|dasabe\u76d6\u6b27\u5361\u4fa0's rating: 1397 &rarr; <strong>1368</strong><br />(-29 for losing)\n|l|\u2606dasabe\u76d6\u6b27\u5361\u4fa0\n|player|p2|\n","uploadtime":1767792620,"views":14,"formatid":"gen9vgc2026regi","rating":1271,"private":0,"password":null}