{"id":"gen9vgc2026regi-2561761727","format":"[Gen 9] VGC 2026 Reg I","players":["MDYFeiJu","Jonen"],"log":"|j|\u2606MDYFeiJu\n|j|\u2606Jonen\n|t:|1773841205\n|gametype|doubles\n|player|p1|MDYFeiJu|265|1266\n|player|p2|Jonen|hiker-gen4|1304\n|gen|9\n|tier|[Gen 9] VGC 2026 Reg I\n|rated|\n|rule|Species Clause: Limit one of each Pok\u00e9mon\n|rule|Item Clause: Limit 1 of each item\n|clearpoke\n|poke|p1|Calyrex-Ice, L50|\n|poke|p1|Incineroar, L50, F|\n|poke|p1|Miraidon, L50|\n|poke|p1|Landorus, L50, M|\n|poke|p1|Urshifu-*, L50, F|\n|poke|p1|Grimmsnarl, L50, M|\n|poke|p2|Groudon, L50|\n|poke|p2|Lunala, L50|\n|poke|p2|Sableye, L50, F|\n|poke|p2|Chi-Yu, L50|\n|poke|p2|Rillaboom, L50, F|\n|poke|p2|Jumpluff, L50, M|\n|teampreview|4\n|\n|t:|1773841237\n|teamsize|p1|4\n|teamsize|p2|4\n|start\n|switch|p1a: Calyrex|Calyrex-Ice, L50|100/100\n|switch|p1b: Grimmsnarl|Grimmsnarl, L50, M|100/100\n|switch|p2a: Groudon|Groudon, L50|100/100\n|switch|p2b: Jumpluff|Jumpluff, L50, M|100/100\n|-ability|p1a: Calyrex|As One\n|-ability|p1a: Calyrex|Unnerve\n|-weather|SunnyDay|[from] ability: Drought|[of] p2a: Groudon\n|turn|1\n|\n|t:|1773841256\n|switch|p1b: Miraidon|Miraidon, L50|100/100\n|-fieldstart|move: Electric Terrain|[from] ability: Hadron Engine|[of] p1b: Miraidon\n|-terastallize|p1a: Calyrex|Water\n|move|p2b: Jumpluff|Sleep Powder|p1a: Calyrex\n|-activate|p1a: Calyrex|move: Electric Terrain\n|move|p2a: Groudon|Precipice Blades|p1a: Calyrex|[spread] p1a,p1b\n|-supereffective|p1b: Miraidon\n|-damage|p1a: Calyrex|57/100\n|-damage|p1b: Miraidon|0 fnt\n|faint|p1b: Miraidon\n|-damage|p2a: Groudon|91/100|[from] item: Life Orb\n|move|p1a: Calyrex|Leech Seed|p2a: Groudon\n|-start|p2a: Groudon|move: Leech Seed\n|\n|-weather|SunnyDay|[upkeep]\n|-heal|p1a: Calyrex|63/100|[from] item: Leftovers\n|-damage|p2a: Groudon|79/100|[from] Leech Seed|[of] p1a: Calyrex\n|-heal|p1a: Calyrex|73/100|[silent]\n|upkeep\n|\n|t:|1773841277\n|switch|p1b: Grimmsnarl|Grimmsnarl, L50, M|100/100\n|turn|2\n|\n|t:|1773841294\n|-terastallize|p2b: Jumpluff|Dark\n|move|p1b: Grimmsnarl|Reflect|p1b: Grimmsnarl\n|-sidestart|p1: MDYFeiJu|Reflect\n|move|p2b: Jumpluff|Encore|p1a: Calyrex\n|-start|p1a: Calyrex|Encore\n|move|p2a: Groudon|Precipice Blades|p1a: Calyrex|[spread] p1b\n|-miss|p2a: Groudon|p1a: Calyrex\n|-damage|p1b: Grimmsnarl|49/100\n|-damage|p2a: Groudon|69/100|[from] item: Life Orb\n|move|p1a: Calyrex|Leech Seed||[still]\n|-fail|p1a: Calyrex\n|\n|-weather|SunnyDay|[upkeep]\n|-heal|p1a: Calyrex|79/100|[from] item: Leftovers\n|-damage|p2a: Groudon|57/100|[from] Leech Seed|[of] p1a: Calyrex\n|-heal|p1a: Calyrex|89/100|[silent]\n|upkeep\n|turn|3\n|\n|t:|1773841319\n|switch|p2b: Lunala|Lunala, L50|100/100\n|switch|p1a: Urshifu|Urshifu-Rapid-Strike, L50, F|100/100\n|move|p2a: Groudon|Precipice Blades|p1b: Grimmsnarl|[spread] p1a,p1b\n|-damage|p1a: Urshifu|52/100\n|-damage|p1b: Grimmsnarl|0 fnt\n|faint|p1b: Grimmsnarl\n|-damage|p2a: Groudon|47/100|[from] item: Life Orb\n|\n|-weather|SunnyDay|[upkeep]\n|-damage|p2a: Groudon|35/100|[from] Leech Seed|[of] p1a: Urshifu\n|-heal|p1a: Urshifu|63/100|[silent]\n|upkeep\n|\n|t:|1773841333\n|switch|p1b: Calyrex|Calyrex-Ice, L50, tera:Water|89/100\n|-ability|p1b: Calyrex|As One\n|-ability|p1b: Calyrex|Unnerve\n|turn|4\n|\n|t:|1773841351\n|switch|p2a: Jumpluff|Jumpluff, L50, M, tera:Dark|100/100\n|move|p2b: Lunala|Meteor Beam||[still]\n|-prepare|p2b: Lunala|Meteor Beam\n|-boost|p2b: Lunala|spa|1\n|-enditem|p2b: Lunala|Power Herb\n|-anim|p2b: Lunala|Meteor Beam|p1b: Calyrex|[miss]\n|-miss|p2b: Lunala|p1b: Calyrex\n|move|p1a: Urshifu|Surging Strikes|p2a: Jumpluff\n|-crit|p2a: Jumpluff\n|-damage|p2a: Jumpluff|82/100\n|-crit|p2a: Jumpluff\n|-damage|p2a: Jumpluff|66/100\n|-crit|p2a: Jumpluff\n|-damage|p2a: Jumpluff|47/100\n|-hitcount|p2a: Jumpluff|3\n|move|p1b: Calyrex|Leech Seed|p2b: Lunala\n|-start|p2b: Lunala|move: Leech Seed\n|\n|-weather|SunnyDay|[upkeep]\n|-heal|p1b: Calyrex|95/100|[from] item: Leftovers\n|-damage|p2b: Lunala|88/100|[from] Leech Seed|[of] p1b: Calyrex\n|-heal|p1b: Calyrex|100/100|[silent]\n|upkeep\n|turn|5\n|\n|t:|1773841375\n|move|p2a: Jumpluff|Encore|p1b: Calyrex\n|-start|p1b: Calyrex|Encore\n|move|p2b: Lunala|Moongeist Beam|p1a: Urshifu\n|-damage|p1a: Urshifu|0 fnt\n|faint|p1a: Urshifu\n|move|p1b: Calyrex|Leech Seed|p2a: Jumpluff\n|-start|p2a: Jumpluff|move: Leech Seed\n|\n|-weather|none\n|-damage|p2a: Jumpluff|35/100|[from] Leech Seed|[of] p1b: Calyrex\n|-damage|p2b: Lunala|76/100|[from] Leech Seed|[of] p1b: Calyrex\n|-fieldend|move: Electric Terrain\n|upkeep\n|turn|6\n|-message|MDYFeiJu forfeited.\n|\n|win|Jonen\n|raw|MDYFeiJu's rating: 1266 &rarr; <strong>1244</strong><br />(-22 for losing)\n|raw|Jonen's rating: 1304 &rarr; <strong>1322</strong><br />(+18 for winning)\n","uploadtime":1773841382,"views":10,"formatid":"gen9vgc2026regi","rating":1244,"private":0,"password":null}