{"id":"gen9vgc2026regi-2590740984","format":"[Gen 9] VGC 2026 Reg I","players":["stupid test8","MystFlare"],"log":"|j|\u2606stupid test8\n|j|\u2606MystFlare\n|t:|1776841764\n|gametype|doubles\n|player|p1|stupid test8|170|1393\n|player|p2|MystFlare|burglar|1310\n|gen|9\n|tier|[Gen 9] VGC 2026 Reg I\n|rated|\n|rule|Species Clause: Limit one of each Pok\u00e9mon\n|rule|Item Clause: Limit 1 of each item\n|clearpoke\n|poke|p1|Lugia, L50|\n|poke|p1|Kyogre, L50|\n|poke|p1|Urshifu-*, L50, F|\n|poke|p1|Chien-Pao, L50|\n|poke|p1|Farigiraf, L50, F|\n|poke|p1|Rillaboom, L50, M|\n|poke|p2|Brute Bonnet, L50|\n|poke|p2|Koraidon, L50|\n|poke|p2|Lunala, L50|\n|poke|p2|Ursaluna, L50, F|\n|poke|p2|Chi-Yu, L50|\n|poke|p2|Flutter Mane, L50|\n|teampreview|4\n|\n|t:|1776841839\n|teamsize|p1|4\n|teamsize|p2|4\n|start\n|switch|p1a: Rillaboom|Rillaboom, L50, M|100/100\n|switch|p1b: Lugia|Lugia, L50|100/100\n|switch|p2a: Lunala|Lunala, L50|100/100\n|switch|p2b: Brute Bonnet|Brute Bonnet, L50|100/100\n|-fieldstart|move: Grassy Terrain|[from] ability: Grassy Surge|[of] p1a: Rillaboom\n|turn|1\n|inactive|Battle timer is ON: inactive players will automatically lose when time's up. (requested by MystFlare)\n|\n|t:|1776841858\n|-terastallize|p1b: Lugia|Grass\n|move|p2b: Brute Bonnet|Rage Powder|p2b: Brute Bonnet\n|-singleturn|p2b: Brute Bonnet|move: Rage Powder\n|move|p1b: Lugia|Aeroblast|p2b: Brute Bonnet\n|-supereffective|p2b: Brute Bonnet\n|-damage|p2b: Brute Bonnet|39/100\n|-enditem|p2b: Brute Bonnet|Sitrus Berry|[eat]\n|-heal|p2b: Brute Bonnet|64/100|[from] item: Sitrus Berry\n|move|p1a: Rillaboom|U-turn|p2b: Brute Bonnet\n|-supereffective|p2b: Brute Bonnet\n|-crit|p2b: Brute Bonnet\n|-damage|p2b: Brute Bonnet|0 fnt\n|faint|p2b: Brute Bonnet\n|-end|p2b: Brute Bonnet|Protosynthesis|[silent]\n|\n|t:|1776841869\n|switch|p1a: Farigiraf|Farigiraf, L50, F|100/100|[from] U-turn\n|-enditem|p1a: Farigiraf|Grassy Seed\n|-boost|p1a: Farigiraf|def|1|[from] item: Grassy Seed\n|move|p2a: Lunala|Trick Room|p2a: Lunala\n|-fieldstart|move: Trick Room|[of] p2a: Lunala\n|\n|upkeep\n|\n|t:|1776841883\n|switch|p2b: Ursaluna|Ursaluna, L50, F|100/100\n|turn|2\n|inactive|MystFlare has 30 seconds left.\n|\n|t:|1776841908\n|move|p2b: Ursaluna|Headlong Rush|p1a: Farigiraf\n|-damage|p1a: Farigiraf|63/100\n|-unboost|p2b: Ursaluna|def|1\n|-unboost|p2b: Ursaluna|spd|1\n|move|p2a: Lunala|Moongeist Beam|p1b: Lugia\n|-damage|p1b: Lugia|63/100\n|move|p1b: Lugia|Giga Drain|p2b: Ursaluna\n|-supereffective|p2b: Ursaluna\n|-damage|p2b: Ursaluna|0 fnt\n|-heal|p1b: Lugia|100/100|[from] drain|[of] p2b: Ursaluna\n|faint|p2b: Ursaluna\n|move|p1a: Farigiraf|Trick Room|p1a: Farigiraf\n|-fieldend|move: Trick Room\n|\n|-heal|p1a: Farigiraf|69/100|[from] Grassy Terrain\n|upkeep\n|\n|t:|1776841927\n|switch|p2b: Koraidon|Koraidon, L50|100/100\n|-weather|SunnyDay|[from] ability: Orichalcum Pulse|[of] p2b: Koraidon\n|-activate|p2b: Koraidon|Orichalcum Pulse|[source]\n|turn|3\n|\n|t:|1776841945\n|switch|p1b: Kyogre|Kyogre, L50|100/100\n|-weather|RainDance|[from] ability: Drizzle|[of] p1b: Kyogre\n|-terastallize|p2b: Koraidon|Fire\n|move|p2b: Koraidon|Flame Charge|p1b: Kyogre\n|-resisted|p1b: Kyogre\n|-damage|p1b: Kyogre|93/100\n|-boost|p2b: Koraidon|spe|1\n|-damage|p2b: Koraidon|91/100|[from] item: Life Orb\n|move|p2a: Lunala|Meteor Beam||[still]\n|-prepare|p2a: Lunala|Meteor Beam\n|-boost|p2a: Lunala|spa|1\n|-enditem|p2a: Lunala|Power Herb\n|-anim|p2a: Lunala|Meteor Beam|p1a: Farigiraf\n|-damage|p1a: Farigiraf|0 fnt\n|faint|p1a: Farigiraf\n|\n|-weather|RainDance|[upkeep]\n|-heal|p2b: Koraidon|97/100|[from] Grassy Terrain\n|-heal|p1b: Kyogre|99/100|[from] Grassy Terrain\n|upkeep\n|\n|t:|1776841960\n|switch|p1a: Lugia|Lugia, L50, tera:Grass|100/100\n|turn|4\n|\n|t:|1776841983\n|move|p2a: Lunala|Wide Guard|p2a: Lunala\n|-singleturn|p2a: Lunala|Wide Guard\n|move|p2b: Koraidon|Close Combat|p1a: Lugia\n|-damage|p1a: Lugia|70/100\n|-unboost|p2b: Koraidon|def|1\n|-unboost|p2b: Koraidon|spd|1\n|-damage|p2b: Koraidon|87/100|[from] item: Life Orb\n|move|p1a: Lugia|Giga Drain|p2a: Lunala\n|-damage|p2a: Lunala|85/100\n|-heal|p1a: Lugia|80/100|[from] drain|[of] p2a: Lunala\n|move|p1b: Kyogre|Origin Pulse|p2a: Lunala|[spread] \n|-activate|p2a: Lunala|move: Wide Guard\n|-activate|p2b: Koraidon|move: Wide Guard\n|\n|-weather|RainDance|[upkeep]\n|-heal|p2b: Koraidon|94/100|[from] Grassy Terrain\n|-heal|p1a: Lugia|86/100|[from] Grassy Terrain\n|-heal|p1b: Kyogre|100/100|[from] Grassy Terrain\n|-heal|p2a: Lunala|91/100|[from] Grassy Terrain\n|upkeep\n|turn|5\n|inactive|stupid test8 has 30 seconds left.\n|\n|t:|1776842010\n|move|p2a: Lunala|Wide Guard|p2a: Lunala\n|-singleturn|p2a: Lunala|Wide Guard\n|move|p2b: Koraidon|Flare Blitz|p1a: Lugia\n|-supereffective|p1a: Lugia\n|-damage|p1a: Lugia|18/100\n|-enditem|p1a: Lugia|Weakness Policy\n|-boost|p1a: Lugia|atk|2|[from] item: Weakness Policy\n|-boost|p1a: Lugia|spa|2|[from] item: Weakness Policy\n|-damage|p2b: Koraidon|70/100|[from] Recoil\n|-damage|p2b: Koraidon|61/100|[from] item: Life Orb\n|move|p1a: Lugia|Giga Drain|p2a: Lunala\n|-damage|p2a: Lunala|34/100\n|-heal|p1a: Lugia|54/100|[from] drain|[of] p2a: Lunala\n|move|p1b: Kyogre|Origin Pulse|p2a: Lunala|[spread] \n|-activate|p2a: Lunala|move: Wide Guard\n|-activate|p2b: Koraidon|move: Wide Guard\n|\n|-weather|RainDance|[upkeep]\n|-heal|p2b: Koraidon|67/100|[from] Grassy Terrain\n|-heal|p1a: Lugia|60/100|[from] Grassy Terrain\n|-heal|p2a: Lunala|40/100|[from] Grassy Terrain\n|-fieldend|move: Grassy Terrain\n|upkeep\n|turn|6\n|inactive|stupid test8 has 30 seconds left.\n|inactive|MystFlare has 30 seconds left.\n|\n|t:|1776842035\n|switch|p1b: Rillaboom|Rillaboom, L50, M|100/100\n|-fieldstart|move: Grassy Terrain|[from] ability: Grassy Surge|[of] p1b: Rillaboom\n|move|p1a: Lugia|Protect|p1a: Lugia\n|-singleturn|p1a: Lugia|Protect\n|move|p2a: Lunala|Wide Guard|p2a: Lunala\n|-singleturn|p2a: Lunala|Wide Guard\n|move|p2b: Koraidon|Flare Blitz|p1a: Lugia\n|-activate|p1a: Lugia|move: Protect\n|\n|-weather|RainDance|[upkeep]\n|-heal|p2b: Koraidon|73/100|[from] Grassy Terrain\n|-heal|p1a: Lugia|66/100|[from] Grassy Terrain\n|-heal|p2a: Lunala|46/100|[from] Grassy Terrain\n|upkeep\n|turn|7\n|inactive|MystFlare has 30 seconds left.\n|\n|t:|1776842064\n|move|p1b: Rillaboom|Fake Out|p2b: Koraidon\n|-damage|p2b: Koraidon|57/100\n|cant|p2b: Koraidon|flinch\n|move|p1a: Lugia|Giga Drain|p2a: Lunala\n|-damage|p2a: Lunala|0 fnt\n|-heal|p1a: Lugia|96/100|[from] drain|[of] p2a: Lunala\n|faint|p2a: Lunala\n|\n|-weather|none\n|-heal|p2b: Koraidon|64/100|[from] Grassy Terrain\n|-heal|p1a: Lugia|100/100|[from] Grassy Terrain\n|upkeep\n|turn|8\n|\n|t:|1776842081\n|switch|p1b: Kyogre|Kyogre, L50|100/100\n|-weather|RainDance|[from] ability: Drizzle|[of] p1b: Kyogre\n|move|p2b: Koraidon|Flare Blitz|p1b: Kyogre\n|-resisted|p1b: Kyogre\n|-damage|p1b: Kyogre|86/100\n|-damage|p2b: Koraidon|58/100|[from] Recoil\n|-damage|p2b: Koraidon|48/100|[from] item: Life Orb\n|move|p1a: Lugia|Giga Drain|p2b: Koraidon\n|-resisted|p2b: Koraidon\n|-damage|p2b: Koraidon|0 fnt\n|faint|p2b: Koraidon\n|\n|win|stupid test8\n|raw|stupid test8's rating: 1393 &rarr; <strong>1408</strong><br />(+15 for winning)\n|raw|MystFlare's rating: 1310 &rarr; <strong>1295</strong><br />(-15 for losing)\n|l|\u2606MystFlare\n|player|p2|\n","uploadtime":1776842097,"views":9,"formatid":"gen9vgc2026regi","rating":1295,"private":0,"password":null}