{"id":"gen9vgc2026regi-2582388310","format":"[Gen 9] VGC 2026 Reg I","players":["fyssqzh","pumpkinflame"],"log":"|j|\u2606fyssqzh\n|j|\u2606pumpkinflame\n|t:|1776088355\n|gametype|doubles\n|player|p1|fyssqzh|jasmine|1310\n|player|p2|pumpkinflame|adaman-masters|1332\n|gen|9\n|tier|[Gen 9] VGC 2026 Reg I\n|rated|\n|rule|Species Clause: Limit one of each Pok\u00e9mon\n|rule|Item Clause: Limit 1 of each item\n|clearpoke\n|poke|p1|Calyrex-Ice, L50|\n|poke|p1|Farigiraf, L50, M|\n|poke|p1|Kyogre, L50|\n|poke|p1|Tornadus, L50, M|\n|poke|p1|Landorus, L50, M|\n|poke|p1|Smeargle, L50, M|\n|poke|p2|Kyogre, L50|\n|poke|p2|Archaludon, L50, F|\n|poke|p2|Rillaboom, L50, F|\n|poke|p2|Roaring Moon, L50|\n|poke|p2|Calyrex-Ice, L50|\n|poke|p2|Incineroar, L50, F|\n|teampreview|4\n|inactive|Battle timer is ON: inactive players will automatically lose when time's up. (requested by fyssqzh)\n|inactive|pumpkinflame has 60 seconds left.\n|\n|t:|1776088394\n|teamsize|p1|4\n|teamsize|p2|4\n|start\n|switch|p1a: Tornadus|Tornadus, L50, M|100/100\n|switch|p1b: Kyogre|Kyogre, L50|100/100\n|switch|p2a: K.O|Kyogre, L50|100/100\n|switch|p2b: Miraidon 2|Archaludon, L50, F|100/100\n|-weather|RainDance|[from] ability: Drizzle|[of] p1b: Kyogre\n|turn|1\n|\n|t:|1776088408\n|switch|p2a: Chilly and Willy|Calyrex-Ice, L50|100/100\n|-ability|p2a: Chilly and Willy|As One\n|-ability|p2a: Chilly and Willy|Unnerve\n|move|p1b: Kyogre|Protect|p1b: Kyogre\n|-singleturn|p1b: Kyogre|Protect\n|move|p1a: Tornadus|Tailwind|p1a: Tornadus\n|-sidestart|p1: fyssqzh|move: Tailwind\n|move|p2b: Miraidon 2|Electro Shot||[still]\n|-prepare|p2b: Miraidon 2|Electro Shot\n|-boost|p2b: Miraidon 2|spa|1\n|-anim|p2b: Miraidon 2|Electro Shot|p1b: Kyogre\n|-activate|p1b: Kyogre|move: Protect\n|\n|-weather|RainDance|[upkeep]\n|upkeep\n|turn|2\n|inactive|fyssqzh has 30 seconds left.\n|\n|t:|1776088439\n|-terastallize|p1b: Kyogre|Grass\n|move|p1a: Tornadus|Taunt|p2a: Chilly and Willy\n|-start|p2a: Chilly and Willy|move: Taunt\n|move|p1b: Kyogre|Water Spout|p2b: Miraidon 2|[spread] p2a,p2b\n|-resisted|p2b: Miraidon 2\n|-damage|p2a: Chilly and Willy|39/100\n|-damage|p2b: Miraidon 2|59/100\n|-ability|p2b: Miraidon 2|Stamina|boost\n|-boost|p2b: Miraidon 2|def|1\n|move|p2b: Miraidon 2|Electro Shot||[still]\n|-prepare|p2b: Miraidon 2|Electro Shot\n|-boost|p2b: Miraidon 2|spa|1\n|-anim|p2b: Miraidon 2|Electro Shot|p1b: Kyogre\n|-resisted|p1b: Kyogre\n|-damage|p1b: Kyogre|67/100\n|cant|p2a: Chilly and Willy|move: Taunt|Trick Room\n|\n|-weather|RainDance|[upkeep]\n|-heal|p2a: Chilly and Willy|45/100|[from] item: Leftovers\n|upkeep\n|turn|3\n|inactive|pumpkinflame has 30 seconds left.\n|\n|t:|1776088471\n|move|p1b: Kyogre|Water Spout|p2b: Miraidon 2|[spread] p2a,p2b\n|-resisted|p2b: Miraidon 2\n|-damage|p2a: Chilly and Willy|0 fnt\n|-damage|p2b: Miraidon 2|31/100\n|-ability|p2b: Miraidon 2|Stamina|boost\n|-boost|p2b: Miraidon 2|def|1\n|faint|p2a: Chilly and Willy\n|move|p1a: Tornadus|Bleakwind Storm|p2b: Miraidon 2\n|-resisted|p2b: Miraidon 2\n|-damage|p2b: Miraidon 2|15/100\n|-unboost|p2b: Miraidon 2|spe|1\n|-ability|p2b: Miraidon 2|Stamina|boost\n|-boost|p2b: Miraidon 2|def|1\n|move|p2b: Miraidon 2|Dragon Pulse|p1b: Kyogre\n|-damage|p1b: Kyogre|5/100\n|\n|-weather|RainDance|[upkeep]\n|upkeep\n|\n|t:|1776088486\n|switch|p2a: Freak|Incineroar, L50, F|100/100\n|-ability|p2a: Freak|Intimidate|boost\n|-unboost|p1a: Tornadus|atk|1\n|-unboost|p1b: Kyogre|atk|1\n|turn|4\n|\n|t:|1776088499\n|switch|p1a: Landorus|Landorus, L50, M|100/100\n|move|p1b: Kyogre|Protect|p1b: Kyogre\n|-singleturn|p1b: Kyogre|Protect\n|move|p2a: Freak|Fake Out|p1b: Kyogre\n|-activate|p1b: Kyogre|move: Protect\n|move|p2b: Miraidon 2|Electro Shot||[still]\n|-prepare|p2b: Miraidon 2|Electro Shot\n|-boost|p2b: Miraidon 2|spa|1\n|-anim|p2b: Miraidon 2|Electro Shot|p1a: Landorus\n|-immune|p1a: Landorus\n|\n|-weather|RainDance|[upkeep]\n|-sideend|p1: fyssqzh|move: Tailwind\n|upkeep\n|turn|5\n|\n|t:|1776088522\n|switch|p1b: Tornadus|Tornadus, L50, M|100/100\n|move|p1a: Landorus|Sandsear Storm|p2b: Miraidon 2|[spread] p2a,p2b\n|-supereffective|p2a: Freak\n|-supereffective|p2b: Miraidon 2\n|-damage|p2a: Freak|14/100\n|-damage|p2b: Miraidon 2|0 fnt\n|faint|p2b: Miraidon 2\n|move|p2a: Freak|Parting Shot|p1a: Landorus\n|-unboost|p1a: Landorus|atk|1\n|-unboost|p1a: Landorus|spa|1\n|\n|t:|1776088531\n|switch|p2a: K.O|Kyogre, L50|100/100|[from] Parting Shot\n|\n|-weather|none\n|upkeep\n|\n|t:|1776088533\n|switch|p2b: Freak|Incineroar, L50, F|14/100\n|-ability|p2b: Freak|Intimidate|boost\n|-unboost|p1a: Landorus|atk|1\n|-unboost|p1b: Tornadus|atk|1\n|turn|6\n|\n|t:|1776088550\n|switch|p1a: Kyogre|Kyogre, L50, tera:Grass|5/100\n|-weather|RainDance|[from] ability: Drizzle|[of] p1a: Kyogre\n|move|p2b: Freak|Fake Out|p1b: Tornadus\n|-damage|p1b: Tornadus|88/100\n|move|p1b: Tornadus|Tailwind|p1b: Tornadus\n|-sidestart|p1: fyssqzh|move: Tailwind\n|move|p2a: K.O|Water Spout|p1a: Kyogre|[spread] p1a,p1b\n|-resisted|p1a: Kyogre\n|-damage|p1a: Kyogre|0 fnt\n|-damage|p1b: Tornadus|0 fnt\n|faint|p1a: Kyogre\n|faint|p1b: Tornadus\n|\n|-weather|RainDance|[upkeep]\n|upkeep\n|\n|t:|1776088562\n|switch|p1a: Landorus|Landorus, L50, M|100/100\n|switch|p1b: Calyrex|Calyrex-Ice, L50|100/100\n|-ability|p1b: Calyrex|As One\n|-ability|p1b: Calyrex|Unnerve\n|turn|7\n|inactive|pumpkinflame has 30 seconds left.\n|\n|t:|1776088589\n|move|p1a: Landorus|Sandsear Storm|p2b: Freak|[spread] p2a,p2b\n|-supereffective|p2b: Freak\n|-damage|p2a: K.O|60/100\n|-damage|p2b: Freak|0 fnt\n|faint|p2b: Freak\n|move|p1b: Calyrex|Leech Seed|p2a: K.O\n|-start|p2a: K.O|move: Leech Seed\n|move|p2a: K.O|Water Spout|p1a: Landorus|[spread] p1a,p1b\n|-supereffective|p1a: Landorus\n|-damage|p1a: Landorus|0 fnt\n|-damage|p1b: Calyrex|51/100\n|faint|p1a: Landorus\n|\n|-weather|RainDance|[upkeep]\n|-heal|p1b: Calyrex|57/100|[from] item: Leftovers\n|-damage|p2a: K.O|48/100|[from] Leech Seed|[of] p1b: Calyrex\n|-heal|p1b: Calyrex|69/100|[silent]\n|upkeep\n|turn|8\n|\n|t:|1776088608\n|move|p1b: Calyrex|Glacial Lance|p2a: K.O\n|-resisted|p2a: K.O\n|-damage|p2a: K.O|22/100\n|move|p2a: K.O|Origin Pulse|p1b: Calyrex\n|-crit|p1b: Calyrex\n|-damage|p1b: Calyrex|0 fnt\n|faint|p1b: Calyrex\n|\n|win|pumpkinflame\n|raw|fyssqzh's rating: 1310 &rarr; <strong>1291</strong><br />(-19 for losing)\n|raw|pumpkinflame's rating: 1332 &rarr; <strong>1351</strong><br />(+19 for winning)\n|l|\u2606fyssqzh\n|player|p1|\n|l|\u2606pumpkinflame\n|player|p2|\n","uploadtime":1776088752,"views":8,"formatid":"gen9vgc2026regi","rating":1291,"private":0,"password":null}