{"id":"gen9vgc2026regi-2541945060","format":"[Gen 9] VGC 2026 Reg I","players":["ult. big chill","lalo's pollos"],"log":"|j|\u2606ult. big chill\n|j|\u2606lalo's pollos\n|t:|1771388294\n|gametype|doubles\n|player|p1|ult. big chill|brycen|1305\n|player|p2|lalo's pollos|265|1317\n|gen|9\n|tier|[Gen 9] VGC 2026 Reg I\n|rated|\n|rule|Species Clause: Limit one of each Pok\u00e9mon\n|rule|Item Clause: Limit 1 of each item\n|clearpoke\n|poke|p1|Kyurem-White, L50|\n|poke|p1|Raging Bolt, L50|\n|poke|p1|Lunala, L50|\n|poke|p1|Slowking-Galar, L50, M|\n|poke|p1|Incineroar, L50, M|\n|poke|p1|Ursaluna, L50, M|\n|poke|p2|Miraidon, L50|\n|poke|p2|Landorus, L50, M|\n|poke|p2|Incineroar, L50, M|\n|poke|p2|Iron Bundle, L50|\n|poke|p2|Farigiraf, L50, M|\n|poke|p2|Calyrex-Ice, L50|\n|teampreview|4\n|\n|t:|1771388360\n|teamsize|p1|4\n|teamsize|p2|4\n|start\n|switch|p1a: Bron|Slowking-Galar, L50, M|100/100\n|switch|p1b: Majora|Lunala, L50|100/100\n|switch|p2a: Co-Star|Miraidon, L50|100/100\n|switch|p2b: the Manager|Farigiraf, L50, M|100/100\n|-fieldstart|move: Electric Terrain|[from] ability: Hadron Engine|[of] p2a: Co-Star\n|turn|1\n|\n|t:|1771388395\n|switch|p1a: Ursaluna|Ursaluna, L50, M|100/100\n|move|p2a: Co-Star|Volt Switch|p1b: Majora\n|-damage|p1b: Majora|71/100\n|\n|t:|1771388401\n|switch|p2a: Landorus|Landorus, L50, M|100/100|[from] Volt Switch\n|move|p1b: Majora|Meteor Beam||[still]\n|-prepare|p1b: Majora|Meteor Beam\n|-boost|p1b: Majora|spa|1\n|-enditem|p1b: Majora|Power Herb\n|-anim|p1b: Majora|Meteor Beam|p2b: the Manager\n|-damage|p2b: the Manager|52/100\n|move|p2b: the Manager|Foul Play|p1b: Majora\n|-supereffective|p1b: Majora\n|-damage|p1b: Majora|12/100\n|\n|-status|p1a: Ursaluna|brn|[from] item: Flame Orb\n|upkeep\n|turn|2\n|\n|t:|1771388420\n|move|p2b: the Manager|Helping Hand|p2a: Landorus\n|-singleturn|p2a: Landorus|Helping Hand|[of] p2b: the Manager\n|move|p1a: Ursaluna|Protect|p1a: Ursaluna\n|-singleturn|p1a: Ursaluna|Protect\n|move|p2a: Landorus|Sandsear Storm|p1b: Majora|[spread] p1b\n|-activate|p1a: Ursaluna|move: Protect\n|-damage|p1b: Majora|0 fnt\n|faint|p1b: Majora\n|\n|-damage|p1a: Ursaluna|95/100 brn|[from] brn\n|upkeep\n|\n|t:|1771388424\n|switch|p1b: Bron|Slowking-Galar, L50, M|100/100\n|turn|3\n|\n|t:|1771388432\n|move|p2b: the Manager|Helping Hand|p2a: Landorus\n|-singleturn|p2a: Landorus|Helping Hand|[of] p2b: the Manager\n|move|p2a: Landorus|Sandsear Storm|p1a: Ursaluna|[spread] p1b\n|-miss|p2a: Landorus|p1a: Ursaluna\n|-supereffective|p1b: Bron\n|-damage|p1b: Bron|0 fnt\n|faint|p1b: Bron\n|move|p1a: Ursaluna|Facade|p2a: Landorus\n|-damage|p2a: Landorus|0 fnt\n|faint|p2a: Landorus\n|\n|-damage|p1a: Ursaluna|89/100 brn|[from] brn\n|upkeep\n|\n|t:|1771388443\n|switch|p2a: Co-Star|Miraidon, L50|100/100\n|switch|p1b: Larry Bird|Kyurem-White, L50, shiny|100/100\n|-activate|p2a: Co-Star|ability: Hadron Engine\n|-ability|p1b: Larry Bird|Turboblaze\n|turn|4\n|\n|t:|1771388450\n|-terastallize|p2a: Co-Star|Fairy\n|-terastallize|p1b: Larry Bird|Grass\n|move|p2b: the Manager|Helping Hand|p2a: Co-Star\n|-singleturn|p2a: Co-Star|Helping Hand|[of] p2b: the Manager\n|move|p2a: Co-Star|Dazzling Gleam|p1b: Larry Bird|[spread] p1a,p1b\n|-damage|p1a: Ursaluna|0 fnt\n|-damage|p1b: Larry Bird|30/100\n|faint|p1a: Ursaluna\n|move|p1b: Larry Bird|Freeze-Dry|p2b: the Manager\n|-damage|p2b: the Manager|2/100\n|-damage|p1b: Larry Bird|20/100|[from] item: Life Orb\n|\n|upkeep\n|turn|5\n|-message|ult. big chill forfeited.\n|\n|win|lalo's pollos\n|raw|ult. big chill's rating: 1305 &rarr; <strong>1286</strong><br />(-19 for losing)\n|raw|lalo&apos;s pollos's rating: 1317 &rarr; <strong>1336</strong><br />(+19 for winning)\n|l|\u2606ult. big chill\n|player|p1|\n","uploadtime":1771388669,"views":12,"formatid":"gen9vgc2026regi","rating":1286,"private":0,"password":null}