{"id":"gen9vgc2026regi-2579790643","format":"[Gen 9] VGC 2026 Reg I","players":["Mr.checkmate\u65e0\u5fc3\u65e0\u68a6","pzyxhic"],"log":"|j|\u2606Mr.checkmate\u65e0\u5fc3\u65e0\u68a6\n|j|\u2606pzyxhic\n|t:|1775828354\n|gametype|doubles\n|player|p1|Mr.checkmate\u65e0\u5fc3\u65e0\u68a6|cynthia-masters4|1532\n|player|p2|pzyxhic|265|1644\n|gen|9\n|tier|[Gen 9] VGC 2026 Reg I\n|rated|\n|rule|Species Clause: Limit one of each Pok\u00e9mon\n|rule|Item Clause: Limit 1 of each item\n|clearpoke\n|poke|p1|Calyrex-Shadow, L50|\n|poke|p1|Zamazenta-*, L50|\n|poke|p1|Chien-Pao, L50|\n|poke|p1|Dragonite, L50, F|\n|poke|p1|Raging Bolt, L50|\n|poke|p1|Amoonguss, L50, F|\n|poke|p2|Calyrex-Ice, L50|\n|poke|p2|Miraidon, L50|\n|poke|p2|Sinistcha-Masterpiece, L50|\n|poke|p2|Incineroar, L50, F|\n|poke|p2|Milotic, L50, F|\n|poke|p2|Grimmsnarl, L50, M|\n|teampreview|4\n|\n|t:|1775828427\n|teamsize|p1|4\n|teamsize|p2|4\n|start\n|switch|p1a: Zamazenta|Zamazenta-Crowned, L50|100/100\n|switch|p1b: Dragonite|Dragonite, L50, F|100/100\n|switch|p2a: Miraidon|Miraidon, L50|100/100\n|switch|p2b: Grimmsnarl|Grimmsnarl, L50, M|100/100\n|-fieldstart|move: Electric Terrain|[from] ability: Hadron Engine|[of] p2a: Miraidon\n|-ability|p1a: Zamazenta|Dauntless Shield|boost\n|-boost|p1a: Zamazenta|def|1\n|turn|1\n|\n|t:|1775828461\n|-terastallize|p1b: Dragonite|Normal\n|move|p1a: Zamazenta|Protect|p1a: Zamazenta\n|-singleturn|p1a: Zamazenta|Protect\n|move|p1b: Dragonite|Extreme Speed|p2b: Grimmsnarl\n|-damage|p2b: Grimmsnarl|32/100\n|move|p2b: Grimmsnarl|Reflect|p2b: Grimmsnarl\n|-sidestart|p2: pzyxhic|Reflect\n|move|p2a: Miraidon|Volt Switch|p1a: Zamazenta\n|-activate|p1a: Zamazenta|move: Protect\n|\n|upkeep\n|turn|2\n|\n|t:|1775828495\n|switch|p2a: Sinistcha|Sinistcha-Masterpiece, L50|100/100\n|-heal|p2b: Grimmsnarl|57/100|[from] ability: Hospitality|[of] p2a: Sinistcha\n|move|p1b: Dragonite|Extreme Speed|p2b: Grimmsnarl\n|-damage|p2b: Grimmsnarl|6/100\n|move|p2b: Grimmsnarl|Thunder Wave|p1a: Zamazenta\n|-status|p1a: Zamazenta|par\n|move|p1a: Zamazenta|Body Press|p2a: Sinistcha\n|-immune|p2a: Sinistcha\n|\n|upkeep\n|turn|3\n|\n|t:|1775828540\n|switch|p2b: Calyrex|Calyrex-Ice, L50|100/100\n|-ability|p2b: Calyrex|As One\n|-ability|p2b: Calyrex|Unnerve\n|move|p1b: Dragonite|Extreme Speed|p2b: Calyrex\n|-damage|p2b: Calyrex|70/100\n|move|p2a: Sinistcha|Matcha Gotcha|p1a: Zamazenta|[spread] p1a,p1b\n|-resisted|p1a: Zamazenta\n|-damage|p1a: Zamazenta|94/100 par\n|-damage|p1b: Dragonite|80/100\n|-status|p1b: Dragonite|brn\n|move|p1a: Zamazenta|Heavy Slam|p2a: Sinistcha\n|-damage|p2a: Sinistcha|75/100\n|-damage|p1a: Zamazenta|78/100 par|[from] item: Rocky Helmet|[of] p2a: Sinistcha\n|\n|-damage|p1b: Dragonite|74/100 brn|[from] brn\n|upkeep\n|turn|4\n|\n|t:|1775828569\n|switch|p1b: Raging Bolt|Raging Bolt, L50|100/100\n|-enditem|p1b: Raging Bolt|Booster Energy\n|-activate|p1b: Raging Bolt|ability: Protosynthesis|[fromitem]\n|-start|p1b: Raging Bolt|protosynthesisspa\n|move|p2a: Sinistcha|Strength Sap|p1a: Zamazenta\n|-unboost|p1a: Zamazenta|atk|1\n|-heal|p2a: Sinistcha|100/100\n|move|p1a: Zamazenta|Body Press|p2b: Calyrex\n|-damage|p2b: Calyrex|42/100\n|move|p2b: Calyrex|Glacial Lance|p1b: Raging Bolt|[spread] p1a,p1b\n|-resisted|p1a: Zamazenta\n|-supereffective|p1b: Raging Bolt\n|-damage|p1a: Zamazenta|65/100 par\n|-damage|p1b: Raging Bolt|0 fnt\n|faint|p1b: Raging Bolt\n|-end|p1b: Raging Bolt|Protosynthesis|[silent]\n|-ability|p2b: Calyrex|Chilling Neigh|boost\n|-boost|p2b: Calyrex|atk|1\n|\n|upkeep\n|\n|t:|1775828581\n|switch|p1b: Calyrex|Calyrex-Shadow, L50|100/100\n|-ability|p1b: Calyrex|As One\n|-ability|p1b: Calyrex|Unnerve\n|turn|5\n|\n|t:|1775828616\n|switch|p2a: Miraidon|Miraidon, L50|100/100\n|-activate|p2a: Miraidon|ability: Hadron Engine\n|move|p2b: Calyrex|Protect|p2b: Calyrex\n|-singleturn|p2b: Calyrex|Protect\n|move|p1b: Calyrex|Astral Barrage|p2b: Calyrex|[spread] p2a\n|-activate|p2b: Calyrex|move: Protect\n|-damage|p2a: Miraidon|72/100\n|move|p1a: Zamazenta|Body Press|p2b: Calyrex\n|-activate|p2b: Calyrex|move: Protect\n|\n|-sideend|p2: pzyxhic|Reflect\n|-fieldend|move: Electric Terrain\n|upkeep\n|turn|6\n|\n|t:|1775828664\n|-terastallize|p2b: Calyrex|Water\n|move|p1b: Calyrex|Astral Barrage|p2a: Miraidon|[spread] p2a,p2b\n|-damage|p2a: Miraidon|43/100\n|-damage|p2b: Calyrex|3/100\n|move|p2a: Miraidon|Snarl|p1a: Zamazenta|[spread] p1a,p1b\n|-resisted|p1a: Zamazenta\n|-supereffective|p1b: Calyrex\n|-damage|p1a: Zamazenta|60/100 par\n|-damage|p1b: Calyrex|37/100\n|-unboost|p1a: Zamazenta|spa|1\n|-unboost|p1b: Calyrex|spa|1\n|move|p1a: Zamazenta|Body Press|p2a: Miraidon\n|-damage|p2a: Miraidon|0 fnt\n|faint|p2a: Miraidon\n|move|p2b: Calyrex|Leech Seed|p1b: Calyrex\n|-start|p1b: Calyrex|move: Leech Seed\n|\n|-damage|p1b: Calyrex|24/100|[from] Leech Seed|[of] p2b: Calyrex\n|-heal|p2b: Calyrex|14/100|[silent]\n|upkeep\n|\n|t:|1775828684\n|switch|p2a: Grimmsnarl|Grimmsnarl, L50, M|6/100\n|turn|7\n|\n|t:|1775828695\n|switch|p1b: Dragonite|Dragonite, L50, F, tera:Normal|74/100 brn\n|move|p2b: Calyrex|Protect|p2b: Calyrex\n|-singleturn|p2b: Calyrex|Protect\n|move|p2a: Grimmsnarl|Light Screen|p2a: Grimmsnarl\n|-sidestart|p2: pzyxhic|move: Light Screen\n|move|p1a: Zamazenta|Body Press|p2a: Grimmsnarl\n|-damage|p2a: Grimmsnarl|0 fnt\n|faint|p2a: Grimmsnarl\n|\n|-damage|p1b: Dragonite|68/100 brn|[from] brn\n|upkeep\n|\n|t:|1775828708\n|switch|p2a: Sinistcha|Sinistcha-Masterpiece, L50|100/100\n|-heal|p2b: Calyrex|39/100|[from] ability: Hospitality|[of] p2a: Sinistcha\n|turn|8\n|\n|t:|1775828721\n|move|p1b: Dragonite|Outrage|p2a: Sinistcha\n|-damage|p2a: Sinistcha|65/100\n|-damage|p1b: Dragonite|52/100 brn|[from] item: Rocky Helmet|[of] p2a: Sinistcha\n|move|p2a: Sinistcha|Life Dew|p2a: Sinistcha|[spread] p2a,p2b\n|-heal|p2a: Sinistcha|90/100\n|-heal|p2b: Calyrex|64/100\n|move|p1a: Zamazenta|Body Press|p2b: Calyrex\n|-damage|p2b: Calyrex|23/100\n|move|p2b: Calyrex|Leech Seed|p1a: Zamazenta\n|-start|p1a: Zamazenta|move: Leech Seed\n|\n|-damage|p1a: Zamazenta|48/100 par|[from] Leech Seed|[of] p2b: Calyrex\n|-heal|p2b: Calyrex|34/100|[silent]\n|-damage|p1b: Dragonite|45/100 brn|[from] brn\n|upkeep\n|turn|9\n|\n|t:|1775828748\n|move|p2a: Sinistcha|Rage Powder|p2a: Sinistcha\n|-singleturn|p2a: Sinistcha|move: Rage Powder\n|move|p1b: Dragonite|Outrage|p2a: Sinistcha|[from] lockedmove\n|-damage|p2a: Sinistcha|50/100\n|-damage|p1b: Dragonite|29/100 brn|[from] item: Rocky Helmet|[of] p2a: Sinistcha\n|move|p1a: Zamazenta|Body Press|p2a: Sinistcha\n|-immune|p2a: Sinistcha\n|move|p2b: Calyrex|Glacial Lance|p1a: Zamazenta|[spread] p1a,p1b\n|-resisted|p1a: Zamazenta\n|-damage|p1a: Zamazenta|33/100 par\n|-damage|p1b: Dragonite|0 fnt\n|faint|p1b: Dragonite\n|-ability|p2b: Calyrex|Chilling Neigh|boost\n|-boost|p2b: Calyrex|atk|1\n|\n|-damage|p1a: Zamazenta|20/100 par|[from] Leech Seed|[of] p2b: Calyrex\n|-heal|p2b: Calyrex|46/100|[silent]\n|upkeep\n|\n|t:|1775828753\n|switch|p1b: Calyrex|Calyrex-Shadow, L50|24/100\n|-ability|p1b: Calyrex|As One\n|-ability|p1b: Calyrex|Unnerve\n|turn|10\n|\n|t:|1775828793\n|cant|p1a: Zamazenta|par\n|move|p1b: Calyrex|Astral Barrage|p2a: Sinistcha|[spread] p2a,p2b\n|-supereffective|p2a: Sinistcha\n|-damage|p2a: Sinistcha|0 fnt\n|-damage|p2b: Calyrex|20/100\n|faint|p2a: Sinistcha\n|-ability|p1b: Calyrex|Grim Neigh|boost\n|-boost|p1b: Calyrex|spa|1\n|move|p2b: Calyrex|Glacial Lance|p1a: Zamazenta|[spread] p1a,p1b\n|-resisted|p1a: Zamazenta\n|-damage|p1a: Zamazenta|0 fnt\n|-damage|p1b: Calyrex|0 fnt\n|faint|p1a: Zamazenta\n|faint|p1b: Calyrex\n|\n|win|pzyxhic\n|raw|Mr.checkmate\u65e0\u5fc3\u65e0\u68a6's rating: 1532 &rarr; <strong>1518</strong><br />(-14 for losing)\n|raw|pzyxhic's rating: 1644 &rarr; <strong>1658</strong><br />(+14 for winning)\n|l|\u2606Mr.checkmate\u65e0\u5fc3\u65e0\u68a6\n|player|p1|\n|l|\u2606pzyxhic\n|player|p2|\n","uploadtime":1775828994,"views":14,"formatid":"gen9vgc2026regi","rating":1518,"private":0,"password":null}