{"id":"gen9vgc2026regi-2577720887","format":"[Gen 9] VGC 2026 Reg I","players":["don juan dozo","KCLord"],"log":"|j|\u2606don juan dozo\n|j|\u2606KCLord\n|t:|1775599313\n|gametype|doubles\n|player|p1|don juan dozo|101|1450\n|player|p2|KCLord|lucas|1425\n|gen|9\n|tier|[Gen 9] VGC 2026 Reg I\n|rated|\n|rule|Species Clause: Limit one of each Pok\u00e9mon\n|rule|Item Clause: Limit 1 of each item\n|clearpoke\n|poke|p1|Calyrex-Shadow, L50|\n|poke|p1|Zamazenta-*, L50|\n|poke|p1|Ting-Lu, L50|\n|poke|p1|Dondozo, L50, M|\n|poke|p1|Chien-Pao, L50|\n|poke|p1|Ogerpon-Hearthflame, L50, F|\n|poke|p2|Calyrex-Shadow, L50|\n|poke|p2|Zamazenta-*, L50|\n|poke|p2|Chien-Pao, L50|\n|poke|p2|Dragonite, L50, M|\n|poke|p2|Raging Bolt, L50|\n|poke|p2|Ogerpon-Cornerstone, L50, F|\n|teampreview|4\n|inactive|Battle timer is ON: inactive players will automatically lose when time's up. (requested by don juan dozo)\n|\n|t:|1775599385\n|teamsize|p1|4\n|teamsize|p2|4\n|start\n|switch|p1a: Jordan 96/97|Ting-Lu, L50|100/100\n|switch|p1b: Ivan Karamazov|Dondozo, L50, M|100/100\n|switch|p2a: Ramazotti-C|Zamazenta-Crowned, L50|100/100\n|switch|p2b: Dragonite|Dragonite, L50, M|100/100\n|-ability|p2a: Ramazotti-C|Dauntless Shield|boost\n|-boost|p2a: Ramazotti-C|def|1\n|-ability|p1a: Jordan 96/97|Vessel of Ruin\n|turn|1\n|inactive|KCLord has 30 seconds left.\n|inactive|KCLord has 20 seconds left.\n|inactive|KCLord has 15 seconds left.\n|inactive|KCLord has 10 seconds left.\n|\n|t:|1775599434\n|-terastallize|p1a: Jordan 96/97|Fairy\n|move|p2a: Ramazotti-C|Body Press|p1a: Jordan 96/97\n|-resisted|p1a: Jordan 96/97\n|-damage|p1a: Jordan 96/97|82/100\n|-damage|p2a: Ramazotti-C|84/100|[from] item: Rocky Helmet|[of] p1a: Jordan 96/97\n|move|p2b: Dragonite|Outrage|p1b: Ivan Karamazov\n|-damage|p1b: Ivan Karamazov|37/100\n|move|p1a: Jordan 96/97|Sand Tomb|p2a: Ramazotti-C\n|-supereffective|p2a: Ramazotti-C\n|-damage|p2a: Ramazotti-C|74/100\n|-activate|p2a: Ramazotti-C|move: Sand Tomb|[of] p1a: Jordan 96/97\n|move|p1b: Ivan Karamazov|Yawn|p2b: Dragonite\n|-start|p2b: Dragonite|move: Yawn|[of] p1b: Ivan Karamazov\n|\n|-heal|p1b: Ivan Karamazov|43/100|[from] item: Leftovers\n|-damage|p2a: Ramazotti-C|62/100|[from] move: Sand Tomb|[partiallytrapped]\n|upkeep\n|turn|2\n|inactive|KCLord has 30 seconds left.\n|inactive|KCLord has 20 seconds left.\n|inactive|KCLord has 15 seconds left.\n|\n|t:|1775599476\n|move|p2a: Ramazotti-C|Body Press|p1b: Ivan Karamazov\n|-damage|p1b: Ivan Karamazov|0 fnt\n|faint|p1b: Ivan Karamazov\n|move|p2b: Dragonite|Outrage|p1a: Jordan 96/97|[from] lockedmove\n|-immune|p1a: Jordan 96/97\n|move|p1a: Jordan 96/97|Stealth Rock|p2a: Ramazotti-C\n|-sidestart|p2: KCLord|move: Stealth Rock\n|\n|-damage|p2a: Ramazotti-C|50/100|[from] move: Sand Tomb|[partiallytrapped]\n|-end|p2b: Dragonite|move: Yawn|[silent]\n|-status|p2b: Dragonite|slp\n|upkeep\n|\n|t:|1775599484\n|switch|p1b: 221 speed|Calyrex-Shadow, L50|100/100\n|-ability|p1b: 221 speed|As One\n|-ability|p1b: 221 speed|Unnerve\n|turn|3\n|inactive|KCLord has 30 seconds left.\n|\n|t:|1775599512\n|move|p1b: 221 speed|Encore|p2a: Ramazotti-C\n|-start|p2a: Ramazotti-C|Encore\n|move|p2a: Ramazotti-C|Body Press|p1a: Jordan 96/97\n|-resisted|p1a: Jordan 96/97\n|-damage|p1a: Jordan 96/97|65/100\n|-damage|p2a: Ramazotti-C|33/100|[from] item: Rocky Helmet|[of] p1a: Jordan 96/97\n|cant|p2b: Dragonite|slp\n|move|p1a: Jordan 96/97|Ruination|p2b: Dragonite\n|-damage|p2b: Dragonite|50/100 slp\n|\n|-damage|p2a: Ramazotti-C|21/100|[from] move: Sand Tomb|[partiallytrapped]\n|upkeep\n|turn|4\n|\n|t:|1775599532\n|switch|p2b: Chien-Pao|Chien-Pao, L50|100/100\n|-damage|p2b: Chien-Pao|75/100|[from] Stealth Rock\n|-ability|p2b: Chien-Pao|Sword of Ruin\n|move|p1b: 221 speed|Astral Barrage|p2a: Ramazotti-C|[spread] p2a,p2b\n|-resisted|p2b: Chien-Pao\n|-damage|p2a: Ramazotti-C|0 fnt\n|-damage|p2b: Chien-Pao|59/100\n|faint|p2a: Ramazotti-C\n|-ability|p1b: 221 speed|Grim Neigh|boost\n|-boost|p1b: 221 speed|spa|1\n|move|p1a: Jordan 96/97|Ruination|p2b: Chien-Pao\n|-damage|p2b: Chien-Pao|30/100\n|\n|upkeep\n|\n|t:|1775599547\n|switch|p2a: Calyrex|Calyrex-Shadow, L50|100/100\n|-ability|p2a: Calyrex|As One\n|-ability|p2a: Calyrex|Unnerve\n|-damage|p2a: Calyrex|88/100|[from] Stealth Rock\n|turn|5\n|inactive|KCLord has 30 seconds left.\n|\n|t:|1775599572\n|move|p1b: 221 speed|Protect|p1b: 221 speed\n|-singleturn|p1b: 221 speed|Protect\n|move|p2a: Calyrex|Protect|p2a: Calyrex\n|-singleturn|p2a: Calyrex|Protect\n|move|p2b: Chien-Pao|Icy Wind|p1a: Jordan 96/97|[spread] p1a\n|-activate|p1b: 221 speed|move: Protect\n|-damage|p1a: Jordan 96/97|60/100\n|-unboost|p1a: Jordan 96/97|spe|1\n|move|p1a: Jordan 96/97|Sand Tomb|p2b: Chien-Pao\n|-damage|p2b: Chien-Pao|12/100\n|-activate|p2b: Chien-Pao|move: Sand Tomb|[of] p1a: Jordan 96/97\n|\n|-damage|p2b: Chien-Pao|0 fnt|[from] move: Sand Tomb|[partiallytrapped]\n|faint|p2b: Chien-Pao\n|upkeep\n|\n|t:|1775599576\n|switch|p2b: Dragonite|Dragonite, L50, M|50/100 slp\n|-damage|p2b: Dragonite|25/100 slp|[from] Stealth Rock\n|turn|6\n|inactive|KCLord has 30 seconds left.\n|inactive|KCLord has 20 seconds left.\n|\n|t:|1775599611\n|-terastallize|p2b: Dragonite|Normal\n|cant|p2b: Dragonite|slp\n|move|p1b: 221 speed|Astral Barrage|p2b: Dragonite|[spread] p2a\n|-immune|p2b: Dragonite\n|-supereffective|p2a: Calyrex\n|-damage|p2a: Calyrex|0 fnt\n|faint|p2a: Calyrex\n|-ability|p1b: 221 speed|Grim Neigh|boost\n|-boost|p1b: 221 speed|spa|1\n|move|p1a: Jordan 96/97|Sand Tomb|p2b: Dragonite\n|-damage|p2b: Dragonite|13/100 slp\n|-activate|p2b: Dragonite|move: Sand Tomb|[of] p1a: Jordan 96/97\n|\n|-damage|p2b: Dragonite|1/100 slp|[from] move: Sand Tomb|[partiallytrapped]\n|upkeep\n|turn|7\n|-message|KCLord forfeited.\n|\n|win|don juan dozo\n|raw|don juan dozo's rating: 1450 &rarr; <strong>1469</strong><br />(+19 for winning)\n|raw|KCLord's rating: 1425 &rarr; <strong>1406</strong><br />(-19 for losing)\n|l|\u2606KCLord\n|player|p2|\n|l|\u2606don juan dozo\n|player|p1|\n","uploadtime":1775599872,"views":9,"formatid":"gen9vgc2026regi","rating":1406,"private":0,"password":null}