{"id":"gen9vgc2026regi-2571747631","format":"[Gen 9] VGC 2026 Reg I","players":["Dezmane","AtomEveVGC"],"log":"|j|\u2606Dezmane\n|j|\u2606AtomEveVGC\n|t:|1774959946\n|gametype|doubles\n|player|p1|Dezmane|2|1360\n|player|p2|AtomEveVGC|169|1380\n|gen|9\n|tier|[Gen 9] VGC 2026 Reg I\n|rated|\n|rule|Species Clause: Limit one of each Pok\u00e9mon\n|rule|Item Clause: Limit 1 of each item\n|clearpoke\n|poke|p1|Kyogre, L50|\n|poke|p1|Miraidon, L50|\n|poke|p1|Kingambit, L50, F|\n|poke|p1|Ogerpon-Hearthflame, L50, F|\n|poke|p1|Iron Bundle, L50|\n|poke|p1|Landorus-Therian, L50, M|\n|poke|p2|Miraidon, L50|\n|poke|p2|Lunala, L50|\n|poke|p2|Whimsicott, L50, M|\n|poke|p2|Urshifu-*, L50, F|\n|poke|p2|Incineroar, L50, F|\n|poke|p2|Ursaluna, L50, M|\n|teampreview|4\n|inactive|Battle timer is ON: inactive players will automatically lose when time's up. (requested by Dezmane)\n|inactive|Dezmane has 60 seconds left.\n|inactive|AtomEveVGC has 60 seconds left.\n|inactive|Dezmane has 30 seconds left.\n|\n|t:|1774960010\n|teamsize|p1|4\n|teamsize|p2|4\n|start\n|switch|p1a: Landorus|Landorus-Therian, L50, M|100/100\n|switch|p1b: Miraidon|Miraidon, L50|100/100\n|switch|p2a: Miraidon|Miraidon, L50|100/100\n|switch|p2b: Urshifu|Urshifu-Rapid-Strike, L50, F|100/100\n|-ability|p1a: Landorus|Intimidate|boost\n|-unboost|p2a: Miraidon|atk|1\n|-unboost|p2b: Urshifu|atk|1\n|-fieldstart|move: Electric Terrain|[from] ability: Hadron Engine|[of] p1b: Miraidon\n|-activate|p2a: Miraidon|ability: Hadron Engine\n|turn|1\n|inactive|Dezmane has 30 seconds left.\n|inactive|Dezmane has 20 seconds left.\n|inactive|Dezmane has 15 seconds left.\n|inactive|Dezmane has 10 seconds left.\n|inactive|Dezmane has 5 seconds left.\n|\n|t:|1774960062\n|switch|p2b: Ursaluna|Ursaluna, L50, M|100/100\n|move|p2a: Miraidon|Protect|p2a: Miraidon\n|-singleturn|p2a: Miraidon|Protect\n|move|p1a: Landorus|Stomping Tantrum|p2a: Miraidon\n|-activate|p2a: Miraidon|move: Protect\n|move|p1b: Miraidon|Electro Drift|p2b: Ursaluna\n|-immune|p2b: Ursaluna\n|\n|-status|p2b: Ursaluna|brn|[from] item: Flame Orb\n|upkeep\n|turn|2\n|inactive|AtomEveVGC has 30 seconds left.\n|inactive|AtomEveVGC has 20 seconds left.\n|\n|t:|1774960098\n|switch|p1a: Kingambit|Kingambit, L50, F|100/100\n|switch|p1b: Kyogre|Kyogre, L50|100/100\n|-weather|RainDance|[from] ability: Drizzle|[of] p1b: Kyogre\n|switch|p2a: Lunala|Lunala, L50|100/100\n|-enditem|p2a: Lunala|Electric Seed\n|-boost|p2a: Lunala|def|1|[from] item: Electric Seed\n|move|p2b: Ursaluna|Facade|p1b: Kyogre\n|-damage|p1b: Kyogre|0 fnt\n|faint|p1b: Kyogre\n|\n|-weather|RainDance|[upkeep]\n|-damage|p2b: Ursaluna|94/100 brn|[from] brn\n|upkeep\n|\n|t:|1774960122\n|switch|p1b: Miraidon|Miraidon, L50|100/100\n|-activate|p1b: Miraidon|ability: Hadron Engine\n|turn|3\n|\n|t:|1774960132\n|-terastallize|p2a: Lunala|Fairy\n|move|p1b: Miraidon|Dragon Pulse|p2b: Ursaluna\n|-damage|p2b: Ursaluna|39/100 brn\n|move|p2a: Lunala|Moonblast|p1b: Miraidon\n|-supereffective|p1b: Miraidon\n|-damage|p1b: Miraidon|0 fnt\n|faint|p1b: Miraidon\n|move|p2b: Ursaluna|Headlong Rush|p1a: Kingambit\n|-supereffective|p1a: Kingambit\n|-damage|p1a: Kingambit|0 fnt\n|-unboost|p2b: Ursaluna|def|1\n|-unboost|p2b: Ursaluna|spd|1\n|faint|p1a: Kingambit\n|-end|p1a: Kingambit|fallenundefined|[silent]\n|\n|-weather|RainDance|[upkeep]\n|-damage|p2b: Ursaluna|33/100 brn|[from] brn\n|upkeep\n|\n|t:|1774960144\n|switch|p1b: Landorus|Landorus-Therian, L50, M|100/100\n|-ability|p1b: Landorus|Intimidate|boost\n|-unboost|p2a: Lunala|atk|1\n|-unboost|p2b: Ursaluna|atk|1\n|turn|4\n|\n|t:|1774960154\n|switch|p2b: Urshifu|Urshifu-Rapid-Strike, L50, F|100/100\n|move|p1b: Landorus|Stomping Tantrum|p2b: Urshifu\n|-damage|p2b: Urshifu|58/100\n|move|p2a: Lunala|Trick Room|p2a: Lunala\n|-fieldstart|move: Trick Room|[of] p2a: Lunala\n|\n|-weather|RainDance|[upkeep]\n|upkeep\n|turn|5\n|\n|t:|1774960164\n|switch|p2a: Ursaluna|Ursaluna, L50, M|33/100 brn\n|move|p2b: Urshifu|Surging Strikes|p1b: Landorus\n|-supereffective|p1b: Landorus\n|-crit|p1b: Landorus\n|-damage|p1b: Landorus|0 fnt\n|faint|p1b: Landorus\n|-hitcount|p1: Landorus|1\n|\n|win|AtomEveVGC\n|raw|Dezmane's rating: 1360 &rarr; <strong>1341</strong><br />(-19 for losing)\n|raw|AtomEveVGC's rating: 1380 &rarr; <strong>1399</strong><br />(+19 for winning)\n|c|\u2606Dezmane|Gg\n|c|\u2606AtomEveVGC|NOT REALLY\n","uploadtime":1774960177,"views":60,"formatid":"gen9vgc2026regi","rating":1341,"private":0,"password":null}