{"id":"gen9vgc2026regi-2564849076","format":"[Gen 9] VGC 2026 Reg I","players":["ageil2","sfyz"],"log":"|j|\u2606ageil2\n|j|\u2606sfyz\n|t:|1774203718\n|gametype|doubles\n|player|p1|ageil2|265|1250\n|player|p2|sfyz|red|1281\n|gen|9\n|tier|[Gen 9] VGC 2026 Reg I\n|rated|\n|rule|Species Clause: Limit one of each Pok\u00e9mon\n|rule|Item Clause: Limit 1 of each item\n|clearpoke\n|poke|p1|Miraidon, L50|\n|poke|p1|Groudon, L50|\n|poke|p1|Ogerpon-Hearthflame, L50, F|\n|poke|p1|Bronzong, L50|\n|poke|p1|Flutter Mane, L50|\n|poke|p1|Whimsicott, L50, M|\n|poke|p2|Calyrex-Ice, L50|\n|poke|p2|Kyogre, L50|\n|poke|p2|Smeargle, L50, F|\n|poke|p2|Indeedee-F, L50, F|\n|poke|p2|Landorus, L50, M|\n|poke|p2|Amoonguss, L50, M|\n|teampreview|4\nsfyz rejected open team sheets.\n|inactive|Battle timer is ON: inactive players will automatically lose when time's up. (requested by sfyz)\n|\n|t:|1774203770\n|teamsize|p1|4\n|teamsize|p2|4\n|start\n|switch|p1a: Miraidon|Miraidon, L50|100/100\n|switch|p1b: Flutter Mane|Flutter Mane, L50|100/100\n|switch|p2a: Calyrex|Calyrex-Ice, L50|100/100\n|switch|p2b: Indeedee|Indeedee-F, L50, F|100/100\n|-ability|p2a: Calyrex|As One\n|-ability|p2a: Calyrex|Unnerve\n|-fieldstart|move: Electric Terrain|[from] ability: Hadron Engine|[of] p1a: Miraidon\n|-fieldstart|move: Psychic Terrain|[from] ability: Psychic Surge|[of] p2b: Indeedee\n|turn|1\n|inactive|sfyz has 30 seconds left.\n|\n|t:|1774203802\n|-end|p1b: Flutter Mane|Protosynthesis|[silent]\n|switch|p1b: Bronzong|Bronzong, L50|100/100\n|-terastallize|p2a: Calyrex|Grass\n|move|p2b: Indeedee|Follow Me|p2b: Indeedee\n|-singleturn|p2b: Indeedee|move: Follow Me\n|move|p1a: Miraidon|Volt Switch|p2b: Indeedee\n|-damage|p2b: Indeedee|41/100\n|\n|t:|1774203813\n|switch|p1a: Groudon|Groudon, L50|100/100|[from] Volt Switch\n|-weather|SunnyDay|[from] ability: Drought|[of] p1a: Groudon\n|move|p2a: Calyrex|Trick Room|p2a: Calyrex\n|-fieldstart|move: Trick Room|[of] p2a: Calyrex\n|\n|-weather|SunnyDay|[upkeep]\n|upkeep\n|turn|2\n|\n|t:|1774203836\n|switch|p2b: Kyogre|Kyogre, L50|100/100\n|-weather|RainDance|[from] ability: Drizzle|[of] p2b: Kyogre\n|-terastallize|p1a: Groudon|Fire\n|move|p1b: Bronzong|Skill Swap|p1a: Groudon\n|-activate|p1b: Bronzong|Skill Swap|||[of] p1a: Groudon\n|-weather|SunnyDay|[from] ability: Drought|[of] p1b: Bronzong\n|move|p2a: Calyrex|Glacial Lance|p1a: Groudon|[spread] p1a,p1b\n|-resisted|p1a: Groudon\n|-resisted|p1b: Bronzong\n|-damage|p1a: Groudon|80/100\n|-damage|p1b: Bronzong|78/100\n|move|p1a: Groudon|Heat Crash|p2a: Calyrex\n|-supereffective|p2a: Calyrex\n|-damage|p2a: Calyrex|33/100\n|-damage|p1a: Groudon|70/100|[from] item: Life Orb\n|\n|-weather|SunnyDay|[upkeep]\n|upkeep\n|turn|3\n|inactive|ageil2 has 30 seconds left.\n|inactive|sfyz has 30 seconds left.\n|\n|t:|1774203865\n|switch|p2b: Landorus|Landorus, L50, M|100/100\n|switch|p2a: Indeedee|Indeedee-F, L50, F|41/100\n|move|p1b: Bronzong|Body Press|p2b: Landorus\n|-resisted|p2b: Landorus\n|-damage|p2b: Landorus|88/100\n|move|p1a: Groudon|Precipice Blades|p2a: Indeedee|[spread] p2a\n|-immune|p2b: Landorus\n|-damage|p2a: Indeedee|0 fnt\n|faint|p2a: Indeedee\n|-damage|p1a: Groudon|60/100|[from] item: Life Orb\n|\n|-weather|SunnyDay|[upkeep]\n|upkeep\n|\n|t:|1774203878\n|switch|p2a: Kyogre|Kyogre, L50|100/100\n|-weather|RainDance|[from] ability: Drizzle|[of] p2a: Kyogre\n|turn|4\n|\n|t:|1774203897\n|move|p1b: Bronzong|Skill Swap|p1a: Groudon\n|-activate|p1b: Bronzong|Skill Swap|||[of] p1a: Groudon\n|-weather|SunnyDay|[from] ability: Drought|[of] p1a: Groudon\n|move|p2a: Kyogre|Water Spout|p1a: Groudon|[spread] p1a,p1b\n|-supereffective|p1a: Groudon\n|-damage|p1a: Groudon|0 fnt\n|-damage|p1b: Bronzong|49/100\n|-enditem|p1b: Bronzong|Sitrus Berry|[eat]\n|-heal|p1b: Bronzong|74/100|[from] item: Sitrus Berry\n|faint|p1a: Groudon\n|move|p2b: Landorus|Earth Power|p1b: Bronzong\n|-immune|p1b: Bronzong|[from] ability: Levitate\n|\n|-weather|SunnyDay|[upkeep]\n|upkeep\n|\n|t:|1774203908\n|switch|p1a: Flutter Mane|Flutter Mane, L50|100/100\n|-activate|p1a: Flutter Mane|ability: Protosynthesis\n|-start|p1a: Flutter Mane|protosynthesisspe\n|turn|5\n|inactive|sfyz has 30 seconds left.\n|inactive|sfyz has 20 seconds left.\n|inactive|sfyz has 15 seconds left.\n|\n|t:|1774203953\n|move|p1a: Flutter Mane|Protect|p1a: Flutter Mane\n|-singleturn|p1a: Flutter Mane|Protect\n|move|p1b: Bronzong|Body Press|p2a: Kyogre\n|-damage|p2a: Kyogre|75/100\n|move|p2a: Kyogre|Water Spout|p1b: Bronzong|[spread] p1b\n|-activate|p1a: Flutter Mane|move: Protect\n|-damage|p1b: Bronzong|51/100\n|move|p2b: Landorus|Earth Power|p1a: Flutter Mane\n|-activate|p1a: Flutter Mane|move: Protect\n|\n|-weather|SunnyDay|[upkeep]\n|-fieldend|move: Trick Room\n|-fieldend|move: Psychic Terrain\n|upkeep\n|turn|6\n|inactive|ageil2 has 30 seconds left.\n|inactive|sfyz has 30 seconds left.\n|inactive|ageil2 has 20 seconds left.\n|inactive|ageil2 has 15 seconds left.\n|inactive|ageil2 has 10 seconds left.\n|\n|t:|1774203999\n|switch|p2b: Calyrex|Calyrex-Ice, L50, tera:Grass|33/100\n|-ability|p2b: Calyrex|As One\n|-ability|p2b: Calyrex|Unnerve\n|switch|p1b: Miraidon|Miraidon, L50|100/100\n|-fieldstart|move: Electric Terrain|[from] ability: Hadron Engine|[of] p1b: Miraidon\n|move|p1a: Flutter Mane|Moonblast|p2a: Kyogre\n|-damage|p2a: Kyogre|42/100\n|move|p2a: Kyogre|Origin Pulse|p1a: Flutter Mane|[spread] p1a\n|-miss|p2a: Kyogre|p1b: Miraidon\n|-damage|p1a: Flutter Mane|75/100\n|\n|-weather|SunnyDay|[upkeep]\n|upkeep\n|turn|7\n|inactive|ageil2 has 30 seconds left.\n|inactive|sfyz has 30 seconds left.\n|\n|t:|1774204031\n|switch|p2a: Landorus|Landorus, L50, M|88/100\n|move|p1a: Flutter Mane|Moonblast|p2a: Landorus\n|-damage|p2a: Landorus|36/100\n|move|p1b: Miraidon|Dazzling Gleam|p2b: Calyrex|[spread] p2a,p2b\n|-crit|p2a: Landorus\n|-damage|p2a: Landorus|0 fnt\n|-damage|p2b: Calyrex|3/100\n|faint|p2a: Landorus\n|move|p2b: Calyrex|Trick Room|p2b: Calyrex\n|-fieldstart|move: Trick Room|[of] p2b: Calyrex\n|\n|-weather|SunnyDay|[upkeep]\n|upkeep\n|\n|t:|1774204041\n|switch|p2a: Kyogre|Kyogre, L50|42/100\n|-weather|RainDance|[from] ability: Drizzle|[of] p2a: Kyogre\n|-end|p1a: Flutter Mane|Protosynthesis\n|turn|8\n|inactive|sfyz has 30 seconds left.\n|\n|t:|1774204067\n|move|p1a: Flutter Mane|Protect|p1a: Flutter Mane\n|-singleturn|p1a: Flutter Mane|Protect\n|move|p2a: Kyogre|Origin Pulse|p1a: Flutter Mane|[spread] p1b\n|-activate|p1a: Flutter Mane|move: Protect\n|-resisted|p1b: Miraidon\n|-damage|p1b: Miraidon|68/100\n|move|p2b: Calyrex|Glacial Lance|p1b: Miraidon|[spread] p1b\n|-activate|p1a: Flutter Mane|move: Protect\n|-supereffective|p1b: Miraidon\n|-damage|p1b: Miraidon|0 fnt\n|faint|p1b: Miraidon\n|-ability|p2b: Calyrex|Chilling Neigh|boost\n|-boost|p2b: Calyrex|atk|1\n|\n|-weather|RainDance|[upkeep]\n|upkeep\n|\n|t:|1774204075\n|switch|p1b: Bronzong|Bronzong, L50|51/100\n|turn|9\n|\n|t:|1774204086\n|move|p1b: Bronzong|Body Press|p2b: Calyrex\n|-damage|p2b: Calyrex|0 fnt\n|faint|p2b: Calyrex\n|move|p2a: Kyogre|Origin Pulse|p1b: Bronzong|[spread] p1b\n|-miss|p2a: Kyogre|p1a: Flutter Mane\n|-damage|p1b: Bronzong|0 fnt\n|faint|p1b: Bronzong\n|move|p1a: Flutter Mane|Moonblast|p2a: Kyogre\n|-damage|p2a: Kyogre|5/100\n|\n|-weather|RainDance|[upkeep]\n|upkeep\n|turn|10\n|inactive|sfyz has 30 seconds left.\n|\n|t:|1774204112\n|move|p1a: Flutter Mane|Protect|p1a: Flutter Mane\n|-singleturn|p1a: Flutter Mane|Protect\n|move|p2a: Kyogre|Origin Pulse|p1a: Flutter Mane\n|-activate|p1a: Flutter Mane|move: Protect\n|\n|-weather|RainDance|[upkeep]\n|-fieldend|move: Electric Terrain\n|upkeep\n|turn|11\n|\n|t:|1774204121\n|move|p1a: Flutter Mane|Protect|p1a: Flutter Mane\n|-singleturn|p1a: Flutter Mane|Protect\n|move|p2a: Kyogre|Origin Pulse|p1a: Flutter Mane\n|-activate|p1a: Flutter Mane|move: Protect\n|\n|-weather|RainDance|[upkeep]\n|-fieldend|move: Trick Room\n|upkeep\n|turn|12\n|\n|t:|1774204129\n|move|p1a: Flutter Mane|Moonblast|p2a: Kyogre\n|-damage|p2a: Kyogre|0 fnt\n|faint|p2a: Kyogre\n|\n|win|ageil2\n|raw|ageil2's rating: 1250 &rarr; <strong>1277</strong><br />(+27 for winning)\n|raw|sfyz's rating: 1281 &rarr; <strong>1254</strong><br />(-27 for losing)\n|l|\u2606sfyz\n|player|p2|\n|l|\u2606ageil2\n|player|p1|\n","uploadtime":1774204270,"views":14,"formatid":"gen9vgc2026regi","rating":1254,"private":0,"password":null}