{"id":"gen9vgc2026regi-2564314721","format":"[Gen 9] VGC 2026 Reg I","players":["conniecut","TOXIC_A7"],"log":"|j|\u2606conniecut\n|j|\u2606TOXIC_A7\n|t:|1774131634\n|gametype|doubles\n|player|p1|conniecut|lady|1159\n|player|p2|TOXIC_A7|cynthia|1165\n|gen|9\n|tier|[Gen 9] VGC 2026 Reg I\n|rated|\n|rule|Species Clause: Limit one of each Pok\u00e9mon\n|rule|Item Clause: Limit 1 of each item\n|clearpoke\n|poke|p1|Calyrex-Ice, L50|\n|poke|p1|Sentret, L50, F|\n|poke|p1|Ho-Oh, L50|\n|poke|p1|Ursaluna-Bloodmoon, L50, M|\n|poke|p1|Amoonguss, L50, M|\n|poke|p1|Urshifu-*, L50, F|\n|poke|p2|Tornadus, L50, M|\n|poke|p2|Kyogre, L50|\n|poke|p2|Urshifu-*, L50, M|\n|poke|p2|Incineroar, L50, F|\n|poke|p2|Farigiraf, L50, F|\n|poke|p2|Miraidon, L50|\n|teampreview|4\n|inactive|Battle timer is ON: inactive players will automatically lose when time's up. (requested by TOXIC_A7)\nTOXIC_A7 has agreed to open team sheets.\n|inactive|TOXIC_A7 has 60 seconds left.\n|inactive|TOXIC_A7 has 30 seconds left.\nconniecut rejected open team sheets.\n|inactive|TOXIC_A7 has 20 seconds left.\n|inactive|TOXIC_A7 has 15 seconds left.\n|inactive|TOXIC_A7 has 10 seconds left.\n|inactive|TOXIC_A7 has 5 seconds left.\n|\n|t:|1774131727\n|teamsize|p1|4\n|teamsize|p2|4\n|start\n|switch|p1a: Calyrex|Calyrex-Ice, L50|100/100\n|switch|p1b: Sentret|Sentret, L50, F|100/100\n|switch|p2a: Tornadus|Tornadus, L50, M, shiny|100/100\n|switch|p2b: Kyogre|Kyogre, L50, shiny|100/100\n|-ability|p1a: Calyrex|As One\n|-ability|p1a: Calyrex|Unnerve\n|-weather|RainDance|[from] ability: Drizzle|[of] p2b: Kyogre\n|-item|p2a: Tornadus|Covert Cloak|[from] ability: Frisk|[of] p1b: Sentret\n|-item|p2b: Kyogre|Mystic Water|[from] ability: Frisk|[of] p1b: Sentret\n|turn|1\n|\n|t:|1774131741\n|move|p1b: Sentret|Follow Me|p1b: Sentret\n|-singleturn|p1b: Sentret|move: Follow Me\n|move|p2a: Tornadus|Tailwind|p2a: Tornadus\n|-sidestart|p2: TOXIC_A7|move: Tailwind\n|move|p2b: Kyogre|Water Spout|p1a: Calyrex|[spread] p1a,p1b\n|-damage|p1a: Calyrex|11/100\n|-enditem|p1b: Sentret|Focus Sash\n|-damage|p1b: Sentret|1/100\n|move|p1a: Calyrex|Trick Room|p1a: Calyrex\n|-fieldstart|move: Trick Room|[of] p1a: Calyrex\n|\n|-weather|RainDance|[upkeep]\n|upkeep\n|turn|2\n|\n|t:|1774131755\n|move|p2b: Kyogre|Protect|p2b: Kyogre\n|-singleturn|p2b: Kyogre|Protect\n|move|p1b: Sentret|Endeavor|p2b: Kyogre\n|-activate|p2b: Kyogre|move: Protect\n|move|p1a: Calyrex|Glacial Lance|p2b: Kyogre|[spread] p2a\n|-activate|p2b: Kyogre|move: Protect\n|-supereffective|p2a: Tornadus\n|-damage|p2a: Tornadus|0 fnt\n|faint|p2a: Tornadus\n|-ability|p1a: Calyrex|Chilling Neigh|boost\n|-boost|p1a: Calyrex|atk|1\n|\n|-weather|RainDance|[upkeep]\n|upkeep\n|\n|t:|1774131767\n|switch|p2a: Incineroar|Incineroar, L50, F, shiny|100/100\n|-ability|p2a: Incineroar|Intimidate|boost\n|-unboost|p1a: Calyrex|atk|1\n|-unboost|p1b: Sentret|atk|1\n|turn|3\n|inactive|TOXIC_A7 has 30 seconds left.\n|inactive|TOXIC_A7 has 20 seconds left.\n|\n|t:|1774131807\n|switch|p2b: Urshifu|Urshifu-Rapid-Strike, L50, M|100/100\n|move|p1a: Calyrex|Protect|p1a: Calyrex\n|-singleturn|p1a: Calyrex|Protect\n|move|p2a: Incineroar|Fake Out|p1a: Calyrex\n|-activate|p1a: Calyrex|move: Protect\n|move|p1b: Sentret|Endeavor|p2b: Urshifu\n|-damage|p2b: Urshifu|1/100\n|\n|-weather|RainDance|[upkeep]\n|upkeep\n|turn|4\n|\n|t:|1774131831\n|move|p1a: Calyrex|Protect||[still]\n|-fail|p1a: Calyrex\n|move|p2b: Urshifu|Aqua Jet|p1a: Calyrex\n|-damage|p1a: Calyrex|0 fnt\n|faint|p1a: Calyrex\n|move|p1b: Sentret|Endeavor|p2a: Incineroar\n|-damage|p2a: Incineroar|1/100\n|move|p2a: Incineroar|Knock Off|p1b: Sentret\n|-damage|p1b: Sentret|0 fnt\n|faint|p1b: Sentret\n|\n|-weather|RainDance|[upkeep]\n|-sideend|p2: TOXIC_A7|move: Tailwind\n|upkeep\n|\n|t:|1774131839\n|switch|p1b: Ursaluna|Ursaluna-Bloodmoon, L50, M|100/100\n|switch|p1a: Amoonguss|Amoonguss, L50, M|100/100\n|turn|5\n|\n|t:|1774131858\n|move|p2b: Urshifu|Aqua Jet|p1b: Ursaluna\n|-supereffective|p1b: Ursaluna\n|-damage|p1b: Ursaluna|49/100\n|move|p1a: Amoonguss|Spore|p2b: Urshifu\n|-status|p2b: Urshifu|slp|[from] move: Spore\n|move|p1b: Ursaluna|Hyper Voice|p2a: Incineroar|[spread] p2a,p2b\n|-damage|p2a: Incineroar|0 fnt\n|-damage|p2b: Urshifu|0 fnt\n|faint|p2a: Incineroar\n|faint|p2b: Urshifu\n|\n|-weather|none\n|-fieldend|move: Trick Room\n|upkeep\n|\n|t:|1774131867\n|switch|p2b: Kyogre|Kyogre, L50, shiny|100/100\n|-weather|RainDance|[from] ability: Drizzle|[of] p2b: Kyogre\n|turn|6\n|\n|t:|1774131874\n|-terastallize|p2b: Kyogre|Grass\n|-terastallize|p1b: Ursaluna|Normal\n|move|p2b: Kyogre|Water Spout|p1a: Amoonguss|[spread] p1a,p1b\n|-resisted|p1a: Amoonguss\n|-damage|p1a: Amoonguss|45/100\n|-damage|p1b: Ursaluna|0 fnt\n|faint|p1b: Ursaluna\n|move|p1a: Amoonguss|Spore|p2b: Kyogre\n|-immune|p2b: Kyogre\n|\n|-weather|RainDance|[upkeep]\n|upkeep\n|turn|7\n|-message|conniecut forfeited.\n|\n|win|TOXIC_A7\n|raw|conniecut's rating: 1159 &rarr; <strong>1134</strong><br />(-25 for losing)\n|raw|TOXIC_A7's rating: 1165 &rarr; <strong>1190</strong><br />(+25 for winning)\n|l|\u2606conniecut\n|player|p1|\n|l|\u2606TOXIC_A7\n|player|p2|\n","uploadtime":1774132032,"views":12,"formatid":"gen9vgc2026regi","rating":1134,"private":0,"password":null}