{"id":"gen9vgc2026regi-2581839919","format":"[Gen 9] VGC 2026 Reg I","players":["phoeniKSP","yicz"],"log":"|j|\u2606phoeniKSP\n|j|\u2606yicz\n|t:|1776032708\n|gametype|doubles\n|player|p1|phoeniKSP|barry|1528\n|player|p2|yicz|265|1550\n|gen|9\n|tier|[Gen 9] VGC 2026 Reg I\n|rated|\n|rule|Species Clause: Limit one of each Pok\u00e9mon\n|rule|Item Clause: Limit 1 of each item\n|clearpoke\n|poke|p1|Giratina-Origin, L50|\n|poke|p1|Zamazenta-*, L50|\n|poke|p1|Chien-Pao, L50|\n|poke|p1|Entei, L50|\n|poke|p1|Urshifu-*, L50, M|\n|poke|p1|Rillaboom, L50, F|\n|poke|p2|Incineroar, L50, M|\n|poke|p2|Koraidon, L50|\n|poke|p2|Rillaboom, L50, F|\n|poke|p2|Calyrex-Ice, L50|\n|poke|p2|Smeargle, L50, F|\n|poke|p2|Landorus, L50, M|\n|teampreview|4\n|j| Bubsnz\n|\n|t:|1776032736\n|teamsize|p1|4\n|teamsize|p2|4\n|start\n|switch|p1a: Chien-Pao|Chien-Pao, L50|100/100\n|switch|p1b: Entei|Entei, L50|100/100\n|switch|p2a: Koraidon|Koraidon, L50|100/100\n|switch|p2b: Calyrex|Calyrex-Ice, L50|100/100\n|-ability|p2b: Calyrex|As One\n|-ability|p2b: Calyrex|Unnerve\n|-ability|p1a: Chien-Pao|Sword of Ruin\n|-weather|SunnyDay|[from] ability: Orichalcum Pulse|[of] p2a: Koraidon\n|-activate|p2a: Koraidon|Orichalcum Pulse|[source]\n|turn|1\n|\n|t:|1776032756\n|switch|p2b: Incineroar|Incineroar, L50, M|100/100\n|-ability|p2b: Incineroar|Intimidate|boost\n|-unboost|p1a: Chien-Pao|atk|1\n|-fail|p1b: Entei|unboost|Attack|[from] ability: Inner Focus|[of] p1b: Entei\n|move|p2a: Koraidon|Protect|p2a: Koraidon\n|-singleturn|p2a: Koraidon|Protect\n|move|p1a: Chien-Pao|Icicle Crash|p2a: Koraidon\n|-activate|p2a: Koraidon|move: Protect\n|move|p1b: Entei|Sacred Fire|p2b: Incineroar\n|-resisted|p2b: Incineroar\n|-damage|p2b: Incineroar|46/100\n|-damage|p1b: Entei|91/100|[from] item: Life Orb\n|\n|-weather|SunnyDay|[upkeep]\n|upkeep\n|turn|2\n|\n|t:|1776032798\n|-terastallize|p2a: Koraidon|Fire\n|-terastallize|p1b: Entei|Normal\n|move|p1b: Entei|Extreme Speed|p2a: Koraidon\n|-damage|p2a: Koraidon|37/100\n|-damage|p1b: Entei|81/100|[from] item: Life Orb\n|move|p1a: Chien-Pao|Crunch|p2a: Koraidon\n|-damage|p2a: Koraidon|8/100\n|move|p2a: Koraidon|Collision Course|p1b: Entei\n|-supereffective|p1b: Entei\n|-damage|p1b: Entei|0 fnt\n|faint|p1b: Entei\n|move|p2b: Incineroar|Parting Shot|p1a: Chien-Pao\n|-unboost|p1a: Chien-Pao|atk|1\n|-unboost|p1a: Chien-Pao|spa|1\n|\n|t:|1776032819\n|switch|p2b: Calyrex|Calyrex-Ice, L50|100/100|[from] Parting Shot\n|-ability|p2b: Calyrex|As One\n|-ability|p2b: Calyrex|Unnerve\n|\n|-weather|SunnyDay|[upkeep]\n|upkeep\n|\n|t:|1776032828\n|switch|p1b: Zamazenta|Zamazenta-Crowned, L50|100/100\n|-ability|p1b: Zamazenta|Dauntless Shield|boost\n|-boost|p1b: Zamazenta|def|1\n|turn|3\n|\n|t:|1776032846\n|switch|p2a: Incineroar|Incineroar, L50, M|46/100\n|-ability|p2a: Incineroar|Intimidate|boost\n|-unboost|p1a: Chien-Pao|atk|1\n|-unboost|p1b: Zamazenta|atk|1\n|move|p1a: Chien-Pao|Sucker Punch||[still]\n|-fail|p1a: Chien-Pao\n|move|p1b: Zamazenta|Body Press|p2b: Calyrex\n|-damage|p2b: Calyrex|46/100\n|move|p2b: Calyrex|Trick Room|p2b: Calyrex\n|-fieldstart|move: Trick Room|[of] p2b: Calyrex\n|\n|-weather|SunnyDay|[upkeep]\n|-heal|p2b: Calyrex|52/100|[from] item: Leftovers\n|upkeep\n|turn|4\n|\n|t:|1776032883\n|move|p2a: Incineroar|Fake Out|p1a: Chien-Pao\n|-damage|p1a: Chien-Pao|86/100\n|move|p2b: Calyrex|Leech Seed|p1b: Zamazenta|[miss]\n|-miss|p2b: Calyrex|p1b: Zamazenta\n|move|p1b: Zamazenta|Body Press|p2a: Incineroar\n|-supereffective|p2a: Incineroar\n|-damage|p2a: Incineroar|0 fnt\n|faint|p2a: Incineroar\n|cant|p1a: Chien-Pao|flinch\n|\n|-weather|SunnyDay|[upkeep]\n|-heal|p2b: Calyrex|58/100|[from] item: Leftovers\n|upkeep\n|\n|t:|1776032892\n|switch|p2a: Landorus|Landorus, L50, M|100/100\n|turn|5\n|\n|t:|1776032908\n|switch|p1a: Giratina|Giratina-Origin, L50|100/100\n|move|p1b: Zamazenta|Wide Guard|p1b: Zamazenta\n|-singleturn|p1b: Zamazenta|Wide Guard\n|move|p2b: Calyrex|Leech Seed|p1b: Zamazenta\n|-start|p1b: Zamazenta|move: Leech Seed\n|move|p2a: Landorus|Earth Power|p1a: Giratina\n|-immune|p1a: Giratina|[from] ability: Levitate\n|\n|-weather|none\n|-heal|p2b: Calyrex|64/100|[from] item: Leftovers\n|-damage|p1b: Zamazenta|88/100|[from] Leech Seed|[of] p2b: Calyrex\n|-heal|p2b: Calyrex|74/100|[silent]\n|upkeep\n|turn|6\n|\n|t:|1776032941\n|switch|p1b: Chien-Pao|Chien-Pao, L50|86/100\n|-ability|p1b: Chien-Pao|Sword of Ruin\n|move|p2b: Calyrex|Glacial Lance|p1a: Giratina|[spread] p1a,p1b\n|-supereffective|p1a: Giratina\n|-resisted|p1b: Chien-Pao\n|-damage|p1a: Giratina|3/100\n|-damage|p1b: Chien-Pao|50/100\n|move|p1a: Giratina|Poltergeist|p2b: Calyrex\n|-activate|p2b: Calyrex|move: Poltergeist|Leftovers\n|-supereffective|p2b: Calyrex\n|-damage|p2b: Calyrex|0 fnt\n|faint|p2b: Calyrex\n|move|p2a: Landorus|Earth Power|p1b: Chien-Pao\n|-damage|p1b: Chien-Pao|0 fnt\n|faint|p1b: Chien-Pao\n|\n|upkeep\n|\n|t:|1776032957\n|switch|p2b: Koraidon|Koraidon, L50, tera:Fire|8/100\n|switch|p1b: Zamazenta|Zamazenta-Crowned, L50|88/100\n|-weather|SunnyDay|[from] ability: Orichalcum Pulse|[of] p2b: Koraidon\n|-activate|p2b: Koraidon|Orichalcum Pulse|[source]\n|turn|7\n|\n|t:|1776032975\n|move|p2b: Koraidon|Protect|p2b: Koraidon\n|-singleturn|p2b: Koraidon|Protect\n|move|p1a: Giratina|Draco Meteor|p2a: Landorus\n|-damage|p2a: Landorus|35/100\n|-unboost|p1a: Giratina|spa|2\n|move|p2a: Landorus|Sludge Bomb|p1a: Giratina\n|-resisted|p1a: Giratina\n|-damage|p1a: Giratina|0 fnt\n|faint|p1a: Giratina\n|move|p1b: Zamazenta|Body Press|p2b: Koraidon\n|-activate|p2b: Koraidon|move: Protect\n|\n|-weather|SunnyDay|[upkeep]\n|-fieldend|move: Trick Room\n|upkeep\n|turn|8\n|l| Bubsnz\n|\n|t:|1776032991\n|move|p2b: Koraidon|Collision Course|p1b: Zamazenta\n|-supereffective|p1b: Zamazenta\n|-damage|p1b: Zamazenta|0 fnt\n|faint|p1b: Zamazenta\n|\n|win|yicz\n|raw|phoeniKSP's rating: 1528 &rarr; <strong>1509</strong><br />(-19 for losing)\n|raw|yicz's rating: 1550 &rarr; <strong>1569</strong><br />(+19 for winning)\n|l|\u2606phoeniKSP\n|player|p1|\n|l|\u2606yicz\n|player|p2|\n","uploadtime":1776033175,"views":16,"formatid":"gen9vgc2026regi","rating":1509,"private":0,"password":null}