{"id":"gen9vgc2026regi-2536531884","format":"[Gen 9] VGC 2026 Reg I","players":["blackred123","EllenJoe2026"],"log":"|j|\u2606blackred123\n|j|\u2606EllenJoe2026\n|t:|1770700583\n|gametype|doubles\n|player|p1|blackred123|iono-masters|1271\n|player|p2|EllenJoe2026|iono|1372\n|gen|9\n|tier|[Gen 9] VGC 2026 Reg I\n|rated|\n|rule|Species Clause: Limit one of each Pok\u00e9mon\n|rule|Item Clause: Limit 1 of each item\n|clearpoke\n|poke|p1|Zamazenta-*, L50|\n|poke|p1|Calyrex-Shadow, L50|\n|poke|p1|Tornadus, L50, M|\n|poke|p1|Rillaboom, L50, M|\n|poke|p1|Smeargle, L50, F|\n|poke|p1|Raging Bolt, L50|\n|poke|p2|Calyrex-Ice, L50|\n|poke|p2|Kyogre, L50|\n|poke|p2|Tornadus, L50, M|\n|poke|p2|Urshifu-*, L50, F|\n|poke|p2|Indeedee-F, L50, F|\n|poke|p2|Smeargle, L50, F|\n|teampreview|4\n|inactive|Battle timer is ON: inactive players will automatically lose when time's up. (requested by EllenJoe2026)\n|inactive|blackred123 also wants the timer to be on.\n|\n|t:|1770700607\n|teamsize|p1|4\n|teamsize|p2|4\n|start\n|switch|p1a: \u556a\u53fd\u556a\uff08\u5657\u53fd\u58f0\uff09|Zamazenta-Crowned, L50|100/100\n|switch|p1b: \u7acb\u4e86|Raging Bolt, L50|100/100\n|switch|p2a: Kyogre|Kyogre, L50, shiny|100/100\n|switch|p2b: Smeargle|Smeargle, L50, F, shiny|100/100\n|-weather|RainDance|[from] ability: Drizzle|[of] p2a: Kyogre\n|-ability|p1a: \u556a\u53fd\u556a\uff08\u5657\u53fd\u58f0\uff09|Dauntless Shield|boost\n|-boost|p1a: \u556a\u53fd\u556a\uff08\u5657\u53fd\u58f0\uff09|def|1\n|-enditem|p1b: \u7acb\u4e86|Booster Energy\n|-activate|p1b: \u7acb\u4e86|ability: Protosynthesis|[fromitem]\n|-start|p1b: \u7acb\u4e86|protosynthesisspa\n|turn|1\n|inactive|EllenJoe2026 has 30 seconds left.\n|inactive|EllenJoe2026 has 20 seconds left.\n|inactive|EllenJoe2026 has 15 seconds left.\n|inactive|EllenJoe2026 has 10 seconds left.\n|\n|t:|1770700655\n|switch|p2a: Calyrex|Calyrex-Ice, L50|100/100\n|-ability|p2a: Calyrex|As One\n|-ability|p2a: Calyrex|Unnerve\n|-terastallize|p1a: \u556a\u53fd\u556a\uff08\u5657\u53fd\u58f0\uff09|Grass\n|move|p1a: \u556a\u53fd\u556a\uff08\u5657\u53fd\u58f0\uff09|Body Press|p2b: Smeargle\n|-supereffective|p2b: Smeargle\n|-enditem|p2b: Smeargle|Focus Sash\n|-damage|p2b: Smeargle|1/100\n|move|p2b: Smeargle|Spore|p1a: \u556a\u53fd\u556a\uff08\u5657\u53fd\u58f0\uff09\n|-immune|p1a: \u556a\u53fd\u556a\uff08\u5657\u53fd\u58f0\uff09\n|move|p1b: \u7acb\u4e86|Thunderbolt|p2b: Smeargle\n|-damage|p2b: Smeargle|0 fnt\n|faint|p2b: Smeargle\n|\n|-weather|RainDance|[upkeep]\n|upkeep\n|inactive|EllenJoe2026 has 30 seconds left.\n|\n|t:|1770700681\n|switch|p2b: Indeedee|Indeedee-F, L50, F, shiny|100/100\n|-fieldstart|move: Psychic Terrain|[from] ability: Psychic Surge|[of] p2b: Indeedee\n|turn|2\n|\n|t:|1770700691\n|move|p2b: Indeedee|Helping Hand|p2a: Calyrex\n|-singleturn|p2a: Calyrex|Helping Hand|[of] p2b: Indeedee\n|move|p1a: \u556a\u53fd\u556a\uff08\u5657\u53fd\u58f0\uff09|Body Press|p2a: Calyrex\n|-damage|p2a: Calyrex|60/100\n|move|p1b: \u7acb\u4e86|Thunderbolt|p2a: Calyrex\n|-damage|p2a: Calyrex|15/100\n|move|p2a: Calyrex|Glacial Lance|p1a: \u556a\u53fd\u556a\uff08\u5657\u53fd\u58f0\uff09|[spread] p1a,p1b\n|-supereffective|p1a: \u556a\u53fd\u556a\uff08\u5657\u53fd\u58f0\uff09\n|-supereffective|p1b: \u7acb\u4e86\n|-damage|p1a: \u556a\u53fd\u556a\uff08\u5657\u53fd\u58f0\uff09|37/100\n|-damage|p1b: \u7acb\u4e86|0 fnt\n|faint|p1b: \u7acb\u4e86\n|-end|p1b: \u7acb\u4e86|Protosynthesis|[silent]\n|-ability|p2a: Calyrex|Chilling Neigh|boost\n|-boost|p2a: Calyrex|atk|1\n|\n|-weather|RainDance|[upkeep]\n|upkeep\n|\n|t:|1770700704\n|switch|p1b: \u9a6c\u6b7b\u4e86|Calyrex-Shadow, L50|100/100\n|-ability|p1b: \u9a6c\u6b7b\u4e86|As One\n|-ability|p1b: \u9a6c\u6b7b\u4e86|Unnerve\n|turn|3\n|\n|t:|1770700726\n|move|p1b: \u9a6c\u6b7b\u4e86|Astral Barrage|p2a: Calyrex|[spread] p2a\n|-immune|p2b: Indeedee\n|-supereffective|p2a: Calyrex\n|-damage|p2a: Calyrex|0 fnt\n|faint|p2a: Calyrex\n|-ability|p1b: \u9a6c\u6b7b\u4e86|Grim Neigh|boost\n|-boost|p1b: \u9a6c\u6b7b\u4e86|spa|1\n|-damage|p1b: \u9a6c\u6b7b\u4e86|91/100|[from] item: Life Orb\n|move|p1a: \u556a\u53fd\u556a\uff08\u5657\u53fd\u58f0\uff09|Body Press|p2b: Indeedee\n|-damage|p2b: Indeedee|36/100\n|-enditem|p2b: Indeedee|Eject Button\n|\n|t:|1770700730\n|switch|p2b: Kyogre|Kyogre, L50, shiny|100/100\n|\n|-weather|RainDance|[upkeep]\n|upkeep\n|\n|t:|1770700736\n|switch|p2a: Indeedee|Indeedee-F, L50, F, shiny|36/100\n|turn|4\n|inactive|EllenJoe2026 has 30 seconds left.\n|inactive|EllenJoe2026 has 20 seconds left.\n|inactive|EllenJoe2026 has 15 seconds left.\n|\n|t:|1770700778\n|-terastallize|p2b: Kyogre|Ghost\n|move|p1b: \u9a6c\u6b7b\u4e86|Protect|p1b: \u9a6c\u6b7b\u4e86\n|-singleturn|p1b: \u9a6c\u6b7b\u4e86|Protect\n|move|p2b: Kyogre|Hydro Pump|p1b: \u9a6c\u6b7b\u4e86\n|-activate|p1b: \u9a6c\u6b7b\u4e86|move: Protect\n|move|p1a: \u556a\u53fd\u556a\uff08\u5657\u53fd\u58f0\uff09|Body Press|p2a: Indeedee\n|-damage|p2a: Indeedee|0 fnt\n|faint|p2a: Indeedee\n|\n|-weather|RainDance|[upkeep]\n|upkeep\n|turn|5\n|\n|t:|1770700791\n|move|p2b: Kyogre|Hydro Pump|p1b: \u9a6c\u6b7b\u4e86\n|-damage|p1b: \u9a6c\u6b7b\u4e86|12/100\n|move|p1b: \u9a6c\u6b7b\u4e86|Astral Barrage|p2b: Kyogre\n|-supereffective|p2b: Kyogre\n|-damage|p2b: Kyogre|0 fnt\n|faint|p2b: Kyogre\n|-damage|p1b: \u9a6c\u6b7b\u4e86|2/100|[from] item: Life Orb\n|\n|win|blackred123\n|raw|blackred123's rating: 1271 &rarr; <strong>1303</strong><br />(+32 for winning)\n|raw|EllenJoe2026's rating: 1372 &rarr; <strong>1346</strong><br />(-26 for losing)\n|l|\u2606EllenJoe2026\n|player|p2|\n|j| Xiaostop\n|j| happyorunhappy\u6625\u548c\u666f\u660e\n|j| QuickCiallo\n","uploadtime":1770700798,"views":12,"formatid":"gen9vgc2026regi","rating":1303,"private":0,"password":null}