{"id":"gen9vgc2026regi-2554665081","format":"[Gen 9] VGC 2026 Reg I","players":["jlza50y","Cello L."],"log":"|j|\u2606jlza50y\n|j|\u2606Cello L.\n|t:|1772998567\n|gametype|doubles\n|player|p1|jlza50y|lucas|1348\n|player|p2|Cello L.|psychic-gen4|1441\n|gen|9\n|tier|[Gen 9] VGC 2026 Reg I\n|rated|\n|rule|Species Clause: Limit one of each Pok\u00e9mon\n|rule|Item Clause: Limit 1 of each item\n|clearpoke\n|poke|p1|Lunala, L50|\n|poke|p1|Miraidon, L50|\n|poke|p1|Ursaluna, L50, M|\n|poke|p1|Urshifu-*, L50, M|\n|poke|p1|Incineroar, L50, M|\n|poke|p1|Grimmsnarl, L50, M|\n|poke|p2|Calyrex-Shadow, L50|\n|poke|p2|Koraidon, L50|\n|poke|p2|Regieleki, L50|\n|poke|p2|Volcarona, L50, F|\n|poke|p2|Rillaboom, L50, F|\n|poke|p2|Incineroar, L50, M|\n|teampreview|4\n|\n|t:|1772998596\n|teamsize|p1|4\n|teamsize|p2|4\n|start\n|switch|p1a: Miraidon|Miraidon, L50|100/100\n|switch|p1b: Grimmsnarl|Grimmsnarl, L50, M|100/100\n|switch|p2a: Volcarona|Volcarona, L50, F|100/100\n|switch|p2b: Rillaboom|Rillaboom, L50, F|100/100\n|-fieldstart|move: Electric Terrain|[from] ability: Hadron Engine|[of] p1a: Miraidon\n|-fieldstart|move: Grassy Terrain|[from] ability: Grassy Surge|[of] p2b: Rillaboom\n|turn|1\n|\n|t:|1772998611\n|move|p2b: Rillaboom|Fake Out|p1a: Miraidon\n|-damage|p1a: Miraidon|89/100\n|move|p1b: Grimmsnarl|Taunt|p2a: Volcarona\n|-start|p2a: Volcarona|move: Taunt\n|cant|p1a: Miraidon|flinch\n|cant|p2a: Volcarona|move: Taunt|Quiver Dance\n|\n|-heal|p1a: Miraidon|95/100|[from] Grassy Terrain\n|upkeep\n|turn|2\n|\n|t:|1772998624\n|move|p1b: Grimmsnarl|Reflect|p1b: Grimmsnarl\n|-sidestart|p1: jlza50y|Reflect\n|move|p1a: Miraidon|Electro Drift|p2a: Volcarona\n|-damage|p2a: Volcarona|52/100\n|-status|p1a: Miraidon|brn|[from] ability: Flame Body|[of] p2a: Volcarona\n|move|p2a: Volcarona|Fiery Dance|p1b: Grimmsnarl\n|-damage|p1b: Grimmsnarl|66/100\n|-boost|p2a: Volcarona|spa|1\n|move|p2b: Rillaboom|U-turn|p1b: Grimmsnarl\n|-damage|p1b: Grimmsnarl|49/100\n|\n|t:|1772998637\n|switch|p2b: Koraidon|Koraidon, L50|100/100|[from] U-turn\n|-weather|SunnyDay|[from] ability: Orichalcum Pulse|[of] p2b: Koraidon\n|-activate|p2b: Koraidon|Orichalcum Pulse|[source]\n|\n|-weather|SunnyDay|[upkeep]\n|-heal|p1a: Miraidon|100/100 brn|[from] Grassy Terrain\n|-heal|p2a: Volcarona|58/100|[from] Grassy Terrain\n|-heal|p2a: Volcarona|65/100|[from] item: Leftovers\n|-heal|p1b: Grimmsnarl|55/100|[from] Grassy Terrain\n|-damage|p1a: Miraidon|95/100 brn|[from] brn\n|upkeep\n|turn|3\n|\n|t:|1772998660\n|-terastallize|p2b: Koraidon|Fire\n|move|p1b: Grimmsnarl|Light Screen|p1b: Grimmsnarl\n|-sidestart|p1: jlza50y|move: Light Screen\n|move|p2b: Koraidon|Collision Course|p1a: Miraidon\n|-damage|p1a: Miraidon|58/100 brn\n|move|p1a: Miraidon|Draco Meteor|p2a: Volcarona\n|-damage|p2a: Volcarona|2/100\n|-unboost|p1a: Miraidon|spa|2\n|move|p2a: Volcarona|Fiery Dance|p1b: Grimmsnarl\n|-damage|p1b: Grimmsnarl|4/100\n|-boost|p2a: Volcarona|spa|1\n|\n|-weather|SunnyDay|[upkeep]\n|-heal|p1a: Miraidon|64/100 brn|[from] Grassy Terrain\n|-heal|p2a: Volcarona|8/100|[from] Grassy Terrain\n|-heal|p2a: Volcarona|14/100|[from] item: Leftovers\n|-heal|p1b: Grimmsnarl|10/100|[from] Grassy Terrain\n|-damage|p1a: Miraidon|58/100 brn|[from] brn\n|-end|p2a: Volcarona|move: Taunt\n|upkeep\n|turn|4\n|\n|t:|1772998686\n|move|p2a: Volcarona|Protect|p2a: Volcarona\n|-singleturn|p2a: Volcarona|Protect\n|move|p1b: Grimmsnarl|Taunt|p2a: Volcarona\n|-activate|p2a: Volcarona|move: Protect\n|move|p2b: Koraidon|Collision Course|p1a: Miraidon\n|-damage|p1a: Miraidon|22/100 brn\n|move|p1a: Miraidon|Volt Switch|p2b: Koraidon\n|-damage|p2b: Koraidon|83/100\n|\n|t:|1772998692\n|switch|p1a: Lunala|Lunala, L50|100/100|[from] Volt Switch\n|\n|-weather|SunnyDay|[upkeep]\n|-heal|p2b: Koraidon|88/100|[from] Grassy Terrain\n|-heal|p2a: Volcarona|20/100|[from] Grassy Terrain\n|-heal|p2a: Volcarona|27/100|[from] item: Leftovers\n|-heal|p1b: Grimmsnarl|16/100|[from] Grassy Terrain\n|upkeep\n|turn|5\n|\n|t:|1772998707\n|move|p1b: Grimmsnarl|Taunt|p2a: Volcarona\n|-start|p2a: Volcarona|move: Taunt\n|move|p2b: Koraidon|Flame Charge|p1a: Lunala\n|-damage|p1a: Lunala|85/100\n|-boost|p2b: Koraidon|spe|1\n|move|p2a: Volcarona|Fiery Dance|p1a: Lunala\n|-damage|p1a: Lunala|29/100\n|move|p1a: Lunala|Trick Room|p1a: Lunala\n|-fieldstart|move: Trick Room|[of] p1a: Lunala\n|\n|-weather|SunnyDay|[upkeep]\n|-heal|p1b: Grimmsnarl|22/100|[from] Grassy Terrain\n|-heal|p1a: Lunala|35/100|[from] Grassy Terrain\n|-heal|p2a: Volcarona|33/100|[from] Grassy Terrain\n|-heal|p2a: Volcarona|39/100|[from] item: Leftovers\n|-heal|p2b: Koraidon|94/100|[from] Grassy Terrain\n|-fieldend|move: Grassy Terrain\n|upkeep\n|turn|6\n|\n|t:|1772998729\n|switch|p1b: Ursaluna|Ursaluna, L50, M|100/100\n|move|p1a: Lunala|Moongeist Beam|p2a: Volcarona\n|-damage|p2a: Volcarona|0 fnt\n|faint|p2a: Volcarona\n|move|p2b: Koraidon|Collision Course|p1b: Ursaluna\n|-supereffective|p1b: Ursaluna\n|-damage|p1b: Ursaluna|15/100\n|\n|-weather|none\n|-status|p1b: Ursaluna|brn|[from] item: Flame Orb\n|upkeep\n|\n|t:|1772998740\n|switch|p2a: Rillaboom|Rillaboom, L50, F|100/100\n|-fieldstart|move: Grassy Terrain|[from] ability: Grassy Surge|[of] p2a: Rillaboom\n|turn|7\n|\n|t:|1772998752\n|move|p1b: Ursaluna|Protect|p1b: Ursaluna\n|-singleturn|p1b: Ursaluna|Protect\n|move|p2a: Rillaboom|Grassy Glide|p1b: Ursaluna\n|-activate|p1b: Ursaluna|move: Protect\n|move|p1a: Lunala|Moongeist Beam|p2b: Koraidon\n|-damage|p2b: Koraidon|50/100\n|move|p2b: Koraidon|Flare Blitz|p1a: Lunala\n|-damage|p1a: Lunala|3/100\n|-damage|p2b: Koraidon|38/100|[from] Recoil\n|\n|-heal|p1b: Ursaluna|21/100 brn|[from] Grassy Terrain\n|-heal|p1a: Lunala|9/100|[from] Grassy Terrain\n|-heal|p2b: Koraidon|44/100|[from] Grassy Terrain\n|-damage|p1b: Ursaluna|15/100 brn|[from] brn\n|upkeep\n|turn|8\n|\n|t:|1772998769\n|switch|p1a: Miraidon|Miraidon, L50|22/100 brn\n|-fieldstart|move: Electric Terrain|[from] ability: Hadron Engine|[of] p1a: Miraidon\n|switch|p2b: Incineroar|Incineroar, L50, M|100/100\n|-ability|p2b: Incineroar|Intimidate|boost\n|-unboost|p1a: Miraidon|atk|1\n|-unboost|p1b: Ursaluna|atk|1\n|move|p1b: Ursaluna|Facade|p2a: Rillaboom\n|-damage|p2a: Rillaboom|23/100\n|move|p2a: Rillaboom|Grassy Glide|p1b: Ursaluna\n|-supereffective|p1b: Ursaluna\n|-damage|p1b: Ursaluna|0 fnt\n|faint|p1b: Ursaluna\n|\n|-damage|p1a: Miraidon|16/100 brn|[from] brn\n|upkeep\n|-message|jlza50y forfeited.\n|\n|win|Cello L.\n|raw|jlza50y's rating: 1348 &rarr; <strong>1333</strong><br />(-15 for losing)\n|raw|Cello L.'s rating: 1441 &rarr; <strong>1456</strong><br />(+15 for winning)\n|l|\u2606jlza50y\n|player|p1|\n","uploadtime":1772998789,"views":18,"formatid":"gen9vgc2026regi","rating":1333,"private":0,"password":null}