{"id":"gen9vgc2026regi-2536534703","format":"[Gen 9] VGC 2026 Reg I","players":["blackred123","no1.pokemon"],"log":"|j|\u2606blackred123\n|j|\u2606no1.pokemon\n|t:|1770701042\n|gametype|doubles\n|player|p1|blackred123|iono-masters|1287\n|player|p2|no1.pokemon|n-masters|1317\n|gen|9\n|tier|[Gen 9] VGC 2026 Reg I\n|rated|\n|rule|Species Clause: Limit one of each Pok\u00e9mon\n|rule|Item Clause: Limit 1 of each item\n|clearpoke\n|poke|p1|Zamazenta-*, L50|\n|poke|p1|Calyrex-Shadow, L50|\n|poke|p1|Tornadus, L50, M|\n|poke|p1|Rillaboom, L50, M|\n|poke|p1|Smeargle, L50, M|\n|poke|p1|Raging Bolt, L50|\n|poke|p2|Koraidon, L50|\n|poke|p2|Farigiraf, L50, M|\n|poke|p2|Whimsicott, L50, F|\n|poke|p2|Miraidon, L50|\n|poke|p2|Chien-Pao, L50|\n|poke|p2|Entei, L50|\n|teampreview|4\n|inactive|Battle timer is ON: inactive players will automatically lose when time's up. (requested by no1.pokemon)\n|inactive|blackred123 also wants the timer to be on.\n|j| royaltheos\n|\n|t:|1770701071\n|teamsize|p1|4\n|teamsize|p2|4\n|start\n|switch|p1a: \u556a\u53fd\u556a\uff08\u5657\u53fd\u58f0\uff09|Zamazenta-Crowned, L50|100/100\n|switch|p1b: \u9694\u58c1\u8001\u738b\u7231\u9001\u8349\u539f|Rillaboom, L50, M|100/100\n|switch|p2a: Chien-Pao|Chien-Pao, L50|100/100\n|switch|p2b: Whimsicott|Whimsicott, L50, F, shiny|100/100\n|-ability|p2a: Chien-Pao|Sword of Ruin\n|-ability|p1a: \u556a\u53fd\u556a\uff08\u5657\u53fd\u58f0\uff09|Dauntless Shield|boost\n|-boost|p1a: \u556a\u53fd\u556a\uff08\u5657\u53fd\u58f0\uff09|def|1\n|-fieldstart|move: Grassy Terrain|[from] ability: Grassy Surge|[of] p1b: \u9694\u58c1\u8001\u738b\u7231\u9001\u8349\u539f\n|turn|1\n|inactive|no1.pokemon has 30 seconds left.\n|\n|t:|1770701100\n|move|p2a: Chien-Pao|Protect|p2a: Chien-Pao\n|-singleturn|p2a: Chien-Pao|Protect\n|move|p1b: \u9694\u58c1\u8001\u738b\u7231\u9001\u8349\u539f|Fake Out|p2a: Chien-Pao\n|-activate|p2a: Chien-Pao|move: Protect\n|move|p2b: Whimsicott|Encore|p1b: \u9694\u58c1\u8001\u738b\u7231\u9001\u8349\u539f\n|-start|p1b: \u9694\u58c1\u8001\u738b\u7231\u9001\u8349\u539f|Encore\n|move|p1a: \u556a\u53fd\u556a\uff08\u5657\u53fd\u58f0\uff09|Heavy Slam|p2b: Whimsicott\n|-supereffective|p2b: Whimsicott\n|-damage|p2b: Whimsicott|0 fnt\n|faint|p2b: Whimsicott\n|\n|upkeep\n|inactive|no1.pokemon has 30 seconds left.\n|\n|t:|1770701126\n|switch|p2b: Koraidon|Koraidon, L50, shiny|100/100\n|-weather|SunnyDay|[from] ability: Orichalcum Pulse|[of] p2b: Koraidon\n|-activate|p2b: Koraidon|Orichalcum Pulse|[source]\n|turn|2\n|\n|t:|1770701137\n|-terastallize|p2b: Koraidon|Fire\n|move|p1a: \u556a\u53fd\u556a\uff08\u5657\u53fd\u58f0\uff09|Protect|p1a: \u556a\u53fd\u556a\uff08\u5657\u53fd\u58f0\uff09\n|-singleturn|p1a: \u556a\u53fd\u556a\uff08\u5657\u53fd\u58f0\uff09|Protect\n|move|p1b: \u9694\u58c1\u8001\u738b\u7231\u9001\u8349\u539f|Fake Out||[still]\n|-hint|Fake Out only works on your first turn out.\n|-fail|p1b: \u9694\u58c1\u8001\u738b\u7231\u9001\u8349\u539f\n|move|p2a: Chien-Pao|Icicle Crash|p1b: \u9694\u58c1\u8001\u738b\u7231\u9001\u8349\u539f\n|-supereffective|p1b: \u9694\u58c1\u8001\u738b\u7231\u9001\u8349\u539f\n|-damage|p1b: \u9694\u58c1\u8001\u738b\u7231\u9001\u8349\u539f|4/100\n|move|p2b: Koraidon|Flare Blitz|p1a: \u556a\u53fd\u556a\uff08\u5657\u53fd\u58f0\uff09\n|-activate|p1a: \u556a\u53fd\u556a\uff08\u5657\u53fd\u58f0\uff09|move: Protect\n|\n|-weather|SunnyDay|[upkeep]\n|-heal|p1b: \u9694\u58c1\u8001\u738b\u7231\u9001\u8349\u539f|10/100|[from] Grassy Terrain\n|upkeep\n|turn|3\n|\n|t:|1770701153\n|move|p1b: \u9694\u58c1\u8001\u738b\u7231\u9001\u8349\u539f|Fake Out||[still]\n|-hint|Fake Out only works on your first turn out.\n|-fail|p1b: \u9694\u58c1\u8001\u738b\u7231\u9001\u8349\u539f\n|move|p2a: Chien-Pao|Icicle Crash|p1b: \u9694\u58c1\u8001\u738b\u7231\u9001\u8349\u539f\n|-supereffective|p1b: \u9694\u58c1\u8001\u738b\u7231\u9001\u8349\u539f\n|-damage|p1b: \u9694\u58c1\u8001\u738b\u7231\u9001\u8349\u539f|0 fnt\n|faint|p1b: \u9694\u58c1\u8001\u738b\u7231\u9001\u8349\u539f\n|move|p1a: \u556a\u53fd\u556a\uff08\u5657\u53fd\u58f0\uff09|Body Press|p2a: Chien-Pao\n|-supereffective|p2a: Chien-Pao\n|-enditem|p2a: Chien-Pao|Focus Sash\n|-damage|p2a: Chien-Pao|1/100\n|move|p2b: Koraidon|Flare Blitz|p1a: \u556a\u53fd\u556a\uff08\u5657\u53fd\u58f0\uff09\n|-supereffective|p1a: \u556a\u53fd\u556a\uff08\u5657\u53fd\u58f0\uff09\n|-damage|p1a: \u556a\u53fd\u556a\uff08\u5657\u53fd\u58f0\uff09|0 fnt\n|faint|p1a: \u556a\u53fd\u556a\uff08\u5657\u53fd\u58f0\uff09\n|-damage|p2b: Koraidon|71/100|[from] Recoil\n|\n|-weather|SunnyDay|[upkeep]\n|-heal|p2a: Chien-Pao|7/100|[from] Grassy Terrain\n|-heal|p2b: Koraidon|76/100|[from] Grassy Terrain\n|upkeep\n|\n|t:|1770701166\n|switch|p1a: \u9a6c\u6b7b\u4e86|Calyrex-Shadow, L50|100/100\n|switch|p1b: \u7d2b\u5c3e\u723d\u98de|Tornadus, L50, M|100/100\n|-ability|p1a: \u9a6c\u6b7b\u4e86|As One\n|-ability|p1a: \u9a6c\u6b7b\u4e86|Unnerve\n|turn|4\n|\n|t:|1770701177\n|-terastallize|p1b: \u7d2b\u5c3e\u723d\u98de|Dragon\n|move|p1a: \u9a6c\u6b7b\u4e86|Protect|p1a: \u9a6c\u6b7b\u4e86\n|-singleturn|p1a: \u9a6c\u6b7b\u4e86|Protect\n|move|p2a: Chien-Pao|Sucker Punch||[still]\n|-fail|p2a: Chien-Pao\n|move|p2b: Koraidon|Flame Charge|p1b: \u7d2b\u5c3e\u723d\u98de\n|-resisted|p1b: \u7d2b\u5c3e\u723d\u98de\n|-damage|p1b: \u7d2b\u5c3e\u723d\u98de|52/100\n|-boost|p2b: Koraidon|spe|1\n|move|p1b: \u7d2b\u5c3e\u723d\u98de|Bleakwind Storm|p2a: Chien-Pao|[spread] p2a\n|-miss|p1b: \u7d2b\u5c3e\u723d\u98de|p2b: Koraidon\n|-damage|p2a: Chien-Pao|0 fnt\n|faint|p2a: Chien-Pao\n|\n|-weather|SunnyDay|[upkeep]\n|-heal|p2b: Koraidon|82/100|[from] Grassy Terrain\n|-heal|p1b: \u7d2b\u5c3e\u723d\u98de|58/100|[from] Grassy Terrain\n|upkeep\n|\n|t:|1770701186\n|switch|p2a: Miraidon|Miraidon, L50|100/100\n|-fieldstart|move: Electric Terrain|[from] ability: Hadron Engine|[of] p2a: Miraidon\n|turn|5\n|\n|t:|1770701194\n|move|p1b: \u7d2b\u5c3e\u723d\u98de|Tailwind|p1b: \u7d2b\u5c3e\u723d\u98de\n|-sidestart|p1: blackred123|move: Tailwind\n|move|p1a: \u9a6c\u6b7b\u4e86|Astral Barrage|p2b: Koraidon|[spread] p2a,p2b\n|-crit|p2b: Koraidon\n|-damage|p2a: Miraidon|34/100\n|-damage|p2b: Koraidon|22/100\n|-damage|p1a: \u9a6c\u6b7b\u4e86|91/100|[from] item: Life Orb\n|move|p2b: Koraidon|Flame Charge|p1a: \u9a6c\u6b7b\u4e86\n|-damage|p1a: \u9a6c\u6b7b\u4e86|12/100\n|-boost|p2b: Koraidon|spe|1\n|move|p2a: Miraidon|Dazzling Gleam|p1a: \u9a6c\u6b7b\u4e86|[spread] p1a,p1b\n|-supereffective|p1b: \u7d2b\u5c3e\u723d\u98de\n|-damage|p1a: \u9a6c\u6b7b\u4e86|0 fnt\n|-damage|p1b: \u7d2b\u5c3e\u723d\u98de|0 fnt\n|faint|p1a: \u9a6c\u6b7b\u4e86\n|faint|p1b: \u7d2b\u5c3e\u723d\u98de\n|\n|win|no1.pokemon\n|raw|blackred123's rating: 1287 &rarr; <strong>1263</strong><br />(-24 for losing)\n|raw|no1.pokemon's rating: 1304 &rarr; <strong>1323</strong><br />(+19 for winning)\n|l|\u2606blackred123\n|player|p1|\n|l| royaltheos\n","uploadtime":1770701394,"views":11,"formatid":"gen9vgc2026regi","rating":1263,"private":0,"password":null}