{"id":"gen9vgc2026regi-2525132744","format":"[Gen 9] VGC 2026 Reg I","players":["huyhieuf","ky123456"],"log":"|j|\u2606huyhieuf\n|j|\u2606ky123456\n|t:|1769233697\n|gametype|doubles\n|player|p1|huyhieuf|schoolkidf|1243\n|player|p2|ky123456|cynthia-gen4|1314\n|gen|9\n|tier|[Gen 9] VGC 2026 Reg I\n|rated|\n|rule|Species Clause: Limit one of each Pok\u00e9mon\n|rule|Item Clause: Limit 1 of each item\n|clearpoke\n|poke|p1|Miraidon, L50|\n|poke|p1|Grimmsnarl, L50, M|\n|poke|p1|Calyrex-Ice, L50|\n|poke|p1|Urshifu-*, L50, M|\n|poke|p1|Incineroar, L50, M|\n|poke|p1|Ursaluna, L50, M|\n|poke|p2|Kyogre, L50|\n|poke|p2|Calyrex-Ice, L50|\n|poke|p2|Grimmsnarl, L50, M|\n|poke|p2|Rillaboom, L50, M|\n|poke|p2|Landorus, L50, M|\n|poke|p2|Urshifu-*, L50, F|\n|teampreview|4\n|\n|t:|1769233733\n|teamsize|p1|4\n|teamsize|p2|4\n|start\n|switch|p1a: \u30aa\u30fc\u30ed\u30f3\u30b2|Grimmsnarl, L50, M|100/100\n|switch|p1b: \u30df\u30e9\u30a4\u30c9\u30f3|Miraidon, L50|100/100\n|switch|p2a: Calyrex|Calyrex-Ice, L50|100/100\n|switch|p2b: Grimmsnarl|Grimmsnarl, L50, M|100/100\n|-ability|p2a: Calyrex|As One\n|-ability|p2a: Calyrex|Unnerve\n|-fieldstart|move: Electric Terrain|[from] ability: Hadron Engine|[of] p1b: \u30df\u30e9\u30a4\u30c9\u30f3\n|turn|1\n|inactive|Battle timer is ON: inactive players will automatically lose when time's up. (requested by huyhieuf)\n|\n|t:|1769233783\n|switch|p2b: Rillaboom|Rillaboom, L50, M|100/100\n|-fieldstart|move: Grassy Terrain|[from] ability: Grassy Surge|[of] p2b: Rillaboom\n|move|p1a: \u30aa\u30fc\u30ed\u30f3\u30b2|Reflect|p1a: \u30aa\u30fc\u30ed\u30f3\u30b2\n|-sidestart|p1: huyhieuf|Reflect\n|move|p1b: \u30df\u30e9\u30a4\u30c9\u30f3|Volt Switch|p2a: Calyrex\n|-damage|p2a: Calyrex|66/100\n|\n|t:|1769233791\n|switch|p1b: \u30d0\u30c9\u30ec\u30c3\u30af\u30b9|Calyrex-Ice, L50|100/100|[from] Volt Switch\n|-ability|p1b: \u30d0\u30c9\u30ec\u30c3\u30af\u30b9|As One\n|-ability|p1b: \u30d0\u30c9\u30ec\u30c3\u30af\u30b9|Unnerve\n|move|p2a: Calyrex|Glacial Lance|p1a: \u30aa\u30fc\u30ed\u30f3\u30b2|[spread] p1a,p1b\n|-resisted|p1b: \u30d0\u30c9\u30ec\u30c3\u30af\u30b9\n|-damage|p1a: \u30aa\u30fc\u30ed\u30f3\u30b2|64/100\n|-damage|p1b: \u30d0\u30c9\u30ec\u30c3\u30af\u30b9|89/100\n|\n|-heal|p1a: \u30aa\u30fc\u30ed\u30f3\u30b2|70/100|[from] Grassy Terrain\n|-heal|p2a: Calyrex|72/100|[from] Grassy Terrain\n|-heal|p2a: Calyrex|77/100|[from] item: Leftovers\n|-heal|p1b: \u30d0\u30c9\u30ec\u30c3\u30af\u30b9|95/100|[from] Grassy Terrain\n|-heal|p1b: \u30d0\u30c9\u30ec\u30c3\u30af\u30b9|100/100|[from] item: Leftovers\n|upkeep\n|turn|2\n|\n|t:|1769233810\n|switch|p1a: \u30ac\u30aa\u30ac\u30a8\u30f3|Incineroar, L50, M|100/100\n|-ability|p1a: \u30ac\u30aa\u30ac\u30a8\u30f3|Intimidate|boost\n|-unboost|p2a: Calyrex|atk|1\n|-unboost|p2b: Rillaboom|atk|1\n|move|p2b: Rillaboom|Fake Out|p1b: \u30d0\u30c9\u30ec\u30c3\u30af\u30b9\n|-damage|p1b: \u30d0\u30c9\u30ec\u30c3\u30af\u30b9|96/100\n|move|p2a: Calyrex|Leech Seed|p1b: \u30d0\u30c9\u30ec\u30c3\u30af\u30b9|[miss]\n|-miss|p2a: Calyrex|p1b: \u30d0\u30c9\u30ec\u30c3\u30af\u30b9\n|cant|p1b: \u30d0\u30c9\u30ec\u30c3\u30af\u30b9|flinch\n|\n|-heal|p2a: Calyrex|83/100|[from] Grassy Terrain\n|-heal|p2a: Calyrex|89/100|[from] item: Leftovers\n|-heal|p1b: \u30d0\u30c9\u30ec\u30c3\u30af\u30b9|100/100|[from] Grassy Terrain\n|upkeep\n|turn|3\n|\n|t:|1769233830\n|switch|p2b: Kyogre|Kyogre, L50|100/100\n|-weather|RainDance|[from] ability: Drizzle|[of] p2b: Kyogre\n|move|p1a: \u30ac\u30aa\u30ac\u30a8\u30f3|Flare Blitz|p2b: Kyogre\n|-resisted|p2b: Kyogre\n|-damage|p2b: Kyogre|90/100\n|-damage|p1a: \u30ac\u30aa\u30ac\u30a8\u30f3|97/100|[from] Recoil\n|move|p2a: Calyrex|Leech Seed|p1b: \u30d0\u30c9\u30ec\u30c3\u30af\u30b9\n|-start|p1b: \u30d0\u30c9\u30ec\u30c3\u30af\u30b9|move: Leech Seed\n|move|p1b: \u30d0\u30c9\u30ec\u30c3\u30af\u30b9|Leech Seed|p2a: Calyrex\n|-start|p2a: Calyrex|move: Leech Seed\n|\n|-weather|RainDance|[upkeep]\n|-heal|p2b: Kyogre|96/100|[from] Grassy Terrain\n|-heal|p1a: \u30ac\u30aa\u30ac\u30a8\u30f3|100/100|[from] Grassy Terrain\n|-heal|p2a: Calyrex|95/100|[from] Grassy Terrain\n|-heal|p2a: Calyrex|100/100|[from] item: Leftovers\n|-damage|p2a: Calyrex|88/100|[from] Leech Seed|[of] p1b: \u30d0\u30c9\u30ec\u30c3\u30af\u30b9\n|-damage|p1b: \u30d0\u30c9\u30ec\u30c3\u30af\u30b9|88/100|[from] Leech Seed|[of] p2a: Calyrex\n|-heal|p2a: Calyrex|100/100|[silent]\n|upkeep\n|turn|4\n|inactive|huyhieuf has 30 seconds left.\n|\n|t:|1769233857\n|switch|p1b: \u30df\u30e9\u30a4\u30c9\u30f3|Miraidon, L50|100/100\n|-fieldstart|move: Electric Terrain|[from] ability: Hadron Engine|[of] p1b: \u30df\u30e9\u30a4\u30c9\u30f3\n|-terastallize|p1a: \u30ac\u30aa\u30ac\u30a8\u30f3|Bug\n|move|p2b: Kyogre|Water Spout|p1a: \u30ac\u30aa\u30ac\u30a8\u30f3|[spread] p1a,p1b\n|-resisted|p1b: \u30df\u30e9\u30a4\u30c9\u30f3\n|-damage|p1a: \u30ac\u30aa\u30ac\u30a8\u30f3|3/100\n|-damage|p1b: \u30df\u30e9\u30a4\u30c9\u30f3|69/100\n|move|p1a: \u30ac\u30aa\u30ac\u30a8\u30f3|Parting Shot|p2b: Kyogre\n|-unboost|p2b: Kyogre|atk|1\n|-unboost|p2b: Kyogre|spa|1\n|\n|t:|1769233868\n|switch|p1a: \u30aa\u30fc\u30ed\u30f3\u30b2|Grimmsnarl, L50, M|70/100|[from] Parting Shot\n|move|p2a: Calyrex|Glacial Lance|p1b: \u30df\u30e9\u30a4\u30c9\u30f3|[spread] p1a,p1b\n|-supereffective|p1b: \u30df\u30e9\u30a4\u30c9\u30f3\n|-damage|p1a: \u30aa\u30fc\u30ed\u30f3\u30b2|46/100\n|-damage|p1b: \u30df\u30e9\u30a4\u30c9\u30f3|34/100\n|\n|-weather|RainDance|[upkeep]\n|-damage|p2a: Calyrex|88/100|[from] Leech Seed|[of] p1b: \u30df\u30e9\u30a4\u30c9\u30f3\n|-heal|p1b: \u30df\u30e9\u30a4\u30c9\u30f3|46/100|[silent]\n|upkeep\n|turn|5\n|\n|t:|1769233886\n|switch|p2b: Rillaboom|Rillaboom, L50, M|100/100\n|-fieldstart|move: Grassy Terrain|[from] ability: Grassy Surge|[of] p2b: Rillaboom\n|move|p1a: \u30aa\u30fc\u30ed\u30f3\u30b2|Light Screen|p1a: \u30aa\u30fc\u30ed\u30f3\u30b2\n|-sidestart|p1: huyhieuf|move: Light Screen\n|move|p1b: \u30df\u30e9\u30a4\u30c9\u30f3|Electro Drift|p2a: Calyrex\n|-damage|p2a: Calyrex|42/100\n|move|p2a: Calyrex|Leech Seed|p1b: \u30df\u30e9\u30a4\u30c9\u30f3\n|-start|p1b: \u30df\u30e9\u30a4\u30c9\u30f3|move: Leech Seed\n|\n|-weather|RainDance|[upkeep]\n|-heal|p1b: \u30df\u30e9\u30a4\u30c9\u30f3|52/100|[from] Grassy Terrain\n|-heal|p1a: \u30aa\u30fc\u30ed\u30f3\u30b2|52/100|[from] Grassy Terrain\n|-heal|p2a: Calyrex|48/100|[from] Grassy Terrain\n|-heal|p2a: Calyrex|54/100|[from] item: Leftovers\n|-damage|p1b: \u30df\u30e9\u30a4\u30c9\u30f3|40/100|[from] Leech Seed|[of] p2a: Calyrex\n|-heal|p2a: Calyrex|66/100|[silent]\n|-damage|p2a: Calyrex|54/100|[from] Leech Seed|[of] p1b: \u30df\u30e9\u30a4\u30c9\u30f3\n|-heal|p1b: \u30df\u30e9\u30a4\u30c9\u30f3|52/100|[silent]\n|upkeep\n|turn|6\n|inactive|ky123456 has 30 seconds left.\n|inactive|ky123456 has 20 seconds left.\n|inactive|ky123456 has 15 seconds left.\n|inactive|ky123456 has 10 seconds left.\n|\n|t:|1769233932\n|switch|p1b: \u30ac\u30aa\u30ac\u30a8\u30f3|Incineroar, L50, M, tera:Bug|3/100\n|-ability|p1b: \u30ac\u30aa\u30ac\u30a8\u30f3|Intimidate|boost\n|-unboost|p2a: Calyrex|atk|1\n|-unboost|p2b: Rillaboom|atk|1\n|move|p2b: Rillaboom|Fake Out|p1b: \u30ac\u30aa\u30ac\u30a8\u30f3\n|-damage|p1b: \u30ac\u30aa\u30ac\u30a8\u30f3|0 fnt\n|faint|p1b: \u30ac\u30aa\u30ac\u30a8\u30f3\n|move|p1a: \u30aa\u30fc\u30ed\u30f3\u30b2|Thunder Wave|p2b: Rillaboom\n|-status|p2b: Rillaboom|par\n|move|p2a: Calyrex|Leech Seed|p1a: \u30aa\u30fc\u30ed\u30f3\u30b2\n|-start|p1a: \u30aa\u30fc\u30ed\u30f3\u30b2|move: Leech Seed\n|\n|-weather|RainDance|[upkeep]\n|-heal|p1a: \u30aa\u30fc\u30ed\u30f3\u30b2|58/100|[from] Grassy Terrain\n|-heal|p2a: Calyrex|59/100|[from] Grassy Terrain\n|-heal|p2a: Calyrex|65/100|[from] item: Leftovers\n|-damage|p1a: \u30aa\u30fc\u30ed\u30f3\u30b2|46/100|[from] Leech Seed|[of] p2a: Calyrex\n|-heal|p2a: Calyrex|77/100|[silent]\n|upkeep\n|\n|t:|1769233950\n|switch|p1b: \u30d0\u30c9\u30ec\u30c3\u30af\u30b9|Calyrex-Ice, L50|88/100\n|-ability|p1b: \u30d0\u30c9\u30ec\u30c3\u30af\u30b9|As One\n|-ability|p1b: \u30d0\u30c9\u30ec\u30c3\u30af\u30b9|Unnerve\n|turn|7\n|\n|t:|1769233961\n|switch|p1a: \u30df\u30e9\u30a4\u30c9\u30f3|Miraidon, L50|52/100\n|-fieldstart|move: Electric Terrain|[from] ability: Hadron Engine|[of] p1a: \u30df\u30e9\u30a4\u30c9\u30f3\n|switch|p2b: Grimmsnarl|Grimmsnarl, L50, M|100/100\n|move|p2a: Calyrex|Leech Seed|p1b: \u30d0\u30c9\u30ec\u30c3\u30af\u30b9\n|-start|p1b: \u30d0\u30c9\u30ec\u30c3\u30af\u30b9|move: Leech Seed\n|move|p1b: \u30d0\u30c9\u30ec\u30c3\u30af\u30b9|Trick Room|p1b: \u30d0\u30c9\u30ec\u30c3\u30af\u30b9\n|-fieldstart|move: Trick Room|[of] p1b: \u30d0\u30c9\u30ec\u30c3\u30af\u30b9\n|\n|-weather|none\n|-heal|p1b: \u30d0\u30c9\u30ec\u30c3\u30af\u30b9|94/100|[from] item: Leftovers\n|-heal|p2a: Calyrex|83/100|[from] item: Leftovers\n|-damage|p1b: \u30d0\u30c9\u30ec\u30c3\u30af\u30b9|82/100|[from] Leech Seed|[of] p2a: Calyrex\n|-heal|p2a: Calyrex|95/100|[silent]\n|-damage|p2a: Calyrex|83/100|[from] Leech Seed|[of] p1b: \u30d0\u30c9\u30ec\u30c3\u30af\u30b9\n|-heal|p1b: \u30d0\u30c9\u30ec\u30c3\u30af\u30b9|94/100|[silent]\n|upkeep\n|turn|8\n|inactive|ky123456 has 30 seconds left.\n|\n|t:|1769233988\n|move|p2a: Calyrex|Protect|p2a: Calyrex\n|-singleturn|p2a: Calyrex|Protect\n|move|p2b: Grimmsnarl|Reflect|p2b: Grimmsnarl\n|-sidestart|p2: ky123456|Reflect\n|move|p1b: \u30d0\u30c9\u30ec\u30c3\u30af\u30b9|Leech Seed|p2b: Grimmsnarl\n|-start|p2b: Grimmsnarl|move: Leech Seed\n|move|p1a: \u30df\u30e9\u30a4\u30c9\u30f3|Draco Meteor|p2a: Calyrex\n|-activate|p2a: Calyrex|move: Protect\n|\n|-heal|p1b: \u30d0\u30c9\u30ec\u30c3\u30af\u30b9|99/100|[from] item: Leftovers\n|-heal|p2a: Calyrex|88/100|[from] item: Leftovers\n|-damage|p1b: \u30d0\u30c9\u30ec\u30c3\u30af\u30b9|88/100|[from] Leech Seed|[of] p2a: Calyrex\n|-heal|p2a: Calyrex|100/100|[silent]\n|-damage|p2a: Calyrex|88/100|[from] Leech Seed|[of] p1b: \u30d0\u30c9\u30ec\u30c3\u30af\u30b9\n|-heal|p1b: \u30d0\u30c9\u30ec\u30c3\u30af\u30b9|99/100|[silent]\n|-damage|p2b: Grimmsnarl|88/100|[from] Leech Seed|[of] p1b: \u30d0\u30c9\u30ec\u30c3\u30af\u30b9\n|-heal|p1b: \u30d0\u30c9\u30ec\u30c3\u30af\u30b9|100/100|[silent]\n|-sideend|p1: huyhieuf|Reflect\n|upkeep\n|turn|9\n|\n|t:|1769234005\n|switch|p1a: \u30aa\u30fc\u30ed\u30f3\u30b2|Grimmsnarl, L50, M|46/100\n|move|p2b: Grimmsnarl|Light Screen|p2b: Grimmsnarl\n|-sidestart|p2: ky123456|move: Light Screen\n|move|p1b: \u30d0\u30c9\u30ec\u30c3\u30af\u30b9|Glacial Lance|p2b: Grimmsnarl|[spread] p2a,p2b\n|-resisted|p2a: Calyrex\n|-damage|p2a: Calyrex|78/100\n|-damage|p2b: Grimmsnarl|58/100\n|move|p2a: Calyrex|Glacial Lance|p1b: \u30d0\u30c9\u30ec\u30c3\u30af\u30b9|[spread] p1a,p1b\n|-resisted|p1b: \u30d0\u30c9\u30ec\u30c3\u30af\u30b9\n|-damage|p1a: \u30aa\u30fc\u30ed\u30f3\u30b2|20/100\n|-damage|p1b: \u30d0\u30c9\u30ec\u30c3\u30af\u30b9|92/100\n|\n|-heal|p1b: \u30d0\u30c9\u30ec\u30c3\u30af\u30b9|98/100|[from] item: Leftovers\n|-heal|p2a: Calyrex|84/100|[from] item: Leftovers\n|-damage|p1b: \u30d0\u30c9\u30ec\u30c3\u30af\u30b9|86/100|[from] Leech Seed|[of] p2a: Calyrex\n|-heal|p2a: Calyrex|96/100|[silent]\n|-damage|p2a: Calyrex|84/100|[from] Leech Seed|[of] p1b: \u30d0\u30c9\u30ec\u30c3\u30af\u30b9\n|-heal|p1b: \u30d0\u30c9\u30ec\u30c3\u30af\u30b9|98/100|[silent]\n|-damage|p2b: Grimmsnarl|46/100|[from] Leech Seed|[of] p1b: \u30d0\u30c9\u30ec\u30c3\u30af\u30b9\n|-heal|p1b: \u30d0\u30c9\u30ec\u30c3\u30af\u30b9|100/100|[silent]\n|upkeep\n|turn|10\n|\n|t:|1769234023\n|move|p1a: \u30aa\u30fc\u30ed\u30f3\u30b2|Thunder Wave|p2a: Calyrex\n|-status|p2a: Calyrex|par\n|cant|p2a: Calyrex|par\n|move|p1b: \u30d0\u30c9\u30ec\u30c3\u30af\u30b9|Glacial Lance|p2a: Calyrex|[spread] p2a,p2b\n|-resisted|p2a: Calyrex\n|-damage|p2a: Calyrex|72/100 par\n|-damage|p2b: Grimmsnarl|11/100\n|move|p2b: Grimmsnarl|Foul Play|p1b: \u30d0\u30c9\u30ec\u30c3\u30af\u30b9\n|-supereffective|p1b: \u30d0\u30c9\u30ec\u30c3\u30af\u30b9\n|-damage|p1b: \u30d0\u30c9\u30ec\u30c3\u30af\u30b9|28/100\n|\n|-heal|p2a: Calyrex|78/100 par|[from] item: Leftovers\n|-heal|p1b: \u30d0\u30c9\u30ec\u30c3\u30af\u30b9|34/100|[from] item: Leftovers\n|-damage|p2a: Calyrex|66/100 par|[from] Leech Seed|[of] p1b: \u30d0\u30c9\u30ec\u30c3\u30af\u30b9\n|-heal|p1b: \u30d0\u30c9\u30ec\u30c3\u30af\u30b9|46/100|[silent]\n|-damage|p1b: \u30d0\u30c9\u30ec\u30c3\u30af\u30b9|34/100|[from] Leech Seed|[of] p2a: Calyrex\n|-heal|p2a: Calyrex|78/100 par|[silent]\n|-damage|p2b: Grimmsnarl|0 fnt|[from] Leech Seed|[of] p1b: \u30d0\u30c9\u30ec\u30c3\u30af\u30b9\n|-heal|p1b: \u30d0\u30c9\u30ec\u30c3\u30af\u30b9|44/100|[silent]\n|faint|p2b: Grimmsnarl\n|upkeep\n|\n|t:|1769234041\n|switch|p2b: Kyogre|Kyogre, L50|96/100\n|-weather|RainDance|[from] ability: Drizzle|[of] p2b: Kyogre\n|turn|11\n|\n|t:|1769234058\n|move|p2a: Calyrex|Glacial Lance|p1a: \u30aa\u30fc\u30ed\u30f3\u30b2|[spread] p1a,p1b\n|-resisted|p1b: \u30d0\u30c9\u30ec\u30c3\u30af\u30b9\n|-damage|p1a: \u30aa\u30fc\u30ed\u30f3\u30b2|0 fnt\n|-damage|p1b: \u30d0\u30c9\u30ec\u30c3\u30af\u30b9|36/100\n|faint|p1a: \u30aa\u30fc\u30ed\u30f3\u30b2\n|-ability|p2a: Calyrex|Chilling Neigh|boost\n|-boost|p2a: Calyrex|atk|1\n|move|p1b: \u30d0\u30c9\u30ec\u30c3\u30af\u30b9|Leech Seed|p2b: Kyogre\n|-start|p2b: Kyogre|move: Leech Seed\n|move|p2b: Kyogre|Water Spout|p1b: \u30d0\u30c9\u30ec\u30c3\u30af\u30b9\n|-damage|p1b: \u30d0\u30c9\u30ec\u30c3\u30af\u30b9|0 fnt\n|faint|p1b: \u30d0\u30c9\u30ec\u30c3\u30af\u30b9\n|\n|-weather|RainDance|[upkeep]\n|-heal|p2a: Calyrex|84/100 par|[from] item: Leftovers\n|-fieldend|move: Trick Room\n|-fieldend|move: Electric Terrain\n|upkeep\n|-message|huyhieuf forfeited.\n|\n|win|ky123456\n|raw|huyhieuf's rating: 1243 &rarr; <strong>1223</strong><br />(-20 for losing)\n|raw|ky123456's rating: 1314 &rarr; <strong>1330</strong><br />(+16 for winning)\n|l|\u2606huyhieuf\n|player|p1|\n|l|\u2606ky123456\n|player|p2|\n","uploadtime":1769234334,"views":13,"formatid":"gen9vgc2026regi","rating":1223,"private":0,"password":null}