{"id":"gen9vgc2026regi-2581139069","format":"[Gen 9] VGC 2026 Reg I","players":["jj11j1","joymaxxing"],"log":"|j|\u2606jj11j1\n|j|\u2606joymaxxing\n|t:|1775963638\n|gametype|doubles\n|player|p1|jj11j1|170|1505\n|player|p2|joymaxxing|elesa|1587\n|gen|9\n|tier|[Gen 9] VGC 2026 Reg I\n|rated|\n|rule|Species Clause: Limit one of each Pok\u00e9mon\n|rule|Item Clause: Limit 1 of each item\n|clearpoke\n|poke|p1|Ho-Oh, L50|\n|poke|p1|Calyrex-Ice, L50|\n|poke|p1|Overqwil, L50, M|\n|poke|p1|Ting-Lu, L50|\n|poke|p1|Rillaboom, L50, F|\n|poke|p1|Ogerpon-Wellspring, L50, F|\n|poke|p2|Incineroar, L50, M|\n|poke|p2|Ogerpon-Wellspring, L50, F|\n|poke|p2|Farigiraf, L50, F|\n|poke|p2|Ursaluna, L50, F|\n|poke|p2|Calyrex-Shadow, L50|\n|poke|p2|Lunala, L50|\n|teampreview|4\n|\n|t:|1775963658\n|teamsize|p1|4\n|teamsize|p2|4\n|start\n|switch|p1a: Overqwil|Overqwil, L50, M|100/100\n|switch|p1b: Ting-Lu|Ting-Lu, L50|100/100\n|switch|p2a: Jewelry Margherita|Incineroar, L50, M, shiny|100/100\n|switch|p2b: Thriller Bark|Calyrex-Shadow, L50|100/100\n|-ability|p2b: Thriller Bark|As One\n|-ability|p2b: Thriller Bark|Unnerve\n|-ability|p1a: Overqwil|Intimidate|boost\n|-unboost|p2a: Jewelry Margherita|atk|1\n|-unboost|p2b: Thriller Bark|atk|1\n|-ability|p2a: Jewelry Margherita|Intimidate|boost\n|-unboost|p1a: Overqwil|atk|1\n|-unboost|p1b: Ting-Lu|atk|1\n|-ability|p1b: Ting-Lu|Vessel of Ruin\n|turn|1\n|\n|t:|1775963680\n|-terastallize|p2b: Thriller Bark|Dark\n|move|p2a: Jewelry Margherita|Fake Out|p1a: Overqwil\n|-damage|p1a: Overqwil|92/100\n|move|p2b: Thriller Bark|Astral Barrage|p1a: Overqwil|[spread] p1a,p1b\n|-resisted|p1a: Overqwil\n|-resisted|p1b: Ting-Lu\n|-damage|p1a: Overqwil|69/100\n|-damage|p1b: Ting-Lu|78/100\n|-damage|p2b: Thriller Bark|91/100|[from] item: Life Orb\n|cant|p1a: Overqwil|flinch\n|move|p1b: Ting-Lu|Throat Chop|p2b: Thriller Bark\n|-resisted|p2b: Thriller Bark\n|-damage|p2b: Thriller Bark|68/100\n|-start|p2b: Thriller Bark|Throat Chop|[silent]\n|\n|-heal|p1a: Overqwil|75/100|[from] item: Black Sludge\n|upkeep\n|turn|2\n|\n|t:|1775963703\n|switch|p1b: Ho-Oh|Ho-Oh, L50|100/100\n|move|p2b: Thriller Bark|Protect|p2b: Thriller Bark\n|-singleturn|p2b: Thriller Bark|Protect\n|move|p1a: Overqwil|Toxic Spikes|p2b: Thriller Bark\n|-sidestart|p2: joymaxxing|move: Toxic Spikes\n|move|p2a: Jewelry Margherita|U-turn|p1a: Overqwil\n|-damage|p1a: Overqwil|61/100\n|\n|t:|1775963709\n|switch|p2a: Oro Jackson|Ursaluna, L50, F, shiny|100/100|[from] U-turn\n|-status|p2a: Oro Jackson|psn\n|\n|-heal|p1a: Overqwil|67/100|[from] item: Black Sludge\n|-damage|p2a: Oro Jackson|88/100 psn|[from] psn\n|-end|p2b: Thriller Bark|Throat Chop|[silent]\n|upkeep\n|turn|3\n|\n|t:|1775963723\n|move|p1a: Overqwil|Protect|p1a: Overqwil\n|-singleturn|p1a: Overqwil|Protect\n|move|p2b: Thriller Bark|Astral Barrage|p1b: Ho-Oh|[spread] p1b\n|-activate|p1a: Overqwil|move: Protect\n|-crit|p1b: Ho-Oh\n|-damage|p1b: Ho-Oh|40/100\n|-damage|p2b: Thriller Bark|59/100|[from] item: Life Orb\n|move|p1b: Ho-Oh|Life Dew|p1b: Ho-Oh|[spread] p1a,p1b\n|-heal|p1a: Overqwil|92/100\n|-heal|p1b: Ho-Oh|65/100\n|move|p2a: Oro Jackson|Facade|p1b: Ho-Oh\n|-damage|p1b: Ho-Oh|0 fnt\n|-damage|p2a: Oro Jackson|72/100 psn|[from] item: Rocky Helmet|[of] p1b: Ho-Oh\n|faint|p1b: Ho-Oh\n|\n|-heal|p1a: Overqwil|98/100|[from] item: Black Sludge\n|-damage|p2a: Oro Jackson|60/100 psn|[from] psn\n|upkeep\n|\n|t:|1775963746\n|switch|p1b: Ting-Lu|Ting-Lu, L50|78/100\n|-ability|p1b: Ting-Lu|Vessel of Ruin\n|turn|4\n|\n|t:|1775963766\n|move|p2b: Thriller Bark|Pollen Puff|p2a: Oro Jackson\n|-heal|p2a: Oro Jackson|100/100 psn\n|-damage|p2b: Thriller Bark|49/100|[from] item: Life Orb\n|move|p1a: Overqwil|Barb Barrage|p2b: Thriller Bark\n|-damage|p2b: Thriller Bark|30/100\n|move|p1b: Ting-Lu|Stomping Tantrum|p2a: Oro Jackson\n|-damage|p2a: Oro Jackson|55/100 psn\n|move|p2a: Oro Jackson|Facade|p1a: Overqwil\n|-damage|p1a: Overqwil|0 fnt\n|faint|p1a: Overqwil\n|\n|-damage|p2a: Oro Jackson|43/100 psn|[from] psn\n|upkeep\n|\n|t:|1775963781\n|switch|p1a: Calyrex|Calyrex-Ice, L50|100/100\n|-ability|p1a: Calyrex|As One\n|-ability|p1a: Calyrex|Unnerve\n|turn|5\n|\n|t:|1775963802\n|-terastallize|p1a: Calyrex|Water\n|move|p2b: Thriller Bark|Pollen Puff|p2a: Oro Jackson\n|-heal|p2a: Oro Jackson|92/100 psn\n|-damage|p2b: Thriller Bark|20/100|[from] item: Life Orb\n|move|p1b: Ting-Lu|Stomping Tantrum|p2a: Oro Jackson\n|-damage|p2a: Oro Jackson|52/100 psn\n|move|p2a: Oro Jackson|Facade|p1b: Ting-Lu\n|-damage|p1b: Ting-Lu|9/100\n|move|p1a: Calyrex|Trick Room|p1a: Calyrex\n|-fieldstart|move: Trick Room|[of] p1a: Calyrex\n|\n|-damage|p2a: Oro Jackson|40/100 psn|[from] psn\n|upkeep\n|turn|6\n|\n|t:|1775963821\n|move|p2b: Thriller Bark|Protect|p2b: Thriller Bark\n|-singleturn|p2b: Thriller Bark|Protect\n|move|p2a: Oro Jackson|Earthquake|p1b: Ting-Lu|[spread] p1a,p1b\n|-activate|p2b: Thriller Bark|move: Protect\n|-damage|p1a: Calyrex|63/100\n|-damage|p1b: Ting-Lu|0 fnt\n|faint|p1b: Ting-Lu\n|move|p1a: Calyrex|Glacial Lance|p2b: Thriller Bark|[spread] p2a\n|-activate|p2b: Thriller Bark|move: Protect\n|-supereffective|p2a: Oro Jackson\n|-damage|p2a: Oro Jackson|0 fnt\n|faint|p2a: Oro Jackson\n|-ability|p1a: Calyrex|Chilling Neigh|boost\n|-boost|p1a: Calyrex|atk|1\n|\n|-heal|p1a: Calyrex|69/100|[from] item: Leftovers\n|upkeep\n|\n|t:|1775963825\n|switch|p2a: Jewelry Margherita|Incineroar, L50, M, shiny|100/100\n|-status|p2a: Jewelry Margherita|psn\n|-ability|p2a: Jewelry Margherita|Intimidate|boost\n|-unboost|p1a: Calyrex|atk|1\n|turn|7\n|\n|t:|1775963840\n|move|p1a: Calyrex|Protect|p1a: Calyrex\n|-singleturn|p1a: Calyrex|Protect\n|move|p2a: Jewelry Margherita|Fake Out|p1a: Calyrex\n|-activate|p1a: Calyrex|move: Protect\n|move|p2b: Thriller Bark|Astral Barrage|p1a: Calyrex\n|-activate|p1a: Calyrex|move: Protect\n|\n|-heal|p1a: Calyrex|74/100|[from] item: Leftovers\n|-damage|p2a: Jewelry Margherita|88/100 psn|[from] psn\n|upkeep\n|turn|8\n|\n|t:|1775963851\n|move|p2b: Thriller Bark|Protect|p2b: Thriller Bark\n|-singleturn|p2b: Thriller Bark|Protect\n|move|p1a: Calyrex|Leech Seed|p2a: Jewelry Margherita\n|-start|p2a: Jewelry Margherita|move: Leech Seed\n|move|p2a: Jewelry Margherita|U-turn|p1a: Calyrex\n|-damage|p1a: Calyrex|63/100\n|\n|t:|1775963856\n|switch|p2a: Going Merry|Lunala, L50|100/100|[from] U-turn\n|-status|p2a: Going Merry|psn\n|\n|-heal|p1a: Calyrex|69/100|[from] item: Leftovers\n|-damage|p2a: Going Merry|88/100 psn|[from] psn\n|upkeep\n|turn|9\n|\n|t:|1775963872\n|move|p2a: Going Merry|Wide Guard|p2a: Going Merry\n|-singleturn|p2a: Going Merry|Wide Guard\n|move|p1a: Calyrex|Leech Seed|p2b: Thriller Bark\n|-start|p2b: Thriller Bark|move: Leech Seed\n|move|p2b: Thriller Bark|Astral Barrage|p1a: Calyrex\n|-damage|p1a: Calyrex|6/100\n|-damage|p2b: Thriller Bark|10/100|[from] item: Life Orb\n|\n|-heal|p1a: Calyrex|12/100|[from] item: Leftovers\n|-damage|p2b: Thriller Bark|0 fnt|[from] Leech Seed|[of] p1a: Calyrex\n|-heal|p1a: Calyrex|20/100|[silent]\n|faint|p2b: Thriller Bark\n|-damage|p2a: Going Merry|76/100 psn|[from] psn\n|-fieldend|move: Trick Room\n|upkeep\n|\n|t:|1775963877\n|switch|p2b: Jewelry Margherita|Incineroar, L50, M, shiny|88/100 psn\n|-ability|p2b: Jewelry Margherita|Intimidate|boost\n|-unboost|p1a: Calyrex|atk|1\n|turn|10\n|\n|t:|1775963890\n|move|p1a: Calyrex|Protect|p1a: Calyrex\n|-singleturn|p1a: Calyrex|Protect\n|move|p2b: Jewelry Margherita|Fake Out|p1a: Calyrex\n|-activate|p1a: Calyrex|move: Protect\n|move|p2a: Going Merry|Moongeist Beam|p1a: Calyrex\n|-activate|p1a: Calyrex|move: Protect\n|\n|-heal|p1a: Calyrex|26/100|[from] item: Leftovers\n|-damage|p2a: Going Merry|64/100 psn|[from] psn\n|-damage|p2b: Jewelry Margherita|76/100 psn|[from] psn\n|upkeep\n|turn|11\n|\n|t:|1775963901\n|move|p1a: Calyrex|Protect|p1a: Calyrex\n|-singleturn|p1a: Calyrex|Protect\n|move|p2a: Going Merry|Moongeist Beam|p1a: Calyrex\n|-activate|p1a: Calyrex|move: Protect\n|move|p2b: Jewelry Margherita|Knock Off|p1a: Calyrex\n|-activate|p1a: Calyrex|move: Protect\n|\n|-heal|p1a: Calyrex|32/100|[from] item: Leftovers\n|-damage|p2a: Going Merry|52/100 psn|[from] psn\n|-damage|p2b: Jewelry Margherita|63/100 psn|[from] psn\n|upkeep\n|turn|12\n|\n|t:|1775963913\n|move|p1a: Calyrex|Protect||[still]\n|-fail|p1a: Calyrex\n|move|p2a: Going Merry|Moongeist Beam|p1a: Calyrex\n|-damage|p1a: Calyrex|0 fnt\n|faint|p1a: Calyrex\n|\n|win|joymaxxing\n|raw|jj11j1's rating: 1505 &rarr; <strong>1490</strong><br />(-15 for losing)\n|raw|joymaxxing's rating: 1587 &rarr; <strong>1602</strong><br />(+15 for winning)\n|l|\u2606jj11j1\n|player|p1|\n","uploadtime":1775963919,"views":12,"formatid":"gen9vgc2026regi","rating":1490,"private":0,"password":null}