{"id":"gen9vgc2026regi-2578160208","format":"[Gen 9] VGC 2026 Reg I","players":["avarussurava","liam.2025"],"log":"|j|\u2606avarussurava\n|j|\u2606liam.2025\n|t:|1775654744\n|gametype|doubles\n|player|p1|avarussurava|169|1322\n|player|p2|liam.2025|policeman|1426\n|gen|9\n|tier|[Gen 9] VGC 2026 Reg I\n|rated|\n|rule|Species Clause: Limit one of each Pok\u00e9mon\n|rule|Item Clause: Limit 1 of each item\n|clearpoke\n|poke|p1|Tyranitar, L50, F|\n|poke|p1|Kyogre, L50|\n|poke|p1|Zamazenta-*, L50|\n|poke|p1|Gastrodon, L50, F|\n|poke|p1|Sinistcha, L50|\n|poke|p1|Ceruledge, L50, M|\n|poke|p2|Murkrow, L50, M|\n|poke|p2|Weezing-Galar, L50, M|\n|poke|p2|Terapagos, L50, M|\n|poke|p2|Smeargle, L50, F|\n|poke|p2|Calyrex-Ice, L50|\n|poke|p2|Ursaluna, L50, F|\n|teampreview|4\n|inactive|Battle timer is ON: inactive players will automatically lose when time's up. (requested by liam.2025)\n|\n|t:|1775654785\n|teamsize|p1|4\n|teamsize|p2|4\n|start\n|switch|p1a: Zamazenta|Zamazenta-Crowned, L50|100/100\n|switch|p1b: Ceruledge|Ceruledge, L50, M|100/100\n|switch|p2a: Murkrow|Murkrow, L50, M|100/100\n|switch|p2b: Weezing|Weezing-Galar, L50, M|100/100\n|-ability|p2b: Weezing|Neutralizing Gas\n|-block|p2a: Murkrow|item: Ability Shield\n|turn|1\n|inactive|liam.2025 has 30 seconds left.\n|\n|t:|1775654814\n|move|p2a: Murkrow|Protect|p2a: Murkrow\n|-singleturn|p2a: Murkrow|Protect\n|move|p1a: Zamazenta|Body Press|p2a: Murkrow\n|-activate|p2a: Murkrow|move: Protect\n|move|p1b: Ceruledge|Taunt|p2b: Weezing\n|-start|p2b: Weezing|move: Taunt\n|cant|p2b: Weezing|move: Taunt|Taunt\n|\n|upkeep\n|turn|2\n|\n|t:|1775654834\n|move|p2a: Murkrow|Tailwind|p2a: Murkrow\n|-sidestart|p2: liam.2025|move: Tailwind\n|move|p2b: Weezing|Misty Explosion|p1b: Ceruledge|[spread] p2a,p1a,p1b\n|-supereffective|p2a: Murkrow\n|-resisted|p1b: Ceruledge\n|-damage|p2a: Murkrow|0 fnt\n|-damage|p1a: Zamazenta|74/100\n|-damage|p1b: Ceruledge|80/100\n|faint|p2b: Weezing\n|-end|p2b: Weezing|ability: Neutralizing Gas\n|-ability|p1a: Zamazenta|Dauntless Shield|boost\n|-boost|p1a: Zamazenta|def|1\n|faint|p2a: Murkrow\n|move|p1a: Zamazenta|Body Press|p2: Murkrow|[notarget]\n|-fail|p1a: Zamazenta\n|move|p1b: Ceruledge|Bitter Blade|p2: Murkrow|[notarget]\n|-fail|p1b: Ceruledge\n|\n|upkeep\n|\n|t:|1775654848\n|switch|p2b: Smeargle|Smeargle, L50, F|100/100\n|switch|p2a: Terapagos|Terapagos, L50, M|100/100\n|-activate|p2a: Terapagos|ability: Tera Shift\n|detailschange|p2a: Terapagos|Terapagos-Terastal, L50, M\n|-heal|p2a: Terapagos|100/100|[silent]\n|turn|3\n|\n|t:|1775654859\n|-terastallize|p2a: Terapagos|Stellar\n|detailschange|p2a: Terapagos|Terapagos-Stellar, L50, M, tera:Stellar\n|-heal|p2a: Terapagos|100/100|[silent]\n|move|p2b: Smeargle|Decorate|p2a: Terapagos\n|-boost|p2a: Terapagos|atk|2\n|-boost|p2a: Terapagos|spa|2\n|move|p2a: Terapagos|Tera Starstorm|p1b: Ceruledge|[spread] p1a,p1b\n|-damage|p1a: Zamazenta|0 fnt\n|-damage|p1b: Ceruledge|0 fnt\n|faint|p1a: Zamazenta\n|faint|p1b: Ceruledge\n|\n|upkeep\n|\n|t:|1775654872\n|switch|p1a: Tyranitar|Tyranitar, L50, F|100/100\n|switch|p1b: Sinistcha|Sinistcha, L50|100/100\n|-weather|Sandstorm|[from] ability: Sand Stream|[of] p1a: Tyranitar\n|turn|4\n|\n|t:|1775654883\n|move|p2b: Smeargle|Decorate|p2a: Terapagos\n|-boost|p2a: Terapagos|atk|2\n|-boost|p2a: Terapagos|spa|2\n|move|p2a: Terapagos|Tera Starstorm|p1b: Sinistcha|[spread] p1a,p1b\n|-damage|p1a: Tyranitar|16/100\n|-damage|p1b: Sinistcha|0 fnt\n|faint|p1b: Sinistcha\n|move|p1a: Tyranitar|Knock Off|p2b: Smeargle\n|-enditem|p2b: Smeargle|Focus Sash\n|-damage|p2b: Smeargle|1/100\n|\n|-weather|Sandstorm|[upkeep]\n|-damage|p2b: Smeargle|0 fnt|[from] Sandstorm\n|-damage|p2a: Terapagos|95/100|[from] Sandstorm\n|faint|p2b: Smeargle\n|upkeep\n|turn|5\n|-message|avarussurava forfeited.\n|\n|win|liam.2025\n|raw|avarussurava's rating: 1322 &rarr; <strong>1308</strong><br />(-14 for losing)\n|raw|liam.2025's rating: 1426 &rarr; <strong>1440</strong><br />(+14 for winning)\n|l|\u2606avarussurava\n|player|p1|\n","uploadtime":1775655078,"views":8,"formatid":"gen9vgc2026regi","rating":1308,"private":0,"password":null}