{"id":"gen9vgc2026regi-2559961317","format":"[Gen 9] VGC 2026 Reg I","players":["dapmagikarp","It'sJustKen VGC"],"log":"|j|\u2606dapmagikarp\n|j|\u2606It'sJustKen VGC\n|t:|1773628859\n|gametype|doubles\n|player|p1|dapmagikarp|sada-ai|1294\n|player|p2|It'sJustKen VGC|102|1307\n|gen|9\n|tier|[Gen 9] VGC 2026 Reg I\n|rated|\n|rule|Species Clause: Limit one of each Pok\u00e9mon\n|rule|Item Clause: Limit 1 of each item\n|clearpoke\n|poke|p1|Lunala, L50|\n|poke|p1|Indeedee-F, L50, F|\n|poke|p1|Ursaluna, L50, F|\n|poke|p1|Kyogre, L50|\n|poke|p1|Flutter Mane, L50|\n|poke|p1|Urshifu-*, L50, F|\n|poke|p2|Miraidon, L50|\n|poke|p2|Oranguru, L50, M|\n|poke|p2|Iron Hands, L50|\n|poke|p2|Sinistcha, L50|\n|poke|p2|Incineroar, L50, M|\n|poke|p2|Calyrex-Shadow, L50|\n|teampreview|4\n|inactive|Battle timer is ON: inactive players will automatically lose when time's up. (requested by dapmagikarp)\n|inactive|It'sJustKen VGC also wants the timer to be on.\n|\n|t:|1773628877\n|teamsize|p1|4\n|teamsize|p2|4\n|start\n|switch|p1a: Flutter Mane|Flutter Mane, L50|100/100\n|switch|p1b: Lunala|Lunala, L50|100/100\n|switch|p2a: Miraidon|Miraidon, L50, shiny|100/100\n|switch|p2b: Oranguru|Oranguru, L50, M|100/100\n|-fieldstart|move: Electric Terrain|[from] ability: Hadron Engine|[of] p2a: Miraidon\n|-enditem|p2a: Miraidon|Electric Seed\n|-boost|p2a: Miraidon|def|1|[from] item: Electric Seed\n|-activate|p2b: Oranguru|ability: Symbiosis|Covert Cloak|[of] p2a: Miraidon\n|turn|1\n|\n|t:|1773628900\n|move|p2a: Miraidon|Protect|p2a: Miraidon\n|-singleturn|p2a: Miraidon|Protect\n|move|p1a: Flutter Mane|Moonblast|p2a: Miraidon\n|-activate|p2a: Miraidon|move: Protect\n|move|p1b: Lunala|Meteor Beam||[still]\n|-prepare|p1b: Lunala|Meteor Beam\n|-boost|p1b: Lunala|spa|1\n|-enditem|p1b: Lunala|Power Herb\n|-anim|p1b: Lunala|Meteor Beam|p2a: Miraidon\n|-activate|p2a: Miraidon|move: Protect\n|move|p2b: Oranguru|Trick Room|p2b: Oranguru\n|-fieldstart|move: Trick Room|[of] p2b: Oranguru\n|\n|upkeep\n|turn|2\n|\n|t:|1773628923\n|-terastallize|p2a: Miraidon|Electric\n|move|p2b: Oranguru|Instruct|p2a: Miraidon\n|-singleturn|p2a: Miraidon|move: Instruct|[of] p2b: Oranguru\n|move|p2a: Miraidon|Protect|p2a: Miraidon\n|-singleturn|p2a: Miraidon|Protect\n|move|p1b: Lunala|Moongeist Beam|p2a: Miraidon\n|-activate|p2a: Miraidon|move: Protect\n|move|p2a: Miraidon|Calm Mind|p2a: Miraidon\n|-boost|p2a: Miraidon|spa|1\n|-boost|p2a: Miraidon|spd|1\n|move|p1a: Flutter Mane|Moonblast|p2a: Miraidon\n|-activate|p2a: Miraidon|move: Protect\n|\n|upkeep\n|turn|3\n|\n|t:|1773628946\n|-end|p1a: Flutter Mane|Protosynthesis|[silent]\n|switch|p1a: Indeedee|Indeedee-F, L50, F|100/100\n|-fieldstart|move: Psychic Terrain|[from] ability: Psychic Surge|[of] p1a: Indeedee\n|-enditem|p1a: Indeedee|Psychic Seed\n|-boost|p1a: Indeedee|spd|1|[from] item: Psychic Seed\n|move|p2b: Oranguru|Instruct|p2a: Miraidon\n|-singleturn|p2a: Miraidon|move: Instruct|[of] p2b: Oranguru\n|move|p2a: Miraidon|Calm Mind|p2a: Miraidon\n|-boost|p2a: Miraidon|spa|1\n|-boost|p2a: Miraidon|spd|1\n|move|p1b: Lunala|Expanding Force|p2b: Oranguru|[spread] p2a,p2b\n|-resisted|p2b: Oranguru\n|-damage|p2a: Miraidon|61/100\n|-damage|p2b: Oranguru|63/100\n|move|p2a: Miraidon|Calm Mind|p2a: Miraidon\n|-boost|p2a: Miraidon|spa|1\n|-boost|p2a: Miraidon|spd|1\n|\n|upkeep\n|turn|4\n|\n|t:|1773628966\n|move|p1a: Indeedee|Helping Hand|p1b: Lunala\n|-singleturn|p1b: Lunala|Helping Hand|[of] p1a: Indeedee\n|move|p2b: Oranguru|Instruct|p2a: Miraidon\n|-singleturn|p2a: Miraidon|move: Instruct|[of] p2b: Oranguru\n|move|p2a: Miraidon|Calm Mind|p2a: Miraidon\n|-boost|p2a: Miraidon|spa|1\n|-boost|p2a: Miraidon|spd|1\n|move|p1b: Lunala|Expanding Force|p2b: Oranguru|[spread] p2a,p2b\n|-resisted|p2b: Oranguru\n|-damage|p2a: Miraidon|26/100\n|-damage|p2b: Oranguru|3/100\n|move|p2a: Miraidon|Parabolic Charge|p1b: Lunala|[spread] p2b,p1a,p1b\n|-damage|p2b: Oranguru|0 fnt\n|-heal|p2a: Miraidon|27/100|[from] drain|[of] p2b: Oranguru\n|-damage|p1a: Indeedee|34/100\n|-heal|p2a: Miraidon|56/100|[from] drain|[of] p1a: Indeedee\n|-damage|p1b: Lunala|67/100\n|-heal|p2a: Miraidon|76/100|[from] drain|[of] p1b: Lunala\n|faint|p2b: Oranguru\n|\n|upkeep\n|inactive|It'sJustKen VGC has 30 seconds left.\n|\n|t:|1773628992\n|switch|p2b: Iron Hands|Iron Hands, L50|100/100\n|turn|5\n|\n|t:|1773629012\n|move|p1b: Lunala|Wide Guard|p1b: Lunala\n|-singleturn|p1b: Lunala|Wide Guard\n|move|p2b: Iron Hands|Wild Charge|p1a: Indeedee\n|-damage|p1a: Indeedee|0 fnt\n|faint|p1a: Indeedee\n|-damage|p2b: Iron Hands|94/100|[from] Recoil\n|move|p2a: Miraidon|Parabolic Charge|p1b: Lunala|[spread] p2b\n|-activate|p1b: Lunala|move: Wide Guard\n|-resisted|p2b: Iron Hands\n|-damage|p2b: Iron Hands|69/100\n|-heal|p2a: Miraidon|90/100|[from] drain|[of] p2b: Iron Hands\n|\n|-fieldend|move: Trick Room\n|upkeep\n|\n|t:|1773629029\n|switch|p1a: Kyogre|Kyogre, L50, shiny|100/100\n|-weather|RainDance|[from] ability: Drizzle|[of] p1a: Kyogre\n|turn|6\n|\n|t:|1773629038\n|-end|p2b: Iron Hands|Quark Drive|[silent]\n|switch|p2b: Sinistcha|Sinistcha, L50|100/100\n|-heal|p2a: Miraidon|100/100|[from] ability: Hospitality|[of] p2b: Sinistcha\n|-terastallize|p1a: Kyogre|Water\n|move|p1b: Lunala|Wide Guard|p1b: Lunala\n|-singleturn|p1b: Lunala|Wide Guard\n|move|p2a: Miraidon|Dragon Pulse|p1b: Lunala\n|-damage|p1b: Lunala|0 fnt\n|faint|p1b: Lunala\n|move|p1a: Kyogre|Water Spout|p2b: Sinistcha|[spread] p2a,p2b\n|-resisted|p2b: Sinistcha\n|-damage|p2a: Miraidon|51/100\n|-damage|p2b: Sinistcha|0 fnt\n|faint|p2b: Sinistcha\n|\n|-weather|RainDance|[upkeep]\n|upkeep\n|\n|t:|1773629050\n|switch|p1b: Flutter Mane|Flutter Mane, L50|100/100\n|switch|p2b: Iron Hands|Iron Hands, L50|69/100\n|turn|7\n|-message|dapmagikarp forfeited.\n|\n|win|It'sJustKen VGC\n|raw|dapmagikarp's rating: 1294 &rarr; <strong>1270</strong><br />(-24 for losing)\n|raw|It&apos;sJustKen VGC's rating: 1307 &rarr; <strong>1326</strong><br />(+19 for winning)\n|l|\u2606dapmagikarp\n|player|p1|\n|l|\u2606It'sJustKen VGC\n|player|p2|\n","uploadtime":1773629068,"views":13,"formatid":"gen9vgc2026regi","rating":1270,"private":0,"password":null}