{"id":"gen9vgc2026regi-2562896763","format":"[Gen 9] VGC 2026 Reg I","players":["Coreydfgh","vestige666"],"log":"|j|\u2606Coreydfgh\n|j|\u2606vestige666\n|t:|1773960214\n|gametype|doubles\n|player|p1|Coreydfgh|101|1379\n|player|p2|vestige666|blackbelt-gen4dp|1356\n|gen|9\n|tier|[Gen 9] VGC 2026 Reg I\n|rated|\n|rule|Species Clause: Limit one of each Pok\u00e9mon\n|rule|Item Clause: Limit 1 of each item\n|clearpoke\n|poke|p1|Calyrex-Ice, L50|\n|poke|p1|Indeedee-F, L50, F|\n|poke|p1|Torkoal, L50, F|\n|poke|p1|Brute Bonnet, L50|\n|poke|p1|Lunala, L50|\n|poke|p1|Iron Hands, L50|\n|poke|p2|Miraidon, L50|\n|poke|p2|Groudon, L50|\n|poke|p2|Raging Bolt, L50|\n|poke|p2|Farigiraf, L50, M|\n|poke|p2|Whimsicott, L50, F|\n|poke|p2|Iron Bundle, L50|\n|teampreview|4\n|\n|t:|1773960256\n|teamsize|p1|4\n|teamsize|p2|4\n|start\n|switch|p1a: Calyrex|Calyrex-Ice, L50|100/100\n|switch|p1b: Indeedee|Indeedee-F, L50, F, shiny|100/100\n|switch|p2a: Nerissa|Miraidon, L50|100/100\n|switch|p2b: Fuwawa|Farigiraf, L50, M|100/100\n|-ability|p1a: Calyrex|As One\n|-ability|p1a: Calyrex|Unnerve\n|-fieldstart|move: Electric Terrain|[from] ability: Hadron Engine|[of] p2a: Nerissa\n|-enditem|p2b: Fuwawa|Electric Seed\n|-boost|p2b: Fuwawa|def|1|[from] item: Electric Seed\n|-fieldstart|move: Psychic Terrain|[from] ability: Psychic Surge|[of] p1b: Indeedee\n|turn|1\n|\n|t:|1773960297\n|-terastallize|p2a: Nerissa|Fire\n|-terastallize|p1b: Indeedee|Ground\n|move|p1b: Indeedee|Follow Me|p1b: Indeedee\n|-singleturn|p1b: Indeedee|move: Follow Me\n|move|p2a: Nerissa|Overheat|p1b: Indeedee\n|-damage|p1b: Indeedee|36/100\n|-unboost|p2a: Nerissa|spa|2\n|move|p1a: Calyrex|Glacial Lance|p2b: Fuwawa|[spread] p2a,p2b\n|-resisted|p2a: Nerissa\n|-damage|p2a: Nerissa|72/100\n|-damage|p2b: Fuwawa|69/100\n|move|p2b: Fuwawa|Roar|p1b: Indeedee\n|drag|p1b: Iron Hands|Iron Hands, L50|100/100\n|\n|upkeep\n|turn|2\n|\n|t:|1773960340\n|switch|p2a: Kronii|Groudon, L50|100/100\n|-weather|SunnyDay|[from] ability: Drought|[of] p2a: Kronii\n|move|p1a: Calyrex|Protect|p1a: Calyrex\n|-singleturn|p1a: Calyrex|Protect\n|move|p1b: Iron Hands|Low Kick|p2a: Kronii\n|-damage|p2a: Kronii|57/100\n|move|p2b: Fuwawa|Trick Room|p2b: Fuwawa\n|-fieldstart|move: Trick Room|[of] p2b: Fuwawa\n|\n|-weather|SunnyDay|[upkeep]\n|-heal|p2a: Kronii|63/100|[from] item: Leftovers\n|upkeep\n|turn|3\n|\n|t:|1773960357\n|move|p2a: Kronii|Protect|p2a: Kronii\n|-singleturn|p2a: Kronii|Protect\n|move|p1a: Calyrex|Glacial Lance|p2b: Fuwawa|[spread] p2b\n|-activate|p2a: Kronii|move: Protect\n|-damage|p2b: Fuwawa|39/100\n|move|p1b: Iron Hands|Low Kick|p2b: Fuwawa\n|-damage|p2b: Fuwawa|7/100\n|move|p2b: Fuwawa|Trick Room|p2b: Fuwawa\n|-fieldend|move: Trick Room\n|\n|-weather|SunnyDay|[upkeep]\n|-heal|p2a: Kronii|69/100|[from] item: Leftovers\n|upkeep\n|turn|4\n|\n|t:|1773960376\n|move|p2b: Fuwawa|Helping Hand|p2a: Kronii\n|-singleturn|p2a: Kronii|Helping Hand|[of] p2b: Fuwawa\n|move|p2a: Kronii|Precipice Blades|p1b: Iron Hands|[spread] p1a,p1b\n|-supereffective|p1b: Iron Hands\n|-damage|p1a: Calyrex|51/100\n|-damage|p1b: Iron Hands|0 fnt\n|faint|p1b: Iron Hands\n|-end|p1b: Iron Hands|Quark Drive|[silent]\n|move|p1a: Calyrex|Glacial Lance|p2b: Fuwawa|[spread] p2a,p2b\n|-supereffective|p2a: Kronii\n|-damage|p2a: Kronii|0 fnt\n|-damage|p2b: Fuwawa|0 fnt\n|faint|p2a: Kronii\n|faint|p2b: Fuwawa\n|-ability|p1a: Calyrex|Chilling Neigh|boost\n|-boost|p1a: Calyrex|atk|2\n|\n|-weather|SunnyDay|[upkeep]\n|upkeep\n|\n|t:|1773960410\n|switch|p2a: Biboo|Raging Bolt, L50|100/100\n|switch|p2b: Nerissa|Miraidon, L50, tera:Fire|72/100\n|switch|p1b: Indeedee|Indeedee-F, L50, F, shiny, tera:Ground|36/100\n|-fieldstart|move: Electric Terrain|[from] ability: Hadron Engine|[of] p2b: Nerissa\n|-fieldstart|move: Psychic Terrain|[from] ability: Psychic Surge|[of] p1b: Indeedee\n|-activate|p2a: Biboo|ability: Protosynthesis\n|-start|p2a: Biboo|protosynthesisspa\n|turn|5\n|inactive|Battle timer is ON: inactive players will automatically lose when time's up. (requested by vestige666)\n|\n|t:|1773960432\n|move|p1b: Indeedee|Follow Me|p1b: Indeedee\n|-singleturn|p1b: Indeedee|move: Follow Me\n|move|p2b: Nerissa|Overheat|p1b: Indeedee\n|-damage|p1b: Indeedee|0 fnt\n|-unboost|p2b: Nerissa|spa|2\n|faint|p1b: Indeedee\n|move|p2a: Biboo|Draco Meteor|p1a: Calyrex\n|-damage|p1a: Calyrex|0 fnt\n|-unboost|p2a: Biboo|spa|2\n|faint|p1a: Calyrex\n|-damage|p2a: Biboo|91/100|[from] item: Life Orb\n|\n|-weather|SunnyDay|[upkeep]\n|upkeep\n|\n|t:|1773960440\n|switch|p1b: Torkoal|Torkoal, L50, F|100/100\n|turn|6\n|\n|t:|1773960454\n|move|p2b: Nerissa|Electro Drift|p1b: Torkoal\n|-damage|p1b: Torkoal|64/100\n|move|p2a: Biboo|Draco Meteor|p1b: Torkoal\n|-damage|p1b: Torkoal|0 fnt\n|-unboost|p2a: Biboo|spa|2\n|faint|p1b: Torkoal\n|-damage|p2a: Biboo|81/100|[from] item: Life Orb\n|\n|win|vestige666\n|raw|Coreydfgh's rating: 1379 &rarr; <strong>1358</strong><br />(-21 for losing)\n|raw|vestige666's rating: 1356 &rarr; <strong>1377</strong><br />(+21 for winning)\n|l|\u2606Coreydfgh\n|player|p1|\n|c|\u2606vestige666|Gg\n","uploadtime":1773960724,"views":13,"formatid":"gen9vgc2026regi","rating":1358,"private":0,"password":null}