{"id":"gen9vgc2026regi-2548805742","format":"[Gen 9] VGC 2026 Reg I","players":["RickyZainer","501JFW"],"log":"|j|\u2606RickyZainer\n|j|\u2606501JFW\n|t:|1772260153\n|gametype|doubles\n|player|p1|RickyZainer|266|1307\n|player|p2|501JFW|169|1546\n|gen|9\n|tier|[Gen 9] VGC 2026 Reg I\n|rated|\n|rule|Species Clause: Limit one of each Pok\u00e9mon\n|rule|Item Clause: Limit 1 of each item\n|clearpoke\n|poke|p1|Calyrex-Ice, L50|\n|poke|p1|Koraidon, L50|\n|poke|p1|Incineroar, L50, M|\n|poke|p1|Brute Bonnet, L50|\n|poke|p1|Flutter Mane, L50|\n|poke|p1|Enamorus-Therian, L50, F|\n|poke|p2|Kyogre, L50|\n|poke|p2|Calyrex-Ice, L50|\n|poke|p2|Amoonguss, L50, F|\n|poke|p2|Iron Jugulis, L50|\n|poke|p2|Urshifu-*, L50, F|\n|poke|p2|Indeedee-F, L50, F|\n|teampreview|4\n|inactive|Battle timer is ON: inactive players will automatically lose when time's up. (requested by 501JFW)\n|\n|t:|1772260186\n|teamsize|p1|4\n|teamsize|p2|4\n|start\n|switch|p1a: Incineroar|Incineroar, L50, M|100/100\n|switch|p1b: Calyrex|Calyrex-Ice, L50|100/100\n|switch|p2a: Calyrex|Calyrex-Ice, L50|100/100\n|switch|p2b: Indeedee|Indeedee-F, L50, F, shiny|100/100\n|-ability|p2a: Calyrex|As One\n|-ability|p2a: Calyrex|Unnerve\n|-ability|p1b: Calyrex|As One\n|-ability|p1b: Calyrex|Unnerve\n|-ability|p1a: Incineroar|Intimidate|boost\n|-unboost|p2a: Calyrex|atk|1\n|-unboost|p2b: Indeedee|atk|1\n|-fieldstart|move: Psychic Terrain|[from] ability: Psychic Surge|[of] p2b: Indeedee\n|-enditem|p2b: Indeedee|Psychic Seed\n|-boost|p2b: Indeedee|spd|1|[from] item: Psychic Seed\n|turn|1\n|\n|t:|1772260209\n|switch|p2b: Kyogre|Kyogre, L50, shiny|100/100\n|-weather|RainDance|[from] ability: Drizzle|[of] p2b: Kyogre\n|move|p1a: Incineroar|Knock Off|p2a: Calyrex\n|-supereffective|p2a: Calyrex\n|-damage|p2a: Calyrex|59/100\n|-enditem|p2a: Calyrex|Icicle Plate|[from] move: Knock Off|[of] p1a: Incineroar\n|move|p2a: Calyrex|Swords Dance|p2a: Calyrex\n|-boost|p2a: Calyrex|atk|2\n|move|p1b: Calyrex|Glacial Lance|p2b: Kyogre|[spread] p2a,p2b\n|-resisted|p2a: Calyrex\n|-resisted|p2b: Kyogre\n|-damage|p2a: Calyrex|41/100\n|-damage|p2b: Kyogre|70/100\n|\n|-weather|RainDance|[upkeep]\n|upkeep\n|turn|2\n|\n|t:|1772260223\n|switch|p1a: Koraidon|Koraidon, L50|100/100\n|-weather|SunnyDay|[from] ability: Orichalcum Pulse|[of] p1a: Koraidon\n|-activate|p1a: Koraidon|Orichalcum Pulse|[source]\n|move|p2b: Kyogre|Water Spout|p1a: Koraidon|[spread] p1a,p1b\n|-resisted|p1a: Koraidon\n|-damage|p1a: Koraidon|83/100\n|-damage|p1b: Calyrex|78/100\n|move|p2a: Calyrex|Glacial Lance|p1b: Calyrex|[spread] p1a,p1b\n|-supereffective|p1a: Koraidon\n|-resisted|p1b: Calyrex\n|-damage|p1a: Koraidon|0 fnt\n|-damage|p1b: Calyrex|50/100\n|faint|p1a: Koraidon\n|-ability|p2a: Calyrex|Chilling Neigh|boost\n|-boost|p2a: Calyrex|atk|1\n|move|p1b: Calyrex|Trick Room|p1b: Calyrex\n|-fieldstart|move: Trick Room|[of] p1b: Calyrex\n|\n|-weather|SunnyDay|[upkeep]\n|upkeep\n|\n|t:|1772260235\n|switch|p1a: Enamorus|Enamorus-Therian, L50, F|100/100\n|turn|3\n|\n|t:|1772260249\n|switch|p2b: Indeedee|Indeedee-F, L50, F, shiny|100/100\n|move|p1a: Enamorus|Moonblast|p2a: Calyrex\n|-damage|p2a: Calyrex|0 fnt\n|faint|p2a: Calyrex\n|move|p1b: Calyrex|High Horsepower|p2b: Indeedee\n|-damage|p2b: Indeedee|60/100\n|\n|-weather|SunnyDay|[upkeep]\n|upkeep\n|\n|t:|1772260272\n|switch|p2a: Kyogre|Kyogre, L50, shiny|70/100\n|-weather|RainDance|[from] ability: Drizzle|[of] p2a: Kyogre\n|turn|4\n|\n|t:|1772260279\n|move|p2b: Indeedee|Follow Me|p2b: Indeedee\n|-singleturn|p2b: Indeedee|move: Follow Me\n|move|p1a: Enamorus|Moonblast|p2b: Indeedee\n|-damage|p2b: Indeedee|0 fnt\n|faint|p2b: Indeedee\n|move|p1b: Calyrex|High Horsepower|p2a: Kyogre\n|-damage|p2a: Kyogre|32/100\n|move|p2a: Kyogre|Origin Pulse|p1a: Enamorus|[spread] p1a,p1b\n|-damage|p1a: Enamorus|0 fnt\n|-damage|p1b: Calyrex|0 fnt\n|faint|p1a: Enamorus\n|faint|p1b: Calyrex\n|\n|-weather|RainDance|[upkeep]\n|upkeep\n|l|\u2606501JFW\n|inactive|501JFW disconnected and has a minute to reconnect!\n|player|p2|\n|j|\u2606501JFW\n|inactive|501JFW reconnected and has 40 seconds left.\n|player|p2|501JFW|169|\n|\n|t:|1772260300\n|switch|p1b: Incineroar|Incineroar, L50, M|100/100\n|switch|p2b: Amoonguss|Amoonguss, L50, F, shiny|100/100\n|-ability|p1b: Incineroar|Intimidate|boost\n|-unboost|p2a: Kyogre|atk|1\n|-unboost|p2b: Amoonguss|atk|1\n|turn|5\n|\n|t:|1772260309\n|move|p2b: Amoonguss|Pollen Puff|p2a: Kyogre\n|-heal|p2a: Kyogre|82/100\n|move|p1b: Incineroar|Knock Off|p2a: Kyogre\n|-damage|p2a: Kyogre|47/100\n|-enditem|p2a: Kyogre|Choice Specs|[from] move: Knock Off|[of] p1b: Incineroar\n|move|p2a: Kyogre|Origin Pulse|p1b: Incineroar\n|-supereffective|p1b: Incineroar\n|-damage|p1b: Incineroar|0 fnt\n|faint|p1b: Incineroar\n|\n|win|501JFW\n|raw|RickyZainer's rating: 1307 &rarr; <strong>1299</strong><br />(-8 for losing)\n|raw|501JFW's rating: 1546 &rarr; <strong>1554</strong><br />(+8 for winning)\n|l|\u2606RickyZainer\n|player|p1|\n|l|\u2606501JFW\n|player|p2|\n","uploadtime":1772260509,"views":12,"formatid":"gen9vgc2026regi","rating":1299,"private":0,"password":null}