{"id":"gen9vgc2026regi-2578329319","format":"[Gen 9] VGC 2026 Reg I","players":["touchgrassyterrain","Realfrytki"],"log":"|j|\u2606touchgrassyterrain\n|j|\u2606Realfrytki\n|html|<table width=\"100%\"><tr><td align=\"left\">touchgrassyterrain</td><td align=\"right\">Realfrytki</tr><tr><td align=\"left\"><i class=\"fa fa-circle-o\"></i> <i class=\"fa fa-circle-o\"></i> </td><td align=\"right\"><i class=\"fa fa-circle-o\"></i> <i class=\"fa fa-circle-o\"></i> </tr></table>\n|uhtml|bestof|<h2><strong>Game 1</strong> of <a href=\"/game-bestof3-gen9vgc2026regi-2578329318\">a best-of-3</a></h2>\n|t:|1775668941\n|gametype|doubles\n|player|p1|touchgrassyterrain|flannery|\n|player|p2|Realfrytki|veteranf|\n|gen|9\n|tier|[Gen 9] VGC 2026 Reg I\n|rule|Species Clause: Limit one of each Pok\u00e9mon\n|rule|Item Clause: Limit 1 of each item\n|raw|<div class=\"infobox\"><details class=\"readmore\" open><summary><strong>1 custom rule:</strong></summary> Best of = 3</details></div>\n|clearpoke\n|poke|p1|Koraidon, L50|\n|poke|p1|Weezing-Galar, L50, F|\n|poke|p1|Calyrex-Shadow, L50|\n|poke|p1|Raging Bolt, L50|\n|poke|p1|Chi-Yu, L50|\n|poke|p1|Brute Bonnet, L50|\n|poke|p2|Terapagos, L50, M|\n|poke|p2|Grimmsnarl, L50, M|\n|poke|p2|Volcarona, L50, F|\n|poke|p2|Miraidon, L50|\n|poke|p2|Iron Hands, L50|\n|poke|p2|Ogerpon-Cornerstone, L50, F|\n|teampreview|4\n|c|\u2606Realfrytki|glhf\n|c|\u2606touchgrassyterrain|i think i did it right? lol\n|c|\u2606touchgrassyterrain|glhf :)\ntouchgrassyterrain has agreed to open team sheets.\n|c|\u2606Realfrytki|yeah thats right\nRealfrytki has agreed to open team sheets.\n|showteam|p1|Koraidon||AbilityShield|OrichalcumPulse|FlareBlitz,CollisionCourse,FlameCharge,Protect||||||50|,,,,,Fire]Weezing-Galar||CovertCloak|NeutralizingGas|DazzlingGleam,Taunt,WillOWisp,Protect|||F|||50|,,,,,Water]Calyrex-Shadow||FocusSash|AsOneSpectrier|AstralBarrage,Psychic,NastyPlot,Protect||||||50|,,,,,Ghost]Raging Bolt||AssaultVest|Protosynthesis|Thunderclap,DracoMeteor,Thunderbolt,Electroweb||||||50|,,,,,Electric]Chi-Yu||ChoiceScarf|BeadsofRuin|HeatWave,Snarl,DarkPulse,Overheat||||||50|,,,,,Ghost]Brute Bonnet||SitrusBerry|Protosynthesis|Spore,RagePowder,SeedBomb,SuckerPunch||||||50|,,,,,Water\n|showteam|p2|Terapagos||ChoiceSpecs|TeraShift|TeraStarstorm,EarthPower,DarkPulse,HyperBeam|||M|||50|,,,,,Stellar]Grimmsnarl||CovertCloak|Prankster|FakeTears,FoulPlay,ThunderWave,FakeOut|||M|||50|,,,,,Steel]Volcarona||ElectricSeed|FlameBody|Protect,QuiverDance,FieryDance,StruggleBug|||F|||50|,,,,,Dragon]Miraidon||ChoiceScarf|HadronEngine|DracoMeteor,ElectroDrift,VoltSwitch,Overheat||||||50|,,,,,Electric]Iron Hands||AssaultVest|QuarkDrive|BrickBreak,FakeOut,WildCharge,LowKick||||||50|,,,,,Water]Ogerpon-Cornerstone||CornerstoneMask|Sturdy|IvyCudgel,PowerWhip,FollowMe,SpikyShield|||F|||50|,,,,,Rock\n|\n|t:|1775668991\n|teamsize|p1|4\n|teamsize|p2|4\n|start\n|switch|p1a: stride|Koraidon, L50|100/100\n|switch|p1b: me IRL|Weezing-Galar, L50, F, shiny|100/100\n|switch|p2a: Grimmsnarl|Grimmsnarl, L50, M|100/100\n|switch|p2b: Terapagos|Terapagos, L50, M|100/100\n|-activate|p2b: Terapagos|ability: Tera Shift\n|detailschange|p2b: Terapagos|Terapagos-Terastal, L50, M\n|-heal|p2b: Terapagos|100/100|[silent]\n|-ability|p1b: me IRL|Neutralizing Gas\n|-block|p1a: stride|item: Ability Shield\n|-weather|SunnyDay|[from] ability: Orichalcum Pulse|[of] p1a: stride\n|-activate|p1a: stride|Orichalcum Pulse|[source]\n|turn|1\n|\n|t:|1775669020\n|move|p1a: stride|Protect|p1a: stride\n|-singleturn|p1a: stride|Protect\n|move|p2a: Grimmsnarl|Fake Out|p1a: stride\n|-activate|p1a: stride|move: Protect\n|move|p2b: Terapagos|Tera Starstorm|p1a: stride\n|-activate|p1a: stride|move: Protect\n|move|p1b: me IRL|Taunt|p2a: Grimmsnarl\n|-start|p2a: Grimmsnarl|move: Taunt\n|\n|-weather|SunnyDay|[upkeep]\n|upkeep\n|turn|2\n|\n|t:|1775669059\n|switch|p2b: Ogerpon|Ogerpon-Cornerstone, L50, F|100/100\n|switch|p2a: Miraidon|Miraidon, L50|100/100\n|move|p1a: stride|Collision Course|p2b: Ogerpon\n|-supereffective|p2b: Ogerpon\n|-damage|p2b: Ogerpon|0 fnt\n|faint|p2b: Ogerpon\n|move|p1b: me IRL|Taunt|p2a: Miraidon\n|-start|p2a: Miraidon|move: Taunt\n|\n|-weather|SunnyDay|[upkeep]\n|upkeep\n|\n|t:|1775669071\n|switch|p2b: Grimmsnarl|Grimmsnarl, L50, M|100/100\n|turn|3\n|\n|t:|1775669095\n|-terastallize|p2a: Miraidon|Electric\n|move|p1a: stride|Protect|p1a: stride\n|-singleturn|p1a: stride|Protect\n|move|p1b: me IRL|Protect|p1b: me IRL\n|-singleturn|p1b: me IRL|Protect\n|move|p2b: Grimmsnarl|Fake Out|p1a: stride\n|-activate|p1a: stride|move: Protect\n|move|p2a: Miraidon|Electro Drift|p1b: me IRL\n|-activate|p1b: me IRL|move: Protect\n|\n|-weather|SunnyDay|[upkeep]\n|upkeep\n|turn|4\n|\n|t:|1775669120\n|-terastallize|p1a: stride|Fire\n|move|p2a: Miraidon|Electro Drift|p1b: me IRL\n|-damage|p1b: me IRL|25/100\n|move|p1a: stride|Flame Charge|p2a: Miraidon\n|-damage|p2a: Miraidon|33/100\n|-boost|p1a: stride|spe|1\n|move|p2b: Grimmsnarl|Thunder Wave|p1a: stride\n|-status|p1a: stride|par\n|move|p1b: me IRL|Taunt|p2b: Grimmsnarl\n|-start|p2b: Grimmsnarl|move: Taunt\n|\n|-weather|SunnyDay|[upkeep]\n|-end|p2a: Miraidon|move: Taunt\n|upkeep\n|turn|5\n|\n|t:|1775669157\n|switch|p2a: Terapagos|Terapagos-Terastal, L50, M|100/100\n|move|p1b: me IRL|Protect|p1b: me IRL\n|-singleturn|p1b: me IRL|Protect\n|move|p1a: stride|Flame Charge|p2a: Terapagos\n|-damage|p2a: Terapagos|39/100\n|-boost|p1a: stride|spe|1\n|move|p2b: Grimmsnarl|Foul Play|p1a: stride\n|-damage|p1a: stride|53/100 par\n|\n|-weather|none\n|upkeep\n|turn|6\n|\n|t:|1775669188\n|-end|p1b: me IRL|ability: Neutralizing Gas\n|switch|p1b: peeta.|Calyrex-Shadow, L50|100/100\n|-ability|p1b: peeta.|As One\n|-ability|p1b: peeta.|Unnerve\n|move|p1a: stride|Flare Blitz|p2b: Grimmsnarl\n|-damage|p2b: Grimmsnarl|32/100\n|-damage|p1a: stride|27/100 par|[from] Recoil\n|move|p2a: Terapagos|Tera Starstorm|p1a: stride\n|-damage|p1a: stride|0 fnt\n|faint|p1a: stride\n|move|p2b: Grimmsnarl|Foul Play|p1b: peeta.\n|-supereffective|p1b: peeta.\n|-enditem|p1b: peeta.|Focus Sash\n|-damage|p1b: peeta.|1/100\n|\n|upkeep\n|\n|t:|1775669200\n|switch|p1a: feesh.|Chi-Yu, L50|100/100\n|-ability|p1a: feesh.|Beads of Ruin\n|turn|7\n|\n|t:|1775669218\n|move|p1a: feesh.|Heat Wave|p2b: Grimmsnarl|[spread] p2a,p2b\n|-damage|p2a: Terapagos|0 fnt\n|-damage|p2b: Grimmsnarl|0 fnt\n|faint|p2a: Terapagos\n|faint|p2b: Grimmsnarl\n|move|p1b: peeta.|Psychic|p2: Terapagos|[notarget]\n|-fail|p1b: peeta.\n|\n|upkeep\n|\n|t:|1775669226\n|switch|p2b: Miraidon|Miraidon, L50, tera:Electric|33/100\n|-fieldstart|move: Electric Terrain|[from] ability: Hadron Engine|[of] p2b: Miraidon\n|turn|8\n|\n|t:|1775669231\n|move|p2b: Miraidon|Electro Drift|p1b: peeta.\n|-damage|p1b: peeta.|0 fnt\n|faint|p1b: peeta.\n|move|p1a: feesh.|Heat Wave|p2b: Miraidon\n|-damage|p2b: Miraidon|0 fnt\n|faint|p2b: Miraidon\n|\n|win|touchgrassyterrain\n||Realfrytki is ready for game 2.\n||touchgrassyterrain is ready for game 2.\n|uhtml|next|Next: <a href=\"/battle-gen9vgc2026regi-2578332929\"><strong>Game 2 of 3</strong></a>\n|j| gerby vgc\n","uploadtime":1775669555,"views":13,"formatid":"gen9vgc2026regi","rating":null,"private":0,"password":null}