{"id":"gen9vgc2026regi-2519405003","format":"[Gen 9] VGC 2026 Reg I","players":["Solarbloke","kojimuranishi"],"log":"|j|\u2606Solarbloke\n|j|\u2606kojimuranishi\n|t:|1768503014\n|gametype|doubles\n|player|p1|Solarbloke|colress|1438\n|player|p2|kojimuranishi|265|1492\n|gen|9\n|tier|[Gen 9] VGC 2026 Reg I\n|rated|\n|rule|Species Clause: Limit one of each Pok\u00e9mon\n|rule|Item Clause: Limit 1 of each item\n|clearpoke\n|poke|p1|Calyrex-Ice, L50|\n|poke|p1|Kyogre, L50|\n|poke|p1|Farigiraf, L50, F|\n|poke|p1|Smeargle, L50, M|\n|poke|p1|Maushold, L50|\n|poke|p1|Dachsbun, L50, M|\n|poke|p2|Zamazenta-*, L50|\n|poke|p2|Lunala, L50|\n|poke|p2|Chien-Pao, L50|\n|poke|p2|Dragonite, L50, F|\n|poke|p2|Chi-Yu, L50|\n|poke|p2|Urshifu-*, L50, M|\n|teampreview|4\n|inactive|Battle timer is ON: inactive players will automatically lose when time's up. (requested by Solarbloke)\n|\n|t:|1768503033\n|teamsize|p1|4\n|teamsize|p2|4\n|start\n|switch|p1a: Calyrex|Calyrex-Ice, L50|100/100\n|switch|p1b: Smeargle|Smeargle, L50, M|100/100\n|switch|p2a: Urshifu|Urshifu-Rapid-Strike, L50, M|100/100\n|switch|p2b: Lunala|Lunala, L50|100/100\n|-ability|p1a: Calyrex|As One\n|-ability|p1a: Calyrex|Unnerve\n|turn|1\n|\n|t:|1768503049\n|-terastallize|p2a: Urshifu|Ghost\n|-terastallize|p1a: Calyrex|Grass\n|move|p1b: Smeargle|Fake Out|p2a: Urshifu\n|-immune|p2a: Urshifu\n|move|p2a: Urshifu|Surging Strikes|p1b: Smeargle\n|-crit|p1b: Smeargle\n|-damage|p1b: Smeargle|46/100\n|-crit|p1b: Smeargle\n|-damage|p1b: Smeargle|0 fnt\n|faint|p1b: Smeargle\n|-hitcount|p1: Smeargle|2\n|move|p2b: Lunala|Meteor Beam||[still]\n|-prepare|p2b: Lunala|Meteor Beam\n|-boost|p2b: Lunala|spa|1\n|-enditem|p2b: Lunala|Power Herb\n|-anim|p2b: Lunala|Meteor Beam|p1a: Calyrex\n|-damage|p1a: Calyrex|68/100\n|move|p1a: Calyrex|Seed Bomb|p2a: Urshifu\n|-damage|p2a: Urshifu|49/100\n|\n|upkeep\n|\n|t:|1768503054\n|switch|p1b: Kyogre|Kyogre, L50|100/100\n|-weather|RainDance|[from] ability: Drizzle|[of] p1b: Kyogre\n|turn|2\n|inactive|kojimuranishi has 30 seconds left.\n|\n|t:|1768503087\n|move|p1b: Kyogre|Water Spout|p2a: Urshifu|[spread] p2a,p2b\n|-damage|p2a: Urshifu|0 fnt\n|-damage|p2b: Lunala|68/100\n|faint|p2a: Urshifu\n|move|p2b: Lunala|Moongeist Beam|p1b: Kyogre\n|-damage|p1b: Kyogre|36/100\n|move|p1a: Calyrex|Crunch|p2b: Lunala\n|-supereffective|p2b: Lunala\n|-damage|p2b: Lunala|0 fnt\n|faint|p2b: Lunala\n|-ability|p1a: Calyrex|Chilling Neigh|boost\n|-boost|p1a: Calyrex|atk|1\n|\n|-weather|RainDance|[upkeep]\n|upkeep\n|\n|t:|1768503103\n|switch|p2a: Zamazenta|Zamazenta-Crowned, L50|100/100\n|switch|p2b: Chien-Pao|Chien-Pao, L50|100/100\n|-ability|p2b: Chien-Pao|Sword of Ruin\n|-ability|p2a: Zamazenta|Dauntless Shield|boost\n|-boost|p2a: Zamazenta|def|1\n|turn|3\n|\n|t:|1768503114\n|switch|p1b: Farigiraf|Farigiraf, L50, F|100/100\n|move|p2a: Zamazenta|Wide Guard|p2a: Zamazenta\n|-singleturn|p2a: Zamazenta|Wide Guard\n|move|p2b: Chien-Pao|Ice Spinner|p1a: Calyrex\n|-supereffective|p1a: Calyrex\n|-damage|p1a: Calyrex|0 fnt\n|faint|p1a: Calyrex\n|-damage|p2b: Chien-Pao|91/100|[from] item: Life Orb\n|\n|-weather|RainDance|[upkeep]\n|upkeep\n|\n|t:|1768503122\n|switch|p1a: Kyogre|Kyogre, L50|36/100\n|turn|4\n|\n|t:|1768503139\n|move|p1b: Farigiraf|Ally Switch|p1b: Farigiraf\n|swap|p1b: Farigiraf|0|[from] move: Ally Switch\n|move|p1b: Kyogre|Hydro Pump|p2b: Chien-Pao\n|-damage|p2b: Chien-Pao|0 fnt\n|faint|p2b: Chien-Pao\n|move|p2a: Zamazenta|Body Press|p1a: Farigiraf\n|-damage|p1a: Farigiraf|54/100\n|\n|-weather|RainDance|[upkeep]\n|upkeep\n|turn|5\n|\n|t:|1768503154\n|move|p1b: Kyogre|Hydro Pump|p2a: Zamazenta|[miss]\n|-miss|p1b: Kyogre|p2a: Zamazenta\n|move|p2a: Zamazenta|Body Press|p1b: Kyogre\n|-damage|p1b: Kyogre|0 fnt\n|faint|p1b: Kyogre\n|move|p1a: Farigiraf|Psychic|p2a: Zamazenta\n|-damage|p2a: Zamazenta|79/100\n|\n|-weather|RainDance|[upkeep]\n|upkeep\n|turn|6\n|\n|t:|1768503165\n|move|p2a: Zamazenta|Body Press|p1a: Farigiraf\n|-damage|p1a: Farigiraf|0 fnt\n|faint|p1a: Farigiraf\n|\n|win|kojimuranishi\n|raw|Solarbloke's rating: 1438 &rarr; <strong>1421</strong><br />(-17 for losing)\n|raw|kojimuranishi's rating: 1492 &rarr; <strong>1509</strong><br />(+17 for winning)\n|l|\u2606Solarbloke\n|player|p1|\n|l|\u2606kojimuranishi\n|player|p2|\n","uploadtime":1768503353,"views":20,"formatid":"gen9vgc2026regi","rating":1421,"private":0,"password":null}