{"id":"gen9vgc2026regi-2539056738","format":"[Gen 9] VGC 2026 Reg I","players":["paradox franco","Luca8"],"log":"|j|\u2606paradox franco\n|j|\u2606Luca8\n|t:|1771007063\n|gametype|doubles\n|player|p1|paradox franco|elesa|1395\n|player|p2|Luca8|flint|1328\n|gen|9\n|tier|[Gen 9] VGC 2026 Reg I\n|rated|\n|rule|Species Clause: Limit one of each Pok\u00e9mon\n|rule|Item Clause: Limit 1 of each item\n|clearpoke\n|poke|p1|Iron Valiant, L50|\n|poke|p1|Incineroar, L50, M|\n|poke|p1|Terapagos, L50, M|\n|poke|p1|Sinistcha, L50|\n|poke|p1|Miraidon, L50|\n|poke|p1|Iron Treads, L50|\n|poke|p2|Incineroar, L50, M|\n|poke|p2|Whimsicott, L50, M|\n|poke|p2|Calyrex-Ice, L50|\n|poke|p2|Kyogre, L50|\n|poke|p2|Farigiraf, L50, M|\n|poke|p2|Archaludon, L50, F|\n|teampreview|4\n|inactive|Battle timer is ON: inactive players will automatically lose when time's up. (requested by paradox franco)\n|\n|t:|1771007094\n|teamsize|p1|4\n|teamsize|p2|4\n|start\n|switch|p1a: Miraidon|Miraidon, L50|100/100\n|switch|p1b: Iron Treads|Iron Treads, L50|100/100\n|switch|p2a: Calyrex|Calyrex-Ice, L50|100/100\n|switch|p2b: Whimsicott|Whimsicott, L50, M|100/100\n|-ability|p2a: Calyrex|As One\n|-ability|p2a: Calyrex|Unnerve\n|-fieldstart|move: Electric Terrain|[from] ability: Hadron Engine|[of] p1a: Miraidon\n|-activate|p1b: Iron Treads|ability: Quark Drive\n|-start|p1b: Iron Treads|quarkdrivespe\n|turn|1\n|\n|t:|1771007118\n|-terastallize|p2a: Calyrex|Electric\n|move|p2b: Whimsicott|Tailwind|p2b: Whimsicott\n|-sidestart|p2: Luca8|move: Tailwind\n|move|p1b: Iron Treads|Iron Head|p2a: Calyrex\n|-resisted|p2a: Calyrex\n|-damage|p2a: Calyrex|81/100\n|move|p2a: Calyrex|Glacial Lance|p1a: Miraidon|[spread] p1a,p1b\n|-supereffective|p1a: Miraidon\n|-damage|p1a: Miraidon|10/100\n|-damage|p1b: Iron Treads|56/100\n|move|p1a: Miraidon|Volt Switch|p2b: Whimsicott\n|-resisted|p2b: Whimsicott\n|-damage|p2b: Whimsicott|46/100\n|\n|t:|1771007126\n|switch|p1a: Terapagos|Terapagos, L50, M|100/100|[from] Volt Switch\n|-activate|p1a: Terapagos|ability: Tera Shift\n|detailschange|p1a: Terapagos|Terapagos-Terastal, L50, M\n|-heal|p1a: Terapagos|100/100|[silent]\n|-enditem|p1a: Terapagos|Electric Seed\n|-boost|p1a: Terapagos|def|1|[from] item: Electric Seed\n|\n|upkeep\n|turn|2\n|\n|t:|1771007144\n|move|p2b: Whimsicott|Cotton Spore|p1a: Terapagos|[spread] p1a,p1b\n|-unboost|p1a: Terapagos|spe|2\n|-unboost|p1b: Iron Treads|spe|2\n|move|p2a: Calyrex|Glacial Lance|p1a: Terapagos|[spread] p1a,p1b\n|-activate|p1a: Terapagos|ability: Tera Shell\n|-resisted|p1a: Terapagos\n|-damage|p1a: Terapagos|85/100\n|-damage|p1b: Iron Treads|6/100\n|move|p1b: Iron Treads|Iron Head|p2b: Whimsicott\n|-supereffective|p2b: Whimsicott\n|-damage|p2b: Whimsicott|0 fnt\n|faint|p2b: Whimsicott\n|move|p1a: Terapagos|Calm Mind|p1a: Terapagos\n|-boost|p1a: Terapagos|spa|1\n|-boost|p1a: Terapagos|spd|1\n|\n|upkeep\n|\n|t:|1771007162\n|switch|p2b: Kyogre|Kyogre, L50|100/100\n|-weather|RainDance|[from] ability: Drizzle|[of] p2b: Kyogre\n|turn|3\n|\n|t:|1771007170\n|switch|p2b: Farigiraf|Farigiraf, L50, M|100/100\n|move|p1a: Terapagos|Protect|p1a: Terapagos\n|-singleturn|p1a: Terapagos|Protect\n|move|p2a: Calyrex|Glacial Lance|p1b: Iron Treads|[spread] p1b\n|-activate|p1a: Terapagos|move: Protect\n|-damage|p1b: Iron Treads|0 fnt\n|faint|p1b: Iron Treads\n|-end|p1b: Iron Treads|Quark Drive|[silent]\n|-ability|p2a: Calyrex|Chilling Neigh|boost\n|-boost|p2a: Calyrex|atk|1\n|\n|-weather|RainDance|[upkeep]\n|upkeep\n|\n|t:|1771007173\n|switch|p1b: Sinistcha|Sinistcha, L50|100/100\n|-heal|p1a: Terapagos|100/100|[from] ability: Hospitality|[of] p1b: Sinistcha\n|turn|4\n|\n|t:|1771007189\n|move|p2a: Calyrex|Glacial Lance|p1a: Terapagos|[spread] p1a,p1b\n|-activate|p1a: Terapagos|ability: Tera Shell\n|-resisted|p1a: Terapagos\n|-supereffective|p1b: Sinistcha\n|-damage|p1a: Terapagos|79/100\n|-enditem|p1b: Sinistcha|Focus Sash\n|-damage|p1b: Sinistcha|1/100\n|move|p1b: Sinistcha|Strength Sap|p2a: Calyrex\n|-fail|p2a: Calyrex|unboost|[from] item: Clear Amulet|[of] p2a: Calyrex\n|-heal|p1b: Sinistcha|100/100\n|move|p1a: Terapagos|Calm Mind|p1a: Terapagos\n|-boost|p1a: Terapagos|spa|1\n|-boost|p1a: Terapagos|spd|1\n|move|p2b: Farigiraf|Trick Room|p2b: Farigiraf\n|-fieldstart|move: Trick Room|[of] p2b: Farigiraf\n|\n|-weather|RainDance|[upkeep]\n|-sideend|p2: Luca8|move: Tailwind\n|upkeep\n|turn|5\n|inactive|Luca8 has 30 seconds left.\n|inactive|Luca8 has 20 seconds left.\n|\n|t:|1771007226\n|-terastallize|p1a: Terapagos|Stellar\n|detailschange|p1a: Terapagos|Terapagos-Stellar, L50, M, tera:Stellar\n|-heal|p1a: Terapagos|85/100|[silent]\n|-ability|p1a: Terapagos|Teraform Zero\n|-weather|none\n|-fieldend|move: Electric Terrain\n|move|p1b: Sinistcha|Protect|p1b: Sinistcha\n|-singleturn|p1b: Sinistcha|Protect\n|move|p1a: Terapagos|Tera Starstorm|p2a: Calyrex|[spread] p2a,p2b\n|-supereffective|p2a: Calyrex\n|-damage|p2a: Calyrex|0 fnt\n|-damage|p2b: Farigiraf|18/100\n|faint|p2a: Calyrex\n|move|p2b: Farigiraf|Foul Play|p1b: Sinistcha\n|-activate|p1b: Sinistcha|move: Protect\n|\n|upkeep\n|\n|t:|1771007242\n|switch|p2a: Kyogre|Kyogre, L50|100/100\n|-weather|RainDance|[from] ability: Drizzle|[of] p2a: Kyogre\n|turn|6\n|c|\u2606paradox franco|ggwp\n|\n|t:|1771007251\n|move|p1a: Terapagos|Tera Starstorm|p2a: Kyogre|[spread] p2a,p2b\n|-damage|p2a: Kyogre|42/100\n|-damage|p2b: Farigiraf|0 fnt\n|faint|p2b: Farigiraf\n|move|p1b: Sinistcha|Shadow Ball|p2a: Kyogre\n|-damage|p2a: Kyogre|11/100\n|move|p2a: Kyogre|Water Spout|p1a: Terapagos|[spread] p1a,p1b\n|-resisted|p1b: Sinistcha\n|-damage|p1a: Terapagos|81/100\n|-damage|p1b: Sinistcha|94/100\n|\n|-weather|RainDance|[upkeep]\n|upkeep\n|turn|7\n|-message|Luca8 forfeited.\n|\n|win|paradox franco\n|raw|paradox franco's rating: 1395 &rarr; <strong>1411</strong><br />(+16 for winning)\n|raw|Luca8's rating: 1328 &rarr; <strong>1312</strong><br />(-16 for losing)\n|l|\u2606Luca8\n|player|p2|\n|l|\u2606paradox franco\n|player|p1|\n","uploadtime":1771007518,"views":28,"formatid":"gen9vgc2026regi","rating":1312,"private":0,"password":null}