{"id":"gen9vgc2026regi-2544282216","format":"[Gen 9] VGC 2026 Reg I","players":["mtsmlxs","Bef6"],"log":"|j|\u2606mtsmlxs\n|j|\u2606Bef6\n|t:|1771688704\n|gametype|doubles\n|player|p1|mtsmlxs|blue|1421\n|player|p2|Bef6|170|1524\n|gen|9\n|tier|[Gen 9] VGC 2026 Reg I\n|rated|\n|rule|Species Clause: Limit one of each Pok\u00e9mon\n|rule|Item Clause: Limit 1 of each item\n|clearpoke\n|poke|p1|Lugia, L50|\n|poke|p1|Zamazenta-*, L50|\n|poke|p1|Volcarona, L50, F|\n|poke|p1|Rillaboom, L50, F|\n|poke|p1|Whimsicott, L50, F|\n|poke|p1|Incineroar, L50, F|\n|poke|p2|Ho-Oh, L50|\n|poke|p2|Koraidon, L50|\n|poke|p2|Flutter Mane, L50|\n|poke|p2|Incineroar, L50, M|\n|poke|p2|Raging Bolt, L50|\n|poke|p2|Rhydon, L50, F|\n|teampreview|4\n|\n|t:|1771688743\n|teamsize|p1|4\n|teamsize|p2|4\n|start\n|switch|p1a: Whimsicott|Whimsicott, L50, F, shiny|100/100\n|switch|p1b: Rillaboom|Rillaboom, L50, F, shiny|100/100\n|switch|p2a: Koraidon|Koraidon, L50|100/100\n|switch|p2b: Ho-Oh|Ho-Oh, L50|100/100\n|-weather|SunnyDay|[from] ability: Orichalcum Pulse|[of] p2a: Koraidon\n|-activate|p2a: Koraidon|Orichalcum Pulse|[source]\n|-fieldstart|move: Grassy Terrain|[from] ability: Grassy Surge|[of] p1b: Rillaboom\n|turn|1\n|\n|t:|1771688799\n|switch|p2a: Rhydon|Rhydon, L50, F|100/100\n|-terastallize|p1a: Whimsicott|Ghost\n|move|p1b: Rillaboom|Fake Out|p2b: Ho-Oh\n|-damage|p2b: Ho-Oh|91/100\n|move|p1a: Whimsicott|Moonblast|p2a: Rhydon\n|-damage|p2a: Rhydon|83/100\n|cant|p2b: Ho-Oh|flinch\n|\n|-weather|SunnyDay|[upkeep]\n|-heal|p2a: Rhydon|89/100|[from] Grassy Terrain\n|upkeep\n|turn|2\n|\n|t:|1771688820\n|move|p2a: Rhydon|Protect|p2a: Rhydon\n|-singleturn|p2a: Rhydon|Protect\n|move|p1b: Rillaboom|U-turn|p2a: Rhydon\n|-activate|p2a: Rhydon|move: Protect\n|move|p1a: Whimsicott|Fling|p1b: Rillaboom\n|-damage|p1b: Rillaboom|98/100\n|-start|p1b: Rillaboom|move: Focus Energy\n|-enditem|p1a: Whimsicott|Lansat Berry|[from] move: Fling\n|move|p2b: Ho-Oh|Sacred Fire|p1b: Rillaboom\n|-supereffective|p1b: Rillaboom\n|-damage|p1b: Rillaboom|0 fnt\n|faint|p1b: Rillaboom\n|\n|-weather|SunnyDay|[upkeep]\n|-heal|p2a: Rhydon|95/100|[from] Grassy Terrain\n|upkeep\n|\n|t:|1771688837\n|switch|p1b: Zamazenta|Zamazenta-Crowned, L50, shiny|100/100\n|-ability|p1b: Zamazenta|Dauntless Shield|boost\n|-boost|p1b: Zamazenta|def|1\n|turn|3\n|\n|t:|1771688853\n|switch|p1a: Lugia|Lugia, L50, shiny|100/100\n|switch|p2a: Flutter Mane|Flutter Mane, L50|100/100\n|-activate|p2a: Flutter Mane|ability: Protosynthesis\n|-start|p2a: Flutter Mane|protosynthesisspe\n|move|p1b: Zamazenta|Body Press|p2a: Flutter Mane\n|-immune|p2a: Flutter Mane\n|move|p2b: Ho-Oh|Sacred Fire|p1a: Lugia\n|-damage|p1a: Lugia|72/100\n|\n|-weather|SunnyDay|[upkeep]\n|upkeep\n|turn|4\n|\n|t:|1771688875\n|move|p1a: Lugia|Protect|p1a: Lugia\n|-singleturn|p1a: Lugia|Protect\n|move|p2a: Flutter Mane|Shadow Ball|p1a: Lugia\n|-activate|p1a: Lugia|move: Protect\n|move|p1b: Zamazenta|Heavy Slam|p2a: Flutter Mane\n|-supereffective|p2a: Flutter Mane\n|-enditem|p2a: Flutter Mane|Focus Sash\n|-damage|p2a: Flutter Mane|1/100\n|move|p2b: Ho-Oh|Sacred Fire|p1a: Lugia\n|-activate|p1a: Lugia|move: Protect\n|\n|-weather|SunnyDay|[upkeep]\n|-heal|p2a: Flutter Mane|7/100|[from] Grassy Terrain\n|upkeep\n|turn|5\n|\n|t:|1771688912\n|switch|p1b: Whimsicott|Whimsicott, L50, F, shiny, tera:Ghost|100/100\n|move|p1a: Lugia|Protect||[still]\n|-fail|p1a: Lugia\n|move|p2a: Flutter Mane|Icy Wind|p1b: Whimsicott|[spread] p1a,p1b\n|-supereffective|p1a: Lugia\n|-damage|p1a: Lugia|55/100\n|-damage|p1b: Whimsicott|83/100\n|-unboost|p1a: Lugia|spe|1\n|-unboost|p1b: Whimsicott|spe|1\n|-enditem|p1a: Lugia|Weakness Policy\n|-boost|p1a: Lugia|atk|2|[from] item: Weakness Policy\n|-boost|p1a: Lugia|spa|2|[from] item: Weakness Policy\n|move|p2b: Ho-Oh|Sacred Fire|p1a: Lugia\n|-damage|p1a: Lugia|2/100\n|-status|p1a: Lugia|brn\n|\n|-weather|none\n|-end|p2a: Flutter Mane|Protosynthesis\n|-heal|p2a: Flutter Mane|13/100|[from] Grassy Terrain\n|-heal|p1b: Whimsicott|89/100|[from] Grassy Terrain\n|-damage|p1a: Lugia|0 fnt|[from] brn\n|faint|p1a: Lugia\n|-fieldend|move: Grassy Terrain\n|upkeep\n|\n|t:|1771688934\n|switch|p1a: Zamazenta|Zamazenta-Crowned, L50, shiny|100/100\n|turn|6\n|-message|mtsmlxs forfeited.\n|\n|win|Bef6\n|raw|mtsmlxs's rating: 1421 &rarr; <strong>1407</strong><br />(-14 for losing)\n|raw|Bef6's rating: 1524 &rarr; <strong>1538</strong><br />(+14 for winning)\n|l|\u2606mtsmlxs\n|player|p1|\n|l|\u2606Bef6\n|player|p2|\n","uploadtime":1771689088,"views":20,"formatid":"gen9vgc2026regi","rating":1407,"private":0,"password":null}