{"id":"gen9vgc2026regi-2578507076","format":"[Gen 9] VGC 2026 Reg I","players":["BleachyBoi_426","All Zhire"],"log":"|j|\u2606BleachyBoi_426\n|j|\u2606All Zhire\n|t:|1775684273\n|gametype|doubles\n|player|p1|BleachyBoi_426|n|1238\n|player|p2|All Zhire|giovanni|1301\n|gen|9\n|tier|[Gen 9] VGC 2026 Reg I\n|rated|\n|rule|Species Clause: Limit one of each Pok\u00e9mon\n|rule|Item Clause: Limit 1 of each item\n|clearpoke\n|poke|p1|Tornadus, L50, M|\n|poke|p1|Kyogre, L50|\n|poke|p1|Zacian-*, L50|\n|poke|p1|Grimmsnarl, L50, M|\n|poke|p1|Urshifu-*, L50, F|\n|poke|p1|Brute Bonnet, L50|\n|poke|p2|Ho-Oh, L50|\n|poke|p2|Hitmontop, L50, M|\n|poke|p2|Calyrex-Ice, L50|\n|poke|p2|Ambipom, L50, M|\n|poke|p2|Farigiraf, L50, F|\n|poke|p2|Clodsire, L50, M|\n|teampreview|4\n|inactive|Battle timer is ON: inactive players will automatically lose when time's up. (requested by All Zhire)\nAll Zhire rejected open team sheets.\n|inactive|BleachyBoi_426 has 60 seconds left.\n|\n|t:|1775684309\n|teamsize|p1|4\n|teamsize|p2|4\n|start\n|switch|p1a: Royal|Kyogre, L50|100/100\n|switch|p1b: Karamari|Grimmsnarl, L50, M|100/100\n|switch|p2a: Ambipom|Ambipom, L50, M|100/100\n|switch|p2b: Farigiraf|Farigiraf, L50, F|100/100\n|-weather|RainDance|[from] ability: Drizzle|[of] p1a: Royal\n|turn|1\n|\n|t:|1775684324\n|move|p2a: Ambipom|Fake Out|p1a: Royal\n|-damage|p1a: Royal|67/100\n|-damage|p2a: Ambipom|91/100|[from] item: Life Orb\n|move|p1b: Karamari|Light Screen|p1b: Karamari\n|-sidestart|p1: BleachyBoi_426|move: Light Screen\n|cant|p1a: Royal|flinch\n|move|p2b: Farigiraf|Hyper Voice|p1b: Karamari|[spread] p1a,p1b\n|-damage|p1a: Royal|57/100\n|-damage|p1b: Karamari|78/100\n|-enditem|p2b: Farigiraf|Throat Spray\n|-boost|p2b: Farigiraf|spa|1|[from] item: Throat Spray\n|\n|-weather|RainDance|[upkeep]\n|upkeep\n|turn|2\n|\n|t:|1775684336\n|move|p1b: Karamari|Reflect|p1b: Karamari\n|-sidestart|p1: BleachyBoi_426|Reflect\n|move|p2a: Ambipom|Taunt|p1b: Karamari\n|-start|p1b: Karamari|move: Taunt\n|move|p1a: Royal|Origin Pulse|p2b: Farigiraf|[spread] p2b\n|-miss|p1a: Royal|p2a: Ambipom\n|-damage|p2b: Farigiraf|13/100\n|move|p2b: Farigiraf|Trick Room|p2b: Farigiraf\n|-fieldstart|move: Trick Room|[of] p2b: Farigiraf\n|\n|-weather|RainDance|[upkeep]\n|upkeep\n|turn|3\n|\n|t:|1775684354\n|move|p2b: Farigiraf|Hyper Voice|p1b: Karamari|[spread] p1a,p1b\n|-damage|p1a: Royal|41/100\n|-damage|p1b: Karamari|50/100\n|move|p1b: Karamari|Foul Play|p2b: Farigiraf\n|-supereffective|p2b: Farigiraf\n|-damage|p2b: Farigiraf|0 fnt\n|faint|p2b: Farigiraf\n|move|p1a: Royal|Origin Pulse|p2a: Ambipom\n|-damage|p2a: Ambipom|0 fnt\n|faint|p2a: Ambipom\n|\n|-weather|RainDance|[upkeep]\n|upkeep\n|\n|t:|1775684361\n|switch|p2b: Clodsire|Clodsire, L50, M|100/100\n|switch|p2a: Calyrex|Calyrex-Ice, L50|100/100\n|-ability|p2a: Calyrex|As One\n|-ability|p2a: Calyrex|Unnerve\n|turn|4\n|\n|t:|1775684376\n|switch|p1a: Sawyer|Zacian-Crowned, L50|100/100\n|-ability|p1a: Sawyer|Intrepid Sword|boost\n|-boost|p1a: Sawyer|atk|1\n|-terastallize|p2a: Calyrex|Fire\n|move|p2b: Clodsire|Earthquake|p1a: Sawyer|[spread] p2a,p1a,p1b\n|-supereffective|p2a: Calyrex\n|-supereffective|p1a: Sawyer\n|-damage|p2a: Calyrex|72/100\n|-damage|p1a: Sawyer|70/100\n|-damage|p1b: Karamari|32/100\n|-enditem|p2a: Calyrex|Weakness Policy\n|-boost|p2a: Calyrex|atk|2|[from] item: Weakness Policy\n|-boost|p2a: Calyrex|spa|2|[from] item: Weakness Policy\n|move|p2a: Calyrex|Glacial Lance|p1b: Karamari|[spread] p1a,p1b\n|-resisted|p1a: Sawyer\n|-damage|p1a: Sawyer|40/100\n|-damage|p1b: Karamari|0 fnt\n|faint|p1b: Karamari\n|-ability|p2a: Calyrex|Chilling Neigh|boost\n|-boost|p2a: Calyrex|atk|1\n|\n|-weather|RainDance|[upkeep]\n|upkeep\n|\n|t:|1775684388\n|switch|p1b: Little Prince|Brute Bonnet, L50, shiny|100/100\n|turn|5\n|\n|t:|1775684393\n|-terastallize|p1b: Little Prince|Water\n|move|p1a: Sawyer|Protect|p1a: Sawyer\n|-singleturn|p1a: Sawyer|Protect\n|move|p2b: Clodsire|After You|p2a: Calyrex\n|-activate|p2a: Calyrex|move: After You\n|move|p2a: Calyrex|Glacial Lance|p1b: Little Prince|[spread] p1b\n|-activate|p1a: Sawyer|move: Protect\n|-resisted|p1b: Little Prince\n|-damage|p1b: Little Prince|76/100\n|move|p1b: Little Prince|Spore|p2a: Calyrex\n|-status|p2a: Calyrex|slp|[from] move: Spore\n|\n|-weather|none\n|upkeep\n|turn|6\n|\n|t:|1775684413\n|move|p2b: Clodsire|Earthquake|p1a: Sawyer|[spread] p2a,p1a,p1b\n|-supereffective|p2a: Calyrex\n|-supereffective|p1a: Sawyer\n|-damage|p2a: Calyrex|42/100 slp\n|-damage|p1a: Sawyer|10/100\n|-damage|p1b: Little Prince|66/100\n|cant|p2a: Calyrex|slp\n|move|p1b: Little Prince|Spore|p2b: Clodsire\n|-status|p2b: Clodsire|slp|[from] move: Spore\n|move|p1a: Sawyer|Behemoth Blade|p2b: Clodsire\n|-damage|p2b: Clodsire|2/100 slp\n|\n|-fieldend|move: Trick Room\n|upkeep\n|turn|7\n|\n|t:|1775684425\n|switch|p1a: Royal|Kyogre, L50|41/100\n|-weather|RainDance|[from] ability: Drizzle|[of] p1a: Royal\n|cant|p2b: Clodsire|slp\n|move|p1b: Little Prince|Seed Bomb|p2b: Clodsire\n|-damage|p2b: Clodsire|0 fnt\n|faint|p2b: Clodsire\n|cant|p2a: Calyrex|slp\n|\n|-weather|RainDance|[upkeep]\n|upkeep\n|turn|8\n|\n|t:|1775684434\n|move|p1b: Little Prince|Sucker Punch|p2a: Calyrex\n|-damage|p2a: Calyrex|24/100 slp\n|move|p1a: Royal|Origin Pulse|p2a: Calyrex|[miss]\n|-miss|p1a: Royal|p2a: Calyrex\n|-curestatus|p2a: Calyrex|slp|[msg]\n|move|p2a: Calyrex|Glacial Lance|p1b: Little Prince|[spread] p1a,p1b\n|-resisted|p1a: Royal\n|-resisted|p1b: Little Prince\n|-damage|p1a: Royal|0 fnt\n|-damage|p1b: Little Prince|41/100\n|faint|p1a: Royal\n|-ability|p2a: Calyrex|Chilling Neigh|boost\n|-boost|p2a: Calyrex|atk|1\n|\n|-weather|RainDance|[upkeep]\n|-sideend|p1: BleachyBoi_426|move: Light Screen\n|upkeep\n|\n|t:|1775684439\n|switch|p1a: Sawyer|Zacian-Crowned, L50|10/100\n|turn|9\n|\n|t:|1775684444\n|move|p1b: Little Prince|Sucker Punch|p2a: Calyrex\n|-damage|p2a: Calyrex|7/100\n|move|p1a: Sawyer|Behemoth Blade|p2a: Calyrex\n|-resisted|p2a: Calyrex\n|-damage|p2a: Calyrex|0 fnt\n|-enditem|p1b: Little Prince|Sitrus Berry|[eat]\n|-heal|p1b: Little Prince|65/100|[from] item: Sitrus Berry\n|faint|p2a: Calyrex\n|\n|win|BleachyBoi_426\n|raw|BleachyBoi_426's rating: 1238 &rarr; <strong>1267</strong><br />(+29 for winning)\n|raw|All Zhire's rating: 1301 &rarr; <strong>1277</strong><br />(-24 for losing)\n|c|\u2606BleachyBoi_426|gg\n|l|\u2606All Zhire\n|player|p2|\n|l|\u2606BleachyBoi_426\n|player|p1|\n","uploadtime":1775684597,"views":10,"formatid":"gen9vgc2026regi","rating":1267,"private":0,"password":null}