{"id":"gen9vgc2026regi-2555698032","format":"[Gen 9] VGC 2026 Reg I","players":["unicorn222","lalo's pollos"],"log":"|j|\u2606unicorn222\n|j|\u2606lalo's pollos\n|t:|1773120587\n|gametype|doubles\n|player|p1|unicorn222|265|1400\n|player|p2|lalo's pollos|169|1562\n|gen|9\n|tier|[Gen 9] VGC 2026 Reg I\n|rated|\n|rule|Species Clause: Limit one of each Pok\u00e9mon\n|rule|Item Clause: Limit 1 of each item\n|clearpoke\n|poke|p1|Lunala, L50|\n|poke|p1|Ursaluna, L50, F|\n|poke|p1|Urshifu-*, L50, F|\n|poke|p1|Miraidon, L50|\n|poke|p1|Grimmsnarl, L50, M|\n|poke|p1|Incineroar, L50, F|\n|poke|p2|Miraidon, L50|\n|poke|p2|Landorus, L50, M|\n|poke|p2|Incineroar, L50, F|\n|poke|p2|Iron Bundle, L50|\n|poke|p2|Farigiraf, L50, F|\n|poke|p2|Calyrex-Ice, L50|\n|teampreview|4\n|inactive|Battle timer is ON: inactive players will automatically lose when time's up. (requested by unicorn222)\n|\n|t:|1773120609\n|teamsize|p1|4\n|teamsize|p2|4\n|start\n|switch|p1a: Grimmsnarl|Grimmsnarl, L50, M|100/100\n|switch|p1b: Miraidon|Miraidon, L50|100/100\n|switch|p2a: Co-Star|Miraidon, L50|100/100\n|switch|p2b: Calyrex|Calyrex-Ice, L50|100/100\n|-ability|p2b: Calyrex|As One\n|-ability|p2b: Calyrex|Unnerve\n|-fieldstart|move: Electric Terrain|[from] ability: Hadron Engine|[of] p2a: Co-Star\n|-activate|p1b: Miraidon|ability: Hadron Engine\n|turn|1\n|inactive|lalo's pollos has 30 seconds left.\n|inactive|lalo's pollos has 20 seconds left.\n|inactive|lalo's pollos has 15 seconds left.\n|\n|t:|1773120650\n|-terastallize|p1b: Miraidon|Electric\n|move|p1a: Grimmsnarl|Light Screen|p1a: Grimmsnarl\n|-sidestart|p1: unicorn222|move: Light Screen\n|move|p2a: Co-Star|Draco Meteor|p1b: Miraidon\n|-damage|p1b: Miraidon|57/100\n|-unboost|p2a: Co-Star|spa|2\n|move|p1b: Miraidon|Electro Drift|p2b: Calyrex\n|-damage|p2b: Calyrex|25/100\n|move|p2b: Calyrex|Trick Room|p2b: Calyrex\n|-fieldstart|move: Trick Room|[of] p2b: Calyrex\n|\n|upkeep\n|turn|2\n|\n|t:|1773120667\n|switch|p2a: Landorus|Landorus, L50, M|100/100\n|move|p1a: Grimmsnarl|Reflect|p1a: Grimmsnarl\n|-sidestart|p1: unicorn222|Reflect\n|move|p2b: Calyrex|High Horsepower|p1b: Miraidon\n|-supereffective|p1b: Miraidon\n|-damage|p1b: Miraidon|15/100\n|move|p1b: Miraidon|Draco Meteor|p2a: Landorus\n|-damage|p2a: Landorus|0 fnt\n|-unboost|p1b: Miraidon|spa|2\n|faint|p2a: Landorus\n|\n|upkeep\n|\n|t:|1773120676\n|switch|p2a: Incineroar|Incineroar, L50, F|100/100\n|-ability|p2a: Incineroar|Intimidate|boost\n|-unboost|p1a: Grimmsnarl|atk|1\n|-unboost|p1b: Miraidon|atk|1\n|turn|3\n|\n|t:|1773120691\n|switch|p1b: Lunala|Lunala, L50|100/100\n|-enditem|p1b: Lunala|Electric Seed\n|-boost|p1b: Lunala|def|1|[from] item: Electric Seed\n|move|p2a: Incineroar|Fake Out|p1a: Grimmsnarl\n|-damage|p1a: Grimmsnarl|92/100\n|cant|p1a: Grimmsnarl|flinch\n|move|p2b: Calyrex|Glacial Lance|p1b: Lunala|[spread] p1a,p1b\n|-damage|p1a: Grimmsnarl|51/100\n|-damage|p1b: Lunala|92/100\n|\n|upkeep\n|turn|4\n|\n|t:|1773120714\n|move|p2b: Calyrex|Protect|p2b: Calyrex\n|-singleturn|p2b: Calyrex|Protect\n|move|p1a: Grimmsnarl|Thunder Wave|p2b: Calyrex\n|-activate|p2b: Calyrex|move: Protect\n|move|p2a: Incineroar|Knock Off|p1b: Lunala\n|-supereffective|p1b: Lunala\n|-damage|p1b: Lunala|53/100\n|move|p1b: Lunala|Moongeist Beam|p2b: Calyrex\n|-activate|p2b: Calyrex|move: Protect\n|\n|upkeep\n|turn|5\n|\n|t:|1773120725\n|move|p1b: Lunala|Wide Guard|p1b: Lunala\n|-singleturn|p1b: Lunala|Wide Guard\n|move|p2b: Calyrex|Glacial Lance|p1b: Lunala|[spread] \n|-activate|p1a: Grimmsnarl|move: Wide Guard\n|-activate|p1b: Lunala|move: Wide Guard\n|move|p2a: Incineroar|Flare Blitz|p1a: Grimmsnarl\n|-damage|p1a: Grimmsnarl|16/100\n|-damage|p2a: Incineroar|89/100|[from] Recoil\n|move|p1a: Grimmsnarl|Spirit Break|p2b: Calyrex\n|-damage|p2b: Calyrex|11/100\n|\n|-fieldend|move: Trick Room\n|-fieldend|move: Electric Terrain\n|upkeep\n|turn|6\n|\n|t:|1773120750\n|move|p2b: Calyrex|Protect|p2b: Calyrex\n|-singleturn|p2b: Calyrex|Protect\n|move|p1b: Lunala|Moonblast|p2a: Incineroar\n|-crit|p2a: Incineroar\n|-damage|p2a: Incineroar|56/100\n|-unboost|p2a: Incineroar|spa|1\n|move|p1a: Grimmsnarl|Spirit Break|p2b: Calyrex\n|-activate|p2b: Calyrex|move: Protect\n|move|p2a: Incineroar|U-turn|p1a: Grimmsnarl\n|-damage|p1a: Grimmsnarl|2/100\n|\n|t:|1773120759\n|switch|p2a: Co-Star|Miraidon, L50|100/100|[from] U-turn\n|-fieldstart|move: Electric Terrain|[from] ability: Hadron Engine|[of] p2a: Co-Star\n|\n|upkeep\n|turn|7\n|\n|t:|1773120778\n|switch|p2b: Incineroar|Incineroar, L50, F|56/100\n|-ability|p2b: Incineroar|Intimidate|boost\n|-unboost|p1a: Grimmsnarl|atk|1\n|-unboost|p1b: Lunala|atk|1\n|move|p2a: Co-Star|Electro Drift|p1b: Lunala\n|-damage|p1b: Lunala|0 fnt\n|faint|p1b: Lunala\n|move|p1a: Grimmsnarl|Spirit Break|p2a: Co-Star\n|-supereffective|p2a: Co-Star\n|-damage|p2a: Co-Star|70/100\n|-unboost|p2a: Co-Star|spa|1\n|\n|upkeep\n|\n|t:|1773120791\n|switch|p1b: Miraidon|Miraidon, L50, tera:Electric|15/100\n|-activate|p1b: Miraidon|ability: Hadron Engine\n|turn|8\n|-message|unicorn222 forfeited.\n|\n|win|lalo's pollos\n|raw|unicorn222's rating: 1400 &rarr; <strong>1389</strong><br />(-11 for losing)\n|raw|lalo&apos;s pollos's rating: 1562 &rarr; <strong>1573</strong><br />(+11 for winning)\n|l|\u2606unicorn222\n|player|p1|\n","uploadtime":1773121028,"views":14,"formatid":"gen9vgc2026regi","rating":1389,"private":0,"password":null}