{"id":"gen9vgc2026regi-2528446823","format":"[Gen 9] VGC 2026 Reg I","players":["nervoussundew16","alexit93"],"log":"|j|\u2606nervoussundew16\n|j|\u2606alexit93\n|t:|1769657488\n|gametype|doubles\n|player|p1|nervoussundew16|266|1111\n|player|p2|alexit93|lucas-gen4pt|1204\n|gen|9\n|tier|[Gen 9] VGC 2026 Reg I\n|rated|\n|rule|Species Clause: Limit one of each Pok\u00e9mon\n|rule|Item Clause: Limit 1 of each item\n|clearpoke\n|poke|p1|Archaludon, L50, M|\n|poke|p1|Kyogre, L50|\n|poke|p1|Iron Valiant, L50|\n|poke|p1|Annihilape, L50, M|\n|poke|p1|Incineroar, L50, M|\n|poke|p1|Miraidon, L50|\n|poke|p2|Zamazenta-*, L50|\n|poke|p2|Riolu, L50, M|\n|poke|p2|Calyrex-Ice, L50|\n|poke|p2|Rillaboom, L50, F|\n|poke|p2|Incineroar, L50, F|\n|poke|p2|Urshifu-*, L50, M|\n|teampreview|4\n|inactive|Battle timer is ON: inactive players will automatically lose when time's up. (requested by nervoussundew16)\n|inactive|nervoussundew16 has 60 seconds left.\n|inactive|nervoussundew16 has 30 seconds left.\n|inactive|nervoussundew16 has 20 seconds left.\n|\n|t:|1769657560\n|teamsize|p1|4\n|teamsize|p2|4\n|start\n|switch|p1a: Incineroar|Incineroar, L50, M|100/100\n|switch|p1b: Iron Valiant|Iron Valiant, L50|100/100\n|switch|p2a: Urshifu|Urshifu-Rapid-Strike, L50, M|100/100\n|switch|p2b: Riolu|Riolu, L50, M|100/100\n|-ability|p1a: Incineroar|Intimidate|boost\n|-unboost|p2a: Urshifu|atk|1\n|-unboost|p2b: Riolu|atk|1\n|turn|1\n|\n|t:|1769657572\n|-terastallize|p2a: Urshifu|Water\n|move|p2b: Riolu|Quick Guard|p2b: Riolu\n|-singleturn|p2b: Riolu|Quick Guard\n|move|p1a: Incineroar|Fake Out|p2a: Urshifu\n|-activate|p2a: Urshifu|move: Quick Guard\n|move|p2a: Urshifu|Surging Strikes|p1b: Iron Valiant\n|-crit|p1b: Iron Valiant\n|-damage|p1b: Iron Valiant|68/100\n|-crit|p1b: Iron Valiant\n|-damage|p1b: Iron Valiant|39/100\n|-crit|p1b: Iron Valiant\n|-damage|p1b: Iron Valiant|8/100\n|-hitcount|p1b: Iron Valiant|3\n|move|p1b: Iron Valiant|Spirit Break|p2b: Riolu\n|-supereffective|p2b: Riolu\n|-damage|p2b: Riolu|0 fnt\n|faint|p2b: Riolu\n|-damage|p1b: Iron Valiant|0 fnt|[from] item: Life Orb\n|faint|p1b: Iron Valiant\n|-end|p1b: Iron Valiant|Quark Drive|[silent]\n|\n|upkeep\n|\n|t:|1769657590\n|switch|p1b: Annihilape|Annihilape, L50, M|100/100\n|switch|p2b: Calyrex|Calyrex-Ice, L50|100/100\n|-ability|p2b: Calyrex|As One\n|-ability|p2b: Calyrex|Unnerve\n|turn|2\n|\n|t:|1769657610\n|move|p1b: Annihilape|Protect|p1b: Annihilape\n|-singleturn|p1b: Annihilape|Protect\n|move|p2a: Urshifu|Surging Strikes|p1b: Annihilape\n|-crit|p1b: Annihilape\n|-damage|p1b: Annihilape|70/100\n|-crit|p1b: Annihilape\n|-damage|p1b: Annihilape|39/100\n|-crit|p1b: Annihilape\n|-damage|p1b: Annihilape|8/100\n|-hitcount|p1b: Annihilape|3\n|move|p1a: Incineroar|Parting Shot|p2b: Calyrex\n|-fail|p2b: Calyrex|unboost|[from] item: Clear Amulet|[of] p2b: Calyrex\n|move|p2b: Calyrex|Trick Room|p2b: Calyrex\n|-fieldstart|move: Trick Room|[of] p2b: Calyrex\n|\n|-heal|p1b: Annihilape|14/100|[from] item: Leftovers\n|upkeep\n|turn|3\n|\n|t:|1769657632\n|move|p2b: Calyrex|Glacial Lance|p1a: Incineroar|[spread] p1a,p1b\n|-resisted|p1a: Incineroar\n|-damage|p1a: Incineroar|75/100\n|-damage|p1b: Annihilape|0 fnt\n|faint|p1b: Annihilape\n|-ability|p2b: Calyrex|Chilling Neigh|boost\n|-boost|p2b: Calyrex|atk|1\n|-enditem|p1a: Incineroar|Red Card|[of] p2b: Calyrex\n|drag|p2b: Rillaboom|Rillaboom, L50, F|100/100\n|-fieldstart|move: Grassy Terrain|[from] ability: Grassy Surge|[of] p2b: Rillaboom\n|move|p1a: Incineroar|Flare Blitz|p2b: Rillaboom\n|-supereffective|p2b: Rillaboom\n|-damage|p2b: Rillaboom|1/100\n|-damage|p1a: Incineroar|47/100|[from] Recoil\n|move|p2a: Urshifu|Surging Strikes|p1a: Incineroar\n|-supereffective|p1a: Incineroar\n|-crit|p1a: Incineroar\n|-damage|p1a: Incineroar|0 fnt\n|faint|p1a: Incineroar\n|-hitcount|p1: Incineroar|1\n|\n|-heal|p2b: Rillaboom|7/100|[from] Grassy Terrain\n|upkeep\n|\n|t:|1769657640\n|switch|p1b: Miraidon|Miraidon, L50|100/100\n|-fieldstart|move: Electric Terrain|[from] ability: Hadron Engine|[of] p1b: Miraidon\n|turn|4\n|\n|t:|1769657652\n|move|p2b: Rillaboom|Fake Out|p1b: Miraidon\n|-damage|p1b: Miraidon|86/100\n|cant|p1b: Miraidon|flinch\n|move|p2a: Urshifu|Surging Strikes|p1b: Miraidon\n|-resisted|p1b: Miraidon\n|-crit|p1b: Miraidon\n|-damage|p1b: Miraidon|72/100\n|-resisted|p1b: Miraidon\n|-crit|p1b: Miraidon\n|-damage|p1b: Miraidon|58/100\n|-resisted|p1b: Miraidon\n|-crit|p1b: Miraidon\n|-damage|p1b: Miraidon|44/100\n|-hitcount|p1b: Miraidon|3\n|\n|upkeep\n|turn|5\n|c|\u2606nervoussundew16|borrrringgggggg\n|c|\u2606nervoussundew16|L meta team\n|\n|t:|1769657672\n|move|p2b: Rillaboom|Wood Hammer|p1b: Miraidon\n|-resisted|p1b: Miraidon\n|-damage|p1b: Miraidon|7/100\n|-damage|p2b: Rillaboom|0 fnt|[from] Recoil\n|faint|p2b: Rillaboom\n|move|p1b: Miraidon|Electro Drift|p2a: Urshifu\n|-supereffective|p2a: Urshifu\n|-damage|p2a: Urshifu|0 fnt\n|faint|p2a: Urshifu\n|\n|upkeep\n|\n|t:|1769657677\n|switch|p2b: Calyrex|Calyrex-Ice, L50|100/100\n|-ability|p2b: Calyrex|As One\n|-ability|p2b: Calyrex|Unnerve\n|turn|6\n|c|\u2606alexit93|meta team?\n|c|\u2606alexit93|i have a riolu\n|\n|t:|1769657693\n|move|p2b: Calyrex|Glacial Lance|p1b: Miraidon\n|-supereffective|p1b: Miraidon\n|-crit|p1b: Miraidon\n|-damage|p1b: Miraidon|0 fnt\n|faint|p1b: Miraidon\n|\n|win|alexit93\n|raw|nervoussundew16's rating: 1111 &rarr; <strong>1093</strong><br />(-18 for losing)\n|raw|alexit93's rating: 1204 &rarr; <strong>1222</strong><br />(+18 for winning)\n|c|\u2606nervoussundew16|thats it\n|c|\u2606nervoussundew16|everyone else is spammed in vgc teams\n|l|\u2606nervoussundew16\n|player|p1|\n|l|\u2606alexit93\n|player|p2|\n","uploadtime":1769658014,"views":14,"formatid":"gen9vgc2026regi","rating":1093,"private":0,"password":null}