{"id":"gen9vgc2026regi-2534742026","format":"[Gen 9] VGC 2026 Reg I","players":["Bellsproutfanwill","j0l0k0"],"log":"|j|\u2606Bellsproutfanwill\n|j|\u2606j0l0k0\n|t:|1770470940\n|gametype|doubles\n|player|p1|Bellsproutfanwill|hiker-gen4|1521\n|player|p2|j0l0k0|brycen|1461\n|gen|9\n|tier|[Gen 9] VGC 2026 Reg I\n|rated|\n|rule|Species Clause: Limit one of each Pok\u00e9mon\n|rule|Item Clause: Limit 1 of each item\n|clearpoke\n|poke|p1|Terapagos, L50, M|\n|poke|p1|Grimmsnarl, L50, M|\n|poke|p1|Rillaboom, L50, F|\n|poke|p1|Incineroar, L50, F|\n|poke|p1|Calyrex-Shadow, L50|\n|poke|p1|Chi-Yu, L50|\n|poke|p2|Calyrex-Ice, L50|\n|poke|p2|Kyogre, L50|\n|poke|p2|Indeedee-F, L50, F|\n|poke|p2|Urshifu-*, L50, F|\n|poke|p2|Amoonguss, L50, F|\n|poke|p2|Landorus, L50, M|\n|teampreview|4\n|inactive|Battle timer is ON: inactive players will automatically lose when time's up. (requested by j0l0k0)\n|inactive|j0l0k0 has 60 seconds left.\n|\n|t:|1770470974\n|teamsize|p1|4\n|teamsize|p2|4\n|start\n|switch|p1a: Terapagos|Terapagos, L50, M|100/100\n|switch|p1b: Incineroar|Incineroar, L50, F|100/100\n|switch|p2a: Indeedee|Indeedee-F, L50, F, shiny|100/100\n|switch|p2b: Calyrex|Calyrex-Ice, L50|100/100\n|-activate|p1a: Terapagos|ability: Tera Shift\n|detailschange|p1a: Terapagos|Terapagos-Terastal, L50, M\n|-heal|p1a: Terapagos|100/100|[silent]\n|-ability|p2b: Calyrex|As One\n|-ability|p2b: Calyrex|Unnerve\n|-fieldstart|move: Psychic Terrain|[from] ability: Psychic Surge|[of] p2a: Indeedee\n|-ability|p1b: Incineroar|Intimidate|boost\n|-unboost|p2a: Indeedee|atk|1\n|-fail|p2b: Calyrex|unboost|[from] item: Clear Amulet|[of] p2b: Calyrex\n|turn|1\n|\n|t:|1770470995\n|move|p1a: Terapagos|Calm Mind|p1a: Terapagos\n|-boost|p1a: Terapagos|spa|1\n|-boost|p1a: Terapagos|spd|1\n|move|p1b: Incineroar|Taunt|p2a: Indeedee\n|-start|p2a: Indeedee|move: Taunt\n|move|p2b: Calyrex|Glacial Lance|p1a: Terapagos|[spread] p1a,p1b\n|-activate|p1a: Terapagos|ability: Tera Shell\n|-resisted|p1a: Terapagos\n|-resisted|p1b: Incineroar\n|-damage|p1a: Terapagos|76/100\n|-damage|p1b: Incineroar|78/100\n|cant|p2a: Indeedee|move: Taunt|Trick Room\n|\n|-heal|p1a: Terapagos|82/100|[from] item: Leftovers\n|upkeep\n|turn|2\n|\n|t:|1770471016\n|-terastallize|p1a: Terapagos|Stellar\n|detailschange|p1a: Terapagos|Terapagos-Stellar, L50, M, tera:Stellar\n|-heal|p1a: Terapagos|87/100|[silent]\n|-ability|p1a: Terapagos|Teraform Zero\n|-fieldend|move: Psychic Terrain\n|-terastallize|p2b: Calyrex|Normal\n|move|p1a: Terapagos|Tera Starstorm|p2a: Indeedee|[spread] p2a,p2b\n|-supereffective|p2b: Calyrex\n|-damage|p2a: Indeedee|47/100\n|-damage|p2b: Calyrex|23/100\n|move|p2a: Indeedee|Psychic|p1a: Terapagos\n|-damage|p1a: Terapagos|74/100\n|move|p1b: Incineroar|Taunt|p2b: Calyrex\n|-start|p2b: Calyrex|move: Taunt\n|move|p2b: Calyrex|Close Combat|p1b: Incineroar\n|-supereffective|p1b: Incineroar\n|-damage|p1b: Incineroar|0 fnt\n|-unboost|p2b: Calyrex|def|1\n|-unboost|p2b: Calyrex|spd|1\n|faint|p1b: Incineroar\n|-ability|p2b: Calyrex|Chilling Neigh|boost\n|-boost|p2b: Calyrex|atk|1\n|\n|-heal|p1a: Terapagos|80/100|[from] item: Leftovers\n|upkeep\n|inactive|Bellsproutfanwill has 30 seconds left.\n|\n|t:|1770471041\n|switch|p1b: Calyrex|Calyrex-Shadow, L50|100/100\n|-ability|p1b: Calyrex|As One\n|-ability|p1b: Calyrex|Unnerve\n|turn|3\n|\n|t:|1770471051\n|move|p1b: Calyrex|Pollen Puff|p2a: Indeedee\n|-supereffective|p2a: Indeedee\n|-damage|p2a: Indeedee|0 fnt\n|faint|p2a: Indeedee\n|-ability|p1b: Calyrex|Grim Neigh|boost\n|-boost|p1b: Calyrex|spa|1\n|move|p1a: Terapagos|Tera Starstorm|p2b: Calyrex\n|-supereffective|p2b: Calyrex\n|-damage|p2b: Calyrex|0 fnt\n|faint|p2b: Calyrex\n|\n|-heal|p1a: Terapagos|86/100|[from] item: Leftovers\n|upkeep\n|\n|t:|1770471064\n|switch|p2a: Kyogre|Kyogre, L50, shiny|100/100\n|switch|p2b: Urshifu|Urshifu, L50, F|100/100\n|-weather|RainDance|[from] ability: Drizzle|[of] p2a: Kyogre\n|turn|4\n|\n|t:|1770471075\n|move|p1b: Calyrex|Astral Barrage|p2a: Kyogre|[spread] p2a,p2b\n|-resisted|p2b: Urshifu\n|-damage|p2a: Kyogre|66/100\n|-damage|p2b: Urshifu|35/100\n|move|p2b: Urshifu|Close Combat|p1a: Terapagos\n|-supereffective|p1a: Terapagos\n|-damage|p1a: Terapagos|0 fnt\n|-unboost|p2b: Urshifu|def|1\n|-unboost|p2b: Urshifu|spd|1\n|faint|p1a: Terapagos\n|detailschange|p1: Terapagos|Terapagos, L50, M|[silent]\n|move|p2a: Kyogre|Water Spout|p1b: Calyrex\n|-damage|p1b: Calyrex|7/100\n|\n|-weather|RainDance|[upkeep]\n|upkeep\n|\n|t:|1770471089\n|switch|p1a: Rillaboom|Rillaboom, L50, F|100/100\n|-fieldstart|move: Grassy Terrain|[from] ability: Grassy Surge|[of] p1a: Rillaboom\n|turn|5\n|inactive|j0l0k0 has 30 seconds left.\n|\n|t:|1770471121\n|move|p1a: Rillaboom|Fake Out|p2b: Urshifu\n|-damage|p2b: Urshifu|12/100\n|move|p1b: Calyrex|Astral Barrage|p2a: Kyogre|[spread] p2a,p2b\n|-resisted|p2b: Urshifu\n|-damage|p2a: Kyogre|30/100\n|-damage|p2b: Urshifu|0 fnt\n|faint|p2b: Urshifu\n|-ability|p1b: Calyrex|Grim Neigh|boost\n|-boost|p1b: Calyrex|spa|1\n|move|p2a: Kyogre|Ice Beam|p1a: Rillaboom\n|-supereffective|p1a: Rillaboom\n|-damage|p1a: Rillaboom|40/100\n|\n|-weather|RainDance|[upkeep]\n|-heal|p1b: Calyrex|13/100|[from] Grassy Terrain\n|-heal|p1a: Rillaboom|46/100|[from] Grassy Terrain\n|-heal|p2a: Kyogre|36/100|[from] Grassy Terrain\n|upkeep\n|turn|6\n|\n|t:|1770471140\n|move|p1a: Rillaboom|Grassy Glide|p2a: Kyogre\n|-supereffective|p2a: Kyogre\n|-damage|p2a: Kyogre|0 fnt\n|faint|p2a: Kyogre\n|\n|win|Bellsproutfanwill\n|raw|Bellsproutfanwill's rating: 1521 &rarr; <strong>1538</strong><br />(+17 for winning)\n|raw|j0l0k0's rating: 1461 &rarr; <strong>1444</strong><br />(-17 for losing)\n|l|\u2606j0l0k0\n|player|p2|\n|l|\u2606Bellsproutfanwill\n|player|p1|\n","uploadtime":1770471408,"views":15,"formatid":"gen9vgc2026regi","rating":1444,"private":0,"password":null}