{"id":"gen9vgc2026regi-2539958125","format":"[Gen 9] VGC 2026 Reg I","players":["SEITA","Unskilled99"],"log":"|j|\u2606SEITA\n|j|\u2606Unskilled99\n|t:|1771133417\n|gametype|doubles\n|player|p1|SEITA|lucas-gen4pt|1442\n|player|p2|Unskilled99|unknown|1503\n|gen|9\n|tier|[Gen 9] VGC 2026 Reg I\n|rated|\n|rule|Species Clause: Limit one of each Pok\u00e9mon\n|rule|Item Clause: Limit 1 of each item\n|clearpoke\n|poke|p1|Zamazenta-*, L50|\n|poke|p1|Kyogre, L50|\n|poke|p1|Wo-Chien, L50|\n|poke|p1|Grimmsnarl, L50, M|\n|poke|p1|Rhyperior, L50, M|\n|poke|p1|Ditto, L50|\n|poke|p2|Incineroar, L50, M|\n|poke|p2|Rillaboom, L50, M|\n|poke|p2|Landorus, L50, M|\n|poke|p2|Smeargle, L50, M|\n|poke|p2|Koraidon, L50|\n|poke|p2|Calyrex-Ice, L50|\n|teampreview|4\n|\n|t:|1771133517\n|teamsize|p1|4\n|teamsize|p2|4\n|start\n|switch|p1a: Grimmsnarl|Grimmsnarl, L50, M|100/100\n|switch|p1b: Zamazenta|Zamazenta-Crowned, L50|100/100\n|switch|p2a: Rillaboom|Rillaboom, L50, M|100/100\n|switch|p2b: Smeargle|Smeargle, L50, M|100/100\n|-ability|p1b: Zamazenta|Dauntless Shield|boost\n|-boost|p1b: Zamazenta|def|1\n|-fieldstart|move: Grassy Terrain|[from] ability: Grassy Surge|[of] p2a: Rillaboom\n|turn|1\n|\n|t:|1771133535\n|move|p2b: Smeargle|Spiky Shield|p2b: Smeargle\n|-singleturn|p2b: Smeargle|move: Protect\n|move|p1a: Grimmsnarl|Reflect|p1a: Grimmsnarl\n|-sidestart|p1: SEITA|Reflect\n|move|p1b: Zamazenta|Iron Defense|p1b: Zamazenta\n|-boost|p1b: Zamazenta|def|2\n|move|p2a: Rillaboom|U-turn|p1a: Grimmsnarl\n|-damage|p1a: Grimmsnarl|89/100\n|\n|t:|1771133542\n|switch|p2a: Landorus|Landorus, L50, M|100/100|[from] U-turn\n|\n|-heal|p1a: Grimmsnarl|95/100|[from] Grassy Terrain\n|-ability|p2b: Smeargle|Moody|boost\n|-boost|p2b: Smeargle|spd|2\n|-unboost|p2b: Smeargle|spa|1\n|upkeep\n|turn|2\n|\n|t:|1771133566\n|-terastallize|p1b: Zamazenta|Grass\n|move|p1a: Grimmsnarl|Light Screen|p1a: Grimmsnarl\n|-sidestart|p1: SEITA|move: Light Screen\n|move|p1b: Zamazenta|Body Press|p2b: Smeargle\n|-supereffective|p2b: Smeargle\n|-enditem|p2b: Smeargle|Focus Sash\n|-damage|p2b: Smeargle|1/100\n|move|p2b: Smeargle|Ruination|p1b: Zamazenta\n|-damage|p1b: Zamazenta|51/100\n|move|p2a: Landorus|Earth Power|p1b: Zamazenta\n|-resisted|p1b: Zamazenta\n|-damage|p1b: Zamazenta|33/100\n|\n|-heal|p1b: Zamazenta|39/100|[from] Grassy Terrain\n|-heal|p2b: Smeargle|7/100|[from] Grassy Terrain\n|-heal|p1a: Grimmsnarl|100/100|[from] Grassy Terrain\n|-ability|p2b: Smeargle|Moody|boost\n|-boost|p2b: Smeargle|def|2\n|-unboost|p2b: Smeargle|atk|1\n|upkeep\n|turn|3\n|\n|t:|1771133603\n|move|p2b: Smeargle|Spiky Shield|p2b: Smeargle\n|-singleturn|p2b: Smeargle|move: Protect\n|move|p1a: Grimmsnarl|Parting Shot|p2a: Landorus\n|-unboost|p2a: Landorus|atk|1\n|-unboost|p2a: Landorus|spa|1\n|\n|t:|1771133614\n|switch|p1a: Wo-Chien|Wo-Chien, L50|100/100|[from] Parting Shot\n|-ability|p1a: Wo-Chien|Tablets of Ruin\n|move|p1b: Zamazenta|Body Press|p2b: Smeargle\n|-activate|p2b: Smeargle|move: Protect\n|-damage|p1b: Zamazenta|27/100|[from] Spiky Shield|[of] p2b: Smeargle\n|move|p2a: Landorus|Sludge Bomb|p1b: Zamazenta\n|-supereffective|p1b: Zamazenta\n|-damage|p1b: Zamazenta|0 fnt\n|faint|p1b: Zamazenta\n|\n|-heal|p2b: Smeargle|13/100|[from] Grassy Terrain\n|-ability|p2b: Smeargle|Moody|boost\n|-boost|p2b: Smeargle|def|2\n|-unboost|p2b: Smeargle|spa|1\n|upkeep\n|\n|t:|1771133632\n|switch|p1b: Grimmsnarl|Grimmsnarl, L50, M|100/100\n|turn|4\n|\n|t:|1771133650\n|switch|p2a: Rillaboom|Rillaboom, L50, M|100/100\n|move|p2b: Smeargle|Spore|p1b: Grimmsnarl\n|-status|p1b: Grimmsnarl|slp|[from] move: Spore\n|move|p1a: Wo-Chien|Pollen Puff|p2b: Smeargle\n|-damage|p2b: Smeargle|0 fnt\n|faint|p2b: Smeargle\n|cant|p1b: Grimmsnarl|slp\n|\n|upkeep\n|\n|t:|1771133664\n|switch|p2b: Landorus|Landorus, L50, M|100/100\n|turn|5\n|\n|t:|1771133679\n|cant|p1b: Grimmsnarl|slp\n|move|p2a: Rillaboom|Wood Hammer|p1b: Grimmsnarl\n|-damage|p1b: Grimmsnarl|73/100 slp\n|-damage|p2a: Rillaboom|91/100|[from] Recoil\n|move|p2b: Landorus|Sludge Bomb|p1b: Grimmsnarl\n|-supereffective|p1b: Grimmsnarl\n|-damage|p1b: Grimmsnarl|0 fnt\n|faint|p1b: Grimmsnarl\n|move|p1a: Wo-Chien|Leech Seed|p2b: Landorus|[miss]\n|-miss|p1a: Wo-Chien|p2b: Landorus\n|\n|-heal|p2a: Rillaboom|97/100|[from] Grassy Terrain\n|-fieldend|move: Grassy Terrain\n|upkeep\n|-message|SEITA forfeited.\n|\n|win|Unskilled99\n|raw|SEITA's rating: 1442 &rarr; <strong>1425</strong><br />(-17 for losing)\n|raw|Unskilled99's rating: 1503 &rarr; <strong>1520</strong><br />(+17 for winning)\n|l|\u2606SEITA\n|player|p1|\n|l|\u2606Unskilled99\n|player|p2|\n","uploadtime":1771133851,"views":28,"formatid":"gen9vgc2026regi","rating":1425,"private":0,"password":null}