{"id":"gen9vgc2026regi-2562707615","format":"[Gen 9] VGC 2026 Reg I","players":["AlejoB7","Galact7adi"],"log":"|j|\u2606AlejoB7\n|j|\u2606Galact7adi\n|t:|1773942943\n|gametype|doubles\n|player|p1|AlejoB7|lance|1426\n|player|p2|Galact7adi|102|1436\n|gen|9\n|tier|[Gen 9] VGC 2026 Reg I\n|rated|\n|rule|Species Clause: Limit one of each Pok\u00e9mon\n|rule|Item Clause: Limit 1 of each item\n|clearpoke\n|poke|p1|Calyrex-Shadow, L50|\n|poke|p1|Zamazenta-*, L50|\n|poke|p1|Rillaboom, L50, F|\n|poke|p1|Tornadus, L50, M|\n|poke|p1|Smeargle, L50, M|\n|poke|p1|Incineroar, L50, F|\n|poke|p2|Calyrex-Shadow, L50|\n|poke|p2|Zamazenta-*, L50|\n|poke|p2|Chien-Pao, L50|\n|poke|p2|Dragonite, L50, M|\n|poke|p2|Raging Bolt, L50|\n|poke|p2|Amoonguss, L50, M|\n|teampreview|4\n|inactive|Battle timer is ON: inactive players will automatically lose when time's up. (requested by Galact7adi)\n|inactive|AlejoB7 has 60 seconds left.\n|inactive|Galact7adi has 60 seconds left.\n|inactive|Galact7adi has 30 seconds left.\n|\n|t:|1773943012\n|teamsize|p1|4\n|teamsize|p2|4\n|start\n|switch|p1a: Zamazenta|Zamazenta-Crowned, L50|100/100\n|switch|p1b: Incineroar|Incineroar, L50, F|100/100\n|switch|p2a: Calyrex|Calyrex-Shadow, L50|100/100\n|switch|p2b: Chien-Pao|Chien-Pao, L50|100/100\n|-ability|p2a: Calyrex|As One\n|-ability|p2a: Calyrex|Unnerve\n|-ability|p2b: Chien-Pao|Sword of Ruin\n|-ability|p1a: Zamazenta|Dauntless Shield|boost\n|-boost|p1a: Zamazenta|def|1\n|-ability|p1b: Incineroar|Intimidate|boost\n|-unboost|p2a: Calyrex|atk|1\n|-unboost|p2b: Chien-Pao|atk|1\n|turn|1\n|inactive|AlejoB7 has 30 seconds left.\n|inactive|AlejoB7 has 20 seconds left.\n|inactive|AlejoB7 has 15 seconds left.\n|inactive|AlejoB7 has 10 seconds left.\n|inactive|AlejoB7 has 5 seconds left.\n|\n|t:|1773943064\n|switch|p2b: Dragonite|Dragonite, L50, M|100/100\n|move|p2a: Calyrex|Protect|p2a: Calyrex\n|-singleturn|p2a: Calyrex|Protect\n|move|p1a: Zamazenta|Heavy Slam|p2a: Calyrex\n|-activate|p2a: Calyrex|move: Protect\n|move|p1b: Incineroar|Knock Off|p2a: Calyrex\n|-activate|p2a: Calyrex|move: Protect\n|\n|upkeep\n|turn|2\n|inactive|AlejoB7 has 30 seconds left.\n|inactive|AlejoB7 has 20 seconds left.\n|inactive|AlejoB7 has 15 seconds left.\n|inactive|Galact7adi has 30 seconds left.\n|inactive|AlejoB7 has 10 seconds left.\n|\n|t:|1773943110\n|switch|p2a: Chien-Pao|Chien-Pao, L50|100/100\n|-ability|p2a: Chien-Pao|Sword of Ruin\n|move|p1a: Zamazenta|Heavy Slam|p2a: Chien-Pao\n|-supereffective|p2a: Chien-Pao\n|-damage|p2a: Chien-Pao|0 fnt\n|faint|p2a: Chien-Pao\n|move|p2b: Dragonite|Low Kick|p1a: Zamazenta\n|-supereffective|p1a: Zamazenta\n|-damage|p1a: Zamazenta|49/100\n|move|p1b: Incineroar|Parting Shot|p2b: Dragonite\n|-unboost|p2b: Dragonite|atk|1\n|-unboost|p2b: Dragonite|spa|1\n|\n|t:|1773943126\n|switch|p1b: Calyrex|Calyrex-Shadow, L50|100/100|[from] Parting Shot\n|-ability|p1b: Calyrex|As One\n|-ability|p1b: Calyrex|Unnerve\n|\n|upkeep\n|\n|t:|1773943132\n|switch|p2a: Calyrex|Calyrex-Shadow, L50|100/100\n|-ability|p2a: Calyrex|As One\n|-ability|p2a: Calyrex|Unnerve\n|turn|3\n|inactive|AlejoB7 has 30 seconds left.\n|inactive|Galact7adi has 30 seconds left.\n|inactive|Galact7adi has 20 seconds left.\n|\n|t:|1773943175\n|-terastallize|p2b: Dragonite|Normal\n|move|p1a: Zamazenta|Wide Guard|p1a: Zamazenta\n|-singleturn|p1a: Zamazenta|Wide Guard\n|move|p1b: Calyrex|Nasty Plot|p1b: Calyrex\n|-boost|p1b: Calyrex|spa|2\n|move|p2a: Calyrex|Psychic|p1a: Zamazenta\n|-damage|p1a: Zamazenta|11/100\n|move|p2b: Dragonite|Low Kick|p1a: Zamazenta\n|-supereffective|p1a: Zamazenta\n|-damage|p1a: Zamazenta|0 fnt\n|faint|p1a: Zamazenta\n|\n|upkeep\n|\n|t:|1773943188\n|switch|p1a: Incineroar|Incineroar, L50, F|100/100\n|-ability|p1a: Incineroar|Intimidate|boost\n|-unboost|p2a: Calyrex|atk|1\n|-fail|p2b: Dragonite|unboost|Attack|[from] ability: Inner Focus|[of] p2b: Dragonite\n|turn|4\n|inactive|AlejoB7 has 30 seconds left.\n|\n|t:|1773943214\n|switch|p2b: Zamazenta|Zamazenta-Crowned, L50|100/100\n|-ability|p2b: Zamazenta|Dauntless Shield|boost\n|-boost|p2b: Zamazenta|def|1\n|move|p1b: Calyrex|Protect|p1b: Calyrex\n|-singleturn|p1b: Calyrex|Protect\n|move|p2a: Calyrex|Encore|p1b: Calyrex\n|-activate|p1b: Calyrex|move: Protect\n|move|p1a: Incineroar|Knock Off|p2b: Zamazenta\n|-resisted|p2b: Zamazenta\n|-damage|p2b: Zamazenta|96/100\n|\n|upkeep\n|turn|5\n|inactive|Galact7adi has 30 seconds left.\n|\n|t:|1773943242\n|-terastallize|p1b: Calyrex|Dark\n|move|p1a: Incineroar|Helping Hand|p1b: Calyrex\n|-singleturn|p1b: Calyrex|Helping Hand|[of] p1a: Incineroar\n|move|p2a: Calyrex|Encore|p1b: Calyrex\n|-start|p1b: Calyrex|Encore\n|move|p1b: Calyrex|Protect||[still]\n|-fail|p1b: Calyrex\n|move|p2b: Zamazenta|Body Press|p1a: Incineroar\n|-supereffective|p1a: Incineroar\n|-damage|p1a: Incineroar|2/100\n|\n|upkeep\n|turn|6\n|inactive|AlejoB7 has 30 seconds left.\n|c|\u2606AlejoB7|gg, loosing the spee tie there hurts so much\n|c|\u2606Galact7adi|Thanks Calyrex\n|inactive|AlejoB7 has 20 seconds left.\n|-message|AlejoB7 forfeited.\n|\n|win|Galact7adi\n|raw|AlejoB7's rating: 1426 &rarr; <strong>1407</strong><br />(-19 for losing)\n|raw|Galact7adi's rating: 1436 &rarr; <strong>1455</strong><br />(+19 for winning)\n|c|\u2606Galact7adi|Gg\n|c|\u2606Galact7adi|Wp\n|l|\u2606Galact7adi\n|player|p2|\n|l|\u2606AlejoB7\n|player|p1|\n","uploadtime":1773943455,"views":14,"formatid":"gen9vgc2026regi","rating":1407,"private":0,"password":null}