{"id":"gen9vgc2026regi-2568959380","format":"[Gen 9] VGC 2026 Reg I","players":["Artemis3311","tinkatonbeliever"],"log":"|j|\u2606Artemis3311\n|j|\u2606tinkatonbeliever\n|t:|1774636453\n|gametype|doubles\n|player|p1|Artemis3311|wallace|1211\n|player|p2|tinkatonbeliever|170|1302\n|gen|9\n|tier|[Gen 9] VGC 2026 Reg I\n|rated|\n|rule|Species Clause: Limit one of each Pok\u00e9mon\n|rule|Item Clause: Limit 1 of each item\n|clearpoke\n|poke|p1|Miraidon, L50|\n|poke|p1|Lunala, L50|\n|poke|p1|Whimsicott, L50, M|\n|poke|p1|Urshifu-*, L50, F|\n|poke|p1|Incineroar, L50, M|\n|poke|p1|Ursaluna, L50, F|\n|poke|p2|Kyogre, L50|\n|poke|p2|Tornadus, L50, M|\n|poke|p2|Incineroar, L50, F|\n|poke|p2|Tinkaton, L50, F|\n|poke|p2|Calyrex-Ice, L50|\n|poke|p2|Landorus, L50, M|\n|teampreview|4\n|inactive|Battle timer is ON: inactive players will automatically lose when time's up. (requested by tinkatonbeliever)\n|inactive|Artemis3311 also wants the timer to be on.\n|inactive|Artemis3311 has 60 seconds left.\n|\n|t:|1774636499\n|teamsize|p1|4\n|teamsize|p2|4\n|start\n|switch|p1a: Miraidon|Miraidon, L50|100/100\n|switch|p1b: Whimsicott|Whimsicott, L50, M|100/100\n|switch|p2a: Kyogre|Kyogre, L50|100/100\n|switch|p2b: Tinkaton|Tinkaton, L50, F|100/100\n|-fieldstart|move: Electric Terrain|[from] ability: Hadron Engine|[of] p1a: Miraidon\n|-ability|p2b: Tinkaton|Mold Breaker\n|-weather|RainDance|[from] ability: Drizzle|[of] p2a: Kyogre\n|turn|1\n|inactive|Artemis3311 has 30 seconds left.\n|inactive|Artemis3311 has 20 seconds left.\n|\n|t:|1774636535\n|move|p1a: Miraidon|Protect|p1a: Miraidon\n|-singleturn|p1a: Miraidon|Protect\n|move|p2b: Tinkaton|Fake Out|p1a: Miraidon\n|-activate|p1a: Miraidon|move: Protect\n|move|p1b: Whimsicott|Light Screen|p1b: Whimsicott\n|-sidestart|p1: Artemis3311|move: Light Screen\n|move|p2a: Kyogre|Ice Beam|p1a: Miraidon\n|-activate|p1a: Miraidon|move: Protect\n|\n|-weather|RainDance|[upkeep]\n|upkeep\n|turn|2\n|\n|t:|1774636560\n|switch|p2a: Incineroar|Incineroar, L50, F|100/100\n|-ability|p2a: Incineroar|Intimidate|boost\n|-unboost|p1a: Miraidon|atk|1\n|-unboost|p1b: Whimsicott|atk|1\n|move|p1b: Whimsicott|Tailwind|p1b: Whimsicott\n|-sidestart|p1: Artemis3311|move: Tailwind\n|move|p1a: Miraidon|Volt Switch|p2a: Incineroar\n|-damage|p2a: Incineroar|19/100\n|-damage|p1a: Miraidon|91/100|[from] item: Life Orb\n|\n|t:|1774636570\n|switch|p1a: Urshifu|Urshifu-Rapid-Strike, L50, F|100/100|[from] Volt Switch\n|move|p2b: Tinkaton|Gigaton Hammer|p1b: Whimsicott\n|-supereffective|p1b: Whimsicott\n|-damage|p1b: Whimsicott|0 fnt\n|faint|p1b: Whimsicott\n|\n|-weather|RainDance|[upkeep]\n|upkeep\n|\n|t:|1774636593\n|switch|p1b: Miraidon|Miraidon, L50|91/100\n|-activate|p1b: Miraidon|ability: Hadron Engine\n|turn|3\n|inactive|Artemis3311 has 30 seconds left.\n|\n|t:|1774636621\n|-terastallize|p1a: Urshifu|Ghost\n|move|p1b: Miraidon|Protect|p1b: Miraidon\n|-singleturn|p1b: Miraidon|Protect\n|move|p2a: Incineroar|Fake Out|p1a: Urshifu\n|-immune|p1a: Urshifu\n|move|p1a: Urshifu|Surging Strikes|p2b: Tinkaton\n|-crit|p2b: Tinkaton\n|-damage|p2b: Tinkaton|56/100\n|-crit|p2b: Tinkaton\n|-damage|p2b: Tinkaton|12/100\n|-crit|p2b: Tinkaton\n|-damage|p2b: Tinkaton|0 fnt\n|faint|p2b: Tinkaton\n|-hitcount|p2: Tinkaton|3\n|\n|-weather|RainDance|[upkeep]\n|upkeep\n|\n|t:|1774636631\n|switch|p2b: Calyrex|Calyrex-Ice, L50|100/100\n|-ability|p2b: Calyrex|As One\n|-ability|p2b: Calyrex|Unnerve\n|turn|4\n|\n|t:|1774636654\n|-terastallize|p2b: Calyrex|Grass\n|move|p1b: Miraidon|Volt Switch|p2a: Incineroar\n|-damage|p2a: Incineroar|0 fnt\n|faint|p2a: Incineroar\n|-damage|p1b: Miraidon|82/100|[from] item: Life Orb\n|\n|t:|1774636660\n|switch|p1b: Lunala|Lunala, L50|100/100|[from] Volt Switch\n|-enditem|p1b: Lunala|Electric Seed\n|-boost|p1b: Lunala|def|1|[from] item: Electric Seed\n|move|p1a: Urshifu|Surging Strikes|p2b: Calyrex\n|-resisted|p2b: Calyrex\n|-crit|p2b: Calyrex\n|-damage|p2b: Calyrex|85/100\n|-resisted|p2b: Calyrex\n|-crit|p2b: Calyrex\n|-damage|p2b: Calyrex|70/100\n|-resisted|p2b: Calyrex\n|-crit|p2b: Calyrex\n|-damage|p2b: Calyrex|54/100\n|-hitcount|p2b: Calyrex|3\n|move|p2b: Calyrex|Trick Room|p2b: Calyrex\n|-fieldstart|move: Trick Room|[of] p2b: Calyrex\n|\n|-weather|RainDance|[upkeep]\n|upkeep\n|\n|t:|1774636663\n|switch|p2a: Kyogre|Kyogre, L50|100/100\n|turn|5\n|\n|t:|1774636679\n|switch|p1a: Miraidon|Miraidon, L50|82/100\n|-activate|p1a: Miraidon|ability: Hadron Engine\n|move|p1b: Lunala|Wide Guard|p1b: Lunala\n|-singleturn|p1b: Lunala|Wide Guard\n|move|p2b: Calyrex|Bullet Seed|p1a: Miraidon\n|-resisted|p1a: Miraidon\n|-damage|p1a: Miraidon|73/100\n|-resisted|p1a: Miraidon\n|-damage|p1a: Miraidon|65/100\n|-resisted|p1a: Miraidon\n|-damage|p1a: Miraidon|56/100\n|-resisted|p1a: Miraidon\n|-damage|p1a: Miraidon|49/100\n|-hitcount|p1a: Miraidon|4\n|move|p2a: Kyogre|Ice Beam|p1a: Miraidon\n|-supereffective|p1a: Miraidon\n|-damage|p1a: Miraidon|0 fnt\n|faint|p1a: Miraidon\n|\n|-weather|none\n|-sideend|p1: Artemis3311|move: Light Screen\n|-sideend|p1: Artemis3311|move: Tailwind\n|-fieldend|move: Electric Terrain\n|upkeep\n|\n|t:|1774636694\n|switch|p1a: Urshifu|Urshifu-Rapid-Strike, L50, F, tera:Ghost|100/100\n|turn|6\n|\n|t:|1774636717\n|move|p1b: Lunala|Wide Guard|p1b: Lunala\n|-singleturn|p1b: Lunala|Wide Guard\n|move|p2b: Calyrex|Bullet Seed|p1a: Urshifu\n|-damage|p1a: Urshifu|83/100\n|-damage|p1a: Urshifu|66/100\n|-damage|p1a: Urshifu|50/100\n|-damage|p1a: Urshifu|32/100\n|-hitcount|p1a: Urshifu|4\n|move|p2a: Kyogre|Ice Beam|p1a: Urshifu\n|-damage|p1a: Urshifu|0 fnt\n|faint|p1a: Urshifu\n|\n|upkeep\n|turn|7\n|-message|Artemis3311 forfeited.\n|\n|win|tinkatonbeliever\n|raw|Artemis3311's rating: 1211 &rarr; <strong>1192</strong><br />(-19 for losing)\n|raw|tinkatonbeliever's rating: 1302 &rarr; <strong>1317</strong><br />(+15 for winning)\n|l|\u2606Artemis3311\n|player|p1|\n|l|\u2606tinkatonbeliever\n|player|p2|\n","uploadtime":1774636979,"views":10,"formatid":"gen9vgc2026regi","rating":1192,"private":0,"password":null}