{"id":"gen9vgc2026regi-2591205682","format":"[Gen 9] VGC 2026 Reg I","players":["Asteroidfish224","Sunny_zong2"],"log":"|j|\u2606Asteroidfish224\n|j|\u2606Sunny_zong2\n|t:|1776881256\n|gametype|doubles\n|player|p1|Asteroidfish224|1|1437\n|player|p2|Sunny_zong2|bugsy|1524\n|gen|9\n|tier|[Gen 9] VGC 2026 Reg I\n|rated|\n|rule|Species Clause: Limit one of each Pok\u00e9mon\n|rule|Item Clause: Limit 1 of each item\n|clearpoke\n|poke|p1|Raging Bolt, L50|\n|poke|p1|Rillaboom, L50, F|\n|poke|p1|Amoonguss, L50, F|\n|poke|p1|Zamazenta-*, L50|\n|poke|p1|Calyrex-Shadow, L50|\n|poke|p1|Clefairy, L50, M|\n|poke|p2|Glimmora, L50, F|\n|poke|p2|Eternatus, L50|\n|poke|p2|Miraidon, L50|\n|poke|p2|Annihilape, L50, F|\n|poke|p2|Wo-Chien, L50|\n|poke|p2|Grimmsnarl, L50, M|\n|teampreview|4\n|inactive|Battle timer is ON: inactive players will automatically lose when time's up. (requested by Sunny_zong2)\n|inactive|Asteroidfish224 also wants the timer to be on.\nAsteroidfish224 rejected open team sheets.\n|inactive|Sunny_zong2 has 60 seconds left.\n|\n|t:|1776881291\n|teamsize|p1|4\n|teamsize|p2|4\n|start\n|switch|p1a: Rillaboom|Rillaboom, L50, F|100/100\n|switch|p1b: Zamazenta|Zamazenta-Crowned, L50|100/100\n|switch|p2a: Grimmsnarl|Grimmsnarl, L50, M|100/100\n|switch|p2b: Glimmora|Glimmora, L50, F|100/100\n|-ability|p1b: Zamazenta|Dauntless Shield|boost\n|-boost|p1b: Zamazenta|def|1\n|-fieldstart|move: Grassy Terrain|[from] ability: Grassy Surge|[of] p1a: Rillaboom\n|turn|1\n|\n|t:|1776881304\n|switch|p2b: Wo-Chien|Wo-Chien, L50|100/100\n|-ability|p2b: Wo-Chien|Tablets of Ruin\n|move|p1a: Rillaboom|Fake Out|p2a: Grimmsnarl\n|-damage|p2a: Grimmsnarl|88/100\n|cant|p2a: Grimmsnarl|flinch\n|move|p1b: Zamazenta|Behemoth Bash|p2a: Grimmsnarl\n|-supereffective|p2a: Grimmsnarl\n|-damage|p2a: Grimmsnarl|19/100\n|\n|-heal|p2a: Grimmsnarl|25/100|[from] Grassy Terrain\n|upkeep\n|turn|2\n|\n|t:|1776881319\n|move|p2b: Wo-Chien|Protect|p2b: Wo-Chien\n|-singleturn|p2b: Wo-Chien|Protect\n|move|p1a: Rillaboom|Grassy Glide|p2a: Grimmsnarl\n|-damage|p2a: Grimmsnarl|0 fnt\n|faint|p2a: Grimmsnarl\n|move|p1b: Zamazenta|Body Press|p2b: Wo-Chien\n|-activate|p2b: Wo-Chien|move: Protect\n|\n|upkeep\n|\n|t:|1776881323\n|switch|p2a: Glimmora|Glimmora, L50, F|100/100\n|turn|3\n|\n|t:|1776881335\n|move|p1b: Zamazenta|Body Press|p2b: Wo-Chien\n|-supereffective|p2b: Wo-Chien\n|-damage|p2b: Wo-Chien|9/100\n|-damage|p1b: Zamazenta|84/100|[from] item: Rocky Helmet|[of] p2b: Wo-Chien\n|move|p2a: Glimmora|Mortal Spin|p1b: Zamazenta|[spread] p1a\n|-immune|p1b: Zamazenta\n|-supereffective|p1a: Rillaboom\n|-damage|p1a: Rillaboom|92/100\n|-status|p1a: Rillaboom|psn\n|move|p1a: Rillaboom|Wood Hammer|p2a: Glimmora\n|-damage|p2a: Glimmora|32/100\n|-activate|p2a: Glimmora|ability: Toxic Debris\n|-sidestart|p1: Asteroidfish224|move: Toxic Spikes\n|-damage|p1a: Rillaboom|74/100 psn|[from] Recoil\n|move|p2b: Wo-Chien|Leech Seed|p1b: Zamazenta\n|-start|p1b: Zamazenta|move: Leech Seed\n|\n|-heal|p1b: Zamazenta|90/100|[from] Grassy Terrain\n|-heal|p2a: Glimmora|37/100|[from] Grassy Terrain\n|-heal|p1a: Rillaboom|80/100 psn|[from] Grassy Terrain\n|-heal|p2b: Wo-Chien|15/100|[from] Grassy Terrain\n|-damage|p1b: Zamazenta|78/100|[from] Leech Seed|[of] p2b: Wo-Chien\n|-heal|p2b: Wo-Chien|27/100|[silent]\n|-damage|p1a: Rillaboom|68/100 psn|[from] psn\n|upkeep\n|turn|4\n|\n|t:|1776881352\n|move|p2b: Wo-Chien|Protect|p2b: Wo-Chien\n|-singleturn|p2b: Wo-Chien|Protect\n|move|p1b: Zamazenta|Body Press|p2b: Wo-Chien\n|-activate|p2b: Wo-Chien|move: Protect\n|move|p2a: Glimmora|Sludge Bomb|p1a: Rillaboom\n|-supereffective|p1a: Rillaboom\n|-damage|p1a: Rillaboom|3/100 psn\n|move|p1a: Rillaboom|Wood Hammer|p2a: Glimmora\n|-damage|p2a: Glimmora|0 fnt\n|-activate|p2a: Glimmora|ability: Toxic Debris\n|-sidestart|p1: Asteroidfish224|move: Toxic Spikes\n|faint|p2a: Glimmora\n|-damage|p1a: Rillaboom|0 fnt|[from] Recoil\n|faint|p1a: Rillaboom\n|\n|-heal|p1b: Zamazenta|84/100|[from] Grassy Terrain\n|-heal|p2b: Wo-Chien|33/100|[from] Grassy Terrain\n|-damage|p1b: Zamazenta|72/100|[from] Leech Seed|[of] p2b: Wo-Chien\n|-heal|p2b: Wo-Chien|45/100|[silent]\n|upkeep\n|\n|t:|1776881367\n|switch|p2a: Eternatus|Eternatus, L50|100/100\n|switch|p1a: Raging Bolt|Raging Bolt, L50|100/100\n|-ability|p2a: Eternatus|Pressure\n|-status|p1a: Raging Bolt|tox\n|turn|5\n|inactive|Sunny_zong2 has 30 seconds left.\n|inactive|Sunny_zong2 has 20 seconds left.\n|\n|t:|1776881403\n|-terastallize|p1a: Raging Bolt|Electric\n|-terastallize|p2b: Wo-Chien|Water\n|move|p2a: Eternatus|Protect|p2a: Eternatus\n|-singleturn|p2a: Eternatus|Protect\n|move|p1b: Zamazenta|Body Press|p2b: Wo-Chien\n|-damage|p2b: Wo-Chien|0 fnt\n|-damage|p1b: Zamazenta|55/100|[from] item: Rocky Helmet|[of] p2b: Wo-Chien\n|faint|p2b: Wo-Chien\n|move|p1a: Raging Bolt|Dragon Pulse|p2a: Eternatus\n|-activate|p2a: Eternatus|move: Protect\n|\n|-heal|p1b: Zamazenta|61/100|[from] Grassy Terrain\n|-damage|p1a: Raging Bolt|94/100 tox|[from] psn\n|-fieldend|move: Grassy Terrain\n|upkeep\n|turn|6\n|\n|t:|1776881420\n|move|p1b: Zamazenta|Behemoth Bash|p2a: Eternatus\n|-damage|p2a: Eternatus|75/100\n|move|p2a: Eternatus|Cosmic Power|p2a: Eternatus\n|-boost|p2a: Eternatus|def|1\n|-boost|p2a: Eternatus|spd|1\n|move|p1a: Raging Bolt|Dragon Pulse|p2a: Eternatus\n|-supereffective|p2a: Eternatus\n|-damage|p2a: Eternatus|30/100\n|\n|-heal|p2a: Eternatus|36/100|[from] item: Leftovers\n|-damage|p1a: Raging Bolt|82/100 tox|[from] psn\n|upkeep\n|turn|7\n|\n|t:|1776881433\n|move|p2a: Eternatus|Protect|p2a: Eternatus\n|-singleturn|p2a: Eternatus|Protect\n|move|p1b: Zamazenta|Behemoth Bash|p2a: Eternatus\n|-activate|p2a: Eternatus|move: Protect\n|move|p1a: Raging Bolt|Dragon Pulse|p2a: Eternatus\n|-activate|p2a: Eternatus|move: Protect\n|\n|-heal|p2a: Eternatus|42/100|[from] item: Leftovers\n|-damage|p1a: Raging Bolt|63/100 tox|[from] psn\n|upkeep\n|turn|8\n|\n|t:|1776881441\n|move|p1b: Zamazenta|Behemoth Bash|p2a: Eternatus\n|-damage|p2a: Eternatus|25/100\n|move|p2a: Eternatus|Recover|p2a: Eternatus\n|-heal|p2a: Eternatus|75/100\n|move|p1a: Raging Bolt|Dragon Pulse|p2a: Eternatus\n|-supereffective|p2a: Eternatus\n|-damage|p2a: Eternatus|33/100\n|\n|-heal|p2a: Eternatus|39/100|[from] item: Leftovers\n|-damage|p1a: Raging Bolt|38/100 tox|[from] psn\n|upkeep\n|turn|9\n|\n|t:|1776881457\n|-end|p1a: Raging Bolt|Protosynthesis|[silent]\n|switch|p1a: Calyrex|Calyrex-Shadow, L50|100/100\n|-ability|p1a: Calyrex|As One\n|-ability|p1a: Calyrex|Unnerve\n|-status|p1a: Calyrex|tox\n|move|p1b: Zamazenta|Protect|p1b: Zamazenta\n|-singleturn|p1b: Zamazenta|Protect\n|move|p2a: Eternatus|Protect||[still]\n|-fail|p2a: Eternatus\n|\n|-heal|p2a: Eternatus|45/100|[from] item: Leftovers\n|-damage|p1a: Calyrex|94/100 tox|[from] psn\n|upkeep\n|turn|10\n|\n|t:|1776881473\n|move|p2a: Eternatus|Protect|p2a: Eternatus\n|-singleturn|p2a: Eternatus|Protect\n|move|p1a: Calyrex|Psychic|p2a: Eternatus\n|-activate|p2a: Eternatus|move: Protect\n|move|p1b: Zamazenta|Behemoth Bash|p2a: Eternatus\n|-activate|p2a: Eternatus|move: Protect\n|\n|-heal|p2a: Eternatus|51/100|[from] item: Leftovers\n|-damage|p1a: Calyrex|82/100 tox|[from] psn\n|upkeep\n|turn|11\n|\n|t:|1776881482\n|move|p1a: Calyrex|Psychic|p2a: Eternatus\n|-supereffective|p2a: Eternatus\n|-damage|p2a: Eternatus|3/100\n|move|p1b: Zamazenta|Body Press|p2a: Eternatus\n|-resisted|p2a: Eternatus\n|-damage|p2a: Eternatus|0 fnt\n|faint|p2a: Eternatus\n|\n|win|Asteroidfish224\n|raw|Asteroidfish224's rating: 1437 &rarr; <strong>1462</strong><br />(+25 for winning)\n|raw|Sunny_zong2's rating: 1524 &rarr; <strong>1499</strong><br />(-25 for losing)\n|l|\u2606Sunny_zong2\n|player|p2|\n|l|\u2606Asteroidfish224\n|player|p1|\n","uploadtime":1776881655,"views":8,"formatid":"gen9vgc2026regi","rating":1462,"private":0,"password":null}