{"id":"gen9vgc2026regi-2566725666","format":"[Gen 9] VGC 2026 Reg I","players":["sheeshshane925","slimeslatt252"],"log":"|j|\u2606sheeshshane925\n|j|\u2606slimeslatt252\n|t:|1774402304\n|gametype|doubles\n|player|p1|sheeshshane925|chuck|1552\n|player|p2|slimeslatt252|170|1453\n|gen|9\n|tier|[Gen 9] VGC 2026 Reg I\n|rated|\n|rule|Species Clause: Limit one of each Pok\u00e9mon\n|rule|Item Clause: Limit 1 of each item\n|clearpoke\n|poke|p1|Calyrex-Ice, L50|\n|poke|p1|Miraidon, L50|\n|poke|p1|Farigiraf, L50, F|\n|poke|p1|Iron Hands, L50|\n|poke|p1|Scraggy, L50, F|\n|poke|p1|Iron Bundle, L50|\n|poke|p2|Calyrex-Shadow, L50|\n|poke|p2|Koraidon, L50|\n|poke|p2|Incineroar, L50, M|\n|poke|p2|Raging Bolt, L50|\n|poke|p2|Brute Bonnet, L50|\n|poke|p2|Landorus, L50, M|\n|teampreview|4\n|inactive|Battle timer is ON: inactive players will automatically lose when time's up. (requested by slimeslatt252)\n|\n|t:|1774402328\n|teamsize|p1|4\n|teamsize|p2|4\n|start\n|switch|p1a: Miraidon|Miraidon, L50, shiny|100/100\n|switch|p1b: Iron Bundle|Iron Bundle, L50|100/100\n|switch|p2a: Incineroar|Incineroar, L50, M|100/100\n|switch|p2b: raging dingus|Raging Bolt, L50|100/100\n|-fieldstart|move: Electric Terrain|[from] ability: Hadron Engine|[of] p1a: Miraidon\n|-activate|p1b: Iron Bundle|ability: Quark Drive\n|-start|p1b: Iron Bundle|quarkdrivespe\n|-ability|p2a: Incineroar|Intimidate|boost\n|-unboost|p1a: Miraidon|atk|1\n|-unboost|p1b: Iron Bundle|atk|1\n|turn|1\n|\n|t:|1774402347\n|-terastallize|p2b: raging dingus|Electric\n|move|p1b: Iron Bundle|Protect|p1b: Iron Bundle\n|-singleturn|p1b: Iron Bundle|Protect\n|move|p1a: Miraidon|Protect|p1a: Miraidon\n|-singleturn|p1a: Miraidon|Protect\n|move|p2b: raging dingus|Dragon Pulse|p1a: Miraidon\n|-activate|p1a: Miraidon|move: Protect\n|move|p2a: Incineroar|Knock Off|p1b: Iron Bundle\n|-activate|p1b: Iron Bundle|move: Protect\n|\n|upkeep\n|turn|2\n|\n|t:|1774402367\n|-terastallize|p1a: Miraidon|Fairy\n|move|p2b: raging dingus|Thunderclap||[still]\n|-fail|p2b: raging dingus\n|move|p1b: Iron Bundle|Encore|p2b: raging dingus\n|-start|p2b: raging dingus|Encore\n|move|p1a: Miraidon|Electro Drift|p2a: Incineroar\n|-damage|p2a: Incineroar|0 fnt\n|faint|p2a: Incineroar\n|-damage|p1a: Miraidon|91/100|[from] item: Life Orb\n|\n|upkeep\n|\n|t:|1774402376\n|switch|p2a: Calyrex|Calyrex-Shadow, L50|100/100\n|-ability|p2a: Calyrex|As One\n|-ability|p2a: Calyrex|Unnerve\n|turn|3\n|\n|t:|1774402396\n|move|p1b: Iron Bundle|Protect|p1b: Iron Bundle\n|-singleturn|p1b: Iron Bundle|Protect\n|move|p1a: Miraidon|Protect|p1a: Miraidon\n|-singleturn|p1a: Miraidon|Protect\n|move|p2b: raging dingus|Thunderclap||[still]\n|-fail|p2b: raging dingus\n|move|p2a: Calyrex|Astral Barrage|p1a: Miraidon|[spread] \n|-activate|p1a: Miraidon|move: Protect\n|-activate|p1b: Iron Bundle|move: Protect\n|\n|upkeep\n|turn|4\n|\n|t:|1774402411\n|move|p2b: raging dingus|Thunderclap|p1b: Iron Bundle\n|-supereffective|p1b: Iron Bundle\n|-enditem|p1b: Iron Bundle|Focus Sash\n|-damage|p1b: Iron Bundle|1/100\n|move|p1b: Iron Bundle|Icy Wind|p2b: raging dingus|[spread] p2a,p2b\n|-damage|p2a: Calyrex|78/100\n|-damage|p2b: raging dingus|89/100\n|-unboost|p2a: Calyrex|spe|1\n|-unboost|p2b: raging dingus|spe|1\n|move|p1a: Miraidon|Electro Drift|p2a: Calyrex\n|-damage|p2a: Calyrex|0 fnt\n|faint|p2a: Calyrex\n|-damage|p1a: Miraidon|81/100|[from] item: Life Orb\n|\n|upkeep\n|\n|t:|1774402415\n|switch|p2a: Koraidon|Koraidon, L50|100/100\n|-weather|SunnyDay|[from] ability: Orichalcum Pulse|[of] p2a: Koraidon\n|-activate|p2b: raging dingus|ability: Protosynthesis\n|-start|p2b: raging dingus|protosynthesisspa\n|-activate|p2a: Koraidon|Orichalcum Pulse|[source]\n|turn|5\n|inactive|sheeshshane925 has 30 seconds left.\n|\n|t:|1774402442\n|move|p2b: raging dingus|Thunderclap|p1a: Miraidon\n|-damage|p1a: Miraidon|7/100\n|move|p1b: Iron Bundle|Icy Wind|p2b: raging dingus|[spread] p2a,p2b\n|-supereffective|p2a: Koraidon\n|-damage|p2a: Koraidon|62/100\n|-damage|p2b: raging dingus|76/100\n|-unboost|p2b: raging dingus|spe|1\n|move|p2a: Koraidon|Flame Charge|p1a: Miraidon\n|-damage|p1a: Miraidon|0 fnt\n|-boost|p2a: Koraidon|spe|1\n|faint|p1a: Miraidon\n|\n|-weather|SunnyDay|[upkeep]\n|-end|p2b: raging dingus|Encore\n|-fieldend|move: Electric Terrain\n|-end|p1b: Iron Bundle|Quark Drive\n|upkeep\n|\n|t:|1774402454\n|switch|p1a: Calyrex|Calyrex-Ice, L50|100/100\n|-ability|p1a: Calyrex|As One\n|-ability|p1a: Calyrex|Unnerve\n|turn|6\n|inactive|slimeslatt252 has 30 seconds left.\n|\n|t:|1774402484\n|move|p2a: Koraidon|Protect|p2a: Koraidon\n|-singleturn|p2a: Koraidon|Protect\n|move|p1a: Calyrex|Protect|p1a: Calyrex\n|-singleturn|p1a: Calyrex|Protect\n|move|p1b: Iron Bundle|Encore|p2a: Koraidon\n|-activate|p2a: Koraidon|move: Protect\n|move|p2b: raging dingus|Thunderbolt|p1a: Calyrex\n|-activate|p1a: Calyrex|move: Protect\n|\n|-weather|SunnyDay|[upkeep]\n|upkeep\n|turn|7\n|inactive|sheeshshane925 has 30 seconds left.\n|inactive|slimeslatt252 has 30 seconds left.\n|\n|t:|1774402512\n|move|p1a: Calyrex|Protect||[still]\n|-fail|p1a: Calyrex\n|move|p2a: Koraidon|Flame Charge|p1a: Calyrex\n|-supereffective|p1a: Calyrex\n|-damage|p1a: Calyrex|53/100\n|-boost|p2a: Koraidon|spe|1\n|move|p1b: Iron Bundle|Freeze-Dry|p2a: Koraidon\n|-supereffective|p2a: Koraidon\n|-damage|p2a: Koraidon|0 fnt\n|faint|p2a: Koraidon\n|move|p2b: raging dingus|Thunderbolt|p1a: Calyrex\n|-damage|p1a: Calyrex|0 fnt\n|faint|p1a: Calyrex\n|\n|-weather|SunnyDay|[upkeep]\n|upkeep\n|\n|t:|1774402518\n|switch|p1a: Scraggy|Scraggy, L50, F|100/100\n|-ability|p1a: Scraggy|Intimidate|boost\n|-unboost|p2b: raging dingus|atk|1\n|turn|8\n|\n|t:|1774402532\n|move|p1a: Scraggy|Fake Out|p2b: raging dingus\n|-damage|p2b: raging dingus|70/100\n|move|p1b: Iron Bundle|Freeze-Dry|p2b: raging dingus\n|-damage|p2b: raging dingus|50/100\n|cant|p2b: raging dingus|flinch\n|\n|-weather|SunnyDay|[upkeep]\n|upkeep\n|turn|9\n|\n|t:|1774402550\n|move|p1b: Iron Bundle|Protect|p1b: Iron Bundle\n|-singleturn|p1b: Iron Bundle|Protect\n|move|p2b: raging dingus|Thunderbolt|p1b: Iron Bundle\n|-activate|p1b: Iron Bundle|move: Protect\n|move|p1a: Scraggy|Foul Play|p2b: raging dingus\n|-damage|p2b: raging dingus|39/100\n|\n|-weather|none\n|-end|p2b: raging dingus|Protosynthesis\n|upkeep\n|turn|10\n|\n|t:|1774402565\n|move|p2b: raging dingus|Thunderclap|p1b: Iron Bundle\n|-supereffective|p1b: Iron Bundle\n|-damage|p1b: Iron Bundle|0 fnt\n|faint|p1b: Iron Bundle\n|-end|p1b: Iron Bundle|Quark Drive|[silent]\n|move|p1a: Scraggy|Foul Play|p2b: raging dingus\n|-damage|p2b: raging dingus|28/100\n|\n|upkeep\n|turn|11\n|\n|t:|1774402569\n|move|p2b: raging dingus|Thunderbolt|p1a: Scraggy\n|-damage|p1a: Scraggy|39/100\n|move|p1a: Scraggy|Foul Play|p2b: raging dingus\n|-damage|p2b: raging dingus|16/100\n|\n|upkeep\n|turn|12\n|-message|sheeshshane925 forfeited.\n|\n|win|slimeslatt252\n|raw|sheeshshane925's rating: 1552 &rarr; <strong>1526</strong><br />(-26 for losing)\n|raw|slimeslatt252's rating: 1453 &rarr; <strong>1479</strong><br />(+26 for winning)\n|l|\u2606sheeshshane925\n|player|p1|\n|l|\u2606slimeslatt252\n|player|p2|\n","uploadtime":1774402726,"views":12,"formatid":"gen9vgc2026regi","rating":1479,"private":0,"password":null}