{"id":"gen9vgc2026regi-2526035025","format":"[Gen 9] VGC 2026 Reg I","players":["ice spice rider","zonavideovigilada"],"log":"|j|\u2606ice spice rider\n|j|\u2606zonavideovigilada\n|t:|1769364985\n|gametype|doubles\n|player|p1|ice spice rider|169|1453\n|player|p2|zonavideovigilada|169|1472\n|gen|9\n|tier|[Gen 9] VGC 2026 Reg I\n|rated|\n|rule|Species Clause: Limit one of each Pok\u00e9mon\n|rule|Item Clause: Limit 1 of each item\n|clearpoke\n|poke|p1|Calyrex-Shadow, L50|\n|poke|p1|Zamazenta-*, L50|\n|poke|p1|Ting-Lu, L50|\n|poke|p1|Dondozo, L50, M|\n|poke|p1|Chien-Pao, L50|\n|poke|p1|Ogerpon-Hearthflame, L50, F|\n|poke|p2|Calyrex-Shadow, L50|\n|poke|p2|Zamazenta-*, L50|\n|poke|p2|Amoonguss, L50, F|\n|poke|p2|Chi-Yu, L50|\n|poke|p2|Rillaboom, L50, M|\n|poke|p2|Raging Bolt, L50|\n|teampreview|4\n|\n|t:|1769365026\n|teamsize|p1|4\n|teamsize|p2|4\n|start\n|switch|p1a: Jordan 96/97|Ting-Lu, L50|100/100\n|switch|p1b: Ivan Karamazov|Dondozo, L50, M|100/100\n|switch|p2a: Calyrex|Calyrex-Shadow, L50|100/100\n|switch|p2b: Amoonguss|Amoonguss, L50, F|100/100\n|-ability|p2a: Calyrex|As One\n|-ability|p2a: Calyrex|Unnerve\n|-ability|p1a: Jordan 96/97|Vessel of Ruin\n|turn|1\n|inactive|Battle timer is ON: inactive players will automatically lose when time's up. (requested by zonavideovigilada)\n|\n|t:|1769365049\n|move|p2a: Calyrex|Protect|p2a: Calyrex\n|-singleturn|p2a: Calyrex|Protect\n|move|p1a: Jordan 96/97|Sand Tomb|p2b: Amoonguss\n|-damage|p2b: Amoonguss|91/100\n|-activate|p2b: Amoonguss|move: Sand Tomb|[of] p1a: Jordan 96/97\n|move|p1b: Ivan Karamazov|Yawn|p2a: Calyrex\n|-activate|p2a: Calyrex|move: Protect\n|move|p2b: Amoonguss|Spore|p1a: Jordan 96/97\n|-status|p1a: Jordan 96/97|slp|[from] move: Spore\n|\n|-damage|p2b: Amoonguss|79/100|[from] move: Sand Tomb|[partiallytrapped]\n|upkeep\n|turn|2\n|inactive|zonavideovigilada has 30 seconds left.\n|\n|t:|1769365083\n|move|p2a: Calyrex|Astral Barrage|p1a: Jordan 96/97|[spread] p1a,p1b\n|-resisted|p1a: Jordan 96/97\n|-damage|p1a: Jordan 96/97|87/100 slp\n|-damage|p1b: Ivan Karamazov|74/100\n|cant|p1a: Jordan 96/97|slp\n|move|p1b: Ivan Karamazov|Yawn|p2a: Calyrex\n|-start|p2a: Calyrex|move: Yawn|[of] p1b: Ivan Karamazov\n|move|p2b: Amoonguss|Spore|p1b: Ivan Karamazov\n|-status|p1b: Ivan Karamazov|slp|[from] move: Spore\n|\n|-heal|p1b: Ivan Karamazov|81/100 slp|[from] item: Leftovers\n|-damage|p2b: Amoonguss|66/100|[from] move: Sand Tomb|[partiallytrapped]\n|upkeep\n|turn|3\n|\n|t:|1769365108\n|switch|p2a: Zamazenta|Zamazenta-Crowned, L50|100/100\n|-ability|p2a: Zamazenta|Dauntless Shield|boost\n|-boost|p2a: Zamazenta|def|1\n|-curestatus|p1a: Jordan 96/97|slp|[msg]\n|move|p1a: Jordan 96/97|Sand Tomb|p2a: Zamazenta\n|-supereffective|p2a: Zamazenta\n|-damage|p2a: Zamazenta|90/100\n|-activate|p2a: Zamazenta|move: Sand Tomb|[of] p1a: Jordan 96/97\n|cant|p1b: Ivan Karamazov|slp\n|move|p2b: Amoonguss|Sludge Bomb|p1b: Ivan Karamazov\n|-damage|p1b: Ivan Karamazov|67/100 slp\n|\n|-heal|p1b: Ivan Karamazov|74/100 slp|[from] item: Leftovers\n|-damage|p2a: Zamazenta|78/100|[from] move: Sand Tomb|[partiallytrapped]\n|-damage|p2b: Amoonguss|54/100|[from] move: Sand Tomb|[partiallytrapped]\n|upkeep\n|turn|4\n|\n|t:|1769365122\n|-terastallize|p1a: Jordan 96/97|Fairy\n|move|p2a: Zamazenta|Body Press|p1b: Ivan Karamazov\n|-damage|p1b: Ivan Karamazov|35/100 slp\n|move|p1a: Jordan 96/97|Ruination|p2a: Zamazenta\n|-damage|p2a: Zamazenta|39/100\n|cant|p1b: Ivan Karamazov|slp\n|move|p2b: Amoonguss|Spore|p1a: Jordan 96/97\n|-status|p1a: Jordan 96/97|slp|[from] move: Spore\n|\n|-heal|p1b: Ivan Karamazov|41/100 slp|[from] item: Leftovers\n|-damage|p2a: Zamazenta|27/100|[from] move: Sand Tomb|[partiallytrapped]\n|-damage|p2b: Amoonguss|42/100|[from] move: Sand Tomb|[partiallytrapped]\n|upkeep\n|turn|5\n|\n|t:|1769365145\n|move|p2a: Zamazenta|Body Press|p1b: Ivan Karamazov\n|-damage|p1b: Ivan Karamazov|3/100 slp\n|cant|p1a: Jordan 96/97|slp\n|cant|p1b: Ivan Karamazov|slp\n|move|p2b: Amoonguss|Sludge Bomb|p1a: Jordan 96/97\n|-supereffective|p1a: Jordan 96/97\n|-damage|p1a: Jordan 96/97|59/100 slp\n|\n|-heal|p1b: Ivan Karamazov|9/100 slp|[from] item: Leftovers\n|-damage|p2a: Zamazenta|15/100|[from] move: Sand Tomb|[partiallytrapped]\n|-damage|p2b: Amoonguss|29/100|[from] move: Sand Tomb|[partiallytrapped]\n|upkeep\n|turn|6\n|inactive|ice spice rider has 30 seconds left.\n|inactive|ice spice rider has 20 seconds left.\n|\n|t:|1769365182\n|move|p2a: Zamazenta|Heavy Slam|p1a: Jordan 96/97\n|-supereffective|p1a: Jordan 96/97\n|-damage|p1a: Jordan 96/97|43/100 slp\n|-damage|p2a: Zamazenta|0 fnt|[from] item: Rocky Helmet|[of] p1a: Jordan 96/97\n|faint|p2a: Zamazenta\n|-curestatus|p1a: Jordan 96/97|slp|[msg]\n|move|p1a: Jordan 96/97|Stealth Rock|p2b: Amoonguss\n|-sidestart|p2: zonavideovigilada|move: Stealth Rock\n|-curestatus|p1b: Ivan Karamazov|slp|[msg]\n|move|p1b: Ivan Karamazov|Yawn|p2b: Amoonguss\n|-start|p2b: Amoonguss|move: Yawn|[of] p1b: Ivan Karamazov\n|move|p2b: Amoonguss|Sludge Bomb|p1a: Jordan 96/97\n|-supereffective|p1a: Jordan 96/97\n|-damage|p1a: Jordan 96/97|17/100\n|\n|-heal|p1b: Ivan Karamazov|16/100|[from] item: Leftovers\n|-end|p2b: Amoonguss|Sand Tomb|[partiallytrapped]\n|upkeep\n|\n|t:|1769365194\n|switch|p2a: Calyrex|Calyrex-Shadow, L50|100/100\n|-ability|p2a: Calyrex|As One\n|-ability|p2a: Calyrex|Unnerve\n|-damage|p2a: Calyrex|88/100|[from] Stealth Rock\n|turn|7\n|\n|t:|1769365211\n|switch|p2b: Chi-Yu|Chi-Yu, L50|100/100\n|-damage|p2b: Chi-Yu|76/100|[from] Stealth Rock\n|-ability|p2b: Chi-Yu|Beads of Ruin\n|move|p2a: Calyrex|Astral Barrage|p1a: Jordan 96/97|[spread] p1a,p1b\n|-damage|p1a: Jordan 96/97|0 fnt\n|-damage|p1b: Ivan Karamazov|0 fnt\n|faint|p1a: Jordan 96/97\n|faint|p1b: Ivan Karamazov\n|-ability|p2a: Calyrex|Grim Neigh|boost\n|-boost|p2a: Calyrex|spa|2\n|\n|upkeep\n|\n|t:|1769365215\n|switch|p1a: 221 speed|Calyrex-Shadow, L50|100/100\n|switch|p1b: Magnus Carlsen|Zamazenta-Crowned, L50|100/100\n|-ability|p1a: 221 speed|As One\n|-ability|p1a: 221 speed|Unnerve\n|-ability|p1b: Magnus Carlsen|Dauntless Shield|boost\n|-boost|p1b: Magnus Carlsen|def|1\n|turn|8\n|\n|t:|1769365236\n|move|p2a: Calyrex|Protect|p2a: Calyrex\n|-singleturn|p2a: Calyrex|Protect\n|move|p1b: Magnus Carlsen|Wide Guard|p1b: Magnus Carlsen\n|-singleturn|p1b: Magnus Carlsen|Wide Guard\n|move|p2b: Chi-Yu|Dark Pulse|p1a: 221 speed\n|-supereffective|p1a: 221 speed\n|-enditem|p1a: 221 speed|Focus Sash\n|-damage|p1a: 221 speed|1/100\n|move|p1a: 221 speed|Astral Barrage|p2b: Chi-Yu|[spread] p2b\n|-activate|p2a: Calyrex|move: Protect\n|-resisted|p2b: Chi-Yu\n|-damage|p2b: Chi-Yu|45/100\n|\n|upkeep\n|turn|9\n|\n|t:|1769365258\n|-terastallize|p2a: Calyrex|Ghost\n|move|p1a: 221 speed|Protect|p1a: 221 speed\n|-singleturn|p1a: 221 speed|Protect\n|move|p2b: Chi-Yu|Dark Pulse|p1a: 221 speed\n|-activate|p1a: 221 speed|move: Protect\n|move|p2a: Calyrex|Astral Barrage|p1b: Magnus Carlsen|[spread] p1b\n|-activate|p1a: 221 speed|move: Protect\n|-damage|p1b: Magnus Carlsen|0 fnt\n|faint|p1b: Magnus Carlsen\n|-ability|p2a: Calyrex|Grim Neigh|boost\n|-boost|p2a: Calyrex|spa|1\n|\n|upkeep\n|turn|10\n|\n|t:|1769365273\n|move|p2b: Chi-Yu|Dark Pulse|p1a: 221 speed\n|-supereffective|p1a: 221 speed\n|-damage|p1a: 221 speed|0 fnt\n|faint|p1a: 221 speed\n|\n|win|zonavideovigilada\n|raw|ice spice rider's rating: 1453 &rarr; <strong>1434</strong><br />(-19 for losing)\n|raw|zonavideovigilada's rating: 1472 &rarr; <strong>1491</strong><br />(+19 for winning)\n|l|\u2606zonavideovigilada\n|player|p2|\n|l|\u2606ice spice rider\n|player|p1|\n","uploadtime":1769365497,"views":15,"formatid":"gen9vgc2026regi","rating":1434,"private":0,"password":null}