{"id":"gen9vgc2026regi-2562749035","format":"[Gen 9] VGC 2026 Reg I","players":["realcomrade379","The Yegorushhka"],"log":"|j|\u2606realcomrade379\n|j|\u2606The Yegorushhka\n|t:|1773946484\n|gametype|doubles\n|player|p1|realcomrade379|shadowtriad|\n|player|p2|The Yegorushhka|may-masters2|\n|gen|9\n|tier|[Gen 9] VGC 2026 Reg I\n|rated|Tournament battle\n|rule|Species Clause: Limit one of each Pok\u00e9mon\n|rule|Item Clause: Limit 1 of each item\n|raw|<div class=\"infobox\"><details class=\"readmore\" open><summary><strong>3 custom rules:</strong></summary> Open Team Sheets, Force Open Team Sheets, !Open Team Sheets</details></div>\n|clearpoke\n|poke|p1|Miraidon, L50|\n|poke|p1|Calyrex-Ice, L50|\n|poke|p1|Urshifu-*, L50, F|\n|poke|p1|Incineroar, L50, F|\n|poke|p1|Landorus, L50, M|\n|poke|p1|Grimmsnarl, L50, M|\n|poke|p2|Koraidon, L50|\n|poke|p2|Calyrex-Ice, L50|\n|poke|p2|Flutter Mane, L50|\n|poke|p2|Umbreon, L50, M|\n|poke|p2|Amoonguss, L50, F|\n|poke|p2|Incineroar, L50, F|\n|teampreview|4\n|showteam|p1|Miraidon||ChoiceSpecs|HadronEngine|ElectroDrift,VoltSwitch,DracoMeteor,DazzlingGleam||||||50|,,,,,Fairy]Calyrex-Ice||Leftovers|AsOneGlastrier|Protect,TrickRoom,LeechSeed,GlacialLance||||||50|,,,,,Water]Urshifu-Rapid-Strike||ChoiceBand|UnseenFist|SurgingStrikes,CloseCombat,Uturn,AquaJet|||F|||50|,,,,,Ghost]Incineroar||AssaultVest|Intimidate|FlareBlitz,KnockOff,Uturn,FakeOut|||F|||50|,,,,,Grass]Landorus||LifeOrb|SheerForce|Protect,Taunt,SludgeBomb,EarthPower|||M|||50|,,,,,Poison]Grimmsnarl||LightClay|Prankster|SpiritBreak,LightScreen,Reflect,ThunderWave|||M|||50|,,,,,Ghost\n|showteam|p2|Koraidon||LifeOrb|OrichalcumPulse|FlareBlitz,CloseCombat,FlameCharge,Protect||||||50|,,,,,Fire]Calyrex-Ice||ClearAmulet|AsOneGlastrier|GlacialLance,HighHorsepower,TrickRoom,Protect||||||50|,,,,,Fire]Flutter Mane||FocusSash|Protosynthesis|Moonblast,ShadowBall,IcyWind,Protect||||||50|,,,,,Normal]Umbreon||SafetyGoggles|InnerFocus|FoulPlay,Snarl,Taunt,ThunderWave|||M|||50|,,,,,Poison]Amoonguss||MentalHerb|Regenerator|Spore,RagePowder,PollenPuff,Protect|||F|||50|,,,,,Water]Incineroar||AssaultVest|Intimidate|FakeOut,FlareBlitz,KnockOff,Uturn|||F|||50|,,,,,Dragon\n|c|\u2606The Yegorushhka|hf\n|c|\u2606realcomrade379|u2\n|inactive|Battle timer is ON: inactive players will automatically lose when time's up. (requested by realcomrade379)\n|inactive|The Yegorushhka has 60 seconds left.\n|\n|t:|1773946538\n|teamsize|p1|4\n|teamsize|p2|4\n|start\n|switch|p1a: Incineroar|Incineroar, L50, F|100/100\n|switch|p1b: Calyrex|Calyrex-Ice, L50|100/100\n|switch|p2a: Banshee|Flutter Mane, L50|100/100\n|switch|p2b: Koraidon|Koraidon, L50|100/100\n|-ability|p1b: Calyrex|As One\n|-ability|p1b: Calyrex|Unnerve\n|-weather|SunnyDay|[from] ability: Orichalcum Pulse|[of] p2b: Koraidon\n|-activate|p2a: Banshee|ability: Protosynthesis\n|-start|p2a: Banshee|protosynthesisspe\n|-activate|p2b: Koraidon|Orichalcum Pulse|[source]\n|-ability|p1a: Incineroar|Intimidate|boost\n|-unboost|p2a: Banshee|atk|1\n|-unboost|p2b: Koraidon|atk|1\n|turn|1\n|\n|t:|1773946555\n|-terastallize|p2b: Koraidon|Fire\n|move|p1a: Incineroar|Fake Out|p2b: Koraidon\n|-damage|p2b: Koraidon|90/100\n|move|p2a: Banshee|Shadow Ball|p1b: Calyrex\n|-supereffective|p1b: Calyrex\n|-damage|p1b: Calyrex|50/100\n|-unboost|p1b: Calyrex|spd|1\n|cant|p2b: Koraidon|flinch\n|move|p1b: Calyrex|Trick Room|p1b: Calyrex\n|-fieldstart|move: Trick Room|[of] p1b: Calyrex\n|\n|-weather|SunnyDay|[upkeep]\n|-heal|p1b: Calyrex|56/100|[from] item: Leftovers\n|upkeep\n|turn|2\n|\n|t:|1773946578\n|-terastallize|p1b: Calyrex|Water\n|move|p2a: Banshee|Protect|p2a: Banshee\n|-singleturn|p2a: Banshee|Protect\n|move|p1b: Calyrex|Glacial Lance|p2a: Banshee|[spread] p2b\n|-activate|p2a: Banshee|move: Protect\n|-resisted|p2b: Koraidon\n|-damage|p2b: Koraidon|68/100\n|move|p1a: Incineroar|U-turn|p2a: Banshee\n|-activate|p2a: Banshee|move: Protect\n|move|p2b: Koraidon|Close Combat|p1a: Incineroar\n|-supereffective|p1a: Incineroar\n|-damage|p1a: Incineroar|0 fnt\n|-unboost|p2b: Koraidon|def|1\n|-unboost|p2b: Koraidon|spd|1\n|faint|p1a: Incineroar\n|-damage|p2b: Koraidon|58/100|[from] item: Life Orb\n|\n|-weather|SunnyDay|[upkeep]\n|-heal|p1b: Calyrex|62/100|[from] item: Leftovers\n|upkeep\n|\n|t:|1773946587\n|switch|p1a: Miraidon|Miraidon, L50|100/100\n|-fieldstart|move: Electric Terrain|[from] ability: Hadron Engine|[of] p1a: Miraidon\n|turn|3\n|\n|t:|1773946608\n|switch|p2b: bonse|Calyrex-Ice, L50|100/100\n|-ability|p2b: bonse|As One\n|-ability|p2b: bonse|Unnerve\n|-end|p2a: Banshee|Protosynthesis|[silent]\n|switch|p2a: Incineroar|Incineroar, L50, F|100/100\n|-ability|p2a: Incineroar|Intimidate|boost\n|-unboost|p1a: Miraidon|atk|1\n|-unboost|p1b: Calyrex|atk|1\n|move|p1b: Calyrex|Glacial Lance|p2a: Incineroar|[spread] p2a,p2b\n|-resisted|p2a: Incineroar\n|-resisted|p2b: bonse\n|-damage|p2a: Incineroar|86/100\n|-damage|p2b: bonse|89/100\n|move|p1a: Miraidon|Volt Switch|p2b: bonse\n|-damage|p2b: bonse|35/100\n|j|@Therazer456\n|j| SpatulaHands\n|\n|t:|1773946616\n|switch|p1a: Urshifu|Urshifu-Rapid-Strike, L50, F|100/100|[from] Volt Switch\n|\n|-weather|SunnyDay|[upkeep]\n|-heal|p1b: Calyrex|68/100|[from] item: Leftovers\n|upkeep\n|turn|4\n|j|+holdingb\n|j| fish witness\n|\n|t:|1773946638\n|move|p2a: Incineroar|Fake Out|p1a: Urshifu\n|-damage|p1a: Urshifu|88/100\n|move|p1b: Calyrex|Leech Seed|p2b: bonse\n|-start|p2b: bonse|move: Leech Seed\n|move|p2b: bonse|Glacial Lance|p1a: Urshifu|[spread] p1a,p1b\n|-resisted|p1a: Urshifu\n|-resisted|p1b: Calyrex\n|-damage|p1a: Urshifu|61/100\n|-damage|p1b: Calyrex|53/100\n|cant|p1a: Urshifu|flinch\n|\n|-weather|SunnyDay|[upkeep]\n|-heal|p1b: Calyrex|58/100|[from] item: Leftovers\n|-damage|p2b: bonse|23/100|[from] Leech Seed|[of] p1b: Calyrex\n|-heal|p1b: Calyrex|71/100|[silent]\n|upkeep\n|turn|5\n|\n|t:|1773946656\n|move|p1b: Calyrex|Glacial Lance|p2b: bonse|[spread] p2a,p2b\n|-resisted|p2a: Incineroar\n|-resisted|p2b: bonse\n|-damage|p2a: Incineroar|70/100\n|-damage|p2b: bonse|13/100\n|move|p2b: bonse|Glacial Lance|p1b: Calyrex|[spread] p1a,p1b\n|-resisted|p1a: Urshifu\n|-resisted|p1b: Calyrex\n|-damage|p1a: Urshifu|37/100\n|-damage|p1b: Calyrex|55/100\n|move|p2a: Incineroar|Knock Off|p1a: Urshifu\n|-resisted|p1a: Urshifu\n|-damage|p1a: Urshifu|17/100\n|-enditem|p1a: Urshifu|Choice Band|[from] move: Knock Off|[of] p2a: Incineroar\n|move|p1a: Urshifu|Surging Strikes|p2a: Incineroar\n|-supereffective|p2a: Incineroar\n|-crit|p2a: Incineroar\n|-damage|p2a: Incineroar|52/100\n|-supereffective|p2a: Incineroar\n|-crit|p2a: Incineroar\n|-damage|p2a: Incineroar|36/100\n|-supereffective|p2a: Incineroar\n|-crit|p2a: Incineroar\n|-damage|p2a: Incineroar|20/100\n|-hitcount|p2a: Incineroar|3\n|\n|-weather|none\n|-heal|p1b: Calyrex|60/100|[from] item: Leftovers\n|-damage|p2b: bonse|0 fnt|[from] Leech Seed|[of] p1b: Calyrex\n|-heal|p1b: Calyrex|72/100|[silent]\n|faint|p2b: bonse\n|-fieldend|move: Trick Room\n|upkeep\n|\n|t:|1773946665\n|switch|p2b: Koraidon|Koraidon, L50, tera:Fire|58/100\n|-weather|SunnyDay|[from] ability: Orichalcum Pulse|[of] p2b: Koraidon\n|-activate|p2b: Koraidon|Orichalcum Pulse|[source]\n|turn|6\n|\n|t:|1773946682\n|move|p2b: Koraidon|Flare Blitz|p1b: Calyrex\n|-resisted|p1b: Calyrex\n|-damage|p1b: Calyrex|19/100\n|-damage|p2b: Koraidon|37/100|[from] Recoil\n|-damage|p2b: Koraidon|28/100|[from] item: Life Orb\n|move|p1a: Urshifu|Surging Strikes|p2b: Koraidon\n|-supereffective|p2b: Koraidon\n|-crit|p2b: Koraidon\n|-damage|p2b: Koraidon|10/100\n|-supereffective|p2b: Koraidon\n|-crit|p2b: Koraidon\n|-damage|p2b: Koraidon|0 fnt\n|faint|p2b: Koraidon\n|-hitcount|p2: Koraidon|2\n|move|p2a: Incineroar|Knock Off|p1b: Calyrex\n|-damage|p1b: Calyrex|0 fnt\n|-enditem|p1b: Calyrex|Leftovers|[from] move: Knock Off|[of] p2a: Incineroar\n|faint|p1b: Calyrex\n|\n|-weather|SunnyDay|[upkeep]\n|upkeep\n|\n|t:|1773946694\n|switch|p2b: Banshee|Flutter Mane, L50|100/100\n|switch|p1b: Miraidon|Miraidon, L50|100/100\n|-activate|p1b: Miraidon|ability: Hadron Engine\n|-activate|p2b: Banshee|ability: Protosynthesis\n|-start|p2b: Banshee|protosynthesisspe\n|turn|7\n|\n|t:|1773946712\n|move|p2b: Banshee|Moonblast|p1b: Miraidon\n|-supereffective|p1b: Miraidon\n|-damage|p1b: Miraidon|35/100\n|move|p1b: Miraidon|Dazzling Gleam|p2b: Banshee|[spread] p2a,p2b\n|-damage|p2a: Incineroar|0 fnt\n|-damage|p2b: Banshee|61/100\n|faint|p2a: Incineroar\n|move|p1a: Urshifu|Surging Strikes|p2b: Banshee\n|-crit|p2b: Banshee\n|-damage|p2b: Banshee|37/100\n|-crit|p2b: Banshee\n|-damage|p2b: Banshee|13/100\n|-crit|p2b: Banshee\n|-damage|p2b: Banshee|0 fnt\n|faint|p2b: Banshee\n|-end|p2b: Banshee|Protosynthesis|[silent]\n|-hitcount|p2: Banshee|3\n|\n|win|realcomrade379\n|n|\u2606realcomrade379|realcomrade379\n|n|\u2606The Yegorushhka|theyegorushhka\n|n| Therazer456|therazer456\n|n| SpatulaHands|spatulahands\n|n| holdingb|holdingb\n|n| fish witness|fishwitness\n|l| Therazer456\n|c|\u2606realcomrade379|gg\n","uploadtime":1773946717,"views":9,"formatid":"gen9vgc2026regi","rating":null,"private":0,"password":null}