{"id":"gen9vgc2026regi-2541436757","format":"[Gen 9] VGC 2026 Reg I","players":["xerneronin","SEITA"],"log":"|j|\u2606xerneronin\n|j|\u2606SEITA\n|t:|1771334992\n|gametype|doubles\n|player|p1|xerneronin|norman|1428\n|player|p2|SEITA|lucas-gen4pt|1551\n|gen|9\n|tier|[Gen 9] VGC 2026 Reg I\n|rated|\n|rule|Species Clause: Limit one of each Pok\u00e9mon\n|rule|Item Clause: Limit 1 of each item\n|clearpoke\n|poke|p1|Kyogre, L50|\n|poke|p1|Calyrex-Ice, L50|\n|poke|p1|Rillaboom, L50, F|\n|poke|p1|Farigiraf, L50, F|\n|poke|p1|Urshifu-*, L50, M|\n|poke|p1|Whimsicott, L50, M|\n|poke|p2|Zacian-*, L50|\n|poke|p2|Kyogre, L50|\n|poke|p2|Tornadus, L50, M|\n|poke|p2|Raging Bolt, L50|\n|poke|p2|Landorus, L50, M|\n|poke|p2|Chien-Pao, L50|\n|teampreview|4\n|\n|t:|1771335034\n|teamsize|p1|4\n|teamsize|p2|4\n|start\n|switch|p1a: Whimsicott|Whimsicott, L50, M|100/100\n|switch|p1b: Kyogre|Kyogre, L50|100/100\n|switch|p2a: Zacian|Zacian-Crowned, L50|100/100\n|switch|p2b: Chien-Pao|Chien-Pao, L50|100/100\n|-ability|p2a: Zacian|Intrepid Sword|boost\n|-boost|p2a: Zacian|atk|1\n|-ability|p2b: Chien-Pao|Sword of Ruin\n|-weather|RainDance|[from] ability: Drizzle|[of] p1b: Kyogre\n|turn|1\n|inactive|Battle timer is ON: inactive players will automatically lose when time's up. (requested by xerneronin)\n|inactive|SEITA has 60 seconds left.\n|\n|t:|1771335097\n|move|p2b: Chien-Pao|Sucker Punch|p1b: Kyogre\n|-crit|p1b: Kyogre\n|-damage|p1b: Kyogre|26/100\n|move|p1a: Whimsicott|Tailwind|p1a: Whimsicott\n|-sidestart|p1: xerneronin|move: Tailwind\n|move|p1b: Kyogre|Water Spout|p2a: Zacian|[spread] p2a,p2b\n|-damage|p2a: Zacian|67/100\n|-damage|p2b: Chien-Pao|33/100\n|move|p2a: Zacian|Behemoth Blade|p1a: Whimsicott\n|-supereffective|p1a: Whimsicott\n|-enditem|p1a: Whimsicott|Focus Sash\n|-damage|p1a: Whimsicott|1/100\n|\n|-weather|RainDance|[upkeep]\n|upkeep\n|turn|2\n|inactive|xerneronin has 30 seconds left.\n|inactive|SEITA has 30 seconds left.\n|inactive|xerneronin has 20 seconds left.\n|\n|t:|1771335134\n|switch|p1b: Rillaboom|Rillaboom, L50, F|100/100\n|-fieldstart|move: Grassy Terrain|[from] ability: Grassy Surge|[of] p1b: Rillaboom\n|move|p2b: Chien-Pao|Sucker Punch||[still]\n|-fail|p2b: Chien-Pao\n|move|p1a: Whimsicott|Moonblast|p2b: Chien-Pao\n|-supereffective|p2b: Chien-Pao\n|-damage|p2b: Chien-Pao|0 fnt\n|faint|p2b: Chien-Pao\n|move|p2a: Zacian|Behemoth Blade|p1a: Whimsicott\n|-supereffective|p1a: Whimsicott\n|-damage|p1a: Whimsicott|0 fnt\n|faint|p1a: Whimsicott\n|\n|-weather|RainDance|[upkeep]\n|-heal|p2a: Zacian|73/100|[from] Grassy Terrain\n|upkeep\n|\n|t:|1771335157\n|switch|p2b: Raging Bolt|Raging Bolt, L50|100/100\n|switch|p1a: Urshifu|Urshifu-Rapid-Strike, L50, M|100/100\n|turn|3\n|\n|t:|1771335181\n|-terastallize|p2a: Zacian|Dragon\n|move|p1b: Rillaboom|Fake Out|p2b: Raging Bolt\n|-damage|p2b: Raging Bolt|89/100\n|move|p1a: Urshifu|Surging Strikes|p2a: Zacian\n|-resisted|p2a: Zacian\n|-crit|p2a: Zacian\n|-damage|p2a: Zacian|52/100\n|-resisted|p2a: Zacian\n|-crit|p2a: Zacian\n|-damage|p2a: Zacian|29/100\n|-resisted|p2a: Zacian\n|-crit|p2a: Zacian\n|-damage|p2a: Zacian|8/100\n|-hitcount|p2a: Zacian|3\n|move|p2a: Zacian|Play Rough|p1a: Urshifu|[miss]\n|-miss|p2a: Zacian|p1a: Urshifu\n|cant|p2b: Raging Bolt|flinch\n|\n|-weather|RainDance|[upkeep]\n|-heal|p2a: Zacian|14/100|[from] Grassy Terrain\n|-heal|p2b: Raging Bolt|95/100|[from] Grassy Terrain\n|upkeep\n|turn|4\n|inactive|xerneronin has 30 seconds left.\n|inactive|SEITA has 30 seconds left.\n|inactive|xerneronin has 20 seconds left.\n|\n|t:|1771335219\n|move|p2a: Zacian|Protect|p2a: Zacian\n|-singleturn|p2a: Zacian|Protect\n|move|p1b: Rillaboom|Grassy Glide|p2a: Zacian\n|-activate|p2a: Zacian|move: Protect\n|move|p1a: Urshifu|Surging Strikes|p2b: Raging Bolt\n|-resisted|p2b: Raging Bolt\n|-crit|p2b: Raging Bolt\n|-damage|p2b: Raging Bolt|74/100\n|-resisted|p2b: Raging Bolt\n|-crit|p2b: Raging Bolt\n|-damage|p2b: Raging Bolt|53/100\n|-resisted|p2b: Raging Bolt\n|-crit|p2b: Raging Bolt\n|-damage|p2b: Raging Bolt|31/100\n|-hitcount|p2b: Raging Bolt|3\n|move|p2b: Raging Bolt|Thunderbolt|p1a: Urshifu\n|-supereffective|p1a: Urshifu\n|-damage|p1a: Urshifu|0 fnt\n|faint|p1a: Urshifu\n|\n|-weather|RainDance|[upkeep]\n|-heal|p2a: Zacian|20/100|[from] Grassy Terrain\n|-heal|p2b: Raging Bolt|37/100|[from] Grassy Terrain\n|-sideend|p1: xerneronin|move: Tailwind\n|upkeep\n|\n|t:|1771335237\n|switch|p1a: Kyogre|Kyogre, L50|26/100\n|turn|5\n|\n|t:|1771335262\n|move|p2b: Raging Bolt|Protect|p2b: Raging Bolt\n|-singleturn|p2b: Raging Bolt|Protect\n|move|p2a: Zacian|Behemoth Blade|p1b: Rillaboom\n|-damage|p1b: Rillaboom|17/100\n|move|p1a: Kyogre|Ice Beam|p2b: Raging Bolt\n|-activate|p2b: Raging Bolt|move: Protect\n|move|p1b: Rillaboom|Knock Off|p2a: Zacian\n|-damage|p2a: Zacian|0 fnt\n|faint|p2a: Zacian\n|\n|-weather|none\n|-heal|p2b: Raging Bolt|43/100|[from] Grassy Terrain\n|-heal|p1a: Kyogre|32/100|[from] Grassy Terrain\n|-heal|p1b: Rillaboom|23/100|[from] Grassy Terrain\n|upkeep\n|\n|t:|1771335278\n|switch|p2a: Kyogre|Kyogre, L50|100/100\n|-weather|RainDance|[from] ability: Drizzle|[of] p2a: Kyogre\n|turn|6\n|\n|t:|1771335292\n|-terastallize|p1a: Kyogre|Grass\n|move|p1b: Rillaboom|Grassy Glide|p2a: Kyogre\n|-supereffective|p2a: Kyogre\n|-crit|p2a: Kyogre\n|-damage|p2a: Kyogre|7/100\n|move|p2b: Raging Bolt|Draco Meteor|p1a: Kyogre\n|-damage|p1a: Kyogre|0 fnt\n|-unboost|p2b: Raging Bolt|spa|2\n|faint|p1a: Kyogre\n|move|p2a: Kyogre|Ice Beam|p1b: Rillaboom\n|-supereffective|p1b: Rillaboom\n|-damage|p1b: Rillaboom|0 fnt\n|faint|p1b: Rillaboom\n|\n|win|SEITA\n|raw|xerneronin's rating: 1428 &rarr; <strong>1415</strong><br />(-13 for losing)\n|raw|SEITA's rating: 1551 &rarr; <strong>1564</strong><br />(+13 for winning)\n|l|\u2606SEITA\n|player|p2|\n|l|\u2606xerneronin\n|player|p1|\n","uploadtime":1771335546,"views":36,"formatid":"gen9vgc2026regi","rating":1415,"private":0,"password":null}