{"id":"gen9vgc2026regi-2576483769","format":"[Gen 9] VGC 2026 Reg I","players":["nerd159","Mirthinion"],"log":"|j|\u2606nerd159\n|j|\u2606Mirthinion\n|t:|1775480301\n|gametype|doubles\n|player|p1|nerd159|170|1605\n|player|p2|Mirthinion|janitor|1616\n|gen|9\n|tier|[Gen 9] VGC 2026 Reg I\n|rated|\n|rule|Species Clause: Limit one of each Pok\u00e9mon\n|rule|Item Clause: Limit 1 of each item\n|clearpoke\n|poke|p1|Zamazenta-*, L50|\n|poke|p1|Calyrex-Shadow, L50|\n|poke|p1|Excadrill, L50, M|\n|poke|p1|Tyranitar, L50, M|\n|poke|p1|Ogerpon-Wellspring, L50, F|\n|poke|p1|Farigiraf, L50, M|\n|poke|p2|Calyrex-Shadow, L50|\n|poke|p2|Zamazenta-*, L50|\n|poke|p2|Urshifu-*, L50, M|\n|poke|p2|Incineroar, L50, M|\n|poke|p2|Rillaboom, L50, M|\n|poke|p2|Tornadus, L50, M|\n|teampreview|4\n|inactive|Battle timer is ON: inactive players will automatically lose when time's up. (requested by Mirthinion)\nMirthinion rejected open team sheets.\n|\n|t:|1775480315\n|teamsize|p1|4\n|teamsize|p2|4\n|start\n|switch|p1a: Calyrex|Calyrex-Shadow, L50|100/100\n|switch|p1b: Zamazenta|Zamazenta-Crowned, L50|100/100\n|switch|p2a: Vangwe|Tornadus, L50, M|100/100\n|switch|p2b: Beowulf|Urshifu-Rapid-Strike, L50, M|100/100\n|-ability|p1a: Calyrex|As One\n|-ability|p1a: Calyrex|Unnerve\n|-ability|p1b: Zamazenta|Dauntless Shield|boost\n|-boost|p1b: Zamazenta|def|1\n|turn|1\n|inactive|Mirthinion has 30 seconds left.\n|\n|t:|1775480341\n|switch|p1a: Farigiraf|Farigiraf, L50, M|100/100\n|move|p2a: Vangwe|Tailwind|p2a: Vangwe\n|-sidestart|p2: Mirthinion|move: Tailwind\n|move|p2b: Beowulf|Close Combat|p1b: Zamazenta\n|-supereffective|p1b: Zamazenta\n|-damage|p1b: Zamazenta|21/100\n|-unboost|p2b: Beowulf|def|1\n|-unboost|p2b: Beowulf|spd|1\n|move|p1b: Zamazenta|Body Press|p2b: Beowulf\n|-damage|p2b: Beowulf|0 fnt\n|faint|p2b: Beowulf\n|\n|upkeep\n|\n|t:|1775480355\n|switch|p2b: Mithrandir|Calyrex-Shadow, L50|100/100\n|-ability|p2b: Mithrandir|As One\n|-ability|p2b: Mithrandir|Unnerve\n|turn|2\n|\n|t:|1775480362\n|switch|p1b: Tyranitar|Tyranitar, L50, M|100/100\n|-weather|Sandstorm|[from] ability: Sand Stream|[of] p1b: Tyranitar\n|-terastallize|p2b: Mithrandir|Bug\n|move|p2b: Mithrandir|Pollen Puff|p1a: Farigiraf\n|-supereffective|p1a: Farigiraf\n|-damage|p1a: Farigiraf|5/100\n|move|p2a: Vangwe|Bleakwind Storm|p1a: Farigiraf|[spread] p1a,p1b\n|-resisted|p1b: Tyranitar\n|-damage|p1a: Farigiraf|0 fnt\n|-damage|p1b: Tyranitar|95/100\n|faint|p1a: Farigiraf\n|\n|-weather|Sandstorm|[upkeep]\n|-damage|p2b: Mithrandir|95/100|[from] Sandstorm\n|-damage|p2a: Vangwe|95/100|[from] Sandstorm\n|upkeep\n|\n|t:|1775480373\n|switch|p1a: Zamazenta|Zamazenta-Crowned, L50|21/100\n|turn|3\n|inactive|Mirthinion has 30 seconds left.\n|inactive|Mirthinion has 20 seconds left.\n|inactive|Mirthinion has 15 seconds left.\n|\n|t:|1775480414\n|move|p2b: Mithrandir|Astral Barrage|p1a: Zamazenta|[spread] p1a,p1b\n|-resisted|p1b: Tyranitar\n|-damage|p1a: Zamazenta|0 fnt\n|-damage|p1b: Tyranitar|86/100\n|faint|p1a: Zamazenta\n|-ability|p2b: Mithrandir|Grim Neigh|boost\n|-boost|p2b: Mithrandir|spa|1\n|move|p2a: Vangwe|Bleakwind Storm|p1b: Tyranitar|[miss]\n|-miss|p2a: Vangwe|p1b: Tyranitar\n|move|p1b: Tyranitar|Rock Slide|p2b: Mithrandir|[spread] p2a,p2b\n|-supereffective|p2a: Vangwe\n|-supereffective|p2b: Mithrandir\n|-damage|p2a: Vangwe|29/100\n|-damage|p2b: Mithrandir|37/100\n|\n|-weather|Sandstorm|[upkeep]\n|-damage|p2b: Mithrandir|31/100|[from] Sandstorm\n|-damage|p2a: Vangwe|23/100|[from] Sandstorm\n|upkeep\n|\n|t:|1775480417\n|switch|p1a: Calyrex|Calyrex-Shadow, L50|100/100\n|-ability|p1a: Calyrex|As One\n|-ability|p1a: Calyrex|Unnerve\n|turn|4\n|inactive|Mirthinion has 30 seconds left.\n|inactive|Mirthinion has 20 seconds left.\n|inactive|Mirthinion has 15 seconds left.\n|inactive|Mirthinion has 10 seconds left.\n|inactive|Mirthinion has 5 seconds left.\n|\n|t:|1775480472\n|-terastallize|p1a: Calyrex|Normal\n|move|p2b: Mithrandir|Protect|p2b: Mithrandir\n|-singleturn|p2b: Mithrandir|Protect\n|move|p2a: Vangwe|Tailwind||[still]\n|-fail|p2a: Vangwe\n|move|p1a: Calyrex|Substitute|p1a: Calyrex\n|-start|p1a: Calyrex|Substitute\n|-damage|p1a: Calyrex|76/100\n|move|p1b: Tyranitar|Rock Slide|p2b: Mithrandir|[spread] p2a\n|-activate|p2b: Mithrandir|move: Protect\n|-supereffective|p2a: Vangwe\n|-damage|p2a: Vangwe|0 fnt\n|faint|p2a: Vangwe\n|\n|-weather|Sandstorm|[upkeep]\n|-damage|p2b: Mithrandir|25/100|[from] Sandstorm\n|-damage|p1a: Calyrex|70/100|[from] Sandstorm\n|-sideend|p2: Mirthinion|move: Tailwind\n|upkeep\n|\n|t:|1775480486\n|switch|p2a: Drambor|Zamazenta-Crowned, L50|100/100\n|-ability|p2a: Drambor|Dauntless Shield|boost\n|-boost|p2a: Drambor|def|1\n|turn|5\n|\n|t:|1775480511\n|move|p1a: Calyrex|Psychic|p2b: Mithrandir\n|-damage|p2b: Mithrandir|0 fnt\n|faint|p2b: Mithrandir\n|-ability|p1a: Calyrex|Grim Neigh|boost\n|-boost|p1a: Calyrex|spa|1\n|move|p2a: Drambor|Body Press|p1a: Calyrex\n|-supereffective|p1a: Calyrex\n|-end|p1a: Calyrex|Substitute\n|move|p1b: Tyranitar|Icy Wind|p2a: Drambor\n|-resisted|p2a: Drambor\n|-damage|p2a: Drambor|97/100\n|-unboost|p2a: Drambor|spe|1\n|\n|-weather|Sandstorm|[upkeep]\n|-damage|p1a: Calyrex|64/100|[from] Sandstorm\n|upkeep\n|turn|6\n|\n|t:|1775480525\n|move|p1a: Calyrex|Substitute|p1a: Calyrex\n|-start|p1a: Calyrex|Substitute\n|-damage|p1a: Calyrex|40/100\n|move|p2a: Drambor|Body Press|p1a: Calyrex\n|-supereffective|p1a: Calyrex\n|-end|p1a: Calyrex|Substitute\n|move|p1b: Tyranitar|Icy Wind|p2a: Drambor\n|-resisted|p2a: Drambor\n|-damage|p2a: Drambor|93/100\n|-unboost|p2a: Drambor|spe|1\n|\n|-weather|none\n|upkeep\n|turn|7\n|\n|t:|1775480542\n|move|p1a: Calyrex|Protect|p1a: Calyrex\n|-singleturn|p1a: Calyrex|Protect\n|move|p1b: Tyranitar|Rock Slide|p2a: Drambor\n|-resisted|p2a: Drambor\n|-damage|p2a: Drambor|89/100\n|cant|p2a: Drambor|flinch\n|\n|upkeep\n|turn|8\n|\n|t:|1775480550\n|move|p1a: Calyrex|Substitute|p1a: Calyrex\n|-start|p1a: Calyrex|Substitute\n|-damage|p1a: Calyrex|15/100\n|move|p1b: Tyranitar|Knock Off|p2a: Drambor\n|-resisted|p2a: Drambor\n|-damage|p2a: Drambor|82/100\n|move|p2a: Drambor|Body Press|p1a: Calyrex\n|-supereffective|p1a: Calyrex\n|-end|p1a: Calyrex|Substitute\n|\n|upkeep\n|turn|9\n|\n|t:|1775480560\n|move|p1a: Calyrex|Astral Barrage|p2a: Drambor\n|-damage|p2a: Drambor|0 fnt\n|faint|p2a: Drambor\n|\n|win|nerd159\n|raw|nerd159's rating: 1605 &rarr; <strong>1626</strong><br />(+21 for winning)\n|raw|Mirthinion's rating: 1616 &rarr; <strong>1595</strong><br />(-21 for losing)\n|l|\u2606nerd159\n|player|p1|\n|c|\u2606Mirthinion|gg, the icy wind was amusing :)\n","uploadtime":1775480573,"views":42,"formatid":"gen9vgc2026regi","rating":1595,"private":0,"password":null}