{"id":"gen9vgc2026regi-2553397721","format":"[Gen 9] VGC 2026 Reg I","players":["psyduck rex","g0dGun"],"log":"|j|\u2606psyduck rex\n|j|\u2606g0dGun\n|t:|1772827144\n|gametype|doubles\n|player|p1|psyduck rex|ghetsis-gen5bw|1174\n|player|p2|g0dGun|blue|1269\n|gen|9\n|tier|[Gen 9] VGC 2026 Reg I\n|rated|\n|rule|Species Clause: Limit one of each Pok\u00e9mon\n|rule|Item Clause: Limit 1 of each item\n|clearpoke\n|poke|p1|Calyrex-Shadow, L50|\n|poke|p1|Koraidon, L50|\n|poke|p1|Smeargle, L50, F|\n|poke|p1|Tornadus, L50, M|\n|poke|p1|Flutter Mane, L50|\n|poke|p1|Indeedee-F, L50, F|\n|poke|p2|Hitmontop, L50, M|\n|poke|p2|Terapagos, L50, M|\n|poke|p2|Calyrex-Shadow, L50|\n|poke|p2|Ogerpon-Cornerstone, L50, F|\n|poke|p2|Urshifu-*, L50, F|\n|poke|p2|Whimsicott, L50, M|\n|teampreview|4\n|inactive|Battle timer is ON: inactive players will automatically lose when time's up. (requested by g0dGun)\n|inactive|psyduck rex also wants the timer to be on.\n|\n|t:|1772827173\n|teamsize|p1|4\n|teamsize|p2|4\n|start\n|switch|p1a: Indeedee|Indeedee-F, L50, F|100/100\n|switch|p1b: Calyrex|Calyrex-Shadow, L50|100/100\n|switch|p2a: Whimsicott|Whimsicott, L50, M|100/100\n|switch|p2b: Calyrex|Calyrex-Shadow, L50|100/100\n|-ability|p2b: Calyrex|As One\n|-ability|p2b: Calyrex|Unnerve\n|-ability|p1b: Calyrex|As One\n|-ability|p1b: Calyrex|Unnerve\n|-fieldstart|move: Psychic Terrain|[from] ability: Psychic Surge|[of] p1a: Indeedee\n|turn|1\n|inactive|g0dGun has 30 seconds left.\n|\n|t:|1772827201\n|-terastallize|p1b: Calyrex|Dark\n|move|p2a: Whimsicott|Protect|p2a: Whimsicott\n|-singleturn|p2a: Whimsicott|Protect\n|move|p2b: Calyrex|Protect|p2b: Calyrex\n|-singleturn|p2b: Calyrex|Protect\n|move|p1b: Calyrex|Astral Barrage|p2a: Whimsicott|[spread] \n|-activate|p2a: Whimsicott|move: Protect\n|-activate|p2b: Calyrex|move: Protect\n|move|p1a: Indeedee|Trick Room|p1a: Indeedee\n|-fieldstart|move: Trick Room|[of] p1a: Indeedee\n|\n|upkeep\n|turn|2\n|\n|t:|1772827222\n|switch|p2b: Terapagos|Terapagos, L50, M|100/100\n|-activate|p2b: Terapagos|ability: Tera Shift\n|detailschange|p2b: Terapagos|Terapagos-Terastal, L50, M\n|-heal|p2b: Terapagos|100/100|[silent]\n|move|p1a: Indeedee|Follow Me|p1a: Indeedee\n|-singleturn|p1a: Indeedee|move: Follow Me\n|move|p2a: Whimsicott|Moonblast|p1a: Indeedee\n|-damage|p1a: Indeedee|72/100\n|move|p1b: Calyrex|Astral Barrage|p2a: Whimsicott|[spread] p2a\n|-immune|p2b: Terapagos\n|-damage|p2a: Whimsicott|20/100\n|\n|upkeep\n|turn|3\n|\n|t:|1772827243\n|move|p2a: Whimsicott|Protect|p2a: Whimsicott\n|-singleturn|p2a: Whimsicott|Protect\n|move|p2b: Terapagos|Tera Starstorm|p1b: Calyrex\n|-damage|p1b: Calyrex|44/100\n|move|p1b: Calyrex|Expanding Force|p2b: Terapagos|[spread] p2b\n|-activate|p2a: Whimsicott|move: Protect\n|-activate|p2b: Terapagos|ability: Tera Shell\n|-resisted|p2b: Terapagos\n|-crit|p2b: Terapagos\n|-damage|p2b: Terapagos|50/100\n|move|p1a: Indeedee|Trick Room|p1a: Indeedee\n|-fieldend|move: Trick Room\n|\n|upkeep\n|turn|4\n|inactive|psyduck rex has 30 seconds left.\n|\n|t:|1772827269\n|-terastallize|p2b: Terapagos|Stellar\n|detailschange|p2b: Terapagos|Terapagos-Stellar, L50, M, tera:Stellar\n|-heal|p2b: Terapagos|63/100|[silent]\n|-ability|p2b: Terapagos|Teraform Zero\n|-fieldend|move: Psychic Terrain\n|move|p1a: Indeedee|Follow Me|p1a: Indeedee\n|-singleturn|p1a: Indeedee|move: Follow Me\n|move|p2a: Whimsicott|Tailwind|p2a: Whimsicott\n|-sidestart|p2: g0dGun|move: Tailwind\n|move|p2b: Terapagos|Tera Starstorm|p1a: Indeedee|[spread] p1a,p1b\n|-supereffective|p1b: Calyrex\n|-damage|p1a: Indeedee|31/100\n|-damage|p1b: Calyrex|0 fnt\n|faint|p1b: Calyrex\n|\n|upkeep\n|\n|t:|1772827286\n|switch|p1b: Koraidon|Koraidon, L50|100/100\n|-weather|SunnyDay|[from] ability: Orichalcum Pulse|[of] p1b: Koraidon\n|-activate|p1b: Koraidon|Orichalcum Pulse|[source]\n|turn|5\n|\n|t:|1772827302\n|move|p2b: Terapagos|Protect|p2b: Terapagos\n|-singleturn|p2b: Terapagos|Protect\n|move|p1b: Koraidon|Protect|p1b: Koraidon\n|-singleturn|p1b: Koraidon|Protect\n|move|p2a: Whimsicott|Moonblast|p1b: Koraidon\n|-activate|p1b: Koraidon|move: Protect\n|move|p1a: Indeedee|Trick Room|p1a: Indeedee\n|-fieldstart|move: Trick Room|[of] p1a: Indeedee\n|\n|-weather|SunnyDay|[upkeep]\n|upkeep\n|turn|6\n|\n|t:|1772827326\n|switch|p2b: Hitmontop|Hitmontop, L50, M|100/100\n|-ability|p2b: Hitmontop|Intimidate|boost\n|-unboost|p1a: Indeedee|atk|1\n|-unboost|p1b: Koraidon|atk|1\n|move|p2a: Whimsicott|Protect|p2a: Whimsicott\n|-singleturn|p2a: Whimsicott|Protect\n|move|p1a: Indeedee|Follow Me|p1a: Indeedee\n|-singleturn|p1a: Indeedee|move: Follow Me\n|move|p1b: Koraidon|Flare Blitz|p2b: Hitmontop\n|-damage|p2b: Hitmontop|15/100\n|-status|p2b: Hitmontop|brn\n|-damage|p1b: Koraidon|75/100|[from] Recoil\n|-enditem|p2b: Hitmontop|Eject Button\n|-damage|p1b: Koraidon|66/100|[from] item: Life Orb\n|\n|t:|1772827342\n|switch|p2b: Terapagos|Terapagos-Stellar, L50, M, tera:Stellar|63/100\n|\n|-weather|SunnyDay|[upkeep]\n|upkeep\n|turn|7\n|\n|t:|1772827358\n|move|p2b: Terapagos|Protect|p2b: Terapagos\n|-singleturn|p2b: Terapagos|Protect\n|move|p1b: Koraidon|Flare Blitz|p2b: Terapagos\n|-activate|p2b: Terapagos|move: Protect\n|move|p2a: Whimsicott|Moonblast|p1b: Koraidon\n|-supereffective|p1b: Koraidon\n|-damage|p1b: Koraidon|0 fnt\n|faint|p1b: Koraidon\n|move|p1a: Indeedee|Trick Room|p1a: Indeedee\n|-fieldend|move: Trick Room\n|\n|-weather|SunnyDay|[upkeep]\n|-sideend|p2: g0dGun|move: Tailwind\n|upkeep\n|\n|t:|1772827371\n|switch|p1b: Flutter Mane|Flutter Mane, L50, shiny|100/100\n|-activate|p1b: Flutter Mane|ability: Protosynthesis\n|-start|p1b: Flutter Mane|protosynthesisspa\n|turn|8\n|\n|t:|1772827378\n|move|p1a: Indeedee|Helping Hand|p1b: Flutter Mane\n|-singleturn|p1b: Flutter Mane|Helping Hand|[of] p1a: Indeedee\n|move|p2a: Whimsicott|Tailwind|p2a: Whimsicott\n|-sidestart|p2: g0dGun|move: Tailwind\n|move|p2b: Terapagos|Tera Starstorm|p1a: Indeedee|[spread] p1a,p1b\n|-damage|p1a: Indeedee|0 fnt\n|-damage|p1b: Flutter Mane|54/100\n|faint|p1a: Indeedee\n|move|p1b: Flutter Mane|Dazzling Gleam|p2b: Terapagos|[spread] p2a,p2b\n|-damage|p2a: Whimsicott|0 fnt\n|-damage|p2b: Terapagos|0 fnt\n|faint|p2a: Whimsicott\n|faint|p2b: Terapagos\n|detailschange|p2: Terapagos|Terapagos, L50, M|[silent]\n|\n|-weather|SunnyDay|[upkeep]\n|upkeep\n|\n|t:|1772827394\n|switch|p2a: Hitmontop|Hitmontop, L50, M|15/100 brn\n|switch|p2b: Calyrex|Calyrex-Shadow, L50|100/100\n|-ability|p2b: Calyrex|As One\n|-ability|p2b: Calyrex|Unnerve\n|-ability|p2a: Hitmontop|Intimidate|boost\n|-unboost|p1b: Flutter Mane|atk|1\n|turn|9\n|\n|t:|1772827404\n|move|p2a: Hitmontop|Wide Guard|p2a: Hitmontop\n|-singleturn|p2a: Hitmontop|Wide Guard\n|move|p2b: Calyrex|Astral Barrage|p1b: Flutter Mane\n|-supereffective|p1b: Flutter Mane\n|-damage|p1b: Flutter Mane|0 fnt\n|faint|p1b: Flutter Mane\n|-end|p1b: Flutter Mane|Protosynthesis|[silent]\n|\n|win|g0dGun\n|raw|psyduck rex's rating: 1174 &rarr; <strong>1156</strong><br />(-18 for losing)\n|raw|g0dGun's rating: 1269 &rarr; <strong>1287</strong><br />(+18 for winning)\n|l|\u2606psyduck rex\n|player|p1|\n","uploadtime":1772827424,"views":16,"formatid":"gen9vgc2026regi","rating":1156,"private":0,"password":null}