{"id":"gen9vgc2026regi-2515056566","format":"[Gen 9] VGC 2026 Reg I","players":["Hi jump kicker","kojimuranishi"],"log":"|j|\u2606Hi jump kicker\n|j|\u2606kojimuranishi\n|t:|1767944704\n|gametype|doubles\n|player|p1|Hi jump kicker|blackbelt-gen4dp|1176\n|player|p2|kojimuranishi|265|1269\n|gen|9\n|tier|[Gen 9] VGC 2026 Reg I\n|rated|\n|rule|Species Clause: Limit one of each Pok\u00e9mon\n|rule|Item Clause: Limit 1 of each item\n|clearpoke\n|poke|p1|Reshiram, L50|\n|poke|p1|Zekrom, L50|\n|poke|p1|Murkrow, L50, F|\n|poke|p1|Flutter Mane, L50|\n|poke|p1|Great Tusk, L50|\n|poke|p1|Stonjourner, L50, M|\n|poke|p2|Whimsicott, L50, F|\n|poke|p2|Calyrex-Ice, L50|\n|poke|p2|Miraidon, L50|\n|poke|p2|Chi-Yu, L50|\n|poke|p2|Landorus, L50, M|\n|poke|p2|Toxicroak, L50, M|\n|teampreview|4\n|inactive|Battle timer is ON: inactive players will automatically lose when time's up. (requested by kojimuranishi)\n|\n|t:|1767944742\n|teamsize|p1|4\n|teamsize|p2|4\n|start\n|switch|p1a: Reshiram|Reshiram, L50|100/100\n|switch|p1b: Murkrow|Murkrow, L50, F|100/100\n|switch|p2a: Whimsicott|Whimsicott, L50, F|100/100\n|switch|p2b: Landorus|Landorus, L50, M|100/100\n|-ability|p1a: Reshiram|Turboblaze\n|turn|1\n|inactive|Hi jump kicker has 30 seconds left.\n|\n|t:|1767944775\n|move|p1a: Reshiram|Protect|p1a: Reshiram\n|-singleturn|p1a: Reshiram|Protect\n|move|p2a: Whimsicott|Moonblast|p1b: Murkrow\n|-supereffective|p1b: Murkrow\n|-damage|p1b: Murkrow|11/100\n|move|p2b: Landorus|Earth Power|p1a: Reshiram\n|-activate|p1a: Reshiram|move: Protect\n|move|p1b: Murkrow|Snarl|p2a: Whimsicott|[spread] p2a,p2b\n|-resisted|p2a: Whimsicott\n|-damage|p2a: Whimsicott|90/100\n|-damage|p2b: Landorus|84/100\n|-unboost|p2a: Whimsicott|spa|1\n|-unboost|p2b: Landorus|spa|1\n|\n|upkeep\n|turn|2\n|inactive|Hi jump kicker has 30 seconds left.\n|\n|t:|1767944801\n|switch|p1a: Great Tusk|Great Tusk, L50|100/100\n|move|p2a: Whimsicott|Encore||[still]\n|-fail|p2a: Whimsicott\n|move|p1b: Murkrow|Tailwind|p1b: Murkrow\n|-sidestart|p1: Hi jump kicker|move: Tailwind\n|move|p2b: Landorus|Sludge Bomb|p1b: Murkrow\n|-damage|p1b: Murkrow|0 fnt\n|faint|p1b: Murkrow\n|\n|upkeep\n|\n|t:|1767944816\n|switch|p1b: Reshiram|Reshiram, L50|100/100\n|-ability|p1b: Reshiram|Turboblaze\n|turn|3\n|\n|t:|1767944839\n|-terastallize|p1b: Reshiram|Fire\n|move|p2a: Whimsicott|Tailwind|p2a: Whimsicott\n|-sidestart|p2: kojimuranishi|move: Tailwind\n|move|p1a: Great Tusk|Rock Slide|p2a: Whimsicott|[spread] p2a,p2b\n|-crit|p2a: Whimsicott\n|-damage|p2a: Whimsicott|42/100\n|-damage|p2b: Landorus|60/100\n|cant|p2b: Landorus|flinch\n|move|p1b: Reshiram|Heat Wave|p2b: Landorus|[spread] \n|-miss|p1b: Reshiram|p2a: Whimsicott\n|-miss|p1b: Reshiram|p2b: Landorus\n|\n|upkeep\n|turn|4\n|\n|t:|1767944858\n|switch|p2a: Miraidon|Miraidon, L50|100/100\n|-fieldstart|move: Electric Terrain|[from] ability: Hadron Engine|[of] p2a: Miraidon\n|move|p2b: Landorus|Protect|p2b: Landorus\n|-singleturn|p2b: Landorus|Protect\n|move|p1a: Great Tusk|Rock Slide|p2b: Landorus|[spread] p2a\n|-activate|p2b: Landorus|move: Protect\n|-damage|p2a: Miraidon|80/100\n|move|p1b: Reshiram|Heat Wave|p2b: Landorus|[spread] \n|-activate|p2b: Landorus|move: Protect\n|-miss|p1b: Reshiram|p2a: Miraidon\n|\n|upkeep\n|turn|5\n|inactive|Hi jump kicker has 30 seconds left.\n|\n|t:|1767944884\n|-end|p1a: Great Tusk|Protosynthesis|[silent]\n|switch|p1a: Zekrom|Zekrom, L50|100/100\n|-ability|p1a: Zekrom|Teravolt\n|move|p2a: Miraidon|Volt Switch|p1b: Reshiram\n|-damage|p1b: Reshiram|49/100\n|\n|t:|1767944897\n|switch|p2a: Calyrex|Calyrex-Ice, L50|100/100|[from] Volt Switch\n|-ability|p2a: Calyrex|As One\n|-ability|p2a: Calyrex|Unnerve\n|move|p2b: Landorus|Sandsear Storm|p1b: Reshiram|[spread] p1a,p1b\n|-supereffective|p1a: Zekrom\n|-supereffective|p1b: Reshiram\n|-damage|p1a: Zekrom|10/100\n|-damage|p1b: Reshiram|0 fnt\n|faint|p1b: Reshiram\n|\n|-sideend|p1: Hi jump kicker|move: Tailwind\n|upkeep\n|-message|Hi jump kicker forfeited.\n|\n|win|kojimuranishi\n|raw|Hi jump kicker's rating: 1176 &rarr; <strong>1158</strong><br />(-18 for losing)\n|raw|kojimuranishi's rating: 1269 &rarr; <strong>1287</strong><br />(+18 for winning)\n|l|\u2606Hi jump kicker\n|player|p1|\n|l|\u2606kojimuranishi\n|player|p2|\n","uploadtime":1767945235,"views":13,"formatid":"gen9vgc2026regi","rating":1158,"private":0,"password":null}