{"id":"gen9vgc2026regi-2559570883","format":"[Gen 9] VGC 2026 Reg I","players":["sleemo2","shangenb6"],"log":"|j|\u2606sleemo2\n|j|\u2606shangenb6\n|t:|1773587588\n|gametype|doubles\n|player|p1|sleemo2|266|1331\n|player|p2|shangenb6|sisandbro|1340\n|gen|9\n|tier|[Gen 9] VGC 2026 Reg I\n|rated|\n|rule|Species Clause: Limit one of each Pok\u00e9mon\n|rule|Item Clause: Limit 1 of each item\n|clearpoke\n|poke|p1|Calyrex-Shadow, L50|\n|poke|p1|Zamazenta-*, L50|\n|poke|p1|Whimsicott, L50, M|\n|poke|p1|Amoonguss, L50, M|\n|poke|p1|Chi-Yu, L50|\n|poke|p1|Urshifu-*, L50, F|\n|poke|p2|Koraidon, L50|\n|poke|p2|Lunala, L50|\n|poke|p2|Flutter Mane, L50|\n|poke|p2|Chi-Yu, L50|\n|poke|p2|Raging Bolt, L50|\n|poke|p2|Indeedee-F, L50, F|\n|teampreview|4\n|inactive|Battle timer is ON: inactive players will automatically lose when time's up. (requested by shangenb6)\n|inactive|shangenb6 has 60 seconds left.\n|\n|t:|1773587639\n|teamsize|p1|4\n|teamsize|p2|4\n|start\n|switch|p1a: Chi-Yu|Chi-Yu, L50|100/100\n|switch|p1b: Urshifu|Urshifu-Rapid-Strike, L50, F|100/100\n|switch|p2a: Chi-Yu|Chi-Yu, L50|100/100\n|switch|p2b: Lunala|Lunala, L50|100/100\n|-ability|p1a: Chi-Yu|Beads of Ruin\n|-ability|p2a: Chi-Yu|Beads of Ruin\n|turn|1\n|\n|t:|1773587656\n|switch|p2a: Raging Bolt|Raging Bolt, L50|100/100\n|-terastallize|p2b: Lunala|Water\n|move|p1a: Chi-Yu|Overheat|p2b: Lunala\n|-resisted|p2b: Lunala\n|-damage|p2b: Lunala|82/100\n|-unboost|p1a: Chi-Yu|spa|2\n|move|p2b: Lunala|Meteor Beam||[still]\n|-prepare|p2b: Lunala|Meteor Beam\n|-boost|p2b: Lunala|spa|1\n|-enditem|p2b: Lunala|Power Herb\n|-anim|p2b: Lunala|Meteor Beam|p1a: Chi-Yu\n|-supereffective|p1a: Chi-Yu\n|-damage|p1a: Chi-Yu|0 fnt\n|faint|p1a: Chi-Yu\n|move|p1b: Urshifu|Surging Strikes|p2b: Lunala\n|-resisted|p2b: Lunala\n|-crit|p2b: Lunala\n|-damage|p2b: Lunala|71/100\n|-resisted|p2b: Lunala\n|-crit|p2b: Lunala\n|-damage|p2b: Lunala|59/100\n|-resisted|p2b: Lunala\n|-crit|p2b: Lunala\n|-damage|p2b: Lunala|47/100\n|-hitcount|p2b: Lunala|3\n|\n|upkeep\n|\n|t:|1773587663\n|switch|p1a: Calyrex|Calyrex-Shadow, L50|100/100\n|-ability|p1a: Calyrex|As One\n|-ability|p1a: Calyrex|Unnerve\n|turn|2\n|inactive|sleemo2 has 30 seconds left.\n|inactive|shangenb6 has 30 seconds left.\n|\n|t:|1773587696\n|move|p1a: Calyrex|Protect|p1a: Calyrex\n|-singleturn|p1a: Calyrex|Protect\n|move|p2b: Lunala|Wide Guard|p2b: Lunala\n|-singleturn|p2b: Lunala|Wide Guard\n|move|p1b: Urshifu|Close Combat|p2b: Lunala\n|-damage|p2b: Lunala|0 fnt\n|-unboost|p1b: Urshifu|def|1\n|-unboost|p1b: Urshifu|spd|1\n|faint|p2b: Lunala\n|move|p2a: Raging Bolt|Thunderbolt|p1a: Calyrex\n|-activate|p1a: Calyrex|move: Protect\n|\n|upkeep\n|\n|t:|1773587711\n|switch|p2b: Chi-Yu|Chi-Yu, L50|100/100\n|-ability|p2b: Chi-Yu|Beads of Ruin\n|turn|3\n|\n|t:|1773587725\n|switch|p1a: Whimsicott|Whimsicott, L50, M|100/100\n|move|p1b: Urshifu|Detect|p1b: Urshifu\n|-singleturn|p1b: Urshifu|Protect\n|move|p2a: Raging Bolt|Thunderclap||[still]\n|-fail|p2a: Raging Bolt\n|move|p2b: Chi-Yu|Heat Wave|p1a: Whimsicott|[spread] p1a\n|-activate|p1b: Urshifu|move: Protect\n|-supereffective|p1a: Whimsicott\n|-damage|p1a: Whimsicott|0 fnt\n|faint|p1a: Whimsicott\n|\n|upkeep\n|\n|t:|1773587730\n|switch|p1a: Calyrex|Calyrex-Shadow, L50|100/100\n|-ability|p1a: Calyrex|As One\n|-ability|p1a: Calyrex|Unnerve\n|turn|4\n|\n|t:|1773587753\n|-terastallize|p1a: Calyrex|Ghost\n|move|p2a: Raging Bolt|Thunderclap|p1b: Urshifu\n|-supereffective|p1b: Urshifu\n|-crit|p1b: Urshifu\n|-damage|p1b: Urshifu|0 fnt\n|faint|p1b: Urshifu\n|-damage|p2a: Raging Bolt|91/100|[from] item: Life Orb\n|move|p2b: Chi-Yu|Heat Wave|p1a: Calyrex\n|-damage|p1a: Calyrex|20/100\n|move|p1a: Calyrex|Astral Barrage|p2b: Chi-Yu|[spread] p2a,p2b\n|-resisted|p2b: Chi-Yu\n|-damage|p2a: Raging Bolt|0 fnt\n|-damage|p2b: Chi-Yu|57/100\n|faint|p2a: Raging Bolt\n|-end|p2a: Raging Bolt|Protosynthesis|[silent]\n|-ability|p1a: Calyrex|Grim Neigh|boost\n|-boost|p1a: Calyrex|spa|1\n|\n|upkeep\n|\n|t:|1773587771\n|switch|p2a: Koraidon|Koraidon, L50|100/100\n|-weather|SunnyDay|[from] ability: Orichalcum Pulse|[of] p2a: Koraidon\n|-activate|p2a: Koraidon|Orichalcum Pulse|[source]\n|turn|5\n|\n|t:|1773587789\n|move|p2b: Chi-Yu|Heat Wave|p1a: Calyrex\n|-damage|p1a: Calyrex|0 fnt\n|faint|p1a: Calyrex\n|\n|win|shangenb6\n|raw|sleemo2's rating: 1331 &rarr; <strong>1312</strong><br />(-19 for losing)\n|raw|shangenb6's rating: 1340 &rarr; <strong>1359</strong><br />(+19 for winning)\n|l|\u2606sleemo2\n|player|p1|\n","uploadtime":1773587799,"views":15,"formatid":"gen9vgc2026regi","rating":1312,"private":0,"password":null}